{"id":"gen9ou-1992398792","p1":"LuichoX","p2":"Howard Subwoofer","format":"[Gen 9] OU","log":"|j|\u2606LuichoX\n|j|\u2606Howard Subwoofer\n|t:|1700182995\n|gametype|singles\n|player|p1|LuichoX|candice|\n|player|p2|Howard Subwoofer|blaine|\n|teamsize|p1|6\n|teamsize|p2|6\n|gen|9\n|tier|[Gen 9] OU\n|rule|Sleep Clause Mod: Limit one foe put to sleep\n|rule|Species Clause: Limit one of each Pok\u00e9mon\n|rule|OHKO Clause: OHKO moves are banned\n|rule|Evasion Items Clause: Evasion items are banned\n|rule|Evasion Moves Clause: Evasion moves are banned\n|rule|Endless Battle Clause: Forcing endless battles is banned\n|rule|HP Percentage Mod: HP is shown in percentages\n|clearpoke\n|poke|p1|Quagsire, F|\n|poke|p1|Grumpig, M|\n|poke|p1|Sandy Shocks|\n|poke|p1|Pyroar, F|\n|poke|p1|Tyranitar, F|\n|poke|p1|Munkidori, M|\n|poke|p2|Dragonite, M|\n|poke|p2|Fezandipiti, M|\n|poke|p2|Iron Hands|\n|poke|p2|Tinkaton, F|\n|poke|p2|Diancie|\n|poke|p2|Wo-Chien|\n|teampreview\n|inactive|Battle timer is ON: inactive players will automatically lose when time's up. (requested by LuichoX)\n|j| edicts\n|j| lumpfren\n|inactive|LuichoX has 270 seconds left.\n|\n|t:|1700183045\n|start\n|switch|p1a: Quagsire|Quagsire, F|100\/100\n|switch|p2a: Curious|Tinkaton, F, shiny|100\/100\n|-ability|p2a: Curious|Mold Breaker\n|turn|1\n|\n|t:|1700183068\n|move|p2a: Curious|Knock Off|p1a: Quagsire\n|-damage|p1a: Quagsire|88\/100\n|-enditem|p1a: Quagsire|Leftovers|[from] move: Knock Off|[of] p2a: Curious\n|move|p1a: Quagsire|Earthquake|p2a: Curious\n|-supereffective|p2a: Curious\n|-damage|p2a: Curious|33\/100\n|\n|-heal|p2a: Curious|39\/100|[from] item: Leftovers\n|upkeep\n|turn|2\n|\n|t:|1700183082\n|move|p2a: Curious|Reflect|p2a: Curious\n|-sidestart|p2: Howard Subwoofer|Reflect\n|move|p1a: Quagsire|Spikes|p2a: Curious\n|-sidestart|p2: Howard Subwoofer|Spikes\n|\n|-heal|p2a: Curious|45\/100|[from] item: Leftovers\n|upkeep\n|turn|3\n|\n|t:|1700183092\n|move|p2a: Curious|Stealth Rock|p1a: Quagsire\n|-sidestart|p1: LuichoX|move: Stealth Rock\n|move|p1a: Quagsire|Earthquake|p2a: Curious\n|-supereffective|p2a: Curious\n|-damage|p2a: Curious|14\/100\n|\n|-heal|p2a: Curious|20\/100|[from] item: Leftovers\n|upkeep\n|turn|4\n|j| napg0d\n|\n|t:|1700183102\n|move|p2a: Curious|Gigaton Hammer|p1a: Quagsire\n|-resisted|p1a: Quagsire\n|-damage|p1a: Quagsire|72\/100\n|move|p1a: Quagsire|Earthquake|p2a: Curious\n|-supereffective|p2a: Curious\n|-damage|p2a: Curious|0 fnt\n|faint|p2a: Curious\n|\n|upkeep\n|\n|t:|1700183116\n|switch|p2a: Bush|Wo-Chien|100\/100\n|-damage|p2a: Bush|88\/100|[from] Spikes\n|-ability|p2a: Bush|Tablets of Ruin\n|turn|5\n|c| napg0d|who put the timer on\n|c|\u2606LuichoX|i have it on by default\n|c| napg0d|reported\n|inactive|Howard Subwoofer has 270 seconds left.\n|\n|t:|1700183143\n|switch|p1a: Pyroar|Pyroar, F|100\/100\n|-ability|p1a: Pyroar|Unnerve\n|move|p2a: Bush|Leech Seed|p1a: Pyroar\n|-start|p1a: Pyroar|move: Leech Seed\n|\n|-heal|p2a: Bush|94\/100|[from] item: Leftovers\n|-damage|p1a: Pyroar|88\/100|[from] Leech Seed|[of] p2a: Bush\n|-heal|p2a: Bush|100\/100|[silent]\n|upkeep\n|turn|6\n|inactive|Howard Subwoofer has 270 seconds left.\n|inactive|LuichoX has 270 seconds left.\n|inactive|Howard Subwoofer has 240 seconds left.\n|\n|t:|1700183185\n|move|p1a: Pyroar|Fire Blast|p2a: Bush\n|-supereffective|p2a: Bush\n|-damage|p2a: Bush|40\/100\n|move|p2a: Bush|Foul Play|p1a: Pyroar\n|-damage|p1a: Pyroar|62\/100\n|\n|-heal|p2a: Bush|46\/100|[from] item: Leftovers\n|-damage|p1a: Pyroar|50\/100|[from] Leech Seed|[of] p2a: Bush\n|-heal|p2a: Bush|56\/100|[silent]\n|-sideend|p2: Howard Subwoofer|Reflect\n|upkeep\n|turn|7\n|inactive|Howard Subwoofer has 240 seconds left.\n|inactive|LuichoX has 240 seconds left.\n|\n|t:|1700183211\n|switch|p1a: Grumpig|Grumpig, M|100\/100\n|-damage|p1a: Grumpig|88\/100|[from] Stealth Rock\n|move|p2a: Bush|Protect||[still]\n|-fail|p2a: Bush\n|\n|-heal|p2a: Bush|62\/100|[from] item: Leftovers\n|upkeep\n|turn|8\n|\n|t:|1700183223\n|move|p1a: Grumpig|Dazzling Gleam|p2a: Bush\n|-supereffective|p2a: Bush\n|-damage|p2a: Bush|42\/100\n|move|p2a: Bush|Leech Seed|p1a: Grumpig\n|-start|p1a: Grumpig|move: Leech Seed\n|\n|-heal|p2a: Bush|48\/100|[from] item: Leftovers\n|-damage|p1a: Grumpig|76\/100|[from] Leech Seed|[of] p2a: Bush\n|-heal|p2a: Bush|60\/100|[silent]\n|upkeep\n|turn|9\n|inactive|Howard Subwoofer has 240 seconds left.\n|\n|t:|1700183246\n|switch|p1a: Munkidori|Munkidori, M|100\/100\n|move|p2a: Bush|Foul Play|p1a: Munkidori\n|-supereffective|p1a: Munkidori\n|-damage|p1a: Munkidori|39\/100\n|\n|-heal|p2a: Bush|66\/100|[from] item: Leftovers\n|upkeep\n|turn|10\n|inactive|LuichoX has 210 seconds left.\n|inactive|Howard Subwoofer has 210 seconds left.\n|inactive|LuichoX has 180 seconds left.\n|\n|t:|1700183298\n|move|p1a: Munkidori|Focus Blast|p2a: Bush|[miss]\n|-miss|p1a: Munkidori|p2a: Bush\n|move|p2a: Bush|Foul Play|p1a: Munkidori\n|-supereffective|p1a: Munkidori\n|-damage|p1a: Munkidori|0 fnt\n|faint|p1a: Munkidori\n|\n|-heal|p2a: Bush|72\/100|[from] item: Leftovers\n|upkeep\n|inactive|LuichoX has 180 seconds left.\n|c|\u2606LuichoX|goat button\n|c| edicts|timer off btw\n|inactiveoff|Battle timer is now OFF.\n|j| poggerwog\n|\n|t:|1700183346\n|switch|p1a: Sandy Shocks|Sandy Shocks|100\/100\n|-damage|p1a: Sandy Shocks|94\/100|[from] Stealth Rock\n|-enditem|p1a: Sandy Shocks|Booster Energy\n|-activate|p1a: Sandy Shocks|ability: Protosynthesis|[fromitem]\n|-start|p1a: Sandy Shocks|protosynthesisspe\n|turn|11\n|\n|t:|1700183374\n|-terastallize|p1a: Sandy Shocks|Ice\n|move|p1a: Sandy Shocks|Tera Blast|p2a: Bush|[anim] Tera Blast Ice\n|-supereffective|p2a: Bush\n|-damage|p2a: Bush|29\/100\n|move|p2a: Bush|Grass Knot|p1a: Sandy Shocks\n|-damage|p1a: Sandy Shocks|61\/100\n|\n|-heal|p2a: Bush|35\/100|[from] item: Leftovers\n|upkeep\n|turn|12\n|\n|t:|1700183412\n|switch|p2a: Washington|Iron Hands, shiny|100\/100\n|-damage|p2a: Washington|88\/100|[from] Spikes\n|-enditem|p2a: Washington|Booster Energy\n|-activate|p2a: Washington|ability: Quark Drive|[fromitem]\n|-start|p2a: Washington|quarkdriveatk\n|move|p1a: Sandy Shocks|Tera Blast|p2a: Washington|[anim] Tera Blast Ice\n|-damage|p2a: Washington|62\/100\n|\n|upkeep\n|turn|13\n|\n|t:|1700183451\n|move|p1a: Sandy Shocks|Volt Switch|p2a: Washington\n|-resisted|p2a: Washington\n|-damage|p2a: Washington|49\/100\n|\n|t:|1700183457\n|-end|p1a: Sandy Shocks|Protosynthesis|[silent]\n|switch|p1a: Grumpig|Grumpig, M|76\/100|[from] Volt Switch\n|-damage|p1a: Grumpig|63\/100|[from] Stealth Rock\n|move|p2a: Washington|Drain Punch|p1a: Grumpig\n|-resisted|p1a: Grumpig\n|-damage|p1a: Grumpig|28\/100\n|-heal|p2a: Washington|63\/100|[from] drain|[of] p1a: Grumpig\n|\n|upkeep\n|turn|14\n|\n|t:|1700183483\n|move|p1a: Grumpig|Psychic|p2a: Washington\n|-supereffective|p2a: Washington\n|-damage|p2a: Washington|14\/100\n|move|p2a: Washington|Drain Punch|p1a: Grumpig\n|-resisted|p1a: Grumpig\n|-damage|p1a: Grumpig|0 fnt\n|-heal|p2a: Washington|24\/100|[from] drain|[of] p1a: Grumpig\n|faint|p1a: Grumpig\n|\n|upkeep\n|c| lumpfren|good work grumpig\n|c|\u2606LuichoX|BIG agent\n|c| poggerwog|our hero\n|\n|t:|1700183510\n|switch|p1a: Pyroar|Pyroar, F|50\/100\n|-ability|p1a: Pyroar|Unnerve\n|turn|15\n|c|\u2606LuichoX|i promised i would bring grumpig\n|\n|t:|1700183526\n|move|p1a: Pyroar|Hyper Voice|p2a: Washington\n|-damage|p2a: Washington|0 fnt\n|faint|p2a: Washington\n|-end|p2a: Washington|Quark Drive|[silent]\n|\n|upkeep\n|c|\u2606LuichoX|and i aint a liar\n|\n|t:|1700183539\n|switch|p2a: R.R.Martin|Diancie|100\/100\n|-damage|p2a: R.R.Martin|88\/100|[from] Spikes\n|turn|16\n|\n|t:|1700183570\n|move|p1a: Pyroar|Will-O-Wisp|p2a: R.R.Martin\n|-status|p2a: R.R.Martin|brn\n|move|p2a: R.R.Martin|Diamond Storm|p1a: Pyroar\n|-supereffective|p1a: Pyroar\n|-damage|p1a: Pyroar|0 fnt\n|faint|p1a: Pyroar\n|\n|-heal|p2a: R.R.Martin|94\/100 brn|[from] item: Leftovers\n|-damage|p2a: R.R.Martin|88\/100 brn|[from] brn\n|upkeep\n|\n|t:|1700183591\n|switch|p1a: Tyranitar|Tyranitar, F|100\/100\n|-damage|p1a: Tyranitar|88\/100|[from] Stealth Rock\n|-weather|Sandstorm|[from] ability: Sand Stream|[of] p1a: Tyranitar\n|turn|17\n|\n|t:|1700183621\n|move|p1a: Tyranitar|Earthquake|p2a: R.R.Martin\n|-supereffective|p2a: R.R.Martin\n|-damage|p2a: R.R.Martin|24\/100 brn\n|move|p2a: R.R.Martin|Draining Kiss|p1a: Tyranitar\n|-supereffective|p1a: Tyranitar\n|-damage|p1a: Tyranitar|70\/100\n|-heal|p2a: R.R.Martin|43\/100 brn|[from] drain|[of] p1a: Tyranitar\n|\n|-weather|Sandstorm|[upkeep]\n|-heal|p1a: Tyranitar|76\/100|[from] item: Leftovers\n|-heal|p2a: R.R.Martin|49\/100 brn|[from] item: Leftovers\n|-damage|p2a: R.R.Martin|43\/100 brn|[from] brn\n|upkeep\n|turn|18\n|\n|t:|1700183672\n|switch|p2a: Bush|Wo-Chien|35\/100\n|-damage|p2a: Bush|23\/100|[from] Spikes\n|-ability|p2a: Bush|Tablets of Ruin\n|move|p1a: Tyranitar|Earthquake|p2a: Bush\n|-resisted|p2a: Bush\n|-damage|p2a: Bush|10\/100\n|\n|-weather|Sandstorm|[upkeep]\n|-damage|p2a: Bush|4\/100|[from] Sandstorm\n|-heal|p1a: Tyranitar|82\/100|[from] item: Leftovers\n|-heal|p2a: Bush|10\/100|[from] item: Leftovers\n|upkeep\n|turn|19\n|\n|t:|1700183688\n|move|p1a: Tyranitar|Earthquake|p2a: Bush\n|-resisted|p2a: Bush\n|-damage|p2a: Bush|0 fnt\n|faint|p2a: Bush\n|\n|-weather|Sandstorm|[upkeep]\n|-heal|p1a: Tyranitar|88\/100|[from] item: Leftovers\n|upkeep\n|\n|t:|1700183710\n|switch|p2a: Costanza|Fezandipiti, M|100\/100\n|turn|20\n|\n|t:|1700183741\n|move|p2a: Costanza|U-turn|p1a: Tyranitar\n|-supereffective|p1a: Tyranitar\n|-damage|p1a: Tyranitar|65\/100\n|\n|t:|1700183744\n|switch|p2a: St.|Dragonite, M|100\/100|[from] U-turn\n|move|p1a: Tyranitar|Stone Edge|p2a: St.\n|-supereffective|p2a: St.\n|-crit|p2a: St.\n|-damage|p2a: St.|5\/100\n|\n|-weather|Sandstorm|[upkeep]\n|-damage|p2a: St.|0 fnt|[from] Sandstorm\n|faint|p2a: St.\n|-heal|p1a: Tyranitar|71\/100|[from] item: Leftovers\n|upkeep\n|\n|t:|1700183760\n|switch|p2a: Costanza|Fezandipiti, M|100\/100\n|turn|21\n|\n|t:|1700183797\n|move|p2a: Costanza|Sludge Bomb|p1a: Tyranitar\n|-resisted|p1a: Tyranitar\n|-damage|p1a: Tyranitar|64\/100\n|-status|p1a: Tyranitar|psn\n|move|p1a: Tyranitar|Stone Edge|p2a: Costanza\n|-damage|p2a: Costanza|40\/100\n|\n|-weather|none\n|-heal|p1a: Tyranitar|70\/100 psn|[from] item: Leftovers\n|-damage|p1a: Tyranitar|58\/100 psn|[from] psn\n|upkeep\n|turn|22\n|\n|t:|1700183813\n|switch|p1a: Quagsire|Quagsire, F|72\/100\n|-damage|p1a: Quagsire|66\/100|[from] Stealth Rock\n|move|p2a: Costanza|U-turn|p1a: Quagsire\n|-damage|p1a: Quagsire|56\/100\n|\n|t:|1700183819\n|switch|p2a: R.R.Martin|Diancie|43\/100 brn|[from] U-turn\n|-damage|p2a: R.R.Martin|30\/100 brn|[from] Spikes\n|\n|-heal|p2a: R.R.Martin|36\/100 brn|[from] item: Leftovers\n|-damage|p2a: R.R.Martin|30\/100 brn|[from] brn\n|upkeep\n|turn|23\n|\n|t:|1700183837\n|move|p2a: R.R.Martin|Draining Kiss|p1a: Quagsire\n|-damage|p1a: Quagsire|36\/100\n|-heal|p2a: R.R.Martin|50\/100 brn|[from] drain|[of] p1a: Quagsire\n|move|p1a: Quagsire|Earthquake|p2a: R.R.Martin\n|-supereffective|p2a: R.R.Martin\n|-damage|p2a: R.R.Martin|5\/100 brn\n|\n|-heal|p2a: R.R.Martin|12\/100 brn|[from] item: Leftovers\n|-damage|p2a: R.R.Martin|5\/100 brn|[from] brn\n|upkeep\n|turn|24\n|\n|t:|1700183852\n|move|p2a: R.R.Martin|Draining Kiss|p1a: Quagsire\n|-crit|p1a: Quagsire\n|-damage|p1a: Quagsire|9\/100\n|-heal|p2a: R.R.Martin|32\/100 brn|[from] drain|[of] p1a: Quagsire\n|move|p1a: Quagsire|Recover|p1a: Quagsire\n|-heal|p1a: Quagsire|59\/100\n|\n|-heal|p2a: R.R.Martin|38\/100 brn|[from] item: Leftovers\n|-damage|p2a: R.R.Martin|32\/100 brn|[from] brn\n|upkeep\n|turn|25\n|\n|t:|1700183883\n|move|p2a: R.R.Martin|Body Press|p1a: Quagsire\n|-damage|p1a: Quagsire|50\/100\n|move|p1a: Quagsire|Earthquake|p2a: R.R.Martin\n|-supereffective|p2a: R.R.Martin\n|-damage|p2a: R.R.Martin|0 fnt\n|faint|p2a: R.R.Martin\n|\n|upkeep\n|\n|t:|1700183891\n|switch|p2a: Costanza|Fezandipiti, M|40\/100\n|turn|26\n|\n|t:|1700183948\n|move|p2a: Costanza|Heat Wave|p1a: Quagsire\n|-resisted|p1a: Quagsire\n|-damage|p1a: Quagsire|38\/100\n|move|p1a: Quagsire|Earthquake|p2a: Costanza\n|-supereffective|p2a: Costanza\n|-damage|p2a: Costanza|0 fnt\n|faint|p2a: Costanza\n|\n|win|LuichoX\n|l| napg0d\n","uploadtime":1700183953,"views":9,"p1id":"luichox","p2id":"howardsubwoofer","formatid":"gen9ou","rating":0,"private":0,"password":""}