{"id":"gen9ou-1993882545","p1":"TeaAndSandwiches","p2":"Bub Testing","format":"[Gen 9] OU","log":"|j|\u2606TeaAndSandwiches\n|j|\u2606Bub Testing\n|t:|1700369607\n|gametype|singles\n|player|p1|TeaAndSandwiches|waitress|1394\n|player|p2|Bub Testing|n|1399\n|teamsize|p1|6\n|teamsize|p2|6\n|gen|9\n|tier|[Gen 9] OU\n|rated|\n|rule|Sleep Clause Mod: Limit one foe put to sleep\n|rule|Species Clause: Limit one of each Pok\u00e9mon\n|rule|OHKO Clause: OHKO moves are banned\n|rule|Evasion Items Clause: Evasion items are banned\n|rule|Evasion Moves Clause: Evasion moves are banned\n|rule|Endless Battle Clause: Forcing endless battles is banned\n|rule|HP Percentage Mod: HP is shown in percentages\n|clearpoke\n|poke|p1|Jirachi|\n|poke|p1|Alomomola, F|\n|poke|p1|Landorus-Therian, M|\n|poke|p1|Manaphy|\n|poke|p1|Cinderace, F|\n|poke|p1|Dragonite, M|\n|poke|p2|Magnezone|\n|poke|p2|Gholdengo|\n|poke|p2|Slowking-Galar, M|\n|poke|p2|Zamazenta-*|\n|poke|p2|Ogerpon-Wellspring, F|\n|poke|p2|Cinderace, M|\n|teampreview\n|\n|t:|1700369632\n|start\n|switch|p1a: Landorus|Landorus-Therian, M|100\/100\n|switch|p2a: Cinderace|Cinderace, M|100\/100\n|-ability|p1a: Landorus|Intimidate|boost\n|-unboost|p2a: Cinderace|atk|1\n|turn|1\n|\n|t:|1700369641\n|move|p2a: Cinderace|U-turn|p1a: Landorus\n|-start|p2a: Cinderace|typechange|Bug|[from] ability: Libero\n|-resisted|p1a: Landorus\n|-damage|p1a: Landorus|87\/100\n|\n|t:|1700369644\n|switch|p2a: Ogerpon|Ogerpon-Wellspring, F|100\/100|[from] U-turn\n|move|p1a: Landorus|Earthquake|p2a: Ogerpon\n|-resisted|p2a: Ogerpon\n|-damage|p2a: Ogerpon|64\/100\n|\n|-heal|p1a: Landorus|93\/100|[from] item: Leftovers\n|upkeep\n|turn|2\n|\n|t:|1700369656\n|switch|p1a: Dragonite|Dragonite, M|100\/100\n|move|p2a: Ogerpon|Ivy Cudgel|p1a: Dragonite|[anim] Ivy Cudgel Water\n|-resisted|p1a: Dragonite\n|-damage|p1a: Dragonite|84\/100\n|\n|upkeep\n|turn|3\n|inactive|Battle timer is ON: inactive players will automatically lose when time's up. (requested by Bub Testing)\n|\n|t:|1700369671\n|switch|p2a: Zamazenta|Zamazenta|100\/100\n|-ability|p2a: Zamazenta|Dauntless Shield|boost\n|-boost|p2a: Zamazenta|def|1\n|move|p1a: Dragonite|Earthquake|p2a: Zamazenta\n|-damage|p2a: Zamazenta|78\/100\n|\n|upkeep\n|turn|4\n|\n|t:|1700369685\n|switch|p1a: Landorus|Landorus-Therian, M|93\/100\n|-ability|p1a: Landorus|Intimidate|boost\n|-unboost|p2a: Zamazenta|atk|1\n|-enditem|p2a: Zamazenta|Eject Pack\n|\n|t:|1700369690\n|switch|p2a: Ogerpon|Ogerpon-Wellspring, F|64\/100\n|\n|-heal|p1a: Landorus|99\/100|[from] item: Leftovers\n|upkeep\n|turn|5\n|\n|t:|1700369699\n|-terastallize|p1a: Landorus|Water\n|move|p2a: Ogerpon|Ivy Cudgel|p1a: Landorus|[anim] Ivy Cudgel Water\n|-resisted|p1a: Landorus\n|-crit|p1a: Landorus\n|-damage|p1a: Landorus|44\/100\n|move|p1a: Landorus|U-turn|p2a: Ogerpon\n|-supereffective|p2a: Ogerpon\n|-damage|p2a: Ogerpon|0 fnt\n|faint|p2a: Ogerpon\n|\n|t:|1700369708\n|switch|p1a: Jirachi|Jirachi|100\/100|[from] U-turn\n|\n|upkeep\n|\n|t:|1700369712\n|switch|p2a: Cinderace|Cinderace, M|100\/100\n|turn|6\n|\n|t:|1700369718\n|switch|p1a: Alomomola|Alomomola, F|100\/100\n|move|p2a: Cinderace|U-turn|p1a: Alomomola\n|-start|p2a: Cinderace|typechange|Bug|[from] ability: Libero\n|-damage|p1a: Alomomola|81\/100\n|\n|t:|1700369720\n|switch|p2a: Magnezone|Magnezone|100\/100|[from] U-turn\n|\n|upkeep\n|turn|7\n|\n|t:|1700369731\n|move|p1a: Alomomola|Protect|p1a: Alomomola\n|-singleturn|p1a: Alomomola|Protect\n|move|p2a: Magnezone|Volt Switch|p1a: Alomomola\n|-activate|p1a: Alomomola|move: Protect\n|\n|upkeep\n|turn|8\n|\n|t:|1700369739\n|switch|p1a: Jirachi|Jirachi|100\/100\n|move|p2a: Magnezone|Thunderbolt|p1a: Jirachi\n|-damage|p1a: Jirachi|49\/100\n|\n|-heal|p1a: Jirachi|55\/100|[from] item: Leftovers\n|upkeep\n|turn|9\n|\n|t:|1700369749\n|move|p1a: Jirachi|Future Sight|p2a: Magnezone\n|-start|p1a: Jirachi|move: Future Sight\n|move|p2a: Magnezone|Volt Switch|p1a: Jirachi\n|-damage|p1a: Jirachi|20\/100\n|\n|t:|1700369752\n|switch|p2a: Cinderace|Cinderace, M|100\/100|[from] Volt Switch\n|\n|-heal|p1a: Jirachi|26\/100|[from] item: Leftovers\n|upkeep\n|turn|10\n|\n|t:|1700369758\n|move|p2a: Cinderace|U-turn|p1a: Jirachi\n|-start|p2a: Cinderace|typechange|Bug|[from] ability: Libero\n|-damage|p1a: Jirachi|0 fnt\n|faint|p1a: Jirachi\n|\n|t:|1700369763\n|switch|p2a: Gholdengo|Gholdengo|100\/100|[from] U-turn\n|\n|upkeep\n|\n|t:|1700369768\n|switch|p1a: Manaphy|Manaphy|100\/100\n|turn|11\n|\n|t:|1700369776\n|move|p1a: Manaphy|Tail Glow|p1a: Manaphy\n|-boost|p1a: Manaphy|spa|3\n|move|p2a: Gholdengo|Nasty Plot|p2a: Gholdengo\n|-boost|p2a: Gholdengo|spa|2\n|\n|-end|p2a: Gholdengo|move: Future Sight\n|-resisted|p2a: Gholdengo\n|-damage|p2a: Gholdengo|75\/100\n|upkeep\n|turn|12\n|\n|t:|1700369785\n|move|p1a: Manaphy|Surf|p2a: Gholdengo\n|-damage|p2a: Gholdengo|0 fnt\n|faint|p2a: Gholdengo\n|\n|upkeep\n|\n|t:|1700369791\n|switch|p2a: Zamazenta|Zamazenta|78\/100\n|turn|13\n|\n|t:|1700369795\n|move|p2a: Zamazenta|Close Combat|p1a: Manaphy\n|-damage|p1a: Manaphy|45\/100\n|-unboost|p2a: Zamazenta|def|1\n|-unboost|p2a: Zamazenta|spd|1\n|move|p1a: Manaphy|Surf|p2a: Zamazenta\n|-damage|p2a: Zamazenta|0 fnt\n|faint|p2a: Zamazenta\n|\n|-heal|p1a: Manaphy|51\/100|[from] item: Leftovers\n|upkeep\n|\n|t:|1700369798\n|switch|p2a: Cinderace|Cinderace, M|100\/100\n|turn|14\n|\n|t:|1700369809\n|move|p2a: Cinderace|High Jump Kick|p1a: Manaphy\n|-start|p2a: Cinderace|typechange|Fighting|[from] ability: Libero\n|-damage|p1a: Manaphy|0 fnt\n|faint|p1a: Manaphy\n|\n|upkeep\n|\n|t:|1700369816\n|switch|p1a: Landorus|Landorus-Therian, M, tera:Water|44\/100\n|-ability|p1a: Landorus|Intimidate|boost\n|-unboost|p2a: Cinderace|atk|1\n|turn|15\n|\n|t:|1700369824\n|move|p2a: Cinderace|High Jump Kick|p1a: Landorus|[miss]\n|-miss|p2a: Cinderace|p1a: Landorus\n|-damage|p2a: Cinderace|51\/100|[from] highjumpkick\n|move|p1a: Landorus|Earthquake|p2a: Cinderace\n|-damage|p2a: Cinderace|0 fnt\n|faint|p2a: Cinderace\n|\n|-heal|p1a: Landorus|50\/100|[from] item: Leftovers\n|upkeep\n|c|\u2606Bub Testing|come the fuck on bro\n|\n|t:|1700369829\n|switch|p2a: Magnezone|Magnezone|100\/100\n|turn|16\n|\n|t:|1700369837\n|-terastallize|p2a: Magnezone|Flying\n|move|p1a: Landorus|U-turn|p2a: Magnezone\n|-resisted|p2a: Magnezone\n|-damage|p2a: Magnezone|88\/100\n|\n|t:|1700369843\n|switch|p1a: Dragonite|Dragonite, M|84\/100|[from] U-turn\n|move|p2a: Magnezone|Iron Defense|p2a: Magnezone\n|-boost|p2a: Magnezone|def|2\n|\n|upkeep\n|turn|17\n|\n|t:|1700369851\n|move|p1a: Dragonite|Encore|p2a: Magnezone\n|-start|p2a: Magnezone|Encore\n|move|p2a: Magnezone|Iron Defense|p2a: Magnezone\n|-boost|p2a: Magnezone|def|2\n|\n|upkeep\n|turn|18\n|n|!Bub Testing|bubtesting\n|\n|t:|1700369863\n|switch|p2a: Slowking|Slowking-Galar, M|100\/100\n|move|p1a: Dragonite|Dragon Dance|p1a: Dragonite\n|-boost|p1a: Dragonite|atk|1\n|-boost|p1a: Dragonite|spe|1\n|\n|upkeep\n|turn|19\n|\n|t:|1700369870\n|move|p1a: Dragonite|Earthquake|p2a: Slowking\n|-supereffective|p2a: Slowking\n|-damage|p2a: Slowking|0 fnt\n|faint|p2a: Slowking\n|\n|upkeep\n|\n|t:|1700369872\n|switch|p2a: Magnezone|Magnezone, tera:Flying|88\/100\n|turn|20\n|\n|t:|1700369877\n|move|p1a: Dragonite|Extreme Speed|p2a: Magnezone\n|-damage|p2a: Magnezone|42\/100\n|-enditem|p2a: Magnezone|Sitrus Berry|[eat]\n|-heal|p2a: Magnezone|66\/100|[from] item: Sitrus Berry\n|move|p2a: Magnezone|Thunderbolt|p1a: Dragonite\n|-damage|p1a: Dragonite|36\/100\n|\n|upkeep\n|turn|21\n|\n|t:|1700369885\n|move|p1a: Dragonite|Extreme Speed|p2a: Magnezone\n|-damage|p2a: Magnezone|18\/100\n|move|p2a: Magnezone|Thunderbolt|p1a: Dragonite\n|-damage|p1a: Dragonite|0 fnt\n|faint|p1a: Dragonite\n|\n|upkeep\n|\n|t:|1700369894\n|switch|p1a: Cinderace|Cinderace, F|100\/100\n|turn|22\n|\n|t:|1700369898\n|move|p1a: Cinderace|Pyro Ball|p2a: Magnezone\n|-damage|p2a: Magnezone|0 fnt\n|faint|p2a: Magnezone\n|\n|win|TeaAndSandwiches\n|raw|TeaAndSandwiches's rating: 1394 &rarr; <strong>1414<\/strong><br \/>(+20 for winning)\n|raw|Bub Testing's rating: 1399 &rarr; <strong>1379<\/strong><br \/>(-20 for losing)\n","uploadtime":1700369862,"views":12,"p1id":"teaandsandwiches","p2id":"bubtesting","formatid":"gen9ou","rating":1379,"private":0,"password":""}