{"id":"gen9ou-1997805392","p1":"hhet","p2":"Alexagide","format":"[Gen 9] OU","log":"|j|\u2606hhet\n|j|\u2606Alexagide\n|t:|1700854615\n|gametype|singles\n|player|p1|hhet|cynthia-gen4|1305\n|player|p2|Alexagide|waitress|1313\n|teamsize|p1|6\n|teamsize|p2|6\n|gen|9\n|tier|[Gen 9] OU\n|rated|\n|rule|Sleep Clause Mod: Limit one foe put to sleep\n|rule|Species Clause: Limit one of each Pok\u00e9mon\n|rule|OHKO Clause: OHKO moves are banned\n|rule|Evasion Items Clause: Evasion items are banned\n|rule|Evasion Moves Clause: Evasion moves are banned\n|rule|Endless Battle Clause: Forcing endless battles is banned\n|rule|HP Percentage Mod: HP is shown in percentages\n|clearpoke\n|poke|p1|Gholdengo|\n|poke|p1|Ribombee, M|\n|poke|p1|Iron Valiant|\n|poke|p1|Kingambit, F|\n|poke|p1|Iron Moth|\n|poke|p1|Dragonite, M|\n|poke|p2|Ogerpon-Wellspring, F|\n|poke|p2|Great Tusk|\n|poke|p2|Gholdengo|\n|poke|p2|Enamorus, F|\n|poke|p2|Samurott-Hisui, F|\n|poke|p2|Amoonguss, M|\n|teampreview\n|\n|t:|1700854629\n|start\n|switch|p1a: Ribombee|Ribombee, M|100\/100\n|switch|p2a: Amoonguss|Amoonguss, M|100\/100\n|turn|1\n|\n|t:|1700854632\n|move|p1a: Ribombee|Sticky Web|p2a: Amoonguss\n|-sidestart|p2: Alexagide|move: Sticky Web\n|move|p2a: Amoonguss|Sludge Bomb|p1a: Ribombee\n|-supereffective|p1a: Ribombee\n|-damage|p1a: Ribombee|6\/100\n|\n|upkeep\n|turn|2\n|\n|t:|1700854643\n|move|p1a: Ribombee|Psychic|p2a: Amoonguss\n|-supereffective|p2a: Amoonguss\n|-damage|p2a: Amoonguss|69\/100\n|move|p2a: Amoonguss|Foul Play|p1a: Ribombee\n|-resisted|p1a: Ribombee\n|-damage|p1a: Ribombee|0 fnt\n|faint|p1a: Ribombee\n|\n|upkeep\n|\n|t:|1700854650\n|switch|p1a: Iron Moth|Iron Moth|100\/100\n|-enditem|p1a: Iron Moth|Booster Energy\n|-activate|p1a: Iron Moth|ability: Quark Drive|[fromitem]\n|-start|p1a: Iron Moth|quarkdrivespe\n|turn|3\n|\n|t:|1700854666\n|-terastallize|p2a: Amoonguss|Water\n|move|p1a: Iron Moth|Substitute|p1a: Iron Moth\n|-start|p1a: Iron Moth|Substitute\n|-damage|p1a: Iron Moth|76\/100\n|move|p2a: Amoonguss|Spore||[still]\n|-fail|p2a: Amoonguss\n|\n|upkeep\n|turn|4\n|\n|t:|1700854683\n|move|p1a: Iron Moth|Fiery Dance|p2a: Amoonguss\n|-resisted|p2a: Amoonguss\n|-damage|p2a: Amoonguss|57\/100\n|-boost|p1a: Iron Moth|spa|1\n|move|p2a: Amoonguss|Foul Play|p1a: Iron Moth\n|-crit|p1a: Iron Moth\n|-end|p1a: Iron Moth|Substitute\n|\n|upkeep\n|turn|5\n|\n|t:|1700854693\n|move|p1a: Iron Moth|Substitute|p1a: Iron Moth\n|-start|p1a: Iron Moth|Substitute\n|-damage|p1a: Iron Moth|51\/100\n|move|p2a: Amoonguss|Foul Play|p1a: Iron Moth\n|-activate|p1a: Iron Moth|move: Substitute|[damage]\n|\n|upkeep\n|turn|6\n|\n|t:|1700854703\n|move|p1a: Iron Moth|Energy Ball|p2a: Amoonguss\n|-supereffective|p2a: Amoonguss\n|-damage|p2a: Amoonguss|0 fnt\n|faint|p2a: Amoonguss\n|\n|upkeep\n|\n|t:|1700854721\n|switch|p2a: Great Tusk|Great Tusk|100\/100\n|-activate|p2a: Great Tusk|move: Sticky Web\n|-unboost|p2a: Great Tusk|spe|1\n|turn|7\n|\n|t:|1700854748\n|move|p1a: Iron Moth|Energy Ball|p2a: Great Tusk\n|-supereffective|p2a: Great Tusk\n|-crit|p2a: Great Tusk\n|-damage|p2a: Great Tusk|0 fnt\n|faint|p2a: Great Tusk\n|-end|p2a: Great Tusk|Protosynthesis|[silent]\n|\n|upkeep\n|-message|Alexagide forfeited.\n|\n|win|hhet\n|raw|hhet's rating: 1305 &rarr; <strong>1325<\/strong><br \/>(+20 for winning)\n|raw|Alexagide's rating: 1313 &rarr; <strong>1293<\/strong><br \/>(-20 for losing)\n|l|\u2606Alexagide\n","uploadtime":1700854757,"views":4,"p1id":"hhet","p2id":"alexagide","formatid":"gen9ou","rating":1293,"private":0,"password":""}