{"id":"gen9ou-1996290661","p1":"lucascarneiro","p2":"Deriverse","format":"[Gen 9] OU","log":"|j|\u2606lucascarneiro\n|j|\u2606Deriverse\n|t:|1700668035\n|gametype|singles\n|player|p1|lucascarneiro|2|1375\n|player|p2|Deriverse|fantina|1412\n|teamsize|p1|6\n|teamsize|p2|6\n|gen|9\n|tier|[Gen 9] OU\n|rated|\n|rule|Sleep Clause Mod: Limit one foe put to sleep\n|rule|Species Clause: Limit one of each Pok\u00e9mon\n|rule|OHKO Clause: OHKO moves are banned\n|rule|Evasion Items Clause: Evasion items are banned\n|rule|Evasion Moves Clause: Evasion moves are banned\n|rule|Endless Battle Clause: Forcing endless battles is banned\n|rule|HP Percentage Mod: HP is shown in percentages\n|clearpoke\n|poke|p1|Zarude|\n|poke|p1|Ribombee, M|\n|poke|p1|Gholdengo|\n|poke|p1|Great Tusk|\n|poke|p1|Indeedee, M|\n|poke|p1|Glimmora, M|\n|poke|p2|Skeledirge, F|\n|poke|p2|Grimmsnarl, M|\n|poke|p2|Alomomola, M|\n|poke|p2|Great Tusk|\n|poke|p2|Sinistcha|\n|poke|p2|Kingambit, F|\n|teampreview\n|inactive|Battle timer is ON: inactive players will automatically lose when time's up. (requested by Deriverse)\n|\n|t:|1700668046\n|start\n|switch|p1a: Indeedee|Indeedee, M|100\/100\n|switch|p2a: Grimmsnarl|Grimmsnarl, M|100\/100\n|-fieldstart|move: Psychic Terrain|[from] ability: Psychic Surge|[of] p1a: Indeedee\n|turn|1\n|\n|t:|1700668055\n|switch|p1a: Ribombee|Ribombee, M|100\/100\n|move|p2a: Grimmsnarl|Light Screen|p2a: Grimmsnarl\n|-sidestart|p2: Deriverse|move: Light Screen\n|\n|upkeep\n|turn|2\n|l|\u2606Deriverse\n|inactive|Deriverse disconnected and has a minute to reconnect!\n|player|p2|\n|j|\u2606Deriverse\n|inactive|Deriverse reconnected and has 120 seconds left.\n|player|p2|Deriverse|fantina\n|\n|t:|1700668094\n|switch|p2a: Skeledirge|Skeledirge, F|100\/100\n|move|p1a: Ribombee|Sticky Web|p2a: Skeledirge\n|-sidestart|p2: Deriverse|move: Sticky Web\n|\n|upkeep\n|turn|3\n|\n|t:|1700668100\n|move|p1a: Ribombee|Stun Spore|p2a: Skeledirge\n|-status|p2a: Skeledirge|par\n|move|p2a: Skeledirge|Torch Song|p1a: Ribombee\n|-supereffective|p1a: Ribombee\n|-damage|p1a: Ribombee|20\/100\n|-boost|p2a: Skeledirge|spa|1\n|\n|upkeep\n|turn|4\n|\n|t:|1700668107\n|move|p1a: Ribombee|U-turn|p2a: Skeledirge\n|-resisted|p2a: Skeledirge\n|-damage|p2a: Skeledirge|99\/100 par\n|\n|t:|1700668110\n|switch|p1a: Glimmora|Glimmora, M|100\/100|[from] U-turn\n|move|p2a: Skeledirge|Torch Song|p1a: Glimmora\n|-resisted|p1a: Glimmora\n|-crit|p1a: Glimmora\n|-damage|p1a: Glimmora|55\/100\n|-boost|p2a: Skeledirge|spa|1\n|\n|upkeep\n|turn|5\n|\n|t:|1700668118\n|move|p1a: Glimmora|Power Gem|p2a: Skeledirge\n|-supereffective|p2a: Skeledirge\n|-damage|p2a: Skeledirge|28\/100 par\n|move|p2a: Skeledirge|Shadow Ball|p1a: Glimmora\n|-damage|p1a: Glimmora|0 fnt\n|faint|p1a: Glimmora\n|\n|-fieldend|move: Psychic Terrain\n|upkeep\n|\n|t:|1700668136\n|switch|p1a: Great Tusk|Great Tusk|100\/100\n|-enditem|p1a: Great Tusk|Booster Energy\n|-activate|p1a: Great Tusk|ability: Protosynthesis|[fromitem]\n|-start|p1a: Great Tusk|protosynthesisatk\n|turn|6\n|\n|t:|1700668144\n|switch|p2a: Alomomola|Alomomola, M|100\/100\n|-activate|p2a: Alomomola|move: Sticky Web\n|-unboost|p2a: Alomomola|spe|1\n|move|p1a: Great Tusk|Headlong Rush|p2a: Alomomola\n|-damage|p2a: Alomomola|50\/100\n|-unboost|p1a: Great Tusk|def|1\n|-unboost|p1a: Great Tusk|spd|1\n|-enditem|p2a: Alomomola|Red Card|[of] p1a: Great Tusk\n|-end|p1a: Great Tusk|Protosynthesis|[silent]\n|drag|p1a: Gholdengo|Gholdengo|100\/100\n|-item|p1a: Gholdengo|Air Balloon\n|\n|upkeep\n|turn|7\n|\n|t:|1700668156\n|move|p1a: Gholdengo|Nasty Plot|p1a: Gholdengo\n|-boost|p1a: Gholdengo|spa|2\n|move|p2a: Alomomola|Flip Turn|p1a: Gholdengo\n|-damage|p1a: Gholdengo|77\/100\n|-enditem|p1a: Gholdengo|Air Balloon\n|\n|t:|1700668177\n|switch|p2a: Great Tusk|Great Tusk|100\/100|[from] Flip Turn\n|-activate|p2a: Great Tusk|move: Sticky Web\n|-unboost|p2a: Great Tusk|spe|1\n|\n|upkeep\n|turn|8\n|\n|t:|1700668182\n|move|p1a: Gholdengo|Make It Rain|p2a: Great Tusk\n|-damage|p2a: Great Tusk|16\/100\n|-unboost|p1a: Gholdengo|spa|1\n|move|p2a: Great Tusk|Headlong Rush|p1a: Gholdengo\n|-supereffective|p1a: Gholdengo\n|-damage|p1a: Gholdengo|0 fnt\n|-unboost|p2a: Great Tusk|def|1\n|-unboost|p2a: Great Tusk|spd|1\n|faint|p1a: Gholdengo\n|\n|-heal|p2a: Great Tusk|22\/100|[from] item: Leftovers\n|-sideend|p2: Deriverse|move: Light Screen\n|upkeep\n|\n|t:|1700668195\n|switch|p1a: Indeedee|Indeedee, M|100\/100\n|-fieldstart|move: Psychic Terrain|[from] ability: Psychic Surge|[of] p1a: Indeedee\n|turn|9\n|\n|t:|1700668199\n|-end|p2a: Great Tusk|Protosynthesis|[silent]\n|switch|p2a: Grimmsnarl|Grimmsnarl, M|100\/100\n|-activate|p2a: Grimmsnarl|move: Sticky Web\n|-unboost|p2a: Grimmsnarl|spe|1\n|move|p1a: Indeedee|Dazzling Gleam|p2a: Grimmsnarl\n|-supereffective|p2a: Grimmsnarl\n|-damage|p2a: Grimmsnarl|64\/100\n|\n|upkeep\n|turn|10\n|\n|t:|1700668210\n|switch|p1a: Ribombee|Ribombee, M|20\/100\n|move|p2a: Grimmsnarl|Light Screen|p2a: Grimmsnarl\n|-sidestart|p2: Deriverse|move: Light Screen\n|\n|upkeep\n|turn|11\n|\n|t:|1700668217\n|move|p2a: Grimmsnarl|Reflect|p2a: Grimmsnarl\n|-sidestart|p2: Deriverse|Reflect\n|move|p1a: Ribombee|Moonblast|p2a: Grimmsnarl\n|-supereffective|p2a: Grimmsnarl\n|-damage|p2a: Grimmsnarl|43\/100\n|\n|upkeep\n|turn|12\n|\n|t:|1700668222\n|switch|p2a: Skeledirge|Skeledirge, F|28\/100 par\n|move|p1a: Ribombee|Moonblast|p2a: Skeledirge\n|-resisted|p2a: Skeledirge\n|-damage|p2a: Skeledirge|20\/100 par\n|-unboost|p2a: Skeledirge|spa|1\n|\n|upkeep\n|turn|13\n|\n|t:|1700668237\n|switch|p1a: Zarude|Zarude|100\/100\n|-enditem|p1a: Zarude|Psychic Seed\n|-boost|p1a: Zarude|spd|1|[from] item: Psychic Seed\n|move|p2a: Skeledirge|Slack Off|p2a: Skeledirge\n|-heal|p2a: Skeledirge|70\/100 par\n|\n|-fieldend|move: Psychic Terrain\n|upkeep\n|turn|14\n|\n|t:|1700668246\n|move|p1a: Zarude|Knock Off|p2a: Skeledirge\n|-supereffective|p2a: Skeledirge\n|-damage|p2a: Skeledirge|39\/100 par\n|-enditem|p2a: Skeledirge|Heavy-Duty Boots|[from] move: Knock Off|[of] p1a: Zarude\n|cant|p2a: Skeledirge|par\n|\n|upkeep\n|turn|15\n|\n|t:|1700668252\n|move|p1a: Zarude|Knock Off|p2a: Skeledirge\n|-supereffective|p2a: Skeledirge\n|-damage|p2a: Skeledirge|20\/100 par\n|move|p2a: Skeledirge|Slack Off|p2a: Skeledirge\n|-heal|p2a: Skeledirge|70\/100 par\n|\n|upkeep\n|turn|16\n|\n|t:|1700668258\n|move|p1a: Zarude|Knock Off|p2a: Skeledirge\n|-supereffective|p2a: Skeledirge\n|-damage|p2a: Skeledirge|51\/100 par\n|move|p2a: Skeledirge|Will-O-Wisp|p1a: Zarude\n|-status|p1a: Zarude|brn\n|\n|-damage|p1a: Zarude|95\/100 brn|[from] brn\n|upkeep\n|turn|17\n|-message|lucascarneiro forfeited.\n|\n|win|Deriverse\n|raw|lucascarneiro's rating: 1375 &rarr; <strong>1357<\/strong><br \/>(-18 for losing)\n|raw|Deriverse's rating: 1412 &rarr; <strong>1430<\/strong><br \/>(+18 for winning)\n|l|\u2606lucascarneiro\n|l|\u2606Deriverse\n|j|\u2606Deriverse\n|player|p2|Deriverse|fantina\n","uploadtime":1700668324,"views":1,"p1id":"lucascarneiro","p2id":"deriverse","formatid":"gen9ou","rating":1357,"private":0,"password":""}