{"id":"gen9ou-1991424706","p1":"rectreemz","p2":"demonight94","format":"[Gen 9] OU","log":"|j|\u2606rectreemz\n|j|\u2606demonight94\n|t:|1700075991\n|gametype|singles\n|player|p1|rectreemz|266|1325\n|player|p2|demonight94|benga|1269\n|teamsize|p1|6\n|teamsize|p2|6\n|gen|9\n|tier|[Gen 9] OU\n|rated|\n|rule|Sleep Clause Mod: Limit one foe put to sleep\n|rule|Species Clause: Limit one of each Pok\u00e9mon\n|rule|OHKO Clause: OHKO moves are banned\n|rule|Evasion Items Clause: Evasion items are banned\n|rule|Evasion Moves Clause: Evasion moves are banned\n|rule|Endless Battle Clause: Forcing endless battles is banned\n|rule|HP Percentage Mod: HP is shown in percentages\n|clearpoke\n|poke|p1|Ogerpon, F|\n|poke|p1|Sneasler, F|\n|poke|p1|Rillaboom, F|\n|poke|p1|Ribombee, F|\n|poke|p1|Iron Moth|\n|poke|p1|Great Tusk|\n|poke|p2|Thundurus-Therian, M|\n|poke|p2|Dragonite, M|\n|poke|p2|Clodsire, M|\n|poke|p2|Zamazenta-*|\n|poke|p2|Samurott-Hisui, F|\n|poke|p2|Noivern, F|\n|teampreview\n|inactive|Battle timer is ON: inactive players will automatically lose when time's up. (requested by rectreemz)\n|\n|t:|1700076008\n|start\n|switch|p1a: Ribombee|Ribombee, F|100\/100\n|switch|p2a: Clodsire|Clodsire, M|100\/100\n|turn|1\n|\n|t:|1700076022\n|move|p1a: Ribombee|Sticky Web|p2a: Clodsire\n|-sidestart|p2: demonight94|move: Sticky Web\n|move|p2a: Clodsire|Toxic|p1a: Ribombee\n|-status|p1a: Ribombee|tox\n|\n|-damage|p1a: Ribombee|94\/100 tox|[from] psn\n|upkeep\n|turn|2\n|\n|t:|1700076028\n|move|p1a: Ribombee|Stun Spore|p2a: Clodsire\n|-status|p2a: Clodsire|par\n|move|p2a: Clodsire|Curse|p2a: Clodsire\n|-unboost|p2a: Clodsire|spe|1\n|-boost|p2a: Clodsire|atk|1\n|-boost|p2a: Clodsire|def|1\n|\n|-damage|p1a: Ribombee|82\/100 tox|[from] psn\n|upkeep\n|turn|3\n|\n|t:|1700076035\n|switch|p1a: Ogerpon|Ogerpon, F|100\/100\n|move|p2a: Clodsire|Curse|p2a: Clodsire\n|-unboost|p2a: Clodsire|spe|1\n|-boost|p2a: Clodsire|atk|1\n|-boost|p2a: Clodsire|def|1\n|\n|upkeep\n|turn|4\n|\n|t:|1700076043\n|move|p1a: Ogerpon|Encore|p2a: Clodsire\n|-start|p2a: Clodsire|Encore\n|cant|p2a: Clodsire|par\n|\n|upkeep\n|turn|5\n|\n|t:|1700076047\n|move|p1a: Ogerpon|Swords Dance|p1a: Ogerpon\n|-boost|p1a: Ogerpon|atk|2\n|cant|p2a: Clodsire|par\n|\n|upkeep\n|turn|6\n|\n|t:|1700076052\n|move|p1a: Ogerpon|Swords Dance|p1a: Ogerpon\n|-boost|p1a: Ogerpon|atk|2\n|cant|p2a: Clodsire|par\n|\n|-end|p2a: Clodsire|Encore\n|upkeep\n|turn|7\n|\n|t:|1700076059\n|move|p1a: Ogerpon|Encore|p2a: Clodsire\n|-start|p2a: Clodsire|Encore\n|move|p2a: Clodsire|Curse|p2a: Clodsire\n|-unboost|p2a: Clodsire|spe|1\n|-boost|p2a: Clodsire|atk|1\n|-boost|p2a: Clodsire|def|1\n|\n|upkeep\n|turn|8\n|\n|t:|1700076065\n|move|p1a: Ogerpon|Swords Dance|p1a: Ogerpon\n|-boost|p1a: Ogerpon|atk|2\n|cant|p2a: Clodsire|par\n|\n|upkeep\n|turn|9\n|\n|t:|1700076069\n|move|p1a: Ogerpon|Ivy Cudgel|p2a: Clodsire\n|-crit|p2a: Clodsire\n|-damage|p2a: Clodsire|16\/100 par\n|move|p2a: Clodsire|Curse|p2a: Clodsire\n|-unboost|p2a: Clodsire|spe|1\n|-boost|p2a: Clodsire|atk|1\n|-boost|p2a: Clodsire|def|1\n|\n|-heal|p2a: Clodsire|22\/100 par|[from] item: Leftovers\n|-end|p2a: Clodsire|Encore\n|upkeep\n|turn|10\n|\n|t:|1700076079\n|move|p1a: Ogerpon|Ivy Cudgel|p2a: Clodsire\n|-crit|p2a: Clodsire\n|-damage|p2a: Clodsire|0 fnt\n|faint|p2a: Clodsire\n|\n|upkeep\n|\n|t:|1700076084\n|switch|p2a: Thundurus|Thundurus-Therian, M, shiny|100\/100\n|turn|11\n|\n|t:|1700076088\n|-terastallize|p1a: Ogerpon|Grass\n|detailschange|p1a: Ogerpon|Ogerpon-Teal-Tera, F, tera:Grass\n|-ability|p1a: Ogerpon|Embody Aspect (Teal)|boost\n|-boost|p1a: Ogerpon|spe|1\n|move|p1a: Ogerpon|Ivy Cudgel|p2a: Thundurus\n|-resisted|p2a: Thundurus\n|-crit|p2a: Thundurus\n|-damage|p2a: Thundurus|0 fnt\n|faint|p2a: Thundurus\n|\n|upkeep\n|\n|t:|1700076100\n|switch|p2a: Noivern|Noivern, F|100\/100\n|turn|12\n|\n|t:|1700076109\n|move|p1a: Ogerpon|Knock Off|p2a: Noivern\n|-damage|p2a: Noivern|0 fnt\n|-enditem|p2a: Noivern|Choice Scarf|[from] move: Knock Off|[of] p1a: Ogerpon\n|faint|p2a: Noivern\n|\n|upkeep\n|-message|demonight94 forfeited.\n|\n|win|rectreemz\n|raw|rectreemz's rating: 1325 &rarr; <strong>1342<\/strong><br \/>(+17 for winning)\n|raw|demonight94's rating: 1269 &rarr; <strong>1248<\/strong><br \/>(-21 for losing)\n|l|\u2606demonight94\n","uploadtime":1700076122,"views":7,"p1id":"rectreemz","p2id":"demonight94","formatid":"gen9ou","rating":1248,"private":0,"password":""}