{"id":"gen9ou-1990681562","p1":"Damien Leruss","p2":"AfroGhost-_-","format":"[Gen 9] OU","log":"|j|\u2606Damien Leruss\n|j|\u2606AfroGhost-_-\n|t:|1699991322\n|gametype|singles\n|player|p1|Damien Leruss|shauntal|1121\n|player|p2|AfroGhost-_-|101|1046\n|teamsize|p1|6\n|teamsize|p2|6\n|gen|9\n|tier|[Gen 9] OU\n|rated|\n|rule|Sleep Clause Mod: Limit one foe put to sleep\n|rule|Species Clause: Limit one of each Pok\u00e9mon\n|rule|OHKO Clause: OHKO moves are banned\n|rule|Evasion Items Clause: Evasion items are banned\n|rule|Evasion Moves Clause: Evasion moves are banned\n|rule|Endless Battle Clause: Forcing endless battles is banned\n|rule|HP Percentage Mod: HP is shown in percentages\n|clearpoke\n|poke|p1|Dragapult, M|\n|poke|p1|Bellibolt, F|\n|poke|p1|Toxicroak, F|\n|poke|p1|Dunsparce, F|\n|poke|p1|Klefki, F|\n|poke|p1|Arboliva, M|\n|poke|p2|Iron Moth|\n|poke|p2|Pelipper, F|\n|poke|p2|Samurott-Hisui, F|\n|poke|p2|Quaquaval, F|\n|poke|p2|Toxtricity, M|\n|poke|p2|Greninja-*, M|\n|teampreview\n|\n|t:|1699991326\n|start\n|switch|p1a: Dunsparce|Dunsparce, F|100\/100\n|switch|p2a: Pelipper|Pelipper, F|100\/100\n|-weather|RainDance|[from] ability: Drizzle|[of] p2a: Pelipper\n|turn|1\n|\n|t:|1699991334\n|move|p2a: Pelipper|Tailwind|p2a: Pelipper\n|-sidestart|p2: AfroGhost-_-|move: Tailwind\n|move|p1a: Dunsparce|Coil|p1a: Dunsparce\n|-boost|p1a: Dunsparce|atk|1\n|-boost|p1a: Dunsparce|def|1\n|-boost|p1a: Dunsparce|accuracy|1\n|\n|-weather|RainDance|[upkeep]\n|upkeep\n|turn|2\n|\n|t:|1699991345\n|switch|p2a: Samurott|Samurott-Hisui, F|100\/100\n|move|p1a: Dunsparce|Coil|p1a: Dunsparce\n|-boost|p1a: Dunsparce|atk|1\n|-boost|p1a: Dunsparce|def|1\n|-boost|p1a: Dunsparce|accuracy|1\n|\n|-weather|RainDance|[upkeep]\n|upkeep\n|turn|3\n|\n|t:|1699991355\n|move|p2a: Samurott|Ceaseless Edge|p1a: Dunsparce\n|-damage|p1a: Dunsparce|82\/100\n|-sidestart|p1: Damien Leruss|Spikes\n|move|p1a: Dunsparce|Body Slam|p2a: Samurott\n|-damage|p2a: Samurott|40\/100\n|\n|-weather|RainDance|[upkeep]\n|upkeep\n|turn|4\n|\n|t:|1699991364\n|move|p2a: Samurott|Ceaseless Edge|p1a: Dunsparce\n|-damage|p1a: Dunsparce|65\/100\n|-sidestart|p1: Damien Leruss|Spikes\n|move|p1a: Dunsparce|Body Slam|p2a: Samurott\n|-damage|p2a: Samurott|0 fnt\n|faint|p2a: Samurott\n|\n|-weather|RainDance|[upkeep]\n|-sideend|p2: AfroGhost-_-|move: Tailwind\n|upkeep\n|\n|t:|1699991372\n|switch|p2a: Quaquaval|Quaquaval, F|100\/100\n|turn|5\n|\n|t:|1699991380\n|move|p2a: Quaquaval|Swords Dance|p2a: Quaquaval\n|-boost|p2a: Quaquaval|atk|2\n|move|p1a: Dunsparce|Roost|p1a: Dunsparce\n|-heal|p1a: Dunsparce|100\/100\n|-singleturn|p1a: Dunsparce|move: Roost\n|\n|-weather|RainDance|[upkeep]\n|upkeep\n|turn|6\n|\n|t:|1699991389\n|-terastallize|p1a: Dunsparce|Normal\n|move|p2a: Quaquaval|Aqua Step|p1a: Dunsparce\n|-damage|p1a: Dunsparce|51\/100\n|-boost|p2a: Quaquaval|spe|1\n|move|p1a: Dunsparce|Body Slam|p2a: Quaquaval\n|-damage|p2a: Quaquaval|21\/100\n|\n|-weather|RainDance|[upkeep]\n|upkeep\n|turn|7\n|\n|t:|1699991404\n|move|p2a: Quaquaval|Aqua Step|p1a: Dunsparce\n|-damage|p1a: Dunsparce|0 fnt\n|-boost|p2a: Quaquaval|spe|1\n|faint|p1a: Dunsparce\n|-ability|p2a: Quaquaval|Moxie|boost\n|-boost|p2a: Quaquaval|atk|1\n|\n|-weather|RainDance|[upkeep]\n|upkeep\n|\n|t:|1699991412\n|switch|p1a: Klefki|Klefki, F|100\/100\n|-damage|p1a: Klefki|84\/100|[from] Spikes\n|turn|8\n|\n|t:|1699991418\n|move|p1a: Klefki|Thunder Wave|p2a: Quaquaval\n|-status|p2a: Quaquaval|par\n|move|p2a: Quaquaval|Aqua Step|p1a: Klefki\n|-damage|p1a: Klefki|0 fnt\n|-boost|p2a: Quaquaval|spe|1\n|faint|p1a: Klefki\n|-ability|p2a: Quaquaval|Moxie|boost\n|-boost|p2a: Quaquaval|atk|1\n|\n|-weather|none\n|upkeep\n|\n|t:|1699991434\n|switch|p1a: Bellibolt|Bellibolt, F|100\/100\n|-damage|p1a: Bellibolt|84\/100|[from] Spikes\n|turn|9\n|\n|t:|1699991440\n|cant|p2a: Quaquaval|par\n|move|p1a: Bellibolt|Parabolic Charge|p2a: Quaquaval\n|-supereffective|p2a: Quaquaval\n|-damage|p2a: Quaquaval|0 fnt\n|-heal|p1a: Bellibolt|92\/100|[from] drain|[of] p2a: Quaquaval\n|faint|p2a: Quaquaval\n|\n|upkeep\n|\n|t:|1699991445\n|switch|p2a: Pelipper|Pelipper, F|100\/100\n|-weather|RainDance|[from] ability: Drizzle|[of] p2a: Pelipper\n|turn|10\n|\n|t:|1699991450\n|move|p2a: Pelipper|Tailwind|p2a: Pelipper\n|-sidestart|p2: AfroGhost-_-|move: Tailwind\n|move|p1a: Bellibolt|Toxic|p2a: Pelipper\n|-status|p2a: Pelipper|tox\n|\n|-weather|RainDance|[upkeep]\n|-damage|p2a: Pelipper|94\/100 tox|[from] psn\n|upkeep\n|turn|11\n|\n|t:|1699991462\n|switch|p1a: Toxicroak|Toxicroak, F|100\/100\n|-damage|p1a: Toxicroak|84\/100|[from] Spikes\n|move|p2a: Pelipper|Hurricane|p1a: Toxicroak\n|-supereffective|p1a: Toxicroak\n|-damage|p1a: Toxicroak|0 fnt\n|faint|p1a: Toxicroak\n|\n|-weather|RainDance|[upkeep]\n|-damage|p2a: Pelipper|82\/100 tox|[from] psn\n|upkeep\n|\n|t:|1699991469\n|switch|p1a: Dragapult|Dragapult, M|100\/100\n|-damage|p1a: Dragapult|84\/100|[from] Spikes\n|turn|12\n|\n|t:|1699991474\n|move|p1a: Dragapult|Dragon Dance|p1a: Dragapult\n|-boost|p1a: Dragapult|atk|1\n|-boost|p1a: Dragapult|spe|1\n|move|p2a: Pelipper|Hurricane|p1a: Dragapult\n|-damage|p1a: Dragapult|38\/100\n|\n|-weather|RainDance|[upkeep]\n|-damage|p2a: Pelipper|63\/100 tox|[from] psn\n|upkeep\n|turn|13\n|\n|t:|1699991483\n|move|p1a: Dragapult|Dragon Darts|p2a: Pelipper\n|-damage|p2a: Pelipper|30\/100 tox\n|-anim|p1a: Dragapult|Dragon Darts|p2a: Pelipper\n|-damage|p2a: Pelipper|0 fnt\n|faint|p2a: Pelipper\n|\n|-weather|RainDance|[upkeep]\n|-sideend|p2: AfroGhost-_-|move: Tailwind\n|upkeep\n|\n|t:|1699991486\n|switch|p2a: Greninja|Greninja, M|100\/100\n|turn|14\n|\n|t:|1699991492\n|move|p1a: Dragapult|Sucker Punch|p2a: Greninja\n|-resisted|p2a: Greninja\n|-damage|p2a: Greninja|71\/100\n|move|p2a: Greninja|Water Shuriken|p1a: Dragapult\n|-resisted|p1a: Dragapult\n|-damage|p1a: Dragapult|32\/100\n|-resisted|p1a: Dragapult\n|-damage|p1a: Dragapult|25\/100\n|-hitcount|p1a: Dragapult|2\n|\n|-weather|RainDance|[upkeep]\n|upkeep\n|turn|15\n|\n|t:|1699991505\n|move|p1a: Dragapult|Dragon Darts|p2a: Greninja\n|-damage|p2a: Greninja|1\/100\n|-anim|p1a: Dragapult|Dragon Darts|p2a: Greninja\n|-crit|p2a: Greninja\n|-damage|p2a: Greninja|0 fnt\n|faint|p2a: Greninja\n|\n|-weather|RainDance|[upkeep]\n|upkeep\n|\n|t:|1699991510\n|switch|p2a: Iron Moth|Iron Moth|100\/100\n|-enditem|p2a: Iron Moth|Booster Energy\n|-activate|p2a: Iron Moth|ability: Quark Drive|[fromitem]\n|-start|p2a: Iron Moth|quarkdrivespa\n|turn|16\n|\n|t:|1699991518\n|move|p1a: Dragapult|Dragon Darts|p2a: Iron Moth\n|-damage|p2a: Iron Moth|26\/100\n|-anim|p1a: Dragapult|Dragon Darts|p2a: Iron Moth\n|-damage|p2a: Iron Moth|0 fnt\n|faint|p2a: Iron Moth\n|-end|p2a: Iron Moth|Quark Drive|[silent]\n|\n|-weather|RainDance|[upkeep]\n|upkeep\n|\n|t:|1699991522\n|switch|p2a: Toxtricity|Toxtricity, M, shiny|100\/100\n|turn|17\n|-message|AfroGhost-_- forfeited.\n|\n|win|Damien Leruss\n|raw|Damien Leruss's rating: 1121 &rarr; <strong>1141<\/strong><br \/>(+20 for winning)\n|raw|AfroGhost-_-'s rating: 1046 &rarr; <strong>1033<\/strong><br \/>(-13 for losing)\n|l|\u2606AfroGhost-_-\n","uploadtime":1699991538,"views":8,"p1id":"damienleruss","p2id":"afroghost","formatid":"gen9ou","rating":1033,"private":0,"password":""}