{"id":"gen9ou-1990080138","p1":"Aeglitos","p2":"Angel_Oceanpart","format":"[Gen 9] OU","log":"|j|\u2606Aeglitos\n|j|\u2606Angel_Oceanpart\n|t:|1699922398\n|gametype|singles\n|player|p1|Aeglitos|102|1133\n|player|p2|Angel_Oceanpart|preschoolerf|1157\n|teamsize|p1|6\n|teamsize|p2|6\n|gen|9\n|tier|[Gen 9] OU\n|rated|\n|rule|Sleep Clause Mod: Limit one foe put to sleep\n|rule|Species Clause: Limit one of each Pok\u00e9mon\n|rule|OHKO Clause: OHKO moves are banned\n|rule|Evasion Items Clause: Evasion items are banned\n|rule|Evasion Moves Clause: Evasion moves are banned\n|rule|Endless Battle Clause: Forcing endless battles is banned\n|rule|HP Percentage Mod: HP is shown in percentages\n|clearpoke\n|poke|p1|Amoonguss, M|\n|poke|p1|Gholdengo|\n|poke|p1|Zamazenta-*|\n|poke|p1|Ting-Lu|\n|poke|p1|Zapdos|\n|poke|p1|Slowking, M|\n|poke|p2|Ditto|\n|poke|p2|Alomomola, M|\n|poke|p2|Corviknight, M|\n|poke|p2|Heatran, F|\n|poke|p2|Pawmot, F|\n|poke|p2|Zoroark, F|\n|teampreview\n|inactive|Battle timer is ON: inactive players will automatically lose when time's up. (requested by Angel_Oceanpart)\n|c|\u2606Angel_Oceanpart|glhf\n|\n|t:|1699922417\n|start\n|switch|p1a: Zapdos|Zapdos, shiny|100\/100\n|switch|p2a: Forgive|Corviknight, M|100\/100\n|turn|1\n|\n|t:|1699922424\n|move|p2a: Forgive|U-turn|p1a: Zapdos\n|-resisted|p1a: Zapdos\n|-damage|p1a: Zapdos|87\/100\n|-status|p2a: Forgive|par|[from] ability: Static|[of] p1a: Zapdos\n|\n|t:|1699922430\n|switch|p2a: Betrayal|Heatran, F|100\/100|[from] U-turn\n|move|p1a: Zapdos|Heat Wave|p2a: Betrayal\n|-start|p2a: Betrayal|ability: Flash Fire\n|\n|upkeep\n|turn|2\n|\n|t:|1699922439\n|move|p1a: Zapdos|Volt Switch|p2a: Betrayal\n|-damage|p2a: Betrayal|70\/100\n|\n|t:|1699922443\n|switch|p1a: Ting-Lu|Ting-Lu|100\/100|[from] Volt Switch\n|-ability|p1a: Ting-Lu|Vessel of Ruin\n|move|p2a: Betrayal|Overheat|p1a: Ting-Lu\n|-damage|p1a: Ting-Lu|29\/100\n|-unboost|p2a: Betrayal|spa|2\n|\n|upkeep\n|turn|3\n|\n|t:|1699922455\n|-end|p2a: Betrayal|ability: Flash Fire|[silent]\n|switch|p2a: Forgive|Corviknight, M|100\/100\n|-ability|p2a: Forgive|Pressure\n|move|p1a: Ting-Lu|Earthquake|p2a: Forgive\n|-immune|p2a: Forgive\n|\n|upkeep\n|turn|4\n|\n|t:|1699922463\n|switch|p1a: Zapdos|Zapdos, shiny|87\/100\n|move|p2a: Forgive|Brave Bird|p1a: Zapdos\n|-resisted|p1a: Zapdos\n|-damage|p1a: Zapdos|67\/100\n|-damage|p2a: Forgive|95\/100|[from] Recoil\n|\n|-heal|p2a: Forgive|100\/100|[from] item: Leftovers\n|upkeep\n|turn|5\n|\n|t:|1699922474\n|switch|p2a: Betrayal|Heatran, F|70\/100\n|move|p1a: Zapdos|Volt Switch|p2a: Betrayal\n|-damage|p2a: Betrayal|41\/100\n|\n|t:|1699922497\n|switch|p1a: Zamazenta|Zamazenta|100\/100|[from] Volt Switch\n|-ability|p1a: Zamazenta|Dauntless Shield|boost\n|-boost|p1a: Zamazenta|def|1\n|\n|upkeep\n|turn|6\n|\n|t:|1699922506\n|switch|p2a: Tora|Alomomola, M|100\/100\n|move|p1a: Zamazenta|Close Combat|p2a: Tora\n|-damage|p2a: Tora|67\/100\n|-unboost|p1a: Zamazenta|def|1\n|-unboost|p1a: Zamazenta|spd|1\n|-enditem|p2a: Tora|Red Card|[of] p1a: Zamazenta\n|drag|p1a: Slowking|Slowking, M|100\/100\n|\n|upkeep\n|turn|7\n|\n|t:|1699922519\n|move|p2a: Tora|Wish|p2a: Tora\n|move|p1a: Slowking|Chilly Reception|p1a: Slowking\n|-weather|Snow\n|inactive|Aeglitos has 120 seconds left.\n|\n|t:|1699922541\n|switch|p1a: Zamazenta|Zamazenta|100\/100|[from] Chilly Reception\n|\n|-weather|Snow|[upkeep]\n|upkeep\n|turn|8\n|inactive|Aeglitos has 120 seconds left.\n|\n|t:|1699922550\n|move|p1a: Zamazenta|Close Combat|p2a: Tora\n|-damage|p2a: Tora|36\/100\n|-unboost|p1a: Zamazenta|def|1\n|-unboost|p1a: Zamazenta|spd|1\n|move|p2a: Tora|Flip Turn|p1a: Zamazenta\n|-damage|p1a: Zamazenta|80\/100\n|\n|t:|1699922554\n|switch|p2a: Betrayal|Heatran, F|41\/100|[from] Flip Turn\n|\n|-weather|Snow|[upkeep]\n|-heal|p2a: Betrayal|100\/100|[from] move: Wish|[wisher] Tora\n|upkeep\n|turn|9\n|\n|t:|1699922563\n|switch|p2a: Forgive|Corviknight, M|100\/100\n|-ability|p2a: Forgive|Pressure\n|move|p1a: Zamazenta|Close Combat|p2a: Forgive\n|-damage|p2a: Forgive|66\/100\n|-unboost|p1a: Zamazenta|def|1\n|-unboost|p1a: Zamazenta|spd|1\n|\n|-weather|Snow|[upkeep]\n|-heal|p2a: Forgive|72\/100|[from] item: Leftovers\n|upkeep\n|turn|10\n|\n|t:|1699922583\n|switch|p1a: Zapdos|Zapdos, shiny|67\/100\n|move|p2a: Forgive|Brave Bird|p1a: Zapdos\n|-resisted|p1a: Zapdos\n|-damage|p1a: Zapdos|45\/100\n|-damage|p2a: Forgive|66\/100|[from] Recoil\n|\n|-weather|Snow|[upkeep]\n|-heal|p2a: Forgive|72\/100|[from] item: Leftovers\n|upkeep\n|turn|11\n|\n|t:|1699922595\n|switch|p2a: Betrayal|Heatran, F|100\/100\n|move|p1a: Zapdos|Roost|p1a: Zapdos\n|-heal|p1a: Zapdos|96\/100\n|-singleturn|p1a: Zapdos|move: Roost\n|\n|-weather|none\n|upkeep\n|turn|12\n|inactive|Aeglitos has 120 seconds left.\n|\n|t:|1699922617\n|move|p1a: Zapdos|Volt Switch|p2a: Betrayal\n|-damage|p2a: Betrayal|73\/100\n|\n|t:|1699922632\n|switch|p1a: Zamazenta|Zamazenta|80\/100|[from] Volt Switch\n|move|p2a: Betrayal|Overheat|p1a: Zamazenta\n|-damage|p1a: Zamazenta|0 fnt\n|-unboost|p2a: Betrayal|spa|2\n|faint|p1a: Zamazenta\n|\n|upkeep\n|\n|t:|1699922641\n|switch|p1a: Ting-Lu|Ting-Lu|29\/100\n|-ability|p1a: Ting-Lu|Vessel of Ruin\n|turn|13\n|\n|t:|1699922647\n|switch|p2a: Forgive|Corviknight, M|72\/100\n|-ability|p2a: Forgive|Pressure\n|move|p1a: Ting-Lu|Stealth Rock|p2a: Forgive\n|-sidestart|p2: Angel_Oceanpart|move: Stealth Rock\n|\n|-heal|p2a: Forgive|79\/100|[from] item: Leftovers\n|upkeep\n|turn|14\n|inactive|Aeglitos has 120 seconds left.\n|\n|t:|1699922656\n|switch|p1a: Zapdos|Zapdos, shiny|96\/100\n|move|p2a: Forgive|U-turn|p1a: Zapdos\n|-resisted|p1a: Zapdos\n|-damage|p1a: Zapdos|86\/100\n|\n|t:|1699922662\n|switch|p2a: Betrayal|Heatran, F|73\/100|[from] U-turn\n|-damage|p2a: Betrayal|60\/100|[from] Stealth Rock\n|\n|upkeep\n|turn|15\n|\n|t:|1699922671\n|move|p1a: Zapdos|Volt Switch|p2a: Betrayal\n|-damage|p2a: Betrayal|31\/100\n|inactive|Aeglitos has 120 seconds left.\n|\n|t:|1699922687\n|switch|p1a: Slowking|Slowking, M|100\/100|[from] Volt Switch\n|move|p2a: Betrayal|Overheat|p1a: Slowking\n|-resisted|p1a: Slowking\n|-damage|p1a: Slowking|68\/100\n|-unboost|p2a: Betrayal|spa|2\n|\n|upkeep\n|turn|16\n|inactive|Aeglitos has 120 seconds left.\n|\n|t:|1699922713\n|switch|p2a: Tora|Alomomola, M|69\/100\n|-damage|p2a: Tora|56\/100|[from] Stealth Rock\n|switch|p1a: Gholdengo|Gholdengo, shiny|100\/100\n|\n|upkeep\n|turn|17\n|\n|t:|1699922727\n|move|p1a: Gholdengo|Shadow Ball|p2a: Tora\n|-damage|p2a: Tora|0 fnt\n|faint|p2a: Tora\n|\n|upkeep\n|inactive|Angel_Oceanpart has 120 seconds left.\n|\n|t:|1699922758\n|switch|p2a: Forgive|Corviknight, M|100\/100 par\n|-damage|p2a: Forgive|88\/100 par|[from] Stealth Rock\n|turn|18\n|\n|t:|1699922767\n|move|p1a: Gholdengo|Shadow Ball|p2a: Forgive\n|-resisted|p2a: Forgive\n|-damage|p2a: Forgive|28\/100 par\n|replace|p2a: Forget|Zoroark, F\n|-end|p2a: Forget|Illusion\n|move|p2a: Forget|Knock Off|p1a: Gholdengo\n|-supereffective|p1a: Gholdengo\n|-damage|p1a: Gholdengo|5\/100\n|-enditem|p1a: Gholdengo|Choice Specs|[from] move: Knock Off|[of] p2a: Forget\n|\n|upkeep\n|turn|19\n|inactive|Aeglitos has 120 seconds left.\n|\n|t:|1699922778\n|move|p1a: Gholdengo|Shadow Ball|p2a: Forget\n|-resisted|p2a: Forget\n|-damage|p2a: Forget|0 fnt\n|faint|p2a: Forget\n|\n|upkeep\n|\n|t:|1699922791\n|switch|p2a: Retry|Pawmot, F|100\/100\n|-damage|p2a: Retry|94\/100|[from] Stealth Rock\n|turn|20\n|\n|t:|1699922798\n|move|p2a: Retry|Revival Blessing|p2a: Retry\n|-enditem|p2a: Retry|Leppa Berry|[eat]\n|-activate|p2a: Retry|item: Leppa Berry|Revival Blessing|[consumed]\n|\n|t:|1699922803\n|-heal|p2: Forget|50\/100|[from] move: Revival Blessing\n|move|p1a: Gholdengo|Recover|p1a: Gholdengo\n|-heal|p1a: Gholdengo|55\/100\n|\n|upkeep\n|turn|21\n|\n|t:|1699922811\n|move|p2a: Retry|Double Shock|p1a: Gholdengo\n|-damage|p1a: Gholdengo|0 fnt\n|-start|p2a: Retry|typechange|???\/Fighting|[from] move: Double Shock\n|faint|p1a: Gholdengo\n|\n|upkeep\n|\n|t:|1699922818\n|switch|p1a: Zapdos|Zapdos, shiny|86\/100\n|turn|22\n|\n|t:|1699922836\n|move|p2a: Retry|Revival Blessing|p2a: Retry\n|\n|t:|1699922837\n|-heal|p2: Tora|50\/100|[from] move: Revival Blessing\n|move|p1a: Zapdos|Hurricane|p2a: Retry|[miss]\n|-miss|p1a: Zapdos|p2a: Retry\n|\n|upkeep\n|turn|23\n|\n|t:|1699922853\n|move|p2a: Retry|Close Combat|p1a: Zapdos\n|-resisted|p1a: Zapdos\n|-damage|p1a: Zapdos|54\/100\n|-unboost|p2a: Retry|def|1\n|-unboost|p2a: Retry|spd|1\n|move|p1a: Zapdos|Hurricane|p2a: Retry|[miss]\n|-miss|p1a: Zapdos|p2a: Retry\n|\n|upkeep\n|turn|24\n|\n|t:|1699922863\n|switch|p2a: Tori|Ditto|100\/100\n|-damage|p2a: Tori|88\/100|[from] Stealth Rock\n|-transform|p2a: Tori|p1a: Zapdos|[from] ability: Imposter\n|move|p1a: Zapdos|Roost|p1a: Zapdos\n|-heal|p1a: Zapdos|100\/100\n|-singleturn|p1a: Zapdos|move: Roost\n|\n|upkeep\n|turn|25\n|\n|t:|1699922874\n|move|p1a: Zapdos|Volt Switch|p2a: Tori\n|-damage|p2a: Tori|43\/100\n|-enditem|p2a: Tori|Red Card|[of] p1a: Zapdos\n|drag|p1a: Slowking|Slowking, M|100\/100\n|move|p2a: Tori|Volt Switch|p1a: Slowking\n|-supereffective|p1a: Slowking\n|-damage|p1a: Slowking|57\/100\n|\n|t:|1699922884\n|switch|p2a: Forgive|Corviknight, M|50\/100|[from] Volt Switch\n|-damage|p2a: Forgive|38\/100|[from] Stealth Rock\n|\n|upkeep\n|turn|26\n|\n|t:|1699922890\n|switch|p1a: Zapdos|Zapdos, shiny|100\/100\n|move|p2a: Forgive|Knock Off|p1a: Zapdos\n|-damage|p1a: Zapdos|48\/100\n|-enditem|p1a: Zapdos|Heavy-Duty Boots|[from] move: Knock Off|[of] p2a: Forgive\n|\n|upkeep\n|turn|27\n|\n|t:|1699922920\n|switch|p2a: Retry|Pawmot, F|94\/100\n|-damage|p2a: Retry|88\/100|[from] Stealth Rock\n|move|p1a: Zapdos|Roost|p1a: Zapdos\n|-heal|p1a: Zapdos|98\/100\n|-singleturn|p1a: Zapdos|move: Roost\n|\n|upkeep\n|turn|28\n|\n|t:|1699922934\n|move|p2a: Retry|Double Shock|p1a: Zapdos\n|-damage|p1a: Zapdos|27\/100\n|-start|p2a: Retry|typechange|???\/Fighting|[from] move: Double Shock\n|move|p1a: Zapdos|Hurricane|p2a: Retry|[miss]\n|-miss|p1a: Zapdos|p2a: Retry\n|\n|upkeep\n|turn|29\n|\n|t:|1699922942\n|move|p2a: Retry|Close Combat|p1a: Zapdos\n|-resisted|p1a: Zapdos\n|-damage|p1a: Zapdos|0 fnt\n|-unboost|p2a: Retry|def|1\n|-unboost|p2a: Retry|spd|1\n|faint|p1a: Zapdos\n|\n|upkeep\n|-message|Aeglitos forfeited.\n|\n|win|Angel_Oceanpart\n|raw|Aeglitos's rating: 1133 &rarr; <strong>1110<\/strong><br \/>(-23 for losing)\n|raw|Angel_Oceanpart's rating: 1157 &rarr; <strong>1180<\/strong><br \/>(+23 for winning)\n|l|\u2606Aeglitos\n","uploadtime":1699922962,"views":8,"p1id":"aeglitos","p2id":"angeloceanpart","formatid":"gen9ou","rating":1110,"private":0,"password":""}