{"id":"gen9ou-1993129006","p1":"2022 flare","p2":"Syvird","format":"[Gen 9] OU","log":"|j|\u26062022 flare\n|j|\u2606Syvird\n|t:|1700268179\n|gametype|singles\n|player|p1|2022 flare|skierf-gen4dp|1330\n|player|p2|Syvird|1|1411\n|teamsize|p1|6\n|teamsize|p2|6\n|gen|9\n|tier|[Gen 9] OU\n|rated|\n|rule|Sleep Clause Mod: Limit one foe put to sleep\n|rule|Species Clause: Limit one of each Pok\u00e9mon\n|rule|OHKO Clause: OHKO moves are banned\n|rule|Evasion Items Clause: Evasion items are banned\n|rule|Evasion Moves Clause: Evasion moves are banned\n|rule|Endless Battle Clause: Forcing endless battles is banned\n|rule|HP Percentage Mod: HP is shown in percentages\n|clearpoke\n|poke|p1|Ribombee, M|\n|poke|p1|Manaphy|\n|poke|p1|Gholdengo|\n|poke|p1|Iron Moth|\n|poke|p1|Kingambit, F|\n|poke|p1|Great Tusk|\n|poke|p2|Garchomp, F|\n|poke|p2|Dragonite, M|\n|poke|p2|Iron Valiant|\n|poke|p2|Gholdengo|\n|poke|p2|Samurott-Hisui, F|\n|poke|p2|Iron Moth|\n|teampreview\n|\n|t:|1700268199\n|start\n|switch|p1a: Ribombee|Ribombee, M, shiny|100\/100\n|switch|p2a: Iron Moth|Iron Moth|100\/100\n|-enditem|p2a: Iron Moth|Booster Energy\n|-activate|p2a: Iron Moth|ability: Quark Drive|[fromitem]\n|-start|p2a: Iron Moth|quarkdrivespe\n|turn|1\n|\n|t:|1700268207\n|move|p2a: Iron Moth|Substitute|p2a: Iron Moth\n|-start|p2a: Iron Moth|Substitute\n|-damage|p2a: Iron Moth|75\/100\n|move|p1a: Ribombee|Sticky Web|p2a: Iron Moth\n|-sidestart|p2: Syvird|move: Sticky Web\n|\n|upkeep\n|turn|2\n|\n|t:|1700268211\n|move|p2a: Iron Moth|Fiery Dance|p1a: Ribombee\n|-supereffective|p1a: Ribombee\n|-enditem|p1a: Ribombee|Focus Sash\n|-damage|p1a: Ribombee|1\/100\n|-boost|p2a: Iron Moth|spa|1\n|move|p1a: Ribombee|Psychic|p2a: Iron Moth\n|-supereffective|p2a: Iron Moth\n|-end|p2a: Iron Moth|Substitute\n|\n|upkeep\n|turn|3\n|\n|t:|1700268220\n|move|p2a: Iron Moth|Fiery Dance|p1a: Ribombee\n|-supereffective|p1a: Ribombee\n|-damage|p1a: Ribombee|0 fnt\n|-boost|p2a: Iron Moth|spa|1\n|faint|p1a: Ribombee\n|\n|upkeep\n|inactive|Battle timer is ON: inactive players will automatically lose when time's up. (requested by Syvird)\n|inactive|2022 flare has 120 seconds left.\n|\n|t:|1700268275\n|switch|p1a: Manaphy|Manaphy, shiny|100\/100\n|turn|4\n|\n|t:|1700268285\n|move|p2a: Iron Moth|Sludge Wave|p1a: Manaphy\n|-damage|p1a: Manaphy|2\/100\n|move|p1a: Manaphy|Surf|p2a: Iron Moth\n|-supereffective|p2a: Iron Moth\n|-damage|p2a: Iron Moth|0 fnt\n|faint|p2a: Iron Moth\n|-end|p2a: Iron Moth|Quark Drive|[silent]\n|\n|-heal|p1a: Manaphy|9\/100|[from] item: Leftovers\n|upkeep\n|\n|t:|1700268302\n|switch|p2a: Gholdengo|Gholdengo|100\/100\n|-activate|p2a: Gholdengo|move: Sticky Web\n|-unboost|p2a: Gholdengo|spe|1\n|turn|5\n|\n|t:|1700268323\n|move|p2a: Gholdengo|Shadow Ball|p1a: Manaphy\n|-damage|p1a: Manaphy|0 fnt\n|faint|p1a: Manaphy\n|\n|upkeep\n|\n|t:|1700268336\n|switch|p1a: Iron Moth|Iron Moth, shiny|100\/100\n|-enditem|p1a: Iron Moth|Booster Energy\n|-activate|p1a: Iron Moth|ability: Quark Drive|[fromitem]\n|-start|p1a: Iron Moth|quarkdrivespa\n|turn|6\n|\n|t:|1700268348\n|move|p1a: Iron Moth|Fiery Dance|p2a: Gholdengo\n|-supereffective|p2a: Gholdengo\n|-damage|p2a: Gholdengo|0 fnt\n|-boost|p1a: Iron Moth|spa|1\n|faint|p2a: Gholdengo\n|\n|upkeep\n|\n|t:|1700268352\n|switch|p2a: Dragonite|Dragonite, M|100\/100\n|turn|7\n|\n|t:|1700268361\n|move|p1a: Iron Moth|Sludge Wave|p2a: Dragonite\n|-damage|p2a: Dragonite|45\/100\n|move|p2a: Dragonite|Dragon Dance|p2a: Dragonite\n|-boost|p2a: Dragonite|atk|1\n|-boost|p2a: Dragonite|spe|1\n|\n|upkeep\n|turn|8\n|\n|t:|1700268371\n|-terastallize|p1a: Iron Moth|Grass\n|move|p2a: Dragonite|Extreme Speed|p1a: Iron Moth\n|-damage|p1a: Iron Moth|18\/100\n|move|p1a: Iron Moth|Fiery Dance|p2a: Dragonite\n|-resisted|p2a: Dragonite\n|-damage|p2a: Dragonite|3\/100\n|-boost|p1a: Iron Moth|spa|1\n|\n|upkeep\n|turn|9\n|\n|t:|1700268379\n|move|p2a: Dragonite|Extreme Speed|p1a: Iron Moth\n|-damage|p1a: Iron Moth|0 fnt\n|faint|p1a: Iron Moth\n|-end|p1a: Iron Moth|Quark Drive|[silent]\n|\n|upkeep\n|\n|t:|1700268382\n|switch|p1a: Great Tusk|Great Tusk, shiny|100\/100\n|-enditem|p1a: Great Tusk|Booster Energy\n|-activate|p1a: Great Tusk|ability: Protosynthesis|[fromitem]\n|-start|p1a: Great Tusk|protosynthesisspe\n|turn|10\n|\n|t:|1700268387\n|move|p1a: Great Tusk|Bulk Up|p1a: Great Tusk\n|-boost|p1a: Great Tusk|atk|1\n|-boost|p1a: Great Tusk|def|1\n|move|p2a: Dragonite|Ice Spinner|p1a: Great Tusk\n|-supereffective|p1a: Great Tusk\n|-damage|p1a: Great Tusk|63\/100\n|\n|upkeep\n|turn|11\n|\n|t:|1700268395\n|move|p1a: Great Tusk|Rapid Spin|p2a: Dragonite\n|-damage|p2a: Dragonite|0 fnt\n|-boost|p1a: Great Tusk|spe|1\n|faint|p2a: Dragonite\n|\n|upkeep\n|\n|t:|1700268401\n|switch|p2a: Garchomp|Garchomp, F|100\/100\n|-activate|p2a: Garchomp|move: Sticky Web\n|-unboost|p2a: Garchomp|spe|1\n|turn|12\n|\n|t:|1700268421\n|-terastallize|p2a: Garchomp|Ghost\n|move|p1a: Great Tusk|Ice Spinner|p2a: Garchomp\n|-damage|p2a: Garchomp|70\/100\n|-damage|p1a: Great Tusk|50\/100|[from] ability: Rough Skin|[of] p2a: Garchomp\n|-damage|p1a: Great Tusk|34\/100|[from] item: Rocky Helmet|[of] p2a: Garchomp\n|move|p2a: Garchomp|Dragon Tail|p1a: Great Tusk\n|-damage|p1a: Great Tusk|23\/100\n|-end|p1a: Great Tusk|Protosynthesis|[silent]\n|drag|p1a: Kingambit|Kingambit, F, shiny|100\/100\n|-activate|p1a: Kingambit|ability: Supreme Overlord\n|-start|p1a: Kingambit|fallen3|[silent]\n|\n|upkeep\n|turn|13\n|\n|t:|1700268440\n|move|p2a: Garchomp|Earthquake|p1a: Kingambit\n|-supereffective|p1a: Kingambit\n|-damage|p1a: Kingambit|20\/100\n|move|p1a: Kingambit|Kowtow Cleave|p2a: Garchomp\n|-supereffective|p2a: Garchomp\n|-damage|p2a: Garchomp|0 fnt\n|-damage|p1a: Kingambit|7\/100|[from] ability: Rough Skin|[of] p2a: Garchomp\n|-damage|p1a: Kingambit|0 fnt|[from] item: Rocky Helmet|[of] p2a: Garchomp\n|faint|p2a: Garchomp\n|faint|p1a: Kingambit\n|-end|p1a: Kingambit|fallen3|[silent]\n|\n|upkeep\n|inactive|Syvird has 120 seconds left.\n|\n|t:|1700268460\n|switch|p2a: Samurott|Samurott-Hisui, F|100\/100\n|switch|p1a: Great Tusk|Great Tusk, shiny|23\/100\n|-activate|p2a: Samurott|move: Sticky Web\n|-unboost|p2a: Samurott|spe|1\n|turn|14\n|inactive|Syvird has 120 seconds left.\n|\n|t:|1700268471\n|move|p2a: Samurott|Sucker Punch|p1a: Great Tusk\n|-resisted|p1a: Great Tusk\n|-damage|p1a: Great Tusk|14\/100\n|move|p1a: Great Tusk|Headlong Rush|p2a: Samurott\n|-crit|p2a: Samurott\n|-damage|p2a: Samurott|0 fnt\n|-unboost|p1a: Great Tusk|def|1\n|-unboost|p1a: Great Tusk|spd|1\n|faint|p2a: Samurott\n|\n|upkeep\n|c|\u26062022 flare|oh my\n|\n|t:|1700268479\n|switch|p2a: Iron Valiant|Iron Valiant|100\/100\n|-activate|p2a: Iron Valiant|move: Sticky Web\n|-unboost|p2a: Iron Valiant|spe|1\n|turn|15\n|inactive|Syvird has 120 seconds left.\n|\n|t:|1700268486\n|move|p1a: Great Tusk|Headlong Rush|p2a: Iron Valiant\n|-damage|p2a: Iron Valiant|32\/100\n|-unboost|p1a: Great Tusk|def|1\n|-unboost|p1a: Great Tusk|spd|1\n|move|p2a: Iron Valiant|Moonblast|p1a: Great Tusk\n|-supereffective|p1a: Great Tusk\n|-damage|p1a: Great Tusk|0 fnt\n|faint|p1a: Great Tusk\n|-end|p1a: Great Tusk|Protosynthesis|[silent]\n|\n|upkeep\n|\n|t:|1700268488\n|switch|p1a: Gholdengo|Gholdengo, shiny|100\/100\n|turn|16\n|-message|Syvird forfeited.\n|\n|win|2022 flare\n|raw|2022 flare's rating: 1330 &rarr; <strong>1355<\/strong><br \/>(+25 for winning)\n|raw|Syvird's rating: 1411 &rarr; <strong>1386<\/strong><br \/>(-25 for losing)\n|l|\u2606Syvird\n","uploadtime":1700268499,"views":15,"p1id":"2022flare","p2id":"syvird","formatid":"gen9ou","rating":1355,"private":0,"password":""}