{"id":"gen9ou-1998280785","p1":"emperorcena","p2":"endersOverlord","format":"[Gen 9] OU","log":"|j|\u2606emperorcena\n|j|\u2606endersOverlord\n|t:|1700924105\n|gametype|singles\n|player|p1|emperorcena|cynthia|\n|player|p2|endersOverlord|colress|\n|teamsize|p1|6\n|teamsize|p2|6\n|gen|9\n|tier|[Gen 9] OU\n|rule|Sleep Clause Mod: Limit one foe put to sleep\n|rule|Species Clause: Limit one of each Pok\u00e9mon\n|rule|OHKO Clause: OHKO moves are banned\n|rule|Evasion Items Clause: Evasion items are banned\n|rule|Evasion Moves Clause: Evasion moves are banned\n|rule|Endless Battle Clause: Forcing endless battles is banned\n|rule|HP Percentage Mod: HP is shown in percentages\n|clearpoke\n|poke|p1|Glimmora, M|\n|poke|p1|Zamazenta-*|\n|poke|p1|Magnezone|\n|poke|p1|Salamence, M|\n|poke|p1|Slowbro, M|\n|poke|p1|Dragapult, F|\n|poke|p2|Rotom-Wash|\n|poke|p2|Tinkaton, F|\n|poke|p2|Iron Hands|\n|poke|p2|Hydreigon, F|\n|poke|p2|Iron Moth|\n|poke|p2|Ogerpon, F|\n|teampreview\n|\n|t:|1700924125\n|start\n|switch|p1a: Witch's Familiar|Dragapult, F|100\/100\n|switch|p2a: Atlas|Tinkaton, F|100\/100\n|-ability|p2a: Atlas|Mold Breaker\n|turn|1\n|\n|t:|1700924131\n|move|p1a: Witch's Familiar|Flamethrower|p2a: Atlas\n|-supereffective|p2a: Atlas\n|-damage|p2a: Atlas|55\/100\n|move|p2a: Atlas|Thunder Wave|p1a: Witch's Familiar\n|-status|p1a: Witch's Familiar|par\n|\n|-heal|p2a: Atlas|61\/100|[from] item: Leftovers\n|upkeep\n|turn|2\n|\n|t:|1700924145\n|move|p2a: Atlas|Play Rough|p1a: Witch's Familiar\n|-supereffective|p1a: Witch's Familiar\n|-damage|p1a: Witch's Familiar|38\/100 par\n|cant|p1a: Witch's Familiar|par\n|\n|-heal|p2a: Atlas|67\/100|[from] item: Leftovers\n|upkeep\n|turn|3\n|\n|t:|1700924153\n|move|p2a: Atlas|Play Rough|p1a: Witch's Familiar\n|-supereffective|p1a: Witch's Familiar\n|-damage|p1a: Witch's Familiar|0 fnt\n|faint|p1a: Witch's Familiar\n|\n|-heal|p2a: Atlas|73\/100|[from] item: Leftovers\n|upkeep\n|\n|t:|1700924162\n|switch|p1a: Dragon's Heart|Salamence, M|100\/100\n|turn|4\n|\n|t:|1700924168\n|move|p1a: Dragon's Heart|Earthquake|p2a: Atlas\n|-supereffective|p2a: Atlas\n|-damage|p2a: Atlas|0 fnt\n|faint|p2a: Atlas\n|-ability|p1a: Dragon's Heart|Moxie|boost\n|-boost|p1a: Dragon's Heart|atk|1\n|\n|upkeep\n|\n|t:|1700924202\n|switch|p2a: Aeolus|Hydreigon, F|100\/100\n|turn|5\n|\n|t:|1700924209\n|move|p1a: Dragon's Heart|Outrage|p2a: Aeolus\n|-supereffective|p2a: Aeolus\n|-damage|p2a: Aeolus|0 fnt\n|faint|p2a: Aeolus\n|-ability|p1a: Dragon's Heart|Moxie|boost\n|-boost|p1a: Dragon's Heart|atk|1\n|\n|upkeep\n|\n|t:|1700924225\n|switch|p2a: Pandora|Ogerpon, F|100\/100\n|turn|6\n|\n|t:|1700924228\n|move|p2a: Pandora|Play Rough|p1a: Dragon's Heart\n|-supereffective|p1a: Dragon's Heart\n|-damage|p1a: Dragon's Heart|0 fnt\n|faint|p1a: Dragon's Heart\n|\n|upkeep\n|\n|t:|1700924242\n|switch|p1a: Poisonous Ground|Glimmora, M|100\/100\n|turn|7\n|\n|t:|1700924250\n|switch|p2a: Siarnaq|Iron Hands, shiny|100\/100\n|move|p1a: Poisonous Ground|Stealth Rock|p2a: Siarnaq\n|-sidestart|p2: endersOverlord|move: Stealth Rock\n|\n|upkeep\n|turn|8\n|\n|t:|1700924260\n|move|p1a: Poisonous Ground|Earth Power|p2a: Siarnaq\n|-supereffective|p2a: Siarnaq\n|-damage|p2a: Siarnaq|41\/100\n|-unboost|p2a: Siarnaq|spd|1\n|move|p2a: Siarnaq|Drain Punch|p1a: Poisonous Ground\n|-damage|p1a: Poisonous Ground|59\/100\n|-heal|p2a: Siarnaq|53\/100|[from] drain|[of] p1a: Poisonous Ground\n|-activate|p1a: Poisonous Ground|ability: Toxic Debris\n|-sidestart|p2: endersOverlord|move: Toxic Spikes\n|\n|-heal|p2a: Siarnaq|59\/100|[from] item: Leftovers\n|upkeep\n|turn|9\n|\n|t:|1700924271\n|-terastallize|p2a: Siarnaq|Water\n|move|p1a: Poisonous Ground|Earth Power|p2a: Siarnaq\n|-damage|p2a: Siarnaq|15\/100\n|move|p2a: Siarnaq|Drain Punch|p1a: Poisonous Ground\n|-damage|p1a: Poisonous Ground|16\/100\n|-heal|p2a: Siarnaq|28\/100|[from] drain|[of] p1a: Poisonous Ground\n|-activate|p1a: Poisonous Ground|ability: Toxic Debris\n|-sidestart|p2: endersOverlord|move: Toxic Spikes\n|\n|-heal|p2a: Siarnaq|34\/100|[from] item: Leftovers\n|upkeep\n|turn|10\n|\n|t:|1700924284\n|move|p1a: Poisonous Ground|Power Gem|p2a: Siarnaq\n|-damage|p2a: Siarnaq|0 fnt\n|faint|p2a: Siarnaq\n|-end|p2a: Siarnaq|Quark Drive|[silent]\n|\n|upkeep\n|\n|t:|1700924295\n|switch|p2a: Prometheus|Iron Moth, shiny|100\/100\n|-damage|p2a: Prometheus|76\/100|[from] Stealth Rock\n|-sideend|p2: endersOverlord|move: Toxic Spikes|[of] p2a: Prometheus\n|turn|11\n|\n|t:|1700924315\n|move|p2a: Prometheus|Fiery Dance|p1a: Poisonous Ground\n|-resisted|p1a: Poisonous Ground\n|-damage|p1a: Poisonous Ground|0 fnt\n|-boost|p2a: Prometheus|spa|1\n|faint|p1a: Poisonous Ground\n|\n|upkeep\n|\n|t:|1700924324\n|switch|p1a: Witch's Pet|Zamazenta, shiny|100\/100\n|-ability|p1a: Witch's Pet|Dauntless Shield|boost\n|-boost|p1a: Witch's Pet|def|1\n|turn|12\n|\n|t:|1700924328\n|-terastallize|p1a: Witch's Pet|Fire\n|move|p1a: Witch's Pet|Stone Edge|p2a: Prometheus\n|-supereffective|p2a: Prometheus\n|-damage|p2a: Prometheus|0 fnt\n|faint|p2a: Prometheus\n|-end|p2a: Prometheus|Quark Drive|[silent]\n|\n|upkeep\n|\n|t:|1700924334\n|switch|p2a: Thetis|Rotom-Wash, shiny|100\/100\n|-damage|p2a: Thetis|88\/100|[from] Stealth Rock\n|turn|13\n|\n|t:|1700924345\n|switch|p1a: Pathetic Pawn|Slowbro, M|100\/100\n|move|p2a: Thetis|Hydro Pump|p1a: Pathetic Pawn|[miss]\n|-miss|p2a: Thetis|p1a: Pathetic Pawn\n|\n|upkeep\n|turn|14\n|\n|t:|1700924350\n|move|p2a: Thetis|Discharge|p1a: Pathetic Pawn\n|-supereffective|p1a: Pathetic Pawn\n|-damage|p1a: Pathetic Pawn|41\/100\n|-enditem|p1a: Pathetic Pawn|Eject Button\n|\n|t:|1700924359\n|switch|p1a: Mindless Puppet|Magnezone|100\/100\n|\n|upkeep\n|turn|15\n|\n|t:|1700924370\n|move|p1a: Mindless Puppet|Volt Switch|p2a: Thetis\n|-damage|p2a: Thetis|27\/100\n|\n|t:|1700924375\n|switch|p1a: Pathetic Pawn|Slowbro, M|74\/100|[from] Volt Switch\n|move|p2a: Thetis|Volt Switch|p1a: Pathetic Pawn\n|-supereffective|p1a: Pathetic Pawn\n|-damage|p1a: Pathetic Pawn|22\/100\n|\n|t:|1700924380\n|switch|p2a: Pandora|Ogerpon, F|100\/100|[from] Volt Switch\n|-damage|p2a: Pandora|88\/100|[from] Stealth Rock\n|\n|upkeep\n|turn|16\n|\n|t:|1700924389\n|move|p2a: Pandora|Play Rough|p1a: Pathetic Pawn\n|-crit|p1a: Pathetic Pawn\n|-damage|p1a: Pathetic Pawn|0 fnt\n|faint|p1a: Pathetic Pawn\n|\n|upkeep\n|\n|t:|1700924396\n|switch|p1a: Witch's Pet|Zamazenta, shiny, tera:Fire|100\/100\n|turn|17\n|\n|t:|1700924399\n|move|p1a: Witch's Pet|Iron Defense|p1a: Witch's Pet\n|-boost|p1a: Witch's Pet|def|2\n|move|p2a: Pandora|Play Rough|p1a: Witch's Pet\n|-resisted|p1a: Witch's Pet\n|-damage|p1a: Witch's Pet|90\/100\n|\n|-heal|p1a: Witch's Pet|96\/100|[from] item: Leftovers\n|upkeep\n|turn|18\n|\n|t:|1700924409\n|switch|p2a: Thetis|Rotom-Wash, shiny|27\/100\n|-damage|p2a: Thetis|14\/100|[from] Stealth Rock\n|move|p1a: Witch's Pet|Body Press|p2a: Thetis\n|-damage|p2a: Thetis|0 fnt\n|faint|p2a: Thetis\n|\n|-heal|p1a: Witch's Pet|100\/100|[from] item: Leftovers\n|upkeep\n|\n|t:|1700924418\n|switch|p2a: Pandora|Ogerpon, F|88\/100\n|-damage|p2a: Pandora|76\/100|[from] Stealth Rock\n|turn|19\n|\n|t:|1700924423\n|move|p1a: Witch's Pet|Body Press|p2a: Pandora\n|-damage|p2a: Pandora|0 fnt\n|faint|p2a: Pandora\n|\n|win|emperorcena\n|l|\u2606endersOverlord\n|j|\u2606endersOverlord\n|player|p2|endersOverlord|colress\n","uploadtime":1700925922,"views":2,"p1id":"emperorcena","p2id":"endersoverlord","formatid":"gen9ou","rating":0,"private":0,"password":""}