{"id":"gen9ou-1994049277","p1":"alejandrolpda","p2":"disenchanted2914","format":"[Gen 9] OU","log":"|j|\u2606alejandrolpda\n|j|\u2606disenchanted2914\n|t:|1700399781\n|gametype|singles\n|player|p1|alejandrolpda|169|1287\n|player|p2|disenchanted2914|alec-anime|1352\n|teamsize|p1|6\n|teamsize|p2|6\n|gen|9\n|tier|[Gen 9] OU\n|rated|\n|rule|Sleep Clause Mod: Limit one foe put to sleep\n|rule|Species Clause: Limit one of each Pok\u00e9mon\n|rule|OHKO Clause: OHKO moves are banned\n|rule|Evasion Items Clause: Evasion items are banned\n|rule|Evasion Moves Clause: Evasion moves are banned\n|rule|Endless Battle Clause: Forcing endless battles is banned\n|rule|HP Percentage Mod: HP is shown in percentages\n|clearpoke\n|poke|p1|Ninetales-Alola, F|\n|poke|p1|Alomomola, F|\n|poke|p1|Sinistcha|\n|poke|p1|Infernape, M|\n|poke|p1|Braviary-Hisui, M|\n|poke|p1|Sandslash-Alola, M|\n|poke|p2|Glimmora, F|\n|poke|p2|Gholdengo|\n|poke|p2|Hatterene, F|\n|poke|p2|Great Tusk|\n|poke|p2|Quaquaval, M|\n|poke|p2|Greninja-*, M|\n|teampreview\n|inactive|Battle timer is ON: inactive players will automatically lose when time's up. (requested by alejandrolpda)\n|\n|t:|1700399791\n|start\n|switch|p1a: Ninetales|Ninetales-Alola, F, shiny|100\/100\n|switch|p2a: Glimmora|Glimmora, F|100\/100\n|-weather|Snow|[from] ability: Snow Warning|[of] p1a: Ninetales\n|turn|1\n|\n|t:|1700399799\n|move|p2a: Glimmora|Stealth Rock|p1a: Ninetales\n|-sidestart|p1: alejandrolpda|move: Stealth Rock\n|move|p1a: Ninetales|Aurora Veil|p1a: Ninetales\n|-sidestart|p1: alejandrolpda|move: Aurora Veil\n|\n|-weather|Snow|[upkeep]\n|upkeep\n|turn|2\n|\n|t:|1700399804\n|move|p2a: Glimmora|Spikes|p1a: Ninetales\n|-sidestart|p1: alejandrolpda|Spikes\n|move|p1a: Ninetales|Encore|p2a: Glimmora\n|-start|p2a: Glimmora|Encore\n|\n|-weather|Snow|[upkeep]\n|upkeep\n|turn|3\n|\n|t:|1700399812\n|switch|p2a: Hatterene|Hatterene, F|100\/100\n|switch|p1a: Sandslash|Sandslash-Alola, M, shiny|100\/100\n|-damage|p1a: Sandslash|88\/100|[from] Stealth Rock\n|-damage|p1a: Sandslash|76\/100|[from] Spikes\n|\n|-weather|Snow|[upkeep]\n|upkeep\n|turn|4\n|\n|t:|1700399821\n|move|p1a: Sandslash|Rapid Spin|p2a: Hatterene\n|-damage|p2a: Hatterene|87\/100\n|-boost|p1a: Sandslash|spe|1\n|-sideend|p1: alejandrolpda|Spikes|[from] move: Rapid Spin|[of] p1a: Sandslash\n|-sideend|p1: alejandrolpda|Stealth Rock|[from] move: Rapid Spin|[of] p1a: Sandslash\n|-enditem|p2a: Hatterene|Eject Button\n|\n|t:|1700399834\n|switch|p2a: Quaquaval|Quaquaval, M|100\/100\n|\n|-weather|Snow|[upkeep]\n|upkeep\n|turn|5\n|\n|t:|1700399841\n|move|p1a: Sandslash|Earthquake|p2a: Quaquaval\n|-damage|p2a: Quaquaval|62\/100\n|move|p2a: Quaquaval|Swords Dance|p2a: Quaquaval\n|-boost|p2a: Quaquaval|atk|2\n|\n|-weather|Snow|[upkeep]\n|-heal|p2a: Quaquaval|68\/100|[from] item: Leftovers\n|-sideend|p1: alejandrolpda|move: Aurora Veil\n|upkeep\n|turn|6\n|\n|t:|1700399857\n|switch|p1a: Alomomola|Alomomola, F, shiny|100\/100\n|move|p2a: Quaquaval|Aqua Step|p1a: Alomomola\n|-resisted|p1a: Alomomola\n|-damage|p1a: Alomomola|78\/100\n|-boost|p2a: Quaquaval|spe|1\n|\n|-weather|Snow|[upkeep]\n|-heal|p2a: Quaquaval|74\/100|[from] item: Leftovers\n|-heal|p1a: Alomomola|85\/100|[from] item: Leftovers\n|upkeep\n|turn|7\n|\n|t:|1700399869\n|move|p2a: Quaquaval|Swords Dance|p2a: Quaquaval\n|-boost|p2a: Quaquaval|atk|2\n|move|p1a: Alomomola|Icy Wind|p2a: Quaquaval\n|-resisted|p2a: Quaquaval\n|-damage|p2a: Quaquaval|70\/100\n|-unboost|p2a: Quaquaval|spe|1\n|\n|-weather|Snow|[upkeep]\n|-heal|p2a: Quaquaval|76\/100|[from] item: Leftovers\n|-heal|p1a: Alomomola|91\/100|[from] item: Leftovers\n|upkeep\n|turn|8\n|\n|t:|1700399880\n|move|p2a: Quaquaval|Close Combat|p1a: Alomomola\n|-damage|p1a: Alomomola|0 fnt\n|-unboost|p2a: Quaquaval|def|1\n|-unboost|p2a: Quaquaval|spd|1\n|faint|p1a: Alomomola\n|-ability|p2a: Quaquaval|Moxie|boost\n|-boost|p2a: Quaquaval|atk|1\n|\n|-weather|none\n|-heal|p2a: Quaquaval|82\/100|[from] item: Leftovers\n|upkeep\n|\n|t:|1700399890\n|switch|p1a: Infernape|Infernape, M, shiny|100\/100\n|turn|9\n|\n|t:|1700399895\n|switch|p2a: Hatterene|Hatterene, F|87\/100\n|move|p1a: Infernape|Thunder Punch|p2a: Hatterene\n|-damage|p2a: Hatterene|61\/100\n|\n|upkeep\n|turn|10\n|\n|t:|1700399904\n|switch|p1a: Ninetales|Ninetales-Alola, F, shiny|100\/100\n|-weather|Snow|[from] ability: Snow Warning|[of] p1a: Ninetales\n|move|p2a: Hatterene|Nuzzle|p1a: Ninetales\n|-damage|p1a: Ninetales|97\/100\n|-status|p1a: Ninetales|par\n|\n|-weather|Snow|[upkeep]\n|upkeep\n|turn|11\n|\n|t:|1700399914\n|move|p1a: Ninetales|Freeze-Dry|p2a: Hatterene\n|-damage|p2a: Hatterene|38\/100\n|move|p2a: Hatterene|Draining Kiss|p1a: Ninetales\n|-damage|p1a: Ninetales|82\/100 par\n|-heal|p2a: Hatterene|51\/100|[from] drain|[of] p1a: Ninetales\n|\n|-weather|Snow|[upkeep]\n|upkeep\n|turn|12\n|\n|t:|1700399922\n|move|p1a: Ninetales|Aurora Veil|p1a: Ninetales\n|-sidestart|p1: alejandrolpda|move: Aurora Veil\n|move|p2a: Hatterene|Draining Kiss|p1a: Ninetales\n|-damage|p1a: Ninetales|74\/100 par\n|-heal|p2a: Hatterene|58\/100|[from] drain|[of] p1a: Ninetales\n|\n|-weather|Snow|[upkeep]\n|upkeep\n|turn|13\n|\n|t:|1700399931\n|move|p1a: Ninetales|Freeze-Dry|p2a: Hatterene\n|-damage|p2a: Hatterene|37\/100\n|move|p2a: Hatterene|Psyshock|p1a: Ninetales\n|-damage|p1a: Ninetales|58\/100 par\n|\n|-weather|Snow|[upkeep]\n|upkeep\n|turn|14\n|\n|t:|1700399938\n|switch|p2a: Glimmora|Glimmora, F|100\/100\n|move|p1a: Ninetales|Freeze-Dry|p2a: Glimmora\n|-damage|p2a: Glimmora|72\/100\n|-status|p2a: Glimmora|frz\n|\n|-weather|Snow|[upkeep]\n|upkeep\n|turn|15\n|\n|t:|1700399949\n|switch|p1a: Braviary|Braviary-Hisui, M, shiny|100\/100\n|cant|p2a: Glimmora|frz\n|\n|-weather|Snow|[upkeep]\n|upkeep\n|turn|16\n|\n|t:|1700399957\n|cant|p2a: Glimmora|frz\n|move|p1a: Braviary|Psychic|p2a: Glimmora\n|-supereffective|p2a: Glimmora\n|-damage|p2a: Glimmora|0 fnt\n|faint|p2a: Glimmora\n|\n|-weather|Snow|[upkeep]\n|-sideend|p1: alejandrolpda|move: Aurora Veil\n|upkeep\n|\n|t:|1700399961\n|switch|p2a: Greninja|Greninja, M|100\/100\n|turn|17\n|\n|t:|1700399975\n|move|p2a: Greninja|Dark Pulse|p1a: Braviary\n|-supereffective|p1a: Braviary\n|-damage|p1a: Braviary|2\/100\n|-damage|p2a: Greninja|91\/100|[from] item: Life Orb\n|move|p1a: Braviary|Air Slash|p2a: Greninja\n|-damage|p2a: Greninja|0 fnt\n|faint|p2a: Greninja\n|\n|-weather|none\n|upkeep\n|\n|t:|1700399983\n|switch|p2a: Quaquaval|Quaquaval, M|82\/100\n|turn|18\n|\n|t:|1700399987\n|move|p2a: Quaquaval|Aqua Step|p1a: Braviary\n|-crit|p1a: Braviary\n|-damage|p1a: Braviary|0 fnt\n|-boost|p2a: Quaquaval|spe|1\n|faint|p1a: Braviary\n|-ability|p2a: Quaquaval|Moxie|boost\n|-boost|p2a: Quaquaval|atk|1\n|\n|-heal|p2a: Quaquaval|89\/100|[from] item: Leftovers\n|upkeep\n|\n|t:|1700399996\n|switch|p1a: Sinistcha|Sinistcha|100\/100\n|turn|19\n|\n|t:|1700400001\n|-terastallize|p2a: Quaquaval|Fighting\n|move|p2a: Quaquaval|Swords Dance|p2a: Quaquaval\n|-boost|p2a: Quaquaval|atk|2\n|move|p1a: Sinistcha|Matcha Gotcha|p2a: Quaquaval\n|-damage|p2a: Quaquaval|23\/100\n|\n|-heal|p2a: Quaquaval|29\/100|[from] item: Leftovers\n|upkeep\n|turn|20\n|\n|t:|1700400012\n|move|p2a: Quaquaval|Ice Spinner|p1a: Sinistcha\n|-supereffective|p1a: Sinistcha\n|-damage|p1a: Sinistcha|0 fnt\n|faint|p1a: Sinistcha\n|-ability|p2a: Quaquaval|Moxie|boost\n|-boost|p2a: Quaquaval|atk|1\n|\n|-heal|p2a: Quaquaval|35\/100|[from] item: Leftovers\n|upkeep\n|\n|t:|1700400022\n|switch|p1a: Ninetales|Ninetales-Alola, F, shiny|58\/100 par\n|-weather|Snow|[from] ability: Snow Warning|[of] p1a: Ninetales\n|turn|21\n|\n|t:|1700400026\n|move|p2a: Quaquaval|Aqua Step|p1a: Ninetales\n|-damage|p1a: Ninetales|0 fnt\n|-boost|p2a: Quaquaval|spe|1\n|faint|p1a: Ninetales\n|-ability|p2a: Quaquaval|Moxie|boost\n|-boost|p2a: Quaquaval|atk|1\n|\n|-weather|Snow|[upkeep]\n|-heal|p2a: Quaquaval|41\/100|[from] item: Leftovers\n|upkeep\n|\n|t:|1700400034\n|switch|p1a: Sandslash|Sandslash-Alola, M, shiny|76\/100\n|turn|22\n|\n|t:|1700400038\n|move|p2a: Quaquaval|Close Combat|p1a: Sandslash\n|-supereffective|p1a: Sandslash\n|-damage|p1a: Sandslash|0 fnt\n|-unboost|p2a: Quaquaval|def|1\n|-unboost|p2a: Quaquaval|spd|1\n|faint|p1a: Sandslash\n|-ability|p2a: Quaquaval|Moxie|boost\n|-boost|p2a: Quaquaval|atk|1\n|\n|-weather|Snow|[upkeep]\n|-heal|p2a: Quaquaval|47\/100|[from] item: Leftovers\n|upkeep\n|\n|t:|1700400047\n|switch|p1a: Infernape|Infernape, M, shiny|100\/100\n|turn|23\n|\n|t:|1700400050\n|move|p2a: Quaquaval|Aqua Step|p1a: Infernape\n|-supereffective|p1a: Infernape\n|-damage|p1a: Infernape|0 fnt\n|-boost|p2a: Quaquaval|spe|1\n|faint|p1a: Infernape\n|\n|win|disenchanted2914\n|raw|alejandrolpda's rating: 1287 &rarr; <strong>1267<\/strong><br \/>(-20 for losing)\n|raw|disenchanted2914's rating: 1352 &rarr; <strong>1368<\/strong><br \/>(+16 for winning)\n|c|\u2606disenchanted2914|gg\n|l|\u2606alejandrolpda\n","uploadtime":1700400232,"views":8,"p1id":"alejandrolpda","p2id":"disenchanted2914","formatid":"gen9ou","rating":1267,"private":0,"password":""}