{"id":"gen9ou-1989879163","p1":"RovaRed","p2":"Jibasnap","format":"[Gen 9] OU","log":"|j|\u2606RovaRed\n|j|\u2606Jibasnap\n|t:|1699903337\n|gametype|singles\n|player|p1|RovaRed|wicke|1451\n|player|p2|Jibasnap|shadowtriad|1505\n|teamsize|p1|6\n|teamsize|p2|6\n|gen|9\n|tier|[Gen 9] OU\n|rated|\n|rule|Sleep Clause Mod: Limit one foe put to sleep\n|rule|Species Clause: Limit one of each Pok\u00e9mon\n|rule|OHKO Clause: OHKO moves are banned\n|rule|Evasion Items Clause: Evasion items are banned\n|rule|Evasion Moves Clause: Evasion moves are banned\n|rule|Endless Battle Clause: Forcing endless battles is banned\n|rule|HP Percentage Mod: HP is shown in percentages\n|clearpoke\n|poke|p1|Shiftry, F|\n|poke|p1|Iron Moth|\n|poke|p1|Rillaboom, F|\n|poke|p1|Brambleghast, F|\n|poke|p1|Sneasler, M|\n|poke|p1|Great Tusk|\n|poke|p2|Gholdengo|\n|poke|p2|Great Tusk|\n|poke|p2|Kingambit, M|\n|poke|p2|Sneasler, M|\n|poke|p2|Slowking-Galar, F|\n|poke|p2|Enamorus, F|\n|teampreview\n|\n|t:|1699903342\n|start\n|switch|p1a: The Fumble|Shiftry, F|100\/100\n|switch|p2a: Sneasler|Sneasler, M|100\/100\n|turn|1\n|\n|t:|1699903349\n|move|p2a: Sneasler|U-turn|p1a: The Fumble\n|-supereffective|p1a: The Fumble\n|-enditem|p1a: The Fumble|Focus Sash\n|-damage|p1a: The Fumble|1\/100\n|\n|t:|1699903354\n|switch|p2a: Great Tusk|Great Tusk|100\/100|[from] U-turn\n|move|p1a: The Fumble|Tailwind|p1a: The Fumble\n|-sidestart|p1: RovaRed|move: Tailwind\n|-ability|p1a: The Fumble|Wind Rider|boost\n|-boost|p1a: The Fumble|atk|1\n|\n|upkeep\n|turn|2\n|\n|t:|1699903366\n|move|p1a: The Fumble|Explosion|p2a: Great Tusk\n|-damage|p2a: Great Tusk|24\/100\n|faint|p1a: The Fumble\n|move|p2a: Great Tusk|Rapid Spin|p1: The Fumble|[notarget]\n|-fail|p2a: Great Tusk\n|\n|upkeep\n|\n|t:|1699903372\n|switch|p1a: The Tumble|Brambleghast, F|100\/100\n|-ability|p1a: The Tumble|Wind Rider|boost\n|-boost|p1a: The Tumble|atk|1\n|turn|3\n|\n|t:|1699903381\n|move|p1a: The Tumble|Bullet Seed|p2a: Great Tusk\n|-supereffective|p2a: Great Tusk\n|-damage|p2a: Great Tusk|0 fnt\n|faint|p2a: Great Tusk\n|-end|p2a: Great Tusk|Protosynthesis|[silent]\n|-hitcount|p2: Great Tusk|1\n|\n|upkeep\n|\n|t:|1699903390\n|switch|p2a: Gholdengo|Gholdengo|100\/100\n|-item|p2a: Gholdengo|Air Balloon\n|turn|4\n|\n|t:|1699903406\n|move|p1a: The Tumble|Poltergeist|p2a: Gholdengo\n|-activate|p2a: Gholdengo|move: Poltergeist|Air Balloon\n|-supereffective|p2a: Gholdengo\n|-damage|p2a: Gholdengo|0 fnt\n|-enditem|p2a: Gholdengo|Air Balloon\n|faint|p2a: Gholdengo\n|\n|-sideend|p1: RovaRed|move: Tailwind\n|upkeep\n|\n|t:|1699903412\n|switch|p2a: Slowking|Slowking-Galar, F|100\/100\n|turn|5\n|\n|t:|1699903423\n|move|p1a: The Tumble|Poltergeist|p2a: Slowking\n|-activate|p2a: Slowking|move: Poltergeist|Heavy-Duty Boots\n|-supereffective|p2a: Slowking\n|-crit|p2a: Slowking\n|-damage|p2a: Slowking|0 fnt\n|faint|p2a: Slowking\n|\n|upkeep\n|\n|t:|1699903429\n|switch|p2a: Kingambit|Kingambit, M|100\/100\n|-activate|p2a: Kingambit|ability: Supreme Overlord\n|-start|p2a: Kingambit|fallen3|[silent]\n|turn|6\n|\n|t:|1699903437\n|-terastallize|p1a: The Tumble|Fighting\n|move|p1a: The Tumble|Tera Blast|p2a: Kingambit|[anim] Tera Blast Fighting\n|-supereffective|p2a: Kingambit\n|-damage|p2a: Kingambit|0 fnt\n|faint|p2a: Kingambit\n|-end|p2a: Kingambit|fallen3|[silent]\n|\n|upkeep\n|\n|t:|1699903440\n|switch|p2a: Enamorus|Enamorus, F|100\/100\n|turn|7\n|\n|t:|1699903456\n|move|p2a: Enamorus|Moonblast|p1a: The Tumble\n|-supereffective|p1a: The Tumble\n|-damage|p1a: The Tumble|0 fnt\n|faint|p1a: The Tumble\n|\n|upkeep\n|\n|t:|1699903473\n|switch|p1a: Ron Moth|Iron Moth|100\/100\n|-enditem|p1a: Ron Moth|Booster Energy\n|-activate|p1a: Ron Moth|ability: Quark Drive|[fromitem]\n|-start|p1a: Ron Moth|quarkdrivespe\n|turn|8\n|\n|t:|1699903480\n|move|p1a: Ron Moth|Sludge Wave|p2a: Enamorus\n|-supereffective|p2a: Enamorus\n|-damage|p2a: Enamorus|0 fnt\n|faint|p2a: Enamorus\n|\n|upkeep\n|\n|t:|1699903481\n|switch|p2a: Sneasler|Sneasler, M|100\/100\n|turn|9\n|\n|t:|1699903490\n|move|p2a: Sneasler|Dire Claw|p1a: Ron Moth\n|-resisted|p1a: Ron Moth\n|-damage|p1a: Ron Moth|72\/100\n|move|p1a: Ron Moth|Fiery Dance|p2a: Sneasler\n|-damage|p2a: Sneasler|48\/100\n|-boost|p1a: Ron Moth|spa|1\n|\n|upkeep\n|turn|10\n|\n|t:|1699903500\n|move|p2a: Sneasler|Dire Claw|p1a: Ron Moth\n|-resisted|p1a: Ron Moth\n|-damage|p1a: Ron Moth|43\/100\n|move|p1a: Ron Moth|Fiery Dance|p2a: Sneasler\n|-damage|p2a: Sneasler|0 fnt\n|-boost|p1a: Ron Moth|spa|1\n|faint|p2a: Sneasler\n|\n|win|RovaRed\n|raw|RovaRed's rating: 1451 &rarr; <strong>1474<\/strong><br \/>(+23 for winning)\n|raw|Jibasnap's rating: 1505 &rarr; <strong>1482<\/strong><br \/>(-23 for losing)\n|l|\u2606Jibasnap\n","uploadtime":1699903546,"views":11,"p1id":"rovared","p2id":"jibasnap","formatid":"gen9ou","rating":1474,"private":0,"password":""}