{"id":"gen9ou-1996421460","p1":"darkkevo","p2":"Vidder9","format":"[Gen 9] OU","log":"|j|\u2606darkkevo\n|j|\u2606Vidder9\n|t:|1700680418\n|gametype|singles\n|player|p1|darkkevo|265|1110\n|player|p2|Vidder9|170|1114\n|teamsize|p1|6\n|teamsize|p2|6\n|gen|9\n|tier|[Gen 9] OU\n|rated|\n|rule|Sleep Clause Mod: Limit one foe put to sleep\n|rule|Species Clause: Limit one of each Pok\u00e9mon\n|rule|OHKO Clause: OHKO moves are banned\n|rule|Evasion Items Clause: Evasion items are banned\n|rule|Evasion Moves Clause: Evasion moves are banned\n|rule|Endless Battle Clause: Forcing endless battles is banned\n|rule|HP Percentage Mod: HP is shown in percentages\n|clearpoke\n|poke|p1|Manaphy|\n|poke|p1|Kingambit, F|\n|poke|p1|Ribombee, F|\n|poke|p1|Gholdengo|\n|poke|p1|Iron Moth|\n|poke|p1|Passimian, F|\n|poke|p2|Ninetales-Alola, F|\n|poke|p2|Rillaboom, F|\n|poke|p2|Samurott-Hisui, M|\n|poke|p2|Dondozo, M|\n|poke|p2|Slowking-Galar, M|\n|poke|p2|Grafaiai, M|\n|teampreview\n|\n|t:|1700680447\n|start\n|switch|p1a: Iron Moth|Iron Moth|100\/100\n|switch|p2a: Slowking|Slowking-Galar, M|100\/100\n|-enditem|p1a: Iron Moth|Booster Energy\n|-activate|p1a: Iron Moth|ability: Quark Drive|[fromitem]\n|-start|p1a: Iron Moth|quarkdrivespe\n|turn|1\n|inactive|Battle timer is ON: inactive players will automatically lose when time's up. (requested by Vidder9)\n|\n|t:|1700680458\n|move|p1a: Iron Moth|Substitute|p1a: Iron Moth\n|-start|p1a: Iron Moth|Substitute\n|-damage|p1a: Iron Moth|76\/100\n|move|p2a: Slowking|Psychic|p1a: Iron Moth\n|-supereffective|p1a: Iron Moth\n|-end|p1a: Iron Moth|Substitute\n|\n|upkeep\n|turn|2\n|\n|t:|1700680464\n|-end|p1a: Iron Moth|Quark Drive|[silent]\n|switch|p1a: Kingambit|Kingambit, F|100\/100\n|move|p2a: Slowking|Toxic Spikes|p1a: Kingambit\n|-sidestart|p1: darkkevo|move: Toxic Spikes\n|\n|upkeep\n|turn|3\n|\n|t:|1700680470\n|move|p1a: Kingambit|Swords Dance|p1a: Kingambit\n|-boost|p1a: Kingambit|atk|2\n|move|p2a: Slowking|Flamethrower|p1a: Kingambit\n|-supereffective|p1a: Kingambit\n|-damage|p1a: Kingambit|24\/100\n|\n|upkeep\n|turn|4\n|\n|t:|1700680474\n|move|p1a: Kingambit|Sucker Punch|p2a: Slowking\n|-supereffective|p2a: Slowking\n|-damage|p2a: Slowking|0 fnt\n|faint|p2a: Slowking\n|\n|upkeep\n|\n|t:|1700680478\n|switch|p2a: Rillaboom|Rillaboom, F|100\/100\n|-fieldstart|move: Grassy Terrain|[from] ability: Grassy Surge|[of] p2a: Rillaboom\n|turn|5\n|\n|t:|1700680486\n|-terastallize|p2a: Rillaboom|Grass\n|move|p2a: Rillaboom|Grassy Glide|p1a: Kingambit\n|-resisted|p1a: Kingambit\n|-damage|p1a: Kingambit|3\/100\n|move|p1a: Kingambit|Kowtow Cleave|p2a: Rillaboom\n|-damage|p2a: Rillaboom|0 fnt\n|faint|p2a: Rillaboom\n|\n|-heal|p1a: Kingambit|9\/100|[from] Grassy Terrain\n|upkeep\n|\n|t:|1700680497\n|switch|p2a: Samurott|Samurott-Hisui, M|100\/100\n|turn|6\n|\n|t:|1700680504\n|move|p1a: Kingambit|Sucker Punch|p2a: Samurott\n|-resisted|p2a: Samurott\n|-damage|p2a: Samurott|39\/100\n|move|p2a: Samurott|Ceaseless Edge|p1a: Kingambit\n|-resisted|p1a: Kingambit\n|-damage|p1a: Kingambit|0 fnt\n|-sidestart|p1: darkkevo|Spikes\n|faint|p1a: Kingambit\n|-end|p1a: Kingambit|fallenundefined|[silent]\n|\n|-heal|p2a: Samurott|45\/100|[from] Grassy Terrain\n|upkeep\n|\n|t:|1700680531\n|switch|p1a: Ribombee|Ribombee, F, shiny|100\/100\n|-status|p1a: Ribombee|psn\n|-damage|p1a: Ribombee|88\/100 psn|[from] Spikes\n|turn|7\n|\n|t:|1700680545\n|move|p1a: Ribombee|Sticky Web|p2a: Samurott\n|-sidestart|p2: Vidder9|move: Sticky Web\n|move|p2a: Samurott|Aqua Cutter|p1a: Ribombee\n|-damage|p1a: Ribombee|0 fnt\n|faint|p1a: Ribombee\n|\n|-heal|p2a: Samurott|52\/100|[from] Grassy Terrain\n|upkeep\n|\n|t:|1700680558\n|switch|p1a: Iron Moth|Iron Moth|76\/100\n|-sideend|p1: darkkevo|move: Toxic Spikes|[of] p1a: Iron Moth\n|-damage|p1a: Iron Moth|63\/100|[from] Spikes\n|turn|8\n|\n|t:|1700680568\n|move|p1a: Iron Moth|Dazzling Gleam|p2a: Samurott\n|-supereffective|p2a: Samurott\n|-crit|p2a: Samurott\n|-damage|p2a: Samurott|0 fnt\n|faint|p2a: Samurott\n|\n|-heal|p1a: Iron Moth|69\/100|[from] Grassy Terrain\n|upkeep\n|\n|t:|1700680580\n|switch|p2a: Dondozo|Dondozo, M, shiny|100\/100\n|-activate|p2a: Dondozo|move: Sticky Web\n|-unboost|p2a: Dondozo|spe|1\n|turn|9\n|\n|t:|1700680587\n|move|p1a: Iron Moth|Substitute|p1a: Iron Moth\n|-start|p1a: Iron Moth|Substitute\n|-damage|p1a: Iron Moth|44\/100\n|move|p2a: Dondozo|Yawn||[still]\n|-fail|p2a: Dondozo\n|\n|-heal|p1a: Iron Moth|50\/100|[from] Grassy Terrain\n|upkeep\n|turn|10\n|\n|t:|1700680598\n|move|p1a: Iron Moth|Psychic|p2a: Dondozo\n|-damage|p2a: Dondozo|72\/100\n|move|p2a: Dondozo|Wave Crash|p1a: Iron Moth\n|-supereffective|p1a: Iron Moth\n|-end|p1a: Iron Moth|Substitute\n|-damage|p2a: Dondozo|67\/100|[from] Recoil|[of] p1a: Iron Moth\n|\n|-heal|p1a: Iron Moth|56\/100|[from] Grassy Terrain\n|-heal|p2a: Dondozo|73\/100|[from] Grassy Terrain\n|-heal|p2a: Dondozo|79\/100|[from] item: Leftovers\n|upkeep\n|turn|11\n|\n|t:|1700680615\n|move|p1a: Iron Moth|Psychic|p2a: Dondozo\n|-damage|p2a: Dondozo|52\/100\n|move|p2a: Dondozo|Wave Crash|p1a: Iron Moth\n|-supereffective|p1a: Iron Moth\n|-damage|p1a: Iron Moth|0 fnt\n|faint|p1a: Iron Moth\n|-end|p1a: Iron Moth|Quark Drive|[silent]\n|-damage|p2a: Dondozo|41\/100|[from] Recoil\n|\n|-heal|p2a: Dondozo|47\/100|[from] Grassy Terrain\n|-heal|p2a: Dondozo|53\/100|[from] item: Leftovers\n|upkeep\n|\n|t:|1700680626\n|switch|p1a: Passimian|Passimian, F|100\/100\n|-damage|p1a: Passimian|88\/100|[from] Spikes\n|turn|12\n|\n|t:|1700680632\n|-terastallize|p1a: Passimian|Fighting\n|move|p1a: Passimian|Close Combat|p2a: Dondozo\n|-damage|p2a: Dondozo|0 fnt\n|-unboost|p1a: Passimian|def|1\n|-unboost|p1a: Passimian|spd|1\n|faint|p2a: Dondozo\n|\n|-heal|p1a: Passimian|94\/100|[from] Grassy Terrain\n|-fieldend|move: Grassy Terrain\n|upkeep\n|\n|t:|1700680639\n|switch|p2a: Ninetales|Ninetales-Alola, F|100\/100\n|-activate|p2a: Ninetales|move: Sticky Web\n|-unboost|p2a: Ninetales|spe|1\n|-weather|Snow|[from] ability: Snow Warning|[of] p2a: Ninetales\n|turn|13\n|\n|t:|1700680652\n|move|p1a: Passimian|Close Combat|p2a: Ninetales\n|-damage|p2a: Ninetales|0 fnt\n|-unboost|p1a: Passimian|def|1\n|-unboost|p1a: Passimian|spd|1\n|faint|p2a: Ninetales\n|\n|-weather|Snow|[upkeep]\n|upkeep\n|\n|t:|1700680655\n|switch|p2a: Grafaiai|Grafaiai, M|100\/100\n|-activate|p2a: Grafaiai|move: Sticky Web\n|-unboost|p2a: Grafaiai|spe|1\n|turn|14\n|\n|t:|1700680662\n|move|p1a: Passimian|Close Combat|p2a: Grafaiai\n|-damage|p2a: Grafaiai|0 fnt\n|-unboost|p1a: Passimian|def|1\n|-unboost|p1a: Passimian|spd|1\n|faint|p2a: Grafaiai\n|\n|win|darkkevo\n|raw|darkkevo's rating: 1110 &rarr; <strong>1135<\/strong><br \/>(+25 for winning)\n|raw|Vidder9's rating: 1114 &rarr; <strong>1089<\/strong><br \/>(-25 for losing)\n|l|\u2606Vidder9\n","uploadtime":1700680671,"views":6,"p1id":"darkkevo","p2id":"vidder9","formatid":"gen9ou","rating":1089,"private":0,"password":""}