{"id":"gen9ou-1996909828","p1":"Jirachi0997","p2":"Diatere","format":"[Gen 9] OU","log":"|j|\u2606Jirachi0997\n|j|\u2606Diatere\n|t:|1700743589\n|gametype|singles\n|player|p1|Jirachi0997|266|1374\n|player|p2|Diatere|mina|1369\n|teamsize|p1|6\n|teamsize|p2|6\n|gen|9\n|tier|[Gen 9] OU\n|rated|\n|rule|Sleep Clause Mod: Limit one foe put to sleep\n|rule|Species Clause: Limit one of each Pok\u00e9mon\n|rule|OHKO Clause: OHKO moves are banned\n|rule|Evasion Items Clause: Evasion items are banned\n|rule|Evasion Moves Clause: Evasion moves are banned\n|rule|Endless Battle Clause: Forcing endless battles is banned\n|rule|HP Percentage Mod: HP is shown in percentages\n|clearpoke\n|poke|p1|Garganacl, M|\n|poke|p1|Great Tusk|\n|poke|p1|Gholdengo|\n|poke|p1|Iron Valiant|\n|poke|p1|Dragonite, F|\n|poke|p1|Zapdos|\n|poke|p2|Ninetales-Alola, M|\n|poke|p2|Hatterene, F|\n|poke|p2|Manaphy|\n|poke|p2|Ogerpon-Cornerstone, F|\n|poke|p2|Rillaboom, M|\n|poke|p2|Iron Valiant|\n|teampreview\n|\n|t:|1700743597\n|start\n|switch|p1a: Zapdos|Zapdos|100\/100\n|switch|p2a: Tavros|Ninetales-Alola, M|100\/100\n|-weather|Snow|[from] ability: Snow Warning|[of] p2a: Tavros\n|turn|1\n|\n|t:|1700743614\n|switch|p1a: Garganacl|Garganacl, M|100\/100\n|move|p2a: Tavros|Aurora Veil|p2a: Tavros\n|-sidestart|p2: Diatere|move: Aurora Veil\n|\n|-weather|Snow|[upkeep]\n|upkeep\n|turn|2\n|\n|t:|1700743619\n|switch|p2a: Gamzee|Rillaboom, M|100\/100\n|-fieldstart|move: Grassy Terrain|[from] ability: Grassy Surge|[of] p2a: Gamzee\n|move|p1a: Garganacl|Salt Cure|p2a: Gamzee\n|-damage|p2a: Gamzee|93\/100\n|-start|p2a: Gamzee|Salt Cure\n|\n|-weather|Snow|[upkeep]\n|-heal|p2a: Gamzee|99\/100|[from] Grassy Terrain\n|-damage|p2a: Gamzee|86\/100|[from] Salt Cure\n|upkeep\n|turn|3\n|\n|t:|1700743629\n|switch|p1a: Zapdos|Zapdos|100\/100\n|move|p2a: Gamzee|Knock Off|p1a: Zapdos\n|-damage|p1a: Zapdos|50\/100\n|-enditem|p1a: Zapdos|Heavy-Duty Boots|[from] move: Knock Off|[of] p2a: Gamzee\n|\n|-weather|Snow|[upkeep]\n|-heal|p2a: Gamzee|93\/100|[from] Grassy Terrain\n|-damage|p2a: Gamzee|80\/100|[from] Salt Cure\n|upkeep\n|turn|4\n|\n|t:|1700743635\n|switch|p2a: Kanaya|Hatterene, F|100\/100\n|-enditem|p2a: Kanaya|Grassy Seed\n|-boost|p2a: Kanaya|def|1|[from] item: Grassy Seed\n|move|p1a: Zapdos|Roost|p1a: Zapdos\n|-heal|p1a: Zapdos|100\/100\n|-singleturn|p1a: Zapdos|move: Roost\n|\n|-weather|Snow|[upkeep]\n|upkeep\n|turn|5\n|\n|t:|1700743641\n|switch|p1a: Garganacl|Garganacl, M|100\/100\n|move|p2a: Kanaya|Calm Mind|p2a: Kanaya\n|-boost|p2a: Kanaya|spa|1\n|-boost|p2a: Kanaya|spd|1\n|\n|-weather|none\n|upkeep\n|turn|6\n|\n|t:|1700743648\n|move|p2a: Kanaya|Draining Kiss|p1a: Garganacl\n|-damage|p1a: Garganacl|72\/100\n|move|p1a: Garganacl|Salt Cure|p2a: Kanaya\n|-damage|p2a: Kanaya|96\/100\n|-start|p2a: Kanaya|Salt Cure\n|\n|-heal|p2a: Kanaya|100\/100|[from] Grassy Terrain\n|-heal|p1a: Garganacl|78\/100|[from] Grassy Terrain\n|-heal|p1a: Garganacl|85\/100|[from] item: Leftovers\n|-damage|p2a: Kanaya|88\/100|[from] Salt Cure\n|-fieldend|move: Grassy Terrain\n|upkeep\n|turn|7\n|\n|t:|1700743659\n|move|p2a: Kanaya|Calm Mind|p2a: Kanaya\n|-boost|p2a: Kanaya|spa|1\n|-boost|p2a: Kanaya|spd|1\n|move|p1a: Garganacl|Recover|p1a: Garganacl\n|-heal|p1a: Garganacl|100\/100\n|\n|-damage|p2a: Kanaya|76\/100|[from] Salt Cure\n|upkeep\n|turn|8\n|\n|t:|1700743667\n|move|p2a: Kanaya|Calm Mind|p2a: Kanaya\n|-boost|p2a: Kanaya|spa|1\n|-boost|p2a: Kanaya|spd|1\n|move|p1a: Garganacl|Curse|p1a: Garganacl\n|-unboost|p1a: Garganacl|spe|1\n|-boost|p1a: Garganacl|atk|1\n|-boost|p1a: Garganacl|def|1\n|\n|-damage|p2a: Kanaya|64\/100|[from] Salt Cure\n|-sideend|p2: Diatere|move: Aurora Veil\n|upkeep\n|turn|9\n|\n|t:|1700743673\n|move|p2a: Kanaya|Draining Kiss|p1a: Garganacl\n|-damage|p1a: Garganacl|51\/100\n|-heal|p2a: Kanaya|100\/100|[from] drain|[of] p1a: Garganacl\n|move|p1a: Garganacl|Earthquake|p2a: Kanaya\n|-damage|p2a: Kanaya|82\/100\n|\n|-heal|p1a: Garganacl|57\/100|[from] item: Leftovers\n|-damage|p2a: Kanaya|69\/100|[from] Salt Cure\n|upkeep\n|turn|10\n|\n|t:|1700743682\n|switch|p1a: Gholdengo|Gholdengo|100\/100\n|-item|p1a: Gholdengo|Air Balloon\n|move|p2a: Kanaya|Draining Kiss|p1a: Gholdengo\n|-resisted|p1a: Gholdengo\n|-damage|p1a: Gholdengo|66\/100\n|-heal|p2a: Kanaya|95\/100|[from] drain|[of] p1a: Gholdengo\n|-enditem|p1a: Gholdengo|Air Balloon\n|\n|-damage|p2a: Kanaya|83\/100|[from] Salt Cure\n|upkeep\n|turn|11\n|\n|t:|1700743685\n|move|p1a: Gholdengo|Make It Rain|p2a: Kanaya\n|-supereffective|p2a: Kanaya\n|-damage|p2a: Kanaya|33\/100\n|-unboost|p1a: Gholdengo|spa|1\n|move|p2a: Kanaya|Mystical Fire|p1a: Gholdengo\n|-supereffective|p1a: Gholdengo\n|-damage|p1a: Gholdengo|0 fnt\n|faint|p1a: Gholdengo\n|\n|-damage|p2a: Kanaya|21\/100|[from] Salt Cure\n|upkeep\n|\n|t:|1700743692\n|switch|p1a: Great Tusk|Great Tusk|100\/100\n|turn|12\n|\n|t:|1700743697\n|move|p1a: Great Tusk|Headlong Rush|p2a: Kanaya\n|-damage|p2a: Kanaya|0 fnt\n|-unboost|p1a: Great Tusk|def|1\n|-unboost|p1a: Great Tusk|spd|1\n|faint|p2a: Kanaya\n|\n|upkeep\n|\n|t:|1700743701\n|switch|p2a: Gamzee|Rillaboom, M|80\/100\n|-fieldstart|move: Grassy Terrain|[from] ability: Grassy Surge|[of] p2a: Gamzee\n|turn|13\n|\n|t:|1700743704\n|-end|p1a: Great Tusk|Protosynthesis|[silent]\n|switch|p1a: Zapdos|Zapdos|100\/100\n|move|p2a: Gamzee|Grassy Glide|p1a: Zapdos\n|-resisted|p1a: Zapdos\n|-damage|p1a: Zapdos|73\/100\n|-status|p2a: Gamzee|par|[from] ability: Static|[of] p1a: Zapdos\n|\n|-heal|p2a: Gamzee|86\/100 par|[from] Grassy Terrain\n|upkeep\n|turn|14\n|\n|t:|1700743714\n|switch|p2a: Tavros|Ninetales-Alola, M|100\/100\n|-weather|Snow|[from] ability: Snow Warning|[of] p2a: Tavros\n|move|p1a: Zapdos|Hurricane|p2a: Tavros|[miss]\n|-miss|p1a: Zapdos|p2a: Tavros\n|\n|-weather|Snow|[upkeep]\n|upkeep\n|turn|15\n|\n|t:|1700743719\n|switch|p1a: Garganacl|Garganacl, M|57\/100\n|move|p2a: Tavros|Aurora Veil|p2a: Tavros\n|-sidestart|p2: Diatere|move: Aurora Veil\n|\n|-weather|Snow|[upkeep]\n|-heal|p1a: Garganacl|63\/100|[from] Grassy Terrain\n|-heal|p1a: Garganacl|69\/100|[from] item: Leftovers\n|upkeep\n|turn|16\n|\n|t:|1700743729\n|switch|p2a: Terezi|Ogerpon-Cornerstone, F|100\/100\n|move|p1a: Garganacl|Salt Cure|p2a: Terezi\n|-damage|p2a: Terezi|92\/100\n|-start|p2a: Terezi|Salt Cure\n|\n|-weather|Snow|[upkeep]\n|-heal|p2a: Terezi|98\/100|[from] Grassy Terrain\n|-heal|p1a: Garganacl|75\/100|[from] Grassy Terrain\n|-heal|p1a: Garganacl|82\/100|[from] item: Leftovers\n|-damage|p2a: Terezi|85\/100|[from] Salt Cure\n|upkeep\n|turn|17\n|\n|t:|1700743740\n|move|p2a: Terezi|Swords Dance|p2a: Terezi\n|-boost|p2a: Terezi|atk|2\n|move|p1a: Garganacl|Curse|p1a: Garganacl\n|-unboost|p1a: Garganacl|spe|1\n|-boost|p1a: Garganacl|atk|1\n|-boost|p1a: Garganacl|def|1\n|\n|-weather|Snow|[upkeep]\n|-heal|p2a: Terezi|91\/100|[from] Grassy Terrain\n|-heal|p1a: Garganacl|88\/100|[from] Grassy Terrain\n|-heal|p1a: Garganacl|94\/100|[from] item: Leftovers\n|-damage|p2a: Terezi|79\/100|[from] Salt Cure\n|-fieldend|move: Grassy Terrain\n|upkeep\n|turn|18\n|\n|t:|1700743750\n|move|p2a: Terezi|Low Kick|p1a: Garganacl\n|-supereffective|p1a: Garganacl\n|-damage|p1a: Garganacl|24\/100\n|move|p1a: Garganacl|Earthquake|p2a: Terezi\n|-damage|p2a: Terezi|58\/100\n|\n|-weather|none\n|-heal|p1a: Garganacl|30\/100|[from] item: Leftovers\n|-damage|p2a: Terezi|46\/100|[from] Salt Cure\n|upkeep\n|turn|19\n|\n|t:|1700743755\n|move|p2a: Terezi|Low Kick|p1a: Garganacl\n|-supereffective|p1a: Garganacl\n|-damage|p1a: Garganacl|0 fnt\n|faint|p1a: Garganacl\n|\n|-damage|p2a: Terezi|33\/100|[from] Salt Cure\n|upkeep\n|\n|t:|1700743758\n|switch|p1a: Great Tusk|Great Tusk|100\/100\n|turn|20\n|\n|t:|1700743760\n|-terastallize|p1a: Great Tusk|Dragon\n|move|p2a: Terezi|Power Whip|p1a: Great Tusk|[miss]\n|-miss|p2a: Terezi|p1a: Great Tusk\n|move|p1a: Great Tusk|Headlong Rush|p2a: Terezi\n|-damage|p2a: Terezi|0 fnt\n|-unboost|p1a: Great Tusk|def|1\n|-unboost|p1a: Great Tusk|spd|1\n|faint|p2a: Terezi\n|\n|upkeep\n|\n|t:|1700743767\n|switch|p2a: Tavros|Ninetales-Alola, M|100\/100\n|-weather|Snow|[from] ability: Snow Warning|[of] p2a: Tavros\n|turn|21\n|\n|t:|1700743771\n|move|p2a: Tavros|Moonblast|p1a: Great Tusk\n|-supereffective|p1a: Great Tusk\n|-damage|p1a: Great Tusk|0 fnt\n|faint|p1a: Great Tusk\n|-end|p1a: Great Tusk|Protosynthesis|[silent]\n|\n|-weather|Snow|[upkeep]\n|upkeep\n|\n|t:|1700743775\n|switch|p1a: Dragonite|Dragonite, F|100\/100\n|turn|22\n|\n|t:|1700743781\n|move|p2a: Tavros|Moonblast|p1a: Dragonite\n|-supereffective|p1a: Dragonite\n|-damage|p1a: Dragonite|74\/100\n|move|p1a: Dragonite|Dragon Dance|p1a: Dragonite\n|-boost|p1a: Dragonite|atk|1\n|-boost|p1a: Dragonite|spe|1\n|\n|-weather|Snow|[upkeep]\n|-sideend|p2: Diatere|move: Aurora Veil\n|upkeep\n|turn|23\n|\n|t:|1700743788\n|move|p1a: Dragonite|Extreme Speed|p2a: Tavros\n|-damage|p2a: Tavros|65\/100\n|move|p2a: Tavros|Aurora Veil|p2a: Tavros\n|-sidestart|p2: Diatere|move: Aurora Veil\n|\n|-weather|Snow|[upkeep]\n|upkeep\n|turn|24\n|l|\u2606Jirachi0997\n|player|p1|\n|inactive|Battle timer is ON: inactive players will automatically lose when time's up. (requested by Diatere)\n|inactive|Jirachi0997 has 30 seconds to reconnect!\n|inactive|Jirachi0997 has 20 seconds to reconnect!\n|inactive|Jirachi0997 has 15 seconds to reconnect!\n|inactive|Jirachi0997 has 10 seconds to reconnect!\n|inactive|Jirachi0997 has 5 seconds to reconnect!\n|-message|Jirachi0997 lost due to inactivity.\n|\n|win|Diatere\n|raw|Jirachi0997's rating: 1374 &rarr; <strong>1354<\/strong><br \/>(-20 for losing)\n|raw|Diatere's rating: 1369 &rarr; <strong>1389<\/strong><br \/>(+20 for winning)\n","uploadtime":1700743907,"views":1,"p1id":"jirachi0997","p2id":"diatere","formatid":"gen9ou","rating":1354,"private":0,"password":""}