{"id":"gen9ou-1991688175","p1":"outu yuhh","p2":"alt no. 597","format":"[Gen 9] OU","log":"|j|\u2606outu yuhh\n|j|\u2606alt no. 597\n|t:|1700102815\n|gametype|singles\n|player|p1|outu yuhh|steven-masters2|1576\n|player|p2|alt no. 597|acetrainersnowf|1729\n|teamsize|p1|6\n|teamsize|p2|6\n|gen|9\n|tier|[Gen 9] OU\n|rated|\n|rule|Sleep Clause Mod: Limit one foe put to sleep\n|rule|Species Clause: Limit one of each Pok\u00e9mon\n|rule|OHKO Clause: OHKO moves are banned\n|rule|Evasion Items Clause: Evasion items are banned\n|rule|Evasion Moves Clause: Evasion moves are banned\n|rule|Endless Battle Clause: Forcing endless battles is banned\n|rule|HP Percentage Mod: HP is shown in percentages\n|clearpoke\n|poke|p1|Landorus-Therian, M|\n|poke|p1|Gholdengo|\n|poke|p1|Masquerain, M|\n|poke|p1|Meowscarada, M|\n|poke|p1|Iron Valiant|\n|poke|p1|Glimmora, M|\n|poke|p2|Tornadus-Therian, M|\n|poke|p2|Heatran, F|\n|poke|p2|Alomomola, M|\n|poke|p2|Great Tusk|\n|poke|p2|Dragapult, M|\n|poke|p2|Clefable, F|\n|teampreview\n|j|+cromagnet\n|\n|t:|1700102845\n|start\n|switch|p1a: Glimmora|Glimmora, M|100\/100\n|switch|p2a: Dragapult|Dragapult, M|100\/100\n|turn|1\n|\n|t:|1700102902\n|move|p2a: Dragapult|Shadow Ball|p1a: Glimmora\n|-damage|p1a: Glimmora|34\/100\n|move|p1a: Glimmora|Stealth Rock|p2a: Dragapult\n|-sidestart|p2: alt no. 597|move: Stealth Rock\n|\n|upkeep\n|turn|2\n|\n|t:|1700102907\n|move|p2a: Dragapult|Shadow Ball|p1a: Glimmora\n|-damage|p1a: Glimmora|0 fnt\n|faint|p1a: Glimmora\n|\n|upkeep\n|j| ratiogod64\n|\n|t:|1700102918\n|switch|p1a: Meowscarada|Meowscarada, M|100\/100\n|turn|3\n|\n|t:|1700102923\n|switch|p2a: Clefable|Clefable, F|100\/100\n|move|p1a: Meowscarada|Knock Off|p2a: Clefable\n|-resisted|p2a: Clefable\n|-damage|p2a: Clefable|78\/100\n|-enditem|p2a: Clefable|Leftovers|[from] move: Knock Off|[of] p1a: Meowscarada\n|-damage|p1a: Meowscarada|91\/100|[from] item: Life Orb\n|\n|upkeep\n|turn|4\n|\n|t:|1700102930\n|switch|p1a: Landorus|Landorus-Therian, M|100\/100\n|-ability|p1a: Landorus|Intimidate|boost\n|-unboost|p2a: Clefable|atk|1\n|move|p2a: Clefable|Stealth Rock|p1a: Landorus\n|-sidestart|p1: outu yuhh|move: Stealth Rock\n|\n|upkeep\n|turn|5\n|c| ratiogod64|a 200 point difference is crazy\n|\n|t:|1700102946\n|-terastallize|p1a: Landorus|Flying\n|move|p1a: Landorus|Tera Blast|p2a: Clefable|[anim] Tera Blast Flying\n|-damage|p2a: Clefable|5\/100\n|move|p2a: Clefable|Moonblast|p1a: Landorus\n|-damage|p1a: Landorus|55\/100\n|\n|upkeep\n|turn|6\n|\n|t:|1700102963\n|move|p1a: Landorus|Tera Blast|p2a: Clefable|[anim] Tera Blast Flying\n|-damage|p2a: Clefable|0 fnt\n|faint|p2a: Clefable\n|\n|upkeep\n|\n|t:|1700102968\n|switch|p2a: Heatran|Heatran, F|100\/100\n|-damage|p2a: Heatran|88\/100|[from] Stealth Rock\n|-item|p2a: Heatran|Air Balloon\n|turn|7\n|\n|t:|1700102972\n|switch|p1a: Masquerain|Masquerain, M|100\/100\n|-damage|p1a: Masquerain|51\/100|[from] Stealth Rock\n|-ability|p1a: Masquerain|Intimidate|boost\n|-unboost|p2a: Heatran|atk|1\n|move|p2a: Heatran|Magma Storm|p1a: Masquerain|[miss]\n|-miss|p2a: Heatran|p1a: Masquerain\n|\n|upkeep\n|turn|8\n|\n|t:|1700102980\n|switch|p2a: Tornadus|Tornadus-Therian, M|100\/100\n|-damage|p2a: Tornadus|75\/100|[from] Stealth Rock\n|move|p1a: Masquerain|Sticky Web|p2a: Tornadus\n|-sidestart|p2: alt no. 597|move: Sticky Web\n|\n|upkeep\n|turn|9\n|\n|t:|1700102986\n|move|p2a: Tornadus|Heat Wave|p1a: Masquerain\n|-supereffective|p1a: Masquerain\n|-damage|p1a: Masquerain|0 fnt\n|faint|p1a: Masquerain\n|\n|upkeep\n|\n|t:|1700102990\n|switch|p1a: Meowscarada|Meowscarada, M|91\/100\n|-damage|p1a: Meowscarada|78\/100|[from] Stealth Rock\n|turn|10\n|\n|t:|1700102997\n|move|p1a: Meowscarada|Knock Off|p2a: Tornadus\n|-damage|p2a: Tornadus|13\/100\n|-enditem|p2a: Tornadus|Assault Vest|[from] move: Knock Off|[of] p1a: Meowscarada\n|-damage|p1a: Meowscarada|68\/100|[from] item: Life Orb\n|move|p2a: Tornadus|U-turn|p1a: Meowscarada\n|-supereffective|p1a: Meowscarada\n|-damage|p1a: Meowscarada|0 fnt\n|faint|p1a: Meowscarada\n|\n|t:|1700103007\n|switch|p2a: Heatran|Heatran, F|88\/100|[from] U-turn\n|-damage|p2a: Heatran|76\/100|[from] Stealth Rock\n|-item|p2a: Heatran|Air Balloon\n|\n|upkeep\n|\n|t:|1700103011\n|switch|p1a: Iron Valiant|Iron Valiant|100\/100\n|-damage|p1a: Iron Valiant|94\/100|[from] Stealth Rock\n|turn|11\n|\n|t:|1700103019\n|switch|p2a: Alomomola|Alomomola, M|100\/100\n|-damage|p2a: Alomomola|88\/100|[from] Stealth Rock\n|-activate|p2a: Alomomola|move: Sticky Web\n|-unboost|p2a: Alomomola|spe|1\n|move|p1a: Iron Valiant|Aura Sphere|p2a: Alomomola\n|-damage|p2a: Alomomola|45\/100\n|-enditem|p2a: Alomomola|Red Card|[of] p1a: Iron Valiant\n|-end|p1a: Iron Valiant|Quark Drive|[silent]\n|drag|p1a: Gholdengo|Gholdengo|100\/100\n|-damage|p1a: Gholdengo|94\/100|[from] Stealth Rock\n|-item|p1a: Gholdengo|Air Balloon\n|\n|upkeep\n|turn|12\n|\n|t:|1700103025\n|move|p1a: Gholdengo|Nasty Plot|p1a: Gholdengo\n|-boost|p1a: Gholdengo|spa|2\n|move|p2a: Alomomola|Flip Turn|p1a: Gholdengo\n|-damage|p1a: Gholdengo|80\/100\n|-enditem|p1a: Gholdengo|Air Balloon\n|\n|t:|1700103028\n|switch|p2a: Dragapult|Dragapult, M|100\/100|[from] Flip Turn\n|-damage|p2a: Dragapult|88\/100|[from] Stealth Rock\n|-activate|p2a: Dragapult|move: Sticky Web\n|-fail|p2a: Dragapult|unboost|[from] ability: Clear Body|[of] p2a: Dragapult\n|\n|upkeep\n|turn|13\n|\n|t:|1700103030\n|move|p2a: Dragapult|Shadow Ball|p1a: Gholdengo\n|-supereffective|p1a: Gholdengo\n|-damage|p1a: Gholdengo|0 fnt\n|faint|p1a: Gholdengo\n|\n|upkeep\n|\n|t:|1700103032\n|switch|p1a: Iron Valiant|Iron Valiant|94\/100\n|-damage|p1a: Iron Valiant|88\/100|[from] Stealth Rock\n|turn|14\n|\n|t:|1700103049\n|move|p2a: Dragapult|Shadow Ball|p1a: Iron Valiant\n|-damage|p1a: Iron Valiant|0 fnt\n|faint|p1a: Iron Valiant\n|-end|p1a: Iron Valiant|Quark Drive|[silent]\n|\n|upkeep\n|\n|t:|1700103054\n|switch|p1a: Landorus|Landorus-Therian, M, tera:Flying|55\/100\n|-damage|p1a: Landorus|30\/100|[from] Stealth Rock\n|-ability|p1a: Landorus|Intimidate|boost\n|-fail|p2a: Dragapult|unboost|[from] ability: Clear Body|[of] p2a: Dragapult\n|turn|15\n|\n|t:|1700103057\n|move|p2a: Dragapult|Shadow Ball|p1a: Landorus\n|-damage|p1a: Landorus|0 fnt\n|faint|p1a: Landorus\n|\n|win|alt no. 597\n|raw|outu yuhh's rating: 1576 &rarr; <strong>1564<\/strong><br \/>(-12 for losing)\n|raw|alt no. 597's rating: 1729 &rarr; <strong>1741<\/strong><br \/>(+12 for winning)\n|l|\u2606outu yuhh\n|l|+cromagnet\n","uploadtime":1700103062,"views":10,"p1id":"outuyuhh","p2id":"altno597","formatid":"gen9ou","rating":1564,"private":0,"password":""}