{"id":"gen9ou-1995755018","p1":"Bakitaladelbarrio","p2":"TNFOREVER","format":"[Gen 9] OU","log":"|j|\u2606Bakitaladelbarrio\n|j|\u2606TNFOREVER\n|t:|1700600089\n|gametype|singles\n|player|p1|Bakitaladelbarrio|colress|1462\n|player|p2|TNFOREVER|266|1552\n|teamsize|p1|6\n|teamsize|p2|6\n|gen|9\n|tier|[Gen 9] OU\n|rated|\n|rule|Sleep Clause Mod: Limit one foe put to sleep\n|rule|Species Clause: Limit one of each Pok\u00e9mon\n|rule|OHKO Clause: OHKO moves are banned\n|rule|Evasion Items Clause: Evasion items are banned\n|rule|Evasion Moves Clause: Evasion moves are banned\n|rule|Endless Battle Clause: Forcing endless battles is banned\n|rule|HP Percentage Mod: HP is shown in percentages\n|clearpoke\n|poke|p1|Landorus-Therian, M|\n|poke|p1|Dragapult, M|\n|poke|p1|Corviknight, F|\n|poke|p1|Heatran, M|\n|poke|p1|Greninja-*, M|\n|poke|p1|Iron Valiant|\n|poke|p2|Rillaboom, F|\n|poke|p2|Dragapult, M|\n|poke|p2|Iron Thorns|\n|poke|p2|Iron Valiant|\n|poke|p2|Landorus-Therian, M|\n|poke|p2|Volcanion|\n|teampreview\n|inactive|Battle timer is ON: inactive players will automatically lose when time's up. (requested by TNFOREVER)\n|\n|t:|1700600100\n|start\n|switch|p1a: Landorus|Landorus-Therian, M|100\/100\n|switch|p2a: Rillaboom|Rillaboom, F|100\/100\n|-ability|p1a: Landorus|Intimidate|boost\n|-unboost|p2a: Rillaboom|atk|1\n|-fieldstart|move: Grassy Terrain|[from] ability: Grassy Surge|[of] p2a: Rillaboom\n|turn|1\n|\n|t:|1700600112\n|-terastallize|p1a: Landorus|Ice\n|move|p1a: Landorus|Tera Blast|p2a: Rillaboom|[anim] Tera Blast Ice\n|-supereffective|p2a: Rillaboom\n|-damage|p2a: Rillaboom|0 fnt\n|faint|p2a: Rillaboom\n|\n|upkeep\n|\n|t:|1700600122\n|switch|p2a: Volcanion|Volcanion|100\/100\n|turn|2\n|\n|t:|1700600129\n|switch|p1a: Dragapult|Dragapult, M|100\/100\n|move|p2a: Volcanion|Flamethrower|p1a: Dragapult\n|-resisted|p1a: Dragapult\n|-damage|p1a: Dragapult|65\/100\n|\n|-heal|p1a: Dragapult|71\/100|[from] Grassy Terrain\n|upkeep\n|turn|3\n|\n|t:|1700600140\n|switch|p2a: Iron Valiant|Iron Valiant|100\/100\n|-enditem|p2a: Iron Valiant|Booster Energy\n|-activate|p2a: Iron Valiant|ability: Quark Drive|[fromitem]\n|-start|p2a: Iron Valiant|quarkdrivespe\n|move|p1a: Dragapult|U-turn|p2a: Iron Valiant\n|-resisted|p2a: Iron Valiant\n|-damage|p2a: Iron Valiant|95\/100\n|\n|t:|1700600148\n|switch|p1a: Corviknight|Corviknight, F|100\/100|[from] U-turn\n|-ability|p1a: Corviknight|Pressure\n|\n|-heal|p2a: Iron Valiant|100\/100|[from] Grassy Terrain\n|upkeep\n|turn|4\n|\n|t:|1700600168\n|move|p2a: Iron Valiant|Calm Mind|p2a: Iron Valiant\n|-boost|p2a: Iron Valiant|spa|1\n|-boost|p2a: Iron Valiant|spd|1\n|move|p1a: Corviknight|Brave Bird|p2a: Iron Valiant\n|-supereffective|p2a: Iron Valiant\n|-damage|p2a: Iron Valiant|7\/100\n|-damage|p1a: Corviknight|78\/100|[from] Recoil\n|\n|-heal|p2a: Iron Valiant|14\/100|[from] Grassy Terrain\n|upkeep\n|turn|5\n|\n|t:|1700600178\n|move|p2a: Iron Valiant|Thunderbolt|p1a: Corviknight\n|-supereffective|p1a: Corviknight\n|-damage|p1a: Corviknight|0 fnt\n|faint|p1a: Corviknight\n|\n|-heal|p2a: Iron Valiant|20\/100|[from] Grassy Terrain\n|-fieldend|move: Grassy Terrain\n|upkeep\n|\n|t:|1700600186\n|switch|p1a: Greninja|Greninja, M|100\/100\n|turn|6\n|\n|t:|1700600189\n|-end|p2a: Iron Valiant|Quark Drive|[silent]\n|switch|p2a: Volcanion|Volcanion|100\/100\n|move|p1a: Greninja|Water Shuriken|p2a: Volcanion\n|-immune|p2a: Volcanion|[from] ability: Water Absorb\n|\n|upkeep\n|turn|7\n|\n|t:|1700600196\n|switch|p1a: Dragapult|Dragapult, M|71\/100\n|move|p2a: Volcanion|Steam Eruption|p1a: Dragapult\n|-resisted|p1a: Dragapult\n|-damage|p1a: Dragapult|25\/100\n|-status|p1a: Dragapult|brn\n|\n|-damage|p1a: Dragapult|19\/100 brn|[from] brn\n|upkeep\n|turn|8\n|\n|t:|1700600209\n|move|p1a: Dragapult|Shadow Ball|p2a: Volcanion\n|-damage|p2a: Volcanion|43\/100\n|move|p2a: Volcanion|Flamethrower|p1a: Dragapult\n|-resisted|p1a: Dragapult\n|-damage|p1a: Dragapult|0 fnt\n|faint|p1a: Dragapult\n|\n|upkeep\n|\n|t:|1700600220\n|switch|p1a: Greninja|Greninja, M|100\/100\n|turn|9\n|\n|t:|1700600228\n|switch|p2a: Dragapult|Dragapult, M|100\/100\n|move|p1a: Greninja|Dark Pulse|p2a: Dragapult\n|-supereffective|p2a: Dragapult\n|-damage|p2a: Dragapult|0 fnt\n|faint|p2a: Dragapult\n|-ability|p1a: Greninja|Battle Bond|boost\n|-boost|p1a: Greninja|atk|1\n|-boost|p1a: Greninja|spa|1\n|-boost|p1a: Greninja|spe|1\n|-activate|p1a: Greninja|ability: Battle Bond\n|-damage|p1a: Greninja|91\/100|[from] item: Life Orb\n|\n|upkeep\n|\n|t:|1700600233\n|switch|p2a: Landorus|Landorus-Therian, M|100\/100\n|-ability|p2a: Landorus|Intimidate|boost\n|-unboost|p1a: Greninja|atk|1\n|turn|10\n|\n|t:|1700600248\n|switch|p2a: Volcanion|Volcanion|43\/100\n|move|p1a: Greninja|Surf|p2a: Volcanion\n|-heal|p2a: Volcanion|68\/100|[from] ability: Water Absorb|[of] p1a: Greninja\n|\n|upkeep\n|turn|11\n|\n|t:|1700600254\n|switch|p2a: Iron Valiant|Iron Valiant|20\/100\n|move|p1a: Greninja|Dark Pulse|p2a: Iron Valiant\n|-resisted|p2a: Iron Valiant\n|-damage|p2a: Iron Valiant|0 fnt\n|faint|p2a: Iron Valiant\n|-end|p2a: Iron Valiant|Quark Drive|[silent]\n|-damage|p1a: Greninja|81\/100|[from] item: Life Orb\n|\n|upkeep\n|\n|t:|1700600257\n|switch|p2a: Landorus|Landorus-Therian, M|100\/100\n|-ability|p2a: Landorus|Intimidate|boost\n|-unboost|p1a: Greninja|atk|1\n|turn|12\n|\n|t:|1700600270\n|-terastallize|p2a: Landorus|Water\n|move|p1a: Greninja|Surf|p2a: Landorus\n|-resisted|p2a: Landorus\n|-damage|p2a: Landorus|62\/100\n|-damage|p1a: Greninja|71\/100|[from] item: Life Orb\n|move|p2a: Landorus|U-turn|p1a: Greninja\n|-supereffective|p1a: Greninja\n|-damage|p1a: Greninja|5\/100\n|\n|t:|1700600274\n|switch|p2a: Volcanion|Volcanion|68\/100|[from] U-turn\n|\n|upkeep\n|turn|13\n|\n|t:|1700600282\n|move|p1a: Greninja|Dark Pulse|p2a: Volcanion\n|-damage|p2a: Volcanion|0 fnt\n|faint|p2a: Volcanion\n|-damage|p1a: Greninja|0 fnt|[from] item: Life Orb\n|faint|p1a: Greninja\n|\n|upkeep\n|\n|t:|1700600291\n|switch|p1a: Landorus|Landorus-Therian, M, tera:Ice|100\/100\n|switch|p2a: Landorus|Landorus-Therian, M, tera:Water|62\/100\n|-ability|p1a: Landorus|Intimidate|boost\n|-unboost|p2a: Landorus|atk|1\n|-ability|p2a: Landorus|Intimidate|boost\n|-unboost|p1a: Landorus|atk|1\n|turn|14\n|\n|t:|1700600305\n|move|p1a: Landorus|Earthquake|p2a: Landorus\n|-crit|p2a: Landorus\n|-damage|p2a: Landorus|8\/100\n|move|p2a: Landorus|Stealth Rock|p1a: Landorus\n|-sidestart|p1: Bakitaladelbarrio|move: Stealth Rock\n|\n|upkeep\n|turn|15\n|\n|t:|1700600311\n|move|p1a: Landorus|Earthquake|p2a: Landorus\n|-damage|p2a: Landorus|0 fnt\n|faint|p2a: Landorus\n|\n|upkeep\n|\n|t:|1700600313\n|switch|p2a: Iron Thorns|Iron Thorns|100\/100\n|-enditem|p2a: Iron Thorns|Booster Energy\n|-activate|p2a: Iron Thorns|ability: Quark Drive|[fromitem]\n|-start|p2a: Iron Thorns|quarkdriveatk\n|turn|16\n|\n|t:|1700600320\n|move|p1a: Landorus|Earthquake|p2a: Iron Thorns\n|-supereffective|p2a: Iron Thorns\n|-damage|p2a: Iron Thorns|0 fnt\n|faint|p2a: Iron Thorns\n|-end|p2a: Iron Thorns|Quark Drive|[silent]\n|\n|win|Bakitaladelbarrio\n|raw|Bakitaladelbarrio's rating: 1462 &rarr; <strong>1487<\/strong><br \/>(+25 for winning)\n|raw|TNFOREVER's rating: 1552 &rarr; <strong>1527<\/strong><br \/>(-25 for losing)\n|l|\u2606TNFOREVER\n","uploadtime":1700600327,"views":24,"p1id":"bakitaladelbarrio","p2id":"tnforever","formatid":"gen9ou","rating":1487,"private":0,"password":""}