{"id":"gen9ou-1995523623","p1":"ur doggo","p2":"Grotn2","format":"[Gen 9] OU","log":"|j|\u2606ur doggo\n|j|\u2606Grotn2\n|t:|1700579659\n|gametype|singles\n|player|p1|ur doggo|266|1485\n|player|p2|Grotn2|2|1470\n|teamsize|p1|6\n|teamsize|p2|6\n|gen|9\n|tier|[Gen 9] OU\n|rated|\n|rule|Sleep Clause Mod: Limit one foe put to sleep\n|rule|Species Clause: Limit one of each Pok\u00e9mon\n|rule|OHKO Clause: OHKO moves are banned\n|rule|Evasion Items Clause: Evasion items are banned\n|rule|Evasion Moves Clause: Evasion moves are banned\n|rule|Endless Battle Clause: Forcing endless battles is banned\n|rule|HP Percentage Mod: HP is shown in percentages\n|clearpoke\n|poke|p1|Great Tusk|\n|poke|p1|Kingambit, M|\n|poke|p1|Moltres|\n|poke|p1|Hatterene, F|\n|poke|p1|Dragapult, M|\n|poke|p1|Rillaboom, F|\n|poke|p2|Landorus-Therian, M|\n|poke|p2|Corviknight, M|\n|poke|p2|Arcanine-Hisui, M|\n|poke|p2|Thundurus-Therian, M|\n|poke|p2|Garchomp, M|\n|poke|p2|Ogerpon-Wellspring, F|\n|teampreview\n|j| BobbyTheFool\n|\n|t:|1700579669\n|start\n|switch|p1a: Stealth Bomber|Dragapult, M|100\/100\n|switch|p2a: Landorus|Landorus-Therian, M|100\/100\n|-ability|p2a: Landorus|Intimidate|boost\n|-unboost|p1a: Stealth Bomber|atk|1\n|turn|1\n|\n|t:|1700579673\n|move|p1a: Stealth Bomber|Draco Meteor|p2a: Landorus\n|-damage|p2a: Landorus|35\/100\n|-unboost|p1a: Stealth Bomber|spa|2\n|move|p2a: Landorus|Stealth Rock|p1a: Stealth Bomber\n|-sidestart|p1: ur doggo|move: Stealth Rock\n|\n|-heal|p2a: Landorus|41\/100|[from] item: Leftovers\n|upkeep\n|turn|2\n|\n|t:|1700579679\n|move|p1a: Stealth Bomber|Draco Meteor|p2a: Landorus\n|-damage|p2a: Landorus|10\/100\n|-unboost|p1a: Stealth Bomber|spa|2\n|move|p2a: Landorus|U-turn|p1a: Stealth Bomber\n|-resisted|p1a: Stealth Bomber\n|-damage|p1a: Stealth Bomber|85\/100\n|\n|t:|1700579685\n|switch|p2a: Ogerpon|Ogerpon-Wellspring, F|100\/100|[from] U-turn\n|\n|upkeep\n|turn|3\n|\n|t:|1700579692\n|switch|p1a: Harambe|Rillaboom, F|100\/100\n|-damage|p1a: Harambe|88\/100|[from] Stealth Rock\n|-fieldstart|move: Grassy Terrain|[from] ability: Grassy Surge|[of] p1a: Harambe\n|switch|p2a: Thundurus|Thundurus-Therian, M|100\/100\n|\n|-heal|p1a: Harambe|94\/100|[from] Grassy Terrain\n|upkeep\n|turn|4\n|\n|t:|1700579700\n|switch|p2a: Corviknight|Corviknight, M|100\/100\n|-ability|p2a: Corviknight|Pressure\n|move|p1a: Harambe|U-turn|p2a: Corviknight\n|-resisted|p2a: Corviknight\n|-damage|p2a: Corviknight|95\/100\n|-damage|p1a: Harambe|78\/100|[from] item: Rocky Helmet|[of] p2a: Corviknight\n|\n|t:|1700579704\n|switch|p1a: Hannibal|Great Tusk|100\/100|[from] U-turn\n|-damage|p1a: Hannibal|98\/100|[from] Stealth Rock\n|\n|-heal|p1a: Hannibal|100\/100|[from] Grassy Terrain\n|upkeep\n|turn|5\n|\n|t:|1700579710\n|move|p1a: Hannibal|Rapid Spin|p2a: Corviknight\n|-resisted|p2a: Corviknight\n|-damage|p2a: Corviknight|90\/100\n|-boost|p1a: Hannibal|spe|1\n|-damage|p1a: Hannibal|84\/100|[from] item: Rocky Helmet|[of] p2a: Corviknight\n|-sideend|p1: ur doggo|Stealth Rock|[from] move: Rapid Spin|[of] p1a: Hannibal\n|move|p2a: Corviknight|Brave Bird|p1a: Hannibal\n|-supereffective|p1a: Hannibal\n|-damage|p1a: Hannibal|30\/100\n|-damage|p2a: Corviknight|73\/100|[from] Recoil\n|\n|-heal|p1a: Hannibal|36\/100|[from] Grassy Terrain\n|-heal|p1a: Hannibal|42\/100|[from] item: Leftovers\n|upkeep\n|turn|6\n|\n|t:|1700579722\n|-end|p1a: Hannibal|Protosynthesis|[silent]\n|switch|p1a: KFC|Moltres|100\/100\n|move|p2a: Corviknight|Roost|p2a: Corviknight\n|-heal|p2a: Corviknight|100\/100\n|-singleturn|p2a: Corviknight|move: Roost\n|\n|upkeep\n|turn|7\n|\n|t:|1700579726\n|switch|p2a: Landorus|Landorus-Therian, M|10\/100\n|-ability|p2a: Landorus|Intimidate|boost\n|-unboost|p1a: KFC|atk|1\n|move|p1a: KFC|U-turn|p2a: Landorus\n|-resisted|p2a: Landorus\n|-damage|p2a: Landorus|5\/100\n|\n|t:|1700579737\n|switch|p1a: Stealth Bomber|Dragapult, M|85\/100|[from] U-turn\n|\n|-heal|p1a: Stealth Bomber|91\/100|[from] Grassy Terrain\n|-heal|p2a: Landorus|11\/100|[from] item: Leftovers\n|-fieldend|move: Grassy Terrain\n|upkeep\n|turn|8\n|\n|t:|1700579739\n|move|p1a: Stealth Bomber|Shadow Ball|p2a: Landorus\n|-damage|p2a: Landorus|0 fnt\n|faint|p2a: Landorus\n|\n|upkeep\n|\n|t:|1700579748\n|switch|p2a: Arcanine|Arcanine-Hisui, M|100\/100\n|turn|9\n|\n|t:|1700579759\n|switch|p1a: Hannibal|Great Tusk|42\/100\n|move|p2a: Arcanine|Head Smash|p1a: Hannibal\n|-resisted|p1a: Hannibal\n|-damage|p1a: Hannibal|28\/100\n|\n|-heal|p1a: Hannibal|35\/100|[from] item: Leftovers\n|upkeep\n|turn|10\n|\n|t:|1700579764\n|switch|p2a: Corviknight|Corviknight, M|100\/100\n|-ability|p2a: Corviknight|Pressure\n|move|p1a: Hannibal|Stealth Rock|p2a: Corviknight\n|-sidestart|p2: Grotn2|move: Stealth Rock\n|\n|-heal|p1a: Hannibal|41\/100|[from] item: Leftovers\n|upkeep\n|turn|11\n|\n|t:|1700579767\n|-end|p1a: Hannibal|Protosynthesis|[silent]\n|switch|p1a: KFC|Moltres|100\/100\n|move|p2a: Corviknight|Roost||[still]\n|-fail|p2a: Corviknight|heal\n|\n|upkeep\n|turn|12\n|\n|t:|1700579773\n|switch|p2a: Thundurus|Thundurus-Therian, M|100\/100\n|move|p1a: KFC|Flamethrower|p2a: Thundurus\n|-damage|p2a: Thundurus|51\/100\n|\n|upkeep\n|turn|13\n|\n|t:|1700579785\n|switch|p1a: Hannibal|Great Tusk|41\/100\n|move|p2a: Thundurus|Volt Switch|p1a: Hannibal\n|-immune|p1a: Hannibal\n|\n|-heal|p1a: Hannibal|47\/100|[from] item: Leftovers\n|upkeep\n|turn|14\n|\n|t:|1700579790\n|-terastallize|p2a: Thundurus|Ice\n|move|p2a: Thundurus|Tera Blast|p1a: Hannibal|[anim] Tera Blast Ice\n|-supereffective|p1a: Hannibal\n|-damage|p1a: Hannibal|0 fnt\n|faint|p1a: Hannibal\n|-end|p1a: Hannibal|Protosynthesis|[silent]\n|\n|upkeep\n|\n|t:|1700579797\n|switch|p1a: Stealth Bomber|Dragapult, M|91\/100\n|turn|15\n|\n|t:|1700579801\n|move|p1a: Stealth Bomber|Draco Meteor|p2a: Thundurus\n|-damage|p2a: Thundurus|0 fnt\n|-unboost|p1a: Stealth Bomber|spa|2\n|faint|p2a: Thundurus\n|\n|upkeep\n|\n|t:|1700579804\n|switch|p2a: Corviknight|Corviknight, M|100\/100\n|-damage|p2a: Corviknight|88\/100|[from] Stealth Rock\n|-ability|p2a: Corviknight|Pressure\n|turn|16\n|\n|t:|1700579807\n|switch|p1a: KFC|Moltres|100\/100\n|move|p2a: Corviknight|Defog|p1a: KFC\n|-unboost|p1a: KFC|evasion|1\n|-sideend|p2: Grotn2|Stealth Rock|[from] move: Defog|[of] p2a: Corviknight\n|\n|upkeep\n|turn|17\n|\n|t:|1700579812\n|switch|p2a: Arcanine|Arcanine-Hisui, M|100\/100\n|move|p1a: KFC|Flamethrower|p2a: Arcanine\n|-resisted|p2a: Arcanine\n|-damage|p2a: Arcanine|88\/100\n|\n|upkeep\n|turn|18\n|\n|t:|1700579834\n|switch|p1a: It's Hatting time|Hatterene, F|100\/100\n|move|p2a: Arcanine|Head Smash|p1a: It's Hatting time\n|-damage|p1a: It's Hatting time|42\/100\n|\n|-heal|p1a: It's Hatting time|48\/100|[from] item: Leftovers\n|upkeep\n|turn|19\n|\n|t:|1700579836\n|move|p2a: Arcanine|Head Smash|p1a: It's Hatting time|[miss]\n|-miss|p2a: Arcanine|p1a: It's Hatting time\n|move|p1a: It's Hatting time|Nuzzle|p2a: Arcanine\n|-damage|p2a: Arcanine|84\/100\n|-status|p2a: Arcanine|par\n|\n|-heal|p1a: It's Hatting time|54\/100|[from] item: Leftovers\n|upkeep\n|turn|20\n|\n|t:|1700579839\n|move|p2a: Arcanine|Head Smash|p1a: It's Hatting time|[miss]\n|-miss|p2a: Arcanine|p1a: It's Hatting time\n|move|p1a: It's Hatting time|Psyshock|p2a: Arcanine\n|-damage|p2a: Arcanine|36\/100 par\n|\n|-heal|p1a: It's Hatting time|60\/100|[from] item: Leftovers\n|upkeep\n|turn|21\n|\n|t:|1700579842\n|move|p2a: Arcanine|Head Smash|p1a: It's Hatting time\n|-damage|p1a: It's Hatting time|2\/100\n|move|p1a: It's Hatting time|Psyshock|p2a: Arcanine\n|-damage|p2a: Arcanine|0 fnt\n|faint|p2a: Arcanine\n|\n|-heal|p1a: It's Hatting time|8\/100|[from] item: Leftovers\n|upkeep\n|\n|t:|1700579847\n|switch|p2a: Corviknight|Corviknight, M|88\/100\n|-ability|p2a: Corviknight|Pressure\n|turn|22\n|\n|t:|1700579851\n|move|p2a: Corviknight|U-turn|p1a: It's Hatting time\n|-damage|p1a: It's Hatting time|0 fnt\n|faint|p1a: It's Hatting time\n|\n|t:|1700579872\n|switch|p2a: Ogerpon|Ogerpon-Wellspring, F|100\/100|[from] U-turn\n|\n|upkeep\n|\n|t:|1700579881\n|switch|p1a: Emperor|Kingambit, M|100\/100\n|-activate|p1a: Emperor|ability: Supreme Overlord\n|-start|p1a: Emperor|fallen2|[silent]\n|turn|23\n|\n|t:|1700579885\n|move|p2a: Ogerpon|Swords Dance|p2a: Ogerpon\n|-boost|p2a: Ogerpon|atk|2\n|move|p1a: Emperor|Swords Dance|p1a: Emperor\n|-boost|p1a: Emperor|atk|2\n|\n|upkeep\n|turn|24\n|\n|t:|1700579890\n|move|p1a: Emperor|Sucker Punch||[still]\n|-fail|p1a: Emperor\n|move|p2a: Ogerpon|Encore|p1a: Emperor\n|-start|p1a: Emperor|Encore\n|\n|upkeep\n|turn|25\n|\n|t:|1700579893\n|move|p1a: Emperor|Sucker Punch||[still]\n|-fail|p1a: Emperor\n|move|p2a: Ogerpon|Swords Dance|p2a: Ogerpon\n|-boost|p2a: Ogerpon|atk|2\n|\n|upkeep\n|turn|26\n|\n|t:|1700579897\n|move|p1a: Emperor|Sucker Punch||[still]\n|-fail|p1a: Emperor\n|move|p2a: Ogerpon|Swords Dance|p2a: Ogerpon\n|-boost|p2a: Ogerpon|atk|2\n|\n|upkeep\n|turn|27\n|\n|t:|1700579899\n|move|p1a: Emperor|Sucker Punch||[still]\n|-fail|p1a: Emperor\n|move|p2a: Ogerpon|Swords Dance|p2a: Ogerpon\n|-boost|p2a: Ogerpon|atk|0\n|\n|-end|p1a: Emperor|Encore\n|upkeep\n|turn|28\n|\n|t:|1700579905\n|move|p1a: Emperor|Sucker Punch||[still]\n|-fail|p1a: Emperor\n|move|p2a: Ogerpon|Encore|p1a: Emperor\n|-start|p1a: Emperor|Encore\n|\n|upkeep\n|turn|29\n|\n|t:|1700579907\n|move|p1a: Emperor|Sucker Punch||[still]\n|-fail|p1a: Emperor\n|move|p2a: Ogerpon|Swords Dance|p2a: Ogerpon\n|-boost|p2a: Ogerpon|atk|0\n|\n|upkeep\n|turn|30\n|\n|t:|1700579912\n|move|p1a: Emperor|Sucker Punch||[still]\n|-fail|p1a: Emperor\n|move|p2a: Ogerpon|Swords Dance|p2a: Ogerpon\n|-boost|p2a: Ogerpon|atk|0\n|\n|upkeep\n|turn|31\n|\n|t:|1700579919\n|move|p1a: Emperor|Sucker Punch||[still]\n|-fail|p1a: Emperor\n|move|p2a: Ogerpon|Swords Dance|p2a: Ogerpon\n|-boost|p2a: Ogerpon|atk|0\n|\n|-end|p1a: Emperor|Encore\n|upkeep\n|turn|32\n|\n|t:|1700579922\n|move|p2a: Ogerpon|Ivy Cudgel|p1a: Emperor|[anim] Ivy Cudgel Water\n|-damage|p1a: Emperor|0 fnt\n|faint|p1a: Emperor\n|-end|p1a: Emperor|fallen2|[silent]\n|\n|upkeep\n|\n|t:|1700579925\n|switch|p1a: Harambe|Rillaboom, F|78\/100\n|-fieldstart|move: Grassy Terrain|[from] ability: Grassy Surge|[of] p1a: Harambe\n|turn|33\n|\n|t:|1700579933\n|switch|p2a: Corviknight|Corviknight, M|88\/100\n|-ability|p2a: Corviknight|Pressure\n|-terastallize|p1a: Harambe|Grass\n|move|p1a: Harambe|Grassy Glide|p2a: Corviknight\n|-resisted|p2a: Corviknight\n|-damage|p2a: Corviknight|76\/100\n|-damage|p1a: Harambe|61\/100|[from] item: Rocky Helmet|[of] p2a: Corviknight\n|\n|-heal|p1a: Harambe|68\/100|[from] Grassy Terrain\n|upkeep\n|turn|34\n|l| BobbyTheFool\n|\n|t:|1700579961\n|switch|p1a: KFC|Moltres|100\/100\n|move|p2a: Corviknight|U-turn|p1a: KFC\n|-resisted|p1a: KFC\n|-damage|p1a: KFC|98\/100\n|\n|t:|1700579966\n|switch|p2a: Garchomp|Garchomp, M|100\/100|[from] U-turn\n|\n|upkeep\n|turn|35\n|\n|t:|1700579970\n|move|p2a: Garchomp|Substitute|p2a: Garchomp\n|-start|p2a: Garchomp|Substitute\n|-damage|p2a: Garchomp|76\/100\n|move|p1a: KFC|Will-O-Wisp||[still]\n|-fail|p1a: KFC\n|\n|-heal|p2a: Garchomp|82\/100|[from] Grassy Terrain\n|upkeep\n|turn|36\n|\n|t:|1700579972\n|move|p2a: Garchomp|Scale Shot|p1a: KFC\n|-damage|p1a: KFC|87\/100\n|-damage|p1a: KFC|75\/100\n|-damage|p1a: KFC|65\/100\n|-damage|p1a: KFC|54\/100\n|-damage|p1a: KFC|42\/100\n|-hitcount|p1a: KFC|5\n|-unboost|p2a: Garchomp|def|1\n|-boost|p2a: Garchomp|spe|1\n|move|p1a: KFC|Flamethrower|p2a: Garchomp\n|-resisted|p2a: Garchomp\n|-activate|p2a: Garchomp|move: Substitute|[damage]\n|\n|-heal|p2a: Garchomp|88\/100|[from] Grassy Terrain\n|upkeep\n|turn|37\n|\n|t:|1700579977\n|move|p2a: Garchomp|Scale Shot|p1a: KFC\n|-damage|p1a: KFC|31\/100\n|-damage|p1a: KFC|20\/100\n|-damage|p1a: KFC|10\/100\n|-damage|p1a: KFC|0 fnt\n|faint|p1a: KFC\n|-hitcount|p1: KFC|4\n|-unboost|p2a: Garchomp|def|1\n|-boost|p2a: Garchomp|spe|1\n|\n|-heal|p2a: Garchomp|94\/100|[from] Grassy Terrain\n|-fieldend|move: Grassy Terrain\n|upkeep\n|-message|ur doggo forfeited.\n|\n|win|Grotn2\n|raw|ur doggo's rating: 1485 &rarr; <strong>1464<\/strong><br \/>(-21 for losing)\n|raw|Grotn2's rating: 1470 &rarr; <strong>1491<\/strong><br \/>(+21 for winning)\n|l|\u2606ur doggo\n|c|\u2606Grotn2|Gg\n","uploadtime":1700579992,"views":7,"p1id":"urdoggo","p2id":"grotn2","formatid":"gen9ou","rating":1464,"private":0,"password":""}