{"id":"gen9ou-1999953321","p1":"Woahitzgino","p2":"AkiDes","format":"[Gen 9] OU","log":"|j|\u2606Woahitzgino\n|j|\u2606AkiDes\n|t:|1701134015\n|gametype|singles\n|player|p1|Woahitzgino|101|1161\n|player|p2|AkiDes|volkner|1186\n|teamsize|p1|6\n|teamsize|p2|6\n|gen|9\n|tier|[Gen 9] OU\n|rated|\n|rule|Sleep Clause Mod: Limit one foe put to sleep\n|rule|Species Clause: Limit one of each Pok\u00e9mon\n|rule|OHKO Clause: OHKO moves are banned\n|rule|Evasion Items Clause: Evasion items are banned\n|rule|Evasion Moves Clause: Evasion moves are banned\n|rule|Endless Battle Clause: Forcing endless battles is banned\n|rule|HP Percentage Mod: HP is shown in percentages\n|clearpoke\n|poke|p1|Slowking-Galar, F|\n|poke|p1|Great Tusk|\n|poke|p1|Rillaboom, F|\n|poke|p1|Kingambit, F|\n|poke|p1|Dragapult, F|\n|poke|p1|Moltres|\n|poke|p2|Greninja-*, M|\n|poke|p2|Dragonite, F|\n|poke|p2|Cinderace, M|\n|poke|p2|Mandibuzz, F|\n|poke|p2|Jolteon, F|\n|poke|p2|Landorus-Therian, M|\n|teampreview\n|inactive|Battle timer is ON: inactive players will automatically lose when time's up. (requested by AkiDes)\n|\n|t:|1701134034\n|start\n|switch|p1a: Dragapult|Dragapult, F|100\/100\n|switch|p2a: Babotas|Greninja, M|100\/100\n|turn|1\n|\n|t:|1701134051\n|move|p2a: Babotas|Dark Pulse|p1a: Dragapult\n|-start|p2a: Babotas|typechange|Dark|[from] ability: Protean\n|-supereffective|p1a: Dragapult\n|-damage|p1a: Dragapult|0 fnt\n|faint|p1a: Dragapult\n|\n|upkeep\n|\n|t:|1701134056\n|switch|p1a: Rillaboom|Rillaboom, F|100\/100\n|-fieldstart|move: Grassy Terrain|[from] ability: Grassy Surge|[of] p1a: Rillaboom\n|turn|2\n|\n|t:|1701134074\n|switch|p2a: Festin celestial|Mandibuzz, F|100\/100\n|move|p1a: Rillaboom|U-turn|p2a: Festin celestial\n|-damage|p2a: Festin celestial|78\/100\n|\n|t:|1701134081\n|switch|p1a: Great Tusk|Great Tusk|100\/100|[from] U-turn\n|\n|upkeep\n|turn|3\n|inactive|AkiDes has 120 seconds left.\n|\n|t:|1701134119\n|move|p1a: Great Tusk|Stealth Rock|p2a: Festin celestial\n|-sidestart|p2: AkiDes|move: Stealth Rock\n|move|p2a: Festin celestial|Toxic|p1a: Great Tusk|[miss]\n|-miss|p2a: Festin celestial|p1a: Great Tusk\n|\n|upkeep\n|turn|4\n|\n|t:|1701134124\n|-end|p1a: Great Tusk|Protosynthesis|[silent]\n|switch|p1a: Slowking|Slowking-Galar, F|100\/100\n|move|p2a: Festin celestial|Toxic|p1a: Slowking\n|-immune|p1a: Slowking\n|\n|upkeep\n|turn|5\n|\n|t:|1701134132\n|move|p2a: Festin celestial|Defog|p1a: Slowking\n|-unboost|p1a: Slowking|evasion|1\n|-sideend|p2: AkiDes|Stealth Rock|[from] move: Defog|[of] p2a: Festin celestial\n|-fieldend|move: Grassy Terrain\n|move|p1a: Slowking|Sludge Bomb|p2a: Festin celestial\n|-damage|p2a: Festin celestial|49\/100\n|\n|upkeep\n|turn|6\n|\n|t:|1701134157\n|move|p2a: Festin celestial|Roost|p2a: Festin celestial\n|-heal|p2a: Festin celestial|99\/100\n|-singleturn|p2a: Festin celestial|move: Roost\n|move|p1a: Slowking|Chilly Reception|p1a: Slowking\n|-weather|Snow\n|\n|t:|1701134168\n|switch|p1a: Kingambit|Kingambit, F|100\/100|[from] Chilly Reception\n|-activate|p1a: Kingambit|ability: Supreme Overlord\n|-start|p1a: Kingambit|fallen1|[silent]\n|\n|-weather|Snow|[upkeep]\n|upkeep\n|turn|7\n|\n|t:|1701134182\n|switch|p2a: Fuego en la pista|Cinderace, M|100\/100\n|move|p1a: Kingambit|Iron Head|p2a: Fuego en la pista\n|-resisted|p2a: Fuego en la pista\n|-damage|p2a: Fuego en la pista|64\/100\n|\n|-weather|Snow|[upkeep]\n|upkeep\n|turn|8\n|\n|t:|1701134189\n|-end|p1a: Kingambit|fallen1|[silent]\n|switch|p1a: Moltres|Moltres|100\/100\n|move|p2a: Fuego en la pista|High Jump Kick|p1a: Moltres\n|-start|p2a: Fuego en la pista|typechange|Fighting|[from] ability: Libero\n|-resisted|p1a: Moltres\n|-damage|p1a: Moltres|78\/100\n|\n|-weather|Snow|[upkeep]\n|upkeep\n|turn|9\n|\n|t:|1701134195\n|switch|p2a: Prueba nomas|Landorus-Therian, M|100\/100\n|-ability|p2a: Prueba nomas|Intimidate|boost\n|-unboost|p1a: Moltres|atk|1\n|move|p1a: Moltres|U-turn|p2a: Prueba nomas\n|-resisted|p2a: Prueba nomas\n|-damage|p2a: Prueba nomas|95\/100\n|-damage|p1a: Moltres|61\/100|[from] item: Rocky Helmet|[of] p2a: Prueba nomas\n|\n|t:|1701134199\n|switch|p1a: Great Tusk|Great Tusk|100\/100|[from] U-turn\n|\n|-weather|Snow|[upkeep]\n|upkeep\n|turn|10\n|\n|t:|1701134207\n|move|p2a: Prueba nomas|Stealth Rock|p1a: Great Tusk\n|-sidestart|p1: Woahitzgino|move: Stealth Rock\n|move|p1a: Great Tusk|Ice Spinner|p2a: Prueba nomas\n|-supereffective|p2a: Prueba nomas\n|-damage|p2a: Prueba nomas|0 fnt\n|-damage|p1a: Great Tusk|84\/100|[from] item: Rocky Helmet|[of] p2a: Prueba nomas\n|faint|p2a: Prueba nomas\n|\n|-weather|none\n|-heal|p1a: Great Tusk|90\/100|[from] item: Leftovers\n|upkeep\n|\n|t:|1701134212\n|switch|p2a: Babotas|Greninja, M|100\/100\n|turn|11\n|\n|t:|1701134216\n|-end|p1a: Great Tusk|Protosynthesis|[silent]\n|switch|p1a: Rillaboom|Rillaboom, F|100\/100\n|-damage|p1a: Rillaboom|88\/100|[from] Stealth Rock\n|-fieldstart|move: Grassy Terrain|[from] ability: Grassy Surge|[of] p1a: Rillaboom\n|move|p2a: Babotas|Ice Beam|p1a: Rillaboom\n|-start|p2a: Babotas|typechange|Ice|[from] ability: Protean\n|-supereffective|p1a: Rillaboom\n|-damage|p1a: Rillaboom|0 fnt\n|faint|p1a: Rillaboom\n|\n|upkeep\n|\n|t:|1701134221\n|switch|p1a: Slowking|Slowking-Galar, F|100\/100\n|turn|12\n|\n|t:|1701134237\n|switch|p2a: Fuego en la pista|Cinderace, M|64\/100\n|move|p1a: Slowking|Chilly Reception|p1a: Slowking\n|-weather|Snow\n|\n|t:|1701134241\n|switch|p1a: Moltres|Moltres|61\/100|[from] Chilly Reception\n|\n|-weather|Snow|[upkeep]\n|-heal|p2a: Fuego en la pista|70\/100|[from] Grassy Terrain\n|upkeep\n|turn|13\n|\n|t:|1701134253\n|move|p2a: Fuego en la pista|U-turn|p1a: Moltres\n|-start|p2a: Fuego en la pista|typechange|Bug|[from] ability: Libero\n|-resisted|p1a: Moltres\n|-damage|p1a: Moltres|55\/100\n|\n|t:|1701134259\n|switch|p2a: Festin celestial|Mandibuzz, F|99\/100|[from] U-turn\n|move|p1a: Moltres|Roost|p1a: Moltres\n|-heal|p1a: Moltres|100\/100\n|-singleturn|p1a: Moltres|move: Roost\n|\n|-weather|Snow|[upkeep]\n|upkeep\n|turn|14\n|\n|t:|1701134264\n|move|p1a: Moltres|Flamethrower|p2a: Festin celestial\n|-crit|p2a: Festin celestial\n|-damage|p2a: Festin celestial|54\/100\n|move|p2a: Festin celestial|Toxic|p1a: Moltres\n|-status|p1a: Moltres|tox\n|\n|-weather|Snow|[upkeep]\n|-damage|p1a: Moltres|94\/100 tox|[from] psn\n|upkeep\n|turn|15\n|\n|t:|1701134267\n|move|p1a: Moltres|U-turn|p2a: Festin celestial\n|-damage|p2a: Festin celestial|47\/100\n|\n|t:|1701134270\n|switch|p1a: Kingambit|Kingambit, F|100\/100|[from] U-turn\n|-damage|p1a: Kingambit|94\/100|[from] Stealth Rock\n|-activate|p1a: Kingambit|ability: Supreme Overlord\n|-start|p1a: Kingambit|fallen2|[silent]\n|move|p2a: Festin celestial|Roost|p2a: Festin celestial\n|-heal|p2a: Festin celestial|97\/100\n|-singleturn|p2a: Festin celestial|move: Roost\n|\n|-weather|Snow|[upkeep]\n|-heal|p2a: Festin celestial|100\/100|[from] Grassy Terrain\n|-heal|p1a: Kingambit|100\/100|[from] Grassy Terrain\n|-fieldend|move: Grassy Terrain\n|upkeep\n|turn|16\n|\n|t:|1701134289\n|move|p2a: Festin celestial|Roost||[still]\n|-fail|p2a: Festin celestial|heal\n|move|p1a: Kingambit|Iron Head|p2a: Festin celestial\n|-damage|p2a: Festin celestial|69\/100\n|\n|-weather|none\n|upkeep\n|turn|17\n|\n|t:|1701134296\n|switch|p2a: Fuego en la pista|Cinderace, M|70\/100\n|move|p1a: Kingambit|Swords Dance|p1a: Kingambit\n|-boost|p1a: Kingambit|atk|2\n|\n|upkeep\n|turn|18\n|\n|t:|1701134298\n|move|p1a: Kingambit|Sucker Punch|p2a: Fuego en la pista\n|-damage|p2a: Fuego en la pista|0 fnt\n|faint|p2a: Fuego en la pista\n|\n|upkeep\n|\n|t:|1701134302\n|switch|p2a: Babotas|Greninja, M|100\/100\n|turn|19\n|\n|t:|1701134314\n|move|p2a: Babotas|Hydro Pump|p1a: Kingambit\n|-start|p2a: Babotas|typechange|Water|[from] ability: Protean\n|-damage|p1a: Kingambit|44\/100\n|move|p1a: Kingambit|Kowtow Cleave|p2a: Babotas\n|-damage|p2a: Babotas|0 fnt\n|faint|p2a: Babotas\n|\n|-heal|p1a: Kingambit|50\/100|[from] item: Leftovers\n|upkeep\n|\n|t:|1701134326\n|switch|p2a: Cacahuate|Dragonite, F|100\/100\n|turn|20\n|\n|t:|1701134330\n|-end|p1a: Kingambit|fallen2|[silent]\n|switch|p1a: Moltres|Moltres|94\/100 tox\n|move|p2a: Cacahuate|Earthquake|p1a: Moltres\n|-immune|p1a: Moltres\n|\n|-damage|p1a: Moltres|88\/100 tox|[from] psn\n|upkeep\n|turn|21\n|\n|t:|1701134336\n|switch|p2a: Festin celestial|Mandibuzz, F|69\/100\n|move|p1a: Moltres|Will-O-Wisp|p2a: Festin celestial|[miss]\n|-miss|p1a: Moltres|p2a: Festin celestial\n|\n|-damage|p1a: Moltres|76\/100 tox|[from] psn\n|upkeep\n|turn|22\n|\n|t:|1701134346\n|move|p1a: Moltres|U-turn|p2a: Festin celestial\n|-damage|p2a: Festin celestial|61\/100\n|\n|t:|1701134348\n|switch|p1a: Slowking|Slowking-Galar, F|100\/100|[from] U-turn\n|move|p2a: Festin celestial|Foul Play|p1a: Slowking\n|-supereffective|p1a: Slowking\n|-damage|p1a: Slowking|60\/100\n|\n|upkeep\n|turn|23\n|\n|t:|1701134354\n|move|p2a: Festin celestial|Foul Play|p1a: Slowking\n|-supereffective|p1a: Slowking\n|-damage|p1a: Slowking|18\/100\n|move|p1a: Slowking|Chilly Reception|p1a: Slowking\n|-weather|Snow\n|\n|t:|1701134364\n|switch|p1a: Great Tusk|Great Tusk|90\/100|[from] Chilly Reception\n|-damage|p1a: Great Tusk|87\/100|[from] Stealth Rock\n|\n|-weather|Snow|[upkeep]\n|-heal|p1a: Great Tusk|93\/100|[from] item: Leftovers\n|upkeep\n|turn|24\n|\n|t:|1701134368\n|move|p1a: Great Tusk|Rapid Spin|p2a: Festin celestial\n|-damage|p2a: Festin celestial|52\/100\n|-boost|p1a: Great Tusk|spe|1\n|-sideend|p1: Woahitzgino|Stealth Rock|[from] move: Rapid Spin|[of] p1a: Great Tusk\n|move|p2a: Festin celestial|Toxic|p1a: Great Tusk\n|-status|p1a: Great Tusk|tox\n|\n|-weather|Snow|[upkeep]\n|-heal|p1a: Great Tusk|99\/100 tox|[from] item: Leftovers\n|-damage|p1a: Great Tusk|93\/100 tox|[from] psn\n|upkeep\n|turn|25\n|\n|t:|1701134374\n|move|p1a: Great Tusk|Ice Spinner|p2a: Festin celestial\n|-supereffective|p2a: Festin celestial\n|-damage|p2a: Festin celestial|17\/100\n|move|p2a: Festin celestial|Roost|p2a: Festin celestial\n|-heal|p2a: Festin celestial|67\/100\n|-singleturn|p2a: Festin celestial|move: Roost\n|\n|-weather|Snow|[upkeep]\n|-heal|p1a: Great Tusk|99\/100 tox|[from] item: Leftovers\n|-damage|p1a: Great Tusk|87\/100 tox|[from] psn\n|upkeep\n|turn|26\n|\n|t:|1701134381\n|-end|p1a: Great Tusk|Protosynthesis|[silent]\n|switch|p1a: Slowking|Slowking-Galar, F|51\/100\n|move|p2a: Festin celestial|Roost|p2a: Festin celestial\n|-heal|p2a: Festin celestial|100\/100\n|-singleturn|p2a: Festin celestial|move: Roost\n|\n|-weather|Snow|[upkeep]\n|upkeep\n|turn|27\n|\n|t:|1701134384\n|move|p2a: Festin celestial|Foul Play|p1a: Slowking\n|-supereffective|p1a: Slowking\n|-damage|p1a: Slowking|11\/100\n|move|p1a: Slowking|Chilly Reception|p1a: Slowking\n|\n|t:|1701134387\n|switch|p1a: Moltres|Moltres|76\/100 tox|[from] Chilly Reception\n|\n|-weather|none\n|-damage|p1a: Moltres|70\/100 tox|[from] psn\n|upkeep\n|turn|28\n|\n|t:|1701134390\n|move|p1a: Moltres|U-turn|p2a: Festin celestial\n|-crit|p2a: Festin celestial\n|-damage|p2a: Festin celestial|87\/100\n|\n|t:|1701134394\n|switch|p1a: Great Tusk|Great Tusk|87\/100 tox|[from] U-turn\n|move|p2a: Festin celestial|Foul Play|p1a: Great Tusk\n|-resisted|p1a: Great Tusk\n|-damage|p1a: Great Tusk|68\/100 tox\n|\n|-heal|p1a: Great Tusk|74\/100 tox|[from] item: Leftovers\n|-damage|p1a: Great Tusk|68\/100 tox|[from] psn\n|upkeep\n|turn|29\n|\n|t:|1701134404\n|move|p1a: Great Tusk|Ice Spinner|p2a: Festin celestial\n|-supereffective|p2a: Festin celestial\n|-damage|p2a: Festin celestial|57\/100\n|move|p2a: Festin celestial|Foul Play|p1a: Great Tusk\n|-resisted|p1a: Great Tusk\n|-damage|p1a: Great Tusk|51\/100 tox\n|\n|-heal|p1a: Great Tusk|57\/100 tox|[from] item: Leftovers\n|-damage|p1a: Great Tusk|44\/100 tox|[from] psn\n|upkeep\n|turn|30\n|\n|t:|1701134412\n|-end|p1a: Great Tusk|Protosynthesis|[silent]\n|switch|p1a: Slowking|Slowking-Galar, F|45\/100\n|move|p2a: Festin celestial|Roost|p2a: Festin celestial\n|-heal|p2a: Festin celestial|100\/100\n|-singleturn|p2a: Festin celestial|move: Roost\n|\n|upkeep\n|turn|31\n|\n|t:|1701134415\n|switch|p1a: Moltres|Moltres|70\/100 tox\n|move|p2a: Festin celestial|Foul Play|p1a: Moltres\n|-damage|p1a: Moltres|51\/100 tox\n|\n|-damage|p1a: Moltres|45\/100 tox|[from] psn\n|upkeep\n|turn|32\n|\n|t:|1701134418\n|move|p1a: Moltres|Roost|p1a: Moltres\n|-heal|p1a: Moltres|95\/100 tox\n|-singleturn|p1a: Moltres|move: Roost\n|move|p2a: Festin celestial|Foul Play|p1a: Moltres\n|-damage|p1a: Moltres|73\/100 tox\n|\n|-damage|p1a: Moltres|61\/100 tox|[from] psn\n|upkeep\n|turn|33\n|\n|t:|1701134421\n|move|p1a: Moltres|U-turn|p2a: Festin celestial\n|-damage|p2a: Festin celestial|93\/100\n|\n|t:|1701134427\n|switch|p1a: Slowking|Slowking-Galar, F|78\/100|[from] U-turn\n|move|p2a: Festin celestial|Foul Play|p1a: Slowking\n|-supereffective|p1a: Slowking\n|-crit|p1a: Slowking\n|-damage|p1a: Slowking|23\/100\n|\n|upkeep\n|turn|34\n|\n|t:|1701134430\n|switch|p1a: Kingambit|Kingambit, F|50\/100\n|-activate|p1a: Kingambit|ability: Supreme Overlord\n|-start|p1a: Kingambit|fallen2|[silent]\n|move|p2a: Festin celestial|Foul Play|p1a: Kingambit\n|-resisted|p1a: Kingambit\n|-damage|p1a: Kingambit|28\/100\n|\n|-heal|p1a: Kingambit|34\/100|[from] item: Leftovers\n|upkeep\n|turn|35\n|\n|t:|1701134436\n|move|p2a: Festin celestial|Foul Play|p1a: Kingambit\n|-resisted|p1a: Kingambit\n|-damage|p1a: Kingambit|12\/100\n|move|p1a: Kingambit|Iron Head|p2a: Festin celestial\n|-damage|p2a: Festin celestial|59\/100\n|\n|-heal|p1a: Kingambit|19\/100|[from] item: Leftovers\n|upkeep\n|turn|36\n|\n|t:|1701134443\n|move|p1a: Kingambit|Sucker Punch|p2a: Festin celestial\n|-resisted|p2a: Festin celestial\n|-damage|p2a: Festin celestial|45\/100\n|move|p2a: Festin celestial|Foul Play|p1a: Kingambit\n|-resisted|p1a: Kingambit\n|-damage|p1a: Kingambit|0 fnt\n|faint|p1a: Kingambit\n|-end|p1a: Kingambit|fallen2|[silent]\n|\n|upkeep\n|\n|t:|1701134445\n|switch|p1a: Great Tusk|Great Tusk|44\/100 tox\n|turn|37\n|\n|t:|1701134450\n|move|p1a: Great Tusk|Ice Spinner|p2a: Festin celestial\n|-supereffective|p2a: Festin celestial\n|-damage|p2a: Festin celestial|15\/100\n|move|p2a: Festin celestial|Roost|p2a: Festin celestial\n|-heal|p2a: Festin celestial|66\/100\n|-singleturn|p2a: Festin celestial|move: Roost\n|\n|-heal|p1a: Great Tusk|51\/100 tox|[from] item: Leftovers\n|-damage|p1a: Great Tusk|44\/100 tox|[from] psn\n|upkeep\n|turn|38\n|\n|t:|1701134452\n|move|p1a: Great Tusk|Ice Spinner|p2a: Festin celestial\n|-supereffective|p2a: Festin celestial\n|-damage|p2a: Festin celestial|36\/100\n|move|p2a: Festin celestial|Roost|p2a: Festin celestial\n|-heal|p2a: Festin celestial|86\/100\n|-singleturn|p2a: Festin celestial|move: Roost\n|\n|-heal|p1a: Great Tusk|51\/100 tox|[from] item: Leftovers\n|-damage|p1a: Great Tusk|38\/100 tox|[from] psn\n|upkeep\n|turn|39\n|\n|t:|1701134457\n|move|p1a: Great Tusk|Ice Spinner|p2a: Festin celestial\n|-supereffective|p2a: Festin celestial\n|-crit|p2a: Festin celestial\n|-damage|p2a: Festin celestial|39\/100\n|move|p2a: Festin celestial|Foul Play|p1a: Great Tusk\n|-resisted|p1a: Great Tusk\n|-damage|p1a: Great Tusk|21\/100 tox\n|\n|-heal|p1a: Great Tusk|27\/100 tox|[from] item: Leftovers\n|-damage|p1a: Great Tusk|9\/100 tox|[from] psn\n|upkeep\n|turn|40\n|\n|t:|1701134462\n|move|p1a: Great Tusk|Ice Spinner|p2a: Festin celestial\n|-supereffective|p2a: Festin celestial\n|-damage|p2a: Festin celestial|5\/100\n|move|p2a: Festin celestial|Foul Play|p1a: Great Tusk\n|-resisted|p1a: Great Tusk\n|-damage|p1a: Great Tusk|0 fnt\n|faint|p1a: Great Tusk\n|-end|p1a: Great Tusk|Protosynthesis|[silent]\n|\n|upkeep\n|\n|t:|1701134468\n|switch|p1a: Moltres|Moltres|61\/100 tox\n|turn|41\n|\n|t:|1701134470\n|move|p1a: Moltres|Flamethrower|p2a: Festin celestial\n|-damage|p2a: Festin celestial|0 fnt\n|faint|p2a: Festin celestial\n|\n|-damage|p1a: Moltres|55\/100 tox|[from] psn\n|upkeep\n|\n|t:|1701134473\n|switch|p2a: Jarcres|Jolteon, F|100\/100\n|turn|42\n|\n|t:|1701134484\n|switch|p1a: Slowking|Slowking-Galar, F|56\/100\n|move|p2a: Jarcres|Volt Switch|p1a: Slowking\n|-damage|p1a: Slowking|27\/100\n|\n|t:|1701134488\n|switch|p2a: Cacahuate|Dragonite, F|100\/100|[from] Volt Switch\n|\n|upkeep\n|turn|43\n|\n|t:|1701134492\n|switch|p1a: Moltres|Moltres|55\/100 tox\n|move|p2a: Cacahuate|Dragon Dance|p2a: Cacahuate\n|-boost|p2a: Cacahuate|atk|1\n|-boost|p2a: Cacahuate|spe|1\n|\n|-damage|p1a: Moltres|49\/100 tox|[from] psn\n|upkeep\n|turn|44\n|\n|t:|1701134496\n|move|p2a: Cacahuate|Extreme Speed|p1a: Moltres\n|-damage|p1a: Moltres|15\/100 tox\n|move|p1a: Moltres|Will-O-Wisp|p2a: Cacahuate|[miss]\n|-miss|p1a: Moltres|p2a: Cacahuate\n|\n|-damage|p1a: Moltres|3\/100 tox|[from] psn\n|upkeep\n|turn|45\n|\n|t:|1701134502\n|move|p2a: Cacahuate|Extreme Speed|p1a: Moltres\n|-damage|p1a: Moltres|0 fnt\n|-status|p2a: Cacahuate|brn|[from] ability: Flame Body|[of] p1a: Moltres\n|faint|p1a: Moltres\n|\n|-damage|p2a: Cacahuate|94\/100 brn|[from] brn\n|upkeep\n|\n|t:|1701134504\n|switch|p1a: Slowking|Slowking-Galar, F|61\/100\n|turn|46\n|\n|t:|1701134509\n|-terastallize|p1a: Slowking|Water\n|move|p2a: Cacahuate|Dragon Dance|p2a: Cacahuate\n|-boost|p2a: Cacahuate|atk|1\n|-boost|p2a: Cacahuate|spe|1\n|move|p1a: Slowking|Future Sight|p2a: Cacahuate\n|-start|p1a: Slowking|move: Future Sight\n|\n|-damage|p2a: Cacahuate|88\/100 brn|[from] brn\n|upkeep\n|turn|47\n|\n|t:|1701134514\n|move|p2a: Cacahuate|Dragon Dance|p2a: Cacahuate\n|-boost|p2a: Cacahuate|atk|1\n|-boost|p2a: Cacahuate|spe|1\n|move|p1a: Slowking|Sludge Bomb|p2a: Cacahuate\n|-damage|p2a: Cacahuate|55\/100 brn\n|\n|-damage|p2a: Cacahuate|49\/100 brn|[from] brn\n|upkeep\n|turn|48\n|\n|t:|1701134519\n|move|p2a: Cacahuate|Earthquake|p1a: Slowking\n|-damage|p1a: Slowking|14\/100\n|move|p1a: Slowking|Sludge Bomb|p2a: Cacahuate\n|-damage|p2a: Cacahuate|14\/100 brn\n|\n|-end|p2a: Cacahuate|move: Future Sight\n|-damage|p2a: Cacahuate|0 fnt\n|faint|p2a: Cacahuate\n|upkeep\n|\n|t:|1701134522\n|switch|p2a: Jarcres|Jolteon, F|100\/100\n|turn|49\n|\n|t:|1701134524\n|move|p2a: Jarcres|Thunderbolt|p1a: Slowking\n|-supereffective|p1a: Slowking\n|-damage|p1a: Slowking|0 fnt\n|faint|p1a: Slowking\n|\n|win|AkiDes\n|raw|Woahitzgino's rating: 1161 &rarr; <strong>1138<\/strong><br \/>(-23 for losing)\n|raw|AkiDes's rating: 1186 &rarr; <strong>1209<\/strong><br \/>(+23 for winning)\n|l|\u2606Woahitzgino\n","uploadtime":1701134527,"views":2,"p1id":"woahitzgino","p2id":"akides","formatid":"gen9ou","rating":1138,"private":0,"password":""}