{"id":"gen9ou-1995015901","p1":"GwendalVSF","p2":"dwarfleader","format":"[Gen 9] OU","log":"|j|\u2606GwendalVSF\n|j|\u2606dwarfleader\n|t:|1700513638\n|gametype|singles\n|player|p1|GwendalVSF|colress|1342\n|player|p2|dwarfleader|102|1280\n|teamsize|p1|6\n|teamsize|p2|6\n|gen|9\n|tier|[Gen 9] OU\n|rated|\n|rule|Sleep Clause Mod: Limit one foe put to sleep\n|rule|Species Clause: Limit one of each Pok\u00e9mon\n|rule|OHKO Clause: OHKO moves are banned\n|rule|Evasion Items Clause: Evasion items are banned\n|rule|Evasion Moves Clause: Evasion moves are banned\n|rule|Endless Battle Clause: Forcing endless battles is banned\n|rule|HP Percentage Mod: HP is shown in percentages\n|clearpoke\n|poke|p1|Corviknight, M|\n|poke|p1|Alomomola, M|\n|poke|p1|Toxapex, M|\n|poke|p1|Garganacl, F|\n|poke|p1|Blissey, F|\n|poke|p1|Clodsire, F|\n|poke|p2|Blissey, F|\n|poke|p2|Garganacl, M|\n|poke|p2|Skeledirge, M|\n|poke|p2|Corviknight, F|\n|poke|p2|Iron Valiant|\n|poke|p2|Kingambit, F|\n|teampreview\n|inactive|Battle timer is ON: inactive players will automatically lose when time's up. (requested by GwendalVSF)\n|\n|t:|1700513666\n|start\n|switch|p1a: Clodsire|Clodsire, F|100\/100\n|switch|p2a: Garganacl|Garganacl, M|100\/100\n|turn|1\n|\n|t:|1700513681\n|switch|p1a: Alomomola|Alomomola, M|100\/100\n|move|p2a: Garganacl|Salt Cure|p1a: Alomomola\n|-damage|p1a: Alomomola|94\/100\n|-start|p1a: Alomomola|Salt Cure\n|\n|-heal|p1a: Alomomola|99\/100|[from] item: Leftovers\n|-damage|p1a: Alomomola|75\/100|[from] Salt Cure\n|upkeep\n|turn|2\n|\n|t:|1700513696\n|move|p1a: Alomomola|Scald|p2a: Garganacl\n|-supereffective|p2a: Garganacl\n|-damage|p2a: Garganacl|78\/100\n|move|p2a: Garganacl|Curse|p2a: Garganacl\n|-unboost|p2a: Garganacl|spe|1\n|-boost|p2a: Garganacl|atk|1\n|-boost|p2a: Garganacl|def|1\n|\n|-heal|p1a: Alomomola|81\/100|[from] item: Leftovers\n|-heal|p2a: Garganacl|84\/100|[from] item: Leftovers\n|-damage|p1a: Alomomola|56\/100|[from] Salt Cure\n|upkeep\n|turn|3\n|\n|t:|1700513709\n|switch|p1a: Toxapex|Toxapex, M|100\/100\n|move|p2a: Garganacl|Salt Cure|p1a: Toxapex\n|-damage|p1a: Toxapex|88\/100\n|-start|p1a: Toxapex|Salt Cure\n|\n|-heal|p1a: Toxapex|95\/100|[from] item: Leftovers\n|-heal|p2a: Garganacl|90\/100|[from] item: Leftovers\n|-damage|p1a: Toxapex|70\/100|[from] Salt Cure\n|upkeep\n|turn|4\n|\n|t:|1700513726\n|move|p1a: Toxapex|Haze|p1a: Toxapex\n|-clearallboost\n|move|p2a: Garganacl|Earthquake|p1a: Toxapex\n|-supereffective|p1a: Toxapex\n|-damage|p1a: Toxapex|43\/100\n|\n|-heal|p1a: Toxapex|49\/100|[from] item: Leftovers\n|-heal|p2a: Garganacl|96\/100|[from] item: Leftovers\n|-damage|p1a: Toxapex|24\/100|[from] Salt Cure\n|upkeep\n|turn|5\n|\n|t:|1700513736\n|switch|p1a: Corviknight|Corviknight, M|100\/100\n|-ability|p1a: Corviknight|Pressure\n|move|p2a: Garganacl|Salt Cure|p1a: Corviknight\n|-damage|p1a: Corviknight|92\/100\n|-start|p1a: Corviknight|Salt Cure\n|\n|-heal|p2a: Garganacl|100\/100|[from] item: Leftovers\n|-damage|p1a: Corviknight|67\/100|[from] Salt Cure\n|upkeep\n|turn|6\n|\n|t:|1700513755\n|move|p1a: Corviknight|Roost|p1a: Corviknight\n|-heal|p1a: Corviknight|100\/100\n|-singleturn|p1a: Corviknight|move: Roost\n|move|p2a: Garganacl|Curse|p2a: Garganacl\n|-unboost|p2a: Garganacl|spe|1\n|-boost|p2a: Garganacl|atk|1\n|-boost|p2a: Garganacl|def|1\n|\n|-damage|p1a: Corviknight|75\/100|[from] Salt Cure\n|upkeep\n|turn|7\n|\n|t:|1700513768\n|move|p1a: Corviknight|U-turn|p2a: Garganacl\n|-damage|p2a: Garganacl|95\/100\n|\n|t:|1700513776\n|switch|p1a: Alomomola|Alomomola, M|89\/100|[from] U-turn\n|move|p2a: Garganacl|Salt Cure|p1a: Alomomola\n|-damage|p1a: Alomomola|77\/100\n|-start|p1a: Alomomola|Salt Cure\n|\n|-heal|p1a: Alomomola|84\/100|[from] item: Leftovers\n|-heal|p2a: Garganacl|100\/100|[from] item: Leftovers\n|-damage|p1a: Alomomola|59\/100|[from] Salt Cure\n|upkeep\n|turn|8\n|\n|t:|1700513789\n|move|p1a: Alomomola|Wish|p1a: Alomomola\n|move|p2a: Garganacl|Salt Cure|p1a: Alomomola\n|-damage|p1a: Alomomola|48\/100\n|\n|-heal|p1a: Alomomola|54\/100|[from] item: Leftovers\n|-damage|p1a: Alomomola|29\/100|[from] Salt Cure\n|upkeep\n|turn|9\n|\n|t:|1700513799\n|switch|p1a: Corviknight|Corviknight, M|75\/100\n|-ability|p1a: Corviknight|Pressure\n|move|p2a: Garganacl|Curse|p2a: Garganacl\n|-unboost|p2a: Garganacl|spe|1\n|-boost|p2a: Garganacl|atk|1\n|-boost|p2a: Garganacl|def|1\n|\n|-heal|p1a: Corviknight|100\/100|[from] move: Wish|[wisher] Alomomola\n|upkeep\n|turn|10\n|\n|t:|1700513812\n|switch|p1a: Toxapex|Toxapex, M|57\/100\n|move|p2a: Garganacl|Salt Cure|p1a: Toxapex\n|-damage|p1a: Toxapex|39\/100\n|-start|p1a: Toxapex|Salt Cure\n|\n|-heal|p1a: Toxapex|45\/100|[from] item: Leftovers\n|-damage|p1a: Toxapex|20\/100|[from] Salt Cure\n|upkeep\n|turn|11\n|\n|t:|1700513836\n|switch|p1a: Corviknight|Corviknight, M|100\/100\n|-ability|p1a: Corviknight|Pressure\n|move|p2a: Garganacl|Curse|p2a: Garganacl\n|-unboost|p2a: Garganacl|spe|1\n|-boost|p2a: Garganacl|atk|1\n|-boost|p2a: Garganacl|def|1\n|\n|upkeep\n|turn|12\n|\n|t:|1700513847\n|switch|p1a: Toxapex|Toxapex, M|53\/100\n|move|p2a: Garganacl|Salt Cure|p1a: Toxapex\n|-damage|p1a: Toxapex|32\/100\n|-start|p1a: Toxapex|Salt Cure\n|\n|-heal|p1a: Toxapex|38\/100|[from] item: Leftovers\n|-damage|p1a: Toxapex|13\/100|[from] Salt Cure\n|upkeep\n|turn|13\n|\n|t:|1700513857\n|switch|p1a: Corviknight|Corviknight, M|100\/100\n|-ability|p1a: Corviknight|Pressure\n|move|p2a: Garganacl|Salt Cure|p1a: Corviknight\n|-damage|p1a: Corviknight|78\/100\n|-start|p1a: Corviknight|Salt Cure\n|\n|-damage|p1a: Corviknight|53\/100|[from] Salt Cure\n|upkeep\n|turn|14\n|\n|t:|1700513871\n|switch|p1a: Clodsire|Clodsire, F|100\/100\n|move|p2a: Garganacl|Earthquake|p1a: Clodsire\n|-supereffective|p1a: Clodsire\n|-damage|p1a: Clodsire|0 fnt\n|faint|p1a: Clodsire\n|\n|upkeep\n|\n|t:|1700513883\n|switch|p1a: Toxapex|Toxapex, M|46\/100\n|turn|15\n|\n|t:|1700513887\n|switch|p1a: Corviknight|Corviknight, M|53\/100\n|-ability|p1a: Corviknight|Pressure\n|move|p2a: Garganacl|Salt Cure|p1a: Corviknight\n|-damage|p1a: Corviknight|34\/100\n|-start|p1a: Corviknight|Salt Cure\n|\n|-damage|p1a: Corviknight|9\/100|[from] Salt Cure\n|upkeep\n|turn|16\n|\n|t:|1700513899\n|switch|p1a: Alomomola|Alomomola, M|62\/100\n|move|p2a: Garganacl|Earthquake|p1a: Alomomola\n|-damage|p1a: Alomomola|31\/100\n|\n|-heal|p1a: Alomomola|37\/100|[from] item: Leftovers\n|upkeep\n|turn|17\n|\n|t:|1700513908\n|move|p1a: Alomomola|Protect|p1a: Alomomola\n|-singleturn|p1a: Alomomola|Protect\n|move|p2a: Garganacl|Salt Cure|p1a: Alomomola\n|-activate|p1a: Alomomola|move: Protect\n|\n|-heal|p1a: Alomomola|43\/100|[from] item: Leftovers\n|upkeep\n|turn|18\n|\n|t:|1700513915\n|move|p1a: Alomomola|Wish|p1a: Alomomola\n|move|p2a: Garganacl|Salt Cure|p1a: Alomomola\n|-damage|p1a: Alomomola|25\/100\n|-start|p1a: Alomomola|Salt Cure\n|\n|-heal|p1a: Alomomola|31\/100|[from] item: Leftovers\n|-damage|p1a: Alomomola|6\/100|[from] Salt Cure\n|upkeep\n|turn|19\n|\n|t:|1700513928\n|switch|p1a: Toxapex|Toxapex, M|79\/100\n|move|p2a: Garganacl|Curse|p2a: Garganacl\n|-unboost|p2a: Garganacl|spe|1\n|-boost|p2a: Garganacl|atk|1\n|-boost|p2a: Garganacl|def|1\n|\n|-heal|p1a: Toxapex|100\/100|[from] move: Wish|[wisher] Alomomola\n|upkeep\n|turn|20\n|\n|t:|1700513939\n|move|p1a: Toxapex|Haze|p1a: Toxapex\n|-clearallboost\n|move|p2a: Garganacl|Earthquake|p1a: Toxapex\n|-supereffective|p1a: Toxapex\n|-damage|p1a: Toxapex|73\/100\n|\n|-heal|p1a: Toxapex|79\/100|[from] item: Leftovers\n|upkeep\n|turn|21\n|\n|t:|1700513957\n|move|p1a: Toxapex|Chilling Water|p2a: Garganacl\n|-supereffective|p2a: Garganacl\n|-damage|p2a: Garganacl|84\/100\n|-unboost|p2a: Garganacl|atk|1\n|move|p2a: Garganacl|Salt Cure|p1a: Toxapex\n|-damage|p1a: Toxapex|73\/100\n|-start|p1a: Toxapex|Salt Cure\n|\n|-heal|p1a: Toxapex|79\/100|[from] item: Leftovers\n|-heal|p2a: Garganacl|90\/100|[from] item: Leftovers\n|-damage|p1a: Toxapex|54\/100|[from] Salt Cure\n|upkeep\n|turn|22\n|\n|t:|1700513972\n|switch|p1a: Corviknight|Corviknight, M|9\/100\n|-ability|p1a: Corviknight|Pressure\n|move|p2a: Garganacl|Curse|p2a: Garganacl\n|-unboost|p2a: Garganacl|spe|1\n|-boost|p2a: Garganacl|atk|1\n|-boost|p2a: Garganacl|def|1\n|\n|-heal|p2a: Garganacl|97\/100|[from] item: Leftovers\n|upkeep\n|turn|23\n|\n|t:|1700513988\n|switch|p1a: Alomomola|Alomomola, M|40\/100\n|move|p2a: Garganacl|Salt Cure|p1a: Alomomola\n|-damage|p1a: Alomomola|32\/100\n|-start|p1a: Alomomola|Salt Cure\n|\n|-heal|p1a: Alomomola|38\/100|[from] item: Leftovers\n|-heal|p2a: Garganacl|100\/100|[from] item: Leftovers\n|-damage|p1a: Alomomola|13\/100|[from] Salt Cure\n|upkeep\n|turn|24\n|\n|t:|1700514006\n|switch|p1a: Toxapex|Toxapex, M|87\/100\n|move|p2a: Garganacl|Curse|p2a: Garganacl\n|-unboost|p2a: Garganacl|spe|1\n|-boost|p2a: Garganacl|atk|1\n|-boost|p2a: Garganacl|def|1\n|\n|-heal|p1a: Toxapex|94\/100|[from] item: Leftovers\n|upkeep\n|turn|25\n|inactive|dwarfleader has 120 seconds left.\n|\n|t:|1700514062\n|switch|p2a: Blissey|Blissey, F|100\/100\n|move|p1a: Toxapex|Haze|p1a: Toxapex\n|-clearallboost\n|\n|-heal|p1a: Toxapex|99\/100|[from] item: Leftovers\n|upkeep\n|turn|26\n|\n|t:|1700514072\n|switch|p1a: Blissey|Blissey, F|100\/100\n|move|p2a: Blissey|Stealth Rock|p1a: Blissey\n|-sidestart|p1: GwendalVSF|move: Stealth Rock\n|\n|upkeep\n|turn|27\n|inactive|dwarfleader has 90 seconds left.\n|inactive|dwarfleader has 60 seconds left.\n|\n|t:|1700514142\n|switch|p2a: Kingambit|Kingambit, F|100\/100\n|move|p1a: Blissey|Stealth Rock|p2a: Kingambit\n|-sidestart|p2: dwarfleader|move: Stealth Rock\n|\n|upkeep\n|turn|28\n|inactive|dwarfleader has 60 seconds left.\n|\n|t:|1700514155\n|switch|p1a: Alomomola|Alomomola, M|46\/100\n|-damage|p1a: Alomomola|34\/100|[from] Stealth Rock\n|move|p2a: Kingambit|Swords Dance|p2a: Kingambit\n|-boost|p2a: Kingambit|atk|2\n|\n|-heal|p1a: Alomomola|40\/100|[from] item: Leftovers\n|upkeep\n|turn|29\n|inactive|dwarfleader has 60 seconds left.\n|\n|t:|1700514168\n|switch|p1a: Toxapex|Toxapex, M|100\/100\n|-damage|p1a: Toxapex|88\/100|[from] Stealth Rock\n|move|p2a: Kingambit|Kowtow Cleave|p1a: Toxapex\n|-damage|p1a: Toxapex|25\/100\n|\n|-heal|p1a: Toxapex|32\/100|[from] item: Leftovers\n|upkeep\n|turn|30\n|inactive|dwarfleader has 60 seconds left.\n|\n|t:|1700514183\n|switch|p1a: Corviknight|Corviknight, M|9\/100\n|-damage|p1a: Corviknight|0 fnt|[from] Stealth Rock\n|faint|p1a: Corviknight\n|move|p2a: Kingambit|Kowtow Cleave|p1: Corviknight|[notarget]\n|-fail|p2a: Kingambit\n|\n|upkeep\n|\n|t:|1700514194\n|switch|p1a: Alomomola|Alomomola, M|74\/100\n|-damage|p1a: Alomomola|61\/100|[from] Stealth Rock\n|turn|31\n|\n|t:|1700514201\n|move|p1a: Alomomola|Protect|p1a: Alomomola\n|-singleturn|p1a: Alomomola|Protect\n|move|p2a: Kingambit|Swords Dance|p2a: Kingambit\n|-boost|p2a: Kingambit|atk|2\n|\n|-heal|p1a: Alomomola|67\/100|[from] item: Leftovers\n|upkeep\n|turn|32\n|\n|t:|1700514212\n|move|p2a: Kingambit|Kowtow Cleave|p1a: Alomomola\n|-damage|p1a: Alomomola|0 fnt\n|faint|p1a: Alomomola\n|\n|upkeep\n|c|\u2606dwarfleader|Gg\n|\n|t:|1700514223\n|switch|p1a: Blissey|Blissey, F|100\/100\n|-damage|p1a: Blissey|88\/100|[from] Stealth Rock\n|turn|33\n|inactive|dwarfleader has 60 seconds left.\n|\n|t:|1700514257\n|move|p2a: Kingambit|Iron Head|p1a: Blissey\n|-damage|p1a: Blissey|0 fnt\n|faint|p1a: Blissey\n|\n|upkeep\n|\n|t:|1700514277\n|switch|p1a: Toxapex|Toxapex, M|65\/100\n|-damage|p1a: Toxapex|52\/100|[from] Stealth Rock\n|turn|34\n|\n|t:|1700514286\n|move|p2a: Kingambit|Iron Head|p1a: Toxapex\n|-resisted|p1a: Toxapex\n|-damage|p1a: Toxapex|9\/100\n|move|p1a: Toxapex|Haze|p1a: Toxapex\n|-clearallboost\n|\n|-heal|p1a: Toxapex|15\/100|[from] item: Leftovers\n|upkeep\n|turn|35\n|\n|t:|1700514295\n|switch|p1a: Garganacl|Garganacl, F|100\/100\n|-damage|p1a: Garganacl|88\/100|[from] Stealth Rock\n|move|p2a: Kingambit|Kowtow Cleave|p1a: Garganacl\n|-damage|p1a: Garganacl|63\/100\n|\n|-heal|p1a: Garganacl|69\/100|[from] item: Leftovers\n|upkeep\n|turn|36\n|\n|t:|1700514314\n|-terastallize|p2a: Kingambit|Dark\n|move|p2a: Kingambit|Swords Dance|p2a: Kingambit\n|-boost|p2a: Kingambit|atk|2\n|move|p1a: Garganacl|Salt Cure|p2a: Kingambit\n|-damage|p2a: Kingambit|89\/100\n|-start|p2a: Kingambit|Salt Cure\n|\n|-heal|p1a: Garganacl|75\/100|[from] item: Leftovers\n|-damage|p2a: Kingambit|76\/100|[from] Salt Cure\n|upkeep\n|turn|37\n|\n|t:|1700514329\n|move|p2a: Kingambit|Swords Dance|p2a: Kingambit\n|-boost|p2a: Kingambit|atk|2\n|move|p1a: Garganacl|Iron Defense|p1a: Garganacl\n|-boost|p1a: Garganacl|def|2\n|\n|-heal|p1a: Garganacl|81\/100|[from] item: Leftovers\n|-damage|p2a: Kingambit|64\/100|[from] Salt Cure\n|upkeep\n|turn|38\n|\n|t:|1700514343\n|-terastallize|p1a: Garganacl|Fairy\n|move|p2a: Kingambit|Kowtow Cleave|p1a: Garganacl\n|-resisted|p1a: Garganacl\n|-damage|p1a: Garganacl|54\/100\n|move|p1a: Garganacl|Iron Defense|p1a: Garganacl\n|-boost|p1a: Garganacl|def|2\n|\n|-heal|p1a: Garganacl|60\/100|[from] item: Leftovers\n|-damage|p2a: Kingambit|52\/100|[from] Salt Cure\n|upkeep\n|turn|39\n|\n|t:|1700514357\n|move|p2a: Kingambit|Iron Head|p1a: Garganacl\n|-supereffective|p1a: Garganacl\n|-damage|p1a: Garganacl|11\/100\n|cant|p1a: Garganacl|flinch\n|\n|-heal|p1a: Garganacl|17\/100|[from] item: Leftovers\n|-damage|p2a: Kingambit|40\/100|[from] Salt Cure\n|upkeep\n|turn|40\n|\n|t:|1700514365\n|move|p1a: Garganacl|Protect|p1a: Garganacl\n|-singleturn|p1a: Garganacl|Protect\n|move|p2a: Kingambit|Iron Head|p1a: Garganacl\n|-activate|p1a: Garganacl|move: Protect\n|\n|-heal|p1a: Garganacl|23\/100|[from] item: Leftovers\n|-damage|p2a: Kingambit|27\/100|[from] Salt Cure\n|upkeep\n|turn|41\n|inactive|dwarfleader has 90 seconds left.\n|\n|t:|1700514378\n|switch|p1a: Toxapex|Toxapex, M|49\/100\n|-damage|p1a: Toxapex|36\/100|[from] Stealth Rock\n|move|p2a: Kingambit|Iron Head|p1a: Toxapex\n|-resisted|p1a: Toxapex\n|-damage|p1a: Toxapex|0 fnt\n|faint|p1a: Toxapex\n|\n|-damage|p2a: Kingambit|15\/100|[from] Salt Cure\n|upkeep\n|\n|t:|1700514388\n|switch|p1a: Garganacl|Garganacl, F, tera:Fairy|23\/100\n|-damage|p1a: Garganacl|11\/100|[from] Stealth Rock\n|turn|42\n|\n|t:|1700514399\n|move|p1a: Garganacl|Protect|p1a: Garganacl\n|-singleturn|p1a: Garganacl|Protect\n|move|p2a: Kingambit|Swords Dance|p2a: Kingambit\n|-boost|p2a: Kingambit|atk|2\n|\n|-heal|p1a: Garganacl|17\/100|[from] item: Leftovers\n|-damage|p2a: Kingambit|3\/100|[from] Salt Cure\n|upkeep\n|turn|43\n|c|\u2606GwendalVSF|gg\n|\n|t:|1700514412\n|move|p2a: Kingambit|Kowtow Cleave|p1a: Garganacl\n|-resisted|p1a: Garganacl\n|-damage|p1a: Garganacl|0 fnt\n|faint|p1a: Garganacl\n|\n|win|dwarfleader\n|raw|GwendalVSF's rating: 1342 &rarr; <strong>1318<\/strong><br \/>(-24 for losing)\n|raw|dwarfleader's rating: 1280 &rarr; <strong>1309<\/strong><br \/>(+29 for winning)\n|l|\u2606GwendalVSF\n","uploadtime":1700514420,"views":5,"p1id":"gwendalvsf","p2id":"dwarfleader","formatid":"gen9ou","rating":1309,"private":0,"password":""}