{"id":"gen9ou-1990342892","p1":"asdlolxd69","p2":"Superbian","format":"[Gen 9] OU","log":"|j|\u2606asdlolxd69\n|j|\u2606Superbian\n|inactive|Battle timer is ON: inactive players will automatically lose when time's up.\n|t:|1699959592\n|gametype|singles\n|player|p1|asdlolxd69|zinnia|\n|player|p2|Superbian|veteran|\n|teamsize|p1|5\n|teamsize|p2|5\n|gen|9\n|tier|[Gen 9] OU\n|rated|Tournament battle\n|rule|Sleep Clause Mod: Limit one foe put to sleep\n|rule|Species Clause: Limit one of each Pok\u00e9mon\n|rule|OHKO Clause: OHKO moves are banned\n|rule|Evasion Items Clause: Evasion items are banned\n|rule|Evasion Moves Clause: Evasion moves are banned\n|rule|Endless Battle Clause: Forcing endless battles is banned\n|rule|HP Percentage Mod: HP is shown in percentages\n|clearpoke\n|poke|p1|Maschiff, F|\n|poke|p1|Torterra, F|\n|poke|p1|Ninetales-Alola, F|\n|poke|p1|Milotic, M|\n|poke|p1|Flaaffy, M|\n|poke|p2|Ribombee, F|\n|poke|p2|Magcargo, M|\n|poke|p2|Kingambit, M|\n|poke|p2|Tyranitar, M|\n|poke|p2|Maushold-Four|\n|teampreview\n|j|*Lady Monita \u2746\n|inactive|asdlolxd69 also wants the timer to be on.\n|j| PikachuDoesntCutIt\n|\n|t:|1699959616\n|start\n|switch|p1a: Torterra|Torterra, F|100\/100\n|switch|p2a: Ribombee|Ribombee, F|100\/100\n|turn|1\n|\n|t:|1699959622\n|move|p2a: Ribombee|Sticky Web|p1a: Torterra\n|-sidestart|p1: asdlolxd69|move: Sticky Web\n|move|p1a: Torterra|Stealth Rock|p2a: Ribombee\n|-sidestart|p2: Superbian|move: Stealth Rock\n|\n|upkeep\n|turn|2\n|l| PikachuDoesntCutIt\n|\n|t:|1699959638\n|switch|p1a: Flaaffy|Flaaffy, M|100\/100\n|-activate|p1a: Flaaffy|move: Sticky Web\n|-unboost|p1a: Flaaffy|spe|1\n|move|p2a: Ribombee|Reflect|p2a: Ribombee\n|-sidestart|p2: Superbian|Reflect\n|\n|upkeep\n|turn|3\n|\n|t:|1699959642\n|move|p2a: Ribombee|Light Screen|p2a: Ribombee\n|-sidestart|p2: Superbian|move: Light Screen\n|move|p1a: Flaaffy|Thunder Wave|p2a: Ribombee\n|-status|p2a: Ribombee|par\n|\n|upkeep\n|turn|4\n|\n|t:|1699959648\n|cant|p2a: Ribombee|par\n|move|p1a: Flaaffy|Discharge|p2a: Ribombee\n|-damage|p2a: Ribombee|85\/100 par\n|\n|upkeep\n|turn|5\n|\n|t:|1699959654\n|move|p2a: Ribombee|Moonblast|p1a: Flaaffy\n|-damage|p1a: Flaaffy|66\/100\n|-unboost|p1a: Flaaffy|spa|1\n|move|p1a: Flaaffy|Discharge|p2a: Ribombee\n|-damage|p2a: Ribombee|75\/100 par\n|\n|upkeep\n|turn|6\n|\n|t:|1699959659\n|switch|p1a: Maschiff|Maschiff, F|100\/100\n|-activate|p1a: Maschiff|move: Sticky Web\n|-unboost|p1a: Maschiff|spe|1\n|-ability|p1a: Maschiff|Intimidate|boost\n|-unboost|p2a: Ribombee|atk|1\n|move|p2a: Ribombee|Moonblast|p1a: Maschiff\n|-supereffective|p1a: Maschiff\n|-damage|p1a: Maschiff|28\/100\n|\n|-sideend|p2: Superbian|Reflect\n|upkeep\n|turn|7\n|\n|t:|1699959666\n|move|p2a: Ribombee|Reflect|p2a: Ribombee\n|-sidestart|p2: Superbian|Reflect\n|move|p1a: Maschiff|Fire Fang|p2a: Ribombee\n|-supereffective|p2a: Ribombee\n|-damage|p2a: Ribombee|45\/100 par\n|\n|-sideend|p2: Superbian|move: Light Screen\n|upkeep\n|turn|8\n|\n|t:|1699959673\n|move|p2a: Ribombee|Moonblast|p1a: Maschiff\n|-supereffective|p1a: Maschiff\n|-damage|p1a: Maschiff|0 fnt\n|faint|p1a: Maschiff\n|\n|upkeep\n|inactive|asdlolxd69 has 120 seconds left.\n|\n|t:|1699959711\n|switch|p1a: Milotic|Milotic, M|100\/100\n|-activate|p1a: Milotic|move: Sticky Web\n|-unboost|p1a: Milotic|spe|1\n|-ability|p1a: Milotic|Competitive|boost\n|-boost|p1a: Milotic|spa|2\n|turn|9\n|\n|t:|1699959715\n|move|p2a: Ribombee|Light Screen|p2a: Ribombee\n|-sidestart|p2: Superbian|move: Light Screen\n|move|p1a: Milotic|Dragon Dance|p1a: Milotic\n|-boost|p1a: Milotic|atk|1\n|-boost|p1a: Milotic|spe|1\n|\n|-damage|p1a: Milotic|88\/100|[from] item: Black Sludge\n|upkeep\n|turn|10\n|j| Iliketoeatsomethin\n|j| PikachuDoesntCutIt\n|\n|t:|1699959732\n|switch|p2a: Maushold|Maushold-Four|100\/100\n|-damage|p2a: Maushold|88\/100|[from] Stealth Rock\n|move|p1a: Milotic|Scald|p2a: Maushold\n|-damage|p2a: Maushold|35\/100\n|\n|-damage|p1a: Milotic|76\/100|[from] item: Black Sludge\n|upkeep\n|turn|11\n|inactive|asdlolxd69 has 120 seconds left.\n|\n|t:|1699959749\n|-terastallize|p2a: Maushold|Normal\n|move|p2a: Maushold|Population Bomb|p1a: Milotic\n|-damage|p1a: Milotic|50\/100\n|-damage|p1a: Milotic|24\/100\n|-damage|p1a: Milotic|0 fnt\n|faint|p1a: Milotic\n|-hitcount|p1: Milotic|3\n|\n|-sideend|p2: Superbian|Reflect\n|upkeep\n|inactive|asdlolxd69 has 120 seconds left.\n|l|\u2606asdlolxd69\n|inactive|asdlolxd69 disconnected and has a minute to reconnect!\n|player|p1|\n|j|\u2606asdlolxd69\n|inactive|asdlolxd69 reconnected and has 105 seconds left.\n|player|p1|asdlolxd69|zinnia\n|inactive|asdlolxd69 has 90 seconds left.\n|\n|t:|1699959789\n|switch|p1a: Flaaffy|Flaaffy, M|66\/100\n|-activate|p1a: Flaaffy|move: Sticky Web\n|-unboost|p1a: Flaaffy|spe|1\n|turn|12\n|\n|t:|1699959794\n|move|p2a: Maushold|Population Bomb|p1a: Flaaffy\n|-damage|p1a: Flaaffy|46\/100\n|-damage|p1a: Flaaffy|24\/100\n|-status|p2a: Maushold|par|[from] ability: Static|[of] p1a: Flaaffy\n|-damage|p1a: Flaaffy|3\/100\n|-damage|p1a: Flaaffy|0 fnt\n|faint|p1a: Flaaffy\n|-hitcount|p1: Flaaffy|4\n|\n|upkeep\n|\n|t:|1699959798\n|switch|p1a: Ninetales|Ninetales-Alola, F|100\/100\n|-activate|p1a: Ninetales|move: Sticky Web\n|-unboost|p1a: Ninetales|spe|1\n|-weather|Snow|[from] ability: Snow Warning|[of] p1a: Ninetales\n|turn|13\n|\n|t:|1699959803\n|-terastallize|p1a: Ninetales|Ghost\n|move|p1a: Ninetales|Aurora Veil|p1a: Ninetales\n|-sidestart|p1: asdlolxd69|move: Aurora Veil\n|move|p2a: Maushold|Population Bomb|p1a: Ninetales\n|-immune|p1a: Ninetales\n|\n|-weather|Snow|[upkeep]\n|-sideend|p2: Superbian|move: Light Screen\n|upkeep\n|turn|14\n|inactive|asdlolxd69 has 120 seconds left.\n|\n|t:|1699959814\n|move|p1a: Ninetales|Dazzling Gleam|p2a: Maushold\n|-damage|p2a: Maushold|0 fnt\n|faint|p2a: Maushold\n|-damage|p1a: Ninetales|91\/100|[from] item: Life Orb\n|\n|-weather|Snow|[upkeep]\n|upkeep\n|\n|t:|1699959825\n|switch|p2a: Tyranitar|Tyranitar, M|100\/100\n|-damage|p2a: Tyranitar|88\/100|[from] Stealth Rock\n|-weather|Sandstorm|[from] ability: Sand Stream|[of] p2a: Tyranitar\n|turn|15\n|\n|t:|1699959832\n|move|p1a: Ninetales|Dazzling Gleam|p2a: Tyranitar\n|-supereffective|p2a: Tyranitar\n|-damage|p2a: Tyranitar|38\/100\n|-damage|p1a: Ninetales|81\/100|[from] item: Life Orb\n|move|p2a: Tyranitar|Dragon Dance|p2a: Tyranitar\n|-boost|p2a: Tyranitar|atk|1\n|-boost|p2a: Tyranitar|spe|1\n|\n|-weather|Sandstorm|[upkeep]\n|-damage|p1a: Ninetales|75\/100|[from] Sandstorm\n|upkeep\n|turn|16\n|\n|t:|1699959838\n|move|p2a: Tyranitar|Lash Out|p1a: Ninetales\n|-supereffective|p1a: Ninetales\n|-damage|p1a: Ninetales|0 fnt\n|faint|p1a: Ninetales\n|-damage|p2a: Tyranitar|28\/100|[from] item: Life Orb\n|\n|-weather|Sandstorm|[upkeep]\n|upkeep\n|\n|t:|1699959841\n|switch|p1a: Torterra|Torterra, F|100\/100\n|-activate|p1a: Torterra|move: Sticky Web\n|-unboost|p1a: Torterra|spe|1\n|turn|17\n|\n|t:|1699959844\n|move|p2a: Tyranitar|Lash Out|p1a: Torterra\n|-damage|p1a: Torterra|74\/100\n|-damage|p2a: Tyranitar|18\/100|[from] item: Life Orb\n|move|p1a: Torterra|Leech Seed|p2a: Tyranitar\n|-start|p2a: Tyranitar|move: Leech Seed\n|\n|-weather|Sandstorm|[upkeep]\n|-damage|p2a: Tyranitar|5\/100|[from] Leech Seed|[of] p1a: Torterra\n|-heal|p1a: Torterra|85\/100|[silent]\n|-sideend|p1: asdlolxd69|move: Aurora Veil\n|upkeep\n|turn|18\n|\n|t:|1699959852\n|move|p2a: Tyranitar|Lash Out|p1a: Torterra\n|-damage|p1a: Torterra|31\/100\n|-damage|p2a: Tyranitar|0 fnt|[from] item: Life Orb\n|faint|p2a: Tyranitar\n|move|p1a: Torterra|Earthquake|p2: Tyranitar|[notarget]\n|-fail|p1a: Torterra\n|\n|-weather|Sandstorm|[upkeep]\n|upkeep\n|c|\u2606asdlolxd69|gg\n|\n|t:|1699959862\n|switch|p2a: Magcargo|Magcargo, M|100\/100\n|-damage|p2a: Magcargo|76\/100|[from] Stealth Rock\n|turn|19\n|\n|t:|1699959866\n|move|p2a: Magcargo|Flamethrower|p1a: Torterra\n|-supereffective|p1a: Torterra\n|-damage|p1a: Torterra|0 fnt\n|faint|p1a: Torterra\n|\n|win|Superbian\n|n|\u2606Superbian|superbian\n|n|*Lady Monita \u2746|ladymonita\n|n| Iliketoeatsomethin|iliketoeatsomethin\n|n| PikachuDoesntCutIt|pikachudoesntcutit\n|n|\u2606asdlolxd69|asdlolxd69\n","uploadtime":1699959867,"views":5,"p1id":"asdlolxd69","p2id":"superbian","formatid":"gen9ou","rating":0,"private":0,"password":""}