{"id":"gen9ou-1992655687","p1":"Tsar dragon","p2":"Horrific17","format":"[Gen 9] OU","log":"|j|\u2606Tsar dragon\n|j|\u2606Horrific17\n|t:|1700221154\n|gametype|singles\n|player|p1|Tsar dragon|101|\n|player|p2|Horrific17|acetrainerf-gen4dp|\n|teamsize|p1|6\n|teamsize|p2|6\n|gen|9\n|tier|[Gen 9] OU\n|rule|Sleep Clause Mod: Limit one foe put to sleep\n|rule|Species Clause: Limit one of each Pok\u00e9mon\n|rule|OHKO Clause: OHKO moves are banned\n|rule|Evasion Items Clause: Evasion items are banned\n|rule|Evasion Moves Clause: Evasion moves are banned\n|rule|Endless Battle Clause: Forcing endless battles is banned\n|rule|HP Percentage Mod: HP is shown in percentages\n|clearpoke\n|poke|p1|Gholdengo|\n|poke|p1|Azumarill, F|\n|poke|p1|Great Tusk|\n|poke|p1|Iron Valiant|\n|poke|p1|Kleavor, M|\n|poke|p1|Krookodile, M|\n|poke|p2|Zapdos-Galar|\n|poke|p2|Qwilfish-Hisui, F|\n|poke|p2|Samurott-Hisui, M|\n|poke|p2|Thundurus, M|\n|poke|p2|Fezandipiti, M|\n|poke|p2|Dragapult, F|\n|teampreview\n|j| Prince Smurf\n|\n|t:|1700221190\n|start\n|switch|p1a: Kleavor|Kleavor, M|100\/100\n|switch|p2a: Geococcyx|Zapdos-Galar|100\/100\n|turn|1\n|inactive|Battle timer is ON: inactive players will automatically lose when time's up. (requested by Tsar dragon)\n|\n|t:|1700221227\n|move|p2a: Geococcyx|U-turn|p1a: Kleavor\n|-damage|p1a: Kleavor|71\/100\n|\n|t:|1700221230\n|switch|p2a: Tetrodotoxin|Qwilfish-Hisui, F|100\/100|[from] U-turn\n|-ability|p2a: Tetrodotoxin|Intimidate|boost\n|-unboost|p1a: Kleavor|atk|1\n|move|p1a: Kleavor|Stone Axe|p2a: Tetrodotoxin\n|-damage|p2a: Tetrodotoxin|82\/100\n|-sidestart|p2: Horrific17|move: Stealth Rock\n|\n|upkeep\n|turn|2\n|inactive|Tsar dragon has 270 seconds left.\n|inactive|Tsar dragon has 240 seconds left.\n|inactive|Tsar dragon has 210 seconds left.\n|\n|t:|1700221328\n|switch|p1a: Great Tusk|Great Tusk|100\/100\n|-enditem|p1a: Great Tusk|Booster Energy\n|-activate|p1a: Great Tusk|ability: Protosynthesis|[fromitem]\n|-start|p1a: Great Tusk|protosynthesisspe\n|move|p2a: Tetrodotoxin|Toxic Spikes|p1a: Great Tusk\n|-sidestart|p1: Tsar dragon|move: Toxic Spikes\n|\n|upkeep\n|turn|3\n|inactive|Tsar dragon has 210 seconds left.\n|\n|t:|1700221341\n|move|p1a: Great Tusk|Headlong Rush|p2a: Tetrodotoxin\n|-supereffective|p2a: Tetrodotoxin\n|-damage|p2a: Tetrodotoxin|25\/100\n|-unboost|p1a: Great Tusk|def|1\n|-unboost|p1a: Great Tusk|spd|1\n|move|p2a: Tetrodotoxin|Destiny Bond|p2a: Tetrodotoxin\n|-singlemove|p2a: Tetrodotoxin|Destiny Bond\n|\n|upkeep\n|turn|4\n|inactive|Tsar dragon has 210 seconds left.\n|inactive|Tsar dragon has 180 seconds left.\n|\n|t:|1700221385\n|move|p1a: Great Tusk|Bulk Up|p1a: Great Tusk\n|-boost|p1a: Great Tusk|atk|1\n|-boost|p1a: Great Tusk|def|1\n|move|p2a: Tetrodotoxin|Spikes|p1a: Great Tusk\n|-sidestart|p1: Tsar dragon|Spikes\n|\n|upkeep\n|turn|5\n|inactive|Tsar dragon has 180 seconds left.\n|\n|t:|1700221402\n|move|p1a: Great Tusk|Ice Spinner|p2a: Tetrodotoxin\n|-damage|p2a: Tetrodotoxin|5\/100\n|move|p2a: Tetrodotoxin|Spikes|p1a: Great Tusk\n|-sidestart|p1: Tsar dragon|Spikes\n|\n|upkeep\n|turn|6\n|\n|t:|1700221408\n|move|p1a: Great Tusk|Ice Spinner|p2a: Tetrodotoxin\n|-damage|p2a: Tetrodotoxin|0 fnt\n|faint|p2a: Tetrodotoxin\n|\n|upkeep\n|c| Prince Smurf|why am i lagging\n|c| Prince Smurf|what is this black magic\n|c| Prince Smurf|on PS\n|c|\u2606Tsar dragon|not liek\n|c|\u2606Tsar dragon|ur missing much\n|inactive|Horrific17 has 270 seconds left.\n|inactive|Horrific17 has 240 seconds left.\n|c| Prince Smurf|i agree with horrific\n|c|\u2606Tsar dragon|i\n|c|\u2606Tsar dragon|dc\n|c|\u2606Tsar dragon|this entire match is a result of previous\n|c|\u2606Tsar dragon|rng\n|c|\u2606Tsar dragon|so im salty\n|\n|t:|1700221489\n|switch|p2a: Otterheimer|Samurott-Hisui, M|100\/100\n|-damage|p2a: Otterheimer|88\/100|[from] Stealth Rock\n|turn|7\n|c| Prince Smurf|stop being salty\n|c| Prince Smurf|its way too early\n|inactive|Tsar dragon has 180 seconds left.\n|\n|t:|1700221512\n|move|p1a: Great Tusk|Close Combat|p2a: Otterheimer\n|-supereffective|p2a: Otterheimer\n|-damage|p2a: Otterheimer|0 fnt\n|-unboost|p1a: Great Tusk|def|1\n|-unboost|p1a: Great Tusk|spd|1\n|faint|p2a: Otterheimer\n|\n|upkeep\n|\n|t:|1700221515\n|switch|p2a: Geococcyx|Zapdos-Galar|100\/100\n|-damage|p2a: Geococcyx|88\/100|[from] Stealth Rock\n|turn|8\n|inactive|Tsar dragon has 180 seconds left.\n|\n|t:|1700221533\n|-terastallize|p1a: Great Tusk|Ground\n|move|p2a: Geococcyx|Brave Bird|p1a: Great Tusk\n|-damage|p1a: Great Tusk|44\/100\n|-damage|p2a: Geococcyx|63\/100|[from] Recoil\n|move|p1a: Great Tusk|Ice Spinner|p2a: Geococcyx\n|-supereffective|p2a: Geococcyx\n|-damage|p2a: Geococcyx|0 fnt\n|faint|p2a: Geococcyx\n|\n|upkeep\n|c|\u2606Tsar dragon|CALLED\n|inactive|Horrific17 has 240 seconds left.\n|c| Prince Smurf|this is looking like a yikes\n|c| Prince Smurf|for our hero\n|c|\u2606Tsar dragon|teraing into a type u arent using is\n|\n|t:|1700221558\n|switch|p2a: Storm Approaching|Thundurus, M|100\/100\n|-damage|p2a: Storm Approaching|76\/100|[from] Stealth Rock\n|turn|9\n|c|\u2606Tsar dragon|one of the few times\n|c|\u2606Tsar dragon|i tolerate this mechanic\n|c|\u2606Horrific17|why am i tera dragon on pult\n|inactive|Tsar dragon has 180 seconds left.\n|c|\u2606Horrific17|lmao\n|c|\u2606Tsar dragon|but then again\n|c|\u2606Tsar dragon|i could have done that even if tera didnt provide double stab\n|c| Prince Smurf|LOL\n|c|\u2606Horrific17|gg ig\n|c|\u2606Tsar dragon|so\n|c|\u2606Tsar dragon|eh\n|\n|t:|1700221577\n|-terastallize|p2a: Storm Approaching|Grass\n|move|p1a: Great Tusk|Ice Spinner|p2a: Storm Approaching\n|-supereffective|p2a: Storm Approaching\n|-damage|p2a: Storm Approaching|0 fnt\n|faint|p2a: Storm Approaching\n|\n|upkeep\n|\n|t:|1700221579\n|switch|p2a: Fezandipidi Toilet|Fezandipiti, M|100\/100\n|-damage|p2a: Fezandipidi Toilet|88\/100|[from] Stealth Rock\n|turn|10\n|c| Prince Smurf|dragon darts are broken\n|inactive|Tsar dragon has 180 seconds left.\n|\n|t:|1700221593\n|move|p1a: Great Tusk|Headlong Rush|p2a: Fezandipidi Toilet\n|-supereffective|p2a: Fezandipidi Toilet\n|-damage|p2a: Fezandipidi Toilet|0 fnt\n|-unboost|p1a: Great Tusk|def|1\n|-unboost|p1a: Great Tusk|spd|1\n|faint|p2a: Fezandipidi Toilet\n|\n|upkeep\n|\n|t:|1700221595\n|switch|p2a: Horton 229|Dragapult, F|100\/100\n|-damage|p2a: Horton 229|88\/100|[from] Stealth Rock\n|turn|11\n|\n|t:|1700221599\n|move|p2a: Horton 229|Sucker Punch|p1a: Great Tusk\n|-damage|p1a: Great Tusk|10\/100\n|move|p1a: Great Tusk|Headlong Rush|p2a: Horton 229\n|-damage|p2a: Horton 229|0 fnt\n|-unboost|p1a: Great Tusk|def|1\n|-unboost|p1a: Great Tusk|spd|1\n|-start|p1a: Great Tusk|Disable|Headlong Rush|[from] ability: Cursed Body|[of] p2a: Horton 229\n|faint|p2a: Horton 229\n|\n|win|Tsar dragon\n|l|\u2606Horrific17\n|c|\u2606Tsar dragon|>cursed body\n|l| Prince Smurf\n|j|\u2606Horrific17\n|player|p2|Horrific17|acetrainerf-gen4dp\n","uploadtime":1700221624,"views":18,"p1id":"tsardragon","p2id":"horrific17","formatid":"gen9ou","rating":0,"private":0,"password":""}