{"id":"gen9ou-1997044318","p1":"cuckoochicken","p2":"VikontAlu","format":"[Gen 9] OU","log":"|j|\u2606cuckoochicken\n|j|\u2606VikontAlu\n|t:|1700758887\n|gametype|singles\n|player|p1|cuckoochicken|swimmer|1221\n|player|p2|VikontAlu|265|1199\n|teamsize|p1|6\n|teamsize|p2|6\n|gen|9\n|tier|[Gen 9] OU\n|rated|\n|rule|Sleep Clause Mod: Limit one foe put to sleep\n|rule|Species Clause: Limit one of each Pok\u00e9mon\n|rule|OHKO Clause: OHKO moves are banned\n|rule|Evasion Items Clause: Evasion items are banned\n|rule|Evasion Moves Clause: Evasion moves are banned\n|rule|Endless Battle Clause: Forcing endless battles is banned\n|rule|HP Percentage Mod: HP is shown in percentages\n|clearpoke\n|poke|p1|Iron Leaves|\n|poke|p1|Kingambit, M|\n|poke|p1|Ceruledge, F|\n|poke|p1|Alomomola, M|\n|poke|p1|Landorus-Therian, M|\n|poke|p1|Dragapult, M|\n|poke|p2|Garganacl, F|\n|poke|p2|Great Tusk|\n|poke|p2|Gholdengo|\n|poke|p2|Iron Valiant|\n|poke|p2|Dragonite, M|\n|poke|p2|Zapdos|\n|teampreview\n|inactive|Battle timer is ON: inactive players will automatically lose when time's up. (requested by cuckoochicken)\n|\n|t:|1700758913\n|start\n|switch|p1a: Alomomola|Alomomola, M|100\/100\n|switch|p2a: HE IS HIM|Garganacl, F|100\/100\n|turn|1\n|\n|t:|1700758930\n|-terastallize|p2a: HE IS HIM|Water\n|move|p1a: Alomomola|Flip Turn|p2a: HE IS HIM\n|-resisted|p2a: HE IS HIM\n|-damage|p2a: HE IS HIM|97\/100\n|\n|t:|1700758938\n|switch|p1a: Iron Leaves|Iron Leaves|100\/100|[from] Flip Turn\n|move|p2a: HE IS HIM|Salt Cure|p1a: Iron Leaves\n|-damage|p1a: Iron Leaves|84\/100\n|-start|p1a: Iron Leaves|Salt Cure\n|\n|-heal|p2a: HE IS HIM|100\/100|[from] item: Leftovers\n|-damage|p1a: Iron Leaves|71\/100|[from] Salt Cure\n|upkeep\n|turn|2\n|\n|t:|1700758952\n|switch|p2a: Zapppiii!!|Zapdos|100\/100\n|move|p1a: Iron Leaves|Leaf Blade|p2a: Zapppiii!!\n|-resisted|p2a: Zapppiii!!\n|-crit|p2a: Zapppiii!!\n|-damage|p2a: Zapppiii!!|45\/100\n|\n|-damage|p1a: Iron Leaves|59\/100|[from] Salt Cure\n|upkeep\n|turn|3\n|\n|t:|1700758978\n|-end|p1a: Iron Leaves|Quark Drive|[silent]\n|switch|p1a: Landorus|Landorus-Therian, M|100\/100\n|-ability|p1a: Landorus|Intimidate|boost\n|-unboost|p2a: Zapppiii!!|atk|1\n|move|p2a: Zapppiii!!|Heat Wave|p1a: Landorus\n|-damage|p1a: Landorus|75\/100\n|\n|-heal|p1a: Landorus|81\/100|[from] item: Leftovers\n|upkeep\n|turn|4\n|\n|t:|1700758990\n|move|p2a: Zapppiii!!|Hurricane|p1a: Landorus\n|-damage|p1a: Landorus|40\/100\n|move|p1a: Landorus|Stealth Rock|p2a: Zapppiii!!\n|-sidestart|p2: VikontAlu|move: Stealth Rock\n|\n|-heal|p1a: Landorus|46\/100|[from] item: Leftovers\n|upkeep\n|turn|5\n|inactive|VikontAlu has 120 seconds left.\n|\n|t:|1700759015\n|switch|p1a: Alomomola|Alomomola, M|100\/100\n|move|p2a: Zapppiii!!|Hurricane|p1a: Alomomola|[miss]\n|-miss|p2a: Zapppiii!!|p1a: Alomomola\n|\n|upkeep\n|turn|6\n|inactive|VikontAlu has 120 seconds left.\n|\n|t:|1700759027\n|move|p2a: Zapppiii!!|Roost|p2a: Zapppiii!!\n|-heal|p2a: Zapppiii!!|95\/100\n|-singleturn|p2a: Zapppiii!!|move: Roost\n|move|p1a: Alomomola|Wish|p1a: Alomomola\n|\n|upkeep\n|turn|7\n|inactive|VikontAlu has 120 seconds left.\n|\n|t:|1700759044\n|move|p2a: Zapppiii!!|Discharge|p1a: Alomomola\n|-supereffective|p1a: Alomomola\n|-damage|p1a: Alomomola|47\/100\n|-enditem|p1a: Alomomola|Eject Button\n|\n|t:|1700759055\n|switch|p1a: Iron Leaves|Iron Leaves|59\/100\n|\n|-heal|p1a: Iron Leaves|100\/100|[from] move: Wish|[wisher] Alomomola\n|upkeep\n|turn|8\n|inactive|VikontAlu has 120 seconds left.\n|\n|t:|1700759061\n|move|p1a: Iron Leaves|Psyblade|p2a: Zapppiii!!\n|-damage|p2a: Zapppiii!!|27\/100\n|-status|p1a: Iron Leaves|par|[from] ability: Static|[of] p2a: Zapppiii!!\n|move|p2a: Zapppiii!!|Heat Wave|p1a: Iron Leaves|[miss]\n|-miss|p2a: Zapppiii!!|p1a: Iron Leaves\n|\n|upkeep\n|turn|9\n|\n|t:|1700759069\n|move|p2a: Zapppiii!!|Roost|p2a: Zapppiii!!\n|-heal|p2a: Zapppiii!!|77\/100\n|-singleturn|p2a: Zapppiii!!|move: Roost\n|move|p1a: Iron Leaves|Psyblade|p2a: Zapppiii!!\n|-damage|p2a: Zapppiii!!|8\/100\n|\n|upkeep\n|turn|10\n|\n|t:|1700759079\n|move|p2a: Zapppiii!!|Heat Wave|p1a: Iron Leaves\n|-supereffective|p1a: Iron Leaves\n|-crit|p1a: Iron Leaves\n|-damage|p1a: Iron Leaves|20\/100 par\n|cant|p1a: Iron Leaves|par\n|\n|upkeep\n|turn|11\n|\n|t:|1700759088\n|-end|p1a: Iron Leaves|Quark Drive|[silent]\n|switch|p1a: Landorus|Landorus-Therian, M|46\/100\n|-ability|p1a: Landorus|Intimidate|boost\n|-unboost|p2a: Zapppiii!!|atk|1\n|move|p2a: Zapppiii!!|Heat Wave|p1a: Landorus\n|-damage|p1a: Landorus|23\/100\n|\n|-heal|p1a: Landorus|29\/100|[from] item: Leftovers\n|upkeep\n|turn|12\n|\n|t:|1700759098\n|move|p2a: Zapppiii!!|Roost|p2a: Zapppiii!!\n|-heal|p2a: Zapppiii!!|58\/100\n|-singleturn|p2a: Zapppiii!!|move: Roost\n|move|p1a: Landorus|U-turn|p2a: Zapppiii!!\n|-damage|p2a: Zapppiii!!|35\/100\n|\n|t:|1700759102\n|switch|p1a: Dragapult|Dragapult, M|100\/100|[from] U-turn\n|\n|upkeep\n|turn|13\n|\n|t:|1700759109\n|move|p1a: Dragapult|Shadow Ball|p2a: Zapppiii!!\n|-damage|p2a: Zapppiii!!|7\/100\n|-damage|p1a: Dragapult|91\/100|[from] item: Life Orb\n|move|p2a: Zapppiii!!|Roost|p2a: Zapppiii!!\n|-heal|p2a: Zapppiii!!|57\/100\n|-singleturn|p2a: Zapppiii!!|move: Roost\n|\n|upkeep\n|turn|14\n|\n|t:|1700759118\n|move|p1a: Dragapult|Draco Meteor|p2a: Zapppiii!!\n|-damage|p2a: Zapppiii!!|5\/100\n|-unboost|p1a: Dragapult|spa|2\n|-damage|p1a: Dragapult|81\/100|[from] item: Life Orb\n|move|p2a: Zapppiii!!|Roost|p2a: Zapppiii!!\n|-heal|p2a: Zapppiii!!|55\/100\n|-singleturn|p2a: Zapppiii!!|move: Roost\n|\n|upkeep\n|turn|15\n|\n|t:|1700759139\n|switch|p1a: Alomomola|Alomomola, M|80\/100\n|move|p2a: Zapppiii!!|Roost|p2a: Zapppiii!!\n|-heal|p2a: Zapppiii!!|100\/100\n|-singleturn|p2a: Zapppiii!!|move: Roost\n|\n|upkeep\n|turn|16\n|\n|t:|1700759148\n|move|p2a: Zapppiii!!|Discharge|p1a: Alomomola\n|-supereffective|p1a: Alomomola\n|-damage|p1a: Alomomola|25\/100\n|-status|p1a: Alomomola|par\n|move|p1a: Alomomola|Wish|p1a: Alomomola\n|\n|upkeep\n|turn|17\n|\n|t:|1700759157\n|move|p1a: Alomomola|Protect|p1a: Alomomola\n|-singleturn|p1a: Alomomola|Protect\n|move|p2a: Zapppiii!!|Heat Wave|p1a: Alomomola\n|-activate|p1a: Alomomola|move: Protect\n|\n|-heal|p1a: Alomomola|75\/100 par|[from] move: Wish|[wisher] Alomomola\n|upkeep\n|turn|18\n|\n|t:|1700759164\n|-terastallize|p1a: Alomomola|Dragon\n|move|p2a: Zapppiii!!|Discharge|p1a: Alomomola\n|-resisted|p1a: Alomomola\n|-damage|p1a: Alomomola|63\/100 par\n|move|p1a: Alomomola|Wish|p1a: Alomomola\n|\n|upkeep\n|turn|19\n|\n|t:|1700759173\n|switch|p2a: Dragonite|Dragonite, M|100\/100\n|move|p1a: Alomomola|Flip Turn|p2a: Dragonite\n|-resisted|p2a: Dragonite\n|-damage|p2a: Dragonite|96\/100\n|\n|t:|1700759186\n|switch|p1a: Landorus|Landorus-Therian, M|29\/100|[from] Flip Turn\n|-ability|p1a: Landorus|Intimidate|boost\n|-unboost|p2a: Dragonite|atk|1\n|\n|-heal|p1a: Landorus|100\/100|[from] move: Wish|[wisher] Alomomola\n|upkeep\n|turn|20\n|\n|t:|1700759203\n|move|p2a: Dragonite|Ice Spinner|p1a: Landorus\n|-supereffective|p1a: Landorus\n|-damage|p1a: Landorus|25\/100\n|move|p1a: Landorus|Taunt|p2a: Dragonite\n|-start|p2a: Dragonite|move: Taunt\n|\n|-heal|p1a: Landorus|32\/100|[from] item: Leftovers\n|upkeep\n|turn|21\n|\n|t:|1700759225\n|switch|p1a: Alomomola|Alomomola, M, tera:Dragon|96\/100 par\n|move|p2a: Dragonite|Ice Spinner|p1a: Alomomola\n|-supereffective|p1a: Alomomola\n|-damage|p1a: Alomomola|69\/100 par\n|\n|upkeep\n|turn|22\n|\n|t:|1700759241\n|switch|p2a: Iron Valiant|Iron Valiant|100\/100\n|move|p1a: Alomomola|Wish|p1a: Alomomola\n|\n|upkeep\n|turn|23\n|\n|t:|1700759252\n|move|p2a: Iron Valiant|Moonblast|p1a: Alomomola\n|-supereffective|p1a: Alomomola\n|-damage|p1a: Alomomola|0 fnt\n|faint|p1a: Alomomola\n|\n|upkeep\n|inactive|cuckoochicken has 120 seconds left.\n|\n|t:|1700759272\n|switch|p1a: Ceruledge|Ceruledge, F|100\/100\n|turn|24\n|\n|t:|1700759288\n|move|p2a: Iron Valiant|Knock Off|p1a: Ceruledge\n|-supereffective|p1a: Ceruledge\n|-damage|p1a: Ceruledge|27\/100\n|-enditem|p1a: Ceruledge|Focus Sash|[from] move: Knock Off|[of] p2a: Iron Valiant\n|move|p1a: Ceruledge|Swords Dance|p1a: Ceruledge\n|-boost|p1a: Ceruledge|atk|2\n|\n|upkeep\n|turn|25\n|inactive|cuckoochicken has 120 seconds left.\n|inactive|cuckoochicken has 90 seconds left.\n|c|\u2606VikontAlu|\u0130ts seems i win this you have low chance to win it\n|\n|t:|1700759347\n|move|p1a: Ceruledge|Shadow Sneak|p2a: Iron Valiant\n|-damage|p2a: Iron Valiant|48\/100\n|move|p2a: Iron Valiant|Knock Off|p1a: Ceruledge\n|-supereffective|p1a: Ceruledge\n|-damage|p1a: Ceruledge|0 fnt\n|faint|p1a: Ceruledge\n|\n|upkeep\n|\n|t:|1700759352\n|switch|p1a: Dragapult|Dragapult, M|81\/100\n|turn|26\n|\n|t:|1700759359\n|move|p1a: Dragapult|Shadow Ball|p2a: Iron Valiant\n|-damage|p2a: Iron Valiant|0 fnt\n|faint|p2a: Iron Valiant\n|-end|p2a: Iron Valiant|Quark Drive|[silent]\n|-damage|p1a: Dragapult|71\/100|[from] item: Life Orb\n|\n|upkeep\n|\n|t:|1700759369\n|switch|p2a: Dragonite|Dragonite, M|96\/100\n|turn|27\n|\n|t:|1700759378\n|move|p1a: Dragapult|Draco Meteor|p2a: Dragonite\n|-supereffective|p2a: Dragonite\n|-damage|p2a: Dragonite|0 fnt\n|-unboost|p1a: Dragapult|spa|2\n|faint|p2a: Dragonite\n|-damage|p1a: Dragapult|61\/100|[from] item: Life Orb\n|\n|upkeep\n|\n|t:|1700759386\n|switch|p2a: HE IS HIM|Garganacl, F, tera:Water|100\/100\n|-damage|p2a: HE IS HIM|88\/100|[from] Stealth Rock\n|turn|28\n|\n|t:|1700759390\n|move|p1a: Dragapult|U-turn|p2a: HE IS HIM\n|-damage|p2a: HE IS HIM|76\/100\n|-damage|p1a: Dragapult|52\/100|[from] item: Life Orb\n|inactive|cuckoochicken has 120 seconds left.\n|\n|t:|1700759411\n|switch|p1a: Iron Leaves|Iron Leaves|20\/100 par|[from] U-turn\n|move|p2a: HE IS HIM|Salt Cure|p1a: Iron Leaves\n|-damage|p1a: Iron Leaves|4\/100 par\n|-start|p1a: Iron Leaves|Salt Cure\n|\n|-heal|p2a: HE IS HIM|82\/100|[from] item: Leftovers\n|-damage|p1a: Iron Leaves|0 fnt|[from] Salt Cure\n|faint|p1a: Iron Leaves\n|-end|p1a: Iron Leaves|Quark Drive|[silent]\n|upkeep\n|inactive|cuckoochicken has 90 seconds left.\n|\n|t:|1700759432\n|switch|p1a: Landorus|Landorus-Therian, M|32\/100\n|-ability|p1a: Landorus|Intimidate|boost\n|-unboost|p2a: HE IS HIM|atk|1\n|turn|29\n|\n|t:|1700759438\n|move|p1a: Landorus|Earthquake|p2a: HE IS HIM\n|-damage|p2a: HE IS HIM|58\/100\n|move|p2a: HE IS HIM|Salt Cure|p1a: Landorus\n|-damage|p1a: Landorus|24\/100\n|-start|p1a: Landorus|Salt Cure\n|\n|-heal|p1a: Landorus|30\/100|[from] item: Leftovers\n|-heal|p2a: HE IS HIM|65\/100|[from] item: Leftovers\n|-damage|p1a: Landorus|18\/100|[from] Salt Cure\n|upkeep\n|turn|30\n|inactive|cuckoochicken has 90 seconds left.\n|\n|t:|1700759465\n|move|p1a: Landorus|Earthquake|p2a: HE IS HIM\n|-damage|p2a: HE IS HIM|38\/100\n|move|p2a: HE IS HIM|Recover|p2a: HE IS HIM\n|-heal|p2a: HE IS HIM|88\/100\n|\n|-heal|p1a: Landorus|24\/100|[from] item: Leftovers\n|-heal|p2a: HE IS HIM|94\/100|[from] item: Leftovers\n|-damage|p1a: Landorus|11\/100|[from] Salt Cure\n|upkeep\n|turn|31\n|\n|t:|1700759474\n|move|p1a: Landorus|Earthquake|p2a: HE IS HIM\n|-damage|p2a: HE IS HIM|68\/100\n|move|p2a: HE IS HIM|Curse|p2a: HE IS HIM\n|-unboost|p2a: HE IS HIM|spe|1\n|-boost|p2a: HE IS HIM|atk|1\n|-boost|p2a: HE IS HIM|def|1\n|\n|-heal|p1a: Landorus|18\/100|[from] item: Leftovers\n|-heal|p2a: HE IS HIM|74\/100|[from] item: Leftovers\n|-damage|p1a: Landorus|5\/100|[from] Salt Cure\n|upkeep\n|turn|32\n|\n|t:|1700759479\n|move|p1a: Landorus|Earthquake|p2a: HE IS HIM\n|-damage|p2a: HE IS HIM|57\/100\n|move|p2a: HE IS HIM|Curse|p2a: HE IS HIM\n|-unboost|p2a: HE IS HIM|spe|1\n|-boost|p2a: HE IS HIM|atk|1\n|-boost|p2a: HE IS HIM|def|1\n|\n|-heal|p1a: Landorus|11\/100|[from] item: Leftovers\n|-heal|p2a: HE IS HIM|64\/100|[from] item: Leftovers\n|-damage|p1a: Landorus|0 fnt|[from] Salt Cure\n|faint|p1a: Landorus\n|upkeep\n|\n|t:|1700759488\n|switch|p1a: Dragapult|Dragapult, M|52\/100\n|turn|33\n|\n|t:|1700759491\n|move|p1a: Dragapult|Draco Meteor|p2a: HE IS HIM\n|-damage|p2a: HE IS HIM|2\/100\n|-unboost|p1a: Dragapult|spa|2\n|-damage|p1a: Dragapult|42\/100|[from] item: Life Orb\n|move|p2a: HE IS HIM|Recover|p2a: HE IS HIM\n|-heal|p2a: HE IS HIM|52\/100\n|\n|-heal|p2a: HE IS HIM|59\/100|[from] item: Leftovers\n|upkeep\n|turn|34\n|\n|t:|1700759503\n|move|p1a: Dragapult|U-turn|p2a: HE IS HIM\n|-crit|p2a: HE IS HIM\n|-damage|p2a: HE IS HIM|40\/100\n|-damage|p1a: Dragapult|32\/100|[from] item: Life Orb\n|\n|t:|1700759507\n|switch|p1a: Kingambit|Kingambit, M|100\/100|[from] U-turn\n|-activate|p1a: Kingambit|ability: Supreme Overlord\n|-start|p1a: Kingambit|fallen4|[silent]\n|move|p2a: HE IS HIM|Recover|p2a: HE IS HIM\n|-heal|p2a: HE IS HIM|90\/100\n|\n|-heal|p2a: HE IS HIM|96\/100|[from] item: Leftovers\n|upkeep\n|turn|35\n|inactive|cuckoochicken has 120 seconds left.\n|\n|t:|1700759529\n|move|p1a: Kingambit|Kowtow Cleave|p2a: HE IS HIM\n|-damage|p2a: HE IS HIM|77\/100\n|move|p2a: HE IS HIM|Salt Cure|p1a: Kingambit\n|-resisted|p1a: Kingambit\n|-damage|p1a: Kingambit|93\/100\n|-start|p1a: Kingambit|Salt Cure\n|\n|-heal|p1a: Kingambit|99\/100|[from] item: Leftovers\n|-heal|p2a: HE IS HIM|83\/100|[from] item: Leftovers\n|-damage|p1a: Kingambit|74\/100|[from] Salt Cure\n|upkeep\n|turn|36\n|c|\u2606VikontAlu|Ambit cannot one tap this lol\n|\n|t:|1700759539\n|-end|p1a: Kingambit|fallen4|[silent]\n|switch|p1a: Dragapult|Dragapult, M|32\/100\n|move|p2a: HE IS HIM|Earthquake|p1a: Dragapult\n|-damage|p1a: Dragapult|0 fnt\n|faint|p1a: Dragapult\n|\n|-heal|p2a: HE IS HIM|89\/100|[from] item: Leftovers\n|upkeep\n|-message|cuckoochicken forfeited.\n|\n|win|VikontAlu\n|raw|cuckoochicken's rating: 1221 &rarr; <strong>1194<\/strong><br \/>(-27 for losing)\n|raw|VikontAlu's rating: 1199 &rarr; <strong>1226<\/strong><br \/>(+27 for winning)\n|l|\u2606cuckoochicken\n|c|\u2606VikontAlu|gg\n","uploadtime":1700759567,"views":1,"p1id":"cuckoochicken","p2id":"vikontalu","formatid":"gen9ou","rating":1194,"private":0,"password":""}