{"id":"gen9ou-1994355618","p1":"Jesus_HMetal","p2":"Iamfrutrated","format":"[Gen 9] OU","log":"|j|\u2606Jesus_HMetal\n|j|\u2606Iamfrutrated\n|t:|1700434537\n|gametype|singles\n|player|p1|Jesus_HMetal|guitarist-gen4|1136\n|player|p2|Iamfrutrated|102|1119\n|teamsize|p1|6\n|teamsize|p2|6\n|gen|9\n|tier|[Gen 9] OU\n|rated|\n|rule|Sleep Clause Mod: Limit one foe put to sleep\n|rule|Species Clause: Limit one of each Pok\u00e9mon\n|rule|OHKO Clause: OHKO moves are banned\n|rule|Evasion Items Clause: Evasion items are banned\n|rule|Evasion Moves Clause: Evasion moves are banned\n|rule|Endless Battle Clause: Forcing endless battles is banned\n|rule|HP Percentage Mod: HP is shown in percentages\n|clearpoke\n|poke|p1|Ribombee, M|\n|poke|p1|Sneasler, M|\n|poke|p1|Ceruledge, M|\n|poke|p1|Walking Wake|\n|poke|p1|Rillaboom, M|\n|poke|p1|Torkoal, M|\n|poke|p2|Gholdengo|\n|poke|p2|Cinderace, M|\n|poke|p2|Kingambit, F|\n|poke|p2|Conkeldurr, F|\n|poke|p2|Iron Treads|\n|poke|p2|Donphan, L1, M|\n|teampreview\n|\n|t:|1700434543\n|start\n|switch|p1a: Ribbed4UrPleasure|Ribombee, M, shiny|100\/100\n|switch|p2a: Gholdengo|Gholdengo|100\/100\n|turn|1\n|\n|t:|1700434554\n|switch|p2a: Cinderace|Cinderace, M|100\/100\n|move|p1a: Ribbed4UrPleasure|Sticky Web|p2a: Cinderace\n|-sidestart|p2: Iamfrutrated|move: Sticky Web\n|\n|upkeep\n|turn|2\n|\n|t:|1700434565\n|switch|p1a: Torque|Torkoal, M|100\/100\n|-weather|SunnyDay|[from] ability: Drought|[of] p1a: Torque\n|move|p2a: Cinderace|Court Change|p2a: Cinderace\n|-start|p2a: Cinderace|typechange|Normal|[from] ability: Libero\n|-swapsideconditions\n|-activate|p2a: Cinderace|move: Court Change\n|\n|-weather|SunnyDay|[upkeep]\n|upkeep\n|turn|3\n|\n|t:|1700434576\n|move|p2a: Cinderace|Swords Dance|p2a: Cinderace\n|-boost|p2a: Cinderace|atk|2\n|move|p1a: Torque|Yawn|p2a: Cinderace\n|-start|p2a: Cinderace|move: Yawn|[of] p1a: Torque\n|\n|-weather|SunnyDay|[upkeep]\n|upkeep\n|turn|4\n|\n|t:|1700434587\n|move|p2a: Cinderace|Gunk Shot|p1a: Torque\n|-damage|p1a: Torque|55\/100\n|-status|p1a: Torque|psn\n|move|p1a: Torque|Rapid Spin|p2a: Cinderace\n|-damage|p2a: Cinderace|89\/100\n|-boost|p1a: Torque|spe|1\n|-sideend|p1: Jesus_HMetal|Sticky Web|[from] move: Rapid Spin|[of] p1a: Torque\n|\n|-weather|SunnyDay|[upkeep]\n|-damage|p1a: Torque|43\/100 psn|[from] psn\n|-end|p2a: Cinderace|move: Yawn|[silent]\n|-status|p2a: Cinderace|slp\n|upkeep\n|turn|5\n|inactive|Battle timer is ON: inactive players will automatically lose when time's up. (requested by Iamfrutrated)\n|\n|t:|1700434610\n|switch|p1a: The Gongoozler|Sneasler, M|100\/100\n|cant|p2a: Cinderace|slp\n|\n|-weather|SunnyDay|[upkeep]\n|upkeep\n|turn|6\n|\n|t:|1700434616\n|cant|p2a: Cinderace|slp\n|move|p1a: The Gongoozler|Swords Dance|p1a: The Gongoozler\n|-boost|p1a: The Gongoozler|atk|2\n|\n|-weather|SunnyDay|[upkeep]\n|upkeep\n|turn|7\n|\n|t:|1700434633\n|cant|p2a: Cinderace|slp\n|move|p1a: The Gongoozler|Dire Claw|p2a: Cinderace\n|-damage|p2a: Cinderace|0 fnt\n|faint|p2a: Cinderace\n|\n|-weather|SunnyDay|[upkeep]\n|upkeep\n|\n|t:|1700434644\n|switch|p2a: Donphan|Donphan, L1, M|100\/100\n|turn|8\n|\n|t:|1700434664\n|move|p1a: The Gongoozler|Dire Claw|p2a: Donphan\n|-resisted|p2a: Donphan\n|-ability|p2a: Donphan|Sturdy\n|-damage|p2a: Donphan|8\/100\n|-status|p2a: Donphan|par\n|move|p2a: Donphan|Endeavor|p1a: The Gongoozler\n|-damage|p1a: The Gongoozler|1\/100\n|-heal|p2a: Donphan|100\/100 par|[from] item: Shell Bell|[of] p1a: The Gongoozler\n|\n|-weather|SunnyDay|[upkeep]\n|upkeep\n|turn|9\n|\n|t:|1700434687\n|switch|p1a: Calcifer|Ceruledge, M, shiny|100\/100\n|switch|p2a: Gholdengo|Gholdengo|100\/100\n|\n|-weather|none\n|upkeep\n|turn|10\n|\n|t:|1700434697\n|move|p2a: Gholdengo|Shadow Ball|p1a: Calcifer\n|-supereffective|p1a: Calcifer\n|-damage|p1a: Calcifer|48\/100\n|move|p1a: Calcifer|Taunt|p2a: Gholdengo\n|-immune|p2a: Gholdengo|[from] ability: Good as Gold\n|\n|upkeep\n|turn|11\n|\n|t:|1700434711\n|move|p2a: Gholdengo|Shadow Ball|p1a: Calcifer\n|-supereffective|p1a: Calcifer\n|-damage|p1a: Calcifer|0 fnt\n|faint|p1a: Calcifer\n|\n|upkeep\n|\n|t:|1700434719\n|switch|p1a: The Gongoozler|Sneasler, M|1\/100\n|turn|12\n|\n|t:|1700434726\n|move|p1a: The Gongoozler|Dire Claw|p2a: Gholdengo\n|-immune|p2a: Gholdengo\n|move|p2a: Gholdengo|Shadow Ball|p1a: The Gongoozler\n|-damage|p1a: The Gongoozler|0 fnt\n|faint|p1a: The Gongoozler\n|\n|upkeep\n|\n|t:|1700434734\n|switch|p1a: Torque|Torkoal, M|43\/100 psn\n|-weather|SunnyDay|[from] ability: Drought|[of] p1a: Torque\n|turn|13\n|\n|t:|1700434743\n|move|p2a: Gholdengo|Shadow Ball|p1a: Torque\n|-damage|p1a: Torque|0 fnt\n|faint|p1a: Torque\n|\n|-weather|SunnyDay|[upkeep]\n|upkeep\n|\n|t:|1700434749\n|switch|p1a: Velocipastor|Walking Wake|100\/100\n|-activate|p1a: Velocipastor|ability: Protosynthesis\n|-start|p1a: Velocipastor|protosynthesisspe\n|turn|14\n|\n|t:|1700434757\n|move|p1a: Velocipastor|Flamethrower|p2a: Gholdengo\n|-supereffective|p2a: Gholdengo\n|-damage|p2a: Gholdengo|0 fnt\n|faint|p2a: Gholdengo\n|\n|-weather|SunnyDay|[upkeep]\n|upkeep\n|\n|t:|1700434777\n|switch|p2a: Donphan|Donphan, L1, M|100\/100 par\n|turn|15\n|\n|t:|1700434785\n|move|p1a: Velocipastor|Hydro Steam|p2a: Donphan\n|-supereffective|p2a: Donphan\n|-ability|p2a: Donphan|Sturdy\n|-damage|p2a: Donphan|8\/100 par\n|cant|p2a: Donphan|par\n|\n|-weather|SunnyDay|[upkeep]\n|upkeep\n|turn|16\n|c|\u2606Iamfrutrated|Bro\n|c|\u2606Jesus_HMetal|:)\n|\n|t:|1700434807\n|move|p1a: Velocipastor|Hydro Steam|p2a: Donphan\n|-supereffective|p2a: Donphan\n|-damage|p2a: Donphan|0 fnt\n|faint|p2a: Donphan\n|\n|-weather|SunnyDay|[upkeep]\n|upkeep\n|inactive|Iamfrutrated has 120 seconds left.\n|\n|t:|1700434819\n|switch|p2a: Iron Treads|Iron Treads|100\/100\n|-enditem|p2a: Iron Treads|Booster Energy\n|-activate|p2a: Iron Treads|ability: Quark Drive|[fromitem]\n|-start|p2a: Iron Treads|quarkdrivespe\n|turn|17\n|inactive|Iamfrutrated has 120 seconds left.\n|\n|t:|1700434843\n|-terastallize|p1a: Velocipastor|Steel\n|move|p1a: Velocipastor|Hydro Steam|p2a: Iron Treads\n|-supereffective|p2a: Iron Treads\n|-damage|p2a: Iron Treads|0 fnt\n|faint|p2a: Iron Treads\n|-end|p2a: Iron Treads|Quark Drive|[silent]\n|\n|-weather|SunnyDay|[upkeep]\n|upkeep\n|\n|t:|1700434853\n|switch|p2a: Conkeldurr|Conkeldurr, F|100\/100\n|turn|18\n|\n|t:|1700434859\n|move|p1a: Velocipastor|Hydro Steam|p2a: Conkeldurr\n|-damage|p2a: Conkeldurr|13\/100\n|move|p2a: Conkeldurr|Facade|p1a: Velocipastor\n|-resisted|p1a: Velocipastor\n|-damage|p1a: Velocipastor|87\/100\n|\n|-weather|SunnyDay|[upkeep]\n|-status|p2a: Conkeldurr|brn|[from] item: Flame Orb\n|upkeep\n|turn|19\n|inactive|Iamfrutrated has 120 seconds left.\n|\n|t:|1700434876\n|move|p1a: Velocipastor|Flamethrower|p2a: Conkeldurr\n|-damage|p2a: Conkeldurr|0 fnt\n|faint|p2a: Conkeldurr\n|\n|-weather|SunnyDay|[upkeep]\n|upkeep\n|inactive|Iamfrutrated has 120 seconds left.\n|\n|t:|1700434884\n|switch|p2a: Kingambit|Kingambit, F|100\/100\n|-activate|p2a: Kingambit|ability: Supreme Overlord\n|-start|p2a: Kingambit|fallen5|[silent]\n|turn|20\n|\n|t:|1700434890\n|-terastallize|p2a: Kingambit|Dark\n|move|p2a: Kingambit|Sucker Punch|p1a: Velocipastor\n|-damage|p1a: Velocipastor|0 fnt\n|faint|p1a: Velocipastor\n|-end|p1a: Velocipastor|Protosynthesis|[silent]\n|\n|-weather|none\n|upkeep\n|\n|t:|1700434910\n|switch|p1a: Ribbed4UrPleasure|Ribombee, M, shiny|100\/100\n|turn|21\n|\n|t:|1700434915\n|move|p1a: Ribbed4UrPleasure|Moonblast|p2a: Kingambit\n|-supereffective|p2a: Kingambit\n|-damage|p2a: Kingambit|12\/100\n|move|p2a: Kingambit|Kowtow Cleave|p1a: Ribbed4UrPleasure\n|-resisted|p1a: Ribbed4UrPleasure\n|-enditem|p1a: Ribbed4UrPleasure|Focus Sash\n|-damage|p1a: Ribbed4UrPleasure|1\/100\n|\n|upkeep\n|turn|22\n|\n|t:|1700434926\n|move|p2a: Kingambit|Sucker Punch||[still]\n|-fail|p2a: Kingambit\n|move|p1a: Ribbed4UrPleasure|Quiver Dance|p1a: Ribbed4UrPleasure\n|-boost|p1a: Ribbed4UrPleasure|spa|1\n|-boost|p1a: Ribbed4UrPleasure|spd|1\n|-boost|p1a: Ribbed4UrPleasure|spe|1\n|\n|upkeep\n|turn|23\n|\n|t:|1700434933\n|move|p2a: Kingambit|Sucker Punch||[still]\n|-fail|p2a: Kingambit\n|move|p1a: Ribbed4UrPleasure|Quiver Dance|p1a: Ribbed4UrPleasure\n|-boost|p1a: Ribbed4UrPleasure|spa|1\n|-boost|p1a: Ribbed4UrPleasure|spd|1\n|-boost|p1a: Ribbed4UrPleasure|spe|1\n|\n|upkeep\n|turn|24\n|\n|t:|1700434943\n|move|p2a: Kingambit|Sucker Punch||[still]\n|-fail|p2a: Kingambit\n|move|p1a: Ribbed4UrPleasure|Quiver Dance|p1a: Ribbed4UrPleasure\n|-boost|p1a: Ribbed4UrPleasure|spa|1\n|-boost|p1a: Ribbed4UrPleasure|spd|1\n|-boost|p1a: Ribbed4UrPleasure|spe|1\n|\n|upkeep\n|turn|25\n|\n|t:|1700434952\n|move|p2a: Kingambit|Sucker Punch|p1a: Ribbed4UrPleasure\n|-resisted|p1a: Ribbed4UrPleasure\n|-damage|p1a: Ribbed4UrPleasure|0 fnt\n|faint|p1a: Ribbed4UrPleasure\n|\n|upkeep\n|\n|t:|1700434956\n|switch|p1a: Funky Kong|Rillaboom, M|100\/100\n|-fieldstart|move: Grassy Terrain|[from] ability: Grassy Surge|[of] p1a: Funky Kong\n|turn|26\n|\n|t:|1700434963\n|move|p1a: Funky Kong|Grassy Glide|p2a: Kingambit\n|-damage|p2a: Kingambit|0 fnt\n|faint|p2a: Kingambit\n|-end|p2a: Kingambit|fallen5|[silent]\n|\n|win|Jesus_HMetal\n|raw|Jesus_HMetal's rating: 1136 &rarr; <strong>1160<\/strong><br \/>(+24 for winning)\n|raw|Iamfrutrated's rating: 1119 &rarr; <strong>1095<\/strong><br \/>(-24 for losing)\n","uploadtime":1700434970,"views":9,"p1id":"jesushmetal","p2id":"iamfrutrated","formatid":"gen9ou","rating":1095,"private":0,"password":""}