{"id":"gen9ou-1996412400","p1":"averagepokemonguy","p2":"Sqqueaks","format":"[Gen 9] OU","log":"|j|\u2606averagepokemonguy\n|j|\u2606Sqqueaks\n|t:|1700679544\n|gametype|singles\n|player|p1|averagepokemonguy|bugcatcher-gen4dp|1067\n|player|p2|Sqqueaks|alder|1000\n|teamsize|p1|6\n|teamsize|p2|6\n|gen|9\n|tier|[Gen 9] OU\n|rated|\n|rule|Sleep Clause Mod: Limit one foe put to sleep\n|rule|Species Clause: Limit one of each Pok\u00e9mon\n|rule|OHKO Clause: OHKO moves are banned\n|rule|Evasion Items Clause: Evasion items are banned\n|rule|Evasion Moves Clause: Evasion moves are banned\n|rule|Endless Battle Clause: Forcing endless battles is banned\n|rule|HP Percentage Mod: HP is shown in percentages\n|clearpoke\n|poke|p1|Clodsire, F|\n|poke|p1|Meowscarada, F|\n|poke|p1|Gholdengo|\n|poke|p1|Arcanine, M|\n|poke|p1|Garganacl, M|\n|poke|p1|Ribombee, M|\n|poke|p2|Dragapult, F|\n|poke|p2|Iron Valiant|\n|poke|p2|Great Tusk|\n|poke|p2|Manaphy|\n|poke|p2|Corviknight, F|\n|poke|p2|Slowking-Galar, F|\n|teampreview\n|inactive|Battle timer is ON: inactive players will automatically lose when time's up. (requested by Sqqueaks)\n|c|\u2606averagepokemonguy|pick your mon\n|\n|t:|1700679571\n|start\n|switch|p1a: RIBO|Ribombee, M, shiny|100\/100\n|switch|p2a: Dragapult|Dragapult, F|100\/100\n|turn|1\n|c|\u2606Sqqueaks|oh ok\n|c|\u2606averagepokemonguy|thank you\n|c|\u2606Sqqueaks|ill do that\n|\n|t:|1700679586\n|move|p2a: Dragapult|U-turn|p1a: RIBO\n|-resisted|p1a: RIBO\n|-crit|p1a: RIBO\n|-damage|p1a: RIBO|46\/100\n|\n|t:|1700679590\n|switch|p2a: Corviknight|Corviknight, F|100\/100|[from] U-turn\n|move|p1a: RIBO|Sticky Web|p2a: Corviknight\n|-sidestart|p2: Sqqueaks|move: Sticky Web\n|\n|upkeep\n|turn|2\n|\n|t:|1700679599\n|switch|p1a: Arcanine|Arcanine, M, shiny|100\/100\n|-ability|p1a: Arcanine|Intimidate|boost\n|-ability|p2a: Corviknight|Mirror Armor\n|-unboost|p1a: Arcanine|atk|1\n|move|p2a: Corviknight|Iron Head|p1a: Arcanine\n|-resisted|p1a: Arcanine\n|-damage|p1a: Arcanine|84\/100\n|\n|upkeep\n|turn|3\n|\n|t:|1700679613\n|move|p1a: Arcanine|Dragon Pulse|p2a: Corviknight\n|-resisted|p2a: Corviknight\n|-crit|p2a: Corviknight\n|-damage|p2a: Corviknight|91\/100\n|move|p2a: Corviknight|Defog|p1a: Arcanine\n|-unboost|p1a: Arcanine|evasion|1\n|-sideend|p2: Sqqueaks|Sticky Web|[from] move: Defog|[of] p2a: Corviknight\n|\n|upkeep\n|turn|4\n|\n|t:|1700679626\n|switch|p2a: Iron Valiant|Iron Valiant|100\/100\n|-enditem|p2a: Iron Valiant|Booster Energy\n|-activate|p2a: Iron Valiant|ability: Quark Drive|[fromitem]\n|-start|p2a: Iron Valiant|quarkdrivespe\n|move|p1a: Arcanine|Close Combat|p2a: Iron Valiant\n|-resisted|p2a: Iron Valiant\n|-damage|p2a: Iron Valiant|85\/100\n|-unboost|p1a: Arcanine|def|1\n|-unboost|p1a: Arcanine|spd|1\n|\n|upkeep\n|turn|5\n|\n|t:|1700679637\n|move|p2a: Iron Valiant|Swords Dance|p2a: Iron Valiant\n|-boost|p2a: Iron Valiant|atk|2\n|move|p1a: Arcanine|Body Slam|p2a: Iron Valiant\n|-damage|p2a: Iron Valiant|61\/100\n|\n|upkeep\n|turn|6\n|\n|t:|1700679645\n|move|p2a: Iron Valiant|Drain Punch|p1a: Arcanine\n|-damage|p1a: Arcanine|0 fnt\n|-heal|p2a: Iron Valiant|100\/100|[from] drain|[of] p1a: Arcanine\n|faint|p1a: Arcanine\n|\n|upkeep\n|\n|t:|1700679651\n|switch|p1a: RIBO|Ribombee, M, shiny|46\/100\n|turn|7\n|\n|t:|1700679658\n|move|p2a: Iron Valiant|Spirit Break|p1a: RIBO\n|-damage|p1a: RIBO|0 fnt\n|faint|p1a: RIBO\n|\n|upkeep\n|\n|t:|1700679663\n|switch|p1a: GARG|Garganacl, M, shiny|100\/100\n|turn|8\n|\n|t:|1700679669\n|move|p2a: Iron Valiant|Knock Off|p1a: GARG\n|-damage|p1a: GARG|55\/100\n|-enditem|p1a: GARG|Leftovers|[from] move: Knock Off|[of] p2a: Iron Valiant\n|move|p1a: GARG|Curse|p1a: GARG\n|-unboost|p1a: GARG|spe|1\n|-boost|p1a: GARG|atk|1\n|-boost|p1a: GARG|def|1\n|\n|upkeep\n|turn|9\n|\n|t:|1700679676\n|move|p2a: Iron Valiant|Drain Punch|p1a: GARG\n|-supereffective|p1a: GARG\n|-damage|p1a: GARG|0 fnt\n|faint|p1a: GARG\n|\n|upkeep\n|-message|averagepokemonguy forfeited.\n|\n|win|Sqqueaks\n|raw|averagepokemonguy's rating: 1067 &rarr; <strong>1043<\/strong><br \/>(-24 for losing)\n|raw|Sqqueaks's rating: 1000 &rarr; <strong>1048<\/strong><br \/>(+48 for winning)\n|l|\u2606averagepokemonguy\n|c|\u2606Sqqueaks|darn\n","uploadtime":1700679692,"views":0,"p1id":"averagepokemonguy","p2id":"sqqueaks","formatid":"gen9ou","rating":1043,"private":0,"password":""}