{"id":"gen9ou-1994796165","p1":"alt no. 598","p2":"marcelotrololol","format":"[Gen 9] OU","log":"|j|\u2606alt no. 598\n|j|\u2606marcelotrololol\n|t:|1700493592\n|gametype|singles\n|player|p1|alt no. 598|acetrainersnowf|1533\n|player|p2|marcelotrololol|lance|1466\n|teamsize|p1|6\n|teamsize|p2|6\n|gen|9\n|tier|[Gen 9] OU\n|rated|\n|rule|Sleep Clause Mod: Limit one foe put to sleep\n|rule|Species Clause: Limit one of each Pok\u00e9mon\n|rule|OHKO Clause: OHKO moves are banned\n|rule|Evasion Items Clause: Evasion items are banned\n|rule|Evasion Moves Clause: Evasion moves are banned\n|rule|Endless Battle Clause: Forcing endless battles is banned\n|rule|HP Percentage Mod: HP is shown in percentages\n|clearpoke\n|poke|p1|Landorus-Therian, M|\n|poke|p1|Moltres|\n|poke|p1|Slowking-Galar, M|\n|poke|p1|Weavile, F|\n|poke|p1|Gholdengo|\n|poke|p1|Zamazenta-*|\n|poke|p2|Dragonite, F|\n|poke|p2|Samurott-Hisui, M|\n|poke|p2|Ting-Lu|\n|poke|p2|Gholdengo|\n|poke|p2|Walking Wake|\n|poke|p2|Enamorus, F|\n|teampreview\n|inactive|Battle timer is ON: inactive players will automatically lose when time's up. (requested by marcelotrololol)\n|\n|t:|1700493610\n|start\n|switch|p1a: Landorus|Landorus-Therian, M|100\/100\n|switch|p2a: Samurott|Samurott-Hisui, M|100\/100\n|-ability|p1a: Landorus|Intimidate|boost\n|-unboost|p2a: Samurott|atk|1\n|turn|1\n|\n|t:|1700493616\n|move|p1a: Landorus|U-turn|p2a: Samurott\n|-supereffective|p2a: Samurott\n|-damage|p2a: Samurott|40\/100\n|\n|t:|1700493622\n|switch|p1a: Moltres|Moltres|100\/100|[from] U-turn\n|move|p2a: Samurott|Ceaseless Edge|p1a: Moltres\n|-damage|p1a: Moltres|81\/100\n|-status|p2a: Samurott|brn|[from] ability: Flame Body|[of] p1a: Moltres\n|-sidestart|p1: alt no. 598|Spikes\n|\n|-damage|p2a: Samurott|33\/100 brn|[from] brn\n|upkeep\n|turn|2\n|\n|t:|1700493631\n|switch|p1a: Landorus|Landorus-Therian, M|100\/100\n|-ability|p1a: Landorus|Intimidate|boost\n|-unboost|p2a: Samurott|atk|1\n|move|p2a: Samurott|Ceaseless Edge|p1a: Landorus\n|-damage|p1a: Landorus|90\/100\n|-sidestart|p1: alt no. 598|Spikes\n|\n|-heal|p1a: Landorus|96\/100|[from] item: Leftovers\n|-damage|p2a: Samurott|27\/100 brn|[from] brn\n|upkeep\n|turn|3\n|\n|t:|1700493640\n|move|p1a: Landorus|Stealth Rock|p2a: Samurott\n|-sidestart|p2: marcelotrololol|move: Stealth Rock\n|move|p2a: Samurott|Ice Beam|p1a: Landorus\n|-supereffective|p1a: Landorus\n|-damage|p1a: Landorus|0 fnt\n|faint|p1a: Landorus\n|\n|-damage|p2a: Samurott|21\/100 brn|[from] brn\n|upkeep\n|\n|t:|1700493652\n|switch|p1a: Weavile|Weavile, F|100\/100\n|-ability|p1a: Weavile|Pressure\n|turn|4\n|\n|t:|1700493656\n|move|p1a: Weavile|Knock Off|p2a: Samurott\n|-resisted|p2a: Samurott\n|-damage|p2a: Samurott|0 fnt\n|-enditem|p2a: Samurott|Focus Sash|[from] move: Knock Off|[of] p1a: Weavile\n|faint|p2a: Samurott\n|\n|upkeep\n|\n|t:|1700493672\n|switch|p2a: Gholdengo|Gholdengo|100\/100\n|-damage|p2a: Gholdengo|94\/100|[from] Stealth Rock\n|turn|5\n|\n|t:|1700493681\n|switch|p1a: Slowking|Slowking-Galar, M|100\/100\n|move|p2a: Gholdengo|Make It Rain|p1a: Slowking\n|-damage|p1a: Slowking|62\/100\n|-unboost|p2a: Gholdengo|spa|1\n|\n|upkeep\n|turn|6\n|inactive|alt no. 598 has 120 seconds left.\n|inactive|alt no. 598 has 90 seconds left.\n|\n|t:|1700493765\n|switch|p2a: Ting-Lu|Ting-Lu|100\/100\n|-damage|p2a: Ting-Lu|94\/100|[from] Stealth Rock\n|-ability|p2a: Ting-Lu|Vessel of Ruin\n|move|p1a: Slowking|Chilly Reception|p1a: Slowking\n|-weather|Snow\n|\n|t:|1700493774\n|switch|p1a: Moltres|Moltres|81\/100|[from] Chilly Reception\n|\n|-weather|Snow|[upkeep]\n|-heal|p2a: Ting-Lu|100\/100|[from] item: Leftovers\n|upkeep\n|turn|7\n|\n|t:|1700493780\n|move|p1a: Moltres|Will-O-Wisp|p2a: Ting-Lu\n|-status|p2a: Ting-Lu|brn\n|move|p2a: Ting-Lu|Stealth Rock|p1a: Moltres\n|-sidestart|p1: alt no. 598|move: Stealth Rock\n|\n|-weather|Snow|[upkeep]\n|-damage|p2a: Ting-Lu|94\/100 brn|[from] brn\n|upkeep\n|turn|8\n|\n|t:|1700493793\n|switch|p2a: Walking Wake|Walking Wake|100\/100\n|-damage|p2a: Walking Wake|88\/100|[from] Stealth Rock\n|-enditem|p2a: Walking Wake|Booster Energy\n|-activate|p2a: Walking Wake|ability: Protosynthesis|[fromitem]\n|-start|p2a: Walking Wake|protosynthesisspa\n|move|p1a: Moltres|Flamethrower|p2a: Walking Wake\n|-resisted|p2a: Walking Wake\n|-damage|p2a: Walking Wake|78\/100\n|\n|-weather|Snow|[upkeep]\n|upkeep\n|turn|9\n|\n|t:|1700493807\n|switch|p1a: Slowking|Slowking-Galar, M|95\/100\n|-terastallize|p2a: Walking Wake|Water\n|move|p2a: Walking Wake|Hydro Steam|p1a: Slowking\n|-damage|p1a: Slowking|46\/100\n|\n|-weather|Snow|[upkeep]\n|upkeep\n|turn|10\n|inactive|alt no. 598 has 90 seconds left.\n|\n|t:|1700493825\n|-terastallize|p1a: Slowking|Water\n|move|p2a: Walking Wake|Hydro Steam|p1a: Slowking\n|-resisted|p1a: Slowking\n|-damage|p1a: Slowking|23\/100\n|move|p1a: Slowking|Chilly Reception|p1a: Slowking\n|\n|t:|1700493829\n|switch|p1a: Zamazenta|Zamazenta|100\/100|[from] Chilly Reception\n|-ability|p1a: Zamazenta|Dauntless Shield|boost\n|-boost|p1a: Zamazenta|def|1\n|\n|-weather|none\n|upkeep\n|turn|11\n|\n|t:|1700493849\n|move|p1a: Zamazenta|Close Combat|p2a: Walking Wake\n|-damage|p2a: Walking Wake|17\/100\n|-unboost|p1a: Zamazenta|def|1\n|-unboost|p1a: Zamazenta|spd|1\n|move|p2a: Walking Wake|Hydro Steam|p1a: Zamazenta\n|-damage|p1a: Zamazenta|0 fnt\n|faint|p1a: Zamazenta\n|\n|upkeep\n|inactive|alt no. 598 has 90 seconds left.\n|\n|t:|1700493859\n|switch|p1a: Weavile|Weavile, F|100\/100\n|-ability|p1a: Weavile|Pressure\n|turn|12\n|\n|t:|1700493869\n|move|p1a: Weavile|Knock Off|p2a: Walking Wake\n|-damage|p2a: Walking Wake|0 fnt\n|faint|p2a: Walking Wake\n|-end|p2a: Walking Wake|Protosynthesis|[silent]\n|\n|upkeep\n|\n|t:|1700493881\n|switch|p2a: Gholdengo|Gholdengo|94\/100\n|-damage|p2a: Gholdengo|88\/100|[from] Stealth Rock\n|turn|13\n|\n|t:|1700493893\n|switch|p1a: Slowking|Slowking-Galar, M, tera:Water|56\/100\n|move|p2a: Gholdengo|Make It Rain|p1a: Slowking\n|-resisted|p1a: Slowking\n|-damage|p1a: Slowking|34\/100\n|-unboost|p2a: Gholdengo|spa|1\n|\n|upkeep\n|turn|14\n|\n|t:|1700493902\n|switch|p2a: Ting-Lu|Ting-Lu|94\/100 brn\n|-damage|p2a: Ting-Lu|88\/100 brn|[from] Stealth Rock\n|-ability|p2a: Ting-Lu|Vessel of Ruin\n|move|p1a: Slowking|Chilly Reception|p1a: Slowking\n|-weather|Snow\n|\n|t:|1700493914\n|switch|p1a: Weavile|Weavile, F|100\/100|[from] Chilly Reception\n|-ability|p1a: Weavile|Pressure\n|\n|-weather|Snow|[upkeep]\n|-heal|p2a: Ting-Lu|94\/100 brn|[from] item: Leftovers\n|-damage|p2a: Ting-Lu|88\/100 brn|[from] brn\n|upkeep\n|turn|15\n|\n|t:|1700493922\n|move|p1a: Weavile|Icicle Crash|p2a: Ting-Lu\n|-supereffective|p2a: Ting-Lu\n|-damage|p2a: Ting-Lu|46\/100 brn\n|move|p2a: Ting-Lu|Earthquake|p1a: Weavile\n|-damage|p1a: Weavile|77\/100\n|\n|-weather|Snow|[upkeep]\n|-heal|p2a: Ting-Lu|52\/100 brn|[from] item: Leftovers\n|-damage|p2a: Ting-Lu|46\/100 brn|[from] brn\n|upkeep\n|turn|16\n|\n|t:|1700493931\n|move|p1a: Weavile|Knock Off|p2a: Ting-Lu\n|-resisted|p2a: Ting-Lu\n|-damage|p2a: Ting-Lu|35\/100 brn\n|-enditem|p2a: Ting-Lu|Leftovers|[from] move: Knock Off|[of] p1a: Weavile\n|move|p2a: Ting-Lu|Whirlwind|p1a: Weavile\n|drag|p1a: Slowking|Slowking-Galar, M, tera:Water|68\/100\n|\n|-weather|Snow|[upkeep]\n|-damage|p2a: Ting-Lu|29\/100 brn|[from] brn\n|upkeep\n|turn|17\n|inactive|alt no. 598 has 120 seconds left.\n|\n|t:|1700493950\n|switch|p1a: Moltres|Moltres|81\/100\n|move|p2a: Ting-Lu|Whirlwind|p1a: Moltres\n|drag|p1a: Slowking|Slowking-Galar, M, tera:Water|100\/100\n|\n|-weather|Snow|[upkeep]\n|-damage|p2a: Ting-Lu|23\/100 brn|[from] brn\n|upkeep\n|turn|18\n|\n|t:|1700493957\n|move|p1a: Slowking|Future Sight|p2a: Ting-Lu\n|-start|p1a: Slowking|move: Future Sight\n|move|p2a: Ting-Lu|Whirlwind|p1a: Slowking\n|drag|p1a: Moltres|Moltres|81\/100\n|\n|-weather|none\n|-damage|p2a: Ting-Lu|17\/100 brn|[from] brn\n|upkeep\n|turn|19\n|\n|t:|1700493964\n|move|p1a: Moltres|Flamethrower|p2a: Ting-Lu\n|-damage|p2a: Ting-Lu|0 fnt\n|faint|p2a: Ting-Lu\n|\n|upkeep\n|\n|t:|1700493974\n|switch|p2a: Gholdengo|Gholdengo|88\/100\n|-damage|p2a: Gholdengo|82\/100|[from] Stealth Rock\n|turn|20\n|\n|t:|1700493982\n|switch|p1a: Gholdengo|Gholdengo|100\/100\n|-damage|p1a: Gholdengo|84\/100|[from] Spikes\n|-damage|p1a: Gholdengo|78\/100|[from] Stealth Rock\n|move|p2a: Gholdengo|Thunderbolt|p1a: Gholdengo\n|-damage|p1a: Gholdengo|36\/100\n|\n|-end|p2a: Gholdengo|move: Future Sight\n|-resisted|p2a: Gholdengo\n|-damage|p2a: Gholdengo|58\/100\n|upkeep\n|turn|21\n|\n|t:|1700493991\n|move|p2a: Gholdengo|Thunderbolt|p1a: Gholdengo\n|-damage|p1a: Gholdengo|0 fnt\n|faint|p1a: Gholdengo\n|\n|upkeep\n|\n|t:|1700493993\n|switch|p1a: Weavile|Weavile, F|77\/100\n|-ability|p1a: Weavile|Pressure\n|turn|22\n|\n|t:|1700494002\n|move|p1a: Weavile|Knock Off|p2a: Gholdengo\n|-supereffective|p2a: Gholdengo\n|-damage|p2a: Gholdengo|0 fnt\n|-enditem|p2a: Gholdengo|Choice Scarf|[from] move: Knock Off|[of] p1a: Weavile\n|faint|p2a: Gholdengo\n|\n|upkeep\n|\n|t:|1700494016\n|switch|p2a: Enamorus|Enamorus, F|100\/100\n|-damage|p2a: Enamorus|76\/100|[from] Stealth Rock\n|turn|23\n|\n|t:|1700494024\n|move|p1a: Weavile|Icicle Crash|p2a: Enamorus\n|-supereffective|p2a: Enamorus\n|-damage|p2a: Enamorus|0 fnt\n|faint|p2a: Enamorus\n|\n|upkeep\n|\n|t:|1700494028\n|switch|p2a: Dragonite|Dragonite, F|100\/100\n|turn|24\n|\n|t:|1700494032\n|move|p1a: Weavile|Icicle Crash|p2a: Dragonite\n|-supereffective|p2a: Dragonite\n|-damage|p2a: Dragonite|23\/100\n|cant|p2a: Dragonite|flinch\n|\n|upkeep\n|turn|25\n|-message|marcelotrololol forfeited.\n|\n|win|alt no. 598\n|raw|alt no. 598's rating: 1533 &rarr; <strong>1549<\/strong><br \/>(+16 for winning)\n|raw|marcelotrololol's rating: 1466 &rarr; <strong>1450<\/strong><br \/>(-16 for losing)\n|l|\u2606marcelotrololol\n","uploadtime":1700494053,"views":10,"p1id":"altno598","p2id":"marcelotrololol","formatid":"gen9ou","rating":1450,"private":0,"password":""}