{"id":"gen9ou-1990666669","p1":"AKAKingACE","p2":"littensalt","format":"[Gen 9] OU","log":"|j|\u2606AKAKingACE\n|j|\u2606littensalt\n|t:|1699990099\n|gametype|singles\n|player|p1|AKAKingACE|265|1338\n|player|p2|littensalt|calem|1368\n|teamsize|p1|6\n|teamsize|p2|6\n|gen|9\n|tier|[Gen 9] OU\n|rated|\n|rule|Sleep Clause Mod: Limit one foe put to sleep\n|rule|Species Clause: Limit one of each Pok\u00e9mon\n|rule|OHKO Clause: OHKO moves are banned\n|rule|Evasion Items Clause: Evasion items are banned\n|rule|Evasion Moves Clause: Evasion moves are banned\n|rule|Endless Battle Clause: Forcing endless battles is banned\n|rule|HP Percentage Mod: HP is shown in percentages\n|clearpoke\n|poke|p1|Iron Moth|\n|poke|p1|Iron Hands|\n|poke|p1|Sneasler, F|\n|poke|p1|Rillaboom, F|\n|poke|p1|Iron Valiant|\n|poke|p1|Ogerpon-Wellspring, F|\n|poke|p2|Thundurus-Therian, M|\n|poke|p2|Weezing-Galar, F|\n|poke|p2|Cinderace, F|\n|poke|p2|Dragapult, M|\n|poke|p2|Greninja-*, M|\n|poke|p2|Zamazenta-*|\n|teampreview\n|inactive|Battle timer is ON: inactive players will automatically lose when time's up. (requested by littensalt)\n|\n|t:|1699990128\n|start\n|switch|p1a: Ogerpon|Ogerpon-Wellspring, F|100\/100\n|switch|p2a: KIDS SEE GHOST|Dragapult, M, shiny|100\/100\n|turn|1\n|\n|t:|1699990134\n|move|p2a: KIDS SEE GHOST|U-turn|p1a: Ogerpon\n|-supereffective|p1a: Ogerpon\n|-damage|p1a: Ogerpon|56\/100\n|\n|t:|1699990141\n|switch|p2a: wheezy outta here|Weezing-Galar, F, shiny|100\/100|[from] U-turn\n|-ability|p2a: wheezy outta here|Neutralizing Gas\n|move|p1a: Ogerpon|Knock Off|p2a: wheezy outta here\n|-resisted|p2a: wheezy outta here\n|-damage|p2a: wheezy outta here|88\/100\n|-damage|p1a: Ogerpon|39\/100|[from] item: Rocky Helmet|[of] p2a: wheezy outta here\n|-enditem|p2a: wheezy outta here|Rocky Helmet|[from] move: Knock Off|[of] p1a: Ogerpon\n|\n|upkeep\n|turn|2\n|\n|t:|1699990152\n|move|p1a: Ogerpon|Ivy Cudgel|p2a: wheezy outta here|[anim] Ivy Cudgel Water\n|-damage|p2a: wheezy outta here|48\/100\n|move|p2a: wheezy outta here|Will-O-Wisp|p1a: Ogerpon|[miss]\n|-miss|p2a: wheezy outta here|p1a: Ogerpon\n|\n|upkeep\n|turn|3\n|\n|t:|1699990172\n|switch|p1a: Iron Moth|Iron Moth|100\/100\n|-enditem|p1a: Iron Moth|Booster Energy\n|-activate|p1a: Iron Moth|ability: Quark Drive|[fromitem]\n|-start|p1a: Iron Moth|quarkdrivespe\n|move|p2a: wheezy outta here|Will-O-Wisp|p1a: Iron Moth|[miss]\n|-miss|p2a: wheezy outta here|p1a: Iron Moth\n|\n|upkeep\n|turn|4\n|\n|t:|1699990175\n|move|p1a: Iron Moth|Substitute|p1a: Iron Moth\n|-start|p1a: Iron Moth|Substitute\n|-damage|p1a: Iron Moth|76\/100\n|move|p2a: wheezy outta here|Pain Split||[still]\n|-fail|p2a: wheezy outta here\n|\n|upkeep\n|turn|5\n|\n|t:|1699990179\n|-end|p2a: wheezy outta here|ability: Neutralizing Gas\n|switch|p2a: FRANCHISE|Cinderace, F|100\/100\n|move|p1a: Iron Moth|Fiery Dance|p2a: FRANCHISE\n|-resisted|p2a: FRANCHISE\n|-damage|p2a: FRANCHISE|70\/100\n|\n|upkeep\n|turn|6\n|\n|t:|1699990187\n|move|p1a: Iron Moth|Sludge Wave|p2a: FRANCHISE\n|-damage|p2a: FRANCHISE|0 fnt\n|faint|p2a: FRANCHISE\n|\n|upkeep\n|\n|t:|1699990190\n|switch|p2a: N95|Greninja, M|100\/100\n|turn|7\n|\n|t:|1699990197\n|move|p2a: N95|Water Shuriken|p1a: Iron Moth\n|-supereffective|p1a: Iron Moth\n|-activate|p1a: Iron Moth|move: Substitute|[damage]\n|-supereffective|p1a: Iron Moth\n|-end|p1a: Iron Moth|Substitute\n|-supereffective|p1a: Iron Moth\n|-damage|p1a: Iron Moth|57\/100\n|-hitcount|p1a: Iron Moth|3\n|-damage|p2a: N95|91\/100|[from] item: Life Orb\n|move|p1a: Iron Moth|Energy Ball|p2a: N95\n|-supereffective|p2a: N95\n|-damage|p2a: N95|0 fnt\n|faint|p2a: N95\n|\n|upkeep\n|\n|t:|1699990207\n|switch|p2a: KIDS SEE GHOST|Dragapult, M, shiny|100\/100\n|turn|8\n|\n|t:|1699990215\n|move|p1a: Iron Moth|Sludge Wave|p2a: KIDS SEE GHOST\n|-resisted|p2a: KIDS SEE GHOST\n|-damage|p2a: KIDS SEE GHOST|68\/100\n|move|p2a: KIDS SEE GHOST|Shadow Ball|p1a: Iron Moth\n|-crit|p1a: Iron Moth\n|-damage|p1a: Iron Moth|0 fnt\n|faint|p1a: Iron Moth\n|-end|p1a: Iron Moth|Quark Drive|[silent]\n|\n|upkeep\n|\n|t:|1699990220\n|switch|p1a: Rillaboom|Rillaboom, F|100\/100\n|-fieldstart|move: Grassy Terrain|[from] ability: Grassy Surge|[of] p1a: Rillaboom\n|turn|9\n|\n|t:|1699990222\n|switch|p2a: wheezy outta here|Weezing-Galar, F, shiny|48\/100\n|-ability|p2a: wheezy outta here|Neutralizing Gas\n|move|p1a: Rillaboom|Drum Beating|p2a: wheezy outta here\n|-resisted|p2a: wheezy outta here\n|-damage|p2a: wheezy outta here|28\/100\n|-unboost|p2a: wheezy outta here|spe|1\n|\n|-heal|p2a: wheezy outta here|34\/100|[from] Grassy Terrain\n|upkeep\n|turn|10\n|\n|t:|1699990228\n|move|p1a: Rillaboom|Drum Beating|p2a: wheezy outta here\n|-resisted|p2a: wheezy outta here\n|-crit|p2a: wheezy outta here\n|-damage|p2a: wheezy outta here|6\/100\n|-unboost|p2a: wheezy outta here|spe|1\n|move|p2a: wheezy outta here|Will-O-Wisp|p1a: Rillaboom\n|-status|p1a: Rillaboom|brn\n|\n|-heal|p2a: wheezy outta here|12\/100|[from] Grassy Terrain\n|-damage|p1a: Rillaboom|94\/100 brn|[from] brn\n|upkeep\n|turn|11\n|\n|t:|1699990232\n|move|p1a: Rillaboom|Drum Beating|p2a: wheezy outta here\n|-resisted|p2a: wheezy outta here\n|-damage|p2a: wheezy outta here|3\/100\n|-unboost|p2a: wheezy outta here|spe|1\n|move|p2a: wheezy outta here|Pain Split|p1a: Rillaboom\n|-sethp|p1a: Rillaboom|48\/100 brn|[from] move: Pain Split|[silent]\n|-sethp|p2a: wheezy outta here|57\/100|[from] move: Pain Split\n|\n|-heal|p1a: Rillaboom|55\/100 brn|[from] Grassy Terrain\n|-heal|p2a: wheezy outta here|63\/100|[from] Grassy Terrain\n|-damage|p1a: Rillaboom|48\/100 brn|[from] brn\n|upkeep\n|turn|12\n|\n|t:|1699990238\n|move|p1a: Rillaboom|Drum Beating|p2a: wheezy outta here\n|-resisted|p2a: wheezy outta here\n|-damage|p2a: wheezy outta here|54\/100\n|-unboost|p2a: wheezy outta here|spe|1\n|move|p2a: wheezy outta here|Strange Steam|p1a: Rillaboom\n|-damage|p1a: Rillaboom|18\/100 brn\n|\n|-heal|p1a: Rillaboom|24\/100 brn|[from] Grassy Terrain\n|-heal|p2a: wheezy outta here|60\/100|[from] Grassy Terrain\n|-damage|p1a: Rillaboom|18\/100 brn|[from] brn\n|upkeep\n|turn|13\n|\n|t:|1699990248\n|move|p1a: Rillaboom|Drum Beating|p2a: wheezy outta here\n|-resisted|p2a: wheezy outta here\n|-damage|p2a: wheezy outta here|50\/100\n|-unboost|p2a: wheezy outta here|spe|1\n|move|p2a: wheezy outta here|Strange Steam|p1a: Rillaboom\n|-damage|p1a: Rillaboom|0 fnt\n|faint|p1a: Rillaboom\n|\n|-heal|p2a: wheezy outta here|56\/100|[from] Grassy Terrain\n|upkeep\n|\n|t:|1699990255\n|switch|p1a: Ogerpon|Ogerpon-Wellspring, F|39\/100\n|turn|14\n|\n|t:|1699990261\n|move|p1a: Ogerpon|Ivy Cudgel|p2a: wheezy outta here|[anim] Ivy Cudgel Water\n|-damage|p2a: wheezy outta here|14\/100\n|move|p2a: wheezy outta here|Will-O-Wisp|p1a: Ogerpon\n|-status|p1a: Ogerpon|brn\n|\n|-heal|p1a: Ogerpon|45\/100 brn|[from] Grassy Terrain\n|-heal|p2a: wheezy outta here|20\/100|[from] Grassy Terrain\n|-damage|p1a: Ogerpon|39\/100 brn|[from] brn\n|upkeep\n|turn|15\n|\n|t:|1699990277\n|-end|p2a: wheezy outta here|ability: Neutralizing Gas\n|switch|p2a: KIDS SEE GHOST|Dragapult, M, shiny|68\/100\n|move|p1a: Ogerpon|Ivy Cudgel|p2a: KIDS SEE GHOST|[anim] Ivy Cudgel Water\n|-resisted|p2a: KIDS SEE GHOST\n|-damage|p2a: KIDS SEE GHOST|49\/100\n|\n|-heal|p2a: KIDS SEE GHOST|55\/100|[from] Grassy Terrain\n|-heal|p1a: Ogerpon|45\/100 brn|[from] Grassy Terrain\n|-damage|p1a: Ogerpon|39\/100 brn|[from] brn\n|upkeep\n|turn|16\n|\n|t:|1699990302\n|move|p2a: KIDS SEE GHOST|Shadow Ball|p1a: Ogerpon\n|-damage|p1a: Ogerpon|0 fnt\n|faint|p1a: Ogerpon\n|\n|-heal|p2a: KIDS SEE GHOST|61\/100|[from] Grassy Terrain\n|-fieldend|move: Grassy Terrain\n|upkeep\n|\n|t:|1699990308\n|switch|p1a: Iron Hands|Iron Hands|100\/100\n|turn|17\n|\n|t:|1699990311\n|switch|p2a: wheezy outta here|Weezing-Galar, F, shiny|20\/100\n|-ability|p2a: wheezy outta here|Neutralizing Gas\n|move|p1a: Iron Hands|Ice Punch|p2a: wheezy outta here\n|-damage|p2a: wheezy outta here|0 fnt\n|faint|p2a: wheezy outta here\n|-end|p2a: wheezy outta here|ability: Neutralizing Gas\n|\n|upkeep\n|\n|t:|1699990324\n|switch|p2a: 5g|Thundurus-Therian, M, shiny|100\/100\n|turn|18\n|\n|t:|1699990341\n|move|p2a: 5g|Volt Switch|p1a: Iron Hands\n|-resisted|p1a: Iron Hands\n|-damage|p1a: Iron Hands|81\/100\n|\n|t:|1699990344\n|switch|p2a: november|Zamazenta|100\/100|[from] Volt Switch\n|-ability|p2a: november|Dauntless Shield|boost\n|-boost|p2a: november|def|1\n|move|p1a: Iron Hands|Ice Punch|p2a: november\n|-crit|p2a: november\n|-damage|p2a: november|67\/100\n|\n|-heal|p2a: november|73\/100|[from] item: Leftovers\n|upkeep\n|turn|19\n|\n|t:|1699990352\n|move|p2a: november|Substitute|p2a: november\n|-start|p2a: november|Substitute\n|-damage|p2a: november|48\/100\n|move|p1a: Iron Hands|Drain Punch|p2a: november\n|-activate|p2a: november|move: Substitute|[damage]\n|-heal|p1a: Iron Hands|89\/100|[from] drain|[of] p2a: november\n|\n|-heal|p2a: november|54\/100|[from] item: Leftovers\n|upkeep\n|turn|20\n|\n|t:|1699990357\n|move|p2a: november|Iron Defense|p2a: november\n|-boost|p2a: november|def|2\n|move|p1a: Iron Hands|Drain Punch|p2a: november\n|-end|p2a: november|Substitute\n|-heal|p1a: Iron Hands|91\/100|[from] drain|[of] p2a: november\n|\n|-heal|p2a: november|61\/100|[from] item: Leftovers\n|upkeep\n|turn|21\n|\n|t:|1699990362\n|move|p2a: november|Substitute|p2a: november\n|-start|p2a: november|Substitute\n|-damage|p2a: november|36\/100\n|move|p1a: Iron Hands|Thunder Punch|p2a: november\n|-activate|p2a: november|move: Substitute|[damage]\n|\n|-heal|p2a: november|42\/100|[from] item: Leftovers\n|upkeep\n|turn|22\n|\n|t:|1699990367\n|move|p2a: november|Iron Defense|p2a: november\n|-boost|p2a: november|def|2\n|move|p1a: Iron Hands|Drain Punch|p2a: november\n|-activate|p2a: november|move: Substitute|[damage]\n|-heal|p1a: Iron Hands|94\/100|[from] drain|[of] p2a: november\n|\n|-heal|p2a: november|48\/100|[from] item: Leftovers\n|upkeep\n|turn|23\n|\n|t:|1699990374\n|move|p2a: november|Iron Defense|p2a: november\n|-boost|p2a: november|def|1\n|move|p1a: Iron Hands|Drain Punch|p2a: november\n|-end|p2a: november|Substitute\n|-heal|p1a: Iron Hands|95\/100|[from] drain|[of] p2a: november\n|\n|-heal|p2a: november|54\/100|[from] item: Leftovers\n|upkeep\n|turn|24\n|\n|t:|1699990379\n|move|p2a: november|Substitute|p2a: november\n|-start|p2a: november|Substitute\n|-damage|p2a: november|29\/100\n|move|p1a: Iron Hands|Drain Punch|p2a: november\n|-activate|p2a: november|move: Substitute|[damage]\n|-heal|p1a: Iron Hands|98\/100|[from] drain|[of] p2a: november\n|\n|-heal|p2a: november|35\/100|[from] item: Leftovers\n|upkeep\n|turn|25\n|\n|t:|1699990382\n|move|p2a: november|Body Press|p1a: Iron Hands\n|-damage|p1a: Iron Hands|18\/100\n|move|p1a: Iron Hands|Drain Punch|p2a: november\n|-activate|p2a: november|move: Substitute|[damage]\n|-heal|p1a: Iron Hands|21\/100|[from] drain|[of] p2a: november\n|\n|-heal|p2a: november|41\/100|[from] item: Leftovers\n|upkeep\n|turn|26\n|\n|t:|1699990385\n|move|p2a: november|Body Press|p1a: Iron Hands\n|-damage|p1a: Iron Hands|0 fnt\n|faint|p1a: Iron Hands\n|-end|p1a: Iron Hands|Quark Drive|[silent]\n|\n|-heal|p2a: november|48\/100|[from] item: Leftovers\n|upkeep\n|\n|t:|1699990387\n|switch|p1a: Sneasler|Sneasler, F|100\/100\n|turn|27\n|\n|t:|1699990401\n|move|p2a: november|Body Press|p1a: Sneasler\n|-resisted|p1a: Sneasler\n|-damage|p1a: Sneasler|0 fnt\n|faint|p1a: Sneasler\n|\n|-heal|p2a: november|54\/100|[from] item: Leftovers\n|upkeep\n|\n|t:|1699990415\n|switch|p1a: Iron Valiant|Iron Valiant|100\/100\n|-enditem|p1a: Iron Valiant|Booster Energy\n|-activate|p1a: Iron Valiant|ability: Quark Drive|[fromitem]\n|-start|p1a: Iron Valiant|quarkdrivespe\n|turn|28\n|\n|t:|1699990419\n|move|p1a: Iron Valiant|Moonblast|p2a: november\n|-supereffective|p2a: november\n|-end|p2a: november|Substitute\n|move|p2a: november|Body Press|p1a: Iron Valiant\n|-resisted|p1a: Iron Valiant\n|-damage|p1a: Iron Valiant|17\/100\n|\n|-heal|p2a: november|60\/100|[from] item: Leftovers\n|upkeep\n|turn|29\n|\n|t:|1699990426\n|-terastallize|p2a: november|Steel\n|move|p1a: Iron Valiant|Moonblast|p2a: november\n|-resisted|p2a: november\n|-damage|p2a: november|42\/100\n|move|p2a: november|Body Press|p1a: Iron Valiant\n|-resisted|p1a: Iron Valiant\n|-damage|p1a: Iron Valiant|0 fnt\n|faint|p1a: Iron Valiant\n|-end|p1a: Iron Valiant|Quark Drive|[silent]\n|\n|win|littensalt\n|raw|AKAKingACE's rating: 1338 &rarr; <strong>1320<\/strong><br \/>(-18 for losing)\n|raw|littensalt's rating: 1368 &rarr; <strong>1386<\/strong><br \/>(+18 for winning)\n|l|\u2606AKAKingACE\n|c|\u2606littensalt|ggwp\n","uploadtime":1699990439,"views":12,"p1id":"akakingace","p2id":"littensalt","formatid":"gen9ou","rating":1320,"private":0,"password":""}