{"id":"gen9ou-1991859167","p1":"CrYpTiK Beast","p2":"Gooaah","format":"[Gen 9] OU","log":"|j|\u2606CrYpTiK Beast\n|j|\u2606Gooaah\n|t:|1700129639\n|gametype|singles\n|player|p1|CrYpTiK Beast|roughneck-gen4|1155\n|player|p2|Gooaah|veteranf|1202\n|teamsize|p1|6\n|teamsize|p2|6\n|gen|9\n|tier|[Gen 9] OU\n|rated|\n|rule|Sleep Clause Mod: Limit one foe put to sleep\n|rule|Species Clause: Limit one of each Pok\u00e9mon\n|rule|OHKO Clause: OHKO moves are banned\n|rule|Evasion Items Clause: Evasion items are banned\n|rule|Evasion Moves Clause: Evasion moves are banned\n|rule|Endless Battle Clause: Forcing endless battles is banned\n|rule|HP Percentage Mod: HP is shown in percentages\n|clearpoke\n|poke|p1|Great Tusk|\n|poke|p1|Gholdengo|\n|poke|p1|Kingambit, M|\n|poke|p1|Toxapex, M|\n|poke|p1|Garganacl, M|\n|poke|p1|Ogerpon-Wellspring, F|\n|poke|p2|Ninetales, M|\n|poke|p2|Walking Wake|\n|poke|p2|Lilligant-Hisui, F|\n|poke|p2|Skeledirge, F|\n|poke|p2|Great Tusk|\n|poke|p2|Torkoal, F|\n|teampreview\n|inactive|Battle timer is ON: inactive players will automatically lose when time's up. (requested by Gooaah)\n|\n|t:|1700129647\n|start\n|switch|p1a: Toxapex|Toxapex, M|100\/100\n|switch|p2a: Torkoal|Torkoal, F|100\/100\n|-weather|SunnyDay|[from] ability: Drought|[of] p2a: Torkoal\n|turn|1\n|\n|t:|1700129657\n|move|p1a: Toxapex|Toxic Spikes|p2a: Torkoal\n|-sidestart|p2: Gooaah|move: Toxic Spikes\n|move|p2a: Torkoal|Yawn|p1a: Toxapex\n|-start|p1a: Toxapex|move: Yawn|[of] p2a: Torkoal\n|\n|-weather|SunnyDay|[upkeep]\n|upkeep\n|turn|2\n|\n|t:|1700129672\n|switch|p1a: Great Tusk|Great Tusk|100\/100\n|-activate|p1a: Great Tusk|ability: Protosynthesis\n|-start|p1a: Great Tusk|protosynthesisatk\n|move|p2a: Torkoal|Rapid Spin|p1a: Great Tusk\n|-damage|p1a: Great Tusk|94\/100\n|-boost|p2a: Torkoal|spe|1\n|-sideend|p2: Gooaah|Toxic Spikes|[from] move: Rapid Spin|[of] p2a: Torkoal\n|\n|-weather|SunnyDay|[upkeep]\n|upkeep\n|turn|3\n|\n|t:|1700129685\n|move|p1a: Great Tusk|Headlong Rush|p2a: Torkoal\n|-supereffective|p2a: Torkoal\n|-damage|p2a: Torkoal|6\/100\n|-unboost|p1a: Great Tusk|def|1\n|-unboost|p1a: Great Tusk|spd|1\n|move|p2a: Torkoal|Stealth Rock|p1a: Great Tusk\n|-sidestart|p1: CrYpTiK Beast|move: Stealth Rock\n|\n|-weather|SunnyDay|[upkeep]\n|upkeep\n|turn|4\n|\n|t:|1700129694\n|move|p1a: Great Tusk|Rapid Spin|p2a: Torkoal\n|-damage|p2a: Torkoal|0 fnt\n|-boost|p1a: Great Tusk|spe|1\n|-sideend|p1: CrYpTiK Beast|Stealth Rock|[from] move: Rapid Spin|[of] p1a: Great Tusk\n|faint|p2a: Torkoal\n|\n|-weather|SunnyDay|[upkeep]\n|upkeep\n|\n|t:|1700129700\n|switch|p2a: Lilligant|Lilligant-Hisui, F|100\/100\n|turn|5\n|\n|t:|1700129713\n|-end|p1a: Great Tusk|Protosynthesis|[silent]\n|switch|p1a: Ogerpon|Ogerpon-Wellspring, F|100\/100\n|move|p2a: Lilligant|Solar Blade||[still]\n|-prepare|p2a: Lilligant|Solar Blade\n|-anim|p2a: Lilligant|Solar Blade|p1a: Ogerpon\n|-damage|p1a: Ogerpon|21\/100\n|\n|-weather|SunnyDay|[upkeep]\n|upkeep\n|turn|6\n|\n|t:|1700129737\n|switch|p1a: Kingambit|Kingambit, M|100\/100\n|move|p2a: Lilligant|Solar Blade||[still]\n|-prepare|p2a: Lilligant|Solar Blade\n|-anim|p2a: Lilligant|Solar Blade|p1a: Kingambit\n|-resisted|p1a: Kingambit\n|-damage|p1a: Kingambit|77\/100\n|\n|-weather|SunnyDay|[upkeep]\n|upkeep\n|turn|7\n|inactive|CrYpTiK Beast has 120 seconds left.\n|\n|t:|1700129764\n|-end|p1a: Kingambit|fallenundefined|[silent]\n|switch|p1a: Great Tusk|Great Tusk|94\/100\n|-activate|p1a: Great Tusk|ability: Protosynthesis\n|-start|p1a: Great Tusk|protosynthesisatk\n|move|p2a: Lilligant|Close Combat|p1a: Great Tusk\n|-damage|p1a: Great Tusk|54\/100\n|-unboost|p2a: Lilligant|def|1\n|-unboost|p2a: Lilligant|spd|1\n|\n|-weather|SunnyDay|[upkeep]\n|upkeep\n|turn|8\n|inactive|CrYpTiK Beast has 120 seconds left.\n|\n|t:|1700129781\n|-end|p1a: Great Tusk|Protosynthesis|[silent]\n|switch|p1a: Kingambit|Kingambit, M|77\/100\n|move|p2a: Lilligant|Solar Blade||[still]\n|-prepare|p2a: Lilligant|Solar Blade\n|-anim|p2a: Lilligant|Solar Blade|p1a: Kingambit\n|-resisted|p1a: Kingambit\n|-damage|p1a: Kingambit|54\/100\n|\n|-weather|none\n|upkeep\n|turn|9\n|\n|t:|1700129792\n|switch|p2a: Ninetales|Ninetales, M|100\/100\n|-weather|SunnyDay|[from] ability: Drought|[of] p2a: Ninetales\n|move|p1a: Kingambit|Sucker Punch||[still]\n|-fail|p1a: Kingambit\n|\n|-weather|SunnyDay|[upkeep]\n|upkeep\n|turn|10\n|\n|t:|1700129804\n|-end|p1a: Kingambit|fallenundefined|[silent]\n|switch|p1a: Garganacl|Garganacl, M|100\/100\n|move|p2a: Ninetales|Will-O-Wisp|p1a: Garganacl\n|-immune|p1a: Garganacl|[from] ability: Purifying Salt\n|\n|-weather|SunnyDay|[upkeep]\n|upkeep\n|turn|11\n|\n|t:|1700129822\n|-terastallize|p1a: Garganacl|Fairy\n|move|p2a: Ninetales|Solar Beam||[still]\n|-prepare|p2a: Ninetales|Solar Beam\n|-anim|p2a: Ninetales|Solar Beam|p1a: Garganacl\n|-damage|p1a: Garganacl|74\/100\n|move|p1a: Garganacl|Salt Cure|p2a: Ninetales\n|-supereffective|p2a: Ninetales\n|-crit|p2a: Ninetales\n|-damage|p2a: Ninetales|41\/100\n|-start|p2a: Ninetales|Salt Cure\n|\n|-weather|SunnyDay|[upkeep]\n|-heal|p1a: Garganacl|80\/100|[from] item: Leftovers\n|-damage|p2a: Ninetales|29\/100|[from] Salt Cure\n|upkeep\n|turn|12\n|\n|t:|1700129839\n|move|p2a: Ninetales|Will-O-Wisp|p1a: Garganacl\n|-immune|p1a: Garganacl|[from] ability: Purifying Salt\n|move|p1a: Garganacl|Iron Defense|p1a: Garganacl\n|-boost|p1a: Garganacl|def|2\n|\n|-weather|SunnyDay|[upkeep]\n|-heal|p1a: Garganacl|86\/100|[from] item: Leftovers\n|-damage|p2a: Ninetales|17\/100|[from] Salt Cure\n|upkeep\n|turn|13\n|\n|t:|1700129849\n|switch|p2a: Skeledirge|Skeledirge, F|100\/100\n|move|p1a: Garganacl|Iron Defense|p1a: Garganacl\n|-boost|p1a: Garganacl|def|2\n|\n|-weather|SunnyDay|[upkeep]\n|-heal|p1a: Garganacl|93\/100|[from] item: Leftovers\n|upkeep\n|turn|14\n|\n|t:|1700129858\n|move|p2a: Skeledirge|Torch Song|p1a: Garganacl\n|-damage|p1a: Garganacl|57\/100\n|-boost|p2a: Skeledirge|spa|1\n|move|p1a: Garganacl|Salt Cure|p2a: Skeledirge\n|-supereffective|p2a: Skeledirge\n|-damage|p2a: Skeledirge|77\/100\n|-start|p2a: Skeledirge|Salt Cure\n|\n|-weather|SunnyDay|[upkeep]\n|-heal|p1a: Garganacl|63\/100|[from] item: Leftovers\n|-damage|p2a: Skeledirge|64\/100|[from] Salt Cure\n|upkeep\n|turn|15\n|\n|t:|1700129871\n|switch|p2a: Ninetales|Ninetales, M|17\/100\n|move|p1a: Garganacl|Recover|p1a: Garganacl\n|-heal|p1a: Garganacl|100\/100\n|\n|-weather|SunnyDay|[upkeep]\n|upkeep\n|turn|16\n|\n|t:|1700129879\n|switch|p2a: Lilligant|Lilligant-Hisui, F|100\/100\n|move|p1a: Garganacl|Salt Cure|p2a: Lilligant\n|-resisted|p2a: Lilligant\n|-damage|p2a: Lilligant|89\/100\n|-start|p2a: Lilligant|Salt Cure\n|\n|-weather|none\n|-heal|p2a: Lilligant|95\/100|[from] item: Leftovers\n|-damage|p2a: Lilligant|83\/100|[from] Salt Cure\n|upkeep\n|turn|17\n|\n|t:|1700129889\n|switch|p2a: Ninetales|Ninetales, M|17\/100\n|-weather|SunnyDay|[from] ability: Drought|[of] p2a: Ninetales\n|move|p1a: Garganacl|Body Press|p2a: Ninetales\n|-damage|p2a: Ninetales|0 fnt\n|faint|p2a: Ninetales\n|\n|-weather|SunnyDay|[upkeep]\n|upkeep\n|\n|t:|1700129891\n|switch|p2a: Walking Wake|Walking Wake|100\/100\n|-activate|p2a: Walking Wake|ability: Protosynthesis\n|-start|p2a: Walking Wake|protosynthesisspa\n|turn|18\n|inactive|CrYpTiK Beast has 120 seconds left.\n|\n|t:|1700129903\n|move|p2a: Walking Wake|Hydro Steam|p1a: Garganacl\n|-damage|p1a: Garganacl|24\/100\n|move|p1a: Garganacl|Body Press|p2a: Walking Wake\n|-damage|p2a: Walking Wake|3\/100\n|\n|-weather|SunnyDay|[upkeep]\n|-heal|p1a: Garganacl|30\/100|[from] item: Leftovers\n|upkeep\n|turn|19\n|inactive|CrYpTiK Beast has 120 seconds left.\n|\n|t:|1700129918\n|switch|p1a: Toxapex|Toxapex, M|100\/100\n|move|p2a: Walking Wake|Hydro Steam|p1a: Toxapex\n|-resisted|p1a: Toxapex\n|-damage|p1a: Toxapex|65\/100\n|\n|-weather|SunnyDay|[upkeep]\n|-heal|p1a: Toxapex|72\/100|[from] item: Leftovers\n|upkeep\n|turn|20\n|\n|t:|1700129929\n|-end|p2a: Walking Wake|Protosynthesis|[silent]\n|switch|p2a: Great Tusk|Great Tusk|100\/100\n|-activate|p2a: Great Tusk|ability: Protosynthesis\n|-start|p2a: Great Tusk|protosynthesisatk\n|move|p1a: Toxapex|Surf|p2a: Great Tusk\n|-supereffective|p2a: Great Tusk\n|-damage|p2a: Great Tusk|71\/100\n|\n|-weather|SunnyDay|[upkeep]\n|-heal|p1a: Toxapex|78\/100|[from] item: Leftovers\n|upkeep\n|turn|21\n|\n|t:|1700129958\n|move|p2a: Great Tusk|Headlong Rush|p1a: Toxapex\n|-supereffective|p1a: Toxapex\n|-damage|p1a: Toxapex|0 fnt\n|-unboost|p2a: Great Tusk|def|1\n|-unboost|p2a: Great Tusk|spd|1\n|faint|p1a: Toxapex\n|\n|-weather|SunnyDay|[upkeep]\n|upkeep\n|\n|t:|1700129967\n|switch|p1a: Gholdengo|Gholdengo|100\/100\n|turn|22\n|\n|t:|1700129976\n|move|p2a: Great Tusk|Headlong Rush|p1a: Gholdengo\n|-supereffective|p1a: Gholdengo\n|-damage|p1a: Gholdengo|0 fnt\n|-unboost|p2a: Great Tusk|def|1\n|-unboost|p2a: Great Tusk|spd|1\n|faint|p1a: Gholdengo\n|\n|-weather|SunnyDay|[upkeep]\n|upkeep\n|\n|t:|1700129985\n|switch|p1a: Ogerpon|Ogerpon-Wellspring, F|21\/100\n|turn|23\n|\n|t:|1700129990\n|-end|p2a: Great Tusk|Protosynthesis|[silent]\n|switch|p2a: Lilligant|Lilligant-Hisui, F|83\/100\n|move|p1a: Ogerpon|Power Whip|p2a: Lilligant\n|-resisted|p2a: Lilligant\n|-damage|p2a: Lilligant|30\/100\n|\n|-weather|SunnyDay|[upkeep]\n|-heal|p2a: Lilligant|36\/100|[from] item: Leftovers\n|upkeep\n|turn|24\n|inactive|CrYpTiK Beast has 120 seconds left.\n|\n|t:|1700130004\n|move|p2a: Lilligant|Solar Blade||[still]\n|-prepare|p2a: Lilligant|Solar Blade\n|-anim|p2a: Lilligant|Solar Blade|p1a: Ogerpon\n|-damage|p1a: Ogerpon|0 fnt\n|faint|p1a: Ogerpon\n|\n|-weather|none\n|-heal|p2a: Lilligant|42\/100|[from] item: Leftovers\n|upkeep\n|\n|t:|1700130013\n|switch|p1a: Garganacl|Garganacl, M, tera:Fairy|30\/100\n|turn|25\n|\n|t:|1700130018\n|move|p2a: Lilligant|Ice Spinner|p1a: Garganacl\n|-damage|p1a: Garganacl|18\/100\n|move|p1a: Garganacl|Recover|p1a: Garganacl\n|-heal|p1a: Garganacl|68\/100\n|\n|-heal|p2a: Lilligant|49\/100|[from] item: Leftovers\n|-heal|p1a: Garganacl|74\/100|[from] item: Leftovers\n|upkeep\n|turn|26\n|\n|t:|1700130029\n|switch|p2a: Skeledirge|Skeledirge, F|64\/100\n|move|p1a: Garganacl|Salt Cure|p2a: Skeledirge\n|-supereffective|p2a: Skeledirge\n|-damage|p2a: Skeledirge|42\/100\n|-start|p2a: Skeledirge|Salt Cure\n|\n|-heal|p1a: Garganacl|80\/100|[from] item: Leftovers\n|-damage|p2a: Skeledirge|30\/100|[from] Salt Cure\n|upkeep\n|turn|27\n|\n|t:|1700130040\n|move|p2a: Skeledirge|Slack Off|p2a: Skeledirge\n|-heal|p2a: Skeledirge|80\/100\n|move|p1a: Garganacl|Recover|p1a: Garganacl\n|-heal|p1a: Garganacl|100\/100\n|\n|-damage|p2a: Skeledirge|68\/100|[from] Salt Cure\n|upkeep\n|turn|28\n|\n|t:|1700130049\n|-terastallize|p2a: Skeledirge|Fairy\n|move|p2a: Skeledirge|Torch Song|p1a: Garganacl\n|-damage|p1a: Garganacl|76\/100\n|-boost|p2a: Skeledirge|spa|1\n|move|p1a: Garganacl|Salt Cure|p2a: Skeledirge\n|-damage|p2a: Skeledirge|55\/100\n|\n|-heal|p1a: Garganacl|82\/100|[from] item: Leftovers\n|-damage|p2a: Skeledirge|43\/100|[from] Salt Cure\n|upkeep\n|turn|29\n|\n|t:|1700130061\n|move|p2a: Skeledirge|Slack Off|p2a: Skeledirge\n|-heal|p2a: Skeledirge|93\/100\n|move|p1a: Garganacl|Iron Defense|p1a: Garganacl\n|-boost|p1a: Garganacl|def|2\n|\n|-heal|p1a: Garganacl|88\/100|[from] item: Leftovers\n|-damage|p2a: Skeledirge|80\/100|[from] Salt Cure\n|upkeep\n|turn|30\n|\n|t:|1700130071\n|move|p2a: Skeledirge|Torch Song|p1a: Garganacl\n|-damage|p1a: Garganacl|53\/100\n|-boost|p2a: Skeledirge|spa|1\n|move|p1a: Garganacl|Body Press|p2a: Skeledirge\n|-resisted|p2a: Skeledirge\n|-damage|p2a: Skeledirge|67\/100\n|\n|-heal|p1a: Garganacl|59\/100|[from] item: Leftovers\n|-damage|p2a: Skeledirge|55\/100|[from] Salt Cure\n|upkeep\n|turn|31\n|\n|t:|1700130083\n|move|p2a: Skeledirge|Torch Song|p1a: Garganacl\n|-damage|p1a: Garganacl|9\/100\n|-boost|p2a: Skeledirge|spa|1\n|move|p1a: Garganacl|Recover|p1a: Garganacl\n|-heal|p1a: Garganacl|59\/100\n|\n|-heal|p1a: Garganacl|65\/100|[from] item: Leftovers\n|-damage|p2a: Skeledirge|42\/100|[from] Salt Cure\n|upkeep\n|turn|32\n|\n|t:|1700130094\n|move|p2a: Skeledirge|Slack Off|p2a: Skeledirge\n|-heal|p2a: Skeledirge|92\/100\n|move|p1a: Garganacl|Recover|p1a: Garganacl\n|-heal|p1a: Garganacl|100\/100\n|\n|-damage|p2a: Skeledirge|80\/100|[from] Salt Cure\n|upkeep\n|turn|33\n|\n|t:|1700130107\n|move|p2a: Skeledirge|Torch Song|p1a: Garganacl\n|-damage|p1a: Garganacl|39\/100\n|-boost|p2a: Skeledirge|spa|1\n|move|p1a: Garganacl|Salt Cure|p2a: Skeledirge\n|-damage|p2a: Skeledirge|68\/100\n|\n|-heal|p1a: Garganacl|45\/100|[from] item: Leftovers\n|-damage|p2a: Skeledirge|56\/100|[from] Salt Cure\n|upkeep\n|turn|34\n|\n|t:|1700130118\n|move|p2a: Skeledirge|Torch Song|p1a: Garganacl\n|-damage|p1a: Garganacl|0 fnt\n|-boost|p2a: Skeledirge|spa|1\n|faint|p1a: Garganacl\n|\n|-damage|p2a: Skeledirge|43\/100|[from] Salt Cure\n|upkeep\n|\n|t:|1700130126\n|switch|p1a: Great Tusk|Great Tusk|54\/100\n|turn|35\n|\n|t:|1700130134\n|move|p1a: Great Tusk|Headlong Rush|p2a: Skeledirge\n|-damage|p2a: Skeledirge|0 fnt\n|-unboost|p1a: Great Tusk|def|1\n|-unboost|p1a: Great Tusk|spd|1\n|faint|p2a: Skeledirge\n|\n|upkeep\n|\n|t:|1700130141\n|switch|p2a: Walking Wake|Walking Wake|3\/100\n|turn|36\n|\n|t:|1700130147\n|move|p2a: Walking Wake|Hydro Steam|p1a: Great Tusk\n|-supereffective|p1a: Great Tusk\n|-damage|p1a: Great Tusk|0 fnt\n|faint|p1a: Great Tusk\n|-end|p1a: Great Tusk|Protosynthesis|[silent]\n|\n|upkeep\n|\n|t:|1700130153\n|switch|p1a: Kingambit|Kingambit, M|54\/100\n|-activate|p1a: Kingambit|ability: Supreme Overlord\n|-start|p1a: Kingambit|fallen5|[silent]\n|turn|37\n|\n|t:|1700130159\n|move|p2a: Walking Wake|Hydro Steam|p1a: Kingambit\n|-damage|p1a: Kingambit|0 fnt\n|faint|p1a: Kingambit\n|-end|p1a: Kingambit|fallen5|[silent]\n|\n|win|Gooaah\n|raw|CrYpTiK Beast's rating: 1155 &rarr; <strong>1133<\/strong><br \/>(-22 for losing)\n|raw|Gooaah's rating: 1202 &rarr; <strong>1224<\/strong><br \/>(+22 for winning)\n|l|\u2606CrYpTiK Beast\n","uploadtime":1700130203,"views":12,"p1id":"cryptikbeast","p2id":"gooaah","formatid":"gen9ou","rating":1133,"private":0,"password":""}