{"id":"gen9ou-1993490601","p1":"bellenguer2","p2":"daviwills","format":"[Gen 9] OU","log":"|j|\u2606bellenguer2\n|j|\u2606daviwills\n|t:|1700324162\n|gametype|singles\n|player|p1|bellenguer2|dawn|1128\n|player|p2|daviwills|dawn-gen4pt|1068\n|teamsize|p1|6\n|teamsize|p2|6\n|gen|9\n|tier|[Gen 9] OU\n|rated|\n|rule|Sleep Clause Mod: Limit one foe put to sleep\n|rule|Species Clause: Limit one of each Pok\u00e9mon\n|rule|OHKO Clause: OHKO moves are banned\n|rule|Evasion Items Clause: Evasion items are banned\n|rule|Evasion Moves Clause: Evasion moves are banned\n|rule|Endless Battle Clause: Forcing endless battles is banned\n|rule|HP Percentage Mod: HP is shown in percentages\n|clearpoke\n|poke|p1|Zapdos|\n|poke|p1|Blissey, F|\n|poke|p1|Toxapex, F|\n|poke|p1|Clefable, F|\n|poke|p1|Corviknight, F|\n|poke|p1|Quagsire, F|\n|poke|p2|Iron Thorns|\n|poke|p2|Ribombee, M|\n|poke|p2|Weavile, F|\n|poke|p2|Heatran, M|\n|poke|p2|Greninja-*, M|\n|poke|p2|Chesnaught, F|\n|teampreview\n|\n|t:|1700324186\n|start\n|switch|p1a: Quagsire|Quagsire, F|100\/100\n|switch|p2a: Ribombee|Ribombee, M|100\/100\n|turn|1\n|inactive|Battle timer is ON: inactive players will automatically lose when time's up. (requested by daviwills)\n|\n|t:|1700324193\n|move|p2a: Ribombee|Stun Spore|p1a: Quagsire\n|-status|p1a: Quagsire|par\n|move|p1a: Quagsire|Stealth Rock|p2a: Ribombee\n|-sidestart|p2: daviwills|move: Stealth Rock\n|\n|upkeep\n|turn|2\n|\n|t:|1700324216\n|switch|p2a: Chesnaught|Chesnaught, F|100\/100\n|-damage|p2a: Chesnaught|94\/100|[from] Stealth Rock\n|switch|p1a: Blissey|Blissey, F|100\/100\n|\n|-heal|p2a: Chesnaught|100\/100|[from] item: Leftovers\n|upkeep\n|turn|3\n|\n|t:|1700324223\n|switch|p1a: Corviknight|Corviknight, F|100\/100\n|-ability|p1a: Corviknight|Pressure\n|move|p2a: Chesnaught|Iron Defense|p2a: Chesnaught\n|-boost|p2a: Chesnaught|def|2\n|\n|upkeep\n|turn|4\n|\n|t:|1700324230\n|-terastallize|p2a: Chesnaught|Fighting\n|move|p1a: Corviknight|U-turn|p2a: Chesnaught\n|-resisted|p2a: Chesnaught\n|-damage|p2a: Chesnaught|98\/100\n|\n|t:|1700324238\n|switch|p1a: Quagsire|Quagsire, F|100\/100 par|[from] U-turn\n|move|p2a: Chesnaught|Iron Defense|p2a: Chesnaught\n|-boost|p2a: Chesnaught|def|2\n|\n|-heal|p2a: Chesnaught|100\/100|[from] item: Leftovers\n|upkeep\n|turn|5\n|\n|t:|1700324248\n|switch|p1a: Clefable|Clefable, F|100\/100\n|move|p2a: Chesnaught|Iron Defense|p2a: Chesnaught\n|-boost|p2a: Chesnaught|def|2\n|\n|upkeep\n|turn|6\n|\n|t:|1700324256\n|move|p2a: Chesnaught|Body Press|p1a: Clefable\n|-resisted|p1a: Clefable\n|-damage|p1a: Clefable|82\/100\n|move|p1a: Clefable|Moonblast|p2a: Chesnaught\n|-supereffective|p2a: Chesnaught\n|-damage|p2a: Chesnaught|48\/100\n|-unboost|p2a: Chesnaught|spa|1\n|\n|-heal|p2a: Chesnaught|54\/100|[from] item: Leftovers\n|-heal|p1a: Clefable|88\/100|[from] item: Leftovers\n|upkeep\n|turn|7\n|\n|t:|1700324270\n|switch|p2a: Heatran|Heatran, M|100\/100\n|-damage|p2a: Heatran|88\/100|[from] Stealth Rock\n|move|p1a: Clefable|Moonblast|p2a: Heatran\n|-resisted|p2a: Heatran\n|-damage|p2a: Heatran|83\/100\n|\n|-heal|p2a: Heatran|89\/100|[from] item: Leftovers\n|-heal|p1a: Clefable|94\/100|[from] item: Leftovers\n|upkeep\n|turn|8\n|-message|daviwills forfeited.\n|\n|win|bellenguer2\n|raw|bellenguer2's rating: 1128 &rarr; <strong>1149<\/strong><br \/>(+21 for winning)\n|raw|daviwills's rating: 1068 &rarr; <strong>1051<\/strong><br \/>(-17 for losing)\n|l|\u2606daviwills\n","uploadtime":1700324276,"views":9,"p1id":"bellenguer2","p2id":"daviwills","formatid":"gen9ou","rating":1051,"private":0,"password":""}