{"id":"gen9ou-1994158219","p1":"DarkGamesShiny","p2":"Redeeming","format":"[Gen 9] OU","log":"|j|\u2606DarkGamesShiny\n|j|\u2606Redeeming\n|t:|1700413630\n|gametype|singles\n|player|p1|DarkGamesShiny|silver|\n|player|p2|Redeeming|clemont|\n|teamsize|p1|6\n|teamsize|p2|6\n|gen|9\n|tier|[Gen 9] OU\n|rule|Sleep Clause Mod: Limit one foe put to sleep\n|rule|Species Clause: Limit one of each Pok\u00e9mon\n|rule|OHKO Clause: OHKO moves are banned\n|rule|Evasion Items Clause: Evasion items are banned\n|rule|Evasion Moves Clause: Evasion moves are banned\n|rule|Endless Battle Clause: Forcing endless battles is banned\n|rule|HP Percentage Mod: HP is shown in percentages\n|rule|Terastal Clause: You cannot Terastallize\n|clearpoke\n|poke|p1|Rillaboom, M|\n|poke|p1|Zapdos|\n|poke|p1|Dragapult, M|\n|poke|p1|Corviknight, F|\n|poke|p1|Toxapex, M|\n|poke|p1|Skeledirge, M|\n|poke|p2|Ninetales-Alola, F|\n|poke|p2|Cetitan, F|\n|poke|p2|Great Tusk|\n|poke|p2|Dragonite, M|\n|poke|p2|Slowking-Galar, M|\n|poke|p2|Samurott-Hisui, M|\n|teampreview\n|\n|t:|1700413655\n|start\n|switch|p1a: Zeca Urubu|Corviknight, F|100\/100\n|switch|p2a: Great Tusk|Great Tusk|100\/100\n|turn|1\n|j| Dollynho3856\n|c| Dollynho3856|Opa\n|l|\u2606DarkGamesShiny\n|player|p1|\n|c| Dollynho3856|KKKKKKK\n|j|\u2606DarkGamesShiny\n|player|p1|DarkGamesShiny|silver\n|c| Dollynho3856|Isso vai demorar\n|c|\u2606DarkGamesShiny|AAAA\n|c|\u2606DarkGamesShiny|ae\n|\n|t:|1700413742\n|move|p2a: Great Tusk|Knock Off|p1a: Zeca Urubu\n|-damage|p1a: Zeca Urubu|84\/100\n|-enditem|p1a: Zeca Urubu|Leftovers|[from] move: Knock Off|[of] p2a: Great Tusk\n|move|p1a: Zeca Urubu|Brave Bird|p2a: Great Tusk\n|-supereffective|p2a: Great Tusk\n|-damage|p2a: Great Tusk|63\/100\n|-damage|p1a: Zeca Urubu|71\/100|[from] Recoil\n|\n|-heal|p2a: Great Tusk|69\/100|[from] item: Leftovers\n|upkeep\n|turn|2\n|c| Dollynho3856|Belo dano\n|\n|t:|1700413756\n|-end|p2a: Great Tusk|Protosynthesis|[silent]\n|switch|p2a: Slowking|Slowking-Galar, M|100\/100\n|move|p1a: Zeca Urubu|Brave Bird|p2a: Slowking\n|-damage|p2a: Slowking|73\/100\n|-damage|p1a: Zeca Urubu|62\/100|[from] Recoil\n|\n|upkeep\n|turn|3\n|\n|t:|1700413765\n|move|p1a: Zeca Urubu|Roost|p1a: Zeca Urubu\n|-heal|p1a: Zeca Urubu|100\/100\n|-singleturn|p1a: Zeca Urubu|move: Roost\n|move|p2a: Slowking|Thunder Wave|p1a: Zeca Urubu\n|-status|p1a: Zeca Urubu|par\n|\n|upkeep\n|turn|4\n|\n|t:|1700413794\n|move|p1a: Zeca Urubu|Brave Bird|p2a: Slowking\n|-damage|p2a: Slowking|45\/100\n|-damage|p1a: Zeca Urubu|91\/100 par|[from] Recoil\n|move|p2a: Slowking|Chilly Reception|p2a: Slowking\n|-weather|Snow\n|c|\u2606DarkGamesShiny|Ent dolly\n|\n|t:|1700413811\n|switch|p2a: Dragonite|Dragonite, M|100\/100|[from] Chilly Reception\n|\n|-weather|Snow|[upkeep]\n|upkeep\n|turn|5\n|c|\u2606DarkGamesShiny|Quando eu falo q nunca joguei essa tier\n|c| Dollynho3856|Entendo\n|c|\u2606DarkGamesShiny|Sabe como \u00e9 ver esse golpe pela primeira vez na vida?\n|c| Dollynho3856|Toma lhe settup\n|\n|t:|1700413839\n|move|p2a: Dragonite|Dragon Dance|p2a: Dragonite\n|-boost|p2a: Dragonite|atk|1\n|-boost|p2a: Dragonite|spe|1\n|move|p1a: Zeca Urubu|Brave Bird|p2a: Dragonite\n|-damage|p2a: Dragonite|79\/100\n|-damage|p1a: Zeca Urubu|86\/100 par|[from] Recoil\n|\n|-weather|Snow|[upkeep]\n|upkeep\n|turn|6\n|c| Dollynho3856|GG\n|\n|t:|1700413853\n|switch|p1a: Mariana conta um|Toxapex, M|100\/100\n|move|p2a: Dragonite|Dragon Dance|p2a: Dragonite\n|-boost|p2a: Dragonite|atk|1\n|-boost|p2a: Dragonite|spe|1\n|\n|-weather|Snow|[upkeep]\n|upkeep\n|turn|7\n|c|\u2606DarkGamesShiny|Gg dmais\n|\n|t:|1700413872\n|move|p2a: Dragonite|Earthquake|p1a: Mariana conta um\n|-supereffective|p1a: Mariana conta um\n|-damage|p1a: Mariana conta um|0 fnt\n|faint|p1a: Mariana conta um\n|\n|-weather|Snow|[upkeep]\n|upkeep\n|c| Dollynho3856|Se tiver Earthquake\n|c| Dollynho3856|\u00c9\n|c| Dollynho3856|Foi legal\n|c|\u2606DarkGamesShiny|Se pex fosse ao menos sasu\n|c|\u2606DarkGamesShiny|Sash\n|c| Dollynho3856|Tem nem sentido ser\n|\n|t:|1700413897\n|switch|p1a: Zamb\u00e9zia|Zapdos|100\/100\n|turn|8\n|c|\u2606Redeeming|o diabo tem medo de quem usa sash em um pokemon com 150 de def\n|c| Dollynho3856|Ent\n|c| Dollynho3856|Vai pescar paralize\n|c| Dollynho3856|Boa\n|\n|t:|1700413932\n|move|p2a: Dragonite|Extreme Speed|p1a: Zamb\u00e9zia\n|-damage|p1a: Zamb\u00e9zia|24\/100\n|move|p1a: Zamb\u00e9zia|Discharge|p2a: Dragonite\n|-damage|p2a: Dragonite|34\/100\n|\n|-weather|none\n|upkeep\n|turn|9\n|c| Dollynho3856|Sera\n|c|\u2606DarkGamesShiny|Paralize \u00e9 uma ilus\u00e3o do governo\n|\n|t:|1700413959\n|move|p2a: Dragonite|Extreme Speed|p1a: Zamb\u00e9zia\n|-damage|p1a: Zamb\u00e9zia|0 fnt\n|faint|p1a: Zamb\u00e9zia\n|\n|upkeep\n|c| Dollynho3856|KKKKKK\n|\n|t:|1700413971\n|switch|p1a: Zeca Urubu|Corviknight, F|86\/100 par\n|turn|10\n|c| Dollynho3856|U\u00c9\n|\n|t:|1700413976\n|move|p2a: Dragonite|Fire Punch|p1a: Zeca Urubu\n|-supereffective|p1a: Zeca Urubu\n|-damage|p1a: Zeca Urubu|20\/100 par\n|move|p1a: Zeca Urubu|Brave Bird|p2a: Dragonite\n|-damage|p2a: Dragonite|0 fnt\n|faint|p2a: Dragonite\n|-damage|p1a: Zeca Urubu|11\/100 par|[from] Recoil\n|\n|upkeep\n|c| Dollynho3856|Nunca duvidei\n|\n|t:|1700413985\n|switch|p2a: Ninetales|Ninetales-Alola, F|100\/100\n|-weather|Snow|[from] ability: Snow Warning|[of] p2a: Ninetales\n|turn|11\n|\n|t:|1700413995\n|move|p2a: Ninetales|Freeze-Dry|p1a: Zeca Urubu\n|-damage|p1a: Zeca Urubu|0 fnt\n|faint|p1a: Zeca Urubu\n|\n|-weather|Snow|[upkeep]\n|upkeep\n|\n|t:|1700414002\n|switch|p1a: Voodo \u00e9 pra Jacu|Skeledirge, M|100\/100\n|turn|12\n|c| Dollynho3856|SERA\n|\n|t:|1700414007\n|move|p2a: Ninetales|Aurora Veil|p2a: Ninetales\n|-sidestart|p2: Redeeming|move: Aurora Veil\n|move|p1a: Voodo \u00e9 pra Jacu|Flame Charge|p2a: Ninetales\n|-supereffective|p2a: Ninetales\n|-damage|p2a: Ninetales|90\/100\n|-boost|p1a: Voodo \u00e9 pra Jacu|spe|1\n|\n|-weather|Snow|[upkeep]\n|upkeep\n|turn|13\n|\n|t:|1700414020\n|move|p2a: Ninetales|Encore|p1a: Voodo \u00e9 pra Jacu\n|-start|p1a: Voodo \u00e9 pra Jacu|Encore\n|move|p1a: Voodo \u00e9 pra Jacu|Flame Charge|p2a: Ninetales\n|-supereffective|p2a: Ninetales\n|-damage|p2a: Ninetales|80\/100\n|-boost|p1a: Voodo \u00e9 pra Jacu|spe|1\n|\n|-weather|Snow|[upkeep]\n|upkeep\n|turn|14\n|\n|t:|1700414026\n|switch|p2a: Cetitan|Cetitan, F|100\/100\n|move|p1a: Voodo \u00e9 pra Jacu|Flame Charge|p2a: Cetitan\n|-supereffective|p2a: Cetitan\n|-damage|p2a: Cetitan|93\/100\n|-boost|p1a: Voodo \u00e9 pra Jacu|spe|1\n|\n|-weather|Snow|[upkeep]\n|upkeep\n|turn|15\n|c|\u2606DarkGamesShiny|Definitivamente n sei oq essa baleia faz\n|c|\u2606DarkGamesShiny|Fudeu\n|c| Dollynho3856|Pior q tbm nn\n|c|\u2606DarkGamesShiny|A unica entry na l\u00f3gica de tipo ta em campo tlgd\n|\n|t:|1700414068\n|move|p2a: Cetitan|Belly Drum|p2a: Cetitan\n|-damage|p2a: Cetitan|43\/100\n|-setboost|p2a: Cetitan|atk|6|[from] move: Belly Drum\n|-enditem|p2a: Cetitan|Sitrus Berry|[eat]\n|-heal|p2a: Cetitan|68\/100|[from] item: Sitrus Berry\n|move|p1a: Voodo \u00e9 pra Jacu|Flame Charge|p2a: Cetitan\n|-supereffective|p2a: Cetitan\n|-damage|p2a: Cetitan|60\/100\n|-boost|p1a: Voodo \u00e9 pra Jacu|spe|1\n|\n|-weather|none\n|-end|p1a: Voodo \u00e9 pra Jacu|Encore\n|upkeep\n|turn|16\n|c|\u2606Redeeming|que demora pra clicar 1 bot\u00e3o\n|c| Dollynho3856|OK\n|c| Dollynho3856|FAZ ISSO\n|\n|t:|1700414082\n|move|p1a: Voodo \u00e9 pra Jacu|Torch Song|p2a: Cetitan\n|-supereffective|p2a: Cetitan\n|-damage|p2a: Cetitan|11\/100\n|-boost|p1a: Voodo \u00e9 pra Jacu|spa|1\n|move|p2a: Cetitan|Earthquake|p1a: Voodo \u00e9 pra Jacu\n|-supereffective|p1a: Voodo \u00e9 pra Jacu\n|-damage|p1a: Voodo \u00e9 pra Jacu|43\/100\n|\n|upkeep\n|turn|17\n|c| Dollynho3856|SERA\n|\n|t:|1700414091\n|switch|p2a: Samurott|Samurott-Hisui, M|100\/100\n|move|p1a: Voodo \u00e9 pra Jacu|Torch Song|p2a: Samurott\n|-resisted|p2a: Samurott\n|-damage|p2a: Samurott|86\/100\n|-boost|p1a: Voodo \u00e9 pra Jacu|spa|1\n|\n|upkeep\n|turn|18\n|c| Dollynho3856|\u00c9\n|c| Dollynho3856|Nn\n|c|\u2606DarkGamesShiny|Que q esse bicho faz q eu tbm n sei\n|\n|t:|1700414117\n|move|p1a: Voodo \u00e9 pra Jacu|Slack Off|p1a: Voodo \u00e9 pra Jacu\n|-heal|p1a: Voodo \u00e9 pra Jacu|93\/100\n|move|p2a: Samurott|Ceaseless Edge|p1a: Voodo \u00e9 pra Jacu\n|-supereffective|p1a: Voodo \u00e9 pra Jacu\n|-damage|p1a: Voodo \u00e9 pra Jacu|17\/100\n|-sidestart|p1: DarkGamesShiny|Spikes\n|\n|upkeep\n|turn|19\n|c| Dollynho3856|Faz isso\n|\n|t:|1700414142\n|move|p2a: Samurott|Aqua Jet|p1a: Voodo \u00e9 pra Jacu\n|-supereffective|p1a: Voodo \u00e9 pra Jacu\n|-damage|p1a: Voodo \u00e9 pra Jacu|0 fnt\n|faint|p1a: Voodo \u00e9 pra Jacu\n|\n|-sideend|p2: Redeeming|move: Aurora Veil\n|upkeep\n|\n|t:|1700414149\n|switch|p1a: George o curioso|Rillaboom, M|100\/100\n|-damage|p1a: George o curioso|88\/100|[from] Spikes\n|-fieldstart|move: Grassy Terrain|[from] ability: Grassy Surge|[of] p1a: George o curioso\n|turn|20\n|\n|t:|1700414157\n|switch|p2a: Slowking|Slowking-Galar, M|78\/100\n|move|p1a: George o curioso|U-turn|p2a: Slowking\n|-damage|p2a: Slowking|59\/100\n|c| Dollynho3856|At\u00e9 q situa\u00e7\u00e3o nn ta t\u00e3o critica\n|\n|t:|1700414162\n|switch|p1a: Oscar Oasis|Dragapult, M|100\/100|[from] U-turn\n|-damage|p1a: Oscar Oasis|88\/100|[from] Spikes\n|\n|-heal|p1a: Oscar Oasis|94\/100|[from] Grassy Terrain\n|-heal|p2a: Slowking|65\/100|[from] Grassy Terrain\n|upkeep\n|turn|21\n|c| Dollynho3856|BOA\n|\n|t:|1700414174\n|switch|p2a: Cetitan|Cetitan, F|11\/100\n|move|p1a: Oscar Oasis|Dragon Dance|p1a: Oscar Oasis\n|-boost|p1a: Oscar Oasis|atk|1\n|-boost|p1a: Oscar Oasis|spe|1\n|\n|-heal|p1a: Oscar Oasis|99\/100|[from] Grassy Terrain\n|-heal|p2a: Cetitan|17\/100|[from] Grassy Terrain\n|upkeep\n|turn|22\n|c|\u2606DarkGamesShiny|Gg\n|\n|t:|1700414183\n|move|p2a: Cetitan|Ice Shard|p1a: Oscar Oasis\n|-supereffective|p1a: Oscar Oasis\n|-damage|p1a: Oscar Oasis|41\/100\n|move|p1a: Oscar Oasis|Dragon Darts|p2a: Cetitan\n|-damage|p2a: Cetitan|0 fnt\n|faint|p2a: Cetitan\n|-damage|p1a: Oscar Oasis|31\/100|[from] item: Life Orb\n|\n|-heal|p1a: Oscar Oasis|37\/100|[from] Grassy Terrain\n|upkeep\n|\n|t:|1700414214\n|switch|p2a: Great Tusk|Great Tusk|69\/100\n|turn|23\n|c|\u2606DarkGamesShiny|Esse elefante dnovo n\u00e3o\n|\n|t:|1700414231\n|move|p1a: Oscar Oasis|Dragon Darts|p2a: Great Tusk\n|-damage|p2a: Great Tusk|46\/100\n|-anim|p1a: Oscar Oasis|Dragon Darts|p2a: Great Tusk\n|-damage|p2a: Great Tusk|22\/100\n|-damage|p1a: Oscar Oasis|27\/100|[from] item: Life Orb\n|move|p2a: Great Tusk|Knock Off|p1a: Oscar Oasis\n|-supereffective|p1a: Oscar Oasis\n|-damage|p1a: Oscar Oasis|0 fnt\n|-enditem|p1a: Oscar Oasis|Life Orb|[from] move: Knock Off|[of] p2a: Great Tusk\n|faint|p1a: Oscar Oasis\n|\n|-heal|p2a: Great Tusk|29\/100|[from] Grassy Terrain\n|-heal|p2a: Great Tusk|35\/100|[from] item: Leftovers\n|upkeep\n|\n|t:|1700414240\n|switch|p1a: George o curioso|Rillaboom, M|88\/100\n|-damage|p1a: George o curioso|76\/100|[from] Spikes\n|turn|24\n|c|\u2606Redeeming|gg\n|c|\u2606DarkGamesShiny|Gg\n|\n|t:|1700414251\n|move|p1a: George o curioso|Grassy Glide|p2a: Great Tusk\n|-supereffective|p2a: Great Tusk\n|-damage|p2a: Great Tusk|3\/100\n|move|p2a: Great Tusk|Knock Off|p1a: George o curioso\n|-damage|p1a: George o curioso|45\/100\n|-enditem|p1a: George o curioso|Leftovers|[from] move: Knock Off|[of] p2a: Great Tusk\n|\n|-heal|p1a: George o curioso|52\/100|[from] Grassy Terrain\n|-heal|p2a: Great Tusk|9\/100|[from] Grassy Terrain\n|-heal|p2a: Great Tusk|15\/100|[from] item: Leftovers\n|-fieldend|move: Grassy Terrain\n|upkeep\n|turn|25\n|c| Dollynho3856|Gg\n|c| Dollynho3856|Ue\n|\n|t:|1700414269\n|move|p1a: George o curioso|Grassy Glide|p2a: Great Tusk\n|-supereffective|p2a: Great Tusk\n|-damage|p2a: Great Tusk|0 fnt\n|faint|p2a: Great Tusk\n|-end|p2a: Great Tusk|Protosynthesis|[silent]\n|\n|upkeep\n|\n|t:|1700414273\n|switch|p2a: Ninetales|Ninetales-Alola, F|80\/100\n|-weather|Snow|[from] ability: Snow Warning|[of] p2a: Ninetales\n|turn|26\n|\n|t:|1700414282\n|move|p2a: Ninetales|Freeze-Dry|p1a: George o curioso\n|-supereffective|p1a: George o curioso\n|-damage|p1a: George o curioso|0 fnt\n|faint|p1a: George o curioso\n|\n|win|Redeeming\n|l| Dollynho3856\n|l|\u2606DarkGamesShiny\n|l|\u2606Redeeming\n|j| Dollynho3856\n|l| Dollynho3856\n|j| Dollynho3856\n","uploadtime":1700414290,"views":14,"p1id":"darkgamesshiny","p2id":"redeeming","formatid":"gen9ou","rating":0,"private":0,"password":""}