{"id":"gen9ou-1990083309","p1":"goofyrandomalt1234","p2":"wkjfhkjlwregnljer","format":"[Gen 9] OU","log":"|j|\u2606goofyrandomalt1234\n|j|\u2606wkjfhkjlwregnljer\n|t:|1699922741\n|gametype|singles\n|player|p1|goofyrandomalt1234|hilbert-wonderlauncher|1046\n|player|p2|wkjfhkjlwregnljer|hiker-gen4|1000\n|teamsize|p1|6\n|teamsize|p2|6\n|gen|9\n|tier|[Gen 9] OU\n|rated|\n|rule|Sleep Clause Mod: Limit one foe put to sleep\n|rule|Species Clause: Limit one of each Pok\u00e9mon\n|rule|OHKO Clause: OHKO moves are banned\n|rule|Evasion Items Clause: Evasion items are banned\n|rule|Evasion Moves Clause: Evasion moves are banned\n|rule|Endless Battle Clause: Forcing endless battles is banned\n|rule|HP Percentage Mod: HP is shown in percentages\n|clearpoke\n|poke|p1|Ninetales-Alola, F|\n|poke|p1|Corviknight, M|\n|poke|p1|Iron Moth|\n|poke|p1|Ogerpon-Wellspring, F|\n|poke|p1|Dragapult, M|\n|poke|p1|Rillaboom, M|\n|poke|p2|Iron Hands|\n|poke|p2|Dragapult, F|\n|poke|p2|Moltres|\n|poke|p2|Ting-Lu|\n|poke|p2|Empoleon, F|\n|poke|p2|Gholdengo|\n|teampreview\n|inactive|Battle timer is ON: inactive players will automatically lose when time's up. (requested by goofyrandomalt1234)\n|inactive|wkjfhkjlwregnljer has 120 seconds left.\n|\n|t:|1699922794\n|start\n|switch|p1a: Rillaboom|Rillaboom, M, shiny|100\/100\n|switch|p2a: Empoleon|Empoleon, F|100\/100\n|-fieldstart|move: Grassy Terrain|[from] ability: Grassy Surge|[of] p1a: Rillaboom\n|turn|1\n|\n|t:|1699922801\n|switch|p2a: Moltres|Moltres|100\/100\n|move|p1a: Rillaboom|Taunt|p2a: Moltres\n|-start|p2a: Moltres|move: Taunt\n|\n|upkeep\n|turn|2\n|\n|t:|1699922811\n|switch|p1a: Dragapult|Dragapult, M, shiny|100\/100\n|move|p2a: Moltres|Hurricane|p1a: Dragapult|[miss]\n|-miss|p2a: Moltres|p1a: Dragapult\n|\n|upkeep\n|turn|3\n|\n|t:|1699922819\n|switch|p2a: Empoleon|Empoleon, F|100\/100\n|move|p1a: Dragapult|Dragon Darts|p2a: Empoleon\n|-resisted|p2a: Empoleon\n|-damage|p2a: Empoleon|85\/100\n|-anim|p1a: Dragapult|Dragon Darts|p2a: Empoleon\n|-resisted|p2a: Empoleon\n|-damage|p2a: Empoleon|67\/100\n|-damage|p1a: Dragapult|91\/100|[from] item: Life Orb\n|\n|-heal|p1a: Dragapult|97\/100|[from] Grassy Terrain\n|-heal|p2a: Empoleon|73\/100|[from] Grassy Terrain\n|upkeep\n|turn|4\n|\n|t:|1699922827\n|move|p1a: Dragapult|U-turn|p2a: Empoleon\n|-resisted|p2a: Empoleon\n|-damage|p2a: Empoleon|59\/100\n|-damage|p1a: Dragapult|87\/100|[from] item: Life Orb\n|\n|t:|1699922830\n|switch|p1a: Rillaboom|Rillaboom, M, shiny|100\/100|[from] U-turn\n|move|p2a: Empoleon|Stealth Rock|p1a: Rillaboom\n|-sidestart|p1: goofyrandomalt1234|move: Stealth Rock\n|\n|-heal|p2a: Empoleon|65\/100|[from] Grassy Terrain\n|upkeep\n|turn|5\n|\n|t:|1699922841\n|switch|p2a: Moltres|Moltres|100\/100\n|move|p1a: Rillaboom|Grassy Glide|p2a: Moltres\n|-resisted|p2a: Moltres\n|-damage|p2a: Moltres|92\/100\n|\n|upkeep\n|turn|6\n|\n|t:|1699922849\n|switch|p1a: Corviknight|Corviknight, M, shiny|100\/100\n|-damage|p1a: Corviknight|88\/100|[from] Stealth Rock\n|move|p2a: Moltres|Will-O-Wisp|p1a: Corviknight\n|-status|p1a: Corviknight|brn\n|\n|-damage|p1a: Corviknight|82\/100 brn|[from] brn\n|upkeep\n|turn|7\n|\n|t:|1699922859\n|move|p2a: Moltres|U-turn|p1a: Corviknight\n|-resisted|p1a: Corviknight\n|-damage|p1a: Corviknight|80\/100 brn\n|-damage|p2a: Moltres|76\/100|[from] item: Rocky Helmet|[of] p1a: Corviknight\n|\n|t:|1699922871\n|switch|p2a: Iron Hands|Iron Hands|100\/100|[from] U-turn\n|move|p1a: Corviknight|Defog|p2a: Iron Hands\n|-unboost|p2a: Iron Hands|evasion|1\n|-sideend|p1: goofyrandomalt1234|Stealth Rock|[from] move: Defog|[of] p1a: Corviknight\n|-fieldend|move: Grassy Terrain\n|\n|-damage|p1a: Corviknight|73\/100 brn|[from] brn\n|upkeep\n|turn|8\n|\n|t:|1699922884\n|move|p1a: Corviknight|U-turn|p2a: Iron Hands\n|-resisted|p2a: Iron Hands\n|-damage|p2a: Iron Hands|98\/100\n|\n|t:|1699922885\n|switch|p1a: Ninetales|Ninetales-Alola, F, shiny|100\/100|[from] U-turn\n|-weather|Snow|[from] ability: Snow Warning|[of] p1a: Ninetales\n|move|p2a: Iron Hands|Wild Charge|p1a: Ninetales\n|-damage|p1a: Ninetales|58\/100\n|-damage|p2a: Iron Hands|91\/100|[from] Recoil\n|\n|-weather|Snow|[upkeep]\n|-heal|p2a: Iron Hands|97\/100|[from] item: Leftovers\n|upkeep\n|turn|9\n|\n|t:|1699922895\n|move|p1a: Ninetales|Aurora Veil|p1a: Ninetales\n|-sidestart|p1: goofyrandomalt1234|move: Aurora Veil\n|move|p2a: Iron Hands|Close Combat|p1a: Ninetales\n|-damage|p1a: Ninetales|27\/100\n|-unboost|p2a: Iron Hands|def|1\n|-unboost|p2a: Iron Hands|spd|1\n|\n|-weather|Snow|[upkeep]\n|-heal|p2a: Iron Hands|100\/100|[from] item: Leftovers\n|upkeep\n|turn|10\n|\n|t:|1699922907\n|-end|p2a: Iron Hands|Quark Drive|[silent]\n|switch|p2a: Empoleon|Empoleon, F|65\/100\n|move|p1a: Ninetales|Moonblast|p2a: Empoleon\n|-resisted|p2a: Empoleon\n|-damage|p2a: Empoleon|56\/100\n|\n|-weather|Snow|[upkeep]\n|upkeep\n|turn|11\n|\n|t:|1699922913\n|switch|p1a: Rillaboom|Rillaboom, M, shiny|100\/100\n|-fieldstart|move: Grassy Terrain|[from] ability: Grassy Surge|[of] p1a: Rillaboom\n|move|p2a: Empoleon|Roost|p2a: Empoleon\n|-heal|p2a: Empoleon|100\/100\n|-singleturn|p2a: Empoleon|move: Roost\n|\n|-weather|Snow|[upkeep]\n|upkeep\n|turn|12\n|\n|t:|1699922920\n|switch|p2a: Moltres|Moltres|76\/100\n|move|p1a: Rillaboom|U-turn|p2a: Moltres\n|-resisted|p2a: Moltres\n|-damage|p2a: Moltres|70\/100\n|\n|t:|1699922925\n|switch|p1a: Iron Moth|Iron Moth, shiny|100\/100|[from] U-turn\n|-enditem|p1a: Iron Moth|Booster Energy\n|-activate|p1a: Iron Moth|ability: Quark Drive|[fromitem]\n|-start|p1a: Iron Moth|quarkdrivespe\n|\n|-weather|none\n|upkeep\n|turn|13\n|\n|t:|1699922931\n|move|p1a: Iron Moth|Sludge Wave|p2a: Moltres\n|-damage|p2a: Moltres|36\/100\n|-status|p2a: Moltres|psn\n|move|p2a: Moltres|Hurricane|p1a: Iron Moth|[miss]\n|-miss|p2a: Moltres|p1a: Iron Moth\n|\n|-damage|p2a: Moltres|24\/100 psn|[from] psn\n|upkeep\n|turn|14\n|\n|t:|1699922961\n|move|p1a: Iron Moth|Fiery Dance|p2a: Moltres\n|-resisted|p2a: Moltres\n|-damage|p2a: Moltres|10\/100 psn\n|-boost|p1a: Iron Moth|spa|1\n|move|p2a: Moltres|Roost|p2a: Moltres\n|-heal|p2a: Moltres|60\/100 psn\n|-singleturn|p2a: Moltres|move: Roost\n|\n|-heal|p2a: Moltres|66\/100 psn|[from] Grassy Terrain\n|-damage|p2a: Moltres|53\/100 psn|[from] psn\n|upkeep\n|turn|15\n|inactive|wkjfhkjlwregnljer has 120 seconds left.\n|\n|t:|1699922977\n|move|p1a: Iron Moth|Sludge Wave|p2a: Moltres\n|-damage|p2a: Moltres|3\/100 psn\n|move|p2a: Moltres|Hurricane|p1a: Iron Moth\n|-damage|p1a: Iron Moth|80\/100\n|-start|p1a: Iron Moth|confusion\n|\n|-heal|p1a: Iron Moth|86\/100|[from] Grassy Terrain\n|-damage|p2a: Moltres|0 fnt|[from] psn\n|faint|p2a: Moltres\n|upkeep\n|inactive|wkjfhkjlwregnljer has 120 seconds left.\n|\n|t:|1699922993\n|switch|p2a: Empoleon|Empoleon, F|100\/100\n|turn|16\n|\n|t:|1699923007\n|-activate|p1a: Iron Moth|confusion\n|move|p1a: Iron Moth|Fiery Dance|p2a: Empoleon\n|-damage|p2a: Empoleon|62\/100\n|move|p2a: Empoleon|Surf|p1a: Iron Moth\n|-supereffective|p1a: Iron Moth\n|-damage|p1a: Iron Moth|55\/100\n|\n|-heal|p1a: Iron Moth|61\/100|[from] Grassy Terrain\n|-heal|p2a: Empoleon|68\/100|[from] Grassy Terrain\n|-sideend|p1: goofyrandomalt1234|move: Aurora Veil\n|upkeep\n|turn|17\n|\n|t:|1699923023\n|-end|p1a: Iron Moth|Quark Drive|[silent]\n|switch|p1a: Rillaboom|Rillaboom, M, shiny|100\/100\n|move|p2a: Empoleon|Surf|p1a: Rillaboom\n|-resisted|p1a: Rillaboom\n|-damage|p1a: Rillaboom|79\/100\n|\n|-heal|p1a: Rillaboom|85\/100|[from] Grassy Terrain\n|-heal|p2a: Empoleon|74\/100|[from] Grassy Terrain\n|upkeep\n|turn|18\n|\n|t:|1699923033\n|move|p1a: Rillaboom|Earthquake|p2a: Empoleon\n|-supereffective|p2a: Empoleon\n|-damage|p2a: Empoleon|40\/100\n|move|p2a: Empoleon|Flip Turn|p1a: Rillaboom\n|-resisted|p1a: Rillaboom\n|-damage|p1a: Rillaboom|76\/100\n|inactive|wkjfhkjlwregnljer has 120 seconds left.\n|\n|t:|1699923054\n|switch|p2a: Dragapult|Dragapult, F|100\/100|[from] Flip Turn\n|\n|-heal|p1a: Rillaboom|82\/100|[from] Grassy Terrain\n|-fieldend|move: Grassy Terrain\n|upkeep\n|turn|19\n|\n|t:|1699923069\n|switch|p1a: Ninetales|Ninetales-Alola, F, shiny|27\/100\n|-weather|Snow|[from] ability: Snow Warning|[of] p1a: Ninetales\n|move|p2a: Dragapult|Shadow Ball|p1a: Ninetales\n|-damage|p1a: Ninetales|0 fnt\n|faint|p1a: Ninetales\n|\n|-weather|Snow|[upkeep]\n|upkeep\n|\n|t:|1699923075\n|switch|p1a: Rillaboom|Rillaboom, M, shiny|82\/100\n|-fieldstart|move: Grassy Terrain|[from] ability: Grassy Surge|[of] p1a: Rillaboom\n|turn|20\n|\n|t:|1699923084\n|-terastallize|p2a: Dragapult|Ghost\n|move|p2a: Dragapult|Shadow Ball|p1a: Rillaboom\n|-damage|p1a: Rillaboom|0 fnt\n|faint|p1a: Rillaboom\n|\n|-weather|Snow|[upkeep]\n|upkeep\n|\n|t:|1699923091\n|switch|p1a: Ogerpon|Ogerpon-Wellspring, F|100\/100\n|turn|21\n|\n|t:|1699923101\n|switch|p2a: Empoleon|Empoleon, F|40\/100\n|move|p1a: Ogerpon|Grassy Glide|p2a: Empoleon\n|-damage|p2a: Empoleon|0 fnt\n|faint|p2a: Empoleon\n|\n|-weather|Snow|[upkeep]\n|upkeep\n|\n|t:|1699923106\n|switch|p2a: Iron Hands|Iron Hands|100\/100\n|turn|22\n|\n|t:|1699923112\n|move|p1a: Ogerpon|Swords Dance|p1a: Ogerpon\n|-boost|p1a: Ogerpon|atk|2\n|move|p2a: Iron Hands|Wild Charge|p1a: Ogerpon\n|-damage|p1a: Ogerpon|26\/100\n|-damage|p2a: Iron Hands|90\/100|[from] Recoil\n|\n|-weather|Snow|[upkeep]\n|-heal|p1a: Ogerpon|32\/100|[from] Grassy Terrain\n|-heal|p2a: Iron Hands|96\/100|[from] Grassy Terrain\n|-heal|p2a: Iron Hands|100\/100|[from] item: Leftovers\n|upkeep\n|turn|23\n|\n|t:|1699923119\n|move|p1a: Ogerpon|Play Rough|p2a: Iron Hands|[miss]\n|-miss|p1a: Ogerpon|p2a: Iron Hands\n|move|p2a: Iron Hands|Wild Charge|p1a: Ogerpon\n|-damage|p1a: Ogerpon|0 fnt\n|faint|p1a: Ogerpon\n|-damage|p2a: Iron Hands|96\/100|[from] Recoil\n|\n|-weather|none\n|-heal|p2a: Iron Hands|100\/100|[from] Grassy Terrain\n|upkeep\n|c|\u2606goofyrandomalt1234|NOOOOOOOO\n|\n|t:|1699923129\n|switch|p1a: Iron Moth|Iron Moth, shiny|61\/100\n|turn|24\n|\n|t:|1699923133\n|move|p1a: Iron Moth|Fiery Dance|p2a: Iron Hands\n|-crit|p2a: Iron Hands\n|-damage|p2a: Iron Hands|45\/100\n|move|p2a: Iron Hands|Wild Charge|p1a: Iron Moth\n|-damage|p1a: Iron Moth|0 fnt\n|faint|p1a: Iron Moth\n|-end|p1a: Iron Moth|Quark Drive|[silent]\n|-damage|p2a: Iron Hands|35\/100|[from] Recoil\n|\n|-heal|p2a: Iron Hands|41\/100|[from] Grassy Terrain\n|-heal|p2a: Iron Hands|47\/100|[from] item: Leftovers\n|upkeep\n|\n|t:|1699923138\n|switch|p1a: Dragapult|Dragapult, M, shiny|87\/100\n|turn|25\n|\n|t:|1699923142\n|move|p1a: Dragapult|Dragon Darts|p2a: Iron Hands\n|-damage|p2a: Iron Hands|29\/100\n|-anim|p1a: Dragapult|Dragon Darts|p2a: Iron Hands\n|-damage|p2a: Iron Hands|10\/100\n|-damage|p1a: Dragapult|77\/100|[from] item: Life Orb\n|move|p2a: Iron Hands|Wild Charge|p1a: Dragapult\n|-resisted|p1a: Dragapult\n|-damage|p1a: Dragapult|40\/100\n|-damage|p2a: Iron Hands|4\/100|[from] Recoil\n|\n|-heal|p1a: Dragapult|46\/100|[from] Grassy Terrain\n|-heal|p2a: Iron Hands|11\/100|[from] Grassy Terrain\n|-heal|p2a: Iron Hands|17\/100|[from] item: Leftovers\n|upkeep\n|turn|26\n|\n|t:|1699923153\n|move|p1a: Dragapult|Dragon Darts|p2a: Iron Hands\n|-damage|p2a: Iron Hands|0 fnt\n|faint|p2a: Iron Hands\n|-end|p2a: Iron Hands|Quark Drive|[silent]\n|-damage|p1a: Dragapult|36\/100|[from] item: Life Orb\n|\n|-heal|p1a: Dragapult|42\/100|[from] Grassy Terrain\n|upkeep\n|\n|t:|1699923173\n|switch|p2a: Ting-Lu|Ting-Lu|100\/100\n|-ability|p2a: Ting-Lu|Vessel of Ruin\n|turn|27\n|\n|t:|1699923179\n|move|p1a: Dragapult|U-turn|p2a: Ting-Lu\n|-supereffective|p2a: Ting-Lu\n|-damage|p2a: Ting-Lu|78\/100\n|-damage|p1a: Dragapult|32\/100|[from] item: Life Orb\n|\n|t:|1699923181\n|switch|p1a: Corviknight|Corviknight, M, shiny|73\/100 brn|[from] U-turn\n|move|p2a: Ting-Lu|Earthquake|p1a: Corviknight\n|-immune|p1a: Corviknight\n|\n|-heal|p2a: Ting-Lu|84\/100|[from] Grassy Terrain\n|-heal|p2a: Ting-Lu|90\/100|[from] item: Leftovers\n|-damage|p1a: Corviknight|67\/100 brn|[from] brn\n|-fieldend|move: Grassy Terrain\n|upkeep\n|turn|28\n|\n|t:|1699923185\n|move|p1a: Corviknight|Brave Bird|p2a: Ting-Lu\n|-damage|p2a: Ting-Lu|82\/100\n|-damage|p1a: Corviknight|64\/100 brn|[from] Recoil\n|move|p2a: Ting-Lu|Ruination|p1a: Corviknight\n|-damage|p1a: Corviknight|32\/100 brn\n|\n|-heal|p2a: Ting-Lu|89\/100|[from] item: Leftovers\n|-damage|p1a: Corviknight|26\/100 brn|[from] brn\n|upkeep\n|turn|29\n|\n|t:|1699923190\n|switch|p2a: Gholdengo|Gholdengo|100\/100\n|-item|p2a: Gholdengo|Air Balloon\n|move|p1a: Corviknight|Roost|p1a: Corviknight\n|-heal|p1a: Corviknight|76\/100 brn\n|-singleturn|p1a: Corviknight|move: Roost\n|\n|-damage|p1a: Corviknight|70\/100 brn|[from] brn\n|upkeep\n|turn|30\n|\n|t:|1699923199\n|move|p2a: Gholdengo|Nasty Plot|p2a: Gholdengo\n|-boost|p2a: Gholdengo|spa|2\n|move|p1a: Corviknight|Brave Bird|p2a: Gholdengo\n|-resisted|p2a: Gholdengo\n|-damage|p2a: Gholdengo|90\/100\n|-enditem|p2a: Gholdengo|Air Balloon\n|-damage|p1a: Corviknight|67\/100 brn|[from] Recoil\n|\n|-damage|p1a: Corviknight|61\/100 brn|[from] brn\n|upkeep\n|turn|31\n|\n|t:|1699923205\n|move|p2a: Gholdengo|Shadow Ball|p1a: Corviknight\n|-damage|p1a: Corviknight|0 fnt\n|faint|p1a: Corviknight\n|\n|upkeep\n|\n|t:|1699923207\n|switch|p1a: Dragapult|Dragapult, M, shiny|32\/100\n|turn|32\n|\n|t:|1699923212\n|-terastallize|p1a: Dragapult|Ghost\n|move|p1a: Dragapult|Phantom Force||[still]\n|-prepare|p1a: Dragapult|Phantom Force\n|move|p2a: Gholdengo|Shadow Ball|p1a: Dragapult|[miss]\n|-miss|p2a: Gholdengo|p1a: Dragapult\n|\n|upkeep\n|turn|33\n|\n|t:|1699923218\n|switch|p2a: Ting-Lu|Ting-Lu|89\/100\n|-ability|p2a: Ting-Lu|Vessel of Ruin\n|move|p1a: Dragapult|Phantom Force|p2a: Ting-Lu|[from]lockedmove\n|-resisted|p2a: Ting-Lu\n|-damage|p2a: Ting-Lu|72\/100\n|-damage|p1a: Dragapult|22\/100|[from] item: Life Orb\n|\n|-heal|p2a: Ting-Lu|79\/100|[from] item: Leftovers\n|upkeep\n|turn|34\n|\n|t:|1699923224\n|move|p1a: Dragapult|U-turn|p2a: Ting-Lu\n|-supereffective|p2a: Ting-Lu\n|-damage|p2a: Ting-Lu|51\/100\n|-damage|p1a: Dragapult|12\/100|[from] item: Life Orb\n|move|p2a: Ting-Lu|Earthquake|p1a: Dragapult\n|-damage|p1a: Dragapult|0 fnt\n|faint|p1a: Dragapult\n|\n|win|wkjfhkjlwregnljer\n|raw|goofyrandomalt1234's rating: 1046 &rarr; <strong>1027<\/strong><br \/>(-19 for losing)\n|raw|wkjfhkjlwregnljer's rating: 1000 &rarr; <strong>1045<\/strong><br \/>(+45 for winning)\n|l|\u2606goofyrandomalt1234\n","uploadtime":1699923229,"views":10,"p1id":"goofyrandomalt1234","p2id":"wkjfhkjlwregnljer","formatid":"gen9ou","rating":1027,"private":0,"password":""}