{"id":"gen9ou-1998361250","p1":"ArosNull","p2":"mycatmadethat","format":"[Gen 9] OU","log":"|j|\u2606ArosNull\n|j|\u2606mycatmadethat\n|t:|1700933755\n|gametype|singles\n|player|p1|ArosNull|clown|1154\n|player|p2|mycatmadethat|artist-gen4|1117\n|teamsize|p1|6\n|teamsize|p2|6\n|gen|9\n|tier|[Gen 9] OU\n|rated|\n|rule|Sleep Clause Mod: Limit one foe put to sleep\n|rule|Species Clause: Limit one of each Pok\u00e9mon\n|rule|OHKO Clause: OHKO moves are banned\n|rule|Evasion Items Clause: Evasion items are banned\n|rule|Evasion Moves Clause: Evasion moves are banned\n|rule|Endless Battle Clause: Forcing endless battles is banned\n|rule|HP Percentage Mod: HP is shown in percentages\n|clearpoke\n|poke|p1|Arcanine-Hisui, F|\n|poke|p1|Lokix, F|\n|poke|p1|Corviknight, M|\n|poke|p1|Gastrodon, M|\n|poke|p1|Iron Valiant|\n|poke|p1|Munkidori, M|\n|poke|p2|Cinderace, M|\n|poke|p2|Dragapult, M|\n|poke|p2|Iron Valiant|\n|poke|p2|Kingambit, M|\n|poke|p2|Ting-Lu|\n|poke|p2|Gholdengo|\n|teampreview\n|inactive|Battle timer is ON: inactive players will automatically lose when time's up. (requested by ArosNull)\n|\n|t:|1700933781\n|start\n|switch|p1a: Arcanine|Arcanine-Hisui, F|100\/100\n|switch|p2a: Cinderace|Cinderace, M|100\/100\n|turn|1\n|\n|t:|1700933791\n|move|p2a: Cinderace|U-turn|p1a: Arcanine\n|-resisted|p1a: Arcanine\n|-damage|p1a: Arcanine|89\/100\n|\n|t:|1700933796\n|switch|p2a: Ting-Lu|Ting-Lu|100\/100|[from] U-turn\n|-ability|p2a: Ting-Lu|Vessel of Ruin\n|move|p1a: Arcanine|Head Smash|p2a: Ting-Lu\n|-resisted|p2a: Ting-Lu\n|-damage|p2a: Ting-Lu|70\/100\n|\n|-heal|p2a: Ting-Lu|77\/100|[from] item: Leftovers\n|upkeep\n|turn|2\n|\n|t:|1700933808\n|switch|p1a: Lokix|Lokix, F|100\/100\n|move|p2a: Ting-Lu|Spikes|p1a: Lokix\n|-sidestart|p1: ArosNull|Spikes\n|\n|-heal|p2a: Ting-Lu|83\/100|[from] item: Leftovers\n|upkeep\n|turn|3\n|\n|t:|1700933818\n|switch|p2a: Iron Valiant|Iron Valiant|100\/100\n|-enditem|p2a: Iron Valiant|Booster Energy\n|-activate|p2a: Iron Valiant|ability: Quark Drive|[fromitem]\n|-start|p2a: Iron Valiant|quarkdrivespe\n|move|p1a: Lokix|Axe Kick|p2a: Iron Valiant|[miss]\n|-miss|p1a: Lokix|p2a: Iron Valiant\n|-damage|p1a: Lokix|51\/100|[from] highjumpkick\n|\n|upkeep\n|turn|4\n|inactive|mycatmadethat has 120 seconds left.\n|\n|t:|1700933849\n|move|p2a: Iron Valiant|Close Combat|p1a: Lokix\n|-damage|p1a: Lokix|0 fnt\n|-unboost|p2a: Iron Valiant|def|1\n|-unboost|p2a: Iron Valiant|spd|1\n|faint|p1a: Lokix\n|\n|upkeep\n|\n|t:|1700933857\n|switch|p1a: Iron Valiant|Iron Valiant|100\/100\n|-damage|p1a: Iron Valiant|88\/100|[from] Spikes\n|turn|5\n|inactive|mycatmadethat has 120 seconds left.\n|\n|t:|1700933873\n|-end|p2a: Iron Valiant|Quark Drive|[silent]\n|switch|p2a: Gholdengo|Gholdengo|100\/100\n|-item|p2a: Gholdengo|Air Balloon\n|move|p1a: Iron Valiant|Moonblast|p2a: Gholdengo\n|-resisted|p2a: Gholdengo\n|-damage|p2a: Gholdengo|74\/100\n|-enditem|p2a: Gholdengo|Air Balloon\n|\n|upkeep\n|turn|6\n|\n|t:|1700933893\n|-end|p1a: Iron Valiant|Quark Drive|[silent]\n|switch|p1a: Munkidori|Munkidori, M|100\/100\n|-damage|p1a: Munkidori|88\/100|[from] Spikes\n|move|p2a: Gholdengo|Make It Rain|p1a: Munkidori\n|-damage|p1a: Munkidori|10\/100\n|-unboost|p2a: Gholdengo|spa|1\n|-enditem|p1a: Munkidori|Salac Berry|[eat]\n|-boost|p1a: Munkidori|spe|1|[from] item: Salac Berry\n|\n|upkeep\n|turn|7\n|\n|t:|1700933903\n|move|p1a: Munkidori|Nasty Plot|p1a: Munkidori\n|-boost|p1a: Munkidori|spa|2\n|move|p2a: Gholdengo|Shadow Ball|p1a: Munkidori\n|-supereffective|p1a: Munkidori\n|-damage|p1a: Munkidori|0 fnt\n|faint|p1a: Munkidori\n|\n|upkeep\n|-message|ArosNull forfeited.\n|\n|win|mycatmadethat\n|raw|ArosNull's rating: 1154 &rarr; <strong>1126<\/strong><br \/>(-28 for losing)\n|raw|mycatmadethat's rating: 1117 &rarr; <strong>1145<\/strong><br \/>(+28 for winning)\n|l|\u2606ArosNull\n","uploadtime":1700933908,"views":1,"p1id":"arosnull","p2id":"mycatmadethat","formatid":"gen9ou","rating":1126,"private":0,"password":""}