{"id":"gen9ou-1992356064","p1":"meatrub","p2":"Sensei Milia","format":"[Gen 9] OU","log":"|j|\u2606meatrub\n|j|\u2606Sensei Milia\n|t:|1700178152\n|gametype|singles\n|player|p1|meatrub|swimmer-gen4|1198\n|player|p2|Sensei Milia|swimmerf|1226\n|teamsize|p1|6\n|teamsize|p2|6\n|gen|9\n|tier|[Gen 9] OU\n|rated|\n|rule|Sleep Clause Mod: Limit one foe put to sleep\n|rule|Species Clause: Limit one of each Pok\u00e9mon\n|rule|OHKO Clause: OHKO moves are banned\n|rule|Evasion Items Clause: Evasion items are banned\n|rule|Evasion Moves Clause: Evasion moves are banned\n|rule|Endless Battle Clause: Forcing endless battles is banned\n|rule|HP Percentage Mod: HP is shown in percentages\n|clearpoke\n|poke|p1|Torkoal, M|\n|poke|p1|Brute Bonnet|\n|poke|p1|Great Tusk|\n|poke|p1|Walking Wake|\n|poke|p1|Ceruledge, F|\n|poke|p1|Hatterene, F|\n|poke|p2|Heatran, M|\n|poke|p2|Garganacl, M|\n|poke|p2|Ceruledge, F|\n|poke|p2|Clodsire, F|\n|poke|p2|Breloom, F|\n|poke|p2|Clefable, F|\n|teampreview\n|inactive|Battle timer is ON: inactive players will automatically lose when time's up. (requested by meatrub)\n|\n|t:|1700178169\n|start\n|switch|p1a: Great Tusk|Great Tusk|100\/100\n|switch|p2a: Clefable|Clefable, F|100\/100\n|turn|1\n|\n|t:|1700178178\n|-end|p1a: Great Tusk|Protosynthesis|[silent]\n|switch|p1a: Hatterene|Hatterene, F|100\/100\n|move|p2a: Clefable|Cosmic Power|p2a: Clefable\n|-boost|p2a: Clefable|def|1\n|-boost|p2a: Clefable|spd|1\n|\n|upkeep\n|turn|2\n|inactive|meatrub has 120 seconds left.\n|\n|t:|1700178210\n|switch|p1a: Torkoal|Torkoal, M|100\/100\n|-weather|SunnyDay|[from] ability: Drought|[of] p1a: Torkoal\n|move|p2a: Clefable|Cosmic Power|p2a: Clefable\n|-boost|p2a: Clefable|def|1\n|-boost|p2a: Clefable|spd|1\n|\n|-weather|SunnyDay|[upkeep]\n|upkeep\n|turn|3\n|inactive|meatrub has 120 seconds left.\n|\n|t:|1700178226\n|move|p2a: Clefable|Calm Mind|p2a: Clefable\n|-boost|p2a: Clefable|spa|1\n|-boost|p2a: Clefable|spd|1\n|move|p1a: Torkoal|Will-O-Wisp|p2a: Clefable\n|-status|p2a: Clefable|brn\n|\n|-weather|SunnyDay|[upkeep]\n|upkeep\n|turn|4\n|inactive|meatrub has 120 seconds left.\n|\n|t:|1700178256\n|switch|p1a: Brute Bonnet|Brute Bonnet|100\/100\n|-activate|p1a: Brute Bonnet|ability: Protosynthesis\n|-start|p1a: Brute Bonnet|protosynthesisatk\n|move|p2a: Clefable|Calm Mind|p2a: Clefable\n|-boost|p2a: Clefable|spa|1\n|-boost|p2a: Clefable|spd|1\n|\n|-weather|SunnyDay|[upkeep]\n|upkeep\n|turn|5\n|\n|t:|1700178273\n|move|p1a: Brute Bonnet|Bullet Seed|p2a: Clefable\n|-damage|p2a: Clefable|92\/100 brn\n|-damage|p2a: Clefable|83\/100 brn\n|-damage|p2a: Clefable|74\/100 brn\n|-damage|p2a: Clefable|65\/100 brn\n|-hitcount|p2a: Clefable|4\n|move|p2a: Clefable|Draining Kiss|p1a: Brute Bonnet\n|-supereffective|p1a: Brute Bonnet\n|-damage|p1a: Brute Bonnet|34\/100\n|-heal|p2a: Clefable|100\/100 brn|[from] drain|[of] p1a: Brute Bonnet\n|\n|-weather|SunnyDay|[upkeep]\n|upkeep\n|turn|6\n|inactive|meatrub has 90 seconds left.\n|\n|t:|1700178306\n|move|p1a: Brute Bonnet|Bullet Seed|p2a: Clefable\n|-crit|p2a: Clefable\n|-damage|p2a: Clefable|73\/100 brn\n|-damage|p2a: Clefable|65\/100 brn\n|-damage|p2a: Clefable|56\/100 brn\n|-damage|p2a: Clefable|48\/100 brn\n|-damage|p2a: Clefable|39\/100 brn\n|-hitcount|p2a: Clefable|5\n|move|p2a: Clefable|Cosmic Power|p2a: Clefable\n|-boost|p2a: Clefable|def|1\n|-boost|p2a: Clefable|spd|1\n|\n|-weather|SunnyDay|[upkeep]\n|-heal|p2a: Clefable|45\/100 brn|[from] item: Leftovers\n|upkeep\n|turn|7\n|\n|t:|1700178324\n|move|p1a: Brute Bonnet|Bullet Seed|p2a: Clefable\n|-damage|p2a: Clefable|38\/100 brn\n|-damage|p2a: Clefable|31\/100 brn\n|-damage|p2a: Clefable|23\/100 brn\n|-damage|p2a: Clefable|16\/100 brn\n|-damage|p2a: Clefable|10\/100 brn\n|-hitcount|p2a: Clefable|5\n|move|p2a: Clefable|Draining Kiss|p1a: Brute Bonnet\n|-supereffective|p1a: Brute Bonnet\n|-damage|p1a: Brute Bonnet|0 fnt\n|-heal|p2a: Clefable|33\/100 brn|[from] drain|[of] p1a: Brute Bonnet\n|faint|p1a: Brute Bonnet\n|-end|p1a: Brute Bonnet|Protosynthesis|[silent]\n|\n|-weather|SunnyDay|[upkeep]\n|-heal|p2a: Clefable|39\/100 brn|[from] item: Leftovers\n|upkeep\n|inactive|meatrub has 60 seconds left.\n|c|\u2606Sensei Milia|cool username\n|\n|t:|1700178358\n|switch|p1a: Ceruledge|Ceruledge, F|100\/100\n|turn|8\n|\n|t:|1700178379\n|move|p1a: Ceruledge|Swords Dance|p1a: Ceruledge\n|-boost|p1a: Ceruledge|atk|2\n|move|p2a: Clefable|Draining Kiss|p1a: Ceruledge\n|-resisted|p1a: Ceruledge\n|-damage|p1a: Ceruledge|77\/100\n|-heal|p2a: Clefable|52\/100 brn|[from] drain|[of] p1a: Ceruledge\n|\n|-weather|SunnyDay|[upkeep]\n|-heal|p2a: Clefable|58\/100 brn|[from] item: Leftovers\n|upkeep\n|turn|9\n|\n|t:|1700178390\n|-terastallize|p1a: Ceruledge|Fire\n|move|p1a: Ceruledge|Bitter Blade|p2a: Clefable\n|-damage|p2a: Clefable|0 fnt\n|-heal|p1a: Ceruledge|100\/100|[from] drain|[of] p2a: Clefable\n|faint|p2a: Clefable\n|\n|-weather|none\n|upkeep\n|\n|t:|1700178400\n|switch|p2a: Heatran|Heatran, M, shiny|100\/100\n|-item|p2a: Heatran|Air Balloon\n|turn|10\n|\n|t:|1700178405\n|move|p1a: Ceruledge|Close Combat|p2a: Heatran\n|-supereffective|p2a: Heatran\n|-damage|p2a: Heatran|0 fnt\n|-unboost|p1a: Ceruledge|def|1\n|-unboost|p1a: Ceruledge|spd|1\n|-enditem|p2a: Heatran|Air Balloon\n|faint|p2a: Heatran\n|\n|upkeep\n|\n|t:|1700178412\n|switch|p2a: Clodsire|Clodsire, F|100\/100\n|turn|11\n|inactive|meatrub has 60 seconds left.\n|\n|t:|1700178420\n|move|p1a: Ceruledge|Bitter Blade|p2a: Clodsire\n|-damage|p2a: Clodsire|33\/100\n|move|p2a: Clodsire|Toxic|p1a: Ceruledge\n|-status|p1a: Ceruledge|tox\n|\n|-heal|p2a: Clodsire|40\/100|[from] item: Leftovers\n|-damage|p1a: Ceruledge|94\/100 tox|[from] psn\n|upkeep\n|turn|12\n|inactive|meatrub has 60 seconds left.\n|\n|t:|1700178434\n|move|p2a: Clodsire|Protect|p2a: Clodsire\n|-singleturn|p2a: Clodsire|Protect\n|move|p1a: Ceruledge|Bitter Blade|p2a: Clodsire\n|-activate|p2a: Clodsire|move: Protect\n|\n|-heal|p2a: Clodsire|46\/100|[from] item: Leftovers\n|-damage|p1a: Ceruledge|82\/100 tox|[from] psn\n|upkeep\n|turn|13\n|inactive|meatrub has 60 seconds left.\n|\n|t:|1700178445\n|move|p2a: Clodsire|Protect||[still]\n|-fail|p2a: Clodsire\n|move|p1a: Ceruledge|Bitter Blade|p2a: Clodsire\n|-damage|p2a: Clodsire|0 fnt\n|-heal|p1a: Ceruledge|100\/100 tox|[from] drain|[of] p2a: Clodsire\n|faint|p2a: Clodsire\n|\n|-damage|p1a: Ceruledge|82\/100 tox|[from] psn\n|upkeep\n|\n|t:|1700178453\n|switch|p2a: Garganacl|Garganacl, M, shiny|100\/100\n|turn|14\n|inactive|meatrub has 60 seconds left.\n|\n|t:|1700178472\n|switch|p2a: Breloom|Breloom, F|100\/100\n|move|p1a: Ceruledge|Close Combat|p2a: Breloom\n|-damage|p2a: Breloom|0 fnt\n|-unboost|p1a: Ceruledge|def|1\n|-unboost|p1a: Ceruledge|spd|1\n|faint|p2a: Breloom\n|\n|-damage|p1a: Ceruledge|57\/100 tox|[from] psn\n|upkeep\n|j| hgtfkflfl\n|\n|t:|1700178482\n|switch|p2a: Ceruledge|Ceruledge, F|100\/100\n|turn|15\n|inactive|meatrub has 60 seconds left.\n|c|\u2606meatrub|Cosmic power noob\n|\n|t:|1700178508\n|move|p1a: Ceruledge|Shadow Sneak|p2a: Ceruledge\n|-supereffective|p2a: Ceruledge\n|-damage|p2a: Ceruledge|24\/100\n|-ability|p2a: Ceruledge|Weak Armor|boost\n|-unboost|p2a: Ceruledge|def|1\n|-boost|p2a: Ceruledge|spe|2\n|-enditem|p2a: Ceruledge|Weakness Policy\n|-boost|p2a: Ceruledge|atk|2|[from] item: Weakness Policy\n|-boost|p2a: Ceruledge|spa|2|[from] item: Weakness Policy\n|move|p2a: Ceruledge|Shadow Sneak|p1a: Ceruledge\n|-damage|p1a: Ceruledge|0 fnt\n|faint|p1a: Ceruledge\n|\n|upkeep\n|inactive|meatrub has 30 seconds left.\n|inactive|meatrub has 20 seconds left.\n|inactive|meatrub has 15 seconds left.\n|c|\u2606Sensei Milia|i prefer cheese whooore thank you very much\n|inactive|meatrub has 10 seconds left.\n|\n|t:|1700178556\n|switch|p1a: Great Tusk|Great Tusk|100\/100\n|turn|16\n|inactive|meatrub has 20 seconds left this turn.\n|inactive|meatrub has 15 seconds left.\n|\n|t:|1700178562\n|move|p2a: Ceruledge|Will-O-Wisp|p1a: Great Tusk\n|-status|p1a: Great Tusk|brn\n|move|p1a: Great Tusk|Earthquake|p2a: Ceruledge\n|-supereffective|p2a: Ceruledge\n|-damage|p2a: Ceruledge|0 fnt\n|faint|p2a: Ceruledge\n|\n|-damage|p1a: Great Tusk|94\/100 brn|[from] brn\n|upkeep\n|inactive|meatrub has 20 seconds left this turn.\n|\n|t:|1700178571\n|switch|p2a: Garganacl|Garganacl, M, shiny|100\/100\n|turn|17\n|inactive|meatrub has 30 seconds left this turn.\n|inactive|meatrub has 20 seconds left.\n|inactive|meatrub has 15 seconds left.\n|inactive|meatrub has 10 seconds left.\n|\n|t:|1700178591\n|-end|p1a: Great Tusk|Protosynthesis|[silent]\n|switch|p1a: Torkoal|Torkoal, M|100\/100\n|-weather|SunnyDay|[from] ability: Drought|[of] p1a: Torkoal\n|-terastallize|p2a: Garganacl|Water\n|move|p2a: Garganacl|Iron Defense|p2a: Garganacl\n|-boost|p2a: Garganacl|def|2\n|\n|-weather|SunnyDay|[upkeep]\n|upkeep\n|turn|18\n|inactive|meatrub has 20 seconds left this turn.\n|inactive|meatrub has 15 seconds left.\n|inactive|meatrub has 10 seconds left.\n|inactive|meatrub has 5 seconds left.\n|-message|meatrub lost due to inactivity.\n|\n|win|Sensei Milia\n|raw|meatrub's rating: 1198 &rarr; <strong>1175<\/strong><br \/>(-23 for losing)\n|raw|Sensei Milia's rating: 1226 &rarr; <strong>1249<\/strong><br \/>(+23 for winning)\n|c|\u2606Sensei Milia|timer noob\n|l|\u2606meatrub\n","uploadtime":1700178648,"views":20,"p1id":"meatrub","p2id":"senseimilia","formatid":"gen9ou","rating":1175,"private":0,"password":""}