{"id":"gen9ou-1995532630","p1":"Phrensoph","p2":"tagadatchointchoin","format":"[Gen 9] OU","log":"|j|\u2606Phrensoph\n|j|\u2606tagadatchointchoin\n|t:|1700580476\n|gametype|singles\n|player|p1|Phrensoph|harlequin|1093\n|player|p2|tagadatchointchoin|170|1061\n|teamsize|p1|6\n|teamsize|p2|6\n|gen|9\n|tier|[Gen 9] OU\n|rated|\n|rule|Sleep Clause Mod: Limit one foe put to sleep\n|rule|Species Clause: Limit one of each Pok\u00e9mon\n|rule|OHKO Clause: OHKO moves are banned\n|rule|Evasion Items Clause: Evasion items are banned\n|rule|Evasion Moves Clause: Evasion moves are banned\n|rule|Endless Battle Clause: Forcing endless battles is banned\n|rule|HP Percentage Mod: HP is shown in percentages\n|clearpoke\n|poke|p1|Great Tusk|\n|poke|p1|Meowscarada, F|\n|poke|p1|Garchomp, F|\n|poke|p1|Ogerpon-Wellspring, F|\n|poke|p1|Heatran, M|\n|poke|p1|Rotom-Mow|\n|poke|p2|Garganacl, M|\n|poke|p2|Clodsire, M|\n|poke|p2|Breloom, F|\n|poke|p2|Gholdengo|\n|poke|p2|Samurott-Hisui, M|\n|poke|p2|Cinderace, M|\n|teampreview\n|\n|t:|1700580489\n|start\n|switch|p1a: SPIKES|Meowscarada, F|100\/100\n|switch|p2a: Breloom|Breloom, F|100\/100\n|turn|1\n|\n|t:|1700580496\n|move|p2a: Breloom|Mach Punch|p1a: SPIKES\n|-supereffective|p1a: SPIKES\n|-enditem|p1a: SPIKES|Focus Sash\n|-damage|p1a: SPIKES|1\/100\n|move|p1a: SPIKES|Spikes|p2a: Breloom\n|-sidestart|p2: tagadatchointchoin|Spikes\n|\n|upkeep\n|turn|2\n|\n|t:|1700580512\n|move|p1a: SPIKES|Spikes|p2a: Breloom\n|-sidestart|p2: tagadatchointchoin|Spikes\n|move|p2a: Breloom|Bullet Seed|p1a: SPIKES\n|-resisted|p1a: SPIKES\n|-damage|p1a: SPIKES|0 fnt\n|faint|p1a: SPIKES\n|-hitcount|p1: SPIKES|1\n|\n|upkeep\n|\n|t:|1700580520\n|switch|p1a: ROCKS|Heatran, M|100\/100\n|turn|3\n|\n|t:|1700580531\n|move|p2a: Breloom|Mach Punch|p1a: ROCKS\n|-supereffective|p1a: ROCKS\n|-damage|p1a: ROCKS|43\/100\n|move|p1a: ROCKS|Stealth Rock|p2a: Breloom\n|-sidestart|p2: tagadatchointchoin|move: Stealth Rock\n|\n|-heal|p1a: ROCKS|49\/100|[from] item: Leftovers\n|upkeep\n|turn|4\n|\n|t:|1700580548\n|switch|p1a: mowing the lawn|Rotom-Mow|100\/100\n|move|p2a: Breloom|Mach Punch|p1a: mowing the lawn\n|-damage|p1a: mowing the lawn|59\/100\n|\n|upkeep\n|turn|5\n|\n|t:|1700580559\n|move|p2a: Breloom|Mach Punch|p1a: mowing the lawn\n|-damage|p1a: mowing the lawn|17\/100\n|move|p1a: mowing the lawn|Volt Switch|p2a: Breloom\n|-resisted|p2a: Breloom\n|-damage|p2a: Breloom|70\/100\n|\n|t:|1700580567\n|switch|p1a: dRAgoN|Garchomp, F|100\/100|[from] Volt Switch\n|\n|upkeep\n|turn|6\n|\n|t:|1700580590\n|move|p1a: dRAgoN|Fire Blast|p2a: Breloom\n|-supereffective|p2a: Breloom\n|-damage|p2a: Breloom|0 fnt\n|faint|p2a: Breloom\n|-damage|p1a: dRAgoN|91\/100|[from] item: Life Orb\n|\n|upkeep\n|\n|t:|1700580597\n|switch|p2a: Cinderace|Cinderace, M|100\/100\n|turn|7\n|\n|t:|1700580609\n|move|p2a: Cinderace|Court Change|p2a: Cinderace\n|-start|p2a: Cinderace|typechange|Normal|[from] ability: Libero\n|-swapsideconditions\n|-activate|p2a: Cinderace|move: Court Change\n|move|p1a: dRAgoN|Earthquake|p2a: Cinderace\n|-damage|p2a: Cinderace|25\/100\n|-damage|p1a: dRAgoN|81\/100|[from] item: Life Orb\n|\n|upkeep\n|turn|8\n|\n|t:|1700580620\n|move|p2a: Cinderace|U-turn|p1a: dRAgoN\n|-damage|p1a: dRAgoN|60\/100\n|-damage|p2a: Cinderace|13\/100|[from] ability: Rough Skin|[of] p1a: dRAgoN\n|\n|t:|1700580629\n|switch|p2a: Garganacl|Garganacl, M|100\/100|[from] U-turn\n|move|p1a: dRAgoN|Draco Meteor|p2a: Garganacl\n|-damage|p2a: Garganacl|37\/100\n|-unboost|p1a: dRAgoN|spa|2\n|-damage|p1a: dRAgoN|50\/100|[from] item: Life Orb\n|\n|-heal|p2a: Garganacl|44\/100|[from] item: Leftovers\n|upkeep\n|turn|9\n|\n|t:|1700580643\n|switch|p1a: Horton|Great Tusk|100\/100\n|move|p2a: Garganacl|Recover|p2a: Garganacl\n|-heal|p2a: Garganacl|94\/100\n|\n|-heal|p2a: Garganacl|99\/100|[from] item: Leftovers\n|upkeep\n|turn|10\n|\n|t:|1700580652\n|move|p1a: Horton|Rapid Spin|p2a: Garganacl\n|-resisted|p2a: Garganacl\n|-damage|p2a: Garganacl|95\/100\n|-boost|p1a: Horton|spe|1\n|-sideend|p1: Phrensoph|Spikes|[from] move: Rapid Spin|[of] p1a: Horton\n|-sideend|p1: Phrensoph|Stealth Rock|[from] move: Rapid Spin|[of] p1a: Horton\n|move|p2a: Garganacl|Iron Defense|p2a: Garganacl\n|-boost|p2a: Garganacl|def|2\n|\n|-heal|p2a: Garganacl|100\/100|[from] item: Leftovers\n|upkeep\n|turn|11\n|\n|t:|1700580672\n|-end|p1a: Horton|Protosynthesis|[silent]\n|switch|p1a: ROCKS|Heatran, M|49\/100\n|move|p2a: Garganacl|Iron Defense|p2a: Garganacl\n|-boost|p2a: Garganacl|def|2\n|\n|-heal|p1a: ROCKS|55\/100|[from] item: Leftovers\n|upkeep\n|turn|12\n|\n|t:|1700580686\n|-terastallize|p1a: ROCKS|Grass\n|-terastallize|p2a: Garganacl|Ghost\n|move|p1a: ROCKS|Earth Power|p2a: Garganacl\n|-damage|p2a: Garganacl|77\/100\n|-unboost|p2a: Garganacl|spd|1\n|move|p2a: Garganacl|Body Press|p1a: ROCKS\n|-damage|p1a: ROCKS|0 fnt\n|faint|p1a: ROCKS\n|\n|-heal|p2a: Garganacl|83\/100|[from] item: Leftovers\n|upkeep\n|\n|t:|1700580704\n|switch|p1a: mowing the lawn|Rotom-Mow|17\/100\n|turn|13\n|\n|t:|1700580712\n|move|p1a: mowing the lawn|Leaf Storm|p2a: Garganacl\n|-damage|p2a: Garganacl|4\/100\n|-unboost|p1a: mowing the lawn|spa|2\n|move|p2a: Garganacl|Recover|p2a: Garganacl\n|-heal|p2a: Garganacl|54\/100\n|\n|-heal|p2a: Garganacl|60\/100|[from] item: Leftovers\n|upkeep\n|turn|14\n|\n|t:|1700580725\n|switch|p1a: Horton|Great Tusk|100\/100\n|move|p2a: Garganacl|Recover|p2a: Garganacl\n|-heal|p2a: Garganacl|100\/100\n|\n|upkeep\n|turn|15\n|inactive|Battle timer is ON: inactive players will automatically lose when time's up. (requested by tagadatchointchoin)\n|\n|t:|1700580732\n|move|p1a: Horton|Knock Off|p2a: Garganacl\n|-supereffective|p2a: Garganacl\n|-damage|p2a: Garganacl|89\/100\n|-enditem|p2a: Garganacl|Leftovers|[from] move: Knock Off|[of] p1a: Horton\n|move|p2a: Garganacl|Iron Defense|p2a: Garganacl\n|-boost|p2a: Garganacl|def|2\n|\n|upkeep\n|turn|16\n|\n|t:|1700580745\n|-end|p1a: Horton|Protosynthesis|[silent]\n|switch|p1a: dRAgoN|Garchomp, F|50\/100\n|move|p2a: Garganacl|Body Press|p1a: dRAgoN\n|-damage|p1a: dRAgoN|0 fnt\n|-damage|p2a: Garganacl|76\/100|[from] ability: Rough Skin|[of] p1a: dRAgoN\n|faint|p1a: dRAgoN\n|\n|upkeep\n|\n|t:|1700580752\n|switch|p1a: mowing the lawn|Rotom-Mow|17\/100\n|turn|17\n|\n|t:|1700580758\n|move|p1a: mowing the lawn|Leaf Storm|p2a: Garganacl\n|-damage|p2a: Garganacl|0 fnt\n|-unboost|p1a: mowing the lawn|spa|2\n|faint|p2a: Garganacl\n|\n|upkeep\n|\n|t:|1700580767\n|switch|p2a: Cinderace|Cinderace, M|13\/100\n|turn|18\n|\n|t:|1700580773\n|move|p1a: mowing the lawn|Leaf Storm|p2a: Cinderace\n|-resisted|p2a: Cinderace\n|-damage|p2a: Cinderace|0 fnt\n|-unboost|p1a: mowing the lawn|spa|2\n|faint|p2a: Cinderace\n|\n|upkeep\n|\n|t:|1700580780\n|switch|p2a: Samurott|Samurott-Hisui, M|100\/100\n|turn|19\n|\n|t:|1700580784\n|switch|p1a: Janitor|Ogerpon-Wellspring, F|100\/100\n|move|p2a: Samurott|Sucker Punch||[still]\n|-fail|p2a: Samurott\n|\n|upkeep\n|turn|20\n|\n|t:|1700580790\n|switch|p2a: Gholdengo|Gholdengo|100\/100\n|move|p1a: Janitor|Encore|p2a: Gholdengo\n|-immune|p2a: Gholdengo|[from] ability: Good as Gold\n|\n|upkeep\n|turn|21\n|\n|t:|1700580799\n|switch|p1a: Horton|Great Tusk|100\/100\n|move|p2a: Gholdengo|Trick|p1a: Horton\n|-activate|p2a: Gholdengo|move: Trick|[of] p1a: Horton\n|-item|p1a: Horton|Choice Specs|[from] move: Trick\n|-item|p2a: Gholdengo|Heavy-Duty Boots|[from] move: Trick\n|\n|upkeep\n|turn|22\n|\n|t:|1700580809\n|switch|p2a: Samurott|Samurott-Hisui, M|100\/100\n|move|p1a: Horton|Headlong Rush|p2a: Samurott\n|-damage|p2a: Samurott|22\/100\n|-unboost|p1a: Horton|def|1\n|-unboost|p1a: Horton|spd|1\n|\n|upkeep\n|turn|23\n|\n|t:|1700580820\n|move|p2a: Samurott|Razor Shell|p1a: Horton\n|-supereffective|p1a: Horton\n|-damage|p1a: Horton|0 fnt\n|faint|p1a: Horton\n|-end|p1a: Horton|Protosynthesis|[silent]\n|\n|upkeep\n|\n|t:|1700580834\n|switch|p1a: mowing the lawn|Rotom-Mow|17\/100\n|turn|24\n|\n|t:|1700580846\n|switch|p2a: Gholdengo|Gholdengo|100\/100\n|move|p1a: mowing the lawn|Volt Switch|p2a: Gholdengo\n|-damage|p2a: Gholdengo|66\/100\n|\n|t:|1700580851\n|switch|p1a: Janitor|Ogerpon-Wellspring, F|100\/100|[from] Volt Switch\n|\n|upkeep\n|turn|25\n|\n|t:|1700580866\n|move|p1a: Janitor|Swords Dance|p1a: Janitor\n|-boost|p1a: Janitor|atk|2\n|move|p2a: Gholdengo|Make It Rain|p1a: Janitor\n|-resisted|p1a: Janitor\n|-damage|p1a: Janitor|67\/100\n|-unboost|p2a: Gholdengo|spa|1\n|\n|upkeep\n|turn|26\n|\n|t:|1700580877\n|move|p1a: Janitor|Power Whip|p2a: Gholdengo\n|-resisted|p2a: Gholdengo\n|-damage|p2a: Gholdengo|0 fnt\n|faint|p2a: Gholdengo\n|\n|upkeep\n|\n|t:|1700580885\n|switch|p2a: Samurott|Samurott-Hisui, M|22\/100\n|turn|27\n|\n|t:|1700580896\n|move|p2a: Samurott|Sucker Punch|p1a: Janitor\n|-damage|p1a: Janitor|26\/100\n|move|p1a: Janitor|Power Whip|p2a: Samurott\n|-supereffective|p2a: Samurott\n|-damage|p2a: Samurott|0 fnt\n|faint|p2a: Samurott\n|\n|upkeep\n|\n|t:|1700580904\n|switch|p2a: Clodsire|Clodsire, M|100\/100\n|turn|28\n|\n|t:|1700580908\n|move|p1a: Janitor|Power Whip|p2a: Clodsire\n|-damage|p2a: Clodsire|25\/100\n|move|p2a: Clodsire|Toxic|p1a: Janitor\n|-status|p1a: Janitor|tox\n|\n|-heal|p2a: Clodsire|32\/100|[from] item: Leftovers\n|-damage|p1a: Janitor|20\/100 tox|[from] psn\n|upkeep\n|turn|29\n|-message|tagadatchointchoin forfeited.\n|\n|win|Phrensoph\n|raw|Phrensoph's rating: 1093 &rarr; <strong>1117<\/strong><br \/>(+24 for winning)\n|raw|tagadatchointchoin's rating: 1061 &rarr; <strong>1044<\/strong><br \/>(-17 for losing)\n|l|\u2606tagadatchointchoin\n","uploadtime":1700580924,"views":2,"p1id":"phrensoph","p2id":"tagadatchointchoin","formatid":"gen9ou","rating":1044,"private":0,"password":""}