{"id":"gen9ou-1997462587","p1":"sjalt","p2":"Crowvus","format":"[Gen 9] OU","log":"|j|\u2606sjalt\n|j|\u2606Crowvus\n|t:|1700809605\n|gametype|singles\n|player|p1|sjalt|theroyal|1344\n|player|p2|Crowvus|gambler|1385\n|teamsize|p1|6\n|teamsize|p2|6\n|gen|9\n|tier|[Gen 9] OU\n|rated|\n|rule|Sleep Clause Mod: Limit one foe put to sleep\n|rule|Species Clause: Limit one of each Pok\u00e9mon\n|rule|OHKO Clause: OHKO moves are banned\n|rule|Evasion Items Clause: Evasion items are banned\n|rule|Evasion Moves Clause: Evasion moves are banned\n|rule|Endless Battle Clause: Forcing endless battles is banned\n|rule|HP Percentage Mod: HP is shown in percentages\n|clearpoke\n|poke|p1|Torkoal, F|\n|poke|p1|Walking Wake|\n|poke|p1|Great Tusk|\n|poke|p1|Cinderace, M|\n|poke|p1|Zamazenta-*|\n|poke|p1|Zapdos|\n|poke|p2|Heatran, F|\n|poke|p2|Rillaboom, M|\n|poke|p2|Dragapult, F|\n|poke|p2|Iron Valiant|\n|poke|p2|Hawlucha, M|\n|poke|p2|Ogerpon-Wellspring, F|\n|teampreview\n|\n|t:|1700809632\n|start\n|switch|p1a: Dame|Zapdos|100\/100\n|switch|p2a: Heatran|Heatran, F|100\/100\n|turn|1\n|\n|t:|1700809642\n|move|p1a: Dame|Volt Switch|p2a: Heatran\n|-damage|p2a: Heatran|74\/100\n|\n|t:|1700809655\n|switch|p1a: Lebron|Great Tusk|100\/100|[from] Volt Switch\n|move|p2a: Heatran|Magma Storm|p1a: Lebron\n|-damage|p1a: Lebron|51\/100\n|-activate|p1a: Lebron|move: Magma Storm|[of] p2a: Heatran\n|\n|-heal|p2a: Heatran|80\/100|[from] item: Leftovers\n|-damage|p1a: Lebron|39\/100|[from] move: Magma Storm|[partiallytrapped]\n|upkeep\n|turn|2\n|inactive|Battle timer is ON: inactive players will automatically lose when time's up. (requested by Crowvus)\n|\n|t:|1700809701\n|move|p2a: Heatran|Protect|p2a: Heatran\n|-singleturn|p2a: Heatran|Protect\n|move|p1a: Lebron|Close Combat|p2a: Heatran\n|-activate|p2a: Heatran|move: Protect\n|\n|-heal|p2a: Heatran|87\/100|[from] item: Leftovers\n|-damage|p1a: Lebron|26\/100|[from] move: Magma Storm|[partiallytrapped]\n|upkeep\n|turn|3\n|\n|t:|1700809710\n|switch|p2a: Hawlucha|Hawlucha, M|100\/100\n|-ability|p2a: Hawlucha|Mold Breaker\n|move|p1a: Lebron|Headlong Rush|p2a: Hawlucha\n|-immune|p2a: Hawlucha\n|\n|-end|p1a: Lebron|Magma Storm|[partiallytrapped]|[silent]\n|upkeep\n|turn|4\n|\n|t:|1700809736\n|-end|p1a: Lebron|Protosynthesis|[silent]\n|switch|p1a: Dame|Zapdos|100\/100\n|move|p2a: Hawlucha|U-turn|p1a: Dame\n|-resisted|p1a: Dame\n|-damage|p1a: Dame|90\/100\n|-status|p2a: Hawlucha|par|[from] ability: Static|[of] p1a: Dame\n|\n|t:|1700809740\n|switch|p2a: Heatran|Heatran, F|87\/100|[from] U-turn\n|\n|-heal|p2a: Heatran|93\/100|[from] item: Leftovers\n|upkeep\n|turn|5\n|\n|t:|1700809747\n|move|p1a: Dame|Volt Switch|p2a: Heatran\n|-damage|p2a: Heatran|68\/100\n|\n|t:|1700809754\n|switch|p1a: Jokic|Torkoal, F|100\/100|[from] Volt Switch\n|-weather|SunnyDay|[from] ability: Drought|[of] p1a: Jokic\n|move|p2a: Heatran|Magma Storm|p1a: Jokic|[miss]\n|-miss|p2a: Heatran|p1a: Jokic\n|\n|-weather|SunnyDay|[upkeep]\n|-heal|p2a: Heatran|75\/100|[from] item: Leftovers\n|upkeep\n|turn|6\n|inactive|sjalt has 120 seconds left.\n|\n|t:|1700809803\n|move|p2a: Heatran|Magma Storm|p1a: Jokic\n|-resisted|p1a: Jokic\n|-damage|p1a: Jokic|49\/100\n|-activate|p1a: Jokic|move: Magma Storm|[of] p2a: Heatran\n|move|p1a: Jokic|Stealth Rock|p2a: Heatran\n|-sidestart|p2: Crowvus|move: Stealth Rock\n|\n|-weather|SunnyDay|[upkeep]\n|-heal|p2a: Heatran|81\/100|[from] item: Leftovers\n|-damage|p1a: Jokic|37\/100|[from] move: Magma Storm|[partiallytrapped]\n|upkeep\n|turn|7\n|\n|t:|1700809811\n|move|p2a: Heatran|Protect|p2a: Heatran\n|-singleturn|p2a: Heatran|Protect\n|move|p1a: Jokic|Yawn|p2a: Heatran\n|-activate|p2a: Heatran|move: Protect\n|\n|-weather|SunnyDay|[upkeep]\n|-heal|p2a: Heatran|87\/100|[from] item: Leftovers\n|-damage|p1a: Jokic|25\/100|[from] move: Magma Storm|[partiallytrapped]\n|upkeep\n|turn|8\n|\n|t:|1700809819\n|move|p2a: Heatran|Earth Power|p1a: Jokic\n|-supereffective|p1a: Jokic\n|-damage|p1a: Jokic|0 fnt\n|faint|p1a: Jokic\n|\n|-weather|SunnyDay|[upkeep]\n|-heal|p2a: Heatran|93\/100|[from] item: Leftovers\n|upkeep\n|inactive|sjalt has 90 seconds left.\n|\n|t:|1700809854\n|switch|p1a: Giannis|Walking Wake|100\/100\n|-activate|p1a: Giannis|ability: Protosynthesis\n|-start|p1a: Giannis|protosynthesisspe\n|turn|9\n|\n|t:|1700809861\n|-terastallize|p1a: Giannis|Water\n|move|p2a: Heatran|Protect|p2a: Heatran\n|-singleturn|p2a: Heatran|Protect\n|move|p1a: Giannis|Hydro Steam|p2a: Heatran\n|-activate|p2a: Heatran|move: Protect\n|\n|-weather|SunnyDay|[upkeep]\n|-heal|p2a: Heatran|99\/100|[from] item: Leftovers\n|upkeep\n|turn|10\n|\n|t:|1700809869\n|switch|p2a: Ogerpon|Ogerpon-Wellspring, F|100\/100\n|-damage|p2a: Ogerpon|88\/100|[from] Stealth Rock\n|move|p1a: Giannis|Hydro Steam|p2a: Ogerpon\n|-heal|p2a: Ogerpon|100\/100|[from] ability: Water Absorb|[of] p1a: Giannis\n|\n|-weather|SunnyDay|[upkeep]\n|upkeep\n|turn|11\n|\n|t:|1700809883\n|-end|p1a: Giannis|Protosynthesis|[silent]\n|switch|p1a: Booker|Cinderace, M|100\/100\n|move|p2a: Ogerpon|U-turn|p1a: Booker\n|-resisted|p1a: Booker\n|-damage|p1a: Booker|82\/100\n|\n|t:|1700809887\n|switch|p2a: Hawlucha|Hawlucha, M|100\/100 par|[from] U-turn\n|-damage|p2a: Hawlucha|88\/100 par|[from] Stealth Rock\n|-ability|p2a: Hawlucha|Mold Breaker\n|\n|-weather|SunnyDay|[upkeep]\n|upkeep\n|turn|12\n|\n|t:|1700809896\n|move|p1a: Booker|U-turn|p2a: Hawlucha\n|-start|p1a: Booker|typechange|Bug|[from] ability: Libero\n|-resisted|p2a: Hawlucha\n|-damage|p2a: Hawlucha|76\/100 par\n|\n|t:|1700809902\n|switch|p1a: Dame|Zapdos|90\/100|[from] U-turn\n|move|p2a: Hawlucha|Defog|p1a: Dame\n|-unboost|p1a: Dame|evasion|1\n|-sideend|p2: Crowvus|Stealth Rock|[from] move: Defog|[of] p2a: Hawlucha\n|\n|-weather|none\n|upkeep\n|turn|13\n|c|\u2606Crowvus|aint no way you have book on a team theme around current nba greats\n|c|\u2606sjalt|books the goat\n|c|\u2606Crowvus|hell no\n|inactive|sjalt has 90 seconds left.\n|inactive|Crowvus has 120 seconds left.\n|\n|t:|1700809954\n|move|p1a: Dame|Thunderbolt|p2a: Hawlucha\n|-supereffective|p2a: Hawlucha\n|-damage|p2a: Hawlucha|0 fnt\n|faint|p2a: Hawlucha\n|\n|upkeep\n|inactive|Crowvus has 120 seconds left.\n|\n|t:|1700809960\n|switch|p2a: Heatran|Heatran, F|99\/100\n|turn|14\n|c|\u2606sjalt|i shouldve done kd\n|c|\u2606sjalt|but\n|c|\u2606sjalt|book the goat\n|inactive|sjalt has 60 seconds left.\n|c|\u2606Crowvus|where is curry?\n|c|\u2606sjalt|ion fw the warriors\n|\n|t:|1700810002\n|move|p1a: Dame|Volt Switch|p2a: Heatran\n|-damage|p2a: Heatran|74\/100\n|inactive|sjalt has 30 seconds left.\n|c|\u2606Crowvus|bro what about luka\n|inactive|sjalt has 20 seconds left.\n|\n|t:|1700810036\n|switch|p1a: Giannis|Walking Wake, tera:Water|100\/100|[from] Volt Switch\n|move|p2a: Heatran|Magma Storm|p1a: Giannis|[miss]\n|-miss|p2a: Heatran|p1a: Giannis\n|\n|-heal|p2a: Heatran|80\/100|[from] item: Leftovers\n|upkeep\n|turn|15\n|inactive|sjalt has 30 seconds left this turn.\n|c|\u2606Crowvus|aint no way you got dame and bok over luka\n|inactive|sjalt has 20 seconds left.\n|inactive|sjalt has 15 seconds left.\n|\n|t:|1700810055\n|move|p2a: Heatran|Protect|p2a: Heatran\n|-singleturn|p2a: Heatran|Protect\n|move|p1a: Giannis|Flamethrower|p2a: Heatran\n|-activate|p2a: Heatran|move: Protect\n|\n|-heal|p2a: Heatran|86\/100|[from] item: Leftovers\n|upkeep\n|turn|16\n|inactive|sjalt has 25 seconds left this turn.\n|inactive|sjalt has 20 seconds left.\n|\n|t:|1700810063\n|-end|p1a: Giannis|Protosynthesis|[silent]\n|switch|p1a: Booker|Cinderace, M|82\/100\n|move|p2a: Heatran|Magma Storm|p1a: Booker\n|-resisted|p1a: Booker\n|-damage|p1a: Booker|46\/100\n|-activate|p1a: Booker|move: Magma Storm|[of] p2a: Heatran\n|\n|-heal|p2a: Heatran|92\/100|[from] item: Leftovers\n|-damage|p1a: Booker|34\/100|[from] move: Magma Storm|[partiallytrapped]\n|upkeep\n|turn|17\n|inactive|sjalt has 30 seconds left this turn.\n|c|\u2606sjalt|oops'\n|\n|t:|1700810071\n|move|p2a: Heatran|Protect|p2a: Heatran\n|-singleturn|p2a: Heatran|Protect\n|move|p1a: Booker|U-turn|p2a: Heatran\n|-start|p1a: Booker|typechange|Bug|[from] ability: Libero\n|-activate|p2a: Heatran|move: Protect\n|\n|-heal|p2a: Heatran|98\/100|[from] item: Leftovers\n|-damage|p1a: Booker|22\/100|[from] move: Magma Storm|[partiallytrapped]\n|upkeep\n|turn|18\n|\n|t:|1700810077\n|move|p1a: Booker|U-turn|p2a: Heatran\n|-resisted|p2a: Heatran\n|-damage|p2a: Heatran|92\/100\n|\n|t:|1700810086\n|switch|p1a: Sabonis|Zamazenta|100\/100|[from] U-turn\n|-ability|p1a: Sabonis|Dauntless Shield|boost\n|-boost|p1a: Sabonis|def|1\n|move|p2a: Heatran|Magma Storm|p1a: Sabonis\n|-damage|p1a: Sabonis|54\/100\n|-activate|p1a: Sabonis|move: Magma Storm|[of] p2a: Heatran\n|\n|-heal|p2a: Heatran|98\/100|[from] item: Leftovers\n|-damage|p1a: Sabonis|42\/100|[from] move: Magma Storm|[partiallytrapped]\n|upkeep\n|turn|19\n|c|\u2606Crowvus|SABONIS\n|inactive|sjalt has 30 seconds left.\n|c|\u2606sjalt|LOL\n|c|\u2606Crowvus|my brother what\n|\n|t:|1700810110\n|move|p2a: Heatran|Protect|p2a: Heatran\n|-singleturn|p2a: Heatran|Protect\n|move|p1a: Sabonis|Crunch|p2a: Heatran\n|-activate|p2a: Heatran|move: Protect\n|\n|-heal|p2a: Heatran|100\/100|[from] item: Leftovers\n|-damage|p1a: Sabonis|29\/100|[from] move: Magma Storm|[partiallytrapped]\n|upkeep\n|turn|20\n|\n|t:|1700810117\n|move|p1a: Sabonis|Crunch|p2a: Heatran\n|-damage|p2a: Heatran|69\/100\n|move|p2a: Heatran|Flash Cannon|p1a: Sabonis\n|-damage|p1a: Sabonis|0 fnt\n|faint|p1a: Sabonis\n|\n|-heal|p2a: Heatran|75\/100|[from] item: Leftovers\n|upkeep\n|inactive|sjalt has 30 seconds left.\n|c|\u2606sjalt|ill change 1 name\n|c|\u2606sjalt|cuz u beat me\n|c|\u2606sjalt|not book tho\n|inactive|sjalt has 20 seconds left.\n|c|\u2606Crowvus|half of ypur team is named after bums\n|\n|t:|1700810138\n|switch|p1a: Dame|Zapdos|90\/100\n|turn|21\n|inactive|sjalt has 30 seconds left this turn.\n|\n|t:|1700810147\n|move|p1a: Dame|Thunderbolt|p2a: Heatran\n|-damage|p2a: Heatran|42\/100\n|move|p2a: Heatran|Magma Storm|p1a: Dame|[miss]\n|-miss|p2a: Heatran|p1a: Dame\n|\n|-heal|p2a: Heatran|48\/100|[from] item: Leftovers\n|upkeep\n|turn|22\n|c|\u2606Crowvus|i would do book to luka\n|inactive|sjalt has 30 seconds left.\n|c|\u2606Crowvus|but if thats off the table\n|\n|t:|1700810158\n|move|p1a: Dame|Thunderbolt|p2a: Heatran\n|-crit|p2a: Heatran\n|-damage|p2a: Heatran|0 fnt\n|faint|p2a: Heatran\n|\n|upkeep\n|inactive|sjalt has 30 seconds left this turn.\n|\n|t:|1700810166\n|switch|p2a: Dragapult|Dragapult, F|100\/100\n|turn|23\n|\n|t:|1700810172\n|move|p2a: Dragapult|Dragon Dance|p2a: Dragapult\n|-boost|p2a: Dragapult|atk|1\n|-boost|p2a: Dragapult|spe|1\n|move|p1a: Dame|Volt Switch|p2a: Dragapult\n|-resisted|p2a: Dragapult\n|-damage|p2a: Dragapult|75\/100\n|\n|t:|1700810181\n|switch|p1a: Booker|Cinderace, M|22\/100|[from] Volt Switch\n|\n|upkeep\n|turn|24\n|\n|t:|1700810185\n|move|p1a: Booker|Sucker Punch|p2a: Dragapult\n|-start|p1a: Booker|typechange|Dark|[from] ability: Libero\n|-supereffective|p2a: Dragapult\n|-damage|p2a: Dragapult|0 fnt\n|faint|p2a: Dragapult\n|\n|upkeep\n|c|\u2606sjalt|DBOOK\n|c|\u2606sjalt|FOR THREE\n|\n|t:|1700810198\n|switch|p2a: Rillaboom|Rillaboom, M|100\/100\n|-fieldstart|move: Grassy Terrain|[from] ability: Grassy Surge|[of] p2a: Rillaboom\n|turn|25\n|c|\u2606sjalt|bang\n|\n|t:|1700810207\n|move|p2a: Rillaboom|Grassy Glide|p1a: Booker\n|-damage|p1a: Booker|0 fnt\n|faint|p1a: Booker\n|\n|upkeep\n|c|\u2606Crowvus|bruv\n|\n|t:|1700810219\n|switch|p1a: Dame|Zapdos|90\/100\n|turn|26\n|\n|t:|1700810224\n|switch|p2a: Ogerpon|Ogerpon-Wellspring, F|100\/100\n|move|p1a: Dame|Heat Wave|p2a: Ogerpon\n|-damage|p2a: Ogerpon|61\/100\n|\n|-heal|p2a: Ogerpon|67\/100|[from] Grassy Terrain\n|upkeep\n|turn|27\n|inactive|sjalt has 60 seconds left.\n|\n|t:|1700810235\n|move|p2a: Ogerpon|Ivy Cudgel|p1a: Dame|[anim] Ivy Cudgel Water\n|-damage|p1a: Dame|23\/100\n|move|p1a: Dame|Thunderbolt|p2a: Ogerpon\n|-damage|p2a: Ogerpon|16\/100\n|\n|-heal|p2a: Ogerpon|22\/100|[from] Grassy Terrain\n|upkeep\n|turn|28\n|inactive|sjalt has 60 seconds left.\n|\n|t:|1700810255\n|switch|p1a: Giannis|Walking Wake, tera:Water|100\/100\n|move|p2a: Ogerpon|Ivy Cudgel|p1a: Giannis|[anim] Ivy Cudgel Water\n|-resisted|p1a: Giannis\n|-damage|p1a: Giannis|68\/100\n|\n|-heal|p2a: Ogerpon|28\/100|[from] Grassy Terrain\n|-heal|p1a: Giannis|74\/100|[from] Grassy Terrain\n|upkeep\n|turn|29\n|inactive|sjalt has 60 seconds left.\n|\n|t:|1700810270\n|move|p2a: Ogerpon|Horn Leech|p1a: Giannis\n|-supereffective|p1a: Giannis\n|-damage|p1a: Giannis|0 fnt\n|-heal|p2a: Ogerpon|70\/100|[from] drain|[of] p1a: Giannis\n|faint|p1a: Giannis\n|-end|p1a: Giannis|Protosynthesis|[silent]\n|\n|-heal|p2a: Ogerpon|76\/100|[from] Grassy Terrain\n|-fieldend|move: Grassy Terrain\n|upkeep\n|c|\u2606Crowvus|do you fuck with Joel Embiid\n|c|\u2606sjalt|no\n|c|\u2606Crowvus|same\n|c|\u2606sjalt|that black ahh\n|\n|t:|1700810285\n|switch|p1a: Dame|Zapdos|23\/100\n|turn|30\n|c|\u2606Crowvus|mickey mouse mvp\n|\n|t:|1700810291\n|move|p2a: Ogerpon|Ivy Cudgel|p1a: Dame|[anim] Ivy Cudgel Water\n|-damage|p1a: Dame|0 fnt\n|faint|p1a: Dame\n|\n|upkeep\n|c|\u2606sjalt|word\n|c|\u2606sjalt|can u ff\n|\n|t:|1700810296\n|switch|p1a: Lebron|Great Tusk|26\/100\n|turn|31\n|c|\u2606sjalt|gg\n|inactive|sjalt has 60 seconds left.\n|c|\u2606Crowvus|change sabonis to AD\n|c|\u2606sjalt|sure\n|\n|t:|1700810327\n|move|p2a: Ogerpon|Ivy Cudgel|p1a: Lebron|[anim] Ivy Cudgel Water\n|-supereffective|p1a: Lebron\n|-damage|p1a: Lebron|0 fnt\n|faint|p1a: Lebron\n|-end|p1a: Lebron|Protosynthesis|[silent]\n|\n|win|Crowvus\n|raw|sjalt's rating: 1344 &rarr; <strong>1326<\/strong><br \/>(-18 for losing)\n|raw|Crowvus's rating: 1385 &rarr; <strong>1403<\/strong><br \/>(+18 for winning)\n","uploadtime":1700810274,"views":2,"p1id":"sjalt","p2id":"crowvus","formatid":"gen9ou","rating":1326,"private":0,"password":""}