{"id":"gen9ou-1992141044","p1":"finnlegend","p2":"Damien Leruss","format":"[Gen 9] OU","log":"|j|\u2606finnlegend\n|j|\u2606Damien Leruss\n|t:|1700158434\n|gametype|singles\n|player|p1|finnlegend|interviewers|1234\n|player|p2|Damien Leruss|shauntal|1222\n|teamsize|p1|6\n|teamsize|p2|6\n|gen|9\n|tier|[Gen 9] OU\n|rated|\n|rule|Sleep Clause Mod: Limit one foe put to sleep\n|rule|Species Clause: Limit one of each Pok\u00e9mon\n|rule|OHKO Clause: OHKO moves are banned\n|rule|Evasion Items Clause: Evasion items are banned\n|rule|Evasion Moves Clause: Evasion moves are banned\n|rule|Endless Battle Clause: Forcing endless battles is banned\n|rule|HP Percentage Mod: HP is shown in percentages\n|clearpoke\n|poke|p1|Gholdengo|\n|poke|p1|Great Tusk|\n|poke|p1|Samurott-Hisui, M|\n|poke|p1|Cinderace, F|\n|poke|p1|Zamazenta-*|\n|poke|p1|Hatterene, F|\n|poke|p2|Dragapult, F|\n|poke|p2|Bellibolt, M|\n|poke|p2|Toxicroak, F|\n|poke|p2|Dunsparce, F|\n|poke|p2|Klefki, M|\n|poke|p2|Arboliva, F|\n|teampreview\n|inactive|Battle timer is ON: inactive players will automatically lose when time's up. (requested by finnlegend)\n|\n|t:|1700158437\n|start\n|switch|p1a: Samurott|Samurott-Hisui, M, shiny|100\/100\n|switch|p2a: Dunsparce|Dunsparce, F|100\/100\n|turn|1\n|\n|t:|1700158443\n|move|p1a: Samurott|Ceaseless Edge|p2a: Dunsparce\n|-damage|p2a: Dunsparce|65\/100\n|-sidestart|p2: Damien Leruss|Spikes\n|move|p2a: Dunsparce|Body Slam|p1a: Samurott\n|-damage|p1a: Samurott|72\/100\n|-status|p1a: Samurott|par\n|\n|upkeep\n|turn|2\n|\n|t:|1700158452\n|cant|p1a: Samurott|par\n|move|p2a: Dunsparce|Coil|p2a: Dunsparce\n|-boost|p2a: Dunsparce|atk|1\n|-boost|p2a: Dunsparce|def|1\n|-boost|p2a: Dunsparce|accuracy|1\n|\n|upkeep\n|turn|3\n|\n|t:|1700158458\n|move|p1a: Samurott|Ceaseless Edge|p2a: Dunsparce\n|-damage|p2a: Dunsparce|42\/100\n|-sidestart|p2: Damien Leruss|Spikes\n|move|p2a: Dunsparce|Coil|p2a: Dunsparce\n|-boost|p2a: Dunsparce|atk|1\n|-boost|p2a: Dunsparce|def|1\n|-boost|p2a: Dunsparce|accuracy|1\n|\n|upkeep\n|turn|4\n|\n|t:|1700158466\n|move|p1a: Samurott|Razor Shell|p2a: Dunsparce\n|-damage|p2a: Dunsparce|21\/100\n|move|p2a: Dunsparce|Roost|p2a: Dunsparce\n|-heal|p2a: Dunsparce|71\/100\n|-singleturn|p2a: Dunsparce|move: Roost\n|\n|upkeep\n|turn|5\n|\n|t:|1700158475\n|move|p1a: Samurott|Razor Shell|p2a: Dunsparce\n|-damage|p2a: Dunsparce|52\/100\n|move|p2a: Dunsparce|Roost|p2a: Dunsparce\n|-heal|p2a: Dunsparce|100\/100\n|-singleturn|p2a: Dunsparce|move: Roost\n|\n|upkeep\n|turn|6\n|\n|t:|1700158485\n|move|p1a: Samurott|Ceaseless Edge|p2a: Dunsparce\n|-damage|p2a: Dunsparce|83\/100\n|-sidestart|p2: Damien Leruss|Spikes\n|move|p2a: Dunsparce|Coil|p2a: Dunsparce\n|-boost|p2a: Dunsparce|atk|1\n|-boost|p2a: Dunsparce|def|1\n|-boost|p2a: Dunsparce|accuracy|1\n|\n|upkeep\n|turn|7\n|\n|t:|1700158493\n|switch|p1a: Zamazenta|Zamazenta|100\/100\n|-ability|p1a: Zamazenta|Dauntless Shield|boost\n|-boost|p1a: Zamazenta|def|1\n|move|p2a: Dunsparce|Body Slam|p1a: Zamazenta\n|-damage|p1a: Zamazenta|75\/100\n|-status|p1a: Zamazenta|par\n|\n|-heal|p1a: Zamazenta|81\/100 par|[from] item: Leftovers\n|upkeep\n|turn|8\n|\n|t:|1700158503\n|move|p1a: Zamazenta|Body Press|p2a: Dunsparce\n|-supereffective|p2a: Dunsparce\n|-damage|p2a: Dunsparce|53\/100\n|move|p2a: Dunsparce|Body Slam|p1a: Zamazenta\n|-damage|p1a: Zamazenta|55\/100 par\n|\n|-heal|p1a: Zamazenta|62\/100 par|[from] item: Leftovers\n|upkeep\n|turn|9\n|\n|t:|1700158511\n|move|p1a: Zamazenta|Body Press|p2a: Dunsparce\n|-supereffective|p2a: Dunsparce\n|-damage|p2a: Dunsparce|25\/100\n|move|p2a: Dunsparce|Roost|p2a: Dunsparce\n|-heal|p2a: Dunsparce|75\/100\n|-singleturn|p2a: Dunsparce|move: Roost\n|\n|-heal|p1a: Zamazenta|68\/100 par|[from] item: Leftovers\n|upkeep\n|turn|10\n|\n|t:|1700158520\n|-terastallize|p1a: Zamazenta|Steel\n|move|p1a: Zamazenta|Iron Defense|p1a: Zamazenta\n|-boost|p1a: Zamazenta|def|2\n|move|p2a: Dunsparce|Coil|p2a: Dunsparce\n|-boost|p2a: Dunsparce|atk|1\n|-boost|p2a: Dunsparce|def|1\n|-boost|p2a: Dunsparce|accuracy|1\n|\n|-heal|p1a: Zamazenta|74\/100 par|[from] item: Leftovers\n|upkeep\n|turn|11\n|\n|t:|1700158529\n|cant|p1a: Zamazenta|par\n|move|p2a: Dunsparce|Drill Run|p1a: Zamazenta\n|-supereffective|p1a: Zamazenta\n|-damage|p1a: Zamazenta|49\/100 par\n|\n|-heal|p1a: Zamazenta|55\/100 par|[from] item: Leftovers\n|upkeep\n|turn|12\n|\n|t:|1700158538\n|-terastallize|p2a: Dunsparce|Ghost\n|move|p1a: Zamazenta|Body Press|p2a: Dunsparce\n|-immune|p2a: Dunsparce\n|move|p2a: Dunsparce|Drill Run|p1a: Zamazenta\n|-supereffective|p1a: Zamazenta\n|-damage|p1a: Zamazenta|29\/100 par\n|\n|-heal|p1a: Zamazenta|35\/100 par|[from] item: Leftovers\n|upkeep\n|turn|13\n|\n|t:|1700158547\n|move|p1a: Zamazenta|Heavy Slam|p2a: Dunsparce\n|-damage|p2a: Dunsparce|63\/100\n|move|p2a: Dunsparce|Coil|p2a: Dunsparce\n|-boost|p2a: Dunsparce|atk|1\n|-boost|p2a: Dunsparce|def|1\n|-boost|p2a: Dunsparce|accuracy|1\n|\n|-heal|p1a: Zamazenta|41\/100 par|[from] item: Leftovers\n|upkeep\n|turn|14\n|\n|t:|1700158556\n|move|p1a: Zamazenta|Heavy Slam|p2a: Dunsparce\n|-damage|p2a: Dunsparce|51\/100\n|move|p2a: Dunsparce|Drill Run|p1a: Zamazenta\n|-supereffective|p1a: Zamazenta\n|-damage|p1a: Zamazenta|11\/100 par\n|\n|-heal|p1a: Zamazenta|17\/100 par|[from] item: Leftovers\n|upkeep\n|turn|15\n|\n|t:|1700158564\n|move|p1a: Zamazenta|Heavy Slam|p2a: Dunsparce\n|-damage|p2a: Dunsparce|41\/100\n|move|p2a: Dunsparce|Roost|p2a: Dunsparce\n|-heal|p2a: Dunsparce|91\/100\n|\n|-heal|p1a: Zamazenta|23\/100 par|[from] item: Leftovers\n|upkeep\n|turn|16\n|\n|t:|1700158572\n|cant|p1a: Zamazenta|par\n|move|p2a: Dunsparce|Coil|p2a: Dunsparce\n|-boost|p2a: Dunsparce|atk|1\n|-boost|p2a: Dunsparce|def|1\n|-boost|p2a: Dunsparce|accuracy|1\n|\n|-heal|p1a: Zamazenta|30\/100 par|[from] item: Leftovers\n|upkeep\n|turn|17\n|\n|t:|1700158581\n|move|p1a: Zamazenta|Heavy Slam|p2a: Dunsparce\n|-damage|p2a: Dunsparce|81\/100\n|move|p2a: Dunsparce|Roost|p2a: Dunsparce\n|-heal|p2a: Dunsparce|100\/100\n|\n|-heal|p1a: Zamazenta|36\/100 par|[from] item: Leftovers\n|upkeep\n|turn|18\n|-message|finnlegend forfeited.\n|\n|win|Damien Leruss\n|raw|finnlegend's rating: 1234 &rarr; <strong>1208<\/strong><br \/>(-26 for losing)\n|raw|Damien Leruss's rating: 1222 &rarr; <strong>1248<\/strong><br \/>(+26 for winning)\n|l|\u2606finnlegend\n","uploadtime":1700158590,"views":9,"p1id":"finnlegend","p2id":"damienleruss","formatid":"gen9ou","rating":1208,"private":0,"password":""}