{"id":"gen9ou-1999503844","p1":"Diatere","p2":"Euzebio","format":"[Gen 9] OU","log":"|j|\u2606Diatere\n|j|\u2606Euzebio\n|t:|1701089974\n|gametype|singles\n|player|p1|Diatere|mina|1450\n|player|p2|Euzebio|swimmer-gen4dp|1400\n|teamsize|p1|6\n|teamsize|p2|6\n|gen|9\n|tier|[Gen 9] OU\n|rated|\n|rule|Sleep Clause Mod: Limit one foe put to sleep\n|rule|Species Clause: Limit one of each Pok\u00e9mon\n|rule|OHKO Clause: OHKO moves are banned\n|rule|Evasion Items Clause: Evasion items are banned\n|rule|Evasion Moves Clause: Evasion moves are banned\n|rule|Endless Battle Clause: Forcing endless battles is banned\n|rule|HP Percentage Mod: HP is shown in percentages\n|clearpoke\n|poke|p1|Ninetales-Alola, M|\n|poke|p1|Hatterene, F|\n|poke|p1|Manaphy|\n|poke|p1|Ogerpon-Cornerstone, F|\n|poke|p1|Rillaboom, M|\n|poke|p1|Iron Valiant|\n|poke|p2|Kingambit, M|\n|poke|p2|Great Tusk|\n|poke|p2|Dragapult, M|\n|poke|p2|Ogerpon-Wellspring, F|\n|poke|p2|Blissey, F|\n|poke|p2|Zapdos|\n|teampreview\n|\n|t:|1701089993\n|start\n|switch|p1a: Tavros|Ninetales-Alola, M|100\/100\n|switch|p2a: Kikou|Kingambit, M|100\/100\n|-weather|Snow|[from] ability: Snow Warning|[of] p1a: Tavros\n|turn|1\n|inactive|Battle timer is ON: inactive players will automatically lose when time's up. (requested by Euzebio)\n|\n|t:|1701090004\n|move|p1a: Tavros|Aurora Veil|p1a: Tavros\n|-sidestart|p1: Diatere|move: Aurora Veil\n|move|p2a: Kikou|Iron Head|p1a: Tavros\n|-supereffective|p1a: Tavros\n|-damage|p1a: Tavros|20\/100\n|\n|-weather|Snow|[upkeep]\n|upkeep\n|turn|2\n|\n|t:|1701090012\n|switch|p1a: Gamzee|Rillaboom, M|100\/100\n|-fieldstart|move: Grassy Terrain|[from] ability: Grassy Surge|[of] p1a: Gamzee\n|move|p2a: Kikou|Iron Head|p1a: Gamzee\n|-damage|p1a: Gamzee|76\/100\n|\n|-weather|Snow|[upkeep]\n|-heal|p1a: Gamzee|82\/100|[from] Grassy Terrain\n|upkeep\n|turn|3\n|\n|t:|1701090027\n|-end|p2a: Kikou|fallenundefined|[silent]\n|switch|p2a: Zoulou|Zapdos|100\/100\n|move|p1a: Gamzee|U-turn|p2a: Zoulou\n|-resisted|p2a: Zoulou\n|-damage|p2a: Zoulou|86\/100\n|\n|t:|1701090047\n|switch|p1a: Kanaya|Hatterene, F|100\/100|[from] U-turn\n|-enditem|p1a: Kanaya|Grassy Seed\n|-boost|p1a: Kanaya|def|1|[from] item: Grassy Seed\n|\n|-weather|Snow|[upkeep]\n|upkeep\n|turn|4\n|\n|t:|1701090063\n|move|p2a: Zoulou|Volt Switch|p1a: Kanaya\n|-damage|p1a: Kanaya|84\/100\n|\n|t:|1701090081\n|switch|p2a: UwU|Ogerpon-Wellspring, F|100\/100|[from] Volt Switch\n|move|p1a: Kanaya|Calm Mind|p1a: Kanaya\n|-boost|p1a: Kanaya|spa|1\n|-boost|p1a: Kanaya|spd|1\n|\n|-weather|Snow|[upkeep]\n|-heal|p1a: Kanaya|90\/100|[from] Grassy Terrain\n|upkeep\n|turn|5\n|inactive|Euzebio has 120 seconds left.\n|\n|t:|1701090104\n|move|p2a: UwU|Ivy Cudgel|p1a: Kanaya|[anim] Ivy Cudgel Water\n|-damage|p1a: Kanaya|73\/100\n|move|p1a: Kanaya|Draining Kiss|p2a: UwU\n|-damage|p2a: UwU|60\/100\n|-heal|p1a: Kanaya|100\/100|[from] drain|[of] p2a: UwU\n|\n|-weather|none\n|-heal|p2a: UwU|66\/100|[from] Grassy Terrain\n|upkeep\n|turn|6\n|\n|t:|1701090111\n|move|p2a: UwU|Ivy Cudgel|p1a: Kanaya|[anim] Ivy Cudgel Water\n|-damage|p1a: Kanaya|84\/100\n|move|p1a: Kanaya|Draining Kiss|p2a: UwU\n|-damage|p2a: UwU|27\/100\n|-heal|p1a: Kanaya|100\/100|[from] drain|[of] p2a: UwU\n|\n|-heal|p2a: UwU|33\/100|[from] Grassy Terrain\n|-fieldend|move: Grassy Terrain\n|upkeep\n|turn|7\n|\n|t:|1701090126\n|move|p2a: UwU|Ivy Cudgel|p1a: Kanaya|[anim] Ivy Cudgel Water\n|-damage|p1a: Kanaya|83\/100\n|move|p1a: Kanaya|Draining Kiss|p2a: UwU\n|-damage|p2a: UwU|0 fnt\n|-heal|p1a: Kanaya|100\/100|[from] drain|[of] p2a: UwU\n|faint|p2a: UwU\n|\n|upkeep\n|\n|t:|1701090134\n|switch|p2a: Kikou|Kingambit, M|100\/100\n|-activate|p2a: Kikou|ability: Supreme Overlord\n|-start|p2a: Kikou|fallen1|[silent]\n|turn|8\n|\n|t:|1701090141\n|move|p2a: Kikou|Iron Head|p1a: Kanaya\n|-supereffective|p1a: Kanaya\n|-damage|p1a: Kanaya|73\/100\n|move|p1a: Kanaya|Mystical Fire|p2a: Kikou\n|-supereffective|p2a: Kikou\n|-damage|p2a: Kikou|29\/100\n|-unboost|p2a: Kikou|spa|1\n|\n|-heal|p2a: Kikou|35\/100|[from] item: Leftovers\n|-sideend|p1: Diatere|move: Aurora Veil\n|upkeep\n|turn|9\n|\n|t:|1701090148\n|move|p2a: Kikou|Iron Head|p1a: Kanaya\n|-supereffective|p1a: Kanaya\n|-damage|p1a: Kanaya|14\/100\n|move|p1a: Kanaya|Draining Kiss|p2a: Kikou\n|-damage|p2a: Kikou|2\/100\n|-heal|p1a: Kanaya|42\/100|[from] drain|[of] p2a: Kikou\n|\n|-heal|p2a: Kikou|9\/100|[from] item: Leftovers\n|upkeep\n|turn|10\n|\n|t:|1701090158\n|-terastallize|p1a: Kanaya|Water\n|move|p2a: Kikou|Iron Head|p1a: Kanaya\n|-resisted|p1a: Kanaya\n|-damage|p1a: Kanaya|29\/100\n|move|p1a: Kanaya|Draining Kiss|p2a: Kikou\n|-damage|p2a: Kikou|0 fnt\n|-heal|p1a: Kanaya|36\/100|[from] drain|[of] p2a: Kikou\n|faint|p2a: Kikou\n|-end|p2a: Kikou|fallen1|[silent]\n|\n|upkeep\n|\n|t:|1701090170\n|switch|p2a: Didou|Dragapult, M|100\/100\n|turn|11\n|\n|t:|1701090175\n|move|p2a: Didou|Shadow Ball|p1a: Kanaya\n|-damage|p1a: Kanaya|2\/100\n|move|p1a: Kanaya|Draining Kiss|p2a: Didou\n|-supereffective|p2a: Didou\n|-damage|p2a: Didou|7\/100\n|-heal|p1a: Kanaya|72\/100|[from] drain|[of] p2a: Didou\n|\n|upkeep\n|turn|12\n|-message|Euzebio forfeited.\n|\n|win|Diatere\n|raw|Diatere's rating: 1450 &rarr; <strong>1467<\/strong><br \/>(+17 for winning)\n|raw|Euzebio's rating: 1400 &rarr; <strong>1383<\/strong><br \/>(-17 for losing)\n|l|\u2606Euzebio\n","uploadtime":1701090192,"views":33,"p1id":"diatere","p2id":"euzebio","formatid":"gen9ou","rating":1383,"private":0,"password":""}