{"id":"gen9ou-1996688646","p1":"Juanp0093","p2":"blipon","format":"[Gen 9] OU","log":"|j|\u2606Juanp0093\n|j|\u2606blipon\n|t:|1700709950\n|gametype|singles\n|player|p1|Juanp0093|blue|1360\n|player|p2|blipon|1|1493\n|teamsize|p1|6\n|teamsize|p2|6\n|gen|9\n|tier|[Gen 9] OU\n|rated|\n|rule|Sleep Clause Mod: Limit one foe put to sleep\n|rule|Species Clause: Limit one of each Pok\u00e9mon\n|rule|OHKO Clause: OHKO moves are banned\n|rule|Evasion Items Clause: Evasion items are banned\n|rule|Evasion Moves Clause: Evasion moves are banned\n|rule|Endless Battle Clause: Forcing endless battles is banned\n|rule|HP Percentage Mod: HP is shown in percentages\n|clearpoke\n|poke|p1|Samurott-Hisui, F|\n|poke|p1|Ceruledge, F|\n|poke|p1|Thundurus-Therian, M|\n|poke|p1|Amoonguss, M|\n|poke|p1|Great Tusk|\n|poke|p1|Gholdengo|\n|poke|p2|Amoonguss, M|\n|poke|p2|Dondozo, M|\n|poke|p2|Blissey, F|\n|poke|p2|Clefable, F|\n|poke|p2|Moltres|\n|poke|p2|Zamazenta-*|\n|teampreview\n|inactive|Battle timer is ON: inactive players will automatically lose when time's up. (requested by Juanp0093)\n|\n|t:|1700709964\n|start\n|switch|p1a: Samurott|Samurott-Hisui, F, shiny|100\/100\n|switch|p2a: Clefable|Clefable, F|100\/100\n|turn|1\n|\n|t:|1700709970\n|move|p1a: Samurott|Flip Turn|p2a: Clefable\n|-damage|p2a: Clefable|81\/100\n|\n|t:|1700709974\n|switch|p1a: Gholdengo|Gholdengo, shiny|100\/100|[from] Flip Turn\n|move|p2a: Clefable|Moonblast|p1a: Gholdengo\n|-resisted|p1a: Gholdengo\n|-damage|p1a: Gholdengo|86\/100\n|\n|-heal|p1a: Gholdengo|92\/100|[from] item: Leftovers\n|-heal|p2a: Clefable|87\/100|[from] item: Leftovers\n|upkeep\n|turn|2\n|\n|t:|1700709980\n|switch|p2a: Blissey|Blissey, F|100\/100\n|move|p1a: Gholdengo|Make It Rain|p2a: Blissey\n|-damage|p2a: Blissey|83\/100\n|-unboost|p1a: Gholdengo|spa|1\n|\n|-heal|p1a: Gholdengo|98\/100|[from] item: Leftovers\n|upkeep\n|turn|3\n|\n|t:|1700709990\n|switch|p1a: Thundurus|Thundurus-Therian, M|100\/100\n|move|p2a: Blissey|Calm Mind|p2a: Blissey\n|-boost|p2a: Blissey|spa|1\n|-boost|p2a: Blissey|spd|1\n|\n|upkeep\n|turn|4\n|\n|t:|1700709995\n|move|p1a: Thundurus|Knock Off|p2a: Blissey\n|-damage|p2a: Blissey|61\/100\n|-enditem|p2a: Blissey|Heavy-Duty Boots|[from] move: Knock Off|[of] p1a: Thundurus\n|move|p2a: Blissey|Soft-Boiled|p2a: Blissey\n|-heal|p2a: Blissey|100\/100\n|\n|upkeep\n|turn|5\n|\n|t:|1700710003\n|move|p1a: Thundurus|Volt Switch|p2a: Blissey\n|-damage|p2a: Blissey|93\/100\n|\n|t:|1700710008\n|switch|p1a: Great Tusk|Great Tusk, shiny|100\/100|[from] Volt Switch\n|move|p2a: Blissey|Trick|p1a: Great Tusk\n|-activate|p2a: Blissey|move: Trick|[of] p1a: Great Tusk\n|-enditem|p1a: Great Tusk|Leftovers|[silent]|[from] move: Trick\n|-item|p2a: Blissey|Leftovers|[from] move: Trick\n|\n|-heal|p2a: Blissey|99\/100|[from] item: Leftovers\n|upkeep\n|turn|6\n|\n|t:|1700710022\n|switch|p2a: Clefable|Clefable, F|87\/100\n|move|p1a: Great Tusk|Stealth Rock|p2a: Clefable\n|-sidestart|p2: blipon|move: Stealth Rock\n|\n|-heal|p2a: Clefable|93\/100|[from] item: Leftovers\n|upkeep\n|turn|7\n|\n|t:|1700710027\n|-end|p1a: Great Tusk|Protosynthesis|[silent]\n|switch|p1a: Thundurus|Thundurus-Therian, M|100\/100\n|move|p2a: Clefable|Stealth Rock|p1a: Thundurus\n|-sidestart|p1: Juanp0093|move: Stealth Rock\n|\n|-heal|p2a: Clefable|99\/100|[from] item: Leftovers\n|upkeep\n|turn|8\n|\n|t:|1700710049\n|switch|p2a: Blissey|Blissey, F|99\/100\n|-damage|p2a: Blissey|86\/100|[from] Stealth Rock\n|move|p1a: Thundurus|Knock Off|p2a: Blissey\n|-crit|p2a: Blissey\n|-damage|p2a: Blissey|52\/100\n|-enditem|p2a: Blissey|Leftovers|[from] move: Knock Off|[of] p1a: Thundurus\n|\n|upkeep\n|turn|9\n|\n|t:|1700710054\n|move|p1a: Thundurus|Volt Switch|p2a: Blissey\n|-damage|p2a: Blissey|40\/100\n|\n|t:|1700710057\n|switch|p1a: Great Tusk|Great Tusk, shiny|100\/100|[from] Volt Switch\n|-damage|p1a: Great Tusk|97\/100|[from] Stealth Rock\n|move|p2a: Blissey|Soft-Boiled|p2a: Blissey\n|-heal|p2a: Blissey|90\/100\n|\n|upkeep\n|turn|10\n|\n|t:|1700710066\n|switch|p2a: Moltres|Moltres|100\/100\n|move|p1a: Great Tusk|Rapid Spin|p2a: Moltres\n|-damage|p2a: Moltres|86\/100\n|-boost|p1a: Great Tusk|spe|1\n|-sideend|p1: Juanp0093|Stealth Rock|[from] move: Rapid Spin|[of] p1a: Great Tusk\n|\n|upkeep\n|turn|11\n|\n|t:|1700710076\n|-end|p1a: Great Tusk|Protosynthesis|[silent]\n|switch|p1a: Thundurus|Thundurus-Therian, M|100\/100\n|move|p2a: Moltres|U-turn|p1a: Thundurus\n|-resisted|p1a: Thundurus\n|-damage|p1a: Thundurus|90\/100\n|\n|t:|1700710084\n|switch|p2a: Blissey|Blissey, F|90\/100|[from] U-turn\n|-damage|p2a: Blissey|78\/100|[from] Stealth Rock\n|\n|upkeep\n|turn|12\n|\n|t:|1700710089\n|move|p1a: Thundurus|Volt Switch|p2a: Blissey\n|-damage|p2a: Blissey|65\/100\n|\n|t:|1700710093\n|switch|p1a: Great Tusk|Great Tusk, shiny|97\/100|[from] Volt Switch\n|move|p2a: Blissey|Trick||[still]\n|-fail|p2a: Blissey\n|\n|upkeep\n|turn|13\n|\n|t:|1700710107\n|switch|p2a: Clefable|Clefable, F|99\/100\n|move|p1a: Great Tusk|Rapid Spin|p2a: Clefable\n|-damage|p2a: Clefable|89\/100\n|-boost|p1a: Great Tusk|spe|1\n|\n|-heal|p2a: Clefable|95\/100|[from] item: Leftovers\n|upkeep\n|turn|14\n|\n|t:|1700710117\n|-end|p1a: Great Tusk|Protosynthesis|[silent]\n|switch|p1a: Gholdengo|Gholdengo, shiny|98\/100\n|move|p2a: Clefable|Stealth Rock|p1a: Gholdengo\n|-sidestart|p1: Juanp0093|move: Stealth Rock\n|\n|-heal|p1a: Gholdengo|100\/100|[from] item: Leftovers\n|-heal|p2a: Clefable|100\/100|[from] item: Leftovers\n|upkeep\n|turn|15\n|\n|t:|1700710125\n|switch|p2a: Moltres|Moltres|86\/100\n|move|p1a: Gholdengo|Make It Rain|p2a: Moltres\n|-resisted|p2a: Moltres\n|-crit|p2a: Moltres\n|-damage|p2a: Moltres|57\/100\n|-unboost|p1a: Gholdengo|spa|1\n|\n|upkeep\n|turn|16\n|\n|t:|1700710133\n|switch|p1a: Great Tusk|Great Tusk, shiny|97\/100\n|-damage|p1a: Great Tusk|94\/100|[from] Stealth Rock\n|move|p2a: Moltres|Will-O-Wisp|p1a: Great Tusk\n|-status|p1a: Great Tusk|brn\n|\n|-damage|p1a: Great Tusk|88\/100 brn|[from] brn\n|upkeep\n|turn|17\n|\n|t:|1700710141\n|move|p1a: Great Tusk|Rapid Spin|p2a: Moltres\n|-damage|p2a: Moltres|50\/100\n|-boost|p1a: Great Tusk|spe|1\n|-sideend|p1: Juanp0093|Stealth Rock|[from] move: Rapid Spin|[of] p1a: Great Tusk\n|move|p2a: Moltres|Roost|p2a: Moltres\n|-heal|p2a: Moltres|100\/100\n|-singleturn|p2a: Moltres|move: Roost\n|\n|-damage|p1a: Great Tusk|82\/100 brn|[from] brn\n|upkeep\n|turn|18\n|\n|t:|1700710151\n|-end|p1a: Great Tusk|Protosynthesis|[silent]\n|switch|p1a: Thundurus|Thundurus-Therian, M|90\/100\n|move|p2a: Moltres|Will-O-Wisp|p1a: Thundurus\n|-status|p1a: Thundurus|brn\n|\n|-damage|p1a: Thundurus|84\/100 brn|[from] brn\n|upkeep\n|turn|19\n|\n|t:|1700710158\n|move|p1a: Thundurus|Knock Off|p2a: Moltres\n|-damage|p2a: Moltres|90\/100\n|-enditem|p2a: Moltres|Heavy-Duty Boots|[from] move: Knock Off|[of] p1a: Thundurus\n|move|p2a: Moltres|Roost|p2a: Moltres\n|-heal|p2a: Moltres|100\/100\n|-singleturn|p2a: Moltres|move: Roost\n|\n|-damage|p1a: Thundurus|78\/100 brn|[from] brn\n|upkeep\n|turn|20\n|\n|t:|1700710166\n|switch|p2a: Blissey|Blissey, F|65\/100\n|-damage|p2a: Blissey|53\/100|[from] Stealth Rock\n|move|p1a: Thundurus|Volt Switch|p2a: Blissey\n|-damage|p2a: Blissey|41\/100\n|-message|blipon forfeited.\n|\n|win|Juanp0093\n|raw|Juanp0093's rating: 1360 &rarr; <strong>1387<\/strong><br \/>(+27 for winning)\n|raw|blipon's rating: 1493 &rarr; <strong>1466<\/strong><br \/>(-27 for losing)\n|l|\u2606blipon\n|l|\u2606Juanp0093\n|j|\u2606Juanp0093\n|player|p1|Juanp0093|blue\n","uploadtime":1700710377,"views":6,"p1id":"juanp0093","p2id":"blipon","formatid":"gen9ou","rating":1387,"private":0,"password":""}