{"id":"gen9ou-1997593218","p1":"stallsucksomuch","p2":"caimanvert","format":"[Gen 9] OU","log":"|j|\u2606stallsucksomuch\n|j|\u2606caimanvert\n|t:|1700830360\n|gametype|singles\n|player|p1|stallsucksomuch|pokemaniac|1226\n|player|p2|caimanvert|biker-gen4|1147\n|teamsize|p1|6\n|teamsize|p2|6\n|gen|9\n|tier|[Gen 9] OU\n|rated|\n|rule|Sleep Clause Mod: Limit one foe put to sleep\n|rule|Species Clause: Limit one of each Pok\u00e9mon\n|rule|OHKO Clause: OHKO moves are banned\n|rule|Evasion Items Clause: Evasion items are banned\n|rule|Evasion Moves Clause: Evasion moves are banned\n|rule|Endless Battle Clause: Forcing endless battles is banned\n|rule|HP Percentage Mod: HP is shown in percentages\n|clearpoke\n|poke|p1|Kleavor, M|\n|poke|p1|Skeledirge, M|\n|poke|p1|Alomomola, M|\n|poke|p1|Dragapult, M|\n|poke|p1|Dragonite, F|\n|poke|p1|Ting-Lu|\n|poke|p2|Kingambit, F|\n|poke|p2|Ogerpon-Wellspring, F|\n|poke|p2|Clefable, M|\n|poke|p2|Great Tusk|\n|poke|p2|Slowking-Galar, M|\n|poke|p2|Enamorus, F|\n|teampreview\n|inactive|Battle timer is ON: inactive players will automatically lose when time's up. (requested by stallsucksomuch)\n|\n|t:|1700830374\n|start\n|switch|p1a: Kleavor|Kleavor, M|100\/100\n|switch|p2a: Slowking|Slowking-Galar, M|100\/100\n|turn|1\n|\n|t:|1700830388\n|move|p1a: Kleavor|Stone Axe|p2a: Slowking\n|-damage|p2a: Slowking|49\/100\n|-sidestart|p2: caimanvert|move: Stealth Rock\n|move|p2a: Slowking|Flamethrower|p1a: Kleavor\n|-damage|p1a: Kleavor|58\/100\n|\n|upkeep\n|turn|2\n|\n|t:|1700830399\n|switch|p2a: Clefable|Clefable, M|100\/100\n|-damage|p2a: Clefable|88\/100|[from] Stealth Rock\n|move|p1a: Kleavor|Stone Axe|p2a: Clefable\n|-damage|p2a: Clefable|50\/100\n|\n|-heal|p2a: Clefable|56\/100|[from] item: Leftovers\n|upkeep\n|turn|3\n|\n|t:|1700830421\n|switch|p1a: Skeledirge|Skeledirge, M|100\/100\n|move|p2a: Clefable|Wish|p2a: Clefable\n|\n|-heal|p2a: Clefable|62\/100|[from] item: Leftovers\n|upkeep\n|turn|4\n|\n|t:|1700830432\n|move|p2a: Clefable|Protect|p2a: Clefable\n|-singleturn|p2a: Clefable|Protect\n|move|p1a: Skeledirge|Earth Power|p2a: Clefable\n|-activate|p2a: Clefable|move: Protect\n|\n|-heal|p2a: Clefable|100\/100|[from] move: Wish|[wisher] Clefable\n|upkeep\n|turn|5\n|\n|t:|1700830446\n|switch|p2a: Great Tusk|Great Tusk|100\/100\n|-damage|p2a: Great Tusk|98\/100|[from] Stealth Rock\n|move|p1a: Skeledirge|Torch Song|p2a: Great Tusk\n|-damage|p2a: Great Tusk|57\/100\n|-boost|p1a: Skeledirge|spa|1\n|\n|-heal|p2a: Great Tusk|63\/100|[from] item: Leftovers\n|upkeep\n|turn|6\n|\n|t:|1700830461\n|switch|p1a: Dragonite|Dragonite, F|100\/100\n|move|p2a: Great Tusk|Knock Off|p1a: Dragonite\n|-damage|p1a: Dragonite|85\/100\n|-enditem|p1a: Dragonite|Lum Berry|[from] move: Knock Off|[of] p2a: Great Tusk\n|\n|-heal|p2a: Great Tusk|70\/100|[from] item: Leftovers\n|upkeep\n|turn|7\n|\n|t:|1700830475\n|-end|p2a: Great Tusk|Protosynthesis|[silent]\n|switch|p2a: Clefable|Clefable, M|100\/100\n|-damage|p2a: Clefable|88\/100|[from] Stealth Rock\n|move|p1a: Dragonite|Ice Spinner|p2a: Clefable\n|-damage|p2a: Clefable|65\/100\n|\n|-heal|p2a: Clefable|71\/100|[from] item: Leftovers\n|upkeep\n|turn|8\n|\n|t:|1700830486\n|switch|p1a: Skeledirge|Skeledirge, M|100\/100\n|switch|p2a: Great Tusk|Great Tusk|70\/100\n|-damage|p2a: Great Tusk|67\/100|[from] Stealth Rock\n|\n|-heal|p2a: Great Tusk|73\/100|[from] item: Leftovers\n|upkeep\n|turn|9\n|\n|t:|1700830497\n|switch|p1a: Alomomola|Alomomola, M|100\/100\n|move|p2a: Great Tusk|Rapid Spin|p1a: Alomomola\n|-damage|p1a: Alomomola|92\/100\n|-boost|p2a: Great Tusk|spe|1\n|-damage|p2a: Great Tusk|56\/100|[from] item: Rocky Helmet|[of] p1a: Alomomola\n|-sideend|p2: caimanvert|Stealth Rock|[from] move: Rapid Spin|[of] p2a: Great Tusk\n|\n|-heal|p2a: Great Tusk|62\/100|[from] item: Leftovers\n|upkeep\n|turn|10\n|\n|t:|1700830510\n|-end|p2a: Great Tusk|Protosynthesis|[silent]\n|switch|p2a: Slowking|Slowking-Galar, M|82\/100\n|move|p1a: Alomomola|Wish|p1a: Alomomola\n|\n|upkeep\n|turn|11\n|\n|t:|1700830520\n|switch|p1a: Kleavor|Kleavor, M|58\/100\n|move|p2a: Slowking|Future Sight|p1a: Kleavor\n|-start|p2a: Slowking|move: Future Sight\n|\n|-heal|p1a: Kleavor|100\/100|[from] move: Wish|[wisher] Alomomola\n|upkeep\n|turn|12\n|\n|t:|1700830531\n|switch|p2a: Great Tusk|Great Tusk|62\/100\n|move|p1a: Kleavor|Stone Axe|p2a: Great Tusk\n|-resisted|p2a: Great Tusk\n|-damage|p2a: Great Tusk|56\/100\n|-sidestart|p2: caimanvert|move: Stealth Rock\n|\n|-heal|p2a: Great Tusk|63\/100|[from] item: Leftovers\n|upkeep\n|turn|13\n|\n|t:|1700830539\n|switch|p1a: Skeledirge|Skeledirge, M|100\/100\n|move|p2a: Great Tusk|Knock Off|p1a: Skeledirge\n|-supereffective|p1a: Skeledirge\n|-damage|p1a: Skeledirge|55\/100\n|-enditem|p1a: Skeledirge|Leftovers|[from] move: Knock Off|[of] p2a: Great Tusk\n|\n|-end|p1a: Skeledirge|move: Future Sight\n|-damage|p1a: Skeledirge|16\/100\n|-heal|p2a: Great Tusk|69\/100|[from] item: Leftovers\n|upkeep\n|turn|14\n|\n|t:|1700830561\n|switch|p1a: Alomomola|Alomomola, M|100\/100\n|move|p2a: Great Tusk|Earthquake|p1a: Alomomola\n|-damage|p1a: Alomomola|79\/100\n|\n|-heal|p2a: Great Tusk|75\/100|[from] item: Leftovers\n|upkeep\n|turn|15\n|\n|t:|1700830573\n|-end|p2a: Great Tusk|Protosynthesis|[silent]\n|switch|p2a: Slowking|Slowking-Galar, M|100\/100\n|-damage|p2a: Slowking|88\/100|[from] Stealth Rock\n|move|p1a: Alomomola|Wish|p1a: Alomomola\n|\n|upkeep\n|turn|16\n|\n|t:|1700830583\n|move|p1a: Alomomola|Flip Turn|p2a: Slowking\n|-damage|p2a: Slowking|72\/100\n|\n|t:|1700830588\n|switch|p1a: Skeledirge|Skeledirge, M|16\/100|[from] Flip Turn\n|move|p2a: Slowking|Sludge Bomb|p1a: Skeledirge\n|-resisted|p1a: Skeledirge\n|-damage|p1a: Skeledirge|3\/100\n|-status|p1a: Skeledirge|psn\n|\n|-heal|p1a: Skeledirge|68\/100 psn|[from] move: Wish|[wisher] Alomomola\n|-damage|p1a: Skeledirge|56\/100 psn|[from] psn\n|upkeep\n|turn|17\n|\n|t:|1700830602\n|move|p1a: Skeledirge|Will-O-Wisp|p2a: Slowking\n|-status|p2a: Slowking|brn\n|move|p2a: Slowking|Surf|p1a: Skeledirge\n|-supereffective|p1a: Skeledirge\n|-damage|p1a: Skeledirge|17\/100 psn\n|\n|-damage|p1a: Skeledirge|4\/100 psn|[from] psn\n|-damage|p2a: Slowking|66\/100 brn|[from] brn\n|upkeep\n|turn|18\n|\n|t:|1700830616\n|move|p1a: Skeledirge|Slack Off|p1a: Skeledirge\n|-heal|p1a: Skeledirge|55\/100 psn\n|move|p2a: Slowking|Future Sight|p1a: Skeledirge\n|-start|p2a: Slowking|move: Future Sight\n|\n|-damage|p1a: Skeledirge|42\/100 psn|[from] psn\n|-damage|p2a: Slowking|60\/100 brn|[from] brn\n|upkeep\n|turn|19\n|\n|t:|1700830642\n|switch|p1a: Kleavor|Kleavor, M|100\/100\n|switch|p2a: Great Tusk|Great Tusk|75\/100\n|-damage|p2a: Great Tusk|72\/100|[from] Stealth Rock\n|\n|-heal|p2a: Great Tusk|78\/100|[from] item: Leftovers\n|upkeep\n|turn|20\n|\n|t:|1700830656\n|move|p1a: Kleavor|U-turn|p2a: Great Tusk\n|-resisted|p2a: Great Tusk\n|-damage|p2a: Great Tusk|69\/100\n|\n|t:|1700830662\n|switch|p1a: Dragonite|Dragonite, F|85\/100|[from] U-turn\n|move|p2a: Great Tusk|Stealth Rock|p1a: Dragonite\n|-sidestart|p1: stallsucksomuch|move: Stealth Rock\n|\n|-end|p1a: Dragonite|move: Future Sight\n|-damage|p1a: Dragonite|46\/100\n|-heal|p2a: Great Tusk|75\/100|[from] item: Leftovers\n|upkeep\n|turn|21\n|\n|t:|1700830672\n|-end|p2a: Great Tusk|Protosynthesis|[silent]\n|switch|p2a: Clefable|Clefable, M|71\/100\n|-damage|p2a: Clefable|59\/100|[from] Stealth Rock\n|move|p1a: Dragonite|Ice Spinner|p2a: Clefable\n|-damage|p2a: Clefable|36\/100\n|\n|-heal|p2a: Clefable|42\/100|[from] item: Leftovers\n|upkeep\n|turn|22\n|\n|t:|1700830683\n|move|p1a: Dragonite|Roost|p1a: Dragonite\n|-heal|p1a: Dragonite|96\/100\n|-singleturn|p1a: Dragonite|move: Roost\n|move|p2a: Clefable|Wish|p2a: Clefable\n|\n|-heal|p2a: Clefable|48\/100|[from] item: Leftovers\n|upkeep\n|turn|23\n|\n|t:|1700830694\n|move|p2a: Clefable|Protect|p2a: Clefable\n|-singleturn|p2a: Clefable|Protect\n|move|p1a: Dragonite|Dragon Dance|p1a: Dragonite\n|-boost|p1a: Dragonite|atk|1\n|-boost|p1a: Dragonite|spe|1\n|\n|-heal|p2a: Clefable|98\/100|[from] move: Wish|[wisher] Clefable\n|-heal|p2a: Clefable|100\/100|[from] item: Leftovers\n|upkeep\n|turn|24\n|\n|t:|1700830703\n|move|p1a: Dragonite|Dragon Dance|p1a: Dragonite\n|-boost|p1a: Dragonite|atk|1\n|-boost|p1a: Dragonite|spe|1\n|move|p2a: Clefable|Moonblast|p1a: Dragonite\n|-supereffective|p1a: Dragonite\n|-damage|p1a: Dragonite|44\/100\n|\n|upkeep\n|turn|25\n|\n|t:|1700830712\n|move|p2a: Clefable|Protect|p2a: Clefable\n|-singleturn|p2a: Clefable|Protect\n|move|p1a: Dragonite|Roost|p1a: Dragonite\n|-heal|p1a: Dragonite|95\/100\n|-singleturn|p1a: Dragonite|move: Roost\n|\n|upkeep\n|turn|26\n|\n|t:|1700830720\n|move|p1a: Dragonite|Extreme Speed|p2a: Clefable\n|-crit|p2a: Clefable\n|-damage|p2a: Clefable|63\/100\n|move|p2a: Clefable|Moonblast|p1a: Dragonite\n|-supereffective|p1a: Dragonite\n|-damage|p1a: Dragonite|44\/100\n|-unboost|p1a: Dragonite|spa|1\n|\n|-heal|p2a: Clefable|69\/100|[from] item: Leftovers\n|upkeep\n|turn|27\n|\n|t:|1700830733\n|move|p1a: Dragonite|Roost|p1a: Dragonite\n|-heal|p1a: Dragonite|94\/100\n|-singleturn|p1a: Dragonite|move: Roost\n|move|p2a: Clefable|Moonblast|p1a: Dragonite\n|-supereffective|p1a: Dragonite\n|-damage|p1a: Dragonite|45\/100\n|\n|-heal|p2a: Clefable|75\/100|[from] item: Leftovers\n|upkeep\n|turn|28\n|inactive|stallsucksomuch has 120 seconds left.\n|\n|t:|1700830765\n|switch|p1a: Alomomola|Alomomola, M|100\/100\n|-damage|p1a: Alomomola|88\/100|[from] Stealth Rock\n|move|p2a: Clefable|Moonblast|p1a: Alomomola\n|-damage|p1a: Alomomola|52\/100\n|-unboost|p1a: Alomomola|spa|1\n|\n|-heal|p2a: Clefable|81\/100|[from] item: Leftovers\n|upkeep\n|turn|29\n|\n|t:|1700830775\n|move|p1a: Alomomola|Wish|p1a: Alomomola\n|move|p2a: Clefable|Thunder Wave|p1a: Alomomola\n|-status|p1a: Alomomola|par\n|\n|-heal|p2a: Clefable|87\/100|[from] item: Leftovers\n|upkeep\n|turn|30\n|\n|t:|1700830788\n|switch|p2a: Great Tusk|Great Tusk|75\/100\n|-damage|p2a: Great Tusk|72\/100|[from] Stealth Rock\n|move|p1a: Alomomola|Flip Turn|p2a: Great Tusk\n|-supereffective|p2a: Great Tusk\n|-damage|p2a: Great Tusk|58\/100\n|\n|t:|1700830803\n|switch|p1a: Dragonite|Dragonite, F|45\/100|[from] Flip Turn\n|-damage|p1a: Dragonite|20\/100|[from] Stealth Rock\n|\n|-heal|p1a: Dragonite|100\/100|[from] move: Wish|[wisher] Alomomola\n|-heal|p2a: Great Tusk|64\/100|[from] item: Leftovers\n|upkeep\n|turn|31\n|\n|t:|1700830816\n|-end|p2a: Great Tusk|Protosynthesis|[silent]\n|switch|p2a: Clefable|Clefable, M|87\/100\n|-damage|p2a: Clefable|75\/100|[from] Stealth Rock\n|move|p1a: Dragonite|Ice Spinner|p2a: Clefable\n|-damage|p2a: Clefable|49\/100\n|\n|-heal|p2a: Clefable|55\/100|[from] item: Leftovers\n|upkeep\n|turn|32\n|\n|t:|1700830825\n|move|p1a: Dragonite|Ice Spinner|p2a: Clefable\n|-damage|p2a: Clefable|30\/100\n|move|p2a: Clefable|Wish|p2a: Clefable\n|\n|-heal|p2a: Clefable|37\/100|[from] item: Leftovers\n|upkeep\n|turn|33\n|\n|t:|1700830832\n|move|p2a: Clefable|Protect|p2a: Clefable\n|-singleturn|p2a: Clefable|Protect\n|move|p1a: Dragonite|Dragon Dance|p1a: Dragonite\n|-boost|p1a: Dragonite|atk|1\n|-boost|p1a: Dragonite|spe|1\n|\n|-heal|p2a: Clefable|87\/100|[from] move: Wish|[wisher] Clefable\n|-heal|p2a: Clefable|93\/100|[from] item: Leftovers\n|upkeep\n|turn|34\n|\n|t:|1700830844\n|move|p1a: Dragonite|Ice Spinner|p2a: Clefable\n|-damage|p2a: Clefable|69\/100\n|move|p2a: Clefable|Thunder Wave|p1a: Dragonite\n|-status|p1a: Dragonite|par\n|\n|-heal|p2a: Clefable|75\/100|[from] item: Leftovers\n|upkeep\n|turn|35\n|\n|t:|1700830852\n|move|p2a: Clefable|Moonblast|p1a: Dragonite\n|-supereffective|p1a: Dragonite\n|-damage|p1a: Dragonite|73\/100 par\n|-unboost|p1a: Dragonite|spa|1\n|move|p1a: Dragonite|Ice Spinner|p2a: Clefable\n|-damage|p2a: Clefable|50\/100\n|\n|-heal|p2a: Clefable|56\/100|[from] item: Leftovers\n|upkeep\n|turn|36\n|\n|t:|1700830861\n|move|p2a: Clefable|Moonblast|p1a: Dragonite\n|-supereffective|p1a: Dragonite\n|-damage|p1a: Dragonite|22\/100 par\n|-unboost|p1a: Dragonite|spa|1\n|cant|p1a: Dragonite|par\n|\n|-heal|p2a: Clefable|62\/100|[from] item: Leftovers\n|upkeep\n|turn|37\n|\n|t:|1700830872\n|switch|p1a: Alomomola|Alomomola, M|85\/100 par\n|-damage|p1a: Alomomola|73\/100 par|[from] Stealth Rock\n|move|p2a: Clefable|Moonblast|p1a: Alomomola\n|-damage|p1a: Alomomola|36\/100 par\n|-unboost|p1a: Alomomola|spa|1\n|\n|-heal|p2a: Clefable|68\/100|[from] item: Leftovers\n|upkeep\n|turn|38\n|\n|t:|1700830883\n|move|p2a: Clefable|Moonblast|p1a: Alomomola\n|-damage|p1a: Alomomola|0 fnt\n|faint|p1a: Alomomola\n|\n|-heal|p2a: Clefable|74\/100|[from] item: Leftovers\n|upkeep\n|\n|t:|1700830887\n|switch|p1a: Kleavor|Kleavor, M|100\/100\n|-damage|p1a: Kleavor|76\/100|[from] Stealth Rock\n|turn|39\n|\n|t:|1700830897\n|switch|p2a: Great Tusk|Great Tusk|64\/100\n|-damage|p2a: Great Tusk|61\/100|[from] Stealth Rock\n|move|p1a: Kleavor|U-turn|p2a: Great Tusk\n|-resisted|p2a: Great Tusk\n|-damage|p2a: Great Tusk|53\/100\n|\n|t:|1700830904\n|switch|p1a: Dragapult|Dragapult, M|100\/100|[from] U-turn\n|-damage|p1a: Dragapult|88\/100|[from] Stealth Rock\n|\n|-heal|p1a: Dragapult|94\/100|[from] item: Leftovers\n|-heal|p2a: Great Tusk|59\/100|[from] item: Leftovers\n|upkeep\n|turn|40\n|\n|t:|1700830926\n|-end|p2a: Great Tusk|Protosynthesis|[silent]\n|switch|p2a: Slowking|Slowking-Galar, M|93\/100 brn\n|-damage|p2a: Slowking|80\/100 brn|[from] Stealth Rock\n|move|p1a: Dragapult|Substitute|p1a: Dragapult\n|-start|p1a: Dragapult|Substitute\n|-damage|p1a: Dragapult|69\/100\n|\n|-heal|p1a: Dragapult|75\/100|[from] item: Leftovers\n|-damage|p2a: Slowking|74\/100 brn|[from] brn\n|upkeep\n|turn|41\n|\n|t:|1700830940\n|move|p1a: Dragapult|Shadow Ball|p2a: Slowking\n|-supereffective|p2a: Slowking\n|-damage|p2a: Slowking|45\/100 brn\n|move|p2a: Slowking|Sludge Bomb|p1a: Dragapult\n|-resisted|p1a: Dragapult\n|-end|p1a: Dragapult|Substitute\n|\n|-heal|p1a: Dragapult|81\/100|[from] item: Leftovers\n|-damage|p2a: Slowking|39\/100 brn|[from] brn\n|upkeep\n|turn|42\n|\n|t:|1700830950\n|switch|p2a: Clefable|Clefable, M|74\/100\n|-damage|p2a: Clefable|62\/100|[from] Stealth Rock\n|move|p1a: Dragapult|Shadow Ball|p2a: Clefable\n|-damage|p2a: Clefable|27\/100\n|\n|-heal|p1a: Dragapult|87\/100|[from] item: Leftovers\n|-heal|p2a: Clefable|33\/100|[from] item: Leftovers\n|upkeep\n|turn|43\n|\n|t:|1700830962\n|move|p2a: Clefable|Protect|p2a: Clefable\n|-singleturn|p2a: Clefable|Protect\n|move|p1a: Dragapult|Shadow Ball|p2a: Clefable\n|-activate|p2a: Clefable|move: Protect\n|\n|-heal|p1a: Dragapult|93\/100|[from] item: Leftovers\n|-heal|p2a: Clefable|39\/100|[from] item: Leftovers\n|upkeep\n|turn|44\n|\n|t:|1700830973\n|move|p1a: Dragapult|Shadow Ball|p2a: Clefable\n|-damage|p2a: Clefable|7\/100\n|move|p2a: Clefable|Wish|p2a: Clefable\n|\n|-heal|p1a: Dragapult|99\/100|[from] item: Leftovers\n|-heal|p2a: Clefable|13\/100|[from] item: Leftovers\n|upkeep\n|turn|45\n|\n|t:|1700830980\n|move|p2a: Clefable|Protect|p2a: Clefable\n|-singleturn|p2a: Clefable|Protect\n|move|p1a: Dragapult|Substitute|p1a: Dragapult\n|-start|p1a: Dragapult|Substitute\n|-damage|p1a: Dragapult|74\/100\n|\n|-heal|p2a: Clefable|63\/100|[from] move: Wish|[wisher] Clefable\n|-heal|p1a: Dragapult|80\/100|[from] item: Leftovers\n|-heal|p2a: Clefable|69\/100|[from] item: Leftovers\n|upkeep\n|turn|46\n|\n|t:|1700830990\n|move|p1a: Dragapult|Infestation|p2a: Clefable\n|-resisted|p2a: Clefable\n|-damage|p2a: Clefable|66\/100\n|-activate|p2a: Clefable|move: Infestation|[of] p1a: Dragapult\n|move|p2a: Clefable|Wish|p2a: Clefable\n|\n|-heal|p1a: Dragapult|86\/100|[from] item: Leftovers\n|-heal|p2a: Clefable|73\/100|[from] item: Leftovers\n|-damage|p2a: Clefable|60\/100|[from] move: Infestation|[partiallytrapped]\n|upkeep\n|turn|47\n|\n|t:|1700831001\n|move|p1a: Dragapult|Disable|p2a: Clefable\n|-start|p2a: Clefable|Disable|Wish\n|move|p2a: Clefable|Moonblast|p1a: Dragapult\n|-supereffective|p1a: Dragapult\n|-end|p1a: Dragapult|Substitute\n|\n|-heal|p2a: Clefable|100\/100|[from] move: Wish|[wisher] Clefable\n|-heal|p1a: Dragapult|92\/100|[from] item: Leftovers\n|-damage|p2a: Clefable|88\/100|[from] move: Infestation|[partiallytrapped]\n|upkeep\n|turn|48\n|\n|t:|1700831012\n|move|p1a: Dragapult|Disable||[still]\n|-fail|p1a: Dragapult\n|move|p2a: Clefable|Moonblast|p1a: Dragapult\n|-supereffective|p1a: Dragapult\n|-damage|p1a: Dragapult|8\/100\n|\n|-heal|p1a: Dragapult|14\/100|[from] item: Leftovers\n|-heal|p2a: Clefable|94\/100|[from] item: Leftovers\n|-damage|p2a: Clefable|82\/100|[from] move: Infestation|[partiallytrapped]\n|upkeep\n|turn|49\n|c|\u2606stallsucksomuch|miss\n|\n|t:|1700831027\n|move|p1a: Dragapult|Shadow Ball|p2a: Clefable\n|-damage|p2a: Clefable|46\/100\n|move|p2a: Clefable|Moonblast|p1a: Dragapult\n|-supereffective|p1a: Dragapult\n|-damage|p1a: Dragapult|0 fnt\n|faint|p1a: Dragapult\n|\n|-heal|p2a: Clefable|52\/100|[from] item: Leftovers\n|-end|p2a: Clefable|Infestation|[partiallytrapped]|[silent]\n|upkeep\n|\n|t:|1700831036\n|switch|p1a: Ting-Lu|Ting-Lu|100\/100\n|-damage|p1a: Ting-Lu|94\/100|[from] Stealth Rock\n|-ability|p1a: Ting-Lu|Vessel of Ruin\n|turn|50\n|\n|t:|1700831050\n|switch|p2a: Great Tusk|Great Tusk|59\/100\n|-damage|p2a: Great Tusk|56\/100|[from] Stealth Rock\n|move|p1a: Ting-Lu|Spikes|p2a: Great Tusk\n|-sidestart|p2: caimanvert|Spikes\n|\n|-heal|p2a: Great Tusk|62\/100|[from] item: Leftovers\n|-heal|p1a: Ting-Lu|100\/100|[from] item: Leftovers\n|upkeep\n|turn|51\n|\n|t:|1700831064\n|move|p2a: Great Tusk|Rapid Spin|p1a: Ting-Lu\n|-damage|p1a: Ting-Lu|94\/100\n|-boost|p2a: Great Tusk|spe|1\n|-sideend|p2: caimanvert|Spikes|[from] move: Rapid Spin|[of] p2a: Great Tusk\n|-sideend|p2: caimanvert|Stealth Rock|[from] move: Rapid Spin|[of] p2a: Great Tusk\n|move|p1a: Ting-Lu|Whirlwind|p2a: Great Tusk\n|-end|p2a: Great Tusk|Protosynthesis|[silent]\n|drag|p2a: balemasque|Ogerpon-Wellspring, F|100\/100\n|\n|-heal|p1a: Ting-Lu|99\/100|[from] item: Leftovers\n|upkeep\n|turn|52\n|\n|t:|1700831076\n|move|p2a: balemasque|Ivy Cudgel|p1a: Ting-Lu|[anim] Ivy Cudgel Water\n|-supereffective|p1a: Ting-Lu\n|-damage|p1a: Ting-Lu|54\/100\n|move|p1a: Ting-Lu|Spikes|p2a: balemasque\n|-sidestart|p2: caimanvert|Spikes\n|\n|-heal|p1a: Ting-Lu|60\/100|[from] item: Leftovers\n|upkeep\n|turn|53\n|\n|t:|1700831086\n|switch|p1a: Dragonite|Dragonite, F|22\/100 par\n|-damage|p1a: Dragonite|0 fnt|[from] Stealth Rock\n|faint|p1a: Dragonite\n|move|p2a: balemasque|Ivy Cudgel|p1: Dragonite|[notarget]\n|-fail|p2a: balemasque\n|\n|upkeep\n|c|\u2606stallsucksomuch|noob\n|-message|stallsucksomuch forfeited.\n|\n|win|caimanvert\n|raw|stallsucksomuch's rating: 1226 &rarr; <strong>1195<\/strong><br \/>(-31 for losing)\n|raw|caimanvert's rating: 1147 &rarr; <strong>1178<\/strong><br \/>(+31 for winning)\n|l|\u2606stallsucksomuch\n","uploadtime":1700831100,"views":17,"p1id":"stallsucksomuch","p2id":"caimanvert","formatid":"gen9ou","rating":1178,"private":0,"password":""}