{"id":"gen9ou-1996357111","p1":"Toasteduck","p2":"jw0311","format":"[Gen 9] OU","log":"|j|\u2606Toasteduck\n|j|\u2606jw0311\n|t:|1700674321\n|gametype|singles\n|player|p1|Toasteduck|169|1760\n|player|p2|jw0311|ghetsis-gen5bw|1821\n|teamsize|p1|6\n|teamsize|p2|6\n|gen|9\n|tier|[Gen 9] OU\n|rated|\n|rule|Sleep Clause Mod: Limit one foe put to sleep\n|rule|Species Clause: Limit one of each Pok\u00e9mon\n|rule|OHKO Clause: OHKO moves are banned\n|rule|Evasion Items Clause: Evasion items are banned\n|rule|Evasion Moves Clause: Evasion moves are banned\n|rule|Endless Battle Clause: Forcing endless battles is banned\n|rule|HP Percentage Mod: HP is shown in percentages\n|clearpoke\n|poke|p1|Garganacl, F|\n|poke|p1|Great Tusk|\n|poke|p1|Hatterene, F|\n|poke|p1|Rillaboom, M|\n|poke|p1|Zapdos|\n|poke|p1|Goodra-Hisui, M|\n|poke|p2|Dragapult, F|\n|poke|p2|Toxapex, F|\n|poke|p2|Iron Valiant|\n|poke|p2|Kingambit, M|\n|poke|p2|Great Tusk|\n|poke|p2|Dondozo, M|\n|teampreview\n|inactive|Battle timer is ON: inactive players will automatically lose when time's up. (requested by jw0311)\n|j| Legate Landorus\n|\n|t:|1700674343\n|start\n|switch|p1a: Zapdos|Zapdos|100\/100\n|switch|p2a: Dragapult|Dragapult, F|100\/100\n|turn|1\n|\n|t:|1700674347\n|switch|p1a: Goodra|Goodra-Hisui, M|100\/100\n|move|p2a: Dragapult|U-turn|p1a: Goodra\n|-resisted|p1a: Goodra\n|-damage|p1a: Goodra|85\/100\n|-ability|p1a: Goodra|Gooey\n|-unboost|p2a: Dragapult|spe|1\n|\n|t:|1700674354\n|switch|p2a: Toxapex|Toxapex, F|100\/100|[from] U-turn\n|\n|-heal|p1a: Goodra|91\/100|[from] item: Leftovers\n|upkeep\n|turn|2\n|\n|t:|1700674358\n|move|p1a: Goodra|Knock Off|p2a: Toxapex\n|-damage|p2a: Toxapex|84\/100\n|-enditem|p2a: Toxapex|Assault Vest|[from] move: Knock Off|[of] p1a: Goodra\n|move|p2a: Toxapex|Infestation|p1a: Goodra\n|-resisted|p1a: Goodra\n|-damage|p1a: Goodra|90\/100\n|-activate|p1a: Goodra|move: Infestation|[of] p2a: Toxapex\n|-ability|p1a: Goodra|Gooey\n|-unboost|p2a: Toxapex|spe|1\n|\n|-heal|p1a: Goodra|96\/100|[from] item: Leftovers\n|-damage|p1a: Goodra|84\/100|[from] move: Infestation|[partiallytrapped]\n|upkeep\n|turn|3\n|\n|t:|1700674363\n|move|p2a: Toxapex|Surf|p1a: Goodra\n|-resisted|p1a: Goodra\n|-damage|p1a: Goodra|75\/100\n|move|p1a: Goodra|Dragon Tail|p2a: Toxapex\n|-damage|p2a: Toxapex|70\/100\n|drag|p2a: Iron Valiant|Iron Valiant|100\/100\n|-enditem|p2a: Iron Valiant|Booster Energy\n|-activate|p2a: Iron Valiant|ability: Quark Drive|[fromitem]\n|-start|p2a: Iron Valiant|quarkdrivespe\n|\n|-heal|p1a: Goodra|81\/100|[from] item: Leftovers\n|-end|p1a: Goodra|Infestation|[partiallytrapped]|[silent]\n|upkeep\n|turn|4\n|\n|t:|1700674370\n|move|p2a: Iron Valiant|Calm Mind|p2a: Iron Valiant\n|-boost|p2a: Iron Valiant|spa|1\n|-boost|p2a: Iron Valiant|spd|1\n|move|p1a: Goodra|Flash Cannon|p2a: Iron Valiant\n|-supereffective|p2a: Iron Valiant\n|-damage|p2a: Iron Valiant|31\/100\n|\n|-heal|p1a: Goodra|87\/100|[from] item: Leftovers\n|upkeep\n|turn|5\n|\n|t:|1700674376\n|-terastallize|p2a: Iron Valiant|Fairy\n|move|p2a: Iron Valiant|Moonblast|p1a: Goodra\n|-damage|p1a: Goodra|37\/100\n|move|p1a: Goodra|Flash Cannon|p2a: Iron Valiant\n|-supereffective|p2a: Iron Valiant\n|-damage|p2a: Iron Valiant|0 fnt\n|faint|p2a: Iron Valiant\n|-end|p2a: Iron Valiant|Quark Drive|[silent]\n|\n|-heal|p1a: Goodra|43\/100|[from] item: Leftovers\n|upkeep\n|\n|t:|1700674381\n|switch|p2a: Great Tusk|Great Tusk|100\/100\n|turn|6\n|\n|t:|1700674384\n|switch|p1a: Zapdos|Zapdos|100\/100\n|move|p2a: Great Tusk|Earthquake|p1a: Zapdos\n|-immune|p1a: Zapdos\n|\n|upkeep\n|turn|7\n|\n|t:|1700674388\n|-end|p2a: Great Tusk|Protosynthesis|[silent]\n|switch|p2a: Toxapex|Toxapex, F|100\/100\n|move|p1a: Zapdos|Hurricane|p2a: Toxapex\n|-damage|p2a: Toxapex|54\/100\n|\n|upkeep\n|turn|8\n|\n|t:|1700674393\n|switch|p2a: Dragapult|Dragapult, F|100\/100\n|move|p1a: Zapdos|Discharge|p2a: Dragapult\n|-resisted|p2a: Dragapult\n|-damage|p2a: Dragapult|71\/100\n|\n|upkeep\n|turn|9\n|\n|t:|1700674397\n|switch|p1a: Goodra|Goodra-Hisui, M|43\/100\n|move|p2a: Dragapult|Dragon Darts|p1a: Goodra\n|-damage|p1a: Goodra|12\/100\n|-anim|p2a: Dragapult|Dragon Darts|p1a: Goodra\n|-damage|p1a: Goodra|0 fnt\n|faint|p1a: Goodra\n|\n|upkeep\n|\n|t:|1700674401\n|switch|p1a: Hatterene|Hatterene, F|100\/100\n|turn|10\n|\n|t:|1700674404\n|switch|p2a: Kingambit|Kingambit, M|100\/100\n|-activate|p2a: Kingambit|ability: Supreme Overlord\n|-start|p2a: Kingambit|fallen1|[silent]\n|move|p1a: Hatterene|Psyshock|p2a: Kingambit\n|-immune|p2a: Kingambit\n|\n|upkeep\n|turn|11\n|\n|t:|1700674410\n|switch|p1a: Great Tusk|Great Tusk|100\/100\n|-enditem|p1a: Great Tusk|Booster Energy\n|-activate|p1a: Great Tusk|ability: Protosynthesis|[fromitem]\n|-start|p1a: Great Tusk|protosynthesisatk\n|move|p2a: Kingambit|Iron Head|p1a: Great Tusk\n|-damage|p1a: Great Tusk|65\/100\n|\n|upkeep\n|turn|12\n|\n|t:|1700674413\n|-end|p2a: Kingambit|fallen1|[silent]\n|switch|p2a: Dondozo|Dondozo, M|100\/100\n|move|p1a: Great Tusk|Headlong Rush|p2a: Dondozo\n|-damage|p2a: Dondozo|62\/100\n|-unboost|p1a: Great Tusk|def|1\n|-unboost|p1a: Great Tusk|spd|1\n|-damage|p1a: Great Tusk|48\/100|[from] item: Rocky Helmet|[of] p2a: Dondozo\n|\n|upkeep\n|turn|13\n|\n|t:|1700674419\n|-end|p1a: Great Tusk|Protosynthesis|[silent]\n|switch|p1a: Zapdos|Zapdos|100\/100\n|move|p2a: Dondozo|Rest|p2a: Dondozo\n|-status|p2a: Dondozo|slp|[from] move: Rest\n|-heal|p2a: Dondozo|100\/100 slp|[silent]\n|\n|upkeep\n|turn|14\n|\n|t:|1700674422\n|switch|p2a: Toxapex|Toxapex, F|87\/100\n|move|p1a: Zapdos|Discharge|p2a: Toxapex\n|-supereffective|p2a: Toxapex\n|-damage|p2a: Toxapex|16\/100\n|\n|upkeep\n|turn|15\n|j| FULKU\n|\n|t:|1700674429\n|move|p1a: Zapdos|Discharge|p2a: Toxapex\n|-supereffective|p2a: Toxapex\n|-damage|p2a: Toxapex|0 fnt\n|faint|p2a: Toxapex\n|\n|upkeep\n|\n|t:|1700674431\n|switch|p2a: Dragapult|Dragapult, F|71\/100\n|turn|16\n|\n|t:|1700674440\n|move|p2a: Dragapult|U-turn|p1a: Zapdos\n|-resisted|p1a: Zapdos\n|-damage|p1a: Zapdos|80\/100\n|-status|p2a: Dragapult|par|[from] ability: Static|[of] p1a: Zapdos\n|\n|t:|1700674443\n|switch|p2a: Kingambit|Kingambit, M|100\/100|[from] U-turn\n|-activate|p2a: Kingambit|ability: Supreme Overlord\n|-start|p2a: Kingambit|fallen2|[silent]\n|move|p1a: Zapdos|U-turn|p2a: Kingambit\n|-damage|p2a: Kingambit|90\/100\n|\n|t:|1700674452\n|switch|p1a: Great Tusk|Great Tusk|48\/100|[from] U-turn\n|\n|-heal|p2a: Kingambit|96\/100|[from] item: Leftovers\n|upkeep\n|turn|17\n|\n|t:|1700674455\n|-end|p1a: Great Tusk|Protosynthesis|[silent]\n|switch|p1a: Zapdos|Zapdos|80\/100\n|-end|p2a: Kingambit|fallen2|[silent]\n|switch|p2a: Great Tusk|Great Tusk|100\/100\n|\n|upkeep\n|turn|18\n|\n|t:|1700674457\n|move|p1a: Zapdos|Hurricane|p2a: Great Tusk\n|-supereffective|p2a: Great Tusk\n|-damage|p2a: Great Tusk|0 fnt\n|faint|p2a: Great Tusk\n|-end|p2a: Great Tusk|Protosynthesis|[silent]\n|\n|upkeep\n|-message|jw0311 forfeited.\n|\n|win|Toasteduck\n|raw|Toasteduck's rating: 1760 &rarr; <strong>1783<\/strong><br \/>(+23 for winning)\n|raw|jw0311's rating: 1821 &rarr; <strong>1798<\/strong><br \/>(-23 for losing)\n|l|\u2606jw0311\n","uploadtime":1700674473,"views":2,"p1id":"toasteduck","p2id":"jw0311","formatid":"gen9ou","rating":1783,"private":0,"password":""}