{"id":"gen9ou-1998015887","p1":"TheLittleHobo1","p2":"weedysaur","format":"[Gen 9] OU","log":"|j|\u2606TheLittleHobo1\n|j|\u2606weedysaur\n|t:|1700879294\n|gametype|singles\n|player|p1|TheLittleHobo1|102|\n|player|p2|weedysaur|worker|\n|teamsize|p1|6\n|teamsize|p2|6\n|gen|9\n|tier|[Gen 9] OU\n|rule|Sleep Clause Mod: Limit one foe put to sleep\n|rule|Species Clause: Limit one of each Pok\u00e9mon\n|rule|OHKO Clause: OHKO moves are banned\n|rule|Evasion Items Clause: Evasion items are banned\n|rule|Evasion Moves Clause: Evasion moves are banned\n|rule|Endless Battle Clause: Forcing endless battles is banned\n|rule|HP Percentage Mod: HP is shown in percentages\n|clearpoke\n|poke|p1|Samurott-Hisui, F|\n|poke|p1|Munkidori, M|\n|poke|p1|Iron Moth|\n|poke|p1|Gligar, M|\n|poke|p1|Ogerpon-Cornerstone, F|\n|poke|p1|Clodsire, M|\n|poke|p2|Toxapex, F|\n|poke|p2|Hatterene, F|\n|poke|p2|Arcanine-Hisui, F|\n|poke|p2|Garganacl, M|\n|poke|p2|Heracross, M|\n|poke|p2|Ogerpon-Cornerstone, F|\n|teampreview\n|\n|t:|1700879309\n|start\n|switch|p1a: Samurott|Samurott-Hisui, F|100\/100\n|switch|p2a: Toxapex|Toxapex, F|100\/100\n|turn|1\n|\n|t:|1700879333\n|move|p1a: Samurott|Ceaseless Edge|p2a: Toxapex\n|-damage|p2a: Toxapex|81\/100\n|-sidestart|p2: weedysaur|Spikes\n|move|p2a: Toxapex|Toxic Spikes|p1a: Samurott\n|-sidestart|p1: TheLittleHobo1|move: Toxic Spikes\n|\n|-heal|p2a: Toxapex|88\/100|[from] item: Black Sludge\n|upkeep\n|turn|2\n|\n|t:|1700879345\n|move|p2a: Toxapex|Baneful Bunker|p2a: Toxapex\n|-singleturn|p2a: Toxapex|move: Protect\n|move|p1a: Samurott|Ceaseless Edge|p2a: Toxapex\n|-activate|p2a: Toxapex|move: Protect\n|-status|p1a: Samurott|psn\n|\n|-heal|p2a: Toxapex|94\/100|[from] item: Black Sludge\n|-damage|p1a: Samurott|88\/100 psn|[from] psn\n|upkeep\n|turn|3\n|\n|t:|1700879355\n|switch|p1a: Gligar|Gligar, M|100\/100\n|move|p2a: Toxapex|Chilling Water|p1a: Gligar\n|-supereffective|p1a: Gligar\n|-damage|p1a: Gligar|80\/100\n|-unboost|p1a: Gligar|atk|1\n|\n|-heal|p2a: Toxapex|99\/100|[from] item: Black Sludge\n|upkeep\n|turn|4\n|\n|t:|1700879364\n|move|p1a: Gligar|Taunt|p2a: Toxapex\n|-start|p2a: Toxapex|move: Taunt\n|cant|p2a: Toxapex|move: Taunt|Toxic Spikes\n|\n|-heal|p2a: Toxapex|100\/100|[from] item: Black Sludge\n|upkeep\n|turn|5\n|\n|t:|1700879372\n|move|p1a: Gligar|Toxic Spikes|p2a: Toxapex\n|-sidestart|p2: weedysaur|move: Toxic Spikes\n|move|p2a: Toxapex|Chilling Water|p1a: Gligar\n|-supereffective|p1a: Gligar\n|-damage|p1a: Gligar|59\/100\n|-unboost|p1a: Gligar|atk|1\n|\n|upkeep\n|turn|6\n|\n|t:|1700879389\n|switch|p2a: Hatterene|Hatterene, F|100\/100\n|-damage|p2a: Hatterene|88\/100|[from] Spikes\n|-status|p2a: Hatterene|psn\n|move|p1a: Gligar|Toxic Spikes|p2a: Hatterene\n|move|p2a: Hatterene|Toxic Spikes|p1a: Gligar|[from]ability: Magic Bounce\n|-sidestart|p1: TheLittleHobo1|move: Toxic Spikes\n|\n|-damage|p2a: Hatterene|76\/100 psn|[from] psn\n|upkeep\n|turn|7\n|\n|t:|1700879405\n|move|p1a: Gligar|U-turn|p2a: Hatterene\n|-damage|p2a: Hatterene|69\/100 psn\n|\n|t:|1700879418\n|switch|p1a: Iron Moth|Iron Moth|100\/100|[from] U-turn\n|-sideend|p1: TheLittleHobo1|move: Toxic Spikes|[of] p1a: Iron Moth\n|-enditem|p1a: Iron Moth|Booster Energy\n|-activate|p1a: Iron Moth|ability: Quark Drive|[fromitem]\n|-start|p1a: Iron Moth|quarkdrivespe\n|move|p2a: Hatterene|Psychic|p1a: Iron Moth\n|-supereffective|p1a: Iron Moth\n|-damage|p1a: Iron Moth|0 fnt\n|faint|p1a: Iron Moth\n|-end|p1a: Iron Moth|Quark Drive|[silent]\n|\n|-damage|p2a: Hatterene|56\/100 psn|[from] psn\n|upkeep\n|\n|t:|1700879433\n|switch|p1a: Munkidori|Munkidori, M|100\/100\n|turn|8\n|\n|t:|1700879466\n|move|p1a: Munkidori|Psychic|p2a: Hatterene\n|-resisted|p2a: Hatterene\n|-damage|p2a: Hatterene|39\/100 psn\n|move|p2a: Hatterene|Psychic|p1a: Munkidori\n|-damage|p1a: Munkidori|43\/100\n|\n|-damage|p2a: Hatterene|26\/100 psn|[from] psn\n|upkeep\n|turn|9\n|\n|t:|1700879483\n|switch|p1a: earthquakee??|Clodsire, M|100\/100\n|move|p2a: Hatterene|Shadow Ball|p1a: earthquakee??\n|-damage|p1a: earthquakee??|74\/100\n|\n|-damage|p2a: Hatterene|14\/100 psn|[from] psn\n|upkeep\n|turn|10\n|\n|t:|1700879493\n|move|p2a: Hatterene|Mystical Fire|p1a: earthquakee??\n|-damage|p1a: earthquakee??|51\/100\n|-unboost|p1a: earthquakee??|spa|1\n|move|p1a: earthquakee??|Earthquake|p2a: Hatterene\n|-damage|p2a: Hatterene|0 fnt\n|faint|p2a: Hatterene\n|\n|upkeep\n|\n|t:|1700879505\n|switch|p2a: Ogerpon|Ogerpon-Cornerstone, F|100\/100\n|-damage|p2a: Ogerpon|88\/100|[from] Spikes\n|-status|p2a: Ogerpon|psn\n|turn|11\n|\n|t:|1700879512\n|move|p2a: Ogerpon|Trailblaze|p1a: earthquakee??\n|-damage|p1a: earthquakee??|15\/100\n|-boost|p2a: Ogerpon|spe|1\n|move|p1a: earthquakee??|Earthquake|p2a: Ogerpon\n|-damage|p2a: Ogerpon|9\/100 psn\n|\n|-damage|p2a: Ogerpon|0 fnt|[from] psn\n|faint|p2a: Ogerpon\n|upkeep\n|\n|t:|1700879522\n|switch|p2a: Toxapex|Toxapex, F|100\/100\n|-damage|p2a: Toxapex|88\/100|[from] Spikes\n|-sideend|p2: weedysaur|move: Toxic Spikes|[of] p2a: Toxapex\n|turn|12\n|\n|t:|1700879527\n|move|p2a: Toxapex|Chilling Water|p1a: earthquakee??\n|-supereffective|p1a: earthquakee??\n|-damage|p1a: earthquakee??|0 fnt\n|faint|p1a: earthquakee??\n|\n|-heal|p2a: Toxapex|94\/100|[from] item: Black Sludge\n|upkeep\n|\n|t:|1700879537\n|switch|p1a: Samurott|Samurott-Hisui, F|88\/100 psn\n|turn|13\n|\n|t:|1700879545\n|move|p1a: Samurott|Drill Run|p2a: Toxapex\n|-supereffective|p2a: Toxapex\n|-damage|p2a: Toxapex|59\/100\n|move|p2a: Toxapex|Chilling Water|p1a: Samurott\n|-resisted|p1a: Samurott\n|-crit|p1a: Samurott\n|-damage|p1a: Samurott|82\/100 psn\n|-unboost|p1a: Samurott|atk|1\n|\n|-heal|p2a: Toxapex|66\/100|[from] item: Black Sludge\n|-damage|p1a: Samurott|70\/100 psn|[from] psn\n|upkeep\n|turn|14\n|\n|t:|1700879556\n|move|p2a: Toxapex|Baneful Bunker|p2a: Toxapex\n|-singleturn|p2a: Toxapex|move: Protect\n|move|p1a: Samurott|Drill Run|p2a: Toxapex\n|-activate|p2a: Toxapex|move: Protect\n|\n|-heal|p2a: Toxapex|72\/100|[from] item: Black Sludge\n|-damage|p1a: Samurott|58\/100 psn|[from] psn\n|upkeep\n|turn|15\n|\n|t:|1700879564\n|move|p1a: Samurott|Drill Run|p2a: Toxapex\n|-supereffective|p2a: Toxapex\n|-damage|p2a: Toxapex|48\/100\n|move|p2a: Toxapex|Chilling Water|p1a: Samurott\n|-resisted|p1a: Samurott\n|-damage|p1a: Samurott|54\/100 psn\n|-unboost|p1a: Samurott|atk|1\n|\n|-heal|p2a: Toxapex|54\/100|[from] item: Black Sludge\n|-damage|p1a: Samurott|41\/100 psn|[from] psn\n|upkeep\n|turn|16\n|\n|t:|1700879578\n|switch|p2a: Heracross|Heracross, M|100\/100\n|-damage|p2a: Heracross|88\/100|[from] Spikes\n|move|p1a: Samurott|Drill Run|p2a: Heracross\n|-resisted|p2a: Heracross\n|-damage|p2a: Heracross|79\/100\n|\n|-damage|p1a: Samurott|29\/100 psn|[from] psn\n|upkeep\n|turn|17\n|\n|t:|1700879590\n|-terastallize|p1a: Samurott|Water\n|move|p2a: Heracross|Close Combat|p1a: Samurott\n|-damage|p1a: Samurott|0 fnt\n|-unboost|p2a: Heracross|def|1\n|-unboost|p2a: Heracross|spd|1\n|faint|p1a: Samurott\n|-ability|p2a: Heracross|Moxie|boost\n|-boost|p2a: Heracross|atk|1\n|\n|upkeep\n|\n|t:|1700879598\n|switch|p1a: Gligar|Gligar, M|59\/100\n|turn|18\n|\n|t:|1700879618\n|move|p2a: Heracross|Close Combat|p1a: Gligar\n|-resisted|p1a: Gligar\n|-damage|p1a: Gligar|38\/100\n|-unboost|p2a: Heracross|def|1\n|-unboost|p2a: Heracross|spd|1\n|move|p1a: Gligar|Stealth Rock|p2a: Heracross\n|-sidestart|p2: weedysaur|move: Stealth Rock\n|\n|upkeep\n|turn|19\n|\n|t:|1700879634\n|switch|p2a: Garganacl|Garganacl, M|100\/100\n|-damage|p2a: Garganacl|88\/100|[from] Spikes\n|-damage|p2a: Garganacl|76\/100|[from] Stealth Rock\n|move|p1a: Gligar|U-turn|p2a: Garganacl\n|-damage|p2a: Garganacl|67\/100\n|\n|t:|1700879645\n|switch|p1a: Ogerpon|Ogerpon-Cornerstone, F|100\/100|[from] U-turn\n|\n|-heal|p2a: Garganacl|73\/100|[from] item: Leftovers\n|upkeep\n|turn|20\n|\n|t:|1700879658\n|move|p1a: Ogerpon|Power Whip|p2a: Garganacl\n|-supereffective|p2a: Garganacl\n|-damage|p2a: Garganacl|0 fnt\n|faint|p2a: Garganacl\n|\n|upkeep\n|\n|t:|1700879665\n|switch|p2a: Toxapex|Toxapex, F|88\/100\n|-damage|p2a: Toxapex|75\/100|[from] Spikes\n|-damage|p2a: Toxapex|63\/100|[from] Stealth Rock\n|turn|21\n|\n|t:|1700879676\n|move|p2a: Toxapex|Baneful Bunker|p2a: Toxapex\n|-singleturn|p2a: Toxapex|move: Protect\n|move|p1a: Ogerpon|Swords Dance|p1a: Ogerpon\n|-boost|p1a: Ogerpon|atk|2\n|\n|-heal|p2a: Toxapex|69\/100|[from] item: Black Sludge\n|upkeep\n|turn|22\n|\n|t:|1700879685\n|move|p1a: Ogerpon|Power Whip|p2a: Toxapex|[miss]\n|-miss|p1a: Ogerpon|p2a: Toxapex\n|move|p2a: Toxapex|Toxic|p1a: Ogerpon\n|-status|p1a: Ogerpon|tox\n|\n|-heal|p2a: Toxapex|75\/100|[from] item: Black Sludge\n|-damage|p1a: Ogerpon|95\/100 tox|[from] psn\n|upkeep\n|turn|23\n|\n|t:|1700879696\n|move|p1a: Ogerpon|Power Whip|p2a: Toxapex|[miss]\n|-miss|p1a: Ogerpon|p2a: Toxapex\n|move|p2a: Toxapex|Chilling Water|p1a: Ogerpon\n|-damage|p1a: Ogerpon|83\/100 tox\n|-unboost|p1a: Ogerpon|atk|1\n|\n|-heal|p2a: Toxapex|81\/100|[from] item: Black Sludge\n|-damage|p1a: Ogerpon|71\/100 tox|[from] psn\n|upkeep\n|turn|24\n|\n|t:|1700879706\n|move|p1a: Ogerpon|Power Whip|p2a: Toxapex|[miss]\n|-miss|p1a: Ogerpon|p2a: Toxapex\n|move|p2a: Toxapex|Chilling Water|p1a: Ogerpon\n|-damage|p1a: Ogerpon|57\/100 tox\n|-unboost|p1a: Ogerpon|atk|1\n|\n|-heal|p2a: Toxapex|88\/100|[from] item: Black Sludge\n|-damage|p1a: Ogerpon|39\/100 tox|[from] psn\n|upkeep\n|turn|25\n|\n|t:|1700879717\n|move|p2a: Toxapex|Baneful Bunker|p2a: Toxapex\n|-singleturn|p2a: Toxapex|move: Protect\n|move|p1a: Ogerpon|Power Whip|p2a: Toxapex\n|-activate|p2a: Toxapex|move: Protect\n|\n|-heal|p2a: Toxapex|94\/100|[from] item: Black Sludge\n|-damage|p1a: Ogerpon|15\/100 tox|[from] psn\n|upkeep\n|turn|26\n|\n|t:|1700879730\n|switch|p2a: Arcanine|Arcanine-Hisui, F|100\/100\n|-damage|p2a: Arcanine|88\/100|[from] Spikes\n|-damage|p2a: Arcanine|63\/100|[from] Stealth Rock\n|move|p1a: Ogerpon|Power Whip|p2a: Arcanine|[miss]\n|-miss|p1a: Ogerpon|p2a: Arcanine\n|\n|-damage|p1a: Ogerpon|0 fnt|[from] psn\n|faint|p1a: Ogerpon\n|upkeep\n|\n|t:|1700879751\n|switch|p1a: Munkidori|Munkidori, M|43\/100\n|turn|27\n|\n|t:|1700879763\n|-terastallize|p2a: Arcanine|Rock\n|move|p1a: Munkidori|Focus Blast|p2a: Arcanine\n|-supereffective|p2a: Arcanine\n|-damage|p2a: Arcanine|0 fnt\n|faint|p2a: Arcanine\n|\n|upkeep\n|\n|t:|1700879771\n|switch|p2a: Heracross|Heracross, M|79\/100\n|-damage|p2a: Heracross|66\/100|[from] Spikes\n|-damage|p2a: Heracross|54\/100|[from] Stealth Rock\n|turn|28\n|\n|t:|1700879790\n|move|p2a: Heracross|Lunge|p1a: Munkidori\n|-damage|p1a: Munkidori|0 fnt\n|faint|p1a: Munkidori\n|-ability|p2a: Heracross|Moxie|boost\n|-boost|p2a: Heracross|atk|1\n|\n|upkeep\n|\n|t:|1700879795\n|switch|p1a: Gligar|Gligar, M|38\/100\n|turn|29\n|\n|t:|1700879801\n|move|p2a: Heracross|Lunge|p1a: Gligar\n|-resisted|p1a: Gligar\n|-damage|p1a: Gligar|22\/100\n|-unboost|p1a: Gligar|atk|1\n|move|p1a: Gligar|U-turn|p2a: Heracross\n|-resisted|p2a: Heracross\n|-damage|p2a: Heracross|48\/100\n|\n|upkeep\n|turn|30\n|\n|t:|1700879810\n|move|p2a: Heracross|Lunge|p1a: Gligar\n|-resisted|p1a: Gligar\n|-damage|p1a: Gligar|7\/100\n|-unboost|p1a: Gligar|atk|1\n|move|p1a: Gligar|U-turn|p2a: Heracross\n|-resisted|p2a: Heracross\n|-damage|p2a: Heracross|43\/100\n|\n|upkeep\n|turn|31\n|\n|t:|1700879823\n|move|p2a: Heracross|Lunge|p1a: Gligar\n|-resisted|p1a: Gligar\n|-crit|p1a: Gligar\n|-damage|p1a: Gligar|0 fnt\n|faint|p1a: Gligar\n|\n|win|weedysaur\n|l|\u2606weedysaur\n","uploadtime":1700879835,"views":1,"p1id":"thelittlehobo1","p2id":"weedysaur","formatid":"gen9ou","rating":0,"private":0,"password":""}