{"id":"gen9ou-1997362619","p1":"Crapson Pollock","p2":"OUZO LA DUPLA","format":"[Gen 9] OU","log":"|j|\u2606Crapson Pollock\n|j|\u2606OUZO LA DUPLA\n|t:|1700794331\n|gametype|singles\n|player|p1|Crapson Pollock|artist|1477\n|player|p2|OUZO LA DUPLA|teamrocket|1472\n|teamsize|p1|6\n|teamsize|p2|6\n|gen|9\n|tier|[Gen 9] OU\n|rated|\n|rule|Sleep Clause Mod: Limit one foe put to sleep\n|rule|Species Clause: Limit one of each Pok\u00e9mon\n|rule|OHKO Clause: OHKO moves are banned\n|rule|Evasion Items Clause: Evasion items are banned\n|rule|Evasion Moves Clause: Evasion moves are banned\n|rule|Endless Battle Clause: Forcing endless battles is banned\n|rule|HP Percentage Mod: HP is shown in percentages\n|clearpoke\n|poke|p1|Tyranitar, F|\n|poke|p1|Ogerpon-Cornerstone, F|\n|poke|p1|Gholdengo|\n|poke|p1|Garchomp, F|\n|poke|p1|Corviknight, M|\n|poke|p1|Garganacl, F|\n|poke|p2|Arcanine-Hisui, F|\n|poke|p2|Corviknight, F|\n|poke|p2|Greninja-*, M|\n|poke|p2|Slowking-Galar, F|\n|poke|p2|Landorus-Therian, M|\n|poke|p2|Conkeldurr, F|\n|teampreview\n|\n|t:|1700794366\n|start\n|switch|p1a: Garchomp|Garchomp, F|100\/100\n|switch|p2a: EL SAPOTE|Greninja, M|100\/100\n|turn|1\n|inactive|Battle timer is ON: inactive players will automatically lose when time's up. (requested by OUZO LA DUPLA)\n|\n|t:|1700794386\n|switch|p1a: Gholdengo|Gholdengo|100\/100\n|move|p2a: EL SAPOTE|Ice Beam|p1a: Gholdengo\n|-resisted|p1a: Gholdengo\n|-damage|p1a: Gholdengo|79\/100\n|\n|upkeep\n|turn|2\n|\n|t:|1700794403\n|switch|p2a: ANDONI CAGANDO|Conkeldurr, F, shiny|100\/100\n|move|p1a: Gholdengo|Focus Blast|p2a: ANDONI CAGANDO|[miss]\n|-miss|p1a: Gholdengo|p2a: ANDONI CAGANDO\n|\n|upkeep\n|turn|3\n|\n|t:|1700794413\n|switch|p1a: Corviknight|Corviknight, M|100\/100\n|move|p2a: ANDONI CAGANDO|Knock Off|p1a: Corviknight\n|-damage|p1a: Corviknight|77\/100\n|-damage|p2a: ANDONI CAGANDO|84\/100|[from] item: Rocky Helmet|[of] p1a: Corviknight\n|-enditem|p1a: Corviknight|Rocky Helmet|[from] move: Knock Off|[of] p2a: ANDONI CAGANDO\n|\n|upkeep\n|turn|4\n|\n|t:|1700794421\n|switch|p2a: LANDITO|Landorus-Therian, M|100\/100\n|-ability|p2a: LANDITO|Intimidate|boost\n|-ability|p1a: Corviknight|Mirror Armor\n|-unboost|p2a: LANDITO|atk|1\n|move|p1a: Corviknight|Brave Bird|p2a: LANDITO\n|-damage|p2a: LANDITO|75\/100\n|-damage|p1a: Corviknight|69\/100|[from] Recoil\n|\n|-heal|p2a: LANDITO|81\/100|[from] item: Leftovers\n|upkeep\n|turn|5\n|\n|t:|1700794432\n|move|p2a: LANDITO|Stealth Rock|p1a: Corviknight\n|-sidestart|p1: Crapson Pollock|move: Stealth Rock\n|move|p1a: Corviknight|U-turn|p2a: LANDITO\n|-resisted|p2a: LANDITO\n|-damage|p2a: LANDITO|76\/100\n|\n|t:|1700794455\n|switch|p1a: Gholdengo|Gholdengo|79\/100|[from] U-turn\n|-damage|p1a: Gholdengo|73\/100|[from] Stealth Rock\n|\n|-heal|p2a: LANDITO|82\/100|[from] item: Leftovers\n|upkeep\n|turn|6\n|\n|t:|1700794462\n|switch|p1a: Corviknight|Corviknight, M|69\/100\n|-damage|p1a: Corviknight|57\/100|[from] Stealth Rock\n|switch|p2a: KOLOKON|Slowking-Galar, F, shiny|100\/100\n|\n|upkeep\n|turn|7\n|\n|t:|1700794470\n|move|p1a: Corviknight|Roost|p1a: Corviknight\n|-heal|p1a: Corviknight|100\/100\n|-singleturn|p1a: Corviknight|move: Roost\n|move|p2a: KOLOKON|Future Sight|p1a: Corviknight\n|-start|p2a: KOLOKON|move: Future Sight\n|\n|upkeep\n|turn|8\n|\n|t:|1700794478\n|move|p1a: Corviknight|U-turn|p2a: KOLOKON\n|-damage|p2a: KOLOKON|85\/100\n|\n|t:|1700794480\n|switch|p1a: Tyranitar|Tyranitar, F|100\/100|[from] U-turn\n|-damage|p1a: Tyranitar|88\/100|[from] Stealth Rock\n|-weather|Sandstorm|[from] ability: Sand Stream|[of] p1a: Tyranitar\n|move|p2a: KOLOKON|Chilly Reception|p2a: KOLOKON\n|-weather|Snow\n|\n|t:|1700794488\n|switch|p2a: ANDONI CAGANDO|Conkeldurr, F, shiny|84\/100|[from] Chilly Reception\n|\n|-weather|Snow|[upkeep]\n|upkeep\n|turn|9\n|\n|t:|1700794494\n|switch|p1a: Gholdengo|Gholdengo|73\/100\n|-damage|p1a: Gholdengo|67\/100|[from] Stealth Rock\n|move|p2a: ANDONI CAGANDO|Drain Punch|p1a: Gholdengo\n|-immune|p1a: Gholdengo\n|\n|-weather|Snow|[upkeep]\n|-end|p1a: Gholdengo|move: Future Sight\n|-resisted|p1a: Gholdengo\n|-damage|p1a: Gholdengo|41\/100\n|upkeep\n|turn|10\n|\n|t:|1700794509\n|move|p1a: Gholdengo|Shadow Ball|p2a: ANDONI CAGANDO\n|-damage|p2a: ANDONI CAGANDO|51\/100\n|move|p2a: ANDONI CAGANDO|Knock Off|p1a: Gholdengo\n|-supereffective|p1a: Gholdengo\n|-damage|p1a: Gholdengo|0 fnt\n|-enditem|p1a: Gholdengo|Choice Scarf|[from] move: Knock Off|[of] p2a: ANDONI CAGANDO\n|faint|p1a: Gholdengo\n|\n|-weather|Snow|[upkeep]\n|upkeep\n|inactive|Crapson Pollock has 120 seconds left.\n|\n|t:|1700794531\n|switch|p1a: Corviknight|Corviknight, M|100\/100\n|-damage|p1a: Corviknight|88\/100|[from] Stealth Rock\n|turn|11\n|\n|t:|1700794536\n|switch|p2a: LANDITO|Landorus-Therian, M|82\/100\n|-ability|p2a: LANDITO|Intimidate|boost\n|-ability|p1a: Corviknight|Mirror Armor\n|-unboost|p2a: LANDITO|atk|1\n|move|p1a: Corviknight|U-turn|p2a: LANDITO\n|-resisted|p2a: LANDITO\n|-damage|p2a: LANDITO|77\/100\n|inactive|Crapson Pollock has 120 seconds left.\n|\n|t:|1700794557\n|switch|p1a: Garganacl|Garganacl, F|100\/100|[from] U-turn\n|-damage|p1a: Garganacl|88\/100|[from] Stealth Rock\n|\n|-weather|Snow|[upkeep]\n|-heal|p2a: LANDITO|83\/100|[from] item: Leftovers\n|-heal|p1a: Garganacl|94\/100|[from] item: Leftovers\n|upkeep\n|turn|12\n|inactive|Crapson Pollock has 120 seconds left.\n|\n|t:|1700794565\n|-terastallize|p1a: Garganacl|Fairy\n|move|p2a: LANDITO|Grass Knot|p1a: Garganacl\n|-damage|p1a: Garganacl|66\/100\n|move|p1a: Garganacl|Salt Cure|p2a: LANDITO\n|-damage|p2a: LANDITO|74\/100\n|-start|p2a: LANDITO|Salt Cure\n|\n|-weather|none\n|-heal|p2a: LANDITO|80\/100|[from] item: Leftovers\n|-heal|p1a: Garganacl|72\/100|[from] item: Leftovers\n|-damage|p2a: LANDITO|68\/100|[from] Salt Cure\n|upkeep\n|turn|13\n|\n|t:|1700794576\n|move|p2a: LANDITO|U-turn|p1a: Garganacl\n|-resisted|p1a: Garganacl\n|-damage|p1a: Garganacl|68\/100\n|\n|t:|1700794579\n|switch|p2a: KOLOKON|Slowking-Galar, F, shiny|100\/100|[from] U-turn\n|move|p1a: Garganacl|Salt Cure|p2a: KOLOKON\n|-damage|p2a: KOLOKON|86\/100\n|-start|p2a: KOLOKON|Salt Cure\n|\n|-heal|p1a: Garganacl|75\/100|[from] item: Leftovers\n|-damage|p2a: KOLOKON|74\/100|[from] Salt Cure\n|upkeep\n|turn|14\n|\n|t:|1700794590\n|switch|p1a: Tyranitar|Tyranitar, F|88\/100\n|-damage|p1a: Tyranitar|76\/100|[from] Stealth Rock\n|-weather|Sandstorm|[from] ability: Sand Stream|[of] p1a: Tyranitar\n|move|p2a: KOLOKON|Future Sight|p1a: Tyranitar\n|-start|p2a: KOLOKON|move: Future Sight\n|\n|-weather|Sandstorm|[upkeep]\n|-damage|p2a: KOLOKON|68\/100|[from] Sandstorm\n|-damage|p2a: KOLOKON|55\/100|[from] Salt Cure\n|upkeep\n|turn|15\n|\n|t:|1700794604\n|switch|p2a: PALESTINA LIBRE|Corviknight, F, shiny|100\/100\n|-ability|p2a: PALESTINA LIBRE|Pressure\n|move|p1a: Tyranitar|Thunder Wave|p2a: PALESTINA LIBRE\n|-status|p2a: PALESTINA LIBRE|par\n|\n|-weather|Sandstorm|[upkeep]\n|upkeep\n|turn|16\n|\n|t:|1700794614\n|move|p1a: Tyranitar|Stealth Rock|p2a: PALESTINA LIBRE\n|-sidestart|p2: OUZO LA DUPLA|move: Stealth Rock\n|cant|p2a: PALESTINA LIBRE|par\n|\n|-weather|Sandstorm|[upkeep]\n|-end|p1a: Tyranitar|move: Future Sight\n|-immune|p1a: Tyranitar\n|upkeep\n|turn|17\n|\n|t:|1700794626\n|switch|p1a: Garganacl|Garganacl, F, tera:Fairy|75\/100\n|-damage|p1a: Garganacl|62\/100|[from] Stealth Rock\n|move|p2a: PALESTINA LIBRE|Body Press|p1a: Garganacl\n|-resisted|p1a: Garganacl\n|-damage|p1a: Garganacl|55\/100\n|\n|-weather|Sandstorm|[upkeep]\n|-damage|p1a: Garganacl|49\/100|[from] Sandstorm\n|-heal|p1a: Garganacl|55\/100|[from] item: Leftovers\n|upkeep\n|turn|18\n|\n|t:|1700794637\n|switch|p2a: KOLOKON|Slowking-Galar, F, shiny|88\/100\n|move|p1a: Garganacl|Recover|p1a: Garganacl\n|-heal|p1a: Garganacl|100\/100\n|\n|-weather|Sandstorm|[upkeep]\n|-damage|p1a: Garganacl|94\/100|[from] Sandstorm\n|-damage|p2a: KOLOKON|82\/100|[from] Sandstorm\n|-heal|p1a: Garganacl|100\/100|[from] item: Leftovers\n|upkeep\n|turn|19\n|\n|t:|1700794645\n|move|p1a: Garganacl|Earthquake|p2a: KOLOKON\n|-supereffective|p2a: KOLOKON\n|-damage|p2a: KOLOKON|35\/100\n|move|p2a: KOLOKON|Future Sight|p1a: Garganacl\n|-start|p2a: KOLOKON|move: Future Sight\n|\n|-weather|Sandstorm|[upkeep]\n|-damage|p1a: Garganacl|94\/100|[from] Sandstorm\n|-damage|p2a: KOLOKON|29\/100|[from] Sandstorm\n|-heal|p1a: Garganacl|100\/100|[from] item: Leftovers\n|upkeep\n|turn|20\n|\n|t:|1700794654\n|move|p1a: Garganacl|Salt Cure|p2a: KOLOKON\n|-damage|p2a: KOLOKON|14\/100\n|-start|p2a: KOLOKON|Salt Cure\n|move|p2a: KOLOKON|Chilly Reception|p2a: KOLOKON\n|-weather|Snow\n|\n|t:|1700794668\n|switch|p2a: PALESTINA LIBRE|Corviknight, F, shiny|100\/100 par|[from] Chilly Reception\n|-damage|p2a: PALESTINA LIBRE|88\/100 par|[from] Stealth Rock\n|-ability|p2a: PALESTINA LIBRE|Pressure\n|\n|-weather|Snow|[upkeep]\n|upkeep\n|turn|21\n|\n|t:|1700794677\n|move|p1a: Garganacl|Curse|p1a: Garganacl\n|-unboost|p1a: Garganacl|spe|1\n|-boost|p1a: Garganacl|atk|1\n|-boost|p1a: Garganacl|def|1\n|move|p2a: PALESTINA LIBRE|Defog|p1a: Garganacl\n|-unboost|p1a: Garganacl|evasion|1\n|-sideend|p1: Crapson Pollock|Stealth Rock|[from] move: Defog|[of] p2a: PALESTINA LIBRE\n|-sideend|p2: OUZO LA DUPLA|Stealth Rock|[from] move: Defog|[of] p2a: PALESTINA LIBRE\n|\n|-weather|Snow|[upkeep]\n|-end|p1a: Garganacl|move: Future Sight\n|-damage|p1a: Garganacl|57\/100\n|-heal|p1a: Garganacl|63\/100|[from] item: Leftovers\n|upkeep\n|turn|22\n|\n|t:|1700794688\n|move|p2a: PALESTINA LIBRE|U-turn|p1a: Garganacl\n|-resisted|p1a: Garganacl\n|-damage|p1a: Garganacl|61\/100\n|\n|t:|1700794691\n|switch|p2a: KABESINHO|Arcanine-Hisui, F, shiny|100\/100|[from] U-turn\n|move|p1a: Garganacl|Salt Cure|p2a: KABESINHO\n|-supereffective|p2a: KABESINHO\n|-damage|p2a: KABESINHO|53\/100\n|-start|p2a: KABESINHO|Salt Cure\n|\n|-weather|Snow|[upkeep]\n|-heal|p1a: Garganacl|67\/100|[from] item: Leftovers\n|-damage|p2a: KABESINHO|40\/100|[from] Salt Cure\n|upkeep\n|turn|23\n|\n|t:|1700794702\n|switch|p2a: KOLOKON|Slowking-Galar, F, shiny|48\/100\n|move|p1a: Garganacl|Recover|p1a: Garganacl\n|-heal|p1a: Garganacl|100\/100\n|\n|-weather|Snow|[upkeep]\n|upkeep\n|turn|24\n|\n|t:|1700794709\n|switch|p2a: LANDITO|Landorus-Therian, M|68\/100\n|-ability|p2a: LANDITO|Intimidate|boost\n|-unboost|p1a: Garganacl|atk|1\n|move|p1a: Garganacl|Earthquake|p2a: LANDITO\n|-immune|p2a: LANDITO\n|\n|-weather|none\n|-heal|p2a: LANDITO|74\/100|[from] item: Leftovers\n|upkeep\n|turn|25\n|\n|t:|1700794721\n|move|p2a: LANDITO|Stealth Rock|p1a: Garganacl\n|-sidestart|p1: Crapson Pollock|move: Stealth Rock\n|move|p1a: Garganacl|Salt Cure|p2a: LANDITO\n|-damage|p2a: LANDITO|64\/100\n|-start|p2a: LANDITO|Salt Cure\n|\n|-heal|p2a: LANDITO|70\/100|[from] item: Leftovers\n|-damage|p2a: LANDITO|58\/100|[from] Salt Cure\n|upkeep\n|turn|26\n|\n|t:|1700794729\n|move|p2a: LANDITO|U-turn|p1a: Garganacl\n|-resisted|p1a: Garganacl\n|-damage|p1a: Garganacl|97\/100\n|\n|t:|1700794733\n|switch|p2a: KOLOKON|Slowking-Galar, F, shiny|81\/100|[from] U-turn\n|move|p1a: Garganacl|Curse|p1a: Garganacl\n|-unboost|p1a: Garganacl|spe|1\n|-boost|p1a: Garganacl|atk|1\n|-boost|p1a: Garganacl|def|1\n|\n|-heal|p1a: Garganacl|100\/100|[from] item: Leftovers\n|upkeep\n|turn|27\n|\n|t:|1700794742\n|move|p2a: KOLOKON|Future Sight|p1a: Garganacl\n|-start|p2a: KOLOKON|move: Future Sight\n|move|p1a: Garganacl|Earthquake|p2a: KOLOKON\n|-supereffective|p2a: KOLOKON\n|-damage|p2a: KOLOKON|7\/100\n|\n|upkeep\n|turn|28\n|\n|t:|1700794747\n|switch|p2a: LANDITO|Landorus-Therian, M|58\/100\n|-ability|p2a: LANDITO|Intimidate|boost\n|-unboost|p1a: Garganacl|atk|1\n|move|p1a: Garganacl|Salt Cure|p2a: LANDITO\n|-damage|p2a: LANDITO|48\/100\n|-start|p2a: LANDITO|Salt Cure\n|\n|-heal|p2a: LANDITO|54\/100|[from] item: Leftovers\n|-damage|p2a: LANDITO|42\/100|[from] Salt Cure\n|upkeep\n|turn|29\n|\n|t:|1700794757\n|move|p2a: LANDITO|U-turn|p1a: Garganacl\n|-resisted|p1a: Garganacl\n|-damage|p1a: Garganacl|98\/100\n|\n|t:|1700794770\n|switch|p2a: EL SAPOTE|Greninja, M|100\/100|[from] U-turn\n|move|p1a: Garganacl|Recover|p1a: Garganacl\n|-heal|p1a: Garganacl|100\/100\n|\n|-end|p1a: Garganacl|move: Future Sight\n|-damage|p1a: Garganacl|56\/100\n|-heal|p1a: Garganacl|63\/100|[from] item: Leftovers\n|upkeep\n|turn|30\n|\n|t:|1700794788\n|switch|p1a: Tyranitar|Tyranitar, F|76\/100\n|-damage|p1a: Tyranitar|63\/100|[from] Stealth Rock\n|-weather|Sandstorm|[from] ability: Sand Stream|[of] p1a: Tyranitar\n|-terastallize|p2a: EL SAPOTE|Water\n|move|p2a: EL SAPOTE|Hydro Pump|p1a: Tyranitar\n|-supereffective|p1a: Tyranitar\n|-damage|p1a: Tyranitar|0 fnt\n|faint|p1a: Tyranitar\n|-ability|p2a: EL SAPOTE|Battle Bond|boost\n|-boost|p2a: EL SAPOTE|atk|1\n|-boost|p2a: EL SAPOTE|spa|1\n|-boost|p2a: EL SAPOTE|spe|1\n|-activate|p2a: EL SAPOTE|ability: Battle Bond\n|\n|-weather|Sandstorm|[upkeep]\n|-damage|p2a: EL SAPOTE|95\/100|[from] Sandstorm\n|upkeep\n|inactive|Crapson Pollock has 120 seconds left.\n|\n|t:|1700794812\n|switch|p1a: Garchomp|Garchomp, F|100\/100\n|-damage|p1a: Garchomp|94\/100|[from] Stealth Rock\n|turn|31\n|\n|t:|1700794817\n|move|p2a: EL SAPOTE|Hydro Pump|p1a: Garchomp\n|-damage|p1a: Garchomp|0 fnt\n|faint|p1a: Garchomp\n|\n|-weather|Sandstorm|[upkeep]\n|-damage|p2a: EL SAPOTE|89\/100|[from] Sandstorm\n|upkeep\n|\n|t:|1700794827\n|switch|p1a: Corviknight|Corviknight, M|88\/100\n|-damage|p1a: Corviknight|75\/100|[from] Stealth Rock\n|turn|32\n|\n|t:|1700794831\n|move|p2a: EL SAPOTE|Hydro Pump|p1a: Corviknight\n|-damage|p1a: Corviknight|0 fnt\n|faint|p1a: Corviknight\n|\n|-weather|Sandstorm|[upkeep]\n|-damage|p2a: EL SAPOTE|83\/100|[from] Sandstorm\n|upkeep\n|\n|t:|1700794834\n|switch|p1a: Ogerpon|Ogerpon-Cornerstone, F|100\/100\n|-damage|p1a: Ogerpon|88\/100|[from] Stealth Rock\n|turn|33\n|\n|t:|1700794840\n|move|p2a: EL SAPOTE|Hydro Pump|p1a: Ogerpon\n|-damage|p1a: Ogerpon|0 fnt\n|faint|p1a: Ogerpon\n|\n|-weather|Sandstorm|[upkeep]\n|-damage|p2a: EL SAPOTE|77\/100|[from] Sandstorm\n|upkeep\n|\n|t:|1700794842\n|switch|p1a: Garganacl|Garganacl, F, tera:Fairy|63\/100\n|-damage|p1a: Garganacl|50\/100|[from] Stealth Rock\n|turn|34\n|c|\u2606OUZO LA DUPLA|hahhahahah\n|c|\u2606OUZO LA DUPLA|this is fking kyogre\n|\n|t:|1700794853\n|move|p2a: EL SAPOTE|Hydro Pump|p1a: Garganacl\n|-damage|p1a: Garganacl|0 fnt\n|faint|p1a: Garganacl\n|\n|win|OUZO LA DUPLA\n|raw|Crapson Pollock's rating: 1477 &rarr; <strong>1457<\/strong><br \/>(-20 for losing)\n|raw|OUZO LA DUPLA's rating: 1472 &rarr; <strong>1492<\/strong><br \/>(+20 for winning)\n|l|\u2606Crapson Pollock\n","uploadtime":1700794873,"views":7,"p1id":"crapsonpollock","p2id":"ouzoladupla","formatid":"gen9ou","rating":1457,"private":0,"password":""}