{"id":"gen9ou-1993425741","p1":"xcxcxxcxc","p2":"Mel2345","format":"[Gen 9] OU","log":"|j|\u2606xcxcxxcxc\n|j|\u2606Mel2345\n|t:|1700316296\n|gametype|singles\n|player|p1|xcxcxxcxc|lucas|1549\n|player|p2|Mel2345|cheren-gen5bw2|1571\n|teamsize|p1|6\n|teamsize|p2|6\n|gen|9\n|tier|[Gen 9] OU\n|rated|\n|rule|Sleep Clause Mod: Limit one foe put to sleep\n|rule|Species Clause: Limit one of each Pok\u00e9mon\n|rule|OHKO Clause: OHKO moves are banned\n|rule|Evasion Items Clause: Evasion items are banned\n|rule|Evasion Moves Clause: Evasion moves are banned\n|rule|Endless Battle Clause: Forcing endless battles is banned\n|rule|HP Percentage Mod: HP is shown in percentages\n|clearpoke\n|poke|p1|Corviknight, M|\n|poke|p1|Kingambit, M|\n|poke|p1|Rillaboom, M|\n|poke|p1|Slowking-Galar, F|\n|poke|p1|Zamazenta-*|\n|poke|p1|Dragapult, F|\n|poke|p2|Iron Valiant|\n|poke|p2|Ogerpon-Wellspring, F|\n|poke|p2|Great Tusk|\n|poke|p2|Gholdengo|\n|poke|p2|Heatran, F|\n|poke|p2|Zapdos|\n|teampreview\n|\n|t:|1700316304\n|start\n|switch|p1a: Rillaboom|Rillaboom, M|100\/100\n|switch|p2a: Zapdos|Zapdos|100\/100\n|-fieldstart|move: Grassy Terrain|[from] ability: Grassy Surge|[of] p1a: Rillaboom\n|turn|1\n|\n|t:|1700316307\n|switch|p1a: Slowking|Slowking-Galar, F|100\/100\n|move|p2a: Zapdos|Hurricane|p1a: Slowking\n|-damage|p1a: Slowking|80\/100\n|\n|-heal|p1a: Slowking|86\/100|[from] Grassy Terrain\n|upkeep\n|turn|2\n|\n|t:|1700316310\n|move|p2a: Zapdos|Volt Switch|p1a: Slowking\n|-damage|p1a: Slowking|71\/100\n|\n|t:|1700316312\n|switch|p2a: Heatran|Heatran, F|100\/100|[from] Volt Switch\n|move|p1a: Slowking|Future Sight|p2a: Heatran\n|-start|p1a: Slowking|move: Future Sight\n|\n|-heal|p1a: Slowking|77\/100|[from] Grassy Terrain\n|upkeep\n|turn|3\n|\n|t:|1700316318\n|switch|p1a: Zamazenta|Zamazenta|100\/100\n|-ability|p1a: Zamazenta|Dauntless Shield|boost\n|-boost|p1a: Zamazenta|def|1\n|move|p2a: Heatran|Taunt|p1a: Zamazenta\n|-start|p1a: Zamazenta|move: Taunt\n|\n|upkeep\n|turn|4\n|\n|t:|1700316330\n|switch|p2a: Gholdengo|Gholdengo|100\/100\n|move|p1a: Zamazenta|Close Combat|p2a: Gholdengo\n|-immune|p2a: Gholdengo\n|\n|-end|p2a: Gholdengo|move: Future Sight\n|-resisted|p2a: Gholdengo\n|-damage|p2a: Gholdengo|65\/100\n|-heal|p2a: Gholdengo|71\/100|[from] Grassy Terrain\n|upkeep\n|turn|5\n|\n|t:|1700316338\n|switch|p2a: Zapdos|Zapdos|100\/100\n|switch|p1a: Kingambit|Kingambit, M|100\/100\n|\n|-fieldend|move: Grassy Terrain\n|upkeep\n|turn|6\n|\n|t:|1700316342\n|-end|p1a: Kingambit|fallenundefined|[silent]\n|switch|p1a: Slowking|Slowking-Galar, F|100\/100\n|move|p2a: Zapdos|Heat Wave|p1a: Slowking\n|-damage|p1a: Slowking|88\/100\n|\n|upkeep\n|turn|7\n|\n|t:|1700316347\n|switch|p2a: Heatran|Heatran, F|100\/100\n|move|p1a: Slowking|Surf|p2a: Heatran\n|-supereffective|p2a: Heatran\n|-damage|p2a: Heatran|66\/100\n|\n|-heal|p2a: Heatran|73\/100|[from] item: Leftovers\n|upkeep\n|turn|8\n|\n|t:|1700316351\n|switch|p1a: Zamazenta|Zamazenta|100\/100\n|move|p2a: Heatran|Magma Storm|p1a: Zamazenta|[miss]\n|-miss|p2a: Heatran|p1a: Zamazenta\n|\n|-heal|p2a: Heatran|79\/100|[from] item: Leftovers\n|upkeep\n|turn|9\n|\n|t:|1700316357\n|switch|p2a: Zapdos|Zapdos|100\/100\n|move|p1a: Zamazenta|Stone Edge|p2a: Zapdos\n|-supereffective|p2a: Zapdos\n|-crit|p2a: Zapdos\n|-damage|p2a: Zapdos|0 fnt\n|faint|p2a: Zapdos\n|\n|upkeep\n|\n|t:|1700316364\n|switch|p2a: Iron Valiant|Iron Valiant|100\/100\n|-enditem|p2a: Iron Valiant|Booster Energy\n|-activate|p2a: Iron Valiant|ability: Quark Drive|[fromitem]\n|-start|p2a: Iron Valiant|quarkdrivespe\n|turn|10\n|\n|t:|1700316368\n|switch|p1a: Slowking|Slowking-Galar, F|100\/100\n|move|p2a: Iron Valiant|Calm Mind|p2a: Iron Valiant\n|-boost|p2a: Iron Valiant|spa|1\n|-boost|p2a: Iron Valiant|spd|1\n|\n|upkeep\n|turn|11\n|\n|t:|1700316371\n|move|p2a: Iron Valiant|Psyshock|p1a: Slowking\n|-damage|p1a: Slowking|62\/100\n|move|p1a: Slowking|Future Sight|p2a: Iron Valiant\n|-start|p1a: Slowking|move: Future Sight\n|\n|upkeep\n|turn|12\n|\n|t:|1700316378\n|move|p2a: Iron Valiant|Thunderbolt|p1a: Slowking\n|-damage|p1a: Slowking|40\/100\n|move|p1a: Slowking|Sludge Bomb|p2a: Iron Valiant\n|-supereffective|p2a: Iron Valiant\n|-damage|p2a: Iron Valiant|1\/100\n|-status|p2a: Iron Valiant|psn\n|\n|-damage|p2a: Iron Valiant|0 fnt|[from] psn\n|faint|p2a: Iron Valiant\n|-end|p2a: Iron Valiant|Quark Drive|[silent]\n|upkeep\n|\n|t:|1700316383\n|switch|p2a: Gholdengo|Gholdengo|71\/100\n|turn|13\n|\n|t:|1700316386\n|switch|p1a: Rillaboom|Rillaboom, M|100\/100\n|-fieldstart|move: Grassy Terrain|[from] ability: Grassy Surge|[of] p1a: Rillaboom\n|move|p2a: Gholdengo|Shadow Ball|p1a: Rillaboom\n|-damage|p1a: Rillaboom|49\/100\n|\n|-end|p2a: Gholdengo|move: Future Sight\n|-resisted|p2a: Gholdengo\n|-damage|p2a: Gholdengo|36\/100\n|-heal|p2a: Gholdengo|42\/100|[from] Grassy Terrain\n|-heal|p1a: Rillaboom|56\/100|[from] Grassy Terrain\n|upkeep\n|turn|14\n|\n|t:|1700316389\n|switch|p1a: Kingambit|Kingambit, M|100\/100\n|move|p2a: Gholdengo|Shadow Ball|p1a: Kingambit\n|-resisted|p1a: Kingambit\n|-damage|p1a: Kingambit|75\/100\n|\n|-heal|p2a: Gholdengo|48\/100|[from] Grassy Terrain\n|-heal|p1a: Kingambit|81\/100|[from] Grassy Terrain\n|upkeep\n|turn|15\n|\n|t:|1700316393\n|switch|p2a: Great Tusk|Great Tusk|100\/100\n|move|p1a: Kingambit|Kowtow Cleave|p2a: Great Tusk\n|-resisted|p2a: Great Tusk\n|-damage|p2a: Great Tusk|82\/100\n|\n|-heal|p2a: Great Tusk|88\/100|[from] Grassy Terrain\n|-heal|p2a: Great Tusk|95\/100|[from] item: Leftovers\n|-heal|p1a: Kingambit|87\/100|[from] Grassy Terrain\n|upkeep\n|turn|16\n|\n|t:|1700316401\n|-end|p1a: Kingambit|fallenundefined|[silent]\n|switch|p1a: Dragapult|Dragapult, F|100\/100\n|move|p2a: Great Tusk|Knock Off|p1a: Dragapult\n|-supereffective|p1a: Dragapult\n|-damage|p1a: Dragapult|8\/100\n|-enditem|p1a: Dragapult|Leftovers|[from] move: Knock Off|[of] p2a: Great Tusk\n|\n|-heal|p1a: Dragapult|14\/100|[from] Grassy Terrain\n|-heal|p2a: Great Tusk|100\/100|[from] Grassy Terrain\n|upkeep\n|turn|17\n|\n|t:|1700316406\n|-end|p2a: Great Tusk|Protosynthesis|[silent]\n|switch|p2a: Gholdengo|Gholdengo|48\/100\n|move|p1a: Dragapult|Hex|p2a: Gholdengo\n|-supereffective|p2a: Gholdengo\n|-damage|p2a: Gholdengo|0 fnt\n|faint|p2a: Gholdengo\n|\n|-heal|p1a: Dragapult|20\/100|[from] Grassy Terrain\n|-fieldend|move: Grassy Terrain\n|upkeep\n|\n|t:|1700316409\n|switch|p2a: Heatran|Heatran, F|79\/100\n|turn|18\n|\n|t:|1700316411\n|move|p1a: Dragapult|Hex|p2a: Heatran\n|-damage|p2a: Heatran|62\/100\n|move|p2a: Heatran|Stealth Rock|p1a: Dragapult\n|-sidestart|p1: xcxcxxcxc|move: Stealth Rock\n|\n|-heal|p2a: Heatran|68\/100|[from] item: Leftovers\n|upkeep\n|turn|19\n|\n|t:|1700316413\n|move|p1a: Dragapult|Hex|p2a: Heatran\n|-damage|p2a: Heatran|50\/100\n|move|p2a: Heatran|Earth Power|p1a: Dragapult\n|-damage|p1a: Dragapult|0 fnt\n|faint|p1a: Dragapult\n|\n|-heal|p2a: Heatran|56\/100|[from] item: Leftovers\n|upkeep\n|\n|t:|1700316415\n|switch|p1a: Zamazenta|Zamazenta|100\/100\n|-damage|p1a: Zamazenta|94\/100|[from] Stealth Rock\n|turn|20\n|\n|t:|1700316426\n|switch|p2a: Great Tusk|Great Tusk|100\/100\n|move|p1a: Zamazenta|Close Combat|p2a: Great Tusk\n|-damage|p2a: Great Tusk|44\/100\n|-unboost|p1a: Zamazenta|def|1\n|-unboost|p1a: Zamazenta|spd|1\n|\n|-heal|p2a: Great Tusk|50\/100|[from] item: Leftovers\n|upkeep\n|turn|21\n|\n|t:|1700316434\n|-terastallize|p2a: Great Tusk|Poison\n|move|p1a: Zamazenta|Close Combat|p2a: Great Tusk\n|-resisted|p2a: Great Tusk\n|-damage|p2a: Great Tusk|22\/100\n|-unboost|p1a: Zamazenta|def|1\n|-unboost|p1a: Zamazenta|spd|1\n|move|p2a: Great Tusk|Earthquake|p1a: Zamazenta\n|-damage|p1a: Zamazenta|14\/100\n|\n|-heal|p2a: Great Tusk|28\/100|[from] item: Leftovers\n|upkeep\n|turn|22\n|\n|t:|1700316452\n|move|p1a: Zamazenta|Close Combat|p2a: Great Tusk\n|-resisted|p2a: Great Tusk\n|-damage|p2a: Great Tusk|3\/100\n|-unboost|p1a: Zamazenta|def|1\n|-unboost|p1a: Zamazenta|spd|1\n|move|p2a: Great Tusk|Earthquake|p1a: Zamazenta\n|-damage|p1a: Zamazenta|0 fnt\n|faint|p1a: Zamazenta\n|\n|-heal|p2a: Great Tusk|9\/100|[from] item: Leftovers\n|upkeep\n|\n|t:|1700316457\n|switch|p1a: Rillaboom|Rillaboom, M|56\/100\n|-damage|p1a: Rillaboom|43\/100|[from] Stealth Rock\n|-fieldstart|move: Grassy Terrain|[from] ability: Grassy Surge|[of] p1a: Rillaboom\n|turn|23\n|\n|t:|1700316462\n|move|p1a: Rillaboom|Grassy Glide|p2a: Great Tusk\n|-resisted|p2a: Great Tusk\n|-damage|p2a: Great Tusk|0 fnt\n|faint|p2a: Great Tusk\n|-end|p2a: Great Tusk|Protosynthesis|[silent]\n|\n|-heal|p1a: Rillaboom|49\/100|[from] Grassy Terrain\n|upkeep\n|\n|t:|1700316465\n|switch|p2a: Heatran|Heatran, F|56\/100\n|turn|24\n|\n|t:|1700316467\n|switch|p1a: Slowking|Slowking-Galar, F|73\/100\n|-damage|p1a: Slowking|61\/100|[from] Stealth Rock\n|move|p2a: Heatran|Magma Storm|p1a: Slowking\n|-damage|p1a: Slowking|39\/100\n|-activate|p1a: Slowking|move: Magma Storm|[of] p2a: Heatran\n|\n|-heal|p2a: Heatran|62\/100|[from] Grassy Terrain\n|-heal|p2a: Heatran|69\/100|[from] item: Leftovers\n|-heal|p1a: Slowking|45\/100|[from] Grassy Terrain\n|-damage|p1a: Slowking|33\/100|[from] move: Magma Storm|[partiallytrapped]\n|upkeep\n|turn|25\n|\n|t:|1700316470\n|move|p2a: Heatran|Earth Power|p1a: Slowking\n|-supereffective|p1a: Slowking\n|-damage|p1a: Slowking|6\/100\n|move|p1a: Slowking|Future Sight|p2a: Heatran\n|-start|p1a: Slowking|move: Future Sight\n|\n|-heal|p2a: Heatran|75\/100|[from] Grassy Terrain\n|-heal|p2a: Heatran|81\/100|[from] item: Leftovers\n|-heal|p1a: Slowking|12\/100|[from] Grassy Terrain\n|-damage|p1a: Slowking|0 fnt|[from] move: Magma Storm|[partiallytrapped]\n|faint|p1a: Slowking\n|upkeep\n|\n|t:|1700316472\n|switch|p1a: Kingambit|Kingambit, M|87\/100\n|-damage|p1a: Kingambit|81\/100|[from] Stealth Rock\n|-activate|p1a: Kingambit|ability: Supreme Overlord\n|-start|p1a: Kingambit|fallen3|[silent]\n|turn|26\n|\n|t:|1700316475\n|-terastallize|p1a: Kingambit|Flying\n|move|p2a: Heatran|Magma Storm|p1a: Kingambit|[miss]\n|-miss|p2a: Heatran|p1a: Kingambit\n|move|p1a: Kingambit|Low Kick|p2a: Heatran\n|-supereffective|p2a: Heatran\n|-damage|p2a: Heatran|0 fnt\n|faint|p2a: Heatran\n|\n|upkeep\n|\n|t:|1700316478\n|switch|p2a: Ogerpon|Ogerpon-Wellspring, F|100\/100\n|turn|27\n|\n|t:|1700316482\n|move|p2a: Ogerpon|Encore|p1a: Kingambit\n|-start|p1a: Kingambit|Encore\n|move|p1a: Kingambit|Low Kick|p2a: Ogerpon\n|-damage|p2a: Ogerpon|58\/100\n|\n|-end|p2a: Ogerpon|move: Future Sight\n|-damage|p2a: Ogerpon|0 fnt\n|faint|p2a: Ogerpon\n|\n|win|xcxcxxcxc\n|upkeep\n|raw|xcxcxxcxc's rating: 1549 &rarr; <strong>1570<\/strong><br \/>(+21 for winning)\n|raw|Mel2345's rating: 1571 &rarr; <strong>1550<\/strong><br \/>(-21 for losing)\n|l|\u2606Mel2345\n|c|\u2606xcxcxxcxc|gg\n","uploadtime":1700316652,"views":8,"p1id":"xcxcxxcxc","p2id":"mel2345","formatid":"gen9ou","rating":1550,"private":0,"password":""}