{"id":"gen9ou-1989313511","p1":"jeandak","p2":"Manof10000switches","format":"[Gen 9] OU","log":"|j|\u2606jeandak\n|j|\u2606Manof10000switches\n|t:|1699835196\n|gametype|singles\n|player|p1|jeandak|lucas|1071\n|player|p2|Manof10000switches|youngster-gen4dp|1136\n|teamsize|p1|6\n|teamsize|p2|6\n|gen|9\n|tier|[Gen 9] OU\n|rated|\n|rule|Sleep Clause Mod: Limit one foe put to sleep\n|rule|Species Clause: Limit one of each Pok\u00e9mon\n|rule|OHKO Clause: OHKO moves are banned\n|rule|Evasion Items Clause: Evasion items are banned\n|rule|Evasion Moves Clause: Evasion moves are banned\n|rule|Endless Battle Clause: Forcing endless battles is banned\n|rule|HP Percentage Mod: HP is shown in percentages\n|clearpoke\n|poke|p1|Glimmora, M|\n|poke|p1|Azumarill, F|\n|poke|p1|Corviknight, M|\n|poke|p1|Garchomp, M|\n|poke|p1|Espeon, M|\n|poke|p1|Rotom-Wash|\n|poke|p2|Lokix, F|\n|poke|p2|Ogerpon-Wellspring, F|\n|poke|p2|Cinderace, F|\n|poke|p2|Whiscash, F|\n|poke|p2|Zapdos|\n|poke|p2|Shiftry, M|\n|teampreview\n|inactive|Battle timer is ON: inactive players will automatically lose when time's up. (requested by Manof10000switches)\n|\n|t:|1699835204\n|start\n|switch|p1a: Corviknight|Corviknight, M|100\/100\n|switch|p2a: Whiscash|Whiscash, F|100\/100\n|turn|1\n|\n|t:|1699835210\n|move|p1a: Corviknight|Agility|p1a: Corviknight\n|-boost|p1a: Corviknight|spe|2\n|move|p2a: Whiscash|Stealth Rock|p1a: Corviknight\n|-sidestart|p1: jeandak|move: Stealth Rock\n|\n|upkeep\n|turn|2\n|\n|t:|1699835217\n|move|p1a: Corviknight|Agility|p1a: Corviknight\n|-boost|p1a: Corviknight|spe|2\n|move|p2a: Whiscash|Hydro Pump|p1a: Corviknight\n|-damage|p1a: Corviknight|58\/100\n|\n|upkeep\n|turn|3\n|\n|t:|1699835224\n|move|p1a: Corviknight|Bulk Up|p1a: Corviknight\n|-boost|p1a: Corviknight|atk|1\n|-boost|p1a: Corviknight|def|1\n|move|p2a: Whiscash|Hydro Pump|p1a: Corviknight\n|-damage|p1a: Corviknight|12\/100\n|\n|upkeep\n|turn|4\n|\n|t:|1699835233\n|move|p1a: Corviknight|Iron Head|p2a: Whiscash\n|-resisted|p2a: Whiscash\n|-damage|p2a: Whiscash|76\/100\n|-enditem|p2a: Whiscash|Red Card|[of] p1a: Corviknight\n|drag|p1a: Glimmora|Glimmora, M|100\/100\n|-damage|p1a: Glimmora|88\/100|[from] Stealth Rock\n|cant|p2a: Whiscash|flinch\n|\n|-heal|p1a: Glimmora|94\/100|[from] item: Leftovers\n|upkeep\n|turn|5\n|\n|t:|1699835245\n|move|p1a: Glimmora|Mortal Spin|p2a: Whiscash\n|-resisted|p2a: Whiscash\n|-damage|p2a: Whiscash|72\/100\n|-status|p2a: Whiscash|psn\n|-sideend|p1: jeandak|Stealth Rock|[from] move: Mortal Spin|[of] p1a: Glimmora\n|move|p2a: Whiscash|Hydro Pump|p1a: Glimmora\n|-supereffective|p1a: Glimmora\n|-damage|p1a: Glimmora|0 fnt\n|faint|p1a: Glimmora\n|\n|-damage|p2a: Whiscash|60\/100 psn|[from] psn\n|upkeep\n|\n|t:|1699835259\n|switch|p1a: Espeon|Espeon, M|100\/100\n|turn|6\n|\n|t:|1699835268\n|switch|p2a: Stormtrooper|Zapdos|100\/100\n|move|p1a: Espeon|Wish|p1a: Espeon\n|\n|upkeep\n|turn|7\n|\n|t:|1699835273\n|move|p2a: Stormtrooper|Hurricane|p1a: Espeon|[miss]\n|-miss|p2a: Stormtrooper|p1a: Espeon\n|move|p1a: Espeon|Shadow Ball|p2a: Stormtrooper\n|-damage|p2a: Stormtrooper|68\/100\n|\n|upkeep\n|turn|8\n|\n|t:|1699835281\n|move|p2a: Stormtrooper|Thunder|p1a: Espeon|[miss]\n|-miss|p2a: Stormtrooper|p1a: Espeon\n|move|p1a: Espeon|Wish|p1a: Espeon\n|\n|upkeep\n|turn|9\n|c|\u2606Manof10000switches|I\u2019m wide lens\n|c|\u2606Manof10000switches|lmaooo\n|\n|t:|1699835305\n|switch|p1a: Corviknight|Corviknight, M|12\/100\n|move|p2a: Stormtrooper|Hurricane|p1a: Corviknight\n|-resisted|p1a: Corviknight\n|-damage|p1a: Corviknight|0 fnt\n|faint|p1a: Corviknight\n|\n|upkeep\n|\n|t:|1699835313\n|switch|p1a: Rotom|Rotom-Wash|100\/100\n|turn|10\n|\n|t:|1699835318\n|switch|p1a: Garchomp|Garchomp, M|100\/100\n|move|p2a: Stormtrooper|Thunder|p1a: Garchomp\n|-immune|p1a: Garchomp\n|\n|upkeep\n|turn|11\n|\n|t:|1699835326\n|move|p2a: Stormtrooper|Hurricane|p1a: Garchomp\n|-damage|p1a: Garchomp|41\/100\n|-start|p1a: Garchomp|confusion\n|-activate|p1a: Garchomp|confusion\n|move|p1a: Garchomp|Poison Jab|p2a: Stormtrooper\n|-damage|p2a: Stormtrooper|35\/100\n|\n|upkeep\n|turn|12\n|\n|t:|1699835335\n|move|p2a: Stormtrooper|Roost|p2a: Stormtrooper\n|-heal|p2a: Stormtrooper|85\/100\n|-singleturn|p2a: Stormtrooper|move: Roost\n|-end|p1a: Garchomp|confusion\n|move|p1a: Garchomp|Poison Jab|p2a: Stormtrooper\n|-damage|p2a: Stormtrooper|53\/100\n|\n|upkeep\n|turn|13\n|\n|t:|1699835343\n|move|p2a: Stormtrooper|Hurricane|p1a: Garchomp\n|-damage|p1a: Garchomp|0 fnt\n|faint|p1a: Garchomp\n|\n|upkeep\n|\n|t:|1699835349\n|switch|p1a: Azumarill|Azumarill, F, shiny|100\/100\n|turn|14\n|\n|t:|1699835354\n|-terastallize|p1a: Azumarill|Ground\n|move|p2a: Stormtrooper|Thunder|p1a: Azumarill\n|-immune|p1a: Azumarill\n|move|p1a: Azumarill|Belly Drum|p1a: Azumarill\n|-damage|p1a: Azumarill|51\/100\n|-setboost|p1a: Azumarill|atk|6|[from] move: Belly Drum\n|\n|-heal|p1a: Azumarill|57\/100|[from] item: Leftovers\n|upkeep\n|turn|15\n|\n|t:|1699835365\n|switch|p2a: Ogerpon|Ogerpon-Wellspring, F|100\/100\n|move|p1a: Azumarill|Protect||[still]\n|-fail|p1a: Azumarill\n|\n|-heal|p1a: Azumarill|63\/100|[from] item: Leftovers\n|upkeep\n|turn|16\n|\n|t:|1699835374\n|move|p2a: Ogerpon|Ivy Cudgel|p1a: Azumarill\n|-supereffective|p1a: Azumarill\n|-damage|p1a: Azumarill|0 fnt\n|faint|p1a: Azumarill\n|\n|upkeep\n|-message|jeandak forfeited.\n|\n|win|Manof10000switches\n|raw|jeandak's rating: 1071 &rarr; <strong>1054<\/strong><br \/>(-17 for losing)\n|raw|Manof10000switches's rating: 1136 &rarr; <strong>1156<\/strong><br \/>(+20 for winning)\n|l|\u2606jeandak\n","uploadtime":1699835398,"views":18,"p1id":"jeandak","p2id":"manof10000switches","formatid":"gen9ou","rating":1054,"private":0,"password":""}