{"id":"gen9ou-1996240893","p1":"Dizay69","p2":"yyysneasel","format":"[Gen 9] OU","log":"|j|\u2606Dizay69\n|j|\u2606yyysneasel\n|t:|1700663003\n|gametype|singles\n|player|p1|Dizay69|n|1664\n|player|p2|yyysneasel|bugcatcher-gen4dp|1734\n|teamsize|p1|6\n|teamsize|p2|6\n|gen|9\n|tier|[Gen 9] OU\n|rated|\n|rule|Sleep Clause Mod: Limit one foe put to sleep\n|rule|Species Clause: Limit one of each Pok\u00e9mon\n|rule|OHKO Clause: OHKO moves are banned\n|rule|Evasion Items Clause: Evasion items are banned\n|rule|Evasion Moves Clause: Evasion moves are banned\n|rule|Endless Battle Clause: Forcing endless battles is banned\n|rule|HP Percentage Mod: HP is shown in percentages\n|clearpoke\n|poke|p1|Corviknight, F|\n|poke|p1|Clefable, M|\n|poke|p1|Meowscarada, F|\n|poke|p1|Gholdengo|\n|poke|p1|Dragonite, F|\n|poke|p1|Iron Valiant|\n|poke|p2|Corviknight, F|\n|poke|p2|Toxapex, M|\n|poke|p2|Dondozo, M|\n|poke|p2|Slowking-Galar, M|\n|poke|p2|Blissey, F|\n|poke|p2|Clefable, M|\n|teampreview\n|\n|t:|1700663014\n|start\n|switch|p1a: Clefable|Clefable, M|100\/100\n|switch|p2a: stannin on bihness|Toxapex, M|100\/100\n|turn|1\n|\n|t:|1700663019\n|move|p1a: Clefable|Stealth Rock|p2a: stannin on bihness\n|-sidestart|p2: yyysneasel|move: Stealth Rock\n|move|p2a: stannin on bihness|Infestation|p1a: Clefable\n|-resisted|p1a: Clefable\n|-damage|p1a: Clefable|99\/100\n|-activate|p1a: Clefable|move: Infestation|[of] p2a: stannin on bihness\n|\n|-heal|p1a: Clefable|100\/100|[from] item: Leftovers\n|upkeep\n|turn|2\n|\n|t:|1700663030\n|move|p1a: Clefable|Stealth Rock||[still]\n|-fail|p1a: Clefable\n|move|p2a: stannin on bihness|Surf|p1a: Clefable\n|-damage|p1a: Clefable|83\/100\n|\n|-heal|p1a: Clefable|89\/100|[from] item: Leftovers\n|upkeep\n|turn|3\n|\n|t:|1700663042\n|move|p1a: Clefable|Moonblast|p2a: stannin on bihness\n|-resisted|p2a: stannin on bihness\n|-damage|p2a: stannin on bihness|86\/100\n|move|p2a: stannin on bihness|Surf|p1a: Clefable\n|-damage|p1a: Clefable|72\/100\n|\n|-heal|p1a: Clefable|78\/100|[from] item: Leftovers\n|upkeep\n|turn|4\n|\n|t:|1700663048\n|move|p1a: Clefable|Moonblast|p2a: stannin on bihness\n|-resisted|p2a: stannin on bihness\n|-damage|p2a: stannin on bihness|74\/100\n|move|p2a: stannin on bihness|Surf|p1a: Clefable\n|-damage|p1a: Clefable|61\/100\n|\n|-heal|p1a: Clefable|67\/100|[from] item: Leftovers\n|upkeep\n|turn|5\n|\n|t:|1700663056\n|move|p1a: Clefable|Moonblast|p2a: stannin on bihness\n|-resisted|p2a: stannin on bihness\n|-damage|p2a: stannin on bihness|61\/100\n|move|p2a: stannin on bihness|Surf|p1a: Clefable\n|-damage|p1a: Clefable|47\/100\n|\n|-heal|p1a: Clefable|53\/100|[from] item: Leftovers\n|-end|p1a: Clefable|Infestation|[partiallytrapped]\n|upkeep\n|turn|6\n|\n|t:|1700663066\n|move|p1a: Clefable|Wish|p1a: Clefable\n|move|p2a: stannin on bihness|Infestation|p1a: Clefable\n|-resisted|p1a: Clefable\n|-damage|p1a: Clefable|52\/100\n|-activate|p1a: Clefable|move: Infestation|[of] p2a: stannin on bihness\n|\n|-heal|p1a: Clefable|58\/100|[from] item: Leftovers\n|upkeep\n|turn|7\n|\n|t:|1700663069\n|move|p1a: Clefable|Moonblast|p2a: stannin on bihness\n|-resisted|p2a: stannin on bihness\n|-damage|p2a: stannin on bihness|47\/100\n|-unboost|p2a: stannin on bihness|spa|1\n|move|p2a: stannin on bihness|Surf|p1a: Clefable\n|-damage|p1a: Clefable|46\/100\n|\n|-heal|p1a: Clefable|96\/100|[from] move: Wish|[wisher] Clefable\n|-heal|p1a: Clefable|100\/100|[from] item: Leftovers\n|upkeep\n|turn|8\n|\n|t:|1700663073\n|move|p1a: Clefable|Moonblast|p2a: stannin on bihness\n|-resisted|p2a: stannin on bihness\n|-damage|p2a: stannin on bihness|33\/100\n|move|p2a: stannin on bihness|Recover|p2a: stannin on bihness\n|-heal|p2a: stannin on bihness|83\/100\n|\n|upkeep\n|turn|9\n|\n|t:|1700663079\n|switch|p2a: Slowking|Slowking-Galar, M|100\/100\n|-damage|p2a: Slowking|88\/100|[from] Stealth Rock\n|move|p1a: Clefable|Moonblast|p2a: Slowking\n|-resisted|p2a: Slowking\n|-damage|p2a: Slowking|75\/100\n|-unboost|p2a: Slowking|spa|1\n|\n|-end|p1a: Clefable|Infestation|[partiallytrapped]|[silent]\n|upkeep\n|turn|10\n|\n|t:|1700663083\n|switch|p1a: Gholdengo|Gholdengo|100\/100\n|-item|p1a: Gholdengo|Air Balloon\n|move|p2a: Slowking|Trick|p1a: Gholdengo\n|-immune|p1a: Gholdengo|[from] ability: Good as Gold\n|\n|upkeep\n|turn|11\n|j| mew852\n|\n|t:|1700663091\n|switch|p1a: Meowscarada|Meowscarada, F|100\/100\n|switch|p2a: ban dengo ffs|Blissey, F|100\/100\n|\n|upkeep\n|turn|12\n|\n|t:|1700663096\n|switch|p2a: stannin on bihness|Toxapex, M|100\/100\n|move|p1a: Meowscarada|Knock Off|p2a: stannin on bihness\n|-start|p1a: Meowscarada|typechange|Dark|[from] ability: Protean\n|-damage|p2a: stannin on bihness|62\/100\n|-enditem|p2a: stannin on bihness|Heavy-Duty Boots|[from] move: Knock Off|[of] p1a: Meowscarada\n|\n|upkeep\n|turn|13\n|\n|t:|1700663105\n|switch|p1a: Corviknight|Corviknight, F|100\/100\n|-ability|p1a: Corviknight|Pressure\n|move|p2a: stannin on bihness|Infestation|p1a: Corviknight\n|-resisted|p1a: Corviknight\n|-damage|p1a: Corviknight|99\/100\n|-activate|p1a: Corviknight|move: Infestation|[of] p2a: stannin on bihness\n|-damage|p2a: stannin on bihness|45\/100|[from] item: Rocky Helmet|[of] p1a: Corviknight\n|\n|-damage|p1a: Corviknight|87\/100|[from] move: Infestation|[partiallytrapped]\n|upkeep\n|turn|14\n|\n|t:|1700663107\n|move|p1a: Corviknight|U-turn|p2a: stannin on bihness\n|-resisted|p2a: stannin on bihness\n|-damage|p2a: stannin on bihness|41\/100\n|\n|t:|1700663116\n|switch|p1a: Iron Valiant|Iron Valiant|100\/100|[from] U-turn\n|move|p2a: stannin on bihness|Recover|p2a: stannin on bihness\n|-heal|p2a: stannin on bihness|91\/100\n|\n|upkeep\n|turn|15\n|\n|t:|1700663119\n|-end|p1a: Iron Valiant|Quark Drive|[silent]\n|switch|p1a: Corviknight|Corviknight, F|87\/100\n|-ability|p1a: Corviknight|Pressure\n|move|p2a: stannin on bihness|Toxic|p1a: Corviknight\n|-immune|p1a: Corviknight\n|\n|upkeep\n|turn|16\n|\n|t:|1700663122\n|move|p1a: Corviknight|Brave Bird|p2a: stannin on bihness\n|-damage|p2a: stannin on bihness|69\/100\n|-damage|p1a: Corviknight|82\/100|[from] Recoil\n|move|p2a: stannin on bihness|Infestation|p1a: Corviknight\n|-resisted|p1a: Corviknight\n|-damage|p1a: Corviknight|81\/100\n|-activate|p1a: Corviknight|move: Infestation|[of] p2a: stannin on bihness\n|-damage|p2a: stannin on bihness|52\/100|[from] item: Rocky Helmet|[of] p1a: Corviknight\n|\n|-damage|p1a: Corviknight|68\/100|[from] move: Infestation|[partiallytrapped]\n|upkeep\n|turn|17\n|\n|t:|1700663127\n|move|p1a: Corviknight|U-turn|p2a: stannin on bihness\n|-resisted|p2a: stannin on bihness\n|-damage|p2a: stannin on bihness|48\/100\n|\n|t:|1700663131\n|switch|p1a: Meowscarada|Meowscarada, F|100\/100|[from] U-turn\n|move|p2a: stannin on bihness|Recover|p2a: stannin on bihness\n|-heal|p2a: stannin on bihness|99\/100\n|\n|upkeep\n|turn|18\n|\n|t:|1700663133\n|move|p1a: Meowscarada|U-turn|p2a: stannin on bihness\n|-start|p1a: Meowscarada|typechange|Bug|[from] ability: Protean\n|-resisted|p2a: stannin on bihness\n|-crit|p2a: stannin on bihness\n|-damage|p2a: stannin on bihness|76\/100\n|\n|t:|1700663136\n|switch|p1a: Corviknight|Corviknight, F|68\/100|[from] U-turn\n|-ability|p1a: Corviknight|Pressure\n|move|p2a: stannin on bihness|Infestation|p1a: Corviknight\n|-resisted|p1a: Corviknight\n|-damage|p1a: Corviknight|68\/100\n|-activate|p1a: Corviknight|move: Infestation|[of] p2a: stannin on bihness\n|-damage|p2a: stannin on bihness|60\/100|[from] item: Rocky Helmet|[of] p1a: Corviknight\n|\n|-damage|p1a: Corviknight|55\/100|[from] move: Infestation|[partiallytrapped]\n|upkeep\n|turn|19\n|\n|t:|1700663140\n|move|p1a: Corviknight|U-turn|p2a: stannin on bihness\n|-resisted|p2a: stannin on bihness\n|-damage|p2a: stannin on bihness|55\/100\n|\n|t:|1700663143\n|switch|p1a: Clefable|Clefable, M|100\/100|[from] U-turn\n|move|p2a: stannin on bihness|Surf|p1a: Clefable\n|-damage|p1a: Clefable|83\/100\n|\n|-heal|p1a: Clefable|89\/100|[from] item: Leftovers\n|upkeep\n|turn|20\n|\n|t:|1700663151\n|switch|p2a: Slowking|Slowking-Galar, M|100\/100\n|-damage|p2a: Slowking|88\/100|[from] Stealth Rock\n|move|p1a: Clefable|Moonblast|p2a: Slowking\n|-resisted|p2a: Slowking\n|-damage|p2a: Slowking|73\/100\n|\n|-heal|p1a: Clefable|95\/100|[from] item: Leftovers\n|upkeep\n|turn|21\n|\n|t:|1700663159\n|move|p2a: Slowking|Future Sight|p1a: Clefable\n|-start|p2a: Slowking|move: Future Sight\n|move|p1a: Clefable|Wish|p1a: Clefable\n|\n|-heal|p1a: Clefable|100\/100|[from] item: Leftovers\n|upkeep\n|turn|22\n|\n|t:|1700663166\n|switch|p2a: stannin on bihness|Toxapex, M|89\/100\n|-damage|p2a: stannin on bihness|76\/100|[from] Stealth Rock\n|switch|p1a: Gholdengo|Gholdengo|100\/100\n|-item|p1a: Gholdengo|Air Balloon\n|\n|upkeep\n|turn|23\n|\n|t:|1700663172\n|move|p1a: Gholdengo|Nasty Plot|p1a: Gholdengo\n|-boost|p1a: Gholdengo|spa|2\n|move|p2a: stannin on bihness|Surf|p1a: Gholdengo\n|-damage|p1a: Gholdengo|76\/100\n|-enditem|p1a: Gholdengo|Air Balloon\n|\n|-end|p1a: Gholdengo|move: Future Sight\n|-resisted|p1a: Gholdengo\n|-damage|p1a: Gholdengo|45\/100\n|upkeep\n|turn|24\n|\n|t:|1700663177\n|switch|p2a: ban dengo ffs|Blissey, F|100\/100\n|move|p1a: Gholdengo|Recover|p1a: Gholdengo\n|-heal|p1a: Gholdengo|95\/100\n|\n|upkeep\n|turn|25\n|\n|t:|1700663181\n|move|p1a: Gholdengo|Nasty Plot|p1a: Gholdengo\n|-boost|p1a: Gholdengo|spa|2\n|move|p2a: ban dengo ffs|Flamethrower|p1a: Gholdengo\n|-supereffective|p1a: Gholdengo\n|-damage|p1a: Gholdengo|58\/100\n|\n|upkeep\n|turn|26\n|\n|t:|1700663184\n|move|p1a: Gholdengo|Make It Rain|p2a: ban dengo ffs\n|-damage|p2a: ban dengo ffs|36\/100\n|-unboost|p1a: Gholdengo|spa|1\n|move|p2a: ban dengo ffs|Flamethrower|p1a: Gholdengo\n|-supereffective|p1a: Gholdengo\n|-damage|p1a: Gholdengo|19\/100\n|\n|upkeep\n|turn|27\n|\n|t:|1700663186\n|move|p1a: Gholdengo|Make It Rain|p2a: ban dengo ffs\n|-damage|p2a: ban dengo ffs|0 fnt\n|-unboost|p1a: Gholdengo|spa|1\n|faint|p2a: ban dengo ffs\n|\n|upkeep\n|\n|t:|1700663189\n|switch|p2a: Ripbozo \ud83d\ude02 \ud83d\ude02|Dondozo, M|100\/100\n|-damage|p2a: Ripbozo \ud83d\ude02 \ud83d\ude02|88\/100|[from] Stealth Rock\n|turn|28\n|\n|t:|1700663197\n|move|p1a: Gholdengo|Recover|p1a: Gholdengo\n|-heal|p1a: Gholdengo|69\/100\n|move|p2a: Ripbozo \ud83d\ude02 \ud83d\ude02|Wave Crash|p1a: Gholdengo\n|-damage|p1a: Gholdengo|22\/100\n|-damage|p2a: Ripbozo \ud83d\ude02 \ud83d\ude02|78\/100|[from] Recoil\n|\n|-heal|p2a: Ripbozo \ud83d\ude02 \ud83d\ude02|84\/100|[from] item: Leftovers\n|upkeep\n|turn|29\n|\n|t:|1700663204\n|switch|p1a: Corviknight|Corviknight, F|55\/100\n|-ability|p1a: Corviknight|Pressure\n|move|p2a: Ripbozo \ud83d\ude02 \ud83d\ude02|Wave Crash|p1a: Corviknight\n|-damage|p1a: Corviknight|29\/100\n|-damage|p2a: Ripbozo \ud83d\ude02 \ud83d\ude02|68\/100|[from] item: Rocky Helmet|[of] p1a: Corviknight\n|-damage|p2a: Ripbozo \ud83d\ude02 \ud83d\ude02|61\/100|[from] Recoil\n|\n|-heal|p2a: Ripbozo \ud83d\ude02 \ud83d\ude02|67\/100|[from] item: Leftovers\n|upkeep\n|turn|30\n|\n|t:|1700663208\n|move|p1a: Corviknight|U-turn|p2a: Ripbozo \ud83d\ude02 \ud83d\ude02\n|-damage|p2a: Ripbozo \ud83d\ude02 \ud83d\ude02|60\/100\n|\n|t:|1700663212\n|switch|p1a: Clefable|Clefable, M|100\/100|[from] U-turn\n|move|p2a: Ripbozo \ud83d\ude02 \ud83d\ude02|Curse|p2a: Ripbozo \ud83d\ude02 \ud83d\ude02\n|-unboost|p2a: Ripbozo \ud83d\ude02 \ud83d\ude02|spe|1\n|-boost|p2a: Ripbozo \ud83d\ude02 \ud83d\ude02|atk|1\n|-boost|p2a: Ripbozo \ud83d\ude02 \ud83d\ude02|def|1\n|\n|-heal|p2a: Ripbozo \ud83d\ude02 \ud83d\ude02|67\/100|[from] item: Leftovers\n|upkeep\n|turn|31\n|\n|t:|1700663216\n|switch|p2a: Slowking|Slowking-Galar, M|100\/100\n|-damage|p2a: Slowking|88\/100|[from] Stealth Rock\n|move|p1a: Clefable|Moonblast|p2a: Slowking\n|-resisted|p2a: Slowking\n|-damage|p2a: Slowking|74\/100\n|\n|upkeep\n|turn|32\n|\n|t:|1700663219\n|move|p2a: Slowking|Future Sight|p1a: Clefable\n|-start|p2a: Slowking|move: Future Sight\n|move|p1a: Clefable|Wish|p1a: Clefable\n|\n|upkeep\n|turn|33\n|\n|t:|1700663225\n|switch|p2a: Ripbozo \ud83d\ude02 \ud83d\ude02|Dondozo, M|67\/100\n|-damage|p2a: Ripbozo \ud83d\ude02 \ud83d\ude02|54\/100|[from] Stealth Rock\n|switch|p1a: Gholdengo|Gholdengo|22\/100\n|\n|-heal|p1a: Gholdengo|85\/100|[from] move: Wish|[wisher] Clefable\n|-heal|p2a: Ripbozo \ud83d\ude02 \ud83d\ude02|60\/100|[from] item: Leftovers\n|upkeep\n|turn|34\n|\n|t:|1700663233\n|switch|p1a: Meowscarada|Meowscarada, F|100\/100\n|move|p2a: Ripbozo \ud83d\ude02 \ud83d\ude02|Rest|p2a: Ripbozo \ud83d\ude02 \ud83d\ude02\n|-status|p2a: Ripbozo \ud83d\ude02 \ud83d\ude02|slp|[from] move: Rest\n|-heal|p2a: Ripbozo \ud83d\ude02 \ud83d\ude02|100\/100 slp|[silent]\n|\n|-end|p1a: Meowscarada|move: Future Sight\n|-immune|p1a: Meowscarada\n|upkeep\n|turn|35\n|\n|t:|1700663238\n|switch|p2a: stannin on bihness|Toxapex, M|100\/100\n|-damage|p2a: stannin on bihness|88\/100|[from] Stealth Rock\n|move|p1a: Meowscarada|U-turn|p2a: stannin on bihness\n|-start|p1a: Meowscarada|typechange|Bug|[from] ability: Protean\n|-resisted|p2a: stannin on bihness\n|-damage|p2a: stannin on bihness|74\/100\n|\n|t:|1700663240\n|switch|p1a: Gholdengo|Gholdengo|85\/100|[from] U-turn\n|\n|upkeep\n|turn|36\n|\n|t:|1700663245\n|switch|p2a: It's Joever|Clefable, M|100\/100\n|move|p1a: Gholdengo|Shadow Ball|p2a: It's Joever\n|-damage|p2a: It's Joever|72\/100\n|\n|upkeep\n|turn|37\n|\n|t:|1700663266\n|-terastallize|p2a: It's Joever|Dark\n|move|p1a: Gholdengo|Shadow Ball|p2a: It's Joever\n|-resisted|p2a: It's Joever\n|-damage|p2a: It's Joever|58\/100\n|move|p2a: It's Joever|Wish|p2a: It's Joever\n|\n|upkeep\n|turn|38\n|\n|t:|1700663277\n|switch|p1a: Corviknight|Corviknight, F|29\/100\n|-ability|p1a: Corviknight|Pressure\n|move|p2a: It's Joever|Knock Off|p1a: Corviknight\n|-damage|p1a: Corviknight|14\/100\n|-damage|p2a: It's Joever|42\/100|[from] item: Rocky Helmet|[of] p1a: Corviknight\n|-enditem|p1a: Corviknight|Rocky Helmet|[from] move: Knock Off|[of] p2a: It's Joever\n|\n|-heal|p2a: It's Joever|92\/100|[from] move: Wish|[wisher] It's Joever\n|upkeep\n|turn|39\n|\n|t:|1700663280\n|move|p1a: Corviknight|Roost|p1a: Corviknight\n|-heal|p1a: Corviknight|64\/100\n|-singleturn|p1a: Corviknight|move: Roost\n|move|p2a: It's Joever|Wish|p2a: It's Joever\n|\n|upkeep\n|turn|40\n|\n|t:|1700663285\n|move|p1a: Corviknight|U-turn|p2a: It's Joever\n|-supereffective|p2a: It's Joever\n|-damage|p2a: It's Joever|61\/100\n|\n|t:|1700663287\n|switch|p1a: Iron Valiant|Iron Valiant|100\/100|[from] U-turn\n|move|p2a: It's Joever|Knock Off|p1a: Iron Valiant\n|-resisted|p1a: Iron Valiant\n|-crit|p1a: Iron Valiant\n|-damage|p1a: Iron Valiant|89\/100\n|-enditem|p1a: Iron Valiant|Choice Scarf|[from] move: Knock Off|[of] p2a: It's Joever\n|\n|-heal|p2a: It's Joever|100\/100|[from] move: Wish|[wisher] It's Joever\n|upkeep\n|turn|41\n|\n|t:|1700663294\n|switch|p2a: stannin on bihness|Toxapex, M|100\/100\n|-damage|p2a: stannin on bihness|88\/100|[from] Stealth Rock\n|move|p1a: Iron Valiant|Psyshock|p2a: stannin on bihness\n|-supereffective|p2a: stannin on bihness\n|-damage|p2a: stannin on bihness|57\/100\n|\n|upkeep\n|turn|42\n|\n|t:|1700663302\n|-end|p1a: Iron Valiant|Quark Drive|[silent]\n|switch|p1a: Gholdengo|Gholdengo|85\/100\n|move|p2a: stannin on bihness|Toxic|p1a: Gholdengo\n|-immune|p1a: Gholdengo|[from] ability: Good as Gold\n|\n|upkeep\n|turn|43\n|\n|t:|1700663309\n|switch|p2a: It's Joever|Clefable, M, tera:Dark|100\/100\n|move|p1a: Gholdengo|Nasty Plot|p1a: Gholdengo\n|-boost|p1a: Gholdengo|spa|2\n|\n|upkeep\n|turn|44\n|\n|t:|1700663311\n|move|p1a: Gholdengo|Make It Rain|p2a: It's Joever\n|-damage|p2a: It's Joever|58\/100\n|-unboost|p1a: Gholdengo|spa|1\n|move|p2a: It's Joever|Wish|p2a: It's Joever\n|\n|upkeep\n|turn|45\n|\n|t:|1700663324\n|move|p1a: Gholdengo|Make It Rain|p2a: It's Joever\n|-damage|p2a: It's Joever|14\/100\n|-unboost|p1a: Gholdengo|spa|1\n|move|p2a: It's Joever|Moonblast|p1a: Gholdengo\n|-resisted|p1a: Gholdengo\n|-damage|p1a: Gholdengo|66\/100\n|-unboost|p1a: Gholdengo|spa|1\n|\n|-heal|p2a: It's Joever|64\/100|[from] move: Wish|[wisher] It's Joever\n|upkeep\n|turn|46\n|\n|t:|1700663327\n|switch|p1a: Meowscarada|Meowscarada, F|100\/100\n|move|p2a: It's Joever|Wish|p2a: It's Joever\n|\n|upkeep\n|turn|47\n|\n|t:|1700663330\n|move|p2a: It's Joever|Protect|p2a: It's Joever\n|-singleturn|p2a: It's Joever|Protect\n|move|p1a: Meowscarada|U-turn|p2a: It's Joever\n|-start|p1a: Meowscarada|typechange|Bug|[from] ability: Protean\n|-activate|p2a: It's Joever|move: Protect\n|\n|-heal|p2a: It's Joever|100\/100|[from] move: Wish|[wisher] It's Joever\n|upkeep\n|turn|48\n|\n|t:|1700663332\n|switch|p2a: stannin on bihness|Toxapex, M|90\/100\n|-damage|p2a: stannin on bihness|78\/100|[from] Stealth Rock\n|move|p1a: Meowscarada|U-turn|p2a: stannin on bihness\n|-resisted|p2a: stannin on bihness\n|-damage|p2a: stannin on bihness|63\/100\n|\n|t:|1700663343\n|switch|p1a: Gholdengo|Gholdengo|66\/100|[from] U-turn\n|\n|upkeep\n|turn|49\n|\n|t:|1700663347\n|switch|p2a: It's Joever|Clefable, M, tera:Dark|100\/100\n|move|p1a: Gholdengo|Make It Rain|p2a: It's Joever\n|-damage|p2a: It's Joever|55\/100\n|-unboost|p1a: Gholdengo|spa|1\n|\n|upkeep\n|turn|50\n|\n|t:|1700663352\n|move|p1a: Gholdengo|Make It Rain|p2a: It's Joever\n|-damage|p2a: It's Joever|14\/100\n|-unboost|p1a: Gholdengo|spa|1\n|move|p2a: It's Joever|Wish|p2a: It's Joever\n|\n|upkeep\n|turn|51\n|\n|t:|1700663359\n|switch|p1a: Iron Valiant|Iron Valiant|89\/100\n|move|p2a: It's Joever|Protect||[still]\n|-fail|p2a: It's Joever\n|\n|-heal|p2a: It's Joever|64\/100|[from] move: Wish|[wisher] It's Joever\n|upkeep\n|turn|52\n|\n|t:|1700663367\n|move|p2a: It's Joever|Protect|p2a: It's Joever\n|-singleturn|p2a: It's Joever|Protect\n|move|p1a: Iron Valiant|Psyshock|p2a: It's Joever\n|-activate|p2a: It's Joever|move: Protect\n|\n|upkeep\n|turn|53\n|\n|t:|1700663375\n|switch|p2a: stannin on bihness|Toxapex, M|96\/100\n|-damage|p2a: stannin on bihness|84\/100|[from] Stealth Rock\n|move|p1a: Iron Valiant|Close Combat|p2a: stannin on bihness\n|-resisted|p2a: stannin on bihness\n|-damage|p2a: stannin on bihness|69\/100\n|-unboost|p1a: Iron Valiant|def|1\n|-unboost|p1a: Iron Valiant|spd|1\n|\n|upkeep\n|turn|54\n|\n|t:|1700663385\n|-end|p1a: Iron Valiant|Quark Drive|[silent]\n|switch|p1a: Clefable|Clefable, M|100\/100\n|switch|p2a: It's Joever|Clefable, M, tera:Dark|64\/100\n|\n|upkeep\n|turn|55\n|\n|t:|1700663393\n|switch|p2a: Slowking|Slowking-Galar, M|100\/100\n|-damage|p2a: Slowking|88\/100|[from] Stealth Rock\n|move|p1a: Clefable|Moonblast|p2a: Slowking\n|-resisted|p2a: Slowking\n|-damage|p2a: Slowking|74\/100\n|-unboost|p2a: Slowking|spa|1\n|\n|upkeep\n|turn|56\n|\n|t:|1700663399\n|switch|p1a: Gholdengo|Gholdengo|66\/100\n|move|p2a: Slowking|Future Sight|p1a: Gholdengo\n|-start|p2a: Slowking|move: Future Sight\n|\n|upkeep\n|turn|57\n|\n|t:|1700663402\n|switch|p2a: stannin on bihness|Toxapex, M|100\/100\n|-damage|p2a: stannin on bihness|88\/100|[from] Stealth Rock\n|move|p1a: Gholdengo|Recover|p1a: Gholdengo\n|-heal|p1a: Gholdengo|100\/100\n|\n|upkeep\n|turn|58\n|\n|t:|1700663409\n|switch|p1a: Clefable|Clefable, M|100\/100\n|switch|p2a: It's Joever|Clefable, M, tera:Dark|64\/100\n|\n|-end|p1a: Clefable|move: Future Sight\n|-damage|p1a: Clefable|48\/100\n|-heal|p1a: Clefable|54\/100|[from] item: Leftovers\n|upkeep\n|turn|59\n|\n|t:|1700663415\n|move|p1a: Clefable|Moonblast|p2a: It's Joever\n|-supereffective|p2a: It's Joever\n|-damage|p2a: It's Joever|23\/100\n|-unboost|p2a: It's Joever|spa|1\n|move|p2a: It's Joever|Wish|p2a: It's Joever\n|\n|-heal|p1a: Clefable|60\/100|[from] item: Leftovers\n|upkeep\n|turn|60\n|\n|t:|1700663432\n|move|p2a: It's Joever|Protect|p2a: It's Joever\n|-singleturn|p2a: It's Joever|Protect\n|move|p1a: Clefable|Wish|p1a: Clefable\n|\n|-heal|p2a: It's Joever|73\/100|[from] move: Wish|[wisher] It's Joever\n|-heal|p1a: Clefable|66\/100|[from] item: Leftovers\n|upkeep\n|turn|61\n|\n|t:|1700663447\n|move|p1a: Clefable|Moonblast|p2a: It's Joever\n|-supereffective|p2a: It's Joever\n|-damage|p2a: It's Joever|33\/100\n|move|p2a: It's Joever|Wish|p2a: It's Joever\n|\n|-heal|p1a: Clefable|100\/100|[from] move: Wish|[wisher] Clefable\n|upkeep\n|turn|62\n|\n|t:|1700663457\n|switch|p1a: Meowscarada|Meowscarada, F|100\/100\n|move|p2a: It's Joever|Protect||[still]\n|-fail|p2a: It's Joever\n|\n|-heal|p2a: It's Joever|83\/100|[from] move: Wish|[wisher] It's Joever\n|upkeep\n|turn|63\n|\n|t:|1700663467\n|move|p2a: It's Joever|Protect|p2a: It's Joever\n|-singleturn|p2a: It's Joever|Protect\n|move|p1a: Meowscarada|U-turn|p2a: It's Joever\n|-start|p1a: Meowscarada|typechange|Bug|[from] ability: Protean\n|-activate|p2a: It's Joever|move: Protect\n|\n|upkeep\n|turn|64\n|\n|t:|1700663488\n|switch|p2a: stannin on bihness|Toxapex, M|100\/100\n|-damage|p2a: stannin on bihness|88\/100|[from] Stealth Rock\n|move|p1a: Meowscarada|U-turn|p2a: stannin on bihness\n|-resisted|p2a: stannin on bihness\n|-damage|p2a: stannin on bihness|74\/100\n|j| Antonyo4\n|\n|t:|1700663502\n|switch|p1a: Clefable|Clefable, M|100\/100|[from] U-turn\n|\n|upkeep\n|turn|65\n|\n|t:|1700663516\n|move|p1a: Clefable|Wish|p1a: Clefable\n|move|p2a: stannin on bihness|Infestation|p1a: Clefable\n|-resisted|p1a: Clefable\n|-damage|p1a: Clefable|99\/100\n|-activate|p1a: Clefable|move: Infestation|[of] p2a: stannin on bihness\n|\n|-heal|p1a: Clefable|100\/100|[from] item: Leftovers\n|upkeep\n|turn|66\n|\n|t:|1700663533\n|move|p1a: Clefable|Moonblast|p2a: stannin on bihness\n|-resisted|p2a: stannin on bihness\n|-damage|p2a: stannin on bihness|62\/100\n|move|p2a: stannin on bihness|Surf|p1a: Clefable\n|-damage|p1a: Clefable|81\/100\n|\n|-heal|p1a: Clefable|100\/100|[from] move: Wish|[wisher] Clefable\n|upkeep\n|turn|67\n|\n|t:|1700663545\n|move|p1a: Clefable|Stealth Rock||[still]\n|-fail|p1a: Clefable\n|move|p2a: stannin on bihness|Surf|p1a: Clefable\n|-damage|p1a: Clefable|83\/100\n|\n|-heal|p1a: Clefable|90\/100|[from] item: Leftovers\n|upkeep\n|turn|68\n|\n|t:|1700663563\n|move|p1a: Clefable|Stealth Rock||[still]\n|-fail|p1a: Clefable\n|move|p2a: stannin on bihness|Surf|p1a: Clefable\n|-damage|p1a: Clefable|71\/100\n|\n|-heal|p1a: Clefable|77\/100|[from] item: Leftovers\n|upkeep\n|turn|69\n|\n|t:|1700663581\n|move|p1a: Clefable|Stealth Rock||[still]\n|-fail|p1a: Clefable\n|move|p2a: stannin on bihness|Surf|p1a: Clefable\n|-damage|p1a: Clefable|60\/100\n|\n|-heal|p1a: Clefable|66\/100|[from] item: Leftovers\n|-end|p1a: Clefable|Infestation|[partiallytrapped]\n|upkeep\n|turn|70\n|inactive|Battle timer is ON: inactive players will automatically lose when time's up. (requested by yyysneasel)\n|\n|t:|1700663593\n|move|p1a: Clefable|Stealth Rock||[still]\n|-fail|p1a: Clefable\n|move|p2a: stannin on bihness|Infestation|p1a: Clefable\n|-resisted|p1a: Clefable\n|-damage|p1a: Clefable|64\/100\n|-activate|p1a: Clefable|move: Infestation|[of] p2a: stannin on bihness\n|\n|-heal|p1a: Clefable|70\/100|[from] item: Leftovers\n|upkeep\n|turn|71\n|\n|t:|1700663601\n|switch|p2a: Slowking|Slowking-Galar, M|100\/100\n|-damage|p2a: Slowking|88\/100|[from] Stealth Rock\n|move|p1a: Clefable|Stealth Rock||[still]\n|-fail|p1a: Clefable\n|\n|-heal|p1a: Clefable|76\/100|[from] item: Leftovers\n|-end|p1a: Clefable|Infestation|[partiallytrapped]|[silent]\n|upkeep\n|turn|72\n|\n|t:|1700663617\n|switch|p1a: Gholdengo|Gholdengo|100\/100\n|move|p2a: Slowking|Future Sight|p1a: Gholdengo\n|-start|p2a: Slowking|move: Future Sight\n|\n|upkeep\n|turn|73\n|\n|t:|1700663636\n|switch|p2a: It's Joever|Clefable, M, tera:Dark|83\/100\n|move|p1a: Gholdengo|Shadow Ball|p2a: It's Joever\n|-resisted|p2a: It's Joever\n|-damage|p2a: It's Joever|68\/100\n|\n|upkeep\n|turn|74\n|inactive|Dizay69 has 120 seconds left.\n|\n|t:|1700663656\n|switch|p1a: Meowscarada|Meowscarada, F|100\/100\n|move|p2a: It's Joever|Wish|p2a: It's Joever\n|\n|-end|p1a: Meowscarada|move: Future Sight\n|-immune|p1a: Meowscarada\n|upkeep\n|turn|75\n|\n|t:|1700663663\n|move|p2a: It's Joever|Protect|p2a: It's Joever\n|-singleturn|p2a: It's Joever|Protect\n|move|p1a: Meowscarada|U-turn|p2a: It's Joever\n|-start|p1a: Meowscarada|typechange|Bug|[from] ability: Protean\n|-activate|p2a: It's Joever|move: Protect\n|\n|-heal|p2a: It's Joever|100\/100|[from] move: Wish|[wisher] It's Joever\n|upkeep\n|turn|76\n|\n|t:|1700663668\n|switch|p2a: stannin on bihness|Toxapex, M|95\/100\n|-damage|p2a: stannin on bihness|83\/100|[from] Stealth Rock\n|move|p1a: Meowscarada|U-turn|p2a: stannin on bihness\n|-resisted|p2a: stannin on bihness\n|-damage|p2a: stannin on bihness|68\/100\n|\n|t:|1700663680\n|switch|p1a: Iron Valiant|Iron Valiant|89\/100|[from] U-turn\n|\n|upkeep\n|turn|77\n|\n|t:|1700663683\n|-end|p1a: Iron Valiant|Quark Drive|[silent]\n|switch|p1a: Clefable|Clefable, M|76\/100\n|move|p2a: stannin on bihness|Toxic|p1a: Clefable\n|-status|p1a: Clefable|tox\n|\n|-heal|p1a: Clefable|82\/100 tox|[from] item: Leftovers\n|upkeep\n|turn|78\n|\n|t:|1700663696\n|move|p1a: Clefable|Moonblast|p2a: stannin on bihness\n|-resisted|p2a: stannin on bihness\n|-damage|p2a: stannin on bihness|55\/100\n|move|p2a: stannin on bihness|Infestation|p1a: Clefable\n|-resisted|p1a: Clefable\n|-damage|p1a: Clefable|81\/100 tox\n|-activate|p1a: Clefable|move: Infestation|[of] p2a: stannin on bihness\n|\n|-heal|p1a: Clefable|87\/100 tox|[from] item: Leftovers\n|upkeep\n|turn|79\n|\n|t:|1700663702\n|switch|p2a: Slowking|Slowking-Galar, M|100\/100\n|-damage|p2a: Slowking|88\/100|[from] Stealth Rock\n|move|p1a: Clefable|Moonblast|p2a: Slowking\n|-resisted|p2a: Slowking\n|-damage|p2a: Slowking|74\/100\n|\n|-heal|p1a: Clefable|93\/100 tox|[from] item: Leftovers\n|-end|p1a: Clefable|Infestation|[partiallytrapped]|[silent]\n|upkeep\n|turn|80\n|\n|t:|1700663707\n|switch|p1a: Gholdengo|Gholdengo|100\/100\n|move|p2a: Slowking|Future Sight|p1a: Gholdengo\n|-start|p2a: Slowking|move: Future Sight\n|\n|upkeep\n|turn|81\n|\n|t:|1700663714\n|switch|p2a: It's Joever|Clefable, M, tera:Dark|100\/100\n|move|p1a: Gholdengo|Shadow Ball|p2a: It's Joever\n|-resisted|p2a: It's Joever\n|-damage|p2a: It's Joever|85\/100\n|\n|upkeep\n|turn|82\n|\n|t:|1700663722\n|switch|p1a: Corviknight|Corviknight, F|64\/100\n|-ability|p1a: Corviknight|Pressure\n|move|p2a: It's Joever|Moonblast|p1a: Corviknight\n|-resisted|p1a: Corviknight\n|-damage|p1a: Corviknight|50\/100\n|-unboost|p1a: Corviknight|spa|1\n|\n|-end|p1a: Corviknight|move: Future Sight\n|-resisted|p1a: Corviknight\n|-damage|p1a: Corviknight|26\/100\n|upkeep\n|turn|83\n|\n|t:|1700663726\n|move|p1a: Corviknight|Roost|p1a: Corviknight\n|-heal|p1a: Corviknight|76\/100\n|-singleturn|p1a: Corviknight|move: Roost\n|move|p2a: It's Joever|Wish|p2a: It's Joever\n|\n|upkeep\n|turn|84\n|\n|t:|1700663730\n|move|p1a: Corviknight|Brave Bird|p2a: It's Joever\n|-damage|p2a: It's Joever|47\/100\n|-damage|p1a: Corviknight|63\/100|[from] Recoil\n|move|p2a: It's Joever|Moonblast|p1a: Corviknight\n|-resisted|p1a: Corviknight\n|-damage|p1a: Corviknight|48\/100\n|-unboost|p1a: Corviknight|spa|1\n|\n|-heal|p2a: It's Joever|97\/100|[from] move: Wish|[wisher] It's Joever\n|upkeep\n|turn|85\n|\n|t:|1700663745\n|switch|p2a: stannin on bihness|Toxapex, M|88\/100\n|-damage|p2a: stannin on bihness|76\/100|[from] Stealth Rock\n|move|p1a: Corviknight|Roost|p1a: Corviknight\n|-heal|p1a: Corviknight|98\/100\n|-singleturn|p1a: Corviknight|move: Roost\n|\n|upkeep\n|turn|86\n|\n|t:|1700663763\n|move|p1a: Corviknight|Brave Bird|p2a: stannin on bihness\n|-damage|p2a: stannin on bihness|54\/100\n|-damage|p1a: Corviknight|93\/100|[from] Recoil\n|move|p2a: stannin on bihness|Infestation|p1a: Corviknight\n|-resisted|p1a: Corviknight\n|-damage|p1a: Corviknight|92\/100\n|-activate|p1a: Corviknight|move: Infestation|[of] p2a: stannin on bihness\n|\n|-damage|p1a: Corviknight|80\/100|[from] move: Infestation|[partiallytrapped]\n|upkeep\n|turn|87\n|\n|t:|1700663769\n|move|p1a: Corviknight|U-turn|p2a: stannin on bihness\n|-resisted|p2a: stannin on bihness\n|-damage|p2a: stannin on bihness|50\/100\n|\n|t:|1700663790\n|switch|p1a: Clefable|Clefable, M|93\/100 tox|[from] U-turn\n|move|p2a: stannin on bihness|Surf|p1a: Clefable\n|-damage|p1a: Clefable|76\/100 tox\n|\n|-heal|p1a: Clefable|82\/100 tox|[from] item: Leftovers\n|upkeep\n|turn|88\n|inactive|Dizay69 has 120 seconds left.\n|\n|t:|1700663815\n|move|p1a: Clefable|Stealth Rock||[still]\n|-fail|p1a: Clefable\n|move|p2a: stannin on bihness|Infestation|p1a: Clefable\n|-resisted|p1a: Clefable\n|-damage|p1a: Clefable|81\/100 tox\n|-activate|p1a: Clefable|move: Infestation|[of] p2a: stannin on bihness\n|\n|-heal|p1a: Clefable|87\/100 tox|[from] item: Leftovers\n|upkeep\n|turn|89\n|\n|t:|1700663824\n|switch|p2a: Slowking|Slowking-Galar, M|100\/100\n|-damage|p2a: Slowking|88\/100|[from] Stealth Rock\n|move|p1a: Clefable|Stealth Rock||[still]\n|-fail|p1a: Clefable\n|\n|-heal|p1a: Clefable|93\/100 tox|[from] item: Leftovers\n|-end|p1a: Clefable|Infestation|[partiallytrapped]|[silent]\n|upkeep\n|turn|90\n|inactive|Dizay69 has 90 seconds left.\n|\n|t:|1700663851\n|move|p2a: Slowking|Trick|p1a: Clefable\n|-activate|p2a: Slowking|move: Trick|[of] p1a: Clefable\n|-item|p1a: Clefable|Choice Scarf|[from] move: Trick\n|-item|p2a: Slowking|Leftovers|[from] move: Trick\n|move|p1a: Clefable|Stealth Rock||[still]\n|-fail|p1a: Clefable\n|\n|-heal|p2a: Slowking|94\/100|[from] item: Leftovers\n|upkeep\n|turn|91\n|inactive|Dizay69 has 90 seconds left.\n|\n|t:|1700663858\n|switch|p1a: Gholdengo|Gholdengo|100\/100\n|move|p2a: Slowking|Future Sight|p1a: Gholdengo\n|-start|p2a: Slowking|move: Future Sight\n|\n|-heal|p2a: Slowking|99\/100|[from] item: Leftovers\n|upkeep\n|turn|92\n|inactive|Dizay69 has 90 seconds left.\n|\n|t:|1700663864\n|switch|p2a: stannin on bihness|Toxapex, M|83\/100\n|-damage|p2a: stannin on bihness|71\/100|[from] Stealth Rock\n|move|p1a: Gholdengo|Shadow Ball|p2a: stannin on bihness\n|-damage|p2a: stannin on bihness|34\/100\n|\n|upkeep\n|turn|93\n|inactive|Dizay69 has 90 seconds left.\n|\n|t:|1700663878\n|switch|p2a: It's Joever|Clefable, M, tera:Dark|97\/100\n|move|p1a: Gholdengo|Shadow Ball|p2a: It's Joever\n|-resisted|p2a: It's Joever\n|-damage|p2a: It's Joever|83\/100\n|\n|-end|p1a: Gholdengo|move: Future Sight\n|-resisted|p1a: Gholdengo\n|-damage|p1a: Gholdengo|67\/100\n|upkeep\n|turn|94\n|\n|t:|1700663896\n|switch|p1a: Corviknight|Corviknight, F|80\/100\n|-ability|p1a: Corviknight|Pressure\n|move|p2a: It's Joever|Moonblast|p1a: Corviknight\n|-resisted|p1a: Corviknight\n|-damage|p1a: Corviknight|63\/100\n|\n|upkeep\n|turn|95\n|\n|t:|1700663913\n|switch|p2a: stannin on bihness|Toxapex, M|67\/100\n|-damage|p2a: stannin on bihness|55\/100|[from] Stealth Rock\n|move|p1a: Corviknight|Brave Bird|p2a: stannin on bihness\n|-damage|p2a: stannin on bihness|34\/100\n|-damage|p1a: Corviknight|58\/100|[from] Recoil\n|\n|upkeep\n|turn|96\n|inactive|Dizay69 has 60 seconds left.\n|\n|t:|1700663926\n|switch|p2a: Slowking|Slowking-Galar, M|100\/100\n|-damage|p2a: Slowking|88\/100|[from] Stealth Rock\n|move|p1a: Corviknight|U-turn|p2a: Slowking\n|-damage|p2a: Slowking|71\/100\n|\n|t:|1700663930\n|switch|p1a: Meowscarada|Meowscarada, F|100\/100|[from] U-turn\n|\n|-heal|p2a: Slowking|78\/100|[from] item: Leftovers\n|upkeep\n|turn|97\n|\n|t:|1700663934\n|switch|p2a: stannin on bihness|Toxapex, M|67\/100\n|-damage|p2a: stannin on bihness|55\/100|[from] Stealth Rock\n|move|p1a: Meowscarada|Knock Off|p2a: stannin on bihness\n|-start|p1a: Meowscarada|typechange|Dark|[from] ability: Protean\n|-damage|p2a: stannin on bihness|26\/100\n|\n|upkeep\n|turn|98\n|\n|t:|1700663939\n|switch|p2a: FreePalestine\ud83c\uddf5\ud83c\uddf8|Corviknight, F|100\/100\n|-damage|p2a: FreePalestine\ud83c\uddf5\ud83c\uddf8|88\/100|[from] Stealth Rock\n|-ability|p2a: FreePalestine\ud83c\uddf5\ud83c\uddf8|Pressure\n|move|p1a: Meowscarada|Knock Off|p2a: FreePalestine\ud83c\uddf5\ud83c\uddf8\n|-damage|p2a: FreePalestine\ud83c\uddf5\ud83c\uddf8|48\/100\n|-damage|p1a: Meowscarada|84\/100|[from] item: Rocky Helmet|[of] p2a: FreePalestine\ud83c\uddf5\ud83c\uddf8\n|-enditem|p2a: FreePalestine\ud83c\uddf5\ud83c\uddf8|Rocky Helmet|[from] move: Knock Off|[of] p1a: Meowscarada\n|\n|upkeep\n|turn|99\n|\n|t:|1700663949\n|move|p1a: Meowscarada|Knock Off|p2a: FreePalestine\ud83c\uddf5\ud83c\uddf8\n|-damage|p2a: FreePalestine\ud83c\uddf5\ud83c\uddf8|23\/100\n|move|p2a: FreePalestine\ud83c\uddf5\ud83c\uddf8|Roost|p2a: FreePalestine\ud83c\uddf5\ud83c\uddf8\n|-heal|p2a: FreePalestine\ud83c\uddf5\ud83c\uddf8|73\/100\n|-singleturn|p2a: FreePalestine\ud83c\uddf5\ud83c\uddf8|move: Roost\n|\n|upkeep\n|turn|100\n|\n|t:|1700663957\n|switch|p1a: Gholdengo|Gholdengo|67\/100\n|move|p2a: FreePalestine\ud83c\uddf5\ud83c\uddf8|U-turn|p1a: Gholdengo\n|-resisted|p1a: Gholdengo\n|-damage|p1a: Gholdengo|63\/100\n|\n|t:|1700663960\n|switch|p2a: stannin on bihness|Toxapex, M|59\/100|[from] U-turn\n|-damage|p2a: stannin on bihness|47\/100|[from] Stealth Rock\n|\n|upkeep\n|turn|101\n|\n|t:|1700663968\n|switch|p2a: It's Joever|Clefable, M, tera:Dark|83\/100\n|move|p1a: Gholdengo|Make It Rain|p2a: It's Joever\n|-damage|p2a: It's Joever|38\/100\n|-unboost|p1a: Gholdengo|spa|1\n|\n|upkeep\n|turn|102\n|\n|t:|1700663974\n|switch|p1a: Meowscarada|Meowscarada, F|84\/100\n|move|p2a: It's Joever|Protect||[still]\n|-fail|p2a: It's Joever\n|\n|upkeep\n|turn|103\n|\n|t:|1700663982\n|move|p2a: It's Joever|Protect|p2a: It's Joever\n|-singleturn|p2a: It's Joever|Protect\n|move|p1a: Meowscarada|U-turn|p2a: It's Joever\n|-start|p1a: Meowscarada|typechange|Bug|[from] ability: Protean\n|-activate|p2a: It's Joever|move: Protect\n|\n|upkeep\n|turn|104\n|\n|t:|1700663985\n|switch|p2a: stannin on bihness|Toxapex, M|80\/100\n|-damage|p2a: stannin on bihness|68\/100|[from] Stealth Rock\n|move|p1a: Meowscarada|U-turn|p2a: stannin on bihness\n|-resisted|p2a: stannin on bihness\n|-damage|p2a: stannin on bihness|54\/100\n|\n|t:|1700663991\n|switch|p1a: Dragonite|Dragonite, F|100\/100|[from] U-turn\n|\n|upkeep\n|turn|105\n|\n|t:|1700663998\n|move|p1a: Dragonite|Earthquake|p2a: stannin on bihness\n|-supereffective|p2a: stannin on bihness\n|-damage|p2a: stannin on bihness|9\/100\n|move|p2a: stannin on bihness|Toxic|p1a: Dragonite\n|-status|p1a: Dragonite|tox\n|\n|-damage|p1a: Dragonite|94\/100 tox|[from] psn\n|upkeep\n|turn|106\n|\n|t:|1700664008\n|switch|p1a: Meowscarada|Meowscarada, F|84\/100\n|switch|p2a: FreePalestine\ud83c\uddf5\ud83c\uddf8|Corviknight, F|73\/100\n|-damage|p2a: FreePalestine\ud83c\uddf5\ud83c\uddf8|61\/100|[from] Stealth Rock\n|-ability|p2a: FreePalestine\ud83c\uddf5\ud83c\uddf8|Pressure\n|\n|upkeep\n|turn|107\n|\n|t:|1700664012\n|move|p1a: Meowscarada|U-turn|p2a: FreePalestine\ud83c\uddf5\ud83c\uddf8\n|-start|p1a: Meowscarada|typechange|Bug|[from] ability: Protean\n|-resisted|p2a: FreePalestine\ud83c\uddf5\ud83c\uddf8\n|-damage|p2a: FreePalestine\ud83c\uddf5\ud83c\uddf8|53\/100\n|\n|t:|1700664014\n|switch|p1a: Gholdengo|Gholdengo|63\/100|[from] U-turn\n|move|p2a: FreePalestine\ud83c\uddf5\ud83c\uddf8|Roost|p2a: FreePalestine\ud83c\uddf5\ud83c\uddf8\n|-heal|p2a: FreePalestine\ud83c\uddf5\ud83c\uddf8|100\/100\n|-singleturn|p2a: FreePalestine\ud83c\uddf5\ud83c\uddf8|move: Roost\n|\n|upkeep\n|turn|108\n|inactive|Dizay69 has 90 seconds left.\n|\n|t:|1700664020\n|move|p1a: Gholdengo|Shadow Ball|p2a: FreePalestine\ud83c\uddf5\ud83c\uddf8\n|-damage|p2a: FreePalestine\ud83c\uddf5\ud83c\uddf8|62\/100\n|move|p2a: FreePalestine\ud83c\uddf5\ud83c\uddf8|U-turn|p1a: Gholdengo\n|-resisted|p1a: Gholdengo\n|-damage|p1a: Gholdengo|60\/100\n|\n|t:|1700664023\n|switch|p2a: It's Joever|Clefable, M, tera:Dark|38\/100|[from] U-turn\n|\n|upkeep\n|turn|109\n|\n|t:|1700664031\n|move|p2a: It's Joever|Protect|p2a: It's Joever\n|-singleturn|p2a: It's Joever|Protect\n|move|p1a: Gholdengo|Shadow Ball|p2a: It's Joever\n|-activate|p2a: It's Joever|move: Protect\n|\n|upkeep\n|turn|110\n|\n|t:|1700664037\n|move|p1a: Gholdengo|Nasty Plot|p1a: Gholdengo\n|-boost|p1a: Gholdengo|spa|2\n|move|p2a: It's Joever|Wish|p2a: It's Joever\n|\n|upkeep\n|turn|111\n|c|\u2606yyysneasel|he done\n|\n|t:|1700664044\n|switch|p1a: Corviknight|Corviknight, F|58\/100\n|-ability|p1a: Corviknight|Pressure\n|move|p2a: It's Joever|Protect||[still]\n|-fail|p2a: It's Joever\n|\n|-heal|p2a: It's Joever|88\/100|[from] move: Wish|[wisher] It's Joever\n|upkeep\n|turn|112\n|\n|t:|1700664048\n|switch|p2a: stannin on bihness|Toxapex, M|42\/100\n|-damage|p2a: stannin on bihness|30\/100|[from] Stealth Rock\n|move|p1a: Corviknight|Roost|p1a: Corviknight\n|-heal|p1a: Corviknight|100\/100\n|-singleturn|p1a: Corviknight|move: Roost\n|\n|upkeep\n|turn|113\n|\n|t:|1700664062\n|move|p1a: Corviknight|U-turn|p2a: stannin on bihness\n|-resisted|p2a: stannin on bihness\n|-damage|p2a: stannin on bihness|25\/100\n|\n|t:|1700664064\n|switch|p1a: Gholdengo|Gholdengo|60\/100|[from] U-turn\n|move|p2a: stannin on bihness|Recover|p2a: stannin on bihness\n|-heal|p2a: stannin on bihness|75\/100\n|\n|upkeep\n|turn|114\n|\n|t:|1700664072\n|switch|p1a: Meowscarada|Meowscarada, F|84\/100\n|move|p2a: stannin on bihness|Infestation|p1a: Meowscarada\n|-supereffective|p1a: Meowscarada\n|-damage|p1a: Meowscarada|66\/100\n|-activate|p1a: Meowscarada|move: Infestation|[of] p2a: stannin on bihness\n|\n|-damage|p1a: Meowscarada|54\/100|[from] move: Infestation|[partiallytrapped]\n|upkeep\n|turn|115\n|\n|t:|1700664077\n|move|p1a: Meowscarada|U-turn|p2a: stannin on bihness\n|-start|p1a: Meowscarada|typechange|Bug|[from] ability: Protean\n|-resisted|p2a: stannin on bihness\n|-damage|p2a: stannin on bihness|62\/100\n|\n|t:|1700664081\n|switch|p1a: Clefable|Clefable, M|93\/100 tox|[from] U-turn\n|move|p2a: stannin on bihness|Infestation|p1a: Clefable\n|-resisted|p1a: Clefable\n|-damage|p1a: Clefable|92\/100 tox\n|-activate|p1a: Clefable|move: Infestation|[of] p2a: stannin on bihness\n|\n|upkeep\n|turn|116\n|c|\u2606yyysneasel|tell that brother he may rest in peace\n|\n|t:|1700664096\n|move|p1a: Clefable|Wish|p1a: Clefable\n|move|p2a: stannin on bihness|Surf|p1a: Clefable\n|-damage|p1a: Clefable|73\/100 tox\n|\n|upkeep\n|turn|117\n|\n|t:|1700664107\n|move|p1a: Clefable|Wish||[still]\n|-fail|p1a: Clefable\n|move|p2a: stannin on bihness|Infestation|p1a: Clefable\n|-resisted|p1a: Clefable\n|-damage|p1a: Clefable|72\/100 tox\n|\n|-heal|p1a: Clefable|100\/100 tox|[from] move: Wish|[wisher] Clefable\n|upkeep\n|turn|118\n|\n|t:|1700664116\n|move|p1a: Clefable|Wish|p1a: Clefable\n|move|p2a: stannin on bihness|Toxic|p1a: Clefable\n|-fail|p1a: Clefable|tox\n|\n|upkeep\n|turn|119\n|\n|t:|1700664120\n|switch|p2a: Slowking|Slowking-Galar, M|100\/100\n|-damage|p2a: Slowking|88\/100|[from] Stealth Rock\n|move|p1a: Clefable|Wish||[still]\n|-fail|p1a: Clefable\n|\n|-heal|p2a: Slowking|94\/100|[from] item: Leftovers\n|-end|p1a: Clefable|Infestation|[partiallytrapped]\n|upkeep\n|turn|120\n|\n|t:|1700664124\n|switch|p1a: Gholdengo|Gholdengo|60\/100\n|move|p2a: Slowking|Future Sight|p1a: Gholdengo\n|-start|p2a: Slowking|move: Future Sight\n|\n|-heal|p2a: Slowking|99\/100|[from] item: Leftovers\n|upkeep\n|turn|121\n|inactive|Dizay69 has 120 seconds left.\n|\n|t:|1700664138\n|switch|p2a: It's Joever|Clefable, M, tera:Dark|88\/100\n|move|p1a: Gholdengo|Recover|p1a: Gholdengo\n|-heal|p1a: Gholdengo|100\/100\n|\n|upkeep\n|turn|122\n|\n|t:|1700664146\n|switch|p1a: Corviknight|Corviknight, F|100\/100\n|-ability|p1a: Corviknight|Pressure\n|move|p2a: It's Joever|Moonblast|p1a: Corviknight\n|-resisted|p1a: Corviknight\n|-damage|p1a: Corviknight|84\/100\n|-unboost|p1a: Corviknight|spa|1\n|\n|-end|p1a: Corviknight|move: Future Sight\n|-resisted|p1a: Corviknight\n|-damage|p1a: Corviknight|58\/100\n|upkeep\n|turn|123\n|\n|t:|1700664152\n|switch|p2a: Slowking|Slowking-Galar, M|100\/100\n|-damage|p2a: Slowking|88\/100|[from] Stealth Rock\n|move|p1a: Corviknight|U-turn|p2a: Slowking\n|-damage|p2a: Slowking|69\/100\n|\n|t:|1700664159\n|switch|p1a: Meowscarada|Meowscarada, F|54\/100|[from] U-turn\n|\n|-heal|p2a: Slowking|75\/100|[from] item: Leftovers\n|upkeep\n|turn|124\n|\n|t:|1700664161\n|switch|p2a: stannin on bihness|Toxapex, M|95\/100\n|-damage|p2a: stannin on bihness|83\/100|[from] Stealth Rock\n|-terastallize|p1a: Meowscarada|Dark\n|move|p1a: Meowscarada|Knock Off|p2a: stannin on bihness\n|-damage|p2a: stannin on bihness|47\/100\n|\n|upkeep\n|turn|125\n|\n|t:|1700664170\n|switch|p1a: Gholdengo|Gholdengo|100\/100\n|move|p2a: stannin on bihness|Toxic|p1a: Gholdengo\n|-immune|p1a: Gholdengo|[from] ability: Good as Gold\n|\n|upkeep\n|turn|126\n|\n|t:|1700664181\n|switch|p2a: It's Joever|Clefable, M, tera:Dark|88\/100\n|move|p1a: Gholdengo|Shadow Ball|p2a: It's Joever\n|-resisted|p2a: It's Joever\n|-damage|p2a: It's Joever|73\/100\n|\n|upkeep\n|turn|127\n|\n|t:|1700664189\n|switch|p1a: Corviknight|Corviknight, F|58\/100\n|-ability|p1a: Corviknight|Pressure\n|switch|p2a: stannin on bihness|Toxapex, M|80\/100\n|-damage|p2a: stannin on bihness|68\/100|[from] Stealth Rock\n|\n|upkeep\n|turn|128\n|\n|t:|1700664195\n|switch|p2a: FreePalestine\ud83c\uddf5\ud83c\uddf8|Corviknight, F|62\/100\n|-damage|p2a: FreePalestine\ud83c\uddf5\ud83c\uddf8|50\/100|[from] Stealth Rock\n|-ability|p2a: FreePalestine\ud83c\uddf5\ud83c\uddf8|Pressure\n|move|p1a: Corviknight|U-turn|p2a: FreePalestine\ud83c\uddf5\ud83c\uddf8\n|-resisted|p2a: FreePalestine\ud83c\uddf5\ud83c\uddf8\n|-damage|p2a: FreePalestine\ud83c\uddf5\ud83c\uddf8|48\/100\n|\n|t:|1700664201\n|switch|p1a: Gholdengo|Gholdengo|100\/100|[from] U-turn\n|\n|upkeep\n|turn|129\n|\n|t:|1700664204\n|move|p1a: Gholdengo|Shadow Ball|p2a: FreePalestine\ud83c\uddf5\ud83c\uddf8\n|-damage|p2a: FreePalestine\ud83c\uddf5\ud83c\uddf8|7\/100\n|-unboost|p2a: FreePalestine\ud83c\uddf5\ud83c\uddf8|spd|1\n|move|p2a: FreePalestine\ud83c\uddf5\ud83c\uddf8|Roost|p2a: FreePalestine\ud83c\uddf5\ud83c\uddf8\n|-heal|p2a: FreePalestine\ud83c\uddf5\ud83c\uddf8|57\/100\n|-singleturn|p2a: FreePalestine\ud83c\uddf5\ud83c\uddf8|move: Roost\n|\n|upkeep\n|turn|130\n|\n|t:|1700664211\n|switch|p2a: stannin on bihness|Toxapex, M|100\/100\n|-damage|p2a: stannin on bihness|88\/100|[from] Stealth Rock\n|move|p1a: Gholdengo|Shadow Ball|p2a: stannin on bihness\n|-damage|p2a: stannin on bihness|56\/100\n|\n|upkeep\n|turn|131\n|\n|t:|1700664227\n|move|p1a: Gholdengo|Shadow Ball|p2a: stannin on bihness\n|-damage|p2a: stannin on bihness|19\/100\n|move|p2a: stannin on bihness|Infestation|p1a: Gholdengo\n|-resisted|p1a: Gholdengo\n|-damage|p1a: Gholdengo|99\/100\n|-activate|p1a: Gholdengo|move: Infestation|[of] p2a: stannin on bihness\n|\n|-damage|p1a: Gholdengo|87\/100|[from] move: Infestation|[partiallytrapped]\n|upkeep\n|turn|132\n|\n|t:|1700664236\n|switch|p1a: Iron Valiant|Iron Valiant|89\/100\n|switch|p2a: It's Joever|Clefable, M, tera:Dark|73\/100\n|\n|upkeep\n|turn|133\n|\n|t:|1700664244\n|switch|p2a: Slowking|Slowking-Galar, M|100\/100\n|-damage|p2a: Slowking|88\/100|[from] Stealth Rock\n|move|p1a: Iron Valiant|Knock Off|p2a: Slowking\n|-supereffective|p2a: Slowking\n|-crit|p2a: Slowking\n|-damage|p2a: Slowking|0 fnt\n|-enditem|p2a: Slowking|Leftovers|[from] move: Knock Off|[of] p1a: Iron Valiant\n|faint|p2a: Slowking\n|\n|upkeep\n|\n|t:|1700664248\n|switch|p2a: stannin on bihness|Toxapex, M|52\/100\n|-damage|p2a: stannin on bihness|40\/100|[from] Stealth Rock\n|turn|134\n|\n|t:|1700664252\n|-end|p1a: Iron Valiant|Quark Drive|[silent]\n|switch|p1a: Gholdengo|Gholdengo|87\/100\n|switch|p2a: FreePalestine\ud83c\uddf5\ud83c\uddf8|Corviknight, F|57\/100\n|-damage|p2a: FreePalestine\ud83c\uddf5\ud83c\uddf8|44\/100|[from] Stealth Rock\n|-ability|p2a: FreePalestine\ud83c\uddf5\ud83c\uddf8|Pressure\n|\n|upkeep\n|turn|135\n|\n|t:|1700664257\n|switch|p2a: It's Joever|Clefable, M, tera:Dark|73\/100\n|move|p1a: Gholdengo|Shadow Ball|p2a: It's Joever\n|-resisted|p2a: It's Joever\n|-damage|p2a: It's Joever|59\/100\n|-unboost|p2a: It's Joever|spd|1\n|\n|upkeep\n|turn|136\n|\n|t:|1700664262\n|move|p2a: It's Joever|Protect|p2a: It's Joever\n|-singleturn|p2a: It's Joever|Protect\n|move|p1a: Gholdengo|Nasty Plot|p1a: Gholdengo\n|-boost|p1a: Gholdengo|spa|2\n|\n|upkeep\n|turn|137\n|\n|t:|1700664265\n|move|p1a: Gholdengo|Shadow Ball|p2a: It's Joever\n|-resisted|p2a: It's Joever\n|-damage|p2a: It's Joever|38\/100\n|move|p2a: It's Joever|Wish|p2a: It's Joever\n|\n|upkeep\n|turn|138\n|\n|t:|1700664271\n|move|p1a: Gholdengo|Shadow Ball|p2a: It's Joever\n|-resisted|p2a: It's Joever\n|-damage|p2a: It's Joever|16\/100\n|move|p2a: It's Joever|Moonblast|p1a: Gholdengo\n|-resisted|p1a: Gholdengo\n|-damage|p1a: Gholdengo|68\/100\n|\n|-heal|p2a: It's Joever|66\/100|[from] move: Wish|[wisher] It's Joever\n|upkeep\n|turn|139\n|\n|t:|1700664275\n|move|p1a: Gholdengo|Nasty Plot|p1a: Gholdengo\n|-boost|p1a: Gholdengo|spa|2\n|move|p2a: It's Joever|Wish|p2a: It's Joever\n|\n|upkeep\n|turn|140\n|\n|t:|1700664281\n|switch|p2a: stannin on bihness|Toxapex, M|73\/100\n|-damage|p2a: stannin on bihness|61\/100|[from] Stealth Rock\n|move|p1a: Gholdengo|Shadow Ball|p2a: stannin on bihness\n|-damage|p2a: stannin on bihness|0 fnt\n|faint|p2a: stannin on bihness\n|\n|upkeep\n|\n|t:|1700664285\n|switch|p2a: It's Joever|Clefable, M, tera:Dark|66\/100\n|turn|141\n|\n|t:|1700664294\n|switch|p1a: Corviknight|Corviknight, F|58\/100\n|-ability|p1a: Corviknight|Pressure\n|move|p2a: It's Joever|Wish|p2a: It's Joever\n|\n|upkeep\n|turn|142\n|c|\u2606yyysneasel|rng doing its thing\n|c|\u2606yyysneasel|it never misses on a good holdup\n|\n|t:|1700664305\n|move|p1a: Corviknight|U-turn|p2a: It's Joever\n|-supereffective|p2a: It's Joever\n|-damage|p2a: It's Joever|34\/100\n|j| Imprima Red\n|l| Imprima Red\n|\n|t:|1700664324\n|switch|p1a: Gholdengo|Gholdengo|68\/100|[from] U-turn\n|move|p2a: It's Joever|Moonblast|p1a: Gholdengo\n|-resisted|p1a: Gholdengo\n|-damage|p1a: Gholdengo|50\/100\n|\n|-heal|p2a: It's Joever|84\/100|[from] move: Wish|[wisher] It's Joever\n|upkeep\n|turn|143\n|\n|t:|1700664328\n|move|p1a: Gholdengo|Recover|p1a: Gholdengo\n|-heal|p1a: Gholdengo|99\/100\n|move|p2a: It's Joever|Knock Off|p1a: Gholdengo\n|-supereffective|p1a: Gholdengo\n|-damage|p1a: Gholdengo|63\/100\n|\n|upkeep\n|turn|144\n|\n|t:|1700664332\n|switch|p1a: Corviknight|Corviknight, F|58\/100\n|-ability|p1a: Corviknight|Pressure\n|move|p2a: It's Joever|Moonblast|p1a: Corviknight\n|-resisted|p1a: Corviknight\n|-damage|p1a: Corviknight|43\/100\n|\n|upkeep\n|turn|145\n|\n|t:|1700664337\n|switch|p2a: Ripbozo \ud83d\ude02 \ud83d\ude02|Dondozo, M|100\/100 slp\n|-damage|p2a: Ripbozo \ud83d\ude02 \ud83d\ude02|88\/100 slp|[from] Stealth Rock\n|move|p1a: Corviknight|Roost|p1a: Corviknight\n|-heal|p1a: Corviknight|93\/100\n|-singleturn|p1a: Corviknight|move: Roost\n|\n|-heal|p2a: Ripbozo \ud83d\ude02 \ud83d\ude02|94\/100 slp|[from] item: Leftovers\n|upkeep\n|turn|146\n|\n|t:|1700664340\n|move|p1a: Corviknight|U-turn|p2a: Ripbozo \ud83d\ude02 \ud83d\ude02\n|-crit|p2a: Ripbozo \ud83d\ude02 \ud83d\ude02\n|-damage|p2a: Ripbozo \ud83d\ude02 \ud83d\ude02|84\/100 slp\n|\n|t:|1700664344\n|switch|p1a: Iron Valiant|Iron Valiant|89\/100|[from] U-turn\n|cant|p2a: Ripbozo \ud83d\ude02 \ud83d\ude02|slp\n|move|p2a: Ripbozo \ud83d\ude02 \ud83d\ude02|Sleep Talk|p2a: Ripbozo \ud83d\ude02 \ud83d\ude02\n|move|p2a: Ripbozo \ud83d\ude02 \ud83d\ude02|Rest||[from]move: Sleep Talk|[still]\n|-fail|p2a: Ripbozo \ud83d\ude02 \ud83d\ude02\n|\n|-heal|p2a: Ripbozo \ud83d\ude02 \ud83d\ude02|91\/100 slp|[from] item: Leftovers\n|upkeep\n|turn|147\n|\n|t:|1700664349\n|move|p1a: Iron Valiant|Moonblast|p2a: Ripbozo \ud83d\ude02 \ud83d\ude02\n|-damage|p2a: Ripbozo \ud83d\ude02 \ud83d\ude02|42\/100 slp\n|cant|p2a: Ripbozo \ud83d\ude02 \ud83d\ude02|slp\n|move|p2a: Ripbozo \ud83d\ude02 \ud83d\ude02|Sleep Talk|p2a: Ripbozo \ud83d\ude02 \ud83d\ude02\n|move|p2a: Ripbozo \ud83d\ude02 \ud83d\ude02|Curse|p2a: Ripbozo \ud83d\ude02 \ud83d\ude02|[from]move: Sleep Talk\n|-unboost|p2a: Ripbozo \ud83d\ude02 \ud83d\ude02|spe|1\n|-boost|p2a: Ripbozo \ud83d\ude02 \ud83d\ude02|atk|1\n|-boost|p2a: Ripbozo \ud83d\ude02 \ud83d\ude02|def|1\n|\n|-heal|p2a: Ripbozo \ud83d\ude02 \ud83d\ude02|48\/100 slp|[from] item: Leftovers\n|upkeep\n|turn|148\n|\n|t:|1700664356\n|move|p1a: Iron Valiant|Moonblast|p2a: Ripbozo \ud83d\ude02 \ud83d\ude02\n|-damage|p2a: Ripbozo \ud83d\ude02 \ud83d\ude02|5\/100 slp\n|-curestatus|p2a: Ripbozo \ud83d\ude02 \ud83d\ude02|slp|[msg]\n|move|p2a: Ripbozo \ud83d\ude02 \ud83d\ude02|Rest|p2a: Ripbozo \ud83d\ude02 \ud83d\ude02\n|-status|p2a: Ripbozo \ud83d\ude02 \ud83d\ude02|slp|[from] move: Rest\n|-heal|p2a: Ripbozo \ud83d\ude02 \ud83d\ude02|100\/100 slp|[silent]\n|\n|upkeep\n|turn|149\n|\n|t:|1700664359\n|move|p1a: Iron Valiant|Moonblast|p2a: Ripbozo \ud83d\ude02 \ud83d\ude02\n|-damage|p2a: Ripbozo \ud83d\ude02 \ud83d\ude02|56\/100 slp\n|-unboost|p2a: Ripbozo \ud83d\ude02 \ud83d\ude02|spa|1\n|cant|p2a: Ripbozo \ud83d\ude02 \ud83d\ude02|slp\n|move|p2a: Ripbozo \ud83d\ude02 \ud83d\ude02|Sleep Talk|p2a: Ripbozo \ud83d\ude02 \ud83d\ude02\n|move|p2a: Ripbozo \ud83d\ude02 \ud83d\ude02|Curse|p2a: Ripbozo \ud83d\ude02 \ud83d\ude02|[from]move: Sleep Talk\n|-unboost|p2a: Ripbozo \ud83d\ude02 \ud83d\ude02|spe|1\n|-boost|p2a: Ripbozo \ud83d\ude02 \ud83d\ude02|atk|1\n|-boost|p2a: Ripbozo \ud83d\ude02 \ud83d\ude02|def|1\n|\n|-heal|p2a: Ripbozo \ud83d\ude02 \ud83d\ude02|62\/100 slp|[from] item: Leftovers\n|upkeep\n|turn|150\n|\n|t:|1700664362\n|move|p1a: Iron Valiant|Moonblast|p2a: Ripbozo \ud83d\ude02 \ud83d\ude02\n|-damage|p2a: Ripbozo \ud83d\ude02 \ud83d\ude02|20\/100 slp\n|cant|p2a: Ripbozo \ud83d\ude02 \ud83d\ude02|slp\n|move|p2a: Ripbozo \ud83d\ude02 \ud83d\ude02|Sleep Talk|p2a: Ripbozo \ud83d\ude02 \ud83d\ude02\n|move|p2a: Ripbozo \ud83d\ude02 \ud83d\ude02|Wave Crash|p1a: Iron Valiant|[from]move: Sleep Talk\n|-damage|p1a: Iron Valiant|0 fnt\n|faint|p1a: Iron Valiant\n|-end|p1a: Iron Valiant|Quark Drive|[silent]\n|-damage|p2a: Ripbozo \ud83d\ude02 \ud83d\ude02|3\/100 slp|[from] Recoil\n|\n|-heal|p2a: Ripbozo \ud83d\ude02 \ud83d\ude02|9\/100 slp|[from] item: Leftovers\n|upkeep\n|\n|t:|1700664371\n|switch|p1a: Meowscarada|Meowscarada, F, tera:Dark|54\/100\n|turn|151\n|\n|t:|1700664375\n|move|p1a: Meowscarada|Knock Off|p2a: Ripbozo \ud83d\ude02 \ud83d\ude02\n|-damage|p2a: Ripbozo \ud83d\ude02 \ud83d\ude02|0 fnt\n|-enditem|p2a: Ripbozo \ud83d\ude02 \ud83d\ude02|Leftovers|[from] move: Knock Off|[of] p1a: Meowscarada\n|faint|p2a: Ripbozo \ud83d\ude02 \ud83d\ude02\n|\n|upkeep\n|\n|t:|1700664377\n|switch|p2a: FreePalestine\ud83c\uddf5\ud83c\uddf8|Corviknight, F|44\/100\n|-damage|p2a: FreePalestine\ud83c\uddf5\ud83c\uddf8|32\/100|[from] Stealth Rock\n|-ability|p2a: FreePalestine\ud83c\uddf5\ud83c\uddf8|Pressure\n|turn|152\n|\n|t:|1700664380\n|move|p1a: Meowscarada|Knock Off|p2a: FreePalestine\ud83c\uddf5\ud83c\uddf8\n|-damage|p2a: FreePalestine\ud83c\uddf5\ud83c\uddf8|0 fnt\n|faint|p2a: FreePalestine\ud83c\uddf5\ud83c\uddf8\n|\n|upkeep\n|c|\u2606yyysneasel|gz on a haxjob fo the ages\n|-message|yyysneasel forfeited.\n|\n|win|Dizay69\n|raw|Dizay69's rating: 1664 &rarr; <strong>1688<\/strong><br \/>(+24 for winning)\n|raw|yyysneasel's rating: 1734 &rarr; <strong>1710<\/strong><br \/>(-24 for losing)\n|l|\u2606yyysneasel\n|l|\u2606Dizay69\n|l| Antonyo4\n","uploadtime":1700664860,"views":1,"p1id":"dizay69","p2id":"yyysneasel","formatid":"gen9ou","rating":1688,"private":0,"password":""}