{"id":"gen9ou-1996689600","p1":"CJCOMIX","p2":"Username momento","format":"[Gen 9] OU","log":"|j|\u2606CJCOMIX\n|j|\u2606Username momento\n|t:|1700710074\n|gametype|singles\n|player|p1|CJCOMIX|ingo|1559\n|player|p2|Username momento|ninjaboy|1522\n|teamsize|p1|6\n|teamsize|p2|6\n|gen|9\n|tier|[Gen 9] OU\n|rated|\n|rule|Sleep Clause Mod: Limit one foe put to sleep\n|rule|Species Clause: Limit one of each Pok\u00e9mon\n|rule|OHKO Clause: OHKO moves are banned\n|rule|Evasion Items Clause: Evasion items are banned\n|rule|Evasion Moves Clause: Evasion moves are banned\n|rule|Endless Battle Clause: Forcing endless battles is banned\n|rule|HP Percentage Mod: HP is shown in percentages\n|clearpoke\n|poke|p1|Greninja-*, M|\n|poke|p1|Thundurus-Therian, M|\n|poke|p1|Torkoal, M|\n|poke|p1|Great Tusk|\n|poke|p1|Breloom, F|\n|poke|p1|Ceruledge, F|\n|poke|p2|Meowscarada, M|\n|poke|p2|Kingambit, F|\n|poke|p2|Zapdos|\n|poke|p2|Zamazenta-*|\n|poke|p2|Great Tusk|\n|poke|p2|Iron Moth|\n|teampreview\n|inactive|Battle timer is ON: inactive players will automatically lose when time's up. (requested by Username momento)\n|inactive|CJCOMIX has 120 seconds left.\n|\n|t:|1700710108\n|start\n|switch|p1a: Devious divinity|Thundurus-Therian, M|100\/100\n|switch|p2a: Meowscarada|Meowscarada, M|100\/100\n|turn|1\n|j| quesitoooo\n|j| Sunshine Soullink\n|\n|t:|1700710131\n|switch|p1a: sweaty balls|Torkoal, M|100\/100\n|-weather|SunnyDay|[from] ability: Drought|[of] p1a: sweaty balls\n|move|p2a: Meowscarada|Knock Off|p1a: sweaty balls\n|-start|p2a: Meowscarada|typechange|Dark|[from] ability: Protean\n|-damage|p1a: sweaty balls|59\/100\n|-enditem|p1a: sweaty balls|Leftovers|[from] move: Knock Off|[of] p2a: Meowscarada\n|\n|-weather|SunnyDay|[upkeep]\n|upkeep\n|turn|2\n|\n|t:|1700710139\n|switch|p2a: Zapdos|Zapdos|100\/100\n|move|p1a: sweaty balls|Will-O-Wisp|p2a: Zapdos\n|-status|p2a: Zapdos|brn\n|\n|-weather|SunnyDay|[upkeep]\n|-damage|p2a: Zapdos|94\/100 brn|[from] brn\n|upkeep\n|turn|3\n|\n|t:|1700710147\n|switch|p1a: Devious divinity|Thundurus-Therian, M|100\/100\n|move|p2a: Zapdos|Discharge|p1a: Devious divinity\n|-immune|p1a: Devious divinity|[from] ability: Volt Absorb\n|\n|-weather|SunnyDay|[upkeep]\n|-damage|p2a: Zapdos|88\/100 brn|[from] brn\n|upkeep\n|turn|4\n|\n|t:|1700710154\n|move|p1a: Devious divinity|Substitute|p1a: Devious divinity\n|-start|p1a: Devious divinity|Substitute\n|-damage|p1a: Devious divinity|76\/100\n|move|p2a: Zapdos|Hurricane|p1a: Devious divinity\n|-resisted|p1a: Devious divinity\n|-end|p1a: Devious divinity|Substitute\n|\n|-weather|SunnyDay|[upkeep]\n|-heal|p1a: Devious divinity|82\/100|[from] item: Leftovers\n|-damage|p2a: Zapdos|82\/100 brn|[from] brn\n|upkeep\n|turn|5\n|\n|t:|1700710160\n|switch|p2a: Iron Moth|Iron Moth|100\/100\n|-enditem|p2a: Iron Moth|Booster Energy\n|-activate|p2a: Iron Moth|ability: Quark Drive|[fromitem]\n|-start|p2a: Iron Moth|quarkdrivespe\n|move|p1a: Devious divinity|Substitute|p1a: Devious divinity\n|-start|p1a: Devious divinity|Substitute\n|-damage|p1a: Devious divinity|57\/100\n|\n|-weather|none\n|-heal|p1a: Devious divinity|63\/100|[from] item: Leftovers\n|upkeep\n|turn|6\n|\n|t:|1700710163\n|move|p2a: Iron Moth|Fiery Dance|p1a: Devious divinity\n|-end|p1a: Devious divinity|Substitute\n|move|p1a: Devious divinity|Thunderbolt|p2a: Iron Moth\n|-damage|p2a: Iron Moth|44\/100\n|\n|-heal|p1a: Devious divinity|69\/100|[from] item: Leftovers\n|upkeep\n|turn|7\n|\n|t:|1700710165\n|switch|p1a: black lives matter|Ceruledge, F|100\/100\n|move|p2a: Iron Moth|Fiery Dance|p1a: black lives matter\n|-start|p1a: black lives matter|ability: Flash Fire\n|\n|upkeep\n|turn|8\n|\n|t:|1700710169\n|-terastallize|p2a: Iron Moth|Ground\n|move|p2a: Iron Moth|Tera Blast|p1a: black lives matter|[anim] Tera Blast Ground\n|-supereffective|p1a: black lives matter\n|-damage|p1a: black lives matter|5\/100\n|move|p1a: black lives matter|Bitter Blade|p2a: Iron Moth\n|-damage|p2a: Iron Moth|0 fnt\n|-heal|p1a: black lives matter|27\/100|[from] drain|[of] p2a: Iron Moth\n|faint|p2a: Iron Moth\n|-end|p2a: Iron Moth|Quark Drive|[silent]\n|\n|-heal|p1a: black lives matter|33\/100|[from] item: Leftovers\n|upkeep\n|\n|t:|1700710176\n|switch|p2a: Meowscarada|Meowscarada, M|100\/100\n|turn|9\n|\n|t:|1700710183\n|-end|p1a: black lives matter|ability: Flash Fire|[silent]\n|switch|p1a: sweaty balls|Torkoal, M|59\/100\n|-weather|SunnyDay|[from] ability: Drought|[of] p1a: sweaty balls\n|move|p2a: Meowscarada|U-turn|p1a: sweaty balls\n|-start|p2a: Meowscarada|typechange|Bug|[from] ability: Protean\n|-resisted|p1a: sweaty balls\n|-damage|p1a: sweaty balls|44\/100\n|\n|t:|1700710191\n|switch|p2a: Great Tusk|Great Tusk|100\/100|[from] U-turn\n|-activate|p2a: Great Tusk|ability: Protosynthesis\n|-start|p2a: Great Tusk|protosynthesisatk\n|\n|-weather|SunnyDay|[upkeep]\n|upkeep\n|turn|10\n|\n|t:|1700710194\n|move|p2a: Great Tusk|Earthquake|p1a: sweaty balls\n|-supereffective|p1a: sweaty balls\n|-damage|p1a: sweaty balls|0 fnt\n|faint|p1a: sweaty balls\n|\n|-weather|SunnyDay|[upkeep]\n|upkeep\n|\n|t:|1700710215\n|switch|p1a: Convert 2 ISLAM|Great Tusk|100\/100\n|-activate|p1a: Convert 2 ISLAM|ability: Protosynthesis\n|-start|p1a: Convert 2 ISLAM|protosynthesisatk\n|turn|11\n|l| Sunshine Soullink\n|\n|t:|1700710223\n|move|p1a: Convert 2 ISLAM|Ice Spinner|p2a: Great Tusk\n|-supereffective|p2a: Great Tusk\n|-damage|p2a: Great Tusk|48\/100\n|move|p2a: Great Tusk|Ice Spinner|p1a: Convert 2 ISLAM\n|-supereffective|p1a: Convert 2 ISLAM\n|-damage|p1a: Convert 2 ISLAM|43\/100\n|\n|-weather|SunnyDay|[upkeep]\n|upkeep\n|turn|12\n|\n|t:|1700710228\n|move|p1a: Convert 2 ISLAM|Ice Spinner|p2a: Great Tusk\n|-supereffective|p2a: Great Tusk\n|-damage|p2a: Great Tusk|0 fnt\n|faint|p2a: Great Tusk\n|-end|p2a: Great Tusk|Protosynthesis|[silent]\n|\n|-weather|SunnyDay|[upkeep]\n|upkeep\n|\n|t:|1700710235\n|switch|p2a: Meowscarada|Meowscarada, M|100\/100\n|turn|13\n|\n|t:|1700710238\n|move|p1a: Convert 2 ISLAM|Ice Spinner|p2a: Meowscarada\n|-supereffective|p2a: Meowscarada\n|-damage|p2a: Meowscarada|0 fnt\n|faint|p2a: Meowscarada\n|\n|-weather|none\n|-end|p1a: Convert 2 ISLAM|Protosynthesis\n|upkeep\n|\n|t:|1700710244\n|switch|p2a: Zamazenta|Zamazenta|100\/100\n|-ability|p2a: Zamazenta|Dauntless Shield|boost\n|-boost|p2a: Zamazenta|def|1\n|turn|14\n|\n|t:|1700710250\n|-end|p1a: Convert 2 ISLAM|Protosynthesis|[silent]\n|switch|p1a: Go to sleep bro|Breloom, F|100\/100\n|move|p2a: Zamazenta|Iron Defense|p2a: Zamazenta\n|-boost|p2a: Zamazenta|def|2\n|\n|-status|p1a: Go to sleep bro|tox|[from] item: Toxic Orb\n|upkeep\n|turn|15\n|\n|t:|1700710268\n|move|p2a: Zamazenta|Body Press|p1a: Go to sleep bro\n|-damage|p1a: Go to sleep bro|0 fnt\n|faint|p1a: Go to sleep bro\n|\n|upkeep\n|j| pokemonisrigged725\n|\n|t:|1700710282\n|switch|p1a: black lives matter|Ceruledge, F|33\/100\n|turn|16\n|\n|t:|1700710297\n|switch|p1a: Ningen|Greninja, M|100\/100\n|move|p2a: Zamazenta|Crunch|p1a: Ningen\n|-resisted|p1a: Ningen\n|-damage|p1a: Ningen|82\/100\n|\n|upkeep\n|turn|17\n|\n|t:|1700710303\n|move|p2a: Zamazenta|Body Press|p1a: Ningen\n|-supereffective|p1a: Ningen\n|-damage|p1a: Ningen|0 fnt\n|faint|p1a: Ningen\n|\n|upkeep\n|\n|t:|1700710308\n|switch|p1a: Convert 2 ISLAM|Great Tusk|43\/100\n|turn|18\n|\n|t:|1700710317\n|-end|p1a: Convert 2 ISLAM|Protosynthesis|[silent]\n|switch|p1a: black lives matter|Ceruledge, F|33\/100\n|move|p2a: Zamazenta|Body Press|p1a: black lives matter\n|-immune|p1a: black lives matter\n|\n|-heal|p1a: black lives matter|40\/100|[from] item: Leftovers\n|upkeep\n|turn|19\n|\n|t:|1700710329\n|switch|p1a: Convert 2 ISLAM|Great Tusk|43\/100\n|move|p2a: Zamazenta|Iron Defense|p2a: Zamazenta\n|-boost|p2a: Zamazenta|def|2\n|\n|upkeep\n|turn|20\n|\n|t:|1700710334\n|-end|p1a: Convert 2 ISLAM|Protosynthesis|[silent]\n|switch|p1a: black lives matter|Ceruledge, F|40\/100\n|move|p2a: Zamazenta|Crunch|p1a: black lives matter\n|-supereffective|p1a: black lives matter\n|-damage|p1a: black lives matter|0 fnt\n|faint|p1a: black lives matter\n|\n|upkeep\n|\n|t:|1700710336\n|switch|p1a: Devious divinity|Thundurus-Therian, M|69\/100\n|turn|21\n|\n|t:|1700710337\n|move|p2a: Zamazenta|Body Press|p1a: Devious divinity\n|-resisted|p1a: Devious divinity\n|-damage|p1a: Devious divinity|0 fnt\n|faint|p1a: Devious divinity\n|\n|upkeep\n|\n|t:|1700710339\n|switch|p1a: Convert 2 ISLAM|Great Tusk|43\/100\n|turn|22\n|\n|t:|1700710341\n|-terastallize|p1a: Convert 2 ISLAM|Fairy\n|move|p1a: Convert 2 ISLAM|Headlong Rush|p2a: Zamazenta\n|-damage|p2a: Zamazenta|87\/100\n|-unboost|p1a: Convert 2 ISLAM|def|1\n|-unboost|p1a: Convert 2 ISLAM|spd|1\n|move|p2a: Zamazenta|Body Press|p1a: Convert 2 ISLAM\n|-resisted|p1a: Convert 2 ISLAM\n|-damage|p1a: Convert 2 ISLAM|0 fnt\n|faint|p1a: Convert 2 ISLAM\n|-end|p1a: Convert 2 ISLAM|Protosynthesis|[silent]\n|\n|win|Username momento\n|raw|CJCOMIX's rating: 1559 &rarr; <strong>1537<\/strong><br \/>(-22 for losing)\n|raw|Username momento's rating: 1522 &rarr; <strong>1544<\/strong><br \/>(+22 for winning)\n|l|\u2606CJCOMIX\n","uploadtime":1700710347,"views":2,"p1id":"cjcomix","p2id":"usernamemomento","formatid":"gen9ou","rating":1537,"private":0,"password":""}