{"id":"gen9ou-1996821067","p1":"pangdunkabi","p2":"djkslaf","format":"[Gen 9] OU","log":"|j|\u2606pangdunkabi\n|j|\u2606djkslaf\n|t:|1700730762\n|gametype|singles\n|player|p1|pangdunkabi|rosa|1080\n|player|p2|djkslaf|lyra|1162\n|teamsize|p1|6\n|teamsize|p2|6\n|gen|9\n|tier|[Gen 9] OU\n|rated|\n|rule|Sleep Clause Mod: Limit one foe put to sleep\n|rule|Species Clause: Limit one of each Pok\u00e9mon\n|rule|OHKO Clause: OHKO moves are banned\n|rule|Evasion Items Clause: Evasion items are banned\n|rule|Evasion Moves Clause: Evasion moves are banned\n|rule|Endless Battle Clause: Forcing endless battles is banned\n|rule|HP Percentage Mod: HP is shown in percentages\n|clearpoke\n|poke|p1|Dragonite, F|\n|poke|p1|Kingambit, M|\n|poke|p1|Corviknight, F|\n|poke|p1|Ogerpon-Wellspring, F|\n|poke|p1|Zapdos|\n|poke|p1|Great Tusk|\n|poke|p2|Dondozo, M|\n|poke|p2|Clodsire, M|\n|poke|p2|Scizor, F|\n|poke|p2|Clefable, M|\n|poke|p2|Samurott-Hisui, M|\n|poke|p2|Gholdengo|\n|teampreview\n|inactive|Battle timer is ON: inactive players will automatically lose when time's up. (requested by djkslaf)\n|inactive|pangdunkabi has 120 seconds left.\n|\n|t:|1700730813\n|start\n|switch|p1a: Great Tusk|Great Tusk|100\/100\n|switch|p2a: gliscor counter|Samurott-Hisui, M|100\/100\n|-enditem|p1a: Great Tusk|Booster Energy\n|-activate|p1a: Great Tusk|ability: Protosynthesis|[fromitem]\n|-start|p1a: Great Tusk|protosynthesisatk\n|turn|1\n|\n|t:|1700730830\n|move|p1a: Great Tusk|Knock Off|p2a: gliscor counter\n|-resisted|p2a: gliscor counter\n|-damage|p2a: gliscor counter|71\/100\n|-enditem|p2a: gliscor counter|Choice Band|[from] move: Knock Off|[of] p1a: Great Tusk\n|move|p2a: gliscor counter|Ceaseless Edge|p1a: Great Tusk\n|-resisted|p1a: Great Tusk\n|-damage|p1a: Great Tusk|85\/100\n|-sidestart|p1: pangdunkabi|Spikes\n|\n|upkeep\n|turn|2\n|\n|t:|1700730850\n|-end|p1a: Great Tusk|Protosynthesis|[silent]\n|switch|p1a: Corviknight|Corviknight, F|100\/100\n|move|p2a: gliscor counter|Ceaseless Edge|p1a: Corviknight\n|-damage|p1a: Corviknight|75\/100\n|-damage|p2a: gliscor counter|55\/100|[from] item: Rocky Helmet|[of] p1a: Corviknight\n|-sidestart|p1: pangdunkabi|Spikes\n|\n|upkeep\n|turn|3\n|\n|t:|1700730869\n|move|p2a: gliscor counter|Razor Shell|p1a: Corviknight\n|-damage|p1a: Corviknight|45\/100\n|-damage|p2a: gliscor counter|38\/100|[from] item: Rocky Helmet|[of] p1a: Corviknight\n|move|p1a: Corviknight|Defog|p2a: gliscor counter\n|-unboost|p2a: gliscor counter|evasion|1\n|-sideend|p1: pangdunkabi|Spikes|[from] move: Defog|[of] p1a: Corviknight\n|\n|upkeep\n|turn|4\n|\n|t:|1700730885\n|move|p2a: gliscor counter|Aqua Cutter|p1a: Corviknight\n|-damage|p1a: Corviknight|18\/100\n|move|p1a: Corviknight|Roost|p1a: Corviknight\n|-heal|p1a: Corviknight|68\/100\n|-singleturn|p1a: Corviknight|move: Roost\n|\n|upkeep\n|turn|5\n|\n|t:|1700730903\n|move|p2a: gliscor counter|Aqua Cutter|p1a: Corviknight\n|-damage|p1a: Corviknight|40\/100\n|move|p1a: Corviknight|Roost|p1a: Corviknight\n|-heal|p1a: Corviknight|90\/100\n|-singleturn|p1a: Corviknight|move: Roost\n|\n|upkeep\n|turn|6\n|\n|t:|1700730916\n|move|p2a: gliscor counter|Aqua Cutter|p1a: Corviknight\n|-damage|p1a: Corviknight|59\/100\n|move|p1a: Corviknight|Brave Bird|p2a: gliscor counter\n|-damage|p2a: gliscor counter|0 fnt\n|faint|p2a: gliscor counter\n|-damage|p1a: Corviknight|49\/100|[from] Recoil\n|\n|upkeep\n|inactive|djkslaf has 120 seconds left.\n|\n|t:|1700730936\n|switch|p2a: valiant counter|Scizor, F|100\/100\n|turn|7\n|\n|t:|1700730941\n|move|p1a: Corviknight|Brave Bird|p2a: valiant counter\n|-damage|p2a: valiant counter|62\/100\n|-damage|p1a: Corviknight|38\/100|[from] Recoil\n|move|p2a: valiant counter|Knock Off|p1a: Corviknight\n|-damage|p1a: Corviknight|6\/100\n|-damage|p2a: valiant counter|45\/100|[from] item: Rocky Helmet|[of] p1a: Corviknight\n|-enditem|p1a: Corviknight|Rocky Helmet|[from] move: Knock Off|[of] p2a: valiant counter\n|\n|upkeep\n|turn|8\n|\n|t:|1700730958\n|switch|p1a: Great Tusk|Great Tusk|85\/100\n|switch|p2a: clefable counter|Gholdengo|100\/100\n|-item|p2a: clefable counter|Air Balloon\n|\n|upkeep\n|turn|9\n|\n|t:|1700730969\n|switch|p2a: tusk counter|Clefable, M|100\/100\n|move|p1a: Great Tusk|Knock Off|p2a: tusk counter\n|-resisted|p2a: tusk counter\n|-damage|p2a: tusk counter|88\/100\n|-enditem|p2a: tusk counter|Leftovers|[from] move: Knock Off|[of] p1a: Great Tusk\n|\n|upkeep\n|turn|10\n|\n|t:|1700730981\n|move|p2a: tusk counter|Protect|p2a: tusk counter\n|-singleturn|p2a: tusk counter|Protect\n|move|p1a: Great Tusk|Rapid Spin|p2a: tusk counter\n|-activate|p2a: tusk counter|move: Protect\n|\n|upkeep\n|turn|11\n|\n|t:|1700730991\n|move|p1a: Great Tusk|Headlong Rush|p2a: tusk counter\n|-damage|p2a: tusk counter|43\/100\n|-unboost|p1a: Great Tusk|def|1\n|-unboost|p1a: Great Tusk|spd|1\n|move|p2a: tusk counter|Wish|p2a: tusk counter\n|\n|upkeep\n|turn|12\n|\n|t:|1700731004\n|-end|p1a: Great Tusk|Protosynthesis|[silent]\n|switch|p1a: Corviknight|Corviknight, F|6\/100\n|move|p2a: tusk counter|Protect||[still]\n|-fail|p2a: tusk counter\n|\n|-heal|p2a: tusk counter|93\/100|[from] move: Wish|[wisher] tusk counter\n|upkeep\n|turn|13\n|\n|t:|1700731014\n|move|p1a: Corviknight|Roost|p1a: Corviknight\n|-heal|p1a: Corviknight|56\/100\n|-singleturn|p1a: Corviknight|move: Roost\n|move|p2a: tusk counter|Wish|p2a: tusk counter\n|\n|upkeep\n|turn|14\n|\n|t:|1700731021\n|switch|p2a: valiant counter|Scizor, F|45\/100\n|move|p1a: Corviknight|Roost|p1a: Corviknight\n|-heal|p1a: Corviknight|100\/100\n|-singleturn|p1a: Corviknight|move: Roost\n|\n|-heal|p2a: valiant counter|100\/100|[from] move: Wish|[wisher] tusk counter\n|upkeep\n|turn|15\n|\n|t:|1700731050\n|switch|p1a: Zapdos|Zapdos|100\/100\n|move|p2a: valiant counter|U-turn|p1a: Zapdos\n|-resisted|p1a: Zapdos\n|-damage|p1a: Zapdos|75\/100\n|-status|p2a: valiant counter|par|[from] ability: Static|[of] p1a: Zapdos\n|inactive|djkslaf has 120 seconds left.\n|\n|t:|1700731063\n|switch|p2a: tusk counter|Clefable, M|93\/100|[from] U-turn\n|\n|upkeep\n|turn|16\n|\n|t:|1700731070\n|move|p1a: Zapdos|Hurricane|p2a: tusk counter|[miss]\n|-miss|p1a: Zapdos|p2a: tusk counter\n|move|p2a: tusk counter|Stealth Rock|p1a: Zapdos\n|-sidestart|p1: pangdunkabi|move: Stealth Rock\n|\n|upkeep\n|turn|17\n|inactive|djkslaf has 120 seconds left.\n|\n|t:|1700731086\n|switch|p2a: clefable counter|Gholdengo|100\/100\n|-item|p2a: clefable counter|Air Balloon\n|move|p1a: Zapdos|Hurricane|p2a: clefable counter\n|-resisted|p2a: clefable counter\n|-damage|p2a: clefable counter|81\/100\n|-enditem|p2a: clefable counter|Air Balloon\n|\n|upkeep\n|turn|18\n|\n|t:|1700731096\n|move|p1a: Zapdos|Heat Wave|p2a: clefable counter|[miss]\n|-miss|p1a: Zapdos|p2a: clefable counter\n|move|p2a: clefable counter|Nasty Plot|p2a: clefable counter\n|-boost|p2a: clefable counter|spa|2\n|\n|upkeep\n|turn|19\n|\n|t:|1700731103\n|switch|p2a: kingambit counter|Dondozo, M|100\/100\n|move|p1a: Zapdos|Heat Wave|p2a: kingambit counter\n|-resisted|p2a: kingambit counter\n|-damage|p2a: kingambit counter|87\/100\n|\n|-heal|p2a: kingambit counter|94\/100|[from] item: Leftovers\n|upkeep\n|turn|20\n|\n|t:|1700731116\n|move|p1a: Zapdos|Thunderbolt|p2a: kingambit counter\n|-supereffective|p2a: kingambit counter\n|-damage|p2a: kingambit counter|22\/100\n|move|p2a: kingambit counter|Curse|p2a: kingambit counter\n|-unboost|p2a: kingambit counter|spe|1\n|-boost|p2a: kingambit counter|atk|1\n|-boost|p2a: kingambit counter|def|1\n|\n|-heal|p2a: kingambit counter|28\/100|[from] item: Leftovers\n|upkeep\n|turn|21\n|\n|t:|1700731127\n|switch|p2a: gholdengo counter|Clodsire, M|100\/100\n|move|p1a: Zapdos|Hurricane|p2a: gholdengo counter\n|-damage|p2a: gholdengo counter|77\/100\n|-start|p2a: gholdengo counter|confusion\n|\n|upkeep\n|turn|22\n|\n|t:|1700731145\n|switch|p1a: Corviknight|Corviknight, F|100\/100\n|-damage|p1a: Corviknight|88\/100|[from] Stealth Rock\n|switch|p2a: valiant counter|Scizor, F|100\/100 par\n|\n|upkeep\n|turn|23\n|\n|t:|1700731158\n|move|p1a: Corviknight|Defog|p2a: valiant counter\n|-unboost|p2a: valiant counter|evasion|1\n|-sideend|p1: pangdunkabi|Stealth Rock|[from] move: Defog|[of] p1a: Corviknight\n|move|p2a: valiant counter|U-turn|p1a: Corviknight\n|-resisted|p1a: Corviknight\n|-damage|p1a: Corviknight|79\/100\n|inactive|djkslaf has 120 seconds left.\n|\n|t:|1700731185\n|switch|p2a: kingambit counter|Dondozo, M|28\/100|[from] U-turn\n|\n|-heal|p2a: kingambit counter|34\/100|[from] item: Leftovers\n|upkeep\n|turn|24\n|\n|t:|1700731194\n|switch|p1a: Zapdos|Zapdos|75\/100\n|move|p2a: kingambit counter|Rest|p2a: kingambit counter\n|-status|p2a: kingambit counter|slp|[from] move: Rest\n|-heal|p2a: kingambit counter|100\/100 slp|[silent]\n|\n|upkeep\n|turn|25\n|inactive|djkslaf has 120 seconds left.\n|\n|t:|1700731203\n|switch|p2a: gholdengo counter|Clodsire, M|77\/100\n|move|p1a: Zapdos|Thunderbolt|p2a: gholdengo counter\n|-immune|p2a: gholdengo counter\n|\n|upkeep\n|turn|26\n|\n|t:|1700731213\n|switch|p1a: Corviknight|Corviknight, F|79\/100\n|move|p2a: gholdengo counter|Stealth Rock|p1a: Corviknight\n|-sidestart|p1: pangdunkabi|move: Stealth Rock\n|\n|upkeep\n|turn|27\n|\n|t:|1700731221\n|switch|p2a: clefable counter|Gholdengo|81\/100\n|move|p1a: Corviknight|Defog|p2a: clefable counter\n|-immune|p2a: clefable counter|[from] ability: Good as Gold\n|\n|upkeep\n|turn|28\n|\n|t:|1700731229\n|move|p2a: clefable counter|Nasty Plot|p2a: clefable counter\n|-boost|p2a: clefable counter|spa|2\n|move|p1a: Corviknight|Brave Bird|p2a: clefable counter\n|-resisted|p2a: clefable counter\n|-damage|p2a: clefable counter|65\/100\n|-damage|p1a: Corviknight|74\/100|[from] Recoil\n|\n|upkeep\n|turn|29\n|\n|t:|1700731244\n|switch|p1a: Great Tusk|Great Tusk|85\/100\n|-damage|p1a: Great Tusk|82\/100|[from] Stealth Rock\n|move|p2a: clefable counter|Nasty Plot|p2a: clefable counter\n|-boost|p2a: clefable counter|spa|2\n|\n|upkeep\n|turn|30\n|\n|t:|1700731256\n|switch|p2a: tusk counter|Clefable, M|93\/100\n|move|p1a: Great Tusk|Knock Off|p2a: tusk counter\n|-resisted|p2a: tusk counter\n|-damage|p2a: tusk counter|85\/100\n|\n|upkeep\n|turn|31\n|\n|t:|1700731264\n|move|p1a: Great Tusk|Rapid Spin|p2a: tusk counter\n|-damage|p2a: tusk counter|70\/100\n|-boost|p1a: Great Tusk|spe|1\n|-sideend|p1: pangdunkabi|Stealth Rock|[from] move: Rapid Spin|[of] p1a: Great Tusk\n|move|p2a: tusk counter|Moonblast|p1a: Great Tusk\n|-supereffective|p1a: Great Tusk\n|-damage|p1a: Great Tusk|0 fnt\n|faint|p1a: Great Tusk\n|-end|p1a: Great Tusk|Protosynthesis|[silent]\n|\n|upkeep\n|\n|t:|1700731279\n|switch|p1a: Ogerpon|Ogerpon-Wellspring, F|100\/100\n|turn|32\n|\n|t:|1700731288\n|move|p1a: Ogerpon|Horn Leech|p2a: tusk counter\n|-damage|p2a: tusk counter|39\/100\n|move|p2a: tusk counter|Stealth Rock|p1a: Ogerpon\n|-sidestart|p1: pangdunkabi|move: Stealth Rock\n|\n|upkeep\n|turn|33\n|\n|t:|1700731294\n|move|p1a: Ogerpon|Horn Leech|p2a: tusk counter\n|-damage|p2a: tusk counter|5\/100\n|move|p2a: tusk counter|Wish|p2a: tusk counter\n|\n|upkeep\n|turn|34\n|\n|t:|1700731303\n|move|p2a: tusk counter|Protect|p2a: tusk counter\n|-singleturn|p2a: tusk counter|Protect\n|move|p1a: Ogerpon|Horn Leech|p2a: tusk counter\n|-activate|p2a: tusk counter|move: Protect\n|\n|-heal|p2a: tusk counter|55\/100|[from] move: Wish|[wisher] tusk counter\n|upkeep\n|turn|35\n|\n|t:|1700731313\n|move|p1a: Ogerpon|Horn Leech|p2a: tusk counter\n|-damage|p2a: tusk counter|22\/100\n|move|p2a: tusk counter|Wish|p2a: tusk counter\n|\n|upkeep\n|turn|36\n|\n|t:|1700731321\n|switch|p1a: Corviknight|Corviknight, F|74\/100\n|-damage|p1a: Corviknight|61\/100|[from] Stealth Rock\n|move|p2a: tusk counter|Protect||[still]\n|-fail|p2a: tusk counter\n|\n|-heal|p2a: tusk counter|72\/100|[from] move: Wish|[wisher] tusk counter\n|upkeep\n|turn|37\n|\n|t:|1700731334\n|switch|p2a: clefable counter|Gholdengo|65\/100\n|move|p1a: Corviknight|Defog|p2a: clefable counter\n|-immune|p2a: clefable counter|[from] ability: Good as Gold\n|\n|upkeep\n|turn|38\n|\n|t:|1700731342\n|switch|p1a: Zapdos|Zapdos|75\/100\n|move|p2a: clefable counter|Shadow Ball|p1a: Zapdos\n|-damage|p1a: Zapdos|41\/100\n|\n|upkeep\n|turn|39\n|\n|t:|1700731359\n|switch|p2a: gholdengo counter|Clodsire, M|77\/100\n|move|p1a: Zapdos|Roost|p1a: Zapdos\n|-heal|p1a: Zapdos|91\/100\n|-singleturn|p1a: Zapdos|move: Roost\n|\n|upkeep\n|turn|40\n|\n|t:|1700731383\n|move|p1a: Zapdos|Hurricane|p2a: gholdengo counter\n|-damage|p2a: gholdengo counter|52\/100\n|move|p2a: gholdengo counter|Poison Jab|p1a: Zapdos\n|-damage|p1a: Zapdos|72\/100\n|\n|upkeep\n|turn|41\n|\n|t:|1700731402\n|move|p1a: Zapdos|Hurricane|p2a: gholdengo counter\n|-damage|p2a: gholdengo counter|30\/100\n|move|p2a: gholdengo counter|Recover|p2a: gholdengo counter\n|-heal|p2a: gholdengo counter|80\/100\n|\n|upkeep\n|turn|42\n|\n|t:|1700731417\n|switch|p1a: Corviknight|Corviknight, F|61\/100\n|-damage|p1a: Corviknight|49\/100|[from] Stealth Rock\n|move|p2a: gholdengo counter|Poison Jab|p1a: Corviknight\n|-immune|p1a: Corviknight\n|\n|upkeep\n|turn|43\n|\n|t:|1700731427\n|switch|p2a: clefable counter|Gholdengo|65\/100\n|move|p1a: Corviknight|Roost|p1a: Corviknight\n|-heal|p1a: Corviknight|99\/100\n|-singleturn|p1a: Corviknight|move: Roost\n|\n|upkeep\n|turn|44\n|\n|t:|1700731438\n|switch|p1a: Zapdos|Zapdos|72\/100\n|move|p2a: clefable counter|Recover|p2a: clefable counter\n|-heal|p2a: clefable counter|100\/100\n|\n|upkeep\n|turn|45\n|\n|t:|1700731447\n|switch|p2a: gholdengo counter|Clodsire, M|80\/100\n|move|p1a: Zapdos|Roost|p1a: Zapdos\n|-heal|p1a: Zapdos|100\/100\n|-singleturn|p1a: Zapdos|move: Roost\n|\n|upkeep\n|turn|46\n|\n|t:|1700731456\n|switch|p1a: Corviknight|Corviknight, F|99\/100\n|-damage|p1a: Corviknight|86\/100|[from] Stealth Rock\n|move|p2a: gholdengo counter|Poison Jab|p1a: Corviknight\n|-immune|p1a: Corviknight\n|\n|upkeep\n|turn|47\n|\n|t:|1700731465\n|switch|p2a: clefable counter|Gholdengo|100\/100\n|move|p1a: Corviknight|U-turn|p2a: clefable counter\n|-resisted|p2a: clefable counter\n|-damage|p2a: clefable counter|98\/100\n|\n|t:|1700731471\n|switch|p1a: Zapdos|Zapdos|100\/100|[from] U-turn\n|\n|upkeep\n|turn|48\n|\n|t:|1700731482\n|switch|p2a: gholdengo counter|Clodsire, M|80\/100\n|move|p1a: Zapdos|Hurricane|p2a: gholdengo counter\n|-damage|p2a: gholdengo counter|55\/100\n|-start|p2a: gholdengo counter|confusion\n|\n|upkeep\n|turn|49\n|\n|t:|1700731494\n|switch|p2a: tusk counter|Clefable, M|72\/100\n|move|p1a: Zapdos|Hurricane|p2a: tusk counter\n|-damage|p2a: tusk counter|32\/100\n|\n|upkeep\n|turn|50\n|\n|t:|1700731504\n|switch|p1a: Corviknight|Corviknight, F|86\/100\n|-damage|p1a: Corviknight|74\/100|[from] Stealth Rock\n|move|p2a: tusk counter|Protect||[still]\n|-fail|p2a: tusk counter\n|\n|upkeep\n|turn|51\n|\n|t:|1700731515\n|move|p1a: Corviknight|Defog|p2a: tusk counter\n|-unboost|p2a: tusk counter|evasion|1\n|-sideend|p1: pangdunkabi|Stealth Rock|[from] move: Defog|[of] p1a: Corviknight\n|move|p2a: tusk counter|Wish|p2a: tusk counter\n|\n|upkeep\n|turn|52\n|\n|t:|1700731523\n|move|p1a: Corviknight|Roost|p1a: Corviknight\n|-heal|p1a: Corviknight|100\/100\n|-singleturn|p1a: Corviknight|move: Roost\n|move|p2a: tusk counter|Wish||[still]\n|-fail|p2a: tusk counter\n|\n|-heal|p2a: tusk counter|82\/100|[from] move: Wish|[wisher] tusk counter\n|upkeep\n|turn|53\n|\n|t:|1700731543\n|switch|p1a: Dragonite|Dragonite, F|100\/100\n|move|p2a: tusk counter|Stealth Rock|p1a: Dragonite\n|-sidestart|p1: pangdunkabi|move: Stealth Rock\n|\n|upkeep\n|turn|54\n|\n|t:|1700731552\n|-terastallize|p1a: Dragonite|Normal\n|move|p1a: Dragonite|Dragon Dance|p1a: Dragonite\n|-boost|p1a: Dragonite|atk|1\n|-boost|p1a: Dragonite|spe|1\n|move|p2a: tusk counter|Moonblast|p1a: Dragonite\n|-damage|p1a: Dragonite|85\/100\n|\n|upkeep\n|turn|55\n|\n|t:|1700731569\n|move|p1a: Dragonite|Dragon Dance|p1a: Dragonite\n|-boost|p1a: Dragonite|atk|1\n|-boost|p1a: Dragonite|spe|1\n|move|p2a: tusk counter|Wish|p2a: tusk counter\n|\n|upkeep\n|turn|56\n|\n|t:|1700731577\n|switch|p2a: gholdengo counter|Clodsire, M|55\/100\n|move|p1a: Dragonite|Earthquake|p2a: gholdengo counter\n|-supereffective|p2a: gholdengo counter\n|-damage|p2a: gholdengo counter|0 fnt\n|faint|p2a: gholdengo counter\n|\n|upkeep\n|\n|t:|1700731583\n|switch|p2a: kingambit counter|Dondozo, M|100\/100 slp\n|turn|57\n|\n|t:|1700731603\n|move|p1a: Dragonite|Dragon Dance|p1a: Dragonite\n|-boost|p1a: Dragonite|atk|1\n|-boost|p1a: Dragonite|spe|1\n|cant|p2a: kingambit counter|slp\n|move|p2a: kingambit counter|Sleep Talk|p2a: kingambit counter\n|move|p2a: kingambit counter|Liquidation|p1a: Dragonite|[from]move: Sleep Talk\n|-damage|p1a: Dragonite|53\/100\n|\n|upkeep\n|turn|58\n|\n|t:|1700731630\n|move|p1a: Dragonite|Roost|p1a: Dragonite\n|-heal|p1a: Dragonite|100\/100\n|cant|p2a: kingambit counter|slp\n|move|p2a: kingambit counter|Sleep Talk|p2a: kingambit counter\n|move|p2a: kingambit counter|Rest||[from]move: Sleep Talk|[still]\n|-fail|p2a: kingambit counter\n|\n|upkeep\n|turn|59\n|\n|t:|1700731643\n|move|p1a: Dragonite|Extreme Speed|p2a: kingambit counter\n|-damage|p2a: kingambit counter|76\/100 slp\n|-curestatus|p2a: kingambit counter|slp|[msg]\n|move|p2a: kingambit counter|Curse|p2a: kingambit counter\n|-unboost|p2a: kingambit counter|spe|1\n|-boost|p2a: kingambit counter|atk|1\n|-boost|p2a: kingambit counter|def|1\n|\n|-heal|p2a: kingambit counter|83\/100|[from] item: Leftovers\n|upkeep\n|turn|60\n|\n|t:|1700731656\n|switch|p1a: Corviknight|Corviknight, F|100\/100\n|-damage|p1a: Corviknight|88\/100|[from] Stealth Rock\n|move|p2a: kingambit counter|Curse|p2a: kingambit counter\n|-unboost|p2a: kingambit counter|spe|1\n|-boost|p2a: kingambit counter|atk|1\n|-boost|p2a: kingambit counter|def|1\n|\n|-heal|p2a: kingambit counter|89\/100|[from] item: Leftovers\n|upkeep\n|turn|61\n|\n|t:|1700731671\n|move|p1a: Corviknight|Defog|p2a: kingambit counter\n|-unboost|p2a: kingambit counter|evasion|1\n|-sideend|p1: pangdunkabi|Stealth Rock|[from] move: Defog|[of] p1a: Corviknight\n|move|p2a: kingambit counter|Curse|p2a: kingambit counter\n|-unboost|p2a: kingambit counter|spe|1\n|-boost|p2a: kingambit counter|atk|1\n|-boost|p2a: kingambit counter|def|1\n|\n|-heal|p2a: kingambit counter|95\/100|[from] item: Leftovers\n|upkeep\n|turn|62\n|\n|t:|1700731690\n|switch|p1a: Zapdos|Zapdos|100\/100\n|move|p2a: kingambit counter|Liquidation|p1a: Zapdos\n|-crit|p1a: Zapdos\n|-damage|p1a: Zapdos|6\/100\n|-unboost|p1a: Zapdos|def|1\n|\n|-heal|p2a: kingambit counter|100\/100|[from] item: Leftovers\n|upkeep\n|turn|63\n|\n|t:|1700731703\n|move|p1a: Zapdos|Thunderbolt|p2a: kingambit counter\n|-supereffective|p2a: kingambit counter\n|-damage|p2a: kingambit counter|30\/100\n|move|p2a: kingambit counter|Liquidation|p1a: Zapdos\n|-damage|p1a: Zapdos|0 fnt\n|faint|p1a: Zapdos\n|\n|-heal|p2a: kingambit counter|36\/100|[from] item: Leftovers\n|upkeep\n|inactive|pangdunkabi has 120 seconds left.\n|\n|t:|1700731736\n|switch|p1a: Ogerpon|Ogerpon-Wellspring, F|100\/100\n|turn|64\n|\n|t:|1700731745\n|switch|p2a: valiant counter|Scizor, F|100\/100 par\n|move|p1a: Ogerpon|Horn Leech|p2a: valiant counter\n|-resisted|p2a: valiant counter\n|-damage|p2a: valiant counter|90\/100 par\n|\n|upkeep\n|turn|65\n|\n|t:|1700731756\n|switch|p1a: Dragonite|Dragonite, F, tera:Normal|100\/100\n|move|p2a: valiant counter|Close Combat|p1a: Dragonite\n|-supereffective|p1a: Dragonite\n|-damage|p1a: Dragonite|21\/100\n|-unboost|p2a: valiant counter|def|1\n|-unboost|p2a: valiant counter|spd|1\n|\n|upkeep\n|turn|66\n|\n|t:|1700731768\n|move|p1a: Dragonite|Extreme Speed|p2a: valiant counter\n|-resisted|p2a: valiant counter\n|-damage|p2a: valiant counter|53\/100 par\n|move|p2a: valiant counter|Close Combat|p1a: Dragonite\n|-supereffective|p1a: Dragonite\n|-damage|p1a: Dragonite|0 fnt\n|-unboost|p2a: valiant counter|def|1\n|-unboost|p2a: valiant counter|spd|1\n|faint|p1a: Dragonite\n|\n|upkeep\n|\n|t:|1700731780\n|switch|p1a: Corviknight|Corviknight, F|88\/100\n|turn|67\n|\n|t:|1700731784\n|switch|p2a: clefable counter|Gholdengo|98\/100\n|move|p1a: Corviknight|Brave Bird|p2a: clefable counter\n|-resisted|p2a: clefable counter\n|-damage|p2a: clefable counter|81\/100\n|-damage|p1a: Corviknight|83\/100|[from] Recoil\n|\n|upkeep\n|turn|68\n|inactive|pangdunkabi has 120 seconds left.\n|-message|pangdunkabi forfeited.\n|\n|win|djkslaf\n|raw|pangdunkabi's rating: 1080 &rarr; <strong>1063<\/strong><br \/>(-17 for losing)\n|raw|djkslaf's rating: 1162 &rarr; <strong>1181<\/strong><br \/>(+19 for winning)\n|l|\u2606pangdunkabi\n","uploadtime":1700731794,"views":2,"p1id":"pangdunkabi","p2id":"djkslaf","formatid":"gen9ou","rating":1063,"private":0,"password":""}