{"id":"gen9ou-1997050710","p1":"shucklestaline","p2":"Aksuk","format":"[Gen 9] OU","log":"|j|\u2606shucklestaline\n|j|\u2606Aksuk\n|t:|1700759541\n|gametype|singles\n|player|p1|shucklestaline|1|1000\n|player|p2|Aksuk|hugh|1087\n|teamsize|p1|6\n|teamsize|p2|6\n|gen|9\n|tier|[Gen 9] OU\n|rated|\n|rule|Sleep Clause Mod: Limit one foe put to sleep\n|rule|Species Clause: Limit one of each Pok\u00e9mon\n|rule|OHKO Clause: OHKO moves are banned\n|rule|Evasion Items Clause: Evasion items are banned\n|rule|Evasion Moves Clause: Evasion moves are banned\n|rule|Endless Battle Clause: Forcing endless battles is banned\n|rule|HP Percentage Mod: HP is shown in percentages\n|clearpoke\n|poke|p1|Pincurchin, F|\n|poke|p1|Raichu-Alola, F|\n|poke|p1|Iron Valiant|\n|poke|p1|Pelipper, F|\n|poke|p1|Golduck, M|\n|poke|p1|Hawlucha, F|\n|poke|p2|Lycanroc-Dusk, M|\n|poke|p2|Maushold-Four|\n|poke|p2|Zapdos|\n|poke|p2|Politoed, F|\n|poke|p2|Arbok, F|\n|poke|p2|Great Tusk|\n|teampreview\n|\n|t:|1700759579\n|start\n|switch|p1a: Pincurchin|Pincurchin, F|100\/100\n|switch|p2a: Max Elephant|Great Tusk|100\/100\n|-fieldstart|move: Electric Terrain|[from] ability: Electric Surge|[of] p1a: Pincurchin\n|-enditem|p2a: Max Elephant|Booster Energy\n|-activate|p2a: Max Elephant|ability: Protosynthesis|[fromitem]\n|-start|p2a: Max Elephant|protosynthesisatk\n|turn|1\n|\n|t:|1700759594\n|switch|p1a: Pelipper|Pelipper, F|100\/100\n|-weather|RainDance|[from] ability: Drizzle|[of] p1a: Pelipper\n|move|p2a: Max Elephant|Headlong Rush|p1a: Pelipper\n|-immune|p1a: Pelipper\n|\n|-weather|RainDance|[upkeep]\n|upkeep\n|turn|2\n|\n|t:|1700759607\n|move|p2a: Max Elephant|Stealth Rock|p1a: Pelipper\n|-sidestart|p1: shucklestaline|move: Stealth Rock\n|move|p1a: Pelipper|U-turn|p2a: Max Elephant\n|-resisted|p2a: Max Elephant\n|-damage|p2a: Max Elephant|98\/100\n|\n|t:|1700759610\n|switch|p1a: Iron Valiant|Iron Valiant|100\/100|[from] U-turn\n|-damage|p1a: Iron Valiant|94\/100|[from] Stealth Rock\n|-activate|p1a: Iron Valiant|ability: Quark Drive\n|-start|p1a: Iron Valiant|quarkdrivespa\n|\n|-weather|RainDance|[upkeep]\n|upkeep\n|turn|3\n|\n|t:|1700759619\n|-terastallize|p2a: Max Elephant|Ground\n|move|p1a: Iron Valiant|Moonblast|p2a: Max Elephant\n|-damage|p2a: Max Elephant|0 fnt\n|faint|p2a: Max Elephant\n|-end|p2a: Max Elephant|Protosynthesis|[silent]\n|-damage|p1a: Iron Valiant|85\/100|[from] item: Life Orb\n|\n|-weather|RainDance|[upkeep]\n|upkeep\n|\n|t:|1700759640\n|switch|p2a: Orochi|Arbok, F|100\/100\n|-ability|p2a: Orochi|Intimidate|boost\n|-unboost|p1a: Iron Valiant|atk|1\n|turn|4\n|\n|t:|1700759648\n|move|p1a: Iron Valiant|Thunderbolt|p2a: Orochi\n|-damage|p2a: Orochi|0 fnt\n|faint|p2a: Orochi\n|-damage|p1a: Iron Valiant|75\/100|[from] item: Life Orb\n|\n|-weather|RainDance|[upkeep]\n|upkeep\n|\n|t:|1700759661\n|switch|p2a: Divine Dog|Lycanroc-Dusk, M, shiny|100\/100\n|turn|5\n|\n|t:|1700759665\n|move|p1a: Iron Valiant|Vacuum Wave|p2a: Divine Dog\n|-supereffective|p2a: Divine Dog\n|-damage|p2a: Divine Dog|0 fnt\n|faint|p2a: Divine Dog\n|-damage|p1a: Iron Valiant|65\/100|[from] item: Life Orb\n|\n|-weather|RainDance|[upkeep]\n|upkeep\n|-message|Aksuk forfeited.\n|\n|win|shucklestaline\n|raw|shucklestaline's rating: 1000 &rarr; <strong>1050<\/strong><br \/>(+50 for winning)\n|raw|Aksuk's rating: 1087 &rarr; <strong>1058<\/strong><br \/>(-29 for losing)\n|l|\u2606Aksuk\n","uploadtime":1700759678,"views":4,"p1id":"shucklestaline","p2id":"aksuk","formatid":"gen9ou","rating":1050,"private":0,"password":""}