{"id":"gen9ou-1993895482","p1":"Andrews Finn2","p2":"AGOChannel","format":"[Gen 9] OU","log":"|j|\u2606Andrews Finn2\n|j|\u2606AGOChannel\n|t:|1700371544\n|gametype|singles\n|player|p1|Andrews Finn2|steven|1181\n|player|p2|AGOChannel|2|1053\n|teamsize|p1|6\n|teamsize|p2|6\n|gen|9\n|tier|[Gen 9] OU\n|rated|\n|rule|Sleep Clause Mod: Limit one foe put to sleep\n|rule|Species Clause: Limit one of each Pok\u00e9mon\n|rule|OHKO Clause: OHKO moves are banned\n|rule|Evasion Items Clause: Evasion items are banned\n|rule|Evasion Moves Clause: Evasion moves are banned\n|rule|Endless Battle Clause: Forcing endless battles is banned\n|rule|HP Percentage Mod: HP is shown in percentages\n|clearpoke\n|poke|p1|Alomomola, F|\n|poke|p1|Slowking-Galar, F|\n|poke|p1|Kingambit, F|\n|poke|p1|Great Tusk|\n|poke|p1|Cinderace, F|\n|poke|p1|Thundurus-Therian, M|\n|poke|p2|Ninetales-Alola, M|\n|poke|p2|Weavile, F|\n|poke|p2|Slowking-Galar, M|\n|poke|p2|Cloyster, M|\n|poke|p2|Zoroark-Hisui, M|\n|poke|p2|Rotom-Frost|\n|teampreview\n|\n|t:|1700371565\n|start\n|switch|p1a: Great Tusk|Great Tusk|100\/100\n|switch|p2a: Ninetales|Ninetales-Alola, M|100\/100\n|-weather|Snow|[from] ability: Snow Warning|[of] p2a: Ninetales\n|turn|1\n|\n|t:|1700371573\n|move|p2a: Ninetales|Aurora Veil|p2a: Ninetales\n|-sidestart|p2: AGOChannel|move: Aurora Veil\n|move|p1a: Great Tusk|Stealth Rock|p2a: Ninetales\n|-sidestart|p2: AGOChannel|move: Stealth Rock\n|\n|-weather|Snow|[upkeep]\n|upkeep\n|turn|2\n|\n|t:|1700371579\n|-end|p1a: Great Tusk|Protosynthesis|[silent]\n|switch|p1a: Cinderace|Cinderace, F|100\/100\n|move|p2a: Ninetales|Chilling Water|p1a: Cinderace\n|-supereffective|p1a: Cinderace\n|-damage|p1a: Cinderace|67\/100\n|-unboost|p1a: Cinderace|atk|1\n|\n|-weather|Snow|[upkeep]\n|upkeep\n|turn|3\n|\n|t:|1700371597\n|switch|p2a: Weavile|Weavile, F|100\/100\n|-ability|p2a: Weavile|Pressure\n|move|p1a: Cinderace|U-turn|p2a: Weavile\n|-start|p1a: Cinderace|typechange|Bug|[from] ability: Libero\n|-supereffective|p2a: Weavile\n|-damage|p2a: Weavile|75\/100\n|\n|t:|1700371606\n|switch|p1a: Alomomola|Alomomola, F|100\/100|[from] U-turn\n|\n|-weather|Snow|[upkeep]\n|upkeep\n|turn|4\n|\n|t:|1700371614\n|move|p2a: Weavile|Fake Out|p1a: Alomomola\n|-damage|p1a: Alomomola|92\/100\n|-enditem|p1a: Alomomola|Red Card|[of] p2a: Weavile\n|drag|p2a: Slowking|Slowking-Galar, M|100\/100\n|-damage|p2a: Slowking|88\/100|[from] Stealth Rock\n|cant|p1a: Alomomola|flinch\n|\n|-weather|Snow|[upkeep]\n|-heal|p2a: Slowking|94\/100|[from] item: Black Sludge\n|upkeep\n|turn|5\n|\n|t:|1700371628\n|switch|p1a: Slowking|Slowking-Galar, F|100\/100\n|move|p2a: Slowking|Trick|p1a: Slowking\n|-activate|p2a: Slowking|move: Trick|[of] p1a: Slowking\n|-item|p1a: Slowking|Black Sludge|[from] move: Trick\n|-item|p2a: Slowking|Heavy-Duty Boots|[from] move: Trick\n|\n|-weather|Snow|[upkeep]\n|-sideend|p2: AGOChannel|move: Aurora Veil\n|upkeep\n|turn|6\n|\n|t:|1700371644\n|move|p2a: Slowking|Trick|p1a: Slowking\n|-activate|p2a: Slowking|move: Trick|[of] p1a: Slowking\n|-item|p1a: Slowking|Heavy-Duty Boots|[from] move: Trick\n|-item|p2a: Slowking|Black Sludge|[from] move: Trick\n|move|p1a: Slowking|Future Sight|p2a: Slowking\n|-start|p1a: Slowking|move: Future Sight\n|\n|-weather|Snow|[upkeep]\n|-heal|p2a: Slowking|100\/100|[from] item: Black Sludge\n|upkeep\n|turn|7\n|\n|t:|1700371657\n|switch|p2a: Cloyster|Cloyster, M|100\/100\n|-damage|p2a: Cloyster|76\/100|[from] Stealth Rock\n|move|p1a: Slowking|Chilly Reception|p1a: Slowking\n|\n|t:|1700371666\n|switch|p1a: Thundurus|Thundurus-Therian, M|100\/100|[from] Chilly Reception\n|\n|-weather|Snow|[upkeep]\n|upkeep\n|turn|8\n|\n|t:|1700371675\n|-terastallize|p2a: Cloyster|Rock\n|move|p1a: Thundurus|Volt Switch|p2a: Cloyster\n|-damage|p2a: Cloyster|0 fnt\n|faint|p2a: Cloyster\n|\n|t:|1700371683\n|switch|p1a: Cinderace|Cinderace, F|67\/100|[from] Volt Switch\n|\n|-weather|none\n|-hint|Future Sight did not hit because the target is fainted.\n|upkeep\n|\n|t:|1700371692\n|switch|p2a: Weavile|Weavile, F|100\/100\n|-damage|p2a: Weavile|88\/100|[from] Stealth Rock\n|turn|9\n|\n|t:|1700371697\n|move|p1a: Cinderace|U-turn|p2a: Weavile\n|-start|p1a: Cinderace|typechange|Bug|[from] ability: Libero\n|-resisted|p2a: Weavile\n|-damage|p2a: Weavile|48\/100\n|replace|p2a: Zoroark|Zoroark-Hisui, M\n|-end|p2a: Zoroark|Illusion\n|\n|t:|1700371707\n|switch|p1a: Kingambit|Kingambit, F|100\/100|[from] U-turn\n|move|p2a: Zoroark|Hyper Beam|p1a: Kingambit\n|-resisted|p1a: Kingambit\n|-damage|p1a: Kingambit|63\/100\n|-mustrecharge|p2a: Zoroark\n|\n|-heal|p1a: Kingambit|69\/100|[from] item: Leftovers\n|upkeep\n|turn|10\n|l|\u2606AGOChannel\n|player|p2|\n|c|\u2606Andrews Finn2|I saw somebody using h beam after a long time\n|inactive|Battle timer is ON: inactive players will automatically lose when time's up. (requested by Andrews Finn2)\n|inactive|AGOChannel has 30 seconds to reconnect!\n|inactive|AGOChannel has 20 seconds to reconnect!\n|inactive|AGOChannel has 15 seconds to reconnect!\n|inactive|AGOChannel has 10 seconds to reconnect!\n|inactive|AGOChannel has 5 seconds to reconnect!\n|-message|AGOChannel lost due to inactivity.\n|\n|win|Andrews Finn2\n|raw|Andrews Finn2's rating: 1181 &rarr; <strong>1197<\/strong><br \/>(+16 for winning)\n|raw|AGOChannel's rating: 1053 &rarr; <strong>1041<\/strong><br \/>(-12 for losing)\n","uploadtime":1700371810,"views":13,"p1id":"andrewsfinn2","p2id":"agochannel","formatid":"gen9ou","rating":1041,"private":0,"password":""}