{"id":"gen9ou-1991920555","p1":"pinkerthanfloyd","p2":"ok132","format":"[Gen 9] OU","log":"|j|\u2606pinkerthanfloyd\n|j|\u2606ok132\n|t:|1700138320\n|gametype|singles\n|player|p1|pinkerthanfloyd|brycen|1670\n|player|p2|ok132|ninjaboy|1746\n|teamsize|p1|6\n|teamsize|p2|6\n|gen|9\n|tier|[Gen 9] OU\n|rated|\n|rule|Sleep Clause Mod: Limit one foe put to sleep\n|rule|Species Clause: Limit one of each Pok\u00e9mon\n|rule|OHKO Clause: OHKO moves are banned\n|rule|Evasion Items Clause: Evasion items are banned\n|rule|Evasion Moves Clause: Evasion moves are banned\n|rule|Endless Battle Clause: Forcing endless battles is banned\n|rule|HP Percentage Mod: HP is shown in percentages\n|clearpoke\n|poke|p1|Torkoal, M|\n|poke|p1|Walking Wake|\n|poke|p1|Great Tusk|\n|poke|p1|Slither Wing|\n|poke|p1|Ceruledge, M|\n|poke|p1|Cinderace, M|\n|poke|p2|Garchomp, M|\n|poke|p2|Cinderace, M|\n|poke|p2|Zapdos|\n|poke|p2|Ogerpon-Wellspring, F|\n|poke|p2|Garganacl, F|\n|poke|p2|Iron Valiant|\n|teampreview\n|\n|t:|1700138337\n|start\n|switch|p1a: Great Tusk|Great Tusk|100\/100\n|switch|p2a: Garganacl|Garganacl, F|100\/100\n|turn|1\n|\n|t:|1700138347\n|switch|p2a: Zapdos|Zapdos|100\/100\n|move|p1a: Great Tusk|Headlong Rush|p2a: Zapdos\n|-immune|p2a: Zapdos\n|\n|upkeep\n|turn|2\n|\n|t:|1700138353\n|-end|p1a: Great Tusk|Protosynthesis|[silent]\n|switch|p1a: Torkoal|Torkoal, M|100\/100\n|-weather|SunnyDay|[from] ability: Drought|[of] p1a: Torkoal\n|move|p2a: Zapdos|Volt Switch|p1a: Torkoal\n|-damage|p1a: Torkoal|66\/100\n|\n|t:|1700138357\n|switch|p2a: Garchomp|Garchomp, M|100\/100|[from] Volt Switch\n|\n|-weather|SunnyDay|[upkeep]\n|upkeep\n|turn|3\n|\n|t:|1700138381\n|switch|p1a: Walking Wake|Walking Wake|100\/100\n|-activate|p1a: Walking Wake|ability: Protosynthesis\n|-start|p1a: Walking Wake|protosynthesisspa\n|move|p2a: Garchomp|Swords Dance|p2a: Garchomp\n|-boost|p2a: Garchomp|atk|2\n|\n|-weather|SunnyDay|[upkeep]\n|upkeep\n|turn|4\n|\n|t:|1700138395\n|switch|p2a: Cinderace|Cinderace, M|100\/100\n|move|p1a: Walking Wake|Hydro Steam|p2a: Cinderace\n|-supereffective|p2a: Cinderace\n|-damage|p2a: Cinderace|0 fnt\n|faint|p2a: Cinderace\n|\n|-weather|SunnyDay|[upkeep]\n|upkeep\n|\n|t:|1700138397\n|switch|p2a: Ogerpon|Ogerpon-Wellspring, F|100\/100\n|turn|5\n|\n|t:|1700138406\n|switch|p2a: Zapdos|Zapdos|100\/100\n|-end|p1a: Walking Wake|Protosynthesis|[silent]\n|switch|p1a: Slither Wing|Slither Wing|100\/100\n|-activate|p1a: Slither Wing|ability: Protosynthesis\n|-start|p1a: Slither Wing|protosynthesisatk\n|\n|-weather|SunnyDay|[upkeep]\n|upkeep\n|turn|6\n|\n|t:|1700138420\n|move|p2a: Zapdos|Volt Switch|p1a: Slither Wing\n|-damage|p1a: Slither Wing|72\/100\n|j| eeferrrerere\n|\n|t:|1700138427\n|switch|p2a: Garganacl|Garganacl, F|100\/100|[from] Volt Switch\n|move|p1a: Slither Wing|Flare Blitz|p2a: Garganacl\n|-resisted|p2a: Garganacl\n|-damage|p2a: Garganacl|59\/100\n|-damage|p1a: Slither Wing|55\/100|[from] Recoil\n|-damage|p1a: Slither Wing|46\/100|[from] item: Life Orb\n|\n|-weather|SunnyDay|[upkeep]\n|-heal|p2a: Garganacl|65\/100|[from] item: Leftovers\n|upkeep\n|turn|7\n|\n|t:|1700138434\n|switch|p2a: Zapdos|Zapdos|100\/100\n|move|p1a: Slither Wing|Morning Sun|p1a: Slither Wing\n|-heal|p1a: Slither Wing|100\/100\n|\n|-weather|SunnyDay|[upkeep]\n|upkeep\n|turn|8\n|\n|t:|1700138440\n|-end|p1a: Slither Wing|Protosynthesis|[silent]\n|switch|p1a: Cinderace|Cinderace, M|100\/100\n|move|p2a: Zapdos|Hurricane|p1a: Cinderace|[miss]\n|-miss|p2a: Zapdos|p1a: Cinderace\n|\n|-weather|SunnyDay|[upkeep]\n|upkeep\n|turn|9\n|\n|t:|1700138446\n|move|p1a: Cinderace|Pyro Ball|p2a: Zapdos\n|-damage|p2a: Zapdos|19\/100\n|move|p2a: Zapdos|Roost|p2a: Zapdos\n|-heal|p2a: Zapdos|69\/100\n|-singleturn|p2a: Zapdos|move: Roost\n|\n|-weather|none\n|upkeep\n|turn|10\n|c|\u2606pinkerthanfloyd|hurricane is not so accurate in sun\n|\n|t:|1700138463\n|move|p1a: Cinderace|Pyro Ball|p2a: Zapdos\n|-damage|p2a: Zapdos|17\/100\n|move|p2a: Zapdos|Thunder Wave|p1a: Cinderace\n|-status|p1a: Cinderace|par\n|\n|upkeep\n|turn|11\n|c|\u2606ok132|yes\n|\n|t:|1700138476\n|switch|p1a: Walking Wake|Walking Wake|100\/100\n|move|p2a: Zapdos|Roost|p2a: Zapdos\n|-heal|p2a: Zapdos|67\/100\n|-singleturn|p2a: Zapdos|move: Roost\n|\n|upkeep\n|turn|12\n|\n|t:|1700138482\n|switch|p2a: Ogerpon|Ogerpon-Wellspring, F|100\/100\n|move|p1a: Walking Wake|Dragon Pulse|p2a: Ogerpon\n|-damage|p2a: Ogerpon|20\/100\n|\n|upkeep\n|turn|13\n|\n|t:|1700138490\n|-end|p1a: Walking Wake|Protosynthesis|[silent]\n|switch|p1a: Slither Wing|Slither Wing|100\/100\n|move|p2a: Ogerpon|Ivy Cudgel|p1a: Slither Wing|[anim] Ivy Cudgel Water\n|-damage|p1a: Slither Wing|29\/100\n|\n|upkeep\n|turn|14\n|\n|t:|1700138495\n|switch|p2a: Zapdos|Zapdos|67\/100\n|move|p1a: Slither Wing|U-turn|p2a: Zapdos\n|-resisted|p2a: Zapdos\n|-crit|p2a: Zapdos\n|-damage|p2a: Zapdos|27\/100\n|-status|p1a: Slither Wing|par|[from] ability: Static|[of] p2a: Zapdos\n|-damage|p1a: Slither Wing|19\/100 par|[from] item: Life Orb\n|\n|t:|1700138505\n|-end|p1a: Slither Wing|Protosynthesis|[silent]\n|switch|p1a: Ceruledge|Ceruledge, M|100\/100|[from] U-turn\n|\n|upkeep\n|turn|15\n|\n|t:|1700138511\n|move|p2a: Zapdos|Volt Switch|p1a: Ceruledge\n|-damage|p1a: Ceruledge|69\/100\n|\n|t:|1700138513\n|switch|p2a: Garchomp|Garchomp, M|100\/100|[from] Volt Switch\n|move|p1a: Ceruledge|Poltergeist|p2a: Garchomp\n|-activate|p2a: Garchomp|move: Poltergeist|Loaded Dice\n|-damage|p2a: Garchomp|49\/100\n|\n|upkeep\n|turn|16\n|\n|t:|1700138523\n|switch|p1a: Torkoal|Torkoal, M|66\/100\n|-weather|SunnyDay|[from] ability: Drought|[of] p1a: Torkoal\n|move|p2a: Garchomp|Scale Shot|p1a: Torkoal\n|-damage|p1a: Torkoal|58\/100\n|-damage|p1a: Torkoal|50\/100\n|-damage|p1a: Torkoal|41\/100\n|-damage|p1a: Torkoal|33\/100\n|-damage|p1a: Torkoal|24\/100\n|-hitcount|p1a: Torkoal|5\n|-unboost|p2a: Garchomp|def|1\n|-boost|p2a: Garchomp|spe|1\n|\n|-weather|SunnyDay|[upkeep]\n|upkeep\n|turn|17\n|\n|t:|1700138538\n|switch|p1a: Cinderace|Cinderace, M|100\/100 par\n|move|p2a: Garchomp|Earthquake|p1a: Cinderace\n|-supereffective|p1a: Cinderace\n|-damage|p1a: Cinderace|0 fnt\n|faint|p1a: Cinderace\n|\n|-weather|SunnyDay|[upkeep]\n|upkeep\n|\n|t:|1700138540\n|switch|p1a: Slither Wing|Slither Wing|19\/100 par\n|-activate|p1a: Slither Wing|ability: Protosynthesis\n|-start|p1a: Slither Wing|protosynthesisatk\n|turn|18\n|j| Ultramanball1\n|\n|t:|1700138545\n|move|p1a: Slither Wing|First Impression|p2a: Garchomp\n|-damage|p2a: Garchomp|0 fnt\n|-damage|p1a: Slither Wing|7\/100 par|[from] ability: Rough Skin|[of] p2a: Garchomp\n|faint|p2a: Garchomp\n|-damage|p1a: Slither Wing|0 fnt|[from] item: Life Orb\n|faint|p1a: Slither Wing\n|-end|p1a: Slither Wing|Protosynthesis|[silent]\n|\n|-weather|SunnyDay|[upkeep]\n|upkeep\n|\n|t:|1700138554\n|switch|p2a: Zapdos|Zapdos|27\/100\n|switch|p1a: Walking Wake|Walking Wake|100\/100\n|-activate|p1a: Walking Wake|ability: Protosynthesis\n|-start|p1a: Walking Wake|protosynthesisspa\n|turn|19\n|\n|t:|1700138562\n|switch|p2a: Garganacl|Garganacl, F|65\/100\n|move|p1a: Walking Wake|Flamethrower|p2a: Garganacl\n|-resisted|p2a: Garganacl\n|-damage|p2a: Garganacl|35\/100\n|\n|-weather|SunnyDay|[upkeep]\n|-heal|p2a: Garganacl|42\/100|[from] item: Leftovers\n|upkeep\n|turn|20\n|\n|t:|1700138574\n|-end|p1a: Walking Wake|Protosynthesis|[silent]\n|switch|p1a: Great Tusk|Great Tusk|100\/100\n|-activate|p1a: Great Tusk|ability: Protosynthesis\n|-start|p1a: Great Tusk|protosynthesisatk\n|move|p2a: Garganacl|Salt Cure|p1a: Great Tusk\n|-resisted|p1a: Great Tusk\n|-damage|p1a: Great Tusk|98\/100\n|-start|p1a: Great Tusk|Salt Cure\n|\n|-weather|SunnyDay|[upkeep]\n|-heal|p2a: Garganacl|48\/100|[from] item: Leftovers\n|-damage|p1a: Great Tusk|85\/100|[from] Salt Cure\n|upkeep\n|turn|21\n|\n|t:|1700138603\n|switch|p2a: Iron Valiant|Iron Valiant|100\/100\n|-enditem|p2a: Iron Valiant|Booster Energy\n|-activate|p2a: Iron Valiant|ability: Quark Drive|[fromitem]\n|-start|p2a: Iron Valiant|quarkdrivespe\n|move|p1a: Great Tusk|Close Combat|p2a: Iron Valiant\n|-resisted|p2a: Iron Valiant\n|-damage|p2a: Iron Valiant|45\/100\n|-unboost|p1a: Great Tusk|def|1\n|-unboost|p1a: Great Tusk|spd|1\n|\n|-weather|SunnyDay|[upkeep]\n|-damage|p1a: Great Tusk|73\/100|[from] Salt Cure\n|upkeep\n|turn|22\n|\n|t:|1700138621\n|-end|p1a: Great Tusk|Protosynthesis|[silent]\n|switch|p1a: Ceruledge|Ceruledge, M|69\/100\n|move|p2a: Iron Valiant|Close Combat|p1a: Ceruledge\n|-immune|p1a: Ceruledge\n|\n|-weather|SunnyDay|[upkeep]\n|upkeep\n|turn|23\n|\n|t:|1700138626\n|move|p2a: Iron Valiant|Knock Off|p1a: Ceruledge\n|-supereffective|p1a: Ceruledge\n|-damage|p1a: Ceruledge|0 fnt\n|-enditem|p1a: Ceruledge|Focus Sash|[from] move: Knock Off|[of] p2a: Iron Valiant\n|faint|p1a: Ceruledge\n|\n|-weather|none\n|upkeep\n|\n|t:|1700138631\n|switch|p1a: Great Tusk|Great Tusk|73\/100\n|turn|24\n|\n|t:|1700138648\n|-terastallize|p1a: Great Tusk|Ground\n|move|p2a: Iron Valiant|Close Combat|p1a: Great Tusk\n|-damage|p1a: Great Tusk|25\/100\n|-unboost|p2a: Iron Valiant|def|1\n|-unboost|p2a: Iron Valiant|spd|1\n|move|p1a: Great Tusk|Headlong Rush|p2a: Iron Valiant\n|-damage|p2a: Iron Valiant|0 fnt\n|-unboost|p1a: Great Tusk|def|1\n|-unboost|p1a: Great Tusk|spd|1\n|faint|p2a: Iron Valiant\n|-end|p2a: Iron Valiant|Quark Drive|[silent]\n|\n|upkeep\n|\n|t:|1700138655\n|switch|p2a: Ogerpon|Ogerpon-Wellspring, F|20\/100\n|turn|25\n|\n|t:|1700138659\n|move|p1a: Great Tusk|Headlong Rush|p2a: Ogerpon\n|-resisted|p2a: Ogerpon\n|-damage|p2a: Ogerpon|0 fnt\n|-unboost|p1a: Great Tusk|def|1\n|-unboost|p1a: Great Tusk|spd|1\n|faint|p2a: Ogerpon\n|\n|upkeep\n|\n|t:|1700138662\n|switch|p2a: Zapdos|Zapdos|27\/100\n|turn|26\n|\n|t:|1700138667\n|-end|p1a: Great Tusk|Protosynthesis|[silent]\n|switch|p1a: Walking Wake|Walking Wake|100\/100\n|move|p2a: Zapdos|Roost|p2a: Zapdos\n|-heal|p2a: Zapdos|77\/100\n|-singleturn|p2a: Zapdos|move: Roost\n|\n|upkeep\n|turn|27\n|\n|t:|1700138670\n|move|p1a: Walking Wake|Hydro Steam|p2a: Zapdos\n|-damage|p2a: Zapdos|19\/100\n|move|p2a: Zapdos|Thunder Wave|p1a: Walking Wake|[miss]\n|-miss|p2a: Zapdos|p1a: Walking Wake\n|\n|upkeep\n|turn|28\n|\n|t:|1700138677\n|-end|p1a: Walking Wake|Protosynthesis|[silent]\n|switch|p1a: Torkoal|Torkoal, M|24\/100\n|-weather|SunnyDay|[from] ability: Drought|[of] p1a: Torkoal\n|move|p2a: Zapdos|Thunder Wave|p1a: Torkoal\n|-status|p1a: Torkoal|par\n|\n|-weather|SunnyDay|[upkeep]\n|upkeep\n|turn|29\n|\n|t:|1700138680\n|move|p2a: Zapdos|Roost|p2a: Zapdos\n|-heal|p2a: Zapdos|69\/100\n|-singleturn|p2a: Zapdos|move: Roost\n|cant|p1a: Torkoal|par\n|\n|-weather|SunnyDay|[upkeep]\n|upkeep\n|turn|30\n|\n|t:|1700138686\n|switch|p2a: Garganacl|Garganacl, F|48\/100\n|move|p1a: Torkoal|Yawn|p2a: Garganacl\n|-immune|p2a: Garganacl|[from] ability: Purifying Salt\n|\n|-weather|SunnyDay|[upkeep]\n|-heal|p2a: Garganacl|54\/100|[from] item: Leftovers\n|upkeep\n|turn|31\n|\n|t:|1700138691\n|move|p2a: Garganacl|Recover|p2a: Garganacl\n|-heal|p2a: Garganacl|100\/100\n|move|p1a: Torkoal|Body Press|p2a: Garganacl\n|-supereffective|p2a: Garganacl\n|-damage|p2a: Garganacl|61\/100\n|\n|-weather|SunnyDay|[upkeep]\n|-heal|p2a: Garganacl|68\/100|[from] item: Leftovers\n|upkeep\n|turn|32\n|\n|t:|1700138697\n|switch|p1a: Great Tusk|Great Tusk, tera:Ground|25\/100\n|-activate|p1a: Great Tusk|ability: Protosynthesis\n|-start|p1a: Great Tusk|protosynthesisatk\n|move|p2a: Garganacl|Stealth Rock|p1a: Great Tusk\n|-sidestart|p1: pinkerthanfloyd|move: Stealth Rock\n|\n|-weather|SunnyDay|[upkeep]\n|-heal|p2a: Garganacl|74\/100|[from] item: Leftovers\n|upkeep\n|turn|33\n|\n|t:|1700138702\n|-terastallize|p2a: Garganacl|Fairy\n|move|p1a: Great Tusk|Ice Spinner|p2a: Garganacl\n|-damage|p2a: Garganacl|47\/100\n|move|p2a: Garganacl|Recover|p2a: Garganacl\n|-heal|p2a: Garganacl|97\/100\n|\n|-weather|SunnyDay|[upkeep]\n|-heal|p2a: Garganacl|100\/100|[from] item: Leftovers\n|upkeep\n|turn|34\n|\n|t:|1700138710\n|-end|p1a: Great Tusk|Protosynthesis|[silent]\n|switch|p1a: Walking Wake|Walking Wake|100\/100\n|-damage|p1a: Walking Wake|88\/100|[from] Stealth Rock\n|-activate|p1a: Walking Wake|ability: Protosynthesis\n|-start|p1a: Walking Wake|protosynthesisspa\n|move|p2a: Garganacl|Salt Cure|p1a: Walking Wake\n|-damage|p1a: Walking Wake|72\/100\n|-start|p1a: Walking Wake|Salt Cure\n|\n|-weather|SunnyDay|[upkeep]\n|-damage|p1a: Walking Wake|47\/100|[from] Salt Cure\n|upkeep\n|turn|35\n|\n|t:|1700138716\n|move|p1a: Walking Wake|Hydro Steam|p2a: Garganacl\n|-damage|p2a: Garganacl|17\/100\n|move|p2a: Garganacl|Recover|p2a: Garganacl\n|-heal|p2a: Garganacl|67\/100\n|\n|-weather|none\n|-end|p1a: Walking Wake|Protosynthesis\n|-heal|p2a: Garganacl|73\/100|[from] item: Leftovers\n|-damage|p1a: Walking Wake|22\/100|[from] Salt Cure\n|upkeep\n|turn|36\n|l| Ultramanball1\n|\n|t:|1700138729\n|-end|p1a: Walking Wake|Protosynthesis|[silent]\n|switch|p1a: Torkoal|Torkoal, M|24\/100 par\n|-damage|p1a: Torkoal|0 fnt|[from] Stealth Rock\n|faint|p1a: Torkoal\n|move|p2a: Garganacl|Recover|p2a: Garganacl\n|-heal|p2a: Garganacl|100\/100\n|\n|upkeep\n|\n|t:|1700138731\n|switch|p1a: Great Tusk|Great Tusk, tera:Ground|25\/100\n|-damage|p1a: Great Tusk|19\/100|[from] Stealth Rock\n|turn|37\n|\n|t:|1700138738\n|move|p1a: Great Tusk|Headlong Rush|p2a: Garganacl\n|-damage|p2a: Garganacl|44\/100\n|-unboost|p1a: Great Tusk|def|1\n|-unboost|p1a: Great Tusk|spd|1\n|move|p2a: Garganacl|Recover|p2a: Garganacl\n|-heal|p2a: Garganacl|94\/100\n|\n|-heal|p2a: Garganacl|99\/100|[from] item: Leftovers\n|upkeep\n|turn|38\n|\n|t:|1700138752\n|switch|p2a: Zapdos|Zapdos|69\/100\n|move|p1a: Great Tusk|Headlong Rush|p2a: Zapdos\n|-immune|p2a: Zapdos\n|\n|upkeep\n|turn|39\n|\n|t:|1700138756\n|move|p1a: Great Tusk|Headlong Rush|p2a: Zapdos\n|-immune|p2a: Zapdos\n|move|p2a: Zapdos|Volt Switch|p1a: Great Tusk\n|-immune|p1a: Great Tusk\n|\n|upkeep\n|turn|40\n|\n|t:|1700138764\n|move|p1a: Great Tusk|Headlong Rush|p2a: Zapdos\n|-immune|p2a: Zapdos\n|move|p2a: Zapdos|Volt Switch|p1a: Great Tusk\n|-immune|p1a: Great Tusk\n|\n|upkeep\n|turn|41\n|\n|t:|1700138768\n|move|p1a: Great Tusk|Headlong Rush|p2a: Zapdos\n|-immune|p2a: Zapdos\n|move|p2a: Zapdos|Volt Switch|p1a: Great Tusk\n|-immune|p1a: Great Tusk\n|\n|upkeep\n|turn|42\n|\n|t:|1700138772\n|-activate|p1a: Great Tusk|move: Struggle\n|move|p1a: Great Tusk|Struggle|p2a: Zapdos\n|-damage|p2a: Zapdos|53\/100\n|-status|p1a: Great Tusk|par|[from] ability: Static|[of] p2a: Zapdos\n|-damage|p1a: Great Tusk|0 fnt|[from] recoil\n|faint|p1a: Great Tusk\n|-end|p1a: Great Tusk|Protosynthesis|[silent]\n|move|p2a: Zapdos|Volt Switch|p1: Great Tusk|[notarget]\n|-fail|p2a: Zapdos\n|\n|upkeep\n|l| eeferrrerere\n|\n|t:|1700138781\n|switch|p1a: Walking Wake|Walking Wake|22\/100\n|-damage|p1a: Walking Wake|10\/100|[from] Stealth Rock\n|turn|43\n|\n|t:|1700138783\n|move|p1a: Walking Wake|Hydro Steam|p2a: Zapdos\n|-damage|p2a: Zapdos|0 fnt\n|faint|p2a: Zapdos\n|\n|upkeep\n|\n|t:|1700138785\n|switch|p2a: Garganacl|Garganacl, F, tera:Fairy|99\/100\n|turn|44\n|\n|t:|1700138787\n|move|p1a: Walking Wake|Hydro Steam|p2a: Garganacl\n|-damage|p2a: Garganacl|61\/100\n|move|p2a: Garganacl|Salt Cure|p1a: Walking Wake\n|-damage|p1a: Walking Wake|0 fnt\n|faint|p1a: Walking Wake\n|-end|p1a: Walking Wake|Protosynthesis|[silent]\n|\n|win|ok132\n|raw|pinkerthanfloyd's rating: 1670 &rarr; <strong>1654<\/strong><br \/>(-16 for losing)\n|raw|ok132's rating: 1746 &rarr; <strong>1762<\/strong><br \/>(+16 for winning)\n|l|\u2606ok132\n|l|\u2606pinkerthanfloyd\n|j|\u2606ok132\n|player|p2|ok132|ninjaboy\n","uploadtime":1700138798,"views":14,"p1id":"pinkerthanfloyd","p2id":"ok132","formatid":"gen9ou","rating":1654,"private":0,"password":""}