{"id":"gen9ou-1993535228","p1":"bananamana453895","p2":"Brendon rulzs","format":"[Gen 9] OU","log":"|j|\u2606bananamana453895\n|j|\u2606Brendon rulzs\n|inactive|Battle timer is ON: inactive players will automatically lose when time's up.\n|t:|1700329088\n|gametype|singles\n|player|p1|bananamana453895|102|\n|player|p2|Brendon rulzs|red|\n|teamsize|p1|3\n|teamsize|p2|3\n|gen|9\n|tier|[Gen 9] OU\n|rated|Tournament battle\n|rule|Sleep Clause Mod: Limit one foe put to sleep\n|rule|Species Clause: Limit one of each Pok\u00e9mon\n|rule|OHKO Clause: OHKO moves are banned\n|rule|Evasion Items Clause: Evasion items are banned\n|rule|Evasion Moves Clause: Evasion moves are banned\n|rule|Endless Battle Clause: Forcing endless battles is banned\n|rule|HP Percentage Mod: HP is shown in percentages\n|clearpoke\n|poke|p1|Milotic, M|\n|poke|p1|Lycanroc-Dusk, M|\n|poke|p1|Dragonite, F|\n|poke|p2|Haxorus, M|\n|poke|p2|Dudunsparce-*, M|\n|poke|p2|Crawdaunt, M|\n|teampreview\n|j|*Lady Monita \u2746\n|c|\u2606bananamana453895|glhf\n|\n|t:|1700329097\n|start\n|switch|p1a: Lycanroc|Lycanroc-Dusk, M|100\/100\n|switch|p2a: Dudunsparce|Dudunsparce-Three-Segment, M|100\/100\n|turn|1\n|\n|t:|1700329103\n|move|p1a: Lycanroc|Close Combat|p2a: Dudunsparce\n|-supereffective|p2a: Dudunsparce\n|-damage|p2a: Dudunsparce|7\/100\n|-unboost|p1a: Lycanroc|def|1\n|-unboost|p1a: Lycanroc|spd|1\n|move|p2a: Dudunsparce|Ancient Power|p1a: Lycanroc\n|-damage|p1a: Lycanroc|73\/100\n|\n|-heal|p2a: Dudunsparce|13\/100|[from] item: Leftovers\n|upkeep\n|turn|2\n|\n|t:|1700329110\n|move|p1a: Lycanroc|Close Combat|p2a: Dudunsparce\n|-supereffective|p2a: Dudunsparce\n|-damage|p2a: Dudunsparce|0 fnt\n|-unboost|p1a: Lycanroc|def|1\n|-unboost|p1a: Lycanroc|spd|1\n|faint|p2a: Dudunsparce\n|\n|upkeep\n|\n|t:|1700329116\n|switch|p2a: Crawdaunt|Crawdaunt, M|100\/100\n|turn|3\n|\n|t:|1700329121\n|switch|p1a: Milotic|Milotic, M|100\/100\n|move|p2a: Crawdaunt|Aqua Jet|p1a: Milotic\n|-resisted|p1a: Milotic\n|-damage|p1a: Milotic|86\/100\n|-damage|p2a: Crawdaunt|91\/100|[from] item: Life Orb\n|\n|-heal|p1a: Milotic|92\/100|[from] item: Leftovers\n|upkeep\n|turn|4\n|\n|t:|1700329125\n|move|p2a: Crawdaunt|Dragon Dance|p2a: Crawdaunt\n|-boost|p2a: Crawdaunt|atk|1\n|-boost|p2a: Crawdaunt|spe|1\n|move|p1a: Milotic|Scald|p2a: Crawdaunt\n|-resisted|p2a: Crawdaunt\n|-damage|p2a: Crawdaunt|62\/100\n|\n|-heal|p1a: Milotic|98\/100|[from] item: Leftovers\n|upkeep\n|turn|5\n|\n|t:|1700329129\n|move|p2a: Crawdaunt|Knock Off|p1a: Milotic\n|-crit|p1a: Milotic\n|-damage|p1a: Milotic|0 fnt\n|-enditem|p1a: Milotic|Leftovers|[from] move: Knock Off|[of] p2a: Crawdaunt\n|faint|p1a: Milotic\n|-damage|p2a: Crawdaunt|52\/100|[from] item: Life Orb\n|\n|upkeep\n|\n|t:|1700329140\n|switch|p1a: Dragonite|Dragonite, F|100\/100\n|turn|6\n|\n|t:|1700329151\n|-terastallize|p1a: Dragonite|Normal\n|move|p1a: Dragonite|Extreme Speed|p2a: Crawdaunt\n|-damage|p2a: Crawdaunt|0 fnt\n|faint|p2a: Crawdaunt\n|\n|upkeep\n|\n|t:|1700329157\n|switch|p2a: Haxorus|Haxorus, M|100\/100\n|-ability|p2a: Haxorus|Mold Breaker\n|turn|7\n|\n|t:|1700329161\n|move|p2a: Haxorus|Dragon Dance|p2a: Haxorus\n|-boost|p2a: Haxorus|atk|1\n|-boost|p2a: Haxorus|spe|1\n|move|p1a: Dragonite|Outrage|p2a: Haxorus\n|-supereffective|p2a: Haxorus\n|-damage|p2a: Haxorus|0 fnt\n|faint|p2a: Haxorus\n|\n|win|bananamana453895\n|n|\u2606bananamana453895|bananamana453895\n|n|\u2606Brendon rulzs|brendonrulzs\n|n|*Lady Monita \u2746|ladymonita\n","uploadtime":1700329163,"views":8,"p1id":"bananamana453895","p2id":"brendonrulzs","formatid":"gen9ou","rating":0,"private":0,"password":""}