{"id":"gen9ou-1994985888","p1":"TR23 testingg","p2":"SDK04","format":"[Gen 9] OU","log":"|j|\u2606TR23 testingg\n|j|\u2606SDK04\n|inactive|Battle timer is ON: inactive players will automatically lose when time's up.\n|t:|1700510659\n|gametype|singles\n|player|p1|TR23 testingg|265|\n|player|p2|SDK04|unknown|\n|teamsize|p1|6\n|teamsize|p2|6\n|gen|9\n|tier|[Gen 9] OU\n|rated|Tournament battle\n|rule|Sleep Clause Mod: Limit one foe put to sleep\n|rule|Species Clause: Limit one of each Pok\u00e9mon\n|rule|OHKO Clause: OHKO moves are banned\n|rule|Evasion Items Clause: Evasion items are banned\n|rule|Evasion Moves Clause: Evasion moves are banned\n|rule|Endless Battle Clause: Forcing endless battles is banned\n|rule|HP Percentage Mod: HP is shown in percentages\n|clearpoke\n|poke|p1|Ceruledge, F|\n|poke|p1|Gholdengo|\n|poke|p1|Iron Treads|\n|poke|p1|Iron Valiant|\n|poke|p1|Manaphy|\n|poke|p1|Zamazenta-*|\n|poke|p2|Ribombee, F|\n|poke|p2|Torterra, F|\n|poke|p2|Rillaboom, M|\n|poke|p2|Iron Moth|\n|poke|p2|Manaphy|\n|poke|p2|Gholdengo|\n|teampreview\n|c|\u2606TR23 testingg|ofc i get this nerd round 1\n|\n|t:|1700510675\n|start\n|switch|p1a: Iron Treads|Iron Treads|100\/100\n|switch|p2a: Dyson|Iron Moth|100\/100\n|-enditem|p2a: Dyson|Booster Energy\n|-activate|p2a: Dyson|ability: Quark Drive|[fromitem]\n|-start|p2a: Dyson|quarkdrivespa\n|-enditem|p1a: Iron Treads|Booster Energy\n|-activate|p1a: Iron Treads|ability: Quark Drive|[fromitem]\n|-start|p1a: Iron Treads|quarkdrivespe\n|turn|1\n|c|\u2606SDK04|What\u2019d you say fuck me for?\n|inactive|TR23 testingg has 120 seconds left.\n|\n|t:|1700510709\n|-end|p1a: Iron Treads|Quark Drive|[silent]\n|switch|p1a: Ceruledge|Ceruledge, F|100\/100\n|move|p2a: Dyson|Fiery Dance|p1a: Ceruledge\n|-resisted|p1a: Ceruledge\n|-damage|p1a: Ceruledge|64\/100\n|-boost|p2a: Dyson|spa|1\n|\n|upkeep\n|turn|2\n|inactive|TR23 testingg has 120 seconds left.\n|\n|t:|1700510721\n|move|p2a: Dyson|Psychic|p1a: Ceruledge\n|-damage|p1a: Ceruledge|0 fnt\n|faint|p1a: Ceruledge\n|\n|upkeep\n|inactive|TR23 testingg has 120 seconds left.\n|\n|t:|1700510730\n|switch|p1a: Manaphy|Manaphy|100\/100\n|turn|3\n|inactive|TR23 testingg has 120 seconds left.\n|inactive|TR23 testingg has 90 seconds left.\n|\n|t:|1700510781\n|-terastallize|p1a: Manaphy|Dragon\n|move|p2a: Dyson|Sludge Wave|p1a: Manaphy\n|-crit|p1a: Manaphy\n|-damage|p1a: Manaphy|0 fnt\n|faint|p1a: Manaphy\n|\n|upkeep\n|c|\u2606TR23 testingg|oh boy\n|\n|t:|1700510796\n|switch|p1a: Iron Valiant|Iron Valiant|100\/100\n|-enditem|p1a: Iron Valiant|Booster Energy\n|-activate|p1a: Iron Valiant|ability: Quark Drive|[fromitem]\n|-start|p1a: Iron Valiant|quarkdrivespe\n|turn|4\n|c|\u2606TR23 testingg|you've gone and fricked me now\n|\n|t:|1700510815\n|move|p1a: Iron Valiant|Destiny Bond|p1a: Iron Valiant\n|-singlemove|p1a: Iron Valiant|Destiny Bond\n|move|p2a: Dyson|Sludge Wave|p1a: Iron Valiant\n|-supereffective|p1a: Iron Valiant\n|-damage|p1a: Iron Valiant|0 fnt\n|faint|p1a: Iron Valiant\n|-activate|p1a: Iron Valiant|move: Destiny Bond\n|-end|p1a: Iron Valiant|Quark Drive|[silent]\n|faint|p2a: Dyson\n|-end|p2a: Dyson|Quark Drive|[silent]\n|\n|upkeep\n|\n|t:|1700510822\n|switch|p1a: Iron Treads|Iron Treads|100\/100\n|switch|p2a: click button \u2192 win|Manaphy, shiny|100\/100\n|turn|5\n|inactive|TR23 testingg has 90 seconds left.\n|\n|t:|1700510832\n|move|p1a: Iron Treads|Steel Beam|p2a: click button \u2192 win\n|-resisted|p2a: click button \u2192 win\n|-damage|p2a: click button \u2192 win|78\/100\n|-damage|p1a: Iron Treads|50\/100|[from] steelbeam\n|move|p2a: click button \u2192 win|Tail Glow|p2a: click button \u2192 win\n|-boost|p2a: click button \u2192 win|spa|3\n|\n|-heal|p2a: click button \u2192 win|84\/100|[from] item: Leftovers\n|upkeep\n|turn|6\n|\n|t:|1700510861\n|move|p1a: Iron Treads|Steel Beam|p2a: click button \u2192 win\n|-resisted|p2a: click button \u2192 win\n|-damage|p2a: click button \u2192 win|61\/100\n|-damage|p1a: Iron Treads|0 fnt|[from] steelbeam\n|faint|p1a: Iron Treads\n|-end|p1a: Iron Treads|Quark Drive|[silent]\n|move|p2a: click button \u2192 win|Tail Glow|p2a: click button \u2192 win\n|-boost|p2a: click button \u2192 win|spa|3\n|\n|-heal|p2a: click button \u2192 win|67\/100|[from] item: Leftovers\n|upkeep\n|inactive|TR23 testingg has 90 seconds left.\n|c|\u2606SDK04|gg dork\n|\n|t:|1700510893\n|switch|p1a: Zamazenta|Zamazenta|100\/100\n|-ability|p1a: Zamazenta|Dauntless Shield|boost\n|-boost|p1a: Zamazenta|def|1\n|turn|7\n|c|\u2606TR23 testingg|gg stinkalink\n|c|\u2606TR23 testingg|crit here watch\n|\n|t:|1700510906\n|move|p1a: Zamazenta|Body Press|p2a: click button \u2192 win\n|-damage|p2a: click button \u2192 win|22\/100\n|move|p2a: click button \u2192 win|Surf|p1a: Zamazenta\n|-damage|p1a: Zamazenta|0 fnt\n|faint|p1a: Zamazenta\n|\n|-heal|p2a: click button \u2192 win|28\/100|[from] item: Leftovers\n|upkeep\n|c|\u2606TR23 testingg|:(\n|\n|t:|1700510913\n|switch|p1a: Gholdengo|Gholdengo|100\/100\n|-item|p1a: Gholdengo|Air Balloon\n|turn|8\n|\n|t:|1700510916\n|move|p1a: Gholdengo|Shadow Ball|p2a: click button \u2192 win\n|-damage|p2a: click button \u2192 win|0 fnt\n|faint|p2a: click button \u2192 win\n|\n|upkeep\n|c|\u2606TR23 testingg|oh\n|c|\u2606TR23 testingg|winnable\n|\n|t:|1700510932\n|switch|p2a: I set Sticky Web|Ribombee, F, shiny|100\/100\n|turn|9\n|\n|t:|1700510936\n|move|p2a: I set Sticky Web|Moonblast|p1a: Gholdengo\n|-resisted|p1a: Gholdengo\n|-damage|p1a: Gholdengo|77\/100\n|-unboost|p1a: Gholdengo|spa|1\n|-enditem|p1a: Gholdengo|Air Balloon\n|move|p1a: Gholdengo|Shadow Ball|p2a: I set Sticky Web\n|-damage|p2a: I set Sticky Web|55\/100\n|\n|upkeep\n|turn|10\n|\n|t:|1700510942\n|move|p2a: I set Sticky Web|Moonblast|p1a: Gholdengo\n|-resisted|p1a: Gholdengo\n|-damage|p1a: Gholdengo|53\/100\n|move|p1a: Gholdengo|Shadow Ball|p2a: I set Sticky Web\n|-damage|p2a: I set Sticky Web|4\/100\n|\n|upkeep\n|turn|11\n|\n|t:|1700510946\n|move|p2a: I set Sticky Web|Moonblast|p1a: Gholdengo\n|-resisted|p1a: Gholdengo\n|-damage|p1a: Gholdengo|30\/100\n|-unboost|p1a: Gholdengo|spa|1\n|move|p1a: Gholdengo|Shadow Ball|p2a: I set Sticky Web\n|-damage|p2a: I set Sticky Web|0 fnt\n|faint|p2a: I set Sticky Web\n|\n|upkeep\n|\n|t:|1700510950\n|switch|p2a: Deku|Torterra, F|100\/100\n|turn|12\n|\n|t:|1700510955\n|move|p1a: Gholdengo|Make It Rain|p2a: Deku\n|-damage|p2a: Deku|64\/100\n|-unboost|p1a: Gholdengo|spa|1\n|move|p2a: Deku|Headlong Rush|p1a: Gholdengo\n|-supereffective|p1a: Gholdengo\n|-damage|p1a: Gholdengo|0 fnt\n|-unboost|p2a: Deku|def|1\n|-unboost|p2a: Deku|spd|1\n|-enditem|p2a: Deku|White Herb\n|-clearnegativeboost|p2a: Deku|[silent]\n|faint|p1a: Gholdengo\n|\n|win|SDK04\n|n|\u2606TR23 testingg|tr23testingg\n|n|\u2606SDK04|sdk04\n|c|\u2606TR23 testingg|see you at finals\n|l|\u2606TR23 testingg\n","uploadtime":1700510996,"views":16,"p1id":"tr23testingg","p2id":"sdk04","formatid":"gen9ou","rating":0,"private":0,"password":""}