{"id":"gen9ou-1988422437","p1":"GhostWaterDragon","p2":"lcwardle","format":"[Gen 9] OU","log":"|j|\u2606GhostWaterDragon\n|j|\u2606lcwardle\n|t:|1699721249\n|gametype|singles\n|player|p1|GhostWaterDragon|265|1085\n|player|p2|lcwardle|lucas|1176\n|teamsize|p1|6\n|teamsize|p2|6\n|gen|9\n|tier|[Gen 9] OU\n|rated|\n|rule|Sleep Clause Mod: Limit one foe put to sleep\n|rule|Species Clause: Limit one of each Pok\u00e9mon\n|rule|OHKO Clause: OHKO moves are banned\n|rule|Evasion Items Clause: Evasion items are banned\n|rule|Evasion Moves Clause: Evasion moves are banned\n|rule|Endless Battle Clause: Forcing endless battles is banned\n|rule|HP Percentage Mod: HP is shown in percentages\n|clearpoke\n|poke|p1|Ludicolo, M|\n|poke|p1|Pelipper, F|\n|poke|p1|Ninetales, M|\n|poke|p1|Victreebel, M|\n|poke|p1|Poliwrath, F|\n|poke|p1|Politoed, F|\n|poke|p2|Ribombee, F|\n|poke|p2|Ceruledge, F|\n|poke|p2|Ogerpon-Wellspring, F|\n|poke|p2|Rillaboom, F|\n|poke|p2|Great Tusk|\n|poke|p2|Samurott-Hisui, F|\n|teampreview\n|inactive|Battle timer is ON: inactive players will automatically lose when time's up. (requested by lcwardle)\n|\n|t:|1699721260\n|start\n|switch|p1a: Ninetales|Ninetales, M|100\/100\n|switch|p2a: Ribombee|Ribombee, F|100\/100\n|-weather|SunnyDay|[from] ability: Drought|[of] p1a: Ninetales\n|turn|1\n|\n|t:|1699721266\n|move|p2a: Ribombee|Sticky Web|p1a: Ninetales\n|-sidestart|p1: GhostWaterDragon|move: Sticky Web\n|move|p1a: Ninetales|Weather Ball|p2a: Ribombee\n|-supereffective|p2a: Ribombee\n|-enditem|p2a: Ribombee|Focus Sash\n|-damage|p2a: Ribombee|1\/100\n|\n|-weather|SunnyDay|[upkeep]\n|upkeep\n|turn|2\n|\n|t:|1699721271\n|move|p2a: Ribombee|Moonblast|p1a: Ninetales\n|-resisted|p1a: Ninetales\n|-damage|p1a: Ninetales|75\/100\n|move|p1a: Ninetales|Weather Ball|p2a: Ribombee\n|-supereffective|p2a: Ribombee\n|-damage|p2a: Ribombee|0 fnt\n|faint|p2a: Ribombee\n|\n|-weather|SunnyDay|[upkeep]\n|upkeep\n|\n|t:|1699721280\n|switch|p2a: Ceruledge|Ceruledge, F|100\/100\n|turn|3\n|\n|t:|1699721287\n|switch|p1a: Pelipper|Pelipper, F|100\/100\n|-weather|RainDance|[from] ability: Drizzle|[of] p1a: Pelipper\n|move|p2a: Ceruledge|Bitter Blade|p1a: Pelipper\n|-resisted|p1a: Pelipper\n|-damage|p1a: Pelipper|84\/100\n|\n|-weather|RainDance|[upkeep]\n|upkeep\n|turn|4\n|\n|t:|1699721293\n|switch|p2a: Samurott|Samurott-Hisui, F|100\/100\n|move|p1a: Pelipper|Hurricane|p2a: Samurott\n|-damage|p2a: Samurott|34\/100\n|\n|-weather|RainDance|[upkeep]\n|upkeep\n|turn|5\n|\n|t:|1699721295\n|move|p2a: Samurott|Ceaseless Edge|p1a: Pelipper\n|-damage|p1a: Pelipper|21\/100\n|-sidestart|p1: GhostWaterDragon|Spikes\n|move|p1a: Pelipper|Hurricane|p2a: Samurott\n|-damage|p2a: Samurott|0 fnt\n|faint|p2a: Samurott\n|\n|-weather|RainDance|[upkeep]\n|upkeep\n|\n|t:|1699721304\n|switch|p2a: Ogerpon|Ogerpon-Wellspring, F|100\/100\n|turn|6\n|\n|t:|1699721307\n|move|p1a: Pelipper|Hurricane|p2a: Ogerpon\n|-supereffective|p2a: Ogerpon\n|-damage|p2a: Ogerpon|0 fnt\n|faint|p2a: Ogerpon\n|\n|-weather|RainDance|[upkeep]\n|upkeep\n|\n|t:|1699721312\n|switch|p2a: Rillaboom|Rillaboom, F|100\/100\n|-fieldstart|move: Grassy Terrain|[from] ability: Grassy Surge|[of] p2a: Rillaboom\n|turn|7\n|\n|t:|1699721317\n|switch|p1a: Ninetales|Ninetales, M|75\/100\n|-activate|p1a: Ninetales|move: Sticky Web\n|-unboost|p1a: Ninetales|spe|1\n|-damage|p1a: Ninetales|63\/100|[from] Spikes\n|-weather|SunnyDay|[from] ability: Drought|[of] p1a: Ninetales\n|move|p2a: Rillaboom|Grassy Glide|p1a: Ninetales\n|-resisted|p1a: Ninetales\n|-damage|p1a: Ninetales|18\/100\n|\n|-weather|SunnyDay|[upkeep]\n|-heal|p1a: Ninetales|24\/100|[from] Grassy Terrain\n|upkeep\n|turn|8\n|\n|t:|1699721320\n|move|p2a: Rillaboom|Grassy Glide|p1a: Ninetales\n|-resisted|p1a: Ninetales\n|-damage|p1a: Ninetales|0 fnt\n|faint|p1a: Ninetales\n|\n|-weather|SunnyDay|[upkeep]\n|upkeep\n|\n|t:|1699721322\n|switch|p1a: Victreebel|Victreebel, M|100\/100\n|-activate|p1a: Victreebel|move: Sticky Web\n|-unboost|p1a: Victreebel|spe|1\n|-damage|p1a: Victreebel|88\/100|[from] Spikes\n|turn|9\n|\n|t:|1699721324\n|switch|p2a: Ceruledge|Ceruledge, F|100\/100\n|move|p1a: Victreebel|Weather Ball|p2a: Ceruledge\n|-resisted|p2a: Ceruledge\n|-damage|p2a: Ceruledge|72\/100\n|\n|-weather|SunnyDay|[upkeep]\n|-heal|p1a: Victreebel|94\/100|[from] Grassy Terrain\n|-heal|p2a: Ceruledge|78\/100|[from] Grassy Terrain\n|upkeep\n|turn|10\n|\n|t:|1699721330\n|switch|p1a: Pelipper|Pelipper, F|21\/100\n|-weather|RainDance|[from] ability: Drizzle|[of] p1a: Pelipper\n|move|p2a: Ceruledge|Swords Dance|p2a: Ceruledge\n|-boost|p2a: Ceruledge|atk|2\n|\n|-weather|RainDance|[upkeep]\n|-heal|p2a: Ceruledge|84\/100|[from] Grassy Terrain\n|upkeep\n|turn|11\n|\n|t:|1699721333\n|move|p2a: Ceruledge|Shadow Sneak|p1a: Pelipper\n|-damage|p1a: Pelipper|0 fnt\n|faint|p1a: Pelipper\n|\n|-weather|RainDance|[upkeep]\n|-heal|p2a: Ceruledge|90\/100|[from] Grassy Terrain\n|-fieldend|move: Grassy Terrain\n|upkeep\n|\n|t:|1699721336\n|switch|p1a: Ludicolo|Ludicolo, M|100\/100\n|-activate|p1a: Ludicolo|move: Sticky Web\n|-unboost|p1a: Ludicolo|spe|1\n|-damage|p1a: Ludicolo|88\/100|[from] Spikes\n|turn|12\n|\n|t:|1699721343\n|switch|p2a: Rillaboom|Rillaboom, F|100\/100\n|-fieldstart|move: Grassy Terrain|[from] ability: Grassy Surge|[of] p2a: Rillaboom\n|move|p1a: Ludicolo|Weather Ball|p2a: Rillaboom\n|-resisted|p2a: Rillaboom\n|-damage|p2a: Rillaboom|37\/100\n|\n|-weather|RainDance|[upkeep]\n|-heal|p1a: Ludicolo|94\/100|[from] Grassy Terrain\n|-heal|p2a: Rillaboom|43\/100|[from] Grassy Terrain\n|upkeep\n|turn|13\n|\n|t:|1699721345\n|move|p2a: Rillaboom|Grassy Glide|p1a: Ludicolo\n|-damage|p1a: Ludicolo|0 fnt\n|faint|p1a: Ludicolo\n|\n|-weather|RainDance|[upkeep]\n|-heal|p2a: Rillaboom|49\/100|[from] Grassy Terrain\n|upkeep\n|\n|t:|1699721349\n|switch|p1a: Victreebel|Victreebel, M|94\/100\n|-activate|p1a: Victreebel|move: Sticky Web\n|-unboost|p1a: Victreebel|spe|1\n|-damage|p1a: Victreebel|82\/100|[from] Spikes\n|turn|14\n|\n|t:|1699721356\n|switch|p2a: Ceruledge|Ceruledge, F|90\/100\n|move|p1a: Victreebel|Weather Ball|p2a: Ceruledge\n|-supereffective|p2a: Ceruledge\n|-damage|p2a: Ceruledge|0 fnt\n|faint|p2a: Ceruledge\n|\n|-weather|none\n|-heal|p1a: Victreebel|88\/100|[from] Grassy Terrain\n|upkeep\n|\n|t:|1699721358\n|switch|p2a: Great Tusk|Great Tusk|100\/100\n|-enditem|p2a: Great Tusk|Booster Energy\n|-activate|p2a: Great Tusk|ability: Protosynthesis|[fromitem]\n|-start|p2a: Great Tusk|protosynthesisatk\n|turn|15\n|\n|t:|1699721363\n|move|p2a: Great Tusk|Headlong Rush|p1a: Victreebel\n|-damage|p1a: Victreebel|0 fnt\n|-unboost|p2a: Great Tusk|def|1\n|-unboost|p2a: Great Tusk|spd|1\n|faint|p1a: Victreebel\n|\n|upkeep\n|\n|t:|1699721365\n|switch|p1a: Politoed|Politoed, F|100\/100\n|-activate|p1a: Politoed|move: Sticky Web\n|-unboost|p1a: Politoed|spe|1\n|-damage|p1a: Politoed|88\/100|[from] Spikes\n|-weather|RainDance|[from] ability: Drizzle|[of] p1a: Politoed\n|turn|16\n|\n|t:|1699721378\n|switch|p1a: Poliwrath|Poliwrath, F|100\/100\n|-activate|p1a: Poliwrath|move: Sticky Web\n|-unboost|p1a: Poliwrath|spe|1\n|-damage|p1a: Poliwrath|88\/100|[from] Spikes\n|move|p2a: Great Tusk|Close Combat|p1a: Poliwrath\n|-damage|p1a: Poliwrath|4\/100\n|-unboost|p2a: Great Tusk|def|1\n|-unboost|p2a: Great Tusk|spd|1\n|-enditem|p1a: Poliwrath|Sitrus Berry|[eat]\n|-heal|p1a: Poliwrath|29\/100|[from] item: Sitrus Berry\n|\n|-weather|RainDance|[upkeep]\n|-heal|p1a: Poliwrath|35\/100|[from] Grassy Terrain\n|-fieldend|move: Grassy Terrain\n|upkeep\n|turn|17\n|\n|t:|1699721383\n|move|p1a: Poliwrath|Liquidation|p2a: Great Tusk\n|-supereffective|p2a: Great Tusk\n|-damage|p2a: Great Tusk|0 fnt\n|faint|p2a: Great Tusk\n|-end|p2a: Great Tusk|Protosynthesis|[silent]\n|\n|-weather|RainDance|[upkeep]\n|upkeep\n|\n|t:|1699721384\n|switch|p2a: Rillaboom|Rillaboom, F|49\/100\n|-fieldstart|move: Grassy Terrain|[from] ability: Grassy Surge|[of] p2a: Rillaboom\n|turn|18\n|\n|t:|1699721389\n|-terastallize|p2a: Rillaboom|Grass\n|move|p2a: Rillaboom|Grassy Glide|p1a: Poliwrath\n|-supereffective|p1a: Poliwrath\n|-damage|p1a: Poliwrath|0 fnt\n|faint|p1a: Poliwrath\n|\n|-weather|RainDance|[upkeep]\n|-heal|p2a: Rillaboom|55\/100|[from] Grassy Terrain\n|upkeep\n|\n|t:|1699721392\n|switch|p1a: Politoed|Politoed, F|88\/100\n|-activate|p1a: Politoed|move: Sticky Web\n|-unboost|p1a: Politoed|spe|1\n|-damage|p1a: Politoed|76\/100|[from] Spikes\n|turn|19\n|\n|t:|1699721399\n|-terastallize|p1a: Politoed|Grass\n|move|p2a: Rillaboom|Grassy Glide|p1a: Politoed\n|-resisted|p1a: Politoed\n|-damage|p1a: Politoed|27\/100\n|move|p1a: Politoed|Psychic|p2a: Rillaboom\n|-damage|p2a: Rillaboom|0 fnt\n|faint|p2a: Rillaboom\n|\n|win|GhostWaterDragon\n|raw|GhostWaterDragon's rating: 1085 &rarr; <strong>1119<\/strong><br \/>(+34 for winning)\n|raw|lcwardle's rating: 1176 &rarr; <strong>1145<\/strong><br \/>(-31 for losing)\n|l|\u2606lcwardle\n|c|\u2606GhostWaterDragon|GG\n","uploadtime":1699721542,"views":15,"p1id":"ghostwaterdragon","p2id":"lcwardle","formatid":"gen9ou","rating":1119,"private":0,"password":""}