{"id":"gen9ou-1995227420","p1":"erick7612","p2":"Nonexistent_0","format":"[Gen 9] OU","log":"|j|\u2606erick7612\n|j|\u2606Nonexistent_0\n|inactive|Battle timer is ON: inactive players will automatically lose when time's up.\n|t:|1700537091\n|gametype|singles\n|player|p1|erick7612|1|\n|player|p2|Nonexistent_0|beni-ninja|\n|teamsize|p1|3\n|teamsize|p2|3\n|gen|9\n|tier|[Gen 9] OU\n|rated|Tournament battle\n|rule|Sleep Clause Mod: Limit one foe put to sleep\n|rule|Species Clause: Limit one of each Pok\u00e9mon\n|rule|OHKO Clause: OHKO moves are banned\n|rule|Evasion Items Clause: Evasion items are banned\n|rule|Evasion Moves Clause: Evasion moves are banned\n|rule|Endless Battle Clause: Forcing endless battles is banned\n|rule|HP Percentage Mod: HP is shown in percentages\n|clearpoke\n|poke|p1|Conkeldurr, M|\n|poke|p1|Chansey, F|\n|poke|p1|Braixen, F|\n|poke|p2|Zweilous, M|\n|poke|p2|Dragonite, M|\n|poke|p2|Cinderace, M|\n|teampreview\n|j|*Lady Monita \u2746\n|inactive|Nonexistent_0 also wants the timer to be on.\n|c|\u2606Nonexistent_0|Glhf\n|j| DabBuster184\n|\n|t:|1700537109\n|start\n|switch|p1a: Chansey|Chansey, F|100\/100\n|switch|p2a: Zweilous|Zweilous, M|100\/100\n|turn|1\n|\n|t:|1700537120\n|move|p2a: Zweilous|Outrage|p1a: Chansey|[miss]\n|-miss|p2a: Zweilous|p1a: Chansey\n|move|p1a: Chansey|Thunder Wave|p2a: Zweilous\n|-status|p2a: Zweilous|par\n|\n|upkeep\n|turn|2\n|\n|t:|1700537131\n|move|p2a: Zweilous|Outrage|p1a: Chansey\n|-damage|p1a: Chansey|48\/100\n|move|p1a: Chansey|Seismic Toss|p2a: Zweilous\n|-damage|p2a: Zweilous|65\/100 par\n|\n|upkeep\n|turn|3\n|\n|t:|1700537143\n|switch|p1a: Braixen|Braixen, F|100\/100\n|move|p2a: Zweilous|Outrage|p1a: Braixen|[from]lockedmove\n|-damage|p1a: Braixen|7\/100\n|\n|upkeep\n|turn|4\n|\n|t:|1700537152\n|move|p1a: Braixen|Flamethrower|p2a: Zweilous\n|-resisted|p2a: Zweilous\n|-damage|p2a: Zweilous|24\/100 par\n|cant|p2a: Zweilous|par\n|\n|-start|p2a: Zweilous|confusion|[fatigue]\n|upkeep\n|turn|5\n|\n|t:|1700537159\n|move|p1a: Braixen|Flamethrower|p2a: Zweilous\n|-resisted|p2a: Zweilous\n|-damage|p2a: Zweilous|0 fnt\n|faint|p2a: Zweilous\n|\n|upkeep\n|\n|t:|1700537167\n|switch|p2a: Dragonite|Dragonite, M|100\/100\n|turn|6\n|\n|t:|1700537175\n|move|p1a: Braixen|Psychic|p2a: Dragonite\n|-damage|p2a: Dragonite|87\/100\n|move|p2a: Dragonite|Dragon Dance|p2a: Dragonite\n|-boost|p2a: Dragonite|atk|1\n|-boost|p2a: Dragonite|spe|1\n|\n|upkeep\n|turn|7\n|\n|t:|1700537189\n|switch|p1a: Conkeldurr|Conkeldurr, M|100\/100\n|move|p2a: Dragonite|Dragon Dance|p2a: Dragonite\n|-boost|p2a: Dragonite|atk|1\n|-boost|p2a: Dragonite|spe|1\n|\n|-status|p1a: Conkeldurr|brn|[from] item: Flame Orb\n|upkeep\n|turn|8\n|\n|t:|1700537203\n|-terastallize|p2a: Dragonite|Normal\n|-terastallize|p1a: Conkeldurr|Electric\n|move|p2a: Dragonite|Extreme Speed|p1a: Conkeldurr\n|-damage|p1a: Conkeldurr|24\/100 brn\n|move|p1a: Conkeldurr|Facade|p2a: Dragonite\n|-damage|p2a: Dragonite|0 fnt\n|faint|p2a: Dragonite\n|\n|-damage|p1a: Conkeldurr|18\/100 brn|[from] brn\n|upkeep\n|\n|t:|1700537207\n|switch|p2a: Cinderace|Cinderace, M|100\/100\n|turn|9\n|\n|t:|1700537217\n|move|p1a: Conkeldurr|Mach Punch|p2a: Cinderace\n|-damage|p2a: Cinderace|48\/100\n|move|p2a: Cinderace|Pyro Ball|p1a: Conkeldurr\n|-damage|p1a: Conkeldurr|0 fnt\n|faint|p1a: Conkeldurr\n|\n|upkeep\n|\n|t:|1700537224\n|switch|p1a: Chansey|Chansey, F|48\/100\n|turn|10\n|\n|t:|1700537232\n|move|p2a: Cinderace|High Jump Kick|p1a: Chansey\n|-start|p2a: Cinderace|typechange|Fighting|[from] ability: Libero\n|-supereffective|p1a: Chansey\n|-damage|p1a: Chansey|0 fnt\n|faint|p1a: Chansey\n|\n|upkeep\n|\n|t:|1700537235\n|switch|p1a: Braixen|Braixen, F|7\/100\n|turn|11\n|\n|t:|1700537238\n|move|p2a: Cinderace|Acrobatics|p1a: Braixen\n|-damage|p1a: Braixen|0 fnt\n|faint|p1a: Braixen\n|\n|win|Nonexistent_0\n|n|\u2606erick7612|erick7612\n|n|\u2606Nonexistent_0|nonexistent0\n|n|*Lady Monita \u2746|ladymonita\n|n| DabBuster184|dabbuster184\n","uploadtime":1700537239,"views":13,"p1id":"erick7612","p2id":"nonexistent0","formatid":"gen9ou","rating":0,"private":0,"password":""}