{"id":"gen9ou-1993222670","p1":"Carter_eiro","p2":"pokmn Legend Blue","format":"[Gen 9] OU","log":"|j|\u2606Carter_eiro\n|j|\u2606pokmn Legend Blue\n|t:|1700280153\n|gametype|singles\n|player|p1|Carter_eiro|n|\n|player|p2|pokmn Legend Blue|blue|\n|teamsize|p1|6\n|teamsize|p2|6\n|gen|9\n|tier|[Gen 9] OU\n|rule|Sleep Clause Mod: Limit one foe put to sleep\n|rule|Species Clause: Limit one of each Pok\u00e9mon\n|rule|OHKO Clause: OHKO moves are banned\n|rule|Evasion Items Clause: Evasion items are banned\n|rule|Evasion Moves Clause: Evasion moves are banned\n|rule|Endless Battle Clause: Forcing endless battles is banned\n|rule|HP Percentage Mod: HP is shown in percentages\n|clearpoke\n|poke|p1|Garchomp, F|\n|poke|p1|Ribombee, M|\n|poke|p1|Gholdengo|\n|poke|p1|Manaphy|\n|poke|p1|Great Tusk|\n|poke|p1|Iron Moth|\n|poke|p2|Quagsire, M|\n|poke|p2|Ribombee, F|\n|poke|p2|Greninja-*, M|\n|poke|p2|Zapdos|\n|poke|p2|Salamence, M|\n|poke|p2|Ditto|\n|teampreview\n|c|\u2606pokmn Legend Blue|L\u00e1 vem\n|c|\u2606Carter_eiro|Let's go\n|c|\u2606pokmn Legend Blue|O sacana\n|j| zenkijooj\n|\n|t:|1700280175\n|start\n|switch|p1a: Iron Moth|Iron Moth|100\/100\n|switch|p2a: Ribombee|Ribombee, F, shiny|100\/100\n|-enditem|p1a: Iron Moth|Booster Energy\n|-activate|p1a: Iron Moth|ability: Quark Drive|[fromitem]\n|-start|p1a: Iron Moth|quarkdrivespa\n|turn|1\n|c|\u2606pokmn Legend Blue|PORRA\n|c| zenkijooj|O time do carter tudo op\n|c|\u2606Carter_eiro|KKK\n|c|\u2606Carter_eiro|Nem \u00e9 meu\n|c|\u2606Carter_eiro|Eu falei \"Gaius me d\u00e1 um time pra gen 9\"\n|\n|t:|1700280211\n|move|p2a: Ribombee|Skill Swap||[still]\n|-fail|p2a: Ribombee\n|move|p1a: Iron Moth|Sludge Wave|p2a: Ribombee\n|-supereffective|p2a: Ribombee\n|-enditem|p2a: Ribombee|Focus Sash\n|-damage|p2a: Ribombee|1\/100\n|\n|upkeep\n|turn|2\n|c|\u2606Carter_eiro|Que\n|c|\u2606pokmn Legend Blue|???\n|c|\u2606Carter_eiro|!dex skill swap\n|raw|<ul class=\"utilichart\"><li class=\"result\"><span class=\"col movenamecol\"><a href=\"https:\/\/dex.pokemonshowdown.com\/moves\/skillswap\">Skill Swap<\/a><\/span> <span class=\"col typecol\"><img src=\"\/\/play.pokemonshowdown.com\/sprites\/types\/Psychic.png\" alt=\"Psychic\" width=\"32\" height=\"14\"><img src=\"\/\/play.pokemonshowdown.com\/sprites\/categories\/Status.png\" alt=\"Status\" width=\"32\" height=\"14\"><\/span> <span class=\"col widelabelcol\"><em>Accuracy<\/em><br>\u2014<\/span> <span class=\"col pplabelcol\"><em>PP<\/em><br>16<\/span> <span class=\"col movedesccol\">The user and the target trade Abilities.<\/span> <\/li><li style=\"clear:both\"><\/li><\/ul>\n\n|c|\u2606pokmn Legend Blue|FAILED???\n|c|\u2606pokmn Legend Blue|\ud83d\udd95\ud83d\udd95\ud83d\udd95\ud83d\udd95\ud83d\udd95\ud83d\udd95\ud83d\udd95\ud83d\udd95\ud83d\udd95\ud83d\udd95\ud83d\udd95\ud83d\udd95\ud83d\udd95\ud83d\udd95\ud83d\udd95\ud83d\udd95\ud83d\udd95\ud83d\udd95\ud83d\udd95\n|c|\u2606pokmn Legend Blue|Rematch\n|c|\u2606Carter_eiro|KKKKK\n|c|\u2606Carter_eiro|JKKKKKKK\n|c|\u2606Carter_eiro|O JOGO NEM TERMINOU\n|\n|t:|1700280256\n|move|p2a: Ribombee|Sticky Web|p1a: Iron Moth\n|-sidestart|p1: Carter_eiro|move: Sticky Web\n|move|p1a: Iron Moth|Agility|p1a: Iron Moth\n|-boost|p1a: Iron Moth|spe|2\n|\n|upkeep\n|turn|3\n|\n|t:|1700280263\n|move|p1a: Iron Moth|Sludge Wave|p2a: Ribombee\n|-supereffective|p2a: Ribombee\n|-damage|p2a: Ribombee|0 fnt\n|faint|p2a: Ribombee\n|\n|upkeep\n|\n|t:|1700280269\n|switch|p2a: Quagmire|Quagsire, M, shiny|100\/100\n|turn|4\n|c| zenkijooj|Quagmire\n|c|\u2606Carter_eiro|Eu posso jogar seguro\n|\n|t:|1700280301\n|-terastallize|p1a: Iron Moth|Ghost\n|move|p1a: Iron Moth|Sludge Wave|p2a: Quagmire\n|-resisted|p2a: Quagmire\n|-damage|p2a: Quagmire|57\/100\n|move|p2a: Quagmire|Liquidation|p1a: Iron Moth\n|-damage|p1a: Iron Moth|57\/100\n|\n|-heal|p2a: Quagmire|63\/100|[from] item: Leftovers\n|upkeep\n|turn|5\n|c| zenkijooj|Oush\n|c| zenkijooj|N tem energy ball?\n|\n|t:|1700280314\n|move|p2a: Quagmire|Protect|p2a: Quagmire\n|-singleturn|p2a: Quagmire|Protect\n|move|p1a: Iron Moth|Sludge Wave|p2a: Quagmire\n|-activate|p2a: Quagmire|move: Protect\n|\n|-heal|p2a: Quagmire|69\/100|[from] item: Leftovers\n|upkeep\n|turn|6\n|c|\u2606Carter_eiro|Tem n\n|\n|t:|1700280335\n|move|p1a: Iron Moth|Sludge Wave|p2a: Quagmire\n|-resisted|p2a: Quagmire\n|-damage|p2a: Quagmire|31\/100\n|move|p2a: Quagmire|Recover|p2a: Quagmire\n|-heal|p2a: Quagmire|81\/100\n|\n|-heal|p2a: Quagmire|87\/100|[from] item: Leftovers\n|upkeep\n|turn|7\n|\n|t:|1700280350\n|move|p1a: Iron Moth|Sludge Wave|p2a: Quagmire\n|-resisted|p2a: Quagmire\n|-damage|p2a: Quagmire|48\/100\n|move|p2a: Quagmire|Liquidation|p1a: Iron Moth\n|-damage|p1a: Iron Moth|12\/100\n|\n|-heal|p2a: Quagmire|54\/100|[from] item: Leftovers\n|upkeep\n|turn|8\n|\n|t:|1700280358\n|move|p2a: Quagmire|Protect|p2a: Quagmire\n|-singleturn|p2a: Quagmire|Protect\n|move|p1a: Iron Moth|Sludge Wave|p2a: Quagmire\n|-activate|p2a: Quagmire|move: Protect\n|\n|-heal|p2a: Quagmire|60\/100|[from] item: Leftovers\n|upkeep\n|turn|9\n|c|\u2606Carter_eiro|Iron Moth perdendo pro Quagsire\n|\n|t:|1700280369\n|move|p1a: Iron Moth|Sludge Wave|p2a: Quagmire\n|-resisted|p2a: Quagmire\n|-damage|p2a: Quagmire|19\/100\n|move|p2a: Quagmire|Recover|p2a: Quagmire\n|-heal|p2a: Quagmire|69\/100\n|\n|-heal|p2a: Quagmire|75\/100|[from] item: Leftovers\n|upkeep\n|turn|10\n|c|\u2606Carter_eiro|This is our gen 9 ou\n|\n|t:|1700280385\n|move|p2a: Quagmire|Protect|p2a: Quagmire\n|-singleturn|p2a: Quagmire|Protect\n|move|p1a: Iron Moth|Sludge Wave|p2a: Quagmire\n|-activate|p2a: Quagmire|move: Protect\n|\n|-heal|p2a: Quagmire|81\/100|[from] item: Leftovers\n|upkeep\n|turn|11\n|c| zenkijooj|Ayume vendo que o recover agora tem pp reduzido\n|\n|t:|1700280393\n|move|p1a: Iron Moth|Sludge Wave|p2a: Quagmire\n|-resisted|p2a: Quagmire\n|-damage|p2a: Quagmire|37\/100\n|move|p2a: Quagmire|Liquidation|p1a: Iron Moth\n|-damage|p1a: Iron Moth|0 fnt\n|faint|p1a: Iron Moth\n|-end|p1a: Iron Moth|Quark Drive|[silent]\n|\n|-heal|p2a: Quagmire|43\/100|[from] item: Leftovers\n|upkeep\n|c|\u2606Carter_eiro|KKKKKK\n|c|\u2606pokmn Legend Blue|PERAI\n|c|\u2606Carter_eiro|!Dex good as gold\n|raw|<ul class=\"utilichart\"><li class=\"result\"><span class=\"col namecol\"><a href=\"https:\/\/dex.pokemonshowdown.com\/abilities\/goodasgold\">Good as Gold<\/a><\/span> <span class=\"col abilitydesccol\">This Pokemon is immune to Status moves.<\/span> <\/li><li style=\"clear:both\"><\/li><\/ul>\n\n|c|\u2606pokmn Legend Blue|TEM 8???\n|c| zenkijooj|SIM\n|\n|t:|1700280420\n|switch|p1a: Ribombee|Ribombee, M|100\/100\n|-activate|p1a: Ribombee|move: Sticky Web\n|-unboost|p1a: Ribombee|spe|1\n|turn|12\n|c| zenkijooj|ANTES ERA 16\n|c|\u2606pokmn Legend Blue|\ud83d\ude10\n|c|\u2606Carter_eiro|Lol\n|\n|t:|1700280438\n|move|p1a: Ribombee|Switcheroo|p2a: Quagmire\n|-activate|p1a: Ribombee|move: Trick|[of] p2a: Quagmire\n|-item|p2a: Quagmire|Focus Sash|[from] move: Switcheroo\n|-item|p1a: Ribombee|Leftovers|[from] move: Switcheroo\n|move|p2a: Quagmire|Recover|p2a: Quagmire\n|-heal|p2a: Quagmire|93\/100\n|\n|upkeep\n|turn|13\n|c|\u2606pokmn Legend Blue|Focus Sash \u261d\ufe0f\ud83e\udd13\n|\n|t:|1700280455\n|move|p1a: Ribombee|Sticky Web|p2a: Quagmire\n|-sidestart|p2: pokmn Legend Blue|move: Sticky Web\n|move|p2a: Quagmire|Curse|p2a: Quagmire\n|-unboost|p2a: Quagmire|spe|1\n|-boost|p2a: Quagmire|atk|1\n|-boost|p2a: Quagmire|def|1\n|\n|upkeep\n|turn|14\n|c|\u2606Carter_eiro|KKKKK\n|\n|t:|1700280467\n|switch|p1a: Manaphy|Manaphy|100\/100\n|-activate|p1a: Manaphy|move: Sticky Web\n|-unboost|p1a: Manaphy|spe|1\n|move|p2a: Quagmire|Curse|p2a: Quagmire\n|-unboost|p2a: Quagmire|spe|1\n|-boost|p2a: Quagmire|atk|1\n|-boost|p2a: Quagmire|def|1\n|\n|upkeep\n|turn|15\n|\n|t:|1700280477\n|move|p1a: Manaphy|Ice Beam|p2a: Quagmire\n|-damage|p2a: Quagmire|58\/100\n|move|p2a: Quagmire|Curse|p2a: Quagmire\n|-unboost|p2a: Quagmire|spe|1\n|-boost|p2a: Quagmire|atk|1\n|-boost|p2a: Quagmire|def|1\n|\n|upkeep\n|turn|16\n|\n|t:|1700280484\n|move|p2a: Quagmire|Protect|p2a: Quagmire\n|-singleturn|p2a: Quagmire|Protect\n|move|p1a: Manaphy|Ice Beam|p2a: Quagmire\n|-activate|p2a: Quagmire|move: Protect\n|\n|upkeep\n|turn|17\n|c| zenkijooj|Damp \u00e9 quase in\u00fatil\n|\n|t:|1700280488\n|move|p1a: Manaphy|Ice Beam|p2a: Quagmire\n|-damage|p2a: Quagmire|27\/100\n|-status|p2a: Quagmire|frz\n|-curestatus|p2a: Quagmire|frz|[msg]\n|move|p2a: Quagmire|Curse|p2a: Quagmire\n|-unboost|p2a: Quagmire|spe|1\n|-boost|p2a: Quagmire|atk|1\n|-boost|p2a: Quagmire|def|1\n|\n|upkeep\n|turn|18\n|c|\u2606pokmn Legend Blue|Hmmm\n|c|\u2606Carter_eiro|Hmmm\n|c|\u2606pokmn Legend Blue|Cad\u00ea meu leftov- ah\n|\n|t:|1700280509\n|move|p2a: Quagmire|Protect|p2a: Quagmire\n|-singleturn|p2a: Quagmire|Protect\n|move|p1a: Manaphy|Energy Ball|p2a: Quagmire\n|-activate|p2a: Quagmire|move: Protect\n|\n|upkeep\n|turn|19\n|c|\u2606Carter_eiro|KKKKK\n|\n|t:|1700280518\n|move|p1a: Manaphy|Energy Ball|p2a: Quagmire\n|-supereffective|p2a: Quagmire\n|-damage|p2a: Quagmire|0 fnt\n|faint|p2a: Quagmire\n|\n|upkeep\n|\n|t:|1700280539\n|switch|p2a: Zapdos|Zapdos, shiny|100\/100\n|turn|20\n|\n|t:|1700280552\n|switch|p1a: Garchomp|Garchomp, F|100\/100\n|-activate|p1a: Garchomp|move: Sticky Web\n|-unboost|p1a: Garchomp|spe|1\n|move|p2a: Zapdos|Volt Switch|p1a: Garchomp\n|-immune|p1a: Garchomp\n|\n|upkeep\n|turn|21\n|c| zenkijooj|Pior que o zapdos continua bom nessa gen\n|c|\u2606pokmn Legend Blue|\ud83e\udde0\n|c| zenkijooj|Pena que perdeu defog\n|c|\u2606Carter_eiro|Yeo\n|c|\u2606Carter_eiro|Yep*\n|\n|t:|1700280587\n|-terastallize|p2a: Zapdos|Fairy\n|move|p2a: Zapdos|Hurricane|p1a: Garchomp\n|-damage|p1a: Garchomp|45\/100\n|move|p1a: Garchomp|Scale Shot|p2a: Zapdos\n|-immune|p2a: Zapdos\n|\n|upkeep\n|turn|22\n|c|\u2606pokmn Legend Blue|Ele perdeu o dfog\n|c|\u2606pokmn Legend Blue|MUAHAHAHAHA\n|\n|t:|1700280601\n|switch|p1a: Ribombee|Ribombee, M|100\/100\n|-activate|p1a: Ribombee|move: Sticky Web\n|-unboost|p1a: Ribombee|spe|1\n|move|p2a: Zapdos|Hurricane|p1a: Ribombee|[miss]\n|-miss|p2a: Zapdos|p1a: Ribombee\n|\n|upkeep\n|turn|23\n|c| zenkijooj|KKMMKKKKKK\n|c|\u2606Carter_eiro|This is our gen 9 ou\n|c|\u2606pokmn Legend Blue|Ratio no garchomp\n|c| zenkijooj|70% is always 50%\n|c|\u2606Carter_eiro|KKKKK\n|\n|t:|1700280646\n|move|p2a: Zapdos|Heat Wave|p1a: Ribombee\n|-supereffective|p1a: Ribombee\n|-damage|p1a: Ribombee|0 fnt\n|faint|p1a: Ribombee\n|\n|upkeep\n|c|\u2606pokmn Legend Blue|Eu n\u00e3o curti o meta da gen 9\n|\n|t:|1700280657\n|switch|p1a: Gholdengo|Gholdengo|100\/100\n|-item|p1a: Gholdengo|Air Balloon\n|turn|24\n|c|\u2606pokmn Legend Blue|Jah podi se matar?\n|c|\u2606Carter_eiro|Ele \u00e9 absurdo n\u00e9\n|c|\u2606Carter_eiro|N\n|\n|t:|1700280687\n|move|p1a: Gholdengo|Make It Rain|p2a: Zapdos\n|-supereffective|p2a: Zapdos\n|-damage|p2a: Zapdos|0 fnt\n|-unboost|p1a: Gholdengo|spa|1\n|faint|p2a: Zapdos\n|\n|upkeep\n|c|\u2606Carter_eiro|Ok pode\n|\n|t:|1700280699\n|switch|p2a: Salamence|Salamence, M|100\/100\n|turn|25\n|\n|t:|1700280704\n|move|p2a: Salamence|Dragon Dance|p2a: Salamence\n|-boost|p2a: Salamence|atk|1\n|-boost|p2a: Salamence|spe|1\n|move|p1a: Gholdengo|Nasty Plot|p1a: Gholdengo\n|-boost|p1a: Gholdengo|spa|2\n|\n|upkeep\n|turn|26\n|c|\u2606pokmn Legend Blue|Perai\n|c|\u2606pokmn Legend Blue|PAUSE\n|c|\u2606Carter_eiro|Pause?\n|c|\u2606pokmn Legend Blue|Vc t\u00e1 me falando\n|c|\u2606Carter_eiro|Okay, prossiga\n|c|\u2606pokmn Legend Blue|Que o mano com move opzasso\n|c|\u2606Carter_eiro|Oq eu estou falando\n|c|\u2606Carter_eiro|Uhum, sim\n|c|\u2606Carter_eiro|Continue\n|c|\u2606pokmn Legend Blue|Cujo custo \u00e9 reduzir o spa em uma unidade\n|c|\u2606Carter_eiro|Sim, sim\n|c|\u2606pokmn Legend Blue|Tem um move de aumentar em 2?\n|c|\u2606Carter_eiro|Sim, isso mesmo\n|c| zenkijooj|Isso ai\n|c|\u2606pokmn Legend Blue|Ah, cara\n|c| zenkijooj|E a hab dele ainda deixa imune a efeito\n|\n|t:|1700280775\n|move|p2a: Salamence|Dragon Claw|p1a: Gholdengo\n|-resisted|p1a: Gholdengo\n|-damage|p1a: Gholdengo|62\/100\n|-enditem|p1a: Gholdengo|Air Balloon\n|move|p1a: Gholdengo|Make It Rain|p2a: Salamence\n|-damage|p2a: Salamence|0 fnt\n|-unboost|p1a: Gholdengo|spa|1\n|faint|p2a: Salamence\n|\n|upkeep\n|c|\u2606Carter_eiro|KKKKK\n|c|\u2606Carter_eiro|EU N PENSAVA QUE IA MATAR\n|c|\u2606pokmn Legend Blue|N ironicamente \u261d\ufe0f\ud83e\udd13\n|c|\u2606Carter_eiro|KKKKK\n|\n|t:|1700280800\n|switch|p2a: Ninja|Greninja, M, shiny|100\/100\n|-activate|p2a: Ninja|move: Sticky Web\n|-unboost|p2a: Ninja|spe|1\n|turn|27\n|\n|t:|1700280809\n|switch|p1a: Manaphy|Manaphy|100\/100\n|-activate|p1a: Manaphy|move: Sticky Web\n|-unboost|p1a: Manaphy|spe|1\n|move|p2a: Ninja|Surf|p1a: Manaphy\n|-start|p2a: Ninja|typechange|Water|[from] ability: Protean\n|-resisted|p1a: Manaphy\n|-damage|p1a: Manaphy|76\/100\n|-damage|p2a: Ninja|91\/100|[from] item: Life Orb\n|\n|-heal|p1a: Manaphy|83\/100|[from] item: Leftovers\n|upkeep\n|turn|28\n|c|\u2606Carter_eiro|Buchou\n|\n|t:|1700280821\n|move|p2a: Ninja|Grass Knot|p1a: Manaphy\n|-supereffective|p1a: Manaphy\n|-damage|p1a: Manaphy|66\/100\n|-damage|p2a: Ninja|81\/100|[from] item: Life Orb\n|move|p1a: Manaphy|Energy Ball|p2a: Ninja\n|-supereffective|p2a: Ninja\n|-damage|p2a: Ninja|0 fnt\n|faint|p2a: Ninja\n|\n|-heal|p1a: Manaphy|73\/100|[from] item: Leftovers\n|upkeep\n|c|\u2606pokmn Legend Blue|\ud83d\ude35\u200d\ud83d\udcab\n|\n|t:|1700280838\n|switch|p2a: Ditto|Ditto, shiny|100\/100\n|-activate|p2a: Ditto|move: Sticky Web\n|-unboost|p2a: Ditto|spe|1\n|-transform|p2a: Ditto|p1a: Manaphy|[from] ability: Imposter\n|turn|29\n|c| zenkijooj|Ditto ganha\n|c|\u2606Carter_eiro|Shut up ninja, Strong Energy Ball\n|\n|t:|1700280845\n|move|p2a: Ditto|Energy Ball|p1a: Manaphy\n|-supereffective|p1a: Manaphy\n|-damage|p1a: Manaphy|23\/100\n|move|p1a: Manaphy|Energy Ball|p2a: Ditto\n|-supereffective|p2a: Ditto\n|-damage|p2a: Ditto|38\/100\n|\n|-heal|p1a: Manaphy|29\/100|[from] item: Leftovers\n|upkeep\n|turn|30\n|\n|t:|1700280858\n|move|p2a: Ditto|Energy Ball|p1a: Manaphy\n|-supereffective|p1a: Manaphy\n|-damage|p1a: Manaphy|0 fnt\n|faint|p1a: Manaphy\n|\n|upkeep\n|\n|t:|1700280871\n|switch|p1a: Garchomp|Garchomp, F|45\/100\n|-activate|p1a: Garchomp|move: Sticky Web\n|-unboost|p1a: Garchomp|spe|1\n|turn|31\n|\n|t:|1700280879\n|move|p2a: Ditto|Energy Ball|p1a: Garchomp\n|-damage|p1a: Garchomp|18\/100\n|move|p1a: Garchomp|Earthquake|p2a: Ditto\n|-damage|p2a: Ditto|0 fnt\n|faint|p2a: Ditto\n|\n|win|Carter_eiro\n|j| gui693\n|c|\u2606pokmn Legend Blue|Qm brinca mt um dia vira brinquedo\n|c|\u2606Carter_eiro|Uma das lutas\n|c|\u2606Carter_eiro|KKKKKK\n|c| zenkijooj|Gg\n|c|\u2606Carter_eiro|Gg\n","uploadtime":1700280898,"views":12,"p1id":"cartereiro","p2id":"pokmnlegendblue","formatid":"gen9ou","rating":0,"private":0,"password":""}