{"id":"gen9ou-1989387064","p1":"Light kitten","p2":"EQW22_ravioli","format":"[Gen 9] OU","log":"|j|\u2606Light kitten\n|j|\u2606EQW22_ravioli\n|t:|1699843783\n|gametype|singles\n|player|p1|Light kitten|102|\n|player|p2|EQW22_ravioli|265|\n|teamsize|p1|6\n|teamsize|p2|6\n|gen|9\n|tier|[Gen 9] OU\n|rule|Sleep Clause Mod: Limit one foe put to sleep\n|rule|Species Clause: Limit one of each Pok\u00e9mon\n|rule|OHKO Clause: OHKO moves are banned\n|rule|Evasion Items Clause: Evasion items are banned\n|rule|Evasion Moves Clause: Evasion moves are banned\n|rule|Endless Battle Clause: Forcing endless battles is banned\n|rule|HP Percentage Mod: HP is shown in percentages\n|clearpoke\n|poke|p1|Greninja-*, F|\n|poke|p1|Meowscarada, M|\n|poke|p1|Dragonite, F|\n|poke|p1|Bellibolt, M|\n|poke|p1|Pikachu, M|\n|poke|p1|Iron Moth|\n|poke|p2|Garchomp, F|\n|poke|p2|Glimmora, M|\n|poke|p2|Ceruledge, F|\n|poke|p2|Corviknight, M|\n|poke|p2|Blissey, F|\n|poke|p2|Iron Moth|\n|teampreview\n|\n|t:|1699843788\n|start\n|switch|p1a: Iron Moth|Iron Moth|100\/100\n|switch|p2a: Glimmora|Glimmora, M|100\/100\n|-enditem|p1a: Iron Moth|Booster Energy\n|-activate|p1a: Iron Moth|ability: Quark Drive|[fromitem]\n|-start|p1a: Iron Moth|quarkdrivespa\n|turn|1\n|\n|t:|1699843800\n|move|p1a: Iron Moth|Energy Ball|p2a: Glimmora\n|-damage|p2a: Glimmora|52\/100\n|move|p2a: Glimmora|Explosion|p1a: Iron Moth\n|-damage|p1a: Iron Moth|41\/100\n|faint|p2a: Glimmora\n|\n|upkeep\n|\n|t:|1699843808\n|switch|p2a: Garchomp|Garchomp, F|100\/100\n|turn|2\n|\n|t:|1699843811\n|move|p1a: Iron Moth|Energy Ball|p2a: Garchomp\n|-damage|p2a: Garchomp|60\/100\n|move|p2a: Garchomp|Stealth Rock|p1a: Iron Moth\n|-sidestart|p1: Light kitten|move: Stealth Rock\n|\n|upkeep\n|turn|3\n|\n|t:|1699843818\n|move|p1a: Iron Moth|Fire Spin|p2a: Garchomp\n|-resisted|p2a: Garchomp\n|-damage|p2a: Garchomp|48\/100\n|-activate|p2a: Garchomp|move: Fire Spin|[of] p1a: Iron Moth\n|move|p2a: Garchomp|Dragon Claw|p1a: Iron Moth\n|-damage|p1a: Iron Moth|0 fnt\n|faint|p1a: Iron Moth\n|-end|p1a: Iron Moth|Quark Drive|[silent]\n|\n|-end|p2a: Garchomp|Fire Spin|[partiallytrapped]|[silent]\n|upkeep\n|\n|t:|1699843827\n|switch|p1a: Greninja|Greninja, F|100\/100\n|-damage|p1a: Greninja|88\/100|[from] Stealth Rock\n|turn|4\n|\n|t:|1699843833\n|move|p1a: Greninja|Liquidation|p2a: Garchomp\n|-start|p1a: Greninja|typechange|Water|[from] ability: Protean\n|-damage|p2a: Garchomp|22\/100\n|-damage|p1a: Greninja|76\/100|[from] ability: Rough Skin|[of] p2a: Garchomp\n|-damage|p1a: Greninja|59\/100|[from] item: Rocky Helmet|[of] p2a: Garchomp\n|move|p2a: Garchomp|Poison Jab|p1a: Greninja\n|-damage|p1a: Greninja|14\/100\n|\n|upkeep\n|turn|5\n|\n|t:|1699843845\n|move|p2a: Garchomp|Protect|p2a: Garchomp\n|-singleturn|p2a: Garchomp|Protect\n|move|p1a: Greninja|Liquidation|p2a: Garchomp\n|-activate|p2a: Garchomp|move: Protect\n|\n|upkeep\n|turn|6\n|\n|t:|1699843855\n|switch|p2a: Blissey|Blissey, F|100\/100\n|move|p1a: Greninja|Liquidation|p2a: Blissey\n|-damage|p2a: Blissey|43\/100\n|\n|-heal|p2a: Blissey|49\/100|[from] item: Leftovers\n|upkeep\n|turn|7\n|\n|t:|1699843865\n|move|p1a: Greninja|Liquidation|p2a: Blissey\n|-damage|p2a: Blissey|0 fnt\n|faint|p2a: Blissey\n|\n|upkeep\n|\n|t:|1699843881\n|switch|p2a: Corviknight|Corviknight, M|100\/100\n|turn|8\n|\n|t:|1699843889\n|move|p1a: Greninja|Brick Break|p2a: Corviknight\n|-damage|p2a: Corviknight|87\/100\n|move|p2a: Corviknight|Iron Head|p1a: Greninja\n|-resisted|p1a: Greninja\n|-damage|p1a: Greninja|0 fnt\n|faint|p1a: Greninja\n|\n|upkeep\n|\n|t:|1699843896\n|switch|p1a: Bellibolt|Bellibolt, M|100\/100\n|-damage|p1a: Bellibolt|88\/100|[from] Stealth Rock\n|turn|9\n|\n|t:|1699843901\n|move|p2a: Corviknight|U-turn|p1a: Bellibolt\n|-damage|p1a: Bellibolt|79\/100\n|-start|p1a: Bellibolt|Charge|U-turn|[from] ability: Electromorphosis\n|\n|t:|1699843906\n|switch|p2a: Ceruledge|Ceruledge, F|100\/100|[from] U-turn\n|move|p1a: Bellibolt|Soak|p2a: Ceruledge\n|-start|p2a: Ceruledge|typechange|Water\n|\n|-heal|p1a: Bellibolt|85\/100|[from] item: Leftovers\n|upkeep\n|turn|10\n|\n|t:|1699843915\n|switch|p2a: Garchomp|Garchomp, F|22\/100\n|move|p1a: Bellibolt|Thunderbolt|p2a: Garchomp\n|-immune|p2a: Garchomp\n|-end|p1a: Bellibolt|Charge|[silent]\n|\n|-heal|p1a: Bellibolt|91\/100|[from] item: Leftovers\n|upkeep\n|turn|11\n|\n|t:|1699843920\n|-terastallize|p2a: Garchomp|Dragon\n|move|p1a: Bellibolt|Protect|p1a: Bellibolt\n|-singleturn|p1a: Bellibolt|Protect\n|move|p2a: Garchomp|Dragon Claw|p1a: Bellibolt\n|-activate|p1a: Bellibolt|move: Protect\n|\n|-heal|p1a: Bellibolt|97\/100|[from] item: Leftovers\n|upkeep\n|turn|12\n|\n|t:|1699843926\n|move|p2a: Garchomp|Dragon Claw|p1a: Bellibolt\n|-damage|p1a: Bellibolt|64\/100\n|-start|p1a: Bellibolt|Charge|Dragon Claw|[from] ability: Electromorphosis\n|move|p1a: Bellibolt|Thunderbolt|p2a: Garchomp\n|-resisted|p2a: Garchomp\n|-damage|p2a: Garchomp|0 fnt\n|faint|p2a: Garchomp\n|-end|p1a: Bellibolt|Charge|[silent]\n|\n|-heal|p1a: Bellibolt|70\/100|[from] item: Leftovers\n|upkeep\n|\n|t:|1699843938\n|switch|p2a: Corviknight|Corviknight, M|87\/100\n|turn|13\n|\n|t:|1699843943\n|move|p2a: Corviknight|Iron Head|p1a: Bellibolt\n|-resisted|p1a: Bellibolt\n|-damage|p1a: Bellibolt|63\/100\n|-start|p1a: Bellibolt|Charge|Iron Head|[from] ability: Electromorphosis\n|move|p1a: Bellibolt|Soak|p2a: Corviknight\n|-start|p2a: Corviknight|typechange|Water\n|\n|-heal|p1a: Bellibolt|69\/100|[from] item: Leftovers\n|upkeep\n|turn|14\n|\n|t:|1699843950\n|move|p2a: Corviknight|U-turn|p1a: Bellibolt\n|-damage|p1a: Bellibolt|60\/100\n|-start|p1a: Bellibolt|Charge|U-turn|[from] ability: Electromorphosis\n|\n|t:|1699843956\n|switch|p2a: Ceruledge|Ceruledge, F|100\/100|[from] U-turn\n|move|p1a: Bellibolt|Thunderbolt|p2a: Ceruledge\n|-damage|p2a: Ceruledge|54\/100\n|-status|p2a: Ceruledge|par\n|-end|p1a: Bellibolt|Charge|[silent]\n|\n|-heal|p1a: Bellibolt|66\/100|[from] item: Leftovers\n|upkeep\n|turn|15\n|\n|t:|1699843962\n|move|p2a: Ceruledge|Bitter Blade|p1a: Bellibolt\n|-damage|p1a: Bellibolt|37\/100\n|-heal|p2a: Ceruledge|75\/100 par|[from] drain|[of] p1a: Bellibolt\n|-start|p1a: Bellibolt|Charge|Bitter Blade|[from] ability: Electromorphosis\n|move|p1a: Bellibolt|Soak|p2a: Ceruledge\n|-start|p2a: Ceruledge|typechange|Water\n|\n|-heal|p1a: Bellibolt|43\/100|[from] item: Leftovers\n|upkeep\n|turn|16\n|\n|t:|1699843974\n|cant|p2a: Ceruledge|par\n|move|p1a: Bellibolt|Thunderbolt|p2a: Ceruledge\n|-supereffective|p2a: Ceruledge\n|-damage|p2a: Ceruledge|0 fnt\n|faint|p2a: Ceruledge\n|-end|p1a: Bellibolt|Charge|[silent]\n|\n|-heal|p1a: Bellibolt|49\/100|[from] item: Leftovers\n|upkeep\n|\n|t:|1699843976\n|switch|p2a: Iron Moth|Iron Moth|100\/100\n|turn|17\n|\n|t:|1699843980\n|move|p2a: Iron Moth|Flash Cannon|p1a: Bellibolt\n|-resisted|p1a: Bellibolt\n|-damage|p1a: Bellibolt|35\/100\n|-start|p1a: Bellibolt|Charge|Flash Cannon|[from] ability: Electromorphosis\n|move|p1a: Bellibolt|Slack Off|p1a: Bellibolt\n|-heal|p1a: Bellibolt|85\/100\n|\n|-heal|p1a: Bellibolt|91\/100|[from] item: Leftovers\n|upkeep\n|turn|18\n|\n|t:|1699843984\n|move|p2a: Iron Moth|Fire Blast|p1a: Bellibolt\n|-damage|p1a: Bellibolt|35\/100\n|-start|p1a: Bellibolt|Charge|Fire Blast|[from] ability: Electromorphosis\n|move|p1a: Bellibolt|Soak|p2a: Iron Moth\n|-start|p2a: Iron Moth|typechange|Water\n|\n|-heal|p1a: Bellibolt|41\/100|[from] item: Leftovers\n|upkeep\n|turn|19\n|\n|t:|1699843990\n|move|p2a: Iron Moth|Fire Blast|p1a: Bellibolt\n|-damage|p1a: Bellibolt|3\/100\n|-start|p1a: Bellibolt|Charge|Fire Blast|[from] ability: Electromorphosis\n|move|p1a: Bellibolt|Thunderbolt|p2a: Iron Moth\n|-supereffective|p2a: Iron Moth\n|-damage|p2a: Iron Moth|0 fnt\n|faint|p2a: Iron Moth\n|-end|p2a: Iron Moth|Quark Drive|[silent]\n|-end|p1a: Bellibolt|Charge|[silent]\n|\n|-heal|p1a: Bellibolt|9\/100|[from] item: Leftovers\n|upkeep\n|\n|t:|1699843994\n|switch|p2a: Corviknight|Corviknight, M|87\/100\n|turn|20\n|\n|t:|1699843998\n|move|p1a: Bellibolt|Protect|p1a: Bellibolt\n|-singleturn|p1a: Bellibolt|Protect\n|move|p2a: Corviknight|Iron Head|p1a: Bellibolt\n|-activate|p1a: Bellibolt|move: Protect\n|\n|-heal|p1a: Bellibolt|15\/100|[from] item: Leftovers\n|upkeep\n|turn|21\n|\n|t:|1699844002\n|move|p2a: Corviknight|Iron Head|p1a: Bellibolt\n|-resisted|p1a: Bellibolt\n|-damage|p1a: Bellibolt|7\/100\n|-start|p1a: Bellibolt|Charge|Iron Head|[from] ability: Electromorphosis\n|move|p1a: Bellibolt|Slack Off|p1a: Bellibolt\n|-heal|p1a: Bellibolt|57\/100\n|\n|-heal|p1a: Bellibolt|63\/100|[from] item: Leftovers\n|upkeep\n|turn|22\n|\n|t:|1699844007\n|move|p2a: Corviknight|U-turn|p1a: Bellibolt\n|-damage|p1a: Bellibolt|53\/100\n|-start|p1a: Bellibolt|Charge|U-turn|[from] ability: Electromorphosis\n|move|p1a: Bellibolt|Soak|p2a: Corviknight\n|-start|p2a: Corviknight|typechange|Water\n|\n|-heal|p1a: Bellibolt|60\/100|[from] item: Leftovers\n|upkeep\n|turn|23\n|\n|t:|1699844009\n|move|p2a: Corviknight|Iron Head|p1a: Bellibolt\n|-resisted|p1a: Bellibolt\n|-damage|p1a: Bellibolt|55\/100\n|-start|p1a: Bellibolt|Charge|Iron Head|[from] ability: Electromorphosis\n|move|p1a: Bellibolt|Thunderbolt|p2a: Corviknight\n|-supereffective|p2a: Corviknight\n|-damage|p2a: Corviknight|0 fnt\n|faint|p2a: Corviknight\n|-end|p1a: Bellibolt|Charge|[silent]\n|\n|win|Light kitten\n|l|\u2606Light kitten\n|j|\u2606Light kitten\n|player|p1|Light kitten|102\n","uploadtime":1699844041,"views":29,"p1id":"lightkitten","p2id":"eqw22ravioli","formatid":"gen9ou","rating":0,"private":0,"password":""}