{"id":"gen9ou-1995766532","p1":"Zicofool","p2":"Giogiovannio","format":"[Gen 9] OU","log":"|j|\u2606Zicofool\n|j|\u2606Giogiovannio\n|t:|1700601163\n|gametype|singles\n|player|p1|Zicofool|may-masters|1531\n|player|p2|Giogiovannio|drayden|1677\n|teamsize|p1|6\n|teamsize|p2|6\n|gen|9\n|tier|[Gen 9] OU\n|rated|\n|rule|Sleep Clause Mod: Limit one foe put to sleep\n|rule|Species Clause: Limit one of each Pok\u00e9mon\n|rule|OHKO Clause: OHKO moves are banned\n|rule|Evasion Items Clause: Evasion items are banned\n|rule|Evasion Moves Clause: Evasion moves are banned\n|rule|Endless Battle Clause: Forcing endless battles is banned\n|rule|HP Percentage Mod: HP is shown in percentages\n|clearpoke\n|poke|p1|Ogerpon, F|\n|poke|p1|Maushold-Four|\n|poke|p1|Volcanion|\n|poke|p1|Infernape, F|\n|poke|p1|Thundurus-Therian, M|\n|poke|p1|Spidops, F|\n|poke|p2|Clefable, M|\n|poke|p2|Slowking-Galar, M|\n|poke|p2|Alomomola, F|\n|poke|p2|Landorus-Therian, M|\n|poke|p2|Cyclizar, M|\n|poke|p2|Kingambit, M|\n|teampreview\n|\n|t:|1700601177\n|start\n|switch|p1a: Volcanion|Volcanion|100\/100\n|switch|p2a: Clefable|Clefable, M|100\/100\n|turn|1\n|\n|t:|1700601179\n|move|p1a: Volcanion|Steam Eruption|p2a: Clefable\n|-damage|p2a: Clefable|10\/100\n|-status|p2a: Clefable|brn\n|move|p2a: Clefable|Thunder|p1a: Volcanion\n|-supereffective|p1a: Volcanion\n|-damage|p1a: Volcanion|10\/100\n|\n|upkeep\n|turn|2\n|\n|t:|1700601189\n|switch|p2a: Slowking|Slowking-Galar, M|100\/100\n|move|p1a: Volcanion|Steam Eruption|p2a: Slowking\n|-damage|p2a: Slowking|62\/100\n|-status|p2a: Slowking|brn\n|\n|-damage|p2a: Slowking|56\/100 brn|[from] brn\n|upkeep\n|turn|3\n|\n|t:|1700601192\n|move|p1a: Volcanion|Steam Eruption|p2a: Slowking\n|-damage|p2a: Slowking|15\/100 brn\n|move|p2a: Slowking|Sludge Bomb|p1a: Volcanion\n|-damage|p1a: Volcanion|0 fnt\n|faint|p1a: Volcanion\n|\n|-damage|p2a: Slowking|9\/100 brn|[from] brn\n|upkeep\n|\n|t:|1700601198\n|switch|p1a: Infernape|Infernape, F|100\/100\n|turn|4\n|\n|t:|1700601204\n|switch|p2a: Alomomola|Alomomola, F|100\/100\n|move|p1a: Infernape|Swords Dance|p1a: Infernape\n|-boost|p1a: Infernape|atk|2\n|\n|upkeep\n|turn|5\n|\n|t:|1700601208\n|move|p1a: Infernape|Close Combat|p2a: Alomomola\n|-damage|p2a: Alomomola|45\/100\n|-unboost|p1a: Infernape|def|1\n|-unboost|p1a: Infernape|spd|1\n|move|p2a: Alomomola|Scald|p1a: Infernape\n|-supereffective|p1a: Infernape\n|-damage|p1a: Infernape|39\/100\n|\n|upkeep\n|turn|6\n|\n|t:|1700601213\n|switch|p2a: Clefable|Clefable, M|10\/100 brn\n|move|p1a: Infernape|Close Combat|p2a: Clefable\n|-resisted|p2a: Clefable\n|-damage|p2a: Clefable|0 fnt\n|-unboost|p1a: Infernape|def|1\n|-unboost|p1a: Infernape|spd|1\n|faint|p2a: Clefable\n|\n|upkeep\n|\n|t:|1700601215\n|switch|p2a: Alomomola|Alomomola, F|79\/100\n|turn|7\n|\n|t:|1700601220\n|switch|p1a: Thundurus|Thundurus-Therian, M|100\/100\n|move|p2a: Alomomola|Flip Turn|p1a: Thundurus\n|-damage|p1a: Thundurus|77\/100\n|\n|t:|1700601229\n|switch|p2a: Cyclizar|Cyclizar, M|100\/100|[from] Flip Turn\n|\n|upkeep\n|turn|8\n|\n|t:|1700601239\n|switch|p1a: Spidops|Spidops, F|100\/100\n|move|p2a: Cyclizar|Double-Edge|p1a: Spidops\n|-damage|p1a: Spidops|39\/100\n|-damage|p2a: Cyclizar|77\/100|[from] Recoil\n|\n|upkeep\n|turn|9\n|\n|t:|1700601245\n|move|p1a: Spidops|First Impression|p2a: Cyclizar\n|-damage|p2a: Cyclizar|31\/100\n|move|p2a: Cyclizar|Double-Edge|p1a: Spidops\n|-crit|p1a: Spidops\n|-damage|p1a: Spidops|0 fnt\n|faint|p1a: Spidops\n|-damage|p2a: Cyclizar|17\/100|[from] Recoil\n|\n|upkeep\n|\n|t:|1700601251\n|switch|p1a: Infernape|Infernape, F|39\/100\n|turn|10\n|\n|t:|1700601256\n|switch|p2a: Alomomola|Alomomola, F|100\/100\n|move|p1a: Infernape|Close Combat|p2a: Alomomola\n|-damage|p2a: Alomomola|72\/100\n|-unboost|p1a: Infernape|def|1\n|-unboost|p1a: Infernape|spd|1\n|\n|upkeep\n|turn|11\n|\n|t:|1700601270\n|move|p1a: Infernape|Close Combat|p2a: Alomomola\n|-damage|p2a: Alomomola|42\/100\n|-unboost|p1a: Infernape|def|1\n|-unboost|p1a: Infernape|spd|1\n|move|p2a: Alomomola|Flip Turn|p1a: Infernape\n|-supereffective|p1a: Infernape\n|-damage|p1a: Infernape|0 fnt\n|faint|p1a: Infernape\n|\n|t:|1700601281\n|switch|p2a: Cyclizar|Cyclizar, M|50\/100|[from] Flip Turn\n|\n|upkeep\n|\n|t:|1700601284\n|switch|p1a: Ogerpon|Ogerpon, F|100\/100\n|turn|12\n|\n|t:|1700601295\n|switch|p2a: Slowking|Slowking-Galar, M|42\/100 brn\n|move|p1a: Ogerpon|Ivy Cudgel|p2a: Slowking\n|-resisted|p2a: Slowking\n|-damage|p2a: Slowking|3\/100 brn\n|\n|-damage|p2a: Slowking|0 fnt|[from] brn\n|faint|p2a: Slowking\n|upkeep\n|\n|t:|1700601297\n|switch|p2a: Cyclizar|Cyclizar, M|83\/100\n|turn|13\n|\n|t:|1700601307\n|-terastallize|p1a: Ogerpon|Grass\n|detailschange|p1a: Ogerpon|Ogerpon-Teal-Tera, F, tera:Grass\n|-ability|p1a: Ogerpon|Embody Aspect (Teal)|boost\n|-boost|p1a: Ogerpon|spe|1\n|move|p1a: Ogerpon|Ivy Cudgel|p2a: Cyclizar\n|-resisted|p2a: Cyclizar\n|-damage|p2a: Cyclizar|0 fnt\n|faint|p2a: Cyclizar\n|\n|upkeep\n|\n|t:|1700601323\n|switch|p2a: Kingambit|Kingambit, M|100\/100\n|-activate|p2a: Kingambit|ability: Supreme Overlord\n|-start|p2a: Kingambit|fallen3|[silent]\n|turn|14\n|\n|t:|1700601333\n|-terastallize|p2a: Kingambit|Fairy\n|move|p1a: Ogerpon|Ivy Cudgel|p2a: Kingambit\n|-damage|p2a: Kingambit|24\/100\n|move|p2a: Kingambit|Iron Head|p1a: Ogerpon\n|-damage|p1a: Ogerpon|13\/100\n|\n|-heal|p2a: Kingambit|31\/100|[from] item: Leftovers\n|upkeep\n|turn|15\n|\n|t:|1700601338\n|switch|p1a: Maushold|Maushold-Four|100\/100\n|move|p2a: Kingambit|Sucker Punch||[still]\n|-fail|p2a: Kingambit\n|\n|-heal|p2a: Kingambit|37\/100|[from] item: Leftovers\n|upkeep\n|turn|16\n|\n|t:|1700601353\n|move|p2a: Kingambit|Sucker Punch|p1a: Maushold\n|-damage|p1a: Maushold|18\/100\n|move|p1a: Maushold|Population Bomb|p2a: Kingambit\n|-damage|p2a: Kingambit|29\/100\n|-damage|p2a: Kingambit|20\/100\n|-damage|p2a: Kingambit|11\/100\n|-damage|p2a: Kingambit|3\/100\n|-damage|p2a: Kingambit|0 fnt\n|faint|p2a: Kingambit\n|-end|p2a: Kingambit|fallen3|[silent]\n|-hitcount|p2: Kingambit|5\n|\n|upkeep\n|\n|t:|1700601356\n|switch|p2a: Alomomola|Alomomola, F|75\/100\n|turn|17\n|\n|t:|1700601360\n|move|p1a: Maushold|Population Bomb|p2a: Alomomola\n|-damage|p2a: Alomomola|68\/100\n|-damage|p2a: Alomomola|62\/100\n|-damage|p2a: Alomomola|56\/100\n|-damage|p2a: Alomomola|50\/100\n|-damage|p2a: Alomomola|43\/100\n|-damage|p2a: Alomomola|36\/100\n|-damage|p2a: Alomomola|30\/100\n|-damage|p2a: Alomomola|24\/100\n|-damage|p2a: Alomomola|17\/100\n|-damage|p2a: Alomomola|11\/100\n|-hitcount|p2a: Alomomola|10\n|move|p2a: Alomomola|Flip Turn|p1a: Maushold\n|-damage|p1a: Maushold|0 fnt\n|faint|p1a: Maushold\n|\n|t:|1700601363\n|switch|p2a: Landorus|Landorus-Therian, M|100\/100|[from] Flip Turn\n|\n|upkeep\n|\n|t:|1700601365\n|switch|p1a: Ogerpon|Ogerpon-Teal-Tera, F, tera:Grass|13\/100\n|-ability|p1a: Ogerpon|Embody Aspect (Teal)|boost\n|-boost|p1a: Ogerpon|spe|1\n|turn|18\n|\n|t:|1700601367\n|switch|p2a: Alomomola|Alomomola, F|44\/100\n|move|p1a: Ogerpon|Ivy Cudgel|p2a: Alomomola\n|-supereffective|p2a: Alomomola\n|-damage|p2a: Alomomola|0 fnt\n|faint|p2a: Alomomola\n|\n|upkeep\n|\n|t:|1700601369\n|switch|p2a: Landorus|Landorus-Therian, M|100\/100\n|-ability|p2a: Landorus|Intimidate|boost\n|-unboost|p1a: Ogerpon|atk|1\n|turn|19\n|\n|t:|1700601372\n|move|p1a: Ogerpon|Ivy Cudgel|p2a: Landorus\n|-crit|p2a: Landorus\n|-damage|p2a: Landorus|0 fnt\n|faint|p2a: Landorus\n|\n|win|Zicofool\n|raw|Zicofool's rating: 1531 &rarr; <strong>1559<\/strong><br \/>(+28 for winning)\n|raw|Giogiovannio's rating: 1677 &rarr; <strong>1649<\/strong><br \/>(-28 for losing)\n|l|\u2606Giogiovannio\n","uploadtime":1700601394,"views":16,"p1id":"zicofool","p2id":"giogiovannio","formatid":"gen9ou","rating":1559,"private":0,"password":""}