{"id":"gen9ou-1995357691","p1":"Ebokthegod","p2":"Silent_Kid0","format":"[Gen 9] OU","log":"|j|\u2606Ebokthegod\n|j|\u2606Silent_Kid0\n|t:|1700559333\n|gametype|singles\n|player|p1|Ebokthegod|266|1348\n|player|p2|Silent_Kid0|swimmerf|1316\n|teamsize|p1|6\n|teamsize|p2|6\n|gen|9\n|tier|[Gen 9] OU\n|rated|\n|rule|Sleep Clause Mod: Limit one foe put to sleep\n|rule|Species Clause: Limit one of each Pok\u00e9mon\n|rule|OHKO Clause: OHKO moves are banned\n|rule|Evasion Items Clause: Evasion items are banned\n|rule|Evasion Moves Clause: Evasion moves are banned\n|rule|Endless Battle Clause: Forcing endless battles is banned\n|rule|HP Percentage Mod: HP is shown in percentages\n|clearpoke\n|poke|p1|Ting-Lu|\n|poke|p1|Corviknight, F|\n|poke|p1|Ogerpon-Wellspring, F|\n|poke|p1|Iron Moth|\n|poke|p1|Rotom-Wash|\n|poke|p1|Cinderace, M|\n|poke|p2|Lilligant-Hisui, F|\n|poke|p2|Torkoal, F|\n|poke|p2|Walking Wake|\n|poke|p2|Iron Valiant|\n|poke|p2|Alomomola, M|\n|poke|p2|Gholdengo|\n|teampreview\n|inactive|Battle timer is ON: inactive players will automatically lose when time's up. (requested by Silent_Kid0)\n|inactive|Ebokthegod also wants the timer to be on.\n|\n|t:|1700559338\n|start\n|switch|p1a: Ting-Lu|Ting-Lu|100\/100\n|switch|p2a: Torkoal|Torkoal, F|100\/100\n|-ability|p1a: Ting-Lu|Vessel of Ruin\n|-weather|SunnyDay|[from] ability: Drought|[of] p2a: Torkoal\n|turn|1\n|\n|t:|1700559341\n|move|p1a: Ting-Lu|Earthquake|p2a: Torkoal\n|-supereffective|p2a: Torkoal\n|-damage|p2a: Torkoal|50\/100\n|move|p2a: Torkoal|Solar Beam||[still]\n|-prepare|p2a: Torkoal|Solar Beam\n|-anim|p2a: Torkoal|Solar Beam|p1a: Ting-Lu\n|-supereffective|p1a: Ting-Lu\n|-damage|p1a: Ting-Lu|70\/100\n|\n|-weather|SunnyDay|[upkeep]\n|-heal|p1a: Ting-Lu|76\/100|[from] item: Leftovers\n|upkeep\n|turn|2\n|\n|t:|1700559352\n|switch|p2a: Walking Wake|Walking Wake|100\/100\n|-activate|p2a: Walking Wake|ability: Protosynthesis\n|-start|p2a: Walking Wake|protosynthesisspa\n|move|p1a: Ting-Lu|Earthquake|p2a: Walking Wake\n|-damage|p2a: Walking Wake|57\/100\n|\n|-weather|SunnyDay|[upkeep]\n|-heal|p1a: Ting-Lu|83\/100|[from] item: Leftovers\n|upkeep\n|turn|3\n|\n|t:|1700559362\n|switch|p1a: Ogerpon|Ogerpon-Wellspring, F|100\/100\n|move|p2a: Walking Wake|Hydro Steam|p1a: Ogerpon\n|-immune|p1a: Ogerpon|[from] ability: Water Absorb\n|\n|-weather|SunnyDay|[upkeep]\n|upkeep\n|turn|4\n|\n|t:|1700559368\n|-end|p2a: Walking Wake|Protosynthesis|[silent]\n|switch|p2a: Alomomola|Alomomola, M|100\/100\n|move|p1a: Ogerpon|Trailblaze|p2a: Alomomola\n|-supereffective|p2a: Alomomola\n|-damage|p2a: Alomomola|71\/100\n|-boost|p1a: Ogerpon|spe|1\n|\n|-weather|SunnyDay|[upkeep]\n|-heal|p2a: Alomomola|77\/100|[from] item: Leftovers\n|upkeep\n|turn|5\n|\n|t:|1700559374\n|move|p1a: Ogerpon|Horn Leech|p2a: Alomomola\n|-supereffective|p2a: Alomomola\n|-damage|p2a: Alomomola|32\/100\n|move|p2a: Alomomola|Wish|p2a: Alomomola\n|\n|-weather|none\n|-heal|p2a: Alomomola|38\/100|[from] item: Leftovers\n|upkeep\n|turn|6\n|\n|t:|1700559385\n|switch|p2a: Walking Wake|Walking Wake|57\/100\n|move|p1a: Ogerpon|Horn Leech|p2a: Walking Wake\n|-damage|p2a: Walking Wake|7\/100\n|\n|-heal|p2a: Walking Wake|85\/100|[from] move: Wish|[wisher] Alomomola\n|upkeep\n|turn|7\n|\n|t:|1700559388\n|move|p1a: Ogerpon|Play Rough|p2a: Walking Wake\n|-supereffective|p2a: Walking Wake\n|-damage|p2a: Walking Wake|6\/100\n|move|p2a: Walking Wake|Draco Meteor|p1a: Ogerpon\n|-damage|p1a: Ogerpon|0 fnt\n|-unboost|p2a: Walking Wake|spa|2\n|faint|p1a: Ogerpon\n|\n|upkeep\n|\n|t:|1700559395\n|switch|p1a: Cinderace|Cinderace, M|100\/100\n|turn|8\n|\n|t:|1700559399\n|-end|p2a: Walking Wake|Protosynthesis|[silent]\n|switch|p2a: Torkoal|Torkoal, F|50\/100\n|-weather|SunnyDay|[from] ability: Drought|[of] p2a: Torkoal\n|move|p1a: Cinderace|U-turn|p2a: Torkoal\n|-start|p1a: Cinderace|typechange|Bug|[from] ability: Libero\n|-resisted|p2a: Torkoal\n|-damage|p2a: Torkoal|39\/100\n|\n|t:|1700559403\n|switch|p1a: Ting-Lu|Ting-Lu|83\/100|[from] U-turn\n|-ability|p1a: Ting-Lu|Vessel of Ruin\n|\n|-weather|SunnyDay|[upkeep]\n|-heal|p1a: Ting-Lu|89\/100|[from] item: Leftovers\n|upkeep\n|turn|9\n|\n|t:|1700559406\n|switch|p2a: Alomomola|Alomomola, M|71\/100\n|move|p1a: Ting-Lu|Earthquake|p2a: Alomomola\n|-damage|p2a: Alomomola|53\/100\n|\n|-weather|SunnyDay|[upkeep]\n|-heal|p1a: Ting-Lu|95\/100|[from] item: Leftovers\n|-heal|p2a: Alomomola|59\/100|[from] item: Leftovers\n|upkeep\n|turn|10\n|\n|t:|1700559410\n|move|p1a: Ting-Lu|Stealth Rock|p2a: Alomomola\n|-sidestart|p2: Silent_Kid0|move: Stealth Rock\n|move|p2a: Alomomola|Wish|p2a: Alomomola\n|\n|-weather|SunnyDay|[upkeep]\n|-heal|p1a: Ting-Lu|100\/100|[from] item: Leftovers\n|-heal|p2a: Alomomola|65\/100|[from] item: Leftovers\n|upkeep\n|turn|11\n|\n|t:|1700559415\n|switch|p1a: Iron Moth|Iron Moth|100\/100\n|move|p2a: Alomomola|Flip Turn|p1a: Iron Moth\n|-supereffective|p1a: Iron Moth\n|-damage|p1a: Iron Moth|71\/100\n|\n|t:|1700559418\n|switch|p2a: Walking Wake|Walking Wake|6\/100|[from] Flip Turn\n|-damage|p2a: Walking Wake|0 fnt|[from] Stealth Rock\n|faint|p2a: Walking Wake\n|-end|p2a: Walking Wake|Protosynthesis|[silent]\n|\n|-weather|SunnyDay|[upkeep]\n|upkeep\n|\n|t:|1700559430\n|switch|p2a: Alomomola|Alomomola, M|98\/100\n|-damage|p2a: Alomomola|86\/100|[from] Stealth Rock\n|turn|12\n|\n|t:|1700559437\n|move|p2a: Alomomola|Protect|p2a: Alomomola\n|-singleturn|p2a: Alomomola|Protect\n|move|p1a: Iron Moth|Energy Ball|p2a: Alomomola\n|-activate|p2a: Alomomola|move: Protect\n|\n|-weather|none\n|-heal|p2a: Alomomola|92\/100|[from] item: Leftovers\n|upkeep\n|turn|13\n|\n|t:|1700559444\n|-end|p1a: Iron Moth|Quark Drive|[silent]\n|switch|p1a: Rotom|Rotom-Wash|100\/100\n|switch|p2a: Torkoal|Torkoal, F|39\/100\n|-weather|SunnyDay|[from] ability: Drought|[of] p2a: Torkoal\n|\n|-weather|SunnyDay|[upkeep]\n|upkeep\n|turn|14\n|\n|t:|1700559448\n|move|p1a: Rotom|Thunderbolt|p2a: Torkoal\n|-damage|p2a: Torkoal|7\/100\n|move|p2a: Torkoal|Rapid Spin|p1a: Rotom\n|-damage|p1a: Rotom|91\/100\n|-boost|p2a: Torkoal|spe|1\n|-sideend|p2: Silent_Kid0|Stealth Rock|[from] move: Rapid Spin|[of] p2a: Torkoal\n|\n|-weather|SunnyDay|[upkeep]\n|-heal|p1a: Rotom|98\/100|[from] item: Leftovers\n|upkeep\n|turn|15\n|\n|t:|1700559454\n|move|p1a: Rotom|Thunderbolt|p2a: Torkoal\n|-damage|p2a: Torkoal|0 fnt\n|faint|p2a: Torkoal\n|\n|-weather|SunnyDay|[upkeep]\n|-heal|p1a: Rotom|100\/100|[from] item: Leftovers\n|upkeep\n|\n|t:|1700559456\n|switch|p2a: Lilligant|Lilligant-Hisui, F|100\/100\n|turn|16\n|\n|t:|1700559459\n|move|p2a: Lilligant|Sleep Powder|p1a: Rotom\n|-status|p1a: Rotom|slp|[from] move: Sleep Powder\n|cant|p1a: Rotom|slp\n|\n|-weather|SunnyDay|[upkeep]\n|upkeep\n|turn|17\n|\n|t:|1700559462\n|switch|p1a: Corviknight|Corviknight, F|100\/100\n|-ability|p1a: Corviknight|Pressure\n|move|p2a: Lilligant|Victory Dance|p2a: Lilligant\n|-boost|p2a: Lilligant|atk|1\n|-boost|p2a: Lilligant|def|1\n|-boost|p2a: Lilligant|spe|1\n|\n|-weather|none\n|upkeep\n|turn|18\n|\n|t:|1700559468\n|-terastallize|p2a: Lilligant|Water\n|move|p2a: Lilligant|Close Combat|p1a: Corviknight\n|-damage|p1a: Corviknight|46\/100\n|-unboost|p2a: Lilligant|def|1\n|-unboost|p2a: Lilligant|spd|1\n|-damage|p2a: Lilligant|84\/100|[from] item: Rocky Helmet|[of] p1a: Corviknight\n|move|p1a: Corviknight|Brave Bird|p2a: Lilligant\n|-damage|p2a: Lilligant|26\/100\n|-damage|p1a: Corviknight|33\/100|[from] Recoil\n|\n|upkeep\n|turn|19\n|\n|t:|1700559475\n|move|p2a: Lilligant|Close Combat|p1a: Corviknight\n|-damage|p1a: Corviknight|0 fnt\n|-unboost|p2a: Lilligant|def|1\n|-unboost|p2a: Lilligant|spd|1\n|-damage|p2a: Lilligant|10\/100|[from] item: Rocky Helmet|[of] p1a: Corviknight\n|faint|p1a: Corviknight\n|\n|upkeep\n|\n|t:|1700559487\n|switch|p1a: Cinderace|Cinderace, M|100\/100\n|turn|20\n|\n|t:|1700559490\n|switch|p2a: Alomomola|Alomomola, M|100\/100\n|move|p1a: Cinderace|U-turn|p2a: Alomomola\n|-start|p1a: Cinderace|typechange|Bug|[from] ability: Libero\n|-crit|p2a: Alomomola\n|-damage|p2a: Alomomola|73\/100\n|\n|t:|1700559495\n|switch|p1a: Rotom|Rotom-Wash|100\/100 slp|[from] U-turn\n|\n|-heal|p2a: Alomomola|79\/100|[from] item: Leftovers\n|upkeep\n|turn|21\n|\n|t:|1700559498\n|cant|p1a: Rotom|slp\n|move|p2a: Alomomola|Wish|p2a: Alomomola\n|\n|-heal|p2a: Alomomola|85\/100|[from] item: Leftovers\n|upkeep\n|turn|22\n|\n|t:|1700559502\n|-curestatus|p1a: Rotom|slp|[msg]\n|move|p1a: Rotom|Will-O-Wisp|p2a: Alomomola\n|-status|p2a: Alomomola|brn\n|move|p2a: Alomomola|Flip Turn|p1a: Rotom\n|-resisted|p1a: Rotom\n|-damage|p1a: Rotom|96\/100\n|\n|t:|1700559506\n|switch|p2a: Lilligant|Lilligant-Hisui, F, tera:Water|10\/100|[from] Flip Turn\n|\n|-heal|p2a: Lilligant|100\/100|[from] move: Wish|[wisher] Alomomola\n|-heal|p1a: Rotom|100\/100|[from] item: Leftovers\n|upkeep\n|turn|23\n|\n|t:|1700559512\n|move|p2a: Lilligant|Sleep Powder|p1a: Rotom\n|-status|p1a: Rotom|slp|[from] move: Sleep Powder\n|cant|p1a: Rotom|slp\n|\n|upkeep\n|turn|24\n|\n|t:|1700559516\n|switch|p1a: Cinderace|Cinderace, M|100\/100\n|move|p2a: Lilligant|Victory Dance|p2a: Lilligant\n|-boost|p2a: Lilligant|atk|1\n|-boost|p2a: Lilligant|def|1\n|-boost|p2a: Lilligant|spe|1\n|\n|upkeep\n|turn|25\n|\n|t:|1700559520\n|move|p2a: Lilligant|Close Combat|p1a: Cinderace\n|-damage|p1a: Cinderace|0 fnt\n|-unboost|p2a: Lilligant|def|1\n|-unboost|p2a: Lilligant|spd|1\n|faint|p1a: Cinderace\n|\n|upkeep\n|\n|t:|1700559525\n|switch|p1a: Iron Moth|Iron Moth|71\/100\n|turn|26\n|\n|t:|1700559532\n|switch|p2a: Alomomola|Alomomola, M|100\/100 brn\n|move|p1a: Iron Moth|Energy Ball|p2a: Alomomola\n|-supereffective|p2a: Alomomola\n|-damage|p2a: Alomomola|25\/100 brn\n|\n|-heal|p2a: Alomomola|31\/100 brn|[from] item: Leftovers\n|-damage|p2a: Alomomola|25\/100 brn|[from] brn\n|upkeep\n|turn|27\n|\n|t:|1700559549\n|move|p1a: Iron Moth|Energy Ball|p2a: Alomomola\n|-supereffective|p2a: Alomomola\n|-damage|p2a: Alomomola|0 fnt\n|faint|p2a: Alomomola\n|\n|upkeep\n|\n|t:|1700559551\n|switch|p2a: Iron Valiant|Iron Valiant|100\/100\n|-enditem|p2a: Iron Valiant|Booster Energy\n|-activate|p2a: Iron Valiant|ability: Quark Drive|[fromitem]\n|-start|p2a: Iron Valiant|quarkdrivespe\n|turn|28\n|\n|t:|1700559557\n|-end|p1a: Iron Moth|Quark Drive|[silent]\n|switch|p1a: Rotom|Rotom-Wash|100\/100 slp\n|move|p2a: Iron Valiant|Psyshock|p1a: Rotom\n|-damage|p1a: Rotom|75\/100 slp\n|\n|-heal|p1a: Rotom|81\/100 slp|[from] item: Leftovers\n|upkeep\n|turn|29\n|\n|t:|1700559562\n|cant|p1a: Rotom|slp\n|move|p2a: Iron Valiant|Moonblast|p1a: Rotom\n|-crit|p1a: Rotom\n|-damage|p1a: Rotom|30\/100 slp\n|\n|-heal|p1a: Rotom|36\/100 slp|[from] item: Leftovers\n|upkeep\n|turn|30\n|\n|t:|1700559567\n|cant|p1a: Rotom|slp\n|move|p2a: Iron Valiant|Moonblast|p1a: Rotom\n|-damage|p1a: Rotom|1\/100 slp\n|-unboost|p1a: Rotom|spa|1\n|\n|-heal|p1a: Rotom|7\/100 slp|[from] item: Leftovers\n|upkeep\n|turn|31\n|c|\u2606Ebokthegod|4 turns is wild\n|\n|t:|1700559583\n|move|p2a: Iron Valiant|Moonblast|p1a: Rotom\n|-damage|p1a: Rotom|0 fnt\n|faint|p1a: Rotom\n|\n|upkeep\n|\n|t:|1700559588\n|switch|p1a: Ting-Lu|Ting-Lu|100\/100\n|-ability|p1a: Ting-Lu|Vessel of Ruin\n|turn|32\n|\n|t:|1700559590\n|move|p2a: Iron Valiant|Moonblast|p1a: Ting-Lu\n|-supereffective|p1a: Ting-Lu\n|-crit|p1a: Ting-Lu\n|-damage|p1a: Ting-Lu|14\/100\n|-unboost|p1a: Ting-Lu|spa|1\n|move|p1a: Ting-Lu|Whirlwind|p2a: Iron Valiant\n|-end|p2a: Iron Valiant|Quark Drive|[silent]\n|drag|p2a: Gholdengo|Gholdengo|100\/100\n|-item|p2a: Gholdengo|Air Balloon\n|\n|-heal|p1a: Ting-Lu|20\/100|[from] item: Leftovers\n|upkeep\n|turn|33\n|\n|t:|1700559597\n|move|p2a: Gholdengo|Shadow Ball|p1a: Ting-Lu\n|-resisted|p1a: Ting-Lu\n|-crit|p1a: Ting-Lu\n|-damage|p1a: Ting-Lu|0 fnt\n|faint|p1a: Ting-Lu\n|\n|upkeep\n|\n|t:|1700559601\n|switch|p1a: Iron Moth|Iron Moth|71\/100\n|turn|34\n|\n|t:|1700559604\n|-terastallize|p1a: Iron Moth|Fire\n|move|p1a: Iron Moth|Fiery Dance|p2a: Gholdengo\n|-supereffective|p2a: Gholdengo\n|-damage|p2a: Gholdengo|0 fnt\n|-boost|p1a: Iron Moth|spa|1\n|-enditem|p2a: Gholdengo|Air Balloon\n|faint|p2a: Gholdengo\n|\n|upkeep\n|\n|t:|1700559608\n|switch|p2a: Iron Valiant|Iron Valiant|100\/100\n|turn|35\n|\n|t:|1700559610\n|move|p1a: Iron Moth|Fiery Dance|p2a: Iron Valiant\n|-damage|p2a: Iron Valiant|0 fnt\n|faint|p2a: Iron Valiant\n|-end|p2a: Iron Valiant|Quark Drive|[silent]\n|\n|upkeep\n|\n|t:|1700559614\n|switch|p2a: Lilligant|Lilligant-Hisui, F, tera:Water|100\/100\n|turn|36\n|\n|t:|1700559617\n|move|p1a: Iron Moth|Fiery Dance|p2a: Lilligant\n|-resisted|p2a: Lilligant\n|-damage|p2a: Lilligant|36\/100\n|-boost|p1a: Iron Moth|spa|1\n|move|p2a: Lilligant|Sleep Powder|p1a: Iron Moth\n|-status|p1a: Iron Moth|slp|[from] move: Sleep Powder\n|\n|upkeep\n|turn|37\n|\n|t:|1700559621\n|cant|p1a: Iron Moth|slp\n|move|p2a: Lilligant|Close Combat|p1a: Iron Moth\n|-damage|p1a: Iron Moth|0 fnt\n|-unboost|p2a: Lilligant|def|1\n|-unboost|p2a: Lilligant|spd|1\n|faint|p1a: Iron Moth\n|-end|p1a: Iron Moth|Quark Drive|[silent]\n|\n|win|Silent_Kid0\n|raw|Ebokthegod's rating: 1348 &rarr; <strong>1326<\/strong><br \/>(-22 for losing)\n|raw|Silent_Kid0's rating: 1316 &rarr; <strong>1338<\/strong><br \/>(+22 for winning)\n|l|\u2606Ebokthegod\n","uploadtime":1700559630,"views":9,"p1id":"ebokthegod","p2id":"silentkid0","formatid":"gen9ou","rating":1326,"private":0,"password":""}