{"id":"gen9ou-1992425526","p1":"Chris5991","p2":"Godspeed06","format":"[Gen 9] OU","log":"|j|\u2606Chris5991\n|j|\u2606Godspeed06\n|t:|1700186085\n|gametype|singles\n|player|p1|Chris5991|lance|1271\n|player|p2|Godspeed06|sabrina|1183\n|teamsize|p1|6\n|teamsize|p2|6\n|gen|9\n|tier|[Gen 9] OU\n|rated|\n|rule|Sleep Clause Mod: Limit one foe put to sleep\n|rule|Species Clause: Limit one of each Pok\u00e9mon\n|rule|OHKO Clause: OHKO moves are banned\n|rule|Evasion Items Clause: Evasion items are banned\n|rule|Evasion Moves Clause: Evasion moves are banned\n|rule|Endless Battle Clause: Forcing endless battles is banned\n|rule|HP Percentage Mod: HP is shown in percentages\n|clearpoke\n|poke|p1|Landorus-Therian, M|\n|poke|p1|Enamorus, F|\n|poke|p1|Heatran, F|\n|poke|p1|Glimmora, M|\n|poke|p1|Volcanion|\n|poke|p1|Lilligant-Hisui, F|\n|poke|p2|Milotic, M|\n|poke|p2|Mandibuzz, F|\n|poke|p2|Skeledirge, M|\n|poke|p2|Lokix, F|\n|poke|p2|Gyarados, F|\n|poke|p2|Clefable, M|\n|teampreview\n|inactive|Battle timer is ON: inactive players will automatically lose when time's up. (requested by Godspeed06)\n|\n|t:|1700186095\n|start\n|switch|p1a: Glimmora|Glimmora, M|100\/100\n|switch|p2a: Milotic|Milotic, M|100\/100\n|turn|1\n|\n|t:|1700186101\n|move|p1a: Glimmora|Mortal Spin|p2a: Milotic\n|-damage|p2a: Milotic|93\/100\n|-status|p2a: Milotic|psn\n|move|p2a: Milotic|Mirror Coat||[still]\n|-fail|p2a: Milotic\n|\n|-damage|p2a: Milotic|81\/100 psn|[from] psn\n|upkeep\n|turn|2\n|\n|t:|1700186121\n|switch|p1a: Volcanion|Volcanion|100\/100\n|move|p2a: Milotic|Scald|p1a: Volcanion\n|-immune|p1a: Volcanion|[from] ability: Water Absorb\n|\n|-damage|p2a: Milotic|69\/100 psn|[from] psn\n|upkeep\n|turn|3\n|\n|t:|1700186144\n|switch|p2a: Clefable|Clefable, M|100\/100\n|move|p1a: Volcanion|Earth Power|p2a: Clefable\n|-damage|p2a: Clefable|52\/100\n|\n|-heal|p2a: Clefable|58\/100|[from] item: Leftovers\n|upkeep\n|turn|4\n|\n|t:|1700186154\n|switch|p1a: Heatran|Heatran, F|100\/100\n|switch|p2a: Mandibuzz|Mandibuzz, F|100\/100\n|\n|upkeep\n|turn|5\n|\n|t:|1700186167\n|move|p2a: Mandibuzz|U-turn|p1a: Heatran\n|-resisted|p1a: Heatran\n|-damage|p1a: Heatran|98\/100\n|-damage|p2a: Mandibuzz|84\/100|[from] item: Rocky Helmet|[of] p1a: Heatran\n|\n|t:|1700186172\n|switch|p2a: Gyarados|Gyarados, F|100\/100|[from] U-turn\n|move|p1a: Heatran|Flamethrower|p2a: Gyarados\n|-resisted|p2a: Gyarados\n|-damage|p2a: Gyarados|73\/100\n|\n|-heal|p2a: Gyarados|79\/100|[from] item: Leftovers\n|upkeep\n|turn|6\n|\n|t:|1700186182\n|switch|p1a: Glimmora|Glimmora, M|100\/100\n|move|p2a: Gyarados|Earthquake|p1a: Glimmora\n|-supereffective|p1a: Glimmora\n|-enditem|p1a: Glimmora|Focus Sash\n|-damage|p1a: Glimmora|1\/100\n|-activate|p1a: Glimmora|ability: Toxic Debris\n|-sidestart|p2: Godspeed06|move: Toxic Spikes\n|\n|-heal|p2a: Gyarados|85\/100|[from] item: Leftovers\n|upkeep\n|turn|7\n|\n|t:|1700186193\n|move|p1a: Glimmora|Stealth Rock|p2a: Gyarados\n|-sidestart|p2: Godspeed06|move: Stealth Rock\n|move|p2a: Gyarados|Waterfall|p1a: Glimmora\n|-supereffective|p1a: Glimmora\n|-damage|p1a: Glimmora|0 fnt\n|-activate|p1a: Glimmora|ability: Toxic Debris\n|-sidestart|p2: Godspeed06|move: Toxic Spikes\n|faint|p1a: Glimmora\n|-ability|p2a: Gyarados|Moxie|boost\n|-boost|p2a: Gyarados|atk|1\n|\n|-heal|p2a: Gyarados|91\/100|[from] item: Leftovers\n|upkeep\n|\n|t:|1700186212\n|switch|p1a: Landorus|Landorus-Therian, M|100\/100\n|-ability|p1a: Landorus|Intimidate|boost\n|-unboost|p2a: Gyarados|atk|1\n|turn|8\n|\n|t:|1700186219\n|move|p1a: Landorus|Rock Slide|p2a: Gyarados\n|-supereffective|p2a: Gyarados\n|-damage|p2a: Gyarados|18\/100\n|move|p2a: Gyarados|Dragon Dance|p2a: Gyarados\n|-boost|p2a: Gyarados|atk|1\n|-boost|p2a: Gyarados|spe|1\n|\n|-heal|p2a: Gyarados|24\/100|[from] item: Leftovers\n|upkeep\n|turn|9\n|\n|t:|1700186225\n|move|p1a: Landorus|Rock Slide|p2a: Gyarados|[miss]\n|-miss|p1a: Landorus|p2a: Gyarados\n|move|p2a: Gyarados|Ice Fang|p1a: Landorus\n|-supereffective|p1a: Landorus\n|-damage|p1a: Landorus|0 fnt\n|faint|p1a: Landorus\n|-ability|p2a: Gyarados|Moxie|boost\n|-boost|p2a: Gyarados|atk|1\n|\n|-heal|p2a: Gyarados|30\/100|[from] item: Leftovers\n|upkeep\n|\n|t:|1700186240\n|switch|p1a: Lilligant|Lilligant-Hisui, F|100\/100\n|turn|10\n|\n|t:|1700186245\n|move|p2a: Gyarados|Ice Fang|p1a: Lilligant\n|-supereffective|p1a: Lilligant\n|-damage|p1a: Lilligant|0 fnt\n|faint|p1a: Lilligant\n|-ability|p2a: Gyarados|Moxie|boost\n|-boost|p2a: Gyarados|atk|1\n|\n|-heal|p2a: Gyarados|36\/100|[from] item: Leftovers\n|upkeep\n|\n|t:|1700186249\n|switch|p1a: Volcanion|Volcanion|100\/100\n|turn|11\n|\n|t:|1700186256\n|-terastallize|p2a: Gyarados|Ground\n|move|p2a: Gyarados|Earthquake|p1a: Volcanion\n|-supereffective|p1a: Volcanion\n|-damage|p1a: Volcanion|0 fnt\n|faint|p1a: Volcanion\n|-ability|p2a: Gyarados|Moxie|boost\n|-boost|p2a: Gyarados|atk|1\n|\n|-heal|p2a: Gyarados|42\/100|[from] item: Leftovers\n|upkeep\n|\n|t:|1700186261\n|switch|p1a: Heatran|Heatran, F|98\/100\n|turn|12\n|\n|t:|1700186264\n|-terastallize|p1a: Heatran|Grass\n|move|p2a: Gyarados|Waterfall|p1a: Heatran\n|-resisted|p1a: Heatran\n|-damage|p1a: Heatran|41\/100\n|-damage|p2a: Gyarados|26\/100|[from] item: Rocky Helmet|[of] p1a: Heatran\n|move|p1a: Heatran|Tera Blast|p2a: Gyarados|[anim] Tera Blast Grass\n|-supereffective|p2a: Gyarados\n|-crit|p2a: Gyarados\n|-damage|p2a: Gyarados|0 fnt\n|faint|p2a: Gyarados\n|\n|upkeep\n|\n|t:|1700186274\n|switch|p2a: Lokix|Lokix, F|100\/100\n|-status|p2a: Lokix|tox\n|-damage|p2a: Lokix|76\/100 tox|[from] Stealth Rock\n|turn|13\n|\n|t:|1700186290\n|move|p2a: Lokix|Leech Life|p1a: Heatran\n|-supereffective|p1a: Heatran\n|-damage|p1a: Heatran|0 fnt\n|-heal|p2a: Lokix|100\/100 tox|[from] drain|[of] p1a: Heatran\n|-damage|p2a: Lokix|84\/100 tox|[from] item: Rocky Helmet|[of] p1a: Heatran\n|faint|p1a: Heatran\n|\n|-damage|p2a: Lokix|78\/100 tox|[from] psn\n|upkeep\n|\n|t:|1700186293\n|switch|p1a: Enamorus|Enamorus, F|100\/100\n|turn|14\n|\n|t:|1700186299\n|switch|p2a: Skeledirge|Skeledirge, M|100\/100\n|move|p1a: Enamorus|Superpower|p2a: Skeledirge\n|-immune|p2a: Skeledirge\n|\n|upkeep\n|turn|15\n|\n|t:|1700186306\n|move|p1a: Enamorus|Play Rough|p2a: Skeledirge\n|-resisted|p2a: Skeledirge\n|-damage|p2a: Skeledirge|83\/100\n|move|p2a: Skeledirge|Will-O-Wisp|p1a: Enamorus\n|-status|p1a: Enamorus|brn\n|\n|-damage|p1a: Enamorus|94\/100 brn|[from] brn\n|upkeep\n|turn|16\n|-message|Chris5991 forfeited.\n|\n|win|Godspeed06\n|raw|Chris5991's rating: 1271 &rarr; <strong>1240<\/strong><br \/>(-31 for losing)\n|raw|Godspeed06's rating: 1183 &rarr; <strong>1214<\/strong><br \/>(+31 for winning)\n|l|\u2606Chris5991\n","uploadtime":1700186317,"views":18,"p1id":"chris5991","p2id":"godspeed06","formatid":"gen9ou","rating":1214,"private":0,"password":""}