{"id":"gen9ou-1989374951","p1":"Duckycrater","p2":"l3vics","format":"[Gen 9] OU","log":"|j|\u2606Duckycrater\n|j|\u2606l3vics\n|t:|1699842339\n|gametype|singles\n|player|p1|Duckycrater|169|1521\n|player|p2|l3vics|266|1443\n|teamsize|p1|6\n|teamsize|p2|6\n|gen|9\n|tier|[Gen 9] OU\n|rated|\n|rule|Sleep Clause Mod: Limit one foe put to sleep\n|rule|Species Clause: Limit one of each Pok\u00e9mon\n|rule|OHKO Clause: OHKO moves are banned\n|rule|Evasion Items Clause: Evasion items are banned\n|rule|Evasion Moves Clause: Evasion moves are banned\n|rule|Endless Battle Clause: Forcing endless battles is banned\n|rule|HP Percentage Mod: HP is shown in percentages\n|clearpoke\n|poke|p1|Clefable, M|\n|poke|p1|Alomomola, F|\n|poke|p1|Blissey, F|\n|poke|p1|Clodsire, F|\n|poke|p1|Dondozo, M|\n|poke|p1|Amoonguss, F|\n|poke|p2|Hydreigon, M|\n|poke|p2|Sneasler, M|\n|poke|p2|Amoonguss, F|\n|poke|p2|Rotom-Wash|\n|poke|p2|Corviknight, F|\n|poke|p2|Skeledirge, F|\n|teampreview\n|inactive|Battle timer is ON: inactive players will automatically lose when time's up. (requested by l3vics)\n|inactive|Duckycrater also wants the timer to be on.\n|\n|t:|1699842348\n|start\n|switch|p1a: Blissey|Blissey, F|100\/100\n|switch|p2a: Hydreigon|Hydreigon, M|100\/100\n|turn|1\n|\n|t:|1699842362\n|switch|p2a: Corviknight|Corviknight, F|100\/100\n|-ability|p2a: Corviknight|Pressure\n|move|p1a: Blissey|Stealth Rock|p2a: Corviknight\n|-sidestart|p2: l3vics|move: Stealth Rock\n|\n|upkeep\n|turn|2\n|\n|t:|1699842371\n|switch|p1a: Alomomola|Alomomola, F|100\/100\n|move|p2a: Corviknight|Defog|p1a: Alomomola\n|-unboost|p1a: Alomomola|evasion|1\n|-sideend|p2: l3vics|Stealth Rock|[from] move: Defog|[of] p2a: Corviknight\n|\n|upkeep\n|turn|3\n|\n|t:|1699842375\n|move|p2a: Corviknight|Brave Bird|p1a: Alomomola\n|-damage|p1a: Alomomola|82\/100\n|-damage|p2a: Corviknight|92\/100|[from] Recoil\n|move|p1a: Alomomola|Scald|p2a: Corviknight\n|-damage|p2a: Corviknight|80\/100\n|\n|upkeep\n|turn|4\n|\n|t:|1699842384\n|move|p2a: Corviknight|U-turn|p1a: Alomomola\n|-damage|p1a: Alomomola|74\/100\n|\n|t:|1699842388\n|switch|p2a: Amoonguss|Amoonguss, F, shiny|100\/100|[from] U-turn\n|move|p1a: Alomomola|Scald|p2a: Amoonguss\n|-resisted|p2a: Amoonguss\n|-damage|p2a: Amoonguss|94\/100\n|\n|-heal|p2a: Amoonguss|100\/100|[from] item: Black Sludge\n|upkeep\n|turn|5\n|\n|t:|1699842395\n|switch|p1a: Amoonguss|Amoonguss, F|100\/100\n|move|p2a: Amoonguss|Sludge Bomb|p1a: Amoonguss\n|-damage|p1a: Amoonguss|77\/100\n|\n|upkeep\n|turn|6\n|\n|t:|1699842402\n|switch|p1a: Clodsire|Clodsire, F|100\/100\n|move|p2a: Amoonguss|Sludge Bomb|p1a: Clodsire\n|-resisted|p1a: Clodsire\n|-damage|p1a: Clodsire|97\/100\n|\n|upkeep\n|turn|7\n|\n|t:|1699842409\n|switch|p1a: Amoonguss|Amoonguss, F|100\/100\n|move|p2a: Amoonguss|Spore|p1a: Amoonguss\n|-immune|p1a: Amoonguss\n|\n|upkeep\n|turn|8\n|\n|t:|1699842414\n|switch|p1a: Clodsire|Clodsire, F|97\/100\n|move|p2a: Amoonguss|Sludge Bomb|p1a: Clodsire\n|-resisted|p1a: Clodsire\n|-damage|p1a: Clodsire|94\/100\n|\n|upkeep\n|turn|9\n|\n|t:|1699842420\n|switch|p1a: Blissey|Blissey, F|100\/100\n|move|p2a: Amoonguss|Sludge Bomb|p1a: Blissey\n|-damage|p1a: Blissey|93\/100\n|-status|p1a: Blissey|psn\n|\n|-damage|p1a: Blissey|80\/100 psn|[from] psn\n|upkeep\n|turn|10\n|\n|t:|1699842427\n|move|p1a: Blissey|Stealth Rock|p2a: Amoonguss\n|-sidestart|p2: l3vics|move: Stealth Rock\n|move|p2a: Amoonguss|Foul Play|p1a: Blissey\n|-damage|p1a: Blissey|76\/100 psn\n|\n|-damage|p1a: Blissey|64\/100 psn|[from] psn\n|upkeep\n|turn|11\n|\n|t:|1699842440\n|move|p1a: Blissey|Soft-Boiled|p1a: Blissey\n|-heal|p1a: Blissey|100\/100 psn\n|move|p2a: Amoonguss|Grass Knot|p1a: Blissey\n|-damage|p1a: Blissey|96\/100 psn\n|\n|-damage|p1a: Blissey|83\/100 psn|[from] psn\n|upkeep\n|turn|12\n|\n|t:|1699842446\n|-curestatus|p1a: Blissey|psn|[from] ability: Natural Cure\n|switch|p1a: Clodsire|Clodsire, F|94\/100\n|switch|p2a: Corviknight|Corviknight, F|80\/100\n|-damage|p2a: Corviknight|68\/100|[from] Stealth Rock\n|-ability|p2a: Corviknight|Pressure\n|\n|upkeep\n|turn|13\n|\n|t:|1699842455\n|switch|p1a: Alomomola|Alomomola, F|100\/100\n|move|p2a: Corviknight|Brave Bird|p1a: Alomomola\n|-damage|p1a: Alomomola|82\/100\n|-damage|p2a: Corviknight|59\/100|[from] Recoil\n|\n|upkeep\n|turn|14\n|\n|t:|1699842459\n|move|p2a: Corviknight|Roost|p2a: Corviknight\n|-heal|p2a: Corviknight|100\/100\n|-singleturn|p2a: Corviknight|move: Roost\n|move|p1a: Alomomola|Scald|p2a: Corviknight\n|-damage|p2a: Corviknight|87\/100\n|-status|p2a: Corviknight|brn\n|\n|-damage|p2a: Corviknight|81\/100 brn|[from] brn\n|upkeep\n|turn|15\n|\n|t:|1699842463\n|move|p2a: Corviknight|Defog|p1a: Alomomola\n|-unboost|p1a: Alomomola|evasion|1\n|-sideend|p2: l3vics|Stealth Rock|[from] move: Defog|[of] p2a: Corviknight\n|move|p1a: Alomomola|Flip Turn|p2a: Corviknight\n|-damage|p2a: Corviknight|71\/100 brn\n|-damage|p1a: Alomomola|65\/100|[from] item: Rocky Helmet|[of] p2a: Corviknight\n|\n|t:|1699842467\n|switch|p1a: Clefable|Clefable, M|100\/100|[from] Flip Turn\n|\n|-damage|p2a: Corviknight|65\/100 brn|[from] brn\n|upkeep\n|turn|16\n|\n|t:|1699842472\n|move|p2a: Corviknight|U-turn|p1a: Clefable\n|-resisted|p1a: Clefable\n|-damage|p1a: Clefable|97\/100\n|\n|t:|1699842477\n|switch|p2a: Skeledirge|Skeledirge, F|100\/100|[from] U-turn\n|move|p1a: Clefable|Knock Off|p2a: Skeledirge\n|-supereffective|p2a: Skeledirge\n|-damage|p2a: Skeledirge|80\/100\n|-enditem|p2a: Skeledirge|Heavy-Duty Boots|[from] move: Knock Off|[of] p1a: Clefable\n|\n|-heal|p1a: Clefable|100\/100|[from] item: Leftovers\n|upkeep\n|turn|17\n|\n|t:|1699842483\n|switch|p1a: Clodsire|Clodsire, F|94\/100\n|move|p2a: Skeledirge|Torch Song|p1a: Clodsire\n|-damage|p1a: Clodsire|77\/100\n|-boost|p2a: Skeledirge|spa|1\n|\n|upkeep\n|turn|18\n|\n|t:|1699842490\n|switch|p2a: Sneasler|Sneasler, M, shiny|100\/100\n|move|p1a: Clodsire|Poison Jab|p2a: Sneasler\n|-resisted|p2a: Sneasler\n|-damage|p2a: Sneasler|81\/100\n|\n|upkeep\n|turn|19\n|\n|t:|1699842499\n|switch|p1a: Dondozo|Dondozo, M|100\/100\n|move|p2a: Sneasler|Fake Out|p1a: Dondozo\n|-crit|p1a: Dondozo\n|-damage|p1a: Dondozo|90\/100\n|-status|p1a: Dondozo|psn|[from] ability: Poison Touch|[of] p2a: Sneasler\n|\n|-damage|p1a: Dondozo|78\/100 psn|[from] psn\n|upkeep\n|turn|20\n|\n|t:|1699842506\n|move|p2a: Sneasler|U-turn|p1a: Dondozo\n|-damage|p1a: Dondozo|67\/100 psn\n|\n|t:|1699842508\n|switch|p2a: Corviknight|Corviknight, F|65\/100 brn|[from] U-turn\n|-ability|p2a: Corviknight|Pressure\n|move|p1a: Dondozo|Waterfall|p2a: Corviknight\n|-damage|p2a: Corviknight|48\/100 brn\n|-damage|p1a: Dondozo|51\/100 psn|[from] item: Rocky Helmet|[of] p2a: Corviknight\n|\n|-damage|p1a: Dondozo|38\/100 psn|[from] psn\n|-damage|p2a: Corviknight|42\/100 brn|[from] brn\n|upkeep\n|turn|21\n|\n|t:|1699842512\n|move|p2a: Corviknight|Roost|p2a: Corviknight\n|-heal|p2a: Corviknight|92\/100 brn\n|-singleturn|p2a: Corviknight|move: Roost\n|move|p1a: Dondozo|Rest|p1a: Dondozo\n|-status|p1a: Dondozo|slp|[from] move: Rest\n|-heal|p1a: Dondozo|100\/100 slp|[silent]\n|\n|-damage|p2a: Corviknight|86\/100 brn|[from] brn\n|upkeep\n|turn|22\n|\n|t:|1699842520\n|switch|p1a: Clefable|Clefable, M|100\/100\n|move|p2a: Corviknight|U-turn|p1a: Clefable\n|-resisted|p1a: Clefable\n|-crit|p1a: Clefable\n|-damage|p1a: Clefable|96\/100\n|\n|t:|1699842524\n|switch|p2a: Sneasler|Sneasler, M, shiny|81\/100|[from] U-turn\n|\n|-heal|p1a: Clefable|100\/100|[from] item: Leftovers\n|upkeep\n|turn|23\n|\n|t:|1699842528\n|switch|p1a: Dondozo|Dondozo, M|100\/100 slp\n|move|p2a: Sneasler|Dire Claw|p1a: Dondozo\n|-damage|p1a: Dondozo|81\/100 slp\n|\n|upkeep\n|turn|24\n|\n|t:|1699842534\n|move|p2a: Sneasler|U-turn|p1a: Dondozo\n|-damage|p1a: Dondozo|69\/100 slp\n|\n|t:|1699842536\n|switch|p2a: Rotom|Rotom-Wash, shiny|100\/100|[from] U-turn\n|cant|p1a: Dondozo|slp\n|move|p1a: Dondozo|Sleep Talk|p1a: Dondozo\n|move|p1a: Dondozo|Rest||[from]move: Sleep Talk|[still]\n|-fail|p1a: Dondozo\n|\n|upkeep\n|turn|25\n|\n|t:|1699842542\n|switch|p1a: Blissey|Blissey, F|83\/100\n|move|p2a: Rotom|Thunder Wave|p1a: Blissey\n|-status|p1a: Blissey|par\n|\n|upkeep\n|turn|26\n|\n|t:|1699842549\n|move|p2a: Rotom|Volt Switch|p1a: Blissey\n|-damage|p1a: Blissey|76\/100 par\n|\n|t:|1699842554\n|switch|p2a: Sneasler|Sneasler, M, shiny|81\/100|[from] Volt Switch\n|move|p1a: Blissey|Stealth Rock|p2a: Sneasler\n|-sidestart|p2: l3vics|move: Stealth Rock\n|\n|upkeep\n|turn|27\n|\n|t:|1699842568\n|-curestatus|p1a: Blissey|par|[from] ability: Natural Cure\n|switch|p1a: Dondozo|Dondozo, M|69\/100 slp\n|move|p2a: Sneasler|Dire Claw|p1a: Dondozo\n|-damage|p1a: Dondozo|52\/100 slp\n|\n|upkeep\n|turn|28\n|\n|t:|1699842579\n|move|p2a: Sneasler|U-turn|p1a: Dondozo\n|-damage|p1a: Dondozo|40\/100 slp\n|\n|t:|1699842593\n|switch|p2a: Hydreigon|Hydreigon, M|100\/100|[from] U-turn\n|-damage|p2a: Hydreigon|88\/100|[from] Stealth Rock\n|cant|p1a: Dondozo|slp\n|move|p1a: Dondozo|Sleep Talk|p1a: Dondozo\n|move|p1a: Dondozo|Waterfall|p2a: Hydreigon|[from]move: Sleep Talk\n|-resisted|p2a: Hydreigon\n|-damage|p2a: Hydreigon|72\/100\n|\n|-heal|p2a: Hydreigon|78\/100|[from] item: Leftovers\n|upkeep\n|turn|29\n|\n|t:|1699842607\n|switch|p1a: Blissey|Blissey, F|76\/100\n|move|p2a: Hydreigon|Nasty Plot|p2a: Hydreigon\n|-boost|p2a: Hydreigon|spa|2\n|\n|-heal|p2a: Hydreigon|84\/100|[from] item: Leftovers\n|upkeep\n|turn|30\n|\n|t:|1699842617\n|switch|p2a: Corviknight|Corviknight, F|86\/100 brn\n|-damage|p2a: Corviknight|74\/100 brn|[from] Stealth Rock\n|-ability|p2a: Corviknight|Pressure\n|move|p1a: Blissey|Seismic Toss|p2a: Corviknight\n|-damage|p2a: Corviknight|49\/100 brn\n|-damage|p1a: Blissey|59\/100|[from] item: Rocky Helmet|[of] p2a: Corviknight\n|\n|-damage|p2a: Corviknight|43\/100 brn|[from] brn\n|upkeep\n|turn|31\n|\n|t:|1699842623\n|switch|p1a: Dondozo|Dondozo, M|40\/100 slp\n|move|p2a: Corviknight|Roost|p2a: Corviknight\n|-heal|p2a: Corviknight|93\/100 brn\n|-singleturn|p2a: Corviknight|move: Roost\n|\n|-damage|p2a: Corviknight|87\/100 brn|[from] brn\n|upkeep\n|turn|32\n|\n|t:|1699842629\n|move|p2a: Corviknight|Defog|p1a: Dondozo\n|-unboost|p1a: Dondozo|evasion|1\n|-sideend|p2: l3vics|Stealth Rock|[from] move: Defog|[of] p2a: Corviknight\n|-curestatus|p1a: Dondozo|slp|[msg]\n|move|p1a: Dondozo|Rest|p1a: Dondozo\n|-status|p1a: Dondozo|slp|[from] move: Rest\n|-heal|p1a: Dondozo|100\/100 slp|[silent]\n|\n|-damage|p2a: Corviknight|81\/100 brn|[from] brn\n|upkeep\n|turn|33\n|\n|t:|1699842636\n|move|p2a: Corviknight|U-turn|p1a: Dondozo\n|-damage|p1a: Dondozo|98\/100 slp\n|\n|t:|1699842639\n|switch|p2a: Rotom|Rotom-Wash, shiny|100\/100|[from] U-turn\n|cant|p1a: Dondozo|slp\n|move|p1a: Dondozo|Sleep Talk|p1a: Dondozo\n|move|p1a: Dondozo|Body Press|p2a: Rotom|[from]move: Sleep Talk\n|-damage|p2a: Rotom|70\/100\n|\n|-heal|p2a: Rotom|76\/100|[from] item: Leftovers\n|upkeep\n|turn|34\n|\n|t:|1699842647\n|switch|p1a: Blissey|Blissey, F|59\/100\n|move|p2a: Rotom|Hydro Pump|p1a: Blissey|[miss]\n|-miss|p2a: Rotom|p1a: Blissey\n|\n|-heal|p2a: Rotom|82\/100|[from] item: Leftovers\n|upkeep\n|turn|35\n|\n|t:|1699842652\n|move|p2a: Rotom|Volt Switch|p1a: Blissey\n|-damage|p1a: Blissey|52\/100\n|\n|t:|1699842656\n|switch|p2a: Corviknight|Corviknight, F|81\/100 brn|[from] Volt Switch\n|-ability|p2a: Corviknight|Pressure\n|move|p1a: Blissey|Stealth Rock|p2a: Corviknight\n|-sidestart|p2: l3vics|move: Stealth Rock\n|\n|-damage|p2a: Corviknight|75\/100 brn|[from] brn\n|upkeep\n|turn|36\n|\n|t:|1699842661\n|switch|p1a: Dondozo|Dondozo, M|98\/100 slp\n|move|p2a: Corviknight|Defog|p1a: Dondozo\n|-unboost|p1a: Dondozo|evasion|1\n|-sideend|p2: l3vics|Stealth Rock|[from] move: Defog|[of] p2a: Corviknight\n|\n|-damage|p2a: Corviknight|69\/100 brn|[from] brn\n|upkeep\n|turn|37\n|\n|t:|1699842668\n|move|p2a: Corviknight|U-turn|p1a: Dondozo\n|-damage|p1a: Dondozo|95\/100 slp\n|\n|t:|1699842677\n|switch|p2a: Hydreigon|Hydreigon, M|84\/100|[from] U-turn\n|cant|p1a: Dondozo|slp\n|move|p1a: Dondozo|Sleep Talk|p1a: Dondozo\n|move|p1a: Dondozo|Rest||[from]move: Sleep Talk|[still]\n|-fail|p1a: Dondozo\n|\n|-heal|p2a: Hydreigon|90\/100|[from] item: Leftovers\n|upkeep\n|turn|38\n|\n|t:|1699842683\n|switch|p1a: Clodsire|Clodsire, F|77\/100\n|move|p2a: Hydreigon|Earth Power|p1a: Clodsire\n|-supereffective|p1a: Clodsire\n|-damage|p1a: Clodsire|46\/100\n|\n|-heal|p2a: Hydreigon|96\/100|[from] item: Leftovers\n|upkeep\n|turn|39\n|\n|t:|1699842693\n|-terastallize|p2a: Hydreigon|Steel\n|move|p2a: Hydreigon|Substitute|p2a: Hydreigon\n|-start|p2a: Hydreigon|Substitute\n|-damage|p2a: Hydreigon|71\/100\n|move|p1a: Clodsire|Recover|p1a: Clodsire\n|-heal|p1a: Clodsire|96\/100\n|\n|-heal|p2a: Hydreigon|77\/100|[from] item: Leftovers\n|upkeep\n|turn|40\n|\n|t:|1699842700\n|move|p2a: Hydreigon|Earth Power|p1a: Clodsire\n|-supereffective|p1a: Clodsire\n|-damage|p1a: Clodsire|64\/100\n|move|p1a: Clodsire|Amnesia|p1a: Clodsire\n|-boost|p1a: Clodsire|spd|2\n|\n|-heal|p2a: Hydreigon|84\/100|[from] item: Leftovers\n|upkeep\n|turn|41\n|\n|t:|1699842706\n|move|p2a: Hydreigon|Earth Power|p1a: Clodsire\n|-supereffective|p1a: Clodsire\n|-damage|p1a: Clodsire|47\/100\n|move|p1a: Clodsire|Amnesia|p1a: Clodsire\n|-boost|p1a: Clodsire|spd|2\n|\n|-heal|p2a: Hydreigon|90\/100|[from] item: Leftovers\n|upkeep\n|turn|42\n|\n|t:|1699842717\n|move|p2a: Hydreigon|Earth Power|p1a: Clodsire\n|-supereffective|p1a: Clodsire\n|-damage|p1a: Clodsire|36\/100\n|move|p1a: Clodsire|Recover|p1a: Clodsire\n|-heal|p1a: Clodsire|86\/100\n|\n|-heal|p2a: Hydreigon|96\/100|[from] item: Leftovers\n|upkeep\n|turn|43\n|\n|t:|1699842726\n|switch|p2a: Amoonguss|Amoonguss, F, shiny|100\/100\n|move|p1a: Clodsire|Spikes|p2a: Amoonguss\n|-sidestart|p2: l3vics|Spikes\n|\n|upkeep\n|turn|44\n|\n|t:|1699842732\n|switch|p1a: Blissey|Blissey, F|52\/100\n|move|p2a: Amoonguss|Spore|p1a: Blissey\n|-status|p1a: Blissey|slp|[from] move: Spore\n|\n|upkeep\n|turn|45\n|\n|t:|1699842747\n|-curestatus|p1a: Blissey|slp|[from] ability: Natural Cure\n|switch|p1a: Amoonguss|Amoonguss, F|100\/100\n|switch|p2a: Hydreigon|Hydreigon, M, tera:Steel|96\/100\n|\n|-heal|p2a: Hydreigon|100\/100|[from] item: Leftovers\n|upkeep\n|turn|46\n|\n|t:|1699842760\n|switch|p1a: Blissey|Blissey, F|52\/100\n|move|p2a: Hydreigon|Earth Power|p1a: Blissey\n|-damage|p1a: Blissey|43\/100\n|\n|upkeep\n|turn|47\n|\n|t:|1699842766\n|switch|p2a: Corviknight|Corviknight, F|69\/100 brn\n|-ability|p2a: Corviknight|Pressure\n|move|p1a: Blissey|Soft-Boiled|p1a: Blissey\n|-heal|p1a: Blissey|93\/100\n|\n|-damage|p2a: Corviknight|63\/100 brn|[from] brn\n|upkeep\n|turn|48\n|\n|t:|1699842774\n|switch|p1a: Alomomola|Alomomola, F|98\/100\n|move|p2a: Corviknight|U-turn|p1a: Alomomola\n|-damage|p1a: Alomomola|95\/100\n|\n|t:|1699842777\n|switch|p2a: Rotom|Rotom-Wash, shiny|82\/100|[from] U-turn\n|\n|-heal|p2a: Rotom|89\/100|[from] item: Leftovers\n|upkeep\n|turn|49\n|\n|t:|1699842780\n|switch|p1a: Blissey|Blissey, F|93\/100\n|move|p2a: Rotom|Volt Switch|p1a: Blissey\n|-damage|p1a: Blissey|86\/100\n|\n|t:|1699842783\n|switch|p2a: Corviknight|Corviknight, F|63\/100 brn|[from] Volt Switch\n|-ability|p2a: Corviknight|Pressure\n|\n|-damage|p2a: Corviknight|57\/100 brn|[from] brn\n|upkeep\n|turn|50\n|\n|t:|1699842785\n|switch|p1a: Alomomola|Alomomola, F|100\/100\n|move|p2a: Corviknight|Defog|p1a: Alomomola\n|-unboost|p1a: Alomomola|evasion|1\n|-sideend|p2: l3vics|Spikes|[from] move: Defog|[of] p2a: Corviknight\n|\n|-damage|p2a: Corviknight|51\/100 brn|[from] brn\n|upkeep\n|turn|51\n|\n|t:|1699842791\n|switch|p1a: Amoonguss|Amoonguss, F|100\/100\n|move|p2a: Corviknight|Roost|p2a: Corviknight\n|-heal|p2a: Corviknight|100\/100 brn\n|-singleturn|p2a: Corviknight|move: Roost\n|\n|-damage|p2a: Corviknight|94\/100 brn|[from] brn\n|upkeep\n|turn|52\n|\n|t:|1699842795\n|switch|p1a: Alomomola|Alomomola, F|100\/100\n|move|p2a: Corviknight|Brave Bird|p1a: Alomomola\n|-damage|p1a: Alomomola|90\/100\n|-damage|p2a: Corviknight|90\/100 brn|[from] Recoil\n|\n|-damage|p2a: Corviknight|84\/100 brn|[from] brn\n|upkeep\n|turn|53\n|\n|t:|1699842798\n|switch|p1a: Amoonguss|Amoonguss, F|100\/100\n|move|p2a: Corviknight|U-turn|p1a: Amoonguss\n|-damage|p1a: Amoonguss|95\/100\n|\n|t:|1699842816\n|switch|p2a: Skeledirge|Skeledirge, F|80\/100|[from] U-turn\n|\n|upkeep\n|turn|54\n|\n|t:|1699842834\n|move|p2a: Skeledirge|Will-O-Wisp|p1a: Amoonguss\n|-status|p1a: Amoonguss|brn\n|move|p1a: Amoonguss|Toxic|p2a: Skeledirge\n|-status|p2a: Skeledirge|tox\n|\n|-damage|p2a: Skeledirge|73\/100 tox|[from] psn\n|-damage|p1a: Amoonguss|89\/100 brn|[from] brn\n|upkeep\n|turn|55\n|\n|t:|1699842846\n|switch|p1a: Blissey|Blissey, F|86\/100\n|move|p2a: Skeledirge|Torch Song|p1a: Blissey\n|-damage|p1a: Blissey|78\/100\n|-boost|p2a: Skeledirge|spa|1\n|\n|-damage|p2a: Skeledirge|61\/100 tox|[from] psn\n|upkeep\n|turn|56\n|\n|t:|1699842852\n|switch|p2a: Corviknight|Corviknight, F|84\/100 brn\n|-ability|p2a: Corviknight|Pressure\n|move|p1a: Blissey|Stealth Rock|p2a: Corviknight\n|-sidestart|p2: l3vics|move: Stealth Rock\n|\n|-damage|p2a: Corviknight|78\/100 brn|[from] brn\n|upkeep\n|turn|57\n|\n|t:|1699842858\n|switch|p1a: Amoonguss|Amoonguss, F|100\/100 brn\n|move|p2a: Corviknight|Defog|p1a: Amoonguss\n|-unboost|p1a: Amoonguss|evasion|1\n|-sideend|p2: l3vics|Stealth Rock|[from] move: Defog|[of] p2a: Corviknight\n|\n|-damage|p2a: Corviknight|72\/100 brn|[from] brn\n|-damage|p1a: Amoonguss|94\/100 brn|[from] brn\n|upkeep\n|turn|58\n|\n|t:|1699842862\n|switch|p1a: Alomomola|Alomomola, F|100\/100\n|move|p2a: Corviknight|Brave Bird|p1a: Alomomola\n|-damage|p1a: Alomomola|91\/100\n|-damage|p2a: Corviknight|68\/100 brn|[from] Recoil\n|\n|-damage|p2a: Corviknight|62\/100 brn|[from] brn\n|upkeep\n|turn|59\n|\n|t:|1699842869\n|switch|p1a: Amoonguss|Amoonguss, F|100\/100 brn\n|move|p2a: Corviknight|U-turn|p1a: Amoonguss\n|-damage|p1a: Amoonguss|95\/100 brn\n|\n|t:|1699842873\n|switch|p2a: Sneasler|Sneasler, M, shiny|81\/100|[from] U-turn\n|\n|-damage|p1a: Amoonguss|89\/100 brn|[from] brn\n|upkeep\n|turn|60\n|\n|t:|1699842877\n|switch|p1a: Dondozo|Dondozo, M|95\/100 slp\n|move|p2a: Sneasler|Dire Claw|p1a: Dondozo\n|-damage|p1a: Dondozo|75\/100 slp\n|\n|upkeep\n|turn|61\n|\n|t:|1699842882\n|move|p2a: Sneasler|Dire Claw|p1a: Dondozo\n|-damage|p1a: Dondozo|56\/100 slp\n|-curestatus|p1a: Dondozo|slp|[msg]\n|move|p1a: Dondozo|Waterfall|p2a: Sneasler\n|-damage|p2a: Sneasler|35\/100\n|\n|upkeep\n|turn|62\n|\n|t:|1699842889\n|move|p2a: Sneasler|U-turn|p1a: Dondozo\n|-damage|p1a: Dondozo|45\/100\n|\n|t:|1699842897\n|switch|p2a: Corviknight|Corviknight, F|62\/100 brn|[from] U-turn\n|-ability|p2a: Corviknight|Pressure\n|move|p1a: Dondozo|Rest|p1a: Dondozo\n|-status|p1a: Dondozo|slp|[from] move: Rest\n|-heal|p1a: Dondozo|100\/100 slp|[silent]\n|\n|-damage|p2a: Corviknight|56\/100 brn|[from] brn\n|upkeep\n|turn|63\n|\n|t:|1699842907\n|move|p2a: Corviknight|Roost|p2a: Corviknight\n|-heal|p2a: Corviknight|100\/100 brn\n|-singleturn|p2a: Corviknight|move: Roost\n|cant|p1a: Dondozo|slp\n|move|p1a: Dondozo|Sleep Talk|p1a: Dondozo\n|move|p1a: Dondozo|Rest||[from]move: Sleep Talk|[still]\n|-fail|p1a: Dondozo\n|\n|-damage|p2a: Corviknight|94\/100 brn|[from] brn\n|upkeep\n|turn|64\n|\n|t:|1699842914\n|move|p2a: Corviknight|U-turn|p1a: Dondozo\n|-damage|p1a: Dondozo|97\/100 slp\n|\n|t:|1699842917\n|switch|p2a: Amoonguss|Amoonguss, F, shiny|100\/100|[from] U-turn\n|cant|p1a: Dondozo|slp\n|move|p1a: Dondozo|Sleep Talk|p1a: Dondozo\n|move|p1a: Dondozo|Rest||[from]move: Sleep Talk|[still]\n|-fail|p1a: Dondozo\n|\n|upkeep\n|turn|65\n|\n|t:|1699842920\n|switch|p1a: Amoonguss|Amoonguss, F|100\/100 brn\n|move|p2a: Amoonguss|Spore|p1a: Amoonguss\n|-immune|p1a: Amoonguss\n|\n|-damage|p1a: Amoonguss|94\/100 brn|[from] brn\n|upkeep\n|turn|66\n|\n|t:|1699842927\n|switch|p1a: Blissey|Blissey, F|78\/100\n|move|p2a: Amoonguss|Sludge Bomb|p1a: Blissey\n|-damage|p1a: Blissey|70\/100\n|\n|upkeep\n|turn|67\n|\n|t:|1699842933\n|move|p1a: Blissey|Stealth Rock|p2a: Amoonguss\n|-sidestart|p2: l3vics|move: Stealth Rock\n|move|p2a: Amoonguss|Spore|p1a: Blissey\n|-status|p1a: Blissey|slp|[from] move: Spore\n|\n|upkeep\n|turn|68\n|\n|t:|1699842940\n|-curestatus|p1a: Blissey|slp|[from] ability: Natural Cure\n|switch|p1a: Amoonguss|Amoonguss, F|100\/100 brn\n|move|p2a: Amoonguss|Sludge Bomb|p1a: Amoonguss\n|-damage|p1a: Amoonguss|77\/100 brn\n|\n|-damage|p1a: Amoonguss|71\/100 brn|[from] brn\n|upkeep\n|turn|69\n|\n|t:|1699842946\n|switch|p1a: Blissey|Blissey, F|70\/100\n|move|p2a: Amoonguss|Sludge Bomb|p1a: Blissey\n|-damage|p1a: Blissey|62\/100\n|-status|p1a: Blissey|psn\n|\n|-damage|p1a: Blissey|50\/100 psn|[from] psn\n|upkeep\n|turn|70\n|\n|t:|1699842951\n|move|p1a: Blissey|Soft-Boiled|p1a: Blissey\n|-heal|p1a: Blissey|99\/100 psn\n|move|p2a: Amoonguss|Sludge Bomb|p1a: Blissey\n|-damage|p1a: Blissey|92\/100 psn\n|\n|-damage|p1a: Blissey|79\/100 psn|[from] psn\n|upkeep\n|turn|71\n|\n|t:|1699842961\n|-curestatus|p1a: Blissey|psn|[from] ability: Natural Cure\n|switch|p1a: Amoonguss|Amoonguss, F|100\/100 brn\n|switch|p2a: Hydreigon|Hydreigon, M, tera:Steel|100\/100\n|-damage|p2a: Hydreigon|94\/100|[from] Stealth Rock\n|\n|-heal|p2a: Hydreigon|100\/100|[from] item: Leftovers\n|-damage|p1a: Amoonguss|94\/100 brn|[from] brn\n|upkeep\n|turn|72\n|\n|t:|1699842972\n|switch|p1a: Blissey|Blissey, F|79\/100\n|move|p2a: Hydreigon|Dark Pulse|p1a: Blissey\n|-damage|p1a: Blissey|68\/100\n|\n|upkeep\n|turn|73\n|\n|t:|1699842982\n|move|p2a: Hydreigon|Nasty Plot|p2a: Hydreigon\n|-boost|p2a: Hydreigon|spa|2\n|move|p1a: Blissey|Seismic Toss|p2a: Hydreigon\n|-damage|p2a: Hydreigon|70\/100\n|\n|-heal|p2a: Hydreigon|76\/100|[from] item: Leftovers\n|upkeep\n|turn|74\n|\n|t:|1699842987\n|move|p2a: Hydreigon|Earth Power|p1a: Blissey\n|-damage|p1a: Blissey|51\/100\n|move|p1a: Blissey|Soft-Boiled|p1a: Blissey\n|-heal|p1a: Blissey|100\/100\n|\n|-heal|p2a: Hydreigon|82\/100|[from] item: Leftovers\n|upkeep\n|turn|75\n|\n|t:|1699842998\n|switch|p2a: Corviknight|Corviknight, F|94\/100 brn\n|-damage|p2a: Corviknight|82\/100 brn|[from] Stealth Rock\n|-ability|p2a: Corviknight|Pressure\n|move|p1a: Blissey|Seismic Toss|p2a: Corviknight\n|-damage|p2a: Corviknight|57\/100 brn\n|-damage|p1a: Blissey|84\/100|[from] item: Rocky Helmet|[of] p2a: Corviknight\n|\n|-damage|p2a: Corviknight|51\/100 brn|[from] brn\n|upkeep\n|turn|76\n|\n|t:|1699843006\n|switch|p1a: Alomomola|Alomomola, F|100\/100\n|move|p2a: Corviknight|Roost|p2a: Corviknight\n|-heal|p2a: Corviknight|100\/100 brn\n|-singleturn|p2a: Corviknight|move: Roost\n|\n|-damage|p2a: Corviknight|94\/100 brn|[from] brn\n|upkeep\n|turn|77\n|\n|t:|1699843011\n|switch|p1a: Amoonguss|Amoonguss, F|100\/100 brn\n|move|p2a: Corviknight|Defog|p1a: Amoonguss\n|-unboost|p1a: Amoonguss|evasion|1\n|-sideend|p2: l3vics|Stealth Rock|[from] move: Defog|[of] p2a: Corviknight\n|\n|-damage|p2a: Corviknight|88\/100 brn|[from] brn\n|-damage|p1a: Amoonguss|94\/100 brn|[from] brn\n|upkeep\n|turn|78\n|\n|t:|1699843018\n|move|p2a: Corviknight|Defog|p1a: Amoonguss\n|-unboost|p1a: Amoonguss|evasion|1\n|move|p1a: Amoonguss|Toxic||[still]\n|-fail|p1a: Amoonguss\n|\n|-damage|p2a: Corviknight|82\/100 brn|[from] brn\n|-damage|p1a: Amoonguss|88\/100 brn|[from] brn\n|upkeep\n|turn|79\n|\n|t:|1699843024\n|switch|p1a: Alomomola|Alomomola, F|100\/100\n|move|p2a: Corviknight|Brave Bird|p1a: Alomomola\n|-damage|p1a: Alomomola|91\/100\n|-damage|p2a: Corviknight|78\/100 brn|[from] Recoil\n|\n|-damage|p2a: Corviknight|72\/100 brn|[from] brn\n|upkeep\n|turn|80\n|\n|t:|1699843029\n|switch|p1a: Amoonguss|Amoonguss, F|100\/100 brn\n|move|p2a: Corviknight|Brave Bird|p1a: Amoonguss\n|-supereffective|p1a: Amoonguss\n|-damage|p1a: Amoonguss|72\/100 brn\n|-damage|p2a: Corviknight|62\/100 brn|[from] Recoil\n|\n|-damage|p2a: Corviknight|56\/100 brn|[from] brn\n|-damage|p1a: Amoonguss|66\/100 brn|[from] brn\n|upkeep\n|turn|81\n|\n|t:|1699843041\n|switch|p1a: Alomomola|Alomomola, F|100\/100\n|move|p2a: Corviknight|U-turn|p1a: Alomomola\n|-damage|p1a: Alomomola|97\/100\n|\n|t:|1699843043\n|switch|p2a: Rotom|Rotom-Wash, shiny|89\/100|[from] U-turn\n|\n|-heal|p2a: Rotom|95\/100|[from] item: Leftovers\n|upkeep\n|turn|82\n|\n|t:|1699843047\n|switch|p1a: Blissey|Blissey, F|84\/100\n|move|p2a: Rotom|Thunder Wave|p1a: Blissey\n|-status|p1a: Blissey|par\n|\n|-heal|p2a: Rotom|100\/100|[from] item: Leftovers\n|upkeep\n|turn|83\n|\n|t:|1699843053\n|move|p2a: Rotom|Volt Switch|p1a: Blissey\n|-damage|p1a: Blissey|77\/100 par\n|\n|t:|1699843056\n|switch|p2a: Sneasler|Sneasler, M, shiny|35\/100|[from] Volt Switch\n|cant|p1a: Blissey|par\n|\n|upkeep\n|turn|84\n|\n|t:|1699843061\n|-curestatus|p1a: Blissey|par|[from] ability: Natural Cure\n|switch|p1a: Dondozo|Dondozo, M|97\/100 slp\n|move|p2a: Sneasler|Close Combat|p1a: Dondozo\n|-damage|p1a: Dondozo|69\/100 slp\n|-unboost|p2a: Sneasler|def|1\n|-unboost|p2a: Sneasler|spd|1\n|\n|upkeep\n|turn|85\n|\n|t:|1699843068\n|move|p2a: Sneasler|U-turn|p1a: Dondozo\n|-damage|p1a: Dondozo|58\/100 slp\n|\n|t:|1699843072\n|switch|p2a: Corviknight|Corviknight, F|56\/100 brn|[from] U-turn\n|-ability|p2a: Corviknight|Pressure\n|-curestatus|p1a: Dondozo|slp|[msg]\n|move|p1a: Dondozo|Waterfall|p2a: Corviknight\n|-damage|p2a: Corviknight|40\/100 brn\n|-damage|p1a: Dondozo|42\/100|[from] item: Rocky Helmet|[of] p2a: Corviknight\n|\n|-damage|p2a: Corviknight|34\/100 brn|[from] brn\n|upkeep\n|turn|86\n|\n|t:|1699843082\n|move|p2a: Corviknight|Roost|p2a: Corviknight\n|-heal|p2a: Corviknight|84\/100 brn\n|-singleturn|p2a: Corviknight|move: Roost\n|move|p1a: Dondozo|Body Press|p2a: Corviknight\n|-supereffective|p2a: Corviknight\n|-damage|p2a: Corviknight|52\/100 brn\n|-damage|p1a: Dondozo|25\/100|[from] item: Rocky Helmet|[of] p2a: Corviknight\n|\n|-damage|p2a: Corviknight|46\/100 brn|[from] brn\n|upkeep\n|turn|87\n|\n|t:|1699843089\n|move|p2a: Corviknight|U-turn|p1a: Dondozo\n|-damage|p1a: Dondozo|22\/100\n|\n|t:|1699843094\n|switch|p2a: Rotom|Rotom-Wash, shiny|100\/100|[from] U-turn\n|move|p1a: Dondozo|Rest|p1a: Dondozo\n|-status|p1a: Dondozo|slp|[from] move: Rest\n|-heal|p1a: Dondozo|100\/100 slp|[silent]\n|\n|upkeep\n|turn|88\n|\n|t:|1699843100\n|switch|p1a: Clodsire|Clodsire, F|86\/100\n|move|p2a: Rotom|Thunder Wave|p1a: Clodsire\n|-immune|p1a: Clodsire\n|\n|upkeep\n|turn|89\n|\n|t:|1699843104\n|switch|p1a: Blissey|Blissey, F|77\/100\n|move|p2a: Rotom|Hydro Pump|p1a: Blissey\n|-damage|p1a: Blissey|66\/100\n|\n|upkeep\n|turn|90\n|\n|t:|1699843110\n|move|p2a: Rotom|Volt Switch|p1a: Blissey\n|-damage|p1a: Blissey|58\/100\n|\n|t:|1699843115\n|switch|p2a: Sneasler|Sneasler, M, shiny|35\/100|[from] Volt Switch\n|move|p1a: Blissey|Soft-Boiled|p1a: Blissey\n|-heal|p1a: Blissey|100\/100\n|\n|upkeep\n|turn|91\n|\n|t:|1699843122\n|switch|p1a: Amoonguss|Amoonguss, F|99\/100 brn\n|move|p2a: Sneasler|Close Combat|p1a: Amoonguss\n|-resisted|p1a: Amoonguss\n|-damage|p1a: Amoonguss|76\/100 brn\n|-unboost|p2a: Sneasler|def|1\n|-unboost|p2a: Sneasler|spd|1\n|\n|-damage|p1a: Amoonguss|70\/100 brn|[from] brn\n|upkeep\n|turn|92\n|\n|t:|1699843128\n|switch|p1a: Dondozo|Dondozo, M|100\/100 slp\n|move|p2a: Sneasler|U-turn|p1a: Dondozo\n|-damage|p1a: Dondozo|90\/100 slp\n|\n|t:|1699843140\n|switch|p2a: Rotom|Rotom-Wash, shiny|100\/100|[from] U-turn\n|\n|upkeep\n|turn|93\n|\n|t:|1699843145\n|switch|p1a: Clodsire|Clodsire, F|86\/100\n|move|p2a: Rotom|Thunder Wave|p1a: Clodsire\n|-immune|p1a: Clodsire\n|\n|upkeep\n|turn|94\n|\n|t:|1699843150\n|switch|p1a: Blissey|Blissey, F|100\/100\n|move|p2a: Rotom|Thunder Wave|p1a: Blissey\n|-status|p1a: Blissey|par\n|\n|upkeep\n|turn|95\n|\n|t:|1699843156\n|move|p2a: Rotom|Volt Switch|p1a: Blissey\n|-damage|p1a: Blissey|94\/100 par\n|\n|t:|1699843159\n|switch|p2a: Skeledirge|Skeledirge, F|61\/100 tox|[from] Volt Switch\n|cant|p1a: Blissey|par\n|\n|-damage|p2a: Skeledirge|55\/100 tox|[from] psn\n|upkeep\n|turn|96\n|\n|t:|1699843162\n|move|p2a: Skeledirge|Slack Off|p2a: Skeledirge\n|-heal|p2a: Skeledirge|100\/100 tox\n|move|p1a: Blissey|Stealth Rock|p2a: Skeledirge\n|-sidestart|p2: l3vics|move: Stealth Rock\n|\n|-damage|p2a: Skeledirge|88\/100 tox|[from] psn\n|upkeep\n|turn|97\n|\n|t:|1699843168\n|-curestatus|p1a: Blissey|par|[from] ability: Natural Cure\n|switch|p1a: Clodsire|Clodsire, F|86\/100\n|move|p2a: Skeledirge|Hex|p1a: Clodsire\n|-damage|p1a: Clodsire|73\/100\n|\n|-damage|p2a: Skeledirge|70\/100 tox|[from] psn\n|upkeep\n|turn|98\n|\n|t:|1699843174\n|switch|p2a: Corviknight|Corviknight, F|46\/100 brn\n|-damage|p2a: Corviknight|34\/100 brn|[from] Stealth Rock\n|-ability|p2a: Corviknight|Pressure\n|switch|p1a: Blissey|Blissey, F|94\/100\n|\n|-damage|p2a: Corviknight|28\/100 brn|[from] brn\n|upkeep\n|turn|99\n|\n|t:|1699843181\n|switch|p1a: Alomomola|Alomomola, F|100\/100\n|move|p2a: Corviknight|Roost|p2a: Corviknight\n|-heal|p2a: Corviknight|78\/100 brn\n|-singleturn|p2a: Corviknight|move: Roost\n|\n|-damage|p2a: Corviknight|72\/100 brn|[from] brn\n|upkeep\n|turn|100\n|\n|t:|1699843186\n|switch|p1a: Clefable|Clefable, M|100\/100\n|move|p2a: Corviknight|Defog|p1a: Clefable\n|-unboost|p1a: Clefable|evasion|1\n|-sideend|p2: l3vics|Stealth Rock|[from] move: Defog|[of] p2a: Corviknight\n|\n|-damage|p2a: Corviknight|66\/100 brn|[from] brn\n|upkeep\n|turn|101\n|\n|t:|1699843189\n|move|p2a: Corviknight|U-turn|p1a: Clefable\n|-resisted|p1a: Clefable\n|-damage|p1a: Clefable|98\/100\n|\n|t:|1699843194\n|switch|p2a: Amoonguss|Amoonguss, F, shiny|100\/100|[from] U-turn\n|move|p1a: Clefable|Knock Off|p2a: Amoonguss\n|-damage|p2a: Amoonguss|88\/100\n|-enditem|p2a: Amoonguss|Black Sludge|[from] move: Knock Off|[of] p1a: Clefable\n|\n|-heal|p1a: Clefable|100\/100|[from] item: Leftovers\n|upkeep\n|turn|102\n|\n|t:|1699843201\n|switch|p1a: Amoonguss|Amoonguss, F|100\/100 brn\n|switch|p2a: Skeledirge|Skeledirge, F|70\/100 tox\n|\n|-damage|p2a: Skeledirge|64\/100 tox|[from] psn\n|-damage|p1a: Amoonguss|94\/100 brn|[from] brn\n|upkeep\n|turn|103\n|\n|t:|1699843210\n|switch|p1a: Blissey|Blissey, F|94\/100\n|move|p2a: Skeledirge|Torch Song|p1a: Blissey\n|-damage|p1a: Blissey|86\/100\n|-boost|p2a: Skeledirge|spa|1\n|\n|-damage|p2a: Skeledirge|52\/100 tox|[from] psn\n|upkeep\n|turn|104\n|\n|t:|1699843215\n|move|p2a: Skeledirge|Slack Off|p2a: Skeledirge\n|-heal|p2a: Skeledirge|100\/100 tox\n|move|p1a: Blissey|Stealth Rock|p2a: Skeledirge\n|-sidestart|p2: l3vics|move: Stealth Rock\n|\n|-damage|p2a: Skeledirge|82\/100 tox|[from] psn\n|upkeep\n|turn|105\n|\n|t:|1699843219\n|move|p1a: Blissey|Protect|p1a: Blissey\n|-singleturn|p1a: Blissey|Protect\n|move|p2a: Skeledirge|Will-O-Wisp|p1a: Blissey\n|-activate|p1a: Blissey|move: Protect\n|\n|-damage|p2a: Skeledirge|58\/100 tox|[from] psn\n|upkeep\n|turn|106\n|\n|t:|1699843227\n|move|p2a: Skeledirge|Slack Off|p2a: Skeledirge\n|-heal|p2a: Skeledirge|100\/100 tox\n|move|p1a: Blissey|Seismic Toss|p2a: Skeledirge\n|-immune|p2a: Skeledirge\n|\n|-damage|p2a: Skeledirge|70\/100 tox|[from] psn\n|upkeep\n|turn|107\n|\n|t:|1699843230\n|switch|p2a: Corviknight|Corviknight, F|66\/100 brn\n|-damage|p2a: Corviknight|54\/100 brn|[from] Stealth Rock\n|-ability|p2a: Corviknight|Pressure\n|move|p1a: Blissey|Protect||[still]\n|-fail|p1a: Blissey\n|\n|-damage|p2a: Corviknight|48\/100 brn|[from] brn\n|upkeep\n|turn|108\n|\n|t:|1699843234\n|move|p1a: Blissey|Protect|p1a: Blissey\n|-singleturn|p1a: Blissey|Protect\n|move|p2a: Corviknight|Defog|p1a: Blissey\n|-activate|p1a: Blissey|move: Protect\n|\n|-damage|p2a: Corviknight|42\/100 brn|[from] brn\n|upkeep\n|turn|109\n|\n|t:|1699843238\n|switch|p1a: Alomomola|Alomomola, F|100\/100\n|move|p2a: Corviknight|Defog|p1a: Alomomola\n|-unboost|p1a: Alomomola|evasion|1\n|-sideend|p2: l3vics|Stealth Rock|[from] move: Defog|[of] p2a: Corviknight\n|\n|-damage|p2a: Corviknight|36\/100 brn|[from] brn\n|upkeep\n|turn|110\n|\n|t:|1699843243\n|move|p2a: Corviknight|U-turn|p1a: Alomomola\n|-damage|p1a: Alomomola|97\/100\n|\n|t:|1699843253\n|switch|p2a: Amoonguss|Amoonguss, F, shiny|100\/100|[from] U-turn\n|move|p1a: Alomomola|Flip Turn|p2a: Amoonguss\n|-resisted|p2a: Amoonguss\n|-damage|p2a: Amoonguss|94\/100\n|\n|t:|1699843260\n|switch|p1a: Amoonguss|Amoonguss, F|100\/100 brn|[from] Flip Turn\n|\n|-damage|p1a: Amoonguss|94\/100 brn|[from] brn\n|upkeep\n|turn|111\n|\n|t:|1699843265\n|switch|p1a: Blissey|Blissey, F|86\/100\n|move|p2a: Amoonguss|Sludge Bomb|p1a: Blissey\n|-damage|p1a: Blissey|79\/100\n|\n|upkeep\n|turn|112\n|\n|t:|1699843274\n|move|p1a: Blissey|Stealth Rock|p2a: Amoonguss\n|-sidestart|p2: l3vics|move: Stealth Rock\n|move|p2a: Amoonguss|Spore|p1a: Blissey\n|-status|p1a: Blissey|slp|[from] move: Spore\n|\n|upkeep\n|turn|113\n|\n|t:|1699843278\n|-curestatus|p1a: Blissey|slp|[from] ability: Natural Cure\n|switch|p1a: Amoonguss|Amoonguss, F|100\/100 brn\n|move|p2a: Amoonguss|Sludge Bomb|p1a: Amoonguss\n|-damage|p1a: Amoonguss|73\/100 brn\n|\n|-damage|p1a: Amoonguss|67\/100 brn|[from] brn\n|upkeep\n|turn|114\n|\n|t:|1699843287\n|switch|p2a: Rotom|Rotom-Wash, shiny|100\/100\n|-damage|p2a: Rotom|88\/100|[from] Stealth Rock\n|switch|p1a: Clodsire|Clodsire, F|73\/100\n|\n|-heal|p2a: Rotom|94\/100|[from] item: Leftovers\n|upkeep\n|turn|115\n|\n|t:|1699843297\n|move|p2a: Rotom|Volt Switch|p1a: Clodsire\n|-immune|p1a: Clodsire\n|move|p1a: Clodsire|Recover|p1a: Clodsire\n|-heal|p1a: Clodsire|100\/100\n|\n|-heal|p2a: Rotom|100\/100|[from] item: Leftovers\n|upkeep\n|turn|116\n|\n|t:|1699843301\n|move|p2a: Rotom|Protect|p2a: Rotom\n|-singleturn|p2a: Rotom|Protect\n|move|p1a: Clodsire|Poison Jab|p2a: Rotom\n|-activate|p2a: Rotom|move: Protect\n|\n|upkeep\n|turn|117\n|\n|t:|1699843305\n|move|p2a: Rotom|Hydro Pump|p1a: Clodsire\n|-supereffective|p1a: Clodsire\n|-damage|p1a: Clodsire|58\/100\n|move|p1a: Clodsire|Poison Jab|p2a: Rotom\n|-damage|p2a: Rotom|79\/100\n|\n|-heal|p2a: Rotom|86\/100|[from] item: Leftovers\n|upkeep\n|turn|118\n|\n|t:|1699843319\n|move|p2a: Rotom|Volt Switch|p1a: Clodsire\n|-immune|p1a: Clodsire\n|move|p1a: Clodsire|Recover|p1a: Clodsire\n|-heal|p1a: Clodsire|100\/100\n|\n|-heal|p2a: Rotom|92\/100|[from] item: Leftovers\n|upkeep\n|turn|119\n|\n|t:|1699843325\n|move|p2a: Rotom|Hydro Pump|p1a: Clodsire|[miss]\n|-miss|p2a: Rotom|p1a: Clodsire\n|move|p1a: Clodsire|Poison Jab|p2a: Rotom\n|-damage|p2a: Rotom|70\/100\n|\n|-heal|p2a: Rotom|76\/100|[from] item: Leftovers\n|upkeep\n|turn|120\n|\n|t:|1699843328\n|move|p2a: Rotom|Hydro Pump|p1a: Clodsire\n|-supereffective|p1a: Clodsire\n|-damage|p1a: Clodsire|59\/100\n|move|p1a: Clodsire|Poison Jab|p2a: Rotom\n|-damage|p2a: Rotom|54\/100\n|\n|-heal|p2a: Rotom|61\/100|[from] item: Leftovers\n|upkeep\n|turn|121\n|\n|t:|1699843334\n|move|p2a: Rotom|Protect|p2a: Rotom\n|-singleturn|p2a: Rotom|Protect\n|move|p1a: Clodsire|Recover|p1a: Clodsire\n|-heal|p1a: Clodsire|100\/100\n|\n|-heal|p2a: Rotom|67\/100|[from] item: Leftovers\n|upkeep\n|turn|122\n|\n|t:|1699843342\n|move|p2a: Rotom|Hydro Pump|p1a: Clodsire|[miss]\n|-miss|p2a: Rotom|p1a: Clodsire\n|move|p1a: Clodsire|Poison Jab|p2a: Rotom\n|-damage|p2a: Rotom|45\/100\n|-status|p2a: Rotom|psn\n|\n|-heal|p2a: Rotom|51\/100 psn|[from] item: Leftovers\n|-damage|p2a: Rotom|39\/100 psn|[from] psn\n|upkeep\n|turn|123\n|\n|t:|1699843352\n|switch|p2a: Corviknight|Corviknight, F|36\/100 brn\n|-damage|p2a: Corviknight|23\/100 brn|[from] Stealth Rock\n|-ability|p2a: Corviknight|Pressure\n|switch|p1a: Blissey|Blissey, F|79\/100\n|\n|-damage|p2a: Corviknight|17\/100 brn|[from] brn\n|upkeep\n|turn|124\n|\n|t:|1699843356\n|move|p1a: Blissey|Protect|p1a: Blissey\n|-singleturn|p1a: Blissey|Protect\n|move|p2a: Corviknight|Defog|p1a: Blissey\n|-activate|p1a: Blissey|move: Protect\n|\n|-damage|p2a: Corviknight|11\/100 brn|[from] brn\n|upkeep\n|turn|125\n|\n|t:|1699843359\n|switch|p1a: Alomomola|Alomomola, F|100\/100\n|move|p2a: Corviknight|Defog|p1a: Alomomola\n|-unboost|p1a: Alomomola|evasion|1\n|-sideend|p2: l3vics|Stealth Rock|[from] move: Defog|[of] p2a: Corviknight\n|\n|-damage|p2a: Corviknight|5\/100 brn|[from] brn\n|upkeep\n|turn|126\n|\n|t:|1699843365\n|move|p1a: Alomomola|Protect|p1a: Alomomola\n|-singleturn|p1a: Alomomola|Protect\n|move|p2a: Corviknight|Brave Bird|p1a: Alomomola\n|-activate|p1a: Alomomola|move: Protect\n|\n|-damage|p2a: Corviknight|0 fnt|[from] brn\n|faint|p2a: Corviknight\n|upkeep\n|\n|t:|1699843368\n|switch|p2a: Hydreigon|Hydreigon, M, tera:Steel|82\/100\n|turn|127\n|\n|t:|1699843372\n|switch|p1a: Clodsire|Clodsire, F|100\/100\n|move|p2a: Hydreigon|Nasty Plot|p2a: Hydreigon\n|-boost|p2a: Hydreigon|spa|2\n|\n|-heal|p2a: Hydreigon|88\/100|[from] item: Leftovers\n|upkeep\n|turn|128\n|\n|t:|1699843383\n|move|p2a: Hydreigon|Earth Power|p1a: Clodsire\n|-supereffective|p1a: Clodsire\n|-damage|p1a: Clodsire|68\/100\n|-unboost|p1a: Clodsire|spd|1\n|move|p1a: Clodsire|Amnesia|p1a: Clodsire\n|-boost|p1a: Clodsire|spd|2\n|\n|-heal|p2a: Hydreigon|94\/100|[from] item: Leftovers\n|upkeep\n|turn|129\n|\n|t:|1699843386\n|move|p2a: Hydreigon|Earth Power|p1a: Clodsire\n|-supereffective|p1a: Clodsire\n|-damage|p1a: Clodsire|47\/100\n|move|p1a: Clodsire|Spikes|p2a: Hydreigon\n|-sidestart|p2: l3vics|Spikes\n|\n|-heal|p2a: Hydreigon|100\/100|[from] item: Leftovers\n|upkeep\n|turn|130\n|\n|t:|1699843389\n|move|p2a: Hydreigon|Earth Power|p1a: Clodsire\n|-supereffective|p1a: Clodsire\n|-damage|p1a: Clodsire|24\/100\n|move|p1a: Clodsire|Recover|p1a: Clodsire\n|-heal|p1a: Clodsire|75\/100\n|\n|upkeep\n|turn|131\n|\n|t:|1699843391\n|move|p2a: Hydreigon|Earth Power|p1a: Clodsire\n|-supereffective|p1a: Clodsire\n|-damage|p1a: Clodsire|54\/100\n|move|p1a: Clodsire|Amnesia|p1a: Clodsire\n|-boost|p1a: Clodsire|spd|2\n|\n|upkeep\n|turn|132\n|\n|t:|1699843394\n|move|p2a: Hydreigon|Earth Power|p1a: Clodsire\n|-supereffective|p1a: Clodsire\n|-damage|p1a: Clodsire|41\/100\n|move|p1a: Clodsire|Amnesia|p1a: Clodsire\n|-boost|p1a: Clodsire|spd|2\n|\n|upkeep\n|turn|133\n|\n|t:|1699843399\n|move|p2a: Hydreigon|Dark Pulse|p1a: Clodsire\n|-damage|p1a: Clodsire|35\/100\n|move|p1a: Clodsire|Recover|p1a: Clodsire\n|-heal|p1a: Clodsire|85\/100\n|\n|upkeep\n|turn|134\n|\n|t:|1699843410\n|switch|p2a: Amoonguss|Amoonguss, F, shiny|100\/100\n|-damage|p2a: Amoonguss|88\/100|[from] Spikes\n|move|p1a: Clodsire|Spikes|p2a: Amoonguss\n|-sidestart|p2: l3vics|Spikes\n|\n|upkeep\n|turn|135\n|\n|t:|1699843414\n|switch|p1a: Blissey|Blissey, F|79\/100\n|move|p2a: Amoonguss|Spore|p1a: Blissey\n|-status|p1a: Blissey|slp|[from] move: Spore\n|\n|upkeep\n|turn|136\n|\n|t:|1699843419\n|-curestatus|p1a: Blissey|slp|[from] ability: Natural Cure\n|switch|p1a: Amoonguss|Amoonguss, F|100\/100 brn\n|switch|p2a: Hydreigon|Hydreigon, M, tera:Steel|100\/100\n|\n|-damage|p1a: Amoonguss|94\/100 brn|[from] brn\n|upkeep\n|turn|137\n|\n|t:|1699843429\n|switch|p1a: Clodsire|Clodsire, F|85\/100\n|move|p2a: Hydreigon|Nasty Plot|p2a: Hydreigon\n|-boost|p2a: Hydreigon|spa|2\n|\n|upkeep\n|turn|138\n|\n|t:|1699843448\n|move|p2a: Hydreigon|Earth Power|p1a: Clodsire\n|-supereffective|p1a: Clodsire\n|-damage|p1a: Clodsire|52\/100\n|move|p1a: Clodsire|Amnesia|p1a: Clodsire\n|-boost|p1a: Clodsire|spd|2\n|\n|upkeep\n|turn|139\n|\n|t:|1699843453\n|move|p2a: Hydreigon|Earth Power|p1a: Clodsire\n|-supereffective|p1a: Clodsire\n|-damage|p1a: Clodsire|36\/100\n|-unboost|p1a: Clodsire|spd|1\n|move|p1a: Clodsire|Amnesia|p1a: Clodsire\n|-boost|p1a: Clodsire|spd|2\n|\n|upkeep\n|turn|140\n|\n|t:|1699843460\n|move|p2a: Hydreigon|Dark Pulse|p1a: Clodsire\n|-damage|p1a: Clodsire|27\/100\n|move|p1a: Clodsire|Recover|p1a: Clodsire\n|-heal|p1a: Clodsire|77\/100\n|\n|upkeep\n|turn|141\n|\n|t:|1699843465\n|switch|p2a: Amoonguss|Amoonguss, F, shiny|100\/100\n|-damage|p2a: Amoonguss|84\/100|[from] Spikes\n|move|p1a: Clodsire|Spikes|p2a: Amoonguss\n|-sidestart|p2: l3vics|Spikes\n|\n|upkeep\n|turn|142\n|\n|t:|1699843468\n|switch|p1a: Amoonguss|Amoonguss, F|100\/100 brn\n|move|p2a: Amoonguss|Spore|p1a: Amoonguss\n|-immune|p1a: Amoonguss\n|\n|-damage|p1a: Amoonguss|94\/100 brn|[from] brn\n|upkeep\n|turn|143\n|\n|t:|1699843473\n|switch|p1a: Blissey|Blissey, F|79\/100\n|move|p2a: Amoonguss|Foul Play|p1a: Blissey\n|-damage|p1a: Blissey|75\/100\n|\n|upkeep\n|turn|144\n|\n|t:|1699843478\n|move|p1a: Blissey|Seismic Toss|p2a: Amoonguss\n|-damage|p2a: Amoonguss|61\/100\n|move|p2a: Amoonguss|Grass Knot|p1a: Blissey\n|-damage|p1a: Blissey|70\/100\n|\n|upkeep\n|turn|145\n|\n|t:|1699843483\n|switch|p2a: Rotom|Rotom-Wash, shiny|39\/100 psn\n|move|p1a: Blissey|Seismic Toss|p2a: Rotom\n|-damage|p2a: Rotom|6\/100 psn\n|\n|-heal|p2a: Rotom|12\/100 psn|[from] item: Leftovers\n|-damage|p2a: Rotom|0 fnt|[from] psn\n|faint|p2a: Rotom\n|upkeep\n|\n|t:|1699843485\n|switch|p2a: Hydreigon|Hydreigon, M, tera:Steel|100\/100\n|turn|146\n|\n|t:|1699843489\n|move|p2a: Hydreigon|Nasty Plot|p2a: Hydreigon\n|-boost|p2a: Hydreigon|spa|2\n|move|p1a: Blissey|Seismic Toss|p2a: Hydreigon\n|-damage|p2a: Hydreigon|70\/100\n|\n|-heal|p2a: Hydreigon|76\/100|[from] item: Leftovers\n|upkeep\n|turn|147\n|\n|t:|1699843491\n|move|p2a: Hydreigon|Nasty Plot|p2a: Hydreigon\n|-boost|p2a: Hydreigon|spa|2\n|move|p1a: Blissey|Seismic Toss|p2a: Hydreigon\n|-damage|p2a: Hydreigon|45\/100\n|\n|-heal|p2a: Hydreigon|51\/100|[from] item: Leftovers\n|upkeep\n|turn|148\n|\n|t:|1699843502\n|move|p2a: Hydreigon|Dark Pulse|p1a: Blissey\n|-crit|p1a: Blissey\n|-damage|p1a: Blissey|16\/100\n|move|p1a: Blissey|Seismic Toss|p2a: Hydreigon\n|-damage|p2a: Hydreigon|20\/100\n|\n|-heal|p2a: Hydreigon|27\/100|[from] item: Leftovers\n|upkeep\n|turn|149\n|c|\u2606Duckycrater|what the fuck\n|\n|t:|1699843519\n|switch|p1a: Clefable|Clefable, M|100\/100\n|move|p2a: Hydreigon|Dark Pulse|p1a: Clefable\n|-resisted|p1a: Clefable\n|-damage|p1a: Clefable|44\/100\n|\n|-heal|p2a: Hydreigon|33\/100|[from] item: Leftovers\n|-heal|p1a: Clefable|50\/100|[from] item: Leftovers\n|upkeep\n|turn|150\n|c|\u2606l3vics|L\n|\n|t:|1699843527\n|move|p1a: Clefable|Protect|p1a: Clefable\n|-singleturn|p1a: Clefable|Protect\n|move|p2a: Hydreigon|Earth Power|p1a: Clefable\n|-activate|p1a: Clefable|move: Protect\n|\n|-heal|p2a: Hydreigon|39\/100|[from] item: Leftovers\n|-heal|p1a: Clefable|56\/100|[from] item: Leftovers\n|upkeep\n|turn|151\n|c|\u2606Duckycrater|lucky bastard\n|\n|t:|1699843544\n|move|p2a: Hydreigon|Dark Pulse|p1a: Clefable\n|-resisted|p1a: Clefable\n|-damage|p1a: Clefable|4\/100\n|move|p1a: Clefable|Knock Off|p2a: Hydreigon\n|-damage|p2a: Hydreigon|23\/100\n|-enditem|p2a: Hydreigon|Leftovers|[from] move: Knock Off|[of] p1a: Clefable\n|\n|-heal|p1a: Clefable|10\/100|[from] item: Leftovers\n|upkeep\n|turn|152\n|c|\u2606l3vics|playing stall cringe\n|\n|t:|1699843554\n|move|p1a: Clefable|Protect|p1a: Clefable\n|-singleturn|p1a: Clefable|Protect\n|move|p2a: Hydreigon|Dark Pulse|p1a: Clefable\n|-activate|p1a: Clefable|move: Protect\n|\n|-heal|p1a: Clefable|16\/100|[from] item: Leftovers\n|upkeep\n|turn|153\n|c|\u2606Duckycrater|motherfucker you're running dire claw\n|c|\u2606Duckycrater|you are the most cringe possible\n|\n|t:|1699843565\n|move|p1a: Clefable|Protect|p1a: Clefable\n|-singleturn|p1a: Clefable|Protect\n|move|p2a: Hydreigon|Dark Pulse|p1a: Clefable\n|-activate|p1a: Clefable|move: Protect\n|\n|-heal|p1a: Clefable|22\/100|[from] item: Leftovers\n|upkeep\n|turn|154\n|c|\u2606l3vics|ok stall\n|\n|t:|1699843572\n|move|p1a: Clefable|Protect||[still]\n|-fail|p1a: Clefable\n|move|p2a: Hydreigon|Dark Pulse|p1a: Clefable\n|-resisted|p1a: Clefable\n|-damage|p1a: Clefable|0 fnt\n|faint|p1a: Clefable\n|\n|upkeep\n|\n|t:|1699843577\n|switch|p1a: Dondozo|Dondozo, M|90\/100 slp\n|turn|155\n|\n|t:|1699843584\n|move|p2a: Hydreigon|Earth Power|p1a: Dondozo\n|-damage|p1a: Dondozo|60\/100 slp\n|-unboost|p1a: Dondozo|spd|1\n|cant|p1a: Dondozo|slp\n|move|p1a: Dondozo|Sleep Talk|p1a: Dondozo\n|move|p1a: Dondozo|Waterfall|p2a: Hydreigon|[from]move: Sleep Talk\n|-damage|p2a: Hydreigon|0 fnt\n|faint|p2a: Hydreigon\n|\n|upkeep\n|\n|t:|1699843592\n|switch|p2a: Amoonguss|Amoonguss, F, shiny|94\/100\n|-damage|p2a: Amoonguss|69\/100|[from] Spikes\n|turn|156\n|c|\u2606Duckycrater|YES\n|c|\u2606l3vics|yawn\n|\n|t:|1699843603\n|switch|p1a: Amoonguss|Amoonguss, F|100\/100 brn\n|move|p2a: Amoonguss|Grass Knot|p1a: Amoonguss\n|-resisted|p1a: Amoonguss\n|-damage|p1a: Amoonguss|98\/100 brn\n|\n|-damage|p1a: Amoonguss|92\/100 brn|[from] brn\n|upkeep\n|turn|157\n|-message|l3vics forfeited.\n|\n|win|Duckycrater\n|raw|Duckycrater's rating: 1521 &rarr; <strong>1537<\/strong><br \/>(+16 for winning)\n|raw|l3vics's rating: 1443 &rarr; <strong>1427<\/strong><br \/>(-16 for losing)\n","uploadtime":1699843557,"views":18,"p1id":"duckycrater","p2id":"l3vics","formatid":"gen9ou","rating":1427,"private":0,"password":""}