{"id":"gen9ou-1990258789","p1":"Fs97","p2":"okitori","format":"[Gen 9] OU","log":"|j|\u2606Fs97\n|j|\u2606okitori\n|t:|1699946158\n|gametype|singles\n|player|p1|Fs97|102|1091\n|player|p2|okitori|youngster-gen4dp|1022\n|teamsize|p1|6\n|teamsize|p2|6\n|gen|9\n|tier|[Gen 9] OU\n|rated|\n|rule|Sleep Clause Mod: Limit one foe put to sleep\n|rule|Species Clause: Limit one of each Pok\u00e9mon\n|rule|OHKO Clause: OHKO moves are banned\n|rule|Evasion Items Clause: Evasion items are banned\n|rule|Evasion Moves Clause: Evasion moves are banned\n|rule|Endless Battle Clause: Forcing endless battles is banned\n|rule|HP Percentage Mod: HP is shown in percentages\n|clearpoke\n|poke|p1|Glimmora, F|\n|poke|p1|Ceruledge, F|\n|poke|p1|Clefable, M|\n|poke|p1|Dragapult, M|\n|poke|p1|Greninja-*, M|\n|poke|p1|Great Tusk|\n|poke|p2|Torkoal, F|\n|poke|p2|Heatran, F|\n|poke|p2|Great Tusk|\n|poke|p2|Kingambit, M|\n|poke|p2|Walking Wake|\n|poke|p2|Dragapult, M|\n|teampreview\n|\n|t:|1699946163\n|start\n|switch|p1a: Glimmora|Glimmora, F|100\/100\n|switch|p2a: Torkoal|Torkoal, F|100\/100\n|-weather|SunnyDay|[from] ability: Drought|[of] p2a: Torkoal\n|turn|1\n|inactive|Battle timer is ON: inactive players will automatically lose when time's up. (requested by Fs97)\n|\n|t:|1699946173\n|move|p1a: Glimmora|Stealth Rock|p2a: Torkoal\n|-sidestart|p2: okitori|move: Stealth Rock\n|move|p2a: Torkoal|Stealth Rock|p1a: Glimmora\n|-sidestart|p1: Fs97|move: Stealth Rock\n|\n|-weather|SunnyDay|[upkeep]\n|upkeep\n|turn|2\n|\n|t:|1699946182\n|move|p1a: Glimmora|Mortal Spin|p2a: Torkoal\n|-damage|p2a: Torkoal|98\/100\n|-status|p2a: Torkoal|psn\n|-sideend|p1: Fs97|Stealth Rock|[from] move: Mortal Spin|[of] p1a: Glimmora\n|move|p2a: Torkoal|Yawn|p1a: Glimmora\n|-start|p1a: Glimmora|move: Yawn|[of] p2a: Torkoal\n|\n|-weather|SunnyDay|[upkeep]\n|-damage|p2a: Torkoal|85\/100 psn|[from] psn\n|upkeep\n|turn|3\n|\n|t:|1699946199\n|switch|p1a: Great Tusk|Great Tusk|100\/100\n|-activate|p1a: Great Tusk|ability: Protosynthesis\n|-start|p1a: Great Tusk|protosynthesisatk\n|move|p2a: Torkoal|Yawn|p1a: Great Tusk\n|-start|p1a: Great Tusk|move: Yawn|[of] p2a: Torkoal\n|\n|-weather|SunnyDay|[upkeep]\n|-damage|p2a: Torkoal|73\/100 psn|[from] psn\n|upkeep\n|turn|4\n|\n|t:|1699946210\n|switch|p2a: Great Tusk|Great Tusk|100\/100\n|-damage|p2a: Great Tusk|98\/100|[from] Stealth Rock\n|-activate|p2a: Great Tusk|ability: Protosynthesis\n|-start|p2a: Great Tusk|protosynthesisdef\n|move|p1a: Great Tusk|Headlong Rush|p2a: Great Tusk\n|-damage|p2a: Great Tusk|60\/100\n|-unboost|p1a: Great Tusk|def|1\n|-unboost|p1a: Great Tusk|spd|1\n|\n|-weather|SunnyDay|[upkeep]\n|-end|p1a: Great Tusk|move: Yawn|[silent]\n|-status|p1a: Great Tusk|slp\n|upkeep\n|turn|5\n|\n|t:|1699946221\n|-end|p1a: Great Tusk|Protosynthesis|[silent]\n|switch|p1a: Clefable|Clefable, M|100\/100\n|move|p2a: Great Tusk|Rapid Spin|p1a: Clefable\n|-damage|p1a: Clefable|86\/100\n|-boost|p2a: Great Tusk|spe|1\n|-sideend|p2: okitori|Stealth Rock|[from] move: Rapid Spin|[of] p2a: Great Tusk\n|\n|-weather|SunnyDay|[upkeep]\n|upkeep\n|turn|6\n|inactive|okitori has 120 seconds left.\n|\n|t:|1699946254\n|-end|p2a: Great Tusk|Protosynthesis|[silent]\n|switch|p2a: Heatran|Heatran, F|100\/100\n|move|p1a: Clefable|Moonblast|p2a: Heatran\n|-resisted|p2a: Heatran\n|-damage|p2a: Heatran|91\/100\n|\n|-weather|SunnyDay|[upkeep]\n|-heal|p2a: Heatran|97\/100|[from] item: Leftovers\n|upkeep\n|turn|7\n|inactive|okitori has 120 seconds left.\n|\n|t:|1699946268\n|switch|p1a: Greninja|Greninja, M|100\/100\n|move|p2a: Heatran|Taunt|p1a: Greninja\n|-start|p1a: Greninja|move: Taunt\n|\n|-weather|SunnyDay|[upkeep]\n|-heal|p2a: Heatran|100\/100|[from] item: Leftovers\n|upkeep\n|turn|8\n|inactive|okitori has 120 seconds left.\n|\n|t:|1699946295\n|switch|p2a: Walking Wake|Walking Wake|100\/100\n|-activate|p2a: Walking Wake|ability: Protosynthesis\n|-start|p2a: Walking Wake|protosynthesisspe\n|move|p1a: Greninja|Hydro Pump|p2a: Walking Wake|[miss]\n|-miss|p1a: Greninja|p2a: Walking Wake\n|\n|-weather|none\n|-end|p2a: Walking Wake|Protosynthesis\n|upkeep\n|turn|9\n|\n|t:|1699946306\n|switch|p1a: Clefable|Clefable, M|86\/100\n|move|p2a: Walking Wake|Dragon Pulse|p1a: Clefable\n|-immune|p1a: Clefable\n|\n|upkeep\n|turn|10\n|\n|t:|1699946314\n|move|p2a: Walking Wake|Flip Turn|p1a: Clefable\n|-damage|p1a: Clefable|62\/100\n|-damage|p2a: Walking Wake|91\/100|[from] item: Life Orb\n|\n|t:|1699946319\n|-end|p2a: Walking Wake|Protosynthesis|[silent]\n|switch|p2a: Great Tusk|Great Tusk|60\/100|[from] Flip Turn\n|move|p1a: Clefable|Wish|p1a: Clefable\n|\n|upkeep\n|turn|11\n|inactive|okitori has 120 seconds left.\n|\n|t:|1699946330\n|-end|p2a: Great Tusk|Protosynthesis|[silent]\n|switch|p2a: Heatran|Heatran, F|100\/100\n|move|p1a: Clefable|Moonblast|p2a: Heatran\n|-resisted|p2a: Heatran\n|-damage|p2a: Heatran|92\/100\n|\n|-heal|p1a: Clefable|100\/100|[from] move: Wish|[wisher] Clefable\n|-heal|p2a: Heatran|98\/100|[from] item: Leftovers\n|upkeep\n|turn|12\n|inactive|okitori has 120 seconds left.\n|\n|t:|1699946341\n|switch|p1a: Greninja|Greninja, M|100\/100\n|move|p2a: Heatran|Will-O-Wisp|p1a: Greninja\n|-status|p1a: Greninja|brn\n|\n|-heal|p2a: Heatran|100\/100|[from] item: Leftovers\n|-damage|p1a: Greninja|95\/100 brn|[from] brn\n|upkeep\n|turn|13\n|inactive|okitori has 120 seconds left.\n|\n|t:|1699946356\n|switch|p2a: Walking Wake|Walking Wake|91\/100\n|move|p1a: Greninja|Dark Pulse|p2a: Walking Wake\n|-damage|p2a: Walking Wake|48\/100\n|-damage|p1a: Greninja|85\/100 brn|[from] item: Life Orb\n|\n|-damage|p1a: Greninja|79\/100 brn|[from] brn\n|upkeep\n|turn|14\n|inactive|okitori has 120 seconds left.\n|\n|t:|1699946369\n|switch|p1a: Clefable|Clefable, M|100\/100\n|-end|p2a: Walking Wake|Protosynthesis|[silent]\n|switch|p2a: Torkoal|Torkoal, F|73\/100 psn\n|-weather|SunnyDay|[from] ability: Drought|[of] p2a: Torkoal\n|\n|-weather|SunnyDay|[upkeep]\n|-damage|p2a: Torkoal|61\/100 psn|[from] psn\n|upkeep\n|turn|15\n|inactive|okitori has 120 seconds left.\n|\n|t:|1699946381\n|switch|p1a: Ceruledge|Ceruledge, F|100\/100\n|move|p2a: Torkoal|Stealth Rock|p1a: Ceruledge\n|-sidestart|p1: Fs97|move: Stealth Rock\n|\n|-weather|SunnyDay|[upkeep]\n|-damage|p2a: Torkoal|49\/100 psn|[from] psn\n|upkeep\n|turn|16\n|\n|t:|1699946389\n|move|p1a: Ceruledge|Swords Dance|p1a: Ceruledge\n|-boost|p1a: Ceruledge|atk|2\n|move|p2a: Torkoal|Earthquake|p1a: Ceruledge\n|-supereffective|p1a: Ceruledge\n|-damage|p1a: Ceruledge|46\/100\n|-ability|p1a: Ceruledge|Weak Armor|boost\n|-unboost|p1a: Ceruledge|def|1\n|-boost|p1a: Ceruledge|spe|2\n|\n|-weather|SunnyDay|[upkeep]\n|-damage|p2a: Torkoal|36\/100 psn|[from] psn\n|upkeep\n|turn|17\n|\n|t:|1699946399\n|move|p1a: Ceruledge|Poltergeist|p2a: Torkoal\n|-activate|p2a: Torkoal|move: Poltergeist|Heat Rock\n|-damage|p2a: Torkoal|0 fnt\n|faint|p2a: Torkoal\n|\n|-weather|SunnyDay|[upkeep]\n|upkeep\n|\n|t:|1699946406\n|switch|p2a: Kingambit|Kingambit, M|100\/100\n|-activate|p2a: Kingambit|ability: Supreme Overlord\n|-start|p2a: Kingambit|fallen1|[silent]\n|-item|p2a: Kingambit|Air Balloon\n|turn|18\n|\n|t:|1699946411\n|-terastallize|p1a: Ceruledge|Fighting\n|move|p2a: Kingambit|Sucker Punch|p1a: Ceruledge\n|-resisted|p1a: Ceruledge\n|-damage|p1a: Ceruledge|0 fnt\n|faint|p1a: Ceruledge\n|\n|-weather|SunnyDay|[upkeep]\n|upkeep\n|\n|t:|1699946419\n|switch|p1a: Glimmora|Glimmora, F|100\/100\n|-damage|p1a: Glimmora|88\/100|[from] Stealth Rock\n|turn|19\n|\n|t:|1699946437\n|-end|p2a: Kingambit|fallen1|[silent]\n|switch|p2a: Great Tusk|Great Tusk|60\/100\n|-activate|p2a: Great Tusk|ability: Protosynthesis\n|-start|p2a: Great Tusk|protosynthesisdef\n|move|p1a: Glimmora|Dazzling Gleam|p2a: Great Tusk\n|-supereffective|p2a: Great Tusk\n|-damage|p2a: Great Tusk|21\/100\n|\n|-weather|SunnyDay|[upkeep]\n|upkeep\n|turn|20\n|\n|t:|1699946454\n|-terastallize|p2a: Great Tusk|Water\n|move|p1a: Glimmora|Dazzling Gleam|p2a: Great Tusk\n|-damage|p2a: Great Tusk|0 fnt\n|faint|p2a: Great Tusk\n|-end|p2a: Great Tusk|Protosynthesis|[silent]\n|\n|-weather|SunnyDay|[upkeep]\n|upkeep\n|\n|t:|1699946461\n|switch|p2a: Walking Wake|Walking Wake|48\/100\n|-activate|p2a: Walking Wake|ability: Protosynthesis\n|-start|p2a: Walking Wake|protosynthesisspe\n|turn|21\n|\n|t:|1699946478\n|switch|p1a: Clefable|Clefable, M|100\/100\n|move|p2a: Walking Wake|Hydro Steam|p1a: Clefable\n|-damage|p1a: Clefable|38\/100\n|-damage|p2a: Walking Wake|38\/100|[from] item: Life Orb\n|\n|-weather|none\n|-end|p2a: Walking Wake|Protosynthesis\n|upkeep\n|turn|22\n|\n|t:|1699946488\n|move|p2a: Walking Wake|Hydro Steam|p1a: Clefable\n|-damage|p1a: Clefable|0 fnt\n|faint|p1a: Clefable\n|-damage|p2a: Walking Wake|28\/100|[from] item: Life Orb\n|\n|upkeep\n|\n|t:|1699946493\n|switch|p1a: Dragapult|Dragapult, M|100\/100\n|-damage|p1a: Dragapult|88\/100|[from] Stealth Rock\n|turn|23\n|\n|t:|1699946508\n|move|p1a: Dragapult|Shadow Ball|p2a: Walking Wake\n|-damage|p2a: Walking Wake|0 fnt\n|faint|p2a: Walking Wake\n|-end|p2a: Walking Wake|Protosynthesis|[silent]\n|\n|upkeep\n|\n|t:|1699946513\n|switch|p2a: Dragapult|Dragapult, M|100\/100\n|turn|24\n|\n|t:|1699946516\n|move|p2a: Dragapult|Shadow Ball|p1a: Dragapult\n|-supereffective|p1a: Dragapult\n|-damage|p1a: Dragapult|0 fnt\n|faint|p1a: Dragapult\n|\n|upkeep\n|\n|t:|1699946520\n|switch|p1a: Glimmora|Glimmora, F|88\/100\n|-damage|p1a: Glimmora|76\/100|[from] Stealth Rock\n|turn|25\n|\n|t:|1699946526\n|move|p2a: Dragapult|Shadow Ball|p1a: Glimmora\n|-damage|p1a: Glimmora|12\/100\n|-unboost|p1a: Glimmora|spd|1\n|move|p1a: Glimmora|Mortal Spin|p2a: Dragapult\n|-resisted|p2a: Dragapult\n|-damage|p2a: Dragapult|96\/100\n|-status|p2a: Dragapult|psn\n|-sideend|p1: Fs97|Stealth Rock|[from] move: Mortal Spin|[of] p1a: Glimmora\n|\n|-damage|p2a: Dragapult|84\/100 psn|[from] psn\n|upkeep\n|turn|26\n|\n|t:|1699946537\n|move|p2a: Dragapult|Shadow Ball|p1a: Glimmora\n|-damage|p1a: Glimmora|0 fnt\n|faint|p1a: Glimmora\n|\n|-damage|p2a: Dragapult|71\/100 psn|[from] psn\n|upkeep\n|\n|t:|1699946539\n|switch|p1a: Greninja|Greninja, M|79\/100 brn\n|turn|27\n|\n|t:|1699946545\n|switch|p2a: Heatran|Heatran, F|100\/100\n|move|p1a: Greninja|Ice Beam|p2a: Heatran\n|-resisted|p2a: Heatran\n|-damage|p2a: Heatran|95\/100\n|-damage|p1a: Greninja|69\/100 brn|[from] item: Life Orb\n|\n|-heal|p2a: Heatran|100\/100|[from] item: Leftovers\n|-damage|p1a: Greninja|63\/100 brn|[from] brn\n|upkeep\n|turn|28\n|\n|t:|1699946560\n|move|p1a: Greninja|Hydro Pump|p2a: Heatran|[miss]\n|-miss|p1a: Greninja|p2a: Heatran\n|move|p2a: Heatran|Earth Power|p1a: Greninja\n|-damage|p1a: Greninja|21\/100 brn\n|\n|-damage|p1a: Greninja|15\/100 brn|[from] brn\n|upkeep\n|turn|29\n|c|\u2606Fs97|come on !\n|\n|t:|1699946570\n|move|p1a: Greninja|Hydro Pump|p2a: Heatran|[miss]\n|-miss|p1a: Greninja|p2a: Heatran\n|move|p2a: Heatran|Earth Power|p1a: Greninja\n|-damage|p1a: Greninja|0 fnt\n|faint|p1a: Greninja\n|\n|upkeep\n|\n|t:|1699946573\n|switch|p1a: Great Tusk|Great Tusk|100\/100 slp\n|turn|30\n|\n|t:|1699946585\n|cant|p1a: Great Tusk|slp\n|move|p2a: Heatran|Taunt|p1a: Great Tusk\n|-start|p1a: Great Tusk|move: Taunt\n|\n|upkeep\n|turn|31\n|\n|t:|1699946591\n|switch|p2a: Dragapult|Dragapult, M|71\/100 psn\n|cant|p1a: Great Tusk|slp\n|\n|-damage|p2a: Dragapult|59\/100 psn|[from] psn\n|upkeep\n|turn|32\n|\n|t:|1699946599\n|move|p2a: Dragapult|Surf|p1a: Great Tusk\n|-supereffective|p1a: Great Tusk\n|-damage|p1a: Great Tusk|35\/100 slp\n|cant|p1a: Great Tusk|slp\n|\n|-damage|p2a: Dragapult|47\/100 psn|[from] psn\n|upkeep\n|turn|33\n|c|\u2606okitori|i feel sorry for u man\n|\n|t:|1699946605\n|move|p2a: Dragapult|Surf|p1a: Great Tusk\n|-supereffective|p1a: Great Tusk\n|-damage|p1a: Great Tusk|0 fnt\n|faint|p1a: Great Tusk\n|-end|p1a: Great Tusk|Protosynthesis|[silent]\n|\n|win|okitori\n|raw|Fs97's rating: 1091 &rarr; <strong>1063<\/strong><br \/>(-28 for losing)\n|raw|okitori's rating: 1022 &rarr; <strong>1066<\/strong><br \/>(+44 for winning)\n|c|\u2606Fs97|I know gg\n|l|\u2606Fs97\n|c|\u2606okitori|gg\n","uploadtime":1699946751,"views":13,"p1id":"fs97","p2id":"okitori","formatid":"gen9ou","rating":1063,"private":0,"password":""}