{"id":"gen9ou-1993146019","p1":"LucarioKing448","p2":"Master MatMart","format":"[Gen 9] OU","log":"|j|\u2606LucarioKing448\n|j|\u2606Master MatMart\n|t:|1700270298\n|gametype|singles\n|player|p1|LucarioKing448|riley|1142\n|player|p2|Master MatMart|byron|1171\n|teamsize|p1|6\n|teamsize|p2|6\n|gen|9\n|tier|[Gen 9] OU\n|rated|\n|rule|Sleep Clause Mod: Limit one foe put to sleep\n|rule|Species Clause: Limit one of each Pok\u00e9mon\n|rule|OHKO Clause: OHKO moves are banned\n|rule|Evasion Items Clause: Evasion items are banned\n|rule|Evasion Moves Clause: Evasion moves are banned\n|rule|Endless Battle Clause: Forcing endless battles is banned\n|rule|HP Percentage Mod: HP is shown in percentages\n|clearpoke\n|poke|p1|Lucario, M|\n|poke|p1|Samurott-Hisui, M|\n|poke|p1|Enamorus, F|\n|poke|p1|Cinderace, F|\n|poke|p1|Dragapult, M|\n|poke|p1|Slowking-Galar, M|\n|poke|p2|Torkoal, M|\n|poke|p2|Hatterene, F|\n|poke|p2|Walking Wake|\n|poke|p2|Dragonite, F|\n|poke|p2|Great Tusk|\n|poke|p2|Typhlosion, F|\n|teampreview\n|inactive|Battle timer is ON: inactive players will automatically lose when time's up. (requested by Master MatMart)\n|\n|t:|1700270312\n|start\n|switch|p1a: Slowking|Slowking-Galar, M|100\/100\n|switch|p2a: Torkoal|Torkoal, M|100\/100\n|-weather|SunnyDay|[from] ability: Drought|[of] p2a: Torkoal\n|turn|1\n|\n|t:|1700270321\n|move|p2a: Torkoal|Stealth Rock|p1a: Slowking\n|-sidestart|p1: LucarioKing448|move: Stealth Rock\n|move|p1a: Slowking|Chilly Reception|p1a: Slowking\n|-weather|Snow\n|\n|t:|1700270328\n|switch|p1a: Samurott|Samurott-Hisui, M|100\/100|[from] Chilly Reception\n|-damage|p1a: Samurott|88\/100|[from] Stealth Rock\n|\n|-weather|Snow|[upkeep]\n|upkeep\n|turn|2\n|\n|t:|1700270340\n|switch|p2a: Hatterene|Hatterene, F|100\/100\n|move|p1a: Samurott|Ceaseless Edge|p2a: Hatterene\n|-damage|p2a: Hatterene|59\/100\n|-sidestart|p2: Master MatMart|Spikes\n|-enditem|p2a: Hatterene|Eject Button\n|\n|t:|1700270346\n|switch|p2a: Torkoal|Torkoal, M|100\/100\n|-damage|p2a: Torkoal|88\/100|[from] Spikes\n|-weather|SunnyDay|[from] ability: Drought|[of] p2a: Torkoal\n|\n|-weather|SunnyDay|[upkeep]\n|upkeep\n|turn|3\n|\n|t:|1700270355\n|move|p1a: Samurott|Ceaseless Edge|p2a: Torkoal\n|-damage|p2a: Torkoal|65\/100\n|-sidestart|p2: Master MatMart|Spikes\n|move|p2a: Torkoal|Rapid Spin|p1a: Samurott\n|-damage|p1a: Samurott|77\/100\n|-boost|p2a: Torkoal|spe|1\n|-sideend|p2: Master MatMart|Spikes|[from] move: Rapid Spin|[of] p2a: Torkoal\n|\n|-weather|SunnyDay|[upkeep]\n|upkeep\n|turn|4\n|\n|t:|1700270366\n|move|p1a: Samurott|Knock Off|p2a: Torkoal\n|-damage|p2a: Torkoal|41\/100\n|-enditem|p2a: Torkoal|Heat Rock|[from] move: Knock Off|[of] p1a: Samurott\n|move|p2a: Torkoal|Yawn|p1a: Samurott\n|-start|p1a: Samurott|move: Yawn|[of] p2a: Torkoal\n|\n|-weather|SunnyDay|[upkeep]\n|upkeep\n|turn|5\n|\n|t:|1700270380\n|switch|p1a: Slowking|Slowking-Galar, M|100\/100\n|switch|p2a: Dragonite|Dragonite, F|100\/100\n|\n|-weather|SunnyDay|[upkeep]\n|upkeep\n|turn|6\n|\n|t:|1700270393\n|move|p2a: Dragonite|Dragon Dance|p2a: Dragonite\n|-boost|p2a: Dragonite|atk|1\n|-boost|p2a: Dragonite|spe|1\n|move|p1a: Slowking|Thunder Wave|p2a: Dragonite\n|-status|p2a: Dragonite|par\n|\n|-weather|SunnyDay|[upkeep]\n|upkeep\n|turn|7\n|\n|t:|1700270405\n|move|p2a: Dragonite|Dragon Dance|p2a: Dragonite\n|-boost|p2a: Dragonite|atk|1\n|-boost|p2a: Dragonite|spe|1\n|move|p1a: Slowking|Chilly Reception|p1a: Slowking\n|-weather|Snow\n|\n|t:|1700270413\n|switch|p1a: Enamorus|Enamorus, F|100\/100|[from] Chilly Reception\n|-damage|p1a: Enamorus|76\/100|[from] Stealth Rock\n|\n|-weather|Snow|[upkeep]\n|upkeep\n|turn|8\n|\n|t:|1700270424\n|-terastallize|p2a: Dragonite|Normal\n|move|p2a: Dragonite|Extreme Speed|p1a: Enamorus\n|-damage|p1a: Enamorus|0 fnt\n|faint|p1a: Enamorus\n|\n|-weather|Snow|[upkeep]\n|upkeep\n|\n|t:|1700270432\n|switch|p1a: Slowking|Slowking-Galar, M|100\/100\n|turn|9\n|\n|t:|1700270456\n|move|p2a: Dragonite|Dragon Dance|p2a: Dragonite\n|-boost|p2a: Dragonite|atk|1\n|-boost|p2a: Dragonite|spe|1\n|move|p1a: Slowking|Sludge Bomb|p2a: Dragonite\n|-damage|p2a: Dragonite|85\/100 par\n|\n|-weather|Snow|[upkeep]\n|upkeep\n|turn|10\n|\n|t:|1700270466\n|move|p2a: Dragonite|Dragon Dance|p2a: Dragonite\n|-boost|p2a: Dragonite|atk|1\n|-boost|p2a: Dragonite|spe|1\n|move|p1a: Slowking|Chilly Reception|p1a: Slowking\n|\n|t:|1700270475\n|switch|p1a: Samurott|Samurott-Hisui, M|77\/100|[from] Chilly Reception\n|-damage|p1a: Samurott|64\/100|[from] Stealth Rock\n|\n|-weather|Snow|[upkeep]\n|upkeep\n|turn|11\n|\n|t:|1700270480\n|move|p2a: Dragonite|Extreme Speed|p1a: Samurott\n|-damage|p1a: Samurott|0 fnt\n|faint|p1a: Samurott\n|\n|-weather|none\n|upkeep\n|c|\u2606LucarioKing448|letting u know... ur dragonite is paralyzed\n|\n|t:|1700270495\n|switch|p1a: LucarioKing|Lucario, M|100\/100\n|-damage|p1a: LucarioKing|98\/100|[from] Stealth Rock\n|turn|12\n|\n|t:|1700270503\n|move|p2a: Dragonite|Earthquake|p1a: LucarioKing\n|-supereffective|p1a: LucarioKing\n|-damage|p1a: LucarioKing|0 fnt\n|faint|p1a: LucarioKing\n|\n|upkeep\n|\n|t:|1700270509\n|switch|p1a: Dragapult|Dragapult, M|100\/100\n|turn|13\n|c|\u2606Master MatMart|my dragonite is simply to based\n|c|\u2606LucarioKing448|TRUEEEEE\n|\n|t:|1700270522\n|move|p1a: Dragapult|Draco Meteor|p2a: Dragonite\n|-damage|p2a: Dragonite|26\/100 par\n|-unboost|p1a: Dragapult|spa|2\n|move|p2a: Dragonite|Earthquake|p1a: Dragapult\n|-damage|p1a: Dragapult|0 fnt\n|faint|p1a: Dragapult\n|\n|upkeep\n|\n|t:|1700270531\n|switch|p1a: Cinderace|Cinderace, F|100\/100\n|turn|14\n|c|\u2606Master MatMart|dragonite is him\n|c|\u2606Master MatMart|even tho the gender says her\n|\n|t:|1700270539\n|move|p2a: Dragonite|Extreme Speed|p1a: Cinderace\n|-damage|p1a: Cinderace|0 fnt\n|faint|p1a: Cinderace\n|\n|upkeep\n|\n|t:|1700270544\n|switch|p1a: Slowking|Slowking-Galar, M|100\/100\n|turn|15\n|\n|t:|1700270547\n|move|p2a: Dragonite|Earthquake|p1a: Slowking\n|-supereffective|p1a: Slowking\n|-damage|p1a: Slowking|0 fnt\n|faint|p1a: Slowking\n|\n|win|Master MatMart\n|raw|LucarioKing448's rating: 1142 &rarr; <strong>1119<\/strong><br \/>(-23 for losing)\n|raw|Master MatMart's rating: 1171 &rarr; <strong>1194<\/strong><br \/>(+23 for winning)\n|c|\u2606Master MatMart|gg\n|c|\u2606LucarioKing448|gg\n","uploadtime":1700270553,"views":18,"p1id":"lucarioking448","p2id":"mastermatmart","formatid":"gen9ou","rating":1119,"private":0,"password":""}