{"id":"gen9ou-1992850153","p1":"yvbdooiaoe","p2":"Woopertrooper905","format":"[Gen 9] OU","log":"|j|\u203dyvbdooiaoe\n|j|\u2606Woopertrooper905\n|t:|1700240837\n|gametype|singles\n|player|p1|yvbdooiaoe|169|1000\n|player|p2|Woopertrooper905|102|1047\n|teamsize|p1|6\n|teamsize|p2|6\n|gen|9\n|tier|[Gen 9] OU\n|rated|\n|rule|Sleep Clause Mod: Limit one foe put to sleep\n|rule|Species Clause: Limit one of each Pok\u00e9mon\n|rule|OHKO Clause: OHKO moves are banned\n|rule|Evasion Items Clause: Evasion items are banned\n|rule|Evasion Moves Clause: Evasion moves are banned\n|rule|Endless Battle Clause: Forcing endless battles is banned\n|rule|HP Percentage Mod: HP is shown in percentages\n|clearpoke\n|poke|p1|Walking Wake|\n|poke|p1|Maushold-Four|\n|poke|p1|Dragonite, M|\n|poke|p1|Weezing-Galar, F|\n|poke|p1|Great Tusk|\n|poke|p1|Muk-Alola, M|\n|poke|p2|Torkoal, M|\n|poke|p2|Lilligant, F|\n|poke|p2|Cloyster, F|\n|poke|p2|Brute Bonnet|\n|poke|p2|Slither Wing|\n|poke|p2|Trevenant, F|\n|teampreview\n|\n|t:|1700240857\n|start\n|switch|p1a: Walking Wake|Walking Wake|100\/100\n|switch|p2a: Bowser|Torkoal, M|100\/100\n|-weather|SunnyDay|[from] ability: Drought|[of] p2a: Bowser\n|-activate|p1a: Walking Wake|ability: Protosynthesis\n|-start|p1a: Walking Wake|protosynthesisspa\n|turn|1\n|\n|t:|1700240867\n|move|p1a: Walking Wake|Draco Meteor|p2a: Bowser\n|-damage|p2a: Bowser|17\/100\n|-unboost|p1a: Walking Wake|spa|2\n|move|p2a: Bowser|Yawn|p1a: Walking Wake\n|-start|p1a: Walking Wake|move: Yawn|[of] p2a: Bowser\n|\n|-weather|SunnyDay|[upkeep]\n|upkeep\n|turn|2\n|\n|t:|1700240878\n|-end|p1a: Walking Wake|Protosynthesis|[silent]\n|switch|p1a: Muk|Muk-Alola, M|100\/100\n|switch|p2a: Clulva|Cloyster, F|100\/100\n|\n|-weather|SunnyDay|[upkeep]\n|upkeep\n|turn|3\n|inactive|Battle timer is ON: inactive players will automatically lose when time's up. (requested by Woopertrooper905)\n|\n|t:|1700240893\n|move|p2a: Clulva|Shell Smash|p2a: Clulva\n|-unboost|p2a: Clulva|def|1\n|-unboost|p2a: Clulva|spd|1\n|-boost|p2a: Clulva|atk|2\n|-boost|p2a: Clulva|spa|2\n|-boost|p2a: Clulva|spe|2\n|-enditem|p2a: Clulva|White Herb\n|-clearnegativeboost|p2a: Clulva|[silent]\n|move|p1a: Muk|Drain Punch|p2a: Clulva\n|-supereffective|p2a: Clulva\n|-damage|p2a: Clulva|77\/100\n|\n|-weather|SunnyDay|[upkeep]\n|upkeep\n|turn|4\n|\n|t:|1700240910\n|move|p2a: Clulva|Rock Blast|p1a: Muk\n|-damage|p1a: Muk|85\/100\n|-damage|p1a: Muk|70\/100\n|-damage|p1a: Muk|55\/100\n|-damage|p1a: Muk|39\/100\n|-damage|p1a: Muk|23\/100\n|-hitcount|p1a: Muk|5\n|move|p1a: Muk|Knock Off|p2a: Clulva\n|-damage|p2a: Clulva|61\/100\n|-status|p2a: Clulva|psn|[from] ability: Poison Touch|[of] p1a: Muk\n|\n|-weather|SunnyDay|[upkeep]\n|-heal|p1a: Muk|29\/100|[from] item: Black Sludge\n|-damage|p2a: Clulva|49\/100 psn|[from] psn\n|upkeep\n|turn|5\n|\n|t:|1700240912\n|move|p1a: Muk|Protect|p1a: Muk\n|-singleturn|p1a: Muk|Protect\n|move|p2a: Clulva|Rock Blast|p1a: Muk\n|-activate|p1a: Muk|move: Protect\n|\n|-weather|SunnyDay|[upkeep]\n|-heal|p1a: Muk|35\/100|[from] item: Black Sludge\n|-damage|p2a: Clulva|36\/100 psn|[from] psn\n|upkeep\n|turn|6\n|\n|t:|1700240925\n|move|p2a: Clulva|Rock Blast|p1a: Muk\n|-damage|p1a: Muk|20\/100\n|-damage|p1a: Muk|4\/100\n|-damage|p1a: Muk|0 fnt\n|faint|p1a: Muk\n|-hitcount|p1: Muk|3\n|\n|-weather|SunnyDay|[upkeep]\n|-damage|p2a: Clulva|24\/100 psn|[from] psn\n|upkeep\n|\n|t:|1700240926\n|switch|p1a: Dragonite|Dragonite, M|100\/100\n|turn|7\n|\n|t:|1700240929\n|move|p1a: Dragonite|Extreme Speed|p2a: Clulva\n|-damage|p2a: Clulva|0 fnt\n|faint|p2a: Clulva\n|\n|-weather|SunnyDay|[upkeep]\n|upkeep\n|\n|t:|1700240933\n|switch|p2a: Bowser|Torkoal, M|17\/100\n|turn|8\n|\n|t:|1700240936\n|move|p1a: Dragonite|Extreme Speed|p2a: Bowser\n|-damage|p2a: Bowser|0 fnt\n|faint|p2a: Bowser\n|\n|-weather|none\n|upkeep\n|\n|t:|1700240941\n|switch|p2a: Tree dude|Trevenant, F|100\/100\n|turn|9\n|\n|t:|1700240945\n|switch|p1a: Weezing|Weezing-Galar, F|100\/100\n|move|p2a: Tree dude|Will-O-Wisp|p1a: Weezing\n|-status|p1a: Weezing|brn\n|\n|-damage|p1a: Weezing|95\/100 brn|[from] brn\n|upkeep\n|turn|10\n|\n|t:|1700240949\n|move|p1a: Weezing|Sludge Bomb|p2a: Tree dude\n|-damage|p2a: Tree dude|58\/100\n|-status|p2a: Tree dude|psn\n|move|p2a: Tree dude|Leech Seed|p1a: Weezing\n|-start|p1a: Weezing|move: Leech Seed\n|\n|-heal|p2a: Tree dude|64\/100 psn|[from] item: Leftovers\n|-damage|p1a: Weezing|82\/100 brn|[from] Leech Seed|[of] p2a: Tree dude\n|-heal|p2a: Tree dude|73\/100 psn|[silent]\n|-damage|p2a: Tree dude|60\/100 psn|[from] psn\n|-damage|p1a: Weezing|77\/100 brn|[from] brn\n|upkeep\n|turn|11\n|\n|t:|1700240957\n|switch|p1a: Dragonite|Dragonite, M|100\/100\n|move|p2a: Tree dude|Phantom Force||[still]\n|-prepare|p2a: Tree dude|Phantom Force\n|\n|-heal|p2a: Tree dude|67\/100 psn|[from] item: Leftovers\n|-damage|p2a: Tree dude|54\/100 psn|[from] psn\n|upkeep\n|turn|12\n|\n|t:|1700240965\n|switch|p1a: Maushold|Maushold-Four|100\/100\n|move|p2a: Tree dude|Phantom Force|p1a: Maushold|[from]lockedmove\n|-immune|p1a: Maushold\n|\n|-heal|p2a: Tree dude|60\/100 psn|[from] item: Leftovers\n|-damage|p2a: Tree dude|48\/100 psn|[from] psn\n|upkeep\n|turn|13\n|\n|t:|1700240969\n|move|p1a: Maushold|Encore|p2a: Tree dude\n|-start|p2a: Tree dude|Encore\n|move|p2a: Tree dude|Phantom Force||[still]\n|-prepare|p2a: Tree dude|Phantom Force\n|\n|-heal|p2a: Tree dude|54\/100 psn|[from] item: Leftovers\n|-damage|p2a: Tree dude|42\/100 psn|[from] psn\n|upkeep\n|turn|14\n|\n|t:|1700240974\n|move|p1a: Maushold|Tidy Up|p1a: Maushold\n|-boost|p1a: Maushold|atk|1\n|-boost|p1a: Maushold|spe|1\n|move|p2a: Tree dude|Phantom Force|p1a: Maushold|[from]lockedmove\n|-immune|p1a: Maushold\n|\n|-heal|p2a: Tree dude|48\/100 psn|[from] item: Leftovers\n|-damage|p2a: Tree dude|36\/100 psn|[from] psn\n|upkeep\n|turn|15\n|\n|t:|1700240981\n|-curestatus|p2a: Tree dude|psn|[from] ability: Natural Cure\n|switch|p2a: Walkarona|Slither Wing|100\/100\n|move|p1a: Maushold|Tidy Up|p1a: Maushold\n|-boost|p1a: Maushold|atk|1\n|-boost|p1a: Maushold|spe|1\n|\n|upkeep\n|turn|16\n|\n|t:|1700240985\n|move|p1a: Maushold|Population Bomb|p2a: Walkarona\n|-damage|p2a: Walkarona|73\/100\n|-damage|p2a: Walkarona|45\/100\n|-damage|p2a: Walkarona|16\/100\n|-damage|p2a: Walkarona|0 fnt\n|faint|p2a: Walkarona\n|-end|p2a: Walkarona|Protosynthesis|[silent]\n|-hitcount|p2: Walkarona|4\n|\n|upkeep\n|\n|t:|1700240991\n|switch|p2a: Angry ass mushy|Brute Bonnet|100\/100\n|turn|17\n|\n|t:|1700240994\n|move|p2a: Angry ass mushy|Sucker Punch|p1a: Maushold\n|-damage|p1a: Maushold|52\/100\n|move|p1a: Maushold|Population Bomb|p2a: Angry ass mushy\n|-damage|p2a: Angry ass mushy|87\/100\n|-damage|p2a: Angry ass mushy|75\/100\n|-damage|p2a: Angry ass mushy|63\/100\n|-damage|p2a: Angry ass mushy|50\/100\n|-damage|p2a: Angry ass mushy|38\/100\n|-damage|p2a: Angry ass mushy|25\/100\n|-damage|p2a: Angry ass mushy|12\/100\n|-damage|p2a: Angry ass mushy|0 fnt\n|faint|p2a: Angry ass mushy\n|-end|p2a: Angry ass mushy|Protosynthesis|[silent]\n|-hitcount|p2: Angry ass mushy|8\n|\n|upkeep\n|\n|t:|1700241001\n|switch|p2a: Dancing lady|Lilligant, F, shiny|100\/100\n|turn|18\n|\n|t:|1700241010\n|move|p1a: Maushold|Population Bomb|p2a: Dancing lady\n|-damage|p2a: Dancing lady|66\/100\n|-damage|p2a: Dancing lady|35\/100\n|-damage|p2a: Dancing lady|2\/100\n|-damage|p2a: Dancing lady|0 fnt\n|faint|p2a: Dancing lady\n|-hitcount|p2: Dancing lady|4\n|\n|upkeep\n|\n|t:|1700241013\n|switch|p2a: Tree dude|Trevenant, F|36\/100\n|turn|19\n|\n|t:|1700241019\n|move|p1a: Maushold|Bite|p2a: Tree dude\n|-supereffective|p2a: Tree dude\n|-damage|p2a: Tree dude|0 fnt\n|faint|p2a: Tree dude\n|\n|win|yvbdooiaoe\n|raw|yvbdooiaoe's rating: 1000 &rarr; <strong>1045<\/strong><br \/>(+45 for winning)\n|raw|Woopertrooper905's rating: 1047 &rarr; <strong>1028<\/strong><br \/>(-19 for losing)\n","uploadtime":1700241022,"views":17,"p1id":"yvbdooiaoe","p2id":"woopertrooper905","formatid":"gen9ou","rating":1028,"private":0,"password":""}