{"id":"gen9ou-1994766555","p1":"HBshb","p2":"chachoganon","format":"[Gen 9] OU","log":"|j|\u2606HBshb\n|j|\u2606chachoganon\n|t:|1700490677\n|gametype|singles\n|player|p1|HBshb|veteran|1045\n|player|p2|chachoganon|silver|1043\n|teamsize|p1|6\n|teamsize|p2|6\n|gen|9\n|tier|[Gen 9] OU\n|rated|\n|rule|Sleep Clause Mod: Limit one foe put to sleep\n|rule|Species Clause: Limit one of each Pok\u00e9mon\n|rule|OHKO Clause: OHKO moves are banned\n|rule|Evasion Items Clause: Evasion items are banned\n|rule|Evasion Moves Clause: Evasion moves are banned\n|rule|Endless Battle Clause: Forcing endless battles is banned\n|rule|HP Percentage Mod: HP is shown in percentages\n|clearpoke\n|poke|p1|Cinderace, F|\n|poke|p1|Slowking-Galar, F|\n|poke|p1|Rillaboom, M|\n|poke|p1|Landorus-Therian, M|\n|poke|p1|Zamazenta-*|\n|poke|p1|Kingambit, M|\n|poke|p2|Kilowattrel, F|\n|poke|p2|Inteleon, F|\n|poke|p2|Weavile, M|\n|poke|p2|Persian-Alola, F|\n|poke|p2|Tornadus, M|\n|poke|p2|Ribombee, F|\n|teampreview\n|inactive|Battle timer is ON: inactive players will automatically lose when time's up. (requested by chachoganon)\n|\n|t:|1700490694\n|start\n|switch|p1a: Illegal Substance|Slowking-Galar, F, shiny|100\/100\n|switch|p2a: Tornadus|Tornadus, M|100\/100\n|turn|1\n|c|\u2606chachoganon|sweep\n|\n|t:|1700490711\n|move|p2a: Tornadus|Air Slash|p1a: Illegal Substance\n|-damage|p1a: Illegal Substance|80\/100\n|move|p1a: Illegal Substance|Thunder Wave|p2a: Tornadus|[miss]\n|-miss|p1a: Illegal Substance|p2a: Tornadus\n|\n|upkeep\n|turn|2\n|\n|t:|1700490721\n|-terastallize|p2a: Tornadus|Ground\n|move|p2a: Tornadus|Air Slash|p1a: Illegal Substance\n|-damage|p1a: Illegal Substance|59\/100\n|cant|p1a: Illegal Substance|flinch\n|\n|upkeep\n|turn|3\n|inactive|HBshb has 120 seconds left.\n|\n|t:|1700490751\n|move|p2a: Tornadus|Psychic|p1a: Illegal Substance\n|-damage|p1a: Illegal Substance|40\/100\n|move|p1a: Illegal Substance|Ice Beam|p2a: Tornadus\n|-supereffective|p2a: Tornadus\n|-damage|p2a: Tornadus|34\/100\n|\n|upkeep\n|turn|4\n|\n|t:|1700490766\n|switch|p2a: Inteleon|Inteleon, F|100\/100\n|move|p1a: Illegal Substance|Ice Beam|p2a: Inteleon\n|-resisted|p2a: Inteleon\n|-damage|p2a: Inteleon|82\/100\n|\n|upkeep\n|turn|5\n|\n|t:|1700490781\n|move|p2a: Inteleon|Air Slash|p1a: Illegal Substance\n|-damage|p1a: Illegal Substance|24\/100\n|move|p1a: Illegal Substance|Thunder Wave|p2a: Inteleon|[miss]\n|-miss|p1a: Illegal Substance|p2a: Inteleon\n|\n|upkeep\n|turn|6\n|\n|t:|1700490793\n|switch|p1a: Great Tusk Hater|Kingambit, M|100\/100\n|move|p2a: Inteleon|Air Slash|p1a: Great Tusk Hater\n|-resisted|p1a: Great Tusk Hater\n|-damage|p1a: Great Tusk Hater|88\/100\n|\n|-heal|p1a: Great Tusk Hater|94\/100|[from] item: Leftovers\n|upkeep\n|turn|7\n|\n|t:|1700490812\n|switch|p2a: Kilowattrel|Kilowattrel, F|100\/100\n|move|p1a: Great Tusk Hater|Kowtow Cleave|p2a: Kilowattrel\n|-damage|p2a: Kilowattrel|13\/100\n|\n|-heal|p1a: Great Tusk Hater|100\/100|[from] item: Leftovers\n|upkeep\n|turn|8\n|\n|t:|1700490820\n|move|p1a: Great Tusk Hater|Sucker Punch|p2a: Kilowattrel\n|-crit|p2a: Kilowattrel\n|-damage|p2a: Kilowattrel|0 fnt\n|faint|p2a: Kilowattrel\n|\n|upkeep\n|\n|t:|1700490828\n|switch|p2a: Tornadus|Tornadus, M, tera:Ground|34\/100\n|turn|9\n|n|\u2606HBshb|hbshb\n|inactive|HBshb has 120 seconds left.\n|c|\u2606HBshb|ngl im getting done dirty with the T wave misses\n|\n|t:|1700490864\n|move|p1a: Great Tusk Hater|Sucker Punch|p2a: Tornadus\n|-damage|p2a: Tornadus|0 fnt\n|faint|p2a: Tornadus\n|\n|upkeep\n|inactive|chachoganon has 120 seconds left.\n|\n|t:|1700490902\n|switch|p2a: Weavile|Weavile, M|100\/100\n|-ability|p2a: Weavile|Pressure\n|turn|10\n|\n|t:|1700490910\n|-end|p1a: Great Tusk Hater|fallenundefined|[silent]\n|switch|p1a: Messi|Cinderace, F|100\/100\n|move|p2a: Weavile|Brick Break|p1a: Messi\n|-damage|p1a: Messi|66\/100\n|\n|upkeep\n|turn|11\n|inactive|chachoganon has 120 seconds left.\n|\n|t:|1700490925\n|switch|p2a: Persian|Persian-Alola, F|100\/100\n|move|p1a: Messi|Pyro Ball|p2a: Persian\n|-damage|p2a: Persian|0 fnt\n|faint|p2a: Persian\n|\n|upkeep\n|inactive|chachoganon has 120 seconds left.\n|inactive|chachoganon has 90 seconds left.\n|\n|t:|1700490983\n|switch|p2a: Inteleon|Inteleon, F|82\/100\n|turn|12\n|\n|t:|1700490990\n|move|p2a: Inteleon|Air Slash|p1a: Messi\n|-damage|p1a: Messi|28\/100\n|cant|p1a: Messi|flinch\n|\n|upkeep\n|turn|13\n|\n|t:|1700490998\n|switch|p1a: Great Tusk Hater|Kingambit, M|100\/100\n|move|p2a: Inteleon|Snipe Shot|p1a: Great Tusk Hater\n|-damage|p1a: Great Tusk Hater|63\/100\n|\n|-heal|p1a: Great Tusk Hater|70\/100|[from] item: Leftovers\n|upkeep\n|turn|14\n|inactive|chachoganon has 90 seconds left.\n|\n|t:|1700491007\n|move|p2a: Inteleon|Snipe Shot|p1a: Great Tusk Hater\n|-damage|p1a: Great Tusk Hater|31\/100\n|move|p1a: Great Tusk Hater|Kowtow Cleave|p2a: Inteleon\n|-damage|p2a: Inteleon|0 fnt\n|faint|p2a: Inteleon\n|\n|-heal|p1a: Great Tusk Hater|37\/100|[from] item: Leftovers\n|upkeep\n|inactive|chachoganon has 90 seconds left.\n|\n|t:|1700491023\n|switch|p2a: Ribombee|Ribombee, F|100\/100\n|turn|15\n|\n|t:|1700491029\n|-end|p1a: Great Tusk Hater|fallenundefined|[silent]\n|switch|p1a: Illegal Substance|Slowking-Galar, F, shiny|57\/100\n|move|p2a: Ribombee|Bug Buzz|p1a: Illegal Substance\n|-damage|p1a: Illegal Substance|33\/100\n|\n|upkeep\n|turn|16\n|inactive|chachoganon has 90 seconds left.\n|\n|t:|1700491039\n|switch|p1a: Bob|Landorus-Therian, M|100\/100\n|-ability|p1a: Bob|Intimidate|boost\n|-unboost|p2a: Ribombee|atk|1\n|move|p2a: Ribombee|Bug Buzz|p1a: Bob\n|-resisted|p1a: Bob\n|-damage|p1a: Bob|76\/100\n|\n|upkeep\n|turn|17\n|inactive|chachoganon has 90 seconds left.\n|-message|chachoganon forfeited.\n|\n|win|HBshb\n|raw|HBshb's rating: 1045 &rarr; <strong>1078<\/strong><br \/>(+33 for winning)\n|raw|chachoganon's rating: 1043 &rarr; <strong>1027<\/strong><br \/>(-16 for losing)\n|l|\u2606chachoganon\n|c|\u2606HBshb|bro did not sweep\n","uploadtime":1700491124,"views":5,"p1id":"hbshb","p2id":"chachoganon","formatid":"gen9ou","rating":1027,"private":0,"password":""}