{"id":"gen9ou-1993919564","p1":"AubreyOmori1","p2":"R. Caroline","format":"[Gen 9] OU","log":"|j|\u2606AubreyOmori1\n|j|\u2606R. Caroline\n|t:|1700375477\n|gametype|singles\n|player|p1|AubreyOmori1|roxie|1352\n|player|p2|R. Caroline|psychicf|1398\n|teamsize|p1|6\n|teamsize|p2|6\n|gen|9\n|tier|[Gen 9] OU\n|rated|\n|rule|Sleep Clause Mod: Limit one foe put to sleep\n|rule|Species Clause: Limit one of each Pok\u00e9mon\n|rule|OHKO Clause: OHKO moves are banned\n|rule|Evasion Items Clause: Evasion items are banned\n|rule|Evasion Moves Clause: Evasion moves are banned\n|rule|Endless Battle Clause: Forcing endless battles is banned\n|rule|HP Percentage Mod: HP is shown in percentages\n|clearpoke\n|poke|p1|Rillaboom, M|\n|poke|p1|Sneasler, F|\n|poke|p1|Zamazenta-*|\n|poke|p1|Heatran, M|\n|poke|p1|Hatterene, F|\n|poke|p1|Manaphy|\n|poke|p2|Noivern, M|\n|poke|p2|Ursaluna, M|\n|poke|p2|Chansey, F|\n|poke|p2|Scizor, F|\n|poke|p2|Mew|\n|poke|p2|Avalugg, M|\n|teampreview\n|\n|t:|1700375492\n|start\n|switch|p1a: Donkey Kong|Rillaboom, M, shiny|100\/100\n|switch|p2a: Boston Brand|Mew, shiny|100\/100\n|-fieldstart|move: Grassy Terrain|[from] ability: Grassy Surge|[of] p1a: Donkey Kong\n|turn|1\n|\n|t:|1700375498\n|move|p2a: Boston Brand|Volt Switch|p1a: Donkey Kong\n|-resisted|p1a: Donkey Kong\n|-damage|p1a: Donkey Kong|81\/100\n|\n|t:|1700375501\n|switch|p2a: Jonathan Osterman|Avalugg, M|100\/100|[from] Volt Switch\n|move|p1a: Donkey Kong|Knock Off|p2a: Jonathan Osterman\n|-damage|p2a: Jonathan Osterman|78\/100\n|-damage|p1a: Donkey Kong|64\/100|[from] item: Rocky Helmet|[of] p2a: Jonathan Osterman\n|-enditem|p2a: Jonathan Osterman|Rocky Helmet|[from] move: Knock Off|[of] p1a: Donkey Kong\n|\n|-heal|p1a: Donkey Kong|70\/100|[from] Grassy Terrain\n|-heal|p2a: Jonathan Osterman|85\/100|[from] Grassy Terrain\n|upkeep\n|turn|2\n|\n|t:|1700375513\n|switch|p1a: Ashlyn|Sneasler, F, shiny|100\/100\n|-enditem|p1a: Ashlyn|Grassy Seed\n|-boost|p1a: Ashlyn|def|1|[from] item: Grassy Seed\n|switch|p2a: Beatriz da Costa|Scizor, F, shiny|100\/100\n|\n|upkeep\n|turn|3\n|\n|t:|1700375521\n|move|p1a: Ashlyn|Swords Dance|p1a: Ashlyn\n|-boost|p1a: Ashlyn|atk|2\n|move|p2a: Beatriz da Costa|Acrobatics|p1a: Ashlyn\n|-supereffective|p1a: Ashlyn\n|-damage|p1a: Ashlyn|21\/100\n|\n|-heal|p1a: Ashlyn|27\/100|[from] Grassy Terrain\n|upkeep\n|turn|4\n|\n|t:|1700375530\n|move|p2a: Beatriz da Costa|Bullet Punch|p1a: Ashlyn\n|-damage|p1a: Ashlyn|0 fnt\n|faint|p1a: Ashlyn\n|\n|upkeep\n|\n|t:|1700375534\n|switch|p1a: Owen|Heatran, M, shiny|100\/100\n|-item|p1a: Owen|Air Balloon\n|turn|5\n|\n|t:|1700375540\n|switch|p2a: Jason Blood|Ursaluna, M, shiny|100\/100\n|move|p1a: Owen|Magma Storm|p2a: Jason Blood\n|-damage|p2a: Jason Blood|74\/100\n|-activate|p2a: Jason Blood|move: Magma Storm|[of] p1a: Owen\n|\n|-heal|p2a: Jason Blood|80\/100|[from] Grassy Terrain\n|-damage|p2a: Jason Blood|68\/100|[from] move: Magma Storm|[partiallytrapped]\n|-fieldend|move: Grassy Terrain\n|upkeep\n|turn|6\n|\n|t:|1700375548\n|switch|p1a: Donkey Kong|Rillaboom, M, shiny|70\/100\n|-fieldstart|move: Grassy Terrain|[from] ability: Grassy Surge|[of] p1a: Donkey Kong\n|move|p2a: Jason Blood|Payback|p1a: Donkey Kong\n|-damage|p1a: Donkey Kong|49\/100\n|\n|-heal|p1a: Donkey Kong|55\/100|[from] Grassy Terrain\n|-heal|p2a: Jason Blood|74\/100|[from] Grassy Terrain\n|-end|p2a: Jason Blood|Magma Storm|[partiallytrapped]|[silent]\n|upkeep\n|turn|7\n|\n|t:|1700375557\n|switch|p2a: Jonathan Osterman|Avalugg, M|85\/100\n|move|p1a: Donkey Kong|U-turn|p2a: Jonathan Osterman\n|-damage|p2a: Jonathan Osterman|69\/100\n|\n|t:|1700375560\n|switch|p1a: Oatchi|Zamazenta, shiny|100\/100|[from] U-turn\n|-ability|p1a: Oatchi|Dauntless Shield|boost\n|-boost|p1a: Oatchi|def|1\n|\n|-heal|p2a: Jonathan Osterman|75\/100|[from] Grassy Terrain\n|upkeep\n|turn|8\n|\n|t:|1700375567\n|switch|p2a: Bruce Wayne|Noivern, M|100\/100\n|move|p1a: Oatchi|Iron Defense|p1a: Oatchi\n|-boost|p1a: Oatchi|def|2\n|\n|upkeep\n|turn|9\n|\n|t:|1700375577\n|-terastallize|p1a: Oatchi|Steel\n|move|p2a: Bruce Wayne|Air Slash|p1a: Oatchi\n|-resisted|p1a: Oatchi\n|-damage|p1a: Oatchi|86\/100\n|move|p1a: Oatchi|Body Press|p2a: Bruce Wayne\n|-resisted|p2a: Bruce Wayne\n|-damage|p2a: Bruce Wayne|44\/100\n|\n|-heal|p1a: Oatchi|92\/100|[from] Grassy Terrain\n|-heal|p1a: Oatchi|98\/100|[from] item: Leftovers\n|upkeep\n|turn|10\n|\n|t:|1700375595\n|switch|p2a: Boston Brand|Mew, shiny|100\/100\n|move|p1a: Oatchi|Body Press|p2a: Boston Brand\n|-resisted|p2a: Boston Brand\n|-crit|p2a: Boston Brand\n|-damage|p2a: Boston Brand|30\/100\n|\n|-heal|p1a: Oatchi|100\/100|[from] Grassy Terrain\n|-heal|p2a: Boston Brand|36\/100|[from] Grassy Terrain\n|-fieldend|move: Grassy Terrain\n|upkeep\n|turn|11\n|\n|t:|1700375606\n|move|p1a: Oatchi|Body Press|p2a: Boston Brand\n|-resisted|p2a: Boston Brand\n|-damage|p2a: Boston Brand|0 fnt\n|faint|p2a: Boston Brand\n|\n|upkeep\n|\n|t:|1700375611\n|switch|p2a: Bruce Wayne|Noivern, M|44\/100\n|turn|12\n|\n|t:|1700375614\n|-terastallize|p2a: Bruce Wayne|Fire\n|move|p2a: Bruce Wayne|Flamethrower|p1a: Oatchi\n|-supereffective|p1a: Oatchi\n|-damage|p1a: Oatchi|18\/100\n|move|p1a: Oatchi|Body Press|p2a: Bruce Wayne\n|-damage|p2a: Bruce Wayne|0 fnt\n|faint|p2a: Bruce Wayne\n|\n|-heal|p1a: Oatchi|25\/100|[from] item: Leftovers\n|upkeep\n|\n|t:|1700375623\n|switch|p2a: Jonathan Osterman|Avalugg, M|75\/100\n|turn|13\n|\n|t:|1700375628\n|move|p1a: Oatchi|Body Press|p2a: Jonathan Osterman\n|-supereffective|p2a: Jonathan Osterman\n|-damage|p2a: Jonathan Osterman|0 fnt\n|faint|p2a: Jonathan Osterman\n|\n|-heal|p1a: Oatchi|31\/100|[from] item: Leftovers\n|upkeep\n|-message|R. Caroline forfeited.\n|\n|win|AubreyOmori1\n|raw|AubreyOmori1's rating: 1352 &rarr; <strong>1375<\/strong><br \/>(+23 for winning)\n|raw|R. Caroline's rating: 1398 &rarr; <strong>1375<\/strong><br \/>(-23 for losing)\n|l|\u2606R. Caroline\n","uploadtime":1700375636,"views":19,"p1id":"aubreyomori1","p2id":"rcaroline","formatid":"gen9ou","rating":1375,"private":0,"password":""}