{"id":"gen9ou-1999807157","p1":"lordcp801","p2":"Trickiest","format":"[Gen 9] OU","log":"|j|\u2606lordcp801\n|j|\u2606Trickiest\n|t:|1701118496\n|gametype|singles\n|player|p1|lordcp801|silver|1123\n|player|p2|Trickiest|blue|1162\n|teamsize|p1|6\n|teamsize|p2|6\n|gen|9\n|tier|[Gen 9] OU\n|rated|\n|rule|Sleep Clause Mod: Limit one foe put to sleep\n|rule|Species Clause: Limit one of each Pok\u00e9mon\n|rule|OHKO Clause: OHKO moves are banned\n|rule|Evasion Items Clause: Evasion items are banned\n|rule|Evasion Moves Clause: Evasion moves are banned\n|rule|Endless Battle Clause: Forcing endless battles is banned\n|rule|HP Percentage Mod: HP is shown in percentages\n|clearpoke\n|poke|p1|Ceruledge, F|\n|poke|p1|Quaquaval, M|\n|poke|p1|Hydreigon, F|\n|poke|p1|Rillaboom, M|\n|poke|p1|Iron Treads|\n|poke|p1|Golem-Alola, F|\n|poke|p2|Gholdengo|\n|poke|p2|Dragapult, F|\n|poke|p2|Rillaboom, F|\n|poke|p2|Hawlucha, M|\n|poke|p2|Iron Valiant|\n|poke|p2|Kingambit, F|\n|teampreview\n|inactive|Battle timer is ON: inactive players will automatically lose when time's up. (requested by Trickiest)\n|inactive|lordcp801 also wants the timer to be on.\n|\n|t:|1701118522\n|start\n|switch|p1a: Quaquaval|Quaquaval, M|100\/100\n|switch|p2a: Dragapult|Dragapult, F|100\/100\n|turn|1\n|\n|t:|1701118528\n|move|p2a: Dragapult|Thunder Wave|p1a: Quaquaval\n|-status|p1a: Quaquaval|par\n|move|p1a: Quaquaval|Knock Off|p2a: Dragapult\n|-supereffective|p2a: Dragapult\n|-damage|p2a: Dragapult|17\/100\n|-enditem|p2a: Dragapult|Light Clay|[from] move: Knock Off|[of] p1a: Quaquaval\n|\n|upkeep\n|turn|2\n|\n|t:|1701118551\n|move|p2a: Dragapult|Hex|p1a: Quaquaval\n|-damage|p1a: Quaquaval|25\/100 par\n|cant|p1a: Quaquaval|par\n|\n|-heal|p1a: Quaquaval|31\/100 par|[from] item: Leftovers\n|upkeep\n|turn|3\n|\n|t:|1701118555\n|move|p2a: Dragapult|Hex|p1a: Quaquaval\n|-damage|p1a: Quaquaval|0 fnt\n|faint|p1a: Quaquaval\n|\n|upkeep\n|\n|t:|1701118565\n|switch|p1a: Ceruledge|Ceruledge, F|100\/100\n|turn|4\n|\n|t:|1701118577\n|move|p1a: Ceruledge|Shadow Sneak|p2a: Dragapult\n|-supereffective|p2a: Dragapult\n|-damage|p2a: Dragapult|0 fnt\n|faint|p2a: Dragapult\n|\n|upkeep\n|inactive|Trickiest has 120 seconds left.\n|inactive|Trickiest has 90 seconds left.\n|\n|t:|1701118650\n|switch|p2a: Kingambit|Kingambit, F|100\/100\n|-activate|p2a: Kingambit|ability: Supreme Overlord\n|-start|p2a: Kingambit|fallen1|[silent]\n|turn|5\n|\n|t:|1701118656\n|-terastallize|p1a: Ceruledge|Fire\n|move|p2a: Kingambit|Sucker Punch||[still]\n|-fail|p2a: Kingambit\n|move|p1a: Ceruledge|Swords Dance|p1a: Ceruledge\n|-boost|p1a: Ceruledge|atk|2\n|\n|upkeep\n|turn|6\n|inactive|Trickiest has 60 seconds left.\n|\n|t:|1701118692\n|move|p2a: Kingambit|Sucker Punch|p1a: Ceruledge\n|-damage|p1a: Ceruledge|31\/100\n|-ability|p1a: Ceruledge|Weak Armor|boost\n|-unboost|p1a: Ceruledge|def|1\n|-boost|p1a: Ceruledge|spe|2\n|move|p1a: Ceruledge|Bitter Blade|p2a: Kingambit\n|-supereffective|p2a: Kingambit\n|-damage|p2a: Kingambit|0 fnt\n|-heal|p1a: Ceruledge|99\/100|[from] drain|[of] p2a: Kingambit\n|faint|p2a: Kingambit\n|-end|p2a: Kingambit|fallen1|[silent]\n|\n|upkeep\n|c|\u2606Trickiest|this thing kills my entire team lol\n|c|\u2606Trickiest|bad matchup\n|inactive|Trickiest has 30 seconds left.\n|inactive|Trickiest has 20 seconds left.\n|\n|t:|1701118735\n|switch|p2a: Rillaboom|Rillaboom, F|100\/100\n|-fieldstart|move: Grassy Terrain|[from] ability: Grassy Surge|[of] p2a: Rillaboom\n|turn|7\n|inactive|Trickiest has 30 seconds left this turn.\n|inactive|Trickiest has 20 seconds left.\n|inactive|Trickiest has 15 seconds left.\n|inactive|Trickiest has 10 seconds left.\n|\n|t:|1701118757\n|move|p2a: Rillaboom|Grassy Glide|p1a: Ceruledge\n|-resisted|p1a: Ceruledge\n|-damage|p1a: Ceruledge|43\/100\n|-ability|p1a: Ceruledge|Weak Armor|boost\n|-unboost|p1a: Ceruledge|def|1\n|-boost|p1a: Ceruledge|spe|2\n|move|p1a: Ceruledge|Bitter Blade|p2a: Rillaboom\n|-supereffective|p2a: Rillaboom\n|-damage|p2a: Rillaboom|0 fnt\n|-heal|p1a: Ceruledge|100\/100|[from] drain|[of] p2a: Rillaboom\n|faint|p2a: Rillaboom\n|\n|upkeep\n|inactive|Trickiest has 15 seconds left this turn.\n|\n|t:|1701118762\n|switch|p2a: Hawlucha|Hawlucha, M|100\/100\n|-enditem|p2a: Hawlucha|Grassy Seed\n|-boost|p2a: Hawlucha|def|1|[from] item: Grassy Seed\n|turn|8\n|inactive|Trickiest has 25 seconds left this turn.\n|inactive|Trickiest has 20 seconds left.\n|inactive|Trickiest has 15 seconds left.\n|inactive|Trickiest has 10 seconds left.\n|inactive|Trickiest has 5 seconds left.\n|\n|t:|1701118785\n|move|p1a: Ceruledge|Shadow Sneak|p2a: Hawlucha\n|-damage|p2a: Hawlucha|61\/100\n|move|p2a: Hawlucha|Acrobatics|p1a: Ceruledge\n|-enditem|p1a: Ceruledge|Focus Sash\n|-damage|p1a: Ceruledge|1\/100\n|-ability|p1a: Ceruledge|Weak Armor|boost\n|-unboost|p1a: Ceruledge|def|1\n|-boost|p1a: Ceruledge|spe|2\n|\n|-heal|p1a: Ceruledge|7\/100|[from] Grassy Terrain\n|upkeep\n|turn|9\n|inactive|Trickiest has 15 seconds left this turn.\n|inactive|Trickiest has 10 seconds left.\n|\n|t:|1701118792\n|move|p1a: Ceruledge|Shadow Sneak|p2a: Hawlucha\n|-damage|p2a: Hawlucha|21\/100\n|move|p2a: Hawlucha|Acrobatics|p1a: Ceruledge\n|-damage|p1a: Ceruledge|0 fnt\n|faint|p1a: Ceruledge\n|\n|upkeep\n|inactive|Trickiest has 15 seconds left this turn.\n|\n|t:|1701118794\n|switch|p1a: Rillaboom|Rillaboom, M|100\/100\n|turn|10\n|inactive|Trickiest has 25 seconds left this turn.\n|inactive|Trickiest has 20 seconds left.\n|inactive|Trickiest has 15 seconds left.\n|\n|t:|1701118807\n|move|p1a: Rillaboom|Grassy Glide|p2a: Hawlucha\n|-resisted|p2a: Hawlucha\n|-damage|p2a: Hawlucha|0 fnt\n|faint|p2a: Hawlucha\n|\n|upkeep\n|inactive|Trickiest has 20 seconds left this turn.\n|inactive|Trickiest has 15 seconds left.\n|inactive|Trickiest has 10 seconds left.\n|\n|t:|1701118821\n|switch|p2a: Gholdengo|Gholdengo|100\/100\n|turn|11\n|inactive|Trickiest has 20 seconds left this turn.\n|inactive|Trickiest has 15 seconds left.\n|inactive|Trickiest has 10 seconds left.\n|\n|t:|1701118834\n|switch|p1a: Hydreigon|Hydreigon, F|100\/100\n|move|p2a: Gholdengo|Nasty Plot|p2a: Gholdengo\n|-boost|p2a: Gholdengo|spa|2\n|\n|-fieldend|move: Grassy Terrain\n|upkeep\n|turn|12\n|inactive|Trickiest has 20 seconds left this turn.\n|inactive|Trickiest has 15 seconds left.\n|\n|t:|1701118843\n|move|p1a: Hydreigon|Dark Pulse|p2a: Gholdengo\n|-supereffective|p2a: Gholdengo\n|-damage|p2a: Gholdengo|7\/100\n|-enditem|p2a: Gholdengo|Salac Berry|[eat]\n|-boost|p2a: Gholdengo|spe|1|[from] item: Salac Berry\n|move|p2a: Gholdengo|Focus Blast|p1a: Hydreigon|[miss]\n|-miss|p2a: Gholdengo|p1a: Hydreigon\n|\n|upkeep\n|turn|13\n|inactive|Trickiest has 25 seconds left this turn.\n|inactive|Trickiest has 20 seconds left.\n|inactive|Trickiest has 15 seconds left.\n|c|\u2606Trickiest|LMFAOOOOOOOOOOOOOOOOOO\n|inactive|Trickiest has 10 seconds left.\n|\n|t:|1701118859\n|move|p1a: Hydreigon|Dark Pulse|p2a: Gholdengo\n|-supereffective|p2a: Gholdengo\n|-damage|p2a: Gholdengo|0 fnt\n|faint|p2a: Gholdengo\n|\n|upkeep\n|inactive|Trickiest has 15 seconds left this turn.\n|\n|t:|1701118862\n|switch|p2a: Iron Valiant|Iron Valiant|100\/100\n|-enditem|p2a: Iron Valiant|Booster Energy\n|-activate|p2a: Iron Valiant|ability: Quark Drive|[fromitem]\n|-start|p2a: Iron Valiant|quarkdrivespe\n|turn|14\n|inactive|Trickiest has 25 seconds left this turn.\n|c|\u2606Trickiest|bro\n|c|\u2606Trickiest|you fking suck\n|c|\u2606Trickiest|geniunely lmfao\n|inactive|Trickiest has 20 seconds left.\n|c|\u2606Trickiest|take the free w\n|inactive|Trickiest has 15 seconds left.\n|\n|t:|1701118874\n|move|p2a: Iron Valiant|Moonblast|p1a: Hydreigon\n|-supereffective|p1a: Hydreigon\n|-damage|p1a: Hydreigon|0 fnt\n|faint|p1a: Hydreigon\n|\n|upkeep\n|inactive|Trickiest has 20 seconds left this turn.\n|\n|t:|1701118882\n|switch|p1a: Rillaboom|Rillaboom, M|100\/100\n|-fieldstart|move: Grassy Terrain|[from] ability: Grassy Surge|[of] p1a: Rillaboom\n|turn|15\n|inactive|Trickiest has 30 seconds left this turn.\n|inactive|Trickiest has 20 seconds left.\n|inactive|Trickiest has 15 seconds left.\n|\n|t:|1701118900\n|-terastallize|p2a: Iron Valiant|Steel\n|move|p1a: Rillaboom|Grassy Glide|p2a: Iron Valiant\n|-resisted|p2a: Iron Valiant\n|-damage|p2a: Iron Valiant|68\/100\n|move|p2a: Iron Valiant|Moonblast|p1a: Rillaboom\n|-damage|p1a: Rillaboom|40\/100\n|-unboost|p1a: Rillaboom|spa|1\n|\n|-heal|p2a: Iron Valiant|75\/100|[from] Grassy Terrain\n|-heal|p1a: Rillaboom|47\/100|[from] Grassy Terrain\n|upkeep\n|turn|16\n|inactive|Trickiest has 25 seconds left this turn.\n|inactive|Trickiest has 20 seconds left.\n|\n|t:|1701118909\n|move|p1a: Rillaboom|Grassy Glide|p2a: Iron Valiant\n|-resisted|p2a: Iron Valiant\n|-damage|p2a: Iron Valiant|38\/100\n|move|p2a: Iron Valiant|Moonblast|p1a: Rillaboom\n|-damage|p1a: Rillaboom|0 fnt\n|faint|p1a: Rillaboom\n|\n|-heal|p2a: Iron Valiant|44\/100|[from] Grassy Terrain\n|upkeep\n|inactive|Trickiest has 25 seconds left this turn.\n|\n|t:|1701118914\n|switch|p1a: Iron Treads|Iron Treads|100\/100\n|-enditem|p1a: Iron Treads|Booster Energy\n|-activate|p1a: Iron Treads|ability: Quark Drive|[fromitem]\n|-start|p1a: Iron Treads|quarkdrivespe\n|turn|17\n|inactive|Trickiest has 30 seconds left.\n|inactive|Trickiest has 20 seconds left.\n|\n|t:|1701118930\n|move|p2a: Iron Valiant|Focus Blast|p1a: Iron Treads\n|-supereffective|p1a: Iron Treads\n|-damage|p1a: Iron Treads|0 fnt\n|faint|p1a: Iron Treads\n|-end|p1a: Iron Treads|Quark Drive|[silent]\n|\n|-heal|p2a: Iron Valiant|50\/100|[from] Grassy Terrain\n|upkeep\n|inactive|Trickiest has 25 seconds left this turn.\n|\n|t:|1701118933\n|switch|p1a: Golem|Golem-Alola, F|100\/100\n|turn|18\n|inactive|Trickiest has 30 seconds left.\n|\n|t:|1701118941\n|move|p2a: Iron Valiant|Focus Blast|p1a: Golem\n|-supereffective|p1a: Golem\n|-damage|p1a: Golem|0 fnt\n|faint|p1a: Golem\n|\n|win|Trickiest\n|raw|lordcp801's rating: 1123 &rarr; <strong>1101<\/strong><br \/>(-22 for losing)\n|raw|Trickiest's rating: 1162 &rarr; <strong>1184<\/strong><br \/>(+22 for winning)\n","uploadtime":1701118867,"views":2,"p1id":"lordcp801","p2id":"trickiest","formatid":"gen9ou","rating":1101,"private":0,"password":""}