{"id":"gen9ou-2000265070","p1":"tooth0489","p2":"Skaraptor2.1","format":"[Gen 9] OU","log":"|j|\u2606tooth0489\n|j|\u2606Skaraptor2.1\n|t:|1701179217\n|gametype|singles\n|player|p1|tooth0489|youngster|1385\n|player|p2|Skaraptor2.1|bodybuilderf-gen9|1364\n|teamsize|p1|6\n|teamsize|p2|6\n|gen|9\n|tier|[Gen 9] OU\n|rated|\n|rule|Sleep Clause Mod: Limit one foe put to sleep\n|rule|Species Clause: Limit one of each Pok\u00e9mon\n|rule|OHKO Clause: OHKO moves are banned\n|rule|Evasion Items Clause: Evasion items are banned\n|rule|Evasion Moves Clause: Evasion moves are banned\n|rule|Endless Battle Clause: Forcing endless battles is banned\n|rule|HP Percentage Mod: HP is shown in percentages\n|clearpoke\n|poke|p1|Zangoose, F|\n|poke|p1|Volcanion|\n|poke|p1|Kommo-o, F|\n|poke|p1|Iron Moth|\n|poke|p1|Ogerpon-Cornerstone, F|\n|poke|p1|Clawitzer, F|\n|poke|p2|Ribombee, M|\n|poke|p2|Ogerpon-Wellspring, F|\n|poke|p2|Gholdengo|\n|poke|p2|Zamazenta-*|\n|poke|p2|Iron Valiant|\n|poke|p2|Kingambit, F|\n|teampreview\n|inactive|Battle timer is ON: inactive players will automatically lose when time's up. (requested by Skaraptor2.1)\n|\n|t:|1701179237\n|start\n|switch|p1a: Zangoose|Zangoose, F|100\/100\n|switch|p2a: Twink|Ribombee, M|100\/100\n|turn|1\n|\n|t:|1701179251\n|move|p2a: Twink|Stun Spore|p1a: Zangoose\n|-status|p1a: Zangoose|par\n|move|p1a: Zangoose|Facade|p2a: Twink\n|-enditem|p2a: Twink|Focus Sash\n|-damage|p2a: Twink|1\/100\n|\n|upkeep\n|turn|2\n|\n|t:|1701179256\n|move|p1a: Zangoose|Quick Attack|p2a: Twink\n|-damage|p2a: Twink|0 fnt\n|faint|p2a: Twink\n|\n|upkeep\n|\n|t:|1701179262\n|switch|p2a: Bigender|Iron Valiant|100\/100\n|-enditem|p2a: Bigender|Booster Energy\n|-activate|p2a: Bigender|ability: Quark Drive|[fromitem]\n|-start|p2a: Bigender|quarkdrivespe\n|turn|3\n|\n|t:|1701179266\n|cant|p1a: Zangoose|par\n|move|p2a: Bigender|Calm Mind|p2a: Bigender\n|-boost|p2a: Bigender|spa|1\n|-boost|p2a: Bigender|spd|1\n|\n|upkeep\n|turn|4\n|\n|t:|1701179271\n|move|p2a: Bigender|Moonblast|p1a: Zangoose\n|-damage|p1a: Zangoose|0 fnt\n|faint|p1a: Zangoose\n|\n|upkeep\n|\n|t:|1701179280\n|switch|p1a: Iron Moth|Iron Moth|100\/100\n|-enditem|p1a: Iron Moth|Booster Energy\n|-activate|p1a: Iron Moth|ability: Quark Drive|[fromitem]\n|-start|p1a: Iron Moth|quarkdrivespa\n|turn|5\n|\n|t:|1701179285\n|-terastallize|p1a: Iron Moth|Fire\n|move|p2a: Bigender|Destiny Bond|p2a: Bigender\n|-singlemove|p2a: Bigender|Destiny Bond\n|move|p1a: Iron Moth|Sludge Wave|p2a: Bigender\n|-supereffective|p2a: Bigender\n|-damage|p2a: Bigender|0 fnt\n|faint|p2a: Bigender\n|-activate|p2a: Bigender|move: Destiny Bond\n|-end|p2a: Bigender|Quark Drive|[silent]\n|faint|p1a: Iron Moth\n|-end|p1a: Iron Moth|Quark Drive|[silent]\n|\n|upkeep\n|\n|t:|1701179293\n|switch|p2a: Transfem|Ogerpon-Wellspring, F|100\/100\n|switch|p1a: Clawitzer|Clawitzer, F, shiny|100\/100\n|turn|6\n|\n|t:|1701179302\n|move|p2a: Transfem|Knock Off|p1a: Clawitzer\n|-damage|p1a: Clawitzer|60\/100\n|-enditem|p1a: Clawitzer|Choice Specs|[from] move: Knock Off|[of] p2a: Transfem\n|move|p1a: Clawitzer|Dragon Pulse|p2a: Transfem\n|-damage|p2a: Transfem|47\/100\n|\n|upkeep\n|turn|7\n|\n|t:|1701179307\n|move|p2a: Transfem|Horn Leech|p1a: Clawitzer\n|-supereffective|p1a: Clawitzer\n|-damage|p1a: Clawitzer|0 fnt\n|-heal|p2a: Transfem|81\/100|[from] drain|[of] p1a: Clawitzer\n|faint|p1a: Clawitzer\n|\n|upkeep\n|\n|t:|1701179312\n|switch|p1a: Ogerpon|Ogerpon-Cornerstone, F|100\/100\n|turn|8\n|\n|t:|1701179318\n|switch|p1a: Volcanion|Volcanion|100\/100\n|move|p2a: Transfem|Ivy Cudgel|p1a: Volcanion|[anim] Ivy Cudgel Water\n|-immune|p1a: Volcanion|[from] ability: Water Absorb\n|\n|upkeep\n|turn|9\n|\n|t:|1701179322\n|move|p2a: Transfem|Knock Off|p1a: Volcanion\n|-damage|p1a: Volcanion|69\/100\n|-enditem|p1a: Volcanion|Shuca Berry|[from] move: Knock Off|[of] p2a: Transfem\n|move|p1a: Volcanion|Sludge Bomb|p2a: Transfem\n|-supereffective|p2a: Transfem\n|-damage|p2a: Transfem|0 fnt\n|faint|p2a: Transfem\n|\n|upkeep\n|\n|t:|1701179331\n|switch|p2a: HRT Prices|Gholdengo|100\/100\n|-item|p2a: HRT Prices|Air Balloon\n|turn|10\n|l|\u2606Skaraptor2.1\n|inactive|Skaraptor2.1 disconnected and has a minute to reconnect!\n|player|p2|\n|inactive|tooth0489 has 120 seconds left.\n|j|\u2606Skaraptor2.1\n|inactive|Skaraptor2.1 reconnected.\n|player|p2|Skaraptor2.1|bodybuilderf-gen9\n|inactive|tooth0489 has 90 seconds left.\n|inactive|tooth0489 has 60 seconds left.\n|inactive|tooth0489 has 30 seconds left.\n|l|\u2606tooth0489\n|inactive|tooth0489 disconnected and has a minute to reconnect!\n|player|p1|\n|inactive|tooth0489 has 20 seconds left.\n|inactive|tooth0489 has 15 seconds left.\n|inactive|tooth0489 has 10 seconds left.\n|inactive|tooth0489 has 5 seconds left.\n|-message|tooth0489 lost due to inactivity.\n|\n|win|Skaraptor2.1\n|raw|tooth0489's rating: 1385 &rarr; <strong>1364<\/strong><br \/>(-21 for losing)\n|raw|Skaraptor2.1's rating: 1364 &rarr; <strong>1385<\/strong><br \/>(+21 for winning)\n","uploadtime":1701179486,"views":5,"p1id":"tooth0489","p2id":"skaraptor21","formatid":"gen9ou","rating":1364,"private":0,"password":""}