{"id":"gen9ou-1994567299","p1":"sloppymakeout","p2":"LittleRek2","format":"[Gen 9] OU","log":"|j|\u2606sloppymakeout\n|j|\u2606LittleRek2\n|t:|1700461156\n|gametype|singles\n|player|p1|sloppymakeout|fantina|1145\n|player|p2|LittleRek2|cynthia|1125\n|teamsize|p1|6\n|teamsize|p2|6\n|gen|9\n|tier|[Gen 9] OU\n|rated|\n|rule|Sleep Clause Mod: Limit one foe put to sleep\n|rule|Species Clause: Limit one of each Pok\u00e9mon\n|rule|OHKO Clause: OHKO moves are banned\n|rule|Evasion Items Clause: Evasion items are banned\n|rule|Evasion Moves Clause: Evasion moves are banned\n|rule|Endless Battle Clause: Forcing endless battles is banned\n|rule|HP Percentage Mod: HP is shown in percentages\n|clearpoke\n|poke|p1|Zapdos-Galar|\n|poke|p1|Heatran, F|\n|poke|p1|Rotom-Wash|\n|poke|p1|Kingambit, M|\n|poke|p1|Great Tusk|\n|poke|p1|Walking Wake|\n|poke|p2|Dragonite, M|\n|poke|p2|Manaphy|\n|poke|p2|Cinderace, M|\n|poke|p2|Gengar, M|\n|poke|p2|Hoopa-Unbound|\n|poke|p2|Hatterene, F|\n|teampreview\n|inactive|Battle timer is ON: inactive players will automatically lose when time's up. (requested by LittleRek2)\n|inactive|sloppymakeout has 120 seconds left.\n|\n|t:|1700461195\n|start\n|switch|p1a: Rotom|Rotom-Wash|100\/100\n|switch|p2a: Dragonite|Dragonite, M|100\/100\n|turn|1\n|\n|t:|1700461215\n|switch|p2a: Hatterene|Hatterene, F|100\/100\n|move|p1a: Rotom|Thunder Wave|p2a: Hatterene\n|move|p2a: Hatterene|Thunder Wave|p1a: Rotom|[from]ability: Magic Bounce\n|-immune|p1a: Rotom\n|\n|upkeep\n|turn|2\n|\n|t:|1700461229\n|move|p1a: Rotom|Volt Switch|p2a: Hatterene\n|-damage|p2a: Hatterene|73\/100\n|\n|t:|1700461236\n|switch|p1a: Walking Wake|Walking Wake|100\/100|[from] Volt Switch\n|move|p2a: Hatterene|Trick Room|p2a: Hatterene\n|-fieldstart|move: Trick Room|[of] p2a: Hatterene\n|\n|-heal|p2a: Hatterene|79\/100|[from] item: Leftovers\n|upkeep\n|turn|3\n|inactive|sloppymakeout has 120 seconds left.\n|\n|t:|1700461262\n|move|p2a: Hatterene|Misty Explosion|p1a: Walking Wake\n|-supereffective|p1a: Walking Wake\n|-damage|p1a: Walking Wake|0 fnt\n|faint|p2a: Hatterene\n|faint|p1a: Walking Wake\n|-end|p1a: Walking Wake|Protosynthesis|[silent]\n|\n|upkeep\n|inactive|sloppymakeout has 120 seconds left.\n|\n|t:|1700461280\n|switch|p2a: Hoopa|Hoopa-Unbound|100\/100\n|switch|p1a: Kingambit|Kingambit, M|100\/100\n|-activate|p1a: Kingambit|ability: Supreme Overlord\n|-start|p1a: Kingambit|fallen1|[silent]\n|turn|4\n|inactive|sloppymakeout has 120 seconds left.\n|\n|t:|1700461289\n|move|p1a: Kingambit|Kowtow Cleave|p2a: Hoopa\n|-damage|p2a: Hoopa|30\/100\n|move|p2a: Hoopa|Focus Blast|p1a: Kingambit|[miss]\n|-miss|p2a: Hoopa|p1a: Kingambit\n|\n|upkeep\n|turn|5\n|\n|t:|1700461297\n|move|p1a: Kingambit|Kowtow Cleave|p2a: Hoopa\n|-damage|p2a: Hoopa|0 fnt\n|faint|p2a: Hoopa\n|\n|upkeep\n|\n|t:|1700461308\n|switch|p2a: Manaphy|Manaphy|100\/100\n|turn|6\n|inactive|sloppymakeout has 120 seconds left.\n|\n|t:|1700461332\n|-end|p1a: Kingambit|fallen1|[silent]\n|switch|p1a: Rotom|Rotom-Wash|100\/100\n|move|p2a: Manaphy|Tail Glow|p2a: Manaphy\n|-boost|p2a: Manaphy|spa|3\n|\n|-fieldend|move: Trick Room\n|upkeep\n|turn|7\n|\n|t:|1700461345\n|move|p2a: Manaphy|Stored Power|p1a: Rotom\n|-damage|p1a: Rotom|44\/100\n|move|p1a: Rotom|Volt Switch|p2a: Manaphy\n|-supereffective|p2a: Manaphy\n|-damage|p2a: Manaphy|47\/100\n|inactive|sloppymakeout has 120 seconds left.\n|\n|t:|1700461366\n|switch|p1a: Heatran|Heatran, F|100\/100|[from] Volt Switch\n|\n|upkeep\n|turn|8\n|\n|t:|1700461370\n|-terastallize|p1a: Heatran|Grass\n|move|p2a: Manaphy|Surf|p1a: Heatran\n|-resisted|p1a: Heatran\n|-damage|p1a: Heatran|68\/100\n|move|p1a: Heatran|Earth Power|p2a: Manaphy\n|-damage|p2a: Manaphy|23\/100\n|-enditem|p2a: Manaphy|Salac Berry|[eat]\n|-boost|p2a: Manaphy|spe|1|[from] item: Salac Berry\n|\n|-heal|p1a: Heatran|74\/100|[from] item: Leftovers\n|upkeep\n|turn|9\n|inactive|sloppymakeout has 120 seconds left.\n|\n|t:|1700461389\n|move|p2a: Manaphy|Ice Beam|p1a: Heatran\n|-supereffective|p1a: Heatran\n|-crit|p1a: Heatran\n|-damage|p1a: Heatran|0 fnt\n|faint|p1a: Heatran\n|\n|upkeep\n|\n|t:|1700461398\n|switch|p1a: Kingambit|Kingambit, M|100\/100\n|-activate|p1a: Kingambit|ability: Supreme Overlord\n|-start|p1a: Kingambit|fallen2|[silent]\n|turn|10\n|\n|t:|1700461403\n|move|p1a: Kingambit|Sucker Punch||[still]\n|-fail|p1a: Kingambit\n|move|p2a: Manaphy|Tail Glow|p2a: Manaphy\n|-boost|p2a: Manaphy|spa|3\n|\n|upkeep\n|turn|11\n|\n|t:|1700461409\n|move|p1a: Kingambit|Sucker Punch||[still]\n|-fail|p1a: Kingambit\n|move|p2a: Manaphy|Tail Glow|p2a: Manaphy\n|-boost|p2a: Manaphy|spa|0\n|\n|upkeep\n|turn|12\n|inactive|sloppymakeout has 120 seconds left.\n|\n|t:|1700461430\n|move|p2a: Manaphy|Surf|p1a: Kingambit\n|-damage|p1a: Kingambit|0 fnt\n|faint|p1a: Kingambit\n|-end|p1a: Kingambit|fallen2|[silent]\n|\n|upkeep\n|\n|t:|1700461434\n|switch|p1a: Zapdos|Zapdos-Galar|100\/100\n|turn|13\n|\n|t:|1700461439\n|move|p2a: Manaphy|Stored Power|p1a: Zapdos\n|-supereffective|p1a: Zapdos\n|-damage|p1a: Zapdos|0 fnt\n|faint|p1a: Zapdos\n|\n|upkeep\n|\n|t:|1700461444\n|switch|p1a: Rotom|Rotom-Wash|44\/100\n|turn|14\n|\n|t:|1700461447\n|move|p2a: Manaphy|Stored Power|p1a: Rotom\n|-damage|p1a: Rotom|0 fnt\n|faint|p1a: Rotom\n|\n|upkeep\n|\n|t:|1700461452\n|switch|p1a: Great Tusk|Great Tusk|100\/100\n|turn|15\n|\n|t:|1700461455\n|move|p2a: Manaphy|Surf|p1a: Great Tusk\n|-supereffective|p1a: Great Tusk\n|-damage|p1a: Great Tusk|0 fnt\n|faint|p1a: Great Tusk\n|-end|p1a: Great Tusk|Protosynthesis|[silent]\n|\n|win|LittleRek2\n|raw|sloppymakeout's rating: 1145 &rarr; <strong>1119<\/strong><br \/>(-26 for losing)\n|raw|LittleRek2's rating: 1125 &rarr; <strong>1151<\/strong><br \/>(+26 for winning)\n","uploadtime":1700461495,"views":14,"p1id":"sloppymakeout","p2id":"littlerek2","formatid":"gen9ou","rating":1119,"private":0,"password":""}