{"id":"gen9ou-1997793186","p1":"SirBoogerBrain","p2":"Matchday","format":"[Gen 9] OU","log":"|j|\u2606SirBoogerBrain\n|j|\u2606Matchday\n|t:|1700853288\n|gametype|singles\n|player|p1|SirBoogerBrain|burglar-gen2|1258\n|player|p2|Matchday|birdkeeper-gen4dp|1239\n|teamsize|p1|6\n|teamsize|p2|6\n|gen|9\n|tier|[Gen 9] OU\n|rated|\n|rule|Sleep Clause Mod: Limit one foe put to sleep\n|rule|Species Clause: Limit one of each Pok\u00e9mon\n|rule|OHKO Clause: OHKO moves are banned\n|rule|Evasion Items Clause: Evasion items are banned\n|rule|Evasion Moves Clause: Evasion moves are banned\n|rule|Endless Battle Clause: Forcing endless battles is banned\n|rule|HP Percentage Mod: HP is shown in percentages\n|clearpoke\n|poke|p1|Iron Valiant|\n|poke|p1|Kingambit, F|\n|poke|p1|Great Tusk|\n|poke|p1|Garchomp, F|\n|poke|p1|Moltres|\n|poke|p1|Amoonguss, M|\n|poke|p2|Fezandipiti, M|\n|poke|p2|Enamorus, F|\n|poke|p2|Brambleghast, F|\n|poke|p2|Shiftry, F|\n|poke|p2|Gholdengo|\n|poke|p2|Samurott-Hisui, M|\n|teampreview\n|inactive|Battle timer is ON: inactive players will automatically lose when time's up. (requested by SirBoogerBrain)\n|inactive|SirBoogerBrain has 120 seconds left.\n|\n|t:|1700853330\n|start\n|switch|p1a: Bloom Warden|Amoonguss, M|100\/100\n|switch|p2a: Enamorus|Enamorus, F|100\/100\n|turn|1\n|\n|t:|1700853335\n|switch|p2a: Gholdengo|Gholdengo|100\/100\n|move|p1a: Bloom Warden|Sludge Bomb|p2a: Gholdengo\n|-immune|p2a: Gholdengo\n|\n|upkeep\n|turn|2\n|\n|t:|1700853351\n|switch|p1a: Abyssal Fin|Garchomp, F|100\/100\n|move|p2a: Gholdengo|Shadow Ball|p1a: Abyssal Fin\n|-damage|p1a: Abyssal Fin|60\/100\n|\n|-heal|p1a: Abyssal Fin|66\/100|[from] item: Leftovers\n|upkeep\n|turn|3\n|\n|t:|1700853371\n|switch|p2a: Enamorus|Enamorus, F|100\/100\n|move|p1a: Abyssal Fin|Stone Edge|p2a: Enamorus\n|-supereffective|p2a: Enamorus\n|-damage|p2a: Enamorus|22\/100\n|\n|-heal|p1a: Abyssal Fin|72\/100|[from] item: Leftovers\n|upkeep\n|turn|4\n|inactive|SirBoogerBrain has 120 seconds left.\n|inactive|Matchday has 120 seconds left.\n|\n|t:|1700853396\n|switch|p1a: Pyre Raptor|Moltres|100\/100\n|move|p2a: Enamorus|Tailwind|p2a: Enamorus\n|-sidestart|p2: Matchday|move: Tailwind\n|\n|upkeep\n|turn|5\n|inactive|Matchday has 120 seconds left.\n|\n|t:|1700853410\n|switch|p2a: Samurott|Samurott-Hisui, M|100\/100\n|move|p1a: Pyre Raptor|U-turn|p2a: Samurott\n|-supereffective|p2a: Samurott\n|-damage|p2a: Samurott|62\/100\n|inactive|SirBoogerBrain has 120 seconds left.\n|\n|t:|1700853421\n|switch|p1a: Bloom Warden|Amoonguss, M|100\/100|[from] U-turn\n|\n|upkeep\n|turn|6\n|inactive|SirBoogerBrain has 120 seconds left.\n|inactive|Matchday has 120 seconds left.\n|\n|t:|1700853456\n|move|p2a: Samurott|Ceaseless Edge|p1a: Bloom Warden\n|-damage|p1a: Bloom Warden|55\/100\n|-damage|p2a: Samurott|46\/100|[from] item: Rocky Helmet|[of] p1a: Bloom Warden\n|-sidestart|p1: SirBoogerBrain|Spikes\n|move|p1a: Bloom Warden|Giga Drain|p2a: Samurott\n|-supereffective|p2a: Samurott\n|-damage|p2a: Samurott|0 fnt\n|-heal|p1a: Bloom Warden|72\/100|[from] drain|[of] p2a: Samurott\n|faint|p2a: Samurott\n|\n|upkeep\n|inactive|Matchday has 120 seconds left.\n|\n|t:|1700853487\n|switch|p2a: Fezandipiti|Fezandipiti, M|100\/100\n|turn|7\n|\n|t:|1700853506\n|move|p2a: Fezandipiti|Tailwind||[still]\n|-fail|p2a: Fezandipiti\n|move|p1a: Bloom Warden|Spore|p2a: Fezandipiti\n|-status|p2a: Fezandipiti|slp|[from] move: Spore\n|\n|-sideend|p2: Matchday|move: Tailwind\n|upkeep\n|turn|8\n|\n|t:|1700853522\n|switch|p2a: Gholdengo|Gholdengo|100\/100\n|switch|p1a: Stonebreaker|Great Tusk|100\/100\n|-damage|p1a: Stonebreaker|88\/100|[from] Spikes\n|\n|-heal|p1a: Stonebreaker|94\/100|[from] item: Leftovers\n|upkeep\n|turn|9\n|\n|t:|1700853530\n|move|p1a: Stonebreaker|Earthquake|p2a: Gholdengo\n|-supereffective|p2a: Gholdengo\n|-damage|p2a: Gholdengo|25\/100\n|move|p2a: Gholdengo|Shadow Ball|p1a: Stonebreaker\n|-damage|p1a: Stonebreaker|34\/100\n|\n|-heal|p1a: Stonebreaker|40\/100|[from] item: Leftovers\n|-heal|p2a: Gholdengo|31\/100|[from] item: Leftovers\n|upkeep\n|turn|10\n|\n|t:|1700853533\n|move|p1a: Stonebreaker|Earthquake|p2a: Gholdengo\n|-supereffective|p2a: Gholdengo\n|-damage|p2a: Gholdengo|0 fnt\n|faint|p2a: Gholdengo\n|\n|-heal|p1a: Stonebreaker|46\/100|[from] item: Leftovers\n|upkeep\n|\n|t:|1700853540\n|switch|p2a: Brambleghast|Brambleghast, F|100\/100\n|turn|11\n|inactive|SirBoogerBrain has 120 seconds left.\n|\n|t:|1700853555\n|-end|p1a: Stonebreaker|Protosynthesis|[silent]\n|switch|p1a: Pyre Raptor|Moltres|100\/100\n|move|p2a: Brambleghast|Bullet Seed|p1a: Pyre Raptor\n|-resisted|p1a: Pyre Raptor\n|-damage|p1a: Pyre Raptor|98\/100\n|-resisted|p1a: Pyre Raptor\n|-damage|p1a: Pyre Raptor|96\/100\n|-resisted|p1a: Pyre Raptor\n|-damage|p1a: Pyre Raptor|94\/100\n|-resisted|p1a: Pyre Raptor\n|-damage|p1a: Pyre Raptor|91\/100\n|-resisted|p1a: Pyre Raptor\n|-damage|p1a: Pyre Raptor|89\/100\n|-hitcount|p1a: Pyre Raptor|5\n|\n|upkeep\n|turn|12\n|inactive|SirBoogerBrain has 120 seconds left.\n|\n|t:|1700853568\n|move|p2a: Brambleghast|Poltergeist|p1a: Pyre Raptor\n|-activate|p1a: Pyre Raptor|move: Poltergeist|Heavy-Duty Boots\n|-damage|p1a: Pyre Raptor|51\/100\n|move|p1a: Pyre Raptor|Flamethrower|p2a: Brambleghast\n|-supereffective|p2a: Brambleghast\n|-damage|p2a: Brambleghast|0 fnt\n|faint|p2a: Brambleghast\n|\n|upkeep\n|\n|t:|1700853575\n|switch|p2a: Enamorus|Enamorus, F|22\/100\n|turn|13\n|\n|t:|1700853578\n|move|p2a: Enamorus|Healing Wish|p2a: Enamorus\n|faint|p2a: Enamorus\n|move|p1a: Pyre Raptor|Flamethrower|p2: Enamorus|[notarget]\n|-fail|p1a: Pyre Raptor\n|\n|upkeep\n|\n|t:|1700853580\n|switch|p2a: Fezandipiti|Fezandipiti, M|100\/100 slp\n|-heal|p2a: Fezandipiti|100\/100|[from] move: Healing Wish\n|turn|14\n|\n|t:|1700853591\n|move|p2a: Fezandipiti|Tailwind|p2a: Fezandipiti\n|-sidestart|p2: Matchday|move: Tailwind\n|move|p1a: Pyre Raptor|U-turn|p2a: Fezandipiti\n|-resisted|p2a: Fezandipiti\n|-damage|p2a: Fezandipiti|98\/100\n|\n|t:|1700853606\n|switch|p1a: Bloom Warden|Amoonguss, M|100\/100|[from] U-turn\n|-damage|p1a: Bloom Warden|88\/100|[from] Spikes\n|\n|-heal|p2a: Fezandipiti|100\/100|[from] item: Leftovers\n|upkeep\n|turn|15\n|inactive|Matchday has 120 seconds left.\n|\n|t:|1700853640\n|move|p2a: Fezandipiti|U-turn|p1a: Bloom Warden\n|-damage|p1a: Bloom Warden|75\/100\n|-damage|p2a: Fezandipiti|84\/100|[from] item: Rocky Helmet|[of] p1a: Bloom Warden\n|\n|t:|1700853641\n|switch|p2a: Shiftry|Shiftry, F|100\/100|[from] U-turn\n|-ability|p2a: Shiftry|Wind Rider|boost\n|-boost|p2a: Shiftry|atk|1\n|move|p1a: Bloom Warden|Spore|p2a: Shiftry\n|-immune|p2a: Shiftry\n|\n|upkeep\n|turn|16\n|\n|t:|1700853652\n|-terastallize|p2a: Shiftry|Dark\n|move|p2a: Shiftry|Knock Off|p1a: Bloom Warden\n|-damage|p1a: Bloom Warden|0 fnt\n|-damage|p2a: Shiftry|84\/100|[from] item: Rocky Helmet|[of] p1a: Bloom Warden\n|-enditem|p1a: Bloom Warden|Rocky Helmet|[from] move: Knock Off|[of] p2a: Shiftry\n|faint|p1a: Bloom Warden\n|-damage|p2a: Shiftry|74\/100|[from] item: Life Orb\n|\n|upkeep\n|inactive|SirBoogerBrain has 120 seconds left.\n|\n|t:|1700853674\n|switch|p1a: Onyx Razor|Kingambit, F|100\/100\n|-damage|p1a: Onyx Razor|88\/100|[from] Spikes\n|-activate|p1a: Onyx Razor|ability: Supreme Overlord\n|-start|p1a: Onyx Razor|fallen1|[silent]\n|turn|17\n|\n|t:|1700853685\n|move|p2a: Shiftry|Low Kick|p1a: Onyx Razor\n|-supereffective|p1a: Onyx Razor\n|-damage|p1a: Onyx Razor|0 fnt\n|faint|p1a: Onyx Razor\n|-end|p1a: Onyx Razor|fallen1|[silent]\n|-damage|p2a: Shiftry|64\/100|[from] item: Life Orb\n|\n|-sideend|p2: Matchday|move: Tailwind\n|upkeep\n|inactive|SirBoogerBrain has 120 seconds left.\n|\n|t:|1700853711\n|switch|p1a: Star Lance|Iron Valiant|100\/100\n|-damage|p1a: Star Lance|88\/100|[from] Spikes\n|turn|18\n|\n|t:|1700853714\n|switch|p2a: Fezandipiti|Fezandipiti, M|84\/100\n|move|p1a: Star Lance|Moonblast|p2a: Fezandipiti\n|-resisted|p2a: Fezandipiti\n|-damage|p2a: Fezandipiti|65\/100\n|\n|-heal|p2a: Fezandipiti|71\/100|[from] item: Leftovers\n|upkeep\n|turn|19\n|inactive|SirBoogerBrain has 120 seconds left.\n|\n|t:|1700853726\n|-end|p1a: Star Lance|Quark Drive|[silent]\n|switch|p1a: Abyssal Fin|Garchomp, F|72\/100\n|-damage|p1a: Abyssal Fin|60\/100|[from] Spikes\n|move|p2a: Fezandipiti|Tailwind|p2a: Fezandipiti\n|-sidestart|p2: Matchday|move: Tailwind\n|\n|-heal|p2a: Fezandipiti|77\/100|[from] item: Leftovers\n|-heal|p1a: Abyssal Fin|66\/100|[from] item: Leftovers\n|upkeep\n|turn|20\n|inactive|SirBoogerBrain has 120 seconds left.\n|\n|t:|1700853738\n|move|p2a: Fezandipiti|Poison Jab|p1a: Abyssal Fin\n|-resisted|p1a: Abyssal Fin\n|-damage|p1a: Abyssal Fin|56\/100\n|-status|p1a: Abyssal Fin|psn\n|-damage|p2a: Fezandipiti|65\/100|[from] ability: Rough Skin|[of] p1a: Abyssal Fin\n|move|p1a: Abyssal Fin|Earthquake|p2a: Fezandipiti\n|-supereffective|p2a: Fezandipiti\n|-damage|p2a: Fezandipiti|6\/100\n|\n|-heal|p2a: Fezandipiti|12\/100|[from] item: Leftovers\n|-heal|p1a: Abyssal Fin|62\/100 psn|[from] item: Leftovers\n|-damage|p1a: Abyssal Fin|50\/100 psn|[from] psn\n|upkeep\n|turn|21\n|\n|t:|1700853751\n|move|p2a: Fezandipiti|Roost|p2a: Fezandipiti\n|-heal|p2a: Fezandipiti|62\/100\n|-singleturn|p2a: Fezandipiti|move: Roost\n|move|p1a: Abyssal Fin|Earthquake|p2a: Fezandipiti\n|-supereffective|p2a: Fezandipiti\n|-damage|p2a: Fezandipiti|0 fnt\n|faint|p2a: Fezandipiti\n|\n|-heal|p1a: Abyssal Fin|56\/100 psn|[from] item: Leftovers\n|-damage|p1a: Abyssal Fin|44\/100 psn|[from] psn\n|upkeep\n|\n|t:|1700853754\n|switch|p2a: Shiftry|Shiftry, F, tera:Dark|64\/100\n|-ability|p2a: Shiftry|Wind Rider|boost\n|-boost|p2a: Shiftry|atk|1\n|turn|22\n|\n|t:|1700853757\n|move|p2a: Shiftry|Leaf Blade|p1a: Abyssal Fin\n|-damage|p1a: Abyssal Fin|0 fnt\n|-damage|p2a: Shiftry|52\/100|[from] ability: Rough Skin|[of] p1a: Abyssal Fin\n|faint|p1a: Abyssal Fin\n|-damage|p2a: Shiftry|42\/100|[from] item: Life Orb\n|\n|-sideend|p2: Matchday|move: Tailwind\n|upkeep\n|\n|t:|1700853759\n|switch|p1a: Star Lance|Iron Valiant|88\/100\n|-damage|p1a: Star Lance|76\/100|[from] Spikes\n|turn|23\n|c|\u2606SirBoogerBrain|gg\n|\n|t:|1700853762\n|move|p1a: Star Lance|Moonblast|p2a: Shiftry\n|-supereffective|p2a: Shiftry\n|-damage|p2a: Shiftry|0 fnt\n|faint|p2a: Shiftry\n|\n|win|SirBoogerBrain\n|raw|SirBoogerBrain's rating: 1258 &rarr; <strong>1282<\/strong><br \/>(+24 for winning)\n|raw|Matchday's rating: 1239 &rarr; <strong>1215<\/strong><br \/>(-24 for losing)\n|l|\u2606Matchday\n","uploadtime":1700853768,"views":4,"p1id":"sirboogerbrain","p2id":"matchday","formatid":"gen9ou","rating":1215,"private":0,"password":""}