{"id":"gen9ou-1993371539","p1":"Mausholden","p2":"beingafish","format":"[Gen 9] OU","log":"|j|\u2606Mausholden\n|j|\u2606beingafish\n|t:|1700307802\n|gametype|singles\n|player|p1|Mausholden|giovanni|1128\n|player|p2|beingafish|n|1187\n|teamsize|p1|6\n|teamsize|p2|6\n|gen|9\n|tier|[Gen 9] OU\n|rated|\n|rule|Sleep Clause Mod: Limit one foe put to sleep\n|rule|Species Clause: Limit one of each Pok\u00e9mon\n|rule|OHKO Clause: OHKO moves are banned\n|rule|Evasion Items Clause: Evasion items are banned\n|rule|Evasion Moves Clause: Evasion moves are banned\n|rule|Endless Battle Clause: Forcing endless battles is banned\n|rule|HP Percentage Mod: HP is shown in percentages\n|clearpoke\n|poke|p1|Maushold|\n|poke|p1|Samurott-Hisui, F|\n|poke|p1|Kingambit, F|\n|poke|p1|Garganacl, F|\n|poke|p1|Amoonguss, F|\n|poke|p1|Weavile, F|\n|poke|p2|Gardevoir, F|\n|poke|p2|Gholdengo|\n|poke|p2|Landorus-Therian, M|\n|poke|p2|Garganacl, M|\n|poke|p2|Ogerpon-Wellspring, F|\n|poke|p2|Sneasler, M|\n|teampreview\n|\n|t:|1700307824\n|start\n|switch|p1a: Samurott|Samurott-Hisui, F|100\/100\n|switch|p2a: \ud83d\udc31|Landorus-Therian, M|100\/100\n|-ability|p2a: \ud83d\udc31|Intimidate|boost\n|-unboost|p1a: Samurott|atk|1\n|turn|1\n|\n|t:|1700307833\n|move|p1a: Samurott|Swords Dance|p1a: Samurott\n|-boost|p1a: Samurott|atk|2\n|move|p2a: \ud83d\udc31|Grass Knot|p1a: Samurott\n|-supereffective|p1a: Samurott\n|-crit|p1a: Samurott\n|-damage|p1a: Samurott|23\/100\n|\n|upkeep\n|turn|2\n|\n|t:|1700307840\n|move|p1a: Samurott|Ceaseless Edge|p2a: \ud83d\udc31\n|-damage|p2a: \ud83d\udc31|48\/100\n|-damage|p1a: Samurott|6\/100|[from] item: Rocky Helmet|[of] p2a: \ud83d\udc31\n|-sidestart|p2: beingafish|Spikes\n|move|p2a: \ud83d\udc31|Grass Knot|p1a: Samurott\n|-supereffective|p1a: Samurott\n|-damage|p1a: Samurott|0 fnt\n|faint|p1a: Samurott\n|\n|upkeep\n|\n|t:|1700307848\n|switch|p1a: Weavile|Weavile, F|100\/100\n|-ability|p1a: Weavile|Pressure\n|turn|3\n|\n|t:|1700307865\n|switch|p2a: \u76d0\u738b\u7237|Garganacl, M|100\/100\n|-damage|p2a: \u76d0\u738b\u7237|88\/100|[from] Spikes\n|move|p1a: Weavile|Ice Spinner|p2a: \u76d0\u738b\u7237\n|-damage|p2a: \u76d0\u738b\u7237|60\/100\n|\n|-heal|p2a: \u76d0\u738b\u7237|66\/100|[from] item: Leftovers\n|upkeep\n|turn|4\n|\n|t:|1700307880\n|switch|p1a: Amoonguss|Amoonguss, F|100\/100\n|move|p2a: \u76d0\u738b\u7237|Iron Defense|p2a: \u76d0\u738b\u7237\n|-boost|p2a: \u76d0\u738b\u7237|def|2\n|\n|-heal|p2a: \u76d0\u738b\u7237|72\/100|[from] item: Leftovers\n|upkeep\n|turn|5\n|\n|t:|1700307889\n|switch|p2a: \u692a!|Ogerpon-Wellspring, F|100\/100\n|-damage|p2a: \u692a!|88\/100|[from] Spikes\n|move|p1a: Amoonguss|Grass Knot|p2a: \u692a!\n|-crit|p2a: \u692a!\n|-damage|p2a: \u692a!|59\/100\n|\n|upkeep\n|turn|6\n|\n|t:|1700307921\n|move|p2a: \u692a!|Trailblaze|p1a: Amoonguss\n|-resisted|p1a: Amoonguss\n|-damage|p1a: Amoonguss|95\/100\n|-boost|p2a: \u692a!|spe|1\n|-enditem|p1a: Amoonguss|Red Card|[of] p2a: \u692a!\n|drag|p2a: Sneasler|Sneasler, M|100\/100\n|-item|p2a: Sneasler|Air Balloon\n|move|p1a: Amoonguss|Sludge Bomb|p2a: Sneasler\n|-resisted|p2a: Sneasler\n|-damage|p2a: Sneasler|83\/100\n|-enditem|p2a: Sneasler|Air Balloon\n|\n|upkeep\n|turn|7\n|\n|t:|1700307936\n|move|p2a: Sneasler|Acrobatics|p1a: Amoonguss\n|-supereffective|p1a: Amoonguss\n|-damage|p1a: Amoonguss|38\/100\n|move|p1a: Amoonguss|Spore|p2a: Sneasler\n|-status|p2a: Sneasler|slp|[from] move: Spore\n|\n|upkeep\n|turn|8\n|\n|t:|1700307954\n|switch|p2a: \u6c99\u5948\u6735\u662f\u4fe1\u4ef0|Gardevoir, F, shiny|100\/100\n|-damage|p2a: \u6c99\u5948\u6735\u662f\u4fe1\u4ef0|88\/100|[from] Spikes\n|-ability|p2a: \u6c99\u5948\u6735\u662f\u4fe1\u4ef0|Regenerator|[from] ability: Trace|[of] p1a: Amoonguss\n|switch|p1a: Weavile|Weavile, F|100\/100\n|-ability|p1a: Weavile|Pressure\n|\n|upkeep\n|turn|9\n|\n|t:|1700307968\n|switch|p1a: Garganacl|Garganacl, F|100\/100\n|-terastallize|p2a: \u6c99\u5948\u6735\u662f\u4fe1\u4ef0|Steel\n|move|p2a: \u6c99\u5948\u6735\u662f\u4fe1\u4ef0|Moonblast|p1a: Garganacl\n|-damage|p1a: Garganacl|69\/100\n|\n|-heal|p1a: Garganacl|75\/100|[from] item: Leftovers\n|upkeep\n|turn|10\n|c|\u2606beingafish|\u2026\u2026\n|\n|t:|1700307984\n|switch|p2a: \ud83d\udc31|Landorus-Therian, M|48\/100\n|-ability|p2a: \ud83d\udc31|Intimidate|boost\n|-unboost|p1a: Garganacl|atk|1\n|move|p1a: Garganacl|Salt Cure|p2a: \ud83d\udc31\n|-damage|p2a: \ud83d\udc31|41\/100\n|-start|p2a: \ud83d\udc31|Salt Cure\n|\n|-heal|p1a: Garganacl|81\/100|[from] item: Leftovers\n|-damage|p2a: \ud83d\udc31|28\/100|[from] Salt Cure\n|upkeep\n|turn|11\n|\n|t:|1700307992\n|move|p2a: \ud83d\udc31|Earthquake|p1a: Garganacl\n|-supereffective|p1a: Garganacl\n|-damage|p1a: Garganacl|21\/100\n|move|p1a: Garganacl|Iron Defense|p1a: Garganacl\n|-boost|p1a: Garganacl|def|2\n|\n|-heal|p1a: Garganacl|27\/100|[from] item: Leftovers\n|-damage|p2a: \ud83d\udc31|16\/100|[from] Salt Cure\n|upkeep\n|turn|12\n|\n|t:|1700308012\n|move|p2a: \ud83d\udc31|Earthquake|p1a: Garganacl\n|-supereffective|p1a: Garganacl\n|-damage|p1a: Garganacl|0 fnt\n|faint|p1a: Garganacl\n|\n|-damage|p2a: \ud83d\udc31|4\/100|[from] Salt Cure\n|upkeep\n|\n|t:|1700308015\n|switch|p1a: Weavile|Weavile, F|100\/100\n|-ability|p1a: Weavile|Pressure\n|turn|13\n|\n|t:|1700308021\n|move|p1a: Weavile|Ice Spinner|p2a: \ud83d\udc31\n|-supereffective|p2a: \ud83d\udc31\n|-damage|p2a: \ud83d\udc31|0 fnt\n|-damage|p1a: Weavile|84\/100|[from] item: Rocky Helmet|[of] p2a: \ud83d\udc31\n|faint|p2a: \ud83d\udc31\n|\n|upkeep\n|\n|t:|1700308027\n|switch|p2a: \u6c99\u5948\u6735\u662f\u4fe1\u4ef0|Gardevoir, F, shiny, tera:Steel|100\/100\n|-damage|p2a: \u6c99\u5948\u6735\u662f\u4fe1\u4ef0|88\/100|[from] Spikes\n|-ability|p2a: \u6c99\u5948\u6735\u662f\u4fe1\u4ef0|Pressure\n|-ability|p2a: \u6c99\u5948\u6735\u662f\u4fe1\u4ef0|Pressure|[from] ability: Trace|[of] p1a: Weavile\n|turn|14\n|\n|t:|1700308032\n|switch|p1a: Kingambit|Kingambit, F|100\/100\n|-activate|p1a: Kingambit|ability: Supreme Overlord\n|-start|p1a: Kingambit|fallen2|[silent]\n|move|p2a: \u6c99\u5948\u6735\u662f\u4fe1\u4ef0|Moonblast|p1a: Kingambit\n|-damage|p1a: Kingambit|44\/100\n|\n|-heal|p1a: Kingambit|50\/100|[from] item: Leftovers\n|upkeep\n|turn|15\n|\n|t:|1700308039\n|move|p1a: Kingambit|Sucker Punch|p2a: \u6c99\u5948\u6735\u662f\u4fe1\u4ef0\n|-damage|p2a: \u6c99\u5948\u6735\u662f\u4fe1\u4ef0|2\/100\n|move|p2a: \u6c99\u5948\u6735\u662f\u4fe1\u4ef0|Moonblast|p1a: Kingambit\n|-damage|p1a: Kingambit|0 fnt\n|faint|p1a: Kingambit\n|-end|p1a: Kingambit|fallen2|[silent]\n|\n|upkeep\n|\n|t:|1700308045\n|switch|p1a: Maushold|Maushold|100\/100\n|turn|16\n|\n|t:|1700308052\n|move|p2a: \u6c99\u5948\u6735\u662f\u4fe1\u4ef0|Moonblast|p1a: Maushold\n|-damage|p1a: Maushold|20\/100\n|move|p1a: Maushold|Bite|p2a: \u6c99\u5948\u6735\u662f\u4fe1\u4ef0\n|-damage|p2a: \u6c99\u5948\u6735\u662f\u4fe1\u4ef0|0 fnt\n|faint|p2a: \u6c99\u5948\u6735\u662f\u4fe1\u4ef0\n|\n|upkeep\n|\n|t:|1700308065\n|switch|p2a: Gholdengo|Gholdengo|100\/100\n|-damage|p2a: Gholdengo|88\/100|[from] Spikes\n|turn|17\n|\n|t:|1700308077\n|switch|p1a: Amoonguss|Amoonguss, F|71\/100\n|move|p2a: Gholdengo|Make It Rain|p1a: Amoonguss\n|-damage|p1a: Amoonguss|14\/100\n|-unboost|p2a: Gholdengo|spa|1\n|\n|upkeep\n|turn|18\n|\n|t:|1700308084\n|switch|p1a: Maushold|Maushold|20\/100\n|move|p2a: Gholdengo|Make It Rain|p1a: Maushold\n|-damage|p1a: Maushold|0 fnt\n|-unboost|p2a: Gholdengo|spa|1\n|faint|p1a: Maushold\n|\n|upkeep\n|\n|t:|1700308085\n|switch|p1a: Weavile|Weavile, F|84\/100\n|-ability|p1a: Weavile|Pressure\n|turn|19\n|\n|t:|1700308091\n|move|p2a: Gholdengo|Make It Rain|p1a: Weavile\n|-supereffective|p1a: Weavile\n|-damage|p1a: Weavile|0 fnt\n|-unboost|p2a: Gholdengo|spa|1\n|faint|p1a: Weavile\n|\n|upkeep\n|\n|t:|1700308095\n|switch|p1a: Amoonguss|Amoonguss, F|48\/100\n|turn|20\n|\n|t:|1700308101\n|switch|p2a: \u692a!|Ogerpon-Wellspring, F|59\/100\n|-damage|p2a: \u692a!|47\/100|[from] Spikes\n|move|p1a: Amoonguss|Foul Play|p2a: \u692a!\n|-damage|p2a: \u692a!|3\/100\n|\n|upkeep\n|turn|21\n|\n|t:|1700308109\n|move|p2a: \u692a!|Spiky Shield|p2a: \u692a!\n|-singleturn|p2a: \u692a!|move: Protect\n|move|p1a: Amoonguss|Grass Knot|p2a: \u692a!\n|-activate|p2a: \u692a!|move: Protect\n|-damage|p1a: Amoonguss|35\/100|[from] Spiky Shield|[of] p2a: \u692a!\n|\n|upkeep\n|turn|22\n|-message|Mausholden forfeited.\n|\n|win|beingafish\n|raw|Mausholden's rating: 1159 &rarr; <strong>1138<\/strong><br \/>(-21 for losing)\n|raw|beingafish's rating: 1218 &rarr; <strong>1239<\/strong><br \/>(+21 for winning)\n|l|\u2606Mausholden\n","uploadtime":1700308136,"views":9,"p1id":"mausholden","p2id":"beingafish","formatid":"gen9ou","rating":1138,"private":0,"password":""}