{"id":"gen9ou-2000152167","p1":"TorterraMain","p2":"SirSpanklez","format":"[Gen 9] OU","log":"|j|\u2606TorterraMain\n|j|\u2606SirSpanklez\n|t:|1701163854\n|gametype|singles\n|player|p1|TorterraMain|will|\n|player|p2|SirSpanklez|pokemonrangerf|\n|teamsize|p1|6\n|teamsize|p2|6\n|gen|9\n|tier|[Gen 9] OU\n|rule|Sleep Clause Mod: Limit one foe put to sleep\n|rule|Species Clause: Limit one of each Pok\u00e9mon\n|rule|OHKO Clause: OHKO moves are banned\n|rule|Evasion Items Clause: Evasion items are banned\n|rule|Evasion Moves Clause: Evasion moves are banned\n|rule|Endless Battle Clause: Forcing endless battles is banned\n|rule|HP Percentage Mod: HP is shown in percentages\n|clearpoke\n|poke|p1|Torterra, F|\n|poke|p1|Greninja-*, M|\n|poke|p1|Ting-Lu|\n|poke|p1|Walking Wake|\n|poke|p1|Thundurus-Therian, M|\n|poke|p1|Scizor, F|\n|poke|p2|Garganacl, M|\n|poke|p2|Zapdos|\n|poke|p2|Ogerpon-Cornerstone, F|\n|poke|p2|Tyranitar, F|\n|poke|p2|Sandy Shocks|\n|poke|p2|Talonflame, M|\n|teampreview\n|\n|t:|1701163871\n|start\n|switch|p1a: Ting-Lu|Ting-Lu|100\/100\n|switch|p2a: Mr. Miss|Zapdos, shiny|100\/100\n|-ability|p1a: Ting-Lu|Vessel of Ruin\n|turn|1\n|\n|t:|1701163876\n|move|p2a: Mr. Miss|Hurricane|p1a: Ting-Lu\n|-damage|p1a: Ting-Lu|75\/100\n|move|p1a: Ting-Lu|Spikes|p2a: Mr. Miss\n|-sidestart|p2: SirSpanklez|Spikes\n|\n|-heal|p1a: Ting-Lu|81\/100|[from] item: Leftovers\n|upkeep\n|turn|2\n|\n|t:|1701163883\n|switch|p2a: SandInMyEyes|Talonflame, M, shiny|100\/100\n|move|p1a: Ting-Lu|Spikes|p2a: SandInMyEyes\n|-sidestart|p2: SirSpanklez|Spikes\n|\n|-heal|p1a: Ting-Lu|87\/100|[from] item: Leftovers\n|upkeep\n|turn|3\n|\n|t:|1701163888\n|move|p2a: SandInMyEyes|Defog|p1a: Ting-Lu\n|-unboost|p1a: Ting-Lu|evasion|1\n|-sideend|p2: SirSpanklez|Spikes|[from] move: Defog|[of] p2a: SandInMyEyes\n|move|p1a: Ting-Lu|Ruination|p2a: SandInMyEyes\n|-damage|p2a: SandInMyEyes|50\/100\n|\n|-heal|p1a: Ting-Lu|93\/100|[from] item: Leftovers\n|upkeep\n|turn|4\n|\n|t:|1701163894\n|move|p2a: SandInMyEyes|Roost|p2a: SandInMyEyes\n|-heal|p2a: SandInMyEyes|100\/100\n|-singleturn|p2a: SandInMyEyes|move: Roost\n|move|p1a: Ting-Lu|Whirlwind|p2a: SandInMyEyes\n|drag|p2a: Erm|Sandy Shocks|100\/100\n|-enditem|p2a: Erm|Booster Energy\n|-activate|p2a: Erm|ability: Protosynthesis|[fromitem]\n|-start|p2a: Erm|protosynthesisspe\n|\n|-heal|p1a: Ting-Lu|99\/100|[from] item: Leftovers\n|upkeep\n|turn|5\n|\n|t:|1701163906\n|move|p2a: Erm|Metal Sound|p1a: Ting-Lu\n|-unboost|p1a: Ting-Lu|spd|2\n|move|p1a: Ting-Lu|Earthquake|p2a: Erm\n|-supereffective|p2a: Erm\n|-damage|p2a: Erm|27\/100\n|\n|-heal|p1a: Ting-Lu|100\/100|[from] item: Leftovers\n|upkeep\n|turn|6\n|\n|t:|1701163921\n|switch|p1a: MmThunderSoGood|Thundurus-Therian, M|100\/100\n|move|p2a: Erm|Earth Power|p1a: MmThunderSoGood\n|-immune|p1a: MmThunderSoGood\n|\n|upkeep\n|turn|7\n|\n|t:|1701163932\n|-end|p2a: Erm|Protosynthesis|[silent]\n|switch|p2a: Big Guy|Tyranitar, F, shiny|100\/100\n|-weather|Sandstorm|[from] ability: Sand Stream|[of] p2a: Big Guy\n|move|p1a: MmThunderSoGood|Nasty Plot|p1a: MmThunderSoGood\n|-boost|p1a: MmThunderSoGood|spa|2\n|\n|-weather|Sandstorm|[upkeep]\n|-damage|p1a: MmThunderSoGood|94\/100|[from] Sandstorm\n|upkeep\n|turn|8\n|\n|t:|1701163950\n|-terastallize|p2a: Big Guy|Fairy\n|move|p1a: MmThunderSoGood|Focus Blast|p2a: Big Guy\n|-resisted|p2a: Big Guy\n|-damage|p2a: Big Guy|62\/100\n|move|p2a: Big Guy|Dragon Tail|p1a: MmThunderSoGood\n|-damage|p1a: MmThunderSoGood|61\/100\n|drag|p1a: Ting-Lu|Ting-Lu|100\/100\n|-ability|p1a: Ting-Lu|Vessel of Ruin\n|\n|-weather|Sandstorm|[upkeep]\n|-damage|p2a: Big Guy|56\/100|[from] Sandstorm\n|-heal|p2a: Big Guy|62\/100|[from] item: Leftovers\n|upkeep\n|turn|9\n|\n|t:|1701163964\n|move|p2a: Big Guy|Knock Off|p1a: Ting-Lu\n|-resisted|p1a: Ting-Lu\n|-damage|p1a: Ting-Lu|87\/100\n|-enditem|p1a: Ting-Lu|Leftovers|[from] move: Knock Off|[of] p2a: Big Guy\n|move|p1a: Ting-Lu|Ruination|p2a: Big Guy\n|-damage|p2a: Big Guy|31\/100\n|\n|-weather|Sandstorm|[upkeep]\n|-damage|p2a: Big Guy|25\/100|[from] Sandstorm\n|-heal|p2a: Big Guy|31\/100|[from] item: Leftovers\n|upkeep\n|turn|10\n|\n|t:|1701163968\n|move|p2a: Big Guy|Stealth Rock|p1a: Ting-Lu\n|-sidestart|p1: TorterraMain|move: Stealth Rock\n|move|p1a: Ting-Lu|Earthquake|p2a: Big Guy\n|-damage|p2a: Big Guy|5\/100\n|\n|-weather|Sandstorm|[upkeep]\n|-damage|p2a: Big Guy|0 fnt|[from] Sandstorm\n|faint|p2a: Big Guy\n|upkeep\n|\n|t:|1701163971\n|switch|p2a: OogaBooga|Ogerpon-Cornerstone, F|100\/100\n|turn|11\n|\n|t:|1701163980\n|-terastallize|p1a: Ting-Lu|Poison\n|move|p2a: OogaBooga|Trailblaze|p1a: Ting-Lu\n|-resisted|p1a: Ting-Lu\n|-damage|p1a: Ting-Lu|80\/100\n|-boost|p2a: OogaBooga|spe|1\n|move|p1a: Ting-Lu|Ruination|p2a: OogaBooga\n|-damage|p2a: OogaBooga|51\/100\n|\n|-weather|none\n|upkeep\n|turn|12\n|\n|t:|1701163990\n|switch|p2a: Mr. Miss|Zapdos, shiny|100\/100\n|move|p1a: Ting-Lu|Whirlwind|p2a: Mr. Miss\n|drag|p2a: Erm|Sandy Shocks|27\/100\n|\n|upkeep\n|turn|13\n|\n|t:|1701163997\n|move|p2a: Erm|Earth Power|p1a: Ting-Lu\n|-supereffective|p1a: Ting-Lu\n|-damage|p1a: Ting-Lu|45\/100\n|move|p1a: Ting-Lu|Spikes|p2a: Erm\n|-sidestart|p2: SirSpanklez|Spikes\n|\n|upkeep\n|turn|14\n|\n|t:|1701164003\n|switch|p1a: MmThunderSoGood|Thundurus-Therian, M|61\/100\n|move|p2a: Erm|Earth Power|p1a: MmThunderSoGood\n|-immune|p1a: MmThunderSoGood\n|\n|upkeep\n|turn|15\n|\n|t:|1701164008\n|move|p1a: MmThunderSoGood|Dark Pulse|p2a: Erm\n|-damage|p2a: Erm|0 fnt\n|faint|p2a: Erm\n|-end|p2a: Erm|Protosynthesis|[silent]\n|\n|upkeep\n|\n|t:|1701164028\n|switch|p2a: The Holy Monument|Garganacl, M, shiny|100\/100\n|-damage|p2a: The Holy Monument|88\/100|[from] Spikes\n|turn|16\n|\n|t:|1701164034\n|move|p1a: MmThunderSoGood|Focus Blast|p2a: The Holy Monument\n|-supereffective|p2a: The Holy Monument\n|-damage|p2a: The Holy Monument|29\/100\n|move|p2a: The Holy Monument|Salt Cure|p1a: MmThunderSoGood\n|-supereffective|p1a: MmThunderSoGood\n|-crit|p1a: MmThunderSoGood\n|-damage|p1a: MmThunderSoGood|0 fnt\n|faint|p1a: MmThunderSoGood\n|\n|-heal|p2a: The Holy Monument|35\/100|[from] item: Leftovers\n|upkeep\n|\n|t:|1701164042\n|switch|p1a: Greninja|Greninja, M|100\/100\n|-damage|p1a: Greninja|88\/100|[from] Stealth Rock\n|turn|17\n|\n|t:|1701164053\n|move|p1a: Greninja|Hydro Pump|p2a: The Holy Monument|[miss]\n|-miss|p1a: Greninja|p2a: The Holy Monument\n|move|p2a: The Holy Monument|Body Press|p1a: Greninja\n|-supereffective|p1a: Greninja\n|-damage|p1a: Greninja|12\/100\n|\n|-heal|p2a: The Holy Monument|42\/100|[from] item: Leftovers\n|upkeep\n|turn|18\n|\n|t:|1701164063\n|move|p1a: Greninja|Hydro Pump|p2a: The Holy Monument|[miss]\n|-miss|p1a: Greninja|p2a: The Holy Monument\n|move|p2a: The Holy Monument|Salt Cure|p1a: Greninja\n|-damage|p1a: Greninja|0 fnt\n|faint|p1a: Greninja\n|\n|-heal|p2a: The Holy Monument|48\/100|[from] item: Leftovers\n|upkeep\n|c|\u2606SirSpanklez|ERM\n|c|\u2606TorterraMain|i just cant\n|c|\u2606TorterraMain|win\n|\n|t:|1701164074\n|switch|p1a: PleaseDie|Walking Wake|100\/100\n|-damage|p1a: PleaseDie|88\/100|[from] Stealth Rock\n|-enditem|p1a: PleaseDie|Booster Energy\n|-activate|p1a: PleaseDie|ability: Protosynthesis|[fromitem]\n|-start|p1a: PleaseDie|protosynthesisspe\n|turn|19\n|\n|t:|1701164079\n|move|p1a: PleaseDie|Draco Meteor|p2a: The Holy Monument\n|-damage|p2a: The Holy Monument|5\/100\n|-unboost|p1a: PleaseDie|spa|2\n|move|p2a: The Holy Monument|Salt Cure|p1a: PleaseDie\n|-damage|p1a: PleaseDie|73\/100\n|-start|p1a: PleaseDie|Salt Cure\n|\n|-heal|p2a: The Holy Monument|11\/100|[from] item: Leftovers\n|-damage|p1a: PleaseDie|48\/100|[from] Salt Cure\n|upkeep\n|turn|20\n|c|\u2606TorterraMain|OMG\n|\n|t:|1701164089\n|move|p1a: PleaseDie|Hydro Steam|p2a: The Holy Monument\n|-supereffective|p2a: The Holy Monument\n|-damage|p2a: The Holy Monument|0 fnt\n|faint|p2a: The Holy Monument\n|\n|-damage|p1a: PleaseDie|23\/100|[from] Salt Cure\n|upkeep\n|c|\u2606TorterraMain|no how was that thing ever uu\n|\n|t:|1701164105\n|switch|p2a: OogaBooga|Ogerpon-Cornerstone, F|51\/100\n|-damage|p2a: OogaBooga|38\/100|[from] Spikes\n|turn|21\n|c|\u2606TorterraMain|like an awful tiering system\n|\n|t:|1701164110\n|move|p1a: PleaseDie|Hydro Steam|p2a: OogaBooga\n|-damage|p2a: OogaBooga|13\/100\n|move|p2a: OogaBooga|Horn Leech|p1a: PleaseDie\n|-damage|p1a: PleaseDie|0 fnt\n|-heal|p2a: OogaBooga|26\/100|[from] drain|[of] p1a: PleaseDie\n|faint|p1a: PleaseDie\n|-end|p1a: PleaseDie|Protosynthesis|[silent]\n|\n|upkeep\n|\n|t:|1701164115\n|switch|p1a: MikeTyson|Scizor, F|100\/100\n|turn|22\n|\n|t:|1701164120\n|move|p1a: MikeTyson|Bullet Punch|p2a: OogaBooga\n|-supereffective|p2a: OogaBooga\n|-damage|p2a: OogaBooga|0 fnt\n|faint|p2a: OogaBooga\n|\n|upkeep\n|\n|t:|1701164123\n|switch|p2a: SandInMyEyes|Talonflame, M, shiny|100\/100\n|turn|23\n|\n|t:|1701164130\n|move|p2a: SandInMyEyes|Dual Wingbeat|p1a: MikeTyson\n|-damage|p1a: MikeTyson|83\/100\n|-damage|p1a: MikeTyson|65\/100\n|-hitcount|p1a: MikeTyson|2\n|move|p1a: MikeTyson|Defog|p2a: SandInMyEyes\n|-unboost|p2a: SandInMyEyes|evasion|1\n|-sideend|p2: SirSpanklez|Spikes|[from] move: Defog|[of] p1a: MikeTyson\n|-sideend|p1: TorterraMain|Stealth Rock|[from] move: Defog|[of] p1a: MikeTyson\n|\n|upkeep\n|turn|24\n|c|\u2606SirSpanklez|GUILLOTINE???\n|\n|t:|1701164146\n|switch|p1a: Ting-Lu|Ting-Lu, tera:Poison|45\/100\n|-ability|p1a: Ting-Lu|Vessel of Ruin\n|move|p2a: SandInMyEyes|Flare Blitz|p1a: Ting-Lu\n|-damage|p1a: Ting-Lu|18\/100\n|-damage|p2a: SandInMyEyes|87\/100|[from] Recoil\n|\n|upkeep\n|turn|25\n|\n|t:|1701164152\n|move|p2a: SandInMyEyes|Flare Blitz|p1a: Ting-Lu\n|-damage|p1a: Ting-Lu|0 fnt\n|faint|p1a: Ting-Lu\n|-damage|p2a: SandInMyEyes|78\/100|[from] Recoil\n|\n|upkeep\n|\n|t:|1701164157\n|switch|p1a: MyBeloved|Torterra, F|100\/100\n|turn|26\n|c|\u2606TorterraMain|he lives\n|\n|t:|1701164166\n|move|p2a: SandInMyEyes|Dual Wingbeat|p1a: MyBeloved|[miss]\n|-miss|p2a: SandInMyEyes|p1a: MyBeloved\n|move|p1a: MyBeloved|Shell Smash|p1a: MyBeloved\n|-unboost|p1a: MyBeloved|def|1\n|-unboost|p1a: MyBeloved|spd|1\n|-boost|p1a: MyBeloved|atk|2\n|-boost|p1a: MyBeloved|spa|2\n|-boost|p1a: MyBeloved|spe|2\n|\n|upkeep\n|turn|27\n|c|\u2606TorterraMain|so true\n|c|\u2606SirSpanklez|so true dude\n|\n|t:|1701164180\n|move|p1a: MyBeloved|Tera Blast|p2a: SandInMyEyes\n|-damage|p2a: SandInMyEyes|44\/100\n|move|p2a: SandInMyEyes|Flare Blitz|p1a: MyBeloved\n|-supereffective|p1a: MyBeloved\n|-enditem|p1a: MyBeloved|Focus Sash\n|-damage|p1a: MyBeloved|1\/100\n|-damage|p2a: SandInMyEyes|11\/100|[from] Recoil\n|\n|upkeep\n|turn|28\n|c|\u2606SirSpanklez|burn\n|\n|t:|1701164190\n|move|p1a: MyBeloved|Tera Blast|p2a: SandInMyEyes\n|-damage|p2a: SandInMyEyes|0 fnt\n|faint|p2a: SandInMyEyes\n|\n|upkeep\n|\n|t:|1701164191\n|switch|p2a: Mr. Miss|Zapdos, shiny|100\/100\n|turn|29\n|\n|t:|1701164201\n|move|p1a: MyBeloved|Wood Hammer|p2a: Mr. Miss\n|-resisted|p2a: Mr. Miss\n|-damage|p2a: Mr. Miss|43\/100\n|-status|p1a: MyBeloved|par|[from] ability: Static|[of] p2a: Mr. Miss\n|-damage|p1a: MyBeloved|0 fnt|[from] Recoil\n|faint|p1a: MyBeloved\n|move|p2a: Mr. Miss|U-turn|p1: MyBeloved|[notarget]\n|-fail|p2a: Mr. Miss\n|\n|-heal|p2a: Mr. Miss|49\/100|[from] item: Leftovers\n|upkeep\n|\n|t:|1701164203\n|switch|p1a: MikeTyson|Scizor, F|65\/100\n|turn|30\n|\n|t:|1701164208\n|move|p1a: MikeTyson|Bullet Punch|p2a: Mr. Miss\n|-resisted|p2a: Mr. Miss\n|-damage|p2a: Mr. Miss|31\/100\n|-status|p1a: MikeTyson|par|[from] ability: Static|[of] p2a: Mr. Miss\n|move|p2a: Mr. Miss|Roost|p2a: Mr. Miss\n|-heal|p2a: Mr. Miss|81\/100\n|-singleturn|p2a: Mr. Miss|move: Roost\n|\n|-heal|p2a: Mr. Miss|87\/100|[from] item: Leftovers\n|upkeep\n|turn|31\n|\n|t:|1701164217\n|move|p1a: MikeTyson|Bullet Punch|p2a: Mr. Miss\n|-resisted|p2a: Mr. Miss\n|-damage|p2a: Mr. Miss|70\/100\n|move|p2a: Mr. Miss|Hurricane|p1a: MikeTyson\n|-damage|p1a: MikeTyson|0 fnt\n|faint|p1a: MikeTyson\n|\n|win|SirSpanklez\n|c|\u2606TorterraMain|i win this if hyrdo pump doesnt double miss that is actually insane\n|c|\u2606SirSpanklez|yeah\n|c|\u2606SirSpanklez|lmfao\n|l|\u2606TorterraMain\n","uploadtime":1701164446,"views":3,"p1id":"torterramain","p2id":"sirspanklez","formatid":"gen9ou","rating":0,"private":0,"password":""}