{"id":"gen9ou-1989600410","p1":"abuzittin","p2":"Zeret7","format":"[Gen 9] OU","log":"|j|\u2606abuzittin\n|j|\u2606Zeret7\n|t:|1699877193\n|gametype|singles\n|player|p1|abuzittin|gambler|1221\n|player|p2|Zeret7|hilbert-wonderlauncher|1265\n|teamsize|p1|6\n|teamsize|p2|6\n|gen|9\n|tier|[Gen 9] OU\n|rated|\n|rule|Sleep Clause Mod: Limit one foe put to sleep\n|rule|Species Clause: Limit one of each Pok\u00e9mon\n|rule|OHKO Clause: OHKO moves are banned\n|rule|Evasion Items Clause: Evasion items are banned\n|rule|Evasion Moves Clause: Evasion moves are banned\n|rule|Endless Battle Clause: Forcing endless battles is banned\n|rule|HP Percentage Mod: HP is shown in percentages\n|clearpoke\n|poke|p1|Torkoal, M|\n|poke|p1|Walking Wake|\n|poke|p1|Leafeon, M|\n|poke|p1|Scream Tail|\n|poke|p1|Great Tusk|\n|poke|p1|Tornadus-Therian, M|\n|poke|p2|Alomomola, M|\n|poke|p2|Dondozo, M|\n|poke|p2|Corviknight, M|\n|poke|p2|Blissey, F|\n|poke|p2|Toxapex, M|\n|poke|p2|Clodsire, M|\n|teampreview\n|inactive|Battle timer is ON: inactive players will automatically lose when time's up. (requested by Zeret7)\n|\n|t:|1699877223\n|start\n|switch|p1a: me:|Torkoal, M, shiny|100\/100\n|switch|p2a: Clodsire|Clodsire, M|100\/100\n|-weather|SunnyDay|[from] ability: Drought|[of] p1a: me:\n|turn|1\n|\n|t:|1699877230\n|move|p1a: me:|Stealth Rock|p2a: Clodsire\n|-sidestart|p2: Zeret7|move: Stealth Rock\n|move|p2a: Clodsire|Toxic|p1a: me:\n|-status|p1a: me:|tox\n|\n|-weather|SunnyDay|[upkeep]\n|-damage|p1a: me:|94\/100 tox|[from] psn\n|upkeep\n|turn|2\n|\n|t:|1699877241\n|switch|p1a: NUH UH|Great Tusk|100\/100\n|-activate|p1a: NUH UH|ability: Protosynthesis\n|-start|p1a: NUH UH|protosynthesisdef\n|move|p2a: Clodsire|Spikes|p1a: NUH UH\n|-sidestart|p1: abuzittin|Spikes\n|\n|-weather|SunnyDay|[upkeep]\n|upkeep\n|turn|3\n|\n|t:|1699877269\n|move|p1a: NUH UH|Knock Off|p2a: Clodsire\n|-damage|p2a: Clodsire|69\/100\n|-enditem|p2a: Clodsire|Leftovers|[from] move: Knock Off|[of] p1a: NUH UH\n|move|p2a: Clodsire|Toxic|p1a: NUH UH\n|-status|p1a: NUH UH|tox\n|\n|-weather|SunnyDay|[upkeep]\n|-damage|p1a: NUH UH|94\/100 tox|[from] psn\n|upkeep\n|turn|4\n|\n|t:|1699877280\n|move|p1a: NUH UH|Rapid Spin|p2a: Clodsire\n|-damage|p2a: Clodsire|52\/100\n|-boost|p1a: NUH UH|spe|1\n|-sideend|p1: abuzittin|Spikes|[from] move: Rapid Spin|[of] p1a: NUH UH\n|move|p2a: Clodsire|Spikes|p1a: NUH UH\n|-sidestart|p1: abuzittin|Spikes\n|\n|-weather|SunnyDay|[upkeep]\n|-heal|p1a: NUH UH|100\/100 tox|[from] item: Leftovers\n|-damage|p1a: NUH UH|88\/100 tox|[from] psn\n|upkeep\n|turn|5\n|\n|t:|1699877290\n|move|p1a: NUH UH|Earthquake|p2a: Clodsire\n|-supereffective|p2a: Clodsire\n|-damage|p2a: Clodsire|0 fnt\n|faint|p2a: Clodsire\n|\n|-weather|SunnyDay|[upkeep]\n|-heal|p1a: NUH UH|94\/100 tox|[from] item: Leftovers\n|-damage|p1a: NUH UH|76\/100 tox|[from] psn\n|upkeep\n|inactive|Zeret7 has 120 seconds left.\n|\n|t:|1699877301\n|switch|p2a: Dondozo|Dondozo, M|100\/100\n|-damage|p2a: Dondozo|88\/100|[from] Stealth Rock\n|turn|6\n|\n|t:|1699877310\n|move|p1a: NUH UH|Rapid Spin|p2a: Dondozo\n|-damage|p2a: Dondozo|82\/100\n|-boost|p1a: NUH UH|spe|1\n|-sideend|p1: abuzittin|Spikes|[from] move: Rapid Spin|[of] p1a: NUH UH\n|move|p2a: Dondozo|Liquidation|p1a: NUH UH\n|-supereffective|p1a: NUH UH\n|-damage|p1a: NUH UH|65\/100 tox\n|\n|-weather|SunnyDay|[upkeep]\n|-heal|p1a: NUH UH|72\/100 tox|[from] item: Leftovers\n|-heal|p2a: Dondozo|88\/100|[from] item: Leftovers\n|-damage|p1a: NUH UH|47\/100 tox|[from] psn\n|upkeep\n|turn|7\n|\n|t:|1699877330\n|-end|p1a: NUH UH|Protosynthesis|[silent]\n|switch|p1a: Walking tate|Walking Wake|100\/100\n|-activate|p1a: Walking tate|ability: Protosynthesis\n|-start|p1a: Walking tate|protosynthesisspe\n|switch|p2a: Corviknight|Corviknight, M, shiny|100\/100\n|-damage|p2a: Corviknight|88\/100|[from] Stealth Rock\n|-ability|p2a: Corviknight|Pressure\n|\n|-weather|SunnyDay|[upkeep]\n|-heal|p2a: Corviknight|94\/100|[from] item: Leftovers\n|upkeep\n|turn|8\n|\n|t:|1699877354\n|switch|p2a: Toxapex|Toxapex, M|100\/100\n|-damage|p2a: Toxapex|88\/100|[from] Stealth Rock\n|-terastallize|p1a: Walking tate|Water\n|move|p1a: Walking tate|Hydro Steam|p2a: Toxapex\n|-resisted|p2a: Toxapex\n|-damage|p2a: Toxapex|40\/100\n|\n|-weather|none\n|-end|p1a: Walking tate|Protosynthesis\n|-heal|p2a: Toxapex|46\/100|[from] item: Leftovers\n|upkeep\n|turn|9\n|\n|t:|1699877366\n|-end|p1a: Walking tate|Protosynthesis|[silent]\n|switch|p1a: me:|Torkoal, M, shiny|94\/100 tox\n|-weather|SunnyDay|[from] ability: Drought|[of] p1a: me:\n|move|p2a: Toxapex|Toxic|p1a: me:\n|-fail|p1a: me:|tox\n|\n|-weather|SunnyDay|[upkeep]\n|-heal|p2a: Toxapex|52\/100|[from] item: Leftovers\n|-damage|p1a: me:|88\/100 tox|[from] psn\n|upkeep\n|turn|10\n|\n|t:|1699877377\n|switch|p1a: NUH UH|Great Tusk|47\/100 tox\n|-activate|p1a: NUH UH|ability: Protosynthesis\n|-start|p1a: NUH UH|protosynthesisdef\n|move|p2a: Toxapex|Recover|p2a: Toxapex\n|-heal|p2a: Toxapex|100\/100\n|\n|-weather|SunnyDay|[upkeep]\n|-heal|p1a: NUH UH|53\/100 tox|[from] item: Leftovers\n|-damage|p1a: NUH UH|47\/100 tox|[from] psn\n|upkeep\n|turn|11\n|\n|t:|1699877390\n|switch|p2a: Corviknight|Corviknight, M, shiny|94\/100\n|-damage|p2a: Corviknight|82\/100|[from] Stealth Rock\n|-ability|p2a: Corviknight|Pressure\n|move|p1a: NUH UH|Knock Off|p2a: Corviknight\n|-damage|p2a: Corviknight|66\/100\n|-enditem|p2a: Corviknight|Leftovers|[from] move: Knock Off|[of] p1a: NUH UH\n|\n|-weather|SunnyDay|[upkeep]\n|-heal|p1a: NUH UH|53\/100 tox|[from] item: Leftovers\n|-damage|p1a: NUH UH|40\/100 tox|[from] psn\n|upkeep\n|turn|12\n|\n|t:|1699877402\n|-end|p1a: NUH UH|Protosynthesis|[silent]\n|switch|p1a: Walking tate|Walking Wake, tera:Water|100\/100\n|-activate|p1a: Walking tate|ability: Protosynthesis\n|-start|p1a: Walking tate|protosynthesisspe\n|move|p2a: Corviknight|Defog|p1a: Walking tate\n|-unboost|p1a: Walking tate|evasion|1\n|-sideend|p2: Zeret7|Stealth Rock|[from] move: Defog|[of] p2a: Corviknight\n|\n|-weather|SunnyDay|[upkeep]\n|upkeep\n|turn|13\n|\n|t:|1699877412\n|switch|p2a: Blissey|Blissey, F|100\/100\n|move|p1a: Walking tate|Hydro Steam|p2a: Blissey\n|-damage|p2a: Blissey|64\/100\n|\n|-weather|SunnyDay|[upkeep]\n|upkeep\n|turn|14\n|\n|t:|1699877423\n|-end|p1a: Walking tate|Protosynthesis|[silent]\n|switch|p1a: NUH UH|Great Tusk|40\/100 tox\n|-activate|p1a: NUH UH|ability: Protosynthesis\n|-start|p1a: NUH UH|protosynthesisdef\n|move|p2a: Blissey|Seismic Toss|p1a: NUH UH\n|-damage|p1a: NUH UH|17\/100 tox\n|\n|-weather|SunnyDay|[upkeep]\n|-heal|p1a: NUH UH|24\/100 tox|[from] item: Leftovers\n|-damage|p1a: NUH UH|17\/100 tox|[from] psn\n|upkeep\n|turn|15\n|\n|t:|1699877435\n|switch|p2a: Corviknight|Corviknight, M, shiny|66\/100\n|-ability|p2a: Corviknight|Pressure\n|move|p1a: NUH UH|Ice Spinner|p2a: Corviknight\n|-damage|p2a: Corviknight|52\/100\n|\n|-weather|SunnyDay|[upkeep]\n|-heal|p1a: NUH UH|24\/100 tox|[from] item: Leftovers\n|-damage|p1a: NUH UH|11\/100 tox|[from] psn\n|upkeep\n|turn|16\n|\n|t:|1699877446\n|-end|p1a: NUH UH|Protosynthesis|[silent]\n|switch|p1a: DESERVED UU|Tornadus-Therian, M, shiny|100\/100\n|move|p2a: Corviknight|Roost|p2a: Corviknight\n|-heal|p2a: Corviknight|100\/100\n|-singleturn|p2a: Corviknight|move: Roost\n|\n|-weather|none\n|upkeep\n|turn|17\n|\n|t:|1699877463\n|move|p1a: DESERVED UU|U-turn|p2a: Corviknight\n|-resisted|p2a: Corviknight\n|-damage|p2a: Corviknight|98\/100\n|\n|t:|1699877470\n|switch|p1a: me:|Torkoal, M, shiny|88\/100 tox|[from] U-turn\n|-weather|SunnyDay|[from] ability: Drought|[of] p1a: me:\n|move|p2a: Corviknight|Brave Bird|p1a: me:\n|-damage|p1a: me:|68\/100 tox\n|-damage|p2a: Corviknight|92\/100|[from] Recoil\n|\n|-weather|SunnyDay|[upkeep]\n|-damage|p1a: me:|62\/100 tox|[from] psn\n|upkeep\n|turn|18\n|\n|t:|1699877490\n|switch|p2a: Blissey|Blissey, F|64\/100\n|move|p1a: me:|Stealth Rock|p2a: Blissey\n|-sidestart|p2: Zeret7|move: Stealth Rock\n|\n|-weather|SunnyDay|[upkeep]\n|-damage|p1a: me:|50\/100 tox|[from] psn\n|upkeep\n|turn|19\n|\n|t:|1699877498\n|switch|p1a: NUH UH|Great Tusk|11\/100 tox\n|-activate|p1a: NUH UH|ability: Protosynthesis\n|-start|p1a: NUH UH|protosynthesisdef\n|move|p2a: Blissey|Stealth Rock|p1a: NUH UH\n|-sidestart|p1: abuzittin|move: Stealth Rock\n|\n|-weather|SunnyDay|[upkeep]\n|-heal|p1a: NUH UH|17\/100 tox|[from] item: Leftovers\n|-damage|p1a: NUH UH|11\/100 tox|[from] psn\n|upkeep\n|turn|20\n|\n|t:|1699877510\n|switch|p2a: Corviknight|Corviknight, M, shiny|92\/100\n|-damage|p2a: Corviknight|80\/100|[from] Stealth Rock\n|-ability|p2a: Corviknight|Pressure\n|move|p1a: NUH UH|Rapid Spin|p2a: Corviknight\n|-resisted|p2a: Corviknight\n|-damage|p2a: Corviknight|75\/100\n|-boost|p1a: NUH UH|spe|1\n|-sideend|p1: abuzittin|Stealth Rock|[from] move: Rapid Spin|[of] p1a: NUH UH\n|\n|-weather|SunnyDay|[upkeep]\n|-heal|p1a: NUH UH|17\/100 tox|[from] item: Leftovers\n|-damage|p1a: NUH UH|5\/100 tox|[from] psn\n|upkeep\n|turn|21\n|\n|t:|1699877523\n|move|p1a: NUH UH|Ice Spinner|p2a: Corviknight\n|-damage|p2a: Corviknight|62\/100\n|move|p2a: Corviknight|Defog|p1a: NUH UH\n|-unboost|p1a: NUH UH|evasion|1\n|-sideend|p2: Zeret7|Stealth Rock|[from] move: Defog|[of] p2a: Corviknight\n|\n|-weather|SunnyDay|[upkeep]\n|-heal|p1a: NUH UH|11\/100 tox|[from] item: Leftovers\n|-damage|p1a: NUH UH|0 fnt|[from] psn\n|faint|p1a: NUH UH\n|-end|p1a: NUH UH|Protosynthesis|[silent]\n|upkeep\n|\n|t:|1699877534\n|switch|p1a: Leafeon|Leafeon, M|100\/100\n|turn|22\n|\n|t:|1699877541\n|move|p1a: Leafeon|Weather Ball|p2a: Corviknight\n|-supereffective|p2a: Corviknight\n|-damage|p2a: Corviknight|1\/100\n|-damage|p1a: Leafeon|91\/100|[from] item: Life Orb\n|move|p2a: Corviknight|Brave Bird|p1a: Leafeon\n|-supereffective|p1a: Leafeon\n|-damage|p1a: Leafeon|22\/100\n|-damage|p2a: Corviknight|0 fnt|[from] Recoil\n|faint|p2a: Corviknight\n|\n|-weather|SunnyDay|[upkeep]\n|upkeep\n|inactive|Zeret7 has 120 seconds left.\n|\n|t:|1699877573\n|switch|p2a: Toxapex|Toxapex, M|100\/100\n|turn|23\n|\n|t:|1699877582\n|move|p1a: Leafeon|Solar Blade||[still]\n|-prepare|p1a: Leafeon|Solar Blade\n|-anim|p1a: Leafeon|Solar Blade|p2a: Toxapex\n|-damage|p2a: Toxapex|48\/100\n|-damage|p1a: Leafeon|12\/100|[from] item: Life Orb\n|move|p2a: Toxapex|Toxic|p1a: Leafeon\n|-status|p1a: Leafeon|tox\n|\n|-weather|SunnyDay|[upkeep]\n|-heal|p2a: Toxapex|54\/100|[from] item: Leftovers\n|-damage|p1a: Leafeon|6\/100 tox|[from] psn\n|upkeep\n|turn|24\n|\n|t:|1699877595\n|switch|p1a: DESERVED UU|Tornadus-Therian, M, shiny|100\/100\n|move|p2a: Toxapex|Recover|p2a: Toxapex\n|-heal|p2a: Toxapex|100\/100\n|\n|-weather|none\n|upkeep\n|turn|25\n|\n|t:|1699877602\n|move|p1a: DESERVED UU|U-turn|p2a: Toxapex\n|-resisted|p2a: Toxapex\n|-damage|p2a: Toxapex|96\/100\n|\n|t:|1699877604\n|switch|p1a: me:|Torkoal, M, shiny|50\/100 tox|[from] U-turn\n|-weather|SunnyDay|[from] ability: Drought|[of] p1a: me:\n|move|p2a: Toxapex|Toxic|p1a: me:\n|-fail|p1a: me:|tox\n|\n|-weather|SunnyDay|[upkeep]\n|-heal|p2a: Toxapex|100\/100|[from] item: Leftovers\n|-damage|p1a: me:|44\/100 tox|[from] psn\n|upkeep\n|turn|26\n|\n|t:|1699877616\n|move|p2a: Toxapex|Toxic Spikes|p1a: me:\n|-sidestart|p1: abuzittin|move: Toxic Spikes\n|move|p1a: me:|Stealth Rock|p2a: Toxapex\n|-sidestart|p2: Zeret7|move: Stealth Rock\n|\n|-weather|SunnyDay|[upkeep]\n|-damage|p1a: me:|32\/100 tox|[from] psn\n|upkeep\n|turn|27\n|\n|t:|1699877636\n|switch|p1a: Leafeon|Leafeon, M|6\/100 tox\n|move|p2a: Toxapex|Toxic Spikes|p1a: Leafeon\n|-sidestart|p1: abuzittin|move: Toxic Spikes\n|\n|-weather|SunnyDay|[upkeep]\n|-damage|p1a: Leafeon|0 fnt|[from] psn\n|faint|p1a: Leafeon\n|upkeep\n|\n|t:|1699877646\n|switch|p1a: me:|Torkoal, M, shiny|32\/100 tox\n|turn|28\n|\n|t:|1699877650\n|move|p2a: Toxapex|Toxic Spikes||[still]\n|-fail|p2a: Toxapex\n|move|p1a: me:|Rapid Spin|p2a: Toxapex\n|-damage|p2a: Toxapex|95\/100\n|-boost|p1a: me:|spe|1\n|-sideend|p1: abuzittin|Toxic Spikes|[from] move: Rapid Spin|[of] p1a: me:\n|\n|-weather|SunnyDay|[upkeep]\n|-heal|p2a: Toxapex|100\/100|[from] item: Leftovers\n|-damage|p1a: me:|25\/100 tox|[from] psn\n|upkeep\n|turn|29\n|\n|t:|1699877660\n|switch|p1a: DESERVED UU|Tornadus-Therian, M, shiny|100\/100\n|move|p2a: Toxapex|Toxic Spikes|p1a: DESERVED UU\n|-sidestart|p1: abuzittin|move: Toxic Spikes\n|\n|-weather|SunnyDay|[upkeep]\n|upkeep\n|turn|30\n|\n|t:|1699877665\n|move|p1a: DESERVED UU|Bleakwind Storm|p2a: Toxapex\n|-damage|p2a: Toxapex|69\/100\n|-unboost|p2a: Toxapex|spe|1\n|move|p2a: Toxapex|Toxic|p1a: DESERVED UU\n|-status|p1a: DESERVED UU|tox\n|\n|-weather|SunnyDay|[upkeep]\n|-heal|p2a: Toxapex|75\/100|[from] item: Leftovers\n|-damage|p1a: DESERVED UU|94\/100 tox|[from] psn\n|upkeep\n|turn|31\n|\n|t:|1699877677\n|move|p1a: DESERVED UU|Bleakwind Storm|p2a: Toxapex\n|-damage|p2a: Toxapex|42\/100\n|move|p2a: Toxapex|Recover|p2a: Toxapex\n|-heal|p2a: Toxapex|92\/100\n|\n|-weather|SunnyDay|[upkeep]\n|-heal|p2a: Toxapex|99\/100|[from] item: Leftovers\n|-damage|p1a: DESERVED UU|82\/100 tox|[from] psn\n|upkeep\n|turn|32\n|\n|t:|1699877693\n|move|p1a: DESERVED UU|Bleakwind Storm|p2a: Toxapex\n|-damage|p2a: Toxapex|66\/100\n|move|p2a: Toxapex|Toxic Spikes|p1a: DESERVED UU\n|-sidestart|p1: abuzittin|move: Toxic Spikes\n|\n|-weather|none\n|-heal|p2a: Toxapex|72\/100|[from] item: Leftovers\n|-damage|p1a: DESERVED UU|63\/100 tox|[from] psn\n|upkeep\n|turn|33\n|\n|t:|1699877702\n|move|p1a: DESERVED UU|U-turn|p2a: Toxapex\n|-resisted|p2a: Toxapex\n|-damage|p2a: Toxapex|68\/100\n|\n|t:|1699877705\n|switch|p1a: me:|Torkoal, M, shiny|25\/100 tox|[from] U-turn\n|-weather|SunnyDay|[from] ability: Drought|[of] p1a: me:\n|move|p2a: Toxapex|Recover|p2a: Toxapex\n|-heal|p2a: Toxapex|100\/100\n|\n|-weather|SunnyDay|[upkeep]\n|-damage|p1a: me:|19\/100 tox|[from] psn\n|upkeep\n|turn|34\n|\n|t:|1699877715\n|move|p1a: me:|Rapid Spin|p2a: Toxapex\n|-damage|p2a: Toxapex|95\/100\n|-boost|p1a: me:|spe|1\n|-sideend|p1: abuzittin|Toxic Spikes|[from] move: Rapid Spin|[of] p1a: me:\n|move|p2a: Toxapex|Toxic Spikes|p1a: me:\n|-sidestart|p1: abuzittin|move: Toxic Spikes\n|\n|-weather|SunnyDay|[upkeep]\n|-heal|p2a: Toxapex|100\/100|[from] item: Leftovers\n|-damage|p1a: me:|7\/100 tox|[from] psn\n|upkeep\n|turn|35\n|\n|t:|1699877725\n|move|p1a: me:|Rapid Spin|p2a: Toxapex\n|-damage|p2a: Toxapex|95\/100\n|-boost|p1a: me:|spe|1\n|-sideend|p1: abuzittin|Toxic Spikes|[from] move: Rapid Spin|[of] p1a: me:\n|move|p2a: Toxapex|Toxic Spikes|p1a: me:\n|-sidestart|p1: abuzittin|move: Toxic Spikes\n|\n|-weather|SunnyDay|[upkeep]\n|-heal|p2a: Toxapex|100\/100|[from] item: Leftovers\n|-damage|p1a: me:|0 fnt|[from] psn\n|faint|p1a: me:\n|upkeep\n|\n|t:|1699877727\n|switch|p1a: Walking tate|Walking Wake, tera:Water|100\/100\n|-status|p1a: Walking tate|psn\n|-activate|p1a: Walking tate|ability: Protosynthesis\n|-start|p1a: Walking tate|protosynthesisspe\n|turn|36\n|\n|t:|1699877742\n|switch|p2a: Blissey|Blissey, F|64\/100\n|move|p1a: Walking tate|Hydro Steam|p2a: Blissey\n|-damage|p2a: Blissey|30\/100\n|\n|-weather|SunnyDay|[upkeep]\n|-damage|p1a: Walking tate|88\/100 psn|[from] psn\n|upkeep\n|turn|37\n|\n|t:|1699877750\n|move|p1a: Walking tate|Hydro Steam|p2a: Blissey\n|-damage|p2a: Blissey|0 fnt\n|faint|p2a: Blissey\n|\n|-weather|SunnyDay|[upkeep]\n|-damage|p1a: Walking tate|76\/100 psn|[from] psn\n|upkeep\n|\n|t:|1699877762\n|switch|p2a: Dondozo|Dondozo, M|88\/100\n|-damage|p2a: Dondozo|76\/100|[from] Stealth Rock\n|turn|38\n|\n|t:|1699877769\n|move|p1a: Walking tate|Hydro Steam|p2a: Dondozo\n|-resisted|p2a: Dondozo\n|-damage|p2a: Dondozo|19\/100\n|move|p2a: Dondozo|Rest|p2a: Dondozo\n|-status|p2a: Dondozo|slp|[from] move: Rest\n|-heal|p2a: Dondozo|100\/100 slp|[silent]\n|\n|-weather|SunnyDay|[upkeep]\n|-damage|p1a: Walking tate|64\/100 psn|[from] psn\n|upkeep\n|turn|39\n|\n|t:|1699877779\n|move|p1a: Walking tate|Hydro Steam|p2a: Dondozo\n|-resisted|p2a: Dondozo\n|-damage|p2a: Dondozo|40\/100 slp\n|cant|p2a: Dondozo|slp\n|move|p2a: Dondozo|Sleep Talk|p2a: Dondozo\n|move|p2a: Dondozo|Body Press|p1a: Walking tate|[from]move: Sleep Talk\n|-damage|p1a: Walking tate|34\/100 psn\n|\n|-weather|SunnyDay|[upkeep]\n|-heal|p2a: Dondozo|46\/100 slp|[from] item: Leftovers\n|-damage|p1a: Walking tate|21\/100 psn|[from] psn\n|upkeep\n|turn|40\n|\n|t:|1699877798\n|move|p1a: Walking tate|Hydro Steam|p2a: Dondozo\n|-resisted|p2a: Dondozo\n|-damage|p2a: Dondozo|0 fnt\n|faint|p2a: Dondozo\n|\n|-weather|none\n|-end|p1a: Walking tate|Protosynthesis\n|-damage|p1a: Walking tate|9\/100 psn|[from] psn\n|upkeep\n|\n|t:|1699877806\n|switch|p2a: Alomomola|Alomomola, M|100\/100\n|turn|41\n|c|\u2606abuzittin|if u want to stall I can stall aswell\n|\n|t:|1699877817\n|-end|p1a: Walking tate|Protosynthesis|[silent]\n|switch|p1a: comp|Scream Tail|100\/100\n|-status|p1a: comp|psn\n|move|p2a: Alomomola|Protect||[still]\n|-fail|p2a: Alomomola\n|\n|-damage|p1a: comp|88\/100 psn|[from] psn\n|upkeep\n|turn|42\n|\n|t:|1699877847\n|move|p1a: comp|Wish|p1a: comp\n|move|p2a: Alomomola|Wish|p2a: Alomomola\n|\n|-damage|p1a: comp|76\/100 psn|[from] psn\n|upkeep\n|turn|43\n|\n|t:|1699877855\n|move|p2a: Alomomola|Protect|p2a: Alomomola\n|-singleturn|p2a: Alomomola|Protect\n|move|p1a: comp|Sunny Day|p1a: comp\n|-weather|SunnyDay\n|-activate|p1a: comp|ability: Protosynthesis\n|-start|p1a: comp|protosynthesisspd\n|\n|-weather|SunnyDay|[upkeep]\n|-heal|p1a: comp|100\/100 psn|[from] move: Wish|[wisher] comp\n|-damage|p1a: comp|88\/100 psn|[from] psn\n|upkeep\n|turn|44\n|\n|t:|1699877872\n|move|p1a: comp|Wish|p1a: comp\n|move|p2a: Alomomola|Scald|p1a: comp\n|-crit|p1a: comp\n|-damage|p1a: comp|84\/100 psn\n|\n|-weather|SunnyDay|[upkeep]\n|-damage|p1a: comp|72\/100 psn|[from] psn\n|upkeep\n|turn|45\n|\n|t:|1699877880\n|-end|p1a: comp|Protosynthesis|[silent]\n|switch|p1a: Walking tate|Walking Wake, tera:Water|9\/100 psn\n|-activate|p1a: Walking tate|ability: Protosynthesis\n|-start|p1a: Walking tate|protosynthesisspe\n|move|p2a: Alomomola|Scald|p1a: Walking tate\n|-resisted|p1a: Walking tate\n|-damage|p1a: Walking tate|5\/100 psn\n|\n|-weather|SunnyDay|[upkeep]\n|-heal|p1a: Walking tate|68\/100 psn|[from] move: Wish|[wisher] comp\n|-damage|p1a: Walking tate|56\/100 psn|[from] psn\n|upkeep\n|turn|46\n|\n|t:|1699877897\n|-end|p1a: Walking tate|Protosynthesis|[silent]\n|switch|p1a: comp|Scream Tail|72\/100 psn\n|-activate|p1a: comp|ability: Protosynthesis\n|-start|p1a: comp|protosynthesisspd\n|move|p2a: Alomomola|Wish|p2a: Alomomola\n|\n|-weather|SunnyDay|[upkeep]\n|-damage|p1a: comp|59\/100 psn|[from] psn\n|upkeep\n|turn|47\n|\n|t:|1699877910\n|move|p1a: comp|Wish|p1a: comp\n|move|p2a: Alomomola|Scald|p1a: comp\n|-damage|p1a: comp|57\/100 psn\n|\n|-weather|none\n|-end|p1a: comp|Protosynthesis\n|-damage|p1a: comp|44\/100 psn|[from] psn\n|upkeep\n|turn|48\n|inactive|Zeret7 has 120 seconds left.\n|inactive|Zeret7 has 90 seconds left.\n|inactive|Zeret7 has 60 seconds left.\n|inactive|Zeret7 has 30 seconds left.\n|inactive|Zeret7 has 20 seconds left.\n|inactive|Zeret7 has 15 seconds left.\n|c|\u2606abuzittin|oh now we are time stalling\n|c|\u2606abuzittin|LoL\n|inactive|Zeret7 has 10 seconds left.\n|inactive|Zeret7 has 5 seconds left.\n|\n|t:|1699878043\n|move|p2a: Alomomola|Protect|p2a: Alomomola\n|-singleturn|p2a: Alomomola|Protect\n|move|p1a: comp|Light Screen|p1a: comp\n|-sidestart|p1: abuzittin|move: Light Screen\n|\n|-heal|p1a: comp|94\/100 psn|[from] move: Wish|[wisher] comp\n|-damage|p1a: comp|82\/100 psn|[from] psn\n|upkeep\n|turn|49\n|inactive|Zeret7 has 15 seconds left this turn.\n|inactive|Zeret7 has 10 seconds left.\n|\n|t:|1699878051\n|move|p1a: comp|Sunny Day|p1a: comp\n|-weather|SunnyDay\n|-activate|p1a: comp|ability: Protosynthesis\n|-start|p1a: comp|protosynthesisspd\n|move|p2a: Alomomola|Wish|p2a: Alomomola\n|\n|-weather|SunnyDay|[upkeep]\n|-damage|p1a: comp|69\/100 psn|[from] psn\n|upkeep\n|turn|50\n|inactive|Zeret7 has 20 seconds left this turn.\n|inactive|Zeret7 has 15 seconds left.\n|\n|t:|1699878061\n|move|p2a: Alomomola|Protect|p2a: Alomomola\n|-singleturn|p2a: Alomomola|Protect\n|move|p1a: comp|Wish|p1a: comp\n|\n|-weather|SunnyDay|[upkeep]\n|-damage|p1a: comp|57\/100 psn|[from] psn\n|upkeep\n|turn|51\n|inactive|Zeret7 has 25 seconds left this turn.\n|inactive|Zeret7 has 20 seconds left.\n|\n|t:|1699878068\n|-end|p1a: comp|Protosynthesis|[silent]\n|switch|p1a: Walking tate|Walking Wake, tera:Water|56\/100 psn\n|-activate|p1a: Walking tate|ability: Protosynthesis\n|-start|p1a: Walking tate|protosynthesisspe\n|move|p2a: Alomomola|Wish|p2a: Alomomola\n|\n|-weather|SunnyDay|[upkeep]\n|-heal|p1a: Walking tate|100\/100 psn|[from] move: Wish|[wisher] comp\n|-damage|p1a: Walking tate|88\/100 psn|[from] psn\n|upkeep\n|turn|52\n|inactive|Zeret7 has 30 seconds left this turn.\n|inactive|Zeret7 has 20 seconds left.\n|\n|t:|1699878082\n|move|p2a: Alomomola|Protect|p2a: Alomomola\n|-singleturn|p2a: Alomomola|Protect\n|move|p1a: Walking tate|Hydro Steam|p2a: Alomomola\n|-activate|p2a: Alomomola|move: Protect\n|\n|-weather|SunnyDay|[upkeep]\n|-damage|p1a: Walking tate|76\/100 psn|[from] psn\n|upkeep\n|turn|53\n|inactive|Zeret7 has 30 seconds left this turn.\n|inactive|Zeret7 has 20 seconds left.\n|\n|t:|1699878095\n|move|p1a: Walking tate|Hydro Steam|p2a: Alomomola\n|-resisted|p2a: Alomomola\n|-damage|p2a: Alomomola|24\/100\n|move|p2a: Alomomola|Scald|p1a: Walking tate\n|-resisted|p1a: Walking tate\n|-damage|p1a: Walking tate|74\/100 psn\n|\n|-weather|none\n|-end|p1a: Walking tate|Protosynthesis\n|-damage|p1a: Walking tate|62\/100 psn|[from] psn\n|upkeep\n|turn|54\n|inactive|Zeret7 has 30 seconds left this turn.\n|inactive|Zeret7 has 20 seconds left.\n|\n|t:|1699878106\n|move|p2a: Alomomola|Protect|p2a: Alomomola\n|-singleturn|p2a: Alomomola|Protect\n|move|p1a: Walking tate|Hydro Steam|p2a: Alomomola\n|-activate|p2a: Alomomola|move: Protect\n|\n|-damage|p1a: Walking tate|50\/100 psn|[from] psn\n|upkeep\n|turn|55\n|inactive|Zeret7 has 30 seconds left this turn.\n|\n|t:|1699878116\n|switch|p2a: Toxapex|Toxapex, M|100\/100\n|-damage|p2a: Toxapex|88\/100|[from] Stealth Rock\n|move|p1a: Walking tate|Hydro Steam|p2a: Toxapex\n|-resisted|p2a: Toxapex\n|-damage|p2a: Toxapex|58\/100\n|\n|-heal|p2a: Toxapex|64\/100|[from] item: Leftovers\n|-damage|p1a: Walking tate|37\/100 psn|[from] psn\n|-sideend|p1: abuzittin|move: Light Screen\n|upkeep\n|turn|56\n|inactive|Zeret7 has 30 seconds left.\n|\n|t:|1699878127\n|-end|p1a: Walking tate|Protosynthesis|[silent]\n|switch|p1a: comp|Scream Tail|57\/100 psn\n|move|p2a: Toxapex|Recover|p2a: Toxapex\n|-heal|p2a: Toxapex|100\/100\n|\n|-damage|p1a: comp|45\/100 psn|[from] psn\n|upkeep\n|turn|57\n|inactive|Zeret7 has 30 seconds left.\n|\n|t:|1699878135\n|switch|p2a: Alomomola|Alomomola, M|58\/100\n|move|p1a: comp|Wish|p1a: comp\n|\n|-damage|p1a: comp|32\/100 psn|[from] psn\n|upkeep\n|turn|58\n|c|\u2606abuzittin|I can PP stall out of u aswell\n|\n|t:|1699878143\n|move|p1a: comp|Light Screen|p1a: comp\n|-sidestart|p1: abuzittin|move: Light Screen\n|move|p2a: Alomomola|Wish|p2a: Alomomola\n|\n|-heal|p1a: comp|82\/100 psn|[from] move: Wish|[wisher] comp\n|-damage|p1a: comp|70\/100 psn|[from] psn\n|upkeep\n|turn|59\n|\n|t:|1699878154\n|move|p1a: comp|Sunny Day|p1a: comp\n|-weather|SunnyDay\n|-activate|p1a: comp|ability: Protosynthesis\n|-start|p1a: comp|protosynthesisspd\n|move|p2a: Alomomola|Scald|p1a: comp\n|-damage|p1a: comp|68\/100 psn\n|\n|-weather|SunnyDay|[upkeep]\n|-heal|p2a: Alomomola|100\/100|[from] move: Wish|[wisher] Alomomola\n|-damage|p1a: comp|56\/100 psn|[from] psn\n|upkeep\n|turn|60\n|\n|t:|1699878167\n|move|p2a: Alomomola|Protect|p2a: Alomomola\n|-singleturn|p2a: Alomomola|Protect\n|move|p1a: comp|Wish|p1a: comp\n|\n|-weather|SunnyDay|[upkeep]\n|-damage|p1a: comp|43\/100 psn|[from] psn\n|upkeep\n|turn|61\n|\n|t:|1699878176\n|move|p1a: comp|Reflect|p1a: comp\n|-sidestart|p1: abuzittin|Reflect\n|move|p2a: Alomomola|Flip Turn|p1a: comp\n|-damage|p1a: comp|41\/100 psn\n|\n|t:|1699878179\n|switch|p2a: Toxapex|Toxapex, M|100\/100|[from] Flip Turn\n|-damage|p2a: Toxapex|88\/100|[from] Stealth Rock\n|\n|-weather|SunnyDay|[upkeep]\n|-heal|p1a: comp|91\/100 psn|[from] move: Wish|[wisher] comp\n|-heal|p2a: Toxapex|94\/100|[from] item: Leftovers\n|-damage|p1a: comp|78\/100 psn|[from] psn\n|upkeep\n|turn|62\n|\n|t:|1699878193\n|move|p1a: comp|Wish|p1a: comp\n|move|p2a: Toxapex|Toxic Spikes|p1a: comp\n|-sidestart|p1: abuzittin|move: Toxic Spikes\n|\n|-weather|SunnyDay|[upkeep]\n|-heal|p2a: Toxapex|100\/100|[from] item: Leftovers\n|-damage|p1a: comp|66\/100 psn|[from] psn\n|upkeep\n|turn|63\n|\n|t:|1699878204\n|-end|p1a: comp|Protosynthesis|[silent]\n|switch|p1a: Walking tate|Walking Wake, tera:Water|37\/100 psn\n|-activate|p1a: Walking tate|ability: Protosynthesis\n|-start|p1a: Walking tate|protosynthesisspe\n|move|p2a: Toxapex|Haze|p2a: Toxapex\n|-clearallboost\n|\n|-weather|none\n|-end|p1a: Walking tate|Protosynthesis\n|-heal|p1a: Walking tate|100\/100 psn|[from] move: Wish|[wisher] comp\n|-damage|p1a: Walking tate|88\/100 psn|[from] psn\n|upkeep\n|turn|64\n|\n|t:|1699878220\n|move|p1a: Walking tate|Draco Meteor|p2a: Toxapex\n|-damage|p2a: Toxapex|24\/100\n|-unboost|p1a: Walking tate|spa|2\n|move|p2a: Toxapex|Recover|p2a: Toxapex\n|-heal|p2a: Toxapex|74\/100\n|\n|-heal|p2a: Toxapex|80\/100|[from] item: Leftovers\n|-damage|p1a: Walking tate|76\/100 psn|[from] psn\n|upkeep\n|turn|65\n|\n|t:|1699878231\n|-end|p1a: Walking tate|Protosynthesis|[silent]\n|switch|p1a: comp|Scream Tail|66\/100 psn\n|move|p2a: Toxapex|Recover|p2a: Toxapex\n|-heal|p2a: Toxapex|100\/100\n|\n|-damage|p1a: comp|53\/100 psn|[from] psn\n|-sideend|p1: abuzittin|move: Light Screen\n|upkeep\n|turn|66\n|\n|t:|1699878252\n|move|p1a: comp|Wish|p1a: comp\n|move|p2a: Toxapex|Haze|p2a: Toxapex\n|-clearallboost\n|\n|-damage|p1a: comp|41\/100 psn|[from] psn\n|upkeep\n|turn|67\n|\n|t:|1699878268\n|move|p1a: comp|Sunny Day|p1a: comp\n|-weather|SunnyDay\n|-activate|p1a: comp|ability: Protosynthesis\n|-start|p1a: comp|protosynthesisspd\n|move|p2a: Toxapex|Haze|p2a: Toxapex\n|-clearallboost\n|\n|-weather|SunnyDay|[upkeep]\n|-heal|p1a: comp|91\/100 psn|[from] move: Wish|[wisher] comp\n|-damage|p1a: comp|78\/100 psn|[from] psn\n|upkeep\n|turn|68\n|\n|t:|1699878278\n|move|p1a: comp|Wish|p1a: comp\n|move|p2a: Toxapex|Toxic Spikes||[still]\n|-fail|p2a: Toxapex\n|\n|-weather|SunnyDay|[upkeep]\n|-damage|p1a: comp|66\/100 psn|[from] psn\n|-sideend|p1: abuzittin|Reflect\n|upkeep\n|turn|69\n|\n|t:|1699878286\n|-end|p1a: comp|Protosynthesis|[silent]\n|switch|p1a: Walking tate|Walking Wake, tera:Water|76\/100 psn\n|-activate|p1a: Walking tate|ability: Protosynthesis\n|-start|p1a: Walking tate|protosynthesisspe\n|move|p2a: Toxapex|Haze|p2a: Toxapex\n|-clearallboost\n|\n|-weather|SunnyDay|[upkeep]\n|-heal|p1a: Walking tate|100\/100 psn|[from] move: Wish|[wisher] comp\n|-damage|p1a: Walking tate|88\/100 psn|[from] psn\n|upkeep\n|turn|70\n|\n|t:|1699878304\n|move|p1a: Walking tate|Hydro Steam|p2a: Toxapex\n|-resisted|p2a: Toxapex\n|-damage|p2a: Toxapex|55\/100\n|move|p2a: Toxapex|Recover|p2a: Toxapex\n|-heal|p2a: Toxapex|100\/100\n|\n|-weather|SunnyDay|[upkeep]\n|-damage|p1a: Walking tate|76\/100 psn|[from] psn\n|upkeep\n|turn|71\n|\n|t:|1699878315\n|switch|p2a: Alomomola|Alomomola, M|100\/100\n|move|p1a: Walking tate|Hydro Steam|p2a: Alomomola\n|-resisted|p2a: Alomomola\n|-damage|p2a: Alomomola|24\/100\n|\n|-weather|none\n|-end|p1a: Walking tate|Protosynthesis\n|-damage|p1a: Walking tate|64\/100 psn|[from] psn\n|upkeep\n|turn|72\n|\n|t:|1699878324\n|move|p2a: Alomomola|Protect|p2a: Alomomola\n|-singleturn|p2a: Alomomola|Protect\n|move|p1a: Walking tate|Hydro Steam|p2a: Alomomola\n|-activate|p2a: Alomomola|move: Protect\n|\n|-damage|p1a: Walking tate|51\/100 psn|[from] psn\n|upkeep\n|turn|73\n|\n|t:|1699878333\n|move|p1a: Walking tate|Hydro Steam|p2a: Alomomola\n|-resisted|p2a: Alomomola\n|-damage|p2a: Alomomola|0 fnt\n|faint|p2a: Alomomola\n|\n|-damage|p1a: Walking tate|39\/100 psn|[from] psn\n|upkeep\n|\n|t:|1699878339\n|switch|p2a: Toxapex|Toxapex, M|100\/100\n|-damage|p2a: Toxapex|88\/100|[from] Stealth Rock\n|turn|74\n|\n|t:|1699878351\n|-end|p1a: Walking tate|Protosynthesis|[silent]\n|switch|p1a: comp|Scream Tail|66\/100 psn\n|move|p2a: Toxapex|Toxic Spikes||[still]\n|-fail|p2a: Toxapex\n|\n|-heal|p2a: Toxapex|94\/100|[from] item: Leftovers\n|-damage|p1a: comp|53\/100 psn|[from] psn\n|upkeep\n|turn|75\n|\n|t:|1699878366\n|move|p1a: comp|Wish|p1a: comp\n|move|p2a: Toxapex|Haze|p2a: Toxapex\n|-clearallboost\n|\n|-heal|p2a: Toxapex|100\/100|[from] item: Leftovers\n|-damage|p1a: comp|41\/100 psn|[from] psn\n|upkeep\n|turn|76\n|\n|t:|1699878375\n|move|p1a: comp|Sunny Day|p1a: comp\n|-weather|SunnyDay\n|-activate|p1a: comp|ability: Protosynthesis\n|-start|p1a: comp|protosynthesisspd\n|move|p2a: Toxapex|Toxic Spikes||[still]\n|-fail|p2a: Toxapex\n|\n|-weather|SunnyDay|[upkeep]\n|-heal|p1a: comp|91\/100 psn|[from] move: Wish|[wisher] comp\n|-damage|p1a: comp|79\/100 psn|[from] psn\n|upkeep\n|turn|77\n|\n|t:|1699878385\n|move|p1a: comp|Wish|p1a: comp\n|move|p2a: Toxapex|Toxic||[still]\n|-fail|p2a: Toxapex\n|\n|-weather|SunnyDay|[upkeep]\n|-damage|p1a: comp|66\/100 psn|[from] psn\n|upkeep\n|turn|78\n|inactive|Zeret7 has 60 seconds left.\n|\n|t:|1699878399\n|-end|p1a: comp|Protosynthesis|[silent]\n|switch|p1a: Walking tate|Walking Wake, tera:Water|39\/100 psn\n|-activate|p1a: Walking tate|ability: Protosynthesis\n|-start|p1a: Walking tate|protosynthesisspe\n|move|p2a: Toxapex|Toxic||[still]\n|-fail|p2a: Toxapex\n|\n|-weather|SunnyDay|[upkeep]\n|-heal|p1a: Walking tate|100\/100 psn|[from] move: Wish|[wisher] comp\n|-damage|p1a: Walking tate|88\/100 psn|[from] psn\n|upkeep\n|turn|79\n|inactive|Zeret7 has 60 seconds left.\n|\n|t:|1699878420\n|move|p1a: Walking tate|Hydro Steam|p2a: Toxapex\n|-resisted|p2a: Toxapex\n|-damage|p2a: Toxapex|55\/100\n|move|p2a: Toxapex|Toxic Spikes||[still]\n|-fail|p2a: Toxapex\n|\n|-weather|SunnyDay|[upkeep]\n|-heal|p2a: Toxapex|61\/100|[from] item: Leftovers\n|-damage|p1a: Walking tate|76\/100 psn|[from] psn\n|upkeep\n|turn|80\n|\n|t:|1699878432\n|move|p1a: Walking tate|Hydro Steam|p2a: Toxapex\n|-resisted|p2a: Toxapex\n|-damage|p2a: Toxapex|16\/100\n|move|p2a: Toxapex|Toxic||[still]\n|-fail|p2a: Toxapex\n|\n|-weather|none\n|-end|p1a: Walking tate|Protosynthesis\n|-heal|p2a: Toxapex|22\/100|[from] item: Leftovers\n|-damage|p1a: Walking tate|64\/100 psn|[from] psn\n|upkeep\n|turn|81\n|\n|t:|1699878442\n|move|p1a: Walking tate|Hydro Steam|p2a: Toxapex\n|-resisted|p2a: Toxapex\n|-damage|p2a: Toxapex|0 fnt\n|faint|p2a: Toxapex\n|\n|win|abuzittin\n|raw|abuzittin's rating: 1221 &rarr; <strong>1249<\/strong><br \/>(+28 for winning)\n|raw|Zeret7's rating: 1265 &rarr; <strong>1237<\/strong><br \/>(-28 for losing)\n","uploadtime":1699878446,"views":11,"p1id":"abuzittin","p2id":"zeret7","formatid":"gen9ou","rating":1237,"private":0,"password":""}