{"id":"gen9ou-1991552564","p1":"whatabeautifulname","p2":"Slashed-Zero","format":"[Gen 9] OU","log":"|j|\u2606whatabeautifulname\n|j|\u2606Slashed-Zero\n|inactive|Battle timer is ON: inactive players will automatically lose when time's up.\n|t:|1700087644\n|gametype|singles\n|player|p1|whatabeautifulname|brock|\n|player|p2|Slashed-Zero|265|\n|teamsize|p1|6\n|teamsize|p2|6\n|gen|9\n|tier|[Gen 9] OU\n|rated|Tournament battle\n|rule|Sleep Clause Mod: Limit one foe put to sleep\n|rule|Species Clause: Limit one of each Pok\u00e9mon\n|rule|OHKO Clause: OHKO moves are banned\n|rule|Evasion Items Clause: Evasion items are banned\n|rule|Evasion Moves Clause: Evasion moves are banned\n|rule|Endless Battle Clause: Forcing endless battles is banned\n|rule|HP Percentage Mod: HP is shown in percentages\n|clearpoke\n|poke|p1|Zamazenta-*|\n|poke|p1|Ceruledge, M|\n|poke|p1|Cresselia, F|\n|poke|p1|Rillaboom, M|\n|poke|p1|Altaria, M|\n|poke|p1|Samurott-Hisui, F|\n|poke|p2|Zoroark-Hisui, M|\n|poke|p2|Kingambit, M|\n|poke|p2|Lucario, F|\n|poke|p2|Tyranitar, M|\n|poke|p2|Samurott-Hisui, M|\n|poke|p2|Salamence, F|\n|teampreview\n|j| Calydon\n|\n|t:|1700087670\n|start\n|switch|p1a: Samurott|Samurott-Hisui, F|100\/100\n|switch|p2a: Tyranitar|Tyranitar, M|100\/100\n|-weather|Sandstorm|[from] ability: Sand Stream|[of] p2a: Tyranitar\n|turn|1\n|j| goofsterino\n|inactive|whatabeautifulname has 120 seconds left.\n|\n|t:|1700087706\n|move|p1a: Samurott|Ceaseless Edge|p2a: Tyranitar\n|-resisted|p2a: Tyranitar\n|-damage|p2a: Tyranitar|82\/100\n|-sidestart|p2: Slashed-Zero|Spikes\n|move|p2a: Tyranitar|Thunder Wave|p1a: Samurott\n|-status|p1a: Samurott|par\n|\n|-weather|Sandstorm|[upkeep]\n|-damage|p1a: Samurott|94\/100 par|[from] Sandstorm\n|-heal|p2a: Tyranitar|88\/100|[from] item: Leftovers\n|upkeep\n|turn|2\n|inactive|whatabeautifulname has 120 seconds left.\n|j| TheNewBrends11@!\n|inactive|Slashed-Zero has 120 seconds left.\n|\n|t:|1700087727\n|move|p2a: Tyranitar|Dragon Dance|p2a: Tyranitar\n|-boost|p2a: Tyranitar|atk|1\n|-boost|p2a: Tyranitar|spe|1\n|move|p1a: Samurott|Ceaseless Edge|p2a: Tyranitar\n|-resisted|p2a: Tyranitar\n|-damage|p2a: Tyranitar|69\/100\n|-sidestart|p2: Slashed-Zero|Spikes\n|\n|-weather|Sandstorm|[upkeep]\n|-damage|p1a: Samurott|88\/100 par|[from] Sandstorm\n|-heal|p2a: Tyranitar|75\/100|[from] item: Leftovers\n|upkeep\n|turn|3\n|inactive|whatabeautifulname has 120 seconds left.\n|inactive|Slashed-Zero has 120 seconds left.\n|\n|t:|1700087741\n|switch|p1a: Rillaboom|Rillaboom, M|100\/100\n|-fieldstart|move: Grassy Terrain|[from] ability: Grassy Surge|[of] p1a: Rillaboom\n|move|p2a: Tyranitar|Earthquake|p1a: Rillaboom\n|-resisted|p1a: Rillaboom\n|-damage|p1a: Rillaboom|86\/100\n|\n|-weather|Sandstorm|[upkeep]\n|-damage|p1a: Rillaboom|80\/100|[from] Sandstorm\n|-heal|p2a: Tyranitar|81\/100|[from] Grassy Terrain\n|-heal|p2a: Tyranitar|87\/100|[from] item: Leftovers\n|-heal|p1a: Rillaboom|86\/100|[from] Grassy Terrain\n|upkeep\n|turn|4\n|inactive|whatabeautifulname has 120 seconds left.\n|inactive|Slashed-Zero has 120 seconds left.\n|\n|t:|1700087774\n|switch|p2a: Salamence|Salamence, F|100\/100\n|move|p1a: Rillaboom|Grassy Glide|p2a: Salamence\n|-resisted|p2a: Salamence\n|-damage|p2a: Salamence|83\/100\n|\n|-weather|Sandstorm|[upkeep]\n|-damage|p2a: Salamence|77\/100|[from] Sandstorm\n|-damage|p1a: Rillaboom|80\/100|[from] Sandstorm\n|-heal|p1a: Rillaboom|86\/100|[from] Grassy Terrain\n|upkeep\n|turn|5\n|inactive|whatabeautifulname has 120 seconds left.\n|\n|t:|1700087784\n|switch|p1a: Cresselia|Cresselia, F|100\/100\n|move|p2a: Salamence|Dual Wingbeat|p1a: Cresselia\n|-damage|p1a: Cresselia|87\/100\n|-damage|p1a: Cresselia|74\/100\n|-hitcount|p1a: Cresselia|2\n|\n|-weather|none\n|-heal|p1a: Cresselia|80\/100|[from] item: Leftovers\n|upkeep\n|turn|6\n|\n|t:|1700087799\n|switch|p2a: Tyranitar|Tyranitar, M|87\/100\n|-damage|p2a: Tyranitar|71\/100|[from] Spikes\n|-weather|Sandstorm|[from] ability: Sand Stream|[of] p2a: Tyranitar\n|move|p1a: Cresselia|Moonblast|p2a: Tyranitar\n|-supereffective|p2a: Tyranitar\n|-damage|p2a: Tyranitar|46\/100\n|\n|-weather|Sandstorm|[upkeep]\n|-damage|p1a: Cresselia|74\/100|[from] Sandstorm\n|-heal|p2a: Tyranitar|52\/100|[from] Grassy Terrain\n|-heal|p2a: Tyranitar|58\/100|[from] item: Leftovers\n|-heal|p1a: Cresselia|80\/100|[from] item: Leftovers\n|upkeep\n|turn|7\n|\n|t:|1700087814\n|switch|p1a: Samurott|Samurott-Hisui, F|88\/100 par\n|move|p2a: Tyranitar|Crunch|p1a: Samurott\n|-resisted|p1a: Samurott\n|-damage|p1a: Samurott|60\/100 par\n|\n|-weather|Sandstorm|[upkeep]\n|-damage|p1a: Samurott|54\/100 par|[from] Sandstorm\n|-heal|p2a: Tyranitar|64\/100|[from] Grassy Terrain\n|-heal|p2a: Tyranitar|70\/100|[from] item: Leftovers\n|-heal|p1a: Samurott|60\/100 par|[from] Grassy Terrain\n|-fieldend|move: Grassy Terrain\n|upkeep\n|turn|8\n|\n|t:|1700087829\n|move|p2a: Tyranitar|Dragon Dance|p2a: Tyranitar\n|-boost|p2a: Tyranitar|atk|1\n|-boost|p2a: Tyranitar|spe|1\n|move|p1a: Samurott|Ceaseless Edge|p2a: Tyranitar\n|-resisted|p2a: Tyranitar\n|-damage|p2a: Tyranitar|50\/100\n|-sidestart|p2: Slashed-Zero|Spikes\n|\n|-weather|Sandstorm|[upkeep]\n|-damage|p1a: Samurott|54\/100 par|[from] Sandstorm\n|-heal|p2a: Tyranitar|56\/100|[from] item: Leftovers\n|upkeep\n|turn|9\n|\n|t:|1700087839\n|switch|p1a: Rillaboom|Rillaboom, M|86\/100\n|-fieldstart|move: Grassy Terrain|[from] ability: Grassy Surge|[of] p1a: Rillaboom\n|move|p2a: Tyranitar|Earthquake|p1a: Rillaboom\n|-resisted|p1a: Rillaboom\n|-damage|p1a: Rillaboom|69\/100\n|\n|-weather|Sandstorm|[upkeep]\n|-damage|p1a: Rillaboom|63\/100|[from] Sandstorm\n|-heal|p2a: Tyranitar|62\/100|[from] Grassy Terrain\n|-heal|p2a: Tyranitar|69\/100|[from] item: Leftovers\n|-heal|p1a: Rillaboom|69\/100|[from] Grassy Terrain\n|upkeep\n|turn|10\n|\n|t:|1700087853\n|move|p1a: Rillaboom|Grassy Glide|p2a: Tyranitar\n|-supereffective|p2a: Tyranitar\n|-damage|p2a: Tyranitar|0 fnt\n|faint|p2a: Tyranitar\n|\n|-weather|none\n|-heal|p1a: Rillaboom|76\/100|[from] Grassy Terrain\n|upkeep\n|\n|t:|1700087860\n|switch|p2a: Salamence|Salamence, F|77\/100\n|turn|11\n|\n|t:|1700087867\n|switch|p1a: Cresselia|Cresselia, F|80\/100\n|move|p2a: Salamence|Dragon Dance|p2a: Salamence\n|-boost|p2a: Salamence|atk|1\n|-boost|p2a: Salamence|spe|1\n|\n|-heal|p1a: Cresselia|86\/100|[from] item: Leftovers\n|upkeep\n|turn|12\n|inactive|Slashed-Zero has 90 seconds left.\n|l| goofsterino\n|\n|t:|1700087905\n|switch|p2a: Lucario|Lucario, F|100\/100\n|-damage|p2a: Lucario|76\/100|[from] Spikes\n|move|p1a: Cresselia|Moonblast|p2a: Lucario\n|-damage|p2a: Lucario|41\/100\n|\n|-heal|p2a: Lucario|47\/100|[from] Grassy Terrain\n|-heal|p1a: Cresselia|92\/100|[from] item: Leftovers\n|upkeep\n|turn|13\n|\n|t:|1700087917\n|switch|p1a: Zamazenta|Zamazenta|100\/100\n|-ability|p1a: Zamazenta|Dauntless Shield|boost\n|-boost|p1a: Zamazenta|def|1\n|move|p2a: Lucario|Swords Dance|p2a: Lucario\n|-boost|p2a: Lucario|atk|2\n|\n|-heal|p2a: Lucario|53\/100|[from] Grassy Terrain\n|-fieldend|move: Grassy Terrain\n|upkeep\n|turn|14\n|\n|t:|1700087928\n|move|p1a: Zamazenta|Body Press|p2a: Lucario\n|-supereffective|p2a: Lucario\n|-damage|p2a: Lucario|0 fnt\n|faint|p2a: Lucario\n|\n|upkeep\n|l| Calydon\n|\n|t:|1700087944\n|switch|p2a: Salamence|Salamence, F|77\/100\n|turn|15\n|\n|t:|1700087952\n|move|p1a: Zamazenta|Iron Defense|p1a: Zamazenta\n|-boost|p1a: Zamazenta|def|2\n|move|p2a: Salamence|Dragon Dance|p2a: Salamence\n|-boost|p2a: Salamence|atk|1\n|-boost|p2a: Salamence|spe|1\n|\n|upkeep\n|turn|16\n|\n|t:|1700087960\n|move|p2a: Salamence|Dual Wingbeat|p1a: Zamazenta\n|-supereffective|p1a: Zamazenta\n|-damage|p1a: Zamazenta|82\/100\n|-supereffective|p1a: Zamazenta\n|-damage|p1a: Zamazenta|63\/100\n|-hitcount|p1a: Zamazenta|2\n|move|p1a: Zamazenta|Body Press|p2a: Salamence\n|-resisted|p2a: Salamence\n|-damage|p2a: Salamence|27\/100\n|\n|-heal|p1a: Zamazenta|69\/100|[from] item: Leftovers\n|upkeep\n|turn|17\n|\n|t:|1700087978\n|move|p2a: Salamence|Dual Wingbeat|p1a: Zamazenta\n|-supereffective|p1a: Zamazenta\n|-damage|p1a: Zamazenta|52\/100\n|-supereffective|p1a: Zamazenta\n|-damage|p1a: Zamazenta|35\/100\n|-hitcount|p1a: Zamazenta|2\n|move|p1a: Zamazenta|Body Press|p2a: Salamence\n|-resisted|p2a: Salamence\n|-damage|p2a: Salamence|0 fnt\n|faint|p2a: Salamence\n|\n|-heal|p1a: Zamazenta|41\/100|[from] item: Leftovers\n|upkeep\n|inactive|Slashed-Zero has 60 seconds left.\n|\n|t:|1700087994\n|switch|p2a: Samurott|Samurott-Hisui, M|100\/100\n|-damage|p2a: Samurott|76\/100|[from] Spikes\n|turn|18\n|inactive|Slashed-Zero has 60 seconds left.\n|\n|t:|1700088005\n|switch|p1a: Rillaboom|Rillaboom, M|76\/100\n|-fieldstart|move: Grassy Terrain|[from] ability: Grassy Surge|[of] p1a: Rillaboom\n|move|p2a: Samurott|Nasty Plot|p2a: Samurott\n|-boost|p2a: Samurott|spa|2\n|\n|-heal|p2a: Samurott|82\/100|[from] Grassy Terrain\n|-heal|p1a: Rillaboom|82\/100|[from] Grassy Terrain\n|upkeep\n|turn|19\n|inactive|Slashed-Zero has 60 seconds left.\n|\n|t:|1700088017\n|move|p1a: Rillaboom|Grassy Glide|p2a: Samurott\n|-damage|p2a: Samurott|0 fnt\n|replace|p2a: Zoroark|Zoroark-Hisui, M\n|-end|p2a: Zoroark|Illusion\n|faint|p2a: Zoroark\n|\n|-heal|p1a: Rillaboom|88\/100|[from] Grassy Terrain\n|upkeep\n|inactive|Slashed-Zero has 60 seconds left.\n|\n|t:|1700088027\n|switch|p2a: Kingambit|Kingambit, M|100\/100\n|-damage|p2a: Kingambit|75\/100|[from] Spikes\n|turn|20\n|\n|t:|1700088035\n|switch|p1a: Zamazenta|Zamazenta|41\/100\n|move|p2a: Kingambit|Swords Dance|p2a: Kingambit\n|-boost|p2a: Kingambit|atk|2\n|\n|-heal|p1a: Zamazenta|47\/100|[from] Grassy Terrain\n|-heal|p1a: Zamazenta|53\/100|[from] item: Leftovers\n|-heal|p2a: Kingambit|82\/100|[from] Grassy Terrain\n|-heal|p2a: Kingambit|88\/100|[from] item: Leftovers\n|upkeep\n|turn|21\n|\n|t:|1700088048\n|-terastallize|p2a: Kingambit|Dark\n|move|p1a: Zamazenta|Iron Defense|p1a: Zamazenta\n|-boost|p1a: Zamazenta|def|2\n|move|p2a: Kingambit|Iron Head|p1a: Zamazenta\n|-damage|p1a: Zamazenta|21\/100\n|\n|-heal|p1a: Zamazenta|27\/100|[from] Grassy Terrain\n|-heal|p1a: Zamazenta|33\/100|[from] item: Leftovers\n|-heal|p2a: Kingambit|94\/100|[from] Grassy Terrain\n|-heal|p2a: Kingambit|99\/100|[from] item: Leftovers\n|upkeep\n|turn|22\n|\n|t:|1700088062\n|move|p1a: Zamazenta|Iron Defense|p1a: Zamazenta\n|-boost|p1a: Zamazenta|def|2\n|move|p2a: Kingambit|Iron Head|p1a: Zamazenta\n|-damage|p1a: Zamazenta|8\/100\n|\n|-heal|p1a: Zamazenta|14\/100|[from] Grassy Terrain\n|-heal|p1a: Zamazenta|20\/100|[from] item: Leftovers\n|-heal|p2a: Kingambit|100\/100|[from] Grassy Terrain\n|-fieldend|move: Grassy Terrain\n|upkeep\n|turn|23\n|\n|t:|1700088075\n|move|p1a: Zamazenta|Body Press|p2a: Kingambit\n|-supereffective|p2a: Kingambit\n|-damage|p2a: Kingambit|0 fnt\n|faint|p2a: Kingambit\n|\n|-heal|p1a: Zamazenta|27\/100|[from] item: Leftovers\n|upkeep\n|\n|t:|1700088084\n|switch|p2a: Samurott|Samurott-Hisui, M|100\/100\n|-damage|p2a: Samurott|76\/100|[from] Spikes\n|turn|24\n|\n|t:|1700088098\n|move|p1a: Zamazenta|Body Press|p2a: Samurott\n|-supereffective|p2a: Samurott\n|-damage|p2a: Samurott|0 fnt\n|faint|p2a: Samurott\n|\n|win|whatabeautifulname\n|n|\u2606whatabeautifulname|whatabeautifulname\n|n|\u2606Slashed-Zero|slashedzero\n|n| TheNewBrends11@!|thenewbrends11\n|l|\u2606whatabeautifulname\n|c|\u2606Slashed-Zero|Nice\n|l|\u2606Slashed-Zero\n","uploadtime":1700088285,"views":7,"p1id":"whatabeautifulname","p2id":"slashedzero","formatid":"gen9ou","rating":0,"private":0,"password":""}