{"id":"gen9ou-1997332847","p1":"ziyi1117","p2":"Boulesinus15","format":"[Gen 9] OU","log":"|j|\u2606ziyi1117\n|j|\u2606Boulesinus15\n|t:|1700790572\n|gametype|singles\n|player|p1|ziyi1117|linebacker|1121\n|player|p2|Boulesinus15|265|1042\n|teamsize|p1|6\n|teamsize|p2|6\n|gen|9\n|tier|[Gen 9] OU\n|rated|\n|rule|Sleep Clause Mod: Limit one foe put to sleep\n|rule|Species Clause: Limit one of each Pok\u00e9mon\n|rule|OHKO Clause: OHKO moves are banned\n|rule|Evasion Items Clause: Evasion items are banned\n|rule|Evasion Moves Clause: Evasion moves are banned\n|rule|Endless Battle Clause: Forcing endless battles is banned\n|rule|HP Percentage Mod: HP is shown in percentages\n|clearpoke\n|poke|p1|Zapdos|\n|poke|p1|Great Tusk|\n|poke|p1|Quaquaval, F|\n|poke|p1|Mimikyu, F|\n|poke|p1|Heatran, F|\n|poke|p1|Toxapex, M|\n|poke|p2|Slowking, M|\n|poke|p2|Kingambit, M|\n|poke|p2|Landorus-Therian, M|\n|poke|p2|Iron Moth|\n|poke|p2|Garchomp, M|\n|poke|p2|Meowscarada, M|\n|teampreview\n|\n|t:|1700790599\n|start\n|switch|p1a: Toxapex|Toxapex, M|100\/100\n|switch|p2a: Meowscarada|Meowscarada, M|100\/100\n|turn|1\n|\n|t:|1700790616\n|move|p2a: Meowscarada|U-turn|p1a: Toxapex\n|-start|p2a: Meowscarada|typechange|Bug|[from] ability: Protean\n|-resisted|p1a: Toxapex\n|-damage|p1a: Toxapex|85\/100\n|\n|t:|1700790624\n|switch|p2a: Slowking|Slowking, M|100\/100|[from] U-turn\n|move|p1a: Toxapex|Toxic|p2a: Slowking\n|-status|p2a: Slowking|tox\n|\n|-heal|p1a: Toxapex|91\/100|[from] item: Leftovers\n|-damage|p2a: Slowking|94\/100 tox|[from] psn\n|upkeep\n|turn|2\n|\n|t:|1700790642\n|switch|p1a: Heatran|Heatran, F|100\/100\n|move|p2a: Slowking|Chilly Reception|p2a: Slowking\n|-weather|Snow\n|inactive|Battle timer is ON: inactive players will automatically lose when time's up. (requested by ziyi1117)\n|\n|t:|1700790703\n|switch|p2a: Garchomp|Garchomp, M|100\/100|[from] Chilly Reception\n|\n|-weather|Snow|[upkeep]\n|upkeep\n|turn|3\n|\n|t:|1700790716\n|switch|p1a: Zapdos|Zapdos|100\/100\n|move|p2a: Garchomp|Substitute|p2a: Garchomp\n|-start|p2a: Garchomp|Substitute\n|-damage|p2a: Garchomp|75\/100\n|\n|-weather|Snow|[upkeep]\n|-heal|p2a: Garchomp|82\/100|[from] item: Leftovers\n|upkeep\n|turn|4\n|\n|t:|1700790734\n|move|p2a: Garchomp|Stealth Rock|p1a: Zapdos\n|-sidestart|p1: ziyi1117|move: Stealth Rock\n|move|p1a: Zapdos|Heat Wave|p2a: Garchomp\n|-resisted|p2a: Garchomp\n|-activate|p2a: Garchomp|move: Substitute|[damage]\n|\n|-weather|Snow|[upkeep]\n|-heal|p2a: Garchomp|88\/100|[from] item: Leftovers\n|upkeep\n|turn|5\n|\n|t:|1700790758\n|switch|p2a: Slowking|Slowking, M|100\/100 tox\n|switch|p1a: Great Tusk|Great Tusk|100\/100\n|-damage|p1a: Great Tusk|97\/100|[from] Stealth Rock\n|\n|-weather|Snow|[upkeep]\n|-damage|p2a: Slowking|94\/100 tox|[from] psn\n|upkeep\n|turn|6\n|\n|t:|1700790771\n|move|p1a: Great Tusk|Rapid Spin|p2a: Slowking\n|-damage|p2a: Slowking|76\/100 tox\n|-boost|p1a: Great Tusk|spe|1\n|-sideend|p1: ziyi1117|Stealth Rock|[from] move: Rapid Spin|[of] p1a: Great Tusk\n|move|p2a: Slowking|Surf|p1a: Great Tusk\n|-supereffective|p1a: Great Tusk\n|-damage|p1a: Great Tusk|50\/100\n|\n|-weather|none\n|-damage|p2a: Slowking|64\/100 tox|[from] psn\n|upkeep\n|turn|7\n|\n|t:|1700790792\n|-terastallize|p1a: Great Tusk|Steel\n|move|p1a: Great Tusk|Headlong Rush|p2a: Slowking\n|-damage|p2a: Slowking|0 fnt\n|-unboost|p1a: Great Tusk|def|1\n|-unboost|p1a: Great Tusk|spd|1\n|faint|p2a: Slowking\n|\n|upkeep\n|inactive|Boulesinus15 has 120 seconds left.\n|\n|t:|1700790840\n|switch|p2a: Landorus|Landorus-Therian, M|100\/100\n|-ability|p2a: Landorus|Intimidate|boost\n|-unboost|p1a: Great Tusk|atk|1\n|turn|8\n|\n|t:|1700790852\n|-end|p1a: Great Tusk|Protosynthesis|[silent]\n|switch|p1a: Toxapex|Toxapex, M|100\/100\n|move|p2a: Landorus|U-turn|p1a: Toxapex\n|-resisted|p1a: Toxapex\n|-damage|p1a: Toxapex|93\/100\n|\n|t:|1700790862\n|switch|p2a: Garchomp|Garchomp, M|88\/100|[from] U-turn\n|\n|-heal|p2a: Garchomp|94\/100|[from] item: Leftovers\n|-heal|p1a: Toxapex|99\/100|[from] item: Leftovers\n|upkeep\n|turn|9\n|inactive|ziyi1117 has 120 seconds left.\n|\n|t:|1700790890\n|move|p2a: Garchomp|Earthquake|p1a: Toxapex\n|-supereffective|p1a: Toxapex\n|-damage|p1a: Toxapex|42\/100\n|move|p1a: Toxapex|Toxic|p2a: Garchomp\n|-status|p2a: Garchomp|tox\n|\n|-heal|p2a: Garchomp|99\/100 tox|[from] item: Leftovers\n|-heal|p1a: Toxapex|48\/100|[from] item: Leftovers\n|-damage|p2a: Garchomp|94\/100 tox|[from] psn\n|upkeep\n|turn|10\n|inactive|ziyi1117 has 120 seconds left.\n|inactive|Boulesinus15 has 90 seconds left.\n|\n|t:|1700790919\n|switch|p2a: Kingambit|Kingambit, M|100\/100\n|-activate|p2a: Kingambit|ability: Supreme Overlord\n|-start|p2a: Kingambit|fallen1|[silent]\n|switch|p1a: Zapdos|Zapdos|100\/100\n|\n|upkeep\n|turn|11\n|inactive|Boulesinus15 has 90 seconds left.\n|inactive|ziyi1117 has 120 seconds left.\n|\n|t:|1700790946\n|move|p1a: Zapdos|Heat Wave|p2a: Kingambit\n|-supereffective|p2a: Kingambit\n|-damage|p2a: Kingambit|44\/100\n|move|p2a: Kingambit|Swords Dance|p2a: Kingambit\n|-boost|p2a: Kingambit|atk|2\n|\n|upkeep\n|turn|12\n|\n|t:|1700790951\n|move|p2a: Kingambit|Sucker Punch|p1a: Zapdos\n|-damage|p1a: Zapdos|16\/100\n|-damage|p2a: Kingambit|34\/100|[from] item: Life Orb\n|move|p1a: Zapdos|Heat Wave|p2a: Kingambit\n|-supereffective|p2a: Kingambit\n|-damage|p2a: Kingambit|0 fnt\n|faint|p2a: Kingambit\n|-end|p2a: Kingambit|fallen1|[silent]\n|\n|upkeep\n|\n|t:|1700790975\n|switch|p2a: Meowscarada|Meowscarada, M|100\/100\n|turn|13\n|\n|t:|1700790982\n|switch|p1a: Toxapex|Toxapex, M|81\/100\n|move|p2a: Meowscarada|Knock Off|p1a: Toxapex\n|-start|p2a: Meowscarada|typechange|Dark|[from] ability: Protean\n|-damage|p1a: Toxapex|38\/100\n|-enditem|p1a: Toxapex|Leftovers|[from] move: Knock Off|[of] p2a: Meowscarada\n|\n|upkeep\n|turn|14\n|\n|t:|1700790999\n|switch|p2a: Landorus|Landorus-Therian, M|100\/100\n|-ability|p2a: Landorus|Intimidate|boost\n|-unboost|p1a: Toxapex|atk|1\n|move|p1a: Toxapex|Recover|p1a: Toxapex\n|-heal|p1a: Toxapex|88\/100\n|\n|upkeep\n|turn|15\n|\n|t:|1700791012\n|move|p2a: Landorus|Earthquake|p1a: Toxapex\n|-supereffective|p1a: Toxapex\n|-damage|p1a: Toxapex|17\/100\n|move|p1a: Toxapex|Surf|p2a: Landorus\n|-supereffective|p2a: Landorus\n|-damage|p2a: Landorus|52\/100\n|\n|upkeep\n|turn|16\n|\n|t:|1700791026\n|switch|p2a: Meowscarada|Meowscarada, M|100\/100\n|switch|p1a: Zapdos|Zapdos|16\/100\n|\n|upkeep\n|turn|17\n|\n|t:|1700791043\n|switch|p1a: Heatran|Heatran, F|100\/100\n|move|p2a: Meowscarada|Flower Trick|p1a: Heatran\n|-start|p2a: Meowscarada|typechange|Grass|[from] ability: Protean\n|-resisted|p1a: Heatran\n|-crit|p1a: Heatran\n|-damage|p1a: Heatran|81\/100\n|\n|upkeep\n|turn|18\n|\n|t:|1700791063\n|switch|p2a: Garchomp|Garchomp, M|94\/100 tox\n|move|p1a: Heatran|Flamethrower|p2a: Garchomp\n|-resisted|p2a: Garchomp\n|-damage|p2a: Garchomp|70\/100 tox\n|\n|-heal|p2a: Garchomp|77\/100 tox|[from] item: Leftovers\n|-damage|p2a: Garchomp|70\/100 tox|[from] psn\n|upkeep\n|turn|19\n|inactive|Boulesinus15 has 90 seconds left.\n|inactive|Boulesinus15 has 60 seconds left.\n|\n|t:|1700791107\n|switch|p1a: Zapdos|Zapdos|16\/100\n|move|p2a: Garchomp|Earthquake|p1a: Zapdos\n|-immune|p1a: Zapdos\n|\n|-heal|p2a: Garchomp|77\/100 tox|[from] item: Leftovers\n|-damage|p2a: Garchomp|64\/100 tox|[from] psn\n|upkeep\n|turn|20\n|\n|t:|1700791114\n|move|p2a: Garchomp|Iron Head|p1a: Zapdos\n|-resisted|p1a: Zapdos\n|-damage|p1a: Zapdos|8\/100\n|cant|p1a: Zapdos|flinch\n|\n|-heal|p2a: Garchomp|70\/100 tox|[from] item: Leftovers\n|-damage|p2a: Garchomp|52\/100 tox|[from] psn\n|upkeep\n|turn|21\n|inactive|Boulesinus15 has 60 seconds left.\n|\n|t:|1700791130\n|switch|p2a: Meowscarada|Meowscarada, M|100\/100\n|move|p1a: Zapdos|Roost|p1a: Zapdos\n|-heal|p1a: Zapdos|58\/100\n|-singleturn|p1a: Zapdos|move: Roost\n|\n|upkeep\n|turn|22\n|\n|t:|1700791143\n|switch|p1a: Toxapex|Toxapex, M|50\/100\n|move|p2a: Meowscarada|Knock Off|p1a: Toxapex\n|-start|p2a: Meowscarada|typechange|Dark|[from] ability: Protean\n|-damage|p1a: Toxapex|24\/100\n|\n|upkeep\n|turn|23\n|\n|t:|1700791152\n|switch|p2a: Garchomp|Garchomp, M|52\/100 tox\n|switch|p1a: Heatran|Heatran, F|81\/100\n|\n|-heal|p2a: Garchomp|58\/100 tox|[from] item: Leftovers\n|-damage|p2a: Garchomp|52\/100 tox|[from] psn\n|upkeep\n|turn|24\n|\n|t:|1700791162\n|switch|p1a: Zapdos|Zapdos|58\/100\n|move|p2a: Garchomp|Earthquake|p1a: Zapdos\n|-immune|p1a: Zapdos\n|\n|-heal|p2a: Garchomp|58\/100 tox|[from] item: Leftovers\n|-damage|p2a: Garchomp|46\/100 tox|[from] psn\n|upkeep\n|turn|25\n|\n|t:|1700791178\n|move|p2a: Garchomp|Stealth Rock|p1a: Zapdos\n|-sidestart|p1: ziyi1117|move: Stealth Rock\n|move|p1a: Zapdos|Hurricane|p2a: Garchomp\n|-damage|p2a: Garchomp|6\/100 tox\n|\n|-heal|p2a: Garchomp|12\/100 tox|[from] item: Leftovers\n|-damage|p2a: Garchomp|0 fnt|[from] psn\n|faint|p2a: Garchomp\n|upkeep\n|\n|t:|1700791191\n|switch|p2a: Meowscarada|Meowscarada, M|100\/100\n|turn|26\n|\n|t:|1700791203\n|switch|p1a: Toxapex|Toxapex, M|57\/100\n|-damage|p1a: Toxapex|45\/100|[from] Stealth Rock\n|move|p2a: Meowscarada|U-turn|p1a: Toxapex\n|-start|p2a: Meowscarada|typechange|Bug|[from] ability: Protean\n|-resisted|p1a: Toxapex\n|-damage|p1a: Toxapex|30\/100\n|\n|t:|1700791212\n|switch|p2a: Landorus|Landorus-Therian, M|52\/100|[from] U-turn\n|-ability|p2a: Landorus|Intimidate|boost\n|-unboost|p1a: Toxapex|atk|1\n|\n|upkeep\n|turn|27\n|\n|t:|1700791223\n|switch|p1a: Great Tusk|Great Tusk, tera:Steel|50\/100\n|-damage|p1a: Great Tusk|44\/100|[from] Stealth Rock\n|move|p2a: Landorus|U-turn|p1a: Great Tusk\n|-resisted|p1a: Great Tusk\n|-damage|p1a: Great Tusk|35\/100\n|\n|t:|1700791235\n|switch|p2a: Meowscarada|Meowscarada, M|100\/100|[from] U-turn\n|\n|upkeep\n|turn|28\n|\n|t:|1700791240\n|move|p2a: Meowscarada|Flower Trick|p1a: Great Tusk\n|-start|p2a: Meowscarada|typechange|Grass|[from] ability: Protean\n|-resisted|p1a: Great Tusk\n|-crit|p1a: Great Tusk\n|-damage|p1a: Great Tusk|12\/100\n|move|p1a: Great Tusk|Rapid Spin|p2a: Meowscarada\n|-damage|p2a: Meowscarada|72\/100\n|-boost|p1a: Great Tusk|spe|1\n|-sideend|p1: ziyi1117|Stealth Rock|[from] move: Rapid Spin|[of] p1a: Great Tusk\n|\n|upkeep\n|turn|29\n|inactive|Boulesinus15 has 90 seconds left.\n|\n|t:|1700791262\n|switch|p2a: Landorus|Landorus-Therian, M|52\/100\n|-ability|p2a: Landorus|Intimidate|boost\n|-unboost|p1a: Great Tusk|atk|1\n|-end|p1a: Great Tusk|Protosynthesis|[silent]\n|switch|p1a: Toxapex|Toxapex, M|63\/100\n|\n|upkeep\n|turn|30\n|\n|t:|1700791270\n|move|p2a: Landorus|Earthquake|p1a: Toxapex\n|-supereffective|p1a: Toxapex\n|-crit|p1a: Toxapex\n|-damage|p1a: Toxapex|0 fnt\n|faint|p1a: Toxapex\n|\n|upkeep\n|\n|t:|1700791274\n|switch|p1a: Quaquaval|Quaquaval, F|100\/100\n|turn|31\n|\n|t:|1700791280\n|move|p2a: Landorus|Earthquake|p1a: Quaquaval\n|-damage|p1a: Quaquaval|22\/100\n|move|p1a: Quaquaval|Aqua Step|p2a: Landorus\n|-supereffective|p2a: Landorus\n|-damage|p2a: Landorus|0 fnt\n|-boost|p1a: Quaquaval|spe|1\n|faint|p2a: Landorus\n|-ability|p1a: Quaquaval|Moxie|boost\n|-boost|p1a: Quaquaval|atk|1\n|-damage|p1a: Quaquaval|12\/100|[from] item: Life Orb\n|\n|upkeep\n|\n|t:|1700791295\n|switch|p2a: Iron Moth|Iron Moth|100\/100\n|-enditem|p2a: Iron Moth|Booster Energy\n|-activate|p2a: Iron Moth|ability: Quark Drive|[fromitem]\n|-start|p2a: Iron Moth|quarkdrivespe\n|turn|32\n|\n|t:|1700791302\n|-terastallize|p2a: Iron Moth|Grass\n|move|p2a: Iron Moth|Fiery Dance|p1a: Quaquaval\n|-resisted|p1a: Quaquaval\n|-damage|p1a: Quaquaval|0 fnt\n|-boost|p2a: Iron Moth|spa|1\n|faint|p1a: Quaquaval\n|\n|upkeep\n|\n|t:|1700791310\n|switch|p1a: Heatran|Heatran, F|81\/100\n|turn|33\n|\n|t:|1700791317\n|move|p2a: Iron Moth|Psychic|p1a: Heatran\n|-resisted|p1a: Heatran\n|-damage|p1a: Heatran|66\/100\n|move|p1a: Heatran|Flamethrower|p2a: Iron Moth\n|-supereffective|p2a: Iron Moth\n|-damage|p2a: Iron Moth|0 fnt\n|faint|p2a: Iron Moth\n|-end|p2a: Iron Moth|Quark Drive|[silent]\n|\n|upkeep\n|\n|t:|1700791320\n|switch|p2a: Meowscarada|Meowscarada, M|72\/100\n|turn|34\n|\n|t:|1700791325\n|move|p2a: Meowscarada|Knock Off|p1a: Heatran\n|-start|p2a: Meowscarada|typechange|Dark|[from] ability: Protean\n|-damage|p1a: Heatran|0 fnt\n|-enditem|p1a: Heatran|Assault Vest|[from] move: Knock Off|[of] p2a: Meowscarada\n|faint|p1a: Heatran\n|\n|upkeep\n|\n|t:|1700791335\n|switch|p1a: Mimikyu|Mimikyu, F|100\/100\n|turn|35\n|\n|t:|1700791341\n|move|p2a: Meowscarada|Knock Off|p1a: Mimikyu\n|-activate|p1a: Mimikyu|ability: Disguise\n|-damage|p1a: Mimikyu|100\/100\n|-enditem|p1a: Mimikyu|Choice Scarf|[from] move: Knock Off|[of] p2a: Meowscarada\n|detailschange|p1a: Mimikyu|Mimikyu-Busted, F\n|-damage|p1a: Mimikyu|88\/100|[from] pokemon: Mimikyu-Busted\n|move|p1a: Mimikyu|Trick|p2a: Meowscarada\n|-activate|p1a: Mimikyu|move: Trick|[of] p2a: Meowscarada\n|-enditem|p2a: Meowscarada|Choice Band|[silent]|[from] move: Trick\n|-item|p1a: Mimikyu|Choice Band|[from] move: Trick\n|\n|upkeep\n|turn|36\n|\n|t:|1700791348\n|move|p2a: Meowscarada|Knock Off|p1a: Mimikyu\n|-damage|p1a: Mimikyu|26\/100\n|-enditem|p1a: Mimikyu|Choice Band|[from] move: Knock Off|[of] p2a: Meowscarada\n|move|p1a: Mimikyu|Curse|p2a: Meowscarada\n|-start|p2a: Meowscarada|Curse|[of] p1a: Mimikyu\n|-damage|p1a: Mimikyu|0 fnt\n|faint|p1a: Mimikyu\n|\n|-damage|p2a: Meowscarada|47\/100|[from] Curse\n|upkeep\n|\n|t:|1700791357\n|switch|p1a: Great Tusk|Great Tusk, tera:Steel|12\/100\n|turn|37\n|\n|t:|1700791365\n|move|p2a: Meowscarada|Knock Off|p1a: Great Tusk\n|-damage|p1a: Great Tusk|0 fnt\n|-enditem|p1a: Great Tusk|Assault Vest|[from] move: Knock Off|[of] p2a: Meowscarada\n|faint|p1a: Great Tusk\n|-end|p1a: Great Tusk|Protosynthesis|[silent]\n|\n|-damage|p2a: Meowscarada|22\/100|[from] Curse\n|upkeep\n|\n|t:|1700791369\n|switch|p1a: Zapdos|Zapdos|58\/100\n|turn|38\n|\n|t:|1700791375\n|move|p2a: Meowscarada|Knock Off|p1a: Zapdos\n|-damage|p1a: Zapdos|27\/100\n|-enditem|p1a: Zapdos|Heavy-Duty Boots|[from] move: Knock Off|[of] p2a: Meowscarada\n|move|p1a: Zapdos|Roost|p1a: Zapdos\n|-heal|p1a: Zapdos|77\/100\n|-singleturn|p1a: Zapdos|move: Roost\n|\n|-damage|p2a: Meowscarada|0 fnt|[from] Curse\n|faint|p2a: Meowscarada\n|\n|win|ziyi1117\n|upkeep\n|raw|ziyi1117's rating: 1121 &rarr; <strong>1140<\/strong><br \/>(+19 for winning)\n|raw|Boulesinus15's rating: 1042 &rarr; <strong>1029<\/strong><br \/>(-13 for losing)\n|l|\u2606Boulesinus15\n","uploadtime":1700791803,"views":6,"p1id":"ziyi1117","p2id":"boulesinus15","formatid":"gen9ou","rating":1029,"private":0,"password":""}