{"id":"gen9ou-1995633431","p1":"Galaxia015","p2":"Tripledeluxer","format":"[Gen 9] OU","log":"|j|\u2606Galaxia015\n|j|\u2606Tripledeluxer\n|t:|1700589306\n|gametype|singles\n|player|p1|Galaxia015|ghetsis|1345\n|player|p2|Tripledeluxer|riley|1245\n|teamsize|p1|6\n|teamsize|p2|6\n|gen|9\n|tier|[Gen 9] OU\n|rated|\n|rule|Sleep Clause Mod: Limit one foe put to sleep\n|rule|Species Clause: Limit one of each Pok\u00e9mon\n|rule|OHKO Clause: OHKO moves are banned\n|rule|Evasion Items Clause: Evasion items are banned\n|rule|Evasion Moves Clause: Evasion moves are banned\n|rule|Endless Battle Clause: Forcing endless battles is banned\n|rule|HP Percentage Mod: HP is shown in percentages\n|clearpoke\n|poke|p1|Ninetales-Alola, F|\n|poke|p1|Manaphy|\n|poke|p1|Glimmora, F|\n|poke|p1|Gholdengo|\n|poke|p1|Great Tusk|\n|poke|p1|Ogerpon-Wellspring, F|\n|poke|p2|Cinderace, F|\n|poke|p2|Veluza, M|\n|poke|p2|Sinistcha|\n|poke|p2|Enamorus, F|\n|poke|p2|Kingambit, M|\n|poke|p2|Cyclizar, M|\n|teampreview\n|\n|t:|1700589312\n|start\n|switch|p1a: Great Tusk|Great Tusk|100\/100\n|switch|p2a: Cinderace|Cinderace, F|100\/100\n|turn|1\n|\n|t:|1700589317\n|move|p2a: Cinderace|Acrobatics|p1a: Great Tusk\n|-start|p2a: Cinderace|typechange|Flying|[from] ability: Libero\n|-supereffective|p1a: Great Tusk\n|-damage|p1a: Great Tusk|37\/100\n|move|p1a: Great Tusk|Rapid Spin|p2a: Cinderace\n|-damage|p2a: Cinderace|72\/100\n|-boost|p1a: Great Tusk|spe|1\n|\n|upkeep\n|turn|2\n|\n|t:|1700589326\n|switch|p2a: Sinistcha|Sinistcha|100\/100\n|move|p1a: Great Tusk|Knock Off|p2a: Sinistcha\n|-supereffective|p2a: Sinistcha\n|-damage|p2a: Sinistcha|42\/100\n|-enditem|p2a: Sinistcha|Kee Berry|[from] move: Knock Off|[of] p1a: Great Tusk\n|\n|upkeep\n|turn|3\n|\n|t:|1700589339\n|move|p1a: Great Tusk|Knock Off|p2a: Sinistcha\n|-supereffective|p2a: Sinistcha\n|-damage|p2a: Sinistcha|1\/100\n|move|p2a: Sinistcha|Strength Sap|p1a: Great Tusk\n|-unboost|p1a: Great Tusk|atk|1\n|-heal|p2a: Sinistcha|100\/100\n|\n|upkeep\n|turn|4\n|\n|t:|1700589348\n|-end|p1a: Great Tusk|Protosynthesis|[silent]\n|switch|p1a: Gholdengo|Gholdengo|100\/100\n|switch|p2a: Cinderace|Cinderace, F|72\/100\n|\n|upkeep\n|turn|5\n|\n|t:|1700589359\n|switch|p1a: Manaphy|Manaphy|100\/100\n|move|p2a: Cinderace|Agility|p2a: Cinderace\n|-start|p2a: Cinderace|typechange|Psychic|[from] ability: Libero\n|-boost|p2a: Cinderace|spe|2\n|\n|upkeep\n|turn|6\n|\n|t:|1700589367\n|move|p2a: Cinderace|Electro Ball|p1a: Manaphy\n|-supereffective|p1a: Manaphy\n|-damage|p1a: Manaphy|54\/100\n|move|p1a: Manaphy|Tail Glow|p1a: Manaphy\n|-boost|p1a: Manaphy|spa|3\n|\n|-heal|p1a: Manaphy|60\/100|[from] item: Leftovers\n|upkeep\n|turn|7\n|\n|t:|1700589372\n|-terastallize|p2a: Cinderace|Electric\n|move|p2a: Cinderace|Electro Ball|p1a: Manaphy\n|-supereffective|p1a: Manaphy\n|-damage|p1a: Manaphy|0 fnt\n|faint|p1a: Manaphy\n|\n|upkeep\n|\n|t:|1700589380\n|switch|p1a: Glimmora|Glimmora, F|100\/100\n|turn|8\n|\n|t:|1700589384\n|move|p2a: Cinderace|Electro Ball|p1a: Glimmora\n|-damage|p1a: Glimmora|79\/100\n|move|p1a: Glimmora|Earth Power|p2a: Cinderace\n|-supereffective|p2a: Cinderace\n|-damage|p2a: Cinderace|0 fnt\n|faint|p2a: Cinderace\n|\n|upkeep\n|\n|t:|1700589390\n|switch|p2a: Enamorus|Enamorus, F|100\/100\n|turn|9\n|\n|t:|1700589393\n|move|p2a: Enamorus|Earth Power|p1a: Glimmora\n|-supereffective|p1a: Glimmora\n|-damage|p1a: Glimmora|0 fnt\n|faint|p1a: Glimmora\n|\n|upkeep\n|\n|t:|1700589396\n|switch|p1a: Gholdengo|Gholdengo|100\/100\n|turn|10\n|\n|t:|1700589405\n|move|p1a: Gholdengo|Thunderbolt|p2a: Enamorus\n|-supereffective|p2a: Enamorus\n|-damage|p2a: Enamorus|8\/100\n|move|p2a: Enamorus|Earth Power|p1a: Gholdengo\n|-supereffective|p1a: Gholdengo\n|-damage|p1a: Gholdengo|27\/100\n|\n|upkeep\n|turn|11\n|\n|t:|1700589412\n|move|p1a: Gholdengo|Thunderbolt|p2a: Enamorus\n|-supereffective|p2a: Enamorus\n|-damage|p2a: Enamorus|0 fnt\n|faint|p2a: Enamorus\n|\n|upkeep\n|\n|t:|1700589419\n|switch|p2a: Cyclizar|Cyclizar, M|100\/100\n|turn|12\n|\n|t:|1700589426\n|move|p1a: Gholdengo|Thunderbolt|p2a: Cyclizar\n|-resisted|p2a: Cyclizar\n|-damage|p2a: Cyclizar|81\/100\n|move|p2a: Cyclizar|Knock Off|p1a: Gholdengo\n|-supereffective|p1a: Gholdengo\n|-damage|p1a: Gholdengo|0 fnt\n|-enditem|p1a: Gholdengo|Choice Scarf|[from] move: Knock Off|[of] p2a: Cyclizar\n|faint|p1a: Gholdengo\n|\n|upkeep\n|\n|t:|1700589429\n|switch|p1a: Ninetales|Ninetales-Alola, F|100\/100\n|-weather|Snow|[from] ability: Snow Warning|[of] p1a: Ninetales\n|turn|13\n|\n|t:|1700589440\n|move|p2a: Cyclizar|Knock Off|p1a: Ninetales\n|-resisted|p1a: Ninetales\n|-damage|p1a: Ninetales|87\/100\n|-enditem|p1a: Ninetales|Light Clay|[from] move: Knock Off|[of] p2a: Cyclizar\n|move|p1a: Ninetales|Aurora Veil|p1a: Ninetales\n|-sidestart|p1: Galaxia015|move: Aurora Veil\n|\n|-weather|Snow|[upkeep]\n|upkeep\n|turn|14\n|\n|t:|1700589449\n|move|p2a: Cyclizar|U-turn|p1a: Ninetales\n|-resisted|p1a: Ninetales\n|-damage|p1a: Ninetales|82\/100\n|\n|t:|1700589451\n|switch|p2a: Kingambit|Kingambit, M|100\/100|[from] U-turn\n|-activate|p2a: Kingambit|ability: Supreme Overlord\n|-start|p2a: Kingambit|fallen2|[silent]\n|move|p1a: Ninetales|Blizzard|p2a: Kingambit\n|-resisted|p2a: Kingambit\n|-damage|p2a: Kingambit|80\/100\n|\n|-weather|Snow|[upkeep]\n|-heal|p2a: Kingambit|86\/100|[from] item: Leftovers\n|upkeep\n|turn|15\n|\n|t:|1700589463\n|-end|p2a: Kingambit|fallen2|[silent]\n|switch|p2a: Veluza|Veluza, M|100\/100\n|move|p1a: Ninetales|Moonblast|p2a: Veluza\n|-damage|p2a: Veluza|47\/100\n|\n|-weather|Snow|[upkeep]\n|upkeep\n|turn|16\n|\n|t:|1700589469\n|move|p2a: Veluza|Psycho Cut|p1a: Ninetales\n|-damage|p1a: Ninetales|58\/100\n|move|p1a: Ninetales|Moonblast|p2a: Veluza\n|-damage|p2a: Veluza|0 fnt\n|faint|p2a: Veluza\n|\n|-weather|Snow|[upkeep]\n|upkeep\n|\n|t:|1700589474\n|switch|p2a: Kingambit|Kingambit, M|86\/100\n|-activate|p2a: Kingambit|ability: Supreme Overlord\n|-start|p2a: Kingambit|fallen3|[silent]\n|turn|17\n|\n|t:|1700589478\n|move|p1a: Ninetales|Moonblast|p2a: Kingambit\n|-damage|p2a: Kingambit|50\/100\n|move|p2a: Kingambit|Iron Head|p1a: Ninetales\n|-supereffective|p1a: Ninetales\n|-damage|p1a: Ninetales|0 fnt\n|faint|p1a: Ninetales\n|\n|-weather|none\n|-heal|p2a: Kingambit|56\/100|[from] item: Leftovers\n|-sideend|p1: Galaxia015|move: Aurora Veil\n|upkeep\n|\n|t:|1700589482\n|switch|p1a: Ogerpon|Ogerpon-Wellspring, F|100\/100\n|turn|18\n|\n|t:|1700589488\n|-terastallize|p1a: Ogerpon|Water\n|detailschange|p1a: Ogerpon|Ogerpon-Wellspring-Tera, F, tera:Water\n|-ability|p1a: Ogerpon|Embody Aspect (Wellspring)|boost\n|-boost|p1a: Ogerpon|spd|1\n|move|p1a: Ogerpon|Ivy Cudgel|p2a: Kingambit|[anim] Ivy Cudgel Water\n|-damage|p2a: Kingambit|0 fnt\n|faint|p2a: Kingambit\n|-end|p2a: Kingambit|fallen3|[silent]\n|\n|upkeep\n|\n|t:|1700589490\n|switch|p2a: Sinistcha|Sinistcha|100\/100\n|turn|19\n|\n|t:|1700589497\n|move|p1a: Ogerpon|Swords Dance|p1a: Ogerpon\n|-boost|p1a: Ogerpon|atk|2\n|move|p2a: Sinistcha|Strength Sap|p1a: Ogerpon\n|-unboost|p1a: Ogerpon|atk|1\n|\n|upkeep\n|turn|20\n|\n|t:|1700589500\n|move|p1a: Ogerpon|Swords Dance|p1a: Ogerpon\n|-boost|p1a: Ogerpon|atk|2\n|move|p2a: Sinistcha|Matcha Gotcha|p1a: Ogerpon\n|-supereffective|p1a: Ogerpon\n|-crit|p1a: Ogerpon\n|-damage|p1a: Ogerpon|0 fnt\n|faint|p1a: Ogerpon\n|\n|upkeep\n|\n|t:|1700589503\n|switch|p1a: Great Tusk|Great Tusk|37\/100\n|turn|21\n|\n|t:|1700589507\n|move|p1a: Great Tusk|Knock Off|p2a: Sinistcha\n|-supereffective|p2a: Sinistcha\n|-damage|p2a: Sinistcha|57\/100\n|move|p2a: Sinistcha|Strength Sap|p1a: Great Tusk\n|-unboost|p1a: Great Tusk|atk|1\n|-heal|p2a: Sinistcha|100\/100\n|\n|upkeep\n|turn|22\n|\n|t:|1700589509\n|move|p1a: Great Tusk|Knock Off|p2a: Sinistcha\n|-supereffective|p2a: Sinistcha\n|-damage|p2a: Sinistcha|70\/100\n|move|p2a: Sinistcha|Matcha Gotcha|p1a: Great Tusk\n|-supereffective|p1a: Great Tusk\n|-damage|p1a: Great Tusk|0 fnt\n|-heal|p2a: Sinistcha|90\/100|[from] drain|[of] p1a: Great Tusk\n|faint|p1a: Great Tusk\n|-end|p1a: Great Tusk|Protosynthesis|[silent]\n|\n|win|Tripledeluxer\n|raw|Galaxia015's rating: 1345 &rarr; <strong>1319<\/strong><br \/>(-26 for losing)\n|raw|Tripledeluxer's rating: 1245 &rarr; <strong>1277<\/strong><br \/>(+32 for winning)\n|l|\u2606Galaxia015\n","uploadtime":1700589527,"views":13,"p1id":"galaxia015","p2id":"tripledeluxer","formatid":"gen9ou","rating":1277,"private":0,"password":""}