{"id":"gen9ou-1989280200","p1":"Jeusu","p2":"Perfectionista","format":"[Gen 9] OU","log":"|j|\u2606Jeusu\n|j|\u2606Perfectionista\n|t:|1699831312\n|gametype|singles\n|player|p1|Jeusu|plasmagruntf|\n|player|p2|Perfectionista|zinnia|\n|teamsize|p1|6\n|teamsize|p2|6\n|gen|9\n|tier|[Gen 9] OU\n|rule|Sleep Clause Mod: Limit one foe put to sleep\n|rule|Species Clause: Limit one of each Pok\u00e9mon\n|rule|OHKO Clause: OHKO moves are banned\n|rule|Evasion Items Clause: Evasion items are banned\n|rule|Evasion Moves Clause: Evasion moves are banned\n|rule|Endless Battle Clause: Forcing endless battles is banned\n|rule|HP Percentage Mod: HP is shown in percentages\n|clearpoke\n|poke|p1|Torterra, M|\n|poke|p1|Alomomola, F|\n|poke|p1|Blissey, F|\n|poke|p1|Gholdengo|\n|poke|p1|Sneasler, F|\n|poke|p1|Hydreigon, M|\n|poke|p2|Glimmora, M|\n|poke|p2|Hydreigon, F|\n|poke|p2|Rillaboom, M|\n|poke|p2|Sneasler, F|\n|poke|p2|Iron Valiant|\n|poke|p2|Jirachi|\n|teampreview\n|\n|t:|1699831344\n|start\n|switch|p1a: Hulk Sans|Torterra, M|100\/100\n|switch|p2a: Glimmora|Glimmora, M|100\/100\n|turn|1\n|\n|t:|1699831354\n|move|p2a: Glimmora|Mortal Spin|p1a: Hulk Sans\n|-damage|p1a: Hulk Sans|94\/100\n|-status|p1a: Hulk Sans|psn\n|move|p1a: Hulk Sans|Shell Smash|p1a: Hulk Sans\n|-unboost|p1a: Hulk Sans|def|1\n|-unboost|p1a: Hulk Sans|spd|1\n|-boost|p1a: Hulk Sans|atk|2\n|-boost|p1a: Hulk Sans|spa|2\n|-boost|p1a: Hulk Sans|spe|2\n|\n|-damage|p1a: Hulk Sans|81\/100 psn|[from] psn\n|upkeep\n|turn|2\n|\n|t:|1699831368\n|move|p1a: Hulk Sans|Bullet Seed|p2a: Glimmora\n|-damage|p2a: Glimmora|79\/100\n|-activate|p2a: Glimmora|ability: Toxic Debris\n|-sidestart|p1: Jeusu|move: Toxic Spikes\n|-damage|p2a: Glimmora|57\/100\n|-activate|p2a: Glimmora|ability: Toxic Debris\n|-sidestart|p1: Jeusu|move: Toxic Spikes\n|-damage|p2a: Glimmora|32\/100\n|-damage|p2a: Glimmora|8\/100\n|-hitcount|p2a: Glimmora|4\n|move|p2a: Glimmora|Stealth Rock|p1a: Hulk Sans\n|-sidestart|p1: Jeusu|move: Stealth Rock\n|\n|-damage|p1a: Hulk Sans|69\/100 psn|[from] psn\n|upkeep\n|turn|3\n|\n|t:|1699831387\n|move|p1a: Hulk Sans|Rock Blast|p2a: Glimmora\n|-damage|p2a: Glimmora|0 fnt\n|faint|p2a: Glimmora\n|-hitcount|p2: Glimmora|1\n|\n|-damage|p1a: Hulk Sans|57\/100 psn|[from] psn\n|upkeep\n|\n|t:|1699831397\n|switch|p2a: Rillaboom|Rillaboom, M|100\/100\n|-fieldstart|move: Grassy Terrain|[from] ability: Grassy Surge|[of] p2a: Rillaboom\n|turn|4\n|\n|t:|1699831403\n|move|p2a: Rillaboom|Grassy Glide|p1a: Hulk Sans\n|-damage|p1a: Hulk Sans|0 fnt\n|faint|p1a: Hulk Sans\n|\n|upkeep\n|\n|t:|1699831407\n|switch|p1a: baddie|Sneasler, F|100\/100\n|-sideend|p1: Jeusu|move: Toxic Spikes|[of] p1a: baddie\n|-damage|p1a: baddie|95\/100|[from] Stealth Rock\n|turn|5\n|\n|t:|1699831420\n|move|p2a: Rillaboom|Grassy Glide|p1a: baddie\n|-resisted|p1a: baddie\n|-damage|p1a: baddie|54\/100\n|move|p1a: baddie|Close Combat|p2a: Rillaboom\n|-damage|p2a: Rillaboom|13\/100\n|-unboost|p1a: baddie|def|1\n|-unboost|p1a: baddie|spd|1\n|\n|-heal|p1a: baddie|60\/100|[from] Grassy Terrain\n|-heal|p2a: Rillaboom|20\/100|[from] Grassy Terrain\n|upkeep\n|turn|6\n|\n|t:|1699831433\n|switch|p1a: Gholdengo|Gholdengo|100\/100\n|-damage|p1a: Gholdengo|94\/100|[from] Stealth Rock\n|move|p2a: Rillaboom|Grassy Glide|p1a: Gholdengo\n|-resisted|p1a: Gholdengo\n|-damage|p1a: Gholdengo|69\/100\n|\n|-heal|p1a: Gholdengo|75\/100|[from] Grassy Terrain\n|-heal|p2a: Rillaboom|26\/100|[from] Grassy Terrain\n|upkeep\n|turn|7\n|\n|t:|1699831446\n|move|p2a: Rillaboom|Grassy Glide|p1a: Gholdengo\n|-resisted|p1a: Gholdengo\n|-damage|p1a: Gholdengo|52\/100\n|move|p1a: Gholdengo|Make It Rain|p2a: Rillaboom\n|-damage|p2a: Rillaboom|0 fnt\n|-unboost|p1a: Gholdengo|spa|1\n|faint|p2a: Rillaboom\n|\n|-heal|p1a: Gholdengo|58\/100|[from] Grassy Terrain\n|upkeep\n|\n|t:|1699831459\n|switch|p2a: Sneasler|Sneasler, F|100\/100\n|-enditem|p2a: Sneasler|Grassy Seed\n|-boost|p2a: Sneasler|def|1|[from] item: Grassy Seed\n|turn|8\n|\n|t:|1699831473\n|switch|p1a: Alomomola|Alomomola, F|100\/100\n|-damage|p1a: Alomomola|88\/100|[from] Stealth Rock\n|move|p2a: Sneasler|Swords Dance|p2a: Sneasler\n|-boost|p2a: Sneasler|atk|2\n|\n|-heal|p1a: Alomomola|94\/100|[from] Grassy Terrain\n|-fieldend|move: Grassy Terrain\n|upkeep\n|turn|9\n|\n|t:|1699831487\n|move|p2a: Sneasler|Dire Claw|p1a: Alomomola\n|-damage|p1a: Alomomola|42\/100\n|-damage|p2a: Sneasler|84\/100|[from] item: Rocky Helmet|[of] p1a: Alomomola\n|move|p1a: Alomomola|Scald|p2a: Sneasler\n|-damage|p2a: Sneasler|67\/100\n|-status|p2a: Sneasler|brn\n|\n|-damage|p2a: Sneasler|61\/100 brn|[from] brn\n|upkeep\n|turn|10\n|\n|t:|1699831499\n|move|p1a: Alomomola|Protect|p1a: Alomomola\n|-singleturn|p1a: Alomomola|Protect\n|move|p2a: Sneasler|Close Combat|p1a: Alomomola\n|-activate|p1a: Alomomola|move: Protect\n|\n|-damage|p2a: Sneasler|55\/100 brn|[from] brn\n|upkeep\n|turn|11\n|\n|t:|1699831518\n|move|p2a: Sneasler|Close Combat|p1a: Alomomola\n|-damage|p1a: Alomomola|4\/100\n|-unboost|p2a: Sneasler|def|1\n|-unboost|p2a: Sneasler|spd|1\n|-damage|p2a: Sneasler|38\/100 brn|[from] item: Rocky Helmet|[of] p1a: Alomomola\n|move|p1a: Alomomola|Wish|p1a: Alomomola\n|\n|-damage|p2a: Sneasler|32\/100 brn|[from] brn\n|upkeep\n|turn|12\n|\n|t:|1699831528\n|move|p1a: Alomomola|Protect|p1a: Alomomola\n|-singleturn|p1a: Alomomola|Protect\n|move|p2a: Sneasler|Swords Dance|p2a: Sneasler\n|-boost|p2a: Sneasler|atk|2\n|\n|-heal|p1a: Alomomola|54\/100|[from] move: Wish|[wisher] Alomomola\n|-damage|p2a: Sneasler|26\/100 brn|[from] brn\n|upkeep\n|turn|13\n|\n|t:|1699831541\n|switch|p1a: Gholdengo|Gholdengo|58\/100\n|-damage|p1a: Gholdengo|52\/100|[from] Stealth Rock\n|move|p2a: Sneasler|Close Combat|p1a: Gholdengo\n|-immune|p1a: Gholdengo\n|\n|-damage|p2a: Sneasler|20\/100 brn|[from] brn\n|upkeep\n|turn|14\n|\n|t:|1699831553\n|move|p2a: Sneasler|Acrobatics|p1a: Gholdengo\n|-resisted|p1a: Gholdengo\n|-damage|p1a: Gholdengo|16\/100\n|move|p1a: Gholdengo|Make It Rain|p2a: Sneasler\n|-damage|p2a: Sneasler|0 fnt\n|-unboost|p1a: Gholdengo|spa|1\n|faint|p2a: Sneasler\n|\n|upkeep\n|\n|t:|1699831564\n|switch|p2a: Iron Valiant|Iron Valiant|100\/100\n|-enditem|p2a: Iron Valiant|Booster Energy\n|-activate|p2a: Iron Valiant|ability: Quark Drive|[fromitem]\n|-start|p2a: Iron Valiant|quarkdrivespe\n|turn|15\n|\n|t:|1699831575\n|switch|p1a: Alomomola|Alomomola, F|88\/100\n|-damage|p1a: Alomomola|75\/100|[from] Stealth Rock\n|move|p2a: Iron Valiant|Shadow Ball|p1a: Alomomola\n|-damage|p1a: Alomomola|43\/100\n|\n|upkeep\n|turn|16\n|\n|t:|1699831591\n|move|p2a: Iron Valiant|Calm Mind|p2a: Iron Valiant\n|-boost|p2a: Iron Valiant|spa|1\n|-boost|p2a: Iron Valiant|spd|1\n|move|p1a: Alomomola|Wish|p1a: Alomomola\n|\n|upkeep\n|turn|17\n|\n|t:|1699831613\n|move|p2a: Iron Valiant|Calm Mind|p2a: Iron Valiant\n|-boost|p2a: Iron Valiant|spa|1\n|-boost|p2a: Iron Valiant|spd|1\n|move|p1a: Alomomola|Flip Turn|p2a: Iron Valiant\n|-damage|p2a: Iron Valiant|78\/100\n|\n|t:|1699831616\n|switch|p1a: Gholdengo|Gholdengo|16\/100|[from] Flip Turn\n|-damage|p1a: Gholdengo|10\/100|[from] Stealth Rock\n|\n|-heal|p1a: Gholdengo|95\/100|[from] move: Wish|[wisher] Alomomola\n|upkeep\n|turn|18\n|\n|t:|1699831632\n|switch|p1a: Alomomola|Alomomola, F|77\/100\n|-damage|p1a: Alomomola|64\/100|[from] Stealth Rock\n|move|p2a: Iron Valiant|Shadow Ball|p1a: Alomomola\n|-damage|p1a: Alomomola|5\/100\n|\n|upkeep\n|turn|19\n|\n|t:|1699831643\n|move|p2a: Iron Valiant|Moonblast|p1a: Alomomola\n|-damage|p1a: Alomomola|0 fnt\n|faint|p1a: Alomomola\n|\n|upkeep\n|\n|t:|1699831657\n|switch|p1a: Hydreigon|Hydreigon, M|100\/100\n|-damage|p1a: Hydreigon|88\/100|[from] Stealth Rock\n|turn|20\n|\n|t:|1699831664\n|-terastallize|p1a: Hydreigon|Steel\n|move|p2a: Iron Valiant|Moonblast|p1a: Hydreigon\n|-resisted|p1a: Hydreigon\n|-damage|p1a: Hydreigon|39\/100\n|move|p1a: Hydreigon|Flash Cannon|p2a: Iron Valiant\n|-supereffective|p2a: Iron Valiant\n|-damage|p2a: Iron Valiant|0 fnt\n|faint|p2a: Iron Valiant\n|-end|p2a: Iron Valiant|Quark Drive|[silent]\n|\n|-heal|p1a: Hydreigon|45\/100|[from] item: Leftovers\n|upkeep\n|\n|t:|1699831676\n|switch|p2a: Hydreigon|Hydreigon, F|100\/100\n|turn|21\n|\n|t:|1699831682\n|switch|p1a: Blissey|Blissey, F|100\/100\n|move|p2a: Hydreigon|Flamethrower|p1a: Blissey\n|-damage|p1a: Blissey|92\/100\n|\n|upkeep\n|turn|22\n|\n|t:|1699831690\n|switch|p2a: Jirachi|Jirachi|100\/100\n|move|p1a: Blissey|Thunder Wave|p2a: Jirachi\n|-status|p2a: Jirachi|par\n|\n|upkeep\n|turn|23\n|\n|t:|1699831698\n|switch|p1a: Gholdengo|Gholdengo|95\/100\n|-damage|p1a: Gholdengo|89\/100|[from] Stealth Rock\n|move|p2a: Jirachi|Cosmic Power|p2a: Jirachi\n|-boost|p2a: Jirachi|def|1\n|-boost|p2a: Jirachi|spd|1\n|\n|upkeep\n|turn|24\n|\n|t:|1699831713\n|-terastallize|p2a: Jirachi|Water\n|move|p1a: Gholdengo|Shadow Ball|p2a: Jirachi\n|-damage|p2a: Jirachi|78\/100 par\n|move|p2a: Jirachi|Cosmic Power|p2a: Jirachi\n|-boost|p2a: Jirachi|def|1\n|-boost|p2a: Jirachi|spd|1\n|\n|-heal|p2a: Jirachi|84\/100 par|[from] item: Leftovers\n|upkeep\n|turn|25\n|\n|t:|1699831729\n|switch|p1a: baddie|Sneasler, F|60\/100\n|-damage|p1a: baddie|54\/100|[from] Stealth Rock\n|move|p2a: Jirachi|Cosmic Power|p2a: Jirachi\n|-boost|p2a: Jirachi|def|1\n|-boost|p2a: Jirachi|spd|1\n|\n|-heal|p2a: Jirachi|91\/100 par|[from] item: Leftovers\n|upkeep\n|turn|26\n|\n|t:|1699831740\n|move|p1a: baddie|Switcheroo|p2a: Jirachi\n|-activate|p1a: baddie|move: Trick|[of] p2a: Jirachi\n|-item|p2a: Jirachi|Choice Band|[from] move: Switcheroo\n|-item|p1a: baddie|Leftovers|[from] move: Switcheroo\n|move|p2a: Jirachi|Stored Power|p1a: baddie\n|-supereffective|p1a: baddie\n|-damage|p1a: baddie|0 fnt\n|faint|p1a: baddie\n|\n|upkeep\n|\n|t:|1699831746\n|switch|p1a: Hydreigon|Hydreigon, M, tera:Steel|45\/100\n|-damage|p1a: Hydreigon|39\/100|[from] Stealth Rock\n|turn|27\n|\n|t:|1699831757\n|move|p1a: Hydreigon|Draco Meteor|p2a: Jirachi|[miss]\n|-miss|p1a: Hydreigon|p2a: Jirachi\n|move|p2a: Jirachi|Stored Power|p1a: Hydreigon\n|-resisted|p1a: Hydreigon\n|-damage|p1a: Hydreigon|12\/100\n|\n|-heal|p1a: Hydreigon|19\/100|[from] item: Leftovers\n|upkeep\n|turn|28\n|\n|t:|1699831766\n|switch|p1a: Blissey|Blissey, F|92\/100\n|move|p2a: Jirachi|Stored Power|p1a: Blissey\n|-damage|p1a: Blissey|78\/100\n|\n|upkeep\n|turn|29\n|\n|t:|1699831781\n|move|p1a: Blissey|Seismic Toss|p2a: Jirachi\n|-damage|p2a: Jirachi|66\/100 par\n|move|p2a: Jirachi|Stored Power|p1a: Blissey\n|-damage|p1a: Blissey|65\/100\n|\n|upkeep\n|turn|30\n|\n|t:|1699831815\n|move|p1a: Blissey|Seismic Toss|p2a: Jirachi\n|-damage|p2a: Jirachi|41\/100 par\n|move|p2a: Jirachi|Stored Power|p1a: Blissey\n|-damage|p1a: Blissey|51\/100\n|\n|upkeep\n|turn|31\n|\n|t:|1699831824\n|move|p1a: Blissey|Soft-Boiled|p1a: Blissey\n|-heal|p1a: Blissey|100\/100\n|cant|p2a: Jirachi|par\n|\n|upkeep\n|turn|32\n|\n|t:|1699831833\n|move|p1a: Blissey|Seismic Toss|p2a: Jirachi\n|-damage|p2a: Jirachi|16\/100 par\n|cant|p2a: Jirachi|par\n|\n|upkeep\n|turn|33\n|\n|t:|1699831838\n|move|p1a: Blissey|Seismic Toss|p2a: Jirachi\n|-damage|p2a: Jirachi|0 fnt\n|faint|p2a: Jirachi\n|\n|upkeep\n|\n|t:|1699831844\n|switch|p2a: Hydreigon|Hydreigon, F|100\/100\n|turn|34\n|\n|t:|1699831848\n|move|p2a: Hydreigon|Dragon Pulse|p1a: Blissey\n|-damage|p1a: Blissey|87\/100\n|move|p1a: Blissey|Thunder Wave|p2a: Hydreigon\n|-status|p2a: Hydreigon|par\n|\n|upkeep\n|turn|35\n|\n|t:|1699831858\n|move|p2a: Hydreigon|Dragon Pulse|p1a: Blissey\n|-damage|p1a: Blissey|75\/100\n|move|p1a: Blissey|Seismic Toss|p2a: Hydreigon\n|-damage|p2a: Hydreigon|70\/100 par\n|\n|upkeep\n|turn|36\n|\n|t:|1699831872\n|move|p2a: Hydreigon|Dragon Pulse|p1a: Blissey\n|-damage|p1a: Blissey|64\/100\n|move|p1a: Blissey|Seismic Toss|p2a: Hydreigon\n|-damage|p2a: Hydreigon|39\/100 par\n|\n|upkeep\n|turn|37\n|\n|t:|1699831897\n|move|p2a: Hydreigon|Dragon Pulse|p1a: Blissey\n|-damage|p1a: Blissey|52\/100\n|move|p1a: Blissey|Seismic Toss|p2a: Hydreigon\n|-damage|p2a: Hydreigon|8\/100 par\n|\n|upkeep\n|turn|38\n|\n|t:|1699831925\n|move|p2a: Hydreigon|Dragon Pulse|p1a: Blissey\n|-damage|p1a: Blissey|40\/100\n|move|p1a: Blissey|Seismic Toss|p2a: Hydreigon\n|-damage|p2a: Hydreigon|0 fnt\n|faint|p2a: Hydreigon\n|\n|win|Jeusu\n","uploadtime":1699831954,"views":9,"p1id":"jeusu","p2id":"perfectionista","formatid":"gen9ou","rating":0,"private":0,"password":""}