{"id":"gen9ou-1991005698","p1":"FireFrostDragon","p2":"mf_salvador","format":"[Gen 9] OU","log":"|j|\u2606FireFrostDragon\n|j|\u2606mf_salvador\n|inactive|Battle timer is ON: inactive players will automatically lose when time's up.\n|t:|1700026667\n|gametype|singles\n|player|p1|FireFrostDragon|acetrainerf|\n|player|p2|mf_salvador|flannery|\n|teamsize|p1|3\n|teamsize|p2|3\n|gen|9\n|tier|[Gen 9] OU\n|rated|Tournament battle\n|rule|Sleep Clause Mod: Limit one foe put to sleep\n|rule|Species Clause: Limit one of each Pok\u00e9mon\n|rule|OHKO Clause: OHKO moves are banned\n|rule|Evasion Items Clause: Evasion items are banned\n|rule|Evasion Moves Clause: Evasion moves are banned\n|rule|Endless Battle Clause: Forcing endless battles is banned\n|rule|HP Percentage Mod: HP is shown in percentages\n|clearpoke\n|poke|p1|Tyranitar, M|\n|poke|p1|Dunsparce, M|\n|poke|p1|Clawitzer, M|\n|poke|p2|Slowking-Galar, F|\n|poke|p2|Arcanine-Hisui, F|\n|poke|p2|Ariados, M|\n|teampreview\n|j|*Lady Monita \u2746\n|inactive|mf_salvador also wants the timer to be on.\n|c|\u2606mf_salvador|glhf\n|\n|t:|1700026673\n|start\n|switch|p1a: Dunsparce|Dunsparce, M|100\/100\n|switch|p2a: Ariados|Ariados, M|100\/100\n|turn|1\n|c|\u2606FireFrostDragon|you too\n|\n|t:|1700026679\n|move|p1a: Dunsparce|Glare|p2a: Ariados\n|-status|p2a: Ariados|par\n|move|p2a: Ariados|Sticky Web|p1a: Dunsparce\n|-sidestart|p1: FireFrostDragon|move: Sticky Web\n|\n|upkeep\n|turn|2\n|j| Im dumb srly\n|\n|t:|1700026684\n|move|p1a: Dunsparce|Coil|p1a: Dunsparce\n|-boost|p1a: Dunsparce|atk|1\n|-boost|p1a: Dunsparce|def|1\n|-boost|p1a: Dunsparce|accuracy|1\n|move|p2a: Ariados|Toxic|p1a: Dunsparce\n|-status|p1a: Dunsparce|tox\n|\n|-damage|p1a: Dunsparce|94\/100 tox|[from] psn\n|upkeep\n|turn|3\n|\n|t:|1700026690\n|move|p1a: Dunsparce|Headbutt|p2a: Ariados\n|-damage|p2a: Ariados|66\/100 par\n|cant|p2a: Ariados|flinch\n|\n|-damage|p1a: Dunsparce|82\/100 tox|[from] psn\n|upkeep\n|turn|4\n|\n|t:|1700026695\n|move|p1a: Dunsparce|Headbutt|p2a: Ariados\n|-damage|p2a: Ariados|31\/100 par\n|cant|p2a: Ariados|flinch\n|\n|-damage|p1a: Dunsparce|63\/100 tox|[from] psn\n|upkeep\n|turn|5\n|\n|t:|1700026718\n|switch|p1a: Clawitzer|Clawitzer, M|100\/100\n|-activate|p1a: Clawitzer|move: Sticky Web\n|-unboost|p1a: Clawitzer|spe|1\n|cant|p2a: Ariados|par\n|\n|upkeep\n|turn|6\n|\n|t:|1700026727\n|move|p2a: Ariados|Sucker Punch|p1a: Clawitzer\n|-damage|p1a: Clawitzer|77\/100\n|move|p1a: Clawitzer|Water Pulse|p2a: Ariados\n|-damage|p2a: Ariados|0 fnt\n|faint|p2a: Ariados\n|\n|upkeep\n|inactive|mf_salvador has 120 seconds left.\n|\n|t:|1700026769\n|switch|p2a: Arcanine|Arcanine-Hisui, F|100\/100\n|turn|7\n|\n|t:|1700026790\n|move|p2a: Arcanine|Head Smash|p1a: Clawitzer\n|-damage|p1a: Clawitzer|0 fnt\n|faint|p1a: Clawitzer\n|\n|upkeep\n|\n|t:|1700026798\n|switch|p1a: Dunsparce|Dunsparce, M|63\/100 tox\n|-activate|p1a: Dunsparce|move: Sticky Web\n|-unboost|p1a: Dunsparce|spe|1\n|turn|8\n|inactive|mf_salvador has 120 seconds left.\n|\n|t:|1700026820\n|switch|p2a: Slowking|Slowking-Galar, F|100\/100\n|move|p1a: Dunsparce|Glare|p2a: Slowking\n|-status|p2a: Slowking|par\n|\n|-damage|p1a: Dunsparce|57\/100 tox|[from] psn\n|upkeep\n|turn|9\n|j| poketough\n|\n|t:|1700026831\n|move|p1a: Dunsparce|Roost|p1a: Dunsparce\n|-heal|p1a: Dunsparce|100\/100 tox\n|-singleturn|p1a: Dunsparce|move: Roost\n|move|p2a: Slowking|Sludge Bomb|p1a: Dunsparce\n|-damage|p1a: Dunsparce|82\/100 tox\n|\n|-damage|p1a: Dunsparce|69\/100 tox|[from] psn\n|upkeep\n|turn|10\n|inactive|mf_salvador has 120 seconds left.\n|j| eskittienyan2911\n|\n|t:|1700026837\n|switch|p1a: Tyranitar|Tyranitar, M|100\/100\n|-activate|p1a: Tyranitar|move: Sticky Web\n|-unboost|p1a: Tyranitar|spe|1\n|-weather|Sandstorm|[from] ability: Sand Stream|[of] p1a: Tyranitar\n|move|p2a: Slowking|Future Sight|p1a: Tyranitar\n|-start|p2a: Slowking|move: Future Sight\n|\n|-weather|Sandstorm|[upkeep]\n|-damage|p2a: Slowking|94\/100 par|[from] Sandstorm\n|upkeep\n|turn|11\n|\n|t:|1700026855\n|-terastallize|p2a: Slowking|Fairy\n|move|p1a: Tyranitar|Earthquake|p2a: Slowking\n|-damage|p2a: Slowking|36\/100 par\n|move|p2a: Slowking|Surf|p1a: Tyranitar\n|-supereffective|p1a: Tyranitar\n|-damage|p1a: Tyranitar|69\/100\n|\n|-weather|Sandstorm|[upkeep]\n|-damage|p2a: Slowking|30\/100 par|[from] Sandstorm\n|upkeep\n|turn|12\n|\n|t:|1700026861\n|move|p1a: Tyranitar|Earthquake|p2a: Slowking\n|-damage|p2a: Slowking|0 fnt\n|faint|p2a: Slowking\n|\n|-weather|Sandstorm|[upkeep]\n|-end|p1a: Tyranitar|move: Future Sight\n|-immune|p1a: Tyranitar\n|upkeep\n|\n|t:|1700026863\n|switch|p2a: Arcanine|Arcanine-Hisui, F|100\/100\n|turn|13\n|inactive|mf_salvador has 120 seconds left.\n|\n|t:|1700026905\n|move|p2a: Arcanine|Head Smash|p1a: Tyranitar\n|-damage|p1a: Tyranitar|0 fnt\n|faint|p1a: Tyranitar\n|\n|-weather|Sandstorm|[upkeep]\n|upkeep\n|\n|t:|1700026908\n|switch|p1a: Dunsparce|Dunsparce, M|69\/100 tox\n|-activate|p1a: Dunsparce|move: Sticky Web\n|-unboost|p1a: Dunsparce|spe|1\n|turn|14\n|\n|t:|1700026917\n|move|p2a: Arcanine|Head Smash|p1a: Dunsparce\n|-damage|p1a: Dunsparce|0 fnt\n|faint|p1a: Dunsparce\n|\n|win|mf_salvador\n|n|\u2606FireFrostDragon|firefrostdragon\n|n|\u2606mf_salvador|mfsalvador\n|n|*Lady Monita \u2746|ladymonita\n|n| Im dumb srly|imdumbsrly\n|n| poketough|poketough\n|n| eskittienyan2911|eskittienyan2911\n","uploadtime":1700026918,"views":6,"p1id":"firefrostdragon","p2id":"mfsalvador","formatid":"gen9ou","rating":0,"private":0,"password":""}