{"id":"gen9ou-1990542231","p1":"aldoloFR","p2":"ChillLanturnYT","format":"[Gen 9] OU","log":"|j|\u2606aldoloFR\n|j|\u2606ChillLanturnYT\n|t:|1699980017\n|gametype|singles\n|player|p1|aldoloFR|265|1046\n|player|p2|ChillLanturnYT|palmer|1124\n|teamsize|p1|6\n|teamsize|p2|6\n|gen|9\n|tier|[Gen 9] OU\n|rated|\n|rule|Sleep Clause Mod: Limit one foe put to sleep\n|rule|Species Clause: Limit one of each Pok\u00e9mon\n|rule|OHKO Clause: OHKO moves are banned\n|rule|Evasion Items Clause: Evasion items are banned\n|rule|Evasion Moves Clause: Evasion moves are banned\n|rule|Endless Battle Clause: Forcing endless battles is banned\n|rule|HP Percentage Mod: HP is shown in percentages\n|clearpoke\n|poke|p1|Glimmora, F|\n|poke|p1|Grafaiai, M|\n|poke|p1|Enamorus, F|\n|poke|p1|Noivern, F|\n|poke|p1|Gholdengo|\n|poke|p1|Rillaboom, F|\n|poke|p2|Ninetales-Alola, M|\n|poke|p2|Gholdengo|\n|poke|p2|Mew|\n|poke|p2|Clefable, M|\n|poke|p2|Mandibuzz, F|\n|poke|p2|Overqwil, F|\n|teampreview\n|\n|t:|1699980048\n|start\n|switch|p1a: Glimmora|Glimmora, F|100\/100\n|switch|p2a: Gholdengo|Gholdengo|100\/100\n|turn|1\n|\n|t:|1699980057\n|move|p2a: Gholdengo|Trick|p1a: Glimmora\n|-activate|p2a: Gholdengo|move: Trick|[of] p1a: Glimmora\n|-item|p1a: Glimmora|Choice Scarf|[from] move: Trick\n|-item|p2a: Gholdengo|Mental Herb|[from] move: Trick\n|move|p1a: Glimmora|Stealth Rock|p2a: Gholdengo\n|-sidestart|p2: ChillLanturnYT|move: Stealth Rock\n|\n|upkeep\n|turn|2\n|\n|t:|1699980081\n|switch|p1a: ficello dor\u00e9|Gholdengo|100\/100\n|move|p2a: Gholdengo|Shadow Ball|p1a: ficello dor\u00e9\n|-supereffective|p1a: ficello dor\u00e9\n|-damage|p1a: ficello dor\u00e9|9\/100\n|\n|-heal|p1a: ficello dor\u00e9|15\/100|[from] item: Leftovers\n|upkeep\n|turn|3\n|\n|t:|1699980101\n|move|p1a: ficello dor\u00e9|Shadow Ball|p2a: Gholdengo\n|-supereffective|p2a: Gholdengo\n|-damage|p2a: Gholdengo|0 fnt\n|faint|p2a: Gholdengo\n|\n|-heal|p1a: ficello dor\u00e9|21\/100|[from] item: Leftovers\n|upkeep\n|inactive|Battle timer is ON: inactive players will automatically lose when time's up. (requested by aldoloFR)\n|inactiveoff|Battle timer is now OFF.\n|\n|t:|1699980131\n|switch|p2a: Overqwil|Overqwil, F|100\/100\n|-damage|p2a: Overqwil|88\/100|[from] Stealth Rock\n|-ability|p2a: Overqwil|Intimidate|boost\n|-unboost|p1a: ficello dor\u00e9|atk|1\n|turn|4\n|\n|t:|1699980149\n|switch|p1a: Glimmora|Glimmora, F|100\/100\n|move|p2a: Overqwil|Crunch|p1a: Glimmora\n|-damage|p1a: Glimmora|60\/100\n|-activate|p1a: Glimmora|ability: Toxic Debris\n|-sidestart|p2: ChillLanturnYT|move: Toxic Spikes\n|\n|-heal|p2a: Overqwil|94\/100|[from] item: Black Sludge\n|upkeep\n|turn|5\n|\n|t:|1699980161\n|switch|p2a: Mandibuzz|Mandibuzz, F|100\/100\n|move|p1a: Glimmora|Toxic Spikes|p2a: Mandibuzz\n|-sidestart|p2: ChillLanturnYT|move: Toxic Spikes\n|\n|upkeep\n|turn|6\n|\n|t:|1699980177\n|switch|p1a: nunu|Enamorus, F|100\/100\n|move|p2a: Mandibuzz|Defog|p1a: nunu\n|-boost|p1a: nunu|evasion|1\n|-sideend|p2: ChillLanturnYT|Toxic Spikes|[from] move: Defog|[of] p2a: Mandibuzz\n|-sideend|p2: ChillLanturnYT|Stealth Rock|[from] move: Defog|[of] p2a: Mandibuzz\n|\n|upkeep\n|turn|7\n|\n|t:|1699980190\n|move|p1a: nunu|Moonblast|p2a: Mandibuzz\n|-supereffective|p2a: Mandibuzz\n|-damage|p2a: Mandibuzz|23\/100\n|move|p2a: Mandibuzz|Toxic|p1a: nunu|[miss]\n|-miss|p2a: Mandibuzz|p1a: nunu\n|\n|upkeep\n|turn|8\n|\n|t:|1699980204\n|move|p1a: nunu|Moonblast|p2a: Mandibuzz\n|-supereffective|p2a: Mandibuzz\n|-damage|p2a: Mandibuzz|0 fnt\n|faint|p2a: Mandibuzz\n|\n|upkeep\n|\n|t:|1699980211\n|switch|p2a: Overqwil|Overqwil, F|94\/100\n|-ability|p2a: Overqwil|Intimidate|boost\n|-boost|p1a: nunu|atk|1\n|turn|9\n|\n|t:|1699980228\n|-terastallize|p1a: nunu|Fighting\n|move|p1a: nunu|Superpower|p2a: Overqwil\n|-damage|p2a: Overqwil|0 fnt\n|-boost|p1a: nunu|atk|1\n|-boost|p1a: nunu|def|1\n|faint|p2a: Overqwil\n|\n|upkeep\n|\n|t:|1699980244\n|switch|p2a: Ninetales|Ninetales-Alola, M|100\/100\n|-weather|Snow|[from] ability: Snow Warning|[of] p2a: Ninetales\n|turn|10\n|\n|t:|1699980263\n|move|p2a: Ninetales|Moonblast|p1a: nunu\n|-supereffective|p1a: nunu\n|-damage|p1a: nunu|0 fnt\n|faint|p1a: nunu\n|\n|-weather|Snow|[upkeep]\n|upkeep\n|\n|t:|1699980274\n|switch|p1a: ficello dor\u00e9|Gholdengo|21\/100\n|turn|11\n|\n|t:|1699980286\n|move|p2a: Ninetales|Moonblast|p1a: ficello dor\u00e9\n|-resisted|p1a: ficello dor\u00e9\n|-damage|p1a: ficello dor\u00e9|0 fnt\n|faint|p1a: ficello dor\u00e9\n|\n|-weather|Snow|[upkeep]\n|upkeep\n|l|\u2606ChillLanturnYT\n|player|p2|\n|\n|t:|1699980297\n|switch|p1a: popo|Grafaiai, M|100\/100\n|turn|12\n|j|\u2606ChillLanturnYT\n|player|p2|ChillLanturnYT|palmer\n|\n|t:|1699980368\n|switch|p2a: Clefable|Clefable, M|100\/100\n|move|p1a: popo|Dig||[still]\n|-prepare|p1a: popo|Dig\n|\n|-weather|Snow|[upkeep]\n|upkeep\n|turn|13\n|\n|t:|1699980377\n|move|p2a: Clefable|Calm Mind|p2a: Clefable\n|-boost|p2a: Clefable|spa|1\n|-boost|p2a: Clefable|spd|1\n|move|p1a: popo|Dig|p2a: Clefable|[from]lockedmove\n|-damage|p2a: Clefable|72\/100\n|\n|-weather|Snow|[upkeep]\n|-heal|p2a: Clefable|78\/100|[from] item: Leftovers\n|upkeep\n|turn|14\n|\n|t:|1699980388\n|move|p1a: popo|Copycat|p1a: popo\n|move|p1a: popo|Dig||[from]move: Copycat|[still]\n|-prepare|p1a: popo|Dig\n|move|p2a: Clefable|Calm Mind|p2a: Clefable\n|-boost|p2a: Clefable|spa|1\n|-boost|p2a: Clefable|spd|1\n|\n|-weather|none\n|-heal|p2a: Clefable|85\/100|[from] item: Leftovers\n|upkeep\n|turn|15\n|\n|t:|1699980395\n|move|p2a: Clefable|Stored Power|p1a: popo|[miss]\n|-miss|p2a: Clefable|p1a: popo\n|move|p1a: popo|Dig|p2a: Clefable|[from]lockedmove\n|-damage|p2a: Clefable|56\/100\n|\n|-heal|p2a: Clefable|62\/100|[from] item: Leftovers\n|upkeep\n|turn|16\n|\n|t:|1699980402\n|move|p1a: popo|Copycat|p1a: popo\n|move|p1a: popo|Dig||[from]move: Copycat|[still]\n|-prepare|p1a: popo|Dig\n|move|p2a: Clefable|Calm Mind|p2a: Clefable\n|-boost|p2a: Clefable|spa|1\n|-boost|p2a: Clefable|spd|1\n|\n|-heal|p2a: Clefable|68\/100|[from] item: Leftovers\n|upkeep\n|turn|17\n|\n|t:|1699980417\n|switch|p2a: Mew|Mew|100\/100\n|move|p1a: popo|Dig|p2a: Mew|[from]lockedmove\n|-damage|p2a: Mew|85\/100\n|\n|-heal|p2a: Mew|91\/100|[from] item: Leftovers\n|upkeep\n|turn|18\n|\n|t:|1699980426\n|move|p1a: popo|Copycat|p1a: popo\n|move|p1a: popo|Dig||[from]move: Copycat|[still]\n|-prepare|p1a: popo|Dig\n|move|p2a: Mew|Stealth Rock|p1a: popo\n|-sidestart|p1: aldoloFR|move: Stealth Rock\n|\n|-heal|p2a: Mew|97\/100|[from] item: Leftovers\n|upkeep\n|turn|19\n|\n|t:|1699980433\n|move|p1a: popo|Dig|p2a: Mew|[from]lockedmove\n|-damage|p2a: Mew|81\/100\n|move|p2a: Mew|Roar|p1a: popo\n|drag|p1a: momo|Rillaboom, F, shiny|100\/100\n|-damage|p1a: momo|88\/100|[from] Stealth Rock\n|-fieldstart|move: Grassy Terrain|[from] ability: Grassy Surge|[of] p1a: momo\n|\n|-heal|p1a: momo|94\/100|[from] Grassy Terrain\n|-heal|p2a: Mew|87\/100|[from] Grassy Terrain\n|-heal|p2a: Mew|93\/100|[from] item: Leftovers\n|upkeep\n|turn|20\n|\n|t:|1699980444\n|switch|p2a: Clefable|Clefable, M|68\/100\n|move|p1a: momo|Wood Hammer|p2a: Clefable\n|-damage|p2a: Clefable|0 fnt\n|faint|p2a: Clefable\n|-damage|p1a: momo|69\/100|[from] Recoil\n|\n|-heal|p1a: momo|75\/100|[from] Grassy Terrain\n|upkeep\n|\n|t:|1699980447\n|switch|p2a: Ninetales|Ninetales-Alola, M|100\/100\n|-weather|Snow|[from] ability: Snow Warning|[of] p2a: Ninetales\n|turn|21\n|\n|t:|1699980462\n|move|p2a: Ninetales|Blizzard|p1a: momo\n|-supereffective|p1a: momo\n|-damage|p1a: momo|0 fnt\n|faint|p1a: momo\n|\n|-weather|Snow|[upkeep]\n|upkeep\n|\n|t:|1699980469\n|switch|p1a: popo|Grafaiai, M|100\/100\n|-damage|p1a: popo|88\/100|[from] Stealth Rock\n|turn|22\n|\n|t:|1699980484\n|move|p2a: Ninetales|Blizzard|p1a: popo\n|-damage|p1a: popo|1\/100\n|move|p1a: popo|Dig||[still]\n|-prepare|p1a: popo|Dig\n|\n|-weather|Snow|[upkeep]\n|upkeep\n|turn|23\n|\n|t:|1699980490\n|switch|p2a: Mew|Mew|93\/100\n|move|p1a: popo|Dig|p2a: Mew|[from]lockedmove\n|-damage|p2a: Mew|79\/100\n|\n|-weather|Snow|[upkeep]\n|-heal|p2a: Mew|85\/100|[from] Grassy Terrain\n|-heal|p2a: Mew|92\/100|[from] item: Leftovers\n|-heal|p1a: popo|7\/100|[from] Grassy Terrain\n|-fieldend|move: Grassy Terrain\n|upkeep\n|turn|24\n|\n|t:|1699980506\n|switch|p1a: Glimmora|Glimmora, F|60\/100\n|-damage|p1a: Glimmora|48\/100|[from] Stealth Rock\n|move|p2a: Mew|Body Press|p1a: Glimmora\n|-damage|p1a: Glimmora|22\/100\n|-activate|p1a: Glimmora|ability: Toxic Debris\n|-sidestart|p2: ChillLanturnYT|move: Toxic Spikes\n|\n|-weather|Snow|[upkeep]\n|-heal|p2a: Mew|98\/100|[from] item: Leftovers\n|upkeep\n|turn|25\n|\n|t:|1699980522\n|move|p1a: Glimmora|Stealth Rock|p2a: Mew\n|-sidestart|p2: ChillLanturnYT|move: Stealth Rock\n|move|p2a: Mew|Body Press|p1a: Glimmora\n|-damage|p1a: Glimmora|0 fnt\n|-activate|p1a: Glimmora|ability: Toxic Debris\n|-sidestart|p2: ChillLanturnYT|move: Toxic Spikes\n|faint|p1a: Glimmora\n|\n|-weather|none\n|-heal|p2a: Mew|100\/100|[from] item: Leftovers\n|upkeep\n|\n|t:|1699980533\n|switch|p1a: brrrr|Noivern, F|100\/100\n|-damage|p1a: brrrr|76\/100|[from] Stealth Rock\n|turn|26\n|\n|t:|1699980544\n|move|p1a: brrrr|Super Fang|p2a: Mew\n|-damage|p2a: Mew|50\/100\n|-damage|p1a: brrrr|66\/100|[from] item: Life Orb\n|move|p2a: Mew|Roar|p1a: brrrr\n|drag|p1a: popo|Grafaiai, M|7\/100\n|-damage|p1a: popo|0 fnt|[from] Stealth Rock\n|faint|p1a: popo\n|\n|-heal|p2a: Mew|57\/100|[from] item: Leftovers\n|upkeep\n|\n|t:|1699980554\n|switch|p1a: brrrr|Noivern, F|66\/100\n|-damage|p1a: brrrr|41\/100|[from] Stealth Rock\n|turn|27\n|-message|aldoloFR forfeited.\n|\n|win|ChillLanturnYT\n|raw|aldoloFR's rating: 1046 &rarr; <strong>1033<\/strong><br \/>(-13 for losing)\n|raw|ChillLanturnYT's rating: 1124 &rarr; <strong>1143<\/strong><br \/>(+19 for winning)\n|l|\u2606aldoloFR\n","uploadtime":1699980564,"views":5,"p1id":"aldolofr","p2id":"chilllanturnyt","formatid":"gen9ou","rating":1033,"private":0,"password":""}