{"id":"gen9ou-1992225196","p1":"chris_chris_14","p2":"Kempachi_sama","format":"[Gen 9] OU","log":"|j|\u2606chris_chris_14\n|j|\u2606Kempachi_sama\n|t:|1700165448\n|gametype|singles\n|player|p1|chris_chris_14|266|1197\n|player|p2|Kempachi_sama|1|1243\n|teamsize|p1|6\n|teamsize|p2|6\n|gen|9\n|tier|[Gen 9] OU\n|rated|\n|rule|Sleep Clause Mod: Limit one foe put to sleep\n|rule|Species Clause: Limit one of each Pok\u00e9mon\n|rule|OHKO Clause: OHKO moves are banned\n|rule|Evasion Items Clause: Evasion items are banned\n|rule|Evasion Moves Clause: Evasion moves are banned\n|rule|Endless Battle Clause: Forcing endless battles is banned\n|rule|HP Percentage Mod: HP is shown in percentages\n|clearpoke\n|poke|p1|Probopass, M|\n|poke|p1|Samurott-Hisui, M|\n|poke|p1|Manaphy|\n|poke|p1|Cresselia, F|\n|poke|p1|Corviknight, M|\n|poke|p1|Talonflame, F|\n|poke|p2|Cinderace, F|\n|poke|p2|Azumarill, F|\n|poke|p2|Clodsire, M|\n|poke|p2|Sinistcha|\n|poke|p2|Corviknight, M|\n|poke|p2|Espeon, F|\n|teampreview\n|inactive|Battle timer is ON: inactive players will automatically lose when time's up. (requested by Kempachi_sama)\n|j| Julio Potencia\n|\n|t:|1700165457\n|start\n|switch|p1a: Cresselia|Cresselia, F|100\/100\n|switch|p2a: Azumarill|Azumarill, F|100\/100\n|turn|1\n|\n|t:|1700165462\n|switch|p2a: Clodsire|Clodsire, M|100\/100\n|move|p1a: Cresselia|Reflect|p1a: Cresselia\n|-sidestart|p1: chris_chris_14|Reflect\n|\n|upkeep\n|turn|2\n|\n|t:|1700165466\n|move|p1a: Cresselia|Future Sight|p2a: Clodsire\n|-start|p1a: Cresselia|move: Future Sight\n|move|p2a: Clodsire|Toxic|p1a: Cresselia\n|-status|p1a: Cresselia|tox\n|\n|-damage|p1a: Cresselia|94\/100 tox|[from] psn\n|upkeep\n|turn|3\n|\n|t:|1700165474\n|-terastallize|p2a: Clodsire|Dark\n|move|p2a: Clodsire|Protect|p2a: Clodsire\n|-singleturn|p2a: Clodsire|Protect\n|move|p1a: Cresselia|Light Screen|p1a: Cresselia\n|-sidestart|p1: chris_chris_14|move: Light Screen\n|\n|-damage|p1a: Cresselia|82\/100 tox|[from] psn\n|upkeep\n|turn|4\n|\n|t:|1700165484\n|switch|p1a: Corviknight|Corviknight, M|100\/100\n|move|p2a: Clodsire|Toxic|p1a: Corviknight\n|-immune|p1a: Corviknight\n|\n|-end|p2a: Clodsire|move: Future Sight\n|-immune|p2a: Clodsire\n|upkeep\n|turn|5\n|\n|t:|1700165488\n|switch|p2a: Cinderace|Cinderace, F|100\/100\n|move|p1a: Corviknight|Bulk Up|p1a: Corviknight\n|-boost|p1a: Corviknight|atk|1\n|-boost|p1a: Corviknight|def|1\n|\n|upkeep\n|turn|6\n|\n|t:|1700165501\n|move|p2a: Cinderace|Court Change|p2a: Cinderace\n|-start|p2a: Cinderace|typechange|Normal|[from] ability: Libero\n|-swapsideconditions\n|-activate|p2a: Cinderace|move: Court Change\n|move|p1a: Corviknight|Drill Peck|p2a: Cinderace\n|-damage|p2a: Cinderace|73\/100\n|\n|upkeep\n|turn|7\n|\n|t:|1700165508\n|switch|p1a: Cresselia|Cresselia, F|82\/100 tox\n|move|p2a: Cinderace|Pyro Ball|p1a: Cresselia\n|-damage|p1a: Cresselia|58\/100 tox\n|\n|-damage|p1a: Cresselia|52\/100 tox|[from] psn\n|upkeep\n|turn|8\n|\n|t:|1700165515\n|move|p2a: Cinderace|Pyro Ball|p1a: Cresselia\n|-damage|p1a: Cresselia|26\/100 tox\n|move|p1a: Cresselia|Light Screen|p1a: Cresselia\n|-sidestart|p1: chris_chris_14|move: Light Screen\n|\n|-damage|p1a: Cresselia|14\/100 tox|[from] psn\n|-sideend|p2: Kempachi_sama|Reflect\n|upkeep\n|turn|9\n|l| Julio Potencia\n|\n|t:|1700165518\n|move|p2a: Cinderace|Pyro Ball|p1a: Cresselia\n|-damage|p1a: Cresselia|0 fnt\n|faint|p1a: Cresselia\n|\n|upkeep\n|\n|t:|1700165522\n|switch|p1a: Manaphy|Manaphy|100\/100\n|turn|10\n|\n|t:|1700165527\n|move|p2a: Cinderace|Court Change|p2a: Cinderace\n|-swapsideconditions\n|-activate|p2a: Cinderace|move: Court Change\n|move|p1a: Manaphy|Tail Glow|p1a: Manaphy\n|-boost|p1a: Manaphy|spa|3\n|\n|-sideend|p1: chris_chris_14|move: Light Screen\n|upkeep\n|turn|11\n|\n|t:|1700165553\n|switch|p2a: Clodsire|Clodsire, M, tera:Dark|100\/100\n|move|p1a: Manaphy|Ice Beam|p2a: Clodsire\n|-damage|p2a: Clodsire|92\/100\n|\n|upkeep\n|turn|12\n|\n|t:|1700165566\n|switch|p1a: Corviknight|Corviknight, M|100\/100\n|move|p2a: Clodsire|Toxic|p1a: Corviknight\n|-immune|p1a: Corviknight\n|\n|upkeep\n|turn|13\n|\n|t:|1700165575\n|switch|p2a: Cinderace|Cinderace, F|73\/100\n|move|p1a: Corviknight|Body Press|p2a: Cinderace\n|-damage|p2a: Cinderace|43\/100\n|\n|upkeep\n|turn|14\n|\n|t:|1700165584\n|switch|p1a: Samurott|Samurott-Hisui, M|100\/100\n|move|p2a: Cinderace|Pyro Ball|p1a: Samurott\n|-resisted|p1a: Samurott\n|-damage|p1a: Samurott|62\/100\n|\n|upkeep\n|turn|15\n|\n|t:|1700165597\n|move|p2a: Cinderace|High Jump Kick|p1a: Samurott\n|-start|p2a: Cinderace|typechange|Fighting|[from] ability: Libero\n|-supereffective|p1a: Samurott\n|-damage|p1a: Samurott|0 fnt\n|faint|p1a: Samurott\n|\n|-sideend|p2: Kempachi_sama|move: Light Screen\n|upkeep\n|\n|t:|1700165606\n|switch|p1a: Manaphy|Manaphy|100\/100\n|turn|16\n|\n|t:|1700165610\n|switch|p2a: Sinistcha|Sinistcha|100\/100\n|move|p1a: Manaphy|Surf|p2a: Sinistcha\n|-resisted|p2a: Sinistcha\n|-damage|p2a: Sinistcha|78\/100\n|\n|upkeep\n|turn|17\n|\n|t:|1700165619\n|-terastallize|p1a: Manaphy|Ice\n|move|p1a: Manaphy|Tail Glow|p1a: Manaphy\n|-boost|p1a: Manaphy|spa|3\n|move|p2a: Sinistcha|Trick Room|p2a: Sinistcha\n|-fieldstart|move: Trick Room|[of] p2a: Sinistcha\n|\n|upkeep\n|turn|18\n|\n|t:|1700165625\n|move|p2a: Sinistcha|Matcha Gotcha|p1a: Manaphy\n|-damage|p1a: Manaphy|58\/100\n|-heal|p2a: Sinistcha|100\/100|[from] drain|[of] p1a: Manaphy\n|-status|p1a: Manaphy|brn\n|move|p1a: Manaphy|Ice Beam|p2a: Sinistcha\n|-supereffective|p2a: Sinistcha\n|-enditem|p2a: Sinistcha|Focus Sash\n|-damage|p2a: Sinistcha|1\/100\n|\n|-heal|p1a: Manaphy|64\/100 brn|[from] item: Leftovers\n|-damage|p1a: Manaphy|58\/100 brn|[from] brn\n|upkeep\n|turn|19\n|\n|t:|1700165637\n|move|p2a: Sinistcha|Matcha Gotcha|p1a: Manaphy\n|-damage|p1a: Manaphy|19\/100 brn\n|-heal|p2a: Sinistcha|24\/100|[from] drain|[of] p1a: Manaphy\n|move|p1a: Manaphy|Ice Beam|p2a: Sinistcha\n|-supereffective|p2a: Sinistcha\n|-damage|p2a: Sinistcha|0 fnt\n|faint|p2a: Sinistcha\n|\n|-heal|p1a: Manaphy|25\/100 brn|[from] item: Leftovers\n|-damage|p1a: Manaphy|19\/100 brn|[from] brn\n|upkeep\n|\n|t:|1700165642\n|switch|p2a: Cinderace|Cinderace, F|43\/100\n|turn|20\n|\n|t:|1700165647\n|move|p2a: Cinderace|Sucker Punch|p1a: Manaphy\n|-start|p2a: Cinderace|typechange|Dark|[from] ability: Libero\n|-damage|p1a: Manaphy|0 fnt\n|faint|p1a: Manaphy\n|\n|upkeep\n|\n|t:|1700165661\n|switch|p1a: Talonflame|Talonflame, F|100\/100\n|turn|21\n|\n|t:|1700165669\n|switch|p2a: Azumarill|Azumarill, F|100\/100\n|move|p1a: Talonflame|Brave Bird|p2a: Azumarill\n|-damage|p2a: Azumarill|23\/100\n|-damage|p1a: Talonflame|70\/100|[from] Recoil\n|\n|-fieldend|move: Trick Room\n|upkeep\n|turn|22\n|\n|t:|1700165676\n|switch|p1a: Corviknight|Corviknight, M|100\/100\n|move|p2a: Azumarill|Aqua Jet|p1a: Corviknight\n|-damage|p1a: Corviknight|78\/100\n|-damage|p2a: Azumarill|6\/100|[from] item: Rocky Helmet|[of] p1a: Corviknight\n|\n|upkeep\n|turn|23\n|\n|t:|1700165689\n|switch|p2a: Corviknight|Corviknight, M|100\/100\n|move|p1a: Corviknight|Bulk Up|p1a: Corviknight\n|-boost|p1a: Corviknight|atk|1\n|-boost|p1a: Corviknight|def|1\n|\n|upkeep\n|turn|24\n|\n|t:|1700165699\n|move|p1a: Corviknight|Bulk Up|p1a: Corviknight\n|-boost|p1a: Corviknight|atk|1\n|-boost|p1a: Corviknight|def|1\n|move|p2a: Corviknight|Iron Defense|p2a: Corviknight\n|-boost|p2a: Corviknight|def|2\n|\n|upkeep\n|turn|25\n|\n|t:|1700165702\n|move|p2a: Corviknight|Iron Defense|p2a: Corviknight\n|-boost|p2a: Corviknight|def|2\n|move|p1a: Corviknight|Bulk Up|p1a: Corviknight\n|-boost|p1a: Corviknight|atk|1\n|-boost|p1a: Corviknight|def|1\n|\n|upkeep\n|turn|26\n|\n|t:|1700165704\n|move|p2a: Corviknight|Iron Defense|p2a: Corviknight\n|-boost|p2a: Corviknight|def|2\n|move|p1a: Corviknight|Bulk Up|p1a: Corviknight\n|-boost|p1a: Corviknight|atk|1\n|-boost|p1a: Corviknight|def|1\n|\n|upkeep\n|turn|27\n|\n|t:|1700165706\n|move|p1a: Corviknight|Bulk Up|p1a: Corviknight\n|-boost|p1a: Corviknight|atk|1\n|-boost|p1a: Corviknight|def|1\n|move|p2a: Corviknight|Body Press|p1a: Corviknight\n|-damage|p1a: Corviknight|56\/100\n|-damage|p2a: Corviknight|84\/100|[from] item: Rocky Helmet|[of] p1a: Corviknight\n|\n|upkeep\n|turn|28\n|\n|t:|1700165713\n|move|p1a: Corviknight|Roost|p1a: Corviknight\n|-heal|p1a: Corviknight|100\/100\n|-singleturn|p1a: Corviknight|move: Roost\n|move|p2a: Corviknight|Body Press|p1a: Corviknight\n|-supereffective|p1a: Corviknight\n|-damage|p1a: Corviknight|59\/100\n|-damage|p2a: Corviknight|67\/100|[from] item: Rocky Helmet|[of] p1a: Corviknight\n|\n|upkeep\n|turn|29\n|\n|t:|1700165718\n|move|p1a: Corviknight|Bulk Up|p1a: Corviknight\n|-boost|p1a: Corviknight|atk|1\n|-boost|p1a: Corviknight|def|1\n|move|p2a: Corviknight|Roost|p2a: Corviknight\n|-heal|p2a: Corviknight|100\/100\n|-singleturn|p2a: Corviknight|move: Roost\n|\n|upkeep\n|turn|30\n|\n|t:|1700165724\n|move|p2a: Corviknight|Defog||[still]\n|-ability|p1a: Corviknight|Mirror Armor\n|-unboost|p2a: Corviknight|evasion|1\n|-fail|p2a: Corviknight\n|move|p1a: Corviknight|Roost|p1a: Corviknight\n|-heal|p1a: Corviknight|100\/100\n|-singleturn|p1a: Corviknight|move: Roost\n|\n|upkeep\n|turn|31\n|\n|t:|1700165733\n|move|p1a: Corviknight|Body Press|p2a: Corviknight\n|-damage|p2a: Corviknight|86\/100\n|-damage|p1a: Corviknight|84\/100|[from] item: Rocky Helmet|[of] p2a: Corviknight\n|move|p2a: Corviknight|Iron Defense|p2a: Corviknight\n|-boost|p2a: Corviknight|def|0\n|\n|upkeep\n|turn|32\n|\n|t:|1700165743\n|move|p1a: Corviknight|Drill Peck|p2a: Corviknight\n|-resisted|p2a: Corviknight\n|-damage|p2a: Corviknight|77\/100\n|-damage|p1a: Corviknight|67\/100|[from] item: Rocky Helmet|[of] p2a: Corviknight\n|move|p2a: Corviknight|Iron Defense|p2a: Corviknight\n|-boost|p2a: Corviknight|def|0\n|\n|upkeep\n|turn|33\n|\n|t:|1700165750\n|move|p2a: Corviknight|Iron Defense|p2a: Corviknight\n|-boost|p2a: Corviknight|def|0\n|move|p1a: Corviknight|Bulk Up|p1a: Corviknight\n|-boost|p1a: Corviknight|atk|0\n|-boost|p1a: Corviknight|def|0\n|\n|upkeep\n|turn|34\n|\n|t:|1700165757\n|move|p2a: Corviknight|Body Press|p1a: Corviknight\n|-damage|p1a: Corviknight|46\/100\n|-damage|p2a: Corviknight|60\/100|[from] item: Rocky Helmet|[of] p1a: Corviknight\n|move|p1a: Corviknight|Bulk Up|p1a: Corviknight\n|-boost|p1a: Corviknight|atk|0\n|-boost|p1a: Corviknight|def|0\n|\n|upkeep\n|turn|35\n|\n|t:|1700165761\n|move|p1a: Corviknight|Roost|p1a: Corviknight\n|-heal|p1a: Corviknight|96\/100\n|-singleturn|p1a: Corviknight|move: Roost\n|move|p2a: Corviknight|Body Press|p1a: Corviknight\n|-supereffective|p1a: Corviknight\n|-damage|p1a: Corviknight|59\/100\n|-damage|p2a: Corviknight|44\/100|[from] item: Rocky Helmet|[of] p1a: Corviknight\n|\n|upkeep\n|turn|36\n|\n|t:|1700165770\n|move|p1a: Corviknight|Body Press|p2a: Corviknight\n|-damage|p2a: Corviknight|29\/100\n|-damage|p1a: Corviknight|43\/100|[from] item: Rocky Helmet|[of] p2a: Corviknight\n|move|p2a: Corviknight|Roost|p2a: Corviknight\n|-heal|p2a: Corviknight|79\/100\n|-singleturn|p2a: Corviknight|move: Roost\n|\n|upkeep\n|turn|37\n|\n|t:|1700165774\n|move|p1a: Corviknight|Roost|p1a: Corviknight\n|-heal|p1a: Corviknight|93\/100\n|-singleturn|p1a: Corviknight|move: Roost\n|move|p2a: Corviknight|Body Press|p1a: Corviknight\n|-supereffective|p1a: Corviknight\n|-damage|p1a: Corviknight|53\/100\n|-damage|p2a: Corviknight|63\/100|[from] item: Rocky Helmet|[of] p1a: Corviknight\n|\n|upkeep\n|turn|38\n|\n|t:|1700165784\n|move|p2a: Corviknight|Body Press|p1a: Corviknight\n|-damage|p1a: Corviknight|34\/100\n|-damage|p2a: Corviknight|46\/100|[from] item: Rocky Helmet|[of] p1a: Corviknight\n|move|p1a: Corviknight|Bulk Up|p1a: Corviknight\n|-boost|p1a: Corviknight|atk|0\n|-boost|p1a: Corviknight|def|0\n|\n|upkeep\n|turn|39\n|\n|t:|1700165807\n|move|p2a: Corviknight|Roost|p2a: Corviknight\n|-heal|p2a: Corviknight|96\/100\n|-singleturn|p2a: Corviknight|move: Roost\n|move|p1a: Corviknight|Roost|p1a: Corviknight\n|-heal|p1a: Corviknight|84\/100\n|-singleturn|p1a: Corviknight|move: Roost\n|\n|upkeep\n|turn|40\n|\n|t:|1700165815\n|move|p1a: Corviknight|Bulk Up|p1a: Corviknight\n|-boost|p1a: Corviknight|atk|0\n|-boost|p1a: Corviknight|def|0\n|move|p2a: Corviknight|Iron Defense|p2a: Corviknight\n|-boost|p2a: Corviknight|def|0\n|\n|upkeep\n|turn|41\n|\n|t:|1700165821\n|move|p2a: Corviknight|Defog||[still]\n|-ability|p1a: Corviknight|Mirror Armor\n|-unboost|p2a: Corviknight|evasion|1\n|-fail|p2a: Corviknight\n|move|p1a: Corviknight|Bulk Up|p1a: Corviknight\n|-boost|p1a: Corviknight|atk|0\n|-boost|p1a: Corviknight|def|0\n|\n|upkeep\n|turn|42\n|inactive|Kempachi_sama has 120 seconds left.\n|\n|t:|1700165854\n|switch|p2a: Clodsire|Clodsire, M, tera:Dark|92\/100\n|move|p1a: Corviknight|Bulk Up|p1a: Corviknight\n|-boost|p1a: Corviknight|atk|0\n|-boost|p1a: Corviknight|def|0\n|\n|upkeep\n|turn|43\n|\n|t:|1700165865\n|move|p2a: Clodsire|Protect|p2a: Clodsire\n|-singleturn|p2a: Clodsire|Protect\n|move|p1a: Corviknight|Body Press|p2a: Clodsire\n|-activate|p2a: Clodsire|move: Protect\n|\n|upkeep\n|turn|44\n|\n|t:|1700165870\n|move|p1a: Corviknight|Body Press|p2a: Clodsire\n|-supereffective|p2a: Clodsire\n|-damage|p2a: Clodsire|62\/100\n|-damage|p1a: Corviknight|67\/100|[from] item: Rocky Helmet|[of] p2a: Clodsire\n|move|p2a: Clodsire|Recover|p2a: Clodsire\n|-heal|p2a: Clodsire|100\/100\n|\n|upkeep\n|turn|45\n|\n|t:|1700165879\n|move|p1a: Corviknight|Body Press|p2a: Clodsire\n|-supereffective|p2a: Clodsire\n|-damage|p2a: Clodsire|66\/100\n|-damage|p1a: Corviknight|51\/100|[from] item: Rocky Helmet|[of] p2a: Clodsire\n|move|p2a: Clodsire|Toxic|p1a: Corviknight\n|-immune|p1a: Corviknight\n|\n|upkeep\n|turn|46\n|\n|t:|1700165886\n|move|p1a: Corviknight|Body Press|p2a: Clodsire\n|-supereffective|p2a: Clodsire\n|-damage|p2a: Clodsire|31\/100\n|-damage|p1a: Corviknight|34\/100|[from] item: Rocky Helmet|[of] p2a: Clodsire\n|move|p2a: Clodsire|Toxic|p1a: Corviknight\n|-immune|p1a: Corviknight\n|\n|upkeep\n|turn|47\n|\n|t:|1700165892\n|move|p1a: Corviknight|Body Press|p2a: Clodsire\n|-supereffective|p2a: Clodsire\n|-damage|p2a: Clodsire|1\/100\n|-damage|p1a: Corviknight|18\/100|[from] item: Rocky Helmet|[of] p2a: Clodsire\n|move|p2a: Clodsire|Recover|p2a: Clodsire\n|-heal|p2a: Clodsire|51\/100\n|\n|upkeep\n|turn|48\n|\n|t:|1700165898\n|move|p1a: Corviknight|Roost|p1a: Corviknight\n|-heal|p1a: Corviknight|68\/100\n|-singleturn|p1a: Corviknight|move: Roost\n|move|p2a: Clodsire|Recover|p2a: Clodsire\n|-heal|p2a: Clodsire|100\/100\n|\n|upkeep\n|turn|49\n|\n|t:|1700165903\n|move|p1a: Corviknight|Drill Peck|p2a: Clodsire\n|-damage|p2a: Clodsire|79\/100\n|-damage|p1a: Corviknight|51\/100|[from] item: Rocky Helmet|[of] p2a: Clodsire\n|move|p2a: Clodsire|Toxic|p1a: Corviknight\n|-immune|p1a: Corviknight\n|\n|upkeep\n|turn|50\n|\n|t:|1700165912\n|move|p1a: Corviknight|Body Press|p2a: Clodsire\n|-supereffective|p2a: Clodsire\n|-damage|p2a: Clodsire|44\/100\n|-damage|p1a: Corviknight|35\/100|[from] item: Rocky Helmet|[of] p2a: Clodsire\n|move|p2a: Clodsire|Toxic|p1a: Corviknight|[miss]\n|-miss|p2a: Clodsire|p1a: Corviknight\n|\n|upkeep\n|turn|51\n|\n|t:|1700165918\n|move|p1a: Corviknight|Roost|p1a: Corviknight\n|-heal|p1a: Corviknight|85\/100\n|-singleturn|p1a: Corviknight|move: Roost\n|move|p2a: Clodsire|Recover|p2a: Clodsire\n|-heal|p2a: Clodsire|94\/100\n|\n|upkeep\n|turn|52\n|\n|t:|1700165927\n|switch|p1a: Probopass|Probopass, M|100\/100\n|-item|p1a: Probopass|Air Balloon\n|move|p2a: Clodsire|Protect||[still]\n|-fail|p2a: Clodsire\n|\n|upkeep\n|turn|53\n|\n|t:|1700165941\n|switch|p2a: Corviknight|Corviknight, M|96\/100\n|move|p1a: Probopass|Thunder Wave|p2a: Corviknight\n|-status|p2a: Corviknight|par\n|\n|upkeep\n|turn|54\n|\n|t:|1700165949\n|move|p1a: Probopass|Stealth Rock|p2a: Corviknight\n|-sidestart|p2: Kempachi_sama|move: Stealth Rock\n|move|p2a: Corviknight|Iron Defense|p2a: Corviknight\n|-boost|p2a: Corviknight|def|2\n|\n|upkeep\n|turn|55\n|\n|t:|1700165954\n|move|p1a: Probopass|Volt Switch|p2a: Corviknight\n|-supereffective|p2a: Corviknight\n|-damage|p2a: Corviknight|73\/100 par\n|\n|t:|1700165959\n|switch|p1a: Corviknight|Corviknight, M|85\/100|[from] Volt Switch\n|cant|p2a: Corviknight|par\n|\n|upkeep\n|turn|56\n|\n|t:|1700165963\n|move|p1a: Corviknight|Bulk Up|p1a: Corviknight\n|-boost|p1a: Corviknight|atk|1\n|-boost|p1a: Corviknight|def|1\n|move|p2a: Corviknight|Iron Defense|p2a: Corviknight\n|-boost|p2a: Corviknight|def|2\n|\n|upkeep\n|turn|57\n|\n|t:|1700165981\n|move|p1a: Corviknight|Bulk Up|p1a: Corviknight\n|-boost|p1a: Corviknight|atk|1\n|-boost|p1a: Corviknight|def|1\n|cant|p2a: Corviknight|par\n|\n|upkeep\n|turn|58\n|\n|t:|1700165984\n|move|p1a: Corviknight|Bulk Up|p1a: Corviknight\n|-boost|p1a: Corviknight|atk|1\n|-boost|p1a: Corviknight|def|1\n|move|p2a: Corviknight|Defog|p1a: Corviknight\n|-ability|p1a: Corviknight|Mirror Armor\n|-unboost|p2a: Corviknight|evasion|1\n|-sideend|p2: Kempachi_sama|Stealth Rock|[from] move: Defog|[of] p2a: Corviknight\n|\n|upkeep\n|turn|59\n|\n|t:|1700165988\n|move|p1a: Corviknight|Bulk Up|p1a: Corviknight\n|-boost|p1a: Corviknight|atk|1\n|-boost|p1a: Corviknight|def|1\n|cant|p2a: Corviknight|par\n|\n|upkeep\n|turn|60\n|\n|t:|1700165994\n|move|p1a: Corviknight|Bulk Up|p1a: Corviknight\n|-boost|p1a: Corviknight|atk|1\n|-boost|p1a: Corviknight|def|1\n|move|p2a: Corviknight|Body Press|p1a: Corviknight\n|-damage|p1a: Corviknight|69\/100\n|-damage|p2a: Corviknight|57\/100 par|[from] item: Rocky Helmet|[of] p1a: Corviknight\n|\n|upkeep\n|turn|61\n|\n|t:|1700166000\n|move|p1a: Corviknight|Bulk Up|p1a: Corviknight\n|-boost|p1a: Corviknight|atk|1\n|-boost|p1a: Corviknight|def|1\n|move|p2a: Corviknight|Iron Defense|p2a: Corviknight\n|-boost|p2a: Corviknight|def|2\n|\n|upkeep\n|turn|62\n|\n|t:|1700166004\n|switch|p2a: Clodsire|Clodsire, M, tera:Dark|94\/100\n|move|p1a: Corviknight|Body Press|p2a: Clodsire\n|-supereffective|p2a: Clodsire\n|-damage|p2a: Clodsire|62\/100\n|-damage|p1a: Corviknight|52\/100|[from] item: Rocky Helmet|[of] p2a: Clodsire\n|\n|upkeep\n|turn|63\n|\n|t:|1700166013\n|switch|p1a: Probopass|Probopass, M|100\/100\n|-item|p1a: Probopass|Air Balloon\n|move|p2a: Clodsire|Earthquake|p1a: Probopass\n|-immune|p1a: Probopass\n|\n|upkeep\n|turn|64\n|\n|t:|1700166021\n|switch|p2a: Corviknight|Corviknight, M|57\/100 par\n|move|p1a: Probopass|Thunder Wave|p2a: Corviknight\n|-fail|p2a: Corviknight|par\n|\n|upkeep\n|turn|65\n|\n|t:|1700166023\n|move|p1a: Probopass|Volt Switch|p2a: Corviknight\n|-supereffective|p2a: Corviknight\n|-damage|p2a: Corviknight|37\/100 par\n|\n|t:|1700166027\n|switch|p1a: Talonflame|Talonflame, F|70\/100|[from] Volt Switch\n|cant|p2a: Corviknight|par\n|\n|upkeep\n|turn|66\n|\n|t:|1700166033\n|switch|p2a: Azumarill|Azumarill, F|6\/100\n|move|p1a: Talonflame|Flare Blitz|p2a: Azumarill\n|-resisted|p2a: Azumarill\n|-damage|p2a: Azumarill|0 fnt\n|faint|p2a: Azumarill\n|-damage|p1a: Talonflame|68\/100|[from] Recoil\n|\n|upkeep\n|\n|t:|1700166037\n|switch|p2a: Espeon|Espeon, F|100\/100\n|turn|67\n|\n|t:|1700166041\n|switch|p1a: Probopass|Probopass, M|100\/100\n|-item|p1a: Probopass|Air Balloon\n|move|p2a: Espeon|Power Gem|p1a: Probopass\n|-resisted|p1a: Probopass\n|-damage|p1a: Probopass|89\/100\n|-enditem|p1a: Probopass|Air Balloon\n|\n|upkeep\n|turn|68\n|\n|t:|1700166048\n|switch|p2a: Clodsire|Clodsire, M, tera:Dark|62\/100\n|move|p1a: Probopass|Heavy Slam|p2a: Clodsire\n|-damage|p2a: Clodsire|55\/100\n|-damage|p1a: Probopass|72\/100|[from] item: Rocky Helmet|[of] p2a: Clodsire\n|\n|upkeep\n|turn|69\n|\n|t:|1700166053\n|move|p1a: Probopass|Thunder Wave|p2a: Clodsire\n|-status|p2a: Clodsire|par\n|move|p2a: Clodsire|Recover|p2a: Clodsire\n|-heal|p2a: Clodsire|100\/100 par\n|\n|upkeep\n|turn|70\n|\n|t:|1700166057\n|move|p1a: Probopass|Stealth Rock|p2a: Clodsire\n|-sidestart|p2: Kempachi_sama|move: Stealth Rock\n|cant|p2a: Clodsire|par\n|\n|upkeep\n|turn|71\n|\n|t:|1700166061\n|move|p1a: Probopass|Heavy Slam|p2a: Clodsire\n|-damage|p2a: Clodsire|94\/100 par\n|-damage|p1a: Probopass|56\/100|[from] item: Rocky Helmet|[of] p2a: Clodsire\n|cant|p2a: Clodsire|par\n|\n|upkeep\n|turn|72\n|\n|t:|1700166074\n|move|p1a: Probopass|Thunder Wave|p2a: Clodsire\n|-fail|p2a: Clodsire|par\n|cant|p2a: Clodsire|par\n|\n|upkeep\n|turn|73\n|inactive|chris_chris_14 has 120 seconds left.\n|\n|t:|1700166106\n|move|p1a: Probopass|Volt Switch|p2a: Clodsire\n|-damage|p2a: Clodsire|86\/100 par\n|inactive|chris_chris_14 has 120 seconds left.\n|\n|t:|1700166112\n|switch|p1a: Corviknight|Corviknight, M|52\/100|[from] Volt Switch\n|cant|p2a: Clodsire|par\n|\n|upkeep\n|turn|74\n|inactive|chris_chris_14 has 120 seconds left.\n|\n|t:|1700166128\n|switch|p1a: Probopass|Probopass, M|56\/100\n|move|p2a: Clodsire|Earthquake|p1a: Probopass\n|-supereffective|p1a: Probopass\n|-damage|p1a: Probopass|0 fnt\n|faint|p1a: Probopass\n|\n|upkeep\n|\n|t:|1700166132\n|switch|p1a: Talonflame|Talonflame, F|68\/100\n|turn|75\n|\n|t:|1700166140\n|move|p1a: Talonflame|Flare Blitz|p2a: Clodsire\n|-damage|p2a: Clodsire|22\/100 par\n|-damage|p1a: Talonflame|51\/100|[from] item: Rocky Helmet|[of] p2a: Clodsire\n|-damage|p1a: Talonflame|23\/100|[from] Recoil\n|cant|p2a: Clodsire|par\n|\n|upkeep\n|turn|76\n|\n|t:|1700166147\n|move|p2a: Clodsire|Protect|p2a: Clodsire\n|-singleturn|p2a: Clodsire|Protect\n|move|p1a: Talonflame|Flare Blitz|p2a: Clodsire\n|-activate|p2a: Clodsire|move: Protect\n|\n|upkeep\n|turn|77\n|\n|t:|1700166162\n|move|p1a: Talonflame|Flare Blitz|p2a: Clodsire\n|-damage|p2a: Clodsire|0 fnt\n|-damage|p1a: Talonflame|6\/100|[from] item: Rocky Helmet|[of] p2a: Clodsire\n|faint|p2a: Clodsire\n|-damage|p1a: Talonflame|0 fnt|[from] Recoil\n|faint|p1a: Talonflame\n|\n|upkeep\n|\n|t:|1700166171\n|switch|p1a: Corviknight|Corviknight, M|52\/100\n|switch|p2a: Cinderace|Cinderace, F|43\/100\n|-damage|p2a: Cinderace|18\/100|[from] Stealth Rock\n|turn|78\n|\n|t:|1700166175\n|move|p2a: Cinderace|Pyro Ball|p1a: Corviknight\n|-supereffective|p1a: Corviknight\n|-damage|p1a: Corviknight|0 fnt\n|faint|p1a: Corviknight\n|\n|win|Kempachi_sama\n|raw|chris_chris_14's rating: 1197 &rarr; <strong>1175<\/strong><br \/>(-22 for losing)\n|raw|Kempachi_sama's rating: 1243 &rarr; <strong>1265<\/strong><br \/>(+22 for winning)\n|c|\u2606chris_chris_14|gg\n|c|\u2606Kempachi_sama|gg\n|l|\u2606chris_chris_14\n","uploadtime":1700166182,"views":7,"p1id":"chrischris14","p2id":"kempachisama","formatid":"gen9ou","rating":1175,"private":0,"password":""}