{"id":"gen9ou-1994714443","p1":"ljknkm","p2":"Zulneily","format":"[Gen 9] OU","log":"|j|\u2606ljknkm\n|j|\u2606Zulneily\n|t:|1700484767\n|gametype|singles\n|player|p1|ljknkm|gambler|1022\n|player|p2|Zulneily|hilda-wonderlauncher|1056\n|teamsize|p1|6\n|teamsize|p2|6\n|gen|9\n|tier|[Gen 9] OU\n|rated|\n|rule|Sleep Clause Mod: Limit one foe put to sleep\n|rule|Species Clause: Limit one of each Pok\u00e9mon\n|rule|OHKO Clause: OHKO moves are banned\n|rule|Evasion Items Clause: Evasion items are banned\n|rule|Evasion Moves Clause: Evasion moves are banned\n|rule|Endless Battle Clause: Forcing endless battles is banned\n|rule|HP Percentage Mod: HP is shown in percentages\n|clearpoke\n|poke|p1|Dragapult, M|\n|poke|p1|Toxapex, F|\n|poke|p1|Mimikyu, F|\n|poke|p1|Chansey, F|\n|poke|p1|Bisharp, M|\n|poke|p1|Hoopa|\n|poke|p2|Garganacl, M|\n|poke|p2|Corviknight, F|\n|poke|p2|Clodsire, M|\n|poke|p2|Cresselia, F|\n|poke|p2|Iron Valiant|\n|poke|p2|Meowscarada, F|\n|teampreview\n|\n|t:|1700484801\n|start\n|switch|p1a: Bisharp|Bisharp, M|100\/100\n|switch|p2a: NMIXX|Meowscarada, F|100\/100\n|turn|1\n|\n|t:|1700484811\n|move|p2a: NMIXX|U-turn|p1a: Bisharp\n|-start|p2a: NMIXX|typechange|Bug|[from] ability: Protean\n|-damage|p1a: Bisharp|60\/100\n|\n|t:|1700484817\n|switch|p2a: Dreamcatcher|Corviknight, F|100\/100|[from] U-turn\n|move|p1a: Bisharp|Swords Dance|p1a: Bisharp\n|-boost|p1a: Bisharp|atk|2\n|\n|upkeep\n|turn|2\n|\n|t:|1700484827\n|move|p1a: Bisharp|Sucker Punch|p2a: Dreamcatcher\n|-crit|p2a: Dreamcatcher\n|-damage|p2a: Dreamcatcher|12\/100\n|-damage|p1a: Bisharp|44\/100|[from] item: Rocky Helmet|[of] p2a: Dreamcatcher\n|move|p2a: Dreamcatcher|Body Press|p1a: Bisharp\n|-supereffective|p1a: Bisharp\n|-damage|p1a: Bisharp|0 fnt\n|faint|p1a: Bisharp\n|\n|upkeep\n|\n|t:|1700484844\n|switch|p1a: Mimikyu|Mimikyu, F, shiny|100\/100\n|turn|3\n|\n|t:|1700484849\n|move|p1a: Mimikyu|Shadow Sneak|p2a: Dreamcatcher\n|-damage|p2a: Dreamcatcher|0 fnt\n|-damage|p1a: Mimikyu|84\/100|[from] item: Rocky Helmet|[of] p2a: Dreamcatcher\n|faint|p2a: Dreamcatcher\n|-damage|p1a: Mimikyu|74\/100|[from] item: Life Orb\n|\n|upkeep\n|\n|t:|1700484855\n|switch|p2a: NMIXX|Meowscarada, F|100\/100\n|turn|4\n|\n|t:|1700484861\n|switch|p1a: Toxapex|Toxapex, F, shiny|100\/100\n|move|p2a: NMIXX|U-turn|p1a: Toxapex\n|-start|p2a: NMIXX|typechange|Bug|[from] ability: Protean\n|-resisted|p1a: Toxapex\n|-damage|p1a: Toxapex|89\/100\n|\n|t:|1700484866\n|switch|p2a: Les serafim|Garganacl, M|100\/100|[from] U-turn\n|\n|-heal|p1a: Toxapex|96\/100|[from] item: Black Sludge\n|upkeep\n|turn|5\n|\n|t:|1700484876\n|move|p1a: Toxapex|Ice Beam|p2a: Les serafim\n|-damage|p2a: Les serafim|92\/100\n|move|p2a: Les serafim|Salt Cure|p1a: Toxapex\n|-damage|p1a: Toxapex|85\/100\n|-start|p1a: Toxapex|Salt Cure\n|\n|-heal|p2a: Les serafim|99\/100|[from] item: Leftovers\n|-heal|p1a: Toxapex|91\/100|[from] item: Black Sludge\n|-damage|p1a: Toxapex|67\/100|[from] Salt Cure\n|upkeep\n|turn|6\n|\n|t:|1700484892\n|move|p1a: Toxapex|Toxic|p2a: Les serafim\n|-immune|p2a: Les serafim|[from] ability: Purifying Salt\n|move|p2a: Les serafim|Iron Defense|p2a: Les serafim\n|-boost|p2a: Les serafim|def|2\n|\n|-heal|p2a: Les serafim|100\/100|[from] item: Leftovers\n|-heal|p1a: Toxapex|73\/100|[from] item: Black Sludge\n|-damage|p1a: Toxapex|48\/100|[from] Salt Cure\n|upkeep\n|turn|7\n|\n|t:|1700484905\n|move|p1a: Toxapex|Haze|p1a: Toxapex\n|-clearallboost\n|move|p2a: Les serafim|Iron Defense|p2a: Les serafim\n|-boost|p2a: Les serafim|def|2\n|\n|-heal|p1a: Toxapex|54\/100|[from] item: Black Sludge\n|-damage|p1a: Toxapex|29\/100|[from] Salt Cure\n|upkeep\n|turn|8\n|\n|t:|1700484913\n|move|p1a: Toxapex|Recover|p1a: Toxapex\n|-heal|p1a: Toxapex|79\/100\n|move|p2a: Les serafim|Body Press|p1a: Toxapex\n|-resisted|p1a: Toxapex\n|-damage|p1a: Toxapex|63\/100\n|\n|-heal|p1a: Toxapex|69\/100|[from] item: Black Sludge\n|-damage|p1a: Toxapex|44\/100|[from] Salt Cure\n|upkeep\n|turn|9\n|\n|t:|1700484921\n|move|p1a: Toxapex|Recover|p1a: Toxapex\n|-heal|p1a: Toxapex|94\/100\n|move|p2a: Les serafim|Iron Defense|p2a: Les serafim\n|-boost|p2a: Les serafim|def|2\n|\n|-heal|p1a: Toxapex|100\/100|[from] item: Black Sludge\n|-damage|p1a: Toxapex|76\/100|[from] Salt Cure\n|upkeep\n|turn|10\n|\n|t:|1700484929\n|move|p2a: Les serafim|Body Press|p1a: Toxapex\n|-resisted|p1a: Toxapex\n|-damage|p1a: Toxapex|52\/100\n|move|p1a: Toxapex|Haze|p1a: Toxapex\n|-clearallboost\n|\n|-heal|p1a: Toxapex|58\/100|[from] item: Black Sludge\n|-damage|p1a: Toxapex|33\/100|[from] Salt Cure\n|upkeep\n|turn|11\n|\n|t:|1700484956\n|switch|p2a: Twice|Clodsire, M|100\/100\n|switch|p1a: Dragapult|Dragapult, M, shiny|100\/100\n|\n|upkeep\n|turn|12\n|\n|t:|1700484978\n|move|p1a: Dragapult|U-turn|p2a: Twice\n|-resisted|p2a: Twice\n|-damage|p2a: Twice|82\/100\n|\n|t:|1700484982\n|switch|p1a: Hoopa|Hoopa|100\/100|[from] U-turn\n|move|p2a: Twice|Toxic|p1a: Hoopa\n|-status|p1a: Hoopa|tox\n|\n|-heal|p2a: Twice|88\/100|[from] item: Black Sludge\n|-damage|p1a: Hoopa|95\/100 tox|[from] psn\n|upkeep\n|turn|13\n|\n|t:|1700484994\n|switch|p2a: NMIXX|Meowscarada, F|100\/100\n|move|p1a: Hoopa|Psychic|p2a: NMIXX\n|-immune|p2a: NMIXX\n|\n|-heal|p1a: Hoopa|100\/100 tox|[from] item: Leftovers\n|-damage|p1a: Hoopa|89\/100 tox|[from] psn\n|upkeep\n|turn|14\n|\n|t:|1700485004\n|switch|p1a: Chansey|Chansey, F, shiny|100\/100\n|move|p2a: NMIXX|Knock Off|p1a: Chansey\n|-start|p2a: NMIXX|typechange|Dark|[from] ability: Protean\n|-damage|p1a: Chansey|70\/100\n|-enditem|p1a: Chansey|Eviolite|[from] move: Knock Off|[of] p2a: NMIXX\n|\n|upkeep\n|turn|15\n|\n|t:|1700485016\n|switch|p2a: Les serafim|Garganacl, M|100\/100\n|move|p1a: Chansey|Thunder Wave|p2a: Les serafim\n|-immune|p2a: Les serafim|[from] ability: Purifying Salt\n|\n|upkeep\n|turn|16\n|\n|t:|1700485025\n|-terastallize|p1a: Chansey|Ghost\n|move|p1a: Chansey|Seismic Toss|p2a: Les serafim\n|-damage|p2a: Les serafim|76\/100\n|move|p2a: Les serafim|Salt Cure|p1a: Chansey\n|-damage|p1a: Chansey|56\/100\n|-start|p1a: Chansey|Salt Cure\n|\n|-heal|p2a: Les serafim|82\/100|[from] item: Leftovers\n|-damage|p1a: Chansey|44\/100|[from] Salt Cure\n|upkeep\n|turn|17\n|\n|t:|1700485041\n|switch|p2a: NMIXX|Meowscarada, F|100\/100\n|move|p1a: Chansey|Heal Bell|p1a: Chansey\n|-activate|p1a: Chansey|move: Heal Bell\n|-curestatus|p1: Hoopa|tox|[msg]\n|\n|-damage|p1a: Chansey|31\/100|[from] Salt Cure\n|upkeep\n|turn|18\n|\n|t:|1700485051\n|switch|p1a: Toxapex|Toxapex, F, shiny|66\/100\n|move|p2a: NMIXX|Knock Off|p1a: Toxapex\n|-start|p2a: NMIXX|typechange|Dark|[from] ability: Protean\n|-damage|p1a: Toxapex|35\/100\n|-enditem|p1a: Toxapex|Black Sludge|[from] move: Knock Off|[of] p2a: NMIXX\n|\n|upkeep\n|turn|19\n|\n|t:|1700485063\n|switch|p2a: Les serafim|Garganacl, M|82\/100\n|move|p1a: Toxapex|Recover|p1a: Toxapex\n|-heal|p1a: Toxapex|85\/100\n|\n|-heal|p2a: Les serafim|88\/100|[from] item: Leftovers\n|upkeep\n|turn|20\n|\n|t:|1700485072\n|switch|p1a: Chansey|Chansey, F, shiny, tera:Ghost|31\/100\n|move|p2a: Les serafim|Salt Cure|p1a: Chansey\n|-damage|p1a: Chansey|16\/100\n|-start|p1a: Chansey|Salt Cure\n|\n|-heal|p2a: Les serafim|94\/100|[from] item: Leftovers\n|-damage|p1a: Chansey|4\/100|[from] Salt Cure\n|upkeep\n|turn|21\n|\n|t:|1700485080\n|move|p1a: Chansey|Soft-Boiled|p1a: Chansey\n|-heal|p1a: Chansey|54\/100\n|move|p2a: Les serafim|Salt Cure|p1a: Chansey\n|-damage|p1a: Chansey|39\/100\n|\n|-heal|p2a: Les serafim|100\/100|[from] item: Leftovers\n|-damage|p1a: Chansey|27\/100|[from] Salt Cure\n|upkeep\n|turn|22\n|\n|t:|1700485088\n|switch|p2a: NMIXX|Meowscarada, F|100\/100\n|move|p1a: Chansey|Soft-Boiled|p1a: Chansey\n|-heal|p1a: Chansey|77\/100\n|\n|-damage|p1a: Chansey|64\/100|[from] Salt Cure\n|upkeep\n|turn|23\n|\n|t:|1700485101\n|switch|p1a: Mimikyu|Mimikyu, F, shiny|74\/100\n|move|p2a: NMIXX|Trick|p1a: Mimikyu\n|-start|p2a: NMIXX|typechange|Psychic|[from] ability: Protean\n|-activate|p2a: NMIXX|move: Trick|[of] p1a: Mimikyu\n|-item|p1a: Mimikyu|Choice Scarf|[from] move: Trick\n|-item|p2a: NMIXX|Life Orb|[from] move: Trick\n|\n|upkeep\n|turn|24\n|\n|t:|1700485132\n|switch|p1a: Chansey|Chansey, F, shiny, tera:Ghost|64\/100\n|switch|p2a: Twice|Clodsire, M|88\/100\n|\n|-heal|p2a: Twice|94\/100|[from] item: Black Sludge\n|upkeep\n|turn|25\n|\n|t:|1700485142\n|move|p1a: Chansey|Soft-Boiled|p1a: Chansey\n|-heal|p1a: Chansey|100\/100\n|move|p2a: Twice|Toxic|p1a: Chansey\n|-status|p1a: Chansey|tox\n|\n|-heal|p2a: Twice|100\/100|[from] item: Black Sludge\n|-damage|p1a: Chansey|94\/100 tox|[from] psn\n|upkeep\n|turn|26\n|\n|t:|1700485155\n|-curestatus|p1a: Chansey|tox|[from] ability: Natural Cure\n|switch|p1a: Toxapex|Toxapex, F, shiny|100\/100\n|move|p2a: Twice|Stealth Rock|p1a: Toxapex\n|-sidestart|p1: ljknkm|move: Stealth Rock\n|\n|upkeep\n|turn|27\n|\n|t:|1700485163\n|move|p1a: Toxapex|Ice Beam|p2a: Twice\n|-supereffective|p2a: Twice\n|-damage|p2a: Twice|86\/100\n|move|p2a: Twice|Earthquake|p1a: Toxapex\n|-supereffective|p1a: Toxapex\n|-damage|p1a: Toxapex|58\/100\n|\n|-heal|p2a: Twice|93\/100|[from] item: Black Sludge\n|upkeep\n|turn|28\n|\n|t:|1700485175\n|move|p1a: Toxapex|Recover|p1a: Toxapex\n|-heal|p1a: Toxapex|100\/100\n|move|p2a: Twice|Earthquake|p1a: Toxapex\n|-supereffective|p1a: Toxapex\n|-damage|p1a: Toxapex|56\/100\n|\n|-heal|p2a: Twice|99\/100|[from] item: Black Sludge\n|upkeep\n|turn|29\n|\n|t:|1700485184\n|switch|p1a: Chansey|Chansey, F, shiny, tera:Ghost|94\/100\n|-damage|p1a: Chansey|82\/100|[from] Stealth Rock\n|move|p2a: Twice|Earthquake|p1a: Chansey\n|-crit|p1a: Chansey\n|-damage|p1a: Chansey|41\/100\n|\n|-heal|p2a: Twice|100\/100|[from] item: Black Sludge\n|upkeep\n|turn|30\n|\n|t:|1700485194\n|move|p1a: Chansey|Soft-Boiled|p1a: Chansey\n|-heal|p1a: Chansey|91\/100\n|move|p2a: Twice|Toxic|p1a: Chansey\n|-status|p1a: Chansey|tox\n|\n|-damage|p1a: Chansey|84\/100 tox|[from] psn\n|upkeep\n|turn|31\n|\n|t:|1700485201\n|move|p1a: Chansey|Heal Bell|p1a: Chansey\n|-activate|p1a: Chansey|move: Heal Bell\n|-curestatus|p1a: Chansey|tox|[msg]\n|move|p2a: Twice|Earthquake|p1a: Chansey\n|-damage|p1a: Chansey|55\/100\n|\n|upkeep\n|turn|32\n|\n|t:|1700485207\n|move|p1a: Chansey|Seismic Toss|p2a: Twice\n|-damage|p2a: Twice|79\/100\n|move|p2a: Twice|Toxic|p1a: Chansey\n|-status|p1a: Chansey|tox\n|\n|-heal|p2a: Twice|85\/100|[from] item: Black Sludge\n|-damage|p1a: Chansey|48\/100 tox|[from] psn\n|upkeep\n|turn|33\n|\n|t:|1700485215\n|move|p1a: Chansey|Soft-Boiled|p1a: Chansey\n|-heal|p1a: Chansey|98\/100 tox\n|move|p2a: Twice|Earthquake|p1a: Chansey\n|-damage|p1a: Chansey|69\/100 tox\n|\n|-heal|p2a: Twice|91\/100|[from] item: Black Sludge\n|-damage|p1a: Chansey|57\/100 tox|[from] psn\n|upkeep\n|turn|34\n|\n|t:|1700485228\n|move|p1a: Chansey|Heal Bell|p1a: Chansey\n|-activate|p1a: Chansey|move: Heal Bell\n|-curestatus|p1a: Chansey|tox|[msg]\n|move|p2a: Twice|Toxic|p1a: Chansey\n|-status|p1a: Chansey|tox\n|\n|-heal|p2a: Twice|98\/100|[from] item: Black Sludge\n|-damage|p1a: Chansey|51\/100 tox|[from] psn\n|upkeep\n|turn|35\n|\n|t:|1700485237\n|move|p1a: Chansey|Heal Bell|p1a: Chansey\n|-activate|p1a: Chansey|move: Heal Bell\n|-curestatus|p1a: Chansey|tox|[msg]\n|move|p2a: Twice|Earthquake|p1a: Chansey\n|-damage|p1a: Chansey|24\/100\n|\n|-heal|p2a: Twice|100\/100|[from] item: Black Sludge\n|upkeep\n|turn|36\n|\n|t:|1700485247\n|move|p1a: Chansey|Soft-Boiled|p1a: Chansey\n|-heal|p1a: Chansey|74\/100\n|move|p2a: Twice|Toxic|p1a: Chansey\n|-status|p1a: Chansey|tox\n|\n|-damage|p1a: Chansey|68\/100 tox|[from] psn\n|upkeep\n|turn|37\n|\n|t:|1700485257\n|-curestatus|p1a: Chansey|tox|[from] ability: Natural Cure\n|switch|p1a: Toxapex|Toxapex, F, shiny|89\/100\n|-damage|p1a: Toxapex|77\/100|[from] Stealth Rock\n|move|p2a: Twice|Toxic|p1a: Toxapex\n|-immune|p1a: Toxapex\n|\n|upkeep\n|turn|38\n|\n|t:|1700485265\n|switch|p1a: Chansey|Chansey, F, shiny, tera:Ghost|68\/100\n|-damage|p1a: Chansey|56\/100|[from] Stealth Rock\n|move|p2a: Twice|Earthquake|p1a: Chansey\n|-damage|p1a: Chansey|28\/100\n|\n|upkeep\n|turn|39\n|\n|t:|1700485272\n|move|p1a: Chansey|Soft-Boiled|p1a: Chansey\n|-heal|p1a: Chansey|78\/100\n|move|p2a: Twice|Toxic|p1a: Chansey\n|-status|p1a: Chansey|tox\n|\n|-damage|p1a: Chansey|72\/100 tox|[from] psn\n|upkeep\n|turn|40\n|\n|t:|1700485280\n|move|p1a: Chansey|Seismic Toss|p2a: Twice\n|-damage|p2a: Twice|79\/100\n|move|p2a: Twice|Earthquake|p1a: Chansey\n|-damage|p1a: Chansey|44\/100 tox\n|\n|-heal|p2a: Twice|85\/100|[from] item: Black Sludge\n|-damage|p1a: Chansey|31\/100 tox|[from] psn\n|upkeep\n|turn|41\n|\n|t:|1700485289\n|move|p1a: Chansey|Soft-Boiled|p1a: Chansey\n|-heal|p1a: Chansey|81\/100 tox\n|move|p2a: Twice|Earthquake|p1a: Chansey\n|-damage|p1a: Chansey|54\/100 tox\n|\n|-heal|p2a: Twice|91\/100|[from] item: Black Sludge\n|-damage|p1a: Chansey|35\/100 tox|[from] psn\n|upkeep\n|turn|42\n|\n|t:|1700485300\n|-curestatus|p1a: Chansey|tox|[from] ability: Natural Cure\n|switch|p1a: Hoopa|Hoopa|89\/100\n|-damage|p1a: Hoopa|76\/100|[from] Stealth Rock\n|move|p2a: Twice|Earthquake|p1a: Hoopa\n|-damage|p1a: Hoopa|19\/100\n|\n|-heal|p1a: Hoopa|25\/100|[from] item: Leftovers\n|-heal|p2a: Twice|98\/100|[from] item: Black Sludge\n|upkeep\n|turn|43\n|\n|t:|1700485318\n|switch|p2a: Les serafim|Garganacl, M|100\/100\n|move|p1a: Hoopa|Thunderbolt|p2a: Les serafim\n|-damage|p2a: Les serafim|76\/100\n|\n|-heal|p1a: Hoopa|31\/100|[from] item: Leftovers\n|-heal|p2a: Les serafim|82\/100|[from] item: Leftovers\n|upkeep\n|turn|44\n|\n|t:|1700485333\n|move|p1a: Hoopa|Energy Ball|p2a: Les serafim\n|-supereffective|p2a: Les serafim\n|-damage|p2a: Les serafim|33\/100\n|move|p2a: Les serafim|Salt Cure|p1a: Hoopa\n|-damage|p1a: Hoopa|3\/100\n|-start|p1a: Hoopa|Salt Cure\n|\n|-heal|p1a: Hoopa|9\/100|[from] item: Leftovers\n|-heal|p2a: Les serafim|39\/100|[from] item: Leftovers\n|-damage|p1a: Hoopa|0 fnt|[from] Salt Cure\n|faint|p1a: Hoopa\n|upkeep\n|\n|t:|1700485346\n|switch|p1a: Dragapult|Dragapult, M, shiny|100\/100\n|-damage|p1a: Dragapult|88\/100|[from] Stealth Rock\n|turn|45\n|\n|t:|1700485361\n|move|p1a: Dragapult|Phantom Force||[still]\n|-prepare|p1a: Dragapult|Phantom Force\n|move|p2a: Les serafim|Recover|p2a: Les serafim\n|-heal|p2a: Les serafim|89\/100\n|\n|-heal|p2a: Les serafim|95\/100|[from] item: Leftovers\n|upkeep\n|turn|46\n|\n|t:|1700485366\n|move|p1a: Dragapult|Phantom Force|p2a: Les serafim|[from]lockedmove\n|-damage|p2a: Les serafim|74\/100\n|move|p2a: Les serafim|Salt Cure|p1a: Dragapult\n|-crit|p1a: Dragapult\n|-damage|p1a: Dragapult|62\/100\n|-start|p1a: Dragapult|Salt Cure\n|\n|-heal|p2a: Les serafim|80\/100|[from] item: Leftovers\n|-damage|p1a: Dragapult|50\/100|[from] Salt Cure\n|upkeep\n|turn|47\n|\n|t:|1700485380\n|switch|p1a: Chansey|Chansey, F, shiny, tera:Ghost|35\/100\n|-damage|p1a: Chansey|23\/100|[from] Stealth Rock\n|move|p2a: Les serafim|Iron Defense|p2a: Les serafim\n|-boost|p2a: Les serafim|def|2\n|\n|-heal|p2a: Les serafim|86\/100|[from] item: Leftovers\n|upkeep\n|turn|48\n|\n|t:|1700485392\n|switch|p1a: Mimikyu|Mimikyu, F, shiny|74\/100\n|-damage|p1a: Mimikyu|62\/100|[from] Stealth Rock\n|move|p2a: Les serafim|Salt Cure|p1a: Mimikyu\n|-activate|p1a: Mimikyu|ability: Disguise\n|-damage|p1a: Mimikyu|62\/100\n|-start|p1a: Mimikyu|Salt Cure\n|detailschange|p1a: Mimikyu|Mimikyu-Busted, F, shiny\n|-damage|p1a: Mimikyu|49\/100|[from] pokemon: Mimikyu-Busted\n|\n|-heal|p2a: Les serafim|92\/100|[from] item: Leftovers\n|-damage|p1a: Mimikyu|37\/100|[from] Salt Cure\n|upkeep\n|turn|49\n|\n|t:|1700485408\n|switch|p2a: Twice|Clodsire, M|98\/100\n|move|p1a: Mimikyu|Swords Dance|p1a: Mimikyu\n|-boost|p1a: Mimikyu|atk|2\n|\n|-heal|p2a: Twice|100\/100|[from] item: Black Sludge\n|-damage|p1a: Mimikyu|25\/100|[from] Salt Cure\n|upkeep\n|turn|50\n|-message|ljknkm forfeited.\n|\n|win|Zulneily\n|raw|ljknkm's rating: 1022 &rarr; <strong>1010<\/strong><br \/>(-12 for losing)\n|raw|Zulneily's rating: 1056 &rarr; <strong>1085<\/strong><br \/>(+29 for winning)\n|l|\u2606ljknkm\n","uploadtime":1700485432,"views":6,"p1id":"ljknkm","p2id":"zulneily","formatid":"gen9ou","rating":1010,"private":0,"password":""}