{"id":"gen9ou-1990228217","p1":"Flufferide","p2":"ReDemonic","format":"[Gen 9] OU","log":"|j|\u2606Flufferide\n|j|\u2606ReDemonic\n|t:|1699940709\n|gametype|singles\n|player|p1|Flufferide|veteranf|1351\n|player|p2|ReDemonic|bellelba|1259\n|teamsize|p1|6\n|teamsize|p2|6\n|gen|9\n|tier|[Gen 9] OU\n|rated|\n|rule|Sleep Clause Mod: Limit one foe put to sleep\n|rule|Species Clause: Limit one of each Pok\u00e9mon\n|rule|OHKO Clause: OHKO moves are banned\n|rule|Evasion Items Clause: Evasion items are banned\n|rule|Evasion Moves Clause: Evasion moves are banned\n|rule|Endless Battle Clause: Forcing endless battles is banned\n|rule|HP Percentage Mod: HP is shown in percentages\n|clearpoke\n|poke|p1|Ninetales-Alola, F|\n|poke|p1|Ogerpon-Wellspring, F|\n|poke|p1|Kingambit, F|\n|poke|p1|Torterra, F|\n|poke|p1|Dragonite, F|\n|poke|p1|Great Tusk|\n|poke|p2|Glimmora, M|\n|poke|p2|Gholdengo|\n|poke|p2|Scizor, F|\n|poke|p2|Lokix, F|\n|poke|p2|Salamence, M|\n|poke|p2|Dragapult, F|\n|teampreview\n|\n|t:|1699940722\n|start\n|switch|p1a: Ninetales|Ninetales-Alola, F|100\/100\n|switch|p2a: Scizor|Scizor, F|100\/100\n|-weather|Snow|[from] ability: Snow Warning|[of] p1a: Ninetales\n|turn|1\n|\n|t:|1699940724\n|move|p1a: Ninetales|Aurora Veil|p1a: Ninetales\n|-sidestart|p1: Flufferide|move: Aurora Veil\n|move|p2a: Scizor|Dual Wingbeat|p1a: Ninetales\n|-damage|p1a: Ninetales|83\/100\n|-damage|p1a: Ninetales|67\/100\n|-hitcount|p1a: Ninetales|2\n|\n|-weather|Snow|[upkeep]\n|upkeep\n|turn|2\n|c|\u2606ReDemonic|missclick\n|c|\u2606Flufferide|i also misclicked\n|c|\u2606Flufferide|lmao\n|\n|t:|1699940763\n|switch|p1a: Kingambit|Kingambit, F|100\/100\n|switch|p2a: Glimmora|Glimmora, M|100\/100\n|\n|-weather|Snow|[upkeep]\n|upkeep\n|turn|3\n|\n|t:|1699940768\n|move|p2a: Glimmora|Earth Power|p1a: Kingambit\n|-supereffective|p1a: Kingambit\n|-damage|p1a: Kingambit|71\/100\n|move|p1a: Kingambit|Substitute|p1a: Kingambit\n|-start|p1a: Kingambit|Substitute\n|-damage|p1a: Kingambit|46\/100\n|\n|-weather|Snow|[upkeep]\n|-heal|p1a: Kingambit|52\/100|[from] item: Leftovers\n|upkeep\n|turn|4\n|\n|t:|1699940778\n|move|p2a: Glimmora|Earth Power|p1a: Kingambit\n|-supereffective|p1a: Kingambit\n|-end|p1a: Kingambit|Substitute\n|move|p1a: Kingambit|Swords Dance|p1a: Kingambit\n|-boost|p1a: Kingambit|atk|2\n|\n|-weather|Snow|[upkeep]\n|-heal|p1a: Kingambit|58\/100|[from] item: Leftovers\n|upkeep\n|turn|5\n|\n|t:|1699940783\n|move|p1a: Kingambit|Sucker Punch|p2a: Glimmora\n|-damage|p2a: Glimmora|0 fnt\n|-activate|p2a: Glimmora|ability: Toxic Debris\n|-sidestart|p1: Flufferide|move: Toxic Spikes\n|faint|p2a: Glimmora\n|\n|-weather|none\n|-heal|p1a: Kingambit|65\/100|[from] item: Leftovers\n|upkeep\n|\n|t:|1699940790\n|switch|p2a: Lokix|Lokix, F|100\/100\n|turn|6\n|\n|t:|1699940795\n|switch|p2a: Scizor|Scizor, F|100\/100\n|move|p1a: Kingambit|Iron Head|p2a: Scizor\n|-resisted|p2a: Scizor\n|-damage|p2a: Scizor|47\/100\n|\n|-heal|p1a: Kingambit|71\/100|[from] item: Leftovers\n|upkeep\n|turn|7\n|\n|t:|1699940803\n|move|p2a: Scizor|Close Combat|p1a: Kingambit\n|-supereffective|p1a: Kingambit\n|-damage|p1a: Kingambit|0 fnt\n|-unboost|p2a: Scizor|def|1\n|-unboost|p2a: Scizor|spd|1\n|faint|p1a: Kingambit\n|-end|p1a: Kingambit|fallenundefined|[silent]\n|\n|upkeep\n|\n|t:|1699940816\n|switch|p1a: Great Tusk|Great Tusk|100\/100\n|-status|p1a: Great Tusk|psn\n|turn|8\n|\n|t:|1699940823\n|switch|p2a: Salamence|Salamence, M|100\/100\n|move|p1a: Great Tusk|Rapid Spin|p2a: Salamence\n|-damage|p2a: Salamence|75\/100\n|-boost|p1a: Great Tusk|spe|1\n|-sideend|p1: Flufferide|Toxic Spikes|[from] move: Rapid Spin|[of] p1a: Great Tusk\n|\n|-damage|p1a: Great Tusk|88\/100 psn|[from] psn\n|-sideend|p1: Flufferide|move: Aurora Veil\n|upkeep\n|turn|9\n|\n|t:|1699940832\n|move|p2a: Salamence|Dragon Dance|p2a: Salamence\n|-boost|p2a: Salamence|atk|1\n|-boost|p2a: Salamence|spe|1\n|move|p1a: Great Tusk|Knock Off|p2a: Salamence\n|-damage|p2a: Salamence|29\/100\n|-enditem|p2a: Salamence|Lum Berry|[from] move: Knock Off|[of] p1a: Great Tusk\n|\n|-damage|p1a: Great Tusk|76\/100 psn|[from] psn\n|upkeep\n|turn|10\n|\n|t:|1699940867\n|-terastallize|p2a: Salamence|Flying\n|move|p2a: Salamence|Dual Wingbeat|p1a: Great Tusk|[miss]\n|-miss|p2a: Salamence|p1a: Great Tusk\n|move|p1a: Great Tusk|Knock Off|p2a: Salamence\n|-damage|p2a: Salamence|0 fnt\n|faint|p2a: Salamence\n|\n|-damage|p1a: Great Tusk|63\/100 psn|[from] psn\n|upkeep\n|\n|t:|1699940876\n|switch|p2a: Lokix|Lokix, F|100\/100\n|turn|11\n|\n|t:|1699940893\n|move|p2a: Lokix|First Impression|p1a: Great Tusk\n|-resisted|p1a: Great Tusk\n|-damage|p1a: Great Tusk|24\/100 psn\n|move|p1a: Great Tusk|Close Combat|p2a: Lokix\n|-damage|p2a: Lokix|0 fnt\n|-unboost|p1a: Great Tusk|def|1\n|-unboost|p1a: Great Tusk|spd|1\n|faint|p2a: Lokix\n|\n|-damage|p1a: Great Tusk|12\/100 psn|[from] psn\n|upkeep\n|\n|t:|1699940901\n|switch|p2a: Dragapult|Dragapult, F|100\/100\n|turn|12\n|\n|t:|1699940904\n|move|p2a: Dragapult|Dragon Dance|p2a: Dragapult\n|-boost|p2a: Dragapult|atk|1\n|-boost|p2a: Dragapult|spe|1\n|move|p1a: Great Tusk|Knock Off|p2a: Dragapult\n|-supereffective|p2a: Dragapult\n|-damage|p2a: Dragapult|0 fnt\n|-enditem|p2a: Dragapult|Sitrus Berry|[from] move: Knock Off|[of] p1a: Great Tusk\n|faint|p2a: Dragapult\n|\n|-damage|p1a: Great Tusk|0 fnt|[from] psn\n|faint|p1a: Great Tusk\n|-end|p1a: Great Tusk|Protosynthesis|[silent]\n|upkeep\n|\n|t:|1699940921\n|switch|p2a: Scizor|Scizor, F|47\/100\n|switch|p1a: Ogerpon|Ogerpon-Wellspring, F|100\/100\n|turn|13\n|\n|t:|1699940926\n|-terastallize|p1a: Ogerpon|Water\n|detailschange|p1a: Ogerpon|Ogerpon-Wellspring-Tera, F, tera:Water\n|-ability|p1a: Ogerpon|Embody Aspect (Wellspring)|boost\n|-boost|p1a: Ogerpon|spd|1\n|move|p1a: Ogerpon|Ivy Cudgel|p2a: Scizor\n|-damage|p2a: Scizor|0 fnt\n|faint|p2a: Scizor\n|\n|upkeep\n|\n|t:|1699940933\n|switch|p2a: Gholdengo|Gholdengo|100\/100\n|turn|14\n|\n|t:|1699940938\n|move|p1a: Ogerpon|Ivy Cudgel|p2a: Gholdengo\n|-damage|p2a: Gholdengo|22\/100\n|move|p2a: Gholdengo|Make It Rain|p1a: Ogerpon\n|-resisted|p1a: Ogerpon\n|-damage|p1a: Ogerpon|73\/100\n|-unboost|p2a: Gholdengo|spa|1\n|\n|upkeep\n|turn|15\n|-message|ReDemonic forfeited.\n|\n|win|Flufferide\n|raw|Flufferide's rating: 1351 &rarr; <strong>1366<\/strong><br \/>(+15 for winning)\n|raw|ReDemonic's rating: 1259 &rarr; <strong>1240<\/strong><br \/>(-19 for losing)\n|l|\u2606ReDemonic\n","uploadtime":1699940954,"views":10,"p1id":"flufferide","p2id":"redemonic","formatid":"gen9ou","rating":1240,"private":0,"password":""}