{"id":"gen9ou-1988885738","p1":"X3rn345","p2":"pogchimp970314","format":"[Gen 9] OU","log":"|j|\u2606X3rn345\n|j|\u2606pogchimp970314\n|inactive|Battle timer is ON: inactive players will automatically lose when time's up.\n|t:|1699781101\n|gametype|singles\n|player|p1|X3rn345|jasmine|\n|player|p2|pogchimp970314|elesa-masters|\n|teamsize|p1|6\n|teamsize|p2|6\n|gen|9\n|tier|[Gen 9] OU\n|rated|Tournament battle\n|rule|Sleep Clause Mod: Limit one foe put to sleep\n|rule|Species Clause: Limit one of each Pok\u00e9mon\n|rule|OHKO Clause: OHKO moves are banned\n|rule|Evasion Items Clause: Evasion items are banned\n|rule|Evasion Moves Clause: Evasion moves are banned\n|rule|Endless Battle Clause: Forcing endless battles is banned\n|rule|HP Percentage Mod: HP is shown in percentages\n|clearpoke\n|poke|p1|Stonjourner, M|\n|poke|p1|Kingambit, M|\n|poke|p1|Hariyama, M|\n|poke|p1|Tropius, M|\n|poke|p1|Dudunsparce-*, M|\n|poke|p1|Snorlax, F|\n|poke|p2|Stonjourner, M|\n|poke|p2|Kingambit, F|\n|poke|p2|Hariyama, F|\n|poke|p2|Tropius, M|\n|poke|p2|Dudunsparce-*, F|\n|poke|p2|Snorlax, M|\n|teampreview\n|j|*Lady Monita \u2746\n|inactive|pogchimp970314 also wants the timer to be on.\n|c|\u2606X3rn345|glhf\n|c|\u2606pogchimp970314|gl\n|\n|t:|1699781109\n|start\n|switch|p1a: Tropius|Tropius, M|100\/100\n|switch|p2a: Dudunsparce|Dudunsparce, F|100\/100\n|turn|1\n|\n|t:|1699781118\n|switch|p1a: Stonjourner|Stonjourner, M|100\/100\n|move|p2a: Dudunsparce|Agility|p2a: Dudunsparce\n|-boost|p2a: Dudunsparce|spe|2\n|\n|upkeep\n|turn|2\n|\n|t:|1699781121\n|move|p2a: Dudunsparce|Boomburst|p1a: Stonjourner\n|-resisted|p1a: Stonjourner\n|-damage|p1a: Stonjourner|12\/100\n|move|p1a: Stonjourner|Stealth Rock|p2a: Dudunsparce\n|-sidestart|p2: pogchimp970314|move: Stealth Rock\n|\n|upkeep\n|turn|3\n|\n|t:|1699781125\n|switch|p1a: Snorlax|Snorlax, F|100\/100\n|move|p2a: Dudunsparce|Boomburst|p1a: Snorlax\n|-damage|p1a: Snorlax|64\/100\n|\n|upkeep\n|turn|4\n|\n|t:|1699781138\n|move|p2a: Dudunsparce|Boomburst|p1a: Snorlax\n|-damage|p1a: Snorlax|30\/100\n|-enditem|p1a: Snorlax|Figy Berry|[eat]\n|-heal|p1a: Snorlax|63\/100|[from] item: Figy Berry\n|move|p1a: Snorlax|Recycle|p1a: Snorlax\n|-item|p1a: Snorlax|Figy Berry|[from] move: Recycle\n|\n|upkeep\n|turn|5\n|\n|t:|1699781152\n|move|p2a: Dudunsparce|Ice Beam|p1a: Snorlax\n|-damage|p1a: Snorlax|47\/100\n|-enditem|p1a: Snorlax|Figy Berry|[eat]\n|-heal|p1a: Snorlax|80\/100|[from] item: Figy Berry\n|move|p1a: Snorlax|Hammer Arm|p2a: Dudunsparce\n|-supereffective|p2a: Dudunsparce\n|-damage|p2a: Dudunsparce|40\/100\n|-unboost|p1a: Snorlax|spe|1\n|\n|-heal|p2a: Dudunsparce|46\/100|[from] item: Leftovers\n|upkeep\n|turn|6\n|\n|t:|1699781167\n|switch|p2a: Tropius|Tropius, M|100\/100\n|-damage|p2a: Tropius|76\/100|[from] Stealth Rock\n|move|p1a: Snorlax|Recycle|p1a: Snorlax\n|-item|p1a: Snorlax|Figy Berry|[from] move: Recycle\n|\n|upkeep\n|turn|7\n|\n|t:|1699781172\n|switch|p1a: Dudunsparce|Dudunsparce, M|100\/100\n|move|p2a: Tropius|Leech Seed|p1a: Dudunsparce\n|-start|p1a: Dudunsparce|move: Leech Seed\n|\n|-damage|p1a: Dudunsparce|88\/100|[from] Leech Seed|[of] p2a: Tropius\n|-heal|p2a: Tropius|88\/100|[silent]\n|upkeep\n|turn|8\n|j| Bhaviswar 2\n|\n|t:|1699781178\n|move|p1a: Dudunsparce|Toxic|p2a: Tropius\n|-status|p2a: Tropius|tox\n|move|p2a: Tropius|Substitute|p2a: Tropius\n|-start|p2a: Tropius|Substitute\n|-damage|p2a: Tropius|63\/100 tox\n|\n|-heal|p1a: Dudunsparce|94\/100|[from] item: Leftovers\n|-damage|p1a: Dudunsparce|82\/100|[from] Leech Seed|[of] p2a: Tropius\n|-heal|p2a: Tropius|75\/100 tox|[silent]\n|-damage|p2a: Tropius|68\/100 tox|[from] psn\n|upkeep\n|turn|9\n|\n|t:|1699781187\n|move|p1a: Dudunsparce|Ice Spinner|p2a: Tropius\n|-supereffective|p2a: Tropius\n|-end|p2a: Tropius|Substitute\n|move|p2a: Tropius|Air Slash|p1a: Dudunsparce\n|-damage|p1a: Dudunsparce|60\/100\n|\n|-heal|p1a: Dudunsparce|66\/100|[from] item: Leftovers\n|-damage|p1a: Dudunsparce|54\/100|[from] Leech Seed|[of] p2a: Tropius\n|-heal|p2a: Tropius|80\/100 tox|[silent]\n|-damage|p2a: Tropius|68\/100 tox|[from] psn\n|upkeep\n|turn|10\n|\n|t:|1699781196\n|switch|p1a: Kingambit|Kingambit, M|100\/100\n|move|p2a: Tropius|Air Slash|p1a: Kingambit\n|-resisted|p1a: Kingambit\n|-damage|p1a: Kingambit|90\/100\n|\n|-damage|p2a: Tropius|49\/100 tox|[from] psn\n|upkeep\n|-enditem|p2a: Tropius|Sitrus Berry|[eat]\n|-heal|p2a: Tropius|74\/100 tox|[from] item: Sitrus Berry\n|turn|11\n|\n|t:|1699781199\n|move|p2a: Tropius|Leech Seed|p1a: Kingambit\n|-start|p1a: Kingambit|move: Leech Seed\n|move|p1a: Kingambit|Iron Head|p2a: Tropius\n|-damage|p2a: Tropius|9\/100 tox\n|\n|-damage|p1a: Kingambit|78\/100|[from] Leech Seed|[of] p2a: Tropius\n|-heal|p2a: Tropius|22\/100 tox|[silent]\n|-damage|p2a: Tropius|0 fnt|[from] psn\n|faint|p2a: Tropius\n|upkeep\n|\n|t:|1699781204\n|switch|p2a: Hariyama|Hariyama, F|100\/100\n|-damage|p2a: Hariyama|94\/100|[from] Stealth Rock\n|turn|12\n|\n|t:|1699781217\n|-end|p1a: Kingambit|fallenundefined|[silent]\n|switch|p1a: Tropius|Tropius, M|100\/100\n|move|p2a: Hariyama|Drain Punch|p1a: Tropius\n|-resisted|p1a: Tropius\n|-damage|p1a: Tropius|80\/100\n|-heal|p2a: Hariyama|100\/100|[from] drain|[of] p1a: Tropius\n|\n|-status|p2a: Hariyama|brn|[from] item: Flame Orb\n|upkeep\n|turn|13\n|\n|t:|1699781221\n|move|p1a: Tropius|Air Slash|p2a: Hariyama\n|-supereffective|p2a: Hariyama\n|-damage|p2a: Hariyama|26\/100 brn\n|cant|p2a: Hariyama|flinch\n|\n|-damage|p2a: Hariyama|20\/100 brn|[from] brn\n|upkeep\n|turn|14\n|\n|t:|1699781229\n|switch|p2a: Kingambit|Kingambit, F|100\/100\n|-damage|p2a: Kingambit|94\/100|[from] Stealth Rock\n|-activate|p2a: Kingambit|ability: Supreme Overlord\n|-start|p2a: Kingambit|fallen1|[silent]\n|move|p1a: Tropius|Air Slash|p2a: Kingambit\n|-resisted|p2a: Kingambit\n|-damage|p2a: Kingambit|80\/100\n|\n|upkeep\n|turn|15\n|\n|t:|1699781233\n|switch|p1a: Hariyama|Hariyama, M|100\/100\n|move|p2a: Kingambit|Stone Edge|p1a: Hariyama\n|-resisted|p1a: Hariyama\n|-damage|p1a: Hariyama|77\/100\n|\n|-heal|p1a: Hariyama|83\/100|[from] item: Leftovers\n|upkeep\n|turn|16\n|\n|t:|1699781243\n|move|p1a: Hariyama|Drain Punch|p2a: Kingambit\n|-supereffective|p2a: Kingambit\n|-crit|p2a: Kingambit\n|-damage|p2a: Kingambit|0 fnt\n|-heal|p1a: Hariyama|100\/100|[from] drain|[of] p2a: Kingambit\n|faint|p2a: Kingambit\n|-end|p2a: Kingambit|fallen1|[silent]\n|\n|upkeep\n|\n|t:|1699781249\n|switch|p2a: Stonjourner|Stonjourner, M|100\/100\n|-damage|p2a: Stonjourner|88\/100|[from] Stealth Rock\n|turn|17\n|\n|t:|1699781256\n|-terastallize|p2a: Stonjourner|Fighting\n|move|p2a: Stonjourner|Iron Defense|p2a: Stonjourner\n|-boost|p2a: Stonjourner|def|2\n|move|p1a: Hariyama|Drain Punch|p2a: Stonjourner\n|-damage|p2a: Stonjourner|75\/100\n|\n|-heal|p2a: Stonjourner|81\/100|[from] item: Leftovers\n|upkeep\n|turn|18\n|\n|t:|1699781264\n|move|p2a: Stonjourner|Iron Defense|p2a: Stonjourner\n|-boost|p2a: Stonjourner|def|2\n|move|p1a: Hariyama|Knock Off|p2a: Stonjourner\n|-resisted|p2a: Stonjourner\n|-damage|p2a: Stonjourner|77\/100\n|-enditem|p2a: Stonjourner|Leftovers|[from] move: Knock Off|[of] p1a: Hariyama\n|\n|upkeep\n|turn|19\n|inactive|X3rn345 has 120 seconds left.\n|\n|t:|1699781298\n|switch|p1a: Stonjourner|Stonjourner, M|12\/100\n|move|p2a: Stonjourner|Iron Defense|p2a: Stonjourner\n|-boost|p2a: Stonjourner|def|2\n|\n|upkeep\n|turn|20\n|\n|t:|1699781303\n|move|p2a: Stonjourner|Body Press|p1a: Stonjourner\n|-supereffective|p1a: Stonjourner\n|-damage|p1a: Stonjourner|0 fnt\n|faint|p1a: Stonjourner\n|\n|upkeep\n|\n|t:|1699781305\n|switch|p1a: Tropius|Tropius, M|80\/100\n|turn|21\n|\n|t:|1699781309\n|-terastallize|p1a: Tropius|Steel\n|move|p1a: Tropius|Air Slash|p2a: Stonjourner\n|-supereffective|p2a: Stonjourner\n|-damage|p2a: Stonjourner|0 fnt\n|faint|p2a: Stonjourner\n|\n|upkeep\n|j| ParththeTriumphant\n|\n|t:|1699781325\n|switch|p2a: Snorlax|Snorlax, M|100\/100\n|-damage|p2a: Snorlax|88\/100|[from] Stealth Rock\n|turn|22\n|\n|t:|1699781329\n|switch|p1a: Hariyama|Hariyama, M|100\/100\n|move|p2a: Snorlax|Curse|p2a: Snorlax\n|-unboost|p2a: Snorlax|spe|1\n|-boost|p2a: Snorlax|atk|1\n|-boost|p2a: Snorlax|def|1\n|\n|-heal|p2a: Snorlax|94\/100|[from] item: Leftovers\n|upkeep\n|turn|23\n|\n|t:|1699781338\n|move|p1a: Hariyama|Bulk Up|p1a: Hariyama\n|-boost|p1a: Hariyama|atk|1\n|-boost|p1a: Hariyama|def|1\n|move|p2a: Snorlax|Curse|p2a: Snorlax\n|-unboost|p2a: Snorlax|spe|1\n|-boost|p2a: Snorlax|atk|1\n|-boost|p2a: Snorlax|def|1\n|\n|-heal|p2a: Snorlax|99\/100|[from] item: Leftovers\n|upkeep\n|turn|24\n|l| ParththeTriumphant\n|\n|t:|1699781343\n|move|p1a: Hariyama|Bulk Up|p1a: Hariyama\n|-boost|p1a: Hariyama|atk|1\n|-boost|p1a: Hariyama|def|1\n|move|p2a: Snorlax|Body Slam|p1a: Hariyama\n|-damage|p1a: Hariyama|70\/100\n|\n|-heal|p1a: Hariyama|76\/100|[from] item: Leftovers\n|-heal|p2a: Snorlax|100\/100|[from] item: Leftovers\n|upkeep\n|turn|25\n|\n|t:|1699781352\n|move|p1a: Hariyama|Knock Off|p2a: Snorlax\n|-damage|p2a: Snorlax|80\/100\n|-enditem|p2a: Snorlax|Leftovers|[from] move: Knock Off|[of] p1a: Hariyama\n|move|p2a: Snorlax|Body Slam|p1a: Hariyama\n|-damage|p1a: Hariyama|41\/100\n|-status|p1a: Hariyama|par\n|\n|-heal|p1a: Hariyama|47\/100 par|[from] item: Leftovers\n|upkeep\n|turn|26\n|\n|t:|1699781357\n|move|p1a: Hariyama|Drain Punch|p2a: Snorlax\n|-supereffective|p2a: Snorlax\n|-damage|p2a: Snorlax|2\/100\n|-heal|p1a: Hariyama|88\/100 par|[from] drain|[of] p2a: Snorlax\n|move|p2a: Snorlax|Body Slam|p1a: Hariyama\n|-damage|p1a: Hariyama|55\/100 par\n|\n|-heal|p1a: Hariyama|61\/100 par|[from] item: Leftovers\n|upkeep\n|turn|27\n|\n|t:|1699781361\n|cant|p1a: Hariyama|par\n|move|p2a: Snorlax|Body Slam|p1a: Hariyama\n|-damage|p1a: Hariyama|30\/100 par\n|\n|-heal|p1a: Hariyama|36\/100 par|[from] item: Leftovers\n|upkeep\n|turn|28\n|\n|t:|1699781365\n|move|p1a: Hariyama|Drain Punch|p2a: Snorlax\n|-supereffective|p2a: Snorlax\n|-crit|p2a: Snorlax\n|-damage|p2a: Snorlax|0 fnt\n|-heal|p1a: Hariyama|37\/100 par|[from] drain|[of] p2a: Snorlax\n|faint|p2a: Snorlax\n|\n|-heal|p1a: Hariyama|43\/100 par|[from] item: Leftovers\n|upkeep\n|\n|t:|1699781369\n|switch|p2a: Hariyama|Hariyama, F|20\/100 brn\n|-damage|p2a: Hariyama|14\/100 brn|[from] Stealth Rock\n|turn|29\n|\n|t:|1699781371\n|move|p2a: Hariyama|Facade|p1a: Hariyama\n|-damage|p1a: Hariyama|4\/100 par\n|cant|p1a: Hariyama|par\n|\n|-heal|p1a: Hariyama|10\/100 par|[from] item: Leftovers\n|-damage|p2a: Hariyama|8\/100 brn|[from] brn\n|upkeep\n|turn|30\n|\n|t:|1699781375\n|move|p2a: Hariyama|Facade|p1a: Hariyama\n|-damage|p1a: Hariyama|0 fnt\n|faint|p1a: Hariyama\n|\n|-damage|p2a: Hariyama|2\/100 brn|[from] brn\n|upkeep\n|c|\u2606pogchimp970314|gg\n|c|\u2606X3rn345|gg\n|\n|t:|1699781384\n|switch|p1a: Kingambit|Kingambit, M|78\/100\n|-activate|p1a: Kingambit|ability: Supreme Overlord\n|-start|p1a: Kingambit|fallen2|[silent]\n|turn|31\n|\n|t:|1699781387\n|move|p2a: Hariyama|Drain Punch|p1a: Kingambit\n|-supereffective|p1a: Kingambit\n|-crit|p1a: Kingambit\n|-damage|p1a: Kingambit|0 fnt\n|-heal|p2a: Hariyama|38\/100 brn|[from] drain|[of] p1a: Kingambit\n|faint|p1a: Kingambit\n|-end|p1a: Kingambit|fallen2|[silent]\n|\n|-damage|p2a: Hariyama|32\/100 brn|[from] brn\n|upkeep\n|\n|t:|1699781389\n|switch|p1a: Tropius|Tropius, M, tera:Steel|80\/100\n|turn|32\n|c|\u2606X3rn345|oh wait lol\n|\n|t:|1699781393\n|move|p1a: Tropius|Air Slash|p2a: Hariyama\n|-supereffective|p2a: Hariyama\n|-damage|p2a: Hariyama|0 fnt\n|faint|p2a: Hariyama\n|\n|upkeep\n|c|\u2606X3rn345|i'm an idiot\n|\n|t:|1699781396\n|switch|p2a: Dudunsparce|Dudunsparce, F|46\/100\n|-damage|p2a: Dudunsparce|33\/100|[from] Stealth Rock\n|turn|33\n|\n|t:|1699781400\n|move|p1a: Tropius|Air Slash|p2a: Dudunsparce\n|-damage|p2a: Dudunsparce|3\/100\n|move|p2a: Dudunsparce|Agility|p2a: Dudunsparce\n|-boost|p2a: Dudunsparce|spe|2\n|\n|-heal|p2a: Dudunsparce|9\/100|[from] item: Leftovers\n|upkeep\n|turn|34\n|\n|t:|1699781405\n|move|p2a: Dudunsparce|Flamethrower|p1a: Tropius\n|-supereffective|p1a: Tropius\n|-crit|p1a: Tropius\n|-damage|p1a: Tropius|0 fnt\n|faint|p1a: Tropius\n|\n|-heal|p2a: Dudunsparce|16\/100|[from] item: Leftovers\n|upkeep\n|c|\u2606pogchimp970314|wait\n|\n|t:|1699781409\n|switch|p1a: Snorlax|Snorlax, F|80\/100\n|turn|35\n|c|\u2606X3rn345|nah\n|c|\u2606pogchimp970314|ice beam freeze\n|\n|t:|1699781424\n|move|p2a: Dudunsparce|Ice Beam|p1a: Snorlax\n|-damage|p1a: Snorlax|65\/100\n|move|p1a: Snorlax|Hammer Arm|p2a: Dudunsparce\n|-supereffective|p2a: Dudunsparce\n|-damage|p2a: Dudunsparce|0 fnt\n|-unboost|p1a: Snorlax|spe|1\n|faint|p2a: Dudunsparce\n|\n|win|X3rn345\n|n|\u2606X3rn345|x3rn345\n|n|\u2606pogchimp970314|pogchimp970314\n|n|*Lady Monita \u2746|ladymonita\n|n| Bhaviswar 2|bhaviswar2\n","uploadtime":1699781425,"views":19,"p1id":"x3rn345","p2id":"pogchimp970314","formatid":"gen9ou","rating":0,"private":0,"password":""}