{"id":"gen9ou-1990284667","p1":"ZachPlay","p2":"Puchichi333","format":"[Gen 9] OU","log":"|j|\u2606ZachPlay\n|j|\u2606Puchichi333\n|t:|1699950629\n|gametype|singles\n|player|p1|ZachPlay|ginchiyo-conquest|1047\n|player|p2|Puchichi333|101|1060\n|teamsize|p1|6\n|teamsize|p2|6\n|gen|9\n|tier|[Gen 9] OU\n|rated|\n|rule|Sleep Clause Mod: Limit one foe put to sleep\n|rule|Species Clause: Limit one of each Pok\u00e9mon\n|rule|OHKO Clause: OHKO moves are banned\n|rule|Evasion Items Clause: Evasion items are banned\n|rule|Evasion Moves Clause: Evasion moves are banned\n|rule|Endless Battle Clause: Forcing endless battles is banned\n|rule|HP Percentage Mod: HP is shown in percentages\n|clearpoke\n|poke|p1|Staraptor, F|\n|poke|p1|Ting-Lu|\n|poke|p1|Ogerpon, F|\n|poke|p1|Slowking-Galar, M|\n|poke|p1|Mienshao, M|\n|poke|p1|Scizor, M|\n|poke|p2|Iron Leaves|\n|poke|p2|Pincurchin, M|\n|poke|p2|Dondozo, M|\n|poke|p2|Gengar, M|\n|poke|p2|Okidogi, M|\n|poke|p2|Kleavor, M|\n|teampreview\n|\n|t:|1699950636\n|start\n|switch|p1a: Ting-Lu|Ting-Lu|100\/100\n|switch|p2a: Tio pastilla|Gengar, M, shiny|100\/100\n|-ability|p1a: Ting-Lu|Vessel of Ruin\n|turn|1\n|\n|t:|1699950644\n|move|p2a: Tio pastilla|Trick|p1a: Ting-Lu\n|-activate|p2a: Tio pastilla|move: Trick|[of] p1a: Ting-Lu\n|-item|p1a: Ting-Lu|Choice Scarf|[from] move: Trick\n|-item|p2a: Tio pastilla|Leftovers|[from] move: Trick\n|move|p1a: Ting-Lu|Stealth Rock|p2a: Tio pastilla\n|-sidestart|p2: Puchichi333|move: Stealth Rock\n|\n|upkeep\n|turn|2\n|\n|t:|1699950651\n|switch|p1a: Scizor|Scizor, M|100\/100\n|move|p2a: Tio pastilla|Will-O-Wisp|p1a: Scizor\n|-status|p1a: Scizor|brn\n|\n|-damage|p1a: Scizor|94\/100 brn|[from] brn\n|upkeep\n|turn|3\n|\n|t:|1699950662\n|switch|p2a: Bombin|Dondozo, M|100\/100\n|-damage|p2a: Bombin|88\/100|[from] Stealth Rock\n|move|p1a: Scizor|Knock Off|p2a: Bombin\n|-damage|p2a: Bombin|77\/100\n|-enditem|p2a: Bombin|Leftovers|[from] move: Knock Off|[of] p1a: Scizor\n|\n|-heal|p1a: Scizor|100\/100 brn|[from] item: Leftovers\n|-damage|p1a: Scizor|94\/100 brn|[from] brn\n|upkeep\n|turn|4\n|\n|t:|1699950673\n|move|p1a: Scizor|U-turn|p2a: Bombin\n|-damage|p2a: Bombin|66\/100\n|\n|t:|1699950675\n|switch|p1a: Slowking|Slowking-Galar, M|100\/100|[from] U-turn\n|move|p2a: Bombin|Curse|p2a: Bombin\n|-unboost|p2a: Bombin|spe|1\n|-boost|p2a: Bombin|atk|1\n|-boost|p2a: Bombin|def|1\n|\n|upkeep\n|turn|5\n|\n|t:|1699950684\n|move|p1a: Slowking|Psychic|p2a: Bombin\n|-damage|p2a: Bombin|35\/100\n|move|p2a: Bombin|Curse|p2a: Bombin\n|-unboost|p2a: Bombin|spe|1\n|-boost|p2a: Bombin|atk|1\n|-boost|p2a: Bombin|def|1\n|\n|upkeep\n|turn|6\n|\n|t:|1699950693\n|move|p1a: Slowking|Psychic|p2a: Bombin\n|-damage|p2a: Bombin|5\/100\n|move|p2a: Bombin|Rest|p2a: Bombin\n|-status|p2a: Bombin|slp|[from] move: Rest\n|-heal|p2a: Bombin|100\/100 slp|[silent]\n|\n|upkeep\n|turn|7\n|\n|t:|1699950707\n|move|p1a: Slowking|Psychic|p2a: Bombin\n|-damage|p2a: Bombin|70\/100 slp\n|-unboost|p2a: Bombin|spd|1\n|cant|p2a: Bombin|slp\n|move|p2a: Bombin|Sleep Talk|p2a: Bombin\n|move|p2a: Bombin|Liquidation|p1a: Slowking|[from]move: Sleep Talk\n|-damage|p1a: Slowking|36\/100\n|\n|upkeep\n|turn|8\n|\n|t:|1699950717\n|move|p1a: Slowking|Psychic|p2a: Bombin\n|-damage|p2a: Bombin|29\/100 slp\n|cant|p2a: Bombin|slp\n|move|p2a: Bombin|Sleep Talk|p2a: Bombin\n|move|p2a: Bombin|Liquidation|p1a: Slowking|[from]move: Sleep Talk\n|-damage|p1a: Slowking|0 fnt\n|faint|p1a: Slowking\n|\n|upkeep\n|\n|t:|1699950723\n|switch|p1a: Ogerpon|Ogerpon, F|100\/100\n|turn|9\n|\n|t:|1699950732\n|-terastallize|p1a: Ogerpon|Grass\n|detailschange|p1a: Ogerpon|Ogerpon-Teal-Tera, F, tera:Grass\n|-ability|p1a: Ogerpon|Embody Aspect (Teal)|boost\n|-boost|p1a: Ogerpon|spe|1\n|-terastallize|p2a: Bombin|Grass\n|move|p1a: Ogerpon|Ivy Cudgel|p2a: Bombin\n|-resisted|p2a: Bombin\n|-damage|p2a: Bombin|15\/100 slp\n|-curestatus|p2a: Bombin|slp|[msg]\n|move|p2a: Bombin|Sleep Talk||[still]\n|-fail|p2a: Bombin\n|\n|upkeep\n|turn|10\n|\n|t:|1699950744\n|move|p1a: Ogerpon|Ivy Cudgel|p2a: Bombin\n|-resisted|p2a: Bombin\n|-damage|p2a: Bombin|0 fnt\n|faint|p2a: Bombin\n|\n|upkeep\n|\n|t:|1699950750\n|switch|p2a: Cog\u00edn|Pincurchin, M|100\/100\n|-damage|p2a: Cog\u00edn|88\/100|[from] Stealth Rock\n|-fieldstart|move: Electric Terrain|[from] ability: Electric Surge|[of] p2a: Cog\u00edn\n|turn|11\n|\n|t:|1699950757\n|move|p1a: Ogerpon|Ivy Cudgel|p2a: Cog\u00edn\n|-damage|p2a: Cog\u00edn|0 fnt\n|faint|p2a: Cog\u00edn\n|\n|upkeep\n|\n|t:|1699950764\n|switch|p2a: Tio pastilla|Gengar, M, shiny|100\/100\n|-damage|p2a: Tio pastilla|88\/100|[from] Stealth Rock\n|turn|12\n|\n|t:|1699950769\n|switch|p1a: Scizor|Scizor, M|94\/100 brn\n|move|p2a: Tio pastilla|Will-O-Wisp|p1a: Scizor|[miss]\n|-miss|p2a: Tio pastilla|p1a: Scizor\n|\n|-heal|p2a: Tio pastilla|94\/100|[from] item: Leftovers\n|-heal|p1a: Scizor|100\/100 brn|[from] item: Leftovers\n|-damage|p1a: Scizor|94\/100 brn|[from] brn\n|upkeep\n|turn|13\n|\n|t:|1699950781\n|switch|p2a: Papa oso|Okidogi, M|100\/100\n|-damage|p2a: Papa oso|94\/100|[from] Stealth Rock\n|move|p1a: Scizor|Knock Off|p2a: Papa oso\n|-resisted|p2a: Papa oso\n|-damage|p2a: Papa oso|87\/100\n|-enditem|p2a: Papa oso|Assault Vest|[from] move: Knock Off|[of] p1a: Scizor\n|\n|-heal|p1a: Scizor|100\/100 brn|[from] item: Leftovers\n|-damage|p1a: Scizor|94\/100 brn|[from] brn\n|upkeep\n|turn|14\n|\n|t:|1699950794\n|move|p2a: Papa oso|Knock Off|p1a: Scizor\n|-damage|p1a: Scizor|65\/100 brn\n|-enditem|p1a: Scizor|Leftovers|[from] move: Knock Off|[of] p2a: Papa oso\n|move|p1a: Scizor|U-turn|p2a: Papa oso\n|-resisted|p2a: Papa oso\n|-damage|p2a: Papa oso|83\/100\n|\n|t:|1699950802\n|switch|p1a: Staraptor|Staraptor, F|100\/100|[from] U-turn\n|\n|upkeep\n|turn|15\n|\n|t:|1699950808\n|move|p1a: Staraptor|Brave Bird|p2a: Papa oso\n|-supereffective|p2a: Papa oso\n|-damage|p2a: Papa oso|0 fnt\n|faint|p2a: Papa oso\n|-damage|p1a: Staraptor|67\/100|[from] Recoil\n|\n|-fieldend|move: Electric Terrain\n|upkeep\n|\n|t:|1699950816\n|switch|p2a: Nicki lauda|Iron Leaves|100\/100\n|-damage|p2a: Nicki lauda|88\/100|[from] Stealth Rock\n|turn|16\n|\n|t:|1699950823\n|move|p1a: Staraptor|Brave Bird|p2a: Nicki lauda\n|-supereffective|p2a: Nicki lauda\n|-damage|p2a: Nicki lauda|0 fnt\n|faint|p2a: Nicki lauda\n|-end|p2a: Nicki lauda|Quark Drive|[silent]\n|-damage|p1a: Staraptor|37\/100|[from] Recoil\n|\n|upkeep\n|l|\u2606Puchichi333\n|player|p2|\n|inactive|Battle timer is ON: inactive players will automatically lose when time's up. (requested by ZachPlay)\n|inactive|Puchichi333 has 30 seconds to reconnect!\n|inactive|Puchichi333 has 20 seconds to reconnect!\n|inactive|Puchichi333 has 15 seconds to reconnect!\n|inactive|Puchichi333 has 10 seconds to reconnect!\n|inactive|Puchichi333 has 5 seconds to reconnect!\n|-message|Puchichi333 lost due to inactivity.\n|\n|win|ZachPlay\n|raw|ZachPlay's rating: 1047 &rarr; <strong>1081<\/strong><br \/>(+34 for winning)\n|raw|Puchichi333's rating: 1060 &rarr; <strong>1040<\/strong><br \/>(-20 for losing)\n","uploadtime":1699950940,"views":14,"p1id":"zachplay","p2id":"puchichi333","formatid":"gen9ou","rating":1040,"private":0,"password":""}