{"id":"gen9ou-1997812470","p1":"ThisRookie","p2":"kookies&kilik","format":"[Gen 9] OU","log":"|j|\u2606ThisRookie\n|j|\u2606kookies&kilik\n|t:|1700855372\n|gametype|singles\n|player|p1|ThisRookie|102|1207\n|player|p2|kookies&kilik|iris-gen5bw2|1147\n|teamsize|p1|6\n|teamsize|p2|6\n|gen|9\n|tier|[Gen 9] OU\n|rated|\n|rule|Sleep Clause Mod: Limit one foe put to sleep\n|rule|Species Clause: Limit one of each Pok\u00e9mon\n|rule|OHKO Clause: OHKO moves are banned\n|rule|Evasion Items Clause: Evasion items are banned\n|rule|Evasion Moves Clause: Evasion moves are banned\n|rule|Endless Battle Clause: Forcing endless battles is banned\n|rule|HP Percentage Mod: HP is shown in percentages\n|clearpoke\n|poke|p1|Maushold-Four|\n|poke|p1|Tinkaton, F|\n|poke|p1|Ceruledge, M|\n|poke|p1|Clodsire, F|\n|poke|p1|Torterra, M|\n|poke|p1|Kingambit, F|\n|poke|p2|Krookodile, M|\n|poke|p2|Tinkaton, F|\n|poke|p2|Rotom-Wash|\n|poke|p2|Arcanine-Hisui, F|\n|poke|p2|Frosmoth, M|\n|poke|p2|Lurantis, M|\n|teampreview\n|inactive|Battle timer is ON: inactive players will automatically lose when time's up. (requested by kookies&kilik)\n|\n|t:|1700855383\n|start\n|switch|p1a: Maushold|Maushold-Four|100\/100\n|switch|p2a: Rotom|Rotom-Wash|100\/100\n|turn|1\n|\n|t:|1700855390\n|move|p2a: Rotom|Thunder Wave|p1a: Maushold\n|-status|p1a: Maushold|par\n|move|p1a: Maushold|Tidy Up|p1a: Maushold\n|-boost|p1a: Maushold|atk|1\n|-boost|p1a: Maushold|spe|1\n|\n|upkeep\n|turn|2\n|\n|t:|1700855412\n|switch|p2a: Tinkaton|Tinkaton, F|100\/100\n|move|p1a: Maushold|Taunt|p2a: Tinkaton\n|-start|p2a: Tinkaton|move: Taunt\n|\n|upkeep\n|turn|3\n|\n|t:|1700855422\n|switch|p1a: Pekay fire|Ceruledge, M|100\/100\n|move|p2a: Tinkaton|Fake Out|p1a: Pekay fire\n|-immune|p1a: Pekay fire\n|\n|upkeep\n|turn|4\n|\n|t:|1700855432\n|switch|p2a: Krookodile|Krookodile, M|100\/100\n|-ability|p2a: Krookodile|Intimidate|boost\n|-unboost|p1a: Pekay fire|atk|1\n|move|p1a: Pekay fire|Swords Dance|p1a: Pekay fire\n|-boost|p1a: Pekay fire|atk|2\n|\n|upkeep\n|turn|5\n|\n|t:|1700855443\n|switch|p1a: Big turtle|Torterra, M|100\/100\n|move|p2a: Krookodile|Knock Off|p1a: Big turtle\n|-damage|p1a: Big turtle|48\/100\n|-enditem|p1a: Big turtle|White Herb|[from] move: Knock Off|[of] p2a: Krookodile\n|\n|upkeep\n|turn|6\n|\n|t:|1700855452\n|switch|p2a: Lurantis|Lurantis, M|100\/100\n|move|p1a: Big turtle|Leaf Storm|p2a: Lurantis\n|-resisted|p2a: Lurantis\n|-damage|p2a: Lurantis|87\/100\n|-unboost|p1a: Big turtle|spa|2\n|\n|upkeep\n|turn|7\n|\n|t:|1700855461\n|move|p1a: Big turtle|Shell Smash|p1a: Big turtle\n|-unboost|p1a: Big turtle|def|1\n|-unboost|p1a: Big turtle|spd|1\n|-boost|p1a: Big turtle|atk|2\n|-boost|p1a: Big turtle|spa|2\n|-boost|p1a: Big turtle|spe|2\n|move|p2a: Lurantis|Superpower|p1a: Big turtle\n|-damage|p1a: Big turtle|0 fnt\n|-boost|p2a: Lurantis|atk|1\n|-boost|p2a: Lurantis|def|1\n|faint|p1a: Big turtle\n|\n|upkeep\n|\n|t:|1700855486\n|switch|p1a: Maushold|Maushold-Four|100\/100 par\n|turn|8\n|\n|t:|1700855490\n|move|p1a: Maushold|Tidy Up|p1a: Maushold\n|-boost|p1a: Maushold|atk|1\n|-boost|p1a: Maushold|spe|1\n|move|p2a: Lurantis|Superpower|p1a: Maushold\n|-supereffective|p1a: Maushold\n|-damage|p1a: Maushold|0 fnt\n|-boost|p2a: Lurantis|atk|1\n|-boost|p2a: Lurantis|def|1\n|faint|p1a: Maushold\n|\n|upkeep\n|\n|t:|1700855502\n|switch|p1a: Pekay fire|Ceruledge, M|100\/100\n|turn|9\n|\n|t:|1700855509\n|move|p1a: Pekay fire|Bitter Blade|p2a: Lurantis\n|-supereffective|p2a: Lurantis\n|-damage|p2a: Lurantis|28\/100\n|move|p2a: Lurantis|Poison Jab|p1a: Pekay fire\n|-resisted|p1a: Pekay fire\n|-damage|p1a: Pekay fire|62\/100\n|\n|upkeep\n|turn|10\n|\n|t:|1700855521\n|switch|p2a: Krookodile|Krookodile, M|100\/100\n|-ability|p2a: Krookodile|Intimidate|boost\n|-unboost|p1a: Pekay fire|atk|1\n|move|p1a: Pekay fire|Bitter Blade|p2a: Krookodile\n|-damage|p2a: Krookodile|52\/100\n|-heal|p1a: Pekay fire|90\/100|[from] drain|[of] p2a: Krookodile\n|\n|upkeep\n|turn|11\n|\n|t:|1700855532\n|move|p2a: Krookodile|Earthquake|p1a: Pekay fire\n|-supereffective|p1a: Pekay fire\n|-damage|p1a: Pekay fire|0 fnt\n|faint|p1a: Pekay fire\n|\n|upkeep\n|\n|t:|1700855537\n|switch|p1a: Clodsire|Clodsire, F|100\/100\n|turn|12\n|\n|t:|1700855543\n|move|p2a: Krookodile|Earthquake|p1a: Clodsire\n|-supereffective|p1a: Clodsire\n|-damage|p1a: Clodsire|0 fnt\n|faint|p1a: Clodsire\n|\n|upkeep\n|\n|t:|1700855550\n|switch|p1a: Big bonk|Tinkaton, F|100\/100\n|-ability|p1a: Big bonk|Mold Breaker\n|turn|13\n|\n|t:|1700855557\n|move|p2a: Krookodile|Earthquake|p1a: Big bonk\n|-supereffective|p1a: Big bonk\n|-crit|p1a: Big bonk\n|-damage|p1a: Big bonk|0 fnt\n|faint|p1a: Big bonk\n|\n|upkeep\n|\n|t:|1700855562\n|switch|p1a: Clutch|Kingambit, F|100\/100\n|-activate|p1a: Clutch|ability: Supreme Overlord\n|-start|p1a: Clutch|fallen5|[silent]\n|turn|14\n|\n|t:|1700855569\n|switch|p2a: Rotom|Rotom-Wash|100\/100\n|move|p1a: Clutch|Low Kick|p2a: Rotom\n|-damage|p2a: Rotom|84\/100\n|\n|upkeep\n|turn|15\n|\n|t:|1700855585\n|move|p2a: Rotom|Thunder Wave|p1a: Clutch\n|-status|p1a: Clutch|par\n|move|p1a: Clutch|Kowtow Cleave|p2a: Rotom\n|-damage|p2a: Rotom|0 fnt\n|faint|p2a: Rotom\n|\n|upkeep\n|\n|t:|1700855593\n|switch|p2a: Krookodile|Krookodile, M|52\/100\n|-ability|p2a: Krookodile|Intimidate|boost\n|-unboost|p1a: Clutch|atk|1\n|turn|16\n|\n|t:|1700855606\n|switch|p2a: Lurantis|Lurantis, M|28\/100\n|move|p1a: Clutch|Swords Dance|p1a: Clutch\n|-boost|p1a: Clutch|atk|2\n|\n|upkeep\n|turn|17\n|\n|t:|1700855614\n|move|p2a: Lurantis|Superpower|p1a: Clutch\n|-supereffective|p1a: Clutch\n|-damage|p1a: Clutch|0 fnt\n|-boost|p2a: Lurantis|atk|1\n|-boost|p2a: Lurantis|def|1\n|faint|p1a: Clutch\n|-end|p1a: Clutch|fallen5|[silent]\n|\n|win|kookies&kilik\n|raw|ThisRookie's rating: 1207 &rarr; <strong>1178<\/strong><br \/>(-29 for losing)\n|raw|kookies&amp;kilik's rating: 1147 &rarr; <strong>1176<\/strong><br \/>(+29 for winning)\n","uploadtime":1700855623,"views":2,"p1id":"thisrookie","p2id":"kookieskilik","formatid":"gen9ou","rating":1176,"private":0,"password":""}