{"id":"gen9ou-2000503717","p1":"Yogogo123456","p2":"MAG10","format":"[Gen 9] OU","log":"|j|\u2606Yogogo123456\n|j|\u2606MAG10\n|t:|1701200307\n|gametype|singles\n|player|p1|Yogogo123456|1|1222\n|player|p2|MAG10|2|1226\n|teamsize|p1|6\n|teamsize|p2|6\n|gen|9\n|tier|[Gen 9] OU\n|rated|\n|rule|Sleep Clause Mod: Limit one foe put to sleep\n|rule|Species Clause: Limit one of each Pok\u00e9mon\n|rule|OHKO Clause: OHKO moves are banned\n|rule|Evasion Items Clause: Evasion items are banned\n|rule|Evasion Moves Clause: Evasion moves are banned\n|rule|Endless Battle Clause: Forcing endless battles is banned\n|rule|HP Percentage Mod: HP is shown in percentages\n|clearpoke\n|poke|p1|Tinkaton, F|\n|poke|p1|Skeledirge, F|\n|poke|p1|Corviknight, M|\n|poke|p1|Slowking-Galar, M|\n|poke|p1|Alomomola, F|\n|poke|p1|Ting-Lu|\n|poke|p2|Maushold|\n|poke|p2|Samurott-Hisui, M|\n|poke|p2|Kingambit, F|\n|poke|p2|Garganacl, M|\n|poke|p2|Amoonguss, M|\n|poke|p2|Weavile, F|\n|teampreview\n|\n|t:|1701200324\n|start\n|switch|p1a: Ting-Lu|Ting-Lu|100\/100\n|switch|p2a: Amoonguss|Amoonguss, M, shiny|100\/100\n|-ability|p1a: Ting-Lu|Vessel of Ruin\n|turn|1\n|inactive|Battle timer is ON: inactive players will automatically lose when time's up. (requested by MAG10)\n|\n|t:|1701200333\n|switch|p2a: Maushold|Maushold|100\/100\n|move|p1a: Ting-Lu|Earthquake|p2a: Maushold\n|-damage|p2a: Maushold|0 fnt\n|faint|p2a: Maushold\n|\n|upkeep\n|\n|t:|1701200341\n|switch|p2a: Samurott|Samurott-Hisui, M, shiny|100\/100\n|turn|2\n|\n|t:|1701200344\n|move|p2a: Samurott|Aqua Cutter|p1a: Ting-Lu\n|-supereffective|p1a: Ting-Lu\n|-damage|p1a: Ting-Lu|31\/100\n|move|p1a: Ting-Lu|Earthquake|p2a: Samurott\n|-damage|p2a: Samurott|16\/100\n|\n|upkeep\n|turn|3\n|\n|t:|1701200350\n|switch|p1a: Alomomola|Alomomola, F|100\/100\n|move|p2a: Samurott|Ceaseless Edge|p1a: Alomomola|[miss]\n|-miss|p2a: Samurott|p1a: Alomomola\n|\n|upkeep\n|turn|4\n|\n|t:|1701200356\n|move|p2a: Samurott|Ceaseless Edge|p1a: Alomomola\n|-damage|p1a: Alomomola|73\/100\n|-damage|p2a: Samurott|0 fnt|[from] item: Rocky Helmet|[of] p1a: Alomomola\n|faint|p2a: Samurott\n|move|p1a: Alomomola|Wish|p1a: Alomomola\n|\n|upkeep\n|\n|t:|1701200365\n|switch|p2a: Amoonguss|Amoonguss, M, shiny|100\/100\n|turn|5\n|\n|t:|1701200370\n|move|p1a: Alomomola|Flip Turn|p2a: Amoonguss\n|-resisted|p2a: Amoonguss\n|-damage|p2a: Amoonguss|95\/100\n|-enditem|p2a: Amoonguss|Red Card|[of] p1a: Alomomola\n|drag|p1a: Ting-Lu|Ting-Lu|31\/100\n|-ability|p1a: Ting-Lu|Vessel of Ruin\n|move|p2a: Amoonguss|Grass Knot|p1a: Ting-Lu\n|-supereffective|p1a: Ting-Lu\n|-damage|p1a: Ting-Lu|0 fnt\n|faint|p1a: Ting-Lu\n|\n|upkeep\n|\n|t:|1701200395\n|switch|p1a: Corviknight|Corviknight, M|100\/100\n|-ability|p1a: Corviknight|Pressure\n|turn|6\n|\n|t:|1701200411\n|switch|p2a: Garganacl|Garganacl, M|100\/100\n|move|p1a: Corviknight|U-turn|p2a: Garganacl\n|-damage|p2a: Garganacl|90\/100\n|\n|t:|1701200417\n|switch|p1a: Tinkaton|Tinkaton, F|100\/100|[from] U-turn\n|-ability|p1a: Tinkaton|Mold Breaker\n|\n|-heal|p2a: Garganacl|96\/100|[from] item: Leftovers\n|upkeep\n|turn|7\n|\n|t:|1701200430\n|move|p1a: Tinkaton|Gigaton Hammer|p2a: Garganacl\n|-supereffective|p2a: Garganacl\n|-damage|p2a: Garganacl|38\/100\n|move|p2a: Garganacl|Iron Defense|p2a: Garganacl\n|-boost|p2a: Garganacl|def|2\n|\n|-heal|p2a: Garganacl|44\/100|[from] item: Leftovers\n|upkeep\n|turn|8\n|\n|t:|1701200437\n|move|p1a: Tinkaton|Encore|p2a: Garganacl\n|-start|p2a: Garganacl|Encore\n|move|p2a: Garganacl|Iron Defense|p2a: Garganacl\n|-boost|p2a: Garganacl|def|2\n|\n|-heal|p2a: Garganacl|50\/100|[from] item: Leftovers\n|upkeep\n|turn|9\n|\n|t:|1701200447\n|move|p1a: Tinkaton|Gigaton Hammer|p2a: Garganacl\n|-supereffective|p2a: Garganacl\n|-damage|p2a: Garganacl|30\/100\n|move|p2a: Garganacl|Iron Defense|p2a: Garganacl\n|-boost|p2a: Garganacl|def|2\n|\n|-heal|p2a: Garganacl|36\/100|[from] item: Leftovers\n|upkeep\n|turn|10\n|\n|t:|1701200452\n|move|p1a: Tinkaton|Stealth Rock|p2a: Garganacl\n|-sidestart|p2: MAG10|move: Stealth Rock\n|move|p2a: Garganacl|Iron Defense|p2a: Garganacl\n|-boost|p2a: Garganacl|def|0\n|\n|-heal|p2a: Garganacl|42\/100|[from] item: Leftovers\n|-end|p2a: Garganacl|Encore\n|upkeep\n|turn|11\n|\n|t:|1701200456\n|move|p1a: Tinkaton|Encore|p2a: Garganacl\n|-start|p2a: Garganacl|Encore\n|move|p2a: Garganacl|Iron Defense|p2a: Garganacl\n|-boost|p2a: Garganacl|def|0\n|\n|-heal|p2a: Garganacl|48\/100|[from] item: Leftovers\n|upkeep\n|turn|12\n|\n|t:|1701200460\n|move|p1a: Tinkaton|Gigaton Hammer|p2a: Garganacl\n|-supereffective|p2a: Garganacl\n|-damage|p2a: Garganacl|33\/100\n|move|p2a: Garganacl|Iron Defense|p2a: Garganacl\n|-boost|p2a: Garganacl|def|0\n|\n|-heal|p2a: Garganacl|40\/100|[from] item: Leftovers\n|upkeep\n|turn|13\n|\n|t:|1701200464\n|move|p1a: Tinkaton|Stealth Rock||[still]\n|-fail|p1a: Tinkaton\n|move|p2a: Garganacl|Iron Defense|p2a: Garganacl\n|-boost|p2a: Garganacl|def|0\n|\n|-heal|p2a: Garganacl|46\/100|[from] item: Leftovers\n|-end|p2a: Garganacl|Encore\n|upkeep\n|turn|14\n|\n|t:|1701200482\n|move|p1a: Tinkaton|Encore|p2a: Garganacl\n|-start|p2a: Garganacl|Encore\n|move|p2a: Garganacl|Iron Defense|p2a: Garganacl\n|-boost|p2a: Garganacl|def|0\n|\n|-heal|p2a: Garganacl|52\/100|[from] item: Leftovers\n|upkeep\n|turn|15\n|\n|t:|1701200487\n|switch|p1a: Skeledirge|Skeledirge, F|100\/100\n|move|p2a: Garganacl|Iron Defense|p2a: Garganacl\n|-boost|p2a: Garganacl|def|0\n|\n|-heal|p2a: Garganacl|58\/100|[from] item: Leftovers\n|upkeep\n|turn|16\n|\n|t:|1701200490\n|move|p1a: Skeledirge|Earth Power|p2a: Garganacl\n|-supereffective|p2a: Garganacl\n|-damage|p2a: Garganacl|22\/100\n|move|p2a: Garganacl|Iron Defense|p2a: Garganacl\n|-boost|p2a: Garganacl|def|0\n|\n|-heal|p2a: Garganacl|28\/100|[from] item: Leftovers\n|-end|p2a: Garganacl|Encore\n|upkeep\n|turn|17\n|\n|t:|1701200496\n|-terastallize|p2a: Garganacl|Fairy\n|move|p1a: Skeledirge|Earth Power|p2a: Garganacl\n|-damage|p2a: Garganacl|11\/100\n|move|p2a: Garganacl|Recover|p2a: Garganacl\n|-heal|p2a: Garganacl|61\/100\n|\n|-heal|p2a: Garganacl|67\/100|[from] item: Leftovers\n|upkeep\n|turn|18\n|\n|t:|1701200507\n|switch|p1a: Slowking|Slowking-Galar, M|100\/100\n|move|p2a: Garganacl|Salt Cure|p1a: Slowking\n|-damage|p1a: Slowking|86\/100\n|-start|p1a: Slowking|Salt Cure\n|\n|-heal|p2a: Garganacl|73\/100|[from] item: Leftovers\n|-damage|p1a: Slowking|73\/100|[from] Salt Cure\n|upkeep\n|turn|19\n|\n|t:|1701200519\n|move|p2a: Garganacl|Body Press|p1a: Slowking\n|-resisted|p1a: Slowking\n|-damage|p1a: Slowking|50\/100\n|move|p1a: Slowking|Chilly Reception|p1a: Slowking\n|-weather|Snow\n|\n|t:|1701200525\n|switch|p1a: Alomomola|Alomomola, F|100\/100|[from] Chilly Reception\n|\n|-weather|Snow|[upkeep]\n|-heal|p2a: Garganacl|79\/100|[from] item: Leftovers\n|upkeep\n|turn|20\n|\n|t:|1701200528\n|move|p1a: Alomomola|Protect|p1a: Alomomola\n|-singleturn|p1a: Alomomola|Protect\n|move|p2a: Garganacl|Salt Cure|p1a: Alomomola\n|-activate|p1a: Alomomola|move: Protect\n|\n|-weather|Snow|[upkeep]\n|-heal|p2a: Garganacl|86\/100|[from] item: Leftovers\n|upkeep\n|turn|21\n|\n|t:|1701200536\n|move|p1a: Alomomola|Wish|p1a: Alomomola\n|move|p2a: Garganacl|Salt Cure|p1a: Alomomola\n|-damage|p1a: Alomomola|94\/100\n|-start|p1a: Alomomola|Salt Cure\n|\n|-weather|Snow|[upkeep]\n|-heal|p2a: Garganacl|92\/100|[from] item: Leftovers\n|-damage|p1a: Alomomola|69\/100|[from] Salt Cure\n|upkeep\n|turn|22\n|\n|t:|1701200540\n|move|p1a: Alomomola|Flip Turn|p2a: Garganacl\n|-damage|p2a: Garganacl|89\/100\n|\n|t:|1701200545\n|switch|p1a: Slowking|Slowking-Galar, M|83\/100|[from] Flip Turn\n|move|p2a: Garganacl|Body Press|p1a: Slowking\n|-resisted|p1a: Slowking\n|-damage|p1a: Slowking|58\/100\n|\n|-weather|Snow|[upkeep]\n|-heal|p1a: Slowking|100\/100|[from] move: Wish|[wisher] Alomomola\n|-heal|p2a: Garganacl|95\/100|[from] item: Leftovers\n|upkeep\n|turn|23\n|\n|t:|1701200550\n|move|p2a: Garganacl|Salt Cure|p1a: Slowking\n|-damage|p1a: Slowking|86\/100\n|-start|p1a: Slowking|Salt Cure\n|move|p1a: Slowking|Sludge Bomb|p2a: Garganacl\n|-supereffective|p2a: Garganacl\n|-damage|p2a: Garganacl|47\/100\n|\n|-weather|none\n|-heal|p2a: Garganacl|53\/100|[from] item: Leftovers\n|-damage|p1a: Slowking|73\/100|[from] Salt Cure\n|upkeep\n|turn|24\n|\n|t:|1701200556\n|move|p2a: Garganacl|Recover|p2a: Garganacl\n|-heal|p2a: Garganacl|100\/100\n|move|p1a: Slowking|Sludge Bomb|p2a: Garganacl\n|-supereffective|p2a: Garganacl\n|-damage|p2a: Garganacl|54\/100\n|\n|-heal|p2a: Garganacl|61\/100|[from] item: Leftovers\n|-damage|p1a: Slowking|61\/100|[from] Salt Cure\n|upkeep\n|turn|25\n|\n|t:|1701200566\n|move|p2a: Garganacl|Body Press|p1a: Slowking\n|-resisted|p1a: Slowking\n|-damage|p1a: Slowking|37\/100\n|move|p1a: Slowking|Sludge Bomb|p2a: Garganacl\n|-supereffective|p2a: Garganacl\n|-damage|p2a: Garganacl|13\/100\n|\n|-heal|p2a: Garganacl|19\/100|[from] item: Leftovers\n|-damage|p1a: Slowking|24\/100|[from] Salt Cure\n|upkeep\n|turn|26\n|\n|t:|1701200572\n|move|p2a: Garganacl|Recover|p2a: Garganacl\n|-heal|p2a: Garganacl|69\/100\n|move|p1a: Slowking|Sludge Bomb|p2a: Garganacl\n|-supereffective|p2a: Garganacl\n|-damage|p2a: Garganacl|23\/100\n|\n|-heal|p2a: Garganacl|29\/100|[from] item: Leftovers\n|-damage|p1a: Slowking|12\/100|[from] Salt Cure\n|upkeep\n|turn|27\n|\n|t:|1701200577\n|switch|p1a: Skeledirge|Skeledirge, F|100\/100\n|move|p2a: Garganacl|Recover|p2a: Garganacl\n|-heal|p2a: Garganacl|79\/100\n|\n|-heal|p2a: Garganacl|86\/100|[from] item: Leftovers\n|upkeep\n|turn|28\n|\n|t:|1701200592\n|switch|p1a: Alomomola|Alomomola, F|100\/100\n|move|p2a: Garganacl|Salt Cure|p1a: Alomomola\n|-damage|p1a: Alomomola|93\/100\n|-start|p1a: Alomomola|Salt Cure\n|\n|-heal|p2a: Garganacl|92\/100|[from] item: Leftovers\n|-damage|p1a: Alomomola|68\/100|[from] Salt Cure\n|upkeep\n|turn|29\n|\n|t:|1701200603\n|move|p1a: Alomomola|Flip Turn|p2a: Garganacl\n|-damage|p2a: Garganacl|89\/100\n|\n|t:|1701200605\n|switch|p1a: Slowking|Slowking-Galar, M|45\/100|[from] Flip Turn\n|move|p2a: Garganacl|Iron Defense|p2a: Garganacl\n|-boost|p2a: Garganacl|def|0\n|\n|-heal|p2a: Garganacl|96\/100|[from] item: Leftovers\n|upkeep\n|turn|30\n|\n|t:|1701200610\n|move|p2a: Garganacl|Salt Cure|p1a: Slowking\n|-damage|p1a: Slowking|31\/100\n|-start|p1a: Slowking|Salt Cure\n|move|p1a: Slowking|Slack Off|p1a: Slowking\n|-heal|p1a: Slowking|81\/100\n|\n|-heal|p2a: Garganacl|100\/100|[from] item: Leftovers\n|-damage|p1a: Slowking|69\/100|[from] Salt Cure\n|upkeep\n|turn|31\n|\n|t:|1701200621\n|move|p2a: Garganacl|Body Press|p1a: Slowking\n|-resisted|p1a: Slowking\n|-damage|p1a: Slowking|45\/100\n|move|p1a: Slowking|Chilly Reception|p1a: Slowking\n|-weather|Snow\n|\n|t:|1701200624\n|switch|p1a: Alomomola|Alomomola, F|100\/100|[from] Chilly Reception\n|\n|-weather|Snow|[upkeep]\n|upkeep\n|turn|32\n|\n|t:|1701200630\n|move|p1a: Alomomola|Protect|p1a: Alomomola\n|-singleturn|p1a: Alomomola|Protect\n|move|p2a: Garganacl|Salt Cure|p1a: Alomomola\n|-activate|p1a: Alomomola|move: Protect\n|\n|-weather|Snow|[upkeep]\n|upkeep\n|turn|33\n|\n|t:|1701200636\n|move|p1a: Alomomola|Wish|p1a: Alomomola\n|move|p2a: Garganacl|Salt Cure|p1a: Alomomola\n|-damage|p1a: Alomomola|93\/100\n|-start|p1a: Alomomola|Salt Cure\n|\n|-weather|Snow|[upkeep]\n|-damage|p1a: Alomomola|68\/100|[from] Salt Cure\n|upkeep\n|turn|34\n|\n|t:|1701200639\n|move|p1a: Alomomola|Flip Turn|p2a: Garganacl\n|-damage|p2a: Garganacl|98\/100\n|\n|t:|1701200642\n|switch|p1a: Slowking|Slowking-Galar, M|79\/100|[from] Flip Turn\n|move|p2a: Garganacl|Salt Cure|p1a: Slowking\n|-damage|p1a: Slowking|64\/100\n|-start|p1a: Slowking|Salt Cure\n|\n|-weather|Snow|[upkeep]\n|-heal|p1a: Slowking|100\/100|[from] move: Wish|[wisher] Alomomola\n|-heal|p2a: Garganacl|100\/100|[from] item: Leftovers\n|-damage|p1a: Slowking|88\/100|[from] Salt Cure\n|upkeep\n|turn|35\n|\n|t:|1701200665\n|move|p2a: Garganacl|Body Press|p1a: Slowking\n|-resisted|p1a: Slowking\n|-damage|p1a: Slowking|66\/100\n|move|p1a: Slowking|Sludge Bomb|p2a: Garganacl\n|-supereffective|p2a: Garganacl\n|-damage|p2a: Garganacl|57\/100\n|\n|-weather|none\n|-heal|p2a: Garganacl|64\/100|[from] item: Leftovers\n|-damage|p1a: Slowking|54\/100|[from] Salt Cure\n|upkeep\n|turn|36\n|\n|t:|1701200672\n|move|p2a: Garganacl|Salt Cure|p1a: Slowking\n|-damage|p1a: Slowking|41\/100\n|move|p1a: Slowking|Sludge Bomb|p2a: Garganacl\n|-supereffective|p2a: Garganacl\n|-damage|p2a: Garganacl|19\/100\n|\n|-heal|p2a: Garganacl|25\/100|[from] item: Leftovers\n|-damage|p1a: Slowking|28\/100|[from] Salt Cure\n|upkeep\n|turn|37\n|\n|t:|1701200677\n|switch|p1a: Corviknight|Corviknight, M|100\/100\n|-ability|p1a: Corviknight|Pressure\n|move|p2a: Garganacl|Recover|p2a: Garganacl\n|-heal|p2a: Garganacl|75\/100\n|\n|-heal|p2a: Garganacl|81\/100|[from] item: Leftovers\n|upkeep\n|turn|38\n|\n|t:|1701200681\n|move|p1a: Corviknight|U-turn|p2a: Garganacl\n|-resisted|p2a: Garganacl\n|-damage|p2a: Garganacl|80\/100\n|\n|t:|1701200684\n|switch|p1a: Slowking|Slowking-Galar, M|61\/100|[from] U-turn\n|move|p2a: Garganacl|Salt Cure|p1a: Slowking\n|-damage|p1a: Slowking|46\/100\n|-start|p1a: Slowking|Salt Cure\n|\n|-heal|p2a: Garganacl|86\/100|[from] item: Leftovers\n|-damage|p1a: Slowking|34\/100|[from] Salt Cure\n|upkeep\n|turn|39\n|\n|t:|1701200688\n|move|p2a: Garganacl|Body Press|p1a: Slowking\n|-resisted|p1a: Slowking\n|-damage|p1a: Slowking|12\/100\n|move|p1a: Slowking|Slack Off|p1a: Slowking\n|-heal|p1a: Slowking|62\/100\n|\n|-heal|p2a: Garganacl|92\/100|[from] item: Leftovers\n|-damage|p1a: Slowking|49\/100|[from] Salt Cure\n|upkeep\n|turn|40\n|\n|t:|1701200698\n|switch|p1a: Skeledirge|Skeledirge, F|100\/100\n|move|p2a: Garganacl|Salt Cure|p1a: Skeledirge\n|-supereffective|p1a: Skeledirge\n|-damage|p1a: Skeledirge|75\/100\n|-start|p1a: Skeledirge|Salt Cure\n|\n|-heal|p2a: Garganacl|99\/100|[from] item: Leftovers\n|-damage|p1a: Skeledirge|62\/100|[from] Salt Cure\n|upkeep\n|turn|41\n|\n|t:|1701200706\n|switch|p1a: Slowking|Slowking-Galar, M|82\/100\n|move|p2a: Garganacl|Salt Cure|p1a: Slowking\n|-damage|p1a: Slowking|68\/100\n|-start|p1a: Slowking|Salt Cure\n|\n|-heal|p2a: Garganacl|100\/100|[from] item: Leftovers\n|-damage|p1a: Slowking|55\/100|[from] Salt Cure\n|upkeep\n|turn|42\n|\n|t:|1701200718\n|move|p2a: Garganacl|Body Press|p1a: Slowking\n|-resisted|p1a: Slowking\n|-damage|p1a: Slowking|32\/100\n|move|p1a: Slowking|Slack Off|p1a: Slowking\n|-heal|p1a: Slowking|82\/100\n|\n|-damage|p1a: Slowking|69\/100|[from] Salt Cure\n|upkeep\n|turn|43\n|\n|t:|1701200723\n|move|p2a: Garganacl|Salt Cure|p1a: Slowking\n|-damage|p1a: Slowking|55\/100\n|move|p1a: Slowking|Chilly Reception|p1a: Slowking\n|-weather|Snow\n|\n|t:|1701200726\n|switch|p1a: Skeledirge|Skeledirge, F|62\/100|[from] Chilly Reception\n|\n|-weather|Snow|[upkeep]\n|upkeep\n|turn|44\n|\n|t:|1701200730\n|switch|p1a: Slowking|Slowking-Galar, M|88\/100\n|move|p2a: Garganacl|Salt Cure|p1a: Slowking\n|-damage|p1a: Slowking|74\/100\n|-start|p1a: Slowking|Salt Cure\n|\n|-weather|Snow|[upkeep]\n|-damage|p1a: Slowking|61\/100|[from] Salt Cure\n|upkeep\n|turn|45\n|\n|t:|1701200736\n|switch|p1a: Skeledirge|Skeledirge, F|62\/100\n|move|p2a: Garganacl|Body Press|p1a: Skeledirge\n|-immune|p1a: Skeledirge\n|\n|-weather|Snow|[upkeep]\n|upkeep\n|turn|46\n|\n|t:|1701200743\n|switch|p1a: Alomomola|Alomomola, F|100\/100\n|move|p2a: Garganacl|Salt Cure|p1a: Alomomola\n|-damage|p1a: Alomomola|94\/100\n|-start|p1a: Alomomola|Salt Cure\n|\n|-weather|Snow|[upkeep]\n|-damage|p1a: Alomomola|69\/100|[from] Salt Cure\n|upkeep\n|turn|47\n|\n|t:|1701200749\n|move|p1a: Alomomola|Flip Turn|p2a: Garganacl\n|-damage|p2a: Garganacl|98\/100\n|\n|t:|1701200751\n|switch|p1a: Slowking|Slowking-Galar, M|95\/100|[from] Flip Turn\n|move|p2a: Garganacl|Body Press|p1a: Slowking\n|-resisted|p1a: Slowking\n|-damage|p1a: Slowking|72\/100\n|\n|-weather|none\n|-heal|p2a: Garganacl|100\/100|[from] item: Leftovers\n|upkeep\n|turn|48\n|\n|t:|1701200757\n|move|p2a: Garganacl|Salt Cure|p1a: Slowking\n|-damage|p1a: Slowking|58\/100\n|-start|p1a: Slowking|Salt Cure\n|move|p1a: Slowking|Sludge Bomb|p2a: Garganacl\n|-supereffective|p2a: Garganacl\n|-damage|p2a: Garganacl|54\/100\n|\n|-heal|p2a: Garganacl|61\/100|[from] item: Leftovers\n|-damage|p1a: Slowking|46\/100|[from] Salt Cure\n|upkeep\n|turn|49\n|\n|t:|1701200766\n|move|p2a: Garganacl|Salt Cure|p1a: Slowking\n|-damage|p1a: Slowking|32\/100\n|move|p1a: Slowking|Slack Off|p1a: Slowking\n|-heal|p1a: Slowking|82\/100\n|\n|-heal|p2a: Garganacl|67\/100|[from] item: Leftovers\n|-damage|p1a: Slowking|70\/100|[from] Salt Cure\n|upkeep\n|turn|50\n|\n|t:|1701200770\n|move|p2a: Garganacl|Salt Cure|p1a: Slowking\n|-damage|p1a: Slowking|55\/100\n|move|p1a: Slowking|Sludge Bomb|p2a: Garganacl\n|-supereffective|p2a: Garganacl\n|-damage|p2a: Garganacl|21\/100\n|\n|-heal|p2a: Garganacl|27\/100|[from] item: Leftovers\n|-damage|p1a: Slowking|43\/100|[from] Salt Cure\n|upkeep\n|turn|51\n|\n|t:|1701200773\n|move|p2a: Garganacl|Recover|p2a: Garganacl\n|-heal|p2a: Garganacl|77\/100\n|move|p1a: Slowking|Slack Off|p1a: Slowking\n|-heal|p1a: Slowking|93\/100\n|\n|-heal|p2a: Garganacl|83\/100|[from] item: Leftovers\n|-damage|p1a: Slowking|80\/100|[from] Salt Cure\n|upkeep\n|turn|52\n|\n|t:|1701200778\n|move|p2a: Garganacl|Salt Cure|p1a: Slowking\n|-crit|p1a: Slowking\n|-damage|p1a: Slowking|60\/100\n|move|p1a: Slowking|Sludge Bomb|p2a: Garganacl\n|-supereffective|p2a: Garganacl\n|-damage|p2a: Garganacl|40\/100\n|\n|-heal|p2a: Garganacl|46\/100|[from] item: Leftovers\n|-damage|p1a: Slowking|48\/100|[from] Salt Cure\n|upkeep\n|turn|53\n|\n|t:|1701200784\n|move|p2a: Garganacl|Salt Cure|p1a: Slowking\n|-damage|p1a: Slowking|34\/100\n|move|p1a: Slowking|Chilly Reception|p1a: Slowking\n|-weather|Snow\n|\n|t:|1701200787\n|switch|p1a: Alomomola|Alomomola, F|100\/100|[from] Chilly Reception\n|\n|-weather|Snow|[upkeep]\n|-heal|p2a: Garganacl|52\/100|[from] item: Leftovers\n|upkeep\n|turn|54\n|\n|t:|1701200789\n|move|p1a: Alomomola|Flip Turn|p2a: Garganacl\n|-damage|p2a: Garganacl|49\/100\n|\n|t:|1701200792\n|switch|p1a: Slowking|Slowking-Galar, M|68\/100|[from] Flip Turn\n|move|p2a: Garganacl|Salt Cure|p1a: Slowking\n|-damage|p1a: Slowking|52\/100\n|-start|p1a: Slowking|Salt Cure\n|\n|-weather|Snow|[upkeep]\n|-heal|p2a: Garganacl|55\/100|[from] item: Leftovers\n|-damage|p1a: Slowking|40\/100|[from] Salt Cure\n|upkeep\n|turn|55\n|\n|t:|1701200797\n|move|p2a: Garganacl|Body Press|p1a: Slowking\n|-resisted|p1a: Slowking\n|-damage|p1a: Slowking|15\/100\n|move|p1a: Slowking|Sludge Bomb|p2a: Garganacl\n|-supereffective|p2a: Garganacl\n|-damage|p2a: Garganacl|9\/100\n|\n|-weather|Snow|[upkeep]\n|-heal|p2a: Garganacl|15\/100|[from] item: Leftovers\n|-damage|p1a: Slowking|3\/100|[from] Salt Cure\n|upkeep\n|turn|56\n|\n|t:|1701200802\n|switch|p1a: Skeledirge|Skeledirge, F|62\/100\n|move|p2a: Garganacl|Recover|p2a: Garganacl\n|-heal|p2a: Garganacl|65\/100\n|\n|-weather|Snow|[upkeep]\n|-heal|p2a: Garganacl|71\/100|[from] item: Leftovers\n|upkeep\n|turn|57\n|\n|t:|1701200806\n|switch|p1a: Alomomola|Alomomola, F|100\/100\n|move|p2a: Garganacl|Salt Cure|p1a: Alomomola\n|-damage|p1a: Alomomola|93\/100\n|-start|p1a: Alomomola|Salt Cure\n|\n|-weather|none\n|-heal|p2a: Garganacl|77\/100|[from] item: Leftovers\n|-damage|p1a: Alomomola|68\/100|[from] Salt Cure\n|upkeep\n|turn|58\n|\n|t:|1701200813\n|move|p1a: Alomomola|Flip Turn|p2a: Garganacl\n|-damage|p2a: Garganacl|74\/100\n|\n|t:|1701200819\n|switch|p1a: Skeledirge|Skeledirge, F|62\/100|[from] Flip Turn\n|move|p2a: Garganacl|Salt Cure|p1a: Skeledirge\n|-supereffective|p1a: Skeledirge\n|-damage|p1a: Skeledirge|38\/100\n|-start|p1a: Skeledirge|Salt Cure\n|\n|-heal|p2a: Garganacl|80\/100|[from] item: Leftovers\n|-damage|p1a: Skeledirge|26\/100|[from] Salt Cure\n|upkeep\n|turn|59\n|\n|t:|1701200825\n|switch|p1a: Slowking|Slowking-Galar, M|36\/100\n|move|p2a: Garganacl|Iron Defense|p2a: Garganacl\n|-boost|p2a: Garganacl|def|0\n|\n|-heal|p2a: Garganacl|87\/100|[from] item: Leftovers\n|upkeep\n|turn|60\n|\n|t:|1701200842\n|switch|p2a: Kingambit|Kingambit, F|100\/100\n|-damage|p2a: Kingambit|94\/100|[from] Stealth Rock\n|-activate|p2a: Kingambit|ability: Supreme Overlord\n|-start|p2a: Kingambit|fallen2|[silent]\n|switch|p1a: Skeledirge|Skeledirge, F|26\/100\n|\n|-heal|p2a: Kingambit|100\/100|[from] item: Leftovers\n|upkeep\n|turn|61\n|\n|t:|1701200850\n|switch|p1a: Tinkaton|Tinkaton, F|100\/100\n|-ability|p1a: Tinkaton|Mold Breaker\n|move|p2a: Kingambit|Sucker Punch||[still]\n|-fail|p2a: Kingambit\n|\n|upkeep\n|turn|62\n|\n|t:|1701200854\n|move|p1a: Tinkaton|Encore|p2a: Kingambit\n|-start|p2a: Kingambit|Encore\n|move|p2a: Kingambit|Sucker Punch||[still]\n|-fail|p2a: Kingambit\n|\n|upkeep\n|turn|63\n|\n|t:|1701200862\n|-end|p2a: Kingambit|fallen2|[silent]\n|switch|p2a: Amoonguss|Amoonguss, M, shiny|100\/100\n|-damage|p2a: Amoonguss|88\/100|[from] Stealth Rock\n|move|p1a: Tinkaton|Thunder Wave|p2a: Amoonguss\n|-status|p2a: Amoonguss|par\n|\n|upkeep\n|turn|64\n|\n|t:|1701200870\n|switch|p1a: Corviknight|Corviknight, M|100\/100\n|-ability|p1a: Corviknight|Pressure\n|move|p2a: Amoonguss|Spore|p1a: Corviknight\n|-status|p1a: Corviknight|slp|[from] move: Spore\n|\n|upkeep\n|turn|65\n|\n|t:|1701200883\n|switch|p1a: Alomomola|Alomomola, F|100\/100\n|switch|p2a: Weavile|Weavile, F|100\/100\n|-ability|p2a: Weavile|Pressure\n|\n|upkeep\n|turn|66\n|\n|t:|1701200887\n|move|p2a: Weavile|Swords Dance|p2a: Weavile\n|-boost|p2a: Weavile|atk|2\n|move|p1a: Alomomola|Scald|p2a: Weavile\n|-damage|p2a: Weavile|81\/100\n|\n|upkeep\n|turn|67\n|\n|t:|1701200893\n|move|p2a: Weavile|Knock Off|p1a: Alomomola\n|-damage|p1a: Alomomola|50\/100\n|-damage|p2a: Weavile|65\/100|[from] item: Rocky Helmet|[of] p1a: Alomomola\n|-enditem|p1a: Alomomola|Rocky Helmet|[from] move: Knock Off|[of] p2a: Weavile\n|move|p1a: Alomomola|Scald|p2a: Weavile\n|-damage|p2a: Weavile|45\/100\n|\n|upkeep\n|turn|68\n|\n|t:|1701200899\n|move|p2a: Weavile|Knock Off|p1a: Alomomola\n|-damage|p1a: Alomomola|18\/100\n|move|p1a: Alomomola|Scald|p2a: Weavile\n|-damage|p2a: Weavile|25\/100\n|\n|upkeep\n|turn|69\n|\n|t:|1701200908\n|switch|p1a: Corviknight|Corviknight, M|100\/100 slp\n|-ability|p1a: Corviknight|Pressure\n|move|p2a: Weavile|Knock Off|p1a: Corviknight\n|-damage|p1a: Corviknight|35\/100 slp\n|-enditem|p1a: Corviknight|Heavy-Duty Boots|[from] move: Knock Off|[of] p2a: Weavile\n|\n|upkeep\n|turn|70\n|\n|t:|1701200921\n|move|p2a: Weavile|Swords Dance|p2a: Weavile\n|-boost|p2a: Weavile|atk|2\n|cant|p1a: Corviknight|slp\n|\n|upkeep\n|turn|71\n|\n|t:|1701200925\n|move|p2a: Weavile|Knock Off|p1a: Corviknight\n|-damage|p1a: Corviknight|0 fnt\n|faint|p1a: Corviknight\n|\n|upkeep\n|\n|t:|1701200928\n|switch|p1a: Alomomola|Alomomola, F|51\/100\n|turn|72\n|\n|t:|1701200931\n|move|p2a: Weavile|Knock Off|p1a: Alomomola\n|-crit|p1a: Alomomola\n|-damage|p1a: Alomomola|0 fnt\n|faint|p1a: Alomomola\n|\n|upkeep\n|\n|t:|1701200934\n|switch|p1a: Tinkaton|Tinkaton, F|100\/100\n|-ability|p1a: Tinkaton|Mold Breaker\n|turn|73\n|\n|t:|1701200946\n|move|p2a: Weavile|Knock Off|p1a: Tinkaton\n|-resisted|p1a: Tinkaton\n|-damage|p1a: Tinkaton|19\/100\n|-enditem|p1a: Tinkaton|Leftovers|[from] move: Knock Off|[of] p2a: Weavile\n|move|p1a: Tinkaton|Gigaton Hammer|p2a: Weavile\n|-supereffective|p2a: Weavile\n|-damage|p2a: Weavile|0 fnt\n|faint|p2a: Weavile\n|\n|upkeep\n|\n|t:|1701200954\n|switch|p2a: Garganacl|Garganacl, M, tera:Fairy|87\/100\n|-damage|p2a: Garganacl|74\/100|[from] Stealth Rock\n|turn|74\n|\n|t:|1701200960\n|switch|p1a: Skeledirge|Skeledirge, F|26\/100\n|move|p2a: Garganacl|Body Press|p1a: Skeledirge\n|-immune|p1a: Skeledirge\n|\n|-heal|p2a: Garganacl|80\/100|[from] item: Leftovers\n|upkeep\n|turn|75\n|\n|t:|1701200970\n|move|p1a: Skeledirge|Torch Song|p2a: Garganacl\n|-damage|p2a: Garganacl|55\/100\n|-boost|p1a: Skeledirge|spa|1\n|move|p2a: Garganacl|Iron Defense|p2a: Garganacl\n|-boost|p2a: Garganacl|def|2\n|\n|-heal|p2a: Garganacl|61\/100|[from] item: Leftovers\n|upkeep\n|turn|76\n|\n|t:|1701200985\n|switch|p2a: Amoonguss|Amoonguss, M, shiny|100\/100 par\n|-damage|p2a: Amoonguss|88\/100 par|[from] Stealth Rock\n|move|p1a: Skeledirge|Torch Song|p2a: Amoonguss\n|-supereffective|p2a: Amoonguss\n|-damage|p2a: Amoonguss|0 fnt\n|-boost|p1a: Skeledirge|spa|1\n|faint|p2a: Amoonguss\n|\n|upkeep\n|\n|t:|1701200987\n|switch|p2a: Kingambit|Kingambit, F|100\/100\n|-damage|p2a: Kingambit|94\/100|[from] Stealth Rock\n|-activate|p2a: Kingambit|ability: Supreme Overlord\n|-start|p2a: Kingambit|fallen4|[silent]\n|turn|77\n|\n|t:|1701200993\n|switch|p1a: Tinkaton|Tinkaton, F|19\/100\n|-ability|p1a: Tinkaton|Mold Breaker\n|move|p2a: Kingambit|Sucker Punch||[still]\n|-fail|p2a: Kingambit\n|\n|-heal|p2a: Kingambit|100\/100|[from] item: Leftovers\n|upkeep\n|turn|78\n|\n|t:|1701201000\n|-end|p2a: Kingambit|fallen4|[silent]\n|switch|p2a: Garganacl|Garganacl, M, tera:Fairy|61\/100\n|-damage|p2a: Garganacl|49\/100|[from] Stealth Rock\n|move|p1a: Tinkaton|Encore||[still]\n|-fail|p1a: Tinkaton\n|\n|-heal|p2a: Garganacl|55\/100|[from] item: Leftovers\n|upkeep\n|turn|79\n|\n|t:|1701201011\n|switch|p1a: Slowking|Slowking-Galar, M|69\/100\n|switch|p2a: Kingambit|Kingambit, F|100\/100\n|-damage|p2a: Kingambit|94\/100|[from] Stealth Rock\n|-activate|p2a: Kingambit|ability: Supreme Overlord\n|-start|p2a: Kingambit|fallen4|[silent]\n|\n|-heal|p2a: Kingambit|100\/100|[from] item: Leftovers\n|upkeep\n|turn|80\n|\n|t:|1701201022\n|move|p2a: Kingambit|Kowtow Cleave|p1a: Slowking\n|-supereffective|p1a: Slowking\n|-damage|p1a: Slowking|0 fnt\n|faint|p1a: Slowking\n|\n|upkeep\n|\n|t:|1701201025\n|switch|p1a: Tinkaton|Tinkaton, F|19\/100\n|-ability|p1a: Tinkaton|Mold Breaker\n|turn|81\n|\n|t:|1701201028\n|move|p1a: Tinkaton|Thunder Wave|p2a: Kingambit\n|-status|p2a: Kingambit|par\n|move|p2a: Kingambit|Kowtow Cleave|p1a: Tinkaton\n|-resisted|p1a: Tinkaton\n|-damage|p1a: Tinkaton|0 fnt\n|faint|p1a: Tinkaton\n|\n|upkeep\n|\n|t:|1701201031\n|switch|p1a: Skeledirge|Skeledirge, F|26\/100\n|turn|82\n|\n|t:|1701201037\n|-terastallize|p1a: Skeledirge|Fire\n|move|p2a: Kingambit|Sucker Punch|p1a: Skeledirge\n|-damage|p1a: Skeledirge|0 fnt\n|faint|p1a: Skeledirge\n|\n|win|MAG10\n|raw|Yogogo123456's rating: 1222 &rarr; <strong>1197<\/strong><br \/>(-25 for losing)\n|raw|MAG10's rating: 1226 &rarr; <strong>1251<\/strong><br \/>(+25 for winning)\n|l|\u2606Yogogo123456\n","uploadtime":1701201046,"views":1,"p1id":"yogogo123456","p2id":"mag10","formatid":"gen9ou","rating":1197,"private":0,"password":""}