{"id":"gen9ou-2000516324","p1":"pepper101","p2":"hightopfade69","format":"[Gen 9] OU","log":"|j|\u2606pepper101\n|j|\u2606hightopfade69\n|t:|1701201386\n|gametype|singles\n|player|p1|pepper101|doubleteam|1084\n|player|p2|hightopfade69|169|1121\n|teamsize|p1|6\n|teamsize|p2|6\n|gen|9\n|tier|[Gen 9] OU\n|rated|\n|rule|Sleep Clause Mod: Limit one foe put to sleep\n|rule|Species Clause: Limit one of each Pok\u00e9mon\n|rule|OHKO Clause: OHKO moves are banned\n|rule|Evasion Items Clause: Evasion items are banned\n|rule|Evasion Moves Clause: Evasion moves are banned\n|rule|Endless Battle Clause: Forcing endless battles is banned\n|rule|HP Percentage Mod: HP is shown in percentages\n|clearpoke\n|poke|p1|Dragapult, M|\n|poke|p1|Uxie|\n|poke|p1|Garchomp, M|\n|poke|p1|Corviknight, M|\n|poke|p1|Goodra-Hisui, M|\n|poke|p1|Mimikyu, M|\n|poke|p2|Dragapult, F|\n|poke|p2|Ceruledge, F|\n|poke|p2|Chandelure, F|\n|poke|p2|Gholdengo|\n|poke|p2|Zoroark-Hisui, F|\n|poke|p2|Sinistcha|\n|teampreview\n|\n|t:|1701201405\n|start\n|switch|p1a: Wall of light|Uxie|100\/100\n|switch|p2a: Dragapult|Dragapult, F|100\/100\n|turn|1\n|\n|t:|1701201411\n|move|p2a: Dragapult|Trick|p1a: Wall of light\n|-activate|p2a: Dragapult|move: Trick|[of] p1a: Wall of light\n|-item|p1a: Wall of light|Choice Specs|[from] move: Trick\n|-item|p2a: Dragapult|Light Clay|[from] move: Trick\n|move|p1a: Wall of light|Yawn|p2a: Dragapult\n|-start|p2a: Dragapult|move: Yawn|[of] p1a: Wall of light\n|\n|upkeep\n|turn|2\n|\n|t:|1701201420\n|switch|p2a: Gholdengo|Gholdengo|100\/100\n|switch|p1a: Lil Gremlin|Mimikyu, M|100\/100\n|\n|upkeep\n|turn|3\n|\n|t:|1701201427\n|move|p1a: Lil Gremlin|Swords Dance|p1a: Lil Gremlin\n|-boost|p1a: Lil Gremlin|atk|2\n|move|p2a: Gholdengo|Nasty Plot|p2a: Gholdengo\n|-boost|p2a: Gholdengo|spa|2\n|\n|upkeep\n|turn|4\n|\n|t:|1701201432\n|-terastallize|p2a: Gholdengo|Fairy\n|move|p1a: Lil Gremlin|Shadow Sneak|p2a: Gholdengo\n|-damage|p2a: Gholdengo|60\/100\n|-damage|p1a: Lil Gremlin|91\/100|[from] item: Life Orb\n|move|p2a: Gholdengo|Dazzling Gleam|p1a: Lil Gremlin\n|-activate|p1a: Lil Gremlin|ability: Disguise\n|-damage|p1a: Lil Gremlin|91\/100\n|detailschange|p1a: Lil Gremlin|Mimikyu-Busted, M\n|-damage|p1a: Lil Gremlin|78\/100|[from] pokemon: Mimikyu-Busted\n|\n|upkeep\n|turn|5\n|\n|t:|1701201441\n|move|p1a: Lil Gremlin|Drain Punch|p2a: Gholdengo\n|-resisted|p2a: Gholdengo\n|-crit|p2a: Gholdengo\n|-damage|p2a: Gholdengo|21\/100\n|-heal|p1a: Lil Gremlin|100\/100|[from] drain|[of] p2a: Gholdengo\n|-damage|p1a: Lil Gremlin|91\/100|[from] item: Life Orb\n|move|p2a: Gholdengo|Dazzling Gleam|p1a: Lil Gremlin\n|-damage|p1a: Lil Gremlin|0 fnt\n|faint|p1a: Lil Gremlin\n|\n|upkeep\n|\n|t:|1701201448\n|switch|p1a: Gooie|Goodra-Hisui, M|100\/100\n|turn|6\n|\n|t:|1701201453\n|move|p2a: Gholdengo|Dazzling Gleam|p1a: Gooie\n|-damage|p1a: Gooie|59\/100\n|move|p1a: Gooie|Shelter|p1a: Gooie\n|-boost|p1a: Gooie|def|2\n|\n|-heal|p1a: Gooie|65\/100|[from] item: Leftovers\n|upkeep\n|turn|7\n|\n|t:|1701201462\n|move|p2a: Gholdengo|Dazzling Gleam|p1a: Gooie\n|-damage|p1a: Gooie|23\/100\n|move|p1a: Gooie|Knock Off|p2a: Gholdengo\n|-resisted|p2a: Gholdengo\n|-damage|p2a: Gholdengo|10\/100\n|-enditem|p2a: Gholdengo|Covert Cloak|[from] move: Knock Off|[of] p1a: Gooie\n|\n|-heal|p1a: Gooie|29\/100|[from] item: Leftovers\n|upkeep\n|turn|8\n|\n|t:|1701201471\n|move|p2a: Gholdengo|Dazzling Gleam|p1a: Gooie\n|-damage|p1a: Gooie|0 fnt\n|faint|p1a: Gooie\n|\n|upkeep\n|\n|t:|1701201475\n|switch|p1a: Knight|Corviknight, M, shiny|100\/100\n|turn|9\n|\n|t:|1701201479\n|move|p2a: Gholdengo|Thunderbolt|p1a: Knight\n|-supereffective|p1a: Knight\n|-damage|p1a: Knight|11\/100\n|move|p1a: Knight|Body Press|p2a: Gholdengo\n|-resisted|p2a: Gholdengo\n|-damage|p2a: Gholdengo|0 fnt\n|faint|p2a: Gholdengo\n|\n|-heal|p1a: Knight|17\/100|[from] item: Leftovers\n|upkeep\n|\n|t:|1701201492\n|switch|p2a: Ceruledge|Ceruledge, F|100\/100\n|turn|10\n|\n|t:|1701201497\n|switch|p1a: Wall of light|Uxie|100\/100\n|move|p2a: Ceruledge|Swords Dance|p2a: Ceruledge\n|-boost|p2a: Ceruledge|atk|2\n|\n|upkeep\n|turn|11\n|\n|t:|1701201507\n|move|p2a: Ceruledge|Shadow Sneak|p1a: Wall of light\n|-supereffective|p1a: Wall of light\n|-damage|p1a: Wall of light|43\/100\n|move|p1a: Wall of light|Reflect|p1a: Wall of light\n|-sidestart|p1: pepper101|Reflect\n|\n|upkeep\n|turn|12\n|\n|t:|1701201515\n|switch|p1a: Shedder|Garchomp, M|100\/100\n|move|p2a: Ceruledge|Psycho Cut|p1a: Shedder\n|-damage|p1a: Shedder|78\/100\n|\n|upkeep\n|turn|13\n|\n|t:|1701201523\n|-terastallize|p1a: Shedder|Fire\n|move|p1a: Shedder|Swords Dance|p1a: Shedder\n|-boost|p1a: Shedder|atk|2\n|move|p2a: Ceruledge|Swords Dance|p2a: Ceruledge\n|-boost|p2a: Ceruledge|atk|2\n|\n|upkeep\n|turn|14\n|\n|t:|1701201529\n|move|p1a: Shedder|Scale Shot|p2a: Ceruledge\n|-damage|p2a: Ceruledge|62\/100\n|-ability|p2a: Ceruledge|Weak Armor|boost\n|-unboost|p2a: Ceruledge|def|1\n|-boost|p2a: Ceruledge|spe|2\n|-damage|p2a: Ceruledge|4\/100\n|-ability|p2a: Ceruledge|Weak Armor|boost\n|-unboost|p2a: Ceruledge|def|1\n|-boost|p2a: Ceruledge|spe|2\n|-damage|p2a: Ceruledge|0 fnt\n|faint|p2a: Ceruledge\n|-hitcount|p2: Ceruledge|3\n|-unboost|p1a: Shedder|def|1\n|-boost|p1a: Shedder|spe|1\n|\n|upkeep\n|\n|t:|1701201536\n|switch|p2a: Chandelure|Chandelure, F|100\/100\n|turn|15\n|\n|t:|1701201544\n|move|p1a: Shedder|Scale Shot|p2a: Chandelure\n|-damage|p2a: Chandelure|63\/100\n|-damage|p2a: Chandelure|24\/100\n|-damage|p2a: Chandelure|0 fnt\n|faint|p2a: Chandelure\n|-hitcount|p2: Chandelure|3\n|-unboost|p1a: Shedder|def|1\n|-boost|p1a: Shedder|spe|1\n|\n|-sideend|p1: pepper101|Reflect\n|upkeep\n|\n|t:|1701201550\n|switch|p2a: Sinistcha|Sinistcha|100\/100\n|turn|16\n|\n|t:|1701201556\n|move|p1a: Shedder|Scale Shot|p2a: Sinistcha|[miss]\n|-miss|p1a: Shedder|p2a: Sinistcha\n|move|p2a: Sinistcha|Scald|p1a: Shedder\n|-supereffective|p1a: Shedder\n|-damage|p1a: Shedder|23\/100\n|\n|upkeep\n|turn|17\n|\n|t:|1701201563\n|move|p1a: Shedder|Scale Shot|p2a: Sinistcha\n|-damage|p2a: Sinistcha|78\/100\n|-damage|p2a: Sinistcha|54\/100\n|-damage|p2a: Sinistcha|30\/100\n|-damage|p2a: Sinistcha|6\/100\n|-hitcount|p2a: Sinistcha|4\n|-unboost|p1a: Shedder|def|1\n|-boost|p1a: Shedder|spe|1\n|move|p2a: Sinistcha|Scald|p1a: Shedder\n|-supereffective|p1a: Shedder\n|-damage|p1a: Shedder|0 fnt\n|faint|p1a: Shedder\n|\n|-heal|p2a: Sinistcha|12\/100|[from] item: Leftovers\n|upkeep\n|\n|t:|1701201574\n|switch|p1a: Child Launcher|Dragapult, M|100\/100\n|turn|18\n|inactive|Battle timer is ON: inactive players will automatically lose when time's up. (requested by pepper101)\n|\n|t:|1701201587\n|move|p1a: Child Launcher|Phantom Force||[still]\n|-prepare|p1a: Child Launcher|Phantom Force\n|move|p2a: Sinistcha|Strength Sap|p1a: Child Launcher|[miss]\n|-miss|p2a: Sinistcha|p1a: Child Launcher\n|\n|-heal|p2a: Sinistcha|18\/100|[from] item: Leftovers\n|upkeep\n|turn|19\n|\n|t:|1701201592\n|switch|p2a: Dragapult|Dragapult, F|100\/100\n|move|p1a: Child Launcher|Phantom Force|p2a: Dragapult|[from]lockedmove\n|-immune|p2a: Dragapult\n|\n|upkeep\n|turn|20\n|c|\u2606pepper101|HHHMMMMMm\\\n|\n|t:|1701201604\n|move|p1a: Child Launcher|Substitute|p1a: Child Launcher\n|-start|p1a: Child Launcher|Substitute\n|-damage|p1a: Child Launcher|76\/100\n|move|p2a: Dragapult|Bitter Malice|p1a: Child Launcher\n|-supereffective|p1a: Child Launcher\n|-end|p1a: Child Launcher|Substitute\n|\n|-heal|p1a: Child Launcher|82\/100|[from] item: Leftovers\n|upkeep\n|turn|21\n|\n|t:|1701201607\n|move|p1a: Child Launcher|Dragon Darts|p2a: Dragapult\n|-damage|p2a: Dragapult|49\/100\n|replace|p2a: Zoroark|Zoroark-Hisui, F\n|-end|p2a: Zoroark|Illusion\n|-anim|p1a: Child Launcher|Dragon Darts|p2a: Zoroark\n|-damage|p2a: Zoroark|0 fnt\n|faint|p2a: Zoroark\n|\n|-heal|p1a: Child Launcher|88\/100|[from] item: Leftovers\n|upkeep\n|\n|t:|1701201614\n|switch|p2a: Sinistcha|Sinistcha|18\/100\n|turn|22\n|\n|t:|1701201619\n|move|p1a: Child Launcher|Substitute|p1a: Child Launcher\n|-start|p1a: Child Launcher|Substitute\n|-damage|p1a: Child Launcher|63\/100\n|move|p2a: Sinistcha|Strength Sap||[still]\n|-fail|p2a: Sinistcha\n|\n|-heal|p1a: Child Launcher|69\/100|[from] item: Leftovers\n|-heal|p2a: Sinistcha|24\/100|[from] item: Leftovers\n|upkeep\n|turn|23\n|\n|t:|1701201623\n|move|p1a: Child Launcher|Dragon Dance|p1a: Child Launcher\n|-boost|p1a: Child Launcher|atk|1\n|-boost|p1a: Child Launcher|spe|1\n|move|p2a: Sinistcha|Matcha Gotcha|p1a: Child Launcher\n|-resisted|p1a: Child Launcher\n|-end|p1a: Child Launcher|Substitute\n|-heal|p2a: Sinistcha|36\/100|[from] drain|[of] p1a: Child Launcher\n|\n|-heal|p1a: Child Launcher|75\/100|[from] item: Leftovers\n|-heal|p2a: Sinistcha|42\/100|[from] item: Leftovers\n|upkeep\n|turn|24\n|\n|t:|1701201628\n|move|p1a: Child Launcher|Phantom Force||[still]\n|-prepare|p1a: Child Launcher|Phantom Force\n|move|p2a: Sinistcha|Matcha Gotcha|p1a: Child Launcher|[miss]\n|-miss|p2a: Sinistcha|p1a: Child Launcher\n|\n|-heal|p1a: Child Launcher|81\/100|[from] item: Leftovers\n|-heal|p2a: Sinistcha|48\/100|[from] item: Leftovers\n|upkeep\n|turn|25\n|\n|t:|1701201633\n|move|p1a: Child Launcher|Phantom Force|p2a: Sinistcha|[from]lockedmove\n|-supereffective|p2a: Sinistcha\n|-damage|p2a: Sinistcha|0 fnt\n|faint|p2a: Sinistcha\n|\n|-heal|p1a: Child Launcher|87\/100|[from] item: Leftovers\n|upkeep\n|\n|t:|1701201635\n|switch|p2a: Dragapult|Dragapult, F|100\/100\n|turn|26\n|\n|t:|1701201639\n|move|p1a: Child Launcher|Phantom Force||[still]\n|-prepare|p1a: Child Launcher|Phantom Force\n|move|p2a: Dragapult|Dragon Darts|p1a: Child Launcher|[miss]\n|-miss|p2a: Dragapult|p1a: Child Launcher\n|\n|-heal|p1a: Child Launcher|93\/100|[from] item: Leftovers\n|upkeep\n|turn|27\n|-message|hightopfade69 forfeited.\n|\n|win|pepper101\n|raw|pepper101's rating: 1084 &rarr; <strong>1114<\/strong><br \/>(+30 for winning)\n|raw|hightopfade69's rating: 1121 &rarr; <strong>1093<\/strong><br \/>(-28 for losing)\n","uploadtime":1701201647,"views":1,"p1id":"pepper101","p2id":"hightopfade69","formatid":"gen9ou","rating":1093,"private":0,"password":""}