{"id":"gen9ou-1991099266","p1":"SeigneurFou","p2":"AikonZ_Test","format":"[Gen 9] OU","log":"|j|\u2606SeigneurFou\n|j|\u2606AikonZ_Test\n|t:|1700042732\n|gametype|singles\n|player|p1|SeigneurFou|266|1667\n|player|p2|AikonZ_Test|veteran|1852\n|teamsize|p1|6\n|teamsize|p2|6\n|gen|9\n|tier|[Gen 9] OU\n|rated|\n|rule|Sleep Clause Mod: Limit one foe put to sleep\n|rule|Species Clause: Limit one of each Pok\u00e9mon\n|rule|OHKO Clause: OHKO moves are banned\n|rule|Evasion Items Clause: Evasion items are banned\n|rule|Evasion Moves Clause: Evasion moves are banned\n|rule|Endless Battle Clause: Forcing endless battles is banned\n|rule|HP Percentage Mod: HP is shown in percentages\n|clearpoke\n|poke|p1|Greninja-*, M|\n|poke|p1|Kingambit, F|\n|poke|p1|Gholdengo|\n|poke|p1|Heatran, M|\n|poke|p1|Zapdos|\n|poke|p1|Dragapult, M|\n|poke|p2|Slowking-Galar, M|\n|poke|p2|Clefable, F|\n|poke|p2|Zamazenta-*|\n|poke|p2|Cinderace, M|\n|poke|p2|Greninja-*, M|\n|poke|p2|Great Tusk|\n|teampreview\n|inactive|Battle timer is ON: inactive players will automatically lose when time's up. (requested by SeigneurFou)\n|\n|t:|1700042739\n|start\n|switch|p1a: Heatran|Heatran, M|100\/100\n|switch|p2a: Cinderace|Cinderace, M|100\/100\n|-item|p1a: Heatran|Air Balloon\n|turn|1\n|\n|t:|1700042754\n|move|p2a: Cinderace|U-turn|p1a: Heatran\n|-start|p2a: Cinderace|typechange|Bug|[from] ability: Libero\n|-resisted|p1a: Heatran\n|-damage|p1a: Heatran|92\/100\n|-enditem|p1a: Heatran|Air Balloon\n|j| poopeebumbum\n|\n|t:|1700042774\n|switch|p2a: Slowking|Slowking-Galar, M|100\/100|[from] U-turn\n|move|p1a: Heatran|Earth Power|p2a: Slowking\n|-supereffective|p2a: Slowking\n|-damage|p2a: Slowking|67\/100\n|\n|upkeep\n|turn|2\n|\n|t:|1700042780\n|move|p1a: Heatran|Earth Power|p2a: Slowking\n|-supereffective|p2a: Slowking\n|-damage|p2a: Slowking|35\/100\n|move|p2a: Slowking|Surf|p1a: Heatran\n|-supereffective|p1a: Heatran\n|-damage|p1a: Heatran|33\/100\n|\n|upkeep\n|turn|3\n|\n|t:|1700042796\n|switch|p1a: Gholdengo|Gholdengo|100\/100\n|switch|p2a: Greninja|Greninja, M|100\/100\n|\n|upkeep\n|turn|4\n|\n|t:|1700042813\n|switch|p2a: Slowking|Slowking-Galar, M|69\/100\n|switch|p1a: Kingambit|Kingambit, F|100\/100\n|\n|upkeep\n|turn|5\n|\n|t:|1700042819\n|switch|p2a: Great Tusk|Great Tusk|100\/100\n|move|p1a: Kingambit|Iron Head|p2a: Great Tusk\n|-damage|p2a: Great Tusk|78\/100\n|\n|-heal|p2a: Great Tusk|85\/100|[from] item: Leftovers\n|upkeep\n|turn|6\n|\n|t:|1700042825\n|-end|p1a: Kingambit|fallenundefined|[silent]\n|switch|p1a: Heatran|Heatran, M|33\/100\n|move|p2a: Great Tusk|Knock Off|p1a: Heatran\n|-damage|p1a: Heatran|13\/100\n|\n|-heal|p2a: Great Tusk|91\/100|[from] item: Leftovers\n|upkeep\n|turn|7\n|\n|t:|1700042840\n|move|p1a: Heatran|Lava Plume|p2a: Great Tusk\n|-damage|p2a: Great Tusk|33\/100\n|-status|p2a: Great Tusk|brn\n|move|p2a: Great Tusk|Knock Off|p1a: Heatran\n|-damage|p1a: Heatran|4\/100\n|\n|-heal|p2a: Great Tusk|39\/100 brn|[from] item: Leftovers\n|-damage|p2a: Great Tusk|33\/100 brn|[from] brn\n|upkeep\n|turn|8\n|\n|t:|1700042850\n|-end|p2a: Great Tusk|Protosynthesis|[silent]\n|switch|p2a: Cinderace|Cinderace, M|100\/100\n|move|p1a: Heatran|Stealth Rock|p2a: Cinderace\n|-sidestart|p2: AikonZ_Test|move: Stealth Rock\n|\n|upkeep\n|turn|9\n|\n|t:|1700042858\n|move|p2a: Cinderace|Court Change|p2a: Cinderace\n|-start|p2a: Cinderace|typechange|Normal|[from] ability: Libero\n|-swapsideconditions\n|-activate|p2a: Cinderace|move: Court Change\n|move|p1a: Heatran|Stealth Rock|p2a: Cinderace\n|-sidestart|p2: AikonZ_Test|move: Stealth Rock\n|\n|upkeep\n|turn|10\n|\n|t:|1700042863\n|move|p2a: Cinderace|U-turn|p1a: Heatran\n|-resisted|p1a: Heatran\n|-damage|p1a: Heatran|0 fnt\n|-status|p2a: Cinderace|brn|[from] ability: Flame Body|[of] p1a: Heatran\n|faint|p1a: Heatran\n|\n|t:|1700042867\n|switch|p2a: Greninja|Greninja, M|100\/100|[from] U-turn\n|-damage|p2a: Greninja|88\/100|[from] Stealth Rock\n|\n|upkeep\n|\n|t:|1700042871\n|switch|p1a: Dragapult|Dragapult, M|100\/100\n|turn|11\n|\n|t:|1700042875\n|move|p2a: Greninja|Ice Beam|p1a: Dragapult\n|-start|p2a: Greninja|typechange|Ice|[from] ability: Protean\n|-supereffective|p1a: Dragapult\n|-damage|p1a: Dragapult|0 fnt\n|faint|p1a: Dragapult\n|\n|upkeep\n|j| Yo Soy adrihaxk\n|\n|t:|1700042883\n|switch|p1a: Kingambit|Kingambit, F|100\/100\n|-damage|p1a: Kingambit|94\/100|[from] Stealth Rock\n|-activate|p1a: Kingambit|ability: Supreme Overlord\n|-start|p1a: Kingambit|fallen2|[silent]\n|turn|12\n|\n|t:|1700042893\n|switch|p2a: Great Tusk|Great Tusk|33\/100 brn\n|-damage|p2a: Great Tusk|30\/100 brn|[from] Stealth Rock\n|move|p1a: Kingambit|Swords Dance|p1a: Kingambit\n|-boost|p1a: Kingambit|atk|2\n|\n|-heal|p2a: Great Tusk|36\/100 brn|[from] item: Leftovers\n|-heal|p1a: Kingambit|100\/100|[from] item: Leftovers\n|-damage|p2a: Great Tusk|30\/100 brn|[from] brn\n|upkeep\n|turn|13\n|\n|t:|1700042904\n|move|p1a: Kingambit|Sucker Punch|p2a: Great Tusk\n|-resisted|p2a: Great Tusk\n|-damage|p2a: Great Tusk|7\/100 brn\n|move|p2a: Great Tusk|Rapid Spin|p1a: Kingambit\n|-resisted|p1a: Kingambit\n|-damage|p1a: Kingambit|98\/100\n|-boost|p2a: Great Tusk|spe|1\n|-sideend|p2: AikonZ_Test|Stealth Rock|[from] move: Rapid Spin|[of] p2a: Great Tusk\n|\n|-heal|p2a: Great Tusk|13\/100 brn|[from] item: Leftovers\n|-heal|p1a: Kingambit|100\/100|[from] item: Leftovers\n|-damage|p2a: Great Tusk|7\/100 brn|[from] brn\n|upkeep\n|turn|14\n|\n|t:|1700042917\n|move|p2a: Great Tusk|Earthquake|p1a: Kingambit\n|-supereffective|p1a: Kingambit\n|-damage|p1a: Kingambit|68\/100\n|move|p1a: Kingambit|Swords Dance|p1a: Kingambit\n|-boost|p1a: Kingambit|atk|2\n|\n|-heal|p2a: Great Tusk|13\/100 brn|[from] item: Leftovers\n|-heal|p1a: Kingambit|74\/100|[from] item: Leftovers\n|-damage|p2a: Great Tusk|7\/100 brn|[from] brn\n|upkeep\n|turn|15\n|j| Ctannn\n|\n|t:|1700042926\n|move|p1a: Kingambit|Sucker Punch|p2a: Great Tusk\n|-resisted|p2a: Great Tusk\n|-damage|p2a: Great Tusk|0 fnt\n|faint|p2a: Great Tusk\n|-end|p2a: Great Tusk|Protosynthesis|[silent]\n|\n|-heal|p1a: Kingambit|80\/100|[from] item: Leftovers\n|upkeep\n|\n|t:|1700042945\n|switch|p2a: Greninja|Greninja, M|88\/100\n|turn|16\n|\n|t:|1700042968\n|move|p2a: Greninja|Switcheroo|p1a: Kingambit\n|-start|p2a: Greninja|typechange|Dark|[from] ability: Protean\n|-activate|p2a: Greninja|move: Trick|[of] p1a: Kingambit\n|-item|p1a: Kingambit|Choice Scarf|[from] move: Switcheroo\n|-item|p2a: Greninja|Leftovers|[from] move: Switcheroo\n|move|p1a: Kingambit|Low Kick|p2a: Greninja\n|-supereffective|p2a: Greninja\n|-damage|p2a: Greninja|0 fnt\n|faint|p2a: Greninja\n|\n|upkeep\n|\n|t:|1700042975\n|switch|p2a: Clefable|Clefable, F|100\/100\n|turn|17\n|\n|t:|1700042986\n|-end|p1a: Kingambit|fallen2|[silent]\n|switch|p1a: Gholdengo|Gholdengo|100\/100\n|-damage|p1a: Gholdengo|94\/100|[from] Stealth Rock\n|switch|p2a: Slowking|Slowking-Galar, M|100\/100\n|\n|upkeep\n|turn|18\n|\n|t:|1700042994\n|move|p1a: Gholdengo|Trick|p2a: Slowking\n|-activate|p1a: Gholdengo|move: Trick|[of] p2a: Slowking\n|-item|p2a: Slowking|Choice Scarf|[from] move: Trick\n|-item|p1a: Gholdengo|Assault Vest|[from] move: Trick\n|move|p2a: Slowking|Flamethrower|p1a: Gholdengo\n|-supereffective|p1a: Gholdengo\n|-damage|p1a: Gholdengo|60\/100\n|\n|upkeep\n|turn|19\n|\n|t:|1700043003\n|move|p1a: Gholdengo|Shadow Ball|p2a: Slowking\n|-supereffective|p2a: Slowking\n|-damage|p2a: Slowking|34\/100\n|move|p2a: Slowking|Flamethrower|p1a: Gholdengo\n|-supereffective|p1a: Gholdengo\n|-damage|p1a: Gholdengo|21\/100\n|\n|upkeep\n|turn|20\n|\n|t:|1700043010\n|switch|p2a: Cinderace|Cinderace, M|100\/100 brn\n|move|p1a: Gholdengo|Shadow Ball|p2a: Cinderace\n|-damage|p2a: Cinderace|32\/100 brn\n|\n|-damage|p2a: Cinderace|26\/100 brn|[from] brn\n|upkeep\n|turn|21\n|\n|t:|1700043031\n|move|p2a: Cinderace|Pyro Ball|p1a: Gholdengo\n|-supereffective|p1a: Gholdengo\n|-damage|p1a: Gholdengo|0 fnt\n|faint|p1a: Gholdengo\n|\n|-damage|p2a: Cinderace|20\/100 brn|[from] brn\n|upkeep\n|\n|t:|1700043036\n|switch|p1a: Greninja|Greninja, M|100\/100\n|turn|22\n|\n|t:|1700043046\n|move|p1a: Greninja|Spikes|p2a: Cinderace\n|-sidestart|p2: AikonZ_Test|Spikes\n|move|p2a: Cinderace|U-turn|p1a: Greninja\n|-start|p2a: Cinderace|typechange|Bug|[from] ability: Libero\n|-supereffective|p1a: Greninja\n|-damage|p1a: Greninja|43\/100\n|\n|t:|1700043060\n|switch|p2a: Clefable|Clefable, F|100\/100|[from] U-turn\n|-damage|p2a: Clefable|88\/100|[from] Spikes\n|\n|-heal|p2a: Clefable|94\/100|[from] item: Leftovers\n|upkeep\n|turn|23\n|\n|t:|1700043068\n|switch|p1a: Kingambit|Kingambit, F|80\/100\n|-damage|p1a: Kingambit|74\/100|[from] Stealth Rock\n|-activate|p1a: Kingambit|ability: Supreme Overlord\n|-start|p1a: Kingambit|fallen3|[silent]\n|move|p2a: Clefable|Moonblast|p1a: Kingambit\n|-damage|p1a: Kingambit|45\/100\n|\n|-heal|p2a: Clefable|99\/100|[from] item: Leftovers\n|upkeep\n|turn|24\n|\n|t:|1700043077\n|move|p2a: Clefable|Protect|p2a: Clefable\n|-singleturn|p2a: Clefable|Protect\n|move|p1a: Kingambit|Iron Head|p2a: Clefable\n|-activate|p2a: Clefable|move: Protect\n|\n|-heal|p2a: Clefable|100\/100|[from] item: Leftovers\n|upkeep\n|turn|25\n|\n|t:|1700043085\n|switch|p2a: Cinderace|Cinderace, M|20\/100 brn\n|move|p1a: Kingambit|Iron Head|p2a: Cinderace\n|-resisted|p2a: Cinderace\n|-damage|p2a: Cinderace|0 fnt\n|faint|p2a: Cinderace\n|\n|upkeep\n|\n|t:|1700043088\n|switch|p2a: Zamazenta|Zamazenta|100\/100\n|-damage|p2a: Zamazenta|88\/100|[from] Spikes\n|-ability|p2a: Zamazenta|Dauntless Shield|boost\n|-boost|p2a: Zamazenta|def|1\n|turn|26\n|\n|t:|1700043098\n|-end|p1a: Kingambit|fallen3|[silent]\n|switch|p1a: Zapdos|Zapdos|100\/100\n|-damage|p1a: Zapdos|75\/100|[from] Stealth Rock\n|move|p2a: Zamazenta|Substitute|p2a: Zamazenta\n|-start|p2a: Zamazenta|Substitute\n|-damage|p2a: Zamazenta|63\/100\n|\n|-heal|p2a: Zamazenta|69\/100|[from] item: Leftovers\n|-heal|p1a: Zapdos|82\/100|[from] item: Leftovers\n|upkeep\n|turn|27\n|\n|t:|1700043118\n|move|p2a: Zamazenta|Iron Defense|p2a: Zamazenta\n|-boost|p2a: Zamazenta|def|2\n|move|p1a: Zapdos|Discharge|p2a: Zamazenta\n|-activate|p2a: Zamazenta|move: Substitute|[damage]\n|\n|-heal|p2a: Zamazenta|75\/100|[from] item: Leftovers\n|-heal|p1a: Zapdos|88\/100|[from] item: Leftovers\n|upkeep\n|turn|28\n|\n|t:|1700043125\n|move|p2a: Zamazenta|Iron Defense|p2a: Zamazenta\n|-boost|p2a: Zamazenta|def|2\n|move|p1a: Zapdos|Discharge|p2a: Zamazenta\n|-end|p2a: Zamazenta|Substitute\n|\n|-heal|p2a: Zamazenta|82\/100|[from] item: Leftovers\n|-heal|p1a: Zapdos|94\/100|[from] item: Leftovers\n|upkeep\n|turn|29\n|\n|t:|1700043134\n|move|p2a: Zamazenta|Substitute|p2a: Zamazenta\n|-start|p2a: Zamazenta|Substitute\n|-damage|p2a: Zamazenta|57\/100\n|move|p1a: Zapdos|Discharge|p2a: Zamazenta\n|-end|p2a: Zamazenta|Substitute\n|\n|-heal|p2a: Zamazenta|63\/100|[from] item: Leftovers\n|-heal|p1a: Zapdos|100\/100|[from] item: Leftovers\n|upkeep\n|turn|30\n|j| Wiimicks\n|\n|t:|1700043142\n|move|p2a: Zamazenta|Substitute|p2a: Zamazenta\n|-start|p2a: Zamazenta|Substitute\n|-damage|p2a: Zamazenta|38\/100\n|move|p1a: Zapdos|Discharge|p2a: Zamazenta\n|-activate|p2a: Zamazenta|move: Substitute|[damage]\n|\n|-heal|p2a: Zamazenta|44\/100|[from] item: Leftovers\n|upkeep\n|turn|31\n|\n|t:|1700043153\n|move|p2a: Zamazenta|Body Press|p1a: Zapdos\n|-resisted|p1a: Zapdos\n|-crit|p1a: Zapdos\n|-damage|p1a: Zapdos|10\/100\n|-status|p2a: Zamazenta|par|[from] ability: Static|[of] p1a: Zapdos\n|move|p1a: Zapdos|Ancient Power|p2a: Zamazenta\n|-resisted|p2a: Zamazenta\n|-end|p2a: Zamazenta|Substitute\n|-boost|p1a: Zapdos|atk|1\n|-boost|p1a: Zapdos|def|1\n|-boost|p1a: Zapdos|spa|1\n|-boost|p1a: Zapdos|spd|1\n|-boost|p1a: Zapdos|spe|1\n|\n|-heal|p1a: Zapdos|16\/100|[from] item: Leftovers\n|-heal|p2a: Zamazenta|50\/100 par|[from] item: Leftovers\n|upkeep\n|turn|32\n|\n|t:|1700043181\n|move|p1a: Zapdos|Hurricane|p2a: Zamazenta\n|-supereffective|p2a: Zamazenta\n|-damage|p2a: Zamazenta|0 fnt\n|faint|p2a: Zamazenta\n|\n|-heal|p1a: Zapdos|22\/100|[from] item: Leftovers\n|upkeep\n|\n|t:|1700043185\n|switch|p2a: Clefable|Clefable, F|100\/100\n|-damage|p2a: Clefable|88\/100|[from] Spikes\n|turn|33\n|\n|t:|1700043190\n|move|p1a: Zapdos|Roost|p1a: Zapdos\n|-heal|p1a: Zapdos|72\/100\n|-singleturn|p1a: Zapdos|move: Roost\n|move|p2a: Clefable|Moonblast|p1a: Zapdos\n|-damage|p1a: Zapdos|53\/100\n|\n|-heal|p1a: Zapdos|59\/100|[from] item: Leftovers\n|-heal|p2a: Clefable|94\/100|[from] item: Leftovers\n|upkeep\n|turn|34\n|\n|t:|1700043198\n|move|p1a: Zapdos|Discharge|p2a: Clefable\n|-damage|p2a: Clefable|62\/100\n|-status|p2a: Clefable|par\n|move|p2a: Clefable|Moonblast|p1a: Zapdos\n|-damage|p1a: Zapdos|37\/100\n|-unboost|p1a: Zapdos|spa|1\n|\n|-heal|p1a: Zapdos|44\/100|[from] item: Leftovers\n|-heal|p2a: Clefable|68\/100 par|[from] item: Leftovers\n|upkeep\n|turn|35\n|j| EpicGamer069420\n|\n|t:|1700043216\n|move|p1a: Zapdos|Roost|p1a: Zapdos\n|-heal|p1a: Zapdos|94\/100\n|-singleturn|p1a: Zapdos|move: Roost\n|move|p2a: Clefable|Moonblast|p1a: Zapdos\n|-damage|p1a: Zapdos|72\/100\n|\n|-heal|p1a: Zapdos|78\/100|[from] item: Leftovers\n|-heal|p2a: Clefable|74\/100 par|[from] item: Leftovers\n|upkeep\n|turn|36\n|\n|t:|1700043226\n|switch|p1a: Greninja|Greninja, M|43\/100\n|move|p2a: Clefable|Wish|p2a: Clefable\n|\n|-heal|p2a: Clefable|80\/100 par|[from] item: Leftovers\n|upkeep\n|turn|37\n|\n|t:|1700043234\n|move|p2a: Clefable|Protect|p2a: Clefable\n|-singleturn|p2a: Clefable|Protect\n|move|p1a: Greninja|Spikes|p2a: Clefable\n|-sidestart|p2: AikonZ_Test|Spikes\n|\n|-heal|p2a: Clefable|100\/100 par|[from] move: Wish|[wisher] Clefable\n|upkeep\n|turn|38\n|j| wdqeqeqwe\n|\n|t:|1700043240\n|move|p1a: Greninja|Spikes|p2a: Clefable\n|-sidestart|p2: AikonZ_Test|Spikes\n|cant|p2a: Clefable|par\n|\n|upkeep\n|turn|39\n|\n|t:|1700043248\n|move|p1a: Greninja|Ice Beam|p2a: Clefable\n|-damage|p2a: Clefable|76\/100 par\n|move|p2a: Clefable|Moonblast|p1a: Greninja\n|-supereffective|p1a: Greninja\n|-damage|p1a: Greninja|0 fnt\n|faint|p1a: Greninja\n|\n|-heal|p2a: Clefable|82\/100 par|[from] item: Leftovers\n|upkeep\n|l| wdqeqeqwe\n|\n|t:|1700043255\n|switch|p1a: Kingambit|Kingambit, F|45\/100\n|-damage|p1a: Kingambit|38\/100|[from] Stealth Rock\n|-activate|p1a: Kingambit|ability: Supreme Overlord\n|-start|p1a: Kingambit|fallen4|[silent]\n|turn|40\n|\n|t:|1700043273\n|switch|p2a: Slowking|Slowking-Galar, M|68\/100\n|-damage|p2a: Slowking|43\/100|[from] Spikes\n|move|p1a: Kingambit|Iron Head|p2a: Slowking\n|-damage|p2a: Slowking|0 fnt\n|faint|p2a: Slowking\n|\n|upkeep\n|\n|t:|1700043280\n|switch|p2a: Clefable|Clefable, F|82\/100 par\n|-damage|p2a: Clefable|57\/100 par|[from] Spikes\n|turn|41\n|\n|t:|1700043294\n|-terastallize|p2a: Clefable|Water\n|move|p1a: Kingambit|Iron Head|p2a: Clefable\n|-resisted|p2a: Clefable\n|-damage|p2a: Clefable|29\/100 par\n|move|p2a: Clefable|Wish|p2a: Clefable\n|\n|-heal|p2a: Clefable|36\/100 par|[from] item: Leftovers\n|upkeep\n|turn|42\n|\n|t:|1700043317\n|move|p1a: Kingambit|Iron Head|p2a: Clefable\n|-resisted|p2a: Clefable\n|-damage|p2a: Clefable|10\/100 par\n|cant|p2a: Clefable|flinch\n|\n|-heal|p2a: Clefable|60\/100 par|[from] move: Wish|[wisher] Clefable\n|-heal|p2a: Clefable|66\/100 par|[from] item: Leftovers\n|upkeep\n|turn|43\n|\n|t:|1700043327\n|-end|p1a: Kingambit|fallen4|[silent]\n|switch|p1a: Zapdos|Zapdos|78\/100\n|-damage|p1a: Zapdos|53\/100|[from] Stealth Rock\n|move|p2a: Clefable|Wish|p2a: Clefable\n|\n|-heal|p1a: Zapdos|59\/100|[from] item: Leftovers\n|-heal|p2a: Clefable|72\/100 par|[from] item: Leftovers\n|upkeep\n|turn|44\n|\n|t:|1700043335\n|move|p1a: Zapdos|Discharge|p2a: Clefable\n|-supereffective|p2a: Clefable\n|-damage|p2a: Clefable|9\/100 par\n|cant|p2a: Clefable|par\n|\n|-heal|p2a: Clefable|59\/100 par|[from] move: Wish|[wisher] Clefable\n|-heal|p1a: Zapdos|66\/100|[from] item: Leftovers\n|-heal|p2a: Clefable|65\/100 par|[from] item: Leftovers\n|upkeep\n|turn|45\n|\n|t:|1700043345\n|-terastallize|p1a: Zapdos|Electric\n|move|p1a: Zapdos|Discharge|p2a: Clefable\n|-supereffective|p2a: Clefable\n|-damage|p2a: Clefable|0 fnt\n|faint|p2a: Clefable\n|\n|win|SeigneurFou\n|raw|SeigneurFou's rating: 1667 &rarr; <strong>1697<\/strong><br \/>(+30 for winning)\n|raw|AikonZ_Test's rating: 1852 &rarr; <strong>1822<\/strong><br \/>(-30 for losing)\n|l|\u2606AikonZ_Test\n|l|\u2606SeigneurFou\n|l| Ctannn\n|l| Yo Soy adrihaxk\n","uploadtime":1700043370,"views":6,"p1id":"seigneurfou","p2id":"aikonztest","formatid":"gen9ou","rating":1697,"private":0,"password":""}