{"id":"gen9ou-1994548305","p1":"damn im permaban","p2":"nguyenhoanghai","format":"[Gen 9] OU","log":"|j|\u203ddamn im permaban\n|j|\u2606nguyenhoanghai\n|t:|1700457969\n|gametype|singles\n|player|p1|damn im permaban|morty|1294\n|player|p2|nguyenhoanghai|morty|1265\n|teamsize|p1|6\n|teamsize|p2|6\n|gen|9\n|tier|[Gen 9] OU\n|rated|\n|rule|Sleep Clause Mod: Limit one foe put to sleep\n|rule|Species Clause: Limit one of each Pok\u00e9mon\n|rule|OHKO Clause: OHKO moves are banned\n|rule|Evasion Items Clause: Evasion items are banned\n|rule|Evasion Moves Clause: Evasion moves are banned\n|rule|Endless Battle Clause: Forcing endless battles is banned\n|rule|HP Percentage Mod: HP is shown in percentages\n|clearpoke\n|poke|p1|Landorus-Therian, M|\n|poke|p1|Heatran, M|\n|poke|p1|Clefable, M|\n|poke|p1|Dondozo, F|\n|poke|p1|Corviknight, M|\n|poke|p1|Toxapex, M|\n|poke|p2|Great Tusk|\n|poke|p2|Sneasler, M|\n|poke|p2|Heatran, M|\n|poke|p2|Rillaboom, M|\n|poke|p2|Ninetales-Alola, F|\n|poke|p2|Rotom-Wash|\n|teampreview\n|\n|t:|1700457979\n|start\n|switch|p1a: Toxapex|Toxapex, M|100\/100\n|switch|p2a: Rotom|Rotom-Wash|100\/100\n|turn|1\n|\n|t:|1700457984\n|move|p2a: Rotom|Thunderbolt|p1a: Toxapex\n|-supereffective|p1a: Toxapex\n|-damage|p1a: Toxapex|40\/100\n|move|p1a: Toxapex|Toxic|p2a: Rotom\n|-status|p2a: Rotom|tox\n|\n|-heal|p1a: Toxapex|46\/100|[from] item: Leftovers\n|-damage|p2a: Rotom|94\/100 tox|[from] psn\n|upkeep\n|turn|2\n|\n|t:|1700458001\n|switch|p1a: Clefable|Clefable, M|100\/100\n|move|p2a: Rotom|Will-O-Wisp|p1a: Clefable|[miss]\n|-miss|p2a: Rotom|p1a: Clefable\n|\n|-heal|p2a: Rotom|100\/100 tox|[from] item: Leftovers\n|-damage|p2a: Rotom|88\/100 tox|[from] psn\n|upkeep\n|turn|3\n|\n|t:|1700458007\n|move|p2a: Rotom|Volt Switch|p1a: Clefable\n|-damage|p1a: Clefable|71\/100\n|\n|t:|1700458013\n|switch|p2a: Sneasler|Sneasler, M, shiny|100\/100|[from] Volt Switch\n|move|p1a: Clefable|Stealth Rock|p2a: Sneasler\n|-sidestart|p2: nguyenhoanghai|move: Stealth Rock\n|\n|-heal|p1a: Clefable|77\/100|[from] item: Leftovers\n|upkeep\n|turn|4\n|\n|t:|1700458026\n|switch|p1a: Dondozo|Dondozo, F|100\/100\n|move|p2a: Sneasler|U-turn|p1a: Dondozo\n|-damage|p1a: Dondozo|86\/100\n|\n|t:|1700458029\n|switch|p2a: Rillaboom|Rillaboom, M, shiny|100\/100|[from] U-turn\n|-damage|p2a: Rillaboom|88\/100|[from] Stealth Rock\n|-fieldstart|move: Grassy Terrain|[from] ability: Grassy Surge|[of] p2a: Rillaboom\n|\n|-heal|p2a: Rillaboom|94\/100|[from] Grassy Terrain\n|-heal|p1a: Dondozo|92\/100|[from] Grassy Terrain\n|-heal|p1a: Dondozo|98\/100|[from] item: Leftovers\n|upkeep\n|turn|5\n|\n|t:|1700458042\n|switch|p1a: Corviknight|Corviknight, M|100\/100\n|-ability|p1a: Corviknight|Pressure\n|move|p2a: Rillaboom|Grassy Glide|p1a: Corviknight\n|-resisted|p1a: Corviknight\n|-damage|p1a: Corviknight|89\/100\n|\n|-heal|p2a: Rillaboom|100\/100|[from] Grassy Terrain\n|-heal|p1a: Corviknight|95\/100|[from] item: Leftovers\n|upkeep\n|turn|6\n|inactive|Battle timer is ON: inactive players will automatically lose when time's up. (requested by damn im permaban)\n|\n|t:|1700458092\n|switch|p2a: Rotom|Rotom-Wash|88\/100 tox\n|-damage|p2a: Rotom|76\/100 tox|[from] Stealth Rock\n|move|p1a: Corviknight|Agility|p1a: Corviknight\n|-boost|p1a: Corviknight|spe|2\n|\n|-heal|p1a: Corviknight|100\/100|[from] item: Leftovers\n|-heal|p2a: Rotom|82\/100 tox|[from] item: Leftovers\n|-damage|p2a: Rotom|76\/100 tox|[from] psn\n|upkeep\n|turn|7\n|\n|t:|1700458104\n|switch|p1a: Clefable|Clefable, M|77\/100\n|move|p2a: Rotom|Will-O-Wisp|p1a: Clefable\n|-status|p1a: Clefable|brn\n|\n|-heal|p2a: Rotom|82\/100 tox|[from] item: Leftovers\n|-heal|p1a: Clefable|83\/100 brn|[from] Grassy Terrain\n|-heal|p1a: Clefable|89\/100 brn|[from] item: Leftovers\n|-damage|p2a: Rotom|70\/100 tox|[from] psn\n|upkeep\n|turn|8\n|\n|t:|1700458114\n|move|p2a: Rotom|Volt Switch|p1a: Clefable\n|-damage|p1a: Clefable|59\/100 brn\n|\n|t:|1700458125\n|switch|p2a: Sneasler|Sneasler, M, shiny|100\/100|[from] Volt Switch\n|-damage|p2a: Sneasler|95\/100|[from] Stealth Rock\n|move|p1a: Clefable|Moonblast|p2a: Sneasler\n|-damage|p2a: Sneasler|50\/100\n|\n|-heal|p2a: Sneasler|56\/100|[from] Grassy Terrain\n|-heal|p1a: Clefable|65\/100 brn|[from] Grassy Terrain\n|-heal|p1a: Clefable|71\/100 brn|[from] item: Leftovers\n|-fieldend|move: Grassy Terrain\n|upkeep\n|turn|9\n|\n|t:|1700458136\n|switch|p1a: Dondozo|Dondozo, F|98\/100\n|move|p2a: Sneasler|Dire Claw|p1a: Dondozo\n|-damage|p1a: Dondozo|73\/100\n|-status|p1a: Dondozo|slp\n|\n|-heal|p1a: Dondozo|80\/100 slp|[from] item: Leftovers\n|upkeep\n|turn|10\n|\n|t:|1700458146\n|switch|p2a: Great Tusk|Great Tusk|100\/100\n|cant|p1a: Dondozo|slp\n|move|p1a: Dondozo|Sleep Talk|p1a: Dondozo\n|move|p1a: Dondozo|Rest||[from]move: Sleep Talk|[still]\n|-fail|p1a: Dondozo\n|\n|-heal|p1a: Dondozo|86\/100 slp|[from] item: Leftovers\n|upkeep\n|turn|11\n|\n|t:|1700458172\n|move|p2a: Great Tusk|Rapid Spin|p1a: Dondozo\n|-damage|p1a: Dondozo|76\/100 slp\n|-boost|p2a: Great Tusk|spe|1\n|-sideend|p2: nguyenhoanghai|Stealth Rock|[from] move: Rapid Spin|[of] p2a: Great Tusk\n|cant|p1a: Dondozo|slp\n|move|p1a: Dondozo|Sleep Talk|p1a: Dondozo\n|move|p1a: Dondozo|Rest||[from]move: Sleep Talk|[still]\n|-fail|p1a: Dondozo\n|\n|-heal|p1a: Dondozo|82\/100 slp|[from] item: Leftovers\n|upkeep\n|turn|12\n|\n|t:|1700458181\n|-end|p2a: Great Tusk|Protosynthesis|[silent]\n|switch|p2a: Rillaboom|Rillaboom, M, shiny|100\/100\n|-fieldstart|move: Grassy Terrain|[from] ability: Grassy Surge|[of] p2a: Rillaboom\n|cant|p1a: Dondozo|slp\n|\n|-heal|p1a: Dondozo|88\/100 slp|[from] Grassy Terrain\n|-heal|p1a: Dondozo|94\/100 slp|[from] item: Leftovers\n|upkeep\n|turn|13\n|\n|t:|1700458192\n|switch|p1a: Corviknight|Corviknight, M|100\/100\n|-ability|p1a: Corviknight|Pressure\n|move|p2a: Rillaboom|Grassy Glide|p1a: Corviknight\n|-resisted|p1a: Corviknight\n|-damage|p1a: Corviknight|87\/100\n|\n|-heal|p1a: Corviknight|93\/100|[from] item: Leftovers\n|upkeep\n|turn|14\n|\n|t:|1700458202\n|switch|p2a: Heatran|Heatran, M|100\/100\n|move|p1a: Corviknight|Agility|p1a: Corviknight\n|-boost|p1a: Corviknight|spe|2\n|\n|-heal|p1a: Corviknight|99\/100|[from] item: Leftovers\n|upkeep\n|turn|15\n|\n|t:|1700458207\n|switch|p1a: Dondozo|Dondozo, F|94\/100 slp\n|move|p2a: Heatran|Substitute|p2a: Heatran\n|-start|p2a: Heatran|Substitute\n|-damage|p2a: Heatran|76\/100\n|\n|-heal|p2a: Heatran|82\/100|[from] Grassy Terrain\n|-heal|p2a: Heatran|88\/100|[from] item: Leftovers\n|-heal|p1a: Dondozo|100\/100 slp|[from] Grassy Terrain\n|upkeep\n|turn|16\n|\n|t:|1700458212\n|move|p2a: Heatran|Stealth Rock|p1a: Dondozo\n|-sidestart|p1: damn im permaban|move: Stealth Rock\n|-curestatus|p1a: Dondozo|slp|[msg]\n|move|p1a: Dondozo|Liquidation|p2a: Heatran\n|-supereffective|p2a: Heatran\n|-end|p2a: Heatran|Substitute\n|\n|-heal|p2a: Heatran|94\/100|[from] Grassy Terrain\n|-heal|p2a: Heatran|100\/100|[from] item: Leftovers\n|-fieldend|move: Grassy Terrain\n|upkeep\n|turn|17\n|\n|t:|1700458222\n|switch|p2a: Rillaboom|Rillaboom, M, shiny|100\/100\n|-fieldstart|move: Grassy Terrain|[from] ability: Grassy Surge|[of] p2a: Rillaboom\n|move|p1a: Dondozo|Liquidation|p2a: Rillaboom\n|-resisted|p2a: Rillaboom\n|-damage|p2a: Rillaboom|86\/100\n|\n|-heal|p2a: Rillaboom|92\/100|[from] Grassy Terrain\n|upkeep\n|turn|18\n|\n|t:|1700458233\n|switch|p1a: Corviknight|Corviknight, M|99\/100\n|-damage|p1a: Corviknight|87\/100|[from] Stealth Rock\n|-ability|p1a: Corviknight|Pressure\n|move|p2a: Rillaboom|Knock Off|p1a: Corviknight\n|-damage|p1a: Corviknight|47\/100\n|-enditem|p1a: Corviknight|Leftovers|[from] move: Knock Off|[of] p2a: Rillaboom\n|\n|-heal|p2a: Rillaboom|99\/100|[from] Grassy Terrain\n|upkeep\n|turn|19\n|\n|t:|1700458254\n|switch|p2a: Heatran|Heatran, M|100\/100\n|move|p1a: Corviknight|Roost|p1a: Corviknight\n|-heal|p1a: Corviknight|97\/100\n|-singleturn|p1a: Corviknight|move: Roost\n|\n|-heal|p1a: Corviknight|100\/100|[from] Grassy Terrain\n|upkeep\n|turn|20\n|\n|t:|1700458259\n|switch|p1a: Dondozo|Dondozo, F|100\/100\n|-damage|p1a: Dondozo|88\/100|[from] Stealth Rock\n|move|p2a: Heatran|Substitute|p2a: Heatran\n|-start|p2a: Heatran|Substitute\n|-damage|p2a: Heatran|76\/100\n|\n|-heal|p2a: Heatran|82\/100|[from] Grassy Terrain\n|-heal|p2a: Heatran|88\/100|[from] item: Leftovers\n|-heal|p1a: Dondozo|94\/100|[from] Grassy Terrain\n|-heal|p1a: Dondozo|100\/100|[from] item: Leftovers\n|upkeep\n|turn|21\n|\n|t:|1700458266\n|move|p2a: Heatran|Earth Power|p1a: Dondozo\n|-damage|p1a: Dondozo|76\/100\n|move|p1a: Dondozo|Liquidation|p2a: Heatran\n|-supereffective|p2a: Heatran\n|-end|p2a: Heatran|Substitute\n|\n|-heal|p2a: Heatran|94\/100|[from] Grassy Terrain\n|-heal|p2a: Heatran|100\/100|[from] item: Leftovers\n|-heal|p1a: Dondozo|83\/100|[from] Grassy Terrain\n|-heal|p1a: Dondozo|89\/100|[from] item: Leftovers\n|-fieldend|move: Grassy Terrain\n|upkeep\n|turn|22\n|\n|t:|1700458276\n|switch|p2a: Rotom|Rotom-Wash|70\/100 tox\n|move|p1a: Dondozo|Liquidation|p2a: Rotom\n|-resisted|p2a: Rotom\n|-damage|p2a: Rotom|54\/100 tox\n|\n|-heal|p2a: Rotom|60\/100 tox|[from] item: Leftovers\n|-heal|p1a: Dondozo|95\/100|[from] item: Leftovers\n|-damage|p2a: Rotom|54\/100 tox|[from] psn\n|upkeep\n|turn|23\n|\n|t:|1700458284\n|switch|p1a: Clefable|Clefable, M|71\/100 brn\n|move|p2a: Rotom|Will-O-Wisp|p1a: Clefable\n|-fail|p1a: Clefable|brn\n|\n|-heal|p2a: Rotom|60\/100 tox|[from] item: Leftovers\n|-heal|p1a: Clefable|78\/100 brn|[from] item: Leftovers\n|-damage|p2a: Rotom|48\/100 tox|[from] psn\n|upkeep\n|turn|24\n|\n|t:|1700458290\n|move|p2a: Rotom|Volt Switch|p1a: Clefable\n|-damage|p1a: Clefable|46\/100 brn\n|\n|t:|1700458296\n|switch|p2a: Rillaboom|Rillaboom, M, shiny|99\/100|[from] Volt Switch\n|-fieldstart|move: Grassy Terrain|[from] ability: Grassy Surge|[of] p2a: Rillaboom\n|move|p1a: Clefable|Moonblast|p2a: Rillaboom\n|-damage|p2a: Rillaboom|63\/100\n|\n|-heal|p2a: Rillaboom|69\/100|[from] Grassy Terrain\n|-heal|p1a: Clefable|52\/100 brn|[from] Grassy Terrain\n|-heal|p1a: Clefable|59\/100 brn|[from] item: Leftovers\n|upkeep\n|turn|25\n|\n|t:|1700458321\n|switch|p2a: Ninetales|Ninetales-Alola, F, shiny|100\/100\n|-weather|Snow|[from] ability: Snow Warning|[of] p2a: Ninetales\n|switch|p1a: Corviknight|Corviknight, M|100\/100\n|-damage|p1a: Corviknight|88\/100|[from] Stealth Rock\n|-ability|p1a: Corviknight|Pressure\n|\n|-weather|Snow|[upkeep]\n|upkeep\n|turn|26\n|inactive|damn im permaban has 120 seconds left.\n|\n|t:|1700458367\n|switch|p1a: Toxapex|Toxapex, M|80\/100\n|-damage|p1a: Toxapex|67\/100|[from] Stealth Rock\n|move|p2a: Ninetales|Aurora Veil|p2a: Ninetales\n|-sidestart|p2: nguyenhoanghai|move: Aurora Veil\n|\n|-weather|Snow|[upkeep]\n|-heal|p1a: Toxapex|73\/100|[from] Grassy Terrain\n|-heal|p1a: Toxapex|79\/100|[from] item: Leftovers\n|upkeep\n|turn|27\n|\n|t:|1700458373\n|switch|p2a: Rotom|Rotom-Wash|48\/100 tox\n|move|p1a: Toxapex|Toxic|p2a: Rotom\n|-fail|p2a: Rotom|tox\n|\n|-weather|Snow|[upkeep]\n|-heal|p2a: Rotom|54\/100 tox|[from] item: Leftovers\n|-heal|p1a: Toxapex|85\/100|[from] Grassy Terrain\n|-heal|p1a: Toxapex|91\/100|[from] item: Leftovers\n|-damage|p2a: Rotom|48\/100 tox|[from] psn\n|upkeep\n|turn|28\n|\n|t:|1700458379\n|switch|p1a: Clefable|Clefable, M|59\/100 brn\n|move|p2a: Rotom|Volt Switch|p1a: Clefable\n|-damage|p1a: Clefable|29\/100 brn\n|\n|t:|1700458384\n|switch|p2a: Sneasler|Sneasler, M, shiny|56\/100|[from] Volt Switch\n|\n|-weather|Snow|[upkeep]\n|-heal|p2a: Sneasler|62\/100|[from] Grassy Terrain\n|-heal|p1a: Clefable|35\/100 brn|[from] Grassy Terrain\n|-heal|p1a: Clefable|41\/100 brn|[from] item: Leftovers\n|-fieldend|move: Grassy Terrain\n|upkeep\n|turn|29\n|inactive|damn im permaban has 120 seconds left.\n|\n|t:|1700458396\n|switch|p1a: Dondozo|Dondozo, F|95\/100\n|-damage|p1a: Dondozo|83\/100|[from] Stealth Rock\n|move|p2a: Sneasler|Dire Claw|p1a: Dondozo\n|-damage|p1a: Dondozo|58\/100\n|-status|p1a: Dondozo|par\n|\n|-weather|none\n|-heal|p1a: Dondozo|64\/100 par|[from] item: Leftovers\n|upkeep\n|turn|30\n|inactive|damn im permaban has 120 seconds left.\n|\n|t:|1700458404\n|switch|p2a: Rillaboom|Rillaboom, M, shiny|69\/100\n|-fieldstart|move: Grassy Terrain|[from] ability: Grassy Surge|[of] p2a: Rillaboom\n|move|p1a: Dondozo|Rest|p1a: Dondozo\n|-status|p1a: Dondozo|slp|[from] move: Rest\n|-heal|p1a: Dondozo|100\/100 slp|[silent]\n|\n|-heal|p2a: Rillaboom|75\/100|[from] Grassy Terrain\n|upkeep\n|turn|31\n|inactive|damn im permaban has 120 seconds left.\n|\n|t:|1700458416\n|switch|p1a: Corviknight|Corviknight, M|88\/100\n|-damage|p1a: Corviknight|76\/100|[from] Stealth Rock\n|-ability|p1a: Corviknight|Pressure\n|move|p2a: Rillaboom|Knock Off|p1a: Corviknight\n|-damage|p1a: Corviknight|45\/100\n|\n|-heal|p2a: Rillaboom|81\/100|[from] Grassy Terrain\n|upkeep\n|turn|32\n|\n|t:|1700458434\n|switch|p2a: Heatran|Heatran, M|100\/100\n|move|p1a: Corviknight|Roost|p1a: Corviknight\n|-heal|p1a: Corviknight|95\/100\n|-singleturn|p1a: Corviknight|move: Roost\n|\n|-heal|p1a: Corviknight|100\/100|[from] Grassy Terrain\n|upkeep\n|turn|33\n|\n|t:|1700458445\n|switch|p1a: Dondozo|Dondozo, F|100\/100 slp\n|-damage|p1a: Dondozo|88\/100 slp|[from] Stealth Rock\n|move|p2a: Heatran|Substitute|p2a: Heatran\n|-start|p2a: Heatran|Substitute\n|-damage|p2a: Heatran|76\/100\n|\n|-heal|p2a: Heatran|82\/100|[from] Grassy Terrain\n|-heal|p2a: Heatran|88\/100|[from] item: Leftovers\n|-heal|p1a: Dondozo|94\/100 slp|[from] Grassy Terrain\n|-heal|p1a: Dondozo|100\/100 slp|[from] item: Leftovers\n|-sideend|p2: nguyenhoanghai|move: Aurora Veil\n|upkeep\n|turn|34\n|\n|t:|1700458451\n|move|p2a: Heatran|Earth Power|p1a: Dondozo\n|-damage|p1a: Dondozo|77\/100 slp\n|cant|p1a: Dondozo|slp\n|move|p1a: Dondozo|Sleep Talk|p1a: Dondozo\n|move|p1a: Dondozo|Rest||[from]move: Sleep Talk|[still]\n|-fail|p1a: Dondozo\n|\n|-heal|p2a: Heatran|94\/100|[from] Grassy Terrain\n|-heal|p2a: Heatran|100\/100|[from] item: Leftovers\n|-heal|p1a: Dondozo|83\/100 slp|[from] Grassy Terrain\n|-heal|p1a: Dondozo|90\/100 slp|[from] item: Leftovers\n|-fieldend|move: Grassy Terrain\n|upkeep\n|turn|35\n|\n|t:|1700458463\n|move|p2a: Heatran|Earth Power|p1a: Dondozo\n|-crit|p1a: Dondozo\n|-damage|p1a: Dondozo|56\/100 slp\n|cant|p1a: Dondozo|slp\n|move|p1a: Dondozo|Sleep Talk|p1a: Dondozo\n|move|p1a: Dondozo|Curse|p1a: Dondozo|[from]move: Sleep Talk\n|-unboost|p1a: Dondozo|spe|1\n|-boost|p1a: Dondozo|atk|1\n|-boost|p1a: Dondozo|def|1\n|\n|-heal|p1a: Dondozo|62\/100 slp|[from] item: Leftovers\n|upkeep\n|turn|36\n|\n|t:|1700458473\n|move|p2a: Heatran|Earth Power|p1a: Dondozo\n|-damage|p1a: Dondozo|39\/100 slp\n|-curestatus|p1a: Dondozo|slp|[msg]\n|move|p1a: Dondozo|Liquidation|p2a: Heatran\n|-supereffective|p2a: Heatran\n|-end|p2a: Heatran|Substitute\n|\n|-heal|p1a: Dondozo|45\/100|[from] item: Leftovers\n|upkeep\n|turn|37\n|\n|t:|1700458480\n|switch|p2a: Rillaboom|Rillaboom, M, shiny|81\/100\n|-fieldstart|move: Grassy Terrain|[from] ability: Grassy Surge|[of] p2a: Rillaboom\n|move|p1a: Dondozo|Rest|p1a: Dondozo\n|-status|p1a: Dondozo|slp|[from] move: Rest\n|-heal|p1a: Dondozo|100\/100 slp|[silent]\n|\n|-heal|p2a: Rillaboom|87\/100|[from] Grassy Terrain\n|upkeep\n|turn|38\n|\n|t:|1700458487\n|switch|p1a: Corviknight|Corviknight, M|100\/100\n|-damage|p1a: Corviknight|88\/100|[from] Stealth Rock\n|-ability|p1a: Corviknight|Pressure\n|move|p2a: Rillaboom|Knock Off|p1a: Corviknight\n|-damage|p1a: Corviknight|59\/100\n|\n|-heal|p2a: Rillaboom|94\/100|[from] Grassy Terrain\n|upkeep\n|turn|39\n|\n|t:|1700458506\n|switch|p2a: Heatran|Heatran, M|100\/100\n|move|p1a: Corviknight|Roost|p1a: Corviknight\n|-heal|p1a: Corviknight|100\/100\n|-singleturn|p1a: Corviknight|move: Roost\n|\n|upkeep\n|turn|40\n|\n|t:|1700458510\n|switch|p1a: Dondozo|Dondozo, F|100\/100 slp\n|-damage|p1a: Dondozo|88\/100 slp|[from] Stealth Rock\n|move|p2a: Heatran|Substitute|p2a: Heatran\n|-start|p2a: Heatran|Substitute\n|-damage|p2a: Heatran|76\/100\n|\n|-heal|p2a: Heatran|82\/100|[from] Grassy Terrain\n|-heal|p2a: Heatran|88\/100|[from] item: Leftovers\n|-heal|p1a: Dondozo|94\/100 slp|[from] Grassy Terrain\n|-heal|p1a: Dondozo|100\/100 slp|[from] item: Leftovers\n|upkeep\n|turn|41\n|\n|t:|1700458518\n|move|p2a: Heatran|Earth Power|p1a: Dondozo\n|-damage|p1a: Dondozo|77\/100 slp\n|cant|p1a: Dondozo|slp\n|move|p1a: Dondozo|Sleep Talk|p1a: Dondozo\n|move|p1a: Dondozo|Liquidation|p2a: Heatran|[from]move: Sleep Talk\n|-supereffective|p2a: Heatran\n|-end|p2a: Heatran|Substitute\n|\n|-heal|p2a: Heatran|94\/100|[from] Grassy Terrain\n|-heal|p2a: Heatran|100\/100|[from] item: Leftovers\n|-heal|p1a: Dondozo|83\/100 slp|[from] Grassy Terrain\n|-heal|p1a: Dondozo|89\/100 slp|[from] item: Leftovers\n|-fieldend|move: Grassy Terrain\n|upkeep\n|turn|42\n|\n|t:|1700458526\n|move|p2a: Heatran|Substitute|p2a: Heatran\n|-start|p2a: Heatran|Substitute\n|-damage|p2a: Heatran|76\/100\n|cant|p1a: Dondozo|slp\n|move|p1a: Dondozo|Sleep Talk|p1a: Dondozo\n|move|p1a: Dondozo|Curse|p1a: Dondozo|[from]move: Sleep Talk\n|-unboost|p1a: Dondozo|spe|1\n|-boost|p1a: Dondozo|atk|1\n|-boost|p1a: Dondozo|def|1\n|\n|-heal|p2a: Heatran|82\/100|[from] item: Leftovers\n|-heal|p1a: Dondozo|95\/100 slp|[from] item: Leftovers\n|upkeep\n|turn|43\n|\n|t:|1700458534\n|move|p2a: Heatran|Earth Power|p1a: Dondozo\n|-damage|p1a: Dondozo|75\/100 slp\n|-curestatus|p1a: Dondozo|slp|[msg]\n|move|p1a: Dondozo|Liquidation|p2a: Heatran\n|-supereffective|p2a: Heatran\n|-end|p2a: Heatran|Substitute\n|\n|-heal|p2a: Heatran|88\/100|[from] item: Leftovers\n|-heal|p1a: Dondozo|81\/100|[from] item: Leftovers\n|upkeep\n|turn|44\n|\n|t:|1700458539\n|switch|p2a: Rillaboom|Rillaboom, M, shiny|94\/100\n|-fieldstart|move: Grassy Terrain|[from] ability: Grassy Surge|[of] p2a: Rillaboom\n|move|p1a: Dondozo|Liquidation|p2a: Rillaboom\n|-resisted|p2a: Rillaboom\n|-damage|p2a: Rillaboom|73\/100\n|-unboost|p2a: Rillaboom|def|1\n|\n|-heal|p2a: Rillaboom|79\/100|[from] Grassy Terrain\n|-heal|p1a: Dondozo|87\/100|[from] Grassy Terrain\n|-heal|p1a: Dondozo|93\/100|[from] item: Leftovers\n|upkeep\n|turn|45\n|\n|t:|1700458551\n|switch|p2a: Heatran|Heatran, M|88\/100\n|switch|p1a: Corviknight|Corviknight, M|100\/100\n|-damage|p1a: Corviknight|88\/100|[from] Stealth Rock\n|-ability|p1a: Corviknight|Pressure\n|\n|-heal|p2a: Heatran|94\/100|[from] Grassy Terrain\n|-heal|p2a: Heatran|100\/100|[from] item: Leftovers\n|upkeep\n|turn|46\n|\n|t:|1700458562\n|switch|p1a: Dondozo|Dondozo, F|93\/100\n|-damage|p1a: Dondozo|81\/100|[from] Stealth Rock\n|move|p2a: Heatran|Flamethrower|p1a: Dondozo\n|-resisted|p1a: Dondozo\n|-damage|p1a: Dondozo|65\/100\n|\n|-heal|p1a: Dondozo|71\/100|[from] Grassy Terrain\n|-heal|p1a: Dondozo|77\/100|[from] item: Leftovers\n|upkeep\n|turn|47\n|\n|t:|1700458569\n|switch|p2a: Rillaboom|Rillaboom, M, shiny|79\/100\n|move|p1a: Dondozo|Liquidation|p2a: Rillaboom\n|-resisted|p2a: Rillaboom\n|-damage|p2a: Rillaboom|66\/100\n|\n|-heal|p2a: Rillaboom|72\/100|[from] Grassy Terrain\n|-heal|p1a: Dondozo|83\/100|[from] Grassy Terrain\n|-heal|p1a: Dondozo|89\/100|[from] item: Leftovers\n|upkeep\n|turn|48\n|\n|t:|1700458576\n|switch|p1a: Corviknight|Corviknight, M|88\/100\n|-damage|p1a: Corviknight|76\/100|[from] Stealth Rock\n|-ability|p1a: Corviknight|Pressure\n|move|p2a: Rillaboom|Knock Off|p1a: Corviknight\n|-damage|p1a: Corviknight|44\/100\n|\n|-heal|p2a: Rillaboom|78\/100|[from] Grassy Terrain\n|-fieldend|move: Grassy Terrain\n|upkeep\n|turn|49\n|\n|t:|1700458587\n|switch|p2a: Heatran|Heatran, M|100\/100\n|move|p1a: Corviknight|Roost|p1a: Corviknight\n|-heal|p1a: Corviknight|94\/100\n|-singleturn|p1a: Corviknight|move: Roost\n|\n|upkeep\n|turn|50\n|\n|t:|1700458593\n|switch|p1a: Dondozo|Dondozo, F|89\/100\n|-damage|p1a: Dondozo|77\/100|[from] Stealth Rock\n|move|p2a: Heatran|Flamethrower|p1a: Dondozo\n|-resisted|p1a: Dondozo\n|-damage|p1a: Dondozo|61\/100\n|\n|-heal|p1a: Dondozo|67\/100|[from] item: Leftovers\n|upkeep\n|turn|51\n|\n|t:|1700458600\n|switch|p2a: Rillaboom|Rillaboom, M, shiny|78\/100\n|-fieldstart|move: Grassy Terrain|[from] ability: Grassy Surge|[of] p2a: Rillaboom\n|move|p1a: Dondozo|Liquidation|p2a: Rillaboom\n|-resisted|p2a: Rillaboom\n|-damage|p2a: Rillaboom|65\/100\n|\n|-heal|p2a: Rillaboom|71\/100|[from] Grassy Terrain\n|-heal|p1a: Dondozo|73\/100|[from] Grassy Terrain\n|-heal|p1a: Dondozo|79\/100|[from] item: Leftovers\n|upkeep\n|turn|52\n|\n|t:|1700458614\n|switch|p1a: Corviknight|Corviknight, M|94\/100\n|-damage|p1a: Corviknight|82\/100|[from] Stealth Rock\n|-ability|p1a: Corviknight|Pressure\n|move|p2a: Rillaboom|Knock Off|p1a: Corviknight\n|-damage|p1a: Corviknight|51\/100\n|\n|-heal|p2a: Rillaboom|77\/100|[from] Grassy Terrain\n|upkeep\n|turn|53\n|\n|t:|1700458627\n|switch|p2a: Sneasler|Sneasler, M, shiny|62\/100\n|move|p1a: Corviknight|Roost|p1a: Corviknight\n|-heal|p1a: Corviknight|100\/100\n|-singleturn|p1a: Corviknight|move: Roost\n|\n|-heal|p2a: Sneasler|68\/100|[from] Grassy Terrain\n|upkeep\n|turn|54\n|\n|t:|1700458634\n|switch|p1a: Dondozo|Dondozo, F|79\/100\n|-damage|p1a: Dondozo|67\/100|[from] Stealth Rock\n|move|p2a: Sneasler|U-turn|p1a: Dondozo\n|-damage|p1a: Dondozo|52\/100\n|-status|p1a: Dondozo|psn|[from] ability: Poison Touch|[of] p2a: Sneasler\n|\n|t:|1700458643\n|switch|p2a: Ninetales|Ninetales-Alola, F, shiny|100\/100|[from] U-turn\n|-weather|Snow|[from] ability: Snow Warning|[of] p2a: Ninetales\n|\n|-weather|Snow|[upkeep]\n|-heal|p1a: Dondozo|58\/100 psn|[from] Grassy Terrain\n|-heal|p1a: Dondozo|64\/100 psn|[from] item: Leftovers\n|-damage|p1a: Dondozo|52\/100 psn|[from] psn\n|upkeep\n|turn|55\n|\n|t:|1700458663\n|switch|p1a: Clefable|Clefable, M|41\/100 brn\n|move|p2a: Ninetales|Freeze-Dry|p1a: Clefable\n|-damage|p1a: Clefable|16\/100 brn\n|\n|-weather|Snow|[upkeep]\n|-heal|p1a: Clefable|22\/100 brn|[from] Grassy Terrain\n|-heal|p1a: Clefable|28\/100 brn|[from] item: Leftovers\n|-fieldend|move: Grassy Terrain\n|upkeep\n|turn|56\n|\n|t:|1700458676\n|switch|p1a: Heatran|Heatran, M|100\/100\n|-damage|p1a: Heatran|88\/100|[from] Stealth Rock\n|move|p2a: Ninetales|Aurora Veil|p2a: Ninetales\n|-sidestart|p2: nguyenhoanghai|move: Aurora Veil\n|\n|-weather|Snow|[upkeep]\n|-heal|p1a: Heatran|94\/100|[from] item: Leftovers\n|upkeep\n|turn|57\n|\n|t:|1700458685\n|switch|p2a: Heatran|Heatran, M|100\/100\n|move|p1a: Heatran|Earth Power|p2a: Heatran\n|-supereffective|p2a: Heatran\n|-damage|p2a: Heatran|52\/100\n|\n|-weather|Snow|[upkeep]\n|-heal|p1a: Heatran|100\/100|[from] item: Leftovers\n|-heal|p2a: Heatran|59\/100|[from] item: Leftovers\n|upkeep\n|turn|58\n|\n|t:|1700458703\n|switch|p1a: Dondozo|Dondozo, F|52\/100 psn\n|-damage|p1a: Dondozo|39\/100 psn|[from] Stealth Rock\n|switch|p2a: Rillaboom|Rillaboom, M, shiny|77\/100\n|-fieldstart|move: Grassy Terrain|[from] ability: Grassy Surge|[of] p2a: Rillaboom\n|\n|-weather|none\n|-heal|p2a: Rillaboom|83\/100|[from] Grassy Terrain\n|-heal|p1a: Dondozo|46\/100 psn|[from] Grassy Terrain\n|-heal|p1a: Dondozo|52\/100 psn|[from] item: Leftovers\n|-damage|p1a: Dondozo|39\/100 psn|[from] psn\n|upkeep\n|turn|59\n|\n|t:|1700458712\n|switch|p1a: Corviknight|Corviknight, M|100\/100\n|-damage|p1a: Corviknight|88\/100|[from] Stealth Rock\n|-ability|p1a: Corviknight|Pressure\n|move|p2a: Rillaboom|Knock Off|p1a: Corviknight\n|-damage|p1a: Corviknight|57\/100\n|\n|-heal|p2a: Rillaboom|90\/100|[from] Grassy Terrain\n|upkeep\n|turn|60\n|inactive|damn im permaban has 120 seconds left.\n|\n|t:|1700458744\n|switch|p2a: Heatran|Heatran, M|59\/100\n|switch|p1a: Clefable|Clefable, M|28\/100 brn\n|\n|-heal|p2a: Heatran|65\/100|[from] Grassy Terrain\n|-heal|p2a: Heatran|71\/100|[from] item: Leftovers\n|-heal|p1a: Clefable|34\/100 brn|[from] Grassy Terrain\n|-heal|p1a: Clefable|40\/100 brn|[from] item: Leftovers\n|upkeep\n|turn|61\n|inactive|damn im permaban has 120 seconds left.\n|\n|t:|1700458759\n|switch|p1a: Dondozo|Dondozo, F|39\/100 psn\n|-damage|p1a: Dondozo|27\/100 psn|[from] Stealth Rock\n|move|p2a: Heatran|Substitute|p2a: Heatran\n|-start|p2a: Heatran|Substitute\n|-damage|p2a: Heatran|46\/100\n|\n|-heal|p2a: Heatran|52\/100|[from] Grassy Terrain\n|-heal|p2a: Heatran|59\/100|[from] item: Leftovers\n|-heal|p1a: Dondozo|33\/100 psn|[from] Grassy Terrain\n|-heal|p1a: Dondozo|39\/100 psn|[from] item: Leftovers\n|-damage|p1a: Dondozo|27\/100 psn|[from] psn\n|upkeep\n|turn|62\n|\n|t:|1700458772\n|move|p2a: Heatran|Earth Power|p1a: Dondozo\n|-damage|p1a: Dondozo|6\/100 psn\n|move|p1a: Dondozo|Rest|p1a: Dondozo\n|-status|p1a: Dondozo|slp|[from] move: Rest\n|-heal|p1a: Dondozo|100\/100 slp|[silent]\n|\n|-heal|p2a: Heatran|65\/100|[from] Grassy Terrain\n|-heal|p2a: Heatran|71\/100|[from] item: Leftovers\n|-fieldend|move: Grassy Terrain\n|upkeep\n|turn|63\n|\n|t:|1700458778\n|switch|p2a: Rillaboom|Rillaboom, M, shiny|90\/100\n|-fieldstart|move: Grassy Terrain|[from] ability: Grassy Surge|[of] p2a: Rillaboom\n|cant|p1a: Dondozo|slp\n|move|p1a: Dondozo|Sleep Talk|p1a: Dondozo\n|move|p1a: Dondozo|Rest||[from]move: Sleep Talk|[still]\n|-fail|p1a: Dondozo\n|\n|-heal|p2a: Rillaboom|96\/100|[from] Grassy Terrain\n|-sideend|p2: nguyenhoanghai|move: Aurora Veil\n|upkeep\n|turn|64\n|inactive|damn im permaban has 120 seconds left.\n|\n|t:|1700458787\n|switch|p1a: Corviknight|Corviknight, M|57\/100\n|-damage|p1a: Corviknight|45\/100|[from] Stealth Rock\n|-ability|p1a: Corviknight|Pressure\n|move|p2a: Rillaboom|Knock Off|p1a: Corviknight\n|-crit|p1a: Corviknight\n|-damage|p1a: Corviknight|1\/100\n|\n|-heal|p2a: Rillaboom|100\/100|[from] Grassy Terrain\n|upkeep\n|turn|65\n|inactive|damn im permaban has 120 seconds left.\n|\n|t:|1700458802\n|move|p2a: Rillaboom|Knock Off|p1a: Corviknight\n|-damage|p1a: Corviknight|0 fnt\n|faint|p1a: Corviknight\n|\n|upkeep\n|inactive|damn im permaban has 120 seconds left.\n|\n|t:|1700458810\n|switch|p1a: Landorus|Landorus-Therian, M|100\/100\n|-damage|p1a: Landorus|88\/100|[from] Stealth Rock\n|-ability|p1a: Landorus|Intimidate|boost\n|-unboost|p2a: Rillaboom|atk|1\n|turn|66\n|\n|t:|1700458819\n|-terastallize|p1a: Landorus|Flying\n|move|p1a: Landorus|Tera Blast|p2a: Rillaboom|[anim] Tera Blast Flying\n|-supereffective|p2a: Rillaboom\n|-damage|p2a: Rillaboom|0 fnt\n|faint|p2a: Rillaboom\n|\n|upkeep\n|\n|t:|1700458825\n|switch|p2a: Ninetales|Ninetales-Alola, F, shiny|100\/100\n|-weather|Snow|[from] ability: Snow Warning|[of] p2a: Ninetales\n|turn|67\n|\n|t:|1700458831\n|switch|p1a: Heatran|Heatran, M|100\/100\n|-damage|p1a: Heatran|88\/100|[from] Stealth Rock\n|move|p2a: Ninetales|Blizzard|p1a: Heatran\n|-resisted|p1a: Heatran\n|-damage|p1a: Heatran|78\/100\n|\n|-weather|Snow|[upkeep]\n|-heal|p1a: Heatran|84\/100|[from] Grassy Terrain\n|-heal|p1a: Heatran|90\/100|[from] item: Leftovers\n|-fieldend|move: Grassy Terrain\n|upkeep\n|turn|68\n|\n|t:|1700458838\n|switch|p2a: Heatran|Heatran, M|71\/100\n|move|p1a: Heatran|Magma Storm|p2a: Heatran\n|-start|p2a: Heatran|ability: Flash Fire\n|\n|-weather|Snow|[upkeep]\n|-heal|p1a: Heatran|96\/100|[from] item: Leftovers\n|-heal|p2a: Heatran|77\/100|[from] item: Leftovers\n|upkeep\n|turn|69\n|\n|t:|1700458860\n|-terastallize|p2a: Heatran|Grass\n|move|p1a: Heatran|Earth Power|p2a: Heatran\n|-resisted|p2a: Heatran\n|-damage|p2a: Heatran|64\/100\n|move|p2a: Heatran|Earth Power|p1a: Heatran\n|-supereffective|p1a: Heatran\n|-crit|p1a: Heatran\n|-damage|p1a: Heatran|0 fnt\n|faint|p1a: Heatran\n|\n|-weather|Snow|[upkeep]\n|-heal|p2a: Heatran|71\/100|[from] item: Leftovers\n|upkeep\n|\n|t:|1700458868\n|switch|p1a: Landorus|Landorus-Therian, M, tera:Flying|88\/100\n|-damage|p1a: Landorus|64\/100|[from] Stealth Rock\n|-ability|p1a: Landorus|Intimidate|boost\n|-unboost|p2a: Heatran|atk|1\n|turn|70\n|\n|t:|1700458891\n|-end|p2a: Heatran|ability: Flash Fire|[silent]\n|switch|p2a: Rotom|Rotom-Wash|48\/100 tox\n|move|p1a: Landorus|Tera Blast|p2a: Rotom|[anim] Tera Blast Flying\n|-resisted|p2a: Rotom\n|-damage|p2a: Rotom|14\/100 tox\n|\n|-weather|Snow|[upkeep]\n|-heal|p2a: Rotom|20\/100 tox|[from] item: Leftovers\n|-damage|p2a: Rotom|14\/100 tox|[from] psn\n|upkeep\n|turn|71\n|\n|t:|1700458896\n|move|p1a: Landorus|Tera Blast|p2a: Rotom|[anim] Tera Blast Flying\n|-resisted|p2a: Rotom\n|-damage|p2a: Rotom|0 fnt\n|faint|p2a: Rotom\n|\n|-weather|none\n|upkeep\n|\n|t:|1700458899\n|switch|p2a: Ninetales|Ninetales-Alola, F, shiny|100\/100\n|-weather|Snow|[from] ability: Snow Warning|[of] p2a: Ninetales\n|turn|72\n|\n|t:|1700458903\n|switch|p1a: Clefable|Clefable, M|40\/100 brn\n|move|p2a: Ninetales|Aurora Veil|p2a: Ninetales\n|-sidestart|p2: nguyenhoanghai|move: Aurora Veil\n|\n|-weather|Snow|[upkeep]\n|-heal|p1a: Clefable|46\/100 brn|[from] item: Leftovers\n|upkeep\n|turn|73\n|\n|t:|1700458912\n|switch|p2a: Sneasler|Sneasler, M, shiny|68\/100\n|move|p1a: Clefable|Moonlight|p1a: Clefable\n|-heal|p1a: Clefable|71\/100 brn\n|\n|-weather|Snow|[upkeep]\n|-heal|p1a: Clefable|77\/100 brn|[from] item: Leftovers\n|upkeep\n|turn|74\n|\n|t:|1700458915\n|switch|p1a: Dondozo|Dondozo, F|100\/100 slp\n|-damage|p1a: Dondozo|88\/100 slp|[from] Stealth Rock\n|move|p2a: Sneasler|Dire Claw|p1a: Dondozo\n|-damage|p1a: Dondozo|61\/100 slp\n|\n|-weather|Snow|[upkeep]\n|-heal|p1a: Dondozo|67\/100 slp|[from] item: Leftovers\n|upkeep\n|turn|75\n|\n|t:|1700458925\n|switch|p2a: Heatran|Heatran, M, tera:Grass|71\/100\n|cant|p1a: Dondozo|slp\n|move|p1a: Dondozo|Sleep Talk|p1a: Dondozo\n|move|p1a: Dondozo|Curse|p1a: Dondozo|[from]move: Sleep Talk\n|-unboost|p1a: Dondozo|spe|1\n|-boost|p1a: Dondozo|atk|1\n|-boost|p1a: Dondozo|def|1\n|\n|-weather|Snow|[upkeep]\n|-heal|p2a: Heatran|77\/100|[from] item: Leftovers\n|-heal|p1a: Dondozo|74\/100 slp|[from] item: Leftovers\n|upkeep\n|turn|76\n|\n|t:|1700458939\n|move|p2a: Heatran|Flamethrower|p1a: Dondozo\n|-resisted|p1a: Dondozo\n|-damage|p1a: Dondozo|56\/100 slp\n|-curestatus|p1a: Dondozo|slp|[msg]\n|move|p1a: Dondozo|Liquidation|p2a: Heatran\n|-resisted|p2a: Heatran\n|-damage|p2a: Heatran|68\/100\n|\n|-weather|none\n|-heal|p2a: Heatran|74\/100|[from] item: Leftovers\n|-heal|p1a: Dondozo|62\/100|[from] item: Leftovers\n|upkeep\n|turn|77\n|\n|t:|1700458952\n|move|p2a: Heatran|Substitute|p2a: Heatran\n|-start|p2a: Heatran|Substitute\n|-damage|p2a: Heatran|49\/100\n|move|p1a: Dondozo|Liquidation|p2a: Heatran\n|-resisted|p2a: Heatran\n|-activate|p2a: Heatran|move: Substitute|[damage]\n|\n|-heal|p2a: Heatran|55\/100|[from] item: Leftovers\n|-heal|p1a: Dondozo|68\/100|[from] item: Leftovers\n|upkeep\n|turn|78\n|\n|t:|1700458956\n|move|p2a: Heatran|Flamethrower|p1a: Dondozo\n|-resisted|p1a: Dondozo\n|-damage|p1a: Dondozo|51\/100\n|move|p1a: Dondozo|Liquidation|p2a: Heatran\n|-resisted|p2a: Heatran\n|-activate|p2a: Heatran|move: Substitute|[damage]\n|\n|-heal|p2a: Heatran|61\/100|[from] item: Leftovers\n|-heal|p1a: Dondozo|57\/100|[from] item: Leftovers\n|upkeep\n|turn|79\n|\n|t:|1700458968\n|move|p2a: Heatran|Stealth Rock||[still]\n|-fail|p2a: Heatran\n|move|p1a: Dondozo|Liquidation|p2a: Heatran\n|-resisted|p2a: Heatran\n|-end|p2a: Heatran|Substitute\n|\n|-heal|p2a: Heatran|68\/100|[from] item: Leftovers\n|-heal|p1a: Dondozo|63\/100|[from] item: Leftovers\n|-sideend|p2: nguyenhoanghai|move: Aurora Veil\n|upkeep\n|turn|80\n|\n|t:|1700458990\n|switch|p1a: Clefable|Clefable, M|77\/100 brn\n|move|p2a: Heatran|Flamethrower|p1a: Clefable\n|-damage|p1a: Clefable|32\/100 brn\n|\n|-heal|p2a: Heatran|74\/100|[from] item: Leftovers\n|-heal|p1a: Clefable|38\/100 brn|[from] item: Leftovers\n|upkeep\n|turn|81\n|\n|t:|1700459002\n|move|p2a: Heatran|Flamethrower|p1a: Clefable\n|-damage|p1a: Clefable|0 fnt\n|faint|p1a: Clefable\n|\n|-heal|p2a: Heatran|80\/100|[from] item: Leftovers\n|upkeep\n|\n|t:|1700459006\n|switch|p1a: Landorus|Landorus-Therian, M, tera:Flying|64\/100\n|-damage|p1a: Landorus|39\/100|[from] Stealth Rock\n|-ability|p1a: Landorus|Intimidate|boost\n|-unboost|p2a: Heatran|atk|1\n|turn|82\n|\n|t:|1700459012\n|switch|p2a: Ninetales|Ninetales-Alola, F, shiny|100\/100\n|-weather|Snow|[from] ability: Snow Warning|[of] p2a: Ninetales\n|move|p1a: Landorus|Tera Blast|p2a: Ninetales|[anim] Tera Blast Flying\n|-damage|p2a: Ninetales|30\/100\n|\n|-weather|Snow|[upkeep]\n|upkeep\n|turn|83\n|\n|t:|1700459018\n|move|p1a: Landorus|Tera Blast|p2a: Ninetales|[anim] Tera Blast Flying\n|-damage|p2a: Ninetales|0 fnt\n|faint|p2a: Ninetales\n|\n|-weather|Snow|[upkeep]\n|upkeep\n|\n|t:|1700459024\n|switch|p2a: Sneasler|Sneasler, M, shiny|68\/100\n|turn|84\n|\n|t:|1700459030\n|move|p2a: Sneasler|Dire Claw|p1a: Landorus\n|-damage|p1a: Landorus|0 fnt\n|faint|p1a: Landorus\n|\n|-weather|Snow|[upkeep]\n|upkeep\n|\n|t:|1700459036\n|switch|p1a: Toxapex|Toxapex, M|100\/100\n|-damage|p1a: Toxapex|88\/100|[from] Stealth Rock\n|turn|85\n|\n|t:|1700459057\n|switch|p2a: Heatran|Heatran, M, tera:Grass|80\/100\n|move|p1a: Toxapex|Toxic|p2a: Heatran\n|-status|p2a: Heatran|tox\n|\n|-weather|Snow|[upkeep]\n|-heal|p2a: Heatran|86\/100 tox|[from] item: Leftovers\n|-heal|p1a: Toxapex|94\/100|[from] item: Leftovers\n|-damage|p2a: Heatran|80\/100 tox|[from] psn\n|upkeep\n|turn|86\n|\n|t:|1700459062\n|move|p2a: Heatran|Earth Power|p1a: Toxapex\n|-supereffective|p1a: Toxapex\n|-damage|p1a: Toxapex|41\/100\n|move|p1a: Toxapex|Toxic Spikes|p2a: Heatran\n|-sidestart|p2: nguyenhoanghai|move: Toxic Spikes\n|\n|-weather|none\n|-heal|p2a: Heatran|86\/100 tox|[from] item: Leftovers\n|-heal|p1a: Toxapex|47\/100|[from] item: Leftovers\n|-damage|p2a: Heatran|74\/100 tox|[from] psn\n|upkeep\n|turn|87\n|\n|t:|1700459065\n|switch|p1a: Dondozo|Dondozo, F|63\/100\n|-damage|p1a: Dondozo|51\/100|[from] Stealth Rock\n|move|p2a: Heatran|Earth Power|p1a: Dondozo\n|-damage|p1a: Dondozo|30\/100\n|\n|-heal|p2a: Heatran|80\/100 tox|[from] item: Leftovers\n|-heal|p1a: Dondozo|36\/100|[from] item: Leftovers\n|-damage|p2a: Heatran|61\/100 tox|[from] psn\n|upkeep\n|turn|88\n|\n|t:|1700459075\n|switch|p2a: Sneasler|Sneasler, M, shiny|68\/100\n|-sideend|p2: nguyenhoanghai|move: Toxic Spikes|[of] p2a: Sneasler\n|move|p1a: Dondozo|Rest|p1a: Dondozo\n|-status|p1a: Dondozo|slp|[from] move: Rest\n|-heal|p1a: Dondozo|100\/100 slp|[silent]\n|\n|upkeep\n|turn|89\n|\n|t:|1700459080\n|move|p2a: Sneasler|U-turn|p1a: Dondozo\n|-damage|p1a: Dondozo|86\/100 slp\n|\n|t:|1700459083\n|switch|p2a: Great Tusk|Great Tusk|100\/100|[from] U-turn\n|cant|p1a: Dondozo|slp\n|move|p1a: Dondozo|Sleep Talk|p1a: Dondozo\n|move|p1a: Dondozo|Liquidation|p2a: Great Tusk|[from]move: Sleep Talk\n|-supereffective|p2a: Great Tusk\n|-damage|p2a: Great Tusk|60\/100\n|\n|-heal|p1a: Dondozo|92\/100 slp|[from] item: Leftovers\n|upkeep\n|turn|90\n|\n|t:|1700459098\n|move|p2a: Great Tusk|Knock Off|p1a: Dondozo\n|-damage|p1a: Dondozo|71\/100 slp\n|-enditem|p1a: Dondozo|Leftovers|[from] move: Knock Off|[of] p2a: Great Tusk\n|cant|p1a: Dondozo|slp\n|move|p1a: Dondozo|Sleep Talk|p1a: Dondozo\n|move|p1a: Dondozo|Liquidation|p2a: Great Tusk|[from]move: Sleep Talk\n|-supereffective|p2a: Great Tusk\n|-damage|p2a: Great Tusk|19\/100\n|\n|upkeep\n|turn|91\n|\n|t:|1700459108\n|-end|p2a: Great Tusk|Protosynthesis|[silent]\n|switch|p2a: Heatran|Heatran, M, tera:Grass|61\/100 tox\n|-curestatus|p1a: Dondozo|slp|[msg]\n|move|p1a: Dondozo|Liquidation|p2a: Heatran\n|-resisted|p2a: Heatran\n|-damage|p2a: Heatran|50\/100 tox\n|-unboost|p2a: Heatran|def|1\n|\n|-heal|p2a: Heatran|56\/100 tox|[from] item: Leftovers\n|-damage|p2a: Heatran|50\/100 tox|[from] psn\n|upkeep\n|turn|92\n|\n|t:|1700459119\n|move|p2a: Heatran|Earth Power|p1a: Dondozo\n|-damage|p1a: Dondozo|50\/100\n|move|p1a: Dondozo|Curse|p1a: Dondozo\n|-unboost|p1a: Dondozo|spe|1\n|-boost|p1a: Dondozo|atk|1\n|-boost|p1a: Dondozo|def|1\n|\n|-heal|p2a: Heatran|56\/100 tox|[from] item: Leftovers\n|-damage|p2a: Heatran|44\/100 tox|[from] psn\n|upkeep\n|turn|93\n|\n|t:|1700459123\n|move|p2a: Heatran|Earth Power|p1a: Dondozo\n|-damage|p1a: Dondozo|29\/100\n|move|p1a: Dondozo|Rest|p1a: Dondozo\n|-status|p1a: Dondozo|slp|[from] move: Rest\n|-heal|p1a: Dondozo|100\/100 slp|[silent]\n|\n|-heal|p2a: Heatran|50\/100 tox|[from] item: Leftovers\n|-damage|p2a: Heatran|31\/100 tox|[from] psn\n|upkeep\n|turn|94\n|\n|t:|1700459132\n|switch|p2a: Sneasler|Sneasler, M, shiny|68\/100\n|cant|p1a: Dondozo|slp\n|move|p1a: Dondozo|Sleep Talk|p1a: Dondozo\n|move|p1a: Dondozo|Rest||[from]move: Sleep Talk|[still]\n|-fail|p1a: Dondozo\n|\n|upkeep\n|turn|95\n|\n|t:|1700459142\n|move|p2a: Sneasler|Close Combat|p1a: Dondozo\n|-damage|p1a: Dondozo|75\/100 slp\n|-unboost|p2a: Sneasler|def|1\n|-unboost|p2a: Sneasler|spd|1\n|cant|p1a: Dondozo|slp\n|move|p1a: Dondozo|Sleep Talk|p1a: Dondozo\n|move|p1a: Dondozo|Curse|p1a: Dondozo|[from]move: Sleep Talk\n|-unboost|p1a: Dondozo|spe|1\n|-boost|p1a: Dondozo|atk|1\n|-boost|p1a: Dondozo|def|1\n|\n|upkeep\n|turn|96\n|\n|t:|1700459151\n|move|p2a: Sneasler|Close Combat|p1a: Dondozo\n|-damage|p1a: Dondozo|55\/100 slp\n|-unboost|p2a: Sneasler|def|1\n|-unboost|p2a: Sneasler|spd|1\n|-curestatus|p1a: Dondozo|slp|[msg]\n|move|p1a: Dondozo|Liquidation|p2a: Sneasler\n|-damage|p2a: Sneasler|0 fnt\n|faint|p2a: Sneasler\n|\n|upkeep\n|\n|t:|1700459156\n|switch|p2a: Heatran|Heatran, M, tera:Grass|31\/100 tox\n|turn|97\n|\n|t:|1700459159\n|move|p2a: Heatran|Earth Power|p1a: Dondozo\n|-damage|p1a: Dondozo|33\/100\n|move|p1a: Dondozo|Rest|p1a: Dondozo\n|-status|p1a: Dondozo|slp|[from] move: Rest\n|-heal|p1a: Dondozo|100\/100 slp|[silent]\n|\n|-heal|p2a: Heatran|37\/100 tox|[from] item: Leftovers\n|-damage|p2a: Heatran|31\/100 tox|[from] psn\n|upkeep\n|turn|98\n|\n|t:|1700459166\n|move|p2a: Heatran|Earth Power|p1a: Dondozo\n|-crit|p1a: Dondozo\n|-damage|p1a: Dondozo|68\/100 slp\n|cant|p1a: Dondozo|slp\n|move|p1a: Dondozo|Sleep Talk|p1a: Dondozo\n|move|p1a: Dondozo|Curse|p1a: Dondozo|[from]move: Sleep Talk\n|-unboost|p1a: Dondozo|spe|1\n|-boost|p1a: Dondozo|atk|1\n|-boost|p1a: Dondozo|def|1\n|\n|-heal|p2a: Heatran|37\/100 tox|[from] item: Leftovers\n|-damage|p2a: Heatran|25\/100 tox|[from] psn\n|upkeep\n|turn|99\n|\n|t:|1700459176\n|move|p2a: Heatran|Earth Power|p1a: Dondozo\n|-damage|p1a: Dondozo|45\/100 slp\n|cant|p1a: Dondozo|slp\n|move|p1a: Dondozo|Sleep Talk|p1a: Dondozo\n|move|p1a: Dondozo|Liquidation|p2a: Heatran|[from]move: Sleep Talk\n|-resisted|p2a: Heatran\n|-damage|p2a: Heatran|0 fnt\n|faint|p2a: Heatran\n|\n|upkeep\n|\n|t:|1700459181\n|switch|p2a: Great Tusk|Great Tusk|19\/100\n|turn|100\n|\n|t:|1700459186\n|move|p2a: Great Tusk|Headlong Rush|p1a: Dondozo\n|-damage|p1a: Dondozo|30\/100 slp\n|-unboost|p2a: Great Tusk|def|1\n|-unboost|p2a: Great Tusk|spd|1\n|-curestatus|p1a: Dondozo|slp|[msg]\n|move|p1a: Dondozo|Liquidation|p2a: Great Tusk\n|-supereffective|p2a: Great Tusk\n|-damage|p2a: Great Tusk|0 fnt\n|faint|p2a: Great Tusk\n|-end|p2a: Great Tusk|Protosynthesis|[silent]\n|\n|win|damn im permaban\n|raw|damn im permaban's rating: 1294 &rarr; <strong>1317<\/strong><br \/>(+23 for winning)\n|raw|nguyenhoanghai's rating: 1265 &rarr; <strong>1242<\/strong><br \/>(-23 for losing)\n|l|\u2606nguyenhoanghai\n","uploadtime":1700459196,"views":10,"p1id":"damnimpermaban","p2id":"nguyenhoanghai","formatid":"gen9ou","rating":1242,"private":0,"password":""}