{"id":"gen9ou-1989047178","p1":"alvar03","p2":"Aggron","format":"[Gen 9] OU","log":"|j|\u2606alvar03\n|j|\u2606Aggron\n|t:|1699806260\n|gametype|singles\n|player|p1|alvar03|alder|1709\n|player|p2|Aggron|pokefan-gen4|1740\n|teamsize|p1|6\n|teamsize|p2|6\n|gen|9\n|tier|[Gen 9] OU\n|rated|\n|rule|Sleep Clause Mod: Limit one foe put to sleep\n|rule|Species Clause: Limit one of each Pok\u00e9mon\n|rule|OHKO Clause: OHKO moves are banned\n|rule|Evasion Items Clause: Evasion items are banned\n|rule|Evasion Moves Clause: Evasion moves are banned\n|rule|Endless Battle Clause: Forcing endless battles is banned\n|rule|HP Percentage Mod: HP is shown in percentages\n|clearpoke\n|poke|p1|Ninetales-Alola, F|\n|poke|p1|Enamorus-Therian, F|\n|poke|p1|Ogerpon-Wellspring, F|\n|poke|p1|Greninja-*, M|\n|poke|p1|Moltres-Galar|\n|poke|p1|Great Tusk|\n|poke|p2|Sinistcha-Masterpiece|\n|poke|p2|Tyranitar, F|\n|poke|p2|Heatran, F|\n|poke|p2|Rillaboom, F|\n|poke|p2|Sneasler, F|\n|poke|p2|Gholdengo|\n|teampreview\n|inactive|Battle timer is ON: inactive players will automatically lose when time's up. (requested by Aggron)\n|\n|t:|1699806273\n|start\n|switch|p1a: Ogerpon|Ogerpon-Wellspring, F|100\/100\n|switch|p2a: Sneasler|Sneasler, F|100\/100\n|turn|1\n|j| Milkshook\n|\n|t:|1699806279\n|switch|p1a: Great Tusk|Great Tusk|100\/100\n|-enditem|p1a: Great Tusk|Booster Energy\n|-activate|p1a: Great Tusk|ability: Protosynthesis|[fromitem]\n|-start|p1a: Great Tusk|protosynthesisspe\n|move|p2a: Sneasler|Dire Claw|p1a: Great Tusk\n|-resisted|p1a: Great Tusk\n|-damage|p1a: Great Tusk|89\/100\n|-status|p1a: Great Tusk|slp\n|\n|upkeep\n|turn|2\n|\n|t:|1699806286\n|cant|p1a: Great Tusk|slp\n|move|p2a: Sneasler|U-turn|p1a: Great Tusk\n|-resisted|p1a: Great Tusk\n|-damage|p1a: Great Tusk|81\/100 slp\n|\n|t:|1699806304\n|switch|p2a: Rillaboom|Rillaboom, F|100\/100|[from] U-turn\n|-fieldstart|move: Grassy Terrain|[from] ability: Grassy Surge|[of] p2a: Rillaboom\n|\n|-heal|p1a: Great Tusk|87\/100 slp|[from] Grassy Terrain\n|upkeep\n|turn|3\n|l| Milkshook\n|\n|t:|1699806311\n|-curestatus|p1a: Great Tusk|slp|[msg]\n|move|p1a: Great Tusk|Ice Spinner|p2a: Rillaboom\n|-supereffective|p2a: Rillaboom\n|-damage|p2a: Rillaboom|52\/100\n|-fieldend|move: Grassy Terrain\n|move|p2a: Rillaboom|Wood Hammer|p1a: Great Tusk\n|-supereffective|p1a: Great Tusk\n|-damage|p1a: Great Tusk|0 fnt\n|faint|p1a: Great Tusk\n|-end|p1a: Great Tusk|Protosynthesis|[silent]\n|-damage|p2a: Rillaboom|15\/100|[from] Recoil\n|\n|upkeep\n|j| Tabata Tandemaus\n|\n|t:|1699806317\n|switch|p1a: Ninetales|Ninetales-Alola, F|100\/100\n|-weather|Snow|[from] ability: Snow Warning|[of] p1a: Ninetales\n|turn|4\n|j| PantyPhantom\n|\n|t:|1699806323\n|switch|p1a: Ogerpon|Ogerpon-Wellspring, F|100\/100\n|switch|p2a: Tyranitar|Tyranitar, F|100\/100\n|-weather|Sandstorm|[from] ability: Sand Stream|[of] p2a: Tyranitar\n|\n|-weather|Sandstorm|[upkeep]\n|-damage|p1a: Ogerpon|95\/100|[from] Sandstorm\n|upkeep\n|turn|5\n|j| illes\n|\n|t:|1699806330\n|switch|p2a: Sinistcha|Sinistcha-Masterpiece|100\/100\n|move|p1a: Ogerpon|Ivy Cudgel|p2a: Sinistcha\n|-resisted|p2a: Sinistcha\n|-damage|p2a: Sinistcha|80\/100\n|\n|-weather|Sandstorm|[upkeep]\n|-damage|p1a: Ogerpon|89\/100|[from] Sandstorm\n|-damage|p2a: Sinistcha|74\/100|[from] Sandstorm\n|upkeep\n|turn|6\n|j| Too Many Caps\n|\n|t:|1699806339\n|switch|p1a: Ninetales|Ninetales-Alola, F|100\/100\n|-weather|Snow|[from] ability: Snow Warning|[of] p1a: Ninetales\n|move|p2a: Sinistcha|Matcha Gotcha|p1a: Ninetales\n|-damage|p1a: Ninetales|68\/100\n|-heal|p2a: Sinistcha|90\/100|[from] drain|[of] p1a: Ninetales\n|\n|-weather|Snow|[upkeep]\n|upkeep\n|turn|7\n|\n|t:|1699806345\n|switch|p2a: Tyranitar|Tyranitar, F|100\/100\n|-weather|Sandstorm|[from] ability: Sand Stream|[of] p2a: Tyranitar\n|move|p1a: Ninetales|Freeze-Dry|p2a: Tyranitar\n|-damage|p2a: Tyranitar|89\/100\n|\n|-weather|Sandstorm|[upkeep]\n|-damage|p1a: Ninetales|62\/100|[from] Sandstorm\n|upkeep\n|turn|8\n|\n|t:|1699806350\n|move|p1a: Ninetales|Moonblast|p2a: Tyranitar\n|-supereffective|p2a: Tyranitar\n|-damage|p2a: Tyranitar|61\/100\n|-unboost|p2a: Tyranitar|spa|1\n|move|p2a: Tyranitar|Rock Blast|p1a: Ninetales\n|-supereffective|p1a: Ninetales\n|-crit|p1a: Ninetales\n|-damage|p1a: Ninetales|9\/100\n|-supereffective|p1a: Ninetales\n|-damage|p1a: Ninetales|0 fnt\n|faint|p1a: Ninetales\n|-hitcount|p1: Ninetales|2\n|\n|-weather|Sandstorm|[upkeep]\n|upkeep\n|j| the expirimenter\n|\n|t:|1699806356\n|switch|p1a: Ogerpon|Ogerpon-Wellspring, F|89\/100\n|turn|9\n|\n|t:|1699806360\n|switch|p2a: Sinistcha|Sinistcha-Masterpiece|90\/100\n|move|p1a: Ogerpon|Substitute|p1a: Ogerpon\n|-start|p1a: Ogerpon|Substitute\n|-damage|p1a: Ogerpon|64\/100\n|\n|-weather|Sandstorm|[upkeep]\n|-damage|p1a: Ogerpon|58\/100|[from] Sandstorm\n|-damage|p2a: Sinistcha|84\/100|[from] Sandstorm\n|upkeep\n|turn|10\n|\n|t:|1699806364\n|move|p1a: Ogerpon|Swords Dance|p1a: Ogerpon\n|-boost|p1a: Ogerpon|atk|2\n|move|p2a: Sinistcha|Matcha Gotcha|p1a: Ogerpon\n|-end|p1a: Ogerpon|Substitute\n|-heal|p2a: Sinistcha|95\/100|[from] drain|[of] p1a: Ogerpon\n|\n|-weather|Sandstorm|[upkeep]\n|-damage|p1a: Ogerpon|52\/100|[from] Sandstorm\n|-damage|p2a: Sinistcha|89\/100|[from] Sandstorm\n|upkeep\n|turn|11\n|\n|t:|1699806372\n|move|p1a: Ogerpon|Ivy Cudgel|p2a: Sinistcha\n|-resisted|p2a: Sinistcha\n|-crit|p2a: Sinistcha\n|-damage|p2a: Sinistcha|28\/100\n|move|p2a: Sinistcha|Matcha Gotcha|p1a: Ogerpon\n|-damage|p1a: Ogerpon|15\/100\n|-heal|p2a: Sinistcha|44\/100|[from] drain|[of] p1a: Ogerpon\n|\n|-weather|none\n|upkeep\n|turn|12\n|\n|t:|1699806375\n|move|p1a: Ogerpon|Ivy Cudgel|p2a: Sinistcha\n|-resisted|p2a: Sinistcha\n|-damage|p2a: Sinistcha|6\/100\n|move|p2a: Sinistcha|Strength Sap|p1a: Ogerpon\n|-unboost|p1a: Ogerpon|atk|1\n|-heal|p2a: Sinistcha|100\/100\n|\n|upkeep\n|turn|13\n|\n|t:|1699806380\n|move|p1a: Ogerpon|Ivy Cudgel|p2a: Sinistcha\n|-resisted|p2a: Sinistcha\n|-damage|p2a: Sinistcha|72\/100\n|move|p2a: Sinistcha|Hex|p1a: Ogerpon\n|-damage|p1a: Ogerpon|0 fnt\n|faint|p1a: Ogerpon\n|\n|upkeep\n|\n|t:|1699806389\n|switch|p1a: Greninja|Greninja, M|100\/100\n|turn|14\n|\n|t:|1699806398\n|switch|p2a: Sneasler|Sneasler, F|100\/100\n|move|p1a: Greninja|Dark Pulse|p2a: Sneasler\n|-resisted|p2a: Sneasler\n|-damage|p2a: Sneasler|70\/100\n|-damage|p1a: Greninja|91\/100|[from] item: Life Orb\n|\n|upkeep\n|turn|15\n|\n|t:|1699806402\n|move|p2a: Sneasler|Fake Out|p1a: Greninja\n|-damage|p1a: Greninja|69\/100\n|-status|p1a: Greninja|psn|[from] ability: Poison Touch|[of] p2a: Sneasler\n|cant|p1a: Greninja|flinch\n|\n|-damage|p1a: Greninja|57\/100 psn|[from] psn\n|upkeep\n|turn|16\n|\n|t:|1699806409\n|switch|p2a: Tyranitar|Tyranitar, F|61\/100\n|-weather|Sandstorm|[from] ability: Sand Stream|[of] p2a: Tyranitar\n|move|p1a: Greninja|Dark Pulse|p2a: Tyranitar\n|-resisted|p2a: Tyranitar\n|-damage|p2a: Tyranitar|49\/100\n|-damage|p1a: Greninja|47\/100 psn|[from] item: Life Orb\n|\n|-weather|Sandstorm|[upkeep]\n|-damage|p1a: Greninja|41\/100 psn|[from] Sandstorm\n|-damage|p1a: Greninja|29\/100 psn|[from] psn\n|upkeep\n|turn|17\n|\n|t:|1699806417\n|switch|p2a: Rillaboom|Rillaboom, F|15\/100\n|-fieldstart|move: Grassy Terrain|[from] ability: Grassy Surge|[of] p2a: Rillaboom\n|move|p1a: Greninja|Surf|p2a: Rillaboom\n|-resisted|p2a: Rillaboom\n|-damage|p2a: Rillaboom|0 fnt\n|faint|p2a: Rillaboom\n|-ability|p1a: Greninja|Battle Bond|boost\n|-boost|p1a: Greninja|atk|1\n|-boost|p1a: Greninja|spa|1\n|-boost|p1a: Greninja|spe|1\n|-activate|p1a: Greninja|ability: Battle Bond\n|-damage|p1a: Greninja|19\/100 psn|[from] item: Life Orb\n|\n|-weather|Sandstorm|[upkeep]\n|-damage|p1a: Greninja|13\/100 psn|[from] Sandstorm\n|-heal|p1a: Greninja|19\/100 psn|[from] Grassy Terrain\n|-damage|p1a: Greninja|7\/100 psn|[from] psn\n|upkeep\n|\n|t:|1699806420\n|switch|p2a: Sneasler|Sneasler, F|70\/100\n|turn|18\n|\n|t:|1699806422\n|move|p2a: Sneasler|Fake Out|p1a: Greninja\n|-damage|p1a: Greninja|0 fnt\n|faint|p1a: Greninja\n|\n|-weather|Sandstorm|[upkeep]\n|-damage|p2a: Sneasler|64\/100|[from] Sandstorm\n|-heal|p2a: Sneasler|70\/100|[from] Grassy Terrain\n|upkeep\n|\n|t:|1699806431\n|switch|p1a: Moltres|Moltres-Galar|100\/100\n|turn|19\n|\n|t:|1699806439\n|move|p2a: Sneasler|U-turn|p1a: Moltres\n|-damage|p1a: Moltres|74\/100\n|\n|t:|1699806442\n|switch|p2a: Gholdengo|Gholdengo|100\/100|[from] U-turn\n|move|p1a: Moltres|Nasty Plot|p1a: Moltres\n|-boost|p1a: Moltres|spa|2\n|\n|-weather|Sandstorm|[upkeep]\n|-damage|p1a: Moltres|68\/100|[from] Sandstorm\n|upkeep\n|turn|20\n|\n|t:|1699806448\n|move|p2a: Gholdengo|Make It Rain|p1a: Moltres\n|-damage|p1a: Moltres|8\/100\n|-unboost|p2a: Gholdengo|spa|1\n|-ability|p1a: Moltres|Berserk|boost\n|-boost|p1a: Moltres|spa|1\n|-enditem|p1a: Moltres|Sitrus Berry|[eat]\n|-heal|p1a: Moltres|33\/100|[from] item: Sitrus Berry\n|move|p1a: Moltres|Fiery Wrath|p2a: Gholdengo\n|-supereffective|p2a: Gholdengo\n|-damage|p2a: Gholdengo|0 fnt\n|faint|p2a: Gholdengo\n|\n|-weather|none\n|upkeep\n|\n|t:|1699806453\n|switch|p2a: Sneasler|Sneasler, F|70\/100\n|turn|21\n|\n|t:|1699806456\n|move|p2a: Sneasler|Fake Out|p1a: Moltres\n|-damage|p1a: Moltres|17\/100\n|cant|p1a: Moltres|flinch\n|\n|-heal|p2a: Sneasler|76\/100|[from] Grassy Terrain\n|-fieldend|move: Grassy Terrain\n|upkeep\n|turn|22\n|\n|t:|1699806462\n|move|p2a: Sneasler|U-turn|p1a: Moltres\n|-damage|p1a: Moltres|0 fnt\n|faint|p1a: Moltres\n|\n|t:|1699806463\n|switch|p2a: Heatran|Heatran, F|100\/100|[from] U-turn\n|-item|p2a: Heatran|Air Balloon\n|\n|upkeep\n|\n|t:|1699806465\n|switch|p1a: Enamorus|Enamorus-Therian, F|100\/100\n|turn|23\n|\n|t:|1699806467\n|move|p2a: Heatran|Taunt|p1a: Enamorus\n|-start|p1a: Enamorus|move: Taunt\n|cant|p1a: Enamorus|move: Taunt|Calm Mind\n|\n|upkeep\n|turn|24\n|j| teamo505\n|\n|t:|1699806469\n|move|p2a: Heatran|Magma Storm|p1a: Enamorus\n|-damage|p1a: Enamorus|46\/100\n|-activate|p1a: Enamorus|move: Magma Storm|[of] p2a: Heatran\n|move|p1a: Enamorus|Draining Kiss|p2a: Heatran\n|-resisted|p2a: Heatran\n|-damage|p2a: Heatran|95\/100\n|-heal|p1a: Enamorus|50\/100|[from] drain|[of] p2a: Heatran\n|-enditem|p2a: Heatran|Air Balloon\n|\n|-heal|p1a: Enamorus|56\/100|[from] item: Leftovers\n|-damage|p1a: Enamorus|44\/100|[from] move: Magma Storm|[partiallytrapped]\n|upkeep\n|turn|25\n|c|\u2606alvar03|dude\n|c|\u2606alvar03|ur team\n|c|\u2606alvar03|is like perfect against mine\n|j| tapu moxo\n|c|\u2606alvar03|gg\n|j| ADM02\n|c|\u2606Aggron|Gg\n|\n|t:|1699806489\n|move|p2a: Heatran|Magma Storm|p1a: Enamorus\n|-damage|p1a: Enamorus|0 fnt\n|faint|p1a: Enamorus\n|\n|win|Aggron\n|raw|alvar03's rating: 1709 &rarr; <strong>1691<\/strong><br \/>(-18 for losing)\n|raw|Aggron's rating: 1740 &rarr; <strong>1758<\/strong><br \/>(+18 for winning)\n","uploadtime":1699806496,"views":24,"p1id":"alvar03","p2id":"aggron","formatid":"gen9ou","rating":1691,"private":0,"password":""}