{"id":"gen9ou-1997269811","p1":"Heihachi Mishima","p2":"DeepestButton","format":"[Gen 9] OU","log":"|j|\u2606Heihachi Mishima\n|j|\u2606DeepestButton\n|t:|1700782750\n|gametype|singles\n|player|p1|Heihachi Mishima|bruno-gen2|1528\n|player|p2|DeepestButton|hiker-gen4|1475\n|teamsize|p1|6\n|teamsize|p2|6\n|gen|9\n|tier|[Gen 9] OU\n|rated|\n|rule|Sleep Clause Mod: Limit one foe put to sleep\n|rule|Species Clause: Limit one of each Pok\u00e9mon\n|rule|OHKO Clause: OHKO moves are banned\n|rule|Evasion Items Clause: Evasion items are banned\n|rule|Evasion Moves Clause: Evasion moves are banned\n|rule|Endless Battle Clause: Forcing endless battles is banned\n|rule|HP Percentage Mod: HP is shown in percentages\n|clearpoke\n|poke|p1|Brambleghast, F|\n|poke|p1|Azumarill, F|\n|poke|p1|Hoopa-Unbound|\n|poke|p1|Corviknight, M|\n|poke|p1|Tornadus, M|\n|poke|p1|Great Tusk|\n|poke|p2|Garganacl, F|\n|poke|p2|Rillaboom, F|\n|poke|p2|Hatterene, F|\n|poke|p2|Gholdengo|\n|poke|p2|Great Tusk|\n|poke|p2|Walking Wake|\n|teampreview\n|inactive|Battle timer is ON: inactive players will automatically lose when time's up. (requested by Heihachi Mishima)\n|\n|t:|1700782766\n|start\n|switch|p1a: Gan Fall|Tornadus, M, shiny|100\/100\n|switch|p2a: Great Tusk|Great Tusk|100\/100\n|turn|1\n|\n|t:|1700782788\n|-end|p2a: Great Tusk|Protosynthesis|[silent]\n|switch|p2a: Garganacl|Garganacl, F|100\/100\n|move|p1a: Gan Fall|Tailwind|p1a: Gan Fall\n|-sidestart|p1: Heihachi Mishima|move: Tailwind\n|\n|upkeep\n|turn|2\n|\n|t:|1700782801\n|switch|p1a: Tumbleweed|Brambleghast, F|100\/100\n|-ability|p1a: Tumbleweed|Wind Rider|boost\n|-boost|p1a: Tumbleweed|atk|1\n|move|p2a: Garganacl|Salt Cure|p1a: Tumbleweed\n|-damage|p1a: Tumbleweed|74\/100\n|-start|p1a: Tumbleweed|Salt Cure\n|\n|-damage|p1a: Tumbleweed|61\/100|[from] Salt Cure\n|upkeep\n|turn|3\n|inactive|DeepestButton has 120 seconds left.\n|\n|t:|1700782839\n|switch|p2a: Gholdengo|Gholdengo|100\/100\n|-item|p2a: Gholdengo|Air Balloon\n|move|p1a: Tumbleweed|Power Whip|p2a: Gholdengo\n|-resisted|p2a: Gholdengo\n|-damage|p2a: Gholdengo|44\/100\n|-enditem|p2a: Gholdengo|Air Balloon\n|-damage|p1a: Tumbleweed|51\/100|[from] item: Life Orb\n|\n|-damage|p1a: Tumbleweed|39\/100|[from] Salt Cure\n|upkeep\n|turn|4\n|\n|t:|1700782854\n|move|p1a: Tumbleweed|Shadow Sneak|p2a: Gholdengo\n|-supereffective|p2a: Gholdengo\n|-damage|p2a: Gholdengo|0 fnt\n|faint|p2a: Gholdengo\n|-damage|p1a: Tumbleweed|29\/100|[from] item: Life Orb\n|\n|-damage|p1a: Tumbleweed|17\/100|[from] Salt Cure\n|-sideend|p1: Heihachi Mishima|move: Tailwind\n|upkeep\n|\n|t:|1700782865\n|switch|p2a: Rillaboom|Rillaboom, F|100\/100\n|-fieldstart|move: Grassy Terrain|[from] ability: Grassy Surge|[of] p2a: Rillaboom\n|turn|5\n|\n|t:|1700782875\n|switch|p1a: Lord Crow|Corviknight, M|100\/100\n|switch|p2a: Garganacl|Garganacl, F|100\/100\n|\n|upkeep\n|turn|6\n|\n|t:|1700782882\n|move|p2a: Garganacl|Iron Defense|p2a: Garganacl\n|-boost|p2a: Garganacl|def|2\n|move|p1a: Lord Crow|U-turn|p2a: Garganacl\n|-damage|p2a: Garganacl|96\/100\n|\n|t:|1700782898\n|switch|p1a: Carrot|Azumarill, F|100\/100|[from] U-turn\n|\n|-heal|p2a: Garganacl|100\/100|[from] Grassy Terrain\n|upkeep\n|turn|7\n|inactive|DeepestButton has 120 seconds left.\n|\n|t:|1700782914\n|move|p1a: Carrot|Encore|p2a: Garganacl\n|-start|p2a: Garganacl|Encore\n|move|p2a: Garganacl|Iron Defense|p2a: Garganacl\n|-boost|p2a: Garganacl|def|2\n|\n|upkeep\n|turn|8\n|inactive|DeepestButton has 120 seconds left.\n|\n|t:|1700782920\n|switch|p2a: Rillaboom|Rillaboom, F|100\/100\n|move|p1a: Carrot|Play Rough|p2a: Rillaboom\n|-damage|p2a: Rillaboom|40\/100\n|\n|-heal|p2a: Rillaboom|46\/100|[from] Grassy Terrain\n|upkeep\n|turn|9\n|\n|t:|1700782926\n|switch|p1a: Lord Crow|Corviknight, M|100\/100\n|-terastallize|p2a: Rillaboom|Grass\n|move|p2a: Rillaboom|Grassy Glide|p1a: Lord Crow\n|-resisted|p1a: Lord Crow\n|-damage|p1a: Lord Crow|86\/100\n|\n|-heal|p2a: Rillaboom|52\/100|[from] Grassy Terrain\n|-fieldend|move: Grassy Terrain\n|upkeep\n|turn|10\n|\n|t:|1700782931\n|switch|p2a: Garganacl|Garganacl, F|100\/100\n|move|p1a: Lord Crow|Tailwind|p1a: Lord Crow\n|-sidestart|p1: Heihachi Mishima|move: Tailwind\n|\n|upkeep\n|turn|11\n|\n|t:|1700782935\n|move|p2a: Garganacl|Salt Cure|p1a: Lord Crow\n|-damage|p1a: Lord Crow|77\/100\n|-start|p1a: Lord Crow|Salt Cure\n|move|p1a: Lord Crow|U-turn|p2a: Garganacl\n|-crit|p2a: Garganacl\n|-damage|p2a: Garganacl|87\/100\n|\n|t:|1700782938\n|switch|p1a: Tumbleweed|Brambleghast, F|17\/100|[from] U-turn\n|-ability|p1a: Tumbleweed|Wind Rider|boost\n|-boost|p1a: Tumbleweed|atk|1\n|\n|-heal|p2a: Garganacl|93\/100|[from] item: Leftovers\n|upkeep\n|turn|12\n|\n|t:|1700782954\n|switch|p2a: Rillaboom|Rillaboom, F, tera:Grass|52\/100\n|-fieldstart|move: Grassy Terrain|[from] ability: Grassy Surge|[of] p2a: Rillaboom\n|move|p1a: Tumbleweed|Power Whip|p2a: Rillaboom\n|-resisted|p2a: Rillaboom\n|-damage|p2a: Rillaboom|0 fnt\n|faint|p2a: Rillaboom\n|-damage|p1a: Tumbleweed|7\/100|[from] item: Life Orb\n|\n|-heal|p1a: Tumbleweed|13\/100|[from] Grassy Terrain\n|upkeep\n|\n|t:|1700782966\n|switch|p2a: Walking Wake|Walking Wake|100\/100\n|-enditem|p2a: Walking Wake|Booster Energy\n|-activate|p2a: Walking Wake|ability: Protosynthesis|[fromitem]\n|-start|p2a: Walking Wake|protosynthesisspe\n|turn|13\n|\n|t:|1700782988\n|move|p1a: Tumbleweed|Power Whip|p2a: Walking Wake\n|-damage|p2a: Walking Wake|0 fnt\n|faint|p2a: Walking Wake\n|-end|p2a: Walking Wake|Protosynthesis|[silent]\n|-damage|p1a: Tumbleweed|3\/100|[from] item: Life Orb\n|\n|-heal|p1a: Tumbleweed|9\/100|[from] Grassy Terrain\n|-sideend|p1: Heihachi Mishima|move: Tailwind\n|upkeep\n|-message|DeepestButton forfeited.\n|\n|win|Heihachi Mishima\n|raw|Heihachi Mishima's rating: 1528 &rarr; <strong>1545<\/strong><br \/>(+17 for winning)\n|raw|DeepestButton's rating: 1475 &rarr; <strong>1458<\/strong><br \/>(-17 for losing)\n|l|\u2606DeepestButton\n","uploadtime":1700783006,"views":4,"p1id":"heihachimishima","p2id":"deepestbutton","formatid":"gen9ou","rating":1458,"private":0,"password":""}