{"id":"gen9ou-1995757591","p1":"B1RKSY","p2":"A1-andy","format":"[Gen 9] OU","log":"|j|\u2606B1RKSY\n|j|\u2606A1-andy\n|t:|1700600326\n|gametype|singles\n|player|p1|B1RKSY|cynthia-gen4|1564\n|player|p2|A1-andy|red|1565\n|teamsize|p1|6\n|teamsize|p2|6\n|gen|9\n|tier|[Gen 9] OU\n|rated|\n|rule|Sleep Clause Mod: Limit one foe put to sleep\n|rule|Species Clause: Limit one of each Pok\u00e9mon\n|rule|OHKO Clause: OHKO moves are banned\n|rule|Evasion Items Clause: Evasion items are banned\n|rule|Evasion Moves Clause: Evasion moves are banned\n|rule|Endless Battle Clause: Forcing endless battles is banned\n|rule|HP Percentage Mod: HP is shown in percentages\n|clearpoke\n|poke|p1|Torkoal, F|\n|poke|p1|Walking Wake|\n|poke|p1|Glimmora, F|\n|poke|p1|Zoroark-Hisui, F|\n|poke|p1|Great Tusk|\n|poke|p1|Zapdos|\n|poke|p2|Greninja-*, M|\n|poke|p2|Zamazenta-*|\n|poke|p2|Slowking-Galar, M|\n|poke|p2|Dragonite, M|\n|poke|p2|Enamorus, F|\n|poke|p2|Arcanine-Hisui, M|\n|teampreview\n|inactive|Battle timer is ON: inactive players will automatically lose when time's up. (requested by A1-andy)\n|\n|t:|1700600347\n|start\n|switch|p1a: Glimmora|Glimmora, F|100\/100\n|switch|p2a: Dragonite|Dragonite, M, shiny|100\/100\n|turn|1\n|\n|t:|1700600355\n|move|p1a: Glimmora|Shadow Ball|p2a: Dragonite\n|-damage|p2a: Dragonite|71\/100\n|-unboost|p2a: Dragonite|spd|1\n|-damage|p1a: Glimmora|91\/100|[from] item: Life Orb\n|move|p2a: Dragonite|Dragon Dance|p2a: Dragonite\n|-boost|p2a: Dragonite|atk|1\n|-boost|p2a: Dragonite|spe|1\n|\n|upkeep\n|turn|2\n|j| Sandy C*cks\n|\n|t:|1700600372\n|move|p2a: Dragonite|Earthquake|p1a: Glimmora\n|-damage|p1a: Glimmora|0 fnt\n|replace|p1a: Zoroark|Zoroark-Hisui, F\n|-end|p1a: Zoroark|Illusion\n|faint|p1a: Zoroark\n|\n|upkeep\n|\n|t:|1700600381\n|switch|p1a: Glimmora|Glimmora, F|100\/100\n|turn|3\n|\n|t:|1700600384\n|move|p2a: Dragonite|Earthquake|p1a: Glimmora\n|-supereffective|p1a: Glimmora\n|-enditem|p1a: Glimmora|Focus Sash\n|-damage|p1a: Glimmora|1\/100\n|-activate|p1a: Glimmora|ability: Toxic Debris\n|-sidestart|p2: A1-andy|move: Toxic Spikes\n|move|p1a: Glimmora|Power Gem|p2a: Dragonite\n|-supereffective|p2a: Dragonite\n|-damage|p2a: Dragonite|0 fnt\n|faint|p2a: Dragonite\n|\n|upkeep\n|\n|t:|1700600387\n|switch|p2a: James Bond|Greninja, M|100\/100\n|-status|p2a: James Bond|psn\n|turn|4\n|inactive|B1RKSY has 120 seconds left.\n|\n|t:|1700600428\n|move|p2a: James Bond|Surf|p1a: Glimmora\n|-supereffective|p1a: Glimmora\n|-damage|p1a: Glimmora|0 fnt\n|faint|p1a: Glimmora\n|-ability|p2a: James Bond|Battle Bond|boost\n|-boost|p2a: James Bond|atk|1\n|-boost|p2a: James Bond|spa|1\n|-boost|p2a: James Bond|spe|1\n|-activate|p2a: James Bond|ability: Battle Bond\n|-damage|p2a: James Bond|91\/100 psn|[from] item: Life Orb\n|\n|-damage|p2a: James Bond|78\/100 psn|[from] psn\n|upkeep\n|\n|t:|1700600438\n|switch|p1a: Torkoal|Torkoal, F|100\/100\n|-weather|SunnyDay|[from] ability: Drought|[of] p1a: Torkoal\n|turn|5\n|\n|t:|1700600448\n|move|p2a: James Bond|Surf|p1a: Torkoal\n|-supereffective|p1a: Torkoal\n|-damage|p1a: Torkoal|12\/100\n|-damage|p2a: James Bond|69\/100 psn|[from] item: Life Orb\n|move|p1a: Torkoal|Solar Beam||[still]\n|-prepare|p1a: Torkoal|Solar Beam\n|-anim|p1a: Torkoal|Solar Beam|p2a: James Bond\n|-supereffective|p2a: James Bond\n|-damage|p2a: James Bond|0 fnt\n|faint|p2a: James Bond\n|\n|-weather|SunnyDay|[upkeep]\n|upkeep\n|inactive|A1-andy has 120 seconds left.\n|l| Sandy C*cks\n|inactive|A1-andy has 90 seconds left.\n|\n|t:|1700600515\n|switch|p2a: Enamorus|Enamorus, F|100\/100\n|turn|6\n|inactive|B1RKSY has 120 seconds left.\n|\n|t:|1700600521\n|switch|p1a: Zapdos|Zapdos|100\/100\n|move|p2a: Enamorus|Moonblast|p1a: Zapdos\n|-damage|p1a: Zapdos|45\/100\n|-unboost|p1a: Zapdos|spa|1\n|\n|-weather|SunnyDay|[upkeep]\n|upkeep\n|turn|7\n|\n|t:|1700600527\n|move|p2a: Enamorus|Moonblast|p1a: Zapdos\n|-damage|p1a: Zapdos|0 fnt\n|faint|p1a: Zapdos\n|\n|-weather|SunnyDay|[upkeep]\n|upkeep\n|\n|t:|1700600535\n|switch|p1a: Walking Wake|Walking Wake|100\/100\n|-activate|p1a: Walking Wake|ability: Protosynthesis\n|-start|p1a: Walking Wake|protosynthesisspe\n|turn|8\n|\n|t:|1700600541\n|move|p1a: Walking Wake|Hydro Steam|p2a: Enamorus\n|-damage|p2a: Enamorus|0 fnt\n|faint|p2a: Enamorus\n|-damage|p1a: Walking Wake|91\/100|[from] item: Life Orb\n|\n|-weather|SunnyDay|[upkeep]\n|upkeep\n|\n|t:|1700600546\n|switch|p2a: Slowking|Slowking-Galar, M, shiny|100\/100\n|-sideend|p2: A1-andy|move: Toxic Spikes|[of] p2a: Slowking\n|turn|9\n|\n|t:|1700600551\n|move|p1a: Walking Wake|Draco Meteor|p2a: Slowking\n|-damage|p2a: Slowking|54\/100\n|-unboost|p1a: Walking Wake|spa|2\n|-damage|p1a: Walking Wake|81\/100|[from] item: Life Orb\n|move|p2a: Slowking|Sludge Bomb|p1a: Walking Wake\n|-damage|p1a: Walking Wake|31\/100\n|\n|-weather|none\n|-end|p1a: Walking Wake|Protosynthesis\n|upkeep\n|turn|10\n|\n|t:|1700600559\n|-end|p1a: Walking Wake|Protosynthesis|[silent]\n|switch|p1a: Torkoal|Torkoal, F|12\/100\n|-weather|SunnyDay|[from] ability: Drought|[of] p1a: Torkoal\n|move|p2a: Slowking|Psyshock|p1a: Torkoal\n|-damage|p1a: Torkoal|0 fnt\n|faint|p1a: Torkoal\n|\n|-weather|SunnyDay|[upkeep]\n|upkeep\n|\n|t:|1700600568\n|switch|p1a: Great Tusk|Great Tusk|100\/100\n|-activate|p1a: Great Tusk|ability: Protosynthesis\n|-start|p1a: Great Tusk|protosynthesisatk\n|turn|11\n|\n|t:|1700600575\n|-end|p1a: Great Tusk|Protosynthesis|[silent]\n|switch|p1a: Walking Wake|Walking Wake|31\/100\n|-activate|p1a: Walking Wake|ability: Protosynthesis\n|-start|p1a: Walking Wake|protosynthesisspe\n|switch|p2a: Arcanine|Arcanine-Hisui, M|100\/100\n|\n|-weather|SunnyDay|[upkeep]\n|upkeep\n|turn|12\n|\n|t:|1700600588\n|move|p2a: Arcanine|Extreme Speed|p1a: Walking Wake\n|-damage|p1a: Walking Wake|0 fnt\n|faint|p1a: Walking Wake\n|-end|p1a: Walking Wake|Protosynthesis|[silent]\n|\n|-weather|SunnyDay|[upkeep]\n|upkeep\n|\n|t:|1700600593\n|switch|p1a: Great Tusk|Great Tusk|100\/100\n|-activate|p1a: Great Tusk|ability: Protosynthesis\n|-start|p1a: Great Tusk|protosynthesisatk\n|turn|13\n|\n|t:|1700600611\n|switch|p2a: Zamazenta|Zamazenta|100\/100\n|-ability|p2a: Zamazenta|Dauntless Shield|boost\n|-boost|p2a: Zamazenta|def|1\n|move|p1a: Great Tusk|Earthquake|p2a: Zamazenta\n|-damage|p2a: Zamazenta|54\/100\n|\n|-weather|SunnyDay|[upkeep]\n|upkeep\n|turn|14\n|\n|t:|1700600618\n|move|p2a: Zamazenta|Play Rough|p1a: Great Tusk\n|-supereffective|p1a: Great Tusk\n|-damage|p1a: Great Tusk|48\/100\n|-damage|p2a: Zamazenta|44\/100|[from] item: Life Orb\n|move|p1a: Great Tusk|Earthquake|p2a: Zamazenta\n|-damage|p2a: Zamazenta|0 fnt\n|faint|p2a: Zamazenta\n|\n|-weather|none\n|-end|p1a: Great Tusk|Protosynthesis\n|upkeep\n|\n|t:|1700600629\n|switch|p2a: Arcanine|Arcanine-Hisui, M|100\/100\n|turn|15\n|\n|t:|1700600646\n|move|p2a: Arcanine|Flare Blitz|p1a: Great Tusk\n|-damage|p1a: Great Tusk|10\/100\n|move|p1a: Great Tusk|Earthquake|p2a: Arcanine\n|-supereffective|p2a: Arcanine\n|-damage|p2a: Arcanine|0 fnt\n|faint|p2a: Arcanine\n|\n|upkeep\n|\n|t:|1700600649\n|switch|p2a: Slowking|Slowking-Galar, M, shiny|87\/100\n|turn|16\n|\n|t:|1700600657\n|-terastallize|p1a: Great Tusk|Steel\n|-terastallize|p2a: Slowking|Fighting\n|move|p1a: Great Tusk|Earthquake|p2a: Slowking\n|-damage|p2a: Slowking|29\/100\n|move|p2a: Slowking|Sludge Bomb|p1a: Great Tusk\n|-immune|p1a: Great Tusk\n|\n|upkeep\n|turn|17\n|\n|t:|1700600664\n|move|p1a: Great Tusk|Earthquake|p2a: Slowking\n|-damage|p2a: Slowking|0 fnt\n|faint|p2a: Slowking\n|\n|win|B1RKSY\n|raw|B1RKSY's rating: 1564 &rarr; <strong>1584<\/strong><br \/>(+20 for winning)\n|raw|A1-andy's rating: 1565 &rarr; <strong>1545<\/strong><br \/>(-20 for losing)\n|l|\u2606A1-andy\n|c|\u2606B1RKSY|gg\n","uploadtime":1700600671,"views":8,"p1id":"b1rksy","p2id":"a1andy","formatid":"gen9ou","rating":1545,"private":0,"password":""}