{"id":"gen9ou-1990634769","p1":"Airwave15","p2":"goofyrandomalt1234","format":"[Gen 9] OU","log":"|j|\u2606Airwave15\n|j|\u2606goofyrandomalt1234\n|t:|1699987490\n|gametype|singles\n|player|p1|Airwave15|sabrina|1035\n|player|p2|goofyrandomalt1234|hilbert-wonderlauncher|1133\n|teamsize|p1|6\n|teamsize|p2|6\n|gen|9\n|tier|[Gen 9] OU\n|rated|\n|rule|Sleep Clause Mod: Limit one foe put to sleep\n|rule|Species Clause: Limit one of each Pok\u00e9mon\n|rule|OHKO Clause: OHKO moves are banned\n|rule|Evasion Items Clause: Evasion items are banned\n|rule|Evasion Moves Clause: Evasion moves are banned\n|rule|Endless Battle Clause: Forcing endless battles is banned\n|rule|HP Percentage Mod: HP is shown in percentages\n|clearpoke\n|poke|p1|Tinkaton, F|\n|poke|p1|Walking Wake|\n|poke|p1|Clefable, M|\n|poke|p1|Meowscarada, M|\n|poke|p1|Ceruledge, M|\n|poke|p1|Dondozo, F|\n|poke|p2|Ninetales-Alola, F|\n|poke|p2|Corviknight, M|\n|poke|p2|Iron Moth|\n|poke|p2|Ogerpon-Wellspring, F|\n|poke|p2|Dragapult, F|\n|poke|p2|Rillaboom, M|\n|teampreview\n|inactive|Battle timer is ON: inactive players will automatically lose when time's up. (requested by goofyrandomalt1234)\n|\n|t:|1699987498\n|start\n|switch|p1a: Meowscarada|Meowscarada, M|100\/100\n|switch|p2a: Ninetales|Ninetales-Alola, F, shiny|100\/100\n|-weather|Snow|[from] ability: Snow Warning|[of] p2a: Ninetales\n|turn|1\n|\n|t:|1699987512\n|move|p1a: Meowscarada|Taunt|p2a: Ninetales\n|-start|p2a: Ninetales|move: Taunt\n|cant|p2a: Ninetales|move: Taunt|Aurora Veil\n|\n|-weather|Snow|[upkeep]\n|upkeep\n|turn|2\n|\n|t:|1699987518\n|move|p1a: Meowscarada|Spikes|p2a: Ninetales\n|-sidestart|p2: goofyrandomalt1234|Spikes\n|move|p2a: Ninetales|Freeze-Dry|p1a: Meowscarada\n|-supereffective|p1a: Meowscarada\n|-damage|p1a: Meowscarada|33\/100\n|\n|-weather|Snow|[upkeep]\n|upkeep\n|turn|3\n|\n|t:|1699987532\n|move|p1a: Meowscarada|Leaf Storm|p2a: Ninetales\n|-damage|p2a: Ninetales|22\/100\n|-unboost|p1a: Meowscarada|spa|2\n|move|p2a: Ninetales|Freeze-Dry|p1a: Meowscarada\n|-supereffective|p1a: Meowscarada\n|-damage|p1a: Meowscarada|0 fnt\n|faint|p1a: Meowscarada\n|\n|-weather|Snow|[upkeep]\n|-end|p2a: Ninetales|move: Taunt\n|upkeep\n|\n|t:|1699987549\n|switch|p1a: Clefable|Clefable, M|100\/100\n|turn|4\n|\n|t:|1699987553\n|move|p2a: Ninetales|Aurora Veil|p2a: Ninetales\n|-sidestart|p2: goofyrandomalt1234|move: Aurora Veil\n|move|p1a: Clefable|Moonblast|p2a: Ninetales\n|-damage|p2a: Ninetales|7\/100\n|\n|-weather|Snow|[upkeep]\n|upkeep\n|turn|5\n|\n|t:|1699987564\n|move|p2a: Ninetales|Encore|p1a: Clefable\n|-start|p1a: Clefable|Encore\n|move|p1a: Clefable|Moonblast|p2a: Ninetales\n|-damage|p2a: Ninetales|0 fnt\n|faint|p2a: Ninetales\n|\n|-weather|none\n|upkeep\n|\n|t:|1699987567\n|switch|p2a: Iron Moth|Iron Moth, shiny|100\/100\n|-damage|p2a: Iron Moth|88\/100|[from] Spikes\n|-enditem|p2a: Iron Moth|Booster Energy\n|-activate|p2a: Iron Moth|ability: Quark Drive|[fromitem]\n|-start|p2a: Iron Moth|quarkdrivespe\n|turn|6\n|\n|t:|1699987582\n|switch|p1a: Ceruledge|Ceruledge, M|100\/100\n|move|p2a: Iron Moth|Fiery Dance|p1a: Ceruledge\n|-start|p1a: Ceruledge|ability: Flash Fire\n|\n|upkeep\n|turn|7\n|\n|t:|1699987594\n|move|p2a: Iron Moth|Discharge|p1a: Ceruledge\n|-damage|p1a: Ceruledge|81\/100\n|move|p1a: Ceruledge|Bulk Up|p1a: Ceruledge\n|-boost|p1a: Ceruledge|atk|1\n|-boost|p1a: Ceruledge|def|1\n|\n|upkeep\n|turn|8\n|\n|t:|1699987608\n|move|p2a: Iron Moth|Discharge|p1a: Ceruledge\n|-damage|p1a: Ceruledge|63\/100\n|move|p1a: Ceruledge|Close Combat|p2a: Iron Moth\n|-resisted|p2a: Iron Moth\n|-damage|p2a: Iron Moth|70\/100\n|-unboost|p1a: Ceruledge|def|1\n|-unboost|p1a: Ceruledge|spd|1\n|\n|upkeep\n|turn|9\n|\n|t:|1699987620\n|move|p2a: Iron Moth|Discharge|p1a: Ceruledge\n|-damage|p1a: Ceruledge|35\/100\n|move|p1a: Ceruledge|Bitter Blade|p2a: Iron Moth\n|-resisted|p2a: Iron Moth\n|-damage|p2a: Iron Moth|41\/100\n|-heal|p1a: Ceruledge|49\/100|[from] drain|[of] p2a: Iron Moth\n|\n|upkeep\n|turn|10\n|\n|t:|1699987629\n|move|p2a: Iron Moth|Discharge|p1a: Ceruledge\n|-damage|p1a: Ceruledge|21\/100\n|move|p1a: Ceruledge|Bitter Blade|p2a: Iron Moth\n|-resisted|p2a: Iron Moth\n|-damage|p2a: Iron Moth|7\/100\n|-heal|p1a: Ceruledge|37\/100|[from] drain|[of] p2a: Iron Moth\n|\n|upkeep\n|turn|11\n|\n|t:|1699987637\n|move|p1a: Ceruledge|Shadow Sneak|p2a: Iron Moth\n|-damage|p2a: Iron Moth|0 fnt\n|faint|p2a: Iron Moth\n|-end|p2a: Iron Moth|Quark Drive|[silent]\n|\n|-sideend|p2: goofyrandomalt1234|move: Aurora Veil\n|upkeep\n|\n|t:|1699987641\n|switch|p2a: Dragapult|Dragapult, F, shiny|100\/100\n|-damage|p2a: Dragapult|88\/100|[from] Spikes\n|turn|12\n|\n|t:|1699987654\n|move|p2a: Dragapult|Sucker Punch|p1a: Ceruledge\n|-supereffective|p1a: Ceruledge\n|-damage|p1a: Ceruledge|0 fnt\n|faint|p1a: Ceruledge\n|-damage|p2a: Dragapult|78\/100|[from] item: Life Orb\n|\n|upkeep\n|\n|t:|1699987668\n|switch|p1a: Walking Wake|Walking Wake|100\/100\n|-enditem|p1a: Walking Wake|Booster Energy\n|-activate|p1a: Walking Wake|ability: Protosynthesis|[fromitem]\n|-start|p1a: Walking Wake|protosynthesisspa\n|turn|13\n|\n|t:|1699987675\n|switch|p2a: Corviknight|Corviknight, M, shiny|100\/100\n|move|p1a: Walking Wake|Agility|p1a: Walking Wake\n|-boost|p1a: Walking Wake|spe|2\n|\n|upkeep\n|turn|14\n|c|\u2606goofyrandomalt1234|I thought you were scarf\n|\n|t:|1699987690\n|move|p1a: Walking Wake|Surf|p2a: Corviknight\n|-damage|p2a: Corviknight|39\/100\n|move|p2a: Corviknight|Brave Bird|p1a: Walking Wake\n|-damage|p1a: Walking Wake|58\/100\n|-damage|p2a: Corviknight|27\/100|[from] Recoil\n|\n|upkeep\n|turn|15\n|\n|t:|1699987699\n|switch|p2a: Ogerpon|Ogerpon-Wellspring, F|100\/100\n|-damage|p2a: Ogerpon|88\/100|[from] Spikes\n|move|p1a: Walking Wake|Surf|p2a: Ogerpon\n|-heal|p2a: Ogerpon|100\/100|[from] ability: Water Absorb|[of] p1a: Walking Wake\n|\n|upkeep\n|turn|16\n|\n|t:|1699987715\n|move|p1a: Walking Wake|Dragon Pulse|p2a: Ogerpon\n|-damage|p2a: Ogerpon|32\/100\n|move|p2a: Ogerpon|Play Rough|p1a: Walking Wake\n|-supereffective|p1a: Walking Wake\n|-damage|p1a: Walking Wake|0 fnt\n|faint|p1a: Walking Wake\n|-end|p1a: Walking Wake|Protosynthesis|[silent]\n|\n|upkeep\n|\n|t:|1699987731\n|switch|p1a: Tinkaton|Tinkaton, F|100\/100\n|-ability|p1a: Tinkaton|Mold Breaker\n|turn|17\n|\n|t:|1699987741\n|-terastallize|p1a: Tinkaton|Electric\n|move|p2a: Ogerpon|Ivy Cudgel|p1a: Tinkaton|[anim] Ivy Cudgel Water\n|-damage|p1a: Tinkaton|18\/100\n|move|p1a: Tinkaton|Tera Blast|p2a: Ogerpon|[anim] Tera Blast Electric\n|-damage|p2a: Ogerpon|0 fnt\n|faint|p2a: Ogerpon\n|-damage|p1a: Tinkaton|8\/100|[from] item: Life Orb\n|\n|upkeep\n|\n|t:|1699987747\n|switch|p2a: Rillaboom|Rillaboom, M, shiny|100\/100\n|-damage|p2a: Rillaboom|88\/100|[from] Spikes\n|-fieldstart|move: Grassy Terrain|[from] ability: Grassy Surge|[of] p2a: Rillaboom\n|turn|18\n|\n|t:|1699987763\n|switch|p1a: Clefable|Clefable, M|100\/100\n|move|p2a: Rillaboom|Grassy Glide|p1a: Clefable\n|-damage|p1a: Clefable|74\/100\n|\n|-heal|p2a: Rillaboom|94\/100|[from] Grassy Terrain\n|-heal|p1a: Clefable|80\/100|[from] Grassy Terrain\n|-heal|p1a: Clefable|86\/100|[from] item: Leftovers\n|upkeep\n|turn|19\n|\n|t:|1699987775\n|move|p2a: Rillaboom|Taunt|p1a: Clefable\n|-start|p1a: Clefable|move: Taunt\n|move|p1a: Clefable|Knock Off|p2a: Rillaboom\n|-damage|p2a: Rillaboom|78\/100\n|-enditem|p2a: Rillaboom|Terrain Extender|[from] move: Knock Off|[of] p1a: Clefable\n|\n|-heal|p2a: Rillaboom|84\/100|[from] Grassy Terrain\n|-heal|p1a: Clefable|92\/100|[from] Grassy Terrain\n|-heal|p1a: Clefable|98\/100|[from] item: Leftovers\n|upkeep\n|turn|20\n|\n|t:|1699987787\n|move|p2a: Rillaboom|Grassy Glide|p1a: Clefable\n|-damage|p1a: Clefable|72\/100\n|move|p1a: Clefable|Moonblast|p2a: Rillaboom\n|-damage|p2a: Rillaboom|42\/100\n|\n|-heal|p2a: Rillaboom|48\/100|[from] Grassy Terrain\n|-heal|p1a: Clefable|78\/100|[from] Grassy Terrain\n|-heal|p1a: Clefable|84\/100|[from] item: Leftovers\n|upkeep\n|turn|21\n|\n|t:|1699987798\n|move|p2a: Rillaboom|Earthquake|p1a: Clefable\n|-damage|p1a: Clefable|72\/100\n|move|p1a: Clefable|Moonblast|p2a: Rillaboom\n|-damage|p2a: Rillaboom|6\/100\n|\n|-heal|p2a: Rillaboom|12\/100|[from] Grassy Terrain\n|-heal|p1a: Clefable|78\/100|[from] Grassy Terrain\n|-heal|p1a: Clefable|84\/100|[from] item: Leftovers\n|-end|p1a: Clefable|move: Taunt\n|upkeep\n|turn|22\n|\n|t:|1699987814\n|move|p2a: Rillaboom|Taunt|p1a: Clefable\n|-start|p1a: Clefable|move: Taunt\n|cant|p1a: Clefable|move: Taunt|Stealth Rock\n|\n|-heal|p2a: Rillaboom|18\/100|[from] Grassy Terrain\n|-heal|p1a: Clefable|90\/100|[from] Grassy Terrain\n|-heal|p1a: Clefable|96\/100|[from] item: Leftovers\n|upkeep\n|turn|23\n|\n|t:|1699987823\n|move|p2a: Rillaboom|Grassy Glide|p1a: Clefable\n|-damage|p1a: Clefable|70\/100\n|move|p1a: Clefable|Moonblast|p2a: Rillaboom\n|-damage|p2a: Rillaboom|0 fnt\n|faint|p2a: Rillaboom\n|\n|-heal|p1a: Clefable|76\/100|[from] Grassy Terrain\n|-heal|p1a: Clefable|82\/100|[from] item: Leftovers\n|upkeep\n|\n|t:|1699987828\n|switch|p2a: Dragapult|Dragapult, F, shiny|78\/100\n|-damage|p2a: Dragapult|66\/100|[from] Spikes\n|turn|24\n|inactive|Airwave15 has 120 seconds left.\n|\n|t:|1699987856\n|switch|p1a: Dondozo|Dondozo, F|100\/100\n|-terastallize|p2a: Dragapult|Ghost\n|move|p2a: Dragapult|Phantom Force||[still]\n|-prepare|p2a: Dragapult|Phantom Force\n|\n|upkeep\n|turn|25\n|inactive|Airwave15 has 120 seconds left.\n|\n|t:|1699987867\n|move|p2a: Dragapult|Phantom Force|p1a: Dondozo|[from]lockedmove\n|-damage|p1a: Dondozo|65\/100\n|-damage|p2a: Dragapult|50\/100|[from] item: Rocky Helmet|[of] p1a: Dondozo\n|-damage|p2a: Dragapult|40\/100|[from] item: Life Orb\n|move|p1a: Dondozo|Wave Crash|p2a: Dragapult\n|-damage|p2a: Dragapult|0 fnt\n|faint|p2a: Dragapult\n|-damage|p1a: Dondozo|57\/100|[from] Recoil\n|\n|-heal|p1a: Dondozo|63\/100|[from] Grassy Terrain\n|-fieldend|move: Grassy Terrain\n|upkeep\n|\n|t:|1699987874\n|switch|p2a: Corviknight|Corviknight, M, shiny|27\/100\n|turn|26\n|\n|t:|1699987885\n|move|p2a: Corviknight|Roost|p2a: Corviknight\n|-heal|p2a: Corviknight|77\/100\n|-singleturn|p2a: Corviknight|move: Roost\n|move|p1a: Dondozo|Body Press|p2a: Corviknight\n|-supereffective|p2a: Corviknight\n|-damage|p2a: Corviknight|44\/100\n|-damage|p1a: Dondozo|46\/100|[from] item: Rocky Helmet|[of] p2a: Corviknight\n|\n|upkeep\n|turn|27\n|\n|t:|1699987896\n|move|p2a: Corviknight|Roost|p2a: Corviknight\n|-heal|p2a: Corviknight|94\/100\n|-singleturn|p2a: Corviknight|move: Roost\n|move|p1a: Dondozo|Body Press|p2a: Corviknight\n|-supereffective|p2a: Corviknight\n|-damage|p2a: Corviknight|58\/100\n|-damage|p1a: Dondozo|30\/100|[from] item: Rocky Helmet|[of] p2a: Corviknight\n|\n|upkeep\n|turn|28\n|\n|t:|1699987906\n|move|p2a: Corviknight|Brave Bird|p1a: Dondozo\n|-damage|p1a: Dondozo|13\/100\n|-damage|p2a: Corviknight|42\/100|[from] item: Rocky Helmet|[of] p1a: Dondozo\n|-damage|p2a: Corviknight|35\/100|[from] Recoil\n|move|p1a: Dondozo|Rest|p1a: Dondozo\n|-status|p1a: Dondozo|slp|[from] move: Rest\n|-heal|p1a: Dondozo|100\/100 slp|[silent]\n|\n|upkeep\n|turn|29\n|\n|t:|1699987916\n|move|p2a: Corviknight|Roost|p2a: Corviknight\n|-heal|p2a: Corviknight|85\/100\n|-singleturn|p2a: Corviknight|move: Roost\n|cant|p1a: Dondozo|slp\n|move|p1a: Dondozo|Sleep Talk|p1a: Dondozo\n|move|p1a: Dondozo|Wave Crash|p2a: Corviknight|[from]move: Sleep Talk\n|-damage|p2a: Corviknight|60\/100\n|-damage|p1a: Dondozo|84\/100 slp|[from] item: Rocky Helmet|[of] p2a: Corviknight\n|-damage|p1a: Dondozo|77\/100 slp|[from] Recoil\n|\n|upkeep\n|turn|30\n|\n|t:|1699987929\n|move|p2a: Corviknight|U-turn|p1a: Dondozo\n|-damage|p1a: Dondozo|71\/100 slp\n|-damage|p2a: Corviknight|43\/100|[from] item: Rocky Helmet|[of] p1a: Dondozo\n|cant|p1a: Dondozo|slp\n|move|p1a: Dondozo|Sleep Talk|p1a: Dondozo\n|move|p1a: Dondozo|Rest||[from]move: Sleep Talk|[still]\n|-fail|p1a: Dondozo\n|\n|upkeep\n|turn|31\n|\n|t:|1699987938\n|move|p2a: Corviknight|Defog|p1a: Dondozo\n|-unboost|p1a: Dondozo|evasion|1\n|-sideend|p2: goofyrandomalt1234|Spikes|[from] move: Defog|[of] p2a: Corviknight\n|-curestatus|p1a: Dondozo|slp|[msg]\n|move|p1a: Dondozo|Body Press|p2a: Corviknight\n|-damage|p2a: Corviknight|27\/100\n|-damage|p1a: Dondozo|55\/100|[from] item: Rocky Helmet|[of] p2a: Corviknight\n|\n|upkeep\n|turn|32\n|\n|t:|1699987947\n|move|p2a: Corviknight|Roost|p2a: Corviknight\n|-heal|p2a: Corviknight|77\/100\n|-singleturn|p2a: Corviknight|move: Roost\n|move|p1a: Dondozo|Body Press|p2a: Corviknight\n|-supereffective|p2a: Corviknight\n|-damage|p2a: Corviknight|45\/100\n|-damage|p1a: Dondozo|38\/100|[from] item: Rocky Helmet|[of] p2a: Corviknight\n|\n|upkeep\n|turn|33\n|\n|t:|1699987957\n|move|p2a: Corviknight|Roost|p2a: Corviknight\n|-heal|p2a: Corviknight|95\/100\n|-singleturn|p2a: Corviknight|move: Roost\n|move|p1a: Dondozo|Rest|p1a: Dondozo\n|-status|p1a: Dondozo|slp|[from] move: Rest\n|-heal|p1a: Dondozo|100\/100 slp|[silent]\n|\n|upkeep\n|turn|34\n|\n|t:|1699987969\n|move|p2a: Corviknight|Defog|p1a: Dondozo\n|-unboost|p1a: Dondozo|evasion|1\n|cant|p1a: Dondozo|slp\n|move|p1a: Dondozo|Sleep Talk|p1a: Dondozo\n|move|p1a: Dondozo|Wave Crash|p2a: Corviknight|[from]move: Sleep Talk\n|-damage|p2a: Corviknight|71\/100\n|-damage|p1a: Dondozo|84\/100 slp|[from] item: Rocky Helmet|[of] p2a: Corviknight\n|-damage|p1a: Dondozo|77\/100 slp|[from] Recoil\n|\n|upkeep\n|turn|35\n|\n|t:|1699987983\n|move|p2a: Corviknight|Defog|p1a: Dondozo\n|-unboost|p1a: Dondozo|evasion|1\n|cant|p1a: Dondozo|slp\n|move|p1a: Dondozo|Sleep Talk|p1a: Dondozo\n|move|p1a: Dondozo|Rest||[from]move: Sleep Talk|[still]\n|-fail|p1a: Dondozo\n|\n|upkeep\n|turn|36\n|\n|t:|1699987993\n|move|p2a: Corviknight|Defog|p1a: Dondozo\n|-unboost|p1a: Dondozo|evasion|1\n|-curestatus|p1a: Dondozo|slp|[msg]\n|move|p1a: Dondozo|Body Press|p2a: Corviknight\n|-damage|p2a: Corviknight|56\/100\n|-damage|p1a: Dondozo|61\/100|[from] item: Rocky Helmet|[of] p2a: Corviknight\n|\n|upkeep\n|turn|37\n|\n|t:|1699988005\n|move|p2a: Corviknight|Defog|p1a: Dondozo\n|-unboost|p1a: Dondozo|evasion|1\n|move|p1a: Dondozo|Body Press|p2a: Corviknight\n|-damage|p2a: Corviknight|40\/100\n|-damage|p1a: Dondozo|44\/100|[from] item: Rocky Helmet|[of] p2a: Corviknight\n|\n|upkeep\n|turn|38\n|\n|t:|1699988015\n|move|p2a: Corviknight|Defog|p1a: Dondozo\n|-unboost|p1a: Dondozo|evasion|1\n|move|p1a: Dondozo|Body Press|p2a: Corviknight\n|-damage|p2a: Corviknight|22\/100\n|-damage|p1a: Dondozo|27\/100|[from] item: Rocky Helmet|[of] p2a: Corviknight\n|\n|upkeep\n|turn|39\n|\n|t:|1699988023\n|move|p2a: Corviknight|Defog||[still]\n|-unboost|p1a: Dondozo|evasion|0\n|-fail|p2a: Corviknight\n|move|p1a: Dondozo|Rest|p1a: Dondozo\n|-status|p1a: Dondozo|slp|[from] move: Rest\n|-heal|p1a: Dondozo|100\/100 slp|[silent]\n|\n|upkeep\n|turn|40\n|\n|t:|1699988032\n|move|p2a: Corviknight|Roost|p2a: Corviknight\n|-heal|p2a: Corviknight|72\/100\n|-singleturn|p2a: Corviknight|move: Roost\n|cant|p1a: Dondozo|slp\n|move|p1a: Dondozo|Sleep Talk|p1a: Dondozo\n|move|p1a: Dondozo|Wave Crash|p2a: Corviknight|[from]move: Sleep Talk\n|-damage|p2a: Corviknight|48\/100\n|-damage|p1a: Dondozo|84\/100 slp|[from] item: Rocky Helmet|[of] p2a: Corviknight\n|-damage|p1a: Dondozo|77\/100 slp|[from] Recoil\n|\n|upkeep\n|turn|41\n|\n|t:|1699988050\n|move|p2a: Corviknight|Defog||[still]\n|-unboost|p1a: Dondozo|evasion|0\n|-fail|p2a: Corviknight\n|cant|p1a: Dondozo|slp\n|move|p1a: Dondozo|Sleep Talk|p1a: Dondozo\n|move|p1a: Dondozo|Rest||[from]move: Sleep Talk|[still]\n|-fail|p1a: Dondozo\n|\n|upkeep\n|turn|42\n|\n|t:|1699988061\n|move|p2a: Corviknight|Defog||[still]\n|-unboost|p1a: Dondozo|evasion|0\n|-fail|p2a: Corviknight\n|-curestatus|p1a: Dondozo|slp|[msg]\n|move|p1a: Dondozo|Sleep Talk||[still]\n|-fail|p1a: Dondozo\n|\n|upkeep\n|turn|43\n|\n|t:|1699988071\n|move|p2a: Corviknight|Roost|p2a: Corviknight\n|-heal|p2a: Corviknight|98\/100\n|-singleturn|p2a: Corviknight|move: Roost\n|move|p1a: Dondozo|Body Press|p2a: Corviknight\n|-supereffective|p2a: Corviknight\n|-damage|p2a: Corviknight|62\/100\n|-damage|p1a: Dondozo|61\/100|[from] item: Rocky Helmet|[of] p2a: Corviknight\n|\n|upkeep\n|turn|44\n|\n|t:|1699988080\n|move|p2a: Corviknight|Defog||[still]\n|-unboost|p1a: Dondozo|evasion|0\n|-fail|p2a: Corviknight\n|move|p1a: Dondozo|Body Press|p2a: Corviknight\n|-damage|p2a: Corviknight|46\/100\n|-damage|p1a: Dondozo|44\/100|[from] item: Rocky Helmet|[of] p2a: Corviknight\n|\n|upkeep\n|turn|45\n|\n|t:|1699988095\n|move|p2a: Corviknight|Defog||[still]\n|-unboost|p1a: Dondozo|evasion|0\n|-fail|p2a: Corviknight\n|move|p1a: Dondozo|Rest|p1a: Dondozo\n|-status|p1a: Dondozo|slp|[from] move: Rest\n|-heal|p1a: Dondozo|100\/100 slp|[silent]\n|\n|upkeep\n|turn|46\n|\n|t:|1699988103\n|move|p2a: Corviknight|Defog||[still]\n|-unboost|p1a: Dondozo|evasion|0\n|-fail|p2a: Corviknight\n|cant|p1a: Dondozo|slp\n|\n|upkeep\n|turn|47\n|\n|t:|1699988110\n|move|p2a: Corviknight|Defog||[still]\n|-unboost|p1a: Dondozo|evasion|0\n|-fail|p2a: Corviknight\n|cant|p1a: Dondozo|slp\n|\n|upkeep\n|turn|48\n|\n|t:|1699988117\n|move|p2a: Corviknight|Roost|p2a: Corviknight\n|-heal|p2a: Corviknight|96\/100\n|-singleturn|p2a: Corviknight|move: Roost\n|-curestatus|p1a: Dondozo|slp|[msg]\n|move|p1a: Dondozo|Body Press|p2a: Corviknight\n|-supereffective|p2a: Corviknight\n|-damage|p2a: Corviknight|64\/100\n|-damage|p1a: Dondozo|84\/100|[from] item: Rocky Helmet|[of] p2a: Corviknight\n|\n|upkeep\n|turn|49\n|\n|t:|1699988127\n|move|p2a: Corviknight|Defog||[still]\n|-unboost|p1a: Dondozo|evasion|0\n|-fail|p2a: Corviknight\n|move|p1a: Dondozo|Body Press|p2a: Corviknight\n|-crit|p2a: Corviknight\n|-damage|p2a: Corviknight|39\/100\n|-damage|p1a: Dondozo|67\/100|[from] item: Rocky Helmet|[of] p2a: Corviknight\n|\n|upkeep\n|turn|50\n|\n|t:|1699988136\n|move|p2a: Corviknight|Defog||[still]\n|-unboost|p1a: Dondozo|evasion|0\n|-fail|p2a: Corviknight\n|move|p1a: Dondozo|Body Press|p2a: Corviknight\n|-damage|p2a: Corviknight|23\/100\n|-damage|p1a: Dondozo|50\/100|[from] item: Rocky Helmet|[of] p2a: Corviknight\n|\n|upkeep\n|turn|51\n|\n|t:|1699988145\n|move|p2a: Corviknight|Defog||[still]\n|-unboost|p1a: Dondozo|evasion|0\n|-fail|p2a: Corviknight\n|move|p1a: Dondozo|Rest|p1a: Dondozo\n|-status|p1a: Dondozo|slp|[from] move: Rest\n|-heal|p1a: Dondozo|100\/100 slp|[silent]\n|\n|upkeep\n|turn|52\n|\n|t:|1699988158\n|move|p2a: Corviknight|Brave Bird|p1a: Dondozo\n|-damage|p1a: Dondozo|84\/100 slp\n|-damage|p2a: Corviknight|6\/100|[from] item: Rocky Helmet|[of] p1a: Dondozo\n|-damage|p2a: Corviknight|0 fnt|[from] Recoil\n|faint|p2a: Corviknight\n|\n|win|Airwave15\n|raw|Airwave15's rating: 1035 &rarr; <strong>1079<\/strong><br \/>(+44 for winning)\n|raw|goofyrandomalt1234's rating: 1133 &rarr; <strong>1101<\/strong><br \/>(-32 for losing)\n|l|\u2606goofyrandomalt1234\n","uploadtime":1699988167,"views":13,"p1id":"airwave15","p2id":"goofyrandomalt1234","formatid":"gen9ou","rating":1079,"private":0,"password":""}