{"id":"gen9ou-1999978759","p1":"soberlyquoting","p2":"Nammmi","format":"[Gen 9] OU","log":"|j|\u2606soberlyquoting\n|j|\u2606Nammmi\n|t:|1701137007\n|gametype|singles\n|player|p1|soberlyquoting|leaf-masters|1227\n|player|p2|Nammmi|clerkf|1294\n|teamsize|p1|6\n|teamsize|p2|6\n|gen|9\n|tier|[Gen 9] OU\n|rated|\n|rule|Sleep Clause Mod: Limit one foe put to sleep\n|rule|Species Clause: Limit one of each Pok\u00e9mon\n|rule|OHKO Clause: OHKO moves are banned\n|rule|Evasion Items Clause: Evasion items are banned\n|rule|Evasion Moves Clause: Evasion moves are banned\n|rule|Endless Battle Clause: Forcing endless battles is banned\n|rule|HP Percentage Mod: HP is shown in percentages\n|clearpoke\n|poke|p1|Ogerpon-Wellspring, F|\n|poke|p1|Cinderace, F|\n|poke|p1|Walking Wake|\n|poke|p1|Landorus-Therian, M|\n|poke|p1|Heatran, M|\n|poke|p1|Gholdengo|\n|poke|p2|Maushold|\n|poke|p2|Rillaboom, F|\n|poke|p2|Great Tusk|\n|poke|p2|Heatran, F|\n|poke|p2|Enamorus, F|\n|poke|p2|Kingambit, M|\n|teampreview\n|\n|t:|1701137019\n|start\n|switch|p1a: Walkin' on the|Landorus-Therian, M|100\/100\n|switch|p2a: Rillaboom|Rillaboom, F|100\/100\n|-ability|p1a: Walkin' on the|Intimidate|boost\n|-unboost|p2a: Rillaboom|atk|1\n|-fieldstart|move: Grassy Terrain|[from] ability: Grassy Surge|[of] p2a: Rillaboom\n|turn|1\n|\n|t:|1701137025\n|move|p1a: Walkin' on the|Stealth Rock|p2a: Rillaboom\n|-sidestart|p2: Nammmi|move: Stealth Rock\n|move|p2a: Rillaboom|U-turn|p1a: Walkin' on the\n|-resisted|p1a: Walkin' on the\n|-damage|p1a: Walkin' on the|86\/100\n|\n|t:|1701137043\n|switch|p2a: Maushold|Maushold|100\/100|[from] U-turn\n|-damage|p2a: Maushold|88\/100|[from] Stealth Rock\n|\n|-heal|p2a: Maushold|94\/100|[from] Grassy Terrain\n|-heal|p1a: Walkin' on the|92\/100|[from] item: Leftovers\n|upkeep\n|turn|2\n|\n|t:|1701137052\n|switch|p1a: Coinstar 4 Cheese|Gholdengo|100\/100\n|move|p2a: Maushold|Encore|p1a: Coinstar 4 Cheese\n|-immune|p1a: Coinstar 4 Cheese|[from] ability: Good as Gold\n|\n|-heal|p2a: Maushold|100\/100|[from] Grassy Terrain\n|upkeep\n|turn|3\n|\n|t:|1701137059\n|move|p2a: Maushold|Tidy Up|p2a: Maushold\n|-sideend|p2: Nammmi|Stealth Rock\n|-activate|p2a: Maushold|move: Tidy Up\n|-boost|p2a: Maushold|atk|1\n|-boost|p2a: Maushold|spe|1\n|move|p1a: Coinstar 4 Cheese|Make It Rain|p2a: Maushold\n|-damage|p2a: Maushold|10\/100\n|-unboost|p1a: Coinstar 4 Cheese|spa|1\n|\n|-heal|p2a: Maushold|16\/100|[from] Grassy Terrain\n|upkeep\n|turn|4\n|\n|t:|1701137068\n|move|p2a: Maushold|Bite|p1a: Coinstar 4 Cheese\n|-supereffective|p1a: Coinstar 4 Cheese\n|-damage|p1a: Coinstar 4 Cheese|33\/100\n|cant|p1a: Coinstar 4 Cheese|flinch\n|\n|-heal|p2a: Maushold|23\/100|[from] Grassy Terrain\n|-heal|p1a: Coinstar 4 Cheese|39\/100|[from] Grassy Terrain\n|-heal|p1a: Coinstar 4 Cheese|45\/100|[from] item: Leftovers\n|upkeep\n|turn|5\n|\n|t:|1701137077\n|switch|p1a: Walkin' on the|Landorus-Therian, M|92\/100\n|-ability|p1a: Walkin' on the|Intimidate|boost\n|-unboost|p2a: Maushold|atk|1\n|move|p2a: Maushold|Bite|p1a: Walkin' on the\n|-damage|p1a: Walkin' on the|65\/100\n|\n|-heal|p2a: Maushold|29\/100|[from] Grassy Terrain\n|-heal|p1a: Walkin' on the|71\/100|[from] item: Leftovers\n|-fieldend|move: Grassy Terrain\n|upkeep\n|turn|6\n|\n|t:|1701137089\n|switch|p2a: Rillaboom|Rillaboom, F|100\/100\n|-fieldstart|move: Grassy Terrain|[from] ability: Grassy Surge|[of] p2a: Rillaboom\n|move|p1a: Walkin' on the|Earthquake|p2a: Rillaboom\n|-resisted|p2a: Rillaboom\n|-damage|p2a: Rillaboom|86\/100\n|\n|-heal|p1a: Walkin' on the|77\/100|[from] item: Leftovers\n|-heal|p2a: Rillaboom|92\/100|[from] Grassy Terrain\n|upkeep\n|turn|7\n|\n|t:|1701137096\n|move|p1a: Walkin' on the|U-turn|p2a: Rillaboom\n|-supereffective|p2a: Rillaboom\n|-damage|p2a: Rillaboom|35\/100\n|\n|t:|1701137101\n|switch|p1a: Coinstar 4 Cheese|Gholdengo|45\/100|[from] U-turn\n|move|p2a: Rillaboom|Knock Off|p1a: Coinstar 4 Cheese\n|-supereffective|p1a: Coinstar 4 Cheese\n|-damage|p1a: Coinstar 4 Cheese|0 fnt\n|-enditem|p1a: Coinstar 4 Cheese|Leftovers|[from] move: Knock Off|[of] p2a: Rillaboom\n|faint|p1a: Coinstar 4 Cheese\n|\n|-heal|p2a: Rillaboom|41\/100|[from] Grassy Terrain\n|upkeep\n|\n|t:|1701137109\n|switch|p1a: Walkin' on the|Landorus-Therian, M|77\/100\n|-ability|p1a: Walkin' on the|Intimidate|boost\n|-unboost|p2a: Rillaboom|atk|1\n|turn|8\n|\n|t:|1701137121\n|switch|p2a: Heatran|Heatran, F|100\/100\n|move|p1a: Walkin' on the|U-turn|p2a: Heatran\n|-resisted|p2a: Heatran\n|-damage|p2a: Heatran|95\/100\n|\n|t:|1701137127\n|switch|p1a: :pensive:|Ogerpon-Wellspring, F|100\/100|[from] U-turn\n|\n|-heal|p2a: Heatran|100\/100|[from] Grassy Terrain\n|upkeep\n|turn|9\n|\n|t:|1701137138\n|switch|p2a: Maushold|Maushold|29\/100\n|move|p1a: :pensive:|Swords Dance|p1a: :pensive:\n|-boost|p1a: :pensive:|atk|2\n|\n|-heal|p2a: Maushold|35\/100|[from] Grassy Terrain\n|upkeep\n|turn|10\n|\n|t:|1701137144\n|move|p2a: Maushold|Encore|p1a: :pensive:\n|-start|p1a: :pensive:|Encore\n|move|p1a: :pensive:|Swords Dance|p1a: :pensive:\n|-boost|p1a: :pensive:|atk|2\n|\n|-heal|p2a: Maushold|41\/100|[from] Grassy Terrain\n|-fieldend|move: Grassy Terrain\n|upkeep\n|turn|11\n|\n|t:|1701137148\n|switch|p1a: Walkin' on the|Landorus-Therian, M|77\/100\n|-ability|p1a: Walkin' on the|Intimidate|boost\n|-unboost|p2a: Maushold|atk|1\n|move|p2a: Maushold|Population Bomb|p1a: Walkin' on the\n|-damage|p1a: Walkin' on the|69\/100\n|-damage|p1a: Walkin' on the|59\/100\n|-damage|p1a: Walkin' on the|51\/100\n|-damage|p1a: Walkin' on the|42\/100\n|-damage|p1a: Walkin' on the|33\/100\n|-damage|p1a: Walkin' on the|24\/100\n|-damage|p1a: Walkin' on the|15\/100\n|-damage|p1a: Walkin' on the|6\/100\n|-damage|p1a: Walkin' on the|0 fnt\n|faint|p1a: Walkin' on the\n|-hitcount|p1: Walkin' on the|9\n|\n|upkeep\n|\n|t:|1701137152\n|switch|p1a: :pensive:|Ogerpon-Wellspring, F|100\/100\n|turn|12\n|\n|t:|1701137167\n|switch|p2a: Rillaboom|Rillaboom, F|41\/100\n|-fieldstart|move: Grassy Terrain|[from] ability: Grassy Surge|[of] p2a: Rillaboom\n|move|p1a: :pensive:|Ivy Cudgel|p2a: Rillaboom|[anim] Ivy Cudgel Water\n|-resisted|p2a: Rillaboom\n|-crit|p2a: Rillaboom\n|-damage|p2a: Rillaboom|0 fnt\n|faint|p2a: Rillaboom\n|\n|upkeep\n|\n|t:|1701137172\n|switch|p2a: Enamorus|Enamorus, F|100\/100\n|turn|13\n|\n|t:|1701137185\n|switch|p1a: Minecraft in 4k|Heatran, M|100\/100\n|move|p2a: Enamorus|Moonblast|p1a: Minecraft in 4k\n|-resisted|p1a: Minecraft in 4k\n|-damage|p1a: Minecraft in 4k|91\/100\n|\n|-heal|p1a: Minecraft in 4k|97\/100|[from] Grassy Terrain\n|upkeep\n|turn|14\n|\n|t:|1701137198\n|switch|p2a: Heatran|Heatran, F|100\/100\n|move|p1a: Minecraft in 4k|Flash Cannon|p2a: Heatran\n|-resisted|p2a: Heatran\n|-damage|p2a: Heatran|94\/100\n|\n|-heal|p2a: Heatran|99\/100|[from] Grassy Terrain\n|-heal|p2a: Heatran|100\/100|[from] item: Leftovers\n|-heal|p1a: Minecraft in 4k|100\/100|[from] Grassy Terrain\n|upkeep\n|turn|15\n|\n|t:|1701137208\n|move|p2a: Heatran|Stealth Rock|p1a: Minecraft in 4k\n|-sidestart|p1: soberlyquoting|move: Stealth Rock\n|move|p1a: Minecraft in 4k|Stealth Rock|p2a: Heatran\n|-sidestart|p2: Nammmi|move: Stealth Rock\n|\n|upkeep\n|turn|16\n|\n|t:|1701137214\n|switch|p1a: World Chase Tag|Cinderace, F|100\/100\n|move|p2a: Heatran|Earth Power|p1a: World Chase Tag\n|-supereffective|p1a: World Chase Tag\n|-crit|p1a: World Chase Tag\n|-damage|p1a: World Chase Tag|0 fnt\n|faint|p1a: World Chase Tag\n|\n|-fieldend|move: Grassy Terrain\n|upkeep\n|\n|t:|1701137221\n|switch|p1a: :pensive:|Ogerpon-Wellspring, F|100\/100\n|-damage|p1a: :pensive:|88\/100|[from] Stealth Rock\n|turn|17\n|\n|t:|1701137229\n|move|p1a: :pensive:|Ivy Cudgel|p2a: Heatran|[anim] Ivy Cudgel Water\n|-supereffective|p2a: Heatran\n|-damage|p2a: Heatran|0 fnt\n|faint|p2a: Heatran\n|\n|upkeep\n|\n|t:|1701137233\n|switch|p2a: Maushold|Maushold|41\/100\n|-damage|p2a: Maushold|29\/100|[from] Stealth Rock\n|turn|18\n|\n|t:|1701137240\n|switch|p1a: Minecraft in 4k|Heatran, M|100\/100\n|-damage|p1a: Minecraft in 4k|88\/100|[from] Stealth Rock\n|move|p2a: Maushold|Population Bomb|p1a: Minecraft in 4k\n|-resisted|p1a: Minecraft in 4k\n|-damage|p1a: Minecraft in 4k|83\/100\n|-status|p2a: Maushold|brn|[from] ability: Flame Body|[of] p1a: Minecraft in 4k\n|-resisted|p1a: Minecraft in 4k\n|-crit|p1a: Minecraft in 4k\n|-damage|p1a: Minecraft in 4k|80\/100\n|-resisted|p1a: Minecraft in 4k\n|-damage|p1a: Minecraft in 4k|78\/100\n|-resisted|p1a: Minecraft in 4k\n|-damage|p1a: Minecraft in 4k|76\/100\n|-resisted|p1a: Minecraft in 4k\n|-damage|p1a: Minecraft in 4k|74\/100\n|-resisted|p1a: Minecraft in 4k\n|-damage|p1a: Minecraft in 4k|71\/100\n|-resisted|p1a: Minecraft in 4k\n|-damage|p1a: Minecraft in 4k|69\/100\n|-resisted|p1a: Minecraft in 4k\n|-damage|p1a: Minecraft in 4k|67\/100\n|-resisted|p1a: Minecraft in 4k\n|-damage|p1a: Minecraft in 4k|64\/100\n|-resisted|p1a: Minecraft in 4k\n|-damage|p1a: Minecraft in 4k|62\/100\n|-hitcount|p1a: Minecraft in 4k|10\n|\n|-damage|p2a: Maushold|23\/100 brn|[from] brn\n|upkeep\n|turn|19\n|\n|t:|1701137249\n|move|p2a: Maushold|Tidy Up|p2a: Maushold\n|-sideend|p2: Nammmi|Stealth Rock\n|-sideend|p1: soberlyquoting|Stealth Rock\n|-activate|p2a: Maushold|move: Tidy Up\n|-boost|p2a: Maushold|atk|1\n|-boost|p2a: Maushold|spe|1\n|move|p1a: Minecraft in 4k|Flash Cannon|p2a: Maushold\n|-damage|p2a: Maushold|0 fnt\n|faint|p2a: Maushold\n|\n|upkeep\n|\n|t:|1701137252\n|switch|p2a: Great Tusk|Great Tusk|100\/100\n|turn|20\n|\n|t:|1701137271\n|switch|p1a: New Orleans|Walking Wake|100\/100\n|-enditem|p1a: New Orleans|Booster Energy\n|-activate|p1a: New Orleans|ability: Protosynthesis|[fromitem]\n|-start|p1a: New Orleans|protosynthesisspa\n|move|p2a: Great Tusk|Bulk Up|p2a: Great Tusk\n|-boost|p2a: Great Tusk|atk|1\n|-boost|p2a: Great Tusk|def|1\n|\n|upkeep\n|turn|21\n|\n|t:|1701137284\n|-end|p2a: Great Tusk|Protosynthesis|[silent]\n|switch|p2a: Kingambit|Kingambit, M|100\/100\n|-activate|p2a: Kingambit|ability: Supreme Overlord\n|-start|p2a: Kingambit|fallen3|[silent]\n|move|p1a: New Orleans|Hydro Steam|p2a: Kingambit\n|-damage|p2a: Kingambit|52\/100\n|\n|-heal|p2a: Kingambit|58\/100|[from] item: Leftovers\n|upkeep\n|turn|22\n|\n|t:|1701137291\n|move|p1a: New Orleans|Flamethrower|p2a: Kingambit\n|-supereffective|p2a: Kingambit\n|-damage|p2a: Kingambit|0 fnt\n|faint|p2a: Kingambit\n|-end|p2a: Kingambit|fallen3|[silent]\n|\n|upkeep\n|\n|t:|1701137293\n|switch|p2a: Enamorus|Enamorus, F|100\/100\n|turn|23\n|\n|t:|1701137302\n|-terastallize|p1a: New Orleans|Fairy\n|move|p2a: Enamorus|Earth Power|p1a: New Orleans\n|-damage|p1a: New Orleans|62\/100\n|move|p1a: New Orleans|Hydro Steam|p2a: Enamorus\n|-damage|p2a: Enamorus|31\/100\n|\n|upkeep\n|turn|24\n|\n|t:|1701137310\n|switch|p2a: Great Tusk|Great Tusk|100\/100\n|move|p1a: New Orleans|Hydro Steam|p2a: Great Tusk\n|-supereffective|p2a: Great Tusk\n|-damage|p2a: Great Tusk|0 fnt\n|faint|p2a: Great Tusk\n|-end|p2a: Great Tusk|Protosynthesis|[silent]\n|\n|upkeep\n|\n|t:|1701137312\n|switch|p2a: Enamorus|Enamorus, F|31\/100\n|turn|25\n|\n|t:|1701137315\n|move|p2a: Enamorus|Moonblast|p1a: New Orleans\n|-damage|p1a: New Orleans|3\/100\n|move|p1a: New Orleans|Hydro Steam|p2a: Enamorus\n|-damage|p2a: Enamorus|0 fnt\n|faint|p2a: Enamorus\n|\n|win|soberlyquoting\n|raw|soberlyquoting's rating: 1227 &rarr; <strong>1257<\/strong><br \/>(+30 for winning)\n|raw|Nammmi's rating: 1294 &rarr; <strong>1264<\/strong><br \/>(-30 for losing)\n|l|\u2606Nammmi\n","uploadtime":1701137326,"views":3,"p1id":"soberlyquoting","p2id":"nammmi","formatid":"gen9ou","rating":1257,"private":0,"password":""}