{"id":"gen9ou-1990898742","p1":"Mymomsaidyourmom","p2":"LOOPJ21","format":"[Gen 9] OU","log":"|j|\u2606Mymomsaidyourmom\n|j|\u2606LOOPJ21\n|t:|1700012816\n|gametype|singles\n|player|p1|Mymomsaidyourmom|ltsurge|1083\n|player|p2|LOOPJ21|riley|1188\n|teamsize|p1|6\n|teamsize|p2|6\n|gen|9\n|tier|[Gen 9] OU\n|rated|\n|rule|Sleep Clause Mod: Limit one foe put to sleep\n|rule|Species Clause: Limit one of each Pok\u00e9mon\n|rule|OHKO Clause: OHKO moves are banned\n|rule|Evasion Items Clause: Evasion items are banned\n|rule|Evasion Moves Clause: Evasion moves are banned\n|rule|Endless Battle Clause: Forcing endless battles is banned\n|rule|HP Percentage Mod: HP is shown in percentages\n|clearpoke\n|poke|p1|Yanmega, M|\n|poke|p1|Iron Treads|\n|poke|p1|Volcanion|\n|poke|p1|Iron Valiant|\n|poke|p1|Sneasler, M|\n|poke|p1|Kingambit, M|\n|poke|p2|Weavile, F|\n|poke|p2|Conkeldurr, M|\n|poke|p2|Zapdos|\n|poke|p2|Iron Valiant|\n|poke|p2|Glimmora, F|\n|poke|p2|Cinderace, M|\n|teampreview\n|\n|t:|1700012829\n|start\n|switch|p1a: Iron Treads|Iron Treads|100\/100\n|switch|p2a: Glimmora|Glimmora, F|100\/100\n|-enditem|p1a: Iron Treads|Booster Energy\n|-activate|p1a: Iron Treads|ability: Quark Drive|[fromitem]\n|-start|p1a: Iron Treads|quarkdrivespe\n|turn|1\n|\n|t:|1700012838\n|switch|p2a: Zapdos|Zapdos|100\/100\n|move|p1a: Iron Treads|Earth Power|p2a: Zapdos\n|-immune|p2a: Zapdos\n|\n|upkeep\n|turn|2\n|\n|t:|1700012850\n|move|p1a: Iron Treads|Stealth Rock|p2a: Zapdos\n|-sidestart|p2: LOOPJ21|move: Stealth Rock\n|move|p2a: Zapdos|Heat Wave|p1a: Iron Treads\n|-supereffective|p1a: Iron Treads\n|-damage|p1a: Iron Treads|26\/100\n|\n|upkeep\n|turn|3\n|\n|t:|1700012857\n|move|p1a: Iron Treads|Steel Beam|p2a: Zapdos\n|-resisted|p2a: Zapdos\n|-damage|p2a: Zapdos|80\/100\n|-damage|p1a: Iron Treads|0 fnt|[from] steelbeam\n|faint|p1a: Iron Treads\n|-end|p1a: Iron Treads|Quark Drive|[silent]\n|move|p2a: Zapdos|Heat Wave|p1: Iron Treads|[notarget]\n|-fail|p2a: Zapdos\n|\n|-heal|p2a: Zapdos|86\/100|[from] item: Leftovers\n|upkeep\n|\n|t:|1700012864\n|switch|p1a: Iron Valiant|Iron Valiant|100\/100\n|-enditem|p1a: Iron Valiant|Booster Energy\n|-activate|p1a: Iron Valiant|ability: Quark Drive|[fromitem]\n|-start|p1a: Iron Valiant|quarkdrivespe\n|turn|4\n|\n|t:|1700012878\n|move|p1a: Iron Valiant|Encore|p2a: Zapdos\n|-start|p2a: Zapdos|Encore\n|move|p2a: Zapdos|Heat Wave|p1a: Iron Valiant\n|-damage|p1a: Iron Valiant|53\/100\n|\n|-heal|p2a: Zapdos|93\/100|[from] item: Leftovers\n|upkeep\n|turn|5\n|\n|t:|1700012886\n|move|p1a: Iron Valiant|Moonblast|p2a: Zapdos\n|-damage|p2a: Zapdos|58\/100\n|-unboost|p2a: Zapdos|spa|1\n|move|p2a: Zapdos|Heat Wave|p1a: Iron Valiant\n|-damage|p1a: Iron Valiant|21\/100\n|\n|-heal|p2a: Zapdos|65\/100|[from] item: Leftovers\n|upkeep\n|turn|6\n|\n|t:|1700012896\n|move|p1a: Iron Valiant|Moonblast|p2a: Zapdos\n|-damage|p2a: Zapdos|30\/100\n|move|p2a: Zapdos|Heat Wave|p1a: Iron Valiant\n|-damage|p1a: Iron Valiant|0 fnt\n|faint|p1a: Iron Valiant\n|-end|p1a: Iron Valiant|Quark Drive|[silent]\n|\n|-heal|p2a: Zapdos|36\/100|[from] item: Leftovers\n|-end|p2a: Zapdos|Encore\n|upkeep\n|\n|t:|1700012904\n|switch|p1a: Yanmega|Yanmega, M|100\/100\n|turn|7\n|\n|t:|1700012918\n|switch|p2a: Cinderace|Cinderace, M|100\/100\n|move|p1a: Yanmega|Bug Buzz|p2a: Cinderace\n|-resisted|p2a: Cinderace\n|-damage|p2a: Cinderace|66\/100\n|-enditem|p1a: Yanmega|Throat Spray\n|-boost|p1a: Yanmega|spa|1|[from] item: Throat Spray\n|\n|-ability|p1a: Yanmega|Speed Boost|boost\n|-boost|p1a: Yanmega|spe|1\n|upkeep\n|turn|8\n|\n|t:|1700012930\n|move|p1a: Yanmega|Air Slash|p2a: Cinderace\n|-damage|p2a: Cinderace|0 fnt\n|faint|p2a: Cinderace\n|\n|-ability|p1a: Yanmega|Speed Boost|boost\n|-boost|p1a: Yanmega|spe|1\n|upkeep\n|\n|t:|1700012937\n|switch|p2a: Glimmora|Glimmora, F|100\/100\n|-damage|p2a: Glimmora|88\/100|[from] Stealth Rock\n|turn|9\n|\n|t:|1700012957\n|-terastallize|p1a: Yanmega|Ground\n|move|p1a: Yanmega|Tera Blast|p2a: Glimmora|[anim] Tera Blast Ground\n|-supereffective|p2a: Glimmora\n|-damage|p2a: Glimmora|0 fnt\n|faint|p2a: Glimmora\n|\n|-ability|p1a: Yanmega|Speed Boost|boost\n|-boost|p1a: Yanmega|spe|1\n|upkeep\n|\n|t:|1700012969\n|switch|p2a: Weavile|Weavile, F|100\/100\n|-damage|p2a: Weavile|76\/100|[from] Stealth Rock\n|-ability|p2a: Weavile|Pressure\n|turn|10\n|\n|t:|1700012976\n|move|p2a: Weavile|Ice Shard|p1a: Yanmega\n|-supereffective|p1a: Yanmega\n|-damage|p1a: Yanmega|21\/100\n|move|p1a: Yanmega|Bug Buzz|p2a: Weavile\n|-supereffective|p2a: Weavile\n|-damage|p2a: Weavile|0 fnt\n|faint|p2a: Weavile\n|\n|-ability|p1a: Yanmega|Speed Boost|boost\n|-boost|p1a: Yanmega|spe|1\n|upkeep\n|\n|t:|1700012987\n|switch|p2a: Zapdos|Zapdos|36\/100\n|-damage|p2a: Zapdos|11\/100|[from] Stealth Rock\n|turn|11\n|\n|t:|1700012993\n|move|p1a: Yanmega|Bug Buzz|p2a: Zapdos\n|-resisted|p2a: Zapdos\n|-damage|p2a: Zapdos|0 fnt\n|faint|p2a: Zapdos\n|\n|-ability|p1a: Yanmega|Speed Boost|boost\n|-boost|p1a: Yanmega|spe|1\n|upkeep\n|\n|t:|1700013001\n|switch|p2a: Iron Valiant|Iron Valiant, shiny|100\/100\n|-damage|p2a: Iron Valiant|94\/100|[from] Stealth Rock\n|-enditem|p2a: Iron Valiant|Booster Energy\n|-activate|p2a: Iron Valiant|ability: Quark Drive|[fromitem]\n|-start|p2a: Iron Valiant|quarkdrivespe\n|turn|12\n|\n|t:|1700013008\n|-terastallize|p2a: Iron Valiant|Fire\n|move|p1a: Yanmega|Air Slash|p2a: Iron Valiant\n|-damage|p2a: Iron Valiant|0 fnt\n|faint|p2a: Iron Valiant\n|-end|p2a: Iron Valiant|Quark Drive|[silent]\n|\n|-ability|p1a: Yanmega|Speed Boost|boost\n|-boost|p1a: Yanmega|spe|1\n|upkeep\n|\n|t:|1700013017\n|switch|p2a: Conkeldurr|Conkeldurr, M|100\/100\n|-damage|p2a: Conkeldurr|95\/100|[from] Stealth Rock\n|turn|13\n|\n|t:|1700013022\n|move|p1a: Yanmega|Air Slash|p2a: Conkeldurr|[miss]\n|-miss|p1a: Yanmega|p2a: Conkeldurr\n|move|p2a: Conkeldurr|Drain Punch|p1a: Yanmega\n|-damage|p1a: Yanmega|0 fnt\n|-heal|p2a: Conkeldurr|100\/100|[from] drain|[of] p1a: Yanmega\n|faint|p1a: Yanmega\n|\n|upkeep\n|\n|t:|1700013038\n|switch|p1a: Sneasler|Sneasler, M|100\/100\n|-item|p1a: Sneasler|Air Balloon\n|turn|14\n|\n|t:|1700013044\n|move|p1a: Sneasler|Dire Claw|p2a: Conkeldurr\n|-damage|p2a: Conkeldurr|58\/100\n|move|p2a: Conkeldurr|Earthquake|p1a: Sneasler\n|-immune|p1a: Sneasler\n|\n|upkeep\n|turn|15\n|\n|t:|1700013051\n|move|p1a: Sneasler|Close Combat|p2a: Conkeldurr\n|-damage|p2a: Conkeldurr|0 fnt\n|-unboost|p1a: Sneasler|def|1\n|-unboost|p1a: Sneasler|spd|1\n|faint|p2a: Conkeldurr\n|\n|win|Mymomsaidyourmom\n|raw|Mymomsaidyourmom's rating: 1083 &rarr; <strong>1119<\/strong><br \/>(+36 for winning)\n|raw|LOOPJ21's rating: 1188 &rarr; <strong>1156<\/strong><br \/>(-32 for losing)\n|l|\u2606LOOPJ21\n","uploadtime":1700013061,"views":15,"p1id":"mymomsaidyourmom","p2id":"loopj21","formatid":"gen9ou","rating":1119,"private":0,"password":""}