{"id":"gen9ou-1990034649","p1":"Ajax772","p2":"Ben10law","format":"[Gen 9] OU","log":"|j|\u2606Ajax772\n|j|\u2606Ben10law\n|t:|1699917540\n|gametype|singles\n|player|p1|Ajax772|alder|1452\n|player|p2|Ben10law|169|1371\n|teamsize|p1|6\n|teamsize|p2|6\n|gen|9\n|tier|[Gen 9] OU\n|rated|\n|rule|Sleep Clause Mod: Limit one foe put to sleep\n|rule|Species Clause: Limit one of each Pok\u00e9mon\n|rule|OHKO Clause: OHKO moves are banned\n|rule|Evasion Items Clause: Evasion items are banned\n|rule|Evasion Moves Clause: Evasion moves are banned\n|rule|Endless Battle Clause: Forcing endless battles is banned\n|rule|HP Percentage Mod: HP is shown in percentages\n|clearpoke\n|poke|p1|Iron Treads|\n|poke|p1|Zamazenta-*|\n|poke|p1|Dragapult, M|\n|poke|p1|Cinderace, M|\n|poke|p1|Slowking-Galar, F|\n|poke|p1|Iron Valiant|\n|poke|p2|Garchomp, F|\n|poke|p2|Landorus-Therian, M|\n|poke|p2|Blissey, F|\n|poke|p2|Cinderace, F|\n|poke|p2|Toxapex, F|\n|poke|p2|Gholdengo|\n|teampreview\n|\n|t:|1699917551\n|start\n|switch|p1a: Father of the Year|Dragapult, M, shiny|100\/100\n|switch|p2a: Landorus|Landorus-Therian, M|100\/100\n|-ability|p2a: Landorus|Intimidate|boost\n|-unboost|p1a: Father of the Year|atk|1\n|turn|1\n|\n|t:|1699917557\n|switch|p2a: Blissey|Blissey, F|100\/100\n|move|p1a: Father of the Year|Draco Meteor|p2a: Blissey\n|-damage|p2a: Blissey|76\/100\n|-unboost|p1a: Father of the Year|spa|2\n|\n|upkeep\n|turn|2\n|\n|t:|1699917567\n|switch|p1a: Now You Don't|Slowking-Galar, F, shiny|100\/100\n|move|p2a: Blissey|Thunder Wave|p1a: Now You Don't\n|-status|p1a: Now You Don't|par\n|\n|upkeep\n|turn|3\n|\n|t:|1699917574\n|switch|p2a: Toxapex|Toxapex, F|100\/100\n|move|p1a: Now You Don't|Future Sight|p2a: Toxapex\n|-start|p1a: Now You Don't|move: Future Sight\n|\n|upkeep\n|turn|4\n|\n|t:|1699917586\n|switch|p2a: Gholdengo|Gholdengo|100\/100\n|move|p1a: Now You Don't|Chilly Reception|p1a: Now You Don't\n|-weather|Snow\n|\n|t:|1699917592\n|switch|p1a: Now You See Me|Cinderace, M, shiny|100\/100|[from] Chilly Reception\n|\n|-weather|Snow|[upkeep]\n|upkeep\n|turn|5\n|\n|t:|1699917613\n|switch|p2a: Toxapex|Toxapex, F|100\/100\n|move|p1a: Now You See Me|Pyro Ball|p2a: Toxapex\n|-resisted|p2a: Toxapex\n|-damage|p2a: Toxapex|82\/100\n|\n|-weather|Snow|[upkeep]\n|-end|p2a: Toxapex|move: Future Sight\n|-supereffective|p2a: Toxapex\n|-damage|p2a: Toxapex|11\/100\n|-heal|p2a: Toxapex|18\/100|[from] item: Leftovers\n|upkeep\n|turn|6\n|\n|t:|1699917618\n|switch|p2a: Landorus|Landorus-Therian, M|100\/100\n|-ability|p2a: Landorus|Intimidate|boost\n|-unboost|p1a: Now You See Me|atk|1\n|move|p1a: Now You See Me|Pyro Ball|p2a: Landorus\n|-damage|p2a: Landorus|73\/100\n|\n|-weather|Snow|[upkeep]\n|upkeep\n|turn|7\n|\n|t:|1699917633\n|switch|p1a: Dog of Wisdom|Zamazenta, shiny|100\/100\n|-ability|p1a: Dog of Wisdom|Dauntless Shield|boost\n|-boost|p1a: Dog of Wisdom|def|1\n|move|p2a: Landorus|Stealth Rock|p1a: Dog of Wisdom\n|-sidestart|p1: Ajax772|move: Stealth Rock\n|\n|-weather|Snow|[upkeep]\n|upkeep\n|turn|8\n|\n|t:|1699917643\n|move|p1a: Dog of Wisdom|Body Press|p2a: Landorus\n|-resisted|p2a: Landorus\n|-damage|p2a: Landorus|55\/100\n|-damage|p1a: Dog of Wisdom|84\/100|[from] item: Rocky Helmet|[of] p2a: Landorus\n|move|p2a: Landorus|U-turn|p1a: Dog of Wisdom\n|-resisted|p1a: Dog of Wisdom\n|-damage|p1a: Dog of Wisdom|77\/100\n|\n|t:|1699917654\n|switch|p2a: Gholdengo|Gholdengo|100\/100|[from] U-turn\n|\n|-weather|none\n|-heal|p1a: Dog of Wisdom|83\/100|[from] item: Leftovers\n|upkeep\n|turn|9\n|\n|t:|1699917659\n|move|p1a: Dog of Wisdom|Crunch|p2a: Gholdengo\n|-supereffective|p2a: Gholdengo\n|-damage|p2a: Gholdengo|41\/100\n|move|p2a: Gholdengo|Shadow Ball|p1a: Dog of Wisdom\n|-damage|p1a: Dog of Wisdom|15\/100\n|-unboost|p1a: Dog of Wisdom|spd|1\n|\n|-heal|p1a: Dog of Wisdom|21\/100|[from] item: Leftovers\n|upkeep\n|turn|10\n|\n|t:|1699917668\n|switch|p2a: Landorus|Landorus-Therian, M|55\/100\n|-ability|p2a: Landorus|Intimidate|boost\n|-unboost|p1a: Dog of Wisdom|atk|1\n|move|p1a: Dog of Wisdom|Crunch|p2a: Landorus\n|-damage|p2a: Landorus|43\/100\n|-damage|p1a: Dog of Wisdom|4\/100|[from] item: Rocky Helmet|[of] p2a: Landorus\n|\n|-heal|p1a: Dog of Wisdom|11\/100|[from] item: Leftovers\n|upkeep\n|turn|11\n|\n|t:|1699917682\n|move|p1a: Dog of Wisdom|Iron Defense|p1a: Dog of Wisdom\n|-boost|p1a: Dog of Wisdom|def|2\n|move|p2a: Landorus|U-turn|p1a: Dog of Wisdom\n|-resisted|p1a: Dog of Wisdom\n|-damage|p1a: Dog of Wisdom|7\/100\n|\n|t:|1699917692\n|switch|p2a: Cinderace|Cinderace, F|100\/100|[from] U-turn\n|\n|-heal|p1a: Dog of Wisdom|13\/100|[from] item: Leftovers\n|upkeep\n|turn|12\n|\n|t:|1699917698\n|move|p2a: Cinderace|Sucker Punch||[still]\n|-fail|p2a: Cinderace\n|move|p1a: Dog of Wisdom|Iron Defense|p1a: Dog of Wisdom\n|-boost|p1a: Dog of Wisdom|def|2\n|\n|-heal|p1a: Dog of Wisdom|19\/100|[from] item: Leftovers\n|upkeep\n|turn|13\n|\n|t:|1699917705\n|move|p1a: Dog of Wisdom|Body Press|p2a: Cinderace\n|-damage|p2a: Cinderace|0 fnt\n|faint|p2a: Cinderace\n|\n|-heal|p1a: Dog of Wisdom|25\/100|[from] item: Leftovers\n|upkeep\n|\n|t:|1699917709\n|switch|p2a: Landorus|Landorus-Therian, M|43\/100\n|-ability|p2a: Landorus|Intimidate|boost\n|-unboost|p1a: Dog of Wisdom|atk|1\n|turn|14\n|\n|t:|1699917713\n|move|p1a: Dog of Wisdom|Body Press|p2a: Landorus\n|-resisted|p2a: Landorus\n|-damage|p2a: Landorus|0 fnt\n|-damage|p1a: Dog of Wisdom|8\/100|[from] item: Rocky Helmet|[of] p2a: Landorus\n|faint|p2a: Landorus\n|\n|-heal|p1a: Dog of Wisdom|15\/100|[from] item: Leftovers\n|upkeep\n|\n|t:|1699917715\n|switch|p2a: Gholdengo|Gholdengo|41\/100\n|turn|15\n|\n|t:|1699917725\n|move|p1a: Dog of Wisdom|Crunch|p2a: Gholdengo\n|-supereffective|p2a: Gholdengo\n|-damage|p2a: Gholdengo|12\/100\n|move|p2a: Gholdengo|Shadow Ball|p1a: Dog of Wisdom\n|-damage|p1a: Dog of Wisdom|0 fnt\n|faint|p1a: Dog of Wisdom\n|\n|upkeep\n|\n|t:|1699917731\n|switch|p1a: Now You See Me|Cinderace, M, shiny|100\/100\n|turn|16\n|\n|t:|1699917737\n|switch|p2a: Garchomp|Garchomp, F|100\/100\n|move|p1a: Now You See Me|Court Change|p1a: Now You See Me\n|-start|p1a: Now You See Me|typechange|Normal|[from] ability: Libero\n|-swapsideconditions\n|-activate|p1a: Now You See Me|move: Court Change\n|\n|upkeep\n|turn|17\n|\n|t:|1699917752\n|switch|p1a: Broom|Iron Valiant, shiny|100\/100\n|-enditem|p1a: Broom|Booster Energy\n|-activate|p1a: Broom|ability: Quark Drive|[fromitem]\n|-start|p1a: Broom|quarkdrivespe\n|move|p2a: Garchomp|Swords Dance|p2a: Garchomp\n|-boost|p2a: Garchomp|atk|2\n|\n|upkeep\n|turn|18\n|\n|t:|1699917760\n|-terastallize|p2a: Garchomp|Electric\n|move|p1a: Broom|Encore|p2a: Garchomp\n|-start|p2a: Garchomp|Encore\n|move|p2a: Garchomp|Swords Dance|p2a: Garchomp\n|-boost|p2a: Garchomp|atk|2\n|\n|upkeep\n|turn|19\n|\n|t:|1699917765\n|switch|p2a: Blissey|Blissey, F|76\/100\n|move|p1a: Broom|Swords Dance|p1a: Broom\n|-boost|p1a: Broom|atk|2\n|\n|upkeep\n|turn|20\n|\n|t:|1699917772\n|move|p1a: Broom|Close Combat|p2a: Blissey\n|-supereffective|p2a: Blissey\n|-damage|p2a: Blissey|0 fnt\n|-unboost|p1a: Broom|def|1\n|-unboost|p1a: Broom|spd|1\n|faint|p2a: Blissey\n|\n|upkeep\n|-message|Ben10law forfeited.\n|\n|win|Ajax772\n|raw|Ajax772's rating: 1452 &rarr; <strong>1467<\/strong><br \/>(+15 for winning)\n|raw|Ben10law's rating: 1371 &rarr; <strong>1356<\/strong><br \/>(-15 for losing)\n|l|\u2606Ben10law\n|c|\u2606Ajax772|\ud83d\udeac\n","uploadtime":1699917805,"views":9,"p1id":"ajax772","p2id":"ben10law","formatid":"gen9ou","rating":1356,"private":0,"password":""}