{"id":"gen9ou-1990360994","p1":"d18l","p2":"igorcda","format":"[Gen 9] OU","log":"|j|\u2606d18l\n|j|\u2606igorcda\n|t:|1699962126\n|gametype|singles\n|player|p1|d18l|backpacker|1673\n|player|p2|igorcda|richboy-gen4|1520\n|teamsize|p1|6\n|teamsize|p2|6\n|gen|9\n|tier|[Gen 9] OU\n|rated|\n|rule|Sleep Clause Mod: Limit one foe put to sleep\n|rule|Species Clause: Limit one of each Pok\u00e9mon\n|rule|OHKO Clause: OHKO moves are banned\n|rule|Evasion Items Clause: Evasion items are banned\n|rule|Evasion Moves Clause: Evasion moves are banned\n|rule|Endless Battle Clause: Forcing endless battles is banned\n|rule|HP Percentage Mod: HP is shown in percentages\n|clearpoke\n|poke|p1|Ninetales-Alola, M|\n|poke|p1|Rillaboom, F|\n|poke|p1|Sneasler, F|\n|poke|p1|Hatterene, F|\n|poke|p1|Heatran, F|\n|poke|p1|Kingambit, M|\n|poke|p2|Ursaluna, F|\n|poke|p2|Rillaboom, M|\n|poke|p2|Infernape, M|\n|poke|p2|Empoleon, M|\n|poke|p2|Ninetales-Alola, F|\n|poke|p2|Bronzong|\n|teampreview\n|inactive|Battle timer is ON: inactive players will automatically lose when time's up. (requested by igorcda)\n|\n|t:|1699962156\n|start\n|switch|p1a: Ninetales|Ninetales-Alola, M|100\/100\n|switch|p2a: Empoleon|Empoleon, M, shiny|100\/100\n|-weather|Snow|[from] ability: Snow Warning|[of] p1a: Ninetales\n|turn|1\n|\n|t:|1699962169\n|switch|p1a: Rillaboom|Rillaboom, F|100\/100\n|-fieldstart|move: Grassy Terrain|[from] ability: Grassy Surge|[of] p1a: Rillaboom\n|move|p2a: Empoleon|Flash Cannon|p1a: Rillaboom\n|-damage|p1a: Rillaboom|65\/100\n|\n|-weather|Snow|[upkeep]\n|-heal|p1a: Rillaboom|71\/100|[from] Grassy Terrain\n|-heal|p1a: Rillaboom|77\/100|[from] item: Leftovers\n|upkeep\n|turn|2\n|\n|t:|1699962178\n|switch|p2a: Bronzong|Bronzong|100\/100\n|move|p1a: Rillaboom|Knock Off|p2a: Bronzong\n|-supereffective|p2a: Bronzong\n|-crit|p2a: Bronzong\n|-damage|p2a: Bronzong|24\/100\n|-enditem|p2a: Bronzong|Weakness Policy\n|-boost|p2a: Bronzong|atk|2|[from] item: Weakness Policy\n|-boost|p2a: Bronzong|spa|2|[from] item: Weakness Policy\n|\n|-weather|Snow|[upkeep]\n|-heal|p1a: Rillaboom|83\/100|[from] Grassy Terrain\n|-heal|p1a: Rillaboom|89\/100|[from] item: Leftovers\n|upkeep\n|turn|3\n|\n|t:|1699962191\n|move|p1a: Rillaboom|Knock Off|p2a: Bronzong\n|-supereffective|p2a: Bronzong\n|-damage|p2a: Bronzong|0 fnt\n|faint|p2a: Bronzong\n|\n|-weather|Snow|[upkeep]\n|-heal|p1a: Rillaboom|96\/100|[from] Grassy Terrain\n|-heal|p1a: Rillaboom|100\/100|[from] item: Leftovers\n|upkeep\n|\n|t:|1699962194\n|switch|p2a: Infernape|Infernape, M|100\/100\n|turn|4\n|\n|t:|1699962202\n|switch|p1a: Heatran|Heatran, F|100\/100\n|-item|p1a: Heatran|Air Balloon\n|move|p2a: Infernape|Swords Dance|p2a: Infernape\n|-boost|p2a: Infernape|atk|2\n|\n|-weather|Snow|[upkeep]\n|upkeep\n|turn|5\n|\n|t:|1699962222\n|switch|p1a: Hatterene|Hatterene, F|100\/100\n|-enditem|p1a: Hatterene|Grassy Seed\n|-boost|p1a: Hatterene|def|1|[from] item: Grassy Seed\n|-terastallize|p2a: Infernape|Fighting\n|move|p2a: Infernape|Drain Punch|p1a: Hatterene\n|-resisted|p1a: Hatterene\n|-damage|p1a: Hatterene|80\/100\n|-damage|p2a: Infernape|91\/100|[from] item: Life Orb\n|\n|-weather|none\n|-heal|p2a: Infernape|97\/100|[from] Grassy Terrain\n|-heal|p1a: Hatterene|86\/100|[from] Grassy Terrain\n|-fieldend|move: Grassy Terrain\n|upkeep\n|turn|6\n|\n|t:|1699962236\n|switch|p2a: Empoleon|Empoleon, M, shiny|100\/100\n|move|p1a: Hatterene|Draining Kiss|p2a: Empoleon\n|-resisted|p2a: Empoleon\n|-damage|p2a: Empoleon|93\/100\n|-heal|p1a: Hatterene|92\/100|[from] drain|[of] p2a: Empoleon\n|\n|upkeep\n|turn|7\n|\n|t:|1699962241\n|switch|p1a: Rillaboom|Rillaboom, F|100\/100\n|-fieldstart|move: Grassy Terrain|[from] ability: Grassy Surge|[of] p1a: Rillaboom\n|move|p2a: Empoleon|Flash Cannon|p1a: Rillaboom\n|-damage|p1a: Rillaboom|65\/100\n|\n|-heal|p1a: Rillaboom|71\/100|[from] Grassy Terrain\n|-heal|p1a: Rillaboom|77\/100|[from] item: Leftovers\n|-heal|p2a: Empoleon|99\/100|[from] Grassy Terrain\n|upkeep\n|turn|8\n|\n|t:|1699962254\n|move|p1a: Rillaboom|U-turn|p2a: Empoleon\n|-resisted|p2a: Empoleon\n|-damage|p2a: Empoleon|88\/100\n|\n|t:|1699962265\n|switch|p1a: Hatterene|Hatterene, F|92\/100|[from] U-turn\n|move|p2a: Empoleon|Air Slash|p1a: Hatterene\n|-damage|p1a: Hatterene|65\/100\n|\n|-heal|p2a: Empoleon|94\/100|[from] Grassy Terrain\n|-heal|p1a: Hatterene|71\/100|[from] Grassy Terrain\n|upkeep\n|turn|9\n|\n|t:|1699962274\n|switch|p1a: Kingambit|Kingambit, M|100\/100\n|move|p2a: Empoleon|Flash Cannon|p1a: Kingambit\n|-resisted|p1a: Kingambit\n|-damage|p1a: Kingambit|79\/100\n|\n|-heal|p1a: Kingambit|85\/100|[from] Grassy Terrain\n|-heal|p2a: Empoleon|99\/100|[from] Grassy Terrain\n|upkeep\n|turn|10\n|\n|t:|1699962279\n|move|p1a: Kingambit|Kowtow Cleave|p2a: Empoleon\n|-damage|p2a: Empoleon|23\/100\n|move|p2a: Empoleon|Hydro Pump|p1a: Kingambit\n|-damage|p1a: Kingambit|23\/100\n|\n|-heal|p1a: Kingambit|29\/100|[from] Grassy Terrain\n|-heal|p2a: Empoleon|29\/100|[from] Grassy Terrain\n|upkeep\n|turn|11\n|\n|t:|1699962285\n|move|p2a: Empoleon|Vacuum Wave|p1a: Kingambit\n|-supereffective|p1a: Kingambit\n|-damage|p1a: Kingambit|0 fnt\n|faint|p1a: Kingambit\n|-end|p1a: Kingambit|fallenundefined|[silent]\n|\n|-heal|p2a: Empoleon|35\/100|[from] Grassy Terrain\n|-fieldend|move: Grassy Terrain\n|upkeep\n|\n|t:|1699962291\n|switch|p1a: Sneasler|Sneasler, F|100\/100\n|turn|12\n|\n|t:|1699962294\n|move|p1a: Sneasler|Close Combat|p2a: Empoleon\n|-supereffective|p2a: Empoleon\n|-damage|p2a: Empoleon|0 fnt\n|-unboost|p1a: Sneasler|def|1\n|-unboost|p1a: Sneasler|spd|1\n|faint|p2a: Empoleon\n|\n|upkeep\n|\n|t:|1699962315\n|switch|p2a: Rillaboom|Rillaboom, M, shiny|100\/100\n|-fieldstart|move: Grassy Terrain|[from] ability: Grassy Surge|[of] p2a: Rillaboom\n|-enditem|p1a: Sneasler|Grassy Seed\n|-boost|p1a: Sneasler|def|1|[from] item: Grassy Seed\n|turn|13\n|\n|t:|1699962339\n|move|p1a: Sneasler|Acrobatics|p2a: Rillaboom\n|-supereffective|p2a: Rillaboom\n|-damage|p2a: Rillaboom|6\/100\n|move|p2a: Rillaboom|Bullet Seed|p1a: Sneasler\n|-resisted|p1a: Sneasler\n|-damage|p1a: Sneasler|85\/100\n|-resisted|p1a: Sneasler\n|-damage|p1a: Sneasler|69\/100\n|-resisted|p1a: Sneasler\n|-damage|p1a: Sneasler|52\/100\n|-resisted|p1a: Sneasler\n|-damage|p1a: Sneasler|36\/100\n|-resisted|p1a: Sneasler\n|-damage|p1a: Sneasler|21\/100\n|-hitcount|p1a: Sneasler|5\n|\n|-heal|p1a: Sneasler|27\/100|[from] Grassy Terrain\n|-heal|p2a: Rillaboom|12\/100|[from] Grassy Terrain\n|upkeep\n|turn|14\n|\n|t:|1699962346\n|move|p2a: Rillaboom|Grassy Glide|p1a: Sneasler\n|-resisted|p1a: Sneasler\n|-damage|p1a: Sneasler|0 fnt\n|faint|p1a: Sneasler\n|\n|-heal|p2a: Rillaboom|19\/100|[from] Grassy Terrain\n|upkeep\n|\n|t:|1699962356\n|switch|p1a: Ninetales|Ninetales-Alola, M|100\/100\n|-weather|Snow|[from] ability: Snow Warning|[of] p1a: Ninetales\n|turn|15\n|\n|t:|1699962360\n|switch|p2a: Ninetales|Ninetales-Alola, F, shiny|100\/100\n|move|p1a: Ninetales|Moonblast|p2a: Ninetales\n|-damage|p2a: Ninetales|71\/100\n|-unboost|p2a: Ninetales|spa|1\n|\n|-weather|Snow|[upkeep]\n|-heal|p2a: Ninetales|77\/100|[from] Grassy Terrain\n|upkeep\n|turn|16\n|\n|t:|1699962363\n|move|p2a: Ninetales|Aurora Veil|p2a: Ninetales\n|-sidestart|p2: igorcda|move: Aurora Veil\n|move|p1a: Ninetales|Aurora Veil|p1a: Ninetales\n|-sidestart|p1: d18l|move: Aurora Veil\n|\n|-weather|Snow|[upkeep]\n|-heal|p2a: Ninetales|83\/100|[from] Grassy Terrain\n|upkeep\n|turn|17\n|\n|t:|1699962374\n|switch|p1a: Heatran|Heatran, F|100\/100\n|-item|p1a: Heatran|Air Balloon\n|move|p2a: Ninetales|Nasty Plot|p2a: Ninetales\n|-boost|p2a: Ninetales|spa|2\n|\n|-weather|Snow|[upkeep]\n|-heal|p2a: Ninetales|89\/100|[from] Grassy Terrain\n|-fieldend|move: Grassy Terrain\n|upkeep\n|turn|18\n|\n|t:|1699962381\n|switch|p2a: Ursaluna|Ursaluna, F, shiny|100\/100\n|move|p1a: Heatran|Magma Storm|p2a: Ursaluna\n|-damage|p2a: Ursaluna|73\/100\n|-activate|p2a: Ursaluna|move: Magma Storm|[of] p1a: Heatran\n|\n|-weather|Snow|[upkeep]\n|-damage|p2a: Ursaluna|60\/100|[from] move: Magma Storm|[partiallytrapped]\n|-status|p2a: Ursaluna|brn|[from] item: Flame Orb\n|upkeep\n|turn|19\n|\n|t:|1699962400\n|move|p1a: Heatran|Earth Power|p2a: Ursaluna\n|-damage|p2a: Ursaluna|42\/100 brn\n|move|p2a: Ursaluna|Drain Punch|p1a: Heatran\n|-supereffective|p1a: Heatran\n|-damage|p1a: Heatran|55\/100\n|-heal|p2a: Ursaluna|60\/100 brn|[from] drain|[of] p1a: Heatran\n|-enditem|p1a: Heatran|Air Balloon\n|\n|-weather|none\n|-damage|p2a: Ursaluna|54\/100 brn|[from] brn\n|-damage|p2a: Ursaluna|41\/100 brn|[from] move: Magma Storm|[partiallytrapped]\n|upkeep\n|turn|20\n|inactive|igorcda has 120 seconds left.\n|inactive|igorcda has 90 seconds left.\n|\n|t:|1699962466\n|switch|p1a: Hatterene|Hatterene, F|71\/100\n|move|p2a: Ursaluna|Drain Punch|p1a: Hatterene\n|-resisted|p1a: Hatterene\n|-damage|p1a: Hatterene|66\/100\n|-heal|p2a: Ursaluna|43\/100 brn|[from] drain|[of] p1a: Hatterene\n|\n|-damage|p2a: Ursaluna|37\/100 brn|[from] brn\n|-end|p2a: Ursaluna|Magma Storm|[partiallytrapped]|[silent]\n|upkeep\n|turn|21\n|inactive|igorcda has 90 seconds left.\n|\n|t:|1699962476\n|move|p2a: Ursaluna|Facade|p1a: Hatterene\n|-damage|p1a: Hatterene|11\/100\n|move|p1a: Hatterene|Draining Kiss|p2a: Ursaluna\n|-damage|p2a: Ursaluna|25\/100 brn\n|-heal|p1a: Hatterene|22\/100|[from] drain|[of] p2a: Ursaluna\n|\n|-damage|p2a: Ursaluna|19\/100 brn|[from] brn\n|upkeep\n|turn|22\n|\n|t:|1699962484\n|move|p2a: Ursaluna|Facade|p1a: Hatterene\n|-damage|p1a: Hatterene|0 fnt\n|faint|p1a: Hatterene\n|\n|-damage|p2a: Ursaluna|13\/100 brn|[from] brn\n|upkeep\n|\n|t:|1699962486\n|switch|p1a: Rillaboom|Rillaboom, F|77\/100\n|-fieldstart|move: Grassy Terrain|[from] ability: Grassy Surge|[of] p1a: Rillaboom\n|turn|23\n|\n|t:|1699962494\n|move|p1a: Rillaboom|Grassy Glide|p2a: Ursaluna\n|-supereffective|p2a: Ursaluna\n|-damage|p2a: Ursaluna|0 fnt\n|faint|p2a: Ursaluna\n|\n|-heal|p1a: Rillaboom|83\/100|[from] Grassy Terrain\n|-heal|p1a: Rillaboom|90\/100|[from] item: Leftovers\n|-sideend|p2: igorcda|move: Aurora Veil\n|-sideend|p1: d18l|move: Aurora Veil\n|upkeep\n|\n|t:|1699962501\n|switch|p2a: Infernape|Infernape, M, tera:Fighting|97\/100\n|turn|24\n|\n|t:|1699962513\n|-terastallize|p1a: Rillaboom|Fire\n|move|p2a: Infernape|Drain Punch|p1a: Rillaboom\n|-damage|p1a: Rillaboom|27\/100\n|-heal|p2a: Infernape|100\/100|[from] drain|[of] p1a: Rillaboom\n|-damage|p2a: Infernape|91\/100|[from] item: Life Orb\n|move|p1a: Rillaboom|Wood Hammer|p2a: Infernape\n|-damage|p2a: Infernape|0 fnt\n|faint|p2a: Infernape\n|-damage|p1a: Rillaboom|5\/100|[from] Recoil\n|\n|-heal|p1a: Rillaboom|12\/100|[from] Grassy Terrain\n|-heal|p1a: Rillaboom|18\/100|[from] item: Leftovers\n|upkeep\n|\n|t:|1699962521\n|switch|p2a: Ninetales|Ninetales-Alola, F, shiny|89\/100\n|-weather|Snow|[from] ability: Snow Warning|[of] p2a: Ninetales\n|turn|25\n|\n|t:|1699962538\n|move|p1a: Rillaboom|Grassy Glide|p2a: Ninetales\n|-damage|p2a: Ninetales|62\/100\n|move|p2a: Ninetales|Aurora Veil|p2a: Ninetales\n|-sidestart|p2: igorcda|move: Aurora Veil\n|\n|-weather|Snow|[upkeep]\n|-heal|p2a: Ninetales|68\/100|[from] Grassy Terrain\n|-heal|p1a: Rillaboom|24\/100|[from] Grassy Terrain\n|-heal|p1a: Rillaboom|30\/100|[from] item: Leftovers\n|upkeep\n|turn|26\n|\n|t:|1699962549\n|switch|p1a: Heatran|Heatran, F|55\/100\n|move|p2a: Ninetales|Nasty Plot|p2a: Ninetales\n|-boost|p2a: Ninetales|spa|2\n|\n|-weather|Snow|[upkeep]\n|-heal|p2a: Ninetales|74\/100|[from] Grassy Terrain\n|-heal|p1a: Heatran|61\/100|[from] Grassy Terrain\n|upkeep\n|turn|27\n|\n|t:|1699962553\n|move|p2a: Ninetales|Freeze-Dry|p1a: Heatran\n|-resisted|p1a: Heatran\n|-damage|p1a: Heatran|50\/100\n|move|p1a: Heatran|Magma Storm|p2a: Ninetales|[miss]\n|-miss|p1a: Heatran|p2a: Ninetales\n|\n|-weather|Snow|[upkeep]\n|-heal|p2a: Ninetales|80\/100|[from] Grassy Terrain\n|-heal|p1a: Heatran|56\/100|[from] Grassy Terrain\n|-fieldend|move: Grassy Terrain\n|upkeep\n|turn|28\n|\n|t:|1699962557\n|move|p2a: Ninetales|Freeze-Dry|p1a: Heatran\n|-resisted|p1a: Heatran\n|-damage|p1a: Heatran|46\/100\n|-status|p1a: Heatran|frz\n|cant|p1a: Heatran|frz\n|\n|-weather|Snow|[upkeep]\n|upkeep\n|turn|29\n|\n|t:|1699962559\n|switch|p2a: Rillaboom|Rillaboom, M, shiny|19\/100\n|-fieldstart|move: Grassy Terrain|[from] ability: Grassy Surge|[of] p2a: Rillaboom\n|cant|p1a: Heatran|frz\n|\n|-weather|none\n|-heal|p2a: Rillaboom|25\/100|[from] Grassy Terrain\n|-heal|p1a: Heatran|52\/100 frz|[from] Grassy Terrain\n|upkeep\n|turn|30\n|\n|t:|1699962567\n|switch|p1a: Rillaboom|Rillaboom, F, tera:Fire|30\/100\n|move|p2a: Rillaboom|Swords Dance|p2a: Rillaboom\n|-boost|p2a: Rillaboom|atk|2\n|\n|-heal|p2a: Rillaboom|31\/100|[from] Grassy Terrain\n|-heal|p1a: Rillaboom|36\/100|[from] Grassy Terrain\n|-heal|p1a: Rillaboom|43\/100|[from] item: Leftovers\n|upkeep\n|turn|31\n|\n|t:|1699962574\n|move|p1a: Rillaboom|Grassy Glide|p2a: Rillaboom\n|-resisted|p2a: Rillaboom\n|-crit|p2a: Rillaboom\n|-damage|p2a: Rillaboom|5\/100\n|move|p2a: Rillaboom|High Horsepower|p1a: Rillaboom\n|-supereffective|p1a: Rillaboom\n|-damage|p1a: Rillaboom|0 fnt\n|faint|p1a: Rillaboom\n|\n|-heal|p2a: Rillaboom|11\/100|[from] Grassy Terrain\n|upkeep\n|\n|t:|1699962578\n|switch|p1a: Ninetales|Ninetales-Alola, M|100\/100\n|-weather|Snow|[from] ability: Snow Warning|[of] p1a: Ninetales\n|turn|32\n|\n|t:|1699962589\n|switch|p2a: Ninetales|Ninetales-Alola, F, shiny|80\/100\n|move|p1a: Ninetales|Moonblast|p2a: Ninetales\n|-damage|p2a: Ninetales|66\/100\n|\n|-weather|Snow|[upkeep]\n|-heal|p2a: Ninetales|72\/100|[from] Grassy Terrain\n|-sideend|p2: igorcda|move: Aurora Veil\n|upkeep\n|turn|33\n|\n|t:|1699962599\n|move|p2a: Ninetales|Nasty Plot|p2a: Ninetales\n|-boost|p2a: Ninetales|spa|2\n|move|p1a: Ninetales|Aurora Veil|p1a: Ninetales\n|-sidestart|p1: d18l|move: Aurora Veil\n|\n|-weather|Snow|[upkeep]\n|-heal|p2a: Ninetales|78\/100|[from] Grassy Terrain\n|-fieldend|move: Grassy Terrain\n|upkeep\n|turn|34\n|\n|t:|1699962603\n|move|p2a: Ninetales|Encore|p1a: Ninetales\n|-start|p1a: Ninetales|Encore\n|move|p1a: Ninetales|Aurora Veil||[still]\n|-fail|p1a: Ninetales\n|\n|-weather|Snow|[upkeep]\n|upkeep\n|turn|35\n|\n|t:|1699962610\n|switch|p1a: Heatran|Heatran, F|52\/100 frz\n|move|p2a: Ninetales|Aurora Veil|p2a: Ninetales\n|-sidestart|p2: igorcda|move: Aurora Veil\n|\n|-weather|Snow|[upkeep]\n|upkeep\n|turn|36\n|\n|t:|1699962617\n|move|p2a: Ninetales|Nasty Plot|p2a: Ninetales\n|-boost|p2a: Ninetales|spa|2\n|cant|p1a: Heatran|frz\n|\n|-weather|none\n|upkeep\n|turn|37\n|\n|t:|1699962619\n|move|p2a: Ninetales|Freeze-Dry|p1a: Heatran\n|-resisted|p1a: Heatran\n|-damage|p1a: Heatran|44\/100 frz\n|-curestatus|p1a: Heatran|frz|[msg]\n|move|p1a: Heatran|Magma Storm|p2a: Ninetales|[miss]\n|-miss|p1a: Heatran|p2a: Ninetales\n|\n|upkeep\n|turn|38\n|\n|t:|1699962621\n|move|p2a: Ninetales|Freeze-Dry|p1a: Heatran\n|-resisted|p1a: Heatran\n|-damage|p1a: Heatran|36\/100\n|move|p1a: Heatran|Magma Storm|p2a: Ninetales\n|-supereffective|p2a: Ninetales\n|-damage|p2a: Ninetales|16\/100\n|-activate|p2a: Ninetales|move: Magma Storm|[of] p1a: Heatran\n|\n|-damage|p2a: Ninetales|4\/100|[from] move: Magma Storm|[partiallytrapped]\n|upkeep\n|turn|39\n|\n|t:|1699962633\n|move|p2a: Ninetales|Freeze-Dry|p1a: Heatran\n|-resisted|p1a: Heatran\n|-damage|p1a: Heatran|28\/100\n|-status|p1a: Heatran|frz\n|cant|p1a: Heatran|frz\n|\n|-damage|p2a: Ninetales|0 fnt|[from] move: Magma Storm|[partiallytrapped]\n|faint|p2a: Ninetales\n|upkeep\n|\n|t:|1699962635\n|switch|p2a: Rillaboom|Rillaboom, M, shiny|11\/100\n|-fieldstart|move: Grassy Terrain|[from] ability: Grassy Surge|[of] p2a: Rillaboom\n|turn|40\n|\n|t:|1699962653\n|move|p2a: Rillaboom|Swords Dance|p2a: Rillaboom\n|-boost|p2a: Rillaboom|atk|2\n|cant|p1a: Heatran|frz\n|\n|-heal|p2a: Rillaboom|17\/100|[from] Grassy Terrain\n|-heal|p1a: Heatran|35\/100 frz|[from] Grassy Terrain\n|-sideend|p1: d18l|move: Aurora Veil\n|upkeep\n|turn|41\n|\n|t:|1699962662\n|move|p2a: Rillaboom|Swords Dance|p2a: Rillaboom\n|-boost|p2a: Rillaboom|atk|2\n|cant|p1a: Heatran|frz\n|\n|-heal|p2a: Rillaboom|23\/100|[from] Grassy Terrain\n|-heal|p1a: Heatran|41\/100 frz|[from] Grassy Terrain\n|upkeep\n|turn|42\n|c|\u2606d18l|im so sad rn\n|\n|t:|1699962672\n|move|p2a: Rillaboom|Swords Dance|p2a: Rillaboom\n|-boost|p2a: Rillaboom|atk|2\n|-curestatus|p1a: Heatran|frz|[msg]\n|move|p1a: Heatran|Magma Storm|p2a: Rillaboom|[miss]\n|-miss|p1a: Heatran|p2a: Rillaboom\n|\n|-heal|p2a: Rillaboom|29\/100|[from] Grassy Terrain\n|-heal|p1a: Heatran|47\/100|[from] Grassy Terrain\n|-sideend|p2: igorcda|move: Aurora Veil\n|upkeep\n|turn|43\n|\n|t:|1699962675\n|move|p2a: Rillaboom|High Horsepower|p1a: Heatran\n|-supereffective|p1a: Heatran\n|-damage|p1a: Heatran|0 fnt\n|faint|p1a: Heatran\n|\n|-heal|p2a: Rillaboom|35\/100|[from] Grassy Terrain\n|upkeep\n|\n|t:|1699962677\n|switch|p1a: Ninetales|Ninetales-Alola, M|100\/100\n|-weather|Snow|[from] ability: Snow Warning|[of] p1a: Ninetales\n|turn|44\n|c|\u2606d18l|yikes\n|\n|t:|1699962681\n|move|p2a: Rillaboom|Grassy Glide|p1a: Ninetales\n|-damage|p1a: Ninetales|0 fnt\n|faint|p1a: Ninetales\n|\n|win|igorcda\n|raw|d18l's rating: 1673 &rarr; <strong>1645<\/strong><br \/>(-28 for losing)\n|raw|igorcda's rating: 1520 &rarr; <strong>1548<\/strong><br \/>(+28 for winning)\n","uploadtime":1699962685,"views":10,"p1id":"d18l","p2id":"igorcda","formatid":"gen9ou","rating":1548,"private":0,"password":""}