{"id":"gen9ou-1988442974","p1":"OkJuice100","p2":"Geki01","format":"[Gen 9] OU","log":"|j|\u2606OkJuice100\n|j|\u2606Geki01\n|t:|1699723454\n|gametype|singles\n|player|p1|OkJuice100|266|1148\n|player|p2|Geki01|silver|1238\n|teamsize|p1|6\n|teamsize|p2|6\n|gen|9\n|tier|[Gen 9] OU\n|rated|\n|rule|Sleep Clause Mod: Limit one foe put to sleep\n|rule|Species Clause: Limit one of each Pok\u00e9mon\n|rule|OHKO Clause: OHKO moves are banned\n|rule|Evasion Items Clause: Evasion items are banned\n|rule|Evasion Moves Clause: Evasion moves are banned\n|rule|Endless Battle Clause: Forcing endless battles is banned\n|rule|HP Percentage Mod: HP is shown in percentages\n|clearpoke\n|poke|p1|Cinderace, M|\n|poke|p1|Greninja-*, F|\n|poke|p1|Slowking-Galar, F|\n|poke|p1|Pelipper, M|\n|poke|p1|Barraskewda, M|\n|poke|p1|Rillaboom, M|\n|poke|p2|Toxapex, F|\n|poke|p2|Enamorus, F|\n|poke|p2|Great Tusk|\n|poke|p2|Rillaboom, M|\n|poke|p2|Dragapult, M|\n|poke|p2|Volcanion|\n|teampreview\n|\n|t:|1699723468\n|start\n|switch|p1a: Pelipper|Pelipper, M|100\/100\n|switch|p2a: Toxapex|Toxapex, F|100\/100\n|-weather|RainDance|[from] ability: Drizzle|[of] p1a: Pelipper\n|turn|1\n|\n|t:|1699723472\n|move|p1a: Pelipper|U-turn|p2a: Toxapex\n|-resisted|p2a: Toxapex\n|-damage|p2a: Toxapex|98\/100\n|\n|t:|1699723476\n|switch|p1a: Cinderace|Cinderace, M|100\/100|[from] U-turn\n|move|p2a: Toxapex|Toxic|p1a: Cinderace\n|-status|p1a: Cinderace|tox\n|\n|-weather|RainDance|[upkeep]\n|-heal|p2a: Toxapex|100\/100|[from] item: Leftovers\n|-damage|p1a: Cinderace|95\/100 tox|[from] psn\n|upkeep\n|turn|2\n|\n|t:|1699723486\n|move|p1a: Cinderace|Electro Ball|p2a: Toxapex\n|-start|p1a: Cinderace|typechange|Electric|[from] ability: Libero\n|-supereffective|p2a: Toxapex\n|-damage|p2a: Toxapex|0 fnt\n|faint|p2a: Toxapex\n|\n|-weather|RainDance|[upkeep]\n|-damage|p1a: Cinderace|83\/100 tox|[from] psn\n|upkeep\n|\n|t:|1699723498\n|switch|p2a: Enamorus|Enamorus, F|100\/100\n|turn|3\n|c|\u2606OkJuice100|Boo womp\n|\n|t:|1699723504\n|move|p2a: Enamorus|Mystical Fire|p1a: Cinderace\n|-damage|p1a: Cinderace|60\/100 tox\n|-unboost|p1a: Cinderace|spa|1\n|move|p1a: Cinderace|Electro Ball|p2a: Enamorus\n|-supereffective|p2a: Enamorus\n|-damage|p2a: Enamorus|65\/100\n|\n|-weather|RainDance|[upkeep]\n|-damage|p1a: Cinderace|43\/100 tox|[from] psn\n|upkeep\n|turn|4\n|\n|t:|1699723510\n|switch|p2a: Great Tusk|Great Tusk|100\/100\n|move|p1a: Cinderace|Electro Ball|p2a: Great Tusk\n|-immune|p2a: Great Tusk\n|\n|-weather|RainDance|[upkeep]\n|-damage|p1a: Cinderace|19\/100 tox|[from] psn\n|upkeep\n|turn|5\n|\n|t:|1699723518\n|switch|p1a: Pelipper|Pelipper, M|100\/100\n|-end|p2a: Great Tusk|Protosynthesis|[silent]\n|switch|p2a: Enamorus|Enamorus, F|65\/100\n|\n|-weather|RainDance|[upkeep]\n|upkeep\n|turn|6\n|\n|t:|1699723524\n|switch|p2a: Volcanion|Volcanion|100\/100\n|move|p1a: Pelipper|Weather Ball|p2a: Volcanion\n|-immune|p2a: Volcanion|[from] ability: Water Absorb\n|\n|-weather|RainDance|[upkeep]\n|upkeep\n|turn|7\n|\n|t:|1699723532\n|move|p2a: Volcanion|Steam Eruption|p1a: Pelipper\n|-resisted|p1a: Pelipper\n|-damage|p1a: Pelipper|43\/100\n|move|p1a: Pelipper|U-turn|p2a: Volcanion\n|-resisted|p2a: Volcanion\n|-damage|p2a: Volcanion|97\/100\n|\n|t:|1699723548\n|switch|p1a: Slowking|Slowking-Galar, F|100\/100|[from] U-turn\n|\n|-weather|RainDance|[upkeep]\n|-heal|p2a: Volcanion|100\/100|[from] item: Leftovers\n|upkeep\n|turn|8\n|\n|t:|1699723556\n|move|p2a: Volcanion|Steam Eruption|p1a: Slowking\n|-damage|p1a: Slowking|59\/100\n|move|p1a: Slowking|Future Sight|p2a: Volcanion\n|-start|p1a: Slowking|move: Future Sight\n|\n|-weather|none\n|upkeep\n|turn|9\n|\n|t:|1699723564\n|move|p2a: Volcanion|Earth Power|p1a: Slowking\n|-supereffective|p1a: Slowking\n|-damage|p1a: Slowking|28\/100\n|-unboost|p1a: Slowking|spd|1\n|move|p1a: Slowking|Sludge Bomb|p2a: Volcanion\n|-damage|p2a: Volcanion|64\/100\n|-status|p2a: Volcanion|psn\n|\n|-heal|p2a: Volcanion|70\/100 psn|[from] item: Leftovers\n|-damage|p2a: Volcanion|58\/100 psn|[from] psn\n|upkeep\n|turn|10\n|\n|t:|1699723579\n|switch|p2a: Rillaboom|Rillaboom, M|100\/100\n|-fieldstart|move: Grassy Terrain|[from] ability: Grassy Surge|[of] p2a: Rillaboom\n|switch|p1a: Cinderace|Cinderace, M|19\/100 tox\n|\n|-end|p2a: Rillaboom|move: Future Sight\n|-damage|p2a: Rillaboom|51\/100\n|-heal|p1a: Cinderace|25\/100 tox|[from] Grassy Terrain\n|-heal|p2a: Rillaboom|57\/100|[from] Grassy Terrain\n|-damage|p1a: Cinderace|19\/100 tox|[from] psn\n|upkeep\n|turn|11\n|\n|t:|1699723593\n|move|p2a: Rillaboom|Fake Out|p1a: Cinderace\n|-damage|p1a: Cinderace|0 fnt\n|faint|p1a: Cinderace\n|\n|-heal|p2a: Rillaboom|64\/100|[from] Grassy Terrain\n|upkeep\n|\n|t:|1699723600\n|switch|p1a: Slowking|Slowking-Galar, F|61\/100\n|turn|12\n|\n|t:|1699723616\n|switch|p2a: Great Tusk|Great Tusk|100\/100\n|move|p1a: Slowking|Future Sight|p2a: Great Tusk\n|-start|p1a: Slowking|move: Future Sight\n|\n|-heal|p1a: Slowking|68\/100|[from] Grassy Terrain\n|upkeep\n|turn|13\n|\n|t:|1699723628\n|switch|p1a: Pelipper|Pelipper, M|43\/100\n|-weather|RainDance|[from] ability: Drizzle|[of] p1a: Pelipper\n|move|p2a: Great Tusk|Headlong Rush|p1a: Pelipper\n|-immune|p1a: Pelipper\n|\n|-weather|RainDance|[upkeep]\n|upkeep\n|turn|14\n|\n|t:|1699723643\n|-end|p2a: Great Tusk|Protosynthesis|[silent]\n|switch|p2a: Rillaboom|Rillaboom, M|64\/100\n|move|p1a: Pelipper|Hurricane|p2a: Rillaboom\n|-supereffective|p2a: Rillaboom\n|-damage|p2a: Rillaboom|13\/100\n|\n|-weather|RainDance|[upkeep]\n|-end|p2a: Rillaboom|move: Future Sight\n|-damage|p2a: Rillaboom|0 fnt\n|faint|p2a: Rillaboom\n|-fieldend|move: Grassy Terrain\n|upkeep\n|\n|t:|1699723651\n|switch|p2a: Volcanion|Volcanion|58\/100 psn\n|turn|15\n|\n|t:|1699723656\n|move|p2a: Volcanion|Steam Eruption|p1a: Pelipper\n|-resisted|p1a: Pelipper\n|-damage|p1a: Pelipper|0 fnt\n|faint|p1a: Pelipper\n|\n|-weather|RainDance|[upkeep]\n|-heal|p2a: Volcanion|64\/100 psn|[from] item: Leftovers\n|-damage|p2a: Volcanion|51\/100 psn|[from] psn\n|upkeep\n|\n|t:|1699723661\n|switch|p1a: Barraskewda|Barraskewda, M|100\/100\n|turn|16\n|\n|t:|1699723675\n|move|p1a: Barraskewda|Psychic Fangs|p2a: Volcanion\n|-damage|p2a: Volcanion|15\/100 psn\n|move|p2a: Volcanion|Will-O-Wisp|p1a: Barraskewda\n|-status|p1a: Barraskewda|brn\n|\n|-weather|RainDance|[upkeep]\n|-heal|p2a: Volcanion|21\/100 psn|[from] item: Leftovers\n|-damage|p2a: Volcanion|8\/100 psn|[from] psn\n|-damage|p1a: Barraskewda|94\/100 brn|[from] brn\n|upkeep\n|turn|17\n|\n|t:|1699723681\n|move|p1a: Barraskewda|Psychic Fangs|p2a: Volcanion\n|-damage|p2a: Volcanion|0 fnt\n|faint|p2a: Volcanion\n|\n|-weather|RainDance|[upkeep]\n|-damage|p1a: Barraskewda|88\/100 brn|[from] brn\n|upkeep\n|\n|t:|1699723686\n|switch|p2a: Dragapult|Dragapult, M|100\/100\n|turn|18\n|\n|t:|1699723692\n|move|p1a: Barraskewda|Psychic Fangs|p2a: Dragapult\n|-damage|p2a: Dragapult|66\/100\n|move|p2a: Dragapult|Shadow Ball|p1a: Barraskewda\n|-damage|p1a: Barraskewda|0 fnt\n|faint|p1a: Barraskewda\n|\n|-weather|RainDance|[upkeep]\n|upkeep\n|\n|t:|1699723699\n|switch|p1a: Greninja|Greninja, F|100\/100\n|turn|19\n|\n|t:|1699723716\n|move|p1a: Greninja|Ice Beam|p2a: Dragapult\n|-start|p1a: Greninja|typechange|Ice|[from] ability: Protean\n|-supereffective|p2a: Dragapult\n|-damage|p2a: Dragapult|0 fnt\n|faint|p2a: Dragapult\n|\n|-weather|RainDance|[upkeep]\n|upkeep\n|\n|t:|1699723720\n|switch|p2a: Enamorus|Enamorus, F|65\/100\n|turn|20\n|\n|t:|1699723726\n|move|p1a: Greninja|Ice Beam|p2a: Enamorus\n|-supereffective|p2a: Enamorus\n|-damage|p2a: Enamorus|0 fnt\n|faint|p2a: Enamorus\n|\n|-weather|none\n|upkeep\n|\n|t:|1699723731\n|switch|p2a: Great Tusk|Great Tusk|100\/100\n|turn|21\n|\n|t:|1699723735\n|move|p1a: Greninja|Ice Beam|p2a: Great Tusk\n|-supereffective|p2a: Great Tusk\n|-damage|p2a: Great Tusk|1\/100\n|move|p2a: Great Tusk|Headlong Rush|p1a: Greninja\n|-damage|p1a: Greninja|12\/100\n|-unboost|p2a: Great Tusk|def|1\n|-unboost|p2a: Great Tusk|spd|1\n|\n|upkeep\n|turn|22\n|\n|t:|1699723742\n|move|p1a: Greninja|Ice Beam|p2a: Great Tusk\n|-supereffective|p2a: Great Tusk\n|-damage|p2a: Great Tusk|0 fnt\n|faint|p2a: Great Tusk\n|-end|p2a: Great Tusk|Protosynthesis|[silent]\n|\n|win|OkJuice100\n|raw|OkJuice100's rating: 1148 &rarr; <strong>1179<\/strong><br \/>(+31 for winning)\n|raw|Geki01's rating: 1238 &rarr; <strong>1207<\/strong><br \/>(-31 for losing)\n|l|\u2606Geki01\n|c|\u2606OkJuice100|gg\n","uploadtime":1699723750,"views":18,"p1id":"okjuice100","p2id":"geki01","formatid":"gen9ou","rating":1179,"private":0,"password":""}