{"id":"gen9ou-1991690641","p1":"reluctanttest","p2":"DareDevilHbh","format":"[Gen 9] OU","log":"|j|\u2606reluctanttest\n|j|\u2606DareDevilHbh\n|t:|1700103099\n|gametype|singles\n|player|p1|reluctanttest|169|1263\n|player|p2|DareDevilHbh|ethan|1176\n|teamsize|p1|6\n|teamsize|p2|6\n|gen|9\n|tier|[Gen 9] OU\n|rated|\n|rule|Sleep Clause Mod: Limit one foe put to sleep\n|rule|Species Clause: Limit one of each Pok\u00e9mon\n|rule|OHKO Clause: OHKO moves are banned\n|rule|Evasion Items Clause: Evasion items are banned\n|rule|Evasion Moves Clause: Evasion moves are banned\n|rule|Endless Battle Clause: Forcing endless battles is banned\n|rule|HP Percentage Mod: HP is shown in percentages\n|clearpoke\n|poke|p1|Greninja-*, F|\n|poke|p1|Glimmora, M|\n|poke|p1|Dragonite, F|\n|poke|p1|Scizor, F|\n|poke|p1|Ditto|\n|poke|p1|Gengar, F|\n|poke|p2|Great Tusk|\n|poke|p2|Torkoal, F|\n|poke|p2|Ceruledge, F|\n|poke|p2|Hatterene, F|\n|poke|p2|Brute Bonnet|\n|poke|p2|Walking Wake|\n|teampreview\n|inactive|Battle timer is ON: inactive players will automatically lose when time's up. (requested by reluctanttest)\n|\n|t:|1700103106\n|start\n|switch|p1a: Gengar|Gengar, F|100\/100\n|switch|p2a: Torkoal|Torkoal, F, shiny|100\/100\n|-weather|SunnyDay|[from] ability: Drought|[of] p2a: Torkoal\n|turn|1\n|\n|t:|1700103118\n|switch|p2a: Walking Wake|Walking Wake|100\/100\n|-activate|p2a: Walking Wake|ability: Protosynthesis\n|-start|p2a: Walking Wake|protosynthesisspe\n|move|p1a: Gengar|Trick|p2a: Walking Wake\n|-activate|p1a: Gengar|move: Trick|[of] p2a: Walking Wake\n|-item|p2a: Walking Wake|Flame Orb|[from] move: Trick\n|-item|p1a: Gengar|Life Orb|[from] move: Trick\n|\n|-weather|SunnyDay|[upkeep]\n|-status|p2a: Walking Wake|brn|[from] item: Flame Orb\n|upkeep\n|turn|2\n|\n|t:|1700103136\n|switch|p1a: Greninja|Greninja, F, shiny|100\/100\n|move|p2a: Walking Wake|Hydro Steam|p1a: Greninja\n|-resisted|p1a: Greninja\n|-damage|p1a: Greninja|56\/100\n|\n|-weather|SunnyDay|[upkeep]\n|-damage|p2a: Walking Wake|94\/100 brn|[from] brn\n|upkeep\n|turn|3\n|\n|t:|1700103153\n|-terastallize|p2a: Walking Wake|Water\n|move|p2a: Walking Wake|Hydro Steam|p1a: Greninja\n|-resisted|p1a: Greninja\n|-damage|p1a: Greninja|0 fnt\n|faint|p1a: Greninja\n|\n|-weather|SunnyDay|[upkeep]\n|-damage|p2a: Walking Wake|88\/100 brn|[from] brn\n|upkeep\n|\n|t:|1700103167\n|switch|p1a: Glimmora|Glimmora, M|100\/100\n|turn|4\n|\n|t:|1700103171\n|move|p2a: Walking Wake|Hydro Steam|p1a: Glimmora\n|-supereffective|p1a: Glimmora\n|-enditem|p1a: Glimmora|Focus Sash\n|-damage|p1a: Glimmora|1\/100\n|move|p1a: Glimmora|Stealth Rock|p2a: Walking Wake\n|-sidestart|p2: DareDevilHbh|move: Stealth Rock\n|\n|-weather|SunnyDay|[upkeep]\n|-damage|p2a: Walking Wake|82\/100 brn|[from] brn\n|upkeep\n|turn|5\n|\n|t:|1700103182\n|move|p2a: Walking Wake|Hydro Steam|p1a: Glimmora\n|-supereffective|p1a: Glimmora\n|-damage|p1a: Glimmora|0 fnt\n|faint|p1a: Glimmora\n|\n|-weather|SunnyDay|[upkeep]\n|-damage|p2a: Walking Wake|76\/100 brn|[from] brn\n|upkeep\n|\n|t:|1700103192\n|switch|p1a: Scizor|Scizor, F|100\/100\n|turn|6\n|\n|t:|1700103198\n|move|p2a: Walking Wake|Flamethrower|p1a: Scizor\n|-supereffective|p1a: Scizor\n|-damage|p1a: Scizor|0 fnt\n|faint|p1a: Scizor\n|\n|-weather|SunnyDay|[upkeep]\n|-damage|p2a: Walking Wake|70\/100 brn|[from] brn\n|upkeep\n|\n|t:|1700103204\n|switch|p1a: Gengar|Gengar, F|100\/100\n|turn|7\n|\n|t:|1700103216\n|move|p2a: Walking Wake|Hydro Steam|p1a: Gengar\n|-crit|p1a: Gengar\n|-damage|p1a: Gengar|0 fnt\n|faint|p1a: Gengar\n|\n|-weather|SunnyDay|[upkeep]\n|-damage|p2a: Walking Wake|63\/100 brn|[from] brn\n|upkeep\n|-message|reluctanttest forfeited.\n|\n|win|DareDevilHbh\n|raw|reluctanttest's rating: 1263 &rarr; <strong>1232<\/strong><br \/>(-31 for losing)\n|raw|DareDevilHbh's rating: 1176 &rarr; <strong>1207<\/strong><br \/>(+31 for winning)\n|l|\u2606reluctanttest\n","uploadtime":1700103230,"views":13,"p1id":"reluctanttest","p2id":"daredevilhbh","formatid":"gen9ou","rating":1207,"private":0,"password":""}