{"id":"gen9ou-1992349690","p1":"Poison Ivy Thorns","p2":"420blzn","format":"[Gen 9] OU","log":"|j|\u2606Poison Ivy Thorns\n|j|\u2606420blzn\n|t:|1700177446\n|gametype|singles\n|player|p1|Poison Ivy Thorns|barry|1272\n|player|p2|420blzn|hoopster|1330\n|teamsize|p1|6\n|teamsize|p2|6\n|gen|9\n|tier|[Gen 9] OU\n|rated|\n|rule|Sleep Clause Mod: Limit one foe put to sleep\n|rule|Species Clause: Limit one of each Pok\u00e9mon\n|rule|OHKO Clause: OHKO moves are banned\n|rule|Evasion Items Clause: Evasion items are banned\n|rule|Evasion Moves Clause: Evasion moves are banned\n|rule|Endless Battle Clause: Forcing endless battles is banned\n|rule|HP Percentage Mod: HP is shown in percentages\n|clearpoke\n|poke|p1|Lucario, M|\n|poke|p1|Ninetales-Alola, M|\n|poke|p1|Great Tusk|\n|poke|p1|Greninja-*, M|\n|poke|p1|Dragapult, F|\n|poke|p1|Hatterene, F|\n|poke|p2|Ribombee, M|\n|poke|p2|Iron Moth|\n|poke|p2|Ogerpon-Wellspring, F|\n|poke|p2|Kingambit, F|\n|poke|p2|Great Tusk|\n|poke|p2|Gholdengo|\n|teampreview\n|inactive|Battle timer is ON: inactive players will automatically lose when time's up. (requested by 420blzn)\n|\n|t:|1700177462\n|start\n|switch|p1a: Hatterene|Hatterene, F|100\/100\n|switch|p2a: Mr Bombastick|Ribombee, M|100\/100\n|turn|1\n|\n|t:|1700177472\n|move|p2a: Mr Bombastick|Moonblast|p1a: Hatterene\n|-damage|p1a: Hatterene|60\/100\n|move|p1a: Hatterene|Mystical Fire|p2a: Mr Bombastick\n|-supereffective|p2a: Mr Bombastick\n|-enditem|p2a: Mr Bombastick|Focus Sash\n|-damage|p2a: Mr Bombastick|1\/100\n|\n|-heal|p1a: Hatterene|66\/100|[from] item: Leftovers\n|upkeep\n|turn|2\n|\n|t:|1700177485\n|move|p2a: Mr Bombastick|Moonblast|p1a: Hatterene\n|-damage|p1a: Hatterene|25\/100\n|move|p1a: Hatterene|Draining Kiss|p2a: Mr Bombastick\n|-damage|p2a: Mr Bombastick|0 fnt\n|-heal|p1a: Hatterene|25\/100|[from] drain|[of] p2a: Mr Bombastick\n|faint|p2a: Mr Bombastick\n|\n|-heal|p1a: Hatterene|31\/100|[from] item: Leftovers\n|upkeep\n|\n|t:|1700177489\n|switch|p2a: Iron Moth|Iron Moth|100\/100\n|turn|3\n|\n|t:|1700177495\n|move|p2a: Iron Moth|Fiery Dance|p1a: Hatterene\n|-damage|p1a: Hatterene|0 fnt\n|faint|p1a: Hatterene\n|\n|upkeep\n|\n|t:|1700177504\n|switch|p1a: Greninja|Greninja, M|100\/100\n|turn|4\n|\n|t:|1700177512\n|-end|p2a: Iron Moth|Quark Drive|[silent]\n|switch|p2a: Ogerpon|Ogerpon-Wellspring, F|100\/100\n|move|p1a: Greninja|Dark Pulse|p2a: Ogerpon\n|-damage|p2a: Ogerpon|44\/100\n|-damage|p1a: Greninja|91\/100|[from] item: Life Orb\n|\n|upkeep\n|turn|5\n|inactive|Poison Ivy Thorns has 120 seconds left.\n|\n|t:|1700177545\n|-terastallize|p2a: Ogerpon|Water\n|detailschange|p2a: Ogerpon|Ogerpon-Wellspring-Tera, F, tera:Water\n|-ability|p2a: Ogerpon|Embody Aspect (Wellspring)|boost\n|-boost|p2a: Ogerpon|spd|1\n|move|p1a: Greninja|Dark Pulse|p2a: Ogerpon\n|-damage|p2a: Ogerpon|9\/100\n|-damage|p1a: Greninja|81\/100|[from] item: Life Orb\n|move|p2a: Ogerpon|Power Whip|p1a: Greninja\n|-supereffective|p1a: Greninja\n|-damage|p1a: Greninja|0 fnt\n|faint|p1a: Greninja\n|\n|upkeep\n|inactive|Poison Ivy Thorns has 120 seconds left.\n|\n|t:|1700177552\n|switch|p1a: Lucario|Lucario, M|100\/100\n|turn|6\n|\n|t:|1700177563\n|switch|p2a: Great Tusk|Great Tusk|100\/100\n|-enditem|p2a: Great Tusk|Booster Energy\n|-activate|p2a: Great Tusk|ability: Protosynthesis|[fromitem]\n|-start|p2a: Great Tusk|protosynthesisatk\n|move|p1a: Lucario|Extreme Speed|p2a: Great Tusk\n|-damage|p2a: Great Tusk|76\/100\n|-damage|p1a: Lucario|91\/100|[from] item: Life Orb\n|\n|upkeep\n|turn|7\n|\n|t:|1700177571\n|switch|p1a: Ninetales|Ninetales-Alola, M|100\/100\n|-weather|Snow|[from] ability: Snow Warning|[of] p1a: Ninetales\n|move|p2a: Great Tusk|Rapid Spin|p1a: Ninetales\n|-damage|p1a: Ninetales|78\/100\n|-boost|p2a: Great Tusk|spe|1\n|\n|-weather|Snow|[upkeep]\n|upkeep\n|turn|8\n|\n|t:|1700177576\n|move|p2a: Great Tusk|Headlong Rush|p1a: Ninetales\n|-damage|p1a: Ninetales|7\/100\n|-unboost|p2a: Great Tusk|def|1\n|-unboost|p2a: Great Tusk|spd|1\n|move|p1a: Ninetales|Moonblast|p2a: Great Tusk\n|-supereffective|p2a: Great Tusk\n|-damage|p2a: Great Tusk|0 fnt\n|faint|p2a: Great Tusk\n|-end|p2a: Great Tusk|Protosynthesis|[silent]\n|\n|-weather|Snow|[upkeep]\n|upkeep\n|\n|t:|1700177587\n|switch|p2a: Ogerpon|Ogerpon-Wellspring-Tera, F, tera:Water|9\/100\n|-ability|p2a: Ogerpon|Embody Aspect (Wellspring)|boost\n|-boost|p2a: Ogerpon|spd|1\n|turn|9\n|\n|t:|1700177600\n|move|p2a: Ogerpon|Ivy Cudgel|p1a: Ninetales|[anim] Ivy Cudgel Water\n|-damage|p1a: Ninetales|0 fnt\n|faint|p1a: Ninetales\n|\n|-weather|Snow|[upkeep]\n|upkeep\n|\n|t:|1700177604\n|switch|p1a: Dragapult|Dragapult, F|100\/100\n|turn|10\n|\n|t:|1700177609\n|move|p1a: Dragapult|Dragon Darts|p2a: Ogerpon\n|-damage|p2a: Ogerpon|0 fnt\n|faint|p2a: Ogerpon\n|\n|-weather|Snow|[upkeep]\n|upkeep\n|\n|t:|1700177631\n|switch|p2a: Gholdengo|Gholdengo|100\/100\n|-item|p2a: Gholdengo|Air Balloon\n|turn|11\n|\n|t:|1700177636\n|move|p1a: Dragapult|Shadow Ball|p2a: Gholdengo\n|-supereffective|p2a: Gholdengo\n|-damage|p2a: Gholdengo|38\/100\n|-enditem|p2a: Gholdengo|Air Balloon\n|move|p2a: Gholdengo|Nasty Plot|p2a: Gholdengo\n|-boost|p2a: Gholdengo|spa|2\n|\n|-weather|none\n|upkeep\n|turn|12\n|\n|t:|1700177642\n|switch|p2a: Kingambit|Kingambit, F|100\/100\n|-activate|p2a: Kingambit|ability: Supreme Overlord\n|-start|p2a: Kingambit|fallen3|[silent]\n|move|p1a: Dragapult|Shadow Ball|p2a: Kingambit\n|-resisted|p2a: Kingambit\n|-damage|p2a: Kingambit|81\/100\n|\n|-heal|p2a: Kingambit|87\/100|[from] item: Leftovers\n|upkeep\n|turn|13\n|\n|t:|1700177655\n|switch|p1a: Great Tusk|Great Tusk|100\/100\n|move|p2a: Kingambit|Iron Head|p1a: Great Tusk\n|-damage|p1a: Great Tusk|56\/100\n|\n|-heal|p1a: Great Tusk|62\/100|[from] item: Leftovers\n|-heal|p2a: Kingambit|93\/100|[from] item: Leftovers\n|upkeep\n|turn|14\n|\n|t:|1700177666\n|move|p1a: Great Tusk|Earthquake|p2a: Kingambit\n|-supereffective|p2a: Kingambit\n|-damage|p2a: Kingambit|7\/100\n|move|p2a: Kingambit|Iron Head|p1a: Great Tusk\n|-damage|p1a: Great Tusk|20\/100\n|\n|-heal|p1a: Great Tusk|26\/100|[from] item: Leftovers\n|-heal|p2a: Kingambit|13\/100|[from] item: Leftovers\n|upkeep\n|turn|15\n|\n|t:|1700177672\n|move|p1a: Great Tusk|Earthquake|p2a: Kingambit\n|-supereffective|p2a: Kingambit\n|-damage|p2a: Kingambit|0 fnt\n|faint|p2a: Kingambit\n|-end|p2a: Kingambit|fallen3|[silent]\n|\n|-heal|p1a: Great Tusk|32\/100|[from] item: Leftovers\n|upkeep\n|\n|t:|1700177678\n|switch|p2a: Iron Moth|Iron Moth|100\/100\n|turn|16\n|\n|t:|1700177684\n|move|p2a: Iron Moth|Bug Buzz|p1a: Great Tusk\n|-resisted|p1a: Great Tusk\n|-crit|p1a: Great Tusk\n|-damage|p1a: Great Tusk|0 fnt\n|faint|p1a: Great Tusk\n|-end|p1a: Great Tusk|Protosynthesis|[silent]\n|\n|upkeep\n|\n|t:|1700177690\n|switch|p1a: Dragapult|Dragapult, F|100\/100\n|turn|17\n|\n|t:|1700177695\n|-terastallize|p1a: Dragapult|Dragon\n|move|p1a: Dragapult|Dragon Darts|p2a: Iron Moth\n|-damage|p2a: Iron Moth|45\/100\n|-anim|p1a: Dragapult|Dragon Darts|p2a: Iron Moth\n|-damage|p2a: Iron Moth|0 fnt\n|faint|p2a: Iron Moth\n|-end|p2a: Iron Moth|Quark Drive|[silent]\n|\n|upkeep\n|\n|t:|1700177700\n|switch|p2a: Gholdengo|Gholdengo|38\/100\n|turn|18\n|\n|t:|1700177705\n|move|p1a: Dragapult|Shadow Ball|p2a: Gholdengo\n|-supereffective|p2a: Gholdengo\n|-damage|p2a: Gholdengo|0 fnt\n|faint|p2a: Gholdengo\n|\n|win|Poison Ivy Thorns\n|raw|Poison Ivy Thorns's rating: 1272 &rarr; <strong>1301<\/strong><br \/>(+29 for winning)\n|raw|420blzn's rating: 1330 &rarr; <strong>1307<\/strong><br \/>(-23 for losing)\n|c|\u2606Poison Ivy Thorns|gg\n|l|\u2606420blzn\n","uploadtime":1700177711,"views":7,"p1id":"poisonivythorns","p2id":"420blzn","formatid":"gen9ou","rating":1301,"private":0,"password":""}