{"id":"gen9ou-1991402278","p1":"oijage","p2":"testingaccount2023","format":"[Gen 9] OU","log":"|j|\u2606oijage\n|j|\u2606testingaccount2023\n|t:|1700074090\n|gametype|singles\n|player|p1|oijage|170|\n|player|p2|testingaccount2023|170|\n|teamsize|p1|6\n|teamsize|p2|6\n|gen|9\n|tier|[Gen 9] OU\n|rule|Sleep Clause Mod: Limit one foe put to sleep\n|rule|Species Clause: Limit one of each Pok\u00e9mon\n|rule|OHKO Clause: OHKO moves are banned\n|rule|Evasion Items Clause: Evasion items are banned\n|rule|Evasion Moves Clause: Evasion moves are banned\n|rule|Endless Battle Clause: Forcing endless battles is banned\n|rule|HP Percentage Mod: HP is shown in percentages\n|clearpoke\n|poke|p1|Great Tusk|\n|poke|p1|Raichu-Alola, F|\n|poke|p1|Cetitan, F|\n|poke|p1|Eiscue, M|\n|poke|p1|Cinderace, F|\n|poke|p1|Glimmora, F|\n|poke|p2|Glimmora, F|\n|poke|p2|Kingambit, M|\n|poke|p2|Ogerpon-Wellspring, F|\n|poke|p2|Sandy Shocks|\n|poke|p2|Iron Valiant|\n|poke|p2|Iron Moth|\n|teampreview\n|\n|t:|1700074108\n|start\n|switch|p1a: Great Tusk|Great Tusk|100\/100\n|switch|p2a: Kingambit|Kingambit, M|100\/100\n|-enditem|p1a: Great Tusk|Booster Energy\n|-activate|p1a: Great Tusk|ability: Protosynthesis|[fromitem]\n|-start|p1a: Great Tusk|protosynthesisdef\n|turn|1\n|\n|t:|1700074117\n|move|p1a: Great Tusk|Stealth Rock|p2a: Kingambit\n|-sidestart|p2: testingaccount2023|move: Stealth Rock\n|move|p2a: Kingambit|Swords Dance|p2a: Kingambit\n|-boost|p2a: Kingambit|atk|2\n|\n|upkeep\n|turn|2\n|\n|t:|1700074128\n|move|p1a: Great Tusk|Endure|p1a: Great Tusk\n|-singleturn|p1a: Great Tusk|move: Endure\n|move|p2a: Kingambit|Swords Dance|p2a: Kingambit\n|-boost|p2a: Kingambit|atk|2\n|\n|upkeep\n|turn|3\n|\n|t:|1700074137\n|move|p1a: Great Tusk|Sandstorm|p1a: Great Tusk\n|-weather|Sandstorm\n|move|p2a: Kingambit|Swords Dance|p2a: Kingambit\n|-boost|p2a: Kingambit|atk|2\n|\n|-weather|Sandstorm|[upkeep]\n|upkeep\n|turn|4\n|\n|t:|1700074144\n|move|p1a: Great Tusk|Sunny Day|p1a: Great Tusk\n|-weather|SunnyDay\n|move|p2a: Kingambit|Swords Dance|p2a: Kingambit\n|-boost|p2a: Kingambit|atk|0\n|\n|-weather|SunnyDay|[upkeep]\n|upkeep\n|turn|5\n|\n|t:|1700074160\n|-end|p1a: Great Tusk|Protosynthesis|[silent]\n|switch|p1a: Raichu|Raichu-Alola, F|100\/100\n|-end|p2a: Kingambit|fallenundefined|[silent]\n|switch|p2a: Glimmora|Glimmora, F|100\/100\n|-damage|p2a: Glimmora|88\/100|[from] Stealth Rock\n|\n|-weather|SunnyDay|[upkeep]\n|upkeep\n|turn|6\n|\n|t:|1700074171\n|move|p1a: Raichu|Electric Terrain|p1a: Raichu\n|-fieldstart|move: Electric Terrain\n|move|p2a: Glimmora|Stealth Rock|p1a: Raichu\n|-sidestart|p1: oijage|move: Stealth Rock\n|\n|-weather|SunnyDay|[upkeep]\n|upkeep\n|turn|7\n|\n|t:|1700074183\n|move|p1a: Raichu|Psychic Terrain|p1a: Raichu\n|-fieldstart|move: Psychic Terrain\n|move|p2a: Glimmora|Stealth Rock||[still]\n|-fail|p2a: Glimmora\n|\n|-weather|SunnyDay|[upkeep]\n|upkeep\n|turn|8\n|\n|t:|1700074194\n|move|p1a: Raichu|Thunder Wave|p2a: Glimmora\n|-status|p2a: Glimmora|par\n|cant|p2a: Glimmora|par\n|\n|-weather|none\n|upkeep\n|turn|9\n|\n|t:|1700074204\n|switch|p2a: Ogerpon|Ogerpon-Wellspring, F|100\/100\n|-damage|p2a: Ogerpon|88\/100|[from] Stealth Rock\n|move|p1a: Raichu|Sweet Kiss|p2a: Ogerpon\n|-start|p2a: Ogerpon|confusion\n|\n|upkeep\n|turn|10\n|\n|t:|1700074223\n|switch|p1a: Cetitan|Cetitan, F|100\/100\n|-damage|p1a: Cetitan|76\/100|[from] Stealth Rock\n|-activate|p2a: Ogerpon|confusion\n|move|p2a: Ogerpon|Swords Dance|p2a: Ogerpon\n|-boost|p2a: Ogerpon|atk|2\n|\n|upkeep\n|turn|11\n|\n|t:|1700074233\n|-activate|p2a: Ogerpon|confusion\n|move|p2a: Ogerpon|Swords Dance|p2a: Ogerpon\n|-boost|p2a: Ogerpon|atk|2\n|move|p1a: Cetitan|Ice Spinner|p2a: Ogerpon\n|-damage|p2a: Ogerpon|38\/100\n|-fieldend|move: Psychic Terrain\n|\n|upkeep\n|turn|12\n|\n|t:|1700074244\n|-activate|p2a: Ogerpon|confusion\n|move|p2a: Ogerpon|Swords Dance|p2a: Ogerpon\n|-boost|p2a: Ogerpon|atk|2\n|move|p1a: Cetitan|Belly Drum|p1a: Cetitan\n|-damage|p1a: Cetitan|26\/100\n|-setboost|p1a: Cetitan|atk|6|[from] move: Belly Drum\n|\n|upkeep\n|turn|13\n|\n|t:|1700074260\n|-end|p2a: Ogerpon|confusion\n|move|p2a: Ogerpon|Swords Dance|p2a: Ogerpon\n|-boost|p2a: Ogerpon|atk|0\n|move|p1a: Cetitan|Snowscape|p1a: Cetitan\n|-weather|Snow\n|\n|-weather|Snow|[upkeep]\n|upkeep\n|turn|14\n|\n|t:|1700074274\n|switch|p2a: Sandy Shocks|Sandy Shocks|100\/100\n|-damage|p2a: Sandy Shocks|94\/100|[from] Stealth Rock\n|-enditem|p2a: Sandy Shocks|Booster Energy\n|-activate|p2a: Sandy Shocks|ability: Protosynthesis|[fromitem]\n|-start|p2a: Sandy Shocks|protosynthesisspe\n|switch|p1a: Eiscue|Eiscue, M|100\/100\n|-damage|p1a: Eiscue|76\/100|[from] Stealth Rock\n|\n|-weather|Snow|[upkeep]\n|upkeep\n|turn|15\n|\n|t:|1700074283\n|move|p2a: Sandy Shocks|Spikes|p1a: Eiscue\n|-sidestart|p1: oijage|Spikes\n|move|p1a: Eiscue|Reflect|p1a: Eiscue\n|-sidestart|p1: oijage|Reflect\n|\n|-weather|Snow|[upkeep]\n|upkeep\n|turn|16\n|\n|t:|1700074300\n|move|p2a: Sandy Shocks|Spikes|p1a: Eiscue\n|-sidestart|p1: oijage|Spikes\n|move|p1a: Eiscue|Aurora Veil|p1a: Eiscue\n|-sidestart|p1: oijage|move: Aurora Veil\n|\n|-weather|Snow|[upkeep]\n|upkeep\n|turn|17\n|\n|t:|1700074306\n|move|p2a: Sandy Shocks|Spikes|p1a: Eiscue\n|-sidestart|p1: oijage|Spikes\n|move|p1a: Eiscue|Aqua Ring|p1a: Eiscue\n|-start|p1a: Eiscue|Aqua Ring\n|\n|-weather|none\n|-heal|p1a: Eiscue|82\/100|[from] Aqua Ring\n|upkeep\n|turn|18\n|\n|t:|1700074314\n|move|p2a: Sandy Shocks|Spikes||[still]\n|-fail|p2a: Sandy Shocks\n|move|p1a: Eiscue|Mist|p1a: Eiscue\n|-sidestart|p1: oijage|Mist\n|\n|-heal|p1a: Eiscue|88\/100|[from] Aqua Ring\n|upkeep\n|turn|19\n|\n|t:|1700074323\n|switch|p1a: Cetitan|Cetitan, F|26\/100\n|-damage|p1a: Cetitan|1\/100|[from] Stealth Rock\n|-damage|p1a: Cetitan|0 fnt|[from] Spikes\n|faint|p1a: Cetitan\n|move|p2a: Sandy Shocks|Spikes||[still]\n|-fail|p2a: Sandy Shocks\n|\n|-sideend|p1: oijage|Reflect\n|upkeep\n|\n|t:|1700074335\n|switch|p1a: Cinderace|Cinderace, F|100\/100\n|-damage|p1a: Cinderace|76\/100|[from] Stealth Rock\n|-damage|p1a: Cinderace|51\/100|[from] Spikes\n|turn|20\n|\n|t:|1700074345\n|move|p2a: Sandy Shocks|Spikes||[still]\n|-fail|p2a: Sandy Shocks\n|move|p1a: Cinderace|Sunny Day|p1a: Cinderace\n|-weather|SunnyDay\n|\n|-weather|SunnyDay|[upkeep]\n|-sideend|p1: oijage|move: Aurora Veil\n|upkeep\n|turn|21\n|\n|t:|1700074353\n|move|p2a: Sandy Shocks|Spikes||[still]\n|-fail|p2a: Sandy Shocks\n|move|p1a: Cinderace|Fling|p2a: Sandy Shocks\n|-damage|p2a: Sandy Shocks|92\/100\n|-heal|p2a: Sandy Shocks|100\/100|[from] item: Aguav Berry\n|-enditem|p1a: Cinderace|Aguav Berry|[from] move: Fling\n|\n|-weather|SunnyDay|[upkeep]\n|upkeep\n|turn|22\n|\n|t:|1700074367\n|move|p2a: Sandy Shocks|Spikes||[still]\n|-fail|p2a: Sandy Shocks\n|move|p1a: Cinderace|Court Change|p1a: Cinderace\n|-swapsideconditions\n|-activate|p1a: Cinderace|move: Court Change\n|\n|-weather|SunnyDay|[upkeep]\n|-sideend|p2: testingaccount2023|Mist\n|upkeep\n|turn|23\n|\n|t:|1700074375\n|move|p2a: Sandy Shocks|Spikes|p1a: Cinderace\n|-sidestart|p1: oijage|Spikes\n|move|p1a: Cinderace|Taunt|p2a: Sandy Shocks\n|-start|p2a: Sandy Shocks|move: Taunt\n|\n|-weather|SunnyDay|[upkeep]\n|upkeep\n|turn|24\n|\n|t:|1700074385\n|switch|p1a: Glimmora|Glimmora, F|100\/100\n|-damage|p1a: Glimmora|88\/100|[from] Stealth Rock\n|-damage|p1a: Glimmora|76\/100|[from] Spikes\n|move|p2a: Sandy Shocks|Thunderbolt|p1a: Glimmora\n|-damage|p1a: Glimmora|29\/100\n|\n|-weather|none\n|upkeep\n|turn|25\n|\n|t:|1700074401\n|-end|p2a: Sandy Shocks|Protosynthesis|[silent]\n|switch|p2a: Kingambit|Kingambit, M|100\/100\n|-damage|p2a: Kingambit|94\/100|[from] Stealth Rock\n|-damage|p2a: Kingambit|69\/100|[from] Spikes\n|move|p1a: Glimmora|Light Screen|p1a: Glimmora\n|-sidestart|p1: oijage|move: Light Screen\n|\n|upkeep\n|turn|26\n|\n|t:|1700074417\n|move|p1a: Glimmora|Confuse Ray|p2a: Kingambit\n|-start|p2a: Kingambit|confusion\n|-activate|p2a: Kingambit|confusion\n|move|p2a: Kingambit|Swords Dance|p2a: Kingambit\n|-boost|p2a: Kingambit|atk|2\n|\n|upkeep\n|turn|27\n|\n|t:|1700074423\n|move|p1a: Glimmora|Toxic Spikes|p2a: Kingambit\n|-sidestart|p2: testingaccount2023|move: Toxic Spikes\n|-activate|p2a: Kingambit|confusion\n|move|p2a: Kingambit|Swords Dance|p2a: Kingambit\n|-boost|p2a: Kingambit|atk|2\n|\n|upkeep\n|turn|28\n|\n|t:|1700074429\n|-terastallize|p1a: Glimmora|Rock\n|-terastallize|p2a: Kingambit|Flying\n|-activate|p2a: Kingambit|confusion\n|-damage|p2a: Kingambit|37\/100|[from] confusion\n|move|p1a: Glimmora|Spikes||[still]\n|-fail|p1a: Glimmora\n|\n|upkeep\n|turn|29\n|\n|t:|1700074444\n|move|p1a: Glimmora|Confuse Ray||[still]\n|-fail|p1a: Glimmora\n|-end|p2a: Kingambit|confusion\n|move|p2a: Kingambit|Swords Dance|p2a: Kingambit\n|-boost|p2a: Kingambit|atk|2\n|\n|-sideend|p1: oijage|move: Light Screen\n|upkeep\n|turn|30\n|-message|oijage forfeited.\n|\n|win|testingaccount2023\n","uploadtime":1700074473,"views":22,"p1id":"oijage","p2id":"testingaccount2023","formatid":"gen9ou","rating":0,"private":0,"password":""}