{"id":"gen9ou-2000488842","p1":"RggV","p2":"Mannifest Destiny","format":"[Gen 9] OU","log":"|j|\u2606RggV\n|j|\u2606Mannifest Destiny\n|t:|1701199065\n|gametype|singles\n|player|p1|RggV|#wcop2023latinamerica|1698\n|player|p2|Mannifest Destiny|madame|1717\n|teamsize|p1|6\n|teamsize|p2|6\n|gen|9\n|tier|[Gen 9] OU\n|rated|\n|rule|Sleep Clause Mod: Limit one foe put to sleep\n|rule|Species Clause: Limit one of each Pok\u00e9mon\n|rule|OHKO Clause: OHKO moves are banned\n|rule|Evasion Items Clause: Evasion items are banned\n|rule|Evasion Moves Clause: Evasion moves are banned\n|rule|Endless Battle Clause: Forcing endless battles is banned\n|rule|HP Percentage Mod: HP is shown in percentages\n|clearpoke\n|poke|p1|Infernape, M|\n|poke|p1|Ribombee, M|\n|poke|p1|Gholdengo|\n|poke|p1|Manaphy|\n|poke|p1|Landorus-Therian, M|\n|poke|p1|Kommo-o, F|\n|poke|p2|Manaphy|\n|poke|p2|Kingambit, F|\n|poke|p2|Ribombee, M|\n|poke|p2|Gholdengo|\n|poke|p2|Sandy Shocks|\n|poke|p2|Ogerpon-Wellspring, F|\n|teampreview\n|inactive|Battle timer is ON: inactive players will automatically lose when time's up. (requested by RggV)\n|j| FaronAan\n|inactive|Mannifest Destiny has 120 seconds left.\n|c|\u2606Mannifest Destiny|glhf\n|c|\u2606RggV|glhf\n|inactive|Mannifest Destiny has 90 seconds left.\n|inactive|Mannifest Destiny has 60 seconds left.\n|\n|t:|1701199175\n|start\n|switch|p1a: Ribombee|Ribombee, M|100\/100\n|switch|p2a: Ribombee|Ribombee, M|100\/100\n|turn|1\n|\n|t:|1701199192\n|move|p1a: Ribombee|Sticky Web|p2a: Ribombee\n|-sidestart|p2: Mannifest Destiny|move: Sticky Web\n|move|p2a: Ribombee|Sticky Web|p1a: Ribombee\n|-sidestart|p1: RggV|move: Sticky Web\n|\n|upkeep\n|turn|2\n|\n|t:|1701199195\n|move|p2a: Ribombee|Moonblast|p1a: Ribombee\n|-damage|p1a: Ribombee|36\/100\n|move|p1a: Ribombee|Moonblast|p2a: Ribombee\n|-damage|p2a: Ribombee|32\/100\n|\n|upkeep\n|turn|3\n|j| Ran Kob\n|\n|t:|1701199211\n|move|p1a: Ribombee|Moonblast|p2a: Ribombee\n|-damage|p2a: Ribombee|0 fnt\n|faint|p2a: Ribombee\n|\n|upkeep\n|\n|t:|1701199228\n|switch|p2a: Gholdengo|Gholdengo|100\/100\n|-item|p2a: Gholdengo|Air Balloon\n|turn|4\n|\n|t:|1701199239\n|move|p1a: Ribombee|Moonblast|p2a: Gholdengo\n|-resisted|p2a: Gholdengo\n|-damage|p2a: Gholdengo|79\/100\n|-unboost|p2a: Gholdengo|spa|1\n|-enditem|p2a: Gholdengo|Air Balloon\n|move|p2a: Gholdengo|Nasty Plot|p2a: Gholdengo\n|-boost|p2a: Gholdengo|spa|2\n|\n|upkeep\n|turn|5\n|\n|t:|1701199244\n|move|p1a: Ribombee|Moonblast|p2a: Gholdengo\n|-resisted|p2a: Gholdengo\n|-damage|p2a: Gholdengo|58\/100\n|-unboost|p2a: Gholdengo|spa|1\n|move|p2a: Gholdengo|Shadow Ball|p1a: Ribombee\n|-damage|p1a: Ribombee|0 fnt\n|faint|p1a: Ribombee\n|\n|upkeep\n|\n|t:|1701199247\n|switch|p1a: Landorus|Landorus-Therian, M|100\/100\n|-ability|p1a: Landorus|Intimidate|boost\n|-unboost|p2a: Gholdengo|atk|1\n|turn|6\n|j| MuZe15\n|\n|t:|1701199261\n|switch|p2a: Ogerpon|Ogerpon-Wellspring, F|100\/100\n|-activate|p2a: Ogerpon|move: Sticky Web\n|-unboost|p2a: Ogerpon|spe|1\n|move|p1a: Landorus|Earthquake|p2a: Ogerpon\n|-resisted|p2a: Ogerpon\n|-damage|p2a: Ogerpon|64\/100\n|\n|upkeep\n|turn|7\n|\n|t:|1701199267\n|switch|p1a: Kommo-o|Kommo-o, F|100\/100\n|-activate|p1a: Kommo-o|move: Sticky Web\n|-unboost|p1a: Kommo-o|spe|1\n|move|p2a: Ogerpon|Trailblaze|p1a: Kommo-o\n|-resisted|p1a: Kommo-o\n|-damage|p1a: Kommo-o|86\/100\n|-boost|p2a: Ogerpon|spe|1\n|\n|upkeep\n|turn|8\n|\n|t:|1701199278\n|move|p2a: Ogerpon|Swords Dance|p2a: Ogerpon\n|-boost|p2a: Ogerpon|atk|2\n|move|p1a: Kommo-o|Clanging Scales|p2a: Ogerpon\n|-crit|p2a: Ogerpon\n|-damage|p2a: Ogerpon|0 fnt\n|faint|p2a: Ogerpon\n|-unboost|p1a: Kommo-o|def|1\n|-enditem|p1a: Kommo-o|Throat Spray\n|-boost|p1a: Kommo-o|spa|1|[from] item: Throat Spray\n|\n|upkeep\n|\n|t:|1701199296\n|switch|p2a: Sandy Shocks|Sandy Shocks|100\/100\n|-activate|p2a: Sandy Shocks|move: Sticky Web\n|-unboost|p2a: Sandy Shocks|spe|1\n|-enditem|p2a: Sandy Shocks|Booster Energy\n|-activate|p2a: Sandy Shocks|ability: Protosynthesis|[fromitem]\n|-start|p2a: Sandy Shocks|protosynthesisspa\n|turn|9\n|l| Ran Kob\n|j| Lemousine1\n|\n|t:|1701199315\n|move|p2a: Sandy Shocks|Earth Power|p1a: Kommo-o\n|-damage|p1a: Kommo-o|23\/100\n|move|p1a: Kommo-o|Clanging Scales|p2a: Sandy Shocks\n|-damage|p2a: Sandy Shocks|21\/100\n|-unboost|p1a: Kommo-o|def|1\n|\n|upkeep\n|turn|10\n|\n|t:|1701199322\n|move|p2a: Sandy Shocks|Earth Power|p1a: Kommo-o\n|-damage|p1a: Kommo-o|0 fnt\n|faint|p1a: Kommo-o\n|\n|upkeep\n|\n|t:|1701199325\n|switch|p1a: Landorus|Landorus-Therian, M|100\/100\n|-ability|p1a: Landorus|Intimidate|boost\n|-unboost|p2a: Sandy Shocks|atk|1\n|turn|11\n|\n|t:|1701199333\n|move|p1a: Landorus|Substitute|p1a: Landorus\n|-start|p1a: Landorus|Substitute\n|-damage|p1a: Landorus|76\/100\n|move|p2a: Sandy Shocks|Substitute|p2a: Sandy Shocks\n|-fail|p2a: Sandy Shocks|move: Substitute|[weak]\n|\n|-heal|p1a: Landorus|82\/100|[from] item: Leftovers\n|upkeep\n|turn|12\n|\n|t:|1701199337\n|move|p1a: Landorus|Bulk Up|p1a: Landorus\n|-boost|p1a: Landorus|atk|1\n|-boost|p1a: Landorus|def|1\n|move|p2a: Sandy Shocks|Tera Blast|p1a: Landorus\n|-end|p1a: Landorus|Substitute\n|\n|-heal|p1a: Landorus|88\/100|[from] item: Leftovers\n|upkeep\n|turn|13\n|\n|t:|1701199339\n|move|p1a: Landorus|Earthquake|p2a: Sandy Shocks\n|-supereffective|p2a: Sandy Shocks\n|-damage|p2a: Sandy Shocks|0 fnt\n|faint|p2a: Sandy Shocks\n|-end|p2a: Sandy Shocks|Protosynthesis|[silent]\n|\n|-heal|p1a: Landorus|94\/100|[from] item: Leftovers\n|upkeep\n|\n|t:|1701199342\n|switch|p2a: Manaphy|Manaphy|100\/100\n|-activate|p2a: Manaphy|move: Sticky Web\n|-unboost|p2a: Manaphy|spe|1\n|turn|14\n|\n|t:|1701199346\n|-terastallize|p2a: Manaphy|Grass\n|move|p1a: Landorus|Substitute|p1a: Landorus\n|-start|p1a: Landorus|Substitute\n|-damage|p1a: Landorus|69\/100\n|move|p2a: Manaphy|Ice Beam|p1a: Landorus\n|-supereffective|p1a: Landorus\n|-end|p1a: Landorus|Substitute\n|\n|-heal|p1a: Landorus|75\/100|[from] item: Leftovers\n|upkeep\n|turn|15\n|l| Lemousine1\n|\n|t:|1701199358\n|switch|p1a: McFries|Gholdengo|100\/100\n|-item|p1a: McFries|Air Balloon\n|move|p2a: Manaphy|Ice Beam|p1a: McFries\n|-resisted|p1a: McFries\n|-damage|p1a: McFries|85\/100\n|-enditem|p1a: McFries|Air Balloon\n|\n|upkeep\n|turn|16\n|\n|t:|1701199363\n|switch|p2a: Kingambit|Kingambit, F|100\/100\n|-activate|p2a: Kingambit|move: Sticky Web\n|-unboost|p2a: Kingambit|spe|1\n|-activate|p2a: Kingambit|ability: Supreme Overlord\n|-start|p2a: Kingambit|fallen3|[silent]\n|move|p1a: McFries|Nasty Plot|p1a: McFries\n|-boost|p1a: McFries|spa|2\n|\n|upkeep\n|turn|17\n|j| Lemousine1\n|\n|t:|1701199368\n|move|p2a: Kingambit|Sucker Punch|p1a: McFries\n|-supereffective|p1a: McFries\n|-damage|p1a: McFries|0 fnt\n|faint|p1a: McFries\n|\n|upkeep\n|\n|t:|1701199375\n|switch|p1a: Manaphy|Manaphy|100\/100\n|-activate|p1a: Manaphy|move: Sticky Web\n|-unboost|p1a: Manaphy|spe|1\n|turn|18\n|\n|t:|1701199379\n|move|p1a: Manaphy|Surf|p2a: Kingambit\n|-damage|p2a: Kingambit|53\/100\n|move|p2a: Kingambit|Swords Dance|p2a: Kingambit\n|-boost|p2a: Kingambit|atk|2\n|\n|upkeep\n|turn|19\n|\n|t:|1701199382\n|move|p2a: Kingambit|Sucker Punch||[still]\n|-fail|p2a: Kingambit\n|move|p1a: Manaphy|Tail Glow|p1a: Manaphy\n|-boost|p1a: Manaphy|spa|3\n|\n|upkeep\n|turn|20\n|\n|t:|1701199385\n|move|p2a: Kingambit|Sucker Punch|p1a: Manaphy\n|-damage|p1a: Manaphy|0 fnt\n|faint|p1a: Manaphy\n|\n|upkeep\n|\n|t:|1701199387\n|switch|p1a: Son Goku|Infernape, M|100\/100\n|-activate|p1a: Son Goku|move: Sticky Web\n|-unboost|p1a: Son Goku|spe|1\n|turn|21\n|\n|t:|1701199391\n|-end|p2a: Kingambit|fallen3|[silent]\n|switch|p2a: Gholdengo|Gholdengo|58\/100\n|-activate|p2a: Gholdengo|move: Sticky Web\n|-unboost|p2a: Gholdengo|spe|1\n|move|p1a: Son Goku|Mach Punch|p2a: Gholdengo\n|-immune|p2a: Gholdengo\n|\n|upkeep\n|turn|22\n|\n|t:|1701199400\n|move|p1a: Son Goku|Fire Punch|p2a: Gholdengo\n|-supereffective|p2a: Gholdengo\n|-damage|p2a: Gholdengo|0 fnt\n|faint|p2a: Gholdengo\n|-damage|p1a: Son Goku|91\/100|[from] item: Life Orb\n|\n|upkeep\n|\n|t:|1701199402\n|switch|p2a: Manaphy|Manaphy, tera:Grass|100\/100\n|-activate|p2a: Manaphy|move: Sticky Web\n|-unboost|p2a: Manaphy|spe|1\n|turn|23\n|j| Bnak2\n|\n|t:|1701199421\n|-terastallize|p1a: Son Goku|Grass\n|move|p1a: Son Goku|Swords Dance|p1a: Son Goku\n|-boost|p1a: Son Goku|atk|2\n|move|p2a: Manaphy|Surf|p1a: Son Goku\n|-resisted|p1a: Son Goku\n|-damage|p1a: Son Goku|58\/100\n|\n|upkeep\n|turn|24\n|l| Bnak2\n|\n|t:|1701199428\n|move|p1a: Son Goku|Fire Punch|p2a: Manaphy\n|-supereffective|p2a: Manaphy\n|-damage|p2a: Manaphy|0 fnt\n|faint|p2a: Manaphy\n|-damage|p1a: Son Goku|48\/100|[from] item: Life Orb\n|\n|upkeep\n|\n|t:|1701199431\n|switch|p2a: Kingambit|Kingambit, F|53\/100\n|-activate|p2a: Kingambit|move: Sticky Web\n|-unboost|p2a: Kingambit|spe|1\n|-activate|p2a: Kingambit|ability: Supreme Overlord\n|-start|p2a: Kingambit|fallen5|[silent]\n|turn|25\n|\n|t:|1701199434\n|move|p1a: Son Goku|Mach Punch|p2a: Kingambit\n|-supereffective|p2a: Kingambit\n|-damage|p2a: Kingambit|0 fnt\n|faint|p2a: Kingambit\n|-end|p2a: Kingambit|fallen5|[silent]\n|-damage|p1a: Son Goku|38\/100|[from] item: Life Orb\n|\n|win|RggV\n|raw|RggV's rating: 1698 &rarr; <strong>1719<\/strong><br \/>(+21 for winning)\n|raw|Mannifest Destiny's rating: 1717 &rarr; <strong>1696<\/strong><br \/>(-21 for losing)\n|c|\u2606Mannifest Destiny|gg\n|c|\u2606RggV|gg\n|l|\u2606Mannifest Destiny\n|l|\u2606RggV\n|l| MuZe15\n|l| FaronAan\n|l| Lemousine1\n|j|\u2606RggV\n|player|p1|RggV|#wcop2023latinamerica\n","uploadtime":1701199752,"views":5,"p1id":"rggv","p2id":"mannifestdestiny","formatid":"gen9ou","rating":1696,"private":0,"password":""}