{"id":"gen9ou-1988508609","p1":"FavMon=Garchomp","p2":"GodKmi","format":"[Gen 9] OU","log":"|j|\u2606FavMon=Garchomp\n|j|\u2606GodKmi\n|t:|1699730473\n|gametype|singles\n|player|p1|FavMon=Garchomp|hilbert|\n|player|p2|GodKmi|saguaro|\n|teamsize|p1|6\n|teamsize|p2|6\n|gen|9\n|tier|[Gen 9] OU\n|rule|Sleep Clause Mod: Limit one foe put to sleep\n|rule|Species Clause: Limit one of each Pok\u00e9mon\n|rule|OHKO Clause: OHKO moves are banned\n|rule|Evasion Items Clause: Evasion items are banned\n|rule|Evasion Moves Clause: Evasion moves are banned\n|rule|Endless Battle Clause: Forcing endless battles is banned\n|rule|HP Percentage Mod: HP is shown in percentages\n|clearpoke\n|poke|p1|Meowscarada, M|\n|poke|p1|Kingambit, M|\n|poke|p1|Iron Moth|\n|poke|p1|Dragonite, F|\n|poke|p1|Manaphy|\n|poke|p1|Iron Valiant|\n|poke|p2|Munkidori, M|\n|poke|p2|Grimmsnarl, M|\n|poke|p2|Fezandipiti, M|\n|poke|p2|Alomomola, F|\n|poke|p2|Corviknight, M|\n|poke|p2|Manaphy|\n|teampreview\n|c|\u2606GodKmi|who are u\n|\n|t:|1699730484\n|start\n|switch|p1a: Meowscarada|Meowscarada, M|100\/100\n|switch|p2a: Jeremiah|Munkidori, M|100\/100\n|-item|p1a: Meowscarada|Focus Sash|[from] ability: Frisk|[of] p2a: Jeremiah|[identify]\n|turn|1\n|\n|t:|1699730493\n|move|p2a: Jeremiah|Parting Shot|p1a: Meowscarada\n|-unboost|p1a: Meowscarada|atk|1\n|-unboost|p1a: Meowscarada|spa|1\n|inactive|Battle timer is ON: inactive players will automatically lose when time's up. (requested by FavMon=Garchomp)\n|\n|t:|1699730506\n|switch|p2a: Beelzebuub|Corviknight, M|100\/100|[from] Parting Shot\n|-ability|p2a: Beelzebuub|Pressure\n|move|p1a: Meowscarada|Spikes|p2a: Beelzebuub\n|-sidestart|p2: GodKmi|Spikes\n|\n|upkeep\n|turn|2\n|\n|t:|1699730510\n|move|p1a: Meowscarada|Spikes|p2a: Beelzebuub\n|-sidestart|p2: GodKmi|Spikes\n|move|p2a: Beelzebuub|Body Press|p1a: Meowscarada\n|-supereffective|p1a: Meowscarada\n|-damage|p1a: Meowscarada|21\/100\n|\n|upkeep\n|turn|3\n|\n|t:|1699730517\n|move|p1a: Meowscarada|Taunt|p2a: Beelzebuub\n|-start|p2a: Beelzebuub|move: Taunt\n|cant|p2a: Beelzebuub|move: Taunt|Defog\n|\n|upkeep\n|turn|4\n|\n|t:|1699730526\n|move|p1a: Meowscarada|Spikes|p2a: Beelzebuub\n|-sidestart|p2: GodKmi|Spikes\n|move|p2a: Beelzebuub|Body Press|p1a: Meowscarada\n|-supereffective|p1a: Meowscarada\n|-damage|p1a: Meowscarada|0 fnt\n|faint|p1a: Meowscarada\n|\n|upkeep\n|inactive|FavMon=Garchomp has 270 seconds left.\n|\n|t:|1699730573\n|switch|p1a: Iron Moth|Iron Moth|100\/100\n|-enditem|p1a: Iron Moth|Booster Energy\n|-activate|p1a: Iron Moth|ability: Quark Drive|[fromitem]\n|-start|p1a: Iron Moth|quarkdrivespe\n|turn|5\n|inactive|GodKmi has 270 seconds left.\n|inactive|GodKmi has 240 seconds left.\n|\n|t:|1699730649\n|switch|p2a: Virgin Mary|Alomomola, F|100\/100\n|-damage|p2a: Virgin Mary|76\/100|[from] Spikes\n|move|p1a: Iron Moth|Fiery Dance|p2a: Virgin Mary\n|-resisted|p2a: Virgin Mary\n|-damage|p2a: Virgin Mary|58\/100\n|-boost|p1a: Iron Moth|spa|1\n|\n|-heal|p2a: Virgin Mary|64\/100|[from] item: Leftovers\n|upkeep\n|turn|6\n|\n|t:|1699730664\n|move|p2a: Virgin Mary|Protect|p2a: Virgin Mary\n|-singleturn|p2a: Virgin Mary|Protect\n|move|p1a: Iron Moth|Sludge Wave|p2a: Virgin Mary\n|-activate|p2a: Virgin Mary|move: Protect\n|\n|-heal|p2a: Virgin Mary|70\/100|[from] item: Leftovers\n|upkeep\n|turn|7\n|\n|t:|1699730671\n|move|p1a: Iron Moth|Sludge Wave|p2a: Virgin Mary\n|-damage|p2a: Virgin Mary|12\/100\n|move|p2a: Virgin Mary|Mirror Coat|p1a: Iron Moth\n|-damage|p1a: Iron Moth|0 fnt\n|faint|p1a: Iron Moth\n|-end|p1a: Iron Moth|Quark Drive|[silent]\n|\n|-heal|p2a: Virgin Mary|18\/100|[from] item: Leftovers\n|upkeep\n|inactive|FavMon=Garchomp has 240 seconds left.\n|\n|t:|1699730709\n|switch|p1a: Manaphy|Manaphy|100\/100\n|turn|8\n|inactive|GodKmi has 240 seconds left.\n|\n|t:|1699730759\n|move|p1a: Manaphy|Tail Glow|p1a: Manaphy\n|-boost|p1a: Manaphy|spa|3\n|move|p2a: Virgin Mary|Flip Turn|p1a: Manaphy\n|-resisted|p1a: Manaphy\n|-damage|p1a: Manaphy|92\/100\n|\n|t:|1699730764\n|switch|p2a: Jeremiah|Munkidori, M|100\/100|[from] Flip Turn\n|-damage|p2a: Jeremiah|76\/100|[from] Spikes\n|-item|p1a: Manaphy|Leftovers|[from] ability: Frisk|[of] p2a: Jeremiah|[identify]\n|\n|-heal|p1a: Manaphy|98\/100|[from] item: Leftovers\n|upkeep\n|turn|9\n|\n|t:|1699730768\n|move|p2a: Jeremiah|Trick|p1a: Manaphy\n|-activate|p2a: Jeremiah|move: Trick|[of] p1a: Manaphy\n|-item|p1a: Manaphy|Choice Scarf|[from] move: Trick\n|-item|p2a: Jeremiah|Leftovers|[from] move: Trick\n|move|p1a: Manaphy|Surf|p2a: Jeremiah\n|-damage|p2a: Jeremiah|0 fnt\n|faint|p2a: Jeremiah\n|\n|upkeep\n|\n|t:|1699730775\n|switch|p2a: Beelzebuub|Corviknight, M|100\/100\n|-ability|p2a: Beelzebuub|Pressure\n|turn|10\n|\n|t:|1699730777\n|move|p1a: Manaphy|Surf|p2a: Beelzebuub\n|-damage|p2a: Beelzebuub|12\/100\n|move|p2a: Beelzebuub|Defog|p1a: Manaphy\n|-unboost|p1a: Manaphy|evasion|1\n|-sideend|p2: GodKmi|Spikes|[from] move: Defog|[of] p2a: Beelzebuub\n|\n|-heal|p2a: Beelzebuub|19\/100|[from] item: Leftovers\n|upkeep\n|turn|11\n|\n|t:|1699730781\n|move|p1a: Manaphy|Surf|p2a: Beelzebuub\n|-damage|p2a: Beelzebuub|0 fnt\n|faint|p2a: Beelzebuub\n|\n|upkeep\n|\n|t:|1699730783\n|switch|p2a: Virgin Mary|Alomomola, F|51\/100\n|turn|12\n|\n|t:|1699730786\n|move|p2a: Virgin Mary|Protect|p2a: Virgin Mary\n|-singleturn|p2a: Virgin Mary|Protect\n|move|p1a: Manaphy|Surf|p2a: Virgin Mary\n|-activate|p2a: Virgin Mary|move: Protect\n|\n|-heal|p2a: Virgin Mary|58\/100|[from] item: Leftovers\n|upkeep\n|turn|13\n|\n|t:|1699730789\n|move|p1a: Manaphy|Surf|p2a: Virgin Mary\n|-resisted|p2a: Virgin Mary\n|-damage|p2a: Virgin Mary|19\/100\n|move|p2a: Virgin Mary|Mirror Coat|p1a: Manaphy\n|-damage|p1a: Manaphy|0 fnt\n|faint|p1a: Manaphy\n|\n|-heal|p2a: Virgin Mary|25\/100|[from] item: Leftovers\n|upkeep\n|\n|t:|1699730799\n|switch|p1a: Iron Valiant|Iron Valiant|100\/100\n|-enditem|p1a: Iron Valiant|Booster Energy\n|-activate|p1a: Iron Valiant|ability: Quark Drive|[fromitem]\n|-start|p1a: Iron Valiant|quarkdrivespe\n|turn|14\n|\n|t:|1699730804\n|switch|p2a: Arcangel Miguel|Fezandipiti, M|100\/100\n|move|p1a: Iron Valiant|Calm Mind|p1a: Iron Valiant\n|-boost|p1a: Iron Valiant|spa|1\n|-boost|p1a: Iron Valiant|spd|1\n|\n|upkeep\n|turn|15\n|\n|t:|1699730809\n|move|p1a: Iron Valiant|Hypnosis|p2a: Arcangel Miguel\n|-status|p2a: Arcangel Miguel|slp|[from] move: Hypnosis\n|cant|p2a: Arcangel Miguel|slp\n|\n|upkeep\n|turn|16\n|\n|t:|1699730813\n|move|p1a: Iron Valiant|Psyshock|p2a: Arcangel Miguel\n|-supereffective|p2a: Arcangel Miguel\n|-damage|p2a: Arcangel Miguel|10\/100 slp\n|cant|p2a: Arcangel Miguel|slp\n|\n|-heal|p2a: Arcangel Miguel|16\/100 slp|[from] item: Leftovers\n|upkeep\n|turn|17\n|\n|t:|1699730823\n|move|p1a: Iron Valiant|Moonblast|p2a: Arcangel Miguel\n|-resisted|p2a: Arcangel Miguel\n|-damage|p2a: Arcangel Miguel|0 fnt\n|faint|p2a: Arcangel Miguel\n|\n|upkeep\n|\n|t:|1699730827\n|switch|p2a: Lucifer|Grimmsnarl, M|100\/100\n|turn|18\n|\n|t:|1699730830\n|move|p2a: Lucifer|Parting Shot|p1a: Iron Valiant\n|-unboost|p1a: Iron Valiant|atk|1\n|-unboost|p1a: Iron Valiant|spa|1\n|\n|t:|1699730833\n|switch|p2a: Manaphy|Manaphy|100\/100|[from] Parting Shot\n|move|p1a: Iron Valiant|Moonblast|p2a: Manaphy\n|-damage|p2a: Manaphy|62\/100\n|-unboost|p2a: Manaphy|spa|1\n|\n|-heal|p2a: Manaphy|68\/100|[from] item: Leftovers\n|upkeep\n|turn|19\n|\n|t:|1699730837\n|move|p1a: Iron Valiant|Hypnosis|p2a: Manaphy\n|-status|p2a: Manaphy|slp|[from] move: Hypnosis\n|cant|p2a: Manaphy|slp\n|\n|-heal|p2a: Manaphy|74\/100 slp|[from] item: Leftovers\n|upkeep\n|turn|20\n|\n|t:|1699730840\n|move|p1a: Iron Valiant|Calm Mind|p1a: Iron Valiant\n|-boost|p1a: Iron Valiant|spa|1\n|-boost|p1a: Iron Valiant|spd|1\n|cant|p2a: Manaphy|slp\n|move|p2a: Manaphy|Sleep Talk|p2a: Manaphy\n|move|p2a: Manaphy|Scald|p1a: Iron Valiant|[from]move: Sleep Talk\n|-damage|p1a: Iron Valiant|85\/100\n|-status|p1a: Iron Valiant|brn\n|\n|-heal|p2a: Manaphy|80\/100 slp|[from] item: Leftovers\n|-damage|p1a: Iron Valiant|78\/100 brn|[from] brn\n|upkeep\n|turn|21\n|\n|t:|1699730845\n|switch|p2a: Virgin Mary|Alomomola, F|58\/100\n|move|p1a: Iron Valiant|Moonblast|p2a: Virgin Mary\n|-damage|p2a: Virgin Mary|0 fnt\n|faint|p2a: Virgin Mary\n|\n|-damage|p1a: Iron Valiant|72\/100 brn|[from] brn\n|upkeep\n|\n|t:|1699730850\n|switch|p2a: Lucifer|Grimmsnarl, M|100\/100\n|turn|22\n|\n|t:|1699730853\n|move|p2a: Lucifer|Parting Shot|p1a: Iron Valiant\n|-unboost|p1a: Iron Valiant|atk|1\n|-unboost|p1a: Iron Valiant|spa|1\n|\n|t:|1699730855\n|switch|p2a: Manaphy|Manaphy|80\/100 slp|[from] Parting Shot\n|move|p1a: Iron Valiant|Moonblast|p2a: Manaphy\n|-damage|p2a: Manaphy|39\/100 slp\n|\n|-heal|p2a: Manaphy|46\/100 slp|[from] item: Leftovers\n|-damage|p1a: Iron Valiant|66\/100 brn|[from] brn\n|upkeep\n|turn|23\n|\n|t:|1699730859\n|switch|p2a: Lucifer|Grimmsnarl, M|100\/100\n|move|p1a: Iron Valiant|Moonblast|p2a: Lucifer\n|-supereffective|p2a: Lucifer\n|-damage|p2a: Lucifer|0 fnt\n|faint|p2a: Lucifer\n|\n|-damage|p1a: Iron Valiant|60\/100 brn|[from] brn\n|upkeep\n|\n|t:|1699730861\n|switch|p2a: Manaphy|Manaphy|46\/100 slp\n|turn|24\n|\n|t:|1699730863\n|move|p1a: Iron Valiant|Moonblast|p2a: Manaphy\n|-crit|p2a: Manaphy\n|-damage|p2a: Manaphy|0 fnt\n|faint|p2a: Manaphy\n|\n|win|FavMon=Garchomp\n","uploadtime":1699730869,"views":11,"p1id":"favmongarchomp","p2id":"godkmi","formatid":"gen9ou","rating":0,"private":0,"password":""}