{"id":"gen9ou-1989341307","p1":"Quamnckkk","p2":"genesis7","format":"[Gen 9] OU","log":"|j|\u2606Quamnckkk\n|j|\u2606genesis7\n|t:|1699838406\n|gametype|singles\n|player|p1|Quamnckkk|yellow|1750\n|player|p2|genesis7|#ssdleviathans|1773\n|teamsize|p1|6\n|teamsize|p2|6\n|gen|9\n|tier|[Gen 9] OU\n|rated|\n|rule|Sleep Clause Mod: Limit one foe put to sleep\n|rule|Species Clause: Limit one of each Pok\u00e9mon\n|rule|OHKO Clause: OHKO moves are banned\n|rule|Evasion Items Clause: Evasion items are banned\n|rule|Evasion Moves Clause: Evasion moves are banned\n|rule|Endless Battle Clause: Forcing endless battles is banned\n|rule|HP Percentage Mod: HP is shown in percentages\n|clearpoke\n|poke|p1|Weavile, M|\n|poke|p1|Weezing-Galar, F|\n|poke|p1|Alomomola, F|\n|poke|p1|Ting-Lu|\n|poke|p1|Corviknight, M|\n|poke|p1|Dondozo, M|\n|poke|p2|Sneasler, F|\n|poke|p2|Landorus-Therian, M|\n|poke|p2|Ribombee, M|\n|poke|p2|Manaphy|\n|poke|p2|Gholdengo|\n|poke|p2|Greninja-*, M|\n|teampreview\n|inactive|Battle timer is ON: inactive players will automatically lose when time's up. (requested by Quamnckkk)\n|\n|t:|1699838434\n|start\n|switch|p1a: Weezing|Weezing-Galar, F|100\/100\n|switch|p2a: Ribombee|Ribombee, M|100\/100\n|-ability|p1a: Weezing|Neutralizing Gas\n|turn|1\n|\n|t:|1699838443\n|move|p2a: Ribombee|Sticky Web|p1a: Weezing\n|-sidestart|p1: Quamnckkk|move: Sticky Web\n|move|p1a: Weezing|Sludge Bomb|p2a: Ribombee\n|-supereffective|p2a: Ribombee\n|-damage|p2a: Ribombee|3\/100\n|\n|upkeep\n|turn|2\n|j| FatherSuperior7\n|\n|t:|1699838448\n|move|p2a: Ribombee|Stun Spore|p1a: Weezing\n|-status|p1a: Weezing|par\n|cant|p1a: Weezing|par\n|\n|upkeep\n|turn|3\n|\n|t:|1699838457\n|switch|p2a: Kuzko|Gholdengo|100\/100\n|-item|p2a: Kuzko|Air Balloon\n|cant|p1a: Weezing|par\n|\n|upkeep\n|turn|4\n|\n|t:|1699838466\n|-end|p1a: Weezing|ability: Neutralizing Gas\n|switch|p1a: Alomomola|Alomomola, F|100\/100\n|-activate|p1a: Alomomola|move: Sticky Web\n|-unboost|p1a: Alomomola|spe|1\n|move|p2a: Kuzko|Make It Rain|p1a: Alomomola\n|-resisted|p1a: Alomomola\n|-damage|p1a: Alomomola|75\/100\n|-unboost|p2a: Kuzko|spa|1\n|\n|-heal|p1a: Alomomola|81\/100|[from] item: Leftovers\n|upkeep\n|turn|5\n|\n|t:|1699838475\n|switch|p2a: Manaphy|Manaphy|100\/100\n|move|p1a: Alomomola|Flip Turn|p2a: Manaphy\n|-resisted|p2a: Manaphy\n|-damage|p2a: Manaphy|92\/100\n|\n|t:|1699838489\n|switch|p1a: Dondozo|Dondozo, M|100\/100|[from] Flip Turn\n|-activate|p1a: Dondozo|move: Sticky Web\n|-unboost|p1a: Dondozo|spe|1\n|\n|upkeep\n|turn|6\n|\n|t:|1699838495\n|move|p2a: Manaphy|Energy Ball|p1a: Dondozo\n|-supereffective|p1a: Dondozo\n|-damage|p1a: Dondozo|63\/100\n|move|p1a: Dondozo|Curse|p1a: Dondozo\n|-unboost|p1a: Dondozo|spe|1\n|-boost|p1a: Dondozo|atk|1\n|-boost|p1a: Dondozo|def|1\n|\n|-heal|p1a: Dondozo|69\/100|[from] item: Leftovers\n|upkeep\n|turn|7\n|\n|t:|1699838508\n|-terastallize|p1a: Dondozo|Dragon\n|move|p2a: Manaphy|Energy Ball|p1a: Dondozo\n|-resisted|p1a: Dondozo\n|-damage|p1a: Dondozo|61\/100\n|move|p1a: Dondozo|Body Press|p2a: Manaphy\n|-damage|p2a: Manaphy|61\/100\n|\n|-heal|p1a: Dondozo|67\/100|[from] item: Leftovers\n|upkeep\n|turn|8\n|\n|t:|1699838520\n|switch|p2a: Kuzko|Gholdengo|100\/100\n|-item|p2a: Kuzko|Air Balloon\n|move|p1a: Dondozo|Body Press|p2a: Kuzko\n|-immune|p2a: Kuzko\n|\n|-heal|p1a: Dondozo|73\/100|[from] item: Leftovers\n|upkeep\n|turn|9\n|\n|t:|1699838527\n|move|p2a: Kuzko|Shadow Ball|p1a: Dondozo\n|-damage|p1a: Dondozo|47\/100\n|move|p1a: Dondozo|Waterfall|p2a: Kuzko\n|-damage|p2a: Kuzko|63\/100\n|-enditem|p2a: Kuzko|Air Balloon\n|\n|-heal|p1a: Dondozo|53\/100|[from] item: Leftovers\n|upkeep\n|turn|10\n|\n|t:|1699838534\n|switch|p2a: Ribombee|Ribombee, M|3\/100\n|move|p1a: Dondozo|Rest|p1a: Dondozo\n|-status|p1a: Dondozo|slp|[from] move: Rest\n|-heal|p1a: Dondozo|100\/100 slp|[silent]\n|\n|upkeep\n|turn|11\n|\n|t:|1699838539\n|switch|p1a: Weezing|Weezing-Galar, F|100\/100 par\n|-ability|p1a: Weezing|Neutralizing Gas\n|move|p2a: Ribombee|Moonblast|p1a: Weezing\n|-resisted|p1a: Weezing\n|-damage|p1a: Weezing|73\/100 par\n|\n|upkeep\n|turn|12\n|\n|t:|1699838546\n|switch|p2a: Kuzko|Gholdengo|63\/100\n|move|p1a: Weezing|Defog|p2a: Kuzko\n|-unboost|p2a: Kuzko|evasion|1\n|-sideend|p1: Quamnckkk|Sticky Web|[from] move: Defog|[of] p1a: Weezing\n|\n|upkeep\n|turn|13\n|\n|t:|1699838554\n|-end|p1a: Weezing|ability: Neutralizing Gas\n|switch|p1a: Alomomola|Alomomola, F|100\/100\n|move|p2a: Kuzko|Recover|p2a: Kuzko\n|-heal|p2a: Kuzko|100\/100\n|\n|upkeep\n|turn|14\n|\n|t:|1699838560\n|switch|p2a: Manaphy|Manaphy|61\/100\n|move|p1a: Alomomola|Flip Turn|p2a: Manaphy\n|-resisted|p2a: Manaphy\n|-damage|p2a: Manaphy|53\/100\n|\n|t:|1699838571\n|switch|p1a: Weavile|Weavile, M|100\/100|[from] Flip Turn\n|-ability|p1a: Weavile|Pressure\n|\n|upkeep\n|turn|15\n|\n|t:|1699838575\n|move|p1a: Weavile|Knock Off|p2a: Manaphy\n|-damage|p2a: Manaphy|17\/100\n|-enditem|p2a: Manaphy|Custap Berry|[from] move: Knock Off|[of] p1a: Weavile\n|move|p2a: Manaphy|Scald|p1a: Weavile\n|-damage|p1a: Weavile|61\/100\n|\n|-heal|p1a: Weavile|67\/100|[from] item: Leftovers\n|upkeep\n|turn|16\n|\n|t:|1699838592\n|switch|p2a: Greninja|Greninja, M|100\/100\n|move|p1a: Weavile|Knock Off|p2a: Greninja\n|-resisted|p2a: Greninja\n|-damage|p2a: Greninja|69\/100\n|-enditem|p2a: Greninja|Life Orb|[from] move: Knock Off|[of] p1a: Weavile\n|\n|-heal|p1a: Weavile|73\/100|[from] item: Leftovers\n|upkeep\n|turn|17\n|\n|t:|1699838601\n|switch|p1a: Dondozo|Dondozo, M, tera:Dragon|100\/100 slp\n|move|p2a: Greninja|Surf|p1a: Dondozo\n|-resisted|p1a: Dondozo\n|-damage|p1a: Dondozo|86\/100 slp\n|\n|-heal|p1a: Dondozo|92\/100 slp|[from] item: Leftovers\n|upkeep\n|turn|18\n|\n|t:|1699838607\n|move|p2a: Greninja|Ice Beam|p1a: Dondozo\n|-supereffective|p1a: Dondozo\n|-damage|p1a: Dondozo|54\/100 slp\n|cant|p1a: Dondozo|slp\n|\n|-heal|p1a: Dondozo|60\/100 slp|[from] item: Leftovers\n|upkeep\n|turn|19\n|\n|t:|1699838616\n|switch|p1a: Alomomola|Alomomola, F|100\/100\n|move|p2a: Greninja|Dark Pulse|p1a: Alomomola\n|-damage|p1a: Alomomola|68\/100\n|\n|-heal|p1a: Alomomola|74\/100|[from] item: Leftovers\n|upkeep\n|turn|20\n|\n|t:|1699838627\n|-terastallize|p2a: Greninja|Dark\n|move|p2a: Greninja|Dark Pulse|p1a: Alomomola\n|-damage|p1a: Alomomola|31\/100\n|move|p1a: Alomomola|Wish|p1a: Alomomola\n|\n|-heal|p1a: Alomomola|37\/100|[from] item: Leftovers\n|upkeep\n|turn|21\n|\n|t:|1699838638\n|move|p1a: Alomomola|Protect|p1a: Alomomola\n|-singleturn|p1a: Alomomola|Protect\n|move|p2a: Greninja|Surf|p1a: Alomomola\n|-activate|p1a: Alomomola|move: Protect\n|\n|-heal|p1a: Alomomola|87\/100|[from] move: Wish|[wisher] Alomomola\n|-heal|p1a: Alomomola|93\/100|[from] item: Leftovers\n|upkeep\n|turn|22\n|\n|t:|1699838641\n|move|p2a: Greninja|Dark Pulse|p1a: Alomomola\n|-damage|p1a: Alomomola|47\/100\n|move|p1a: Alomomola|Wish|p1a: Alomomola\n|\n|-heal|p1a: Alomomola|53\/100|[from] item: Leftovers\n|upkeep\n|turn|23\n|\n|t:|1699838652\n|switch|p1a: Dondozo|Dondozo, M, tera:Dragon|60\/100 slp\n|move|p2a: Greninja|Dark Pulse|p1a: Dondozo\n|-damage|p1a: Dondozo|25\/100 slp\n|\n|-heal|p1a: Dondozo|73\/100 slp|[from] move: Wish|[wisher] Alomomola\n|-heal|p1a: Dondozo|79\/100 slp|[from] item: Leftovers\n|upkeep\n|turn|24\n|\n|t:|1699838660\n|move|p2a: Greninja|Ice Beam|p1a: Dondozo\n|-supereffective|p1a: Dondozo\n|-damage|p1a: Dondozo|41\/100 slp\n|cant|p1a: Dondozo|slp\n|\n|-heal|p1a: Dondozo|48\/100 slp|[from] item: Leftovers\n|upkeep\n|turn|25\n|\n|t:|1699838667\n|move|p2a: Greninja|Dark Pulse|p1a: Dondozo\n|-damage|p1a: Dondozo|14\/100 slp\n|-curestatus|p1a: Dondozo|slp|[msg]\n|move|p1a: Dondozo|Body Press|p2a: Greninja\n|-supereffective|p2a: Greninja\n|-damage|p2a: Greninja|0 fnt\n|faint|p2a: Greninja\n|\n|-heal|p1a: Dondozo|20\/100|[from] item: Leftovers\n|upkeep\n|j| DenseColor\n|\n|t:|1699838673\n|switch|p2a: Ribombee|Ribombee, M|3\/100\n|turn|26\n|\n|t:|1699838680\n|move|p2a: Ribombee|Moonblast|p1a: Dondozo\n|-supereffective|p1a: Dondozo\n|-damage|p1a: Dondozo|0 fnt\n|faint|p1a: Dondozo\n|\n|upkeep\n|\n|t:|1699838682\n|switch|p1a: Weavile|Weavile, M|73\/100\n|-ability|p1a: Weavile|Pressure\n|turn|27\n|\n|t:|1699838690\n|switch|p2a: Manaphy|Manaphy|17\/100\n|move|p1a: Weavile|Substitute|p1a: Weavile\n|-start|p1a: Weavile|Substitute\n|-damage|p1a: Weavile|49\/100\n|\n|-heal|p1a: Weavile|55\/100|[from] item: Leftovers\n|upkeep\n|turn|28\n|\n|t:|1699838695\n|move|p1a: Weavile|Knock Off|p2a: Manaphy\n|-damage|p2a: Manaphy|0 fnt\n|faint|p2a: Manaphy\n|\n|-heal|p1a: Weavile|61\/100|[from] item: Leftovers\n|upkeep\n|\n|t:|1699838698\n|switch|p2a: Sneasler|Sneasler, F|100\/100\n|turn|29\n|\n|t:|1699838705\n|move|p1a: Weavile|Protect|p1a: Weavile\n|-singleturn|p1a: Weavile|Protect\n|move|p2a: Sneasler|Dire Claw|p1a: Weavile\n|-activate|p1a: Weavile|move: Protect\n|\n|-heal|p1a: Weavile|67\/100|[from] item: Leftovers\n|upkeep\n|turn|30\n|\n|t:|1699838713\n|move|p1a: Weavile|Poison Jab|p2a: Sneasler\n|-resisted|p2a: Sneasler\n|-damage|p2a: Sneasler|83\/100\n|move|p2a: Sneasler|Dire Claw|p1a: Weavile\n|-end|p1a: Weavile|Substitute\n|\n|-heal|p1a: Weavile|73\/100|[from] item: Leftovers\n|upkeep\n|turn|31\n|\n|t:|1699838722\n|move|p1a: Weavile|Protect|p1a: Weavile\n|-singleturn|p1a: Weavile|Protect\n|move|p2a: Sneasler|Close Combat|p1a: Weavile\n|-activate|p1a: Weavile|move: Protect\n|\n|-heal|p1a: Weavile|79\/100|[from] item: Leftovers\n|upkeep\n|turn|32\n|\n|t:|1699838727\n|move|p1a: Weavile|Substitute|p1a: Weavile\n|-start|p1a: Weavile|Substitute\n|-damage|p1a: Weavile|54\/100\n|move|p2a: Sneasler|U-turn|p1a: Weavile\n|-supereffective|p1a: Weavile\n|-end|p1a: Weavile|Substitute\n|\n|t:|1699838736\n|switch|p2a: Kuzko|Gholdengo|100\/100|[from] U-turn\n|\n|-heal|p1a: Weavile|61\/100|[from] item: Leftovers\n|upkeep\n|turn|33\n|\n|t:|1699838744\n|switch|p1a: Alomomola|Alomomola, F|86\/100\n|move|p2a: Kuzko|Nasty Plot|p2a: Kuzko\n|-boost|p2a: Kuzko|spa|2\n|\n|-heal|p1a: Alomomola|92\/100|[from] item: Leftovers\n|upkeep\n|turn|34\n|\n|t:|1699838753\n|move|p2a: Kuzko|Make It Rain|p1a: Alomomola\n|-resisted|p1a: Alomomola\n|-damage|p1a: Alomomola|39\/100\n|-unboost|p2a: Kuzko|spa|1\n|move|p1a: Alomomola|Wish|p1a: Alomomola\n|\n|-heal|p1a: Alomomola|45\/100|[from] item: Leftovers\n|upkeep\n|turn|35\n|\n|t:|1699838767\n|move|p1a: Alomomola|Protect|p1a: Alomomola\n|-singleturn|p1a: Alomomola|Protect\n|move|p2a: Kuzko|Shadow Ball|p1a: Alomomola\n|-activate|p1a: Alomomola|move: Protect\n|\n|-heal|p1a: Alomomola|95\/100|[from] move: Wish|[wisher] Alomomola\n|-heal|p1a: Alomomola|100\/100|[from] item: Leftovers\n|upkeep\n|turn|36\n|\n|t:|1699838774\n|switch|p2a: Ribombee|Ribombee, M|3\/100\n|move|p1a: Alomomola|Flip Turn|p2a: Ribombee\n|-damage|p2a: Ribombee|0 fnt\n|faint|p2a: Ribombee\n|\n|t:|1699838777\n|switch|p1a: Weavile|Weavile, M|61\/100|[from] Flip Turn\n|-ability|p1a: Weavile|Pressure\n|\n|-heal|p1a: Weavile|67\/100|[from] item: Leftovers\n|upkeep\n|\n|t:|1699838781\n|switch|p2a: Sneasler|Sneasler, F|83\/100\n|turn|37\n|\n|t:|1699838787\n|switch|p1a: Corviknight|Corviknight, M|100\/100\n|-ability|p1a: Corviknight|Pressure\n|move|p2a: Sneasler|Fake Out|p1a: Corviknight\n|-resisted|p1a: Corviknight\n|-damage|p1a: Corviknight|97\/100\n|\n|upkeep\n|turn|38\n|l| DenseColor\n|\n|t:|1699838797\n|move|p2a: Sneasler|Close Combat|p1a: Corviknight\n|-damage|p1a: Corviknight|58\/100\n|-unboost|p2a: Sneasler|def|1\n|-unboost|p2a: Sneasler|spd|1\n|move|p1a: Corviknight|Body Press|p2a: Sneasler\n|-resisted|p2a: Sneasler\n|-damage|p2a: Sneasler|47\/100\n|\n|upkeep\n|turn|39\n|\n|t:|1699838805\n|move|p2a: Sneasler|U-turn|p1a: Corviknight\n|-resisted|p1a: Corviknight\n|-damage|p1a: Corviknight|54\/100\n|\n|t:|1699838807\n|switch|p2a: Kuzko|Gholdengo|100\/100|[from] U-turn\n|move|p1a: Corviknight|Roost|p1a: Corviknight\n|-heal|p1a: Corviknight|100\/100\n|-singleturn|p1a: Corviknight|move: Roost\n|\n|upkeep\n|turn|40\n|\n|t:|1699838819\n|switch|p1a: Alomomola|Alomomola, F|100\/100\n|move|p2a: Kuzko|Shadow Ball|p1a: Alomomola\n|-damage|p1a: Alomomola|66\/100\n|\n|-heal|p1a: Alomomola|72\/100|[from] item: Leftovers\n|upkeep\n|turn|41\n|\n|t:|1699838824\n|move|p2a: Kuzko|Nasty Plot|p2a: Kuzko\n|-boost|p2a: Kuzko|spa|2\n|move|p1a: Alomomola|Wish|p1a: Alomomola\n|\n|-heal|p1a: Alomomola|78\/100|[from] item: Leftovers\n|upkeep\n|turn|42\n|\n|t:|1699838829\n|move|p2a: Kuzko|Shadow Ball|p1a: Alomomola\n|-damage|p1a: Alomomola|8\/100\n|move|p1a: Alomomola|Mirror Coat|p2a: Kuzko\n|-damage|p2a: Kuzko|0 fnt\n|faint|p2a: Kuzko\n|\n|-heal|p1a: Alomomola|58\/100|[from] move: Wish|[wisher] Alomomola\n|-heal|p1a: Alomomola|64\/100|[from] item: Leftovers\n|upkeep\n|-message|genesis7 forfeited.\n|\n|win|Quamnckkk\n|raw|Quamnckkk's rating: 1750 &rarr; <strong>1771<\/strong><br \/>(+21 for winning)\n|raw|genesis7's rating: 1773 &rarr; <strong>1752<\/strong><br \/>(-21 for losing)\n|l|\u2606genesis7\n","uploadtime":1699838843,"views":12,"p1id":"quamnckkk","p2id":"genesis7","formatid":"gen9ou","rating":1752,"private":0,"password":""}