{"id":"gen9ou-1999686555","p1":"meal task deal see","p2":"Mkap","format":"[Gen 9] OU","log":"|j|\u2606meal task deal see\n|j|\u2606Mkap\n|t:|1701107788\n|gametype|singles\n|player|p1|meal task deal see|kieran-festival|1514\n|player|p2|Mkap|lusamine-nihilego|1635\n|teamsize|p1|6\n|teamsize|p2|6\n|gen|9\n|tier|[Gen 9] OU\n|rated|\n|rule|Sleep Clause Mod: Limit one foe put to sleep\n|rule|Species Clause: Limit one of each Pok\u00e9mon\n|rule|OHKO Clause: OHKO moves are banned\n|rule|Evasion Items Clause: Evasion items are banned\n|rule|Evasion Moves Clause: Evasion moves are banned\n|rule|Endless Battle Clause: Forcing endless battles is banned\n|rule|HP Percentage Mod: HP is shown in percentages\n|clearpoke\n|poke|p1|Samurott-Hisui, M|\n|poke|p1|Gholdengo|\n|poke|p1|Ceruledge, M|\n|poke|p1|Rillaboom, F|\n|poke|p1|Zamazenta-*|\n|poke|p1|Great Tusk|\n|poke|p2|Toxapex, F|\n|poke|p2|Bronzong|\n|poke|p2|Ting-Lu|\n|poke|p2|Kingambit, F|\n|poke|p2|Dragapult, M|\n|poke|p2|Corviknight, F|\n|teampreview\n|inactive|Battle timer is ON: inactive players will automatically lose when time's up. (requested by meal task deal see)\n|j| JogoFuego\n|\n|t:|1701107805\n|start\n|switch|p1a: Samurott|Samurott-Hisui, M, shiny|100\/100\n|switch|p2a: Bronzong|Bronzong|100\/100\n|turn|1\n|\n|t:|1701107814\n|-terastallize|p2a: Bronzong|Fighting\n|move|p1a: Samurott|Ceaseless Edge|p2a: Bronzong\n|-resisted|p2a: Bronzong\n|-damage|p2a: Bronzong|82\/100\n|-sidestart|p2: Mkap|Spikes\n|move|p2a: Bronzong|Body Press|p1a: Samurott\n|-supereffective|p1a: Samurott\n|-damage|p1a: Samurott|0 fnt\n|faint|p1a: Samurott\n|\n|-heal|p2a: Bronzong|88\/100|[from] item: Leftovers\n|upkeep\n|\n|t:|1701107843\n|switch|p1a: Gholdengo|Gholdengo|100\/100\n|turn|2\n|inactive|meal task deal see has 120 seconds left.\n|\n|t:|1701107865\n|move|p1a: Gholdengo|Shadow Ball|p2a: Bronzong\n|-damage|p2a: Bronzong|50\/100\n|move|p2a: Bronzong|Stealth Rock|p1a: Gholdengo\n|-sidestart|p1: meal task deal see|move: Stealth Rock\n|\n|-heal|p2a: Bronzong|56\/100|[from] item: Leftovers\n|upkeep\n|turn|3\n|\n|t:|1701107869\n|switch|p2a: Ting-Lu|Ting-Lu|100\/100\n|-damage|p2a: Ting-Lu|88\/100|[from] Spikes\n|-ability|p2a: Ting-Lu|Vessel of Ruin\n|move|p1a: Gholdengo|Shadow Ball|p2a: Ting-Lu\n|-resisted|p2a: Ting-Lu\n|-damage|p2a: Ting-Lu|76\/100\n|-unboost|p2a: Ting-Lu|spd|1\n|\n|-heal|p2a: Ting-Lu|82\/100|[from] item: Leftovers\n|upkeep\n|turn|4\n|\n|t:|1701107874\n|switch|p1a: Rillaboom|Rillaboom, F|100\/100\n|-damage|p1a: Rillaboom|88\/100|[from] Stealth Rock\n|-fieldstart|move: Grassy Terrain|[from] ability: Grassy Surge|[of] p1a: Rillaboom\n|move|p2a: Ting-Lu|Spikes|p1a: Rillaboom\n|-sidestart|p1: meal task deal see|Spikes\n|\n|-heal|p1a: Rillaboom|94\/100|[from] Grassy Terrain\n|-heal|p2a: Ting-Lu|89\/100|[from] Grassy Terrain\n|-heal|p2a: Ting-Lu|95\/100|[from] item: Leftovers\n|upkeep\n|turn|5\n|\n|t:|1701107884\n|move|p1a: Rillaboom|Knock Off|p2a: Ting-Lu\n|-resisted|p2a: Ting-Lu\n|-damage|p2a: Ting-Lu|86\/100\n|-enditem|p2a: Ting-Lu|Leftovers|[from] move: Knock Off|[of] p1a: Rillaboom\n|-damage|p1a: Rillaboom|84\/100|[from] item: Life Orb\n|move|p2a: Ting-Lu|Spikes|p1a: Rillaboom\n|-sidestart|p1: meal task deal see|Spikes\n|\n|-heal|p1a: Rillaboom|91\/100|[from] Grassy Terrain\n|-heal|p2a: Ting-Lu|92\/100|[from] Grassy Terrain\n|upkeep\n|turn|6\n|\n|t:|1701107890\n|switch|p2a: Corviknight|Corviknight, F|100\/100\n|-ability|p2a: Corviknight|Pressure\n|move|p1a: Rillaboom|Swords Dance|p1a: Rillaboom\n|-boost|p1a: Rillaboom|atk|2\n|\n|-heal|p1a: Rillaboom|97\/100|[from] Grassy Terrain\n|upkeep\n|turn|7\n|\n|t:|1701107893\n|move|p1a: Rillaboom|Knock Off|p2a: Corviknight\n|-damage|p2a: Corviknight|47\/100\n|-damage|p1a: Rillaboom|80\/100|[from] item: Rocky Helmet|[of] p2a: Corviknight\n|-enditem|p2a: Corviknight|Rocky Helmet|[from] move: Knock Off|[of] p1a: Rillaboom\n|-damage|p1a: Rillaboom|70\/100|[from] item: Life Orb\n|move|p2a: Corviknight|Brave Bird|p1a: Rillaboom\n|-supereffective|p1a: Rillaboom\n|-damage|p1a: Rillaboom|0 fnt\n|faint|p1a: Rillaboom\n|-damage|p2a: Corviknight|27\/100|[from] Recoil\n|\n|upkeep\n|\n|t:|1701107898\n|switch|p1a: Great Tusk|Great Tusk|100\/100\n|-damage|p1a: Great Tusk|98\/100|[from] Stealth Rock\n|-damage|p1a: Great Tusk|81\/100|[from] Spikes\n|-enditem|p1a: Great Tusk|Booster Energy\n|-activate|p1a: Great Tusk|ability: Protosynthesis|[fromitem]\n|-start|p1a: Great Tusk|protosynthesisspe\n|turn|8\n|\n|t:|1701107905\n|-terastallize|p1a: Great Tusk|Poison\n|move|p1a: Great Tusk|Bulk Up|p1a: Great Tusk\n|-boost|p1a: Great Tusk|atk|1\n|-boost|p1a: Great Tusk|def|1\n|move|p2a: Corviknight|Brave Bird|p1a: Great Tusk\n|-damage|p1a: Great Tusk|64\/100\n|-damage|p2a: Corviknight|21\/100|[from] Recoil\n|\n|-heal|p1a: Great Tusk|71\/100|[from] Grassy Terrain\n|-fieldend|move: Grassy Terrain\n|upkeep\n|turn|9\n|\n|t:|1701107912\n|switch|p2a: Bronzong|Bronzong, tera:Fighting|56\/100\n|move|p1a: Great Tusk|Rapid Spin|p2a: Bronzong\n|-damage|p2a: Bronzong|40\/100\n|-boost|p1a: Great Tusk|spe|1\n|-sideend|p1: meal task deal see|Spikes|[from] move: Rapid Spin|[of] p1a: Great Tusk\n|-sideend|p1: meal task deal see|Stealth Rock|[from] move: Rapid Spin|[of] p1a: Great Tusk\n|\n|-heal|p2a: Bronzong|46\/100|[from] item: Leftovers\n|upkeep\n|turn|10\n|\n|t:|1701107924\n|move|p1a: Great Tusk|Ice Spinner|p2a: Bronzong\n|-damage|p2a: Bronzong|25\/100\n|move|p2a: Bronzong|Psychic|p1a: Great Tusk\n|-supereffective|p1a: Great Tusk\n|-damage|p1a: Great Tusk|9\/100\n|\n|-heal|p2a: Bronzong|31\/100|[from] item: Leftovers\n|upkeep\n|turn|11\n|\n|t:|1701107931\n|move|p1a: Great Tusk|Ice Spinner|p2a: Bronzong\n|-damage|p2a: Bronzong|9\/100\n|move|p2a: Bronzong|Psychic|p1a: Great Tusk\n|-supereffective|p1a: Great Tusk\n|-damage|p1a: Great Tusk|0 fnt\n|faint|p1a: Great Tusk\n|-end|p1a: Great Tusk|Protosynthesis|[silent]\n|\n|-heal|p2a: Bronzong|16\/100|[from] item: Leftovers\n|upkeep\n|\n|t:|1701107935\n|switch|p1a: Gholdengo|Gholdengo|100\/100\n|turn|12\n|\n|t:|1701107937\n|move|p1a: Gholdengo|Shadow Ball|p2a: Bronzong\n|-damage|p2a: Bronzong|0 fnt\n|faint|p2a: Bronzong\n|\n|upkeep\n|\n|t:|1701107939\n|switch|p2a: Ting-Lu|Ting-Lu|92\/100\n|-damage|p2a: Ting-Lu|79\/100|[from] Spikes\n|-ability|p2a: Ting-Lu|Vessel of Ruin\n|turn|13\n|\n|t:|1701107949\n|switch|p1a: Ceruledge|Ceruledge, M|100\/100\n|move|p2a: Ting-Lu|Spikes|p1a: Ceruledge\n|-sidestart|p1: meal task deal see|Spikes\n|\n|upkeep\n|turn|14\n|\n|t:|1701107952\n|move|p1a: Ceruledge|Swords Dance|p1a: Ceruledge\n|-boost|p1a: Ceruledge|atk|2\n|move|p2a: Ting-Lu|Whirlwind|p1a: Ceruledge\n|drag|p1a: Zamazenta|Zamazenta|100\/100\n|-damage|p1a: Zamazenta|88\/100|[from] Spikes\n|-ability|p1a: Zamazenta|Dauntless Shield|boost\n|-boost|p1a: Zamazenta|def|1\n|\n|-heal|p1a: Zamazenta|94\/100|[from] item: Leftovers\n|upkeep\n|turn|15\n|\n|t:|1701107960\n|move|p1a: Zamazenta|Crunch|p2a: Ting-Lu\n|-resisted|p2a: Ting-Lu\n|-damage|p2a: Ting-Lu|75\/100\n|-unboost|p2a: Ting-Lu|def|1\n|move|p2a: Ting-Lu|Whirlwind|p1a: Zamazenta\n|drag|p1a: Gholdengo|Gholdengo|100\/100\n|-damage|p1a: Gholdengo|88\/100|[from] Spikes\n|\n|upkeep\n|turn|16\n|\n|t:|1701107965\n|move|p1a: Gholdengo|Focus Blast|p2a: Ting-Lu\n|-supereffective|p2a: Ting-Lu\n|-damage|p2a: Ting-Lu|27\/100\n|move|p2a: Ting-Lu|Spikes|p1a: Gholdengo\n|-sidestart|p1: meal task deal see|Spikes\n|\n|upkeep\n|turn|17\n|\n|t:|1701107971\n|switch|p1a: Zamazenta|Zamazenta|94\/100\n|-damage|p1a: Zamazenta|78\/100|[from] Spikes\n|move|p2a: Ting-Lu|Spikes|p1a: Zamazenta\n|-sidestart|p1: meal task deal see|Spikes\n|\n|-heal|p1a: Zamazenta|84\/100|[from] item: Leftovers\n|upkeep\n|turn|18\n|\n|t:|1701107976\n|move|p1a: Zamazenta|Crunch|p2a: Ting-Lu\n|-resisted|p2a: Ting-Lu\n|-damage|p2a: Ting-Lu|21\/100\n|-unboost|p2a: Ting-Lu|def|1\n|move|p2a: Ting-Lu|Ruination|p1a: Zamazenta\n|-damage|p1a: Zamazenta|42\/100\n|\n|-heal|p1a: Zamazenta|48\/100|[from] item: Leftovers\n|upkeep\n|turn|19\n|\n|t:|1701107986\n|move|p1a: Zamazenta|Body Press|p2a: Ting-Lu\n|-supereffective|p2a: Ting-Lu\n|-damage|p2a: Ting-Lu|0 fnt\n|faint|p2a: Ting-Lu\n|\n|-heal|p1a: Zamazenta|55\/100|[from] item: Leftovers\n|upkeep\n|\n|t:|1701107988\n|switch|p2a: Dragapult|Dragapult, M|100\/100\n|-damage|p2a: Dragapult|88\/100|[from] Spikes\n|turn|20\n|\n|t:|1701107993\n|move|p2a: Dragapult|Shadow Ball|p1a: Zamazenta\n|-damage|p1a: Zamazenta|3\/100\n|move|p1a: Zamazenta|Crunch|p2a: Dragapult\n|-supereffective|p2a: Dragapult\n|-damage|p2a: Dragapult|29\/100\n|\n|-heal|p1a: Zamazenta|9\/100|[from] item: Leftovers\n|upkeep\n|turn|21\n|\n|t:|1701107996\n|move|p2a: Dragapult|Shadow Ball|p1a: Zamazenta\n|-damage|p1a: Zamazenta|0 fnt\n|faint|p1a: Zamazenta\n|\n|upkeep\n|\n|t:|1701107999\n|switch|p1a: Gholdengo|Gholdengo|88\/100\n|-damage|p1a: Gholdengo|63\/100|[from] Spikes\n|turn|22\n|\n|t:|1701108002\n|switch|p2a: Toxapex|Toxapex, F|100\/100\n|-damage|p2a: Toxapex|88\/100|[from] Spikes\n|move|p1a: Gholdengo|Shadow Ball|p2a: Toxapex\n|-damage|p2a: Toxapex|62\/100\n|-unboost|p2a: Toxapex|spd|1\n|\n|-heal|p2a: Toxapex|68\/100|[from] item: Leftovers\n|upkeep\n|turn|23\n|\n|t:|1701108006\n|move|p1a: Gholdengo|Shadow Ball|p2a: Toxapex\n|-damage|p2a: Toxapex|27\/100\n|move|p2a: Toxapex|Haze|p2a: Toxapex\n|-clearallboost\n|\n|-heal|p2a: Toxapex|33\/100|[from] item: Leftovers\n|upkeep\n|turn|24\n|\n|t:|1701108009\n|switch|p2a: Kingambit|Kingambit, F|100\/100\n|-damage|p2a: Kingambit|88\/100|[from] Spikes\n|-activate|p2a: Kingambit|ability: Supreme Overlord\n|-start|p2a: Kingambit|fallen2|[silent]\n|move|p1a: Gholdengo|Shadow Ball|p2a: Kingambit\n|-resisted|p2a: Kingambit\n|-damage|p2a: Kingambit|69\/100\n|\n|upkeep\n|turn|25\n|\n|t:|1701108013\n|move|p2a: Kingambit|Sucker Punch|p1a: Gholdengo\n|-supereffective|p1a: Gholdengo\n|-damage|p1a: Gholdengo|0 fnt\n|faint|p1a: Gholdengo\n|\n|upkeep\n|\n|t:|1701108015\n|switch|p1a: Ceruledge|Ceruledge, M|100\/100\n|-damage|p1a: Ceruledge|76\/100|[from] Spikes\n|turn|26\n|\n|t:|1701108021\n|move|p1a: Ceruledge|Swords Dance|p1a: Ceruledge\n|-boost|p1a: Ceruledge|atk|2\n|move|p2a: Kingambit|Kowtow Cleave|p1a: Ceruledge\n|-supereffective|p1a: Ceruledge\n|-damage|p1a: Ceruledge|0 fnt\n|faint|p1a: Ceruledge\n|\n|win|Mkap\n|raw|meal task deal see's rating: 1514 &rarr; <strong>1501<\/strong><br \/>(-13 for losing)\n|raw|Mkap's rating: 1635 &rarr; <strong>1648<\/strong><br \/>(+13 for winning)\n|l|\u2606meal task deal see\n","uploadtime":1701108029,"views":5,"p1id":"mealtaskdealsee","p2id":"mkap","formatid":"gen9ou","rating":1501,"private":0,"password":""}