{"id":"gen9ou-1991919898","p1":"OUVT Antoine","p2":"LosTroncos","format":"[Gen 9] OU","log":"|j|\u2606OUVT Antoine\n|j|\u2606LosTroncos\n|t:|1700138242\n|gametype|singles\n|player|p1|OUVT Antoine|lucas|1740\n|player|p2|LosTroncos|101|1735\n|teamsize|p1|6\n|teamsize|p2|6\n|gen|9\n|tier|[Gen 9] OU\n|rated|\n|rule|Sleep Clause Mod: Limit one foe put to sleep\n|rule|Species Clause: Limit one of each Pok\u00e9mon\n|rule|OHKO Clause: OHKO moves are banned\n|rule|Evasion Items Clause: Evasion items are banned\n|rule|Evasion Moves Clause: Evasion moves are banned\n|rule|Endless Battle Clause: Forcing endless battles is banned\n|rule|HP Percentage Mod: HP is shown in percentages\n|clearpoke\n|poke|p1|Dragonite, M|\n|poke|p1|Samurott-Hisui, F|\n|poke|p1|Gholdengo|\n|poke|p1|Zamazenta-*|\n|poke|p1|Toxapex, F|\n|poke|p1|Ting-Lu|\n|poke|p2|Torkoal, F|\n|poke|p2|Walking Wake|\n|poke|p2|Great Tusk|\n|poke|p2|Cinderace, F|\n|poke|p2|Charizard, M|\n|poke|p2|Brute Bonnet|\n|teampreview\n|inactive|Battle timer is ON: inactive players will automatically lose when time's up. (requested by LosTroncos)\n|inactive|OUVT Antoine has 120 seconds left.\n|\n|t:|1700138307\n|start\n|switch|p1a: Ting-Lu|Ting-Lu|100\/100\n|switch|p2a: Torkoal|Torkoal, F|100\/100\n|-ability|p1a: Ting-Lu|Vessel of Ruin\n|-weather|SunnyDay|[from] ability: Drought|[of] p2a: Torkoal\n|turn|1\n|\n|t:|1700138317\n|switch|p2a: Charizard|Charizard, M|100\/100\n|move|p1a: Ting-Lu|Earthquake|p2a: Charizard\n|-immune|p2a: Charizard\n|\n|-weather|SunnyDay|[upkeep]\n|-damage|p2a: Charizard|88\/100|[from] ability: Solar Power|[of] p2a: Charizard\n|upkeep\n|turn|2\n|\n|t:|1700138325\n|-terastallize|p2a: Charizard|Fire\n|move|p2a: Charizard|Weather Ball|p1a: Ting-Lu\n|-crit|p1a: Ting-Lu\n|-damage|p1a: Ting-Lu|0 fnt\n|faint|p1a: Ting-Lu\n|\n|-weather|SunnyDay|[upkeep]\n|-damage|p2a: Charizard|76\/100|[from] ability: Solar Power|[of] p2a: Charizard\n|upkeep\n|\n|t:|1700138335\n|switch|p1a: Dragonite|Dragonite, M|100\/100\n|turn|3\n|\n|t:|1700138338\n|move|p1a: Dragonite|Extreme Speed|p2a: Charizard\n|-damage|p2a: Charizard|35\/100\n|move|p2a: Charizard|Weather Ball|p1a: Dragonite\n|-resisted|p1a: Dragonite\n|-damage|p1a: Dragonite|49\/100\n|\n|-weather|SunnyDay|[upkeep]\n|-damage|p2a: Charizard|23\/100|[from] ability: Solar Power|[of] p2a: Charizard\n|upkeep\n|turn|4\n|\n|t:|1700138347\n|switch|p2a: Great Tusk|Great Tusk|100\/100\n|-activate|p2a: Great Tusk|ability: Protosynthesis\n|-start|p2a: Great Tusk|protosynthesisatk\n|move|p1a: Dragonite|Extreme Speed|p2a: Great Tusk\n|-damage|p2a: Great Tusk|77\/100\n|\n|-weather|SunnyDay|[upkeep]\n|-heal|p2a: Great Tusk|83\/100|[from] item: Leftovers\n|upkeep\n|turn|5\n|\n|t:|1700138360\n|switch|p1a: Samurott|Samurott-Hisui, F|100\/100\n|move|p2a: Great Tusk|Ice Spinner|p1a: Samurott\n|-resisted|p1a: Samurott\n|-damage|p1a: Samurott|79\/100\n|\n|-weather|SunnyDay|[upkeep]\n|-heal|p2a: Great Tusk|89\/100|[from] item: Leftovers\n|upkeep\n|turn|6\n|\n|t:|1700138367\n|move|p2a: Great Tusk|Earthquake|p1a: Samurott\n|-damage|p1a: Samurott|0 fnt\n|faint|p1a: Samurott\n|\n|-weather|SunnyDay|[upkeep]\n|-heal|p2a: Great Tusk|96\/100|[from] item: Leftovers\n|upkeep\n|\n|t:|1700138370\n|switch|p1a: Zamazenta|Zamazenta|100\/100\n|-ability|p1a: Zamazenta|Dauntless Shield|boost\n|-boost|p1a: Zamazenta|def|1\n|turn|7\n|\n|t:|1700138376\n|-end|p2a: Great Tusk|Protosynthesis|[silent]\n|switch|p2a: Walking Wake|Walking Wake|100\/100\n|-activate|p2a: Walking Wake|ability: Protosynthesis\n|-start|p2a: Walking Wake|protosynthesisspe\n|move|p1a: Zamazenta|Substitute|p1a: Zamazenta\n|-start|p1a: Zamazenta|Substitute\n|-damage|p1a: Zamazenta|76\/100\n|\n|-weather|SunnyDay|[upkeep]\n|-heal|p1a: Zamazenta|82\/100|[from] item: Leftovers\n|upkeep\n|turn|8\n|j| utsudere\n|\n|t:|1700138386\n|move|p2a: Walking Wake|Hydro Steam|p1a: Zamazenta\n|-end|p1a: Zamazenta|Substitute\n|move|p1a: Zamazenta|Body Press|p2a: Walking Wake\n|-damage|p2a: Walking Wake|40\/100\n|\n|-weather|none\n|-end|p2a: Walking Wake|Protosynthesis\n|-heal|p1a: Zamazenta|88\/100|[from] item: Leftovers\n|upkeep\n|turn|9\n|\n|t:|1700138396\n|-end|p2a: Walking Wake|Protosynthesis|[silent]\n|switch|p2a: Torkoal|Torkoal, F|100\/100\n|-weather|SunnyDay|[from] ability: Drought|[of] p2a: Torkoal\n|move|p1a: Zamazenta|Body Press|p2a: Torkoal\n|-damage|p2a: Torkoal|70\/100\n|\n|-weather|SunnyDay|[upkeep]\n|-heal|p1a: Zamazenta|94\/100|[from] item: Leftovers\n|upkeep\n|turn|10\n|\n|t:|1700138406\n|move|p1a: Zamazenta|Substitute|p1a: Zamazenta\n|-start|p1a: Zamazenta|Substitute\n|-damage|p1a: Zamazenta|70\/100\n|move|p2a: Torkoal|Lava Plume|p1a: Zamazenta\n|-end|p1a: Zamazenta|Substitute\n|\n|-weather|SunnyDay|[upkeep]\n|-heal|p1a: Zamazenta|76\/100|[from] item: Leftovers\n|upkeep\n|turn|11\n|\n|t:|1700138413\n|switch|p1a: Dragonite|Dragonite, M|49\/100\n|move|p2a: Torkoal|Lava Plume|p1a: Dragonite\n|-resisted|p1a: Dragonite\n|-crit|p1a: Dragonite\n|-damage|p1a: Dragonite|24\/100\n|\n|-weather|SunnyDay|[upkeep]\n|upkeep\n|turn|12\n|j| eeferrrerere\n|\n|t:|1700138422\n|switch|p2a: Great Tusk|Great Tusk|96\/100\n|-activate|p2a: Great Tusk|ability: Protosynthesis\n|-start|p2a: Great Tusk|protosynthesisatk\n|move|p1a: Dragonite|Earthquake|p2a: Great Tusk\n|-damage|p2a: Great Tusk|69\/100\n|\n|-weather|SunnyDay|[upkeep]\n|-heal|p2a: Great Tusk|75\/100|[from] item: Leftovers\n|upkeep\n|turn|13\n|l| utsudere\n|\n|t:|1700138431\n|move|p2a: Great Tusk|Rapid Spin|p1a: Dragonite\n|-damage|p1a: Dragonite|0 fnt\n|-boost|p2a: Great Tusk|spe|1\n|faint|p1a: Dragonite\n|\n|-weather|SunnyDay|[upkeep]\n|-heal|p2a: Great Tusk|81\/100|[from] item: Leftovers\n|upkeep\n|\n|t:|1700138437\n|switch|p1a: Zamazenta|Zamazenta|76\/100\n|turn|14\n|j| HotheadIsTheGoat\n|\n|t:|1700138452\n|move|p2a: Great Tusk|Earthquake|p1a: Zamazenta\n|-damage|p1a: Zamazenta|28\/100\n|move|p1a: Zamazenta|Iron Defense|p1a: Zamazenta\n|-boost|p1a: Zamazenta|def|2\n|\n|-weather|SunnyDay|[upkeep]\n|-heal|p2a: Great Tusk|87\/100|[from] item: Leftovers\n|-heal|p1a: Zamazenta|35\/100|[from] item: Leftovers\n|upkeep\n|turn|15\n|\n|t:|1700138460\n|move|p2a: Great Tusk|Earthquake|p1a: Zamazenta\n|-damage|p1a: Zamazenta|11\/100\n|move|p1a: Zamazenta|Substitute|p1a: Zamazenta\n|-fail|p1a: Zamazenta|move: Substitute|[weak]\n|\n|-weather|SunnyDay|[upkeep]\n|-heal|p2a: Great Tusk|93\/100|[from] item: Leftovers\n|-heal|p1a: Zamazenta|18\/100|[from] item: Leftovers\n|upkeep\n|turn|16\n|\n|t:|1700138468\n|move|p2a: Great Tusk|Earthquake|p1a: Zamazenta\n|-crit|p1a: Zamazenta\n|-damage|p1a: Zamazenta|0 fnt\n|faint|p1a: Zamazenta\n|\n|-weather|none\n|-end|p2a: Great Tusk|Protosynthesis\n|-heal|p2a: Great Tusk|99\/100|[from] item: Leftovers\n|upkeep\n|\n|t:|1700138481\n|switch|p1a: Toxapex|Toxapex, F|100\/100\n|turn|17\n|\n|t:|1700138486\n|move|p2a: Great Tusk|Earthquake|p1a: Toxapex\n|-supereffective|p1a: Toxapex\n|-damage|p1a: Toxapex|35\/100\n|move|p1a: Toxapex|Toxic|p2a: Great Tusk\n|-status|p2a: Great Tusk|tox\n|\n|-heal|p2a: Great Tusk|100\/100 tox|[from] item: Leftovers\n|-damage|p2a: Great Tusk|94\/100 tox|[from] psn\n|upkeep\n|turn|18\n|\n|t:|1700138500\n|-terastallize|p1a: Toxapex|Fairy\n|move|p2a: Great Tusk|Bulk Up|p2a: Great Tusk\n|-boost|p2a: Great Tusk|atk|1\n|-boost|p2a: Great Tusk|def|1\n|move|p1a: Toxapex|Recover|p1a: Toxapex\n|-heal|p1a: Toxapex|85\/100\n|\n|-heal|p2a: Great Tusk|100\/100 tox|[from] item: Leftovers\n|-damage|p2a: Great Tusk|88\/100 tox|[from] psn\n|upkeep\n|turn|19\n|l| HotheadIsTheGoat\n|\n|t:|1700138511\n|move|p2a: Great Tusk|Earthquake|p1a: Toxapex\n|-damage|p1a: Toxapex|34\/100\n|move|p1a: Toxapex|Surf|p2a: Great Tusk\n|-supereffective|p2a: Great Tusk\n|-damage|p2a: Great Tusk|36\/100 tox\n|\n|-heal|p2a: Great Tusk|42\/100 tox|[from] item: Leftovers\n|-damage|p2a: Great Tusk|23\/100 tox|[from] psn\n|upkeep\n|turn|20\n|\n|t:|1700138519\n|move|p2a: Great Tusk|Earthquake|p1a: Toxapex\n|-damage|p1a: Toxapex|0 fnt\n|faint|p1a: Toxapex\n|\n|-heal|p2a: Great Tusk|30\/100 tox|[from] item: Leftovers\n|-damage|p2a: Great Tusk|5\/100 tox|[from] psn\n|upkeep\n|\n|t:|1700138526\n|switch|p1a: Gholdengo|Gholdengo|100\/100\n|turn|21\n|\n|t:|1700138528\n|move|p2a: Great Tusk|Earthquake|p1a: Gholdengo\n|-supereffective|p1a: Gholdengo\n|-damage|p1a: Gholdengo|0 fnt\n|faint|p1a: Gholdengo\n|\n|win|LosTroncos\n|raw|OUVT Antoine's rating: 1740 &rarr; <strong>1720<\/strong><br \/>(-20 for losing)\n|raw|LosTroncos's rating: 1735 &rarr; <strong>1755<\/strong><br \/>(+20 for winning)\n|c|\u2606LosTroncos|gg\n|l|\u2606OUVT Antoine\n","uploadtime":1700138535,"views":17,"p1id":"ouvtantoine","p2id":"lostroncos","formatid":"gen9ou","rating":1720,"private":0,"password":""}