{"id":"gen9ou-1996005276","p1":"Thehombre","p2":"QuackBarz","format":"[Gen 9] OU","log":"|j|\u2606Thehombre\n|j|\u2606QuackBarz\n|t:|1700628199\n|gametype|singles\n|player|p1|Thehombre|265|1122\n|player|p2|QuackBarz|265|1231\n|teamsize|p1|6\n|teamsize|p2|6\n|gen|9\n|tier|[Gen 9] OU\n|rated|\n|rule|Sleep Clause Mod: Limit one foe put to sleep\n|rule|Species Clause: Limit one of each Pok\u00e9mon\n|rule|OHKO Clause: OHKO moves are banned\n|rule|Evasion Items Clause: Evasion items are banned\n|rule|Evasion Moves Clause: Evasion moves are banned\n|rule|Endless Battle Clause: Forcing endless battles is banned\n|rule|HP Percentage Mod: HP is shown in percentages\n|clearpoke\n|poke|p1|Munkidori, M|\n|poke|p1|Dragapult, M|\n|poke|p1|Corviknight, M|\n|poke|p1|Ninetales-Alola, M|\n|poke|p1|Clefable, F|\n|poke|p1|Ogerpon-Cornerstone, F|\n|poke|p2|Volcanion|\n|poke|p2|Cinderace, F|\n|poke|p2|Mandibuzz, F|\n|poke|p2|Cresselia, F|\n|poke|p2|Gengar, M|\n|poke|p2|Ambipom, M|\n|teampreview\n|inactive|Battle timer is ON: inactive players will automatically lose when time's up. (requested by Thehombre)\n|\n|t:|1700628212\n|start\n|switch|p1a: Ninetales|Ninetales-Alola, M|100\/100\n|switch|p2a: Gengar|Gengar, M|100\/100\n|-weather|Snow|[from] ability: Snow Warning|[of] p1a: Ninetales\n|turn|1\n|\n|t:|1700628217\n|move|p2a: Gengar|Sludge Bomb|p1a: Ninetales\n|-supereffective|p1a: Ninetales\n|-damage|p1a: Ninetales|0 fnt\n|faint|p1a: Ninetales\n|\n|-weather|Snow|[upkeep]\n|upkeep\n|\n|t:|1700628220\n|switch|p1a: Dragapult|Dragapult, M|100\/100\n|turn|2\n|\n|t:|1700628226\n|switch|p2a: Mandibuzz|Mandibuzz, F|100\/100\n|move|p1a: Dragapult|Dragon Dance|p1a: Dragapult\n|-boost|p1a: Dragapult|atk|1\n|-boost|p1a: Dragapult|spe|1\n|\n|-weather|Snow|[upkeep]\n|upkeep\n|turn|3\n|\n|t:|1700628235\n|move|p1a: Dragapult|Dragon Dance|p1a: Dragapult\n|-boost|p1a: Dragapult|atk|1\n|-boost|p1a: Dragapult|spe|1\n|move|p2a: Mandibuzz|Foul Play|p1a: Dragapult\n|-supereffective|p1a: Dragapult\n|-damage|p1a: Dragapult|0 fnt\n|faint|p1a: Dragapult\n|\n|-weather|Snow|[upkeep]\n|upkeep\n|\n|t:|1700628242\n|switch|p1a: Corviknight|Corviknight, M|100\/100\n|-ability|p1a: Corviknight|Pressure\n|turn|4\n|\n|t:|1700628248\n|switch|p2a: Gengar|Gengar, M|100\/100\n|move|p1a: Corviknight|Agility|p1a: Corviknight\n|-boost|p1a: Corviknight|spe|2\n|\n|-weather|Snow|[upkeep]\n|upkeep\n|turn|5\n|\n|t:|1700628252\n|move|p2a: Gengar|Trick|p1a: Corviknight\n|-activate|p2a: Gengar|move: Trick|[of] p1a: Corviknight\n|-item|p1a: Corviknight|Choice Scarf|[from] move: Trick\n|-item|p2a: Gengar|Leftovers|[from] move: Trick\n|move|p1a: Corviknight|Bulk Up|p1a: Corviknight\n|-boost|p1a: Corviknight|atk|1\n|-boost|p1a: Corviknight|def|1\n|\n|-weather|none\n|upkeep\n|turn|6\n|\n|t:|1700628258\n|switch|p1a: Munkidori|Munkidori, M|100\/100\n|move|p2a: Gengar|Shadow Ball|p1a: Munkidori\n|-supereffective|p1a: Munkidori\n|-damage|p1a: Munkidori|0 fnt\n|faint|p1a: Munkidori\n|\n|upkeep\n|\n|t:|1700628262\n|switch|p1a: Ogerpon|Ogerpon-Cornerstone, F|100\/100\n|turn|7\n|\n|t:|1700628267\n|move|p1a: Ogerpon|Swords Dance|p1a: Ogerpon\n|-boost|p1a: Ogerpon|atk|2\n|move|p2a: Gengar|Sludge Bomb|p1a: Ogerpon\n|-damage|p1a: Ogerpon|43\/100\n|\n|upkeep\n|turn|8\n|\n|t:|1700628275\n|move|p1a: Ogerpon|Trailblaze|p2a: Gengar\n|-resisted|p2a: Gengar\n|-damage|p2a: Gengar|44\/100\n|-boost|p1a: Ogerpon|spe|1\n|move|p2a: Gengar|Shadow Ball|p1a: Ogerpon\n|-damage|p1a: Ogerpon|0 fnt\n|faint|p1a: Ogerpon\n|\n|-heal|p2a: Gengar|50\/100|[from] item: Leftovers\n|upkeep\n|\n|t:|1700628278\n|switch|p1a: Clefable|Clefable, F|100\/100\n|turn|9\n|-message|Thehombre forfeited.\n|\n|win|QuackBarz\n|raw|Thehombre's rating: 1122 &rarr; <strong>1105<\/strong><br \/>(-17 for losing)\n|raw|QuackBarz's rating: 1231 &rarr; <strong>1248<\/strong><br \/>(+17 for winning)\n|l|\u2606Thehombre\n","uploadtime":1700628284,"views":10,"p1id":"thehombre","p2id":"quackbarz","formatid":"gen9ou","rating":1105,"private":0,"password":""}