{"id":"gen9ou-1988777232","p1":"testtmptmp2","p2":"Official Poyo","format":"[Gen 9] OU","log":"|j|\u2606testtmptmp2\n|j|\u2606Official Poyo\n|t:|1699761783\n|gametype|singles\n|player|p1|testtmptmp2|2|1419\n|player|p2|Official Poyo|richboy-gen4|1521\n|teamsize|p1|6\n|teamsize|p2|6\n|gen|9\n|tier|[Gen 9] OU\n|rated|\n|rule|Sleep Clause Mod: Limit one foe put to sleep\n|rule|Species Clause: Limit one of each Pok\u00e9mon\n|rule|OHKO Clause: OHKO moves are banned\n|rule|Evasion Items Clause: Evasion items are banned\n|rule|Evasion Moves Clause: Evasion moves are banned\n|rule|Endless Battle Clause: Forcing endless battles is banned\n|rule|HP Percentage Mod: HP is shown in percentages\n|clearpoke\n|poke|p1|Garganacl, M|\n|poke|p1|Kingambit, M|\n|poke|p1|Samurott-Hisui, F|\n|poke|p1|Iron Valiant|\n|poke|p1|Gholdengo|\n|poke|p1|Zapdos|\n|poke|p2|Moltres|\n|poke|p2|Gliscor, M|\n|poke|p2|Gholdengo|\n|poke|p2|Tatsugiri, M|\n|poke|p2|Iron Valiant|\n|poke|p2|Clefable, F|\n|teampreview\n|inactive|Battle timer is ON: inactive players will automatically lose when time's up. (requested by testtmptmp2)\n|\n|t:|1699761793\n|start\n|switch|p1a: Samurott|Samurott-Hisui, F|100\/100\n|switch|p2a: Moltres|Moltres|100\/100\n|turn|1\n|\n|t:|1699761800\n|move|p1a: Samurott|Ceaseless Edge|p2a: Moltres\n|-damage|p2a: Moltres|51\/100\n|-sidestart|p2: Official Poyo|Spikes\n|move|p2a: Moltres|U-turn|p1a: Samurott\n|-supereffective|p1a: Samurott\n|-damage|p1a: Samurott|40\/100\n|\n|t:|1699761815\n|switch|p2a: Tatsugiri|Tatsugiri, M|100\/100|[from] U-turn\n|\n|upkeep\n|turn|2\n|\n|t:|1699761825\n|move|p1a: Samurott|Sucker Punch|p2a: Tatsugiri\n|-damage|p2a: Tatsugiri|42\/100\n|move|p2a: Tatsugiri|Rapid Spin|p1a: Samurott\n|-damage|p1a: Samurott|33\/100\n|-boost|p2a: Tatsugiri|spe|1\n|-sideend|p2: Official Poyo|Spikes|[from] move: Rapid Spin|[of] p2a: Tatsugiri\n|\n|upkeep\n|turn|3\n|\n|t:|1699761834\n|move|p2a: Tatsugiri|Nasty Plot|p2a: Tatsugiri\n|-boost|p2a: Tatsugiri|spa|2\n|move|p1a: Samurott|Ceaseless Edge|p2a: Tatsugiri\n|-damage|p2a: Tatsugiri|0 fnt\n|-sidestart|p2: Official Poyo|Spikes\n|faint|p2a: Tatsugiri\n|\n|upkeep\n|\n|t:|1699761836\n|switch|p2a: Iron Valiant|Iron Valiant|100\/100\n|-damage|p2a: Iron Valiant|88\/100|[from] Spikes\n|-enditem|p2a: Iron Valiant|Booster Energy\n|-activate|p2a: Iron Valiant|ability: Quark Drive|[fromitem]\n|-start|p2a: Iron Valiant|quarkdrivespe\n|turn|4\n|\n|t:|1699761858\n|switch|p1a: Zapdos|Zapdos|100\/100\n|move|p2a: Iron Valiant|Swords Dance|p2a: Iron Valiant\n|-boost|p2a: Iron Valiant|atk|2\n|\n|upkeep\n|turn|5\n|\n|t:|1699761864\n|move|p2a: Iron Valiant|Spirit Break|p1a: Zapdos\n|-damage|p1a: Zapdos|26\/100\n|-unboost|p1a: Zapdos|spa|1\n|move|p1a: Zapdos|Hurricane|p2a: Iron Valiant\n|-supereffective|p2a: Iron Valiant\n|-damage|p2a: Iron Valiant|0 fnt\n|faint|p2a: Iron Valiant\n|-end|p2a: Iron Valiant|Quark Drive|[silent]\n|\n|upkeep\n|\n|t:|1699761871\n|switch|p2a: Gholdengo|Gholdengo|100\/100\n|-item|p2a: Gholdengo|Air Balloon\n|turn|6\n|\n|t:|1699761875\n|move|p1a: Zapdos|Roost|p1a: Zapdos\n|-heal|p1a: Zapdos|76\/100\n|-singleturn|p1a: Zapdos|move: Roost\n|move|p2a: Gholdengo|Shadow Ball|p1a: Zapdos\n|-damage|p1a: Zapdos|33\/100\n|\n|upkeep\n|turn|7\n|\n|t:|1699761882\n|move|p1a: Zapdos|Roost|p1a: Zapdos\n|-heal|p1a: Zapdos|83\/100\n|-singleturn|p1a: Zapdos|move: Roost\n|move|p2a: Gholdengo|Shadow Ball|p1a: Zapdos\n|-damage|p1a: Zapdos|41\/100\n|-unboost|p1a: Zapdos|spd|1\n|\n|upkeep\n|turn|8\n|\n|t:|1699761893\n|switch|p1a: Samurott|Samurott-Hisui, F|33\/100\n|move|p2a: Gholdengo|Shadow Ball|p1a: Samurott\n|-resisted|p1a: Samurott\n|-damage|p1a: Samurott|0 fnt\n|faint|p1a: Samurott\n|\n|upkeep\n|inactive|testtmptmp2 has 120 seconds left.\n|\n|t:|1699761930\n|switch|p1a: Garganacl|Garganacl, M, shiny|100\/100\n|turn|9\n|\n|t:|1699761937\n|-terastallize|p2a: Gholdengo|Fighting\n|-terastallize|p1a: Garganacl|Water\n|move|p2a: Gholdengo|Nasty Plot|p2a: Gholdengo\n|-boost|p2a: Gholdengo|spa|2\n|move|p1a: Garganacl|Salt Cure|p2a: Gholdengo\n|-resisted|p2a: Gholdengo\n|-damage|p2a: Gholdengo|92\/100\n|-start|p2a: Gholdengo|Salt Cure\n|-enditem|p2a: Gholdengo|Air Balloon\n|\n|-damage|p2a: Gholdengo|80\/100|[from] Salt Cure\n|upkeep\n|turn|10\n|inactive|testtmptmp2 has 120 seconds left.\n|\n|t:|1699761955\n|move|p2a: Gholdengo|Shadow Ball|p1a: Garganacl\n|-damage|p1a: Garganacl|69\/100\n|move|p1a: Garganacl|Stealth Rock|p2a: Gholdengo\n|-sidestart|p2: Official Poyo|move: Stealth Rock\n|\n|-heal|p1a: Garganacl|75\/100|[from] item: Leftovers\n|-damage|p2a: Gholdengo|67\/100|[from] Salt Cure\n|upkeep\n|turn|11\n|\n|t:|1699761963\n|move|p2a: Gholdengo|Focus Blast|p1a: Garganacl\n|-damage|p1a: Garganacl|0 fnt\n|faint|p1a: Garganacl\n|\n|-damage|p2a: Gholdengo|55\/100|[from] Salt Cure\n|upkeep\n|\n|t:|1699761979\n|switch|p1a: Iron Valiant|Iron Valiant|100\/100\n|-enditem|p1a: Iron Valiant|Booster Energy\n|-activate|p1a: Iron Valiant|ability: Quark Drive|[fromitem]\n|-start|p1a: Iron Valiant|quarkdrivespe\n|turn|12\n|\n|t:|1699761987\n|switch|p2a: Clefable|Clefable, F|100\/100\n|move|p1a: Iron Valiant|Moonblast|p2a: Clefable\n|-damage|p2a: Clefable|68\/100\n|\n|-heal|p2a: Clefable|74\/100|[from] item: Leftovers\n|upkeep\n|turn|13\n|\n|t:|1699761998\n|move|p1a: Iron Valiant|Knock Off|p2a: Clefable\n|-resisted|p2a: Clefable\n|-damage|p2a: Clefable|59\/100\n|-enditem|p2a: Clefable|Leftovers|[from] move: Knock Off|[of] p1a: Iron Valiant\n|move|p2a: Clefable|Moonblast|p1a: Iron Valiant\n|-supereffective|p1a: Iron Valiant\n|-damage|p1a: Iron Valiant|0 fnt\n|faint|p1a: Iron Valiant\n|-end|p1a: Iron Valiant|Quark Drive|[silent]\n|\n|upkeep\n|\n|t:|1699762006\n|switch|p1a: Gholdengo|Gholdengo|100\/100\n|-item|p1a: Gholdengo|Air Balloon\n|turn|14\n|\n|t:|1699762012\n|move|p1a: Gholdengo|Shadow Ball|p2a: Clefable\n|-damage|p2a: Clefable|32\/100\n|move|p2a: Clefable|Wish|p2a: Clefable\n|\n|upkeep\n|turn|15\n|inactive|testtmptmp2 has 120 seconds left.\n|\n|t:|1699762023\n|switch|p2a: Moltres|Moltres|51\/100\n|move|p1a: Gholdengo|Shadow Ball|p2a: Moltres\n|-damage|p2a: Moltres|0 fnt\n|faint|p2a: Moltres\n|\n|upkeep\n|\n|t:|1699762033\n|switch|p2a: Gholdengo|Gholdengo, tera:Fighting|55\/100\n|-damage|p2a: Gholdengo|42\/100|[from] Spikes\n|-damage|p2a: Gholdengo|36\/100|[from] Stealth Rock\n|turn|16\n|inactive|testtmptmp2 has 120 seconds left.\n|\n|t:|1699762058\n|switch|p1a: Kingambit|Kingambit, M|100\/100\n|-activate|p1a: Kingambit|ability: Supreme Overlord\n|-start|p1a: Kingambit|fallen3|[silent]\n|move|p2a: Gholdengo|Shadow Ball|p1a: Kingambit\n|-resisted|p1a: Kingambit\n|-crit|p1a: Kingambit\n|-damage|p1a: Kingambit|69\/100\n|-unboost|p1a: Kingambit|spd|1\n|\n|upkeep\n|turn|17\n|inactive|testtmptmp2 has 120 seconds left.\n|\n|t:|1699762068\n|move|p1a: Kingambit|Sucker Punch||[still]\n|-fail|p1a: Kingambit\n|move|p2a: Gholdengo|Recover|p2a: Gholdengo\n|-heal|p2a: Gholdengo|87\/100\n|\n|upkeep\n|turn|18\n|inactive|testtmptmp2 has 120 seconds left.\n|\n|t:|1699762074\n|move|p1a: Kingambit|Sucker Punch|p2a: Gholdengo\n|-resisted|p2a: Gholdengo\n|-damage|p2a: Gholdengo|49\/100\n|move|p2a: Gholdengo|Focus Blast|p1a: Kingambit\n|-supereffective|p1a: Kingambit\n|-damage|p1a: Kingambit|0 fnt\n|faint|p1a: Kingambit\n|-end|p1a: Kingambit|fallen3|[silent]\n|\n|upkeep\n|inactive|testtmptmp2 has 120 seconds left.\n|\n|t:|1699762081\n|switch|p1a: Zapdos|Zapdos|41\/100\n|turn|19\n|\n|t:|1699762088\n|switch|p2a: Gliscor|Gliscor, M|100\/100\n|-damage|p2a: Gliscor|88\/100|[from] Stealth Rock\n|move|p1a: Zapdos|Roost|p1a: Zapdos\n|-heal|p1a: Zapdos|91\/100\n|-singleturn|p1a: Zapdos|move: Roost\n|\n|-status|p2a: Gliscor|tox|[from] item: Toxic Orb\n|upkeep\n|turn|20\n|\n|t:|1699762098\n|switch|p1a: Gholdengo|Gholdengo|100\/100\n|-item|p1a: Gholdengo|Air Balloon\n|move|p2a: Gliscor|Protect||[still]\n|-fail|p2a: Gliscor\n|\n|-heal|p2a: Gliscor|100\/100 tox|[from] ability: Poison Heal\n|upkeep\n|turn|21\n|\n|t:|1699762106\n|move|p1a: Gholdengo|Nasty Plot|p1a: Gholdengo\n|-boost|p1a: Gholdengo|spa|2\n|move|p2a: Gliscor|U-turn|p1a: Gholdengo\n|-resisted|p1a: Gholdengo\n|-damage|p1a: Gholdengo|96\/100\n|-enditem|p1a: Gholdengo|Air Balloon\n|\n|t:|1699762108\n|switch|p2a: Gholdengo|Gholdengo, tera:Fighting|49\/100|[from] U-turn\n|-damage|p2a: Gholdengo|37\/100|[from] Spikes\n|-damage|p2a: Gholdengo|31\/100|[from] Stealth Rock\n|\n|upkeep\n|turn|22\n|\n|t:|1699762116\n|move|p2a: Gholdengo|Shadow Ball|p1a: Gholdengo\n|-supereffective|p1a: Gholdengo\n|-damage|p1a: Gholdengo|0 fnt\n|faint|p1a: Gholdengo\n|\n|upkeep\n|\n|t:|1699762121\n|switch|p1a: Zapdos|Zapdos|91\/100\n|turn|23\n|-message|testtmptmp2 forfeited.\n|\n|win|Official Poyo\n|raw|testtmptmp2's rating: 1419 &rarr; <strong>1405<\/strong><br \/>(-14 for losing)\n|raw|Official Poyo's rating: 1521 &rarr; <strong>1535<\/strong><br \/>(+14 for winning)\n|l|\u2606testtmptmp2\n","uploadtime":1699762128,"views":10,"p1id":"testtmptmp2","p2id":"officialpoyo","formatid":"gen9ou","rating":1405,"private":0,"password":""}