{"id":"gen9ou-1990997940","p1":"madelike","p2":"mataj","format":"[Gen 9] OU","log":"|j|\u2606madelike\n|j|\u2606mataj\n|t:|1700025417\n|gametype|singles\n|player|p1|madelike|pokemaniac|1303\n|player|p2|mataj|hilbert-wonderlauncher|1298\n|teamsize|p1|6\n|teamsize|p2|6\n|gen|9\n|tier|[Gen 9] OU\n|rated|\n|rule|Sleep Clause Mod: Limit one foe put to sleep\n|rule|Species Clause: Limit one of each Pok\u00e9mon\n|rule|OHKO Clause: OHKO moves are banned\n|rule|Evasion Items Clause: Evasion items are banned\n|rule|Evasion Moves Clause: Evasion moves are banned\n|rule|Endless Battle Clause: Forcing endless battles is banned\n|rule|HP Percentage Mod: HP is shown in percentages\n|clearpoke\n|poke|p1|Walking Wake|\n|poke|p1|Maushold-Four|\n|poke|p1|Dragonite, F|\n|poke|p1|Weezing-Galar, M|\n|poke|p1|Great Tusk|\n|poke|p1|Muk-Alola, M|\n|poke|p2|Ogerpon-Wellspring, F|\n|poke|p2|Enamorus, F|\n|poke|p2|Slowking-Galar, F|\n|poke|p2|Samurott-Hisui, F|\n|poke|p2|Kingambit, M|\n|poke|p2|Zapdos|\n|teampreview\n|inactive|Battle timer is ON: inactive players will automatically lose when time's up. (requested by madelike)\n|\n|t:|1700025430\n|start\n|switch|p1a: Walking Wake|Walking Wake|100\/100\n|switch|p2a: Samurott|Samurott-Hisui, F|100\/100\n|turn|1\n|\n|t:|1700025450\n|move|p1a: Walking Wake|Flip Turn|p2a: Samurott\n|-resisted|p2a: Samurott\n|-damage|p2a: Samurott|90\/100\n|\n|t:|1700025460\n|-end|p1a: Walking Wake|Protosynthesis|[silent]\n|switch|p1a: Weezing|Weezing-Galar, M|100\/100|[from] Flip Turn\n|move|p2a: Samurott|Ceaseless Edge|p1a: Weezing\n|-resisted|p1a: Weezing\n|-damage|p1a: Weezing|76\/100\n|-sidestart|p1: madelike|Spikes\n|\n|upkeep\n|turn|2\n|\n|t:|1700025469\n|move|p2a: Samurott|Razor Shell|p1a: Weezing\n|-damage|p1a: Weezing|23\/100\n|-unboost|p1a: Weezing|def|1\n|move|p1a: Weezing|Strange Steam|p2a: Samurott\n|-supereffective|p2a: Samurott\n|-damage|p2a: Samurott|0 fnt\n|faint|p2a: Samurott\n|\n|upkeep\n|\n|t:|1700025481\n|switch|p2a: Ogerpon|Ogerpon-Wellspring, F|100\/100\n|turn|3\n|\n|t:|1700025501\n|move|p2a: Ogerpon|Trailblaze|p1a: Weezing\n|-resisted|p1a: Weezing\n|-damage|p1a: Weezing|1\/100\n|-boost|p2a: Ogerpon|spe|1\n|move|p1a: Weezing|Strange Steam|p2a: Ogerpon\n|-damage|p2a: Ogerpon|29\/100\n|\n|upkeep\n|turn|4\n|\n|t:|1700025515\n|move|p2a: Ogerpon|Power Whip|p1a: Weezing|[miss]\n|-miss|p2a: Ogerpon|p1a: Weezing\n|move|p1a: Weezing|Strange Steam|p2a: Ogerpon\n|-damage|p2a: Ogerpon|0 fnt\n|faint|p2a: Ogerpon\n|\n|upkeep\n|\n|t:|1700025520\n|switch|p2a: Enamorus|Enamorus, F|100\/100\n|turn|5\n|\n|t:|1700025524\n|move|p2a: Enamorus|Agility|p2a: Enamorus\n|-boost|p2a: Enamorus|spe|2\n|move|p1a: Weezing|Strange Steam|p2a: Enamorus\n|-damage|p2a: Enamorus|16\/100\n|\n|upkeep\n|turn|6\n|\n|t:|1700025532\n|move|p2a: Enamorus|Moonblast|p1a: Weezing\n|-resisted|p1a: Weezing\n|-damage|p1a: Weezing|0 fnt\n|faint|p1a: Weezing\n|\n|upkeep\n|\n|t:|1700025534\n|switch|p1a: Dragonite|Dragonite, F|100\/100\n|turn|7\n|\n|t:|1700025536\n|move|p1a: Dragonite|Extreme Speed|p2a: Enamorus\n|-damage|p2a: Enamorus|0 fnt\n|faint|p2a: Enamorus\n|\n|upkeep\n|\n|t:|1700025539\n|switch|p2a: Zapdos|Zapdos|100\/100\n|turn|8\n|\n|t:|1700025546\n|switch|p1a: Muk|Muk-Alola, M|100\/100\n|-damage|p1a: Muk|88\/100|[from] Spikes\n|move|p2a: Zapdos|Volt Switch|p1a: Muk\n|-damage|p1a: Muk|72\/100\n|\n|t:|1700025550\n|switch|p2a: Kingambit|Kingambit, M|100\/100|[from] Volt Switch\n|-activate|p2a: Kingambit|ability: Supreme Overlord\n|-start|p2a: Kingambit|fallen3|[silent]\n|\n|-heal|p1a: Muk|78\/100|[from] item: Black Sludge\n|upkeep\n|turn|9\n|\n|t:|1700025555\n|-terastallize|p2a: Kingambit|Fairy\n|move|p2a: Kingambit|Swords Dance|p2a: Kingambit\n|-boost|p2a: Kingambit|atk|2\n|move|p1a: Muk|Drain Punch|p2a: Kingambit\n|-resisted|p2a: Kingambit\n|-damage|p2a: Kingambit|93\/100\n|-heal|p1a: Muk|82\/100|[from] drain|[of] p2a: Kingambit\n|\n|-heal|p2a: Kingambit|99\/100|[from] item: Leftovers\n|-heal|p1a: Muk|88\/100|[from] item: Black Sludge\n|upkeep\n|turn|10\n|\n|t:|1700025563\n|move|p2a: Kingambit|Kowtow Cleave|p1a: Muk\n|-resisted|p1a: Muk\n|-damage|p1a: Muk|24\/100\n|move|p1a: Muk|Knock Off|p2a: Kingambit\n|-resisted|p2a: Kingambit\n|-damage|p2a: Kingambit|87\/100\n|-status|p2a: Kingambit|psn|[from] ability: Poison Touch|[of] p1a: Muk\n|-enditem|p2a: Kingambit|Leftovers|[from] move: Knock Off|[of] p1a: Muk\n|\n|-heal|p1a: Muk|30\/100|[from] item: Black Sludge\n|-damage|p2a: Kingambit|74\/100 psn|[from] psn\n|upkeep\n|turn|11\n|\n|t:|1700025573\n|move|p1a: Muk|Protect|p1a: Muk\n|-singleturn|p1a: Muk|Protect\n|move|p2a: Kingambit|Kowtow Cleave|p1a: Muk\n|-activate|p1a: Muk|move: Protect\n|\n|-heal|p1a: Muk|36\/100|[from] item: Black Sludge\n|-damage|p2a: Kingambit|62\/100 psn|[from] psn\n|upkeep\n|turn|12\n|\n|t:|1700025578\n|move|p2a: Kingambit|Kowtow Cleave|p1a: Muk\n|-resisted|p1a: Muk\n|-damage|p1a: Muk|0 fnt\n|faint|p1a: Muk\n|\n|-damage|p2a: Kingambit|49\/100 psn|[from] psn\n|upkeep\n|\n|t:|1700025595\n|switch|p1a: Maushold|Maushold-Four|100\/100\n|-damage|p1a: Maushold|88\/100|[from] Spikes\n|turn|13\n|\n|t:|1700025598\n|move|p2a: Kingambit|Sucker Punch|p1a: Maushold\n|-damage|p1a: Maushold|0 fnt\n|faint|p1a: Maushold\n|\n|-damage|p2a: Kingambit|37\/100 psn|[from] psn\n|upkeep\n|\n|t:|1700025604\n|switch|p1a: Great Tusk|Great Tusk|100\/100\n|-damage|p1a: Great Tusk|88\/100|[from] Spikes\n|turn|14\n|\n|t:|1700025610\n|-end|p2a: Kingambit|fallen3|[silent]\n|switch|p2a: Zapdos|Zapdos|100\/100\n|move|p1a: Great Tusk|Stealth Rock|p2a: Zapdos\n|-sidestart|p2: mataj|move: Stealth Rock\n|\n|upkeep\n|turn|15\n|\n|t:|1700025614\n|move|p2a: Zapdos|Hurricane|p1a: Great Tusk|[miss]\n|-miss|p2a: Zapdos|p1a: Great Tusk\n|move|p1a: Great Tusk|Ice Spinner|p2a: Zapdos\n|-supereffective|p2a: Zapdos\n|-damage|p2a: Zapdos|59\/100\n|-status|p1a: Great Tusk|par|[from] ability: Static|[of] p2a: Zapdos\n|\n|upkeep\n|turn|16\n|\n|t:|1700025622\n|move|p2a: Zapdos|Roost|p2a: Zapdos\n|-heal|p2a: Zapdos|100\/100\n|-singleturn|p2a: Zapdos|move: Roost\n|move|p1a: Great Tusk|Ice Spinner|p2a: Zapdos\n|-crit|p2a: Zapdos\n|-damage|p2a: Zapdos|69\/100\n|\n|upkeep\n|turn|17\n|\n|t:|1700025628\n|move|p2a: Zapdos|Hurricane|p1a: Great Tusk|[miss]\n|-miss|p2a: Zapdos|p1a: Great Tusk\n|cant|p1a: Great Tusk|par\n|\n|upkeep\n|turn|18\n|\n|t:|1700025633\n|move|p2a: Zapdos|Hurricane|p1a: Great Tusk|[miss]\n|-miss|p2a: Zapdos|p1a: Great Tusk\n|cant|p1a: Great Tusk|par\n|\n|upkeep\n|turn|19\n|\n|t:|1700025638\n|move|p2a: Zapdos|Hurricane|p1a: Great Tusk\n|-supereffective|p1a: Great Tusk\n|-damage|p1a: Great Tusk|0 fnt\n|faint|p1a: Great Tusk\n|-end|p1a: Great Tusk|Protosynthesis|[silent]\n|\n|upkeep\n|\n|t:|1700025654\n|switch|p1a: Walking Wake|Walking Wake|100\/100\n|-damage|p1a: Walking Wake|88\/100|[from] Spikes\n|turn|20\n|\n|t:|1700025660\n|move|p1a: Walking Wake|Draco Meteor|p2a: Zapdos|[miss]\n|-miss|p1a: Walking Wake|p2a: Zapdos\n|move|p2a: Zapdos|Volt Switch|p1a: Walking Wake\n|-damage|p1a: Walking Wake|54\/100\n|\n|t:|1700025663\n|switch|p2a: Slowking|Slowking-Galar, F|100\/100|[from] Volt Switch\n|\n|upkeep\n|turn|21\n|\n|t:|1700025668\n|move|p1a: Walking Wake|Draco Meteor|p2a: Slowking\n|-damage|p2a: Slowking|45\/100\n|-unboost|p1a: Walking Wake|spa|2\n|move|p2a: Slowking|Sludge Bomb|p1a: Walking Wake\n|-damage|p1a: Walking Wake|15\/100\n|-status|p1a: Walking Wake|psn\n|\n|-damage|p1a: Walking Wake|3\/100 psn|[from] psn\n|upkeep\n|turn|22\n|\n|t:|1700025675\n|move|p1a: Walking Wake|Draco Meteor|p2a: Slowking\n|-damage|p2a: Slowking|20\/100\n|-unboost|p1a: Walking Wake|spa|2\n|move|p2a: Slowking|Sludge Bomb|p1a: Walking Wake\n|-damage|p1a: Walking Wake|0 fnt\n|faint|p1a: Walking Wake\n|-end|p1a: Walking Wake|Protosynthesis|[silent]\n|\n|upkeep\n|\n|t:|1700025679\n|switch|p1a: Dragonite|Dragonite, F|100\/100\n|turn|23\n|\n|t:|1700025681\n|-terastallize|p1a: Dragonite|Normal\n|move|p1a: Dragonite|Extreme Speed|p2a: Slowking\n|-damage|p2a: Slowking|0 fnt\n|faint|p2a: Slowking\n|\n|upkeep\n|\n|t:|1700025684\n|switch|p2a: Zapdos|Zapdos|69\/100\n|turn|24\n|\n|t:|1700025691\n|move|p1a: Dragonite|Extreme Speed|p2a: Zapdos\n|-damage|p2a: Zapdos|6\/100\n|move|p2a: Zapdos|Volt Switch|p1a: Dragonite\n|-damage|p1a: Dragonite|87\/100\n|\n|t:|1700025694\n|switch|p2a: Kingambit|Kingambit, M, tera:Fairy|37\/100 psn|[from] Volt Switch\n|-damage|p2a: Kingambit|24\/100 psn|[from] Stealth Rock\n|-activate|p2a: Kingambit|ability: Supreme Overlord\n|-start|p2a: Kingambit|fallen4|[silent]\n|\n|-damage|p2a: Kingambit|12\/100 psn|[from] psn\n|upkeep\n|turn|25\n|\n|t:|1700025699\n|move|p1a: Dragonite|Extreme Speed|p2a: Kingambit\n|-damage|p2a: Kingambit|0 fnt\n|faint|p2a: Kingambit\n|-end|p2a: Kingambit|fallen4|[silent]\n|\n|upkeep\n|\n|t:|1700025701\n|switch|p2a: Zapdos|Zapdos|6\/100\n|turn|26\n|\n|t:|1700025705\n|move|p1a: Dragonite|Extreme Speed|p2a: Zapdos\n|-damage|p2a: Zapdos|0 fnt\n|-status|p1a: Dragonite|par|[from] ability: Static|[of] p2a: Zapdos\n|faint|p2a: Zapdos\n|\n|win|madelike\n|raw|madelike's rating: 1303 &rarr; <strong>1323<\/strong><br \/>(+20 for winning)\n|raw|mataj's rating: 1298 &rarr; <strong>1273<\/strong><br \/>(-25 for losing)\n|l|\u2606mataj\n","uploadtime":1700025733,"views":16,"p1id":"madelike","p2id":"mataj","formatid":"gen9ou","rating":1273,"private":0,"password":""}