{"id":"gen9ou-1989149779","p1":"Ravorex","p2":"AlexDaDuck","format":"[Gen 9] OU","log":"|j|\u2606Ravorex\n|j|\u2606AlexDaDuck\n|t:|1699817524\n|gametype|singles\n|player|p1|Ravorex|1|1413\n|player|p2|AlexDaDuck|169|1443\n|teamsize|p1|6\n|teamsize|p2|6\n|gen|9\n|tier|[Gen 9] OU\n|rated|\n|rule|Sleep Clause Mod: Limit one foe put to sleep\n|rule|Species Clause: Limit one of each Pok\u00e9mon\n|rule|OHKO Clause: OHKO moves are banned\n|rule|Evasion Items Clause: Evasion items are banned\n|rule|Evasion Moves Clause: Evasion moves are banned\n|rule|Endless Battle Clause: Forcing endless battles is banned\n|rule|HP Percentage Mod: HP is shown in percentages\n|clearpoke\n|poke|p1|Ribombee, F|\n|poke|p1|Empoleon, M|\n|poke|p1|Gholdengo|\n|poke|p1|Great Tusk|\n|poke|p1|Greninja-*, M|\n|poke|p1|Iron Moth|\n|poke|p2|Ninetales-Alola, F|\n|poke|p2|Kommo-o, M|\n|poke|p2|Sneasler, F|\n|poke|p2|Samurott-Hisui, F|\n|poke|p2|Ogerpon-Cornerstone, F|\n|poke|p2|Espeon, M|\n|teampreview\n|inactive|Battle timer is ON: inactive players will automatically lose when time's up. (requested by Ravorex)\n|\n|t:|1699817532\n|start\n|switch|p1a: mazon Lily|Ribombee, F|100\/100\n|switch|p2a: Espeon|Espeon, M|100\/100\n|turn|1\n|\n|t:|1699817538\n|switch|p1a: Baratie|Empoleon, M|100\/100\n|move|p2a: Espeon|Psychic|p1a: Baratie\n|-resisted|p1a: Baratie\n|-damage|p1a: Baratie|85\/100\n|\n|-heal|p1a: Baratie|91\/100|[from] item: Leftovers\n|upkeep\n|turn|2\n|\n|t:|1699817544\n|move|p2a: Espeon|Future Sight|p1a: Baratie\n|-start|p2a: Espeon|move: Future Sight\n|move|p1a: Baratie|Flip Turn|p2a: Espeon\n|-damage|p2a: Espeon|67\/100\n|-enditem|p2a: Espeon|Eject Button\n|\n|t:|1699817550\n|switch|p2a: Sneasler|Sneasler, F|100\/100\n|-item|p2a: Sneasler|Air Balloon\n|\n|-heal|p1a: Baratie|98\/100|[from] item: Leftovers\n|upkeep\n|turn|3\n|\n|t:|1699817569\n|switch|p2a: Samurott|Samurott-Hisui, F|100\/100\n|switch|p1a: Thriller Bark|Great Tusk|100\/100\n|\n|upkeep\n|turn|4\n|\n|t:|1699817578\n|-terastallize|p1a: Thriller Bark|Dragon\n|move|p2a: Samurott|Flip Turn|p1a: Thriller Bark\n|-resisted|p1a: Thriller Bark\n|-damage|p1a: Thriller Bark|91\/100\n|\n|t:|1699817588\n|switch|p2a: Ninetales|Ninetales-Alola, F|100\/100|[from] Flip Turn\n|-weather|Snow|[from] ability: Snow Warning|[of] p2a: Ninetales\n|move|p1a: Thriller Bark|Headlong Rush|p2a: Ninetales\n|-damage|p2a: Ninetales|43\/100\n|-unboost|p1a: Thriller Bark|def|1\n|-unboost|p1a: Thriller Bark|spd|1\n|\n|-weather|Snow|[upkeep]\n|-end|p1a: Thriller Bark|move: Future Sight\n|-damage|p1a: Thriller Bark|0 fnt\n|faint|p1a: Thriller Bark\n|-end|p1a: Thriller Bark|Protosynthesis|[silent]\n|upkeep\n|\n|t:|1699817605\n|switch|p1a: mazon Lily|Ribombee, F|100\/100\n|turn|5\n|\n|t:|1699817608\n|move|p1a: mazon Lily|Moonblast|p2a: Ninetales\n|-damage|p2a: Ninetales|0 fnt\n|faint|p2a: Ninetales\n|\n|-weather|Snow|[upkeep]\n|upkeep\n|\n|t:|1699817613\n|switch|p2a: Espeon|Espeon, M|67\/100\n|turn|6\n|\n|t:|1699817617\n|move|p1a: mazon Lily|Moonblast|p2a: Espeon\n|-damage|p2a: Espeon|13\/100\n|move|p2a: Espeon|Psychic|p1a: mazon Lily\n|-damage|p1a: mazon Lily|14\/100\n|\n|-weather|Snow|[upkeep]\n|upkeep\n|turn|7\n|\n|t:|1699817623\n|move|p1a: mazon Lily|Moonblast|p2a: Espeon\n|-damage|p2a: Espeon|0 fnt\n|faint|p2a: Espeon\n|\n|-weather|Snow|[upkeep]\n|upkeep\n|\n|t:|1699817624\n|switch|p2a: Samurott|Samurott-Hisui, F|100\/100\n|turn|8\n|\n|t:|1699817628\n|switch|p1a: Baratie|Empoleon, M|98\/100\n|move|p2a: Samurott|Flip Turn|p1a: Baratie\n|-resisted|p1a: Baratie\n|-damage|p1a: Baratie|83\/100\n|\n|t:|1699817639\n|switch|p2a: Sneasler|Sneasler, F|100\/100|[from] Flip Turn\n|-item|p2a: Sneasler|Air Balloon\n|\n|-weather|none\n|-heal|p1a: Baratie|89\/100|[from] item: Leftovers\n|upkeep\n|turn|9\n|\n|t:|1699817647\n|move|p2a: Sneasler|Swords Dance|p2a: Sneasler\n|-boost|p2a: Sneasler|atk|2\n|move|p1a: Baratie|Roar|p2a: Sneasler\n|drag|p2a: Kommo-o|Kommo-o, M|100\/100\n|\n|-heal|p1a: Baratie|95\/100|[from] item: Leftovers\n|upkeep\n|turn|10\n|\n|t:|1699817658\n|move|p2a: Kommo-o|Clangorous Soul|p2a: Kommo-o\n|-boost|p2a: Kommo-o|atk|1\n|-boost|p2a: Kommo-o|def|1\n|-boost|p2a: Kommo-o|spa|1\n|-boost|p2a: Kommo-o|spd|1\n|-boost|p2a: Kommo-o|spe|1\n|-damage|p2a: Kommo-o|68\/100\n|move|p1a: Baratie|Flip Turn|p2a: Kommo-o\n|-resisted|p2a: Kommo-o\n|-damage|p2a: Kommo-o|63\/100\n|\n|t:|1699817664\n|switch|p1a: Egghead|Iron Moth|100\/100|[from] Flip Turn\n|-enditem|p1a: Egghead|Booster Energy\n|-activate|p1a: Egghead|ability: Quark Drive|[fromitem]\n|-start|p1a: Egghead|quarkdrivespe\n|\n|upkeep\n|turn|11\n|\n|t:|1699817670\n|-terastallize|p2a: Kommo-o|Fire\n|move|p1a: Egghead|Dazzling Gleam|p2a: Kommo-o\n|-resisted|p2a: Kommo-o\n|-damage|p2a: Kommo-o|52\/100\n|move|p2a: Kommo-o|Earthquake|p1a: Egghead\n|-supereffective|p1a: Egghead\n|-damage|p1a: Egghead|0 fnt\n|faint|p1a: Egghead\n|-end|p1a: Egghead|Quark Drive|[silent]\n|\n|upkeep\n|\n|t:|1699817676\n|switch|p1a: Sabaody|Greninja, M|100\/100\n|turn|12\n|\n|t:|1699817680\n|move|p2a: Kommo-o|Drain Punch|p1a: Sabaody\n|-supereffective|p1a: Sabaody\n|-damage|p1a: Sabaody|0 fnt\n|-heal|p2a: Kommo-o|100\/100|[from] drain|[of] p1a: Sabaody\n|faint|p1a: Sabaody\n|\n|upkeep\n|-message|Ravorex forfeited.\n|\n|win|AlexDaDuck\n|raw|Ravorex's rating: 1413 &rarr; <strong>1395<\/strong><br \/>(-18 for losing)\n|raw|AlexDaDuck's rating: 1443 &rarr; <strong>1461<\/strong><br \/>(+18 for winning)\n|l|\u2606Ravorex\n","uploadtime":1699817687,"views":16,"p1id":"ravorex","p2id":"alexdaduck","formatid":"gen9ou","rating":1395,"private":0,"password":""}