{"id":"gen9ou-1989043553","p1":"Cuh 420","p2":"Samklesss","format":"[Gen 9] OU","log":"|j|\u2606Cuh 420\n|j|\u2606Samklesss\n|t:|1699805835\n|gametype|singles\n|player|p1|Cuh 420|linebacker|1000\n|player|p2|Samklesss|red|1037\n|teamsize|p1|3\n|teamsize|p2|6\n|gen|9\n|tier|[Gen 9] OU\n|rated|\n|rule|Sleep Clause Mod: Limit one foe put to sleep\n|rule|Species Clause: Limit one of each Pok\u00e9mon\n|rule|OHKO Clause: OHKO moves are banned\n|rule|Evasion Items Clause: Evasion items are banned\n|rule|Evasion Moves Clause: Evasion moves are banned\n|rule|Endless Battle Clause: Forcing endless battles is banned\n|rule|HP Percentage Mod: HP is shown in percentages\n|clearpoke\n|poke|p1|Manaphy|\n|poke|p1|Azelf|\n|poke|p1|Ribombee, F|\n|poke|p2|Zamazenta-*|\n|poke|p2|Cinderace, M|\n|poke|p2|Sneasler, M|\n|poke|p2|Manaphy|\n|poke|p2|Landorus-Therian, M|\n|poke|p2|Gholdengo|\n|teampreview\n|inactive|Battle timer is ON: inactive players will automatically lose when time's up. (requested by Samklesss)\n|\n|t:|1699805846\n|start\n|switch|p1a: Azelf|Azelf|100\/100\n|switch|p2a: Gholdengo|Gholdengo|100\/100\n|turn|1\n|\n|t:|1699805853\n|move|p1a: Azelf|Taunt|p2a: Gholdengo\n|-immune|p2a: Gholdengo|[from] ability: Good as Gold\n|move|p2a: Gholdengo|Shadow Ball|p1a: Azelf\n|-supereffective|p1a: Azelf\n|-enditem|p1a: Azelf|Focus Sash\n|-damage|p1a: Azelf|1\/100\n|-unboost|p1a: Azelf|spd|1\n|\n|upkeep\n|turn|2\n|\n|t:|1699805863\n|move|p1a: Azelf|Light Screen|p1a: Azelf\n|-sidestart|p1: Cuh 420|move: Light Screen\n|move|p2a: Gholdengo|Shadow Ball|p1a: Azelf\n|-supereffective|p1a: Azelf\n|-damage|p1a: Azelf|0 fnt\n|faint|p1a: Azelf\n|\n|upkeep\n|\n|t:|1699805871\n|switch|p1a: Manaphy|Manaphy|100\/100\n|turn|3\n|\n|t:|1699805876\n|switch|p2a: Sneasler|Sneasler, M|100\/100\n|move|p1a: Manaphy|Tail Glow|p1a: Manaphy\n|-boost|p1a: Manaphy|spa|3\n|\n|upkeep\n|turn|4\n|\n|t:|1699805882\n|move|p2a: Sneasler|Fake Out|p1a: Manaphy\n|-damage|p1a: Manaphy|85\/100\n|cant|p1a: Manaphy|flinch\n|\n|-heal|p1a: Manaphy|91\/100|[from] item: Leftovers\n|upkeep\n|turn|5\n|\n|t:|1699805888\n|move|p2a: Sneasler|Dire Claw|p1a: Manaphy\n|-damage|p1a: Manaphy|50\/100\n|-status|p1a: Manaphy|par\n|move|p1a: Manaphy|Tail Glow|p1a: Manaphy\n|-boost|p1a: Manaphy|spa|3\n|\n|-heal|p1a: Manaphy|56\/100 par|[from] item: Leftovers\n|upkeep\n|turn|6\n|\n|t:|1699805896\n|move|p2a: Sneasler|Dire Claw|p1a: Manaphy\n|-damage|p1a: Manaphy|16\/100 par\n|move|p1a: Manaphy|Ice Beam|p2a: Sneasler\n|-damage|p2a: Sneasler|0 fnt\n|faint|p2a: Sneasler\n|\n|-heal|p1a: Manaphy|22\/100 par|[from] item: Leftovers\n|-sideend|p1: Cuh 420|move: Light Screen\n|upkeep\n|\n|t:|1699805906\n|switch|p2a: Manaphy|Manaphy|100\/100\n|turn|7\n|\n|t:|1699805910\n|move|p2a: Manaphy|Energy Ball|p1a: Manaphy\n|-supereffective|p1a: Manaphy\n|-damage|p1a: Manaphy|0 fnt\n|faint|p1a: Manaphy\n|\n|upkeep\n|\n|t:|1699805912\n|switch|p1a: Ribombee|Ribombee, F|100\/100\n|turn|8\n|\n|t:|1699805917\n|move|p1a: Ribombee|Substitute|p1a: Ribombee\n|-start|p1a: Ribombee|Substitute\n|-damage|p1a: Ribombee|76\/100\n|move|p2a: Manaphy|Ice Beam|p1a: Ribombee\n|-end|p1a: Ribombee|Substitute\n|\n|-heal|p1a: Ribombee|82\/100|[from] item: Leftovers\n|upkeep\n|turn|9\n|\n|t:|1699805925\n|move|p1a: Ribombee|Bug Buzz|p2a: Manaphy\n|-damage|p2a: Manaphy|65\/100\n|move|p2a: Manaphy|Surf|p1a: Ribombee\n|-damage|p1a: Ribombee|4\/100\n|\n|-heal|p1a: Ribombee|10\/100|[from] item: Leftovers\n|upkeep\n|turn|10\n|\n|t:|1699805930\n|move|p1a: Ribombee|Quiver Dance|p1a: Ribombee\n|-boost|p1a: Ribombee|spa|1\n|-boost|p1a: Ribombee|spd|1\n|-boost|p1a: Ribombee|spe|1\n|move|p2a: Manaphy|Surf|p1a: Ribombee\n|-damage|p1a: Ribombee|0 fnt\n|faint|p1a: Ribombee\n|\n|win|Samklesss\n|raw|Cuh 420's rating: 1000 &rarr; <strong>1000<\/strong><br \/>(+0 for losing)\n|raw|Samklesss's rating: 1037 &rarr; <strong>1068<\/strong><br \/>(+31 for winning)\n","uploadtime":1699805933,"views":10,"p1id":"cuh420","p2id":"samklesss","formatid":"gen9ou","rating":1000,"private":0,"password":""}