{"id":"gen9ou-1995385646","p1":"SS JayDee","p2":"Jacopino08","format":"[Gen 9] OU","log":"|j|\u2606SS JayDee\n|j|\u2606Jacopino08\n|t:|1700563641\n|gametype|singles\n|player|p1|SS JayDee|hoopster|1157\n|player|p2|Jacopino08|blue|1147\n|teamsize|p1|6\n|teamsize|p2|6\n|gen|9\n|tier|[Gen 9] OU\n|rated|\n|rule|Sleep Clause Mod: Limit one foe put to sleep\n|rule|Species Clause: Limit one of each Pok\u00e9mon\n|rule|OHKO Clause: OHKO moves are banned\n|rule|Evasion Items Clause: Evasion items are banned\n|rule|Evasion Moves Clause: Evasion moves are banned\n|rule|Endless Battle Clause: Forcing endless battles is banned\n|rule|HP Percentage Mod: HP is shown in percentages\n|clearpoke\n|poke|p1|Heatran, F|\n|poke|p1|Ribombee, F|\n|poke|p1|Samurott-Hisui, M|\n|poke|p1|Iron Valiant|\n|poke|p1|Ogerpon-Cornerstone, F|\n|poke|p1|Hatterene, F|\n|poke|p2|Cinderace, M|\n|poke|p2|Torterra, M|\n|poke|p2|Dondozo, M|\n|poke|p2|Blissey, F|\n|poke|p2|Dragonite, F|\n|poke|p2|Hatterene, F|\n|teampreview\n|\n|t:|1700563648\n|start\n|switch|p1a: Iron Valiant|Iron Valiant|100\/100\n|switch|p2a: Cinderace|Cinderace, M|100\/100\n|turn|1\n|\n|t:|1700563657\n|move|p2a: Cinderace|U-turn|p1a: Iron Valiant\n|-start|p2a: Cinderace|typechange|Bug|[from] ability: Libero\n|-resisted|p1a: Iron Valiant\n|-damage|p1a: Iron Valiant|90\/100\n|\n|t:|1700563667\n|switch|p2a: Dondozo|Dondozo, M|100\/100|[from] U-turn\n|move|p1a: Iron Valiant|Moonblast|p2a: Dondozo\n|-damage|p2a: Dondozo|32\/100\n|\n|-heal|p2a: Dondozo|38\/100|[from] item: Leftovers\n|upkeep\n|turn|2\n|inactive|Battle timer is ON: inactive players will automatically lose when time's up. (requested by SS JayDee)\n|\n|t:|1700563675\n|switch|p2a: Cinderace|Cinderace, M|100\/100\n|move|p1a: Iron Valiant|Moonblast|p2a: Cinderace\n|-resisted|p2a: Cinderace\n|-damage|p2a: Cinderace|52\/100\n|\n|upkeep\n|turn|3\n|\n|t:|1700563681\n|move|p2a: Cinderace|Pyro Ball|p1a: Iron Valiant\n|-damage|p1a: Iron Valiant|11\/100\n|move|p1a: Iron Valiant|Moonblast|p2a: Cinderace\n|-resisted|p2a: Cinderace\n|-damage|p2a: Cinderace|3\/100\n|\n|upkeep\n|turn|4\n|\n|t:|1700563688\n|move|p2a: Cinderace|U-turn|p1a: Iron Valiant\n|-start|p2a: Cinderace|typechange|Bug|[from] ability: Libero\n|-resisted|p1a: Iron Valiant\n|-damage|p1a: Iron Valiant|0 fnt\n|faint|p1a: Iron Valiant\n|-end|p1a: Iron Valiant|Quark Drive|[silent]\n|\n|t:|1700563697\n|switch|p2a: Blissey|Blissey, F|100\/100|[from] U-turn\n|\n|upkeep\n|\n|t:|1700563701\n|switch|p1a: Ribombee|Ribombee, F|100\/100\n|turn|5\n|\n|t:|1700563704\n|move|p1a: Ribombee|Sticky Web|p2a: Blissey\n|-sidestart|p2: Jacopino08|move: Sticky Web\n|move|p2a: Blissey|Stealth Rock|p1a: Ribombee\n|-sidestart|p1: SS JayDee|move: Stealth Rock\n|\n|upkeep\n|turn|6\n|\n|t:|1700563711\n|move|p1a: Ribombee|Stun Spore|p2a: Blissey\n|-status|p2a: Blissey|par\n|move|p2a: Blissey|Seismic Toss|p1a: Ribombee\n|-damage|p1a: Ribombee|62\/100\n|\n|upkeep\n|turn|7\n|\n|t:|1700563715\n|move|p1a: Ribombee|Moonblast|p2a: Blissey\n|-damage|p2a: Blissey|88\/100 par\n|move|p2a: Blissey|Seismic Toss|p1a: Ribombee\n|-damage|p1a: Ribombee|24\/100\n|\n|upkeep\n|turn|8\n|\n|t:|1700563719\n|move|p1a: Ribombee|Moonblast|p2a: Blissey\n|-damage|p2a: Blissey|76\/100 par\n|-unboost|p2a: Blissey|spa|1\n|move|p2a: Blissey|Seismic Toss|p1a: Ribombee\n|-damage|p1a: Ribombee|0 fnt\n|faint|p1a: Ribombee\n|\n|upkeep\n|\n|t:|1700563727\n|switch|p1a: Heatran|Heatran, F|100\/100\n|-damage|p1a: Heatran|88\/100|[from] Stealth Rock\n|turn|9\n|\n|t:|1700563729\n|move|p1a: Heatran|Stealth Rock|p2a: Blissey\n|-sidestart|p2: Jacopino08|move: Stealth Rock\n|move|p2a: Blissey|Soft-Boiled|p2a: Blissey\n|-heal|p2a: Blissey|100\/100 par\n|\n|-heal|p1a: Heatran|94\/100|[from] item: Leftovers\n|upkeep\n|turn|10\n|\n|t:|1700563734\n|move|p1a: Heatran|Magma Storm|p2a: Blissey\n|-damage|p2a: Blissey|87\/100 par\n|-activate|p2a: Blissey|move: Magma Storm|[of] p1a: Heatran\n|move|p2a: Blissey|Seismic Toss|p1a: Heatran\n|-damage|p1a: Heatran|68\/100\n|\n|-heal|p1a: Heatran|75\/100|[from] item: Leftovers\n|-damage|p2a: Blissey|75\/100 par|[from] move: Magma Storm|[partiallytrapped]\n|upkeep\n|turn|11\n|\n|t:|1700563739\n|move|p1a: Heatran|Flash Cannon|p2a: Blissey\n|-damage|p2a: Blissey|64\/100 par\n|cant|p2a: Blissey|par\n|\n|-heal|p1a: Heatran|81\/100|[from] item: Leftovers\n|-damage|p2a: Blissey|51\/100 par|[from] move: Magma Storm|[partiallytrapped]\n|upkeep\n|turn|12\n|\n|t:|1700563746\n|move|p1a: Heatran|Flash Cannon|p2a: Blissey\n|-crit|p2a: Blissey\n|-damage|p2a: Blissey|35\/100 par\n|move|p2a: Blissey|Seismic Toss|p1a: Heatran\n|-damage|p1a: Heatran|55\/100\n|\n|-heal|p1a: Heatran|61\/100|[from] item: Leftovers\n|-damage|p2a: Blissey|22\/100 par|[from] move: Magma Storm|[partiallytrapped]\n|upkeep\n|turn|13\n|\n|t:|1700563749\n|move|p1a: Heatran|Flash Cannon|p2a: Blissey\n|-damage|p2a: Blissey|12\/100 par\n|move|p2a: Blissey|Soft-Boiled|p2a: Blissey\n|-heal|p2a: Blissey|62\/100 par\n|\n|-heal|p1a: Heatran|67\/100|[from] item: Leftovers\n|-damage|p2a: Blissey|49\/100 par|[from] move: Magma Storm|[partiallytrapped]\n|upkeep\n|turn|14\n|\n|t:|1700563752\n|move|p1a: Heatran|Flash Cannon|p2a: Blissey\n|-damage|p2a: Blissey|38\/100 par\n|move|p2a: Blissey|Soft-Boiled|p2a: Blissey\n|-heal|p2a: Blissey|88\/100 par\n|\n|-heal|p1a: Heatran|74\/100|[from] item: Leftovers\n|-damage|p2a: Blissey|76\/100 par|[from] move: Magma Storm|[partiallytrapped]\n|upkeep\n|turn|15\n|\n|t:|1700563756\n|move|p1a: Heatran|Flash Cannon|p2a: Blissey\n|-damage|p2a: Blissey|65\/100 par\n|move|p2a: Blissey|Heal Bell|p2a: Blissey\n|-activate|p2a: Blissey|move: Heal Bell\n|-curestatus|p2a: Blissey|par|[msg]\n|\n|-heal|p1a: Heatran|80\/100|[from] item: Leftovers\n|-end|p2a: Blissey|Magma Storm|[partiallytrapped]\n|upkeep\n|turn|16\n|\n|t:|1700563763\n|move|p1a: Heatran|Magma Storm|p2a: Blissey|[miss]\n|-miss|p1a: Heatran|p2a: Blissey\n|move|p2a: Blissey|Seismic Toss|p1a: Heatran\n|-damage|p1a: Heatran|54\/100\n|\n|-heal|p1a: Heatran|60\/100|[from] item: Leftovers\n|upkeep\n|turn|17\n|\n|t:|1700563765\n|move|p1a: Heatran|Magma Storm|p2a: Blissey\n|-damage|p2a: Blissey|51\/100\n|-activate|p2a: Blissey|move: Magma Storm|[of] p1a: Heatran\n|move|p2a: Blissey|Seismic Toss|p1a: Heatran\n|-damage|p1a: Heatran|34\/100\n|\n|-heal|p1a: Heatran|40\/100|[from] item: Leftovers\n|-damage|p2a: Blissey|39\/100|[from] move: Magma Storm|[partiallytrapped]\n|upkeep\n|turn|18\n|\n|t:|1700563770\n|move|p1a: Heatran|Flash Cannon|p2a: Blissey\n|-damage|p2a: Blissey|28\/100\n|move|p2a: Blissey|Seismic Toss|p1a: Heatran\n|-damage|p1a: Heatran|14\/100\n|\n|-heal|p1a: Heatran|21\/100|[from] item: Leftovers\n|-damage|p2a: Blissey|16\/100|[from] move: Magma Storm|[partiallytrapped]\n|upkeep\n|turn|19\n|\n|t:|1700563772\n|move|p1a: Heatran|Flash Cannon|p2a: Blissey\n|-damage|p2a: Blissey|6\/100\n|move|p2a: Blissey|Seismic Toss|p1a: Heatran\n|-damage|p1a: Heatran|0 fnt\n|faint|p1a: Heatran\n|\n|-end|p2a: Blissey|Magma Storm|[partiallytrapped]|[silent]\n|upkeep\n|\n|t:|1700563776\n|switch|p1a: Samurott|Samurott-Hisui, M|100\/100\n|-damage|p1a: Samurott|88\/100|[from] Stealth Rock\n|turn|20\n|\n|t:|1700563779\n|move|p1a: Samurott|Ceaseless Edge|p2a: Blissey|[miss]\n|-miss|p1a: Samurott|p2a: Blissey\n|move|p2a: Blissey|Soft-Boiled|p2a: Blissey\n|-heal|p2a: Blissey|56\/100\n|\n|upkeep\n|turn|21\n|\n|t:|1700563781\n|move|p1a: Samurott|Ceaseless Edge|p2a: Blissey\n|-damage|p2a: Blissey|14\/100\n|-sidestart|p2: Jacopino08|Spikes\n|move|p2a: Blissey|Soft-Boiled|p2a: Blissey\n|-heal|p2a: Blissey|64\/100\n|\n|upkeep\n|turn|22\n|\n|t:|1700563784\n|move|p1a: Samurott|Ceaseless Edge|p2a: Blissey\n|-damage|p2a: Blissey|16\/100\n|-sidestart|p2: Jacopino08|Spikes\n|move|p2a: Blissey|Seismic Toss|p1a: Samurott\n|-damage|p1a: Samurott|57\/100\n|\n|upkeep\n|turn|23\n|\n|t:|1700563787\n|move|p1a: Samurott|Ceaseless Edge|p2a: Blissey|[miss]\n|-miss|p1a: Samurott|p2a: Blissey\n|move|p2a: Blissey|Soft-Boiled|p2a: Blissey\n|-heal|p2a: Blissey|66\/100\n|\n|upkeep\n|turn|24\n|\n|t:|1700563789\n|move|p1a: Samurott|Ceaseless Edge|p2a: Blissey\n|-damage|p2a: Blissey|17\/100\n|-sidestart|p2: Jacopino08|Spikes\n|move|p2a: Blissey|Soft-Boiled|p2a: Blissey\n|-heal|p2a: Blissey|67\/100\n|\n|upkeep\n|turn|25\n|\n|t:|1700563792\n|move|p1a: Samurott|Ceaseless Edge|p2a: Blissey\n|-damage|p2a: Blissey|25\/100\n|move|p2a: Blissey|Soft-Boiled|p2a: Blissey\n|-heal|p2a: Blissey|75\/100\n|\n|upkeep\n|turn|26\n|\n|t:|1700563794\n|move|p1a: Samurott|Ceaseless Edge|p2a: Blissey\n|-damage|p2a: Blissey|32\/100\n|move|p2a: Blissey|Seismic Toss|p1a: Samurott\n|-damage|p1a: Samurott|26\/100\n|\n|upkeep\n|turn|27\n|\n|t:|1700563797\n|move|p1a: Samurott|Ceaseless Edge|p2a: Blissey\n|-damage|p2a: Blissey|0 fnt\n|faint|p2a: Blissey\n|\n|upkeep\n|\n|t:|1700563802\n|switch|p2a: Dragonite|Dragonite, F|100\/100\n|turn|28\n|\n|t:|1700563808\n|-terastallize|p2a: Dragonite|Normal\n|move|p1a: Samurott|Ceaseless Edge|p2a: Dragonite\n|-damage|p2a: Dragonite|74\/100\n|move|p2a: Dragonite|Dragon Dance|p2a: Dragonite\n|-boost|p2a: Dragonite|atk|1\n|-boost|p2a: Dragonite|spe|1\n|\n|upkeep\n|turn|29\n|\n|t:|1700563824\n|move|p1a: Samurott|Ceaseless Edge|p2a: Dragonite\n|-damage|p2a: Dragonite|21\/100\n|move|p2a: Dragonite|Dragon Dance|p2a: Dragonite\n|-boost|p2a: Dragonite|atk|1\n|-boost|p2a: Dragonite|spe|1\n|\n|upkeep\n|turn|30\n|\n|t:|1700563827\n|move|p2a: Dragonite|Extreme Speed|p1a: Samurott\n|-damage|p1a: Samurott|0 fnt\n|faint|p1a: Samurott\n|\n|upkeep\n|\n|t:|1700563831\n|switch|p1a: Hatterene|Hatterene, F|100\/100\n|-damage|p1a: Hatterene|88\/100|[from] Stealth Rock\n|turn|31\n|\n|t:|1700563835\n|move|p2a: Dragonite|Extreme Speed|p1a: Hatterene\n|-damage|p1a: Hatterene|11\/100\n|move|p1a: Hatterene|Draining Kiss|p2a: Dragonite\n|-damage|p2a: Dragonite|0 fnt\n|-heal|p1a: Hatterene|26\/100|[from] drain|[of] p2a: Dragonite\n|faint|p2a: Dragonite\n|\n|-heal|p1a: Hatterene|32\/100|[from] item: Leftovers\n|upkeep\n|\n|t:|1700563841\n|switch|p2a: Cinderace|Cinderace, M|3\/100\n|turn|32\n|\n|t:|1700563844\n|move|p2a: Cinderace|Pyro Ball|p1a: Hatterene\n|-damage|p1a: Hatterene|0 fnt\n|faint|p1a: Hatterene\n|\n|upkeep\n|\n|t:|1700563846\n|switch|p1a: Ogerpon|Ogerpon-Cornerstone, F|100\/100\n|-damage|p1a: Ogerpon|88\/100|[from] Stealth Rock\n|turn|33\n|\n|t:|1700563853\n|-terastallize|p1a: Ogerpon|Rock\n|detailschange|p1a: Ogerpon|Ogerpon-Cornerstone-Tera, F, tera:Rock\n|-ability|p1a: Ogerpon|Embody Aspect (Cornerstone)|boost\n|-boost|p1a: Ogerpon|def|1\n|move|p2a: Cinderace|U-turn|p1a: Ogerpon\n|-start|p2a: Cinderace|typechange|Bug|[from] ability: Libero\n|-damage|p1a: Ogerpon|58\/100\n|\n|t:|1700563862\n|switch|p2a: Dondozo|Dondozo, M|38\/100|[from] U-turn\n|-activate|p2a: Dondozo|move: Sticky Web\n|-unboost|p2a: Dondozo|spe|1\n|-damage|p2a: Dondozo|25\/100|[from] Stealth Rock\n|-damage|p2a: Dondozo|0 fnt|[from] Spikes\n|faint|p2a: Dondozo\n|move|p1a: Ogerpon|Swords Dance|p1a: Ogerpon\n|-boost|p1a: Ogerpon|atk|2\n|\n|upkeep\n|\n|t:|1700563866\n|switch|p2a: Torterra|Torterra, M|100\/100\n|-activate|p2a: Torterra|move: Sticky Web\n|-unboost|p2a: Torterra|spe|1\n|-damage|p2a: Torterra|94\/100|[from] Stealth Rock\n|-damage|p2a: Torterra|70\/100|[from] Spikes\n|turn|34\n|\n|t:|1700563874\n|move|p1a: Ogerpon|Ivy Cudgel|p2a: Torterra|[anim] Ivy Cudgel Rock\n|-resisted|p2a: Torterra\n|-damage|p2a: Torterra|0 fnt\n|faint|p2a: Torterra\n|\n|upkeep\n|\n|t:|1700563880\n|switch|p2a: Hatterene|Hatterene, F|100\/100\n|-activate|p2a: Hatterene|move: Sticky Web\n|-unboost|p2a: Hatterene|spe|1\n|-damage|p2a: Hatterene|88\/100|[from] Stealth Rock\n|-damage|p2a: Hatterene|63\/100|[from] Spikes\n|turn|35\n|\n|t:|1700563884\n|move|p1a: Ogerpon|Horn Leech|p2a: Hatterene\n|-damage|p2a: Hatterene|0 fnt\n|-heal|p1a: Ogerpon|91\/100|[from] drain|[of] p2a: Hatterene\n|faint|p2a: Hatterene\n|\n|upkeep\n|\n|t:|1700563887\n|switch|p2a: Cinderace|Cinderace, M|3\/100\n|turn|36\n|-message|Jacopino08 forfeited.\n|\n|win|SS JayDee\n|raw|SS JayDee's rating: 1157 &rarr; <strong>1181<\/strong><br \/>(+24 for winning)\n|raw|Jacopino08's rating: 1147 &rarr; <strong>1123<\/strong><br \/>(-24 for losing)\n|l|\u2606Jacopino08\n|l|\u2606SS JayDee\n|j|\u2606SS JayDee\n|player|p1|SS JayDee|hoopster\n","uploadtime":1700563911,"views":23,"p1id":"ssjaydee","p2id":"jacopino08","formatid":"gen9ou","rating":1123,"private":0,"password":""}