{"id":"gen9ou-1990184946","p1":"wizardgregg","p2":"MonadoMaelstrom","format":"[Gen 9] OU","log":"|j|\u2606wizardgregg\n|j|\u2606MonadoMaelstrom\n|t:|1699934301\n|gametype|singles\n|player|p1|wizardgregg|hiker-gen4|1208\n|player|p2|MonadoMaelstrom|sonia-professor|1239\n|teamsize|p1|6\n|teamsize|p2|6\n|gen|9\n|tier|[Gen 9] OU\n|rated|\n|rule|Sleep Clause Mod: Limit one foe put to sleep\n|rule|Species Clause: Limit one of each Pok\u00e9mon\n|rule|OHKO Clause: OHKO moves are banned\n|rule|Evasion Items Clause: Evasion items are banned\n|rule|Evasion Moves Clause: Evasion moves are banned\n|rule|Endless Battle Clause: Forcing endless battles is banned\n|rule|HP Percentage Mod: HP is shown in percentages\n|clearpoke\n|poke|p1|Gholdengo|\n|poke|p1|Kingambit, M|\n|poke|p1|Ogerpon-Wellspring, F|\n|poke|p1|Great Tusk|\n|poke|p1|Ting-Lu|\n|poke|p1|Zapdos|\n|poke|p2|Slowking-Galar, M|\n|poke|p2|Great Tusk|\n|poke|p2|Ogerpon-Wellspring, F|\n|poke|p2|Rillaboom, F|\n|poke|p2|Heatran, F|\n|poke|p2|Samurott-Hisui, M|\n|teampreview\n|inactive|Battle timer is ON: inactive players will automatically lose when time's up. (requested by MonadoMaelstrom)\n|\n|t:|1699934323\n|start\n|switch|p1a: Zapdos|Zapdos|100\/100\n|switch|p2a: 15% Accurate|Heatran, F|100\/100\n|turn|1\n|\n|t:|1699934332\n|move|p1a: Zapdos|Volt Switch|p2a: 15% Accurate\n|-damage|p2a: 15% Accurate|76\/100\n|\n|t:|1699934345\n|switch|p1a: Ting-Lu|Ting-Lu|100\/100|[from] Volt Switch\n|-ability|p1a: Ting-Lu|Vessel of Ruin\n|move|p2a: 15% Accurate|Magma Storm|p1a: Ting-Lu\n|-damage|p1a: Ting-Lu|65\/100\n|-activate|p1a: Ting-Lu|move: Magma Storm|[of] p2a: 15% Accurate\n|\n|-heal|p2a: 15% Accurate|82\/100|[from] item: Leftovers\n|-heal|p1a: Ting-Lu|72\/100|[from] item: Leftovers\n|-damage|p1a: Ting-Lu|59\/100|[from] move: Magma Storm|[partiallytrapped]\n|upkeep\n|turn|2\n|\n|t:|1699934359\n|switch|p2a: Harambe|Rillaboom, F|100\/100\n|-fieldstart|move: Grassy Terrain|[from] ability: Grassy Surge|[of] p2a: Harambe\n|move|p1a: Ting-Lu|Spikes|p2a: Harambe\n|-sidestart|p2: MonadoMaelstrom|Spikes\n|\n|-heal|p1a: Ting-Lu|65\/100|[from] Grassy Terrain\n|-heal|p1a: Ting-Lu|72\/100|[from] item: Leftovers\n|-end|p1a: Ting-Lu|Magma Storm|[partiallytrapped]|[silent]\n|upkeep\n|turn|3\n|\n|t:|1699934370\n|switch|p1a: Zapdos|Zapdos|100\/100\n|move|p2a: Harambe|Knock Off|p1a: Zapdos\n|-damage|p1a: Zapdos|61\/100\n|-status|p2a: Harambe|par|[from] ability: Static|[of] p1a: Zapdos\n|-enditem|p1a: Zapdos|Heavy-Duty Boots|[from] move: Knock Off|[of] p2a: Harambe\n|\n|upkeep\n|turn|4\n|\n|t:|1699934377\n|switch|p2a: Lobotomy|Slowking-Galar, M|100\/100\n|move|p1a: Zapdos|Heat Wave|p2a: Lobotomy\n|-damage|p2a: Lobotomy|81\/100\n|\n|-heal|p2a: Lobotomy|88\/100|[from] Grassy Terrain\n|upkeep\n|turn|5\n|\n|t:|1699934387\n|move|p1a: Zapdos|Volt Switch|p2a: Lobotomy\n|-damage|p2a: Lobotomy|68\/100\n|\n|t:|1699934392\n|switch|p1a: Ting-Lu|Ting-Lu|72\/100|[from] Volt Switch\n|-ability|p1a: Ting-Lu|Vessel of Ruin\n|move|p2a: Lobotomy|Sludge Bomb|p1a: Ting-Lu\n|-resisted|p1a: Ting-Lu\n|-damage|p1a: Ting-Lu|59\/100\n|-status|p1a: Ting-Lu|psn\n|\n|-heal|p1a: Ting-Lu|66\/100 psn|[from] Grassy Terrain\n|-heal|p1a: Ting-Lu|72\/100 psn|[from] item: Leftovers\n|-heal|p2a: Lobotomy|74\/100|[from] Grassy Terrain\n|-damage|p1a: Ting-Lu|59\/100 psn|[from] psn\n|upkeep\n|turn|6\n|\n|t:|1699934401\n|switch|p2a: Manny|Great Tusk|100\/100\n|move|p1a: Ting-Lu|Spikes|p2a: Manny\n|-sidestart|p2: MonadoMaelstrom|Spikes\n|\n|-heal|p1a: Ting-Lu|66\/100 psn|[from] Grassy Terrain\n|-heal|p1a: Ting-Lu|72\/100 psn|[from] item: Leftovers\n|-damage|p1a: Ting-Lu|59\/100 psn|[from] psn\n|upkeep\n|turn|7\n|\n|t:|1699934406\n|switch|p1a: Gholdengo|Gholdengo|100\/100\n|-item|p1a: Gholdengo|Air Balloon\n|move|p2a: Manny|Rapid Spin|p1a: Gholdengo\n|-immune|p1a: Gholdengo\n|\n|upkeep\n|turn|8\n|\n|t:|1699934420\n|move|p2a: Manny|Knock Off|p1a: Gholdengo\n|-supereffective|p1a: Gholdengo\n|-damage|p1a: Gholdengo|35\/100\n|-enditem|p1a: Gholdengo|Air Balloon\n|move|p1a: Gholdengo|Shadow Ball|p2a: Manny\n|-damage|p2a: Manny|28\/100\n|\n|-heal|p2a: Manny|34\/100|[from] Grassy Terrain\n|-heal|p1a: Gholdengo|42\/100|[from] Grassy Terrain\n|upkeep\n|turn|9\n|\n|t:|1699934433\n|switch|p1a: Zapdos|Zapdos|61\/100\n|move|p2a: Manny|Rapid Spin|p1a: Zapdos\n|-damage|p1a: Zapdos|40\/100\n|-boost|p2a: Manny|spe|1\n|-sideend|p2: MonadoMaelstrom|Spikes|[from] move: Rapid Spin|[of] p2a: Manny\n|\n|-heal|p2a: Manny|41\/100|[from] Grassy Terrain\n|-fieldend|move: Grassy Terrain\n|upkeep\n|turn|10\n|\n|t:|1699934441\n|-end|p2a: Manny|Protosynthesis|[silent]\n|switch|p2a: Lobotomy|Slowking-Galar, M|100\/100\n|move|p1a: Zapdos|Heat Wave|p2a: Lobotomy|[miss]\n|-miss|p1a: Zapdos|p2a: Lobotomy\n|\n|upkeep\n|turn|11\n|\n|t:|1699934446\n|move|p1a: Zapdos|Roost|p1a: Zapdos\n|-heal|p1a: Zapdos|90\/100\n|-singleturn|p1a: Zapdos|move: Roost\n|move|p2a: Lobotomy|Sludge Bomb|p1a: Zapdos\n|-damage|p1a: Zapdos|59\/100\n|-status|p1a: Zapdos|psn\n|\n|-damage|p1a: Zapdos|47\/100 psn|[from] psn\n|upkeep\n|turn|12\n|\n|t:|1699934467\n|move|p1a: Zapdos|Volt Switch|p2a: Lobotomy\n|-damage|p2a: Lobotomy|81\/100\n|\n|t:|1699934472\n|switch|p1a: Kingambit|Kingambit, M|100\/100|[from] Volt Switch\n|move|p2a: Lobotomy|Sludge Bomb|p1a: Kingambit\n|-immune|p1a: Kingambit\n|\n|upkeep\n|turn|13\n|\n|t:|1699934481\n|-end|p1a: Kingambit|fallenundefined|[silent]\n|switch|p1a: Zapdos|Zapdos|47\/100 psn\n|switch|p2a: 15% Accurate|Heatran, F|82\/100\n|\n|-heal|p2a: 15% Accurate|88\/100|[from] item: Leftovers\n|-damage|p1a: Zapdos|34\/100 psn|[from] psn\n|upkeep\n|turn|14\n|\n|t:|1699934494\n|switch|p1a: Ting-Lu|Ting-Lu|59\/100 psn\n|-ability|p1a: Ting-Lu|Vessel of Ruin\n|move|p2a: 15% Accurate|Stealth Rock|p1a: Ting-Lu\n|-sidestart|p1: wizardgregg|move: Stealth Rock\n|\n|-heal|p2a: 15% Accurate|95\/100|[from] item: Leftovers\n|-heal|p1a: Ting-Lu|66\/100 psn|[from] item: Leftovers\n|-damage|p1a: Ting-Lu|53\/100 psn|[from] psn\n|upkeep\n|turn|15\n|\n|t:|1699934502\n|switch|p2a: Harambe|Rillaboom, F|100\/100 par\n|-fieldstart|move: Grassy Terrain|[from] ability: Grassy Surge|[of] p2a: Harambe\n|move|p1a: Ting-Lu|Spikes|p2a: Harambe\n|-sidestart|p2: MonadoMaelstrom|Spikes\n|\n|-heal|p1a: Ting-Lu|59\/100 psn|[from] Grassy Terrain\n|-heal|p1a: Ting-Lu|66\/100 psn|[from] item: Leftovers\n|-damage|p1a: Ting-Lu|53\/100 psn|[from] psn\n|upkeep\n|turn|16\n|\n|t:|1699934517\n|switch|p1a: Kingambit|Kingambit, M|100\/100\n|-damage|p1a: Kingambit|94\/100|[from] Stealth Rock\n|move|p2a: Harambe|Grassy Glide|p1a: Kingambit\n|-resisted|p1a: Kingambit\n|-damage|p1a: Kingambit|81\/100\n|\n|-heal|p1a: Kingambit|87\/100|[from] Grassy Terrain\n|-heal|p1a: Kingambit|93\/100|[from] item: Leftovers\n|upkeep\n|turn|17\n|\n|t:|1699934523\n|move|p1a: Kingambit|Swords Dance|p1a: Kingambit\n|-boost|p1a: Kingambit|atk|2\n|cant|p2a: Harambe|par\n|\n|-heal|p1a: Kingambit|99\/100|[from] Grassy Terrain\n|-heal|p1a: Kingambit|100\/100|[from] item: Leftovers\n|upkeep\n|turn|18\n|\n|t:|1699934531\n|move|p1a: Kingambit|Kowtow Cleave|p2a: Harambe\n|-damage|p2a: Harambe|19\/100 par\n|move|p2a: Harambe|U-turn|p1a: Kingambit\n|-damage|p1a: Kingambit|83\/100\n|\n|t:|1699934535\n|switch|p2a: 15% Accurate|Heatran, F|95\/100|[from] U-turn\n|-damage|p2a: 15% Accurate|82\/100|[from] Spikes\n|\n|-heal|p2a: 15% Accurate|88\/100|[from] Grassy Terrain\n|-heal|p2a: 15% Accurate|95\/100|[from] item: Leftovers\n|-heal|p1a: Kingambit|89\/100|[from] Grassy Terrain\n|-heal|p1a: Kingambit|95\/100|[from] item: Leftovers\n|upkeep\n|turn|19\n|\n|t:|1699934556\n|-end|p1a: Kingambit|fallenundefined|[silent]\n|switch|p1a: Zapdos|Zapdos|34\/100 psn\n|-damage|p1a: Zapdos|9\/100 psn|[from] Stealth Rock\n|move|p2a: 15% Accurate|Will-O-Wisp||[still]\n|-fail|p2a: 15% Accurate\n|\n|-heal|p2a: 15% Accurate|100\/100|[from] Grassy Terrain\n|-damage|p1a: Zapdos|0 fnt|[from] psn\n|faint|p1a: Zapdos\n|upkeep\n|\n|t:|1699934566\n|switch|p1a: Ogerpon|Ogerpon-Wellspring, F|100\/100\n|-damage|p1a: Ogerpon|88\/100|[from] Stealth Rock\n|turn|20\n|\n|t:|1699934569\n|switch|p2a: Blueface Baby|Ogerpon-Wellspring, F|100\/100\n|-damage|p2a: Blueface Baby|88\/100|[from] Spikes\n|move|p1a: Ogerpon|Ivy Cudgel|p2a: Blueface Baby\n|-heal|p2a: Blueface Baby|100\/100|[from] ability: Water Absorb|[of] p1a: Ogerpon\n|\n|-heal|p1a: Ogerpon|94\/100|[from] Grassy Terrain\n|upkeep\n|turn|21\n|c|\u2606MonadoMaelstrom|gambling time\n|c|\u2606wizardgregg|90% of gamblers quit before they win it big\n|inactive|wizardgregg has 120 seconds left.\n|\n|t:|1699934602\n|move|p1a: Ogerpon|Swords Dance|p1a: Ogerpon\n|-boost|p1a: Ogerpon|atk|2\n|move|p2a: Blueface Baby|Power Whip|p1a: Ogerpon\n|-damage|p1a: Ogerpon|0 fnt\n|faint|p1a: Ogerpon\n|\n|upkeep\n|c|\u2606MonadoMaelstrom|respect\n|inactive|wizardgregg has 120 seconds left.\n|\n|t:|1699934614\n|switch|p1a: Ting-Lu|Ting-Lu|53\/100 psn\n|-damage|p1a: Ting-Lu|47\/100 psn|[from] Stealth Rock\n|-ability|p1a: Ting-Lu|Vessel of Ruin\n|turn|22\n|inactive|wizardgregg has 120 seconds left.\n|\n|t:|1699934620\n|switch|p1a: Kingambit|Kingambit, M|95\/100\n|-damage|p1a: Kingambit|89\/100|[from] Stealth Rock\n|-activate|p1a: Kingambit|ability: Supreme Overlord\n|-start|p1a: Kingambit|fallen2|[silent]\n|move|p2a: Blueface Baby|Ivy Cudgel|p1a: Kingambit\n|-damage|p1a: Kingambit|47\/100\n|\n|-heal|p1a: Kingambit|53\/100|[from] Grassy Terrain\n|-heal|p1a: Kingambit|59\/100|[from] item: Leftovers\n|-fieldend|move: Grassy Terrain\n|upkeep\n|turn|23\n|inactive|wizardgregg has 120 seconds left.\n|\n|t:|1699934632\n|move|p2a: Blueface Baby|U-turn|p1a: Kingambit\n|-crit|p1a: Kingambit\n|-damage|p1a: Kingambit|26\/100\n|\n|t:|1699934634\n|switch|p2a: 15% Accurate|Heatran, F|100\/100|[from] U-turn\n|-damage|p2a: 15% Accurate|88\/100|[from] Spikes\n|move|p1a: Kingambit|Iron Head|p2a: 15% Accurate\n|-resisted|p2a: 15% Accurate\n|-crit|p2a: 15% Accurate\n|-damage|p2a: 15% Accurate|66\/100\n|\n|-heal|p2a: 15% Accurate|72\/100|[from] item: Leftovers\n|-heal|p1a: Kingambit|32\/100|[from] item: Leftovers\n|upkeep\n|turn|24\n|inactive|wizardgregg has 120 seconds left.\n|\n|t:|1699934657\n|-end|p1a: Kingambit|fallen2|[silent]\n|switch|p1a: Gholdengo|Gholdengo|42\/100\n|-damage|p1a: Gholdengo|35\/100|[from] Stealth Rock\n|move|p2a: 15% Accurate|Magma Storm|p1a: Gholdengo\n|-supereffective|p1a: Gholdengo\n|-damage|p1a: Gholdengo|0 fnt\n|faint|p1a: Gholdengo\n|\n|-heal|p2a: 15% Accurate|78\/100|[from] item: Leftovers\n|upkeep\n|\n|t:|1699934663\n|switch|p1a: Great Tusk|Great Tusk|100\/100\n|-damage|p1a: Great Tusk|98\/100|[from] Stealth Rock\n|turn|25\n|inactive|wizardgregg has 120 seconds left.\n|\n|t:|1699934668\n|switch|p2a: Manny|Great Tusk|41\/100\n|move|p1a: Great Tusk|Knock Off|p2a: Manny\n|-resisted|p2a: Manny\n|-damage|p2a: Manny|28\/100\n|-enditem|p2a: Manny|Heavy-Duty Boots|[from] move: Knock Off|[of] p1a: Great Tusk\n|\n|upkeep\n|turn|26\n|\n|t:|1699934676\n|move|p1a: Great Tusk|Headlong Rush|p2a: Manny\n|-crit|p2a: Manny\n|-damage|p2a: Manny|0 fnt\n|-unboost|p1a: Great Tusk|def|1\n|-unboost|p1a: Great Tusk|spd|1\n|-enditem|p1a: Great Tusk|Eject Pack\n|faint|p2a: Manny\n|-end|p2a: Manny|Protosynthesis|[silent]\n|\n|t:|1699934681\n|-end|p1a: Great Tusk|Protosynthesis|[silent]\n|switch|p1a: Ting-Lu|Ting-Lu|47\/100 psn\n|-damage|p1a: Ting-Lu|41\/100 psn|[from] Stealth Rock\n|-ability|p1a: Ting-Lu|Vessel of Ruin\n|\n|-heal|p1a: Ting-Lu|47\/100 psn|[from] item: Leftovers\n|-damage|p1a: Ting-Lu|35\/100 psn|[from] psn\n|upkeep\n|\n|t:|1699934688\n|switch|p2a: Blueface Baby|Ogerpon-Wellspring, F|100\/100\n|-damage|p2a: Blueface Baby|88\/100|[from] Spikes\n|turn|27\n|\n|t:|1699934693\n|move|p2a: Blueface Baby|Ivy Cudgel|p1a: Ting-Lu\n|-supereffective|p1a: Ting-Lu\n|-damage|p1a: Ting-Lu|0 fnt\n|faint|p1a: Ting-Lu\n|\n|upkeep\n|\n|t:|1699934698\n|switch|p1a: Great Tusk|Great Tusk|98\/100\n|-damage|p1a: Great Tusk|95\/100|[from] Stealth Rock\n|turn|28\n|\n|t:|1699934704\n|move|p2a: Blueface Baby|Ivy Cudgel|p1a: Great Tusk\n|-supereffective|p1a: Great Tusk\n|-damage|p1a: Great Tusk|3\/100\n|move|p1a: Great Tusk|Rapid Spin|p2a: Blueface Baby\n|-damage|p2a: Blueface Baby|66\/100\n|-boost|p1a: Great Tusk|spe|1\n|-sideend|p1: wizardgregg|Stealth Rock|[from] move: Rapid Spin|[of] p1a: Great Tusk\n|\n|upkeep\n|turn|29\n|\n|t:|1699934714\n|move|p1a: Great Tusk|Headlong Rush|p2a: Blueface Baby\n|-resisted|p2a: Blueface Baby\n|-damage|p2a: Blueface Baby|26\/100\n|-unboost|p1a: Great Tusk|def|1\n|-unboost|p1a: Great Tusk|spd|1\n|move|p2a: Blueface Baby|U-turn|p1a: Great Tusk\n|-resisted|p1a: Great Tusk\n|-damage|p1a: Great Tusk|0 fnt\n|faint|p1a: Great Tusk\n|-end|p1a: Great Tusk|Protosynthesis|[silent]\n|\n|t:|1699934717\n|switch|p2a: 15% Accurate|Heatran, F|78\/100|[from] U-turn\n|-damage|p2a: 15% Accurate|66\/100|[from] Spikes\n|\n|-heal|p2a: 15% Accurate|72\/100|[from] item: Leftovers\n|upkeep\n|\n|t:|1699934719\n|switch|p1a: Kingambit|Kingambit, M|32\/100\n|-activate|p1a: Kingambit|ability: Supreme Overlord\n|-start|p1a: Kingambit|fallen5|[silent]\n|turn|30\n|c|\u2606MonadoMaelstrom|comeback time\n|\n|t:|1699934731\n|-terastallize|p1a: Kingambit|Fairy\n|move|p1a: Kingambit|Sucker Punch||[still]\n|-fail|p1a: Kingambit\n|move|p2a: 15% Accurate|Will-O-Wisp|p1a: Kingambit\n|-status|p1a: Kingambit|brn\n|\n|-heal|p2a: 15% Accurate|78\/100|[from] item: Leftovers\n|-heal|p1a: Kingambit|39\/100 brn|[from] item: Leftovers\n|-damage|p1a: Kingambit|32\/100 brn|[from] brn\n|upkeep\n|turn|31\n|c|\u2606MonadoMaelstrom|gg\n|c|\u2606wizardgregg|gg\n|\n|t:|1699934744\n|move|p2a: 15% Accurate|Magma Storm|p1a: Kingambit\n|-damage|p1a: Kingambit|0 fnt\n|faint|p1a: Kingambit\n|-end|p1a: Kingambit|fallen5|[silent]\n|\n|win|MonadoMaelstrom\n|raw|wizardgregg's rating: 1208 &rarr; <strong>1185<\/strong><br \/>(-23 for losing)\n|raw|MonadoMaelstrom's rating: 1239 &rarr; <strong>1262<\/strong><br \/>(+23 for winning)\n|l|\u2606wizardgregg\n","uploadtime":1699934750,"views":6,"p1id":"wizardgregg","p2id":"monadomaelstrom","formatid":"gen9ou","rating":1185,"private":0,"password":""}