{"id":"gen9ou-1995884100","p1":"lord denominator","p2":"TheZilla07","format":"[Gen 9] OU","log":"|j|\u203dlord denominator\n|j|\u2606TheZilla07\n|t:|1700613361\n|gametype|singles\n|player|p1|lord denominator|iris-gen5bw2|1592\n|player|p2|TheZilla07|petrel|1649\n|teamsize|p1|6\n|teamsize|p2|6\n|gen|9\n|tier|[Gen 9] OU\n|rated|\n|rule|Sleep Clause Mod: Limit one foe put to sleep\n|rule|Species Clause: Limit one of each Pok\u00e9mon\n|rule|OHKO Clause: OHKO moves are banned\n|rule|Evasion Items Clause: Evasion items are banned\n|rule|Evasion Moves Clause: Evasion moves are banned\n|rule|Endless Battle Clause: Forcing endless battles is banned\n|rule|HP Percentage Mod: HP is shown in percentages\n|clearpoke\n|poke|p1|Torkoal, F|\n|poke|p1|Kingambit, M|\n|poke|p1|Brute Bonnet|\n|poke|p1|Iron Moth|\n|poke|p1|Great Tusk|\n|poke|p1|Walking Wake|\n|poke|p2|Torkoal, M|\n|poke|p2|Lilligant-Hisui, F|\n|poke|p2|Walking Wake|\n|poke|p2|Garganacl, M|\n|poke|p2|Great Tusk|\n|poke|p2|Corviknight, M|\n|teampreview\n|c|\u2606TheZilla07|glhf\n|inactive|Battle timer is ON: inactive players will automatically lose when time's up. (requested by lord denominator)\n|\n|t:|1700613375\n|start\n|switch|p1a: Walking Wake|Walking Wake|100\/100\n|switch|p2a: Republican|Great Tusk|100\/100\n|turn|1\n|\n|t:|1700613386\n|-end|p2a: Republican|Protosynthesis|[silent]\n|switch|p2a: NEVERMORE|Corviknight, M|100\/100\n|-ability|p2a: NEVERMORE|Pressure\n|move|p1a: Walking Wake|Knock Off|p2a: NEVERMORE\n|-damage|p2a: NEVERMORE|85\/100\n|-enditem|p2a: NEVERMORE|Leftovers|[from] move: Knock Off|[of] p1a: Walking Wake\n|\n|upkeep\n|turn|2\n|\n|t:|1700613394\n|-end|p1a: Walking Wake|Protosynthesis|[silent]\n|switch|p1a: Torkoal|Torkoal, F|100\/100\n|-weather|SunnyDay|[from] ability: Drought|[of] p1a: Torkoal\n|move|p2a: NEVERMORE|U-turn|p1a: Torkoal\n|-resisted|p1a: Torkoal\n|-crit|p1a: Torkoal\n|-damage|p1a: Torkoal|94\/100\n|\n|t:|1700613399\n|switch|p2a: Your Racist Uncle|Walking Wake|100\/100|[from] U-turn\n|-activate|p2a: Your Racist Uncle|ability: Protosynthesis\n|-start|p2a: Your Racist Uncle|protosynthesisspa\n|\n|-weather|SunnyDay|[upkeep]\n|upkeep\n|turn|3\n|\n|t:|1700613417\n|switch|p1a: Iron Moth|Iron Moth|100\/100\n|-enditem|p1a: Iron Moth|Booster Energy\n|-activate|p1a: Iron Moth|ability: Quark Drive|[fromitem]\n|-start|p1a: Iron Moth|quarkdrivespe\n|move|p2a: Your Racist Uncle|Dragon Pulse|p1a: Iron Moth\n|-damage|p1a: Iron Moth|6\/100\n|\n|-weather|SunnyDay|[upkeep]\n|upkeep\n|turn|4\n|\n|t:|1700613430\n|-end|p2a: Your Racist Uncle|Protosynthesis|[silent]\n|switch|p2a: MinecraftReference|Garganacl, M|100\/100\n|move|p1a: Iron Moth|Sludge Wave|p2a: MinecraftReference\n|-resisted|p2a: MinecraftReference\n|-damage|p2a: MinecraftReference|84\/100\n|\n|-weather|SunnyDay|[upkeep]\n|-heal|p2a: MinecraftReference|90\/100|[from] item: Leftovers\n|upkeep\n|turn|5\n|\n|t:|1700613437\n|-end|p1a: Iron Moth|Quark Drive|[silent]\n|switch|p1a: Brute Bonnet|Brute Bonnet|100\/100\n|-activate|p1a: Brute Bonnet|ability: Protosynthesis\n|-start|p1a: Brute Bonnet|protosynthesisatk\n|move|p2a: MinecraftReference|Salt Cure|p1a: Brute Bonnet\n|-damage|p1a: Brute Bonnet|87\/100\n|-start|p1a: Brute Bonnet|Salt Cure\n|\n|-weather|SunnyDay|[upkeep]\n|-heal|p2a: MinecraftReference|97\/100|[from] item: Leftovers\n|-damage|p1a: Brute Bonnet|75\/100|[from] Salt Cure\n|upkeep\n|turn|6\n|\n|t:|1700613443\n|switch|p2a: NEVERMORE|Corviknight, M|85\/100\n|-ability|p2a: NEVERMORE|Pressure\n|move|p1a: Brute Bonnet|Spore|p2a: NEVERMORE\n|-status|p2a: NEVERMORE|slp|[from] move: Spore\n|\n|-weather|SunnyDay|[upkeep]\n|-damage|p1a: Brute Bonnet|62\/100|[from] Salt Cure\n|upkeep\n|turn|7\n|\n|t:|1700613450\n|-end|p1a: Brute Bonnet|Protosynthesis|[silent]\n|switch|p1a: Iron Moth|Iron Moth|6\/100\n|cant|p2a: NEVERMORE|slp\n|\n|-weather|SunnyDay|[upkeep]\n|upkeep\n|turn|8\n|\n|t:|1700613455\n|switch|p2a: MinecraftReference|Garganacl, M|97\/100\n|move|p1a: Iron Moth|Psychic|p2a: MinecraftReference\n|-damage|p2a: MinecraftReference|73\/100\n|\n|-weather|SunnyDay|[upkeep]\n|-heal|p2a: MinecraftReference|79\/100|[from] item: Leftovers\n|upkeep\n|turn|9\n|\n|t:|1700613461\n|move|p1a: Iron Moth|Psychic|p2a: MinecraftReference\n|-damage|p2a: MinecraftReference|56\/100\n|move|p2a: MinecraftReference|Curse|p2a: MinecraftReference\n|-unboost|p2a: MinecraftReference|spe|1\n|-boost|p2a: MinecraftReference|atk|1\n|-boost|p2a: MinecraftReference|def|1\n|\n|-weather|none\n|-heal|p2a: MinecraftReference|63\/100|[from] item: Leftovers\n|upkeep\n|turn|10\n|\n|t:|1700613467\n|move|p1a: Iron Moth|Psychic|p2a: MinecraftReference\n|-damage|p2a: MinecraftReference|39\/100\n|move|p2a: MinecraftReference|Salt Cure|p1a: Iron Moth\n|-supereffective|p1a: Iron Moth\n|-damage|p1a: Iron Moth|0 fnt\n|faint|p1a: Iron Moth\n|-end|p1a: Iron Moth|Quark Drive|[silent]\n|\n|-heal|p2a: MinecraftReference|45\/100|[from] item: Leftovers\n|upkeep\n|\n|t:|1700613473\n|switch|p1a: Brute Bonnet|Brute Bonnet|62\/100\n|turn|11\n|\n|t:|1700613477\n|move|p1a: Brute Bonnet|Bullet Seed|p2a: MinecraftReference\n|-supereffective|p2a: MinecraftReference\n|-damage|p2a: MinecraftReference|33\/100\n|-supereffective|p2a: MinecraftReference\n|-damage|p2a: MinecraftReference|23\/100\n|-supereffective|p2a: MinecraftReference\n|-damage|p2a: MinecraftReference|11\/100\n|-supereffective|p2a: MinecraftReference\n|-damage|p2a: MinecraftReference|0 fnt\n|faint|p2a: MinecraftReference\n|-hitcount|p2: MinecraftReference|4\n|\n|upkeep\n|\n|t:|1700613493\n|switch|p2a: Republican|Great Tusk|100\/100\n|turn|12\n|\n|t:|1700613500\n|-end|p1a: Brute Bonnet|Protosynthesis|[silent]\n|switch|p1a: Great Tusk|Great Tusk|100\/100\n|move|p2a: Republican|Close Combat|p1a: Great Tusk\n|-damage|p1a: Great Tusk|61\/100\n|-unboost|p2a: Republican|def|1\n|-unboost|p2a: Republican|spd|1\n|\n|-heal|p1a: Great Tusk|68\/100|[from] item: Leftovers\n|upkeep\n|turn|13\n|\n|t:|1700613504\n|-end|p2a: Republican|Protosynthesis|[silent]\n|switch|p2a: NEVERMORE|Corviknight, M|85\/100 slp\n|-ability|p2a: NEVERMORE|Pressure\n|move|p1a: Great Tusk|Rapid Spin|p2a: NEVERMORE\n|-resisted|p2a: NEVERMORE\n|-damage|p2a: NEVERMORE|79\/100 slp\n|-boost|p1a: Great Tusk|spe|1\n|\n|-heal|p1a: Great Tusk|74\/100|[from] item: Leftovers\n|upkeep\n|turn|14\n|\n|t:|1700613507\n|move|p1a: Great Tusk|Bulk Up|p1a: Great Tusk\n|-boost|p1a: Great Tusk|atk|1\n|-boost|p1a: Great Tusk|def|1\n|cant|p2a: NEVERMORE|slp\n|\n|-heal|p1a: Great Tusk|80\/100|[from] item: Leftovers\n|upkeep\n|turn|15\n|\n|t:|1700613510\n|move|p1a: Great Tusk|Bulk Up|p1a: Great Tusk\n|-boost|p1a: Great Tusk|atk|1\n|-boost|p1a: Great Tusk|def|1\n|cant|p2a: NEVERMORE|slp\n|\n|-heal|p1a: Great Tusk|86\/100|[from] item: Leftovers\n|upkeep\n|turn|16\n|\n|t:|1700613513\n|move|p1a: Great Tusk|Bulk Up|p1a: Great Tusk\n|-boost|p1a: Great Tusk|atk|1\n|-boost|p1a: Great Tusk|def|1\n|-curestatus|p2a: NEVERMORE|slp|[msg]\n|move|p2a: NEVERMORE|U-turn|p1a: Great Tusk\n|-resisted|p1a: Great Tusk\n|-damage|p1a: Great Tusk|85\/100\n|\n|t:|1700613524\n|switch|p2a: The Mines|Torkoal, M|100\/100|[from] U-turn\n|-weather|SunnyDay|[from] ability: Drought|[of] p2a: The Mines\n|-activate|p1a: Great Tusk|ability: Protosynthesis\n|-start|p1a: Great Tusk|protosynthesisatk\n|\n|-weather|SunnyDay|[upkeep]\n|-heal|p1a: Great Tusk|91\/100|[from] item: Leftovers\n|upkeep\n|turn|17\n|\n|t:|1700613532\n|move|p1a: Great Tusk|Earthquake|p2a: The Mines\n|-supereffective|p2a: The Mines\n|-damage|p2a: The Mines|0 fnt\n|faint|p2a: The Mines\n|\n|-weather|SunnyDay|[upkeep]\n|-heal|p1a: Great Tusk|97\/100|[from] item: Leftovers\n|upkeep\n|\n|t:|1700613534\n|switch|p2a: Teeter Pan|Lilligant-Hisui, F|100\/100\n|turn|18\n|\n|t:|1700613541\n|move|p2a: Teeter Pan|Victory Dance|p2a: Teeter Pan\n|-boost|p2a: Teeter Pan|atk|1\n|-boost|p2a: Teeter Pan|def|1\n|-boost|p2a: Teeter Pan|spe|1\n|move|p1a: Great Tusk|Earthquake|p2a: Teeter Pan\n|-resisted|p2a: Teeter Pan\n|-damage|p2a: Teeter Pan|26\/100\n|\n|-weather|SunnyDay|[upkeep]\n|-heal|p2a: Teeter Pan|33\/100|[from] item: Leftovers\n|-heal|p1a: Great Tusk|100\/100|[from] item: Leftovers\n|upkeep\n|turn|19\n|\n|t:|1700613548\n|-terastallize|p1a: Great Tusk|Steel\n|move|p2a: Teeter Pan|Solar Blade||[still]\n|-prepare|p2a: Teeter Pan|Solar Blade\n|-anim|p2a: Teeter Pan|Solar Blade|p1a: Great Tusk\n|-resisted|p1a: Great Tusk\n|-damage|p1a: Great Tusk|91\/100\n|move|p1a: Great Tusk|Earthquake|p2a: Teeter Pan\n|-resisted|p2a: Teeter Pan\n|-damage|p2a: Teeter Pan|0 fnt\n|faint|p2a: Teeter Pan\n|\n|-weather|SunnyDay|[upkeep]\n|-heal|p1a: Great Tusk|97\/100|[from] item: Leftovers\n|upkeep\n|-message|TheZilla07 forfeited.\n|\n|win|lord denominator\n|raw|lord denominator's rating: 1592 &rarr; <strong>1615<\/strong><br \/>(+23 for winning)\n|raw|TheZilla07's rating: 1649 &rarr; <strong>1626<\/strong><br \/>(-23 for losing)\n|l|\u2606TheZilla07\n","uploadtime":1700613565,"views":12,"p1id":"lorddenominator","p2id":"thezilla07","formatid":"gen9ou","rating":1615,"private":0,"password":""}