{"id":"gen9ou-1997852687","p1":"SoloBeans","p2":"StinkyBinky609","format":"[Gen 9] OU","log":"|j|\u2606SoloBeans\n|j|\u2606StinkyBinky609\n|t:|1700859859\n|gametype|singles\n|player|p1|SoloBeans|scientist-gen4|1302\n|player|p2|StinkyBinky609|265|1250\n|teamsize|p1|6\n|teamsize|p2|6\n|gen|9\n|tier|[Gen 9] OU\n|rated|\n|rule|Sleep Clause Mod: Limit one foe put to sleep\n|rule|Species Clause: Limit one of each Pok\u00e9mon\n|rule|OHKO Clause: OHKO moves are banned\n|rule|Evasion Items Clause: Evasion items are banned\n|rule|Evasion Moves Clause: Evasion moves are banned\n|rule|Endless Battle Clause: Forcing endless battles is banned\n|rule|HP Percentage Mod: HP is shown in percentages\n|clearpoke\n|poke|p1|Thundurus-Therian, M|\n|poke|p1|Samurott-Hisui, F|\n|poke|p1|Slowking-Galar, M|\n|poke|p1|Cinderace, F|\n|poke|p1|Iron Valiant|\n|poke|p1|Great Tusk|\n|poke|p2|Great Tusk|\n|poke|p2|Chandelure, F|\n|poke|p2|Kilowattrel, M|\n|poke|p2|Iron Valiant|\n|poke|p2|Piloswine, F|\n|poke|p2|Ogerpon, F|\n|teampreview\n|inactive|Battle timer is ON: inactive players will automatically lose when time's up. (requested by SoloBeans)\n|\n|t:|1700859865\n|start\n|switch|p1a: Thundurus|Thundurus-Therian, M|100\/100\n|switch|p2a: Ogerpon-Shitspring|Ogerpon, F|100\/100\n|turn|1\n|\n|t:|1700859873\n|-terastallize|p1a: Thundurus|Flying\n|move|p2a: Ogerpon-Shitspring|U-turn|p1a: Thundurus\n|-resisted|p1a: Thundurus\n|-damage|p1a: Thundurus|72\/100\n|\n|t:|1700859879\n|switch|p2a: Gigachaddrel|Kilowattrel, M|100\/100|[from] U-turn\n|move|p1a: Thundurus|Tera Blast|p2a: Gigachaddrel|[anim] Tera Blast Flying\n|-resisted|p2a: Gigachaddrel\n|-damage|p2a: Gigachaddrel|19\/100\n|\n|upkeep\n|turn|2\n|\n|t:|1700859891\n|switch|p1a: Slowking|Slowking-Galar, M|100\/100\n|move|p2a: Gigachaddrel|Hurricane|p1a: Slowking\n|-damage|p1a: Slowking|59\/100\n|\n|upkeep\n|turn|3\n|\n|t:|1700859898\n|move|p2a: Gigachaddrel|Volt Switch|p1a: Slowking\n|-damage|p1a: Slowking|32\/100\n|\n|t:|1700859908\n|switch|p2a: Small Tusk|Piloswine, F|100\/100|[from] Volt Switch\n|move|p1a: Slowking|Sludge Bomb|p2a: Small Tusk\n|-resisted|p2a: Small Tusk\n|-damage|p2a: Small Tusk|86\/100\n|-status|p2a: Small Tusk|psn\n|\n|-damage|p2a: Small Tusk|74\/100 psn|[from] psn\n|upkeep\n|turn|4\n|\n|t:|1700859920\n|switch|p1a: Great Tusk|Great Tusk|100\/100\n|move|p2a: Small Tusk|Icicle Crash|p1a: Great Tusk\n|-supereffective|p1a: Great Tusk\n|-damage|p1a: Great Tusk|46\/100\n|\n|-damage|p2a: Small Tusk|61\/100 psn|[from] psn\n|upkeep\n|turn|5\n|\n|t:|1700859932\n|move|p2a: Small Tusk|Ice Shard|p1a: Great Tusk\n|-supereffective|p1a: Great Tusk\n|-damage|p1a: Great Tusk|16\/100\n|move|p1a: Great Tusk|Headlong Rush|p2a: Small Tusk\n|-damage|p2a: Small Tusk|16\/100 psn\n|-unboost|p1a: Great Tusk|def|1\n|-unboost|p1a: Great Tusk|spd|1\n|\n|-damage|p2a: Small Tusk|3\/100 psn|[from] psn\n|upkeep\n|turn|6\n|\n|t:|1700859941\n|-end|p1a: Great Tusk|Protosynthesis|[silent]\n|switch|p1a: Cinderace|Cinderace, F|100\/100\n|move|p2a: Small Tusk|Earthquake|p1a: Cinderace\n|-supereffective|p1a: Cinderace\n|-damage|p1a: Cinderace|0 fnt\n|faint|p1a: Cinderace\n|\n|-damage|p2a: Small Tusk|0 fnt|[from] psn\n|faint|p2a: Small Tusk\n|upkeep\n|\n|t:|1700859952\n|switch|p1a: Thundurus|Thundurus-Therian, M, tera:Flying|72\/100\n|switch|p2a: Ogerpon-Shitspring|Ogerpon, F|100\/100\n|turn|7\n|\n|t:|1700859961\n|move|p2a: Ogerpon-Shitspring|Knock Off|p1a: Thundurus\n|-damage|p1a: Thundurus|0 fnt\n|-enditem|p1a: Thundurus|Choice Specs|[from] move: Knock Off|[of] p2a: Ogerpon-Shitspring\n|faint|p1a: Thundurus\n|\n|upkeep\n|\n|t:|1700859966\n|switch|p1a: Slowking|Slowking-Galar, M|65\/100\n|turn|8\n|\n|t:|1700859973\n|move|p2a: Ogerpon-Shitspring|Knock Off|p1a: Slowking\n|-supereffective|p1a: Slowking\n|-damage|p1a: Slowking|0 fnt\n|-enditem|p1a: Slowking|Heavy-Duty Boots|[from] move: Knock Off|[of] p2a: Ogerpon-Shitspring\n|faint|p1a: Slowking\n|\n|upkeep\n|-message|SoloBeans forfeited.\n|\n|win|StinkyBinky609\n|raw|SoloBeans's rating: 1302 &rarr; <strong>1279<\/strong><br \/>(-23 for losing)\n|raw|StinkyBinky609's rating: 1250 &rarr; <strong>1279<\/strong><br \/>(+29 for winning)\n|l|\u2606SoloBeans\n","uploadtime":1700859983,"views":2,"p1id":"solobeans","p2id":"stinkybinky609","formatid":"gen9ou","rating":1279,"private":0,"password":""}