{"id":"gen9ou-1988975288","p1":"360Yes","p2":"33kaarlo33","format":"[Gen 9] OU","log":"|j|\u2606360Yes\n|j|\u260633kaarlo33\n|t:|1699797094\n|gametype|singles\n|player|p1|360Yes|benga|1122\n|player|p2|33kaarlo33|266|1033\n|teamsize|p1|6\n|teamsize|p2|6\n|gen|9\n|tier|[Gen 9] OU\n|rated|\n|rule|Sleep Clause Mod: Limit one foe put to sleep\n|rule|Species Clause: Limit one of each Pok\u00e9mon\n|rule|OHKO Clause: OHKO moves are banned\n|rule|Evasion Items Clause: Evasion items are banned\n|rule|Evasion Moves Clause: Evasion moves are banned\n|rule|Endless Battle Clause: Forcing endless battles is banned\n|rule|HP Percentage Mod: HP is shown in percentages\n|clearpoke\n|poke|p1|Samurott-Hisui, F|\n|poke|p1|Great Tusk|\n|poke|p1|Gholdengo|\n|poke|p1|Ceruledge, F|\n|poke|p1|Thundurus-Therian, M|\n|poke|p1|Slowking-Galar, M|\n|poke|p2|Garchomp, F|\n|poke|p2|Rotom-Wash|\n|poke|p2|Forretress, M|\n|poke|p2|Clefable, M|\n|poke|p2|Heatran, F|\n|poke|p2|Gyarados, M|\n|teampreview\n|inactive|Battle timer is ON: inactive players will automatically lose when time's up. (requested by 360Yes)\n|\n|t:|1699797107\n|start\n|switch|p1a: Samurott|Samurott-Hisui, F, shiny|100\/100\n|switch|p2a: Forretress|Forretress, M|100\/100\n|turn|1\n|\n|t:|1699797119\n|move|p1a: Samurott|Knock Off|p2a: Forretress\n|-damage|p2a: Forretress|76\/100\n|-enditem|p2a: Forretress|Leftovers|[from] move: Knock Off|[of] p1a: Samurott\n|move|p2a: Forretress|Stealth Rock|p1a: Samurott\n|-sidestart|p1: 360Yes|move: Stealth Rock\n|\n|upkeep\n|turn|2\n|\n|t:|1699797140\n|switch|p1a: Great Tusk|Great Tusk|100\/100\n|-damage|p1a: Great Tusk|98\/100|[from] Stealth Rock\n|move|p2a: Forretress|Volt Switch|p1a: Great Tusk\n|-immune|p1a: Great Tusk\n|\n|upkeep\n|turn|3\n|\n|t:|1699797150\n|switch|p2a: Garchomp|Garchomp, F|100\/100\n|move|p1a: Great Tusk|Rapid Spin|p2a: Garchomp\n|-damage|p2a: Garchomp|80\/100\n|-boost|p1a: Great Tusk|spe|1\n|-damage|p1a: Great Tusk|85\/100|[from] ability: Rough Skin|[of] p2a: Garchomp\n|-sideend|p1: 360Yes|Stealth Rock|[from] move: Rapid Spin|[of] p1a: Great Tusk\n|\n|upkeep\n|turn|4\n|\n|t:|1699797158\n|move|p2a: Garchomp|Dragon Claw|p1a: Great Tusk\n|-damage|p1a: Great Tusk|43\/100\n|move|p1a: Great Tusk|Ice Spinner|p2a: Garchomp\n|-supereffective|p2a: Garchomp\n|-damage|p2a: Garchomp|0 fnt\n|-damage|p1a: Great Tusk|31\/100|[from] ability: Rough Skin|[of] p2a: Garchomp\n|faint|p2a: Garchomp\n|\n|upkeep\n|\n|t:|1699797171\n|switch|p2a: Heatran|Heatran, F|100\/100\n|turn|5\n|\n|t:|1699797180\n|-terastallize|p2a: Heatran|Fire\n|move|p1a: Great Tusk|Headlong Rush|p2a: Heatran\n|-supereffective|p2a: Heatran\n|-damage|p2a: Heatran|0 fnt\n|-unboost|p1a: Great Tusk|def|1\n|-unboost|p1a: Great Tusk|spd|1\n|faint|p2a: Heatran\n|\n|upkeep\n|\n|t:|1699797194\n|switch|p2a: Gyarados|Gyarados, M|100\/100\n|-ability|p2a: Gyarados|Intimidate|boost\n|-unboost|p1a: Great Tusk|atk|1\n|turn|6\n|\n|t:|1699797201\n|-end|p1a: Great Tusk|Protosynthesis|[silent]\n|switch|p1a: Samurott|Samurott-Hisui, F, shiny|100\/100\n|move|p2a: Gyarados|Waterfall|p1a: Samurott\n|-resisted|p1a: Samurott\n|-damage|p1a: Samurott|71\/100\n|\n|upkeep\n|turn|7\n|\n|t:|1699797214\n|move|p1a: Samurott|Ceaseless Edge|p2a: Gyarados\n|-damage|p2a: Gyarados|40\/100\n|-sidestart|p2: 33kaarlo33|Spikes\n|move|p2a: Gyarados|Earthquake|p1a: Samurott\n|-damage|p1a: Samurott|24\/100\n|\n|-heal|p2a: Gyarados|46\/100|[from] item: Leftovers\n|upkeep\n|turn|8\n|\n|t:|1699797225\n|switch|p2a: Clefable|Clefable, M|100\/100\n|move|p1a: Samurott|Ceaseless Edge|p2a: Clefable|[miss]\n|-miss|p1a: Samurott|p2a: Clefable\n|\n|upkeep\n|turn|9\n|\n|t:|1699797232\n|switch|p1a: Slowking|Slowking-Galar, M|100\/100\n|move|p2a: Clefable|Moonblast|p1a: Slowking\n|-resisted|p1a: Slowking\n|-damage|p1a: Slowking|91\/100\n|\n|upkeep\n|turn|10\n|\n|t:|1699797247\n|move|p2a: Clefable|Thunder Wave|p1a: Slowking|[miss]\n|-miss|p2a: Clefable|p1a: Slowking\n|move|p1a: Slowking|Yawn|p2a: Clefable\n|-start|p2a: Clefable|move: Yawn|[of] p1a: Slowking\n|\n|upkeep\n|turn|11\n|\n|t:|1699797258\n|move|p2a: Clefable|Protect|p2a: Clefable\n|-singleturn|p2a: Clefable|Protect\n|move|p1a: Slowking|Future Sight|p2a: Clefable\n|-start|p1a: Slowking|move: Future Sight\n|\n|-end|p2a: Clefable|move: Yawn|[silent]\n|-status|p2a: Clefable|slp\n|upkeep\n|turn|12\n|\n|t:|1699797269\n|switch|p2a: Gyarados|Gyarados, M|46\/100\n|-ability|p2a: Gyarados|Intimidate|boost\n|-unboost|p1a: Slowking|atk|1\n|move|p1a: Slowking|Chilly Reception|p1a: Slowking\n|-weather|Snow\n|\n|t:|1699797271\n|switch|p1a: Thundurus|Thundurus-Therian, M|100\/100|[from] Chilly Reception\n|\n|-weather|Snow|[upkeep]\n|-heal|p2a: Gyarados|52\/100|[from] item: Leftovers\n|upkeep\n|turn|13\n|\n|t:|1699797283\n|move|p1a: Thundurus|Volt Switch|p2a: Gyarados\n|-supereffective|p2a: Gyarados\n|-damage|p2a: Gyarados|0 fnt\n|faint|p2a: Gyarados\n|\n|t:|1699797287\n|switch|p1a: Samurott|Samurott-Hisui, F, shiny|24\/100|[from] Volt Switch\n|\n|-weather|Snow|[upkeep]\n|-hint|Future Sight did not hit because the target is fainted.\n|upkeep\n|\n|t:|1699797294\n|switch|p2a: Rotom|Rotom-Wash|100\/100\n|turn|14\n|\n|t:|1699797301\n|move|p1a: Samurott|Ceaseless Edge|p2a: Rotom\n|-damage|p2a: Rotom|57\/100\n|-sidestart|p2: 33kaarlo33|Spikes\n|move|p2a: Rotom|Hydro Pump|p1a: Samurott\n|-resisted|p1a: Samurott\n|-damage|p1a: Samurott|0 fnt\n|faint|p1a: Samurott\n|\n|-weather|Snow|[upkeep]\n|-heal|p2a: Rotom|63\/100|[from] item: Leftovers\n|upkeep\n|\n|t:|1699797306\n|switch|p1a: Thundurus|Thundurus-Therian, M|100\/100\n|turn|15\n|\n|t:|1699797325\n|move|p2a: Rotom|Protect|p2a: Rotom\n|-singleturn|p2a: Rotom|Protect\n|move|p1a: Thundurus|Thunderbolt|p2a: Rotom\n|-activate|p2a: Rotom|move: Protect\n|\n|-weather|Snow|[upkeep]\n|-heal|p2a: Rotom|70\/100|[from] item: Leftovers\n|upkeep\n|turn|16\n|\n|t:|1699797334\n|switch|p2a: Clefable|Clefable, M|100\/100 slp\n|move|p1a: Thundurus|Thunderbolt|p2a: Clefable\n|-damage|p2a: Clefable|53\/100 slp\n|\n|-weather|none\n|-heal|p2a: Clefable|59\/100 slp|[from] item: Leftovers\n|upkeep\n|turn|17\n|\n|t:|1699797342\n|switch|p1a: Slowking|Slowking-Galar, M|100\/100\n|cant|p2a: Clefable|slp\n|\n|-heal|p2a: Clefable|65\/100 slp|[from] item: Leftovers\n|upkeep\n|turn|18\n|\n|t:|1699797352\n|cant|p2a: Clefable|slp\n|move|p1a: Slowking|Future Sight|p2a: Clefable\n|-start|p1a: Slowking|move: Future Sight\n|\n|-heal|p2a: Clefable|72\/100 slp|[from] item: Leftovers\n|upkeep\n|turn|19\n|\n|t:|1699797367\n|-curestatus|p2a: Clefable|slp|[msg]\n|move|p2a: Clefable|Wish|p2a: Clefable\n|move|p1a: Slowking|Yawn|p2a: Clefable\n|-start|p2a: Clefable|move: Yawn|[of] p1a: Slowking\n|\n|-heal|p2a: Clefable|78\/100|[from] item: Leftovers\n|upkeep\n|turn|20\n|\n|t:|1699797374\n|move|p2a: Clefable|Moonblast|p1a: Slowking\n|-resisted|p1a: Slowking\n|-damage|p1a: Slowking|91\/100\n|move|p1a: Slowking|Chilly Reception|p1a: Slowking\n|-weather|Snow\n|\n|t:|1699797380\n|switch|p1a: Ceruledge|Ceruledge, F|100\/100|[from] Chilly Reception\n|\n|-weather|Snow|[upkeep]\n|-end|p2a: Clefable|move: Future Sight\n|-damage|p2a: Clefable|46\/100\n|-heal|p2a: Clefable|96\/100|[from] move: Wish|[wisher] Clefable\n|-heal|p2a: Clefable|100\/100|[from] item: Leftovers\n|-end|p2a: Clefable|move: Yawn|[silent]\n|-status|p2a: Clefable|slp\n|upkeep\n|turn|21\n|\n|t:|1699797395\n|switch|p2a: Rotom|Rotom-Wash|70\/100\n|move|p1a: Ceruledge|Bitter Blade|p2a: Rotom\n|-resisted|p2a: Rotom\n|-damage|p2a: Rotom|39\/100\n|-damage|p1a: Ceruledge|91\/100|[from] item: Life Orb\n|\n|-weather|Snow|[upkeep]\n|-heal|p2a: Rotom|45\/100|[from] item: Leftovers\n|upkeep\n|turn|22\n|\n|t:|1699797407\n|-terastallize|p1a: Ceruledge|Water\n|move|p1a: Ceruledge|Close Combat|p2a: Rotom\n|-damage|p2a: Rotom|0 fnt\n|-unboost|p1a: Ceruledge|def|1\n|-unboost|p1a: Ceruledge|spd|1\n|faint|p2a: Rotom\n|-damage|p1a: Ceruledge|81\/100|[from] item: Life Orb\n|\n|-weather|Snow|[upkeep]\n|upkeep\n|inactive|33kaarlo33 has 120 seconds left.\n|\n|t:|1699797436\n|switch|p2a: Forretress|Forretress, M|76\/100\n|-damage|p2a: Forretress|60\/100|[from] Spikes\n|turn|23\n|c|\u2606360Yes|GG\n|inactive|33kaarlo33 has 120 seconds left.\n|c|\u260633kaarlo33|fr\n|\n|t:|1699797448\n|move|p1a: Ceruledge|Bitter Blade|p2a: Forretress\n|-supereffective|p2a: Forretress\n|-damage|p2a: Forretress|0 fnt\n|-heal|p1a: Ceruledge|100\/100|[from] drain|[of] p2a: Forretress\n|faint|p2a: Forretress\n|-damage|p1a: Ceruledge|91\/100|[from] item: Life Orb\n|\n|-weather|Snow|[upkeep]\n|upkeep\n|\n|t:|1699797455\n|switch|p2a: Clefable|Clefable, M|100\/100 slp\n|turn|24\n|inactive|33kaarlo33 has 120 seconds left.\n|\n|t:|1699797460\n|move|p1a: Ceruledge|Bitter Blade|p2a: Clefable\n|-damage|p2a: Clefable|34\/100 slp\n|-heal|p1a: Ceruledge|100\/100|[from] drain|[of] p2a: Clefable\n|-damage|p1a: Ceruledge|91\/100|[from] item: Life Orb\n|cant|p2a: Clefable|slp\n|\n|-weather|none\n|-heal|p2a: Clefable|40\/100 slp|[from] item: Leftovers\n|upkeep\n|turn|25\n|inactive|33kaarlo33 has 120 seconds left.\n|\n|t:|1699797472\n|move|p1a: Ceruledge|Bitter Blade|p2a: Clefable\n|-damage|p2a: Clefable|0 fnt\n|-heal|p1a: Ceruledge|100\/100|[from] drain|[of] p2a: Clefable\n|faint|p2a: Clefable\n|-damage|p1a: Ceruledge|91\/100|[from] item: Life Orb\n|\n|win|360Yes\n|raw|360Yes's rating: 1122 &rarr; <strong>1141<\/strong><br \/>(+19 for winning)\n|raw|33kaarlo33's rating: 1033 &rarr; <strong>1022<\/strong><br \/>(-11 for losing)\n|l|\u2606360Yes\n|l|\u260633kaarlo33\n|j|\u2606360Yes\n|player|p1|360Yes|benga\n","uploadtime":1699797496,"views":10,"p1id":"360yes","p2id":"33kaarlo33","formatid":"gen9ou","rating":1022,"private":0,"password":""}