{"id":"gen9ou-2000188079","p1":"Ultimate Nooba","p2":"Phoenix#3","format":"[Gen 9] OU","log":"|j|\u2606Ultimate Nooba\n|j|\u203dPhoenix#3\n|t:|1701169413\n|gametype|singles\n|player|p1|Ultimate Nooba|ethan|1405\n|player|p2|Phoenix#3|265|1486\n|teamsize|p1|6\n|teamsize|p2|6\n|gen|9\n|tier|[Gen 9] OU\n|rated|\n|rule|Sleep Clause Mod: Limit one foe put to sleep\n|rule|Species Clause: Limit one of each Pok\u00e9mon\n|rule|OHKO Clause: OHKO moves are banned\n|rule|Evasion Items Clause: Evasion items are banned\n|rule|Evasion Moves Clause: Evasion moves are banned\n|rule|Endless Battle Clause: Forcing endless battles is banned\n|rule|HP Percentage Mod: HP is shown in percentages\n|clearpoke\n|poke|p1|Manaphy|\n|poke|p1|Kingambit, M|\n|poke|p1|Ribombee, M|\n|poke|p1|Gholdengo|\n|poke|p1|Sandy Shocks|\n|poke|p1|Ogerpon-Wellspring, F|\n|poke|p2|Enamorus, F|\n|poke|p2|Dragapult, F|\n|poke|p2|Iron Valiant|\n|poke|p2|Gholdengo|\n|poke|p2|Cinderace, F|\n|poke|p2|Dragonite, F|\n|teampreview\n|inactive|Battle timer is ON: inactive players will automatically lose when time's up. (requested by Ultimate Nooba)\n|inactive|Phoenix#3 has 120 seconds left.\n|inactive|Phoenix#3 has 90 seconds left.\n|\n|t:|1701169475\n|start\n|switch|p1a: Sandy Shocks|Sandy Shocks|100\/100\n|switch|p2a: Gholdengo|Gholdengo|100\/100\n|-item|p2a: Gholdengo|Air Balloon\n|-enditem|p1a: Sandy Shocks|Booster Energy\n|-activate|p1a: Sandy Shocks|ability: Protosynthesis|[fromitem]\n|-start|p1a: Sandy Shocks|protosynthesisspe\n|turn|1\n|\n|t:|1701169485\n|move|p1a: Sandy Shocks|Thunderbolt|p2a: Gholdengo\n|-damage|p2a: Gholdengo|48\/100\n|-enditem|p2a: Gholdengo|Air Balloon\n|move|p2a: Gholdengo|Shadow Ball|p1a: Sandy Shocks\n|-damage|p1a: Sandy Shocks|46\/100\n|\n|upkeep\n|turn|2\n|\n|t:|1701169499\n|move|p1a: Sandy Shocks|Thunderbolt|p2a: Gholdengo\n|-damage|p2a: Gholdengo|0 fnt\n|faint|p2a: Gholdengo\n|\n|upkeep\n|\n|t:|1701169503\n|switch|p2a: Dragonite|Dragonite, F|100\/100\n|turn|3\n|inactive|Ultimate Nooba has 120 seconds left.\n|\n|t:|1701169534\n|move|p1a: Sandy Shocks|Substitute|p1a: Sandy Shocks\n|-start|p1a: Sandy Shocks|Substitute\n|-damage|p1a: Sandy Shocks|21\/100\n|move|p2a: Dragonite|Earthquake|p1a: Sandy Shocks\n|-supereffective|p1a: Sandy Shocks\n|-end|p1a: Sandy Shocks|Substitute\n|\n|upkeep\n|turn|4\n|\n|t:|1701169545\n|move|p2a: Dragonite|Extreme Speed|p1a: Sandy Shocks\n|-damage|p1a: Sandy Shocks|0 fnt\n|faint|p1a: Sandy Shocks\n|-end|p1a: Sandy Shocks|Protosynthesis|[silent]\n|\n|upkeep\n|\n|t:|1701169548\n|switch|p1a: Ribombee|Ribombee, M|100\/100\n|turn|5\n|\n|t:|1701169555\n|move|p1a: Ribombee|Stun Spore|p2a: Dragonite|[miss]\n|-miss|p1a: Ribombee|p2a: Dragonite\n|move|p2a: Dragonite|Ice Spinner|p1a: Ribombee\n|-crit|p1a: Ribombee\n|-damage|p1a: Ribombee|8\/100\n|\n|upkeep\n|turn|6\n|\n|t:|1701169561\n|move|p2a: Dragonite|Extreme Speed|p1a: Ribombee\n|-damage|p1a: Ribombee|0 fnt\n|faint|p1a: Ribombee\n|\n|upkeep\n|\n|t:|1701169569\n|switch|p1a: Gholdengo|Gholdengo|100\/100\n|-item|p1a: Gholdengo|Air Balloon\n|turn|7\n|\n|t:|1701169573\n|move|p1a: Gholdengo|Shadow Ball|p2a: Dragonite\n|-damage|p2a: Dragonite|77\/100\n|move|p2a: Dragonite|Ice Spinner|p1a: Gholdengo\n|-resisted|p1a: Gholdengo\n|-damage|p1a: Gholdengo|86\/100\n|-enditem|p1a: Gholdengo|Air Balloon\n|\n|upkeep\n|turn|8\n|\n|t:|1701169581\n|move|p1a: Gholdengo|Make It Rain|p2a: Dragonite\n|-damage|p2a: Dragonite|14\/100\n|-unboost|p1a: Gholdengo|spa|1\n|move|p2a: Dragonite|Earthquake|p1a: Gholdengo\n|-supereffective|p1a: Gholdengo\n|-damage|p1a: Gholdengo|4\/100\n|\n|upkeep\n|turn|9\n|\n|t:|1701169590\n|move|p1a: Gholdengo|Shadow Ball|p2a: Dragonite\n|-damage|p2a: Dragonite|0 fnt\n|faint|p2a: Dragonite\n|\n|upkeep\n|\n|t:|1701169599\n|switch|p2a: Enamorus|Enamorus, F|100\/100\n|turn|10\n|\n|t:|1701169603\n|move|p2a: Enamorus|Moonblast|p1a: Gholdengo\n|-resisted|p1a: Gholdengo\n|-damage|p1a: Gholdengo|0 fnt\n|faint|p1a: Gholdengo\n|\n|upkeep\n|\n|t:|1701169608\n|switch|p1a: Kingambit|Kingambit, M|100\/100\n|-activate|p1a: Kingambit|ability: Supreme Overlord\n|-start|p1a: Kingambit|fallen3|[silent]\n|turn|11\n|\n|t:|1701169613\n|move|p2a: Enamorus|Earth Power|p1a: Kingambit\n|-supereffective|p1a: Kingambit\n|-damage|p1a: Kingambit|30\/100\n|move|p1a: Kingambit|Iron Head|p2a: Enamorus\n|-supereffective|p2a: Enamorus\n|-damage|p2a: Enamorus|0 fnt\n|faint|p2a: Enamorus\n|\n|upkeep\n|\n|t:|1701169620\n|switch|p2a: Cinderace|Cinderace, F|100\/100\n|turn|12\n|\n|t:|1701169646\n|move|p2a: Cinderace|Will-O-Wisp|p1a: Kingambit\n|-status|p1a: Kingambit|brn\n|move|p1a: Kingambit|Kowtow Cleave|p2a: Cinderace\n|-damage|p2a: Cinderace|56\/100\n|\n|-damage|p1a: Kingambit|23\/100 brn|[from] brn\n|upkeep\n|turn|13\n|inactive|Phoenix#3 has 120 seconds left.\n|\n|t:|1701169676\n|move|p2a: Cinderace|Pyro Ball|p1a: Kingambit\n|-supereffective|p1a: Kingambit\n|-damage|p1a: Kingambit|0 fnt\n|faint|p1a: Kingambit\n|-end|p1a: Kingambit|fallen3|[silent]\n|\n|upkeep\n|\n|t:|1701169684\n|switch|p1a: Ogerpon|Ogerpon-Wellspring, F|100\/100\n|turn|14\n|\n|t:|1701169694\n|move|p2a: Cinderace|U-turn|p1a: Ogerpon\n|-supereffective|p1a: Ogerpon\n|-damage|p1a: Ogerpon|49\/100\n|\n|t:|1701169697\n|switch|p2a: Dragapult|Dragapult, F|100\/100|[from] U-turn\n|move|p1a: Ogerpon|Trailblaze|p2a: Dragapult\n|-resisted|p2a: Dragapult\n|-damage|p2a: Dragapult|80\/100\n|-boost|p1a: Ogerpon|spe|1\n|\n|upkeep\n|turn|15\n|\n|t:|1701169712\n|-terastallize|p1a: Ogerpon|Water\n|detailschange|p1a: Ogerpon|Ogerpon-Wellspring-Tera, F, tera:Water\n|-ability|p1a: Ogerpon|Embody Aspect (Wellspring)|boost\n|-boost|p1a: Ogerpon|spd|1\n|-terastallize|p2a: Dragapult|Fire\n|move|p1a: Ogerpon|Ivy Cudgel|p2a: Dragapult|[anim] Ivy Cudgel Water\n|-supereffective|p2a: Dragapult\n|-damage|p2a: Dragapult|0 fnt\n|faint|p2a: Dragapult\n|\n|upkeep\n|-message|Phoenix#3 forfeited.\n|\n|win|Ultimate Nooba\n|raw|Ultimate Nooba's rating: 1405 &rarr; <strong>1430<\/strong><br \/>(+25 for winning)\n|raw|Phoenix#3's rating: 1486 &rarr; <strong>1461<\/strong><br \/>(-25 for losing)\n|l|\u203dPhoenix#3\n","uploadtime":1701169770,"views":17,"p1id":"ultimatenooba","p2id":"phoenix3","formatid":"gen9ou","rating":1430,"private":0,"password":""}