{"id":"gen9ou-1997161219","p1":"SpasDeUzi","p2":"bdhdhd in dj","format":"[Gen 9] OU","log":"|j|\u2606SpasDeUzi\n|j|\u2606bdhdhd in dj\n|t:|1700770748\n|gametype|singles\n|player|p1|SpasDeUzi|170|1060\n|player|p2|bdhdhd in dj|2|1108\n|teamsize|p1|6\n|teamsize|p2|6\n|gen|9\n|tier|[Gen 9] OU\n|rated|\n|rule|Sleep Clause Mod: Limit one foe put to sleep\n|rule|Species Clause: Limit one of each Pok\u00e9mon\n|rule|OHKO Clause: OHKO moves are banned\n|rule|Evasion Items Clause: Evasion items are banned\n|rule|Evasion Moves Clause: Evasion moves are banned\n|rule|Endless Battle Clause: Forcing endless battles is banned\n|rule|HP Percentage Mod: HP is shown in percentages\n|clearpoke\n|poke|p1|Torterra, M|\n|poke|p1|Ribombee, F|\n|poke|p1|Grimmsnarl, M|\n|poke|p1|Manaphy|\n|poke|p1|Dragonite, F|\n|poke|p1|Gholdengo|\n|poke|p2|Ceruledge, M|\n|poke|p2|Garchomp, F|\n|poke|p2|Samurott-Hisui, F|\n|poke|p2|Corviknight, M|\n|poke|p2|Kingambit, F|\n|poke|p2|Dragapult, F|\n|teampreview\n|inactive|Battle timer is ON: inactive players will automatically lose when time's up. (requested by SpasDeUzi)\n|\n|t:|1700770753\n|start\n|switch|p1a: Ribombee|Ribombee, F, shiny|100\/100\n|switch|p2a: Shiva|Garchomp, F|100\/100\n|turn|1\n|\n|t:|1700770757\n|move|p1a: Ribombee|Stun Spore|p2a: Shiva\n|-status|p2a: Shiva|par\n|move|p2a: Shiva|Stone Edge|p1a: Ribombee|[miss]\n|-miss|p2a: Shiva|p1a: Ribombee\n|\n|upkeep\n|turn|2\n|\n|t:|1700770762\n|move|p1a: Ribombee|Sticky Web|p2a: Shiva\n|-sidestart|p2: bdhdhd in dj|move: Sticky Web\n|move|p2a: Shiva|Stone Edge|p1a: Ribombee|[miss]\n|-miss|p2a: Shiva|p1a: Ribombee\n|\n|upkeep\n|turn|3\n|\n|t:|1700770766\n|move|p1a: Ribombee|Quiver Dance|p1a: Ribombee\n|-boost|p1a: Ribombee|spa|1\n|-boost|p1a: Ribombee|spd|1\n|-boost|p1a: Ribombee|spe|1\n|move|p2a: Shiva|Stone Edge|p1a: Ribombee\n|-supereffective|p1a: Ribombee\n|-enditem|p1a: Ribombee|Focus Sash\n|-damage|p1a: Ribombee|1\/100\n|\n|upkeep\n|turn|4\n|\n|t:|1700770770\n|move|p1a: Ribombee|Moonblast|p2a: Shiva\n|-supereffective|p2a: Shiva\n|-damage|p2a: Shiva|0 fnt\n|faint|p2a: Shiva\n|\n|upkeep\n|\n|t:|1700770790\n|switch|p2a: Odyn|Ceruledge, M|100\/100\n|-activate|p2a: Odyn|move: Sticky Web\n|-unboost|p2a: Odyn|spe|1\n|turn|5\n|\n|t:|1700770794\n|move|p2a: Odyn|Shadow Sneak|p1a: Ribombee\n|-damage|p1a: Ribombee|0 fnt\n|faint|p1a: Ribombee\n|\n|upkeep\n|\n|t:|1700770808\n|switch|p1a: Grimmsnarl|Grimmsnarl, M, shiny|100\/100\n|turn|6\n|\n|t:|1700770813\n|move|p1a: Grimmsnarl|Reflect|p1a: Grimmsnarl\n|-sidestart|p1: SpasDeUzi|Reflect\n|move|p2a: Odyn|Swords Dance|p2a: Odyn\n|-boost|p2a: Odyn|atk|2\n|\n|upkeep\n|turn|7\n|\n|t:|1700770817\n|move|p1a: Grimmsnarl|Parting Shot|p2a: Odyn\n|-unboost|p2a: Odyn|atk|1\n|-unboost|p2a: Odyn|spa|1\n|\n|t:|1700770824\n|switch|p1a: Manaphy|Manaphy, shiny|100\/100|[from] Parting Shot\n|move|p2a: Odyn|Swords Dance|p2a: Odyn\n|-boost|p2a: Odyn|atk|2\n|\n|upkeep\n|turn|8\n|\n|t:|1700770833\n|-terastallize|p2a: Odyn|Dark\n|move|p1a: Manaphy|Scald|p2a: Odyn\n|-damage|p2a: Odyn|56\/100\n|move|p2a: Odyn|Poltergeist|p1a: Manaphy\n|-activate|p1a: Manaphy|move: Poltergeist|Chesto Berry\n|-damage|p1a: Manaphy|38\/100\n|\n|upkeep\n|turn|9\n|\n|t:|1700770843\n|move|p2a: Odyn|Shadow Sneak|p1a: Manaphy\n|-damage|p1a: Manaphy|17\/100\n|move|p1a: Manaphy|Rest|p1a: Manaphy\n|-status|p1a: Manaphy|slp|[from] move: Rest\n|-heal|p1a: Manaphy|100\/100 slp|[silent]\n|-enditem|p1a: Manaphy|Chesto Berry|[eat]\n|-curestatus|p1a: Manaphy|slp|[msg]\n|\n|upkeep\n|turn|10\n|\n|t:|1700770848\n|move|p1a: Manaphy|Scald|p2a: Odyn\n|-damage|p2a: Odyn|15\/100\n|move|p2a: Odyn|Poltergeist||[still]\n|-fail|p2a: Odyn\n|\n|upkeep\n|turn|11\n|\n|t:|1700770859\n|move|p1a: Manaphy|Scald|p2a: Odyn\n|-damage|p2a: Odyn|0 fnt\n|faint|p2a: Odyn\n|\n|upkeep\n|\n|t:|1700770864\n|switch|p2a: Ramuh|Dragapult, F|100\/100\n|-activate|p2a: Ramuh|move: Sticky Web\n|-unboost|p2a: Ramuh|spe|1\n|turn|12\n|-message|bdhdhd in dj forfeited.\n|\n|win|SpasDeUzi\n|raw|SpasDeUzi's rating: 1060 &rarr; <strong>1095<\/strong><br \/>(+35 for winning)\n|raw|bdhdhd in dj's rating: 1108 &rarr; <strong>1080<\/strong><br \/>(-28 for losing)\n|l|\u2606bdhdhd in dj\n","uploadtime":1700770903,"views":5,"p1id":"spasdeuzi","p2id":"bdhdhdindj","formatid":"gen9ou","rating":1080,"private":0,"password":""}