{"id":"gen9ou-1988727888","p1":"LuG_18","p2":"Wiseblood2707","format":"[Gen 9] OU","log":"|j|\u2606LuG_18\n|j|\u2606Wiseblood2707\n|t:|1699755581\n|gametype|singles\n|player|p1|LuG_18|ethan|\n|player|p2|Wiseblood2707|giovanni|\n|teamsize|p1|6\n|teamsize|p2|6\n|gen|9\n|tier|[Gen 9] OU\n|rule|Sleep Clause Mod: Limit one foe put to sleep\n|rule|Species Clause: Limit one of each Pok\u00e9mon\n|rule|OHKO Clause: OHKO moves are banned\n|rule|Evasion Items Clause: Evasion items are banned\n|rule|Evasion Moves Clause: Evasion moves are banned\n|rule|Endless Battle Clause: Forcing endless battles is banned\n|rule|HP Percentage Mod: HP is shown in percentages\n|clearpoke\n|poke|p1|Rotom-Heat|\n|poke|p1|Sandaconda, M|\n|poke|p1|Electrode-Hisui|\n|poke|p1|Ogerpon-Wellspring, F|\n|poke|p1|Toxapex, M|\n|poke|p1|Munkidori, M|\n|poke|p2|Golem-Alola, M|\n|poke|p2|Articuno|\n|poke|p2|Abomasnow, F|\n|poke|p2|Dragapult, F|\n|poke|p2|Rillaboom, F|\n|poke|p2|Crawdaunt, F|\n|teampreview\n|j| LuichoX\n|c|\u2606LuG_18|gl!!!\n|j| Due Lipa\n|c|\u2606Wiseblood2707|gl\n|c| LuichoX|GOLEMHEIMER ! !\n|\n|t:|1699755664\n|start\n|switch|p1a: 30secs|Rotom-Heat, shiny|100\/100\n|switch|p2a: Shrek|Golem-Alola, M|100\/100\n|turn|1\n|j| LupinoFTW\n|\n|t:|1699755679\n|move|p1a: 30secs|Will-O-Wisp|p2a: Shrek\n|-status|p2a: Shrek|brn\n|move|p2a: Shrek|Stealth Rock|p1a: 30secs\n|-sidestart|p1: LuG_18|move: Stealth Rock\n|\n|-damage|p2a: Shrek|94\/100 brn|[from] brn\n|upkeep\n|turn|2\n|\n|t:|1699755715\n|switch|p1a: >:(|Electrode-Hisui, shiny|100\/100\n|switch|p2a: Bocachico|Dragapult, F|100\/100\n|\n|upkeep\n|turn|3\n|\n|t:|1699755780\n|switch|p1a: Sacalamonda|Sandaconda, M|100\/100\n|-damage|p1a: Sacalamonda|94\/100|[from] Stealth Rock\n|switch|p2a: Deburas|Abomasnow, F|100\/100\n|-weather|Snow|[from] ability: Snow Warning|[of] p2a: Deburas\n|\n|-weather|Snow|[upkeep]\n|upkeep\n|turn|4\n|c| LuichoX|SACALAMONDA\n|c| LuichoX|JSHDJAHJAJAJ\n|c| LupinoFTW|Sacalamonda (nunca supe como se escribe)\n|c| Due Lipa|don prepucio es el unico animatronico\n|\n|t:|1699755863\n|switch|p1a: We don't miss u|Toxapex, M|100\/100\n|-damage|p1a: We don't miss u|88\/100|[from] Stealth Rock\n|move|p2a: Deburas|Aurora Veil|p2a: Deburas\n|-sidestart|p2: Wiseblood2707|move: Aurora Veil\n|\n|-weather|Snow|[upkeep]\n|-heal|p1a: We don't miss u|94\/100|[from] item: Leftovers\n|upkeep\n|turn|5\n|\n|t:|1699755893\n|move|p2a: Deburas|Wood Hammer|p1a: We don't miss u\n|-damage|p1a: We don't miss u|59\/100\n|-damage|p2a: Deburas|89\/100|[from] Recoil\n|move|p1a: We don't miss u|Toxic|p2a: Deburas\n|-status|p2a: Deburas|tox\n|\n|-weather|Snow|[upkeep]\n|-heal|p1a: We don't miss u|65\/100|[from] item: Leftovers\n|-damage|p2a: Deburas|83\/100 tox|[from] psn\n|upkeep\n|turn|6\n|\n|t:|1699755943\n|move|p2a: Deburas|Wood Hammer|p1a: We don't miss u\n|-damage|p1a: We don't miss u|28\/100\n|-damage|p2a: Deburas|72\/100 tox|[from] Recoil\n|move|p1a: We don't miss u|Recover|p1a: We don't miss u\n|-heal|p1a: We don't miss u|78\/100\n|\n|-weather|Snow|[upkeep]\n|-heal|p1a: We don't miss u|84\/100|[from] item: Leftovers\n|-damage|p2a: Deburas|59\/100 tox|[from] psn\n|upkeep\n|turn|7\n|\n|t:|1699755970\n|switch|p2a: Shrek|Golem-Alola, M|94\/100 brn\n|switch|p1a: >:(|Electrode-Hisui, shiny|100\/100\n|\n|-weather|Snow|[upkeep]\n|-damage|p2a: Shrek|88\/100 brn|[from] brn\n|upkeep\n|turn|8\n|\n|t:|1699756028\n|switch|p2a: Harambe|Rillaboom, F|100\/100\n|-fieldstart|move: Grassy Terrain|[from] ability: Grassy Surge|[of] p2a: Harambe\n|-terastallize|p1a: >:(|Ice\n|move|p1a: >:(|Tera Blast|p2a: Harambe|[anim] Tera Blast Ice\n|-supereffective|p2a: Harambe\n|-damage|p2a: Harambe|69\/100\n|\n|-weather|Snow|[upkeep]\n|-heal|p2a: Harambe|75\/100|[from] Grassy Terrain\n|-sideend|p2: Wiseblood2707|move: Aurora Veil\n|upkeep\n|turn|9\n|\n|t:|1699756064\n|move|p1a: >:(|Volt Switch|p2a: Harambe\n|-resisted|p2a: Harambe\n|-damage|p2a: Harambe|61\/100\n|\n|t:|1699756069\n|switch|p1a: Monke|Munkidori, M|100\/100|[from] Volt Switch\n|-damage|p1a: Monke|88\/100|[from] Stealth Rock\n|move|p2a: Harambe|Wood Hammer|p1a: Monke\n|-resisted|p1a: Monke\n|-damage|p1a: Monke|28\/100\n|-damage|p2a: Harambe|45\/100|[from] Recoil\n|\n|-weather|Snow|[upkeep]\n|-heal|p1a: Monke|34\/100|[from] Grassy Terrain\n|-heal|p2a: Harambe|51\/100|[from] Grassy Terrain\n|upkeep\n|turn|10\n|\n|t:|1699756089\n|-terastallize|p2a: Harambe|Grass\n|move|p2a: Harambe|Grassy Glide|p1a: Monke\n|-resisted|p1a: Monke\n|-damage|p1a: Monke|0 fnt\n|faint|p1a: Monke\n|\n|-weather|none\n|-heal|p2a: Harambe|57\/100|[from] Grassy Terrain\n|upkeep\n|\n|t:|1699756113\n|switch|p1a: Crying Child \ud83d\ude2d|Ogerpon-Wellspring, F|100\/100\n|-damage|p1a: Crying Child \ud83d\ude2d|88\/100|[from] Stealth Rock\n|turn|11\n|\n|t:|1699756128\n|move|p1a: Crying Child \ud83d\ude2d|U-turn|p2a: Harambe\n|-supereffective|p2a: Harambe\n|-damage|p2a: Harambe|7\/100\n|\n|t:|1699756135\n|switch|p1a: We don't miss u|Toxapex, M|100\/100|[from] U-turn\n|-damage|p1a: We don't miss u|88\/100|[from] Stealth Rock\n|move|p2a: Harambe|Wood Hammer|p1a: We don't miss u\n|-damage|p1a: We don't miss u|15\/100\n|-damage|p2a: Harambe|0 fnt|[from] Recoil\n|faint|p2a: Harambe\n|\n|-heal|p1a: We don't miss u|21\/100|[from] Grassy Terrain\n|-heal|p1a: We don't miss u|27\/100|[from] item: Leftovers\n|upkeep\n|\n|t:|1699756146\n|switch|p2a: Deburas|Abomasnow, F|59\/100 tox\n|-weather|Snow|[from] ability: Snow Warning|[of] p2a: Deburas\n|turn|12\n|\n|t:|1699756176\n|switch|p1a: 30secs|Rotom-Heat, shiny|100\/100\n|-damage|p1a: 30secs|76\/100|[from] Stealth Rock\n|move|p2a: Deburas|Aurora Veil|p2a: Deburas\n|-sidestart|p2: Wiseblood2707|move: Aurora Veil\n|\n|-weather|Snow|[upkeep]\n|-heal|p2a: Deburas|65\/100 tox|[from] Grassy Terrain\n|-damage|p2a: Deburas|59\/100 tox|[from] psn\n|-fieldend|move: Grassy Terrain\n|upkeep\n|turn|13\n|\n|t:|1699756203\n|switch|p2a: Bocachico|Dragapult, F|100\/100\n|move|p1a: 30secs|Will-O-Wisp|p2a: Bocachico\n|-status|p2a: Bocachico|brn\n|\n|-weather|Snow|[upkeep]\n|-damage|p2a: Bocachico|95\/100 brn|[from] brn\n|upkeep\n|turn|14\n|\n|t:|1699756226\n|switch|p1a: Sacalamonda|Sandaconda, M|94\/100\n|-damage|p1a: Sacalamonda|88\/100|[from] Stealth Rock\n|move|p2a: Bocachico|Shadow Ball|p1a: Sacalamonda\n|-damage|p1a: Sacalamonda|19\/100\n|\n|-weather|Snow|[upkeep]\n|-damage|p2a: Bocachico|89\/100 brn|[from] brn\n|upkeep\n|turn|15\n|\n|t:|1699756241\n|move|p2a: Bocachico|Shadow Ball|p1a: Sacalamonda\n|-damage|p1a: Sacalamonda|0 fnt\n|faint|p1a: Sacalamonda\n|\n|-weather|Snow|[upkeep]\n|-damage|p2a: Bocachico|83\/100 brn|[from] brn\n|upkeep\n|\n|t:|1699756247\n|switch|p1a: >:(|Electrode-Hisui, shiny, tera:Ice|100\/100\n|turn|16\n|\n|t:|1699756260\n|switch|p2a: Memill\u00edn|Crawdaunt, F|100\/100\n|move|p1a: >:(|Thunderbolt|p2a: Memill\u00edn\n|-supereffective|p2a: Memill\u00edn\n|-damage|p2a: Memill\u00edn|26\/100\n|\n|-weather|Snow|[upkeep]\n|-sideend|p2: Wiseblood2707|move: Aurora Veil\n|upkeep\n|turn|17\n|\n|t:|1699756276\n|switch|p2a: Shrek|Golem-Alola, M|88\/100 brn\n|move|p1a: >:(|Leaf Storm|p2a: Shrek\n|-supereffective|p2a: Shrek\n|-damage|p2a: Shrek|0 fnt\n|-unboost|p1a: >:(|spa|2\n|faint|p2a: Shrek\n|\n|-weather|Snow|[upkeep]\n|upkeep\n|\n|t:|1699756285\n|switch|p2a: Bocachico|Dragapult, F|83\/100 brn\n|turn|18\n|c| LupinoFTW|HE'S FUCKING OUT\n|\n|t:|1699756308\n|switch|p1a: We don't miss u|Toxapex, M|61\/100\n|-damage|p1a: We don't miss u|48\/100|[from] Stealth Rock\n|switch|p2a: Deburas|Abomasnow, F|59\/100 tox\n|\n|-weather|Snow|[upkeep]\n|-heal|p1a: We don't miss u|54\/100|[from] item: Leftovers\n|-damage|p2a: Deburas|53\/100 tox|[from] psn\n|upkeep\n|turn|19\n|\n|t:|1699756326\n|move|p2a: Deburas|Aurora Veil|p2a: Deburas\n|-sidestart|p2: Wiseblood2707|move: Aurora Veil\n|move|p1a: We don't miss u|Recover|p1a: We don't miss u\n|-heal|p1a: We don't miss u|100\/100\n|\n|-weather|none\n|-damage|p2a: Deburas|41\/100 tox|[from] psn\n|upkeep\n|turn|20\n|\n|t:|1699756340\n|move|p2a: Deburas|Wood Hammer|p1a: We don't miss u\n|-crit|p1a: We don't miss u\n|-damage|p1a: We don't miss u|45\/100\n|-damage|p2a: Deburas|23\/100 tox|[from] Recoil\n|move|p1a: We don't miss u|Surf|p2a: Deburas\n|-resisted|p2a: Deburas\n|-damage|p2a: Deburas|18\/100 tox\n|\n|-heal|p1a: We don't miss u|51\/100|[from] item: Leftovers\n|-damage|p2a: Deburas|0 fnt|[from] psn\n|faint|p2a: Deburas\n|upkeep\n|\n|t:|1699756351\n|switch|p2a: Ronaldinho|Articuno|100\/100\n|-ability|p2a: Ronaldinho|Pressure\n|turn|21\n|\n|t:|1699756364\n|move|p2a: Ronaldinho|Freeze-Dry|p1a: We don't miss u\n|-supereffective|p1a: We don't miss u\n|-damage|p1a: We don't miss u|3\/100\n|move|p1a: We don't miss u|Toxic|p2a: Ronaldinho\n|-status|p2a: Ronaldinho|tox\n|\n|-heal|p1a: We don't miss u|10\/100|[from] item: Leftovers\n|-damage|p2a: Ronaldinho|94\/100 tox|[from] psn\n|upkeep\n|turn|22\n|\n|t:|1699756375\n|switch|p1a: 30secs|Rotom-Heat, shiny|76\/100\n|-damage|p1a: 30secs|51\/100|[from] Stealth Rock\n|move|p2a: Ronaldinho|Freeze-Dry|p1a: 30secs\n|-resisted|p1a: 30secs\n|-damage|p1a: 30secs|30\/100\n|\n|-damage|p2a: Ronaldinho|82\/100 tox|[from] psn\n|upkeep\n|turn|23\n|\n|t:|1699756390\n|switch|p2a: Memill\u00edn|Crawdaunt, F|26\/100\n|move|p1a: 30secs|Volt Switch|p2a: Memill\u00edn\n|-supereffective|p2a: Memill\u00edn\n|-damage|p2a: Memill\u00edn|0 fnt\n|faint|p2a: Memill\u00edn\n|\n|t:|1699756398\n|switch|p1a: >:(|Electrode-Hisui, shiny, tera:Ice|100\/100|[from] Volt Switch\n|\n|-sideend|p2: Wiseblood2707|move: Aurora Veil\n|upkeep\n|\n|t:|1699756411\n|switch|p2a: Bocachico|Dragapult, F|83\/100 brn\n|turn|24\n|\n|t:|1699756430\n|move|p1a: >:(|Tera Blast|p2a: Bocachico|[anim] Tera Blast Ice\n|-supereffective|p2a: Bocachico\n|-damage|p2a: Bocachico|5\/100 brn\n|move|p2a: Bocachico|Draco Meteor|p1a: >:(\n|-damage|p1a: >:(|0 fnt\n|-unboost|p2a: Bocachico|spa|2\n|faint|p1a: >:(\n|\n|-damage|p2a: Bocachico|0 fnt|[from] brn\n|faint|p2a: Bocachico\n|upkeep\n|\n|t:|1699756440\n|switch|p1a: 30secs|Rotom-Heat, shiny|30\/100\n|switch|p2a: Ronaldinho|Articuno|82\/100 tox\n|-damage|p1a: 30secs|5\/100|[from] Stealth Rock\n|-ability|p2a: Ronaldinho|Pressure\n|turn|25\n|\n|t:|1699756449\n|move|p1a: 30secs|Volt Switch|p2a: Ronaldinho\n|-supereffective|p2a: Ronaldinho\n|-damage|p2a: Ronaldinho|29\/100 tox\n|\n|t:|1699756466\n|switch|p1a: We don't miss u|Toxapex, M|43\/100|[from] Volt Switch\n|-damage|p1a: We don't miss u|30\/100|[from] Stealth Rock\n|move|p2a: Ronaldinho|Freeze-Dry|p1a: We don't miss u\n|-supereffective|p1a: We don't miss u\n|-crit|p1a: We don't miss u\n|-damage|p1a: We don't miss u|0 fnt\n|faint|p1a: We don't miss u\n|\n|-damage|p2a: Ronaldinho|23\/100 tox|[from] psn\n|upkeep\n|\n|t:|1699756479\n|switch|p1a: Crying Child \ud83d\ude2d|Ogerpon-Wellspring, F|88\/100\n|-damage|p1a: Crying Child \ud83d\ude2d|76\/100|[from] Stealth Rock\n|turn|26\n|\n|t:|1699756485\n|move|p2a: Ronaldinho|Freeze-Dry|p1a: Crying Child \ud83d\ude2d\n|-supereffective|p1a: Crying Child \ud83d\ude2d\n|-damage|p1a: Crying Child \ud83d\ude2d|0 fnt\n|faint|p1a: Crying Child \ud83d\ude2d\n|\n|-damage|p2a: Ronaldinho|10\/100 tox|[from] psn\n|upkeep\n|c| LupinoFTW|QUEEEEEE\n|c|\u2606LuG_18|ggs\n|c| LuichoX|BRO\n|\n|t:|1699756497\n|switch|p1a: 30secs|Rotom-Heat, shiny|5\/100\n|-damage|p1a: 30secs|0 fnt|[from] Stealth Rock\n|faint|p1a: 30secs\n|\n|win|Wiseblood2707\n|c|\u2606Wiseblood2707|SIUUUUUU\n","uploadtime":1699756520,"views":17,"p1id":"lug18","p2id":"wiseblood2707","formatid":"gen9ou","rating":0,"private":0,"password":""}