{"id":"gen9ou-1993940805","p1":"bastardinian","p2":"MattFI","format":"[Gen 9] OU","log":"|j|\u2606bastardinian\n|j|\u2606MattFI\n|t:|1700379382\n|gametype|singles\n|player|p1|bastardinian|ethan|1026\n|player|p2|MattFI|lucas|1106\n|teamsize|p1|6\n|teamsize|p2|6\n|gen|9\n|tier|[Gen 9] OU\n|rated|\n|rule|Sleep Clause Mod: Limit one foe put to sleep\n|rule|Species Clause: Limit one of each Pok\u00e9mon\n|rule|OHKO Clause: OHKO moves are banned\n|rule|Evasion Items Clause: Evasion items are banned\n|rule|Evasion Moves Clause: Evasion moves are banned\n|rule|Endless Battle Clause: Forcing endless battles is banned\n|rule|HP Percentage Mod: HP is shown in percentages\n|clearpoke\n|poke|p1|Samurott-Hisui, M|\n|poke|p1|Gholdengo|\n|poke|p1|Ceruledge, F|\n|poke|p1|Rillaboom, F|\n|poke|p1|Zamazenta-*|\n|poke|p1|Great Tusk|\n|poke|p2|Cinderace, M|\n|poke|p2|Gastrodon-East, M|\n|poke|p2|Overqwil, M|\n|poke|p2|Electrode-Hisui|\n|poke|p2|Dragapult, F|\n|poke|p2|Zapdos-Galar|\n|teampreview\n|inactive|Battle timer is ON: inactive players will automatically lose when time's up. (requested by bastardinian)\n|\n|t:|1700379400\n|start\n|switch|p1a: Great Tusk|Great Tusk|100\/100\n|switch|p2a: Electrode|Electrode-Hisui|100\/100\n|-enditem|p1a: Great Tusk|Booster Energy\n|-activate|p1a: Great Tusk|ability: Protosynthesis|[fromitem]\n|-start|p1a: Great Tusk|protosynthesisspe\n|turn|1\n|\n|t:|1700379421\n|switch|p2a: Zapdos|Zapdos-Galar|100\/100\n|move|p1a: Great Tusk|Bulk Up|p1a: Great Tusk\n|-boost|p1a: Great Tusk|atk|1\n|-boost|p1a: Great Tusk|def|1\n|\n|upkeep\n|turn|2\n|\n|t:|1700379429\n|move|p1a: Great Tusk|Ice Spinner|p2a: Zapdos\n|-supereffective|p2a: Zapdos\n|-damage|p2a: Zapdos|16\/100\n|move|p2a: Zapdos|U-turn|p1a: Great Tusk\n|-resisted|p1a: Great Tusk\n|-damage|p1a: Great Tusk|96\/100\n|\n|t:|1700379436\n|switch|p2a: Gastrodon|Gastrodon-East, M|100\/100|[from] U-turn\n|\n|upkeep\n|turn|3\n|\n|t:|1700379442\n|-end|p1a: Great Tusk|Protosynthesis|[silent]\n|switch|p1a: Rillaboom|Rillaboom, F|100\/100\n|-fieldstart|move: Grassy Terrain|[from] ability: Grassy Surge|[of] p1a: Rillaboom\n|move|p2a: Gastrodon|Surf|p1a: Rillaboom\n|-resisted|p1a: Rillaboom\n|-damage|p1a: Rillaboom|76\/100\n|\n|-heal|p1a: Rillaboom|82\/100|[from] Grassy Terrain\n|upkeep\n|turn|4\n|\n|t:|1700379452\n|-terastallize|p2a: Gastrodon|Fire\n|move|p1a: Rillaboom|Swords Dance|p1a: Rillaboom\n|-boost|p1a: Rillaboom|atk|2\n|move|p2a: Gastrodon|Sludge Bomb|p1a: Rillaboom\n|-supereffective|p1a: Rillaboom\n|-damage|p1a: Rillaboom|20\/100\n|-status|p1a: Rillaboom|psn\n|\n|-heal|p1a: Rillaboom|26\/100 psn|[from] Grassy Terrain\n|-damage|p1a: Rillaboom|14\/100 psn|[from] psn\n|upkeep\n|turn|5\n|\n|t:|1700379465\n|move|p1a: Rillaboom|Knock Off|p2a: Gastrodon\n|-damage|p2a: Gastrodon|9\/100\n|-enditem|p2a: Gastrodon|Leftovers|[from] move: Knock Off|[of] p1a: Rillaboom\n|-damage|p1a: Rillaboom|4\/100 psn|[from] item: Life Orb\n|move|p2a: Gastrodon|Sludge Bomb|p1a: Rillaboom\n|-supereffective|p1a: Rillaboom\n|-damage|p1a: Rillaboom|0 fnt\n|faint|p1a: Rillaboom\n|\n|-heal|p2a: Gastrodon|15\/100|[from] Grassy Terrain\n|upkeep\n|\n|t:|1700379471\n|switch|p1a: Great Tusk|Great Tusk|96\/100\n|turn|6\n|inactive|bastardinian has 120 seconds left.\n|\n|t:|1700379505\n|move|p1a: Great Tusk|Rapid Spin|p2a: Gastrodon\n|-damage|p2a: Gastrodon|0 fnt\n|-boost|p1a: Great Tusk|spe|1\n|faint|p2a: Gastrodon\n|\n|-heal|p1a: Great Tusk|100\/100|[from] Grassy Terrain\n|upkeep\n|\n|t:|1700379520\n|switch|p2a: Dragapult|Dragapult, F|100\/100\n|turn|7\n|\n|t:|1700379532\n|move|p1a: Great Tusk|Ice Spinner|p2a: Dragapult\n|-supereffective|p2a: Dragapult\n|-damage|p2a: Dragapult|41\/100\n|-fieldend|move: Grassy Terrain\n|move|p2a: Dragapult|U-turn|p1a: Great Tusk\n|-resisted|p1a: Great Tusk\n|-damage|p1a: Great Tusk|94\/100\n|\n|t:|1700379539\n|switch|p2a: Zapdos|Zapdos-Galar|16\/100|[from] U-turn\n|\n|upkeep\n|turn|8\n|\n|t:|1700379545\n|move|p1a: Great Tusk|Ice Spinner|p2a: Zapdos\n|-supereffective|p2a: Zapdos\n|-damage|p2a: Zapdos|0 fnt\n|faint|p2a: Zapdos\n|\n|upkeep\n|\n|t:|1700379558\n|switch|p2a: Cinderace|Cinderace, M|100\/100\n|turn|9\n|\n|t:|1700379570\n|move|p2a: Cinderace|Sucker Punch||[still]\n|-fail|p2a: Cinderace\n|move|p1a: Great Tusk|Bulk Up|p1a: Great Tusk\n|-boost|p1a: Great Tusk|atk|1\n|-boost|p1a: Great Tusk|def|1\n|\n|upkeep\n|turn|10\n|-message|MattFI forfeited.\n|\n|win|bastardinian\n|raw|bastardinian's rating: 1026 &rarr; <strong>1070<\/strong><br \/>(+44 for winning)\n|raw|MattFI's rating: 1106 &rarr; <strong>1075<\/strong><br \/>(-31 for losing)\n|l|\u2606MattFI\n","uploadtime":1700379581,"views":13,"p1id":"bastardinian","p2id":"mattfi","formatid":"gen9ou","rating":1070,"private":0,"password":""}