{"id":"gen9ou-1998363164","p1":"mikejohns","p2":"Jrmoore896","format":"[Gen 9] OU","log":"|j|\u2606mikejohns\n|j|\u2606Jrmoore896\n|t:|1700933976\n|gametype|singles\n|player|p1|mikejohns|volkner|1605\n|player|p2|Jrmoore896|lucas-gen4pt|1624\n|teamsize|p1|6\n|teamsize|p2|6\n|gen|9\n|tier|[Gen 9] OU\n|rated|\n|rule|Sleep Clause Mod: Limit one foe put to sleep\n|rule|Species Clause: Limit one of each Pok\u00e9mon\n|rule|OHKO Clause: OHKO moves are banned\n|rule|Evasion Items Clause: Evasion items are banned\n|rule|Evasion Moves Clause: Evasion moves are banned\n|rule|Endless Battle Clause: Forcing endless battles is banned\n|rule|HP Percentage Mod: HP is shown in percentages\n|clearpoke\n|poke|p1|Amoonguss, F|\n|poke|p1|Garganacl, F|\n|poke|p1|Great Tusk|\n|poke|p1|Rillaboom, F|\n|poke|p1|Skeledirge, F|\n|poke|p1|Iron Valiant|\n|poke|p2|Alomomola, M|\n|poke|p2|Toxtricity, M|\n|poke|p2|Ceruledge, M|\n|poke|p2|Clodsire, M|\n|poke|p2|Garganacl, M|\n|poke|p2|Great Tusk|\n|teampreview\n|inactive|Battle timer is ON: inactive players will automatically lose when time's up. (requested by mikejohns)\n|\n|t:|1700933997\n|start\n|switch|p1a: Garganacl|Garganacl, F|100\/100\n|switch|p2a: Clodsire|Clodsire, M|100\/100\n|turn|1\n|\n|t:|1700934004\n|move|p1a: Garganacl|Salt Cure|p2a: Clodsire\n|-resisted|p2a: Clodsire\n|-damage|p2a: Clodsire|93\/100\n|-start|p2a: Clodsire|Salt Cure\n|move|p2a: Clodsire|Stealth Rock|p1a: Garganacl\n|-sidestart|p1: mikejohns|move: Stealth Rock\n|\n|-heal|p2a: Clodsire|99\/100|[from] item: Leftovers\n|-damage|p2a: Clodsire|86\/100|[from] Salt Cure\n|upkeep\n|turn|2\n|\n|t:|1700934018\n|switch|p2a: Toxtricity|Toxtricity, M|100\/100\n|move|p1a: Garganacl|Earthquake|p2a: Toxtricity\n|-supereffective|p2a: Toxtricity\n|-damage|p2a: Toxtricity|0 fnt\n|faint|p2a: Toxtricity\n|\n|upkeep\n|\n|t:|1700934028\n|switch|p2a: Ceruledge|Ceruledge, M|100\/100\n|turn|3\n|\n|t:|1700934035\n|move|p2a: Ceruledge|Swords Dance|p2a: Ceruledge\n|-boost|p2a: Ceruledge|atk|2\n|move|p1a: Garganacl|Salt Cure|p2a: Ceruledge\n|-supereffective|p2a: Ceruledge\n|-damage|p2a: Ceruledge|61\/100\n|-start|p2a: Ceruledge|Salt Cure\n|-ability|p2a: Ceruledge|Weak Armor|boost\n|-unboost|p2a: Ceruledge|def|1\n|-boost|p2a: Ceruledge|spe|2\n|\n|-damage|p2a: Ceruledge|49\/100|[from] Salt Cure\n|upkeep\n|turn|4\n|\n|t:|1700934051\n|move|p2a: Ceruledge|Destiny Bond|p2a: Ceruledge\n|-singlemove|p2a: Ceruledge|Destiny Bond\n|move|p1a: Garganacl|Earthquake|p2a: Ceruledge\n|-supereffective|p2a: Ceruledge\n|-damage|p2a: Ceruledge|0 fnt\n|faint|p2a: Ceruledge\n|-activate|p2a: Ceruledge|move: Destiny Bond\n|faint|p1a: Garganacl\n|\n|upkeep\n|\n|t:|1700934072\n|switch|p2a: Alomomola|Alomomola, M|100\/100\n|switch|p1a: Great Tusk|Great Tusk|100\/100\n|turn|5\n|\n|t:|1700934079\n|-end|p1a: Great Tusk|Protosynthesis|[silent]\n|switch|p1a: Amoonguss|Amoonguss, F|100\/100\n|-damage|p1a: Amoonguss|88\/100|[from] Stealth Rock\n|move|p2a: Alomomola|Scald|p1a: Amoonguss\n|-resisted|p1a: Amoonguss\n|-damage|p1a: Amoonguss|82\/100\n|-status|p1a: Amoonguss|brn\n|\n|-damage|p1a: Amoonguss|76\/100 brn|[from] brn\n|upkeep\n|turn|6\n|\n|t:|1700934091\n|move|p2a: Alomomola|Flip Turn|p1a: Amoonguss\n|-resisted|p1a: Amoonguss\n|-damage|p1a: Amoonguss|70\/100 brn\n|-damage|p2a: Alomomola|84\/100|[from] item: Rocky Helmet|[of] p1a: Amoonguss\n|\n|t:|1700934097\n|switch|p2a: Garganacl|Garganacl, M|100\/100|[from] Flip Turn\n|move|p1a: Amoonguss|Spore|p2a: Garganacl\n|-immune|p2a: Garganacl|[from] ability: Purifying Salt\n|\n|-damage|p1a: Amoonguss|64\/100 brn|[from] brn\n|upkeep\n|turn|7\n|\n|t:|1700934108\n|move|p2a: Garganacl|Curse|p2a: Garganacl\n|-unboost|p2a: Garganacl|spe|1\n|-boost|p2a: Garganacl|atk|1\n|-boost|p2a: Garganacl|def|1\n|move|p1a: Amoonguss|Giga Drain|p2a: Garganacl\n|-supereffective|p2a: Garganacl\n|-damage|p2a: Garganacl|68\/100\n|-heal|p1a: Amoonguss|79\/100 brn|[from] drain|[of] p2a: Garganacl\n|\n|-heal|p2a: Garganacl|74\/100|[from] item: Leftovers\n|-damage|p1a: Amoonguss|73\/100 brn|[from] brn\n|upkeep\n|turn|8\n|\n|t:|1700934123\n|-terastallize|p2a: Garganacl|Ghost\n|move|p1a: Amoonguss|Clear Smog|p2a: Garganacl\n|-resisted|p2a: Garganacl\n|-damage|p2a: Garganacl|69\/100\n|-clearboost|p2a: Garganacl\n|move|p2a: Garganacl|Curse|p1a: Amoonguss\n|-start|p1a: Amoonguss|Curse|[of] p2a: Garganacl\n|-damage|p2a: Garganacl|19\/100\n|\n|-heal|p2a: Garganacl|25\/100|[from] item: Leftovers\n|-damage|p1a: Amoonguss|67\/100 brn|[from] brn\n|-damage|p1a: Amoonguss|42\/100 brn|[from] Curse\n|upkeep\n|turn|9\n|\n|t:|1700934151\n|switch|p1a: Iron Valiant|Iron Valiant|100\/100\n|-damage|p1a: Iron Valiant|94\/100|[from] Stealth Rock\n|-enditem|p1a: Iron Valiant|Booster Energy\n|-activate|p1a: Iron Valiant|ability: Quark Drive|[fromitem]\n|-start|p1a: Iron Valiant|quarkdrivespe\n|move|p2a: Garganacl|Recover|p2a: Garganacl\n|-heal|p2a: Garganacl|75\/100\n|\n|-heal|p2a: Garganacl|81\/100|[from] item: Leftovers\n|upkeep\n|turn|10\n|\n|t:|1700934163\n|switch|p2a: Clodsire|Clodsire, M|86\/100\n|move|p1a: Iron Valiant|Encore||[still]\n|-fail|p1a: Iron Valiant\n|\n|-heal|p2a: Clodsire|93\/100|[from] item: Leftovers\n|upkeep\n|turn|11\n|\n|t:|1700934171\n|-end|p1a: Iron Valiant|Quark Drive|[silent]\n|switch|p1a: Amoonguss|Amoonguss, F|76\/100 brn\n|-damage|p1a: Amoonguss|63\/100 brn|[from] Stealth Rock\n|move|p2a: Clodsire|Toxic||[still]\n|-fail|p2a: Clodsire\n|\n|-heal|p2a: Clodsire|99\/100|[from] item: Leftovers\n|-damage|p1a: Amoonguss|57\/100 brn|[from] brn\n|upkeep\n|turn|12\n|\n|t:|1700934182\n|switch|p2a: Garganacl|Garganacl, M, tera:Ghost|81\/100\n|move|p1a: Amoonguss|Giga Drain|p2a: Garganacl\n|-damage|p2a: Garganacl|67\/100\n|-heal|p1a: Amoonguss|64\/100 brn|[from] drain|[of] p2a: Garganacl\n|\n|-heal|p2a: Garganacl|73\/100|[from] item: Leftovers\n|-damage|p1a: Amoonguss|58\/100 brn|[from] brn\n|upkeep\n|turn|13\n|\n|t:|1700934193\n|move|p2a: Garganacl|Salt Cure|p1a: Amoonguss\n|-damage|p1a: Amoonguss|49\/100 brn\n|-start|p1a: Amoonguss|Salt Cure\n|move|p1a: Amoonguss|Giga Drain|p2a: Garganacl\n|-damage|p2a: Garganacl|58\/100\n|-heal|p1a: Amoonguss|55\/100 brn|[from] drain|[of] p2a: Garganacl\n|\n|-heal|p2a: Garganacl|64\/100|[from] item: Leftovers\n|-damage|p1a: Amoonguss|49\/100 brn|[from] brn\n|-damage|p1a: Amoonguss|37\/100 brn|[from] Salt Cure\n|upkeep\n|turn|14\n|\n|t:|1700934211\n|switch|p1a: Great Tusk|Great Tusk|100\/100\n|move|p2a: Garganacl|Recover|p2a: Garganacl\n|-heal|p2a: Garganacl|100\/100\n|\n|upkeep\n|turn|15\n|\n|t:|1700934219\n|move|p1a: Great Tusk|Stealth Rock|p2a: Garganacl\n|-sidestart|p2: Jrmoore896|move: Stealth Rock\n|move|p2a: Garganacl|Salt Cure|p1a: Great Tusk\n|-resisted|p1a: Great Tusk\n|-damage|p1a: Great Tusk|98\/100\n|-start|p1a: Great Tusk|Salt Cure\n|\n|-damage|p1a: Great Tusk|86\/100|[from] Salt Cure\n|upkeep\n|turn|16\n|\n|t:|1700934233\n|-end|p1a: Great Tusk|Protosynthesis|[silent]\n|switch|p1a: Amoonguss|Amoonguss, F|70\/100 brn\n|-damage|p1a: Amoonguss|58\/100 brn|[from] Stealth Rock\n|move|p2a: Garganacl|Curse|p1a: Amoonguss\n|-start|p1a: Amoonguss|Curse|[of] p2a: Garganacl\n|-damage|p2a: Garganacl|50\/100\n|\n|-heal|p2a: Garganacl|57\/100|[from] item: Leftovers\n|-damage|p1a: Amoonguss|52\/100 brn|[from] brn\n|-damage|p1a: Amoonguss|27\/100 brn|[from] Curse\n|upkeep\n|turn|17\n|\n|t:|1700934249\n|switch|p1a: Iron Valiant|Iron Valiant|94\/100\n|-damage|p1a: Iron Valiant|88\/100|[from] Stealth Rock\n|move|p2a: Garganacl|Recover|p2a: Garganacl\n|-heal|p2a: Garganacl|100\/100\n|\n|upkeep\n|turn|18\n|\n|t:|1700934259\n|move|p1a: Iron Valiant|Encore|p2a: Garganacl\n|-start|p2a: Garganacl|Encore\n|move|p2a: Garganacl|Recover||[still]\n|-fail|p2a: Garganacl|heal\n|\n|upkeep\n|turn|19\n|\n|t:|1700934269\n|-end|p1a: Iron Valiant|Quark Drive|[silent]\n|switch|p1a: Great Tusk|Great Tusk|86\/100\n|switch|p2a: Clodsire|Clodsire, M|99\/100\n|-damage|p2a: Clodsire|93\/100|[from] Stealth Rock\n|\n|-heal|p2a: Clodsire|99\/100|[from] item: Leftovers\n|upkeep\n|turn|20\n|\n|t:|1700934280\n|-end|p1a: Great Tusk|Protosynthesis|[silent]\n|switch|p1a: Amoonguss|Amoonguss, F|60\/100 brn\n|-damage|p1a: Amoonguss|48\/100 brn|[from] Stealth Rock\n|switch|p2a: Alomomola|Alomomola, M|100\/100\n|-damage|p2a: Alomomola|88\/100|[from] Stealth Rock\n|\n|-damage|p1a: Amoonguss|42\/100 brn|[from] brn\n|upkeep\n|turn|21\n|\n|t:|1700934299\n|move|p2a: Alomomola|Flip Turn|p1a: Amoonguss\n|-resisted|p1a: Amoonguss\n|-crit|p1a: Amoonguss\n|-damage|p1a: Amoonguss|33\/100 brn\n|-damage|p2a: Alomomola|71\/100|[from] item: Rocky Helmet|[of] p1a: Amoonguss\n|\n|t:|1700934305\n|switch|p2a: Garganacl|Garganacl, M, tera:Ghost|100\/100|[from] Flip Turn\n|-damage|p2a: Garganacl|88\/100|[from] Stealth Rock\n|move|p1a: Amoonguss|Giga Drain|p2a: Garganacl\n|-damage|p2a: Garganacl|72\/100\n|-heal|p1a: Amoonguss|40\/100 brn|[from] drain|[of] p2a: Garganacl\n|\n|-heal|p2a: Garganacl|78\/100|[from] item: Leftovers\n|-damage|p1a: Amoonguss|34\/100 brn|[from] brn\n|upkeep\n|turn|22\n|\n|t:|1700934318\n|switch|p1a: Great Tusk|Great Tusk|86\/100\n|move|p2a: Garganacl|Salt Cure|p1a: Great Tusk\n|-resisted|p1a: Great Tusk\n|-damage|p1a: Great Tusk|83\/100\n|-start|p1a: Great Tusk|Salt Cure\n|\n|-heal|p2a: Garganacl|85\/100|[from] item: Leftovers\n|-damage|p1a: Great Tusk|71\/100|[from] Salt Cure\n|upkeep\n|turn|23\n|\n|t:|1700934332\n|-end|p1a: Great Tusk|Protosynthesis|[silent]\n|switch|p1a: Amoonguss|Amoonguss, F|68\/100 brn\n|-damage|p1a: Amoonguss|55\/100 brn|[from] Stealth Rock\n|move|p2a: Garganacl|Curse|p1a: Amoonguss\n|-start|p1a: Amoonguss|Curse|[of] p2a: Garganacl\n|-damage|p2a: Garganacl|35\/100\n|\n|-heal|p2a: Garganacl|41\/100|[from] item: Leftovers\n|-damage|p1a: Amoonguss|49\/100 brn|[from] brn\n|-damage|p1a: Amoonguss|24\/100 brn|[from] Curse\n|upkeep\n|turn|24\n|\n|t:|1700934351\n|switch|p1a: Iron Valiant|Iron Valiant|88\/100\n|-damage|p1a: Iron Valiant|82\/100|[from] Stealth Rock\n|move|p2a: Garganacl|Recover|p2a: Garganacl\n|-heal|p2a: Garganacl|91\/100\n|\n|-heal|p2a: Garganacl|97\/100|[from] item: Leftovers\n|upkeep\n|turn|25\n|\n|t:|1700934362\n|switch|p2a: Clodsire|Clodsire, M|99\/100\n|-damage|p2a: Clodsire|93\/100|[from] Stealth Rock\n|move|p1a: Iron Valiant|Encore||[still]\n|-fail|p1a: Iron Valiant\n|\n|-heal|p2a: Clodsire|99\/100|[from] item: Leftovers\n|upkeep\n|turn|26\n|\n|t:|1700934377\n|-end|p1a: Iron Valiant|Quark Drive|[silent]\n|switch|p1a: Amoonguss|Amoonguss, F|58\/100 brn\n|-damage|p1a: Amoonguss|45\/100 brn|[from] Stealth Rock\n|move|p2a: Clodsire|Toxic||[still]\n|-fail|p2a: Clodsire\n|\n|-heal|p2a: Clodsire|100\/100|[from] item: Leftovers\n|-damage|p1a: Amoonguss|39\/100 brn|[from] brn\n|upkeep\n|turn|27\n|\n|t:|1700934390\n|switch|p2a: Garganacl|Garganacl, M, tera:Ghost|97\/100\n|-damage|p2a: Garganacl|85\/100|[from] Stealth Rock\n|move|p1a: Amoonguss|Giga Drain|p2a: Garganacl\n|-damage|p2a: Garganacl|70\/100\n|-heal|p1a: Amoonguss|46\/100 brn|[from] drain|[of] p2a: Garganacl\n|\n|-heal|p2a: Garganacl|76\/100|[from] item: Leftovers\n|-damage|p1a: Amoonguss|40\/100 brn|[from] brn\n|upkeep\n|turn|28\n|\n|t:|1700934414\n|switch|p1a: Great Tusk|Great Tusk|71\/100\n|move|p2a: Garganacl|Salt Cure|p1a: Great Tusk\n|-resisted|p1a: Great Tusk\n|-damage|p1a: Great Tusk|68\/100\n|-start|p1a: Great Tusk|Salt Cure\n|\n|-heal|p2a: Garganacl|82\/100|[from] item: Leftovers\n|-damage|p1a: Great Tusk|56\/100|[from] Salt Cure\n|upkeep\n|turn|29\n|\n|t:|1700934427\n|-end|p1a: Great Tusk|Protosynthesis|[silent]\n|switch|p1a: Amoonguss|Amoonguss, F|74\/100 brn\n|-damage|p1a: Amoonguss|61\/100 brn|[from] Stealth Rock\n|move|p2a: Garganacl|Earthquake|p1a: Amoonguss\n|-damage|p1a: Amoonguss|43\/100 brn\n|\n|-heal|p2a: Garganacl|88\/100|[from] item: Leftovers\n|-damage|p1a: Amoonguss|37\/100 brn|[from] brn\n|upkeep\n|turn|30\n|inactive|mikejohns has 120 seconds left.\n|\n|t:|1700934479\n|switch|p1a: Great Tusk|Great Tusk|56\/100\n|move|p2a: Garganacl|Salt Cure|p1a: Great Tusk\n|-resisted|p1a: Great Tusk\n|-damage|p1a: Great Tusk|54\/100\n|-start|p1a: Great Tusk|Salt Cure\n|\n|-heal|p2a: Garganacl|94\/100|[from] item: Leftovers\n|-damage|p1a: Great Tusk|41\/100|[from] Salt Cure\n|upkeep\n|turn|31\n|\n|t:|1700934493\n|-end|p1a: Great Tusk|Protosynthesis|[silent]\n|switch|p1a: Rillaboom|Rillaboom, F|100\/100\n|-damage|p1a: Rillaboom|88\/100|[from] Stealth Rock\n|-fieldstart|move: Grassy Terrain|[from] ability: Grassy Surge|[of] p1a: Rillaboom\n|move|p2a: Garganacl|Earthquake|p1a: Rillaboom\n|-resisted|p1a: Rillaboom\n|-damage|p1a: Rillaboom|82\/100\n|\n|-heal|p1a: Rillaboom|88\/100|[from] Grassy Terrain\n|-heal|p2a: Garganacl|100\/100|[from] Grassy Terrain\n|upkeep\n|turn|32\n|\n|t:|1700934506\n|move|p1a: Rillaboom|Knock Off|p2a: Garganacl\n|-supereffective|p2a: Garganacl\n|-damage|p2a: Garganacl|34\/100\n|-enditem|p2a: Garganacl|Leftovers|[from] move: Knock Off|[of] p1a: Rillaboom\n|move|p2a: Garganacl|Salt Cure|p1a: Rillaboom\n|-damage|p1a: Rillaboom|72\/100\n|-start|p1a: Rillaboom|Salt Cure\n|\n|-heal|p1a: Rillaboom|79\/100|[from] Grassy Terrain\n|-heal|p2a: Garganacl|40\/100|[from] Grassy Terrain\n|-damage|p1a: Rillaboom|66\/100|[from] Salt Cure\n|upkeep\n|turn|33\n|\n|t:|1700934519\n|switch|p1a: Iron Valiant|Iron Valiant|82\/100\n|-damage|p1a: Iron Valiant|76\/100|[from] Stealth Rock\n|switch|p2a: Great Tusk|Great Tusk|100\/100\n|\n|-heal|p1a: Iron Valiant|82\/100|[from] Grassy Terrain\n|upkeep\n|turn|34\n|\n|t:|1700934530\n|-end|p2a: Great Tusk|Protosynthesis|[silent]\n|switch|p2a: Clodsire|Clodsire, M|100\/100\n|-damage|p2a: Clodsire|94\/100|[from] Stealth Rock\n|move|p1a: Iron Valiant|Moonblast|p2a: Clodsire\n|-resisted|p2a: Clodsire\n|-damage|p2a: Clodsire|82\/100\n|\n|-heal|p1a: Iron Valiant|88\/100|[from] Grassy Terrain\n|-heal|p2a: Clodsire|88\/100|[from] Grassy Terrain\n|-heal|p2a: Clodsire|95\/100|[from] item: Leftovers\n|upkeep\n|turn|35\n|inactive|mikejohns has 120 seconds left.\n|\n|t:|1700934543\n|-end|p1a: Iron Valiant|Quark Drive|[silent]\n|switch|p1a: Amoonguss|Amoonguss, F|70\/100 brn\n|-damage|p1a: Amoonguss|58\/100 brn|[from] Stealth Rock\n|switch|p2a: Great Tusk|Great Tusk|100\/100\n|\n|-heal|p1a: Amoonguss|64\/100 brn|[from] Grassy Terrain\n|-damage|p1a: Amoonguss|58\/100 brn|[from] brn\n|-fieldend|move: Grassy Terrain\n|upkeep\n|turn|36\n|\n|t:|1700934569\n|-end|p2a: Great Tusk|Protosynthesis|[silent]\n|switch|p2a: Garganacl|Garganacl, M, tera:Ghost|40\/100\n|-damage|p2a: Garganacl|27\/100|[from] Stealth Rock\n|move|p1a: Amoonguss|Giga Drain|p2a: Garganacl\n|-damage|p2a: Garganacl|12\/100\n|-heal|p1a: Amoonguss|65\/100 brn|[from] drain|[of] p2a: Garganacl\n|\n|-damage|p1a: Amoonguss|59\/100 brn|[from] brn\n|upkeep\n|turn|37\n|inactive|mikejohns has 120 seconds left.\n|inactive|Jrmoore896 has 120 seconds left.\n|\n|t:|1700934605\n|switch|p1a: Iron Valiant|Iron Valiant|88\/100\n|-damage|p1a: Iron Valiant|82\/100|[from] Stealth Rock\n|move|p2a: Garganacl|Recover|p2a: Garganacl\n|-heal|p2a: Garganacl|62\/100\n|\n|upkeep\n|turn|38\n|\n|t:|1700934613\n|move|p1a: Iron Valiant|Encore|p2a: Garganacl\n|-start|p2a: Garganacl|Encore\n|move|p2a: Garganacl|Recover|p2a: Garganacl\n|-heal|p2a: Garganacl|100\/100\n|\n|upkeep\n|turn|39\n|\n|t:|1700934630\n|-end|p1a: Iron Valiant|Quark Drive|[silent]\n|switch|p1a: Great Tusk|Great Tusk|41\/100\n|switch|p2a: Great Tusk|Great Tusk|100\/100\n|\n|upkeep\n|turn|40\n|inactive|Jrmoore896 has 120 seconds left.\n|\n|t:|1700934647\n|-end|p1a: Great Tusk|Protosynthesis|[silent]\n|switch|p1a: Amoonguss|Amoonguss, F|93\/100 brn\n|-damage|p1a: Amoonguss|80\/100 brn|[from] Stealth Rock\n|move|p2a: Great Tusk|Rapid Spin|p1a: Amoonguss\n|-damage|p1a: Amoonguss|68\/100 brn\n|-boost|p2a: Great Tusk|spe|1\n|-damage|p2a: Great Tusk|84\/100|[from] item: Rocky Helmet|[of] p1a: Amoonguss\n|-sideend|p2: Jrmoore896|Stealth Rock|[from] move: Rapid Spin|[of] p2a: Great Tusk\n|\n|-damage|p1a: Amoonguss|62\/100 brn|[from] brn\n|upkeep\n|turn|41\n|inactive|Jrmoore896 has 120 seconds left.\n|\n|t:|1700934665\n|-end|p2a: Great Tusk|Protosynthesis|[silent]\n|switch|p2a: Alomomola|Alomomola, M|100\/100\n|move|p1a: Amoonguss|Giga Drain|p2a: Alomomola\n|-supereffective|p2a: Alomomola\n|-damage|p2a: Alomomola|42\/100\n|-heal|p1a: Amoonguss|98\/100 brn|[from] drain|[of] p2a: Alomomola\n|-enditem|p2a: Alomomola|Red Card|[of] p1a: Amoonguss\n|drag|p1a: Skeledirge|Skeledirge, F|100\/100\n|\n|upkeep\n|turn|42\n|inactive|mikejohns has 120 seconds left.\n|inactive|Jrmoore896 has 120 seconds left.\n|\n|t:|1700934681\n|switch|p1a: Amoonguss|Amoonguss, F|100\/100 brn\n|-damage|p1a: Amoonguss|88\/100 brn|[from] Stealth Rock\n|move|p2a: Alomomola|Wish|p2a: Alomomola\n|\n|-damage|p1a: Amoonguss|82\/100 brn|[from] brn\n|upkeep\n|turn|43\n|inactive|Jrmoore896 has 120 seconds left.\n|\n|t:|1700934690\n|move|p2a: Alomomola|Flip Turn|p1a: Amoonguss\n|-resisted|p1a: Amoonguss\n|-damage|p1a: Amoonguss|76\/100 brn\n|-damage|p2a: Alomomola|25\/100|[from] item: Rocky Helmet|[of] p1a: Amoonguss\n|inactive|Jrmoore896 has 120 seconds left.\n|\n|t:|1700934699\n|switch|p2a: Garganacl|Garganacl, M, tera:Ghost|100\/100|[from] Flip Turn\n|move|p1a: Amoonguss|Spore|p2a: Garganacl\n|-immune|p2a: Garganacl|[from] ability: Purifying Salt\n|\n|-damage|p1a: Amoonguss|70\/100 brn|[from] brn\n|upkeep\n|turn|44\n|inactive|mikejohns has 120 seconds left.\n|inactive|Jrmoore896 has 120 seconds left.\n|\n|t:|1700934713\n|switch|p1a: Great Tusk|Great Tusk|41\/100\n|move|p2a: Garganacl|Salt Cure|p1a: Great Tusk\n|-resisted|p1a: Great Tusk\n|-damage|p1a: Great Tusk|39\/100\n|-start|p1a: Great Tusk|Salt Cure\n|\n|-damage|p1a: Great Tusk|26\/100|[from] Salt Cure\n|upkeep\n|turn|45\n|inactive|Jrmoore896 has 120 seconds left.\n|\n|t:|1700934726\n|move|p1a: Great Tusk|Stealth Rock|p2a: Garganacl\n|-sidestart|p2: Jrmoore896|move: Stealth Rock\n|move|p2a: Garganacl|Earthquake|p1a: Great Tusk\n|-damage|p1a: Great Tusk|9\/100\n|\n|-damage|p1a: Great Tusk|0 fnt|[from] Salt Cure\n|faint|p1a: Great Tusk\n|-end|p1a: Great Tusk|Protosynthesis|[silent]\n|upkeep\n|inactive|mikejohns has 120 seconds left.\n|\n|t:|1700934768\n|switch|p1a: Rillaboom|Rillaboom, F|66\/100\n|-damage|p1a: Rillaboom|54\/100|[from] Stealth Rock\n|-fieldstart|move: Grassy Terrain|[from] ability: Grassy Surge|[of] p1a: Rillaboom\n|turn|46\n|\n|t:|1700934775\n|move|p1a: Rillaboom|Wood Hammer|p2a: Garganacl\n|-damage|p2a: Garganacl|7\/100\n|-damage|p1a: Rillaboom|17\/100|[from] Recoil\n|move|p2a: Garganacl|Salt Cure|p1a: Rillaboom\n|-damage|p1a: Rillaboom|1\/100\n|-start|p1a: Rillaboom|Salt Cure\n|\n|-heal|p1a: Rillaboom|7\/100|[from] Grassy Terrain\n|-heal|p2a: Garganacl|13\/100|[from] Grassy Terrain\n|-damage|p1a: Rillaboom|0 fnt|[from] Salt Cure\n|faint|p1a: Rillaboom\n|upkeep\n|\n|t:|1700934783\n|switch|p1a: Iron Valiant|Iron Valiant|82\/100\n|-damage|p1a: Iron Valiant|76\/100|[from] Stealth Rock\n|turn|47\n|\n|t:|1700934793\n|switch|p2a: Clodsire|Clodsire, M|95\/100\n|-damage|p2a: Clodsire|88\/100|[from] Stealth Rock\n|move|p1a: Iron Valiant|Moonblast|p2a: Clodsire\n|-resisted|p2a: Clodsire\n|-damage|p2a: Clodsire|76\/100\n|\n|-heal|p1a: Iron Valiant|82\/100|[from] Grassy Terrain\n|-heal|p2a: Clodsire|82\/100|[from] Grassy Terrain\n|-heal|p2a: Clodsire|89\/100|[from] item: Leftovers\n|upkeep\n|turn|48\n|inactive|mikejohns has 120 seconds left.\n|\n|t:|1700934810\n|-end|p1a: Iron Valiant|Quark Drive|[silent]\n|switch|p1a: Amoonguss|Amoonguss, F|100\/100 brn\n|-damage|p1a: Amoonguss|88\/100 brn|[from] Stealth Rock\n|move|p2a: Clodsire|Earthquake|p1a: Amoonguss\n|-damage|p1a: Amoonguss|77\/100 brn\n|\n|-heal|p1a: Amoonguss|83\/100 brn|[from] Grassy Terrain\n|-heal|p2a: Clodsire|95\/100|[from] Grassy Terrain\n|-heal|p2a: Clodsire|100\/100|[from] item: Leftovers\n|-damage|p1a: Amoonguss|77\/100 brn|[from] brn\n|upkeep\n|turn|49\n|\n|t:|1700934832\n|switch|p2a: Garganacl|Garganacl, M, tera:Ghost|13\/100\n|-damage|p2a: Garganacl|1\/100|[from] Stealth Rock\n|move|p1a: Amoonguss|Giga Drain|p2a: Garganacl\n|-damage|p2a: Garganacl|0 fnt\n|-heal|p1a: Amoonguss|77\/100 brn|[from] drain|[of] p2a: Garganacl\n|faint|p2a: Garganacl\n|\n|-heal|p1a: Amoonguss|83\/100 brn|[from] Grassy Terrain\n|-damage|p1a: Amoonguss|77\/100 brn|[from] brn\n|upkeep\n|inactive|Jrmoore896 has 120 seconds left.\n|\n|t:|1700934852\n|switch|p2a: Great Tusk|Great Tusk|84\/100\n|turn|50\n|\n|t:|1700934857\n|move|p2a: Great Tusk|Ice Spinner|p1a: Amoonguss\n|-supereffective|p1a: Amoonguss\n|-damage|p1a: Amoonguss|32\/100 brn\n|-damage|p2a: Great Tusk|67\/100|[from] item: Rocky Helmet|[of] p1a: Amoonguss\n|-fieldend|move: Grassy Terrain\n|move|p1a: Amoonguss|Giga Drain|p2a: Great Tusk\n|-supereffective|p2a: Great Tusk\n|-damage|p2a: Great Tusk|2\/100\n|-heal|p1a: Amoonguss|60\/100 brn|[from] drain|[of] p2a: Great Tusk\n|\n|-damage|p1a: Amoonguss|54\/100 brn|[from] brn\n|upkeep\n|turn|51\n|inactive|Jrmoore896 has 120 seconds left.\n|\n|t:|1700934879\n|move|p2a: Great Tusk|Headlong Rush|p1a: Amoonguss\n|-damage|p1a: Amoonguss|10\/100 brn\n|-unboost|p2a: Great Tusk|def|1\n|-unboost|p2a: Great Tusk|spd|1\n|-damage|p2a: Great Tusk|0 fnt|[from] item: Rocky Helmet|[of] p1a: Amoonguss\n|faint|p2a: Great Tusk\n|-end|p2a: Great Tusk|Protosynthesis|[silent]\n|move|p1a: Amoonguss|Giga Drain|p2: Great Tusk|[notarget]\n|-fail|p1a: Amoonguss\n|\n|-damage|p1a: Amoonguss|4\/100 brn|[from] brn\n|upkeep\n|\n|t:|1700934893\n|switch|p2a: Alomomola|Alomomola, M|59\/100\n|-damage|p2a: Alomomola|46\/100|[from] Stealth Rock\n|turn|52\n|\n|t:|1700934901\n|move|p2a: Alomomola|Acrobatics|p1a: Amoonguss\n|-supereffective|p1a: Amoonguss\n|-damage|p1a: Amoonguss|0 fnt\n|-damage|p2a: Alomomola|30\/100|[from] item: Rocky Helmet|[of] p1a: Amoonguss\n|faint|p1a: Amoonguss\n|\n|upkeep\n|\n|t:|1700934905\n|switch|p1a: Iron Valiant|Iron Valiant|82\/100\n|-damage|p1a: Iron Valiant|76\/100|[from] Stealth Rock\n|turn|53\n|\n|t:|1700934924\n|switch|p2a: Clodsire|Clodsire, M|100\/100\n|-damage|p2a: Clodsire|94\/100|[from] Stealth Rock\n|move|p1a: Iron Valiant|Moonblast|p2a: Clodsire\n|-resisted|p2a: Clodsire\n|-damage|p2a: Clodsire|81\/100\n|\n|-heal|p2a: Clodsire|87\/100|[from] item: Leftovers\n|upkeep\n|turn|54\n|\n|t:|1700934934\n|-terastallize|p1a: Iron Valiant|Steel\n|move|p1a: Iron Valiant|Close Combat|p2a: Clodsire\n|-resisted|p2a: Clodsire\n|-damage|p2a: Clodsire|59\/100\n|-unboost|p1a: Iron Valiant|def|1\n|-unboost|p1a: Iron Valiant|spd|1\n|move|p2a: Clodsire|Toxic|p1a: Iron Valiant\n|-immune|p1a: Iron Valiant\n|\n|-heal|p2a: Clodsire|65\/100|[from] item: Leftovers\n|upkeep\n|turn|55\n|\n|t:|1700934947\n|move|p1a: Iron Valiant|Encore|p2a: Clodsire\n|-start|p2a: Clodsire|Encore\n|move|p2a: Clodsire|Toxic|p1a: Iron Valiant\n|-immune|p1a: Iron Valiant\n|\n|-heal|p2a: Clodsire|71\/100|[from] item: Leftovers\n|upkeep\n|turn|56\n|\n|t:|1700934956\n|move|p1a: Iron Valiant|Close Combat|p2a: Clodsire\n|-resisted|p2a: Clodsire\n|-damage|p2a: Clodsire|44\/100\n|-unboost|p1a: Iron Valiant|def|1\n|-unboost|p1a: Iron Valiant|spd|1\n|move|p2a: Clodsire|Toxic|p1a: Iron Valiant\n|-immune|p1a: Iron Valiant\n|\n|-heal|p2a: Clodsire|50\/100|[from] item: Leftovers\n|upkeep\n|turn|57\n|\n|t:|1700934966\n|switch|p2a: Alomomola|Alomomola, M|63\/100\n|-damage|p2a: Alomomola|51\/100|[from] Stealth Rock\n|move|p1a: Iron Valiant|Close Combat|p2a: Alomomola\n|-damage|p2a: Alomomola|21\/100\n|-unboost|p1a: Iron Valiant|def|1\n|-unboost|p1a: Iron Valiant|spd|1\n|\n|upkeep\n|turn|58\n|\n|t:|1700934996\n|-end|p1a: Iron Valiant|Quark Drive|[silent]\n|switch|p1a: Skeledirge|Skeledirge, F|100\/100\n|switch|p2a: Clodsire|Clodsire, M|50\/100\n|-damage|p2a: Clodsire|44\/100|[from] Stealth Rock\n|\n|-heal|p2a: Clodsire|50\/100|[from] item: Leftovers\n|upkeep\n|turn|59\n|\n|t:|1700935006\n|move|p1a: Skeledirge|Will-O-Wisp|p2a: Clodsire\n|-status|p2a: Clodsire|brn\n|move|p2a: Clodsire|Recover|p2a: Clodsire\n|-heal|p2a: Clodsire|99\/100 brn\n|\n|-heal|p2a: Clodsire|100\/100 brn|[from] item: Leftovers\n|-damage|p2a: Clodsire|94\/100 brn|[from] brn\n|upkeep\n|turn|60\n|\n|t:|1700935017\n|switch|p1a: Iron Valiant|Iron Valiant, tera:Steel|76\/100\n|-damage|p1a: Iron Valiant|69\/100|[from] Stealth Rock\n|move|p2a: Clodsire|Toxic|p1a: Iron Valiant\n|-immune|p1a: Iron Valiant\n|\n|-heal|p2a: Clodsire|100\/100 brn|[from] item: Leftovers\n|-damage|p2a: Clodsire|94\/100 brn|[from] brn\n|upkeep\n|turn|61\n|\n|t:|1700935028\n|switch|p2a: Alomomola|Alomomola, M|55\/100\n|-damage|p2a: Alomomola|42\/100|[from] Stealth Rock\n|move|p1a: Iron Valiant|Encore||[still]\n|-fail|p1a: Iron Valiant\n|\n|upkeep\n|turn|62\n|\n|t:|1700935035\n|switch|p2a: Clodsire|Clodsire, M|94\/100 brn\n|-damage|p2a: Clodsire|88\/100 brn|[from] Stealth Rock\n|move|p1a: Iron Valiant|Thunderbolt|p2a: Clodsire\n|-immune|p2a: Clodsire\n|\n|-heal|p2a: Clodsire|94\/100 brn|[from] item: Leftovers\n|-damage|p2a: Clodsire|88\/100 brn|[from] brn\n|upkeep\n|turn|63\n|\n|t:|1700935050\n|-end|p1a: Iron Valiant|Quark Drive|[silent]\n|switch|p1a: Skeledirge|Skeledirge, F|100\/100\n|move|p2a: Clodsire|Earthquake|p1a: Skeledirge\n|-supereffective|p1a: Skeledirge\n|-damage|p1a: Skeledirge|76\/100\n|\n|-heal|p2a: Clodsire|94\/100 brn|[from] item: Leftovers\n|-damage|p2a: Clodsire|88\/100 brn|[from] brn\n|upkeep\n|turn|64\n|\n|t:|1700935067\n|switch|p1a: Iron Valiant|Iron Valiant, tera:Steel|69\/100\n|-damage|p1a: Iron Valiant|63\/100|[from] Stealth Rock\n|move|p2a: Clodsire|Earthquake|p1a: Iron Valiant\n|-supereffective|p1a: Iron Valiant\n|-damage|p1a: Iron Valiant|26\/100\n|\n|-heal|p2a: Clodsire|94\/100 brn|[from] item: Leftovers\n|-damage|p2a: Clodsire|88\/100 brn|[from] brn\n|upkeep\n|turn|65\n|\n|t:|1700935082\n|-end|p1a: Iron Valiant|Quark Drive|[silent]\n|switch|p1a: Skeledirge|Skeledirge, F|76\/100\n|move|p2a: Clodsire|Earthquake|p1a: Skeledirge\n|-supereffective|p1a: Skeledirge\n|-damage|p1a: Skeledirge|55\/100\n|\n|-heal|p2a: Clodsire|94\/100 brn|[from] item: Leftovers\n|-damage|p2a: Clodsire|88\/100 brn|[from] brn\n|upkeep\n|turn|66\n|\n|t:|1700935092\n|move|p1a: Skeledirge|Slack Off|p1a: Skeledirge\n|-heal|p1a: Skeledirge|100\/100\n|move|p2a: Clodsire|Toxic|p1a: Skeledirge\n|-status|p1a: Skeledirge|tox\n|\n|-heal|p2a: Clodsire|94\/100 brn|[from] item: Leftovers\n|-damage|p1a: Skeledirge|94\/100 tox|[from] psn\n|-damage|p2a: Clodsire|88\/100 brn|[from] brn\n|upkeep\n|turn|67\n|\n|t:|1700935103\n|move|p1a: Skeledirge|Hex|p2a: Clodsire\n|-damage|p2a: Clodsire|61\/100 brn\n|move|p2a: Clodsire|Earthquake|p1a: Skeledirge\n|-supereffective|p1a: Skeledirge\n|-damage|p1a: Skeledirge|71\/100 tox\n|\n|-heal|p2a: Clodsire|68\/100 brn|[from] item: Leftovers\n|-damage|p1a: Skeledirge|59\/100 tox|[from] psn\n|-damage|p2a: Clodsire|61\/100 brn|[from] brn\n|upkeep\n|turn|68\n|\n|t:|1700935114\n|move|p1a: Skeledirge|Hex|p2a: Clodsire\n|-damage|p2a: Clodsire|35\/100 brn\n|move|p2a: Clodsire|Recover|p2a: Clodsire\n|-heal|p2a: Clodsire|85\/100 brn\n|\n|-heal|p2a: Clodsire|91\/100 brn|[from] item: Leftovers\n|-damage|p1a: Skeledirge|40\/100 tox|[from] psn\n|-damage|p2a: Clodsire|85\/100 brn|[from] brn\n|upkeep\n|turn|69\n|\n|t:|1700935126\n|move|p1a: Skeledirge|Hex|p2a: Clodsire\n|-damage|p2a: Clodsire|60\/100 brn\n|move|p2a: Clodsire|Recover|p2a: Clodsire\n|-heal|p2a: Clodsire|100\/100 brn\n|\n|-damage|p1a: Skeledirge|16\/100 tox|[from] psn\n|-damage|p2a: Clodsire|94\/100 brn|[from] brn\n|upkeep\n|turn|70\n|\n|t:|1700935137\n|move|p1a: Skeledirge|Hex|p2a: Clodsire\n|-damage|p2a: Clodsire|70\/100 brn\n|move|p2a: Clodsire|Earthquake|p1a: Skeledirge\n|-supereffective|p1a: Skeledirge\n|-damage|p1a: Skeledirge|0 fnt\n|faint|p1a: Skeledirge\n|\n|-heal|p2a: Clodsire|77\/100 brn|[from] item: Leftovers\n|-damage|p2a: Clodsire|70\/100 brn|[from] brn\n|upkeep\n|\n|t:|1700935140\n|switch|p1a: Iron Valiant|Iron Valiant, tera:Steel|26\/100\n|-damage|p1a: Iron Valiant|20\/100|[from] Stealth Rock\n|turn|71\n|\n|t:|1700935152\n|move|p1a: Iron Valiant|Close Combat|p2a: Clodsire\n|-resisted|p2a: Clodsire\n|-damage|p2a: Clodsire|41\/100 brn\n|-unboost|p1a: Iron Valiant|def|1\n|-unboost|p1a: Iron Valiant|spd|1\n|move|p2a: Clodsire|Earthquake|p1a: Iron Valiant\n|-supereffective|p1a: Iron Valiant\n|-damage|p1a: Iron Valiant|0 fnt\n|faint|p1a: Iron Valiant\n|-end|p1a: Iron Valiant|Quark Drive|[silent]\n|\n|win|Jrmoore896\n|raw|mikejohns's rating: 1605 &rarr; <strong>1586<\/strong><br \/>(-19 for losing)\n|raw|Jrmoore896's rating: 1624 &rarr; <strong>1643<\/strong><br \/>(+19 for winning)\n|l|\u2606mikejohns\n","uploadtime":1700935164,"views":3,"p1id":"mikejohns","p2id":"jrmoore896","formatid":"gen9ou","rating":1586,"private":0,"password":""}