{"id":"gen9ou-1999980547","p1":"yamiyami17","p2":"Jpatters1000","format":"[Gen 9] OU","log":"|j|\u2606yamiyami17\n|j|\u2606Jpatters1000\n|t:|1701137226\n|gametype|singles\n|player|p1|yamiyami17|102|1342\n|player|p2|Jpatters1000|scientist-gen4|1374\n|teamsize|p1|6\n|teamsize|p2|6\n|gen|9\n|tier|[Gen 9] OU\n|rated|\n|rule|Sleep Clause Mod: Limit one foe put to sleep\n|rule|Species Clause: Limit one of each Pok\u00e9mon\n|rule|OHKO Clause: OHKO moves are banned\n|rule|Evasion Items Clause: Evasion items are banned\n|rule|Evasion Moves Clause: Evasion moves are banned\n|rule|Endless Battle Clause: Forcing endless battles is banned\n|rule|HP Percentage Mod: HP is shown in percentages\n|clearpoke\n|poke|p1|Tyranitar, F|\n|poke|p1|Lycanroc, F|\n|poke|p1|Kleavor, F|\n|poke|p1|Rillaboom, F|\n|poke|p1|Greninja-*, M|\n|poke|p1|Zapdos|\n|poke|p2|Slowking-Galar, F|\n|poke|p2|Alomomola, F|\n|poke|p2|Jolteon, F|\n|poke|p2|Talonflame, F|\n|poke|p2|Cinderace, F|\n|poke|p2|Hoopa-Unbound|\n|teampreview\n|\n|t:|1701137235\n|start\n|switch|p1a: Kleavor|Kleavor, F|100\/100\n|switch|p2a: Alomomola|Alomomola, F|100\/100\n|turn|1\n|\n|t:|1701137241\n|switch|p1a: Zapdos|Zapdos|100\/100\n|move|p2a: Alomomola|Flip Turn|p1a: Zapdos\n|-damage|p1a: Zapdos|84\/100\n|\n|t:|1701137245\n|switch|p2a: Hoopa|Hoopa-Unbound|100\/100|[from] Flip Turn\n|\n|-heal|p1a: Zapdos|90\/100|[from] item: Leftovers\n|upkeep\n|turn|2\n|\n|t:|1701137258\n|switch|p1a: Tyranitar|Tyranitar, F|100\/100\n|-weather|Sandstorm|[from] ability: Sand Stream|[of] p1a: Tyranitar\n|move|p2a: Hoopa|Focus Blast|p1a: Tyranitar\n|-supereffective|p1a: Tyranitar\n|-damage|p1a: Tyranitar|0 fnt\n|faint|p1a: Tyranitar\n|\n|-weather|Sandstorm|[upkeep]\n|-damage|p2a: Hoopa|94\/100|[from] Sandstorm\n|upkeep\n|\n|t:|1701137265\n|switch|p1a: Lycanroc|Lycanroc, F|100\/100\n|turn|3\n|\n|t:|1701137273\n|switch|p2a: Alomomola|Alomomola, F|100\/100\n|-terastallize|p1a: Lycanroc|Rock\n|move|p1a: Lycanroc|Stone Edge|p2a: Alomomola\n|-damage|p2a: Alomomola|44\/100\n|\n|-weather|Sandstorm|[upkeep]\n|-damage|p2a: Alomomola|38\/100|[from] Sandstorm\n|upkeep\n|turn|4\n|\n|t:|1701137298\n|switch|p2a: Slowking|Slowking-Galar, F|100\/100\n|move|p1a: Lycanroc|Stone Edge|p2a: Slowking\n|-damage|p2a: Slowking|6\/100\n|\n|-weather|Sandstorm|[upkeep]\n|-damage|p2a: Slowking|0 fnt|[from] Sandstorm\n|faint|p2a: Slowking\n|upkeep\n|\n|t:|1701137305\n|switch|p2a: Jolteon|Jolteon, F|100\/100\n|turn|5\n|\n|t:|1701137308\n|move|p1a: Lycanroc|Stone Edge|p2a: Jolteon\n|-damage|p2a: Jolteon|0 fnt\n|faint|p2a: Jolteon\n|\n|-weather|Sandstorm|[upkeep]\n|upkeep\n|\n|t:|1701137314\n|switch|p2a: Hoopa|Hoopa-Unbound|94\/100\n|turn|6\n|\n|t:|1701137316\n|move|p1a: Lycanroc|Stone Edge|p2a: Hoopa\n|-damage|p2a: Hoopa|0 fnt\n|faint|p2a: Hoopa\n|\n|-weather|none\n|upkeep\n|\n|t:|1701137320\n|switch|p2a: Alomomola|Alomomola, F|71\/100\n|turn|7\n|\n|t:|1701137323\n|move|p1a: Lycanroc|Stone Edge|p2a: Alomomola\n|-damage|p2a: Alomomola|20\/100\n|move|p2a: Alomomola|Flip Turn|p1a: Lycanroc\n|-supereffective|p1a: Lycanroc\n|-damage|p1a: Lycanroc|47\/100\n|\n|t:|1701137326\n|switch|p2a: Cinderace|Cinderace, F|100\/100|[from] Flip Turn\n|\n|upkeep\n|turn|8\n|\n|t:|1701137330\n|move|p2a: Cinderace|Sucker Punch|p1a: Lycanroc\n|-start|p2a: Cinderace|typechange|Dark|[from] ability: Libero\n|-damage|p1a: Lycanroc|0 fnt\n|faint|p1a: Lycanroc\n|\n|upkeep\n|\n|t:|1701137337\n|switch|p1a: Kleavor|Kleavor, F|100\/100\n|turn|9\n|\n|t:|1701137352\n|switch|p2a: Talonflame|Talonflame, F|100\/100\n|move|p1a: Kleavor|Stone Axe|p2a: Talonflame\n|-supereffective|p2a: Talonflame\n|-damage|p2a: Talonflame|0 fnt\n|-sidestart|p2: Jpatters1000|move: Stealth Rock\n|faint|p2a: Talonflame\n|-damage|p1a: Kleavor|91\/100|[from] item: Life Orb\n|\n|upkeep\n|-message|Jpatters1000 forfeited.\n|\n|win|yamiyami17\n|raw|yamiyami17's rating: 1342 &rarr; <strong>1364<\/strong><br \/>(+22 for winning)\n|raw|Jpatters1000's rating: 1374 &rarr; <strong>1352<\/strong><br \/>(-22 for losing)\n|l|\u2606Jpatters1000\n","uploadtime":1701137361,"views":4,"p1id":"yamiyami17","p2id":"jpatters1000","formatid":"gen9ou","rating":1352,"private":0,"password":""}