{"id":"gen9ou-1997551481","p1":"s1eepiOG","p2":"zd oneshot","format":"[Gen 9] OU","log":"|j|\u2606s1eepiOG\n|j|\u2606zd oneshot\n|t:|1700824230\n|gametype|singles\n|player|p1|s1eepiOG|caitlin|1128\n|player|p2|zd oneshot|101|1069\n|teamsize|p1|6\n|teamsize|p2|6\n|gen|9\n|tier|[Gen 9] OU\n|rated|\n|rule|Sleep Clause Mod: Limit one foe put to sleep\n|rule|Species Clause: Limit one of each Pok\u00e9mon\n|rule|OHKO Clause: OHKO moves are banned\n|rule|Evasion Items Clause: Evasion items are banned\n|rule|Evasion Moves Clause: Evasion moves are banned\n|rule|Endless Battle Clause: Forcing endless battles is banned\n|rule|HP Percentage Mod: HP is shown in percentages\n|clearpoke\n|poke|p1|Blissey, F|\n|poke|p1|Torkoal, F|\n|poke|p1|Murkrow, F|\n|poke|p1|Dondozo, M|\n|poke|p1|Glimmora, M|\n|poke|p1|Kingambit, M|\n|poke|p2|Salazzle, F|\n|poke|p2|Zarude-Dada|\n|poke|p2|Tatsugiri, M|\n|poke|p2|Grafaiai, M|\n|poke|p2|Polteageist|\n|poke|p2|Enamorus, F|\n|teampreview\n|\n|t:|1700824251\n|start\n|switch|p1a: Torkoal|Torkoal, F|100\/100\n|switch|p2a: Salazzle|Salazzle, F, shiny|100\/100\n|-weather|SunnyDay|[from] ability: Drought|[of] p1a: Torkoal\n|turn|1\n|\n|t:|1700824262\n|move|p2a: Salazzle|Toxic|p1a: Torkoal\n|-status|p1a: Torkoal|tox\n|move|p1a: Torkoal|Earth Power|p2a: Salazzle\n|-supereffective|p2a: Salazzle\n|-damage|p2a: Salazzle|0 fnt\n|faint|p2a: Salazzle\n|\n|-weather|SunnyDay|[upkeep]\n|-damage|p1a: Torkoal|94\/100 tox|[from] psn\n|upkeep\n|\n|t:|1700824276\n|switch|p2a: Polteageist|Polteageist|100\/100\n|turn|2\n|\n|t:|1700824289\n|move|p2a: Polteageist|Shell Smash|p2a: Polteageist\n|-unboost|p2a: Polteageist|def|1\n|-unboost|p2a: Polteageist|spd|1\n|-boost|p2a: Polteageist|atk|2\n|-boost|p2a: Polteageist|spa|2\n|-boost|p2a: Polteageist|spe|2\n|move|p1a: Torkoal|Eruption|p2a: Polteageist\n|-enditem|p2a: Polteageist|Focus Sash\n|-damage|p2a: Polteageist|1\/100\n|\n|-weather|SunnyDay|[upkeep]\n|-damage|p1a: Torkoal|82\/100 tox|[from] psn\n|upkeep\n|turn|3\n|\n|t:|1700824305\n|move|p2a: Polteageist|Shadow Ball|p1a: Torkoal\n|-damage|p1a: Torkoal|0 fnt\n|faint|p1a: Torkoal\n|\n|-weather|SunnyDay|[upkeep]\n|upkeep\n|\n|t:|1700824315\n|switch|p1a: Murkrow|Murkrow, F, shiny|100\/100\n|turn|4\n|\n|t:|1700824327\n|move|p1a: Murkrow|Tailwind|p1a: Murkrow\n|-sidestart|p1: s1eepiOG|move: Tailwind\n|move|p2a: Polteageist|Shell Smash|p2a: Polteageist\n|-unboost|p2a: Polteageist|def|1\n|-unboost|p2a: Polteageist|spd|1\n|-boost|p2a: Polteageist|atk|2\n|-boost|p2a: Polteageist|spa|2\n|-boost|p2a: Polteageist|spe|2\n|\n|-weather|SunnyDay|[upkeep]\n|upkeep\n|turn|5\n|\n|t:|1700824343\n|move|p2a: Polteageist|Tera Blast|p1a: Murkrow\n|-damage|p1a: Murkrow|19\/100\n|move|p1a: Murkrow|Foul Play|p2a: Polteageist\n|-supereffective|p2a: Polteageist\n|-damage|p2a: Polteageist|0 fnt\n|faint|p2a: Polteageist\n|\n|-weather|none\n|upkeep\n|\n|t:|1700824363\n|switch|p2a: Grafaiai|Grafaiai, M, shiny|100\/100\n|turn|6\n|\n|t:|1700824372\n|move|p2a: Grafaiai|Encore|p1a: Murkrow\n|-hint|Since gen 7, Dark is immune to Prankster moves.\n|-immune|p1a: Murkrow\n|move|p1a: Murkrow|Foul Play|p2a: Grafaiai\n|-damage|p2a: Grafaiai|62\/100\n|\n|-heal|p2a: Grafaiai|68\/100|[from] item: Leftovers\n|upkeep\n|turn|7\n|\n|t:|1700824384\n|switch|p2a: Zarude|Zarude-Dada|100\/100\n|move|p1a: Murkrow|Air Slash|p2a: Zarude\n|-supereffective|p2a: Zarude\n|-damage|p2a: Zarude|67\/100\n|\n|-sideend|p1: s1eepiOG|move: Tailwind\n|upkeep\n|turn|8\n|\n|t:|1700824394\n|move|p2a: Zarude|Crunch|p1a: Murkrow\n|-resisted|p1a: Murkrow\n|-damage|p1a: Murkrow|0 fnt\n|faint|p1a: Murkrow\n|\n|upkeep\n|\n|t:|1700824408\n|switch|p1a: Dondozo|Dondozo, M|100\/100\n|turn|9\n|\n|t:|1700824416\n|switch|p1a: Glimmora|Glimmora, M|100\/100\n|move|p2a: Zarude|Seed Bomb|p1a: Glimmora\n|-damage|p1a: Glimmora|59\/100\n|\n|upkeep\n|turn|10\n|\n|t:|1700824429\n|move|p2a: Zarude|Seed Bomb|p1a: Glimmora\n|-damage|p1a: Glimmora|13\/100\n|move|p1a: Glimmora|Toxic|p2a: Zarude\n|-status|p2a: Zarude|tox\n|\n|-damage|p2a: Zarude|61\/100 tox|[from] psn\n|upkeep\n|turn|11\n|\n|t:|1700824441\n|move|p2a: Zarude|Seed Bomb|p1a: Glimmora\n|-damage|p1a: Glimmora|0 fnt\n|faint|p1a: Glimmora\n|\n|-damage|p2a: Zarude|50\/100 tox|[from] psn\n|upkeep\n|l|\u2606s1eepiOG\n|player|p1|\n|inactive|Battle timer is ON: inactive players will automatically lose when time's up. (requested by zd oneshot)\n|j|\u2606s1eepiOG\n|inactive|s1eepiOG reconnected and has 135 seconds left.\n|player|p1|s1eepiOG|caitlin\n|\n|t:|1700824550\n|switch|p1a: Blissey|Blissey, F|100\/100\n|turn|12\n|\n|t:|1700824562\n|move|p2a: Zarude|Close Combat|p1a: Blissey\n|-supereffective|p1a: Blissey\n|-damage|p1a: Blissey|0 fnt\n|-unboost|p2a: Zarude|def|1\n|-unboost|p2a: Zarude|spd|1\n|faint|p1a: Blissey\n|\n|-damage|p2a: Zarude|32\/100 tox|[from] psn\n|upkeep\n|\n|t:|1700824573\n|switch|p1a: Kingambit|Kingambit, M|100\/100\n|-activate|p1a: Kingambit|ability: Supreme Overlord\n|-start|p1a: Kingambit|fallen4|[silent]\n|turn|13\n|\n|t:|1700824587\n|move|p1a: Kingambit|Sucker Punch|p2a: Zarude\n|-resisted|p2a: Zarude\n|-damage|p2a: Zarude|0 fnt\n|faint|p2a: Zarude\n|\n|upkeep\n|\n|t:|1700824599\n|switch|p2a: Tatsugiri|Tatsugiri, M, shiny|100\/100\n|turn|14\n|\n|t:|1700824611\n|-end|p1a: Kingambit|fallen4|[silent]\n|switch|p1a: Dondozo|Dondozo, M|100\/100\n|-terastallize|p2a: Tatsugiri|Fairy\n|move|p2a: Tatsugiri|Draco Meteor|p1a: Dondozo\n|-damage|p1a: Dondozo|43\/100\n|-unboost|p2a: Tatsugiri|spa|2\n|\n|upkeep\n|turn|15\n|\n|t:|1700824625\n|switch|p2a: Enamorus|Enamorus, F|100\/100\n|move|p1a: Dondozo|Liquidation|p2a: Enamorus\n|-damage|p2a: Enamorus|27\/100\n|\n|upkeep\n|turn|16\n|\n|t:|1700824636\n|move|p2a: Enamorus|Moonblast|p1a: Dondozo\n|-damage|p1a: Dondozo|0 fnt\n|faint|p1a: Dondozo\n|\n|upkeep\n|\n|t:|1700824644\n|switch|p1a: Kingambit|Kingambit, M|100\/100\n|-activate|p1a: Kingambit|ability: Supreme Overlord\n|-start|p1a: Kingambit|fallen5|[silent]\n|turn|17\n|\n|t:|1700824655\n|switch|p2a: Grafaiai|Grafaiai, M, shiny|68\/100\n|move|p1a: Kingambit|Sucker Punch||[still]\n|-fail|p1a: Kingambit\n|\n|-heal|p2a: Grafaiai|74\/100|[from] item: Leftovers\n|upkeep\n|turn|18\n|\n|t:|1700824669\n|move|p2a: Grafaiai|Substitute|p2a: Grafaiai\n|-start|p2a: Grafaiai|Substitute\n|-damage|p2a: Grafaiai|49\/100\n|move|p1a: Kingambit|Swords Dance|p1a: Kingambit\n|-boost|p1a: Kingambit|atk|2\n|\n|-heal|p2a: Grafaiai|55\/100|[from] item: Leftovers\n|upkeep\n|turn|19\n|\n|t:|1700824681\n|move|p2a: Grafaiai|Encore|p1a: Kingambit\n|-hint|Since gen 7, Dark is immune to Prankster moves.\n|-immune|p1a: Kingambit\n|move|p1a: Kingambit|Kowtow Cleave|p2a: Grafaiai\n|-end|p2a: Grafaiai|Substitute\n|\n|-heal|p2a: Grafaiai|61\/100|[from] item: Leftovers\n|upkeep\n|turn|20\n|\n|t:|1700824694\n|move|p2a: Grafaiai|Substitute|p2a: Grafaiai\n|-start|p2a: Grafaiai|Substitute\n|-damage|p2a: Grafaiai|37\/100\n|move|p1a: Kingambit|Kowtow Cleave|p2a: Grafaiai\n|-end|p2a: Grafaiai|Substitute\n|\n|-heal|p2a: Grafaiai|43\/100|[from] item: Leftovers\n|upkeep\n|turn|21\n|\n|t:|1700824703\n|move|p2a: Grafaiai|Protect|p2a: Grafaiai\n|-singleturn|p2a: Grafaiai|Protect\n|move|p1a: Kingambit|Kowtow Cleave|p2a: Grafaiai\n|-activate|p2a: Grafaiai|move: Protect\n|\n|-heal|p2a: Grafaiai|49\/100|[from] item: Leftovers\n|upkeep\n|turn|22\n|\n|t:|1700824716\n|switch|p2a: Enamorus|Enamorus, F|27\/100\n|move|p1a: Kingambit|Kowtow Cleave|p2a: Enamorus\n|-resisted|p2a: Enamorus\n|-crit|p2a: Enamorus\n|-damage|p2a: Enamorus|0 fnt\n|faint|p2a: Enamorus\n|\n|upkeep\n|\n|t:|1700824725\n|switch|p2a: Grafaiai|Grafaiai, M, shiny|49\/100\n|turn|23\n|\n|t:|1700824732\n|move|p2a: Grafaiai|Encore|p1a: Kingambit\n|-hint|Since gen 7, Dark is immune to Prankster moves.\n|-immune|p1a: Kingambit\n|move|p1a: Kingambit|Kowtow Cleave|p2a: Grafaiai\n|-crit|p2a: Grafaiai\n|-damage|p2a: Grafaiai|0 fnt\n|faint|p2a: Grafaiai\n|\n|upkeep\n|\n|t:|1700824739\n|switch|p2a: Tatsugiri|Tatsugiri, M, shiny, tera:Fairy|100\/100\n|turn|24\n|\n|t:|1700824748\n|move|p2a: Tatsugiri|Draco Meteor|p1a: Kingambit|[miss]\n|-miss|p2a: Tatsugiri|p1a: Kingambit\n|move|p1a: Kingambit|Kowtow Cleave|p2a: Tatsugiri\n|-resisted|p2a: Tatsugiri\n|-damage|p2a: Tatsugiri|0 fnt\n|faint|p2a: Tatsugiri\n|\n|win|s1eepiOG\n|raw|s1eepiOG's rating: 1128 &rarr; <strong>1149<\/strong><br \/>(+21 for winning)\n|raw|zd oneshot's rating: 1069 &rarr; <strong>1052<\/strong><br \/>(-17 for losing)\n|l|\u2606zd oneshot\n","uploadtime":1700824982,"views":3,"p1id":"s1eepiog","p2id":"zdoneshot","formatid":"gen9ou","rating":1052,"private":0,"password":""}