{"id":"gen9ou-1990431779","p1":"Hdo13","p2":"VM","format":"[Gen 9] OU","log":"|j|\u2606Hdo13\n|j|\u2606VM\n|t:|1699970341\n|gametype|singles\n|player|p1|Hdo13|cyrus|1069\n|player|p2|VM|2|1157\n|teamsize|p1|6\n|teamsize|p2|6\n|gen|9\n|tier|[Gen 9] OU\n|rated|\n|rule|Sleep Clause Mod: Limit one foe put to sleep\n|rule|Species Clause: Limit one of each Pok\u00e9mon\n|rule|OHKO Clause: OHKO moves are banned\n|rule|Evasion Items Clause: Evasion items are banned\n|rule|Evasion Moves Clause: Evasion moves are banned\n|rule|Endless Battle Clause: Forcing endless battles is banned\n|rule|HP Percentage Mod: HP is shown in percentages\n|clearpoke\n|poke|p1|Great Tusk|\n|poke|p1|Iron Valiant|\n|poke|p1|Walking Wake|\n|poke|p1|Torkoal, F|\n|poke|p1|Iron Moth|\n|poke|p1|Ceruledge, M|\n|poke|p2|Slowbro-Galar, M|\n|poke|p2|Diancie|\n|poke|p2|Spiritomb, F|\n|poke|p2|Vaporeon, F|\n|poke|p2|Forretress, M|\n|poke|p2|Hippowdon, M|\n|teampreview\n|\n|t:|1699970349\n|start\n|switch|p1a: Torkoal|Torkoal, F, shiny|100\/100\n|switch|p2a: Vaporeon|Vaporeon, F|100\/100\n|-weather|SunnyDay|[from] ability: Drought|[of] p1a: Torkoal\n|turn|1\n|inactive|Battle timer is ON: inactive players will automatically lose when time's up. (requested by VM)\n|\n|t:|1699970357\n|move|p2a: Vaporeon|Surf|p1a: Torkoal\n|-supereffective|p1a: Torkoal\n|-damage|p1a: Torkoal|0 fnt\n|faint|p1a: Torkoal\n|\n|-weather|SunnyDay|[upkeep]\n|upkeep\n|\n|t:|1699970368\n|switch|p1a: Iron Moth|Iron Moth|100\/100\n|-enditem|p1a: Iron Moth|Booster Energy\n|-activate|p1a: Iron Moth|ability: Quark Drive|[fromitem]\n|-start|p1a: Iron Moth|quarkdrivespe\n|turn|2\n|\n|t:|1699970376\n|move|p1a: Iron Moth|Energy Ball|p2a: Vaporeon\n|-supereffective|p2a: Vaporeon\n|-damage|p2a: Vaporeon|50\/100\n|move|p2a: Vaporeon|Surf|p1a: Iron Moth\n|-supereffective|p1a: Iron Moth\n|-damage|p1a: Iron Moth|23\/100\n|\n|-weather|SunnyDay|[upkeep]\n|upkeep\n|turn|3\n|\n|t:|1699970390\n|switch|p2a: Spiritomb|Spiritomb, F|100\/100\n|move|p1a: Iron Moth|Energy Ball|p2a: Spiritomb\n|-damage|p2a: Spiritomb|67\/100\n|-enditem|p2a: Spiritomb|Red Card|[of] p1a: Iron Moth\n|-end|p1a: Iron Moth|Quark Drive|[silent]\n|drag|p1a: Ceruledge|Ceruledge, M, shiny|100\/100\n|\n|-weather|SunnyDay|[upkeep]\n|upkeep\n|turn|4\n|\n|t:|1699970402\n|move|p1a: Ceruledge|Poltergeist||[still]\n|-fail|p1a: Ceruledge\n|move|p2a: Spiritomb|Trick Room|p2a: Spiritomb\n|-fieldstart|move: Trick Room|[of] p2a: Spiritomb\n|\n|-weather|SunnyDay|[upkeep]\n|upkeep\n|turn|5\n|\n|t:|1699970415\n|switch|p1a: Iron Moth|Iron Moth|23\/100\n|move|p2a: Spiritomb|Dark Pulse|p1a: Iron Moth\n|-damage|p1a: Iron Moth|0 fnt\n|faint|p1a: Iron Moth\n|-end|p1a: Iron Moth|Quark Drive|[silent]\n|\n|-weather|none\n|upkeep\n|\n|t:|1699970423\n|switch|p1a: Walking Wake|Walking Wake|100\/100\n|turn|6\n|\n|t:|1699970430\n|move|p2a: Spiritomb|Shadow Ball|p1a: Walking Wake\n|-damage|p1a: Walking Wake|60\/100\n|-unboost|p1a: Walking Wake|spd|1\n|move|p1a: Walking Wake|Hydro Steam|p2a: Spiritomb\n|-damage|p2a: Spiritomb|26\/100\n|\n|upkeep\n|turn|7\n|\n|t:|1699970440\n|move|p2a: Spiritomb|Destiny Bond|p2a: Spiritomb\n|-singlemove|p2a: Spiritomb|Destiny Bond\n|move|p1a: Walking Wake|Hydro Steam|p2a: Spiritomb\n|-damage|p2a: Spiritomb|0 fnt\n|faint|p2a: Spiritomb\n|-activate|p2a: Spiritomb|move: Destiny Bond\n|faint|p1a: Walking Wake\n|-end|p1a: Walking Wake|Protosynthesis|[silent]\n|\n|upkeep\n|\n|t:|1699970450\n|switch|p2a: Diancie|Diancie|100\/100\n|switch|p1a: Great Tusk|Great Tusk, shiny|100\/100\n|-enditem|p1a: Great Tusk|Booster Energy\n|-activate|p1a: Great Tusk|ability: Protosynthesis|[fromitem]\n|-start|p1a: Great Tusk|protosynthesisdef\n|turn|8\n|\n|t:|1699970459\n|-terastallize|p1a: Great Tusk|Ground\n|move|p2a: Diancie|Play Rough|p1a: Great Tusk\n|-damage|p1a: Great Tusk|81\/100\n|move|p1a: Great Tusk|Headlong Rush|p2a: Diancie\n|-supereffective|p2a: Diancie\n|-damage|p2a: Diancie|0 fnt\n|-unboost|p1a: Great Tusk|def|1\n|-unboost|p1a: Great Tusk|spd|1\n|faint|p2a: Diancie\n|\n|-fieldend|move: Trick Room\n|upkeep\n|\n|t:|1699970474\n|switch|p2a: Hippowdon|Hippowdon, M|100\/100\n|-weather|Sandstorm|[from] ability: Sand Stream|[of] p2a: Hippowdon\n|turn|9\n|\n|t:|1699970481\n|-end|p1a: Great Tusk|Protosynthesis|[silent]\n|switch|p1a: Iron Valiant|Iron Valiant, shiny|100\/100\n|-enditem|p1a: Iron Valiant|Booster Energy\n|-activate|p1a: Iron Valiant|ability: Quark Drive|[fromitem]\n|-start|p1a: Iron Valiant|quarkdrivespe\n|move|p2a: Hippowdon|Earthquake|p1a: Iron Valiant\n|-damage|p1a: Iron Valiant|21\/100\n|\n|-weather|Sandstorm|[upkeep]\n|-damage|p1a: Iron Valiant|15\/100|[from] Sandstorm\n|upkeep\n|turn|10\n|\n|t:|1699970491\n|move|p1a: Iron Valiant|Close Combat|p2a: Hippowdon\n|-damage|p2a: Hippowdon|64\/100\n|-unboost|p1a: Iron Valiant|def|1\n|-unboost|p1a: Iron Valiant|spd|1\n|move|p2a: Hippowdon|Slack Off|p2a: Hippowdon\n|-heal|p2a: Hippowdon|100\/100\n|\n|-weather|Sandstorm|[upkeep]\n|-damage|p1a: Iron Valiant|9\/100|[from] Sandstorm\n|upkeep\n|turn|11\n|\n|t:|1699970503\n|move|p1a: Iron Valiant|Knock Off|p2a: Hippowdon\n|-damage|p2a: Hippowdon|80\/100\n|-enditem|p2a: Hippowdon|Smooth Rock|[from] move: Knock Off|[of] p1a: Iron Valiant\n|move|p2a: Hippowdon|Earthquake|p1a: Iron Valiant\n|-damage|p1a: Iron Valiant|0 fnt\n|faint|p1a: Iron Valiant\n|-end|p1a: Iron Valiant|Quark Drive|[silent]\n|\n|-weather|Sandstorm|[upkeep]\n|upkeep\n|\n|t:|1699970509\n|switch|p1a: Great Tusk|Great Tusk, shiny, tera:Ground|81\/100\n|turn|12\n|\n|t:|1699970516\n|move|p1a: Great Tusk|Rapid Spin|p2a: Hippowdon\n|-damage|p2a: Hippowdon|67\/100\n|-boost|p1a: Great Tusk|spe|1\n|move|p2a: Hippowdon|Ice Fang|p1a: Great Tusk\n|-supereffective|p1a: Great Tusk\n|-damage|p1a: Great Tusk|55\/100\n|\n|-weather|Sandstorm|[upkeep]\n|upkeep\n|turn|13\n|\n|t:|1699970525\n|move|p1a: Great Tusk|Ice Spinner|p2a: Hippowdon\n|-supereffective|p2a: Hippowdon\n|-damage|p2a: Hippowdon|29\/100\n|move|p2a: Hippowdon|Ice Fang|p1a: Great Tusk\n|-supereffective|p1a: Great Tusk\n|-damage|p1a: Great Tusk|31\/100\n|\n|-weather|Sandstorm|[upkeep]\n|upkeep\n|turn|14\n|\n|t:|1699970533\n|move|p1a: Great Tusk|Ice Spinner|p2a: Hippowdon\n|-supereffective|p2a: Hippowdon\n|-damage|p2a: Hippowdon|0 fnt\n|faint|p2a: Hippowdon\n|\n|-weather|Sandstorm|[upkeep]\n|upkeep\n|\n|t:|1699970540\n|switch|p2a: Forretress|Forretress, M|100\/100\n|turn|15\n|\n|t:|1699970547\n|move|p1a: Great Tusk|Rapid Spin|p2a: Forretress\n|-resisted|p2a: Forretress\n|-damage|p2a: Forretress|95\/100\n|-boost|p1a: Great Tusk|spe|1\n|move|p2a: Forretress|Gyro Ball|p1a: Great Tusk\n|-damage|p1a: Great Tusk|0 fnt\n|faint|p1a: Great Tusk\n|-end|p1a: Great Tusk|Protosynthesis|[silent]\n|\n|-weather|Sandstorm|[upkeep]\n|upkeep\n|\n|t:|1699970553\n|switch|p1a: Ceruledge|Ceruledge, M, shiny|100\/100\n|turn|16\n|\n|t:|1699970559\n|move|p1a: Ceruledge|Swords Dance|p1a: Ceruledge\n|-boost|p1a: Ceruledge|atk|2\n|move|p2a: Forretress|Pin Missile|p1a: Ceruledge\n|-resisted|p1a: Ceruledge\n|-damage|p1a: Ceruledge|97\/100\n|-ability|p1a: Ceruledge|Weak Armor|boost\n|-unboost|p1a: Ceruledge|def|1\n|-boost|p1a: Ceruledge|spe|2\n|-resisted|p1a: Ceruledge\n|-damage|p1a: Ceruledge|91\/100\n|-ability|p1a: Ceruledge|Weak Armor|boost\n|-unboost|p1a: Ceruledge|def|1\n|-boost|p1a: Ceruledge|spe|2\n|-resisted|p1a: Ceruledge\n|-damage|p1a: Ceruledge|83\/100\n|-ability|p1a: Ceruledge|Weak Armor|boost\n|-unboost|p1a: Ceruledge|def|1\n|-boost|p1a: Ceruledge|spe|2\n|-hitcount|p1a: Ceruledge|3\n|\n|-weather|none\n|upkeep\n|turn|17\n|\n|t:|1699970577\n|move|p1a: Ceruledge|Bitter Blade|p2a: Forretress\n|-supereffective|p2a: Forretress\n|-damage|p2a: Forretress|0 fnt\n|-heal|p1a: Ceruledge|100\/100|[from] drain|[of] p2a: Forretress\n|faint|p2a: Forretress\n|\n|upkeep\n|\n|t:|1699970584\n|switch|p2a: Slowbro|Slowbro-Galar, M|100\/100\n|turn|18\n|\n|t:|1699970594\n|-terastallize|p2a: Slowbro|Water\n|move|p1a: Ceruledge|Swords Dance|p1a: Ceruledge\n|-boost|p1a: Ceruledge|atk|2\n|move|p2a: Slowbro|Psyshock|p1a: Ceruledge\n|-enditem|p1a: Ceruledge|Focus Sash\n|-damage|p1a: Ceruledge|1\/100\n|\n|upkeep\n|turn|19\n|-activate|p2a: Slowbro|ability: Quick Draw\n|\n|t:|1699970605\n|move|p2a: Slowbro|Psyshock|p1a: Ceruledge\n|-damage|p1a: Ceruledge|0 fnt\n|faint|p1a: Ceruledge\n|\n|win|VM\n|raw|Hdo13's rating: 1069 &rarr; <strong>1054<\/strong><br \/>(-15 for losing)\n|raw|VM's rating: 1157 &rarr; <strong>1176<\/strong><br \/>(+19 for winning)\n|c|\u2606VM|gg\n|l|\u2606Hdo13\n","uploadtime":1699970630,"views":9,"p1id":"hdo13","p2id":"vm","formatid":"gen9ou","rating":1054,"private":0,"password":""}