{"id":"gen9ou-1991517339","p1":"Cars 2 Lemon Party","p2":"BeastkidYT","format":"[Gen 9] OU","log":"|j|\u2606Cars 2 Lemon Party\n|j|\u2606BeastkidYT\n|t:|1700084213\n|gametype|singles\n|player|p1|Cars 2 Lemon Party|burgh|\n|player|p2|BeastkidYT|ethan|\n|teamsize|p1|6\n|teamsize|p2|6\n|gen|9\n|tier|[Gen 9] OU\n|rule|Sleep Clause Mod: Limit one foe put to sleep\n|rule|Species Clause: Limit one of each Pok\u00e9mon\n|rule|OHKO Clause: OHKO moves are banned\n|rule|Evasion Items Clause: Evasion items are banned\n|rule|Evasion Moves Clause: Evasion moves are banned\n|rule|Endless Battle Clause: Forcing endless battles is banned\n|rule|HP Percentage Mod: HP is shown in percentages\n|clearpoke\n|poke|p1|Alomomola, F|\n|poke|p1|Ogerpon-Wellspring, F|\n|poke|p1|Glimmora, F|\n|poke|p1|Ceruledge, F|\n|poke|p1|Dragonite, F|\n|poke|p1|Iron Valiant|\n|poke|p2|Alomomola, F|\n|poke|p2|Samurott-Hisui, M|\n|poke|p2|Infernape, M|\n|poke|p2|Ninetales-Alola, F|\n|poke|p2|Iron Moth|\n|poke|p2|Quaquaval, F|\n|teampreview\n|inactive|Battle timer is ON: inactive players will automatically lose when time's up. (requested by BeastkidYT)\n|\n|t:|1700084241\n|start\n|switch|p1a: Glimmora|Glimmora, F|100\/100\n|switch|p2a: Ninetales|Ninetales-Alola, F, shiny|100\/100\n|-weather|Snow|[from] ability: Snow Warning|[of] p2a: Ninetales\n|turn|1\n|\n|t:|1700084254\n|move|p2a: Ninetales|Aurora Veil|p2a: Ninetales\n|-sidestart|p2: BeastkidYT|move: Aurora Veil\n|move|p1a: Glimmora|Stealth Rock|p2a: Ninetales\n|-sidestart|p2: BeastkidYT|move: Stealth Rock\n|\n|-weather|Snow|[upkeep]\n|upkeep\n|turn|2\n|\n|t:|1700084258\n|switch|p2a: Quaquaval|Quaquaval, F, shiny|100\/100\n|-damage|p2a: Quaquaval|94\/100|[from] Stealth Rock\n|move|p1a: Glimmora|Mortal Spin|p2a: Quaquaval\n|-crit|p2a: Quaquaval\n|-damage|p2a: Quaquaval|81\/100\n|-status|p2a: Quaquaval|psn\n|\n|-weather|Snow|[upkeep]\n|-damage|p2a: Quaquaval|68\/100 psn|[from] psn\n|upkeep\n|turn|3\n|\n|t:|1700084268\n|move|p1a: Glimmora|Energy Ball|p2a: Quaquaval\n|-supereffective|p2a: Quaquaval\n|-damage|p2a: Quaquaval|25\/100 psn\n|move|p2a: Quaquaval|Rapid Spin|p1a: Glimmora\n|-resisted|p1a: Glimmora\n|-damage|p1a: Glimmora|88\/100\n|-boost|p2a: Quaquaval|spe|1\n|-damage|p2a: Quaquaval|8\/100 psn|[from] item: Rocky Helmet|[of] p1a: Glimmora\n|-activate|p1a: Glimmora|ability: Toxic Debris\n|-sidestart|p2: BeastkidYT|move: Toxic Spikes\n|-sideend|p2: BeastkidYT|Toxic Spikes|[from] move: Rapid Spin|[of] p2a: Quaquaval\n|-sideend|p2: BeastkidYT|Stealth Rock|[from] move: Rapid Spin|[of] p2a: Quaquaval\n|-damage|p2a: Quaquaval|0 fnt|[from] item: Life Orb\n|faint|p2a: Quaquaval\n|\n|-weather|Snow|[upkeep]\n|upkeep\n|inactive|BeastkidYT has 270 seconds left.\n|\n|t:|1700084322\n|switch|p2a: Iron Moth|Iron Moth, shiny|100\/100\n|-enditem|p2a: Iron Moth|Booster Energy\n|-activate|p2a: Iron Moth|ability: Quark Drive|[fromitem]\n|-start|p2a: Iron Moth|quarkdrivespe\n|turn|4\n|inactive|BeastkidYT has 240 seconds left.\n|\n|t:|1700084356\n|switch|p1a: Ogerpon|Ogerpon-Wellspring, F|100\/100\n|-terastallize|p2a: Iron Moth|Grass\n|move|p2a: Iron Moth|Fiery Dance|p1a: Ogerpon\n|-damage|p1a: Ogerpon|50\/100\n|-boost|p2a: Iron Moth|spa|1\n|\n|-weather|Snow|[upkeep]\n|upkeep\n|turn|5\n|inactive|BeastkidYT has 240 seconds left.\n|\n|t:|1700084366\n|switch|p1a: Alomomola|Alomomola, F, shiny|100\/100\n|move|p2a: Iron Moth|Fiery Dance|p1a: Alomomola\n|-resisted|p1a: Alomomola\n|-crit|p1a: Alomomola\n|-damage|p1a: Alomomola|46\/100\n|-boost|p2a: Iron Moth|spa|1\n|\n|-weather|none\n|upkeep\n|turn|6\n|\n|t:|1700084375\n|move|p2a: Iron Moth|Tera Blast|p1a: Alomomola|[anim] Tera Blast Grass\n|-supereffective|p1a: Alomomola\n|-damage|p1a: Alomomola|0 fnt\n|faint|p1a: Alomomola\n|\n|upkeep\n|\n|t:|1700084384\n|switch|p1a: Dragonite|Dragonite, F|100\/100\n|turn|7\n|\n|t:|1700084390\n|move|p2a: Iron Moth|Sludge Wave|p1a: Dragonite\n|-damage|p1a: Dragonite|52\/100\n|move|p1a: Dragonite|Dragon Dance|p1a: Dragonite\n|-boost|p1a: Dragonite|atk|1\n|-boost|p1a: Dragonite|spe|1\n|\n|upkeep\n|turn|8\n|\n|t:|1700084397\n|-terastallize|p1a: Dragonite|Normal\n|move|p1a: Dragonite|Extreme Speed|p2a: Iron Moth\n|-damage|p2a: Iron Moth|33\/100\n|move|p2a: Iron Moth|Fiery Dance|p1a: Dragonite\n|-damage|p1a: Dragonite|0 fnt\n|faint|p1a: Dragonite\n|\n|-sideend|p2: BeastkidYT|move: Aurora Veil\n|upkeep\n|\n|t:|1700084412\n|switch|p1a: Ceruledge|Ceruledge, F|100\/100\n|turn|9\n|\n|t:|1700084417\n|move|p2a: Iron Moth|Toxic|p1a: Ceruledge\n|-status|p1a: Ceruledge|tox\n|move|p1a: Ceruledge|Swords Dance|p1a: Ceruledge\n|-boost|p1a: Ceruledge|atk|2\n|\n|-damage|p1a: Ceruledge|94\/100 tox|[from] psn\n|upkeep\n|turn|10\n|\n|t:|1700084429\n|move|p1a: Ceruledge|Shadow Sneak|p2a: Iron Moth\n|-damage|p2a: Iron Moth|0 fnt\n|faint|p2a: Iron Moth\n|-end|p2a: Iron Moth|Quark Drive|[silent]\n|\n|-damage|p1a: Ceruledge|82\/100 tox|[from] psn\n|upkeep\n|\n|t:|1700084432\n|switch|p2a: Ninetales|Ninetales-Alola, F, shiny|100\/100\n|-weather|Snow|[from] ability: Snow Warning|[of] p2a: Ninetales\n|turn|11\n|\n|t:|1700084437\n|move|p2a: Ninetales|Aurora Veil|p2a: Ninetales\n|-sidestart|p2: BeastkidYT|move: Aurora Veil\n|move|p1a: Ceruledge|Bitter Blade|p2a: Ninetales\n|-supereffective|p2a: Ninetales\n|-damage|p2a: Ninetales|9\/100\n|-heal|p1a: Ceruledge|100\/100 tox|[from] drain|[of] p2a: Ninetales\n|\n|-weather|Snow|[upkeep]\n|-damage|p1a: Ceruledge|82\/100 tox|[from] psn\n|upkeep\n|turn|12\n|\n|t:|1700084444\n|move|p1a: Ceruledge|Shadow Sneak|p2a: Ninetales\n|-damage|p2a: Ninetales|0 fnt\n|faint|p2a: Ninetales\n|\n|-weather|Snow|[upkeep]\n|-damage|p1a: Ceruledge|57\/100 tox|[from] psn\n|upkeep\n|\n|t:|1700084448\n|switch|p2a: Alomomola|Alomomola, F, shiny|100\/100\n|turn|13\n|\n|t:|1700084459\n|switch|p1a: Ogerpon|Ogerpon-Wellspring, F|50\/100\n|switch|p2a: Samurott|Samurott-Hisui, M, shiny|100\/100\n|\n|-weather|Snow|[upkeep]\n|upkeep\n|turn|14\n|\n|t:|1700084466\n|move|p2a: Samurott|Ceaseless Edge|p1a: Ogerpon\n|-damage|p1a: Ogerpon|0 fnt\n|-sidestart|p1: Cars 2 Lemon Party|Spikes\n|faint|p1a: Ogerpon\n|\n|-weather|Snow|[upkeep]\n|upkeep\n|\n|t:|1700084472\n|switch|p1a: Iron Valiant|Iron Valiant|100\/100\n|-damage|p1a: Iron Valiant|88\/100|[from] Spikes\n|turn|15\n|\n|t:|1700084490\n|switch|p2a: Alomomola|Alomomola, F, shiny|100\/100\n|move|p1a: Iron Valiant|Moonblast|p2a: Alomomola\n|-damage|p2a: Alomomola|57\/100\n|\n|-weather|none\n|-heal|p2a: Alomomola|63\/100|[from] item: Leftovers\n|upkeep\n|turn|16\n|\n|t:|1700084497\n|move|p1a: Iron Valiant|Moonblast|p2a: Alomomola\n|-damage|p2a: Alomomola|24\/100\n|move|p2a: Alomomola|Flip Turn|p1a: Iron Valiant\n|-damage|p1a: Iron Valiant|70\/100\n|\n|t:|1700084506\n|switch|p2a: Samurott|Samurott-Hisui, M, shiny|100\/100|[from] Flip Turn\n|\n|upkeep\n|turn|17\n|\n|t:|1700084510\n|move|p2a: Samurott|Aqua Cutter|p1a: Iron Valiant\n|-crit|p1a: Iron Valiant\n|-damage|p1a: Iron Valiant|0 fnt\n|faint|p1a: Iron Valiant\n|-end|p1a: Iron Valiant|Quark Drive|[silent]\n|\n|upkeep\n|\n|t:|1700084517\n|switch|p1a: Glimmora|Glimmora, F|88\/100\n|-damage|p1a: Glimmora|76\/100|[from] Spikes\n|turn|18\n|\n|t:|1700084523\n|move|p2a: Samurott|Aqua Cutter|p1a: Glimmora\n|-supereffective|p1a: Glimmora\n|-damage|p1a: Glimmora|0 fnt\n|-activate|p1a: Glimmora|ability: Toxic Debris\n|-sidestart|p2: BeastkidYT|move: Toxic Spikes\n|faint|p1a: Glimmora\n|\n|-sideend|p2: BeastkidYT|move: Aurora Veil\n|upkeep\n|-message|Cars 2 Lemon Party forfeited.\n|\n|win|BeastkidYT\n|l|\u2606Cars 2 Lemon Party\n","uploadtime":1700084531,"views":31,"p1id":"cars2lemonparty","p2id":"beastkidyt","formatid":"gen9ou","rating":0,"private":0,"password":""}