{"id":"gen9ou-1999697661","p1":"call me victini","p2":"DarkGashadokuro","format":"[Gen 9] OU","log":"|j|\u2606call me victini\n|j|\u2606DarkGashadokuro\n|t:|1701108761\n|gametype|singles\n|player|p1|call me victini|265|1385\n|player|p2|DarkGashadokuro|102|1402\n|teamsize|p1|6\n|teamsize|p2|6\n|gen|9\n|tier|[Gen 9] OU\n|rated|\n|rule|Sleep Clause Mod: Limit one foe put to sleep\n|rule|Species Clause: Limit one of each Pok\u00e9mon\n|rule|OHKO Clause: OHKO moves are banned\n|rule|Evasion Items Clause: Evasion items are banned\n|rule|Evasion Moves Clause: Evasion moves are banned\n|rule|Endless Battle Clause: Forcing endless battles is banned\n|rule|HP Percentage Mod: HP is shown in percentages\n|clearpoke\n|poke|p1|Dragapult, F|\n|poke|p1|Heatran, M|\n|poke|p1|Clefable, F|\n|poke|p1|Samurott-Hisui, F|\n|poke|p1|Brambleghast, M|\n|poke|p1|Landorus-Therian, M|\n|poke|p2|Zamazenta-*|\n|poke|p2|Moltres|\n|poke|p2|Iron Treads|\n|poke|p2|Gholdengo|\n|poke|p2|Ogerpon-Wellspring, F|\n|poke|p2|Walking Wake|\n|teampreview\n|\n|t:|1701108775\n|start\n|switch|p1a: Landorus|Landorus-Therian, M|100\/100\n|switch|p2a: Ogerpon|Ogerpon-Wellspring, F|100\/100\n|-ability|p1a: Landorus|Intimidate|boost\n|-unboost|p2a: Ogerpon|atk|1\n|turn|1\n|inactive|Battle timer is ON: inactive players will automatically lose when time's up. (requested by call me victini)\n|\n|t:|1701108780\n|switch|p2a: Moltres|Moltres|100\/100\n|switch|p1a: Brambleghast|Brambleghast, M|100\/100\n|\n|upkeep\n|turn|2\n|\n|t:|1701108787\n|switch|p1a: Landorus|Landorus-Therian, M|100\/100\n|-ability|p1a: Landorus|Intimidate|boost\n|-unboost|p2a: Moltres|atk|1\n|move|p2a: Moltres|Flamethrower|p1a: Landorus\n|-damage|p1a: Landorus|81\/100\n|\n|upkeep\n|turn|3\n|\n|t:|1701108794\n|switch|p2a: Ogerpon|Ogerpon-Wellspring, F|100\/100\n|move|p1a: Landorus|Smack Down|p2a: Ogerpon\n|-damage|p2a: Ogerpon|79\/100\n|\n|upkeep\n|turn|4\n|\n|t:|1701108809\n|switch|p1a: Brambleghast|Brambleghast, M|100\/100\n|move|p2a: Ogerpon|Swords Dance|p2a: Ogerpon\n|-boost|p2a: Ogerpon|atk|2\n|\n|upkeep\n|turn|5\n|\n|t:|1701108817\n|move|p2a: Ogerpon|Knock Off|p1a: Brambleghast\n|-supereffective|p1a: Brambleghast\n|-enditem|p1a: Brambleghast|Colbur Berry|[eat]\n|-enditem|p1a: Brambleghast|Colbur Berry|[weaken]\n|-damage|p1a: Brambleghast|0 fnt\n|faint|p1a: Brambleghast\n|\n|upkeep\n|\n|t:|1701108831\n|switch|p1a: Dragapult|Dragapult, F|100\/100\n|turn|6\n|\n|t:|1701108836\n|switch|p2a: Iron Treads|Iron Treads, shiny|100\/100\n|move|p1a: Dragapult|Substitute|p1a: Dragapult\n|-start|p1a: Dragapult|Substitute\n|-damage|p1a: Dragapult|76\/100\n|\n|-heal|p1a: Dragapult|82\/100|[from] item: Leftovers\n|upkeep\n|turn|7\n|\n|t:|1701108840\n|move|p1a: Dragapult|Will-O-Wisp|p2a: Iron Treads\n|-status|p2a: Iron Treads|brn\n|move|p2a: Iron Treads|Earthquake|p1a: Dragapult\n|-activate|p1a: Dragapult|move: Substitute|[damage]\n|\n|-heal|p1a: Dragapult|88\/100|[from] item: Leftovers\n|-damage|p2a: Iron Treads|94\/100 brn|[from] brn\n|upkeep\n|turn|8\n|\n|t:|1701108847\n|move|p1a: Dragapult|Disable|p2a: Iron Treads\n|-start|p2a: Iron Treads|Disable|Earthquake\n|cant|p2a: Iron Treads|Disable|Earthquake\n|\n|-heal|p1a: Dragapult|94\/100|[from] item: Leftovers\n|-damage|p2a: Iron Treads|88\/100 brn|[from] brn\n|upkeep\n|turn|9\n|\n|t:|1701108849\n|move|p1a: Dragapult|Hex|p2a: Iron Treads\n|-damage|p2a: Iron Treads|64\/100 brn\n|move|p2a: Iron Treads|Knock Off|p1a: Dragapult\n|-supereffective|p1a: Dragapult\n|-end|p1a: Dragapult|Substitute\n|\n|-heal|p1a: Dragapult|99\/100|[from] item: Leftovers\n|-damage|p2a: Iron Treads|57\/100 brn|[from] brn\n|upkeep\n|turn|10\n|\n|t:|1701108853\n|move|p1a: Dragapult|Substitute|p1a: Dragapult\n|-start|p1a: Dragapult|Substitute\n|-damage|p1a: Dragapult|75\/100\n|move|p2a: Iron Treads|Knock Off|p1a: Dragapult\n|-supereffective|p1a: Dragapult\n|-end|p1a: Dragapult|Substitute\n|\n|-heal|p1a: Dragapult|81\/100|[from] item: Leftovers\n|-damage|p2a: Iron Treads|51\/100 brn|[from] brn\n|upkeep\n|turn|11\n|\n|t:|1701108864\n|move|p1a: Dragapult|Substitute|p1a: Dragapult\n|-start|p1a: Dragapult|Substitute\n|-damage|p1a: Dragapult|56\/100\n|move|p2a: Iron Treads|Knock Off|p1a: Dragapult\n|-supereffective|p1a: Dragapult\n|-end|p1a: Dragapult|Substitute\n|\n|-heal|p1a: Dragapult|63\/100|[from] item: Leftovers\n|-damage|p2a: Iron Treads|45\/100 brn|[from] brn\n|-end|p2a: Iron Treads|Disable\n|upkeep\n|turn|12\n|inactive|DarkGashadokuro has 120 seconds left.\n|\n|t:|1701108895\n|move|p1a: Dragapult|Disable|p2a: Iron Treads\n|-start|p2a: Iron Treads|Disable|Knock Off\n|cant|p2a: Iron Treads|Disable|Knock Off\n|\n|-heal|p1a: Dragapult|69\/100|[from] item: Leftovers\n|-damage|p2a: Iron Treads|39\/100 brn|[from] brn\n|upkeep\n|turn|13\n|\n|t:|1701108902\n|move|p1a: Dragapult|Substitute|p1a: Dragapult\n|-start|p1a: Dragapult|Substitute\n|-damage|p1a: Dragapult|44\/100\n|move|p2a: Iron Treads|Earthquake|p1a: Dragapult\n|-activate|p1a: Dragapult|move: Substitute|[damage]\n|\n|-heal|p1a: Dragapult|50\/100|[from] item: Leftovers\n|-damage|p2a: Iron Treads|32\/100 brn|[from] brn\n|upkeep\n|turn|14\n|\n|t:|1701108905\n|move|p1a: Dragapult|Hex|p2a: Iron Treads\n|-damage|p2a: Iron Treads|9\/100 brn\n|move|p2a: Iron Treads|Earthquake|p1a: Dragapult\n|-end|p1a: Dragapult|Substitute\n|\n|-heal|p1a: Dragapult|56\/100|[from] item: Leftovers\n|-damage|p2a: Iron Treads|3\/100 brn|[from] brn\n|upkeep\n|turn|15\n|\n|t:|1701108908\n|move|p1a: Dragapult|Substitute|p1a: Dragapult\n|-start|p1a: Dragapult|Substitute\n|-damage|p1a: Dragapult|31\/100\n|move|p2a: Iron Treads|Earthquake|p1a: Dragapult\n|-activate|p1a: Dragapult|move: Substitute|[damage]\n|\n|-heal|p1a: Dragapult|37\/100|[from] item: Leftovers\n|-damage|p2a: Iron Treads|0 fnt|[from] brn\n|faint|p2a: Iron Treads\n|-end|p2a: Iron Treads|Quark Drive|[silent]\n|upkeep\n|\n|t:|1701108913\n|switch|p2a: Walking Wake|Walking Wake|100\/100\n|turn|16\n|\n|t:|1701108920\n|move|p1a: Dragapult|Will-O-Wisp|p2a: Walking Wake\n|-status|p2a: Walking Wake|brn\n|move|p2a: Walking Wake|Draco Meteor|p1a: Dragapult\n|-supereffective|p1a: Dragapult\n|-end|p1a: Dragapult|Substitute\n|-unboost|p2a: Walking Wake|spa|2\n|\n|-heal|p1a: Dragapult|43\/100|[from] item: Leftovers\n|-damage|p2a: Walking Wake|94\/100 brn|[from] brn\n|upkeep\n|turn|17\n|\n|t:|1701108923\n|move|p1a: Dragapult|Disable|p2a: Walking Wake\n|-start|p2a: Walking Wake|Disable|Draco Meteor\n|cant|p2a: Walking Wake|Disable|Draco Meteor\n|\n|-heal|p1a: Dragapult|49\/100|[from] item: Leftovers\n|-damage|p2a: Walking Wake|88\/100 brn|[from] brn\n|upkeep\n|turn|18\n|-message|DarkGashadokuro forfeited.\n|\n|win|call me victini\n|raw|call me victini's rating: 1385 &rarr; <strong>1406<\/strong><br \/>(+21 for winning)\n|raw|DarkGashadokuro's rating: 1402 &rarr; <strong>1381<\/strong><br \/>(-21 for losing)\n|l|\u2606DarkGashadokuro\n","uploadtime":1701108933,"views":2,"p1id":"callmevictini","p2id":"darkgashadokuro","formatid":"gen9ou","rating":1381,"private":0,"password":""}