{"id":"gen9ou-1993219269","p1":"jumboDorito","p2":"blaconator1230","format":"[Gen 9] OU","log":"|j|\u2606jumboDorito\n|j|\u2606blaconator1230\n|t:|1700279690\n|gametype|singles\n|player|p1|jumboDorito|juan|1172\n|player|p2|blaconator1230|red|1193\n|teamsize|p1|6\n|teamsize|p2|6\n|gen|9\n|tier|[Gen 9] OU\n|rated|\n|rule|Sleep Clause Mod: Limit one foe put to sleep\n|rule|Species Clause: Limit one of each Pok\u00e9mon\n|rule|OHKO Clause: OHKO moves are banned\n|rule|Evasion Items Clause: Evasion items are banned\n|rule|Evasion Moves Clause: Evasion moves are banned\n|rule|Endless Battle Clause: Forcing endless battles is banned\n|rule|HP Percentage Mod: HP is shown in percentages\n|clearpoke\n|poke|p1|Mabosstiff, F|\n|poke|p1|Mightyena, M|\n|poke|p1|Houndoom, F|\n|poke|p1|Houndstone, M|\n|poke|p1|Arcanine-Hisui, M|\n|poke|p1|Leafeon, M|\n|poke|p2|Pelipper, M|\n|poke|p2|Zapdos|\n|poke|p2|Manaphy|\n|poke|p2|Barraskewda, F|\n|poke|p2|Gastrodon-East, F|\n|poke|p2|Rotom-Wash|\n|teampreview\n|inactive|Battle timer is ON: inactive players will automatically lose when time's up. (requested by blaconator1230)\n|c|\u2606blaconator1230|glhf\n|c|\u2606jumboDorito|u2\n|inactive|jumboDorito has 120 seconds left.\n|\n|t:|1700279723\n|start\n|switch|p1a: Arcanine|Arcanine-Hisui, M|100\/100\n|switch|p2a: Pelipper|Pelipper, M|100\/100\n|-weather|RainDance|[from] ability: Drizzle|[of] p2a: Pelipper\n|turn|1\n|\n|t:|1700279736\n|move|p1a: Arcanine|Head Smash|p2a: Pelipper\n|-supereffective|p2a: Pelipper\n|-damage|p2a: Pelipper|0 fnt\n|faint|p2a: Pelipper\n|\n|-weather|RainDance|[upkeep]\n|upkeep\n|\n|t:|1700279745\n|switch|p2a: Manaphy|Manaphy|100\/100\n|turn|2\n|inactive|jumboDorito has 120 seconds left.\n|\n|t:|1700279775\n|switch|p1a: Houndoom|Houndoom, F|100\/100\n|move|p2a: Manaphy|Tail Glow|p2a: Manaphy\n|-boost|p2a: Manaphy|spa|3\n|\n|-weather|RainDance|[upkeep]\n|upkeep\n|turn|3\n|inactive|jumboDorito has 120 seconds left.\n|\n|t:|1700279787\n|-terastallize|p2a: Manaphy|Water\n|move|p2a: Manaphy|Surf|p1a: Houndoom\n|-supereffective|p1a: Houndoom\n|-damage|p1a: Houndoom|0 fnt\n|faint|p1a: Houndoom\n|\n|-weather|RainDance|[upkeep]\n|upkeep\n|inactive|jumboDorito has 120 seconds left.\n|\n|t:|1700279793\n|switch|p1a: Mabosstiff|Mabosstiff, F|100\/100\n|turn|4\n|\n|t:|1700279798\n|move|p1a: Mabosstiff|Wild Charge|p2a: Manaphy\n|-supereffective|p2a: Manaphy\n|-damage|p2a: Manaphy|38\/100\n|-damage|p1a: Mabosstiff|83\/100|[from] Recoil\n|move|p2a: Manaphy|Surf|p1a: Mabosstiff\n|-damage|p1a: Mabosstiff|0 fnt\n|faint|p1a: Mabosstiff\n|\n|-weather|RainDance|[upkeep]\n|-heal|p2a: Manaphy|44\/100|[from] item: Leftovers\n|upkeep\n|inactive|jumboDorito has 120 seconds left.\n|\n|t:|1700279820\n|switch|p1a: Arcanine|Arcanine-Hisui, M|100\/100\n|turn|5\n|\n|t:|1700279822\n|-terastallize|p1a: Arcanine|Normal\n|move|p1a: Arcanine|Extreme Speed|p2a: Manaphy\n|-damage|p2a: Manaphy|0 fnt\n|faint|p2a: Manaphy\n|\n|-weather|RainDance|[upkeep]\n|upkeep\n|\n|t:|1700279830\n|switch|p2a: Barraskewda|Barraskewda, F|100\/100\n|turn|6\n|\n|t:|1700279837\n|move|p1a: Arcanine|Extreme Speed|p2a: Barraskewda\n|-damage|p2a: Barraskewda|0 fnt\n|faint|p2a: Barraskewda\n|\n|-weather|RainDance|[upkeep]\n|upkeep\n|\n|t:|1700279846\n|switch|p2a: Rotom|Rotom-Wash|100\/100\n|turn|7\n|\n|t:|1700279851\n|switch|p1a: Houndstone|Houndstone, M|100\/100\n|move|p2a: Rotom|Trick|p1a: Houndstone\n|-activate|p2a: Rotom|move: Trick|[of] p1a: Houndstone\n|-item|p1a: Houndstone|Choice Scarf|[from] move: Trick\n|-item|p2a: Rotom|Leftovers|[from] move: Trick\n|\n|-weather|RainDance|[upkeep]\n|upkeep\n|turn|8\n|\n|t:|1700279859\n|move|p2a: Rotom|Thunder Wave|p1a: Houndstone|[miss]\n|-miss|p2a: Rotom|p1a: Houndstone\n|move|p1a: Houndstone|Body Press|p2a: Rotom\n|-damage|p2a: Rotom|71\/100\n|\n|-weather|none\n|-heal|p2a: Rotom|78\/100|[from] item: Leftovers\n|upkeep\n|turn|9\n|\n|t:|1700279866\n|move|p2a: Rotom|Thunder Wave|p1a: Houndstone\n|-status|p1a: Houndstone|par\n|move|p1a: Houndstone|Body Press|p2a: Rotom\n|-damage|p2a: Rotom|48\/100\n|\n|-heal|p2a: Rotom|54\/100|[from] item: Leftovers\n|upkeep\n|turn|10\n|\n|t:|1700279875\n|move|p2a: Rotom|Volt Switch|p1a: Houndstone\n|-damage|p1a: Houndstone|74\/100 par\n|\n|t:|1700279882\n|switch|p2a: Zapdos|Zapdos|100\/100|[from] Volt Switch\n|move|p1a: Houndstone|Body Press|p2a: Zapdos\n|-resisted|p2a: Zapdos\n|-damage|p2a: Zapdos|86\/100\n|\n|upkeep\n|turn|11\n|\n|t:|1700279892\n|move|p2a: Zapdos|Hurricane|p1a: Houndstone\n|-damage|p1a: Houndstone|22\/100 par\n|-start|p1a: Houndstone|confusion\n|-activate|p1a: Houndstone|confusion\n|move|p1a: Houndstone|Body Press|p2a: Zapdos\n|-resisted|p2a: Zapdos\n|-damage|p2a: Zapdos|72\/100\n|\n|upkeep\n|turn|12\n|\n|t:|1700279899\n|move|p2a: Zapdos|Hurricane|p1a: Houndstone\n|-damage|p1a: Houndstone|0 fnt\n|faint|p1a: Houndstone\n|\n|upkeep\n|\n|t:|1700279901\n|switch|p1a: Mightyena|Mightyena, M|100\/100\n|-ability|p1a: Mightyena|Intimidate|boost\n|-unboost|p2a: Zapdos|atk|1\n|turn|13\n|\n|t:|1700279906\n|move|p2a: Zapdos|Thunder|p1a: Mightyena\n|-damage|p1a: Mightyena|18\/100\n|move|p1a: Mightyena|Sunny Day|p1a: Mightyena\n|-weather|SunnyDay\n|\n|-weather|SunnyDay|[upkeep]\n|upkeep\n|turn|14\n|\n|t:|1700279916\n|move|p2a: Zapdos|Volt Switch|p1a: Mightyena\n|-damage|p1a: Mightyena|0 fnt\n|faint|p1a: Mightyena\n|\n|t:|1700279921\n|switch|p2a: Rotom|Rotom-Wash|54\/100|[from] Volt Switch\n|\n|-weather|SunnyDay|[upkeep]\n|-heal|p2a: Rotom|61\/100|[from] item: Leftovers\n|upkeep\n|\n|t:|1700279924\n|switch|p1a: Leafeon|Leafeon, M|100\/100\n|turn|15\n|\n|t:|1700279929\n|move|p1a: Leafeon|Leaf Blade|p2a: Rotom\n|-supereffective|p2a: Rotom\n|-damage|p2a: Rotom|0 fnt\n|faint|p2a: Rotom\n|-damage|p1a: Leafeon|91\/100|[from] item: Life Orb\n|\n|-weather|SunnyDay|[upkeep]\n|upkeep\n|\n|t:|1700279939\n|switch|p2a: Zapdos|Zapdos|72\/100\n|turn|16\n|\n|t:|1700279945\n|move|p1a: Leafeon|Knock Off|p2a: Zapdos\n|-crit|p2a: Zapdos\n|-damage|p2a: Zapdos|0 fnt\n|-enditem|p2a: Zapdos|Heavy-Duty Boots|[from] move: Knock Off|[of] p1a: Leafeon\n|faint|p2a: Zapdos\n|-damage|p1a: Leafeon|81\/100|[from] item: Life Orb\n|\n|-weather|SunnyDay|[upkeep]\n|upkeep\n|c|\u2606blaconator1230|gg\n|\n|t:|1700279952\n|switch|p2a: Gastrodon|Gastrodon-East, F|100\/100\n|turn|17\n|c|\u2606jumboDorito|gg\n|\n|t:|1700279956\n|move|p1a: Leafeon|Leaf Blade|p2a: Gastrodon\n|-supereffective|p2a: Gastrodon\n|-crit|p2a: Gastrodon\n|-damage|p2a: Gastrodon|0 fnt\n|faint|p2a: Gastrodon\n|-damage|p1a: Leafeon|71\/100|[from] item: Life Orb\n|\n|win|jumboDorito\n|raw|jumboDorito's rating: 1172 &rarr; <strong>1199<\/strong><br \/>(+27 for winning)\n|raw|blaconator1230's rating: 1193 &rarr; <strong>1166<\/strong><br \/>(-27 for losing)\n","uploadtime":1700279962,"views":19,"p1id":"jumbodorito","p2id":"blaconator1230","formatid":"gen9ou","rating":1166,"private":0,"password":""}