{"id":"gen9ou-2000533806","p1":"Tsar dragon","p2":"Not Hell","format":"[Gen 9] OU","log":"|j|\u2606Tsar dragon\n|j|\u2606Not Hell\n|t:|1701202980\n|gametype|singles\n|player|p1|Tsar dragon|265|\n|player|p2|Not Hell|morty-masters|\n|teamsize|p1|6\n|teamsize|p2|6\n|gen|9\n|tier|[Gen 9] OU\n|rule|Sleep Clause Mod: Limit one foe put to sleep\n|rule|Species Clause: Limit one of each Pok\u00e9mon\n|rule|OHKO Clause: OHKO moves are banned\n|rule|Evasion Items Clause: Evasion items are banned\n|rule|Evasion Moves Clause: Evasion moves are banned\n|rule|Endless Battle Clause: Forcing endless battles is banned\n|rule|HP Percentage Mod: HP is shown in percentages\n|clearpoke\n|poke|p1|Gholdengo|\n|poke|p1|Azumarill, F|\n|poke|p1|Great Tusk|\n|poke|p1|Iron Valiant|\n|poke|p1|Kleavor, M|\n|poke|p1|Krookodile, M|\n|poke|p2|Slaking, F|\n|poke|p2|Gengar, F|\n|poke|p2|Noivern, F|\n|poke|p2|Quagsire, M|\n|poke|p2|Corviknight, M|\n|poke|p2|Breloom, M|\n|teampreview\n|\n|t:|1701203031\n|start\n|switch|p1a: Gholdengo|Gholdengo|100\/100\n|switch|p2a: Noivern|Noivern, F|100\/100\n|-item|p1a: Gholdengo|Air Balloon|[from] ability: Frisk|[of] p2a: Noivern|[identify]\n|-item|p1a: Gholdengo|Air Balloon\n|turn|1\n|\n|t:|1701203043\n|move|p2a: Noivern|U-turn|p1a: Gholdengo\n|-resisted|p1a: Gholdengo\n|-damage|p1a: Gholdengo|98\/100\n|-enditem|p1a: Gholdengo|Air Balloon\n|inactive|Battle timer is ON: inactive players will automatically lose when time's up. (requested by Tsar dragon)\n|\n|t:|1701203059\n|switch|p2a: Corviknight|Corviknight, M|100\/100|[from] U-turn\n|-ability|p2a: Corviknight|Pressure\n|move|p1a: Gholdengo|Shadow Ball|p2a: Corviknight\n|-damage|p2a: Corviknight|56\/100\n|\n|upkeep\n|turn|2\n|inactive|Tsar dragon has 270 seconds left.\n|inactive|Tsar dragon has 240 seconds left.\n|\n|t:|1701203124\n|switch|p2a: Slaking|Slaking, F|100\/100\n|move|p1a: Gholdengo|Nasty Plot|p1a: Gholdengo\n|-boost|p1a: Gholdengo|spa|2\n|\n|upkeep\n|turn|3\n|inactive|Tsar dragon has 240 seconds left.\n|\n|t:|1701203138\n|switch|p2a: Quagsire|Quagsire, M|100\/100\n|move|p1a: Gholdengo|Make It Rain|p2a: Quagsire\n|-resisted|p2a: Quagsire\n|-damage|p2a: Quagsire|58\/100\n|-unboost|p1a: Gholdengo|spa|1\n|\n|-heal|p2a: Quagsire|64\/100|[from] item: Leftovers\n|upkeep\n|turn|4\n|inactive|Tsar dragon has 240 seconds left.\n|\n|t:|1701203155\n|move|p1a: Gholdengo|Shadow Ball|p2a: Quagsire\n|-damage|p2a: Quagsire|16\/100\n|-unboost|p2a: Quagsire|spd|1\n|move|p2a: Quagsire|Earthquake|p1a: Gholdengo\n|-supereffective|p1a: Gholdengo\n|-damage|p1a: Gholdengo|34\/100\n|\n|-heal|p2a: Quagsire|22\/100|[from] item: Leftovers\n|upkeep\n|turn|5\n|j| Horrific17\n|\n|t:|1701203165\n|move|p1a: Gholdengo|Shadow Ball|p2a: Quagsire\n|-damage|p2a: Quagsire|0 fnt\n|faint|p2a: Quagsire\n|\n|upkeep\n|\n|t:|1701203172\n|switch|p2a: Gengar|Gengar, F|100\/100\n|turn|6\n|inactive|Not Hell has 270 seconds left.\n|inactive|Tsar dragon has 240 seconds left.\n|\n|t:|1701203206\n|switch|p1a: Krookodile|Krookodile, M|100\/100\n|move|p2a: Gengar|Shadow Ball|p1a: Krookodile\n|-resisted|p1a: Krookodile\n|-crit|p1a: Krookodile\n|-damage|p1a: Krookodile|57\/100\n|-unboost|p1a: Krookodile|spd|1\n|\n|upkeep\n|turn|7\n|inactive|Tsar dragon has 240 seconds left.\n|inactive|Not Hell has 270 seconds left.\n|\n|t:|1701203217\n|switch|p2a: Corviknight|Corviknight, M|56\/100\n|-ability|p2a: Corviknight|Pressure\n|move|p1a: Krookodile|Knock Off|p2a: Corviknight\n|-damage|p2a: Corviknight|27\/100\n|-damage|p1a: Krookodile|40\/100|[from] item: Rocky Helmet|[of] p2a: Corviknight\n|-enditem|p2a: Corviknight|Rocky Helmet|[from] move: Knock Off|[of] p1a: Krookodile\n|\n|upkeep\n|turn|8\n|inactive|Not Hell has 270 seconds left.\n|inactive|Tsar dragon has 240 seconds left.\n|\n|t:|1701203231\n|move|p1a: Krookodile|Knock Off|p2a: Corviknight\n|-damage|p2a: Corviknight|8\/100\n|move|p2a: Corviknight|Roost|p2a: Corviknight\n|-heal|p2a: Corviknight|57\/100\n|-singleturn|p2a: Corviknight|move: Roost\n|\n|upkeep\n|turn|9\n|inactive|Tsar dragon has 240 seconds left.\n|inactive|Not Hell has 270 seconds left.\n|\n|t:|1701203244\n|switch|p1a: Gholdengo|Gholdengo|34\/100\n|move|p2a: Corviknight|Roost|p2a: Corviknight\n|-heal|p2a: Corviknight|100\/100\n|-singleturn|p2a: Corviknight|move: Roost\n|\n|upkeep\n|turn|10\n|\n|t:|1701203252\n|switch|p2a: Slaking|Slaking, F|100\/100\n|move|p1a: Gholdengo|Recover|p1a: Gholdengo\n|-heal|p1a: Gholdengo|84\/100\n|\n|upkeep\n|turn|11\n|inactive|Not Hell has 270 seconds left.\n|\n|t:|1701203272\n|switch|p2a: Corviknight|Corviknight, M|100\/100\n|-ability|p2a: Corviknight|Pressure\n|move|p1a: Gholdengo|Nasty Plot|p1a: Gholdengo\n|-boost|p1a: Gholdengo|spa|2\n|\n|upkeep\n|turn|12\n|inactive|Not Hell has 270 seconds left.\n|\n|t:|1701203282\n|move|p1a: Gholdengo|Shadow Ball|p2a: Corviknight\n|-damage|p2a: Corviknight|23\/100\n|move|p2a: Corviknight|U-turn|p1a: Gholdengo\n|-resisted|p1a: Gholdengo\n|-damage|p1a: Gholdengo|80\/100\n|\n|t:|1701203285\n|switch|p2a: Gengar|Gengar, F|100\/100|[from] U-turn\n|\n|upkeep\n|turn|13\n|inactive|Tsar dragon has 240 seconds left.\n|inactive|Tsar dragon has 210 seconds left.\n|\n|t:|1701203354\n|switch|p1a: Krookodile|Krookodile, M|40\/100\n|move|p2a: Gengar|Shadow Ball|p1a: Krookodile\n|-resisted|p1a: Krookodile\n|-damage|p1a: Krookodile|13\/100\n|\n|upkeep\n|turn|14\n|inactive|Tsar dragon has 210 seconds left.\n|inactive|Not Hell has 270 seconds left.\n|\n|t:|1701203374\n|switch|p2a: Breloom|Breloom, M|100\/100\n|move|p1a: Krookodile|Stone Edge|p2a: Breloom|[miss]\n|-miss|p1a: Krookodile|p2a: Breloom\n|\n|upkeep\n|turn|15\n|c|\u2606Tsar dragon|of course\n|inactive|Not Hell has 270 seconds left.\n|\n|t:|1701203387\n|move|p1a: Krookodile|Stone Edge|p2a: Breloom\n|-resisted|p2a: Breloom\n|-crit|p2a: Breloom\n|-damage|p2a: Breloom|59\/100\n|move|p2a: Breloom|Bullet Seed|p1a: Krookodile\n|-supereffective|p1a: Krookodile\n|-damage|p1a: Krookodile|0 fnt\n|faint|p1a: Krookodile\n|-hitcount|p1: Krookodile|1\n|\n|upkeep\n|inactive|Tsar dragon has 180 seconds left.\n|\n|t:|1701203416\n|switch|p1a: Great Tusk|Great Tusk|100\/100\n|-enditem|p1a: Great Tusk|Booster Energy\n|-activate|p1a: Great Tusk|ability: Protosynthesis|[fromitem]\n|-start|p1a: Great Tusk|protosynthesisspe\n|turn|16\n|inactive|Not Hell has 270 seconds left.\n|\n|t:|1701203433\n|switch|p2a: Corviknight|Corviknight, M|23\/100\n|-ability|p2a: Corviknight|Pressure\n|move|p1a: Great Tusk|Ice Spinner|p2a: Corviknight\n|-damage|p2a: Corviknight|9\/100\n|\n|upkeep\n|turn|17\n|inactive|Not Hell has 270 seconds left.\n|inactive|Tsar dragon has 180 seconds left.\n|\n|t:|1701203460\n|move|p1a: Great Tusk|Ice Spinner|p2a: Corviknight\n|-damage|p2a: Corviknight|0 fnt\n|faint|p2a: Corviknight\n|\n|upkeep\n|inactive|Not Hell has 270 seconds left.\n|\n|t:|1701203466\n|switch|p2a: Noivern|Noivern, F|100\/100\n|turn|18\n|inactive|Tsar dragon has 180 seconds left.\n|inactive|Not Hell has 270 seconds left.\n|inactive|Tsar dragon has 150 seconds left.\n|inactive|Not Hell has 240 seconds left.\n|\n|t:|1701203518\n|-terastallize|p2a: Noivern|Steel\n|-terastallize|p1a: Great Tusk|Ground\n|move|p2a: Noivern|Hurricane|p1a: Great Tusk\n|-damage|p1a: Great Tusk|44\/100\n|move|p1a: Great Tusk|Ice Spinner|p2a: Noivern\n|-resisted|p2a: Noivern\n|-damage|p2a: Noivern|86\/100\n|\n|upkeep\n|turn|19\n|inactive|Tsar dragon has 150 seconds left.\n|inactive|Not Hell has 240 seconds left.\n|\n|t:|1701203544\n|-end|p1a: Great Tusk|Protosynthesis|[silent]\n|switch|p1a: Gholdengo|Gholdengo|80\/100\n|move|p2a: Noivern|Hurricane|p1a: Gholdengo\n|-resisted|p1a: Gholdengo\n|-damage|p1a: Gholdengo|54\/100\n|\n|upkeep\n|turn|20\n|\n|t:|1701203561\n|switch|p2a: Slaking|Slaking, F|100\/100\n|move|p1a: Gholdengo|Recover|p1a: Gholdengo\n|-heal|p1a: Gholdengo|100\/100\n|\n|upkeep\n|turn|21\n|\n|t:|1701203577\n|switch|p2a: Gengar|Gengar, F|100\/100\n|move|p1a: Gholdengo|Nasty Plot|p1a: Gholdengo\n|-boost|p1a: Gholdengo|spa|2\n|\n|upkeep\n|turn|22\n|inactive|Tsar dragon has 120 seconds left.\n|\n|t:|1701203606\n|switch|p1a: Kleavor|Kleavor, M|100\/100\n|move|p2a: Gengar|Shadow Ball|p1a: Kleavor\n|-damage|p1a: Kleavor|30\/100\n|-unboost|p1a: Kleavor|spd|1\n|\n|upkeep\n|turn|23\n|inactive|Not Hell has 210 seconds left.\n|inactive|Not Hell has 180 seconds left.\n|\n|t:|1701203667\n|switch|p2a: Breloom|Breloom, M|59\/100\n|move|p1a: Kleavor|Stone Axe|p2a: Breloom\n|-resisted|p2a: Breloom\n|-damage|p2a: Breloom|17\/100\n|-sidestart|p2: Not Hell|move: Stealth Rock\n|\n|upkeep\n|turn|24\n|inactive|Tsar dragon has 120 seconds left.\n|\n|t:|1701203698\n|switch|p1a: Gholdengo|Gholdengo|100\/100\n|move|p2a: Breloom|Mach Punch|p1a: Gholdengo\n|-immune|p1a: Gholdengo\n|\n|upkeep\n|turn|25\n|inactive|Tsar dragon has 120 seconds left.\n|\n|t:|1701203720\n|move|p2a: Breloom|Mach Punch|p1a: Gholdengo\n|-immune|p1a: Gholdengo\n|move|p1a: Gholdengo|Make It Rain|p2a: Breloom\n|-damage|p2a: Breloom|0 fnt\n|-unboost|p1a: Gholdengo|spa|1\n|faint|p2a: Breloom\n|\n|upkeep\n|inactive|Not Hell has 150 seconds left.\n|\n|t:|1701203742\n|switch|p2a: Gengar|Gengar, F|100\/100\n|-damage|p2a: Gengar|88\/100|[from] Stealth Rock\n|turn|26\n|inactive|Tsar dragon has 120 seconds left.\n|\n|t:|1701203769\n|switch|p1a: Iron Valiant|Iron Valiant|100\/100\n|-enditem|p1a: Iron Valiant|Booster Energy\n|-activate|p1a: Iron Valiant|ability: Quark Drive|[fromitem]\n|-start|p1a: Iron Valiant|quarkdrivespe\n|move|p2a: Gengar|Toxic Spikes|p1a: Iron Valiant\n|-sidestart|p1: Tsar dragon|move: Toxic Spikes\n|\n|upkeep\n|turn|27\n|\n|t:|1701203785\n|switch|p2a: Slaking|Slaking, F|100\/100\n|-damage|p2a: Slaking|88\/100|[from] Stealth Rock\n|move|p1a: Iron Valiant|Knock Off|p2a: Slaking\n|-damage|p2a: Slaking|67\/100\n|-enditem|p2a: Slaking|Chople Berry|[from] move: Knock Off|[of] p1a: Iron Valiant\n|\n|upkeep\n|turn|28\n|\n|t:|1701203803\n|move|p1a: Iron Valiant|Close Combat|p2a: Slaking\n|-supereffective|p2a: Slaking\n|-damage|p2a: Slaking|0 fnt\n|-unboost|p1a: Iron Valiant|def|1\n|-unboost|p1a: Iron Valiant|spd|1\n|faint|p2a: Slaking\n|\n|upkeep\n|inactive|Not Hell has 120 seconds left.\n|\n|t:|1701203815\n|switch|p2a: Noivern|Noivern, F, tera:Steel|86\/100\n|-damage|p2a: Noivern|80\/100|[from] Stealth Rock\n|turn|29\n|inactive|Not Hell has 120 seconds left.\n|\n|t:|1701203839\n|move|p2a: Noivern|Tera Blast|p1a: Iron Valiant|[anim] Tera Blast Steel\n|-supereffective|p1a: Iron Valiant\n|-damage|p1a: Iron Valiant|0 fnt\n|faint|p1a: Iron Valiant\n|-end|p1a: Iron Valiant|Quark Drive|[silent]\n|\n|upkeep\n|inactive|Tsar dragon has 90 seconds left.\n|\n|t:|1701203868\n|switch|p1a: Gholdengo|Gholdengo|100\/100\n|turn|30\n|\n|t:|1701203880\n|move|p2a: Noivern|Tera Blast|p1a: Gholdengo|[anim] Tera Blast Steel\n|-resisted|p1a: Gholdengo\n|-damage|p1a: Gholdengo|81\/100\n|move|p1a: Gholdengo|Shadow Ball|p2a: Noivern\n|-damage|p2a: Noivern|19\/100\n|\n|upkeep\n|turn|31\n|inactive|Tsar dragon has 90 seconds left.\n|\n|t:|1701203887\n|move|p2a: Noivern|Tera Blast|p1a: Gholdengo|[anim] Tera Blast Steel\n|-resisted|p1a: Gholdengo\n|-damage|p1a: Gholdengo|60\/100\n|move|p1a: Gholdengo|Shadow Ball|p2a: Noivern\n|-damage|p2a: Noivern|0 fnt\n|faint|p2a: Noivern\n|\n|upkeep\n|\n|t:|1701203893\n|switch|p2a: Gengar|Gengar, F|88\/100\n|-damage|p2a: Gengar|76\/100|[from] Stealth Rock\n|turn|32\n|\n|t:|1701203901\n|move|p2a: Gengar|Shadow Ball|p1a: Gholdengo\n|-supereffective|p1a: Gholdengo\n|-damage|p1a: Gholdengo|0 fnt\n|faint|p1a: Gholdengo\n|\n|upkeep\n|\n|t:|1701203914\n|switch|p1a: Kleavor|Kleavor, M|30\/100\n|-status|p1a: Kleavor|psn\n|turn|33\n|\n|t:|1701203922\n|move|p1a: Kleavor|Stone Axe|p2a: Gengar\n|-damage|p2a: Gengar|0 fnt\n|-start|p1a: Kleavor|Disable|Stone Axe|[from] ability: Cursed Body|[of] p2a: Gengar\n|faint|p2a: Gengar\n|\n|win|Tsar dragon\n|c|\u2606Not Hell|ggg\n|l|\u2606Tsar dragon\n","uploadtime":1701203932,"views":2,"p1id":"tsardragon","p2id":"nothell","formatid":"gen9ou","rating":0,"private":0,"password":""}