{"id":"gen9ou-1992551449","p1":"Beatlefan9302","p2":"anamchara","format":"[Gen 9] OU","log":"|j|\u2606Beatlefan9302\n|j|\u2606anamchara\n|t:|1700204232\n|gametype|singles\n|player|p1|Beatlefan9302|lance|1441\n|player|p2|anamchara|2|1522\n|teamsize|p1|6\n|teamsize|p2|6\n|gen|9\n|tier|[Gen 9] OU\n|rated|\n|rule|Sleep Clause Mod: Limit one foe put to sleep\n|rule|Species Clause: Limit one of each Pok\u00e9mon\n|rule|OHKO Clause: OHKO moves are banned\n|rule|Evasion Items Clause: Evasion items are banned\n|rule|Evasion Moves Clause: Evasion moves are banned\n|rule|Endless Battle Clause: Forcing endless battles is banned\n|rule|HP Percentage Mod: HP is shown in percentages\n|clearpoke\n|poke|p1|Ogerpon, F|\n|poke|p1|Slowking-Galar, M|\n|poke|p1|Garchomp, M|\n|poke|p1|Jirachi|\n|poke|p1|Mandibuzz, F|\n|poke|p1|Tauros-Paldea-Aqua, M|\n|poke|p2|Greninja-*, M|\n|poke|p2|Iron Moth|\n|poke|p2|Iron Valiant|\n|poke|p2|Mandibuzz, F|\n|poke|p2|Landorus-Therian, M|\n|poke|p2|Slowking-Galar, F|\n|teampreview\n|inactive|Battle timer is ON: inactive players will automatically lose when time's up. (requested by anamchara)\n|\n|t:|1700204257\n|start\n|switch|p1a: Garchomp|Garchomp, M, shiny|100\/100\n|switch|p2a: Landorus|Landorus-Therian, M|100\/100\n|-ability|p2a: Landorus|Intimidate|boost\n|-unboost|p1a: Garchomp|atk|1\n|turn|1\n|\n|t:|1700204262\n|-terastallize|p2a: Landorus|Ice\n|move|p2a: Landorus|Tera Blast|p1a: Garchomp|[anim] Tera Blast Ice\n|-supereffective|p1a: Garchomp\n|-damage|p1a: Garchomp|0 fnt\n|faint|p1a: Garchomp\n|\n|upkeep\n|c|\u2606Beatlefan9302|what the fuck\n|\n|t:|1700204274\n|switch|p1a: Tauros|Tauros-Paldea-Aqua, M|100\/100\n|-ability|p1a: Tauros|Intimidate|boost\n|-unboost|p2a: Landorus|atk|1\n|turn|2\n|\n|t:|1700204300\n|switch|p2a: Mandibuzz|Mandibuzz, F|100\/100\n|switch|p1a: Jirachi|Jirachi|100\/100\n|\n|upkeep\n|turn|3\n|\n|t:|1700204306\n|move|p1a: Jirachi|Doom Desire|p2a: Mandibuzz\n|-start|p1a: Jirachi|Doom Desire\n|move|p2a: Mandibuzz|Foul Play|p1a: Jirachi\n|-supereffective|p1a: Jirachi\n|-damage|p1a: Jirachi|38\/100\n|\n|-heal|p1a: Jirachi|44\/100|[from] item: Leftovers\n|upkeep\n|turn|4\n|\n|t:|1700204312\n|move|p1a: Jirachi|U-turn|p2a: Mandibuzz\n|-damage|p2a: Mandibuzz|92\/100\n|\n|t:|1700204325\n|switch|p1a: Tauros|Tauros-Paldea-Aqua, M|100\/100|[from] U-turn\n|-ability|p1a: Tauros|Intimidate|boost\n|-unboost|p2a: Mandibuzz|atk|1\n|move|p2a: Mandibuzz|U-turn|p1a: Tauros\n|-resisted|p1a: Tauros\n|-damage|p1a: Tauros|98\/100\n|inactive|anamchara has 120 seconds left.\n|\n|t:|1700204376\n|switch|p2a: Iron Valiant|Iron Valiant|100\/100|[from] U-turn\n|-enditem|p2a: Iron Valiant|Booster Energy\n|-activate|p2a: Iron Valiant|ability: Quark Drive|[fromitem]\n|-start|p2a: Iron Valiant|quarkdrivespe\n|\n|-heal|p1a: Tauros|100\/100|[from] item: Leftovers\n|upkeep\n|turn|5\n|inactive|Beatlefan9302 has 120 seconds left.\n|\n|t:|1700204432\n|move|p1a: Tauros|Protect|p1a: Tauros\n|-singleturn|p1a: Tauros|Protect\n|move|p2a: Iron Valiant|Moonblast|p1a: Tauros\n|-activate|p1a: Tauros|move: Protect\n|\n|-end|p2a: Iron Valiant|move: Doom Desire\n|-supereffective|p2a: Iron Valiant\n|-damage|p2a: Iron Valiant|0 fnt\n|faint|p2a: Iron Valiant\n|-end|p2a: Iron Valiant|Quark Drive|[silent]\n|upkeep\n|\n|t:|1700204445\n|switch|p2a: Slowking|Slowking-Galar, F|100\/100\n|turn|6\n|\n|t:|1700204456\n|switch|p1a: Mandibuzz|Mandibuzz, F|100\/100\n|move|p2a: Slowking|Flamethrower|p1a: Mandibuzz\n|-damage|p1a: Mandibuzz|74\/100\n|\n|upkeep\n|turn|7\n|\n|t:|1700204462\n|move|p1a: Mandibuzz|Foul Play|p2a: Slowking\n|-supereffective|p2a: Slowking\n|-damage|p2a: Slowking|67\/100\n|move|p2a: Slowking|Sludge Bomb|p1a: Mandibuzz\n|-damage|p1a: Mandibuzz|33\/100\n|-status|p1a: Mandibuzz|psn\n|\n|-damage|p1a: Mandibuzz|20\/100 psn|[from] psn\n|upkeep\n|turn|8\n|\n|t:|1700204469\n|move|p1a: Mandibuzz|Roost|p1a: Mandibuzz\n|-heal|p1a: Mandibuzz|70\/100 psn\n|-singleturn|p1a: Mandibuzz|move: Roost\n|move|p2a: Slowking|Hydro Pump|p1a: Mandibuzz\n|-damage|p1a: Mandibuzz|41\/100 psn\n|\n|-damage|p1a: Mandibuzz|29\/100 psn|[from] psn\n|upkeep\n|turn|9\n|\n|t:|1700204476\n|move|p1a: Mandibuzz|Roost|p1a: Mandibuzz\n|-heal|p1a: Mandibuzz|79\/100 psn\n|-singleturn|p1a: Mandibuzz|move: Roost\n|move|p2a: Slowking|Sludge Bomb|p1a: Mandibuzz\n|-damage|p1a: Mandibuzz|40\/100 psn\n|\n|-damage|p1a: Mandibuzz|28\/100 psn|[from] psn\n|upkeep\n|turn|10\n|\n|t:|1700204484\n|switch|p2a: Iron Moth|Iron Moth|100\/100\n|-enditem|p2a: Iron Moth|Booster Energy\n|-activate|p2a: Iron Moth|ability: Quark Drive|[fromitem]\n|-start|p2a: Iron Moth|quarkdrivespa\n|move|p1a: Mandibuzz|Foul Play|p2a: Iron Moth\n|-crit|p2a: Iron Moth\n|-damage|p2a: Iron Moth|59\/100\n|\n|-damage|p1a: Mandibuzz|15\/100 psn|[from] psn\n|upkeep\n|turn|11\n|\n|t:|1700204490\n|move|p2a: Iron Moth|Agility|p2a: Iron Moth\n|-boost|p2a: Iron Moth|spe|2\n|move|p1a: Mandibuzz|Foul Play|p2a: Iron Moth\n|-damage|p2a: Iron Moth|31\/100\n|\n|-damage|p1a: Mandibuzz|3\/100 psn|[from] psn\n|upkeep\n|turn|12\n|\n|t:|1700204494\n|move|p2a: Iron Moth|Fiery Dance|p1a: Mandibuzz\n|-damage|p1a: Mandibuzz|0 fnt\n|faint|p1a: Mandibuzz\n|\n|upkeep\n|\n|t:|1700204510\n|switch|p1a: Slowking|Slowking-Galar, M|100\/100\n|turn|13\n|inactive|anamchara has 120 seconds left.\n|\n|t:|1700204554\n|move|p2a: Iron Moth|Fiery Dance|p1a: Slowking\n|-damage|p1a: Slowking|53\/100\n|-boost|p2a: Iron Moth|spa|1\n|move|p1a: Slowking|Future Sight|p2a: Iron Moth\n|-start|p1a: Slowking|move: Future Sight\n|\n|-heal|p1a: Slowking|59\/100|[from] item: Black Sludge\n|upkeep\n|turn|14\n|inactive|Beatlefan9302 has 120 seconds left.\n|\n|t:|1700204588\n|switch|p1a: Jirachi|Jirachi|44\/100\n|move|p2a: Iron Moth|Fiery Dance|p1a: Jirachi\n|-supereffective|p1a: Jirachi\n|-damage|p1a: Jirachi|0 fnt\n|faint|p1a: Jirachi\n|\n|upkeep\n|\n|t:|1700204592\n|switch|p1a: Tauros|Tauros-Paldea-Aqua, M|100\/100\n|-ability|p1a: Tauros|Intimidate|boost\n|-unboost|p2a: Iron Moth|atk|1\n|turn|15\n|inactive|Beatlefan9302 has 120 seconds left.\n|\n|t:|1700204611\n|move|p1a: Tauros|Protect|p1a: Tauros\n|-singleturn|p1a: Tauros|Protect\n|move|p2a: Iron Moth|Sludge Wave|p1a: Tauros\n|-activate|p1a: Tauros|move: Protect\n|\n|-end|p2a: Iron Moth|move: Future Sight\n|-supereffective|p2a: Iron Moth\n|-damage|p2a: Iron Moth|0 fnt\n|faint|p2a: Iron Moth\n|-end|p2a: Iron Moth|Quark Drive|[silent]\n|upkeep\n|\n|t:|1700204617\n|switch|p2a: Slowking|Slowking-Galar, F|99\/100\n|turn|16\n|inactive|Beatlefan9302 has 120 seconds left.\n|inactive|Beatlefan9302 has 90 seconds left.\n|\n|t:|1700204663\n|switch|p1a: Slowking|Slowking-Galar, M|92\/100\n|move|p2a: Slowking|Future Sight|p1a: Slowking\n|-start|p2a: Slowking|move: Future Sight\n|\n|-heal|p1a: Slowking|98\/100|[from] item: Black Sludge\n|upkeep\n|turn|17\n|inactive|Beatlefan9302 has 90 seconds left.\n|\n|t:|1700204682\n|switch|p2a: Mandibuzz|Mandibuzz, F|92\/100\n|move|p1a: Slowking|Future Sight|p2a: Mandibuzz\n|-start|p1a: Slowking|move: Future Sight\n|\n|-heal|p1a: Slowking|100\/100|[from] item: Black Sludge\n|upkeep\n|turn|18\n|inactive|Beatlefan9302 has 90 seconds left.\n|\n|t:|1700204695\n|move|p2a: Mandibuzz|Foul Play|p1a: Slowking\n|-supereffective|p1a: Slowking\n|-damage|p1a: Slowking|74\/100\n|move|p1a: Slowking|Trick|p2a: Mandibuzz\n|-activate|p1a: Slowking|move: Trick|[of] p2a: Mandibuzz\n|-item|p2a: Mandibuzz|Black Sludge|[from] move: Trick\n|-item|p1a: Slowking|Heavy-Duty Boots|[from] move: Trick\n|\n|-end|p1a: Slowking|move: Future Sight\n|-damage|p1a: Slowking|31\/100\n|-damage|p2a: Mandibuzz|79\/100|[from] item: Black Sludge\n|upkeep\n|turn|19\n|inactive|Beatlefan9302 has 90 seconds left.\n|inactive|anamchara has 120 seconds left.\n|\n|t:|1700204740\n|move|p2a: Mandibuzz|Foul Play|p1a: Slowking\n|-supereffective|p1a: Slowking\n|-damage|p1a: Slowking|4\/100\n|move|p1a: Slowking|Ice Beam|p2a: Mandibuzz\n|-supereffective|p2a: Mandibuzz\n|-damage|p2a: Mandibuzz|40\/100\n|\n|-end|p2a: Mandibuzz|move: Future Sight\n|-immune|p2a: Mandibuzz\n|-damage|p2a: Mandibuzz|27\/100|[from] item: Black Sludge\n|upkeep\n|turn|20\n|inactive|Beatlefan9302 has 60 seconds left.\n|inactive|Beatlefan9302 has 30 seconds left.\n|\n|t:|1700204798\n|move|p2a: Mandibuzz|U-turn|p1a: Slowking\n|-damage|p1a: Slowking|0 fnt\n|faint|p1a: Slowking\n|inactive|Beatlefan9302 has 30 seconds left this turn.\n|inactive|anamchara has 90 seconds left.\n|\n|t:|1700204830\n|switch|p2a: Landorus|Landorus-Therian, M, tera:Ice|100\/100|[from] U-turn\n|\n|upkeep\n|inactive|Beatlefan9302 has 30 seconds left.\n|\n|t:|1700204837\n|switch|p1a: Tauros|Tauros-Paldea-Aqua, M|100\/100\n|-ability|p1a: Tauros|Intimidate|boost\n|-unboost|p2a: Landorus|atk|1\n|turn|21\n|inactive|anamchara has 90 seconds left.\n|\n|t:|1700204851\n|move|p2a: Landorus|U-turn|p1a: Tauros\n|-resisted|p1a: Tauros\n|-damage|p1a: Tauros|94\/100\n|\n|t:|1700204852\n|switch|p2a: Mandibuzz|Mandibuzz, F|27\/100|[from] U-turn\n|move|p1a: Tauros|Bulk Up|p1a: Tauros\n|-boost|p1a: Tauros|atk|1\n|-boost|p1a: Tauros|def|1\n|\n|-heal|p1a: Tauros|100\/100|[from] item: Leftovers\n|-damage|p2a: Mandibuzz|15\/100|[from] item: Black Sludge\n|upkeep\n|turn|22\n|\n|t:|1700204865\n|move|p1a: Tauros|Raging Bull|p2a: Mandibuzz\n|-damage|p2a: Mandibuzz|0 fnt\n|faint|p2a: Mandibuzz\n|\n|upkeep\n|\n|t:|1700204869\n|switch|p2a: Slowking|Slowking-Galar, F|100\/100\n|turn|23\n|\n|t:|1700204879\n|move|p1a: Tauros|Raging Bull|p2a: Slowking\n|-damage|p2a: Slowking|48\/100\n|move|p2a: Slowking|Future Sight|p1a: Tauros\n|-start|p2a: Slowking|move: Future Sight\n|\n|upkeep\n|turn|24\n|\n|t:|1700204890\n|switch|p2a: Landorus|Landorus-Therian, M, tera:Ice|100\/100\n|-ability|p2a: Landorus|Intimidate|boost\n|-unboost|p1a: Tauros|atk|1\n|move|p1a: Tauros|Body Press|p2a: Landorus\n|-supereffective|p2a: Landorus\n|-damage|p2a: Landorus|0 fnt\n|faint|p2a: Landorus\n|\n|upkeep\n|\n|t:|1700204894\n|switch|p2a: Slowking|Slowking-Galar, F|81\/100\n|turn|25\n|inactive|Beatlefan9302 has 60 seconds left.\n|\n|t:|1700204908\n|move|p1a: Tauros|Raging Bull|p2a: Slowking\n|-damage|p2a: Slowking|47\/100\n|move|p2a: Slowking|Sludge Bomb|p1a: Tauros\n|-damage|p1a: Tauros|44\/100\n|\n|-end|p1a: Tauros|move: Future Sight\n|-supereffective|p1a: Tauros\n|-damage|p1a: Tauros|0 fnt\n|faint|p1a: Tauros\n|upkeep\n|\n|t:|1700204910\n|switch|p1a: Ogerpon|Ogerpon, F|100\/100\n|turn|26\n|\n|t:|1700204920\n|switch|p2a: Greninja|Greninja, M|100\/100\n|move|p1a: Ogerpon|Knock Off|p2a: Greninja\n|-resisted|p2a: Greninja\n|-damage|p2a: Greninja|72\/100\n|-enditem|p2a: Greninja|Loaded Dice|[from] move: Knock Off|[of] p1a: Ogerpon\n|\n|upkeep\n|turn|27\n|\n|t:|1700204931\n|-terastallize|p1a: Ogerpon|Grass\n|detailschange|p1a: Ogerpon|Ogerpon-Teal-Tera, F, tera:Grass\n|-ability|p1a: Ogerpon|Embody Aspect (Teal)|boost\n|-boost|p1a: Ogerpon|spe|1\n|move|p2a: Greninja|Water Shuriken|p1a: Ogerpon\n|-resisted|p1a: Ogerpon\n|-damage|p1a: Ogerpon|96\/100\n|-resisted|p1a: Ogerpon\n|-damage|p1a: Ogerpon|92\/100\n|-resisted|p1a: Ogerpon\n|-damage|p1a: Ogerpon|88\/100\n|-hitcount|p1a: Ogerpon|3\n|move|p1a: Ogerpon|Swords Dance|p1a: Ogerpon\n|-boost|p1a: Ogerpon|atk|2\n|\n|upkeep\n|turn|28\n|\n|t:|1700204944\n|move|p1a: Ogerpon|Ivy Cudgel|p2a: Greninja\n|-supereffective|p2a: Greninja\n|-damage|p2a: Greninja|0 fnt\n|faint|p2a: Greninja\n|\n|upkeep\n|\n|t:|1700204946\n|switch|p2a: Slowking|Slowking-Galar, F|80\/100\n|turn|29\n|-message|anamchara forfeited.\n|\n|win|Beatlefan9302\n|raw|Beatlefan9302's rating: 1441 &rarr; <strong>1466<\/strong><br \/>(+25 for winning)\n|raw|anamchara's rating: 1523 &rarr; <strong>1498<\/strong><br \/>(-25 for losing)\n|l|\u2606anamchara\n","uploadtime":1700204963,"views":27,"p1id":"beatlefan9302","p2id":"anamchara","formatid":"gen9ou","rating":1466,"private":0,"password":""}