{"id":"gen9ou-1991553092","p1":"Dingles Apetitosis","p2":"Flash airway ha","format":"[Gen 9] OU","log":"|j|\u2606Dingles Apetitosis\n|j|\u203dFlash airway ha\n|inactive|Battle timer is ON: inactive players will automatically lose when time's up.\n|t:|1700087699\n|gametype|singles\n|player|p1|Dingles Apetitosis|266|\n|player|p2|Flash airway ha|266|\n|teamsize|p1|6\n|teamsize|p2|6\n|gen|9\n|tier|[Gen 9] OU\n|rated|Tournament battle\n|rule|Sleep Clause Mod: Limit one foe put to sleep\n|rule|Species Clause: Limit one of each Pok\u00e9mon\n|rule|OHKO Clause: OHKO moves are banned\n|rule|Evasion Items Clause: Evasion items are banned\n|rule|Evasion Moves Clause: Evasion moves are banned\n|rule|Endless Battle Clause: Forcing endless battles is banned\n|rule|HP Percentage Mod: HP is shown in percentages\n|clearpoke\n|poke|p1|Enamorus, F|\n|poke|p1|Ting-Lu|\n|poke|p1|Corviknight, F|\n|poke|p1|Cinderace, F|\n|poke|p1|Ogerpon-Wellspring, F|\n|poke|p1|Dragapult, F|\n|poke|p2|Zapdos|\n|poke|p2|Cinderace, M|\n|poke|p2|Rillaboom, M|\n|poke|p2|Iron Treads|\n|poke|p2|Slowking-Galar, M|\n|poke|p2|Garganacl, M|\n|teampreview\n|inactive|Flash airway ha also wants the timer to be on.\n|\n|t:|1700087714\n|start\n|switch|p1a: Enamorus|Enamorus, F|100\/100\n|switch|p2a: Garganacl|Garganacl, M|100\/100\n|turn|1\n|j| TheNewBrends11@!\n|\n|t:|1700087719\n|move|p1a: Enamorus|Earth Power|p2a: Garganacl\n|-supereffective|p2a: Garganacl\n|-damage|p2a: Garganacl|33\/100\n|move|p2a: Garganacl|Salt Cure|p1a: Enamorus\n|-supereffective|p1a: Enamorus\n|-damage|p1a: Enamorus|58\/100\n|-start|p1a: Enamorus|Salt Cure\n|\n|-heal|p2a: Garganacl|39\/100|[from] item: Leftovers\n|-damage|p1a: Enamorus|46\/100|[from] Salt Cure\n|upkeep\n|turn|2\n|\n|t:|1700087729\n|switch|p1a: Dragapult|Dragapult, F|100\/100\n|-terastallize|p2a: Garganacl|Fairy\n|move|p2a: Garganacl|Recover|p2a: Garganacl\n|-heal|p2a: Garganacl|89\/100\n|\n|-heal|p2a: Garganacl|96\/100|[from] item: Leftovers\n|upkeep\n|turn|3\n|\n|t:|1700087732\n|move|p1a: Dragapult|U-turn|p2a: Garganacl\n|-resisted|p2a: Garganacl\n|-damage|p2a: Garganacl|90\/100\n|\n|t:|1700087737\n|switch|p1a: Ting-Lu|Ting-Lu|100\/100|[from] U-turn\n|-ability|p1a: Ting-Lu|Vessel of Ruin\n|move|p2a: Garganacl|Salt Cure|p1a: Ting-Lu\n|-resisted|p1a: Ting-Lu\n|-damage|p1a: Ting-Lu|96\/100\n|-start|p1a: Ting-Lu|Salt Cure\n|\n|-heal|p1a: Ting-Lu|100\/100|[from] item: Leftovers\n|-heal|p2a: Garganacl|96\/100|[from] item: Leftovers\n|-damage|p1a: Ting-Lu|88\/100|[from] Salt Cure\n|upkeep\n|turn|4\n|\n|t:|1700087743\n|move|p1a: Ting-Lu|Ruination|p2a: Garganacl\n|-damage|p2a: Garganacl|48\/100\n|move|p2a: Garganacl|Iron Defense|p2a: Garganacl\n|-boost|p2a: Garganacl|def|2\n|\n|-heal|p1a: Ting-Lu|94\/100|[from] item: Leftovers\n|-heal|p2a: Garganacl|54\/100|[from] item: Leftovers\n|-damage|p1a: Ting-Lu|82\/100|[from] Salt Cure\n|upkeep\n|turn|5\n|\n|t:|1700087748\n|move|p2a: Garganacl|Body Press|p1a: Ting-Lu\n|-supereffective|p1a: Ting-Lu\n|-damage|p1a: Ting-Lu|33\/100\n|move|p1a: Ting-Lu|Whirlwind|p2a: Garganacl\n|drag|p2a: Slowking|Slowking-Galar, M|100\/100\n|\n|-heal|p1a: Ting-Lu|39\/100|[from] item: Leftovers\n|-damage|p1a: Ting-Lu|27\/100|[from] Salt Cure\n|upkeep\n|turn|6\n|\n|t:|1700087755\n|move|p1a: Ting-Lu|Earthquake|p2a: Slowking\n|-supereffective|p2a: Slowking\n|-damage|p2a: Slowking|18\/100\n|move|p2a: Slowking|Future Sight|p1a: Ting-Lu\n|-start|p2a: Slowking|move: Future Sight\n|\n|-heal|p1a: Ting-Lu|33\/100|[from] item: Leftovers\n|-damage|p1a: Ting-Lu|21\/100|[from] Salt Cure\n|upkeep\n|turn|7\n|\n|t:|1700087760\n|switch|p2a: Zapdos|Zapdos|100\/100\n|move|p1a: Ting-Lu|Ruination|p2a: Zapdos\n|-damage|p2a: Zapdos|51\/100\n|\n|-heal|p1a: Ting-Lu|27\/100|[from] item: Leftovers\n|-damage|p1a: Ting-Lu|15\/100|[from] Salt Cure\n|upkeep\n|turn|8\n|\n|t:|1700087765\n|move|p2a: Zapdos|Roost|p2a: Zapdos\n|-heal|p2a: Zapdos|100\/100\n|-singleturn|p2a: Zapdos|move: Roost\n|move|p1a: Ting-Lu|Earthquake|p2a: Zapdos\n|-supereffective|p2a: Zapdos\n|-damage|p2a: Zapdos|9\/100\n|\n|-end|p1a: Ting-Lu|move: Future Sight\n|-immune|p1a: Ting-Lu\n|-heal|p1a: Ting-Lu|21\/100|[from] item: Leftovers\n|-damage|p1a: Ting-Lu|8\/100|[from] Salt Cure\n|upkeep\n|turn|9\n|\n|t:|1700087769\n|move|p2a: Zapdos|Roost|p2a: Zapdos\n|-heal|p2a: Zapdos|59\/100\n|-singleturn|p2a: Zapdos|move: Roost\n|move|p1a: Ting-Lu|Earthquake|p2a: Zapdos\n|-supereffective|p2a: Zapdos\n|-damage|p2a: Zapdos|0 fnt\n|faint|p2a: Zapdos\n|\n|-heal|p1a: Ting-Lu|15\/100|[from] item: Leftovers\n|-damage|p1a: Ting-Lu|2\/100|[from] Salt Cure\n|upkeep\n|\n|t:|1700087776\n|switch|p2a: Iron Treads|Iron Treads|100\/100\n|turn|10\n|\n|t:|1700087780\n|switch|p1a: Corviknight|Corviknight, F|100\/100\n|-ability|p1a: Corviknight|Pressure\n|move|p2a: Iron Treads|Knock Off|p1a: Corviknight\n|-damage|p1a: Corviknight|85\/100\n|-damage|p2a: Iron Treads|84\/100|[from] item: Rocky Helmet|[of] p1a: Corviknight\n|-enditem|p1a: Corviknight|Rocky Helmet|[from] move: Knock Off|[of] p2a: Iron Treads\n|\n|-heal|p2a: Iron Treads|90\/100|[from] item: Leftovers\n|upkeep\n|turn|11\n|\n|t:|1700087786\n|move|p2a: Iron Treads|Volt Switch|p1a: Corviknight\n|-supereffective|p1a: Corviknight\n|-damage|p1a: Corviknight|63\/100\n|\n|t:|1700087791\n|-end|p2a: Iron Treads|Quark Drive|[silent]\n|switch|p2a: Garganacl|Garganacl, M, tera:Fairy|54\/100|[from] Volt Switch\n|move|p1a: Corviknight|U-turn|p2a: Garganacl\n|-resisted|p2a: Garganacl\n|-damage|p2a: Garganacl|50\/100\n|\n|t:|1700087794\n|switch|p1a: Enamorus|Enamorus, F|46\/100|[from] U-turn\n|\n|-heal|p2a: Garganacl|56\/100|[from] item: Leftovers\n|upkeep\n|turn|12\n|\n|t:|1700087798\n|move|p1a: Enamorus|Moonblast|p2a: Garganacl\n|-damage|p2a: Garganacl|7\/100\n|move|p2a: Garganacl|Recover|p2a: Garganacl\n|-heal|p2a: Garganacl|57\/100\n|\n|-heal|p2a: Garganacl|63\/100|[from] item: Leftovers\n|upkeep\n|turn|13\n|\n|t:|1700087803\n|switch|p2a: Slowking|Slowking-Galar, M|52\/100\n|move|p1a: Enamorus|Moonblast|p2a: Slowking\n|-resisted|p2a: Slowking\n|-damage|p2a: Slowking|31\/100\n|\n|upkeep\n|turn|14\n|\n|t:|1700087813\n|switch|p1a: Ting-Lu|Ting-Lu|2\/100\n|-ability|p1a: Ting-Lu|Vessel of Ruin\n|move|p2a: Slowking|Chilly Reception|p2a: Slowking\n|-weather|Snow\n|\n|t:|1700087819\n|switch|p2a: Cinderace|Cinderace, M|100\/100|[from] Chilly Reception\n|\n|-weather|Snow|[upkeep]\n|-heal|p1a: Ting-Lu|8\/100|[from] item: Leftovers\n|upkeep\n|turn|15\n|\n|t:|1700087824\n|move|p2a: Cinderace|Pyro Ball|p1a: Ting-Lu|[miss]\n|-miss|p2a: Cinderace|p1a: Ting-Lu\n|move|p1a: Ting-Lu|Earthquake|p2a: Cinderace\n|-supereffective|p2a: Cinderace\n|-damage|p2a: Cinderace|0 fnt\n|faint|p2a: Cinderace\n|\n|-weather|Snow|[upkeep]\n|-heal|p1a: Ting-Lu|15\/100|[from] item: Leftovers\n|upkeep\n|-message|Flash airway ha forfeited.\n|\n|win|Dingles Apetitosis\n|n|\u2606Dingles Apetitosis|dinglesapetitosis\n|n|\u203dFlash airway ha|flashairwayha\n|n| TheNewBrends11@!|thenewbrends11\n|l|\u203dFlash airway ha\n|l|\u2606Dingles Apetitosis\n","uploadtime":1700087963,"views":7,"p1id":"dinglesapetitosis","p2id":"flashairwayha","formatid":"gen9ou","rating":0,"private":0,"password":""}