{"id":"gen9ou-1999759393","p1":"Battlemin","p2":"StinkyBinky609","format":"[Gen 9] OU","log":"|j|\u2606Battlemin\n|j|\u2606StinkyBinky609\n|t:|1701114160\n|gametype|singles\n|player|p1|Battlemin|brycenman|1116\n|player|p2|StinkyBinky609|102|1111\n|teamsize|p1|6\n|teamsize|p2|6\n|gen|9\n|tier|[Gen 9] OU\n|rated|\n|rule|Sleep Clause Mod: Limit one foe put to sleep\n|rule|Species Clause: Limit one of each Pok\u00e9mon\n|rule|OHKO Clause: OHKO moves are banned\n|rule|Evasion Items Clause: Evasion items are banned\n|rule|Evasion Moves Clause: Evasion moves are banned\n|rule|Endless Battle Clause: Forcing endless battles is banned\n|rule|HP Percentage Mod: HP is shown in percentages\n|clearpoke\n|poke|p1|Toxapex, F|\n|poke|p1|Ribombee, M|\n|poke|p1|Gholdengo|\n|poke|p1|Clodsire, M|\n|poke|p1|Ogerpon-Wellspring, F|\n|poke|p1|Corviknight, M|\n|poke|p2|Great Tusk|\n|poke|p2|Chandelure, M|\n|poke|p2|Iron Valiant|\n|poke|p2|Piloswine, F|\n|poke|p2|Ogerpon, F|\n|poke|p2|Kilowattrel, F|\n|teampreview\n|\n|t:|1701114165\n|start\n|switch|p1a: Ribombee|Ribombee, M|100\/100\n|switch|p2a: Gigachaddrel|Kilowattrel, F|100\/100\n|turn|1\n|c|\u2606StinkyBinky609|Im a gay\n|\n|t:|1701114176\n|move|p2a: Gigachaddrel|Volt Switch|p1a: Ribombee\n|-damage|p1a: Ribombee|48\/100\n|\n|t:|1701114180\n|switch|p2a: Elon Musk|Great Tusk|100\/100|[from] Volt Switch\n|move|p1a: Ribombee|Sticky Web|p2a: Elon Musk\n|-sidestart|p2: StinkyBinky609|move: Sticky Web\n|\n|upkeep\n|turn|2\n|\n|t:|1701114185\n|move|p1a: Ribombee|Stun Spore|p2a: Elon Musk\n|-status|p2a: Elon Musk|par\n|move|p2a: Elon Musk|Rapid Spin|p1a: Ribombee\n|-damage|p1a: Ribombee|15\/100\n|-boost|p2a: Elon Musk|spe|1\n|-sideend|p2: StinkyBinky609|Sticky Web|[from] move: Rapid Spin|[of] p2a: Elon Musk\n|\n|upkeep\n|turn|3\n|c|\u2606StinkyBinky609|Maam\n|\n|t:|1701114191\n|move|p1a: Ribombee|Moonblast|p2a: Elon Musk\n|-supereffective|p2a: Elon Musk\n|-damage|p2a: Elon Musk|21\/100 par\n|-unboost|p2a: Elon Musk|spa|1\n|move|p2a: Elon Musk|Rapid Spin|p1a: Ribombee\n|-damage|p1a: Ribombee|0 fnt\n|-boost|p2a: Elon Musk|spe|1\n|faint|p1a: Ribombee\n|\n|upkeep\n|\n|t:|1701114202\n|switch|p1a: Ogerpon|Ogerpon-Wellspring, F|100\/100\n|turn|4\n|c|\u2606StinkyBinky609|Ogerpon shitspring\n|\n|t:|1701114209\n|move|p1a: Ogerpon|Ivy Cudgel|p2a: Elon Musk|[anim] Ivy Cudgel Water\n|-supereffective|p2a: Elon Musk\n|-damage|p2a: Elon Musk|0 fnt\n|faint|p2a: Elon Musk\n|-end|p2a: Elon Musk|Protosynthesis|[silent]\n|\n|upkeep\n|\n|t:|1701114211\n|switch|p2a: Ogerpon-Shitspring|Ogerpon, F|100\/100\n|turn|5\n|\n|t:|1701114221\n|switch|p1a: Clodsire|Clodsire, M|100\/100\n|move|p2a: Ogerpon-Shitspring|U-turn|p1a: Clodsire\n|-resisted|p1a: Clodsire\n|-damage|p1a: Clodsire|80\/100\n|\n|t:|1701114224\n|switch|p2a: Small Tusk|Piloswine, F|100\/100|[from] U-turn\n|\n|-heal|p1a: Clodsire|86\/100|[from] item: Leftovers\n|upkeep\n|turn|6\n|\n|t:|1701114228\n|move|p2a: Small Tusk|Icicle Crash|p1a: Clodsire\n|-supereffective|p1a: Clodsire\n|-damage|p1a: Clodsire|0 fnt\n|faint|p1a: Clodsire\n|\n|upkeep\n|\n|t:|1701114232\n|switch|p1a: Toxapex|Toxapex, F|100\/100\n|turn|7\n|\n|t:|1701114234\n|move|p2a: Small Tusk|Earthquake|p1a: Toxapex\n|-supereffective|p1a: Toxapex\n|-damage|p1a: Toxapex|47\/100\n|move|p1a: Toxapex|Toxic|p2a: Small Tusk\n|-status|p2a: Small Tusk|tox\n|\n|-heal|p1a: Toxapex|53\/100|[from] item: Leftovers\n|-damage|p2a: Small Tusk|94\/100 tox|[from] psn\n|upkeep\n|turn|8\n|\n|t:|1701114248\n|switch|p2a: Chandy|Chandelure, M|100\/100\n|switch|p1a: Corviknight|Corviknight, M|100\/100\n|-ability|p1a: Corviknight|Pressure\n|\n|upkeep\n|turn|9\n|c|\u2606StinkyBinky609|Maam theyre all gonna die\n|c|\u2606StinkyBinky609|All\n|\n|t:|1701114258\n|switch|p1a: Toxapex|Toxapex, F|86\/100\n|-terastallize|p2a: Chandy|Fire\n|move|p2a: Chandy|Overheat|p1a: Toxapex|[miss]\n|-miss|p2a: Chandy|p1a: Toxapex\n|\n|-heal|p1a: Toxapex|92\/100|[from] item: Leftovers\n|upkeep\n|turn|10\n|\n|t:|1701114264\n|move|p2a: Chandy|Overheat|p1a: Toxapex\n|-resisted|p1a: Toxapex\n|-damage|p1a: Toxapex|28\/100\n|-unboost|p2a: Chandy|spa|2\n|move|p1a: Toxapex|Toxic|p2a: Chandy\n|-status|p2a: Chandy|tox\n|\n|-heal|p1a: Toxapex|34\/100|[from] item: Leftovers\n|-damage|p2a: Chandy|94\/100 tox|[from] psn\n|upkeep\n|turn|11\n|c|\u2606StinkyBinky609|Bitch\n|\n|t:|1701114276\n|switch|p2a: Gigachaddrel|Kilowattrel, F|100\/100\n|switch|p1a: Corviknight|Corviknight, M|100\/100\n|-ability|p1a: Corviknight|Pressure\n|\n|upkeep\n|turn|12\n|\n|t:|1701114284\n|move|p2a: Gigachaddrel|Volt Switch|p1a: Corviknight\n|-supereffective|p1a: Corviknight\n|-damage|p1a: Corviknight|40\/100\n|\n|t:|1701114287\n|switch|p2a: Small Tusk|Piloswine, F|94\/100 tox|[from] Volt Switch\n|move|p1a: Corviknight|U-turn|p2a: Small Tusk\n|-damage|p2a: Small Tusk|84\/100 tox\n|\n|t:|1701114292\n|switch|p1a: Ogerpon|Ogerpon-Wellspring, F|100\/100|[from] U-turn\n|\n|-damage|p2a: Small Tusk|78\/100 tox|[from] psn\n|upkeep\n|turn|13\n|\n|t:|1701114297\n|switch|p2a: Iron Trash|Iron Valiant|100\/100\n|-terastallize|p1a: Ogerpon|Water\n|detailschange|p1a: Ogerpon|Ogerpon-Wellspring-Tera, F, tera:Water\n|-ability|p1a: Ogerpon|Embody Aspect (Wellspring)|boost\n|-boost|p1a: Ogerpon|spd|1\n|move|p1a: Ogerpon|Ivy Cudgel|p2a: Iron Trash|[anim] Ivy Cudgel Water\n|-damage|p2a: Iron Trash|21\/100\n|\n|upkeep\n|turn|14\n|c|\u2606StinkyBinky609|Bad choice\n|c|\u2606StinkyBinky609|bad one\n|\n|t:|1701114315\n|switch|p1a: Corviknight|Corviknight, M|40\/100\n|-ability|p1a: Corviknight|Pressure\n|move|p2a: Iron Trash|Reflect|p2a: Iron Trash\n|-sidestart|p2: StinkyBinky609|Reflect\n|\n|-heal|p1a: Corviknight|46\/100|[from] item: Leftovers\n|upkeep\n|turn|15\n|c|\u2606StinkyBinky609|now your whole team is weak to kilowattrel\n|\n|t:|1701114322\n|move|p2a: Iron Trash|Taunt|p1a: Corviknight\n|-start|p1a: Corviknight|move: Taunt\n|move|p1a: Corviknight|Brave Bird|p2a: Iron Trash\n|-supereffective|p2a: Iron Trash\n|-damage|p2a: Iron Trash|0 fnt\n|faint|p2a: Iron Trash\n|-end|p2a: Iron Trash|Quark Drive|[silent]\n|-damage|p1a: Corviknight|40\/100|[from] Recoil\n|\n|-heal|p1a: Corviknight|46\/100|[from] item: Leftovers\n|upkeep\n|\n|t:|1701114327\n|switch|p2a: Gigachaddrel|Kilowattrel, F|100\/100\n|turn|16\n|\n|t:|1701114337\n|move|p2a: Gigachaddrel|Thunderbolt|p1a: Corviknight\n|-supereffective|p1a: Corviknight\n|-damage|p1a: Corviknight|0 fnt\n|faint|p1a: Corviknight\n|\n|upkeep\n|\n|t:|1701114343\n|switch|p1a: Toxapex|Toxapex, F|68\/100\n|turn|17\n|\n|t:|1701114346\n|move|p2a: Gigachaddrel|Thunderbolt|p1a: Toxapex\n|-supereffective|p1a: Toxapex\n|-damage|p1a: Toxapex|4\/100\n|move|p1a: Toxapex|Toxic|p2a: Gigachaddrel\n|-status|p2a: Gigachaddrel|tox\n|\n|-heal|p1a: Toxapex|10\/100|[from] item: Leftovers\n|-damage|p2a: Gigachaddrel|94\/100 tox|[from] psn\n|upkeep\n|turn|18\n|\n|t:|1701114353\n|switch|p1a: Gholdengo|Gholdengo|100\/100\n|move|p2a: Gigachaddrel|Volt Switch|p1a: Gholdengo\n|-damage|p1a: Gholdengo|62\/100\n|\n|t:|1701114360\n|switch|p2a: Chandy|Chandelure, M, tera:Fire|94\/100 tox|[from] Volt Switch\n|\n|-damage|p2a: Chandy|88\/100 tox|[from] psn\n|upkeep\n|turn|19\n|\n|t:|1701114369\n|move|p1a: Gholdengo|Shadow Ball|p2a: Chandy\n|-damage|p2a: Chandy|26\/100 tox\n|-unboost|p2a: Chandy|spd|1\n|move|p2a: Chandy|Overheat|p1a: Gholdengo\n|-supereffective|p1a: Gholdengo\n|-damage|p1a: Gholdengo|0 fnt\n|-unboost|p2a: Chandy|spa|2\n|faint|p1a: Gholdengo\n|\n|-damage|p2a: Chandy|14\/100 tox|[from] psn\n|upkeep\n|\n|t:|1701114376\n|switch|p1a: Ogerpon|Ogerpon-Wellspring-Tera, F, tera:Water|100\/100\n|-ability|p1a: Ogerpon|Embody Aspect (Wellspring)|boost\n|-boost|p1a: Ogerpon|spd|1\n|turn|20\n|c|\u2606StinkyBinky609|Well gg i guess\n|\n|t:|1701114380\n|move|p1a: Ogerpon|Swords Dance|p1a: Ogerpon\n|-boost|p1a: Ogerpon|atk|2\n|move|p2a: Chandy|Overheat|p1a: Ogerpon\n|-resisted|p1a: Ogerpon\n|-damage|p1a: Ogerpon|68\/100\n|-unboost|p2a: Chandy|spa|2\n|\n|-damage|p2a: Chandy|0 fnt|[from] psn\n|faint|p2a: Chandy\n|upkeep\n|\n|t:|1701114386\n|switch|p2a: Gigachaddrel|Kilowattrel, F|94\/100 tox\n|turn|21\n|\n|t:|1701114393\n|move|p2a: Gigachaddrel|Volt Switch|p1a: Ogerpon\n|-supereffective|p1a: Ogerpon\n|-damage|p1a: Ogerpon|18\/100\n|\n|t:|1701114395\n|switch|p2a: Ogerpon-Shitspring|Ogerpon, F|100\/100|[from] Volt Switch\n|move|p1a: Ogerpon|Ivy Cudgel|p2a: Ogerpon-Shitspring|[anim] Ivy Cudgel Water\n|-resisted|p2a: Ogerpon-Shitspring\n|-damage|p2a: Ogerpon-Shitspring|53\/100\n|\n|-sideend|p2: StinkyBinky609|Reflect\n|upkeep\n|turn|22\n|\n|t:|1701114404\n|move|p2a: Ogerpon-Shitspring|U-turn|p1a: Ogerpon\n|-damage|p1a: Ogerpon|0 fnt\n|faint|p1a: Ogerpon\n|\n|t:|1701114407\n|switch|p2a: Gigachaddrel|Kilowattrel, F|94\/100 tox|[from] U-turn\n|\n|-damage|p2a: Gigachaddrel|88\/100 tox|[from] psn\n|upkeep\n|\n|t:|1701114411\n|switch|p1a: Toxapex|Toxapex, F|43\/100\n|turn|23\n|\n|t:|1701114416\n|move|p2a: Gigachaddrel|Volt Switch|p1a: Toxapex\n|-supereffective|p1a: Toxapex\n|-damage|p1a: Toxapex|0 fnt\n|faint|p1a: Toxapex\n|\n|win|StinkyBinky609\n|raw|Battlemin's rating: 1116 &rarr; <strong>1091<\/strong><br \/>(-25 for losing)\n|raw|StinkyBinky609's rating: 1111 &rarr; <strong>1136<\/strong><br \/>(+25 for winning)\n|l|\u2606Battlemin\n","uploadtime":1701114421,"views":2,"p1id":"battlemin","p2id":"stinkybinky609","formatid":"gen9ou","rating":1091,"private":0,"password":""}