{"id":"gen9ou-1999902844","p1":"llcoollino","p2":"yekom","format":"[Gen 9] OU","log":"|j|\u2606llcoollino\n|j|\u2606yekom\n|t:|1701128198\n|gametype|singles\n|player|p1|llcoollino|102|1380\n|player|p2|yekom|will|1263\n|teamsize|p1|6\n|teamsize|p2|6\n|gen|9\n|tier|[Gen 9] OU\n|rated|\n|rule|Sleep Clause Mod: Limit one foe put to sleep\n|rule|Species Clause: Limit one of each Pok\u00e9mon\n|rule|OHKO Clause: OHKO moves are banned\n|rule|Evasion Items Clause: Evasion items are banned\n|rule|Evasion Moves Clause: Evasion moves are banned\n|rule|Endless Battle Clause: Forcing endless battles is banned\n|rule|HP Percentage Mod: HP is shown in percentages\n|clearpoke\n|poke|p1|Dragapult, F|\n|poke|p1|Zamazenta-*|\n|poke|p1|Scizor, M|\n|poke|p1|Greninja-*, M|\n|poke|p1|Iron Moth|\n|poke|p1|Conkeldurr, M|\n|poke|p2|Empoleon, M|\n|poke|p2|Infernape, M|\n|poke|p2|Honchkrow, M|\n|poke|p2|Arcanine-Hisui, M|\n|poke|p2|Wo-Chien|\n|poke|p2|Weezing-Galar, M|\n|teampreview\n|inactive|Battle timer is ON: inactive players will automatically lose when time's up. (requested by yekom)\n|\n|t:|1701128214\n|start\n|switch|p1a: Dragapult|Dragapult, F|100\/100\n|switch|p2a: Rock titan|Arcanine-Hisui, M, shiny|100\/100\n|turn|1\n|\n|t:|1701128220\n|switch|p2a: vapor wave|Weezing-Galar, M|100\/100\n|move|p1a: Dragapult|Shadow Ball|p2a: vapor wave\n|-damage|p2a: vapor wave|39\/100\n|-unboost|p2a: vapor wave|spd|1\n|-damage|p1a: Dragapult|91\/100|[from] item: Life Orb\n|\n|upkeep\n|turn|2\n|\n|t:|1701128226\n|switch|p2a: King of nowhere|Wo-Chien|100\/100\n|-ability|p2a: King of nowhere|Tablets of Ruin\n|move|p1a: Dragapult|Shadow Ball|p2a: King of nowhere\n|-resisted|p2a: King of nowhere\n|-damage|p2a: King of nowhere|88\/100\n|-damage|p1a: Dragapult|81\/100|[from] item: Life Orb\n|\n|-heal|p2a: King of nowhere|94\/100|[from] item: Leftovers\n|upkeep\n|turn|3\n|\n|t:|1701128235\n|move|p1a: Dragapult|Draco Meteor|p2a: King of nowhere\n|-damage|p2a: King of nowhere|54\/100\n|-unboost|p1a: Dragapult|spa|2\n|-damage|p1a: Dragapult|71\/100|[from] item: Life Orb\n|move|p2a: King of nowhere|Leech Seed|p1a: Dragapult\n|-start|p1a: Dragapult|move: Leech Seed\n|\n|-heal|p2a: King of nowhere|60\/100|[from] item: Leftovers\n|-damage|p1a: Dragapult|59\/100|[from] Leech Seed|[of] p2a: King of nowhere\n|-heal|p2a: King of nowhere|71\/100|[silent]\n|upkeep\n|turn|4\n|\n|t:|1701128239\n|switch|p1a: Scizor|Scizor, M|100\/100\n|move|p2a: King of nowhere|Knock Off|p1a: Scizor\n|-damage|p1a: Scizor|69\/100\n|-enditem|p1a: Scizor|Iron Plate|[from] move: Knock Off|[of] p2a: King of nowhere\n|\n|-heal|p2a: King of nowhere|77\/100|[from] item: Leftovers\n|upkeep\n|turn|5\n|\n|t:|1701128245\n|switch|p2a: vapor wave|Weezing-Galar, M|39\/100\n|move|p1a: Scizor|U-turn|p2a: vapor wave\n|-resisted|p2a: vapor wave\n|-damage|p2a: vapor wave|32\/100\n|\n|t:|1701128255\n|switch|p1a: Zamazenta|Zamazenta|100\/100|[from] U-turn\n|-ability|p1a: Zamazenta|Dauntless Shield|boost\n|-boost|p1a: Zamazenta|def|1\n|\n|upkeep\n|turn|6\n|\n|t:|1701128260\n|move|p1a: Zamazenta|Psychic Fangs|p2a: vapor wave\n|-supereffective|p2a: vapor wave\n|-damage|p2a: vapor wave|0 fnt\n|faint|p2a: vapor wave\n|-damage|p1a: Zamazenta|91\/100|[from] item: Life Orb\n|\n|upkeep\n|\n|t:|1701128277\n|switch|p2a: King of nowhere|Wo-Chien|77\/100\n|-ability|p2a: King of nowhere|Tablets of Ruin\n|turn|7\n|\n|t:|1701128282\n|-terastallize|p2a: King of nowhere|Poison\n|move|p1a: Zamazenta|Close Combat|p2a: King of nowhere\n|-resisted|p2a: King of nowhere\n|-damage|p2a: King of nowhere|52\/100\n|-unboost|p1a: Zamazenta|def|1\n|-unboost|p1a: Zamazenta|spd|1\n|-damage|p1a: Zamazenta|81\/100|[from] item: Life Orb\n|move|p2a: King of nowhere|Leech Seed|p1a: Zamazenta\n|-start|p1a: Zamazenta|move: Leech Seed\n|\n|-heal|p2a: King of nowhere|58\/100|[from] item: Leftovers\n|-damage|p1a: Zamazenta|68\/100|[from] Leech Seed|[of] p2a: King of nowhere\n|-heal|p2a: King of nowhere|69\/100|[silent]\n|upkeep\n|turn|8\n|\n|t:|1701128293\n|switch|p1a: Dragapult|Dragapult, F|59\/100\n|move|p2a: King of nowhere|Protect||[still]\n|-fail|p2a: King of nowhere\n|\n|-heal|p2a: King of nowhere|75\/100|[from] item: Leftovers\n|upkeep\n|turn|9\n|\n|t:|1701128299\n|move|p1a: Dragapult|Draco Meteor|p2a: King of nowhere|[miss]\n|-miss|p1a: Dragapult|p2a: King of nowhere\n|move|p2a: King of nowhere|Leech Seed|p1a: Dragapult\n|-start|p1a: Dragapult|move: Leech Seed\n|\n|-heal|p2a: King of nowhere|81\/100|[from] item: Leftovers\n|-damage|p1a: Dragapult|47\/100|[from] Leech Seed|[of] p2a: King of nowhere\n|-heal|p2a: King of nowhere|91\/100|[silent]\n|upkeep\n|turn|10\n|\n|t:|1701128304\n|switch|p1a: Zamazenta|Zamazenta|68\/100\n|move|p2a: King of nowhere|Knock Off|p1a: Zamazenta\n|-resisted|p1a: Zamazenta\n|-damage|p1a: Zamazenta|54\/100\n|-enditem|p1a: Zamazenta|Life Orb|[from] move: Knock Off|[of] p2a: King of nowhere\n|\n|-heal|p2a: King of nowhere|98\/100|[from] item: Leftovers\n|upkeep\n|turn|11\n|\n|t:|1701128312\n|switch|p2a: Jackpot|Honchkrow, M|100\/100\n|move|p1a: Zamazenta|Psychic Fangs|p2a: Jackpot\n|-immune|p2a: Jackpot\n|\n|upkeep\n|turn|12\n|\n|t:|1701128322\n|switch|p2a: Destructive fists|Infernape, M, shiny|100\/100\n|move|p1a: Zamazenta|Ice Fang|p2a: Destructive fists|[miss]\n|-miss|p1a: Zamazenta|p2a: Destructive fists\n|\n|upkeep\n|turn|13\n|\n|t:|1701128327\n|move|p2a: Destructive fists|Fake Out|p1a: Zamazenta\n|-damage|p1a: Zamazenta|38\/100\n|-damage|p2a: Destructive fists|91\/100|[from] item: Life Orb\n|cant|p1a: Zamazenta|flinch\n|\n|upkeep\n|turn|14\n|\n|t:|1701128334\n|move|p1a: Zamazenta|Psychic Fangs|p2a: Destructive fists\n|-supereffective|p2a: Destructive fists\n|-damage|p2a: Destructive fists|8\/100\n|move|p2a: Destructive fists|Drain Punch|p1a: Zamazenta\n|-damage|p1a: Zamazenta|0 fnt\n|-heal|p2a: Destructive fists|29\/100|[from] drain|[of] p1a: Zamazenta\n|faint|p1a: Zamazenta\n|-damage|p2a: Destructive fists|19\/100|[from] item: Life Orb\n|\n|upkeep\n|inactive|llcoollino has 120 seconds left.\n|\n|t:|1701128369\n|switch|p1a: Greninja|Greninja, M|100\/100\n|turn|15\n|\n|t:|1701128373\n|move|p1a: Greninja|Water Shuriken|p2a: Destructive fists\n|-supereffective|p2a: Destructive fists\n|-damage|p2a: Destructive fists|0 fnt\n|faint|p2a: Destructive fists\n|-ability|p1a: Greninja|Battle Bond|boost\n|-boost|p1a: Greninja|atk|1\n|-boost|p1a: Greninja|spa|1\n|-boost|p1a: Greninja|spe|1\n|-activate|p1a: Greninja|ability: Battle Bond\n|-hitcount|p2: Destructive fists|1\n|-damage|p1a: Greninja|91\/100|[from] item: Life Orb\n|\n|upkeep\n|\n|t:|1701128383\n|switch|p2a: fearless emperor|Empoleon, M|100\/100\n|turn|16\n|\n|t:|1701128388\n|move|p1a: Greninja|Dark Pulse|p2a: fearless emperor\n|-damage|p2a: fearless emperor|41\/100\n|-damage|p1a: Greninja|81\/100|[from] item: Life Orb\n|move|p2a: fearless emperor|Hydro Pump|p1a: Greninja\n|-resisted|p1a: Greninja\n|-damage|p1a: Greninja|19\/100\n|-damage|p2a: fearless emperor|31\/100|[from] item: Life Orb\n|\n|upkeep\n|turn|17\n|\n|t:|1701128395\n|move|p1a: Greninja|Dark Pulse|p2a: fearless emperor\n|-damage|p2a: fearless emperor|0 fnt\n|faint|p2a: fearless emperor\n|-damage|p1a: Greninja|10\/100|[from] item: Life Orb\n|\n|upkeep\n|\n|t:|1701128397\n|switch|p2a: Jackpot|Honchkrow, M|100\/100\n|turn|18\n|\n|t:|1701128400\n|move|p2a: Jackpot|Sucker Punch|p1a: Greninja\n|-resisted|p1a: Greninja\n|-crit|p1a: Greninja\n|-damage|p1a: Greninja|0 fnt\n|faint|p1a: Greninja\n|\n|upkeep\n|\n|t:|1701128408\n|switch|p1a: Scizor|Scizor, M|69\/100\n|turn|19\n|\n|t:|1701128416\n|switch|p2a: King of nowhere|Wo-Chien, tera:Poison|98\/100\n|-ability|p2a: King of nowhere|Tablets of Ruin\n|move|p1a: Scizor|Swords Dance|p1a: Scizor\n|-boost|p1a: Scizor|atk|2\n|\n|-heal|p2a: King of nowhere|100\/100|[from] item: Leftovers\n|upkeep\n|turn|20\n|\n|t:|1701128422\n|move|p1a: Scizor|Bullet Punch|p2a: King of nowhere\n|-damage|p2a: King of nowhere|52\/100\n|move|p2a: King of nowhere|Leech Seed|p1a: Scizor\n|-start|p1a: Scizor|move: Leech Seed\n|\n|-heal|p2a: King of nowhere|58\/100|[from] item: Leftovers\n|-damage|p1a: Scizor|57\/100|[from] Leech Seed|[of] p2a: King of nowhere\n|-heal|p2a: King of nowhere|69\/100|[silent]\n|upkeep\n|turn|21\n|\n|t:|1701128426\n|move|p2a: King of nowhere|Protect|p2a: King of nowhere\n|-singleturn|p2a: King of nowhere|Protect\n|move|p1a: Scizor|Swords Dance|p1a: Scizor\n|-boost|p1a: Scizor|atk|2\n|\n|-heal|p2a: King of nowhere|75\/100|[from] item: Leftovers\n|-damage|p1a: Scizor|44\/100|[from] Leech Seed|[of] p2a: King of nowhere\n|-heal|p2a: King of nowhere|86\/100|[silent]\n|upkeep\n|turn|22\n|\n|t:|1701128434\n|move|p1a: Scizor|Bullet Punch|p2a: King of nowhere\n|-damage|p2a: King of nowhere|19\/100\n|move|p2a: King of nowhere|Ruination|p1a: Scizor\n|-damage|p1a: Scizor|22\/100\n|\n|-heal|p2a: King of nowhere|26\/100|[from] item: Leftovers\n|-damage|p1a: Scizor|10\/100|[from] Leech Seed|[of] p2a: King of nowhere\n|-heal|p2a: King of nowhere|37\/100|[silent]\n|upkeep\n|turn|23\n|\n|t:|1701128443\n|move|p2a: King of nowhere|Protect|p2a: King of nowhere\n|-singleturn|p2a: King of nowhere|Protect\n|move|p1a: Scizor|Bullet Punch|p2a: King of nowhere\n|-activate|p2a: King of nowhere|move: Protect\n|\n|-heal|p2a: King of nowhere|43\/100|[from] item: Leftovers\n|-damage|p1a: Scizor|0 fnt|[from] Leech Seed|[of] p2a: King of nowhere\n|-heal|p2a: King of nowhere|51\/100|[silent]\n|faint|p1a: Scizor\n|upkeep\n|\n|t:|1701128451\n|switch|p1a: Iron Moth|Iron Moth|100\/100\n|-enditem|p1a: Iron Moth|Booster Energy\n|-activate|p1a: Iron Moth|ability: Quark Drive|[fromitem]\n|-start|p1a: Iron Moth|quarkdrivespe\n|turn|24\n|\n|t:|1701128471\n|move|p1a: Iron Moth|Fiery Dance|p2a: King of nowhere\n|-damage|p2a: King of nowhere|29\/100\n|-boost|p1a: Iron Moth|spa|1\n|move|p2a: King of nowhere|Leech Seed|p1a: Iron Moth\n|-start|p1a: Iron Moth|move: Leech Seed\n|\n|-heal|p2a: King of nowhere|36\/100|[from] item: Leftovers\n|-damage|p1a: Iron Moth|88\/100|[from] Leech Seed|[of] p2a: King of nowhere\n|-heal|p2a: King of nowhere|46\/100|[silent]\n|upkeep\n|turn|25\n|\n|t:|1701128477\n|move|p2a: King of nowhere|Protect|p2a: King of nowhere\n|-singleturn|p2a: King of nowhere|Protect\n|move|p1a: Iron Moth|Psychic|p2a: King of nowhere\n|-activate|p2a: King of nowhere|move: Protect\n|\n|-heal|p2a: King of nowhere|53\/100|[from] item: Leftovers\n|-damage|p1a: Iron Moth|76\/100|[from] Leech Seed|[of] p2a: King of nowhere\n|-heal|p2a: King of nowhere|64\/100|[silent]\n|upkeep\n|turn|26\n|\n|t:|1701128486\n|switch|p2a: Rock titan|Arcanine-Hisui, M, shiny|100\/100\n|move|p1a: Iron Moth|Psychic|p2a: Rock titan\n|-damage|p2a: Rock titan|49\/100\n|\n|-damage|p1a: Iron Moth|63\/100|[from] Leech Seed|[of] p2a: Rock titan\n|-heal|p2a: Rock titan|61\/100|[silent]\n|upkeep\n|turn|27\n|\n|t:|1701128498\n|-terastallize|p1a: Iron Moth|Grass\n|move|p1a: Iron Moth|Energy Ball|p2a: Rock titan\n|-damage|p2a: Rock titan|0 fnt\n|faint|p2a: Rock titan\n|\n|upkeep\n|\n|t:|1701128511\n|switch|p2a: Jackpot|Honchkrow, M|100\/100\n|turn|28\n|\n|t:|1701128516\n|move|p2a: Jackpot|Sucker Punch|p1a: Iron Moth\n|-damage|p1a: Iron Moth|6\/100\n|move|p1a: Iron Moth|Sludge Wave|p2a: Jackpot\n|-damage|p2a: Jackpot|2\/100\n|\n|-damage|p1a: Iron Moth|0 fnt|[from] Leech Seed|[of] p2a: Jackpot\n|-heal|p2a: Jackpot|6\/100|[silent]\n|faint|p1a: Iron Moth\n|-end|p1a: Iron Moth|Quark Drive|[silent]\n|upkeep\n|\n|t:|1701128522\n|switch|p1a: Conkeldurr|Conkeldurr, M|100\/100\n|turn|29\n|\n|t:|1701128528\n|switch|p2a: King of nowhere|Wo-Chien, tera:Poison|64\/100\n|-ability|p2a: King of nowhere|Tablets of Ruin\n|move|p1a: Conkeldurr|Mach Punch|p2a: King of nowhere\n|-resisted|p2a: King of nowhere\n|-damage|p2a: King of nowhere|56\/100\n|\n|-heal|p2a: King of nowhere|62\/100|[from] item: Leftovers\n|-status|p1a: Conkeldurr|brn|[from] item: Flame Orb\n|upkeep\n|turn|30\n|\n|t:|1701128540\n|move|p2a: King of nowhere|Leech Seed|p1a: Conkeldurr\n|-start|p1a: Conkeldurr|move: Leech Seed\n|move|p1a: Conkeldurr|Ice Punch|p2a: King of nowhere\n|-damage|p2a: King of nowhere|30\/100\n|\n|-heal|p2a: King of nowhere|36\/100|[from] item: Leftovers\n|-damage|p1a: Conkeldurr|88\/100 brn|[from] Leech Seed|[of] p2a: King of nowhere\n|-heal|p2a: King of nowhere|50\/100|[silent]\n|-damage|p1a: Conkeldurr|82\/100 brn|[from] brn\n|upkeep\n|turn|31\n|\n|t:|1701128547\n|switch|p1a: Dragapult|Dragapult, F|47\/100\n|move|p2a: King of nowhere|Protect||[still]\n|-fail|p2a: King of nowhere\n|\n|-heal|p2a: King of nowhere|56\/100|[from] item: Leftovers\n|upkeep\n|turn|32\n|\n|t:|1701128553\n|move|p1a: Dragapult|Draco Meteor|p2a: King of nowhere\n|-damage|p2a: King of nowhere|16\/100\n|-unboost|p1a: Dragapult|spa|2\n|-damage|p1a: Dragapult|37\/100|[from] item: Life Orb\n|move|p2a: King of nowhere|Leech Seed|p1a: Dragapult\n|-start|p1a: Dragapult|move: Leech Seed\n|\n|-heal|p2a: King of nowhere|22\/100|[from] item: Leftovers\n|-damage|p1a: Dragapult|24\/100|[from] Leech Seed|[of] p2a: King of nowhere\n|-heal|p2a: King of nowhere|33\/100|[silent]\n|upkeep\n|turn|33\n|\n|t:|1701128563\n|switch|p1a: Conkeldurr|Conkeldurr, M|82\/100 brn\n|move|p2a: King of nowhere|Leech Seed|p1a: Conkeldurr\n|-start|p1a: Conkeldurr|move: Leech Seed\n|\n|-heal|p2a: King of nowhere|39\/100|[from] item: Leftovers\n|-damage|p1a: Conkeldurr|70\/100 brn|[from] Leech Seed|[of] p2a: King of nowhere\n|-heal|p2a: King of nowhere|52\/100|[silent]\n|-damage|p1a: Conkeldurr|64\/100 brn|[from] brn\n|upkeep\n|turn|34\n|\n|t:|1701128567\n|move|p2a: King of nowhere|Protect|p2a: King of nowhere\n|-singleturn|p2a: King of nowhere|Protect\n|move|p1a: Conkeldurr|Knock Off|p2a: King of nowhere\n|-activate|p2a: King of nowhere|move: Protect\n|\n|-heal|p2a: King of nowhere|59\/100|[from] item: Leftovers\n|-damage|p1a: Conkeldurr|51\/100 brn|[from] Leech Seed|[of] p2a: King of nowhere\n|-heal|p2a: King of nowhere|72\/100|[silent]\n|-damage|p1a: Conkeldurr|45\/100 brn|[from] brn\n|upkeep\n|turn|35\n|\n|t:|1701128575\n|move|p2a: King of nowhere|Ruination|p1a: Conkeldurr|[miss]\n|-miss|p2a: King of nowhere|p1a: Conkeldurr\n|move|p1a: Conkeldurr|Knock Off|p2a: King of nowhere\n|-damage|p2a: King of nowhere|31\/100\n|-enditem|p2a: King of nowhere|Leftovers|[from] move: Knock Off|[of] p1a: Conkeldurr\n|\n|-damage|p1a: Conkeldurr|33\/100 brn|[from] Leech Seed|[of] p2a: King of nowhere\n|-heal|p2a: King of nowhere|44\/100|[silent]\n|-damage|p1a: Conkeldurr|27\/100 brn|[from] brn\n|upkeep\n|turn|36\n|\n|t:|1701128587\n|move|p2a: King of nowhere|Protect|p2a: King of nowhere\n|-singleturn|p2a: King of nowhere|Protect\n|move|p1a: Conkeldurr|Ice Punch|p2a: King of nowhere\n|-activate|p2a: King of nowhere|move: Protect\n|\n|-damage|p1a: Conkeldurr|15\/100 brn|[from] Leech Seed|[of] p2a: King of nowhere\n|-heal|p2a: King of nowhere|58\/100|[silent]\n|-damage|p1a: Conkeldurr|9\/100 brn|[from] brn\n|upkeep\n|turn|37\n|\n|t:|1701128597\n|move|p2a: King of nowhere|Protect|p2a: King of nowhere\n|-singleturn|p2a: King of nowhere|Protect\n|move|p1a: Conkeldurr|Ice Punch|p2a: King of nowhere\n|-activate|p2a: King of nowhere|move: Protect\n|\n|-damage|p1a: Conkeldurr|0 fnt|[from] Leech Seed|[of] p2a: King of nowhere\n|-heal|p2a: King of nowhere|67\/100|[silent]\n|faint|p1a: Conkeldurr\n|upkeep\n|\n|t:|1701128601\n|switch|p1a: Dragapult|Dragapult, F|24\/100\n|turn|38\n|c|\u2606yekom|King of nowhere Wind\n|\n|t:|1701128624\n|move|p1a: Dragapult|Shadow Ball|p2a: King of nowhere\n|-damage|p2a: King of nowhere|42\/100\n|-damage|p1a: Dragapult|15\/100|[from] item: Life Orb\n|move|p2a: King of nowhere|Leech Seed|p1a: Dragapult\n|-start|p1a: Dragapult|move: Leech Seed\n|\n|-damage|p1a: Dragapult|2\/100|[from] Leech Seed|[of] p2a: King of nowhere\n|-heal|p2a: King of nowhere|52\/100|[silent]\n|upkeep\n|turn|39\n|\n|t:|1701128638\n|move|p1a: Dragapult|Draco Meteor|p2a: King of nowhere|[miss]\n|-miss|p1a: Dragapult|p2a: King of nowhere\n|move|p2a: King of nowhere|Knock Off|p1a: Dragapult\n|-supereffective|p1a: Dragapult\n|-damage|p1a: Dragapult|0 fnt\n|-enditem|p1a: Dragapult|Life Orb|[from] move: Knock Off|[of] p2a: King of nowhere\n|faint|p1a: Dragapult\n|\n|win|yekom\n|raw|llcoollino's rating: 1380 &rarr; <strong>1354<\/strong><br \/>(-26 for losing)\n|raw|yekom's rating: 1263 &rarr; <strong>1296<\/strong><br \/>(+33 for winning)\n","uploadtime":1701128646,"views":4,"p1id":"llcoollino","p2id":"yekom","formatid":"gen9ou","rating":1296,"private":0,"password":""}