{"id":"gen9ou-1988381655","p1":"P-morph","p2":"AkiDes","format":"[Gen 9] OU","log":"|j|\u2606P-morph\n|j|\u2606AkiDes\n|t:|1699716518\n|gametype|singles\n|player|p1|P-morph|266|1039\n|player|p2|AkiDes|volkner|1096\n|teamsize|p1|6\n|teamsize|p2|6\n|gen|9\n|tier|[Gen 9] OU\n|rated|\n|rule|Sleep Clause Mod: Limit one foe put to sleep\n|rule|Species Clause: Limit one of each Pok\u00e9mon\n|rule|OHKO Clause: OHKO moves are banned\n|rule|Evasion Items Clause: Evasion items are banned\n|rule|Evasion Moves Clause: Evasion moves are banned\n|rule|Endless Battle Clause: Forcing endless battles is banned\n|rule|HP Percentage Mod: HP is shown in percentages\n|clearpoke\n|poke|p1|Glimmora, M|\n|poke|p1|Samurott-Hisui, F|\n|poke|p1|Azelf|\n|poke|p1|Tornadus-Therian, M|\n|poke|p1|Golduck, M|\n|poke|p1|Gengar, M|\n|poke|p2|Gliscor, M|\n|poke|p2|Greninja-*, F|\n|poke|p2|Dragonite, M|\n|poke|p2|Cinderace, M|\n|poke|p2|Mandibuzz, F|\n|poke|p2|Jolteon, F|\n|teampreview\n|\n|t:|1699716527\n|start\n|switch|p1a: Glimmora|Glimmora, M|100\/100\n|switch|p2a: Jolteon|Jolteon, F|100\/100\n|turn|1\n|inactive|Battle timer is ON: inactive players will automatically lose when time's up. (requested by P-morph)\n|\n|t:|1699716533\n|move|p2a: Jolteon|Volt Switch|p1a: Glimmora\n|-damage|p1a: Glimmora|32\/100\n|\n|t:|1699716547\n|switch|p2a: Gliscor|Gliscor, M|100\/100|[from] Volt Switch\n|move|p1a: Glimmora|Stealth Rock|p2a: Gliscor\n|-sidestart|p2: AkiDes|move: Stealth Rock\n|\n|-status|p2a: Gliscor|tox|[from] item: Toxic Orb\n|upkeep\n|turn|2\n|\n|t:|1699716553\n|move|p2a: Gliscor|Earthquake|p1a: Glimmora\n|-supereffective|p1a: Glimmora\n|-damage|p1a: Glimmora|0 fnt\n|-activate|p1a: Glimmora|ability: Toxic Debris\n|-sidestart|p2: AkiDes|move: Toxic Spikes\n|faint|p1a: Glimmora\n|\n|upkeep\n|\n|t:|1699716561\n|switch|p1a: Samurott|Samurott-Hisui, F|100\/100\n|turn|3\n|\n|t:|1699716566\n|move|p2a: Gliscor|Stealth Rock|p1a: Samurott\n|-sidestart|p1: P-morph|move: Stealth Rock\n|move|p1a: Samurott|Ceaseless Edge|p2a: Gliscor\n|-damage|p2a: Gliscor|58\/100 tox\n|-sidestart|p2: AkiDes|Spikes\n|\n|-heal|p2a: Gliscor|70\/100 tox|[from] ability: Poison Heal\n|upkeep\n|turn|4\n|\n|t:|1699716580\n|move|p2a: Gliscor|Protect|p2a: Gliscor\n|-singleturn|p2a: Gliscor|Protect\n|move|p1a: Samurott|Ceaseless Edge|p2a: Gliscor\n|-activate|p2a: Gliscor|move: Protect\n|\n|-heal|p2a: Gliscor|83\/100 tox|[from] ability: Poison Heal\n|upkeep\n|turn|5\n|\n|t:|1699716588\n|move|p2a: Gliscor|Earthquake|p1a: Samurott\n|-damage|p1a: Samurott|50\/100\n|move|p1a: Samurott|Ceaseless Edge|p2a: Gliscor\n|-damage|p2a: Gliscor|42\/100 tox\n|-sidestart|p2: AkiDes|Spikes\n|\n|-heal|p2a: Gliscor|54\/100 tox|[from] ability: Poison Heal\n|upkeep\n|turn|6\n|\n|t:|1699716593\n|move|p2a: Gliscor|Earthquake|p1a: Samurott\n|-crit|p1a: Samurott\n|-damage|p1a: Samurott|0 fnt\n|faint|p1a: Samurott\n|\n|-heal|p2a: Gliscor|67\/100 tox|[from] ability: Poison Heal\n|upkeep\n|\n|t:|1699716596\n|switch|p1a: Golduck|Golduck, M|100\/100\n|-damage|p1a: Golduck|88\/100|[from] Stealth Rock\n|-ability|p1a: Golduck|Cloud Nine\n|turn|7\n|\n|t:|1699716601\n|move|p2a: Gliscor|Protect|p2a: Gliscor\n|-singleturn|p2a: Gliscor|Protect\n|move|p1a: Golduck|Ice Beam|p2a: Gliscor\n|-activate|p2a: Gliscor|move: Protect\n|\n|-heal|p2a: Gliscor|79\/100 tox|[from] ability: Poison Heal\n|upkeep\n|turn|8\n|\n|t:|1699716609\n|switch|p2a: Mandibuzz|Mandibuzz, F|100\/100\n|move|p1a: Golduck|Nasty Plot|p1a: Golduck\n|-boost|p1a: Golduck|spa|2\n|\n|upkeep\n|turn|9\n|\n|t:|1699716616\n|move|p1a: Golduck|Ice Beam|p2a: Mandibuzz\n|-supereffective|p2a: Mandibuzz\n|-damage|p2a: Mandibuzz|8\/100\n|move|p2a: Mandibuzz|Defog|p1a: Golduck\n|-unboost|p1a: Golduck|evasion|1\n|-sideend|p1: P-morph|Stealth Rock|[from] move: Defog|[of] p2a: Mandibuzz\n|-sideend|p2: AkiDes|Spikes|[from] move: Defog|[of] p2a: Mandibuzz\n|-sideend|p2: AkiDes|Toxic Spikes|[from] move: Defog|[of] p2a: Mandibuzz\n|-sideend|p2: AkiDes|Stealth Rock|[from] move: Defog|[of] p2a: Mandibuzz\n|\n|upkeep\n|turn|10\n|\n|t:|1699716626\n|move|p1a: Golduck|Ice Beam|p2a: Mandibuzz\n|-supereffective|p2a: Mandibuzz\n|-damage|p2a: Mandibuzz|0 fnt\n|faint|p2a: Mandibuzz\n|\n|upkeep\n|\n|t:|1699716629\n|switch|p2a: Jolteon|Jolteon, F|100\/100\n|turn|11\n|\n|t:|1699716635\n|move|p1a: Golduck|Vacuum Wave|p2a: Jolteon\n|-damage|p2a: Jolteon|68\/100\n|move|p2a: Jolteon|Thunderbolt|p1a: Golduck\n|-supereffective|p1a: Golduck\n|-damage|p1a: Golduck|0 fnt\n|faint|p1a: Golduck\n|\n|upkeep\n|\n|t:|1699716648\n|switch|p1a: Azelf|Azelf|100\/100\n|turn|12\n|\n|t:|1699716655\n|switch|p2a: Greninja|Greninja, F, shiny|100\/100\n|move|p1a: Azelf|Draining Kiss|p2a: Greninja\n|-supereffective|p2a: Greninja\n|-damage|p2a: Greninja|34\/100\n|-damage|p1a: Azelf|91\/100|[from] item: Life Orb\n|\n|upkeep\n|turn|13\n|\n|t:|1699716668\n|move|p2a: Greninja|Dark Pulse|p1a: Azelf\n|-start|p2a: Greninja|typechange|Dark|[from] ability: Protean\n|-supereffective|p1a: Azelf\n|-damage|p1a: Azelf|0 fnt\n|faint|p1a: Azelf\n|\n|upkeep\n|\n|t:|1699716676\n|switch|p1a: Tornadus|Tornadus-Therian, M|100\/100\n|turn|14\n|\n|t:|1699716680\n|switch|p2a: Gliscor|Gliscor, M|79\/100 tox\n|move|p1a: Tornadus|Nasty Plot|p1a: Tornadus\n|-boost|p1a: Tornadus|spa|2\n|\n|-heal|p2a: Gliscor|92\/100 tox|[from] ability: Poison Heal\n|upkeep\n|turn|15\n|\n|t:|1699716686\n|move|p1a: Tornadus|Nasty Plot|p1a: Tornadus\n|-boost|p1a: Tornadus|spa|2\n|move|p2a: Gliscor|Stealth Rock|p1a: Tornadus\n|-sidestart|p1: P-morph|move: Stealth Rock\n|\n|-heal|p2a: Gliscor|100\/100 tox|[from] ability: Poison Heal\n|upkeep\n|turn|16\n|\n|t:|1699716690\n|move|p1a: Tornadus|Nasty Plot|p1a: Tornadus\n|-boost|p1a: Tornadus|spa|2\n|move|p2a: Gliscor|Ice Fang|p1a: Tornadus|[miss]\n|-miss|p2a: Gliscor|p1a: Tornadus\n|\n|upkeep\n|turn|17\n|\n|t:|1699716700\n|move|p1a: Tornadus|Dark Pulse|p2a: Gliscor\n|-damage|p2a: Gliscor|0 fnt\n|faint|p2a: Gliscor\n|-damage|p1a: Tornadus|91\/100|[from] item: Life Orb\n|\n|upkeep\n|\n|t:|1699716709\n|switch|p2a: Greninja|Greninja, F, shiny|34\/100\n|turn|18\n|\n|t:|1699716712\n|move|p2a: Greninja|Hydro Pump|p1a: Tornadus\n|-start|p2a: Greninja|typechange|Water|[from] ability: Protean\n|-damage|p1a: Tornadus|29\/100\n|move|p1a: Tornadus|Dark Pulse|p2a: Greninja\n|-damage|p2a: Greninja|0 fnt\n|faint|p2a: Greninja\n|-damage|p1a: Tornadus|20\/100|[from] item: Life Orb\n|\n|upkeep\n|\n|t:|1699716719\n|switch|p2a: Jolteon|Jolteon, F|68\/100\n|turn|19\n|\n|t:|1699716723\n|move|p2a: Jolteon|Volt Switch|p1a: Tornadus\n|-supereffective|p1a: Tornadus\n|-damage|p1a: Tornadus|0 fnt\n|faint|p1a: Tornadus\n|\n|t:|1699716726\n|switch|p2a: Cinderace|Cinderace, M|100\/100|[from] Volt Switch\n|\n|upkeep\n|\n|t:|1699716730\n|switch|p1a: Gengar|Gengar, M|100\/100\n|-damage|p1a: Gengar|88\/100|[from] Stealth Rock\n|turn|20\n|\n|t:|1699716736\n|move|p2a: Cinderace|Pyro Ball|p1a: Gengar\n|-damage|p1a: Gengar|0 fnt\n|faint|p1a: Gengar\n|\n|win|AkiDes\n|raw|P-morph's rating: 1039 &rarr; <strong>1026<\/strong><br \/>(-13 for losing)\n|raw|AkiDes's rating: 1096 &rarr; <strong>1117<\/strong><br \/>(+21 for winning)\n","uploadtime":1699716741,"views":17,"p1id":"pmorph","p2id":"akides","formatid":"gen9ou","rating":1026,"private":0,"password":""}