{"id":"gen9ou-2000673184","p1":"ay to zee","p2":"loxluder","format":"[Gen 9] OU","log":"|j|\u2606ay to zee\n|j|\u2606loxluder\n|t:|1701217219\n|gametype|singles\n|player|p1|ay to zee|flint|1075\n|player|p2|loxluder|palmer|1000\n|teamsize|p1|6\n|teamsize|p2|6\n|gen|9\n|tier|[Gen 9] OU\n|rated|\n|rule|Sleep Clause Mod: Limit one foe put to sleep\n|rule|Species Clause: Limit one of each Pok\u00e9mon\n|rule|OHKO Clause: OHKO moves are banned\n|rule|Evasion Items Clause: Evasion items are banned\n|rule|Evasion Moves Clause: Evasion moves are banned\n|rule|Endless Battle Clause: Forcing endless battles is banned\n|rule|HP Percentage Mod: HP is shown in percentages\n|clearpoke\n|poke|p1|Ceruledge, M|\n|poke|p1|Cinderace, F|\n|poke|p1|Clefable, F|\n|poke|p1|Corviknight, M|\n|poke|p1|Clodsire, F|\n|poke|p1|Conkeldurr, M|\n|poke|p2|Goodra-Hisui, M|\n|poke|p2|Mandibuzz, F|\n|poke|p2|Glaceon, M|\n|poke|p2|Cinderace, F|\n|poke|p2|Slowking, F|\n|poke|p2|Great Tusk|\n|teampreview\n|inactive|Battle timer is ON: inactive players will automatically lose when time's up. (requested by ay to zee)\n|\n|t:|1701217229\n|start\n|switch|p1a: Clefable|Clefable, F|100\/100\n|switch|p2a: Cinderace|Cinderace, F|100\/100\n|turn|1\n|\n|t:|1701217236\n|move|p2a: Cinderace|U-turn|p1a: Clefable\n|-start|p2a: Cinderace|typechange|Bug|[from] ability: Libero\n|-resisted|p1a: Clefable\n|-damage|p1a: Clefable|88\/100\n|\n|t:|1701217244\n|switch|p2a: Slowking|Slowking, F|100\/100|[from] U-turn\n|move|p1a: Clefable|Stealth Rock|p2a: Slowking\n|-sidestart|p2: loxluder|move: Stealth Rock\n|\n|-heal|p1a: Clefable|94\/100|[from] item: Leftovers\n|upkeep\n|turn|2\n|\n|t:|1701217249\n|move|p1a: Clefable|Knock Off|p2a: Slowking\n|-supereffective|p2a: Slowking\n|-damage|p2a: Slowking|72\/100\n|-enditem|p2a: Slowking|Heavy-Duty Boots|[from] move: Knock Off|[of] p1a: Clefable\n|move|p2a: Slowking|Scald|p1a: Clefable\n|-damage|p1a: Clefable|67\/100\n|\n|-heal|p1a: Clefable|73\/100|[from] item: Leftovers\n|upkeep\n|turn|3\n|\n|t:|1701217260\n|switch|p1a: Corviknight|Corviknight, M|100\/100\n|-ability|p1a: Corviknight|Pressure\n|move|p2a: Slowking|Chilly Reception|p2a: Slowking\n|-weather|Snow\n|\n|t:|1701217266\n|switch|p2a: Cinderace|Cinderace, F|100\/100|[from] Chilly Reception\n|\n|-weather|Snow|[upkeep]\n|upkeep\n|turn|4\n|\n|t:|1701217280\n|move|p2a: Cinderace|Pyro Ball|p1a: Corviknight\n|-supereffective|p1a: Corviknight\n|-damage|p1a: Corviknight|34\/100\n|move|p1a: Corviknight|Body Press|p2a: Cinderace\n|-damage|p2a: Cinderace|61\/100\n|\n|-weather|Snow|[upkeep]\n|-heal|p1a: Corviknight|40\/100|[from] item: Leftovers\n|upkeep\n|turn|5\n|\n|t:|1701217286\n|switch|p1a: Cinderace|Cinderace, F|100\/100\n|move|p2a: Cinderace|Pyro Ball|p1a: Cinderace\n|-resisted|p1a: Cinderace\n|-damage|p1a: Cinderace|58\/100\n|\n|-weather|Snow|[upkeep]\n|upkeep\n|turn|6\n|\n|t:|1701217291\n|move|p2a: Cinderace|Sucker Punch|p1a: Cinderace\n|-start|p2a: Cinderace|typechange|Dark|[from] ability: Libero\n|-damage|p1a: Cinderace|7\/100\n|move|p1a: Cinderace|Pyro Ball|p2a: Cinderace\n|-damage|p2a: Cinderace|0 fnt\n|faint|p2a: Cinderace\n|\n|-weather|Snow|[upkeep]\n|upkeep\n|\n|t:|1701217297\n|switch|p2a: Slowking|Slowking, F|100\/100\n|-damage|p2a: Slowking|88\/100|[from] Stealth Rock\n|turn|7\n|\n|t:|1701217302\n|move|p1a: Cinderace|U-turn|p2a: Slowking\n|-start|p1a: Cinderace|typechange|Bug|[from] ability: Libero\n|-supereffective|p2a: Slowking\n|-damage|p2a: Slowking|22\/100\n|\n|t:|1701217308\n|switch|p1a: Clefable|Clefable, F|73\/100|[from] U-turn\n|move|p2a: Slowking|Scald|p1a: Clefable\n|-damage|p1a: Clefable|47\/100\n|\n|-weather|none\n|-heal|p1a: Clefable|53\/100|[from] item: Leftovers\n|upkeep\n|turn|8\n|\n|t:|1701217313\n|-terastallize|p2a: Slowking|Fairy\n|move|p1a: Clefable|Moonlight|p1a: Clefable\n|-heal|p1a: Clefable|100\/100\n|move|p2a: Slowking|Future Sight|p1a: Clefable\n|-start|p2a: Slowking|move: Future Sight\n|\n|upkeep\n|turn|9\n|\n|t:|1701217322\n|switch|p2a: Glaceon|Glaceon, M, shiny|100\/100\n|-damage|p2a: Glaceon|76\/100|[from] Stealth Rock\n|move|p1a: Clefable|Moonblast|p2a: Glaceon\n|-damage|p2a: Glaceon|31\/100\n|-unboost|p2a: Glaceon|spa|1\n|\n|upkeep\n|turn|10\n|\n|t:|1701217325\n|move|p2a: Glaceon|Blizzard|p1a: Clefable|[miss]\n|-miss|p2a: Glaceon|p1a: Clefable\n|move|p1a: Clefable|Moonblast|p2a: Glaceon\n|-damage|p2a: Glaceon|0 fnt\n|faint|p2a: Glaceon\n|\n|-end|p1a: Clefable|move: Future Sight\n|-damage|p1a: Clefable|62\/100\n|-heal|p1a: Clefable|68\/100|[from] item: Leftovers\n|upkeep\n|\n|t:|1701217329\n|switch|p2a: Great Tusk|Great Tusk|100\/100\n|-damage|p2a: Great Tusk|98\/100|[from] Stealth Rock\n|turn|11\n|\n|t:|1701217333\n|move|p2a: Great Tusk|Ice Spinner|p1a: Clefable\n|-damage|p1a: Clefable|50\/100\n|move|p1a: Clefable|Moonblast|p2a: Great Tusk\n|-supereffective|p2a: Great Tusk\n|-damage|p2a: Great Tusk|16\/100\n|-unboost|p2a: Great Tusk|spa|1\n|\n|-heal|p2a: Great Tusk|22\/100|[from] item: Leftovers\n|-heal|p1a: Clefable|56\/100|[from] item: Leftovers\n|upkeep\n|turn|12\n|\n|t:|1701217339\n|move|p2a: Great Tusk|Earthquake|p1a: Clefable\n|-damage|p1a: Clefable|21\/100\n|move|p1a: Clefable|Moonlight|p1a: Clefable\n|-heal|p1a: Clefable|71\/100\n|\n|-heal|p2a: Great Tusk|28\/100|[from] item: Leftovers\n|-heal|p1a: Clefable|77\/100|[from] item: Leftovers\n|upkeep\n|turn|13\n|-message|loxluder forfeited.\n|\n|win|ay to zee\n|raw|ay to zee's rating: 1075 &rarr; <strong>1098<\/strong><br \/>(+23 for winning)\n|raw|loxluder's rating: 1000 &rarr; <strong>1000<\/strong><br \/>(+0 for losing)\n|l|\u2606loxluder\n","uploadtime":1701217347,"views":0,"p1id":"aytozee","p2id":"loxluder","formatid":"gen9ou","rating":1000,"private":0,"password":""}