{"id":"gen9ou-1994789615","p1":"drago the ruler","p2":"Username momento","format":"[Gen 9] OU","log":"|j|\u2606drago the ruler\n|j|\u2606Username momento\n|t:|1700492959\n|gametype|singles\n|player|p1|drago the ruler|blackbelt-gen4dp|1650\n|player|p2|Username momento|ninjaboy|1576\n|teamsize|p1|6\n|teamsize|p2|6\n|gen|9\n|tier|[Gen 9] OU\n|rated|\n|rule|Sleep Clause Mod: Limit one foe put to sleep\n|rule|Species Clause: Limit one of each Pok\u00e9mon\n|rule|OHKO Clause: OHKO moves are banned\n|rule|Evasion Items Clause: Evasion items are banned\n|rule|Evasion Moves Clause: Evasion moves are banned\n|rule|Endless Battle Clause: Forcing endless battles is banned\n|rule|HP Percentage Mod: HP is shown in percentages\n|clearpoke\n|poke|p1|Muk-Alola, M|\n|poke|p1|Rillaboom, F|\n|poke|p1|Dragapult, M|\n|poke|p1|Kingambit, F|\n|poke|p1|Great Tusk|\n|poke|p1|Landorus-Therian, M|\n|poke|p2|Meowscarada, F|\n|poke|p2|Kingambit, F|\n|poke|p2|Zapdos|\n|poke|p2|Zamazenta-*|\n|poke|p2|Great Tusk|\n|poke|p2|Iron Moth|\n|teampreview\n|\n|t:|1700492980\n|start\n|switch|p1a: Landorus|Landorus-Therian, M|100\/100\n|switch|p2a: Meowscarada|Meowscarada, F|100\/100\n|-ability|p1a: Landorus|Intimidate|boost\n|-unboost|p2a: Meowscarada|atk|1\n|turn|1\n|\n|t:|1700492984\n|switch|p2a: Zapdos|Zapdos|100\/100\n|move|p1a: Landorus|U-turn|p2a: Zapdos\n|-resisted|p2a: Zapdos\n|-damage|p2a: Zapdos|94\/100\n|\n|t:|1700492988\n|switch|p1a: Muk|Muk-Alola, M|100\/100|[from] U-turn\n|\n|-heal|p2a: Zapdos|99\/100|[from] item: Leftovers\n|upkeep\n|turn|2\n|\n|t:|1700492994\n|move|p2a: Zapdos|Volt Switch|p1a: Muk\n|-damage|p1a: Muk|84\/100\n|\n|t:|1700492996\n|switch|p2a: Kingambit|Kingambit, F|100\/100|[from] Volt Switch\n|move|p1a: Muk|Knock Off|p2a: Kingambit\n|-resisted|p2a: Kingambit\n|-damage|p2a: Kingambit|89\/100\n|-enditem|p2a: Kingambit|Leftovers|[from] move: Knock Off|[of] p1a: Muk\n|\n|-heal|p1a: Muk|90\/100|[from] item: Black Sludge\n|upkeep\n|turn|3\n|\n|t:|1700493004\n|switch|p1a: Landorus|Landorus-Therian, M|100\/100\n|-ability|p1a: Landorus|Intimidate|boost\n|-unboost|p2a: Kingambit|atk|1\n|move|p2a: Kingambit|Iron Head|p1a: Landorus\n|-damage|p1a: Landorus|77\/100\n|-damage|p2a: Kingambit|72\/100|[from] item: Rocky Helmet|[of] p1a: Landorus\n|\n|upkeep\n|turn|4\n|\n|t:|1700493007\n|-end|p2a: Kingambit|fallenundefined|[silent]\n|switch|p2a: Zapdos|Zapdos|99\/100\n|move|p1a: Landorus|U-turn|p2a: Zapdos\n|-resisted|p2a: Zapdos\n|-damage|p2a: Zapdos|93\/100\n|\n|t:|1700493012\n|switch|p1a: Muk|Muk-Alola, M|90\/100|[from] U-turn\n|\n|-heal|p2a: Zapdos|99\/100|[from] item: Leftovers\n|-heal|p1a: Muk|96\/100|[from] item: Black Sludge\n|upkeep\n|turn|5\n|\n|t:|1700493016\n|move|p2a: Zapdos|Volt Switch|p1a: Muk\n|-damage|p1a: Muk|78\/100\n|\n|t:|1700493019\n|switch|p2a: Kingambit|Kingambit, F|72\/100|[from] Volt Switch\n|move|p1a: Muk|Knock Off|p2a: Kingambit\n|-resisted|p2a: Kingambit\n|-damage|p2a: Kingambit|63\/100\n|\n|-heal|p1a: Muk|84\/100|[from] item: Black Sludge\n|upkeep\n|turn|6\n|\n|t:|1700493026\n|switch|p1a: Landorus|Landorus-Therian, M|77\/100\n|-ability|p1a: Landorus|Intimidate|boost\n|-unboost|p2a: Kingambit|atk|1\n|move|p2a: Kingambit|Iron Head|p1a: Landorus\n|-damage|p1a: Landorus|53\/100\n|-damage|p2a: Kingambit|47\/100|[from] item: Rocky Helmet|[of] p1a: Landorus\n|\n|upkeep\n|turn|7\n|\n|t:|1700493031\n|-end|p2a: Kingambit|fallenundefined|[silent]\n|switch|p2a: Zapdos|Zapdos|99\/100\n|move|p1a: Landorus|U-turn|p2a: Zapdos\n|-resisted|p2a: Zapdos\n|-damage|p2a: Zapdos|91\/100\n|\n|t:|1700493033\n|switch|p1a: Muk|Muk-Alola, M|84\/100|[from] U-turn\n|\n|-heal|p2a: Zapdos|98\/100|[from] item: Leftovers\n|-heal|p1a: Muk|90\/100|[from] item: Black Sludge\n|upkeep\n|turn|8\n|\n|t:|1700493038\n|switch|p2a: Kingambit|Kingambit, F|47\/100\n|move|p1a: Muk|Knock Off|p2a: Kingambit\n|-resisted|p2a: Kingambit\n|-damage|p2a: Kingambit|39\/100\n|\n|-heal|p1a: Muk|96\/100|[from] item: Black Sludge\n|upkeep\n|turn|9\n|\n|t:|1700493044\n|-end|p2a: Kingambit|fallenundefined|[silent]\n|switch|p2a: Zapdos|Zapdos|98\/100\n|move|p1a: Muk|Knock Off|p2a: Zapdos\n|-damage|p2a: Zapdos|73\/100\n|-status|p1a: Muk|par|[from] ability: Static|[of] p2a: Zapdos\n|-enditem|p2a: Zapdos|Leftovers|[from] move: Knock Off|[of] p1a: Muk\n|\n|-heal|p1a: Muk|100\/100 par|[from] item: Black Sludge\n|upkeep\n|turn|10\n|\n|t:|1700493049\n|move|p2a: Zapdos|Hurricane|p1a: Muk\n|-damage|p1a: Muk|72\/100 par\n|-start|p1a: Muk|confusion\n|-activate|p1a: Muk|confusion\n|cant|p1a: Muk|par\n|\n|-heal|p1a: Muk|78\/100 par|[from] item: Black Sludge\n|upkeep\n|turn|11\n|\n|t:|1700493055\n|move|p2a: Zapdos|Hurricane|p1a: Muk\n|-damage|p1a: Muk|52\/100 par\n|-activate|p1a: Muk|confusion\n|cant|p1a: Muk|par\n|\n|-heal|p1a: Muk|58\/100 par|[from] item: Black Sludge\n|upkeep\n|turn|12\n|\n|t:|1700493060\n|move|p2a: Zapdos|Hurricane|p1a: Muk\n|-damage|p1a: Muk|29\/100 par\n|-end|p1a: Muk|confusion\n|move|p1a: Muk|Poison Jab|p2a: Zapdos\n|-damage|p2a: Zapdos|52\/100\n|\n|-heal|p1a: Muk|35\/100 par|[from] item: Black Sludge\n|upkeep\n|turn|13\n|\n|t:|1700493070\n|move|p2a: Zapdos|Roost|p2a: Zapdos\n|-heal|p2a: Zapdos|100\/100\n|-singleturn|p2a: Zapdos|move: Roost\n|move|p1a: Muk|Poison Jab|p2a: Zapdos\n|-damage|p2a: Zapdos|81\/100\n|-status|p2a: Zapdos|psn\n|\n|-heal|p1a: Muk|41\/100 par|[from] item: Black Sludge\n|-damage|p2a: Zapdos|69\/100 psn|[from] psn\n|upkeep\n|turn|14\n|\n|t:|1700493074\n|move|p2a: Zapdos|Hurricane|p1a: Muk\n|-damage|p1a: Muk|12\/100 par\n|-start|p1a: Muk|confusion\n|-activate|p1a: Muk|confusion\n|-damage|p1a: Muk|1\/100 par|[from] confusion\n|\n|-heal|p1a: Muk|7\/100 par|[from] item: Black Sludge\n|-damage|p2a: Zapdos|56\/100 psn|[from] psn\n|upkeep\n|turn|15\n|\n|t:|1700493086\n|move|p2a: Zapdos|Hurricane|p1a: Muk\n|-damage|p1a: Muk|0 fnt\n|faint|p1a: Muk\n|\n|-damage|p2a: Zapdos|44\/100 psn|[from] psn\n|upkeep\n|\n|t:|1700493088\n|switch|p1a: Dragapult|Dragapult, M|100\/100\n|turn|16\n|\n|t:|1700493093\n|switch|p2a: Kingambit|Kingambit, F|39\/100\n|move|p1a: Dragapult|Shadow Ball|p2a: Kingambit\n|-resisted|p2a: Kingambit\n|-damage|p2a: Kingambit|12\/100\n|-unboost|p2a: Kingambit|spd|1\n|\n|upkeep\n|turn|17\n|\n|t:|1700493097\n|switch|p1a: Landorus|Landorus-Therian, M|53\/100\n|-ability|p1a: Landorus|Intimidate|boost\n|-unboost|p2a: Kingambit|atk|1\n|move|p2a: Kingambit|Kowtow Cleave|p1a: Landorus\n|-damage|p1a: Landorus|29\/100\n|-damage|p2a: Kingambit|0 fnt|[from] item: Rocky Helmet|[of] p1a: Landorus\n|faint|p2a: Kingambit\n|-end|p2a: Kingambit|fallenundefined|[silent]\n|\n|upkeep\n|\n|t:|1700493104\n|switch|p2a: Zapdos|Zapdos|44\/100 psn\n|turn|18\n|\n|t:|1700493109\n|switch|p1a: Kingambit|Kingambit, F|100\/100\n|-activate|p1a: Kingambit|ability: Supreme Overlord\n|-start|p1a: Kingambit|fallen1|[silent]\n|move|p2a: Zapdos|Volt Switch|p1a: Kingambit\n|-damage|p1a: Kingambit|66\/100\n|\n|t:|1700493119\n|switch|p2a: Zamazenta|Zamazenta|100\/100|[from] Volt Switch\n|-ability|p2a: Zamazenta|Dauntless Shield|boost\n|-boost|p2a: Zamazenta|def|1\n|\n|upkeep\n|turn|19\n|\n|t:|1700493124\n|move|p2a: Zamazenta|Crunch|p1a: Kingambit\n|-resisted|p1a: Kingambit\n|-damage|p1a: Kingambit|57\/100\n|move|p1a: Kingambit|Low Kick|p2a: Zamazenta\n|-damage|p2a: Zamazenta|62\/100\n|\n|-heal|p2a: Zamazenta|69\/100|[from] item: Leftovers\n|upkeep\n|turn|20\n|\n|t:|1700493129\n|-end|p1a: Kingambit|fallen1|[silent]\n|switch|p1a: Landorus|Landorus-Therian, M|29\/100\n|-ability|p1a: Landorus|Intimidate|boost\n|-unboost|p2a: Zamazenta|atk|1\n|move|p2a: Zamazenta|Iron Defense|p2a: Zamazenta\n|-boost|p2a: Zamazenta|def|2\n|\n|-heal|p2a: Zamazenta|75\/100|[from] item: Leftovers\n|upkeep\n|turn|21\n|\n|t:|1700493135\n|move|p2a: Zamazenta|Crunch|p1a: Landorus\n|-damage|p1a: Landorus|19\/100\n|-damage|p2a: Zamazenta|58\/100|[from] item: Rocky Helmet|[of] p1a: Landorus\n|move|p1a: Landorus|Earth Power|p2a: Zamazenta\n|-damage|p2a: Zamazenta|30\/100\n|\n|-heal|p2a: Zamazenta|36\/100|[from] item: Leftovers\n|upkeep\n|turn|22\n|\n|t:|1700493139\n|move|p2a: Zamazenta|Body Press|p1a: Landorus\n|-resisted|p1a: Landorus\n|-damage|p1a: Landorus|0 fnt\n|-damage|p2a: Zamazenta|20\/100|[from] item: Rocky Helmet|[of] p1a: Landorus\n|faint|p1a: Landorus\n|\n|-heal|p2a: Zamazenta|26\/100|[from] item: Leftovers\n|upkeep\n|\n|t:|1700493141\n|switch|p1a: Dragapult|Dragapult, M|100\/100\n|turn|23\n|\n|t:|1700493157\n|switch|p2a: Zapdos|Zapdos|44\/100 psn\n|move|p1a: Dragapult|Shadow Ball|p2a: Zapdos\n|-damage|p2a: Zapdos|0 fnt\n|faint|p2a: Zapdos\n|\n|upkeep\n|\n|t:|1700493161\n|switch|p2a: Meowscarada|Meowscarada, F|100\/100\n|turn|24\n|\n|t:|1700493166\n|switch|p1a: Kingambit|Kingambit, F|57\/100\n|-activate|p1a: Kingambit|ability: Supreme Overlord\n|-start|p1a: Kingambit|fallen2|[silent]\n|move|p2a: Meowscarada|U-turn|p1a: Kingambit\n|-start|p2a: Meowscarada|typechange|Bug|[from] ability: Protean\n|-crit|p1a: Kingambit\n|-damage|p1a: Kingambit|0 fnt\n|faint|p1a: Kingambit\n|-end|p1a: Kingambit|fallen2|[silent]\n|\n|t:|1700493172\n|switch|p2a: Iron Moth|Iron Moth|100\/100|[from] U-turn\n|-enditem|p2a: Iron Moth|Booster Energy\n|-activate|p2a: Iron Moth|ability: Quark Drive|[fromitem]\n|-start|p2a: Iron Moth|quarkdrivespe\n|\n|upkeep\n|\n|t:|1700493175\n|switch|p1a: Great Tusk|Great Tusk|100\/100\n|turn|25\n|\n|t:|1700493181\n|move|p2a: Iron Moth|Dazzling Gleam|p1a: Great Tusk\n|-supereffective|p1a: Great Tusk\n|-damage|p1a: Great Tusk|49\/100\n|move|p1a: Great Tusk|Headlong Rush|p2a: Iron Moth\n|-supereffective|p2a: Iron Moth\n|-damage|p2a: Iron Moth|0 fnt\n|-unboost|p1a: Great Tusk|def|1\n|-unboost|p1a: Great Tusk|spd|1\n|faint|p2a: Iron Moth\n|-end|p2a: Iron Moth|Quark Drive|[silent]\n|\n|upkeep\n|\n|t:|1700493191\n|switch|p2a: Great Tusk|Great Tusk|100\/100\n|-enditem|p2a: Great Tusk|Booster Energy\n|-activate|p2a: Great Tusk|ability: Protosynthesis|[fromitem]\n|-start|p2a: Great Tusk|protosynthesisatk\n|turn|26\n|\n|t:|1700493198\n|-end|p1a: Great Tusk|Protosynthesis|[silent]\n|switch|p1a: Rillaboom|Rillaboom, F|100\/100\n|-fieldstart|move: Grassy Terrain|[from] ability: Grassy Surge|[of] p1a: Rillaboom\n|move|p2a: Great Tusk|Ice Spinner|p1a: Rillaboom\n|-supereffective|p1a: Rillaboom\n|-damage|p1a: Rillaboom|35\/100\n|-fieldend|move: Grassy Terrain\n|\n|upkeep\n|turn|27\n|\n|t:|1700493205\n|switch|p1a: Dragapult|Dragapult, M|100\/100\n|move|p2a: Great Tusk|Ice Spinner|p1a: Dragapult\n|-supereffective|p1a: Dragapult\n|-damage|p1a: Dragapult|5\/100\n|\n|upkeep\n|turn|28\n|\n|t:|1700493214\n|-end|p2a: Great Tusk|Protosynthesis|[silent]\n|switch|p2a: Meowscarada|Meowscarada, F|100\/100\n|move|p1a: Dragapult|Shadow Ball|p2a: Meowscarada\n|-resisted|p2a: Meowscarada\n|-damage|p2a: Meowscarada|62\/100\n|\n|upkeep\n|turn|29\n|\n|t:|1700493222\n|switch|p1a: Rillaboom|Rillaboom, F|35\/100\n|-fieldstart|move: Grassy Terrain|[from] ability: Grassy Surge|[of] p1a: Rillaboom\n|move|p2a: Meowscarada|U-turn|p1a: Rillaboom\n|-start|p2a: Meowscarada|typechange|Bug|[from] ability: Protean\n|-supereffective|p1a: Rillaboom\n|-damage|p1a: Rillaboom|0 fnt\n|faint|p1a: Rillaboom\n|\n|t:|1700493231\n|switch|p2a: Zamazenta|Zamazenta|26\/100|[from] U-turn\n|\n|-heal|p2a: Zamazenta|32\/100|[from] Grassy Terrain\n|-heal|p2a: Zamazenta|38\/100|[from] item: Leftovers\n|upkeep\n|\n|t:|1700493238\n|switch|p1a: Dragapult|Dragapult, M|5\/100\n|turn|30\n|\n|t:|1700493242\n|move|p1a: Dragapult|Shadow Ball|p2a: Zamazenta\n|-damage|p2a: Zamazenta|0 fnt\n|faint|p2a: Zamazenta\n|\n|-heal|p1a: Dragapult|11\/100|[from] Grassy Terrain\n|upkeep\n|\n|t:|1700493245\n|switch|p2a: Meowscarada|Meowscarada, F|62\/100\n|turn|31\n|\n|t:|1700493249\n|move|p1a: Dragapult|Shadow Ball|p2a: Meowscarada\n|-resisted|p2a: Meowscarada\n|-damage|p2a: Meowscarada|23\/100\n|-unboost|p2a: Meowscarada|spd|1\n|move|p2a: Meowscarada|Flower Trick|p1a: Dragapult\n|-start|p2a: Meowscarada|typechange|Grass|[from] ability: Protean\n|-resisted|p1a: Dragapult\n|-crit|p1a: Dragapult\n|-damage|p1a: Dragapult|0 fnt\n|faint|p1a: Dragapult\n|\n|-heal|p2a: Meowscarada|29\/100|[from] Grassy Terrain\n|upkeep\n|\n|t:|1700493251\n|switch|p1a: Great Tusk|Great Tusk|49\/100\n|turn|32\n|\n|t:|1700493255\n|-terastallize|p1a: Great Tusk|Steel\n|move|p2a: Meowscarada|Flower Trick|p1a: Great Tusk\n|-resisted|p1a: Great Tusk\n|-crit|p1a: Great Tusk\n|-damage|p1a: Great Tusk|12\/100\n|move|p1a: Great Tusk|Rapid Spin|p2a: Meowscarada\n|-damage|p2a: Meowscarada|2\/100\n|-boost|p1a: Great Tusk|spe|1\n|\n|-heal|p1a: Great Tusk|19\/100|[from] Grassy Terrain\n|-heal|p2a: Meowscarada|8\/100|[from] Grassy Terrain\n|upkeep\n|turn|33\n|\n|t:|1700493262\n|move|p1a: Great Tusk|Ice Spinner|p2a: Meowscarada\n|-supereffective|p2a: Meowscarada\n|-damage|p2a: Meowscarada|0 fnt\n|-fieldend|move: Grassy Terrain\n|faint|p2a: Meowscarada\n|\n|upkeep\n|\n|t:|1700493264\n|switch|p2a: Great Tusk|Great Tusk|100\/100\n|turn|34\n|\n|t:|1700493265\n|move|p1a: Great Tusk|Ice Spinner|p2a: Great Tusk\n|-supereffective|p2a: Great Tusk\n|-damage|p2a: Great Tusk|61\/100\n|move|p2a: Great Tusk|Earthquake|p1a: Great Tusk\n|-supereffective|p1a: Great Tusk\n|-damage|p1a: Great Tusk|0 fnt\n|faint|p1a: Great Tusk\n|-end|p1a: Great Tusk|Protosynthesis|[silent]\n|\n|win|Username momento\n|raw|drago the ruler's rating: 1650 &rarr; <strong>1626<\/strong><br \/>(-24 for losing)\n|raw|Username momento's rating: 1576 &rarr; <strong>1600<\/strong><br \/>(+24 for winning)\n|l|\u2606drago the ruler\n","uploadtime":1700493275,"views":8,"p1id":"dragotheruler","p2id":"usernamemomento","formatid":"gen9ou","rating":1600,"private":0,"password":""}