{"id":"gen9ou-1990720356","p1":"Tsav1","p2":"COMPNOOB07","format":"[Gen 9] OU","log":"|j|\u2606Tsav1\n|j|\u2606COMPNOOB07\n|t:|1699994649\n|gametype|singles\n|player|p1|Tsav1|madame|1085\n|player|p2|COMPNOOB07|hilbert|1000\n|teamsize|p1|6\n|teamsize|p2|6\n|gen|9\n|tier|[Gen 9] OU\n|rated|\n|rule|Sleep Clause Mod: Limit one foe put to sleep\n|rule|Species Clause: Limit one of each Pok\u00e9mon\n|rule|OHKO Clause: OHKO moves are banned\n|rule|Evasion Items Clause: Evasion items are banned\n|rule|Evasion Moves Clause: Evasion moves are banned\n|rule|Endless Battle Clause: Forcing endless battles is banned\n|rule|HP Percentage Mod: HP is shown in percentages\n|clearpoke\n|poke|p1|Iron Jugulis|\n|poke|p1|Jirachi|\n|poke|p1|Garchomp, M|\n|poke|p1|Hatterene, F|\n|poke|p1|Gholdengo|\n|poke|p1|Dragonite, F|\n|poke|p2|Umbreon, M|\n|poke|p2|Clodsire, F|\n|poke|p2|Snorlax, F|\n|poke|p2|Toxapex, M|\n|poke|p2|Dudunsparce-*, F|\n|poke|p2|Scream Tail|\n|teampreview\n|\n|t:|1699994660\n|start\n|switch|p1a: Jirachi|Jirachi|100\/100\n|switch|p2a: Scream Tail|Scream Tail, shiny|100\/100\n|turn|1\n|\n|t:|1699994670\n|move|p2a: Scream Tail|Reflect|p2a: Scream Tail\n|-sidestart|p2: COMPNOOB07|Reflect\n|move|p1a: Jirachi|Stealth Rock|p2a: Scream Tail\n|-sidestart|p2: COMPNOOB07|move: Stealth Rock\n|\n|upkeep\n|turn|2\n|\n|t:|1699994678\n|move|p2a: Scream Tail|Light Screen|p2a: Scream Tail\n|-sidestart|p2: COMPNOOB07|move: Light Screen\n|move|p1a: Jirachi|Encore|p2a: Scream Tail\n|-start|p2a: Scream Tail|Encore\n|\n|upkeep\n|turn|3\n|\n|t:|1699994692\n|switch|p1a: Garchomp|Garchomp, M|100\/100\n|move|p2a: Scream Tail|Light Screen||[still]\n|-fail|p2a: Scream Tail\n|\n|upkeep\n|turn|4\n|\n|t:|1699994712\n|-end|p2a: Scream Tail|Protosynthesis|[silent]\n|switch|p2a: Dudunsparce|Dudunsparce-Three-Segment, F, shiny|100\/100\n|-damage|p2a: Dudunsparce|88\/100|[from] Stealth Rock\n|-terastallize|p1a: Garchomp|Poison\n|move|p1a: Garchomp|Swords Dance|p1a: Garchomp\n|-boost|p1a: Garchomp|atk|2\n|\n|upkeep\n|turn|5\n|\n|t:|1699994724\n|move|p1a: Garchomp|Swords Dance|p1a: Garchomp\n|-boost|p1a: Garchomp|atk|2\n|move|p2a: Dudunsparce|Screech|p1a: Garchomp\n|-unboost|p1a: Garchomp|def|2\n|\n|upkeep\n|turn|6\n|\n|t:|1699994744\n|move|p1a: Garchomp|Poison Jab|p2a: Dudunsparce\n|-damage|p2a: Dudunsparce|27\/100\n|-damage|p1a: Garchomp|91\/100|[from] item: Life Orb\n|move|p2a: Dudunsparce|Screech|p1a: Garchomp|[miss]\n|-miss|p2a: Dudunsparce|p1a: Garchomp\n|\n|upkeep\n|turn|7\n|\n|t:|1699994752\n|move|p1a: Garchomp|Poison Jab|p2a: Dudunsparce\n|-damage|p2a: Dudunsparce|0 fnt\n|faint|p2a: Dudunsparce\n|-damage|p1a: Garchomp|81\/100|[from] item: Life Orb\n|\n|upkeep\n|\n|t:|1699994764\n|switch|p2a: Umbreon|Umbreon, M, shiny|100\/100\n|-damage|p2a: Umbreon|88\/100|[from] Stealth Rock\n|turn|8\n|\n|t:|1699994777\n|move|p1a: Garchomp|Poison Jab|p2a: Umbreon\n|-damage|p2a: Umbreon|20\/100\n|-enditem|p2a: Umbreon|Red Card|[of] p1a: Garchomp\n|drag|p1a: Dragonite|Dragonite, F|100\/100\n|move|p2a: Umbreon|Foul Play|p1a: Dragonite\n|-damage|p1a: Dragonite|70\/100\n|\n|-sideend|p2: COMPNOOB07|Reflect\n|upkeep\n|turn|9\n|\n|t:|1699994790\n|switch|p1a: Iron Jugulis|Iron Jugulis|100\/100\n|-enditem|p1a: Iron Jugulis|Booster Energy\n|-activate|p1a: Iron Jugulis|ability: Quark Drive|[fromitem]\n|-start|p1a: Iron Jugulis|quarkdrivespe\n|switch|p2a: Scream Tail|Scream Tail, shiny|100\/100\n|-damage|p2a: Scream Tail|88\/100|[from] Stealth Rock\n|\n|-sideend|p2: COMPNOOB07|move: Light Screen\n|upkeep\n|turn|10\n|\n|t:|1699994806\n|move|p1a: Iron Jugulis|Taunt|p2a: Scream Tail\n|-start|p2a: Scream Tail|move: Taunt\n|cant|p2a: Scream Tail|move: Taunt|Reflect\n|\n|upkeep\n|turn|11\n|\n|t:|1699994815\n|-end|p2a: Scream Tail|Protosynthesis|[silent]\n|switch|p2a: Toxapex|Toxapex, M, shiny|100\/100\n|-damage|p2a: Toxapex|88\/100|[from] Stealth Rock\n|move|p1a: Iron Jugulis|Dark Pulse|p2a: Toxapex\n|-damage|p2a: Toxapex|56\/100\n|\n|-heal|p2a: Toxapex|63\/100|[from] item: Leftovers\n|upkeep\n|turn|12\n|\n|t:|1699994827\n|move|p2a: Toxapex|Baneful Bunker|p2a: Toxapex\n|-singleturn|p2a: Toxapex|move: Protect\n|move|p1a: Iron Jugulis|Taunt|p2a: Toxapex\n|-activate|p2a: Toxapex|move: Protect\n|\n|-heal|p2a: Toxapex|69\/100|[from] item: Leftovers\n|upkeep\n|turn|13\n|\n|t:|1699994836\n|move|p2a: Toxapex|Baneful Bunker|p2a: Toxapex\n|-singleturn|p2a: Toxapex|move: Protect\n|move|p1a: Iron Jugulis|Taunt|p2a: Toxapex\n|-activate|p2a: Toxapex|move: Protect\n|\n|-heal|p2a: Toxapex|75\/100|[from] item: Leftovers\n|upkeep\n|turn|14\n|\n|t:|1699994847\n|move|p1a: Iron Jugulis|Taunt|p2a: Toxapex\n|-start|p2a: Toxapex|move: Taunt\n|move|p2a: Toxapex|Venoshock|p1a: Iron Jugulis\n|-damage|p1a: Iron Jugulis|82\/100\n|\n|-heal|p2a: Toxapex|81\/100|[from] item: Leftovers\n|upkeep\n|turn|15\n|\n|t:|1699994859\n|move|p1a: Iron Jugulis|Hurricane|p2a: Toxapex|[miss]\n|-miss|p1a: Iron Jugulis|p2a: Toxapex\n|move|p2a: Toxapex|Surf|p1a: Iron Jugulis\n|-crit|p1a: Iron Jugulis\n|-damage|p1a: Iron Jugulis|42\/100\n|\n|-heal|p2a: Toxapex|88\/100|[from] item: Leftovers\n|upkeep\n|turn|16\n|\n|t:|1699994868\n|move|p1a: Iron Jugulis|Hurricane|p2a: Toxapex\n|-damage|p2a: Toxapex|45\/100\n|move|p2a: Toxapex|Surf|p1a: Iron Jugulis\n|-damage|p1a: Iron Jugulis|18\/100\n|\n|-heal|p2a: Toxapex|51\/100|[from] item: Leftovers\n|-end|p2a: Toxapex|move: Taunt\n|upkeep\n|turn|17\n|\n|t:|1699994884\n|-end|p1a: Iron Jugulis|Quark Drive|[silent]\n|switch|p1a: Garchomp|Garchomp, M, tera:Poison|81\/100\n|move|p2a: Toxapex|Recover|p2a: Toxapex\n|-heal|p2a: Toxapex|100\/100\n|\n|upkeep\n|turn|18\n|\n|t:|1699994892\n|move|p2a: Toxapex|Baneful Bunker|p2a: Toxapex\n|-singleturn|p2a: Toxapex|move: Protect\n|move|p1a: Garchomp|Swords Dance|p1a: Garchomp\n|-boost|p1a: Garchomp|atk|2\n|\n|upkeep\n|turn|19\n|\n|t:|1699994900\n|move|p1a: Garchomp|Swords Dance|p1a: Garchomp\n|-boost|p1a: Garchomp|atk|2\n|move|p2a: Toxapex|Surf|p1a: Garchomp\n|-damage|p1a: Garchomp|60\/100\n|\n|upkeep\n|turn|20\n|\n|t:|1699994908\n|switch|p2a: Scream Tail|Scream Tail, shiny|88\/100\n|-damage|p2a: Scream Tail|76\/100|[from] Stealth Rock\n|move|p1a: Garchomp|Swords Dance|p1a: Garchomp\n|-boost|p1a: Garchomp|atk|2\n|\n|upkeep\n|turn|21\n|\n|t:|1699994916\n|move|p1a: Garchomp|Poison Jab|p2a: Scream Tail\n|-supereffective|p2a: Scream Tail\n|-damage|p2a: Scream Tail|0 fnt\n|faint|p2a: Scream Tail\n|-end|p2a: Scream Tail|Protosynthesis|[silent]\n|-damage|p1a: Garchomp|50\/100|[from] item: Life Orb\n|\n|upkeep\n|\n|t:|1699994924\n|switch|p2a: Snorlax|Snorlax, F, shiny|100\/100\n|-damage|p2a: Snorlax|88\/100|[from] Stealth Rock\n|turn|22\n|\n|t:|1699994933\n|move|p1a: Garchomp|Outrage|p2a: Snorlax\n|-damage|p2a: Snorlax|0 fnt\n|faint|p2a: Snorlax\n|-damage|p1a: Garchomp|40\/100|[from] item: Life Orb\n|\n|upkeep\n|\n|t:|1699994941\n|switch|p2a: Clodsire|Clodsire, F, shiny|100\/100\n|-damage|p2a: Clodsire|94\/100|[from] Stealth Rock\n|turn|23\n|\n|t:|1699994947\n|move|p1a: Garchomp|Outrage|p2a: Clodsire|[from]lockedmove\n|-damage|p2a: Clodsire|0 fnt\n|faint|p2a: Clodsire\n|-damage|p1a: Garchomp|30\/100|[from] item: Life Orb\n|-start|p1a: Garchomp|confusion|[fatigue]\n|\n|upkeep\n|\n|t:|1699994953\n|switch|p2a: Toxapex|Toxapex, M, shiny|100\/100\n|-damage|p2a: Toxapex|88\/100|[from] Stealth Rock\n|turn|24\n|\n|t:|1699994964\n|-activate|p1a: Garchomp|confusion\n|move|p1a: Garchomp|Earthquake|p2a: Toxapex\n|-supereffective|p2a: Toxapex\n|-crit|p2a: Toxapex\n|-damage|p2a: Toxapex|0 fnt\n|faint|p2a: Toxapex\n|-damage|p1a: Garchomp|20\/100|[from] item: Life Orb\n|\n|upkeep\n|\n|t:|1699994967\n|switch|p2a: Umbreon|Umbreon, M, shiny|20\/100\n|-damage|p2a: Umbreon|7\/100|[from] Stealth Rock\n|turn|25\n|\n|t:|1699994974\n|move|p2a: Umbreon|Quick Attack|p1a: Garchomp\n|-damage|p1a: Garchomp|13\/100\n|-damage|p2a: Umbreon|0 fnt|[from] ability: Rough Skin|[of] p1a: Garchomp\n|faint|p2a: Umbreon\n|\n|win|Tsav1\n|raw|Tsav1's rating: 1085 &rarr; <strong>1106<\/strong><br \/>(+21 for winning)\n|raw|COMPNOOB07's rating: 1000 &rarr; <strong>1000<\/strong><br \/>(+0 for losing)\n|l|\u2606COMPNOOB07\n","uploadtime":1699994985,"views":10,"p1id":"tsav1","p2id":"compnoob07","formatid":"gen9ou","rating":1000,"private":0,"password":""}