{"id":"gen9ou-1989763917","p1":"UptherewithDavid","p2":"AubreyOmori1","format":"[Gen 9] OU","log":"|j|\u2606UptherewithDavid\n|j|\u2606AubreyOmori1\n|t:|1699893721\n|gametype|singles\n|player|p1|UptherewithDavid|veteran|1177\n|player|p2|AubreyOmori1|roxie|1113\n|teamsize|p1|6\n|teamsize|p2|6\n|gen|9\n|tier|[Gen 9] OU\n|rated|\n|rule|Sleep Clause Mod: Limit one foe put to sleep\n|rule|Species Clause: Limit one of each Pok\u00e9mon\n|rule|OHKO Clause: OHKO moves are banned\n|rule|Evasion Items Clause: Evasion items are banned\n|rule|Evasion Moves Clause: Evasion moves are banned\n|rule|Endless Battle Clause: Forcing endless battles is banned\n|rule|HP Percentage Mod: HP is shown in percentages\n|clearpoke\n|poke|p1|Forretress, M|\n|poke|p1|Ditto|\n|poke|p1|Zoroark-Hisui, M|\n|poke|p1|Gyarados, M|\n|poke|p1|Corviknight, M|\n|poke|p1|Cinderace, F|\n|poke|p2|Landorus-Therian, M|\n|poke|p2|Gholdengo|\n|poke|p2|Alomomola, F|\n|poke|p2|Hatterene, F|\n|poke|p2|Kingambit, M|\n|poke|p2|Great Tusk|\n|teampreview\n|\n|t:|1699893729\n|start\n|switch|p1a: Forretress|Forretress, M|100\/100\n|switch|p2a: Wario|Landorus-Therian, M, shiny|100\/100\n|-ability|p2a: Wario|Intimidate|boost\n|-unboost|p1a: Forretress|atk|1\n|turn|1\n|\n|t:|1699893737\n|move|p1a: Forretress|U-turn|p2a: Wario\n|-resisted|p2a: Wario\n|-damage|p2a: Wario|92\/100\n|j| The Crusade\n|\n|t:|1699893740\n|switch|p1a: Ditto|Ditto, shiny|100\/100|[from] U-turn\n|-transform|p1a: Ditto|p2a: Wario|[from] ability: Imposter\n|-ability|p1a: Ditto|Intimidate|boost\n|-unboost|p2a: Wario|atk|1\n|move|p2a: Wario|Stone Edge|p1a: Ditto\n|-damage|p1a: Ditto|56\/100\n|\n|upkeep\n|turn|2\n|l| The Crusade\n|\n|t:|1699893753\n|move|p1a: Ditto|Stone Edge|p2a: Wario|[miss]\n|-miss|p1a: Ditto|p2a: Wario\n|move|p2a: Wario|Stone Edge|p1a: Ditto\n|-damage|p1a: Ditto|8\/100\n|\n|upkeep\n|turn|3\n|\n|t:|1699893760\n|move|p2a: Wario|Stone Edge|p1a: Ditto\n|-damage|p1a: Ditto|0 fnt\n|faint|p1a: Ditto\n|\n|upkeep\n|\n|t:|1699893766\n|switch|p1a: Corviknight|Corviknight, M|100\/100\n|turn|4\n|\n|t:|1699893770\n|switch|p2a: Kel|Gholdengo|100\/100\n|move|p1a: Corviknight|Bulk Up|p1a: Corviknight\n|-boost|p1a: Corviknight|atk|1\n|-boost|p1a: Corviknight|def|1\n|\n|upkeep\n|turn|5\n|\n|t:|1699893777\n|move|p2a: Kel|Nasty Plot|p2a: Kel\n|-boost|p2a: Kel|spa|2\n|move|p1a: Corviknight|Bulk Up|p1a: Corviknight\n|-boost|p1a: Corviknight|atk|1\n|-boost|p1a: Corviknight|def|1\n|\n|upkeep\n|turn|6\n|\n|t:|1699893785\n|move|p2a: Kel|Shadow Ball|p1a: Corviknight\n|-damage|p1a: Corviknight|42\/100\n|-ability|p1a: Corviknight|Mirror Armor\n|-unboost|p2a: Kel|spd|1\n|move|p1a: Corviknight|Iron Head|p2a: Kel\n|-resisted|p2a: Kel\n|-damage|p2a: Kel|76\/100\n|\n|-heal|p1a: Corviknight|48\/100|[from] item: Leftovers\n|upkeep\n|turn|7\n|\n|t:|1699893797\n|move|p1a: Corviknight|Protect|p1a: Corviknight\n|-singleturn|p1a: Corviknight|Protect\n|move|p2a: Kel|Shadow Ball|p1a: Corviknight\n|-activate|p1a: Corviknight|move: Protect\n|\n|-heal|p1a: Corviknight|54\/100|[from] item: Leftovers\n|upkeep\n|turn|8\n|\n|t:|1699893805\n|move|p2a: Kel|Shadow Ball|p1a: Corviknight\n|-damage|p1a: Corviknight|0 fnt\n|faint|p1a: Corviknight\n|\n|upkeep\n|\n|t:|1699893811\n|switch|p1a: Cinderace|Cinderace, F|100\/100\n|turn|9\n|\n|t:|1699893816\n|-terastallize|p2a: Kel|Fairy\n|move|p1a: Cinderace|Pyro Ball|p2a: Kel\n|-damage|p2a: Kel|12\/100\n|move|p2a: Kel|Shadow Ball|p1a: Cinderace\n|-damage|p1a: Cinderace|7\/100\n|\n|upkeep\n|turn|10\n|\n|t:|1699893824\n|move|p1a: Cinderace|Pyro Ball|p2a: Kel\n|-damage|p2a: Kel|0 fnt\n|faint|p2a: Kel\n|\n|upkeep\n|\n|t:|1699893836\n|switch|p2a: Amelia|Alomomola, F, shiny|100\/100\n|turn|11\n|\n|t:|1699893840\n|move|p1a: Cinderace|U-turn|p2a: Amelia\n|-start|p1a: Cinderace|typechange|Bug|[from] ability: Libero\n|-damage|p2a: Amelia|80\/100\n|\n|t:|1699893844\n|switch|p1a: Forretress|Forretress, M|100\/100|[from] U-turn\n|move|p2a: Amelia|Flip Turn|p1a: Forretress\n|-damage|p1a: Forretress|69\/100\n|replace|p1a: Zoroark|Zoroark-Hisui, M\n|-end|p1a: Zoroark|Illusion\n|\n|t:|1699893860\n|switch|p2a: Kinger|Kingambit, M, shiny|100\/100|[from] Flip Turn\n|-activate|p2a: Kinger|ability: Supreme Overlord\n|-start|p2a: Kinger|fallen1|[silent]\n|\n|upkeep\n|turn|12\n|\n|t:|1699893873\n|-terastallize|p1a: Zoroark|Dark\n|move|p1a: Zoroark|Flamethrower|p2a: Kinger\n|-supereffective|p2a: Kinger\n|-damage|p2a: Kinger|34\/100\n|-status|p2a: Kinger|brn\n|move|p2a: Kinger|Swords Dance|p2a: Kinger\n|-boost|p2a: Kinger|atk|2\n|\n|-heal|p2a: Kinger|40\/100 brn|[from] item: Leftovers\n|-damage|p2a: Kinger|34\/100 brn|[from] brn\n|upkeep\n|turn|13\n|\n|t:|1699893890\n|switch|p1a: Gyarados|Gyarados, M|100\/100\n|move|p2a: Kinger|Sucker Punch||[still]\n|-fail|p2a: Kinger\n|\n|-heal|p2a: Kinger|40\/100 brn|[from] item: Leftovers\n|-damage|p2a: Kinger|34\/100 brn|[from] brn\n|upkeep\n|turn|14\n|\n|t:|1699893898\n|move|p1a: Gyarados|Dragon Dance|p1a: Gyarados\n|-boost|p1a: Gyarados|atk|1\n|-boost|p1a: Gyarados|spe|1\n|move|p2a: Kinger|Kowtow Cleave|p1a: Gyarados\n|-damage|p1a: Gyarados|54\/100\n|\n|-heal|p1a: Gyarados|60\/100|[from] item: Leftovers\n|-heal|p2a: Kinger|40\/100 brn|[from] item: Leftovers\n|-damage|p2a: Kinger|34\/100 brn|[from] brn\n|upkeep\n|turn|15\n|\n|t:|1699893909\n|move|p1a: Gyarados|Earthquake|p2a: Kinger\n|-supereffective|p2a: Kinger\n|-damage|p2a: Kinger|0 fnt\n|faint|p2a: Kinger\n|-end|p2a: Kinger|fallen1|[silent]\n|-ability|p1a: Gyarados|Moxie|boost\n|-boost|p1a: Gyarados|atk|1\n|\n|-heal|p1a: Gyarados|66\/100|[from] item: Leftovers\n|upkeep\n|\n|t:|1699893920\n|switch|p2a: Amelia|Alomomola, F, shiny|100\/100\n|turn|16\n|\n|t:|1699893924\n|move|p2a: Amelia|Scald|p1a: Gyarados\n|-resisted|p1a: Gyarados\n|-damage|p1a: Gyarados|60\/100\n|move|p1a: Gyarados|Dragon Tail|p2a: Amelia\n|-damage|p2a: Amelia|80\/100\n|drag|p2a: Eraser|Great Tusk, shiny|100\/100\n|\n|-heal|p1a: Gyarados|66\/100|[from] item: Leftovers\n|upkeep\n|turn|17\n|\n|t:|1699893935\n|-end|p2a: Eraser|Protosynthesis|[silent]\n|switch|p2a: Amelia|Alomomola, F, shiny|100\/100\n|move|p1a: Gyarados|Ice Fang|p2a: Amelia\n|-resisted|p2a: Amelia\n|-damage|p2a: Amelia|89\/100\n|\n|-heal|p1a: Gyarados|72\/100|[from] item: Leftovers\n|upkeep\n|turn|18\n|\n|t:|1699893944\n|move|p1a: Gyarados|Ice Fang|p2a: Amelia\n|-resisted|p2a: Amelia\n|-damage|p2a: Amelia|79\/100\n|-status|p2a: Amelia|frz\n|-curestatus|p2a: Amelia|frz|[from] move: Scald\n|move|p2a: Amelia|Scald|p1a: Gyarados\n|-resisted|p1a: Gyarados\n|-damage|p1a: Gyarados|66\/100\n|\n|-heal|p1a: Gyarados|73\/100|[from] item: Leftovers\n|upkeep\n|turn|19\n|\n|t:|1699893961\n|move|p1a: Gyarados|Ice Fang|p2a: Amelia\n|-resisted|p2a: Amelia\n|-damage|p2a: Amelia|69\/100\n|cant|p2a: Amelia|flinch\n|\n|-heal|p1a: Gyarados|79\/100|[from] item: Leftovers\n|upkeep\n|turn|20\n|\n|t:|1699893969\n|move|p2a: Amelia|Scald|p1a: Gyarados\n|-resisted|p1a: Gyarados\n|-damage|p1a: Gyarados|73\/100\n|-status|p1a: Gyarados|brn\n|move|p1a: Gyarados|Dragon Tail|p2a: Amelia\n|-damage|p2a: Amelia|59\/100\n|drag|p2a: Mari|Hatterene, F, shiny|100\/100\n|\n|-heal|p1a: Gyarados|79\/100 brn|[from] item: Leftovers\n|-damage|p1a: Gyarados|73\/100 brn|[from] brn\n|upkeep\n|turn|21\n|\n|t:|1699893985\n|move|p1a: Gyarados|Dragon Dance|p1a: Gyarados\n|-boost|p1a: Gyarados|atk|1\n|-boost|p1a: Gyarados|spe|1\n|move|p2a: Mari|Draining Kiss|p1a: Gyarados\n|-damage|p1a: Gyarados|52\/100 brn\n|\n|-heal|p1a: Gyarados|58\/100 brn|[from] item: Leftovers\n|-damage|p1a: Gyarados|52\/100 brn|[from] brn\n|upkeep\n|turn|22\n|\n|t:|1699893996\n|move|p1a: Gyarados|Dragon Dance|p1a: Gyarados\n|-boost|p1a: Gyarados|atk|1\n|-boost|p1a: Gyarados|spe|1\n|move|p2a: Mari|Psyshock|p1a: Gyarados\n|-damage|p1a: Gyarados|25\/100 brn\n|\n|-heal|p1a: Gyarados|31\/100 brn|[from] item: Leftovers\n|-damage|p1a: Gyarados|25\/100 brn|[from] brn\n|upkeep\n|turn|23\n|\n|t:|1699894008\n|move|p1a: Gyarados|Ice Fang|p2a: Mari\n|-damage|p2a: Mari|77\/100\n|move|p2a: Mari|Psyshock|p1a: Gyarados\n|-damage|p1a: Gyarados|0 fnt\n|faint|p1a: Gyarados\n|\n|-heal|p2a: Mari|83\/100|[from] item: Leftovers\n|upkeep\n|\n|t:|1699894019\n|switch|p1a: Forretress|Forretress, M, tera:Dark|69\/100\n|turn|24\n|\n|t:|1699894030\n|switch|p2a: Eraser|Great Tusk, shiny|100\/100\n|move|p1a: Forretress|Dark Pulse|p2a: Eraser\n|-resisted|p2a: Eraser\n|-damage|p2a: Eraser|70\/100\n|\n|upkeep\n|turn|25\n|\n|t:|1699894041\n|switch|p1a: Forretress|Forretress, M|100\/100\n|move|p2a: Eraser|Knock Off|p1a: Forretress\n|-damage|p1a: Forretress|83\/100\n|-enditem|p1a: Forretress|Assault Vest|[from] move: Knock Off|[of] p2a: Eraser\n|\n|upkeep\n|turn|26\n|\n|t:|1699894050\n|move|p2a: Eraser|Earthquake|p1a: Forretress\n|-damage|p1a: Forretress|52\/100\n|move|p1a: Forretress|Lunge|p2a: Eraser\n|-resisted|p2a: Eraser\n|-damage|p2a: Eraser|64\/100\n|-unboost|p2a: Eraser|atk|1\n|\n|upkeep\n|turn|27\n|\n|t:|1699894061\n|-end|p2a: Eraser|Protosynthesis|[silent]\n|switch|p2a: Amelia|Alomomola, F, shiny|93\/100\n|move|p1a: Forretress|Lunge|p2a: Amelia\n|-damage|p2a: Amelia|78\/100\n|-unboost|p2a: Amelia|atk|1\n|\n|upkeep\n|turn|28\n|\n|t:|1699894069\n|move|p2a: Amelia|Scald|p1a: Forretress\n|-crit|p1a: Forretress\n|-damage|p1a: Forretress|32\/100\n|-status|p1a: Forretress|brn\n|move|p1a: Forretress|Volt Switch|p2a: Amelia\n|-supereffective|p2a: Amelia\n|-damage|p2a: Amelia|54\/100\n|\n|t:|1699894078\n|switch|p1a: Forretress|Forretress, M, tera:Dark|69\/100|[from] Volt Switch\n|\n|upkeep\n|turn|29\n|\n|t:|1699894085\n|move|p1a: Forretress|Sludge Bomb|p2a: Amelia\n|-damage|p2a: Amelia|14\/100\n|move|p2a: Amelia|Flip Turn|p1a: Forretress\n|-damage|p1a: Forretress|47\/100\n|replace|p1a: Zoroark|Zoroark-Hisui, M\n|-end|p1a: Zoroark|Illusion\n|\n|t:|1699894093\n|switch|p2a: Eraser|Great Tusk, shiny|64\/100|[from] Flip Turn\n|\n|upkeep\n|turn|30\n|\n|t:|1699894099\n|move|p1a: Zoroark|Sludge Bomb|p2a: Eraser\n|-resisted|p2a: Eraser\n|-damage|p2a: Eraser|41\/100\n|move|p2a: Eraser|Earthquake|p1a: Zoroark\n|-damage|p1a: Zoroark|0 fnt\n|faint|p1a: Zoroark\n|\n|upkeep\n|\n|t:|1699894108\n|switch|p1a: Cinderace|Cinderace, F|7\/100\n|turn|31\n|\n|t:|1699894121\n|-end|p2a: Eraser|Protosynthesis|[silent]\n|switch|p2a: Amelia|Alomomola, F, shiny|48\/100\n|move|p1a: Cinderace|Pyro Ball|p2a: Amelia\n|-resisted|p2a: Amelia\n|-damage|p2a: Amelia|32\/100\n|\n|upkeep\n|turn|32\n|\n|t:|1699894127\n|move|p1a: Cinderace|U-turn|p2a: Amelia\n|-start|p1a: Cinderace|typechange|Bug|[from] ability: Libero\n|-damage|p2a: Amelia|12\/100\n|\n|t:|1699894132\n|switch|p1a: Forretress|Forretress, M|32\/100 brn|[from] U-turn\n|move|p2a: Amelia|Flip Turn|p1a: Forretress\n|-damage|p1a: Forretress|22\/100 brn\n|\n|t:|1699894135\n|switch|p2a: Wario|Landorus-Therian, M, shiny|92\/100|[from] Flip Turn\n|-ability|p2a: Wario|Intimidate|boost\n|-unboost|p1a: Forretress|atk|1\n|\n|-damage|p1a: Forretress|15\/100 brn|[from] brn\n|upkeep\n|turn|33\n|\n|t:|1699894145\n|move|p2a: Wario|Earthquake|p1a: Forretress\n|-damage|p1a: Forretress|0 fnt\n|faint|p1a: Forretress\n|\n|upkeep\n|\n|t:|1699894150\n|switch|p1a: Cinderace|Cinderace, F|7\/100\n|turn|34\n|\n|t:|1699894164\n|move|p1a: Cinderace|U-turn|p2a: Wario\n|-start|p1a: Cinderace|typechange|Bug|[from] ability: Libero\n|-resisted|p2a: Wario\n|-damage|p2a: Wario|70\/100\n|move|p2a: Wario|Earthquake|p1a: Cinderace\n|-resisted|p1a: Cinderace\n|-damage|p1a: Cinderace|0 fnt\n|faint|p1a: Cinderace\n|\n|win|AubreyOmori1\n|raw|UptherewithDavid's rating: 1177 &rarr; <strong>1147<\/strong><br \/>(-30 for losing)\n|raw|AubreyOmori1's rating: 1113 &rarr; <strong>1143<\/strong><br \/>(+30 for winning)\n","uploadtime":1699894169,"views":8,"p1id":"uptherewithdavid","p2id":"aubreyomori1","formatid":"gen9ou","rating":1143,"private":0,"password":""}