{"id":"gen9ou-1992696885","p1":"Speectrum","p2":"liaoya","format":"[Gen 9] OU","log":"|j|\u2606Speectrum\n|j|\u2606liaoya\n|t:|1700226406\n|gametype|singles\n|player|p1|Speectrum|bellelba|1467\n|player|p2|liaoya|petrel|1564\n|teamsize|p1|6\n|teamsize|p2|6\n|gen|9\n|tier|[Gen 9] OU\n|rated|\n|rule|Sleep Clause Mod: Limit one foe put to sleep\n|rule|Species Clause: Limit one of each Pok\u00e9mon\n|rule|OHKO Clause: OHKO moves are banned\n|rule|Evasion Items Clause: Evasion items are banned\n|rule|Evasion Moves Clause: Evasion moves are banned\n|rule|Endless Battle Clause: Forcing endless battles is banned\n|rule|HP Percentage Mod: HP is shown in percentages\n|clearpoke\n|poke|p1|Goodra-Hisui, F|\n|poke|p1|Dragapult, F|\n|poke|p1|Clefable, F|\n|poke|p1|Landorus-Therian, M|\n|poke|p1|Cinderace, M|\n|poke|p1|Milotic, M|\n|poke|p2|Drifblim, M|\n|poke|p2|Garganacl, F|\n|poke|p2|Umbreon, M|\n|poke|p2|Rotom-Wash|\n|poke|p2|Glimmora, M|\n|poke|p2|Espeon, M|\n|teampreview\n|inactive|Battle timer is ON: inactive players will automatically lose when time's up. (requested by liaoya)\n|\n|t:|1700226411\n|start\n|switch|p1a: Dragapult|Dragapult, F|100\/100\n|switch|p2a: Rotom|Rotom-Wash|100\/100\n|turn|1\n|\n|t:|1700226415\n|move|p1a: Dragapult|U-turn|p2a: Rotom\n|-damage|p2a: Rotom|82\/100\n|\n|t:|1700226417\n|switch|p1a: Clefable|Clefable, F|100\/100|[from] U-turn\n|move|p2a: Rotom|Trick|p1a: Clefable\n|-activate|p2a: Rotom|move: Trick|[of] p1a: Clefable\n|-item|p1a: Clefable|Choice Scarf|[from] move: Trick\n|-item|p2a: Rotom|Leftovers|[from] move: Trick\n|\n|-heal|p2a: Rotom|88\/100|[from] item: Leftovers\n|upkeep\n|turn|2\n|\n|t:|1700226424\n|switch|p1a: Dragapult|Dragapult, F|100\/100\n|move|p2a: Rotom|Volt Switch|p1a: Dragapult\n|-resisted|p1a: Dragapult\n|-damage|p1a: Dragapult|81\/100\n|\n|t:|1700226431\n|switch|p2a: Umbreon|Umbreon, M, shiny|100\/100|[from] Volt Switch\n|\n|-heal|p1a: Dragapult|87\/100|[from] item: Leftovers\n|upkeep\n|turn|3\n|\n|t:|1700226433\n|move|p1a: Dragapult|U-turn|p2a: Umbreon\n|-supereffective|p2a: Umbreon\n|-damage|p2a: Umbreon|78\/100\n|\n|t:|1700226436\n|switch|p1a: Clefable|Clefable, F|100\/100|[from] U-turn\n|move|p2a: Umbreon|Foul Play|p1a: Clefable\n|-resisted|p1a: Clefable\n|-crit|p1a: Clefable\n|-damage|p1a: Clefable|86\/100\n|\n|-heal|p2a: Umbreon|84\/100|[from] item: Leftovers\n|upkeep\n|turn|4\n|\n|t:|1700226439\n|switch|p1a: Landorus|Landorus-Therian, M|100\/100\n|-ability|p1a: Landorus|Intimidate|boost\n|-fail|p2a: Umbreon|unboost|Attack|[from] ability: Inner Focus|[of] p2a: Umbreon\n|move|p2a: Umbreon|Protect||[still]\n|-fail|p2a: Umbreon\n|\n|-heal|p2a: Umbreon|90\/100|[from] item: Leftovers\n|upkeep\n|turn|5\n|\n|t:|1700226445\n|move|p1a: Landorus|Substitute|p1a: Landorus\n|-start|p1a: Landorus|Substitute\n|-damage|p1a: Landorus|75\/100\n|move|p2a: Umbreon|Foul Play|p1a: Landorus\n|-end|p1a: Landorus|Substitute\n|\n|-heal|p1a: Landorus|82\/100|[from] item: Leftovers\n|-heal|p2a: Umbreon|96\/100|[from] item: Leftovers\n|upkeep\n|turn|6\n|\n|t:|1700226450\n|move|p1a: Landorus|Earthquake|p2a: Umbreon\n|-damage|p2a: Umbreon|62\/100\n|move|p2a: Umbreon|Foul Play|p1a: Landorus\n|-damage|p1a: Landorus|30\/100\n|\n|-heal|p1a: Landorus|36\/100|[from] item: Leftovers\n|-heal|p2a: Umbreon|68\/100|[from] item: Leftovers\n|upkeep\n|turn|7\n|\n|t:|1700226453\n|switch|p1a: Clefable|Clefable, F|86\/100\n|move|p2a: Umbreon|Wish|p2a: Umbreon\n|\n|-heal|p2a: Umbreon|74\/100|[from] item: Leftovers\n|upkeep\n|turn|8\n|\n|t:|1700226459\n|move|p1a: Clefable|Wish|p1a: Clefable\n|move|p2a: Umbreon|Yawn|p1a: Clefable\n|-start|p1a: Clefable|move: Yawn|[of] p2a: Umbreon\n|\n|-heal|p2a: Umbreon|100\/100|[from] move: Wish|[wisher] Umbreon\n|upkeep\n|turn|9\n|\n|t:|1700226467\n|switch|p1a: Landorus|Landorus-Therian, M|36\/100\n|-ability|p1a: Landorus|Intimidate|boost\n|-fail|p2a: Umbreon|unboost|Attack|[from] ability: Inner Focus|[of] p2a: Umbreon\n|switch|p2a: Drifblim|Drifblim, M|100\/100\n|\n|-heal|p1a: Landorus|94\/100|[from] move: Wish|[wisher] Clefable\n|-heal|p1a: Landorus|100\/100|[from] item: Leftovers\n|upkeep\n|turn|10\n|\n|t:|1700226479\n|switch|p2a: Rotom|Rotom-Wash|88\/100\n|move|p1a: Landorus|Substitute|p1a: Landorus\n|-start|p1a: Landorus|Substitute\n|-damage|p1a: Landorus|75\/100\n|\n|-heal|p1a: Landorus|82\/100|[from] item: Leftovers\n|-heal|p2a: Rotom|95\/100|[from] item: Leftovers\n|upkeep\n|turn|11\n|\n|t:|1700226484\n|move|p1a: Landorus|Smack Down|p2a: Rotom\n|-damage|p2a: Rotom|76\/100\n|-start|p2a: Rotom|Smack Down\n|move|p2a: Rotom|Hydro Pump|p1a: Landorus\n|-supereffective|p1a: Landorus\n|-end|p1a: Landorus|Substitute\n|\n|-heal|p1a: Landorus|88\/100|[from] item: Leftovers\n|-heal|p2a: Rotom|82\/100|[from] item: Leftovers\n|upkeep\n|turn|12\n|\n|t:|1700226489\n|move|p1a: Landorus|Earthquake|p2a: Rotom\n|-supereffective|p2a: Rotom\n|-damage|p2a: Rotom|0 fnt\n|faint|p2a: Rotom\n|\n|-heal|p1a: Landorus|94\/100|[from] item: Leftovers\n|upkeep\n|\n|t:|1700226501\n|switch|p2a: Glimmora|Glimmora, M|100\/100\n|turn|13\n|\n|t:|1700226505\n|move|p1a: Landorus|Earthquake|p2a: Glimmora\n|-supereffective|p2a: Glimmora\n|-enditem|p2a: Glimmora|Focus Sash\n|-damage|p2a: Glimmora|1\/100\n|-activate|p2a: Glimmora|ability: Toxic Debris\n|-sidestart|p1: Speectrum|move: Toxic Spikes\n|move|p2a: Glimmora|Mortal Spin|p1a: Landorus\n|-resisted|p1a: Landorus\n|-damage|p1a: Landorus|90\/100\n|-status|p1a: Landorus|psn\n|\n|-heal|p1a: Landorus|97\/100 psn|[from] item: Leftovers\n|-damage|p1a: Landorus|84\/100 psn|[from] psn\n|upkeep\n|turn|14\n|\n|t:|1700226512\n|move|p1a: Landorus|Earthquake|p2a: Glimmora\n|-supereffective|p2a: Glimmora\n|-damage|p2a: Glimmora|0 fnt\n|-activate|p2a: Glimmora|ability: Toxic Debris\n|-sidestart|p1: Speectrum|move: Toxic Spikes\n|faint|p2a: Glimmora\n|\n|-heal|p1a: Landorus|90\/100 psn|[from] item: Leftovers\n|-damage|p1a: Landorus|78\/100 psn|[from] psn\n|upkeep\n|\n|t:|1700226517\n|switch|p2a: Umbreon|Umbreon, M, shiny|100\/100\n|turn|15\n|\n|t:|1700226521\n|switch|p1a: Cinderace|Cinderace, M|100\/100\n|move|p2a: Umbreon|Wish|p2a: Umbreon\n|\n|upkeep\n|turn|16\n|\n|t:|1700226525\n|move|p1a: Cinderace|Court Change|p1a: Cinderace\n|-start|p1a: Cinderace|typechange|Normal|[from] ability: Libero\n|-swapsideconditions\n|-activate|p1a: Cinderace|move: Court Change\n|move|p2a: Umbreon|Foul Play|p1a: Cinderace\n|-damage|p1a: Cinderace|33\/100\n|\n|upkeep\n|turn|17\n|\n|t:|1700226528\n|move|p1a: Cinderace|U-turn|p2a: Umbreon\n|-supereffective|p2a: Umbreon\n|-damage|p2a: Umbreon|71\/100\n|\n|t:|1700226533\n|switch|p1a: Milotic|Milotic, M|100\/100|[from] U-turn\n|move|p2a: Umbreon|Foul Play|p1a: Milotic\n|-damage|p1a: Milotic|86\/100\n|\n|-heal|p2a: Umbreon|77\/100|[from] item: Leftovers\n|upkeep\n|turn|18\n|\n|t:|1700226536\n|switch|p2a: Drifblim|Drifblim, M|100\/100\n|move|p1a: Milotic|Scald|p2a: Drifblim\n|-damage|p2a: Drifblim|62\/100\n|-status|p2a: Drifblim|brn\n|\n|-damage|p2a: Drifblim|56\/100 brn|[from] brn\n|upkeep\n|turn|19\n|\n|t:|1700226543\n|move|p2a: Drifblim|Trick|p1a: Milotic\n|-activate|p2a: Drifblim|move: Trick|[of] p1a: Milotic\n|-item|p1a: Milotic|Choice Scarf|[from] move: Trick\n|-item|p2a: Drifblim|Heavy-Duty Boots|[from] move: Trick\n|move|p1a: Milotic|Scald|p2a: Drifblim\n|-damage|p2a: Drifblim|21\/100 brn\n|\n|-damage|p2a: Drifblim|15\/100 brn|[from] brn\n|upkeep\n|turn|20\n|\n|t:|1700226548\n|move|p1a: Milotic|Scald|p2a: Drifblim\n|-damage|p2a: Drifblim|0 fnt\n|faint|p2a: Drifblim\n|\n|upkeep\n|\n|t:|1700226553\n|switch|p2a: Garganacl|Garganacl, F, shiny|100\/100\n|turn|21\n|\n|t:|1700226556\n|-terastallize|p2a: Garganacl|Ghost\n|move|p1a: Milotic|Scald|p2a: Garganacl\n|-damage|p2a: Garganacl|81\/100\n|move|p2a: Garganacl|Iron Defense|p2a: Garganacl\n|-boost|p2a: Garganacl|def|2\n|\n|-heal|p2a: Garganacl|87\/100|[from] item: Leftovers\n|upkeep\n|turn|22\n|\n|t:|1700226563\n|move|p1a: Milotic|Scald|p2a: Garganacl\n|-damage|p2a: Garganacl|70\/100\n|move|p2a: Garganacl|Salt Cure|p1a: Milotic\n|-damage|p1a: Milotic|75\/100\n|-start|p1a: Milotic|Salt Cure\n|\n|-heal|p2a: Garganacl|76\/100|[from] item: Leftovers\n|-damage|p1a: Milotic|50\/100|[from] Salt Cure\n|upkeep\n|turn|23\n|\n|t:|1700226567\n|move|p1a: Milotic|Scald|p2a: Garganacl\n|-damage|p2a: Garganacl|59\/100\n|move|p2a: Garganacl|Iron Defense|p2a: Garganacl\n|-boost|p2a: Garganacl|def|2\n|\n|-heal|p2a: Garganacl|65\/100|[from] item: Leftovers\n|-damage|p1a: Milotic|25\/100|[from] Salt Cure\n|upkeep\n|turn|24\n|\n|t:|1700226570\n|move|p1a: Milotic|Scald|p2a: Garganacl\n|-damage|p2a: Garganacl|48\/100\n|move|p2a: Garganacl|Recover|p2a: Garganacl\n|-heal|p2a: Garganacl|98\/100\n|\n|-heal|p2a: Garganacl|100\/100|[from] item: Leftovers\n|-damage|p1a: Milotic|0 fnt|[from] Salt Cure\n|faint|p1a: Milotic\n|upkeep\n|\n|t:|1700226585\n|switch|p1a: Goodra|Goodra-Hisui, F|100\/100\n|turn|25\n|\n|t:|1700226591\n|-terastallize|p1a: Goodra|Ghost\n|move|p1a: Goodra|Acid Armor|p1a: Goodra\n|-boost|p1a: Goodra|def|2\n|move|p2a: Garganacl|Body Press|p1a: Goodra\n|-immune|p1a: Goodra\n|\n|upkeep\n|turn|26\n|\n|t:|1700226596\n|move|p1a: Goodra|Acid Armor|p1a: Goodra\n|-boost|p1a: Goodra|def|2\n|move|p2a: Garganacl|Salt Cure|p1a: Goodra\n|-damage|p1a: Goodra|96\/100\n|-start|p1a: Goodra|Salt Cure\n|\n|-heal|p1a: Goodra|100\/100|[from] item: Leftovers\n|-damage|p1a: Goodra|88\/100|[from] Salt Cure\n|upkeep\n|turn|27\n|\n|t:|1700226599\n|move|p1a: Goodra|Acid Armor|p1a: Goodra\n|-boost|p1a: Goodra|def|2\n|move|p2a: Garganacl|Iron Defense|p2a: Garganacl\n|-boost|p2a: Garganacl|def|2\n|\n|-heal|p1a: Goodra|94\/100|[from] item: Leftovers\n|-damage|p1a: Goodra|82\/100|[from] Salt Cure\n|upkeep\n|turn|28\n|\n|t:|1700226600\n|move|p1a: Goodra|Flash Cannon|p2a: Garganacl\n|-damage|p2a: Garganacl|80\/100\n|move|p2a: Garganacl|Salt Cure|p1a: Goodra\n|-damage|p1a: Goodra|79\/100\n|\n|-heal|p1a: Goodra|85\/100|[from] item: Leftovers\n|-heal|p2a: Garganacl|86\/100|[from] item: Leftovers\n|-damage|p1a: Goodra|73\/100|[from] Salt Cure\n|upkeep\n|turn|29\n|\n|t:|1700226605\n|move|p1a: Goodra|Flash Cannon|p2a: Garganacl\n|-damage|p2a: Garganacl|65\/100\n|move|p2a: Garganacl|Salt Cure|p1a: Goodra\n|-damage|p1a: Goodra|70\/100\n|\n|-heal|p1a: Goodra|76\/100|[from] item: Leftovers\n|-heal|p2a: Garganacl|71\/100|[from] item: Leftovers\n|-damage|p1a: Goodra|64\/100|[from] Salt Cure\n|upkeep\n|turn|30\n|\n|t:|1700226609\n|move|p1a: Goodra|Life Dew|p1a: Goodra\n|-heal|p1a: Goodra|89\/100\n|move|p2a: Garganacl|Recover|p2a: Garganacl\n|-heal|p2a: Garganacl|100\/100\n|\n|-heal|p1a: Goodra|95\/100|[from] item: Leftovers\n|-damage|p1a: Goodra|82\/100|[from] Salt Cure\n|upkeep\n|turn|31\n|\n|t:|1700226613\n|move|p1a: Goodra|Flash Cannon|p2a: Garganacl\n|-damage|p2a: Garganacl|80\/100\n|move|p2a: Garganacl|Salt Cure|p1a: Goodra\n|-damage|p1a: Goodra|79\/100\n|\n|-heal|p1a: Goodra|85\/100|[from] item: Leftovers\n|-heal|p2a: Garganacl|86\/100|[from] item: Leftovers\n|-damage|p1a: Goodra|73\/100|[from] Salt Cure\n|upkeep\n|turn|32\n|\n|t:|1700226616\n|move|p1a: Goodra|Flash Cannon|p2a: Garganacl\n|-damage|p2a: Garganacl|66\/100\n|move|p2a: Garganacl|Salt Cure|p1a: Goodra\n|-damage|p1a: Goodra|69\/100\n|\n|-heal|p1a: Goodra|75\/100|[from] item: Leftovers\n|-heal|p2a: Garganacl|72\/100|[from] item: Leftovers\n|-damage|p1a: Goodra|63\/100|[from] Salt Cure\n|upkeep\n|turn|33\n|\n|t:|1700226620\n|move|p1a: Goodra|Life Dew|p1a: Goodra\n|-heal|p1a: Goodra|88\/100\n|move|p2a: Garganacl|Salt Cure|p1a: Goodra\n|-crit|p1a: Goodra\n|-damage|p1a: Goodra|70\/100\n|\n|-heal|p1a: Goodra|76\/100|[from] item: Leftovers\n|-heal|p2a: Garganacl|78\/100|[from] item: Leftovers\n|-damage|p1a: Goodra|63\/100|[from] Salt Cure\n|upkeep\n|turn|34\n|\n|t:|1700226624\n|move|p1a: Goodra|Life Dew|p1a: Goodra\n|-heal|p1a: Goodra|88\/100\n|move|p2a: Garganacl|Salt Cure|p1a: Goodra\n|-crit|p1a: Goodra\n|-damage|p1a: Goodra|72\/100\n|\n|-heal|p1a: Goodra|78\/100|[from] item: Leftovers\n|-heal|p2a: Garganacl|84\/100|[from] item: Leftovers\n|-damage|p1a: Goodra|66\/100|[from] Salt Cure\n|upkeep\n|turn|35\n|\n|t:|1700226630\n|move|p1a: Goodra|Life Dew|p1a: Goodra\n|-heal|p1a: Goodra|91\/100\n|move|p2a: Garganacl|Iron Defense|p2a: Garganacl\n|-boost|p2a: Garganacl|def|0\n|\n|-heal|p1a: Goodra|97\/100|[from] item: Leftovers\n|-heal|p2a: Garganacl|90\/100|[from] item: Leftovers\n|-damage|p1a: Goodra|84\/100|[from] Salt Cure\n|upkeep\n|turn|36\n|\n|t:|1700226635\n|move|p1a: Goodra|Acid Armor|p1a: Goodra\n|-boost|p1a: Goodra|def|0\n|move|p2a: Garganacl|Iron Defense|p2a: Garganacl\n|-boost|p2a: Garganacl|def|0\n|\n|-heal|p1a: Goodra|90\/100|[from] item: Leftovers\n|-heal|p2a: Garganacl|97\/100|[from] item: Leftovers\n|-damage|p1a: Goodra|78\/100|[from] Salt Cure\n|upkeep\n|turn|37\n|\n|t:|1700226641\n|switch|p2a: Espeon|Espeon, M|100\/100\n|-status|p2a: Espeon|tox\n|move|p1a: Goodra|Acid Armor|p1a: Goodra\n|-boost|p1a: Goodra|def|0\n|\n|-heal|p1a: Goodra|84\/100|[from] item: Leftovers\n|-damage|p2a: Espeon|95\/100 tox|[from] psn\n|-damage|p1a: Goodra|72\/100|[from] Salt Cure\n|upkeep\n|turn|38\n|\n|t:|1700226645\n|switch|p1a: Clefable|Clefable, F|86\/100\n|move|p2a: Espeon|Trick|p1a: Clefable\n|-activate|p2a: Espeon|move: Trick|[of] p1a: Clefable\n|-item|p1a: Clefable|Choice Scarf|[from] move: Trick\n|-item|p2a: Espeon|Choice Scarf|[from] move: Trick\n|\n|-damage|p2a: Espeon|83\/100 tox|[from] psn\n|upkeep\n|turn|39\n|\n|t:|1700226653\n|switch|p2a: Garganacl|Garganacl, F, shiny, tera:Ghost|97\/100\n|move|p1a: Clefable|Moonblast|p2a: Garganacl\n|-damage|p2a: Garganacl|74\/100\n|\n|-heal|p2a: Garganacl|80\/100|[from] item: Leftovers\n|upkeep\n|turn|40\n|\n|t:|1700226657\n|switch|p1a: Dragapult|Dragapult, F|87\/100\n|move|p2a: Garganacl|Salt Cure|p1a: Dragapult\n|-damage|p1a: Dragapult|70\/100\n|-start|p1a: Dragapult|Salt Cure\n|\n|-heal|p1a: Dragapult|76\/100|[from] item: Leftovers\n|-heal|p2a: Garganacl|86\/100|[from] item: Leftovers\n|-damage|p1a: Dragapult|64\/100|[from] Salt Cure\n|upkeep\n|turn|41\n|\n|t:|1700226660\n|move|p1a: Dragapult|Hex|p2a: Garganacl\n|-supereffective|p2a: Garganacl\n|-crit|p2a: Garganacl\n|-damage|p2a: Garganacl|59\/100\n|move|p2a: Garganacl|Recover|p2a: Garganacl\n|-heal|p2a: Garganacl|100\/100\n|\n|-heal|p1a: Dragapult|70\/100|[from] item: Leftovers\n|-damage|p1a: Dragapult|58\/100|[from] Salt Cure\n|upkeep\n|turn|42\n|\n|t:|1700226663\n|move|p1a: Dragapult|Hex|p2a: Garganacl\n|-supereffective|p2a: Garganacl\n|-damage|p2a: Garganacl|81\/100\n|move|p2a: Garganacl|Iron Defense|p2a: Garganacl\n|-boost|p2a: Garganacl|def|2\n|\n|-heal|p1a: Dragapult|64\/100|[from] item: Leftovers\n|-heal|p2a: Garganacl|87\/100|[from] item: Leftovers\n|-damage|p1a: Dragapult|51\/100|[from] Salt Cure\n|upkeep\n|turn|43\n|\n|t:|1700226669\n|move|p1a: Dragapult|U-turn|p2a: Garganacl\n|-resisted|p2a: Garganacl\n|-damage|p2a: Garganacl|84\/100\n|\n|t:|1700226671\n|switch|p1a: Goodra|Goodra-Hisui, F, tera:Ghost|72\/100|[from] U-turn\n|move|p2a: Garganacl|Salt Cure|p1a: Goodra\n|-damage|p1a: Goodra|61\/100\n|-start|p1a: Goodra|Salt Cure\n|\n|-heal|p1a: Goodra|67\/100|[from] item: Leftovers\n|-heal|p2a: Garganacl|91\/100|[from] item: Leftovers\n|-damage|p1a: Goodra|54\/100|[from] Salt Cure\n|upkeep\n|turn|44\n|\n|t:|1700226676\n|move|p1a: Goodra|Life Dew|p1a: Goodra\n|-heal|p1a: Goodra|79\/100\n|move|p2a: Garganacl|Iron Defense|p2a: Garganacl\n|-boost|p2a: Garganacl|def|2\n|\n|-heal|p1a: Goodra|85\/100|[from] item: Leftovers\n|-heal|p2a: Garganacl|97\/100|[from] item: Leftovers\n|-damage|p1a: Goodra|73\/100|[from] Salt Cure\n|upkeep\n|turn|45\n|\n|t:|1700226680\n|move|p1a: Goodra|Life Dew|p1a: Goodra\n|-heal|p1a: Goodra|98\/100\n|move|p2a: Garganacl|Iron Defense|p2a: Garganacl\n|-boost|p2a: Garganacl|def|2\n|\n|-heal|p1a: Goodra|100\/100|[from] item: Leftovers\n|-heal|p2a: Garganacl|100\/100|[from] item: Leftovers\n|-damage|p1a: Goodra|88\/100|[from] Salt Cure\n|upkeep\n|turn|46\n|\n|t:|1700226686\n|move|p1a: Goodra|Flash Cannon|p2a: Garganacl\n|-damage|p2a: Garganacl|79\/100\n|move|p2a: Garganacl|Salt Cure|p1a: Goodra\n|-damage|p1a: Goodra|77\/100\n|\n|-heal|p1a: Goodra|83\/100|[from] item: Leftovers\n|-heal|p2a: Garganacl|86\/100|[from] item: Leftovers\n|-damage|p1a: Goodra|70\/100|[from] Salt Cure\n|upkeep\n|turn|47\n|\n|t:|1700226691\n|move|p1a: Goodra|Flash Cannon|p2a: Garganacl\n|-damage|p2a: Garganacl|66\/100\n|move|p2a: Garganacl|Iron Defense|p2a: Garganacl\n|-boost|p2a: Garganacl|def|0\n|\n|-heal|p1a: Goodra|76\/100|[from] item: Leftovers\n|-heal|p2a: Garganacl|72\/100|[from] item: Leftovers\n|-damage|p1a: Goodra|64\/100|[from] Salt Cure\n|upkeep\n|turn|48\n|\n|t:|1700226698\n|move|p1a: Goodra|Life Dew|p1a: Goodra\n|-heal|p1a: Goodra|89\/100\n|move|p2a: Garganacl|Iron Defense|p2a: Garganacl\n|-boost|p2a: Garganacl|def|0\n|\n|-heal|p1a: Goodra|95\/100|[from] item: Leftovers\n|-heal|p2a: Garganacl|78\/100|[from] item: Leftovers\n|-damage|p1a: Goodra|83\/100|[from] Salt Cure\n|upkeep\n|turn|49\n|\n|t:|1700226704\n|move|p1a: Goodra|Acid Armor|p1a: Goodra\n|-boost|p1a: Goodra|def|2\n|move|p2a: Garganacl|Iron Defense|p2a: Garganacl\n|-boost|p2a: Garganacl|def|0\n|\n|-heal|p1a: Goodra|89\/100|[from] item: Leftovers\n|-heal|p2a: Garganacl|85\/100|[from] item: Leftovers\n|-damage|p1a: Goodra|76\/100|[from] Salt Cure\n|upkeep\n|turn|50\n|\n|t:|1700226714\n|move|p1a: Goodra|Acid Armor|p1a: Goodra\n|-boost|p1a: Goodra|def|2\n|move|p2a: Garganacl|Iron Defense|p2a: Garganacl\n|-boost|p2a: Garganacl|def|0\n|\n|-heal|p1a: Goodra|82\/100|[from] item: Leftovers\n|-heal|p2a: Garganacl|91\/100|[from] item: Leftovers\n|-damage|p1a: Goodra|70\/100|[from] Salt Cure\n|upkeep\n|turn|51\n|\n|t:|1700226720\n|move|p1a: Goodra|Life Dew|p1a: Goodra\n|-heal|p1a: Goodra|95\/100\n|move|p2a: Garganacl|Salt Cure|p1a: Goodra\n|-damage|p1a: Goodra|91\/100\n|\n|-heal|p1a: Goodra|97\/100|[from] item: Leftovers\n|-heal|p2a: Garganacl|97\/100|[from] item: Leftovers\n|-damage|p1a: Goodra|85\/100|[from] Salt Cure\n|upkeep\n|turn|52\n|\n|t:|1700226725\n|move|p1a: Goodra|Flash Cannon|p2a: Garganacl\n|-damage|p2a: Garganacl|77\/100\n|move|p2a: Garganacl|Iron Defense|p2a: Garganacl\n|-boost|p2a: Garganacl|def|0\n|\n|-heal|p1a: Goodra|91\/100|[from] item: Leftovers\n|-heal|p2a: Garganacl|83\/100|[from] item: Leftovers\n|-damage|p1a: Goodra|78\/100|[from] Salt Cure\n|upkeep\n|turn|53\n|\n|t:|1700226741\n|move|p1a: Goodra|Flash Cannon|p2a: Garganacl\n|-damage|p2a: Garganacl|65\/100\n|move|p2a: Garganacl|Salt Cure|p1a: Goodra\n|-damage|p1a: Goodra|75\/100\n|\n|-heal|p1a: Goodra|81\/100|[from] item: Leftovers\n|-heal|p2a: Garganacl|71\/100|[from] item: Leftovers\n|-damage|p1a: Goodra|68\/100|[from] Salt Cure\n|upkeep\n|turn|54\n|\n|t:|1700226746\n|move|p1a: Goodra|Body Press|p2a: Garganacl\n|-immune|p2a: Garganacl\n|move|p2a: Garganacl|Body Press|p1a: Goodra\n|-immune|p1a: Goodra\n|\n|-heal|p1a: Goodra|74\/100|[from] item: Leftovers\n|-heal|p2a: Garganacl|77\/100|[from] item: Leftovers\n|-damage|p1a: Goodra|62\/100|[from] Salt Cure\n|upkeep\n|turn|55\n|\n|t:|1700226749\n|move|p1a: Goodra|Flash Cannon|p2a: Garganacl\n|-damage|p2a: Garganacl|59\/100\n|move|p2a: Garganacl|Recover|p2a: Garganacl\n|-heal|p2a: Garganacl|100\/100\n|\n|-heal|p1a: Goodra|68\/100|[from] item: Leftovers\n|-damage|p1a: Goodra|56\/100|[from] Salt Cure\n|upkeep\n|turn|56\n|\n|t:|1700226752\n|move|p1a: Goodra|Life Dew|p1a: Goodra\n|-heal|p1a: Goodra|81\/100\n|move|p2a: Garganacl|Body Press|p1a: Goodra\n|-immune|p1a: Goodra\n|\n|-heal|p1a: Goodra|87\/100|[from] item: Leftovers\n|-damage|p1a: Goodra|74\/100|[from] Salt Cure\n|upkeep\n|turn|57\n|\n|t:|1700226756\n|move|p1a: Goodra|Body Press|p2a: Garganacl\n|-immune|p2a: Garganacl\n|move|p2a: Garganacl|Iron Defense|p2a: Garganacl\n|-boost|p2a: Garganacl|def|0\n|\n|-heal|p1a: Goodra|80\/100|[from] item: Leftovers\n|-damage|p1a: Goodra|68\/100|[from] Salt Cure\n|upkeep\n|turn|58\n|\n|t:|1700226760\n|move|p1a: Goodra|Body Press|p2a: Garganacl\n|-immune|p2a: Garganacl\n|move|p2a: Garganacl|Salt Cure|p1a: Goodra\n|-damage|p1a: Goodra|65\/100\n|\n|-heal|p1a: Goodra|71\/100|[from] item: Leftovers\n|-damage|p1a: Goodra|58\/100|[from] Salt Cure\n|upkeep\n|turn|59\n|\n|t:|1700226764\n|move|p1a: Goodra|Life Dew|p1a: Goodra\n|-heal|p1a: Goodra|83\/100\n|move|p2a: Garganacl|Body Press|p1a: Goodra\n|-immune|p1a: Goodra\n|\n|-heal|p1a: Goodra|89\/100|[from] item: Leftovers\n|-damage|p1a: Goodra|77\/100|[from] Salt Cure\n|upkeep\n|turn|60\n|\n|t:|1700226767\n|move|p1a: Goodra|Body Press|p2a: Garganacl\n|-immune|p2a: Garganacl\n|move|p2a: Garganacl|Body Press|p1a: Goodra\n|-immune|p1a: Goodra\n|\n|-heal|p1a: Goodra|83\/100|[from] item: Leftovers\n|-damage|p1a: Goodra|71\/100|[from] Salt Cure\n|upkeep\n|turn|61\n|\n|t:|1700226772\n|move|p1a: Goodra|Body Press|p2a: Garganacl\n|-immune|p2a: Garganacl\n|move|p2a: Garganacl|Iron Defense|p2a: Garganacl\n|-boost|p2a: Garganacl|def|0\n|\n|-heal|p1a: Goodra|77\/100|[from] item: Leftovers\n|-damage|p1a: Goodra|64\/100|[from] Salt Cure\n|upkeep\n|turn|62\n|\n|t:|1700226780\n|switch|p1a: Clefable|Clefable, F|86\/100\n|move|p2a: Garganacl|Salt Cure|p1a: Clefable\n|-damage|p1a: Clefable|70\/100\n|-start|p1a: Clefable|Salt Cure\n|\n|upkeep\n|turn|63\n|\n|t:|1700226783\n|move|p1a: Clefable|Wish|p1a: Clefable\n|move|p2a: Garganacl|Body Press|p1a: Clefable\n|-resisted|p1a: Clefable\n|-damage|p1a: Clefable|20\/100\n|\n|upkeep\n|turn|64\n|\n|t:|1700226788\n|switch|p1a: Goodra|Goodra-Hisui, F, tera:Ghost|64\/100\n|move|p2a: Garganacl|Salt Cure|p1a: Goodra\n|-damage|p1a: Goodra|53\/100\n|-start|p1a: Goodra|Salt Cure\n|\n|-heal|p1a: Goodra|100\/100|[from] move: Wish|[wisher] Clefable\n|-damage|p1a: Goodra|88\/100|[from] Salt Cure\n|upkeep\n|turn|65\n|\n|t:|1700226796\n|move|p1a: Goodra|Acid Armor|p1a: Goodra\n|-boost|p1a: Goodra|def|2\n|move|p2a: Garganacl|Iron Defense|p2a: Garganacl\n|-boost|p2a: Garganacl|def|0\n|\n|-heal|p1a: Goodra|94\/100|[from] item: Leftovers\n|-damage|p1a: Goodra|82\/100|[from] Salt Cure\n|upkeep\n|turn|66\n|\n|t:|1700226801\n|switch|p2a: Espeon|Espeon, M|83\/100 tox\n|move|p1a: Goodra|Flash Cannon|p2a: Espeon\n|-damage|p2a: Espeon|53\/100 tox\n|\n|-heal|p1a: Goodra|88\/100|[from] item: Leftovers\n|-damage|p2a: Espeon|47\/100 tox|[from] psn\n|-damage|p1a: Goodra|75\/100|[from] Salt Cure\n|upkeep\n|turn|67\n|\n|t:|1700226809\n|switch|p2a: Garganacl|Garganacl, F, shiny, tera:Ghost|100\/100\n|switch|p1a: Landorus|Landorus-Therian, M|78\/100 psn\n|-ability|p1a: Landorus|Intimidate|boost\n|-unboost|p2a: Garganacl|atk|1\n|\n|-heal|p1a: Landorus|84\/100 psn|[from] item: Leftovers\n|-damage|p1a: Landorus|72\/100 psn|[from] psn\n|upkeep\n|turn|68\n|\n|t:|1700226814\n|move|p1a: Landorus|Swords Dance|p1a: Landorus\n|-boost|p1a: Landorus|atk|2\n|move|p2a: Garganacl|Iron Defense|p2a: Garganacl\n|-boost|p2a: Garganacl|def|2\n|\n|-heal|p1a: Landorus|78\/100 psn|[from] item: Leftovers\n|-damage|p1a: Landorus|66\/100 psn|[from] psn\n|upkeep\n|turn|69\n|\n|t:|1700226817\n|move|p1a: Landorus|Swords Dance|p1a: Landorus\n|-boost|p1a: Landorus|atk|2\n|move|p2a: Garganacl|Salt Cure|p1a: Landorus\n|-damage|p1a: Landorus|55\/100 psn\n|-start|p1a: Landorus|Salt Cure\n|\n|-heal|p1a: Landorus|61\/100 psn|[from] item: Leftovers\n|-damage|p1a: Landorus|49\/100 psn|[from] psn\n|-damage|p1a: Landorus|36\/100 psn|[from] Salt Cure\n|upkeep\n|turn|70\n|\n|t:|1700226819\n|move|p1a: Landorus|Earthquake|p2a: Garganacl\n|-damage|p2a: Garganacl|45\/100\n|move|p2a: Garganacl|Iron Defense|p2a: Garganacl\n|-boost|p2a: Garganacl|def|2\n|\n|-heal|p1a: Landorus|43\/100 psn|[from] item: Leftovers\n|-heal|p2a: Garganacl|51\/100|[from] item: Leftovers\n|-damage|p1a: Landorus|30\/100 psn|[from] psn\n|-damage|p1a: Landorus|18\/100 psn|[from] Salt Cure\n|upkeep\n|turn|71\n|\n|t:|1700226823\n|move|p1a: Landorus|Earthquake|p2a: Garganacl\n|-damage|p2a: Garganacl|14\/100\n|move|p2a: Garganacl|Recover|p2a: Garganacl\n|-heal|p2a: Garganacl|64\/100\n|\n|-heal|p1a: Landorus|24\/100 psn|[from] item: Leftovers\n|-heal|p2a: Garganacl|70\/100|[from] item: Leftovers\n|-damage|p1a: Landorus|12\/100 psn|[from] psn\n|-damage|p1a: Landorus|0 fnt|[from] Salt Cure\n|faint|p1a: Landorus\n|upkeep\n|\n|t:|1700226832\n|switch|p1a: Clefable|Clefable, F|20\/100\n|turn|72\n|\n|t:|1700226836\n|move|p1a: Clefable|Wish|p1a: Clefable\n|move|p2a: Garganacl|Salt Cure|p1a: Clefable\n|-crit|p1a: Clefable\n|-damage|p1a: Clefable|0 fnt\n|faint|p1a: Clefable\n|\n|-heal|p2a: Garganacl|76\/100|[from] item: Leftovers\n|upkeep\n|\n|t:|1700226838\n|switch|p1a: Dragapult|Dragapult, F|51\/100\n|turn|73\n|\n|t:|1700226841\n|move|p1a: Dragapult|Hex|p2a: Garganacl\n|-supereffective|p2a: Garganacl\n|-damage|p2a: Garganacl|58\/100\n|move|p2a: Garganacl|Salt Cure|p1a: Dragapult\n|-damage|p1a: Dragapult|39\/100\n|-start|p1a: Dragapult|Salt Cure\n|\n|-heal|p1a: Dragapult|96\/100|[from] move: Wish|[wisher] Clefable\n|-heal|p1a: Dragapult|100\/100|[from] item: Leftovers\n|-heal|p2a: Garganacl|64\/100|[from] item: Leftovers\n|-damage|p1a: Dragapult|88\/100|[from] Salt Cure\n|upkeep\n|turn|74\n|\n|t:|1700226851\n|move|p1a: Dragapult|Hex|p2a: Garganacl\n|-supereffective|p2a: Garganacl\n|-damage|p2a: Garganacl|48\/100\n|move|p2a: Garganacl|Iron Defense|p2a: Garganacl\n|-boost|p2a: Garganacl|def|2\n|\n|-heal|p1a: Dragapult|94\/100|[from] item: Leftovers\n|-heal|p2a: Garganacl|54\/100|[from] item: Leftovers\n|-damage|p1a: Dragapult|82\/100|[from] Salt Cure\n|upkeep\n|turn|75\n|\n|t:|1700226855\n|move|p1a: Dragapult|Hex|p2a: Garganacl\n|-supereffective|p2a: Garganacl\n|-damage|p2a: Garganacl|37\/100\n|move|p2a: Garganacl|Recover|p2a: Garganacl\n|-heal|p2a: Garganacl|87\/100\n|\n|-heal|p1a: Dragapult|88\/100|[from] item: Leftovers\n|-heal|p2a: Garganacl|94\/100|[from] item: Leftovers\n|-damage|p1a: Dragapult|76\/100|[from] Salt Cure\n|upkeep\n|turn|76\n|\n|t:|1700226864\n|move|p1a: Dragapult|Hex|p2a: Garganacl\n|-supereffective|p2a: Garganacl\n|-crit|p2a: Garganacl\n|-damage|p2a: Garganacl|68\/100\n|move|p2a: Garganacl|Iron Defense|p2a: Garganacl\n|-boost|p2a: Garganacl|def|0\n|\n|-heal|p1a: Dragapult|82\/100|[from] item: Leftovers\n|-heal|p2a: Garganacl|75\/100|[from] item: Leftovers\n|-damage|p1a: Dragapult|70\/100|[from] Salt Cure\n|upkeep\n|turn|77\n|\n|t:|1700226868\n|move|p1a: Dragapult|Hex|p2a: Garganacl\n|-supereffective|p2a: Garganacl\n|-damage|p2a: Garganacl|57\/100\n|move|p2a: Garganacl|Salt Cure|p1a: Dragapult\n|-damage|p1a: Dragapult|57\/100\n|\n|-heal|p1a: Dragapult|63\/100|[from] item: Leftovers\n|-heal|p2a: Garganacl|63\/100|[from] item: Leftovers\n|-damage|p1a: Dragapult|51\/100|[from] Salt Cure\n|upkeep\n|turn|78\n|\n|t:|1700226872\n|move|p1a: Dragapult|Hex|p2a: Garganacl\n|-supereffective|p2a: Garganacl\n|-damage|p2a: Garganacl|45\/100\n|move|p2a: Garganacl|Recover|p2a: Garganacl\n|-heal|p2a: Garganacl|95\/100\n|\n|-heal|p1a: Dragapult|57\/100|[from] item: Leftovers\n|-heal|p2a: Garganacl|100\/100|[from] item: Leftovers\n|-damage|p1a: Dragapult|45\/100|[from] Salt Cure\n|upkeep\n|turn|79\n|\n|t:|1700226878\n|move|p1a: Dragapult|Hex|p2a: Garganacl\n|-supereffective|p2a: Garganacl\n|-damage|p2a: Garganacl|84\/100\n|move|p2a: Garganacl|Body Press|p1a: Dragapult\n|-immune|p1a: Dragapult\n|\n|-heal|p1a: Dragapult|51\/100|[from] item: Leftovers\n|-heal|p2a: Garganacl|90\/100|[from] item: Leftovers\n|-damage|p1a: Dragapult|39\/100|[from] Salt Cure\n|upkeep\n|turn|80\n|\n|t:|1700226880\n|move|p1a: Dragapult|Hex|p2a: Garganacl\n|-supereffective|p2a: Garganacl\n|-damage|p2a: Garganacl|74\/100\n|move|p2a: Garganacl|Body Press|p1a: Dragapult\n|-immune|p1a: Dragapult\n|\n|-heal|p1a: Dragapult|45\/100|[from] item: Leftovers\n|-heal|p2a: Garganacl|80\/100|[from] item: Leftovers\n|-damage|p1a: Dragapult|33\/100|[from] Salt Cure\n|upkeep\n|turn|81\n|\n|t:|1700226884\n|move|p1a: Dragapult|Hex|p2a: Garganacl\n|-supereffective|p2a: Garganacl\n|-damage|p2a: Garganacl|61\/100\n|move|p2a: Garganacl|Body Press|p1a: Dragapult\n|-immune|p1a: Dragapult\n|\n|-heal|p1a: Dragapult|39\/100|[from] item: Leftovers\n|-heal|p2a: Garganacl|68\/100|[from] item: Leftovers\n|-damage|p1a: Dragapult|27\/100|[from] Salt Cure\n|upkeep\n|turn|82\n|\n|t:|1700226887\n|move|p1a: Dragapult|Hex|p2a: Garganacl\n|-supereffective|p2a: Garganacl\n|-damage|p2a: Garganacl|49\/100\n|move|p2a: Garganacl|Body Press|p1a: Dragapult\n|-immune|p1a: Dragapult\n|\n|-heal|p1a: Dragapult|33\/100|[from] item: Leftovers\n|-heal|p2a: Garganacl|55\/100|[from] item: Leftovers\n|-damage|p1a: Dragapult|20\/100|[from] Salt Cure\n|upkeep\n|turn|83\n|\n|t:|1700226889\n|move|p1a: Dragapult|Hex|p2a: Garganacl\n|-supereffective|p2a: Garganacl\n|-damage|p2a: Garganacl|36\/100\n|move|p2a: Garganacl|Recover|p2a: Garganacl\n|-heal|p2a: Garganacl|86\/100\n|\n|-heal|p1a: Dragapult|27\/100|[from] item: Leftovers\n|-heal|p2a: Garganacl|92\/100|[from] item: Leftovers\n|-damage|p1a: Dragapult|14\/100|[from] Salt Cure\n|upkeep\n|turn|84\n|\n|t:|1700226893\n|move|p1a: Dragapult|Hex|p2a: Garganacl\n|-supereffective|p2a: Garganacl\n|-damage|p2a: Garganacl|74\/100\n|move|p2a: Garganacl|Salt Cure|p1a: Dragapult\n|-damage|p1a: Dragapult|2\/100\n|\n|-heal|p1a: Dragapult|8\/100|[from] item: Leftovers\n|-heal|p2a: Garganacl|80\/100|[from] item: Leftovers\n|-damage|p1a: Dragapult|0 fnt|[from] Salt Cure\n|faint|p1a: Dragapult\n|upkeep\n|\n|t:|1700226895\n|switch|p1a: Goodra|Goodra-Hisui, F, tera:Ghost|75\/100\n|turn|85\n|\n|t:|1700226898\n|move|p1a: Goodra|Acid Armor|p1a: Goodra\n|-boost|p1a: Goodra|def|2\n|move|p2a: Garganacl|Salt Cure|p1a: Goodra\n|-damage|p1a: Goodra|72\/100\n|-start|p1a: Goodra|Salt Cure\n|\n|-heal|p1a: Goodra|78\/100|[from] item: Leftovers\n|-heal|p2a: Garganacl|86\/100|[from] item: Leftovers\n|-damage|p1a: Goodra|66\/100|[from] Salt Cure\n|upkeep\n|turn|86\n|\n|t:|1700226904\n|move|p1a: Goodra|Life Dew|p1a: Goodra\n|-heal|p1a: Goodra|91\/100\n|move|p2a: Garganacl|Iron Defense|p2a: Garganacl\n|-boost|p2a: Garganacl|def|0\n|\n|-heal|p1a: Goodra|97\/100|[from] item: Leftovers\n|-heal|p2a: Garganacl|93\/100|[from] item: Leftovers\n|-damage|p1a: Goodra|84\/100|[from] Salt Cure\n|upkeep\n|turn|87\n|\n|t:|1700226908\n|move|p1a: Goodra|Flash Cannon|p2a: Garganacl\n|-damage|p2a: Garganacl|73\/100\n|move|p2a: Garganacl|Iron Defense|p2a: Garganacl\n|-boost|p2a: Garganacl|def|0\n|\n|-heal|p1a: Goodra|90\/100|[from] item: Leftovers\n|-heal|p2a: Garganacl|79\/100|[from] item: Leftovers\n|-damage|p1a: Goodra|78\/100|[from] Salt Cure\n|upkeep\n|turn|88\n|\n|t:|1700226917\n|move|p1a: Goodra|Flash Cannon|p2a: Garganacl\n|-damage|p2a: Garganacl|59\/100\n|-unboost|p2a: Garganacl|spd|1\n|move|p2a: Garganacl|Body Press|p1a: Goodra\n|-immune|p1a: Goodra\n|\n|-heal|p1a: Goodra|84\/100|[from] item: Leftovers\n|-heal|p2a: Garganacl|65\/100|[from] item: Leftovers\n|-damage|p1a: Goodra|72\/100|[from] Salt Cure\n|upkeep\n|turn|89\n|\n|t:|1700226921\n|move|p1a: Goodra|Flash Cannon|p2a: Garganacl\n|-damage|p2a: Garganacl|33\/100\n|move|p2a: Garganacl|Body Press|p1a: Goodra\n|-immune|p1a: Goodra\n|\n|-heal|p1a: Goodra|78\/100|[from] item: Leftovers\n|-heal|p2a: Garganacl|40\/100|[from] item: Leftovers\n|-damage|p1a: Goodra|65\/100|[from] Salt Cure\n|upkeep\n|turn|90\n|\n|t:|1700226925\n|move|p1a: Goodra|Flash Cannon|p2a: Garganacl\n|-damage|p2a: Garganacl|8\/100\n|move|p2a: Garganacl|Iron Defense|p2a: Garganacl\n|-boost|p2a: Garganacl|def|0\n|\n|-heal|p1a: Goodra|71\/100|[from] item: Leftovers\n|-heal|p2a: Garganacl|14\/100|[from] item: Leftovers\n|-damage|p1a: Goodra|59\/100|[from] Salt Cure\n|upkeep\n|turn|91\n|\n|t:|1700226928\n|switch|p2a: Umbreon|Umbreon, M, shiny|77\/100\n|-status|p2a: Umbreon|tox\n|move|p1a: Goodra|Flash Cannon|p2a: Umbreon\n|-damage|p2a: Umbreon|57\/100 tox\n|\n|-heal|p1a: Goodra|65\/100|[from] item: Leftovers\n|-heal|p2a: Umbreon|63\/100 tox|[from] item: Leftovers\n|-damage|p2a: Umbreon|57\/100 tox|[from] psn\n|-damage|p1a: Goodra|53\/100|[from] Salt Cure\n|upkeep\n|turn|92\n|\n|t:|1700226930\n|move|p1a: Goodra|Body Press|p2a: Umbreon\n|-supereffective|p2a: Umbreon\n|-damage|p2a: Umbreon|1\/100 tox\n|move|p2a: Umbreon|Wish|p2a: Umbreon\n|\n|-heal|p1a: Goodra|59\/100|[from] item: Leftovers\n|-heal|p2a: Umbreon|7\/100 tox|[from] item: Leftovers\n|-damage|p2a: Umbreon|0 fnt|[from] psn\n|faint|p2a: Umbreon\n|-damage|p1a: Goodra|46\/100|[from] Salt Cure\n|upkeep\n|\n|t:|1700226934\n|switch|p2a: Espeon|Espeon, M|47\/100 tox\n|turn|93\n|\n|t:|1700226946\n|move|p2a: Espeon|Psyshock|p1a: Goodra\n|-crit|p1a: Goodra\n|-damage|p1a: Goodra|6\/100\n|move|p1a: Goodra|Flash Cannon|p2a: Espeon\n|-damage|p2a: Espeon|20\/100 tox\n|\n|-heal|p2a: Espeon|79\/100 tox|[from] move: Wish|[wisher] Umbreon\n|-heal|p1a: Goodra|12\/100|[from] item: Leftovers\n|-damage|p2a: Espeon|73\/100 tox|[from] psn\n|-damage|p1a: Goodra|0 fnt|[from] Salt Cure\n|faint|p1a: Goodra\n|upkeep\n|\n|t:|1700226949\n|switch|p1a: Cinderace|Cinderace, M|33\/100\n|turn|94\n|\n|t:|1700226952\n|move|p2a: Espeon|Psyshock|p1a: Cinderace\n|-damage|p1a: Cinderace|0 fnt\n|faint|p1a: Cinderace\n|\n|win|liaoya\n|raw|Speectrum's rating: 1467 &rarr; <strong>1452<\/strong><br \/>(-15 for losing)\n|raw|liaoya's rating: 1564 &rarr; <strong>1579<\/strong><br \/>(+15 for winning)\n|c|\u2606Speectrum|fucking hell\n|c|\u2606Speectrum|i forgot\n|c|\u2606Speectrum|fucking waste of my time\n|c|\u2606Speectrum|amazing\n|l|\u2606Speectrum\n","uploadtime":1700226956,"views":13,"p1id":"speectrum","p2id":"liaoya","formatid":"gen9ou","rating":1452,"private":0,"password":""}