{"id":"gen9ou-1999738335","p1":"fredu18","p2":"RainDanceGallade","format":"[Gen 9] OU","log":"|j|\u2606fredu18\n|j|\u2606RainDanceGallade\n|t:|1701112329\n|gametype|singles\n|player|p1|fredu18|richboy-gen4|1326\n|player|p2|RainDanceGallade|101|1363\n|teamsize|p1|6\n|teamsize|p2|6\n|gen|9\n|tier|[Gen 9] OU\n|rated|\n|rule|Sleep Clause Mod: Limit one foe put to sleep\n|rule|Species Clause: Limit one of each Pok\u00e9mon\n|rule|OHKO Clause: OHKO moves are banned\n|rule|Evasion Items Clause: Evasion items are banned\n|rule|Evasion Moves Clause: Evasion moves are banned\n|rule|Endless Battle Clause: Forcing endless battles is banned\n|rule|HP Percentage Mod: HP is shown in percentages\n|clearpoke\n|poke|p1|Ogerpon-Wellspring, F|\n|poke|p1|Zapdos|\n|poke|p1|Scizor, F|\n|poke|p1|Enamorus, F|\n|poke|p1|Garchomp, F|\n|poke|p1|Cinderace, F|\n|poke|p2|Iron Valiant|\n|poke|p2|Iron Treads|\n|poke|p2|Kingambit, F|\n|poke|p2|Zamazenta-*|\n|poke|p2|Ninetales-Alola, F|\n|poke|p2|Enamorus, F|\n|teampreview\n|inactive|Battle timer is ON: inactive players will automatically lose when time's up. (requested by RainDanceGallade)\n|\n|t:|1701112341\n|start\n|switch|p1a: Scizor|Scizor, F|100\/100\n|switch|p2a: Iron Treads|Iron Treads|100\/100\n|-enditem|p2a: Iron Treads|Booster Energy\n|-activate|p2a: Iron Treads|ability: Quark Drive|[fromitem]\n|-start|p2a: Iron Treads|quarkdrivespe\n|turn|1\n|\n|t:|1701112350\n|switch|p1a: Zapdos|Zapdos|100\/100\n|move|p2a: Iron Treads|Stealth Rock|p1a: Zapdos\n|-sidestart|p1: fredu18|move: Stealth Rock\n|\n|upkeep\n|turn|2\n|\n|t:|1701112356\n|move|p2a: Iron Treads|Steel Beam|p1a: Zapdos|[miss]\n|-miss|p2a: Iron Treads|p1a: Zapdos\n|-damage|p2a: Iron Treads|50\/100|[from] steelbeam\n|move|p1a: Zapdos|Hurricane|p2a: Iron Treads|[miss]\n|-miss|p1a: Zapdos|p2a: Iron Treads\n|\n|upkeep\n|turn|3\n|\n|t:|1701112366\n|move|p2a: Iron Treads|Steel Beam|p1a: Zapdos\n|-resisted|p1a: Zapdos\n|-damage|p1a: Zapdos|73\/100\n|-damage|p2a: Iron Treads|0 fnt|[from] steelbeam\n|faint|p2a: Iron Treads\n|-end|p2a: Iron Treads|Quark Drive|[silent]\n|move|p1a: Zapdos|Roost|p1a: Zapdos\n|-heal|p1a: Zapdos|100\/100\n|-singleturn|p1a: Zapdos|move: Roost\n|\n|upkeep\n|\n|t:|1701112373\n|switch|p2a: Iron Valiant|Iron Valiant|100\/100\n|-enditem|p2a: Iron Valiant|Booster Energy\n|-activate|p2a: Iron Valiant|ability: Quark Drive|[fromitem]\n|-start|p2a: Iron Valiant|quarkdrivespe\n|turn|4\n|\n|t:|1701112381\n|move|p2a: Iron Valiant|Encore|p1a: Zapdos\n|-start|p1a: Zapdos|Encore\n|move|p1a: Zapdos|Roost||[still]\n|-fail|p1a: Zapdos|heal\n|\n|upkeep\n|turn|5\n|\n|t:|1701112398\n|switch|p1a: Cinderace|Cinderace, F|100\/100\n|move|p2a: Iron Valiant|Swords Dance|p2a: Iron Valiant\n|-boost|p2a: Iron Valiant|atk|2\n|\n|upkeep\n|turn|6\n|\n|t:|1701112418\n|move|p2a: Iron Valiant|Close Combat|p1a: Cinderace\n|-damage|p1a: Cinderace|0 fnt\n|-unboost|p2a: Iron Valiant|def|1\n|-unboost|p2a: Iron Valiant|spd|1\n|faint|p1a: Cinderace\n|\n|upkeep\n|\n|t:|1701112425\n|switch|p1a: Scizor|Scizor, F|100\/100\n|-damage|p1a: Scizor|88\/100|[from] Stealth Rock\n|turn|7\n|inactive|RainDanceGallade has 120 seconds left.\n|\n|t:|1701112456\n|move|p1a: Scizor|Bullet Punch|p2a: Iron Valiant\n|-supereffective|p2a: Iron Valiant\n|-damage|p2a: Iron Valiant|0 fnt\n|faint|p2a: Iron Valiant\n|-end|p2a: Iron Valiant|Quark Drive|[silent]\n|-damage|p1a: Scizor|78\/100|[from] item: Life Orb\n|\n|upkeep\n|\n|t:|1701112458\n|switch|p2a: Ninetales|Ninetales-Alola, F|100\/100\n|-weather|Snow|[from] ability: Snow Warning|[of] p2a: Ninetales\n|turn|8\n|inactive|RainDanceGallade has 120 seconds left.\n|\n|t:|1701112470\n|-terastallize|p2a: Ninetales|Ghost\n|move|p1a: Scizor|Bullet Punch|p2a: Ninetales\n|-damage|p2a: Ninetales|42\/100\n|-damage|p1a: Scizor|68\/100|[from] item: Life Orb\n|move|p2a: Ninetales|Aurora Veil|p2a: Ninetales\n|-sidestart|p2: RainDanceGallade|move: Aurora Veil\n|\n|-weather|Snow|[upkeep]\n|upkeep\n|turn|9\n|\n|t:|1701112479\n|move|p2a: Ninetales|Freeze-Dry|p1a: Scizor\n|-resisted|p1a: Scizor\n|-damage|p1a: Scizor|52\/100\n|move|p1a: Scizor|Defog|p2a: Ninetales\n|-unboost|p2a: Ninetales|evasion|1\n|-sideend|p2: RainDanceGallade|move: Aurora Veil\n|-sideend|p1: fredu18|Stealth Rock|[from] move: Defog|[of] p1a: Scizor\n|\n|-weather|Snow|[upkeep]\n|upkeep\n|turn|10\n|\n|t:|1701112489\n|move|p1a: Scizor|Bullet Punch|p2a: Ninetales\n|-damage|p2a: Ninetales|0 fnt\n|faint|p2a: Ninetales\n|-damage|p1a: Scizor|42\/100|[from] item: Life Orb\n|\n|-weather|Snow|[upkeep]\n|upkeep\n|\n|t:|1701112502\n|switch|p2a: Enamorus|Enamorus, F|100\/100\n|turn|11\n|\n|t:|1701112505\n|move|p1a: Scizor|Bullet Punch|p2a: Enamorus\n|-supereffective|p2a: Enamorus\n|-crit|p2a: Enamorus\n|-damage|p2a: Enamorus|0 fnt\n|faint|p2a: Enamorus\n|-damage|p1a: Scizor|32\/100|[from] item: Life Orb\n|\n|-weather|Snow|[upkeep]\n|upkeep\n|\n|t:|1701112507\n|switch|p2a: Zamazenta|Zamazenta|100\/100\n|-ability|p2a: Zamazenta|Dauntless Shield|boost\n|-boost|p2a: Zamazenta|def|1\n|turn|12\n|\n|t:|1701112519\n|move|p2a: Zamazenta|Close Combat|p1a: Scizor\n|-damage|p1a: Scizor|0 fnt\n|-unboost|p2a: Zamazenta|def|1\n|-unboost|p2a: Zamazenta|spd|1\n|faint|p1a: Scizor\n|\n|-weather|none\n|upkeep\n|\n|t:|1701112527\n|switch|p1a: Enamorus|Enamorus, F|100\/100\n|turn|13\n|\n|t:|1701112530\n|switch|p2a: Kingambit|Kingambit, F|100\/100\n|-activate|p2a: Kingambit|ability: Supreme Overlord\n|-start|p2a: Kingambit|fallen4|[silent]\n|move|p1a: Enamorus|Moonblast|p2a: Kingambit\n|-damage|p2a: Kingambit|41\/100\n|\n|upkeep\n|turn|14\n|\n|t:|1701112539\n|-terastallize|p1a: Enamorus|Steel\n|move|p1a: Enamorus|Moonblast|p2a: Kingambit\n|-damage|p2a: Kingambit|0 fnt\n|faint|p2a: Kingambit\n|-end|p2a: Kingambit|fallen4|[silent]\n|\n|upkeep\n|\n|t:|1701112541\n|switch|p2a: Zamazenta|Zamazenta|100\/100\n|turn|15\n|\n|t:|1701112549\n|move|p1a: Enamorus|Moonblast|p2a: Zamazenta\n|-supereffective|p2a: Zamazenta\n|-damage|p2a: Zamazenta|4\/100\n|-unboost|p2a: Zamazenta|spa|1\n|move|p2a: Zamazenta|Close Combat|p1a: Enamorus\n|-supereffective|p1a: Enamorus\n|-damage|p1a: Enamorus|0 fnt\n|-unboost|p2a: Zamazenta|def|1\n|-unboost|p2a: Zamazenta|spd|1\n|faint|p1a: Enamorus\n|\n|upkeep\n|\n|t:|1701112560\n|switch|p1a: Garchomp|Garchomp, F|100\/100\n|turn|16\n|\n|t:|1701112565\n|move|p2a: Zamazenta|Close Combat|p1a: Garchomp\n|-damage|p1a: Garchomp|16\/100\n|-unboost|p2a: Zamazenta|def|1\n|-unboost|p2a: Zamazenta|spd|1\n|-damage|p2a: Zamazenta|0 fnt|[from] ability: Rough Skin|[of] p1a: Garchomp\n|faint|p2a: Zamazenta\n|\n|win|fredu18\n|raw|fredu18's rating: 1326 &rarr; <strong>1348<\/strong><br \/>(+22 for winning)\n|raw|RainDanceGallade's rating: 1363 &rarr; <strong>1341<\/strong><br \/>(-22 for losing)\n|l|\u2606RainDanceGallade\n","uploadtime":1701112591,"views":16,"p1id":"fredu18","p2id":"raindancegallade","formatid":"gen9ou","rating":1341,"private":0,"password":""}