{"id":"gen9ou-1995650149","p1":"Kenetto108","p2":"greenknuckle","format":"[Gen 9] OU","log":"|j|\u2606Kenetto108\n|j|\u2606greenknuckle\n|t:|1700590772\n|gametype|singles\n|player|p1|Kenetto108|lusamine-nihilego|1477\n|player|p2|greenknuckle|101|1423\n|teamsize|p1|6\n|teamsize|p2|6\n|gen|9\n|tier|[Gen 9] OU\n|rated|\n|rule|Sleep Clause Mod: Limit one foe put to sleep\n|rule|Species Clause: Limit one of each Pok\u00e9mon\n|rule|OHKO Clause: OHKO moves are banned\n|rule|Evasion Items Clause: Evasion items are banned\n|rule|Evasion Moves Clause: Evasion moves are banned\n|rule|Endless Battle Clause: Forcing endless battles is banned\n|rule|HP Percentage Mod: HP is shown in percentages\n|clearpoke\n|poke|p1|Volcanion|\n|poke|p1|Ribombee, F|\n|poke|p1|Gholdengo|\n|poke|p1|Kommo-o, M|\n|poke|p1|Zapdos|\n|poke|p1|Glimmora, M|\n|poke|p2|Manaphy|\n|poke|p2|Kingambit, M|\n|poke|p2|Ribombee, M|\n|poke|p2|Gholdengo|\n|poke|p2|Iron Moth|\n|poke|p2|Ogerpon-Wellspring, F|\n|teampreview\n|inactive|Battle timer is ON: inactive players will automatically lose when time's up. (requested by Kenetto108)\n|inactive|Kenetto108 has 120 seconds left.\n|inactive|Kenetto108 has 90 seconds left.\n|\n|t:|1700590838\n|start\n|switch|p1a: Ribombee|Ribombee, F|100\/100\n|switch|p2a: Ribombee|Ribombee, M, shiny|100\/100\n|turn|1\n|\n|t:|1700590841\n|move|p1a: Ribombee|Sticky Web|p2a: Ribombee\n|-sidestart|p2: greenknuckle|move: Sticky Web\n|move|p2a: Ribombee|Sticky Web|p1a: Ribombee\n|-sidestart|p1: Kenetto108|move: Sticky Web\n|\n|upkeep\n|turn|2\n|\n|t:|1700590845\n|move|p1a: Ribombee|Moonblast|p2a: Ribombee\n|-damage|p2a: Ribombee|29\/100\n|move|p2a: Ribombee|Moonblast|p1a: Ribombee\n|-damage|p1a: Ribombee|33\/100\n|\n|upkeep\n|turn|3\n|\n|t:|1700590849\n|move|p1a: Ribombee|Moonblast|p2a: Ribombee\n|-damage|p2a: Ribombee|0 fnt\n|faint|p2a: Ribombee\n|\n|upkeep\n|c|\u2606greenknuckle|Winning 3\/3 speedties must be nice\n|c|\u2606Kenetto108|Unfortnite\n|inactive|greenknuckle has 120 seconds left.\n|\n|t:|1700590888\n|switch|p2a: Kingambit|Kingambit, M|100\/100\n|-activate|p2a: Kingambit|move: Sticky Web\n|-unboost|p2a: Kingambit|spe|1\n|-activate|p2a: Kingambit|ability: Supreme Overlord\n|-start|p2a: Kingambit|fallen1|[silent]\n|turn|4\n|\n|t:|1700590890\n|move|p2a: Kingambit|Sucker Punch||[still]\n|-fail|p2a: Kingambit\n|move|p1a: Ribombee|Stun Spore|p2a: Kingambit|[miss]\n|-miss|p1a: Ribombee|p2a: Kingambit\n|\n|upkeep\n|turn|5\n|\n|t:|1700590897\n|switch|p1a: Glimmora|Glimmora, M|100\/100\n|-activate|p1a: Glimmora|move: Sticky Web\n|-unboost|p1a: Glimmora|spe|1\n|move|p2a: Kingambit|Kowtow Cleave|p1a: Glimmora\n|-damage|p1a: Glimmora|56\/100\n|-activate|p1a: Glimmora|ability: Toxic Debris\n|-sidestart|p2: greenknuckle|move: Toxic Spikes\n|-enditem|p1a: Glimmora|Red Card|[of] p2a: Kingambit\n|-end|p2a: Kingambit|fallen1|[silent]\n|drag|p2a: Gholdengo|Gholdengo|100\/100\n|-item|p2a: Gholdengo|Air Balloon\n|\n|upkeep\n|turn|6\n|\n|t:|1700590909\n|switch|p1a: Ribombee|Ribombee, F|33\/100\n|-activate|p1a: Ribombee|move: Sticky Web\n|-unboost|p1a: Ribombee|spe|1\n|move|p2a: Gholdengo|Psyshock|p1a: Ribombee\n|-damage|p1a: Ribombee|0 fnt\n|faint|p1a: Ribombee\n|\n|upkeep\n|\n|t:|1700590911\n|switch|p1a: Zapdos|Zapdos|100\/100\n|turn|7\n|\n|t:|1700590918\n|move|p1a: Zapdos|Discharge|p2a: Gholdengo\n|-damage|p2a: Gholdengo|66\/100\n|-status|p2a: Gholdengo|par\n|-enditem|p2a: Gholdengo|Air Balloon\n|move|p2a: Gholdengo|Nasty Plot|p2a: Gholdengo\n|-boost|p2a: Gholdengo|spa|2\n|\n|upkeep\n|turn|8\n|c|\u2606greenknuckle|This ist ridiculous\n|c|\u2606greenknuckle|4x luck within 8 turns wtf\n|inactive|greenknuckle has 120 seconds left.\n|c|\u2606Kenetto108|Tis the game we play :<\n|inactive|greenknuckle has 90 seconds left.\n|\n|t:|1700590992\n|move|p1a: Zapdos|U-turn|p2a: Gholdengo\n|-resisted|p2a: Gholdengo\n|-damage|p2a: Gholdengo|63\/100 par\n|\n|t:|1700590995\n|switch|p1a: Kommo-o|Kommo-o, M|100\/100|[from] U-turn\n|-activate|p1a: Kommo-o|move: Sticky Web\n|-unboost|p1a: Kommo-o|spe|1\n|move|p2a: Gholdengo|Shadow Ball|p1a: Kommo-o\n|-immune|p1a: Kommo-o|[from] ability: Bulletproof\n|\n|upkeep\n|turn|9\n|inactive|greenknuckle has 90 seconds left.\n|\n|t:|1700591001\n|move|p1a: Kommo-o|Substitute|p1a: Kommo-o\n|-start|p1a: Kommo-o|Substitute\n|-damage|p1a: Kommo-o|75\/100\n|move|p2a: Gholdengo|Make It Rain|p1a: Kommo-o\n|-end|p1a: Kommo-o|Substitute\n|-unboost|p2a: Gholdengo|spa|1\n|\n|upkeep\n|turn|10\n|\n|t:|1700591004\n|move|p1a: Kommo-o|Substitute|p1a: Kommo-o\n|-start|p1a: Kommo-o|Substitute\n|-damage|p1a: Kommo-o|50\/100\n|move|p2a: Gholdengo|Psyshock|p1a: Kommo-o\n|-supereffective|p1a: Kommo-o\n|-end|p1a: Kommo-o|Substitute\n|\n|upkeep\n|turn|11\n|\n|t:|1700591009\n|move|p1a: Kommo-o|Substitute|p1a: Kommo-o\n|-start|p1a: Kommo-o|Substitute\n|-damage|p1a: Kommo-o|25\/100\n|cant|p2a: Gholdengo|par\n|\n|upkeep\n|turn|12\n|\n|t:|1700591012\n|move|p1a: Kommo-o|Fire Punch|p2a: Gholdengo\n|-supereffective|p2a: Gholdengo\n|-damage|p2a: Gholdengo|22\/100 par\n|move|p2a: Gholdengo|Psyshock|p1a: Kommo-o\n|-supereffective|p1a: Kommo-o\n|-end|p1a: Kommo-o|Substitute\n|\n|upkeep\n|turn|13\n|\n|t:|1700591014\n|move|p1a: Kommo-o|Fire Punch|p2a: Gholdengo\n|-supereffective|p2a: Gholdengo\n|-damage|p2a: Gholdengo|0 fnt\n|faint|p2a: Gholdengo\n|\n|upkeep\n|\n|t:|1700591021\n|switch|p2a: Iron Moth|Iron Moth|100\/100\n|-activate|p2a: Iron Moth|move: Sticky Web\n|-unboost|p2a: Iron Moth|spe|1\n|-sideend|p2: greenknuckle|move: Toxic Spikes|[of] p2a: Iron Moth\n|-enditem|p2a: Iron Moth|Booster Energy\n|-activate|p2a: Iron Moth|ability: Quark Drive|[fromitem]\n|-start|p2a: Iron Moth|quarkdrivespa\n|turn|14\n|\n|t:|1700591030\n|move|p2a: Iron Moth|Dazzling Gleam|p1a: Kommo-o\n|-supereffective|p1a: Kommo-o\n|-damage|p1a: Kommo-o|0 fnt\n|faint|p1a: Kommo-o\n|\n|upkeep\n|\n|t:|1700591035\n|switch|p1a: Volcanion|Volcanion|100\/100\n|-activate|p1a: Volcanion|move: Sticky Web\n|-unboost|p1a: Volcanion|spe|1\n|turn|15\n|\n|t:|1700591040\n|move|p1a: Volcanion|Flamethrower|p2a: Iron Moth\n|-resisted|p2a: Iron Moth\n|-damage|p2a: Iron Moth|75\/100\n|move|p2a: Iron Moth|Psychic|p1a: Volcanion\n|-damage|p1a: Volcanion|54\/100\n|\n|upkeep\n|turn|16\n|\n|t:|1700591045\n|switch|p1a: Glimmora|Glimmora, M|56\/100\n|-activate|p1a: Glimmora|move: Sticky Web\n|-unboost|p1a: Glimmora|spe|1\n|move|p2a: Iron Moth|Psychic|p1a: Glimmora\n|-supereffective|p1a: Glimmora\n|-damage|p1a: Glimmora|0 fnt\n|faint|p1a: Glimmora\n|\n|upkeep\n|\n|t:|1700591049\n|switch|p1a: Volcanion|Volcanion|54\/100\n|-activate|p1a: Volcanion|move: Sticky Web\n|-unboost|p1a: Volcanion|spe|1\n|turn|17\n|\n|t:|1700591052\n|-end|p2a: Iron Moth|Quark Drive|[silent]\n|switch|p2a: Ogerpon|Ogerpon-Wellspring, F|100\/100\n|-activate|p2a: Ogerpon|move: Sticky Web\n|-unboost|p2a: Ogerpon|spe|1\n|move|p1a: Volcanion|Steam Eruption|p2a: Ogerpon\n|-immune|p2a: Ogerpon|[from] ability: Water Absorb\n|\n|upkeep\n|turn|18\n|\n|t:|1700591057\n|switch|p1a: Zapdos|Zapdos|100\/100\n|move|p2a: Ogerpon|Ivy Cudgel|p1a: Zapdos|[anim] Ivy Cudgel Water\n|-damage|p1a: Zapdos|44\/100\n|\n|upkeep\n|turn|19\n|\n|t:|1700591062\n|-terastallize|p2a: Ogerpon|Water\n|detailschange|p2a: Ogerpon|Ogerpon-Wellspring-Tera, F, tera:Water\n|-ability|p2a: Ogerpon|Embody Aspect (Wellspring)|boost\n|-boost|p2a: Ogerpon|spd|1\n|move|p1a: Zapdos|Roost|p1a: Zapdos\n|-heal|p1a: Zapdos|94\/100\n|-singleturn|p1a: Zapdos|move: Roost\n|move|p2a: Ogerpon|Ivy Cudgel|p1a: Zapdos|[anim] Ivy Cudgel Water\n|-damage|p1a: Zapdos|26\/100\n|\n|upkeep\n|turn|20\n|\n|t:|1700591068\n|move|p1a: Zapdos|Discharge|p2a: Ogerpon\n|-supereffective|p2a: Ogerpon\n|-damage|p2a: Ogerpon|49\/100\n|move|p2a: Ogerpon|Ivy Cudgel|p1a: Zapdos|[anim] Ivy Cudgel Water\n|-damage|p1a: Zapdos|0 fnt\n|faint|p1a: Zapdos\n|\n|upkeep\n|\n|t:|1700591074\n|switch|p1a: Volcanion|Volcanion|54\/100\n|-activate|p1a: Volcanion|move: Sticky Web\n|-unboost|p1a: Volcanion|spe|1\n|turn|21\n|\n|t:|1700591080\n|move|p1a: Volcanion|Steam Eruption|p2a: Ogerpon\n|-resisted|p2a: Ogerpon\n|-damage|p2a: Ogerpon|25\/100\n|move|p2a: Ogerpon|Power Whip|p1a: Volcanion\n|-damage|p1a: Volcanion|0 fnt\n|faint|p1a: Volcanion\n|\n|upkeep\n|\n|t:|1700591086\n|switch|p1a: Gholdengo|Gholdengo|100\/100\n|-activate|p1a: Gholdengo|move: Sticky Web\n|-unboost|p1a: Gholdengo|spe|1\n|turn|22\n|\n|t:|1700591093\n|move|p2a: Ogerpon|Ivy Cudgel|p1a: Gholdengo|[anim] Ivy Cudgel Water\n|-damage|p1a: Gholdengo|36\/100\n|move|p1a: Gholdengo|Hex|p2a: Ogerpon\n|-damage|p2a: Ogerpon|0 fnt\n|faint|p2a: Ogerpon\n|\n|-heal|p1a: Gholdengo|42\/100|[from] item: Leftovers\n|upkeep\n|\n|t:|1700591097\n|switch|p2a: Iron Moth|Iron Moth|75\/100\n|-activate|p2a: Iron Moth|move: Sticky Web\n|-unboost|p2a: Iron Moth|spe|1\n|turn|23\n|\n|t:|1700591100\n|-terastallize|p1a: Gholdengo|Fighting\n|move|p2a: Iron Moth|Fiery Dance|p1a: Gholdengo\n|-damage|p1a: Gholdengo|7\/100\n|-boost|p2a: Iron Moth|spa|1\n|move|p1a: Gholdengo|Hex|p2a: Iron Moth\n|-damage|p2a: Iron Moth|42\/100\n|\n|-heal|p1a: Gholdengo|13\/100|[from] item: Leftovers\n|upkeep\n|turn|24\n|c|\u2606Kenetto108|Gg\n|c|\u2606greenknuckle|More of a BG\n|c|\u2606greenknuckle|But yeah, ggwp\n|\n|t:|1700591119\n|move|p2a: Iron Moth|Fiery Dance|p1a: Gholdengo\n|-damage|p1a: Gholdengo|0 fnt\n|faint|p1a: Gholdengo\n|\n|win|greenknuckle\n|raw|Kenetto108's rating: 1477 &rarr; <strong>1454<\/strong><br \/>(-23 for losing)\n|raw|greenknuckle's rating: 1423 &rarr; <strong>1446<\/strong><br \/>(+23 for winning)\n|c|\u2606Kenetto108|You won tho?\n","uploadtime":1700591123,"views":1,"p1id":"kenetto108","p2id":"greenknuckle","formatid":"gen9ou","rating":1446,"private":0,"password":""}