{"id":"gen9ou-1995354490","p1":"inori_sbb","p2":"JachiMalz","format":"[Gen 9] OU","log":"|j|\u2606inori_sbb\n|j|\u2606JachiMalz\n|t:|1700558823\n|gametype|singles\n|player|p1|inori_sbb|170|1168\n|player|p2|JachiMalz|rocketgruntf|1263\n|teamsize|p1|6\n|teamsize|p2|6\n|gen|9\n|tier|[Gen 9] OU\n|rated|\n|rule|Sleep Clause Mod: Limit one foe put to sleep\n|rule|Species Clause: Limit one of each Pok\u00e9mon\n|rule|OHKO Clause: OHKO moves are banned\n|rule|Evasion Items Clause: Evasion items are banned\n|rule|Evasion Moves Clause: Evasion moves are banned\n|rule|Endless Battle Clause: Forcing endless battles is banned\n|rule|HP Percentage Mod: HP is shown in percentages\n|clearpoke\n|poke|p1|Kingambit, F|\n|poke|p1|Great Tusk|\n|poke|p1|Dragapult, M|\n|poke|p1|Ogerpon-Wellspring, F|\n|poke|p1|Blissey, F|\n|poke|p1|Zapdos|\n|poke|p2|Carbink|\n|poke|p2|Weezing-Galar, F|\n|poke|p2|Enamorus-Therian, F|\n|poke|p2|Hatterene, F|\n|poke|p2|Kingambit, M|\n|poke|p2|Gardevoir, F|\n|teampreview\n|inactive|Battle timer is ON: inactive players will automatically lose when time's up. (requested by inori_sbb)\n|\n|t:|1700558827\n|start\n|switch|p1a: Great Tusk|Great Tusk|100\/100\n|switch|p2a: Hatterene|Hatterene, F|100\/100\n|turn|1\n|\n|t:|1700558832\n|-end|p1a: Great Tusk|Protosynthesis|[silent]\n|switch|p1a: Blissey|Blissey, F|100\/100\n|move|p2a: Hatterene|Trick Room|p2a: Hatterene\n|-fieldstart|move: Trick Room|[of] p2a: Hatterene\n|\n|upkeep\n|turn|2\n|\n|t:|1700558840\n|move|p2a: Hatterene|Misty Explosion|p1a: Blissey\n|-damage|p1a: Blissey|79\/100\n|faint|p2a: Hatterene\n|move|p1a: Blissey|Shadow Ball|p2: Hatterene|[notarget]\n|-fail|p1a: Blissey\n|\n|upkeep\n|\n|t:|1700558843\n|switch|p2a: Kingambit|Kingambit, M|100\/100\n|-activate|p2a: Kingambit|ability: Supreme Overlord\n|-start|p2a: Kingambit|fallen1|[silent]\n|turn|3\n|\n|t:|1700558847\n|switch|p1a: Zapdos|Zapdos|100\/100\n|move|p2a: Kingambit|Swords Dance|p2a: Kingambit\n|-boost|p2a: Kingambit|atk|2\n|\n|upkeep\n|turn|4\n|\n|t:|1700558852\n|move|p2a: Kingambit|Kowtow Cleave|p1a: Zapdos\n|-damage|p1a: Zapdos|0 fnt\n|faint|p1a: Zapdos\n|\n|upkeep\n|\n|t:|1700558859\n|switch|p1a: Great Tusk|Great Tusk|100\/100\n|turn|5\n|\n|t:|1700558865\n|-terastallize|p2a: Kingambit|Fairy\n|move|p2a: Kingambit|Tera Blast|p1a: Great Tusk|[anim] Tera Blast Fairy\n|-supereffective|p1a: Great Tusk\n|-damage|p1a: Great Tusk|0 fnt\n|faint|p1a: Great Tusk\n|-end|p1a: Great Tusk|Protosynthesis|[silent]\n|\n|-fieldend|move: Trick Room\n|upkeep\n|\n|t:|1700558872\n|switch|p1a: Ogerpon|Ogerpon-Wellspring, F|100\/100\n|turn|6\n|\n|t:|1700558876\n|-terastallize|p1a: Ogerpon|Water\n|detailschange|p1a: Ogerpon|Ogerpon-Wellspring-Tera, F, tera:Water\n|-ability|p1a: Ogerpon|Embody Aspect (Wellspring)|boost\n|-boost|p1a: Ogerpon|spd|1\n|move|p1a: Ogerpon|Ivy Cudgel|p2a: Kingambit|[anim] Ivy Cudgel Water\n|-crit|p2a: Kingambit\n|-damage|p2a: Kingambit|16\/100\n|move|p2a: Kingambit|Kowtow Cleave|p1a: Ogerpon\n|-damage|p1a: Ogerpon|0 fnt\n|faint|p1a: Ogerpon\n|\n|upkeep\n|\n|t:|1700558887\n|switch|p1a: Dragapult|Dragapult, M|100\/100\n|turn|7\n|\n|t:|1700558889\n|-end|p2a: Kingambit|fallen1|[silent]\n|switch|p2a: Gardevoir|Gardevoir, F|100\/100\n|-ability|p2a: Gardevoir|Infiltrator|[from] ability: Trace|[of] p1a: Dragapult\n|move|p1a: Dragapult|Flamethrower|p2a: Gardevoir\n|-crit|p2a: Gardevoir\n|-damage|p2a: Gardevoir|48\/100\n|\n|upkeep\n|turn|8\n|\n|t:|1700558893\n|switch|p2a: Weezing|Weezing-Galar, F|100\/100\n|-fieldstart|move: Misty Terrain|[from] ability: Misty Surge|[of] p2a: Weezing\n|move|p1a: Dragapult|Flamethrower|p2a: Weezing\n|-damage|p2a: Weezing|45\/100\n|\n|upkeep\n|turn|9\n|\n|t:|1700558897\n|move|p1a: Dragapult|Flamethrower|p2a: Weezing\n|-damage|p2a: Weezing|0 fnt\n|faint|p2a: Weezing\n|\n|upkeep\n|\n|t:|1700558899\n|switch|p2a: Carbink|Carbink|100\/100\n|turn|10\n|\n|t:|1700558905\n|switch|p1a: Kingambit|Kingambit, F|100\/100\n|-activate|p1a: Kingambit|ability: Supreme Overlord\n|-start|p1a: Kingambit|fallen3|[silent]\n|move|p2a: Carbink|Trick Room|p2a: Carbink\n|-fieldstart|move: Trick Room|[of] p2a: Carbink\n|\n|upkeep\n|turn|11\n|\n|t:|1700558909\n|move|p2a: Carbink|Misty Explosion|p1a: Kingambit\n|-damage|p1a: Kingambit|48\/100\n|faint|p2a: Carbink\n|move|p1a: Kingambit|Iron Head|p2: Carbink|[notarget]\n|-fail|p1a: Kingambit\n|\n|upkeep\n|\n|t:|1700558913\n|switch|p2a: Enamorus|Enamorus-Therian, F|100\/100\n|turn|12\n|\n|t:|1700558917\n|move|p2a: Enamorus|Misty Explosion|p1a: Kingambit\n|-damage|p1a: Kingambit|0 fnt\n|faint|p2a: Enamorus\n|faint|p1a: Kingambit\n|-end|p1a: Kingambit|fallen3|[silent]\n|\n|-fieldend|Misty Terrain\n|upkeep\n|\n|t:|1700558924\n|switch|p2a: Kingambit|Kingambit, M, tera:Fairy|16\/100\n|switch|p1a: Blissey|Blissey, F|79\/100\n|-activate|p2a: Kingambit|ability: Supreme Overlord\n|-start|p2a: Kingambit|fallen4|[silent]\n|turn|13\n|\n|t:|1700558927\n|move|p2a: Kingambit|Kowtow Cleave|p1a: Blissey\n|-damage|p1a: Blissey|11\/100\n|move|p1a: Blissey|Soft-Boiled|p1a: Blissey\n|-heal|p1a: Blissey|61\/100\n|\n|upkeep\n|turn|14\n|\n|t:|1700558934\n|move|p2a: Kingambit|Kowtow Cleave|p1a: Blissey\n|-damage|p1a: Blissey|0 fnt\n|faint|p1a: Blissey\n|\n|-fieldend|move: Trick Room\n|upkeep\n|\n|t:|1700558936\n|switch|p1a: Dragapult|Dragapult, M|100\/100\n|turn|15\n|\n|t:|1700558939\n|move|p2a: Kingambit|Sucker Punch|p1a: Dragapult\n|-supereffective|p1a: Dragapult\n|-damage|p1a: Dragapult|0 fnt\n|faint|p1a: Dragapult\n|\n|win|JachiMalz\n|raw|inori_sbb's rating: 1168 &rarr; <strong>1150<\/strong><br \/>(-18 for losing)\n|raw|JachiMalz's rating: 1263 &rarr; <strong>1281<\/strong><br \/>(+18 for winning)\n|l|\u2606inori_sbb\n","uploadtime":1700558945,"views":12,"p1id":"inorisbb","p2id":"jachimalz","formatid":"gen9ou","rating":1150,"private":0,"password":""}