{"id":"gen9ou-1995944923","p1":"iron stu","p2":"gcy9","format":"[Gen 9] OU","log":"|j|\u2606iron stu\n|j|\u2606gcy9\n|t:|1700620413\n|gametype|singles\n|player|p1|iron stu|101|1594\n|player|p2|gcy9|169|1546\n|teamsize|p1|6\n|teamsize|p2|6\n|gen|9\n|tier|[Gen 9] OU\n|rated|\n|rule|Sleep Clause Mod: Limit one foe put to sleep\n|rule|Species Clause: Limit one of each Pok\u00e9mon\n|rule|OHKO Clause: OHKO moves are banned\n|rule|Evasion Items Clause: Evasion items are banned\n|rule|Evasion Moves Clause: Evasion moves are banned\n|rule|Endless Battle Clause: Forcing endless battles is banned\n|rule|HP Percentage Mod: HP is shown in percentages\n|clearpoke\n|poke|p1|Garganacl, M|\n|poke|p1|Naclstack, M|\n|poke|p1|Gholdengo|\n|poke|p1|Iron Valiant|\n|poke|p1|Dragonite, M|\n|poke|p1|Zapdos|\n|poke|p2|Gholdengo|\n|poke|p2|Slowking-Galar, F|\n|poke|p2|Landorus-Therian, M|\n|poke|p2|Greninja-*, M|\n|poke|p2|Ninetales-Alola, F|\n|poke|p2|Cinderace, M|\n|teampreview\n|inactive|Battle timer is ON: inactive players will automatically lose when time's up. (requested by iron stu)\n|\n|t:|1700620431\n|start\n|switch|p1a: Iron Valiant|Iron Valiant|100\/100\n|switch|p2a: Ninetales|Ninetales-Alola, F|100\/100\n|-weather|Snow|[from] ability: Snow Warning|[of] p2a: Ninetales\n|turn|1\n|\n|t:|1700620435\n|move|p1a: Iron Valiant|Knock Off|p2a: Ninetales\n|-resisted|p2a: Ninetales\n|-damage|p2a: Ninetales|89\/100\n|-enditem|p2a: Ninetales|Light Clay|[from] move: Knock Off|[of] p1a: Iron Valiant\n|move|p2a: Ninetales|Aurora Veil|p2a: Ninetales\n|-sidestart|p2: gcy9|move: Aurora Veil\n|\n|-weather|Snow|[upkeep]\n|upkeep\n|turn|2\n|\n|t:|1700620445\n|-end|p1a: Iron Valiant|Quark Drive|[silent]\n|switch|p1a: The Son|Naclstack, M|100\/100\n|move|p2a: Ninetales|Moonblast|p1a: The Son\n|-damage|p1a: The Son|80\/100\n|\n|-weather|Snow|[upkeep]\n|upkeep\n|turn|3\n|\n|t:|1700620451\n|switch|p2a: Gholdengo|Gholdengo|100\/100\n|move|p1a: The Son|Salt Cure|p2a: Gholdengo\n|-resisted|p2a: Gholdengo\n|-damage|p2a: Gholdengo|98\/100\n|\n|-weather|Snow|[upkeep]\n|upkeep\n|turn|4\n|\n|t:|1700620460\n|switch|p1a: Zapdos|Zapdos|100\/100\n|move|p2a: Gholdengo|Shadow Ball|p1a: Zapdos\n|-damage|p1a: Zapdos|71\/100\n|\n|-weather|Snow|[upkeep]\n|upkeep\n|turn|5\n|\n|t:|1700620466\n|move|p2a: Gholdengo|Nasty Plot|p2a: Gholdengo\n|-boost|p2a: Gholdengo|spa|2\n|move|p1a: Zapdos|Discharge|p2a: Gholdengo\n|-damage|p2a: Gholdengo|79\/100\n|\n|-weather|none\n|-sideend|p2: gcy9|move: Aurora Veil\n|upkeep\n|turn|6\n|\n|t:|1700620477\n|move|p2a: Gholdengo|Shadow Ball|p1a: Zapdos\n|-damage|p1a: Zapdos|17\/100\n|move|p1a: Zapdos|Heat Wave|p2a: Gholdengo\n|-supereffective|p2a: Gholdengo\n|-damage|p2a: Gholdengo|17\/100\n|\n|upkeep\n|turn|7\n|\n|t:|1700620483\n|switch|p1a: The Father|Garganacl, M|100\/100\n|move|p2a: Gholdengo|Shadow Ball|p1a: The Father\n|-damage|p1a: The Father|68\/100\n|\n|-heal|p1a: The Father|75\/100|[from] item: Leftovers\n|upkeep\n|turn|8\n|\n|t:|1700620486\n|-terastallize|p1a: The Father|Water\n|move|p2a: Gholdengo|Recover|p2a: Gholdengo\n|-heal|p2a: Gholdengo|67\/100\n|move|p1a: The Father|Curse|p1a: The Father\n|-unboost|p1a: The Father|spe|1\n|-boost|p1a: The Father|atk|1\n|-boost|p1a: The Father|def|1\n|\n|-heal|p1a: The Father|81\/100|[from] item: Leftovers\n|upkeep\n|turn|9\n|\n|t:|1700620515\n|move|p2a: Gholdengo|Nasty Plot|p2a: Gholdengo\n|-boost|p2a: Gholdengo|spa|2\n|move|p1a: The Father|Salt Cure|p2a: Gholdengo\n|-resisted|p2a: Gholdengo\n|-damage|p2a: Gholdengo|55\/100\n|\n|-heal|p1a: The Father|87\/100|[from] item: Leftovers\n|upkeep\n|turn|10\n|\n|t:|1700620520\n|move|p2a: Gholdengo|Recover|p2a: Gholdengo\n|-heal|p2a: Gholdengo|100\/100\n|move|p1a: The Father|Earthquake|p2a: Gholdengo\n|-supereffective|p2a: Gholdengo\n|-damage|p2a: Gholdengo|18\/100\n|\n|-heal|p1a: The Father|93\/100|[from] item: Leftovers\n|upkeep\n|turn|11\n|\n|t:|1700620527\n|switch|p2a: Landorus|Landorus-Therian, M|100\/100\n|-ability|p2a: Landorus|Intimidate|boost\n|-unboost|p1a: The Father|atk|1\n|move|p1a: The Father|Earthquake|p2a: Landorus\n|-immune|p2a: Landorus\n|\n|-heal|p1a: The Father|99\/100|[from] item: Leftovers\n|upkeep\n|turn|12\n|\n|t:|1700620530\n|move|p2a: Landorus|Grass Knot|p1a: The Father\n|-supereffective|p1a: The Father\n|-damage|p1a: The Father|55\/100\n|move|p1a: The Father|Salt Cure|p2a: Landorus\n|-damage|p2a: Landorus|92\/100\n|-start|p2a: Landorus|Salt Cure\n|\n|-heal|p1a: The Father|61\/100|[from] item: Leftovers\n|-damage|p2a: Landorus|80\/100|[from] Salt Cure\n|upkeep\n|turn|13\n|\n|t:|1700620536\n|move|p2a: Landorus|U-turn|p1a: The Father\n|-damage|p1a: The Father|54\/100\n|\n|t:|1700620538\n|switch|p2a: Greninja|Greninja, M|100\/100|[from] U-turn\n|move|p1a: The Father|Recover|p1a: The Father\n|-heal|p1a: The Father|100\/100\n|\n|upkeep\n|turn|14\n|\n|t:|1700620545\n|switch|p1a: Iron Valiant|Iron Valiant|100\/100\n|move|p2a: Greninja|Grass Knot|p1a: Iron Valiant\n|-damage|p1a: Iron Valiant|56\/100\n|-damage|p2a: Greninja|91\/100|[from] item: Life Orb\n|\n|upkeep\n|turn|15\n|\n|t:|1700620552\n|move|p2a: Greninja|Hydro Pump|p1a: Iron Valiant\n|-damage|p1a: Iron Valiant|0 fnt\n|faint|p1a: Iron Valiant\n|-end|p1a: Iron Valiant|Quark Drive|[silent]\n|-ability|p2a: Greninja|Battle Bond|boost\n|-boost|p2a: Greninja|atk|1\n|-boost|p2a: Greninja|spa|1\n|-boost|p2a: Greninja|spe|1\n|-activate|p2a: Greninja|ability: Battle Bond\n|-damage|p2a: Greninja|81\/100|[from] item: Life Orb\n|\n|upkeep\n|\n|t:|1700620557\n|switch|p1a: Dragonite|Dragonite, M|100\/100\n|turn|16\n|\n|t:|1700620564\n|move|p1a: Dragonite|Extreme Speed|p2a: Greninja\n|-damage|p2a: Greninja|24\/100\n|move|p2a: Greninja|Dark Pulse|p1a: Dragonite\n|-damage|p1a: Dragonite|64\/100\n|-damage|p2a: Greninja|15\/100|[from] item: Life Orb\n|\n|upkeep\n|turn|17\n|\n|t:|1700620573\n|switch|p2a: Landorus|Landorus-Therian, M|80\/100\n|-ability|p2a: Landorus|Intimidate|boost\n|-unboost|p1a: Dragonite|atk|1\n|move|p1a: Dragonite|Extreme Speed|p2a: Landorus\n|-damage|p2a: Landorus|65\/100\n|-damage|p1a: Dragonite|48\/100|[from] item: Rocky Helmet|[of] p2a: Landorus\n|\n|upkeep\n|turn|18\n|\n|t:|1700620583\n|switch|p1a: The Father|Garganacl, M, tera:Water|100\/100\n|move|p2a: Landorus|Stealth Rock|p1a: The Father\n|-sidestart|p1: iron stu|move: Stealth Rock\n|\n|upkeep\n|turn|19\n|\n|t:|1700620586\n|move|p2a: Landorus|Grass Knot|p1a: The Father\n|-supereffective|p1a: The Father\n|-damage|p1a: The Father|54\/100\n|move|p1a: The Father|Curse|p1a: The Father\n|-unboost|p1a: The Father|spe|1\n|-boost|p1a: The Father|atk|1\n|-boost|p1a: The Father|def|1\n|\n|-heal|p1a: The Father|61\/100|[from] item: Leftovers\n|upkeep\n|turn|20\n|\n|t:|1700620591\n|move|p2a: Landorus|Grass Knot|p1a: The Father\n|-supereffective|p1a: The Father\n|-damage|p1a: The Father|19\/100\n|move|p1a: The Father|Recover|p1a: The Father\n|-heal|p1a: The Father|69\/100\n|\n|-heal|p1a: The Father|75\/100|[from] item: Leftovers\n|upkeep\n|turn|21\n|\n|t:|1700620596\n|move|p2a: Landorus|U-turn|p1a: The Father\n|-damage|p1a: The Father|66\/100\n|\n|t:|1700620598\n|switch|p2a: Greninja|Greninja, M|15\/100|[from] U-turn\n|move|p1a: The Father|Recover|p1a: The Father\n|-heal|p1a: The Father|100\/100\n|\n|upkeep\n|turn|22\n|\n|t:|1700620600\n|move|p2a: Greninja|Grass Knot|p1a: The Father\n|-supereffective|p1a: The Father\n|-damage|p1a: The Father|19\/100\n|-damage|p2a: Greninja|5\/100|[from] item: Life Orb\n|move|p1a: The Father|Recover|p1a: The Father\n|-heal|p1a: The Father|69\/100\n|\n|-heal|p1a: The Father|75\/100|[from] item: Leftovers\n|upkeep\n|turn|23\n|\n|t:|1700620605\n|switch|p1a: Dragonite|Dragonite, M|48\/100\n|move|p2a: Greninja|Grass Knot|p1a: Dragonite\n|-resisted|p1a: Dragonite\n|-damage|p1a: Dragonite|35\/100\n|-damage|p2a: Greninja|0 fnt|[from] item: Life Orb\n|faint|p2a: Greninja\n|\n|upkeep\n|\n|t:|1700620614\n|switch|p2a: Ninetales|Ninetales-Alola, F|89\/100\n|-weather|Snow|[from] ability: Snow Warning|[of] p2a: Ninetales\n|turn|24\n|\n|t:|1700620617\n|switch|p1a: The Holy Ghost|Gholdengo|100\/100\n|-damage|p1a: The Holy Ghost|94\/100|[from] Stealth Rock\n|-item|p1a: The Holy Ghost|Air Balloon\n|move|p2a: Ninetales|Aurora Veil|p2a: Ninetales\n|-sidestart|p2: gcy9|move: Aurora Veil\n|\n|-weather|Snow|[upkeep]\n|upkeep\n|turn|25\n|\n|t:|1700620622\n|switch|p2a: Cinderace|Cinderace, M|100\/100\n|move|p1a: The Holy Ghost|Nasty Plot|p1a: The Holy Ghost\n|-boost|p1a: The Holy Ghost|spa|2\n|\n|-weather|Snow|[upkeep]\n|upkeep\n|turn|26\n|\n|t:|1700620626\n|switch|p1a: The Father|Garganacl, M, tera:Water|75\/100\n|-damage|p1a: The Father|63\/100|[from] Stealth Rock\n|move|p2a: Cinderace|Pyro Ball|p1a: The Father\n|-resisted|p1a: The Father\n|-damage|p1a: The Father|47\/100\n|\n|-weather|Snow|[upkeep]\n|-heal|p1a: The Father|53\/100|[from] item: Leftovers\n|upkeep\n|turn|27\n|\n|t:|1700620634\n|move|p2a: Cinderace|U-turn|p1a: The Father\n|-start|p2a: Cinderace|typechange|Bug|[from] ability: Libero\n|-damage|p1a: The Father|36\/100\n|\n|t:|1700620639\n|switch|p2a: Ninetales|Ninetales-Alola, F|89\/100|[from] U-turn\n|move|p1a: The Father|Recover|p1a: The Father\n|-heal|p1a: The Father|86\/100\n|\n|-weather|Snow|[upkeep]\n|-heal|p1a: The Father|92\/100|[from] item: Leftovers\n|upkeep\n|turn|28\n|\n|t:|1700620643\n|switch|p1a: The Holy Ghost|Gholdengo|94\/100\n|-damage|p1a: The Holy Ghost|88\/100|[from] Stealth Rock\n|-item|p1a: The Holy Ghost|Air Balloon\n|move|p2a: Ninetales|Encore|p1a: The Holy Ghost\n|-immune|p1a: The Holy Ghost|[from] ability: Good as Gold\n|\n|-weather|none\n|-sideend|p2: gcy9|move: Aurora Veil\n|upkeep\n|turn|29\n|\n|t:|1700620647\n|switch|p2a: Slowking|Slowking-Galar, F|100\/100\n|move|p1a: The Holy Ghost|Shadow Ball|p2a: Slowking\n|-supereffective|p2a: Slowking\n|-damage|p2a: Slowking|44\/100\n|\n|-heal|p2a: Slowking|50\/100|[from] item: Black Sludge\n|upkeep\n|turn|30\n|\n|t:|1700620654\n|switch|p2a: Cinderace|Cinderace, M|100\/100\n|move|p1a: The Holy Ghost|Shadow Ball|p2a: Cinderace\n|-damage|p2a: Cinderace|50\/100\n|\n|upkeep\n|turn|31\n|\n|t:|1700620660\n|move|p2a: Cinderace|Pyro Ball|p1a: The Holy Ghost\n|-supereffective|p1a: The Holy Ghost\n|-damage|p1a: The Holy Ghost|10\/100\n|-enditem|p1a: The Holy Ghost|Air Balloon\n|move|p1a: The Holy Ghost|Shadow Ball|p2a: Cinderace\n|-damage|p2a: Cinderace|2\/100\n|\n|upkeep\n|turn|32\n|\n|t:|1700620668\n|switch|p1a: The Father|Garganacl, M, tera:Water|92\/100\n|-damage|p1a: The Father|80\/100|[from] Stealth Rock\n|move|p2a: Cinderace|Pyro Ball|p1a: The Father\n|-resisted|p1a: The Father\n|-damage|p1a: The Father|63\/100\n|\n|-heal|p1a: The Father|70\/100|[from] item: Leftovers\n|upkeep\n|turn|33\n|\n|t:|1700620671\n|move|p2a: Cinderace|U-turn|p1a: The Father\n|-start|p2a: Cinderace|typechange|Bug|[from] ability: Libero\n|-damage|p1a: The Father|52\/100\n|\n|t:|1700620675\n|switch|p2a: Slowking|Slowking-Galar, F|83\/100|[from] U-turn\n|move|p1a: The Father|Recover|p1a: The Father\n|-heal|p1a: The Father|100\/100\n|\n|-heal|p2a: Slowking|90\/100|[from] item: Black Sludge\n|upkeep\n|turn|34\n|\n|t:|1700620682\n|switch|p1a: The Holy Ghost|Gholdengo|10\/100\n|-damage|p1a: The Holy Ghost|4\/100|[from] Stealth Rock\n|move|p2a: Slowking|Trick|p1a: The Holy Ghost\n|-immune|p1a: The Holy Ghost|[from] ability: Good as Gold\n|\n|-heal|p2a: Slowking|96\/100|[from] item: Black Sludge\n|upkeep\n|turn|35\n|\n|t:|1700620693\n|move|p1a: The Holy Ghost|Recover|p1a: The Holy Ghost\n|-heal|p1a: The Holy Ghost|54\/100\n|move|p2a: Slowking|Ice Beam|p1a: The Holy Ghost\n|-resisted|p1a: The Holy Ghost\n|-damage|p1a: The Holy Ghost|43\/100\n|-status|p1a: The Holy Ghost|frz\n|\n|-heal|p2a: Slowking|100\/100|[from] item: Black Sludge\n|upkeep\n|turn|36\n|\n|t:|1700620695\n|cant|p1a: The Holy Ghost|frz\n|move|p2a: Slowking|Future Sight|p1a: The Holy Ghost\n|-start|p2a: Slowking|move: Future Sight\n|\n|upkeep\n|turn|37\n|\n|t:|1700620697\n|cant|p1a: The Holy Ghost|frz\n|move|p2a: Slowking|Chilly Reception|p2a: Slowking\n|-weather|Snow\n|\n|t:|1700620702\n|switch|p2a: Cinderace|Cinderace, M|2\/100|[from] Chilly Reception\n|\n|-weather|Snow|[upkeep]\n|upkeep\n|turn|38\n|\n|t:|1700620709\n|switch|p1a: The Son|Naclstack, M|80\/100\n|-damage|p1a: The Son|68\/100|[from] Stealth Rock\n|move|p2a: Cinderace|Pyro Ball|p1a: The Son\n|-resisted|p1a: The Son\n|-damage|p1a: The Son|48\/100\n|\n|-weather|Snow|[upkeep]\n|-end|p1a: The Son|move: Future Sight\n|-damage|p1a: The Son|16\/100\n|upkeep\n|turn|39\n|\n|t:|1700620722\n|move|p2a: Cinderace|Pyro Ball|p1a: The Son\n|-resisted|p1a: The Son\n|-damage|p1a: The Son|0 fnt\n|faint|p1a: The Son\n|\n|-weather|Snow|[upkeep]\n|upkeep\n|\n|t:|1700620724\n|switch|p1a: The Father|Garganacl, M, tera:Water|100\/100\n|-damage|p1a: The Father|88\/100|[from] Stealth Rock\n|turn|40\n|\n|t:|1700620730\n|move|p2a: Cinderace|U-turn|p1a: The Father\n|-start|p2a: Cinderace|typechange|Bug|[from] ability: Libero\n|-damage|p1a: The Father|70\/100\n|\n|t:|1700620731\n|switch|p2a: Slowking|Slowking-Galar, F|100\/100|[from] U-turn\n|move|p1a: The Father|Salt Cure|p2a: Slowking\n|-damage|p2a: Slowking|90\/100\n|-start|p2a: Slowking|Salt Cure\n|\n|-weather|Snow|[upkeep]\n|-heal|p1a: The Father|76\/100|[from] item: Leftovers\n|-heal|p2a: Slowking|96\/100|[from] item: Black Sludge\n|-damage|p2a: Slowking|83\/100|[from] Salt Cure\n|upkeep\n|turn|41\n|\n|t:|1700620737\n|switch|p1a: Dragonite|Dragonite, M|35\/100\n|move|p2a: Slowking|Future Sight|p1a: Dragonite\n|-start|p2a: Slowking|move: Future Sight\n|\n|-weather|none\n|-heal|p2a: Slowking|89\/100|[from] item: Black Sludge\n|-damage|p2a: Slowking|77\/100|[from] Salt Cure\n|upkeep\n|turn|42\n|\n|t:|1700620741\n|move|p1a: Dragonite|Earthquake|p2a: Slowking\n|-supereffective|p2a: Slowking\n|-damage|p2a: Slowking|19\/100\n|move|p2a: Slowking|Ice Beam|p1a: Dragonite\n|-supereffective|p1a: Dragonite\n|-damage|p1a: Dragonite|0 fnt\n|faint|p1a: Dragonite\n|\n|-heal|p2a: Slowking|25\/100|[from] item: Black Sludge\n|-damage|p2a: Slowking|13\/100|[from] Salt Cure\n|upkeep\n|\n|t:|1700620744\n|switch|p1a: Zapdos|Zapdos|17\/100\n|turn|43\n|\n|t:|1700620747\n|switch|p2a: Landorus|Landorus-Therian, M|65\/100\n|-ability|p2a: Landorus|Intimidate|boost\n|-unboost|p1a: Zapdos|atk|1\n|move|p1a: Zapdos|Roost|p1a: Zapdos\n|-heal|p1a: Zapdos|67\/100\n|-singleturn|p1a: Zapdos|move: Roost\n|\n|-end|p1a: Zapdos|move: Future Sight\n|-damage|p1a: Zapdos|34\/100\n|upkeep\n|turn|44\n|\n|t:|1700620758\n|move|p1a: Zapdos|Roost|p1a: Zapdos\n|-heal|p1a: Zapdos|84\/100\n|-singleturn|p1a: Zapdos|move: Roost\n|move|p2a: Landorus|Earthquake|p1a: Zapdos\n|-supereffective|p1a: Zapdos\n|-damage|p1a: Zapdos|0 fnt\n|faint|p1a: Zapdos\n|\n|upkeep\n|-message|iron stu forfeited.\n|\n|win|gcy9\n|raw|iron stu's rating: 1594 &rarr; <strong>1571<\/strong><br \/>(-23 for losing)\n|raw|gcy9's rating: 1546 &rarr; <strong>1569<\/strong><br \/>(+23 for winning)\n|l|\u2606iron stu\n","uploadtime":1700620768,"views":1,"p1id":"ironstu","p2id":"gcy9","formatid":"gen9ou","rating":1569,"private":0,"password":""}