{"id":"gen9ou-2000515979","p1":"Gobucksgo","p2":"otmooper12","format":"[Gen 9] OU","log":"|j|\u2606Gobucksgo\n|j|\u2606otmooper12\n|t:|1701201355\n|gametype|singles\n|player|p1|Gobucksgo|265|1587\n|player|p2|otmooper12|carmine|1485\n|teamsize|p1|6\n|teamsize|p2|6\n|gen|9\n|tier|[Gen 9] OU\n|rated|\n|rule|Sleep Clause Mod: Limit one foe put to sleep\n|rule|Species Clause: Limit one of each Pok\u00e9mon\n|rule|OHKO Clause: OHKO moves are banned\n|rule|Evasion Items Clause: Evasion items are banned\n|rule|Evasion Moves Clause: Evasion moves are banned\n|rule|Endless Battle Clause: Forcing endless battles is banned\n|rule|HP Percentage Mod: HP is shown in percentages\n|clearpoke\n|poke|p1|Iron Valiant|\n|poke|p1|Ting-Lu|\n|poke|p1|Amoonguss, F|\n|poke|p1|Cinderace, M|\n|poke|p1|Zapdos|\n|poke|p1|Dragapult, F|\n|poke|p2|Iron Moth|\n|poke|p2|Maushold-Four|\n|poke|p2|Dragonite, F|\n|poke|p2|Kingambit, M|\n|poke|p2|Samurott-Hisui, M|\n|poke|p2|Ninetales-Alola, F|\n|teampreview\n|\n|t:|1701201427\n|start\n|switch|p1a: Amoonguss|Amoonguss, F|100\/100\n|switch|p2a: Samurott|Samurott-Hisui, M|100\/100\n|turn|1\n|\n|t:|1701201438\n|move|p2a: Samurott|Knock Off|p1a: Amoonguss\n|-damage|p1a: Amoonguss|70\/100\n|-enditem|p1a: Amoonguss|Heavy-Duty Boots|[from] move: Knock Off|[of] p2a: Samurott\n|move|p1a: Amoonguss|Toxic|p2a: Samurott\n|-status|p2a: Samurott|tox\n|\n|-damage|p2a: Samurott|94\/100 tox|[from] psn\n|upkeep\n|turn|2\n|\n|t:|1701201448\n|move|p2a: Samurott|Ceaseless Edge|p1a: Amoonguss\n|-damage|p1a: Amoonguss|39\/100\n|-sidestart|p1: Gobucksgo|Spikes\n|move|p1a: Amoonguss|Giga Drain|p2a: Samurott\n|-supereffective|p2a: Samurott\n|-damage|p2a: Samurott|64\/100 tox\n|-heal|p1a: Amoonguss|53\/100|[from] drain|[of] p2a: Samurott\n|\n|-damage|p2a: Samurott|51\/100 tox|[from] psn\n|upkeep\n|turn|3\n|\n|t:|1701201466\n|switch|p2a: Iron Moth|Iron Moth|100\/100\n|-enditem|p2a: Iron Moth|Booster Energy\n|-activate|p2a: Iron Moth|ability: Quark Drive|[fromitem]\n|-start|p2a: Iron Moth|quarkdrivespa\n|move|p1a: Amoonguss|Giga Drain|p2a: Iron Moth\n|-resisted|p2a: Iron Moth\n|-damage|p2a: Iron Moth|95\/100\n|-heal|p1a: Amoonguss|55\/100|[from] drain|[of] p2a: Iron Moth\n|\n|upkeep\n|turn|4\n|\n|t:|1701201521\n|switch|p1a: Ting-Lu|Ting-Lu|100\/100\n|-damage|p1a: Ting-Lu|88\/100|[from] Spikes\n|-ability|p1a: Ting-Lu|Vessel of Ruin\n|move|p2a: Iron Moth|Fiery Dance|p1a: Ting-Lu\n|-damage|p1a: Ting-Lu|64\/100\n|\n|-heal|p1a: Ting-Lu|70\/100|[from] item: Leftovers\n|upkeep\n|turn|5\n|\n|t:|1701201539\n|-end|p2a: Iron Moth|Quark Drive|[silent]\n|switch|p2a: Ninetales|Ninetales-Alola, F|100\/100\n|-weather|Snow|[from] ability: Snow Warning|[of] p2a: Ninetales\n|move|p1a: Ting-Lu|Ruination|p2a: Ninetales\n|-damage|p2a: Ninetales|50\/100\n|\n|-weather|Snow|[upkeep]\n|-heal|p1a: Ting-Lu|77\/100|[from] item: Leftovers\n|upkeep\n|turn|6\n|\n|t:|1701201550\n|move|p2a: Ninetales|Aurora Veil|p2a: Ninetales\n|-sidestart|p2: otmooper12|move: Aurora Veil\n|move|p1a: Ting-Lu|Earthquake|p2a: Ninetales\n|-damage|p2a: Ninetales|36\/100\n|\n|-weather|Snow|[upkeep]\n|-heal|p1a: Ting-Lu|83\/100|[from] item: Leftovers\n|upkeep\n|turn|7\n|\n|t:|1701201575\n|switch|p2a: Dragonite|Dragonite, F|100\/100\n|switch|p1a: Cinderace|Cinderace, M|100\/100\n|\n|-weather|Snow|[upkeep]\n|upkeep\n|turn|8\n|\n|t:|1701201586\n|move|p1a: Cinderace|Court Change|p1a: Cinderace\n|-start|p1a: Cinderace|typechange|Normal|[from] ability: Libero\n|-swapsideconditions\n|-activate|p1a: Cinderace|move: Court Change\n|move|p2a: Dragonite|Dragon Dance|p2a: Dragonite\n|-boost|p2a: Dragonite|atk|1\n|-boost|p2a: Dragonite|spe|1\n|\n|-weather|Snow|[upkeep]\n|upkeep\n|turn|9\n|\n|t:|1701201600\n|switch|p1a: Amoonguss|Amoonguss, F|88\/100\n|move|p2a: Dragonite|Dragon Dance|p2a: Dragonite\n|-boost|p2a: Dragonite|atk|1\n|-boost|p2a: Dragonite|spe|1\n|\n|-weather|none\n|upkeep\n|turn|10\n|\n|t:|1701201611\n|move|p2a: Dragonite|Ice Spinner|p1a: Amoonguss\n|-supereffective|p1a: Amoonguss\n|-damage|p1a: Amoonguss|36\/100\n|move|p1a: Amoonguss|Toxic|p2a: Dragonite\n|-status|p2a: Dragonite|tox\n|\n|-damage|p2a: Dragonite|94\/100 tox|[from] psn\n|upkeep\n|turn|11\n|\n|t:|1701201636\n|-terastallize|p1a: Amoonguss|Water\n|move|p2a: Dragonite|Ice Spinner|p1a: Amoonguss\n|-resisted|p1a: Amoonguss\n|-damage|p1a: Amoonguss|23\/100\n|move|p1a: Amoonguss|Sludge Bomb|p2a: Dragonite\n|-damage|p2a: Dragonite|66\/100 tox\n|\n|-damage|p2a: Dragonite|53\/100 tox|[from] psn\n|upkeep\n|turn|12\n|\n|t:|1701201652\n|switch|p1a: Zapdos|Zapdos|100\/100\n|move|p2a: Dragonite|Extreme Speed|p1a: Zapdos\n|-damage|p1a: Zapdos|78\/100\n|\n|-damage|p2a: Dragonite|35\/100 tox|[from] psn\n|upkeep\n|turn|13\n|\n|t:|1701201660\n|switch|p1a: Cinderace|Cinderace, M|100\/100\n|move|p2a: Dragonite|Ice Spinner|p1a: Cinderace\n|-resisted|p1a: Cinderace\n|-damage|p1a: Cinderace|80\/100\n|\n|-damage|p2a: Dragonite|10\/100 tox|[from] psn\n|-sideend|p1: Gobucksgo|move: Aurora Veil\n|upkeep\n|turn|14\n|\n|t:|1701201669\n|move|p1a: Cinderace|Sucker Punch|p2a: Dragonite\n|-start|p1a: Cinderace|typechange|Dark|[from] ability: Libero\n|-damage|p2a: Dragonite|0 fnt\n|faint|p2a: Dragonite\n|\n|upkeep\n|\n|t:|1701201682\n|switch|p2a: Samurott|Samurott-Hisui, M|51\/100 tox\n|-damage|p2a: Samurott|39\/100 tox|[from] Spikes\n|turn|15\n|\n|t:|1701201710\n|move|p1a: Cinderace|U-turn|p2a: Samurott\n|-supereffective|p2a: Samurott\n|-damage|p2a: Samurott|0 fnt\n|faint|p2a: Samurott\n|\n|t:|1701201713\n|switch|p1a: Amoonguss|Amoonguss, F, tera:Water|57\/100|[from] U-turn\n|\n|upkeep\n|\n|t:|1701201730\n|switch|p2a: Ninetales|Ninetales-Alola, F|36\/100\n|-damage|p2a: Ninetales|23\/100|[from] Spikes\n|-weather|Snow|[from] ability: Snow Warning|[of] p2a: Ninetales\n|turn|16\n|\n|t:|1701201740\n|switch|p1a: Cinderace|Cinderace, M|80\/100\n|move|p2a: Ninetales|Aurora Veil|p2a: Ninetales\n|-sidestart|p2: otmooper12|move: Aurora Veil\n|\n|-weather|Snow|[upkeep]\n|upkeep\n|turn|17\n|\n|t:|1701201755\n|move|p1a: Cinderace|Court Change|p1a: Cinderace\n|-start|p1a: Cinderace|typechange|Normal|[from] ability: Libero\n|-swapsideconditions\n|-activate|p1a: Cinderace|move: Court Change\n|move|p2a: Ninetales|Aurora Veil|p2a: Ninetales\n|-sidestart|p2: otmooper12|move: Aurora Veil\n|\n|-weather|Snow|[upkeep]\n|upkeep\n|turn|18\n|\n|t:|1701201781\n|move|p1a: Cinderace|Court Change|p1a: Cinderace\n|-swapsideconditions\n|-activate|p1a: Cinderace|move: Court Change\n|move|p2a: Ninetales|Moonblast|p1a: Cinderace\n|-damage|p1a: Cinderace|59\/100\n|\n|-weather|Snow|[upkeep]\n|upkeep\n|turn|19\n|\n|t:|1701201809\n|move|p1a: Cinderace|Pyro Ball|p2a: Ninetales\n|-supereffective|p2a: Ninetales\n|-damage|p2a: Ninetales|0 fnt\n|faint|p2a: Ninetales\n|\n|-weather|Snow|[upkeep]\n|upkeep\n|\n|t:|1701201815\n|switch|p2a: Maushold|Maushold-Four|100\/100\n|-damage|p2a: Maushold|88\/100|[from] Spikes\n|turn|20\n|\n|t:|1701201822\n|move|p1a: Cinderace|U-turn|p2a: Maushold\n|-damage|p2a: Maushold|72\/100\n|\n|t:|1701201826\n|switch|p1a: Dragapult|Dragapult, F|100\/100|[from] U-turn\n|move|p2a: Maushold|Tidy Up|p2a: Maushold\n|-sideend|p2: otmooper12|Spikes\n|-activate|p2a: Maushold|move: Tidy Up\n|-boost|p2a: Maushold|atk|1\n|-boost|p2a: Maushold|spe|1\n|\n|-weather|none\n|upkeep\n|turn|21\n|\n|t:|1701201837\n|-terastallize|p2a: Maushold|Ghost\n|move|p2a: Maushold|Shadow Claw|p1a: Dragapult\n|-supereffective|p1a: Dragapult\n|-damage|p1a: Dragapult|46\/100\n|move|p1a: Dragapult|Draco Meteor|p2a: Maushold\n|-damage|p2a: Maushold|0 fnt\n|-unboost|p1a: Dragapult|spa|2\n|faint|p2a: Maushold\n|\n|upkeep\n|\n|t:|1701201849\n|switch|p2a: Iron Moth|Iron Moth|95\/100\n|turn|22\n|\n|t:|1701201867\n|switch|p1a: Ting-Lu|Ting-Lu|83\/100\n|-ability|p1a: Ting-Lu|Vessel of Ruin\n|move|p2a: Iron Moth|Fiery Dance|p1a: Ting-Lu\n|-damage|p1a: Ting-Lu|73\/100\n|\n|-heal|p1a: Ting-Lu|79\/100|[from] item: Leftovers\n|upkeep\n|turn|23\n|\n|t:|1701201878\n|move|p2a: Iron Moth|Dazzling Gleam|p1a: Ting-Lu\n|-supereffective|p1a: Ting-Lu\n|-damage|p1a: Ting-Lu|67\/100\n|move|p1a: Ting-Lu|Stealth Rock|p2a: Iron Moth\n|-sidestart|p2: otmooper12|move: Stealth Rock\n|\n|-heal|p1a: Ting-Lu|73\/100|[from] item: Leftovers\n|-sideend|p2: otmooper12|move: Aurora Veil\n|upkeep\n|turn|24\n|\n|t:|1701201895\n|move|p2a: Iron Moth|Dazzling Gleam|p1a: Ting-Lu\n|-supereffective|p1a: Ting-Lu\n|-damage|p1a: Ting-Lu|60\/100\n|move|p1a: Ting-Lu|Earthquake|p2a: Iron Moth\n|-supereffective|p2a: Iron Moth\n|-damage|p2a: Iron Moth|0 fnt\n|faint|p2a: Iron Moth\n|-end|p2a: Iron Moth|Quark Drive|[silent]\n|\n|-heal|p1a: Ting-Lu|67\/100|[from] item: Leftovers\n|-sideend|p1: Gobucksgo|move: Aurora Veil\n|upkeep\n|\n|t:|1701201906\n|switch|p2a: Kingambit|Kingambit, M|100\/100\n|-damage|p2a: Kingambit|94\/100|[from] Stealth Rock\n|-activate|p2a: Kingambit|ability: Supreme Overlord\n|-start|p2a: Kingambit|fallen5|[silent]\n|turn|25\n|\n|t:|1701201920\n|switch|p1a: Amoonguss|Amoonguss, F, tera:Water|90\/100\n|move|p2a: Kingambit|Swords Dance|p2a: Kingambit\n|-boost|p2a: Kingambit|atk|2\n|\n|upkeep\n|turn|26\n|\n|t:|1701201932\n|move|p2a: Kingambit|Kowtow Cleave|p1a: Amoonguss\n|-damage|p1a: Amoonguss|0 fnt\n|faint|p1a: Amoonguss\n|\n|upkeep\n|\n|t:|1701201936\n|switch|p1a: Iron Valiant|Iron Valiant|100\/100\n|turn|27\n|\n|t:|1701201943\n|move|p2a: Kingambit|Sucker Punch|p1a: Iron Valiant\n|-resisted|p1a: Iron Valiant\n|-damage|p1a: Iron Valiant|59\/100\n|move|p1a: Iron Valiant|Close Combat|p2a: Kingambit\n|-supereffective|p2a: Kingambit\n|-damage|p2a: Kingambit|0 fnt\n|-unboost|p1a: Iron Valiant|def|1\n|-unboost|p1a: Iron Valiant|spd|1\n|faint|p2a: Kingambit\n|-end|p2a: Kingambit|fallen5|[silent]\n|\n|win|Gobucksgo\n|raw|Gobucksgo's rating: 1587 &rarr; <strong>1601<\/strong><br \/>(+14 for winning)\n|raw|otmooper12's rating: 1485 &rarr; <strong>1471<\/strong><br \/>(-14 for losing)\n|l|\u2606Gobucksgo\n","uploadtime":1701201968,"views":13,"p1id":"gobucksgo","p2id":"otmooper12","formatid":"gen9ou","rating":1471,"private":0,"password":""}