{"id":"gen9ou-1996031220","p1":"Charmalane","p2":"Ember to Flames","format":"[Gen 9] OU","log":"|j|\u2606Charmalane\n|j|\u2606Ember to Flames\n|t:|1700632216\n|gametype|singles\n|player|p1|Charmalane|brawly|1541\n|player|p2|Ember to Flames|cyrus-masters|1686\n|teamsize|p1|6\n|teamsize|p2|6\n|gen|9\n|tier|[Gen 9] OU\n|rated|\n|rule|Sleep Clause Mod: Limit one foe put to sleep\n|rule|Species Clause: Limit one of each Pok\u00e9mon\n|rule|OHKO Clause: OHKO moves are banned\n|rule|Evasion Items Clause: Evasion items are banned\n|rule|Evasion Moves Clause: Evasion moves are banned\n|rule|Endless Battle Clause: Forcing endless battles is banned\n|rule|HP Percentage Mod: HP is shown in percentages\n|clearpoke\n|poke|p1|Pelipper, M|\n|poke|p1|Barraskewda, M|\n|poke|p1|Zapdos|\n|poke|p1|Kingambit, M|\n|poke|p1|Iron Treads|\n|poke|p1|Slowking-Galar, M|\n|poke|p2|Meowscarada, M|\n|poke|p2|Rillaboom, F|\n|poke|p2|Heatran, F|\n|poke|p2|Slowking-Galar, M|\n|poke|p2|Great Tusk|\n|poke|p2|Iron Valiant|\n|teampreview\n|inactive|Battle timer is ON: inactive players will automatically lose when time's up. (requested by Ember to Flames)\n|\n|t:|1700632258\n|start\n|switch|p1a: Phoenix|Pelipper, M|100\/100\n|switch|p2a: Rillaboom|Rillaboom, F|100\/100\n|-fieldstart|move: Grassy Terrain|[from] ability: Grassy Surge|[of] p2a: Rillaboom\n|-weather|RainDance|[from] ability: Drizzle|[of] p1a: Phoenix\n|turn|1\n|\n|t:|1700632262\n|move|p2a: Rillaboom|Wood Hammer|p1a: Phoenix\n|-damage|p1a: Phoenix|1\/100\n|-damage|p2a: Rillaboom|69\/100|[from] Recoil\n|move|p1a: Phoenix|Hurricane|p2a: Rillaboom\n|-supereffective|p2a: Rillaboom\n|-damage|p2a: Rillaboom|0 fnt\n|faint|p2a: Rillaboom\n|\n|-weather|RainDance|[upkeep]\n|upkeep\n|\n|t:|1700632271\n|switch|p2a: Meowscarada|Meowscarada, M|100\/100\n|turn|2\n|\n|t:|1700632280\n|switch|p1a: Androidon|Iron Treads|100\/100\n|move|p2a: Meowscarada|Flower Trick|p1a: Androidon\n|-start|p2a: Meowscarada|typechange|Grass|[from] ability: Protean\n|-crit|p1a: Androidon\n|-damage|p1a: Androidon|61\/100\n|\n|-weather|RainDance|[upkeep]\n|-heal|p1a: Androidon|67\/100|[from] Grassy Terrain\n|-heal|p1a: Androidon|74\/100|[from] item: Leftovers\n|upkeep\n|turn|3\n|\n|t:|1700632301\n|switch|p2a: Great Tusk|Great Tusk|100\/100\n|move|p1a: Androidon|Stealth Rock|p2a: Great Tusk\n|-sidestart|p2: Ember to Flames|move: Stealth Rock\n|\n|-weather|RainDance|[upkeep]\n|-heal|p1a: Androidon|80\/100|[from] Grassy Terrain\n|-heal|p1a: Androidon|86\/100|[from] item: Leftovers\n|upkeep\n|turn|4\n|\n|t:|1700632307\n|-end|p1a: Androidon|Quark Drive|[silent]\n|switch|p1a: Chocobo|Zapdos|100\/100\n|move|p2a: Great Tusk|Stealth Rock|p1a: Chocobo\n|-sidestart|p1: Charmalane|move: Stealth Rock\n|\n|-weather|RainDance|[upkeep]\n|upkeep\n|turn|5\n|\n|t:|1700632316\n|-end|p2a: Great Tusk|Protosynthesis|[silent]\n|switch|p2a: Slowking|Slowking-Galar, M, shiny|100\/100\n|-damage|p2a: Slowking|88\/100|[from] Stealth Rock\n|move|p1a: Chocobo|Weather Ball|p2a: Slowking\n|-damage|p2a: Slowking|56\/100\n|\n|-weather|RainDance|[upkeep]\n|-heal|p2a: Slowking|62\/100|[from] Grassy Terrain\n|-heal|p2a: Slowking|68\/100|[from] item: Leftovers\n|-fieldend|move: Grassy Terrain\n|upkeep\n|turn|6\n|\n|t:|1700632319\n|move|p1a: Chocobo|Hurricane|p2a: Slowking\n|-damage|p2a: Slowking|33\/100\n|move|p2a: Slowking|Chilly Reception|p2a: Slowking\n|-weather|Snow\n|\n|t:|1700632332\n|switch|p2a: Heatran|Heatran, F|100\/100|[from] Chilly Reception\n|-damage|p2a: Heatran|88\/100|[from] Stealth Rock\n|\n|-weather|Snow|[upkeep]\n|-heal|p2a: Heatran|94\/100|[from] item: Leftovers\n|upkeep\n|turn|7\n|\n|t:|1700632350\n|switch|p1a: Nautilus|Slowking-Galar, M|100\/100\n|-damage|p1a: Nautilus|88\/100|[from] Stealth Rock\n|move|p2a: Heatran|Magma Storm|p1a: Nautilus\n|-damage|p1a: Nautilus|71\/100\n|-activate|p1a: Nautilus|move: Magma Storm|[of] p2a: Heatran\n|\n|-weather|Snow|[upkeep]\n|-heal|p2a: Heatran|100\/100|[from] item: Leftovers\n|-damage|p1a: Nautilus|58\/100|[from] move: Magma Storm|[partiallytrapped]\n|upkeep\n|turn|8\n|\n|t:|1700632356\n|move|p2a: Heatran|Taunt|p1a: Nautilus\n|-start|p1a: Nautilus|move: Taunt\n|move|p1a: Nautilus|Surf|p2a: Heatran\n|-supereffective|p2a: Heatran\n|-damage|p2a: Heatran|69\/100\n|\n|-weather|Snow|[upkeep]\n|-heal|p2a: Heatran|75\/100|[from] item: Leftovers\n|-damage|p1a: Nautilus|46\/100|[from] move: Magma Storm|[partiallytrapped]\n|upkeep\n|turn|9\n|\n|t:|1700632362\n|move|p2a: Heatran|Protect|p2a: Heatran\n|-singleturn|p2a: Heatran|Protect\n|move|p1a: Nautilus|Surf|p2a: Heatran\n|-activate|p2a: Heatran|move: Protect\n|\n|-weather|Snow|[upkeep]\n|-heal|p2a: Heatran|81\/100|[from] item: Leftovers\n|-damage|p1a: Nautilus|33\/100|[from] move: Magma Storm|[partiallytrapped]\n|upkeep\n|turn|10\n|\n|t:|1700632366\n|move|p2a: Heatran|Earth Power|p1a: Nautilus\n|-supereffective|p1a: Nautilus\n|-damage|p1a: Nautilus|9\/100\n|move|p1a: Nautilus|Surf|p2a: Heatran\n|-supereffective|p2a: Heatran\n|-damage|p2a: Heatran|52\/100\n|\n|-weather|none\n|-heal|p2a: Heatran|58\/100|[from] item: Leftovers\n|-damage|p1a: Nautilus|0 fnt|[from] move: Magma Storm|[partiallytrapped]\n|faint|p1a: Nautilus\n|upkeep\n|\n|t:|1700632370\n|switch|p1a: Enguarde|Barraskewda, M|100\/100\n|-damage|p1a: Enguarde|88\/100|[from] Stealth Rock\n|turn|11\n|\n|t:|1700632378\n|move|p2a: Heatran|Protect|p2a: Heatran\n|-singleturn|p2a: Heatran|Protect\n|move|p1a: Enguarde|Flip Turn|p2a: Heatran\n|-activate|p2a: Heatran|move: Protect\n|\n|-heal|p2a: Heatran|65\/100|[from] item: Leftovers\n|upkeep\n|turn|12\n|\n|t:|1700632387\n|-terastallize|p2a: Heatran|Grass\n|move|p1a: Enguarde|Flip Turn|p2a: Heatran\n|-resisted|p2a: Heatran\n|-damage|p2a: Heatran|44\/100\n|\n|t:|1700632394\n|switch|p1a: Chocobo|Zapdos|100\/100|[from] Flip Turn\n|move|p2a: Heatran|Magma Storm|p1a: Chocobo\n|-damage|p1a: Chocobo|50\/100\n|-activate|p1a: Chocobo|move: Magma Storm|[of] p2a: Heatran\n|\n|-heal|p2a: Heatran|51\/100|[from] item: Leftovers\n|-damage|p1a: Chocobo|38\/100|[from] move: Magma Storm|[partiallytrapped]\n|upkeep\n|turn|13\n|\n|t:|1700632400\n|move|p2a: Heatran|Protect|p2a: Heatran\n|-singleturn|p2a: Heatran|Protect\n|move|p1a: Chocobo|Roost|p1a: Chocobo\n|-heal|p1a: Chocobo|88\/100\n|-singleturn|p1a: Chocobo|move: Roost\n|\n|-heal|p2a: Heatran|57\/100|[from] item: Leftovers\n|-damage|p1a: Chocobo|75\/100|[from] move: Magma Storm|[partiallytrapped]\n|upkeep\n|turn|14\n|\n|t:|1700632403\n|switch|p2a: Slowking|Slowking-Galar, M, shiny|67\/100\n|-damage|p2a: Slowking|54\/100|[from] Stealth Rock\n|move|p1a: Chocobo|Hurricane|p2a: Slowking\n|-damage|p2a: Slowking|18\/100\n|\n|-heal|p2a: Slowking|24\/100|[from] item: Leftovers\n|-end|p1a: Chocobo|Magma Storm|[partiallytrapped]|[silent]\n|upkeep\n|turn|15\n|\n|t:|1700632415\n|move|p1a: Chocobo|Hurricane|p2a: Slowking|[miss]\n|-miss|p1a: Chocobo|p2a: Slowking\n|move|p2a: Slowking|Chilly Reception|p2a: Slowking\n|-weather|Snow\n|inactive|Ember to Flames has 120 seconds left.\n|\n|t:|1700632440\n|switch|p2a: Meowscarada|Meowscarada, M|100\/100|[from] Chilly Reception\n|-damage|p2a: Meowscarada|88\/100|[from] Stealth Rock\n|\n|-weather|Snow|[upkeep]\n|upkeep\n|turn|16\n|\n|t:|1700632455\n|move|p2a: Meowscarada|Knock Off|p1a: Chocobo\n|-start|p2a: Meowscarada|typechange|Dark|[from] ability: Protean\n|-damage|p1a: Chocobo|24\/100\n|-enditem|p1a: Chocobo|Heavy-Duty Boots|[from] move: Knock Off|[of] p2a: Meowscarada\n|move|p1a: Chocobo|Weather Ball|p2a: Meowscarada\n|-damage|p2a: Meowscarada|32\/100\n|\n|-weather|Snow|[upkeep]\n|upkeep\n|turn|17\n|\n|t:|1700632473\n|switch|p1a: Androidon|Iron Treads|86\/100\n|-damage|p1a: Androidon|83\/100|[from] Stealth Rock\n|move|p2a: Meowscarada|Knock Off|p1a: Androidon\n|-damage|p1a: Androidon|53\/100\n|-enditem|p1a: Androidon|Leftovers|[from] move: Knock Off|[of] p2a: Meowscarada\n|\n|-weather|Snow|[upkeep]\n|upkeep\n|turn|18\n|\n|t:|1700632480\n|switch|p2a: Great Tusk|Great Tusk|100\/100\n|-damage|p2a: Great Tusk|98\/100|[from] Stealth Rock\n|move|p1a: Androidon|Rapid Spin|p2a: Great Tusk\n|-damage|p2a: Great Tusk|90\/100\n|-boost|p1a: Androidon|spe|1\n|-sideend|p1: Charmalane|Stealth Rock|[from] move: Rapid Spin|[of] p1a: Androidon\n|\n|-weather|Snow|[upkeep]\n|-heal|p2a: Great Tusk|96\/100|[from] item: Leftovers\n|upkeep\n|turn|19\n|\n|t:|1700632489\n|-end|p1a: Androidon|Quark Drive|[silent]\n|switch|p1a: Phoenix|Pelipper, M|1\/100\n|-weather|RainDance|[from] ability: Drizzle|[of] p1a: Phoenix\n|move|p2a: Great Tusk|Stealth Rock|p1a: Phoenix\n|-sidestart|p1: Charmalane|move: Stealth Rock\n|\n|-weather|RainDance|[upkeep]\n|-heal|p2a: Great Tusk|100\/100|[from] item: Leftovers\n|upkeep\n|turn|20\n|inactive|Charmalane has 120 seconds left.\n|\n|t:|1700632534\n|switch|p1a: Androidon|Iron Treads|53\/100\n|-damage|p1a: Androidon|49\/100|[from] Stealth Rock\n|move|p2a: Great Tusk|Rapid Spin|p1a: Androidon\n|-resisted|p1a: Androidon\n|-damage|p1a: Androidon|44\/100\n|-boost|p2a: Great Tusk|spe|1\n|-sideend|p2: Ember to Flames|Stealth Rock|[from] move: Rapid Spin|[of] p2a: Great Tusk\n|\n|-weather|RainDance|[upkeep]\n|upkeep\n|turn|21\n|\n|t:|1700632542\n|-end|p1a: Androidon|Quark Drive|[silent]\n|switch|p1a: Chocobo|Zapdos|24\/100\n|-damage|p1a: Chocobo|0 fnt|[from] Stealth Rock\n|faint|p1a: Chocobo\n|move|p2a: Great Tusk|Headlong Rush|p1: Chocobo|[notarget]\n|-fail|p2a: Great Tusk\n|\n|-weather|RainDance|[upkeep]\n|upkeep\n|\n|t:|1700632554\n|switch|p1a: Enguarde|Barraskewda, M|88\/100\n|-damage|p1a: Enguarde|76\/100|[from] Stealth Rock\n|turn|22\n|\n|t:|1700632564\n|-end|p2a: Great Tusk|Protosynthesis|[silent]\n|switch|p2a: Slowking|Slowking-Galar, M, shiny|57\/100\n|-terastallize|p1a: Enguarde|Water\n|move|p1a: Enguarde|Flip Turn|p2a: Slowking\n|-damage|p2a: Slowking|0 fnt\n|faint|p2a: Slowking\n|\n|t:|1700632588\n|switch|p1a: Androidon|Iron Treads|44\/100|[from] Flip Turn\n|-damage|p1a: Androidon|41\/100|[from] Stealth Rock\n|\n|-weather|RainDance|[upkeep]\n|upkeep\n|\n|t:|1700632600\n|switch|p2a: Iron Valiant|Iron Valiant|100\/100\n|-enditem|p2a: Iron Valiant|Booster Energy\n|-activate|p2a: Iron Valiant|ability: Quark Drive|[fromitem]\n|-start|p2a: Iron Valiant|quarkdrivespa\n|turn|23\n|\n|t:|1700632604\n|move|p2a: Iron Valiant|Vacuum Wave|p1a: Androidon\n|-supereffective|p1a: Androidon\n|-damage|p1a: Androidon|0 fnt\n|faint|p1a: Androidon\n|-end|p1a: Androidon|Quark Drive|[silent]\n|\n|-weather|RainDance|[upkeep]\n|upkeep\n|\n|t:|1700632608\n|switch|p1a: Enguarde|Barraskewda, M, tera:Water|76\/100\n|-damage|p1a: Enguarde|64\/100|[from] Stealth Rock\n|turn|24\n|\n|t:|1700632634\n|move|p2a: Iron Valiant|Vacuum Wave|p1a: Enguarde\n|-damage|p1a: Enguarde|4\/100\n|move|p1a: Enguarde|Liquidation|p2a: Iron Valiant\n|-damage|p2a: Iron Valiant|0 fnt\n|faint|p2a: Iron Valiant\n|-end|p2a: Iron Valiant|Quark Drive|[silent]\n|\n|-weather|RainDance|[upkeep]\n|upkeep\n|j| OMG WEMBANYAMA\n|inactive|Ember to Flames has 120 seconds left.\n|\n|t:|1700632665\n|switch|p2a: Meowscarada|Meowscarada, M|32\/100\n|turn|25\n|\n|t:|1700632675\n|switch|p2a: Heatran|Heatran, F, tera:Grass|57\/100\n|move|p1a: Enguarde|Liquidation|p2a: Heatran\n|-resisted|p2a: Heatran\n|-damage|p2a: Heatran|0 fnt\n|faint|p2a: Heatran\n|\n|-weather|RainDance|[upkeep]\n|upkeep\n|c|\u2606Ember to Flames|i misclicked the meow\n|c|\u2606Ember to Flames|whoops\n|inactive|Ember to Flames has 90 seconds left.\n|\n|t:|1700632706\n|switch|p2a: Meowscarada|Meowscarada, M|32\/100\n|turn|26\n|\n|t:|1700632709\n|move|p1a: Enguarde|Liquidation|p2a: Meowscarada\n|-resisted|p2a: Meowscarada\n|-damage|p2a: Meowscarada|0 fnt\n|faint|p2a: Meowscarada\n|\n|-weather|none\n|upkeep\n|\n|t:|1700632710\n|switch|p2a: Great Tusk|Great Tusk|100\/100\n|turn|27\n|\n|t:|1700632716\n|move|p1a: Enguarde|Liquidation|p2a: Great Tusk\n|-supereffective|p2a: Great Tusk\n|-damage|p2a: Great Tusk|0 fnt\n|faint|p2a: Great Tusk\n|-end|p2a: Great Tusk|Protosynthesis|[silent]\n|\n|win|Charmalane\n|raw|Charmalane's rating: 1541 &rarr; <strong>1569<\/strong><br \/>(+28 for winning)\n|raw|Ember to Flames's rating: 1686 &rarr; <strong>1658<\/strong><br \/>(-28 for losing)\n|l|\u2606Ember to Flames\n","uploadtime":1700632723,"views":0,"p1id":"charmalane","p2id":"embertoflames","formatid":"gen9ou","rating":1569,"private":0,"password":""}