{"id":"gen9ou-2000626477","p1":"life wont change","p2":"whatabeautifulname","format":"[Gen 9] OU","log":"|j|\u2606life wont change\n|j|\u2606whatabeautifulname\n|inactive|Battle timer is ON: inactive players will automatically lose when time's up.\n|t:|1701211941\n|gametype|singles\n|player|p1|life wont change|anabel|\n|player|p2|whatabeautifulname|brock|\n|teamsize|p1|6\n|teamsize|p2|6\n|gen|9\n|tier|[Gen 9] OU\n|rated|Tournament battle\n|rule|Sleep Clause Mod: Limit one foe put to sleep\n|rule|Species Clause: Limit one of each Pok\u00e9mon\n|rule|OHKO Clause: OHKO moves are banned\n|rule|Evasion Items Clause: Evasion items are banned\n|rule|Evasion Moves Clause: Evasion moves are banned\n|rule|Endless Battle Clause: Forcing endless battles is banned\n|rule|HP Percentage Mod: HP is shown in percentages\n|clearpoke\n|poke|p1|Gholdengo|\n|poke|p1|Ogerpon-Cornerstone, F|\n|poke|p1|Great Tusk|\n|poke|p1|Kingambit, M|\n|poke|p1|Slowking-Galar, M|\n|poke|p1|Tornadus-Therian, M|\n|poke|p2|Zamazenta-*|\n|poke|p2|Ceruledge, M|\n|poke|p2|Cresselia, F|\n|poke|p2|Tatsugiri, M|\n|poke|p2|Dragapult, F|\n|poke|p2|Toxapex, F|\n|teampreview\n|j|*Lady Monita \u2746\n|j| BB-8-NU\n|j| NoTollsNoRolls\n|inactive|life wont change has 120 seconds left.\n|\n|t:|1701211984\n|start\n|switch|p1a: Great Tusk|Great Tusk|100\/100\n|switch|p2a: Toxapex|Toxapex, F|100\/100\n|turn|1\n|\n|t:|1701211991\n|move|p1a: Great Tusk|Stealth Rock|p2a: Toxapex\n|-sidestart|p2: whatabeautifulname|move: Stealth Rock\n|move|p2a: Toxapex|Toxic|p1a: Great Tusk\n|-status|p1a: Great Tusk|tox\n|\n|-damage|p1a: Great Tusk|94\/100 tox|[from] psn\n|upkeep\n|turn|2\n|j| FFew\n|\n|t:|1701211997\n|switch|p2a: Cresselia|Cresselia, F|100\/100\n|-damage|p2a: Cresselia|88\/100|[from] Stealth Rock\n|move|p1a: Great Tusk|Knock Off|p2a: Cresselia\n|-supereffective|p2a: Cresselia\n|-damage|p2a: Cresselia|58\/100\n|-enditem|p2a: Cresselia|Leftovers|[from] move: Knock Off|[of] p1a: Great Tusk\n|\n|-heal|p1a: Great Tusk|100\/100 tox|[from] item: Leftovers\n|-damage|p1a: Great Tusk|88\/100 tox|[from] psn\n|upkeep\n|turn|3\n|\n|t:|1701212009\n|-end|p1a: Great Tusk|Protosynthesis|[silent]\n|switch|p1a: Slowking|Slowking-Galar, M|100\/100\n|move|p2a: Cresselia|Moonlight|p2a: Cresselia\n|-heal|p2a: Cresselia|100\/100\n|\n|upkeep\n|turn|4\n|\n|t:|1701212015\n|move|p2a: Cresselia|Calm Mind|p2a: Cresselia\n|-boost|p2a: Cresselia|spa|1\n|-boost|p2a: Cresselia|spd|1\n|move|p1a: Slowking|Future Sight|p2a: Cresselia\n|-start|p1a: Slowking|move: Future Sight\n|\n|upkeep\n|turn|5\n|j| ASilentDragon\n|\n|t:|1701212033\n|move|p2a: Cresselia|Calm Mind|p2a: Cresselia\n|-boost|p2a: Cresselia|spa|1\n|-boost|p2a: Cresselia|spd|1\n|move|p1a: Slowking|Chilly Reception|p1a: Slowking\n|-weather|Snow\n|\n|t:|1701212035\n|switch|p1a: Ogerpon|Ogerpon-Cornerstone, F|100\/100|[from] Chilly Reception\n|\n|-weather|Snow|[upkeep]\n|upkeep\n|turn|6\n|j| Kolyra\n|\n|t:|1701212042\n|move|p1a: Ogerpon|Encore|p2a: Cresselia\n|-start|p2a: Cresselia|Encore\n|move|p2a: Cresselia|Calm Mind|p2a: Cresselia\n|-boost|p2a: Cresselia|spa|1\n|-boost|p2a: Cresselia|spd|1\n|\n|-weather|Snow|[upkeep]\n|-end|p2a: Cresselia|move: Future Sight\n|-resisted|p2a: Cresselia\n|-damage|p2a: Cresselia|94\/100\n|upkeep\n|turn|7\n|\n|t:|1701212048\n|switch|p2a: Toxapex|Toxapex, F|100\/100\n|-damage|p2a: Toxapex|88\/100|[from] Stealth Rock\n|move|p1a: Ogerpon|U-turn|p2a: Toxapex\n|-resisted|p2a: Toxapex\n|-damage|p2a: Toxapex|78\/100\n|\n|t:|1701212052\n|switch|p1a: Gholdengo|Gholdengo|100\/100|[from] U-turn\n|\n|-weather|Snow|[upkeep]\n|-heal|p2a: Toxapex|85\/100|[from] item: Leftovers\n|upkeep\n|turn|8\n|\n|t:|1701212057\n|move|p1a: Gholdengo|Shadow Ball|p2a: Toxapex\n|-damage|p2a: Toxapex|32\/100\n|move|p2a: Toxapex|Toxic Spikes|p1a: Gholdengo\n|-sidestart|p1: life wont change|move: Toxic Spikes\n|\n|-weather|Snow|[upkeep]\n|-heal|p2a: Toxapex|38\/100|[from] item: Leftovers\n|upkeep\n|turn|9\n|\n|t:|1701212071\n|switch|p2a: Tatsugiri|Tatsugiri, M|100\/100\n|-damage|p2a: Tatsugiri|88\/100|[from] Stealth Rock\n|move|p1a: Gholdengo|Shadow Ball|p2a: Tatsugiri\n|-damage|p2a: Tatsugiri|0 fnt\n|faint|p2a: Tatsugiri\n|\n|-weather|none\n|upkeep\n|j|#Daki\n|inactive|whatabeautifulname has 120 seconds left.\n|j| jawiththeblicky\n|\n|t:|1701212104\n|switch|p2a: Ceruledge|Ceruledge, M|100\/100\n|-damage|p2a: Ceruledge|76\/100|[from] Stealth Rock\n|turn|10\n|l| jawiththeblicky\n|l| ASilentDragon\n|\n|t:|1701212109\n|-terastallize|p1a: Gholdengo|Flying\n|-terastallize|p2a: Ceruledge|Fairy\n|move|p1a: Gholdengo|Shadow Ball|p2a: Ceruledge\n|-damage|p2a: Ceruledge|22\/100\n|move|p2a: Ceruledge|Bitter Blade|p1a: Gholdengo\n|-damage|p1a: Gholdengo|53\/100\n|-heal|p2a: Ceruledge|43\/100|[from] drain|[of] p1a: Gholdengo\n|\n|upkeep\n|turn|11\n|\n|t:|1701212122\n|move|p2a: Ceruledge|Shadow Sneak|p1a: Gholdengo\n|-damage|p1a: Gholdengo|31\/100\n|move|p1a: Gholdengo|Shadow Ball|p2a: Ceruledge\n|-damage|p2a: Ceruledge|0 fnt\n|faint|p2a: Ceruledge\n|\n|upkeep\n|inactive|whatabeautifulname has 120 seconds left.\n|\n|t:|1701212136\n|switch|p2a: Zamazenta|Zamazenta|100\/100\n|-damage|p2a: Zamazenta|94\/100|[from] Stealth Rock\n|-ability|p2a: Zamazenta|Dauntless Shield|boost\n|-boost|p2a: Zamazenta|def|1\n|turn|12\n|\n|t:|1701212140\n|switch|p1a: Slowking|Slowking-Galar, M|100\/100\n|-sideend|p1: life wont change|move: Toxic Spikes|[of] p1a: Slowking\n|move|p2a: Zamazenta|Crunch|p1a: Slowking\n|-supereffective|p1a: Slowking\n|-crit|p1a: Slowking\n|-damage|p1a: Slowking|37\/100\n|\n|-heal|p2a: Zamazenta|100\/100|[from] item: Leftovers\n|upkeep\n|turn|13\n|\n|t:|1701212149\n|switch|p1a: Tornadus|Tornadus-Therian, M|100\/100\n|move|p2a: Zamazenta|Crunch|p1a: Tornadus\n|-damage|p1a: Tornadus|74\/100\n|\n|upkeep\n|turn|14\n|\n|t:|1701212155\n|switch|p2a: Toxapex|Toxapex, F|72\/100\n|-damage|p2a: Toxapex|59\/100|[from] Stealth Rock\n|switch|p1a: Great Tusk|Great Tusk|88\/100 tox\n|\n|-heal|p1a: Great Tusk|94\/100 tox|[from] item: Leftovers\n|-heal|p2a: Toxapex|65\/100|[from] item: Leftovers\n|-damage|p1a: Great Tusk|88\/100 tox|[from] psn\n|upkeep\n|turn|15\n|\n|t:|1701212163\n|-end|p1a: Great Tusk|Protosynthesis|[silent]\n|switch|p1a: Slowking|Slowking-Galar, M|70\/100\n|switch|p2a: Cresselia|Cresselia, F|94\/100\n|-damage|p2a: Cresselia|82\/100|[from] Stealth Rock\n|\n|upkeep\n|turn|16\n|\n|t:|1701212175\n|switch|p2a: Toxapex|Toxapex, F|99\/100\n|-damage|p2a: Toxapex|86\/100|[from] Stealth Rock\n|move|p1a: Slowking|Future Sight|p2a: Toxapex\n|-start|p1a: Slowking|move: Future Sight\n|\n|-heal|p2a: Toxapex|92\/100|[from] item: Leftovers\n|upkeep\n|turn|17\n|\n|t:|1701212178\n|move|p2a: Toxapex|Toxic Spikes|p1a: Slowking\n|-sidestart|p1: life wont change|move: Toxic Spikes\n|move|p1a: Slowking|Chilly Reception|p1a: Slowking\n|-weather|Snow\n|\n|t:|1701212181\n|switch|p1a: Gholdengo|Gholdengo, tera:Flying|31\/100|[from] Chilly Reception\n|\n|-weather|Snow|[upkeep]\n|-heal|p2a: Toxapex|99\/100|[from] item: Leftovers\n|upkeep\n|turn|18\n|\n|t:|1701212194\n|move|p1a: Gholdengo|Shadow Ball|p2a: Toxapex\n|-damage|p2a: Toxapex|44\/100\n|move|p2a: Toxapex|Toxic|p1a: Gholdengo\n|-immune|p1a: Gholdengo|[from] ability: Good as Gold\n|\n|-weather|Snow|[upkeep]\n|-end|p2a: Toxapex|move: Future Sight\n|-supereffective|p2a: Toxapex\n|-damage|p2a: Toxapex|0 fnt\n|faint|p2a: Toxapex\n|upkeep\n|c|\u2606whatabeautifulname|damn\n|l| FFew\n|\n|t:|1701212208\n|switch|p2a: Zamazenta|Zamazenta|100\/100\n|-damage|p2a: Zamazenta|94\/100|[from] Stealth Rock\n|turn|19\n|\n|t:|1701212212\n|switch|p1a: Slowking|Slowking-Galar, M|100\/100\n|-sideend|p1: life wont change|move: Toxic Spikes|[of] p1a: Slowking\n|move|p2a: Zamazenta|Crunch|p1a: Slowking\n|-supereffective|p1a: Slowking\n|-damage|p1a: Slowking|57\/100\n|\n|-weather|Snow|[upkeep]\n|-heal|p2a: Zamazenta|100\/100|[from] item: Leftovers\n|upkeep\n|turn|20\n|\n|t:|1701212220\n|switch|p1a: Tornadus|Tornadus-Therian, M|100\/100\n|move|p2a: Zamazenta|Crunch|p1a: Tornadus\n|-damage|p1a: Tornadus|75\/100\n|\n|-weather|Snow|[upkeep]\n|upkeep\n|turn|21\n|l| Kolyra\n|-message|whatabeautifulname forfeited.\n|\n|win|life wont change\n|n|\u2606life wont change|lifewontchange\n|n|\u2606whatabeautifulname|whatabeautifulname\n|n|*Lady Monita \u2746|ladymonita\n|n| BB-8-NU|bb8nu\n|n| NoTollsNoRolls|notollsnorolls\n|n|%Daki|daki\n|l|*Lady Monita \u2746\n|l|\u2606whatabeautifulname\n|l| BB-8-NU\n|l| NoTollsNoRolls\n|l|\u2606life wont change\n|j|\u2606life wont change\n|player|p1|life wont change|anabel\n","uploadtime":1701212271,"views":4,"p1id":"lifewontchange","p2id":"whatabeautifulname","formatid":"gen9ou","rating":0,"private":0,"password":""}