{"id":"gen9ou-1991667592","p1":"StatykBoy","p2":"acvo1","format":"[Gen 9] OU","log":"|j|\u2606StatykBoy\n|j|\u2606acvo1\n|t:|1700100430\n|gametype|singles\n|player|p1|StatykBoy|170|1217\n|player|p2|acvo1|harlequin|1260\n|teamsize|p1|6\n|teamsize|p2|6\n|gen|9\n|tier|[Gen 9] OU\n|rated|\n|rule|Sleep Clause Mod: Limit one foe put to sleep\n|rule|Species Clause: Limit one of each Pok\u00e9mon\n|rule|OHKO Clause: OHKO moves are banned\n|rule|Evasion Items Clause: Evasion items are banned\n|rule|Evasion Moves Clause: Evasion moves are banned\n|rule|Endless Battle Clause: Forcing endless battles is banned\n|rule|HP Percentage Mod: HP is shown in percentages\n|clearpoke\n|poke|p1|Ceruledge, M|\n|poke|p1|Enamorus, F|\n|poke|p1|Great Tusk|\n|poke|p1|Grimmsnarl, M|\n|poke|p1|Slowking-Galar, F|\n|poke|p1|Ogerpon-Cornerstone, F|\n|poke|p2|Vikavolt, F|\n|poke|p2|Enamorus, F|\n|poke|p2|Great Tusk|\n|poke|p2|Gholdengo|\n|poke|p2|Kommo-o, M|\n|poke|p2|Iron Moth|\n|teampreview\n|inactive|Battle timer is ON: inactive players will automatically lose when time's up. (requested by acvo1)\n|j| wookiepizza\n|\n|t:|1700100441\n|start\n|switch|p1a: Grimmsnarl|Grimmsnarl, M|100\/100\n|switch|p2a: Vicodi\u00f1o|Vikavolt, F|100\/100\n|turn|1\n|\n|t:|1700100451\n|move|p1a: Grimmsnarl|Light Screen|p1a: Grimmsnarl\n|-sidestart|p1: StatykBoy|move: Light Screen\n|move|p2a: Vicodi\u00f1o|Volt Switch|p1a: Grimmsnarl\n|-damage|p1a: Grimmsnarl|84\/100\n|\n|t:|1700100465\n|switch|p2a: Both Baby|Iron Moth|100\/100|[from] Volt Switch\n|-enditem|p2a: Both Baby|Booster Energy\n|-activate|p2a: Both Baby|ability: Quark Drive|[fromitem]\n|-start|p2a: Both Baby|quarkdrivespe\n|\n|upkeep\n|turn|2\n|\n|t:|1700100478\n|move|p1a: Grimmsnarl|Parting Shot|p2a: Both Baby\n|-unboost|p2a: Both Baby|atk|1\n|-unboost|p2a: Both Baby|spa|1\n|\n|t:|1700100483\n|switch|p1a: King Kardashian|Slowking-Galar, F|100\/100|[from] Parting Shot\n|-item|p1a: King Kardashian|Air Balloon\n|move|p2a: Both Baby|Sludge Wave|p1a: King Kardashian\n|-resisted|p1a: King Kardashian\n|-damage|p1a: King Kardashian|96\/100\n|-enditem|p1a: King Kardashian|Air Balloon\n|\n|upkeep\n|turn|3\n|\n|t:|1700100506\n|-end|p2a: Both Baby|Quark Drive|[silent]\n|switch|p2a: Vicodi\u00f1o|Vikavolt, F|100\/100\n|move|p1a: King Kardashian|Eerie Spell|p2a: Vicodi\u00f1o\n|-damage|p2a: Vicodi\u00f1o|61\/100\n|\n|upkeep\n|turn|4\n|inactive|StatykBoy has 120 seconds left.\n|\n|t:|1700100538\n|switch|p1a: Ogerpon|Ogerpon-Cornerstone, F|100\/100\n|move|p2a: Vicodi\u00f1o|Sticky Web|p1a: Ogerpon\n|-sidestart|p1: StatykBoy|move: Sticky Web\n|\n|upkeep\n|turn|5\n|\n|t:|1700100555\n|switch|p2a: Dentist G-Ram|Great Tusk|100\/100\n|-enditem|p2a: Dentist G-Ram|Booster Energy\n|-activate|p2a: Dentist G-Ram|ability: Protosynthesis|[fromitem]\n|-start|p2a: Dentist G-Ram|protosynthesisatk\n|move|p1a: Ogerpon|Swords Dance|p1a: Ogerpon\n|-boost|p1a: Ogerpon|atk|2\n|\n|upkeep\n|turn|6\n|\n|t:|1700100566\n|-terastallize|p2a: Dentist G-Ram|Ice\n|move|p1a: Ogerpon|Horn Leech|p2a: Dentist G-Ram\n|-damage|p2a: Dentist G-Ram|34\/100\n|move|p2a: Dentist G-Ram|Ice Spinner|p1a: Ogerpon\n|-supereffective|p1a: Ogerpon\n|-ability|p1a: Ogerpon|Sturdy\n|-damage|p1a: Ogerpon|1\/100\n|\n|upkeep\n|turn|7\n|\n|t:|1700100590\n|move|p1a: Ogerpon|Horn Leech|p2a: Dentist G-Ram\n|-damage|p2a: Dentist G-Ram|0 fnt\n|-heal|p1a: Ogerpon|21\/100|[from] drain|[of] p2a: Dentist G-Ram\n|faint|p2a: Dentist G-Ram\n|-end|p2a: Dentist G-Ram|Protosynthesis|[silent]\n|\n|upkeep\n|inactive|acvo1 has 120 seconds left.\n|\n|t:|1700100603\n|switch|p2a: Both Baby|Iron Moth|100\/100\n|turn|8\n|inactive|StatykBoy has 120 seconds left.\n|\n|t:|1700100616\n|move|p2a: Both Baby|Fiery Dance|p1a: Ogerpon\n|-damage|p1a: Ogerpon|0 fnt\n|faint|p1a: Ogerpon\n|\n|-sideend|p1: StatykBoy|move: Light Screen\n|upkeep\n|inactive|StatykBoy has 120 seconds left.\n|\n|t:|1700100636\n|switch|p1a: Grimmsnarl|Grimmsnarl, M|84\/100\n|-activate|p1a: Grimmsnarl|move: Sticky Web\n|-unboost|p1a: Grimmsnarl|spe|1\n|turn|9\n|\n|t:|1700100645\n|move|p1a: Grimmsnarl|Light Screen|p1a: Grimmsnarl\n|-sidestart|p1: StatykBoy|move: Light Screen\n|move|p2a: Both Baby|Sludge Wave|p1a: Grimmsnarl\n|-supereffective|p1a: Grimmsnarl\n|-damage|p1a: Grimmsnarl|46\/100\n|\n|upkeep\n|turn|10\n|inactive|StatykBoy has 120 seconds left.\n|\n|t:|1700100652\n|move|p1a: Grimmsnarl|Parting Shot|p2a: Both Baby\n|-unboost|p2a: Both Baby|atk|1\n|-unboost|p2a: Both Baby|spa|1\n|inactive|StatykBoy has 120 seconds left.\n|\n|t:|1700100658\n|switch|p1a: Tartiflette|Great Tusk|100\/100|[from] Parting Shot\n|-activate|p1a: Tartiflette|move: Sticky Web\n|-unboost|p1a: Tartiflette|spe|1\n|move|p2a: Both Baby|Sludge Wave|p1a: Tartiflette\n|-resisted|p1a: Tartiflette\n|-damage|p1a: Tartiflette|91\/100\n|\n|upkeep\n|turn|11\n|inactive|StatykBoy has 120 seconds left.\n|\n|t:|1700100677\n|move|p2a: Both Baby|Dazzling Gleam|p1a: Tartiflette\n|-supereffective|p1a: Tartiflette\n|-damage|p1a: Tartiflette|69\/100\n|move|p1a: Tartiflette|Rapid Spin|p2a: Both Baby\n|-damage|p2a: Both Baby|79\/100\n|-boost|p1a: Tartiflette|spe|1\n|-sideend|p1: StatykBoy|Sticky Web|[from] move: Rapid Spin|[of] p1a: Tartiflette\n|\n|upkeep\n|turn|12\n|inactive|StatykBoy has 120 seconds left.\n|\n|t:|1700100687\n|-end|p2a: Both Baby|Quark Drive|[silent]\n|switch|p2a: Djengo Unrained|Gholdengo|100\/100\n|-item|p2a: Djengo Unrained|Air Balloon\n|move|p1a: Tartiflette|Earthquake|p2a: Djengo Unrained\n|-immune|p2a: Djengo Unrained\n|\n|upkeep\n|turn|13\n|inactive|StatykBoy has 120 seconds left.\n|\n|t:|1700100717\n|-end|p1a: Tartiflette|Protosynthesis|[silent]\n|switch|p1a: King Kardashian|Slowking-Galar, F|100\/100\n|move|p2a: Djengo Unrained|Nasty Plot|p2a: Djengo Unrained\n|-boost|p2a: Djengo Unrained|spa|2\n|\n|upkeep\n|turn|14\n|inactive|acvo1 has 120 seconds left.\n|\n|t:|1700100756\n|switch|p2a: Vicodi\u00f1o|Vikavolt, F|61\/100\n|move|p1a: King Kardashian|Eerie Spell|p2a: Vicodi\u00f1o\n|-damage|p2a: Vicodi\u00f1o|28\/100\n|\n|upkeep\n|turn|15\n|inactive|acvo1 has 120 seconds left.\n|inactive|StatykBoy has 90 seconds left.\n|\n|t:|1700100785\n|switch|p1a: Tartiflette|Great Tusk|69\/100\n|move|p2a: Vicodi\u00f1o|Sticky Web|p1a: Tartiflette\n|-sidestart|p1: StatykBoy|move: Sticky Web\n|\n|upkeep\n|turn|16\n|inactive|StatykBoy has 90 seconds left.\n|\n|t:|1700100808\n|-end|p1a: Tartiflette|Protosynthesis|[silent]\n|switch|p1a: Grimmsnarl|Grimmsnarl, M|46\/100\n|-activate|p1a: Grimmsnarl|move: Sticky Web\n|-unboost|p1a: Grimmsnarl|spe|1\n|switch|p2a: Djengo Unrained|Gholdengo|100\/100\n|-item|p2a: Djengo Unrained|Air Balloon\n|\n|-sideend|p1: StatykBoy|move: Light Screen\n|upkeep\n|turn|17\n|\n|t:|1700100818\n|move|p1a: Grimmsnarl|Light Screen|p1a: Grimmsnarl\n|-sidestart|p1: StatykBoy|move: Light Screen\n|move|p2a: Djengo Unrained|Make It Rain|p1a: Grimmsnarl\n|-supereffective|p1a: Grimmsnarl\n|-damage|p1a: Grimmsnarl|2\/100\n|-unboost|p2a: Djengo Unrained|spa|1\n|\n|upkeep\n|turn|18\n|inactive|StatykBoy has 90 seconds left.\n|\n|t:|1700100841\n|move|p1a: Grimmsnarl|Parting Shot|p2a: Djengo Unrained\n|-immune|p2a: Djengo Unrained|[from] ability: Good as Gold\n|move|p2a: Djengo Unrained|Nasty Plot|p2a: Djengo Unrained\n|-boost|p2a: Djengo Unrained|spa|2\n|\n|upkeep\n|turn|19\n|\n|t:|1700100855\n|move|p2a: Djengo Unrained|Psyshock|p1a: Grimmsnarl\n|-immune|p1a: Grimmsnarl\n|move|p1a: Grimmsnarl|False Surrender|p2a: Djengo Unrained\n|-supereffective|p2a: Djengo Unrained\n|-damage|p2a: Djengo Unrained|32\/100\n|-enditem|p2a: Djengo Unrained|Air Balloon\n|\n|upkeep\n|turn|20\n|\n|t:|1700100874\n|move|p1a: Grimmsnarl|Reflect|p1a: Grimmsnarl\n|-sidestart|p1: StatykBoy|Reflect\n|move|p2a: Djengo Unrained|Thunderbolt|p1a: Grimmsnarl\n|-damage|p1a: Grimmsnarl|0 fnt\n|faint|p1a: Grimmsnarl\n|\n|upkeep\n|\n|t:|1700100893\n|switch|p1a: Tartiflette|Great Tusk|69\/100\n|-activate|p1a: Tartiflette|move: Sticky Web\n|-unboost|p1a: Tartiflette|spe|1\n|turn|21\n|\n|t:|1700100901\n|move|p2a: Djengo Unrained|Psyshock|p1a: Tartiflette\n|-supereffective|p1a: Tartiflette\n|-damage|p1a: Tartiflette|51\/100\n|move|p1a: Tartiflette|Earthquake|p2a: Djengo Unrained\n|-supereffective|p2a: Djengo Unrained\n|-damage|p2a: Djengo Unrained|0 fnt\n|faint|p2a: Djengo Unrained\n|\n|upkeep\n|inactive|acvo1 has 120 seconds left.\n|\n|t:|1700100921\n|switch|p2a: Pink Flyday|Enamorus, F, shiny|100\/100\n|turn|22\n|\n|t:|1700100927\n|move|p2a: Pink Flyday|Moonblast|p1a: Tartiflette\n|-supereffective|p1a: Tartiflette\n|-damage|p1a: Tartiflette|0 fnt\n|faint|p1a: Tartiflette\n|-end|p1a: Tartiflette|Protosynthesis|[silent]\n|-damage|p2a: Pink Flyday|91\/100|[from] item: Life Orb\n|\n|upkeep\n|\n|t:|1700100942\n|switch|p1a: King Kardashian|Slowking-Galar, F|100\/100\n|-activate|p1a: King Kardashian|move: Sticky Web\n|-unboost|p1a: King Kardashian|spe|1\n|turn|23\n|\n|t:|1700100955\n|switch|p2a: Vicodi\u00f1o|Vikavolt, F|28\/100\n|move|p1a: King Kardashian|Sludge Bomb|p2a: Vicodi\u00f1o\n|-damage|p2a: Vicodi\u00f1o|0 fnt\n|faint|p2a: Vicodi\u00f1o\n|\n|upkeep\n|\n|t:|1700100963\n|switch|p2a: Both Baby|Iron Moth|79\/100\n|turn|24\n|\n|t:|1700100969\n|move|p2a: Both Baby|Fiery Dance|p1a: King Kardashian\n|-damage|p1a: King Kardashian|88\/100\n|-boost|p2a: Both Baby|spa|1\n|move|p1a: King Kardashian|Eerie Spell|p2a: Both Baby\n|-supereffective|p2a: Both Baby\n|-damage|p2a: Both Baby|23\/100\n|-activate|p2a: Both Baby|move: Eerie Spell|Fiery Dance|3\n|\n|-sideend|p1: StatykBoy|move: Light Screen\n|upkeep\n|turn|25\n|inactive|StatykBoy has 90 seconds left.\n|\n|t:|1700100982\n|move|p2a: Both Baby|Fiery Dance|p1a: King Kardashian\n|-damage|p1a: King Kardashian|53\/100\n|move|p1a: King Kardashian|Eerie Spell|p2a: Both Baby\n|-supereffective|p2a: Both Baby\n|-damage|p2a: Both Baby|0 fnt\n|faint|p2a: Both Baby\n|-end|p2a: Both Baby|Quark Drive|[silent]\n|\n|upkeep\n|\n|t:|1700100991\n|switch|p2a: Tony Komo|Kommo-o, M|100\/100\n|turn|26\n|inactive|StatykBoy has 90 seconds left.\n|\n|t:|1700101002\n|move|p2a: Tony Komo|Clangorous Soul|p2a: Tony Komo\n|-boost|p2a: Tony Komo|atk|1\n|-boost|p2a: Tony Komo|def|1\n|-boost|p2a: Tony Komo|spa|1\n|-boost|p2a: Tony Komo|spd|1\n|-boost|p2a: Tony Komo|spe|1\n|-damage|p2a: Tony Komo|68\/100\n|move|p1a: King Kardashian|Thunder Wave|p2a: Tony Komo\n|-status|p2a: Tony Komo|par\n|\n|-heal|p2a: Tony Komo|74\/100 par|[from] item: Leftovers\n|upkeep\n|turn|27\n|inactive|StatykBoy has 90 seconds left.\n|\n|t:|1700101015\n|move|p2a: Tony Komo|Drain Punch|p1a: King Kardashian\n|-resisted|p1a: King Kardashian\n|-damage|p1a: King Kardashian|48\/100\n|-heal|p2a: Tony Komo|77\/100 par|[from] drain|[of] p1a: King Kardashian\n|move|p1a: King Kardashian|Eerie Spell|p2a: Tony Komo\n|-supereffective|p2a: Tony Komo\n|-damage|p2a: Tony Komo|29\/100 par\n|-activate|p2a: Tony Komo|move: Eerie Spell|Drain Punch|3\n|\n|-heal|p2a: Tony Komo|36\/100 par|[from] item: Leftovers\n|-sideend|p1: StatykBoy|Reflect\n|upkeep\n|turn|28\n|inactive|StatykBoy has 90 seconds left.\n|\n|t:|1700101031\n|cant|p2a: Tony Komo|par\n|move|p1a: King Kardashian|Chilly Reception|p1a: King Kardashian\n|-weather|Snow\n|\n|t:|1700101036\n|switch|p1a: Hitrois|Enamorus, F|100\/100|[from] Chilly Reception\n|\n|-weather|Snow|[upkeep]\n|-heal|p2a: Tony Komo|42\/100 par|[from] item: Leftovers\n|upkeep\n|turn|29\n|inactive|StatykBoy has 90 seconds left.\n|\n|t:|1700101044\n|move|p1a: Hitrois|Moonblast|p2a: Tony Komo\n|-supereffective|p2a: Tony Komo\n|-damage|p2a: Tony Komo|0 fnt\n|faint|p2a: Tony Komo\n|\n|-weather|Snow|[upkeep]\n|upkeep\n|\n|t:|1700101050\n|switch|p2a: Pink Flyday|Enamorus, F, shiny|91\/100\n|turn|30\n|\n|t:|1700101059\n|move|p1a: Hitrois|Calm Mind|p1a: Hitrois\n|-boost|p1a: Hitrois|spa|1\n|-boost|p1a: Hitrois|spd|1\n|move|p2a: Pink Flyday|Moonblast|p1a: Hitrois\n|-damage|p1a: Hitrois|41\/100\n|-damage|p2a: Pink Flyday|81\/100|[from] item: Life Orb\n|\n|-weather|Snow|[upkeep]\n|upkeep\n|turn|31\n|\n|t:|1700101066\n|move|p1a: Hitrois|Moonblast|p2a: Pink Flyday\n|-damage|p2a: Pink Flyday|0 fnt\n|faint|p2a: Pink Flyday\n|\n|win|StatykBoy\n|raw|StatykBoy's rating: 1217 &rarr; <strong>1245<\/strong><br \/>(+28 for winning)\n|raw|acvo1's rating: 1260 &rarr; <strong>1232<\/strong><br \/>(-28 for losing)\n|l|\u2606acvo1\n|l|\u2606StatykBoy\n","uploadtime":1700102417,"views":8,"p1id":"statykboy","p2id":"acvo1","formatid":"gen9ou","rating":1232,"private":0,"password":""}