{"id":"gen9ou-1992390579","p1":"Rookie the Wolf","p2":"Anriot","format":"[Gen 9] OU","log":"|j|\u2606Rookie the Wolf\n|j|\u2606Anriot\n|t:|1700182059\n|gametype|singles\n|player|p1|Rookie the Wolf|benga|\n|player|p2|Anriot|riley|\n|teamsize|p1|6\n|teamsize|p2|6\n|gen|9\n|tier|[Gen 9] OU\n|rule|Sleep Clause Mod: Limit one foe put to sleep\n|rule|Species Clause: Limit one of each Pok\u00e9mon\n|rule|OHKO Clause: OHKO moves are banned\n|rule|Evasion Items Clause: Evasion items are banned\n|rule|Evasion Moves Clause: Evasion moves are banned\n|rule|Endless Battle Clause: Forcing endless battles is banned\n|rule|HP Percentage Mod: HP is shown in percentages\n|clearpoke\n|poke|p1|Zapdos|\n|poke|p1|Pelipper, M|\n|poke|p1|Krookodile, M|\n|poke|p1|Fezandipiti, M|\n|poke|p1|Toedscruel, M|\n|poke|p1|Tinkaton, F|\n|poke|p2|Empoleon, M|\n|poke|p2|Amoonguss, F|\n|poke|p2|Mamoswine, M|\n|poke|p2|Heatran, M|\n|poke|p2|Floatzel, F|\n|poke|p2|Ogerpon, F|\n|teampreview\n|\n|t:|1700182069\n|start\n|switch|p1a: Edelgard|Tinkaton, F, shiny|100\/100\n|switch|p2a: c mamut :v|Mamoswine, M|100\/100\n|-ability|p1a: Edelgard|Mold Breaker\n|turn|1\n|\n|t:|1700182083\n|switch|p1a: Chongus|Pelipper, M|100\/100\n|-weather|RainDance|[from] ability: Drizzle|[of] p1a: Chongus\n|move|p2a: c mamut :v|Earthquake|p1a: Chongus\n|-immune|p1a: Chongus\n|\n|-weather|RainDance|[upkeep]\n|upkeep\n|turn|2\n|j| LupinoFTW\n|j| LuichoX\n|\n|t:|1700182095\n|switch|p2a: Empoleon|Empoleon, M|100\/100\n|move|p1a: Chongus|U-turn|p2a: Empoleon\n|-resisted|p2a: Empoleon\n|-damage|p2a: Empoleon|96\/100\n|\n|t:|1700182104\n|switch|p1a: Bloody Sunday|Zapdos|100\/100|[from] U-turn\n|\n|-weather|RainDance|[upkeep]\n|-heal|p2a: Empoleon|100\/100|[from] item: Leftovers\n|upkeep\n|turn|3\n|\n|t:|1700182129\n|switch|p1a: Edelgard|Tinkaton, F, shiny|100\/100\n|-ability|p1a: Edelgard|Mold Breaker\n|switch|p2a: c mamut :v|Mamoswine, M|100\/100\n|\n|-weather|RainDance|[upkeep]\n|upkeep\n|turn|4\n|\n|t:|1700182141\n|switch|p1a: Bloody Sunday|Zapdos|100\/100\n|move|p2a: c mamut :v|Earthquake|p1a: Bloody Sunday\n|-immune|p1a: Bloody Sunday\n|\n|-weather|RainDance|[upkeep]\n|upkeep\n|turn|5\n|\n|t:|1700182150\n|move|p1a: Bloody Sunday|Weather Ball|p2a: c mamut :v\n|-supereffective|p2a: c mamut :v\n|-damage|p2a: c mamut :v|0 fnt\n|faint|p2a: c mamut :v\n|\n|-weather|none\n|upkeep\n|\n|t:|1700182161\n|switch|p2a: Cheatran|Heatran, M|100\/100\n|-item|p2a: Cheatran|Air Balloon\n|turn|6\n|\n|t:|1700182169\n|switch|p1a: Chongus|Pelipper, M|100\/100\n|-weather|RainDance|[from] ability: Drizzle|[of] p1a: Chongus\n|move|p2a: Cheatran|Magma Storm|p1a: Chongus\n|-resisted|p1a: Chongus\n|-damage|p1a: Chongus|85\/100\n|-activate|p1a: Chongus|move: Magma Storm|[of] p2a: Cheatran\n|\n|-weather|RainDance|[upkeep]\n|-damage|p1a: Chongus|72\/100|[from] move: Magma Storm|[partiallytrapped]\n|upkeep\n|turn|7\n|\n|t:|1700182184\n|switch|p2a: Empoleon|Empoleon, M|100\/100\n|move|p1a: Chongus|Hurricane|p2a: Empoleon\n|-resisted|p2a: Empoleon\n|-damage|p2a: Empoleon|86\/100\n|\n|-weather|RainDance|[upkeep]\n|-heal|p2a: Empoleon|92\/100|[from] item: Leftovers\n|-end|p1a: Chongus|Magma Storm|[partiallytrapped]|[silent]\n|upkeep\n|turn|8\n|\n|t:|1700182203\n|move|p2a: Empoleon|Agility|p2a: Empoleon\n|-boost|p2a: Empoleon|spe|2\n|move|p1a: Chongus|U-turn|p2a: Empoleon\n|-resisted|p2a: Empoleon\n|-damage|p2a: Empoleon|87\/100\n|\n|t:|1700182214\n|switch|p1a: Edelgard|Tinkaton, F, shiny|100\/100|[from] U-turn\n|-ability|p1a: Edelgard|Mold Breaker\n|\n|-weather|RainDance|[upkeep]\n|-heal|p2a: Empoleon|93\/100|[from] item: Leftovers\n|upkeep\n|turn|9\n|\n|t:|1700182230\n|move|p2a: Empoleon|Surf|p1a: Edelgard\n|-damage|p1a: Edelgard|66\/100\n|move|p1a: Edelgard|Knock Off|p2a: Empoleon\n|-damage|p2a: Empoleon|77\/100\n|-enditem|p2a: Empoleon|Leftovers|[from] move: Knock Off|[of] p1a: Edelgard\n|\n|-weather|RainDance|[upkeep]\n|-heal|p1a: Edelgard|72\/100|[from] item: Leftovers\n|upkeep\n|turn|10\n|\n|t:|1700182240\n|move|p2a: Empoleon|Surf|p1a: Edelgard\n|-damage|p1a: Edelgard|36\/100\n|move|p1a: Edelgard|Thunder Wave|p2a: Empoleon\n|-status|p2a: Empoleon|par\n|\n|-weather|none\n|-heal|p1a: Edelgard|42\/100|[from] item: Leftovers\n|upkeep\n|turn|11\n|\n|t:|1700182251\n|move|p1a: Edelgard|Stealth Rock|p2a: Empoleon\n|-sidestart|p2: Anriot|move: Stealth Rock\n|move|p2a: Empoleon|Surf|p1a: Edelgard\n|-damage|p1a: Edelgard|14\/100\n|\n|-heal|p1a: Edelgard|21\/100|[from] item: Leftovers\n|upkeep\n|turn|12\n|\n|t:|1700182263\n|switch|p1a: Unfezandipiti|Fezandipiti, M|100\/100\n|cant|p2a: Empoleon|par\n|\n|upkeep\n|turn|13\n|\n|t:|1700182270\n|move|p1a: Unfezandipiti|Calm Mind|p1a: Unfezandipiti\n|-boost|p1a: Unfezandipiti|spa|1\n|-boost|p1a: Unfezandipiti|spd|1\n|cant|p2a: Empoleon|par\n|\n|upkeep\n|turn|14\n|\n|t:|1700182276\n|move|p1a: Unfezandipiti|Calm Mind|p1a: Unfezandipiti\n|-boost|p1a: Unfezandipiti|spa|1\n|-boost|p1a: Unfezandipiti|spd|1\n|cant|p2a: Empoleon|par\n|\n|upkeep\n|turn|15\n|\n|t:|1700182282\n|switch|p2a: Cheatran|Heatran, M|100\/100\n|-damage|p2a: Cheatran|88\/100|[from] Stealth Rock\n|-item|p2a: Cheatran|Air Balloon\n|move|p1a: Unfezandipiti|Calm Mind|p1a: Unfezandipiti\n|-boost|p1a: Unfezandipiti|spa|1\n|-boost|p1a: Unfezandipiti|spd|1\n|\n|upkeep\n|turn|16\n|inactive|Battle timer is ON: inactive players will automatically lose when time's up. (requested by Anriot)\n|\n|t:|1700182292\n|move|p1a: Unfezandipiti|Moonblast|p2a: Cheatran\n|-resisted|p2a: Cheatran\n|-damage|p2a: Cheatran|79\/100\n|-unboost|p2a: Cheatran|spa|1\n|-enditem|p2a: Cheatran|Air Balloon\n|move|p2a: Cheatran|Taunt|p1a: Unfezandipiti\n|-start|p1a: Unfezandipiti|move: Taunt\n|\n|upkeep\n|turn|17\n|\n|t:|1700182309\n|switch|p1a: Chongus|Pelipper, M|72\/100\n|-weather|RainDance|[from] ability: Drizzle|[of] p1a: Chongus\n|move|p2a: Cheatran|Will-O-Wisp|p1a: Chongus\n|-status|p1a: Chongus|brn\n|\n|-weather|RainDance|[upkeep]\n|-damage|p1a: Chongus|66\/100 brn|[from] brn\n|upkeep\n|turn|18\n|\n|t:|1700182322\n|switch|p2a: Empoleon|Empoleon, M|77\/100 par\n|-damage|p2a: Empoleon|71\/100 par|[from] Stealth Rock\n|move|p1a: Chongus|Roost|p1a: Chongus\n|-heal|p1a: Chongus|100\/100 brn\n|-singleturn|p1a: Chongus|move: Roost\n|\n|-weather|RainDance|[upkeep]\n|-damage|p1a: Chongus|94\/100 brn|[from] brn\n|upkeep\n|turn|19\n|\n|t:|1700182334\n|move|p1a: Chongus|U-turn|p2a: Empoleon\n|-resisted|p2a: Empoleon\n|-damage|p2a: Empoleon|69\/100 par\n|\n|t:|1700182339\n|switch|p1a: Bloody Sunday|Zapdos|100\/100|[from] U-turn\n|move|p2a: Empoleon|Agility|p2a: Empoleon\n|-boost|p2a: Empoleon|spe|2\n|\n|-weather|RainDance|[upkeep]\n|upkeep\n|turn|20\n|\n|t:|1700182353\n|-terastallize|p2a: Empoleon|Electric\n|move|p1a: Bloody Sunday|Thunderbolt|p2a: Empoleon\n|-resisted|p2a: Empoleon\n|-damage|p2a: Empoleon|52\/100 par\n|cant|p2a: Empoleon|par\n|\n|-weather|RainDance|[upkeep]\n|upkeep\n|turn|21\n|\n|t:|1700182366\n|move|p1a: Bloody Sunday|Weather Ball|p2a: Empoleon\n|-damage|p2a: Empoleon|11\/100 par\n|move|p2a: Empoleon|Ice Beam|p1a: Bloody Sunday\n|-supereffective|p1a: Bloody Sunday\n|-damage|p1a: Bloody Sunday|41\/100\n|\n|-weather|none\n|upkeep\n|turn|22\n|\n|t:|1700182375\n|move|p1a: Bloody Sunday|Roost|p1a: Bloody Sunday\n|-heal|p1a: Bloody Sunday|91\/100\n|-singleturn|p1a: Bloody Sunday|move: Roost\n|move|p2a: Empoleon|Ice Beam|p1a: Bloody Sunday\n|-damage|p1a: Bloody Sunday|63\/100\n|\n|upkeep\n|turn|23\n|\n|t:|1700182384\n|move|p1a: Bloody Sunday|Weather Ball|p2a: Empoleon\n|-damage|p2a: Empoleon|0 fnt\n|faint|p2a: Empoleon\n|\n|upkeep\n|\n|t:|1700182388\n|switch|p2a: Cheatran|Heatran, M|79\/100\n|-damage|p2a: Cheatran|67\/100|[from] Stealth Rock\n|turn|24\n|\n|t:|1700182395\n|switch|p1a: Chongus|Pelipper, M|94\/100 brn\n|-weather|RainDance|[from] ability: Drizzle|[of] p1a: Chongus\n|move|p2a: Cheatran|Magma Storm|p1a: Chongus|[miss]\n|-miss|p2a: Cheatran|p1a: Chongus\n|\n|-weather|RainDance|[upkeep]\n|-damage|p1a: Chongus|88\/100 brn|[from] brn\n|upkeep\n|turn|25\n|\n|t:|1700182414\n|move|p2a: Cheatran|Will-O-Wisp|p1a: Chongus|[miss]\n|-miss|p2a: Cheatran|p1a: Chongus\n|move|p1a: Chongus|Surf|p2a: Cheatran\n|-supereffective|p2a: Cheatran\n|-damage|p2a: Cheatran|12\/100\n|\n|-weather|RainDance|[upkeep]\n|-damage|p1a: Chongus|82\/100 brn|[from] brn\n|upkeep\n|turn|26\n|\n|t:|1700182424\n|move|p2a: Cheatran|Will-O-Wisp|p1a: Chongus\n|-fail|p1a: Chongus|brn\n|move|p1a: Chongus|U-turn|p2a: Cheatran\n|-resisted|p2a: Cheatran\n|-damage|p2a: Cheatran|11\/100\n|\n|t:|1700182431\n|switch|p1a: Bloody Sunday|Zapdos|63\/100|[from] U-turn\n|\n|-weather|RainDance|[upkeep]\n|upkeep\n|turn|27\n|\n|t:|1700182445\n|move|p1a: Bloody Sunday|Thunderbolt|p2a: Cheatran\n|-damage|p2a: Cheatran|0 fnt\n|faint|p2a: Cheatran\n|\n|-weather|RainDance|[upkeep]\n|upkeep\n|\n|t:|1700182449\n|switch|p2a: esta lloviendo xd|Floatzel, F|100\/100\n|-damage|p2a: esta lloviendo xd|88\/100|[from] Stealth Rock\n|turn|28\n|\n|t:|1700182456\n|move|p2a: esta lloviendo xd|Wave Crash|p1a: Bloody Sunday\n|-damage|p1a: Bloody Sunday|0 fnt\n|faint|p1a: Bloody Sunday\n|-damage|p2a: esta lloviendo xd|67\/100|[from] Recoil\n|\n|-weather|none\n|upkeep\n|inactive|Rookie the Wolf has 270 seconds left.\n|\n|t:|1700182490\n|switch|p1a: El Abuelo|Toedscruel, M|100\/100\n|turn|29\n|inactive|Rookie the Wolf has 270 seconds left.\n|\n|t:|1700182504\n|move|p2a: esta lloviendo xd|Ice Spinner|p1a: El Abuelo\n|-supereffective|p1a: El Abuelo\n|-damage|p1a: El Abuelo|0 fnt\n|faint|p1a: El Abuelo\n|\n|upkeep\n|inactive|Rookie the Wolf has 270 seconds left.\n|\n|t:|1700182515\n|switch|p1a: Chongus|Pelipper, M|82\/100 brn\n|-weather|RainDance|[from] ability: Drizzle|[of] p1a: Chongus\n|turn|30\n|inactive|Rookie the Wolf has 270 seconds left.\n|\n|t:|1700182522\n|move|p2a: esta lloviendo xd|Wave Crash|p1a: Chongus\n|-resisted|p1a: Chongus\n|-damage|p1a: Chongus|54\/100 brn\n|-damage|p2a: esta lloviendo xd|57\/100|[from] Recoil\n|move|p1a: Chongus|Hurricane|p2a: esta lloviendo xd\n|-damage|p2a: esta lloviendo xd|0 fnt\n|faint|p2a: esta lloviendo xd\n|\n|-weather|RainDance|[upkeep]\n|-damage|p1a: Chongus|48\/100 brn|[from] brn\n|upkeep\n|\n|t:|1700182528\n|switch|p2a: Mario Sunshine|Ogerpon, F|100\/100\n|-damage|p2a: Mario Sunshine|88\/100|[from] Stealth Rock\n|turn|31\n|\n|t:|1700182539\n|move|p2a: Mario Sunshine|Ivy Cudgel|p1a: Chongus\n|-damage|p1a: Chongus|13\/100 brn\n|move|p1a: Chongus|Hurricane|p2a: Mario Sunshine\n|-supereffective|p2a: Mario Sunshine\n|-damage|p2a: Mario Sunshine|2\/100\n|-start|p2a: Mario Sunshine|confusion\n|-enditem|p2a: Mario Sunshine|Lum Berry|[eat]\n|-end|p2a: Mario Sunshine|confusion\n|\n|-weather|RainDance|[upkeep]\n|-damage|p1a: Chongus|7\/100 brn|[from] brn\n|upkeep\n|turn|32\n|inactive|Rookie the Wolf has 270 seconds left.\n|\n|t:|1700182563\n|move|p2a: Mario Sunshine|Ivy Cudgel|p1a: Chongus\n|-damage|p1a: Chongus|0 fnt\n|faint|p1a: Chongus\n|\n|-weather|RainDance|[upkeep]\n|upkeep\n|\n|t:|1700182580\n|switch|p1a: Unfezandipiti|Fezandipiti, M|100\/100\n|turn|33\n|-message|Anriot forfeited.\n|\n|win|Rookie the Wolf\n|l|\u2606Anriot\n","uploadtime":1700182589,"views":20,"p1id":"rookiethewolf","p2id":"anriot","formatid":"gen9ou","rating":0,"private":0,"password":""}