{"id":"gen9ou-1999560328","p1":"VictorChad","p2":"Alice Sapphic","format":"[Gen 9] OU","log":"|j|\u2606VictorChad\n|j|\u2606Alice Sapphic\n|t:|1701096202\n|gametype|singles\n|player|p1|VictorChad|blaine|1103\n|player|p2|Alice Sapphic|dawn-gen4pt|1175\n|teamsize|p1|6\n|teamsize|p2|6\n|gen|9\n|tier|[Gen 9] OU\n|rated|\n|rule|Sleep Clause Mod: Limit one foe put to sleep\n|rule|Species Clause: Limit one of each Pok\u00e9mon\n|rule|OHKO Clause: OHKO moves are banned\n|rule|Evasion Items Clause: Evasion items are banned\n|rule|Evasion Moves Clause: Evasion moves are banned\n|rule|Endless Battle Clause: Forcing endless battles is banned\n|rule|HP Percentage Mod: HP is shown in percentages\n|clearpoke\n|poke|p1|Samurott-Hisui, F|\n|poke|p1|Slowking-Galar, F|\n|poke|p1|Kingambit, M|\n|poke|p1|Skeledirge, F|\n|poke|p1|Landorus-Therian, M|\n|poke|p1|Iron Valiant|\n|poke|p2|Meowscarada, F|\n|poke|p2|Glimmora, F|\n|poke|p2|Ursaluna, F|\n|poke|p2|Slowking-Galar, F|\n|poke|p2|Thundurus-Therian, M|\n|poke|p2|Iron Valiant|\n|teampreview\n|\n|t:|1701096220\n|start\n|switch|p1a: Samurott|Samurott-Hisui, F|100\/100\n|switch|p2a: Meowscarada|Meowscarada, F|100\/100\n|turn|1\n|\n|t:|1701096230\n|move|p2a: Meowscarada|Flower Trick|p1a: Samurott\n|-start|p2a: Meowscarada|typechange|Grass|[from] ability: Protean\n|-supereffective|p1a: Samurott\n|-crit|p1a: Samurott\n|-enditem|p1a: Samurott|Focus Sash\n|-damage|p1a: Samurott|1\/100\n|move|p1a: Samurott|Ceaseless Edge|p2a: Meowscarada\n|-damage|p2a: Meowscarada|35\/100\n|-sidestart|p2: Alice Sapphic|Spikes\n|\n|upkeep\n|turn|2\n|\n|t:|1701096244\n|move|p2a: Meowscarada|U-turn|p1a: Samurott\n|-supereffective|p1a: Samurott\n|-damage|p1a: Samurott|0 fnt\n|faint|p1a: Samurott\n|\n|t:|1701096252\n|switch|p2a: Slowking|Slowking-Galar, F|100\/100|[from] U-turn\n|\n|upkeep\n|\n|t:|1701096265\n|switch|p1a: Kingambit|Kingambit, M|100\/100\n|-activate|p1a: Kingambit|ability: Supreme Overlord\n|-start|p1a: Kingambit|fallen1|[silent]\n|turn|3\n|\n|t:|1701096275\n|move|p1a: Kingambit|Swords Dance|p1a: Kingambit\n|-boost|p1a: Kingambit|atk|2\n|move|p2a: Slowking|Chilly Reception|p2a: Slowking\n|-weather|Snow\n|\n|t:|1701096286\n|switch|p2a: Ursaluna|Ursaluna, F|100\/100|[from] Chilly Reception\n|-damage|p2a: Ursaluna|88\/100|[from] Spikes\n|\n|-weather|Snow|[upkeep]\n|-status|p2a: Ursaluna|brn|[from] item: Flame Orb\n|upkeep\n|turn|4\n|\n|t:|1701096300\n|move|p1a: Kingambit|Sucker Punch|p2a: Ursaluna\n|-damage|p2a: Ursaluna|18\/100 brn\n|move|p2a: Ursaluna|Headlong Rush|p1a: Kingambit\n|-supereffective|p1a: Kingambit\n|-damage|p1a: Kingambit|0 fnt\n|-unboost|p2a: Ursaluna|def|1\n|-unboost|p2a: Ursaluna|spd|1\n|faint|p1a: Kingambit\n|-end|p1a: Kingambit|fallen1|[silent]\n|\n|-weather|Snow|[upkeep]\n|-damage|p2a: Ursaluna|12\/100 brn|[from] brn\n|upkeep\n|\n|t:|1701096312\n|switch|p1a: Slowking|Slowking-Galar, F|100\/100\n|turn|5\n|\n|t:|1701096317\n|move|p1a: Slowking|Protect|p1a: Slowking\n|-singleturn|p1a: Slowking|Protect\n|move|p2a: Ursaluna|Facade|p1a: Slowking\n|-activate|p1a: Slowking|move: Protect\n|\n|-weather|Snow|[upkeep]\n|-damage|p2a: Ursaluna|6\/100 brn|[from] brn\n|upkeep\n|turn|6\n|\n|t:|1701096326\n|switch|p1a: Skeledirge|Skeledirge, F|100\/100\n|move|p2a: Ursaluna|Headlong Rush|p1a: Skeledirge\n|-supereffective|p1a: Skeledirge\n|-damage|p1a: Skeledirge|0 fnt\n|-unboost|p2a: Ursaluna|def|1\n|-unboost|p2a: Ursaluna|spd|1\n|faint|p1a: Skeledirge\n|\n|-weather|Snow|[upkeep]\n|-damage|p2a: Ursaluna|0 fnt|[from] brn\n|faint|p2a: Ursaluna\n|upkeep\n|\n|t:|1701096353\n|switch|p2a: Slowking|Slowking-Galar, F|100\/100\n|switch|p1a: Slowking|Slowking-Galar, F|100\/100\n|turn|7\n|\n|t:|1701096361\n|move|p1a: Slowking|Slack Off||[still]\n|-fail|p1a: Slowking|heal\n|move|p2a: Slowking|Future Sight|p1a: Slowking\n|-start|p2a: Slowking|move: Future Sight\n|\n|-weather|none\n|upkeep\n|turn|8\n|\n|t:|1701096367\n|move|p2a: Slowking|Chilly Reception|p2a: Slowking\n|-weather|Snow\n|\n|t:|1701096374\n|switch|p2a: Glimmora|Glimmora, F|100\/100|[from] Chilly Reception\n|-damage|p2a: Glimmora|88\/100|[from] Spikes\n|move|p1a: Slowking|Thunder Wave|p2a: Glimmora\n|-status|p2a: Glimmora|par\n|\n|-weather|Snow|[upkeep]\n|upkeep\n|turn|9\n|\n|t:|1701096385\n|move|p1a: Slowking|Protect|p1a: Slowking\n|-singleturn|p1a: Slowking|Protect\n|cant|p2a: Glimmora|par\n|\n|-weather|Snow|[upkeep]\n|-end|p1a: Slowking|move: Future Sight\n|-damage|p1a: Slowking|61\/100\n|-heal|p1a: Slowking|67\/100|[from] item: Leftovers\n|upkeep\n|turn|10\n|inactive|Battle timer is ON: inactive players will automatically lose when time's up. (requested by Alice Sapphic)\n|inactive|VictorChad has 120 seconds left.\n|inactive|VictorChad has 90 seconds left.\n|inactive|VictorChad has 60 seconds left.\n|inactive|VictorChad has 30 seconds left.\n|l|\u2606VictorChad\n|inactive|VictorChad disconnected and has a minute to reconnect!\n|player|p1|\n|inactive|VictorChad has 20 seconds left.\n|inactive|VictorChad has 15 seconds left.\n|inactive|VictorChad has 10 seconds left.\n|inactiveoff|Battle timer is now OFF.\n|inactive|Battle timer is ON: inactive players will automatically lose when time's up. (requested by Alice Sapphic)\n|inactive|VictorChad has 30 seconds to reconnect!\n|inactive|VictorChad has 20 seconds to reconnect!\n|inactive|VictorChad has 15 seconds to reconnect!\n|inactive|VictorChad has 10 seconds to reconnect!\n|inactive|VictorChad has 5 seconds to reconnect!\n|-message|VictorChad lost due to inactivity.\n|\n|win|Alice Sapphic\n|raw|VictorChad's rating: 1103 &rarr; <strong>1083<\/strong><br \/>(-20 for losing)\n|raw|Alice Sapphic's rating: 1175 &rarr; <strong>1195<\/strong><br \/>(+20 for winning)\n","uploadtime":1701096659,"views":11,"p1id":"victorchad","p2id":"alicesapphic","formatid":"gen9ou","rating":1083,"private":0,"password":""}