{"id":"gen9ou-1991656578","p1":"mohuanjiamianmao","p2":"Aggron","format":"[Gen 9] OU","log":"|j|\u2606mohuanjiamianmao\n|j|\u2606Aggron\n|t:|1700099175\n|gametype|singles\n|player|p1|mohuanjiamianmao|101|1766\n|player|p2|Aggron|pokefan-gen4|1889\n|teamsize|p1|6\n|teamsize|p2|6\n|gen|9\n|tier|[Gen 9] OU\n|rated|\n|rule|Sleep Clause Mod: Limit one foe put to sleep\n|rule|Species Clause: Limit one of each Pok\u00e9mon\n|rule|OHKO Clause: OHKO moves are banned\n|rule|Evasion Items Clause: Evasion items are banned\n|rule|Evasion Moves Clause: Evasion moves are banned\n|rule|Endless Battle Clause: Forcing endless battles is banned\n|rule|HP Percentage Mod: HP is shown in percentages\n|clearpoke\n|poke|p1|Meowscarada, F|\n|poke|p1|Great Tusk|\n|poke|p1|Garganacl, F|\n|poke|p1|Glimmora, M|\n|poke|p1|Gholdengo|\n|poke|p1|Blissey, F|\n|poke|p2|Sinistcha-Masterpiece|\n|poke|p2|Heatran, M|\n|poke|p2|Rillaboom, F|\n|poke|p2|Sneasler, F|\n|poke|p2|Samurott-Hisui, F|\n|poke|p2|Tyranitar, M|\n|teampreview\n|inactive|Battle timer is ON: inactive players will automatically lose when time's up. (requested by Aggron)\n|\n|t:|1700099187\n|start\n|switch|p1a: Meowscarada|Meowscarada, F|100\/100\n|switch|p2a: Sneasler|Sneasler, F, shiny|100\/100\n|turn|1\n|\n|t:|1700099200\n|switch|p1a: Glimmora|Glimmora, M|100\/100\n|move|p2a: Sneasler|U-turn|p1a: Glimmora\n|-resisted|p1a: Glimmora\n|-damage|p1a: Glimmora|87\/100\n|-activate|p1a: Glimmora|ability: Toxic Debris\n|-sidestart|p2: Aggron|move: Toxic Spikes\n|\n|t:|1700099213\n|switch|p2a: Heatran|Heatran, M|100\/100|[from] U-turn\n|-item|p2a: Heatran|Air Balloon\n|\n|upkeep\n|turn|2\n|\n|t:|1700099218\n|switch|p1a: Garganacl|Garganacl, F|100\/100\n|move|p2a: Heatran|Earth Power|p1a: Garganacl\n|-supereffective|p1a: Garganacl\n|-crit|p1a: Garganacl\n|-damage|p1a: Garganacl|40\/100\n|\n|-heal|p1a: Garganacl|46\/100|[from] item: Leftovers\n|upkeep\n|turn|3\n|\n|t:|1700099227\n|move|p2a: Heatran|Stealth Rock|p1a: Garganacl\n|-sidestart|p1: mohuanjiamianmao|move: Stealth Rock\n|move|p1a: Garganacl|Recover|p1a: Garganacl\n|-heal|p1a: Garganacl|96\/100\n|\n|-heal|p1a: Garganacl|100\/100|[from] item: Leftovers\n|upkeep\n|turn|4\n|\n|t:|1700099234\n|switch|p2a: Sneasler|Sneasler, F, shiny|100\/100\n|-sideend|p2: Aggron|move: Toxic Spikes|[of] p2a: Sneasler\n|move|p1a: Garganacl|Salt Cure|p2a: Sneasler\n|-resisted|p2a: Sneasler\n|-damage|p2a: Sneasler|88\/100\n|-start|p2a: Sneasler|Salt Cure\n|\n|-damage|p2a: Sneasler|75\/100|[from] Salt Cure\n|upkeep\n|turn|5\n|\n|t:|1700099244\n|-terastallize|p1a: Garganacl|Ghost\n|move|p2a: Sneasler|U-turn|p1a: Garganacl\n|-resisted|p1a: Garganacl\n|-damage|p1a: Garganacl|93\/100\n|\n|t:|1700099247\n|switch|p2a: Samurott|Samurott-Hisui, F|100\/100|[from] U-turn\n|move|p1a: Garganacl|Iron Defense|p1a: Garganacl\n|-boost|p1a: Garganacl|def|2\n|\n|-heal|p1a: Garganacl|99\/100|[from] item: Leftovers\n|upkeep\n|turn|6\n|\n|t:|1700099257\n|move|p2a: Samurott|Encore|p1a: Garganacl\n|-start|p1a: Garganacl|Encore\n|move|p1a: Garganacl|Iron Defense|p1a: Garganacl\n|-boost|p1a: Garganacl|def|2\n|\n|-heal|p1a: Garganacl|100\/100|[from] item: Leftovers\n|upkeep\n|turn|7\n|\n|t:|1700099265\n|switch|p1a: Meowscarada|Meowscarada, F|100\/100\n|-damage|p1a: Meowscarada|88\/100|[from] Stealth Rock\n|move|p2a: Samurott|Ceaseless Edge|p1a: Meowscarada|[miss]\n|-miss|p2a: Samurott|p1a: Meowscarada\n|\n|upkeep\n|turn|8\n|\n|t:|1700099280\n|switch|p2a: Sneasler|Sneasler, F, shiny|75\/100\n|move|p1a: Meowscarada|Knock Off|p2a: Sneasler\n|-resisted|p2a: Sneasler\n|-damage|p2a: Sneasler|34\/100\n|-enditem|p2a: Sneasler|Protective Pads|[from] move: Knock Off|[of] p1a: Meowscarada\n|\n|upkeep\n|turn|9\n|\n|t:|1700099294\n|switch|p1a: Garganacl|Garganacl, F, tera:Ghost|100\/100\n|-damage|p1a: Garganacl|88\/100|[from] Stealth Rock\n|move|p2a: Sneasler|U-turn|p1a: Garganacl\n|-resisted|p1a: Garganacl\n|-damage|p1a: Garganacl|80\/100\n|\n|t:|1700099296\n|switch|p2a: Samurott|Samurott-Hisui, F|100\/100|[from] U-turn\n|\n|-heal|p1a: Garganacl|86\/100|[from] item: Leftovers\n|upkeep\n|turn|10\n|\n|t:|1700099305\n|switch|p1a: Meowscarada|Meowscarada, F|88\/100\n|-damage|p1a: Meowscarada|76\/100|[from] Stealth Rock\n|move|p2a: Samurott|Ceaseless Edge|p1a: Meowscarada\n|-resisted|p1a: Meowscarada\n|-damage|p1a: Meowscarada|40\/100\n|-sidestart|p1: mohuanjiamianmao|Spikes\n|\n|upkeep\n|turn|11\n|\n|t:|1700099323\n|switch|p2a: Heatran|Heatran, M|100\/100\n|-item|p2a: Heatran|Air Balloon\n|move|p1a: Meowscarada|Flower Trick|p2a: Heatran\n|-resisted|p2a: Heatran\n|-crit|p2a: Heatran\n|-damage|p2a: Heatran|86\/100\n|-enditem|p2a: Heatran|Air Balloon\n|\n|upkeep\n|turn|12\n|\n|t:|1700099332\n|switch|p1a: Garganacl|Garganacl, F, tera:Ghost|86\/100\n|-damage|p1a: Garganacl|74\/100|[from] Stealth Rock\n|-damage|p1a: Garganacl|61\/100|[from] Spikes\n|move|p2a: Heatran|Magma Storm|p1a: Garganacl|[miss]\n|-miss|p2a: Heatran|p1a: Garganacl\n|\n|-heal|p1a: Garganacl|67\/100|[from] item: Leftovers\n|upkeep\n|turn|13\n|\n|t:|1700099343\n|switch|p2a: Samurott|Samurott-Hisui, F|100\/100\n|move|p1a: Garganacl|Salt Cure|p2a: Samurott\n|-damage|p2a: Samurott|81\/100\n|-start|p2a: Samurott|Salt Cure\n|\n|-heal|p1a: Garganacl|74\/100|[from] item: Leftovers\n|-damage|p2a: Samurott|57\/100|[from] Salt Cure\n|upkeep\n|turn|14\n|\n|t:|1700099357\n|switch|p1a: Great Tusk|Great Tusk|100\/100\n|-damage|p1a: Great Tusk|98\/100|[from] Stealth Rock\n|-damage|p1a: Great Tusk|85\/100|[from] Spikes\n|move|p2a: Samurott|Ceaseless Edge|p1a: Great Tusk\n|-resisted|p1a: Great Tusk\n|-damage|p1a: Great Tusk|71\/100\n|-sidestart|p1: mohuanjiamianmao|Spikes\n|\n|-heal|p1a: Great Tusk|77\/100|[from] item: Leftovers\n|-damage|p2a: Samurott|32\/100|[from] Salt Cure\n|upkeep\n|turn|15\n|\n|t:|1700099368\n|switch|p2a: Sinistcha|Sinistcha-Masterpiece|100\/100\n|move|p1a: Great Tusk|Ice Spinner|p2a: Sinistcha\n|-supereffective|p2a: Sinistcha\n|-damage|p2a: Sinistcha|55\/100\n|\n|-heal|p1a: Great Tusk|84\/100|[from] item: Leftovers\n|upkeep\n|turn|16\n|\n|t:|1700099377\n|-end|p1a: Great Tusk|Protosynthesis|[silent]\n|switch|p1a: Blissey|Blissey, F|100\/100\n|-damage|p1a: Blissey|88\/100|[from] Stealth Rock\n|-damage|p1a: Blissey|72\/100|[from] Spikes\n|move|p2a: Sinistcha|Matcha Gotcha|p1a: Blissey\n|-damage|p1a: Blissey|59\/100\n|-heal|p2a: Sinistcha|67\/100|[from] drain|[of] p1a: Blissey\n|\n|-heal|p1a: Blissey|65\/100|[from] item: Leftovers\n|upkeep\n|turn|17\n|j| Ivaannn\n|\n|t:|1700099388\n|switch|p2a: Tyranitar|Tyranitar, M|100\/100\n|-weather|Sandstorm|[from] ability: Sand Stream|[of] p2a: Tyranitar\n|move|p1a: Blissey|Ice Beam|p2a: Tyranitar\n|-damage|p2a: Tyranitar|89\/100\n|\n|-weather|Sandstorm|[upkeep]\n|-damage|p1a: Blissey|59\/100|[from] Sandstorm\n|-heal|p1a: Blissey|65\/100|[from] item: Leftovers\n|upkeep\n|turn|18\n|\n|t:|1700099398\n|switch|p1a: Great Tusk|Great Tusk|84\/100\n|-damage|p1a: Great Tusk|81\/100|[from] Stealth Rock\n|-damage|p1a: Great Tusk|64\/100|[from] Spikes\n|move|p2a: Tyranitar|Knock Off|p1a: Great Tusk\n|-resisted|p1a: Great Tusk\n|-damage|p1a: Great Tusk|47\/100\n|-enditem|p1a: Great Tusk|Leftovers|[from] move: Knock Off|[of] p2a: Tyranitar\n|\n|-weather|Sandstorm|[upkeep]\n|upkeep\n|turn|19\n|\n|t:|1700099408\n|move|p1a: Great Tusk|Ice Spinner|p2a: Tyranitar\n|-damage|p2a: Tyranitar|65\/100\n|move|p2a: Tyranitar|Ice Beam|p1a: Great Tusk\n|-supereffective|p1a: Great Tusk\n|-damage|p1a: Great Tusk|0 fnt\n|faint|p1a: Great Tusk\n|-end|p1a: Great Tusk|Protosynthesis|[silent]\n|\n|-weather|Sandstorm|[upkeep]\n|upkeep\n|\n|t:|1700099415\n|switch|p1a: Meowscarada|Meowscarada, F|40\/100\n|-damage|p1a: Meowscarada|28\/100|[from] Stealth Rock\n|-damage|p1a: Meowscarada|11\/100|[from] Spikes\n|turn|20\n|\n|t:|1700099420\n|switch|p2a: Heatran|Heatran, M|86\/100\n|move|p1a: Meowscarada|Flower Trick|p2a: Heatran\n|-resisted|p2a: Heatran\n|-crit|p2a: Heatran\n|-damage|p2a: Heatran|66\/100\n|\n|-weather|Sandstorm|[upkeep]\n|-damage|p1a: Meowscarada|5\/100|[from] Sandstorm\n|upkeep\n|turn|21\n|-message|mohuanjiamianmao forfeited.\n|\n|win|Aggron\n|raw|mohuanjiamianmao's rating: 1766 &rarr; <strong>1753<\/strong><br \/>(-13 for losing)\n|raw|Aggron's rating: 1889 &rarr; <strong>1902<\/strong><br \/>(+13 for winning)\n|l|\u2606mohuanjiamianmao\n","uploadtime":1700099459,"views":9,"p1id":"mohuanjiamianmao","p2id":"aggron","formatid":"gen9ou","rating":1753,"private":0,"password":""}