{"id":"gen9ou-1994350729","p1":"Mymomsaidyourmom","p2":"nis298","format":"[Gen 9] OU","log":"|j|\u2606Mymomsaidyourmom\n|j|\u2606nis298\n|t:|1700434018\n|gametype|singles\n|player|p1|Mymomsaidyourmom|ltsurge|1416\n|player|p2|nis298|scientistf|1467\n|teamsize|p1|6\n|teamsize|p2|6\n|gen|9\n|tier|[Gen 9] OU\n|rated|\n|rule|Sleep Clause Mod: Limit one foe put to sleep\n|rule|Species Clause: Limit one of each Pok\u00e9mon\n|rule|OHKO Clause: OHKO moves are banned\n|rule|Evasion Items Clause: Evasion items are banned\n|rule|Evasion Moves Clause: Evasion moves are banned\n|rule|Endless Battle Clause: Forcing endless battles is banned\n|rule|HP Percentage Mod: HP is shown in percentages\n|clearpoke\n|poke|p1|Amoonguss, M|\n|poke|p1|Zapdos|\n|poke|p1|Gholdengo|\n|poke|p1|Walking Wake|\n|poke|p1|Great Tusk|\n|poke|p1|Garchomp, F|\n|poke|p2|Walking Wake|\n|poke|p2|Maushold-Four|\n|poke|p2|Dragonite, M|\n|poke|p2|Weezing-Galar, F|\n|poke|p2|Great Tusk|\n|poke|p2|Muk-Alola, F|\n|teampreview\n|inactive|Battle timer is ON: inactive players will automatically lose when time's up. (requested by nis298)\n|inactive|nis298 has 120 seconds left.\n|inactive|Mymomsaidyourmom has 120 seconds left.\n|\n|t:|1700434071\n|start\n|switch|p1a: Cheese Head|Gholdengo|100\/100\n|switch|p2a: Weezing|Weezing-Galar, F|100\/100\n|turn|1\n|\n|t:|1700434076\n|move|p1a: Cheese Head|Make It Rain|p2a: Weezing\n|-supereffective|p2a: Weezing\n|-damage|p2a: Weezing|0 fnt\n|-unboost|p1a: Cheese Head|spa|1\n|faint|p2a: Weezing\n|\n|upkeep\n|\n|t:|1700434084\n|switch|p2a: Dragonite|Dragonite, M|100\/100\n|turn|2\n|\n|t:|1700434094\n|switch|p1a: Doritos|Zapdos|100\/100\n|move|p2a: Dragonite|Earthquake|p1a: Doritos\n|-immune|p1a: Doritos\n|\n|upkeep\n|turn|3\n|\n|t:|1700434101\n|switch|p2a: Muk|Muk-Alola, F|100\/100\n|move|p1a: Doritos|Thunderbolt|p2a: Muk\n|-damage|p2a: Muk|74\/100\n|\n|-heal|p2a: Muk|80\/100|[from] item: Black Sludge\n|upkeep\n|turn|4\n|\n|t:|1700434106\n|switch|p1a: Imposter|Amoonguss, M|100\/100\n|move|p2a: Muk|Knock Off|p1a: Imposter\n|-damage|p1a: Imposter|75\/100\n|-enditem|p1a: Imposter|Black Sludge|[from] move: Knock Off|[of] p2a: Muk\n|\n|-heal|p2a: Muk|86\/100|[from] item: Black Sludge\n|upkeep\n|turn|5\n|\n|t:|1700434111\n|move|p2a: Muk|Poison Jab|p1a: Imposter\n|-damage|p1a: Imposter|53\/100\n|move|p1a: Imposter|Spore|p2a: Muk\n|-status|p2a: Muk|slp|[from] move: Spore\n|\n|-heal|p2a: Muk|93\/100 slp|[from] item: Black Sludge\n|upkeep\n|turn|6\n|\n|t:|1700434120\n|switch|p2a: Maushold|Maushold-Four|100\/100\n|switch|p1a: Your Left Cousin|Garchomp, F|100\/100\n|\n|upkeep\n|turn|7\n|\n|t:|1700434136\n|switch|p2a: Great Tusk|Great Tusk|100\/100\n|move|p1a: Your Left Cousin|Scale Shot|p2a: Great Tusk\n|-damage|p2a: Great Tusk|94\/100\n|-damage|p2a: Great Tusk|88\/100\n|-damage|p2a: Great Tusk|81\/100\n|-damage|p2a: Great Tusk|75\/100\n|-hitcount|p2a: Great Tusk|4\n|-unboost|p1a: Your Left Cousin|def|1\n|-boost|p1a: Your Left Cousin|spe|1\n|\n|upkeep\n|turn|8\n|\n|t:|1700434150\n|switch|p1a: Doritos|Zapdos|100\/100\n|move|p2a: Great Tusk|Ice Spinner|p1a: Doritos\n|-supereffective|p1a: Doritos\n|-damage|p1a: Doritos|48\/100\n|-status|p2a: Great Tusk|par|[from] ability: Static|[of] p1a: Doritos\n|\n|upkeep\n|turn|9\n|\n|t:|1700434156\n|-end|p2a: Great Tusk|Protosynthesis|[silent]\n|switch|p2a: Muk|Muk-Alola, F|93\/100 slp\n|move|p1a: Doritos|Roost|p1a: Doritos\n|-heal|p1a: Doritos|98\/100\n|-singleturn|p1a: Doritos|move: Roost\n|\n|-heal|p2a: Muk|99\/100 slp|[from] item: Black Sludge\n|upkeep\n|turn|10\n|\n|t:|1700434168\n|switch|p1a: Your Left Cousin|Garchomp, F|100\/100\n|cant|p2a: Muk|slp\n|\n|-heal|p2a: Muk|100\/100 slp|[from] item: Black Sludge\n|upkeep\n|turn|11\n|\n|t:|1700434177\n|switch|p2a: Great Tusk|Great Tusk|75\/100 par\n|move|p1a: Your Left Cousin|Earthquake|p2a: Great Tusk\n|-crit|p2a: Great Tusk\n|-damage|p2a: Great Tusk|36\/100 par\n|\n|upkeep\n|turn|12\n|\n|t:|1700434199\n|-terastallize|p1a: Your Left Cousin|Fire\n|move|p1a: Your Left Cousin|Swords Dance|p1a: Your Left Cousin\n|-boost|p1a: Your Left Cousin|atk|2\n|move|p2a: Great Tusk|Stealth Rock|p1a: Your Left Cousin\n|-sidestart|p1: Mymomsaidyourmom|move: Stealth Rock\n|\n|upkeep\n|turn|13\n|\n|t:|1700434206\n|move|p1a: Your Left Cousin|Scale Shot|p2a: Great Tusk\n|-damage|p2a: Great Tusk|23\/100 par\n|-damage|p2a: Great Tusk|10\/100 par\n|-damage|p2a: Great Tusk|0 fnt\n|faint|p2a: Great Tusk\n|-end|p2a: Great Tusk|Protosynthesis|[silent]\n|-hitcount|p2: Great Tusk|3\n|-unboost|p1a: Your Left Cousin|def|1\n|-boost|p1a: Your Left Cousin|spe|1\n|\n|upkeep\n|\n|t:|1700434214\n|switch|p2a: Walking Wake|Walking Wake|100\/100\n|turn|14\n|\n|t:|1700434218\n|move|p2a: Walking Wake|Hydro Steam|p1a: Your Left Cousin\n|-supereffective|p1a: Your Left Cousin\n|-damage|p1a: Your Left Cousin|4\/100\n|move|p1a: Your Left Cousin|Scale Shot|p2a: Walking Wake\n|-supereffective|p2a: Walking Wake\n|-damage|p2a: Walking Wake|42\/100\n|-supereffective|p2a: Walking Wake\n|-damage|p2a: Walking Wake|0 fnt\n|faint|p2a: Walking Wake\n|-end|p2a: Walking Wake|Protosynthesis|[silent]\n|-hitcount|p2: Walking Wake|2\n|-unboost|p1a: Your Left Cousin|def|1\n|-boost|p1a: Your Left Cousin|spe|1\n|\n|upkeep\n|\n|t:|1700434224\n|switch|p2a: Dragonite|Dragonite, M|100\/100\n|turn|15\n|\n|t:|1700434233\n|move|p2a: Dragonite|Extreme Speed|p1a: Your Left Cousin\n|-damage|p1a: Your Left Cousin|0 fnt\n|-damage|p2a: Dragonite|88\/100|[from] ability: Rough Skin|[of] p1a: Your Left Cousin\n|faint|p1a: Your Left Cousin\n|\n|upkeep\n|\n|t:|1700434237\n|switch|p1a: Cheese Head|Gholdengo|100\/100\n|-damage|p1a: Cheese Head|94\/100|[from] Stealth Rock\n|turn|16\n|\n|t:|1700434243\n|switch|p2a: Muk|Muk-Alola, F|100\/100 slp\n|move|p1a: Cheese Head|Trick|p2a: Muk\n|-activate|p1a: Cheese Head|move: Trick|[of] p2a: Muk\n|-item|p2a: Muk|Choice Scarf|[from] move: Trick\n|-item|p1a: Cheese Head|Black Sludge|[from] move: Trick\n|\n|-damage|p1a: Cheese Head|82\/100|[from] item: Black Sludge\n|upkeep\n|turn|17\n|\n|t:|1700434251\n|switch|p1a: Donald Trunk|Great Tusk|100\/100\n|cant|p2a: Muk|slp\n|\n|upkeep\n|turn|18\n|\n|t:|1700434257\n|switch|p2a: Dragonite|Dragonite, M|88\/100\n|move|p1a: Donald Trunk|Rapid Spin|p2a: Dragonite\n|-damage|p2a: Dragonite|69\/100\n|-boost|p1a: Donald Trunk|spe|1\n|-sideend|p1: Mymomsaidyourmom|Stealth Rock|[from] move: Rapid Spin|[of] p1a: Donald Trunk\n|\n|upkeep\n|turn|19\n|\n|t:|1700434261\n|move|p1a: Donald Trunk|Knock Off|p2a: Dragonite\n|-damage|p2a: Dragonite|35\/100\n|-enditem|p2a: Dragonite|Choice Band|[from] move: Knock Off|[of] p1a: Donald Trunk\n|move|p2a: Dragonite|Ice Spinner|p1a: Donald Trunk\n|-supereffective|p1a: Donald Trunk\n|-damage|p1a: Donald Trunk|57\/100\n|\n|upkeep\n|turn|20\n|\n|t:|1700434279\n|move|p1a: Donald Trunk|Knock Off|p2a: Dragonite\n|-damage|p2a: Dragonite|13\/100\n|move|p2a: Dragonite|Outrage|p1a: Donald Trunk\n|-damage|p1a: Donald Trunk|6\/100\n|\n|upkeep\n|turn|21\n|\n|t:|1700434283\n|move|p1a: Donald Trunk|Knock Off|p2a: Dragonite\n|-damage|p2a: Dragonite|0 fnt\n|faint|p2a: Dragonite\n|\n|upkeep\n|\n|t:|1700434289\n|switch|p2a: Muk|Muk-Alola, F|100\/100 slp\n|turn|22\n|\n|t:|1700434293\n|move|p1a: Donald Trunk|Headlong Rush|p2a: Muk\n|-supereffective|p2a: Muk\n|-damage|p2a: Muk|0 fnt\n|-unboost|p1a: Donald Trunk|def|1\n|-unboost|p1a: Donald Trunk|spd|1\n|faint|p2a: Muk\n|\n|upkeep\n|\n|t:|1700434296\n|switch|p2a: Maushold|Maushold-Four|100\/100\n|turn|23\n|\n|t:|1700434298\n|move|p1a: Donald Trunk|Close Combat|p2a: Maushold\n|-supereffective|p2a: Maushold\n|-damage|p2a: Maushold|0 fnt\n|-unboost|p1a: Donald Trunk|def|1\n|-unboost|p1a: Donald Trunk|spd|1\n|faint|p2a: Maushold\n|\n|win|Mymomsaidyourmom\n|raw|Mymomsaidyourmom's rating: 1416 &rarr; <strong>1439<\/strong><br \/>(+23 for winning)\n|raw|nis298's rating: 1467 &rarr; <strong>1444<\/strong><br \/>(-23 for losing)\n|l|\u2606nis298\n","uploadtime":1700434314,"views":7,"p1id":"mymomsaidyourmom","p2id":"nis298","formatid":"gen9ou","rating":1439,"private":0,"password":""}