{"id":"gen9ou-1999832904","p1":"Adwoooooo","p2":"Mtmc","format":"[Gen 9] OU","log":"|j|\u2606Adwoooooo\n|j|\u2606Mtmc\n|t:|1701120953\n|gametype|singles\n|player|p1|Adwoooooo|cynthia-gen4|1188\n|player|p2|Mtmc|1|1215\n|teamsize|p1|6\n|teamsize|p2|6\n|gen|9\n|tier|[Gen 9] OU\n|rated|\n|rule|Sleep Clause Mod: Limit one foe put to sleep\n|rule|Species Clause: Limit one of each Pok\u00e9mon\n|rule|OHKO Clause: OHKO moves are banned\n|rule|Evasion Items Clause: Evasion items are banned\n|rule|Evasion Moves Clause: Evasion moves are banned\n|rule|Endless Battle Clause: Forcing endless battles is banned\n|rule|HP Percentage Mod: HP is shown in percentages\n|clearpoke\n|poke|p1|Samurott-Hisui, M|\n|poke|p1|Gholdengo|\n|poke|p1|Clodsire, M|\n|poke|p1|Ogerpon-Wellspring, F|\n|poke|p1|Heatran, M|\n|poke|p1|Zapdos|\n|poke|p2|Garganacl, M|\n|poke|p2|Glimmora, F|\n|poke|p2|Clefable, M|\n|poke|p2|Gholdengo|\n|poke|p2|Ogerpon-Wellspring, F|\n|poke|p2|Iron Valiant|\n|teampreview\n|inactive|Battle timer is ON: inactive players will automatically lose when time's up. (requested by Adwoooooo)\n|\n|t:|1701120958\n|start\n|switch|p1a: Samurott|Samurott-Hisui, M|100\/100\n|switch|p2a: Iron Valiant|Iron Valiant|100\/100\n|turn|1\n|\n|t:|1701120973\n|move|p2a: Iron Valiant|Moonblast|p1a: Samurott\n|-supereffective|p1a: Samurott\n|-damage|p1a: Samurott|0 fnt\n|faint|p1a: Samurott\n|\n|upkeep\n|\n|t:|1701120984\n|switch|p1a: Heatran|Heatran, M|100\/100\n|turn|2\n|\n|t:|1701120991\n|-end|p2a: Iron Valiant|Quark Drive|[silent]\n|switch|p2a: Glimmora|Glimmora, F|100\/100\n|move|p1a: Heatran|Stealth Rock|p2a: Glimmora\n|-sidestart|p2: Mtmc|move: Stealth Rock\n|\n|upkeep\n|turn|3\n|\n|t:|1701120996\n|move|p2a: Glimmora|Earth Power|p1a: Heatran\n|-supereffective|p1a: Heatran\n|-damage|p1a: Heatran|0 fnt\n|faint|p1a: Heatran\n|\n|upkeep\n|\n|t:|1701120999\n|switch|p1a: Clodsire|Clodsire, M|100\/100\n|turn|4\n|\n|t:|1701121006\n|move|p2a: Glimmora|Earth Power|p1a: Clodsire\n|-supereffective|p1a: Clodsire\n|-damage|p1a: Clodsire|65\/100\n|move|p1a: Clodsire|Spikes|p2a: Glimmora\n|-sidestart|p2: Mtmc|Spikes\n|\n|-heal|p1a: Clodsire|71\/100|[from] item: Leftovers\n|upkeep\n|turn|5\n|\n|t:|1701121013\n|move|p2a: Glimmora|Earth Power|p1a: Clodsire\n|-supereffective|p1a: Clodsire\n|-damage|p1a: Clodsire|38\/100\n|move|p1a: Clodsire|Recover|p1a: Clodsire\n|-heal|p1a: Clodsire|88\/100\n|\n|-heal|p1a: Clodsire|94\/100|[from] item: Leftovers\n|upkeep\n|turn|6\n|\n|t:|1701121030\n|switch|p2a: Garganacl|Garganacl, M|100\/100\n|-damage|p2a: Garganacl|88\/100|[from] Stealth Rock\n|-damage|p2a: Garganacl|76\/100|[from] Spikes\n|move|p1a: Clodsire|Spikes|p2a: Garganacl\n|-sidestart|p2: Mtmc|Spikes\n|\n|-heal|p2a: Garganacl|82\/100|[from] item: Leftovers\n|-heal|p1a: Clodsire|100\/100|[from] item: Leftovers\n|upkeep\n|turn|7\n|\n|t:|1701121036\n|move|p2a: Garganacl|Salt Cure|p1a: Clodsire\n|-resisted|p1a: Clodsire\n|-damage|p1a: Clodsire|93\/100\n|-start|p1a: Clodsire|Salt Cure\n|move|p1a: Clodsire|Spikes|p2a: Garganacl\n|-sidestart|p2: Mtmc|Spikes\n|\n|-heal|p2a: Garganacl|88\/100|[from] item: Leftovers\n|-heal|p1a: Clodsire|99\/100|[from] item: Leftovers\n|-damage|p1a: Clodsire|87\/100|[from] Salt Cure\n|upkeep\n|turn|8\n|\n|t:|1701121041\n|switch|p1a: Gholdengo|Gholdengo|100\/100\n|-item|p1a: Gholdengo|Air Balloon\n|move|p2a: Garganacl|Curse|p2a: Garganacl\n|-unboost|p2a: Garganacl|spe|1\n|-boost|p2a: Garganacl|atk|1\n|-boost|p2a: Garganacl|def|1\n|\n|-heal|p2a: Garganacl|94\/100|[from] item: Leftovers\n|upkeep\n|turn|9\n|\n|t:|1701121050\n|-terastallize|p1a: Gholdengo|Fighting\n|-terastallize|p2a: Garganacl|Water\n|move|p1a: Gholdengo|Nasty Plot|p1a: Gholdengo\n|-boost|p1a: Gholdengo|spa|2\n|move|p2a: Garganacl|Salt Cure|p1a: Gholdengo\n|-resisted|p1a: Gholdengo\n|-damage|p1a: Gholdengo|89\/100\n|-start|p1a: Gholdengo|Salt Cure\n|-enditem|p1a: Gholdengo|Air Balloon\n|\n|-heal|p2a: Garganacl|100\/100|[from] item: Leftovers\n|-damage|p1a: Gholdengo|76\/100|[from] Salt Cure\n|upkeep\n|turn|10\n|\n|t:|1701121059\n|move|p1a: Gholdengo|Shadow Ball|p2a: Garganacl\n|-damage|p2a: Garganacl|65\/100\n|-unboost|p2a: Garganacl|spd|1\n|move|p2a: Garganacl|Earthquake|p1a: Gholdengo\n|-damage|p1a: Gholdengo|40\/100\n|\n|-heal|p2a: Garganacl|71\/100|[from] item: Leftovers\n|-damage|p1a: Gholdengo|28\/100|[from] Salt Cure\n|upkeep\n|turn|11\n|\n|t:|1701121071\n|switch|p1a: Zapdos|Zapdos|100\/100\n|move|p2a: Garganacl|Earthquake|p1a: Zapdos\n|-immune|p1a: Zapdos\n|\n|-heal|p2a: Garganacl|77\/100|[from] item: Leftovers\n|upkeep\n|turn|12\n|\n|t:|1701121082\n|move|p1a: Zapdos|Thunder Wave|p2a: Garganacl\n|-immune|p2a: Garganacl|[from] ability: Purifying Salt\n|move|p2a: Garganacl|Salt Cure|p1a: Zapdos\n|-supereffective|p1a: Zapdos\n|-damage|p1a: Zapdos|65\/100\n|-start|p1a: Zapdos|Salt Cure\n|\n|-heal|p2a: Garganacl|83\/100|[from] item: Leftovers\n|-damage|p1a: Zapdos|52\/100|[from] Salt Cure\n|upkeep\n|turn|13\n|\n|t:|1701121090\n|switch|p2a: Clefable|Clefable, M|100\/100\n|move|p1a: Zapdos|Volt Switch|p2a: Clefable\n|-damage|p2a: Clefable|75\/100\n|\n|t:|1701121093\n|switch|p1a: Gholdengo|Gholdengo, tera:Fighting|28\/100|[from] Volt Switch\n|\n|upkeep\n|turn|14\n|\n|t:|1701121096\n|move|p1a: Gholdengo|Make It Rain|p2a: Clefable\n|-supereffective|p2a: Clefable\n|-damage|p2a: Clefable|0 fnt\n|-unboost|p1a: Gholdengo|spa|1\n|faint|p2a: Clefable\n|\n|upkeep\n|\n|t:|1701121106\n|switch|p2a: Glimmora|Glimmora, F|100\/100\n|-damage|p2a: Glimmora|88\/100|[from] Stealth Rock\n|-damage|p2a: Glimmora|63\/100|[from] Spikes\n|turn|15\n|\n|t:|1701121108\n|move|p2a: Glimmora|Mortal Spin|p1a: Gholdengo\n|-damage|p1a: Gholdengo|20\/100\n|-status|p1a: Gholdengo|psn\n|-sideend|p2: Mtmc|Spikes|[from] move: Mortal Spin|[of] p2a: Glimmora\n|-sideend|p2: Mtmc|Stealth Rock|[from] move: Mortal Spin|[of] p2a: Glimmora\n|move|p1a: Gholdengo|Make It Rain|p2a: Glimmora\n|-supereffective|p2a: Glimmora\n|-damage|p2a: Glimmora|0 fnt\n|-unboost|p1a: Gholdengo|spa|1\n|faint|p2a: Glimmora\n|\n|-damage|p1a: Gholdengo|8\/100 psn|[from] psn\n|upkeep\n|\n|t:|1701121118\n|switch|p2a: Iron Valiant|Iron Valiant|100\/100\n|turn|16\n|\n|t:|1701121125\n|move|p2a: Iron Valiant|Knock Off|p1a: Gholdengo\n|-resisted|p1a: Gholdengo\n|-damage|p1a: Gholdengo|0 fnt\n|faint|p1a: Gholdengo\n|\n|upkeep\n|\n|t:|1701121130\n|switch|p1a: Ogerpon|Ogerpon-Wellspring, F|100\/100\n|turn|17\n|\n|t:|1701121139\n|-end|p2a: Iron Valiant|Quark Drive|[silent]\n|switch|p2a: Garganacl|Garganacl, M, tera:Water|83\/100\n|move|p1a: Ogerpon|Ivy Cudgel|p2a: Garganacl|[anim] Ivy Cudgel Water\n|-resisted|p2a: Garganacl\n|-damage|p2a: Garganacl|67\/100\n|\n|-heal|p2a: Garganacl|73\/100|[from] item: Leftovers\n|upkeep\n|turn|18\n|\n|t:|1701121143\n|move|p1a: Ogerpon|Swords Dance|p1a: Ogerpon\n|-boost|p1a: Ogerpon|atk|2\n|move|p2a: Garganacl|Salt Cure|p1a: Ogerpon\n|-damage|p1a: Ogerpon|81\/100\n|-start|p1a: Ogerpon|Salt Cure\n|\n|-heal|p2a: Garganacl|79\/100|[from] item: Leftovers\n|-damage|p1a: Ogerpon|56\/100|[from] Salt Cure\n|upkeep\n|turn|19\n|\n|t:|1701121147\n|move|p1a: Ogerpon|Horn Leech|p2a: Garganacl\n|-supereffective|p2a: Garganacl\n|-damage|p2a: Garganacl|0 fnt\n|-heal|p1a: Ogerpon|100\/100|[from] drain|[of] p2a: Garganacl\n|faint|p2a: Garganacl\n|\n|-damage|p1a: Ogerpon|76\/100|[from] Salt Cure\n|upkeep\n|\n|t:|1701121151\n|switch|p2a: Iron Valiant|Iron Valiant|100\/100\n|turn|20\n|\n|t:|1701121154\n|switch|p1a: Clodsire|Clodsire, M|87\/100\n|move|p2a: Iron Valiant|Moonblast|p1a: Clodsire\n|-resisted|p1a: Clodsire\n|-damage|p1a: Clodsire|75\/100\n|-unboost|p1a: Clodsire|spa|1\n|\n|-heal|p1a: Clodsire|81\/100|[from] item: Leftovers\n|upkeep\n|turn|21\n|\n|t:|1701121160\n|-end|p2a: Iron Valiant|Quark Drive|[silent]\n|switch|p2a: Gholdengo|Gholdengo|100\/100\n|move|p1a: Clodsire|Toxic|p2a: Gholdengo\n|-immune|p2a: Gholdengo|[from] ability: Good as Gold\n|\n|-heal|p1a: Clodsire|87\/100|[from] item: Leftovers\n|upkeep\n|turn|22\n|\n|t:|1701121174\n|move|p2a: Gholdengo|Shadow Ball|p1a: Clodsire\n|-damage|p1a: Clodsire|52\/100\n|move|p1a: Clodsire|Earthquake|p2a: Gholdengo\n|-supereffective|p2a: Gholdengo\n|-damage|p2a: Gholdengo|40\/100\n|\n|-heal|p1a: Clodsire|58\/100|[from] item: Leftovers\n|upkeep\n|turn|23\n|\n|t:|1701121183\n|move|p2a: Gholdengo|Shadow Ball|p1a: Clodsire\n|-damage|p1a: Clodsire|19\/100\n|move|p1a: Clodsire|Earthquake|p2a: Gholdengo\n|-supereffective|p2a: Gholdengo\n|-damage|p2a: Gholdengo|0 fnt\n|faint|p2a: Gholdengo\n|\n|-heal|p1a: Clodsire|25\/100|[from] item: Leftovers\n|upkeep\n|\n|t:|1701121188\n|switch|p2a: Iron Valiant|Iron Valiant|100\/100\n|turn|24\n|\n|t:|1701121195\n|switch|p1a: Zapdos|Zapdos|52\/100\n|move|p2a: Iron Valiant|Knock Off|p1a: Zapdos\n|-damage|p1a: Zapdos|25\/100\n|-status|p2a: Iron Valiant|par|[from] ability: Static|[of] p1a: Zapdos\n|-enditem|p1a: Zapdos|Heavy-Duty Boots|[from] move: Knock Off|[of] p2a: Iron Valiant\n|\n|upkeep\n|turn|25\n|\n|t:|1701121209\n|-end|p2a: Iron Valiant|Quark Drive|[silent]\n|switch|p2a: Ogerpon|Ogerpon-Wellspring, F|100\/100\n|move|p1a: Zapdos|Roost|p1a: Zapdos\n|-heal|p1a: Zapdos|75\/100\n|-singleturn|p1a: Zapdos|move: Roost\n|\n|upkeep\n|turn|26\n|\n|t:|1701121212\n|switch|p2a: Iron Valiant|Iron Valiant|100\/100 par\n|move|p1a: Zapdos|Thunder Wave|p2a: Iron Valiant\n|-fail|p2a: Iron Valiant|par\n|\n|upkeep\n|turn|27\n|\n|t:|1701121222\n|move|p1a: Zapdos|Volt Switch|p2a: Iron Valiant\n|-damage|p2a: Iron Valiant|42\/100 par\n|\n|t:|1701121226\n|switch|p1a: Ogerpon|Ogerpon-Wellspring, F|76\/100|[from] Volt Switch\n|cant|p2a: Iron Valiant|par\n|\n|upkeep\n|turn|28\n|\n|t:|1701121233\n|move|p1a: Ogerpon|Ivy Cudgel|p2a: Iron Valiant|[anim] Ivy Cudgel Water\n|-damage|p2a: Iron Valiant|0 fnt\n|faint|p2a: Iron Valiant\n|-end|p2a: Iron Valiant|Quark Drive|[silent]\n|\n|upkeep\n|\n|t:|1701121238\n|switch|p2a: Ogerpon|Ogerpon-Wellspring, F|100\/100\n|turn|29\n|\n|t:|1701121241\n|move|p1a: Ogerpon|U-turn|p2a: Ogerpon\n|-supereffective|p2a: Ogerpon\n|-damage|p2a: Ogerpon|25\/100\n|\n|t:|1701121245\n|switch|p1a: Zapdos|Zapdos|75\/100|[from] U-turn\n|move|p2a: Ogerpon|Power Whip|p1a: Zapdos\n|-resisted|p1a: Zapdos\n|-damage|p1a: Zapdos|41\/100\n|\n|upkeep\n|turn|30\n|\n|t:|1701121250\n|move|p2a: Ogerpon|Ivy Cudgel|p1a: Zapdos|[anim] Ivy Cudgel Water\n|-damage|p1a: Zapdos|0 fnt\n|faint|p1a: Zapdos\n|\n|upkeep\n|\n|t:|1701121253\n|switch|p1a: Ogerpon|Ogerpon-Wellspring, F|76\/100\n|turn|31\n|\n|t:|1701121262\n|move|p2a: Ogerpon|Power Whip|p1a: Ogerpon\n|-damage|p1a: Ogerpon|0 fnt\n|faint|p1a: Ogerpon\n|\n|upkeep\n|\n|t:|1701121267\n|switch|p1a: Clodsire|Clodsire, M|25\/100\n|turn|32\n|\n|t:|1701121272\n|move|p2a: Ogerpon|Knock Off|p1a: Clodsire\n|-damage|p1a: Clodsire|0 fnt\n|-enditem|p1a: Clodsire|Leftovers|[from] move: Knock Off|[of] p2a: Ogerpon\n|faint|p1a: Clodsire\n|\n|win|Mtmc\n|raw|Adwoooooo's rating: 1188 &rarr; <strong>1165<\/strong><br \/>(-23 for losing)\n|raw|Mtmc's rating: 1215 &rarr; <strong>1238<\/strong><br \/>(+23 for winning)\n|l|\u2606Adwoooooo\n","uploadtime":1701121285,"views":10,"p1id":"adwoooooo","p2id":"mtmc","formatid":"gen9ou","rating":1165,"private":0,"password":""}