{"id":"gen9ou-1995219880","p1":"Riyad Mahrez","p2":"Blurred Ace","format":"[Gen 9] OU","log":"|j|\u2606Riyad Mahrez\n|j|\u2606Blurred Ace\n|t:|1700536154\n|gametype|singles\n|player|p1|Riyad Mahrez|will-gen2|1570\n|player|p2|Blurred Ace|gambler|1662\n|teamsize|p1|6\n|teamsize|p2|6\n|gen|9\n|tier|[Gen 9] OU\n|rated|\n|rule|Sleep Clause Mod: Limit one foe put to sleep\n|rule|Species Clause: Limit one of each Pok\u00e9mon\n|rule|OHKO Clause: OHKO moves are banned\n|rule|Evasion Items Clause: Evasion items are banned\n|rule|Evasion Moves Clause: Evasion moves are banned\n|rule|Endless Battle Clause: Forcing endless battles is banned\n|rule|HP Percentage Mod: HP is shown in percentages\n|clearpoke\n|poke|p1|Sinistcha-Masterpiece|\n|poke|p1|Ogerpon-Wellspring, F|\n|poke|p1|Heatran, M|\n|poke|p1|Kingambit, M|\n|poke|p1|Iron Valiant|\n|poke|p1|Great Tusk|\n|poke|p2|Dragapult, M|\n|poke|p2|Scizor, M|\n|poke|p2|Samurott-Hisui, M|\n|poke|p2|Garchomp, M|\n|poke|p2|Great Tusk|\n|poke|p2|Slowking, M|\n|teampreview\n|inactive|Battle timer is ON: inactive players will automatically lose when time's up. (requested by Riyad Mahrez)\n|\n|t:|1700536167\n|start\n|switch|p1a: Treadwrong Crush|Great Tusk|100\/100\n|switch|p2a: Dragapult|Dragapult, M|100\/100\n|turn|1\n|j| poodress\n|\n|t:|1700536174\n|-end|p1a: Treadwrong Crush|Protosynthesis|[silent]\n|switch|p1a: Akainu \ud83c\udf0b|Heatran, M|100\/100\n|move|p2a: Dragapult|Will-O-Wisp|p1a: Akainu \ud83c\udf0b\n|-start|p1a: Akainu \ud83c\udf0b|ability: Flash Fire\n|\n|upkeep\n|turn|2\n|\n|t:|1700536184\n|switch|p2a: Slowking|Slowking, M|100\/100\n|move|p1a: Akainu \ud83c\udf0b|Earth Power|p2a: Slowking\n|-damage|p2a: Slowking|85\/100\n|\n|-heal|p2a: Slowking|91\/100|[from] item: Leftovers\n|upkeep\n|turn|3\n|\n|t:|1700536193\n|move|p1a: Akainu \ud83c\udf0b|Stealth Rock|p2a: Slowking\n|-sidestart|p2: Blurred Ace|move: Stealth Rock\n|move|p2a: Slowking|Scald|p1a: Akainu \ud83c\udf0b\n|-supereffective|p1a: Akainu \ud83c\udf0b\n|-damage|p1a: Akainu \ud83c\udf0b|63\/100\n|\n|-heal|p1a: Akainu \ud83c\udf0b|69\/100|[from] item: Leftovers\n|-heal|p2a: Slowking|97\/100|[from] item: Leftovers\n|upkeep\n|turn|4\n|\n|t:|1700536199\n|-end|p1a: Akainu \ud83c\udf0b|ability: Flash Fire|[silent]\n|switch|p1a: Cosmo \ud83c\udf75|Sinistcha-Masterpiece|100\/100\n|move|p2a: Slowking|Chilly Reception|p2a: Slowking\n|-weather|Snow\n|\n|t:|1700536221\n|switch|p2a: Scizor|Scizor, M|100\/100|[from] Chilly Reception\n|-damage|p2a: Scizor|88\/100|[from] Stealth Rock\n|\n|-weather|Snow|[upkeep]\n|upkeep\n|turn|5\n|\n|t:|1700536224\n|move|p1a: Cosmo \ud83c\udf75|Strength Sap|p2a: Scizor\n|-unboost|p2a: Scizor|atk|1\n|move|p2a: Scizor|Knock Off|p1a: Cosmo \ud83c\udf75\n|-supereffective|p1a: Cosmo \ud83c\udf75\n|-damage|p1a: Cosmo \ud83c\udf75|54\/100\n|-enditem|p1a: Cosmo \ud83c\udf75|Leftovers|[from] move: Knock Off|[of] p2a: Scizor\n|\n|-weather|Snow|[upkeep]\n|upkeep\n|turn|6\n|\n|t:|1700536234\n|move|p1a: Cosmo \ud83c\udf75|Strength Sap|p2a: Scizor\n|-unboost|p2a: Scizor|atk|1\n|-heal|p1a: Cosmo \ud83c\udf75|100\/100\n|move|p2a: Scizor|Knock Off|p1a: Cosmo \ud83c\udf75\n|-supereffective|p1a: Cosmo \ud83c\udf75\n|-damage|p1a: Cosmo \ud83c\udf75|72\/100\n|\n|-weather|Snow|[upkeep]\n|upkeep\n|turn|7\n|\n|t:|1700536238\n|switch|p2a: Garchomp|Garchomp, M|100\/100\n|-damage|p2a: Garchomp|94\/100|[from] Stealth Rock\n|move|p1a: Cosmo \ud83c\udf75|Matcha Gotcha|p2a: Garchomp\n|-damage|p2a: Garchomp|56\/100\n|-heal|p1a: Cosmo \ud83c\udf75|92\/100|[from] drain|[of] p2a: Garchomp\n|\n|-weather|Snow|[upkeep]\n|upkeep\n|turn|8\n|\n|t:|1700536253\n|move|p2a: Garchomp|Stealth Rock|p1a: Cosmo \ud83c\udf75\n|-sidestart|p1: Riyad Mahrez|move: Stealth Rock\n|move|p1a: Cosmo \ud83c\udf75|Matcha Gotcha|p2a: Garchomp\n|-damage|p2a: Garchomp|18\/100\n|-heal|p1a: Cosmo \ud83c\udf75|100\/100|[from] drain|[of] p2a: Garchomp\n|\n|-weather|none\n|upkeep\n|turn|9\n|\n|t:|1700536264\n|move|p2a: Garchomp|Flamethrower|p1a: Cosmo \ud83c\udf75\n|-supereffective|p1a: Cosmo \ud83c\udf75\n|-damage|p1a: Cosmo \ud83c\udf75|81\/100\n|move|p1a: Cosmo \ud83c\udf75|Shadow Ball|p2a: Garchomp\n|-damage|p2a: Garchomp|0 fnt\n|faint|p2a: Garchomp\n|\n|upkeep\n|\n|t:|1700536276\n|switch|p2a: Dragapult|Dragapult, M|100\/100\n|turn|10\n|inactive|Riyad Mahrez has 120 seconds left.\n|\n|t:|1700536310\n|switch|p1a: Akainu \ud83c\udf0b|Heatran, M|69\/100\n|-damage|p1a: Akainu \ud83c\udf0b|57\/100|[from] Stealth Rock\n|move|p2a: Dragapult|Hex|p1a: Akainu \ud83c\udf0b\n|-damage|p1a: Akainu \ud83c\udf0b|40\/100\n|\n|-heal|p1a: Akainu \ud83c\udf0b|47\/100|[from] item: Leftovers\n|upkeep\n|turn|11\n|inactive|Riyad Mahrez has 120 seconds left.\n|\n|t:|1700536324\n|switch|p2a: Slowking|Slowking, M|100\/100\n|-damage|p2a: Slowking|88\/100|[from] Stealth Rock\n|switch|p1a: Twilight Suzuka\u2694\ufe0f|Ogerpon-Wellspring, F|100\/100\n|-damage|p1a: Twilight Suzuka\u2694\ufe0f|88\/100|[from] Stealth Rock\n|\n|-heal|p2a: Slowking|94\/100|[from] item: Leftovers\n|upkeep\n|turn|12\n|\n|t:|1700536330\n|move|p1a: Twilight Suzuka\u2694\ufe0f|Swords Dance|p1a: Twilight Suzuka\u2694\ufe0f\n|-boost|p1a: Twilight Suzuka\u2694\ufe0f|atk|2\n|move|p2a: Slowking|Chilly Reception|p2a: Slowking\n|-weather|Snow\n|\n|t:|1700536336\n|switch|p2a: Dragapult|Dragapult, M|100\/100|[from] Chilly Reception\n|\n|-weather|Snow|[upkeep]\n|upkeep\n|turn|13\n|\n|t:|1700536340\n|move|p2a: Dragapult|U-turn|p1a: Twilight Suzuka\u2694\ufe0f\n|-supereffective|p1a: Twilight Suzuka\u2694\ufe0f\n|-damage|p1a: Twilight Suzuka\u2694\ufe0f|38\/100\n|\n|t:|1700536349\n|switch|p2a: Scizor|Scizor, M|88\/100|[from] U-turn\n|-damage|p2a: Scizor|76\/100|[from] Stealth Rock\n|move|p1a: Twilight Suzuka\u2694\ufe0f|Ivy Cudgel|p2a: Scizor|[anim] Ivy Cudgel Water\n|-damage|p2a: Scizor|0 fnt\n|faint|p2a: Scizor\n|\n|-weather|Snow|[upkeep]\n|upkeep\n|\n|t:|1700536352\n|switch|p2a: Dragapult|Dragapult, M|100\/100\n|turn|14\n|\n|t:|1700536371\n|switch|p1a: Akainu \ud83c\udf0b|Heatran, M|47\/100\n|-damage|p1a: Akainu \ud83c\udf0b|34\/100|[from] Stealth Rock\n|move|p2a: Dragapult|U-turn|p1a: Akainu \ud83c\udf0b\n|-resisted|p1a: Akainu \ud83c\udf0b\n|-damage|p1a: Akainu \ud83c\udf0b|31\/100\n|\n|t:|1700536379\n|switch|p2a: Samurott|Samurott-Hisui, M|100\/100|[from] U-turn\n|-damage|p2a: Samurott|88\/100|[from] Stealth Rock\n|\n|-weather|Snow|[upkeep]\n|-heal|p1a: Akainu \ud83c\udf0b|37\/100|[from] item: Leftovers\n|upkeep\n|turn|15\n|j| Lario\n|\n|t:|1700536392\n|move|p2a: Samurott|Ceaseless Edge|p1a: Akainu \ud83c\udf0b\n|-damage|p1a: Akainu \ud83c\udf0b|0 fnt\n|-sidestart|p1: Riyad Mahrez|Spikes\n|faint|p1a: Akainu \ud83c\udf0b\n|\n|-weather|Snow|[upkeep]\n|upkeep\n|\n|t:|1700536405\n|switch|p1a: Twilight Suzuka\u2694\ufe0f|Ogerpon-Wellspring, F|38\/100\n|-damage|p1a: Twilight Suzuka\u2694\ufe0f|25\/100|[from] Stealth Rock\n|-damage|p1a: Twilight Suzuka\u2694\ufe0f|13\/100|[from] Spikes\n|turn|16\n|\n|t:|1700536412\n|move|p1a: Twilight Suzuka\u2694\ufe0f|Horn Leech|p2a: Samurott\n|-supereffective|p2a: Samurott\n|-damage|p2a: Samurott|0 fnt\n|-heal|p1a: Twilight Suzuka\u2694\ufe0f|60\/100|[from] drain|[of] p2a: Samurott\n|faint|p2a: Samurott\n|\n|-weather|none\n|upkeep\n|\n|t:|1700536414\n|switch|p2a: Dragapult|Dragapult, M|100\/100\n|turn|17\n|\n|t:|1700536431\n|move|p2a: Dragapult|Will-O-Wisp|p1a: Twilight Suzuka\u2694\ufe0f\n|-status|p1a: Twilight Suzuka\u2694\ufe0f|brn\n|move|p1a: Twilight Suzuka\u2694\ufe0f|Encore|p2a: Dragapult\n|-start|p2a: Dragapult|Encore\n|\n|-damage|p1a: Twilight Suzuka\u2694\ufe0f|54\/100 brn|[from] brn\n|upkeep\n|turn|18\n|\n|t:|1700536437\n|switch|p2a: Great Tusk|Great Tusk|100\/100\n|-damage|p2a: Great Tusk|98\/100|[from] Stealth Rock\n|move|p1a: Twilight Suzuka\u2694\ufe0f|Swords Dance|p1a: Twilight Suzuka\u2694\ufe0f\n|-boost|p1a: Twilight Suzuka\u2694\ufe0f|atk|2\n|\n|-heal|p2a: Great Tusk|100\/100|[from] item: Leftovers\n|-damage|p1a: Twilight Suzuka\u2694\ufe0f|48\/100 brn|[from] brn\n|upkeep\n|turn|19\n|\n|t:|1700536444\n|move|p1a: Twilight Suzuka\u2694\ufe0f|Ivy Cudgel|p2a: Great Tusk|[anim] Ivy Cudgel Water\n|-supereffective|p2a: Great Tusk\n|-damage|p2a: Great Tusk|30\/100\n|move|p2a: Great Tusk|Rapid Spin|p1a: Twilight Suzuka\u2694\ufe0f\n|-damage|p1a: Twilight Suzuka\u2694\ufe0f|20\/100 brn\n|-boost|p2a: Great Tusk|spe|1\n|-sideend|p2: Blurred Ace|Stealth Rock|[from] move: Rapid Spin|[of] p2a: Great Tusk\n|\n|-heal|p2a: Great Tusk|37\/100|[from] item: Leftovers\n|-damage|p1a: Twilight Suzuka\u2694\ufe0f|14\/100 brn|[from] brn\n|upkeep\n|turn|20\n|\n|t:|1700536470\n|switch|p1a: Treadwrong Crush|Great Tusk|100\/100\n|-terastallize|p2a: Great Tusk|Water\n|move|p2a: Great Tusk|Rapid Spin|p1a: Treadwrong Crush\n|-damage|p1a: Treadwrong Crush|85\/100\n|-boost|p2a: Great Tusk|spe|1\n|\n|-heal|p2a: Great Tusk|43\/100|[from] item: Leftovers\n|upkeep\n|turn|21\n|\n|t:|1700536476\n|move|p2a: Great Tusk|Bulk Up|p2a: Great Tusk\n|-boost|p2a: Great Tusk|atk|1\n|-boost|p2a: Great Tusk|def|1\n|move|p1a: Treadwrong Crush|Rapid Spin|p2a: Great Tusk\n|-damage|p2a: Great Tusk|35\/100\n|-boost|p1a: Treadwrong Crush|spe|1\n|-sideend|p1: Riyad Mahrez|Spikes|[from] move: Rapid Spin|[of] p1a: Treadwrong Crush\n|-sideend|p1: Riyad Mahrez|Stealth Rock|[from] move: Rapid Spin|[of] p1a: Treadwrong Crush\n|\n|-heal|p2a: Great Tusk|42\/100|[from] item: Leftovers\n|upkeep\n|turn|22\n|\n|t:|1700536481\n|move|p1a: Treadwrong Crush|Knock Off|p2a: Great Tusk\n|-damage|p2a: Great Tusk|26\/100\n|-enditem|p2a: Great Tusk|Leftovers|[from] move: Knock Off|[of] p1a: Treadwrong Crush\n|move|p2a: Great Tusk|Bulk Up|p2a: Great Tusk\n|-boost|p2a: Great Tusk|atk|1\n|-boost|p2a: Great Tusk|def|1\n|\n|upkeep\n|turn|23\n|j| oracio7420\n|\n|t:|1700536489\n|move|p1a: Treadwrong Crush|Headlong Rush|p2a: Great Tusk\n|-damage|p2a: Great Tusk|7\/100\n|-unboost|p1a: Treadwrong Crush|def|1\n|-unboost|p1a: Treadwrong Crush|spd|1\n|move|p2a: Great Tusk|Earthquake|p1a: Treadwrong Crush\n|-damage|p1a: Treadwrong Crush|0 fnt\n|faint|p1a: Treadwrong Crush\n|-end|p1a: Treadwrong Crush|Protosynthesis|[silent]\n|\n|upkeep\n|\n|t:|1700536497\n|switch|p1a: Gene Starwind|Kingambit, M|100\/100\n|-activate|p1a: Gene Starwind|ability: Supreme Overlord\n|-start|p1a: Gene Starwind|fallen2|[silent]\n|turn|24\n|\n|t:|1700536500\n|move|p1a: Gene Starwind|Sucker Punch||[still]\n|-fail|p1a: Gene Starwind\n|move|p2a: Great Tusk|Bulk Up|p2a: Great Tusk\n|-boost|p2a: Great Tusk|atk|1\n|-boost|p2a: Great Tusk|def|1\n|\n|upkeep\n|turn|25\n|\n|t:|1700536504\n|move|p1a: Gene Starwind|Sucker Punch|p2a: Great Tusk\n|-damage|p2a: Great Tusk|0 fnt\n|faint|p2a: Great Tusk\n|-end|p2a: Great Tusk|Protosynthesis|[silent]\n|\n|upkeep\n|\n|t:|1700536507\n|switch|p2a: Dragapult|Dragapult, M|100\/100\n|turn|26\n|\n|t:|1700536531\n|-end|p1a: Gene Starwind|fallen2|[silent]\n|switch|p1a: Twilight Suzuka\u2694\ufe0f|Ogerpon-Wellspring, F|14\/100 brn\n|move|p2a: Dragapult|Will-O-Wisp|p1a: Twilight Suzuka\u2694\ufe0f|[miss]\n|-miss|p2a: Dragapult|p1a: Twilight Suzuka\u2694\ufe0f\n|\n|-damage|p1a: Twilight Suzuka\u2694\ufe0f|8\/100 brn|[from] brn\n|upkeep\n|turn|27\n|\n|t:|1700536534\n|move|p2a: Dragapult|U-turn|p1a: Twilight Suzuka\u2694\ufe0f\n|-supereffective|p1a: Twilight Suzuka\u2694\ufe0f\n|-damage|p1a: Twilight Suzuka\u2694\ufe0f|0 fnt\n|faint|p1a: Twilight Suzuka\u2694\ufe0f\n|\n|t:|1700536536\n|switch|p2a: Slowking|Slowking, M|100\/100|[from] U-turn\n|\n|upkeep\n|\n|t:|1700536541\n|switch|p1a: Gene Starwind|Kingambit, M|100\/100\n|-activate|p1a: Gene Starwind|ability: Supreme Overlord\n|-start|p1a: Gene Starwind|fallen3|[silent]\n|turn|28\n|l| poodress\n|inactive|Blurred Ace has 120 seconds left.\n|inactive|Blurred Ace has 90 seconds left.\n|\n|t:|1700536603\n|move|p1a: Gene Starwind|Kowtow Cleave|p2a: Slowking\n|-supereffective|p2a: Slowking\n|-damage|p2a: Slowking|0 fnt\n|faint|p2a: Slowking\n|\n|upkeep\n|\n|t:|1700536605\n|switch|p2a: Dragapult|Dragapult, M|100\/100\n|turn|29\n|\n|t:|1700536608\n|move|p2a: Dragapult|Will-O-Wisp|p1a: Gene Starwind\n|-status|p1a: Gene Starwind|brn\n|move|p1a: Gene Starwind|Kowtow Cleave|p2a: Dragapult\n|-supereffective|p2a: Dragapult\n|-damage|p2a: Dragapult|0 fnt\n|faint|p2a: Dragapult\n|\n|win|Riyad Mahrez\n|raw|Riyad Mahrez's rating: 1570 &rarr; <strong>1595<\/strong><br \/>(+25 for winning)\n|raw|Blurred Ace's rating: 1662 &rarr; <strong>1637<\/strong><br \/>(-25 for losing)\n","uploadtime":1700536615,"views":9,"p1id":"riyadmahrez","p2id":"blurredace","formatid":"gen9ou","rating":1595,"private":0,"password":""}