{"id":"gen9ou-2000617542","p1":"Princessjosie","p2":"BoWs1rJr","format":"[Gen 9] OU","log":"|j|\u2606Princessjosie\n|j|\u2606BoWs1rJr\n|t:|1701211002\n|gametype|singles\n|player|p1|Princessjosie|flannery|1458\n|player|p2|BoWs1rJr|bugcatcher-gen4dp|1552\n|teamsize|p1|6\n|teamsize|p2|6\n|gen|9\n|tier|[Gen 9] OU\n|rated|\n|rule|Sleep Clause Mod: Limit one foe put to sleep\n|rule|Species Clause: Limit one of each Pok\u00e9mon\n|rule|OHKO Clause: OHKO moves are banned\n|rule|Evasion Items Clause: Evasion items are banned\n|rule|Evasion Moves Clause: Evasion moves are banned\n|rule|Endless Battle Clause: Forcing endless battles is banned\n|rule|HP Percentage Mod: HP is shown in percentages\n|clearpoke\n|poke|p1|Jirachi|\n|poke|p1|Salamence, M|\n|poke|p1|Espeon, F|\n|poke|p1|Salazzle, F|\n|poke|p1|Venomoth, F|\n|poke|p1|Cloyster, M|\n|poke|p2|Ribombee, F|\n|poke|p2|Gholdengo|\n|poke|p2|Manaphy|\n|poke|p2|Landorus-Therian, M|\n|poke|p2|Ogerpon-Wellspring, F|\n|poke|p2|Dragapult, F|\n|teampreview\n|inactive|Battle timer is ON: inactive players will automatically lose when time's up. (requested by BoWs1rJr)\n|inactive|BoWs1rJr has 120 seconds left.\n|l|\u2606Princessjosie\n|inactive|Princessjosie disconnected and has a minute to reconnect!\n|player|p1|\n|inactive|BoWs1rJr has 90 seconds left.\n|j|\u2606Princessjosie\n|inactive|Princessjosie reconnected.\n|player|p1|Princessjosie|flannery\n|inactive|BoWs1rJr has 60 seconds left.\n|c|\u2606BoWs1rJr|Venomoth!!!!\n|\n|t:|1701211100\n|start\n|switch|p1a: Jirachi|Jirachi|100\/100\n|switch|p2a: Ribosome|Ribombee, F, shiny|100\/100\n|turn|1\n|\n|t:|1701211105\n|move|p1a: Jirachi|Iron Head|p2a: Ribosome\n|-supereffective|p2a: Ribosome\n|-enditem|p2a: Ribosome|Focus Sash\n|-damage|p2a: Ribosome|1\/100\n|move|p2a: Ribosome|U-turn|p1a: Jirachi\n|-damage|p1a: Jirachi|88\/100\n|inactive|BoWs1rJr has 120 seconds left.\n|\n|t:|1701211121\n|switch|p2a: Hydrogen Baby|Manaphy|100\/100|[from] U-turn\n|\n|upkeep\n|turn|2\n|\n|t:|1701211127\n|switch|p1a: Espeon|Espeon, F|100\/100\n|move|p2a: Hydrogen Baby|Tail Glow|p2a: Hydrogen Baby\n|-boost|p2a: Hydrogen Baby|spa|3\n|\n|upkeep\n|turn|3\n|\n|t:|1701211132\n|move|p1a: Espeon|Trick|p2a: Hydrogen Baby\n|-activate|p1a: Espeon|move: Trick|[of] p2a: Hydrogen Baby\n|-item|p2a: Hydrogen Baby|Choice Scarf|[from] move: Trick\n|-item|p1a: Espeon|Leftovers|[from] move: Trick\n|move|p2a: Hydrogen Baby|Surf|p1a: Espeon\n|-damage|p1a: Espeon|0 fnt\n|faint|p1a: Espeon\n|\n|upkeep\n|\n|t:|1701211140\n|switch|p1a: Salazzle|Salazzle, F|100\/100\n|turn|4\n|\n|t:|1701211144\n|move|p2a: Hydrogen Baby|Surf|p1a: Salazzle\n|-supereffective|p1a: Salazzle\n|-enditem|p1a: Salazzle|Focus Sash\n|-damage|p1a: Salazzle|1\/100\n|move|p1a: Salazzle|Toxic|p2a: Hydrogen Baby\n|-status|p2a: Hydrogen Baby|tox\n|\n|-damage|p2a: Hydrogen Baby|94\/100 tox|[from] psn\n|upkeep\n|turn|5\n|\n|t:|1701211153\n|move|p1a: Salazzle|Protect|p1a: Salazzle\n|-singleturn|p1a: Salazzle|Protect\n|move|p2a: Hydrogen Baby|Surf|p1a: Salazzle\n|-activate|p1a: Salazzle|move: Protect\n|\n|-damage|p2a: Hydrogen Baby|82\/100 tox|[from] psn\n|upkeep\n|turn|6\n|\n|t:|1701211161\n|switch|p1a: Jirachi|Jirachi|88\/100\n|move|p2a: Hydrogen Baby|Surf|p1a: Jirachi\n|-damage|p1a: Jirachi|0 fnt\n|faint|p1a: Jirachi\n|\n|-damage|p2a: Hydrogen Baby|64\/100 tox|[from] psn\n|upkeep\n|\n|t:|1701211169\n|switch|p1a: Salazzle|Salazzle, F|1\/100\n|turn|7\n|\n|t:|1701211176\n|move|p1a: Salazzle|Protect|p1a: Salazzle\n|-singleturn|p1a: Salazzle|Protect\n|move|p2a: Hydrogen Baby|Surf|p1a: Salazzle\n|-activate|p1a: Salazzle|move: Protect\n|\n|-damage|p2a: Hydrogen Baby|39\/100 tox|[from] psn\n|upkeep\n|turn|8\n|\n|t:|1701211183\n|move|p1a: Salazzle|Protect|p1a: Salazzle\n|-singleturn|p1a: Salazzle|Protect\n|move|p2a: Hydrogen Baby|Surf|p1a: Salazzle\n|-activate|p1a: Salazzle|move: Protect\n|\n|-damage|p2a: Hydrogen Baby|8\/100 tox|[from] psn\n|upkeep\n|turn|9\n|\n|t:|1701211191\n|move|p2a: Hydrogen Baby|Surf|p1a: Salazzle\n|-supereffective|p1a: Salazzle\n|-crit|p1a: Salazzle\n|-damage|p1a: Salazzle|0 fnt\n|faint|p1a: Salazzle\n|\n|-damage|p2a: Hydrogen Baby|0 fnt|[from] psn\n|faint|p2a: Hydrogen Baby\n|upkeep\n|\n|t:|1701211202\n|switch|p1a: Cloyster|Cloyster, M|100\/100\n|switch|p2a: Ribosome|Ribombee, F, shiny|1\/100\n|turn|10\n|\n|t:|1701211206\n|move|p1a: Cloyster|Ice Shard|p2a: Ribosome\n|-damage|p2a: Ribosome|0 fnt\n|faint|p2a: Ribosome\n|\n|upkeep\n|\n|t:|1701211223\n|switch|p2a: bluemask&pronouns|Ogerpon-Wellspring, F|100\/100\n|turn|11\n|\n|t:|1701211231\n|move|p2a: bluemask&pronouns|Horn Leech|p1a: Cloyster\n|-supereffective|p1a: Cloyster\n|-damage|p1a: Cloyster|11\/100\n|move|p1a: Cloyster|Shell Smash|p1a: Cloyster\n|-unboost|p1a: Cloyster|def|1\n|-unboost|p1a: Cloyster|spd|1\n|-boost|p1a: Cloyster|atk|2\n|-boost|p1a: Cloyster|spa|2\n|-boost|p1a: Cloyster|spe|2\n|\n|upkeep\n|turn|12\n|\n|t:|1701211245\n|switch|p2a: NOT LANDOVER YET|Landorus-Therian, M|100\/100\n|-ability|p2a: NOT LANDOVER YET|Intimidate|boost\n|-unboost|p1a: Cloyster|atk|1\n|-terastallize|p1a: Cloyster|Ice\n|move|p1a: Cloyster|Icicle Spear|p2a: NOT LANDOVER YET\n|-supereffective|p2a: NOT LANDOVER YET\n|-damage|p2a: NOT LANDOVER YET|0 fnt\n|faint|p2a: NOT LANDOVER YET\n|-hitcount|p2: NOT LANDOVER YET|1\n|\n|upkeep\n|\n|t:|1701211248\n|switch|p2a: Reddit gold|Gholdengo|100\/100\n|-item|p2a: Reddit gold|Air Balloon\n|turn|13\n|\n|t:|1701211257\n|move|p1a: Cloyster|Icicle Spear|p2a: Reddit gold\n|-resisted|p2a: Reddit gold\n|-damage|p2a: Reddit gold|87\/100\n|-enditem|p2a: Reddit gold|Air Balloon\n|-resisted|p2a: Reddit gold\n|-damage|p2a: Reddit gold|73\/100\n|-resisted|p2a: Reddit gold\n|-damage|p2a: Reddit gold|60\/100\n|-resisted|p2a: Reddit gold\n|-damage|p2a: Reddit gold|46\/100\n|-resisted|p2a: Reddit gold\n|-damage|p2a: Reddit gold|34\/100\n|-hitcount|p2a: Reddit gold|5\n|move|p2a: Reddit gold|Shadow Ball|p1a: Cloyster\n|-crit|p1a: Cloyster\n|-damage|p1a: Cloyster|0 fnt\n|faint|p1a: Cloyster\n|\n|upkeep\n|\n|t:|1701211272\n|switch|p1a: Salamence|Salamence, M|100\/100\n|turn|14\n|\n|t:|1701211278\n|move|p1a: Salamence|Earthquake|p2a: Reddit gold\n|-supereffective|p2a: Reddit gold\n|-damage|p2a: Reddit gold|0 fnt\n|faint|p2a: Reddit gold\n|-ability|p1a: Salamence|Moxie|boost\n|-boost|p1a: Salamence|atk|1\n|\n|upkeep\n|\n|t:|1701211285\n|switch|p2a: Fuck them kids|Dragapult, F|100\/100\n|turn|15\n|\n|t:|1701211289\n|move|p2a: Fuck them kids|Dragon Darts|p1a: Salamence\n|-supereffective|p1a: Salamence\n|-damage|p1a: Salamence|30\/100\n|-anim|p2a: Fuck them kids|Dragon Darts|p1a: Salamence\n|-supereffective|p1a: Salamence\n|-damage|p1a: Salamence|0 fnt\n|faint|p1a: Salamence\n|\n|upkeep\n|\n|t:|1701211295\n|switch|p1a: Venomoth|Venomoth, F|100\/100\n|turn|16\n|c|\u2606BoWs1rJr|gg\n|\n|t:|1701211309\n|move|p2a: Fuck them kids|Dragon Darts|p1a: Venomoth\n|-damage|p1a: Venomoth|48\/100\n|-anim|p2a: Fuck them kids|Dragon Darts|p1a: Venomoth\n|-damage|p1a: Venomoth|0 fnt\n|faint|p1a: Venomoth\n|\n|win|BoWs1rJr\n|raw|Princessjosie's rating: 1458 &rarr; <strong>1443<\/strong><br \/>(-15 for losing)\n|raw|BoWs1rJr's rating: 1552 &rarr; <strong>1567<\/strong><br \/>(+15 for winning)\n|l|\u2606Princessjosie\n","uploadtime":1701211320,"views":2,"p1id":"princessjosie","p2id":"bows1rjr","formatid":"gen9ou","rating":1443,"private":0,"password":""}