{"id":"gen9ou-1997288552","p1":"Vanhomin","p2":"whitepikmin","format":"[Gen 9] OU","log":"|j|\u2606Vanhomin\n|j|\u2606whitepikmin\n|t:|1700785058\n|gametype|singles\n|player|p1|Vanhomin|scientist-gen4|\n|player|p2|whitepikmin|wallace|\n|teamsize|p1|6\n|teamsize|p2|6\n|gen|9\n|tier|[Gen 9] OU\n|rule|Sleep Clause Mod: Limit one foe put to sleep\n|rule|Species Clause: Limit one of each Pok\u00e9mon\n|rule|OHKO Clause: OHKO moves are banned\n|rule|Evasion Items Clause: Evasion items are banned\n|rule|Evasion Moves Clause: Evasion moves are banned\n|rule|Endless Battle Clause: Forcing endless battles is banned\n|rule|HP Percentage Mod: HP is shown in percentages\n|clearpoke\n|poke|p1|Enamorus, F|\n|poke|p1|Ninetales-Alola, F|\n|poke|p1|Garganacl, M|\n|poke|p1|Clodsire, M|\n|poke|p1|Corviknight, F|\n|poke|p1|Ditto|\n|poke|p2|Weezing-Galar, M|\n|poke|p2|Arcanine-Hisui, M|\n|poke|p2|Scream Tail|\n|poke|p2|Armarouge, M|\n|poke|p2|Slowking-Galar, M|\n|poke|p2|Ogerpon-Wellspring, F|\n|teampreview\n|inactive|Battle timer is ON: inactive players will automatically lose when time's up. (requested by Vanhomin)\n|\n|t:|1700785070\n|start\n|switch|p1a: Giiwedin|Ninetales-Alola, F|100\/100\n|switch|p2a: AngrySquare|Scream Tail|100\/100\n|-weather|Snow|[from] ability: Snow Warning|[of] p1a: Giiwedin\n|turn|1\n|\n|t:|1700785094\n|move|p2a: AngrySquare|Stealth Rock|p1a: Giiwedin\n|-sidestart|p1: Vanhomin|move: Stealth Rock\n|move|p1a: Giiwedin|Aurora Veil|p1a: Giiwedin\n|-sidestart|p1: Vanhomin|move: Aurora Veil\n|\n|-weather|Snow|[upkeep]\n|upkeep\n|turn|2\n|\n|t:|1700785111\n|switch|p1a: Mordred|Corviknight, F|100\/100\n|-damage|p1a: Mordred|88\/100|[from] Stealth Rock\n|-ability|p1a: Mordred|Pressure\n|move|p2a: AngrySquare|Encore||[still]\n|-fail|p2a: AngrySquare\n|\n|-weather|Snow|[upkeep]\n|upkeep\n|turn|3\n|\n|t:|1700785134\n|move|p2a: AngrySquare|Reflect|p2a: AngrySquare\n|-sidestart|p2: whitepikmin|Reflect\n|move|p1a: Mordred|Defog|p2a: AngrySquare\n|-unboost|p2a: AngrySquare|evasion|1\n|-sideend|p2: whitepikmin|Reflect\n|-sideend|p1: Vanhomin|Stealth Rock|[from] move: Defog|[of] p1a: Mordred\n|\n|-weather|Snow|[upkeep]\n|upkeep\n|turn|4\n|\n|t:|1700785149\n|switch|p1a: Gloop|Clodsire, M|100\/100\n|move|p2a: AngrySquare|Stealth Rock|p1a: Gloop\n|-sidestart|p1: Vanhomin|move: Stealth Rock\n|\n|-weather|Snow|[upkeep]\n|upkeep\n|turn|5\n|\n|t:|1700785154\n|move|p2a: AngrySquare|Reflect|p2a: AngrySquare\n|-sidestart|p2: whitepikmin|Reflect\n|move|p1a: Gloop|Toxic|p2a: AngrySquare\n|-status|p2a: AngrySquare|tox\n|\n|-weather|none\n|-damage|p2a: AngrySquare|94\/100 tox|[from] psn\n|upkeep\n|turn|6\n|\n|t:|1700785161\n|-end|p2a: AngrySquare|Protosynthesis|[silent]\n|switch|p2a: Claude|Slowking-Galar, M, shiny|100\/100\n|move|p1a: Gloop|Stealth Rock|p2a: Claude\n|-sidestart|p2: whitepikmin|move: Stealth Rock\n|\n|upkeep\n|turn|7\n|\n|t:|1700785168\n|move|p2a: Claude|Future Sight|p1a: Gloop\n|-start|p2a: Claude|move: Future Sight\n|move|p1a: Gloop|Earthquake|p2a: Claude\n|-supereffective|p2a: Claude\n|-damage|p2a: Claude|72\/100\n|\n|upkeep\n|turn|8\n|\n|t:|1700785177\n|switch|p2a: Gent|Weezing-Galar, M, shiny|100\/100\n|-damage|p2a: Gent|88\/100|[from] Stealth Rock\n|switch|p1a: Mordred|Corviknight, F|88\/100\n|-damage|p1a: Mordred|76\/100|[from] Stealth Rock\n|-ability|p1a: Mordred|Pressure\n|\n|-heal|p2a: Gent|94\/100|[from] item: Black Sludge\n|-sideend|p1: Vanhomin|move: Aurora Veil\n|upkeep\n|turn|9\n|\n|t:|1700785182\n|move|p1a: Mordred|Roost|p1a: Mordred\n|-heal|p1a: Mordred|100\/100\n|-singleturn|p1a: Mordred|move: Roost\n|move|p2a: Gent|Defog|p1a: Mordred\n|-unboost|p1a: Mordred|evasion|1\n|-sideend|p1: Vanhomin|Stealth Rock|[from] move: Defog|[of] p2a: Gent\n|-sideend|p2: whitepikmin|Stealth Rock|[from] move: Defog|[of] p2a: Gent\n|\n|-end|p1a: Mordred|move: Future Sight\n|-resisted|p1a: Mordred\n|-damage|p1a: Mordred|77\/100\n|-heal|p2a: Gent|99\/100|[from] item: Black Sludge\n|upkeep\n|turn|10\n|inactive|Vanhomin has 270 seconds left.\n|inactive|Vanhomin has 240 seconds left.\n|\n|t:|1700785249\n|switch|p2a: AngrySquare|Scream Tail|94\/100 tox\n|move|p1a: Mordred|Defog|p2a: AngrySquare\n|-unboost|p2a: AngrySquare|evasion|1\n|-sideend|p2: whitepikmin|Reflect\n|\n|-damage|p2a: AngrySquare|88\/100 tox|[from] psn\n|upkeep\n|turn|11\n|inactive|Vanhomin has 240 seconds left.\n|\n|t:|1700785259\n|move|p2a: AngrySquare|Encore|p1a: Mordred\n|-start|p1a: Mordred|Encore\n|move|p1a: Mordred|Defog|p2a: AngrySquare\n|-unboost|p2a: AngrySquare|evasion|1\n|\n|-damage|p2a: AngrySquare|76\/100 tox|[from] psn\n|upkeep\n|turn|12\n|\n|t:|1700785265\n|-end|p2a: AngrySquare|Protosynthesis|[silent]\n|switch|p2a: Jogo|Armarouge, M|100\/100\n|switch|p1a: Orochi|Enamorus, F|100\/100\n|\n|upkeep\n|turn|13\n|\n|t:|1700785272\n|move|p1a: Orochi|Substitute|p1a: Orochi\n|-start|p1a: Orochi|Substitute\n|-damage|p1a: Orochi|76\/100\n|move|p2a: Jogo|Armor Cannon|p1a: Orochi\n|-end|p1a: Orochi|Substitute\n|-unboost|p2a: Jogo|def|1\n|-unboost|p2a: Jogo|spd|1\n|\n|-heal|p1a: Orochi|82\/100|[from] item: Leftovers\n|upkeep\n|turn|14\n|\n|t:|1700785276\n|move|p1a: Orochi|Earth Power|p2a: Jogo\n|-supereffective|p2a: Jogo\n|-enditem|p2a: Jogo|Focus Sash\n|-damage|p2a: Jogo|1\/100\n|move|p2a: Jogo|Armor Cannon|p1a: Orochi\n|-damage|p1a: Orochi|0 fnt\n|-unboost|p2a: Jogo|def|1\n|-unboost|p2a: Jogo|spd|1\n|faint|p1a: Orochi\n|\n|upkeep\n|\n|t:|1700785286\n|switch|p1a: Giiwedin|Ninetales-Alola, F|100\/100\n|-weather|Snow|[from] ability: Snow Warning|[of] p1a: Giiwedin\n|turn|15\n|\n|t:|1700785295\n|-terastallize|p2a: Jogo|Fire\n|move|p1a: Giiwedin|Moonblast|p2a: Jogo\n|-resisted|p2a: Jogo\n|-damage|p2a: Jogo|0 fnt\n|faint|p2a: Jogo\n|\n|-weather|Snow|[upkeep]\n|upkeep\n|c|\u2606whitepikmin|nooo\n|\n|t:|1700785304\n|switch|p2a: Dogstorm|Arcanine-Hisui, M, shiny|100\/100\n|turn|16\n|\n|t:|1700785315\n|switch|p1a: Mordred|Corviknight, F|77\/100\n|-ability|p1a: Mordred|Pressure\n|move|p2a: Dogstorm|Flare Blitz|p1a: Mordred\n|-supereffective|p1a: Mordred\n|-damage|p1a: Mordred|14\/100\n|-damage|p2a: Dogstorm|84\/100|[from] item: Rocky Helmet|[of] p1a: Mordred\n|\n|-weather|Snow|[upkeep]\n|upkeep\n|turn|17\n|\n|t:|1700785324\n|move|p2a: Dogstorm|Flare Blitz|p1a: Mordred\n|-supereffective|p1a: Mordred\n|-crit|p1a: Mordred\n|-damage|p1a: Mordred|0 fnt\n|-damage|p2a: Dogstorm|67\/100|[from] item: Rocky Helmet|[of] p1a: Mordred\n|faint|p1a: Mordred\n|\n|-weather|Snow|[upkeep]\n|upkeep\n|\n|t:|1700785340\n|switch|p1a: Catalyst|Garganacl, M, shiny|100\/100\n|turn|18\n|\n|t:|1700785347\n|switch|p2a: Gent|Weezing-Galar, M, shiny|99\/100\n|move|p1a: Catalyst|Curse|p1a: Catalyst\n|-unboost|p1a: Catalyst|spe|1\n|-boost|p1a: Catalyst|atk|1\n|-boost|p1a: Catalyst|def|1\n|\n|-weather|Snow|[upkeep]\n|-heal|p2a: Gent|100\/100|[from] item: Black Sludge\n|upkeep\n|turn|19\n|\n|t:|1700785352\n|move|p2a: Gent|Clear Smog|p1a: Catalyst\n|-resisted|p1a: Catalyst\n|-damage|p1a: Catalyst|95\/100\n|-clearboost|p1a: Catalyst\n|move|p1a: Catalyst|Salt Cure|p2a: Gent\n|-crit|p2a: Gent\n|-damage|p2a: Gent|86\/100\n|-start|p2a: Gent|Salt Cure\n|\n|-weather|none\n|-heal|p2a: Gent|92\/100|[from] item: Black Sludge\n|-heal|p1a: Catalyst|100\/100|[from] item: Leftovers\n|-damage|p2a: Gent|80\/100|[from] Salt Cure\n|upkeep\n|turn|20\n|\n|t:|1700785364\n|switch|p2a: AngrySquare|Scream Tail|76\/100 tox\n|switch|p1a: Gloop|Clodsire, M|100\/100\n|\n|-damage|p2a: AngrySquare|69\/100 tox|[from] psn\n|upkeep\n|turn|21\n|\n|t:|1700785367\n|move|p2a: AngrySquare|Stealth Rock|p1a: Gloop\n|-sidestart|p1: Vanhomin|move: Stealth Rock\n|move|p1a: Gloop|Stealth Rock|p2a: AngrySquare\n|-sidestart|p2: whitepikmin|move: Stealth Rock\n|\n|-damage|p2a: AngrySquare|57\/100 tox|[from] psn\n|upkeep\n|turn|22\n|\n|t:|1700785395\n|switch|p1a: Catalyst|Garganacl, M, shiny|100\/100\n|-damage|p1a: Catalyst|88\/100|[from] Stealth Rock\n|move|p2a: AngrySquare|Encore||[still]\n|-fail|p2a: AngrySquare\n|\n|-heal|p1a: Catalyst|94\/100|[from] item: Leftovers\n|-damage|p2a: AngrySquare|38\/100 tox|[from] psn\n|upkeep\n|turn|23\n|\n|t:|1700785401\n|move|p2a: AngrySquare|Reflect|p2a: AngrySquare\n|-sidestart|p2: whitepikmin|Reflect\n|move|p1a: Catalyst|Curse|p1a: Catalyst\n|-unboost|p1a: Catalyst|spe|1\n|-boost|p1a: Catalyst|atk|1\n|-boost|p1a: Catalyst|def|1\n|\n|-heal|p1a: Catalyst|100\/100|[from] item: Leftovers\n|-damage|p2a: AngrySquare|13\/100 tox|[from] psn\n|upkeep\n|turn|24\n|\n|t:|1700785405\n|move|p2a: AngrySquare|Encore|p1a: Catalyst\n|-start|p1a: Catalyst|Encore\n|move|p1a: Catalyst|Curse|p1a: Catalyst\n|-unboost|p1a: Catalyst|spe|1\n|-boost|p1a: Catalyst|atk|1\n|-boost|p1a: Catalyst|def|1\n|\n|-damage|p2a: AngrySquare|0 fnt|[from] psn\n|faint|p2a: AngrySquare\n|-end|p2a: AngrySquare|Protosynthesis|[silent]\n|upkeep\n|\n|t:|1700785413\n|switch|p2a: Gent|Weezing-Galar, M, shiny|80\/100\n|-damage|p2a: Gent|68\/100|[from] Stealth Rock\n|turn|25\n|\n|t:|1700785418\n|-terastallize|p1a: Catalyst|Ghost\n|move|p2a: Gent|Clear Smog|p1a: Catalyst\n|-resisted|p1a: Catalyst\n|-damage|p1a: Catalyst|95\/100\n|-clearboost|p1a: Catalyst\n|move|p1a: Catalyst|Curse|p2a: Gent\n|-start|p2a: Gent|Curse|[of] p1a: Catalyst\n|-damage|p1a: Catalyst|45\/100\n|\n|-heal|p2a: Gent|74\/100|[from] item: Black Sludge\n|-heal|p1a: Catalyst|52\/100|[from] item: Leftovers\n|-damage|p2a: Gent|49\/100|[from] Curse\n|upkeep\n|turn|26\n|\n|t:|1700785431\n|switch|p1a: Gloop|Clodsire, M|100\/100\n|-damage|p1a: Gloop|94\/100|[from] Stealth Rock\n|move|p2a: Gent|Pain Split|p1a: Gloop\n|-sethp|p1a: Gloop|65\/100|[from] move: Pain Split|[silent]\n|-sethp|p2a: Gent|90\/100|[from] move: Pain Split\n|\n|-heal|p2a: Gent|96\/100|[from] item: Black Sludge\n|-heal|p1a: Gloop|71\/100|[from] item: Leftovers\n|-damage|p2a: Gent|71\/100|[from] Curse\n|upkeep\n|turn|27\n|\n|t:|1700785437\n|move|p2a: Gent|Defog|p1a: Gloop\n|-unboost|p1a: Gloop|evasion|1\n|-sideend|p1: Vanhomin|Stealth Rock|[from] move: Defog|[of] p2a: Gent\n|-sideend|p2: whitepikmin|Stealth Rock|[from] move: Defog|[of] p2a: Gent\n|move|p1a: Gloop|Recover|p1a: Gloop\n|-heal|p1a: Gloop|100\/100\n|\n|-heal|p2a: Gent|77\/100|[from] item: Black Sludge\n|-damage|p2a: Gent|52\/100|[from] Curse\n|upkeep\n|turn|28\n|\n|t:|1700785441\n|move|p2a: Gent|Pain Split|p1a: Gloop\n|-sethp|p1a: Gloop|69\/100|[from] move: Pain Split|[silent]\n|-sethp|p2a: Gent|95\/100|[from] move: Pain Split\n|move|p1a: Gloop|Earthquake|p2a: Gent\n|-immune|p2a: Gent|[from] ability: Levitate\n|\n|-heal|p2a: Gent|100\/100|[from] item: Black Sludge\n|-heal|p1a: Gloop|75\/100|[from] item: Leftovers\n|-damage|p2a: Gent|76\/100|[from] Curse\n|upkeep\n|turn|29\n|\n|t:|1700785460\n|switch|p1a: Catalyst|Garganacl, M, shiny, tera:Ghost|52\/100\n|move|p2a: Gent|Protect||[still]\n|-fail|p2a: Gent\n|\n|-heal|p2a: Gent|82\/100|[from] item: Black Sludge\n|-heal|p1a: Catalyst|58\/100|[from] item: Leftovers\n|-damage|p2a: Gent|57\/100|[from] Curse\n|upkeep\n|turn|30\n|\n|t:|1700785463\n|move|p2a: Gent|Pain Split|p1a: Catalyst\n|-sethp|p1a: Catalyst|52\/100|[from] move: Pain Split|[silent]\n|-sethp|p2a: Gent|63\/100|[from] move: Pain Split\n|move|p1a: Catalyst|Recover|p1a: Catalyst\n|-heal|p1a: Catalyst|100\/100\n|\n|-heal|p2a: Gent|69\/100|[from] item: Black Sludge\n|-damage|p2a: Gent|44\/100|[from] Curse\n|-sideend|p2: whitepikmin|Reflect\n|upkeep\n|turn|31\n|\n|t:|1700785467\n|move|p2a: Gent|Pain Split|p1a: Catalyst\n|-sethp|p1a: Catalyst|68\/100|[from] move: Pain Split|[silent]\n|-sethp|p2a: Gent|83\/100|[from] move: Pain Split\n|move|p1a: Catalyst|Salt Cure|p2a: Gent\n|-damage|p2a: Gent|73\/100\n|-start|p2a: Gent|Salt Cure\n|\n|-heal|p2a: Gent|79\/100|[from] item: Black Sludge\n|-heal|p1a: Catalyst|75\/100|[from] item: Leftovers\n|-damage|p2a: Gent|54\/100|[from] Curse\n|-damage|p2a: Gent|42\/100|[from] Salt Cure\n|upkeep\n|turn|32\n|\n|t:|1700785478\n|move|p2a: Gent|Pain Split|p1a: Catalyst\n|-sethp|p1a: Catalyst|55\/100|[from] move: Pain Split|[silent]\n|-sethp|p2a: Gent|66\/100|[from] move: Pain Split\n|move|p1a: Catalyst|Salt Cure|p2a: Gent\n|-damage|p2a: Gent|56\/100\n|\n|-heal|p2a: Gent|62\/100|[from] item: Black Sludge\n|-heal|p1a: Catalyst|61\/100|[from] item: Leftovers\n|-damage|p2a: Gent|37\/100|[from] Curse\n|-damage|p2a: Gent|25\/100|[from] Salt Cure\n|upkeep\n|turn|33\n|\n|t:|1700785503\n|switch|p1a: Giiwedin|Ninetales-Alola, F|100\/100\n|-weather|Snow|[from] ability: Snow Warning|[of] p1a: Giiwedin\n|move|p2a: Gent|Pain Split|p1a: Giiwedin\n|-sethp|p1a: Giiwedin|62\/100|[from] move: Pain Split|[silent]\n|-sethp|p2a: Gent|65\/100|[from] move: Pain Split\n|\n|-weather|Snow|[upkeep]\n|-heal|p2a: Gent|71\/100|[from] item: Black Sludge\n|-damage|p2a: Gent|46\/100|[from] Curse\n|-damage|p2a: Gent|34\/100|[from] Salt Cure\n|upkeep\n|turn|34\n|\n|t:|1700785515\n|switch|p2a: Dogstorm|Arcanine-Hisui, M, shiny|67\/100\n|move|p1a: Giiwedin|Encore||[still]\n|-fail|p1a: Giiwedin\n|\n|-weather|Snow|[upkeep]\n|upkeep\n|turn|35\n|\n|t:|1700785522\n|switch|p1a: Gloop|Clodsire, M|75\/100\n|move|p2a: Dogstorm|Head Smash|p1a: Gloop\n|-resisted|p1a: Gloop\n|-damage|p1a: Gloop|39\/100\n|\n|-weather|Snow|[upkeep]\n|-heal|p1a: Gloop|45\/100|[from] item: Leftovers\n|upkeep\n|turn|36\n|\n|t:|1700785542\n|switch|p2a: Gent|Weezing-Galar, M, shiny|34\/100\n|move|p1a: Gloop|Recover|p1a: Gloop\n|-heal|p1a: Gloop|95\/100\n|\n|-weather|Snow|[upkeep]\n|-heal|p2a: Gent|40\/100|[from] item: Black Sludge\n|-heal|p1a: Gloop|100\/100|[from] item: Leftovers\n|upkeep\n|turn|37\n|\n|t:|1700785552\n|move|p2a: Gent|Pain Split|p1a: Gloop\n|-sethp|p1a: Gloop|65\/100|[from] move: Pain Split|[silent]\n|-sethp|p2a: Gent|89\/100|[from] move: Pain Split\n|move|p1a: Gloop|Stealth Rock|p2a: Gent\n|-sidestart|p2: whitepikmin|move: Stealth Rock\n|\n|-weather|none\n|-heal|p2a: Gent|95\/100|[from] item: Black Sludge\n|-heal|p1a: Gloop|71\/100|[from] item: Leftovers\n|upkeep\n|turn|38\n|c|\u2606whitepikmin|pain split is a great way for weezing to stick around and heal, good change from toxic\n|\n|t:|1700785567\n|switch|p1a: Catalyst|Garganacl, M, shiny, tera:Ghost|61\/100\n|move|p2a: Gent|Defog|p1a: Catalyst\n|-unboost|p1a: Catalyst|evasion|1\n|-sideend|p2: whitepikmin|Stealth Rock|[from] move: Defog|[of] p2a: Gent\n|\n|-heal|p2a: Gent|100\/100|[from] item: Black Sludge\n|-heal|p1a: Catalyst|67\/100|[from] item: Leftovers\n|upkeep\n|turn|39\n|\n|t:|1700785572\n|switch|p2a: Claude|Slowking-Galar, M, shiny|100\/100\n|move|p1a: Catalyst|Recover|p1a: Catalyst\n|-heal|p1a: Catalyst|100\/100\n|\n|upkeep\n|turn|40\n|\n|t:|1700785575\n|move|p1a: Catalyst|Salt Cure|p2a: Claude\n|-damage|p2a: Claude|87\/100\n|-start|p2a: Claude|Salt Cure\n|move|p2a: Claude|Future Sight|p1a: Catalyst\n|-start|p2a: Claude|move: Future Sight\n|\n|-damage|p2a: Claude|74\/100|[from] Salt Cure\n|upkeep\n|turn|41\n|\n|t:|1700785583\n|switch|p2a: Gent|Weezing-Galar, M, shiny|100\/100\n|move|p1a: Catalyst|Curse|p2a: Gent\n|-start|p2a: Gent|Curse|[of] p1a: Catalyst\n|-damage|p1a: Catalyst|51\/100\n|\n|-heal|p1a: Catalyst|57\/100|[from] item: Leftovers\n|-damage|p2a: Gent|76\/100|[from] Curse\n|upkeep\n|turn|42\n|\n|t:|1700785594\n|switch|p2a: Claude|Slowking-Galar, M, shiny|100\/100\n|move|p1a: Catalyst|Salt Cure|p2a: Claude\n|-damage|p2a: Claude|87\/100\n|-start|p2a: Claude|Salt Cure\n|\n|-end|p1a: Catalyst|move: Future Sight\n|-damage|p1a: Catalyst|25\/100\n|-heal|p1a: Catalyst|32\/100|[from] item: Leftovers\n|-damage|p2a: Claude|75\/100|[from] Salt Cure\n|upkeep\n|turn|43\n|\n|t:|1700785598\n|move|p1a: Catalyst|Recover|p1a: Catalyst\n|-heal|p1a: Catalyst|82\/100\n|move|p2a: Claude|Future Sight|p1a: Catalyst\n|-start|p2a: Claude|move: Future Sight\n|\n|-heal|p1a: Catalyst|88\/100|[from] item: Leftovers\n|-damage|p2a: Claude|62\/100|[from] Salt Cure\n|upkeep\n|turn|44\n|\n|t:|1700785605\n|switch|p2a: Gent|Weezing-Galar, M, shiny|76\/100\n|move|p1a: Catalyst|Salt Cure|p2a: Gent\n|-damage|p2a: Gent|66\/100\n|-start|p2a: Gent|Salt Cure\n|\n|-heal|p2a: Gent|72\/100|[from] item: Black Sludge\n|-heal|p1a: Catalyst|94\/100|[from] item: Leftovers\n|-damage|p2a: Gent|60\/100|[from] Salt Cure\n|upkeep\n|turn|45\n|\n|t:|1700785609\n|move|p2a: Gent|Pain Split|p1a: Catalyst\n|-sethp|p1a: Catalyst|72\/100|[from] move: Pain Split|[silent]\n|-sethp|p2a: Gent|87\/100|[from] move: Pain Split\n|move|p1a: Catalyst|Curse|p2a: Gent\n|-start|p2a: Gent|Curse|[of] p1a: Catalyst\n|-damage|p1a: Catalyst|22\/100\n|\n|-end|p1a: Catalyst|move: Future Sight\n|-damage|p1a: Catalyst|0 fnt\n|faint|p1a: Catalyst\n|-heal|p2a: Gent|93\/100|[from] item: Black Sludge\n|-damage|p2a: Gent|68\/100|[from] Curse\n|-damage|p2a: Gent|56\/100|[from] Salt Cure\n|upkeep\n|\n|t:|1700785618\n|switch|p1a: Giiwedin|Ninetales-Alola, F|62\/100\n|-weather|Snow|[from] ability: Snow Warning|[of] p1a: Giiwedin\n|turn|46\n|\n|t:|1700785621\n|move|p1a: Giiwedin|Freeze-Dry|p2a: Gent\n|-damage|p2a: Gent|28\/100\n|move|p2a: Gent|Clear Smog|p1a: Giiwedin\n|-supereffective|p1a: Giiwedin\n|-damage|p1a: Giiwedin|31\/100\n|-clearboost|p1a: Giiwedin\n|\n|-weather|Snow|[upkeep]\n|-heal|p2a: Gent|34\/100|[from] item: Black Sludge\n|-damage|p2a: Gent|9\/100|[from] Curse\n|-damage|p2a: Gent|0 fnt|[from] Salt Cure\n|faint|p2a: Gent\n|upkeep\n|\n|t:|1700785635\n|switch|p2a: Claude|Slowking-Galar, M, shiny|96\/100\n|turn|47\n|\n|t:|1700785639\n|move|p1a: Giiwedin|Aurora Veil|p1a: Giiwedin\n|-sidestart|p1: Vanhomin|move: Aurora Veil\n|move|p2a: Claude|Sludge Bomb|p1a: Giiwedin\n|-supereffective|p1a: Giiwedin\n|-damage|p1a: Giiwedin|0 fnt\n|faint|p1a: Giiwedin\n|\n|-weather|Snow|[upkeep]\n|upkeep\n|\n|t:|1700785645\n|switch|p1a: Gloop|Clodsire, M|71\/100\n|turn|48\n|\n|t:|1700785648\n|move|p2a: Claude|Future Sight|p1a: Gloop\n|-start|p2a: Claude|move: Future Sight\n|move|p1a: Gloop|Stealth Rock|p2a: Claude\n|-sidestart|p2: whitepikmin|move: Stealth Rock\n|\n|-weather|Snow|[upkeep]\n|-heal|p1a: Gloop|77\/100|[from] item: Leftovers\n|upkeep\n|turn|49\n|\n|t:|1700785656\n|switch|p2a: Noki|Ogerpon-Wellspring, F|100\/100\n|-damage|p2a: Noki|88\/100|[from] Stealth Rock\n|move|p1a: Gloop|Earthquake|p2a: Noki\n|-resisted|p2a: Noki\n|-damage|p2a: Noki|70\/100\n|\n|-weather|Snow|[upkeep]\n|-heal|p1a: Gloop|83\/100|[from] item: Leftovers\n|upkeep\n|turn|50\n|\n|t:|1700785658\n|move|p2a: Noki|Ivy Cudgel|p1a: Gloop|[anim] Ivy Cudgel Water\n|-supereffective|p1a: Gloop\n|-damage|p1a: Gloop|22\/100\n|move|p1a: Gloop|Toxic|p2a: Noki\n|-status|p2a: Noki|tox\n|\n|-weather|none\n|-end|p1a: Gloop|move: Future Sight\n|-supereffective|p1a: Gloop\n|-damage|p1a: Gloop|0 fnt\n|faint|p1a: Gloop\n|-damage|p2a: Noki|64\/100 tox|[from] psn\n|upkeep\n|\n|t:|1700785667\n|switch|p1a: Recursion|Ditto|100\/100\n|-transform|p1a: Recursion|p2a: Noki|[from] ability: Imposter\n|turn|51\n|\n|t:|1700785682\n|move|p1a: Recursion|Horn Leech|p2a: Noki\n|-damage|p2a: Noki|14\/100 tox\n|move|p2a: Noki|Horn Leech|p1a: Recursion\n|-damage|p1a: Recursion|70\/100\n|-heal|p2a: Noki|29\/100 tox|[from] drain|[of] p1a: Recursion\n|\n|-damage|p2a: Noki|17\/100 tox|[from] psn\n|upkeep\n|turn|52\n|\n|t:|1700785687\n|switch|p2a: Claude|Slowking-Galar, M, shiny|100\/100\n|move|p1a: Recursion|Horn Leech|p2a: Claude\n|-resisted|p2a: Claude\n|-damage|p2a: Claude|83\/100\n|-heal|p1a: Recursion|82\/100|[from] drain|[of] p2a: Claude\n|\n|upkeep\n|turn|53\n|\n|t:|1700785692\n|move|p1a: Recursion|Horn Leech|p2a: Claude\n|-resisted|p2a: Claude\n|-damage|p2a: Claude|64\/100\n|-heal|p1a: Recursion|94\/100|[from] drain|[of] p2a: Claude\n|move|p2a: Claude|Thunder Wave|p1a: Recursion|[miss]\n|-miss|p2a: Claude|p1a: Recursion\n|\n|upkeep\n|turn|54\n|\n|t:|1700785695\n|move|p1a: Recursion|Horn Leech|p2a: Claude\n|-resisted|p2a: Claude\n|-damage|p2a: Claude|45\/100\n|-heal|p1a: Recursion|100\/100|[from] drain|[of] p2a: Claude\n|move|p2a: Claude|Thunder Wave|p1a: Recursion\n|-status|p1a: Recursion|par\n|\n|-sideend|p1: Vanhomin|move: Aurora Veil\n|upkeep\n|turn|55\n|\n|t:|1700785697\n|move|p1a: Recursion|Horn Leech|p2a: Claude\n|-resisted|p2a: Claude\n|-damage|p2a: Claude|27\/100\n|move|p2a: Claude|Sludge Bomb|p1a: Recursion\n|-supereffective|p1a: Recursion\n|-damage|p1a: Recursion|18\/100 par\n|\n|upkeep\n|turn|56\n|\n|t:|1700785700\n|-activate|p1a: Recursion|move: Struggle\n|move|p1a: Recursion|Struggle|p2a: Claude\n|-damage|p2a: Claude|10\/100\n|-damage|p1a: Recursion|0 fnt|[from] recoil\n|faint|p1a: Recursion\n|\n|win|whitepikmin\n|c|\u2606Vanhomin|good game\n|c|\u2606whitepikmin|gg!\n","uploadtime":1700785735,"views":4,"p1id":"vanhomin","p2id":"whitepikmin","formatid":"gen9ou","rating":0,"private":0,"password":""}