{"id":"gen9ou-1988678658","p1":"hank7766","p2":"4ess2ssunia0","format":"[Gen 9] OU","log":"|j|\u2606hank7766\n|j|\u26064ess2ssunia0\n|t:|1699749622\n|gametype|singles\n|player|p1|hank7766|1|1133\n|player|p2|4ess2ssunia0|youngster-gen1|1203\n|teamsize|p1|6\n|teamsize|p2|6\n|gen|9\n|tier|[Gen 9] OU\n|rated|\n|rule|Sleep Clause Mod: Limit one foe put to sleep\n|rule|Species Clause: Limit one of each Pok\u00e9mon\n|rule|OHKO Clause: OHKO moves are banned\n|rule|Evasion Items Clause: Evasion items are banned\n|rule|Evasion Moves Clause: Evasion moves are banned\n|rule|Endless Battle Clause: Forcing endless battles is banned\n|rule|HP Percentage Mod: HP is shown in percentages\n|clearpoke\n|poke|p1|Gengar, M|\n|poke|p1|Milotic, F|\n|poke|p1|Indeedee-F, F|\n|poke|p1|Tyranitar, M|\n|poke|p1|Torterra, M|\n|poke|p1|Salazzle, F|\n|poke|p2|Kingambit, F|\n|poke|p2|Glimmora, F|\n|poke|p2|Zamazenta-*|\n|poke|p2|Iron Valiant|\n|poke|p2|Iron Moth|\n|poke|p2|Ogerpon-Wellspring, F|\n|teampreview\n|\n|t:|1699749640\n|start\n|switch|p1a: Gaara|Tyranitar, M|100\/100\n|switch|p2a: Glimmora|Glimmora, F|100\/100\n|-weather|Sandstorm|[from] ability: Sand Stream|[of] p1a: Gaara\n|turn|1\n|inactive|Battle timer is ON: inactive players will automatically lose when time's up. (requested by hank7766)\n|\n|t:|1699749649\n|move|p2a: Glimmora|Stealth Rock|p1a: Gaara\n|-sidestart|p1: hank7766|move: Stealth Rock\n|move|p1a: Gaara|Earthquake|p2a: Glimmora\n|-supereffective|p2a: Glimmora\n|-enditem|p2a: Glimmora|Focus Sash\n|-damage|p2a: Glimmora|1\/100\n|-activate|p2a: Glimmora|ability: Toxic Debris\n|-sidestart|p1: hank7766|move: Toxic Spikes\n|\n|-weather|Sandstorm|[upkeep]\n|upkeep\n|turn|2\n|\n|t:|1699749664\n|move|p2a: Glimmora|Earth Power|p1a: Gaara\n|-supereffective|p1a: Gaara\n|-damage|p1a: Gaara|78\/100\n|move|p1a: Gaara|Earthquake|p2a: Glimmora\n|-supereffective|p2a: Glimmora\n|-damage|p2a: Glimmora|0 fnt\n|-activate|p2a: Glimmora|ability: Toxic Debris\n|-sidestart|p1: hank7766|move: Toxic Spikes\n|faint|p2a: Glimmora\n|\n|-weather|Sandstorm|[upkeep]\n|upkeep\n|\n|t:|1699749671\n|switch|p2a: Zamazenta|Zamazenta, shiny|100\/100\n|-ability|p2a: Zamazenta|Dauntless Shield|boost\n|-boost|p2a: Zamazenta|def|1\n|turn|3\n|\n|t:|1699749678\n|switch|p1a: Salazzle|Salazzle, F|100\/100\n|-damage|p1a: Salazzle|76\/100|[from] Stealth Rock\n|-sideend|p1: hank7766|move: Toxic Spikes|[of] p1a: Salazzle\n|move|p2a: Zamazenta|Iron Defense|p2a: Zamazenta\n|-boost|p2a: Zamazenta|def|2\n|\n|-weather|Sandstorm|[upkeep]\n|-damage|p2a: Zamazenta|94\/100|[from] Sandstorm\n|-damage|p1a: Salazzle|69\/100|[from] Sandstorm\n|-heal|p2a: Zamazenta|100\/100|[from] item: Leftovers\n|upkeep\n|turn|4\n|\n|t:|1699749694\n|move|p2a: Zamazenta|Stone Edge|p1a: Salazzle|[miss]\n|-miss|p2a: Zamazenta|p1a: Salazzle\n|move|p1a: Salazzle|Sludge Bomb|p2a: Zamazenta\n|-damage|p2a: Zamazenta|62\/100\n|\n|-weather|Sandstorm|[upkeep]\n|-damage|p2a: Zamazenta|56\/100|[from] Sandstorm\n|-damage|p1a: Salazzle|63\/100|[from] Sandstorm\n|-heal|p2a: Zamazenta|62\/100|[from] item: Leftovers\n|upkeep\n|turn|5\n|\n|t:|1699749711\n|move|p2a: Zamazenta|Stone Edge|p1a: Salazzle\n|-supereffective|p1a: Salazzle\n|-damage|p1a: Salazzle|0 fnt\n|faint|p1a: Salazzle\n|\n|-weather|none\n|-heal|p2a: Zamazenta|68\/100|[from] item: Leftovers\n|upkeep\n|inactive|hank7766 has 120 seconds left.\n|inactive|hank7766 has 90 seconds left.\n|\n|t:|1699749757\n|switch|p1a: Indeedee|Indeedee-F, F|100\/100\n|-damage|p1a: Indeedee|88\/100|[from] Stealth Rock\n|-fieldstart|move: Psychic Terrain|[from] ability: Psychic Surge|[of] p1a: Indeedee\n|turn|6\n|\n|t:|1699749774\n|move|p2a: Zamazenta|Body Press|p1a: Indeedee\n|-crit|p1a: Indeedee\n|-damage|p1a: Indeedee|0 fnt\n|faint|p1a: Indeedee\n|\n|-heal|p2a: Zamazenta|75\/100|[from] item: Leftovers\n|upkeep\n|\n|t:|1699749780\n|switch|p1a: Nightmare|Gengar, M, shiny|100\/100\n|-damage|p1a: Nightmare|88\/100|[from] Stealth Rock\n|turn|7\n|\n|t:|1699749785\n|move|p1a: Nightmare|Psychic|p2a: Zamazenta\n|-supereffective|p2a: Zamazenta\n|-damage|p2a: Zamazenta|0 fnt\n|faint|p2a: Zamazenta\n|\n|upkeep\n|\n|t:|1699749793\n|switch|p2a: Kingambit|Kingambit, F|100\/100\n|-activate|p2a: Kingambit|ability: Supreme Overlord\n|-start|p2a: Kingambit|fallen2|[silent]\n|turn|8\n|\n|t:|1699749805\n|switch|p1a: Torts|Torterra, M|100\/100\n|-damage|p1a: Torts|94\/100|[from] Stealth Rock\n|move|p2a: Kingambit|Swords Dance|p2a: Kingambit\n|-boost|p2a: Kingambit|atk|2\n|\n|upkeep\n|turn|9\n|\n|t:|1699749822\n|-terastallize|p2a: Kingambit|Flying\n|-terastallize|p1a: Torts|Steel\n|move|p2a: Kingambit|Swords Dance|p2a: Kingambit\n|-boost|p2a: Kingambit|atk|2\n|move|p1a: Torts|Body Press|p2a: Kingambit\n|-resisted|p2a: Kingambit\n|-crit|p2a: Kingambit\n|-damage|p2a: Kingambit|83\/100\n|\n|upkeep\n|turn|10\n|\n|t:|1699749833\n|move|p2a: Kingambit|Swords Dance|p2a: Kingambit\n|-boost|p2a: Kingambit|atk|2\n|move|p1a: Torts|Stealth Rock|p2a: Kingambit\n|-sidestart|p2: 4ess2ssunia0|move: Stealth Rock\n|\n|upkeep\n|turn|11\n|\n|t:|1699749849\n|switch|p1a: Gaara|Tyranitar, M|78\/100\n|-damage|p1a: Gaara|65\/100|[from] Stealth Rock\n|-weather|Sandstorm|[from] ability: Sand Stream|[of] p1a: Gaara\n|move|p2a: Kingambit|Kowtow Cleave|p1a: Gaara\n|-resisted|p1a: Gaara\n|-damage|p1a: Gaara|0 fnt\n|faint|p1a: Gaara\n|\n|-weather|Sandstorm|[upkeep]\n|-damage|p2a: Kingambit|77\/100|[from] Sandstorm\n|upkeep\n|inactive|hank7766 has 90 seconds left.\n|\n|t:|1699749887\n|switch|p1a: Mila|Milotic, F|100\/100\n|-damage|p1a: Mila|88\/100|[from] Stealth Rock\n|turn|12\n|\n|t:|1699749892\n|move|p2a: Kingambit|Sucker Punch|p1a: Mila\n|-activate|p1a: Mila|move: Psychic Terrain\n|move|p1a: Mila|Surf|p2a: Kingambit\n|-damage|p2a: Kingambit|0 fnt\n|faint|p2a: Kingambit\n|-end|p2a: Kingambit|fallen2|[silent]\n|\n|-weather|Sandstorm|[upkeep]\n|-damage|p1a: Mila|82\/100|[from] Sandstorm\n|upkeep\n|\n|t:|1699749900\n|switch|p2a: Ogerpon|Ogerpon-Wellspring, F|100\/100\n|-damage|p2a: Ogerpon|88\/100|[from] Stealth Rock\n|turn|13\n|\n|t:|1699749906\n|switch|p1a: Torts|Torterra, M, tera:Steel|94\/100\n|-damage|p1a: Torts|88\/100|[from] Stealth Rock\n|move|p2a: Ogerpon|Power Whip|p1a: Torts|[miss]\n|-miss|p2a: Ogerpon|p1a: Torts\n|\n|-weather|Sandstorm|[upkeep]\n|-damage|p2a: Ogerpon|82\/100|[from] Sandstorm\n|-fieldend|move: Psychic Terrain\n|upkeep\n|turn|14\n|inactive|hank7766 has 90 seconds left.\n|\n|t:|1699749921\n|move|p2a: Ogerpon|Swords Dance|p2a: Ogerpon\n|-boost|p2a: Ogerpon|atk|2\n|move|p1a: Torts|Seed Bomb|p2a: Ogerpon\n|-damage|p2a: Ogerpon|44\/100\n|\n|-weather|Sandstorm|[upkeep]\n|-damage|p2a: Ogerpon|38\/100|[from] Sandstorm\n|upkeep\n|turn|15\n|\n|t:|1699749938\n|move|p2a: Ogerpon|Ivy Cudgel|p1a: Torts\n|-crit|p1a: Torts\n|-damage|p1a: Torts|0 fnt\n|faint|p1a: Torts\n|\n|-weather|none\n|upkeep\n|\n|t:|1699749946\n|switch|p1a: Nightmare|Gengar, M, shiny|88\/100\n|-damage|p1a: Nightmare|76\/100|[from] Stealth Rock\n|turn|16\n|\n|t:|1699749950\n|move|p1a: Nightmare|Sludge Bomb|p2a: Ogerpon\n|-supereffective|p2a: Ogerpon\n|-damage|p2a: Ogerpon|0 fnt\n|faint|p2a: Ogerpon\n|\n|upkeep\n|\n|t:|1699749952\n|switch|p2a: Iron Valiant|Iron Valiant|100\/100\n|-damage|p2a: Iron Valiant|94\/100|[from] Stealth Rock\n|-enditem|p2a: Iron Valiant|Booster Energy\n|-activate|p2a: Iron Valiant|ability: Quark Drive|[fromitem]\n|-start|p2a: Iron Valiant|quarkdrivespe\n|turn|17\n|\n|t:|1699749969\n|move|p2a: Iron Valiant|Psyshock|p1a: Nightmare\n|-supereffective|p1a: Nightmare\n|-damage|p1a: Nightmare|0 fnt\n|faint|p1a: Nightmare\n|\n|upkeep\n|\n|t:|1699749974\n|switch|p1a: Mila|Milotic, F|82\/100\n|-damage|p1a: Mila|70\/100|[from] Stealth Rock\n|turn|18\n|\n|t:|1699749981\n|move|p2a: Iron Valiant|Psyshock|p1a: Mila\n|-damage|p1a: Mila|40\/100\n|move|p1a: Mila|Surf|p2a: Iron Valiant\n|-damage|p2a: Iron Valiant|0 fnt\n|faint|p2a: Iron Valiant\n|-end|p2a: Iron Valiant|Quark Drive|[silent]\n|\n|upkeep\n|\n|t:|1699749985\n|switch|p2a: Iron Moth|Iron Moth|100\/100\n|-damage|p2a: Iron Moth|76\/100|[from] Stealth Rock\n|-enditem|p2a: Iron Moth|Booster Energy\n|-activate|p2a: Iron Moth|ability: Quark Drive|[fromitem]\n|-start|p2a: Iron Moth|quarkdrivespe\n|turn|19\n|\n|t:|1699749992\n|move|p2a: Iron Moth|Sludge Wave|p1a: Mila\n|-damage|p1a: Mila|4\/100\n|move|p1a: Mila|Surf|p2a: Iron Moth\n|-supereffective|p2a: Iron Moth\n|-damage|p2a: Iron Moth|0 fnt\n|faint|p2a: Iron Moth\n|-end|p2a: Iron Moth|Quark Drive|[silent]\n|\n|win|hank7766\n|raw|hank7766's rating: 1133 &rarr; <strong>1163<\/strong><br \/>(+30 for winning)\n|raw|4ess2ssunia0's rating: 1203 &rarr; <strong>1173<\/strong><br \/>(-30 for losing)\n|l|\u26064ess2ssunia0\n","uploadtime":1699750056,"views":9,"p1id":"hank7766","p2id":"4ess2ssunia0","formatid":"gen9ou","rating":1163,"private":0,"password":""}