{"id":"gen9ou-1992603594","p1":"Gyan99","p2":"Sinnerofgod","format":"[Gen 9] OU","log":"|j|\u2606Gyan99\n|j|\u2606Sinnerofgod\n|t:|1700213227\n|gametype|singles\n|player|p1|Gyan99|169|1130\n|player|p2|Sinnerofgod|richboy-gen4|1105\n|teamsize|p1|6\n|teamsize|p2|6\n|gen|9\n|tier|[Gen 9] OU\n|rated|\n|rule|Sleep Clause Mod: Limit one foe put to sleep\n|rule|Species Clause: Limit one of each Pok\u00e9mon\n|rule|OHKO Clause: OHKO moves are banned\n|rule|Evasion Items Clause: Evasion items are banned\n|rule|Evasion Moves Clause: Evasion moves are banned\n|rule|Endless Battle Clause: Forcing endless battles is banned\n|rule|HP Percentage Mod: HP is shown in percentages\n|clearpoke\n|poke|p1|Chandelure, M|\n|poke|p1|Orthworm, F|\n|poke|p1|Corviknight, F|\n|poke|p1|Umbreon, M|\n|poke|p1|Enamorus, F|\n|poke|p1|Great Tusk|\n|poke|p2|Kingambit, M|\n|poke|p2|Zamazenta-*|\n|poke|p2|Ditto|\n|poke|p2|Iron Moth|\n|poke|p2|Quaquaval, M|\n|poke|p2|Lycanroc-Dusk, M|\n|teampreview\n|\n|t:|1700213245\n|start\n|switch|p1a: Chandelure|Chandelure, M, shiny|100\/100\n|switch|p2a: Lycanroc|Lycanroc-Dusk, M, shiny|100\/100\n|turn|1\n|\n|t:|1700213253\n|move|p1a: Chandelure|Energy Ball|p2a: Lycanroc\n|-supereffective|p2a: Lycanroc\n|-crit|p2a: Lycanroc\n|-enditem|p2a: Lycanroc|Focus Sash\n|-damage|p2a: Lycanroc|1\/100\n|move|p2a: Lycanroc|Stealth Rock|p1a: Chandelure\n|-sidestart|p1: Gyan99|move: Stealth Rock\n|\n|upkeep\n|turn|2\n|\n|t:|1700213263\n|switch|p1a: Great Tusk|Great Tusk|100\/100\n|move|p2a: Lycanroc|Endeavor|p1a: Great Tusk\n|-damage|p1a: Great Tusk|1\/100\n|\n|upkeep\n|turn|3\n|c|\u2606Sinnerofgod|LOL\n|\n|t:|1700213291\n|move|p2a: Lycanroc|Taunt|p1a: Great Tusk\n|-start|p1a: Great Tusk|move: Taunt\n|move|p1a: Great Tusk|Rapid Spin|p2a: Lycanroc\n|-resisted|p2a: Lycanroc\n|-damage|p2a: Lycanroc|0 fnt\n|-boost|p1a: Great Tusk|spe|1\n|-sideend|p1: Gyan99|Stealth Rock|[from] move: Rapid Spin|[of] p1a: Great Tusk\n|faint|p2a: Lycanroc\n|\n|upkeep\n|\n|t:|1700213296\n|switch|p2a: Quaquaval|Quaquaval, M, shiny|100\/100\n|turn|4\n|\n|t:|1700213301\n|-end|p1a: Great Tusk|Protosynthesis|[silent]\n|switch|p1a: Corviknight|Corviknight, F|100\/100\n|move|p2a: Quaquaval|Aqua Step|p1a: Corviknight\n|-damage|p1a: Corviknight|76\/100\n|-boost|p2a: Quaquaval|spe|1\n|-damage|p2a: Quaquaval|84\/100|[from] item: Rocky Helmet|[of] p1a: Corviknight\n|\n|upkeep\n|turn|5\n|\n|t:|1700213309\n|move|p2a: Quaquaval|Ice Spinner|p1a: Corviknight\n|-damage|p1a: Corviknight|60\/100\n|-damage|p2a: Quaquaval|68\/100|[from] item: Rocky Helmet|[of] p1a: Corviknight\n|move|p1a: Corviknight|Brave Bird|p2a: Quaquaval\n|-supereffective|p2a: Quaquaval\n|-damage|p2a: Quaquaval|0 fnt\n|faint|p2a: Quaquaval\n|-damage|p1a: Corviknight|42\/100|[from] Recoil\n|\n|upkeep\n|\n|t:|1700213313\n|switch|p2a: Iron Moth|Iron Moth|100\/100\n|turn|6\n|\n|t:|1700213334\n|switch|p1a: Great Tusk|Great Tusk|1\/100\n|move|p2a: Iron Moth|Fiery Dance|p1a: Great Tusk\n|-damage|p1a: Great Tusk|0 fnt\n|faint|p1a: Great Tusk\n|-end|p1a: Great Tusk|Protosynthesis|[silent]\n|\n|upkeep\n|\n|t:|1700213341\n|switch|p1a: Chandelure|Chandelure, M, shiny|100\/100\n|turn|7\n|\n|t:|1700213348\n|move|p1a: Chandelure|Shadow Ball|p2a: Iron Moth\n|-damage|p2a: Iron Moth|48\/100\n|move|p2a: Iron Moth|Hurricane|p1a: Chandelure\n|-damage|p1a: Chandelure|43\/100\n|\n|upkeep\n|turn|8\n|\n|t:|1700213357\n|move|p1a: Chandelure|Shadow Ball|p2a: Iron Moth\n|-damage|p2a: Iron Moth|0 fnt\n|faint|p2a: Iron Moth\n|-end|p2a: Iron Moth|Quark Drive|[silent]\n|\n|upkeep\n|\n|t:|1700213360\n|switch|p2a: Ditto|Ditto|100\/100\n|-transform|p2a: Ditto|p1a: Chandelure|[from] ability: Imposter\n|turn|9\n|\n|t:|1700213381\n|switch|p1a: Umbreon|Umbreon, M|100\/100\n|move|p2a: Ditto|Shadow Ball|p1a: Umbreon\n|-resisted|p1a: Umbreon\n|-damage|p1a: Umbreon|82\/100\n|\n|-heal|p1a: Umbreon|88\/100|[from] item: Leftovers\n|upkeep\n|turn|10\n|\n|t:|1700213391\n|switch|p2a: Zamazenta|Zamazenta, shiny|100\/100\n|-ability|p2a: Zamazenta|Dauntless Shield|boost\n|-boost|p2a: Zamazenta|def|1\n|move|p1a: Umbreon|Wish|p1a: Umbreon\n|\n|-heal|p1a: Umbreon|94\/100|[from] item: Leftovers\n|upkeep\n|turn|11\n|\n|t:|1700213401\n|switch|p1a: Chandelure|Chandelure, M, shiny|43\/100\n|move|p2a: Zamazenta|Substitute|p2a: Zamazenta\n|-start|p2a: Zamazenta|Substitute\n|-damage|p2a: Zamazenta|76\/100\n|\n|-heal|p1a: Chandelure|100\/100|[from] move: Wish|[wisher] Umbreon\n|-heal|p2a: Zamazenta|82\/100|[from] item: Leftovers\n|upkeep\n|turn|12\n|\n|t:|1700213409\n|move|p2a: Zamazenta|Crunch|p1a: Chandelure\n|-supereffective|p1a: Chandelure\n|-damage|p1a: Chandelure|38\/100\n|move|p1a: Chandelure|Flamethrower|p2a: Zamazenta\n|-end|p2a: Zamazenta|Substitute\n|\n|-heal|p2a: Zamazenta|88\/100|[from] item: Leftovers\n|upkeep\n|turn|13\n|\n|t:|1700213437\n|move|p2a: Zamazenta|Crunch|p1a: Chandelure\n|-supereffective|p1a: Chandelure\n|-damage|p1a: Chandelure|0 fnt\n|faint|p1a: Chandelure\n|\n|-heal|p2a: Zamazenta|94\/100|[from] item: Leftovers\n|upkeep\n|\n|t:|1700213446\n|switch|p1a: Enamorus|Enamorus, F|100\/100\n|turn|14\n|\n|t:|1700213452\n|switch|p2a: Ditto|Ditto|100\/100\n|-transform|p2a: Ditto|p1a: Enamorus|[from] ability: Imposter\n|move|p1a: Enamorus|Moonblast|p2a: Ditto\n|-damage|p2a: Ditto|29\/100\n|\n|upkeep\n|turn|15\n|\n|t:|1700213463\n|switch|p1a: Corviknight|Corviknight, F|42\/100\n|move|p2a: Ditto|Superpower|p1a: Corviknight\n|-damage|p1a: Corviknight|22\/100\n|-boost|p2a: Ditto|atk|1\n|-boost|p2a: Ditto|def|1\n|-damage|p2a: Ditto|13\/100|[from] item: Rocky Helmet|[of] p1a: Corviknight\n|\n|upkeep\n|turn|16\n|\n|t:|1700213468\n|move|p2a: Ditto|Superpower|p1a: Corviknight\n|-damage|p1a: Corviknight|0 fnt\n|-boost|p2a: Ditto|atk|1\n|-boost|p2a: Ditto|def|1\n|-damage|p2a: Ditto|0 fnt|[from] item: Rocky Helmet|[of] p1a: Corviknight\n|faint|p1a: Corviknight\n|faint|p2a: Ditto\n|\n|upkeep\n|\n|t:|1700213475\n|switch|p1a: Enamorus|Enamorus, F|100\/100\n|switch|p2a: Zamazenta|Zamazenta, shiny|94\/100\n|turn|17\n|\n|t:|1700213479\n|move|p2a: Zamazenta|Substitute|p2a: Zamazenta\n|-start|p2a: Zamazenta|Substitute\n|-damage|p2a: Zamazenta|69\/100\n|move|p1a: Enamorus|Moonblast|p2a: Zamazenta\n|-supereffective|p2a: Zamazenta\n|-end|p2a: Zamazenta|Substitute\n|\n|-heal|p2a: Zamazenta|76\/100|[from] item: Leftovers\n|upkeep\n|turn|18\n|\n|t:|1700213483\n|move|p2a: Zamazenta|Body Press|p1a: Enamorus\n|-resisted|p1a: Enamorus\n|-damage|p1a: Enamorus|86\/100\n|move|p1a: Enamorus|Moonblast|p2a: Zamazenta\n|-supereffective|p2a: Zamazenta\n|-damage|p2a: Zamazenta|0 fnt\n|faint|p2a: Zamazenta\n|\n|upkeep\n|\n|t:|1700213486\n|switch|p2a: Kingambit|Kingambit, M|100\/100\n|-activate|p2a: Kingambit|ability: Supreme Overlord\n|-start|p2a: Kingambit|fallen5|[silent]\n|turn|19\n|\n|t:|1700213491\n|-terastallize|p2a: Kingambit|Dark\n|move|p2a: Kingambit|Sucker Punch|p1a: Enamorus\n|-resisted|p1a: Enamorus\n|-damage|p1a: Enamorus|6\/100\n|move|p1a: Enamorus|Superpower|p2a: Kingambit\n|-supereffective|p2a: Kingambit\n|-damage|p2a: Kingambit|45\/100\n|-boost|p1a: Enamorus|atk|1\n|-boost|p1a: Enamorus|def|1\n|\n|upkeep\n|turn|20\n|\n|t:|1700213510\n|move|p2a: Kingambit|Sucker Punch|p1a: Enamorus\n|-resisted|p1a: Enamorus\n|-damage|p1a: Enamorus|0 fnt\n|faint|p1a: Enamorus\n|\n|upkeep\n|\n|t:|1700213512\n|switch|p1a: Orthworm|Orthworm, F|100\/100\n|turn|21\n|\n|t:|1700213515\n|move|p2a: Kingambit|Low Kick|p1a: Orthworm\n|-supereffective|p1a: Orthworm\n|-damage|p1a: Orthworm|1\/100\n|move|p1a: Orthworm|Iron Defense|p1a: Orthworm\n|-boost|p1a: Orthworm|def|2\n|\n|-heal|p1a: Orthworm|7\/100|[from] item: Leftovers\n|upkeep\n|turn|22\n|\n|t:|1700213527\n|move|p2a: Kingambit|Low Kick|p1a: Orthworm\n|-supereffective|p1a: Orthworm\n|-damage|p1a: Orthworm|0 fnt\n|faint|p1a: Orthworm\n|\n|upkeep\n|\n|t:|1700213530\n|switch|p1a: Umbreon|Umbreon, M|94\/100\n|turn|23\n|-message|Gyan99 forfeited.\n|\n|win|Sinnerofgod\n|raw|Gyan99's rating: 1130 &rarr; <strong>1103<\/strong><br \/>(-27 for losing)\n|raw|Sinnerofgod's rating: 1105 &rarr; <strong>1132<\/strong><br \/>(+27 for winning)\n|l|\u2606Gyan99\n|c|\u2606Sinnerofgod|gg\n","uploadtime":1700213540,"views":6,"p1id":"gyan99","p2id":"sinnerofgod","formatid":"gen9ou","rating":1103,"private":0,"password":""}