{"id":"gen9ou-1996479826","p1":"New_caeli","p2":"iiiie","format":"[Gen 9] OU","log":"|j|\u2606New_caeli\n|j|\u2606iiiie\n|t:|1700686063\n|gametype|singles\n|player|p1|New_caeli|backersf|1539\n|player|p2|iiiie|1|1525\n|teamsize|p1|6\n|teamsize|p2|6\n|gen|9\n|tier|[Gen 9] OU\n|rated|\n|rule|Sleep Clause Mod: Limit one foe put to sleep\n|rule|Species Clause: Limit one of each Pok\u00e9mon\n|rule|OHKO Clause: OHKO moves are banned\n|rule|Evasion Items Clause: Evasion items are banned\n|rule|Evasion Moves Clause: Evasion moves are banned\n|rule|Endless Battle Clause: Forcing endless battles is banned\n|rule|HP Percentage Mod: HP is shown in percentages\n|clearpoke\n|poke|p1|Hoopa-Unbound|\n|poke|p1|Ting-Lu|\n|poke|p1|Corviknight, F|\n|poke|p1|Zamazenta-*|\n|poke|p1|Landorus-Therian, M|\n|poke|p1|Toxapex, F|\n|poke|p2|Landorus-Therian, M|\n|poke|p2|Cinderace, M|\n|poke|p2|Dragapult, M|\n|poke|p2|Kingambit, M|\n|poke|p2|Heatran, M|\n|poke|p2|Zamazenta-*|\n|teampreview\n|inactive|Battle timer is ON: inactive players will automatically lose when time's up. (requested by New_caeli)\n|\n|t:|1700686103\n|start\n|switch|p1a: CancerIsBack|Toxapex, F, shiny|100\/100\n|switch|p2a: Dragapult|Dragapult, M|100\/100\n|turn|1\n|\n|t:|1700686112\n|move|p2a: Dragapult|Draco Meteor|p1a: CancerIsBack\n|-damage|p1a: CancerIsBack|37\/100\n|-unboost|p2a: Dragapult|spa|2\n|move|p1a: CancerIsBack|Toxic|p2a: Dragapult\n|-status|p2a: Dragapult|tox\n|\n|-damage|p2a: Dragapult|95\/100 tox|[from] psn\n|upkeep\n|turn|2\n|\n|t:|1700686128\n|switch|p2a: Landorus|Landorus-Therian, M|100\/100\n|-ability|p2a: Landorus|Intimidate|boost\n|-unboost|p1a: CancerIsBack|atk|1\n|switch|p1a: Macron|Ting-Lu|100\/100\n|-ability|p1a: Macron|Vessel of Ruin\n|\n|upkeep\n|turn|3\n|\n|t:|1700686140\n|switch|p1a: KFC pirme|Corviknight, F, shiny|100\/100\n|-ability|p1a: KFC pirme|Pressure\n|move|p2a: Landorus|U-turn|p1a: KFC pirme\n|-resisted|p1a: KFC pirme\n|-damage|p1a: KFC pirme|96\/100\n|-damage|p2a: Landorus|84\/100|[from] item: Rocky Helmet|[of] p1a: KFC pirme\n|\n|t:|1700686147\n|switch|p2a: Heatran|Heatran, M|100\/100|[from] U-turn\n|\n|upkeep\n|turn|4\n|\n|t:|1700686154\n|switch|p1a: Macron|Ting-Lu|100\/100\n|-ability|p1a: Macron|Vessel of Ruin\n|move|p2a: Heatran|Magma Storm|p1a: Macron\n|-damage|p1a: Macron|77\/100\n|-activate|p1a: Macron|move: Magma Storm|[of] p2a: Heatran\n|\n|-heal|p1a: Macron|83\/100|[from] item: Leftovers\n|-damage|p1a: Macron|71\/100|[from] move: Magma Storm|[partiallytrapped]\n|upkeep\n|turn|5\n|\n|t:|1700686168\n|move|p2a: Heatran|Stealth Rock|p1a: Macron\n|-sidestart|p1: New_caeli|move: Stealth Rock\n|move|p1a: Macron|Spikes|p2a: Heatran\n|-sidestart|p2: iiiie|Spikes\n|\n|-heal|p1a: Macron|77\/100|[from] item: Leftovers\n|-damage|p1a: Macron|65\/100|[from] move: Magma Storm|[partiallytrapped]\n|upkeep\n|turn|6\n|\n|t:|1700686178\n|switch|p2a: Landorus|Landorus-Therian, M|84\/100\n|-ability|p2a: Landorus|Intimidate|boost\n|-unboost|p1a: Macron|atk|1\n|move|p1a: Macron|Ruination|p2a: Landorus\n|-damage|p2a: Landorus|42\/100\n|\n|-heal|p2a: Landorus|48\/100|[from] item: Leftovers\n|-heal|p1a: Macron|71\/100|[from] item: Leftovers\n|-end|p1a: Macron|Magma Storm|[partiallytrapped]|[silent]\n|upkeep\n|turn|7\n|\n|t:|1700686190\n|switch|p1a: KFC pirme|Corviknight, F, shiny|96\/100\n|-damage|p1a: KFC pirme|84\/100|[from] Stealth Rock\n|-ability|p1a: KFC pirme|Pressure\n|move|p2a: Landorus|Grass Knot|p1a: KFC pirme\n|-resisted|p1a: KFC pirme\n|-damage|p1a: KFC pirme|79\/100\n|-damage|p2a: Landorus|32\/100|[from] item: Rocky Helmet|[of] p1a: KFC pirme\n|\n|-heal|p2a: Landorus|37\/100|[from] item: Leftovers\n|upkeep\n|turn|8\n|\n|t:|1700686200\n|move|p2a: Landorus|Smack Down|p1a: KFC pirme\n|-damage|p1a: KFC pirme|67\/100\n|-start|p1a: KFC pirme|Smack Down\n|move|p1a: KFC pirme|U-turn|p2a: Landorus\n|-resisted|p2a: Landorus\n|-damage|p2a: Landorus|29\/100\n|\n|t:|1700686212\n|switch|p1a: CancerIsBack|Toxapex, F, shiny|70\/100|[from] U-turn\n|-damage|p1a: CancerIsBack|58\/100|[from] Stealth Rock\n|\n|-heal|p2a: Landorus|35\/100|[from] item: Leftovers\n|upkeep\n|turn|9\n|\n|t:|1700686218\n|switch|p1a: KFC pirme|Corviknight, F, shiny|67\/100\n|-damage|p1a: KFC pirme|55\/100|[from] Stealth Rock\n|-ability|p1a: KFC pirme|Pressure\n|move|p2a: Landorus|Earthquake|p1a: KFC pirme\n|-immune|p1a: KFC pirme\n|\n|-heal|p2a: Landorus|41\/100|[from] item: Leftovers\n|upkeep\n|turn|10\n|\n|t:|1700686227\n|move|p2a: Landorus|Smack Down|p1a: KFC pirme\n|-damage|p1a: KFC pirme|43\/100\n|-start|p1a: KFC pirme|Smack Down\n|move|p1a: KFC pirme|Roost|p1a: KFC pirme\n|-heal|p1a: KFC pirme|93\/100\n|-singleturn|p1a: KFC pirme|move: Roost\n|\n|-heal|p2a: Landorus|47\/100|[from] item: Leftovers\n|upkeep\n|turn|11\n|\n|t:|1700686237\n|move|p2a: Landorus|Earthquake|p1a: KFC pirme\n|-supereffective|p1a: KFC pirme\n|-damage|p1a: KFC pirme|30\/100\n|move|p1a: KFC pirme|U-turn|p2a: Landorus\n|-resisted|p2a: Landorus\n|-damage|p2a: Landorus|39\/100\n|\n|t:|1700686241\n|switch|p1a: DesM\u00e8resTr\u00e8sGros|Landorus-Therian, M, shiny|100\/100|[from] U-turn\n|-damage|p1a: DesM\u00e8resTr\u00e8sGros|88\/100|[from] Stealth Rock\n|-ability|p1a: DesM\u00e8resTr\u00e8sGros|Intimidate|boost\n|-unboost|p2a: Landorus|atk|1\n|\n|-heal|p2a: Landorus|45\/100|[from] item: Leftovers\n|upkeep\n|turn|12\n|\n|t:|1700686253\n|move|p1a: DesM\u00e8resTr\u00e8sGros|Stone Edge|p2a: Landorus\n|-damage|p2a: Landorus|3\/100\n|move|p2a: Landorus|U-turn|p1a: DesM\u00e8resTr\u00e8sGros\n|-resisted|p1a: DesM\u00e8resTr\u00e8sGros\n|-damage|p1a: DesM\u00e8resTr\u00e8sGros|78\/100\n|c|\u2606New_caeli|hello\n|\n|t:|1700686263\n|switch|p2a: Dragapult|Dragapult, M|95\/100 tox|[from] U-turn\n|-damage|p2a: Dragapult|82\/100 tox|[from] Spikes\n|\n|-damage|p2a: Dragapult|76\/100 tox|[from] psn\n|upkeep\n|turn|13\n|inactive|iiiie has 120 seconds left.\n|\n|t:|1700686293\n|switch|p1a: Macron|Ting-Lu|71\/100\n|-damage|p1a: Macron|65\/100|[from] Stealth Rock\n|-ability|p1a: Macron|Vessel of Ruin\n|move|p2a: Dragapult|Shadow Ball|p1a: Macron\n|-resisted|p1a: Macron\n|-damage|p1a: Macron|54\/100\n|\n|-heal|p1a: Macron|60\/100|[from] item: Leftovers\n|-damage|p2a: Dragapult|64\/100 tox|[from] psn\n|upkeep\n|turn|14\n|inactive|iiiie has 120 seconds left.\n|\n|t:|1700686305\n|switch|p2a: Zamazenta|Zamazenta|100\/100\n|-damage|p2a: Zamazenta|88\/100|[from] Spikes\n|-ability|p2a: Zamazenta|Dauntless Shield|boost\n|-boost|p2a: Zamazenta|def|1\n|move|p1a: Macron|Spikes|p2a: Zamazenta\n|-sidestart|p2: iiiie|Spikes\n|\n|-heal|p1a: Macron|66\/100|[from] item: Leftovers\n|upkeep\n|turn|15\n|inactive|iiiie has 120 seconds left.\n|\n|t:|1700686322\n|switch|p1a: CancerIsBack|Toxapex, F, shiny|91\/100\n|-damage|p1a: CancerIsBack|78\/100|[from] Stealth Rock\n|move|p2a: Zamazenta|Close Combat|p1a: CancerIsBack\n|-resisted|p1a: CancerIsBack\n|-damage|p1a: CancerIsBack|46\/100\n|-unboost|p2a: Zamazenta|def|1\n|-unboost|p2a: Zamazenta|spd|1\n|-damage|p2a: Zamazenta|72\/100|[from] item: Rocky Helmet|[of] p1a: CancerIsBack\n|\n|upkeep\n|turn|16\n|inactive|iiiie has 120 seconds left.\n|\n|t:|1700686344\n|switch|p2a: Heatran|Heatran, M|100\/100\n|move|p1a: CancerIsBack|Recover|p1a: CancerIsBack\n|-heal|p1a: CancerIsBack|96\/100\n|\n|upkeep\n|turn|17\n|\n|t:|1700686358\n|switch|p1a: Macron|Ting-Lu|66\/100\n|-damage|p1a: Macron|60\/100|[from] Stealth Rock\n|-ability|p1a: Macron|Vessel of Ruin\n|move|p2a: Heatran|Magma Storm|p1a: Macron\n|-damage|p1a: Macron|37\/100\n|-activate|p1a: Macron|move: Magma Storm|[of] p2a: Heatran\n|\n|-heal|p1a: Macron|43\/100|[from] item: Leftovers\n|-damage|p1a: Macron|31\/100|[from] move: Magma Storm|[partiallytrapped]\n|upkeep\n|turn|18\n|inactive|iiiie has 90 seconds left.\n|\n|t:|1700686393\n|move|p2a: Heatran|Taunt|p1a: Macron\n|-start|p1a: Macron|move: Taunt\n|move|p1a: Macron|Earthquake|p2a: Heatran\n|-supereffective|p2a: Heatran\n|-damage|p2a: Heatran|0 fnt\n|faint|p2a: Heatran\n|\n|-heal|p1a: Macron|37\/100|[from] item: Leftovers\n|-end|p1a: Macron|Magma Storm|[partiallytrapped]|[silent]\n|upkeep\n|\n|t:|1700686404\n|switch|p2a: Landorus|Landorus-Therian, M|3\/100\n|-ability|p2a: Landorus|Intimidate|boost\n|-unboost|p1a: Macron|atk|1\n|turn|19\n|\n|t:|1700686411\n|switch|p1a: DesM\u00e8resTr\u00e8sGros|Landorus-Therian, M, shiny|78\/100\n|-damage|p1a: DesM\u00e8resTr\u00e8sGros|65\/100|[from] Stealth Rock\n|-ability|p1a: DesM\u00e8resTr\u00e8sGros|Intimidate|boost\n|-unboost|p2a: Landorus|atk|1\n|move|p2a: Landorus|U-turn|p1a: DesM\u00e8resTr\u00e8sGros\n|-resisted|p1a: DesM\u00e8resTr\u00e8sGros\n|-damage|p1a: DesM\u00e8resTr\u00e8sGros|55\/100\n|\n|t:|1700686424\n|switch|p2a: Zamazenta|Zamazenta|72\/100|[from] U-turn\n|-damage|p2a: Zamazenta|55\/100|[from] Spikes\n|\n|upkeep\n|turn|20\n|\n|t:|1700686440\n|switch|p1a: CancerIsBack|Toxapex, F, shiny|100\/100\n|-damage|p1a: CancerIsBack|88\/100|[from] Stealth Rock\n|switch|p2a: Landorus|Landorus-Therian, M|3\/100\n|-ability|p2a: Landorus|Intimidate|boost\n|-unboost|p1a: CancerIsBack|atk|1\n|\n|-heal|p2a: Landorus|9\/100|[from] item: Leftovers\n|upkeep\n|turn|21\n|\n|t:|1700686451\n|move|p2a: Landorus|Earthquake|p1a: CancerIsBack\n|-supereffective|p1a: CancerIsBack\n|-damage|p1a: CancerIsBack|19\/100\n|move|p1a: CancerIsBack|Surf|p2a: Landorus\n|-supereffective|p2a: Landorus\n|-damage|p2a: Landorus|0 fnt\n|faint|p2a: Landorus\n|\n|upkeep\n|\n|t:|1700686463\n|switch|p2a: Kingambit|Kingambit, M|100\/100\n|-damage|p2a: Kingambit|84\/100|[from] Spikes\n|-activate|p2a: Kingambit|ability: Supreme Overlord\n|-start|p2a: Kingambit|fallen2|[silent]\n|turn|22\n|\n|t:|1700686477\n|switch|p1a: Trop amusant|Zamazenta|100\/100\n|-damage|p1a: Trop amusant|94\/100|[from] Stealth Rock\n|-ability|p1a: Trop amusant|Dauntless Shield|boost\n|-boost|p1a: Trop amusant|def|1\n|move|p2a: Kingambit|Kowtow Cleave|p1a: Trop amusant\n|-resisted|p1a: Trop amusant\n|-damage|p1a: Trop amusant|80\/100\n|\n|-heal|p1a: Trop amusant|86\/100|[from] item: Leftovers\n|-heal|p2a: Kingambit|90\/100|[from] item: Leftovers\n|upkeep\n|turn|23\n|\n|t:|1700686493\n|-terastallize|p2a: Kingambit|Flying\n|move|p1a: Trop amusant|Crunch|p2a: Kingambit\n|-crit|p2a: Kingambit\n|-damage|p2a: Kingambit|65\/100\n|move|p2a: Kingambit|Swords Dance|p2a: Kingambit\n|-boost|p2a: Kingambit|atk|2\n|\n|-heal|p1a: Trop amusant|92\/100|[from] item: Leftovers\n|-heal|p2a: Kingambit|71\/100|[from] item: Leftovers\n|upkeep\n|turn|24\n|\n|t:|1700686502\n|move|p1a: Trop amusant|Iron Defense|p1a: Trop amusant\n|-boost|p1a: Trop amusant|def|2\n|move|p2a: Kingambit|Swords Dance|p2a: Kingambit\n|-boost|p2a: Kingambit|atk|2\n|\n|-heal|p1a: Trop amusant|98\/100|[from] item: Leftovers\n|-heal|p2a: Kingambit|77\/100|[from] item: Leftovers\n|upkeep\n|turn|25\n|\n|t:|1700686509\n|move|p1a: Trop amusant|Iron Defense|p1a: Trop amusant\n|-boost|p1a: Trop amusant|def|2\n|move|p2a: Kingambit|Swords Dance|p2a: Kingambit\n|-boost|p2a: Kingambit|atk|2\n|\n|-heal|p1a: Trop amusant|100\/100|[from] item: Leftovers\n|-heal|p2a: Kingambit|83\/100|[from] item: Leftovers\n|upkeep\n|turn|26\n|\n|t:|1700686517\n|move|p1a: Trop amusant|Iron Defense|p1a: Trop amusant\n|-boost|p1a: Trop amusant|def|1\n|move|p2a: Kingambit|Iron Head|p1a: Trop amusant\n|-damage|p1a: Trop amusant|58\/100\n|\n|-heal|p1a: Trop amusant|64\/100|[from] item: Leftovers\n|-heal|p2a: Kingambit|89\/100|[from] item: Leftovers\n|upkeep\n|turn|27\n|\n|t:|1700686525\n|move|p1a: Trop amusant|Substitute|p1a: Trop amusant\n|-start|p1a: Trop amusant|Substitute\n|-damage|p1a: Trop amusant|39\/100\n|move|p2a: Kingambit|Iron Head|p1a: Trop amusant\n|-end|p1a: Trop amusant|Substitute\n|\n|-heal|p1a: Trop amusant|45\/100|[from] item: Leftovers\n|-heal|p2a: Kingambit|96\/100|[from] item: Leftovers\n|upkeep\n|turn|28\n|inactive|iiiie has 90 seconds left.\n|\n|t:|1700686533\n|move|p1a: Trop amusant|Body Press|p2a: Kingambit\n|-resisted|p2a: Kingambit\n|-damage|p2a: Kingambit|51\/100\n|move|p2a: Kingambit|Iron Head|p1a: Trop amusant\n|-damage|p1a: Trop amusant|5\/100\n|\n|-heal|p1a: Trop amusant|12\/100|[from] item: Leftovers\n|-heal|p2a: Kingambit|57\/100|[from] item: Leftovers\n|upkeep\n|turn|29\n|\n|t:|1700686541\n|move|p2a: Kingambit|Sucker Punch||[still]\n|-fail|p2a: Kingambit\n|move|p1a: Trop amusant|Iron Defense|p1a: Trop amusant\n|-boost|p1a: Trop amusant|def|0\n|\n|-heal|p1a: Trop amusant|18\/100|[from] item: Leftovers\n|-heal|p2a: Kingambit|64\/100|[from] item: Leftovers\n|upkeep\n|turn|30\n|\n|t:|1700686560\n|move|p1a: Trop amusant|Body Press|p2a: Kingambit\n|-resisted|p2a: Kingambit\n|-damage|p2a: Kingambit|18\/100\n|move|p2a: Kingambit|Iron Head|p1a: Trop amusant\n|-damage|p1a: Trop amusant|0 fnt\n|faint|p1a: Trop amusant\n|\n|-heal|p2a: Kingambit|25\/100|[from] item: Leftovers\n|upkeep\n|\n|t:|1700686564\n|switch|p1a: KFC pirme|Corviknight, F, shiny|30\/100\n|-damage|p1a: KFC pirme|18\/100|[from] Stealth Rock\n|-ability|p1a: KFC pirme|Pressure\n|turn|31\n|\n|t:|1700686574\n|move|p1a: KFC pirme|Roost|p1a: KFC pirme\n|-heal|p1a: KFC pirme|68\/100\n|-singleturn|p1a: KFC pirme|move: Roost\n|move|p2a: Kingambit|Kowtow Cleave|p1a: KFC pirme\n|-damage|p1a: KFC pirme|0 fnt\n|-damage|p2a: Kingambit|8\/100|[from] item: Rocky Helmet|[of] p1a: KFC pirme\n|faint|p1a: KFC pirme\n|\n|-heal|p2a: Kingambit|14\/100|[from] item: Leftovers\n|upkeep\n|\n|t:|1700686577\n|switch|p1a: CancerIsBack|Toxapex, F, shiny|52\/100\n|-damage|p1a: CancerIsBack|40\/100|[from] Stealth Rock\n|turn|32\n|inactive|iiiie has 120 seconds left.\n|\n|t:|1700686591\n|move|p2a: Kingambit|Kowtow Cleave|p1a: CancerIsBack\n|-crit|p1a: CancerIsBack\n|-damage|p1a: CancerIsBack|0 fnt\n|-damage|p2a: Kingambit|0 fnt|[from] item: Rocky Helmet|[of] p1a: CancerIsBack\n|faint|p1a: CancerIsBack\n|faint|p2a: Kingambit\n|-end|p2a: Kingambit|fallen2|[silent]\n|\n|upkeep\n|inactive|iiiie has 120 seconds left.\n|inactive|New_caeli has 120 seconds left.\n|inactive|New_caeli has 90 seconds left.\n|\n|t:|1700686662\n|switch|p2a: Zamazenta|Zamazenta|55\/100\n|switch|p1a: DesM\u00e8resTr\u00e8sGros|Landorus-Therian, M, shiny|55\/100\n|-damage|p1a: DesM\u00e8resTr\u00e8sGros|43\/100|[from] Stealth Rock\n|-ability|p1a: DesM\u00e8resTr\u00e8sGros|Intimidate|boost\n|-unboost|p2a: Zamazenta|atk|1\n|-damage|p2a: Zamazenta|38\/100|[from] Spikes\n|turn|33\n|inactive|iiiie has 90 seconds left.\n|\n|t:|1700686701\n|-terastallize|p1a: DesM\u00e8resTr\u00e8sGros|Ground\n|move|p1a: DesM\u00e8resTr\u00e8sGros|Earthquake|p2a: Zamazenta\n|-damage|p2a: Zamazenta|0 fnt\n|faint|p2a: Zamazenta\n|\n|upkeep\n|inactive|iiiie has 90 seconds left.\n|\n|t:|1700686710\n|switch|p2a: Dragapult|Dragapult, M|64\/100 tox\n|-damage|p2a: Dragapult|48\/100 tox|[from] Spikes\n|turn|34\n|\n|t:|1700686716\n|move|p1a: DesM\u00e8resTr\u00e8sGros|Earthquake|p2a: Dragapult\n|-damage|p2a: Dragapult|0 fnt\n|faint|p2a: Dragapult\n|\n|upkeep\n|-message|iiiie forfeited.\n|\n|win|New_caeli\n|raw|New_caeli's rating: 1539 &rarr; <strong>1558<\/strong><br \/>(+19 for winning)\n|raw|iiiie's rating: 1525 &rarr; <strong>1506<\/strong><br \/>(-19 for losing)\n|l|\u2606iiiie\n","uploadtime":1700686733,"views":13,"p1id":"newcaeli","p2id":"iiiie","formatid":"gen9ou","rating":1506,"private":0,"password":""}