{"id":"gen9ou-1989863820","p1":"ecpeon","p2":"littensalt","format":"[Gen 9] OU","log":"|j|\u2606ecpeon\n|j|\u2606littensalt\n|t:|1699902065\n|gametype|singles\n|player|p1|ecpeon|sabrina-gen2|1371\n|player|p2|littensalt|calem|1356\n|teamsize|p1|6\n|teamsize|p2|6\n|gen|9\n|tier|[Gen 9] OU\n|rated|\n|rule|Sleep Clause Mod: Limit one foe put to sleep\n|rule|Species Clause: Limit one of each Pok\u00e9mon\n|rule|OHKO Clause: OHKO moves are banned\n|rule|Evasion Items Clause: Evasion items are banned\n|rule|Evasion Moves Clause: Evasion moves are banned\n|rule|Endless Battle Clause: Forcing endless battles is banned\n|rule|HP Percentage Mod: HP is shown in percentages\n|clearpoke\n|poke|p1|Skeledirge, F|\n|poke|p1|Milotic, F|\n|poke|p1|Clefable, F|\n|poke|p1|Landorus-Therian, M|\n|poke|p1|Dragapult, M|\n|poke|p1|Mandibuzz, F|\n|poke|p2|Thundurus-Therian, M|\n|poke|p2|Weezing-Galar, F|\n|poke|p2|Cinderace, F|\n|poke|p2|Dragapult, F|\n|poke|p2|Greninja-*, M|\n|poke|p2|Zamazenta-*|\n|teampreview\n|\n|t:|1699902102\n|start\n|switch|p1a: Landorus|Landorus-Therian, M|100\/100\n|switch|p2a: KIDS SEE GHOST|Dragapult, F, shiny|100\/100\n|-ability|p1a: Landorus|Intimidate|boost\n|-unboost|p2a: KIDS SEE GHOST|atk|1\n|turn|1\n|\n|t:|1699902109\n|move|p2a: KIDS SEE GHOST|U-turn|p1a: Landorus\n|-resisted|p1a: Landorus\n|-damage|p1a: Landorus|95\/100\n|\n|t:|1699902112\n|switch|p2a: 5g|Thundurus-Therian, M, shiny|100\/100|[from] U-turn\n|move|p1a: Landorus|U-turn|p2a: 5g\n|-resisted|p2a: 5g\n|-damage|p2a: 5g|85\/100\n|\n|t:|1699902128\n|switch|p1a: Dragapult|Dragapult, M|100\/100|[from] U-turn\n|\n|upkeep\n|turn|2\n|\n|t:|1699902132\n|switch|p2a: wheezy outta here|Weezing-Galar, F, shiny|100\/100\n|-ability|p2a: wheezy outta here|Neutralizing Gas\n|move|p1a: Dragapult|U-turn|p2a: wheezy outta here\n|-resisted|p2a: wheezy outta here\n|-damage|p2a: wheezy outta here|97\/100\n|-damage|p1a: Dragapult|84\/100|[from] item: Rocky Helmet|[of] p2a: wheezy outta here\n|\n|t:|1699902152\n|switch|p1a: Landorus|Landorus-Therian, M|95\/100|[from] U-turn\n|\n|-heal|p1a: Landorus|100\/100|[from] item: Leftovers\n|upkeep\n|turn|3\n|\n|t:|1699902155\n|move|p1a: Landorus|Smack Down|p2a: wheezy outta here\n|-damage|p2a: wheezy outta here|86\/100\n|move|p2a: wheezy outta here|Will-O-Wisp|p1a: Landorus\n|-status|p1a: Landorus|brn\n|\n|-damage|p1a: Landorus|94\/100 brn|[from] brn\n|upkeep\n|turn|4\n|\n|t:|1699902162\n|move|p1a: Landorus|Earthquake|p2a: wheezy outta here\n|-supereffective|p2a: wheezy outta here\n|-damage|p2a: wheezy outta here|55\/100\n|move|p2a: wheezy outta here|Strange Steam|p1a: Landorus\n|-damage|p1a: Landorus|74\/100 brn\n|\n|-heal|p1a: Landorus|80\/100 brn|[from] item: Leftovers\n|-damage|p1a: Landorus|74\/100 brn|[from] brn\n|upkeep\n|turn|5\n|\n|t:|1699902179\n|move|p1a: Landorus|Earthquake|p2a: wheezy outta here\n|-supereffective|p2a: wheezy outta here\n|-damage|p2a: wheezy outta here|25\/100\n|move|p2a: wheezy outta here|Pain Split|p1a: Landorus\n|-sethp|p1a: Landorus|48\/100 brn|[from] move: Pain Split|[silent]\n|-sethp|p2a: wheezy outta here|55\/100|[from] move: Pain Split\n|\n|-heal|p1a: Landorus|54\/100 brn|[from] item: Leftovers\n|-damage|p1a: Landorus|48\/100 brn|[from] brn\n|upkeep\n|turn|6\n|\n|t:|1699902189\n|switch|p1a: Skeledirge|Skeledirge, F|100\/100\n|move|p2a: wheezy outta here|Strange Steam|p1a: Skeledirge\n|-resisted|p1a: Skeledirge\n|-damage|p1a: Skeledirge|89\/100\n|\n|upkeep\n|turn|7\n|\n|t:|1699902200\n|-end|p2a: wheezy outta here|ability: Neutralizing Gas\n|switch|p2a: N95|Greninja, M|100\/100\n|move|p1a: Skeledirge|Will-O-Wisp|p2a: N95\n|-status|p2a: N95|brn\n|\n|-damage|p2a: N95|95\/100 brn|[from] brn\n|upkeep\n|turn|8\n|\n|t:|1699902207\n|switch|p1a: Milotic|Milotic, F, shiny|100\/100\n|move|p2a: N95|Hydro Pump|p1a: Milotic|[miss]\n|-miss|p2a: N95|p1a: Milotic\n|\n|-damage|p2a: N95|89\/100 brn|[from] brn\n|upkeep\n|turn|9\n|\n|t:|1699902215\n|move|p2a: N95|Grass Knot|p1a: Milotic\n|-supereffective|p1a: Milotic\n|-damage|p1a: Milotic|57\/100\n|-damage|p2a: N95|79\/100 brn|[from] item: Life Orb\n|move|p1a: Milotic|Scald|p2a: N95\n|-resisted|p2a: N95\n|-damage|p2a: N95|55\/100 brn\n|\n|-damage|p2a: N95|49\/100 brn|[from] brn\n|upkeep\n|turn|10\n|\n|t:|1699902224\n|switch|p2a: wheezy outta here|Weezing-Galar, F, shiny|55\/100\n|-ability|p2a: wheezy outta here|Neutralizing Gas\n|move|p1a: Milotic|Recover|p1a: Milotic\n|-heal|p1a: Milotic|100\/100\n|\n|upkeep\n|turn|11\n|\n|t:|1699902234\n|switch|p1a: Skeledirge|Skeledirge, F|89\/100\n|move|p2a: wheezy outta here|Pain Split|p1a: Skeledirge\n|-sethp|p1a: Skeledirge|67\/100|[from] move: Pain Split|[silent]\n|-sethp|p2a: wheezy outta here|83\/100|[from] move: Pain Split\n|\n|upkeep\n|turn|12\n|\n|t:|1699902238\n|move|p1a: Skeledirge|Torch Song|p2a: wheezy outta here\n|-damage|p2a: wheezy outta here|42\/100\n|-boost|p1a: Skeledirge|spa|1\n|move|p2a: wheezy outta here|Strange Steam|p1a: Skeledirge\n|-resisted|p1a: Skeledirge\n|-damage|p1a: Skeledirge|57\/100\n|\n|upkeep\n|turn|13\n|\n|t:|1699902245\n|move|p1a: Skeledirge|Shadow Ball|p2a: wheezy outta here\n|-damage|p2a: wheezy outta here|0 fnt\n|faint|p2a: wheezy outta here\n|-end|p2a: wheezy outta here|ability: Neutralizing Gas\n|\n|upkeep\n|\n|t:|1699902249\n|switch|p2a: N95|Greninja, M|49\/100 brn\n|turn|14\n|\n|t:|1699902256\n|move|p2a: N95|Dark Pulse|p1a: Skeledirge\n|-supereffective|p1a: Skeledirge\n|-damage|p1a: Skeledirge|0 fnt\n|faint|p1a: Skeledirge\n|-ability|p2a: N95|Battle Bond|boost\n|-boost|p2a: N95|atk|1\n|-boost|p2a: N95|spa|1\n|-boost|p2a: N95|spe|1\n|-activate|p2a: N95|ability: Battle Bond\n|-damage|p2a: N95|39\/100 brn|[from] item: Life Orb\n|\n|-damage|p2a: N95|33\/100 brn|[from] brn\n|upkeep\n|\n|t:|1699902261\n|switch|p1a: Milotic|Milotic, F, shiny|100\/100\n|turn|15\n|\n|t:|1699902263\n|-terastallize|p1a: Milotic|Dragon\n|move|p2a: N95|Grass Knot|p1a: Milotic\n|-resisted|p1a: Milotic\n|-damage|p1a: Milotic|86\/100\n|-damage|p2a: N95|24\/100 brn|[from] item: Life Orb\n|move|p1a: Milotic|Mirror Coat|p2a: N95\n|-immune|p2a: N95\n|\n|-damage|p2a: N95|18\/100 brn|[from] brn\n|upkeep\n|turn|16\n|c|\u2606ecpeon|bruh\n|c|\u2606ecpeon|i forgot about that\n|c|\u2606littensalt|rip\n|\n|t:|1699902286\n|switch|p1a: Landorus|Landorus-Therian, M|48\/100 brn\n|-ability|p1a: Landorus|Intimidate|boost\n|-unboost|p2a: N95|atk|1\n|move|p2a: N95|Dark Pulse|p1a: Landorus\n|-crit|p1a: Landorus\n|-damage|p1a: Landorus|0 fnt\n|faint|p1a: Landorus\n|-damage|p2a: N95|8\/100 brn|[from] item: Life Orb\n|\n|-damage|p2a: N95|2\/100 brn|[from] brn\n|upkeep\n|\n|t:|1699902294\n|switch|p1a: Clefable|Clefable, F|100\/100\n|turn|17\n|\n|t:|1699902297\n|move|p2a: N95|Hydro Pump|p1a: Clefable\n|-damage|p1a: Clefable|7\/100\n|-damage|p2a: N95|0 fnt|[from] item: Life Orb\n|faint|p2a: N95\n|move|p1a: Clefable|Moonlight|p1a: Clefable\n|-heal|p1a: Clefable|57\/100\n|\n|upkeep\n|\n|t:|1699902313\n|switch|p2a: 5g|Thundurus-Therian, M, shiny|85\/100\n|turn|18\n|\n|t:|1699902324\n|-terastallize|p2a: 5g|Flying\n|move|p2a: 5g|Tera Blast|p1a: Clefable|[anim] Tera Blast Flying\n|-crit|p1a: Clefable\n|-damage|p1a: Clefable|0 fnt\n|faint|p1a: Clefable\n|\n|upkeep\n|\n|t:|1699902327\n|switch|p1a: Dragapult|Dragapult, M|84\/100\n|turn|19\n|\n|t:|1699902330\n|switch|p2a: november|Zamazenta|100\/100\n|-ability|p2a: november|Dauntless Shield|boost\n|-boost|p2a: november|def|1\n|move|p1a: Dragapult|Draco Meteor|p2a: november|[miss]\n|-miss|p1a: Dragapult|p2a: november\n|\n|upkeep\n|turn|20\n|\n|t:|1699902336\n|move|p1a: Dragapult|U-turn|p2a: november\n|-resisted|p2a: november\n|-damage|p2a: november|97\/100\n|\n|t:|1699902338\n|switch|p1a: Mandibuzz|Mandibuzz, F|100\/100|[from] U-turn\n|move|p2a: november|Substitute|p2a: november\n|-start|p2a: november|Substitute\n|-damage|p2a: november|72\/100\n|\n|-heal|p2a: november|78\/100|[from] item: Leftovers\n|upkeep\n|turn|21\n|\n|t:|1699902341\n|move|p2a: november|Iron Defense|p2a: november\n|-boost|p2a: november|def|2\n|move|p1a: Mandibuzz|Iron Defense|p1a: Mandibuzz\n|-boost|p1a: Mandibuzz|def|2\n|\n|-heal|p2a: november|84\/100|[from] item: Leftovers\n|upkeep\n|turn|22\n|\n|t:|1699902344\n|move|p2a: november|Body Press|p1a: Mandibuzz\n|-damage|p1a: Mandibuzz|77\/100\n|move|p1a: Mandibuzz|Iron Defense|p1a: Mandibuzz\n|-boost|p1a: Mandibuzz|def|2\n|\n|-heal|p2a: november|90\/100|[from] item: Leftovers\n|upkeep\n|turn|23\n|\n|t:|1699902349\n|move|p2a: november|Iron Defense|p2a: november\n|-boost|p2a: november|def|2\n|move|p1a: Mandibuzz|Iron Defense|p1a: Mandibuzz\n|-boost|p1a: Mandibuzz|def|2\n|\n|-heal|p2a: november|96\/100|[from] item: Leftovers\n|upkeep\n|turn|24\n|\n|t:|1699902352\n|move|p2a: november|Iron Defense|p2a: november\n|-boost|p2a: november|def|1\n|move|p1a: Mandibuzz|Foul Play|p2a: november\n|-resisted|p2a: november\n|-activate|p2a: november|move: Substitute|[damage]\n|\n|-heal|p2a: november|100\/100|[from] item: Leftovers\n|upkeep\n|turn|25\n|\n|t:|1699902355\n|move|p2a: november|Body Press|p1a: Mandibuzz\n|-damage|p1a: Mandibuzz|59\/100\n|move|p1a: Mandibuzz|Foul Play|p2a: november\n|-resisted|p2a: november\n|-activate|p2a: november|move: Substitute|[damage]\n|\n|upkeep\n|turn|26\n|\n|t:|1699902360\n|move|p2a: november|Body Press|p1a: Mandibuzz\n|-damage|p1a: Mandibuzz|41\/100\n|move|p1a: Mandibuzz|Roost|p1a: Mandibuzz\n|-heal|p1a: Mandibuzz|91\/100\n|-singleturn|p1a: Mandibuzz|move: Roost\n|\n|upkeep\n|turn|27\n|\n|t:|1699902365\n|move|p2a: november|Crunch|p1a: Mandibuzz\n|-resisted|p1a: Mandibuzz\n|-damage|p1a: Mandibuzz|89\/100\n|move|p1a: Mandibuzz|Foul Play|p2a: november\n|-resisted|p2a: november\n|-activate|p2a: november|move: Substitute|[damage]\n|\n|upkeep\n|turn|28\n|\n|t:|1699902371\n|move|p2a: november|Crunch|p1a: Mandibuzz\n|-resisted|p1a: Mandibuzz\n|-damage|p1a: Mandibuzz|88\/100\n|move|p1a: Mandibuzz|Foul Play|p2a: november\n|-resisted|p2a: november\n|-activate|p2a: november|move: Substitute|[damage]\n|\n|upkeep\n|turn|29\n|\n|t:|1699902379\n|move|p2a: november|Crunch|p1a: Mandibuzz\n|-resisted|p1a: Mandibuzz\n|-damage|p1a: Mandibuzz|87\/100\n|move|p1a: Mandibuzz|Foul Play|p2a: november\n|-resisted|p2a: november\n|-activate|p2a: november|move: Substitute|[damage]\n|\n|upkeep\n|turn|30\n|\n|t:|1699902386\n|move|p2a: november|Body Press|p1a: Mandibuzz\n|-damage|p1a: Mandibuzz|68\/100\n|move|p1a: Mandibuzz|Foul Play|p2a: november\n|-resisted|p2a: november\n|-activate|p2a: november|move: Substitute|[damage]\n|\n|upkeep\n|turn|31\n|\n|t:|1699902392\n|move|p2a: november|Body Press|p1a: Mandibuzz\n|-damage|p1a: Mandibuzz|49\/100\n|move|p1a: Mandibuzz|Roost|p1a: Mandibuzz\n|-heal|p1a: Mandibuzz|99\/100\n|-singleturn|p1a: Mandibuzz|move: Roost\n|\n|upkeep\n|turn|32\n|\n|t:|1699902398\n|move|p2a: november|Crunch|p1a: Mandibuzz\n|-resisted|p1a: Mandibuzz\n|-damage|p1a: Mandibuzz|97\/100\n|move|p1a: Mandibuzz|Foul Play|p2a: november\n|-resisted|p2a: november\n|-crit|p2a: november\n|-end|p2a: november|Substitute\n|\n|upkeep\n|turn|33\n|\n|t:|1699902403\n|switch|p1a: Dragapult|Dragapult, M|84\/100\n|move|p2a: november|Substitute|p2a: november\n|-start|p2a: november|Substitute\n|-damage|p2a: november|75\/100\n|\n|-heal|p2a: november|82\/100|[from] item: Leftovers\n|upkeep\n|turn|34\n|\n|t:|1699902411\n|move|p1a: Dragapult|Will-O-Wisp|p2a: november\n|-status|p2a: november|brn\n|move|p2a: november|Crunch|p1a: Dragapult\n|-supereffective|p1a: Dragapult\n|-damage|p1a: Dragapult|56\/100\n|\n|-heal|p2a: november|88\/100 brn|[from] item: Leftovers\n|-damage|p2a: november|82\/100 brn|[from] brn\n|upkeep\n|turn|35\n|\n|t:|1699902423\n|move|p1a: Dragapult|Draco Meteor|p2a: november\n|-damage|p2a: november|35\/100 brn\n|-unboost|p1a: Dragapult|spa|2\n|move|p2a: november|Crunch|p1a: Dragapult\n|-supereffective|p1a: Dragapult\n|-damage|p1a: Dragapult|28\/100\n|\n|-heal|p2a: november|41\/100 brn|[from] item: Leftovers\n|-damage|p2a: november|35\/100 brn|[from] brn\n|upkeep\n|turn|36\n|\n|t:|1699902427\n|move|p1a: Dragapult|U-turn|p2a: november\n|-resisted|p2a: november\n|-damage|p2a: november|33\/100 brn\n|\n|t:|1699902429\n|switch|p1a: Milotic|Milotic, F, shiny, tera:Dragon|86\/100|[from] U-turn\n|move|p2a: november|Crunch|p1a: Milotic\n|-damage|p1a: Milotic|74\/100\n|\n|-heal|p2a: november|40\/100 brn|[from] item: Leftovers\n|-damage|p2a: november|33\/100 brn|[from] brn\n|upkeep\n|turn|37\n|\n|t:|1699902432\n|move|p2a: november|Body Press|p1a: Milotic\n|-damage|p1a: Milotic|3\/100\n|move|p1a: Milotic|Haze|p1a: Milotic\n|-clearallboost\n|\n|-heal|p2a: november|40\/100 brn|[from] item: Leftovers\n|-damage|p2a: november|33\/100 brn|[from] brn\n|upkeep\n|turn|38\n|\n|t:|1699902438\n|switch|p1a: Dragapult|Dragapult, M|28\/100\n|move|p2a: november|Body Press|p1a: Dragapult\n|-immune|p1a: Dragapult\n|\n|-heal|p2a: november|40\/100 brn|[from] item: Leftovers\n|-damage|p2a: november|33\/100 brn|[from] brn\n|upkeep\n|turn|39\n|\n|t:|1699902443\n|move|p1a: Dragapult|Draco Meteor|p2a: november\n|-damage|p2a: november|0 fnt\n|-unboost|p1a: Dragapult|spa|2\n|faint|p2a: november\n|\n|upkeep\n|\n|t:|1699902450\n|switch|p2a: KIDS SEE GHOST|Dragapult, F, shiny|100\/100\n|turn|40\n|\n|t:|1699902459\n|switch|p1a: Milotic|Milotic, F, shiny, tera:Dragon|3\/100\n|move|p2a: KIDS SEE GHOST|Shadow Ball|p1a: Milotic\n|-damage|p1a: Milotic|0 fnt\n|faint|p1a: Milotic\n|\n|upkeep\n|\n|t:|1699902460\n|switch|p1a: Mandibuzz|Mandibuzz, F|97\/100\n|turn|41\n|\n|t:|1699902466\n|switch|p2a: FRANCHISE|Cinderace, F|100\/100\n|move|p1a: Mandibuzz|Toxic|p2a: FRANCHISE\n|-status|p2a: FRANCHISE|tox\n|\n|-damage|p2a: FRANCHISE|95\/100 tox|[from] psn\n|upkeep\n|turn|42\n|\n|t:|1699902470\n|move|p2a: FRANCHISE|Pyro Ball|p1a: Mandibuzz|[miss]\n|-miss|p2a: FRANCHISE|p1a: Mandibuzz\n|move|p1a: Mandibuzz|Iron Defense|p1a: Mandibuzz\n|-boost|p1a: Mandibuzz|def|2\n|\n|-damage|p2a: FRANCHISE|83\/100 tox|[from] psn\n|upkeep\n|turn|43\n|\n|t:|1699902473\n|move|p2a: FRANCHISE|U-turn|p1a: Mandibuzz\n|-start|p2a: FRANCHISE|typechange|Bug|[from] ability: Libero\n|-damage|p1a: Mandibuzz|87\/100\n|\n|t:|1699902475\n|switch|p2a: 5g|Thundurus-Therian, M, shiny, tera:Flying|85\/100|[from] U-turn\n|move|p1a: Mandibuzz|Toxic|p2a: 5g\n|-status|p2a: 5g|tox\n|\n|-damage|p2a: 5g|79\/100 tox|[from] psn\n|upkeep\n|turn|44\n|\n|t:|1699902497\n|move|p2a: 5g|Tera Blast|p1a: Mandibuzz|[anim] Tera Blast Flying\n|-damage|p1a: Mandibuzz|8\/100\n|move|p1a: Mandibuzz|Foul Play|p2a: 5g\n|-damage|p2a: 5g|39\/100 tox\n|\n|-damage|p2a: 5g|27\/100 tox|[from] psn\n|upkeep\n|turn|45\n|inactive|Battle timer is ON: inactive players will automatically lose when time's up. (requested by littensalt)\n|\n|t:|1699902502\n|move|p2a: 5g|Tera Blast|p1a: Mandibuzz|[anim] Tera Blast Flying\n|-damage|p1a: Mandibuzz|0 fnt\n|faint|p1a: Mandibuzz\n|\n|-damage|p2a: 5g|9\/100 tox|[from] psn\n|upkeep\n|\n|t:|1699902504\n|switch|p1a: Dragapult|Dragapult, M|28\/100\n|turn|46\n|\n|t:|1699902506\n|move|p1a: Dragapult|Shadow Ball|p2a: 5g\n|-damage|p2a: 5g|0 fnt\n|faint|p2a: 5g\n|\n|upkeep\n|\n|t:|1699902508\n|switch|p2a: FRANCHISE|Cinderace, F|83\/100 tox\n|turn|47\n|\n|t:|1699902511\n|move|p2a: FRANCHISE|Sucker Punch|p1a: Dragapult\n|-start|p2a: FRANCHISE|typechange|Dark|[from] ability: Libero\n|-supereffective|p1a: Dragapult\n|-damage|p1a: Dragapult|0 fnt\n|faint|p1a: Dragapult\n|\n|win|littensalt\n|raw|ecpeon's rating: 1371 &rarr; <strong>1350<\/strong><br \/>(-21 for losing)\n|raw|littensalt's rating: 1356 &rarr; <strong>1377<\/strong><br \/>(+21 for winning)\n|c|\u2606ecpeon|ggs\n|c|\u2606littensalt|ggwp\n|l|\u2606ecpeon\n","uploadtime":1699902522,"views":10,"p1id":"ecpeon","p2id":"littensalt","formatid":"gen9ou","rating":1350,"private":0,"password":""}