{"id":"gen9ou-1990476015","p1":"RuSh1629","p2":"yeexle","format":"[Gen 9] OU","log":"|j|\u2606RuSh1629\n|j|\u2606yeexle\n|t:|1699974471\n|gametype|singles\n|player|p1|RuSh1629|1|1207\n|player|p2|yeexle|unknown|1265\n|teamsize|p1|6\n|teamsize|p2|6\n|gen|9\n|tier|[Gen 9] OU\n|rated|\n|rule|Sleep Clause Mod: Limit one foe put to sleep\n|rule|Species Clause: Limit one of each Pok\u00e9mon\n|rule|OHKO Clause: OHKO moves are banned\n|rule|Evasion Items Clause: Evasion items are banned\n|rule|Evasion Moves Clause: Evasion moves are banned\n|rule|Endless Battle Clause: Forcing endless battles is banned\n|rule|HP Percentage Mod: HP is shown in percentages\n|clearpoke\n|poke|p1|Moltres-Galar|\n|poke|p1|Sneasler, M|\n|poke|p1|Chesnaught, M|\n|poke|p1|Ceruledge, M|\n|poke|p1|Weezing-Galar, M|\n|poke|p1|Walking Wake|\n|poke|p2|Maushold|\n|poke|p2|Rillaboom, F|\n|poke|p2|Great Tusk|\n|poke|p2|Heatran, F|\n|poke|p2|Enamorus, F|\n|poke|p2|Kingambit, F|\n|teampreview\n|inactive|Battle timer is ON: inactive players will automatically lose when time's up. (requested by yeexle)\n|\n|t:|1699974483\n|start\n|switch|p1a: Wolverine|Sneasler, M, shiny|100\/100\n|switch|p2a: Maushold|Maushold|100\/100\n|turn|1\n|\n|t:|1699974490\n|move|p1a: Wolverine|Fake Out|p2a: Maushold\n|-damage|p2a: Maushold|80\/100\n|-status|p2a: Maushold|psn|[from] ability: Poison Touch|[of] p1a: Wolverine\n|cant|p2a: Maushold|flinch\n|\n|-damage|p2a: Maushold|67\/100 psn|[from] psn\n|upkeep\n|turn|2\n|\n|t:|1699974498\n|move|p1a: Wolverine|U-turn|p2a: Maushold\n|-damage|p2a: Maushold|26\/100 psn\n|\n|t:|1699974504\n|switch|p1a: Del Sol|Ceruledge, M|100\/100|[from] U-turn\n|move|p2a: Maushold|Encore||[still]\n|-fail|p2a: Maushold\n|\n|-damage|p2a: Maushold|14\/100 psn|[from] psn\n|upkeep\n|turn|3\n|\n|t:|1699974510\n|switch|p1a: Blue Shell|Chesnaught, M|100\/100\n|move|p2a: Maushold|Bite|p1a: Blue Shell\n|-resisted|p1a: Blue Shell\n|-damage|p1a: Blue Shell|95\/100\n|\n|-heal|p1a: Blue Shell|100\/100|[from] item: Leftovers\n|-damage|p2a: Maushold|1\/100 psn|[from] psn\n|upkeep\n|turn|4\n|\n|t:|1699974521\n|move|p1a: Blue Shell|Spiky Shield|p1a: Blue Shell\n|-singleturn|p1a: Blue Shell|move: Protect\n|move|p2a: Maushold|Population Bomb|p1a: Blue Shell\n|-activate|p1a: Blue Shell|move: Protect\n|-damage|p2a: Maushold|0 fnt|[from] Spiky Shield|[of] p1a: Blue Shell\n|faint|p2a: Maushold\n|\n|upkeep\n|\n|t:|1699974530\n|switch|p2a: Enamorus|Enamorus, F|100\/100\n|turn|5\n|\n|t:|1699974536\n|switch|p1a: Dimmadome|Weezing-Galar, M|100\/100\n|-ability|p1a: Dimmadome|Neutralizing Gas\n|move|p2a: Enamorus|Moonblast|p1a: Dimmadome\n|-resisted|p1a: Dimmadome\n|-damage|p1a: Dimmadome|71\/100\n|\n|-heal|p1a: Dimmadome|77\/100|[from] item: Leftovers\n|upkeep\n|turn|6\n|\n|t:|1699974553\n|switch|p2a: Heatran|Heatran, F|100\/100\n|-end|p1a: Dimmadome|ability: Neutralizing Gas\n|switch|p1a: Wide Awake|Walking Wake|100\/100\n|\n|upkeep\n|turn|7\n|\n|t:|1699974567\n|-terastallize|p2a: Heatran|Grass\n|move|p1a: Wide Awake|Flamethrower|p2a: Heatran\n|-start|p2a: Heatran|ability: Flash Fire\n|move|p2a: Heatran|Magma Storm|p1a: Wide Awake\n|-resisted|p1a: Wide Awake\n|-damage|p1a: Wide Awake|82\/100\n|-activate|p1a: Wide Awake|move: Magma Storm|[of] p2a: Heatran\n|\n|-damage|p1a: Wide Awake|70\/100|[from] move: Magma Storm|[partiallytrapped]\n|upkeep\n|turn|8\n|\n|t:|1699974577\n|move|p1a: Wide Awake|Flip Turn|p2a: Heatran\n|-resisted|p2a: Heatran\n|-damage|p2a: Heatran|94\/100\n|\n|t:|1699974592\n|-end|p1a: Wide Awake|Protosynthesis|[silent]\n|switch|p1a: Dimmadome|Weezing-Galar, M|77\/100|[from] Flip Turn\n|-ability|p1a: Dimmadome|Neutralizing Gas\n|move|p2a: Heatran|Stealth Rock|p1a: Dimmadome\n|-sidestart|p1: RuSh1629|move: Stealth Rock\n|\n|-heal|p2a: Heatran|99\/100|[from] item: Leftovers\n|-heal|p1a: Dimmadome|83\/100|[from] item: Leftovers\n|upkeep\n|turn|9\n|\n|t:|1699974601\n|-end|p2a: Heatran|ability: Flash Fire|[silent]\n|switch|p2a: Rillaboom|Rillaboom, F|100\/100\n|move|p1a: Dimmadome|Sludge Bomb|p2a: Rillaboom\n|-supereffective|p2a: Rillaboom\n|-damage|p2a: Rillaboom|24\/100\n|\n|-heal|p1a: Dimmadome|89\/100|[from] item: Leftovers\n|upkeep\n|turn|10\n|\n|t:|1699974624\n|move|p2a: Rillaboom|Wood Hammer|p1a: Dimmadome\n|-resisted|p1a: Dimmadome\n|-damage|p1a: Dimmadome|51\/100\n|-damage|p2a: Rillaboom|12\/100|[from] Recoil\n|move|p1a: Dimmadome|Defog|p2a: Rillaboom\n|-unboost|p2a: Rillaboom|evasion|1\n|-sideend|p1: RuSh1629|Stealth Rock|[from] move: Defog|[of] p1a: Dimmadome\n|\n|-heal|p1a: Dimmadome|57\/100|[from] item: Leftovers\n|upkeep\n|turn|11\n|\n|t:|1699974633\n|-end|p1a: Dimmadome|ability: Neutralizing Gas\n|-fieldstart|move: Grassy Terrain|[from] ability: Grassy Surge|[of] p2a: Rillaboom\n|switch|p1a: Blue Shell|Chesnaught, M|100\/100\n|move|p2a: Rillaboom|Wood Hammer|p1a: Blue Shell\n|-resisted|p1a: Blue Shell\n|-damage|p1a: Blue Shell|66\/100\n|-damage|p2a: Rillaboom|0 fnt|[from] Recoil\n|faint|p2a: Rillaboom\n|\n|-heal|p1a: Blue Shell|72\/100|[from] Grassy Terrain\n|-heal|p1a: Blue Shell|78\/100|[from] item: Leftovers\n|upkeep\n|\n|t:|1699974650\n|switch|p2a: Enamorus|Enamorus, F|100\/100\n|turn|12\n|\n|t:|1699974658\n|move|p1a: Blue Shell|Spiky Shield|p1a: Blue Shell\n|-singleturn|p1a: Blue Shell|move: Protect\n|move|p2a: Enamorus|Mystical Fire|p1a: Blue Shell\n|-activate|p1a: Blue Shell|move: Protect\n|\n|-heal|p1a: Blue Shell|84\/100|[from] Grassy Terrain\n|-heal|p1a: Blue Shell|90\/100|[from] item: Leftovers\n|upkeep\n|turn|13\n|\n|t:|1699974663\n|switch|p1a: Del Sol|Ceruledge, M|100\/100\n|move|p2a: Enamorus|Mystical Fire|p1a: Del Sol\n|-start|p1a: Del Sol|ability: Flash Fire\n|\n|upkeep\n|turn|14\n|\n|t:|1699974671\n|switch|p2a: Heatran|Heatran, F, tera:Grass|99\/100\n|move|p1a: Del Sol|Brick Break|p2a: Heatran\n|-damage|p2a: Heatran|68\/100\n|-damage|p1a: Del Sol|91\/100|[from] item: Life Orb\n|\n|-heal|p2a: Heatran|74\/100|[from] Grassy Terrain\n|-heal|p2a: Heatran|80\/100|[from] item: Leftovers\n|-heal|p1a: Del Sol|97\/100|[from] Grassy Terrain\n|upkeep\n|turn|15\n|\n|t:|1699974689\n|-end|p1a: Del Sol|ability: Flash Fire|[silent]\n|switch|p1a: Erebus|Moltres-Galar|100\/100\n|move|p2a: Heatran|Earth Power|p1a: Erebus\n|-immune|p1a: Erebus\n|\n|-heal|p2a: Heatran|87\/100|[from] Grassy Terrain\n|-heal|p2a: Heatran|93\/100|[from] item: Leftovers\n|-fieldend|move: Grassy Terrain\n|upkeep\n|turn|16\n|\n|t:|1699974694\n|move|p1a: Erebus|Taunt|p2a: Heatran\n|-start|p2a: Heatran|move: Taunt\n|move|p2a: Heatran|Magma Storm|p1a: Erebus\n|-damage|p1a: Erebus|68\/100\n|-activate|p1a: Erebus|move: Magma Storm|[of] p2a: Heatran\n|\n|-heal|p2a: Heatran|99\/100|[from] item: Leftovers\n|-damage|p1a: Erebus|55\/100|[from] move: Magma Storm|[partiallytrapped]\n|upkeep\n|turn|17\n|inactive|yeexle has 120 seconds left.\n|\n|t:|1699974737\n|move|p1a: Erebus|Hurricane|p2a: Heatran\n|-supereffective|p2a: Heatran\n|-damage|p2a: Heatran|46\/100\n|-start|p2a: Heatran|confusion\n|-activate|p2a: Heatran|confusion\n|move|p2a: Heatran|Magma Storm|p1a: Erebus|[miss]\n|-miss|p2a: Heatran|p1a: Erebus\n|\n|-heal|p2a: Heatran|52\/100|[from] item: Leftovers\n|-damage|p1a: Erebus|43\/100|[from] move: Magma Storm|[partiallytrapped]\n|upkeep\n|turn|18\n|\n|t:|1699974746\n|move|p1a: Erebus|U-turn|p2a: Heatran\n|-supereffective|p2a: Heatran\n|-damage|p2a: Heatran|31\/100\n|\n|t:|1699974768\n|switch|p1a: Wolverine|Sneasler, M, shiny|100\/100|[from] U-turn\n|-activate|p2a: Heatran|confusion\n|move|p2a: Heatran|Magma Storm|p1a: Wolverine\n|-damage|p1a: Wolverine|46\/100\n|-activate|p1a: Wolverine|move: Magma Storm|[of] p2a: Heatran\n|\n|-heal|p2a: Heatran|37\/100|[from] item: Leftovers\n|-damage|p1a: Wolverine|33\/100|[from] move: Magma Storm|[partiallytrapped]\n|-end|p2a: Heatran|move: Taunt\n|upkeep\n|turn|19\n|\n|t:|1699974775\n|move|p1a: Wolverine|Fake Out|p2a: Heatran\n|-crit|p2a: Heatran\n|-damage|p2a: Heatran|19\/100\n|cant|p2a: Heatran|flinch\n|\n|-heal|p2a: Heatran|25\/100|[from] item: Leftovers\n|-damage|p1a: Wolverine|21\/100|[from] move: Magma Storm|[partiallytrapped]\n|upkeep\n|turn|20\n|\n|t:|1699974778\n|move|p1a: Wolverine|U-turn|p2a: Heatran\n|-supereffective|p2a: Heatran\n|-damage|p2a: Heatran|0 fnt\n|faint|p2a: Heatran\n|\n|t:|1699974787\n|switch|p1a: Erebus|Moltres-Galar|43\/100|[from] U-turn\n|\n|upkeep\n|\n|t:|1699974794\n|switch|p2a: Enamorus|Enamorus, F|100\/100\n|turn|21\n|\n|t:|1699974802\n|switch|p1a: Del Sol|Ceruledge, M|97\/100\n|move|p2a: Enamorus|Moonblast|p1a: Del Sol\n|-resisted|p1a: Del Sol\n|-damage|p1a: Del Sol|71\/100\n|-unboost|p1a: Del Sol|spa|1\n|\n|upkeep\n|turn|22\n|\n|t:|1699974808\n|move|p2a: Enamorus|Moonblast|p1a: Del Sol\n|-resisted|p1a: Del Sol\n|-damage|p1a: Del Sol|49\/100\n|-unboost|p1a: Del Sol|spa|1\n|move|p1a: Del Sol|Bitter Blade|p2a: Enamorus\n|-damage|p2a: Enamorus|0 fnt\n|-heal|p1a: Del Sol|98\/100|[from] drain|[of] p2a: Enamorus\n|faint|p2a: Enamorus\n|-damage|p1a: Del Sol|88\/100|[from] item: Life Orb\n|\n|upkeep\n|\n|t:|1699974816\n|switch|p2a: devindian|Kingambit, F|100\/100\n|-activate|p2a: devindian|ability: Supreme Overlord\n|-start|p2a: devindian|fallen4|[silent]\n|turn|23\n|\n|t:|1699974822\n|-terastallize|p1a: Del Sol|Dark\n|move|p2a: devindian|Sucker Punch|p1a: Del Sol\n|-resisted|p1a: Del Sol\n|-damage|p1a: Del Sol|48\/100\n|move|p1a: Del Sol|Brick Break|p2a: devindian\n|-supereffective|p2a: devindian\n|-damage|p2a: devindian|2\/100\n|-damage|p1a: Del Sol|38\/100|[from] item: Life Orb\n|\n|-heal|p2a: devindian|8\/100|[from] item: Leftovers\n|upkeep\n|turn|24\n|\n|t:|1699974832\n|move|p1a: Del Sol|Shadow Sneak|p2a: devindian\n|-resisted|p2a: devindian\n|-damage|p2a: devindian|0 fnt\n|faint|p2a: devindian\n|-end|p2a: devindian|fallen4|[silent]\n|-damage|p1a: Del Sol|28\/100|[from] item: Life Orb\n|\n|upkeep\n|\n|t:|1699974834\n|switch|p2a: Great Tusk|Great Tusk|100\/100\n|turn|25\n|\n|t:|1699974838\n|move|p2a: Great Tusk|Headlong Rush|p1a: Del Sol\n|-damage|p1a: Del Sol|0 fnt\n|-unboost|p2a: Great Tusk|def|1\n|-unboost|p2a: Great Tusk|spd|1\n|faint|p1a: Del Sol\n|\n|upkeep\n|\n|t:|1699974843\n|switch|p1a: Blue Shell|Chesnaught, M|90\/100\n|turn|26\n|\n|t:|1699974848\n|move|p2a: Great Tusk|Bulk Up|p2a: Great Tusk\n|-boost|p2a: Great Tusk|atk|1\n|-boost|p2a: Great Tusk|def|1\n|move|p1a: Blue Shell|Leech Seed|p2a: Great Tusk\n|-start|p2a: Great Tusk|move: Leech Seed\n|\n|-heal|p1a: Blue Shell|97\/100|[from] item: Leftovers\n|-damage|p2a: Great Tusk|88\/100|[from] Leech Seed|[of] p1a: Blue Shell\n|-heal|p1a: Blue Shell|100\/100|[silent]\n|upkeep\n|turn|27\n|\n|t:|1699974859\n|switch|p1a: Erebus|Moltres-Galar|43\/100\n|move|p2a: Great Tusk|Rapid Spin|p1a: Erebus\n|-damage|p1a: Erebus|18\/100\n|-boost|p2a: Great Tusk|spe|1\n|-end|p2a: Great Tusk|Leech Seed|[from] move: Rapid Spin|[of] p2a: Great Tusk\n|\n|-heal|p2a: Great Tusk|94\/100|[from] item: Leftovers\n|upkeep\n|turn|28\n|\n|t:|1699974869\n|move|p2a: Great Tusk|Rapid Spin|p1a: Erebus\n|-damage|p1a: Erebus|0 fnt\n|-boost|p2a: Great Tusk|spe|1\n|faint|p1a: Erebus\n|\n|-heal|p2a: Great Tusk|100\/100|[from] item: Leftovers\n|upkeep\n|\n|t:|1699974873\n|switch|p1a: Blue Shell|Chesnaught, M|100\/100\n|turn|29\n|\n|t:|1699974880\n|move|p2a: Great Tusk|Ice Spinner|p1a: Blue Shell\n|-supereffective|p1a: Blue Shell\n|-damage|p1a: Blue Shell|58\/100\n|move|p1a: Blue Shell|Leech Seed|p2a: Great Tusk\n|-start|p2a: Great Tusk|move: Leech Seed\n|\n|-heal|p1a: Blue Shell|64\/100|[from] item: Leftovers\n|-damage|p2a: Great Tusk|88\/100|[from] Leech Seed|[of] p1a: Blue Shell\n|-heal|p1a: Blue Shell|79\/100|[silent]\n|upkeep\n|turn|30\n|\n|t:|1699974887\n|move|p1a: Blue Shell|Spiky Shield|p1a: Blue Shell\n|-singleturn|p1a: Blue Shell|move: Protect\n|move|p2a: Great Tusk|Bulk Up|p2a: Great Tusk\n|-boost|p2a: Great Tusk|atk|1\n|-boost|p2a: Great Tusk|def|1\n|\n|-heal|p2a: Great Tusk|94\/100|[from] item: Leftovers\n|-heal|p1a: Blue Shell|85\/100|[from] item: Leftovers\n|-damage|p2a: Great Tusk|82\/100|[from] Leech Seed|[of] p1a: Blue Shell\n|-heal|p1a: Blue Shell|99\/100|[silent]\n|upkeep\n|turn|31\n|\n|t:|1699974892\n|move|p2a: Great Tusk|Ice Spinner|p1a: Blue Shell\n|-supereffective|p1a: Blue Shell\n|-crit|p1a: Blue Shell\n|-damage|p1a: Blue Shell|25\/100\n|move|p1a: Blue Shell|Leech Seed||[still]\n|-fail|p1a: Blue Shell\n|\n|-heal|p2a: Great Tusk|88\/100|[from] item: Leftovers\n|-heal|p1a: Blue Shell|31\/100|[from] item: Leftovers\n|-damage|p2a: Great Tusk|76\/100|[from] Leech Seed|[of] p1a: Blue Shell\n|-heal|p1a: Blue Shell|46\/100|[silent]\n|upkeep\n|turn|32\n|\n|t:|1699974898\n|move|p2a: Great Tusk|Ice Spinner|p1a: Blue Shell\n|-supereffective|p1a: Blue Shell\n|-damage|p1a: Blue Shell|0 fnt\n|faint|p1a: Blue Shell\n|\n|-heal|p2a: Great Tusk|82\/100|[from] item: Leftovers\n|upkeep\n|\n|t:|1699974905\n|switch|p1a: Wolverine|Sneasler, M, shiny|21\/100\n|turn|33\n|\n|t:|1699974913\n|move|p1a: Wolverine|Fake Out|p2a: Great Tusk\n|-damage|p2a: Great Tusk|76\/100\n|cant|p2a: Great Tusk|flinch\n|\n|-heal|p2a: Great Tusk|83\/100|[from] item: Leftovers\n|-damage|p2a: Great Tusk|70\/100|[from] Leech Seed|[of] p1a: Wolverine\n|-heal|p1a: Wolverine|39\/100|[silent]\n|upkeep\n|turn|34\n|-message|RuSh1629 forfeited.\n|\n|win|yeexle\n|raw|RuSh1629's rating: 1207 &rarr; <strong>1186<\/strong><br \/>(-21 for losing)\n|raw|yeexle's rating: 1265 &rarr; <strong>1286<\/strong><br \/>(+21 for winning)\n|l|\u2606RuSh1629\n","uploadtime":1699974931,"views":7,"p1id":"rush1629","p2id":"yeexle","formatid":"gen9ou","rating":1186,"private":0,"password":""}