{"id":"gen9ou-2000398603","p1":"RPGKing2000","p2":"A GEN C PABU 22","format":"[Gen 9] OU","log":"|j|\u2606RPGKing2000\n|j|\u2606A GEN C PABU 22\n|t:|1701191498\n|gametype|singles\n|player|p1|RPGKing2000|roughneck|1608\n|player|p2|A GEN C PABU 22|blue-gen2|1657\n|teamsize|p1|6\n|teamsize|p2|6\n|gen|9\n|tier|[Gen 9] OU\n|rated|\n|rule|Sleep Clause Mod: Limit one foe put to sleep\n|rule|Species Clause: Limit one of each Pok\u00e9mon\n|rule|OHKO Clause: OHKO moves are banned\n|rule|Evasion Items Clause: Evasion items are banned\n|rule|Evasion Moves Clause: Evasion moves are banned\n|rule|Endless Battle Clause: Forcing endless battles is banned\n|rule|HP Percentage Mod: HP is shown in percentages\n|clearpoke\n|poke|p1|Sinistcha|\n|poke|p1|Zapdos|\n|poke|p1|Heatran, M|\n|poke|p1|Great Tusk|\n|poke|p1|Zamazenta-*|\n|poke|p1|Hatterene, F|\n|poke|p2|Wo-Chien|\n|poke|p2|Talonflame, F|\n|poke|p2|Alomomola, F|\n|poke|p2|Blissey, F|\n|poke|p2|Cyclizar, M|\n|poke|p2|Clodsire, M|\n|teampreview\n|inactive|Battle timer is ON: inactive players will automatically lose when time's up. (requested by A GEN C PABU 22)\n|\n|t:|1701191519\n|start\n|switch|p1a: Zapdos|Zapdos|100\/100\n|switch|p2a: Blissey|Blissey, F|100\/100\n|turn|1\n|\n|t:|1701191526\n|switch|p2a: Clodsire|Clodsire, M|100\/100\n|move|p1a: Zapdos|Volt Switch|p2a: Clodsire\n|-immune|p2a: Clodsire\n|\n|upkeep\n|turn|2\n|\n|t:|1701191532\n|switch|p1a: Hatterene|Hatterene, F|100\/100\n|move|p2a: Clodsire|Poison Jab|p1a: Hatterene\n|-supereffective|p1a: Hatterene\n|-damage|p1a: Hatterene|66\/100\n|\n|-heal|p1a: Hatterene|72\/100|[from] item: Leftovers\n|upkeep\n|turn|3\n|\n|t:|1701191541\n|switch|p2a: Wo-Chien|Wo-Chien|100\/100\n|-ability|p2a: Wo-Chien|Tablets of Ruin\n|move|p1a: Hatterene|Psyshock|p2a: Wo-Chien\n|-immune|p2a: Wo-Chien\n|\n|-heal|p1a: Hatterene|78\/100|[from] item: Leftovers\n|upkeep\n|turn|4\n|\n|t:|1701191545\n|move|p2a: Wo-Chien|Knock Off|p1a: Hatterene\n|-damage|p1a: Hatterene|52\/100\n|-enditem|p1a: Hatterene|Leftovers|[from] move: Knock Off|[of] p2a: Wo-Chien\n|move|p1a: Hatterene|Nuzzle|p2a: Wo-Chien\n|-resisted|p2a: Wo-Chien\n|-damage|p2a: Wo-Chien|99\/100\n|-status|p2a: Wo-Chien|par\n|\n|-heal|p2a: Wo-Chien|100\/100 par|[from] item: Leftovers\n|upkeep\n|turn|5\n|\n|t:|1701191553\n|move|p1a: Hatterene|Calm Mind|p1a: Hatterene\n|-boost|p1a: Hatterene|spa|1\n|-boost|p1a: Hatterene|spd|1\n|move|p2a: Wo-Chien|Knock Off|p1a: Hatterene\n|-damage|p1a: Hatterene|36\/100\n|\n|upkeep\n|turn|6\n|\n|t:|1701191563\n|-terastallize|p2a: Wo-Chien|Poison\n|move|p1a: Hatterene|Draining Kiss|p2a: Wo-Chien\n|-resisted|p2a: Wo-Chien\n|-damage|p2a: Wo-Chien|89\/100 par\n|-heal|p1a: Hatterene|46\/100|[from] drain|[of] p2a: Wo-Chien\n|move|p2a: Wo-Chien|Foul Play|p1a: Hatterene\n|-damage|p1a: Hatterene|23\/100\n|\n|-heal|p2a: Wo-Chien|95\/100 par|[from] item: Leftovers\n|upkeep\n|turn|7\n|j| Tentro3095\n|\n|t:|1701191570\n|move|p1a: Hatterene|Psyshock|p2a: Wo-Chien\n|-supereffective|p2a: Wo-Chien\n|-damage|p2a: Wo-Chien|23\/100 par\n|move|p2a: Wo-Chien|Foul Play|p1a: Hatterene\n|-damage|p1a: Hatterene|0 fnt\n|faint|p1a: Hatterene\n|\n|-heal|p2a: Wo-Chien|29\/100 par|[from] item: Leftovers\n|upkeep\n|l| Tentro3095\n|\n|t:|1701191591\n|switch|p1a: Zapdos|Zapdos|100\/100\n|turn|8\n|\n|t:|1701191598\n|switch|p2a: Clodsire|Clodsire, M|100\/100\n|move|p1a: Zapdos|Volt Switch|p2a: Clodsire\n|-immune|p2a: Clodsire\n|\n|upkeep\n|turn|9\n|\n|t:|1701191605\n|switch|p1a: Great Tusk|Great Tusk|100\/100\n|-enditem|p1a: Great Tusk|Booster Energy\n|-activate|p1a: Great Tusk|ability: Protosynthesis|[fromitem]\n|-start|p1a: Great Tusk|protosynthesisatk\n|move|p2a: Clodsire|Spikes|p1a: Great Tusk\n|-sidestart|p1: RPGKing2000|Spikes\n|\n|upkeep\n|turn|10\n|\n|t:|1701191608\n|switch|p2a: Talonflame|Talonflame, F|100\/100\n|move|p1a: Great Tusk|Rapid Spin|p2a: Talonflame\n|-damage|p2a: Talonflame|79\/100\n|-boost|p1a: Great Tusk|spe|1\n|-sideend|p1: RPGKing2000|Spikes|[from] move: Rapid Spin|[of] p1a: Great Tusk\n|\n|upkeep\n|turn|11\n|\n|t:|1701191614\n|move|p1a: Great Tusk|Ice Spinner|p2a: Talonflame\n|-damage|p2a: Talonflame|44\/100\n|-status|p1a: Great Tusk|brn|[from] ability: Flame Body|[of] p2a: Talonflame\n|move|p2a: Talonflame|Will-O-Wisp|p1a: Great Tusk\n|-fail|p1a: Great Tusk|brn\n|\n|-damage|p1a: Great Tusk|94\/100 brn|[from] brn\n|upkeep\n|turn|12\n|\n|t:|1701191620\n|-end|p1a: Great Tusk|Protosynthesis|[silent]\n|switch|p1a: Heatran|Heatran, M|100\/100\n|move|p2a: Talonflame|Roost|p2a: Talonflame\n|-heal|p2a: Talonflame|94\/100\n|-singleturn|p2a: Talonflame|move: Roost\n|\n|upkeep\n|turn|13\n|\n|t:|1701191628\n|switch|p2a: Blissey|Blissey, F|100\/100\n|move|p1a: Heatran|Stealth Rock|p2a: Blissey\n|-sidestart|p2: A GEN C PABU 22|move: Stealth Rock\n|\n|upkeep\n|turn|14\n|\n|t:|1701191636\n|switch|p1a: Great Tusk|Great Tusk|94\/100 brn\n|move|p2a: Blissey|Stealth Rock|p1a: Great Tusk\n|-sidestart|p1: RPGKing2000|move: Stealth Rock\n|\n|-damage|p1a: Great Tusk|88\/100 brn|[from] brn\n|upkeep\n|turn|15\n|\n|t:|1701191641\n|move|p1a: Great Tusk|Rapid Spin|p2a: Blissey\n|-damage|p2a: Blissey|91\/100\n|-boost|p1a: Great Tusk|spe|1\n|-sideend|p1: RPGKing2000|Stealth Rock|[from] move: Rapid Spin|[of] p1a: Great Tusk\n|move|p2a: Blissey|Seismic Toss|p1a: Great Tusk\n|-damage|p1a: Great Tusk|61\/100 brn\n|\n|-damage|p1a: Great Tusk|55\/100 brn|[from] brn\n|upkeep\n|turn|16\n|\n|t:|1701191645\n|move|p1a: Great Tusk|Close Combat|p2a: Blissey\n|-supereffective|p2a: Blissey\n|-damage|p2a: Blissey|21\/100\n|-unboost|p1a: Great Tusk|def|1\n|-unboost|p1a: Great Tusk|spd|1\n|move|p2a: Blissey|Stealth Rock|p1a: Great Tusk\n|-sidestart|p1: RPGKing2000|move: Stealth Rock\n|\n|-damage|p1a: Great Tusk|49\/100 brn|[from] brn\n|upkeep\n|turn|17\n|\n|t:|1701191652\n|switch|p2a: Alomomola|Alomomola, F|100\/100\n|-damage|p2a: Alomomola|88\/100|[from] Stealth Rock\n|move|p1a: Great Tusk|Rapid Spin|p2a: Alomomola\n|-damage|p2a: Alomomola|84\/100\n|-boost|p1a: Great Tusk|spe|1\n|-damage|p1a: Great Tusk|32\/100 brn|[from] item: Rocky Helmet|[of] p2a: Alomomola\n|-sideend|p1: RPGKing2000|Stealth Rock|[from] move: Rapid Spin|[of] p1a: Great Tusk\n|\n|-damage|p1a: Great Tusk|26\/100 brn|[from] brn\n|upkeep\n|turn|18\n|\n|t:|1701191665\n|-end|p1a: Great Tusk|Protosynthesis|[silent]\n|switch|p1a: Sinistcha|Sinistcha|100\/100\n|move|p2a: Alomomola|Wish|p2a: Alomomola\n|\n|upkeep\n|turn|19\n|\n|t:|1701191669\n|switch|p2a: Blissey|Blissey, F|21\/100\n|move|p1a: Sinistcha|Calm Mind|p1a: Sinistcha\n|-boost|p1a: Sinistcha|spa|1\n|-boost|p1a: Sinistcha|spd|1\n|\n|-heal|p2a: Blissey|62\/100|[from] move: Wish|[wisher] Alomomola\n|upkeep\n|turn|20\n|j| vegemite360\n|l| vegemite360\n|\n|t:|1701191676\n|move|p1a: Sinistcha|Calm Mind|p1a: Sinistcha\n|-boost|p1a: Sinistcha|spa|1\n|-boost|p1a: Sinistcha|spd|1\n|move|p2a: Blissey|Calm Mind|p2a: Blissey\n|-boost|p2a: Blissey|spa|1\n|-boost|p2a: Blissey|spd|1\n|\n|upkeep\n|turn|21\n|\n|t:|1701191682\n|switch|p1a: Great Tusk|Great Tusk|26\/100 brn\n|switch|p2a: Clodsire|Clodsire, M|100\/100\n|-damage|p2a: Clodsire|94\/100|[from] Stealth Rock\n|\n|-heal|p2a: Clodsire|100\/100|[from] item: Leftovers\n|-damage|p1a: Great Tusk|20\/100 brn|[from] brn\n|upkeep\n|turn|22\n|\n|t:|1701191687\n|move|p1a: Great Tusk|Headlong Rush|p2a: Clodsire\n|-supereffective|p2a: Clodsire\n|-crit|p2a: Clodsire\n|-damage|p2a: Clodsire|27\/100\n|-unboost|p1a: Great Tusk|def|1\n|-unboost|p1a: Great Tusk|spd|1\n|move|p2a: Clodsire|Poison Jab|p1a: Great Tusk\n|-resisted|p1a: Great Tusk\n|-damage|p1a: Great Tusk|12\/100 brn\n|\n|-heal|p2a: Clodsire|34\/100|[from] item: Leftovers\n|-damage|p1a: Great Tusk|5\/100 brn|[from] brn\n|upkeep\n|turn|23\n|\n|t:|1701191696\n|switch|p2a: Talonflame|Talonflame, F|94\/100\n|move|p1a: Great Tusk|Rapid Spin|p2a: Talonflame\n|-damage|p2a: Talonflame|85\/100\n|-boost|p1a: Great Tusk|spe|1\n|\n|-damage|p1a: Great Tusk|0 fnt|[from] brn\n|faint|p1a: Great Tusk\n|-end|p1a: Great Tusk|Protosynthesis|[silent]\n|upkeep\n|\n|t:|1701191712\n|switch|p1a: Zapdos|Zapdos|100\/100\n|turn|24\n|\n|t:|1701191717\n|switch|p2a: Blissey|Blissey, F|62\/100\n|move|p1a: Zapdos|Hurricane|p2a: Blissey|[miss]\n|-miss|p1a: Zapdos|p2a: Blissey\n|\n|upkeep\n|turn|25\n|\n|t:|1701191728\n|move|p1a: Zapdos|Volt Switch|p2a: Blissey\n|-damage|p2a: Blissey|51\/100\n|\n|t:|1701191731\n|switch|p1a: Zamazenta|Zamazenta|100\/100|[from] Volt Switch\n|-ability|p1a: Zamazenta|Dauntless Shield|boost\n|-boost|p1a: Zamazenta|def|1\n|move|p2a: Blissey|Soft-Boiled|p2a: Blissey\n|-heal|p2a: Blissey|100\/100\n|\n|upkeep\n|turn|26\n|\n|t:|1701191739\n|switch|p2a: Talonflame|Talonflame, F|85\/100\n|move|p1a: Zamazenta|Crunch|p2a: Talonflame\n|-damage|p2a: Talonflame|66\/100\n|-status|p1a: Zamazenta|brn|[from] ability: Flame Body|[of] p2a: Talonflame\n|\n|-damage|p1a: Zamazenta|94\/100 brn|[from] brn\n|upkeep\n|turn|27\n|\n|t:|1701191745\n|move|p1a: Zamazenta|Substitute|p1a: Zamazenta\n|-start|p1a: Zamazenta|Substitute\n|-damage|p1a: Zamazenta|69\/100 brn\n|move|p2a: Talonflame|Defog|p1a: Zamazenta\n|-sideend|p2: A GEN C PABU 22|Stealth Rock|[from] move: Defog|[of] p2a: Talonflame\n|\n|-heal|p1a: Zamazenta|76\/100 brn|[from] item: Leftovers\n|-damage|p1a: Zamazenta|69\/100 brn|[from] brn\n|upkeep\n|turn|28\n|\n|t:|1701191747\n|move|p1a: Zamazenta|Iron Defense|p1a: Zamazenta\n|-boost|p1a: Zamazenta|def|2\n|move|p2a: Talonflame|Flamethrower|p1a: Zamazenta\n|-activate|p1a: Zamazenta|move: Substitute|[damage]\n|\n|-heal|p1a: Zamazenta|76\/100 brn|[from] item: Leftovers\n|-damage|p1a: Zamazenta|69\/100 brn|[from] brn\n|upkeep\n|turn|29\n|\n|t:|1701191751\n|move|p1a: Zamazenta|Iron Defense|p1a: Zamazenta\n|-boost|p1a: Zamazenta|def|2\n|move|p2a: Talonflame|Flamethrower|p1a: Zamazenta\n|-end|p1a: Zamazenta|Substitute\n|\n|-heal|p1a: Zamazenta|76\/100 brn|[from] item: Leftovers\n|-damage|p1a: Zamazenta|69\/100 brn|[from] brn\n|upkeep\n|turn|30\n|\n|t:|1701191760\n|move|p1a: Zamazenta|Body Press|p2a: Talonflame\n|-resisted|p2a: Talonflame\n|-crit|p2a: Talonflame\n|-damage|p2a: Talonflame|29\/100\n|move|p2a: Talonflame|Flamethrower|p1a: Zamazenta\n|-damage|p1a: Zamazenta|51\/100 brn\n|\n|-heal|p1a: Zamazenta|58\/100 brn|[from] item: Leftovers\n|-damage|p1a: Zamazenta|51\/100 brn|[from] brn\n|upkeep\n|turn|31\n|\n|t:|1701191767\n|move|p1a: Zamazenta|Body Press|p2a: Talonflame\n|-resisted|p2a: Talonflame\n|-damage|p2a: Talonflame|2\/100\n|move|p2a: Talonflame|Roost|p2a: Talonflame\n|-heal|p2a: Talonflame|52\/100\n|-singleturn|p2a: Talonflame|move: Roost\n|\n|-heal|p1a: Zamazenta|58\/100 brn|[from] item: Leftovers\n|-damage|p1a: Zamazenta|51\/100 brn|[from] brn\n|upkeep\n|turn|32\n|\n|t:|1701191769\n|move|p1a: Zamazenta|Iron Defense|p1a: Zamazenta\n|-boost|p1a: Zamazenta|def|1\n|move|p2a: Talonflame|Roost|p2a: Talonflame\n|-heal|p2a: Talonflame|100\/100\n|-singleturn|p2a: Talonflame|move: Roost\n|\n|-heal|p1a: Zamazenta|58\/100 brn|[from] item: Leftovers\n|-damage|p1a: Zamazenta|51\/100 brn|[from] brn\n|upkeep\n|turn|33\n|\n|t:|1701191775\n|move|p1a: Zamazenta|Body Press|p2a: Talonflame\n|-resisted|p2a: Talonflame\n|-damage|p2a: Talonflame|73\/100\n|move|p2a: Talonflame|Flamethrower|p1a: Zamazenta\n|-damage|p1a: Zamazenta|31\/100 brn\n|\n|-heal|p1a: Zamazenta|37\/100 brn|[from] item: Leftovers\n|-damage|p1a: Zamazenta|31\/100 brn|[from] brn\n|upkeep\n|turn|34\n|\n|t:|1701191783\n|switch|p1a: Zapdos|Zapdos|100\/100\n|move|p2a: Talonflame|Roost|p2a: Talonflame\n|-heal|p2a: Talonflame|100\/100\n|-singleturn|p2a: Talonflame|move: Roost\n|\n|upkeep\n|turn|35\n|\n|t:|1701191787\n|switch|p2a: Blissey|Blissey, F|100\/100\n|move|p1a: Zapdos|Volt Switch|p2a: Blissey\n|-damage|p2a: Blissey|89\/100\n|\n|t:|1701191805\n|switch|p1a: Heatran|Heatran, M|100\/100|[from] Volt Switch\n|\n|upkeep\n|turn|36\n|\n|t:|1701191809\n|move|p1a: Heatran|Stealth Rock|p2a: Blissey\n|-sidestart|p2: A GEN C PABU 22|move: Stealth Rock\n|move|p2a: Blissey|Stealth Rock|p1a: Heatran\n|-sidestart|p1: RPGKing2000|move: Stealth Rock\n|\n|upkeep\n|turn|37\n|\n|t:|1701191814\n|move|p1a: Heatran|Magma Storm|p2a: Blissey\n|-damage|p2a: Blissey|76\/100\n|-activate|p2a: Blissey|move: Magma Storm|[of] p1a: Heatran\n|move|p2a: Blissey|Seismic Toss|p1a: Heatran\n|-damage|p1a: Heatran|75\/100\n|\n|-heal|p1a: Heatran|81\/100|[from] item: Leftovers\n|-damage|p2a: Blissey|63\/100|[from] move: Magma Storm|[partiallytrapped]\n|upkeep\n|turn|38\n|\n|t:|1701191820\n|move|p1a: Heatran|Earth Power|p2a: Blissey\n|-damage|p2a: Blissey|56\/100\n|move|p2a: Blissey|Calm Mind|p2a: Blissey\n|-boost|p2a: Blissey|spa|1\n|-boost|p2a: Blissey|spd|1\n|\n|-heal|p1a: Heatran|87\/100|[from] item: Leftovers\n|-damage|p2a: Blissey|44\/100|[from] move: Magma Storm|[partiallytrapped]\n|upkeep\n|turn|39\n|\n|t:|1701191824\n|move|p1a: Heatran|Magma Storm|p2a: Blissey\n|-damage|p2a: Blissey|35\/100\n|move|p2a: Blissey|Soft-Boiled|p2a: Blissey\n|-heal|p2a: Blissey|85\/100\n|\n|-heal|p1a: Heatran|93\/100|[from] item: Leftovers\n|-damage|p2a: Blissey|72\/100|[from] move: Magma Storm|[partiallytrapped]\n|upkeep\n|turn|40\n|\n|t:|1701191826\n|move|p1a: Heatran|Earth Power|p2a: Blissey\n|-crit|p2a: Blissey\n|-damage|p2a: Blissey|60\/100\n|move|p2a: Blissey|Calm Mind|p2a: Blissey\n|-boost|p2a: Blissey|spa|1\n|-boost|p2a: Blissey|spd|1\n|\n|-heal|p1a: Heatran|99\/100|[from] item: Leftovers\n|-damage|p2a: Blissey|48\/100|[from] move: Magma Storm|[partiallytrapped]\n|upkeep\n|turn|41\n|\n|t:|1701191832\n|move|p1a: Heatran|Earth Power|p2a: Blissey\n|-damage|p2a: Blissey|44\/100\n|move|p2a: Blissey|Soft-Boiled|p2a: Blissey\n|-heal|p2a: Blissey|94\/100\n|\n|-heal|p1a: Heatran|100\/100|[from] item: Leftovers\n|-end|p2a: Blissey|Magma Storm|[partiallytrapped]\n|upkeep\n|turn|42\n|\n|t:|1701191837\n|move|p1a: Heatran|Magma Storm|p2a: Blissey\n|-damage|p2a: Blissey|88\/100\n|-activate|p2a: Blissey|move: Magma Storm|[of] p1a: Heatran\n|move|p2a: Blissey|Seismic Toss|p1a: Heatran\n|-damage|p1a: Heatran|75\/100\n|-status|p2a: Blissey|brn|[from] ability: Flame Body|[of] p1a: Heatran\n|\n|-heal|p1a: Heatran|81\/100|[from] item: Leftovers\n|-damage|p2a: Blissey|82\/100 brn|[from] brn\n|-damage|p2a: Blissey|69\/100 brn|[from] move: Magma Storm|[partiallytrapped]\n|upkeep\n|turn|43\n|j| SwabbyYabby\n|\n|t:|1701191844\n|move|p1a: Heatran|Earth Power|p2a: Blissey\n|-damage|p2a: Blissey|65\/100 brn\n|move|p2a: Blissey|Seismic Toss|p1a: Heatran\n|-damage|p1a: Heatran|55\/100\n|\n|-heal|p1a: Heatran|61\/100|[from] item: Leftovers\n|-damage|p2a: Blissey|59\/100 brn|[from] brn\n|-damage|p2a: Blissey|47\/100 brn|[from] move: Magma Storm|[partiallytrapped]\n|upkeep\n|turn|44\n|j| Rheinhardt\n|\n|t:|1701191850\n|switch|p1a: Zamazenta|Zamazenta|31\/100 brn\n|-damage|p1a: Zamazenta|25\/100 brn|[from] Stealth Rock\n|move|p2a: Blissey|Soft-Boiled|p2a: Blissey\n|-heal|p2a: Blissey|97\/100 brn\n|\n|-heal|p1a: Zamazenta|31\/100 brn|[from] item: Leftovers\n|-damage|p1a: Zamazenta|25\/100 brn|[from] brn\n|-damage|p2a: Blissey|91\/100 brn|[from] brn\n|-end|p2a: Blissey|Magma Storm|[partiallytrapped]|[silent]\n|upkeep\n|turn|45\n|\n|t:|1701191855\n|move|p1a: Zamazenta|Body Press|p2a: Blissey\n|-supereffective|p2a: Blissey\n|-damage|p2a: Blissey|58\/100 brn\n|move|p2a: Blissey|Seismic Toss|p1a: Zamazenta\n|-damage|p1a: Zamazenta|0 fnt\n|faint|p1a: Zamazenta\n|\n|-damage|p2a: Blissey|52\/100 brn|[from] brn\n|upkeep\n|\n|t:|1701191860\n|switch|p1a: Sinistcha|Sinistcha|100\/100\n|-damage|p1a: Sinistcha|88\/100|[from] Stealth Rock\n|turn|46\n|\n|t:|1701191867\n|-curestatus|p2a: Blissey|brn|[from] ability: Natural Cure\n|switch|p2a: Cyclizar|Cyclizar, M|100\/100\n|move|p1a: Sinistcha|Calm Mind|p1a: Sinistcha\n|-boost|p1a: Sinistcha|spa|1\n|-boost|p1a: Sinistcha|spd|1\n|\n|-heal|p1a: Sinistcha|94\/100|[from] item: Leftovers\n|upkeep\n|turn|47\n|\n|t:|1701191875\n|move|p2a: Cyclizar|Knock Off|p1a: Sinistcha\n|-supereffective|p1a: Sinistcha\n|-damage|p1a: Sinistcha|60\/100\n|-enditem|p1a: Sinistcha|Leftovers|[from] move: Knock Off|[of] p2a: Cyclizar\n|move|p1a: Sinistcha|Matcha Gotcha|p2a: Cyclizar\n|-resisted|p2a: Cyclizar\n|-damage|p2a: Cyclizar|76\/100\n|-heal|p1a: Sinistcha|73\/100|[from] drain|[of] p2a: Cyclizar\n|-status|p2a: Cyclizar|brn\n|\n|-damage|p2a: Cyclizar|70\/100 brn|[from] brn\n|upkeep\n|turn|48\n|j| vegemite360\n|\n|t:|1701191880\n|move|p2a: Cyclizar|U-turn|p1a: Sinistcha\n|-damage|p1a: Sinistcha|67\/100\n|\n|t:|1701191882\n|switch|p2a: Clodsire|Clodsire, M|34\/100|[from] U-turn\n|-damage|p2a: Clodsire|27\/100|[from] Stealth Rock\n|move|p1a: Sinistcha|Calm Mind|p1a: Sinistcha\n|-boost|p1a: Sinistcha|spa|1\n|-boost|p1a: Sinistcha|spd|1\n|\n|-heal|p2a: Clodsire|34\/100|[from] item: Leftovers\n|upkeep\n|turn|49\n|\n|t:|1701191891\n|move|p1a: Sinistcha|Matcha Gotcha|p2a: Clodsire\n|-damage|p2a: Clodsire|9\/100\n|-heal|p1a: Sinistcha|84\/100|[from] drain|[of] p2a: Clodsire\n|move|p2a: Clodsire|Recover|p2a: Clodsire\n|-heal|p2a: Clodsire|59\/100\n|\n|-heal|p2a: Clodsire|65\/100|[from] item: Leftovers\n|upkeep\n|turn|50\n|\n|t:|1701191895\n|move|p1a: Sinistcha|Matcha Gotcha|p2a: Clodsire\n|-damage|p2a: Clodsire|42\/100\n|-heal|p1a: Sinistcha|99\/100|[from] drain|[of] p2a: Clodsire\n|-status|p2a: Clodsire|brn\n|move|p2a: Clodsire|Poison Jab|p1a: Sinistcha\n|-damage|p1a: Sinistcha|93\/100\n|\n|-heal|p2a: Clodsire|48\/100 brn|[from] item: Leftovers\n|-damage|p2a: Clodsire|42\/100 brn|[from] brn\n|upkeep\n|turn|51\n|\n|t:|1701191907\n|switch|p1a: Heatran|Heatran, M|61\/100\n|-damage|p1a: Heatran|49\/100|[from] Stealth Rock\n|move|p2a: Clodsire|Recover|p2a: Clodsire\n|-heal|p2a: Clodsire|92\/100 brn\n|\n|-heal|p1a: Heatran|55\/100|[from] item: Leftovers\n|-heal|p2a: Clodsire|98\/100 brn|[from] item: Leftovers\n|-damage|p2a: Clodsire|92\/100 brn|[from] brn\n|upkeep\n|turn|52\n|\n|t:|1701191915\n|switch|p2a: Blissey|Blissey, F|52\/100\n|move|p1a: Heatran|Magma Storm|p2a: Blissey\n|-damage|p2a: Blissey|39\/100\n|-activate|p2a: Blissey|move: Magma Storm|[of] p1a: Heatran\n|\n|-heal|p1a: Heatran|61\/100|[from] item: Leftovers\n|-damage|p2a: Blissey|26\/100|[from] move: Magma Storm|[partiallytrapped]\n|upkeep\n|turn|53\n|\n|t:|1701191918\n|move|p1a: Heatran|Earth Power|p2a: Blissey\n|-damage|p2a: Blissey|18\/100\n|-unboost|p2a: Blissey|spd|1\n|move|p2a: Blissey|Soft-Boiled|p2a: Blissey\n|-heal|p2a: Blissey|68\/100\n|\n|-heal|p1a: Heatran|67\/100|[from] item: Leftovers\n|-damage|p2a: Blissey|56\/100|[from] move: Magma Storm|[partiallytrapped]\n|upkeep\n|turn|54\n|\n|t:|1701191923\n|move|p1a: Heatran|Earth Power|p2a: Blissey\n|-damage|p2a: Blissey|44\/100\n|-unboost|p2a: Blissey|spd|1\n|move|p2a: Blissey|Soft-Boiled|p2a: Blissey\n|-heal|p2a: Blissey|94\/100\n|\n|-heal|p1a: Heatran|74\/100|[from] item: Leftovers\n|-damage|p2a: Blissey|82\/100|[from] move: Magma Storm|[partiallytrapped]\n|upkeep\n|turn|55\n|\n|t:|1701191931\n|move|p1a: Heatran|Magma Storm|p2a: Blissey|[miss]\n|-miss|p1a: Heatran|p2a: Blissey\n|move|p2a: Blissey|Seismic Toss|p1a: Heatran\n|-damage|p1a: Heatran|48\/100\n|\n|-heal|p1a: Heatran|54\/100|[from] item: Leftovers\n|-damage|p2a: Blissey|70\/100|[from] move: Magma Storm|[partiallytrapped]\n|upkeep\n|turn|56\n|\n|t:|1701191933\n|move|p1a: Heatran|Magma Storm|p2a: Blissey|[miss]\n|-miss|p1a: Heatran|p2a: Blissey\n|move|p2a: Blissey|Seismic Toss|p1a: Heatran\n|-damage|p1a: Heatran|28\/100\n|\n|-heal|p1a: Heatran|34\/100|[from] item: Leftovers\n|-end|p2a: Blissey|Magma Storm|[partiallytrapped]\n|upkeep\n|turn|57\n|\n|t:|1701191939\n|move|p1a: Heatran|Magma Storm|p2a: Blissey|[miss]\n|-miss|p1a: Heatran|p2a: Blissey\n|move|p2a: Blissey|Seismic Toss|p1a: Heatran\n|-damage|p1a: Heatran|8\/100\n|\n|-heal|p1a: Heatran|14\/100|[from] item: Leftovers\n|upkeep\n|turn|58\n|\n|t:|1701191942\n|move|p1a: Heatran|Magma Storm|p2a: Blissey|[miss]\n|-miss|p1a: Heatran|p2a: Blissey\n|move|p2a: Blissey|Seismic Toss|p1a: Heatran\n|-damage|p1a: Heatran|0 fnt\n|faint|p1a: Heatran\n|\n|upkeep\n|\n|t:|1701191944\n|switch|p1a: Sinistcha|Sinistcha|93\/100\n|-damage|p1a: Sinistcha|80\/100|[from] Stealth Rock\n|turn|59\n|\n|t:|1701191950\n|switch|p2a: Talonflame|Talonflame, F|100\/100\n|move|p1a: Sinistcha|Calm Mind|p1a: Sinistcha\n|-boost|p1a: Sinistcha|spa|1\n|-boost|p1a: Sinistcha|spd|1\n|\n|upkeep\n|turn|60\n|\n|t:|1701191958\n|move|p2a: Talonflame|Will-O-Wisp|p1a: Sinistcha\n|-status|p1a: Sinistcha|brn\n|move|p1a: Sinistcha|Calm Mind|p1a: Sinistcha\n|-boost|p1a: Sinistcha|spa|1\n|-boost|p1a: Sinistcha|spd|1\n|\n|-damage|p1a: Sinistcha|77\/100 brn|[from] brn\n|upkeep\n|turn|61\n|\n|t:|1701191961\n|move|p2a: Talonflame|Flamethrower|p1a: Sinistcha\n|-supereffective|p1a: Sinistcha\n|-damage|p1a: Sinistcha|63\/100 brn\n|move|p1a: Sinistcha|Calm Mind|p1a: Sinistcha\n|-boost|p1a: Sinistcha|spa|1\n|-boost|p1a: Sinistcha|spd|1\n|\n|-damage|p1a: Sinistcha|60\/100 brn|[from] brn\n|upkeep\n|turn|62\n|\n|t:|1701191969\n|switch|p2a: Clodsire|Clodsire, M|92\/100 brn\n|-damage|p2a: Clodsire|85\/100 brn|[from] Stealth Rock\n|move|p1a: Sinistcha|Calm Mind|p1a: Sinistcha\n|-boost|p1a: Sinistcha|spa|1\n|-boost|p1a: Sinistcha|spd|1\n|\n|-heal|p2a: Clodsire|92\/100 brn|[from] item: Leftovers\n|-damage|p1a: Sinistcha|57\/100 brn|[from] brn\n|-damage|p2a: Clodsire|85\/100 brn|[from] brn\n|upkeep\n|turn|63\n|\n|t:|1701191973\n|move|p1a: Sinistcha|Matcha Gotcha|p2a: Clodsire\n|-damage|p2a: Clodsire|63\/100 brn\n|-heal|p1a: Sinistcha|72\/100 brn|[from] drain|[of] p2a: Clodsire\n|move|p2a: Clodsire|Poison Jab|p1a: Sinistcha\n|-damage|p1a: Sinistcha|64\/100 brn\n|\n|-heal|p2a: Clodsire|69\/100 brn|[from] item: Leftovers\n|-damage|p1a: Sinistcha|61\/100 brn|[from] brn\n|-damage|p2a: Clodsire|63\/100 brn|[from] brn\n|upkeep\n|turn|64\n|\n|t:|1701191988\n|switch|p2a: Blissey|Blissey, F|70\/100\n|move|p1a: Sinistcha|Shadow Ball|p2a: Blissey\n|-immune|p2a: Blissey\n|\n|-damage|p1a: Sinistcha|58\/100 brn|[from] brn\n|upkeep\n|turn|65\n|\n|t:|1701191991\n|move|p1a: Sinistcha|Matcha Gotcha|p2a: Blissey|[miss]\n|-miss|p1a: Sinistcha|p2a: Blissey\n|move|p2a: Blissey|Calm Mind|p2a: Blissey\n|-boost|p2a: Blissey|spa|1\n|-boost|p2a: Blissey|spd|1\n|\n|-damage|p1a: Sinistcha|55\/100 brn|[from] brn\n|upkeep\n|turn|66\n|\n|t:|1701191994\n|move|p1a: Sinistcha|Matcha Gotcha|p2a: Blissey\n|-damage|p2a: Blissey|49\/100\n|-heal|p1a: Sinistcha|74\/100 brn|[from] drain|[of] p2a: Blissey\n|move|p2a: Blissey|Calm Mind|p2a: Blissey\n|-boost|p2a: Blissey|spa|1\n|-boost|p2a: Blissey|spd|1\n|\n|-damage|p1a: Sinistcha|72\/100 brn|[from] brn\n|upkeep\n|turn|67\n|\n|t:|1701191999\n|move|p1a: Sinistcha|Calm Mind|p1a: Sinistcha\n|-boost|p1a: Sinistcha|spa|1\n|-boost|p1a: Sinistcha|spd|1\n|move|p2a: Blissey|Soft-Boiled|p2a: Blissey\n|-heal|p2a: Blissey|99\/100\n|\n|-damage|p1a: Sinistcha|69\/100 brn|[from] brn\n|upkeep\n|turn|68\n|\n|t:|1701192001\n|move|p1a: Sinistcha|Calm Mind|p1a: Sinistcha\n|-boost|p1a: Sinistcha|spa|1\n|-boost|p1a: Sinistcha|spd|1\n|move|p2a: Blissey|Calm Mind|p2a: Blissey\n|-boost|p2a: Blissey|spa|1\n|-boost|p2a: Blissey|spd|1\n|\n|-damage|p1a: Sinistcha|66\/100 brn|[from] brn\n|upkeep\n|turn|69\n|\n|t:|1701192003\n|move|p1a: Sinistcha|Matcha Gotcha|p2a: Blissey\n|-damage|p2a: Blissey|84\/100\n|-heal|p1a: Sinistcha|80\/100 brn|[from] drain|[of] p2a: Blissey\n|move|p2a: Blissey|Calm Mind|p2a: Blissey\n|-boost|p2a: Blissey|spa|1\n|-boost|p2a: Blissey|spd|1\n|\n|-damage|p1a: Sinistcha|77\/100 brn|[from] brn\n|upkeep\n|turn|70\n|\n|t:|1701192007\n|move|p1a: Sinistcha|Matcha Gotcha|p2a: Blissey\n|-damage|p2a: Blissey|72\/100\n|-heal|p1a: Sinistcha|89\/100 brn|[from] drain|[of] p2a: Blissey\n|move|p2a: Blissey|Calm Mind|p2a: Blissey\n|-boost|p2a: Blissey|spa|1\n|-boost|p2a: Blissey|spd|1\n|\n|-damage|p1a: Sinistcha|86\/100 brn|[from] brn\n|upkeep\n|turn|71\n|\n|t:|1701192011\n|move|p1a: Sinistcha|Matcha Gotcha|p2a: Blissey\n|-damage|p2a: Blissey|60\/100\n|-heal|p1a: Sinistcha|97\/100 brn|[from] drain|[of] p2a: Blissey\n|move|p2a: Blissey|Calm Mind|p2a: Blissey\n|-boost|p2a: Blissey|spa|1\n|-boost|p2a: Blissey|spd|1\n|\n|-damage|p1a: Sinistcha|94\/100 brn|[from] brn\n|upkeep\n|turn|72\n|l| Rheinhardt\n|\n|t:|1701192015\n|move|p1a: Sinistcha|Matcha Gotcha|p2a: Blissey\n|-crit|p2a: Blissey\n|-damage|p2a: Blissey|0 fnt\n|-heal|p1a: Sinistcha|100\/100 brn|[from] drain|[of] p2a: Blissey\n|faint|p2a: Blissey\n|\n|-damage|p1a: Sinistcha|98\/100 brn|[from] brn\n|upkeep\n|inactive|A GEN C PABU 22 has 120 seconds left.\n|\n|t:|1701192054\n|switch|p2a: Clodsire|Clodsire, M|63\/100 brn\n|-damage|p2a: Clodsire|57\/100 brn|[from] Stealth Rock\n|turn|73\n|\n|t:|1701192064\n|move|p1a: Sinistcha|Shadow Ball|p2a: Clodsire\n|-damage|p2a: Clodsire|31\/100 brn\n|-unboost|p2a: Clodsire|spd|1\n|move|p2a: Clodsire|Recover|p2a: Clodsire\n|-heal|p2a: Clodsire|81\/100 brn\n|\n|-heal|p2a: Clodsire|87\/100 brn|[from] item: Leftovers\n|-damage|p1a: Sinistcha|95\/100 brn|[from] brn\n|-damage|p2a: Clodsire|81\/100 brn|[from] brn\n|upkeep\n|turn|74\n|inactive|A GEN C PABU 22 has 120 seconds left.\n|\n|t:|1701192087\n|switch|p2a: Talonflame|Talonflame, F|100\/100\n|move|p1a: Sinistcha|Shadow Ball|p2a: Talonflame\n|-damage|p2a: Talonflame|0 fnt\n|faint|p2a: Talonflame\n|\n|-damage|p1a: Sinistcha|92\/100 brn|[from] brn\n|upkeep\n|\n|t:|1701192090\n|switch|p2a: Clodsire|Clodsire, M|81\/100 brn\n|-damage|p2a: Clodsire|75\/100 brn|[from] Stealth Rock\n|turn|75\n|j| Ran Kob\n|\n|t:|1701192094\n|move|p1a: Sinistcha|Shadow Ball|p2a: Clodsire\n|-damage|p2a: Clodsire|51\/100 brn\n|-unboost|p2a: Clodsire|spd|1\n|move|p2a: Clodsire|Spikes|p1a: Sinistcha\n|-sidestart|p1: RPGKing2000|Spikes\n|\n|-heal|p2a: Clodsire|57\/100 brn|[from] item: Leftovers\n|-damage|p1a: Sinistcha|89\/100 brn|[from] brn\n|-damage|p2a: Clodsire|51\/100 brn|[from] brn\n|upkeep\n|turn|76\n|\n|t:|1701192104\n|move|p1a: Sinistcha|Matcha Gotcha|p2a: Clodsire\n|-damage|p2a: Clodsire|16\/100 brn\n|-heal|p1a: Sinistcha|100\/100 brn|[from] drain|[of] p2a: Clodsire\n|move|p2a: Clodsire|Recover|p2a: Clodsire\n|-heal|p2a: Clodsire|66\/100 brn\n|\n|-heal|p2a: Clodsire|73\/100 brn|[from] item: Leftovers\n|-damage|p1a: Sinistcha|98\/100 brn|[from] brn\n|-damage|p2a: Clodsire|66\/100 brn|[from] brn\n|upkeep\n|turn|77\n|\n|t:|1701192111\n|switch|p2a: Alomomola|Alomomola, F|100\/100\n|-damage|p2a: Alomomola|88\/100|[from] Stealth Rock\n|move|p1a: Sinistcha|Shadow Ball|p2a: Alomomola\n|-damage|p2a: Alomomola|0 fnt\n|faint|p2a: Alomomola\n|\n|-damage|p1a: Sinistcha|95\/100 brn|[from] brn\n|upkeep\n|\n|t:|1701192112\n|switch|p2a: Cyclizar|Cyclizar, M|100\/100 brn\n|turn|78\n|\n|t:|1701192116\n|move|p2a: Cyclizar|Protect|p2a: Cyclizar\n|-singleturn|p2a: Cyclizar|Protect\n|move|p1a: Sinistcha|Matcha Gotcha|p2a: Cyclizar\n|-activate|p2a: Cyclizar|move: Protect\n|\n|-damage|p2a: Cyclizar|94\/100 brn|[from] brn\n|-damage|p1a: Sinistcha|92\/100 brn|[from] brn\n|upkeep\n|turn|79\n|\n|t:|1701192119\n|move|p2a: Cyclizar|U-turn|p1a: Sinistcha\n|-damage|p1a: Sinistcha|86\/100 brn\n|\n|t:|1701192123\n|switch|p2a: Clodsire|Clodsire, M|66\/100 brn|[from] U-turn\n|-damage|p2a: Clodsire|60\/100 brn|[from] Stealth Rock\n|move|p1a: Sinistcha|Matcha Gotcha|p2a: Clodsire\n|-damage|p2a: Clodsire|37\/100 brn\n|-heal|p1a: Sinistcha|100\/100 brn|[from] drain|[of] p2a: Clodsire\n|\n|-heal|p2a: Clodsire|43\/100 brn|[from] item: Leftovers\n|-damage|p1a: Sinistcha|98\/100 brn|[from] brn\n|-damage|p2a: Clodsire|37\/100 brn|[from] brn\n|upkeep\n|turn|80\n|\n|t:|1701192125\n|move|p1a: Sinistcha|Shadow Ball|p2a: Clodsire\n|-damage|p2a: Clodsire|12\/100 brn\n|move|p2a: Clodsire|Recover|p2a: Clodsire\n|-heal|p2a: Clodsire|62\/100 brn\n|\n|-heal|p2a: Clodsire|68\/100 brn|[from] item: Leftovers\n|-damage|p1a: Sinistcha|95\/100 brn|[from] brn\n|-damage|p2a: Clodsire|62\/100 brn|[from] brn\n|upkeep\n|turn|81\n|\n|t:|1701192128\n|move|p1a: Sinistcha|Shadow Ball|p2a: Clodsire\n|-crit|p2a: Clodsire\n|-damage|p2a: Clodsire|29\/100 brn\n|-unboost|p2a: Clodsire|spd|1\n|move|p2a: Clodsire|Recover|p2a: Clodsire\n|-heal|p2a: Clodsire|79\/100 brn\n|\n|-heal|p2a: Clodsire|85\/100 brn|[from] item: Leftovers\n|-damage|p1a: Sinistcha|92\/100 brn|[from] brn\n|-damage|p2a: Clodsire|79\/100 brn|[from] brn\n|upkeep\n|turn|82\n|\n|t:|1701192132\n|switch|p2a: Cyclizar|Cyclizar, M|100\/100 brn\n|move|p1a: Sinistcha|Shadow Ball|p2a: Cyclizar\n|-immune|p2a: Cyclizar\n|\n|-damage|p2a: Cyclizar|94\/100 brn|[from] brn\n|-damage|p1a: Sinistcha|89\/100 brn|[from] brn\n|upkeep\n|turn|83\n|\n|t:|1701192139\n|move|p2a: Cyclizar|U-turn|p1a: Sinistcha\n|-damage|p1a: Sinistcha|83\/100 brn\n|\n|t:|1701192140\n|switch|p2a: Clodsire|Clodsire, M|79\/100 brn|[from] U-turn\n|-damage|p2a: Clodsire|72\/100 brn|[from] Stealth Rock\n|move|p1a: Sinistcha|Matcha Gotcha|p2a: Clodsire\n|-crit|p2a: Clodsire\n|-damage|p2a: Clodsire|35\/100 brn\n|-heal|p1a: Sinistcha|100\/100 brn|[from] drain|[of] p2a: Clodsire\n|\n|-heal|p2a: Clodsire|41\/100 brn|[from] item: Leftovers\n|-damage|p1a: Sinistcha|98\/100 brn|[from] brn\n|-damage|p2a: Clodsire|35\/100 brn|[from] brn\n|upkeep\n|turn|84\n|\n|t:|1701192142\n|move|p1a: Sinistcha|Shadow Ball|p2a: Clodsire\n|-damage|p2a: Clodsire|11\/100 brn\n|move|p2a: Clodsire|Recover|p2a: Clodsire\n|-heal|p2a: Clodsire|61\/100 brn\n|\n|-heal|p2a: Clodsire|67\/100 brn|[from] item: Leftovers\n|-damage|p1a: Sinistcha|95\/100 brn|[from] brn\n|-damage|p2a: Clodsire|61\/100 brn|[from] brn\n|upkeep\n|turn|85\n|\n|t:|1701192146\n|switch|p2a: Cyclizar|Cyclizar, M|100\/100 brn\n|move|p1a: Sinistcha|Shadow Ball|p2a: Cyclizar\n|-immune|p2a: Cyclizar\n|\n|-damage|p2a: Cyclizar|94\/100 brn|[from] brn\n|-damage|p1a: Sinistcha|92\/100 brn|[from] brn\n|upkeep\n|turn|86\n|\n|t:|1701192151\n|move|p2a: Cyclizar|Protect|p2a: Cyclizar\n|-singleturn|p2a: Cyclizar|Protect\n|move|p1a: Sinistcha|Shadow Ball|p2a: Cyclizar\n|-activate|p2a: Cyclizar|move: Protect\n|\n|-damage|p2a: Cyclizar|88\/100 brn|[from] brn\n|-damage|p1a: Sinistcha|89\/100 brn|[from] brn\n|upkeep\n|turn|87\n|\n|t:|1701192154\n|move|p2a: Cyclizar|Knock Off|p1a: Sinistcha\n|-supereffective|p1a: Sinistcha\n|-damage|p1a: Sinistcha|78\/100 brn\n|move|p1a: Sinistcha|Matcha Gotcha|p2a: Cyclizar\n|-resisted|p2a: Cyclizar\n|-crit|p2a: Cyclizar\n|-damage|p2a: Cyclizar|0 fnt\n|-heal|p1a: Sinistcha|100\/100 brn|[from] drain|[of] p2a: Cyclizar\n|faint|p2a: Cyclizar\n|\n|-damage|p1a: Sinistcha|98\/100 brn|[from] brn\n|upkeep\n|\n|t:|1701192158\n|switch|p2a: Wo-Chien|Wo-Chien, tera:Poison|29\/100 par\n|-damage|p2a: Wo-Chien|17\/100 par|[from] Stealth Rock\n|-ability|p2a: Wo-Chien|Tablets of Ruin\n|turn|88\n|\n|t:|1701192167\n|move|p1a: Sinistcha|Shadow Ball|p2a: Wo-Chien\n|-damage|p2a: Wo-Chien|0 fnt\n|faint|p2a: Wo-Chien\n|\n|-damage|p1a: Sinistcha|95\/100 brn|[from] brn\n|upkeep\n|\n|t:|1701192169\n|switch|p2a: Clodsire|Clodsire, M|61\/100 brn\n|-damage|p2a: Clodsire|55\/100 brn|[from] Stealth Rock\n|turn|89\n|-message|A GEN C PABU 22 forfeited.\n|\n|win|RPGKing2000\n|raw|RPGKing2000's rating: 1608 &rarr; <strong>1631<\/strong><br \/>(+23 for winning)\n|raw|A GEN C PABU 22's rating: 1657 &rarr; <strong>1634<\/strong><br \/>(-23 for losing)\n|l|\u2606A GEN C PABU 22\n|c|\u2606RPGKing2000|stall\n|j| sdl_abdu\n","uploadtime":1701192185,"views":6,"p1id":"rpgking2000","p2id":"agencpabu22","formatid":"gen9ou","rating":1631,"private":0,"password":""}