{"id":"gen9ou-1993976757","p1":"jzhuc1841","p2":"Idi idi","format":"[Gen 9] OU","log":"|j|\u2606jzhuc1841\n|j|\u2606Idi idi\n|t:|1700386700\n|gametype|singles\n|player|p1|jzhuc1841|hilbert-wonderlauncher|1591\n|player|p2|Idi idi|bugcatcher-gen4dp|1484\n|teamsize|p1|6\n|teamsize|p2|6\n|gen|9\n|tier|[Gen 9] OU\n|rated|\n|rule|Sleep Clause Mod: Limit one foe put to sleep\n|rule|Species Clause: Limit one of each Pok\u00e9mon\n|rule|OHKO Clause: OHKO moves are banned\n|rule|Evasion Items Clause: Evasion items are banned\n|rule|Evasion Moves Clause: Evasion moves are banned\n|rule|Endless Battle Clause: Forcing endless battles is banned\n|rule|HP Percentage Mod: HP is shown in percentages\n|clearpoke\n|poke|p1|Ogerpon-Wellspring, F|\n|poke|p1|Kingambit, M|\n|poke|p1|Iron Moth|\n|poke|p1|Iron Valiant|\n|poke|p1|Zamazenta-*|\n|poke|p1|Glimmora, M|\n|poke|p2|Dragapult, F|\n|poke|p2|Gholdengo|\n|poke|p2|Iron Valiant|\n|poke|p2|Iron Treads|\n|poke|p2|Iron Moth|\n|poke|p2|Kingambit, M|\n|teampreview\n|\n|t:|1700386710\n|start\n|switch|p1a: Glimmora|Glimmora, M|100\/100\n|switch|p2a: Iron Treads|Iron Treads|100\/100\n|-item|p1a: Glimmora|Air Balloon\n|-enditem|p2a: Iron Treads|Booster Energy\n|-activate|p2a: Iron Treads|ability: Quark Drive|[fromitem]\n|-start|p2a: Iron Treads|quarkdrivespe\n|turn|1\n|\n|t:|1700386717\n|move|p2a: Iron Treads|Stealth Rock|p1a: Glimmora\n|-sidestart|p1: jzhuc1841|move: Stealth Rock\n|move|p1a: Glimmora|Earth Power|p2a: Iron Treads\n|-supereffective|p2a: Iron Treads\n|-damage|p2a: Iron Treads|14\/100\n|\n|upkeep\n|turn|2\n|\n|t:|1700386722\n|move|p2a: Iron Treads|Knock Off|p1a: Glimmora\n|-damage|p1a: Glimmora|75\/100\n|-activate|p1a: Glimmora|ability: Toxic Debris\n|-sidestart|p2: Idi idi|move: Toxic Spikes\n|-enditem|p1a: Glimmora|Air Balloon\n|move|p1a: Glimmora|Earth Power|p2a: Iron Treads\n|-supereffective|p2a: Iron Treads\n|-damage|p2a: Iron Treads|0 fnt\n|faint|p2a: Iron Treads\n|-end|p2a: Iron Treads|Quark Drive|[silent]\n|\n|upkeep\n|\n|t:|1700386738\n|switch|p2a: Iron Moth|Iron Moth|100\/100\n|-sideend|p2: Idi idi|move: Toxic Spikes|[of] p2a: Iron Moth\n|-enditem|p2a: Iron Moth|Booster Energy\n|-activate|p2a: Iron Moth|ability: Quark Drive|[fromitem]\n|-start|p2a: Iron Moth|quarkdrivespe\n|turn|3\n|\n|t:|1700386743\n|move|p2a: Iron Moth|Energy Ball|p1a: Glimmora\n|-damage|p1a: Glimmora|38\/100\n|move|p1a: Glimmora|Earth Power|p2a: Iron Moth\n|-supereffective|p2a: Iron Moth\n|-damage|p2a: Iron Moth|0 fnt\n|faint|p2a: Iron Moth\n|-end|p2a: Iron Moth|Quark Drive|[silent]\n|\n|upkeep\n|\n|t:|1700386754\n|switch|p2a: Iron Valiant|Iron Valiant|100\/100\n|-enditem|p2a: Iron Valiant|Booster Energy\n|-activate|p2a: Iron Valiant|ability: Quark Drive|[fromitem]\n|-start|p2a: Iron Valiant|quarkdrivespe\n|turn|4\n|\n|t:|1700386760\n|move|p2a: Iron Valiant|Thunderbolt|p1a: Glimmora\n|-damage|p1a: Glimmora|0 fnt\n|faint|p1a: Glimmora\n|\n|upkeep\n|\n|t:|1700386779\n|switch|p1a: Ogerpon|Ogerpon-Wellspring, F|100\/100\n|-damage|p1a: Ogerpon|88\/100|[from] Stealth Rock\n|turn|5\n|\n|t:|1700386804\n|-end|p2a: Iron Valiant|Quark Drive|[silent]\n|switch|p2a: Dragapult|Dragapult, F|100\/100\n|move|p1a: Ogerpon|Ivy Cudgel|p2a: Dragapult|[anim] Ivy Cudgel Water\n|-resisted|p2a: Dragapult\n|-crit|p2a: Dragapult\n|-damage|p2a: Dragapult|43\/100\n|\n|upkeep\n|turn|6\n|\n|t:|1700386816\n|move|p2a: Dragapult|Dragon Darts|p1a: Ogerpon\n|-damage|p1a: Ogerpon|54\/100\n|-anim|p2a: Dragapult|Dragon Darts|p1a: Ogerpon\n|-damage|p1a: Ogerpon|16\/100\n|move|p1a: Ogerpon|Trailblaze|p2a: Dragapult\n|-resisted|p2a: Dragapult\n|-damage|p2a: Dragapult|21\/100\n|-boost|p1a: Ogerpon|spe|1\n|\n|upkeep\n|turn|7\n|\n|t:|1700386825\n|move|p1a: Ogerpon|Ivy Cudgel|p2a: Dragapult|[anim] Ivy Cudgel Water\n|-resisted|p2a: Dragapult\n|-damage|p2a: Dragapult|0 fnt\n|faint|p2a: Dragapult\n|\n|upkeep\n|\n|t:|1700386828\n|switch|p2a: Kingambit|Kingambit, M|100\/100\n|-activate|p2a: Kingambit|ability: Supreme Overlord\n|-start|p2a: Kingambit|fallen3|[silent]\n|turn|8\n|\n|t:|1700386838\n|move|p2a: Kingambit|Sucker Punch|p1a: Ogerpon\n|-damage|p1a: Ogerpon|0 fnt\n|faint|p1a: Ogerpon\n|\n|upkeep\n|\n|t:|1700386843\n|switch|p1a: Iron Moth|Iron Moth|100\/100\n|-damage|p1a: Iron Moth|76\/100|[from] Stealth Rock\n|-enditem|p1a: Iron Moth|Booster Energy\n|-activate|p1a: Iron Moth|ability: Quark Drive|[fromitem]\n|-start|p1a: Iron Moth|quarkdrivespe\n|turn|9\n|\n|t:|1700386846\n|move|p1a: Iron Moth|Substitute|p1a: Iron Moth\n|-start|p1a: Iron Moth|Substitute\n|-damage|p1a: Iron Moth|51\/100\n|move|p2a: Kingambit|Kowtow Cleave|p1a: Iron Moth\n|-end|p1a: Iron Moth|Substitute\n|\n|upkeep\n|turn|10\n|\n|t:|1700386851\n|move|p1a: Iron Moth|Substitute|p1a: Iron Moth\n|-start|p1a: Iron Moth|Substitute\n|-damage|p1a: Iron Moth|26\/100\n|move|p2a: Kingambit|Kowtow Cleave|p1a: Iron Moth\n|-end|p1a: Iron Moth|Substitute\n|\n|upkeep\n|turn|11\n|\n|t:|1700386857\n|move|p1a: Iron Moth|Fiery Dance|p2a: Kingambit\n|-supereffective|p2a: Kingambit\n|-damage|p2a: Kingambit|23\/100\n|move|p2a: Kingambit|Kowtow Cleave|p1a: Iron Moth\n|-damage|p1a: Iron Moth|0 fnt\n|faint|p1a: Iron Moth\n|-end|p1a: Iron Moth|Quark Drive|[silent]\n|\n|-heal|p2a: Kingambit|30\/100|[from] item: Leftovers\n|upkeep\n|\n|t:|1700386863\n|switch|p1a: Iron Valiant|Iron Valiant|100\/100\n|-damage|p1a: Iron Valiant|94\/100|[from] Stealth Rock\n|-enditem|p1a: Iron Valiant|Booster Energy\n|-activate|p1a: Iron Valiant|ability: Quark Drive|[fromitem]\n|-start|p1a: Iron Valiant|quarkdrivespe\n|turn|12\n|\n|t:|1700386867\n|move|p1a: Iron Valiant|Moonblast|p2a: Kingambit\n|-damage|p2a: Kingambit|0 fnt\n|faint|p2a: Kingambit\n|-end|p2a: Kingambit|fallen3|[silent]\n|\n|upkeep\n|\n|t:|1700386869\n|switch|p2a: Gholdengo|Gholdengo|100\/100\n|-item|p2a: Gholdengo|Air Balloon\n|turn|13\n|\n|t:|1700386877\n|switch|p2a: Iron Valiant|Iron Valiant|100\/100\n|-terastallize|p1a: Iron Valiant|Steel\n|move|p1a: Iron Valiant|Calm Mind|p1a: Iron Valiant\n|-boost|p1a: Iron Valiant|spa|1\n|-boost|p1a: Iron Valiant|spd|1\n|\n|upkeep\n|turn|14\n|\n|t:|1700386884\n|move|p1a: Iron Valiant|Moonblast|p2a: Iron Valiant\n|-supereffective|p2a: Iron Valiant\n|-damage|p2a: Iron Valiant|0 fnt\n|faint|p2a: Iron Valiant\n|-end|p2a: Iron Valiant|Quark Drive|[silent]\n|\n|upkeep\n|\n|t:|1700386887\n|switch|p2a: Gholdengo|Gholdengo|100\/100\n|-item|p2a: Gholdengo|Air Balloon\n|turn|15\n|\n|t:|1700386890\n|move|p1a: Iron Valiant|Thunderbolt|p2a: Gholdengo\n|-damage|p2a: Gholdengo|44\/100\n|-enditem|p2a: Gholdengo|Air Balloon\n|move|p2a: Gholdengo|Nasty Plot|p2a: Gholdengo\n|-boost|p2a: Gholdengo|spa|2\n|\n|upkeep\n|turn|16\n|\n|t:|1700386895\n|move|p1a: Iron Valiant|Thunderbolt|p2a: Gholdengo\n|-damage|p2a: Gholdengo|0 fnt\n|faint|p2a: Gholdengo\n|\n|win|jzhuc1841\n|raw|jzhuc1841's rating: 1591 &rarr; <strong>1605<\/strong><br \/>(+14 for winning)\n|raw|Idi idi's rating: 1484 &rarr; <strong>1470<\/strong><br \/>(-14 for losing)\n|l|\u2606Idi idi\n","uploadtime":1700386904,"views":9,"p1id":"jzhuc1841","p2id":"idiidi","formatid":"gen9ou","rating":1470,"private":0,"password":""}