{"id":"gen9ou-1989042951","p1":"Mono Skill Trainer","p2":"Bogging","format":"[Gen 9] OU","log":"|j|\u2606Mono Skill Trainer\n|j|\u2606Bogging\n|t:|1699805763\n|gametype|singles\n|player|p1|Mono Skill Trainer|burglar|1561\n|player|p2|Bogging|bugcatcher-gen4dp|1598\n|teamsize|p1|6\n|teamsize|p2|6\n|gen|9\n|tier|[Gen 9] OU\n|rated|\n|rule|Sleep Clause Mod: Limit one foe put to sleep\n|rule|Species Clause: Limit one of each Pok\u00e9mon\n|rule|OHKO Clause: OHKO moves are banned\n|rule|Evasion Items Clause: Evasion items are banned\n|rule|Evasion Moves Clause: Evasion moves are banned\n|rule|Endless Battle Clause: Forcing endless battles is banned\n|rule|HP Percentage Mod: HP is shown in percentages\n|clearpoke\n|poke|p1|Kommo-o, M|\n|poke|p1|Alomomola, F|\n|poke|p1|Corviknight, F|\n|poke|p1|Thundurus-Therian, M|\n|poke|p1|Clefable, M|\n|poke|p1|Landorus-Therian, M|\n|poke|p2|Typhlosion-Hisui, F|\n|poke|p2|Cinderace, F|\n|poke|p2|Great Tusk|\n|poke|p2|Dragonite, F|\n|poke|p2|Slowking-Galar, F|\n|poke|p2|Iron Valiant|\n|teampreview\n|\n|t:|1699805772\n|start\n|switch|p1a: Kommo-o|Kommo-o, M|100\/100\n|switch|p2a: Dragonite|Dragonite, F|100\/100\n|turn|1\n|\n|t:|1699805779\n|move|p2a: Dragonite|Fire Punch|p1a: Kommo-o\n|-resisted|p1a: Kommo-o\n|-damage|p1a: Kommo-o|88\/100\n|-damage|p2a: Dragonite|84\/100|[from] item: Rocky Helmet|[of] p1a: Kommo-o\n|move|p1a: Kommo-o|Taunt|p2a: Dragonite\n|-start|p2a: Dragonite|move: Taunt\n|\n|upkeep\n|turn|2\n|\n|t:|1699805800\n|switch|p2a: Cinderace|Cinderace, F|100\/100\n|move|p1a: Kommo-o|Stealth Rock|p2a: Cinderace\n|-sidestart|p2: Bogging|move: Stealth Rock\n|\n|upkeep\n|turn|3\n|\n|t:|1699805806\n|move|p2a: Cinderace|Will-O-Wisp|p1a: Kommo-o\n|-status|p1a: Kommo-o|brn\n|move|p1a: Kommo-o|Body Press|p2a: Cinderace\n|-damage|p2a: Cinderace|75\/100\n|\n|-damage|p1a: Kommo-o|82\/100 brn|[from] brn\n|upkeep\n|turn|4\n|\n|t:|1699805818\n|move|p2a: Cinderace|Court Change|p2a: Cinderace\n|-swapsideconditions\n|-activate|p2a: Cinderace|move: Court Change\n|move|p1a: Kommo-o|Body Press|p2a: Cinderace\n|-damage|p2a: Cinderace|50\/100\n|\n|-damage|p1a: Kommo-o|76\/100 brn|[from] brn\n|upkeep\n|turn|5\n|\n|t:|1699805823\n|move|p2a: Cinderace|U-turn|p1a: Kommo-o\n|-resisted|p1a: Kommo-o\n|-damage|p1a: Kommo-o|69\/100 brn\n|-damage|p2a: Cinderace|34\/100|[from] item: Rocky Helmet|[of] p1a: Kommo-o\n|\n|t:|1699805824\n|switch|p2a: Typhlosion|Typhlosion-Hisui, F|100\/100|[from] U-turn\n|move|p1a: Kommo-o|Stealth Rock|p2a: Typhlosion\n|-sidestart|p2: Bogging|move: Stealth Rock\n|\n|-damage|p1a: Kommo-o|63\/100 brn|[from] brn\n|upkeep\n|turn|6\n|\n|t:|1699805835\n|switch|p1a: Alomomola|Alomomola, F|100\/100\n|-damage|p1a: Alomomola|88\/100|[from] Stealth Rock\n|move|p2a: Typhlosion|Substitute|p2a: Typhlosion\n|-start|p2a: Typhlosion|Substitute\n|-damage|p2a: Typhlosion|76\/100\n|\n|upkeep\n|turn|7\n|\n|t:|1699805843\n|-terastallize|p2a: Typhlosion|Grass\n|move|p2a: Typhlosion|Calm Mind|p2a: Typhlosion\n|-boost|p2a: Typhlosion|spa|1\n|-boost|p2a: Typhlosion|spd|1\n|move|p1a: Alomomola|Flip Turn|p2a: Typhlosion\n|-resisted|p2a: Typhlosion\n|-activate|p2a: Typhlosion|move: Substitute|[damage]\n|\n|t:|1699805848\n|switch|p1a: Landorus|Landorus-Therian, M|100\/100|[from] Flip Turn\n|-damage|p1a: Landorus|88\/100|[from] Stealth Rock\n|-ability|p1a: Landorus|Intimidate|boost\n|-immune|p2a: Typhlosion\n|\n|upkeep\n|turn|8\n|\n|t:|1699805852\n|move|p1a: Landorus|U-turn|p2a: Typhlosion\n|-supereffective|p2a: Typhlosion\n|-end|p2a: Typhlosion|Substitute\n|\n|t:|1699805861\n|switch|p1a: Clefable|Clefable, M|100\/100|[from] U-turn\n|move|p2a: Typhlosion|Flamethrower|p1a: Clefable\n|-damage|p1a: Clefable|59\/100\n|\n|upkeep\n|turn|9\n|\n|t:|1699805874\n|switch|p1a: Alomomola|Alomomola, F|100\/100\n|-damage|p1a: Alomomola|88\/100|[from] Stealth Rock\n|move|p2a: Typhlosion|Substitute|p2a: Typhlosion\n|-start|p2a: Typhlosion|Substitute\n|-damage|p2a: Typhlosion|51\/100\n|\n|upkeep\n|turn|10\n|\n|t:|1699805878\n|move|p2a: Typhlosion|Tera Blast|p1a: Alomomola|[anim] Tera Blast Grass\n|-supereffective|p1a: Alomomola\n|-damage|p1a: Alomomola|0 fnt\n|faint|p1a: Alomomola\n|\n|upkeep\n|\n|t:|1699805895\n|switch|p1a: Landorus|Landorus-Therian, M|88\/100\n|-damage|p1a: Landorus|76\/100|[from] Stealth Rock\n|-ability|p1a: Landorus|Intimidate|boost\n|-immune|p2a: Typhlosion\n|turn|11\n|\n|t:|1699805897\n|move|p1a: Landorus|U-turn|p2a: Typhlosion\n|-supereffective|p2a: Typhlosion\n|-crit|p2a: Typhlosion\n|-end|p2a: Typhlosion|Substitute\n|\n|t:|1699805905\n|switch|p1a: Clefable|Clefable, M|59\/100|[from] U-turn\n|move|p2a: Typhlosion|Substitute|p2a: Typhlosion\n|-start|p2a: Typhlosion|Substitute\n|-damage|p2a: Typhlosion|26\/100\n|\n|upkeep\n|turn|12\n|\n|t:|1699805914\n|move|p2a: Typhlosion|Flamethrower|p1a: Clefable\n|-damage|p1a: Clefable|0 fnt\n|faint|p1a: Clefable\n|\n|upkeep\n|\n|t:|1699805933\n|switch|p1a: Landorus|Landorus-Therian, M|76\/100\n|-damage|p1a: Landorus|64\/100|[from] Stealth Rock\n|-ability|p1a: Landorus|Intimidate|boost\n|-immune|p2a: Typhlosion\n|turn|13\n|\n|t:|1699805935\n|move|p1a: Landorus|U-turn|p2a: Typhlosion\n|-supereffective|p2a: Typhlosion\n|-end|p2a: Typhlosion|Substitute\n|\n|t:|1699805937\n|switch|p1a: Kommo-o|Kommo-o, M|63\/100 brn|[from] U-turn\n|-damage|p1a: Kommo-o|57\/100 brn|[from] Stealth Rock\n|move|p2a: Typhlosion|Substitute|p2a: Typhlosion\n|-start|p2a: Typhlosion|Substitute\n|-damage|p2a: Typhlosion|1\/100\n|-enditem|p2a: Typhlosion|Salac Berry|[eat]\n|-boost|p2a: Typhlosion|spe|1|[from] item: Salac Berry\n|\n|-damage|p1a: Kommo-o|51\/100 brn|[from] brn\n|upkeep\n|turn|14\n|\n|t:|1699805940\n|move|p2a: Typhlosion|Flamethrower|p1a: Kommo-o\n|-resisted|p1a: Kommo-o\n|-damage|p1a: Kommo-o|4\/100 brn\n|move|p1a: Kommo-o|Body Press|p2a: Typhlosion\n|-end|p2a: Typhlosion|Substitute\n|\n|-damage|p1a: Kommo-o|0 fnt|[from] brn\n|faint|p1a: Kommo-o\n|upkeep\n|\n|t:|1699805942\n|switch|p1a: Landorus|Landorus-Therian, M|64\/100\n|-damage|p1a: Landorus|52\/100|[from] Stealth Rock\n|-ability|p1a: Landorus|Intimidate|boost\n|-unboost|p2a: Typhlosion|atk|1\n|turn|15\n|\n|t:|1699805945\n|move|p2a: Typhlosion|Flamethrower|p1a: Landorus\n|-damage|p1a: Landorus|0 fnt\n|faint|p1a: Landorus\n|\n|upkeep\n|-message|Mono Skill Trainer forfeited.\n|\n|win|Bogging\n|raw|Mono Skill Trainer's rating: 1561 &rarr; <strong>1543<\/strong><br \/>(-18 for losing)\n|raw|Bogging's rating: 1598 &rarr; <strong>1616<\/strong><br \/>(+18 for winning)\n|l|\u2606Mono Skill Trainer\n","uploadtime":1699805962,"views":17,"p1id":"monoskilltrainer","p2id":"bogging","formatid":"gen9ou","rating":1543,"private":0,"password":""}