{"id":"gen9ou-1994179077","p1":"pokcey.","p2":"Craigth","format":"[Gen 9] OU","log":"|j|\u2606pokcey.\n|j|\u2606Craigth\n|t:|1700415892\n|gametype|singles\n|player|p1|pokcey.|lady-gen4|1109\n|player|p2|Craigth|pokemonrangerf-gen4|1131\n|teamsize|p1|6\n|teamsize|p2|6\n|gen|9\n|tier|[Gen 9] OU\n|rated|\n|rule|Sleep Clause Mod: Limit one foe put to sleep\n|rule|Species Clause: Limit one of each Pok\u00e9mon\n|rule|OHKO Clause: OHKO moves are banned\n|rule|Evasion Items Clause: Evasion items are banned\n|rule|Evasion Moves Clause: Evasion moves are banned\n|rule|Endless Battle Clause: Forcing endless battles is banned\n|rule|HP Percentage Mod: HP is shown in percentages\n|clearpoke\n|poke|p1|Cramorant, M|\n|poke|p1|Typhlosion, M|\n|poke|p1|Maushold-Four|\n|poke|p1|Zarude-Dada|\n|poke|p1|Zamazenta-*|\n|poke|p1|Iron Hands|\n|poke|p2|Scizor, M|\n|poke|p2|Dondozo, F|\n|poke|p2|Ninetales-Alola, M|\n|poke|p2|Ogerpon, F|\n|poke|p2|Slowking-Galar, F|\n|poke|p2|Ceruledge, F|\n|teampreview\n|\n|t:|1700415909\n|start\n|switch|p1a: Zamazenta|Zamazenta|100\/100\n|switch|p2a: Scizor|Scizor, M, shiny|100\/100\n|-ability|p1a: Zamazenta|Dauntless Shield|boost\n|-boost|p1a: Zamazenta|def|1\n|turn|1\n|\n|t:|1700415915\n|move|p1a: Zamazenta|Close Combat|p2a: Scizor\n|-damage|p2a: Scizor|10\/100\n|-unboost|p1a: Zamazenta|def|1\n|-unboost|p1a: Zamazenta|spd|1\n|move|p2a: Scizor|U-turn|p1a: Zamazenta\n|-resisted|p1a: Zamazenta\n|-damage|p1a: Zamazenta|84\/100\n|\n|t:|1700415928\n|switch|p2a: Slowking|Slowking-Galar, F|100\/100|[from] U-turn\n|\n|upkeep\n|turn|2\n|\n|t:|1700415941\n|switch|p1a: Cramorant|Cramorant, M|100\/100\n|move|p2a: Slowking|Psychic|p1a: Cramorant\n|-damage|p1a: Cramorant|62\/100\n|\n|upkeep\n|turn|3\n|\n|t:|1700415952\n|move|p1a: Cramorant|Surf|p2a: Slowking\n|-formechange|p1a: Cramorant|Cramorant-Gulping|\n|-damage|p2a: Slowking|81\/100\n|move|p2a: Slowking|Sludge Bomb|p1a: Cramorant\n|-damage|p1a: Cramorant|24\/100\n|-damage|p2a: Slowking|56\/100|[from] ability: Gulp Missile|[of] p1a: Cramorant\n|-unboost|p2a: Slowking|def|1\n|-formechange|p1a: Cramorant|Cramorant|\n|\n|upkeep\n|turn|4\n|\n|t:|1700415963\n|move|p1a: Cramorant|Surf|p2a: Slowking\n|-formechange|p1a: Cramorant|Cramorant-Gorging|\n|-damage|p2a: Slowking|36\/100\n|move|p2a: Slowking|Sludge Bomb|p1a: Cramorant\n|-damage|p1a: Cramorant|0 fnt\n|-damage|p2a: Slowking|11\/100|[from] ability: Gulp Missile|[of] p1a: Cramorant\n|-status|p2a: Slowking|par\n|-formechange|p1a: Cramorant|Cramorant|\n|faint|p1a: Cramorant\n|\n|upkeep\n|\n|t:|1700415977\n|switch|p1a: Zarude|Zarude-Dada|100\/100\n|turn|5\n|\n|t:|1700415981\n|switch|p2a: Scizor|Scizor, M, shiny|10\/100\n|move|p1a: Zarude|Knock Off|p2a: Scizor\n|-damage|p2a: Scizor|0 fnt\n|-enditem|p2a: Scizor|Covert Cloak|[from] move: Knock Off|[of] p1a: Zarude\n|faint|p2a: Scizor\n|\n|upkeep\n|\n|t:|1700415991\n|switch|p2a: Ogerpon|Ogerpon, F|100\/100\n|turn|6\n|\n|t:|1700416005\n|switch|p1a: Iron Hands|Iron Hands|100\/100\n|move|p2a: Ogerpon|U-turn|p1a: Iron Hands\n|-resisted|p1a: Iron Hands\n|-damage|p1a: Iron Hands|92\/100\n|\n|t:|1700416015\n|switch|p2a: Ceruledge|Ceruledge, F|100\/100|[from] U-turn\n|\n|upkeep\n|turn|7\n|\n|t:|1700416020\n|move|p2a: Ceruledge|Swords Dance|p2a: Ceruledge\n|-boost|p2a: Ceruledge|atk|2\n|move|p1a: Iron Hands|Earthquake|p2a: Ceruledge\n|-supereffective|p2a: Ceruledge\n|-damage|p2a: Ceruledge|4\/100\n|\n|upkeep\n|turn|8\n|\n|t:|1700416027\n|move|p2a: Ceruledge|Close Combat|p1a: Iron Hands\n|-crit|p1a: Iron Hands\n|-damage|p1a: Iron Hands|9\/100\n|-unboost|p2a: Ceruledge|def|1\n|-unboost|p2a: Ceruledge|spd|1\n|move|p1a: Iron Hands|Earthquake|p2a: Ceruledge\n|-supereffective|p2a: Ceruledge\n|-damage|p2a: Ceruledge|0 fnt\n|faint|p2a: Ceruledge\n|\n|upkeep\n|\n|t:|1700416033\n|switch|p2a: Ogerpon|Ogerpon, F|100\/100\n|turn|9\n|\n|t:|1700416040\n|move|p2a: Ogerpon|Low Kick|p1a: Iron Hands\n|-damage|p1a: Iron Hands|0 fnt\n|faint|p1a: Iron Hands\n|-end|p1a: Iron Hands|Quark Drive|[silent]\n|\n|upkeep\n|\n|t:|1700416045\n|switch|p1a: Typhlosion|Typhlosion, M|100\/100\n|turn|10\n|\n|t:|1700416051\n|switch|p2a: Dondozo|Dondozo, F|100\/100\n|move|p1a: Typhlosion|Eruption|p2a: Dondozo\n|-resisted|p2a: Dondozo\n|-damage|p2a: Dondozo|66\/100\n|\n|-heal|p2a: Dondozo|72\/100|[from] item: Leftovers\n|upkeep\n|turn|11\n|\n|t:|1700416058\n|switch|p1a: Zarude|Zarude-Dada|100\/100\n|move|p2a: Dondozo|Liquidation|p1a: Zarude\n|-resisted|p1a: Zarude\n|-damage|p1a: Zarude|87\/100\n|\n|-heal|p2a: Dondozo|78\/100|[from] item: Leftovers\n|upkeep\n|turn|12\n|\n|t:|1700416067\n|switch|p2a: Slowking|Slowking-Galar, F|44\/100 par\n|move|p1a: Zarude|Knock Off|p2a: Slowking\n|-supereffective|p2a: Slowking\n|-damage|p2a: Slowking|0 fnt\n|-enditem|p2a: Slowking|Heavy-Duty Boots|[from] move: Knock Off|[of] p1a: Zarude\n|faint|p2a: Slowking\n|\n|upkeep\n|\n|t:|1700416078\n|switch|p2a: Ogerpon|Ogerpon, F|100\/100\n|turn|13\n|\n|t:|1700416100\n|switch|p1a: Zamazenta|Zamazenta|84\/100\n|move|p2a: Ogerpon|Low Kick|p1a: Zamazenta\n|-damage|p1a: Zamazenta|49\/100\n|\n|upkeep\n|turn|14\n|\n|t:|1700416109\n|switch|p2a: Dondozo|Dondozo, F|78\/100\n|move|p1a: Zamazenta|Close Combat|p2a: Dondozo\n|-damage|p2a: Dondozo|43\/100\n|-unboost|p1a: Zamazenta|def|1\n|-unboost|p1a: Zamazenta|spd|1\n|\n|-heal|p2a: Dondozo|50\/100|[from] item: Leftovers\n|upkeep\n|turn|15\n|\n|t:|1700416120\n|move|p1a: Zamazenta|Close Combat|p2a: Dondozo\n|-damage|p2a: Dondozo|11\/100\n|-unboost|p1a: Zamazenta|def|1\n|-unboost|p1a: Zamazenta|spd|1\n|move|p2a: Dondozo|Rest|p2a: Dondozo\n|-status|p2a: Dondozo|slp|[from] move: Rest\n|-heal|p2a: Dondozo|100\/100 slp|[silent]\n|\n|upkeep\n|turn|16\n|\n|t:|1700416126\n|move|p1a: Zamazenta|Close Combat|p2a: Dondozo\n|-damage|p2a: Dondozo|62\/100 slp\n|-unboost|p1a: Zamazenta|def|1\n|-unboost|p1a: Zamazenta|spd|1\n|cant|p2a: Dondozo|slp\n|move|p2a: Dondozo|Sleep Talk|p2a: Dondozo\n|move|p2a: Dondozo|Rest||[from]move: Sleep Talk|[still]\n|-fail|p2a: Dondozo\n|\n|-heal|p2a: Dondozo|68\/100 slp|[from] item: Leftovers\n|upkeep\n|turn|17\n|\n|t:|1700416134\n|move|p1a: Zamazenta|Close Combat|p2a: Dondozo\n|-damage|p2a: Dondozo|29\/100 slp\n|-unboost|p1a: Zamazenta|def|1\n|-unboost|p1a: Zamazenta|spd|1\n|cant|p2a: Dondozo|slp\n|move|p2a: Dondozo|Sleep Talk|p2a: Dondozo\n|move|p2a: Dondozo|Rest||[from]move: Sleep Talk|[still]\n|-fail|p2a: Dondozo\n|\n|-heal|p2a: Dondozo|36\/100 slp|[from] item: Leftovers\n|upkeep\n|turn|18\n|\n|t:|1700416141\n|move|p1a: Zamazenta|Close Combat|p2a: Dondozo\n|-damage|p2a: Dondozo|0 fnt\n|-unboost|p1a: Zamazenta|def|1\n|-unboost|p1a: Zamazenta|spd|1\n|faint|p2a: Dondozo\n|\n|upkeep\n|\n|t:|1700416146\n|switch|p2a: Ogerpon|Ogerpon, F|100\/100\n|turn|19\n|\n|t:|1700416151\n|move|p2a: Ogerpon|Low Kick|p1a: Zamazenta\n|-damage|p1a: Zamazenta|0 fnt\n|faint|p1a: Zamazenta\n|\n|upkeep\n|\n|t:|1700416161\n|switch|p1a: Typhlosion|Typhlosion, M|100\/100\n|turn|20\n|\n|t:|1700416168\n|move|p2a: Ogerpon|Low Kick|p1a: Typhlosion\n|-damage|p1a: Typhlosion|63\/100\n|move|p1a: Typhlosion|Fire Blast|p2a: Ogerpon\n|-supereffective|p2a: Ogerpon\n|-damage|p2a: Ogerpon|0 fnt\n|faint|p2a: Ogerpon\n|\n|upkeep\n|\n|t:|1700416170\n|switch|p2a: Ninetales|Ninetales-Alola, M|100\/100\n|-weather|Snow|[from] ability: Snow Warning|[of] p2a: Ninetales\n|turn|21\n|\n|t:|1700416178\n|move|p1a: Typhlosion|Fire Blast|p2a: Ninetales\n|-supereffective|p2a: Ninetales\n|-damage|p2a: Ninetales|3\/100\n|move|p2a: Ninetales|Moonblast|p1a: Typhlosion\n|-resisted|p1a: Typhlosion\n|-damage|p1a: Typhlosion|45\/100\n|-unboost|p1a: Typhlosion|spa|1\n|\n|-weather|Snow|[upkeep]\n|upkeep\n|turn|22\n|\n|t:|1700416183\n|move|p1a: Typhlosion|Fire Blast|p2a: Ninetales\n|-supereffective|p2a: Ninetales\n|-damage|p2a: Ninetales|0 fnt\n|faint|p2a: Ninetales\n|\n|win|pokcey.\n|raw|pokcey.'s rating: 1109 &rarr; <strong>1136<\/strong><br \/>(+27 for winning)\n|raw|Craigth's rating: 1131 &rarr; <strong>1104<\/strong><br \/>(-27 for losing)\n","uploadtime":1700416186,"views":8,"p1id":"pokcey","p2id":"craigth","formatid":"gen9ou","rating":1104,"private":0,"password":""}