{"id":"gen9ou-1999713874","p1":"Damien Leruss","p2":"omegaripper","format":"[Gen 9] OU","log":"|j|\u2606Damien Leruss\n|j|\u2606omegaripper\n|t:|1701110184\n|gametype|singles\n|player|p1|Damien Leruss|shauntal|1250\n|player|p2|omegaripper|2|1172\n|teamsize|p1|6\n|teamsize|p2|6\n|gen|9\n|tier|[Gen 9] OU\n|rated|\n|rule|Sleep Clause Mod: Limit one foe put to sleep\n|rule|Species Clause: Limit one of each Pok\u00e9mon\n|rule|OHKO Clause: OHKO moves are banned\n|rule|Evasion Items Clause: Evasion items are banned\n|rule|Evasion Moves Clause: Evasion moves are banned\n|rule|Endless Battle Clause: Forcing endless battles is banned\n|rule|HP Percentage Mod: HP is shown in percentages\n|clearpoke\n|poke|p1|Dragapult, F|\n|poke|p1|Bellibolt, M|\n|poke|p1|Toxicroak, M|\n|poke|p1|Dunsparce, F|\n|poke|p1|Klefki, F|\n|poke|p1|Arboliva, M|\n|poke|p2|Ting-Lu|\n|poke|p2|Enamorus, F|\n|poke|p2|Glimmora, M|\n|poke|p2|Empoleon, F|\n|poke|p2|Infernape, F|\n|poke|p2|Dragapult, F|\n|teampreview\n|inactive|Battle timer is ON: inactive players will automatically lose when time's up. (requested by Damien Leruss)\n|\n|t:|1701110191\n|start\n|switch|p1a: Dennis|Dunsparce, F|100\/100\n|switch|p2a: Glimmora|Glimmora, M|100\/100\n|-item|p2a: Glimmora|Air Balloon\n|turn|1\n|\n|t:|1701110200\n|move|p2a: Glimmora|Stealth Rock|p1a: Dennis\n|-sidestart|p1: Damien Leruss|move: Stealth Rock\n|move|p1a: Dennis|Coil|p1a: Dennis\n|-boost|p1a: Dennis|atk|1\n|-boost|p1a: Dennis|def|1\n|-boost|p1a: Dennis|accuracy|1\n|\n|upkeep\n|turn|2\n|\n|t:|1701110207\n|move|p2a: Glimmora|Sludge Wave|p1a: Dennis\n|-damage|p1a: Dennis|75\/100\n|move|p1a: Dennis|Body Slam|p2a: Glimmora\n|-resisted|p2a: Glimmora\n|-damage|p2a: Glimmora|80\/100\n|-status|p2a: Glimmora|par\n|-activate|p2a: Glimmora|ability: Toxic Debris\n|-sidestart|p1: Damien Leruss|move: Toxic Spikes\n|-enditem|p2a: Glimmora|Air Balloon\n|\n|upkeep\n|turn|3\n|\n|t:|1701110217\n|cant|p2a: Glimmora|par\n|move|p1a: Dennis|Drill Run|p2a: Glimmora\n|-supereffective|p2a: Glimmora\n|-damage|p2a: Glimmora|0 fnt\n|-activate|p2a: Glimmora|ability: Toxic Debris\n|-sidestart|p1: Damien Leruss|move: Toxic Spikes\n|faint|p2a: Glimmora\n|\n|upkeep\n|\n|t:|1701110221\n|switch|p2a: Enamorus|Enamorus, F|100\/100\n|turn|4\n|\n|t:|1701110228\n|move|p2a: Enamorus|Superpower|p1a: Dennis\n|-supereffective|p1a: Dennis\n|-damage|p1a: Dennis|34\/100\n|-boost|p2a: Enamorus|atk|1\n|-boost|p2a: Enamorus|def|1\n|move|p1a: Dennis|Body Slam|p2a: Enamorus\n|-damage|p2a: Enamorus|64\/100\n|-status|p2a: Enamorus|par\n|\n|upkeep\n|turn|5\n|\n|t:|1701110237\n|move|p2a: Enamorus|Superpower|p1a: Dennis\n|-supereffective|p1a: Dennis\n|-damage|p1a: Dennis|0 fnt\n|-boost|p2a: Enamorus|atk|1\n|-boost|p2a: Enamorus|def|1\n|faint|p1a: Dennis\n|\n|upkeep\n|\n|t:|1701110244\n|switch|p1a: Fung Shu|Toxicroak, M|100\/100\n|-damage|p1a: Fung Shu|94\/100|[from] Stealth Rock\n|-sideend|p1: Damien Leruss|move: Toxic Spikes|[of] p1a: Fung Shu\n|turn|6\n|\n|t:|1701110253\n|-terastallize|p1a: Fung Shu|Dark\n|move|p1a: Fung Shu|Sludge Bomb|p2a: Enamorus\n|-supereffective|p2a: Enamorus\n|-damage|p2a: Enamorus|0 fnt\n|faint|p2a: Enamorus\n|-damage|p1a: Fung Shu|85\/100|[from] item: Life Orb\n|\n|upkeep\n|\n|t:|1701110259\n|switch|p2a: Infernape|Infernape, F|100\/100\n|turn|7\n|\n|t:|1701110269\n|move|p2a: Infernape|Mach Punch|p1a: Fung Shu\n|-supereffective|p1a: Fung Shu\n|-damage|p1a: Fung Shu|0 fnt\n|faint|p1a: Fung Shu\n|-damage|p2a: Infernape|91\/100|[from] item: Life Orb\n|\n|upkeep\n|\n|t:|1701110273\n|switch|p1a: CPS|Dragapult, F|100\/100\n|-damage|p1a: CPS|88\/100|[from] Stealth Rock\n|turn|8\n|\n|t:|1701110282\n|switch|p2a: Ting-Lu|Ting-Lu|100\/100\n|-ability|p2a: Ting-Lu|Vessel of Ruin\n|move|p1a: CPS|Dragon Dance|p1a: CPS\n|-boost|p1a: CPS|atk|1\n|-boost|p1a: CPS|spe|1\n|\n|upkeep\n|turn|9\n|\n|t:|1701110294\n|move|p1a: CPS|Dragon Dance|p1a: CPS\n|-boost|p1a: CPS|atk|1\n|-boost|p1a: CPS|spe|1\n|move|p2a: Ting-Lu|Earthquake|p1a: CPS\n|-damage|p1a: CPS|12\/100\n|\n|upkeep\n|turn|10\n|\n|t:|1701110301\n|move|p1a: CPS|Dragon Darts|p2a: Ting-Lu\n|-damage|p2a: Ting-Lu|75\/100\n|-anim|p1a: CPS|Dragon Darts|p2a: Ting-Lu\n|-damage|p2a: Ting-Lu|49\/100\n|move|p2a: Ting-Lu|Heavy Slam|p1a: CPS\n|-damage|p1a: CPS|0 fnt\n|faint|p1a: CPS\n|\n|upkeep\n|\n|t:|1701110310\n|switch|p1a: Jingle Jangle|Klefki, F|100\/100\n|-damage|p1a: Jingle Jangle|95\/100|[from] Stealth Rock\n|turn|11\n|\n|t:|1701110315\n|move|p1a: Jingle Jangle|Reflect|p1a: Jingle Jangle\n|-sidestart|p1: Damien Leruss|Reflect\n|move|p2a: Ting-Lu|Earthquake|p1a: Jingle Jangle\n|-supereffective|p1a: Jingle Jangle\n|-damage|p1a: Jingle Jangle|56\/100\n|\n|upkeep\n|turn|12\n|\n|t:|1701110321\n|move|p1a: Jingle Jangle|Light Screen|p1a: Jingle Jangle\n|-sidestart|p1: Damien Leruss|move: Light Screen\n|move|p2a: Ting-Lu|Earthquake|p1a: Jingle Jangle\n|-supereffective|p1a: Jingle Jangle\n|-damage|p1a: Jingle Jangle|20\/100\n|\n|upkeep\n|turn|13\n|\n|t:|1701110327\n|move|p1a: Jingle Jangle|Dazzling Gleam|p2a: Ting-Lu\n|-supereffective|p2a: Ting-Lu\n|-damage|p2a: Ting-Lu|32\/100\n|move|p2a: Ting-Lu|Earthquake|p1a: Jingle Jangle\n|-supereffective|p1a: Jingle Jangle\n|-damage|p1a: Jingle Jangle|0 fnt\n|faint|p1a: Jingle Jangle\n|\n|upkeep\n|\n|t:|1701110331\n|switch|p1a: Kaiju|Arboliva, M|100\/100\n|-damage|p1a: Kaiju|88\/100|[from] Stealth Rock\n|turn|14\n|\n|t:|1701110343\n|move|p2a: Ting-Lu|Body Press|p1a: Kaiju\n|-supereffective|p1a: Kaiju\n|-damage|p1a: Kaiju|61\/100\n|-fieldstart|move: Grassy Terrain|[from] ability: Seed Sower|[of] p1a: Kaiju\n|-enditem|p1a: Kaiju|Grassy Seed\n|-boost|p1a: Kaiju|def|1|[from] item: Grassy Seed\n|move|p1a: Kaiju|Strength Sap|p2a: Ting-Lu\n|-unboost|p2a: Ting-Lu|atk|1\n|-heal|p1a: Kaiju|100\/100\n|\n|-heal|p2a: Ting-Lu|38\/100|[from] Grassy Terrain\n|upkeep\n|turn|15\n|\n|t:|1701110353\n|move|p2a: Ting-Lu|Body Press|p1a: Kaiju\n|-supereffective|p1a: Kaiju\n|-crit|p1a: Kaiju\n|-damage|p1a: Kaiju|30\/100\n|move|p1a: Kaiju|Giga Drain|p2a: Ting-Lu\n|-supereffective|p2a: Ting-Lu\n|-damage|p2a: Ting-Lu|0 fnt\n|-heal|p1a: Kaiju|56\/100|[from] drain|[of] p2a: Ting-Lu\n|faint|p2a: Ting-Lu\n|\n|-heal|p1a: Kaiju|63\/100|[from] Grassy Terrain\n|upkeep\n|\n|t:|1701110369\n|switch|p2a: Empoleon|Empoleon, F|100\/100\n|turn|16\n|\n|t:|1701110376\n|move|p2a: Empoleon|Air Slash|p1a: Kaiju\n|-supereffective|p1a: Kaiju\n|-damage|p1a: Kaiju|39\/100\n|cant|p1a: Kaiju|flinch\n|\n|-heal|p1a: Kaiju|46\/100|[from] Grassy Terrain\n|upkeep\n|turn|17\n|\n|t:|1701110383\n|move|p2a: Empoleon|Air Slash|p1a: Kaiju\n|-supereffective|p1a: Kaiju\n|-damage|p1a: Kaiju|24\/100\n|move|p1a: Kaiju|Giga Drain|p2a: Empoleon\n|-damage|p2a: Empoleon|44\/100\n|-heal|p1a: Kaiju|48\/100|[from] drain|[of] p2a: Empoleon\n|\n|-heal|p2a: Empoleon|50\/100|[from] Grassy Terrain\n|-heal|p1a: Kaiju|54\/100|[from] Grassy Terrain\n|upkeep\n|turn|18\n|\n|t:|1701110393\n|move|p2a: Empoleon|Air Slash|p1a: Kaiju\n|-supereffective|p1a: Kaiju\n|-damage|p1a: Kaiju|32\/100\n|cant|p1a: Kaiju|flinch\n|\n|-heal|p2a: Empoleon|56\/100|[from] Grassy Terrain\n|-heal|p1a: Kaiju|38\/100|[from] Grassy Terrain\n|-sideend|p1: Damien Leruss|Reflect\n|-fieldend|move: Grassy Terrain\n|upkeep\n|turn|19\n|\n|t:|1701110402\n|move|p2a: Empoleon|Air Slash|p1a: Kaiju\n|-supereffective|p1a: Kaiju\n|-damage|p1a: Kaiju|16\/100\n|-fieldstart|move: Grassy Terrain|[from] ability: Seed Sower|[of] p1a: Kaiju\n|move|p1a: Kaiju|Giga Drain|p2a: Empoleon\n|-damage|p2a: Empoleon|0 fnt\n|-heal|p1a: Kaiju|40\/100|[from] drain|[of] p2a: Empoleon\n|faint|p2a: Empoleon\n|\n|-heal|p1a: Kaiju|46\/100|[from] Grassy Terrain\n|-sideend|p1: Damien Leruss|move: Light Screen\n|upkeep\n|\n|t:|1701110410\n|switch|p2a: Infernape|Infernape, F|91\/100\n|turn|20\n|\n|t:|1701110417\n|move|p2a: Infernape|Raging Fury|p1a: Kaiju\n|-supereffective|p1a: Kaiju\n|-damage|p1a: Kaiju|0 fnt\n|faint|p1a: Kaiju\n|-damage|p2a: Infernape|81\/100|[from] item: Life Orb\n|\n|-heal|p2a: Infernape|87\/100|[from] Grassy Terrain\n|upkeep\n|\n|t:|1701110424\n|switch|p1a: Cassius|Bellibolt, M|100\/100\n|-damage|p1a: Cassius|88\/100|[from] Stealth Rock\n|turn|21\n|\n|t:|1701110428\n|move|p2a: Infernape|Raging Fury|p1a: Cassius|[from]lockedmove\n|-damage|p1a: Cassius|48\/100\n|-start|p1a: Cassius|Charge|Raging Fury|[from] ability: Electromorphosis\n|-enditem|p1a: Cassius|Sitrus Berry|[eat]\n|-heal|p1a: Cassius|73\/100|[from] item: Sitrus Berry\n|-damage|p2a: Infernape|77\/100|[from] item: Life Orb\n|-start|p2a: Infernape|confusion|[fatigue]\n|move|p1a: Cassius|Toxic|p2a: Infernape\n|-status|p2a: Infernape|tox\n|\n|-heal|p2a: Infernape|83\/100 tox|[from] Grassy Terrain\n|-heal|p1a: Cassius|79\/100|[from] Grassy Terrain\n|-damage|p2a: Infernape|77\/100 tox|[from] psn\n|upkeep\n|turn|22\n|\n|t:|1701110444\n|-activate|p2a: Infernape|confusion\n|move|p2a: Infernape|Earthquake|p1a: Cassius\n|-supereffective|p1a: Cassius\n|-damage|p1a: Cassius|55\/100\n|-start|p1a: Cassius|Charge|Earthquake|[from] ability: Electromorphosis\n|-damage|p2a: Infernape|67\/100 tox|[from] item: Life Orb\n|move|p1a: Cassius|Parabolic Charge|p2a: Infernape\n|-damage|p2a: Infernape|0 fnt\n|-heal|p1a: Cassius|78\/100|[from] drain|[of] p2a: Infernape\n|faint|p2a: Infernape\n|-end|p1a: Cassius|Charge|[silent]\n|\n|-heal|p1a: Cassius|84\/100|[from] Grassy Terrain\n|upkeep\n|\n|t:|1701110448\n|switch|p2a: Dragapult|Dragapult, F|100\/100\n|turn|23\n|\n|t:|1701110458\n|-terastallize|p2a: Dragapult|Dragon\n|move|p2a: Dragapult|Dragon Darts|p1a: Cassius\n|-damage|p1a: Cassius|63\/100\n|-start|p1a: Cassius|Charge|Dragon Darts|[from] ability: Electromorphosis\n|-anim|p2a: Dragapult|Dragon Darts|p1a: Cassius\n|-damage|p1a: Cassius|42\/100\n|-start|p1a: Cassius|Charge|Dragon Darts|[from] ability: Electromorphosis\n|move|p1a: Cassius|Toxic|p2a: Dragapult\n|-status|p2a: Dragapult|tox\n|\n|-heal|p1a: Cassius|48\/100|[from] Grassy Terrain\n|-damage|p2a: Dragapult|95\/100 tox|[from] psn\n|-fieldend|move: Grassy Terrain\n|upkeep\n|turn|24\n|\n|t:|1701110473\n|move|p2a: Dragapult|Dragon Darts|p1a: Cassius\n|-damage|p1a: Cassius|28\/100\n|-start|p1a: Cassius|Charge|Dragon Darts|[from] ability: Electromorphosis\n|-anim|p2a: Dragapult|Dragon Darts|p1a: Cassius\n|-damage|p1a: Cassius|5\/100\n|-start|p1a: Cassius|Charge|Dragon Darts|[from] ability: Electromorphosis\n|move|p1a: Cassius|Slack Off|p1a: Cassius\n|-heal|p1a: Cassius|55\/100\n|\n|-damage|p2a: Dragapult|83\/100 tox|[from] psn\n|upkeep\n|turn|25\n|\n|t:|1701110485\n|move|p2a: Dragapult|Dragon Darts|p1a: Cassius\n|-damage|p1a: Cassius|35\/100\n|-start|p1a: Cassius|Charge|Dragon Darts|[from] ability: Electromorphosis\n|-anim|p2a: Dragapult|Dragon Darts|p1a: Cassius\n|-damage|p1a: Cassius|13\/100\n|-start|p1a: Cassius|Charge|Dragon Darts|[from] ability: Electromorphosis\n|move|p1a: Cassius|Slack Off|p1a: Cassius\n|-heal|p1a: Cassius|63\/100\n|\n|-damage|p2a: Dragapult|65\/100 tox|[from] psn\n|upkeep\n|turn|26\n|\n|t:|1701110496\n|move|p2a: Dragapult|Dragon Darts|p1a: Cassius\n|-damage|p1a: Cassius|43\/100\n|-start|p1a: Cassius|Charge|Dragon Darts|[from] ability: Electromorphosis\n|-anim|p2a: Dragapult|Dragon Darts|p1a: Cassius\n|-damage|p1a: Cassius|21\/100\n|-start|p1a: Cassius|Charge|Dragon Darts|[from] ability: Electromorphosis\n|move|p1a: Cassius|Slack Off|p1a: Cassius\n|-heal|p1a: Cassius|71\/100\n|\n|-damage|p2a: Dragapult|41\/100 tox|[from] psn\n|upkeep\n|turn|27\n|-message|omegaripper forfeited.\n|\n|win|Damien Leruss\n|raw|Damien Leruss's rating: 1250 &rarr; <strong>1269<\/strong><br \/>(+19 for winning)\n|raw|omegaripper's rating: 1172 &rarr; <strong>1153<\/strong><br \/>(-19 for losing)\n|l|\u2606omegaripper\n","uploadtime":1701110512,"views":5,"p1id":"damienleruss","p2id":"omegaripper","formatid":"gen9ou","rating":1153,"private":0,"password":""}