{"id":"gen9ou-1993180484","p1":"Kuzwa","p2":"gabrosmafra","format":"[Gen 9] OU","log":"|j|\u2606Kuzwa\n|j|\u2606gabrosmafra\n|t:|1700274649\n|gametype|singles\n|player|p1|Kuzwa|pokemonbreeder-gen4|1117\n|player|p2|gabrosmafra|n|1117\n|teamsize|p1|6\n|teamsize|p2|6\n|gen|9\n|tier|[Gen 9] OU\n|rated|\n|rule|Sleep Clause Mod: Limit one foe put to sleep\n|rule|Species Clause: Limit one of each Pok\u00e9mon\n|rule|OHKO Clause: OHKO moves are banned\n|rule|Evasion Items Clause: Evasion items are banned\n|rule|Evasion Moves Clause: Evasion moves are banned\n|rule|Endless Battle Clause: Forcing endless battles is banned\n|rule|HP Percentage Mod: HP is shown in percentages\n|clearpoke\n|poke|p1|Greninja-*, M|\n|poke|p1|Sinistcha-Masterpiece|\n|poke|p1|Gallade, M|\n|poke|p1|Weavile, F|\n|poke|p1|Hydreigon, M|\n|poke|p1|Glimmora, M|\n|poke|p2|Lucario, M|\n|poke|p2|Greninja-*, M|\n|poke|p2|Charizard, F|\n|poke|p2|Garchomp, F|\n|poke|p2|Espeon, F|\n|poke|p2|Zapdos|\n|teampreview\n|inactive|Battle timer is ON: inactive players will automatically lose when time's up. (requested by Kuzwa)\n|\n|t:|1700274665\n|start\n|switch|p1a: thing|Glimmora, M, shiny|100\/100\n|switch|p2a: Lucario|Lucario, M|100\/100\n|-item|p1a: thing|Air Balloon\n|turn|1\n|\n|t:|1700274671\n|move|p2a: Lucario|Close Combat|p1a: thing\n|-damage|p1a: thing|15\/100\n|-unboost|p2a: Lucario|def|1\n|-unboost|p2a: Lucario|spd|1\n|-activate|p1a: thing|ability: Toxic Debris\n|-sidestart|p2: gabrosmafra|move: Toxic Spikes\n|-enditem|p1a: thing|Air Balloon\n|-damage|p2a: Lucario|91\/100|[from] item: Life Orb\n|move|p1a: thing|Earth Power|p2a: Lucario\n|-supereffective|p2a: Lucario\n|-damage|p2a: Lucario|0 fnt\n|faint|p2a: Lucario\n|\n|upkeep\n|\n|t:|1700274685\n|switch|p2a: Garchomp|Garchomp, F|100\/100\n|-status|p2a: Garchomp|psn\n|turn|2\n|\n|t:|1700274695\n|move|p2a: Garchomp|Dragon Claw|p1a: thing\n|-damage|p1a: thing|0 fnt\n|-activate|p1a: thing|ability: Toxic Debris\n|-sidestart|p2: gabrosmafra|move: Toxic Spikes\n|faint|p1a: thing\n|-damage|p2a: Garchomp|91\/100 psn|[from] item: Life Orb\n|\n|-damage|p2a: Garchomp|78\/100 psn|[from] psn\n|upkeep\n|\n|t:|1700274701\n|switch|p1a: Thanatos|Hydreigon, M|100\/100\n|turn|3\n|\n|t:|1700274710\n|move|p2a: Garchomp|Outrage|p1a: Thanatos\n|-supereffective|p1a: Thanatos\n|-enditem|p1a: Thanatos|Focus Sash\n|-damage|p1a: Thanatos|1\/100\n|-damage|p2a: Garchomp|69\/100 psn|[from] item: Life Orb\n|move|p1a: Thanatos|Dragon Pulse|p2a: Garchomp\n|-supereffective|p2a: Garchomp\n|-damage|p2a: Garchomp|0 fnt\n|faint|p2a: Garchomp\n|\n|upkeep\n|\n|t:|1700274724\n|switch|p2a: Charizard|Charizard, F, shiny|100\/100\n|turn|4\n|\n|t:|1700274736\n|move|p2a: Charizard|Air Slash|p1a: Thanatos\n|-damage|p1a: Thanatos|0 fnt\n|faint|p1a: Thanatos\n|\n|upkeep\n|\n|t:|1700274742\n|switch|p1a: Nyx|Weavile, F|100\/100\n|turn|5\n|\n|t:|1700274746\n|move|p1a: Nyx|Knock Off|p2a: Charizard\n|-damage|p2a: Charizard|31\/100\n|-enditem|p2a: Charizard|Aguav Berry|[from] move: Knock Off|[of] p1a: Nyx\n|move|p2a: Charizard|Flamethrower|p1a: Nyx\n|-supereffective|p1a: Nyx\n|-enditem|p1a: Nyx|Focus Sash\n|-damage|p1a: Nyx|1\/100\n|\n|upkeep\n|turn|6\n|\n|t:|1700274768\n|-terastallize|p2a: Charizard|Grass\n|move|p1a: Nyx|Knock Off|p2a: Charizard\n|-damage|p2a: Charizard|0 fnt\n|faint|p2a: Charizard\n|\n|upkeep\n|\n|t:|1700274776\n|switch|p2a: Zapdos|Zapdos|100\/100\n|turn|7\n|\n|t:|1700274785\n|move|p1a: Nyx|Ice Spinner|p2a: Zapdos\n|-supereffective|p2a: Zapdos\n|-damage|p2a: Zapdos|3\/100\n|-enditem|p2a: Zapdos|Aguav Berry|[eat]\n|-heal|p2a: Zapdos|36\/100|[from] item: Aguav Berry\n|move|p2a: Zapdos|Thunderbolt|p1a: Nyx\n|-damage|p1a: Nyx|0 fnt\n|faint|p1a: Nyx\n|\n|upkeep\n|\n|t:|1700274795\n|switch|p1a: Hidetoshi Odagiri|Greninja, M|100\/100\n|turn|8\n|\n|t:|1700274806\n|move|p1a: Hidetoshi Odagiri|Ice Beam|p2a: Zapdos\n|-supereffective|p2a: Zapdos\n|-damage|p2a: Zapdos|0 fnt\n|faint|p2a: Zapdos\n|-ability|p1a: Hidetoshi Odagiri|Battle Bond|boost\n|-boost|p1a: Hidetoshi Odagiri|atk|1\n|-boost|p1a: Hidetoshi Odagiri|spa|1\n|-boost|p1a: Hidetoshi Odagiri|spe|1\n|-activate|p1a: Hidetoshi Odagiri|ability: Battle Bond\n|\n|upkeep\n|\n|t:|1700274814\n|switch|p2a: Greninja|Greninja, M, shiny|100\/100\n|-status|p2a: Greninja|tox\n|turn|9\n|\n|t:|1700274824\n|move|p1a: Hidetoshi Odagiri|Protect|p1a: Hidetoshi Odagiri\n|-singleturn|p1a: Hidetoshi Odagiri|Protect\n|move|p2a: Greninja|Water Shuriken|p1a: Hidetoshi Odagiri\n|-activate|p1a: Hidetoshi Odagiri|move: Protect\n|\n|-damage|p2a: Greninja|95\/100 tox|[from] psn\n|upkeep\n|turn|10\n|\n|t:|1700274831\n|move|p2a: Greninja|Water Shuriken|p1a: Hidetoshi Odagiri\n|-resisted|p1a: Hidetoshi Odagiri\n|-damage|p1a: Hidetoshi Odagiri|94\/100\n|-resisted|p1a: Hidetoshi Odagiri\n|-damage|p1a: Hidetoshi Odagiri|88\/100\n|-hitcount|p1a: Hidetoshi Odagiri|2\n|-damage|p2a: Greninja|85\/100 tox|[from] item: Life Orb\n|move|p1a: Hidetoshi Odagiri|Dark Pulse|p2a: Greninja\n|-resisted|p2a: Greninja\n|-damage|p2a: Greninja|39\/100 tox\n|\n|-damage|p2a: Greninja|27\/100 tox|[from] psn\n|upkeep\n|turn|11\n|\n|t:|1700274842\n|move|p1a: Hidetoshi Odagiri|Protect|p1a: Hidetoshi Odagiri\n|-singleturn|p1a: Hidetoshi Odagiri|Protect\n|move|p2a: Greninja|Dark Pulse|p1a: Hidetoshi Odagiri\n|-activate|p1a: Hidetoshi Odagiri|move: Protect\n|\n|-damage|p2a: Greninja|9\/100 tox|[from] psn\n|upkeep\n|turn|12\n|\n|t:|1700274844\n|move|p1a: Hidetoshi Odagiri|Ice Beam|p2a: Greninja\n|-resisted|p2a: Greninja\n|-damage|p2a: Greninja|0 fnt\n|faint|p2a: Greninja\n|\n|upkeep\n|\n|t:|1700274849\n|switch|p2a: Espeon|Espeon, F|100\/100\n|-status|p2a: Espeon|tox\n|turn|13\n|\n|t:|1700274852\n|move|p1a: Hidetoshi Odagiri|Dark Pulse|p2a: Espeon\n|-supereffective|p2a: Espeon\n|-damage|p2a: Espeon|0 fnt\n|faint|p2a: Espeon\n|\n|win|Kuzwa\n|raw|Kuzwa's rating: 1117 &rarr; <strong>1140<\/strong><br \/>(+23 for winning)\n|raw|gabrosmafra's rating: 1090 &rarr; <strong>1068<\/strong><br \/>(-22 for losing)\n","uploadtime":1700274857,"views":13,"p1id":"kuzwa","p2id":"gabrosmafra","formatid":"gen9ou","rating":1068,"private":0,"password":""}