{"id":"gen9ou-1995162985","p1":"twelveouttatwelve","p2":"alt no. 599","format":"[Gen 9] OU","log":"|j|\u2606twelveouttatwelve\n|j|\u2606alt no. 599\n|t:|1700529618\n|gametype|singles\n|player|p1|twelveouttatwelve|169|1503\n|player|p2|alt no. 599|acetrainersnowf|1558\n|teamsize|p1|6\n|teamsize|p2|6\n|gen|9\n|tier|[Gen 9] OU\n|rated|\n|rule|Sleep Clause Mod: Limit one foe put to sleep\n|rule|Species Clause: Limit one of each Pok\u00e9mon\n|rule|OHKO Clause: OHKO moves are banned\n|rule|Evasion Items Clause: Evasion items are banned\n|rule|Evasion Moves Clause: Evasion moves are banned\n|rule|Endless Battle Clause: Forcing endless battles is banned\n|rule|HP Percentage Mod: HP is shown in percentages\n|clearpoke\n|poke|p1|Dragonite, F|\n|poke|p1|Landorus-Therian, M|\n|poke|p1|Garchomp, F|\n|poke|p1|Manaphy|\n|poke|p1|Tinkaton, F|\n|poke|p1|Hoopa-Unbound|\n|poke|p2|Gastrodon, M|\n|poke|p2|Heatran, M|\n|poke|p2|Landorus-Therian, M|\n|poke|p2|Zapdos|\n|poke|p2|Gholdengo|\n|poke|p2|Zamazenta-*|\n|teampreview\n|\n|t:|1700529660\n|start\n|switch|p1a: Hoopa|Hoopa-Unbound|100\/100\n|switch|p2a: Zapdos|Zapdos|100\/100\n|turn|1\n|\n|t:|1700529672\n|move|p2a: Zapdos|Thunder Wave|p1a: Hoopa\n|-status|p1a: Hoopa|par\n|move|p1a: Hoopa|Dark Pulse|p2a: Zapdos\n|-damage|p2a: Zapdos|31\/100\n|\n|upkeep\n|turn|2\n|\n|t:|1700529688\n|switch|p1a: Garchomp|Garchomp, F|100\/100\n|-terastallize|p2a: Zapdos|Fairy\n|move|p2a: Zapdos|Roost|p2a: Zapdos\n|-heal|p2a: Zapdos|81\/100\n|\n|upkeep\n|turn|3\n|\n|t:|1700529704\n|switch|p1a: Tinkaton|Tinkaton, F|100\/100\n|-ability|p1a: Tinkaton|Mold Breaker\n|switch|p2a: Gastrodon|Gastrodon, M|100\/100\n|\n|upkeep\n|turn|4\n|\n|t:|1700529716\n|move|p1a: Tinkaton|Knock Off|p2a: Gastrodon\n|-damage|p2a: Gastrodon|84\/100\n|-enditem|p2a: Gastrodon|Covert Cloak|[from] move: Knock Off|[of] p1a: Tinkaton\n|move|p2a: Gastrodon|Spikes|p1a: Tinkaton\n|-sidestart|p1: twelveouttatwelve|Spikes\n|\n|upkeep\n|turn|5\n|\n|t:|1700529724\n|move|p1a: Tinkaton|Stealth Rock|p2a: Gastrodon\n|-sidestart|p2: alt no. 599|move: Stealth Rock\n|move|p2a: Gastrodon|Surf|p1a: Tinkaton\n|-damage|p1a: Tinkaton|77\/100\n|\n|upkeep\n|turn|6\n|\n|t:|1700529728\n|move|p1a: Tinkaton|Encore|p2a: Gastrodon\n|-start|p2a: Gastrodon|Encore\n|move|p2a: Gastrodon|Surf|p1a: Tinkaton\n|-damage|p1a: Tinkaton|54\/100\n|\n|upkeep\n|turn|7\n|\n|t:|1700529740\n|switch|p1a: Manaphy|Manaphy|100\/100\n|-damage|p1a: Manaphy|88\/100|[from] Spikes\n|switch|p2a: Zapdos|Zapdos, tera:Fairy|81\/100\n|\n|-heal|p1a: Manaphy|94\/100|[from] item: Leftovers\n|upkeep\n|turn|8\n|\n|t:|1700529746\n|-terastallize|p1a: Manaphy|Poison\n|move|p2a: Zapdos|Volt Switch|p1a: Manaphy\n|-damage|p1a: Manaphy|71\/100\n|\n|t:|1700529750\n|switch|p2a: Landorus|Landorus-Therian, M|100\/100|[from] Volt Switch\n|-damage|p2a: Landorus|88\/100|[from] Stealth Rock\n|-ability|p2a: Landorus|Intimidate|boost\n|-unboost|p1a: Manaphy|atk|1\n|move|p1a: Manaphy|Take Heart|p1a: Manaphy\n|-boost|p1a: Manaphy|spa|1\n|-boost|p1a: Manaphy|spd|1\n|\n|-heal|p2a: Landorus|94\/100|[from] item: Leftovers\n|-heal|p1a: Manaphy|77\/100|[from] item: Leftovers\n|upkeep\n|turn|9\n|\n|t:|1700529754\n|move|p2a: Landorus|Earthquake|p1a: Manaphy\n|-supereffective|p1a: Manaphy\n|-damage|p1a: Manaphy|20\/100\n|move|p1a: Manaphy|Acid Armor|p1a: Manaphy\n|-boost|p1a: Manaphy|def|2\n|\n|-heal|p2a: Landorus|99\/100|[from] item: Leftovers\n|-heal|p1a: Manaphy|26\/100|[from] item: Leftovers\n|upkeep\n|turn|10\n|\n|t:|1700529760\n|move|p2a: Landorus|Earthquake|p1a: Manaphy\n|-supereffective|p1a: Manaphy\n|-damage|p1a: Manaphy|0 fnt\n|faint|p1a: Manaphy\n|\n|-heal|p2a: Landorus|100\/100|[from] item: Leftovers\n|upkeep\n|\n|t:|1700529770\n|switch|p1a: Garchomp|Garchomp, F|100\/100\n|-damage|p1a: Garchomp|88\/100|[from] Spikes\n|turn|11\n|\n|t:|1700529776\n|move|p1a: Garchomp|Draco Meteor|p2a: Landorus\n|-damage|p2a: Landorus|35\/100\n|-unboost|p1a: Garchomp|spa|2\n|-damage|p1a: Garchomp|78\/100|[from] item: Life Orb\n|move|p2a: Landorus|Earthquake|p1a: Garchomp\n|-damage|p1a: Garchomp|34\/100\n|\n|-heal|p2a: Landorus|41\/100|[from] item: Leftovers\n|upkeep\n|turn|12\n|\n|t:|1700529783\n|move|p1a: Garchomp|Draco Meteor|p2a: Landorus\n|-damage|p2a: Landorus|4\/100\n|-unboost|p1a: Garchomp|spa|2\n|-damage|p1a: Garchomp|25\/100|[from] item: Life Orb\n|move|p2a: Landorus|Earthquake|p1a: Garchomp\n|-damage|p1a: Garchomp|0 fnt\n|faint|p1a: Garchomp\n|\n|-heal|p2a: Landorus|10\/100|[from] item: Leftovers\n|upkeep\n|\n|t:|1700529789\n|switch|p1a: Landorus|Landorus-Therian, M|100\/100\n|-ability|p1a: Landorus|Intimidate|boost\n|-unboost|p2a: Landorus|atk|1\n|turn|13\n|\n|t:|1700529792\n|move|p1a: Landorus|U-turn|p2a: Landorus\n|-resisted|p2a: Landorus\n|-damage|p2a: Landorus|0 fnt\n|faint|p2a: Landorus\n|\n|t:|1700529796\n|switch|p1a: Tinkaton|Tinkaton, F|54\/100|[from] U-turn\n|-ability|p1a: Tinkaton|Mold Breaker\n|\n|upkeep\n|\n|t:|1700529821\n|switch|p2a: Heatran|Heatran, M|100\/100\n|-damage|p2a: Heatran|88\/100|[from] Stealth Rock\n|turn|14\n|\n|t:|1700529827\n|move|p1a: Tinkaton|Encore||[still]\n|-fail|p1a: Tinkaton\n|move|p2a: Heatran|Magma Storm|p1a: Tinkaton\n|-supereffective|p1a: Tinkaton\n|-crit|p1a: Tinkaton\n|-damage|p1a: Tinkaton|0 fnt\n|faint|p1a: Tinkaton\n|\n|-heal|p2a: Heatran|94\/100|[from] item: Leftovers\n|upkeep\n|\n|t:|1700529832\n|switch|p1a: Dragonite|Dragonite, F|100\/100\n|turn|15\n|\n|t:|1700529839\n|move|p1a: Dragonite|Dragon Dance|p1a: Dragonite\n|-boost|p1a: Dragonite|atk|1\n|-boost|p1a: Dragonite|spe|1\n|move|p2a: Heatran|Magma Storm|p1a: Dragonite\n|-resisted|p1a: Dragonite\n|-damage|p1a: Dragonite|88\/100\n|-activate|p1a: Dragonite|move: Magma Storm|[of] p2a: Heatran\n|\n|-heal|p2a: Heatran|100\/100|[from] item: Leftovers\n|-damage|p1a: Dragonite|76\/100|[from] move: Magma Storm|[partiallytrapped]\n|upkeep\n|turn|16\n|\n|t:|1700529843\n|move|p1a: Dragonite|Earthquake|p2a: Heatran\n|-supereffective|p2a: Heatran\n|-damage|p2a: Heatran|0 fnt\n|faint|p2a: Heatran\n|\n|-end|p1a: Dragonite|Magma Storm|[partiallytrapped]|[silent]\n|upkeep\n|\n|t:|1700529849\n|switch|p2a: Zamazenta|Zamazenta|100\/100\n|-ability|p2a: Zamazenta|Dauntless Shield|boost\n|-boost|p2a: Zamazenta|def|1\n|turn|17\n|\n|t:|1700529858\n|switch|p1a: Hoopa|Hoopa-Unbound|100\/100 par\n|-damage|p1a: Hoopa|88\/100 par|[from] Spikes\n|move|p2a: Zamazenta|Body Press|p1a: Hoopa\n|-damage|p1a: Hoopa|0 fnt\n|faint|p1a: Hoopa\n|\n|upkeep\n|-message|twelveouttatwelve forfeited.\n|\n|win|alt no. 599\n|raw|twelveouttatwelve's rating: 1503 &rarr; <strong>1486<\/strong><br \/>(-17 for losing)\n|raw|alt no. 599's rating: 1558 &rarr; <strong>1575<\/strong><br \/>(+17 for winning)\n|l|\u2606twelveouttatwelve\n","uploadtime":1700529869,"views":10,"p1id":"twelveouttatwelve","p2id":"altno599","formatid":"gen9ou","rating":1486,"private":0,"password":""}