{"id":"gen9ou-1990535862","p1":"RovaRed","p2":"SChonso17","format":"[Gen 9] OU","log":"|j|\u2606RovaRed\n|j|\u2606SChonso17\n|t:|1699979495\n|gametype|singles\n|player|p1|RovaRed|wicke|1483\n|player|p2|SChonso17|169|1415\n|teamsize|p1|6\n|teamsize|p2|6\n|gen|9\n|tier|[Gen 9] OU\n|rated|\n|rule|Sleep Clause Mod: Limit one foe put to sleep\n|rule|Species Clause: Limit one of each Pok\u00e9mon\n|rule|OHKO Clause: OHKO moves are banned\n|rule|Evasion Items Clause: Evasion items are banned\n|rule|Evasion Moves Clause: Evasion moves are banned\n|rule|Endless Battle Clause: Forcing endless battles is banned\n|rule|HP Percentage Mod: HP is shown in percentages\n|clearpoke\n|poke|p1|Shiftry, M|\n|poke|p1|Iron Moth|\n|poke|p1|Rillaboom, F|\n|poke|p1|Brambleghast, F|\n|poke|p1|Sneasler, M|\n|poke|p1|Great Tusk|\n|poke|p2|Pelipper, F|\n|poke|p2|Barraskewda, M|\n|poke|p2|Zapdos|\n|poke|p2|Manaphy|\n|poke|p2|Maushold|\n|poke|p2|Crawdaunt, M|\n|teampreview\n|\n|t:|1699979510\n|start\n|switch|p1a: The Fumble|Shiftry, M|100\/100\n|switch|p2a: Zapdos|Zapdos|100\/100\n|turn|1\n|\n|t:|1699979516\n|move|p2a: Zapdos|Hurricane|p1a: The Fumble\n|-ability|p1a: The Fumble|Wind Rider|boost\n|-boost|p1a: The Fumble|atk|1\n|move|p1a: The Fumble|Tailwind|p1a: The Fumble\n|-sidestart|p1: RovaRed|move: Tailwind\n|-ability|p1a: The Fumble|Wind Rider|boost\n|-boost|p1a: The Fumble|atk|1\n|\n|upkeep\n|turn|2\n|\n|t:|1699979524\n|switch|p2a: Pelipper|Pelipper, F|100\/100\n|-weather|RainDance|[from] ability: Drizzle|[of] p2a: Pelipper\n|move|p1a: The Fumble|Knock Off|p2a: Pelipper\n|-damage|p2a: Pelipper|34\/100\n|-enditem|p2a: Pelipper|Damp Rock|[from] move: Knock Off|[of] p1a: The Fumble\n|\n|-weather|RainDance|[upkeep]\n|upkeep\n|turn|3\n|inactive|Battle timer is ON: inactive players will automatically lose when time's up. (requested by SChonso17)\n|\n|t:|1699979533\n|move|p1a: The Fumble|Knock Off|p2a: Pelipper\n|-damage|p2a: Pelipper|0 fnt\n|faint|p2a: Pelipper\n|\n|-weather|RainDance|[upkeep]\n|upkeep\n|\n|t:|1699979539\n|switch|p2a: Barraskewda|Barraskewda, M|100\/100\n|turn|4\n|\n|t:|1699979543\n|-terastallize|p2a: Barraskewda|Water\n|move|p2a: Barraskewda|Liquidation|p1a: The Fumble\n|-resisted|p1a: The Fumble\n|-enditem|p1a: The Fumble|Focus Sash\n|-damage|p1a: The Fumble|1\/100\n|-unboost|p1a: The Fumble|def|1\n|move|p1a: The Fumble|Explosion|p2a: Barraskewda\n|-damage|p2a: Barraskewda|0 fnt\n|faint|p1a: The Fumble\n|faint|p2a: Barraskewda\n|\n|-weather|RainDance|[upkeep]\n|-sideend|p1: RovaRed|move: Tailwind\n|upkeep\n|\n|t:|1699979555\n|switch|p2a: Maushold|Maushold|100\/100\n|switch|p1a: The Tumble|Brambleghast, F|100\/100\n|turn|5\n|\n|t:|1699979562\n|-terastallize|p1a: The Tumble|Fighting\n|move|p2a: Maushold|Tidy Up|p2a: Maushold\n|-boost|p2a: Maushold|atk|1\n|-boost|p2a: Maushold|spe|1\n|move|p1a: The Tumble|Tera Blast|p2a: Maushold|[anim] Tera Blast Fighting\n|-supereffective|p2a: Maushold\n|-damage|p2a: Maushold|0 fnt\n|faint|p2a: Maushold\n|\n|-weather|RainDance|[upkeep]\n|upkeep\n|inactive|SChonso17 has 120 seconds left.\n|\n|t:|1699979594\n|switch|p2a: Zapdos|Zapdos|100\/100\n|turn|6\n|\n|t:|1699979599\n|move|p2a: Zapdos|Hurricane|p1a: The Tumble\n|-ability|p1a: The Tumble|Wind Rider|boost\n|-boost|p1a: The Tumble|atk|1\n|move|p1a: The Tumble|Poltergeist|p2a: Zapdos\n|-activate|p2a: Zapdos|move: Poltergeist|Choice Specs\n|-damage|p2a: Zapdos|11\/100\n|\n|-weather|RainDance|[upkeep]\n|upkeep\n|turn|7\n|\n|t:|1699979613\n|move|p1a: The Tumble|Shadow Sneak|p2a: Zapdos\n|-damage|p2a: Zapdos|0 fnt\n|-status|p1a: The Tumble|par|[from] ability: Static|[of] p2a: Zapdos\n|faint|p2a: Zapdos\n|\n|-weather|RainDance|[upkeep]\n|upkeep\n|inactive|SChonso17 has 120 seconds left.\n|inactive|SChonso17 has 90 seconds left.\n|\n|t:|1699979661\n|switch|p2a: Manaphy|Manaphy|100\/100\n|turn|8\n|\n|t:|1699979666\n|move|p2a: Manaphy|Surf|p1a: The Tumble\n|-damage|p1a: The Tumble|0 fnt\n|faint|p1a: The Tumble\n|\n|-weather|RainDance|[upkeep]\n|upkeep\n|\n|t:|1699979669\n|switch|p1a: Hookline|Rillaboom, F|100\/100\n|-fieldstart|move: Grassy Terrain|[from] ability: Grassy Surge|[of] p1a: Hookline\n|turn|9\n|\n|t:|1699979678\n|move|p1a: Hookline|Grassy Glide|p2a: Manaphy\n|-supereffective|p2a: Manaphy\n|-damage|p2a: Manaphy|34\/100\n|move|p2a: Manaphy|Surf|p1a: Hookline\n|-resisted|p1a: Hookline\n|-damage|p1a: Hookline|60\/100\n|\n|-weather|none\n|-heal|p2a: Manaphy|40\/100|[from] Grassy Terrain\n|-heal|p1a: Hookline|66\/100|[from] Grassy Terrain\n|upkeep\n|turn|10\n|\n|t:|1699979688\n|move|p1a: Hookline|Grassy Glide|p2a: Manaphy\n|-supereffective|p2a: Manaphy\n|-damage|p2a: Manaphy|0 fnt\n|faint|p2a: Manaphy\n|\n|-heal|p1a: Hookline|72\/100|[from] Grassy Terrain\n|upkeep\n|\n|t:|1699979696\n|switch|p2a: Crawdaunt|Crawdaunt, M|100\/100\n|turn|11\n|\n|t:|1699979700\n|move|p1a: Hookline|Grassy Glide|p2a: Crawdaunt\n|-supereffective|p2a: Crawdaunt\n|-damage|p2a: Crawdaunt|0 fnt\n|faint|p2a: Crawdaunt\n|\n|win|RovaRed\n|raw|RovaRed's rating: 1483 &rarr; <strong>1499<\/strong><br \/>(+16 for winning)\n|raw|SChonso17's rating: 1415 &rarr; <strong>1399<\/strong><br \/>(-16 for losing)\n|c|\u2606RovaRed|gg\n|c|\u2606SChonso17|gg\n|l|\u2606SChonso17\n","uploadtime":1699979715,"views":6,"p1id":"rovared","p2id":"schonso17","formatid":"gen9ou","rating":1399,"private":0,"password":""}