{"id":"gen9ou-1992388801","p1":"PLAYB0I R0BBIE B","p2":"Shady5991","format":"[Gen 9] OU","log":"|j|\u2606PLAYB0I R0BBIE B\n|j|\u2606Shady5991\n|t:|1700181859\n|gametype|singles\n|player|p1|PLAYB0I R0BBIE B|eusine|1218\n|player|p2|Shady5991|1|1122\n|teamsize|p1|6\n|teamsize|p2|6\n|gen|9\n|tier|[Gen 9] OU\n|rated|\n|rule|Sleep Clause Mod: Limit one foe put to sleep\n|rule|Species Clause: Limit one of each Pok\u00e9mon\n|rule|OHKO Clause: OHKO moves are banned\n|rule|Evasion Items Clause: Evasion items are banned\n|rule|Evasion Moves Clause: Evasion moves are banned\n|rule|Endless Battle Clause: Forcing endless battles is banned\n|rule|HP Percentage Mod: HP is shown in percentages\n|clearpoke\n|poke|p1|Meowscarada, F|\n|poke|p1|Thundurus-Therian, M|\n|poke|p1|Dragapult, F|\n|poke|p1|Heatran, F|\n|poke|p1|Great Tusk|\n|poke|p1|Alomomola, F|\n|poke|p2|Hatterene, F|\n|poke|p2|Ursaluna, F|\n|poke|p2|Slowking, F|\n|poke|p2|Vikavolt, F|\n|poke|p2|Glaceon, M|\n|poke|p2|Volcanion|\n|teampreview\n|inactive|Battle timer is ON: inactive players will automatically lose when time's up. (requested by Shady5991)\n|\n|t:|1700181877\n|start\n|switch|p1a: 5% TINT|Heatran, F|100\/100\n|switch|p2a: Hatterene|Hatterene, F|100\/100\n|-item|p1a: 5% TINT|Air Balloon\n|turn|1\n|\n|t:|1700181892\n|move|p1a: 5% TINT|Magma Storm|p2a: Hatterene\n|-damage|p2a: Hatterene|51\/100\n|-activate|p2a: Hatterene|move: Magma Storm|[of] p1a: 5% TINT\n|move|p2a: Hatterene|Nuzzle|p1a: 5% TINT\n|-damage|p1a: 5% TINT|97\/100\n|-status|p1a: 5% TINT|par\n|-enditem|p1a: 5% TINT|Air Balloon\n|\n|-heal|p2a: Hatterene|57\/100|[from] item: Leftovers\n|-damage|p2a: Hatterene|45\/100|[from] move: Magma Storm|[partiallytrapped]\n|upkeep\n|turn|2\n|inactive|Shady5991 has 120 seconds left.\n|\n|t:|1700181924\n|cant|p1a: 5% TINT|par\n|move|p2a: Hatterene|Trick Room|p2a: Hatterene\n|-fieldstart|move: Trick Room|[of] p2a: Hatterene\n|\n|-heal|p2a: Hatterene|51\/100|[from] item: Leftovers\n|-damage|p2a: Hatterene|39\/100|[from] move: Magma Storm|[partiallytrapped]\n|upkeep\n|turn|3\n|inactive|Shady5991 has 120 seconds left.\n|\n|t:|1700181933\n|move|p2a: Hatterene|Draining Kiss|p1a: 5% TINT\n|-resisted|p1a: 5% TINT\n|-damage|p1a: 5% TINT|92\/100 par\n|-heal|p2a: Hatterene|43\/100|[from] drain|[of] p1a: 5% TINT\n|cant|p1a: 5% TINT|par\n|\n|-heal|p2a: Hatterene|49\/100|[from] item: Leftovers\n|-damage|p2a: Hatterene|36\/100|[from] move: Magma Storm|[partiallytrapped]\n|upkeep\n|turn|4\n|inactive|Shady5991 has 120 seconds left.\n|\n|t:|1700181948\n|move|p2a: Hatterene|Draining Kiss|p1a: 5% TINT\n|-resisted|p1a: 5% TINT\n|-crit|p1a: 5% TINT\n|-damage|p1a: 5% TINT|85\/100 par\n|-heal|p2a: Hatterene|42\/100|[from] drain|[of] p1a: 5% TINT\n|cant|p1a: 5% TINT|par\n|\n|-heal|p2a: Hatterene|48\/100|[from] item: Leftovers\n|-damage|p2a: Hatterene|36\/100|[from] move: Magma Storm|[partiallytrapped]\n|upkeep\n|turn|5\n|inactive|Shady5991 has 120 seconds left.\n|\n|t:|1700181961\n|move|p2a: Hatterene|Draining Kiss|p1a: 5% TINT\n|-resisted|p1a: 5% TINT\n|-damage|p1a: 5% TINT|80\/100 par\n|-heal|p2a: Hatterene|40\/100|[from] drain|[of] p1a: 5% TINT\n|move|p1a: 5% TINT|Magma Storm|p2a: Hatterene|[miss]\n|-miss|p1a: 5% TINT|p2a: Hatterene\n|\n|-heal|p2a: Hatterene|46\/100|[from] item: Leftovers\n|-damage|p2a: Hatterene|34\/100|[from] move: Magma Storm|[partiallytrapped]\n|upkeep\n|turn|6\n|inactive|Shady5991 has 120 seconds left.\n|\n|t:|1700181984\n|move|p2a: Hatterene|Draining Kiss|p1a: 5% TINT\n|-resisted|p1a: 5% TINT\n|-damage|p1a: 5% TINT|75\/100 par\n|-heal|p2a: Hatterene|38\/100|[from] drain|[of] p1a: 5% TINT\n|move|p1a: 5% TINT|Magma Storm|p2a: Hatterene\n|-damage|p2a: Hatterene|0 fnt\n|faint|p2a: Hatterene\n|\n|-fieldend|move: Trick Room\n|upkeep\n|\n|t:|1700181995\n|switch|p2a: Slowking|Slowking, F|100\/100\n|turn|7\n|\n|t:|1700182003\n|move|p1a: 5% TINT|Taunt|p2a: Slowking\n|-immune|p2a: Slowking|[from] ability: Oblivious\n|move|p2a: Slowking|Trick Room|p2a: Slowking\n|-fieldstart|move: Trick Room|[of] p2a: Slowking\n|\n|upkeep\n|turn|8\n|inactive|Shady5991 has 120 seconds left.\n|\n|t:|1700182030\n|move|p2a: Slowking|Scald|p1a: 5% TINT\n|-supereffective|p1a: 5% TINT\n|-damage|p1a: 5% TINT|25\/100 par\n|move|p1a: 5% TINT|Magma Storm|p2a: Slowking\n|-resisted|p2a: Slowking\n|-crit|p2a: Slowking\n|-damage|p2a: Slowking|68\/100\n|-activate|p2a: Slowking|move: Magma Storm|[of] p1a: 5% TINT\n|\n|-damage|p2a: Slowking|56\/100|[from] move: Magma Storm|[partiallytrapped]\n|upkeep\n|turn|9\n|\n|t:|1700182038\n|switch|p1a: COFFEE BEAN|Alomomola, F|100\/100\n|move|p2a: Slowking|Scald|p1a: COFFEE BEAN\n|-resisted|p1a: COFFEE BEAN\n|-damage|p1a: COFFEE BEAN|88\/100\n|-enditem|p1a: COFFEE BEAN|Red Card|[of] p2a: Slowking\n|drag|p2a: Glaceon|Glaceon, M|100\/100\n|\n|upkeep\n|turn|10\n|\n|t:|1700182051\n|move|p1a: COFFEE BEAN|Flip Turn|p2a: Glaceon\n|-damage|p2a: Glaceon|84\/100\n|\n|t:|1700182055\n|switch|p1a: 5% TINT|Heatran, F|25\/100 par|[from] Flip Turn\n|move|p2a: Glaceon|Freeze-Dry|p1a: 5% TINT\n|-resisted|p1a: 5% TINT\n|-damage|p1a: 5% TINT|16\/100 par\n|\n|upkeep\n|turn|11\n|\n|t:|1700182067\n|cant|p1a: 5% TINT|par\n|move|p2a: Glaceon|Shadow Ball|p1a: 5% TINT\n|-damage|p1a: 5% TINT|0 fnt\n|faint|p1a: 5% TINT\n|\n|-fieldend|move: Trick Room\n|upkeep\n|\n|t:|1700182080\n|switch|p1a: ASTROTHUNDER|Thundurus-Therian, M|100\/100\n|turn|12\n|inactive|Shady5991 has 120 seconds left.\n|\n|t:|1700182107\n|move|p1a: ASTROTHUNDER|Volt Switch|p2a: Glaceon\n|-damage|p2a: Glaceon|42\/100\n|\n|t:|1700182113\n|switch|p1a: COFFEE BEAN|Alomomola, F|100\/100|[from] Volt Switch\n|move|p2a: Glaceon|Blizzard|p1a: COFFEE BEAN\n|-resisted|p1a: COFFEE BEAN\n|-damage|p1a: COFFEE BEAN|73\/100\n|\n|upkeep\n|turn|13\n|\n|t:|1700182119\n|move|p2a: Glaceon|Freeze-Dry|p1a: COFFEE BEAN\n|-supereffective|p1a: COFFEE BEAN\n|-damage|p1a: COFFEE BEAN|0 fnt\n|faint|p1a: COFFEE BEAN\n|\n|upkeep\n|\n|t:|1700182123\n|switch|p1a: SICKO MODE|Meowscarada, F|100\/100\n|turn|14\n|inactive|Shady5991 has 120 seconds left.\n|\n|t:|1700182155\n|switch|p2a: Vikavolt|Vikavolt, F|100\/100\n|move|p1a: SICKO MODE|Flower Trick|p2a: Vikavolt\n|-start|p1a: SICKO MODE|typechange|Grass|[from] ability: Protean\n|-resisted|p2a: Vikavolt\n|-crit|p2a: Vikavolt\n|-damage|p2a: Vikavolt|64\/100\n|\n|upkeep\n|turn|15\n|inactive|Shady5991 has 90 seconds left.\n|\n|t:|1700182175\n|switch|p1a: YOSEMITE|Great Tusk|100\/100\n|move|p2a: Vikavolt|Volt Switch|p1a: YOSEMITE\n|-immune|p1a: YOSEMITE\n|\n|upkeep\n|turn|16\n|inactive|Shady5991 has 90 seconds left.\n|\n|t:|1700182191\n|move|p1a: YOSEMITE|Rapid Spin|p2a: Vikavolt\n|-damage|p2a: Vikavolt|45\/100\n|-boost|p1a: YOSEMITE|spe|1\n|move|p2a: Vikavolt|Energy Ball|p1a: YOSEMITE\n|-supereffective|p1a: YOSEMITE\n|-damage|p1a: YOSEMITE|0 fnt\n|faint|p1a: YOSEMITE\n|-end|p1a: YOSEMITE|Protosynthesis|[silent]\n|\n|upkeep\n|\n|t:|1700182197\n|switch|p1a: ASTROTHUNDER|Thundurus-Therian, M|100\/100\n|turn|17\n|inactive|Shady5991 has 90 seconds left.\n|\n|t:|1700182208\n|-terastallize|p2a: Vikavolt|Electric\n|move|p1a: ASTROTHUNDER|Tera Blast|p2a: Vikavolt\n|-damage|p2a: Vikavolt|0 fnt\n|faint|p2a: Vikavolt\n|\n|upkeep\n|\n|t:|1700182219\n|switch|p2a: Slowking|Slowking, F|56\/100\n|turn|18\n|\n|t:|1700182228\n|-terastallize|p1a: ASTROTHUNDER|Flying\n|move|p1a: ASTROTHUNDER|Tera Blast|p2a: Slowking|[anim] Tera Blast Flying\n|-damage|p2a: Slowking|0 fnt\n|faint|p2a: Slowking\n|\n|upkeep\n|\n|t:|1700182240\n|switch|p2a: Volcanion|Volcanion|100\/100\n|turn|19\n|\n|t:|1700182251\n|move|p1a: ASTROTHUNDER|Tera Blast|p2a: Volcanion|[anim] Tera Blast Flying\n|-damage|p2a: Volcanion|3\/100\n|move|p2a: Volcanion|Steam Eruption|p1a: ASTROTHUNDER\n|-damage|p1a: ASTROTHUNDER|18\/100\n|\n|upkeep\n|turn|20\n|\n|t:|1700182262\n|move|p1a: ASTROTHUNDER|Tera Blast|p2a: Volcanion|[anim] Tera Blast Flying\n|-damage|p2a: Volcanion|0 fnt\n|faint|p2a: Volcanion\n|\n|upkeep\n|\n|t:|1700182274\n|switch|p2a: Ursaluna|Ursaluna, F|100\/100\n|turn|21\n|\n|t:|1700182282\n|move|p1a: ASTROTHUNDER|Tera Blast|p2a: Ursaluna|[anim] Tera Blast Flying\n|-damage|p2a: Ursaluna|14\/100\n|move|p2a: Ursaluna|Thunder Punch|p1a: ASTROTHUNDER\n|-heal|p1a: ASTROTHUNDER|43\/100|[from] ability: Volt Absorb|[of] p2a: Ursaluna\n|\n|-status|p2a: Ursaluna|brn|[from] item: Flame Orb\n|upkeep\n|turn|22\n|\n|t:|1700182291\n|move|p1a: ASTROTHUNDER|Tera Blast|p2a: Ursaluna|[anim] Tera Blast Flying\n|-damage|p2a: Ursaluna|0 fnt\n|faint|p2a: Ursaluna\n|\n|upkeep\n|\n|t:|1700182296\n|switch|p2a: Glaceon|Glaceon, M|42\/100\n|turn|23\n|\n|t:|1700182303\n|move|p1a: ASTROTHUNDER|Tera Blast|p2a: Glaceon|[anim] Tera Blast Flying\n|-damage|p2a: Glaceon|0 fnt\n|faint|p2a: Glaceon\n|\n|win|PLAYB0I R0BBIE B\n|raw|PLAYB0I R0BBIE B's rating: 1218 &rarr; <strong>1236<\/strong><br \/>(+18 for winning)\n|raw|Shady5991's rating: 1122 &rarr; <strong>1104<\/strong><br \/>(-18 for losing)\n|l|\u2606Shady5991\n","uploadtime":1700182311,"views":7,"p1id":"playb0ir0bbieb","p2id":"shady5991","formatid":"gen9ou","rating":1104,"private":0,"password":""}