{"id":"gen9ou-1991650088","p1":"Futz DH on DN","p2":"Dryosaurus","format":"[Gen 9] OU","log":"|j|\u2606Futz DH on DN\n|j|\u2606Dryosaurus\n|t:|1700098432\n|gametype|singles\n|player|p1|Futz DH on DN|170|1479\n|player|p2|Dryosaurus|guzma-masters|1525\n|teamsize|p1|6\n|teamsize|p2|6\n|gen|9\n|tier|[Gen 9] OU\n|rated|\n|rule|Sleep Clause Mod: Limit one foe put to sleep\n|rule|Species Clause: Limit one of each Pok\u00e9mon\n|rule|OHKO Clause: OHKO moves are banned\n|rule|Evasion Items Clause: Evasion items are banned\n|rule|Evasion Moves Clause: Evasion moves are banned\n|rule|Endless Battle Clause: Forcing endless battles is banned\n|rule|HP Percentage Mod: HP is shown in percentages\n|clearpoke\n|poke|p1|Haxorus, M|\n|poke|p1|Garchomp, M|\n|poke|p1|Jirachi|\n|poke|p1|Okidogi, M|\n|poke|p1|Weezing-Galar, F|\n|poke|p1|Hydreigon, F|\n|poke|p2|Zapdos|\n|poke|p2|Ting-Lu|\n|poke|p2|Gholdengo|\n|poke|p2|Walking Wake|\n|poke|p2|Rillaboom, M|\n|poke|p2|Zamazenta-*|\n|teampreview\n|\n|t:|1700098454\n|start\n|switch|p1a: Garchomp|Garchomp, M|100\/100\n|switch|p2a: Walking Wake|Walking Wake|100\/100\n|turn|1\n|\n|t:|1700098462\n|switch|p1a: Jirachi|Jirachi|100\/100\n|move|p2a: Walking Wake|Scald|p1a: Jirachi\n|-damage|p1a: Jirachi|73\/100\n|\n|-heal|p1a: Jirachi|80\/100|[from] item: Leftovers\n|upkeep\n|turn|2\n|\n|t:|1700098471\n|move|p2a: Walking Wake|Knock Off|p1a: Jirachi\n|-supereffective|p1a: Jirachi\n|-damage|p1a: Jirachi|56\/100\n|-enditem|p1a: Jirachi|Leftovers|[from] move: Knock Off|[of] p2a: Walking Wake\n|move|p1a: Jirachi|U-turn|p2a: Walking Wake\n|-damage|p2a: Walking Wake|84\/100\n|\n|t:|1700098474\n|switch|p1a: Garchomp|Garchomp, M|100\/100|[from] U-turn\n|\n|upkeep\n|turn|3\n|\n|t:|1700098490\n|move|p2a: Walking Wake|Draco Meteor|p1a: Garchomp\n|-supereffective|p1a: Garchomp\n|-damage|p1a: Garchomp|0 fnt\n|-unboost|p2a: Walking Wake|spa|2\n|faint|p1a: Garchomp\n|\n|upkeep\n|\n|t:|1700098495\n|switch|p1a: Haxorus|Haxorus, M, shiny|100\/100\n|-ability|p1a: Haxorus|Mold Breaker\n|turn|4\n|\n|t:|1700098501\n|-terastallize|p1a: Haxorus|Electric\n|move|p2a: Walking Wake|Flip Turn|p1a: Haxorus\n|-damage|p1a: Haxorus|79\/100\n|\n|t:|1700098513\n|-end|p2a: Walking Wake|Protosynthesis|[silent]\n|switch|p2a: Gholdengo|Gholdengo|100\/100|[from] Flip Turn\n|-item|p2a: Gholdengo|Air Balloon\n|move|p1a: Haxorus|Swords Dance|p1a: Haxorus\n|-boost|p1a: Haxorus|atk|2\n|\n|upkeep\n|turn|5\n|\n|t:|1700098522\n|move|p1a: Haxorus|Tera Blast|p2a: Gholdengo|[anim] Tera Blast Electric\n|-damage|p2a: Gholdengo|18\/100\n|-enditem|p2a: Gholdengo|Air Balloon\n|move|p2a: Gholdengo|Shadow Ball|p1a: Haxorus\n|-damage|p1a: Haxorus|17\/100\n|\n|upkeep\n|turn|6\n|\n|t:|1700098540\n|switch|p2a: Zapdos|Zapdos, shiny|100\/100\n|move|p1a: Haxorus|Scale Shot|p2a: Zapdos\n|-damage|p2a: Zapdos|75\/100\n|-damage|p2a: Zapdos|54\/100\n|-damage|p2a: Zapdos|33\/100\n|-damage|p2a: Zapdos|8\/100\n|-hitcount|p2a: Zapdos|4\n|-unboost|p1a: Haxorus|def|1\n|-boost|p1a: Haxorus|spe|1\n|\n|upkeep\n|turn|7\n|\n|t:|1700098556\n|move|p1a: Haxorus|Tera Blast|p2a: Zapdos|[anim] Tera Blast Electric\n|-crit|p2a: Zapdos\n|-damage|p2a: Zapdos|0 fnt\n|faint|p2a: Zapdos\n|\n|upkeep\n|\n|t:|1700098562\n|switch|p2a: Rillaboom|Rillaboom, M, shiny|100\/100\n|-fieldstart|move: Grassy Terrain|[from] ability: Grassy Surge|[of] p2a: Rillaboom\n|turn|8\n|\n|t:|1700098566\n|switch|p1a: Weezing|Weezing-Galar, F|100\/100\n|move|p2a: Rillaboom|Grassy Glide|p1a: Weezing\n|-resisted|p1a: Weezing\n|-damage|p1a: Weezing|79\/100\n|-damage|p2a: Rillaboom|84\/100|[from] item: Rocky Helmet|[of] p1a: Weezing\n|\n|-heal|p2a: Rillaboom|90\/100|[from] Grassy Terrain\n|upkeep\n|turn|9\n|\n|t:|1700098579\n|switch|p2a: Ting-Lu|Ting-Lu|100\/100\n|-ability|p2a: Ting-Lu|Vessel of Ruin\n|move|p1a: Weezing|Toxic Spikes|p2a: Ting-Lu\n|-sidestart|p2: Dryosaurus|move: Toxic Spikes\n|\n|upkeep\n|turn|10\n|\n|t:|1700098588\n|move|p1a: Weezing|Will-O-Wisp|p2a: Ting-Lu\n|-status|p2a: Ting-Lu|brn\n|move|p2a: Ting-Lu|Stealth Rock|p1a: Weezing\n|-sidestart|p1: Futz DH on DN|move: Stealth Rock\n|\n|-damage|p2a: Ting-Lu|94\/100 brn|[from] brn\n|upkeep\n|turn|11\n|\n|t:|1700098596\n|switch|p1a: Haxorus|Haxorus, M, shiny, tera:Electric|17\/100\n|-damage|p1a: Haxorus|5\/100|[from] Stealth Rock\n|-ability|p1a: Haxorus|Mold Breaker\n|move|p2a: Ting-Lu|Whirlwind|p1a: Haxorus\n|drag|p1a: Hydreigon|Hydreigon, F|100\/100\n|-damage|p1a: Hydreigon|88\/100|[from] Stealth Rock\n|\n|-heal|p2a: Ting-Lu|100\/100 brn|[from] Grassy Terrain\n|-damage|p2a: Ting-Lu|94\/100 brn|[from] brn\n|upkeep\n|turn|12\n|\n|t:|1700098609\n|move|p1a: Hydreigon|Draco Meteor|p2a: Ting-Lu\n|-damage|p2a: Ting-Lu|51\/100 brn\n|-unboost|p1a: Hydreigon|spa|2\n|move|p2a: Ting-Lu|Ruination|p1a: Hydreigon\n|-damage|p1a: Hydreigon|44\/100\n|\n|-heal|p2a: Ting-Lu|57\/100 brn|[from] Grassy Terrain\n|-heal|p2a: Ting-Lu|64\/100 brn|[from] item: Leftovers\n|-damage|p2a: Ting-Lu|57\/100 brn|[from] brn\n|-fieldend|move: Grassy Terrain\n|upkeep\n|turn|13\n|\n|t:|1700098622\n|switch|p1a: Haxorus|Haxorus, M, shiny, tera:Electric|5\/100\n|-damage|p1a: Haxorus|0 fnt|[from] Stealth Rock\n|faint|p1a: Haxorus\n|switch|p2a: Walking Wake|Walking Wake|84\/100\n|\n|upkeep\n|\n|t:|1700098625\n|switch|p1a: Jirachi|Jirachi|56\/100\n|-damage|p1a: Jirachi|50\/100|[from] Stealth Rock\n|turn|14\n|\n|t:|1700098633\n|move|p2a: Walking Wake|Scald|p1a: Jirachi\n|-damage|p1a: Jirachi|20\/100\n|move|p1a: Jirachi|Wish|p1a: Jirachi\n|\n|upkeep\n|turn|15\n|\n|t:|1700098640\n|move|p1a: Jirachi|Protect|p1a: Jirachi\n|-singleturn|p1a: Jirachi|Protect\n|move|p2a: Walking Wake|Scald|p1a: Jirachi\n|-activate|p1a: Jirachi|move: Protect\n|\n|-heal|p1a: Jirachi|70\/100|[from] move: Wish|[wisher] Jirachi\n|upkeep\n|turn|16\n|\n|t:|1700098649\n|move|p2a: Walking Wake|Scald|p1a: Jirachi\n|-damage|p1a: Jirachi|40\/100\n|move|p1a: Jirachi|Wish|p1a: Jirachi\n|\n|upkeep\n|turn|17\n|\n|t:|1700098654\n|move|p1a: Jirachi|Protect|p1a: Jirachi\n|-singleturn|p1a: Jirachi|Protect\n|move|p2a: Walking Wake|Draco Meteor|p1a: Jirachi\n|-activate|p1a: Jirachi|move: Protect\n|\n|-heal|p1a: Jirachi|90\/100|[from] move: Wish|[wisher] Jirachi\n|upkeep\n|turn|18\n|\n|t:|1700098663\n|move|p2a: Walking Wake|Scald|p1a: Jirachi\n|-damage|p1a: Jirachi|64\/100\n|-status|p1a: Jirachi|brn\n|move|p1a: Jirachi|Wish|p1a: Jirachi\n|\n|-damage|p1a: Jirachi|58\/100 brn|[from] brn\n|upkeep\n|turn|19\n|\n|t:|1700098678\n|move|p1a: Jirachi|Protect|p1a: Jirachi\n|-singleturn|p1a: Jirachi|Protect\n|move|p2a: Walking Wake|Flip Turn|p1a: Jirachi\n|-activate|p1a: Jirachi|move: Protect\n|\n|-heal|p1a: Jirachi|100\/100 brn|[from] move: Wish|[wisher] Jirachi\n|-damage|p1a: Jirachi|94\/100 brn|[from] brn\n|upkeep\n|turn|20\n|\n|t:|1700098688\n|move|p2a: Walking Wake|Flip Turn|p1a: Jirachi\n|-damage|p1a: Jirachi|81\/100 brn\n|\n|t:|1700098691\n|-end|p2a: Walking Wake|Protosynthesis|[silent]\n|switch|p2a: Gholdengo|Gholdengo|18\/100|[from] Flip Turn\n|move|p1a: Jirachi|Wish|p1a: Jirachi\n|\n|-damage|p1a: Jirachi|75\/100 brn|[from] brn\n|upkeep\n|turn|21\n|\n|t:|1700098702\n|switch|p1a: Hydreigon|Hydreigon, F|44\/100\n|-damage|p1a: Hydreigon|32\/100|[from] Stealth Rock\n|move|p2a: Gholdengo|Make It Rain|p1a: Hydreigon\n|-damage|p1a: Hydreigon|0 fnt\n|-unboost|p2a: Gholdengo|spa|1\n|faint|p1a: Hydreigon\n|\n|upkeep\n|\n|t:|1700098704\n|switch|p1a: Okidogi|Okidogi, M|100\/100\n|-damage|p1a: Okidogi|95\/100|[from] Stealth Rock\n|turn|22\n|inactive|Battle timer is ON: inactive players will automatically lose when time's up. (requested by Futz DH on DN)\n|\n|t:|1700098734\n|move|p1a: Okidogi|Knock Off|p2a: Gholdengo\n|-supereffective|p2a: Gholdengo\n|-damage|p2a: Gholdengo|0 fnt\n|faint|p2a: Gholdengo\n|\n|upkeep\n|\n|t:|1700098742\n|switch|p2a: Ting-Lu|Ting-Lu|57\/100 brn\n|-ability|p2a: Ting-Lu|Vessel of Ruin\n|turn|23\n|\n|t:|1700098750\n|switch|p1a: Weezing|Weezing-Galar, F|79\/100\n|-damage|p1a: Weezing|67\/100|[from] Stealth Rock\n|-terastallize|p2a: Ting-Lu|Poison\n|move|p2a: Ting-Lu|Whirlwind|p1a: Weezing\n|drag|p1a: Okidogi|Okidogi, M|95\/100\n|-damage|p1a: Okidogi|89\/100|[from] Stealth Rock\n|\n|-heal|p2a: Ting-Lu|64\/100 brn|[from] item: Leftovers\n|-damage|p2a: Ting-Lu|57\/100 brn|[from] brn\n|upkeep\n|turn|24\n|\n|t:|1700098764\n|move|p1a: Okidogi|Knock Off|p2a: Ting-Lu\n|-damage|p2a: Ting-Lu|27\/100 brn\n|-enditem|p2a: Ting-Lu|Leftovers|[from] move: Knock Off|[of] p1a: Okidogi\n|move|p2a: Ting-Lu|Ruination|p1a: Okidogi|[miss]\n|-miss|p2a: Ting-Lu|p1a: Okidogi\n|\n|-damage|p2a: Ting-Lu|21\/100 brn|[from] brn\n|upkeep\n|turn|25\n|\n|t:|1700098773\n|switch|p1a: Jirachi|Jirachi|75\/100 brn\n|-damage|p1a: Jirachi|69\/100 brn|[from] Stealth Rock\n|move|p2a: Ting-Lu|Ruination|p1a: Jirachi\n|-damage|p1a: Jirachi|35\/100 brn\n|\n|-damage|p1a: Jirachi|29\/100 brn|[from] brn\n|-damage|p2a: Ting-Lu|15\/100 brn|[from] brn\n|upkeep\n|turn|26\n|\n|t:|1700098783\n|switch|p2a: Walking Wake|Walking Wake|84\/100\n|move|p1a: Jirachi|Wish|p1a: Jirachi\n|\n|-damage|p1a: Jirachi|22\/100 brn|[from] brn\n|upkeep\n|turn|27\n|\n|t:|1700098797\n|switch|p1a: Weezing|Weezing-Galar, F|67\/100\n|-damage|p1a: Weezing|54\/100|[from] Stealth Rock\n|move|p2a: Walking Wake|Scald|p1a: Weezing\n|-damage|p1a: Weezing|5\/100\n|-status|p1a: Weezing|brn\n|\n|-heal|p1a: Weezing|65\/100 brn|[from] move: Wish|[wisher] Jirachi\n|-damage|p1a: Weezing|59\/100 brn|[from] brn\n|upkeep\n|turn|28\n|\n|t:|1700098809\n|move|p2a: Walking Wake|Scald|p1a: Weezing\n|-damage|p1a: Weezing|3\/100 brn\n|move|p1a: Weezing|Strange Steam|p2a: Walking Wake\n|-supereffective|p2a: Walking Wake\n|-damage|p2a: Walking Wake|18\/100\n|-start|p2a: Walking Wake|confusion\n|\n|-damage|p1a: Weezing|0 fnt|[from] brn\n|faint|p1a: Weezing\n|upkeep\n|-message|Futz DH on DN forfeited.\n|\n|win|Dryosaurus\n|raw|Futz DH on DN's rating: 1479 &rarr; <strong>1462<\/strong><br \/>(-17 for losing)\n|raw|Dryosaurus's rating: 1525 &rarr; <strong>1542<\/strong><br \/>(+17 for winning)\n|l|\u2606Futz DH on DN\n","uploadtime":1700098838,"views":12,"p1id":"futzdhondn","p2id":"dryosaurus","formatid":"gen9ou","rating":1462,"private":0,"password":""}