{"id":"gen9ou-2000184816","p1":"Shinyxk","p2":"hgskuh","format":"[Gen 9] OU","log":"|j|\u2606Shinyxk\n|j|\u2606hgskuh\n|t:|1701168926\n|gametype|singles\n|player|p1|Shinyxk|youngster-gen8|1000\n|player|p2|hgskuh|102|1000\n|teamsize|p1|1\n|teamsize|p2|6\n|gen|9\n|tier|[Gen 9] OU\n|rated|\n|rule|Sleep Clause Mod: Limit one foe put to sleep\n|rule|Species Clause: Limit one of each Pok\u00e9mon\n|rule|OHKO Clause: OHKO moves are banned\n|rule|Evasion Items Clause: Evasion items are banned\n|rule|Evasion Moves Clause: Evasion moves are banned\n|rule|Endless Battle Clause: Forcing endless battles is banned\n|rule|HP Percentage Mod: HP is shown in percentages\n|clearpoke\n|poke|p1|Kommo-o, F|\n|poke|p2|Torkoal, M|\n|poke|p2|Walking Wake|\n|poke|p2|Great Tusk|\n|poke|p2|Hatterene, F|\n|poke|p2|Iron Moth|\n|poke|p2|Rillaboom, M|\n|teampreview\n|inactive|Battle timer is ON: inactive players will automatically lose when time's up. (requested by Shinyxk)\n|\n|t:|1701168940\n|start\n|switch|p1a: Kommo-o|Kommo-o, F|100\/100\n|switch|p2a: Great Tusk|Great Tusk|100\/100\n|turn|1\n|\n|t:|1701168955\n|move|p2a: Great Tusk|Bulk Up|p2a: Great Tusk\n|-boost|p2a: Great Tusk|atk|1\n|-boost|p2a: Great Tusk|def|1\n|move|p1a: Kommo-o|Clangorous Soul|p1a: Kommo-o\n|-boost|p1a: Kommo-o|atk|1\n|-boost|p1a: Kommo-o|def|1\n|-boost|p1a: Kommo-o|spa|1\n|-boost|p1a: Kommo-o|spd|1\n|-boost|p1a: Kommo-o|spe|1\n|-damage|p1a: Kommo-o|68\/100\n|-enditem|p1a: Kommo-o|Throat Spray\n|-boost|p1a: Kommo-o|spa|1|[from] item: Throat Spray\n|\n|upkeep\n|turn|2\n|\n|t:|1701168968\n|-terastallize|p1a: Kommo-o|Normal\n|move|p1a: Kommo-o|Boomburst|p2a: Great Tusk\n|-damage|p2a: Great Tusk|0 fnt\n|faint|p2a: Great Tusk\n|-end|p2a: Great Tusk|Protosynthesis|[silent]\n|\n|upkeep\n|inactive|hgskuh has 120 seconds left.\n|\n|t:|1701168997\n|switch|p2a: Torkoal|Torkoal, M|100\/100\n|-weather|SunnyDay|[from] ability: Drought|[of] p2a: Torkoal\n|turn|3\n|\n|t:|1701169010\n|move|p1a: Kommo-o|Boomburst|p2a: Torkoal\n|-damage|p2a: Torkoal|0 fnt\n|faint|p2a: Torkoal\n|\n|-weather|SunnyDay|[upkeep]\n|upkeep\n|\n|t:|1701169016\n|switch|p2a: Rillaboom|Rillaboom, M|100\/100\n|-fieldstart|move: Grassy Terrain|[from] ability: Grassy Surge|[of] p2a: Rillaboom\n|turn|4\n|\n|t:|1701169032\n|move|p1a: Kommo-o|Boomburst|p2a: Rillaboom\n|-damage|p2a: Rillaboom|0 fnt\n|faint|p2a: Rillaboom\n|\n|-weather|SunnyDay|[upkeep]\n|-heal|p1a: Kommo-o|74\/100|[from] Grassy Terrain\n|upkeep\n|\n|t:|1701169037\n|switch|p2a: Iron Moth|Iron Moth|100\/100\n|-enditem|p2a: Iron Moth|Booster Energy\n|-activate|p2a: Iron Moth|ability: Quark Drive|[fromitem]\n|-start|p2a: Iron Moth|quarkdrivespe\n|turn|5\n|\n|t:|1701169046\n|-terastallize|p2a: Iron Moth|Ghost\n|move|p2a: Iron Moth|Psychic|p1a: Kommo-o\n|-damage|p1a: Kommo-o|51\/100\n|move|p1a: Kommo-o|Boomburst|p2a: Iron Moth\n|-immune|p2a: Iron Moth\n|\n|-weather|SunnyDay|[upkeep]\n|-heal|p1a: Kommo-o|57\/100|[from] Grassy Terrain\n|upkeep\n|turn|6\n|\n|t:|1701169061\n|move|p2a: Iron Moth|Psychic|p1a: Kommo-o\n|-damage|p1a: Kommo-o|36\/100\n|move|p1a: Kommo-o|Clanging Scales|p2a: Iron Moth\n|-damage|p2a: Iron Moth|6\/100\n|-unboost|p1a: Kommo-o|def|1\n|\n|-weather|SunnyDay|[upkeep]\n|-heal|p2a: Iron Moth|12\/100|[from] Grassy Terrain\n|-heal|p1a: Kommo-o|42\/100|[from] Grassy Terrain\n|upkeep\n|turn|7\n|\n|t:|1701169070\n|move|p2a: Iron Moth|Psychic|p1a: Kommo-o\n|-damage|p1a: Kommo-o|20\/100\n|move|p1a: Kommo-o|Flamethrower|p2a: Iron Moth\n|-damage|p2a: Iron Moth|0 fnt\n|faint|p2a: Iron Moth\n|-end|p2a: Iron Moth|Quark Drive|[silent]\n|\n|-weather|SunnyDay|[upkeep]\n|-heal|p1a: Kommo-o|27\/100|[from] Grassy Terrain\n|upkeep\n|\n|t:|1701169078\n|switch|p2a: Hatterene|Hatterene, F|100\/100\n|turn|8\n|\n|t:|1701169081\n|move|p1a: Kommo-o|Boomburst|p2a: Hatterene\n|-damage|p2a: Hatterene|0 fnt\n|faint|p2a: Hatterene\n|\n|-weather|SunnyDay|[upkeep]\n|-heal|p1a: Kommo-o|33\/100|[from] Grassy Terrain\n|-fieldend|move: Grassy Terrain\n|upkeep\n|\n|t:|1701169087\n|switch|p2a: Walking Wake|Walking Wake|100\/100\n|-activate|p2a: Walking Wake|ability: Protosynthesis\n|-start|p2a: Walking Wake|protosynthesisspe\n|turn|9\n|c|\u2606Shinyxk|ggwp u win\n|\n|t:|1701169095\n|move|p2a: Walking Wake|Draco Meteor|p1a: Kommo-o|[miss]\n|-miss|p2a: Walking Wake|p1a: Kommo-o\n|move|p1a: Kommo-o|Boomburst|p2a: Walking Wake\n|-damage|p2a: Walking Wake|0 fnt\n|faint|p2a: Walking Wake\n|-end|p2a: Walking Wake|Protosynthesis|[silent]\n|\n|win|Shinyxk\n|raw|Shinyxk's rating: 1000 &rarr; <strong>1040<\/strong><br \/>(+40 for winning)\n|raw|hgskuh's rating: 1000 &rarr; <strong>1000<\/strong><br \/>(+0 for losing)\n|l|\u2606hgskuh\n|c|\u2606Shinyxk|nevermind\n|c|\u2606Shinyxk|lol\n|c|\u2606Shinyxk|gg\n","uploadtime":1701169108,"views":14,"p1id":"shinyxk","p2id":"hgskuh","formatid":"gen9ou","rating":1000,"private":0,"password":""}