{"id":"gen9ou-1988849398","p1":"my name is champ","p2":"Official Poyo","format":"[Gen 9] OU","log":"|j|\u2606my name is champ\n|j|\u2606Official Poyo\n|t:|1699773403\n|gametype|singles\n|player|p1|my name is champ|veteran|1593\n|player|p2|Official Poyo|richboy-gen4|1588\n|teamsize|p1|6\n|teamsize|p2|6\n|gen|9\n|tier|[Gen 9] OU\n|rated|\n|rule|Sleep Clause Mod: Limit one foe put to sleep\n|rule|Species Clause: Limit one of each Pok\u00e9mon\n|rule|OHKO Clause: OHKO moves are banned\n|rule|Evasion Items Clause: Evasion items are banned\n|rule|Evasion Moves Clause: Evasion moves are banned\n|rule|Endless Battle Clause: Forcing endless battles is banned\n|rule|HP Percentage Mod: HP is shown in percentages\n|clearpoke\n|poke|p1|Ribombee, F|\n|poke|p1|Ogerpon-Wellspring, F|\n|poke|p1|Iron Moth|\n|poke|p1|Kingambit, M|\n|poke|p1|Gholdengo|\n|poke|p1|Iron Valiant|\n|poke|p2|Sinistcha|\n|poke|p2|Landorus-Therian, M|\n|poke|p2|Samurott-Hisui, F|\n|poke|p2|Cinderace, F|\n|poke|p2|Goodra-Hisui, M|\n|poke|p2|Great Tusk|\n|teampreview\n|\n|t:|1699773418\n|start\n|switch|p1a: Ribombee|Ribombee, F|100\/100\n|switch|p2a: Landorus|Landorus-Therian, M|100\/100\n|-ability|p2a: Landorus|Intimidate|boost\n|-unboost|p1a: Ribombee|atk|1\n|turn|1\n|\n|t:|1699773421\n|move|p1a: Ribombee|Sticky Web|p2a: Landorus\n|-sidestart|p2: Official Poyo|move: Sticky Web\n|move|p2a: Landorus|Stone Edge|p1a: Ribombee\n|-supereffective|p1a: Ribombee\n|-enditem|p1a: Ribombee|Focus Sash\n|-damage|p1a: Ribombee|1\/100\n|\n|upkeep\n|turn|2\n|\n|t:|1699773430\n|move|p1a: Ribombee|Stun Spore|p2a: Landorus\n|-status|p2a: Landorus|par\n|move|p2a: Landorus|U-turn|p1a: Ribombee\n|-resisted|p1a: Ribombee\n|-damage|p1a: Ribombee|0 fnt\n|faint|p1a: Ribombee\n|\n|t:|1699773435\n|switch|p2a: Cinderace|Cinderace, F|100\/100|[from] U-turn\n|\n|upkeep\n|\n|t:|1699773450\n|switch|p1a: Hollow : Purple|Iron Moth|100\/100\n|-enditem|p1a: Hollow : Purple|Booster Energy\n|-activate|p1a: Hollow : Purple|ability: Quark Drive|[fromitem]\n|-start|p1a: Hollow : Purple|quarkdrivespa\n|turn|3\n|\n|t:|1699773456\n|move|p2a: Cinderace|Court Change|p2a: Cinderace\n|-start|p2a: Cinderace|typechange|Normal|[from] ability: Libero\n|-swapsideconditions\n|-activate|p2a: Cinderace|move: Court Change\n|move|p1a: Hollow : Purple|Substitute|p1a: Hollow : Purple\n|-start|p1a: Hollow : Purple|Substitute\n|-damage|p1a: Hollow : Purple|76\/100\n|\n|upkeep\n|turn|4\n|\n|t:|1699773462\n|move|p2a: Cinderace|U-turn|p1a: Hollow : Purple\n|-resisted|p1a: Hollow : Purple\n|-activate|p1a: Hollow : Purple|move: Substitute|[damage]\n|\n|t:|1699773463\n|switch|p2a: Goodra|Goodra-Hisui, M|100\/100|[from] U-turn\n|move|p1a: Hollow : Purple|Fiery Dance|p2a: Goodra\n|-damage|p2a: Goodra|74\/100\n|-boost|p1a: Hollow : Purple|spa|1\n|\n|upkeep\n|turn|5\n|\n|t:|1699773470\n|move|p1a: Hollow : Purple|Fiery Dance|p2a: Goodra\n|-damage|p2a: Goodra|38\/100\n|-boost|p1a: Hollow : Purple|spa|1\n|move|p2a: Goodra|Dragon Tail|p1a: Hollow : Purple\n|-end|p1a: Hollow : Purple|Substitute\n|\n|upkeep\n|turn|6\n|\n|t:|1699773478\n|move|p1a: Hollow : Purple|Fiery Dance|p2a: Goodra\n|-damage|p2a: Goodra|0 fnt\n|faint|p2a: Goodra\n|\n|upkeep\n|\n|t:|1699773482\n|switch|p2a: Great Tusk|Great Tusk|100\/100\n|-enditem|p2a: Great Tusk|Booster Energy\n|-activate|p2a: Great Tusk|ability: Protosynthesis|[fromitem]\n|-start|p2a: Great Tusk|protosynthesisspe\n|turn|7\n|\n|t:|1699773487\n|move|p2a: Great Tusk|Headlong Rush|p1a: Hollow : Purple\n|-supereffective|p1a: Hollow : Purple\n|-damage|p1a: Hollow : Purple|0 fnt\n|-unboost|p2a: Great Tusk|def|1\n|-unboost|p2a: Great Tusk|spd|1\n|faint|p1a: Hollow : Purple\n|-end|p1a: Hollow : Purple|Quark Drive|[silent]\n|\n|upkeep\n|\n|t:|1699773499\n|switch|p1a: Mahoraga|Gholdengo|100\/100\n|-item|p1a: Mahoraga|Air Balloon\n|turn|8\n|\n|t:|1699773507\n|move|p2a: Great Tusk|Ice Spinner|p1a: Mahoraga\n|-resisted|p1a: Mahoraga\n|-damage|p1a: Mahoraga|87\/100\n|-enditem|p1a: Mahoraga|Air Balloon\n|move|p1a: Mahoraga|Dazzling Gleam|p2a: Great Tusk\n|-supereffective|p2a: Great Tusk\n|-damage|p2a: Great Tusk|0 fnt\n|faint|p2a: Great Tusk\n|-end|p2a: Great Tusk|Protosynthesis|[silent]\n|\n|upkeep\n|\n|t:|1699773509\n|switch|p2a: Cinderace|Cinderace, F|100\/100\n|turn|9\n|\n|t:|1699773513\n|move|p2a: Cinderace|Pyro Ball|p1a: Mahoraga\n|-supereffective|p1a: Mahoraga\n|-damage|p1a: Mahoraga|0 fnt\n|faint|p1a: Mahoraga\n|\n|upkeep\n|\n|t:|1699773516\n|switch|p1a: Ogerpon|Ogerpon-Wellspring, F|100\/100\n|-activate|p1a: Ogerpon|move: Sticky Web\n|-unboost|p1a: Ogerpon|spe|1\n|turn|10\n|\n|t:|1699773520\n|move|p2a: Cinderace|Will-O-Wisp|p1a: Ogerpon|[miss]\n|-miss|p2a: Cinderace|p1a: Ogerpon\n|move|p1a: Ogerpon|Ivy Cudgel|p2a: Cinderace\n|-supereffective|p2a: Cinderace\n|-damage|p2a: Cinderace|0 fnt\n|faint|p2a: Cinderace\n|\n|upkeep\n|\n|t:|1699773534\n|switch|p2a: Sinistcha|Sinistcha|100\/100\n|turn|11\n|\n|t:|1699773539\n|move|p1a: Ogerpon|Swords Dance|p1a: Ogerpon\n|-boost|p1a: Ogerpon|atk|2\n|move|p2a: Sinistcha|Iron Defense|p2a: Sinistcha\n|-boost|p2a: Sinistcha|def|2\n|\n|upkeep\n|turn|12\n|\n|t:|1699773544\n|move|p1a: Ogerpon|Power Whip|p2a: Sinistcha\n|-resisted|p2a: Sinistcha\n|-damage|p2a: Sinistcha|73\/100\n|move|p2a: Sinistcha|Iron Defense|p2a: Sinistcha\n|-boost|p2a: Sinistcha|def|2\n|\n|-heal|p2a: Sinistcha|79\/100|[from] item: Leftovers\n|upkeep\n|turn|13\n|\n|t:|1699773547\n|move|p1a: Ogerpon|Play Rough|p2a: Sinistcha\n|-damage|p2a: Sinistcha|61\/100\n|move|p2a: Sinistcha|Calm Mind|p2a: Sinistcha\n|-boost|p2a: Sinistcha|spa|1\n|-boost|p2a: Sinistcha|spd|1\n|\n|-heal|p2a: Sinistcha|67\/100|[from] item: Leftovers\n|upkeep\n|turn|14\n|\n|t:|1699773550\n|move|p1a: Ogerpon|Play Rough|p2a: Sinistcha\n|-damage|p2a: Sinistcha|48\/100\n|move|p2a: Sinistcha|Calm Mind|p2a: Sinistcha\n|-boost|p2a: Sinistcha|spa|1\n|-boost|p2a: Sinistcha|spd|1\n|\n|-heal|p2a: Sinistcha|54\/100|[from] item: Leftovers\n|upkeep\n|turn|15\n|\n|t:|1699773555\n|move|p1a: Ogerpon|Play Rough|p2a: Sinistcha\n|-damage|p2a: Sinistcha|38\/100\n|move|p2a: Sinistcha|Strength Sap|p1a: Ogerpon\n|-unboost|p1a: Ogerpon|atk|1\n|-heal|p2a: Sinistcha|100\/100\n|\n|upkeep\n|turn|16\n|\n|t:|1699773560\n|move|p1a: Ogerpon|Play Rough|p2a: Sinistcha\n|-damage|p2a: Sinistcha|87\/100\n|move|p2a: Sinistcha|Iron Defense|p2a: Sinistcha\n|-boost|p2a: Sinistcha|def|2\n|\n|-heal|p2a: Sinistcha|94\/100|[from] item: Leftovers\n|upkeep\n|turn|17\n|\n|t:|1699773566\n|move|p1a: Ogerpon|Swords Dance|p1a: Ogerpon\n|-boost|p1a: Ogerpon|atk|2\n|move|p2a: Sinistcha|Calm Mind|p2a: Sinistcha\n|-boost|p2a: Sinistcha|spa|1\n|-boost|p2a: Sinistcha|spd|1\n|\n|-heal|p2a: Sinistcha|99\/100|[from] item: Leftovers\n|upkeep\n|turn|18\n|\n|t:|1699773571\n|move|p1a: Ogerpon|Play Rough|p2a: Sinistcha\n|-damage|p2a: Sinistcha|84\/100\n|move|p2a: Sinistcha|Calm Mind|p2a: Sinistcha\n|-boost|p2a: Sinistcha|spa|1\n|-boost|p2a: Sinistcha|spd|1\n|\n|-heal|p2a: Sinistcha|90\/100|[from] item: Leftovers\n|upkeep\n|turn|19\n|\n|t:|1699773576\n|move|p1a: Ogerpon|Play Rough|p2a: Sinistcha\n|-damage|p2a: Sinistcha|75\/100\n|move|p2a: Sinistcha|Matcha Gotcha|p1a: Ogerpon\n|-damage|p1a: Ogerpon|0 fnt\n|-heal|p2a: Sinistcha|100\/100|[from] drain|[of] p1a: Ogerpon\n|faint|p1a: Ogerpon\n|\n|upkeep\n|\n|t:|1699773580\n|switch|p1a: Iron Valiant|Iron Valiant|100\/100\n|-activate|p1a: Iron Valiant|move: Sticky Web\n|-unboost|p1a: Iron Valiant|spe|1\n|-enditem|p1a: Iron Valiant|Booster Energy\n|-activate|p1a: Iron Valiant|ability: Quark Drive|[fromitem]\n|-start|p1a: Iron Valiant|quarkdriveatk\n|turn|20\n|\n|t:|1699773583\n|move|p1a: Iron Valiant|Destiny Bond|p1a: Iron Valiant\n|-singlemove|p1a: Iron Valiant|Destiny Bond\n|move|p2a: Sinistcha|Matcha Gotcha|p1a: Iron Valiant\n|-damage|p1a: Iron Valiant|0 fnt\n|faint|p1a: Iron Valiant\n|-activate|p1a: Iron Valiant|move: Destiny Bond\n|-end|p1a: Iron Valiant|Quark Drive|[silent]\n|faint|p2a: Sinistcha\n|\n|upkeep\n|\n|t:|1699773590\n|switch|p1a: Kingambit|Kingambit, M|100\/100\n|switch|p2a: Landorus|Landorus-Therian, M|100\/100 par\n|-activate|p1a: Kingambit|move: Sticky Web\n|-unboost|p1a: Kingambit|spe|1\n|-activate|p1a: Kingambit|ability: Supreme Overlord\n|-start|p1a: Kingambit|fallen5|[silent]\n|-ability|p2a: Landorus|Intimidate|boost\n|-unboost|p1a: Kingambit|atk|1\n|turn|21\n|\n|t:|1699773599\n|-terastallize|p1a: Kingambit|Fighting\n|move|p1a: Kingambit|Swords Dance|p1a: Kingambit\n|-boost|p1a: Kingambit|atk|2\n|move|p2a: Landorus|Stone Edge|p1a: Kingambit\n|-resisted|p1a: Kingambit\n|-damage|p1a: Kingambit|88\/100\n|\n|upkeep\n|turn|22\n|\n|t:|1699773605\n|move|p1a: Kingambit|Sucker Punch|p2a: Landorus\n|-damage|p2a: Landorus|32\/100 par\n|-damage|p1a: Kingambit|71\/100|[from] item: Rocky Helmet|[of] p2a: Landorus\n|cant|p2a: Landorus|par\n|\n|upkeep\n|turn|23\n|\n|t:|1699773613\n|move|p1a: Kingambit|Iron Head|p2a: Landorus\n|-damage|p2a: Landorus|0 fnt\n|-damage|p1a: Kingambit|55\/100|[from] item: Rocky Helmet|[of] p2a: Landorus\n|faint|p2a: Landorus\n|\n|upkeep\n|\n|t:|1699773615\n|switch|p2a: Samurott|Samurott-Hisui, F|100\/100\n|turn|24\n|\n|t:|1699773618\n|move|p2a: Samurott|Razor Shell|p1a: Kingambit\n|-damage|p1a: Kingambit|0 fnt\n|faint|p1a: Kingambit\n|-end|p1a: Kingambit|fallen5|[silent]\n|\n|win|Official Poyo\n|raw|my name is champ's rating: 1593 &rarr; <strong>1573<\/strong><br \/>(-20 for losing)\n|raw|Official Poyo's rating: 1588 &rarr; <strong>1608<\/strong><br \/>(+20 for winning)\n|l|\u2606my name is champ\n|c|\u2606Official Poyo|gg\n","uploadtime":1699773626,"views":20,"p1id":"mynameischamp","p2id":"officialpoyo","formatid":"gen9ou","rating":1573,"private":0,"password":""}