{"id":"gen9ou-1992329286","p1":"celzmaru","p2":"ShadqwDrag","format":"[Gen 9] OU","log":"|j|\u2606celzmaru\n|j|\u2606ShadqwDrag\n|t:|1700175273\n|gametype|singles\n|player|p1|celzmaru|roxie|1025\n|player|p2|ShadqwDrag|cynthia-gen4|1048\n|teamsize|p1|6\n|teamsize|p2|6\n|gen|9\n|tier|[Gen 9] OU\n|rated|\n|rule|Sleep Clause Mod: Limit one foe put to sleep\n|rule|Species Clause: Limit one of each Pok\u00e9mon\n|rule|OHKO Clause: OHKO moves are banned\n|rule|Evasion Items Clause: Evasion items are banned\n|rule|Evasion Moves Clause: Evasion moves are banned\n|rule|Endless Battle Clause: Forcing endless battles is banned\n|rule|HP Percentage Mod: HP is shown in percentages\n|clearpoke\n|poke|p1|Meowscarada, M|\n|poke|p1|Dragapult, M|\n|poke|p1|Cinderace, M|\n|poke|p1|Ogerpon-Wellspring, F|\n|poke|p1|Gholdengo|\n|poke|p1|Slither Wing|\n|poke|p2|Glimmora, M|\n|poke|p2|Skeledirge, M|\n|poke|p2|Cinderace, F|\n|poke|p2|Kingambit, M|\n|poke|p2|Iron Valiant|\n|poke|p2|Amoonguss, M|\n|teampreview\n|\n|t:|1700175303\n|start\n|switch|p1a: Moeru Ga|Slither Wing|100\/100\n|switch|p2a: Iron Valiant|Iron Valiant|100\/100\n|turn|1\n|\n|t:|1700175317\n|move|p2a: Iron Valiant|Dazzling Gleam|p1a: Moeru Ga\n|-supereffective|p1a: Moeru Ga\n|-damage|p1a: Moeru Ga|24\/100\n|move|p1a: Moeru Ga|U-turn|p2a: Iron Valiant\n|-resisted|p2a: Iron Valiant\n|-crit|p2a: Iron Valiant\n|-damage|p2a: Iron Valiant|82\/100\n|\n|t:|1700175328\n|-end|p1a: Moeru Ga|Protosynthesis|[silent]\n|switch|p1a: Hades|Dragapult, M|100\/100|[from] U-turn\n|\n|-heal|p2a: Iron Valiant|88\/100|[from] item: Leftovers\n|upkeep\n|turn|2\n|\n|t:|1700175336\n|move|p1a: Hades|Reflect|p1a: Hades\n|-sidestart|p1: celzmaru|Reflect\n|move|p2a: Iron Valiant|Dazzling Gleam|p1a: Hades\n|-supereffective|p1a: Hades\n|-damage|p1a: Hades|0 fnt\n|faint|p1a: Hades\n|\n|-heal|p2a: Iron Valiant|94\/100|[from] item: Leftovers\n|upkeep\n|\n|t:|1700175342\n|switch|p1a: Portugal|Gholdengo|100\/100\n|turn|3\n|\n|t:|1700175358\n|-end|p2a: Iron Valiant|Quark Drive|[silent]\n|switch|p2a: Skeledirge|Skeledirge, M|100\/100\n|-terastallize|p1a: Portugal|Steel\n|move|p1a: Portugal|Make It Rain|p2a: Skeledirge\n|-resisted|p2a: Skeledirge\n|-damage|p2a: Skeledirge|56\/100\n|-unboost|p1a: Portugal|spa|1\n|\n|upkeep\n|turn|4\n|\n|t:|1700175372\n|move|p1a: Portugal|Shadow Ball|p2a: Skeledirge\n|-supereffective|p2a: Skeledirge\n|-damage|p2a: Skeledirge|0 fnt\n|faint|p2a: Skeledirge\n|\n|upkeep\n|\n|t:|1700175378\n|switch|p2a: Iron Valiant|Iron Valiant|94\/100\n|turn|5\n|\n|t:|1700175393\n|move|p2a: Iron Valiant|Close Combat|p1a: Portugal\n|-supereffective|p1a: Portugal\n|-damage|p1a: Portugal|38\/100\n|-unboost|p2a: Iron Valiant|def|1\n|-unboost|p2a: Iron Valiant|spd|1\n|move|p1a: Portugal|Nasty Plot|p1a: Portugal\n|-boost|p1a: Portugal|spa|2\n|\n|-heal|p2a: Iron Valiant|99\/100|[from] item: Leftovers\n|upkeep\n|turn|6\n|\n|t:|1700175408\n|move|p2a: Iron Valiant|Drain Punch|p1a: Portugal\n|-supereffective|p1a: Portugal\n|-damage|p1a: Portugal|0 fnt\n|-heal|p2a: Iron Valiant|100\/100|[from] drain|[of] p1a: Portugal\n|faint|p1a: Portugal\n|\n|upkeep\n|\n|t:|1700175415\n|switch|p1a: Clorofila|Ogerpon-Wellspring, F|100\/100\n|turn|7\n|\n|t:|1700175447\n|-end|p2a: Iron Valiant|Quark Drive|[silent]\n|switch|p2a: Glimmora|Glimmora, M|100\/100\n|move|p1a: Clorofila|Ivy Cudgel|p2a: Glimmora|[anim] Ivy Cudgel Water\n|-supereffective|p2a: Glimmora\n|-enditem|p2a: Glimmora|Focus Sash\n|-damage|p2a: Glimmora|1\/100\n|-activate|p2a: Glimmora|ability: Toxic Debris\n|-sidestart|p1: celzmaru|move: Toxic Spikes\n|\n|upkeep\n|turn|8\n|\n|t:|1700175459\n|move|p1a: Clorofila|Horn Leech|p2a: Glimmora\n|-damage|p2a: Glimmora|0 fnt\n|-activate|p2a: Glimmora|ability: Toxic Debris\n|-sidestart|p1: celzmaru|move: Toxic Spikes\n|faint|p2a: Glimmora\n|\n|upkeep\n|\n|t:|1700175472\n|switch|p2a: Cinderace|Cinderace, F, shiny|100\/100\n|turn|9\n|\n|t:|1700175488\n|move|p2a: Cinderace|U-turn|p1a: Clorofila\n|-start|p2a: Cinderace|typechange|Bug|[from] ability: Libero\n|-supereffective|p1a: Clorofila\n|-damage|p1a: Clorofila|44\/100\n|-damage|p2a: Cinderace|91\/100|[from] item: Life Orb\n|\n|t:|1700175497\n|switch|p2a: Amoonguss|Amoonguss, M|100\/100|[from] U-turn\n|move|p1a: Clorofila|Ivy Cudgel|p2a: Amoonguss|[anim] Ivy Cudgel Water\n|-resisted|p2a: Amoonguss\n|-damage|p2a: Amoonguss|69\/100\n|\n|-sideend|p1: celzmaru|Reflect\n|upkeep\n|turn|10\n|\n|t:|1700175511\n|move|p1a: Clorofila|U-turn|p2a: Amoonguss\n|-damage|p2a: Amoonguss|38\/100\n|\n|t:|1700175520\n|switch|p1a: Itoshi Sae|Cinderace, M|100\/100|[from] U-turn\n|move|p2a: Amoonguss|Spore|p1a: Itoshi Sae\n|-status|p1a: Itoshi Sae|slp|[from] move: Spore\n|\n|upkeep\n|turn|11\n|\n|t:|1700175543\n|switch|p2a: Iron Valiant|Iron Valiant|100\/100\n|cant|p1a: Itoshi Sae|slp\n|\n|upkeep\n|turn|12\n|\n|t:|1700175554\n|cant|p1a: Itoshi Sae|slp\n|move|p2a: Iron Valiant|Calm Mind|p2a: Iron Valiant\n|-boost|p2a: Iron Valiant|spa|1\n|-boost|p2a: Iron Valiant|spd|1\n|\n|upkeep\n|turn|13\n|\n|t:|1700175562\n|-curestatus|p1a: Itoshi Sae|slp|[msg]\n|move|p1a: Itoshi Sae|Court Change|p1a: Itoshi Sae\n|-start|p1a: Itoshi Sae|typechange|Normal|[from] ability: Libero\n|-swapsideconditions\n|-activate|p1a: Itoshi Sae|move: Court Change\n|move|p2a: Iron Valiant|Calm Mind|p2a: Iron Valiant\n|-boost|p2a: Iron Valiant|spa|1\n|-boost|p2a: Iron Valiant|spd|1\n|\n|upkeep\n|turn|14\n|\n|t:|1700175573\n|move|p1a: Itoshi Sae|Pyro Ball|p2a: Iron Valiant\n|-damage|p2a: Iron Valiant|43\/100\n|move|p2a: Iron Valiant|Close Combat|p1a: Itoshi Sae\n|-supereffective|p1a: Itoshi Sae\n|-damage|p1a: Itoshi Sae|0 fnt\n|-unboost|p2a: Iron Valiant|def|1\n|-unboost|p2a: Iron Valiant|spd|1\n|faint|p1a: Itoshi Sae\n|\n|-heal|p2a: Iron Valiant|49\/100|[from] item: Leftovers\n|upkeep\n|\n|t:|1700175585\n|switch|p1a: Freckle|Meowscarada, M, shiny|100\/100\n|turn|15\n|\n|t:|1700175594\n|move|p1a: Freckle|Flower Trick|p2a: Iron Valiant\n|-start|p1a: Freckle|typechange|Grass|[from] ability: Protean\n|-crit|p2a: Iron Valiant\n|-damage|p2a: Iron Valiant|0 fnt\n|faint|p2a: Iron Valiant\n|-end|p2a: Iron Valiant|Quark Drive|[silent]\n|\n|upkeep\n|\n|t:|1700175602\n|switch|p2a: Cinderace|Cinderace, F, shiny|91\/100\n|-status|p2a: Cinderace|tox\n|turn|16\n|\n|t:|1700175617\n|move|p2a: Cinderace|Pyro Ball|p1a: Freckle\n|-supereffective|p1a: Freckle\n|-damage|p1a: Freckle|0 fnt\n|faint|p1a: Freckle\n|-damage|p2a: Cinderace|81\/100 tox|[from] item: Life Orb\n|\n|-damage|p2a: Cinderace|75\/100 tox|[from] psn\n|upkeep\n|\n|t:|1700175624\n|switch|p1a: Clorofila|Ogerpon-Wellspring, F|44\/100\n|turn|17\n|\n|t:|1700175630\n|move|p2a: Cinderace|U-turn|p1a: Clorofila\n|-start|p2a: Cinderace|typechange|Bug|[from] ability: Libero\n|-supereffective|p1a: Clorofila\n|-damage|p1a: Clorofila|0 fnt\n|faint|p1a: Clorofila\n|-damage|p2a: Cinderace|65\/100 tox|[from] item: Life Orb\n|\n|t:|1700175641\n|switch|p2a: Amoonguss|Amoonguss, M|38\/100|[from] U-turn\n|-sideend|p2: ShadqwDrag|move: Toxic Spikes|[of] p2a: Amoonguss\n|\n|upkeep\n|\n|t:|1700175645\n|switch|p1a: Moeru Ga|Slither Wing|24\/100\n|turn|18\n|\n|t:|1700175654\n|move|p1a: Moeru Ga|Earthquake|p2a: Amoonguss\n|-damage|p2a: Amoonguss|0 fnt\n|faint|p2a: Amoonguss\n|\n|upkeep\n|\n|t:|1700175659\n|switch|p2a: Cinderace|Cinderace, F, shiny|65\/100 tox\n|turn|19\n|\n|t:|1700175678\n|move|p2a: Cinderace|Pyro Ball|p1a: Moeru Ga\n|-supereffective|p1a: Moeru Ga\n|-crit|p1a: Moeru Ga\n|-damage|p1a: Moeru Ga|0 fnt\n|faint|p1a: Moeru Ga\n|-end|p1a: Moeru Ga|Protosynthesis|[silent]\n|-damage|p2a: Cinderace|55\/100 tox|[from] item: Life Orb\n|\n|win|ShadqwDrag\n|raw|celzmaru's rating: 1025 &rarr; <strong>1012<\/strong><br \/>(-13 for losing)\n|raw|ShadqwDrag's rating: 1048 &rarr; <strong>1079<\/strong><br \/>(+31 for winning)\n|c|\u2606ShadqwDrag|gg\n|l|\u2606celzmaru\n|l|\u2606ShadqwDrag\n|j|\u2606ShadqwDrag\n|player|p2|ShadqwDrag|cynthia-gen4\n","uploadtime":1700175754,"views":14,"p1id":"celzmaru","p2id":"shadqwdrag","formatid":"gen9ou","rating":1012,"private":0,"password":""}