{"id":"gen9ou-1994068402","p1":"Somoral","p2":"yamiyami17","format":"[Gen 9] OU","log":"|j|\u2606Somoral\n|j|\u2606yamiyami17\n|t:|1700402672\n|gametype|singles\n|player|p1|Somoral|bruno|1156\n|player|p2|yamiyami17|170|1192\n|teamsize|p1|6\n|teamsize|p2|6\n|gen|9\n|tier|[Gen 9] OU\n|rated|\n|rule|Sleep Clause Mod: Limit one foe put to sleep\n|rule|Species Clause: Limit one of each Pok\u00e9mon\n|rule|OHKO Clause: OHKO moves are banned\n|rule|Evasion Items Clause: Evasion items are banned\n|rule|Evasion Moves Clause: Evasion moves are banned\n|rule|Endless Battle Clause: Forcing endless battles is banned\n|rule|HP Percentage Mod: HP is shown in percentages\n|clearpoke\n|poke|p1|Weavile, M|\n|poke|p1|Gholdengo|\n|poke|p1|Gyarados, M|\n|poke|p1|Dragapult, M|\n|poke|p1|Tinkaton, F|\n|poke|p1|Ceruledge, F|\n|poke|p2|Sinistcha-Masterpiece|\n|poke|p2|Snorlax, F|\n|poke|p2|Cloyster, M|\n|poke|p2|Glimmora, M|\n|poke|p2|Ceruledge, M|\n|poke|p2|Kommo-o, M|\n|teampreview\n|inactive|Battle timer is ON: inactive players will automatically lose when time's up. (requested by Somoral)\n|\n|t:|1700402681\n|start\n|switch|p1a: Tinkaton|Tinkaton, F|100\/100\n|switch|p2a: Kommo-o|Kommo-o, M|100\/100\n|-ability|p1a: Tinkaton|Mold Breaker\n|turn|1\n|\n|t:|1700402692\n|switch|p2a: Glimmora|Glimmora, M|100\/100\n|move|p1a: Tinkaton|Stealth Rock|p2a: Glimmora\n|-sidestart|p2: yamiyami17|move: Stealth Rock\n|\n|upkeep\n|turn|2\n|\n|t:|1700402697\n|move|p1a: Tinkaton|Gigaton Hammer|p2a: Glimmora\n|-supereffective|p2a: Glimmora\n|-damage|p2a: Glimmora|23\/100\n|-activate|p2a: Glimmora|ability: Toxic Debris\n|-sidestart|p1: Somoral|move: Toxic Spikes\n|move|p2a: Glimmora|Spikes|p1a: Tinkaton\n|-sidestart|p1: Somoral|Spikes\n|\n|-heal|p2a: Glimmora|29\/100|[from] item: Leftovers\n|upkeep\n|turn|3\n|\n|t:|1700402716\n|switch|p1a: Dragapult|Dragapult, M|100\/100\n|move|p2a: Glimmora|Stealth Rock|p1a: Dragapult\n|-sidestart|p1: Somoral|move: Stealth Rock\n|\n|-heal|p2a: Glimmora|35\/100|[from] item: Leftovers\n|upkeep\n|turn|4\n|\n|t:|1700402724\n|move|p1a: Dragapult|Draco Meteor|p2a: Glimmora\n|-damage|p2a: Glimmora|0 fnt\n|-unboost|p1a: Dragapult|spa|2\n|faint|p2a: Glimmora\n|\n|upkeep\n|\n|t:|1700402729\n|switch|p2a: Kommo-o|Kommo-o, M|100\/100\n|-damage|p2a: Kommo-o|94\/100|[from] Stealth Rock\n|turn|5\n|\n|t:|1700402736\n|move|p1a: Dragapult|U-turn|p2a: Kommo-o\n|-resisted|p2a: Kommo-o\n|-damage|p2a: Kommo-o|87\/100\n|\n|t:|1700402741\n|switch|p1a: Tinkaton|Tinkaton, F|100\/100|[from] U-turn\n|-damage|p1a: Tinkaton|88\/100|[from] Spikes\n|-damage|p1a: Tinkaton|82\/100|[from] Stealth Rock\n|-ability|p1a: Tinkaton|Mold Breaker\n|move|p2a: Kommo-o|Clangorous Soul|p2a: Kommo-o\n|-boost|p2a: Kommo-o|atk|1\n|-boost|p2a: Kommo-o|def|1\n|-boost|p2a: Kommo-o|spa|1\n|-boost|p2a: Kommo-o|spd|1\n|-boost|p2a: Kommo-o|spe|1\n|-damage|p2a: Kommo-o|54\/100\n|\n|-heal|p2a: Kommo-o|60\/100|[from] item: Leftovers\n|-heal|p1a: Tinkaton|88\/100|[from] item: Leftovers\n|upkeep\n|turn|6\n|\n|t:|1700402750\n|move|p1a: Tinkaton|Fake Out|p2a: Kommo-o\n|-damage|p2a: Kommo-o|54\/100\n|cant|p2a: Kommo-o|flinch\n|\n|-heal|p2a: Kommo-o|60\/100|[from] item: Leftovers\n|-heal|p1a: Tinkaton|94\/100|[from] item: Leftovers\n|upkeep\n|turn|7\n|\n|t:|1700402754\n|move|p2a: Kommo-o|Drain Punch|p1a: Tinkaton\n|-damage|p1a: Tinkaton|21\/100\n|-heal|p2a: Kommo-o|99\/100|[from] drain|[of] p1a: Tinkaton\n|move|p1a: Tinkaton|Gigaton Hammer|p2a: Kommo-o\n|-damage|p2a: Kommo-o|58\/100\n|\n|-heal|p2a: Kommo-o|64\/100|[from] item: Leftovers\n|-heal|p1a: Tinkaton|27\/100|[from] item: Leftovers\n|upkeep\n|turn|8\n|\n|t:|1700402759\n|move|p2a: Kommo-o|Drain Punch|p1a: Tinkaton\n|-damage|p1a: Tinkaton|0 fnt\n|-heal|p2a: Kommo-o|79\/100|[from] drain|[of] p1a: Tinkaton\n|faint|p1a: Tinkaton\n|\n|-heal|p2a: Kommo-o|85\/100|[from] item: Leftovers\n|upkeep\n|\n|t:|1700402765\n|switch|p1a: Gyarados|Gyarados, M, shiny|100\/100\n|-damage|p1a: Gyarados|76\/100|[from] Stealth Rock\n|-ability|p1a: Gyarados|Intimidate|boost\n|-unboost|p2a: Kommo-o|atk|1\n|turn|9\n|\n|t:|1700402785\n|move|p2a: Kommo-o|Outrage|p1a: Gyarados\n|-crit|p1a: Gyarados\n|-damage|p1a: Gyarados|0 fnt\n|faint|p1a: Gyarados\n|\n|-heal|p2a: Kommo-o|91\/100|[from] item: Leftovers\n|upkeep\n|-message|Somoral forfeited.\n|\n|win|yamiyami17\n|raw|Somoral's rating: 1156 &rarr; <strong>1134<\/strong><br \/>(-22 for losing)\n|raw|yamiyami17's rating: 1192 &rarr; <strong>1214<\/strong><br \/>(+22 for winning)\n|l|\u2606Somoral\n","uploadtime":1700402796,"views":7,"p1id":"somoral","p2id":"yamiyami17","formatid":"gen9ou","rating":1134,"private":0,"password":""}