{"id":"gen9ou-1988352371","p1":"Ogerponk","p2":"Bohbohboh","format":"[Gen 9] OU","log":"|j|\u2606Ogerponk\n|j|\u2606Bohbohboh\n|t:|1699712718\n|gametype|singles\n|player|p1|Ogerponk|erika|\n|player|p2|Bohbohboh|1|\n|teamsize|p1|6\n|teamsize|p2|6\n|gen|9\n|tier|[Gen 9] OU\n|rule|Sleep Clause Mod: Limit one foe put to sleep\n|rule|Species Clause: Limit one of each Pok\u00e9mon\n|rule|OHKO Clause: OHKO moves are banned\n|rule|Evasion Items Clause: Evasion items are banned\n|rule|Evasion Moves Clause: Evasion moves are banned\n|rule|Endless Battle Clause: Forcing endless battles is banned\n|rule|HP Percentage Mod: HP is shown in percentages\n|clearpoke\n|poke|p1|Electrode|\n|poke|p1|Thundurus, M|\n|poke|p1|Mienshao, F|\n|poke|p1|Decidueye, M|\n|poke|p1|Cresselia, F|\n|poke|p1|Luxray, F|\n|poke|p2|Typhlosion, F|\n|poke|p2|Tornadus, M|\n|poke|p2|Sandaconda, M|\n|poke|p2|Salamence, M|\n|poke|p2|Dugtrio, F|\n|poke|p2|Toxicroak, F|\n|teampreview\n|c|\u2606Bohbohboh|hmm\n|c|\u2606Ogerponk|hmmm\n|\n|t:|1699712738\n|start\n|switch|p1a: Kaboom|Electrode, shiny|100\/100\n|switch|p2a: Sandaconda|Sandaconda, M|100\/100\n|turn|1\n|\n|t:|1699712746\n|move|p1a: Kaboom|Foul Play|p2a: Sandaconda\n|-damage|p2a: Sandaconda|73\/100\n|-weather|Sandstorm|[from] ability: Sand Spit|[of] p2a: Sandaconda\n|move|p2a: Sandaconda|Stealth Rock|p1a: Kaboom\n|-sidestart|p1: Ogerponk|move: Stealth Rock\n|\n|-weather|Sandstorm|[upkeep]\n|-damage|p1a: Kaboom|94\/100|[from] Sandstorm\n|-heal|p2a: Sandaconda|80\/100|[from] item: Leftovers\n|upkeep\n|turn|2\n|\n|t:|1699712753\n|move|p1a: Kaboom|Explosion|p2a: Sandaconda\n|-damage|p2a: Sandaconda|54\/100\n|faint|p1a: Kaboom\n|move|p2a: Sandaconda|Earthquake|p1: Kaboom|[notarget]\n|-fail|p2a: Sandaconda\n|\n|-weather|Sandstorm|[upkeep]\n|-heal|p2a: Sandaconda|60\/100|[from] item: Leftovers\n|upkeep\n|c|\u2606Bohbohboh|:)))))))))))))))))))))))))))))\\\n|c|\u2606Ogerponk|b\u1eb1ng c\u00e1ch n\u00e0o \u0111\u00f3 t\u00f4i \u0111\u00e3 \u0111o\u00e1n c\u00f3 salamance\n|\n|t:|1699712772\n|switch|p1a: Decidueye|Decidueye, M, shiny|100\/100\n|-damage|p1a: Decidueye|88\/100|[from] Stealth Rock\n|turn|3\n|\n|t:|1699712778\n|switch|p2a: Salamence|Salamence, M|100\/100\n|move|p1a: Decidueye|Grass Knot|p2a: Salamence\n|-resisted|p2a: Salamence\n|-damage|p2a: Salamence|85\/100\n|\n|-weather|Sandstorm|[upkeep]\n|-damage|p2a: Salamence|79\/100|[from] Sandstorm\n|-damage|p1a: Decidueye|82\/100|[from] Sandstorm\n|-heal|p2a: Salamence|85\/100|[from] item: Leftovers\n|-heal|p1a: Decidueye|88\/100|[from] item: Leftovers\n|upkeep\n|turn|4\n|\n|t:|1699712787\n|move|p2a: Salamence|Dual Wingbeat|p1a: Decidueye\n|-supereffective|p1a: Decidueye\n|-damage|p1a: Decidueye|31\/100\n|-supereffective|p1a: Decidueye\n|-damage|p1a: Decidueye|0 fnt\n|faint|p1a: Decidueye\n|-ability|p2a: Salamence|Moxie|boost\n|-boost|p2a: Salamence|atk|1\n|-hitcount|p1: Decidueye|2\n|\n|-weather|Sandstorm|[upkeep]\n|-damage|p2a: Salamence|79\/100|[from] Sandstorm\n|-heal|p2a: Salamence|85\/100|[from] item: Leftovers\n|upkeep\n|\n|t:|1699712794\n|switch|p1a: Thundurus|Thundurus, M|100\/100\n|turn|5\n|\n|t:|1699712804\n|move|p1a: Thundurus|Thunder Wave|p2a: Salamence|[miss]\n|-miss|p1a: Thundurus|p2a: Salamence\n|move|p2a: Salamence|Dragon Claw|p1a: Thundurus\n|-damage|p1a: Thundurus|0 fnt\n|faint|p1a: Thundurus\n|-ability|p2a: Salamence|Moxie|boost\n|-boost|p2a: Salamence|atk|1\n|\n|-weather|none\n|-heal|p2a: Salamence|91\/100|[from] item: Leftovers\n|upkeep\n|c|\u2606Ogerponk|nvm ded\n|\n|t:|1699712810\n|switch|p1a: Luxray|Luxray, F, shiny|100\/100\n|-ability|p1a: Luxray|Intimidate|boost\n|-unboost|p2a: Salamence|atk|1\n|turn|6\n|\n|t:|1699712820\n|move|p2a: Salamence|Earthquake|p1a: Luxray\n|-supereffective|p1a: Luxray\n|-damage|p1a: Luxray|0 fnt\n|faint|p1a: Luxray\n|-ability|p2a: Salamence|Moxie|boost\n|-boost|p2a: Salamence|atk|1\n|\n|-heal|p2a: Salamence|97\/100|[from] item: Leftovers\n|upkeep\n|\n|t:|1699712823\n|switch|p1a: Cresselia|Cresselia, F, shiny|100\/100\n|-damage|p1a: Cresselia|88\/100|[from] Stealth Rock\n|turn|7\n|\n|t:|1699712844\n|-terastallize|p2a: Salamence|Fire\n|move|p2a: Salamence|Dragon Dance|p2a: Salamence\n|-boost|p2a: Salamence|atk|1\n|-boost|p2a: Salamence|spe|1\n|move|p1a: Cresselia|Thunder Wave|p2a: Salamence\n|-status|p2a: Salamence|par\n|\n|-heal|p2a: Salamence|100\/100 par|[from] item: Leftovers\n|-heal|p1a: Cresselia|94\/100|[from] item: Leftovers\n|upkeep\n|turn|8\n|c|\u2606Bohbohboh|dead\n|\n|t:|1699712855\n|move|p2a: Salamence|Dual Wingbeat|p1a: Cresselia\n|-damage|p1a: Cresselia|55\/100\n|-damage|p1a: Cresselia|10\/100\n|-hitcount|p1a: Cresselia|2\n|move|p1a: Cresselia|Future Sight|p2a: Salamence\n|-start|p1a: Cresselia|move: Future Sight\n|\n|-heal|p1a: Cresselia|16\/100|[from] item: Leftovers\n|upkeep\n|turn|9\n|\n|t:|1699712865\n|move|p2a: Salamence|Dual Wingbeat|p1a: Cresselia\n|-damage|p1a: Cresselia|0 fnt\n|faint|p1a: Cresselia\n|-ability|p2a: Salamence|Moxie|boost\n|-boost|p2a: Salamence|atk|1\n|-hitcount|p1: Cresselia|1\n|\n|upkeep\n|\n|t:|1699712868\n|switch|p1a: Mienshao|Mienshao, F, shiny|100\/100\n|-damage|p1a: Mienshao|95\/100|[from] Stealth Rock\n|turn|10\n|\n|t:|1699712873\n|move|p1a: Mienshao|Fake Out|p2a: Salamence\n|-damage|p2a: Salamence|80\/100 par\n|-damage|p1a: Mienshao|85\/100|[from] item: Life Orb\n|cant|p2a: Salamence|flinch\n|\n|-end|p2a: Salamence|move: Future Sight\n|-damage|p2a: Salamence|23\/100 par\n|-heal|p2a: Salamence|29\/100 par|[from] item: Leftovers\n|upkeep\n|turn|11\n|\n|t:|1699712881\n|-terastallize|p1a: Mienshao|Water\n|move|p1a: Mienshao|Knock Off|p2a: Salamence\n|-damage|p2a: Salamence|0 fnt\n|-enditem|p2a: Salamence|Leftovers|[from] move: Knock Off|[of] p1a: Mienshao\n|faint|p2a: Salamence\n|-damage|p1a: Mienshao|75\/100|[from] item: Life Orb\n|\n|upkeep\n|c|\u2606Bohbohboh|ch\u1ebft v\u00ec lo\n|\n|t:|1699712898\n|switch|p2a: Dugtrio|Dugtrio, F|100\/100\n|turn|12\n|c|\u2606Ogerponk|chet vi thunder wave thundu h\u1ee5t\n|\n|t:|1699712912\n|move|p2a: Dugtrio|Earthquake|p1a: Mienshao\n|-damage|p1a: Mienshao|0 fnt\n|faint|p1a: Mienshao\n|\n|win|Bohbohboh\n|c|\u2606Bohbohboh|:)))\u00f4 c\u00f2n j \u0111\u00e2u\n","uploadtime":1699712921,"views":21,"p1id":"ogerponk","p2id":"bohbohboh","formatid":"gen9ou","rating":0,"private":0,"password":""}