{"id":"gen9ou-1993233247","p1":"Ctannn","p2":"ratiogod64","format":"[Gen 9] OU","log":"|j|\u2606Ctannn\n|j|\u2606ratiogod64\n|t:|1700281683\n|gametype|singles\n|player|p1|Ctannn|170|1711\n|player|p2|ratiogod64|waitress-gen4|1603\n|teamsize|p1|6\n|teamsize|p2|6\n|gen|9\n|tier|[Gen 9] OU\n|rated|\n|rule|Sleep Clause Mod: Limit one foe put to sleep\n|rule|Species Clause: Limit one of each Pok\u00e9mon\n|rule|OHKO Clause: OHKO moves are banned\n|rule|Evasion Items Clause: Evasion items are banned\n|rule|Evasion Moves Clause: Evasion moves are banned\n|rule|Endless Battle Clause: Forcing endless battles is banned\n|rule|HP Percentage Mod: HP is shown in percentages\n|clearpoke\n|poke|p1|Kingambit, F|\n|poke|p1|Ribombee, F|\n|poke|p1|Gholdengo|\n|poke|p1|Dragapult, F|\n|poke|p1|Iron Moth|\n|poke|p1|Greninja-*, M|\n|poke|p2|Rillaboom, F|\n|poke|p2|Sneasler, M|\n|poke|p2|Zamazenta-*|\n|poke|p2|Manaphy|\n|poke|p2|Heatran, M|\n|poke|p2|Hatterene, F|\n|teampreview\n|inactive|Battle timer is ON: inactive players will automatically lose when time's up. (requested by Ctannn)\n|inactive|ratiogod64 has 120 seconds left.\n|c|\u2606ratiogod64|alr\n|c|\u2606ratiogod64|Im ready\n|c|\u2606ratiogod64|ets go\n|\n|t:|1700281741\n|start\n|switch|p1a: Greninja|Greninja, M|100\/100\n|switch|p2a: Heatran|Heatran, M|100\/100\n|-item|p2a: Heatran|Air Balloon\n|turn|1\n|\n|t:|1700281749\n|switch|p1a: Ribombee|Ribombee, F|100\/100\n|switch|p2a: Zamazenta|Zamazenta|100\/100\n|-ability|p2a: Zamazenta|Dauntless Shield|boost\n|-boost|p2a: Zamazenta|def|1\n|\n|upkeep\n|turn|2\n|\n|t:|1700281754\n|move|p2a: Zamazenta|Heavy Slam|p1a: Ribombee\n|-supereffective|p1a: Ribombee\n|-enditem|p1a: Ribombee|Focus Sash\n|-damage|p1a: Ribombee|1\/100\n|move|p1a: Ribombee|Moonblast|p2a: Zamazenta\n|-supereffective|p2a: Zamazenta\n|-damage|p2a: Zamazenta|34\/100\n|\n|-heal|p2a: Zamazenta|40\/100|[from] item: Leftovers\n|upkeep\n|turn|3\n|\n|t:|1700281765\n|switch|p1a: Dragapult|Dragapult, F|100\/100\n|move|p2a: Zamazenta|Body Press|p1a: Dragapult\n|-immune|p1a: Dragapult\n|\n|-heal|p2a: Zamazenta|46\/100|[from] item: Leftovers\n|upkeep\n|turn|4\n|\n|t:|1700281769\n|move|p1a: Dragapult|U-turn|p2a: Zamazenta\n|-resisted|p2a: Zamazenta\n|-damage|p2a: Zamazenta|38\/100\n|\n|t:|1700281774\n|switch|p1a: Greninja|Greninja, M|100\/100|[from] U-turn\n|move|p2a: Zamazenta|Crunch|p1a: Greninja\n|-resisted|p1a: Greninja\n|-damage|p1a: Greninja|82\/100\n|-unboost|p1a: Greninja|def|1\n|\n|-heal|p2a: Zamazenta|45\/100|[from] item: Leftovers\n|upkeep\n|turn|5\n|c|\u2606ratiogod64|max speed dragapult?\n|c|\u2606ratiogod64|u are crazy\n|\n|t:|1700281781\n|switch|p1a: Dragapult|Dragapult, F|100\/100\n|move|p2a: Zamazenta|Body Press|p1a: Dragapult\n|-immune|p1a: Dragapult\n|\n|-heal|p2a: Zamazenta|51\/100|[from] item: Leftovers\n|upkeep\n|turn|6\n|j| rykera\n|\n|t:|1700281783\n|move|p1a: Dragapult|U-turn|p2a: Zamazenta\n|-resisted|p2a: Zamazenta\n|-damage|p2a: Zamazenta|43\/100\n|j| f776\n|\n|t:|1700281785\n|switch|p1a: Greninja|Greninja, M|82\/100|[from] U-turn\n|move|p2a: Zamazenta|Crunch|p1a: Greninja\n|-resisted|p1a: Greninja\n|-damage|p1a: Greninja|65\/100\n|\n|-heal|p2a: Zamazenta|49\/100|[from] item: Leftovers\n|upkeep\n|turn|7\n|\n|t:|1700281790\n|switch|p1a: Dragapult|Dragapult, F|100\/100\n|move|p2a: Zamazenta|Iron Defense|p2a: Zamazenta\n|-boost|p2a: Zamazenta|def|2\n|\n|-heal|p2a: Zamazenta|56\/100|[from] item: Leftovers\n|upkeep\n|turn|8\n|\n|t:|1700281796\n|move|p1a: Dragapult|Dragon Darts|p2a: Zamazenta\n|-crit|p2a: Zamazenta\n|-damage|p2a: Zamazenta|17\/100\n|-anim|p1a: Dragapult|Dragon Darts|p2a: Zamazenta\n|-damage|p2a: Zamazenta|7\/100\n|move|p2a: Zamazenta|Heavy Slam|p1a: Dragapult\n|-damage|p1a: Dragapult|63\/100\n|\n|-heal|p2a: Zamazenta|13\/100|[from] item: Leftovers\n|upkeep\n|turn|9\n|j| FatherSuperior7\n|c|\u2606ratiogod64|A CRIT\n|c|\u2606ratiogod64|BRO\n|l| FatherSuperior7\n|\n|t:|1700281802\n|move|p1a: Dragapult|Dragon Darts|p2a: Zamazenta\n|-damage|p2a: Zamazenta|3\/100\n|-anim|p1a: Dragapult|Dragon Darts|p2a: Zamazenta\n|-damage|p2a: Zamazenta|0 fnt\n|faint|p2a: Zamazenta\n|\n|upkeep\n|c| rykera|ratiogod64 im sorry for being toxic im here to support u my little brother was typing for me\n|c|\u2606ratiogod64|Im done\n|c|\u2606ratiogod64|what\n|c|\u2606ratiogod64|nobody typed\n|\n|t:|1700281821\n|switch|p2a: Hatterene|Hatterene, F|100\/100\n|turn|10\n|\n|t:|1700281835\n|switch|p1a: Ribombee|Ribombee, F|1\/100\n|move|p2a: Hatterene|Draining Kiss|p1a: Ribombee\n|-crit|p1a: Ribombee\n|-damage|p1a: Ribombee|0 fnt\n|faint|p1a: Ribombee\n|\n|upkeep\n|\n|t:|1700281840\n|switch|p1a: Kingambit|Kingambit, F|100\/100\n|-activate|p1a: Kingambit|ability: Supreme Overlord\n|-start|p1a: Kingambit|fallen1|[silent]\n|turn|11\n|\n|t:|1700281844\n|move|p1a: Kingambit|Kowtow Cleave|p2a: Hatterene\n|-crit|p2a: Hatterene\n|-damage|p2a: Hatterene|11\/100\n|move|p2a: Hatterene|Nuzzle|p1a: Kingambit\n|-damage|p1a: Kingambit|97\/100\n|-status|p1a: Kingambit|par\n|\n|upkeep\n|turn|12\n|\n|t:|1700281848\n|move|p1a: Kingambit|Kowtow Cleave|p2a: Hatterene\n|-damage|p2a: Hatterene|0 fnt\n|faint|p2a: Hatterene\n|\n|upkeep\n|\n|t:|1700281860\n|switch|p2a: Sneasler|Sneasler, M|100\/100\n|turn|13\n|\n|t:|1700281864\n|-end|p1a: Kingambit|fallen1|[silent]\n|switch|p1a: Dragapult|Dragapult, F|63\/100\n|move|p2a: Sneasler|Swords Dance|p2a: Sneasler\n|-boost|p2a: Sneasler|atk|2\n|\n|upkeep\n|turn|14\n|\n|t:|1700281869\n|-terastallize|p2a: Sneasler|Dark\n|move|p1a: Dragapult|Dragon Darts|p2a: Sneasler\n|-damage|p2a: Sneasler|46\/100\n|-anim|p1a: Dragapult|Dragon Darts|p2a: Sneasler\n|-damage|p2a: Sneasler|0 fnt\n|faint|p2a: Sneasler\n|\n|upkeep\n|c|\u2606ratiogod64|bro\n|c|\u2606ratiogod64|Im done listening to damage  calcs\n|\n|t:|1700281879\n|switch|p2a: Rillaboom|Rillaboom, F|100\/100\n|-fieldstart|move: Grassy Terrain|[from] ability: Grassy Surge|[of] p2a: Rillaboom\n|turn|15\n|\n|t:|1700281884\n|move|p1a: Dragapult|Dragon Darts|p2a: Rillaboom\n|-damage|p2a: Rillaboom|61\/100\n|-anim|p1a: Dragapult|Dragon Darts|p2a: Rillaboom\n|-damage|p2a: Rillaboom|23\/100\n|move|p2a: Rillaboom|Knock Off|p1a: Dragapult\n|-supereffective|p1a: Dragapult\n|-damage|p1a: Dragapult|0 fnt\n|-enditem|p1a: Dragapult|Choice Band|[from] move: Knock Off|[of] p2a: Rillaboom\n|faint|p1a: Dragapult\n|\n|-heal|p2a: Rillaboom|29\/100|[from] Grassy Terrain\n|upkeep\n|\n|t:|1700281892\n|switch|p1a: Greninja|Greninja, M|65\/100\n|turn|16\n|\n|t:|1700281896\n|switch|p1a: Kingambit|Kingambit, F|97\/100 par\n|-activate|p1a: Kingambit|ability: Supreme Overlord\n|-start|p1a: Kingambit|fallen2|[silent]\n|switch|p2a: Manaphy|Manaphy|100\/100\n|\n|-heal|p1a: Kingambit|100\/100 par|[from] Grassy Terrain\n|upkeep\n|turn|17\n|\n|t:|1700281902\n|move|p2a: Manaphy|Surf|p1a: Kingambit\n|-damage|p1a: Kingambit|65\/100 par\n|move|p1a: Kingambit|Kowtow Cleave|p2a: Manaphy\n|-damage|p2a: Manaphy|31\/100\n|\n|-heal|p2a: Manaphy|37\/100|[from] Grassy Terrain\n|-heal|p2a: Manaphy|43\/100|[from] item: Leftovers\n|-heal|p1a: Kingambit|71\/100 par|[from] Grassy Terrain\n|upkeep\n|turn|18\n|\n|t:|1700281908\n|move|p2a: Manaphy|Surf|p1a: Kingambit\n|-damage|p1a: Kingambit|36\/100 par\n|cant|p1a: Kingambit|par\n|\n|-heal|p2a: Manaphy|49\/100|[from] Grassy Terrain\n|-heal|p2a: Manaphy|56\/100|[from] item: Leftovers\n|-heal|p1a: Kingambit|42\/100 par|[from] Grassy Terrain\n|upkeep\n|turn|19\n|\n|t:|1700281921\n|move|p2a: Manaphy|Surf|p1a: Kingambit\n|-damage|p1a: Kingambit|3\/100 par\n|move|p1a: Kingambit|Kowtow Cleave|p2a: Manaphy\n|-damage|p2a: Manaphy|0 fnt\n|faint|p2a: Manaphy\n|\n|-heal|p1a: Kingambit|9\/100 par|[from] Grassy Terrain\n|-fieldend|move: Grassy Terrain\n|upkeep\n|\n|t:|1700281933\n|switch|p2a: Rillaboom|Rillaboom, F|29\/100\n|-fieldstart|move: Grassy Terrain|[from] ability: Grassy Surge|[of] p2a: Rillaboom\n|turn|20\n|\n|t:|1700281937\n|move|p2a: Rillaboom|U-turn|p1a: Kingambit\n|-damage|p1a: Kingambit|0 fnt\n|faint|p1a: Kingambit\n|-end|p1a: Kingambit|fallen2|[silent]\n|\n|t:|1700281938\n|switch|p2a: Heatran|Heatran, M|100\/100|[from] U-turn\n|-item|p2a: Heatran|Air Balloon\n|\n|upkeep\n|\n|t:|1700281941\n|switch|p1a: Greninja|Greninja, M|65\/100\n|turn|21\n|\n|t:|1700281945\n|move|p1a: Greninja|Dark Pulse|p2a: Heatran\n|-damage|p2a: Heatran|78\/100\n|-enditem|p2a: Heatran|Air Balloon\n|move|p2a: Heatran|Earth Power|p1a: Greninja\n|-damage|p1a: Greninja|23\/100\n|\n|-heal|p1a: Greninja|29\/100|[from] Grassy Terrain\n|-heal|p2a: Heatran|84\/100|[from] Grassy Terrain\n|upkeep\n|turn|22\n|\n|t:|1700281948\n|move|p1a: Greninja|Surf|p2a: Heatran\n|-supereffective|p2a: Heatran\n|-damage|p2a: Heatran|37\/100\n|move|p2a: Heatran|Earth Power|p1a: Greninja\n|-damage|p1a: Greninja|0 fnt\n|faint|p1a: Greninja\n|\n|-heal|p2a: Heatran|43\/100|[from] Grassy Terrain\n|upkeep\n|\n|t:|1700281952\n|switch|p1a: Gholdengo|Gholdengo|100\/100\n|-item|p1a: Gholdengo|Air Balloon\n|turn|23\n|\n|t:|1700281955\n|-terastallize|p1a: Gholdengo|Fairy\n|move|p1a: Gholdengo|Shadow Ball|p2a: Heatran\n|-crit|p2a: Heatran\n|-damage|p2a: Heatran|4\/100\n|move|p2a: Heatran|Fire Blast|p1a: Gholdengo|[miss]\n|-miss|p2a: Heatran|p1a: Gholdengo\n|\n|-heal|p2a: Heatran|10\/100|[from] Grassy Terrain\n|upkeep\n|turn|24\n|c|\u2606ratiogod64|shit\n|\n|t:|1700281962\n|move|p1a: Gholdengo|Shadow Ball|p2a: Heatran\n|-damage|p2a: Heatran|0 fnt\n|faint|p2a: Heatran\n|\n|-fieldend|move: Grassy Terrain\n|upkeep\n|\n|t:|1700281964\n|switch|p2a: Rillaboom|Rillaboom, F|29\/100\n|-fieldstart|move: Grassy Terrain|[from] ability: Grassy Surge|[of] p2a: Rillaboom\n|turn|25\n|\n|t:|1700281966\n|move|p2a: Rillaboom|Grassy Glide|p1a: Gholdengo\n|-damage|p1a: Gholdengo|29\/100\n|-enditem|p1a: Gholdengo|Air Balloon\n|move|p1a: Gholdengo|Shadow Ball|p2a: Rillaboom\n|-damage|p2a: Rillaboom|0 fnt\n|faint|p2a: Rillaboom\n|\n|win|Ctannn\n|raw|Ctannn's rating: 1711 &rarr; <strong>1725<\/strong><br \/>(+14 for winning)\n|raw|ratiogod64's rating: 1603 &rarr; <strong>1589<\/strong><br \/>(-14 for losing)\n","uploadtime":1700281837,"views":21,"p1id":"ctannn","p2id":"ratiogod64","formatid":"gen9ou","rating":1589,"private":0,"password":""}