{"id":"gen9ou-1996231395","p1":"Sappkira","p2":"xxzfn","format":"[Gen 9] OU","log":"|j|\u2606Sappkira\n|j|\u203dxxzfn\n|t:|1700661979\n|gametype|singles\n|player|p1|Sappkira|102|1671\n|player|p2|xxzfn|266|1763\n|teamsize|p1|6\n|teamsize|p2|6\n|gen|9\n|tier|[Gen 9] OU\n|rated|\n|rule|Sleep Clause Mod: Limit one foe put to sleep\n|rule|Species Clause: Limit one of each Pok\u00e9mon\n|rule|OHKO Clause: OHKO moves are banned\n|rule|Evasion Items Clause: Evasion items are banned\n|rule|Evasion Moves Clause: Evasion moves are banned\n|rule|Endless Battle Clause: Forcing endless battles is banned\n|rule|HP Percentage Mod: HP is shown in percentages\n|clearpoke\n|poke|p1|Samurott-Hisui, F|\n|poke|p1|Landorus-Therian, M|\n|poke|p1|Cinderace, F|\n|poke|p1|Gholdengo|\n|poke|p1|Kingambit, F|\n|poke|p1|Iron Valiant|\n|poke|p2|Dondozo, M|\n|poke|p2|Gholdengo|\n|poke|p2|Dragapult, F|\n|poke|p2|Landorus-Therian, M|\n|poke|p2|Maushold-Four|\n|poke|p2|Hoopa-Unbound|\n|teampreview\n|inactive|Battle timer is ON: inactive players will automatically lose when time's up. (requested by xxzfn)\n|\n|t:|1700662005\n|start\n|switch|p1a: Landorus|Landorus-Therian, M|100\/100\n|switch|p2a: Landorus|Landorus-Therian, M|100\/100\n|-ability|p2a: Landorus|Intimidate|boost\n|-unboost|p1a: Landorus|atk|1\n|-ability|p1a: Landorus|Intimidate|boost\n|-unboost|p2a: Landorus|atk|1\n|turn|1\n|\n|t:|1700662009\n|move|p2a: Landorus|U-turn|p1a: Landorus\n|-resisted|p1a: Landorus\n|-damage|p1a: Landorus|94\/100\n|-damage|p2a: Landorus|84\/100|[from] item: Rocky Helmet|[of] p1a: Landorus\n|j| Partynparadise\n|\n|t:|1700662014\n|switch|p2a: Dragapult|Dragapult, F|100\/100|[from] U-turn\n|move|p1a: Landorus|Stealth Rock|p2a: Dragapult\n|-sidestart|p2: xxzfn|move: Stealth Rock\n|\n|upkeep\n|turn|2\n|\n|t:|1700662021\n|switch|p1a: Samurott|Samurott-Hisui, F|100\/100\n|move|p2a: Dragapult|Will-O-Wisp|p1a: Samurott\n|-status|p1a: Samurott|brn\n|\n|-damage|p1a: Samurott|94\/100 brn|[from] brn\n|upkeep\n|turn|3\n|j| SwabbyYabby\n|\n|t:|1700662029\n|switch|p2a: Landorus|Landorus-Therian, M|84\/100\n|-damage|p2a: Landorus|72\/100|[from] Stealth Rock\n|-ability|p2a: Landorus|Intimidate|boost\n|-unboost|p1a: Samurott|atk|1\n|move|p1a: Samurott|Ceaseless Edge|p2a: Landorus\n|-damage|p2a: Landorus|59\/100\n|-sidestart|p2: xxzfn|Spikes\n|\n|-damage|p1a: Samurott|88\/100 brn|[from] brn\n|upkeep\n|turn|4\n|\n|t:|1700662041\n|switch|p1a: Landorus|Landorus-Therian, M|94\/100\n|-ability|p1a: Landorus|Intimidate|boost\n|-unboost|p2a: Landorus|atk|1\n|move|p2a: Landorus|U-turn|p1a: Landorus\n|-resisted|p1a: Landorus\n|-damage|p1a: Landorus|88\/100\n|-damage|p2a: Landorus|42\/100|[from] item: Rocky Helmet|[of] p1a: Landorus\n|\n|t:|1700662045\n|switch|p2a: Maushold|Maushold-Four|100\/100|[from] U-turn\n|-damage|p2a: Maushold|88\/100|[from] Stealth Rock\n|-damage|p2a: Maushold|76\/100|[from] Spikes\n|\n|upkeep\n|turn|5\n|l| Partynparadise\n|j| Partynparadise\n|\n|t:|1700662058\n|move|p2a: Maushold|Tidy Up|p2a: Maushold\n|-sideend|p2: xxzfn|Spikes\n|-sideend|p2: xxzfn|Stealth Rock\n|-activate|p2a: Maushold|move: Tidy Up\n|-boost|p2a: Maushold|atk|1\n|-boost|p2a: Maushold|spe|1\n|move|p1a: Landorus|Earthquake|p2a: Maushold\n|-damage|p2a: Maushold|0 fnt\n|faint|p2a: Maushold\n|\n|upkeep\n|\n|t:|1700662062\n|switch|p2a: Dragapult|Dragapult, F|100\/100\n|turn|6\n|\n|t:|1700662066\n|switch|p1a: Samurott|Samurott-Hisui, F|88\/100 brn\n|move|p2a: Dragapult|Draco Meteor|p1a: Samurott\n|-damage|p1a: Samurott|43\/100 brn\n|-unboost|p2a: Dragapult|spa|2\n|\n|-damage|p1a: Samurott|37\/100 brn|[from] brn\n|upkeep\n|turn|7\n|\n|t:|1700662074\n|switch|p2a: Landorus|Landorus-Therian, M|42\/100\n|-ability|p2a: Landorus|Intimidate|boost\n|-unboost|p1a: Samurott|atk|1\n|move|p1a: Samurott|Ceaseless Edge|p2a: Landorus\n|-damage|p2a: Landorus|28\/100\n|-sidestart|p2: xxzfn|Spikes\n|\n|-damage|p1a: Samurott|30\/100 brn|[from] brn\n|upkeep\n|turn|8\n|\n|t:|1700662085\n|switch|p1a: Landorus|Landorus-Therian, M|88\/100\n|-ability|p1a: Landorus|Intimidate|boost\n|-unboost|p2a: Landorus|atk|1\n|move|p2a: Landorus|Stealth Rock|p1a: Landorus\n|-sidestart|p1: Sappkira|move: Stealth Rock\n|\n|upkeep\n|turn|9\n|\n|t:|1700662092\n|switch|p2a: Dragapult|Dragapult, F|100\/100\n|-damage|p2a: Dragapult|88\/100|[from] Spikes\n|move|p1a: Landorus|Stealth Rock|p2a: Dragapult\n|-sidestart|p2: xxzfn|move: Stealth Rock\n|\n|upkeep\n|turn|10\n|\n|t:|1700662096\n|switch|p1a: Samurott|Samurott-Hisui, F|30\/100 brn\n|-damage|p1a: Samurott|18\/100 brn|[from] Stealth Rock\n|move|p2a: Dragapult|Shadow Ball|p1a: Samurott\n|-resisted|p1a: Samurott\n|-damage|p1a: Samurott|3\/100 brn\n|\n|-damage|p1a: Samurott|0 fnt|[from] brn\n|faint|p1a: Samurott\n|upkeep\n|\n|t:|1700662116\n|switch|p1a: Gholdengo|Gholdengo|100\/100\n|-damage|p1a: Gholdengo|94\/100|[from] Stealth Rock\n|turn|11\n|l| Partynparadise\n|\n|t:|1700662119\n|move|p1a: Gholdengo|Shadow Ball|p2a: Dragapult\n|-supereffective|p2a: Dragapult\n|-damage|p2a: Dragapult|0 fnt\n|faint|p2a: Dragapult\n|\n|upkeep\n|\n|t:|1700662128\n|switch|p2a: Dondozo|Dondozo, M|100\/100\n|-damage|p2a: Dondozo|88\/100|[from] Spikes\n|-damage|p2a: Dondozo|76\/100|[from] Stealth Rock\n|turn|12\n|\n|t:|1700662142\n|switch|p1a: Landorus|Landorus-Therian, M|88\/100\n|-damage|p1a: Landorus|76\/100|[from] Stealth Rock\n|-ability|p1a: Landorus|Intimidate|boost\n|-unboost|p2a: Dondozo|atk|1\n|move|p2a: Dondozo|Curse|p2a: Dondozo\n|-unboost|p2a: Dondozo|spe|1\n|-boost|p2a: Dondozo|atk|1\n|-boost|p2a: Dondozo|def|1\n|\n|-heal|p2a: Dondozo|82\/100|[from] item: Leftovers\n|upkeep\n|turn|13\n|\n|t:|1700662149\n|move|p1a: Landorus|Grass Knot|p2a: Dondozo\n|-supereffective|p2a: Dondozo\n|-damage|p2a: Dondozo|47\/100\n|move|p2a: Dondozo|Avalanche|p1a: Landorus\n|-supereffective|p1a: Landorus\n|-damage|p1a: Landorus|5\/100\n|-damage|p2a: Dondozo|31\/100|[from] item: Rocky Helmet|[of] p1a: Landorus\n|\n|-heal|p2a: Dondozo|37\/100|[from] item: Leftovers\n|upkeep\n|turn|14\n|\n|t:|1700662159\n|move|p1a: Landorus|Grass Knot|p2a: Dondozo\n|-supereffective|p2a: Dondozo\n|-damage|p2a: Dondozo|3\/100\n|move|p2a: Dondozo|Rest|p2a: Dondozo\n|-status|p2a: Dondozo|slp|[from] move: Rest\n|-heal|p2a: Dondozo|100\/100 slp|[silent]\n|\n|upkeep\n|turn|15\n|\n|t:|1700662166\n|move|p1a: Landorus|U-turn|p2a: Dondozo\n|-damage|p2a: Dondozo|91\/100 slp\n|\n|t:|1700662173\n|switch|p1a: Gholdengo|Gholdengo|94\/100|[from] U-turn\n|-damage|p1a: Gholdengo|88\/100|[from] Stealth Rock\n|cant|p2a: Dondozo|slp\n|\n|-heal|p2a: Dondozo|97\/100 slp|[from] item: Leftovers\n|upkeep\n|turn|16\n|\n|t:|1700662182\n|switch|p2a: Landorus|Landorus-Therian, M|28\/100\n|-damage|p2a: Landorus|16\/100|[from] Stealth Rock\n|-ability|p2a: Landorus|Intimidate|boost\n|-unboost|p1a: Gholdengo|atk|1\n|move|p1a: Gholdengo|Trick|p2a: Landorus\n|-activate|p1a: Gholdengo|move: Trick|[of] p2a: Landorus\n|-item|p2a: Landorus|Choice Scarf|[from] move: Trick\n|-item|p1a: Gholdengo|Choice Scarf|[from] move: Trick\n|\n|upkeep\n|turn|17\n|\n|t:|1700662189\n|switch|p1a: Landorus|Landorus-Therian, M|5\/100\n|-damage|p1a: Landorus|0 fnt|[from] Stealth Rock\n|faint|p1a: Landorus\n|move|p2a: Landorus|Earthquake|p1: Landorus|[notarget]\n|-fail|p2a: Landorus\n|\n|upkeep\n|inactive|Sappkira has 120 seconds left.\n|j| mew852\n|inactive|Sappkira has 90 seconds left.\n|inactive|Sappkira has 60 seconds left.\n|\n|t:|1700662297\n|switch|p1a: Kingambit|Kingambit, F|100\/100\n|-damage|p1a: Kingambit|94\/100|[from] Stealth Rock\n|-activate|p1a: Kingambit|ability: Supreme Overlord\n|-start|p1a: Kingambit|fallen2|[silent]\n|turn|18\n|\n|t:|1700662300\n|move|p1a: Kingambit|Sucker Punch|p2a: Landorus\n|-damage|p2a: Landorus|0 fnt\n|faint|p2a: Landorus\n|\n|-heal|p1a: Kingambit|100\/100|[from] item: Leftovers\n|upkeep\n|\n|t:|1700662303\n|switch|p2a: Hoopa|Hoopa-Unbound|100\/100\n|-damage|p2a: Hoopa|88\/100|[from] Spikes\n|-damage|p2a: Hoopa|76\/100|[from] Stealth Rock\n|turn|19\n|inactive|Sappkira has 60 seconds left.\n|\n|t:|1700662326\n|-terastallize|p2a: Hoopa|Dark\n|-terastallize|p1a: Kingambit|Flying\n|move|p2a: Hoopa|Drain Punch|p1a: Kingambit\n|-resisted|p1a: Kingambit\n|-damage|p1a: Kingambit|89\/100\n|-heal|p2a: Hoopa|84\/100|[from] drain|[of] p1a: Kingambit\n|move|p1a: Kingambit|Iron Head|p2a: Hoopa\n|-damage|p2a: Hoopa|0 fnt\n|faint|p2a: Hoopa\n|\n|-heal|p1a: Kingambit|95\/100|[from] item: Leftovers\n|upkeep\n|\n|t:|1700662340\n|switch|p2a: Gholdengo|Gholdengo|100\/100\n|-damage|p2a: Gholdengo|88\/100|[from] Spikes\n|-damage|p2a: Gholdengo|82\/100|[from] Stealth Rock\n|turn|20\n|inactive|Sappkira has 60 seconds left.\n|\n|t:|1700662346\n|move|p2a: Gholdengo|Trick|p1a: Kingambit\n|-activate|p2a: Gholdengo|move: Trick|[of] p1a: Kingambit\n|-item|p1a: Kingambit|Choice Scarf|[from] move: Trick\n|-item|p2a: Gholdengo|Leftovers|[from] move: Trick\n|move|p1a: Kingambit|Kowtow Cleave|p2a: Gholdengo\n|-supereffective|p2a: Gholdengo\n|-damage|p2a: Gholdengo|0 fnt\n|faint|p2a: Gholdengo\n|\n|upkeep\n|\n|t:|1700662352\n|switch|p2a: Dondozo|Dondozo, M|97\/100 slp\n|-damage|p2a: Dondozo|85\/100 slp|[from] Spikes\n|-damage|p2a: Dondozo|72\/100 slp|[from] Stealth Rock\n|turn|21\n|\n|t:|1700662363\n|-end|p1a: Kingambit|fallen2|[silent]\n|switch|p1a: Gholdengo|Gholdengo|88\/100\n|-damage|p1a: Gholdengo|82\/100|[from] Stealth Rock\n|cant|p2a: Dondozo|slp\n|move|p2a: Dondozo|Sleep Talk|p2a: Dondozo\n|move|p2a: Dondozo|Rest||[from]move: Sleep Talk|[still]\n|-fail|p2a: Dondozo\n|\n|-heal|p2a: Dondozo|79\/100 slp|[from] item: Leftovers\n|upkeep\n|turn|22\n|-message|xxzfn forfeited.\n|\n|win|Sappkira\n|raw|Sappkira's rating: 1671 &rarr; <strong>1696<\/strong><br \/>(+25 for winning)\n|raw|xxzfn's rating: 1763 &rarr; <strong>1738<\/strong><br \/>(-25 for losing)\n|l|\u203dxxzfn\n|l|\u2606Sappkira\n|l| SwabbyYabby\n","uploadtime":1700662513,"views":2,"p1id":"sappkira","p2id":"xxzfn","formatid":"gen9ou","rating":1696,"private":0,"password":""}