{"id":"gen9ou-1988703445","p1":"deliriousdarkwolf","p2":"bloatedbagel","format":"[Gen 9] OU","log":"|j|\u2606deliriousdarkwolf\n|j|\u2606bloatedbagel\n|t:|1699752658\n|gametype|singles\n|player|p1|deliriousdarkwolf|pokemaniac|1685\n|player|p2|bloatedbagel|169|1724\n|teamsize|p1|6\n|teamsize|p2|6\n|gen|9\n|tier|[Gen 9] OU\n|rated|\n|rule|Sleep Clause Mod: Limit one foe put to sleep\n|rule|Species Clause: Limit one of each Pok\u00e9mon\n|rule|OHKO Clause: OHKO moves are banned\n|rule|Evasion Items Clause: Evasion items are banned\n|rule|Evasion Moves Clause: Evasion moves are banned\n|rule|Endless Battle Clause: Forcing endless battles is banned\n|rule|HP Percentage Mod: HP is shown in percentages\n|clearpoke\n|poke|p1|Samurott-Hisui, M|\n|poke|p1|Gholdengo|\n|poke|p1|Enamorus, F|\n|poke|p1|Ogerpon-Cornerstone, F|\n|poke|p1|Dragonite, F|\n|poke|p1|Great Tusk|\n|poke|p2|Clefable, M|\n|poke|p2|Cinderace, M|\n|poke|p2|Mandibuzz, F|\n|poke|p2|Clodsire, M|\n|poke|p2|Corviknight, F|\n|poke|p2|Ogerpon-Wellspring, F|\n|teampreview\n|inactive|Battle timer is ON: inactive players will automatically lose when time's up. (requested by deliriousdarkwolf)\n|\n|t:|1699752670\n|start\n|switch|p1a: Jerma|Ogerpon-Cornerstone, F|100\/100\n|switch|p2a: Clefable|Clefable, M|100\/100\n|turn|1\n|\n|t:|1699752677\n|move|p1a: Jerma|Ivy Cudgel|p2a: Clefable\n|-damage|p2a: Clefable|53\/100\n|move|p2a: Clefable|Moonblast|p1a: Jerma\n|-damage|p1a: Jerma|52\/100\n|\n|upkeep\n|turn|2\n|\n|t:|1699752689\n|switch|p2a: Clodsire|Clodsire, M, shiny|100\/100\n|move|p1a: Jerma|Horn Leech|p2a: Clodsire\n|-damage|p2a: Clodsire|67\/100\n|-heal|p1a: Jerma|78\/100|[from] drain|[of] p2a: Clodsire\n|\n|-heal|p2a: Clodsire|73\/100|[from] item: Leftovers\n|upkeep\n|turn|3\n|\n|t:|1699752707\n|move|p1a: Jerma|Spiky Shield|p1a: Jerma\n|-singleturn|p1a: Jerma|move: Protect\n|move|p2a: Clodsire|Poison Jab|p1a: Jerma\n|-activate|p1a: Jerma|move: Protect\n|-damage|p2a: Clodsire|61\/100|[from] Spiky Shield|[of] p1a: Jerma\n|\n|-heal|p2a: Clodsire|67\/100|[from] item: Leftovers\n|upkeep\n|turn|4\n|\n|t:|1699752712\n|move|p1a: Jerma|Horn Leech|p2a: Clodsire\n|-damage|p2a: Clodsire|31\/100\n|-heal|p1a: Jerma|100\/100|[from] drain|[of] p2a: Clodsire\n|move|p2a: Clodsire|Recover|p2a: Clodsire\n|-heal|p2a: Clodsire|81\/100\n|\n|-heal|p2a: Clodsire|87\/100|[from] item: Leftovers\n|upkeep\n|turn|5\n|\n|t:|1699752715\n|move|p1a: Jerma|Encore|p2a: Clodsire\n|-start|p2a: Clodsire|Encore\n|move|p2a: Clodsire|Recover|p2a: Clodsire\n|-heal|p2a: Clodsire|100\/100\n|\n|upkeep\n|turn|6\n|\n|t:|1699752719\n|switch|p2a: Corviknight|Corviknight, F|100\/100\n|-ability|p2a: Corviknight|Pressure\n|move|p1a: Jerma|Ivy Cudgel|p2a: Corviknight\n|-damage|p2a: Corviknight|49\/100\n|\n|-heal|p2a: Corviknight|56\/100|[from] item: Leftovers\n|upkeep\n|turn|7\n|\n|t:|1699752723\n|move|p1a: Jerma|Spiky Shield|p1a: Jerma\n|-singleturn|p1a: Jerma|move: Protect\n|move|p2a: Corviknight|Roost|p2a: Corviknight\n|-heal|p2a: Corviknight|100\/100\n|-singleturn|p2a: Corviknight|move: Roost\n|\n|upkeep\n|turn|8\n|\n|t:|1699752727\n|switch|p2a: Cinderace|Cinderace, M|100\/100\n|move|p1a: Jerma|Encore||[still]\n|-fail|p1a: Jerma\n|\n|upkeep\n|turn|9\n|\n|t:|1699752732\n|move|p2a: Cinderace|U-turn|p1a: Jerma\n|-start|p2a: Cinderace|typechange|Bug|[from] ability: Libero\n|-supereffective|p1a: Jerma\n|-damage|p1a: Jerma|7\/100\n|j| cvvyyuyu656ererw\n|\n|t:|1699752738\n|switch|p2a: Clodsire|Clodsire, M, shiny|100\/100|[from] U-turn\n|move|p1a: Jerma|Ivy Cudgel|p2a: Clodsire\n|-resisted|p2a: Clodsire\n|-damage|p2a: Clodsire|79\/100\n|\n|-heal|p2a: Clodsire|85\/100|[from] item: Leftovers\n|upkeep\n|turn|10\n|\n|t:|1699752744\n|switch|p1a: Mony|Gholdengo|100\/100\n|move|p2a: Clodsire|Earthquake|p1a: Mony\n|-supereffective|p1a: Mony\n|-damage|p1a: Mony|34\/100\n|\n|-heal|p2a: Clodsire|91\/100|[from] item: Leftovers\n|upkeep\n|turn|11\n|\n|t:|1699752750\n|move|p1a: Mony|Trick|p2a: Clodsire\n|-activate|p1a: Mony|move: Trick|[of] p2a: Clodsire\n|-item|p2a: Clodsire|Choice Scarf|[from] move: Trick\n|-item|p1a: Mony|Leftovers|[from] move: Trick\n|move|p2a: Clodsire|Earthquake|p1a: Mony\n|-supereffective|p1a: Mony\n|-damage|p1a: Mony|0 fnt\n|faint|p1a: Mony\n|\n|upkeep\n|\n|t:|1699752761\n|switch|p1a: Kalsarin|Dragonite, F|100\/100\n|turn|12\n|\n|t:|1699752765\n|switch|p2a: Mandibuzz|Mandibuzz, F|100\/100\n|move|p1a: Kalsarin|Outrage|p2a: Mandibuzz\n|-damage|p2a: Mandibuzz|45\/100\n|\n|upkeep\n|turn|13\n|\n|t:|1699752768\n|switch|p2a: Clefable|Clefable, M|53\/100\n|move|p1a: Kalsarin|Outrage|p2a: Clefable|[from]lockedmove\n|-immune|p2a: Clefable\n|\n|upkeep\n|turn|14\n|\n|t:|1699752773\n|switch|p1a: Regina George|Enamorus, F|100\/100\n|move|p2a: Clefable|Moonlight|p2a: Clefable\n|-heal|p2a: Clefable|100\/100\n|\n|upkeep\n|turn|15\n|\n|t:|1699752776\n|switch|p2a: Corviknight|Corviknight, F|100\/100\n|-ability|p2a: Corviknight|Pressure\n|move|p1a: Regina George|Sludge Bomb|p2a: Corviknight\n|-immune|p2a: Corviknight\n|\n|upkeep\n|turn|16\n|\n|t:|1699752780\n|switch|p1a: INUYASHA|Samurott-Hisui, M|100\/100\n|move|p2a: Corviknight|Brave Bird|p1a: INUYASHA\n|-damage|p1a: INUYASHA|50\/100\n|-damage|p2a: Corviknight|87\/100|[from] Recoil\n|\n|-heal|p2a: Corviknight|93\/100|[from] item: Leftovers\n|upkeep\n|turn|17\n|\n|t:|1699752785\n|move|p1a: INUYASHA|Ceaseless Edge|p2a: Corviknight\n|-damage|p2a: Corviknight|60\/100\n|-sidestart|p2: bloatedbagel|Spikes\n|move|p2a: Corviknight|Brave Bird|p1a: INUYASHA\n|-damage|p1a: INUYASHA|5\/100\n|-damage|p2a: Corviknight|48\/100|[from] Recoil\n|\n|-heal|p2a: Corviknight|54\/100|[from] item: Leftovers\n|upkeep\n|turn|18\n|\n|t:|1699752788\n|move|p1a: INUYASHA|Ceaseless Edge|p2a: Corviknight\n|-damage|p2a: Corviknight|17\/100\n|-sidestart|p2: bloatedbagel|Spikes\n|move|p2a: Corviknight|Roost|p2a: Corviknight\n|-heal|p2a: Corviknight|67\/100\n|-singleturn|p2a: Corviknight|move: Roost\n|\n|-heal|p2a: Corviknight|73\/100|[from] item: Leftovers\n|upkeep\n|turn|19\n|\n|t:|1699752793\n|move|p1a: INUYASHA|Ceaseless Edge|p2a: Corviknight\n|-damage|p2a: Corviknight|37\/100\n|-sidestart|p2: bloatedbagel|Spikes\n|move|p2a: Corviknight|Roost|p2a: Corviknight\n|-heal|p2a: Corviknight|87\/100\n|-singleturn|p2a: Corviknight|move: Roost\n|\n|-heal|p2a: Corviknight|93\/100|[from] item: Leftovers\n|upkeep\n|turn|20\n|\n|t:|1699752796\n|move|p1a: INUYASHA|Razor Shell|p2a: Corviknight\n|-damage|p2a: Corviknight|49\/100\n|move|p2a: Corviknight|Bulk Up|p2a: Corviknight\n|-boost|p2a: Corviknight|atk|1\n|-boost|p2a: Corviknight|def|1\n|\n|-heal|p2a: Corviknight|55\/100|[from] item: Leftovers\n|upkeep\n|turn|21\n|\n|t:|1699752800\n|move|p1a: INUYASHA|Razor Shell|p2a: Corviknight\n|-damage|p2a: Corviknight|28\/100\n|move|p2a: Corviknight|Roost|p2a: Corviknight\n|-heal|p2a: Corviknight|78\/100\n|-singleturn|p2a: Corviknight|move: Roost\n|\n|-heal|p2a: Corviknight|84\/100|[from] item: Leftovers\n|upkeep\n|turn|22\n|\n|t:|1699752802\n|switch|p1a: Jerma|Ogerpon-Cornerstone, F|7\/100\n|move|p2a: Corviknight|Brave Bird|p1a: Jerma\n|-damage|p1a: Jerma|0 fnt\n|faint|p1a: Jerma\n|-damage|p2a: Corviknight|83\/100|[from] Recoil\n|\n|-heal|p2a: Corviknight|89\/100|[from] item: Leftovers\n|upkeep\n|\n|t:|1699752808\n|switch|p1a: Kalsarin|Dragonite, F|100\/100\n|turn|23\n|\n|t:|1699752812\n|move|p1a: Kalsarin|Fire Punch|p2a: Corviknight\n|-supereffective|p2a: Corviknight\n|-crit|p2a: Corviknight\n|-damage|p2a: Corviknight|0 fnt\n|faint|p2a: Corviknight\n|\n|upkeep\n|\n|t:|1699752817\n|switch|p2a: Mandibuzz|Mandibuzz, F|45\/100\n|turn|24\n|\n|t:|1699752820\n|switch|p1a: Regina George|Enamorus, F|100\/100\n|move|p2a: Mandibuzz|Roost|p2a: Mandibuzz\n|-heal|p2a: Mandibuzz|95\/100\n|-singleturn|p2a: Mandibuzz|move: Roost\n|\n|upkeep\n|turn|25\n|\n|t:|1699752825\n|switch|p2a: Clodsire|Clodsire, M, shiny|91\/100\n|-damage|p2a: Clodsire|66\/100|[from] Spikes\n|-terastallize|p1a: Regina George|Fairy\n|move|p1a: Regina George|Moonblast|p2a: Clodsire\n|-resisted|p2a: Clodsire\n|-damage|p2a: Clodsire|42\/100\n|\n|upkeep\n|turn|26\n|\n|t:|1699752829\n|switch|p1a: BUBLEGUM|Great Tusk|100\/100\n|move|p2a: Clodsire|Poison Jab|p1a: BUBLEGUM\n|-resisted|p1a: BUBLEGUM\n|-damage|p1a: BUBLEGUM|93\/100\n|\n|upkeep\n|turn|27\n|\n|t:|1699752832\n|switch|p2a: Clefable|Clefable, M|100\/100\n|move|p1a: BUBLEGUM|Stealth Rock|p2a: Clefable\n|-sidestart|p2: bloatedbagel|move: Stealth Rock\n|\n|upkeep\n|turn|28\n|\n|t:|1699752836\n|move|p1a: BUBLEGUM|Knock Off|p2a: Clefable\n|-resisted|p2a: Clefable\n|-crit|p2a: Clefable\n|-damage|p2a: Clefable|84\/100\n|-enditem|p2a: Clefable|Life Orb|[from] move: Knock Off|[of] p1a: BUBLEGUM\n|move|p2a: Clefable|Moonblast|p1a: BUBLEGUM\n|-supereffective|p1a: BUBLEGUM\n|-damage|p1a: BUBLEGUM|10\/100\n|-unboost|p1a: BUBLEGUM|spa|1\n|\n|upkeep\n|turn|29\n|\n|t:|1699752843\n|move|p1a: BUBLEGUM|Earthquake|p2a: Clefable\n|-damage|p2a: Clefable|47\/100\n|move|p2a: Clefable|Moonblast|p1a: BUBLEGUM\n|-supereffective|p1a: BUBLEGUM\n|-damage|p1a: BUBLEGUM|0 fnt\n|faint|p1a: BUBLEGUM\n|-end|p1a: BUBLEGUM|Protosynthesis|[silent]\n|\n|upkeep\n|\n|t:|1699752845\n|switch|p1a: Regina George|Enamorus, F, tera:Fairy|100\/100\n|turn|30\n|\n|t:|1699752851\n|move|p1a: Regina George|Moonblast|p2a: Clefable\n|-damage|p2a: Clefable|0 fnt\n|faint|p2a: Clefable\n|\n|upkeep\n|\n|t:|1699752853\n|switch|p2a: Cinderace|Cinderace, M|100\/100\n|turn|31\n|\n|t:|1699752855\n|move|p1a: Regina George|Moonblast|p2a: Cinderace\n|-resisted|p2a: Cinderace\n|-damage|p2a: Cinderace|48\/100\n|move|p2a: Cinderace|Court Change|p2a: Cinderace\n|-start|p2a: Cinderace|typechange|Normal|[from] ability: Libero\n|-swapsideconditions\n|-activate|p2a: Cinderace|move: Court Change\n|\n|upkeep\n|turn|32\n|\n|t:|1699752859\n|move|p1a: Regina George|Moonblast|p2a: Cinderace\n|-damage|p2a: Cinderace|0 fnt\n|faint|p2a: Cinderace\n|\n|upkeep\n|\n|t:|1699752860\n|switch|p2a: Clodsire|Clodsire, M, shiny|42\/100\n|turn|33\n|\n|t:|1699752862\n|move|p1a: Regina George|Moonblast|p2a: Clodsire\n|-resisted|p2a: Clodsire\n|-damage|p2a: Clodsire|18\/100\n|move|p2a: Clodsire|Poison Jab|p1a: Regina George\n|-supereffective|p1a: Regina George\n|-damage|p1a: Regina George|29\/100\n|\n|upkeep\n|turn|34\n|\n|t:|1699752866\n|move|p1a: Regina George|Moonblast|p2a: Clodsire\n|-resisted|p2a: Clodsire\n|-damage|p2a: Clodsire|0 fnt\n|faint|p2a: Clodsire\n|\n|upkeep\n|\n|t:|1699752869\n|switch|p2a: Ogerpon|Ogerpon-Wellspring, F|100\/100\n|turn|35\n|\n|t:|1699752875\n|-terastallize|p2a: Ogerpon|Water\n|detailschange|p2a: Ogerpon|Ogerpon-Wellspring-Tera, F, tera:Water\n|-ability|p2a: Ogerpon|Embody Aspect (Wellspring)|boost\n|-boost|p2a: Ogerpon|spd|1\n|move|p1a: Regina George|Moonblast|p2a: Ogerpon\n|-damage|p2a: Ogerpon|52\/100\n|move|p2a: Ogerpon|Ivy Cudgel|p1a: Regina George\n|-damage|p1a: Regina George|0 fnt\n|faint|p1a: Regina George\n|\n|upkeep\n|\n|t:|1699752882\n|switch|p1a: Kalsarin|Dragonite, F|100\/100\n|-damage|p1a: Kalsarin|76\/100|[from] Stealth Rock\n|turn|36\n|\n|t:|1699752885\n|move|p1a: Kalsarin|Extreme Speed|p2a: Ogerpon\n|-damage|p2a: Ogerpon|0 fnt\n|faint|p2a: Ogerpon\n|\n|upkeep\n|\n|t:|1699752887\n|switch|p2a: Mandibuzz|Mandibuzz, F|95\/100\n|turn|37\n|\n|t:|1699752890\n|move|p1a: Kalsarin|Extreme Speed|p2a: Mandibuzz\n|-damage|p2a: Mandibuzz|68\/100\n|move|p2a: Mandibuzz|Foul Play|p1a: Kalsarin\n|-damage|p1a: Kalsarin|24\/100\n|\n|upkeep\n|turn|38\n|\n|t:|1699752893\n|switch|p1a: INUYASHA|Samurott-Hisui, M|5\/100\n|-damage|p1a: INUYASHA|0 fnt|[from] Spikes\n|faint|p1a: INUYASHA\n|move|p2a: Mandibuzz|Foul Play|p1: INUYASHA|[notarget]\n|-fail|p2a: Mandibuzz\n|\n|upkeep\n|\n|t:|1699752895\n|switch|p1a: Kalsarin|Dragonite, F|24\/100\n|-damage|p1a: Kalsarin|0 fnt|[from] Stealth Rock\n|faint|p1a: Kalsarin\n|\n|win|bloatedbagel\n|raw|deliriousdarkwolf's rating: 1685 &rarr; <strong>1667<\/strong><br \/>(-18 for losing)\n|raw|bloatedbagel's rating: 1724 &rarr; <strong>1742<\/strong><br \/>(+18 for winning)\n|l|\u2606deliriousdarkwolf\n|l|\u2606bloatedbagel\n","uploadtime":1699753136,"views":8,"p1id":"deliriousdarkwolf","p2id":"bloatedbagel","formatid":"gen9ou","rating":1667,"private":0,"password":""}