{"id":"gen9ou-1998375210","p1":"Edubnosfera2","p2":"PLAYB0I R0BBIE B","format":"[Gen 9] OU","log":"|j|\u2606Edubnosfera2\n|j|\u2606PLAYB0I R0BBIE B\n|t:|1700935301\n|gametype|singles\n|player|p1|Edubnosfera2|n|1361\n|player|p2|PLAYB0I R0BBIE B|eusine|1337\n|teamsize|p1|6\n|teamsize|p2|6\n|gen|9\n|tier|[Gen 9] OU\n|rated|\n|rule|Sleep Clause Mod: Limit one foe put to sleep\n|rule|Species Clause: Limit one of each Pok\u00e9mon\n|rule|OHKO Clause: OHKO moves are banned\n|rule|Evasion Items Clause: Evasion items are banned\n|rule|Evasion Moves Clause: Evasion moves are banned\n|rule|Endless Battle Clause: Forcing endless battles is banned\n|rule|HP Percentage Mod: HP is shown in percentages\n|clearpoke\n|poke|p1|Samurott-Hisui, F|\n|poke|p1|Gholdengo|\n|poke|p1|Great Tusk|\n|poke|p1|Alomomola, F|\n|poke|p1|Dragonite, M|\n|poke|p1|Iron Valiant|\n|poke|p2|Meowscarada, F|\n|poke|p2|Heatran, F|\n|poke|p2|Thundurus-Therian, M|\n|poke|p2|Dragapult, F|\n|poke|p2|Great Tusk|\n|poke|p2|Azumarill, F|\n|teampreview\n|\n|t:|1700935334\n|start\n|switch|p1a: Alomomola|Alomomola, F|100\/100\n|switch|p2a: SICKO MODE|Meowscarada, F|100\/100\n|turn|1\n|inactive|Battle timer is ON: inactive players will automatically lose when time's up. (requested by Edubnosfera2)\n|\n|t:|1700935372\n|-terastallize|p1a: Alomomola|Steel\n|move|p2a: SICKO MODE|U-turn|p1a: Alomomola\n|-start|p2a: SICKO MODE|typechange|Bug|[from] ability: Protean\n|-resisted|p1a: Alomomola\n|-damage|p1a: Alomomola|87\/100\n|-damage|p2a: SICKO MODE|84\/100|[from] item: Rocky Helmet|[of] p1a: Alomomola\n|\n|t:|1700935377\n|switch|p2a: YOSEMITE|Great Tusk|100\/100|[from] U-turn\n|move|p1a: Alomomola|Scald|p2a: YOSEMITE\n|-supereffective|p2a: YOSEMITE\n|-damage|p2a: YOSEMITE|63\/100\n|-status|p2a: YOSEMITE|brn\n|\n|-damage|p2a: YOSEMITE|57\/100 brn|[from] brn\n|upkeep\n|turn|2\n|\n|t:|1700935386\n|move|p2a: YOSEMITE|Stealth Rock|p1a: Alomomola\n|-sidestart|p1: Edubnosfera2|move: Stealth Rock\n|move|p1a: Alomomola|Flip Turn|p2a: YOSEMITE\n|-supereffective|p2a: YOSEMITE\n|-damage|p2a: YOSEMITE|31\/100 brn\n|\n|t:|1700935401\n|switch|p1a: Samurott|Samurott-Hisui, F|100\/100|[from] Flip Turn\n|-damage|p1a: Samurott|88\/100|[from] Stealth Rock\n|\n|-damage|p2a: YOSEMITE|24\/100 brn|[from] brn\n|upkeep\n|turn|3\n|\n|t:|1700935425\n|-end|p2a: YOSEMITE|Protosynthesis|[silent]\n|switch|p2a: CAN'T SAY|Azumarill, F|100\/100\n|move|p1a: Samurott|Ceaseless Edge|p2a: CAN'T SAY|[miss]\n|-miss|p1a: Samurott|p2a: CAN'T SAY\n|\n|upkeep\n|turn|4\n|\n|t:|1700935432\n|move|p1a: Samurott|Flip Turn|p2a: CAN'T SAY\n|-resisted|p2a: CAN'T SAY\n|-damage|p2a: CAN'T SAY|87\/100\n|\n|t:|1700935444\n|switch|p1a: Alomomola|Alomomola, F, tera:Steel|100\/100|[from] Flip Turn\n|-damage|p1a: Alomomola|94\/100|[from] Stealth Rock\n|move|p2a: CAN'T SAY|Play Rough|p1a: Alomomola\n|-resisted|p1a: Alomomola\n|-damage|p1a: Alomomola|78\/100\n|-damage|p2a: CAN'T SAY|71\/100|[from] item: Rocky Helmet|[of] p1a: Alomomola\n|\n|upkeep\n|turn|5\n|\n|t:|1700935451\n|switch|p2a: YOSEMITE|Great Tusk|24\/100 brn\n|move|p1a: Alomomola|Scald|p2a: YOSEMITE\n|-supereffective|p2a: YOSEMITE\n|-damage|p2a: YOSEMITE|0 fnt\n|faint|p2a: YOSEMITE\n|-end|p2a: YOSEMITE|Protosynthesis|[silent]\n|\n|upkeep\n|\n|t:|1700935458\n|switch|p2a: SICKO MODE|Meowscarada, F|84\/100\n|turn|6\n|\n|t:|1700935467\n|move|p2a: SICKO MODE|Low Kick|p1a: Alomomola\n|-start|p2a: SICKO MODE|typechange|Fighting|[from] ability: Protean\n|-supereffective|p1a: Alomomola\n|-damage|p1a: Alomomola|30\/100\n|-damage|p2a: SICKO MODE|68\/100|[from] item: Rocky Helmet|[of] p1a: Alomomola\n|move|p1a: Alomomola|Scald|p2a: SICKO MODE\n|-damage|p2a: SICKO MODE|50\/100\n|\n|upkeep\n|turn|7\n|\n|t:|1700935485\n|switch|p2a: 5% TINT|Heatran, F|100\/100\n|-item|p2a: 5% TINT|Air Balloon\n|switch|p1a: Dragonite|Dragonite, M|100\/100\n|\n|upkeep\n|turn|8\n|\n|t:|1700935501\n|move|p1a: Dragonite|Dragon Dance|p1a: Dragonite\n|-boost|p1a: Dragonite|atk|1\n|-boost|p1a: Dragonite|spe|1\n|move|p2a: 5% TINT|Will-O-Wisp|p1a: Dragonite\n|-status|p1a: Dragonite|brn\n|\n|-damage|p1a: Dragonite|94\/100 brn|[from] brn\n|upkeep\n|turn|9\n|\n|t:|1700935506\n|move|p1a: Dragonite|Dragon Dance|p1a: Dragonite\n|-boost|p1a: Dragonite|atk|1\n|-boost|p1a: Dragonite|spe|1\n|move|p2a: 5% TINT|Taunt|p1a: Dragonite\n|-start|p1a: Dragonite|move: Taunt\n|\n|-damage|p1a: Dragonite|88\/100 brn|[from] brn\n|upkeep\n|turn|10\n|\n|t:|1700935508\n|switch|p2a: CAN'T SAY|Azumarill, F|71\/100\n|move|p1a: Dragonite|Brick Break|p2a: CAN'T SAY\n|-resisted|p2a: CAN'T SAY\n|-damage|p2a: CAN'T SAY|55\/100\n|\n|-damage|p1a: Dragonite|82\/100 brn|[from] brn\n|upkeep\n|turn|11\n|\n|t:|1700935511\n|move|p1a: Dragonite|Earthquake|p2a: CAN'T SAY\n|-damage|p2a: CAN'T SAY|13\/100\n|move|p2a: CAN'T SAY|Ice Spinner|p1a: Dragonite\n|-supereffective|p1a: Dragonite\n|-damage|p1a: Dragonite|0 fnt\n|faint|p1a: Dragonite\n|\n|upkeep\n|\n|t:|1700935517\n|switch|p1a: Alomomola|Alomomola, F, tera:Steel|64\/100\n|-damage|p1a: Alomomola|58\/100|[from] Stealth Rock\n|turn|12\n|\n|t:|1700935529\n|move|p1a: Alomomola|Flip Turn|p2a: CAN'T SAY\n|-resisted|p2a: CAN'T SAY\n|-damage|p2a: CAN'T SAY|4\/100\n|\n|t:|1700935536\n|switch|p1a: Samurott|Samurott-Hisui, F|88\/100|[from] Flip Turn\n|-damage|p1a: Samurott|76\/100|[from] Stealth Rock\n|move|p2a: CAN'T SAY|Liquidation|p1a: Samurott\n|-resisted|p1a: Samurott\n|-damage|p1a: Samurott|42\/100\n|\n|upkeep\n|turn|13\n|\n|t:|1700935549\n|move|p1a: Samurott|Ceaseless Edge|p2a: CAN'T SAY\n|-resisted|p2a: CAN'T SAY\n|-damage|p2a: CAN'T SAY|0 fnt\n|-sidestart|p2: PLAYB0I R0BBIE B|Spikes\n|faint|p2a: CAN'T SAY\n|\n|upkeep\n|\n|t:|1700935551\n|switch|p2a: SICKO MODE|Meowscarada, F|50\/100\n|-damage|p2a: SICKO MODE|38\/100|[from] Spikes\n|turn|14\n|\n|t:|1700935560\n|move|p2a: SICKO MODE|U-turn|p1a: Samurott\n|-start|p2a: SICKO MODE|typechange|Bug|[from] ability: Protean\n|-supereffective|p1a: Samurott\n|-damage|p1a: Samurott|0 fnt\n|faint|p1a: Samurott\n|\n|t:|1700935571\n|switch|p2a: ASTROTHUNDER|Thundurus-Therian, M|100\/100|[from] U-turn\n|\n|upkeep\n|\n|t:|1700935587\n|switch|p1a: Gholdengo|Gholdengo|100\/100\n|-damage|p1a: Gholdengo|94\/100|[from] Stealth Rock\n|turn|15\n|\n|t:|1700935601\n|move|p1a: Gholdengo|Shadow Ball|p2a: ASTROTHUNDER\n|-damage|p2a: ASTROTHUNDER|41\/100\n|move|p2a: ASTROTHUNDER|Volt Switch|p1a: Gholdengo\n|-damage|p1a: Gholdengo|50\/100\n|\n|t:|1700935607\n|switch|p2a: SICKO MODE|Meowscarada, F|38\/100|[from] Volt Switch\n|-damage|p2a: SICKO MODE|25\/100|[from] Spikes\n|\n|upkeep\n|turn|16\n|\n|t:|1700935612\n|switch|p1a: Alomomola|Alomomola, F, tera:Steel|91\/100\n|-damage|p1a: Alomomola|85\/100|[from] Stealth Rock\n|move|p2a: SICKO MODE|Knock Off|p1a: Alomomola\n|-start|p2a: SICKO MODE|typechange|Dark|[from] ability: Protean\n|-damage|p1a: Alomomola|50\/100\n|-damage|p2a: SICKO MODE|9\/100|[from] item: Rocky Helmet|[of] p1a: Alomomola\n|-enditem|p1a: Alomomola|Rocky Helmet|[from] move: Knock Off|[of] p2a: SICKO MODE\n|\n|upkeep\n|turn|17\n|\n|t:|1700935625\n|move|p2a: SICKO MODE|Knock Off|p1a: Alomomola\n|-damage|p1a: Alomomola|25\/100\n|move|p1a: Alomomola|Flip Turn|p2a: SICKO MODE\n|-damage|p2a: SICKO MODE|0 fnt\n|faint|p2a: SICKO MODE\n|\n|t:|1700935644\n|switch|p1a: Great Tusk|Great Tusk|100\/100|[from] Flip Turn\n|-damage|p1a: Great Tusk|98\/100|[from] Stealth Rock\n|\n|-heal|p1a: Great Tusk|100\/100|[from] item: Leftovers\n|upkeep\n|\n|t:|1700935647\n|switch|p2a: ASTROTHUNDER|Thundurus-Therian, M|41\/100\n|turn|18\n|\n|t:|1700935658\n|-terastallize|p2a: ASTROTHUNDER|Flying\n|move|p2a: ASTROTHUNDER|Tera Blast|p1a: Great Tusk|[anim] Tera Blast Flying\n|-supereffective|p1a: Great Tusk\n|-damage|p1a: Great Tusk|0 fnt\n|faint|p1a: Great Tusk\n|-end|p1a: Great Tusk|Protosynthesis|[silent]\n|\n|upkeep\n|\n|t:|1700935662\n|switch|p1a: Gholdengo|Gholdengo|50\/100\n|-damage|p1a: Gholdengo|44\/100|[from] Stealth Rock\n|turn|19\n|\n|t:|1700935664\n|switch|p2a: 5% TINT|Heatran, F|100\/100\n|-item|p2a: 5% TINT|Air Balloon\n|move|p1a: Gholdengo|Make It Rain|p2a: 5% TINT\n|-resisted|p2a: 5% TINT\n|-damage|p2a: 5% TINT|86\/100\n|-unboost|p1a: Gholdengo|spa|1\n|-enditem|p2a: 5% TINT|Air Balloon\n|\n|upkeep\n|turn|20\n|\n|t:|1700935668\n|switch|p1a: Alomomola|Alomomola, F, tera:Steel|59\/100\n|-damage|p1a: Alomomola|52\/100|[from] Stealth Rock\n|move|p2a: 5% TINT|Magma Storm|p1a: Alomomola\n|-supereffective|p1a: Alomomola\n|-damage|p1a: Alomomola|0 fnt\n|faint|p1a: Alomomola\n|\n|upkeep\n|\n|t:|1700935671\n|switch|p1a: Gholdengo|Gholdengo|44\/100\n|-damage|p1a: Gholdengo|38\/100|[from] Stealth Rock\n|turn|21\n|\n|t:|1700935673\n|move|p1a: Gholdengo|Shadow Ball|p2a: 5% TINT\n|-damage|p2a: 5% TINT|48\/100\n|move|p2a: 5% TINT|Magma Storm|p1a: Gholdengo|[miss]\n|-miss|p2a: 5% TINT|p1a: Gholdengo\n|\n|upkeep\n|turn|22\n|\n|t:|1700935678\n|move|p1a: Gholdengo|Shadow Ball|p2a: 5% TINT\n|-damage|p2a: 5% TINT|8\/100\n|move|p2a: 5% TINT|Earth Power|p1a: Gholdengo\n|-supereffective|p1a: Gholdengo\n|-damage|p1a: Gholdengo|0 fnt\n|faint|p1a: Gholdengo\n|\n|upkeep\n|\n|t:|1700935681\n|switch|p1a: Iron Valiant|Iron Valiant|100\/100\n|-damage|p1a: Iron Valiant|94\/100|[from] Stealth Rock\n|-enditem|p1a: Iron Valiant|Booster Energy\n|-activate|p1a: Iron Valiant|ability: Quark Drive|[fromitem]\n|-start|p1a: Iron Valiant|quarkdrivespe\n|turn|23\n|\n|t:|1700935686\n|move|p1a: Iron Valiant|Thunderbolt|p2a: 5% TINT\n|-damage|p2a: 5% TINT|0 fnt\n|faint|p2a: 5% TINT\n|\n|upkeep\n|\n|t:|1700935693\n|switch|p2a: ASTROTHUNDER|Thundurus-Therian, M, tera:Flying|41\/100\n|turn|24\n|\n|t:|1700935696\n|move|p1a: Iron Valiant|Moonblast|p2a: ASTROTHUNDER\n|-damage|p2a: ASTROTHUNDER|0 fnt\n|faint|p2a: ASTROTHUNDER\n|\n|upkeep\n|\n|t:|1700935699\n|switch|p2a: NO BYSTANDERS|Dragapult, F|100\/100\n|turn|25\n|\n|t:|1700935704\n|move|p1a: Iron Valiant|Moonblast|p2a: NO BYSTANDERS\n|-supereffective|p2a: NO BYSTANDERS\n|-damage|p2a: NO BYSTANDERS|0 fnt\n|faint|p2a: NO BYSTANDERS\n|\n|win|Edubnosfera2\n|raw|Edubnosfera2's rating: 1361 &rarr; <strong>1380<\/strong><br \/>(+19 for winning)\n|raw|PLAYB0I R0BBIE B's rating: 1337 &rarr; <strong>1318<\/strong><br \/>(-19 for losing)\n|c|\u2606Edubnosfera2|Gg\n|l|\u2606Edubnosfera2\n","uploadtime":1700935738,"views":0,"p1id":"edubnosfera2","p2id":"playb0ir0bbieb","formatid":"gen9ou","rating":1318,"private":0,"password":""}