{"id":"gen9ou-1994074334","p1":"sopa de bisharp","p2":"Jarnisse_AG","format":"[Gen 9] OU","log":"|j|\u2606sopa de bisharp\n|j|\u2606Jarnisse_AG\n|t:|1700403487\n|gametype|singles\n|player|p1|sopa de bisharp|gambler|1045\n|player|p2|Jarnisse_AG|hoopster|1146\n|teamsize|p1|6\n|teamsize|p2|6\n|gen|9\n|tier|[Gen 9] OU\n|rated|\n|rule|Sleep Clause Mod: Limit one foe put to sleep\n|rule|Species Clause: Limit one of each Pok\u00e9mon\n|rule|OHKO Clause: OHKO moves are banned\n|rule|Evasion Items Clause: Evasion items are banned\n|rule|Evasion Moves Clause: Evasion moves are banned\n|rule|Endless Battle Clause: Forcing endless battles is banned\n|rule|HP Percentage Mod: HP is shown in percentages\n|clearpoke\n|poke|p1|Bisharp, M|\n|poke|p1|Gardevoir, F|\n|poke|p1|Breloom, F|\n|poke|p1|Gyarados, F|\n|poke|p1|Ampharos, M|\n|poke|p1|Infernape, M|\n|poke|p2|Ribombee, F|\n|poke|p2|Ogerpon-Wellspring, F|\n|poke|p2|Iron Moth|\n|poke|p2|Kingambit, M|\n|poke|p2|Gholdengo|\n|poke|p2|Iron Valiant|\n|teampreview\n|\n|t:|1700403503\n|start\n|switch|p1a: Infernape|Infernape, M|100\/100\n|switch|p2a: Ribombee|Ribombee, F|100\/100\n|turn|1\n|\n|t:|1700403511\n|move|p2a: Ribombee|Sticky Web|p1a: Infernape\n|-sidestart|p1: sopa de bisharp|move: Sticky Web\n|move|p1a: Infernape|Fire Punch|p2a: Ribombee\n|-supereffective|p2a: Ribombee\n|-enditem|p2a: Ribombee|Focus Sash\n|-damage|p2a: Ribombee|1\/100\n|\n|upkeep\n|turn|2\n|\n|t:|1700403520\n|move|p2a: Ribombee|Psychic|p1a: Infernape\n|-supereffective|p1a: Infernape\n|-damage|p1a: Infernape|10\/100\n|move|p1a: Infernape|Thunder Punch|p2a: Ribombee\n|-damage|p2a: Ribombee|0 fnt\n|faint|p2a: Ribombee\n|\n|upkeep\n|inactive|Battle timer is ON: inactive players will automatically lose when time's up. (requested by sopa de bisharp)\n|\n|t:|1700403542\n|switch|p2a: Iron Moth|Iron Moth|100\/100\n|-enditem|p2a: Iron Moth|Booster Energy\n|-activate|p2a: Iron Moth|ability: Quark Drive|[fromitem]\n|-start|p2a: Iron Moth|quarkdrivespa\n|turn|3\n|\n|t:|1700403551\n|switch|p1a: Gyarados|Gyarados, F, shiny|100\/100\n|-ability|p1a: Gyarados|Intimidate|boost\n|-unboost|p2a: Iron Moth|atk|1\n|move|p2a: Iron Moth|Fiery Dance|p1a: Gyarados\n|-resisted|p1a: Gyarados\n|-damage|p1a: Gyarados|72\/100\n|-boost|p2a: Iron Moth|spa|1\n|\n|upkeep\n|turn|4\n|\n|t:|1700403563\n|move|p2a: Iron Moth|Sludge Wave|p1a: Gyarados\n|-damage|p1a: Gyarados|0 fnt\n|faint|p1a: Gyarados\n|\n|upkeep\n|\n|t:|1700403569\n|switch|p1a: Breloom|Breloom, F|100\/100\n|-activate|p1a: Breloom|move: Sticky Web\n|-unboost|p1a: Breloom|spe|1\n|turn|5\n|\n|t:|1700403595\n|switch|p1a: Ampharos|Ampharos, M, shiny|100\/100\n|-activate|p1a: Ampharos|move: Sticky Web\n|-unboost|p1a: Ampharos|spe|1\n|move|p2a: Iron Moth|Sludge Wave|p1a: Ampharos\n|-damage|p1a: Ampharos|0 fnt\n|faint|p1a: Ampharos\n|\n|upkeep\n|\n|t:|1700403603\n|switch|p1a: Bisharp|Bisharp, M|100\/100\n|-activate|p1a: Bisharp|move: Sticky Web\n|-unboost|p1a: Bisharp|spe|1\n|-ability|p1a: Bisharp|Defiant|boost\n|-boost|p1a: Bisharp|atk|2\n|turn|6\n|\n|t:|1700403611\n|move|p2a: Iron Moth|Fiery Dance|p1a: Bisharp\n|-supereffective|p1a: Bisharp\n|-damage|p1a: Bisharp|0 fnt\n|faint|p1a: Bisharp\n|\n|upkeep\n|\n|t:|1700403616\n|switch|p1a: Infernape|Infernape, M|10\/100\n|-activate|p1a: Infernape|move: Sticky Web\n|-unboost|p1a: Infernape|spe|1\n|turn|7\n|\n|t:|1700403621\n|move|p2a: Iron Moth|Fiery Dance|p1a: Infernape\n|-resisted|p1a: Infernape\n|-damage|p1a: Infernape|0 fnt\n|faint|p1a: Infernape\n|\n|upkeep\n|\n|t:|1700403625\n|switch|p1a: Gardevoir|Gardevoir, F, shiny|100\/100\n|-activate|p1a: Gardevoir|move: Sticky Web\n|-unboost|p1a: Gardevoir|spe|1\n|turn|8\n|\n|t:|1700403640\n|move|p2a: Iron Moth|Sludge Wave|p1a: Gardevoir\n|-supereffective|p1a: Gardevoir\n|-damage|p1a: Gardevoir|0 fnt\n|faint|p1a: Gardevoir\n|\n|upkeep\n|\n|t:|1700403644\n|switch|p1a: Breloom|Breloom, F|100\/100\n|-activate|p1a: Breloom|move: Sticky Web\n|-unboost|p1a: Breloom|spe|1\n|turn|9\n|\n|t:|1700403650\n|move|p2a: Iron Moth|Fiery Dance|p1a: Breloom\n|-supereffective|p1a: Breloom\n|-damage|p1a: Breloom|0 fnt\n|faint|p1a: Breloom\n|\n|win|Jarnisse_AG\n|raw|sopa de bisharp's rating: 1045 &rarr; <strong>1033<\/strong><br \/>(-12 for losing)\n|raw|Jarnisse_AG's rating: 1146 &rarr; <strong>1164<\/strong><br \/>(+18 for winning)\n|l|\u2606sopa de bisharp\n","uploadtime":1700403707,"views":15,"p1id":"sopadebisharp","p2id":"jarnisseag","formatid":"gen9ou","rating":1033,"private":0,"password":""}