{"id":"gen9ou-1993936503","p1":"DOOM1806","p2":"7#tm","format":"[Gen 9] OU","log":"|j|\u2606DOOM1806\n|j|\u26067#tm\n|t:|1700378566\n|gametype|singles\n|player|p1|DOOM1806|elesa|1631\n|player|p2|7#tm|fantina|1694\n|teamsize|p1|6\n|teamsize|p2|6\n|gen|9\n|tier|[Gen 9] OU\n|rated|\n|rule|Sleep Clause Mod: Limit one foe put to sleep\n|rule|Species Clause: Limit one of each Pok\u00e9mon\n|rule|OHKO Clause: OHKO moves are banned\n|rule|Evasion Items Clause: Evasion items are banned\n|rule|Evasion Moves Clause: Evasion moves are banned\n|rule|Endless Battle Clause: Forcing endless battles is banned\n|rule|HP Percentage Mod: HP is shown in percentages\n|clearpoke\n|poke|p1|Iron Hands|\n|poke|p1|Kingambit, M|\n|poke|p1|Rillaboom, F|\n|poke|p1|Sneasler, F|\n|poke|p1|Ursaluna, M|\n|poke|p1|Iron Valiant|\n|poke|p2|Torkoal, M|\n|poke|p2|Walking Wake|\n|poke|p2|Lilligant-Hisui, F|\n|poke|p2|Cresselia, F|\n|poke|p2|Cinderace, F|\n|poke|p2|Enamorus-Therian, F|\n|teampreview\n|inactive|Battle timer is ON: inactive players will automatically lose when time's up. (requested by 7#tm)\n|\n|t:|1700378575\n|start\n|switch|p1a: Ursaluna|Ursaluna, M|100\/100\n|switch|p2a: Cinderace|Cinderace, F|100\/100\n|turn|1\n|\n|t:|1700378588\n|move|p2a: Cinderace|High Jump Kick|p1a: Ursaluna\n|-start|p2a: Cinderace|typechange|Fighting|[from] ability: Libero\n|-supereffective|p1a: Ursaluna\n|-damage|p1a: Ursaluna|11\/100\n|move|p1a: Ursaluna|Headlong Rush|p2a: Cinderace\n|-crit|p2a: Cinderace\n|-damage|p2a: Cinderace|0 fnt\n|-unboost|p1a: Ursaluna|def|1\n|-unboost|p1a: Ursaluna|spd|1\n|faint|p2a: Cinderace\n|\n|upkeep\n|\n|t:|1700378602\n|switch|p2a: Walking Wake|Walking Wake|100\/100\n|turn|2\n|-enditem|p1a: Ursaluna|Custap Berry|[eat]\n|-activate|p1a: Ursaluna|item: Custap Berry|[consumed]\n|\n|t:|1700378610\n|move|p1a: Ursaluna|Double-Edge|p2a: Walking Wake\n|-damage|p2a: Walking Wake|17\/100\n|-damage|p1a: Ursaluna|0 fnt|[from] Recoil\n|faint|p1a: Ursaluna\n|move|p2a: Walking Wake|Flip Turn|p1: Ursaluna|[notarget]\n|-fail|p2a: Walking Wake\n|\n|upkeep\n|\n|t:|1700378624\n|switch|p1a: Rillaboom|Rillaboom, F|100\/100\n|-fieldstart|move: Grassy Terrain|[from] ability: Grassy Surge|[of] p1a: Rillaboom\n|turn|3\n|\n|t:|1700378628\n|-end|p2a: Walking Wake|Protosynthesis|[silent]\n|switch|p2a: Torkoal|Torkoal, M|100\/100\n|-weather|SunnyDay|[from] ability: Drought|[of] p2a: Torkoal\n|move|p1a: Rillaboom|U-turn|p2a: Torkoal\n|-resisted|p2a: Torkoal\n|-damage|p2a: Torkoal|89\/100\n|\n|t:|1700378635\n|switch|p1a: Iron Hands|Iron Hands|100\/100|[from] U-turn\n|\n|-weather|SunnyDay|[upkeep]\n|-heal|p2a: Torkoal|95\/100|[from] Grassy Terrain\n|upkeep\n|turn|4\n|\n|t:|1700378648\n|move|p1a: Iron Hands|Swords Dance|p1a: Iron Hands\n|-boost|p1a: Iron Hands|atk|2\n|move|p2a: Torkoal|Yawn|p1a: Iron Hands\n|-start|p1a: Iron Hands|move: Yawn|[of] p2a: Torkoal\n|\n|-weather|SunnyDay|[upkeep]\n|-heal|p2a: Torkoal|100\/100|[from] Grassy Terrain\n|upkeep\n|turn|5\n|\n|t:|1700378667\n|move|p1a: Iron Hands|Wild Charge|p2a: Torkoal\n|-damage|p2a: Torkoal|34\/100\n|-damage|p1a: Iron Hands|89\/100|[from] Recoil\n|move|p2a: Torkoal|Stealth Rock|p1a: Iron Hands\n|-sidestart|p1: DOOM1806|move: Stealth Rock\n|\n|-weather|SunnyDay|[upkeep]\n|-heal|p1a: Iron Hands|95\/100|[from] Grassy Terrain\n|-heal|p2a: Torkoal|40\/100|[from] Grassy Terrain\n|-end|p1a: Iron Hands|move: Yawn|[silent]\n|-status|p1a: Iron Hands|slp\n|upkeep\n|turn|6\n|j| Arishima Alice\n|\n|t:|1700378692\n|switch|p2a: Lilligant|Lilligant-Hisui, F|100\/100\n|cant|p1a: Iron Hands|slp\n|\n|-weather|SunnyDay|[upkeep]\n|-heal|p1a: Iron Hands|100\/100 slp|[from] Grassy Terrain\n|upkeep\n|turn|7\n|\n|t:|1700378698\n|move|p2a: Lilligant|Swords Dance|p2a: Lilligant\n|-boost|p2a: Lilligant|atk|2\n|cant|p1a: Iron Hands|slp\n|\n|-weather|SunnyDay|[upkeep]\n|-fieldend|move: Grassy Terrain\n|upkeep\n|turn|8\n|inactive|7#tm has 120 seconds left.\n|\n|t:|1700378719\n|move|p2a: Lilligant|Solar Blade||[still]\n|-prepare|p2a: Lilligant|Solar Blade\n|-anim|p2a: Lilligant|Solar Blade|p1a: Iron Hands\n|-damage|p1a: Iron Hands|17\/100 slp\n|-enditem|p1a: Iron Hands|Red Card|[of] p2a: Lilligant\n|drag|p2a: Torkoal|Torkoal, M|40\/100\n|-curestatus|p1a: Iron Hands|slp|[msg]\n|move|p1a: Iron Hands|Drain Punch|p2a: Torkoal\n|-damage|p2a: Torkoal|0 fnt\n|-heal|p1a: Iron Hands|30\/100|[from] drain|[of] p2a: Torkoal\n|faint|p2a: Torkoal\n|\n|-weather|SunnyDay|[upkeep]\n|upkeep\n|inactive|7#tm has 120 seconds left.\n|\n|t:|1700378747\n|switch|p2a: Lilligant|Lilligant-Hisui, F|100\/100\n|turn|9\n|\n|t:|1700378757\n|move|p2a: Lilligant|Solar Blade||[still]\n|-prepare|p2a: Lilligant|Solar Blade\n|-anim|p2a: Lilligant|Solar Blade|p1a: Iron Hands\n|-damage|p1a: Iron Hands|0 fnt\n|faint|p1a: Iron Hands\n|-end|p1a: Iron Hands|Quark Drive|[silent]\n|\n|-weather|SunnyDay|[upkeep]\n|upkeep\n|\n|t:|1700378785\n|switch|p1a: Rillaboom|Rillaboom, F|100\/100\n|-damage|p1a: Rillaboom|88\/100|[from] Stealth Rock\n|-fieldstart|move: Grassy Terrain|[from] ability: Grassy Surge|[of] p1a: Rillaboom\n|turn|10\n|\n|t:|1700378790\n|move|p2a: Lilligant|Ice Spinner|p1a: Rillaboom\n|-supereffective|p1a: Rillaboom\n|-damage|p1a: Rillaboom|31\/100\n|-fieldend|move: Grassy Terrain\n|move|p1a: Rillaboom|Wood Hammer|p2a: Lilligant\n|-resisted|p2a: Lilligant\n|-damage|p2a: Lilligant|25\/100\n|-damage|p1a: Rillaboom|10\/100|[from] Recoil\n|\n|-weather|none\n|upkeep\n|turn|11\n|inactive|7#tm has 120 seconds left.\n|\n|t:|1700378807\n|move|p2a: Lilligant|Close Combat|p1a: Rillaboom\n|-damage|p1a: Rillaboom|0 fnt\n|-unboost|p2a: Lilligant|def|1\n|-unboost|p2a: Lilligant|spd|1\n|faint|p1a: Rillaboom\n|\n|upkeep\n|\n|t:|1700378813\n|switch|p1a: Iron Valiant|Iron Valiant|100\/100\n|-damage|p1a: Iron Valiant|94\/100|[from] Stealth Rock\n|-enditem|p1a: Iron Valiant|Booster Energy\n|-activate|p1a: Iron Valiant|ability: Quark Drive|[fromitem]\n|-start|p1a: Iron Valiant|quarkdrivespe\n|turn|12\n|inactive|7#tm has 120 seconds left.\n|\n|t:|1700378819\n|move|p1a: Iron Valiant|Calm Mind|p1a: Iron Valiant\n|-boost|p1a: Iron Valiant|spa|1\n|-boost|p1a: Iron Valiant|spd|1\n|move|p2a: Lilligant|Ice Spinner|p1a: Iron Valiant\n|-damage|p1a: Iron Valiant|63\/100\n|\n|upkeep\n|turn|13\n|inactive|7#tm has 120 seconds left.\n|\n|t:|1700378831\n|move|p1a: Iron Valiant|Moonblast|p2a: Lilligant\n|-supereffective|p2a: Lilligant\n|-damage|p2a: Lilligant|0 fnt\n|faint|p2a: Lilligant\n|\n|upkeep\n|inactive|7#tm has 120 seconds left.\n|\n|t:|1700378839\n|switch|p2a: Enamorus|Enamorus-Therian, F|100\/100\n|turn|14\n|\n|t:|1700378844\n|move|p1a: Iron Valiant|Moonblast|p2a: Enamorus\n|-damage|p2a: Enamorus|48\/100\n|-unboost|p2a: Enamorus|spa|1\n|move|p2a: Enamorus|Draining Kiss|p1a: Iron Valiant\n|-supereffective|p1a: Iron Valiant\n|-damage|p1a: Iron Valiant|18\/100\n|-heal|p2a: Enamorus|77\/100|[from] drain|[of] p1a: Iron Valiant\n|\n|-heal|p2a: Enamorus|83\/100|[from] item: Leftovers\n|upkeep\n|turn|15\n|\n|t:|1700378854\n|move|p1a: Iron Valiant|Moonblast|p2a: Enamorus\n|-damage|p2a: Enamorus|30\/100\n|move|p2a: Enamorus|Draining Kiss|p1a: Iron Valiant\n|-supereffective|p1a: Iron Valiant\n|-damage|p1a: Iron Valiant|0 fnt\n|-heal|p2a: Enamorus|41\/100|[from] drain|[of] p1a: Iron Valiant\n|faint|p1a: Iron Valiant\n|-end|p1a: Iron Valiant|Quark Drive|[silent]\n|\n|-heal|p2a: Enamorus|47\/100|[from] item: Leftovers\n|upkeep\n|\n|t:|1700378861\n|switch|p1a: Sneasler|Sneasler, F|100\/100\n|-damage|p1a: Sneasler|94\/100|[from] Stealth Rock\n|turn|16\n|\n|t:|1700378868\n|switch|p2a: Cresselia|Cresselia, F|100\/100\n|move|p1a: Sneasler|Dire Claw|p2a: Cresselia\n|-damage|p2a: Cresselia|77\/100\n|\n|-heal|p2a: Cresselia|83\/100|[from] item: Leftovers\n|upkeep\n|turn|17\n|inactive|7#tm has 120 seconds left.\n|\n|t:|1700378908\n|switch|p2a: Enamorus|Enamorus-Therian, F|47\/100\n|move|p1a: Sneasler|Swords Dance|p1a: Sneasler\n|-boost|p1a: Sneasler|atk|2\n|\n|-heal|p2a: Enamorus|54\/100|[from] item: Leftovers\n|upkeep\n|turn|18\n|\n|t:|1700378922\n|move|p1a: Sneasler|Dire Claw|p2a: Enamorus\n|-supereffective|p2a: Enamorus\n|-damage|p2a: Enamorus|0 fnt\n|faint|p2a: Enamorus\n|\n|upkeep\n|\n|t:|1700378927\n|switch|p2a: Cresselia|Cresselia, F|83\/100\n|turn|19\n|\n|t:|1700378933\n|-terastallize|p1a: Sneasler|Flying\n|move|p1a: Sneasler|Dire Claw|p2a: Cresselia\n|-damage|p2a: Cresselia|37\/100\n|move|p2a: Cresselia|Calm Mind|p2a: Cresselia\n|-boost|p2a: Cresselia|spa|1\n|-boost|p2a: Cresselia|spd|1\n|\n|-heal|p2a: Cresselia|44\/100|[from] item: Leftovers\n|upkeep\n|turn|20\n|\n|t:|1700378947\n|-terastallize|p2a: Cresselia|Poison\n|move|p1a: Sneasler|Swords Dance|p1a: Sneasler\n|-boost|p1a: Sneasler|atk|2\n|move|p2a: Cresselia|Moonlight|p2a: Cresselia\n|-heal|p2a: Cresselia|94\/100\n|\n|-heal|p2a: Cresselia|99\/100|[from] item: Leftovers\n|upkeep\n|turn|21\n|\n|t:|1700378958\n|move|p1a: Sneasler|Acrobatics|p2a: Cresselia\n|-damage|p2a: Cresselia|42\/100\n|move|p2a: Cresselia|Calm Mind|p2a: Cresselia\n|-boost|p2a: Cresselia|spa|1\n|-boost|p2a: Cresselia|spd|1\n|\n|-heal|p2a: Cresselia|48\/100|[from] item: Leftovers\n|upkeep\n|turn|22\n|\n|t:|1700378967\n|move|p1a: Sneasler|Acrobatics|p2a: Cresselia\n|-damage|p2a: Cresselia|0 fnt\n|faint|p2a: Cresselia\n|\n|upkeep\n|\n|t:|1700378972\n|switch|p2a: Walking Wake|Walking Wake|17\/100\n|turn|23\n|\n|t:|1700378979\n|move|p2a: Walking Wake|Draco Meteor|p1a: Sneasler\n|-damage|p1a: Sneasler|0 fnt\n|-unboost|p2a: Walking Wake|spa|2\n|faint|p1a: Sneasler\n|\n|upkeep\n|\n|t:|1700378981\n|switch|p1a: Kingambit|Kingambit, M|100\/100\n|-damage|p1a: Kingambit|94\/100|[from] Stealth Rock\n|-activate|p1a: Kingambit|ability: Supreme Overlord\n|-start|p1a: Kingambit|fallen5|[silent]\n|turn|24\n|\n|t:|1700378988\n|move|p1a: Kingambit|Sucker Punch|p2a: Walking Wake\n|-damage|p2a: Walking Wake|0 fnt\n|faint|p2a: Walking Wake\n|-end|p2a: Walking Wake|Protosynthesis|[silent]\n|\n|win|DOOM1806\n|raw|DOOM1806's rating: 1631 &rarr; <strong>1655<\/strong><br \/>(+24 for winning)\n|raw|7#tm's rating: 1694 &rarr; <strong>1670<\/strong><br \/>(-24 for losing)\n|l|\u26067#tm\n","uploadtime":1700378993,"views":16,"p1id":"doom1806","p2id":"7tm","formatid":"gen9ou","rating":1655,"private":0,"password":""}