{"id":"gen9ou-1997581718","p1":"SkyPrincess420","p2":"Diatere","format":"[Gen 9] OU","log":"|j|\u2606SkyPrincess420\n|j|\u2606Diatere\n|t:|1700828749\n|gametype|singles\n|player|p1|SkyPrincess420|caitlin|1444\n|player|p2|Diatere|mina|1458\n|teamsize|p1|6\n|teamsize|p2|6\n|gen|9\n|tier|[Gen 9] OU\n|rated|\n|rule|Sleep Clause Mod: Limit one foe put to sleep\n|rule|Species Clause: Limit one of each Pok\u00e9mon\n|rule|OHKO Clause: OHKO moves are banned\n|rule|Evasion Items Clause: Evasion items are banned\n|rule|Evasion Moves Clause: Evasion moves are banned\n|rule|Endless Battle Clause: Forcing endless battles is banned\n|rule|HP Percentage Mod: HP is shown in percentages\n|clearpoke\n|poke|p1|Rillaboom, F|\n|poke|p1|Hawlucha, M|\n|poke|p1|Great Tusk|\n|poke|p1|Landorus-Therian, M|\n|poke|p1|Gholdengo|\n|poke|p1|Empoleon, M|\n|poke|p2|Ninetales-Alola, M|\n|poke|p2|Hatterene, F|\n|poke|p2|Manaphy|\n|poke|p2|Ogerpon-Cornerstone, F|\n|poke|p2|Rillaboom, M|\n|poke|p2|Iron Valiant|\n|teampreview\n|inactive|Battle timer is ON: inactive players will automatically lose when time's up. (requested by SkyPrincess420)\n|\n|t:|1700828786\n|start\n|switch|p1a: Gholdengo|Gholdengo|100\/100\n|switch|p2a: Tavros|Ninetales-Alola, M|100\/100\n|-weather|Snow|[from] ability: Snow Warning|[of] p2a: Tavros\n|turn|1\n|\n|t:|1700828791\n|move|p1a: Gholdengo|Make It Rain|p2a: Tavros\n|-supereffective|p2a: Tavros\n|-damage|p2a: Tavros|0 fnt\n|-unboost|p1a: Gholdengo|spa|1\n|faint|p2a: Tavros\n|\n|-weather|Snow|[upkeep]\n|upkeep\n|\n|t:|1700828799\n|switch|p2a: Gamzee|Rillaboom, M|100\/100\n|-fieldstart|move: Grassy Terrain|[from] ability: Grassy Surge|[of] p2a: Gamzee\n|turn|2\n|\n|t:|1700828805\n|switch|p1a: Landorus|Landorus-Therian, M|100\/100\n|-ability|p1a: Landorus|Intimidate|boost\n|-unboost|p2a: Gamzee|atk|1\n|move|p2a: Gamzee|Knock Off|p1a: Landorus\n|-damage|p1a: Landorus|78\/100\n|-enditem|p1a: Landorus|Leftovers|[from] move: Knock Off|[of] p2a: Gamzee\n|\n|-weather|Snow|[upkeep]\n|upkeep\n|turn|3\n|\n|t:|1700828811\n|switch|p2a: Kanaya|Hatterene, F|100\/100\n|-enditem|p2a: Kanaya|Grassy Seed\n|-boost|p2a: Kanaya|def|1|[from] item: Grassy Seed\n|move|p1a: Landorus|U-turn|p2a: Kanaya\n|-damage|p2a: Kanaya|90\/100\n|\n|t:|1700828823\n|switch|p1a: Gholdengo|Gholdengo|100\/100|[from] U-turn\n|\n|-weather|Snow|[upkeep]\n|-heal|p2a: Kanaya|96\/100|[from] Grassy Terrain\n|upkeep\n|turn|4\n|\n|t:|1700828831\n|-terastallize|p2a: Kanaya|Water\n|move|p1a: Gholdengo|Shadow Ball|p2a: Kanaya\n|-damage|p2a: Kanaya|51\/100\n|move|p2a: Kanaya|Calm Mind|p2a: Kanaya\n|-boost|p2a: Kanaya|spa|1\n|-boost|p2a: Kanaya|spd|1\n|\n|-weather|Snow|[upkeep]\n|-heal|p2a: Kanaya|57\/100|[from] Grassy Terrain\n|upkeep\n|turn|5\n|\n|t:|1700828838\n|switch|p1a: Rillaboom|Rillaboom, F|100\/100\n|move|p2a: Kanaya|Mystical Fire|p1a: Rillaboom\n|-supereffective|p1a: Rillaboom\n|-damage|p1a: Rillaboom|4\/100\n|-unboost|p1a: Rillaboom|spa|1\n|\n|-weather|none\n|-heal|p1a: Rillaboom|10\/100|[from] Grassy Terrain\n|-heal|p2a: Kanaya|63\/100|[from] Grassy Terrain\n|upkeep\n|turn|6\n|\n|t:|1700828851\n|switch|p2a: Gamzee|Rillaboom, M|100\/100\n|move|p1a: Rillaboom|Grassy Glide|p2a: Gamzee\n|-resisted|p2a: Gamzee\n|-damage|p2a: Gamzee|69\/100\n|\n|-heal|p2a: Gamzee|75\/100|[from] Grassy Terrain\n|-heal|p1a: Rillaboom|17\/100|[from] Grassy Terrain\n|-fieldend|move: Grassy Terrain\n|upkeep\n|turn|7\n|\n|t:|1700828857\n|switch|p1a: Landorus|Landorus-Therian, M|78\/100\n|-ability|p1a: Landorus|Intimidate|boost\n|-unboost|p2a: Gamzee|atk|1\n|move|p2a: Gamzee|U-turn|p1a: Landorus\n|-resisted|p1a: Landorus\n|-damage|p1a: Landorus|70\/100\n|\n|t:|1700828862\n|switch|p2a: Karkat|Manaphy|100\/100|[from] U-turn\n|\n|upkeep\n|turn|8\n|\n|t:|1700828867\n|switch|p1a: Empoleon|Empoleon, M|100\/100\n|move|p2a: Karkat|Acid Armor|p2a: Karkat\n|-boost|p2a: Karkat|def|2\n|\n|upkeep\n|turn|9\n|\n|t:|1700828882\n|move|p2a: Karkat|Take Heart|p2a: Karkat\n|-boost|p2a: Karkat|spa|1\n|-boost|p2a: Karkat|spd|1\n|move|p1a: Empoleon|Roar|p2a: Karkat\n|drag|p2a: Kanaya|Hatterene, F, tera:Water|63\/100\n|\n|upkeep\n|turn|10\n|\n|t:|1700828889\n|move|p1a: Empoleon|Flip Turn|p2a: Kanaya\n|-resisted|p2a: Kanaya\n|-damage|p2a: Kanaya|57\/100\n|\n|t:|1700828896\n|switch|p1a: Great Tusk|Great Tusk|100\/100|[from] Flip Turn\n|move|p2a: Kanaya|Mystical Fire|p1a: Great Tusk\n|-damage|p1a: Great Tusk|67\/100\n|-unboost|p1a: Great Tusk|spa|1\n|\n|-heal|p1a: Great Tusk|73\/100|[from] item: Leftovers\n|upkeep\n|turn|11\n|\n|t:|1700828912\n|move|p1a: Great Tusk|Headlong Rush|p2a: Kanaya\n|-damage|p2a: Kanaya|8\/100\n|-unboost|p1a: Great Tusk|def|1\n|-unboost|p1a: Great Tusk|spd|1\n|move|p2a: Kanaya|Draining Kiss|p1a: Great Tusk\n|-supereffective|p1a: Great Tusk\n|-damage|p1a: Great Tusk|0 fnt\n|-heal|p2a: Kanaya|71\/100|[from] drain|[of] p1a: Great Tusk\n|faint|p1a: Great Tusk\n|-end|p1a: Great Tusk|Protosynthesis|[silent]\n|\n|upkeep\n|\n|t:|1700828920\n|switch|p1a: Rillaboom|Rillaboom, F|17\/100\n|-fieldstart|move: Grassy Terrain|[from] ability: Grassy Surge|[of] p1a: Rillaboom\n|turn|12\n|\n|t:|1700828944\n|switch|p2a: Gamzee|Rillaboom, M|75\/100\n|-terastallize|p1a: Rillaboom|Grass\n|move|p1a: Rillaboom|Grassy Glide|p2a: Gamzee\n|-resisted|p2a: Gamzee\n|-damage|p2a: Gamzee|29\/100\n|\n|-heal|p2a: Gamzee|35\/100|[from] Grassy Terrain\n|-heal|p1a: Rillaboom|23\/100|[from] Grassy Terrain\n|upkeep\n|turn|13\n|\n|t:|1700828959\n|switch|p1a: Gholdengo|Gholdengo|100\/100\n|move|p2a: Gamzee|Grassy Glide|p1a: Gholdengo\n|-resisted|p1a: Gholdengo\n|-damage|p1a: Gholdengo|71\/100\n|\n|-heal|p1a: Gholdengo|77\/100|[from] Grassy Terrain\n|-heal|p2a: Gamzee|41\/100|[from] Grassy Terrain\n|upkeep\n|turn|14\n|inactive|Diatere has 120 seconds left.\n|\n|t:|1700828984\n|switch|p2a: Kanaya|Hatterene, F, tera:Water|71\/100\n|move|p1a: Gholdengo|Shadow Ball|p2a: Kanaya\n|-damage|p2a: Kanaya|30\/100\n|\n|-heal|p1a: Gholdengo|83\/100|[from] Grassy Terrain\n|-heal|p2a: Kanaya|36\/100|[from] Grassy Terrain\n|upkeep\n|turn|15\n|\n|t:|1700828990\n|move|p1a: Gholdengo|Shadow Ball|p2a: Kanaya\n|-damage|p2a: Kanaya|0 fnt\n|faint|p2a: Kanaya\n|\n|-heal|p1a: Gholdengo|89\/100|[from] Grassy Terrain\n|upkeep\n|\n|t:|1700828992\n|switch|p2a: Karkat|Manaphy|100\/100\n|turn|16\n|\n|t:|1700828996\n|move|p1a: Gholdengo|Shadow Ball|p2a: Karkat\n|-damage|p2a: Karkat|60\/100\n|move|p2a: Karkat|Take Heart|p2a: Karkat\n|-boost|p2a: Karkat|spa|1\n|-boost|p2a: Karkat|spd|1\n|\n|-heal|p1a: Gholdengo|95\/100|[from] Grassy Terrain\n|-heal|p2a: Karkat|67\/100|[from] Grassy Terrain\n|-heal|p2a: Karkat|73\/100|[from] item: Leftovers\n|-fieldend|move: Grassy Terrain\n|upkeep\n|turn|17\n|\n|t:|1700829004\n|switch|p1a: Empoleon|Empoleon, M|100\/100\n|move|p2a: Karkat|Take Heart|p2a: Karkat\n|-boost|p2a: Karkat|spa|1\n|-boost|p2a: Karkat|spd|1\n|\n|-heal|p2a: Karkat|79\/100|[from] item: Leftovers\n|upkeep\n|turn|18\n|\n|t:|1700829018\n|move|p2a: Karkat|Scald|p1a: Empoleon\n|-resisted|p1a: Empoleon\n|-damage|p1a: Empoleon|76\/100\n|move|p1a: Empoleon|Roar|p2a: Karkat\n|drag|p2a: Terezi|Ogerpon-Cornerstone, F|100\/100\n|\n|-heal|p1a: Empoleon|82\/100|[from] item: Leftovers\n|upkeep\n|turn|19\n|\n|t:|1700829026\n|switch|p1a: Landorus|Landorus-Therian, M|70\/100\n|-ability|p1a: Landorus|Intimidate|boost\n|-unboost|p2a: Terezi|atk|1\n|move|p2a: Terezi|Swords Dance|p2a: Terezi\n|-boost|p2a: Terezi|atk|2\n|\n|upkeep\n|turn|20\n|\n|t:|1700829036\n|move|p2a: Terezi|Ivy Cudgel|p1a: Landorus|[anim] Ivy Cudgel Rock\n|-damage|p1a: Landorus|11\/100\n|move|p1a: Landorus|U-turn|p2a: Terezi\n|-supereffective|p2a: Terezi\n|-damage|p2a: Terezi|52\/100\n|\n|t:|1700829039\n|switch|p1a: Gholdengo|Gholdengo|95\/100|[from] U-turn\n|\n|upkeep\n|turn|21\n|\n|t:|1700829042\n|move|p1a: Gholdengo|Shadow Ball|p2a: Terezi\n|-damage|p2a: Terezi|0 fnt\n|faint|p2a: Terezi\n|\n|upkeep\n|\n|t:|1700829046\n|switch|p2a: Gamzee|Rillaboom, M|41\/100\n|-fieldstart|move: Grassy Terrain|[from] ability: Grassy Surge|[of] p2a: Gamzee\n|turn|22\n|\n|t:|1700829056\n|move|p1a: Gholdengo|Shadow Ball|p2a: Gamzee\n|-damage|p2a: Gamzee|0 fnt\n|faint|p2a: Gamzee\n|\n|-heal|p1a: Gholdengo|100\/100|[from] Grassy Terrain\n|upkeep\n|\n|t:|1700829067\n|switch|p2a: Karkat|Manaphy|79\/100\n|turn|23\n|\n|t:|1700829075\n|switch|p1a: Empoleon|Empoleon, M|82\/100\n|move|p2a: Karkat|Take Heart|p2a: Karkat\n|-boost|p2a: Karkat|spa|1\n|-boost|p2a: Karkat|spd|1\n|\n|-heal|p2a: Karkat|85\/100|[from] Grassy Terrain\n|-heal|p2a: Karkat|91\/100|[from] item: Leftovers\n|-heal|p1a: Empoleon|88\/100|[from] Grassy Terrain\n|-heal|p1a: Empoleon|95\/100|[from] item: Leftovers\n|upkeep\n|turn|24\n|\n|t:|1700829082\n|move|p2a: Karkat|Scald|p1a: Empoleon\n|-resisted|p1a: Empoleon\n|-damage|p1a: Empoleon|75\/100\n|-status|p1a: Empoleon|brn\n|move|p1a: Empoleon|Roar|p2a: Karkat\n|drag|p2a: Vriska|Iron Valiant|100\/100\n|-enditem|p2a: Vriska|Booster Energy\n|-activate|p2a: Vriska|ability: Quark Drive|[fromitem]\n|-start|p2a: Vriska|quarkdrivespe\n|\n|-heal|p1a: Empoleon|81\/100 brn|[from] Grassy Terrain\n|-heal|p1a: Empoleon|88\/100 brn|[from] item: Leftovers\n|-damage|p1a: Empoleon|81\/100 brn|[from] brn\n|upkeep\n|turn|25\n|\n|t:|1700829088\n|move|p2a: Vriska|Thunderbolt|p1a: Empoleon\n|-supereffective|p1a: Empoleon\n|-damage|p1a: Empoleon|39\/100 brn\n|move|p1a: Empoleon|Flip Turn|p2a: Vriska\n|-damage|p2a: Vriska|90\/100\n|\n|t:|1700829116\n|switch|p1a: Gholdengo|Gholdengo|100\/100|[from] Flip Turn\n|\n|-heal|p2a: Vriska|97\/100|[from] Grassy Terrain\n|upkeep\n|turn|26\n|\n|t:|1700829140\n|move|p2a: Vriska|Thunderbolt|p1a: Gholdengo\n|-damage|p1a: Gholdengo|64\/100\n|move|p1a: Gholdengo|Make It Rain|p2a: Vriska\n|-supereffective|p2a: Vriska\n|-damage|p2a: Vriska|0 fnt\n|-unboost|p1a: Gholdengo|spa|1\n|faint|p2a: Vriska\n|-end|p2a: Vriska|Quark Drive|[silent]\n|\n|-heal|p1a: Gholdengo|70\/100|[from] Grassy Terrain\n|-fieldend|move: Grassy Terrain\n|upkeep\n|\n|t:|1700829144\n|switch|p2a: Karkat|Manaphy|91\/100\n|turn|27\n|\n|t:|1700829148\n|switch|p1a: Landorus|Landorus-Therian, M|11\/100\n|-ability|p1a: Landorus|Intimidate|boost\n|-unboost|p2a: Karkat|atk|1\n|move|p2a: Karkat|Take Heart|p2a: Karkat\n|-boost|p2a: Karkat|spa|1\n|-boost|p2a: Karkat|spd|1\n|\n|-heal|p2a: Karkat|97\/100|[from] item: Leftovers\n|upkeep\n|turn|28\n|\n|t:|1700829154\n|move|p2a: Karkat|Acid Armor|p2a: Karkat\n|-boost|p2a: Karkat|def|2\n|move|p1a: Landorus|Sandsear Storm|p2a: Karkat\n|-damage|p2a: Karkat|77\/100\n|\n|-heal|p2a: Karkat|83\/100|[from] item: Leftovers\n|upkeep\n|turn|29\n|\n|t:|1700829159\n|move|p2a: Karkat|Take Heart|p2a: Karkat\n|-boost|p2a: Karkat|spa|1\n|-boost|p2a: Karkat|spd|1\n|move|p1a: Landorus|U-turn|p2a: Karkat\n|-damage|p2a: Karkat|73\/100\n|\n|t:|1700829162\n|switch|p1a: Gholdengo|Gholdengo|70\/100|[from] U-turn\n|\n|-heal|p2a: Karkat|80\/100|[from] item: Leftovers\n|upkeep\n|turn|30\n|\n|t:|1700829166\n|move|p1a: Gholdengo|Trick|p2a: Karkat\n|-activate|p1a: Gholdengo|move: Trick|[of] p2a: Karkat\n|-item|p2a: Karkat|Choice Scarf|[from] move: Trick\n|-item|p1a: Gholdengo|Leftovers|[from] move: Trick\n|move|p2a: Karkat|Take Heart|p2a: Karkat\n|-boost|p2a: Karkat|spa|1\n|-boost|p2a: Karkat|spd|1\n|\n|-heal|p1a: Gholdengo|76\/100|[from] item: Leftovers\n|upkeep\n|turn|31\n|c|\u2606Diatere|ah fuck gg\n|-message|Diatere forfeited.\n|\n|win|SkyPrincess420\n|raw|SkyPrincess420's rating: 1444 &rarr; <strong>1465<\/strong><br \/>(+21 for winning)\n|raw|Diatere's rating: 1458 &rarr; <strong>1437<\/strong><br \/>(-21 for losing)\n|l|\u2606Diatere\n","uploadtime":1700829182,"views":17,"p1id":"skyprincess420","p2id":"diatere","formatid":"gen9ou","rating":1437,"private":0,"password":""}