{"id":"gen9ou-1992451783","p1":"abyssAA","p2":"ochoagenalyn","format":"[Gen 9] OU","log":"|j|\u2606abyssAA\n|j|\u2606ochoagenalyn\n|t:|1700189233\n|gametype|singles\n|player|p1|abyssAA|266|1331\n|player|p2|ochoagenalyn|266|1372\n|teamsize|p1|6\n|teamsize|p2|6\n|gen|9\n|tier|[Gen 9] OU\n|rated|\n|rule|Sleep Clause Mod: Limit one foe put to sleep\n|rule|Species Clause: Limit one of each Pok\u00e9mon\n|rule|OHKO Clause: OHKO moves are banned\n|rule|Evasion Items Clause: Evasion items are banned\n|rule|Evasion Moves Clause: Evasion moves are banned\n|rule|Endless Battle Clause: Forcing endless battles is banned\n|rule|HP Percentage Mod: HP is shown in percentages\n|clearpoke\n|poke|p1|Iron Moth|\n|poke|p1|Cinderace, F|\n|poke|p1|Dragapult, M|\n|poke|p1|Great Tusk|\n|poke|p1|Kingambit, F|\n|poke|p1|Ogerpon-Wellspring, F|\n|poke|p2|Manaphy|\n|poke|p2|Kingambit, F|\n|poke|p2|Ribombee, F|\n|poke|p2|Gholdengo|\n|poke|p2|Iron Moth|\n|poke|p2|Ogerpon-Wellspring, F|\n|teampreview\n|inactive|Battle timer is ON: inactive players will automatically lose when time's up. (requested by ochoagenalyn)\n|\n|t:|1700189249\n|start\n|switch|p1a: Cinderace|Cinderace, F|100\/100\n|switch|p2a: Robombee|Ribombee, F, shiny|100\/100\n|turn|1\n|\n|t:|1700189253\n|move|p2a: Robombee|Stun Spore|p1a: Cinderace\n|-status|p1a: Cinderace|par\n|cant|p1a: Cinderace|par\n|\n|upkeep\n|turn|2\n|inactive|ochoagenalyn has 120 seconds left.\n|\n|t:|1700189283\n|switch|p2a: Manaphy|Manaphy|100\/100\n|move|p1a: Cinderace|Court Change||[still]\n|-swapsideconditions\n|-fail|p1a: Cinderace\n|\n|upkeep\n|turn|3\n|\n|t:|1700189296\n|switch|p1a: Ogerpon|Ogerpon-Wellspring, F|100\/100\n|move|p2a: Manaphy|Acid Armor|p2a: Manaphy\n|-boost|p2a: Manaphy|def|2\n|\n|upkeep\n|turn|4\n|\n|t:|1700189300\n|-terastallize|p2a: Manaphy|Poison\n|move|p1a: Ogerpon|Power Whip|p2a: Manaphy\n|-resisted|p2a: Manaphy\n|-damage|p2a: Manaphy|85\/100\n|move|p2a: Manaphy|Take Heart|p2a: Manaphy\n|-boost|p2a: Manaphy|spa|1\n|-boost|p2a: Manaphy|spd|1\n|\n|-heal|p2a: Manaphy|91\/100|[from] item: Leftovers\n|upkeep\n|turn|5\n|\n|t:|1700189309\n|move|p1a: Ogerpon|Ivy Cudgel|p2a: Manaphy|[anim] Ivy Cudgel Water\n|-damage|p2a: Manaphy|61\/100\n|move|p2a: Manaphy|Take Heart|p2a: Manaphy\n|-boost|p2a: Manaphy|spa|1\n|-boost|p2a: Manaphy|spd|1\n|\n|-heal|p2a: Manaphy|67\/100|[from] item: Leftovers\n|upkeep\n|turn|6\n|\n|t:|1700189317\n|move|p1a: Ogerpon|Ivy Cudgel|p2a: Manaphy|[anim] Ivy Cudgel Water\n|-damage|p2a: Manaphy|39\/100\n|move|p2a: Manaphy|Stored Power|p1a: Ogerpon\n|-damage|p1a: Ogerpon|0 fnt\n|faint|p1a: Ogerpon\n|\n|-heal|p2a: Manaphy|45\/100|[from] item: Leftovers\n|upkeep\n|\n|t:|1700189326\n|switch|p1a: Dragapult|Dragapult, M|100\/100\n|turn|7\n|\n|t:|1700189331\n|move|p1a: Dragapult|Draco Meteor|p2a: Manaphy\n|-damage|p2a: Manaphy|2\/100\n|-unboost|p1a: Dragapult|spa|2\n|move|p2a: Manaphy|Stored Power|p1a: Dragapult\n|-damage|p1a: Dragapult|0 fnt\n|faint|p1a: Dragapult\n|\n|-heal|p2a: Manaphy|8\/100|[from] item: Leftovers\n|upkeep\n|\n|t:|1700189335\n|switch|p1a: Iron Moth|Iron Moth|100\/100\n|-enditem|p1a: Iron Moth|Booster Energy\n|-activate|p1a: Iron Moth|ability: Quark Drive|[fromitem]\n|-start|p1a: Iron Moth|quarkdrivespe\n|turn|8\n|\n|t:|1700189341\n|move|p1a: Iron Moth|Fiery Dance|p2a: Manaphy\n|-damage|p2a: Manaphy|0 fnt\n|-boost|p1a: Iron Moth|spa|1\n|faint|p2a: Manaphy\n|\n|upkeep\n|inactive|ochoagenalyn has 120 seconds left.\n|\n|t:|1700189371\n|switch|p2a: Imoth|Iron Moth|100\/100\n|-enditem|p2a: Imoth|Booster Energy\n|-activate|p2a: Imoth|ability: Quark Drive|[fromitem]\n|-start|p2a: Imoth|quarkdrivespe\n|turn|9\n|\n|t:|1700189385\n|move|p2a: Imoth|Psychic|p1a: Iron Moth\n|-supereffective|p1a: Iron Moth\n|-damage|p1a: Iron Moth|34\/100\n|move|p1a: Iron Moth|Substitute|p1a: Iron Moth\n|-start|p1a: Iron Moth|Substitute\n|-damage|p1a: Iron Moth|9\/100\n|\n|upkeep\n|turn|10\n|\n|t:|1700189395\n|move|p2a: Imoth|Psychic|p1a: Iron Moth\n|-supereffective|p1a: Iron Moth\n|-end|p1a: Iron Moth|Substitute\n|move|p1a: Iron Moth|Fiery Dance|p2a: Imoth\n|-resisted|p2a: Imoth\n|-damage|p2a: Imoth|68\/100\n|-boost|p1a: Iron Moth|spa|1\n|\n|upkeep\n|turn|11\n|\n|t:|1700189401\n|-end|p1a: Iron Moth|Quark Drive|[silent]\n|switch|p1a: Kingambit|Kingambit, F|100\/100\n|move|p2a: Imoth|Fiery Dance|p1a: Kingambit\n|-supereffective|p1a: Kingambit\n|-damage|p1a: Kingambit|18\/100\n|\n|-heal|p1a: Kingambit|25\/100|[from] item: Leftovers\n|upkeep\n|turn|12\n|\n|t:|1700189405\n|move|p2a: Imoth|Substitute|p2a: Imoth\n|-start|p2a: Imoth|Substitute\n|-damage|p2a: Imoth|43\/100\n|move|p1a: Kingambit|Kowtow Cleave|p2a: Imoth\n|-end|p2a: Imoth|Substitute\n|\n|-heal|p1a: Kingambit|31\/100|[from] item: Leftovers\n|upkeep\n|turn|13\n|\n|t:|1700189408\n|move|p2a: Imoth|Substitute|p2a: Imoth\n|-start|p2a: Imoth|Substitute\n|-damage|p2a: Imoth|18\/100\n|move|p1a: Kingambit|Kowtow Cleave|p2a: Imoth\n|-end|p2a: Imoth|Substitute\n|\n|-heal|p1a: Kingambit|37\/100|[from] item: Leftovers\n|upkeep\n|turn|14\n|\n|t:|1700189414\n|-end|p2a: Imoth|Quark Drive|[silent]\n|switch|p2a: Robombee|Ribombee, F, shiny|100\/100\n|move|p1a: Kingambit|Sucker Punch||[still]\n|-fail|p1a: Kingambit\n|\n|-heal|p1a: Kingambit|43\/100|[from] item: Leftovers\n|upkeep\n|turn|15\n|\n|t:|1700189419\n|move|p2a: Robombee|Sticky Web|p1a: Kingambit\n|-sidestart|p1: abyssAA|move: Sticky Web\n|move|p1a: Kingambit|Iron Head|p2a: Robombee\n|-supereffective|p2a: Robombee\n|-enditem|p2a: Robombee|Focus Sash\n|-damage|p2a: Robombee|1\/100\n|\n|-heal|p1a: Kingambit|49\/100|[from] item: Leftovers\n|upkeep\n|turn|16\n|\n|t:|1700189430\n|switch|p1a: Great Tusk|Great Tusk|100\/100\n|-activate|p1a: Great Tusk|move: Sticky Web\n|-unboost|p1a: Great Tusk|spe|1\n|-enditem|p1a: Great Tusk|Booster Energy\n|-activate|p1a: Great Tusk|ability: Protosynthesis|[fromitem]\n|-start|p1a: Great Tusk|protosynthesisdef\n|move|p2a: Robombee|Stun Spore|p1a: Great Tusk\n|-status|p1a: Great Tusk|par\n|\n|upkeep\n|turn|17\n|\n|t:|1700189436\n|switch|p2a: Goldengo|Gholdengo|100\/100\n|-item|p2a: Goldengo|Air Balloon\n|move|p1a: Great Tusk|Rapid Spin|p2a: Goldengo\n|-immune|p2a: Goldengo\n|\n|upkeep\n|turn|18\n|\n|t:|1700189441\n|move|p2a: Goldengo|Nasty Plot|p2a: Goldengo\n|-boost|p2a: Goldengo|spa|2\n|move|p1a: Great Tusk|Knock Off|p2a: Goldengo\n|-supereffective|p2a: Goldengo\n|-damage|p2a: Goldengo|31\/100\n|-enditem|p2a: Goldengo|Air Balloon\n|\n|upkeep\n|turn|19\n|\n|t:|1700189446\n|move|p2a: Goldengo|Make It Rain|p1a: Great Tusk\n|-damage|p1a: Great Tusk|0 fnt\n|-unboost|p2a: Goldengo|spa|1\n|faint|p1a: Great Tusk\n|-end|p1a: Great Tusk|Protosynthesis|[silent]\n|\n|upkeep\n|\n|t:|1700189454\n|switch|p1a: Cinderace|Cinderace, F|100\/100 par\n|turn|20\n|\n|t:|1700189460\n|move|p2a: Goldengo|Shadow Ball|p1a: Cinderace\n|-damage|p1a: Cinderace|15\/100 par\n|-unboost|p1a: Cinderace|spd|1\n|cant|p1a: Cinderace|par\n|\n|upkeep\n|turn|21\n|-message|abyssAA forfeited.\n|\n|win|ochoagenalyn\n|raw|abyssAA's rating: 1331 &rarr; <strong>1313<\/strong><br \/>(-18 for losing)\n|raw|ochoagenalyn's rating: 1372 &rarr; <strong>1390<\/strong><br \/>(+18 for winning)\n|l|\u2606abyssAA\n","uploadtime":1700189473,"views":10,"p1id":"abyssaa","p2id":"ochoagenalyn","formatid":"gen9ou","rating":1313,"private":0,"password":""}