{"id":"gen9ou-1992622875","p1":"BUSSTTT","p2":"ShittyDitch69","format":"[Gen 9] OU","log":"|j|\u203dBUSSTTT\n|j|\u2606ShittyDitch69\n|t:|1700216321\n|gametype|singles\n|player|p1|BUSSTTT|shadowtriad|1073\n|player|p2|ShittyDitch69|2|1181\n|teamsize|p1|6\n|teamsize|p2|6\n|gen|9\n|tier|[Gen 9] OU\n|rated|\n|rule|Sleep Clause Mod: Limit one foe put to sleep\n|rule|Species Clause: Limit one of each Pok\u00e9mon\n|rule|OHKO Clause: OHKO moves are banned\n|rule|Evasion Items Clause: Evasion items are banned\n|rule|Evasion Moves Clause: Evasion moves are banned\n|rule|Endless Battle Clause: Forcing endless battles is banned\n|rule|HP Percentage Mod: HP is shown in percentages\n|clearpoke\n|poke|p1|Dondozo, M|\n|poke|p1|Talonflame, M|\n|poke|p1|Toxapex, M|\n|poke|p1|Blissey, F|\n|poke|p1|Skeledirge, F|\n|poke|p1|Corviknight, M|\n|poke|p2|Dragapult, M|\n|poke|p2|Breloom, F|\n|poke|p2|Ribombee, F|\n|poke|p2|Toxapex, F|\n|poke|p2|Heatran, M|\n|poke|p2|Scizor, F|\n|teampreview\n|\n|t:|1700216343\n|start\n|switch|p1a: Toxapex|Toxapex, M, shiny|100\/100\n|switch|p2a: Toxapex|Toxapex, F|100\/100\n|turn|1\n|\n|t:|1700216352\n|move|p1a: Toxapex|Liquidation|p2a: Toxapex\n|-resisted|p2a: Toxapex\n|-damage|p2a: Toxapex|93\/100\n|move|p2a: Toxapex|Pounce|p1a: Toxapex\n|-resisted|p1a: Toxapex\n|-damage|p1a: Toxapex|97\/100\n|-unboost|p1a: Toxapex|spe|1\n|\n|-heal|p1a: Toxapex|100\/100|[from] item: Black Sludge\n|upkeep\n|turn|2\n|\n|t:|1700216368\n|switch|p2a: Heatran|Heatran, M|100\/100\n|switch|p1a: Corviknight|Corviknight, M|100\/100\n|\n|upkeep\n|turn|3\n|\n|t:|1700216374\n|switch|p1a: Dondozo|Dondozo, M|100\/100\n|move|p2a: Heatran|Pounce|p1a: Dondozo\n|-damage|p1a: Dondozo|95\/100\n|-unboost|p1a: Dondozo|spe|1\n|\n|-heal|p1a: Dondozo|100\/100|[from] item: Leftovers\n|upkeep\n|turn|4\n|\n|t:|1700216387\n|switch|p2a: Toxapex|Toxapex, F|100\/100\n|move|p1a: Dondozo|Curse|p1a: Dondozo\n|-unboost|p1a: Dondozo|spe|1\n|-boost|p1a: Dondozo|atk|1\n|-boost|p1a: Dondozo|def|1\n|\n|upkeep\n|turn|5\n|\n|t:|1700216407\n|move|p2a: Toxapex|Sludge Bomb|p1a: Dondozo\n|-damage|p1a: Dondozo|70\/100\n|-status|p1a: Dondozo|psn\n|move|p1a: Dondozo|Curse|p1a: Dondozo\n|-unboost|p1a: Dondozo|spe|1\n|-boost|p1a: Dondozo|atk|1\n|-boost|p1a: Dondozo|def|1\n|\n|-heal|p1a: Dondozo|76\/100 psn|[from] item: Leftovers\n|-damage|p1a: Dondozo|64\/100 psn|[from] psn\n|upkeep\n|turn|6\n|inactive|Battle timer is ON: inactive players will automatically lose when time's up. (requested by ShittyDitch69)\n|\n|t:|1700216415\n|switch|p2a: Dragapult|Dragapult, M|100\/100\n|move|p1a: Dondozo|Liquidation|p2a: Dragapult\n|-resisted|p2a: Dragapult\n|-damage|p2a: Dragapult|56\/100\n|\n|-heal|p1a: Dondozo|70\/100 psn|[from] item: Leftovers\n|-damage|p1a: Dondozo|58\/100 psn|[from] psn\n|upkeep\n|turn|7\n|\n|t:|1700216425\n|-terastallize|p2a: Dragapult|Dragon\n|move|p2a: Dragapult|Draco Meteor|p1a: Dondozo\n|-damage|p1a: Dondozo|0 fnt\n|-unboost|p2a: Dragapult|spa|2\n|faint|p1a: Dondozo\n|\n|upkeep\n|\n|t:|1700216438\n|switch|p1a: Skeledirge|Skeledirge, F|100\/100\n|turn|8\n|\n|t:|1700216444\n|switch|p2a: Toxapex|Toxapex, F|100\/100\n|-terastallize|p1a: Skeledirge|Fairy\n|move|p1a: Skeledirge|Substitute|p1a: Skeledirge\n|-start|p1a: Skeledirge|Substitute\n|-damage|p1a: Skeledirge|75\/100\n|\n|upkeep\n|turn|9\n|\n|t:|1700216450\n|move|p1a: Skeledirge|Shadow Ball|p2a: Toxapex\n|-damage|p2a: Toxapex|84\/100\n|move|p2a: Toxapex|Sludge Bomb|p1a: Skeledirge\n|-supereffective|p1a: Skeledirge\n|-end|p1a: Skeledirge|Substitute\n|\n|upkeep\n|turn|10\n|\n|t:|1700216468\n|switch|p1a: Toxapex|Toxapex, M, shiny|100\/100\n|move|p2a: Toxapex|Pounce|p1a: Toxapex\n|-resisted|p1a: Toxapex\n|-damage|p1a: Toxapex|97\/100\n|-unboost|p1a: Toxapex|spe|1\n|\n|-heal|p1a: Toxapex|100\/100|[from] item: Black Sludge\n|upkeep\n|turn|11\n|\n|t:|1700216484\n|switch|p2a: Heatran|Heatran, M|100\/100\n|move|p1a: Toxapex|Haze|p1a: Toxapex\n|-clearallboost\n|\n|upkeep\n|turn|12\n|\n|t:|1700216489\n|move|p2a: Heatran|Earth Power|p1a: Toxapex\n|-supereffective|p1a: Toxapex\n|-damage|p1a: Toxapex|57\/100\n|move|p1a: Toxapex|Toxic Spikes|p2a: Heatran\n|-sidestart|p2: ShittyDitch69|move: Toxic Spikes\n|\n|-heal|p1a: Toxapex|63\/100|[from] item: Black Sludge\n|upkeep\n|turn|13\n|\n|t:|1700216496\n|move|p2a: Heatran|Earth Power|p1a: Toxapex\n|-supereffective|p1a: Toxapex\n|-damage|p1a: Toxapex|19\/100\n|move|p1a: Toxapex|Recover|p1a: Toxapex\n|-heal|p1a: Toxapex|69\/100\n|\n|-heal|p1a: Toxapex|75\/100|[from] item: Black Sludge\n|upkeep\n|turn|14\n|\n|t:|1700216526\n|move|p2a: Heatran|Overheat|p1a: Toxapex\n|-resisted|p1a: Toxapex\n|-damage|p1a: Toxapex|50\/100\n|-unboost|p2a: Heatran|spa|2\n|move|p1a: Toxapex|Liquidation|p2a: Heatran\n|-supereffective|p2a: Heatran\n|-damage|p2a: Heatran|69\/100\n|-unboost|p2a: Heatran|def|1\n|-enditem|p2a: Heatran|Eject Button\n|\n|t:|1700216537\n|switch|p2a: Toxapex|Toxapex, F|100\/100\n|-sideend|p2: ShittyDitch69|move: Toxic Spikes|[of] p2a: Toxapex\n|\n|-heal|p1a: Toxapex|56\/100|[from] item: Black Sludge\n|upkeep\n|turn|15\n|\n|t:|1700216544\n|switch|p2a: Breloom|Breloom, F|100\/100\n|move|p1a: Toxapex|Recover|p1a: Toxapex\n|-heal|p1a: Toxapex|100\/100\n|\n|upkeep\n|turn|16\n|\n|t:|1700216558\n|switch|p1a: Skeledirge|Skeledirge, F, tera:Fairy|75\/100\n|move|p2a: Breloom|Bullet Seed|p1a: Skeledirge\n|-damage|p1a: Skeledirge|56\/100\n|-damage|p1a: Skeledirge|34\/100\n|-hitcount|p1a: Skeledirge|2\n|\n|upkeep\n|turn|17\n|-message|BUSSTTT forfeited.\n|\n|win|ShittyDitch69\n|raw|BUSSTTT's rating: 1073 &rarr; <strong>1058<\/strong><br \/>(-15 for losing)\n|raw|ShittyDitch69's rating: 1181 &rarr; <strong>1198<\/strong><br \/>(+17 for winning)\n|l|\u203dBUSSTTT\n","uploadtime":1700216570,"views":13,"p1id":"bussttt","p2id":"shittyditch69","formatid":"gen9ou","rating":1058,"private":0,"password":""}