{"id":"gen9ou-1994277535","p1":"ghetis du 93","p2":"truktens","format":"[Gen 9] OU","log":"|j|\u2606ghetis du 93\n|j|\u2606truktens\n|t:|1700426260\n|gametype|singles\n|player|p1|ghetis du 93|brycenman|1049\n|player|p2|truktens|steven|1024\n|teamsize|p1|6\n|teamsize|p2|6\n|gen|9\n|tier|[Gen 9] OU\n|rated|\n|rule|Sleep Clause Mod: Limit one foe put to sleep\n|rule|Species Clause: Limit one of each Pok\u00e9mon\n|rule|OHKO Clause: OHKO moves are banned\n|rule|Evasion Items Clause: Evasion items are banned\n|rule|Evasion Moves Clause: Evasion moves are banned\n|rule|Endless Battle Clause: Forcing endless battles is banned\n|rule|HP Percentage Mod: HP is shown in percentages\n|clearpoke\n|poke|p1|Ogerpon-Wellspring, F|\n|poke|p1|Rillaboom, M|\n|poke|p1|Great Tusk|\n|poke|p1|Cinderace, M|\n|poke|p1|Glimmora, F|\n|poke|p1|Gholdengo|\n|poke|p2|Vigoroth, M|\n|poke|p2|Bombirdier, F|\n|poke|p2|Carbink|\n|poke|p2|Toxicroak, M|\n|poke|p2|Illumise, F|\n|poke|p2|Basculin, M|\n|teampreview\n|\n|t:|1700426270\n|start\n|switch|p1a: Glimmora|Glimmora, F|100\/100\n|switch|p2a: Carbink|Carbink, shiny|100\/100\n|turn|1\n|inactive|Battle timer is ON: inactive players will automatically lose when time's up. (requested by truktens)\n|c|\u2606ghetis du 93|Je suis bien en OU?\n|\n|t:|1700426297\n|move|p1a: Glimmora|Stealth Rock|p2a: Carbink\n|-sidestart|p2: truktens|move: Stealth Rock\n|move|p2a: Carbink|Stealth Rock|p1a: Glimmora\n|-sidestart|p1: ghetis du 93|move: Stealth Rock\n|\n|upkeep\n|turn|2\n|\n|t:|1700426309\n|move|p1a: Glimmora|Earth Power|p2a: Carbink\n|-supereffective|p2a: Carbink\n|-damage|p2a: Carbink|58\/100\n|move|p2a: Carbink|Earth Power|p1a: Glimmora\n|-supereffective|p1a: Glimmora\n|-damage|p1a: Glimmora|36\/100\n|\n|upkeep\n|turn|3\n|\n|t:|1700426320\n|move|p1a: Glimmora|Earth Power|p2a: Carbink\n|-supereffective|p2a: Carbink\n|-damage|p2a: Carbink|14\/100\n|move|p2a: Carbink|Earth Power|p1a: Glimmora\n|-supereffective|p1a: Glimmora\n|-damage|p1a: Glimmora|0 fnt\n|faint|p1a: Glimmora\n|\n|upkeep\n|\n|t:|1700426338\n|switch|p1a: Rillaboom|Rillaboom, M|100\/100\n|-damage|p1a: Rillaboom|88\/100|[from] Stealth Rock\n|-fieldstart|move: Grassy Terrain|[from] ability: Grassy Surge|[of] p1a: Rillaboom\n|turn|4\n|\n|t:|1700426352\n|move|p1a: Rillaboom|Grassy Glide|p2a: Carbink\n|-supereffective|p2a: Carbink\n|-damage|p2a: Carbink|0 fnt\n|faint|p2a: Carbink\n|-damage|p1a: Rillaboom|78\/100|[from] item: Life Orb\n|\n|-heal|p1a: Rillaboom|84\/100|[from] Grassy Terrain\n|upkeep\n|\n|t:|1700426365\n|switch|p2a: Illumise|Illumise, F, shiny|100\/100\n|turn|5\n|\n|t:|1700426378\n|switch|p1a: Great Tusk|Great Tusk|100\/100\n|-damage|p1a: Great Tusk|97\/100|[from] Stealth Rock\n|move|p2a: Illumise|Thunder Wave|p1a: Great Tusk\n|-immune|p1a: Great Tusk\n|\n|-heal|p1a: Great Tusk|100\/100|[from] Grassy Terrain\n|upkeep\n|turn|6\n|\n|t:|1700426394\n|move|p2a: Illumise|Tailwind|p2a: Illumise\n|-sidestart|p2: truktens|move: Tailwind\n|move|p1a: Great Tusk|Ice Spinner|p2a: Illumise\n|-damage|p2a: Illumise|62\/100\n|-fieldend|move: Grassy Terrain\n|\n|upkeep\n|turn|7\n|\n|t:|1700426406\n|move|p2a: Illumise|Encore|p1a: Great Tusk\n|-start|p1a: Great Tusk|Encore\n|move|p1a: Great Tusk|Ice Spinner|p2a: Illumise\n|-damage|p2a: Illumise|23\/100\n|\n|upkeep\n|turn|8\n|\n|t:|1700426415\n|move|p2a: Illumise|U-turn|p1a: Great Tusk\n|-resisted|p1a: Great Tusk\n|-damage|p1a: Great Tusk|96\/100\n|\n|t:|1700426417\n|switch|p2a: Basculin|Basculin, M, shiny|100\/100|[from] U-turn\n|-damage|p2a: Basculin|88\/100|[from] Stealth Rock\n|move|p1a: Great Tusk|Ice Spinner|p2a: Basculin\n|-resisted|p2a: Basculin\n|-damage|p2a: Basculin|61\/100\n|\n|upkeep\n|turn|9\n|\n|t:|1700426428\n|-end|p1a: Great Tusk|Protosynthesis|[silent]\n|switch|p1a: Rillaboom|Rillaboom, M|84\/100\n|-damage|p1a: Rillaboom|72\/100|[from] Stealth Rock\n|-fieldstart|move: Grassy Terrain|[from] ability: Grassy Surge|[of] p1a: Rillaboom\n|move|p2a: Basculin|Wave Crash|p1a: Rillaboom\n|-resisted|p1a: Rillaboom\n|-damage|p1a: Rillaboom|15\/100\n|-damage|p2a: Basculin|38\/100|[from] Recoil\n|\n|-heal|p2a: Basculin|44\/100|[from] Grassy Terrain\n|-heal|p1a: Rillaboom|21\/100|[from] Grassy Terrain\n|-sideend|p2: truktens|move: Tailwind\n|upkeep\n|turn|10\n|\n|t:|1700426445\n|switch|p2a: Toxicroak|Toxicroak, M, shiny|100\/100\n|-damage|p2a: Toxicroak|94\/100|[from] Stealth Rock\n|move|p1a: Rillaboom|Grassy Glide|p2a: Toxicroak\n|-resisted|p2a: Toxicroak\n|-damage|p2a: Toxicroak|57\/100\n|-damage|p1a: Rillaboom|11\/100|[from] item: Life Orb\n|\n|-heal|p2a: Toxicroak|63\/100|[from] Grassy Terrain\n|-heal|p1a: Rillaboom|17\/100|[from] Grassy Terrain\n|upkeep\n|turn|11\n|\n|t:|1700426462\n|switch|p1a: Gholdengo|Gholdengo|100\/100\n|-damage|p1a: Gholdengo|94\/100|[from] Stealth Rock\n|move|p2a: Toxicroak|Sucker Punch||[still]\n|-fail|p2a: Toxicroak\n|\n|-heal|p2a: Toxicroak|69\/100|[from] Grassy Terrain\n|-heal|p1a: Gholdengo|100\/100|[from] Grassy Terrain\n|-status|p1a: Gholdengo|brn|[from] item: Flame Orb\n|upkeep\n|turn|12\n|\n|t:|1700426479\n|move|p2a: Toxicroak|Swords Dance|p2a: Toxicroak\n|-boost|p2a: Toxicroak|atk|2\n|move|p1a: Gholdengo|Trick|p2a: Toxicroak\n|-activate|p1a: Gholdengo|move: Trick|[of] p2a: Toxicroak\n|-item|p2a: Toxicroak|Flame Orb|[from] move: Trick\n|-item|p1a: Gholdengo|Life Orb|[from] move: Trick\n|\n|-heal|p2a: Toxicroak|75\/100|[from] Grassy Terrain\n|-damage|p1a: Gholdengo|94\/100 brn|[from] brn\n|-status|p2a: Toxicroak|brn|[from] item: Flame Orb\n|upkeep\n|turn|13\n|\n|t:|1700426492\n|move|p2a: Toxicroak|Swords Dance|p2a: Toxicroak\n|-boost|p2a: Toxicroak|atk|2\n|move|p1a: Gholdengo|Make It Rain|p2a: Toxicroak\n|-damage|p2a: Toxicroak|0 fnt\n|-unboost|p1a: Gholdengo|spa|1\n|faint|p2a: Toxicroak\n|-damage|p1a: Gholdengo|85\/100 brn|[from] item: Life Orb\n|\n|-heal|p1a: Gholdengo|91\/100 brn|[from] Grassy Terrain\n|-damage|p1a: Gholdengo|85\/100 brn|[from] brn\n|-fieldend|move: Grassy Terrain\n|upkeep\n|\n|t:|1700426504\n|switch|p2a: Illumise|Illumise, F, shiny|23\/100\n|turn|14\n|\n|t:|1700426512\n|move|p2a: Illumise|Encore|p1a: Gholdengo\n|-immune|p1a: Gholdengo|[from] ability: Good as Gold\n|move|p1a: Gholdengo|Trick|p2a: Illumise\n|-activate|p1a: Gholdengo|move: Trick|[of] p2a: Illumise\n|-item|p2a: Illumise|Life Orb|[from] move: Trick\n|-item|p1a: Gholdengo|Heavy-Duty Boots|[from] move: Trick\n|\n|-damage|p1a: Gholdengo|79\/100 brn|[from] brn\n|upkeep\n|turn|15\n|\n|t:|1700426525\n|move|p2a: Illumise|Tailwind|p2a: Illumise\n|-sidestart|p2: truktens|move: Tailwind\n|move|p1a: Gholdengo|Thunderbolt|p2a: Illumise\n|-damage|p2a: Illumise|4\/100\n|\n|-damage|p1a: Gholdengo|73\/100 brn|[from] brn\n|upkeep\n|turn|16\n|\n|t:|1700426538\n|switch|p1a: Great Tusk|Great Tusk|96\/100\n|-damage|p1a: Great Tusk|93\/100|[from] Stealth Rock\n|move|p2a: Illumise|Tailwind||[still]\n|-fail|p2a: Illumise\n|\n|upkeep\n|turn|17\n|\n|t:|1700426546\n|move|p2a: Illumise|Encore||[still]\n|-fail|p2a: Illumise\n|move|p1a: Great Tusk|Rapid Spin|p2a: Illumise\n|-damage|p2a: Illumise|0 fnt\n|-boost|p1a: Great Tusk|spe|1\n|-sideend|p1: ghetis du 93|Stealth Rock|[from] move: Rapid Spin|[of] p1a: Great Tusk\n|faint|p2a: Illumise\n|\n|upkeep\n|\n|t:|1700426553\n|switch|p2a: Basculin|Basculin, M, shiny|44\/100\n|-damage|p2a: Basculin|32\/100|[from] Stealth Rock\n|turn|18\n|\n|t:|1700426563\n|-end|p1a: Great Tusk|Protosynthesis|[silent]\n|switch|p1a: Ogerpon|Ogerpon-Wellspring, F|100\/100\n|move|p2a: Basculin|Double-Edge|p1a: Ogerpon\n|-damage|p1a: Ogerpon|32\/100\n|-damage|p2a: Basculin|2\/100|[from] Recoil\n|\n|-sideend|p2: truktens|move: Tailwind\n|upkeep\n|turn|19\n|\n|t:|1700426574\n|move|p1a: Ogerpon|Horn Leech|p2a: Basculin\n|-supereffective|p2a: Basculin\n|-damage|p2a: Basculin|0 fnt\n|-heal|p1a: Ogerpon|33\/100|[from] drain|[of] p2a: Basculin\n|faint|p2a: Basculin\n|\n|upkeep\n|\n|t:|1700426580\n|switch|p2a: Bombirdier|Bombirdier, F, shiny|100\/100\n|-damage|p2a: Bombirdier|76\/100|[from] Stealth Rock\n|turn|20\n|\n|t:|1700426593\n|move|p1a: Ogerpon|Spiky Shield|p1a: Ogerpon\n|-singleturn|p1a: Ogerpon|move: Protect\n|move|p2a: Bombirdier|Sucker Punch||[still]\n|-fail|p2a: Bombirdier\n|\n|upkeep\n|turn|21\n|\n|t:|1700426606\n|move|p2a: Bombirdier|Sucker Punch|p1a: Ogerpon\n|-damage|p1a: Ogerpon|0 fnt\n|faint|p1a: Ogerpon\n|\n|upkeep\n|\n|t:|1700426618\n|switch|p1a: Gholdengo|Gholdengo|73\/100 brn\n|turn|22\n|\n|t:|1700426624\n|move|p2a: Bombirdier|Sucker Punch|p1a: Gholdengo\n|-supereffective|p1a: Gholdengo\n|-damage|p1a: Gholdengo|2\/100 brn\n|move|p1a: Gholdengo|Thunderbolt|p2a: Bombirdier\n|-supereffective|p2a: Bombirdier\n|-damage|p2a: Bombirdier|0 fnt\n|faint|p2a: Bombirdier\n|\n|-damage|p1a: Gholdengo|0 fnt|[from] brn\n|faint|p1a: Gholdengo\n|upkeep\n|\n|t:|1700426635\n|switch|p2a: Vigoroth|Vigoroth, M, shiny|100\/100\n|switch|p1a: Rillaboom|Rillaboom, M|17\/100\n|-fieldstart|move: Grassy Terrain|[from] ability: Grassy Surge|[of] p1a: Rillaboom\n|-damage|p2a: Vigoroth|88\/100|[from] Stealth Rock\n|turn|23\n|\n|t:|1700426648\n|move|p1a: Rillaboom|Grassy Glide|p2a: Vigoroth\n|-damage|p2a: Vigoroth|52\/100\n|-damage|p1a: Rillaboom|7\/100|[from] item: Life Orb\n|move|p2a: Vigoroth|Bulk Up|p2a: Vigoroth\n|-boost|p2a: Vigoroth|atk|1\n|-boost|p2a: Vigoroth|def|1\n|\n|-heal|p1a: Rillaboom|13\/100|[from] Grassy Terrain\n|-heal|p2a: Vigoroth|58\/100|[from] Grassy Terrain\n|upkeep\n|turn|24\n|\n|t:|1700426662\n|move|p1a: Rillaboom|Wood Hammer|p2a: Vigoroth\n|-damage|p2a: Vigoroth|7\/100\n|-damage|p1a: Rillaboom|0 fnt|[from] Recoil\n|faint|p1a: Rillaboom\n|move|p2a: Vigoroth|Slack Off|p2a: Vigoroth\n|-heal|p2a: Vigoroth|57\/100\n|\n|-heal|p2a: Vigoroth|63\/100|[from] Grassy Terrain\n|upkeep\n|\n|t:|1700426679\n|switch|p1a: Cinderace|Cinderace, M|100\/100\n|turn|25\n|\n|t:|1700426688\n|-terastallize|p2a: Vigoroth|Fighting\n|move|p1a: Cinderace|Pyro Ball|p2a: Vigoroth\n|-damage|p2a: Vigoroth|40\/100\n|move|p2a: Vigoroth|Drain Punch|p1a: Cinderace\n|-damage|p1a: Cinderace|65\/100\n|-heal|p2a: Vigoroth|58\/100|[from] drain|[of] p1a: Cinderace\n|\n|-heal|p1a: Cinderace|71\/100|[from] Grassy Terrain\n|-heal|p2a: Vigoroth|64\/100|[from] Grassy Terrain\n|upkeep\n|turn|26\n|\n|t:|1700426702\n|move|p1a: Cinderace|Pyro Ball|p2a: Vigoroth\n|-damage|p2a: Vigoroth|40\/100\n|move|p2a: Vigoroth|Drain Punch|p1a: Cinderace\n|-damage|p1a: Cinderace|32\/100\n|-heal|p2a: Vigoroth|60\/100|[from] drain|[of] p1a: Cinderace\n|\n|-heal|p1a: Cinderace|38\/100|[from] Grassy Terrain\n|-heal|p2a: Vigoroth|66\/100|[from] Grassy Terrain\n|upkeep\n|turn|27\n|\n|t:|1700426714\n|move|p1a: Cinderace|Pyro Ball|p2a: Vigoroth\n|-damage|p2a: Vigoroth|41\/100\n|move|p2a: Vigoroth|Slack Off|p2a: Vigoroth\n|-heal|p2a: Vigoroth|91\/100\n|\n|-heal|p1a: Cinderace|44\/100|[from] Grassy Terrain\n|-heal|p2a: Vigoroth|97\/100|[from] Grassy Terrain\n|-fieldend|move: Grassy Terrain\n|upkeep\n|turn|28\n|\n|t:|1700426724\n|move|p1a: Cinderace|Pyro Ball|p2a: Vigoroth\n|-damage|p2a: Vigoroth|74\/100\n|move|p2a: Vigoroth|Drain Punch|p1a: Cinderace\n|-damage|p1a: Cinderace|4\/100\n|-heal|p2a: Vigoroth|94\/100|[from] drain|[of] p1a: Cinderace\n|\n|upkeep\n|turn|29\n|\n|t:|1700426735\n|move|p1a: Cinderace|Pyro Ball|p2a: Vigoroth\n|-damage|p2a: Vigoroth|69\/100\n|move|p2a: Vigoroth|Bulk Up|p2a: Vigoroth\n|-boost|p2a: Vigoroth|atk|1\n|-boost|p2a: Vigoroth|def|1\n|\n|upkeep\n|turn|30\n|\n|t:|1700426747\n|move|p1a: Cinderace|Pyro Ball|p2a: Vigoroth\n|-damage|p2a: Vigoroth|50\/100\n|-status|p2a: Vigoroth|brn\n|move|p2a: Vigoroth|Slack Off|p2a: Vigoroth\n|-heal|p2a: Vigoroth|99\/100 brn\n|\n|-damage|p2a: Vigoroth|94\/100 brn|[from] brn\n|upkeep\n|turn|31\n|\n|t:|1700426757\n|move|p1a: Cinderace|U-turn|p2a: Vigoroth\n|-start|p1a: Cinderace|typechange|Bug|[from] ability: Libero\n|-resisted|p2a: Vigoroth\n|-damage|p2a: Vigoroth|89\/100 brn\n|\n|t:|1700426762\n|switch|p1a: Great Tusk|Great Tusk|93\/100|[from] U-turn\n|move|p2a: Vigoroth|Bulk Up|p2a: Vigoroth\n|-boost|p2a: Vigoroth|atk|1\n|-boost|p2a: Vigoroth|def|1\n|\n|-damage|p2a: Vigoroth|83\/100 brn|[from] brn\n|upkeep\n|turn|32\n|\n|t:|1700426780\n|move|p1a: Great Tusk|Close Combat|p2a: Vigoroth\n|-damage|p2a: Vigoroth|63\/100 brn\n|-unboost|p1a: Great Tusk|def|1\n|-unboost|p1a: Great Tusk|spd|1\n|move|p2a: Vigoroth|Drain Punch|p1a: Great Tusk\n|-damage|p1a: Great Tusk|64\/100\n|-heal|p2a: Vigoroth|80\/100 brn|[from] drain|[of] p1a: Great Tusk\n|\n|-damage|p2a: Vigoroth|74\/100 brn|[from] brn\n|upkeep\n|turn|33\n|\n|t:|1700426799\n|move|p1a: Great Tusk|Knock Off|p2a: Vigoroth\n|-resisted|p2a: Vigoroth\n|-damage|p2a: Vigoroth|69\/100 brn\n|-enditem|p2a: Vigoroth|Eviolite|[from] move: Knock Off|[of] p1a: Great Tusk\n|move|p2a: Vigoroth|Drain Punch|p1a: Great Tusk\n|-damage|p1a: Great Tusk|39\/100\n|-heal|p2a: Vigoroth|82\/100 brn|[from] drain|[of] p1a: Great Tusk\n|\n|-damage|p2a: Vigoroth|76\/100 brn|[from] brn\n|upkeep\n|turn|34\n|\n|t:|1700426811\n|move|p1a: Great Tusk|Close Combat|p2a: Vigoroth\n|-damage|p2a: Vigoroth|43\/100 brn\n|-unboost|p1a: Great Tusk|def|1\n|-unboost|p1a: Great Tusk|spd|1\n|move|p2a: Vigoroth|Drain Punch|p1a: Great Tusk\n|-damage|p1a: Great Tusk|0 fnt\n|-heal|p2a: Vigoroth|64\/100 brn|[from] drain|[of] p1a: Great Tusk\n|faint|p1a: Great Tusk\n|-end|p1a: Great Tusk|Protosynthesis|[silent]\n|\n|-damage|p2a: Vigoroth|58\/100 brn|[from] brn\n|upkeep\n|\n|t:|1700426824\n|switch|p1a: Cinderace|Cinderace, M|4\/100\n|turn|35\n|\n|t:|1700426833\n|move|p1a: Cinderace|Pyro Ball|p2a: Vigoroth\n|-damage|p2a: Vigoroth|37\/100 brn\n|move|p2a: Vigoroth|Body Slam|p1a: Cinderace\n|-damage|p1a: Cinderace|0 fnt\n|faint|p1a: Cinderace\n|\n|win|truktens\n|raw|ghetis du 93's rating: 1049 &rarr; <strong>1030<\/strong><br \/>(-19 for losing)\n|raw|truktens's rating: 1024 &rarr; <strong>1063<\/strong><br \/>(+39 for winning)\n|l|\u2606ghetis du 93\n|player|p2|truktens|steven\n","uploadtime":1700427004,"views":12,"p1id":"ghetisdu93","p2id":"truktens","formatid":"gen9ou","rating":1030,"private":0,"password":""}