{"id":"gen9ou-1997469864","p1":"actualonion","p2":"Dogwearingdurag","format":"[Gen 9] OU","log":"|j|\u2606actualonion\n|j|\u2606Dogwearingdurag\n|t:|1700810938\n|gametype|singles\n|player|p1|actualonion|allister|1614\n|player|p2|Dogwearingdurag|266|1556\n|teamsize|p1|6\n|teamsize|p2|6\n|gen|9\n|tier|[Gen 9] OU\n|rated|\n|rule|Sleep Clause Mod: Limit one foe put to sleep\n|rule|Species Clause: Limit one of each Pok\u00e9mon\n|rule|OHKO Clause: OHKO moves are banned\n|rule|Evasion Items Clause: Evasion items are banned\n|rule|Evasion Moves Clause: Evasion moves are banned\n|rule|Endless Battle Clause: Forcing endless battles is banned\n|rule|HP Percentage Mod: HP is shown in percentages\n|clearpoke\n|poke|p1|Hatterene, F|\n|poke|p1|Cresselia, F|\n|poke|p1|Slowking-Galar, M|\n|poke|p1|Ursaluna, F|\n|poke|p1|Glastrier|\n|poke|p1|Kingambit, F|\n|poke|p2|Zapdos|\n|poke|p2|Gholdengo|\n|poke|p2|Milotic, M|\n|poke|p2|Great Tusk|\n|poke|p2|Dragapult, F|\n|poke|p2|Iron Valiant|\n|teampreview\n|inactive|Battle timer is ON: inactive players will automatically lose when time's up. (requested by Dogwearingdurag)\n|\n|t:|1700810950\n|start\n|switch|p1a: Hatterene|Hatterene, F|100\/100\n|switch|p2a: Dragapult|Dragapult, F|100\/100\n|turn|1\n|\n|t:|1700810956\n|-terastallize|p2a: Dragapult|Ghost\n|move|p2a: Dragapult|Tera Blast|p1a: Hatterene|[anim] Tera Blast Ghost\n|-supereffective|p1a: Hatterene\n|-enditem|p1a: Hatterene|Focus Sash\n|-damage|p1a: Hatterene|1\/100\n|move|p1a: Hatterene|Trick Room|p1a: Hatterene\n|-fieldstart|move: Trick Room|[of] p1a: Hatterene\n|\n|upkeep\n|turn|2\n|\n|t:|1700810963\n|switch|p2a: Milotic|Milotic, M|100\/100\n|move|p1a: Hatterene|Healing Wish|p1a: Hatterene\n|faint|p1a: Hatterene\n|\n|upkeep\n|\n|t:|1700810968\n|switch|p1a: Ursaluna|Ursaluna, F|100\/100\n|turn|3\n|c|\u2606Dogwearingdurag|no way lol\n|\n|t:|1700810997\n|switch|p2a: Gholdengo|Gholdengo|100\/100\n|-item|p2a: Gholdengo|Air Balloon\n|-terastallize|p1a: Ursaluna|Dragon\n|move|p1a: Ursaluna|Swords Dance|p1a: Ursaluna\n|-boost|p1a: Ursaluna|atk|2\n|\n|-status|p1a: Ursaluna|brn|[from] item: Flame Orb\n|upkeep\n|turn|4\n|\n|t:|1700811009\n|switch|p2a: Milotic|Milotic, M|100\/100\n|move|p1a: Ursaluna|Facade|p2a: Milotic\n|-damage|p2a: Milotic|0 fnt\n|faint|p2a: Milotic\n|\n|-damage|p1a: Ursaluna|94\/100 brn|[from] brn\n|upkeep\n|\n|t:|1700811019\n|switch|p2a: Zapdos|Zapdos|100\/100\n|turn|5\n|\n|t:|1700811026\n|move|p1a: Ursaluna|Fire Punch|p2a: Zapdos\n|-crit|p2a: Zapdos\n|-damage|p2a: Zapdos|0 fnt\n|faint|p2a: Zapdos\n|\n|-damage|p1a: Ursaluna|88\/100 brn|[from] brn\n|-fieldend|move: Trick Room\n|upkeep\n|c|\u2606Dogwearingdurag|crit is cringe\n|\n|t:|1700811035\n|switch|p2a: Iron Valiant|Iron Valiant|100\/100\n|turn|6\n|\n|t:|1700811042\n|switch|p1a: Slowking|Slowking-Galar, M|100\/100\n|move|p2a: Iron Valiant|Moonblast|p1a: Slowking\n|-resisted|p1a: Slowking\n|-damage|p1a: Slowking|86\/100\n|\n|upkeep\n|turn|7\n|\n|t:|1700811048\n|-end|p2a: Iron Valiant|Quark Drive|[silent]\n|switch|p2a: Gholdengo|Gholdengo|100\/100\n|-item|p2a: Gholdengo|Air Balloon\n|move|p1a: Slowking|Trick Room|p1a: Slowking\n|-fieldstart|move: Trick Room|[of] p1a: Slowking\n|\n|upkeep\n|turn|8\n|\n|t:|1700811055\n|move|p2a: Gholdengo|Make It Rain|p1a: Slowking\n|-damage|p1a: Slowking|30\/100\n|-unboost|p2a: Gholdengo|spa|1\n|move|p1a: Slowking|Chilly Reception|p1a: Slowking\n|-weather|Snow\n|\n|t:|1700811063\n|switch|p1a: The Horse|Glastrier|100\/100|[from] Chilly Reception\n|\n|-weather|Snow|[upkeep]\n|upkeep\n|turn|9\n|\n|t:|1700811069\n|move|p1a: The Horse|Swords Dance|p1a: The Horse\n|-boost|p1a: The Horse|atk|2\n|move|p2a: Gholdengo|Shadow Ball|p1a: The Horse\n|-damage|p1a: The Horse|76\/100\n|-unboost|p1a: The Horse|spd|1\n|\n|-weather|Snow|[upkeep]\n|upkeep\n|turn|10\n|\n|t:|1700811078\n|move|p1a: The Horse|Icicle Crash|p2a: Gholdengo|[miss]\n|-miss|p1a: The Horse|p2a: Gholdengo\n|move|p2a: Gholdengo|Shadow Ball|p1a: The Horse\n|-damage|p1a: The Horse|39\/100\n|\n|-weather|Snow|[upkeep]\n|upkeep\n|turn|11\n|\n|t:|1700811092\n|switch|p1a: Kingambit|Kingambit, F|100\/100\n|-activate|p1a: Kingambit|ability: Supreme Overlord\n|-start|p1a: Kingambit|fallen1|[silent]\n|move|p2a: Gholdengo|Shadow Ball|p1a: Kingambit\n|-resisted|p1a: Kingambit\n|-damage|p1a: Kingambit|85\/100\n|\n|-weather|Snow|[upkeep]\n|-heal|p1a: Kingambit|91\/100|[from] item: Leftovers\n|-fieldend|move: Trick Room\n|upkeep\n|turn|12\n|\n|t:|1700811101\n|switch|p2a: Great Tusk|Great Tusk|100\/100\n|-end|p1a: Kingambit|fallen1|[silent]\n|switch|p1a: Cresselia|Cresselia, F|100\/100\n|\n|-weather|none\n|upkeep\n|turn|13\n|\n|t:|1700811108\n|-end|p2a: Great Tusk|Protosynthesis|[silent]\n|switch|p2a: Gholdengo|Gholdengo|100\/100\n|-item|p2a: Gholdengo|Air Balloon\n|move|p1a: Cresselia|Trick Room|p1a: Cresselia\n|-fieldstart|move: Trick Room|[of] p1a: Cresselia\n|\n|upkeep\n|turn|14\n|\n|t:|1700811137\n|move|p1a: Cresselia|Moonblast|p2a: Gholdengo\n|-resisted|p2a: Gholdengo\n|-damage|p2a: Gholdengo|92\/100\n|-unboost|p2a: Gholdengo|spa|1\n|-enditem|p2a: Gholdengo|Air Balloon\n|move|p2a: Gholdengo|Nasty Plot|p2a: Gholdengo\n|-boost|p2a: Gholdengo|spa|2\n|\n|upkeep\n|turn|15\n|\n|t:|1700811145\n|move|p1a: Cresselia|Lunar Dance|p1a: Cresselia\n|faint|p1a: Cresselia\n|move|p2a: Gholdengo|Make It Rain|p1: Cresselia|[notarget]\n|-fail|p2a: Gholdengo\n|\n|upkeep\n|inactive|actualonion has 120 seconds left.\n|\n|t:|1700811165\n|switch|p1a: Kingambit|Kingambit, F|91\/100\n|-heal|p1a: Kingambit|100\/100|[from] move: Lunar Dance\n|-activate|p1a: Kingambit|ability: Supreme Overlord\n|-start|p1a: Kingambit|fallen2|[silent]\n|turn|16\n|\n|t:|1700811171\n|switch|p2a: Great Tusk|Great Tusk|100\/100\n|move|p1a: Kingambit|Iron Head|p2a: Great Tusk\n|-damage|p2a: Great Tusk|65\/100\n|\n|-heal|p2a: Great Tusk|71\/100|[from] item: Leftovers\n|upkeep\n|turn|17\n|\n|t:|1700811177\n|move|p1a: Kingambit|Iron Head|p2a: Great Tusk\n|-damage|p2a: Great Tusk|34\/100\n|move|p2a: Great Tusk|Headlong Rush|p1a: Kingambit\n|-supereffective|p1a: Kingambit\n|-damage|p1a: Kingambit|29\/100\n|-unboost|p2a: Great Tusk|def|1\n|-unboost|p2a: Great Tusk|spd|1\n|\n|-heal|p1a: Kingambit|35\/100|[from] item: Leftovers\n|-heal|p2a: Great Tusk|40\/100|[from] item: Leftovers\n|-fieldend|move: Trick Room\n|upkeep\n|turn|18\n|j| sacaen\n|inactive|actualonion has 120 seconds left.\n|c|\u2606Dogwearingdurag|stop calcing and pick a move\n|\n|t:|1700811214\n|-end|p2a: Great Tusk|Protosynthesis|[silent]\n|switch|p2a: Gholdengo|Gholdengo|92\/100\n|-end|p1a: Kingambit|fallen2|[silent]\n|switch|p1a: The Horse|Glastrier|39\/100\n|-heal|p1a: The Horse|100\/100|[from] move: Healing Wish\n|\n|upkeep\n|turn|19\n|\n|t:|1700811231\n|switch|p1a: Slowking|Slowking-Galar, M|63\/100\n|move|p2a: Gholdengo|Make It Rain|p1a: Slowking\n|-damage|p1a: Slowking|9\/100\n|-unboost|p2a: Gholdengo|spa|1\n|\n|upkeep\n|turn|20\n|inactive|actualonion has 90 seconds left.\n|\n|t:|1700811254\n|switch|p1a: Kingambit|Kingambit, F|35\/100\n|-activate|p1a: Kingambit|ability: Supreme Overlord\n|-start|p1a: Kingambit|fallen2|[silent]\n|move|p2a: Gholdengo|Shadow Ball|p1a: Kingambit\n|-resisted|p1a: Kingambit\n|-damage|p1a: Kingambit|20\/100\n|\n|-heal|p1a: Kingambit|26\/100|[from] item: Leftovers\n|upkeep\n|turn|21\n|inactive|actualonion has 90 seconds left.\n|\n|t:|1700811267\n|switch|p2a: Great Tusk|Great Tusk|40\/100\n|-end|p1a: Kingambit|fallen2|[silent]\n|switch|p1a: The Horse|Glastrier|100\/100\n|\n|-heal|p2a: Great Tusk|47\/100|[from] item: Leftovers\n|upkeep\n|turn|22\n|\n|t:|1700811273\n|move|p2a: Great Tusk|Headlong Rush|p1a: The Horse\n|-damage|p1a: The Horse|68\/100\n|-unboost|p2a: Great Tusk|def|1\n|-unboost|p2a: Great Tusk|spd|1\n|move|p1a: The Horse|Icicle Crash|p2a: Great Tusk\n|-supereffective|p2a: Great Tusk\n|-damage|p2a: Great Tusk|0 fnt\n|faint|p2a: Great Tusk\n|-end|p2a: Great Tusk|Protosynthesis|[silent]\n|-ability|p1a: The Horse|Chilling Neigh|boost\n|-boost|p1a: The Horse|atk|1\n|\n|upkeep\n|\n|t:|1700811277\n|switch|p2a: Gholdengo|Gholdengo|92\/100\n|turn|23\n|\n|t:|1700811286\n|move|p2a: Gholdengo|Make It Rain|p1a: The Horse\n|-supereffective|p1a: The Horse\n|-damage|p1a: The Horse|0 fnt\n|-unboost|p2a: Gholdengo|spa|1\n|faint|p1a: The Horse\n|\n|upkeep\n|\n|t:|1700811294\n|switch|p1a: Kingambit|Kingambit, F|26\/100\n|-activate|p1a: Kingambit|ability: Supreme Overlord\n|-start|p1a: Kingambit|fallen3|[silent]\n|turn|24\n|\n|t:|1700811302\n|move|p2a: Gholdengo|Make It Rain|p1a: Kingambit\n|-resisted|p1a: Kingambit\n|-damage|p1a: Kingambit|5\/100\n|-unboost|p2a: Gholdengo|spa|1\n|move|p1a: Kingambit|Iron Head|p2a: Gholdengo\n|-resisted|p2a: Gholdengo\n|-damage|p2a: Gholdengo|64\/100\n|\n|-heal|p1a: Kingambit|11\/100|[from] item: Leftovers\n|upkeep\n|turn|25\n|\n|t:|1700811317\n|switch|p2a: Dragapult|Dragapult, F, tera:Ghost|100\/100\n|move|p1a: Kingambit|Kowtow Cleave|p2a: Dragapult\n|-supereffective|p2a: Dragapult\n|-damage|p2a: Dragapult|0 fnt\n|faint|p2a: Dragapult\n|\n|-heal|p1a: Kingambit|18\/100|[from] item: Leftovers\n|upkeep\n|\n|t:|1700811323\n|switch|p2a: Iron Valiant|Iron Valiant|100\/100\n|turn|26\n|inactive|actualonion has 120 seconds left.\n|l| sacaen\n|\n|t:|1700811340\n|move|p2a: Iron Valiant|Close Combat|p1a: Kingambit\n|-supereffective|p1a: Kingambit\n|-damage|p1a: Kingambit|0 fnt\n|-unboost|p2a: Iron Valiant|def|1\n|-unboost|p2a: Iron Valiant|spd|1\n|faint|p1a: Kingambit\n|-end|p1a: Kingambit|fallen3|[silent]\n|\n|upkeep\n|\n|t:|1700811362\n|switch|p1a: Slowking|Slowking-Galar, M|42\/100\n|turn|27\n|\n|t:|1700811389\n|move|p2a: Iron Valiant|Close Combat|p1a: Slowking\n|-resisted|p1a: Slowking\n|-damage|p1a: Slowking|31\/100\n|-unboost|p2a: Iron Valiant|def|1\n|-unboost|p2a: Iron Valiant|spd|1\n|move|p1a: Slowking|Trick Room|p1a: Slowking\n|-fieldstart|move: Trick Room|[of] p1a: Slowking\n|\n|upkeep\n|turn|28\n|\n|t:|1700811395\n|-end|p2a: Iron Valiant|Quark Drive|[silent]\n|switch|p2a: Gholdengo|Gholdengo|64\/100\n|move|p1a: Slowking|Chilly Reception|p1a: Slowking\n|-weather|Snow\n|\n|t:|1700811400\n|switch|p1a: Ursaluna|Ursaluna, F, tera:Dragon|88\/100 brn|[from] Chilly Reception\n|\n|-weather|Snow|[upkeep]\n|-damage|p1a: Ursaluna|82\/100 brn|[from] brn\n|upkeep\n|turn|29\n|inactive|actualonion has 120 seconds left.\n|\n|t:|1700811405\n|move|p1a: Ursaluna|Headlong Rush|p2a: Gholdengo\n|-supereffective|p2a: Gholdengo\n|-damage|p2a: Gholdengo|0 fnt\n|-unboost|p1a: Ursaluna|def|1\n|-unboost|p1a: Ursaluna|spd|1\n|faint|p2a: Gholdengo\n|\n|-weather|Snow|[upkeep]\n|-damage|p1a: Ursaluna|75\/100 brn|[from] brn\n|upkeep\n|\n|t:|1700811407\n|switch|p2a: Iron Valiant|Iron Valiant|100\/100\n|turn|30\n|c|\u2606Dogwearingdurag|gg\n|c|\u2606actualonion|gg\n|inactive|actualonion has 120 seconds left.\n|c|\u2606actualonion|i fw the banded pult\n|\n|t:|1700811425\n|move|p1a: Ursaluna|Headlong Rush|p2a: Iron Valiant\n|-damage|p2a: Iron Valiant|0 fnt\n|-unboost|p1a: Ursaluna|def|1\n|-unboost|p1a: Ursaluna|spd|1\n|faint|p2a: Iron Valiant\n|-end|p2a: Iron Valiant|Quark Drive|[silent]\n|\n|win|actualonion\n|raw|actualonion's rating: 1614 &rarr; <strong>1631<\/strong><br \/>(+17 for winning)\n|raw|Dogwearingdurag's rating: 1556 &rarr; <strong>1539<\/strong><br \/>(-17 for losing)\n|c|\u2606Dogwearingdurag|prec\n|l|\u2606Dogwearingdurag\n","uploadtime":1700811439,"views":4,"p1id":"actualonion","p2id":"dogwearingdurag","formatid":"gen9ou","rating":1539,"private":0,"password":""}