{"id":"gen9ou-1997462342","p1":"Skaraptor2.1","p2":"WintyBird","format":"[Gen 9] OU","log":"|j|\u2606Skaraptor2.1\n|j|\u2606WintyBird\n|t:|1700809560\n|gametype|singles\n|player|p1|Skaraptor2.1|bodybuilderf-gen9|1425\n|player|p2|WintyBird|265|1427\n|teamsize|p1|6\n|teamsize|p2|6\n|gen|9\n|tier|[Gen 9] OU\n|rated|\n|rule|Sleep Clause Mod: Limit one foe put to sleep\n|rule|Species Clause: Limit one of each Pok\u00e9mon\n|rule|OHKO Clause: OHKO moves are banned\n|rule|Evasion Items Clause: Evasion items are banned\n|rule|Evasion Moves Clause: Evasion moves are banned\n|rule|Endless Battle Clause: Forcing endless battles is banned\n|rule|HP Percentage Mod: HP is shown in percentages\n|clearpoke\n|poke|p1|Ribombee, M|\n|poke|p1|Ogerpon-Wellspring, F|\n|poke|p1|Great Tusk|\n|poke|p1|Zamazenta-*|\n|poke|p1|Iron Valiant|\n|poke|p1|Kingambit, F|\n|poke|p2|Ogerpon-Wellspring, F|\n|poke|p2|Kingambit, F|\n|poke|p2|Ninetales-Alola, M|\n|poke|p2|Slowking-Galar, F|\n|poke|p2|Dragapult, M|\n|poke|p2|Corviknight, M|\n|teampreview\n|inactive|Battle timer is ON: inactive players will automatically lose when time's up. (requested by Skaraptor2.1)\n|inactive|WintyBird has 120 seconds left.\n|\n|t:|1700809596\n|start\n|switch|p1a: Transfem|Ogerpon-Wellspring, F|100\/100\n|switch|p2a: Slowking|Slowking-Galar, F|100\/100\n|turn|1\n|\n|t:|1700809603\n|move|p1a: Transfem|Knock Off|p2a: Slowking\n|-supereffective|p2a: Slowking\n|-damage|p2a: Slowking|20\/100\n|-enditem|p2a: Slowking|Assault Vest|[from] move: Knock Off|[of] p1a: Transfem\n|move|p2a: Slowking|Sludge Bomb|p1a: Transfem\n|-supereffective|p1a: Transfem\n|-damage|p1a: Transfem|9\/100\n|\n|upkeep\n|turn|2\n|\n|t:|1700809617\n|switch|p2a: Corviknight|Corviknight, M|100\/100\n|-ability|p2a: Corviknight|Pressure\n|move|p1a: Transfem|Horn Leech|p2a: Corviknight\n|-resisted|p2a: Corviknight\n|-damage|p2a: Corviknight|94\/100\n|-heal|p1a: Transfem|13\/100|[from] drain|[of] p2a: Corviknight\n|-damage|p1a: Transfem|0 fnt|[from] item: Rocky Helmet|[of] p2a: Corviknight\n|faint|p1a: Transfem\n|\n|upkeep\n|\n|t:|1700809627\n|switch|p1a: Raging Queer|Great Tusk|100\/100\n|turn|3\n|\n|t:|1700809641\n|move|p1a: Raging Queer|Rapid Spin|p2a: Corviknight\n|-resisted|p2a: Corviknight\n|-damage|p2a: Corviknight|89\/100\n|-boost|p1a: Raging Queer|spe|1\n|-damage|p1a: Raging Queer|84\/100|[from] item: Rocky Helmet|[of] p2a: Corviknight\n|move|p2a: Corviknight|Brave Bird|p1a: Raging Queer\n|-supereffective|p1a: Raging Queer\n|-damage|p1a: Raging Queer|27\/100\n|-damage|p2a: Corviknight|72\/100|[from] Recoil\n|\n|-heal|p1a: Raging Queer|34\/100|[from] item: Leftovers\n|upkeep\n|turn|4\n|\n|t:|1700809650\n|move|p1a: Raging Queer|Knock Off|p2a: Corviknight\n|-damage|p2a: Corviknight|53\/100\n|-damage|p1a: Raging Queer|17\/100|[from] item: Rocky Helmet|[of] p2a: Corviknight\n|-enditem|p2a: Corviknight|Rocky Helmet|[from] move: Knock Off|[of] p1a: Raging Queer\n|move|p2a: Corviknight|Brave Bird|p1a: Raging Queer\n|-supereffective|p1a: Raging Queer\n|-damage|p1a: Raging Queer|0 fnt\n|faint|p1a: Raging Queer\n|-end|p1a: Raging Queer|Protosynthesis|[silent]\n|-damage|p2a: Corviknight|48\/100|[from] Recoil\n|\n|upkeep\n|\n|t:|1700809657\n|switch|p1a: Bigender|Iron Valiant|100\/100\n|-enditem|p1a: Bigender|Booster Energy\n|-activate|p1a: Bigender|ability: Quark Drive|[fromitem]\n|-start|p1a: Bigender|quarkdrivespe\n|turn|5\n|\n|t:|1700809662\n|move|p1a: Bigender|Thunderbolt|p2a: Corviknight\n|-supereffective|p2a: Corviknight\n|-damage|p2a: Corviknight|0 fnt\n|faint|p2a: Corviknight\n|\n|upkeep\n|\n|t:|1700809668\n|switch|p2a: Ninetales|Ninetales-Alola, M|100\/100\n|-weather|Snow|[from] ability: Snow Warning|[of] p2a: Ninetales\n|turn|6\n|\n|t:|1700809676\n|move|p1a: Bigender|Calm Mind|p1a: Bigender\n|-boost|p1a: Bigender|spa|1\n|-boost|p1a: Bigender|spd|1\n|move|p2a: Ninetales|Moonblast|p1a: Bigender\n|-supereffective|p1a: Bigender\n|-damage|p1a: Bigender|9\/100\n|-unboost|p1a: Bigender|spa|1\n|\n|-weather|Snow|[upkeep]\n|upkeep\n|turn|7\n|\n|t:|1700809700\n|move|p1a: Bigender|Destiny Bond|p1a: Bigender\n|-singlemove|p1a: Bigender|Destiny Bond\n|move|p2a: Ninetales|Moonblast|p1a: Bigender\n|-supereffective|p1a: Bigender\n|-damage|p1a: Bigender|0 fnt\n|faint|p1a: Bigender\n|-activate|p1a: Bigender|move: Destiny Bond\n|-end|p1a: Bigender|Quark Drive|[silent]\n|faint|p2a: Ninetales\n|\n|-weather|Snow|[upkeep]\n|upkeep\n|\n|t:|1700809709\n|switch|p1a: Twink|Ribombee, M|100\/100\n|switch|p2a: Kingambit|Kingambit, F|100\/100\n|turn|8\n|\n|t:|1700809713\n|switch|p2a: Slowking|Slowking-Galar, F|53\/100\n|move|p1a: Twink|Stun Spore|p2a: Slowking|[miss]\n|-miss|p1a: Twink|p2a: Slowking\n|\n|-weather|Snow|[upkeep]\n|upkeep\n|turn|9\n|\n|t:|1700809723\n|move|p1a: Twink|Sticky Web|p2a: Slowking\n|-sidestart|p2: WintyBird|move: Sticky Web\n|move|p2a: Slowking|Flamethrower|p1a: Twink\n|-supereffective|p1a: Twink\n|-damage|p1a: Twink|25\/100\n|\n|-weather|Snow|[upkeep]\n|upkeep\n|turn|10\n|\n|t:|1700809727\n|move|p1a: Twink|Stun Spore|p2a: Slowking|[miss]\n|-miss|p1a: Twink|p2a: Slowking\n|move|p2a: Slowking|Flamethrower|p1a: Twink\n|-supereffective|p1a: Twink\n|-damage|p1a: Twink|0 fnt\n|faint|p1a: Twink\n|\n|-weather|none\n|upkeep\n|c|\u2606WintyBird|lmao love the nicknames\n|\n|t:|1700809731\n|switch|p1a: Queengambit|Kingambit, F|100\/100\n|-activate|p1a: Queengambit|ability: Supreme Overlord\n|-start|p1a: Queengambit|fallen4|[silent]\n|turn|11\n|\n|t:|1700809740\n|move|p1a: Queengambit|Swords Dance|p1a: Queengambit\n|-boost|p1a: Queengambit|atk|2\n|move|p2a: Slowking|Flamethrower|p1a: Queengambit\n|-supereffective|p1a: Queengambit\n|-crit|p1a: Queengambit\n|-damage|p1a: Queengambit|27\/100\n|\n|-heal|p1a: Queengambit|33\/100|[from] item: Leftovers\n|upkeep\n|turn|12\n|\n|t:|1700809746\n|move|p1a: Queengambit|Sucker Punch|p2a: Slowking\n|-supereffective|p2a: Slowking\n|-damage|p2a: Slowking|0 fnt\n|faint|p2a: Slowking\n|\n|-heal|p1a: Queengambit|39\/100|[from] item: Leftovers\n|upkeep\n|\n|t:|1700809749\n|switch|p2a: Kingambit|Kingambit, F|100\/100\n|-activate|p2a: Kingambit|move: Sticky Web\n|-unboost|p2a: Kingambit|spe|1\n|-ability|p2a: Kingambit|Defiant|boost\n|-boost|p2a: Kingambit|atk|2\n|turn|13\n|\n|t:|1700809753\n|-terastallize|p2a: Kingambit|Fairy\n|move|p1a: Queengambit|Low Kick|p2a: Kingambit\n|-resisted|p2a: Kingambit\n|-damage|p2a: Kingambit|60\/100\n|move|p2a: Kingambit|Low Kick|p1a: Queengambit\n|-supereffective|p1a: Queengambit\n|-damage|p1a: Queengambit|0 fnt\n|faint|p1a: Queengambit\n|-end|p1a: Queengambit|fallen4|[silent]\n|\n|-heal|p2a: Kingambit|66\/100|[from] item: Leftovers\n|upkeep\n|\n|t:|1700809755\n|switch|p1a: Defender of Trans|Zamazenta, shiny|100\/100\n|-ability|p1a: Defender of Trans|Dauntless Shield|boost\n|-boost|p1a: Defender of Trans|def|1\n|turn|14\n|\n|t:|1700809762\n|move|p1a: Defender of Trans|Iron Defense|p1a: Defender of Trans\n|-boost|p1a: Defender of Trans|def|2\n|move|p2a: Kingambit|Swords Dance|p2a: Kingambit\n|-boost|p2a: Kingambit|atk|2\n|\n|-heal|p2a: Kingambit|73\/100|[from] item: Leftovers\n|upkeep\n|turn|15\n|\n|t:|1700809765\n|move|p1a: Defender of Trans|Iron Defense|p1a: Defender of Trans\n|-boost|p1a: Defender of Trans|def|2\n|move|p2a: Kingambit|Swords Dance|p2a: Kingambit\n|-boost|p2a: Kingambit|atk|2\n|\n|-heal|p2a: Kingambit|79\/100|[from] item: Leftovers\n|upkeep\n|turn|16\n|\n|t:|1700809768\n|move|p1a: Defender of Trans|Heavy Slam|p2a: Kingambit\n|-supereffective|p2a: Kingambit\n|-damage|p2a: Kingambit|62\/100\n|move|p2a: Kingambit|Kowtow Cleave|p1a: Defender of Trans\n|-resisted|p1a: Defender of Trans\n|-damage|p1a: Defender of Trans|81\/100\n|\n|-heal|p1a: Defender of Trans|87\/100|[from] item: Leftovers\n|-heal|p2a: Kingambit|68\/100|[from] item: Leftovers\n|upkeep\n|turn|17\n|\n|t:|1700809777\n|move|p1a: Defender of Trans|Iron Defense|p1a: Defender of Trans\n|-boost|p1a: Defender of Trans|def|1\n|move|p2a: Kingambit|Low Kick|p1a: Defender of Trans\n|-damage|p1a: Defender of Trans|54\/100\n|\n|-heal|p1a: Defender of Trans|60\/100|[from] item: Leftovers\n|-heal|p2a: Kingambit|74\/100|[from] item: Leftovers\n|upkeep\n|turn|18\n|\n|t:|1700809788\n|move|p1a: Defender of Trans|Heavy Slam|p2a: Kingambit\n|-supereffective|p2a: Kingambit\n|-damage|p2a: Kingambit|59\/100\n|move|p2a: Kingambit|Low Kick|p1a: Defender of Trans\n|-damage|p1a: Defender of Trans|27\/100\n|\n|-heal|p1a: Defender of Trans|33\/100|[from] item: Leftovers\n|-heal|p2a: Kingambit|66\/100|[from] item: Leftovers\n|upkeep\n|turn|19\n|\n|t:|1700809793\n|move|p1a: Defender of Trans|Body Press|p2a: Kingambit\n|-resisted|p2a: Kingambit\n|-damage|p2a: Kingambit|16\/100\n|move|p2a: Kingambit|Low Kick|p1a: Defender of Trans\n|-damage|p1a: Defender of Trans|4\/100\n|\n|-heal|p1a: Defender of Trans|11\/100|[from] item: Leftovers\n|-heal|p2a: Kingambit|22\/100|[from] item: Leftovers\n|upkeep\n|turn|20\n|\n|t:|1700809798\n|move|p1a: Defender of Trans|Body Press|p2a: Kingambit\n|-resisted|p2a: Kingambit\n|-damage|p2a: Kingambit|0 fnt\n|faint|p2a: Kingambit\n|\n|-heal|p1a: Defender of Trans|17\/100|[from] item: Leftovers\n|upkeep\n|\n|t:|1700809800\n|switch|p2a: Dragapult|Dragapult, M|100\/100\n|-activate|p2a: Dragapult|move: Sticky Web\n|-unboost|p2a: Dragapult|spe|1\n|turn|21\n|\n|t:|1700809803\n|move|p1a: Defender of Trans|Crunch|p2a: Dragapult\n|-supereffective|p2a: Dragapult\n|-damage|p2a: Dragapult|44\/100\n|-unboost|p2a: Dragapult|def|1\n|move|p2a: Dragapult|Shadow Ball|p1a: Defender of Trans\n|-damage|p1a: Defender of Trans|0 fnt\n|faint|p1a: Defender of Trans\n|\n|win|WintyBird\n|raw|Skaraptor2.1's rating: 1425 &rarr; <strong>1405<\/strong><br \/>(-20 for losing)\n|raw|WintyBird's rating: 1427 &rarr; <strong>1447<\/strong><br \/>(+20 for winning)\n","uploadtime":1700809807,"views":2,"p1id":"skaraptor21","p2id":"wintybird","formatid":"gen9ou","rating":1405,"private":0,"password":""}