{"id":"gen9ou-1996335247","p1":"kookies&kilik","p2":"pokeylucas","format":"[Gen 9] OU","log":"|j|\u2606kookies&kilik\n|j|\u2606pokeylucas\n|t:|1700672260\n|gametype|singles\n|player|p1|kookies&kilik|iris-gen5bw2|1110\n|player|p2|pokeylucas|101|1048\n|teamsize|p1|6\n|teamsize|p2|6\n|gen|9\n|tier|[Gen 9] OU\n|rated|\n|rule|Sleep Clause Mod: Limit one foe put to sleep\n|rule|Species Clause: Limit one of each Pok\u00e9mon\n|rule|OHKO Clause: OHKO moves are banned\n|rule|Evasion Items Clause: Evasion items are banned\n|rule|Evasion Moves Clause: Evasion moves are banned\n|rule|Endless Battle Clause: Forcing endless battles is banned\n|rule|HP Percentage Mod: HP is shown in percentages\n|clearpoke\n|poke|p1|Krookodile, M|\n|poke|p1|Tinkaton, F|\n|poke|p1|Rotom-Wash|\n|poke|p1|Arcanine-Hisui, M|\n|poke|p1|Frosmoth, F|\n|poke|p1|Lurantis, F|\n|poke|p2|Landorus-Therian, M|\n|poke|p2|Glimmora, M|\n|poke|p2|Hatterene, F|\n|poke|p2|Heatran, M|\n|poke|p2|Toxapex, M|\n|poke|p2|Kingambit, M|\n|teampreview\n|\n|t:|1700672284\n|start\n|switch|p1a: Frosmoth|Frosmoth, F|100\/100\n|switch|p2a: Hatterene|Hatterene, F|100\/100\n|turn|1\n|inactive|Battle timer is ON: inactive players will automatically lose when time's up. (requested by kookies&kilik)\n|\n|t:|1700672289\n|move|p1a: Frosmoth|Quiver Dance|p1a: Frosmoth\n|-boost|p1a: Frosmoth|spa|1\n|-boost|p1a: Frosmoth|spd|1\n|-boost|p1a: Frosmoth|spe|1\n|move|p2a: Hatterene|Trick Room|p2a: Hatterene\n|-fieldstart|move: Trick Room|[of] p2a: Hatterene\n|\n|upkeep\n|turn|2\n|\n|t:|1700672299\n|move|p2a: Hatterene|Calm Mind|p2a: Hatterene\n|-boost|p2a: Hatterene|spa|1\n|-boost|p2a: Hatterene|spd|1\n|move|p1a: Frosmoth|Quiver Dance|p1a: Frosmoth\n|-boost|p1a: Frosmoth|spa|1\n|-boost|p1a: Frosmoth|spd|1\n|-boost|p1a: Frosmoth|spe|1\n|\n|upkeep\n|turn|3\n|\n|t:|1700672306\n|move|p2a: Hatterene|Calm Mind|p2a: Hatterene\n|-boost|p2a: Hatterene|spa|1\n|-boost|p2a: Hatterene|spd|1\n|move|p1a: Frosmoth|Quiver Dance|p1a: Frosmoth\n|-boost|p1a: Frosmoth|spa|1\n|-boost|p1a: Frosmoth|spd|1\n|-boost|p1a: Frosmoth|spe|1\n|\n|upkeep\n|turn|4\n|\n|t:|1700672314\n|move|p2a: Hatterene|Stored Power|p1a: Frosmoth\n|-damage|p1a: Frosmoth|67\/100\n|move|p1a: Frosmoth|Bug Buzz|p2a: Hatterene\n|-damage|p2a: Hatterene|38\/100\n|\n|upkeep\n|turn|5\n|\n|t:|1700672320\n|move|p2a: Hatterene|Stored Power|p1a: Frosmoth\n|-damage|p1a: Frosmoth|38\/100\n|move|p1a: Frosmoth|Bug Buzz|p2a: Hatterene\n|-damage|p2a: Hatterene|0 fnt\n|faint|p2a: Hatterene\n|\n|-fieldend|move: Trick Room\n|upkeep\n|\n|t:|1700672328\n|switch|p2a: Kingambit|Kingambit, M|100\/100\n|-activate|p2a: Kingambit|ability: Supreme Overlord\n|-start|p2a: Kingambit|fallen1|[silent]\n|turn|6\n|\n|t:|1700672340\n|move|p2a: Kingambit|Sucker Punch||[still]\n|-fail|p2a: Kingambit\n|move|p1a: Frosmoth|Quiver Dance|p1a: Frosmoth\n|-boost|p1a: Frosmoth|spa|1\n|-boost|p1a: Frosmoth|spd|1\n|-boost|p1a: Frosmoth|spe|1\n|\n|upkeep\n|turn|7\n|\n|t:|1700672348\n|move|p2a: Kingambit|Sucker Punch||[still]\n|-fail|p2a: Kingambit\n|move|p1a: Frosmoth|Quiver Dance|p1a: Frosmoth\n|-boost|p1a: Frosmoth|spa|1\n|-boost|p1a: Frosmoth|spd|1\n|-boost|p1a: Frosmoth|spe|1\n|\n|upkeep\n|turn|8\n|\n|t:|1700672362\n|move|p1a: Frosmoth|Quiver Dance|p1a: Frosmoth\n|-boost|p1a: Frosmoth|spa|1\n|-boost|p1a: Frosmoth|spd|1\n|-boost|p1a: Frosmoth|spe|1\n|move|p2a: Kingambit|Kowtow Cleave|p1a: Frosmoth\n|-damage|p1a: Frosmoth|0 fnt\n|faint|p1a: Frosmoth\n|\n|upkeep\n|\n|t:|1700672365\n|switch|p1a: Krookodile|Krookodile, M|100\/100\n|-ability|p1a: Krookodile|Intimidate|boost\n|-unboost|p2a: Kingambit|atk|1\n|turn|9\n|\n|t:|1700672375\n|switch|p1a: Tinkaton|Tinkaton, F|100\/100\n|move|p2a: Kingambit|Substitute|p2a: Kingambit\n|-start|p2a: Kingambit|Substitute\n|-damage|p2a: Kingambit|76\/100\n|\n|upkeep\n|turn|10\n|\n|t:|1700672386\n|move|p1a: Tinkaton|Gigaton Hammer|p2a: Kingambit\n|-resisted|p2a: Kingambit\n|-activate|p2a: Kingambit|move: Substitute|[damage]\n|move|p2a: Kingambit|Swords Dance|p2a: Kingambit\n|-boost|p2a: Kingambit|atk|2\n|\n|upkeep\n|turn|11\n|\n|t:|1700672394\n|move|p1a: Tinkaton|Play Rough|p2a: Kingambit\n|-end|p2a: Kingambit|Substitute\n|move|p2a: Kingambit|Swords Dance|p2a: Kingambit\n|-boost|p2a: Kingambit|atk|2\n|\n|upkeep\n|turn|12\n|\n|t:|1700672419\n|move|p2a: Kingambit|Sucker Punch|p1a: Tinkaton\n|-resisted|p1a: Tinkaton\n|-damage|p1a: Tinkaton|22\/100\n|move|p1a: Tinkaton|Play Rough|p2a: Kingambit\n|-damage|p2a: Kingambit|50\/100\n|\n|-heal|p1a: Tinkaton|28\/100|[from] item: Leftovers\n|upkeep\n|turn|13\n|\n|t:|1700672431\n|switch|p1a: Rotom|Rotom-Wash|100\/100\n|move|p2a: Kingambit|Sucker Punch||[still]\n|-fail|p2a: Kingambit\n|\n|upkeep\n|turn|14\n|\n|t:|1700672438\n|move|p2a: Kingambit|Sucker Punch||[still]\n|-fail|p2a: Kingambit\n|move|p1a: Rotom|Trick|p2a: Kingambit\n|-activate|p1a: Rotom|move: Trick|[of] p2a: Kingambit\n|-item|p2a: Kingambit|Choice Scarf|[from] move: Trick\n|-item|p1a: Rotom|Heavy-Duty Boots|[from] move: Trick\n|\n|upkeep\n|turn|15\n|\n|t:|1700672457\n|move|p2a: Kingambit|Sucker Punch||[still]\n|-fail|p2a: Kingambit\n|move|p1a: Rotom|Thunder Wave|p2a: Kingambit|[miss]\n|-miss|p1a: Rotom|p2a: Kingambit\n|\n|upkeep\n|turn|16\n|\n|t:|1700672471\n|-end|p2a: Kingambit|fallen1|[silent]\n|switch|p2a: Toxapex|Toxapex, M|100\/100\n|move|p1a: Rotom|Thunder Wave|p2a: Toxapex\n|-status|p2a: Toxapex|par\n|\n|upkeep\n|turn|17\n|\n|t:|1700672477\n|move|p1a: Rotom|Volt Switch|p2a: Toxapex\n|-supereffective|p2a: Toxapex\n|-damage|p2a: Toxapex|54\/100 par\n|\n|t:|1700672502\n|switch|p1a: Krookodile|Krookodile, M|100\/100|[from] Volt Switch\n|-ability|p1a: Krookodile|Intimidate|boost\n|-unboost|p2a: Toxapex|atk|1\n|move|p2a: Toxapex|Toxic|p1a: Krookodile\n|-status|p1a: Krookodile|tox\n|\n|-heal|p2a: Toxapex|61\/100 par|[from] item: Leftovers\n|-damage|p1a: Krookodile|94\/100 tox|[from] psn\n|upkeep\n|turn|18\n|\n|t:|1700672511\n|move|p2a: Toxapex|Protect|p2a: Toxapex\n|-singleturn|p2a: Toxapex|Protect\n|move|p1a: Krookodile|Earthquake|p2a: Toxapex\n|-activate|p2a: Toxapex|move: Protect\n|\n|-heal|p2a: Toxapex|67\/100 par|[from] item: Leftovers\n|-damage|p1a: Krookodile|82\/100 tox|[from] psn\n|upkeep\n|turn|19\n|\n|t:|1700672521\n|switch|p1a: Rotom|Rotom-Wash|100\/100\n|move|p2a: Toxapex|Recover|p2a: Toxapex\n|-heal|p2a: Toxapex|100\/100 par\n|\n|upkeep\n|turn|20\n|\n|t:|1700672535\n|move|p1a: Rotom|Trick|p2a: Toxapex\n|-activate|p1a: Rotom|move: Trick|[of] p2a: Toxapex\n|-item|p2a: Toxapex|Heavy-Duty Boots|[from] move: Trick\n|-item|p1a: Rotom|Leftovers|[from] move: Trick\n|move|p2a: Toxapex|Toxic|p1a: Rotom\n|-status|p1a: Rotom|tox\n|\n|-damage|p1a: Rotom|94\/100 tox|[from] psn\n|upkeep\n|turn|21\n|\n|t:|1700672550\n|move|p2a: Toxapex|Protect|p2a: Toxapex\n|-singleturn|p2a: Toxapex|Protect\n|move|p1a: Rotom|Volt Switch|p2a: Toxapex\n|-activate|p2a: Toxapex|move: Protect\n|\n|-heal|p1a: Rotom|100\/100 tox|[from] item: Leftovers\n|-damage|p1a: Rotom|88\/100 tox|[from] psn\n|upkeep\n|turn|22\n|\n|t:|1700672560\n|move|p1a: Rotom|Volt Switch|p2a: Toxapex\n|-supereffective|p2a: Toxapex\n|-damage|p2a: Toxapex|54\/100 par\n|inactive|kookies&kilik has 120 seconds left.\n|\n|t:|1700672593\n|switch|p1a: Lurantis|Lurantis, F|100\/100|[from] Volt Switch\n|move|p2a: Toxapex|Recover|p2a: Toxapex\n|-heal|p2a: Toxapex|100\/100 par\n|\n|upkeep\n|turn|23\n|\n|t:|1700672601\n|move|p1a: Lurantis|Superpower|p2a: Toxapex\n|-resisted|p2a: Toxapex\n|-damage|p2a: Toxapex|87\/100 par\n|-boost|p1a: Lurantis|atk|1\n|-boost|p1a: Lurantis|def|1\n|move|p2a: Toxapex|Toxic|p1a: Lurantis\n|-status|p1a: Lurantis|tox\n|\n|-damage|p1a: Lurantis|94\/100 tox|[from] psn\n|upkeep\n|turn|24\n|\n|t:|1700672610\n|move|p2a: Toxapex|Protect|p2a: Toxapex\n|-singleturn|p2a: Toxapex|Protect\n|move|p1a: Lurantis|Superpower|p2a: Toxapex\n|-activate|p2a: Toxapex|move: Protect\n|\n|-damage|p1a: Lurantis|82\/100 tox|[from] psn\n|upkeep\n|turn|25\n|inactive|kookies&kilik has 120 seconds left.\n|\n|t:|1700672655\n|move|p1a: Lurantis|Superpower|p2a: Toxapex\n|-resisted|p2a: Toxapex\n|-damage|p2a: Toxapex|67\/100 par\n|-boost|p1a: Lurantis|atk|1\n|-boost|p1a: Lurantis|def|1\n|cant|p2a: Toxapex|par\n|\n|-damage|p1a: Lurantis|64\/100 tox|[from] psn\n|upkeep\n|turn|26\n|\n|t:|1700672665\n|move|p1a: Lurantis|Leaf Blade|p2a: Toxapex\n|-damage|p2a: Toxapex|1\/100 par\n|move|p2a: Toxapex|Haze|p2a: Toxapex\n|-clearallboost\n|\n|-damage|p1a: Lurantis|39\/100 tox|[from] psn\n|upkeep\n|turn|27\n|\n|t:|1700672674\n|move|p2a: Toxapex|Protect|p2a: Toxapex\n|-singleturn|p2a: Toxapex|Protect\n|move|p1a: Lurantis|Leech Life|p2a: Toxapex\n|-activate|p2a: Toxapex|move: Protect\n|\n|-damage|p1a: Lurantis|9\/100 tox|[from] psn\n|upkeep\n|turn|28\n|inactive|kookies&kilik has 120 seconds left.\n|\n|t:|1700672685\n|switch|p1a: Rotom|Rotom-Wash|88\/100 tox\n|move|p2a: Toxapex|Protect||[still]\n|-fail|p2a: Toxapex\n|\n|-heal|p1a: Rotom|94\/100 tox|[from] item: Leftovers\n|-damage|p1a: Rotom|88\/100 tox|[from] psn\n|upkeep\n|turn|29\n|\n|t:|1700672698\n|move|p2a: Toxapex|Protect|p2a: Toxapex\n|-singleturn|p2a: Toxapex|Protect\n|move|p1a: Rotom|Volt Switch|p2a: Toxapex\n|-activate|p2a: Toxapex|move: Protect\n|\n|-heal|p1a: Rotom|94\/100 tox|[from] item: Leftovers\n|-damage|p1a: Rotom|82\/100 tox|[from] psn\n|upkeep\n|turn|30\n|\n|t:|1700672711\n|move|p1a: Rotom|Volt Switch|p2a: Toxapex\n|-supereffective|p2a: Toxapex\n|-damage|p2a: Toxapex|0 fnt\n|faint|p2a: Toxapex\n|l|\u2606kookies&kilik\n|inactive|kookies&kilik disconnected and has a minute to reconnect!\n|player|p1|\n|inactive|kookies&kilik has 30 seconds to reconnect!\n|inactive|kookies&kilik has 20 seconds to reconnect!\n|inactive|kookies&kilik has 15 seconds to reconnect!\n|j|\u2606kookies&kilik\n|inactive|kookies&kilik reconnected and has 100 seconds left.\n|player|p1|kookies&kilik|iris-gen5bw2\n|\n|t:|1700672762\n|switch|p1a: Krookodile|Krookodile, M|82\/100 tox|[from] Volt Switch\n|\n|-damage|p1a: Krookodile|76\/100 tox|[from] psn\n|upkeep\n|l|\u2606kookies&kilik\n|inactive|kookies&kilik disconnected and has a minute to reconnect!\n|player|p1|\n|\n|t:|1700672773\n|switch|p2a: Glimmora|Glimmora, M|100\/100\n|turn|31\n|inactive|kookies&kilik has 30 seconds to reconnect!\n|inactive|kookies&kilik has 20 seconds to reconnect!\n|inactive|kookies&kilik has 15 seconds to reconnect!\n|j|\u2606kookies&kilik\n|inactive|kookies&kilik reconnected and has 65 seconds left.\n|player|p1|kookies&kilik|iris-gen5bw2\n|\n|t:|1700672822\n|move|p1a: Krookodile|Earthquake|p2a: Glimmora\n|-supereffective|p2a: Glimmora\n|-damage|p2a: Glimmora|0 fnt\n|-activate|p2a: Glimmora|ability: Toxic Debris\n|-sidestart|p1: kookies&kilik|move: Toxic Spikes\n|faint|p2a: Glimmora\n|\n|-damage|p1a: Krookodile|64\/100 tox|[from] psn\n|upkeep\n|\n|t:|1700672839\n|switch|p2a: Landorus|Landorus-Therian, M|100\/100\n|-ability|p2a: Landorus|Intimidate|boost\n|-unboost|p1a: Krookodile|atk|1\n|turn|32\n|\n|t:|1700672850\n|switch|p1a: Lurantis|Lurantis, F|9\/100 tox\n|move|p2a: Landorus|Stealth Rock|p1a: Lurantis\n|-sidestart|p1: kookies&kilik|move: Stealth Rock\n|\n|-damage|p1a: Lurantis|3\/100 tox|[from] psn\n|upkeep\n|turn|33\n|\n|t:|1700672862\n|move|p2a: Landorus|Earthquake|p1a: Lurantis\n|-resisted|p1a: Lurantis\n|-damage|p1a: Lurantis|0 fnt\n|faint|p1a: Lurantis\n|\n|upkeep\n|\n|t:|1700672868\n|switch|p1a: Rotom|Rotom-Wash|82\/100 tox\n|-damage|p1a: Rotom|69\/100 tox|[from] Stealth Rock\n|turn|34\n|l|\u2606kookies&kilik\n|inactive|kookies&kilik disconnected and has a minute to reconnect!\n|player|p1|\n|\n|t:|1700672881\n|move|p1a: Rotom|Hydro Pump|p2a: Landorus\n|-supereffective|p2a: Landorus\n|-damage|p2a: Landorus|0 fnt\n|faint|p2a: Landorus\n|\n|-heal|p1a: Rotom|76\/100 tox|[from] item: Leftovers\n|-damage|p1a: Rotom|69\/100 tox|[from] psn\n|upkeep\n|\n|t:|1700672890\n|switch|p2a: Heatran|Heatran, M|100\/100\n|turn|35\n|j|\u2606kookies&kilik\n|inactive|kookies&kilik reconnected and has 85 seconds left.\n|player|p1|kookies&kilik|iris-gen5bw2\n|\n|t:|1700672923\n|move|p1a: Rotom|Volt Switch|p2a: Heatran\n|-damage|p2a: Heatran|79\/100\n|\n|t:|1700672928\n|switch|p1a: Arcanine|Arcanine-Hisui, M|100\/100|[from] Volt Switch\n|-status|p1a: Arcanine|psn\n|-damage|p1a: Arcanine|76\/100 psn|[from] Stealth Rock\n|move|p2a: Heatran|Crunch|p1a: Arcanine\n|-damage|p1a: Arcanine|54\/100 psn\n|\n|-damage|p1a: Arcanine|42\/100 psn|[from] psn\n|upkeep\n|turn|36\n|\n|t:|1700672942\n|move|p1a: Arcanine|Head Smash|p2a: Heatran\n|-damage|p2a: Heatran|15\/100\n|-damage|p1a: Arcanine|32\/100 psn|[from] item: Life Orb\n|move|p2a: Heatran|Crunch|p1a: Arcanine\n|-damage|p1a: Arcanine|10\/100 psn\n|\n|-damage|p1a: Arcanine|0 fnt|[from] psn\n|faint|p1a: Arcanine\n|upkeep\n|\n|t:|1700672947\n|switch|p1a: Krookodile|Krookodile, M|64\/100 tox\n|-damage|p1a: Krookodile|58\/100 tox|[from] Stealth Rock\n|-ability|p1a: Krookodile|Intimidate|boost\n|-unboost|p2a: Heatran|atk|1\n|turn|37\n|\n|t:|1700672955\n|move|p1a: Krookodile|Earthquake|p2a: Heatran\n|-supereffective|p2a: Heatran\n|-damage|p2a: Heatran|0 fnt\n|faint|p2a: Heatran\n|\n|-damage|p1a: Krookodile|52\/100 tox|[from] psn\n|upkeep\n|\n|t:|1700672961\n|switch|p2a: Kingambit|Kingambit, M|50\/100\n|-activate|p2a: Kingambit|ability: Supreme Overlord\n|-start|p2a: Kingambit|fallen5|[silent]\n|turn|38\n|\n|t:|1700672967\n|switch|p1a: Tinkaton|Tinkaton, F|28\/100\n|-damage|p1a: Tinkaton|22\/100|[from] Stealth Rock\n|move|p2a: Kingambit|Sucker Punch||[still]\n|-fail|p2a: Kingambit\n|\n|-heal|p1a: Tinkaton|28\/100|[from] item: Leftovers\n|upkeep\n|turn|39\n|\n|t:|1700672976\n|move|p1a: Tinkaton|Fake Out|p2a: Kingambit\n|-resisted|p2a: Kingambit\n|-damage|p2a: Kingambit|46\/100\n|cant|p2a: Kingambit|flinch\n|\n|-heal|p1a: Tinkaton|35\/100|[from] item: Leftovers\n|upkeep\n|turn|40\n|c|\u2606kookies&kilik|gg\n|\n|t:|1700672983\n|move|p2a: Kingambit|Sucker Punch|p1a: Tinkaton\n|-resisted|p1a: Tinkaton\n|-damage|p1a: Tinkaton|0 fnt\n|faint|p1a: Tinkaton\n|\n|upkeep\n|\n|t:|1700672986\n|switch|p1a: Krookodile|Krookodile, M|52\/100 tox\n|-damage|p1a: Krookodile|46\/100 tox|[from] Stealth Rock\n|-ability|p1a: Krookodile|Intimidate|boost\n|-unboost|p2a: Kingambit|atk|1\n|turn|41\n|\n|t:|1700672992\n|move|p1a: Krookodile|Earthquake|p2a: Kingambit\n|-supereffective|p2a: Kingambit\n|-damage|p2a: Kingambit|0 fnt\n|faint|p2a: Kingambit\n|-end|p2a: Kingambit|fallen5|[silent]\n|\n|win|kookies&kilik\n|raw|kookies&amp;kilik's rating: 1083 &rarr; <strong>1108<\/strong><br \/>(+25 for winning)\n|raw|pokeylucas's rating: 1048 &rarr; <strong>1033<\/strong><br \/>(-15 for losing)\n|l|\u2606pokeylucas\n","uploadtime":1700673003,"views":0,"p1id":"kookieskilik","p2id":"pokeylucas","formatid":"gen9ou","rating":1033,"private":0,"password":""}