{"id":"gen9ou-1994019086","p1":"Irvantheboredone","p2":"kjhgfdgsdf","format":"[Gen 9] OU","log":"|j|\u2606Irvantheboredone\n|j|\u2606kjhgfdgsdf\n|t:|1700394620\n|gametype|singles\n|player|p1|Irvantheboredone|unknown|1228\n|player|p2|kjhgfdgsdf|170|1180\n|teamsize|p1|6\n|teamsize|p2|6\n|gen|9\n|tier|[Gen 9] OU\n|rated|\n|rule|Sleep Clause Mod: Limit one foe put to sleep\n|rule|Species Clause: Limit one of each Pok\u00e9mon\n|rule|OHKO Clause: OHKO moves are banned\n|rule|Evasion Items Clause: Evasion items are banned\n|rule|Evasion Moves Clause: Evasion moves are banned\n|rule|Endless Battle Clause: Forcing endless battles is banned\n|rule|HP Percentage Mod: HP is shown in percentages\n|clearpoke\n|poke|p1|Inteleon, F|\n|poke|p1|Gyarados, M|\n|poke|p1|Scizor, F|\n|poke|p1|Gallade, M|\n|poke|p1|Thundurus-Therian, M|\n|poke|p1|Kingambit, M|\n|poke|p2|Dipplin, F|\n|poke|p2|Gholdengo|\n|poke|p2|Iron Moth|\n|poke|p2|Slowking-Galar, F|\n|poke|p2|Alomomola, F|\n|poke|p2|Great Tusk|\n|teampreview\n|inactive|Battle timer is ON: inactive players will automatically lose when time's up. (requested by kjhgfdgsdf)\n|\n|t:|1700394626\n|start\n|switch|p1a: V1|Inteleon, F|100\/100\n|switch|p2a: Alomomola|Alomomola, F|100\/100\n|turn|1\n|\n|t:|1700394632\n|-terastallize|p1a: V1|Electric\n|move|p1a: V1|Tera Blast|p2a: Alomomola|[anim] Tera Blast Electric\n|-supereffective|p2a: Alomomola\n|-crit|p2a: Alomomola\n|-damage|p2a: Alomomola|0 fnt\n|faint|p2a: Alomomola\n|\n|upkeep\n|\n|t:|1700394640\n|switch|p2a: Great Tusk|Great Tusk|100\/100\n|turn|2\n|\n|t:|1700394643\n|-terastallize|p2a: Great Tusk|Water\n|move|p1a: V1|Snipe Shot|p2a: Great Tusk\n|-resisted|p2a: Great Tusk\n|-damage|p2a: Great Tusk|70\/100\n|move|p2a: Great Tusk|Earthquake|p1a: V1\n|-supereffective|p1a: V1\n|-damage|p1a: V1|0 fnt\n|faint|p1a: V1\n|\n|-heal|p2a: Great Tusk|76\/100|[from] item: Leftovers\n|upkeep\n|\n|t:|1700394650\n|switch|p1a: Mindflayer|Thundurus-Therian, M|100\/100\n|turn|3\n|\n|t:|1700394655\n|-end|p2a: Great Tusk|Protosynthesis|[silent]\n|switch|p2a: Dipplin|Dipplin, F, shiny|100\/100\n|move|p1a: Mindflayer|Thunderbolt|p2a: Dipplin\n|-resisted|p2a: Dipplin\n|-damage|p2a: Dipplin|91\/100\n|\n|upkeep\n|turn|4\n|\n|t:|1700394658\n|switch|p1a: V2|Scizor, F|100\/100\n|move|p2a: Dipplin|Dragon Pulse|p1a: V2\n|-resisted|p1a: V2\n|-damage|p1a: V2|81\/100\n|\n|upkeep\n|turn|5\n|\n|t:|1700394662\n|move|p1a: V2|Dual Wingbeat|p2a: Dipplin\n|-supereffective|p2a: Dipplin\n|-damage|p2a: Dipplin|70\/100\n|-supereffective|p2a: Dipplin\n|-damage|p2a: Dipplin|49\/100\n|-hitcount|p2a: Dipplin|2\n|move|p2a: Dipplin|Dragon Tail|p1a: V2\n|-resisted|p1a: V2\n|-damage|p1a: V2|72\/100\n|drag|p1a: Leviathan|Gyarados, M, shiny|100\/100\n|\n|upkeep\n|turn|6\n|\n|t:|1700394667\n|switch|p1a: V2|Scizor, F|72\/100\n|move|p2a: Dipplin|Recover|p2a: Dipplin\n|-heal|p2a: Dipplin|99\/100\n|\n|upkeep\n|turn|7\n|\n|t:|1700394671\n|move|p1a: V2|Dual Wingbeat|p2a: Dipplin\n|-supereffective|p2a: Dipplin\n|-damage|p2a: Dipplin|79\/100\n|-supereffective|p2a: Dipplin\n|-damage|p2a: Dipplin|58\/100\n|-hitcount|p2a: Dipplin|2\n|move|p2a: Dipplin|Dragon Tail|p1a: V2\n|-resisted|p1a: V2\n|-damage|p1a: V2|63\/100\n|drag|p1a: Leviathan|Gyarados, M, shiny|100\/100\n|\n|upkeep\n|turn|8\n|\n|t:|1700394674\n|move|p1a: Leviathan|Iron Head|p2a: Dipplin\n|-damage|p2a: Dipplin|46\/100\n|cant|p2a: Dipplin|flinch\n|\n|upkeep\n|turn|9\n|\n|t:|1700394679\n|move|p1a: Leviathan|Dragon Dance|p1a: Leviathan\n|-boost|p1a: Leviathan|atk|1\n|-boost|p1a: Leviathan|spe|1\n|move|p2a: Dipplin|Recover|p2a: Dipplin\n|-heal|p2a: Dipplin|96\/100\n|\n|upkeep\n|turn|10\n|\n|t:|1700394681\n|move|p1a: Leviathan|Dragon Dance|p1a: Leviathan\n|-boost|p1a: Leviathan|atk|1\n|-boost|p1a: Leviathan|spe|1\n|move|p2a: Dipplin|Dragon Tail|p1a: Leviathan\n|-damage|p1a: Leviathan|78\/100\n|drag|p1a: Ferryman|Kingambit, M, shiny|100\/100\n|-activate|p1a: Ferryman|ability: Supreme Overlord\n|-start|p1a: Ferryman|fallen1|[silent]\n|\n|upkeep\n|turn|11\n|\n|t:|1700394685\n|switch|p2a: Great Tusk|Great Tusk, tera:Water|76\/100\n|move|p1a: Ferryman|Iron Head|p2a: Great Tusk\n|-resisted|p2a: Great Tusk\n|-damage|p2a: Great Tusk|58\/100\n|\n|-heal|p2a: Great Tusk|64\/100|[from] item: Leftovers\n|upkeep\n|turn|12\n|\n|t:|1700394691\n|-end|p1a: Ferryman|fallen1|[silent]\n|switch|p1a: Leviathan|Gyarados, M, shiny|78\/100\n|move|p2a: Great Tusk|Knock Off|p1a: Leviathan\n|-damage|p1a: Leviathan|34\/100\n|-enditem|p1a: Leviathan|Clear Amulet|[from] move: Knock Off|[of] p2a: Great Tusk\n|\n|-heal|p2a: Great Tusk|70\/100|[from] item: Leftovers\n|upkeep\n|turn|13\n|\n|t:|1700394694\n|move|p2a: Great Tusk|Ice Spinner|p1a: Leviathan\n|-damage|p1a: Leviathan|0 fnt\n|faint|p1a: Leviathan\n|\n|-heal|p2a: Great Tusk|76\/100|[from] item: Leftovers\n|upkeep\n|\n|t:|1700394697\n|switch|p1a: Gabriel|Gallade, M|100\/100\n|turn|14\n|\n|t:|1700394701\n|move|p2a: Great Tusk|Earthquake|p1a: Gabriel\n|-damage|p1a: Gabriel|13\/100\n|move|p1a: Gabriel|Leaf Blade|p2a: Great Tusk\n|-supereffective|p2a: Great Tusk\n|-crit|p2a: Great Tusk\n|-damage|p2a: Great Tusk|0 fnt\n|faint|p2a: Great Tusk\n|-end|p2a: Great Tusk|Protosynthesis|[silent]\n|\n|upkeep\n|\n|t:|1700394705\n|switch|p2a: Iron Moth|Iron Moth|100\/100\n|turn|15\n|\n|t:|1700394707\n|move|p2a: Iron Moth|Fiery Dance|p1a: Gabriel\n|-damage|p1a: Gabriel|0 fnt\n|-boost|p2a: Iron Moth|spa|1\n|faint|p1a: Gabriel\n|\n|upkeep\n|\n|t:|1700394713\n|switch|p1a: Mindflayer|Thundurus-Therian, M|100\/100\n|turn|16\n|\n|t:|1700394715\n|move|p2a: Iron Moth|Fiery Dance|p1a: Mindflayer\n|-damage|p1a: Mindflayer|2\/100\n|-boost|p2a: Iron Moth|spa|1\n|move|p1a: Mindflayer|Thunderbolt|p2a: Iron Moth\n|-damage|p2a: Iron Moth|46\/100\n|\n|upkeep\n|turn|17\n|\n|t:|1700394717\n|move|p2a: Iron Moth|Fiery Dance|p1a: Mindflayer\n|-damage|p1a: Mindflayer|0 fnt\n|faint|p1a: Mindflayer\n|\n|upkeep\n|\n|t:|1700394720\n|switch|p1a: Ferryman|Kingambit, M, shiny|100\/100\n|-activate|p1a: Ferryman|ability: Supreme Overlord\n|-start|p1a: Ferryman|fallen4|[silent]\n|turn|18\n|\n|t:|1700394723\n|-end|p2a: Iron Moth|Quark Drive|[silent]\n|switch|p2a: Dipplin|Dipplin, F, shiny|96\/100\n|move|p1a: Ferryman|Sucker Punch||[still]\n|-fail|p1a: Ferryman\n|\n|upkeep\n|turn|19\n|\n|t:|1700394725\n|move|p1a: Ferryman|Iron Head|p2a: Dipplin\n|-damage|p2a: Dipplin|70\/100\n|cant|p2a: Dipplin|flinch\n|\n|upkeep\n|turn|20\n|\n|t:|1700394728\n|move|p1a: Ferryman|Iron Head|p2a: Dipplin\n|-damage|p2a: Dipplin|42\/100\n|cant|p2a: Dipplin|flinch\n|\n|upkeep\n|turn|21\n|\n|t:|1700394730\n|move|p1a: Ferryman|Iron Head|p2a: Dipplin\n|-damage|p2a: Dipplin|16\/100\n|cant|p2a: Dipplin|flinch\n|\n|upkeep\n|turn|22\n|\n|t:|1700394732\n|move|p1a: Ferryman|Iron Head|p2a: Dipplin\n|-damage|p2a: Dipplin|0 fnt\n|faint|p2a: Dipplin\n|\n|upkeep\n|c|\u2606Irvantheboredone|Holy shit\n|\n|t:|1700394740\n|switch|p2a: Slowking|Slowking-Galar, F|100\/100\n|turn|23\n|c|\u2606Irvantheboredone|Ferry man has no chill\n|\n|t:|1700394744\n|move|p1a: Ferryman|Sucker Punch|p2a: Slowking\n|-supereffective|p2a: Slowking\n|-damage|p2a: Slowking|0 fnt\n|faint|p2a: Slowking\n|\n|upkeep\n|\n|t:|1700394746\n|switch|p2a: Gholdengo|Gholdengo|100\/100\n|turn|24\n|\n|t:|1700394748\n|move|p1a: Ferryman|Sucker Punch|p2a: Gholdengo\n|-supereffective|p2a: Gholdengo\n|-damage|p2a: Gholdengo|0 fnt\n|faint|p2a: Gholdengo\n|\n|upkeep\n|\n|t:|1700394749\n|switch|p2a: Iron Moth|Iron Moth|46\/100\n|turn|25\n|\n|t:|1700394751\n|move|p1a: Ferryman|Sucker Punch|p2a: Iron Moth\n|-damage|p2a: Iron Moth|0 fnt\n|faint|p2a: Iron Moth\n|-end|p2a: Iron Moth|Quark Drive|[silent]\n|\n|win|Irvantheboredone\n|raw|Irvantheboredone's rating: 1228 &rarr; <strong>1250<\/strong><br \/>(+22 for winning)\n|raw|kjhgfdgsdf's rating: 1180 &rarr; <strong>1158<\/strong><br \/>(-22 for losing)\n|l|\u2606kjhgfdgsdf\n","uploadtime":1700394755,"views":11,"p1id":"irvantheboredone","p2id":"kjhgfdgsdf","formatid":"gen9ou","rating":1158,"private":0,"password":""}