{"id":"gen9ou-1993103557","p1":"Mtmc","p2":"Maestro KillerX","format":"[Gen 9] OU","log":"|j|\u2606Mtmc\n|j|\u2606Maestro KillerX\n|t:|1700265143\n|gametype|singles\n|player|p1|Mtmc|2|1116\n|player|p2|Maestro KillerX|gambler|1017\n|teamsize|p1|6\n|teamsize|p2|6\n|gen|9\n|tier|[Gen 9] OU\n|rated|\n|rule|Sleep Clause Mod: Limit one foe put to sleep\n|rule|Species Clause: Limit one of each Pok\u00e9mon\n|rule|OHKO Clause: OHKO moves are banned\n|rule|Evasion Items Clause: Evasion items are banned\n|rule|Evasion Moves Clause: Evasion moves are banned\n|rule|Endless Battle Clause: Forcing endless battles is banned\n|rule|HP Percentage Mod: HP is shown in percentages\n|clearpoke\n|poke|p1|Garganacl, M|\n|poke|p1|Glimmora, M|\n|poke|p1|Clefable, M|\n|poke|p1|Gholdengo|\n|poke|p1|Ogerpon-Wellspring, F|\n|poke|p1|Torterra, M|\n|poke|p2|Hippowdon, M|\n|poke|p2|Lycanroc, M|\n|poke|p2|Glimmora, F|\n|poke|p2|Komala, M|\n|poke|p2|Probopass, F|\n|poke|p2|Volcanion|\n|teampreview\n|inactive|Battle timer is ON: inactive players will automatically lose when time's up. (requested by Mtmc)\n|\n|t:|1700265161\n|start\n|switch|p1a: Torterra|Torterra, M|100\/100\n|switch|p2a: Glimmora|Glimmora, F|100\/100\n|turn|1\n|\n|t:|1700265176\n|-terastallize|p1a: Torterra|Rock\n|move|p2a: Glimmora|Stealth Rock|p1a: Torterra\n|-sidestart|p1: Mtmc|move: Stealth Rock\n|move|p1a: Torterra|Shell Smash|p1a: Torterra\n|-unboost|p1a: Torterra|def|1\n|-unboost|p1a: Torterra|spd|1\n|-boost|p1a: Torterra|atk|2\n|-boost|p1a: Torterra|spa|2\n|-boost|p1a: Torterra|spe|2\n|\n|upkeep\n|turn|2\n|\n|t:|1700265195\n|move|p1a: Torterra|Rock Blast|p2a: Glimmora|[miss]\n|-miss|p1a: Torterra|p2a: Glimmora\n|move|p2a: Glimmora|Spikes|p1a: Torterra\n|-sidestart|p1: Mtmc|Spikes\n|\n|upkeep\n|turn|3\n|\n|t:|1700265206\n|move|p2a: Glimmora|Spiky Shield|p2a: Glimmora\n|-singleturn|p2a: Glimmora|move: Protect\n|move|p1a: Torterra|Rock Blast|p2a: Glimmora\n|-activate|p2a: Glimmora|move: Protect\n|\n|upkeep\n|turn|4\n|\n|t:|1700265213\n|move|p1a: Torterra|Rock Blast|p2a: Glimmora\n|-crit|p2a: Glimmora\n|-damage|p2a: Glimmora|55\/100\n|-activate|p2a: Glimmora|ability: Toxic Debris\n|-sidestart|p1: Mtmc|move: Toxic Spikes\n|-damage|p2a: Glimmora|27\/100\n|-activate|p2a: Glimmora|ability: Toxic Debris\n|-sidestart|p1: Mtmc|move: Toxic Spikes\n|-damage|p2a: Glimmora|0 fnt\n|faint|p2a: Glimmora\n|-hitcount|p2: Glimmora|3\n|\n|upkeep\n|inactive|Maestro KillerX has 120 seconds left.\n|\n|t:|1700265242\n|switch|p2a: Hippowdon|Hippowdon, M|100\/100\n|-weather|Sandstorm|[from] ability: Sand Stream|[of] p2a: Hippowdon\n|turn|5\n|inactive|Maestro KillerX has 120 seconds left.\n|\n|t:|1700265254\n|move|p1a: Torterra|Bullet Seed|p2a: Hippowdon\n|-supereffective|p2a: Hippowdon\n|-crit|p2a: Hippowdon\n|-damage|p2a: Hippowdon|46\/100\n|-supereffective|p2a: Hippowdon\n|-damage|p2a: Hippowdon|12\/100\n|-supereffective|p2a: Hippowdon\n|-damage|p2a: Hippowdon|0 fnt\n|faint|p2a: Hippowdon\n|-hitcount|p2: Hippowdon|3\n|\n|-weather|Sandstorm|[upkeep]\n|upkeep\n|inactive|Maestro KillerX has 120 seconds left.\n|\n|t:|1700265275\n|switch|p2a: Probopass|Probopass, F|100\/100\n|turn|6\n|\n|t:|1700265287\n|move|p1a: Torterra|Headlong Rush|p2a: Probopass\n|-supereffective|p2a: Probopass\n|-damage|p2a: Probopass|0 fnt\n|-unboost|p1a: Torterra|def|1\n|-unboost|p1a: Torterra|spd|1\n|faint|p2a: Probopass\n|\n|-weather|Sandstorm|[upkeep]\n|upkeep\n|\n|t:|1700265299\n|switch|p2a: Lycanroc|Lycanroc, M, shiny|100\/100\n|turn|7\n|\n|t:|1700265314\n|move|p2a: Lycanroc|Sucker Punch|p1a: Torterra\n|-damage|p1a: Torterra|62\/100\n|move|p1a: Torterra|Bullet Seed|p2a: Lycanroc\n|-supereffective|p2a: Lycanroc\n|-damage|p2a: Lycanroc|12\/100\n|-supereffective|p2a: Lycanroc\n|-damage|p2a: Lycanroc|0 fnt\n|faint|p2a: Lycanroc\n|-hitcount|p2: Lycanroc|2\n|\n|-weather|Sandstorm|[upkeep]\n|upkeep\n|\n|t:|1700265327\n|switch|p2a: Volcanion|Volcanion|100\/100\n|turn|8\n|\n|t:|1700265340\n|move|p1a: Torterra|Rock Blast|p2a: Volcanion\n|-supereffective|p2a: Volcanion\n|-damage|p2a: Volcanion|49\/100\n|-supereffective|p2a: Volcanion\n|-damage|p2a: Volcanion|0 fnt\n|faint|p2a: Volcanion\n|-hitcount|p2: Volcanion|2\n|\n|-weather|Sandstorm|[upkeep]\n|upkeep\n|\n|t:|1700265349\n|switch|p2a: Komala|Komala, M|100\/100\n|-ability|p2a: Komala|Comatose\n|turn|9\n|\n|t:|1700265374\n|move|p1a: Torterra|Headlong Rush|p2a: Komala\n|-damage|p2a: Komala|0 fnt\n|-unboost|p1a: Torterra|def|1\n|-unboost|p1a: Torterra|spd|1\n|faint|p2a: Komala\n|\n|win|Mtmc\n|raw|Mtmc's rating: 1116 &rarr; <strong>1134<\/strong><br \/>(+18 for winning)\n|raw|Maestro KillerX's rating: 1017 &rarr; <strong>1008<\/strong><br \/>(-9 for losing)\n","uploadtime":1700265381,"views":14,"p1id":"mtmc","p2id":"maestrokillerx","formatid":"gen9ou","rating":1008,"private":0,"password":""}