{"id":"gen9ou-1994107963","p1":"Heihachi Mishima","p2":"Nerdiestyt","format":"[Gen 9] OU","log":"|j|\u2606Heihachi Mishima\n|j|\u2606Nerdiestyt\n|t:|1700407787\n|gametype|singles\n|player|p1|Heihachi Mishima|bruno-gen2|1444\n|player|p2|Nerdiestyt|lucas|1384\n|teamsize|p1|6\n|teamsize|p2|6\n|gen|9\n|tier|[Gen 9] OU\n|rated|\n|rule|Sleep Clause Mod: Limit one foe put to sleep\n|rule|Species Clause: Limit one of each Pok\u00e9mon\n|rule|OHKO Clause: OHKO moves are banned\n|rule|Evasion Items Clause: Evasion items are banned\n|rule|Evasion Moves Clause: Evasion moves are banned\n|rule|Endless Battle Clause: Forcing endless battles is banned\n|rule|HP Percentage Mod: HP is shown in percentages\n|clearpoke\n|poke|p1|Sinistcha-Masterpiece|\n|poke|p1|Rillaboom, M|\n|poke|p1|Tyranitar, M|\n|poke|p1|Heatran, M|\n|poke|p1|Gholdengo|\n|poke|p1|Muk-Alola, F|\n|poke|p2|Dragapult, F|\n|poke|p2|Infernape, M|\n|poke|p2|Grimmsnarl, M|\n|poke|p2|Ribombee, M|\n|poke|p2|Great Tusk|\n|poke|p2|Gholdengo|\n|teampreview\n|inactive|Battle timer is ON: inactive players will automatically lose when time's up. (requested by Heihachi Mishima)\n|\n|t:|1700407802\n|start\n|switch|p1a: Reiner \ud83d\uddff|Tyranitar, M|100\/100\n|switch|p2a: Infernape|Infernape, M|100\/100\n|-weather|Sandstorm|[from] ability: Sand Stream|[of] p1a: Reiner \ud83d\uddff\n|turn|1\n|\n|t:|1700407808\n|switch|p1a: Cosmo \ud83c\udf75|Sinistcha-Masterpiece|100\/100\n|move|p2a: Infernape|U-turn|p1a: Cosmo \ud83c\udf75\n|-damage|p1a: Cosmo \ud83c\udf75|75\/100\n|\n|t:|1700407816\n|switch|p2a: Dragapult|Dragapult, F|100\/100|[from] U-turn\n|\n|-weather|Sandstorm|[upkeep]\n|-damage|p2a: Dragapult|95\/100|[from] Sandstorm\n|-damage|p1a: Cosmo \ud83c\udf75|69\/100|[from] Sandstorm\n|upkeep\n|turn|2\n|\n|t:|1700407823\n|switch|p1a: Magellan \u2623\ufe0f|Muk-Alola, F|100\/100\n|move|p2a: Dragapult|U-turn|p1a: Magellan \u2623\ufe0f\n|-damage|p1a: Magellan \u2623\ufe0f|83\/100\n|\n|t:|1700407828\n|switch|p2a: Great Tusk|Great Tusk|100\/100|[from] U-turn\n|-enditem|p2a: Great Tusk|Booster Energy\n|-activate|p2a: Great Tusk|ability: Protosynthesis|[fromitem]\n|-start|p2a: Great Tusk|protosynthesisatk\n|\n|-weather|Sandstorm|[upkeep]\n|-damage|p1a: Magellan \u2623\ufe0f|77\/100|[from] Sandstorm\n|-heal|p1a: Magellan \u2623\ufe0f|83\/100|[from] item: Leftovers\n|upkeep\n|turn|3\n|\n|t:|1700407833\n|switch|p1a: Akainu \ud83c\udf0b|Heatran, M|100\/100\n|-item|p1a: Akainu \ud83c\udf0b|Air Balloon\n|move|p2a: Great Tusk|Headlong Rush|p1a: Akainu \ud83c\udf0b\n|-immune|p1a: Akainu \ud83c\udf0b\n|\n|-weather|Sandstorm|[upkeep]\n|upkeep\n|turn|4\n|\n|t:|1700407836\n|move|p2a: Great Tusk|Rapid Spin|p1a: Akainu \ud83c\udf0b\n|-resisted|p1a: Akainu \ud83c\udf0b\n|-crit|p1a: Akainu \ud83c\udf0b\n|-damage|p1a: Akainu \ud83c\udf0b|83\/100\n|-boost|p2a: Great Tusk|spe|1\n|-enditem|p1a: Akainu \ud83c\udf0b|Air Balloon\n|move|p1a: Akainu \ud83c\udf0b|Magma Storm|p2a: Great Tusk\n|-damage|p2a: Great Tusk|28\/100\n|-activate|p2a: Great Tusk|move: Magma Storm|[of] p1a: Akainu \ud83c\udf0b\n|\n|-weather|Sandstorm|[upkeep]\n|-damage|p2a: Great Tusk|15\/100|[from] move: Magma Storm|[partiallytrapped]\n|upkeep\n|turn|5\n|\n|t:|1700407856\n|switch|p1a: Zeke \ud83e\udd8d|Rillaboom, M|100\/100\n|-fieldstart|move: Grassy Terrain|[from] ability: Grassy Surge|[of] p1a: Zeke \ud83e\udd8d\n|move|p2a: Great Tusk|Headlong Rush|p1a: Zeke \ud83e\udd8d\n|-resisted|p1a: Zeke \ud83e\udd8d\n|-damage|p1a: Zeke \ud83e\udd8d|57\/100\n|-unboost|p2a: Great Tusk|def|1\n|-unboost|p2a: Great Tusk|spd|1\n|\n|-weather|none\n|-heal|p2a: Great Tusk|22\/100|[from] Grassy Terrain\n|-heal|p1a: Zeke \ud83e\udd8d|63\/100|[from] Grassy Terrain\n|-end|p2a: Great Tusk|Magma Storm|[partiallytrapped]|[silent]\n|upkeep\n|turn|6\n|\n|t:|1700407865\n|move|p1a: Zeke \ud83e\udd8d|Grassy Glide|p2a: Great Tusk\n|-supereffective|p2a: Great Tusk\n|-damage|p2a: Great Tusk|0 fnt\n|faint|p2a: Great Tusk\n|-end|p2a: Great Tusk|Protosynthesis|[silent]\n|\n|-heal|p1a: Zeke \ud83e\udd8d|69\/100|[from] Grassy Terrain\n|upkeep\n|\n|t:|1700407868\n|switch|p2a: Grimmsnarl|Grimmsnarl, M|100\/100\n|turn|7\n|\n|t:|1700407871\n|move|p1a: Zeke \ud83e\udd8d|Grassy Glide|p2a: Grimmsnarl\n|-damage|p2a: Grimmsnarl|27\/100\n|move|p2a: Grimmsnarl|Reflect|p2a: Grimmsnarl\n|-sidestart|p2: Nerdiestyt|Reflect\n|\n|-heal|p1a: Zeke \ud83e\udd8d|76\/100|[from] Grassy Terrain\n|-heal|p2a: Grimmsnarl|33\/100|[from] Grassy Terrain\n|upkeep\n|turn|8\n|\n|t:|1700407880\n|move|p1a: Zeke \ud83e\udd8d|Grassy Glide|p2a: Grimmsnarl\n|-damage|p2a: Grimmsnarl|0 fnt\n|faint|p2a: Grimmsnarl\n|\n|-heal|p1a: Zeke \ud83e\udd8d|82\/100|[from] Grassy Terrain\n|upkeep\n|\n|t:|1700407883\n|switch|p2a: Infernape|Infernape, M|100\/100\n|turn|9\n|\n|t:|1700407897\n|switch|p1a: Reiner \ud83d\uddff|Tyranitar, M|100\/100\n|-weather|Sandstorm|[from] ability: Sand Stream|[of] p1a: Reiner \ud83d\uddff\n|move|p2a: Infernape|Close Combat|p1a: Reiner \ud83d\uddff\n|-supereffective|p1a: Reiner \ud83d\uddff\n|-damage|p1a: Reiner \ud83d\uddff|0 fnt\n|-unboost|p2a: Infernape|def|1\n|-unboost|p2a: Infernape|spd|1\n|faint|p1a: Reiner \ud83d\uddff\n|\n|-weather|Sandstorm|[upkeep]\n|-damage|p2a: Infernape|94\/100|[from] Sandstorm\n|-heal|p2a: Infernape|100\/100|[from] Grassy Terrain\n|-fieldend|move: Grassy Terrain\n|upkeep\n|\n|t:|1700407909\n|switch|p1a: TracyMinaj \ud83d\udcb0|Gholdengo|100\/100\n|turn|10\n|\n|t:|1700407914\n|switch|p2a: Dragapult|Dragapult, F|95\/100\n|move|p1a: TracyMinaj \ud83d\udcb0|Shadow Ball|p2a: Dragapult\n|-supereffective|p2a: Dragapult\n|-damage|p2a: Dragapult|0 fnt\n|faint|p2a: Dragapult\n|\n|-weather|Sandstorm|[upkeep]\n|upkeep\n|\n|t:|1700407917\n|switch|p2a: Infernape|Infernape, M|100\/100\n|turn|11\n|inactive|Heihachi Mishima has 120 seconds left.\n|\n|t:|1700407954\n|switch|p1a: Akainu \ud83c\udf0b|Heatran, M|83\/100\n|move|p2a: Infernape|Knock Off|p1a: Akainu \ud83c\udf0b\n|-damage|p1a: Akainu \ud83c\udf0b|53\/100\n|\n|-weather|Sandstorm|[upkeep]\n|-damage|p2a: Infernape|94\/100|[from] Sandstorm\n|upkeep\n|turn|12\n|inactive|Heihachi Mishima has 120 seconds left.\n|\n|t:|1700407970\n|-terastallize|p2a: Infernape|Dark\n|move|p2a: Infernape|Knock Off|p1a: Akainu \ud83c\udf0b\n|-damage|p1a: Akainu \ud83c\udf0b|8\/100\n|-status|p2a: Infernape|brn|[from] ability: Flame Body|[of] p1a: Akainu \ud83c\udf0b\n|move|p1a: Akainu \ud83c\udf0b|Earth Power|p2a: Infernape\n|-damage|p2a: Infernape|45\/100 brn\n|\n|-weather|Sandstorm|[upkeep]\n|-damage|p2a: Infernape|39\/100 brn|[from] Sandstorm\n|-damage|p2a: Infernape|33\/100 brn|[from] brn\n|upkeep\n|turn|13\n|\n|t:|1700407977\n|move|p2a: Infernape|Knock Off|p1a: Akainu \ud83c\udf0b\n|-damage|p1a: Akainu \ud83c\udf0b|0 fnt\n|faint|p1a: Akainu \ud83c\udf0b\n|\n|-weather|none\n|-damage|p2a: Infernape|27\/100 brn|[from] brn\n|upkeep\n|inactive|Heihachi Mishima has 120 seconds left.\n|\n|t:|1700408008\n|switch|p1a: TracyMinaj \ud83d\udcb0|Gholdengo|100\/100\n|turn|14\n|\n|t:|1700408012\n|move|p1a: TracyMinaj \ud83d\udcb0|Make It Rain|p2a: Infernape\n|-damage|p2a: Infernape|0 fnt\n|-unboost|p1a: TracyMinaj \ud83d\udcb0|spa|1\n|faint|p2a: Infernape\n|\n|-sideend|p2: Nerdiestyt|Reflect\n|upkeep\n|\n|t:|1700408016\n|switch|p2a: Gholdengo|Gholdengo|100\/100\n|-item|p2a: Gholdengo|Air Balloon\n|turn|15\n|\n|t:|1700408020\n|switch|p1a: Magellan \u2623\ufe0f|Muk-Alola, F|83\/100\n|move|p2a: Gholdengo|Shadow Ball|p1a: Magellan \u2623\ufe0f\n|-resisted|p1a: Magellan \u2623\ufe0f\n|-damage|p1a: Magellan \u2623\ufe0f|71\/100\n|-unboost|p1a: Magellan \u2623\ufe0f|spd|1\n|\n|-heal|p1a: Magellan \u2623\ufe0f|77\/100|[from] item: Leftovers\n|upkeep\n|turn|16\n|\n|t:|1700408028\n|move|p1a: Magellan \u2623\ufe0f|Protect|p1a: Magellan \u2623\ufe0f\n|-singleturn|p1a: Magellan \u2623\ufe0f|Protect\n|move|p2a: Gholdengo|Focus Blast|p1a: Magellan \u2623\ufe0f\n|-activate|p1a: Magellan \u2623\ufe0f|move: Protect\n|\n|-heal|p1a: Magellan \u2623\ufe0f|83\/100|[from] item: Leftovers\n|upkeep\n|turn|17\n|\n|t:|1700408041\n|switch|p1a: TracyMinaj \ud83d\udcb0|Gholdengo|100\/100\n|move|p2a: Gholdengo|Focus Blast|p1a: TracyMinaj \ud83d\udcb0\n|-immune|p1a: TracyMinaj \ud83d\udcb0\n|\n|upkeep\n|turn|18\n|\n|t:|1700408044\n|move|p1a: TracyMinaj \ud83d\udcb0|Shadow Ball|p2a: Gholdengo\n|-supereffective|p2a: Gholdengo\n|-damage|p2a: Gholdengo|5\/100\n|-enditem|p2a: Gholdengo|Air Balloon\n|move|p2a: Gholdengo|Shadow Ball|p1a: TracyMinaj \ud83d\udcb0\n|-supereffective|p1a: TracyMinaj \ud83d\udcb0\n|-damage|p1a: TracyMinaj \ud83d\udcb0|0 fnt\n|faint|p1a: TracyMinaj \ud83d\udcb0\n|\n|upkeep\n|\n|t:|1700408052\n|switch|p1a: Magellan \u2623\ufe0f|Muk-Alola, F|83\/100\n|turn|19\n|\n|t:|1700408057\n|move|p1a: Magellan \u2623\ufe0f|Protect|p1a: Magellan \u2623\ufe0f\n|-singleturn|p1a: Magellan \u2623\ufe0f|Protect\n|move|p2a: Gholdengo|Nasty Plot|p2a: Gholdengo\n|-boost|p2a: Gholdengo|spa|2\n|\n|-heal|p1a: Magellan \u2623\ufe0f|90\/100|[from] item: Leftovers\n|upkeep\n|turn|20\n|\n|t:|1700408061\n|move|p2a: Gholdengo|Make It Rain|p1a: Magellan \u2623\ufe0f\n|-damage|p1a: Magellan \u2623\ufe0f|19\/100\n|-unboost|p2a: Gholdengo|spa|1\n|move|p1a: Magellan \u2623\ufe0f|Knock Off|p2a: Gholdengo\n|-supereffective|p2a: Gholdengo\n|-damage|p2a: Gholdengo|0 fnt\n|faint|p2a: Gholdengo\n|\n|-heal|p1a: Magellan \u2623\ufe0f|26\/100|[from] item: Leftovers\n|upkeep\n|\n|t:|1700408065\n|switch|p2a: Ribombee|Ribombee, M|100\/100\n|turn|21\n|\n|t:|1700408070\n|move|p2a: Ribombee|Moonblast|p1a: Magellan \u2623\ufe0f\n|-damage|p1a: Magellan \u2623\ufe0f|1\/100\n|-unboost|p1a: Magellan \u2623\ufe0f|spa|1\n|move|p1a: Magellan \u2623\ufe0f|Poison Jab|p2a: Ribombee\n|-supereffective|p2a: Ribombee\n|-enditem|p2a: Ribombee|Focus Sash\n|-damage|p2a: Ribombee|1\/100\n|\n|-heal|p1a: Magellan \u2623\ufe0f|7\/100|[from] item: Leftovers\n|upkeep\n|turn|22\n|\n|t:|1700408076\n|move|p2a: Ribombee|Moonblast|p1a: Magellan \u2623\ufe0f\n|-damage|p1a: Magellan \u2623\ufe0f|0 fnt\n|faint|p1a: Magellan \u2623\ufe0f\n|\n|upkeep\n|\n|t:|1700408077\n|switch|p1a: Zeke \ud83e\udd8d|Rillaboom, M|82\/100\n|-fieldstart|move: Grassy Terrain|[from] ability: Grassy Surge|[of] p1a: Zeke \ud83e\udd8d\n|turn|23\n|\n|t:|1700408080\n|-terastallize|p1a: Zeke \ud83e\udd8d|Grass\n|move|p1a: Zeke \ud83e\udd8d|Grassy Glide|p2a: Ribombee\n|-resisted|p2a: Ribombee\n|-damage|p2a: Ribombee|0 fnt\n|faint|p2a: Ribombee\n|\n|win|Heihachi Mishima\n|raw|Heihachi Mishima's rating: 1444 &rarr; <strong>1461<\/strong><br \/>(+17 for winning)\n|raw|Nerdiestyt's rating: 1384 &rarr; <strong>1367<\/strong><br \/>(-17 for losing)\n|l|\u2606Nerdiestyt\n","uploadtime":1700408083,"views":6,"p1id":"heihachimishima","p2id":"nerdiestyt","formatid":"gen9ou","rating":1367,"private":0,"password":""}