{"id":"gen9ou-1996002130","p1":"Krokorockin","p2":"MonadoMaelstrom","format":"[Gen 9] OU","log":"|j|\u2606Krokorockin\n|j|\u2606MonadoMaelstrom\n|t:|1700627746\n|gametype|singles\n|player|p1|Krokorockin|guitarist-gen4|1290\n|player|p2|MonadoMaelstrom|sonia-professor|1201\n|teamsize|p1|6\n|teamsize|p2|6\n|gen|9\n|tier|[Gen 9] OU\n|rated|\n|rule|Sleep Clause Mod: Limit one foe put to sleep\n|rule|Species Clause: Limit one of each Pok\u00e9mon\n|rule|OHKO Clause: OHKO moves are banned\n|rule|Evasion Items Clause: Evasion items are banned\n|rule|Evasion Moves Clause: Evasion moves are banned\n|rule|Endless Battle Clause: Forcing endless battles is banned\n|rule|HP Percentage Mod: HP is shown in percentages\n|clearpoke\n|poke|p1|Ribombee, F|\n|poke|p1|Samurott-Hisui, M|\n|poke|p1|Gholdengo|\n|poke|p1|Great Tusk|\n|poke|p1|Haxorus, M|\n|poke|p1|Manaphy|\n|poke|p2|Kingambit, M|\n|poke|p2|Great Tusk|\n|poke|p2|Corviknight, M|\n|poke|p2|Iron Valiant|\n|poke|p2|Zapdos|\n|poke|p2|Gholdengo|\n|teampreview\n|inactive|Battle timer is ON: inactive players will automatically lose when time's up. (requested by MonadoMaelstrom)\n|\n|t:|1700627764\n|start\n|switch|p1a: Barry B|Ribombee, F|100\/100\n|switch|p2a: Gholdengo|Gholdengo|100\/100\n|turn|1\n|\n|t:|1700627773\n|switch|p1a: The Dude|Gholdengo|100\/100\n|move|p2a: Gholdengo|Make It Rain|p1a: The Dude\n|-resisted|p1a: The Dude\n|-damage|p1a: The Dude|62\/100\n|-unboost|p2a: Gholdengo|spa|1\n|\n|upkeep\n|turn|2\n|\n|t:|1700627780\n|switch|p2a: Kingambit|Kingambit, M|100\/100\n|move|p1a: The Dude|Trick|p2a: Kingambit\n|-activate|p1a: The Dude|move: Trick|[of] p2a: Kingambit\n|-item|p2a: Kingambit|Choice Scarf|[from] move: Trick\n|-item|p1a: The Dude|Leftovers|[from] move: Trick\n|\n|-heal|p1a: The Dude|68\/100|[from] item: Leftovers\n|upkeep\n|turn|3\n|\n|t:|1700627793\n|switch|p1a: Manny|Great Tusk|100\/100\n|move|p2a: Kingambit|Kowtow Cleave|p1a: Manny\n|-resisted|p1a: Manny\n|-damage|p1a: Manny|89\/100\n|\n|-heal|p1a: Manny|95\/100|[from] item: Leftovers\n|upkeep\n|turn|4\n|\n|t:|1700627801\n|-end|p2a: Kingambit|fallenundefined|[silent]\n|switch|p2a: Zapdos|Zapdos|100\/100\n|move|p1a: Manny|Ice Spinner|p2a: Zapdos\n|-supereffective|p2a: Zapdos\n|-damage|p2a: Zapdos|52\/100\n|-status|p1a: Manny|par|[from] ability: Static|[of] p2a: Zapdos\n|\n|-heal|p1a: Manny|100\/100 par|[from] item: Leftovers\n|upkeep\n|turn|5\n|\n|t:|1700627809\n|move|p2a: Zapdos|Hurricane|p1a: Manny\n|-supereffective|p1a: Manny\n|-damage|p1a: Manny|0 fnt\n|faint|p1a: Manny\n|-end|p1a: Manny|Protosynthesis|[silent]\n|\n|upkeep\n|\n|t:|1700627814\n|switch|p1a: Hax R Us|Haxorus, M|100\/100\n|-ability|p1a: Hax R Us|Mold Breaker\n|turn|6\n|\n|t:|1700627832\n|switch|p2a: Great Tusk|Great Tusk|100\/100\n|-enditem|p2a: Great Tusk|Booster Energy\n|-activate|p2a: Great Tusk|ability: Protosynthesis|[fromitem]\n|-start|p2a: Great Tusk|protosynthesisatk\n|-terastallize|p1a: Hax R Us|Steel\n|move|p1a: Hax R Us|Swords Dance|p1a: Hax R Us\n|-boost|p1a: Hax R Us|atk|2\n|\n|upkeep\n|turn|7\n|\n|t:|1700627839\n|move|p1a: Hax R Us|Iron Head|p2a: Great Tusk\n|-damage|p2a: Great Tusk|28\/100\n|move|p2a: Great Tusk|Headlong Rush|p1a: Hax R Us\n|-supereffective|p1a: Hax R Us\n|-damage|p1a: Hax R Us|0 fnt\n|-unboost|p2a: Great Tusk|def|1\n|-unboost|p2a: Great Tusk|spd|1\n|faint|p1a: Hax R Us\n|\n|upkeep\n|\n|t:|1700627844\n|switch|p1a: Barry B|Ribombee, F|100\/100\n|turn|8\n|\n|t:|1700627852\n|-end|p2a: Great Tusk|Protosynthesis|[silent]\n|switch|p2a: Gholdengo|Gholdengo|100\/100\n|move|p1a: Barry B|Quiver Dance|p1a: Barry B\n|-boost|p1a: Barry B|spa|1\n|-boost|p1a: Barry B|spd|1\n|-boost|p1a: Barry B|spe|1\n|\n|upkeep\n|turn|9\n|\n|t:|1700627856\n|move|p1a: Barry B|Moonblast|p2a: Gholdengo\n|-resisted|p2a: Gholdengo\n|-damage|p2a: Gholdengo|65\/100\n|move|p2a: Gholdengo|Make It Rain|p1a: Barry B\n|-supereffective|p1a: Barry B\n|-enditem|p1a: Barry B|Focus Sash\n|-damage|p1a: Barry B|1\/100\n|-unboost|p2a: Gholdengo|spa|1\n|\n|upkeep\n|turn|10\n|\n|t:|1700627860\n|move|p1a: Barry B|Sticky Web|p2a: Gholdengo\n|-sidestart|p2: MonadoMaelstrom|move: Sticky Web\n|move|p2a: Gholdengo|Make It Rain|p1a: Barry B\n|-supereffective|p1a: Barry B\n|-damage|p1a: Barry B|0 fnt\n|-unboost|p2a: Gholdengo|spa|1\n|faint|p1a: Barry B\n|\n|upkeep\n|\n|t:|1700627865\n|switch|p1a: Girlaphy|Manaphy|100\/100\n|turn|11\n|\n|t:|1700627869\n|switch|p2a: Corviknight|Corviknight, M|100\/100\n|-ability|p2a: Corviknight|Pressure\n|move|p1a: Girlaphy|Take Heart|p1a: Girlaphy\n|-boost|p1a: Girlaphy|spa|1\n|-boost|p1a: Girlaphy|spd|1\n|\n|upkeep\n|turn|12\n|\n|t:|1700627875\n|move|p1a: Girlaphy|Acid Armor|p1a: Girlaphy\n|-boost|p1a: Girlaphy|def|2\n|move|p2a: Corviknight|Defog|p1a: Girlaphy\n|-unboost|p1a: Girlaphy|evasion|1\n|-sideend|p2: MonadoMaelstrom|Sticky Web|[from] move: Defog|[of] p2a: Corviknight\n|\n|upkeep\n|turn|13\n|\n|t:|1700627885\n|switch|p2a: Gholdengo|Gholdengo|65\/100\n|move|p1a: Girlaphy|Acid Armor|p1a: Girlaphy\n|-boost|p1a: Girlaphy|def|2\n|\n|upkeep\n|turn|14\n|\n|t:|1700627890\n|move|p2a: Gholdengo|Trick|p1a: Girlaphy\n|-activate|p2a: Gholdengo|move: Trick|[of] p1a: Girlaphy\n|-item|p1a: Girlaphy|Choice Scarf|[from] move: Trick\n|-item|p2a: Gholdengo|Leftovers|[from] move: Trick\n|move|p1a: Girlaphy|Take Heart|p1a: Girlaphy\n|-boost|p1a: Girlaphy|spa|1\n|-boost|p1a: Girlaphy|spd|1\n|\n|-heal|p2a: Gholdengo|71\/100|[from] item: Leftovers\n|upkeep\n|turn|15\n|\n|t:|1700627901\n|move|p1a: Girlaphy|Take Heart|p1a: Girlaphy\n|-boost|p1a: Girlaphy|spa|1\n|-boost|p1a: Girlaphy|spd|1\n|move|p2a: Gholdengo|Shadow Ball|p1a: Girlaphy\n|-damage|p1a: Girlaphy|84\/100\n|\n|-heal|p2a: Gholdengo|77\/100|[from] item: Leftovers\n|upkeep\n|turn|16\n|\n|t:|1700627903\n|switch|p2a: Kingambit|Kingambit, M|100\/100\n|move|p1a: Girlaphy|Take Heart|p1a: Girlaphy\n|-boost|p1a: Girlaphy|spa|1\n|-boost|p1a: Girlaphy|spd|1\n|\n|upkeep\n|turn|17\n|\n|t:|1700627907\n|move|p1a: Girlaphy|Take Heart|p1a: Girlaphy\n|-boost|p1a: Girlaphy|spa|1\n|-boost|p1a: Girlaphy|spd|1\n|move|p2a: Kingambit|Swords Dance|p2a: Kingambit\n|-boost|p2a: Kingambit|atk|2\n|\n|upkeep\n|turn|18\n|\n|t:|1700627914\n|switch|p1a: Memories Broken|Samurott-Hisui, M|100\/100\n|-end|p2a: Kingambit|fallenundefined|[silent]\n|switch|p2a: Zapdos|Zapdos|52\/100\n|\n|upkeep\n|turn|19\n|\n|t:|1700627918\n|move|p1a: Memories Broken|Ceaseless Edge|p2a: Zapdos\n|-damage|p2a: Zapdos|7\/100\n|-sidestart|p2: MonadoMaelstrom|Spikes\n|move|p2a: Zapdos|Thunderbolt|p1a: Memories Broken\n|-supereffective|p1a: Memories Broken\n|-damage|p1a: Memories Broken|0 fnt\n|faint|p1a: Memories Broken\n|\n|upkeep\n|\n|t:|1700627924\n|switch|p1a: The Dude|Gholdengo|68\/100\n|turn|20\n|\n|t:|1700627928\n|switch|p2a: Corviknight|Corviknight, M|100\/100\n|-ability|p2a: Corviknight|Pressure\n|move|p1a: The Dude|Trick|p2a: Corviknight\n|-activate|p1a: The Dude|move: Trick|[of] p2a: Corviknight\n|-item|p2a: Corviknight|Leftovers|[from] move: Trick\n|-item|p1a: The Dude|Rocky Helmet|[from] move: Trick\n|\n|upkeep\n|turn|21\n|\n|t:|1700627938\n|switch|p2a: Kingambit|Kingambit, M|100\/100\n|-damage|p2a: Kingambit|88\/100|[from] Spikes\n|move|p1a: The Dude|Trick|p2a: Kingambit\n|-activate|p1a: The Dude|move: Trick|[of] p2a: Kingambit\n|-item|p2a: Kingambit|Rocky Helmet|[from] move: Trick\n|-item|p1a: The Dude|Choice Scarf|[from] move: Trick\n|\n|upkeep\n|turn|22\n|-message|Krokorockin forfeited.\n|\n|win|MonadoMaelstrom\n|raw|Krokorockin's rating: 1290 &rarr; <strong>1259<\/strong><br \/>(-31 for losing)\n|raw|MonadoMaelstrom's rating: 1201 &rarr; <strong>1232<\/strong><br \/>(+31 for winning)\n|l|\u2606Krokorockin\n","uploadtime":1700627954,"views":4,"p1id":"krokorockin","p2id":"monadomaelstrom","formatid":"gen9ou","rating":1232,"private":0,"password":""}