{"id":"gen9ou-1989709063","p1":"teste com Biden","p2":"OlhaAPedra3","format":"[Gen 9] OU","log":"|j|\u2606teste com Biden\n|j|\u2606OlhaAPedra3\n|t:|1699888929\n|gametype|singles\n|player|p1|teste com Biden|169|1259\n|player|p2|OlhaAPedra3|youngster-gen4dp|1186\n|teamsize|p1|6\n|teamsize|p2|6\n|gen|9\n|tier|[Gen 9] OU\n|rated|\n|rule|Sleep Clause Mod: Limit one foe put to sleep\n|rule|Species Clause: Limit one of each Pok\u00e9mon\n|rule|OHKO Clause: OHKO moves are banned\n|rule|Evasion Items Clause: Evasion items are banned\n|rule|Evasion Moves Clause: Evasion moves are banned\n|rule|Endless Battle Clause: Forcing endless battles is banned\n|rule|HP Percentage Mod: HP is shown in percentages\n|clearpoke\n|poke|p1|Ogerpon-Wellspring, F|\n|poke|p1|Iron Valiant|\n|poke|p1|Dragonite, M|\n|poke|p1|Walking Wake|\n|poke|p1|Forretress, M|\n|poke|p1|Gholdengo|\n|poke|p2|Torkoal, F|\n|poke|p2|Walking Wake|\n|poke|p2|Hatterene, F|\n|poke|p2|Scizor, F|\n|poke|p2|Great Tusk|\n|poke|p2|Brute Bonnet|\n|teampreview\n|inactive|Battle timer is ON: inactive players will automatically lose when time's up. (requested by OlhaAPedra3)\n|\n|t:|1699888941\n|start\n|switch|p1a: Forretress|Forretress, M|100\/100\n|switch|p2a: Torkoal|Torkoal, F|100\/100\n|-weather|SunnyDay|[from] ability: Drought|[of] p2a: Torkoal\n|turn|1\n|\n|t:|1699888948\n|switch|p2a: Hatterene|Hatterene, F|100\/100\n|move|p1a: Forretress|Stealth Rock|p2a: Hatterene\n|move|p2a: Hatterene|Stealth Rock|p1a: Forretress|[from]ability: Magic Bounce\n|-sidestart|p1: teste com Biden|move: Stealth Rock\n|\n|-weather|SunnyDay|[upkeep]\n|upkeep\n|turn|2\n|\n|t:|1699888952\n|move|p2a: Hatterene|Nuzzle|p1a: Forretress\n|-crit|p1a: Forretress\n|-damage|p1a: Forretress|95\/100\n|-status|p1a: Forretress|par\n|cant|p1a: Forretress|par\n|\n|-weather|SunnyDay|[upkeep]\n|upkeep\n|turn|3\n|\n|t:|1699888958\n|move|p2a: Hatterene|Psychic|p1a: Forretress\n|-resisted|p1a: Forretress\n|-damage|p1a: Forretress|71\/100 par\n|cant|p1a: Forretress|par\n|\n|-weather|SunnyDay|[upkeep]\n|upkeep\n|turn|4\n|c|\u2606teste com Biden|forretress earning the shitmon status\n|\n|t:|1699888981\n|move|p2a: Hatterene|Psychic|p1a: Forretress\n|-resisted|p1a: Forretress\n|-damage|p1a: Forretress|44\/100 par\n|cant|p1a: Forretress|par\n|\n|-weather|SunnyDay|[upkeep]\n|upkeep\n|turn|5\n|\n|t:|1699888988\n|move|p2a: Hatterene|Psychic|p1a: Forretress\n|-resisted|p1a: Forretress\n|-damage|p1a: Forretress|18\/100 par\n|move|p1a: Forretress|Rapid Spin|p2a: Hatterene\n|-damage|p2a: Hatterene|92\/100\n|-boost|p1a: Forretress|spe|1\n|-sideend|p1: teste com Biden|Stealth Rock|[from] move: Rapid Spin|[of] p1a: Forretress\n|-enditem|p2a: Hatterene|Eject Button\n|\n|t:|1699889001\n|switch|p2a: Great Tusk|Great Tusk|100\/100\n|-activate|p2a: Great Tusk|ability: Protosynthesis\n|-start|p2a: Great Tusk|protosynthesisspe\n|\n|-weather|SunnyDay|[upkeep]\n|upkeep\n|turn|6\n|-enditem|p1a: Forretress|Custap Berry|[eat]\n|-activate|p1a: Forretress|item: Custap Berry|[consumed]\n|\n|t:|1699889008\n|move|p1a: Forretress|Steel Beam|p2a: Great Tusk|[miss]\n|-miss|p1a: Forretress|p2a: Great Tusk\n|-damage|p1a: Forretress|0 fnt|[from] steelbeam\n|faint|p1a: Forretress\n|move|p2a: Great Tusk|Close Combat|p1: Forretress|[notarget]\n|-fail|p2a: Great Tusk\n|\n|-weather|SunnyDay|[upkeep]\n|upkeep\n|\n|t:|1699889034\n|switch|p1a: Walking Wake|Walking Wake|100\/100\n|-activate|p1a: Walking Wake|ability: Protosynthesis\n|-start|p1a: Walking Wake|protosynthesisspe\n|turn|7\n|\n|t:|1699889044\n|-end|p2a: Great Tusk|Protosynthesis|[silent]\n|switch|p2a: Brute Bonnet|Brute Bonnet|100\/100\n|-activate|p2a: Brute Bonnet|ability: Protosynthesis\n|-start|p2a: Brute Bonnet|protosynthesisatk\n|move|p1a: Walking Wake|Draco Meteor|p2a: Brute Bonnet\n|-damage|p2a: Brute Bonnet|44\/100\n|-unboost|p1a: Walking Wake|spa|2\n|\n|-weather|SunnyDay|[upkeep]\n|upkeep\n|turn|8\n|inactive|teste com Biden has 120 seconds left.\n|\n|t:|1699889059\n|move|p1a: Walking Wake|Flamethrower|p2a: Brute Bonnet\n|-supereffective|p2a: Brute Bonnet\n|-damage|p2a: Brute Bonnet|4\/100\n|move|p2a: Brute Bonnet|Spore|p1a: Walking Wake\n|-status|p1a: Walking Wake|slp|[from] move: Spore\n|\n|-weather|none\n|-end|p1a: Walking Wake|Protosynthesis\n|-end|p2a: Brute Bonnet|Protosynthesis\n|upkeep\n|-enditem|p1a: Walking Wake|Booster Energy\n|-activate|p1a: Walking Wake|ability: Protosynthesis|[fromitem]\n|-start|p1a: Walking Wake|protosynthesisspe\n|turn|9\n|inactive|teste com Biden has 120 seconds left.\n|\n|t:|1699889078\n|cant|p1a: Walking Wake|slp\n|move|p2a: Brute Bonnet|Bullet Seed|p1a: Walking Wake\n|-damage|p1a: Walking Wake|86\/100 slp\n|-damage|p1a: Walking Wake|70\/100 slp\n|-damage|p1a: Walking Wake|53\/100 slp\n|-damage|p1a: Walking Wake|39\/100 slp\n|-damage|p1a: Walking Wake|22\/100 slp\n|-hitcount|p1a: Walking Wake|5\n|\n|upkeep\n|turn|10\n|inactive|teste com Biden has 120 seconds left.\n|\n|t:|1699889085\n|-end|p1a: Walking Wake|Protosynthesis|[silent]\n|switch|p1a: Dragonite|Dragonite, M|100\/100\n|move|p2a: Brute Bonnet|Bullet Seed|p1a: Dragonite\n|-resisted|p1a: Dragonite\n|-damage|p1a: Dragonite|99\/100\n|-resisted|p1a: Dragonite\n|-crit|p1a: Dragonite\n|-damage|p1a: Dragonite|94\/100\n|-resisted|p1a: Dragonite\n|-damage|p1a: Dragonite|90\/100\n|-resisted|p1a: Dragonite\n|-damage|p1a: Dragonite|87\/100\n|-hitcount|p1a: Dragonite|4\n|\n|upkeep\n|turn|11\n|\n|t:|1699889092\n|-end|p2a: Brute Bonnet|Protosynthesis|[silent]\n|switch|p2a: Hatterene|Hatterene, F|92\/100\n|move|p1a: Dragonite|Extreme Speed|p2a: Hatterene\n|-damage|p2a: Hatterene|65\/100\n|\n|upkeep\n|turn|12\n|\n|t:|1699889100\n|-terastallize|p1a: Dragonite|Normal\n|move|p1a: Dragonite|Dragon Dance|p1a: Dragonite\n|-boost|p1a: Dragonite|atk|1\n|-boost|p1a: Dragonite|spe|1\n|move|p2a: Hatterene|Nuzzle|p1a: Dragonite\n|-damage|p1a: Dragonite|82\/100\n|-status|p1a: Dragonite|par\n|\n|upkeep\n|turn|13\n|\n|t:|1699889107\n|move|p1a: Dragonite|Extreme Speed|p2a: Hatterene\n|-damage|p2a: Hatterene|5\/100\n|move|p2a: Hatterene|Healing Wish|p2a: Hatterene\n|faint|p2a: Hatterene\n|\n|upkeep\n|\n|t:|1699889114\n|switch|p2a: Great Tusk|Great Tusk|100\/100\n|turn|14\n|c|\u2606teste com Biden|and a low roll let's go\n|\n|t:|1699889125\n|switch|p1a: Ogerpon|Ogerpon-Wellspring, F|100\/100\n|move|p2a: Great Tusk|Close Combat|p1a: Ogerpon\n|-crit|p1a: Ogerpon\n|-damage|p1a: Ogerpon|0 fnt\n|-unboost|p2a: Great Tusk|def|1\n|-unboost|p2a: Great Tusk|spd|1\n|-enditem|p2a: Great Tusk|Eject Pack\n|faint|p1a: Ogerpon\n|\n|t:|1699889131\n|-end|p2a: Great Tusk|Protosynthesis|[silent]\n|switch|p2a: Brute Bonnet|Brute Bonnet|4\/100\n|-heal|p2a: Brute Bonnet|100\/100|[from] move: Healing Wish\n|\n|upkeep\n|-message|teste com Biden forfeited.\n|\n|win|OlhaAPedra3\n|raw|teste com Biden's rating: 1259 &rarr; <strong>1229<\/strong><br \/>(-30 for losing)\n|raw|OlhaAPedra3's rating: 1186 &rarr; <strong>1216<\/strong><br \/>(+30 for winning)\n|l|\u2606teste com Biden\n|j|\u2606teste com Biden\n|player|p1|teste com Biden|169\n","uploadtime":1699889179,"views":14,"p1id":"testecombiden","p2id":"olhaapedra3","formatid":"gen9ou","rating":1216,"private":0,"password":""}