{"id":"gen9ou-1988813735","p1":"Rocketboss09","p2":"bran2264","format":"[Gen 9] OU","log":"|j|\u2606Rocketboss09\n|j|\u2606bran2264\n|t:|1699766995\n|gametype|singles\n|player|p1|Rocketboss09|dawn|1594\n|player|p2|bran2264|fisherman-gen4|1553\n|teamsize|p1|6\n|teamsize|p2|6\n|gen|9\n|tier|[Gen 9] OU\n|rated|\n|rule|Sleep Clause Mod: Limit one foe put to sleep\n|rule|Species Clause: Limit one of each Pok\u00e9mon\n|rule|OHKO Clause: OHKO moves are banned\n|rule|Evasion Items Clause: Evasion items are banned\n|rule|Evasion Moves Clause: Evasion moves are banned\n|rule|Endless Battle Clause: Forcing endless battles is banned\n|rule|HP Percentage Mod: HP is shown in percentages\n|clearpoke\n|poke|p1|Umbreon, M|\n|poke|p1|Quaquaval, M|\n|poke|p1|Glimmora, M|\n|poke|p1|Gyarados, M|\n|poke|p1|Dragonite, M|\n|poke|p1|Hoopa-Unbound|\n|poke|p2|Corviknight, M|\n|poke|p2|Iron Valiant|\n|poke|p2|Heatran, M|\n|poke|p2|Hydreigon, F|\n|poke|p2|Ogerpon-Cornerstone, F|\n|poke|p2|Gholdengo|\n|teampreview\n|inactive|Battle timer is ON: inactive players will automatically lose when time's up. (requested by bran2264)\n|inactive|Rocketboss09 has 120 seconds left.\n|\n|t:|1699767047\n|start\n|switch|p1a: Hoopa|Hoopa-Unbound|100\/100\n|switch|p2a: Hydreigon|Hydreigon, F|100\/100\n|turn|1\n|\n|t:|1699767065\n|switch|p1a: Umbreon|Umbreon, M, shiny|100\/100\n|move|p2a: Hydreigon|Thunder Wave|p1a: Umbreon\n|-status|p1a: Umbreon|par\n|-activate|p1a: Umbreon|ability: Synchronize\n|-status|p2a: Hydreigon|par\n|\n|upkeep\n|turn|2\n|\n|t:|1699767082\n|switch|p2a: Gholdengo|Gholdengo|100\/100\n|switch|p1a: Glimmora|Glimmora, M|100\/100\n|\n|upkeep\n|turn|3\n|\n|t:|1699767088\n|move|p1a: Glimmora|Earth Power|p2a: Gholdengo\n|-supereffective|p2a: Gholdengo\n|-damage|p2a: Gholdengo|43\/100\n|move|p2a: Gholdengo|Make It Rain|p1a: Glimmora\n|-supereffective|p1a: Glimmora\n|-enditem|p1a: Glimmora|Focus Sash\n|-damage|p1a: Glimmora|1\/100\n|-unboost|p2a: Gholdengo|spa|1\n|\n|-heal|p2a: Gholdengo|49\/100|[from] item: Leftovers\n|upkeep\n|turn|4\n|\n|t:|1699767103\n|switch|p2a: Corviknight|Corviknight, M|100\/100\n|-ability|p2a: Corviknight|Pressure\n|move|p1a: Glimmora|Earth Power|p2a: Corviknight\n|-immune|p2a: Corviknight\n|\n|upkeep\n|turn|5\n|inactive|Rocketboss09 has 120 seconds left.\n|\n|t:|1699767130\n|move|p1a: Glimmora|Stealth Rock|p2a: Corviknight\n|-sidestart|p2: bran2264|move: Stealth Rock\n|move|p2a: Corviknight|Brave Bird|p1a: Glimmora\n|-resisted|p1a: Glimmora\n|-damage|p1a: Glimmora|0 fnt\n|-activate|p1a: Glimmora|ability: Toxic Debris\n|-sidestart|p2: bran2264|move: Toxic Spikes\n|faint|p1a: Glimmora\n|-damage|p2a: Corviknight|99\/100|[from] Recoil\n|\n|upkeep\n|inactive|Rocketboss09 has 120 seconds left.\n|\n|t:|1699767139\n|switch|p1a: Hoopa|Hoopa-Unbound|100\/100\n|turn|6\n|\n|t:|1699767145\n|move|p1a: Hoopa|Thunderbolt|p2a: Corviknight\n|-supereffective|p2a: Corviknight\n|-damage|p2a: Corviknight|20\/100\n|move|p2a: Corviknight|U-turn|p1a: Hoopa\n|-supereffective|p1a: Hoopa\n|-damage|p1a: Hoopa|0 fnt\n|faint|p1a: Hoopa\n|\n|t:|1699767156\n|switch|p2a: Hydreigon|Hydreigon, F|100\/100 par|[from] U-turn\n|-damage|p2a: Hydreigon|88\/100 par|[from] Stealth Rock\n|\n|-heal|p2a: Hydreigon|94\/100 par|[from] item: Leftovers\n|upkeep\n|inactive|Rocketboss09 has 120 seconds left.\n|\n|t:|1699767194\n|switch|p1a: Gyarados|Gyarados, M, shiny|100\/100\n|turn|7\n|\n|t:|1699767202\n|move|p1a: Gyarados|Dragon Dance|p1a: Gyarados\n|-boost|p1a: Gyarados|atk|1\n|-boost|p1a: Gyarados|spe|1\n|cant|p2a: Hydreigon|par\n|\n|-heal|p2a: Hydreigon|99\/100 par|[from] item: Leftovers\n|upkeep\n|turn|8\n|inactive|Rocketboss09 has 120 seconds left.\n|\n|t:|1699767227\n|move|p1a: Gyarados|Dragon Dance|p1a: Gyarados\n|-boost|p1a: Gyarados|atk|1\n|-boost|p1a: Gyarados|spe|1\n|move|p2a: Hydreigon|Thunder Wave|p1a: Gyarados|[miss]\n|-miss|p2a: Hydreigon|p1a: Gyarados\n|\n|-heal|p2a: Hydreigon|100\/100 par|[from] item: Leftovers\n|upkeep\n|turn|9\n|\n|t:|1699767235\n|move|p1a: Gyarados|Ice Fang|p2a: Hydreigon\n|-supereffective|p2a: Hydreigon\n|-damage|p2a: Hydreigon|12\/100 par\n|cant|p2a: Hydreigon|par\n|\n|-heal|p2a: Hydreigon|18\/100 par|[from] item: Leftovers\n|upkeep\n|turn|10\n|\n|t:|1699767243\n|move|p1a: Gyarados|Waterfall|p2a: Hydreigon\n|-resisted|p2a: Hydreigon\n|-damage|p2a: Hydreigon|0 fnt\n|faint|p2a: Hydreigon\n|-ability|p1a: Gyarados|Moxie|boost\n|-boost|p1a: Gyarados|atk|1\n|\n|upkeep\n|\n|t:|1699767262\n|switch|p2a: Iron Valiant|Iron Valiant|100\/100\n|-damage|p2a: Iron Valiant|94\/100|[from] Stealth Rock\n|-status|p2a: Iron Valiant|psn\n|turn|11\n|inactive|Rocketboss09 has 120 seconds left.\n|inactive|bran2264 has 120 seconds left.\n|\n|t:|1699767297\n|-terastallize|p1a: Gyarados|Ground\n|move|p1a: Gyarados|Waterfall|p2a: Iron Valiant\n|-damage|p2a: Iron Valiant|0 fnt\n|faint|p2a: Iron Valiant\n|-end|p2a: Iron Valiant|Quark Drive|[silent]\n|-ability|p1a: Gyarados|Moxie|boost\n|-boost|p1a: Gyarados|atk|1\n|\n|upkeep\n|inactive|bran2264 has 120 seconds left.\n|-message|bran2264 forfeited.\n|\n|win|Rocketboss09\n|raw|Rocketboss09's rating: 1594 &rarr; <strong>1612<\/strong><br \/>(+18 for winning)\n|raw|bran2264's rating: 1553 &rarr; <strong>1535<\/strong><br \/>(-18 for losing)\n|l|\u2606bran2264\n","uploadtime":1699767314,"views":9,"p1id":"rocketboss09","p2id":"bran2264","formatid":"gen9ou","rating":1535,"private":0,"password":""}