{"id":"gen9ou-1996776061","p1":"Teobusa","p2":"AkiDes","format":"[Gen 9] OU","log":"|j|\u2606Teobusa\n|j|\u2606AkiDes\n|t:|1700723380\n|gametype|singles\n|player|p1|Teobusa|darach-caitlin|1146\n|player|p2|AkiDes|cilan|1173\n|teamsize|p1|6\n|teamsize|p2|6\n|gen|9\n|tier|[Gen 9] OU\n|rated|\n|rule|Sleep Clause Mod: Limit one foe put to sleep\n|rule|Species Clause: Limit one of each Pok\u00e9mon\n|rule|OHKO Clause: OHKO moves are banned\n|rule|Evasion Items Clause: Evasion items are banned\n|rule|Evasion Moves Clause: Evasion moves are banned\n|rule|Endless Battle Clause: Forcing endless battles is banned\n|rule|HP Percentage Mod: HP is shown in percentages\n|clearpoke\n|poke|p1|Kingambit, M|\n|poke|p1|Ogerpon-Wellspring, F|\n|poke|p1|Gholdengo|\n|poke|p1|Ribombee, F|\n|poke|p1|Great Tusk|\n|poke|p1|Iron Moth|\n|poke|p2|Greninja-*, M|\n|poke|p2|Dragonite, M|\n|poke|p2|Cinderace, F|\n|poke|p2|Mandibuzz, F|\n|poke|p2|Jolteon, M|\n|poke|p2|Gengar, F|\n|teampreview\n|inactive|Battle timer is ON: inactive players will automatically lose when time's up. (requested by Teobusa)\n|\n|t:|1700723389\n|start\n|switch|p1a: Acoustic butt|Iron Moth|100\/100\n|switch|p2a: SIUUUU|Cinderace, F|100\/100\n|-enditem|p1a: Acoustic butt|Booster Energy\n|-activate|p1a: Acoustic butt|ability: Quark Drive|[fromitem]\n|-start|p1a: Acoustic butt|quarkdrivespe\n|turn|1\n|\n|t:|1700723396\n|move|p1a: Acoustic butt|Substitute|p1a: Acoustic butt\n|-start|p1a: Acoustic butt|Substitute\n|-damage|p1a: Acoustic butt|76\/100\n|move|p2a: SIUUUU|U-turn|p1a: Acoustic butt\n|-start|p2a: SIUUUU|typechange|Bug|[from] ability: Libero\n|-resisted|p1a: Acoustic butt\n|-activate|p1a: Acoustic butt|move: Substitute|[damage]\n|\n|t:|1700723416\n|switch|p2a: Festin celestial|Mandibuzz, F|100\/100|[from] U-turn\n|\n|upkeep\n|turn|2\n|\n|t:|1700723426\n|move|p1a: Acoustic butt|Fiery Dance|p2a: Festin celestial\n|-damage|p2a: Festin celestial|66\/100\n|move|p2a: Festin celestial|Foul Play|p1a: Acoustic butt\n|-crit|p1a: Acoustic butt\n|-end|p1a: Acoustic butt|Substitute\n|\n|upkeep\n|turn|3\n|\n|t:|1700723446\n|-end|p1a: Acoustic butt|Quark Drive|[silent]\n|switch|p1a: Lebron James|Kingambit, M|100\/100\n|move|p2a: Festin celestial|Foul Play|p1a: Lebron James\n|-resisted|p1a: Lebron James\n|-damage|p1a: Lebron James|78\/100\n|\n|upkeep\n|turn|4\n|\n|t:|1700723457\n|switch|p2a: SIUUUU|Cinderace, F|100\/100\n|move|p1a: Lebron James|Iron Head|p2a: SIUUUU\n|-resisted|p2a: SIUUUU\n|-damage|p2a: SIUUUU|66\/100\n|\n|upkeep\n|turn|5\n|\n|t:|1700723466\n|-end|p1a: Lebron James|fallenundefined|[silent]\n|switch|p1a: Pon with an r|Ogerpon-Wellspring, F|100\/100\n|move|p2a: SIUUUU|U-turn|p1a: Pon with an r\n|-start|p2a: SIUUUU|typechange|Bug|[from] ability: Libero\n|-supereffective|p1a: Pon with an r\n|-damage|p1a: Pon with an r|5\/100\n|\n|t:|1700723472\n|switch|p2a: Cacahuate|Dragonite, M|100\/100|[from] U-turn\n|\n|upkeep\n|turn|6\n|\n|t:|1700723485\n|move|p2a: Cacahuate|Extreme Speed|p1a: Pon with an r\n|-damage|p1a: Pon with an r|0 fnt\n|faint|p1a: Pon with an r\n|\n|upkeep\n|\n|t:|1700723490\n|switch|p1a: Shu yang uses this|Great Tusk|100\/100\n|-enditem|p1a: Shu yang uses this|Booster Energy\n|-activate|p1a: Shu yang uses this|ability: Protosynthesis|[fromitem]\n|-start|p1a: Shu yang uses this|protosynthesisatk\n|turn|7\n|\n|t:|1700723497\n|switch|p2a: SIUUUU|Cinderace, F|66\/100\n|-terastallize|p1a: Shu yang uses this|Steel\n|move|p1a: Shu yang uses this|Ice Spinner|p2a: SIUUUU\n|-resisted|p2a: SIUUUU\n|-damage|p2a: SIUUUU|40\/100\n|\n|upkeep\n|turn|8\n|\n|t:|1700723512\n|move|p2a: SIUUUU|Pyro Ball|p1a: Shu yang uses this\n|-supereffective|p1a: Shu yang uses this\n|-damage|p1a: Shu yang uses this|19\/100\n|move|p1a: Shu yang uses this|Headlong Rush|p2a: SIUUUU\n|-supereffective|p2a: SIUUUU\n|-damage|p2a: SIUUUU|0 fnt\n|-unboost|p1a: Shu yang uses this|def|1\n|-unboost|p1a: Shu yang uses this|spd|1\n|faint|p2a: SIUUUU\n|\n|upkeep\n|\n|t:|1700723525\n|switch|p2a: Jarcres|Jolteon, M|100\/100\n|turn|9\n|\n|t:|1700723544\n|move|p2a: Jarcres|Volt Switch|p1a: Shu yang uses this\n|-damage|p1a: Shu yang uses this|0 fnt\n|faint|p1a: Shu yang uses this\n|-end|p1a: Shu yang uses this|Protosynthesis|[silent]\n|\n|t:|1700723554\n|switch|p2a: Festin celestial|Mandibuzz, F|66\/100|[from] Volt Switch\n|\n|upkeep\n|\n|t:|1700723559\n|switch|p1a: Qimchi|Ribombee, F|100\/100\n|turn|10\n|\n|t:|1700723567\n|move|p1a: Qimchi|Sticky Web|p2a: Festin celestial\n|-sidestart|p2: AkiDes|move: Sticky Web\n|move|p2a: Festin celestial|Toxic|p1a: Qimchi\n|-status|p1a: Qimchi|tox\n|\n|-damage|p1a: Qimchi|94\/100 tox|[from] psn\n|upkeep\n|turn|11\n|\n|t:|1700723574\n|move|p1a: Qimchi|Moonblast|p2a: Festin celestial\n|-supereffective|p2a: Festin celestial\n|-damage|p2a: Festin celestial|11\/100\n|move|p2a: Festin celestial|Defog|p1a: Qimchi\n|-unboost|p1a: Qimchi|evasion|1\n|-sideend|p2: AkiDes|Sticky Web|[from] move: Defog|[of] p2a: Festin celestial\n|\n|-damage|p1a: Qimchi|82\/100 tox|[from] psn\n|upkeep\n|turn|12\n|\n|t:|1700723585\n|move|p1a: Qimchi|Moonblast|p2a: Festin celestial\n|-supereffective|p2a: Festin celestial\n|-crit|p2a: Festin celestial\n|-damage|p2a: Festin celestial|0 fnt\n|faint|p2a: Festin celestial\n|\n|-damage|p1a: Qimchi|63\/100 tox|[from] psn\n|upkeep\n|\n|t:|1700723590\n|switch|p2a: Jarcres|Jolteon, M|100\/100\n|turn|13\n|\n|t:|1700723595\n|move|p2a: Jarcres|Volt Switch|p1a: Qimchi\n|-damage|p1a: Qimchi|0 fnt\n|faint|p1a: Qimchi\n|\n|t:|1700723600\n|switch|p2a: Cacahuate|Dragonite, M|100\/100|[from] Volt Switch\n|\n|upkeep\n|\n|t:|1700723608\n|switch|p1a: Ur moms fav toy|Gholdengo|100\/100\n|-item|p1a: Ur moms fav toy|Air Balloon\n|turn|14\n|\n|t:|1700723617\n|move|p1a: Ur moms fav toy|Nasty Plot|p1a: Ur moms fav toy\n|-boost|p1a: Ur moms fav toy|spa|2\n|move|p2a: Cacahuate|Dragon Dance|p2a: Cacahuate\n|-boost|p2a: Cacahuate|atk|1\n|-boost|p2a: Cacahuate|spe|1\n|\n|upkeep\n|turn|15\n|\n|t:|1700723623\n|move|p2a: Cacahuate|Earthquake|p1a: Ur moms fav toy\n|-immune|p1a: Ur moms fav toy\n|move|p1a: Ur moms fav toy|Shadow Ball|p2a: Cacahuate\n|-damage|p2a: Cacahuate|60\/100\n|\n|upkeep\n|turn|16\n|\n|t:|1700723633\n|move|p2a: Cacahuate|Fire Punch|p1a: Ur moms fav toy\n|-supereffective|p1a: Ur moms fav toy\n|-damage|p1a: Ur moms fav toy|3\/100\n|-enditem|p1a: Ur moms fav toy|Air Balloon\n|move|p1a: Ur moms fav toy|Nasty Plot|p1a: Ur moms fav toy\n|-boost|p1a: Ur moms fav toy|spa|2\n|\n|upkeep\n|turn|17\n|\n|t:|1700723648\n|switch|p1a: Acoustic butt|Iron Moth|76\/100\n|move|p2a: Cacahuate|Fire Punch|p1a: Acoustic butt\n|-resisted|p1a: Acoustic butt\n|-damage|p1a: Acoustic butt|42\/100\n|\n|upkeep\n|turn|18\n|\n|t:|1700723653\n|move|p2a: Cacahuate|Earthquake|p1a: Acoustic butt\n|-supereffective|p1a: Acoustic butt\n|-damage|p1a: Acoustic butt|0 fnt\n|faint|p1a: Acoustic butt\n|-end|p1a: Acoustic butt|Quark Drive|[silent]\n|\n|upkeep\n|\n|t:|1700723657\n|switch|p1a: Lebron James|Kingambit, M|78\/100\n|-activate|p1a: Lebron James|ability: Supreme Overlord\n|-start|p1a: Lebron James|fallen4|[silent]\n|turn|19\n|\n|t:|1700723667\n|move|p1a: Lebron James|Sucker Punch|p2a: Cacahuate\n|-damage|p2a: Cacahuate|0 fnt\n|faint|p2a: Cacahuate\n|\n|upkeep\n|\n|t:|1700723672\n|switch|p2a: Chispin|Greninja, M, shiny|100\/100\n|turn|20\n|\n|t:|1700723678\n|move|p2a: Chispin|Hydro Pump|p1a: Lebron James\n|-start|p2a: Chispin|typechange|Water|[from] ability: Protean\n|-damage|p1a: Lebron James|17\/100\n|move|p1a: Lebron James|Kowtow Cleave|p2a: Chispin\n|-damage|p2a: Chispin|0 fnt\n|faint|p2a: Chispin\n|\n|upkeep\n|\n|t:|1700723686\n|switch|p2a: Jarcres|Jolteon, M|100\/100\n|turn|21\n|\n|t:|1700723690\n|move|p1a: Lebron James|Sucker Punch|p2a: Jarcres\n|-damage|p2a: Jarcres|0 fnt\n|faint|p2a: Jarcres\n|\n|upkeep\n|\n|t:|1700723704\n|switch|p2a: Clefable? ._.|Gengar, F|100\/100\n|turn|22\n|\n|t:|1700723709\n|move|p1a: Lebron James|Sucker Punch||[still]\n|-fail|p1a: Lebron James\n|move|p2a: Clefable? ._.|Substitute|p2a: Clefable? ._.\n|-start|p2a: Clefable? ._.|Substitute\n|-damage|p2a: Clefable? ._.|76\/100\n|\n|-heal|p2a: Clefable? ._.|82\/100|[from] item: Leftovers\n|upkeep\n|turn|23\n|\n|t:|1700723714\n|move|p2a: Clefable? ._.|Shadow Ball|p1a: Lebron James\n|-resisted|p1a: Lebron James\n|-damage|p1a: Lebron James|0 fnt\n|faint|p1a: Lebron James\n|-end|p1a: Lebron James|fallen4|[silent]\n|\n|-heal|p2a: Clefable? ._.|88\/100|[from] item: Leftovers\n|upkeep\n|\n|t:|1700723716\n|switch|p1a: Ur moms fav toy|Gholdengo|3\/100\n|turn|24\n|\n|t:|1700723717\n|move|p2a: Clefable? ._.|Shadow Ball|p1a: Ur moms fav toy\n|-supereffective|p1a: Ur moms fav toy\n|-damage|p1a: Ur moms fav toy|0 fnt\n|faint|p1a: Ur moms fav toy\n|\n|win|AkiDes\n|raw|Teobusa's rating: 1146 &rarr; <strong>1123<\/strong><br \/>(-23 for losing)\n|raw|AkiDes's rating: 1173 &rarr; <strong>1196<\/strong><br \/>(+23 for winning)\n|l|\u2606Teobusa\n","uploadtime":1700723720,"views":3,"p1id":"teobusa","p2id":"akides","formatid":"gen9ou","rating":1123,"private":0,"password":""}