{"id":"gen9ou-1994522938","p1":"kd8atx","p2":"TheZalmancer","format":"[Gen 9] OU","log":"|j|\u2606kd8atx\n|j|\u2606TheZalmancer\n|t:|1700454235\n|gametype|singles\n|player|p1|kd8atx|2|1402\n|player|p2|TheZalmancer|skyla|1330\n|teamsize|p1|6\n|teamsize|p2|6\n|gen|9\n|tier|[Gen 9] OU\n|rated|\n|rule|Sleep Clause Mod: Limit one foe put to sleep\n|rule|Species Clause: Limit one of each Pok\u00e9mon\n|rule|OHKO Clause: OHKO moves are banned\n|rule|Evasion Items Clause: Evasion items are banned\n|rule|Evasion Moves Clause: Evasion moves are banned\n|rule|Endless Battle Clause: Forcing endless battles is banned\n|rule|HP Percentage Mod: HP is shown in percentages\n|clearpoke\n|poke|p1|Hippowdon, M|\n|poke|p1|Scizor, M|\n|poke|p1|Alomomola, M|\n|poke|p1|Rotom-Heat|\n|poke|p1|Ditto|\n|poke|p1|Mandibuzz, F|\n|poke|p2|Ogerpon-Wellspring, F|\n|poke|p2|Ninetales-Alola, F|\n|poke|p2|Corviknight, M|\n|poke|p2|Slowking-Galar, F|\n|poke|p2|Hydreigon, F|\n|poke|p2|Weavile, M|\n|teampreview\n|j| Priceless_1\n|\n|t:|1700454265\n|start\n|switch|p1a: Scizor|Scizor, M|100\/100\n|switch|p2a: Ninetales|Ninetales-Alola, F, shiny|100\/100\n|-weather|Snow|[from] ability: Snow Warning|[of] p2a: Ninetales\n|turn|1\n|\n|t:|1700454274\n|switch|p2a: Hydreigon|Hydreigon, F|100\/100\n|move|p1a: Scizor|Bullet Punch|p2a: Hydreigon\n|-damage|p2a: Hydreigon|52\/100\n|\n|-weather|Snow|[upkeep]\n|upkeep\n|turn|2\n|\n|t:|1700454295\n|switch|p2a: Corviknight|Corviknight, M, shiny|100\/100\n|-ability|p2a: Corviknight|Pressure\n|-terastallize|p1a: Scizor|Steel\n|move|p1a: Scizor|Bullet Punch|p2a: Corviknight\n|-resisted|p2a: Corviknight\n|-damage|p2a: Corviknight|81\/100\n|\n|-weather|Snow|[upkeep]\n|-heal|p2a: Corviknight|87\/100|[from] item: Leftovers\n|upkeep\n|turn|3\n|\n|t:|1700454307\n|switch|p1a: Rotom|Rotom-Heat|100\/100\n|move|p2a: Corviknight|U-turn|p1a: Rotom\n|-resisted|p1a: Rotom\n|-damage|p1a: Rotom|92\/100\n|\n|t:|1700454318\n|switch|p2a: Hydreigon|Hydreigon, F|52\/100|[from] U-turn\n|\n|-weather|Snow|[upkeep]\n|upkeep\n|turn|4\n|\n|t:|1700454333\n|move|p1a: Rotom|Volt Switch|p2a: Hydreigon\n|-resisted|p2a: Hydreigon\n|-damage|p2a: Hydreigon|35\/100\n|\n|t:|1700454338\n|switch|p1a: Scizor|Scizor, M, tera:Steel|100\/100|[from] Volt Switch\n|move|p2a: Hydreigon|Taunt|p1a: Scizor\n|-start|p1a: Scizor|move: Taunt\n|\n|-weather|Snow|[upkeep]\n|upkeep\n|turn|5\n|\n|t:|1700454346\n|switch|p2a: Corviknight|Corviknight, M, shiny|87\/100\n|-ability|p2a: Corviknight|Pressure\n|move|p1a: Scizor|Knock Off|p2a: Corviknight\n|-damage|p2a: Corviknight|53\/100\n|-enditem|p2a: Corviknight|Leftovers|[from] move: Knock Off|[of] p1a: Scizor\n|\n|-weather|none\n|upkeep\n|turn|6\n|\n|t:|1700454356\n|switch|p1a: Alomomola|Alomomola, M|100\/100\n|move|p2a: Corviknight|U-turn|p1a: Alomomola\n|-damage|p1a: Alomomola|91\/100\n|-damage|p2a: Corviknight|37\/100|[from] item: Rocky Helmet|[of] p1a: Alomomola\n|\n|t:|1700454370\n|switch|p2a: Ninetales|Ninetales-Alola, F, shiny|100\/100|[from] U-turn\n|-weather|Snow|[from] ability: Snow Warning|[of] p2a: Ninetales\n|\n|-weather|Snow|[upkeep]\n|upkeep\n|turn|7\n|\n|t:|1700454385\n|move|p2a: Ninetales|Aurora Veil|p2a: Ninetales\n|-sidestart|p2: TheZalmancer|move: Aurora Veil\n|move|p1a: Alomomola|Flip Turn|p2a: Ninetales\n|-damage|p2a: Ninetales|94\/100\n|\n|t:|1700454389\n|switch|p1a: Ditto|Ditto|100\/100|[from] Flip Turn\n|-transform|p1a: Ditto|p2a: Ninetales|[from] ability: Imposter\n|\n|-weather|Snow|[upkeep]\n|upkeep\n|turn|8\n|\n|t:|1700454403\n|move|p2a: Ninetales|Encore||[still]\n|-fail|p2a: Ninetales\n|move|p1a: Ditto|Aurora Veil|p1a: Ditto\n|-sidestart|p1: kd8atx|move: Aurora Veil\n|\n|-weather|Snow|[upkeep]\n|upkeep\n|turn|9\n|\n|t:|1700454410\n|switch|p1a: Mandibuzz|Mandibuzz, F|100\/100\n|move|p2a: Ninetales|Encore||[still]\n|-fail|p2a: Ninetales\n|\n|-weather|Snow|[upkeep]\n|upkeep\n|turn|10\n|\n|t:|1700454420\n|switch|p2a: Corviknight|Corviknight, M, shiny|37\/100\n|-ability|p2a: Corviknight|Pressure\n|move|p1a: Mandibuzz|Toxic|p2a: Corviknight\n|-immune|p2a: Corviknight\n|\n|-weather|none\n|upkeep\n|turn|11\n|\n|t:|1700454432\n|move|p1a: Mandibuzz|Defog|p2a: Corviknight\n|-unboost|p2a: Corviknight|evasion|1\n|-sideend|p2: TheZalmancer|move: Aurora Veil\n|move|p2a: Corviknight|U-turn|p1a: Mandibuzz\n|-damage|p1a: Mandibuzz|96\/100\n|\n|t:|1700454438\n|switch|p2a: Ninetales|Ninetales-Alola, F, shiny|94\/100|[from] U-turn\n|-weather|Snow|[from] ability: Snow Warning|[of] p2a: Ninetales\n|\n|-weather|Snow|[upkeep]\n|upkeep\n|turn|12\n|\n|t:|1700454453\n|switch|p1a: Scizor|Scizor, M, tera:Steel|100\/100\n|move|p2a: Ninetales|Aurora Veil|p2a: Ninetales\n|-sidestart|p2: TheZalmancer|move: Aurora Veil\n|\n|-weather|Snow|[upkeep]\n|-sideend|p1: kd8atx|move: Aurora Veil\n|upkeep\n|turn|13\n|\n|t:|1700454464\n|switch|p2a: Corviknight|Corviknight, M, shiny|37\/100\n|-ability|p2a: Corviknight|Pressure\n|move|p1a: Scizor|U-turn|p2a: Corviknight\n|-resisted|p2a: Corviknight\n|-damage|p2a: Corviknight|32\/100\n|\n|t:|1700454471\n|switch|p1a: Rotom|Rotom-Heat|92\/100|[from] U-turn\n|\n|-weather|Snow|[upkeep]\n|upkeep\n|turn|14\n|\n|t:|1700454483\n|move|p1a: Rotom|Volt Switch|p2a: Corviknight\n|-supereffective|p2a: Corviknight\n|-damage|p2a: Corviknight|3\/100\n|\n|t:|1700454497\n|switch|p1a: Hippowdon|Hippowdon, M|100\/100|[from] Volt Switch\n|-weather|Sandstorm|[from] ability: Sand Stream|[of] p1a: Hippowdon\n|move|p2a: Corviknight|U-turn|p1a: Hippowdon\n|-damage|p1a: Hippowdon|92\/100\n|-damage|p2a: Corviknight|0 fnt|[from] item: Rocky Helmet|[of] p1a: Hippowdon\n|faint|p2a: Corviknight\n|\n|-weather|Sandstorm|[upkeep]\n|upkeep\n|\n|t:|1700454507\n|switch|p2a: Ogerpon|Ogerpon-Wellspring, F|100\/100\n|turn|15\n|\n|t:|1700454526\n|move|p2a: Ogerpon|Swords Dance|p2a: Ogerpon\n|-boost|p2a: Ogerpon|atk|2\n|move|p1a: Hippowdon|Whirlwind|p2a: Ogerpon\n|drag|p2a: Hydreigon|Hydreigon, F|35\/100\n|\n|-weather|Sandstorm|[upkeep]\n|-damage|p2a: Hydreigon|29\/100|[from] Sandstorm\n|upkeep\n|turn|16\n|\n|t:|1700454542\n|switch|p1a: Alomomola|Alomomola, M|100\/100\n|move|p2a: Hydreigon|Taunt|p1a: Alomomola\n|-start|p1a: Alomomola|move: Taunt\n|\n|-weather|Sandstorm|[upkeep]\n|-damage|p2a: Hydreigon|22\/100|[from] Sandstorm\n|-damage|p1a: Alomomola|94\/100|[from] Sandstorm\n|upkeep\n|turn|17\n|\n|t:|1700454550\n|switch|p2a: Ogerpon|Ogerpon-Wellspring, F|100\/100\n|move|p1a: Alomomola|Flip Turn|p2a: Ogerpon\n|-immune|p2a: Ogerpon|[from] ability: Water Absorb\n|\n|-weather|Sandstorm|[upkeep]\n|-damage|p2a: Ogerpon|95\/100|[from] Sandstorm\n|-damage|p1a: Alomomola|88\/100|[from] Sandstorm\n|upkeep\n|turn|18\n|\n|t:|1700454560\n|switch|p1a: Ditto|Ditto|100\/100\n|-transform|p1a: Ditto|p2a: Ogerpon|[from] ability: Imposter\n|move|p2a: Ogerpon|Swords Dance|p2a: Ogerpon\n|-boost|p2a: Ogerpon|atk|2\n|\n|-weather|none\n|upkeep\n|turn|19\n|\n|t:|1700454574\n|move|p2a: Ogerpon|Horn Leech|p1a: Ditto\n|-damage|p1a: Ditto|0 fnt\n|-heal|p2a: Ogerpon|100\/100|[from] drain|[of] p1a: Ditto\n|faint|p1a: Ditto\n|\n|-sideend|p2: TheZalmancer|move: Aurora Veil\n|upkeep\n|-message|kd8atx forfeited.\n|\n|win|TheZalmancer\n|raw|kd8atx's rating: 1402 &rarr; <strong>1378<\/strong><br \/>(-24 for losing)\n|raw|TheZalmancer's rating: 1330 &rarr; <strong>1354<\/strong><br \/>(+24 for winning)\n|l|\u2606kd8atx\n|c|\u2606TheZalmancer|ggs\n","uploadtime":1700454593,"views":16,"p1id":"kd8atx","p2id":"thezalmancer","formatid":"gen9ou","rating":1354,"private":0,"password":""}