{"id":"gen9ou-1988662987","p1":"Sinead's Hairline","p2":"taw","format":"[Gen 9] OU","log":"|j|\u2606Sinead's Hairline\n|j|\u2606taw\n|t:|1699747743\n|gametype|singles\n|player|p1|Sinead's Hairline|guitarist|1681\n|player|p2|taw|alder|1628\n|teamsize|p1|6\n|teamsize|p2|6\n|gen|9\n|tier|[Gen 9] OU\n|rated|\n|rule|Sleep Clause Mod: Limit one foe put to sleep\n|rule|Species Clause: Limit one of each Pok\u00e9mon\n|rule|OHKO Clause: OHKO moves are banned\n|rule|Evasion Items Clause: Evasion items are banned\n|rule|Evasion Moves Clause: Evasion moves are banned\n|rule|Endless Battle Clause: Forcing endless battles is banned\n|rule|HP Percentage Mod: HP is shown in percentages\n|clearpoke\n|poke|p1|Kingambit, F|\n|poke|p1|Glimmora, M|\n|poke|p1|Zamazenta-*|\n|poke|p1|Iron Valiant|\n|poke|p1|Iron Moth|\n|poke|p1|Ogerpon-Wellspring, F|\n|poke|p2|Azelf|\n|poke|p2|Quaquaval, M|\n|poke|p2|Gholdengo|\n|poke|p2|Samurott-Hisui, F|\n|poke|p2|Iron Moth|\n|poke|p2|Zamazenta-*|\n|teampreview\n|\n|t:|1699747758\n|start\n|switch|p1a: Glimmora|Glimmora, M|100\/100\n|switch|p2a: Azelf|Azelf, shiny|100\/100\n|turn|1\n|inactive|Battle timer is ON: inactive players will automatically lose when time's up. (requested by taw)\n|\n|t:|1699747763\n|move|p2a: Azelf|Stealth Rock|p1a: Glimmora\n|-sidestart|p1: Sinead's Hairline|move: Stealth Rock\n|move|p1a: Glimmora|Mortal Spin|p2a: Azelf\n|-damage|p2a: Azelf|90\/100\n|-status|p2a: Azelf|psn\n|-sideend|p1: Sinead's Hairline|Stealth Rock|[from] move: Mortal Spin|[of] p1a: Glimmora\n|\n|-damage|p2a: Azelf|78\/100 psn|[from] psn\n|upkeep\n|turn|2\n|\n|t:|1699747770\n|move|p2a: Azelf|Stealth Rock|p1a: Glimmora\n|-sidestart|p1: Sinead's Hairline|move: Stealth Rock\n|move|p1a: Glimmora|Stealth Rock|p2a: Azelf\n|-sidestart|p2: taw|move: Stealth Rock\n|\n|-damage|p2a: Azelf|65\/100 psn|[from] psn\n|upkeep\n|turn|3\n|\n|t:|1699747784\n|move|p2a: Azelf|Explosion|p1a: Glimmora\n|-resisted|p1a: Glimmora\n|-damage|p1a: Glimmora|53\/100\n|-activate|p1a: Glimmora|ability: Toxic Debris\n|-sidestart|p2: taw|move: Toxic Spikes\n|faint|p2a: Azelf\n|move|p1a: Glimmora|Mortal Spin|p2: Azelf|[notarget]\n|-fail|p1a: Glimmora\n|\n|upkeep\n|\n|t:|1699747791\n|switch|p2a: Iron Moth|Iron Moth|100\/100\n|-damage|p2a: Iron Moth|76\/100|[from] Stealth Rock\n|-sideend|p2: taw|move: Toxic Spikes|[of] p2a: Iron Moth\n|-enditem|p2a: Iron Moth|Booster Energy\n|-activate|p2a: Iron Moth|ability: Quark Drive|[fromitem]\n|-start|p2a: Iron Moth|quarkdrivespe\n|turn|4\n|\n|t:|1699747805\n|move|p2a: Iron Moth|Psychic|p1a: Glimmora\n|-supereffective|p1a: Glimmora\n|-damage|p1a: Glimmora|0 fnt\n|faint|p1a: Glimmora\n|\n|upkeep\n|\n|t:|1699747812\n|switch|p1a: Ogerpon|Ogerpon-Wellspring, F|100\/100\n|-damage|p1a: Ogerpon|88\/100|[from] Stealth Rock\n|turn|5\n|\n|t:|1699747818\n|-terastallize|p1a: Ogerpon|Water\n|detailschange|p1a: Ogerpon|Ogerpon-Wellspring-Tera, F, tera:Water\n|-ability|p1a: Ogerpon|Embody Aspect (Wellspring)|boost\n|-boost|p1a: Ogerpon|spd|1\n|move|p2a: Iron Moth|Sludge Wave|p1a: Ogerpon\n|-damage|p1a: Ogerpon|52\/100\n|move|p1a: Ogerpon|Ivy Cudgel|p2a: Iron Moth\n|-supereffective|p2a: Iron Moth\n|-damage|p2a: Iron Moth|0 fnt\n|faint|p2a: Iron Moth\n|-end|p2a: Iron Moth|Quark Drive|[silent]\n|\n|upkeep\n|\n|t:|1699747828\n|switch|p2a: Zamazenta|Zamazenta|100\/100\n|-damage|p2a: Zamazenta|94\/100|[from] Stealth Rock\n|-ability|p2a: Zamazenta|Dauntless Shield|boost\n|-boost|p2a: Zamazenta|def|1\n|turn|6\n|\n|t:|1699747840\n|move|p1a: Ogerpon|Ivy Cudgel|p2a: Zamazenta\n|-damage|p2a: Zamazenta|65\/100\n|move|p2a: Zamazenta|Body Press|p1a: Ogerpon\n|-damage|p1a: Ogerpon|0 fnt\n|faint|p1a: Ogerpon\n|\n|-heal|p2a: Zamazenta|71\/100|[from] item: Leftovers\n|upkeep\n|\n|t:|1699747857\n|switch|p1a: Zamazenta|Zamazenta, shiny|100\/100\n|-damage|p1a: Zamazenta|94\/100|[from] Stealth Rock\n|-ability|p1a: Zamazenta|Dauntless Shield|boost\n|-boost|p1a: Zamazenta|def|1\n|turn|7\n|\n|t:|1699747864\n|move|p1a: Zamazenta|Iron Defense|p1a: Zamazenta\n|-boost|p1a: Zamazenta|def|2\n|move|p2a: Zamazenta|Iron Defense|p2a: Zamazenta\n|-boost|p2a: Zamazenta|def|2\n|\n|-heal|p1a: Zamazenta|100\/100|[from] item: Leftovers\n|-heal|p2a: Zamazenta|77\/100|[from] item: Leftovers\n|upkeep\n|turn|8\n|inactive|Sinead's Hairline has 120 seconds left.\n|\n|t:|1699747899\n|move|p1a: Zamazenta|Iron Defense|p1a: Zamazenta\n|-boost|p1a: Zamazenta|def|2\n|move|p2a: Zamazenta|Iron Defense|p2a: Zamazenta\n|-boost|p2a: Zamazenta|def|2\n|\n|-heal|p2a: Zamazenta|83\/100|[from] item: Leftovers\n|upkeep\n|turn|9\n|\n|t:|1699747906\n|move|p1a: Zamazenta|Iron Defense|p1a: Zamazenta\n|-boost|p1a: Zamazenta|def|1\n|move|p2a: Zamazenta|Iron Defense|p2a: Zamazenta\n|-boost|p2a: Zamazenta|def|1\n|\n|-heal|p2a: Zamazenta|90\/100|[from] item: Leftovers\n|upkeep\n|turn|10\n|\n|t:|1699747912\n|move|p1a: Zamazenta|Body Press|p2a: Zamazenta\n|-damage|p2a: Zamazenta|68\/100\n|move|p2a: Zamazenta|Body Press|p1a: Zamazenta\n|-damage|p1a: Zamazenta|66\/100\n|\n|-heal|p1a: Zamazenta|72\/100|[from] item: Leftovers\n|-heal|p2a: Zamazenta|75\/100|[from] item: Leftovers\n|upkeep\n|turn|11\n|\n|t:|1699747921\n|move|p1a: Zamazenta|Body Press|p2a: Zamazenta\n|-damage|p2a: Zamazenta|53\/100\n|move|p2a: Zamazenta|Substitute|p2a: Zamazenta\n|-start|p2a: Zamazenta|Substitute\n|-damage|p2a: Zamazenta|28\/100\n|\n|-heal|p1a: Zamazenta|78\/100|[from] item: Leftovers\n|-heal|p2a: Zamazenta|34\/100|[from] item: Leftovers\n|upkeep\n|turn|12\n|\n|t:|1699747930\n|move|p1a: Zamazenta|Body Press|p2a: Zamazenta\n|-activate|p2a: Zamazenta|move: Substitute|[damage]\n|move|p2a: Zamazenta|Body Press|p1a: Zamazenta\n|-damage|p1a: Zamazenta|45\/100\n|\n|-heal|p1a: Zamazenta|51\/100|[from] item: Leftovers\n|-heal|p2a: Zamazenta|41\/100|[from] item: Leftovers\n|upkeep\n|turn|13\n|\n|t:|1699747938\n|move|p1a: Zamazenta|Body Press|p2a: Zamazenta\n|-end|p2a: Zamazenta|Substitute\n|move|p2a: Zamazenta|Body Press|p1a: Zamazenta\n|-damage|p1a: Zamazenta|18\/100\n|\n|-heal|p1a: Zamazenta|24\/100|[from] item: Leftovers\n|-heal|p2a: Zamazenta|47\/100|[from] item: Leftovers\n|upkeep\n|turn|14\n|\n|t:|1699747947\n|move|p1a: Zamazenta|Body Press|p2a: Zamazenta\n|-damage|p2a: Zamazenta|27\/100\n|move|p2a: Zamazenta|Body Press|p1a: Zamazenta\n|-damage|p1a: Zamazenta|0 fnt\n|faint|p1a: Zamazenta\n|\n|-heal|p2a: Zamazenta|33\/100|[from] item: Leftovers\n|upkeep\n|\n|t:|1699747950\n|switch|p1a: Iron Valiant|Iron Valiant|100\/100\n|-damage|p1a: Iron Valiant|94\/100|[from] Stealth Rock\n|-enditem|p1a: Iron Valiant|Booster Energy\n|-activate|p1a: Iron Valiant|ability: Quark Drive|[fromitem]\n|-start|p1a: Iron Valiant|quarkdrivespe\n|turn|15\n|\n|t:|1699747962\n|move|p1a: Iron Valiant|Moonblast|p2a: Zamazenta\n|-supereffective|p2a: Zamazenta\n|-damage|p2a: Zamazenta|0 fnt\n|faint|p2a: Zamazenta\n|\n|upkeep\n|\n|t:|1699747969\n|switch|p2a: Gholdengo|Gholdengo|100\/100\n|-damage|p2a: Gholdengo|94\/100|[from] Stealth Rock\n|turn|16\n|j| Silvio vang\n|inactive|Sinead's Hairline has 120 seconds left.\n|l| Silvio vang\n|\n|t:|1699748003\n|-end|p1a: Iron Valiant|Quark Drive|[silent]\n|switch|p1a: Kingambit|Kingambit, F|100\/100\n|-damage|p1a: Kingambit|94\/100|[from] Stealth Rock\n|-activate|p1a: Kingambit|ability: Supreme Overlord\n|-start|p1a: Kingambit|fallen3|[silent]\n|move|p2a: Gholdengo|Psyshock|p1a: Kingambit\n|-immune|p1a: Kingambit\n|\n|-heal|p2a: Gholdengo|100\/100|[from] item: Leftovers\n|upkeep\n|turn|17\n|\n|t:|1699748012\n|switch|p2a: Quaquaval|Quaquaval, M|100\/100\n|-damage|p2a: Quaquaval|94\/100|[from] Stealth Rock\n|move|p1a: Kingambit|Kowtow Cleave|p2a: Quaquaval\n|-resisted|p2a: Quaquaval\n|-damage|p2a: Quaquaval|52\/100\n|\n|upkeep\n|turn|18\n|inactive|Sinead's Hairline has 120 seconds left.\n|\n|t:|1699748035\n|-end|p1a: Kingambit|fallen3|[silent]\n|switch|p1a: Iron Moth|Iron Moth|100\/100\n|-damage|p1a: Iron Moth|76\/100|[from] Stealth Rock\n|-enditem|p1a: Iron Moth|Booster Energy\n|-activate|p1a: Iron Moth|ability: Quark Drive|[fromitem]\n|-start|p1a: Iron Moth|quarkdrivespe\n|move|p2a: Quaquaval|Aqua Step|p1a: Iron Moth\n|-supereffective|p1a: Iron Moth\n|-crit|p1a: Iron Moth\n|-damage|p1a: Iron Moth|0 fnt\n|-boost|p2a: Quaquaval|spe|1\n|faint|p1a: Iron Moth\n|-end|p1a: Iron Moth|Quark Drive|[silent]\n|-ability|p2a: Quaquaval|Moxie|boost\n|-boost|p2a: Quaquaval|atk|1\n|\n|upkeep\n|\n|t:|1699748038\n|switch|p1a: Iron Valiant|Iron Valiant|94\/100\n|-damage|p1a: Iron Valiant|88\/100|[from] Stealth Rock\n|turn|19\n|\n|t:|1699748051\n|move|p1a: Iron Valiant|Moonblast|p2a: Quaquaval\n|-supereffective|p2a: Quaquaval\n|-damage|p2a: Quaquaval|0 fnt\n|faint|p2a: Quaquaval\n|\n|upkeep\n|j| ThatJebshuckle\n|\n|t:|1699748063\n|switch|p2a: Samurott|Samurott-Hisui, F|100\/100\n|-damage|p2a: Samurott|88\/100|[from] Stealth Rock\n|turn|20\n|inactive|Sinead's Hairline has 120 seconds left.\n|\n|t:|1699748120\n|move|p2a: Samurott|Razor Shell|p1a: Iron Valiant\n|-damage|p1a: Iron Valiant|17\/100\n|-unboost|p1a: Iron Valiant|def|1\n|move|p1a: Iron Valiant|Moonblast|p2a: Samurott\n|-supereffective|p2a: Samurott\n|-damage|p2a: Samurott|0 fnt\n|faint|p2a: Samurott\n|\n|upkeep\n|\n|t:|1699748129\n|switch|p2a: Gholdengo|Gholdengo|100\/100\n|-damage|p2a: Gholdengo|94\/100|[from] Stealth Rock\n|turn|21\n|inactive|Sinead's Hairline has 90 seconds left.\n|inactive|Sinead's Hairline has 60 seconds left.\n|inactive|Sinead's Hairline has 30 seconds left.\n|inactive|Sinead's Hairline has 20 seconds left.\n|inactive|Sinead's Hairline has 15 seconds left.\n|inactive|Sinead's Hairline has 10 seconds left.\n|inactive|Sinead's Hairline has 5 seconds left.\n|-message|Sinead's Hairline lost due to inactivity.\n|\n|win|taw\n|raw|Sinead&apos;s Hairline's rating: 1681 &rarr; <strong>1658<\/strong><br \/>(-23 for losing)\n|raw|taw's rating: 1628 &rarr; <strong>1651<\/strong><br \/>(+23 for winning)\n","uploadtime":1699748247,"views":12,"p1id":"sineadshairline","p2id":"taw","formatid":"gen9ou","rating":1651,"private":0,"password":""}