{"id":"gen9ou-2000054095","p1":"HEAVY-DUTY B0OTY","p2":"pooplpoopl","format":"[Gen 9] OU","log":"|j|\u2606HEAVY-DUTY B0OTY\n|j|\u2606pooplpoopl\n|inactive|Battle timer is ON: inactive players will automatically lose when time's up.\n|t:|1701146775\n|gametype|singles\n|player|p1|HEAVY-DUTY B0OTY|swimmerf-gen6|\n|player|p2|pooplpoopl|265|\n|teamsize|p1|3\n|teamsize|p2|3\n|gen|9\n|tier|[Gen 9] OU\n|rated|Tournament battle\n|rule|Sleep Clause Mod: Limit one foe put to sleep\n|rule|Species Clause: Limit one of each Pok\u00e9mon\n|rule|OHKO Clause: OHKO moves are banned\n|rule|Evasion Items Clause: Evasion items are banned\n|rule|Evasion Moves Clause: Evasion moves are banned\n|rule|Endless Battle Clause: Forcing endless battles is banned\n|rule|HP Percentage Mod: HP is shown in percentages\n|clearpoke\n|poke|p1|Dudunsparce-*, M|\n|poke|p1|Crawdaunt, M|\n|poke|p1|Honchkrow, F|\n|poke|p2|Drifloon, F|\n|poke|p2|Toxapex, M|\n|poke|p2|Tyranitar, F|\n|teampreview\n|j|*Lady Monita \u2746\n|j| Iggy57\n|j| koffingwoffing\n|j| Zackery1010\n|j| Legobff\n|\n|t:|1701146791\n|start\n|switch|p1a: Honchkrow|Honchkrow, F|100\/100\n|switch|p2a: Drifloon|Drifloon, F, shiny|100\/100\n|turn|1\n|j| poketough\n|\n|t:|1701146811\n|move|p1a: Honchkrow|Lash Out|p2a: Drifloon\n|-supereffective|p2a: Drifloon\n|-damage|p2a: Drifloon|0 fnt\n|faint|p2a: Drifloon\n|-ability|p1a: Honchkrow|Moxie|boost\n|-boost|p1a: Honchkrow|atk|1\n|\n|upkeep\n|\n|t:|1701146815\n|switch|p2a: Tyranitar|Tyranitar, F|100\/100\n|-weather|Sandstorm|[from] ability: Sand Stream|[of] p2a: Tyranitar\n|turn|2\n|j| Im dumb srly\n|\n|t:|1701146826\n|move|p2a: Tyranitar|Dragon Dance|p2a: Tyranitar\n|-boost|p2a: Tyranitar|atk|1\n|-boost|p2a: Tyranitar|spe|1\n|move|p1a: Honchkrow|Brave Bird|p2a: Tyranitar\n|-resisted|p2a: Tyranitar\n|-damage|p2a: Tyranitar|53\/100\n|-damage|p1a: Honchkrow|85\/100|[from] Recoil\n|\n|-weather|Sandstorm|[upkeep]\n|-damage|p1a: Honchkrow|79\/100|[from] Sandstorm\n|upkeep\n|turn|3\n|\n|t:|1701146836\n|move|p1a: Honchkrow|Sucker Punch|p2a: Tyranitar\n|-resisted|p2a: Tyranitar\n|-damage|p2a: Tyranitar|25\/100\n|move|p2a: Tyranitar|Rock Slide|p1a: Honchkrow\n|-supereffective|p1a: Honchkrow\n|-damage|p1a: Honchkrow|0 fnt\n|faint|p1a: Honchkrow\n|\n|-weather|Sandstorm|[upkeep]\n|upkeep\n|\n|t:|1701146840\n|switch|p1a: Crawdaunt|Crawdaunt, M|100\/100\n|turn|4\n|inactive|pooplpoopl has 120 seconds left.\n|\n|t:|1701146881\n|move|p1a: Crawdaunt|Aqua Jet|p2a: Tyranitar\n|-supereffective|p2a: Tyranitar\n|-crit|p2a: Tyranitar\n|-damage|p2a: Tyranitar|0 fnt\n|faint|p2a: Tyranitar\n|\n|-weather|Sandstorm|[upkeep]\n|-damage|p1a: Crawdaunt|95\/100|[from] Sandstorm\n|upkeep\n|\n|t:|1701146883\n|switch|p2a: Toxapex|Toxapex, M, shiny|100\/100\n|turn|5\n|\n|t:|1701146886\n|move|p1a: Crawdaunt|Swords Dance|p1a: Crawdaunt\n|-boost|p1a: Crawdaunt|atk|2\n|move|p2a: Toxapex|Toxic|p1a: Crawdaunt\n|-status|p1a: Crawdaunt|tox\n|\n|-weather|Sandstorm|[upkeep]\n|-damage|p1a: Crawdaunt|89\/100 tox|[from] Sandstorm\n|-damage|p2a: Toxapex|94\/100|[from] Sandstorm\n|-heal|p2a: Toxapex|100\/100|[from] item: Leftovers\n|-damage|p1a: Crawdaunt|83\/100 tox|[from] psn\n|upkeep\n|turn|6\n|inactive|pooplpoopl has 120 seconds left.\n|\n|t:|1701146902\n|-terastallize|p2a: Toxapex|Fairy\n|move|p1a: Crawdaunt|Knock Off|p2a: Toxapex\n|-resisted|p2a: Toxapex\n|-damage|p2a: Toxapex|55\/100\n|-enditem|p2a: Toxapex|Leftovers|[from] move: Knock Off|[of] p1a: Crawdaunt\n|move|p2a: Toxapex|Recover|p2a: Toxapex\n|-heal|p2a: Toxapex|100\/100\n|\n|-weather|none\n|-damage|p1a: Crawdaunt|71\/100 tox|[from] psn\n|upkeep\n|turn|7\n|inactive|pooplpoopl has 120 seconds left.\n|\n|t:|1701146929\n|move|p1a: Crawdaunt|Liquidation|p2a: Toxapex\n|-damage|p2a: Toxapex|31\/100\n|move|p2a: Toxapex|Haze|p2a: Toxapex\n|-clearallboost\n|\n|-damage|p1a: Crawdaunt|53\/100 tox|[from] psn\n|upkeep\n|turn|8\n|\n|t:|1701146941\n|-terastallize|p1a: Crawdaunt|Water\n|move|p1a: Crawdaunt|Liquidation|p2a: Toxapex\n|-damage|p2a: Toxapex|0 fnt\n|faint|p2a: Toxapex\n|\n|win|HEAVY-DUTY B0OTY\n|n|\u2606HEAVY-DUTY B0OTY|heavydutyb0oty\n|n|\u2606pooplpoopl|pooplpoopl\n|n|*Lady Monita \u2746|ladymonita\n|n| Iggy57|iggy57\n|n| koffingwoffing|koffingwoffing\n|n| Zackery1010|zackery1010\n|n| Legobff|legobff\n|n| poketough|poketough\n|n| Im dumb srly|imdumbsrly\n","uploadtime":1701146942,"views":3,"p1id":"heavydutyb0oty","p2id":"pooplpoopl","formatid":"gen9ou","rating":0,"private":0,"password":""}