{"id":"gen9ou-1988474854","p1":"far_buzzard","p2":"Zdxgfhgfcfcgj","format":"[Gen 9] OU","log":"|j|\u2606far_buzzard\n|j|\u203dZdxgfhgfcfcgj\n|t:|1699726870\n|gametype|singles\n|player|p1|far_buzzard|veteran|1000\n|player|p2|Zdxgfhgfcfcgj|benga|1000\n|teamsize|p1|6\n|teamsize|p2|4\n|gen|9\n|tier|[Gen 9] OU\n|rated|\n|rule|Sleep Clause Mod: Limit one foe put to sleep\n|rule|Species Clause: Limit one of each Pok\u00e9mon\n|rule|OHKO Clause: OHKO moves are banned\n|rule|Evasion Items Clause: Evasion items are banned\n|rule|Evasion Moves Clause: Evasion moves are banned\n|rule|Endless Battle Clause: Forcing endless battles is banned\n|rule|HP Percentage Mod: HP is shown in percentages\n|clearpoke\n|poke|p1|Braviary-Hisui, M|\n|poke|p1|Milotic, F|\n|poke|p1|Azelf|\n|poke|p1|Espeon, F|\n|poke|p1|Magnezone|\n|poke|p1|Leafeon, F|\n|poke|p2|Ogerpon-Cornerstone, L20, F|\n|poke|p2|Nacli, L1, M|\n|poke|p2|Glimmet, L1, M|\n|poke|p2|Iron Valiant|\n|teampreview\n|inactive|Battle timer is ON: inactive players will automatically lose when time's up. (requested by far_buzzard)\n|\n|t:|1699726873\n|start\n|switch|p1a: Milotic|Milotic, F, shiny|100\/100\n|switch|p2a: Iron Valiant|Iron Valiant|100\/100\n|-enditem|p2a: Iron Valiant|Booster Energy\n|-activate|p2a: Iron Valiant|ability: Quark Drive|[fromitem]\n|-start|p2a: Iron Valiant|quarkdrivespe\n|turn|1\n|\n|t:|1699726881\n|move|p2a: Iron Valiant|Destiny Bond|p2a: Iron Valiant\n|-singlemove|p2a: Iron Valiant|Destiny Bond\n|move|p1a: Milotic|Hypnosis|p2a: Iron Valiant\n|-status|p2a: Iron Valiant|slp|[from] move: Hypnosis\n|\n|upkeep\n|turn|2\n|\n|t:|1699726888\n|switch|p1a: Leafeon|Leafeon, F|100\/100\n|cant|p2a: Iron Valiant|slp\n|\n|upkeep\n|turn|3\n|\n|t:|1699726894\n|-curestatus|p2a: Iron Valiant|slp|[msg]\n|move|p2a: Iron Valiant|Destiny Bond|p2a: Iron Valiant\n|-singlemove|p2a: Iron Valiant|Destiny Bond\n|move|p1a: Leafeon|Swords Dance|p1a: Leafeon\n|-boost|p1a: Leafeon|atk|2\n|\n|upkeep\n|turn|4\n|\n|t:|1699726901\n|move|p2a: Iron Valiant|Destiny Bond||[still]\n|-fail|p2a: Iron Valiant\n|move|p1a: Leafeon|Knock Off|p2a: Iron Valiant\n|-resisted|p2a: Iron Valiant\n|-damage|p2a: Iron Valiant|81\/100\n|-damage|p1a: Leafeon|91\/100|[from] item: Life Orb\n|\n|upkeep\n|turn|5\n|\n|t:|1699726909\n|move|p2a: Iron Valiant|Destiny Bond|p2a: Iron Valiant\n|-singlemove|p2a: Iron Valiant|Destiny Bond\n|move|p1a: Leafeon|Swords Dance|p1a: Leafeon\n|-boost|p1a: Leafeon|atk|2\n|\n|upkeep\n|turn|6\n|\n|t:|1699726916\n|move|p2a: Iron Valiant|Destiny Bond||[still]\n|-fail|p2a: Iron Valiant\n|move|p1a: Leafeon|Knock Off|p2a: Iron Valiant\n|-resisted|p2a: Iron Valiant\n|-damage|p2a: Iron Valiant|56\/100\n|-damage|p1a: Leafeon|81\/100|[from] item: Life Orb\n|\n|upkeep\n|turn|7\n|\n|t:|1699726924\n|move|p2a: Iron Valiant|Destiny Bond|p2a: Iron Valiant\n|-singlemove|p2a: Iron Valiant|Destiny Bond\n|move|p1a: Leafeon|Swords Dance|p1a: Leafeon\n|-boost|p1a: Leafeon|atk|2\n|\n|upkeep\n|turn|8\n|\n|t:|1699726930\n|move|p2a: Iron Valiant|Destiny Bond||[still]\n|-fail|p2a: Iron Valiant\n|move|p1a: Leafeon|X-Scissor|p2a: Iron Valiant\n|-resisted|p2a: Iron Valiant\n|-damage|p2a: Iron Valiant|7\/100\n|-damage|p1a: Leafeon|71\/100|[from] item: Life Orb\n|\n|upkeep\n|turn|9\n|\n|t:|1699726938\n|move|p2a: Iron Valiant|Destiny Bond|p2a: Iron Valiant\n|-singlemove|p2a: Iron Valiant|Destiny Bond\n|move|p1a: Leafeon|Leaf Blade|p2a: Iron Valiant\n|-damage|p2a: Iron Valiant|0 fnt\n|faint|p2a: Iron Valiant\n|-activate|p2a: Iron Valiant|move: Destiny Bond\n|-end|p2a: Iron Valiant|Quark Drive|[silent]\n|faint|p1a: Leafeon\n|\n|upkeep\n|\n|t:|1699726948\n|switch|p2a: Glimmet|Glimmet, L1, M, shiny|100\/100\n|switch|p1a: Magnezone|Magnezone|100\/100\n|turn|10\n|n|!far_buzzard|farbuzzard\n|\n|t:|1699726955\n|move|p1a: Magnezone|Flash Cannon|p2a: Glimmet\n|-supereffective|p2a: Glimmet\n|-crit|p2a: Glimmet\n|-enditem|p2a: Glimmet|Focus Sash\n|-damage|p2a: Glimmet|9\/100\n|move|p2a: Glimmet|Toxic Spikes|p1a: Magnezone\n|-sidestart|p1: far_buzzard|move: Toxic Spikes\n|\n|upkeep\n|turn|11\n|\n|t:|1699726966\n|move|p1a: Magnezone|Flash Cannon|p2a: Glimmet\n|-supereffective|p2a: Glimmet\n|-damage|p2a: Glimmet|0 fnt\n|faint|p2a: Glimmet\n|\n|upkeep\n|\n|t:|1699726970\n|switch|p2a: Nacli|Nacli, L1, M|100\/100\n|turn|12\n|\n|t:|1699726980\n|move|p2a: Nacli|Protect|p2a: Nacli\n|-singleturn|p2a: Nacli|Protect\n|move|p1a: Magnezone|Flash Cannon|p2a: Nacli\n|-activate|p2a: Nacli|move: Protect\n|\n|upkeep\n|turn|13\n|\n|t:|1699726987\n|move|p2a: Nacli|Endure|p2a: Nacli\n|-singleturn|p2a: Nacli|move: Endure\n|move|p1a: Magnezone|Tri Attack|p2a: Nacli\n|-resisted|p2a: Nacli\n|-activate|p2a: Nacli|move: Endure\n|-damage|p2a: Nacli|9\/100\n|\n|-heal|p2a: Nacli|17\/100|[from] item: Leftovers\n|upkeep\n|turn|14\n|\n|t:|1699726997\n|move|p1a: Magnezone|Volt Switch|p2a: Nacli\n|-damage|p2a: Nacli|0 fnt\n|faint|p2a: Nacli\n|\n|t:|1699727003\n|switch|p1a: Braviary|Braviary-Hisui, M, shiny|100\/100|[from] Volt Switch\n|\n|upkeep\n|\n|t:|1699727013\n|switch|p2a: Ogerpon|Ogerpon-Cornerstone, L20, F|100\/100\n|turn|15\n|\n|t:|1699727028\n|-terastallize|p1a: Braviary|Dragon\n|move|p1a: Braviary|Esper Wing|p2a: Ogerpon\n|-ability|p2a: Ogerpon|Sturdy\n|-damage|p2a: Ogerpon|2\/100\n|-boost|p1a: Braviary|spe|1\n|move|p2a: Ogerpon|Leech Seed|p1a: Braviary\n|-start|p1a: Braviary|move: Leech Seed\n|\n|-damage|p1a: Braviary|88\/100|[from] Leech Seed|[of] p2a: Ogerpon\n|-heal|p2a: Ogerpon|78\/100|[silent]\n|upkeep\n|turn|16\n|\n|t:|1699727039\n|move|p2a: Ogerpon|Protect|p2a: Ogerpon\n|-singleturn|p2a: Ogerpon|Protect\n|move|p1a: Braviary|Dual Wingbeat|p2a: Ogerpon\n|-activate|p2a: Ogerpon|move: Protect\n|\n|-heal|p1a: Braviary|94\/100|[from] item: Leftovers\n|-damage|p1a: Braviary|82\/100|[from] Leech Seed|[of] p2a: Ogerpon\n|-heal|p2a: Ogerpon|100\/100|[silent]\n|upkeep\n|turn|17\n|\n|t:|1699727051\n|move|p1a: Braviary|Dual Wingbeat|p2a: Ogerpon\n|-ability|p2a: Ogerpon|Sturdy\n|-damage|p2a: Ogerpon|2\/100\n|-damage|p2a: Ogerpon|0 fnt\n|faint|p2a: Ogerpon\n|-hitcount|p2: Ogerpon|2\n|\n|win|far_buzzard\n|raw|far_buzzard's rating: 1000 &rarr; <strong>1040<\/strong><br \/>(+40 for winning)\n|raw|Zdxgfhgfcfcgj's rating: 1000 &rarr; <strong>1000<\/strong><br \/>(+0 for losing)\n","uploadtime":1699726952,"views":13,"p1id":"farbuzzard","p2id":"zdxgfhgfcfcgj","formatid":"gen9ou","rating":1000,"private":0,"password":""}