{"id":"gen9ou-1991962683","p1":"GrassyStandard","p2":"chimping around","format":"[Gen 9] OU","log":"|j|\u2606GrassyStandard\n|j|\u2606chimping around\n|t:|1700143001\n|gametype|singles\n|player|p1|GrassyStandard|koga|1000\n|player|p2|chimping around|maid|1000\n|teamsize|p1|6\n|teamsize|p2|6\n|gen|9\n|tier|[Gen 9] OU\n|rated|\n|rule|Sleep Clause Mod: Limit one foe put to sleep\n|rule|Species Clause: Limit one of each Pok\u00e9mon\n|rule|OHKO Clause: OHKO moves are banned\n|rule|Evasion Items Clause: Evasion items are banned\n|rule|Evasion Moves Clause: Evasion moves are banned\n|rule|Endless Battle Clause: Forcing endless battles is banned\n|rule|HP Percentage Mod: HP is shown in percentages\n|clearpoke\n|poke|p1|Ogerpon-Wellspring, F|\n|poke|p1|Rillaboom, M|\n|poke|p1|Sneasler, M|\n|poke|p1|Zamazenta-*|\n|poke|p1|Hatterene, F|\n|poke|p1|Heatran, M|\n|poke|p2|Infernape, M|\n|poke|p2|Rillaboom, F|\n|poke|p2|Munkidori, M|\n|poke|p2|Zarude|\n|poke|p2|Ambipom, M|\n|poke|p2|Passimian, M|\n|teampreview\n|inactive|Battle timer is ON: inactive players will automatically lose when time's up. (requested by GrassyStandard)\n|\n|t:|1700143009\n|start\n|switch|p1a: Monke|Rillaboom, M|100\/100\n|switch|p2a: Munkidori|Munkidori, M|100\/100\n|-fieldstart|move: Grassy Terrain|[from] ability: Grassy Surge|[of] p1a: Monke\n|turn|1\n|\n|t:|1700143031\n|switch|p1a: ShineBright|Heatran, M|100\/100\n|-item|p1a: ShineBright|Air Balloon\n|move|p2a: Munkidori|Trick|p1a: ShineBright\n|-activate|p2a: Munkidori|move: Trick|[of] p1a: ShineBright\n|-item|p1a: ShineBright|Choice Specs|[from] move: Trick\n|-item|p2a: Munkidori|Air Balloon\n|-item|p2a: Munkidori|Air Balloon|[from] move: Trick\n|\n|upkeep\n|turn|2\n|\n|t:|1700143043\n|move|p2a: Munkidori|Focus Blast|p1a: ShineBright\n|-supereffective|p1a: ShineBright\n|-damage|p1a: ShineBright|47\/100\n|move|p1a: ShineBright|Magma Storm|p2a: Munkidori\n|-damage|p2a: Munkidori|19\/100\n|-activate|p2a: Munkidori|move: Magma Storm|[of] p1a: ShineBright\n|-enditem|p2a: Munkidori|Air Balloon\n|\n|-heal|p2a: Munkidori|25\/100|[from] Grassy Terrain\n|-heal|p1a: ShineBright|53\/100|[from] Grassy Terrain\n|-damage|p2a: Munkidori|12\/100|[from] move: Magma Storm|[partiallytrapped]\n|upkeep\n|turn|3\n|\n|t:|1700143054\n|move|p2a: Munkidori|Focus Blast|p1a: ShineBright\n|-supereffective|p1a: ShineBright\n|-damage|p1a: ShineBright|2\/100\n|move|p1a: ShineBright|Magma Storm|p2a: Munkidori\n|-damage|p2a: Munkidori|0 fnt\n|faint|p2a: Munkidori\n|\n|-heal|p1a: ShineBright|8\/100|[from] Grassy Terrain\n|upkeep\n|\n|t:|1700143064\n|switch|p2a: Ambipom|Ambipom, M|100\/100\n|turn|4\n|\n|t:|1700143069\n|-terastallize|p1a: ShineBright|Ghost\n|move|p2a: Ambipom|Fake Out|p1a: ShineBright\n|-immune|p1a: ShineBright\n|move|p1a: ShineBright|Magma Storm|p2a: Ambipom\n|-damage|p2a: Ambipom|0 fnt\n|faint|p2a: Ambipom\n|\n|-heal|p1a: ShineBright|14\/100|[from] Grassy Terrain\n|upkeep\n|\n|t:|1700143084\n|switch|p2a: Passimian|Passimian, M|100\/100\n|turn|5\n|\n|t:|1700143092\n|move|p2a: Passimian|Earthquake|p1a: ShineBright\n|-damage|p1a: ShineBright|0 fnt\n|faint|p1a: ShineBright\n|\n|-fieldend|move: Grassy Terrain\n|upkeep\n|\n|t:|1700143096\n|switch|p1a: Fidora|Hatterene, F|100\/100\n|turn|6\n|\n|t:|1700143103\n|switch|p2a: Zarude|Zarude|100\/100\n|move|p1a: Fidora|Nuzzle|p2a: Zarude\n|-resisted|p2a: Zarude\n|-damage|p2a: Zarude|99\/100\n|-status|p2a: Zarude|par\n|\n|upkeep\n|turn|7\n|\n|t:|1700143112\n|move|p2a: Zarude|Swords Dance|p2a: Zarude\n|-boost|p2a: Zarude|atk|2\n|move|p1a: Fidora|Calm Mind|p1a: Fidora\n|-boost|p1a: Fidora|spa|1\n|-boost|p1a: Fidora|spd|1\n|\n|upkeep\n|turn|8\n|\n|t:|1700143118\n|move|p2a: Zarude|Crunch|p1a: Fidora\n|-damage|p1a: Fidora|35\/100\n|move|p1a: Fidora|Draining Kiss|p2a: Zarude\n|-supereffective|p2a: Zarude\n|-damage|p2a: Zarude|29\/100 par\n|-heal|p1a: Fidora|94\/100|[from] drain|[of] p2a: Zarude\n|\n|upkeep\n|turn|9\n|\n|t:|1700143128\n|switch|p2a: Infernape|Infernape, M|100\/100\n|move|p1a: Fidora|Draining Kiss|p2a: Infernape\n|-damage|p2a: Infernape|49\/100\n|-heal|p1a: Fidora|100\/100|[from] drain|[of] p2a: Infernape\n|\n|upkeep\n|turn|10\n|\n|t:|1700143134\n|move|p2a: Infernape|Fire Blast|p1a: Fidora\n|-damage|p1a: Fidora|59\/100\n|-damage|p2a: Infernape|39\/100|[from] item: Life Orb\n|move|p1a: Fidora|Draining Kiss|p2a: Infernape\n|-damage|p2a: Infernape|0 fnt\n|-heal|p1a: Fidora|86\/100|[from] drain|[of] p2a: Infernape\n|faint|p2a: Infernape\n|\n|upkeep\n|\n|t:|1700143143\n|switch|p2a: Rillaboom|Rillaboom, F|100\/100\n|-fieldstart|move: Grassy Terrain|[from] ability: Grassy Surge|[of] p2a: Rillaboom\n|-enditem|p1a: Fidora|Grassy Seed\n|-boost|p1a: Fidora|def|1|[from] item: Grassy Seed\n|turn|11\n|\n|t:|1700143151\n|move|p2a: Rillaboom|Knock Off|p1a: Fidora\n|-damage|p1a: Fidora|74\/100\n|move|p1a: Fidora|Nuzzle|p2a: Rillaboom\n|-resisted|p2a: Rillaboom\n|-damage|p2a: Rillaboom|98\/100\n|-status|p2a: Rillaboom|par\n|\n|-heal|p2a: Rillaboom|100\/100 par|[from] Grassy Terrain\n|-heal|p1a: Fidora|80\/100|[from] Grassy Terrain\n|upkeep\n|turn|12\n|\n|t:|1700143155\n|move|p2a: Rillaboom|Grassy Glide|p1a: Fidora\n|-damage|p1a: Fidora|58\/100\n|move|p1a: Fidora|Draining Kiss|p2a: Rillaboom\n|-damage|p2a: Rillaboom|55\/100 par\n|-heal|p1a: Fidora|95\/100|[from] drain|[of] p2a: Rillaboom\n|\n|-heal|p2a: Rillaboom|61\/100 par|[from] Grassy Terrain\n|-heal|p1a: Fidora|100\/100|[from] Grassy Terrain\n|upkeep\n|turn|13\n|\n|t:|1700143162\n|move|p2a: Rillaboom|U-turn|p1a: Fidora\n|-damage|p1a: Fidora|88\/100\n|-message|chimping around forfeited.\n|\n|win|GrassyStandard\n|raw|GrassyStandard's rating: 1000 &rarr; <strong>1040<\/strong><br \/>(+40 for winning)\n|raw|chimping around's rating: 1000 &rarr; <strong>1000<\/strong><br \/>(+0 for losing)\n|l|\u2606chimping around\n","uploadtime":1700143168,"views":11,"p1id":"grassystandard","p2id":"chimpingaround","formatid":"gen9ou","rating":1000,"private":0,"password":""}