{"id":"gen9ou-1993764827","p1":"TestAccount619","p2":"Mudkip4005","format":"[Gen 9] OU","log":"|j|\u2606TestAccount619\n|j|\u2606Mudkip4005\n|t:|1700354542\n|gametype|singles\n|player|p1|TestAccount619|169|1226\n|player|p2|Mudkip4005|170|1303\n|teamsize|p1|6\n|teamsize|p2|6\n|gen|9\n|tier|[Gen 9] OU\n|rated|\n|rule|Sleep Clause Mod: Limit one foe put to sleep\n|rule|Species Clause: Limit one of each Pok\u00e9mon\n|rule|OHKO Clause: OHKO moves are banned\n|rule|Evasion Items Clause: Evasion items are banned\n|rule|Evasion Moves Clause: Evasion moves are banned\n|rule|Endless Battle Clause: Forcing endless battles is banned\n|rule|HP Percentage Mod: HP is shown in percentages\n|clearpoke\n|poke|p1|Samurott-Hisui, M|\n|poke|p1|Gholdengo|\n|poke|p1|Ting-Lu|\n|poke|p1|Hatterene, F|\n|poke|p1|Breloom, M|\n|poke|p1|Dragonite, M|\n|poke|p2|Pelipper, F|\n|poke|p2|Arcanine-Hisui, F|\n|poke|p2|Krookodile, F|\n|poke|p2|Volcanion|\n|poke|p2|Toedscruel, M|\n|poke|p2|Dragapult, F|\n|teampreview\n|inactive|Battle timer is ON: inactive players will automatically lose when time's up. (requested by Mudkip4005)\n|\n|t:|1700354556\n|start\n|switch|p1a: Samurott|Samurott-Hisui, M|100\/100\n|switch|p2a: Pelipper|Pelipper, F|100\/100\n|-weather|RainDance|[from] ability: Drizzle|[of] p2a: Pelipper\n|turn|1\n|\n|t:|1700354571\n|move|p1a: Samurott|Ceaseless Edge|p2a: Pelipper\n|-damage|p2a: Pelipper|50\/100\n|-sidestart|p2: Mudkip4005|Spikes\n|move|p2a: Pelipper|Hurricane|p1a: Samurott\n|-damage|p1a: Samurott|51\/100\n|-start|p1a: Samurott|confusion\n|\n|-weather|RainDance|[upkeep]\n|upkeep\n|turn|2\n|\n|t:|1700354584\n|switch|p1a: Gholdengo|Gholdengo|100\/100\n|move|p2a: Pelipper|Hurricane|p1a: Gholdengo\n|-resisted|p1a: Gholdengo\n|-damage|p1a: Gholdengo|77\/100\n|\n|-weather|RainDance|[upkeep]\n|-heal|p1a: Gholdengo|83\/100|[from] item: Leftovers\n|upkeep\n|turn|3\n|\n|t:|1700354599\n|move|p1a: Gholdengo|Thunder Wave|p2a: Pelipper\n|-status|p2a: Pelipper|par\n|move|p2a: Pelipper|Tailwind|p2a: Pelipper\n|-sidestart|p2: Mudkip4005|move: Tailwind\n|\n|-weather|RainDance|[upkeep]\n|-heal|p1a: Gholdengo|89\/100|[from] item: Leftovers\n|upkeep\n|turn|4\n|\n|t:|1700354624\n|switch|p2a: Toedscruel|Toedscruel, M|100\/100\n|-damage|p2a: Toedscruel|88\/100|[from] Spikes\n|move|p1a: Gholdengo|Hex|p2a: Toedscruel\n|-damage|p2a: Toedscruel|71\/100\n|\n|-weather|RainDance|[upkeep]\n|-heal|p1a: Gholdengo|95\/100|[from] item: Leftovers\n|upkeep\n|turn|5\n|\n|t:|1700354636\n|switch|p1a: Breloom|Breloom, M, shiny|100\/100\n|move|p2a: Toedscruel|Spore|p1a: Breloom\n|-immune|p1a: Breloom\n|\n|-weather|RainDance|[upkeep]\n|upkeep\n|turn|6\n|\n|t:|1700354646\n|move|p2a: Toedscruel|Rapid Spin|p1a: Breloom\n|-damage|p1a: Breloom|89\/100\n|-boost|p2a: Toedscruel|spe|1\n|-sideend|p2: Mudkip4005|Spikes|[from] move: Rapid Spin|[of] p2a: Toedscruel\n|move|p1a: Breloom|Rock Tomb|p2a: Toedscruel\n|-resisted|p2a: Toedscruel\n|-damage|p2a: Toedscruel|36\/100\n|-unboost|p2a: Toedscruel|spe|1\n|\n|-weather|RainDance|[upkeep]\n|-sideend|p2: Mudkip4005|move: Tailwind\n|upkeep\n|turn|7\n|\n|t:|1700354667\n|move|p1a: Breloom|Rock Tomb|p2a: Toedscruel\n|-resisted|p2a: Toedscruel\n|-damage|p2a: Toedscruel|0 fnt\n|faint|p2a: Toedscruel\n|\n|-weather|RainDance|[upkeep]\n|upkeep\n|\n|t:|1700354680\n|switch|p2a: Dragapult|Dragapult, F|100\/100\n|turn|8\n|\n|t:|1700354690\n|switch|p1a: Ting-Lu|Ting-Lu|100\/100\n|-ability|p1a: Ting-Lu|Vessel of Ruin\n|move|p2a: Dragapult|Dragon Darts|p1a: Ting-Lu\n|-crit|p1a: Ting-Lu\n|-damage|p1a: Ting-Lu|79\/100\n|-anim|p2a: Dragapult|Dragon Darts|p1a: Ting-Lu\n|-damage|p1a: Ting-Lu|64\/100\n|\n|-weather|none\n|-heal|p1a: Ting-Lu|70\/100|[from] item: Leftovers\n|upkeep\n|turn|9\n|inactive|Mudkip4005 has 120 seconds left.\n|\n|t:|1700354706\n|switch|p2a: Pelipper|Pelipper, F|50\/100 par\n|-weather|RainDance|[from] ability: Drizzle|[of] p2a: Pelipper\n|move|p1a: Ting-Lu|Stealth Rock|p2a: Pelipper\n|-sidestart|p2: Mudkip4005|move: Stealth Rock\n|\n|-weather|RainDance|[upkeep]\n|-heal|p1a: Ting-Lu|77\/100|[from] item: Leftovers\n|upkeep\n|turn|10\n|\n|t:|1700354714\n|cant|p2a: Pelipper|par\n|move|p1a: Ting-Lu|Whirlwind|p2a: Pelipper\n|drag|p2a: Arcanine|Arcanine-Hisui, F|100\/100\n|-damage|p2a: Arcanine|76\/100|[from] Stealth Rock\n|\n|-weather|RainDance|[upkeep]\n|-heal|p1a: Ting-Lu|83\/100|[from] item: Leftovers\n|upkeep\n|turn|11\n|\n|t:|1700354724\n|move|p2a: Arcanine|Head Smash|p1a: Ting-Lu\n|-resisted|p1a: Ting-Lu\n|-damage|p1a: Ting-Lu|52\/100\n|move|p1a: Ting-Lu|Earthquake|p2a: Arcanine\n|-supereffective|p2a: Arcanine\n|-damage|p2a: Arcanine|0 fnt\n|faint|p2a: Arcanine\n|\n|-weather|RainDance|[upkeep]\n|-heal|p1a: Ting-Lu|58\/100|[from] item: Leftovers\n|upkeep\n|\n|t:|1700354735\n|switch|p2a: Volcanion|Volcanion|100\/100\n|-damage|p2a: Volcanion|76\/100|[from] Stealth Rock\n|turn|12\n|\n|t:|1700354750\n|-terastallize|p1a: Ting-Lu|Dark\n|move|p2a: Volcanion|Steam Eruption|p1a: Ting-Lu\n|-damage|p1a: Ting-Lu|25\/100\n|-status|p1a: Ting-Lu|brn\n|move|p1a: Ting-Lu|Earthquake|p2a: Volcanion\n|-supereffective|p2a: Volcanion\n|-damage|p2a: Volcanion|40\/100\n|\n|-weather|RainDance|[upkeep]\n|-heal|p1a: Ting-Lu|32\/100 brn|[from] item: Leftovers\n|-damage|p1a: Ting-Lu|25\/100 brn|[from] brn\n|upkeep\n|turn|13\n|\n|t:|1700354775\n|switch|p1a: Dragonite|Dragonite, M, shiny|100\/100\n|move|p2a: Volcanion|Steam Eruption|p1a: Dragonite\n|-resisted|p1a: Dragonite\n|-damage|p1a: Dragonite|78\/100\n|\n|-weather|RainDance|[upkeep]\n|upkeep\n|turn|14\n|\n|t:|1700354783\n|move|p2a: Volcanion|Steam Eruption|p1a: Dragonite\n|-resisted|p1a: Dragonite\n|-damage|p1a: Dragonite|31\/100\n|move|p1a: Dragonite|Dragon Dance|p1a: Dragonite\n|-boost|p1a: Dragonite|atk|1\n|-boost|p1a: Dragonite|spe|1\n|\n|-weather|RainDance|[upkeep]\n|upkeep\n|turn|15\n|\n|t:|1700354792\n|move|p2a: Volcanion|Steam Eruption|p1a: Dragonite\n|-resisted|p1a: Dragonite\n|-damage|p1a: Dragonite|0 fnt\n|faint|p1a: Dragonite\n|\n|-weather|RainDance|[upkeep]\n|upkeep\n|\n|t:|1700354796\n|switch|p1a: Breloom|Breloom, M, shiny|89\/100\n|turn|16\n|\n|t:|1700354801\n|move|p1a: Breloom|Mach Punch|p2a: Volcanion\n|-damage|p2a: Volcanion|0 fnt\n|faint|p2a: Volcanion\n|\n|-weather|none\n|upkeep\n|\n|t:|1700354811\n|switch|p2a: Pelipper|Pelipper, F|50\/100 par\n|-damage|p2a: Pelipper|25\/100 par|[from] Stealth Rock\n|-weather|RainDance|[from] ability: Drizzle|[of] p2a: Pelipper\n|turn|17\n|\n|t:|1700354817\n|switch|p1a: Hatterene|Hatterene, F, shiny|100\/100\n|move|p2a: Pelipper|Hurricane|p1a: Hatterene\n|-damage|p1a: Hatterene|45\/100\n|\n|-weather|RainDance|[upkeep]\n|-heal|p1a: Hatterene|51\/100|[from] item: Leftovers\n|upkeep\n|turn|18\n|\n|t:|1700354826\n|move|p1a: Hatterene|Calm Mind|p1a: Hatterene\n|-boost|p1a: Hatterene|spa|1\n|-boost|p1a: Hatterene|spd|1\n|move|p2a: Pelipper|Hurricane|p1a: Hatterene\n|-damage|p1a: Hatterene|16\/100\n|-start|p1a: Hatterene|confusion\n|\n|-weather|RainDance|[upkeep]\n|-heal|p1a: Hatterene|22\/100|[from] item: Leftovers\n|upkeep\n|turn|19\n|\n|t:|1700354837\n|-activate|p1a: Hatterene|confusion\n|move|p1a: Hatterene|Draining Kiss|p2a: Pelipper\n|-damage|p2a: Pelipper|0 fnt\n|-heal|p1a: Hatterene|40\/100|[from] drain|[of] p2a: Pelipper\n|faint|p2a: Pelipper\n|\n|-weather|RainDance|[upkeep]\n|-heal|p1a: Hatterene|46\/100|[from] item: Leftovers\n|upkeep\n|\n|t:|1700354846\n|switch|p2a: Dragapult|Dragapult, F|100\/100\n|-damage|p2a: Dragapult|88\/100|[from] Stealth Rock\n|turn|20\n|\n|t:|1700354855\n|move|p2a: Dragapult|Shadow Ball|p1a: Hatterene\n|-supereffective|p1a: Hatterene\n|-damage|p1a: Hatterene|6\/100\n|-unboost|p1a: Hatterene|spd|1\n|-activate|p1a: Hatterene|confusion\n|move|p1a: Hatterene|Draining Kiss|p2a: Dragapult\n|-supereffective|p2a: Dragapult\n|-damage|p2a: Dragapult|3\/100\n|-heal|p1a: Hatterene|70\/100|[from] drain|[of] p2a: Dragapult\n|\n|-weather|RainDance|[upkeep]\n|-heal|p1a: Hatterene|76\/100|[from] item: Leftovers\n|upkeep\n|turn|21\n|\n|t:|1700354867\n|move|p2a: Dragapult|Shadow Ball|p1a: Hatterene\n|-supereffective|p1a: Hatterene\n|-damage|p1a: Hatterene|17\/100\n|-end|p1a: Hatterene|confusion\n|move|p1a: Hatterene|Draining Kiss|p2a: Dragapult\n|-supereffective|p2a: Dragapult\n|-damage|p2a: Dragapult|0 fnt\n|-heal|p1a: Hatterene|19\/100|[from] drain|[of] p2a: Dragapult\n|faint|p2a: Dragapult\n|\n|-weather|RainDance|[upkeep]\n|-heal|p1a: Hatterene|25\/100|[from] item: Leftovers\n|upkeep\n|inactive|Mudkip4005 has 120 seconds left.\n|l|\u2606Mudkip4005\n|inactive|Mudkip4005 disconnected and has a minute to reconnect!\n|player|p2|\n|inactive|Mudkip4005 has 30 seconds to reconnect!\n|inactive|Mudkip4005 has 20 seconds to reconnect!\n|inactive|Mudkip4005 has 15 seconds to reconnect!\n|inactive|Mudkip4005 has 10 seconds to reconnect!\n|inactive|Mudkip4005 has 5 seconds to reconnect!\n|-message|Mudkip4005 lost due to inactivity.\n|\n|win|TestAccount619\n|raw|TestAccount619's rating: 1226 &rarr; <strong>1256<\/strong><br \/>(+30 for winning)\n|raw|Mudkip4005's rating: 1303 &rarr; <strong>1279<\/strong><br \/>(-24 for losing)\n","uploadtime":1700354993,"views":17,"p1id":"testaccount619","p2id":"mudkip4005","formatid":"gen9ou","rating":1256,"private":0,"password":""}