{"id":"gen9ou-1995012421","p1":"Zovafire","p2":"Nugget O Silver","format":"[Gen 9] OU","log":"|j|\u2606Zovafire\n|j|\u2606Nugget O Silver\n|t:|1700513288\n|gametype|singles\n|player|p1|Zovafire|roxie|\n|player|p2|Nugget O Silver|colress|\n|teamsize|p1|6\n|teamsize|p2|6\n|gen|9\n|tier|[Gen 9] OU\n|rule|Sleep Clause Mod: Limit one foe put to sleep\n|rule|Species Clause: Limit one of each Pok\u00e9mon\n|rule|OHKO Clause: OHKO moves are banned\n|rule|Evasion Items Clause: Evasion items are banned\n|rule|Evasion Moves Clause: Evasion moves are banned\n|rule|Endless Battle Clause: Forcing endless battles is banned\n|rule|HP Percentage Mod: HP is shown in percentages\n|clearpoke\n|poke|p1|Great Tusk|\n|poke|p1|Ogerpon-Wellspring, F|\n|poke|p1|Hatterene, F|\n|poke|p1|Kingambit, M|\n|poke|p1|Meowscarada, F|\n|poke|p1|Ninetales-Alola, F|\n|poke|p2|Rillaboom, M|\n|poke|p2|Hawlucha, M|\n|poke|p2|Zamazenta-*|\n|poke|p2|Ogerpon-Cornerstone, F|\n|poke|p2|Great Tusk|\n|poke|p2|Iron Moth|\n|teampreview\n|inactive|Battle timer is ON: inactive players will automatically lose when time's up. (requested by Zovafire)\n|c|\u2606Nugget O Silver|How do you just always know when I\u2019m online? \ud83d\ude2d\n|inactive|Nugget O Silver has 270 seconds left.\n|\n|t:|1700513325\n|start\n|switch|p1a: Great Tusk|Great Tusk|100\/100\n|switch|p2a: Ogerpon|Ogerpon-Cornerstone, F|100\/100\n|-enditem|p1a: Great Tusk|Booster Energy\n|-activate|p1a: Great Tusk|ability: Protosynthesis|[fromitem]\n|-start|p1a: Great Tusk|protosynthesisspe\n|turn|1\n|c|\u2606Zovafire|it tells me \ud83d\ude2d\n|c|\u2606Zovafire|so i challenge\n|\n|t:|1700513347\n|move|p1a: Great Tusk|Ice Spinner|p2a: Ogerpon\n|-supereffective|p2a: Ogerpon\n|-damage|p2a: Ogerpon|39\/100\n|move|p2a: Ogerpon|Power Whip|p1a: Great Tusk\n|-supereffective|p1a: Great Tusk\n|-damage|p1a: Great Tusk|18\/100\n|\n|upkeep\n|turn|2\n|c|\u2606Nugget O Silver|Oh, damn. I literally just got home\n|c|\u2606Zovafire|lmao\n|c|\u2606Nugget O Silver|I\u2019m still in my car\n|\n|t:|1700513365\n|move|p1a: Great Tusk|Headlong Rush|p2a: Ogerpon\n|-damage|p2a: Ogerpon|0 fnt\n|-unboost|p1a: Great Tusk|def|1\n|-unboost|p1a: Great Tusk|spd|1\n|faint|p2a: Ogerpon\n|\n|upkeep\n|\n|t:|1700513370\n|switch|p2a: Rillaboom|Rillaboom, M|100\/100\n|-fieldstart|move: Grassy Terrain|[from] ability: Grassy Surge|[of] p2a: Rillaboom\n|turn|3\n|\n|t:|1700513376\n|move|p2a: Rillaboom|Grassy Glide|p1a: Great Tusk\n|-supereffective|p1a: Great Tusk\n|-damage|p1a: Great Tusk|0 fnt\n|faint|p1a: Great Tusk\n|-end|p1a: Great Tusk|Protosynthesis|[silent]\n|\n|upkeep\n|\n|t:|1700513381\n|switch|p1a: Shiver Tails|Ninetales-Alola, F|100\/100\n|-weather|Snow|[from] ability: Snow Warning|[of] p1a: Shiver Tails\n|turn|4\n|\n|t:|1700513387\n|move|p2a: Rillaboom|Grassy Glide|p1a: Shiver Tails\n|-damage|p1a: Shiver Tails|50\/100\n|move|p1a: Shiver Tails|Aurora Veil|p1a: Shiver Tails\n|-sidestart|p1: Zovafire|move: Aurora Veil\n|\n|-weather|Snow|[upkeep]\n|-heal|p1a: Shiver Tails|56\/100|[from] Grassy Terrain\n|upkeep\n|turn|5\n|\n|t:|1700513400\n|switch|p2a: Iron Moth|Iron Moth|100\/100\n|-enditem|p2a: Iron Moth|Booster Energy\n|-activate|p2a: Iron Moth|ability: Quark Drive|[fromitem]\n|-start|p2a: Iron Moth|quarkdrivespe\n|move|p1a: Shiver Tails|Freeze-Dry|p2a: Iron Moth\n|-resisted|p2a: Iron Moth\n|-damage|p2a: Iron Moth|90\/100\n|\n|-weather|Snow|[upkeep]\n|-heal|p2a: Iron Moth|96\/100|[from] Grassy Terrain\n|-heal|p1a: Shiver Tails|62\/100|[from] Grassy Terrain\n|upkeep\n|turn|6\n|\n|t:|1700513429\n|move|p2a: Iron Moth|Fiery Dance|p1a: Shiver Tails\n|-supereffective|p1a: Shiver Tails\n|-damage|p1a: Shiver Tails|24\/100\n|move|p1a: Shiver Tails|Moonblast|p2a: Iron Moth\n|-resisted|p2a: Iron Moth\n|-damage|p2a: Iron Moth|88\/100\n|\n|-weather|Snow|[upkeep]\n|-heal|p2a: Iron Moth|94\/100|[from] Grassy Terrain\n|-heal|p1a: Shiver Tails|30\/100|[from] Grassy Terrain\n|upkeep\n|turn|7\n|c|\u2606Nugget O Silver|My team really needs veil Ngl\n|\n|t:|1700513436\n|move|p2a: Iron Moth|Fiery Dance|p1a: Shiver Tails\n|-supereffective|p1a: Shiver Tails\n|-damage|p1a: Shiver Tails|0 fnt\n|faint|p1a: Shiver Tails\n|\n|-weather|Snow|[upkeep]\n|-heal|p2a: Iron Moth|99\/100|[from] Grassy Terrain\n|-fieldend|move: Grassy Terrain\n|upkeep\n|\n|t:|1700513439\n|switch|p1a: Fungal Witch|Hatterene, F|100\/100\n|turn|8\n|c|\u2606Zovafire|i feel like veil low-key is a limit\n|\n|t:|1700513458\n|-terastallize|p2a: Iron Moth|Ghost\n|move|p2a: Iron Moth|Fiery Dance|p1a: Fungal Witch\n|-damage|p1a: Fungal Witch|80\/100\n|move|p1a: Fungal Witch|Nuzzle|p2a: Iron Moth\n|-damage|p2a: Iron Moth|95\/100\n|-status|p2a: Iron Moth|par\n|\n|-weather|none\n|-heal|p1a: Fungal Witch|86\/100|[from] item: Leftovers\n|upkeep\n|turn|9\n|inactive|Zovafire has 270 seconds left.\n|\n|t:|1700513479\n|move|p2a: Iron Moth|Fiery Dance|p1a: Fungal Witch\n|-damage|p1a: Fungal Witch|66\/100\n|-boost|p2a: Iron Moth|spa|1\n|move|p1a: Fungal Witch|Calm Mind|p1a: Fungal Witch\n|-boost|p1a: Fungal Witch|spa|1\n|-boost|p1a: Fungal Witch|spd|1\n|\n|-heal|p1a: Fungal Witch|72\/100|[from] item: Leftovers\n|upkeep\n|turn|10\n|c|\u2606Nugget O Silver|Lucha needs to get an SD easily\n|\n|t:|1700513494\n|move|p2a: Iron Moth|Fiery Dance|p1a: Fungal Witch\n|-damage|p1a: Fungal Witch|51\/100\n|move|p1a: Fungal Witch|Calm Mind|p1a: Fungal Witch\n|-boost|p1a: Fungal Witch|spa|1\n|-boost|p1a: Fungal Witch|spd|1\n|\n|-heal|p1a: Fungal Witch|57\/100|[from] item: Leftovers\n|upkeep\n|turn|11\n|\n|t:|1700513511\n|cant|p2a: Iron Moth|par\n|move|p1a: Fungal Witch|Draining Kiss|p2a: Iron Moth\n|-damage|p2a: Iron Moth|49\/100 par\n|-heal|p1a: Fungal Witch|89\/100|[from] drain|[of] p2a: Iron Moth\n|\n|-heal|p1a: Fungal Witch|95\/100|[from] item: Leftovers\n|-sideend|p1: Zovafire|move: Aurora Veil\n|upkeep\n|turn|12\n|\n|t:|1700513521\n|move|p2a: Iron Moth|Sludge Wave|p1a: Fungal Witch\n|-supereffective|p1a: Fungal Witch\n|-damage|p1a: Fungal Witch|15\/100\n|-status|p1a: Fungal Witch|psn\n|move|p1a: Fungal Witch|Calm Mind|p1a: Fungal Witch\n|-boost|p1a: Fungal Witch|spa|1\n|-boost|p1a: Fungal Witch|spd|1\n|\n|-heal|p1a: Fungal Witch|21\/100 psn|[from] item: Leftovers\n|-damage|p1a: Fungal Witch|9\/100 psn|[from] psn\n|upkeep\n|turn|13\n|\n|t:|1700513525\n|move|p2a: Iron Moth|Fiery Dance|p1a: Fungal Witch\n|-damage|p1a: Fungal Witch|0 fnt\n|faint|p1a: Fungal Witch\n|\n|upkeep\n|c|\u2606Nugget O Silver|Iron Moth is a fair and honest mon\n|c|\u2606Zovafire|lmao\n|inactive|Zovafire has 270 seconds left.\n|\n|t:|1700513557\n|switch|p1a: Purring Mask|Meowscarada, F, shiny|100\/100\n|turn|14\n|\n|t:|1700513561\n|move|p1a: Purring Mask|Knock Off|p2a: Iron Moth\n|-start|p1a: Purring Mask|typechange|Dark|[from] ability: Protean\n|-supereffective|p2a: Iron Moth\n|-damage|p2a: Iron Moth|0 fnt\n|faint|p2a: Iron Moth\n|-end|p2a: Iron Moth|Quark Drive|[silent]\n|\n|upkeep\n|\n|t:|1700513569\n|switch|p2a: Rillaboom|Rillaboom, M|100\/100\n|-fieldstart|move: Grassy Terrain|[from] ability: Grassy Surge|[of] p2a: Rillaboom\n|turn|15\n|\n|t:|1700513574\n|switch|p1a: Wellspring Cudgel|Ogerpon-Wellspring, F|100\/100\n|move|p2a: Rillaboom|U-turn|p1a: Wellspring Cudgel\n|-supereffective|p1a: Wellspring Cudgel\n|-damage|p1a: Wellspring Cudgel|0 fnt\n|faint|p1a: Wellspring Cudgel\n|\n|t:|1700513579\n|switch|p2a: Hawlucha|Hawlucha, M|100\/100|[from] U-turn\n|-enditem|p2a: Hawlucha|Grassy Seed\n|-boost|p2a: Hawlucha|def|1|[from] item: Grassy Seed\n|\n|upkeep\n|c|\u2606Zovafire|band\n|\n|t:|1700513586\n|switch|p1a: Iron Overlord|Kingambit, M|100\/100\n|-activate|p1a: Iron Overlord|ability: Supreme Overlord\n|-start|p1a: Iron Overlord|fallen4|[silent]\n|turn|16\n|\n|t:|1700513594\n|-terastallize|p1a: Iron Overlord|Fairy\n|move|p2a: Hawlucha|Fire Punch|p1a: Iron Overlord\n|-damage|p1a: Iron Overlord|81\/100\n|move|p1a: Iron Overlord|Iron Head|p2a: Hawlucha\n|-damage|p2a: Hawlucha|37\/100\n|\n|-heal|p1a: Iron Overlord|87\/100|[from] Grassy Terrain\n|-heal|p1a: Iron Overlord|93\/100|[from] item: Leftovers\n|upkeep\n|turn|17\n|\n|t:|1700513603\n|move|p2a: Hawlucha|Acrobatics|p1a: Iron Overlord\n|-damage|p1a: Iron Overlord|54\/100\n|move|p1a: Iron Overlord|Iron Head|p2a: Hawlucha\n|-damage|p2a: Hawlucha|0 fnt\n|faint|p2a: Hawlucha\n|\n|-heal|p1a: Iron Overlord|60\/100|[from] Grassy Terrain\n|-heal|p1a: Iron Overlord|66\/100|[from] item: Leftovers\n|upkeep\n|\n|t:|1700513610\n|switch|p2a: Rillaboom|Rillaboom, M|100\/100\n|turn|18\n|\n|t:|1700513614\n|-end|p1a: Iron Overlord|fallen4|[silent]\n|switch|p1a: Purring Mask|Meowscarada, F, shiny|100\/100\n|move|p2a: Rillaboom|Wood Hammer|p1a: Purring Mask\n|-resisted|p1a: Purring Mask\n|-damage|p1a: Purring Mask|0 fnt\n|faint|p1a: Purring Mask\n|-damage|p2a: Rillaboom|72\/100|[from] Recoil\n|\n|-heal|p2a: Rillaboom|78\/100|[from] Grassy Terrain\n|upkeep\n|\n|t:|1700513618\n|switch|p1a: Iron Overlord|Kingambit, M, tera:Fairy|66\/100\n|-activate|p1a: Iron Overlord|ability: Supreme Overlord\n|-start|p1a: Iron Overlord|fallen5|[silent]\n|turn|19\n|\n|t:|1700513623\n|move|p1a: Iron Overlord|Sucker Punch|p2a: Rillaboom\n|-damage|p2a: Rillaboom|8\/100\n|move|p2a: Rillaboom|Wood Hammer|p1a: Iron Overlord\n|-damage|p1a: Iron Overlord|0 fnt\n|faint|p1a: Iron Overlord\n|-end|p1a: Iron Overlord|fallen5|[silent]\n|-damage|p2a: Rillaboom|0 fnt|[from] Recoil\n|faint|p2a: Rillaboom\n|\n|win|Nugget O Silver\n|c|\u2606Zovafire|gg\n|c|\u2606Nugget O Silver|gg\n","uploadtime":1700513635,"views":12,"p1id":"zovafire","p2id":"nuggetosilver","formatid":"gen9ou","rating":0,"private":0,"password":""}