{"id":"gen9ou-1990126313","p1":"Vu~Anpi !!","p2":"gtgriest","format":"[Gen 9] OU","log":"|j|\u2606Vu~Anpi !!\n|j|\u2606gtgriest\n|t:|1699927368\n|gametype|singles\n|player|p1|Vu~Anpi !!|iono|1290\n|player|p2|gtgriest|clerk|1222\n|teamsize|p1|6\n|teamsize|p2|6\n|gen|9\n|tier|[Gen 9] OU\n|rated|\n|rule|Sleep Clause Mod: Limit one foe put to sleep\n|rule|Species Clause: Limit one of each Pok\u00e9mon\n|rule|OHKO Clause: OHKO moves are banned\n|rule|Evasion Items Clause: Evasion items are banned\n|rule|Evasion Moves Clause: Evasion moves are banned\n|rule|Endless Battle Clause: Forcing endless battles is banned\n|rule|HP Percentage Mod: HP is shown in percentages\n|clearpoke\n|poke|p1|Ribombee, M|\n|poke|p1|Ogerpon-Wellspring, F|\n|poke|p1|Great Tusk|\n|poke|p1|Kingambit, F|\n|poke|p1|Mamoswine, F|\n|poke|p1|Iron Moth|\n|poke|p2|Great Tusk|\n|poke|p2|Corviknight, F|\n|poke|p2|Toxapex, M|\n|poke|p2|Dragapult, F|\n|poke|p2|Zamazenta-*|\n|poke|p2|Walking Wake|\n|teampreview\n|inactive|Battle timer is ON: inactive players will automatically lose when time's up. (requested by Vu~Anpi !!)\n|inactive|gtgriest also wants the timer to be on.\n|\n|t:|1699927379\n|start\n|switch|p1a: Sadge|Ogerpon-Wellspring, F|100\/100\n|switch|p2a: Walking Wake|Walking Wake|100\/100\n|turn|1\n|\n|t:|1699927386\n|move|p2a: Walking Wake|Draco Meteor|p1a: Sadge\n|-damage|p1a: Sadge|19\/100\n|-unboost|p2a: Walking Wake|spa|2\n|move|p1a: Sadge|Knock Off|p2a: Walking Wake\n|-damage|p2a: Walking Wake|60\/100\n|-enditem|p2a: Walking Wake|Choice Scarf|[from] move: Knock Off|[of] p1a: Sadge\n|\n|upkeep\n|turn|2\n|\n|t:|1699927398\n|switch|p1a: Gwen|Ribombee, M|100\/100\n|move|p2a: Walking Wake|Flamethrower|p1a: Gwen\n|-supereffective|p1a: Gwen\n|-damage|p1a: Gwen|54\/100\n|\n|upkeep\n|turn|3\n|\n|t:|1699927405\n|move|p1a: Gwen|Sticky Web|p2a: Walking Wake\n|-sidestart|p2: gtgriest|move: Sticky Web\n|move|p2a: Walking Wake|Flip Turn|p1a: Gwen\n|-damage|p1a: Gwen|28\/100\n|\n|t:|1699927409\n|-end|p2a: Walking Wake|Protosynthesis|[silent]\n|switch|p2a: Great Tusk|Great Tusk|100\/100|[from] Flip Turn\n|-activate|p2a: Great Tusk|move: Sticky Web\n|-unboost|p2a: Great Tusk|spe|1\n|-enditem|p2a: Great Tusk|Booster Energy\n|-activate|p2a: Great Tusk|ability: Protosynthesis|[fromitem]\n|-start|p2a: Great Tusk|protosynthesisatk\n|\n|upkeep\n|turn|4\n|\n|t:|1699927413\n|move|p1a: Gwen|Draining Kiss|p2a: Great Tusk\n|-supereffective|p2a: Great Tusk\n|-damage|p2a: Great Tusk|49\/100\n|-heal|p1a: Gwen|72\/100|[from] drain|[of] p2a: Great Tusk\n|move|p2a: Great Tusk|Rapid Spin|p1a: Gwen\n|-crit|p1a: Gwen\n|-damage|p1a: Gwen|22\/100\n|-boost|p2a: Great Tusk|spe|1\n|-sideend|p2: gtgriest|Sticky Web|[from] move: Rapid Spin|[of] p2a: Great Tusk\n|\n|upkeep\n|turn|5\n|\n|t:|1699927420\n|move|p1a: Gwen|Draining Kiss|p2a: Great Tusk\n|-supereffective|p2a: Great Tusk\n|-damage|p2a: Great Tusk|0 fnt\n|-heal|p1a: Gwen|63\/100|[from] drain|[of] p2a: Great Tusk\n|faint|p2a: Great Tusk\n|-end|p2a: Great Tusk|Protosynthesis|[silent]\n|\n|upkeep\n|\n|t:|1699927429\n|switch|p2a: Walking Wake|Walking Wake|60\/100\n|turn|6\n|\n|t:|1699927436\n|move|p1a: Gwen|Draining Kiss|p2a: Walking Wake\n|-supereffective|p2a: Walking Wake\n|-damage|p2a: Walking Wake|18\/100\n|-heal|p1a: Gwen|97\/100|[from] drain|[of] p2a: Walking Wake\n|move|p2a: Walking Wake|Flamethrower|p1a: Gwen\n|-supereffective|p1a: Gwen\n|-damage|p1a: Gwen|10\/100\n|\n|upkeep\n|turn|7\n|\n|t:|1699927441\n|move|p1a: Gwen|Draining Kiss|p2a: Walking Wake\n|-supereffective|p2a: Walking Wake\n|-damage|p2a: Walking Wake|0 fnt\n|-heal|p1a: Gwen|23\/100|[from] drain|[of] p2a: Walking Wake\n|faint|p2a: Walking Wake\n|-end|p2a: Walking Wake|Protosynthesis|[silent]\n|\n|upkeep\n|\n|t:|1699927442\n|switch|p2a: Dragapult|Dragapult, F|100\/100\n|turn|8\n|\n|t:|1699927447\n|move|p2a: Dragapult|Flamethrower|p1a: Gwen\n|-supereffective|p1a: Gwen\n|-crit|p1a: Gwen\n|-damage|p1a: Gwen|0 fnt\n|faint|p1a: Gwen\n|\n|upkeep\n|\n|t:|1699927449\n|switch|p1a: Man|Mamoswine, F|100\/100\n|turn|9\n|\n|t:|1699927454\n|switch|p2a: Corviknight|Corviknight, F|100\/100\n|-ability|p2a: Corviknight|Pressure\n|move|p1a: Man|Trailblaze|p2a: Corviknight\n|-resisted|p2a: Corviknight\n|-damage|p2a: Corviknight|97\/100\n|-boost|p1a: Man|spe|1\n|-damage|p1a: Man|84\/100|[from] item: Rocky Helmet|[of] p2a: Corviknight\n|\n|upkeep\n|turn|10\n|\n|t:|1699927460\n|move|p1a: Man|Icicle Spear|p2a: Corviknight\n|-damage|p2a: Corviknight|87\/100\n|-damage|p2a: Corviknight|78\/100\n|-damage|p2a: Corviknight|69\/100\n|-damage|p2a: Corviknight|59\/100\n|-damage|p2a: Corviknight|50\/100\n|-hitcount|p2a: Corviknight|5\n|move|p2a: Corviknight|U-turn|p1a: Man\n|-damage|p1a: Man|69\/100\n|\n|t:|1699927466\n|switch|p2a: Zamazenta|Zamazenta|100\/100|[from] U-turn\n|-ability|p2a: Zamazenta|Dauntless Shield|boost\n|-boost|p2a: Zamazenta|def|1\n|\n|upkeep\n|turn|11\n|\n|t:|1699927477\n|move|p1a: Man|Icicle Spear|p2a: Zamazenta\n|-damage|p2a: Zamazenta|94\/100\n|-damage|p2a: Zamazenta|86\/100\n|-damage|p2a: Zamazenta|79\/100\n|-damage|p2a: Zamazenta|72\/100\n|-damage|p2a: Zamazenta|65\/100\n|-hitcount|p2a: Zamazenta|5\n|move|p2a: Zamazenta|Iron Defense|p2a: Zamazenta\n|-boost|p2a: Zamazenta|def|2\n|\n|-heal|p2a: Zamazenta|71\/100|[from] item: Leftovers\n|upkeep\n|turn|12\n|\n|t:|1699927483\n|-terastallize|p2a: Zamazenta|Steel\n|move|p1a: Man|Trailblaze|p2a: Zamazenta\n|-resisted|p2a: Zamazenta\n|-damage|p2a: Zamazenta|69\/100\n|-boost|p1a: Man|spe|1\n|move|p2a: Zamazenta|Substitute|p2a: Zamazenta\n|-start|p2a: Zamazenta|Substitute\n|-damage|p2a: Zamazenta|44\/100\n|\n|-heal|p2a: Zamazenta|50\/100|[from] item: Leftovers\n|upkeep\n|turn|13\n|\n|t:|1699927487\n|move|p1a: Man|Earthquake|p2a: Zamazenta\n|-supereffective|p2a: Zamazenta\n|-end|p2a: Zamazenta|Substitute\n|move|p2a: Zamazenta|Body Press|p1a: Man\n|-supereffective|p1a: Man\n|-damage|p1a: Man|0 fnt\n|faint|p1a: Man\n|\n|-heal|p2a: Zamazenta|56\/100|[from] item: Leftovers\n|upkeep\n|\n|t:|1699927489\n|switch|p1a: Mecha Mothra|Iron Moth|100\/100\n|-enditem|p1a: Mecha Mothra|Booster Energy\n|-activate|p1a: Mecha Mothra|ability: Quark Drive|[fromitem]\n|-start|p1a: Mecha Mothra|quarkdrivespa\n|turn|14\n|\n|t:|1699927493\n|move|p2a: Zamazenta|Body Press|p1a: Mecha Mothra\n|-resisted|p1a: Mecha Mothra\n|-damage|p1a: Mecha Mothra|38\/100\n|move|p1a: Mecha Mothra|Fiery Dance|p2a: Zamazenta\n|-supereffective|p2a: Zamazenta\n|-damage|p2a: Zamazenta|0 fnt\n|faint|p2a: Zamazenta\n|\n|upkeep\n|\n|t:|1699927498\n|switch|p2a: Dragapult|Dragapult, F|100\/100\n|turn|15\n|\n|t:|1699927505\n|move|p2a: Dragapult|Shadow Ball|p1a: Mecha Mothra\n|-damage|p1a: Mecha Mothra|0 fnt\n|faint|p1a: Mecha Mothra\n|-end|p1a: Mecha Mothra|Quark Drive|[silent]\n|\n|upkeep\n|\n|t:|1699927511\n|switch|p1a: Elon Tusk|Great Tusk|100\/100\n|turn|16\n|\n|t:|1699927518\n|switch|p2a: Corviknight|Corviknight, F|50\/100\n|-ability|p2a: Corviknight|Pressure\n|move|p1a: Elon Tusk|Bulk Up|p1a: Elon Tusk\n|-boost|p1a: Elon Tusk|atk|1\n|-boost|p1a: Elon Tusk|def|1\n|\n|upkeep\n|turn|17\n|-message|gtgriest forfeited.\n|\n|win|Vu~Anpi !!\n|raw|Vu~Anpi !!'s rating: 1290 &rarr; <strong>1310<\/strong><br \/>(+20 for winning)\n|raw|gtgriest's rating: 1222 &rarr; <strong>1202<\/strong><br \/>(-20 for losing)\n|l|\u2606gtgriest\n","uploadtime":1699927526,"views":20,"p1id":"vuanpi","p2id":"gtgriest","formatid":"gen9ou","rating":1202,"private":0,"password":""}