{"id":"gen9ou-1994395006","p1":"Sebas99sevilla","p2":"OUFC Test1","format":"[Gen 9] OU","log":"|j|\u2606Sebas99sevilla\n|j|\u203dOUFC Test1\n|t:|1700438995\n|gametype|singles\n|player|p1|Sebas99sevilla|2|1603\n|player|p2|OUFC Test1|iono|1728\n|teamsize|p1|6\n|teamsize|p2|6\n|gen|9\n|tier|[Gen 9] OU\n|rated|\n|rule|Sleep Clause Mod: Limit one foe put to sleep\n|rule|Species Clause: Limit one of each Pok\u00e9mon\n|rule|OHKO Clause: OHKO moves are banned\n|rule|Evasion Items Clause: Evasion items are banned\n|rule|Evasion Moves Clause: Evasion moves are banned\n|rule|Endless Battle Clause: Forcing endless battles is banned\n|rule|HP Percentage Mod: HP is shown in percentages\n|clearpoke\n|poke|p1|Torterra, F|\n|poke|p1|Ninetales-Alola, M|\n|poke|p1|Azelf|\n|poke|p1|Haxorus, M|\n|poke|p1|Quaquaval, M|\n|poke|p1|Ceruledge, M|\n|poke|p2|Meowscarada, M|\n|poke|p2|Ogerpon, F|\n|poke|p2|Moltres|\n|poke|p2|Garganacl, M|\n|poke|p2|Samurott-Hisui, F|\n|poke|p2|Gholdengo|\n|teampreview\n|inactive|Battle timer is ON: inactive players will automatically lose when time's up. (requested by Sebas99sevilla)\n|inactive|OUFC Test1 has 120 seconds left.\n|\n|t:|1700439035\n|start\n|switch|p1a: Azelf|Azelf, shiny|100\/100\n|switch|p2a: Ogerpon|Ogerpon, F|100\/100\n|turn|1\n|\n|t:|1700439042\n|-terastallize|p2a: Ogerpon|Grass\n|detailschange|p2a: Ogerpon|Ogerpon-Teal-Tera, F, tera:Grass\n|-ability|p2a: Ogerpon|Embody Aspect (Teal)|boost\n|-boost|p2a: Ogerpon|spe|1\n|move|p2a: Ogerpon|U-turn|p1a: Azelf\n|-supereffective|p1a: Azelf\n|-enditem|p1a: Azelf|Focus Sash\n|-damage|p1a: Azelf|1\/100\n|\n|t:|1700439050\n|switch|p2a: Meowscarada|Meowscarada, M|100\/100|[from] U-turn\n|move|p1a: Azelf|Stealth Rock|p2a: Meowscarada\n|-sidestart|p2: OUFC Test1|move: Stealth Rock\n|\n|upkeep\n|turn|2\n|\n|t:|1700439054\n|move|p2a: Meowscarada|U-turn|p1a: Azelf\n|-start|p2a: Meowscarada|typechange|Bug|[from] ability: Protean\n|-supereffective|p1a: Azelf\n|-damage|p1a: Azelf|0 fnt\n|faint|p1a: Azelf\n|\n|t:|1700439056\n|switch|p2a: Ogerpon|Ogerpon-Teal-Tera, F, tera:Grass|100\/100|[from] U-turn\n|-damage|p2a: Ogerpon|88\/100|[from] Stealth Rock\n|-ability|p2a: Ogerpon|Embody Aspect (Teal)|boost\n|-boost|p2a: Ogerpon|spe|1\n|\n|upkeep\n|\n|t:|1700439077\n|switch|p1a: Ninetales|Ninetales-Alola, M, shiny|100\/100\n|-weather|Snow|[from] ability: Snow Warning|[of] p1a: Ninetales\n|turn|3\n|\n|t:|1700439101\n|move|p2a: Ogerpon|Ivy Cudgel|p1a: Ninetales\n|-damage|p1a: Ninetales|20\/100\n|move|p1a: Ninetales|Aurora Veil|p1a: Ninetales\n|-sidestart|p1: Sebas99sevilla|move: Aurora Veil\n|\n|-weather|Snow|[upkeep]\n|upkeep\n|turn|4\n|\n|t:|1700439110\n|move|p2a: Ogerpon|Ivy Cudgel|p1a: Ninetales\n|-damage|p1a: Ninetales|0 fnt\n|faint|p1a: Ninetales\n|\n|-weather|Snow|[upkeep]\n|upkeep\n|\n|t:|1700439125\n|switch|p1a: Haxorus|Haxorus, M, shiny|100\/100\n|-ability|p1a: Haxorus|Mold Breaker\n|turn|5\n|\n|t:|1700439128\n|switch|p2a: Garganacl|Garganacl, M|100\/100\n|-damage|p2a: Garganacl|88\/100|[from] Stealth Rock\n|move|p1a: Haxorus|Scale Shot|p2a: Garganacl\n|-damage|p2a: Garganacl|79\/100\n|-damage|p2a: Garganacl|70\/100\n|-damage|p2a: Garganacl|61\/100\n|-damage|p2a: Garganacl|52\/100\n|-hitcount|p2a: Garganacl|4\n|-unboost|p1a: Haxorus|def|1\n|-boost|p1a: Haxorus|spe|1\n|\n|-weather|Snow|[upkeep]\n|-heal|p2a: Garganacl|59\/100|[from] item: Leftovers\n|upkeep\n|turn|6\n|\n|t:|1700439135\n|move|p1a: Haxorus|Close Combat|p2a: Garganacl\n|-supereffective|p2a: Garganacl\n|-damage|p2a: Garganacl|0 fnt\n|-unboost|p1a: Haxorus|def|1\n|-unboost|p1a: Haxorus|spd|1\n|faint|p2a: Garganacl\n|\n|-weather|Snow|[upkeep]\n|upkeep\n|\n|t:|1700439138\n|switch|p2a: Moltres|Moltres|100\/100\n|turn|7\n|\n|t:|1700439142\n|switch|p1a: Ceruledge|Ceruledge, M|100\/100\n|move|p2a: Moltres|Will-O-Wisp|p1a: Ceruledge\n|-immune|p1a: Ceruledge\n|\n|-weather|none\n|upkeep\n|turn|8\n|\n|t:|1700439147\n|switch|p2a: Samurott|Samurott-Hisui, F|100\/100\n|move|p1a: Ceruledge|Swords Dance|p1a: Ceruledge\n|-boost|p1a: Ceruledge|atk|2\n|\n|upkeep\n|turn|9\n|inactive|Sebas99sevilla has 120 seconds left.\n|\n|t:|1700439179\n|move|p2a: Samurott|Ceaseless Edge|p1a: Ceruledge\n|-supereffective|p1a: Ceruledge\n|-damage|p1a: Ceruledge|40\/100\n|-ability|p1a: Ceruledge|Weak Armor|boost\n|-unboost|p1a: Ceruledge|def|1\n|-boost|p1a: Ceruledge|spe|2\n|-sidestart|p1: Sebas99sevilla|Spikes\n|move|p1a: Ceruledge|Poltergeist|p2a: Samurott\n|-activate|p2a: Samurott|move: Poltergeist|Heavy-Duty Boots\n|-resisted|p2a: Samurott\n|-damage|p2a: Samurott|18\/100\n|\n|upkeep\n|turn|10\n|\n|t:|1700439188\n|move|p1a: Ceruledge|Shadow Sneak|p2a: Samurott\n|-resisted|p2a: Samurott\n|-damage|p2a: Samurott|0 fnt\n|faint|p2a: Samurott\n|\n|-sideend|p1: Sebas99sevilla|move: Aurora Veil\n|upkeep\n|\n|t:|1700439192\n|switch|p2a: Moltres|Moltres|100\/100\n|turn|11\n|-message|OUFC Test1 forfeited.\n|\n|win|Sebas99sevilla\n|raw|Sebas99sevilla's rating: 1603 &rarr; <strong>1630<\/strong><br \/>(+27 for winning)\n|raw|OUFC Test1's rating: 1728 &rarr; <strong>1701<\/strong><br \/>(-27 for losing)\n|l|\u203dOUFC Test1\n|j|\u203dOUFC Test1\n|player|p2|OUFC Test1|iono\n","uploadtime":1700439212,"views":7,"p1id":"sebas99sevilla","p2id":"oufctest1","formatid":"gen9ou","rating":1630,"private":0,"password":""}