{"id":"gen9ou-2000405670","p1":"xrootz","p2":"Hgssxy","format":"[Gen 9] OU","log":"|j|\u2606xrootz\n|j|\u2606Hgssxy\n|t:|1701192086\n|gametype|singles\n|player|p1|xrootz|dancer|1423\n|player|p2|Hgssxy|lance|1448\n|teamsize|p1|6\n|teamsize|p2|6\n|gen|9\n|tier|[Gen 9] OU\n|rated|\n|rule|Sleep Clause Mod: Limit one foe put to sleep\n|rule|Species Clause: Limit one of each Pok\u00e9mon\n|rule|OHKO Clause: OHKO moves are banned\n|rule|Evasion Items Clause: Evasion items are banned\n|rule|Evasion Moves Clause: Evasion moves are banned\n|rule|Endless Battle Clause: Forcing endless battles is banned\n|rule|HP Percentage Mod: HP is shown in percentages\n|clearpoke\n|poke|p1|Ting-Lu|\n|poke|p1|Slowking-Galar, M|\n|poke|p1|Breloom, F|\n|poke|p1|Corviknight, F|\n|poke|p1|Iron Moth|\n|poke|p1|Gholdengo|\n|poke|p2|Cinderace, F|\n|poke|p2|Dondozo, F|\n|poke|p2|Goodra-Hisui, F|\n|poke|p2|Landorus-Therian, M|\n|poke|p2|Enamorus, F|\n|poke|p2|Kingambit, M|\n|teampreview\n|inactive|Battle timer is ON: inactive players will automatically lose when time's up. (requested by Hgssxy)\n|\n|t:|1701192104\n|start\n|switch|p1a: Corviknight|Corviknight, F|100\/100\n|switch|p2a: Cinderace|Cinderace, F|100\/100\n|-ability|p1a: Corviknight|Pressure\n|turn|1\n|\n|t:|1701192119\n|switch|p1a: Ting-Lu|Ting-Lu|100\/100\n|-ability|p1a: Ting-Lu|Vessel of Ruin\n|move|p2a: Cinderace|Pyro Ball|p1a: Ting-Lu\n|-damage|p1a: Ting-Lu|76\/100\n|\n|-heal|p1a: Ting-Lu|82\/100|[from] item: Leftovers\n|upkeep\n|turn|2\n|\n|t:|1701192132\n|move|p2a: Cinderace|U-turn|p1a: Ting-Lu\n|-start|p2a: Cinderace|typechange|Bug|[from] ability: Libero\n|-supereffective|p1a: Ting-Lu\n|-damage|p1a: Ting-Lu|54\/100\n|\n|t:|1701192140\n|switch|p2a: Landorus|Landorus-Therian, M|100\/100|[from] U-turn\n|-ability|p2a: Landorus|Intimidate|boost\n|-unboost|p1a: Ting-Lu|atk|1\n|move|p1a: Ting-Lu|Whirlwind|p2a: Landorus\n|drag|p2a: Dondozo|Dondozo, F|100\/100\n|\n|-heal|p1a: Ting-Lu|60\/100|[from] item: Leftovers\n|upkeep\n|turn|3\n|\n|t:|1701192164\n|switch|p1a: Breloom|Breloom, F|100\/100\n|move|p2a: Dondozo|Avalanche|p1a: Breloom\n|-supereffective|p1a: Breloom\n|-damage|p1a: Breloom|60\/100\n|\n|upkeep\n|turn|4\n|\n|t:|1701192174\n|switch|p2a: Goodra|Goodra-Hisui, F|100\/100\n|move|p1a: Breloom|Spore|p2a: Goodra\n|-ability|p2a: Goodra|Sap Sipper|boost\n|-boost|p2a: Goodra|atk|1\n|\n|upkeep\n|turn|5\n|\n|t:|1701192190\n|switch|p1a: Ting-Lu|Ting-Lu|60\/100\n|-ability|p1a: Ting-Lu|Vessel of Ruin\n|move|p2a: Goodra|Fire Blast|p1a: Ting-Lu|[miss]\n|-miss|p2a: Goodra|p1a: Ting-Lu\n|\n|-heal|p1a: Ting-Lu|66\/100|[from] item: Leftovers\n|upkeep\n|turn|6\n|\n|t:|1701192202\n|switch|p2a: Landorus|Landorus-Therian, M|100\/100\n|-ability|p2a: Landorus|Intimidate|boost\n|-unboost|p1a: Ting-Lu|atk|1\n|move|p1a: Ting-Lu|Whirlwind|p2a: Landorus\n|drag|p2a: Dondozo|Dondozo, F|100\/100\n|\n|-heal|p1a: Ting-Lu|73\/100|[from] item: Leftovers\n|upkeep\n|turn|7\n|\n|t:|1701192214\n|move|p1a: Ting-Lu|Stealth Rock|p2a: Dondozo\n|-sidestart|p2: Hgssxy|move: Stealth Rock\n|move|p2a: Dondozo|Avalanche|p1a: Ting-Lu\n|-supereffective|p1a: Ting-Lu\n|-damage|p1a: Ting-Lu|61\/100\n|\n|-heal|p1a: Ting-Lu|67\/100|[from] item: Leftovers\n|upkeep\n|turn|8\n|\n|t:|1701192223\n|switch|p1a: Corviknight|Corviknight, F|100\/100\n|-ability|p1a: Corviknight|Pressure\n|move|p2a: Dondozo|Liquidation|p1a: Corviknight\n|-damage|p1a: Corviknight|83\/100\n|\n|-heal|p1a: Corviknight|89\/100|[from] item: Leftovers\n|upkeep\n|turn|9\n|\n|t:|1701192241\n|switch|p2a: Landorus|Landorus-Therian, M|100\/100\n|-damage|p2a: Landorus|88\/100|[from] Stealth Rock\n|-ability|p2a: Landorus|Intimidate|boost\n|-unboost|p1a: Corviknight|atk|1\n|move|p1a: Corviknight|Brave Bird|p2a: Landorus\n|-damage|p2a: Landorus|68\/100\n|-damage|p1a: Corviknight|73\/100|[from] item: Rocky Helmet|[of] p2a: Landorus\n|-damage|p1a: Corviknight|66\/100|[from] Recoil\n|\n|-heal|p1a: Corviknight|73\/100|[from] item: Leftovers\n|upkeep\n|turn|10\n|\n|t:|1701192259\n|move|p2a: Landorus|Taunt|p1a: Corviknight\n|-start|p1a: Corviknight|move: Taunt\n|cant|p1a: Corviknight|move: Taunt|Roost\n|\n|-heal|p1a: Corviknight|79\/100|[from] item: Leftovers\n|upkeep\n|turn|11\n|\n|t:|1701192266\n|move|p2a: Landorus|U-turn|p1a: Corviknight\n|-resisted|p1a: Corviknight\n|-damage|p1a: Corviknight|76\/100\n|\n|t:|1701192270\n|switch|p2a: Cinderace|Cinderace, F|100\/100|[from] U-turn\n|move|p1a: Corviknight|U-turn|p2a: Cinderace\n|-resisted|p2a: Cinderace\n|-damage|p2a: Cinderace|94\/100\n|\n|t:|1701192285\n|switch|p1a: Ting-Lu|Ting-Lu|67\/100|[from] U-turn\n|-ability|p1a: Ting-Lu|Vessel of Ruin\n|\n|-heal|p1a: Ting-Lu|73\/100|[from] item: Leftovers\n|upkeep\n|turn|12\n|\n|t:|1701192297\n|move|p2a: Cinderace|U-turn|p1a: Ting-Lu\n|-start|p2a: Cinderace|typechange|Bug|[from] ability: Libero\n|-supereffective|p1a: Ting-Lu\n|-damage|p1a: Ting-Lu|45\/100\n|\n|t:|1701192303\n|switch|p2a: Landorus|Landorus-Therian, M|68\/100|[from] U-turn\n|-damage|p2a: Landorus|56\/100|[from] Stealth Rock\n|-ability|p2a: Landorus|Intimidate|boost\n|-unboost|p1a: Ting-Lu|atk|1\n|move|p1a: Ting-Lu|Earthquake|p2a: Landorus\n|-immune|p2a: Landorus\n|\n|-heal|p1a: Ting-Lu|52\/100|[from] item: Leftovers\n|upkeep\n|turn|13\n|\n|t:|1701192316\n|switch|p1a: Corviknight|Corviknight, F|76\/100\n|-ability|p1a: Corviknight|Pressure\n|move|p2a: Landorus|Taunt|p1a: Corviknight\n|-start|p1a: Corviknight|move: Taunt\n|\n|-heal|p1a: Corviknight|82\/100|[from] item: Leftovers\n|upkeep\n|turn|14\n|\n|t:|1701192327\n|move|p2a: Landorus|U-turn|p1a: Corviknight\n|-resisted|p1a: Corviknight\n|-damage|p1a: Corviknight|78\/100\n|\n|t:|1701192337\n|switch|p2a: Cinderace|Cinderace, F|94\/100|[from] U-turn\n|move|p1a: Corviknight|U-turn|p2a: Cinderace\n|-resisted|p2a: Cinderace\n|-damage|p2a: Cinderace|85\/100\n|\n|t:|1701192344\n|switch|p1a: Ting-Lu|Ting-Lu|52\/100|[from] U-turn\n|-ability|p1a: Ting-Lu|Vessel of Ruin\n|\n|-heal|p1a: Ting-Lu|58\/100|[from] item: Leftovers\n|upkeep\n|turn|15\n|\n|t:|1701192358\n|-terastallize|p1a: Ting-Lu|Ghost\n|move|p2a: Cinderace|U-turn|p1a: Ting-Lu\n|-start|p2a: Cinderace|typechange|Bug|[from] ability: Libero\n|-resisted|p1a: Ting-Lu\n|-damage|p1a: Ting-Lu|50\/100\n|\n|t:|1701192374\n|switch|p2a: Landorus|Landorus-Therian, M|56\/100|[from] U-turn\n|-damage|p2a: Landorus|44\/100|[from] Stealth Rock\n|-ability|p2a: Landorus|Intimidate|boost\n|-unboost|p1a: Ting-Lu|atk|1\n|move|p1a: Ting-Lu|Whirlwind|p2a: Landorus\n|drag|p2a: Goodra|Goodra-Hisui, F|100\/100\n|-damage|p2a: Goodra|94\/100|[from] Stealth Rock\n|\n|-heal|p1a: Ting-Lu|57\/100|[from] item: Leftovers\n|upkeep\n|turn|16\n|\n|t:|1701192394\n|move|p2a: Goodra|Draco Meteor|p1a: Ting-Lu\n|-damage|p1a: Ting-Lu|17\/100\n|-unboost|p2a: Goodra|spa|2\n|move|p1a: Ting-Lu|Body Press|p2a: Goodra\n|-supereffective|p2a: Goodra\n|-damage|p2a: Goodra|35\/100\n|\n|-heal|p1a: Ting-Lu|23\/100|[from] item: Leftovers\n|upkeep\n|turn|17\n|\n|t:|1701192410\n|switch|p2a: Dondozo|Dondozo, F|100\/100\n|-damage|p2a: Dondozo|88\/100|[from] Stealth Rock\n|move|p1a: Ting-Lu|Earthquake|p2a: Dondozo\n|-damage|p2a: Dondozo|70\/100\n|\n|-heal|p1a: Ting-Lu|29\/100|[from] item: Leftovers\n|-heal|p2a: Dondozo|76\/100|[from] item: Leftovers\n|upkeep\n|turn|18\n|\n|t:|1701192424\n|switch|p1a: Corviknight|Corviknight, F|78\/100\n|-ability|p1a: Corviknight|Pressure\n|move|p2a: Dondozo|Liquidation|p1a: Corviknight\n|-damage|p1a: Corviknight|61\/100\n|-unboost|p1a: Corviknight|def|1\n|\n|-heal|p1a: Corviknight|68\/100|[from] item: Leftovers\n|-heal|p2a: Dondozo|82\/100|[from] item: Leftovers\n|upkeep\n|turn|19\n|\n|t:|1701192437\n|move|p1a: Corviknight|Roost|p1a: Corviknight\n|-heal|p1a: Corviknight|100\/100\n|-singleturn|p1a: Corviknight|move: Roost\n|move|p2a: Dondozo|Liquidation|p1a: Corviknight\n|-damage|p1a: Corviknight|81\/100\n|-unboost|p1a: Corviknight|def|1\n|\n|-heal|p1a: Corviknight|88\/100|[from] item: Leftovers\n|-heal|p2a: Dondozo|89\/100|[from] item: Leftovers\n|upkeep\n|turn|20\n|\n|t:|1701192454\n|move|p1a: Corviknight|U-turn|p2a: Dondozo\n|-damage|p2a: Dondozo|82\/100\n|\n|t:|1701192458\n|switch|p1a: Gholdengo|Gholdengo|100\/100|[from] U-turn\n|move|p2a: Dondozo|Liquidation|p1a: Gholdengo\n|-damage|p1a: Gholdengo|68\/100\n|-unboost|p1a: Gholdengo|def|1\n|\n|-heal|p2a: Dondozo|89\/100|[from] item: Leftovers\n|upkeep\n|turn|21\n|\n|t:|1701192470\n|move|p1a: Gholdengo|Thunderbolt|p2a: Dondozo\n|-supereffective|p2a: Dondozo\n|-damage|p2a: Dondozo|29\/100\n|-status|p2a: Dondozo|par\n|move|p2a: Dondozo|Liquidation|p1a: Gholdengo\n|-damage|p1a: Gholdengo|35\/100\n|\n|-heal|p2a: Dondozo|35\/100 par|[from] item: Leftovers\n|upkeep\n|turn|22\n|\n|t:|1701192483\n|switch|p1a: Corviknight|Corviknight, F|88\/100\n|-ability|p1a: Corviknight|Pressure\n|switch|p2a: Landorus|Landorus-Therian, M|44\/100\n|-damage|p2a: Landorus|31\/100|[from] Stealth Rock\n|-ability|p2a: Landorus|Intimidate|boost\n|-unboost|p1a: Corviknight|atk|1\n|\n|-heal|p1a: Corviknight|94\/100|[from] item: Leftovers\n|upkeep\n|turn|23\n|\n|t:|1701192495\n|move|p2a: Landorus|Taunt|p1a: Corviknight\n|-start|p1a: Corviknight|move: Taunt\n|move|p1a: Corviknight|Brave Bird|p2a: Landorus\n|-damage|p2a: Landorus|11\/100\n|-damage|p1a: Corviknight|77\/100|[from] item: Rocky Helmet|[of] p2a: Landorus\n|-damage|p1a: Corviknight|71\/100|[from] Recoil\n|\n|-heal|p1a: Corviknight|77\/100|[from] item: Leftovers\n|upkeep\n|turn|24\n|\n|t:|1701192511\n|move|p2a: Landorus|U-turn|p1a: Corviknight\n|-resisted|p1a: Corviknight\n|-damage|p1a: Corviknight|73\/100\n|\n|t:|1701192517\n|switch|p2a: Cinderace|Cinderace, F|85\/100|[from] U-turn\n|move|p1a: Corviknight|Brave Bird|p2a: Cinderace\n|-damage|p2a: Cinderace|51\/100\n|-damage|p1a: Corviknight|65\/100|[from] Recoil\n|\n|-heal|p1a: Corviknight|71\/100|[from] item: Leftovers\n|upkeep\n|turn|25\n|\n|t:|1701192535\n|switch|p1a: Iron Moth|Iron Moth|100\/100\n|-enditem|p1a: Iron Moth|Booster Energy\n|-activate|p1a: Iron Moth|ability: Quark Drive|[fromitem]\n|-start|p1a: Iron Moth|quarkdrivespe\n|move|p2a: Cinderace|Court Change|p2a: Cinderace\n|-start|p2a: Cinderace|typechange|Normal|[from] ability: Libero\n|-swapsideconditions\n|-activate|p2a: Cinderace|move: Court Change\n|\n|upkeep\n|turn|26\n|\n|t:|1701192554\n|move|p2a: Cinderace|Sucker Punch|p1a: Iron Moth\n|-damage|p1a: Iron Moth|65\/100\n|move|p1a: Iron Moth|Fiery Dance|p2a: Cinderace\n|-damage|p2a: Cinderace|0 fnt\n|-boost|p1a: Iron Moth|spa|1\n|faint|p2a: Cinderace\n|\n|upkeep\n|\n|t:|1701192564\n|switch|p2a: Goodra|Goodra-Hisui, F|35\/100\n|turn|27\n|\n|t:|1701192573\n|move|p1a: Iron Moth|Fiery Dance|p2a: Goodra\n|-damage|p2a: Goodra|5\/100\n|move|p2a: Goodra|Earthquake|p1a: Iron Moth\n|-supereffective|p1a: Iron Moth\n|-damage|p1a: Iron Moth|0 fnt\n|faint|p1a: Iron Moth\n|-end|p1a: Iron Moth|Quark Drive|[silent]\n|\n|upkeep\n|\n|t:|1701192588\n|switch|p1a: Gholdengo|Gholdengo|35\/100\n|-damage|p1a: Gholdengo|29\/100|[from] Stealth Rock\n|turn|28\n|\n|t:|1701192594\n|move|p1a: Gholdengo|Shadow Ball|p2a: Goodra\n|-damage|p2a: Goodra|0 fnt\n|faint|p2a: Goodra\n|\n|upkeep\n|\n|t:|1701192610\n|switch|p2a: Enamorus|Enamorus, F|100\/100\n|turn|29\n|\n|t:|1701192618\n|switch|p1a: Slowking|Slowking-Galar, M|100\/100\n|-damage|p1a: Slowking|88\/100|[from] Stealth Rock\n|move|p2a: Enamorus|Earth Power|p1a: Slowking\n|-supereffective|p1a: Slowking\n|-damage|p1a: Slowking|51\/100\n|-damage|p2a: Enamorus|91\/100|[from] item: Life Orb\n|\n|upkeep\n|turn|30\n|\n|t:|1701192630\n|switch|p2a: Landorus|Landorus-Therian, M|11\/100\n|-ability|p2a: Landorus|Intimidate|boost\n|-unboost|p1a: Slowking|atk|1\n|move|p1a: Slowking|Sludge Bomb|p2a: Landorus\n|-resisted|p2a: Landorus\n|-damage|p2a: Landorus|0 fnt\n|faint|p2a: Landorus\n|\n|upkeep\n|\n|t:|1701192640\n|switch|p2a: Dondozo|Dondozo, F|35\/100 par\n|turn|31\n|\n|t:|1701192644\n|switch|p1a: Corviknight|Corviknight, F|71\/100\n|-damage|p1a: Corviknight|59\/100|[from] Stealth Rock\n|-ability|p1a: Corviknight|Pressure\n|cant|p2a: Dondozo|par\n|\n|-heal|p1a: Corviknight|65\/100|[from] item: Leftovers\n|-heal|p2a: Dondozo|41\/100 par|[from] item: Leftovers\n|upkeep\n|turn|32\n|\n|t:|1701192655\n|move|p1a: Corviknight|Defog|p2a: Dondozo\n|-unboost|p2a: Dondozo|evasion|1\n|-sideend|p1: xrootz|Stealth Rock|[from] move: Defog|[of] p1a: Corviknight\n|move|p2a: Dondozo|Rest|p2a: Dondozo\n|-status|p2a: Dondozo|slp|[from] move: Rest\n|-heal|p2a: Dondozo|100\/100 slp|[silent]\n|\n|-heal|p1a: Corviknight|71\/100|[from] item: Leftovers\n|upkeep\n|turn|33\n|\n|t:|1701192669\n|move|p1a: Corviknight|Roost|p1a: Corviknight\n|-heal|p1a: Corviknight|100\/100\n|-singleturn|p1a: Corviknight|move: Roost\n|cant|p2a: Dondozo|slp\n|\n|upkeep\n|turn|34\n|\n|t:|1701192687\n|move|p1a: Corviknight|U-turn|p2a: Dondozo\n|-damage|p2a: Dondozo|95\/100 slp\n|\n|t:|1701192693\n|switch|p1a: Slowking|Slowking-Galar, M|84\/100|[from] U-turn\n|cant|p2a: Dondozo|slp\n|\n|-heal|p2a: Dondozo|100\/100 slp|[from] item: Leftovers\n|upkeep\n|turn|35\n|\n|t:|1701192702\n|-curestatus|p2a: Dondozo|slp|[msg]\n|move|p2a: Dondozo|Liquidation|p1a: Slowking\n|-damage|p1a: Slowking|54\/100\n|-unboost|p1a: Slowking|def|1\n|move|p1a: Slowking|Future Sight|p2a: Dondozo\n|-start|p1a: Slowking|move: Future Sight\n|\n|upkeep\n|turn|36\n|\n|t:|1701192717\n|switch|p1a: Corviknight|Corviknight, F|100\/100\n|-ability|p1a: Corviknight|Pressure\n|move|p2a: Dondozo|Liquidation|p1a: Corviknight\n|-damage|p1a: Corviknight|82\/100\n|\n|-heal|p1a: Corviknight|89\/100|[from] item: Leftovers\n|upkeep\n|turn|37\n|\n|t:|1701192730\n|switch|p2a: Kingambit|Kingambit, M|100\/100\n|-activate|p2a: Kingambit|ability: Supreme Overlord\n|-start|p2a: Kingambit|fallen3|[silent]\n|move|p1a: Corviknight|Brave Bird|p2a: Kingambit\n|-resisted|p2a: Kingambit\n|-damage|p2a: Kingambit|87\/100\n|-damage|p1a: Corviknight|84\/100|[from] Recoil\n|\n|-end|p2a: Kingambit|move: Future Sight\n|-immune|p2a: Kingambit\n|-heal|p1a: Corviknight|91\/100|[from] item: Leftovers\n|upkeep\n|turn|38\n|\n|t:|1701192755\n|move|p1a: Corviknight|U-turn|p2a: Kingambit\n|-damage|p2a: Kingambit|77\/100\n|\n|t:|1701192760\n|switch|p1a: Ting-Lu|Ting-Lu, tera:Ghost|29\/100|[from] U-turn\n|-ability|p1a: Ting-Lu|Vessel of Ruin\n|move|p2a: Kingambit|Swords Dance|p2a: Kingambit\n|-boost|p2a: Kingambit|atk|2\n|\n|-heal|p1a: Ting-Lu|36\/100|[from] item: Leftovers\n|upkeep\n|turn|39\n|inactive|xrootz has 120 seconds left.\n|\n|t:|1701192782\n|-terastallize|p2a: Kingambit|Fairy\n|move|p2a: Kingambit|Iron Head|p1a: Ting-Lu\n|-damage|p1a: Ting-Lu|0 fnt\n|faint|p1a: Ting-Lu\n|\n|upkeep\n|inactive|xrootz has 120 seconds left.\n|\n|t:|1701192789\n|switch|p1a: Gholdengo|Gholdengo|29\/100\n|turn|40\n|\n|t:|1701192794\n|move|p2a: Kingambit|Sucker Punch||[still]\n|-fail|p2a: Kingambit\n|move|p1a: Gholdengo|Trick|p2a: Kingambit\n|-activate|p1a: Gholdengo|move: Trick|[of] p2a: Kingambit\n|-item|p2a: Kingambit|Choice Scarf|[from] move: Trick\n|-item|p1a: Gholdengo|Lum Berry|[from] move: Trick\n|\n|upkeep\n|turn|41\n|\n|t:|1701192818\n|switch|p1a: Corviknight|Corviknight, F|91\/100\n|-ability|p1a: Corviknight|Pressure\n|move|p2a: Kingambit|Iron Head|p1a: Corviknight\n|-resisted|p1a: Corviknight\n|-damage|p1a: Corviknight|54\/100\n|\n|-heal|p1a: Corviknight|60\/100|[from] item: Leftovers\n|upkeep\n|turn|42\n|\n|t:|1701192833\n|move|p2a: Kingambit|Iron Head|p1a: Corviknight\n|-resisted|p1a: Corviknight\n|-damage|p1a: Corviknight|22\/100\n|cant|p1a: Corviknight|flinch\n|\n|-heal|p1a: Corviknight|28\/100|[from] item: Leftovers\n|upkeep\n|turn|43\n|\n|t:|1701192848\n|move|p2a: Kingambit|Iron Head|p1a: Corviknight\n|-resisted|p1a: Corviknight\n|-damage|p1a: Corviknight|0 fnt\n|faint|p1a: Corviknight\n|\n|upkeep\n|\n|t:|1701192856\n|switch|p1a: Gholdengo|Gholdengo|29\/100\n|turn|44\n|\n|t:|1701192861\n|move|p1a: Gholdengo|Make It Rain|p2a: Kingambit\n|-supereffective|p2a: Kingambit\n|-damage|p2a: Kingambit|0 fnt\n|-unboost|p1a: Gholdengo|spa|1\n|faint|p2a: Kingambit\n|-end|p2a: Kingambit|fallen3|[silent]\n|\n|upkeep\n|\n|t:|1701192871\n|switch|p2a: Enamorus|Enamorus, F|91\/100\n|turn|45\n|\n|t:|1701192879\n|move|p2a: Enamorus|Earth Power|p1a: Gholdengo\n|-supereffective|p1a: Gholdengo\n|-damage|p1a: Gholdengo|0 fnt\n|faint|p1a: Gholdengo\n|-damage|p2a: Enamorus|81\/100|[from] item: Life Orb\n|\n|upkeep\n|\n|t:|1701192885\n|switch|p1a: Slowking|Slowking-Galar, M|87\/100\n|turn|46\n|\n|t:|1701192896\n|move|p2a: Enamorus|Earth Power|p1a: Slowking\n|-supereffective|p1a: Slowking\n|-damage|p1a: Slowking|50\/100\n|-damage|p2a: Enamorus|71\/100|[from] item: Life Orb\n|move|p1a: Slowking|Sludge Bomb|p2a: Enamorus\n|-supereffective|p2a: Enamorus\n|-damage|p2a: Enamorus|0 fnt\n|faint|p2a: Enamorus\n|\n|upkeep\n|\n|t:|1701192905\n|switch|p2a: Dondozo|Dondozo, F|100\/100\n|turn|47\n|\n|t:|1701192913\n|move|p2a: Dondozo|Liquidation|p1a: Slowking\n|-crit|p1a: Slowking\n|-damage|p1a: Slowking|1\/100\n|move|p1a: Slowking|Future Sight|p2a: Dondozo\n|-start|p1a: Slowking|move: Future Sight\n|\n|upkeep\n|turn|48\n|\n|t:|1701192920\n|move|p2a: Dondozo|Body Press|p1a: Slowking\n|-resisted|p1a: Slowking\n|-damage|p1a: Slowking|0 fnt\n|faint|p1a: Slowking\n|\n|upkeep\n|\n|t:|1701192929\n|switch|p1a: Breloom|Breloom, F|60\/100\n|turn|49\n|\n|t:|1701192933\n|move|p1a: Breloom|Spore|p2a: Dondozo\n|-status|p2a: Dondozo|slp|[from] move: Spore\n|cant|p2a: Dondozo|slp\n|\n|-end|p2a: Dondozo|move: Future Sight\n|-damage|p2a: Dondozo|55\/100 slp\n|-heal|p2a: Dondozo|61\/100 slp|[from] item: Leftovers\n|upkeep\n|turn|50\n|\n|t:|1701192942\n|move|p1a: Breloom|Bullet Seed|p2a: Dondozo\n|-supereffective|p2a: Dondozo\n|-damage|p2a: Dondozo|42\/100 slp\n|-supereffective|p2a: Dondozo\n|-damage|p2a: Dondozo|23\/100 slp\n|-supereffective|p2a: Dondozo\n|-damage|p2a: Dondozo|5\/100 slp\n|-supereffective|p2a: Dondozo\n|-crit|p2a: Dondozo\n|-damage|p2a: Dondozo|0 fnt\n|faint|p2a: Dondozo\n|-hitcount|p2: Dondozo|4\n|\n|win|xrootz\n|raw|xrootz's rating: 1423 &rarr; <strong>1444<\/strong><br \/>(+21 for winning)\n|raw|Hgssxy's rating: 1448 &rarr; <strong>1427<\/strong><br \/>(-21 for losing)\n|l|\u2606Hgssxy\n","uploadtime":1701192974,"views":6,"p1id":"xrootz","p2id":"hgssxy","formatid":"gen9ou","rating":1427,"private":0,"password":""}