{"id":"gen9ou-1990502099","p1":"alvar03","p2":"DivineGabriel","format":"[Gen 9] OU","log":"|j|\u2606alvar03\n|j|\u2606DivineGabriel\n|t:|1699976687\n|gametype|singles\n|player|p1|alvar03|alder|1860\n|player|p2|DivineGabriel|rye|1847\n|teamsize|p1|6\n|teamsize|p2|6\n|gen|9\n|tier|[Gen 9] OU\n|rated|\n|rule|Sleep Clause Mod: Limit one foe put to sleep\n|rule|Species Clause: Limit one of each Pok\u00e9mon\n|rule|OHKO Clause: OHKO moves are banned\n|rule|Evasion Items Clause: Evasion items are banned\n|rule|Evasion Moves Clause: Evasion moves are banned\n|rule|Endless Battle Clause: Forcing endless battles is banned\n|rule|HP Percentage Mod: HP is shown in percentages\n|clearpoke\n|poke|p1|Enamorus-Therian, F|\n|poke|p1|Dragapult, M|\n|poke|p1|Rillaboom, F|\n|poke|p1|Great Tusk|\n|poke|p1|Heatran, M|\n|poke|p1|Slowking-Galar, F|\n|poke|p2|Typhlosion-Hisui, M|\n|poke|p2|Ting-Lu|\n|poke|p2|Torkoal, M|\n|poke|p2|Walking Wake|\n|poke|p2|Hatterene, F|\n|poke|p2|Meowscarada, F|\n|teampreview\n|j| lgang007\n|\n|t:|1699976704\n|start\n|switch|p1a: Heatran|Heatran, M|100\/100\n|switch|p2a: Meowscarada|Meowscarada, F|100\/100\n|turn|1\n|\n|t:|1699976707\n|move|p1a: Heatran|Protect|p1a: Heatran\n|-singleturn|p1a: Heatran|Protect\n|move|p2a: Meowscarada|U-turn|p1a: Heatran\n|-start|p2a: Meowscarada|typechange|Bug|[from] ability: Protean\n|-activate|p1a: Heatran|move: Protect\n|\n|upkeep\n|turn|2\n|inactive|Battle timer is ON: inactive players will automatically lose when time's up. (requested by alvar03)\n|\n|t:|1699976714\n|switch|p2a: Hatterene|Hatterene, F|100\/100\n|move|p1a: Heatran|Magma Storm|p2a: Hatterene|[miss]\n|-miss|p1a: Heatran|p2a: Hatterene\n|\n|upkeep\n|turn|3\n|\n|t:|1699976718\n|move|p1a: Heatran|Magma Storm|p2a: Hatterene\n|-damage|p2a: Hatterene|63\/100\n|-activate|p2a: Hatterene|move: Magma Storm|[of] p1a: Heatran\n|-enditem|p2a: Hatterene|Eject Button\n|\n|t:|1699976720\n|switch|p2a: Torkoal|Torkoal, M|100\/100\n|-weather|SunnyDay|[from] ability: Drought|[of] p2a: Torkoal\n|\n|-weather|SunnyDay|[upkeep]\n|upkeep\n|turn|4\n|\n|t:|1699976723\n|switch|p2a: Hatterene|Hatterene, F|63\/100\n|move|p1a: Heatran|Stealth Rock|p2a: Hatterene\n|move|p2a: Hatterene|Stealth Rock|p1a: Heatran|[from]ability: Magic Bounce\n|-sidestart|p1: alvar03|move: Stealth Rock\n|\n|-weather|SunnyDay|[upkeep]\n|upkeep\n|turn|5\n|\n|t:|1699976728\n|move|p1a: Heatran|Magma Storm|p2a: Hatterene\n|-damage|p2a: Hatterene|4\/100\n|-activate|p2a: Hatterene|move: Magma Storm|[of] p1a: Heatran\n|move|p2a: Hatterene|Nuzzle|p1a: Heatran\n|-damage|p1a: Heatran|97\/100\n|-status|p1a: Heatran|par\n|\n|-weather|SunnyDay|[upkeep]\n|-heal|p1a: Heatran|100\/100 par|[from] item: Leftovers\n|-damage|p2a: Hatterene|0 fnt|[from] move: Magma Storm|[partiallytrapped]\n|faint|p2a: Hatterene\n|upkeep\n|\n|t:|1699976731\n|switch|p2a: Walking Wake|Walking Wake|100\/100\n|-activate|p2a: Walking Wake|ability: Protosynthesis\n|-start|p2a: Walking Wake|protosynthesisspe\n|turn|6\n|\n|t:|1699976734\n|move|p1a: Heatran|Protect|p1a: Heatran\n|-singleturn|p1a: Heatran|Protect\n|move|p2a: Walking Wake|Hydro Steam|p1a: Heatran\n|-activate|p1a: Heatran|move: Protect\n|\n|-weather|SunnyDay|[upkeep]\n|upkeep\n|turn|7\n|\n|t:|1699976740\n|switch|p1a: Slowking|Slowking-Galar, F|100\/100\n|-terastallize|p2a: Walking Wake|Water\n|move|p2a: Walking Wake|Hydro Steam|p1a: Slowking\n|-damage|p1a: Slowking|26\/100\n|\n|-weather|SunnyDay|[upkeep]\n|upkeep\n|turn|8\n|\n|t:|1699976747\n|move|p2a: Walking Wake|Hydro Steam|p1a: Slowking\n|-damage|p1a: Slowking|0 fnt\n|faint|p1a: Slowking\n|\n|-weather|SunnyDay|[upkeep]\n|upkeep\n|\n|t:|1699976754\n|switch|p1a: Rillaboom|Rillaboom, F|100\/100\n|-damage|p1a: Rillaboom|88\/100|[from] Stealth Rock\n|-fieldstart|move: Grassy Terrain|[from] ability: Grassy Surge|[of] p1a: Rillaboom\n|turn|9\n|\n|t:|1699976768\n|-end|p2a: Walking Wake|Protosynthesis|[silent]\n|switch|p2a: Typhlosion|Typhlosion-Hisui, M|100\/100\n|move|p1a: Rillaboom|Grassy Glide|p2a: Typhlosion\n|-resisted|p2a: Typhlosion\n|-damage|p2a: Typhlosion|56\/100\n|\n|-weather|SunnyDay|[upkeep]\n|-heal|p2a: Typhlosion|61\/100|[from] Grassy Terrain\n|-heal|p1a: Rillaboom|94\/100|[from] Grassy Terrain\n|upkeep\n|turn|10\n|\n|t:|1699976774\n|switch|p1a: Heatran|Heatran, M|100\/100 par\n|-damage|p1a: Heatran|88\/100 par|[from] Stealth Rock\n|move|p2a: Typhlosion|Shadow Ball|p1a: Heatran\n|-damage|p1a: Heatran|53\/100 par\n|\n|-weather|none\n|-heal|p2a: Typhlosion|67\/100|[from] Grassy Terrain\n|-heal|p1a: Heatran|59\/100 par|[from] Grassy Terrain\n|-heal|p1a: Heatran|66\/100 par|[from] item: Leftovers\n|upkeep\n|turn|11\n|\n|t:|1699976779\n|move|p2a: Typhlosion|Shadow Ball|p1a: Heatran\n|-damage|p1a: Heatran|29\/100 par\n|move|p1a: Heatran|Stealth Rock|p2a: Typhlosion\n|-sidestart|p2: DivineGabriel|move: Stealth Rock\n|\n|-heal|p2a: Typhlosion|73\/100|[from] Grassy Terrain\n|-heal|p1a: Heatran|35\/100 par|[from] Grassy Terrain\n|-heal|p1a: Heatran|41\/100 par|[from] item: Leftovers\n|upkeep\n|turn|12\n|\n|t:|1699976782\n|move|p1a: Heatran|Protect|p1a: Heatran\n|-singleturn|p1a: Heatran|Protect\n|move|p2a: Typhlosion|Shadow Ball|p1a: Heatran\n|-activate|p1a: Heatran|move: Protect\n|\n|-heal|p2a: Typhlosion|79\/100|[from] Grassy Terrain\n|-heal|p1a: Heatran|47\/100 par|[from] Grassy Terrain\n|-heal|p1a: Heatran|54\/100 par|[from] item: Leftovers\n|upkeep\n|turn|13\n|\n|t:|1699976785\n|move|p2a: Typhlosion|Shadow Ball|p1a: Heatran\n|-damage|p1a: Heatran|19\/100 par\n|-unboost|p1a: Heatran|spd|1\n|move|p1a: Heatran|Earth Power|p2a: Typhlosion\n|-supereffective|p2a: Typhlosion\n|-damage|p2a: Typhlosion|13\/100\n|\n|-heal|p2a: Typhlosion|19\/100|[from] Grassy Terrain\n|-heal|p1a: Heatran|26\/100 par|[from] Grassy Terrain\n|-heal|p1a: Heatran|32\/100 par|[from] item: Leftovers\n|-fieldend|move: Grassy Terrain\n|upkeep\n|turn|14\n|\n|t:|1699976797\n|switch|p1a: Rillaboom|Rillaboom, F|94\/100\n|-damage|p1a: Rillaboom|82\/100|[from] Stealth Rock\n|-fieldstart|move: Grassy Terrain|[from] ability: Grassy Surge|[of] p1a: Rillaboom\n|move|p2a: Typhlosion|Shadow Ball|p1a: Rillaboom\n|-damage|p1a: Rillaboom|0 fnt\n|faint|p1a: Rillaboom\n|\n|-heal|p2a: Typhlosion|25\/100|[from] Grassy Terrain\n|upkeep\n|j| J\u2019ose Moule\n|\n|t:|1699976806\n|switch|p1a: Dragapult|Dragapult, M|100\/100\n|-damage|p1a: Dragapult|88\/100|[from] Stealth Rock\n|turn|15\n|\n|t:|1699976810\n|switch|p2a: Ting-Lu|Ting-Lu|100\/100\n|-damage|p2a: Ting-Lu|94\/100|[from] Stealth Rock\n|-ability|p2a: Ting-Lu|Vessel of Ruin\n|move|p1a: Dragapult|Hex|p2a: Ting-Lu\n|-resisted|p2a: Ting-Lu\n|-damage|p2a: Ting-Lu|89\/100\n|\n|-heal|p1a: Dragapult|94\/100|[from] Grassy Terrain\n|-heal|p1a: Dragapult|99\/100|[from] item: Leftovers\n|-heal|p2a: Ting-Lu|95\/100|[from] Grassy Terrain\n|-heal|p2a: Ting-Lu|100\/100|[from] item: Leftovers\n|upkeep\n|turn|16\n|\n|t:|1699976816\n|move|p1a: Dragapult|U-turn|p2a: Ting-Lu\n|-supereffective|p2a: Ting-Lu\n|-damage|p2a: Ting-Lu|83\/100\n|\n|t:|1699976817\n|switch|p1a: Great Tusk|Great Tusk|100\/100|[from] U-turn\n|move|p2a: Ting-Lu|Spikes|p1a: Great Tusk\n|-sidestart|p1: alvar03|Spikes\n|\n|-heal|p2a: Ting-Lu|89\/100|[from] Grassy Terrain\n|-heal|p2a: Ting-Lu|95\/100|[from] item: Leftovers\n|upkeep\n|turn|17\n|\n|t:|1699976820\n|switch|p2a: Typhlosion|Typhlosion-Hisui, M|25\/100\n|-damage|p2a: Typhlosion|0 fnt|[from] Stealth Rock\n|faint|p2a: Typhlosion\n|move|p1a: Great Tusk|Rapid Spin|p2: Typhlosion|[notarget]\n|-fail|p1a: Great Tusk\n|\n|upkeep\n|\n|t:|1699976822\n|switch|p2a: Walking Wake|Walking Wake, tera:Water|100\/100\n|-damage|p2a: Walking Wake|88\/100|[from] Stealth Rock\n|turn|18\n|\n|t:|1699976824\n|-end|p1a: Great Tusk|Protosynthesis|[silent]\n|switch|p1a: Heatran|Heatran, M|32\/100 par\n|-damage|p1a: Heatran|19\/100 par|[from] Stealth Rock\n|-damage|p1a: Heatran|7\/100 par|[from] Spikes\n|move|p2a: Walking Wake|Hydro Steam|p1a: Heatran\n|-supereffective|p1a: Heatran\n|-damage|p1a: Heatran|0 fnt\n|faint|p1a: Heatran\n|\n|-heal|p2a: Walking Wake|94\/100|[from] Grassy Terrain\n|-fieldend|move: Grassy Terrain\n|upkeep\n|\n|t:|1699976826\n|switch|p1a: Dragapult|Dragapult, M|99\/100\n|-damage|p1a: Dragapult|88\/100|[from] Stealth Rock\n|-damage|p1a: Dragapult|76\/100|[from] Spikes\n|turn|19\n|\n|t:|1699976831\n|-end|p2a: Walking Wake|Protosynthesis|[silent]\n|switch|p2a: Torkoal|Torkoal, M|100\/100\n|-damage|p2a: Torkoal|76\/100|[from] Stealth Rock\n|-weather|SunnyDay|[from] ability: Drought|[of] p2a: Torkoal\n|move|p1a: Dragapult|Thunder Wave|p2a: Torkoal\n|-status|p2a: Torkoal|par\n|\n|-weather|SunnyDay|[upkeep]\n|-heal|p1a: Dragapult|82\/100|[from] item: Leftovers\n|upkeep\n|turn|20\n|j| mew852\n|j| Jamel1\n|\n|t:|1699976844\n|switch|p2a: Meowscarada|Meowscarada, F|100\/100\n|-damage|p2a: Meowscarada|88\/100|[from] Stealth Rock\n|move|p1a: Dragapult|Hex|p2a: Meowscarada\n|-resisted|p2a: Meowscarada\n|-damage|p2a: Meowscarada|68\/100\n|\n|-weather|SunnyDay|[upkeep]\n|-heal|p1a: Dragapult|88\/100|[from] item: Leftovers\n|upkeep\n|turn|21\n|\n|t:|1699976857\n|switch|p1a: Great Tusk|Great Tusk|100\/100\n|-activate|p1a: Great Tusk|ability: Protosynthesis\n|-start|p1a: Great Tusk|protosynthesisatk\n|move|p2a: Meowscarada|Knock Off|p1a: Great Tusk\n|-start|p2a: Meowscarada|typechange|Dark|[from] ability: Protean\n|-resisted|p1a: Great Tusk\n|-damage|p1a: Great Tusk|85\/100\n|-enditem|p1a: Great Tusk|Heavy-Duty Boots|[from] move: Knock Off|[of] p2a: Meowscarada\n|\n|-weather|SunnyDay|[upkeep]\n|upkeep\n|turn|22\n|\n|t:|1699976862\n|switch|p2a: Walking Wake|Walking Wake, tera:Water|94\/100\n|-damage|p2a: Walking Wake|82\/100|[from] Stealth Rock\n|-activate|p2a: Walking Wake|ability: Protosynthesis\n|-start|p2a: Walking Wake|protosynthesisspe\n|move|p1a: Great Tusk|Rapid Spin|p2a: Walking Wake\n|-damage|p2a: Walking Wake|57\/100\n|-boost|p1a: Great Tusk|spe|1\n|-sideend|p1: alvar03|Spikes|[from] move: Rapid Spin|[of] p1a: Great Tusk\n|-sideend|p1: alvar03|Stealth Rock|[from] move: Rapid Spin|[of] p1a: Great Tusk\n|\n|-weather|SunnyDay|[upkeep]\n|upkeep\n|turn|23\n|\n|t:|1699976875\n|move|p2a: Walking Wake|Hydro Steam|p1a: Great Tusk\n|-supereffective|p1a: Great Tusk\n|-damage|p1a: Great Tusk|0 fnt\n|faint|p1a: Great Tusk\n|-end|p1a: Great Tusk|Protosynthesis|[silent]\n|\n|-weather|SunnyDay|[upkeep]\n|upkeep\n|\n|t:|1699976877\n|switch|p1a: Dragapult|Dragapult, M|88\/100\n|turn|24\n|\n|t:|1699976879\n|move|p2a: Walking Wake|Hydro Steam|p1a: Dragapult\n|-resisted|p1a: Dragapult\n|-damage|p1a: Dragapult|6\/100\n|move|p1a: Dragapult|Thunder Wave|p2a: Walking Wake\n|-status|p2a: Walking Wake|par\n|\n|-weather|SunnyDay|[upkeep]\n|-heal|p1a: Dragapult|12\/100|[from] item: Leftovers\n|upkeep\n|turn|25\n|\n|t:|1699976889\n|move|p1a: Dragapult|Hex|p2a: Walking Wake\n|-damage|p2a: Walking Wake|0 fnt\n|faint|p2a: Walking Wake\n|-end|p2a: Walking Wake|Protosynthesis|[silent]\n|\n|-weather|SunnyDay|[upkeep]\n|-heal|p1a: Dragapult|18\/100|[from] item: Leftovers\n|upkeep\n|\n|t:|1699976890\n|switch|p2a: Meowscarada|Meowscarada, F|68\/100\n|-damage|p2a: Meowscarada|55\/100|[from] Stealth Rock\n|turn|26\n|\n|t:|1699976893\n|move|p2a: Meowscarada|U-turn|p1a: Dragapult\n|-start|p2a: Meowscarada|typechange|Bug|[from] ability: Protean\n|-resisted|p1a: Dragapult\n|-damage|p1a: Dragapult|0 fnt\n|faint|p1a: Dragapult\n|\n|t:|1699976896\n|switch|p2a: Ting-Lu|Ting-Lu|95\/100|[from] U-turn\n|-damage|p2a: Ting-Lu|89\/100|[from] Stealth Rock\n|-ability|p2a: Ting-Lu|Vessel of Ruin\n|\n|-weather|none\n|-heal|p2a: Ting-Lu|95\/100|[from] item: Leftovers\n|upkeep\n|\n|t:|1699976899\n|switch|p1a: Enamorus|Enamorus-Therian, F|100\/100\n|turn|27\n|\n|t:|1699976901\n|switch|p2a: Meowscarada|Meowscarada, F|55\/100\n|-damage|p2a: Meowscarada|43\/100|[from] Stealth Rock\n|move|p1a: Enamorus|Calm Mind|p1a: Enamorus\n|-boost|p1a: Enamorus|spa|1\n|-boost|p1a: Enamorus|spd|1\n|\n|upkeep\n|turn|28\n|\n|t:|1699976903\n|move|p2a: Meowscarada|Trick|p1a: Enamorus\n|-start|p2a: Meowscarada|typechange|Psychic|[from] ability: Protean\n|-activate|p2a: Meowscarada|move: Trick|[of] p1a: Enamorus\n|-item|p1a: Enamorus|Choice Scarf|[from] move: Trick\n|-item|p2a: Meowscarada|Leftovers|[from] move: Trick\n|move|p1a: Enamorus|Draining Kiss|p2a: Meowscarada\n|-damage|p2a: Meowscarada|0 fnt\n|faint|p2a: Meowscarada\n|\n|upkeep\n|\n|t:|1699976909\n|switch|p2a: Torkoal|Torkoal, M|76\/100 par\n|-damage|p2a: Torkoal|51\/100 par|[from] Stealth Rock\n|-weather|SunnyDay|[from] ability: Drought|[of] p2a: Torkoal\n|turn|29\n|\n|t:|1699976911\n|move|p1a: Enamorus|Draining Kiss|p2a: Torkoal\n|-resisted|p2a: Torkoal\n|-damage|p2a: Torkoal|28\/100 par\n|move|p2a: Torkoal|Yawn|p1a: Enamorus\n|-start|p1a: Enamorus|move: Yawn|[of] p2a: Torkoal\n|\n|-weather|SunnyDay|[upkeep]\n|upkeep\n|turn|30\n|\n|t:|1699976914\n|move|p1a: Enamorus|Draining Kiss|p2a: Torkoal\n|-resisted|p2a: Torkoal\n|-damage|p2a: Torkoal|7\/100 par\n|cant|p2a: Torkoal|par\n|\n|-weather|SunnyDay|[upkeep]\n|-end|p1a: Enamorus|move: Yawn|[silent]\n|-status|p1a: Enamorus|slp\n|upkeep\n|turn|31\n|\n|t:|1699976917\n|cant|p1a: Enamorus|slp\n|move|p2a: Torkoal|Rapid Spin|p1a: Enamorus\n|-damage|p1a: Enamorus|95\/100 slp\n|-boost|p2a: Torkoal|spe|1\n|-sideend|p2: DivineGabriel|Stealth Rock|[from] move: Rapid Spin|[of] p2a: Torkoal\n|\n|-weather|SunnyDay|[upkeep]\n|upkeep\n|turn|32\n|\n|t:|1699976919\n|-curestatus|p1a: Enamorus|slp|[msg]\n|move|p1a: Enamorus|Draining Kiss|p2a: Torkoal\n|-resisted|p2a: Torkoal\n|-damage|p2a: Torkoal|0 fnt\n|-heal|p1a: Enamorus|99\/100|[from] drain|[of] p2a: Torkoal\n|faint|p2a: Torkoal\n|\n|-weather|SunnyDay|[upkeep]\n|upkeep\n|-message|DivineGabriel forfeited.\n|\n|win|alvar03\n|raw|alvar03's rating: 1860 &rarr; <strong>1878<\/strong><br \/>(+18 for winning)\n|raw|DivineGabriel's rating: 1821 &rarr; <strong>1803<\/strong><br \/>(-18 for losing)\n|l|\u2606DivineGabriel\n|l| Jamel1\n|j| Pushka\n|l|\u2606alvar03\n|l| lgang007\n","uploadtime":1699977114,"views":18,"p1id":"alvar03","p2id":"divinegabriel","formatid":"gen9ou","rating":1803,"private":0,"password":""}