{"id":"gen9ou-1992508797","p1":"CrusaderOfCalamity","p2":"FlimFlamGlorious","format":"[Gen 9] OU","log":"|j|\u2606CrusaderOfCalamity\n|j|\u2606FlimFlamGlorious\n|inactive|Battle timer is ON: inactive players will automatically lose when time's up.\n|j|*Lady Monita \u2746\n|t:|1700196897\n|gametype|singles\n|player|p1|CrusaderOfCalamity|emmet|\n|player|p2|FlimFlamGlorious|2|\n|teamsize|p1|3\n|teamsize|p2|3\n|gen|9\n|tier|[Gen 9] OU\n|rated|Tournament battle\n|rule|Sleep Clause Mod: Limit one foe put to sleep\n|rule|Species Clause: Limit one of each Pok\u00e9mon\n|rule|OHKO Clause: OHKO moves are banned\n|rule|Evasion Items Clause: Evasion items are banned\n|rule|Evasion Moves Clause: Evasion moves are banned\n|rule|Endless Battle Clause: Forcing endless battles is banned\n|rule|HP Percentage Mod: HP is shown in percentages\n|clearpoke\n|poke|p1|Honchkrow, F|\n|poke|p1|Barraskewda, F|\n|poke|p1|Pikachu-Hoenn, M|\n|poke|p2|Espeon, M|\n|poke|p2|Ninetales-Alola, F|\n|poke|p2|Camerupt, F|\n|teampreview\n|inactive|CrusaderOfCalamity also wants the timer to be on.\n|\n|t:|1700196912\n|start\n|switch|p1a: Barraskewda|Barraskewda, F, shiny|100\/100\n|switch|p2a: Vulpes|Ninetales-Alola, F|100\/100\n|-weather|Snow|[from] ability: Snow Warning|[of] p2a: Vulpes\n|turn|1\n|\n|t:|1700196933\n|move|p1a: Barraskewda|Liquidation|p2a: Vulpes\n|-damage|p2a: Vulpes|36\/100\n|-damage|p1a: Barraskewda|91\/100|[from] item: Life Orb\n|move|p2a: Vulpes|Aurora Veil|p2a: Vulpes\n|-sidestart|p2: FlimFlamGlorious|move: Aurora Veil\n|\n|-weather|Snow|[upkeep]\n|upkeep\n|turn|2\n|\n|t:|1700196941\n|move|p1a: Barraskewda|Liquidation|p2a: Vulpes\n|-damage|p2a: Vulpes|5\/100\n|-unboost|p2a: Vulpes|def|1\n|-damage|p1a: Barraskewda|81\/100|[from] item: Life Orb\n|move|p2a: Vulpes|Freeze-Dry|p1a: Barraskewda\n|-supereffective|p1a: Barraskewda\n|-damage|p1a: Barraskewda|0 fnt\n|faint|p1a: Barraskewda\n|\n|-weather|Snow|[upkeep]\n|upkeep\n|\n|t:|1700196946\n|switch|p1a: Honchkrow|Honchkrow, F|100\/100\n|turn|3\n|\n|t:|1700196951\n|move|p1a: Honchkrow|Sucker Punch|p2a: Vulpes\n|-resisted|p2a: Vulpes\n|-damage|p2a: Vulpes|0 fnt\n|faint|p2a: Vulpes\n|-damage|p1a: Honchkrow|91\/100|[from] item: Life Orb\n|\n|-weather|Snow|[upkeep]\n|upkeep\n|\n|t:|1700196954\n|switch|p2a: Hello Kitty|Espeon, M|100\/100\n|turn|4\n|c|\u2606FlimFlamGlorious|ugh\n|c|\u2606FlimFlamGlorious|I misclicked\n|\n|t:|1700196983\n|-terastallize|p2a: Hello Kitty|Fairy\n|move|p2a: Hello Kitty|Calm Mind|p2a: Hello Kitty\n|-boost|p2a: Hello Kitty|spa|1\n|-boost|p2a: Hello Kitty|spd|1\n|move|p1a: Honchkrow|Night Slash|p2a: Hello Kitty\n|-resisted|p2a: Hello Kitty\n|-crit|p2a: Hello Kitty\n|-damage|p2a: Hello Kitty|54\/100\n|-enditem|p2a: Hello Kitty|Kee Berry|[eat]\n|-boost|p2a: Hello Kitty|def|1|[from] item: Kee Berry\n|-damage|p1a: Honchkrow|81\/100|[from] item: Life Orb\n|\n|-weather|Snow|[upkeep]\n|upkeep\n|turn|5\n|\n|t:|1700196995\n|move|p2a: Hello Kitty|Calm Mind|p2a: Hello Kitty\n|-boost|p2a: Hello Kitty|spa|1\n|-boost|p2a: Hello Kitty|spd|1\n|move|p1a: Honchkrow|Brave Bird|p2a: Hello Kitty\n|-damage|p2a: Hello Kitty|19\/100\n|-damage|p1a: Honchkrow|69\/100|[from] Recoil\n|-damage|p1a: Honchkrow|59\/100|[from] item: Life Orb\n|\n|-weather|none\n|upkeep\n|turn|6\n|\n|t:|1700197012\n|move|p1a: Honchkrow|Sucker Punch|p2a: Hello Kitty\n|-resisted|p2a: Hello Kitty\n|-damage|p2a: Hello Kitty|9\/100\n|-damage|p1a: Honchkrow|49\/100|[from] item: Life Orb\n|move|p2a: Hello Kitty|Draining Kiss|p1a: Honchkrow\n|-supereffective|p1a: Honchkrow\n|-damage|p1a: Honchkrow|0 fnt\n|-heal|p2a: Hello Kitty|46\/100|[from] drain|[of] p1a: Honchkrow\n|faint|p1a: Honchkrow\n|\n|upkeep\n|\n|t:|1700197016\n|switch|p1a: Pikachu|Pikachu-Hoenn, M|100\/100\n|turn|7\n|\n|t:|1700197024\n|move|p2a: Hello Kitty|Stored Power|p1a: Pikachu\n|-damage|p1a: Pikachu|0 fnt\n|faint|p1a: Pikachu\n|\n|win|FlimFlamGlorious\n|n|\u2606CrusaderOfCalamity|crusaderofcalamity\n|n|\u2606FlimFlamGlorious|flimflamglorious\n|n|*Lady Monita \u2746|ladymonita\n|l|*Lady Monita \u2746\n|l|\u2606CrusaderOfCalamity\n|c|\u2606FlimFlamGlorious|hehe\n","uploadtime":1700197393,"views":31,"p1id":"crusaderofcalamity","p2id":"flimflamglorious","formatid":"gen9ou","rating":0,"private":0,"password":""}