{"id":"gen9ou-1996348769","p1":"CoogieInTheWater","p2":"Chaitanya15","format":"[Gen 9] OU","log":"|j|\u2606CoogieInTheWater\n|j|\u2606Chaitanya15\n|t:|1700673540\n|gametype|singles\n|player|p1|CoogieInTheWater|swimmer-gen4dp|1141\n|player|p2|Chaitanya15|101|1181\n|teamsize|p1|6\n|teamsize|p2|6\n|gen|9\n|tier|[Gen 9] OU\n|rated|\n|rule|Sleep Clause Mod: Limit one foe put to sleep\n|rule|Species Clause: Limit one of each Pok\u00e9mon\n|rule|OHKO Clause: OHKO moves are banned\n|rule|Evasion Items Clause: Evasion items are banned\n|rule|Evasion Moves Clause: Evasion moves are banned\n|rule|Endless Battle Clause: Forcing endless battles is banned\n|rule|HP Percentage Mod: HP is shown in percentages\n|clearpoke\n|poke|p1|Muk-Alola, F|\n|poke|p1|Rillaboom, F|\n|poke|p1|Zapdos|\n|poke|p1|Heatran, F|\n|poke|p1|Great Tusk|\n|poke|p1|Dragapult, F|\n|poke|p2|Dragonite, M|\n|poke|p2|Hatterene, F|\n|poke|p2|Greninja-*, M|\n|poke|p2|Rillaboom, M|\n|poke|p2|Iron Moth|\n|poke|p2|Iron Valiant|\n|teampreview\n|\n|t:|1700673557\n|start\n|switch|p1a: Rillaboom|Rillaboom, F|100\/100\n|switch|p2a: Iron Moth|Iron Moth|100\/100\n|-fieldstart|move: Grassy Terrain|[from] ability: Grassy Surge|[of] p1a: Rillaboom\n|-enditem|p2a: Iron Moth|Booster Energy\n|-activate|p2a: Iron Moth|ability: Quark Drive|[fromitem]\n|-start|p2a: Iron Moth|quarkdrivespa\n|turn|1\n|inactive|Battle timer is ON: inactive players will automatically lose when time's up. (requested by CoogieInTheWater)\n|inactive|Chaitanya15 also wants the timer to be on.\n|\n|t:|1700673565\n|switch|p1a: Heatran|Heatran, F|100\/100\n|move|p2a: Iron Moth|Fiery Dance|p1a: Heatran\n|-damage|p1a: Heatran|67\/100\n|\n|-heal|p1a: Heatran|73\/100|[from] Grassy Terrain\n|-heal|p1a: Heatran|79\/100|[from] item: Leftovers\n|upkeep\n|turn|2\n|\n|t:|1700673575\n|-terastallize|p2a: Iron Moth|Ground\n|move|p2a: Iron Moth|Tera Blast|p1a: Heatran|[anim] Tera Blast Ground\n|-supereffective|p1a: Heatran\n|-damage|p1a: Heatran|0 fnt\n|faint|p1a: Heatran\n|\n|upkeep\n|\n|t:|1700673580\n|switch|p1a: Rillaboom|Rillaboom, F|100\/100\n|turn|3\n|\n|t:|1700673597\n|-end|p2a: Iron Moth|Quark Drive|[silent]\n|switch|p2a: Dragonite|Dragonite, M|100\/100\n|move|p1a: Rillaboom|Grassy Glide|p2a: Dragonite\n|-resisted|p2a: Dragonite\n|-damage|p2a: Dragonite|92\/100\n|\n|upkeep\n|turn|4\n|\n|t:|1700673608\n|switch|p1a: Great Tusk|Great Tusk|100\/100\n|move|p2a: Dragonite|Dragon Claw|p1a: Great Tusk\n|-damage|p1a: Great Tusk|72\/100\n|\n|-heal|p1a: Great Tusk|78\/100|[from] Grassy Terrain\n|-heal|p1a: Great Tusk|85\/100|[from] item: Leftovers\n|upkeep\n|turn|5\n|\n|t:|1700673618\n|switch|p2a: Greninja|Greninja, M|100\/100\n|move|p1a: Great Tusk|Ice Spinner|p2a: Greninja\n|-resisted|p2a: Greninja\n|-damage|p2a: Greninja|82\/100\n|-fieldend|move: Grassy Terrain\n|\n|-heal|p1a: Great Tusk|91\/100|[from] item: Leftovers\n|upkeep\n|turn|6\n|\n|t:|1700673634\n|-end|p1a: Great Tusk|Protosynthesis|[silent]\n|switch|p1a: Zapdos|Zapdos|100\/100\n|move|p2a: Greninja|Surf|p1a: Zapdos\n|-damage|p1a: Zapdos|45\/100\n|\n|upkeep\n|turn|7\n|\n|t:|1700673639\n|move|p2a: Greninja|Surf|p1a: Zapdos\n|-damage|p1a: Zapdos|0 fnt\n|faint|p1a: Zapdos\n|-ability|p2a: Greninja|Battle Bond|boost\n|-boost|p2a: Greninja|atk|1\n|-boost|p2a: Greninja|spa|1\n|-boost|p2a: Greninja|spe|1\n|-activate|p2a: Greninja|ability: Battle Bond\n|\n|upkeep\n|\n|t:|1700673642\n|switch|p1a: Rillaboom|Rillaboom, F|100\/100\n|-fieldstart|move: Grassy Terrain|[from] ability: Grassy Surge|[of] p1a: Rillaboom\n|turn|8\n|\n|t:|1700673653\n|switch|p2a: Rillaboom|Rillaboom, M|100\/100\n|-enditem|p2a: Rillaboom|Grassy Seed\n|-boost|p2a: Rillaboom|def|1|[from] item: Grassy Seed\n|move|p1a: Rillaboom|Grassy Glide|p2a: Rillaboom\n|-resisted|p2a: Rillaboom\n|-damage|p2a: Rillaboom|77\/100\n|\n|-heal|p2a: Rillaboom|83\/100|[from] Grassy Terrain\n|upkeep\n|turn|9\n|\n|t:|1700673663\n|switch|p1a: Muk|Muk-Alola, F|100\/100\n|move|p2a: Rillaboom|Fake Out|p1a: Muk\n|-damage|p1a: Muk|87\/100\n|\n|-heal|p2a: Rillaboom|90\/100|[from] Grassy Terrain\n|-heal|p1a: Muk|93\/100|[from] Grassy Terrain\n|-heal|p1a: Muk|99\/100|[from] item: Black Sludge\n|upkeep\n|turn|10\n|\n|t:|1700673672\n|move|p2a: Rillaboom|Knock Off|p1a: Muk\n|-resisted|p1a: Muk\n|-damage|p1a: Muk|82\/100\n|-enditem|p1a: Muk|Black Sludge|[from] move: Knock Off|[of] p2a: Rillaboom\n|move|p1a: Muk|Poison Jab|p2a: Rillaboom\n|-supereffective|p2a: Rillaboom\n|-damage|p2a: Rillaboom|49\/100\n|-status|p2a: Rillaboom|psn|[from] ability: Poison Touch|[of] p1a: Muk\n|\n|-heal|p2a: Rillaboom|55\/100 psn|[from] Grassy Terrain\n|-heal|p1a: Muk|88\/100|[from] Grassy Terrain\n|-damage|p2a: Rillaboom|43\/100 psn|[from] psn\n|upkeep\n|turn|11\n|\n|t:|1700673685\n|move|p2a: Rillaboom|Acrobatics|p1a: Muk\n|-damage|p1a: Muk|50\/100\n|move|p1a: Muk|Body Slam|p2a: Rillaboom\n|-damage|p2a: Rillaboom|27\/100 psn\n|\n|-heal|p2a: Rillaboom|33\/100 psn|[from] Grassy Terrain\n|-heal|p1a: Muk|56\/100|[from] Grassy Terrain\n|-damage|p2a: Rillaboom|21\/100 psn|[from] psn\n|upkeep\n|turn|12\n|\n|t:|1700673695\n|move|p2a: Rillaboom|Acrobatics|p1a: Muk\n|-damage|p1a: Muk|19\/100\n|move|p1a: Muk|Poison Jab|p2a: Rillaboom\n|-supereffective|p2a: Rillaboom\n|-damage|p2a: Rillaboom|0 fnt\n|faint|p2a: Rillaboom\n|\n|-heal|p1a: Muk|25\/100|[from] Grassy Terrain\n|-fieldend|move: Grassy Terrain\n|upkeep\n|\n|t:|1700673705\n|switch|p2a: Iron Moth|Iron Moth, tera:Ground|100\/100\n|turn|13\n|\n|t:|1700673713\n|-terastallize|p1a: Muk|Flying\n|move|p2a: Iron Moth|Fiery Dance|p1a: Muk\n|-damage|p1a: Muk|0 fnt\n|-boost|p2a: Iron Moth|spa|1\n|faint|p1a: Muk\n|\n|upkeep\n|\n|t:|1700673719\n|switch|p1a: Great Tusk|Great Tusk|91\/100\n|turn|14\n|\n|t:|1700673724\n|move|p2a: Iron Moth|Energy Ball|p1a: Great Tusk\n|-supereffective|p1a: Great Tusk\n|-damage|p1a: Great Tusk|0 fnt\n|faint|p1a: Great Tusk\n|-end|p1a: Great Tusk|Protosynthesis|[silent]\n|\n|upkeep\n|\n|t:|1700673729\n|switch|p1a: Rillaboom|Rillaboom, F|100\/100\n|-fieldstart|move: Grassy Terrain|[from] ability: Grassy Surge|[of] p1a: Rillaboom\n|turn|15\n|\n|t:|1700673739\n|-end|p2a: Iron Moth|Quark Drive|[silent]\n|switch|p2a: Dragonite|Dragonite, M|92\/100\n|move|p1a: Rillaboom|Wood Hammer|p2a: Dragonite\n|-resisted|p2a: Dragonite\n|-damage|p2a: Dragonite|57\/100\n|-damage|p1a: Rillaboom|89\/100|[from] Recoil\n|\n|-heal|p1a: Rillaboom|96\/100|[from] Grassy Terrain\n|upkeep\n|turn|16\n|\n|t:|1700673747\n|move|p1a: Rillaboom|Wood Hammer|p2a: Dragonite\n|-resisted|p2a: Dragonite\n|-crit|p2a: Dragonite\n|-damage|p2a: Dragonite|6\/100\n|-damage|p1a: Rillaboom|80\/100|[from] Recoil\n|move|p2a: Dragonite|Dragon Dance|p2a: Dragonite\n|-boost|p2a: Dragonite|atk|1\n|-boost|p2a: Dragonite|spe|1\n|\n|-heal|p1a: Rillaboom|86\/100|[from] Grassy Terrain\n|upkeep\n|turn|17\n|\n|t:|1700673756\n|move|p2a: Dragonite|Extreme Speed|p1a: Rillaboom\n|-damage|p1a: Rillaboom|34\/100\n|move|p1a: Rillaboom|Wood Hammer|p2a: Dragonite\n|-resisted|p2a: Dragonite\n|-damage|p2a: Dragonite|0 fnt\n|faint|p2a: Dragonite\n|-damage|p1a: Rillaboom|32\/100|[from] Recoil\n|\n|-heal|p1a: Rillaboom|38\/100|[from] Grassy Terrain\n|upkeep\n|\n|t:|1700673768\n|switch|p2a: Iron Valiant|Iron Valiant|100\/100\n|turn|18\n|\n|t:|1700673771\n|move|p2a: Iron Valiant|Moonblast|p1a: Rillaboom\n|-damage|p1a: Rillaboom|0 fnt\n|faint|p1a: Rillaboom\n|-damage|p2a: Iron Valiant|91\/100|[from] item: Life Orb\n|\n|-heal|p2a: Iron Valiant|97\/100|[from] Grassy Terrain\n|upkeep\n|\n|t:|1700673773\n|switch|p1a: Dragapult|Dragapult, F|100\/100\n|turn|19\n|\n|t:|1700673781\n|move|p1a: Dragapult|Shadow Ball|p2a: Iron Valiant\n|-damage|p2a: Iron Valiant|0 fnt\n|faint|p2a: Iron Valiant\n|-end|p2a: Iron Valiant|Quark Drive|[silent]\n|\n|-fieldend|move: Grassy Terrain\n|upkeep\n|\n|t:|1700673786\n|switch|p2a: Greninja|Greninja, M|82\/100\n|turn|20\n|\n|t:|1700673789\n|move|p1a: Dragapult|Shadow Ball|p2a: Greninja\n|-resisted|p2a: Greninja\n|-damage|p2a: Greninja|40\/100\n|move|p2a: Greninja|Dark Pulse|p1a: Dragapult\n|-supereffective|p1a: Dragapult\n|-damage|p1a: Dragapult|0 fnt\n|faint|p1a: Dragapult\n|\n|win|Chaitanya15\n|raw|CoogieInTheWater's rating: 1141 &rarr; <strong>1119<\/strong><br \/>(-22 for losing)\n|raw|Chaitanya15's rating: 1181 &rarr; <strong>1203<\/strong><br \/>(+22 for winning)\n|c|\u2606Chaitanya15|gg\n|l|\u2606CoogieInTheWater\n","uploadtime":1700673818,"views":11,"p1id":"coogieinthewater","p2id":"chaitanya15","formatid":"gen9ou","rating":1119,"private":0,"password":""}