{"id":"gen9ou-1992621507","p1":"Kestvalmond","p2":"snotnosezill","format":"[Gen 9] OU","log":"|j|\u2606Kestvalmond\n|j|\u2606snotnosezill\n|t:|1700216105\n|gametype|singles\n|player|p1|Kestvalmond|ruinmaniac|1215\n|player|p2|snotnosezill|266|1151\n|teamsize|p1|6\n|teamsize|p2|6\n|gen|9\n|tier|[Gen 9] OU\n|rated|\n|rule|Sleep Clause Mod: Limit one foe put to sleep\n|rule|Species Clause: Limit one of each Pok\u00e9mon\n|rule|OHKO Clause: OHKO moves are banned\n|rule|Evasion Items Clause: Evasion items are banned\n|rule|Evasion Moves Clause: Evasion moves are banned\n|rule|Endless Battle Clause: Forcing endless battles is banned\n|rule|HP Percentage Mod: HP is shown in percentages\n|clearpoke\n|poke|p1|Gholdengo|\n|poke|p1|Samurott-Hisui, M|\n|poke|p1|Kommo-o, M|\n|poke|p1|Sandy Shocks|\n|poke|p1|Greninja-*, M|\n|poke|p1|Ribombee, F|\n|poke|p2|Torkoal, M|\n|poke|p2|Skeledirge, F|\n|poke|p2|Heatran, M|\n|poke|p2|Moltres-Galar|\n|poke|p2|Walking Wake|\n|poke|p2|Scyther, M|\n|teampreview\n|inactive|Battle timer is ON: inactive players will automatically lose when time's up. (requested by Kestvalmond)\n|\n|t:|1700216120\n|start\n|switch|p1a: Samurott|Samurott-Hisui, M|100\/100\n|switch|p2a: Scyther|Scyther, M, shiny|100\/100\n|turn|1\n|inactive|snotnosezill has 120 seconds left.\n|\n|t:|1700216176\n|move|p2a: Scyther|Trailblaze|p1a: Samurott\n|-supereffective|p1a: Samurott\n|-crit|p1a: Samurott\n|-damage|p1a: Samurott|11\/100\n|-boost|p2a: Scyther|spe|1\n|move|p1a: Samurott|Ceaseless Edge|p2a: Scyther\n|-damage|p2a: Scyther|55\/100\n|-sidestart|p2: snotnosezill|Spikes\n|\n|upkeep\n|turn|2\n|inactive|snotnosezill has 90 seconds left.\n|\n|t:|1700216202\n|move|p1a: Samurott|Aqua Jet|p2a: Scyther\n|-damage|p2a: Scyther|34\/100\n|move|p2a: Scyther|Trailblaze|p1a: Samurott\n|-supereffective|p1a: Samurott\n|-damage|p1a: Samurott|0 fnt\n|-boost|p2a: Scyther|spe|1\n|faint|p1a: Samurott\n|\n|upkeep\n|\n|t:|1700216207\n|switch|p1a: Ribombee|Ribombee, F|100\/100\n|turn|3\n|inactive|snotnosezill has 90 seconds left.\n|\n|t:|1700216218\n|move|p2a: Scyther|Dual Wingbeat|p1a: Ribombee\n|-supereffective|p1a: Ribombee\n|-enditem|p1a: Ribombee|Focus Sash\n|-damage|p1a: Ribombee|1\/100\n|-supereffective|p1a: Ribombee\n|-damage|p1a: Ribombee|0 fnt\n|faint|p1a: Ribombee\n|-hitcount|p1: Ribombee|2\n|\n|upkeep\n|\n|t:|1700216226\n|switch|p1a: Greninja|Greninja, M|100\/100\n|turn|4\n|inactive|snotnosezill has 90 seconds left.\n|\n|t:|1700216261\n|move|p1a: Greninja|Water Shuriken|p2a: Scyther\n|-damage|p2a: Scyther|24\/100\n|-damage|p2a: Scyther|14\/100\n|-damage|p2a: Scyther|4\/100\n|-damage|p2a: Scyther|0 fnt\n|faint|p2a: Scyther\n|-ability|p1a: Greninja|Battle Bond|boost\n|-boost|p1a: Greninja|atk|1\n|-boost|p1a: Greninja|spa|1\n|-boost|p1a: Greninja|spe|1\n|-activate|p1a: Greninja|ability: Battle Bond\n|-hitcount|p2: Scyther|4\n|\n|upkeep\n|inactive|snotnosezill has 60 seconds left.\n|\n|t:|1700216282\n|switch|p2a: Torkoal|Torkoal, M|100\/100\n|-damage|p2a: Torkoal|88\/100|[from] Spikes\n|-weather|SunnyDay|[from] ability: Drought|[of] p2a: Torkoal\n|turn|5\n|inactive|snotnosezill has 30 seconds left.\n|\n|t:|1700216314\n|switch|p2a: Heatran|Heatran, M|100\/100\n|-item|p2a: Heatran|Air Balloon\n|move|p1a: Greninja|Water Shuriken|p2a: Heatran\n|-supereffective|p2a: Heatran\n|-damage|p2a: Heatran|87\/100\n|-enditem|p2a: Heatran|Air Balloon\n|-supereffective|p2a: Heatran\n|-damage|p2a: Heatran|72\/100\n|-supereffective|p2a: Heatran\n|-damage|p2a: Heatran|57\/100\n|-hitcount|p2a: Heatran|3\n|\n|-weather|SunnyDay|[upkeep]\n|upkeep\n|turn|6\n|inactive|snotnosezill has 30 seconds left.\n|\n|t:|1700216328\n|-terastallize|p2a: Heatran|Grass\n|move|p1a: Greninja|Water Shuriken|p2a: Heatran\n|-resisted|p2a: Heatran\n|-damage|p2a: Heatran|53\/100\n|-resisted|p2a: Heatran\n|-damage|p2a: Heatran|49\/100\n|-hitcount|p2a: Heatran|2\n|move|p2a: Heatran|Solar Beam||[still]\n|-prepare|p2a: Heatran|Solar Beam\n|-anim|p2a: Heatran|Solar Beam|p1a: Greninja\n|-supereffective|p1a: Greninja\n|-damage|p1a: Greninja|0 fnt\n|faint|p1a: Greninja\n|\n|-weather|SunnyDay|[upkeep]\n|upkeep\n|\n|t:|1700216348\n|switch|p1a: Gholdengo|Gholdengo|100\/100\n|turn|7\n|\n|t:|1700216363\n|move|p2a: Heatran|Protect|p2a: Heatran\n|-singleturn|p2a: Heatran|Protect\n|move|p1a: Gholdengo|Make It Rain|p2a: Heatran\n|-activate|p2a: Heatran|move: Protect\n|\n|-weather|SunnyDay|[upkeep]\n|upkeep\n|turn|8\n|inactive|snotnosezill has 30 seconds left.\n|inactive|snotnosezill has 20 seconds left.\n|inactive|Kestvalmond has 120 seconds left.\n|inactive|snotnosezill has 15 seconds left.\n|inactive|snotnosezill has 10 seconds left.\n|\n|t:|1700216401\n|move|p1a: Gholdengo|Make It Rain|p2a: Heatran\n|-damage|p2a: Heatran|0 fnt\n|-unboost|p1a: Gholdengo|spa|1\n|faint|p2a: Heatran\n|\n|-weather|SunnyDay|[upkeep]\n|upkeep\n|inactive|snotnosezill has 15 seconds left this turn.\n|inactive|snotnosezill has 10 seconds left.\n|inactive|snotnosezill has 5 seconds left.\n|\n|t:|1700216416\n|switch|p2a: Walking Wake|Walking Wake|100\/100\n|-damage|p2a: Walking Wake|88\/100|[from] Spikes\n|-activate|p2a: Walking Wake|ability: Protosynthesis\n|-start|p2a: Walking Wake|protosynthesisspe\n|turn|9\n|inactive|snotnosezill has 15 seconds left this turn.\n|inactive|snotnosezill has 10 seconds left.\n|inactive|Kestvalmond has 120 seconds left.\n|c|\u2606snotnosezill|flamethrower inc\n|inactive|Kestvalmond has 90 seconds left.\n|\n|t:|1700216464\n|move|p2a: Walking Wake|Hydro Steam|p1a: Gholdengo\n|-damage|p1a: Gholdengo|31\/100\n|move|p1a: Gholdengo|Nasty Plot|p1a: Gholdengo\n|-boost|p1a: Gholdengo|spa|2\n|\n|-weather|SunnyDay|[upkeep]\n|upkeep\n|turn|10\n|inactive|snotnosezill has 20 seconds left this turn.\n|inactive|snotnosezill has 15 seconds left.\n|\n|t:|1700216472\n|move|p2a: Walking Wake|Hydro Steam|p1a: Gholdengo\n|-damage|p1a: Gholdengo|0 fnt\n|faint|p1a: Gholdengo\n|\n|-weather|SunnyDay|[upkeep]\n|upkeep\n|inactive|snotnosezill has 20 seconds left this turn.\n|\n|t:|1700216475\n|switch|p1a: Kommo-o|Kommo-o, M|100\/100\n|turn|11\n|inactive|snotnosezill has 30 seconds left this turn.\n|inactive|snotnosezill has 20 seconds left.\n|inactive|snotnosezill has 15 seconds left.\n|inactive|snotnosezill has 10 seconds left.\n|\n|t:|1700216498\n|-terastallize|p1a: Kommo-o|Steel\n|move|p2a: Walking Wake|Hydro Steam|p1a: Kommo-o\n|-damage|p1a: Kommo-o|23\/100\n|move|p1a: Kommo-o|Clangorous Soul||[still]\n|-fail|p1a: Kommo-o\n|\n|-weather|SunnyDay|[upkeep]\n|-heal|p1a: Kommo-o|29\/100|[from] item: Leftovers\n|upkeep\n|turn|12\n|inactive|snotnosezill has 20 seconds left this turn.\n|inactive|snotnosezill has 15 seconds left.\n|inactive|snotnosezill has 10 seconds left.\n|\n|t:|1700216517\n|move|p2a: Walking Wake|Hydro Steam|p1a: Kommo-o\n|-damage|p1a: Kommo-o|0 fnt\n|faint|p1a: Kommo-o\n|\n|-weather|none\n|-end|p2a: Walking Wake|Protosynthesis\n|upkeep\n|-enditem|p2a: Walking Wake|Booster Energy\n|-activate|p2a: Walking Wake|ability: Protosynthesis|[fromitem]\n|-start|p2a: Walking Wake|protosynthesisspe\n|inactive|snotnosezill has 15 seconds left this turn.\n|\n|t:|1700216519\n|switch|p1a: Sandy Shocks|Sandy Shocks|100\/100\n|turn|13\n|inactive|snotnosezill has 25 seconds left this turn.\n|inactive|snotnosezill has 20 seconds left.\n|inactive|snotnosezill has 15 seconds left.\n|-message|Kestvalmond forfeited.\n|\n|win|snotnosezill\n|inactive|snotnosezill has 20 seconds left this turn.\n|raw|Kestvalmond's rating: 1215 &rarr; <strong>1185<\/strong><br \/>(-30 for losing)\n|raw|snotnosezill's rating: 1151 &rarr; <strong>1181<\/strong><br \/>(+30 for winning)\n|l|\u2606Kestvalmond\n","uploadtime":1700216537,"views":8,"p1id":"kestvalmond","p2id":"snotnosezill","formatid":"gen9ou","rating":1181,"private":0,"password":""}