{"id":"gen9ou-1994863987","p1":"GorLeon","p2":"FatalisPL","format":"[Gen 9] OU","log":"|j|\u2606GorLeon\n|j|\u2606FatalisPL\n|t:|1700499746\n|gametype|singles\n|player|p1|GorLeon|dragontamer|1450\n|player|p2|FatalisPL|2|1516\n|teamsize|p1|6\n|teamsize|p2|6\n|gen|9\n|tier|[Gen 9] OU\n|rated|\n|rule|Sleep Clause Mod: Limit one foe put to sleep\n|rule|Species Clause: Limit one of each Pok\u00e9mon\n|rule|OHKO Clause: OHKO moves are banned\n|rule|Evasion Items Clause: Evasion items are banned\n|rule|Evasion Moves Clause: Evasion moves are banned\n|rule|Endless Battle Clause: Forcing endless battles is banned\n|rule|HP Percentage Mod: HP is shown in percentages\n|clearpoke\n|poke|p1|Great Tusk|\n|poke|p1|Hatterene, F|\n|poke|p1|Dondozo, M|\n|poke|p1|Mandibuzz, F|\n|poke|p1|Heatran, F|\n|poke|p1|Dragapult, M|\n|poke|p2|Dragonite, M|\n|poke|p2|Ribombee, M|\n|poke|p2|Gholdengo|\n|poke|p2|Iron Moth|\n|poke|p2|Great Tusk|\n|poke|p2|Walking Wake|\n|teampreview\n|inactive|Battle timer is ON: inactive players will automatically lose when time's up. (requested by GorLeon)\n|c|\u2606GorLeon|gl hf\n|\n|t:|1700499761\n|start\n|switch|p1a: Hatterene|Hatterene, F|100\/100\n|switch|p2a: Ribombee|Ribombee, M|100\/100\n|turn|1\n|\n|t:|1700499765\n|move|p2a: Ribombee|Moonblast|p1a: Hatterene\n|-damage|p1a: Hatterene|55\/100\n|move|p1a: Hatterene|Nuzzle|p2a: Ribombee\n|-damage|p2a: Ribombee|94\/100\n|\n|-heal|p1a: Hatterene|61\/100|[from] item: Leftovers\n|upkeep\n|turn|2\n|\n|t:|1700499769\n|move|p2a: Ribombee|Moonblast|p1a: Hatterene\n|-damage|p1a: Hatterene|20\/100\n|-unboost|p1a: Hatterene|spa|1\n|move|p1a: Hatterene|Draining Kiss|p2a: Ribombee\n|-damage|p2a: Ribombee|68\/100\n|-heal|p1a: Hatterene|36\/100|[from] drain|[of] p2a: Ribombee\n|\n|-heal|p1a: Hatterene|42\/100|[from] item: Leftovers\n|upkeep\n|turn|3\n|\n|t:|1700499774\n|switch|p1a: Heatran|Heatran, F|100\/100\n|move|p2a: Ribombee|Moonblast|p1a: Heatran\n|-resisted|p1a: Heatran\n|-damage|p1a: Heatran|94\/100\n|-unboost|p1a: Heatran|spa|1\n|\n|-heal|p1a: Heatran|100\/100|[from] item: Leftovers\n|upkeep\n|turn|4\n|\n|t:|1700499783\n|switch|p2a: Great Tusk|Great Tusk|100\/100\n|-enditem|p2a: Great Tusk|Booster Energy\n|-activate|p2a: Great Tusk|ability: Protosynthesis|[fromitem]\n|-start|p2a: Great Tusk|protosynthesisatk\n|switch|p1a: Hatterene|Hatterene, F|42\/100\n|\n|-heal|p1a: Hatterene|48\/100|[from] item: Leftovers\n|upkeep\n|turn|5\n|\n|t:|1700499800\n|-terastallize|p1a: Hatterene|Flying\n|move|p2a: Great Tusk|Ice Spinner|p1a: Hatterene\n|-supereffective|p1a: Hatterene\n|-damage|p1a: Hatterene|0 fnt\n|faint|p1a: Hatterene\n|\n|upkeep\n|\n|t:|1700499807\n|switch|p1a: Dragapult|Dragapult, M|100\/100\n|turn|6\n|c|\u2606FatalisPL|was aiming at mindibuz\n|c|\u2606GorLeon|I see\n|c|\u2606FatalisPL|dont know why u did this ;p\n|\n|t:|1700499833\n|move|p1a: Dragapult|Draco Meteor|p2a: Great Tusk\n|-damage|p2a: Great Tusk|0 fnt\n|-unboost|p1a: Dragapult|spa|2\n|faint|p2a: Great Tusk\n|-end|p2a: Great Tusk|Protosynthesis|[silent]\n|\n|upkeep\n|\n|t:|1700499839\n|switch|p2a: Ribombee|Ribombee, M|68\/100\n|turn|7\n|\n|t:|1700499846\n|switch|p1a: Heatran|Heatran, F|100\/100\n|move|p2a: Ribombee|Sticky Web|p1a: Heatran\n|-sidestart|p1: GorLeon|move: Sticky Web\n|\n|upkeep\n|turn|8\n|\n|t:|1700499851\n|move|p2a: Ribombee|Stun Spore|p1a: Heatran\n|-status|p1a: Heatran|par\n|move|p1a: Heatran|Magma Storm|p2a: Ribombee\n|-supereffective|p2a: Ribombee\n|-damage|p2a: Ribombee|0 fnt\n|faint|p2a: Ribombee\n|\n|upkeep\n|\n|t:|1700499861\n|switch|p2a: Walking Wake|Walking Wake|100\/100\n|-enditem|p2a: Walking Wake|Booster Energy\n|-activate|p2a: Walking Wake|ability: Protosynthesis|[fromitem]\n|-start|p2a: Walking Wake|protosynthesisspa\n|turn|9\n|\n|t:|1700499866\n|switch|p1a: Dondozo|Dondozo, M|100\/100\n|-activate|p1a: Dondozo|move: Sticky Web\n|-unboost|p1a: Dondozo|spe|1\n|-terastallize|p2a: Walking Wake|Water\n|move|p2a: Walking Wake|Hydro Steam|p1a: Dondozo\n|-resisted|p1a: Dondozo\n|-damage|p1a: Dondozo|77\/100\n|\n|-heal|p1a: Dondozo|83\/100|[from] item: Leftovers\n|upkeep\n|turn|10\n|\n|t:|1700499881\n|move|p2a: Walking Wake|Dragon Pulse|p1a: Dondozo\n|-damage|p1a: Dondozo|44\/100\n|move|p1a: Dondozo|Curse|p1a: Dondozo\n|-unboost|p1a: Dondozo|spe|1\n|-boost|p1a: Dondozo|atk|1\n|-boost|p1a: Dondozo|def|1\n|\n|-heal|p1a: Dondozo|50\/100|[from] item: Leftovers\n|upkeep\n|turn|11\n|\n|t:|1700499887\n|move|p2a: Walking Wake|Dragon Pulse|p1a: Dondozo\n|-damage|p1a: Dondozo|13\/100\n|move|p1a: Dondozo|Rest|p1a: Dondozo\n|-status|p1a: Dondozo|slp|[from] move: Rest\n|-heal|p1a: Dondozo|100\/100 slp|[silent]\n|\n|upkeep\n|turn|12\n|\n|t:|1700499891\n|move|p2a: Walking Wake|Dragon Pulse|p1a: Dondozo\n|-damage|p1a: Dondozo|60\/100 slp\n|cant|p1a: Dondozo|slp\n|move|p1a: Dondozo|Sleep Talk|p1a: Dondozo\n|move|p1a: Dondozo|Rest||[from]move: Sleep Talk|[still]\n|-fail|p1a: Dondozo\n|\n|-heal|p1a: Dondozo|66\/100 slp|[from] item: Leftovers\n|upkeep\n|turn|13\n|\n|t:|1700499896\n|move|p2a: Walking Wake|Dragon Pulse|p1a: Dondozo\n|-damage|p1a: Dondozo|26\/100 slp\n|cant|p1a: Dondozo|slp\n|move|p1a: Dondozo|Sleep Talk|p1a: Dondozo\n|move|p1a: Dondozo|Curse|p1a: Dondozo|[from]move: Sleep Talk\n|-unboost|p1a: Dondozo|spe|1\n|-boost|p1a: Dondozo|atk|1\n|-boost|p1a: Dondozo|def|1\n|\n|-heal|p1a: Dondozo|32\/100 slp|[from] item: Leftovers\n|upkeep\n|turn|14\n|\n|t:|1700499907\n|move|p2a: Walking Wake|Dragon Pulse|p1a: Dondozo\n|-damage|p1a: Dondozo|0 fnt\n|faint|p1a: Dondozo\n|\n|upkeep\n|\n|t:|1700499911\n|switch|p1a: Mandibuzz|Mandibuzz, F|100\/100\n|turn|15\n|\n|t:|1700499914\n|move|p2a: Walking Wake|Dragon Pulse|p1a: Mandibuzz\n|-damage|p1a: Mandibuzz|52\/100\n|move|p1a: Mandibuzz|Defog|p2a: Walking Wake\n|-unboost|p2a: Walking Wake|evasion|1\n|-sideend|p1: GorLeon|Sticky Web|[from] move: Defog|[of] p1a: Mandibuzz\n|\n|upkeep\n|turn|16\n|\n|t:|1700499920\n|move|p2a: Walking Wake|Hydro Steam|p1a: Mandibuzz\n|-damage|p1a: Mandibuzz|0 fnt\n|faint|p1a: Mandibuzz\n|\n|upkeep\n|\n|t:|1700499923\n|switch|p1a: Dragapult|Dragapult, M|100\/100\n|turn|17\n|\n|t:|1700499926\n|move|p1a: Dragapult|Draco Meteor|p2a: Walking Wake\n|-damage|p2a: Walking Wake|0 fnt\n|-unboost|p1a: Dragapult|spa|2\n|faint|p2a: Walking Wake\n|-end|p2a: Walking Wake|Protosynthesis|[silent]\n|\n|upkeep\n|\n|t:|1700499929\n|switch|p2a: Dragonite|Dragonite, M|100\/100\n|turn|18\n|\n|t:|1700499934\n|move|p1a: Dragapult|Draco Meteor|p2a: Dragonite\n|-supereffective|p2a: Dragonite\n|-crit|p2a: Dragonite\n|-damage|p2a: Dragonite|0 fnt\n|-unboost|p1a: Dragapult|spa|2\n|faint|p2a: Dragonite\n|\n|upkeep\n|c|\u2606FatalisPL|oof\n|\n|t:|1700499941\n|switch|p2a: Iron Moth|Iron Moth|100\/100\n|-enditem|p2a: Iron Moth|Booster Energy\n|-activate|p2a: Iron Moth|ability: Quark Drive|[fromitem]\n|-start|p2a: Iron Moth|quarkdrivespa\n|turn|19\n|\n|t:|1700499950\n|switch|p1a: Heatran|Heatran, F|100\/100 par\n|move|p2a: Iron Moth|Psychic|p1a: Heatran\n|-resisted|p1a: Heatran\n|-damage|p1a: Heatran|88\/100 par\n|\n|-heal|p1a: Heatran|94\/100 par|[from] item: Leftovers\n|upkeep\n|turn|20\n|\n|t:|1700499955\n|move|p2a: Iron Moth|Substitute|p2a: Iron Moth\n|-start|p2a: Iron Moth|Substitute\n|-damage|p2a: Iron Moth|76\/100\n|move|p1a: Heatran|Earth Power|p2a: Iron Moth\n|-supereffective|p2a: Iron Moth\n|-end|p2a: Iron Moth|Substitute\n|\n|-heal|p1a: Heatran|100\/100 par|[from] item: Leftovers\n|upkeep\n|turn|21\n|\n|t:|1700499959\n|-end|p2a: Iron Moth|Quark Drive|[silent]\n|switch|p2a: Gholdengo|Gholdengo|100\/100\n|-item|p2a: Gholdengo|Air Balloon\n|cant|p1a: Heatran|par\n|\n|upkeep\n|turn|22\n|\n|t:|1700499965\n|move|p2a: Gholdengo|Nasty Plot|p2a: Gholdengo\n|-boost|p2a: Gholdengo|spa|2\n|cant|p1a: Heatran|par\n|\n|upkeep\n|turn|23\n|\n|t:|1700499975\n|move|p2a: Gholdengo|Shadow Ball|p1a: Heatran\n|-damage|p1a: Heatran|55\/100 par\n|move|p1a: Heatran|Magma Storm|p2a: Gholdengo\n|-supereffective|p2a: Gholdengo\n|-damage|p2a: Gholdengo|21\/100\n|-activate|p2a: Gholdengo|move: Magma Storm|[of] p1a: Heatran\n|-enditem|p2a: Gholdengo|Air Balloon\n|\n|-heal|p1a: Heatran|62\/100 par|[from] item: Leftovers\n|-damage|p2a: Gholdengo|9\/100|[from] move: Magma Storm|[partiallytrapped]\n|upkeep\n|turn|24\n|\n|t:|1700499981\n|move|p1a: Heatran|Protect|p1a: Heatran\n|-singleturn|p1a: Heatran|Protect\n|move|p2a: Gholdengo|Shadow Ball|p1a: Heatran\n|-activate|p1a: Heatran|move: Protect\n|\n|-heal|p1a: Heatran|68\/100 par|[from] item: Leftovers\n|-damage|p2a: Gholdengo|0 fnt|[from] move: Magma Storm|[partiallytrapped]\n|faint|p2a: Gholdengo\n|upkeep\n|c|\u2606FatalisPL|gg\n|c|\u2606GorLeon|gg\n|c|\u2606FatalisPL|that crit ednded my carrer\n|-message|FatalisPL forfeited.\n|c|\u2606GorLeon|Unfortunate for sure\n|\n|win|GorLeon\n|raw|GorLeon's rating: 1450 &rarr; <strong>1474<\/strong><br \/>(+24 for winning)\n|raw|FatalisPL's rating: 1516 &rarr; <strong>1492<\/strong><br \/>(-24 for losing)\n|l|\u2606FatalisPL\n","uploadtime":1700500010,"views":5,"p1id":"gorleon","p2id":"fatalispl","formatid":"gen9ou","rating":1474,"private":0,"password":""}