{"id":"gen9ou-1988491235","p1":"King Mileoxis","p2":"Slaaaine","format":"[Gen 9] OU","log":"|j|\u2606King Mileoxis\n|j|\u2606Slaaaine\n|t:|1699728633\n|gametype|singles\n|player|p1|King Mileoxis|ghetsis-gen5bw|1208\n|player|p2|Slaaaine|n|1204\n|teamsize|p1|6\n|teamsize|p2|6\n|gen|9\n|tier|[Gen 9] OU\n|rated|\n|rule|Sleep Clause Mod: Limit one foe put to sleep\n|rule|Species Clause: Limit one of each Pok\u00e9mon\n|rule|OHKO Clause: OHKO moves are banned\n|rule|Evasion Items Clause: Evasion items are banned\n|rule|Evasion Moves Clause: Evasion moves are banned\n|rule|Endless Battle Clause: Forcing endless battles is banned\n|rule|HP Percentage Mod: HP is shown in percentages\n|clearpoke\n|poke|p1|Kingambit, F|\n|poke|p1|Dragonite, M|\n|poke|p1|Breloom, F|\n|poke|p1|Mamoswine, F|\n|poke|p1|Sneasler, M|\n|poke|p1|Meloetta|\n|poke|p2|Manaphy|\n|poke|p2|Kingambit, F|\n|poke|p2|Ribombee, F|\n|poke|p2|Gholdengo|\n|poke|p2|Iron Moth|\n|poke|p2|Ogerpon-Wellspring, F|\n|teampreview\n|inactive|Battle timer is ON: inactive players will automatically lose when time's up. (requested by King Mileoxis)\n|\n|t:|1699728638\n|start\n|switch|p1a: Meloetta|Meloetta|100\/100\n|switch|p2a: wildfiree|Ribombee, F|100\/100\n|turn|1\n|\n|t:|1699728645\n|move|p2a: wildfiree|Sticky Web|p1a: Meloetta\n|-sidestart|p1: King Mileoxis|move: Sticky Web\n|move|p1a: Meloetta|Thunder Wave|p2a: wildfiree\n|-status|p2a: wildfiree|par\n|\n|upkeep\n|turn|2\n|\n|t:|1699728652\n|move|p1a: Meloetta|Relic Song|p2a: wildfiree\n|-damage|p2a: wildfiree|19\/100 par\n|-formechange|p1a: Meloetta|Meloetta-Pirouette|[msg]\n|-damage|p1a: Meloetta|91\/100|[from] item: Life Orb\n|cant|p2a: wildfiree|par\n|\n|upkeep\n|turn|3\n|\n|t:|1699728658\n|move|p1a: Meloetta|Relic Song|p2a: wildfiree\n|-damage|p2a: wildfiree|0 fnt\n|faint|p2a: wildfiree\n|-formechange|p1a: Meloetta|Meloetta|[msg]\n|-damage|p1a: Meloetta|81\/100|[from] item: Life Orb\n|\n|upkeep\n|\n|t:|1699728669\n|switch|p2a: scarlet|Iron Moth|100\/100\n|-enditem|p2a: scarlet|Booster Energy\n|-activate|p2a: scarlet|ability: Quark Drive|[fromitem]\n|-start|p2a: scarlet|quarkdrivespe\n|turn|4\n|\n|t:|1699728675\n|move|p2a: scarlet|Fiery Dance|p1a: Meloetta\n|-damage|p1a: Meloetta|47\/100\n|-boost|p2a: scarlet|spa|1\n|move|p1a: Meloetta|Relic Song|p2a: scarlet\n|-damage|p2a: scarlet|47\/100\n|-formechange|p1a: Meloetta|Meloetta-Pirouette|[msg]\n|-damage|p1a: Meloetta|37\/100|[from] item: Life Orb\n|\n|upkeep\n|turn|5\n|\n|t:|1699728681\n|move|p2a: scarlet|Fiery Dance|p1a: Meloetta\n|-damage|p1a: Meloetta|0 fnt\n|-boost|p2a: scarlet|spa|1\n|faint|p1a: Meloetta\n|\n|upkeep\n|\n|t:|1699728684\n|switch|p1a: Breloom|Breloom, F|100\/100\n|-activate|p1a: Breloom|move: Sticky Web\n|-unboost|p1a: Breloom|spe|1\n|turn|6\n|\n|t:|1699728691\n|move|p2a: scarlet|Substitute|p2a: scarlet\n|-start|p2a: scarlet|Substitute\n|-damage|p2a: scarlet|22\/100\n|move|p1a: Breloom|Bulldoze|p2a: scarlet\n|-supereffective|p2a: scarlet\n|-end|p2a: scarlet|Substitute\n|\n|upkeep\n|turn|7\n|\n|t:|1699728693\n|move|p2a: scarlet|Fiery Dance|p1a: Breloom\n|-supereffective|p1a: Breloom\n|-enditem|p1a: Breloom|Focus Sash\n|-damage|p1a: Breloom|1\/100\n|-boost|p2a: scarlet|spa|1\n|move|p1a: Breloom|Bulldoze|p2a: scarlet\n|-supereffective|p2a: scarlet\n|-damage|p2a: scarlet|0 fnt\n|faint|p2a: scarlet\n|-end|p2a: scarlet|Quark Drive|[silent]\n|\n|upkeep\n|\n|t:|1699728708\n|switch|p2a: faya|Ogerpon-Wellspring, F|100\/100\n|turn|8\n|\n|t:|1699728712\n|move|p1a: Breloom|Mach Punch|p2a: faya\n|-damage|p2a: faya|53\/100\n|move|p2a: faya|Ivy Cudgel|p1a: Breloom\n|-resisted|p1a: Breloom\n|-damage|p1a: Breloom|0 fnt\n|faint|p1a: Breloom\n|\n|upkeep\n|\n|t:|1699728721\n|switch|p1a: Sneasler|Sneasler, M|100\/100\n|-activate|p1a: Sneasler|move: Sticky Web\n|-unboost|p1a: Sneasler|spe|1\n|turn|9\n|\n|t:|1699728726\n|move|p1a: Sneasler|Fake Out|p2a: faya\n|-damage|p2a: faya|35\/100\n|-status|p2a: faya|psn|[from] ability: Poison Touch|[of] p1a: Sneasler\n|cant|p2a: faya|flinch\n|\n|-damage|p2a: faya|22\/100 psn|[from] psn\n|upkeep\n|turn|10\n|\n|t:|1699728731\n|move|p2a: faya|Ivy Cudgel|p1a: Sneasler\n|-damage|p1a: Sneasler|4\/100\n|move|p1a: Sneasler|Swords Dance|p1a: Sneasler\n|-boost|p1a: Sneasler|atk|2\n|\n|-damage|p2a: faya|10\/100 psn|[from] psn\n|upkeep\n|turn|11\n|\n|t:|1699728736\n|move|p2a: faya|Encore|p1a: Sneasler\n|-start|p1a: Sneasler|Encore\n|move|p1a: Sneasler|Swords Dance|p1a: Sneasler\n|-boost|p1a: Sneasler|atk|2\n|\n|-damage|p2a: faya|0 fnt|[from] psn\n|faint|p2a: faya\n|upkeep\n|\n|t:|1699728743\n|switch|p2a: HPDARKEAGLE|Manaphy|100\/100\n|turn|12\n|\n|t:|1699728747\n|move|p2a: HPDARKEAGLE|Tail Glow|p2a: HPDARKEAGLE\n|-boost|p2a: HPDARKEAGLE|spa|3\n|move|p1a: Sneasler|Swords Dance|p1a: Sneasler\n|-boost|p1a: Sneasler|atk|2\n|\n|upkeep\n|turn|13\n|\n|t:|1699728750\n|move|p2a: HPDARKEAGLE|Surf|p1a: Sneasler\n|-damage|p1a: Sneasler|0 fnt\n|faint|p1a: Sneasler\n|\n|upkeep\n|\n|t:|1699728757\n|switch|p1a: Spped|Dragonite, M|100\/100\n|turn|14\n|\n|t:|1699728761\n|move|p2a: HPDARKEAGLE|Ice Beam|p1a: Spped\n|-supereffective|p1a: Spped\n|-damage|p1a: Spped|0 fnt\n|faint|p1a: Spped\n|\n|upkeep\n|\n|t:|1699728766\n|switch|p1a: King|Kingambit, F, shiny|100\/100\n|-activate|p1a: King|move: Sticky Web\n|-unboost|p1a: King|spe|1\n|-activate|p1a: King|ability: Supreme Overlord\n|-start|p1a: King|fallen4|[silent]\n|turn|15\n|\n|t:|1699728769\n|-terastallize|p2a: HPDARKEAGLE|Water\n|move|p1a: King|Sucker Punch|p2a: HPDARKEAGLE\n|-damage|p2a: HPDARKEAGLE|31\/100\n|move|p2a: HPDARKEAGLE|Surf|p1a: King\n|-damage|p1a: King|0 fnt\n|faint|p1a: King\n|-end|p1a: King|fallen4|[silent]\n|\n|-heal|p2a: HPDARKEAGLE|37\/100|[from] item: Leftovers\n|upkeep\n|\n|t:|1699728771\n|switch|p1a: Mamoswine|Mamoswine, F|100\/100\n|-activate|p1a: Mamoswine|move: Sticky Web\n|-unboost|p1a: Mamoswine|spe|1\n|turn|16\n|\n|t:|1699728772\n|move|p1a: Mamoswine|Ice Shard|p2a: HPDARKEAGLE\n|-resisted|p2a: HPDARKEAGLE\n|-damage|p2a: HPDARKEAGLE|26\/100\n|move|p2a: HPDARKEAGLE|Surf|p1a: Mamoswine\n|-supereffective|p1a: Mamoswine\n|-damage|p1a: Mamoswine|0 fnt\n|faint|p1a: Mamoswine\n|\n|win|Slaaaine\n|raw|King Mileoxis's rating: 1208 &rarr; <strong>1183<\/strong><br \/>(-25 for losing)\n|raw|Slaaaine's rating: 1204 &rarr; <strong>1229<\/strong><br \/>(+25 for winning)\n|l|\u2606King Mileoxis\n","uploadtime":1699728782,"views":15,"p1id":"kingmileoxis","p2id":"slaaaine","formatid":"gen9ou","rating":1183,"private":0,"password":""}