{"id":"gen9ou-2000411725","p1":"ancientatom1","p2":"gajngafa","format":"[Gen 9] OU","log":"|j|\u2606ancientatom1\n|j|\u2606gajngafa\n|t:|1701192592\n|gametype|singles\n|player|p1|ancientatom1|266|1401\n|player|p2|gajngafa|gentleman-gen4|1470\n|teamsize|p1|6\n|teamsize|p2|6\n|gen|9\n|tier|[Gen 9] OU\n|rated|\n|rule|Sleep Clause Mod: Limit one foe put to sleep\n|rule|Species Clause: Limit one of each Pok\u00e9mon\n|rule|OHKO Clause: OHKO moves are banned\n|rule|Evasion Items Clause: Evasion items are banned\n|rule|Evasion Moves Clause: Evasion moves are banned\n|rule|Endless Battle Clause: Forcing endless battles is banned\n|rule|HP Percentage Mod: HP is shown in percentages\n|clearpoke\n|poke|p1|Maushold|\n|poke|p1|Samurott-Hisui, M|\n|poke|p1|Kingambit, M|\n|poke|p1|Garganacl, F|\n|poke|p1|Amoonguss, M|\n|poke|p1|Weavile, F|\n|poke|p2|Amoonguss, M|\n|poke|p2|Gholdengo|\n|poke|p2|Zamazenta-*|\n|poke|p2|Ting-Lu|\n|poke|p2|Zapdos|\n|poke|p2|Slowking, F|\n|teampreview\n|inactive|Battle timer is ON: inactive players will automatically lose when time's up. (requested by ancientatom1)\n|\n|t:|1701192621\n|start\n|switch|p1a: Samurott|Samurott-Hisui, M, shiny|100\/100\n|switch|p2a: Zamazenta|Zamazenta|100\/100\n|-ability|p2a: Zamazenta|Dauntless Shield|boost\n|-boost|p2a: Zamazenta|def|1\n|turn|1\n|\n|t:|1701192635\n|move|p2a: Zamazenta|Close Combat|p1a: Samurott\n|-supereffective|p1a: Samurott\n|-damage|p1a: Samurott|0 fnt\n|-unboost|p2a: Zamazenta|def|1\n|-unboost|p2a: Zamazenta|spd|1\n|faint|p1a: Samurott\n|\n|upkeep\n|\n|t:|1701192656\n|switch|p1a: Garganacl|Garganacl, F|100\/100\n|turn|2\n|\n|t:|1701192667\n|switch|p2a: Amoonguss|Amoonguss, M|100\/100\n|-terastallize|p1a: Garganacl|Fairy\n|move|p1a: Garganacl|Iron Defense|p1a: Garganacl\n|-boost|p1a: Garganacl|def|2\n|\n|upkeep\n|turn|3\n|inactive|ancientatom1 has 120 seconds left.\n|\n|t:|1701192712\n|move|p1a: Garganacl|Salt Cure|p2a: Amoonguss\n|-damage|p2a: Amoonguss|89\/100\n|-start|p2a: Amoonguss|Salt Cure\n|move|p2a: Amoonguss|Sludge Bomb|p1a: Garganacl\n|-supereffective|p1a: Garganacl\n|-damage|p1a: Garganacl|63\/100\n|\n|-heal|p1a: Garganacl|69\/100|[from] item: Leftovers\n|-damage|p2a: Amoonguss|76\/100|[from] Salt Cure\n|upkeep\n|turn|4\n|\n|t:|1701192728\n|move|p1a: Garganacl|Iron Defense|p1a: Garganacl\n|-boost|p1a: Garganacl|def|2\n|move|p2a: Amoonguss|Worry Seed|p1a: Garganacl\n|-endability|p1a: Garganacl|Purifying Salt|[from] move: Worry Seed\n|-ability|p1a: Garganacl|Insomnia|[from] move: Worry Seed\n|\n|-heal|p1a: Garganacl|75\/100|[from] item: Leftovers\n|-damage|p2a: Amoonguss|64\/100|[from] Salt Cure\n|upkeep\n|turn|5\n|\n|t:|1701192744\n|move|p1a: Garganacl|Body Press|p2a: Amoonguss\n|-resisted|p2a: Amoonguss\n|-damage|p2a: Amoonguss|35\/100\n|move|p2a: Amoonguss|Spore|p1a: Garganacl\n|-immune|p1a: Garganacl|[from] ability: Insomnia\n|\n|-heal|p1a: Garganacl|81\/100|[from] item: Leftovers\n|-damage|p2a: Amoonguss|22\/100|[from] Salt Cure\n|upkeep\n|turn|6\n|inactive|ancientatom1 has 90 seconds left.\n|\n|t:|1701192764\n|switch|p2a: Slowking|Slowking, F|100\/100\n|move|p1a: Garganacl|Body Press|p2a: Slowking\n|-resisted|p2a: Slowking\n|-crit|p2a: Slowking\n|-damage|p2a: Slowking|50\/100\n|\n|-heal|p1a: Garganacl|88\/100|[from] item: Leftovers\n|upkeep\n|turn|7\n|inactive|ancientatom1 has 90 seconds left.\n|\n|t:|1701192776\n|move|p1a: Garganacl|Body Press|p2a: Slowking\n|-resisted|p2a: Slowking\n|-damage|p2a: Slowking|14\/100\n|move|p2a: Slowking|Chilly Reception|p2a: Slowking\n|-weather|Snow\n|\n|t:|1701192781\n|switch|p2a: Gholdengo|Gholdengo|100\/100|[from] Chilly Reception\n|\n|-weather|Snow|[upkeep]\n|-heal|p1a: Garganacl|94\/100|[from] item: Leftovers\n|upkeep\n|turn|8\n|inactive|ancientatom1 has 90 seconds left.\n|\n|t:|1701192799\n|switch|p1a: Kingambit|Kingambit, M|100\/100\n|-activate|p1a: Kingambit|ability: Supreme Overlord\n|-start|p1a: Kingambit|fallen1|[silent]\n|move|p2a: Gholdengo|Make It Rain|p1a: Kingambit\n|-resisted|p1a: Kingambit\n|-damage|p1a: Kingambit|48\/100\n|-unboost|p2a: Gholdengo|spa|1\n|\n|-weather|Snow|[upkeep]\n|-heal|p1a: Kingambit|54\/100|[from] item: Leftovers\n|upkeep\n|turn|9\n|inactive|ancientatom1 has 90 seconds left.\n|\n|t:|1701192811\n|switch|p2a: Zamazenta|Zamazenta|100\/100\n|move|p1a: Kingambit|Kowtow Cleave|p2a: Zamazenta\n|-resisted|p2a: Zamazenta\n|-crit|p2a: Zamazenta\n|-damage|p2a: Zamazenta|61\/100\n|\n|-weather|Snow|[upkeep]\n|-heal|p1a: Kingambit|60\/100|[from] item: Leftovers\n|upkeep\n|turn|10\n|inactive|ancientatom1 has 90 seconds left.\n|\n|t:|1701192822\n|switch|p2a: Zapdos|Zapdos|100\/100\n|-end|p1a: Kingambit|fallen1|[silent]\n|switch|p1a: Garganacl|Garganacl, F, tera:Fairy|94\/100\n|\n|-weather|Snow|[upkeep]\n|-heal|p1a: Garganacl|99\/100|[from] item: Leftovers\n|upkeep\n|turn|11\n|\n|t:|1701192832\n|move|p2a: Zapdos|Volt Switch|p1a: Garganacl\n|-damage|p1a: Garganacl|78\/100\n|\n|t:|1701192835\n|switch|p2a: Slowking|Slowking, F|48\/100|[from] Volt Switch\n|move|p1a: Garganacl|Salt Cure|p2a: Slowking\n|-damage|p2a: Slowking|34\/100\n|-start|p2a: Slowking|Salt Cure\n|\n|-weather|none\n|-heal|p1a: Garganacl|84\/100|[from] item: Leftovers\n|-damage|p2a: Slowking|9\/100|[from] Salt Cure\n|upkeep\n|turn|12\n|\n|t:|1701192846\n|switch|p2a: Amoonguss|Amoonguss, M|56\/100\n|move|p1a: Garganacl|Salt Cure|p2a: Amoonguss\n|-damage|p2a: Amoonguss|45\/100\n|-start|p2a: Amoonguss|Salt Cure\n|\n|-heal|p1a: Garganacl|91\/100|[from] item: Leftovers\n|-damage|p2a: Amoonguss|32\/100|[from] Salt Cure\n|upkeep\n|turn|13\n|\n|t:|1701192861\n|switch|p2a: Slowking|Slowking, F|42\/100\n|move|p1a: Garganacl|Salt Cure|p2a: Slowking\n|-damage|p2a: Slowking|26\/100\n|-start|p2a: Slowking|Salt Cure\n|\n|-heal|p1a: Garganacl|97\/100|[from] item: Leftovers\n|-damage|p2a: Slowking|1\/100|[from] Salt Cure\n|upkeep\n|turn|14\n|\n|t:|1701192869\n|switch|p2a: Gholdengo|Gholdengo|100\/100\n|move|p1a: Garganacl|Salt Cure|p2a: Gholdengo\n|-resisted|p2a: Gholdengo\n|-damage|p2a: Gholdengo|92\/100\n|-start|p2a: Gholdengo|Salt Cure\n|\n|-heal|p1a: Garganacl|100\/100|[from] item: Leftovers\n|-damage|p2a: Gholdengo|67\/100|[from] Salt Cure\n|upkeep\n|turn|15\n|\n|t:|1701192881\n|switch|p1a: Kingambit|Kingambit, M|60\/100\n|-activate|p1a: Kingambit|ability: Supreme Overlord\n|-start|p1a: Kingambit|fallen1|[silent]\n|move|p2a: Gholdengo|Make It Rain|p1a: Kingambit\n|-resisted|p1a: Kingambit\n|-damage|p1a: Kingambit|6\/100\n|-unboost|p2a: Gholdengo|spa|1\n|\n|-heal|p1a: Kingambit|12\/100|[from] item: Leftovers\n|-damage|p2a: Gholdengo|42\/100|[from] Salt Cure\n|upkeep\n|turn|16\n|\n|t:|1701192895\n|switch|p2a: Zapdos|Zapdos|100\/100\n|move|p1a: Kingambit|Low Kick|p2a: Zapdos\n|-resisted|p2a: Zapdos\n|-damage|p2a: Zapdos|80\/100\n|\n|-heal|p1a: Kingambit|19\/100|[from] item: Leftovers\n|upkeep\n|turn|17\n|\n|t:|1701192906\n|-end|p1a: Kingambit|fallen1|[silent]\n|switch|p1a: Garganacl|Garganacl, F, tera:Fairy|100\/100\n|move|p2a: Zapdos|Volt Switch|p1a: Garganacl\n|-damage|p1a: Garganacl|78\/100\n|\n|t:|1701192908\n|switch|p2a: Gholdengo|Gholdengo|42\/100|[from] Volt Switch\n|\n|-heal|p1a: Garganacl|84\/100|[from] item: Leftovers\n|upkeep\n|turn|18\n|\n|t:|1701192921\n|switch|p1a: Amoonguss|Amoonguss, M, shiny|100\/100\n|move|p2a: Gholdengo|Make It Rain|p1a: Amoonguss\n|-damage|p1a: Amoonguss|17\/100\n|-unboost|p2a: Gholdengo|spa|1\n|-enditem|p1a: Amoonguss|Red Card|[of] p2a: Gholdengo\n|drag|p2a: Zapdos|Zapdos|80\/100\n|\n|upkeep\n|turn|19\n|inactive|gajngafa has 120 seconds left.\n|\n|t:|1701192953\n|move|p2a: Zapdos|Hurricane|p1a: Amoonguss|[miss]\n|-miss|p2a: Zapdos|p1a: Amoonguss\n|move|p1a: Amoonguss|Spore|p2a: Zapdos\n|-status|p2a: Zapdos|slp|[from] move: Spore\n|\n|upkeep\n|turn|20\n|\n|t:|1701192965\n|switch|p2a: Gholdengo|Gholdengo|42\/100\n|switch|p1a: Garganacl|Garganacl, F, tera:Fairy|84\/100\n|\n|-heal|p1a: Garganacl|90\/100|[from] item: Leftovers\n|upkeep\n|turn|21\n|\n|t:|1701192974\n|switch|p1a: Amoonguss|Amoonguss, M, shiny|50\/100\n|move|p2a: Gholdengo|Make It Rain|p1a: Amoonguss\n|-damage|p1a: Amoonguss|0 fnt\n|-unboost|p2a: Gholdengo|spa|1\n|faint|p1a: Amoonguss\n|\n|upkeep\n|\n|t:|1701192983\n|switch|p1a: Garganacl|Garganacl, F, tera:Fairy|90\/100\n|turn|22\n|\n|t:|1701192997\n|move|p2a: Gholdengo|Make It Rain|p1a: Garganacl\n|-supereffective|p1a: Garganacl\n|-damage|p1a: Garganacl|13\/100\n|-unboost|p2a: Gholdengo|spa|1\n|move|p1a: Garganacl|Salt Cure|p2a: Gholdengo\n|-resisted|p2a: Gholdengo\n|-damage|p2a: Gholdengo|34\/100\n|-start|p2a: Gholdengo|Salt Cure\n|\n|-heal|p1a: Garganacl|19\/100|[from] item: Leftovers\n|-damage|p2a: Gholdengo|9\/100|[from] Salt Cure\n|upkeep\n|turn|23\n|inactive|ancientatom1 has 120 seconds left.\n|\n|t:|1701193022\n|switch|p1a: Maushold|Maushold|100\/100\n|move|p2a: Gholdengo|Make It Rain|p1a: Maushold\n|-damage|p1a: Maushold|33\/100\n|-unboost|p2a: Gholdengo|spa|1\n|\n|-damage|p2a: Gholdengo|0 fnt|[from] Salt Cure\n|faint|p2a: Gholdengo\n|upkeep\n|\n|t:|1701193025\n|switch|p2a: Zamazenta|Zamazenta|61\/100\n|turn|24\n|inactive|ancientatom1 has 120 seconds left.\n|\n|t:|1701193040\n|move|p2a: Zamazenta|Heavy Slam|p1a: Maushold\n|-crit|p1a: Maushold\n|-damage|p1a: Maushold|0 fnt\n|faint|p1a: Maushold\n|\n|upkeep\n|\n|t:|1701193052\n|switch|p1a: Weavile|Weavile, F|100\/100\n|-ability|p1a: Weavile|Pressure\n|turn|25\n|\n|t:|1701193073\n|move|p1a: Weavile|Ice Shard|p2a: Zamazenta\n|-damage|p2a: Zamazenta|43\/100\n|move|p2a: Zamazenta|Close Combat|p1a: Weavile\n|-supereffective|p1a: Weavile\n|-damage|p1a: Weavile|0 fnt\n|-unboost|p2a: Zamazenta|def|1\n|-unboost|p2a: Zamazenta|spd|1\n|faint|p1a: Weavile\n|\n|upkeep\n|\n|t:|1701193087\n|switch|p1a: Kingambit|Kingambit, M|19\/100\n|-activate|p1a: Kingambit|ability: Supreme Overlord\n|-start|p1a: Kingambit|fallen4|[silent]\n|turn|26\n|\n|t:|1701193103\n|move|p1a: Kingambit|Sucker Punch|p2a: Zamazenta\n|-resisted|p2a: Zamazenta\n|-damage|p2a: Zamazenta|8\/100\n|move|p2a: Zamazenta|Close Combat|p1a: Kingambit\n|-supereffective|p1a: Kingambit\n|-damage|p1a: Kingambit|0 fnt\n|-unboost|p2a: Zamazenta|def|1\n|-unboost|p2a: Zamazenta|spd|1\n|faint|p1a: Kingambit\n|-end|p1a: Kingambit|fallen4|[silent]\n|\n|upkeep\n|\n|t:|1701193109\n|switch|p1a: Garganacl|Garganacl, F, tera:Fairy|19\/100\n|turn|27\n|\n|t:|1701193113\n|-terastallize|p2a: Zamazenta|Steel\n|move|p2a: Zamazenta|Heavy Slam|p1a: Garganacl\n|-supereffective|p1a: Garganacl\n|-damage|p1a: Garganacl|0 fnt\n|faint|p1a: Garganacl\n|\n|win|gajngafa\n|raw|ancientatom1's rating: 1401 &rarr; <strong>1385<\/strong><br \/>(-16 for losing)\n|raw|gajngafa's rating: 1470 &rarr; <strong>1486<\/strong><br \/>(+16 for winning)\n","uploadtime":1701193117,"views":1,"p1id":"ancientatom1","p2id":"gajngafa","formatid":"gen9ou","rating":1385,"private":0,"password":""}