{"id":"gen9ou-1996048929","p1":"TheZalmancer","p2":"Dogwearingdurag","format":"[Gen 9] OU","log":"|j|\u2606TheZalmancer\n|j|\u2606Dogwearingdurag\n|t:|1700635299\n|gametype|singles\n|player|p1|TheZalmancer|skyla|1407\n|player|p2|Dogwearingdurag|2|1358\n|teamsize|p1|6\n|teamsize|p2|6\n|gen|9\n|tier|[Gen 9] OU\n|rated|\n|rule|Sleep Clause Mod: Limit one foe put to sleep\n|rule|Species Clause: Limit one of each Pok\u00e9mon\n|rule|OHKO Clause: OHKO moves are banned\n|rule|Evasion Items Clause: Evasion items are banned\n|rule|Evasion Moves Clause: Evasion moves are banned\n|rule|Endless Battle Clause: Forcing endless battles is banned\n|rule|HP Percentage Mod: HP is shown in percentages\n|clearpoke\n|poke|p1|Poliwrath, F|\n|poke|p1|Pelipper, M|\n|poke|p1|Overqwil, M|\n|poke|p1|Rillaboom, M|\n|poke|p1|Iron Treads|\n|poke|p1|Zapdos|\n|poke|p2|Alomomola, F|\n|poke|p2|Slowking-Galar, F|\n|poke|p2|Kingambit, F|\n|poke|p2|Great Tusk|\n|poke|p2|Cinderace, F|\n|poke|p2|Thundurus-Therian, M|\n|teampreview\n|inactive|Battle timer is ON: inactive players will automatically lose when time's up. (requested by Dogwearingdurag)\n|\n|t:|1700635317\n|start\n|switch|p1a: Pelipper|Pelipper, M|100\/100\n|switch|p2a: Cinderace|Cinderace, F|100\/100\n|-weather|RainDance|[from] ability: Drizzle|[of] p1a: Pelipper\n|turn|1\n|\n|t:|1700635325\n|move|p2a: Cinderace|U-turn|p1a: Pelipper\n|-start|p2a: Cinderace|typechange|Bug|[from] ability: Libero\n|-resisted|p1a: Pelipper\n|-damage|p1a: Pelipper|85\/100\n|\n|t:|1700635328\n|switch|p2a: Slowking|Slowking-Galar, F|100\/100|[from] U-turn\n|move|p1a: Pelipper|U-turn|p2a: Slowking\n|-damage|p2a: Slowking|92\/100\n|\n|t:|1700635340\n|switch|p1a: Overqwil|Overqwil, M|100\/100|[from] U-turn\n|\n|-weather|RainDance|[upkeep]\n|upkeep\n|turn|2\n|\n|t:|1700635347\n|switch|p2a: Alomomola|Alomomola, F|100\/100\n|move|p1a: Overqwil|Swords Dance|p1a: Overqwil\n|-boost|p1a: Overqwil|atk|2\n|\n|-weather|RainDance|[upkeep]\n|upkeep\n|turn|3\n|\n|t:|1700635355\n|move|p1a: Overqwil|Gunk Shot|p2a: Alomomola\n|-damage|p2a: Alomomola|13\/100\n|-status|p2a: Alomomola|psn\n|-enditem|p2a: Alomomola|Red Card|[of] p1a: Overqwil\n|drag|p1a: Pelipper|Pelipper, M|85\/100\n|move|p2a: Alomomola|Flip Turn|p1a: Pelipper\n|-resisted|p1a: Pelipper\n|-damage|p1a: Pelipper|73\/100\n|\n|t:|1700635361\n|switch|p2a: Thundurus|Thundurus-Therian, M|100\/100|[from] Flip Turn\n|\n|-weather|RainDance|[upkeep]\n|upkeep\n|turn|4\n|\n|t:|1700635371\n|switch|p1a: Iron Treads|Iron Treads|100\/100\n|-terastallize|p2a: Thundurus|Flying\n|move|p2a: Thundurus|Tera Blast|p1a: Iron Treads|[anim] Tera Blast Flying\n|-resisted|p1a: Iron Treads\n|-damage|p1a: Iron Treads|56\/100\n|\n|-weather|RainDance|[upkeep]\n|upkeep\n|turn|5\n|\n|t:|1700635378\n|move|p2a: Thundurus|Tera Blast|p1a: Iron Treads|[anim] Tera Blast Flying\n|-resisted|p1a: Iron Treads\n|-damage|p1a: Iron Treads|9\/100\n|move|p1a: Iron Treads|Knock Off|p2a: Thundurus\n|-damage|p2a: Thundurus|60\/100\n|-enditem|p2a: Thundurus|Choice Specs|[from] move: Knock Off|[of] p1a: Iron Treads\n|\n|-weather|RainDance|[upkeep]\n|upkeep\n|turn|6\n|\n|t:|1700635398\n|-end|p1a: Iron Treads|Quark Drive|[silent]\n|switch|p1a: Zapdos|Zapdos|100\/100\n|move|p2a: Thundurus|Tera Blast|p1a: Zapdos|[anim] Tera Blast Flying\n|-resisted|p1a: Zapdos\n|-damage|p1a: Zapdos|64\/100\n|\n|-weather|RainDance|[upkeep]\n|upkeep\n|turn|7\n|\n|t:|1700635417\n|move|p2a: Thundurus|Thunderbolt|p1a: Zapdos\n|-damage|p1a: Zapdos|6\/100\n|move|p1a: Zapdos|Hurricane|p2a: Thundurus\n|-damage|p2a: Thundurus|0 fnt\n|faint|p2a: Thundurus\n|\n|-weather|RainDance|[upkeep]\n|upkeep\n|c|\u2606Dogwearingdurag|damn\n|c|\u2606TheZalmancer|what happened\n|inactive|Dogwearingdurag has 120 seconds left.\n|c|\u2606Dogwearingdurag|super close to ko\n|c|\u2606TheZalmancer|unfortunate\n|\n|t:|1700635449\n|switch|p2a: Cinderace|Cinderace, F|100\/100\n|turn|8\n|c|\u2606TheZalmancer|was it a high chance\n|\n|t:|1700635459\n|move|p2a: Cinderace|U-turn|p1a: Zapdos\n|-start|p2a: Cinderace|typechange|Bug|[from] ability: Libero\n|-resisted|p1a: Zapdos\n|-damage|p1a: Zapdos|0 fnt\n|-status|p2a: Cinderace|par|[from] ability: Static|[of] p1a: Zapdos\n|faint|p1a: Zapdos\n|c|\u2606Dogwearingdurag|yes\n|inactive|Dogwearingdurag has 120 seconds left.\n|c|\u2606TheZalmancer|unfortunate again\n|c|\u2606Dogwearingdurag|damn unlucky para gg\n|-message|Dogwearingdurag forfeited.\n|\n|win|TheZalmancer\n|raw|TheZalmancer's rating: 1407 &rarr; <strong>1424<\/strong><br \/>(+17 for winning)\n|raw|Dogwearingdurag's rating: 1358 &rarr; <strong>1341<\/strong><br \/>(-17 for losing)\n|l|\u2606Dogwearingdurag\n|c|\u2606TheZalmancer|ggs\n","uploadtime":1700635482,"views":1,"p1id":"thezalmancer","p2id":"dogwearingdurag","formatid":"gen9ou","rating":1341,"private":0,"password":""}