{"id":"gen9ou-1996039107","p1":"Dr_DongStrong","p2":"Coleca","format":"[Gen 9] OU","log":"|j|\u2606Dr_DongStrong\n|j|\u2606Coleca\n|t:|1700633576\n|gametype|singles\n|player|p1|Dr_DongStrong|266|1402\n|player|p2|Coleca|hilbert-masters2|1369\n|teamsize|p1|6\n|teamsize|p2|6\n|gen|9\n|tier|[Gen 9] OU\n|rated|\n|rule|Sleep Clause Mod: Limit one foe put to sleep\n|rule|Species Clause: Limit one of each Pok\u00e9mon\n|rule|OHKO Clause: OHKO moves are banned\n|rule|Evasion Items Clause: Evasion items are banned\n|rule|Evasion Moves Clause: Evasion moves are banned\n|rule|Endless Battle Clause: Forcing endless battles is banned\n|rule|HP Percentage Mod: HP is shown in percentages\n|clearpoke\n|poke|p1|Lokix, M|\n|poke|p1|Dragalge, M|\n|poke|p1|Mamoswine, F|\n|poke|p1|Chesnaught, M|\n|poke|p1|Coalossal, F|\n|poke|p1|Milotic, M|\n|poke|p2|Sandy Shocks|\n|poke|p2|Heatran, M|\n|poke|p2|Great Tusk|\n|poke|p2|Kingambit, F|\n|poke|p2|Mandibuzz, F|\n|poke|p2|Toxapex, F|\n|teampreview\n|inactive|Battle timer is ON: inactive players will automatically lose when time's up. (requested by Coleca)\n|\n|t:|1700633590\n|start\n|switch|p1a: Lokix|Lokix, M|100\/100\n|switch|p2a: Heatran|Heatran, M|100\/100\n|turn|1\n|c|\u2606Coleca|Well this\u2019ll be interesting at least\n|\n|t:|1700633603\n|move|p1a: Lokix|U-turn|p2a: Heatran\n|-resisted|p2a: Heatran\n|-damage|p2a: Heatran|79\/100\n|\n|t:|1700633607\n|switch|p1a: Milotic|Milotic, M|100\/100|[from] U-turn\n|move|p2a: Heatran|Stealth Rock|p1a: Milotic\n|-sidestart|p1: Dr_DongStrong|move: Stealth Rock\n|\n|-heal|p2a: Heatran|85\/100|[from] item: Leftovers\n|upkeep\n|turn|2\n|\n|t:|1700633614\n|switch|p2a: Toxapex|Toxapex, F, shiny|100\/100\n|move|p1a: Milotic|Scald|p2a: Toxapex\n|-resisted|p2a: Toxapex\n|-damage|p2a: Toxapex|89\/100\n|\n|-heal|p2a: Toxapex|95\/100|[from] item: Leftovers\n|upkeep\n|turn|3\n|\n|t:|1700633618\n|switch|p1a: Coalossal|Coalossal, F|100\/100\n|-damage|p1a: Coalossal|75\/100|[from] Stealth Rock\n|move|p2a: Toxapex|Toxic|p1a: Coalossal\n|-status|p1a: Coalossal|tox\n|\n|-heal|p2a: Toxapex|100\/100|[from] item: Leftovers\n|-heal|p1a: Coalossal|82\/100 tox|[from] item: Leftovers\n|-damage|p1a: Coalossal|75\/100 tox|[from] psn\n|upkeep\n|turn|4\n|\n|t:|1700633623\n|move|p2a: Toxapex|Surf|p1a: Coalossal\n|-supereffective|p1a: Coalossal\n|-damage|p1a: Coalossal|26\/100 tox\n|move|p1a: Coalossal|Rapid Spin|p2a: Toxapex\n|-damage|p2a: Toxapex|94\/100\n|-boost|p1a: Coalossal|spe|1\n|-sideend|p1: Dr_DongStrong|Stealth Rock|[from] move: Rapid Spin|[of] p1a: Coalossal\n|\n|-heal|p1a: Coalossal|33\/100 tox|[from] item: Leftovers\n|-heal|p2a: Toxapex|99\/100|[from] item: Leftovers\n|-damage|p1a: Coalossal|20\/100 tox|[from] psn\n|upkeep\n|turn|5\n|\n|t:|1700633631\n|move|p1a: Coalossal|Will-O-Wisp|p2a: Toxapex\n|-status|p2a: Toxapex|brn\n|move|p2a: Toxapex|Surf|p1a: Coalossal\n|-supereffective|p1a: Coalossal\n|-damage|p1a: Coalossal|0 fnt\n|faint|p1a: Coalossal\n|\n|-heal|p2a: Toxapex|100\/100 brn|[from] item: Leftovers\n|-damage|p2a: Toxapex|94\/100 brn|[from] brn\n|upkeep\n|\n|t:|1700633635\n|switch|p1a: Dragalge|Dragalge, M|100\/100\n|turn|6\n|\n|t:|1700633646\n|switch|p2a: Heatran|Heatran, M|85\/100\n|move|p1a: Dragalge|Thunderbolt|p2a: Heatran\n|-damage|p2a: Heatran|60\/100\n|\n|-heal|p2a: Heatran|66\/100|[from] item: Leftovers\n|upkeep\n|turn|7\n|\n|t:|1700633652\n|switch|p1a: Mamoswine|Mamoswine, F|100\/100\n|move|p2a: Heatran|Stealth Rock|p1a: Mamoswine\n|-sidestart|p1: Dr_DongStrong|move: Stealth Rock\n|\n|-heal|p2a: Heatran|73\/100|[from] item: Leftovers\n|upkeep\n|turn|8\n|inactive|Coleca has 120 seconds left.\n|\n|t:|1700633685\n|-terastallize|p2a: Heatran|Grass\n|move|p1a: Mamoswine|Icicle Crash|p2a: Heatran|[miss]\n|-miss|p1a: Mamoswine|p2a: Heatran\n|move|p2a: Heatran|Magma Storm|p1a: Mamoswine\n|-supereffective|p1a: Mamoswine\n|-damage|p1a: Mamoswine|71\/100\n|-activate|p1a: Mamoswine|move: Magma Storm|[of] p2a: Heatran\n|\n|-heal|p2a: Heatran|79\/100|[from] item: Leftovers\n|-damage|p1a: Mamoswine|59\/100|[from] move: Magma Storm|[partiallytrapped]\n|upkeep\n|turn|9\n|inactive|Coleca has 120 seconds left.\n|\n|t:|1700633697\n|switch|p2a: Toxapex|Toxapex, F, shiny|100\/100 brn\n|move|p1a: Mamoswine|Icicle Crash|p2a: Toxapex\n|-resisted|p2a: Toxapex\n|-damage|p2a: Toxapex|86\/100 brn\n|\n|-heal|p2a: Toxapex|92\/100 brn|[from] item: Leftovers\n|-damage|p2a: Toxapex|86\/100 brn|[from] brn\n|-end|p1a: Mamoswine|Magma Storm|[partiallytrapped]|[silent]\n|upkeep\n|turn|10\n|inactive|Coleca has 120 seconds left.\n|\n|t:|1700633710\n|move|p1a: Mamoswine|Earthquake|p2a: Toxapex\n|-supereffective|p2a: Toxapex\n|-damage|p2a: Toxapex|22\/100 brn\n|move|p2a: Toxapex|Surf|p1a: Mamoswine\n|-supereffective|p1a: Mamoswine\n|-damage|p1a: Mamoswine|29\/100\n|\n|-heal|p2a: Toxapex|28\/100 brn|[from] item: Leftovers\n|-damage|p2a: Toxapex|22\/100 brn|[from] brn\n|upkeep\n|turn|11\n|inactive|Coleca has 120 seconds left.\n|\n|t:|1700633720\n|switch|p2a: Mandibuzz|Mandibuzz, F|100\/100\n|move|p1a: Mamoswine|Icicle Crash|p2a: Mandibuzz\n|-supereffective|p2a: Mandibuzz\n|-damage|p2a: Mandibuzz|53\/100\n|\n|upkeep\n|turn|12\n|\n|t:|1700633727\n|move|p1a: Mamoswine|Icicle Crash|p2a: Mandibuzz\n|-supereffective|p2a: Mandibuzz\n|-damage|p2a: Mandibuzz|6\/100\n|move|p2a: Mandibuzz|Roost|p2a: Mandibuzz\n|-heal|p2a: Mandibuzz|57\/100\n|-singleturn|p2a: Mandibuzz|move: Roost\n|\n|upkeep\n|turn|13\n|\n|t:|1700633731\n|move|p1a: Mamoswine|Icicle Crash|p2a: Mandibuzz\n|-supereffective|p2a: Mandibuzz\n|-damage|p2a: Mandibuzz|4\/100\n|move|p2a: Mandibuzz|Roost|p2a: Mandibuzz\n|-heal|p2a: Mandibuzz|54\/100\n|-singleturn|p2a: Mandibuzz|move: Roost\n|\n|upkeep\n|turn|14\n|\n|t:|1700633735\n|move|p1a: Mamoswine|Icicle Crash|p2a: Mandibuzz|[miss]\n|-miss|p1a: Mamoswine|p2a: Mandibuzz\n|move|p2a: Mandibuzz|Roost|p2a: Mandibuzz\n|-heal|p2a: Mandibuzz|100\/100\n|-singleturn|p2a: Mandibuzz|move: Roost\n|\n|upkeep\n|turn|15\n|\n|t:|1700633741\n|move|p1a: Mamoswine|Icicle Crash|p2a: Mandibuzz\n|-supereffective|p2a: Mandibuzz\n|-damage|p2a: Mandibuzz|55\/100\n|move|p2a: Mandibuzz|Foul Play|p1a: Mamoswine\n|-damage|p1a: Mamoswine|0 fnt\n|faint|p1a: Mamoswine\n|\n|upkeep\n|\n|t:|1700633747\n|switch|p1a: Lokix|Lokix, M|100\/100\n|-damage|p1a: Lokix|76\/100|[from] Stealth Rock\n|turn|16\n|\n|t:|1700633753\n|switch|p2a: Heatran|Heatran, M, tera:Grass|79\/100\n|move|p1a: Lokix|Leech Life|p2a: Heatran\n|-supereffective|p2a: Heatran\n|-damage|p2a: Heatran|0 fnt\n|-heal|p1a: Lokix|100\/100|[from] drain|[of] p2a: Heatran\n|faint|p2a: Heatran\n|\n|upkeep\n|\n|t:|1700633780\n|switch|p2a: Kingambit|Kingambit, F|100\/100\n|-activate|p2a: Kingambit|ability: Supreme Overlord\n|-start|p2a: Kingambit|fallen1|[silent]\n|turn|17\n|\n|t:|1700633787\n|move|p1a: Lokix|Leech Life|p2a: Kingambit\n|-damage|p2a: Kingambit|61\/100\n|move|p2a: Kingambit|Swords Dance|p2a: Kingambit\n|-boost|p2a: Kingambit|atk|2\n|\n|-heal|p2a: Kingambit|68\/100|[from] item: Leftovers\n|upkeep\n|turn|18\n|\n|t:|1700633793\n|switch|p1a: Chesnaught|Chesnaught, M|100\/100\n|-damage|p1a: Chesnaught|94\/100|[from] Stealth Rock\n|move|p2a: Kingambit|Sucker Punch||[still]\n|-fail|p2a: Kingambit\n|\n|-heal|p2a: Kingambit|74\/100|[from] item: Leftovers\n|upkeep\n|turn|19\n|\n|t:|1700633804\n|move|p2a: Kingambit|Sucker Punch|p1a: Chesnaught\n|-resisted|p1a: Chesnaught\n|-damage|p1a: Chesnaught|70\/100\n|-damage|p2a: Kingambit|57\/100|[from] item: Rocky Helmet|[of] p1a: Chesnaught\n|move|p1a: Chesnaught|Body Press|p2a: Kingambit\n|-supereffective|p2a: Kingambit\n|-damage|p2a: Kingambit|0 fnt\n|faint|p2a: Kingambit\n|-end|p2a: Kingambit|fallen1|[silent]\n|\n|upkeep\n|\n|t:|1700633812\n|switch|p2a: Sandy Shocks|Sandy Shocks|100\/100\n|-enditem|p2a: Sandy Shocks|Booster Energy\n|-activate|p2a: Sandy Shocks|ability: Protosynthesis|[fromitem]\n|-start|p2a: Sandy Shocks|protosynthesisspa\n|turn|20\n|\n|t:|1700633820\n|switch|p1a: Dragalge|Dragalge, M|100\/100\n|-damage|p1a: Dragalge|88\/100|[from] Stealth Rock\n|move|p2a: Sandy Shocks|Tera Blast|p1a: Dragalge\n|-crit|p1a: Dragalge\n|-damage|p1a: Dragalge|33\/100\n|\n|upkeep\n|turn|21\n|\n|t:|1700633833\n|move|p2a: Sandy Shocks|Earth Power|p1a: Dragalge\n|-supereffective|p1a: Dragalge\n|-damage|p1a: Dragalge|0 fnt\n|faint|p1a: Dragalge\n|\n|upkeep\n|\n|t:|1700633836\n|switch|p1a: Milotic|Milotic, M|100\/100\n|turn|22\n|\n|t:|1700633838\n|-terastallize|p1a: Milotic|Dragon\n|move|p2a: Sandy Shocks|Thunderbolt|p1a: Milotic\n|-resisted|p1a: Milotic\n|-damage|p1a: Milotic|85\/100\n|move|p1a: Milotic|Scald|p2a: Sandy Shocks\n|-supereffective|p2a: Sandy Shocks\n|-damage|p2a: Sandy Shocks|27\/100\n|\n|upkeep\n|turn|23\n|\n|t:|1700633845\n|move|p2a: Sandy Shocks|Earth Power|p1a: Milotic\n|-damage|p1a: Milotic|55\/100\n|move|p1a: Milotic|Scald|p2a: Sandy Shocks\n|-supereffective|p2a: Sandy Shocks\n|-damage|p2a: Sandy Shocks|0 fnt\n|faint|p2a: Sandy Shocks\n|-end|p2a: Sandy Shocks|Protosynthesis|[silent]\n|\n|upkeep\n|\n|t:|1700633849\n|switch|p2a: Toxapex|Toxapex, F, shiny|55\/100 brn\n|turn|24\n|\n|t:|1700633863\n|switch|p1a: Lokix|Lokix, M|100\/100\n|-damage|p1a: Lokix|76\/100|[from] Stealth Rock\n|move|p2a: Toxapex|Toxic|p1a: Lokix\n|-status|p1a: Lokix|tox\n|\n|-heal|p2a: Toxapex|62\/100 brn|[from] item: Leftovers\n|-damage|p1a: Lokix|70\/100 tox|[from] psn\n|-damage|p2a: Toxapex|55\/100 brn|[from] brn\n|upkeep\n|turn|25\n|\n|t:|1700633866\n|move|p1a: Lokix|Leech Life|p2a: Toxapex\n|-resisted|p2a: Toxapex\n|-damage|p2a: Toxapex|19\/100 brn\n|-heal|p1a: Lokix|90\/100 tox|[from] drain|[of] p2a: Toxapex\n|move|p2a: Toxapex|Recover|p2a: Toxapex\n|-heal|p2a: Toxapex|69\/100 brn\n|\n|-heal|p2a: Toxapex|75\/100 brn|[from] item: Leftovers\n|-damage|p1a: Lokix|78\/100 tox|[from] psn\n|-damage|p2a: Toxapex|69\/100 brn|[from] brn\n|upkeep\n|turn|26\n|\n|t:|1700633872\n|move|p1a: Lokix|Leech Life|p2a: Toxapex\n|-resisted|p2a: Toxapex\n|-damage|p2a: Toxapex|33\/100 brn\n|-heal|p1a: Lokix|97\/100 tox|[from] drain|[of] p2a: Toxapex\n|move|p2a: Toxapex|Recover|p2a: Toxapex\n|-heal|p2a: Toxapex|83\/100 brn\n|\n|-heal|p2a: Toxapex|89\/100 brn|[from] item: Leftovers\n|-damage|p1a: Lokix|79\/100 tox|[from] psn\n|-damage|p2a: Toxapex|83\/100 brn|[from] brn\n|upkeep\n|turn|27\n|\n|t:|1700633880\n|switch|p2a: Great Tusk|Great Tusk|100\/100\n|move|p1a: Lokix|Leech Life|p2a: Great Tusk\n|-resisted|p2a: Great Tusk\n|-damage|p2a: Great Tusk|57\/100\n|-heal|p1a: Lokix|100\/100 tox|[from] drain|[of] p2a: Great Tusk\n|\n|-damage|p1a: Lokix|76\/100 tox|[from] psn\n|upkeep\n|turn|28\n|\n|t:|1700633888\n|-end|p2a: Great Tusk|Protosynthesis|[silent]\n|switch|p2a: Toxapex|Toxapex, F, shiny|100\/100 brn\n|move|p1a: Lokix|Leech Life|p2a: Toxapex\n|-resisted|p2a: Toxapex\n|-damage|p2a: Toxapex|65\/100 brn\n|-heal|p1a: Lokix|96\/100 tox|[from] drain|[of] p2a: Toxapex\n|\n|-heal|p2a: Toxapex|71\/100 brn|[from] item: Leftovers\n|-damage|p1a: Lokix|66\/100 tox|[from] psn\n|-damage|p2a: Toxapex|65\/100 brn|[from] brn\n|upkeep\n|turn|29\n|\n|t:|1700633898\n|switch|p1a: Chesnaught|Chesnaught, M|70\/100\n|-damage|p1a: Chesnaught|64\/100|[from] Stealth Rock\n|move|p2a: Toxapex|Recover|p2a: Toxapex\n|-heal|p2a: Toxapex|100\/100 brn\n|\n|-damage|p2a: Toxapex|94\/100 brn|[from] brn\n|upkeep\n|turn|30\n|\n|t:|1700633901\n|move|p1a: Chesnaught|Leech Seed|p2a: Toxapex\n|-start|p2a: Toxapex|move: Leech Seed\n|move|p2a: Toxapex|Toxic|p1a: Chesnaught\n|-status|p1a: Chesnaught|tox\n|\n|-heal|p2a: Toxapex|100\/100 brn|[from] item: Leftovers\n|-damage|p2a: Toxapex|88\/100 brn|[from] Leech Seed|[of] p1a: Chesnaught\n|-heal|p1a: Chesnaught|74\/100 tox|[silent]\n|-damage|p1a: Chesnaught|68\/100 tox|[from] psn\n|-damage|p2a: Toxapex|82\/100 brn|[from] brn\n|upkeep\n|turn|31\n|\n|t:|1700633904\n|switch|p2a: Mandibuzz|Mandibuzz, F|55\/100\n|move|p1a: Chesnaught|Knock Off|p2a: Mandibuzz\n|-resisted|p2a: Mandibuzz\n|-damage|p2a: Mandibuzz|49\/100\n|-enditem|p2a: Mandibuzz|Heavy-Duty Boots|[from] move: Knock Off|[of] p1a: Chesnaught\n|\n|-damage|p1a: Chesnaught|56\/100 tox|[from] psn\n|upkeep\n|turn|32\n|\n|t:|1700633910\n|move|p2a: Mandibuzz|Roost|p2a: Mandibuzz\n|-heal|p2a: Mandibuzz|99\/100\n|-singleturn|p2a: Mandibuzz|move: Roost\n|move|p1a: Chesnaught|Leech Seed|p2a: Mandibuzz\n|-start|p2a: Mandibuzz|move: Leech Seed\n|\n|-damage|p2a: Mandibuzz|87\/100|[from] Leech Seed|[of] p1a: Chesnaught\n|-heal|p1a: Chesnaught|69\/100 tox|[silent]\n|-damage|p1a: Chesnaught|51\/100 tox|[from] psn\n|upkeep\n|turn|33\n|\n|t:|1700633917\n|switch|p1a: Milotic|Milotic, M, tera:Dragon|55\/100\n|move|p2a: Mandibuzz|Foul Play|p1a: Milotic\n|-damage|p1a: Milotic|39\/100\n|\n|-damage|p2a: Mandibuzz|74\/100|[from] Leech Seed|[of] p1a: Milotic\n|-heal|p1a: Milotic|52\/100|[silent]\n|upkeep\n|turn|34\n|\n|t:|1700633920\n|move|p2a: Mandibuzz|Toxic|p1a: Milotic\n|-status|p1a: Milotic|tox\n|move|p1a: Milotic|Scald|p2a: Mandibuzz\n|-damage|p2a: Mandibuzz|51\/100\n|\n|-damage|p2a: Mandibuzz|39\/100|[from] Leech Seed|[of] p1a: Milotic\n|-heal|p1a: Milotic|65\/100 tox|[silent]\n|-damage|p1a: Milotic|59\/100 tox|[from] psn\n|upkeep\n|turn|35\n|\n|t:|1700633928\n|move|p2a: Mandibuzz|Roost|p2a: Mandibuzz\n|-heal|p2a: Mandibuzz|89\/100\n|-singleturn|p2a: Mandibuzz|move: Roost\n|move|p1a: Milotic|Recover|p1a: Milotic\n|-heal|p1a: Milotic|100\/100 tox\n|\n|-damage|p2a: Mandibuzz|76\/100|[from] Leech Seed|[of] p1a: Milotic\n|-damage|p1a: Milotic|88\/100 tox|[from] psn\n|upkeep\n|turn|36\n|\n|t:|1700633931\n|move|p2a: Mandibuzz|U-turn|p1a: Milotic\n|-damage|p1a: Milotic|80\/100 tox\n|\n|t:|1700633933\n|switch|p2a: Toxapex|Toxapex, F, shiny|100\/100 brn|[from] U-turn\n|move|p1a: Milotic|Scald|p2a: Toxapex\n|-resisted|p2a: Toxapex\n|-damage|p2a: Toxapex|90\/100 brn\n|\n|-heal|p2a: Toxapex|96\/100 brn|[from] item: Leftovers\n|-damage|p1a: Milotic|62\/100 tox|[from] psn\n|-damage|p2a: Toxapex|90\/100 brn|[from] brn\n|upkeep\n|turn|37\n|inactive|Dr_DongStrong has 120 seconds left.\n|c|\u2606Dr_DongStrong|fuck the person who abuses toxic #\n|-message|Dr_DongStrong forfeited.\n|\n|win|Coleca\n|raw|Dr_DongStrong's rating: 1402 &rarr; <strong>1380<\/strong><br \/>(-22 for losing)\n|raw|Coleca's rating: 1369 &rarr; <strong>1391<\/strong><br \/>(+22 for winning)\n|l|\u2606Dr_DongStrong\n","uploadtime":1700633970,"views":0,"p1id":"drdongstrong","p2id":"coleca","formatid":"gen9ou","rating":1380,"private":0,"password":""}