{"id":"gen9ou-1999937892","p1":"galaxyxxivory","p2":"Power Panpour","format":"[Gen 9] OU","log":"|j|\u2606galaxyxxivory\n|j|\u2606Power Panpour\n|t:|1701132230\n|gametype|singles\n|player|p1|galaxyxxivory|acetrainerf-gen4dp|1220\n|player|p2|Power Panpour|ingo|1139\n|teamsize|p1|6\n|teamsize|p2|6\n|gen|9\n|tier|[Gen 9] OU\n|rated|\n|rule|Sleep Clause Mod: Limit one foe put to sleep\n|rule|Species Clause: Limit one of each Pok\u00e9mon\n|rule|OHKO Clause: OHKO moves are banned\n|rule|Evasion Items Clause: Evasion items are banned\n|rule|Evasion Moves Clause: Evasion moves are banned\n|rule|Endless Battle Clause: Forcing endless battles is banned\n|rule|HP Percentage Mod: HP is shown in percentages\n|clearpoke\n|poke|p1|Pelipper, F|\n|poke|p1|Inteleon, F|\n|poke|p1|Garganacl, M|\n|poke|p1|Clefable, M|\n|poke|p1|Quaquaval, F|\n|poke|p1|Overqwil, F|\n|poke|p2|Landorus-Therian, M|\n|poke|p2|Enamorus, F|\n|poke|p2|Gholdengo|\n|poke|p2|Iron Valiant|\n|poke|p2|Ogerpon-Wellspring, F|\n|poke|p2|Volcanion|\n|teampreview\n|inactive|Battle timer is ON: inactive players will automatically lose when time's up. (requested by Power Panpour)\n|\n|t:|1701132241\n|start\n|switch|p1a: Garganacl|Garganacl, M|100\/100\n|switch|p2a: My waifu|Volcanion|100\/100\n|turn|1\n|\n|t:|1701132250\n|move|p2a: My waifu|Liquidation|p1a: Garganacl\n|-supereffective|p1a: Garganacl\n|-damage|p1a: Garganacl|8\/100\n|move|p1a: Garganacl|Stealth Rock|p2a: My waifu\n|-sidestart|p2: Power Panpour|move: Stealth Rock\n|\n|upkeep\n|turn|2\n|\n|t:|1701132260\n|switch|p2a: I'm a stupid bich|Ogerpon-Wellspring, F|100\/100\n|-damage|p2a: I'm a stupid bich|88\/100|[from] Stealth Rock\n|move|p1a: Garganacl|Salt Cure|p2a: I'm a stupid bich\n|-damage|p2a: I'm a stupid bich|71\/100\n|-start|p2a: I'm a stupid bich|Salt Cure\n|\n|-damage|p2a: I'm a stupid bich|46\/100|[from] Salt Cure\n|upkeep\n|turn|3\n|\n|t:|1701132276\n|move|p2a: I'm a stupid bich|Horn Leech|p1a: Garganacl\n|-supereffective|p1a: Garganacl\n|-damage|p1a: Garganacl|0 fnt\n|-heal|p2a: I'm a stupid bich|51\/100|[from] drain|[of] p1a: Garganacl\n|faint|p1a: Garganacl\n|\n|-damage|p2a: I'm a stupid bich|26\/100|[from] Salt Cure\n|upkeep\n|\n|t:|1701132279\n|switch|p1a: Inteleon|Inteleon, F|100\/100\n|turn|4\n|\n|t:|1701132282\n|move|p1a: Inteleon|U-turn|p2a: I'm a stupid bich\n|-supereffective|p2a: I'm a stupid bich\n|-damage|p2a: I'm a stupid bich|0 fnt\n|faint|p2a: I'm a stupid bich\n|\n|t:|1701132289\n|switch|p1a: Pelipper|Pelipper, F|100\/100|[from] U-turn\n|-weather|RainDance|[from] ability: Drizzle|[of] p1a: Pelipper\n|\n|-weather|RainDance|[upkeep]\n|upkeep\n|\n|t:|1701132298\n|switch|p2a: GorlokTheDestroyer|Enamorus, F|100\/100\n|-damage|p2a: GorlokTheDestroyer|76\/100|[from] Stealth Rock\n|turn|5\n|\n|t:|1701132307\n|-terastallize|p1a: Pelipper|Steel\n|move|p2a: GorlokTheDestroyer|Moonblast|p1a: Pelipper\n|-resisted|p1a: Pelipper\n|-damage|p1a: Pelipper|75\/100\n|move|p1a: Pelipper|U-turn|p2a: GorlokTheDestroyer\n|-resisted|p2a: GorlokTheDestroyer\n|-damage|p2a: GorlokTheDestroyer|72\/100\n|\n|t:|1701132316\n|switch|p1a: Inteleon|Inteleon, F|100\/100|[from] U-turn\n|\n|-weather|RainDance|[upkeep]\n|upkeep\n|turn|6\n|\n|t:|1701132329\n|switch|p2a: My waifu|Volcanion|100\/100\n|-damage|p2a: My waifu|76\/100|[from] Stealth Rock\n|move|p1a: Inteleon|Snipe Shot|p2a: My waifu\n|-heal|p2a: My waifu|100\/100|[from] ability: Water Absorb|[of] p1a: Inteleon\n|\n|-weather|RainDance|[upkeep]\n|upkeep\n|turn|7\n|\n|t:|1701132344\n|switch|p1a: Quaquaval|Quaquaval, F|100\/100\n|move|p2a: My waifu|Liquidation|p1a: Quaquaval\n|-resisted|p1a: Quaquaval\n|-damage|p1a: Quaquaval|46\/100\n|\n|-weather|RainDance|[upkeep]\n|upkeep\n|turn|8\n|\n|t:|1701132350\n|move|p1a: Quaquaval|Roost|p1a: Quaquaval\n|-heal|p1a: Quaquaval|96\/100\n|-singleturn|p1a: Quaquaval|move: Roost\n|move|p2a: My waifu|Liquidation|p1a: Quaquaval\n|-resisted|p1a: Quaquaval\n|-damage|p1a: Quaquaval|40\/100\n|\n|-weather|RainDance|[upkeep]\n|upkeep\n|turn|9\n|\n|t:|1701132355\n|switch|p1a: Clefable|Clefable, M|100\/100\n|move|p2a: My waifu|Liquidation|p1a: Clefable\n|-damage|p1a: Clefable|0 fnt\n|faint|p1a: Clefable\n|\n|-weather|RainDance|[upkeep]\n|upkeep\n|\n|t:|1701132359\n|switch|p1a: Overqwil|Overqwil, F|100\/100\n|turn|10\n|\n|t:|1701132363\n|move|p1a: Overqwil|Swords Dance|p1a: Overqwil\n|-boost|p1a: Overqwil|atk|2\n|move|p2a: My waifu|Liquidation|p1a: Overqwil\n|-damage|p1a: Overqwil|0 fnt\n|faint|p1a: Overqwil\n|\n|-weather|RainDance|[upkeep]\n|upkeep\n|-message|galaxyxxivory forfeited.\n|\n|win|Power Panpour\n|raw|galaxyxxivory's rating: 1220 &rarr; <strong>1189<\/strong><br \/>(-31 for losing)\n|raw|Power Panpour's rating: 1139 &rarr; <strong>1170<\/strong><br \/>(+31 for winning)\n|l|\u2606galaxyxxivory\n","uploadtime":1701132375,"views":2,"p1id":"galaxyxxivory","p2id":"powerpanpour","formatid":"gen9ou","rating":1170,"private":0,"password":""}