{"id":"gen9ou-1997665270","p1":"gui77","p2":"zuwo","format":"[Gen 9] OU","log":"|j|\u2606gui77\n|j|\u2606zuwo\n|t:|1700839331\n|gametype|singles\n|player|p1|gui77|acetrainer-gen4dp|1039\n|player|p2|zuwo|brawly|1078\n|teamsize|p1|6\n|teamsize|p2|6\n|gen|9\n|tier|[Gen 9] OU\n|rated|\n|rule|Sleep Clause Mod: Limit one foe put to sleep\n|rule|Species Clause: Limit one of each Pok\u00e9mon\n|rule|OHKO Clause: OHKO moves are banned\n|rule|Evasion Items Clause: Evasion items are banned\n|rule|Evasion Moves Clause: Evasion moves are banned\n|rule|Endless Battle Clause: Forcing endless battles is banned\n|rule|HP Percentage Mod: HP is shown in percentages\n|clearpoke\n|poke|p1|Milotic, F|\n|poke|p1|Pelipper, M|\n|poke|p1|Toxicroak, M|\n|poke|p1|Quagsire, M|\n|poke|p1|Rotom-Wash|\n|poke|p1|Samurott-Hisui, M|\n|poke|p2|Masquerain, M|\n|poke|p2|Gardevoir, M|\n|poke|p2|Glimmora, F|\n|poke|p2|Orthworm, F|\n|poke|p2|Dragapult, F|\n|poke|p2|Great Tusk|\n|teampreview\n|\n|t:|1700839338\n|start\n|switch|p1a: Agostin|Pelipper, M|100\/100\n|switch|p2a: Masquerain|Masquerain, M|100\/100\n|-ability|p2a: Masquerain|Intimidate|boost\n|-unboost|p1a: Agostin|atk|1\n|-weather|RainDance|[from] ability: Drizzle|[of] p1a: Agostin\n|turn|1\n|\n|t:|1700839348\n|move|p2a: Masquerain|Sticky Web|p1a: Agostin\n|-sidestart|p1: gui77|move: Sticky Web\n|move|p1a: Agostin|Hurricane|p2a: Masquerain\n|-supereffective|p2a: Masquerain\n|-enditem|p2a: Masquerain|Focus Sash\n|-damage|p2a: Masquerain|1\/100\n|\n|-weather|RainDance|[upkeep]\n|upkeep\n|turn|2\n|\n|t:|1700839359\n|move|p2a: Masquerain|Stun Spore|p1a: Agostin|[miss]\n|-miss|p2a: Masquerain|p1a: Agostin\n|move|p1a: Agostin|Surf|p2a: Masquerain\n|-damage|p2a: Masquerain|0 fnt\n|faint|p2a: Masquerain\n|\n|-weather|RainDance|[upkeep]\n|upkeep\n|\n|t:|1700839389\n|switch|p2a: Gardevoir|Gardevoir, M|100\/100\n|-ability|p2a: Gardevoir|Drizzle|[from] ability: Trace|[of] p1a: Agostin\n|turn|3\n|\n|t:|1700839395\n|move|p2a: Gardevoir|Calm Mind|p2a: Gardevoir\n|-boost|p2a: Gardevoir|spa|1\n|-boost|p2a: Gardevoir|spd|1\n|move|p1a: Agostin|U-turn|p2a: Gardevoir\n|-damage|p2a: Gardevoir|90\/100\n|\n|t:|1700839402\n|switch|p1a: PEXE|Milotic, F, shiny|100\/100|[from] U-turn\n|-activate|p1a: PEXE|move: Sticky Web\n|-unboost|p1a: PEXE|spe|1\n|-ability|p1a: PEXE|Competitive|boost\n|-boost|p1a: PEXE|spa|2\n|\n|-weather|RainDance|[upkeep]\n|upkeep\n|turn|4\n|\n|t:|1700839412\n|move|p2a: Gardevoir|Moonblast|p1a: PEXE\n|-damage|p1a: PEXE|37\/100\n|-damage|p2a: Gardevoir|80\/100|[from] item: Life Orb\n|move|p1a: PEXE|Scald|p2a: Gardevoir\n|-damage|p2a: Gardevoir|17\/100\n|\n|-weather|RainDance|[upkeep]\n|-heal|p1a: PEXE|43\/100|[from] item: Leftovers\n|upkeep\n|turn|5\n|\n|t:|1700839435\n|move|p2a: Gardevoir|Moonblast|p1a: PEXE\n|-damage|p1a: PEXE|0 fnt\n|faint|p1a: PEXE\n|-damage|p2a: Gardevoir|7\/100|[from] item: Life Orb\n|\n|-weather|RainDance|[upkeep]\n|upkeep\n|\n|t:|1700839441\n|switch|p1a: GAMA|Toxicroak, M, shiny|100\/100\n|-activate|p1a: GAMA|move: Sticky Web\n|-unboost|p1a: GAMA|spe|1\n|turn|6\n|\n|t:|1700839450\n|move|p1a: GAMA|Fake Out|p2a: Gardevoir\n|-damage|p2a: Gardevoir|0 fnt\n|faint|p2a: Gardevoir\n|-damage|p1a: GAMA|91\/100|[from] item: Life Orb\n|\n|-weather|RainDance|[upkeep]\n|-heal|p1a: GAMA|100\/100|[from] ability: Dry Skin\n|upkeep\n|\n|t:|1700839458\n|switch|p2a: Glimmora|Glimmora, F|100\/100\n|turn|7\n|\n|t:|1700839482\n|move|p2a: Glimmora|Spikes|p1a: GAMA\n|-sidestart|p1: gui77|Spikes\n|move|p1a: GAMA|Close Combat|p2a: Glimmora\n|-damage|p2a: Glimmora|17\/100\n|-unboost|p1a: GAMA|def|1\n|-unboost|p1a: GAMA|spd|1\n|-activate|p2a: Glimmora|ability: Toxic Debris\n|-sidestart|p1: gui77|move: Toxic Spikes\n|-damage|p1a: GAMA|91\/100|[from] item: Life Orb\n|\n|-weather|RainDance|[upkeep]\n|-heal|p1a: GAMA|100\/100|[from] ability: Dry Skin\n|-heal|p2a: Glimmora|24\/100|[from] item: Leftovers\n|upkeep\n|turn|8\n|\n|t:|1700839500\n|switch|p1a: Agostin|Pelipper, M|100\/100\n|move|p2a: Glimmora|Earth Power|p1a: Agostin\n|-immune|p1a: Agostin\n|\n|-weather|none\n|-heal|p2a: Glimmora|30\/100|[from] item: Leftovers\n|upkeep\n|turn|9\n|\n|t:|1700839514\n|move|p2a: Glimmora|Power Gem|p1a: Agostin\n|-supereffective|p1a: Agostin\n|-damage|p1a: Agostin|0 fnt\n|faint|p1a: Agostin\n|\n|-heal|p2a: Glimmora|36\/100|[from] item: Leftovers\n|upkeep\n|\n|t:|1700839521\n|switch|p1a: GAMA|Toxicroak, M, shiny|100\/100\n|-activate|p1a: GAMA|move: Sticky Web\n|-unboost|p1a: GAMA|spe|1\n|-damage|p1a: GAMA|88\/100|[from] Spikes\n|-sideend|p1: gui77|move: Toxic Spikes|[of] p1a: GAMA\n|turn|10\n|\n|t:|1700839527\n|move|p2a: Glimmora|Earth Power|p1a: GAMA\n|-supereffective|p1a: GAMA\n|-damage|p1a: GAMA|0 fnt\n|faint|p1a: GAMA\n|\n|-heal|p2a: Glimmora|42\/100|[from] item: Leftovers\n|upkeep\n|-message|gui77 forfeited.\n|\n|win|zuwo\n|raw|gui77's rating: 1039 &rarr; <strong>1025<\/strong><br \/>(-14 for losing)\n|raw|zuwo's rating: 1078 &rarr; <strong>1103<\/strong><br \/>(+25 for winning)\n|l|\u2606gui77\n|l|\u2606zuwo\n|j|\u2606zuwo\n|player|p2|zuwo|brawly\n|l|\u2606zuwo\n|player|p2|\n|j|\u2606zuwo\n|player|p2|zuwo|brawly\n","uploadtime":1700839554,"views":3,"p1id":"gui77","p2id":"zuwo","formatid":"gen9ou","rating":1025,"private":0,"password":""}