{"id":"gen9ou-1990336401","p1":"Lomiskull","p2":"mummyNSFW","format":"[Gen 9] OU","log":"|j|\u2606Lomiskull\n|j|\u2606mummyNSFW\n|t:|1699958661\n|gametype|singles\n|player|p1|Lomiskull|drayden|1148\n|player|p2|mummyNSFW|cynthia-masters3|1180\n|teamsize|p1|6\n|teamsize|p2|6\n|gen|9\n|tier|[Gen 9] OU\n|rated|\n|rule|Sleep Clause Mod: Limit one foe put to sleep\n|rule|Species Clause: Limit one of each Pok\u00e9mon\n|rule|OHKO Clause: OHKO moves are banned\n|rule|Evasion Items Clause: Evasion items are banned\n|rule|Evasion Moves Clause: Evasion moves are banned\n|rule|Endless Battle Clause: Forcing endless battles is banned\n|rule|HP Percentage Mod: HP is shown in percentages\n|clearpoke\n|poke|p1|Greninja-*, M|\n|poke|p1|Lokix, F|\n|poke|p1|Hoopa-Unbound|\n|poke|p1|Dragapult, F|\n|poke|p1|Tatsugiri, F|\n|poke|p1|Umbreon, M|\n|poke|p2|Landorus-Therian, M|\n|poke|p2|Staraptor, M|\n|poke|p2|Hydreigon, F|\n|poke|p2|Iron Moth|\n|poke|p2|Rillaboom, F|\n|poke|p2|Rotom-Wash|\n|teampreview\n|\n|t:|1699958669\n|start\n|switch|p1a: Bouddha la F\u00e9e|Hoopa-Unbound|100\/100\n|switch|p2a: jack o lantern|Rotom-Wash|100\/100\n|turn|1\n|\n|t:|1699958689\n|move|p1a: Bouddha la F\u00e9e|Energy Ball|p2a: jack o lantern\n|-supereffective|p2a: jack o lantern\n|-damage|p2a: jack o lantern|9\/100\n|move|p2a: jack o lantern|Will-O-Wisp|p1a: Bouddha la F\u00e9e\n|-status|p1a: Bouddha la F\u00e9e|brn\n|\n|-heal|p2a: jack o lantern|15\/100|[from] item: Leftovers\n|-damage|p1a: Bouddha la F\u00e9e|95\/100 brn|[from] brn\n|upkeep\n|turn|2\n|\n|t:|1699958702\n|switch|p1a: Master Poison|Greninja, M|100\/100\n|move|p2a: jack o lantern|Volt Switch|p1a: Master Poison\n|-supereffective|p1a: Master Poison\n|-damage|p1a: Master Poison|6\/100\n|\n|t:|1699958714\n|switch|p2a: UUbl(boy love)|Staraptor, M, shiny|100\/100|[from] Volt Switch\n|-ability|p2a: UUbl(boy love)|Intimidate|boost\n|-unboost|p1a: Master Poison|atk|1\n|\n|upkeep\n|turn|3\n|\n|t:|1699958725\n|move|p2a: UUbl(boy love)|Double-Edge|p1a: Master Poison\n|-damage|p1a: Master Poison|0 fnt\n|faint|p1a: Master Poison\n|-damage|p2a: UUbl(boy love)|99\/100|[from] Recoil\n|\n|upkeep\n|\n|t:|1699958740\n|switch|p1a: Smaug Dragon|Dragapult, F|100\/100\n|turn|4\n|\n|t:|1699958753\n|switch|p2a: jack o lantern|Rotom-Wash|15\/100\n|move|p1a: Smaug Dragon|Substitute|p1a: Smaug Dragon\n|-start|p1a: Smaug Dragon|Substitute\n|-damage|p1a: Smaug Dragon|76\/100\n|\n|-heal|p1a: Smaug Dragon|82\/100|[from] item: Leftovers\n|-heal|p2a: jack o lantern|21\/100|[from] item: Leftovers\n|upkeep\n|turn|5\n|\n|t:|1699958763\n|move|p1a: Smaug Dragon|Dragon Dance|p1a: Smaug Dragon\n|-boost|p1a: Smaug Dragon|atk|1\n|-boost|p1a: Smaug Dragon|spe|1\n|move|p2a: jack o lantern|Hydro Pump|p1a: Smaug Dragon\n|-resisted|p1a: Smaug Dragon\n|-end|p1a: Smaug Dragon|Substitute\n|\n|-heal|p1a: Smaug Dragon|88\/100|[from] item: Leftovers\n|-heal|p2a: jack o lantern|27\/100|[from] item: Leftovers\n|upkeep\n|turn|6\n|\n|t:|1699958774\n|move|p1a: Smaug Dragon|Dragon Darts|p2a: jack o lantern\n|-damage|p2a: jack o lantern|0 fnt\n|faint|p2a: jack o lantern\n|\n|-heal|p1a: Smaug Dragon|94\/100|[from] item: Leftovers\n|upkeep\n|\n|t:|1699958783\n|switch|p2a: it aint landover|Landorus-Therian, M|100\/100\n|-ability|p2a: it aint landover|Intimidate|boost\n|-fail|p1a: Smaug Dragon|unboost|[from] ability: Clear Body|[of] p1a: Smaug Dragon\n|turn|7\n|\n|t:|1699958795\n|move|p1a: Smaug Dragon|Substitute|p1a: Smaug Dragon\n|-start|p1a: Smaug Dragon|Substitute\n|-damage|p1a: Smaug Dragon|69\/100\n|move|p2a: it aint landover|Earthquake|p1a: Smaug Dragon\n|-end|p1a: Smaug Dragon|Substitute\n|\n|-heal|p1a: Smaug Dragon|75\/100|[from] item: Leftovers\n|upkeep\n|turn|8\n|\n|t:|1699958808\n|move|p1a: Smaug Dragon|Phantom Force||[still]\n|-prepare|p1a: Smaug Dragon|Phantom Force\n|move|p2a: it aint landover|Earthquake|p1a: Smaug Dragon|[miss]\n|-miss|p2a: it aint landover|p1a: Smaug Dragon\n|\n|-heal|p1a: Smaug Dragon|81\/100|[from] item: Leftovers\n|upkeep\n|turn|9\n|\n|t:|1699958819\n|switch|p2a: UUbl(boy love)|Staraptor, M, shiny|99\/100\n|-ability|p2a: UUbl(boy love)|Intimidate|boost\n|-fail|p1a: Smaug Dragon|unboost|[from] ability: Clear Body|[of] p1a: Smaug Dragon\n|move|p1a: Smaug Dragon|Phantom Force|p2a: UUbl(boy love)|[from]lockedmove\n|-immune|p2a: UUbl(boy love)\n|\n|-heal|p1a: Smaug Dragon|87\/100|[from] item: Leftovers\n|upkeep\n|turn|10\n|\n|t:|1699958830\n|move|p1a: Smaug Dragon|Substitute|p1a: Smaug Dragon\n|-start|p1a: Smaug Dragon|Substitute\n|-damage|p1a: Smaug Dragon|62\/100\n|move|p2a: UUbl(boy love)|Dual Wingbeat|p1a: Smaug Dragon\n|-end|p1a: Smaug Dragon|Substitute\n|-damage|p1a: Smaug Dragon|33\/100\n|-hitcount|p1a: Smaug Dragon|2\n|\n|-heal|p1a: Smaug Dragon|39\/100|[from] item: Leftovers\n|upkeep\n|turn|11\n|\n|t:|1699958840\n|move|p1a: Smaug Dragon|Dragon Darts|p2a: UUbl(boy love)\n|-damage|p2a: UUbl(boy love)|42\/100\n|-anim|p1a: Smaug Dragon|Dragon Darts|p2a: UUbl(boy love)\n|-crit|p2a: UUbl(boy love)\n|-damage|p2a: UUbl(boy love)|0 fnt\n|faint|p2a: UUbl(boy love)\n|\n|-heal|p1a: Smaug Dragon|45\/100|[from] item: Leftovers\n|upkeep\n|\n|t:|1699958848\n|switch|p2a: monke|Rillaboom, F, shiny|100\/100\n|-fieldstart|move: Grassy Terrain|[from] ability: Grassy Surge|[of] p2a: monke\n|turn|12\n|\n|t:|1699958860\n|switch|p1a: Fight kick|Lokix, F|100\/100\n|move|p2a: monke|Grassy Glide|p1a: Fight kick\n|-resisted|p1a: Fight kick\n|-damage|p1a: Fight kick|75\/100\n|\n|-heal|p1a: Fight kick|81\/100|[from] Grassy Terrain\n|upkeep\n|turn|13\n|\n|t:|1699958869\n|-terastallize|p2a: monke|Poison\n|move|p1a: Fight kick|First Impression|p2a: monke\n|-resisted|p2a: monke\n|-damage|p2a: monke|59\/100\n|move|p2a: monke|Drain Punch|p1a: Fight kick\n|-damage|p1a: Fight kick|44\/100\n|-heal|p2a: monke|74\/100|[from] drain|[of] p1a: Fight kick\n|\n|-heal|p1a: Fight kick|50\/100|[from] Grassy Terrain\n|-heal|p2a: monke|80\/100|[from] Grassy Terrain\n|upkeep\n|turn|14\n|\n|t:|1699958882\n|move|p2a: monke|Grassy Glide|p1a: Fight kick\n|-resisted|p1a: Fight kick\n|-damage|p1a: Fight kick|26\/100\n|move|p1a: Fight kick|Swords Dance|p1a: Fight kick\n|-boost|p1a: Fight kick|atk|2\n|\n|-heal|p1a: Fight kick|32\/100|[from] Grassy Terrain\n|-heal|p2a: monke|86\/100|[from] Grassy Terrain\n|upkeep\n|turn|15\n|\n|t:|1699958893\n|move|p1a: Fight kick|Sucker Punch|p2a: monke\n|-damage|p2a: monke|26\/100\n|move|p2a: monke|Grassy Glide|p1a: Fight kick\n|-resisted|p1a: Fight kick\n|-damage|p1a: Fight kick|6\/100\n|\n|-heal|p1a: Fight kick|12\/100|[from] Grassy Terrain\n|-heal|p2a: monke|32\/100|[from] Grassy Terrain\n|upkeep\n|turn|16\n|\n|t:|1699958932\n|switch|p2a: it aint landover|Landorus-Therian, M|100\/100\n|-ability|p2a: it aint landover|Intimidate|boost\n|-unboost|p1a: Fight kick|atk|1\n|move|p1a: Fight kick|Swords Dance|p1a: Fight kick\n|-boost|p1a: Fight kick|atk|2\n|\n|-heal|p1a: Fight kick|18\/100|[from] Grassy Terrain\n|-fieldend|move: Grassy Terrain\n|upkeep\n|turn|17\n|\n|t:|1699958943\n|move|p1a: Fight kick|Sucker Punch|p2a: it aint landover\n|-damage|p2a: it aint landover|5\/100\n|move|p2a: it aint landover|Earthquake|p1a: Fight kick\n|-resisted|p1a: Fight kick\n|-damage|p1a: Fight kick|0 fnt\n|faint|p1a: Fight kick\n|\n|upkeep\n|\n|t:|1699958970\n|switch|p1a: Smaug Dragon|Dragapult, F|45\/100\n|turn|18\n|\n|t:|1699958977\n|move|p2a: it aint landover|Earthquake|p1a: Smaug Dragon\n|-damage|p1a: Smaug Dragon|0 fnt\n|faint|p1a: Smaug Dragon\n|\n|upkeep\n|\n|t:|1699959006\n|switch|p1a: Bouddha la F\u00e9e|Hoopa-Unbound|95\/100 brn\n|turn|19\n|\n|t:|1699959015\n|move|p2a: it aint landover|Earthquake|p1a: Bouddha la F\u00e9e\n|-damage|p1a: Bouddha la F\u00e9e|0 fnt\n|faint|p1a: Bouddha la F\u00e9e\n|\n|upkeep\n|\n|t:|1699959020\n|switch|p1a: Mist Ghost|Umbreon, M|100\/100\n|turn|20\n|\n|t:|1699959032\n|move|p2a: it aint landover|Earthquake|p1a: Mist Ghost\n|-damage|p1a: Mist Ghost|61\/100\n|move|p1a: Mist Ghost|Wish|p1a: Mist Ghost\n|\n|upkeep\n|turn|21\n|\n|t:|1699959039\n|move|p2a: it aint landover|Earthquake|p1a: Mist Ghost\n|-damage|p1a: Mist Ghost|21\/100\n|move|p1a: Mist Ghost|Foul Play|p2a: it aint landover\n|-damage|p2a: it aint landover|0 fnt\n|faint|p2a: it aint landover\n|\n|-heal|p1a: Mist Ghost|71\/100|[from] move: Wish|[wisher] Mist Ghost\n|upkeep\n|\n|t:|1699959049\n|switch|p2a: discount rona|Iron Moth|100\/100\n|-enditem|p2a: discount rona|Booster Energy\n|-activate|p2a: discount rona|ability: Quark Drive|[fromitem]\n|-start|p2a: discount rona|quarkdrivespe\n|turn|22\n|\n|t:|1699959060\n|move|p2a: discount rona|Fiery Dance|p1a: Mist Ghost\n|-damage|p1a: Mist Ghost|45\/100\n|-boost|p2a: discount rona|spa|1\n|move|p1a: Mist Ghost|Roar|p2a: discount rona\n|-end|p2a: discount rona|Quark Drive|[silent]\n|drag|p2a: Wiped you|Hydreigon, F|100\/100\n|\n|upkeep\n|turn|23\n|\n|t:|1699959069\n|move|p2a: Wiped you|Dragon Pulse|p1a: Mist Ghost\n|-damage|p1a: Mist Ghost|0 fnt\n|faint|p1a: Mist Ghost\n|\n|upkeep\n|\n|t:|1699959074\n|switch|p1a: Spin Fire|Tatsugiri, F|100\/100\n|turn|24\n|\n|t:|1699959078\n|-terastallize|p1a: Spin Fire|Fire\n|move|p2a: Wiped you|Dragon Pulse|p1a: Spin Fire\n|-damage|p1a: Spin Fire|37\/100\n|move|p1a: Spin Fire|Rapid Spin|p2a: Wiped you\n|-damage|p2a: Wiped you|93\/100\n|-boost|p1a: Spin Fire|spe|1\n|\n|upkeep\n|turn|25\n|\n|t:|1699959087\n|move|p2a: Wiped you|Dragon Pulse|p1a: Spin Fire\n|-damage|p1a: Spin Fire|0 fnt\n|faint|p1a: Spin Fire\n|\n|win|mummyNSFW\n|raw|Lomiskull's rating: 1148 &rarr; <strong>1123<\/strong><br \/>(-25 for losing)\n|raw|mummyNSFW's rating: 1152 &rarr; <strong>1177<\/strong><br \/>(+25 for winning)\n|l|\u2606Lomiskull\n","uploadtime":1699959105,"views":8,"p1id":"lomiskull","p2id":"mummynsfw","formatid":"gen9ou","rating":1123,"private":0,"password":""}