{"id":"gen9ou-1994878956","p1":"ZEROPHOS","p2":"Garchomp-lover123","format":"[Gen 9] OU","log":"|j|\u2606ZEROPHOS\n|j|\u2606Garchomp-lover123\n|t:|1700501085\n|gametype|singles\n|player|p1|ZEROPHOS|brawly|1093\n|player|p2|Garchomp-lover123|170|1114\n|teamsize|p1|6\n|teamsize|p2|6\n|gen|9\n|tier|[Gen 9] OU\n|rated|\n|rule|Sleep Clause Mod: Limit one foe put to sleep\n|rule|Species Clause: Limit one of each Pok\u00e9mon\n|rule|OHKO Clause: OHKO moves are banned\n|rule|Evasion Items Clause: Evasion items are banned\n|rule|Evasion Moves Clause: Evasion moves are banned\n|rule|Endless Battle Clause: Forcing endless battles is banned\n|rule|HP Percentage Mod: HP is shown in percentages\n|clearpoke\n|poke|p1|Alomomola, F|\n|poke|p1|Slowking-Galar, M|\n|poke|p1|Great Tusk|\n|poke|p1|Zarude|\n|poke|p1|Skeledirge, F|\n|poke|p1|Zapdos|\n|poke|p2|Garchomp, M|\n|poke|p2|Articuno|\n|poke|p2|Gyarados, F|\n|poke|p2|Heatran, F|\n|poke|p2|Slowking-Galar, F|\n|poke|p2|Haxorus, M|\n|teampreview\n|\n|t:|1700501109\n|start\n|switch|p1a: Great Tusk|Great Tusk|100\/100\n|switch|p2a: Haxorus|Haxorus, M|100\/100\n|-ability|p2a: Haxorus|Mold Breaker\n|turn|1\n|\n|t:|1700501116\n|move|p2a: Haxorus|Swords Dance|p2a: Haxorus\n|-boost|p2a: Haxorus|atk|2\n|move|p1a: Great Tusk|Stealth Rock|p2a: Haxorus\n|-sidestart|p2: Garchomp-lover123|move: Stealth Rock\n|\n|upkeep\n|turn|2\n|\n|t:|1700501121\n|move|p2a: Haxorus|Swords Dance|p2a: Haxorus\n|-boost|p2a: Haxorus|atk|2\n|move|p1a: Great Tusk|Ice Spinner|p2a: Haxorus\n|-supereffective|p2a: Haxorus\n|-damage|p2a: Haxorus|49\/100\n|\n|upkeep\n|turn|3\n|\n|t:|1700501128\n|move|p2a: Haxorus|Scale Shot|p1a: Great Tusk\n|-damage|p1a: Great Tusk|84\/100\n|-damage|p1a: Great Tusk|68\/100\n|-damage|p1a: Great Tusk|53\/100\n|-damage|p1a: Great Tusk|39\/100\n|-hitcount|p1a: Great Tusk|4\n|-unboost|p2a: Haxorus|def|1\n|-boost|p2a: Haxorus|spe|1\n|move|p1a: Great Tusk|Ice Spinner|p2a: Haxorus\n|-supereffective|p2a: Haxorus\n|-damage|p2a: Haxorus|0 fnt\n|faint|p2a: Haxorus\n|\n|-heal|p1a: Great Tusk|45\/100|[from] item: Leftovers\n|upkeep\n|\n|t:|1700501144\n|switch|p2a: Gyarados|Gyarados, F|100\/100\n|-damage|p2a: Gyarados|76\/100|[from] Stealth Rock\n|-ability|p2a: Gyarados|Intimidate|boost\n|-unboost|p1a: Great Tusk|atk|1\n|turn|4\n|\n|t:|1700501161\n|-end|p1a: Great Tusk|Protosynthesis|[silent]\n|switch|p1a: Zapdos|Zapdos|100\/100\n|move|p2a: Gyarados|Avalanche|p1a: Zapdos\n|-supereffective|p1a: Zapdos\n|-crit|p1a: Zapdos\n|-damage|p1a: Zapdos|52\/100\n|\n|upkeep\n|turn|5\n|\n|t:|1700501173\n|move|p1a: Zapdos|Discharge|p2a: Gyarados\n|-supereffective|p2a: Gyarados\n|-damage|p2a: Gyarados|18\/100\n|move|p2a: Gyarados|Avalanche|p1a: Zapdos\n|-supereffective|p1a: Zapdos\n|-damage|p1a: Zapdos|0 fnt\n|faint|p1a: Zapdos\n|\n|upkeep\n|\n|t:|1700501188\n|switch|p1a: Alomomola|Alomomola, F|100\/100\n|turn|6\n|\n|t:|1700501191\n|move|p1a: Alomomola|Wish|p1a: Alomomola\n|move|p2a: Gyarados|Dragon Tail|p1a: Alomomola\n|-damage|p1a: Alomomola|92\/100\n|drag|p1a: Great Tusk|Great Tusk|45\/100\n|\n|-heal|p1a: Great Tusk|51\/100|[from] item: Leftovers\n|upkeep\n|turn|7\n|\n|t:|1700501198\n|move|p1a: Great Tusk|Ice Spinner|p2a: Gyarados\n|-damage|p2a: Gyarados|0 fnt\n|faint|p2a: Gyarados\n|\n|-heal|p1a: Great Tusk|100\/100|[from] move: Wish|[wisher] Alomomola\n|upkeep\n|\n|t:|1700501216\n|switch|p2a: Articuno|Articuno|100\/100\n|-damage|p2a: Articuno|51\/100|[from] Stealth Rock\n|-ability|p2a: Articuno|Pressure\n|turn|8\n|\n|t:|1700501228\n|move|p1a: Great Tusk|Ice Spinner|p2a: Articuno\n|-damage|p2a: Articuno|24\/100\n|move|p2a: Articuno|Avalanche|p1a: Great Tusk\n|-supereffective|p1a: Great Tusk\n|-damage|p1a: Great Tusk|67\/100\n|\n|-heal|p1a: Great Tusk|73\/100|[from] item: Leftovers\n|upkeep\n|turn|9\n|\n|t:|1700501237\n|move|p1a: Great Tusk|Ice Spinner|p2a: Articuno\n|-damage|p2a: Articuno|0 fnt\n|faint|p2a: Articuno\n|\n|-heal|p1a: Great Tusk|79\/100|[from] item: Leftovers\n|upkeep\n|\n|t:|1700501244\n|switch|p2a: Slowking|Slowking-Galar, F|100\/100\n|-damage|p2a: Slowking|88\/100|[from] Stealth Rock\n|turn|10\n|\n|t:|1700501262\n|move|p1a: Great Tusk|Headlong Rush|p2a: Slowking\n|-supereffective|p2a: Slowking\n|-damage|p2a: Slowking|0 fnt\n|-unboost|p1a: Great Tusk|def|1\n|-unboost|p1a: Great Tusk|spd|1\n|faint|p2a: Slowking\n|\n|-heal|p1a: Great Tusk|86\/100|[from] item: Leftovers\n|upkeep\n|\n|t:|1700501275\n|switch|p2a: Garchomp|Garchomp, M|100\/100\n|-damage|p2a: Garchomp|94\/100|[from] Stealth Rock\n|turn|11\n|\n|t:|1700501283\n|move|p2a: Garchomp|Outrage|p1a: Great Tusk\n|-damage|p1a: Great Tusk|21\/100\n|-damage|p2a: Garchomp|85\/100|[from] item: Life Orb\n|move|p1a: Great Tusk|Ice Spinner|p2a: Garchomp\n|-supereffective|p2a: Garchomp\n|-damage|p2a: Garchomp|0 fnt\n|-damage|p1a: Great Tusk|8\/100|[from] ability: Rough Skin|[of] p2a: Garchomp\n|faint|p2a: Garchomp\n|\n|-heal|p1a: Great Tusk|15\/100|[from] item: Leftovers\n|upkeep\n|\n|t:|1700501293\n|switch|p2a: Heatran|Heatran, F|100\/100\n|-damage|p2a: Heatran|88\/100|[from] Stealth Rock\n|turn|12\n|\n|t:|1700501300\n|move|p1a: Great Tusk|Headlong Rush|p2a: Heatran\n|-supereffective|p2a: Heatran\n|-damage|p2a: Heatran|0 fnt\n|-unboost|p1a: Great Tusk|def|1\n|-unboost|p1a: Great Tusk|spd|1\n|faint|p2a: Heatran\n|\n|win|ZEROPHOS\n|raw|ZEROPHOS's rating: 1093 &rarr; <strong>1121<\/strong><br \/>(+28 for winning)\n|raw|Garchomp-lover123's rating: 1114 &rarr; <strong>1087<\/strong><br \/>(-27 for losing)\n","uploadtime":1700501304,"views":20,"p1id":"zerophos","p2id":"garchomplover123","formatid":"gen9ou","rating":1087,"private":0,"password":""}