{"id":"gen9ou-1991858613","p1":"benboss69","p2":"Mackarp129","format":"[Gen 9] OU","log":"|j|\u2606benboss69\n|j|\u2606Mackarp129\n|t:|1700129550\n|gametype|singles\n|player|p1|benboss69|olympia|\n|player|p2|Mackarp129|marley|\n|teamsize|p1|6\n|teamsize|p2|6\n|gen|9\n|tier|[Gen 9] OU\n|rule|Sleep Clause Mod: Limit one foe put to sleep\n|rule|Species Clause: Limit one of each Pok\u00e9mon\n|rule|OHKO Clause: OHKO moves are banned\n|rule|Evasion Items Clause: Evasion items are banned\n|rule|Evasion Moves Clause: Evasion moves are banned\n|rule|Endless Battle Clause: Forcing endless battles is banned\n|rule|HP Percentage Mod: HP is shown in percentages\n|clearpoke\n|poke|p1|Dragonite, F|\n|poke|p1|Hatterene, F|\n|poke|p1|Maushold-Four|\n|poke|p1|Zapdos-Galar|\n|poke|p1|Rotom-Mow|\n|poke|p1|Magneton|\n|poke|p2|Corviknight, M|\n|poke|p2|Greninja-*, M|\n|poke|p2|Hawlucha, F|\n|poke|p2|Espeon, F|\n|poke|p2|Grimmsnarl, M|\n|poke|p2|Naclstack, F|\n|teampreview\n|c|\u2606benboss69|glhf\n|inactive|Battle timer is ON: inactive players will automatically lose when time's up. (requested by benboss69)\n|c|\u2606Mackarp129|glhf\n|\n|t:|1700129569\n|start\n|switch|p1a: Maushold|Maushold-Four|100\/100\n|switch|p2a: Espeon|Espeon, F|100\/100\n|turn|1\n|\n|t:|1700129594\n|switch|p2a: Corviknight|Corviknight, M|100\/100\n|move|p1a: Maushold|Population Bomb|p2a: Corviknight\n|-resisted|p2a: Corviknight\n|-damage|p2a: Corviknight|97\/100\n|-damage|p1a: Maushold|84\/100|[from] item: Rocky Helmet|[of] p2a: Corviknight\n|-resisted|p2a: Corviknight\n|-crit|p2a: Corviknight\n|-damage|p2a: Corviknight|92\/100\n|-damage|p1a: Maushold|67\/100|[from] item: Rocky Helmet|[of] p2a: Corviknight\n|-resisted|p2a: Corviknight\n|-damage|p2a: Corviknight|89\/100\n|-damage|p1a: Maushold|51\/100|[from] item: Rocky Helmet|[of] p2a: Corviknight\n|-resisted|p2a: Corviknight\n|-damage|p2a: Corviknight|85\/100\n|-damage|p1a: Maushold|34\/100|[from] item: Rocky Helmet|[of] p2a: Corviknight\n|-resisted|p2a: Corviknight\n|-crit|p2a: Corviknight\n|-damage|p2a: Corviknight|80\/100\n|-damage|p1a: Maushold|17\/100|[from] item: Rocky Helmet|[of] p2a: Corviknight\n|-resisted|p2a: Corviknight\n|-damage|p2a: Corviknight|77\/100\n|-damage|p1a: Maushold|1\/100|[from] item: Rocky Helmet|[of] p2a: Corviknight\n|-resisted|p2a: Corviknight\n|-damage|p2a: Corviknight|73\/100\n|-damage|p1a: Maushold|0 fnt|[from] item: Rocky Helmet|[of] p2a: Corviknight\n|faint|p1a: Maushold\n|-hitcount|p2a: Corviknight|7\n|\n|upkeep\n|inactive|benboss69 has 270 seconds left.\n|\n|t:|1700129635\n|switch|p1a: Rotom|Rotom-Mow|100\/100\n|turn|2\n|\n|t:|1700129647\n|move|p1a: Rotom|Thunderbolt|p2a: Corviknight\n|-supereffective|p2a: Corviknight\n|-damage|p2a: Corviknight|0 fnt\n|faint|p2a: Corviknight\n|\n|upkeep\n|\n|t:|1700129651\n|switch|p2a: Hawlucha|Hawlucha, F|100\/100\n|turn|3\n|\n|t:|1700129660\n|-terastallize|p2a: Hawlucha|Flying\n|move|p1a: Rotom|Thunderbolt|p2a: Hawlucha\n|-supereffective|p2a: Hawlucha\n|-damage|p2a: Hawlucha|0 fnt\n|faint|p2a: Hawlucha\n|\n|upkeep\n|\n|t:|1700129670\n|switch|p2a: Naclstack|Naclstack, F|100\/100\n|turn|4\n|\n|t:|1700129676\n|switch|p1a: Hatterene|Hatterene, F|100\/100\n|move|p2a: Naclstack|Stealth Rock|p1a: Hatterene\n|move|p1a: Hatterene|Stealth Rock|p2a: Naclstack|[from]ability: Magic Bounce\n|-sidestart|p2: Mackarp129|move: Stealth Rock\n|\n|upkeep\n|turn|5\n|\n|t:|1700129686\n|move|p1a: Hatterene|Calm Mind|p1a: Hatterene\n|-boost|p1a: Hatterene|spa|1\n|-boost|p1a: Hatterene|spd|1\n|move|p2a: Naclstack|Salt Cure|p1a: Hatterene\n|-crit|p1a: Hatterene\n|-damage|p1a: Hatterene|88\/100\n|-start|p1a: Hatterene|Salt Cure\n|\n|-heal|p1a: Hatterene|94\/100|[from] item: Leftovers\n|-damage|p1a: Hatterene|82\/100|[from] Salt Cure\n|upkeep\n|turn|6\n|\n|t:|1700129696\n|switch|p2a: Grimmsnarl|Grimmsnarl, M|100\/100\n|-damage|p2a: Grimmsnarl|88\/100|[from] Stealth Rock\n|move|p1a: Hatterene|Calm Mind|p1a: Hatterene\n|-boost|p1a: Hatterene|spa|1\n|-boost|p1a: Hatterene|spd|1\n|\n|-heal|p1a: Hatterene|88\/100|[from] item: Leftovers\n|-damage|p1a: Hatterene|75\/100|[from] Salt Cure\n|upkeep\n|turn|7\n|\n|t:|1700129706\n|move|p2a: Grimmsnarl|Light Screen|p2a: Grimmsnarl\n|-sidestart|p2: Mackarp129|move: Light Screen\n|move|p1a: Hatterene|Draining Kiss|p2a: Grimmsnarl\n|-supereffective|p2a: Grimmsnarl\n|-damage|p2a: Grimmsnarl|46\/100\n|-heal|p1a: Hatterene|100\/100|[from] drain|[of] p2a: Grimmsnarl\n|\n|-damage|p1a: Hatterene|88\/100|[from] Salt Cure\n|upkeep\n|turn|8\n|\n|t:|1700129717\n|move|p2a: Grimmsnarl|Reflect|p2a: Grimmsnarl\n|-sidestart|p2: Mackarp129|Reflect\n|move|p1a: Hatterene|Calm Mind|p1a: Hatterene\n|-boost|p1a: Hatterene|spa|1\n|-boost|p1a: Hatterene|spd|1\n|\n|-heal|p1a: Hatterene|94\/100|[from] item: Leftovers\n|-damage|p1a: Hatterene|82\/100|[from] Salt Cure\n|upkeep\n|turn|9\n|\n|t:|1700129728\n|move|p2a: Grimmsnarl|Body Slam|p1a: Hatterene\n|-damage|p1a: Hatterene|63\/100\n|move|p1a: Hatterene|Calm Mind|p1a: Hatterene\n|-boost|p1a: Hatterene|spa|1\n|-boost|p1a: Hatterene|spd|1\n|\n|-heal|p1a: Hatterene|69\/100|[from] item: Leftovers\n|-damage|p1a: Hatterene|56\/100|[from] Salt Cure\n|upkeep\n|turn|10\n|\n|t:|1700129736\n|move|p2a: Grimmsnarl|Body Slam|p1a: Hatterene\n|-damage|p1a: Hatterene|36\/100\n|move|p1a: Hatterene|Draining Kiss|p2a: Grimmsnarl\n|-supereffective|p2a: Grimmsnarl\n|-damage|p2a: Grimmsnarl|0 fnt\n|-heal|p1a: Hatterene|78\/100|[from] drain|[of] p2a: Grimmsnarl\n|faint|p2a: Grimmsnarl\n|\n|-heal|p1a: Hatterene|84\/100|[from] item: Leftovers\n|-damage|p1a: Hatterene|72\/100|[from] Salt Cure\n|upkeep\n|\n|t:|1700129747\n|switch|p2a: Naclstack|Naclstack, F|100\/100\n|-damage|p2a: Naclstack|88\/100|[from] Stealth Rock\n|turn|11\n|\n|t:|1700129753\n|move|p1a: Hatterene|Draining Kiss|p2a: Naclstack\n|-damage|p2a: Naclstack|63\/100\n|-heal|p1a: Hatterene|91\/100|[from] drain|[of] p2a: Naclstack\n|move|p2a: Naclstack|Earthquake|p1a: Hatterene\n|-damage|p1a: Hatterene|78\/100\n|\n|-heal|p1a: Hatterene|84\/100|[from] item: Leftovers\n|-damage|p1a: Hatterene|72\/100|[from] Salt Cure\n|upkeep\n|turn|12\n|\n|t:|1700129762\n|move|p1a: Hatterene|Calm Mind|p1a: Hatterene\n|-boost|p1a: Hatterene|spa|1\n|-boost|p1a: Hatterene|spd|1\n|move|p2a: Naclstack|Earthquake|p1a: Hatterene\n|-damage|p1a: Hatterene|59\/100\n|\n|-heal|p1a: Hatterene|65\/100|[from] item: Leftovers\n|-damage|p1a: Hatterene|53\/100|[from] Salt Cure\n|upkeep\n|turn|13\n|\n|t:|1700129770\n|move|p1a: Hatterene|Draining Kiss|p2a: Naclstack\n|-damage|p2a: Naclstack|36\/100\n|-heal|p1a: Hatterene|73\/100|[from] drain|[of] p2a: Naclstack\n|move|p2a: Naclstack|Earthquake|p1a: Hatterene\n|-damage|p1a: Hatterene|61\/100\n|\n|-heal|p1a: Hatterene|67\/100|[from] item: Leftovers\n|-damage|p1a: Hatterene|55\/100|[from] Salt Cure\n|upkeep\n|turn|14\n|\n|t:|1700129781\n|move|p1a: Hatterene|Draining Kiss|p2a: Naclstack\n|-damage|p2a: Naclstack|9\/100\n|-heal|p1a: Hatterene|76\/100|[from] drain|[of] p2a: Naclstack\n|move|p2a: Naclstack|Earthquake|p1a: Hatterene\n|-damage|p1a: Hatterene|63\/100\n|\n|-heal|p1a: Hatterene|69\/100|[from] item: Leftovers\n|-damage|p1a: Hatterene|57\/100|[from] Salt Cure\n|-sideend|p2: Mackarp129|move: Light Screen\n|upkeep\n|turn|15\n|\n|t:|1700129793\n|move|p1a: Hatterene|Draining Kiss|p2a: Naclstack\n|-damage|p2a: Naclstack|0 fnt\n|-heal|p1a: Hatterene|63\/100|[from] drain|[of] p2a: Naclstack\n|faint|p2a: Naclstack\n|\n|-heal|p1a: Hatterene|69\/100|[from] item: Leftovers\n|-damage|p1a: Hatterene|57\/100|[from] Salt Cure\n|-sideend|p2: Mackarp129|Reflect\n|upkeep\n|\n|t:|1700129804\n|switch|p2a: Greninja|Greninja, M|100\/100\n|-damage|p2a: Greninja|88\/100|[from] Stealth Rock\n|turn|16\n|\n|t:|1700129810\n|move|p2a: Greninja|Hydro Pump|p1a: Hatterene\n|-damage|p1a: Hatterene|42\/100\n|move|p1a: Hatterene|Draining Kiss|p2a: Greninja\n|-supereffective|p2a: Greninja\n|-damage|p2a: Greninja|0 fnt\n|-heal|p1a: Hatterene|100\/100|[from] drain|[of] p2a: Greninja\n|faint|p2a: Greninja\n|\n|-damage|p1a: Hatterene|88\/100|[from] Salt Cure\n|upkeep\n|\n|t:|1700129818\n|switch|p2a: Espeon|Espeon, F|100\/100\n|-damage|p2a: Espeon|88\/100|[from] Stealth Rock\n|turn|17\n|\n|t:|1700129824\n|move|p2a: Espeon|Substitute|p2a: Espeon\n|-start|p2a: Espeon|Substitute\n|-damage|p2a: Espeon|63\/100\n|move|p1a: Hatterene|Draining Kiss|p2a: Espeon\n|-end|p2a: Espeon|Substitute\n|-heal|p1a: Hatterene|100\/100|[from] drain|[of] p2a: Espeon\n|\n|-heal|p2a: Espeon|69\/100|[from] item: Leftovers\n|-damage|p1a: Hatterene|88\/100|[from] Salt Cure\n|upkeep\n|turn|18\n|c|\u2606Mackarp129|WHY TF\n|c|\u2606Mackarp129|DO YOU GET HEALTH\n|c|\u2606Mackarp129|FOR THAT\n|c|\u2606Mackarp129|HUH\n|\n|t:|1700129845\n|move|p2a: Espeon|Substitute|p2a: Espeon\n|-start|p2a: Espeon|Substitute\n|-damage|p2a: Espeon|44\/100\n|move|p1a: Hatterene|Draining Kiss|p2a: Espeon\n|-end|p2a: Espeon|Substitute\n|-heal|p1a: Hatterene|100\/100|[from] drain|[of] p2a: Espeon\n|\n|-heal|p2a: Espeon|50\/100|[from] item: Leftovers\n|-damage|p1a: Hatterene|88\/100|[from] Salt Cure\n|upkeep\n|turn|19\n|c|\u2606benboss69|hahaha\n|c|\u2606benboss69|balanced move\n|c|\u2606Mackarp129|BRO IS A PLUSH\n|inactive|Mackarp129 has 270 seconds left.\n|c|\u2606Mackarp129|WITH WHAT LIFE FORCE\n|\n|t:|1700129870\n|move|p2a: Espeon|Substitute|p2a: Espeon\n|-start|p2a: Espeon|Substitute\n|-damage|p2a: Espeon|25\/100\n|move|p1a: Hatterene|Draining Kiss|p2a: Espeon\n|-end|p2a: Espeon|Substitute\n|-heal|p1a: Hatterene|100\/100|[from] drain|[of] p2a: Espeon\n|\n|-heal|p2a: Espeon|31\/100|[from] item: Leftovers\n|-damage|p1a: Hatterene|88\/100|[from] Salt Cure\n|upkeep\n|turn|20\n|inactive|Mackarp129 has 270 seconds left.\n|\n|t:|1700129879\n|move|p2a: Espeon|Substitute|p2a: Espeon\n|-start|p2a: Espeon|Substitute\n|-damage|p2a: Espeon|7\/100\n|move|p1a: Hatterene|Draining Kiss|p2a: Espeon\n|-end|p2a: Espeon|Substitute\n|-heal|p1a: Hatterene|100\/100|[from] drain|[of] p2a: Espeon\n|\n|-heal|p2a: Espeon|13\/100|[from] item: Leftovers\n|-damage|p1a: Hatterene|88\/100|[from] Salt Cure\n|upkeep\n|turn|21\n|\n|t:|1700129888\n|move|p2a: Espeon|Morning Sun|p2a: Espeon\n|-heal|p2a: Espeon|62\/100\n|move|p1a: Hatterene|Draining Kiss|p2a: Espeon\n|-damage|p2a: Espeon|0 fnt\n|-heal|p1a: Hatterene|100\/100|[from] drain|[of] p2a: Espeon\n|faint|p2a: Espeon\n|\n|win|benboss69\n|c|\u2606benboss69|ggs\n","uploadtime":1700129897,"views":14,"p1id":"benboss69","p2id":"mackarp129","formatid":"gen9ou","rating":0,"private":0,"password":""}