{"id":"gen9ou-1989450951","p1":"Smackey_5","p2":"superiax","format":"[Gen 9] OU","log":"|j|\u2606Smackey_5\n|j|\u2606superiax\n|t:|1699852408\n|gametype|singles\n|player|p1|Smackey_5|silver|1399\n|player|p2|superiax|whitney|1356\n|teamsize|p1|6\n|teamsize|p2|6\n|gen|9\n|tier|[Gen 9] OU\n|rated|\n|rule|Sleep Clause Mod: Limit one foe put to sleep\n|rule|Species Clause: Limit one of each Pok\u00e9mon\n|rule|OHKO Clause: OHKO moves are banned\n|rule|Evasion Items Clause: Evasion items are banned\n|rule|Evasion Moves Clause: Evasion moves are banned\n|rule|Endless Battle Clause: Forcing endless battles is banned\n|rule|HP Percentage Mod: HP is shown in percentages\n|clearpoke\n|poke|p1|Kingambit, M|\n|poke|p1|Torkoal, M|\n|poke|p1|Iron Moth|\n|poke|p1|Walking Wake|\n|poke|p1|Great Tusk|\n|poke|p1|Dragapult, M|\n|poke|p2|Ribombee, F|\n|poke|p2|Ninetales-Alola, F|\n|poke|p2|Kingambit, M|\n|poke|p2|Iron Moth|\n|poke|p2|Gholdengo|\n|poke|p2|Ogerpon-Wellspring, F|\n|teampreview\n|inactive|Battle timer is ON: inactive players will automatically lose when time's up. (requested by Smackey_5)\n|\n|t:|1699852441\n|start\n|switch|p1a: Torkoal|Torkoal, M|100\/100\n|switch|p2a: Mirror Master|Ribombee, F, shiny|100\/100\n|-weather|SunnyDay|[from] ability: Drought|[of] p1a: Torkoal\n|turn|1\n|\n|t:|1699852448\n|switch|p2a: Captain Cold|Ninetales-Alola, F, shiny|100\/100\n|-weather|Snow|[from] ability: Snow Warning|[of] p2a: Captain Cold\n|move|p1a: Torkoal|Stealth Rock|p2a: Captain Cold\n|-sidestart|p2: superiax|move: Stealth Rock\n|\n|-weather|Snow|[upkeep]\n|upkeep\n|turn|2\n|\n|t:|1699852457\n|switch|p1a: Iron Moth|Iron Moth|100\/100\n|-enditem|p1a: Iron Moth|Booster Energy\n|-activate|p1a: Iron Moth|ability: Quark Drive|[fromitem]\n|-start|p1a: Iron Moth|quarkdrivespe\n|move|p2a: Captain Cold|Aurora Veil|p2a: Captain Cold\n|-sidestart|p2: superiax|move: Aurora Veil\n|\n|-weather|Snow|[upkeep]\n|upkeep\n|turn|3\n|\n|t:|1699852465\n|switch|p2a: Mirror Master|Ribombee, F, shiny|100\/100\n|-damage|p2a: Mirror Master|76\/100|[from] Stealth Rock\n|move|p1a: Iron Moth|Substitute|p1a: Iron Moth\n|-start|p1a: Iron Moth|Substitute\n|-damage|p1a: Iron Moth|76\/100\n|\n|-weather|Snow|[upkeep]\n|upkeep\n|turn|4\n|\n|t:|1699852474\n|move|p1a: Iron Moth|Fiery Dance|p2a: Mirror Master\n|-supereffective|p2a: Mirror Master\n|-damage|p2a: Mirror Master|5\/100\n|move|p2a: Mirror Master|Sticky Web|p1a: Iron Moth\n|-sidestart|p1: Smackey_5|move: Sticky Web\n|\n|-weather|Snow|[upkeep]\n|upkeep\n|turn|5\n|\n|t:|1699852481\n|move|p1a: Iron Moth|Fiery Dance|p2a: Mirror Master\n|-supereffective|p2a: Mirror Master\n|-damage|p2a: Mirror Master|0 fnt\n|faint|p2a: Mirror Master\n|\n|-weather|none\n|upkeep\n|\n|t:|1699852494\n|switch|p2a: Heatwave|Iron Moth, shiny|100\/100\n|turn|6\n|\n|t:|1699852502\n|move|p1a: Iron Moth|Fiery Dance|p2a: Heatwave\n|-resisted|p2a: Heatwave\n|-damage|p2a: Heatwave|89\/100\n|move|p2a: Heatwave|Sludge Wave|p1a: Iron Moth\n|-resisted|p1a: Iron Moth\n|-activate|p1a: Iron Moth|move: Substitute|[damage]\n|\n|upkeep\n|turn|7\n|\n|t:|1699852509\n|move|p1a: Iron Moth|Fiery Dance|p2a: Heatwave\n|-resisted|p2a: Heatwave\n|-damage|p2a: Heatwave|79\/100\n|move|p2a: Heatwave|Fiery Dance|p1a: Iron Moth\n|-resisted|p1a: Iron Moth\n|-end|p1a: Iron Moth|Substitute\n|-boost|p2a: Heatwave|spa|1\n|\n|upkeep\n|turn|8\n|c|\u2606Smackey_5|thats wild\n|c|\u2606superiax|lol unlucky\n|\n|t:|1699852527\n|-end|p1a: Iron Moth|Quark Drive|[silent]\n|switch|p1a: Torkoal|Torkoal, M|100\/100\n|-activate|p1a: Torkoal|move: Sticky Web\n|-unboost|p1a: Torkoal|spe|1\n|-weather|SunnyDay|[from] ability: Drought|[of] p1a: Torkoal\n|move|p2a: Heatwave|Sludge Wave|p1a: Torkoal\n|-damage|p1a: Torkoal|17\/100\n|-status|p1a: Torkoal|psn\n|\n|-weather|SunnyDay|[upkeep]\n|-damage|p1a: Torkoal|5\/100 psn|[from] psn\n|upkeep\n|turn|9\n|\n|t:|1699852537\n|move|p2a: Heatwave|Fiery Dance|p1a: Torkoal\n|-resisted|p1a: Torkoal\n|-damage|p1a: Torkoal|0 fnt\n|faint|p1a: Torkoal\n|\n|-weather|SunnyDay|[upkeep]\n|-sideend|p2: superiax|move: Aurora Veil\n|upkeep\n|\n|t:|1699852548\n|switch|p1a: Great Tusk|Great Tusk|100\/100\n|-activate|p1a: Great Tusk|move: Sticky Web\n|-unboost|p1a: Great Tusk|spe|1\n|-activate|p1a: Great Tusk|ability: Protosynthesis\n|-start|p1a: Great Tusk|protosynthesisatk\n|turn|10\n|\n|t:|1699852560\n|move|p2a: Heatwave|Energy Ball|p1a: Great Tusk\n|-supereffective|p1a: Great Tusk\n|-damage|p1a: Great Tusk|0 fnt\n|faint|p1a: Great Tusk\n|-end|p1a: Great Tusk|Protosynthesis|[silent]\n|\n|-weather|SunnyDay|[upkeep]\n|upkeep\n|\n|t:|1699852567\n|switch|p1a: Walking Wake|Walking Wake|100\/100\n|-activate|p1a: Walking Wake|move: Sticky Web\n|-unboost|p1a: Walking Wake|spe|1\n|-activate|p1a: Walking Wake|ability: Protosynthesis\n|-start|p1a: Walking Wake|protosynthesisspa\n|turn|11\n|\n|t:|1699852576\n|-terastallize|p2a: Heatwave|Grass\n|move|p2a: Heatwave|Dazzling Gleam|p1a: Walking Wake\n|-supereffective|p1a: Walking Wake\n|-damage|p1a: Walking Wake|0 fnt\n|faint|p1a: Walking Wake\n|-end|p1a: Walking Wake|Protosynthesis|[silent]\n|\n|-weather|SunnyDay|[upkeep]\n|upkeep\n|-message|Smackey_5 forfeited.\n|\n|win|superiax\n|raw|Smackey_5's rating: 1399 &rarr; <strong>1377<\/strong><br \/>(-22 for losing)\n|raw|superiax's rating: 1356 &rarr; <strong>1378<\/strong><br \/>(+22 for winning)\n|l|\u2606Smackey_5\n","uploadtime":1699852587,"views":8,"p1id":"smackey5","p2id":"superiax","formatid":"gen9ou","rating":1377,"private":0,"password":""}