{"id":"gen9ou-1988966317","p1":"life wont change","p2":"ms americana","format":"[Gen 9] OU","log":"|j|\u2606life wont change\n|j|\u2606ms americana\n|inactive|Battle timer is ON: inactive players will automatically lose when time's up.\n|t:|1699795769\n|gametype|singles\n|player|p1|life wont change|anabel|\n|player|p2|ms americana|fantina|\n|teamsize|p1|6\n|teamsize|p2|6\n|gen|9\n|tier|[Gen 9] OU\n|rated|Tournament battle\n|rule|Sleep Clause Mod: Limit one foe put to sleep\n|rule|Species Clause: Limit one of each Pok\u00e9mon\n|rule|OHKO Clause: OHKO moves are banned\n|rule|Evasion Items Clause: Evasion items are banned\n|rule|Evasion Moves Clause: Evasion moves are banned\n|rule|Endless Battle Clause: Forcing endless battles is banned\n|rule|HP Percentage Mod: HP is shown in percentages\n|clearpoke\n|poke|p1|Ting-Lu|\n|poke|p1|Gholdengo|\n|poke|p1|Zapdos|\n|poke|p1|Great Tusk|\n|poke|p1|Dragapult, M|\n|poke|p1|Kingambit, M|\n|poke|p2|Kommo-o, F|\n|poke|p2|Iron Valiant|\n|poke|p2|Samurott-Hisui, M|\n|poke|p2|Ceruledge, F|\n|poke|p2|Dragonite, M|\n|poke|p2|Iron Moth|\n|teampreview\n|inactive|ms americana also wants the timer to be on.\n|c|\u2606ms americana|hf\n|\n|t:|1699795775\n|start\n|switch|p1a: Andrealphus|Zapdos|100\/100\n|switch|p2a: Samurott|Samurott-Hisui, M|100\/100\n|turn|1\n|\n|t:|1699795779\n|move|p1a: Andrealphus|Discharge|p2a: Samurott\n|-supereffective|p2a: Samurott\n|-enditem|p2a: Samurott|Focus Sash\n|-damage|p2a: Samurott|1\/100\n|move|p2a: Samurott|Ceaseless Edge|p1a: Andrealphus\n|-damage|p1a: Andrealphus|61\/100\n|-sidestart|p1: life wont change|Spikes\n|\n|upkeep\n|turn|2\n|\n|t:|1699795786\n|move|p1a: Andrealphus|Roost|p1a: Andrealphus\n|-heal|p1a: Andrealphus|100\/100\n|-singleturn|p1a: Andrealphus|move: Roost\n|move|p2a: Samurott|Razor Shell|p1a: Andrealphus\n|-damage|p1a: Andrealphus|56\/100\n|-unboost|p1a: Andrealphus|def|1\n|\n|upkeep\n|turn|3\n|\n|t:|1699795790\n|move|p1a: Andrealphus|Roost|p1a: Andrealphus\n|-heal|p1a: Andrealphus|100\/100\n|-singleturn|p1a: Andrealphus|move: Roost\n|move|p2a: Samurott|Razor Shell|p1a: Andrealphus\n|-damage|p1a: Andrealphus|28\/100\n|-status|p2a: Samurott|par|[from] ability: Static|[of] p1a: Andrealphus\n|\n|upkeep\n|turn|4\n|\n|t:|1699795796\n|switch|p1a: Behemoth|Great Tusk|100\/100\n|-damage|p1a: Behemoth|88\/100|[from] Spikes\n|cant|p2a: Samurott|par\n|\n|-heal|p1a: Behemoth|94\/100|[from] item: Leftovers\n|upkeep\n|turn|5\n|\n|t:|1699795808\n|move|p1a: Behemoth|Stealth Rock|p2a: Samurott\n|-sidestart|p2: ms americana|move: Stealth Rock\n|cant|p2a: Samurott|par\n|\n|-heal|p1a: Behemoth|100\/100|[from] item: Leftovers\n|upkeep\n|turn|6\n|j| Weather_Agent67\n|\n|t:|1699795813\n|move|p1a: Behemoth|Rapid Spin|p2a: Samurott\n|-damage|p2a: Samurott|0 fnt\n|-boost|p1a: Behemoth|spe|1\n|-sideend|p1: life wont change|Spikes|[from] move: Rapid Spin|[of] p1a: Behemoth\n|faint|p2a: Samurott\n|\n|upkeep\n|\n|t:|1699795817\n|switch|p2a: Iron Valiant|Iron Valiant|100\/100\n|-damage|p2a: Iron Valiant|94\/100|[from] Stealth Rock\n|-enditem|p2a: Iron Valiant|Booster Energy\n|-activate|p2a: Iron Valiant|ability: Quark Drive|[fromitem]\n|-start|p2a: Iron Valiant|quarkdrivespe\n|turn|7\n|\n|t:|1699795838\n|-end|p1a: Behemoth|Protosynthesis|[silent]\n|switch|p1a: Mammon|Gholdengo|100\/100\n|-item|p1a: Mammon|Air Balloon\n|move|p2a: Iron Valiant|Moonblast|p1a: Mammon\n|-resisted|p1a: Mammon\n|-crit|p1a: Mammon\n|-damage|p1a: Mammon|68\/100\n|-enditem|p1a: Mammon|Air Balloon\n|\n|upkeep\n|turn|8\n|\n|t:|1699795845\n|-end|p2a: Iron Valiant|Quark Drive|[silent]\n|switch|p2a: Ceruledge|Ceruledge, F|100\/100\n|-damage|p2a: Ceruledge|76\/100|[from] Stealth Rock\n|move|p1a: Mammon|Make It Rain|p2a: Ceruledge\n|-resisted|p2a: Ceruledge\n|-damage|p2a: Ceruledge|44\/100\n|-unboost|p1a: Mammon|spa|1\n|\n|upkeep\n|turn|9\n|\n|t:|1699795850\n|switch|p1a: Behemoth|Great Tusk|100\/100\n|move|p2a: Ceruledge|Bitter Blade|p1a: Behemoth\n|-damage|p1a: Behemoth|69\/100\n|-heal|p2a: Ceruledge|68\/100|[from] drain|[of] p1a: Behemoth\n|\n|-heal|p1a: Behemoth|76\/100|[from] item: Leftovers\n|upkeep\n|turn|10\n|\n|t:|1699795859\n|move|p1a: Behemoth|Knock Off|p2a: Ceruledge\n|-supereffective|p2a: Ceruledge\n|-damage|p2a: Ceruledge|0 fnt\n|-enditem|p2a: Ceruledge|Focus Sash|[from] move: Knock Off|[of] p1a: Behemoth\n|faint|p2a: Ceruledge\n|\n|-heal|p1a: Behemoth|82\/100|[from] item: Leftovers\n|upkeep\n|\n|t:|1699795863\n|switch|p2a: Iron Valiant|Iron Valiant|94\/100\n|-damage|p2a: Iron Valiant|88\/100|[from] Stealth Rock\n|turn|11\n|\n|t:|1699795871\n|move|p2a: Iron Valiant|Moonblast|p1a: Behemoth\n|-supereffective|p1a: Behemoth\n|-damage|p1a: Behemoth|0 fnt\n|faint|p1a: Behemoth\n|-end|p1a: Behemoth|Protosynthesis|[silent]\n|\n|upkeep\n|j| Tetraduck\n|\n|t:|1699795878\n|switch|p1a: Mammon|Gholdengo|68\/100\n|turn|12\n|l| Tetraduck\n|\n|t:|1699795886\n|-end|p2a: Iron Valiant|Quark Drive|[silent]\n|switch|p2a: Iron Moth|Iron Moth|100\/100\n|-damage|p2a: Iron Moth|76\/100|[from] Stealth Rock\n|-enditem|p2a: Iron Moth|Booster Energy\n|-activate|p2a: Iron Moth|ability: Quark Drive|[fromitem]\n|-start|p2a: Iron Moth|quarkdrivespe\n|move|p1a: Mammon|Shadow Ball|p2a: Iron Moth\n|-damage|p2a: Iron Moth|40\/100\n|\n|upkeep\n|turn|13\n|\n|t:|1699795889\n|switch|p1a: Lucifer|Ting-Lu|100\/100\n|-ability|p1a: Lucifer|Vessel of Ruin\n|move|p2a: Iron Moth|Energy Ball|p1a: Lucifer\n|-supereffective|p1a: Lucifer\n|-damage|p1a: Lucifer|75\/100\n|\n|-heal|p1a: Lucifer|81\/100|[from] item: Leftovers\n|upkeep\n|turn|14\n|\n|t:|1699795896\n|move|p2a: Iron Moth|Energy Ball|p1a: Lucifer\n|-supereffective|p1a: Lucifer\n|-damage|p1a: Lucifer|56\/100\n|move|p1a: Lucifer|Earthquake|p2a: Iron Moth\n|-supereffective|p2a: Iron Moth\n|-damage|p2a: Iron Moth|0 fnt\n|faint|p2a: Iron Moth\n|-end|p2a: Iron Moth|Quark Drive|[silent]\n|\n|-heal|p1a: Lucifer|62\/100|[from] item: Leftovers\n|upkeep\n|\n|t:|1699795898\n|switch|p2a: Iron Valiant|Iron Valiant|88\/100\n|-damage|p2a: Iron Valiant|82\/100|[from] Stealth Rock\n|turn|15\n|\n|t:|1699795911\n|switch|p1a: Andrealphus|Zapdos|28\/100\n|move|p2a: Iron Valiant|Moonblast|p1a: Andrealphus\n|-damage|p1a: Andrealphus|0 fnt\n|faint|p1a: Andrealphus\n|\n|upkeep\n|\n|t:|1699795913\n|switch|p1a: Mammon|Gholdengo|68\/100\n|turn|16\n|\n|t:|1699795917\n|move|p2a: Iron Valiant|Knock Off|p1a: Mammon\n|-supereffective|p1a: Mammon\n|-damage|p1a: Mammon|39\/100\n|move|p1a: Mammon|Shadow Ball|p2a: Iron Valiant\n|-damage|p2a: Iron Valiant|15\/100\n|\n|upkeep\n|turn|17\n|\n|t:|1699795921\n|move|p2a: Iron Valiant|Knock Off|p1a: Mammon\n|-supereffective|p1a: Mammon\n|-damage|p1a: Mammon|12\/100\n|move|p1a: Mammon|Recover|p1a: Mammon\n|-heal|p1a: Mammon|62\/100\n|\n|upkeep\n|turn|18\n|\n|t:|1699795927\n|move|p2a: Iron Valiant|Knock Off|p1a: Mammon\n|-supereffective|p1a: Mammon\n|-crit|p1a: Mammon\n|-damage|p1a: Mammon|24\/100\n|move|p1a: Mammon|Nasty Plot|p1a: Mammon\n|-boost|p1a: Mammon|spa|2\n|\n|upkeep\n|turn|19\n|c|\u2606ms americana|mb\n|\n|t:|1699795937\n|move|p2a: Iron Valiant|Knock Off|p1a: Mammon\n|-supereffective|p1a: Mammon\n|-damage|p1a: Mammon|0 fnt\n|faint|p1a: Mammon\n|\n|upkeep\n|\n|t:|1699795939\n|switch|p1a: Astaroth|Dragapult, M|100\/100\n|turn|20\n|\n|t:|1699795943\n|move|p1a: Astaroth|Hex|p2a: Iron Valiant\n|-crit|p2a: Iron Valiant\n|-damage|p2a: Iron Valiant|0 fnt\n|faint|p2a: Iron Valiant\n|-end|p2a: Iron Valiant|Quark Drive|[silent]\n|\n|upkeep\n|j| sandro20\n|\n|t:|1699795945\n|switch|p2a: Dragonite|Dragonite, M|100\/100\n|turn|21\n|\n|t:|1699795947\n|move|p1a: Astaroth|Will-O-Wisp|p2a: Dragonite\n|-status|p2a: Dragonite|brn\n|move|p2a: Dragonite|Ice Spinner|p1a: Astaroth\n|-supereffective|p1a: Astaroth\n|-damage|p1a: Astaroth|57\/100\n|\n|-damage|p2a: Dragonite|94\/100 brn|[from] brn\n|upkeep\n|turn|22\n|\n|t:|1699795954\n|move|p1a: Astaroth|U-turn|p2a: Dragonite\n|-resisted|p2a: Dragonite\n|-damage|p2a: Dragonite|85\/100 brn\n|\n|t:|1699795956\n|switch|p1a: Lucifer|Ting-Lu|62\/100|[from] U-turn\n|-ability|p1a: Lucifer|Vessel of Ruin\n|move|p2a: Dragonite|Ice Spinner|p1a: Lucifer\n|-supereffective|p1a: Lucifer\n|-damage|p1a: Lucifer|44\/100\n|\n|-heal|p1a: Lucifer|51\/100|[from] item: Leftovers\n|-damage|p2a: Dragonite|79\/100 brn|[from] brn\n|upkeep\n|turn|23\n|\n|t:|1699795959\n|move|p2a: Dragonite|Ice Spinner|p1a: Lucifer\n|-supereffective|p1a: Lucifer\n|-damage|p1a: Lucifer|32\/100\n|move|p1a: Lucifer|Whirlwind|p2a: Dragonite\n|drag|p2a: Kommo-o|Kommo-o, F|100\/100\n|-damage|p2a: Kommo-o|94\/100|[from] Stealth Rock\n|\n|-heal|p1a: Lucifer|39\/100|[from] item: Leftovers\n|upkeep\n|turn|24\n|\n|t:|1699795965\n|switch|p2a: Dragonite|Dragonite, M|79\/100 brn\n|move|p1a: Lucifer|Whirlwind|p2a: Dragonite\n|drag|p2a: Kommo-o|Kommo-o, F|94\/100\n|-damage|p2a: Kommo-o|88\/100|[from] Stealth Rock\n|\n|-heal|p1a: Lucifer|45\/100|[from] item: Leftovers\n|upkeep\n|turn|25\n|\n|t:|1699795968\n|move|p2a: Kommo-o|Flamethrower|p1a: Lucifer\n|-damage|p1a: Lucifer|35\/100\n|move|p1a: Lucifer|Ruination|p2a: Kommo-o\n|-damage|p2a: Kommo-o|44\/100\n|\n|-heal|p1a: Lucifer|41\/100|[from] item: Leftovers\n|upkeep\n|turn|26\n|\n|t:|1699795972\n|move|p2a: Kommo-o|Flamethrower|p1a: Lucifer\n|-damage|p1a: Lucifer|31\/100\n|move|p1a: Lucifer|Whirlwind|p2a: Kommo-o\n|drag|p2a: Dragonite|Dragonite, M|79\/100 brn\n|\n|-heal|p1a: Lucifer|37\/100|[from] item: Leftovers\n|-damage|p2a: Dragonite|73\/100 brn|[from] brn\n|upkeep\n|turn|27\n|\n|t:|1699795975\n|move|p2a: Dragonite|Ice Spinner|p1a: Lucifer\n|-supereffective|p1a: Lucifer\n|-damage|p1a: Lucifer|19\/100\n|move|p1a: Lucifer|Spikes|p2a: Dragonite\n|-sidestart|p2: ms americana|Spikes\n|\n|-heal|p1a: Lucifer|25\/100|[from] item: Leftovers\n|-damage|p2a: Dragonite|66\/100 brn|[from] brn\n|upkeep\n|turn|28\n|\n|t:|1699795979\n|move|p2a: Dragonite|Ice Spinner|p1a: Lucifer\n|-supereffective|p1a: Lucifer\n|-damage|p1a: Lucifer|8\/100\n|move|p1a: Lucifer|Spikes|p2a: Dragonite\n|-sidestart|p2: ms americana|Spikes\n|\n|-heal|p1a: Lucifer|14\/100|[from] item: Leftovers\n|-damage|p2a: Dragonite|60\/100 brn|[from] brn\n|upkeep\n|turn|29\n|\n|t:|1699795982\n|move|p2a: Dragonite|Ice Spinner|p1a: Lucifer\n|-supereffective|p1a: Lucifer\n|-damage|p1a: Lucifer|0 fnt\n|faint|p1a: Lucifer\n|\n|-damage|p2a: Dragonite|54\/100 brn|[from] brn\n|upkeep\n|\n|t:|1699795984\n|switch|p1a: Astaroth|Dragapult, M|57\/100\n|turn|30\n|\n|t:|1699795986\n|move|p1a: Astaroth|Draco Meteor|p2a: Dragonite\n|-supereffective|p2a: Dragonite\n|-damage|p2a: Dragonite|0 fnt\n|-unboost|p1a: Astaroth|spa|2\n|faint|p2a: Dragonite\n|\n|upkeep\n|\n|t:|1699795987\n|switch|p2a: Kommo-o|Kommo-o, F|44\/100\n|-damage|p2a: Kommo-o|38\/100|[from] Stealth Rock\n|-damage|p2a: Kommo-o|22\/100|[from] Spikes\n|turn|31\n|\n|t:|1699795992\n|-terastallize|p2a: Kommo-o|Normal\n|move|p1a: Astaroth|Hex|p2a: Kommo-o\n|-immune|p2a: Kommo-o\n|move|p2a: Kommo-o|Clanging Scales|p1a: Astaroth\n|-supereffective|p1a: Astaroth\n|-damage|p1a: Astaroth|0 fnt\n|faint|p1a: Astaroth\n|-unboost|p2a: Kommo-o|def|1\n|-enditem|p2a: Kommo-o|Throat Spray\n|-boost|p2a: Kommo-o|spa|1|[from] item: Throat Spray\n|\n|upkeep\n|\n|t:|1699795996\n|switch|p1a: Azazel|Kingambit, M|100\/100\n|-activate|p1a: Azazel|ability: Supreme Overlord\n|-start|p1a: Azazel|fallen5|[silent]\n|turn|32\n|\n|t:|1699795999\n|-terastallize|p1a: Azazel|Flying\n|move|p2a: Kommo-o|Clangorous Soul||[still]\n|-fail|p2a: Kommo-o\n|move|p1a: Azazel|Kowtow Cleave|p2a: Kommo-o\n|-damage|p2a: Kommo-o|0 fnt\n|faint|p2a: Kommo-o\n|\n|win|life wont change\n|n|\u2606life wont change|lifewontchange\n|n|\u2606ms americana|msamericana\n|n| Weather_Agent67|weatheragent67\n|n| sandro20|sandro20\n","uploadtime":1699796000,"views":10,"p1id":"lifewontchange","p2id":"msamericana","formatid":"gen9ou","rating":0,"private":0,"password":""}