{"id":"gen9ou-1990607709","p1":"iluvmisato","p2":"RUMYMOME","format":"[Gen 9] OU","log":"|j|\u2606iluvmisato\n|j|\u2606RUMYMOME\n|inactive|Battle timer is ON: inactive players will automatically lose when time's up.\n|t:|1699985317\n|gametype|singles\n|player|p1|iluvmisato|hilda-masters3|\n|player|p2|RUMYMOME|marshal|\n|teamsize|p1|6\n|teamsize|p2|6\n|gen|9\n|tier|[Gen 9] OU\n|rated|Tournament battle\n|rule|Sleep Clause Mod: Limit one foe put to sleep\n|rule|Species Clause: Limit one of each Pok\u00e9mon\n|rule|OHKO Clause: OHKO moves are banned\n|rule|Evasion Items Clause: Evasion items are banned\n|rule|Evasion Moves Clause: Evasion moves are banned\n|rule|Endless Battle Clause: Forcing endless battles is banned\n|rule|HP Percentage Mod: HP is shown in percentages\n|rule|Terastal Clause: You cannot Terastallize\n|clearpoke\n|poke|p1|Rillaboom, M|\n|poke|p1|Iron Valiant|\n|poke|p1|Ursaluna, M|\n|poke|p1|Sneasler, F|\n|poke|p1|Heatran, M|\n|poke|p1|Hatterene, F|\n|poke|p2|Torterra, M|\n|poke|p2|Walking Wake|\n|poke|p2|Torkoal, M|\n|poke|p2|Dragonite, F|\n|poke|p2|Hoopa-Unbound|\n|poke|p2|Glimmora, F|\n|teampreview\n|j|*Lady Monita \u2746\n|inactive|iluvmisato also wants the timer to be on.\n|inactive|RUMYMOME has 120 seconds left.\n|inactive|RUMYMOME has 90 seconds left.\n|\n|t:|1699985379\n|start\n|switch|p1a: Ursaluna|Ursaluna, M|100\/100\n|switch|p2a: Glimmora|Glimmora, F|100\/100\n|turn|1\n|inactive|iluvmisato has 120 seconds left.\n|\n|t:|1699985414\n|switch|p2a: Dragonite|Dragonite, F|100\/100\n|move|p1a: Ursaluna|Headlong Rush|p2a: Dragonite\n|-immune|p2a: Dragonite\n|\n|-status|p1a: Ursaluna|brn|[from] item: Flame Orb\n|upkeep\n|turn|2\n|\n|t:|1699985420\n|move|p2a: Dragonite|Dragon Dance|p2a: Dragonite\n|-boost|p2a: Dragonite|atk|1\n|-boost|p2a: Dragonite|spe|1\n|move|p1a: Ursaluna|Ice Punch|p2a: Dragonite\n|-supereffective|p2a: Dragonite\n|-damage|p2a: Dragonite|0 fnt\n|faint|p2a: Dragonite\n|\n|-damage|p1a: Ursaluna|94\/100 brn|[from] brn\n|upkeep\n|\n|t:|1699985426\n|switch|p2a: Torterra|Torterra, M|100\/100\n|turn|3\n|\n|t:|1699985433\n|move|p2a: Torterra|Bullet Seed|p1a: Ursaluna\n|-supereffective|p1a: Ursaluna\n|-damage|p1a: Ursaluna|77\/100 brn\n|-supereffective|p1a: Ursaluna\n|-damage|p1a: Ursaluna|58\/100 brn\n|-supereffective|p1a: Ursaluna\n|-crit|p1a: Ursaluna\n|-damage|p1a: Ursaluna|31\/100 brn\n|-supereffective|p1a: Ursaluna\n|-damage|p1a: Ursaluna|11\/100 brn\n|-supereffective|p1a: Ursaluna\n|-damage|p1a: Ursaluna|0 fnt\n|faint|p1a: Ursaluna\n|-hitcount|p1: Ursaluna|5\n|\n|upkeep\n|c|\u2606iluvmisato|naur the crit\n|\n|t:|1699985448\n|switch|p1a: Heatran|Heatran, M|100\/100\n|-item|p1a: Heatran|Air Balloon\n|turn|4\n|\n|t:|1699985452\n|move|p1a: Heatran|Magma Storm|p2a: Torterra\n|-supereffective|p2a: Torterra\n|-damage|p2a: Torterra|0 fnt\n|faint|p2a: Torterra\n|\n|upkeep\n|\n|t:|1699985466\n|switch|p2a: Hoopa|Hoopa-Unbound|100\/100\n|turn|5\n|\n|t:|1699985477\n|move|p2a: Hoopa|Drain Punch|p1a: Heatran\n|-supereffective|p1a: Heatran\n|-damage|p1a: Heatran|44\/100\n|-enditem|p1a: Heatran|Air Balloon\n|move|p1a: Heatran|Magma Storm|p2a: Hoopa|[miss]\n|-miss|p1a: Heatran|p2a: Hoopa\n|\n|upkeep\n|turn|6\n|\n|t:|1699985486\n|switch|p1a: Iron Valiant|Iron Valiant|100\/100\n|-enditem|p1a: Iron Valiant|Booster Energy\n|-activate|p1a: Iron Valiant|ability: Quark Drive|[fromitem]\n|-start|p1a: Iron Valiant|quarkdrivespa\n|move|p2a: Hoopa|Drain Punch|p1a: Iron Valiant\n|-resisted|p1a: Iron Valiant\n|-damage|p1a: Iron Valiant|80\/100\n|\n|upkeep\n|turn|7\n|\n|t:|1699985495\n|switch|p2a: Torkoal|Torkoal, M|100\/100\n|-weather|SunnyDay|[from] ability: Drought|[of] p2a: Torkoal\n|move|p1a: Iron Valiant|Moonblast|p2a: Torkoal\n|-resisted|p2a: Torkoal\n|-damage|p2a: Torkoal|48\/100\n|\n|-weather|SunnyDay|[upkeep]\n|upkeep\n|turn|8\n|\n|t:|1699985500\n|move|p1a: Iron Valiant|Moonblast|p2a: Torkoal\n|-resisted|p2a: Torkoal\n|-damage|p2a: Torkoal|0 fnt\n|faint|p2a: Torkoal\n|\n|-weather|SunnyDay|[upkeep]\n|upkeep\n|\n|t:|1699985503\n|switch|p2a: Walking Wake|Walking Wake|100\/100\n|-activate|p2a: Walking Wake|ability: Protosynthesis\n|-start|p2a: Walking Wake|protosynthesisspe\n|turn|9\n|\n|t:|1699985508\n|-end|p1a: Iron Valiant|Quark Drive|[silent]\n|switch|p1a: Rillaboom|Rillaboom, M|100\/100\n|-fieldstart|move: Grassy Terrain|[from] ability: Grassy Surge|[of] p1a: Rillaboom\n|move|p2a: Walking Wake|Hydro Steam|p1a: Rillaboom\n|-resisted|p1a: Rillaboom\n|-damage|p1a: Rillaboom|70\/100\n|-damage|p2a: Walking Wake|91\/100|[from] item: Life Orb\n|\n|-weather|SunnyDay|[upkeep]\n|-heal|p2a: Walking Wake|97\/100|[from] Grassy Terrain\n|-heal|p1a: Rillaboom|76\/100|[from] Grassy Terrain\n|upkeep\n|turn|10\n|\n|t:|1699985511\n|move|p1a: Rillaboom|Grassy Glide|p2a: Walking Wake\n|-damage|p2a: Walking Wake|54\/100\n|move|p2a: Walking Wake|Flamethrower|p1a: Rillaboom\n|-supereffective|p1a: Rillaboom\n|-damage|p1a: Rillaboom|0 fnt\n|faint|p1a: Rillaboom\n|-damage|p2a: Walking Wake|44\/100|[from] item: Life Orb\n|\n|-weather|SunnyDay|[upkeep]\n|-heal|p2a: Walking Wake|50\/100|[from] Grassy Terrain\n|upkeep\n|\n|t:|1699985520\n|switch|p1a: Sneasler|Sneasler, F|100\/100\n|-enditem|p1a: Sneasler|Grassy Seed\n|-boost|p1a: Sneasler|def|1|[from] item: Grassy Seed\n|turn|11\n|\n|t:|1699985526\n|move|p1a: Sneasler|Low Kick|p2a: Walking Wake\n|-damage|p2a: Walking Wake|0 fnt\n|faint|p2a: Walking Wake\n|-end|p2a: Walking Wake|Protosynthesis|[silent]\n|\n|-weather|SunnyDay|[upkeep]\n|upkeep\n|\n|t:|1699985529\n|switch|p2a: Glimmora|Glimmora, F|100\/100\n|turn|12\n|\n|t:|1699985538\n|move|p1a: Sneasler|Low Kick|p2a: Glimmora\n|-damage|p2a: Glimmora|58\/100\n|-activate|p2a: Glimmora|ability: Toxic Debris\n|-sidestart|p1: iluvmisato|move: Toxic Spikes\n|move|p2a: Glimmora|Earth Power|p1a: Sneasler\n|-supereffective|p1a: Sneasler\n|-damage|p1a: Sneasler|27\/100\n|\n|-weather|SunnyDay|[upkeep]\n|-heal|p1a: Sneasler|33\/100|[from] Grassy Terrain\n|-heal|p2a: Glimmora|64\/100|[from] Grassy Terrain\n|upkeep\n|turn|13\n|\n|t:|1699985541\n|move|p1a: Sneasler|Dire Claw|p2a: Glimmora\n|-resisted|p2a: Glimmora\n|-damage|p2a: Glimmora|49\/100\n|-status|p2a: Glimmora|slp\n|-activate|p2a: Glimmora|ability: Toxic Debris\n|-sidestart|p1: iluvmisato|move: Toxic Spikes\n|cant|p2a: Glimmora|slp\n|\n|-weather|SunnyDay|[upkeep]\n|-heal|p1a: Sneasler|40\/100|[from] Grassy Terrain\n|-heal|p2a: Glimmora|56\/100 slp|[from] Grassy Terrain\n|-fieldend|move: Grassy Terrain\n|upkeep\n|turn|14\n|\n|t:|1699985560\n|move|p1a: Sneasler|Low Kick|p2a: Glimmora\n|-damage|p2a: Glimmora|11\/100 slp\n|cant|p2a: Glimmora|slp\n|\n|-weather|none\n|upkeep\n|turn|15\n|\n|t:|1699985564\n|move|p1a: Sneasler|Dire Claw|p2a: Glimmora\n|-resisted|p2a: Glimmora\n|-damage|p2a: Glimmora|0 fnt\n|faint|p2a: Glimmora\n|\n|upkeep\n|\n|t:|1699985565\n|switch|p2a: Hoopa|Hoopa-Unbound|100\/100\n|turn|16\n|\n|t:|1699985568\n|move|p1a: Sneasler|Low Kick|p2a: Hoopa\n|-damage|p2a: Hoopa|0 fnt\n|faint|p2a: Hoopa\n|\n|win|iluvmisato\n|n|\u2606iluvmisato|iluvmisato\n|n|\u2606RUMYMOME|rumymome\n|n|*Lady Monita \u2746|ladymonita\n","uploadtime":1699985569,"views":6,"p1id":"iluvmisato","p2id":"rumymome","formatid":"gen9ou","rating":0,"private":0,"password":""}