{"id":"gen9ou-1993218789","p1":"buttrees","p2":"Kuzwa","format":"[Gen 9] OU","log":"|j|\u2606buttrees\n|j|\u2606Kuzwa\n|t:|1700279623\n|gametype|singles\n|player|p1|buttrees|hiker-gen4|1123\n|player|p2|Kuzwa|kieran-festival|1207\n|teamsize|p1|6\n|teamsize|p2|6\n|gen|9\n|tier|[Gen 9] OU\n|rated|\n|rule|Sleep Clause Mod: Limit one foe put to sleep\n|rule|Species Clause: Limit one of each Pok\u00e9mon\n|rule|OHKO Clause: OHKO moves are banned\n|rule|Evasion Items Clause: Evasion items are banned\n|rule|Evasion Moves Clause: Evasion moves are banned\n|rule|Endless Battle Clause: Forcing endless battles is banned\n|rule|HP Percentage Mod: HP is shown in percentages\n|clearpoke\n|poke|p1|Kleavor, F|\n|poke|p1|Garchomp, F|\n|poke|p1|Heatran, M|\n|poke|p1|Okidogi, M|\n|poke|p1|Mandibuzz, F|\n|poke|p1|Glimmora, M|\n|poke|p2|Greninja-*, M|\n|poke|p2|Sinistcha-Masterpiece|\n|poke|p2|Gallade, M|\n|poke|p2|Weavile, F|\n|poke|p2|Hydreigon, M|\n|poke|p2|Glimmora, M|\n|teampreview\n|\n|t:|1700279627\n|start\n|switch|p1a: Kleavor|Kleavor, F|100\/100\n|switch|p2a: thing|Glimmora, M, shiny|100\/100\n|-item|p2a: thing|Air Balloon\n|turn|1\n|\n|t:|1700279640\n|move|p1a: Kleavor|U-turn|p2a: thing\n|-resisted|p2a: thing\n|-damage|p2a: thing|77\/100\n|-activate|p2a: thing|ability: Toxic Debris\n|-sidestart|p1: buttrees|move: Toxic Spikes\n|-enditem|p2a: thing|Air Balloon\n|\n|t:|1700279651\n|switch|p1a: Okidogi|Okidogi, M|100\/100|[from] U-turn\n|-sideend|p1: buttrees|move: Toxic Spikes|[of] p1a: Okidogi\n|move|p2a: thing|Power Gem|p1a: Okidogi\n|-resisted|p1a: Okidogi\n|-damage|p1a: Okidogi|79\/100\n|\n|upkeep\n|turn|2\n|\n|t:|1700279659\n|move|p2a: thing|Power Gem|p1a: Okidogi\n|-resisted|p1a: Okidogi\n|-damage|p1a: Okidogi|56\/100\n|move|p1a: Okidogi|Bulk Up|p1a: Okidogi\n|-boost|p1a: Okidogi|atk|1\n|-boost|p1a: Okidogi|def|1\n|\n|upkeep\n|turn|3\n|\n|t:|1700279670\n|switch|p2a: Ken Amada|Sinistcha-Masterpiece|100\/100\n|move|p1a: Okidogi|Drain Punch|p2a: Ken Amada\n|-immune|p2a: Ken Amada\n|\n|upkeep\n|turn|4\n|\n|t:|1700279673\n|move|p1a: Okidogi|Knock Off|p2a: Ken Amada\n|-supereffective|p2a: Ken Amada\n|-damage|p2a: Ken Amada|24\/100\n|-enditem|p2a: Ken Amada|Heavy-Duty Boots|[from] move: Knock Off|[of] p1a: Okidogi\n|move|p2a: Ken Amada|Scald|p1a: Okidogi\n|-damage|p1a: Okidogi|24\/100\n|\n|upkeep\n|turn|5\n|\n|t:|1700279683\n|move|p1a: Okidogi|Knock Off|p2a: Ken Amada\n|-supereffective|p2a: Ken Amada\n|-damage|p2a: Ken Amada|0 fnt\n|faint|p2a: Ken Amada\n|\n|upkeep\n|\n|t:|1700279687\n|switch|p2a: Thanatos|Hydreigon, M|100\/100\n|turn|6\n|\n|t:|1700279695\n|move|p2a: Thanatos|Flash Cannon|p1a: Okidogi\n|-damage|p1a: Okidogi|0 fnt\n|faint|p1a: Okidogi\n|\n|upkeep\n|\n|t:|1700279701\n|switch|p1a: Kleavor|Kleavor, F|100\/100\n|turn|7\n|\n|t:|1700279711\n|switch|p2a: thing|Glimmora, M, shiny|77\/100\n|move|p1a: Kleavor|U-turn|p2a: thing\n|-resisted|p2a: thing\n|-damage|p2a: thing|55\/100\n|-activate|p2a: thing|ability: Toxic Debris\n|-sidestart|p1: buttrees|move: Toxic Spikes\n|\n|t:|1700279718\n|switch|p1a: Glimmora|Glimmora, M|100\/100|[from] U-turn\n|-sideend|p1: buttrees|move: Toxic Spikes|[of] p1a: Glimmora\n|\n|upkeep\n|turn|8\n|\n|t:|1700279726\n|switch|p1a: Kleavor|Kleavor, F|100\/100\n|move|p2a: thing|Earth Power|p1a: Kleavor\n|-damage|p1a: Kleavor|48\/100\n|\n|upkeep\n|turn|9\n|\n|t:|1700279737\n|move|p1a: Kleavor|Stone Axe|p2a: thing\n|-damage|p2a: thing|12\/100\n|-activate|p2a: thing|ability: Toxic Debris\n|-sidestart|p1: buttrees|move: Toxic Spikes\n|-sidestart|p2: Kuzwa|move: Stealth Rock\n|move|p2a: thing|Power Gem|p1a: Kleavor\n|-supereffective|p1a: Kleavor\n|-damage|p1a: Kleavor|0 fnt\n|faint|p1a: Kleavor\n|\n|upkeep\n|\n|t:|1700279752\n|switch|p1a: Mandibuzz|Mandibuzz, F|100\/100\n|turn|10\n|\n|t:|1700279758\n|move|p2a: thing|Mortal Spin|p1a: Mandibuzz\n|-damage|p1a: Mandibuzz|96\/100\n|-status|p1a: Mandibuzz|psn\n|-ability|p1a: Mandibuzz|Weak Armor|boost\n|-unboost|p1a: Mandibuzz|def|1\n|-boost|p1a: Mandibuzz|spe|2\n|-sideend|p2: Kuzwa|Stealth Rock|[from] move: Mortal Spin|[of] p2a: thing\n|move|p1a: Mandibuzz|U-turn|p2a: thing\n|-resisted|p2a: thing\n|-damage|p2a: thing|4\/100\n|-activate|p2a: thing|ability: Toxic Debris\n|-sidestart|p1: buttrees|move: Toxic Spikes\n|\n|t:|1700279769\n|switch|p1a: Glimmora|Glimmora, M|100\/100|[from] U-turn\n|-sideend|p1: buttrees|move: Toxic Spikes|[of] p1a: Glimmora\n|\n|upkeep\n|turn|11\n|\n|t:|1700279777\n|move|p2a: thing|Power Gem|p1a: Glimmora\n|-damage|p1a: Glimmora|48\/100\n|move|p1a: Glimmora|Energy Ball|p2a: thing\n|-damage|p2a: thing|0 fnt\n|faint|p2a: thing\n|\n|upkeep\n|\n|t:|1700279780\n|switch|p2a: Thanatos|Hydreigon, M|100\/100\n|turn|12\n|\n|t:|1700279788\n|move|p2a: Thanatos|Flash Cannon|p1a: Glimmora\n|-supereffective|p1a: Glimmora\n|-damage|p1a: Glimmora|0 fnt\n|faint|p1a: Glimmora\n|\n|upkeep\n|\n|t:|1700279796\n|switch|p1a: Mandibuzz|Mandibuzz, F|96\/100 psn\n|turn|13\n|\n|t:|1700279804\n|move|p2a: Thanatos|Nasty Plot|p2a: Thanatos\n|-boost|p2a: Thanatos|spa|2\n|move|p1a: Mandibuzz|Toxic|p2a: Thanatos\n|-status|p2a: Thanatos|tox\n|\n|-damage|p2a: Thanatos|94\/100 tox|[from] psn\n|-damage|p1a: Mandibuzz|84\/100 psn|[from] psn\n|upkeep\n|turn|14\n|\n|t:|1700279828\n|switch|p1a: Heatran|Heatran, M|100\/100\n|-item|p1a: Heatran|Air Balloon\n|move|p2a: Thanatos|Flash Cannon|p1a: Heatran\n|-resisted|p1a: Heatran\n|-damage|p1a: Heatran|90\/100\n|-unboost|p1a: Heatran|spd|1\n|-enditem|p1a: Heatran|Air Balloon\n|\n|-damage|p2a: Thanatos|82\/100 tox|[from] psn\n|upkeep\n|turn|15\n|\n|t:|1700279843\n|move|p1a: Heatran|Protect|p1a: Heatran\n|-singleturn|p1a: Heatran|Protect\n|move|p2a: Thanatos|Dark Pulse|p1a: Heatran\n|-activate|p1a: Heatran|move: Protect\n|\n|-damage|p2a: Thanatos|64\/100 tox|[from] psn\n|upkeep\n|turn|16\n|\n|t:|1700279850\n|move|p2a: Thanatos|Dark Pulse|p1a: Heatran\n|-damage|p1a: Heatran|4\/100\n|move|p1a: Heatran|Flash Cannon|p2a: Thanatos\n|-damage|p2a: Thanatos|18\/100 tox\n|\n|-damage|p2a: Thanatos|0 fnt|[from] psn\n|faint|p2a: Thanatos\n|upkeep\n|\n|t:|1700279855\n|switch|p2a: Hidetoshi Odagiri|Greninja, M|100\/100\n|turn|17\n|\n|t:|1700279861\n|move|p2a: Hidetoshi Odagiri|Ice Beam|p1a: Heatran\n|-resisted|p1a: Heatran\n|-damage|p1a: Heatran|0 fnt\n|faint|p1a: Heatran\n|-ability|p2a: Hidetoshi Odagiri|Battle Bond|boost\n|-boost|p2a: Hidetoshi Odagiri|atk|1\n|-boost|p2a: Hidetoshi Odagiri|spa|1\n|-boost|p2a: Hidetoshi Odagiri|spe|1\n|-activate|p2a: Hidetoshi Odagiri|ability: Battle Bond\n|\n|upkeep\n|-message|buttrees forfeited.\n|\n|win|Kuzwa\n|raw|buttrees's rating: 1123 &rarr; <strong>1104<\/strong><br \/>(-19 for losing)\n|raw|Kuzwa's rating: 1207 &rarr; <strong>1226<\/strong><br \/>(+19 for winning)\n|l|\u2606buttrees\n","uploadtime":1700279877,"views":16,"p1id":"buttrees","p2id":"kuzwa","formatid":"gen9ou","rating":1104,"private":0,"password":""}