{"id":"gen9ou-1996342380","p1":"Falcon420","p2":"Chaitanya15","format":"[Gen 9] OU","log":"|j|\u2606Falcon420\n|j|\u2606Chaitanya15\n|t:|1700672950\n|gametype|singles\n|player|p1|Falcon420|ghetsis|1151\n|player|p2|Chaitanya15|101|1183\n|teamsize|p1|6\n|teamsize|p2|6\n|gen|9\n|tier|[Gen 9] OU\n|rated|\n|rule|Sleep Clause Mod: Limit one foe put to sleep\n|rule|Species Clause: Limit one of each Pok\u00e9mon\n|rule|OHKO Clause: OHKO moves are banned\n|rule|Evasion Items Clause: Evasion items are banned\n|rule|Evasion Moves Clause: Evasion moves are banned\n|rule|Endless Battle Clause: Forcing endless battles is banned\n|rule|HP Percentage Mod: HP is shown in percentages\n|clearpoke\n|poke|p1|Lokix, F|\n|poke|p1|Skeledirge, F|\n|poke|p1|Rillaboom, F|\n|poke|p1|Cyclizar, F|\n|poke|p1|Infernape, M|\n|poke|p1|Glimmora, M|\n|poke|p2|Dragonite, F|\n|poke|p2|Hatterene, F|\n|poke|p2|Greninja-*, M|\n|poke|p2|Rillaboom, F|\n|poke|p2|Iron Moth|\n|poke|p2|Iron Valiant|\n|teampreview\n|inactive|Battle timer is ON: inactive players will automatically lose when time's up. (requested by Falcon420)\n|c|\u2606Falcon420|Gl\n|\n|t:|1700672960\n|start\n|switch|p1a: Rillaboom|Rillaboom, F|100\/100\n|switch|p2a: Rillaboom|Rillaboom, F|100\/100\n|-fieldstart|move: Grassy Terrain|[from] ability: Grassy Surge|[of] p2a: Rillaboom\n|-enditem|p2a: Rillaboom|Grassy Seed\n|-boost|p2a: Rillaboom|def|1|[from] item: Grassy Seed\n|turn|1\n|c|\u2606Chaitanya15|same to you\n|\n|t:|1700672969\n|switch|p1a: Glimmora|Glimmora, M|100\/100\n|-item|p1a: Glimmora|Air Balloon\n|move|p2a: Rillaboom|Fake Out|p1a: Glimmora\n|-resisted|p1a: Glimmora\n|-damage|p1a: Glimmora|95\/100\n|-activate|p1a: Glimmora|ability: Toxic Debris\n|-sidestart|p2: Chaitanya15|move: Toxic Spikes\n|-enditem|p1a: Glimmora|Air Balloon\n|\n|-heal|p1a: Glimmora|100\/100|[from] Grassy Terrain\n|upkeep\n|turn|2\n|\n|t:|1700672984\n|move|p2a: Rillaboom|Grassy Glide|p1a: Glimmora\n|-damage|p1a: Glimmora|66\/100\n|-activate|p1a: Glimmora|ability: Toxic Debris\n|-sidestart|p2: Chaitanya15|move: Toxic Spikes\n|move|p1a: Glimmora|Sludge Wave|p2a: Rillaboom\n|-supereffective|p2a: Rillaboom\n|-damage|p2a: Rillaboom|0 fnt\n|faint|p2a: Rillaboom\n|\n|-heal|p1a: Glimmora|72\/100|[from] Grassy Terrain\n|upkeep\n|\n|t:|1700672996\n|switch|p2a: Iron Moth|Iron Moth|100\/100\n|-sideend|p2: Chaitanya15|move: Toxic Spikes|[of] p2a: Iron Moth\n|-enditem|p2a: Iron Moth|Booster Energy\n|-activate|p2a: Iron Moth|ability: Quark Drive|[fromitem]\n|-start|p2a: Iron Moth|quarkdrivespa\n|turn|3\n|\n|t:|1700673002\n|-terastallize|p2a: Iron Moth|Ground\n|move|p2a: Iron Moth|Tera Blast|p1a: Glimmora|[anim] Tera Blast Ground\n|-supereffective|p1a: Glimmora\n|-damage|p1a: Glimmora|0 fnt\n|faint|p1a: Glimmora\n|\n|upkeep\n|\n|t:|1700673011\n|switch|p1a: Rillaboom|Rillaboom, F|100\/100\n|turn|4\n|\n|t:|1700673021\n|-end|p2a: Iron Moth|Quark Drive|[silent]\n|switch|p2a: Hatterene|Hatterene, F|100\/100\n|move|p1a: Rillaboom|Grassy Glide|p2a: Hatterene\n|-crit|p2a: Hatterene\n|-damage|p2a: Hatterene|10\/100\n|\n|-heal|p2a: Hatterene|16\/100|[from] Grassy Terrain\n|-heal|p2a: Hatterene|22\/100|[from] item: Leftovers\n|upkeep\n|turn|5\n|\n|t:|1700673031\n|move|p1a: Rillaboom|Grassy Glide|p2a: Hatterene\n|-damage|p2a: Hatterene|0 fnt\n|faint|p2a: Hatterene\n|\n|-fieldend|move: Grassy Terrain\n|upkeep\n|\n|t:|1700673036\n|switch|p2a: Iron Moth|Iron Moth, tera:Ground|100\/100\n|turn|6\n|\n|t:|1700673041\n|switch|p1a: Cyclizar|Cyclizar, F|100\/100\n|move|p2a: Iron Moth|Sludge Wave|p1a: Cyclizar\n|-crit|p1a: Cyclizar\n|-damage|p1a: Cyclizar|0 fnt\n|faint|p1a: Cyclizar\n|\n|upkeep\n|\n|t:|1700673048\n|switch|p1a: Rillaboom|Rillaboom, F|100\/100\n|-fieldstart|move: Grassy Terrain|[from] ability: Grassy Surge|[of] p1a: Rillaboom\n|turn|7\n|\n|t:|1700673054\n|-end|p2a: Iron Moth|Quark Drive|[silent]\n|switch|p2a: Dragonite|Dragonite, F|100\/100\n|-terastallize|p1a: Rillaboom|Grass\n|move|p1a: Rillaboom|Grassy Glide|p2a: Dragonite\n|-resisted|p2a: Dragonite\n|-damage|p2a: Dragonite|90\/100\n|\n|upkeep\n|turn|8\n|\n|t:|1700673063\n|switch|p1a: Skeledirge|Skeledirge, F|100\/100\n|move|p2a: Dragonite|Dragon Dance|p2a: Dragonite\n|-boost|p2a: Dragonite|atk|1\n|-boost|p2a: Dragonite|spe|1\n|\n|upkeep\n|turn|9\n|\n|t:|1700673069\n|move|p2a: Dragonite|Dragon Claw|p1a: Skeledirge\n|-damage|p1a: Skeledirge|63\/100\n|move|p1a: Skeledirge|Yawn|p2a: Dragonite\n|-start|p2a: Dragonite|move: Yawn|[of] p1a: Skeledirge\n|\n|-heal|p1a: Skeledirge|69\/100|[from] Grassy Terrain\n|upkeep\n|turn|10\n|\n|t:|1700673077\n|switch|p2a: Greninja|Greninja, M|100\/100\n|move|p1a: Skeledirge|Torch Song|p2a: Greninja\n|-resisted|p2a: Greninja\n|-damage|p2a: Greninja|77\/100\n|-boost|p1a: Skeledirge|spa|1\n|\n|-heal|p2a: Greninja|83\/100|[from] Grassy Terrain\n|-heal|p1a: Skeledirge|75\/100|[from] Grassy Terrain\n|upkeep\n|turn|11\n|\n|t:|1700673088\n|move|p2a: Greninja|Dark Pulse|p1a: Skeledirge\n|-supereffective|p1a: Skeledirge\n|-damage|p1a: Skeledirge|0 fnt\n|faint|p1a: Skeledirge\n|-ability|p2a: Greninja|Battle Bond|boost\n|-boost|p2a: Greninja|atk|1\n|-boost|p2a: Greninja|spa|1\n|-boost|p2a: Greninja|spe|1\n|-activate|p2a: Greninja|ability: Battle Bond\n|\n|-heal|p2a: Greninja|89\/100|[from] Grassy Terrain\n|-fieldend|move: Grassy Terrain\n|upkeep\n|\n|t:|1700673091\n|switch|p1a: Lokix|Lokix, F|100\/100\n|turn|12\n|\n|t:|1700673101\n|switch|p2a: Iron Moth|Iron Moth, tera:Ground|100\/100\n|move|p1a: Lokix|First Impression|p2a: Iron Moth\n|-damage|p2a: Iron Moth|12\/100\n|-damage|p1a: Lokix|91\/100|[from] item: Life Orb\n|\n|upkeep\n|turn|13\n|\n|t:|1700673110\n|move|p1a: Lokix|Sucker Punch|p2a: Iron Moth\n|-damage|p2a: Iron Moth|0 fnt\n|faint|p2a: Iron Moth\n|-end|p2a: Iron Moth|Quark Drive|[silent]\n|-damage|p1a: Lokix|81\/100|[from] item: Life Orb\n|\n|upkeep\n|\n|t:|1700673116\n|switch|p2a: Iron Valiant|Iron Valiant|100\/100\n|turn|14\n|\n|t:|1700673124\n|switch|p1a: Rillaboom|Rillaboom, F, tera:Grass|100\/100\n|-fieldstart|move: Grassy Terrain|[from] ability: Grassy Surge|[of] p1a: Rillaboom\n|move|p2a: Iron Valiant|Moonblast|p1a: Rillaboom\n|-damage|p1a: Rillaboom|36\/100\n|-damage|p2a: Iron Valiant|91\/100|[from] item: Life Orb\n|\n|-heal|p2a: Iron Valiant|97\/100|[from] Grassy Terrain\n|-heal|p1a: Rillaboom|42\/100|[from] Grassy Terrain\n|upkeep\n|turn|15\n|\n|t:|1700673134\n|move|p1a: Rillaboom|Grassy Glide|p2a: Iron Valiant\n|-damage|p2a: Iron Valiant|2\/100\n|move|p2a: Iron Valiant|Moonblast|p1a: Rillaboom\n|-damage|p1a: Rillaboom|0 fnt\n|faint|p1a: Rillaboom\n|-damage|p2a: Iron Valiant|0 fnt|[from] item: Life Orb\n|faint|p2a: Iron Valiant\n|-end|p2a: Iron Valiant|Quark Drive|[silent]\n|\n|upkeep\n|\n|t:|1700673143\n|switch|p2a: Dragonite|Dragonite, F|90\/100\n|switch|p1a: Infernape|Infernape, M|100\/100\n|turn|16\n|\n|t:|1700673152\n|move|p1a: Infernape|Raging Fury|p2a: Dragonite\n|-resisted|p2a: Dragonite\n|-damage|p2a: Dragonite|44\/100\n|move|p2a: Dragonite|Dragon Claw|p1a: Infernape\n|-damage|p1a: Infernape|28\/100\n|\n|-heal|p1a: Infernape|35\/100|[from] Grassy Terrain\n|upkeep\n|turn|17\n|\n|t:|1700673165\n|move|p1a: Infernape|Raging Fury|p2a: Dragonite|[from]lockedmove\n|-resisted|p2a: Dragonite\n|-damage|p2a: Dragonite|3\/100\n|-start|p1a: Infernape|confusion|[fatigue]\n|move|p2a: Dragonite|Roost|p2a: Dragonite\n|-heal|p2a: Dragonite|53\/100\n|-singleturn|p2a: Dragonite|move: Roost\n|\n|-heal|p1a: Infernape|41\/100|[from] Grassy Terrain\n|-heal|p2a: Dragonite|59\/100|[from] Grassy Terrain\n|upkeep\n|turn|18\n|\n|t:|1700673177\n|move|p2a: Dragonite|Extreme Speed|p1a: Infernape\n|-damage|p1a: Infernape|0 fnt\n|faint|p1a: Infernape\n|\n|-fieldend|move: Grassy Terrain\n|upkeep\n|\n|t:|1700673180\n|switch|p1a: Lokix|Lokix, F|81\/100\n|turn|19\n|\n|t:|1700673184\n|move|p1a: Lokix|First Impression|p2a: Dragonite\n|-resisted|p2a: Dragonite\n|-damage|p2a: Dragonite|0 fnt\n|faint|p2a: Dragonite\n|-damage|p1a: Lokix|71\/100|[from] item: Life Orb\n|\n|upkeep\n|\n|t:|1700673190\n|switch|p2a: Greninja|Greninja, M|89\/100\n|turn|20\n|\n|t:|1700673194\n|move|p2a: Greninja|Surf|p1a: Lokix\n|-damage|p1a: Lokix|0 fnt\n|faint|p1a: Lokix\n|\n|win|Chaitanya15\n|raw|Falcon420's rating: 1151 &rarr; <strong>1128<\/strong><br \/>(-23 for losing)\n|raw|Chaitanya15's rating: 1183 &rarr; <strong>1206<\/strong><br \/>(+23 for winning)\n|l|\u2606Falcon420\n|c|\u2606Chaitanya15|gg\n","uploadtime":1700673203,"views":1,"p1id":"falcon420","p2id":"chaitanya15","formatid":"gen9ou","rating":1128,"private":0,"password":""}