{"id":"gen9ou-1996000429","p1":"Darkmaniman+Minus","p2":"lord denominator","format":"[Gen 9] OU","log":"|j|\u2606Darkmaniman+Minus\n|j|\u203dlord denominator\n|t:|1700627507\n|gametype|singles\n|player|p1|Darkmaniman+Minus|2|1575\n|player|p2|lord denominator|iris-gen5bw2|1677\n|teamsize|p1|6\n|teamsize|p2|6\n|gen|9\n|tier|[Gen 9] OU\n|rated|\n|rule|Sleep Clause Mod: Limit one foe put to sleep\n|rule|Species Clause: Limit one of each Pok\u00e9mon\n|rule|OHKO Clause: OHKO moves are banned\n|rule|Evasion Items Clause: Evasion items are banned\n|rule|Evasion Moves Clause: Evasion moves are banned\n|rule|Endless Battle Clause: Forcing endless battles is banned\n|rule|HP Percentage Mod: HP is shown in percentages\n|clearpoke\n|poke|p1|Rillaboom, M|\n|poke|p1|Drifblim, F|\n|poke|p1|Hawlucha, F|\n|poke|p1|Magnezone|\n|poke|p1|Blissey, F|\n|poke|p1|Great Tusk|\n|poke|p2|Rillaboom, M|\n|poke|p2|Hawlucha, M|\n|poke|p2|Hatterene, F|\n|poke|p2|Iron Hands|\n|poke|p2|Heatran, F|\n|poke|p2|Ogerpon-Cornerstone, F|\n|teampreview\n|inactive|Battle timer is ON: inactive players will automatically lose when time's up. (requested by lord denominator)\n|\n|t:|1700627529\n|start\n|switch|p1a: No Eye Contact|Rillaboom, M|100\/100\n|switch|p2a: Ogerpon|Ogerpon-Cornerstone, F|100\/100\n|-fieldstart|move: Grassy Terrain|[from] ability: Grassy Surge|[of] p1a: No Eye Contact\n|turn|1\n|\n|t:|1700627532\n|move|p2a: Ogerpon|Spikes|p1a: No Eye Contact\n|-sidestart|p1: Darkmaniman+Minus|Spikes\n|move|p1a: No Eye Contact|U-turn|p2a: Ogerpon\n|-supereffective|p2a: Ogerpon\n|-damage|p2a: Ogerpon|37\/100\n|\n|t:|1700627535\n|switch|p1a: Thick And Creamy|Hawlucha, F|100\/100|[from] U-turn\n|-enditem|p1a: Thick And Creamy|Grassy Seed\n|-boost|p1a: Thick And Creamy|def|1|[from] item: Grassy Seed\n|\n|-heal|p2a: Ogerpon|43\/100|[from] Grassy Terrain\n|upkeep\n|turn|2\n|\n|t:|1700627539\n|move|p1a: Thick And Creamy|Encore|p2a: Ogerpon\n|-start|p2a: Ogerpon|Encore\n|move|p2a: Ogerpon|Spikes|p1a: Thick And Creamy\n|-sidestart|p1: Darkmaniman+Minus|Spikes\n|\n|-heal|p2a: Ogerpon|49\/100|[from] Grassy Terrain\n|upkeep\n|turn|3\n|\n|t:|1700627544\n|switch|p2a: Hatterene|Hatterene, F|100\/100\n|-enditem|p2a: Hatterene|Grassy Seed\n|-boost|p2a: Hatterene|def|1|[from] item: Grassy Seed\n|move|p1a: Thick And Creamy|Swords Dance|p1a: Thick And Creamy\n|-boost|p1a: Thick And Creamy|atk|2\n|\n|upkeep\n|turn|4\n|\n|t:|1700627551\n|move|p1a: Thick And Creamy|Acrobatics|p2a: Hatterene\n|-damage|p2a: Hatterene|49\/100\n|move|p2a: Hatterene|Nuzzle|p1a: Thick And Creamy\n|-supereffective|p1a: Thick And Creamy\n|-damage|p1a: Thick And Creamy|94\/100\n|-status|p1a: Thick And Creamy|par\n|\n|-heal|p2a: Hatterene|55\/100|[from] Grassy Terrain\n|upkeep\n|turn|5\n|\n|t:|1700627563\n|-terastallize|p1a: Thick And Creamy|Flying\n|move|p1a: Thick And Creamy|Acrobatics|p2a: Hatterene\n|-damage|p2a: Hatterene|0 fnt\n|faint|p2a: Hatterene\n|\n|upkeep\n|\n|t:|1700627569\n|switch|p2a: Ogerpon|Ogerpon-Cornerstone, F|49\/100\n|turn|6\n|\n|t:|1700627573\n|move|p2a: Ogerpon|Ivy Cudgel|p1a: Thick And Creamy|[anim] Ivy Cudgel Rock\n|-supereffective|p1a: Thick And Creamy\n|-crit|p1a: Thick And Creamy\n|-damage|p1a: Thick And Creamy|0 fnt\n|faint|p1a: Thick And Creamy\n|\n|-heal|p2a: Ogerpon|55\/100|[from] Grassy Terrain\n|upkeep\n|\n|t:|1700627576\n|switch|p1a: Hypervortex7|Drifblim, F|100\/100\n|-enditem|p1a: Hypervortex7|Grassy Seed\n|-boost|p1a: Hypervortex7|def|1|[from] item: Grassy Seed\n|turn|7\n|\n|t:|1700627579\n|move|p1a: Hypervortex7|Will-O-Wisp|p2a: Ogerpon|[miss]\n|-miss|p1a: Hypervortex7|p2a: Ogerpon\n|move|p2a: Ogerpon|Ivy Cudgel|p1a: Hypervortex7|[anim] Ivy Cudgel Rock\n|-supereffective|p1a: Hypervortex7\n|-damage|p1a: Hypervortex7|15\/100\n|\n|-heal|p2a: Ogerpon|61\/100|[from] Grassy Terrain\n|upkeep\n|turn|8\n|\n|t:|1700627586\n|switch|p2a: Heatran|Heatran, F|100\/100\n|-item|p2a: Heatran|Air Balloon\n|move|p1a: Hypervortex7|Strength Sap|p2a: Heatran\n|-unboost|p2a: Heatran|atk|1\n|-heal|p1a: Hypervortex7|59\/100\n|\n|-fieldend|move: Grassy Terrain\n|upkeep\n|turn|9\n|\n|t:|1700627591\n|move|p1a: Hypervortex7|Hex|p2a: Heatran\n|-damage|p2a: Heatran|79\/100\n|-enditem|p2a: Heatran|Air Balloon\n|move|p2a: Heatran|Stealth Rock|p1a: Hypervortex7\n|-sidestart|p1: Darkmaniman+Minus|move: Stealth Rock\n|\n|upkeep\n|turn|10\n|\n|t:|1700627595\n|switch|p1a: Stallomometer|Blissey, F|100\/100\n|move|p2a: Heatran|Magma Storm|p1a: Stallomometer\n|-damage|p1a: Stallomometer|82\/100\n|-activate|p1a: Stallomometer|move: Magma Storm|[of] p2a: Heatran\n|\n|-damage|p1a: Stallomometer|70\/100|[from] move: Magma Storm|[partiallytrapped]\n|upkeep\n|turn|11\n|\n|t:|1700627600\n|move|p2a: Heatran|Earth Power|p1a: Stallomometer\n|-damage|p1a: Stallomometer|58\/100\n|move|p1a: Stallomometer|Stealth Rock|p2a: Heatran\n|-sidestart|p2: lord denominator|move: Stealth Rock\n|\n|-damage|p1a: Stallomometer|46\/100|[from] move: Magma Storm|[partiallytrapped]\n|upkeep\n|turn|12\n|\n|t:|1700627610\n|switch|p2a: Iron Hands|Iron Hands|100\/100\n|-damage|p2a: Iron Hands|94\/100|[from] Stealth Rock\n|move|p1a: Stallomometer|Soft-Boiled|p1a: Stallomometer\n|-heal|p1a: Stallomometer|96\/100\n|\n|-end|p1a: Stallomometer|Magma Storm|[partiallytrapped]|[silent]\n|upkeep\n|turn|13\n|\n|t:|1700627614\n|switch|p1a: Great Tusk|Great Tusk|100\/100\n|-damage|p1a: Great Tusk|84\/100|[from] Spikes\n|-damage|p1a: Great Tusk|81\/100|[from] Stealth Rock\n|move|p2a: Iron Hands|Ice Punch|p1a: Great Tusk\n|-supereffective|p1a: Great Tusk\n|-crit|p1a: Great Tusk\n|-damage|p1a: Great Tusk|19\/100\n|\n|upkeep\n|turn|14\n|\n|t:|1700627622\n|move|p1a: Great Tusk|Rapid Spin|p2a: Iron Hands\n|-damage|p2a: Iron Hands|80\/100\n|-boost|p1a: Great Tusk|spe|1\n|-sideend|p1: Darkmaniman+Minus|Spikes|[from] move: Rapid Spin|[of] p1a: Great Tusk\n|-sideend|p1: Darkmaniman+Minus|Stealth Rock|[from] move: Rapid Spin|[of] p1a: Great Tusk\n|move|p2a: Iron Hands|Drain Punch|p1a: Great Tusk\n|-damage|p1a: Great Tusk|0 fnt\n|-heal|p2a: Iron Hands|88\/100|[from] drain|[of] p1a: Great Tusk\n|faint|p1a: Great Tusk\n|-end|p1a: Great Tusk|Protosynthesis|[silent]\n|\n|upkeep\n|\n|t:|1700627629\n|switch|p1a: Hypervortex7|Drifblim, F|59\/100\n|turn|15\n|\n|t:|1700627631\n|-terastallize|p2a: Iron Hands|Fire\n|move|p1a: Hypervortex7|Will-O-Wisp|p2a: Iron Hands\n|-immune|p2a: Iron Hands\n|move|p2a: Iron Hands|Swords Dance|p2a: Iron Hands\n|-boost|p2a: Iron Hands|atk|2\n|\n|upkeep\n|turn|16\n|\n|t:|1700627634\n|move|p1a: Hypervortex7|Strength Sap|p2a: Iron Hands\n|-unboost|p2a: Iron Hands|atk|1\n|-heal|p1a: Hypervortex7|100\/100\n|move|p2a: Iron Hands|Thunder Punch|p1a: Hypervortex7\n|-supereffective|p1a: Hypervortex7\n|-damage|p1a: Hypervortex7|0 fnt\n|faint|p1a: Hypervortex7\n|\n|upkeep\n|\n|t:|1700627642\n|switch|p1a: No Eye Contact|Rillaboom, M|100\/100\n|-fieldstart|move: Grassy Terrain|[from] ability: Grassy Surge|[of] p1a: No Eye Contact\n|turn|17\n|\n|t:|1700627644\n|move|p1a: No Eye Contact|High Horsepower|p2a: Iron Hands\n|-supereffective|p2a: Iron Hands\n|-damage|p2a: Iron Hands|38\/100\n|move|p2a: Iron Hands|Drain Punch|p1a: No Eye Contact\n|-damage|p1a: No Eye Contact|37\/100\n|-heal|p2a: Iron Hands|66\/100|[from] drain|[of] p1a: No Eye Contact\n|\n|-heal|p1a: No Eye Contact|43\/100|[from] Grassy Terrain\n|-heal|p2a: Iron Hands|72\/100|[from] Grassy Terrain\n|upkeep\n|turn|18\n|\n|t:|1700627657\n|move|p1a: No Eye Contact|High Horsepower|p2a: Iron Hands\n|-supereffective|p2a: Iron Hands\n|-damage|p2a: Iron Hands|22\/100\n|move|p2a: Iron Hands|Drain Punch|p1a: No Eye Contact\n|-damage|p1a: No Eye Contact|0 fnt\n|-heal|p2a: Iron Hands|41\/100|[from] drain|[of] p1a: No Eye Contact\n|faint|p1a: No Eye Contact\n|\n|-heal|p2a: Iron Hands|47\/100|[from] Grassy Terrain\n|upkeep\n|\n|t:|1700627659\n|switch|p1a: Mr. Gnonto|Magnezone|100\/100\n|turn|19\n|\n|t:|1700627661\n|move|p1a: Mr. Gnonto|Flash Cannon|p2a: Iron Hands\n|-resisted|p2a: Iron Hands\n|-damage|p2a: Iron Hands|19\/100\n|move|p2a: Iron Hands|Drain Punch|p1a: Mr. Gnonto\n|-supereffective|p1a: Mr. Gnonto\n|-crit|p1a: Mr. Gnonto\n|-damage|p1a: Mr. Gnonto|0 fnt\n|-heal|p2a: Iron Hands|57\/100|[from] drain|[of] p1a: Mr. Gnonto\n|faint|p1a: Mr. Gnonto\n|\n|-heal|p2a: Iron Hands|63\/100|[from] Grassy Terrain\n|upkeep\n|-message|Darkmaniman+Minus forfeited.\n|\n|win|lord denominator\n|raw|Darkmaniman+Minus's rating: 1575 &rarr; <strong>1561<\/strong><br \/>(-14 for losing)\n|raw|lord denominator's rating: 1677 &rarr; <strong>1691<\/strong><br \/>(+14 for winning)\n|l|\u2606Darkmaniman+Minus\n","uploadtime":1700627667,"views":18,"p1id":"darkmanimanminus","p2id":"lorddenominator","formatid":"gen9ou","rating":1561,"private":0,"password":""}