{"id":"gen9ou-1997660624","p1":"S4turn","p2":"VanhominTest","format":"[Gen 9] OU","log":"|j|\u2606S4turn\n|j|\u2606VanhominTest\n|t:|1700838796\n|gametype|singles\n|player|p1|S4turn|red|1421\n|player|p2|VanhominTest|scientist-gen4|1336\n|teamsize|p1|6\n|teamsize|p2|6\n|gen|9\n|tier|[Gen 9] OU\n|rated|\n|rule|Sleep Clause Mod: Limit one foe put to sleep\n|rule|Species Clause: Limit one of each Pok\u00e9mon\n|rule|OHKO Clause: OHKO moves are banned\n|rule|Evasion Items Clause: Evasion items are banned\n|rule|Evasion Moves Clause: Evasion moves are banned\n|rule|Endless Battle Clause: Forcing endless battles is banned\n|rule|HP Percentage Mod: HP is shown in percentages\n|clearpoke\n|poke|p1|Arcanine-Hisui, M|\n|poke|p1|Greninja-*, M|\n|poke|p1|Corviknight, M|\n|poke|p1|Iron Hands|\n|poke|p1|Slowking-Galar, M|\n|poke|p1|Landorus-Therian, M|\n|poke|p2|Ditto|\n|poke|p2|Ninetales-Alola, M|\n|poke|p2|Garganacl, F|\n|poke|p2|Ursaluna, M|\n|poke|p2|Enamorus, F|\n|poke|p2|Corviknight, M|\n|teampreview\n|inactive|Battle timer is ON: inactive players will automatically lose when time's up. (requested by VanhominTest)\n|\n|t:|1700838816\n|start\n|switch|p1a: Slowking|Slowking-Galar, M|100\/100\n|switch|p2a: Catalyst|Garganacl, F|100\/100\n|turn|1\n|\n|t:|1700838831\n|move|p2a: Catalyst|Salt Cure|p1a: Slowking\n|-damage|p1a: Slowking|87\/100\n|-start|p1a: Slowking|Salt Cure\n|move|p1a: Slowking|Future Sight|p2a: Catalyst\n|-start|p1a: Slowking|move: Future Sight\n|\n|-damage|p1a: Slowking|74\/100|[from] Salt Cure\n|upkeep\n|turn|2\n|\n|t:|1700838838\n|move|p2a: Catalyst|Salt Cure|p1a: Slowking\n|-damage|p1a: Slowking|60\/100\n|move|p1a: Slowking|Chilly Reception|p1a: Slowking\n|-weather|Snow\n|\n|t:|1700838853\n|switch|p1a: Iron Hands|Iron Hands|100\/100|[from] Chilly Reception\n|\n|-weather|Snow|[upkeep]\n|upkeep\n|turn|3\n|\n|t:|1700838861\n|switch|p2a: Mordred|Corviknight, M|100\/100\n|-ability|p2a: Mordred|Pressure\n|move|p1a: Iron Hands|Fake Out|p2a: Mordred\n|-resisted|p2a: Mordred\n|-crit|p2a: Mordred\n|-damage|p2a: Mordred|93\/100\n|-damage|p1a: Iron Hands|84\/100|[from] item: Rocky Helmet|[of] p2a: Mordred\n|\n|-weather|Snow|[upkeep]\n|-end|p2a: Mordred|move: Future Sight\n|-resisted|p2a: Mordred\n|-damage|p2a: Mordred|71\/100\n|upkeep\n|turn|4\n|\n|t:|1700838872\n|move|p2a: Mordred|Roost|p2a: Mordred\n|-heal|p2a: Mordred|100\/100\n|-singleturn|p2a: Mordred|move: Roost\n|move|p1a: Iron Hands|Wild Charge|p2a: Mordred\n|-damage|p2a: Mordred|68\/100\n|-damage|p1a: Iron Hands|67\/100|[from] item: Rocky Helmet|[of] p2a: Mordred\n|-damage|p1a: Iron Hands|61\/100|[from] Recoil\n|\n|-weather|Snow|[upkeep]\n|upkeep\n|turn|5\n|inactive|VanhominTest has 120 seconds left.\n|inactive|VanhominTest has 90 seconds left.\n|\n|t:|1700838951\n|-end|p1a: Iron Hands|Quark Drive|[silent]\n|switch|p1a: Arcanine|Arcanine-Hisui, M|100\/100\n|move|p2a: Mordred|U-turn|p1a: Arcanine\n|-resisted|p1a: Arcanine\n|-damage|p1a: Arcanine|91\/100\n|\n|t:|1700838968\n|switch|p2a: Makwa|Ursaluna, M, shiny|100\/100|[from] U-turn\n|\n|-weather|Snow|[upkeep]\n|-status|p2a: Makwa|brn|[from] item: Flame Orb\n|upkeep\n|turn|6\n|\n|t:|1700838980\n|-terastallize|p1a: Arcanine|Fire\n|move|p1a: Arcanine|Flare Blitz|p2a: Makwa\n|-damage|p2a: Makwa|18\/100 brn\n|move|p2a: Makwa|Earthquake|p1a: Arcanine\n|-supereffective|p1a: Arcanine\n|-damage|p1a: Arcanine|0 fnt\n|faint|p1a: Arcanine\n|\n|-weather|none\n|-damage|p2a: Makwa|12\/100 brn|[from] brn\n|upkeep\n|\n|t:|1700838991\n|switch|p1a: Greninja|Greninja, M|100\/100\n|turn|7\n|\n|t:|1700839001\n|move|p1a: Greninja|Hydro Pump|p2a: Makwa\n|-supereffective|p2a: Makwa\n|-damage|p2a: Makwa|0 fnt\n|faint|p2a: Makwa\n|-ability|p1a: Greninja|Battle Bond|boost\n|-boost|p1a: Greninja|atk|1\n|-boost|p1a: Greninja|spa|1\n|-boost|p1a: Greninja|spe|1\n|-activate|p1a: Greninja|ability: Battle Bond\n|\n|upkeep\n|\n|t:|1700839014\n|switch|p2a: Recursion|Ditto|100\/100\n|-transform|p2a: Recursion|p1a: Greninja|[from] ability: Imposter\n|turn|8\n|\n|t:|1700839022\n|move|p2a: Recursion|Dark Pulse|p1a: Greninja\n|-resisted|p1a: Greninja\n|-damage|p1a: Greninja|60\/100\n|move|p1a: Greninja|Hydro Pump|p2a: Recursion\n|-resisted|p2a: Recursion\n|-damage|p2a: Recursion|12\/100\n|\n|upkeep\n|turn|9\n|\n|t:|1700839029\n|switch|p2a: Mordred|Corviknight, M|68\/100\n|-ability|p2a: Mordred|Pressure\n|move|p1a: Greninja|Hydro Pump|p2a: Mordred\n|-damage|p2a: Mordred|0 fnt\n|faint|p2a: Mordred\n|\n|upkeep\n|\n|t:|1700839031\n|switch|p2a: Recursion|Ditto|12\/100\n|-transform|p2a: Recursion|p1a: Greninja|[from] ability: Imposter\n|turn|10\n|\n|t:|1700839043\n|switch|p1a: Slowking|Slowking-Galar, M|93\/100\n|move|p2a: Recursion|Water Shuriken|p1a: Slowking\n|-damage|p1a: Slowking|87\/100\n|-damage|p1a: Slowking|80\/100\n|-damage|p1a: Slowking|74\/100\n|-hitcount|p1a: Slowking|3\n|\n|upkeep\n|turn|11\n|\n|t:|1700839054\n|switch|p2a: Giiwedin|Ninetales-Alola, M|100\/100\n|-weather|Snow|[from] ability: Snow Warning|[of] p2a: Giiwedin\n|move|p1a: Slowking|Future Sight|p2a: Giiwedin\n|-start|p1a: Slowking|move: Future Sight\n|\n|-weather|Snow|[upkeep]\n|upkeep\n|turn|12\n|\n|t:|1700839060\n|move|p2a: Giiwedin|Aurora Veil|p2a: Giiwedin\n|-sidestart|p2: VanhominTest|move: Aurora Veil\n|move|p1a: Slowking|Sludge Bomb|p2a: Giiwedin\n|-supereffective|p2a: Giiwedin\n|-damage|p2a: Giiwedin|68\/100\n|\n|-weather|Snow|[upkeep]\n|upkeep\n|turn|13\n|\n|t:|1700839069\n|move|p2a: Giiwedin|Freeze-Dry|p1a: Slowking\n|-damage|p1a: Slowking|63\/100\n|move|p1a: Slowking|Surf|p2a: Giiwedin\n|-damage|p2a: Giiwedin|56\/100\n|\n|-weather|Snow|[upkeep]\n|-end|p2a: Giiwedin|move: Future Sight\n|-damage|p2a: Giiwedin|36\/100\n|upkeep\n|turn|14\n|inactive|VanhominTest has 120 seconds left.\n|\n|t:|1700839077\n|move|p2a: Giiwedin|Encore|p1a: Slowking\n|-start|p1a: Slowking|Encore\n|move|p1a: Slowking|Surf|p2a: Giiwedin\n|-damage|p2a: Giiwedin|25\/100\n|\n|-weather|Snow|[upkeep]\n|upkeep\n|turn|15\n|\n|t:|1700839083\n|switch|p2a: Enamorus|Enamorus, F|100\/100\n|move|p1a: Slowking|Surf|p2a: Enamorus\n|-damage|p2a: Enamorus|86\/100\n|\n|-weather|none\n|-heal|p2a: Enamorus|92\/100|[from] item: Leftovers\n|upkeep\n|turn|16\n|\n|t:|1700839090\n|move|p2a: Enamorus|Substitute|p2a: Enamorus\n|-start|p2a: Enamorus|Substitute\n|-damage|p2a: Enamorus|67\/100\n|move|p1a: Slowking|Surf|p2a: Enamorus\n|-activate|p2a: Enamorus|move: Substitute|[damage]\n|\n|-heal|p2a: Enamorus|73\/100|[from] item: Leftovers\n|-end|p1a: Slowking|Encore\n|upkeep\n|turn|17\n|\n|t:|1700839098\n|move|p2a: Enamorus|Calm Mind|p2a: Enamorus\n|-boost|p2a: Enamorus|spa|1\n|-boost|p2a: Enamorus|spd|1\n|move|p1a: Slowking|Sludge Bomb|p2a: Enamorus\n|-supereffective|p2a: Enamorus\n|-end|p2a: Enamorus|Substitute\n|\n|-heal|p2a: Enamorus|79\/100|[from] item: Leftovers\n|upkeep\n|turn|18\n|\n|t:|1700839105\n|move|p2a: Enamorus|Earth Power|p1a: Slowking\n|-supereffective|p1a: Slowking\n|-damage|p1a: Slowking|10\/100\n|move|p1a: Slowking|Sludge Bomb|p2a: Enamorus\n|-supereffective|p2a: Enamorus\n|-damage|p2a: Enamorus|48\/100\n|\n|-heal|p2a: Enamorus|54\/100|[from] item: Leftovers\n|upkeep\n|turn|19\n|\n|t:|1700839113\n|move|p2a: Enamorus|Earth Power|p1a: Slowking\n|-supereffective|p1a: Slowking\n|-damage|p1a: Slowking|0 fnt\n|faint|p1a: Slowking\n|\n|-heal|p2a: Enamorus|61\/100|[from] item: Leftovers\n|-sideend|p2: VanhominTest|move: Aurora Veil\n|upkeep\n|\n|t:|1700839121\n|switch|p1a: Iron Hands|Iron Hands|61\/100\n|turn|20\n|inactive|VanhominTest has 120 seconds left.\n|\n|t:|1700839173\n|move|p2a: Enamorus|Earth Power|p1a: Iron Hands\n|-supereffective|p1a: Iron Hands\n|-damage|p1a: Iron Hands|0 fnt\n|faint|p1a: Iron Hands\n|-end|p1a: Iron Hands|Quark Drive|[silent]\n|\n|-heal|p2a: Enamorus|67\/100|[from] item: Leftovers\n|upkeep\n|\n|t:|1700839185\n|switch|p1a: Greninja|Greninja, M|60\/100\n|turn|21\n|\n|t:|1700839191\n|move|p1a: Greninja|Ice Beam|p2a: Enamorus\n|-supereffective|p2a: Enamorus\n|-damage|p2a: Enamorus|0 fnt\n|faint|p2a: Enamorus\n|\n|upkeep\n|\n|t:|1700839195\n|switch|p2a: Catalyst|Garganacl, F|100\/100\n|turn|22\n|\n|t:|1700839199\n|switch|p1a: Landorus|Landorus-Therian, M|100\/100\n|-ability|p1a: Landorus|Intimidate|boost\n|-unboost|p2a: Catalyst|atk|1\n|-terastallize|p2a: Catalyst|Ghost\n|move|p2a: Catalyst|Salt Cure|p1a: Landorus\n|-damage|p1a: Landorus|93\/100\n|-start|p1a: Landorus|Salt Cure\n|\n|-heal|p1a: Landorus|99\/100|[from] item: Leftovers\n|-damage|p1a: Landorus|87\/100|[from] Salt Cure\n|upkeep\n|turn|23\n|\n|t:|1700839210\n|move|p1a: Landorus|Earth Power|p2a: Catalyst\n|-damage|p2a: Catalyst|77\/100\n|move|p2a: Catalyst|Curse|p1a: Landorus\n|-start|p1a: Landorus|Curse|[of] p2a: Catalyst\n|-damage|p2a: Catalyst|27\/100\n|\n|-heal|p1a: Landorus|93\/100|[from] item: Leftovers\n|-heal|p2a: Catalyst|33\/100|[from] item: Leftovers\n|-damage|p1a: Landorus|68\/100|[from] Curse\n|-damage|p1a: Landorus|56\/100|[from] Salt Cure\n|upkeep\n|turn|24\n|\n|t:|1700839221\n|move|p1a: Landorus|Stealth Rock|p2a: Catalyst\n|-sidestart|p2: VanhominTest|move: Stealth Rock\n|move|p2a: Catalyst|Recover|p2a: Catalyst\n|-heal|p2a: Catalyst|83\/100\n|\n|-heal|p1a: Landorus|62\/100|[from] item: Leftovers\n|-heal|p2a: Catalyst|89\/100|[from] item: Leftovers\n|-damage|p1a: Landorus|37\/100|[from] Curse\n|-damage|p1a: Landorus|25\/100|[from] Salt Cure\n|upkeep\n|turn|25\n|\n|t:|1700839230\n|move|p1a: Landorus|Earth Power|p2a: Catalyst\n|-damage|p2a: Catalyst|67\/100\n|move|p2a: Catalyst|Recover|p2a: Catalyst\n|-heal|p2a: Catalyst|100\/100\n|\n|-heal|p1a: Landorus|31\/100|[from] item: Leftovers\n|-damage|p1a: Landorus|6\/100|[from] Curse\n|-damage|p1a: Landorus|0 fnt|[from] Salt Cure\n|faint|p1a: Landorus\n|upkeep\n|\n|t:|1700839240\n|switch|p1a: Greninja|Greninja, M|60\/100\n|turn|26\n|\n|t:|1700839244\n|move|p1a: Greninja|Dark Pulse|p2a: Catalyst\n|-supereffective|p2a: Catalyst\n|-damage|p2a: Catalyst|25\/100\n|move|p2a: Catalyst|Salt Cure|p1a: Greninja\n|-damage|p1a: Greninja|44\/100\n|-start|p1a: Greninja|Salt Cure\n|\n|-heal|p2a: Catalyst|31\/100|[from] item: Leftovers\n|-damage|p1a: Greninja|19\/100|[from] Salt Cure\n|upkeep\n|turn|27\n|\n|t:|1700839253\n|switch|p2a: Giiwedin|Ninetales-Alola, M|25\/100\n|-damage|p2a: Giiwedin|0 fnt|[from] Stealth Rock\n|faint|p2a: Giiwedin\n|move|p1a: Greninja|Dark Pulse|p2: Giiwedin|[notarget]\n|-fail|p1a: Greninja\n|\n|-damage|p1a: Greninja|0 fnt|[from] Salt Cure\n|faint|p1a: Greninja\n|upkeep\n|\n|t:|1700839261\n|switch|p1a: Corviknight|Corviknight, M|100\/100\n|switch|p2a: Catalyst|Garganacl, F, tera:Ghost|31\/100\n|-ability|p1a: Corviknight|Pressure\n|-damage|p2a: Catalyst|19\/100|[from] Stealth Rock\n|turn|28\n|c|\u2606S4turn|fuck\n|\n|t:|1700839271\n|move|p1a: Corviknight|U-turn|p2a: Catalyst\n|-resisted|p2a: Catalyst\n|-damage|p2a: Catalyst|14\/100\n|move|p2a: Catalyst|Recover|p2a: Catalyst\n|-heal|p2a: Catalyst|64\/100\n|\n|-heal|p2a: Catalyst|70\/100|[from] item: Leftovers\n|upkeep\n|turn|29\n|-message|S4turn forfeited.\n|\n|win|VanhominTest\n|raw|S4turn's rating: 1421 &rarr; <strong>1396<\/strong><br \/>(-25 for losing)\n|raw|VanhominTest's rating: 1336 &rarr; <strong>1361<\/strong><br \/>(+25 for winning)\n|l|\u2606S4turn\n","uploadtime":1700839280,"views":9,"p1id":"s4turn","p2id":"vanhomintest","formatid":"gen9ou","rating":1361,"private":0,"password":""}