{"id":"gen9ou-1989505364","p1":"KirbyKillua","p2":"xomdlo","format":"[Gen 9] OU","log":"|j|\u2606KirbyKillua\n|j|\u2606xomdlo\n|t:|1699862154\n|gametype|singles\n|player|p1|KirbyKillua|alec-anime|1518\n|player|p2|xomdlo|101|1650\n|teamsize|p1|6\n|teamsize|p2|6\n|gen|9\n|tier|[Gen 9] OU\n|rated|\n|rule|Sleep Clause Mod: Limit one foe put to sleep\n|rule|Species Clause: Limit one of each Pok\u00e9mon\n|rule|OHKO Clause: OHKO moves are banned\n|rule|Evasion Items Clause: Evasion items are banned\n|rule|Evasion Moves Clause: Evasion moves are banned\n|rule|Endless Battle Clause: Forcing endless battles is banned\n|rule|HP Percentage Mod: HP is shown in percentages\n|clearpoke\n|poke|p1|Cinderace, M|\n|poke|p1|Meowscarada, M|\n|poke|p1|Ogerpon-Wellspring, F|\n|poke|p1|Ceruledge, M|\n|poke|p1|Iron Valiant|\n|poke|p1|Hatterene, F|\n|poke|p2|Pelipper, M|\n|poke|p2|Iron Treads|\n|poke|p2|Zapdos|\n|poke|p2|Volcanion|\n|poke|p2|Basculegion, M|\n|poke|p2|Hoopa-Unbound|\n|teampreview\n|inactive|Battle timer is ON: inactive players will automatically lose when time's up. (requested by KirbyKillua)\n|\n|t:|1699862163\n|start\n|switch|p1a: Alcremie's mom|Hatterene, F, shiny|100\/100\n|switch|p2a: Pelipper|Pelipper, M|100\/100\n|-weather|RainDance|[from] ability: Drizzle|[of] p2a: Pelipper\n|turn|1\n|\n|t:|1699862174\n|move|p2a: Pelipper|U-turn|p1a: Alcremie's mom\n|-damage|p1a: Alcremie's mom|93\/100\n|\n|t:|1699862179\n|switch|p2a: Iron Treads|Iron Treads|100\/100|[from] U-turn\n|move|p1a: Alcremie's mom|Calm Mind|p1a: Alcremie's mom\n|-boost|p1a: Alcremie's mom|spa|1\n|-boost|p1a: Alcremie's mom|spd|1\n|\n|-weather|RainDance|[upkeep]\n|-heal|p1a: Alcremie's mom|99\/100|[from] item: Leftovers\n|upkeep\n|turn|2\n|\n|t:|1699862184\n|switch|p1a: Ogerpon|Ogerpon-Wellspring, F|100\/100\n|move|p2a: Iron Treads|Knock Off|p1a: Ogerpon\n|-damage|p1a: Ogerpon|75\/100\n|\n|-weather|RainDance|[upkeep]\n|upkeep\n|turn|3\n|\n|t:|1699862189\n|-end|p2a: Iron Treads|Quark Drive|[silent]\n|switch|p2a: Zapdos|Zapdos|100\/100\n|move|p1a: Ogerpon|Ivy Cudgel|p2a: Zapdos\n|-damage|p2a: Zapdos|32\/100\n|\n|-weather|RainDance|[upkeep]\n|upkeep\n|turn|4\n|\n|t:|1699862192\n|move|p1a: Ogerpon|Ivy Cudgel|p2a: Zapdos\n|-crit|p2a: Zapdos\n|-damage|p2a: Zapdos|0 fnt\n|faint|p2a: Zapdos\n|\n|-weather|RainDance|[upkeep]\n|upkeep\n|\n|t:|1699862196\n|switch|p2a: Volcanion|Volcanion|100\/100\n|turn|5\n|\n|t:|1699862200\n|move|p1a: Ogerpon|U-turn|p2a: Volcanion\n|-resisted|p2a: Volcanion\n|-damage|p2a: Volcanion|89\/100\n|\n|t:|1699862212\n|switch|p1a: Cinderace|Cinderace, M|100\/100|[from] U-turn\n|move|p2a: Volcanion|Sludge Bomb|p1a: Cinderace\n|-damage|p1a: Cinderace|32\/100\n|-status|p1a: Cinderace|psn\n|\n|-weather|RainDance|[upkeep]\n|-damage|p1a: Cinderace|20\/100 psn|[from] psn\n|upkeep\n|turn|6\n|\n|t:|1699862219\n|move|p1a: Cinderace|U-turn|p2a: Volcanion\n|-start|p1a: Cinderace|typechange|Bug|[from] ability: Libero\n|-resisted|p2a: Volcanion\n|-damage|p2a: Volcanion|74\/100\n|\n|t:|1699862221\n|switch|p1a: Ogerpon|Ogerpon-Wellspring, F|75\/100|[from] U-turn\n|move|p2a: Volcanion|Sludge Bomb|p1a: Ogerpon\n|-supereffective|p1a: Ogerpon\n|-damage|p1a: Ogerpon|0 fnt\n|faint|p1a: Ogerpon\n|\n|-weather|RainDance|[upkeep]\n|upkeep\n|\n|t:|1699862229\n|switch|p1a: Soulblades|Ceruledge, M|100\/100\n|turn|7\n|\n|t:|1699862231\n|move|p1a: Soulblades|Swords Dance|p1a: Soulblades\n|-boost|p1a: Soulblades|atk|2\n|move|p2a: Volcanion|Sludge Bomb|p1a: Soulblades\n|-resisted|p1a: Soulblades\n|-damage|p1a: Soulblades|71\/100\n|\n|-weather|RainDance|[upkeep]\n|upkeep\n|turn|8\n|\n|t:|1699862237\n|move|p1a: Soulblades|Poltergeist|p2a: Volcanion\n|-activate|p2a: Volcanion|move: Poltergeist|Choice Specs\n|-damage|p2a: Volcanion|0 fnt\n|faint|p2a: Volcanion\n|\n|-weather|none\n|upkeep\n|\n|t:|1699862239\n|switch|p2a: Pelipper|Pelipper, M|100\/100\n|-weather|RainDance|[from] ability: Drizzle|[of] p2a: Pelipper\n|turn|9\n|\n|t:|1699862241\n|move|p1a: Soulblades|Poltergeist|p2a: Pelipper\n|-activate|p2a: Pelipper|move: Poltergeist|Damp Rock\n|-damage|p2a: Pelipper|0 fnt\n|faint|p2a: Pelipper\n|\n|-weather|RainDance|[upkeep]\n|upkeep\n|\n|t:|1699862243\n|switch|p2a: Basculegion|Basculegion, M|100\/100\n|turn|10\n|\n|t:|1699862246\n|move|p2a: Basculegion|Flip Turn|p1a: Soulblades\n|-supereffective|p1a: Soulblades\n|-damage|p1a: Soulblades|0 fnt\n|faint|p1a: Soulblades\n|\n|t:|1699862249\n|switch|p2a: Hoopa|Hoopa-Unbound|100\/100|[from] Flip Turn\n|\n|-weather|RainDance|[upkeep]\n|upkeep\n|\n|t:|1699862259\n|switch|p1a: Alcremie's mom|Hatterene, F, shiny|99\/100\n|turn|11\n|\n|t:|1699862263\n|move|p2a: Hoopa|Gunk Shot|p1a: Alcremie's mom\n|-supereffective|p1a: Alcremie's mom\n|-damage|p1a: Alcremie's mom|13\/100\n|move|p1a: Alcremie's mom|Calm Mind|p1a: Alcremie's mom\n|-boost|p1a: Alcremie's mom|spa|1\n|-boost|p1a: Alcremie's mom|spd|1\n|\n|-weather|RainDance|[upkeep]\n|-heal|p1a: Alcremie's mom|19\/100|[from] item: Leftovers\n|upkeep\n|turn|12\n|\n|t:|1699862267\n|move|p2a: Hoopa|Knock Off|p1a: Alcremie's mom\n|-damage|p1a: Alcremie's mom|0 fnt\n|-enditem|p1a: Alcremie's mom|Leftovers|[from] move: Knock Off|[of] p2a: Hoopa\n|faint|p1a: Alcremie's mom\n|\n|-weather|RainDance|[upkeep]\n|upkeep\n|\n|t:|1699862270\n|switch|p1a: Cinderace|Cinderace, M|20\/100 psn\n|turn|13\n|\n|t:|1699862276\n|switch|p2a: Iron Treads|Iron Treads|100\/100\n|move|p1a: Cinderace|U-turn|p2a: Iron Treads\n|-start|p1a: Cinderace|typechange|Bug|[from] ability: Libero\n|-resisted|p2a: Iron Treads\n|-damage|p2a: Iron Treads|85\/100\n|\n|t:|1699862279\n|switch|p1a: Meowscarada|Meowscarada, M|100\/100|[from] U-turn\n|\n|-weather|RainDance|[upkeep]\n|upkeep\n|turn|14\n|\n|t:|1699862284\n|move|p1a: Meowscarada|Flower Trick|p2a: Iron Treads\n|-start|p1a: Meowscarada|typechange|Grass|[from] ability: Protean\n|-crit|p2a: Iron Treads\n|-damage|p2a: Iron Treads|22\/100\n|move|p2a: Iron Treads|Ice Spinner|p1a: Meowscarada\n|-supereffective|p1a: Meowscarada\n|-damage|p1a: Meowscarada|28\/100\n|\n|-weather|RainDance|[upkeep]\n|upkeep\n|turn|15\n|\n|t:|1699862291\n|move|p1a: Meowscarada|Flower Trick|p2a: Iron Treads\n|-crit|p2a: Iron Treads\n|-damage|p2a: Iron Treads|0 fnt\n|faint|p2a: Iron Treads\n|-end|p2a: Iron Treads|Quark Drive|[silent]\n|\n|-weather|RainDance|[upkeep]\n|upkeep\n|\n|t:|1699862292\n|switch|p2a: Basculegion|Basculegion, M|100\/100\n|turn|16\n|\n|t:|1699862295\n|move|p2a: Basculegion|Flip Turn|p1a: Meowscarada\n|-resisted|p1a: Meowscarada\n|-damage|p1a: Meowscarada|0 fnt\n|faint|p1a: Meowscarada\n|\n|t:|1699862297\n|switch|p2a: Hoopa|Hoopa-Unbound|100\/100|[from] Flip Turn\n|\n|-weather|none\n|upkeep\n|\n|t:|1699862299\n|switch|p1a: Cinderace|Cinderace, M|20\/100 psn\n|turn|17\n|\n|t:|1699862302\n|switch|p2a: Basculegion|Basculegion, M|100\/100\n|move|p1a: Cinderace|U-turn|p2a: Basculegion\n|-start|p1a: Cinderace|typechange|Bug|[from] ability: Libero\n|-resisted|p2a: Basculegion\n|-crit|p2a: Basculegion\n|-damage|p2a: Basculegion|68\/100\n|\n|t:|1699862304\n|switch|p1a: Iron Valiant|Iron Valiant|100\/100|[from] U-turn\n|-enditem|p1a: Iron Valiant|Booster Energy\n|-activate|p1a: Iron Valiant|ability: Quark Drive|[fromitem]\n|-start|p1a: Iron Valiant|quarkdrivespe\n|\n|upkeep\n|turn|18\n|\n|t:|1699862307\n|move|p2a: Basculegion|Aqua Jet|p1a: Iron Valiant\n|-damage|p1a: Iron Valiant|62\/100\n|move|p1a: Iron Valiant|Knock Off|p2a: Basculegion\n|-supereffective|p2a: Basculegion\n|-damage|p2a: Basculegion|0 fnt\n|-enditem|p2a: Basculegion|Choice Band|[from] move: Knock Off|[of] p1a: Iron Valiant\n|faint|p2a: Basculegion\n|\n|upkeep\n|\n|t:|1699862310\n|switch|p2a: Hoopa|Hoopa-Unbound|100\/100\n|turn|19\n|\n|t:|1699862315\n|-terastallize|p2a: Hoopa|Poison\n|move|p1a: Iron Valiant|Spirit Break|p2a: Hoopa\n|-resisted|p2a: Hoopa\n|-damage|p2a: Hoopa|70\/100\n|-unboost|p2a: Hoopa|spa|1\n|move|p2a: Hoopa|Psychic|p1a: Iron Valiant\n|-supereffective|p1a: Iron Valiant\n|-damage|p1a: Iron Valiant|0 fnt\n|faint|p1a: Iron Valiant\n|-end|p1a: Iron Valiant|Quark Drive|[silent]\n|\n|upkeep\n|\n|t:|1699862319\n|switch|p1a: Cinderace|Cinderace, M|20\/100 psn\n|turn|20\n|\n|t:|1699862321\n|-terastallize|p1a: Cinderace|Fire\n|move|p1a: Cinderace|Pyro Ball|p2a: Hoopa\n|-damage|p2a: Hoopa|0 fnt\n|faint|p2a: Hoopa\n|\n|win|KirbyKillua\n|raw|KirbyKillua's rating: 1518 &rarr; <strong>1545<\/strong><br \/>(+27 for winning)\n|raw|xomdlo's rating: 1650 &rarr; <strong>1623<\/strong><br \/>(-27 for losing)\n","uploadtime":1699862325,"views":8,"p1id":"kirbykillua","p2id":"xomdlo","formatid":"gen9ou","rating":1545,"private":0,"password":""}