{"id":"gen9ou-1997231290","p1":"Redisdead98","p2":"stgamezz","format":"[Gen 9] OU","log":"|j|\u2606Redisdead98\n|j|\u2606stgamezz\n|t:|1700778238\n|gametype|singles\n|player|p1|Redisdead98|red|1083\n|player|p2|stgamezz|emmet|1014\n|teamsize|p1|6\n|teamsize|p2|6\n|gen|9\n|tier|[Gen 9] OU\n|rated|\n|rule|Sleep Clause Mod: Limit one foe put to sleep\n|rule|Species Clause: Limit one of each Pok\u00e9mon\n|rule|OHKO Clause: OHKO moves are banned\n|rule|Evasion Items Clause: Evasion items are banned\n|rule|Evasion Moves Clause: Evasion moves are banned\n|rule|Endless Battle Clause: Forcing endless battles is banned\n|rule|HP Percentage Mod: HP is shown in percentages\n|clearpoke\n|poke|p1|Jolteon, M|\n|poke|p1|Okidogi, M|\n|poke|p1|Lycanroc-Dusk, M|\n|poke|p1|Shiftry, F|\n|poke|p1|Mightyena, M|\n|poke|p1|Arcanine, M|\n|poke|p2|Dragapult, M|\n|poke|p2|Arcanine-Hisui, F|\n|poke|p2|Kingambit, F|\n|poke|p2|Tornadus, M|\n|poke|p2|Rillaboom, M|\n|poke|p2|Sylveon, F|\n|teampreview\n|\n|t:|1700778252\n|start\n|switch|p1a: Jolteon|Jolteon, M, shiny|100\/100\n|switch|p2a: Dragapult|Dragapult, M|100\/100\n|turn|1\n|\n|t:|1700778262\n|move|p2a: Dragapult|U-turn|p1a: Jolteon\n|-damage|p1a: Jolteon|55\/100\n|\n|t:|1700778265\n|switch|p2a: Rillaboom|Rillaboom, M|100\/100|[from] U-turn\n|-fieldstart|move: Grassy Terrain|[from] ability: Grassy Surge|[of] p2a: Rillaboom\n|-enditem|p2a: Rillaboom|Grassy Seed\n|-boost|p2a: Rillaboom|def|1|[from] item: Grassy Seed\n|move|p1a: Jolteon|Calm Mind|p1a: Jolteon\n|-boost|p1a: Jolteon|spa|1\n|-boost|p1a: Jolteon|spd|1\n|\n|-heal|p1a: Jolteon|61\/100|[from] Grassy Terrain\n|upkeep\n|turn|2\n|\n|t:|1700778306\n|move|p2a: Rillaboom|Fake Out|p1a: Jolteon\n|-damage|p1a: Jolteon|30\/100\n|cant|p1a: Jolteon|flinch\n|\n|-heal|p1a: Jolteon|36\/100|[from] Grassy Terrain\n|upkeep\n|turn|3\n|\n|t:|1700778318\n|-terastallize|p1a: Jolteon|Flying\n|move|p2a: Rillaboom|Grassy Glide|p1a: Jolteon\n|-resisted|p1a: Jolteon\n|-damage|p1a: Jolteon|0 fnt\n|faint|p1a: Jolteon\n|\n|upkeep\n|inactive|Battle timer is ON: inactive players will automatically lose when time's up. (requested by stgamezz)\n|inactive|Redisdead98 has 120 seconds left.\n|\n|t:|1700778387\n|switch|p1a: Arcanine|Arcanine, M|100\/100\n|-ability|p1a: Arcanine|Intimidate|boost\n|-unboost|p2a: Rillaboom|atk|1\n|turn|4\n|\n|t:|1700778417\n|switch|p2a: Sylveon|Sylveon, F|100\/100\n|move|p1a: Arcanine|Flare Blitz|p2a: Sylveon\n|-damage|p2a: Sylveon|31\/100\n|-damage|p1a: Arcanine|74\/100|[from] Recoil\n|\n|-heal|p1a: Arcanine|80\/100|[from] Grassy Terrain\n|-heal|p2a: Sylveon|37\/100|[from] Grassy Terrain\n|upkeep\n|turn|5\n|inactive|stgamezz has 120 seconds left.\n|\n|t:|1700778438\n|move|p1a: Arcanine|Extreme Speed|p2a: Sylveon\n|-enditem|p1a: Arcanine|Normal Gem|[from] gem\n|-damage|p2a: Sylveon|0 fnt\n|faint|p2a: Sylveon\n|\n|-heal|p1a: Arcanine|86\/100|[from] Grassy Terrain\n|-fieldend|move: Grassy Terrain\n|upkeep\n|c|\u2606stgamezz|wp\n|\n|t:|1700778455\n|switch|p2a: Dragapult|Dragapult, M|100\/100\n|turn|6\n|\n|t:|1700778477\n|move|p2a: Dragapult|Dragon Darts|p1a: Arcanine\n|-damage|p1a: Arcanine|60\/100\n|-anim|p2a: Dragapult|Dragon Darts|p1a: Arcanine\n|-damage|p1a: Arcanine|33\/100\n|move|p1a: Arcanine|Outrage|p2a: Dragapult\n|-supereffective|p2a: Dragapult\n|-damage|p2a: Dragapult|4\/100\n|\n|-heal|p2a: Dragapult|10\/100|[from] item: Leftovers\n|upkeep\n|turn|7\n|\n|t:|1700778494\n|move|p2a: Dragapult|Dragon Darts|p1a: Arcanine\n|-damage|p1a: Arcanine|5\/100\n|-anim|p2a: Dragapult|Dragon Darts|p1a: Arcanine\n|-damage|p1a: Arcanine|0 fnt\n|faint|p1a: Arcanine\n|\n|-heal|p2a: Dragapult|16\/100|[from] item: Leftovers\n|upkeep\n|\n|t:|1700778503\n|switch|p1a: Mightyena|Mightyena, M|100\/100\n|turn|8\n|\n|t:|1700778509\n|move|p1a: Mightyena|Sucker Punch|p2a: Dragapult\n|-supereffective|p2a: Dragapult\n|-crit|p2a: Dragapult\n|-damage|p2a: Dragapult|0 fnt\n|faint|p2a: Dragapult\n|-ability|p1a: Mightyena|Moxie|boost\n|-boost|p1a: Mightyena|atk|1\n|\n|upkeep\n|c|\u2606stgamezz|wp\n|\n|t:|1700778519\n|switch|p2a: Tornadus|Tornadus, M|100\/100\n|turn|9\n|\n|t:|1700778524\n|move|p2a: Tornadus|Tailwind|p2a: Tornadus\n|-sidestart|p2: stgamezz|move: Tailwind\n|move|p1a: Mightyena|Sucker Punch||[still]\n|-fail|p1a: Mightyena\n|\n|upkeep\n|turn|10\n|inactive|stgamezz has 120 seconds left.\n|\n|t:|1700778534\n|switch|p2a: Kingambit|Kingambit, F|100\/100\n|-activate|p2a: Kingambit|ability: Supreme Overlord\n|-start|p2a: Kingambit|fallen2|[silent]\n|move|p1a: Mightyena|Sucker Punch||[still]\n|-fail|p1a: Mightyena\n|\n|upkeep\n|turn|11\n|\n|t:|1700778542\n|switch|p1a: Okidogi|Okidogi, M|100\/100\n|move|p2a: Kingambit|Brick Break|p1a: Okidogi\n|-resisted|p1a: Okidogi\n|-damage|p1a: Okidogi|86\/100\n|\n|-heal|p1a: Okidogi|92\/100|[from] item: Leftovers\n|upkeep\n|turn|12\n|\n|t:|1700778554\n|move|p2a: Kingambit|Kowtow Cleave|p1a: Okidogi\n|-resisted|p1a: Okidogi\n|-damage|p1a: Okidogi|69\/100\n|move|p1a: Okidogi|Bulk Up|p1a: Okidogi\n|-boost|p1a: Okidogi|atk|1\n|-boost|p1a: Okidogi|def|1\n|\n|-heal|p1a: Okidogi|75\/100|[from] item: Leftovers\n|-sideend|p2: stgamezz|move: Tailwind\n|upkeep\n|turn|13\n|\n|t:|1700778566\n|move|p2a: Kingambit|Sucker Punch|p1a: Okidogi\n|-resisted|p1a: Okidogi\n|-damage|p1a: Okidogi|62\/100\n|move|p1a: Okidogi|Drain Punch|p2a: Kingambit\n|-supereffective|p2a: Kingambit\n|-damage|p2a: Kingambit|0 fnt\n|-heal|p1a: Okidogi|100\/100|[from] drain|[of] p2a: Kingambit\n|faint|p2a: Kingambit\n|-end|p2a: Kingambit|fallen2|[silent]\n|\n|upkeep\n|\n|t:|1700778575\n|switch|p2a: Arcanine|Arcanine-Hisui, F|100\/100\n|turn|14\n|\n|t:|1700778589\n|move|p2a: Arcanine|Head Smash|p1a: Okidogi|[miss]\n|-miss|p2a: Arcanine|p1a: Okidogi\n|move|p1a: Okidogi|Drain Punch|p2a: Arcanine\n|-supereffective|p2a: Arcanine\n|-damage|p2a: Arcanine|0 fnt\n|faint|p2a: Arcanine\n|\n|upkeep\n|\n|t:|1700778597\n|switch|p2a: Rillaboom|Rillaboom, M|100\/100\n|-fieldstart|move: Grassy Terrain|[from] ability: Grassy Surge|[of] p2a: Rillaboom\n|turn|15\n|\n|t:|1700778603\n|move|p2a: Rillaboom|Fake Out|p1a: Okidogi\n|-damage|p1a: Okidogi|93\/100\n|cant|p1a: Okidogi|flinch\n|\n|-heal|p1a: Okidogi|99\/100|[from] Grassy Terrain\n|-heal|p1a: Okidogi|100\/100|[from] item: Leftovers\n|upkeep\n|turn|16\n|\n|t:|1700778614\n|-terastallize|p2a: Rillaboom|Grass\n|move|p2a: Rillaboom|Grassy Glide|p1a: Okidogi\n|-resisted|p1a: Okidogi\n|-damage|p1a: Okidogi|88\/100\n|move|p1a: Okidogi|Gunk Shot|p2a: Rillaboom\n|-supereffective|p2a: Rillaboom\n|-damage|p2a: Rillaboom|0 fnt\n|faint|p2a: Rillaboom\n|\n|-heal|p1a: Okidogi|94\/100|[from] Grassy Terrain\n|-heal|p1a: Okidogi|99\/100|[from] item: Leftovers\n|upkeep\n|\n|t:|1700778626\n|switch|p2a: Tornadus|Tornadus, M|100\/100\n|turn|17\n|\n|t:|1700778633\n|move|p2a: Tornadus|Bleakwind Storm|p1a: Okidogi\n|-supereffective|p1a: Okidogi\n|-damage|p1a: Okidogi|0 fnt\n|faint|p1a: Okidogi\n|\n|upkeep\n|\n|t:|1700778637\n|switch|p1a: Shiftry|Shiftry, F, shiny|100\/100\n|turn|18\n|\n|t:|1700778650\n|move|p2a: Tornadus|Bleakwind Storm|p1a: Shiftry\n|-ability|p1a: Shiftry|Wind Rider|boost\n|-boost|p1a: Shiftry|atk|1\n|move|p1a: Shiftry|Tailwind|p1a: Shiftry\n|-sidestart|p1: Redisdead98|move: Tailwind\n|-ability|p1a: Shiftry|Wind Rider|boost\n|-boost|p1a: Shiftry|atk|1\n|\n|upkeep\n|turn|19\n|\n|t:|1700778662\n|move|p1a: Shiftry|Sucker Punch|p2a: Tornadus\n|-damage|p2a: Tornadus|10\/100\n|move|p2a: Tornadus|Air Slash|p1a: Shiftry\n|-supereffective|p1a: Shiftry\n|-enditem|p1a: Shiftry|Focus Sash\n|-damage|p1a: Shiftry|1\/100\n|\n|-heal|p1a: Shiftry|7\/100|[from] Grassy Terrain\n|-fieldend|move: Grassy Terrain\n|upkeep\n|turn|20\n|c|\u2606Redisdead98|Gg\n|\n|t:|1700778677\n|move|p1a: Shiftry|Sucker Punch||[still]\n|-fail|p1a: Shiftry\n|move|p2a: Tornadus|Tailwind|p2a: Tornadus\n|-sidestart|p2: stgamezz|move: Tailwind\n|\n|upkeep\n|turn|21\n|\n|t:|1700778688\n|move|p2a: Tornadus|Air Slash|p1a: Shiftry\n|-supereffective|p1a: Shiftry\n|-damage|p1a: Shiftry|0 fnt\n|faint|p1a: Shiftry\n|\n|-sideend|p1: Redisdead98|move: Tailwind\n|upkeep\n|\n|t:|1700778699\n|switch|p1a: Lycanroc|Lycanroc-Dusk, M, shiny|100\/100\n|turn|22\n|inactive|stgamezz has 120 seconds left.\n|\n|t:|1700778740\n|move|p1a: Lycanroc|Accelerock|p2a: Tornadus\n|-supereffective|p2a: Tornadus\n|-damage|p2a: Tornadus|0 fnt\n|faint|p2a: Tornadus\n|\n|win|Redisdead98\n|raw|Redisdead98's rating: 1083 &rarr; <strong>1105<\/strong><br \/>(+22 for winning)\n|raw|stgamezz's rating: 1014 &rarr; <strong>1004<\/strong><br \/>(-10 for losing)\n|l|\u2606stgamezz\n","uploadtime":1700778749,"views":4,"p1id":"redisdead98","p2id":"stgamezz","formatid":"gen9ou","rating":1004,"private":0,"password":""}