{"id":"gen9ou-1994447005","p1":"powerpaisa","p2":"Kita_Otogiri","format":"[Gen 9] OU","log":"|j|\u2606powerpaisa\n|j|\u2606Kita_Otogiri\n|t:|1700444951\n|gametype|singles\n|player|p1|powerpaisa|byron|\n|player|p2|Kita_Otogiri|unknown|\n|teamsize|p1|6\n|teamsize|p2|6\n|gen|9\n|tier|[Gen 9] OU\n|rule|Sleep Clause Mod: Limit one foe put to sleep\n|rule|Species Clause: Limit one of each Pok\u00e9mon\n|rule|OHKO Clause: OHKO moves are banned\n|rule|Evasion Items Clause: Evasion items are banned\n|rule|Evasion Moves Clause: Evasion moves are banned\n|rule|Endless Battle Clause: Forcing endless battles is banned\n|rule|HP Percentage Mod: HP is shown in percentages\n|clearpoke\n|poke|p1|Alomomola, F|\n|poke|p1|Slowking-Galar, F|\n|poke|p1|Kingambit, F|\n|poke|p1|Great Tusk|\n|poke|p1|Cinderace, F|\n|poke|p1|Thundurus-Therian, M|\n|poke|p2|Ninetales-Alola, F|\n|poke|p2|Ogerpon-Wellspring, F|\n|poke|p2|Ceruledge, M|\n|poke|p2|Great Tusk|\n|poke|p2|Ting-Lu|\n|poke|p2|Sinistcha-Masterpiece|\n|teampreview\n|\n|t:|1700444966\n|start\n|switch|p1a: Cinderace|Cinderace, F|100\/100\n|switch|p2a: Ceruledge|Ceruledge, M, shiny|100\/100\n|turn|1\n|\n|t:|1700444984\n|move|p1a: Cinderace|U-turn|p2a: Ceruledge\n|-start|p1a: Cinderace|typechange|Bug|[from] ability: Libero\n|-resisted|p2a: Ceruledge\n|-damage|p2a: Ceruledge|90\/100\n|\n|t:|1700444989\n|switch|p1a: Alomomola|Alomomola, F|100\/100|[from] U-turn\n|move|p2a: Ceruledge|Taunt|p1a: Alomomola\n|-start|p1a: Alomomola|move: Taunt\n|\n|upkeep\n|turn|2\n|\n|t:|1700444999\n|switch|p2a: Ogerpon|Ogerpon-Wellspring, F|100\/100\n|move|p1a: Alomomola|Flip Turn|p2a: Ogerpon\n|-immune|p2a: Ogerpon|[from] ability: Water Absorb\n|\n|upkeep\n|turn|3\n|\n|t:|1700445014\n|switch|p1a: Slowking|Slowking-Galar, F|100\/100\n|move|p2a: Ogerpon|Swords Dance|p2a: Ogerpon\n|-boost|p2a: Ogerpon|atk|2\n|\n|upkeep\n|turn|4\n|\n|t:|1700445032\n|-terastallize|p2a: Ogerpon|Water\n|detailschange|p2a: Ogerpon|Ogerpon-Wellspring-Tera, F, tera:Water\n|-ability|p2a: Ogerpon|Embody Aspect (Wellspring)|boost\n|-boost|p2a: Ogerpon|spd|1\n|move|p2a: Ogerpon|Ivy Cudgel|p1a: Slowking|[anim] Ivy Cudgel Water\n|-crit|p1a: Slowking\n|-damage|p1a: Slowking|0 fnt\n|faint|p1a: Slowking\n|\n|upkeep\n|\n|t:|1700445042\n|switch|p1a: Thundurus|Thundurus-Therian, M|100\/100\n|turn|5\n|\n|t:|1700445048\n|switch|p2a: Ting-Lu|Ting-Lu|100\/100\n|-ability|p2a: Ting-Lu|Vessel of Ruin\n|move|p1a: Thundurus|Volt Switch|p2a: Ting-Lu\n|-immune|p2a: Ting-Lu\n|\n|upkeep\n|turn|6\n|\n|t:|1700445058\n|switch|p1a: Great Tusk|Great Tusk|100\/100\n|switch|p2a: Ninetales|Ninetales-Alola, F, shiny|100\/100\n|-weather|Snow|[from] ability: Snow Warning|[of] p2a: Ninetales\n|\n|-weather|Snow|[upkeep]\n|upkeep\n|turn|7\n|\n|t:|1700445065\n|-end|p1a: Great Tusk|Protosynthesis|[silent]\n|switch|p1a: Cinderace|Cinderace, F|100\/100\n|move|p2a: Ninetales|Freeze-Dry|p1a: Cinderace\n|-resisted|p1a: Cinderace\n|-damage|p1a: Cinderace|87\/100\n|\n|-weather|Snow|[upkeep]\n|upkeep\n|turn|8\n|\n|t:|1700445075\n|switch|p2a: Ceruledge|Ceruledge, M, shiny|90\/100\n|move|p1a: Cinderace|Will-O-Wisp|p2a: Ceruledge\n|-start|p2a: Ceruledge|ability: Flash Fire\n|\n|-weather|Snow|[upkeep]\n|upkeep\n|turn|9\n|\n|t:|1700445096\n|move|p1a: Cinderace|U-turn|p2a: Ceruledge\n|-start|p1a: Cinderace|typechange|Bug|[from] ability: Libero\n|-resisted|p2a: Ceruledge\n|-damage|p2a: Ceruledge|80\/100\n|\n|t:|1700445105\n|switch|p1a: Great Tusk|Great Tusk|100\/100|[from] U-turn\n|move|p2a: Ceruledge|Taunt|p1a: Great Tusk\n|-start|p1a: Great Tusk|move: Taunt\n|\n|-weather|Snow|[upkeep]\n|upkeep\n|turn|10\n|\n|t:|1700445132\n|move|p1a: Great Tusk|Headlong Rush|p2a: Ceruledge\n|-supereffective|p2a: Ceruledge\n|-damage|p2a: Ceruledge|0 fnt\n|-unboost|p1a: Great Tusk|def|1\n|-unboost|p1a: Great Tusk|spd|1\n|faint|p2a: Ceruledge\n|\n|-weather|none\n|upkeep\n|\n|t:|1700445142\n|switch|p2a: Ogerpon|Ogerpon-Wellspring-Tera, F, tera:Water|100\/100\n|-ability|p2a: Ogerpon|Embody Aspect (Wellspring)|boost\n|-boost|p2a: Ogerpon|spd|1\n|turn|11\n|\n|t:|1700445159\n|-end|p1a: Great Tusk|Protosynthesis|[silent]\n|switch|p1a: Alomomola|Alomomola, F|100\/100\n|move|p2a: Ogerpon|Trailblaze|p1a: Alomomola\n|-supereffective|p1a: Alomomola\n|-damage|p1a: Alomomola|62\/100\n|-boost|p2a: Ogerpon|spe|1\n|-enditem|p1a: Alomomola|Red Card|[of] p2a: Ogerpon\n|drag|p2a: Ninetales|Ninetales-Alola, F, shiny|100\/100\n|-weather|Snow|[from] ability: Snow Warning|[of] p2a: Ninetales\n|\n|-weather|Snow|[upkeep]\n|upkeep\n|turn|12\n|\n|t:|1700445169\n|move|p2a: Ninetales|Aurora Veil|p2a: Ninetales\n|-sidestart|p2: Kita_Otogiri|move: Aurora Veil\n|move|p1a: Alomomola|Wish|p1a: Alomomola\n|\n|-weather|Snow|[upkeep]\n|upkeep\n|turn|13\n|\n|t:|1700445180\n|move|p2a: Ninetales|Freeze-Dry|p1a: Alomomola\n|-supereffective|p1a: Alomomola\n|-damage|p1a: Alomomola|28\/100\n|move|p1a: Alomomola|Flip Turn|p2a: Ninetales\n|-damage|p2a: Ninetales|94\/100\n|\n|t:|1700445191\n|switch|p1a: Cinderace|Cinderace, F|87\/100|[from] Flip Turn\n|\n|-weather|Snow|[upkeep]\n|-heal|p1a: Cinderace|100\/100|[from] move: Wish|[wisher] Alomomola\n|upkeep\n|turn|14\n|\n|t:|1700445200\n|move|p1a: Cinderace|Court Change|p1a: Cinderace\n|-start|p1a: Cinderace|typechange|Normal|[from] ability: Libero\n|-swapsideconditions\n|-activate|p1a: Cinderace|move: Court Change\n|move|p2a: Ninetales|Aurora Veil|p2a: Ninetales\n|-sidestart|p2: Kita_Otogiri|move: Aurora Veil\n|\n|-weather|Snow|[upkeep]\n|upkeep\n|turn|15\n|\n|t:|1700445212\n|switch|p2a: Ogerpon|Ogerpon-Wellspring-Tera, F, tera:Water|100\/100\n|-ability|p2a: Ogerpon|Embody Aspect (Wellspring)|boost\n|-boost|p2a: Ogerpon|spd|1\n|move|p1a: Cinderace|Pyro Ball|p2a: Ogerpon\n|-resisted|p2a: Ogerpon\n|-damage|p2a: Ogerpon|89\/100\n|\n|-weather|none\n|upkeep\n|turn|16\n|\n|t:|1700445221\n|move|p1a: Cinderace|U-turn|p2a: Ogerpon\n|-crit|p2a: Ogerpon\n|-damage|p2a: Ogerpon|42\/100\n|\n|t:|1700445225\n|switch|p1a: Alomomola|Alomomola, F|61\/100|[from] U-turn\n|move|p2a: Ogerpon|Swords Dance|p2a: Ogerpon\n|-boost|p2a: Ogerpon|atk|2\n|\n|upkeep\n|turn|17\n|\n|t:|1700445230\n|move|p2a: Ogerpon|Trailblaze|p1a: Alomomola\n|-supereffective|p1a: Alomomola\n|-damage|p1a: Alomomola|29\/100\n|-boost|p2a: Ogerpon|spe|1\n|move|p1a: Alomomola|Wish|p1a: Alomomola\n|\n|upkeep\n|turn|18\n|\n|t:|1700445254\n|move|p2a: Ogerpon|Trailblaze|p1a: Alomomola\n|-supereffective|p1a: Alomomola\n|-damage|p1a: Alomomola|0 fnt\n|-boost|p2a: Ogerpon|spe|1\n|faint|p1a: Alomomola\n|\n|upkeep\n|\n|t:|1700445259\n|switch|p1a: Cinderace|Cinderace, F|100\/100\n|turn|19\n|\n|t:|1700445265\n|move|p2a: Ogerpon|Ivy Cudgel|p1a: Cinderace|[anim] Ivy Cudgel Water\n|-supereffective|p1a: Cinderace\n|-damage|p1a: Cinderace|0 fnt\n|faint|p1a: Cinderace\n|\n|-sideend|p1: powerpaisa|move: Aurora Veil\n|upkeep\n|\n|t:|1700445272\n|switch|p1a: Kingambit|Kingambit, F|100\/100\n|-activate|p1a: Kingambit|ability: Supreme Overlord\n|-start|p1a: Kingambit|fallen3|[silent]\n|turn|20\n|\n|t:|1700445279\n|switch|p2a: Great Tusk|Great Tusk|100\/100\n|move|p1a: Kingambit|Sucker Punch||[still]\n|-fail|p1a: Kingambit\n|\n|upkeep\n|turn|21\n|\n|t:|1700445287\n|-end|p1a: Kingambit|fallen3|[silent]\n|switch|p1a: Thundurus|Thundurus-Therian, M|100\/100\n|move|p2a: Great Tusk|Knock Off|p1a: Thundurus\n|-damage|p1a: Thundurus|54\/100\n|-enditem|p1a: Thundurus|Choice Specs|[from] move: Knock Off|[of] p2a: Great Tusk\n|\n|-sideend|p2: Kita_Otogiri|move: Aurora Veil\n|upkeep\n|turn|22\n|\n|t:|1700445301\n|-end|p2a: Great Tusk|Protosynthesis|[silent]\n|switch|p2a: Sinistcha|Sinistcha-Masterpiece, shiny|100\/100\n|move|p1a: Thundurus|Grass Knot|p2a: Sinistcha\n|-resisted|p2a: Sinistcha\n|-damage|p2a: Sinistcha|97\/100\n|\n|upkeep\n|turn|23\n|\n|t:|1700445318\n|move|p1a: Thundurus|Knock Off|p2a: Sinistcha\n|-supereffective|p2a: Sinistcha\n|-damage|p2a: Sinistcha|55\/100\n|-enditem|p2a: Sinistcha|Weakness Policy\n|-boost|p2a: Sinistcha|atk|2|[from] item: Weakness Policy\n|-boost|p2a: Sinistcha|spa|2|[from] item: Weakness Policy\n|move|p2a: Sinistcha|Matcha Gotcha|p1a: Thundurus\n|-resisted|p1a: Thundurus\n|-damage|p1a: Thundurus|2\/100\n|-heal|p2a: Sinistcha|77\/100|[from] drain|[of] p1a: Thundurus\n|\n|upkeep\n|turn|24\n|\n|t:|1700445331\n|-terastallize|p1a: Thundurus|Flying\n|move|p1a: Thundurus|Tera Blast|p2a: Sinistcha|[anim] Tera Blast Flying\n|-supereffective|p2a: Sinistcha\n|-damage|p2a: Sinistcha|0 fnt\n|faint|p2a: Sinistcha\n|\n|upkeep\n|\n|t:|1700445340\n|switch|p2a: Ninetales|Ninetales-Alola, F, shiny|94\/100\n|-weather|Snow|[from] ability: Snow Warning|[of] p2a: Ninetales\n|turn|25\n|\n|t:|1700445346\n|move|p2a: Ninetales|Moonblast|p1a: Thundurus\n|-damage|p1a: Thundurus|0 fnt\n|faint|p1a: Thundurus\n|\n|-weather|Snow|[upkeep]\n|upkeep\n|\n|t:|1700445349\n|switch|p1a: Kingambit|Kingambit, F|100\/100\n|-activate|p1a: Kingambit|ability: Supreme Overlord\n|-start|p1a: Kingambit|fallen4|[silent]\n|turn|26\n|\n|t:|1700445355\n|switch|p2a: Great Tusk|Great Tusk|100\/100\n|move|p1a: Kingambit|Iron Head|p2a: Great Tusk\n|-damage|p2a: Great Tusk|61\/100\n|\n|-weather|Snow|[upkeep]\n|-heal|p2a: Great Tusk|67\/100|[from] item: Leftovers\n|upkeep\n|turn|27\n|\n|t:|1700445371\n|move|p2a: Great Tusk|Earthquake|p1a: Kingambit\n|-supereffective|p1a: Kingambit\n|-damage|p1a: Kingambit|39\/100\n|move|p1a: Kingambit|Swords Dance|p1a: Kingambit\n|-boost|p1a: Kingambit|atk|2\n|\n|-weather|Snow|[upkeep]\n|-heal|p2a: Great Tusk|73\/100|[from] item: Leftovers\n|-heal|p1a: Kingambit|45\/100|[from] item: Leftovers\n|upkeep\n|turn|28\n|\n|t:|1700445385\n|move|p2a: Great Tusk|Earthquake|p1a: Kingambit\n|-supereffective|p1a: Kingambit\n|-damage|p1a: Kingambit|0 fnt\n|faint|p1a: Kingambit\n|-end|p1a: Kingambit|fallen4|[silent]\n|\n|-weather|Snow|[upkeep]\n|-heal|p2a: Great Tusk|79\/100|[from] item: Leftovers\n|upkeep\n|\n|t:|1700445387\n|switch|p1a: Great Tusk|Great Tusk|100\/100\n|turn|29\n|\n|t:|1700445391\n|move|p1a: Great Tusk|Ice Spinner|p2a: Great Tusk\n|-supereffective|p2a: Great Tusk\n|-damage|p2a: Great Tusk|45\/100\n|move|p2a: Great Tusk|Knock Off|p1a: Great Tusk\n|-resisted|p1a: Great Tusk\n|-damage|p1a: Great Tusk|90\/100\n|-damage|p2a: Great Tusk|29\/100|[from] item: Rocky Helmet|[of] p1a: Great Tusk\n|-enditem|p1a: Great Tusk|Rocky Helmet|[from] move: Knock Off|[of] p2a: Great Tusk\n|\n|-weather|none\n|-heal|p2a: Great Tusk|35\/100|[from] item: Leftovers\n|upkeep\n|turn|30\n|\n|t:|1700445406\n|-end|p2a: Great Tusk|Protosynthesis|[silent]\n|switch|p2a: Ting-Lu|Ting-Lu|100\/100\n|-ability|p2a: Ting-Lu|Vessel of Ruin\n|move|p1a: Great Tusk|Ice Spinner|p2a: Ting-Lu\n|-supereffective|p2a: Ting-Lu\n|-damage|p2a: Ting-Lu|69\/100\n|\n|-heal|p2a: Ting-Lu|75\/100|[from] item: Leftovers\n|upkeep\n|turn|31\n|\n|t:|1700445414\n|move|p1a: Great Tusk|Ice Spinner|p2a: Ting-Lu\n|-supereffective|p2a: Ting-Lu\n|-damage|p2a: Ting-Lu|46\/100\n|move|p2a: Ting-Lu|Ruination|p1a: Great Tusk\n|-damage|p1a: Great Tusk|45\/100\n|\n|-heal|p2a: Ting-Lu|53\/100|[from] item: Leftovers\n|upkeep\n|turn|32\n|\n|t:|1700445419\n|move|p1a: Great Tusk|Ice Spinner|p2a: Ting-Lu\n|-supereffective|p2a: Ting-Lu\n|-damage|p2a: Ting-Lu|24\/100\n|move|p2a: Ting-Lu|Ruination|p1a: Great Tusk\n|-damage|p1a: Great Tusk|23\/100\n|\n|-heal|p2a: Ting-Lu|30\/100|[from] item: Leftovers\n|upkeep\n|turn|33\n|\n|t:|1700445422\n|move|p1a: Great Tusk|Ice Spinner|p2a: Ting-Lu\n|-supereffective|p2a: Ting-Lu\n|-damage|p2a: Ting-Lu|1\/100\n|move|p2a: Ting-Lu|Earthquake|p1a: Great Tusk\n|-damage|p1a: Great Tusk|0 fnt\n|faint|p1a: Great Tusk\n|-end|p1a: Great Tusk|Protosynthesis|[silent]\n|\n|win|Kita_Otogiri\n|c|\u2606Kita_Otogiri|Gg\n|c|\u2606powerpaisa|Gg\n","uploadtime":1700445436,"views":25,"p1id":"powerpaisa","p2id":"kitaotogiri","formatid":"gen9ou","rating":0,"private":0,"password":""}