{"id":"gen9ou-1993349346","p1":"draco9746","p2":"Ragnarfinity","format":"[Gen 9] OU","log":"|j|\u2606draco9746\n|j|\u2606Ragnarfinity\n|t:|1700303621\n|gametype|singles\n|player|p1|draco9746|cynthia|1306\n|player|p2|Ragnarfinity|170|1249\n|teamsize|p1|6\n|teamsize|p2|6\n|gen|9\n|tier|[Gen 9] OU\n|rated|\n|rule|Sleep Clause Mod: Limit one foe put to sleep\n|rule|Species Clause: Limit one of each Pok\u00e9mon\n|rule|OHKO Clause: OHKO moves are banned\n|rule|Evasion Items Clause: Evasion items are banned\n|rule|Evasion Moves Clause: Evasion moves are banned\n|rule|Endless Battle Clause: Forcing endless battles is banned\n|rule|HP Percentage Mod: HP is shown in percentages\n|clearpoke\n|poke|p1|Hatterene, F|\n|poke|p1|Kingambit, M|\n|poke|p1|Ogerpon-Wellspring, F|\n|poke|p1|Dragapult, F|\n|poke|p1|Sneasler, F|\n|poke|p1|Rotom-Wash|\n|poke|p2|Alomomola, F|\n|poke|p2|Slowking-Galar, F|\n|poke|p2|Kingambit, F|\n|poke|p2|Great Tusk|\n|poke|p2|Cinderace, F|\n|poke|p2|Thundurus-Therian, M|\n|teampreview\n|inactive|Battle timer is ON: inactive players will automatically lose when time's up. (requested by draco9746)\n|\n|t:|1700303641\n|start\n|switch|p1a: Dragapult|Dragapult, F|100\/100\n|switch|p2a: Cinderace|Cinderace, F|100\/100\n|turn|1\n|\n|t:|1700303652\n|move|p1a: Dragapult|Draco Meteor|p2a: Cinderace\n|-damage|p2a: Cinderace|0 fnt\n|-unboost|p1a: Dragapult|spa|2\n|faint|p2a: Cinderace\n|\n|upkeep\n|\n|t:|1700303670\n|switch|p2a: Thundurus|Thundurus-Therian, M|100\/100\n|turn|2\n|\n|t:|1700303696\n|switch|p1a: Hatterene|Hatterene, F|100\/100\n|move|p2a: Thundurus|Volt Switch|p1a: Hatterene\n|-damage|p1a: Hatterene|39\/100\n|\n|t:|1700303709\n|switch|p2a: Kingambit|Kingambit, F|100\/100|[from] Volt Switch\n|-activate|p2a: Kingambit|ability: Supreme Overlord\n|-start|p2a: Kingambit|fallen1|[silent]\n|\n|-heal|p1a: Hatterene|45\/100|[from] item: Leftovers\n|upkeep\n|turn|3\n|\n|t:|1700303717\n|move|p2a: Kingambit|Kowtow Cleave|p1a: Hatterene\n|-damage|p1a: Hatterene|0 fnt\n|faint|p1a: Hatterene\n|\n|upkeep\n|\n|t:|1700303727\n|switch|p1a: Ogerpon|Ogerpon-Wellspring, F|100\/100\n|turn|4\n|\n|t:|1700303734\n|move|p1a: Ogerpon|Ivy Cudgel|p2a: Kingambit|[anim] Ivy Cudgel Water\n|-damage|p2a: Kingambit|58\/100\n|move|p2a: Kingambit|Kowtow Cleave|p1a: Ogerpon\n|-damage|p1a: Ogerpon|32\/100\n|\n|-heal|p2a: Kingambit|64\/100|[from] item: Leftovers\n|upkeep\n|turn|5\n|\n|t:|1700303742\n|move|p2a: Kingambit|Sucker Punch|p1a: Ogerpon\n|-damage|p1a: Ogerpon|0 fnt\n|faint|p1a: Ogerpon\n|\n|-heal|p2a: Kingambit|70\/100|[from] item: Leftovers\n|upkeep\n|\n|t:|1700303751\n|switch|p1a: Rotom|Rotom-Wash|100\/100\n|turn|6\n|\n|t:|1700303756\n|-end|p2a: Kingambit|fallen1|[silent]\n|switch|p2a: Slowking|Slowking-Galar, F|100\/100\n|move|p1a: Rotom|Thunder Wave|p2a: Slowking\n|-status|p2a: Slowking|par\n|\n|upkeep\n|turn|7\n|\n|t:|1700303767\n|move|p1a: Rotom|Volt Switch|p2a: Slowking\n|-damage|p2a: Slowking|86\/100 par\n|\n|t:|1700303770\n|switch|p1a: Dragapult|Dragapult, F|100\/100|[from] Volt Switch\n|move|p2a: Slowking|Future Sight|p1a: Dragapult\n|-start|p2a: Slowking|move: Future Sight\n|\n|upkeep\n|turn|8\n|\n|t:|1700303778\n|move|p1a: Dragapult|Shadow Ball|p2a: Slowking\n|-supereffective|p2a: Slowking\n|-damage|p2a: Slowking|23\/100 par\n|move|p2a: Slowking|Chilly Reception|p2a: Slowking\n|-weather|Snow\n|\n|t:|1700303789\n|switch|p2a: Kingambit|Kingambit, F|70\/100|[from] Chilly Reception\n|-activate|p2a: Kingambit|ability: Supreme Overlord\n|-start|p2a: Kingambit|fallen1|[silent]\n|\n|-weather|Snow|[upkeep]\n|-heal|p2a: Kingambit|76\/100|[from] item: Leftovers\n|upkeep\n|turn|9\n|\n|t:|1700303798\n|switch|p1a: Rotom|Rotom-Wash|100\/100\n|move|p2a: Kingambit|Kowtow Cleave|p1a: Rotom\n|-damage|p1a: Rotom|54\/100\n|\n|-weather|Snow|[upkeep]\n|-end|p1a: Rotom|move: Future Sight\n|-damage|p1a: Rotom|10\/100\n|-heal|p1a: Rotom|17\/100|[from] item: Leftovers\n|-heal|p2a: Kingambit|83\/100|[from] item: Leftovers\n|upkeep\n|turn|10\n|\n|t:|1700303808\n|-end|p2a: Kingambit|fallen1|[silent]\n|switch|p2a: Slowking|Slowking-Galar, F|57\/100 par\n|move|p1a: Rotom|Thunder Wave|p2a: Slowking|[miss]\n|-miss|p1a: Rotom|p2a: Slowking\n|\n|-weather|Snow|[upkeep]\n|-heal|p1a: Rotom|23\/100|[from] item: Leftovers\n|upkeep\n|turn|11\n|\n|t:|1700303818\n|move|p1a: Rotom|Volt Switch|p2a: Slowking\n|-damage|p2a: Slowking|40\/100 par\n|\n|t:|1700303823\n|switch|p1a: Dragapult|Dragapult, F|100\/100|[from] Volt Switch\n|move|p2a: Slowking|Future Sight|p1a: Dragapult\n|-start|p2a: Slowking|move: Future Sight\n|\n|-weather|Snow|[upkeep]\n|upkeep\n|turn|12\n|\n|t:|1700303834\n|switch|p2a: Alomomola|Alomomola, F|100\/100\n|move|p1a: Dragapult|Shadow Ball|p2a: Alomomola\n|-damage|p2a: Alomomola|50\/100\n|-unboost|p2a: Alomomola|spd|1\n|-enditem|p2a: Alomomola|Red Card|[of] p1a: Dragapult\n|drag|p1a: Sneasler|Sneasler, F|100\/100\n|\n|-weather|none\n|upkeep\n|turn|13\n|\n|t:|1700303843\n|switch|p1a: Rotom|Rotom-Wash|23\/100\n|move|p2a: Alomomola|Flip Turn|p1a: Rotom\n|-resisted|p1a: Rotom\n|-damage|p1a: Rotom|17\/100\n|\n|t:|1700303848\n|switch|p2a: Thundurus|Thundurus-Therian, M|100\/100|[from] Flip Turn\n|\n|-end|p1a: Rotom|move: Future Sight\n|-damage|p1a: Rotom|0 fnt\n|faint|p1a: Rotom\n|upkeep\n|\n|t:|1700303854\n|switch|p1a: Dragapult|Dragapult, F|100\/100\n|turn|14\n|\n|t:|1700303860\n|switch|p2a: Slowking|Slowking-Galar, F|74\/100 par\n|move|p1a: Dragapult|Draco Meteor|p2a: Slowking\n|-damage|p2a: Slowking|25\/100 par\n|-unboost|p1a: Dragapult|spa|2\n|\n|upkeep\n|turn|15\n|\n|t:|1700303869\n|switch|p1a: Kingambit|Kingambit, M|100\/100\n|-activate|p1a: Kingambit|ability: Supreme Overlord\n|-start|p1a: Kingambit|fallen3|[silent]\n|switch|p2a: Alomomola|Alomomola, F|83\/100\n|\n|upkeep\n|turn|16\n|\n|t:|1700303878\n|move|p1a: Kingambit|Swords Dance|p1a: Kingambit\n|-boost|p1a: Kingambit|atk|2\n|move|p2a: Alomomola|Scald|p1a: Kingambit\n|-damage|p1a: Kingambit|84\/100\n|-status|p1a: Kingambit|brn\n|-enditem|p1a: Kingambit|Lum Berry|[eat]\n|-curestatus|p1a: Kingambit|brn|[msg]\n|\n|upkeep\n|turn|17\n|\n|t:|1700303886\n|move|p1a: Kingambit|Kowtow Cleave|p2a: Alomomola\n|-damage|p2a: Alomomola|4\/100\n|move|p2a: Alomomola|Scald|p1a: Kingambit\n|-damage|p1a: Kingambit|68\/100\n|\n|upkeep\n|turn|18\n|\n|t:|1700303896\n|move|p1a: Kingambit|Kowtow Cleave|p2a: Alomomola\n|-damage|p2a: Alomomola|0 fnt\n|faint|p2a: Alomomola\n|\n|upkeep\n|\n|t:|1700303899\n|switch|p2a: Great Tusk|Great Tusk|100\/100\n|turn|19\n|\n|t:|1700303904\n|move|p1a: Kingambit|Sucker Punch|p2a: Great Tusk\n|-resisted|p2a: Great Tusk\n|-damage|p2a: Great Tusk|61\/100\n|-damage|p1a: Kingambit|52\/100|[from] item: Rocky Helmet|[of] p2a: Great Tusk\n|move|p2a: Great Tusk|Headlong Rush|p1a: Kingambit\n|-supereffective|p1a: Kingambit\n|-damage|p1a: Kingambit|0 fnt\n|-unboost|p2a: Great Tusk|def|1\n|-unboost|p2a: Great Tusk|spd|1\n|faint|p1a: Kingambit\n|-end|p1a: Kingambit|fallen3|[silent]\n|\n|upkeep\n|\n|t:|1700303914\n|switch|p1a: Sneasler|Sneasler, F|100\/100\n|turn|20\n|\n|t:|1700303919\n|move|p1a: Sneasler|Fake Out|p2a: Great Tusk\n|-enditem|p1a: Sneasler|Normal Gem|[from] gem\n|-damage|p2a: Great Tusk|40\/100\n|-damage|p1a: Sneasler|84\/100|[from] item: Rocky Helmet|[of] p2a: Great Tusk\n|cant|p2a: Great Tusk|flinch\n|\n|upkeep\n|turn|21\n|\n|t:|1700303926\n|-terastallize|p1a: Sneasler|Flying\n|move|p1a: Sneasler|Acrobatics|p2a: Great Tusk\n|-supereffective|p2a: Great Tusk\n|-damage|p2a: Great Tusk|0 fnt\n|-damage|p1a: Sneasler|67\/100|[from] item: Rocky Helmet|[of] p2a: Great Tusk\n|faint|p2a: Great Tusk\n|-end|p2a: Great Tusk|Protosynthesis|[silent]\n|\n|upkeep\n|\n|t:|1700303933\n|switch|p2a: Kingambit|Kingambit, F|83\/100\n|-activate|p2a: Kingambit|ability: Supreme Overlord\n|-start|p2a: Kingambit|fallen3|[silent]\n|turn|22\n|\n|t:|1700303937\n|move|p2a: Kingambit|Sucker Punch|p1a: Sneasler\n|-damage|p1a: Sneasler|0 fnt\n|faint|p1a: Sneasler\n|\n|-heal|p2a: Kingambit|89\/100|[from] item: Leftovers\n|upkeep\n|\n|t:|1700303942\n|switch|p1a: Dragapult|Dragapult, F|100\/100\n|turn|23\n|\n|t:|1700303945\n|move|p2a: Kingambit|Sucker Punch|p1a: Dragapult\n|-supereffective|p1a: Dragapult\n|-damage|p1a: Dragapult|0 fnt\n|faint|p1a: Dragapult\n|\n|win|Ragnarfinity\n|raw|draco9746's rating: 1306 &rarr; <strong>1283<\/strong><br \/>(-23 for losing)\n|raw|Ragnarfinity's rating: 1249 &rarr; <strong>1278<\/strong><br \/>(+29 for winning)\n|c|\u2606Ragnarfinity|gg\n|c|\u2606draco9746|gg\n","uploadtime":1700303952,"views":9,"p1id":"draco9746","p2id":"ragnarfinity","formatid":"gen9ou","rating":1278,"private":0,"password":""}