{"id":"gen9ou-1994719242","p1":"hongyitheyeti","p2":"yoichii","format":"[Gen 9] OU","log":"|j|\u2606hongyitheyeti\n|j|\u2606yoichii\n|t:|1700485362\n|gametype|singles\n|player|p1|hongyitheyeti|2|1339\n|player|p2|yoichii|n|1366\n|teamsize|p1|6\n|teamsize|p2|6\n|gen|9\n|tier|[Gen 9] OU\n|rated|\n|rule|Sleep Clause Mod: Limit one foe put to sleep\n|rule|Species Clause: Limit one of each Pok\u00e9mon\n|rule|OHKO Clause: OHKO moves are banned\n|rule|Evasion Items Clause: Evasion items are banned\n|rule|Evasion Moves Clause: Evasion moves are banned\n|rule|Endless Battle Clause: Forcing endless battles is banned\n|rule|HP Percentage Mod: HP is shown in percentages\n|clearpoke\n|poke|p1|Zapdos|\n|poke|p1|Ogerpon-Wellspring, F|\n|poke|p1|Great Tusk|\n|poke|p1|Landorus-Therian, M|\n|poke|p1|Gholdengo|\n|poke|p1|Moltres|\n|poke|p2|Thundurus-Therian, M|\n|poke|p2|Iron Valiant|\n|poke|p2|Kingambit, F|\n|poke|p2|Skeledirge, M|\n|poke|p2|Corviknight, M|\n|poke|p2|Walking Wake|\n|teampreview\n|inactive|Battle timer is ON: inactive players will automatically lose when time's up. (requested by hongyitheyeti)\n|inactive|yoichii also wants the timer to be on.\n|\n|t:|1700485381\n|start\n|switch|p1a: Landorus|Landorus-Therian, M|100\/100\n|switch|p2a: Walking Wake|Walking Wake|100\/100\n|-ability|p1a: Landorus|Intimidate|boost\n|-unboost|p2a: Walking Wake|atk|1\n|turn|1\n|\n|t:|1700485386\n|move|p1a: Landorus|U-turn|p2a: Walking Wake\n|-damage|p2a: Walking Wake|78\/100\n|\n|t:|1700485390\n|switch|p1a: Zapdos|Zapdos|100\/100|[from] U-turn\n|move|p2a: Walking Wake|Dragon Pulse|p1a: Zapdos\n|-damage|p1a: Zapdos|75\/100\n|\n|upkeep\n|turn|2\n|\n|t:|1700485413\n|move|p2a: Walking Wake|Hydro Pump|p1a: Zapdos\n|-damage|p1a: Zapdos|39\/100\n|move|p1a: Zapdos|Thunder Wave|p2a: Walking Wake\n|-status|p2a: Walking Wake|par\n|\n|upkeep\n|turn|3\n|\n|t:|1700485429\n|-end|p2a: Walking Wake|Protosynthesis|[silent]\n|switch|p2a: Thundurus|Thundurus-Therian, M, shiny|100\/100\n|move|p1a: Zapdos|Roost|p1a: Zapdos\n|-heal|p1a: Zapdos|89\/100\n|-singleturn|p1a: Zapdos|move: Roost\n|\n|upkeep\n|turn|4\n|\n|t:|1700485440\n|switch|p1a: Landorus|Landorus-Therian, M|100\/100\n|-ability|p1a: Landorus|Intimidate|boost\n|-unboost|p2a: Thundurus|atk|1\n|move|p2a: Thundurus|Psychic|p1a: Landorus\n|-damage|p1a: Landorus|51\/100\n|\n|upkeep\n|turn|5\n|\n|t:|1700485447\n|move|p1a: Landorus|Stone Edge|p2a: Thundurus\n|-supereffective|p2a: Thundurus\n|-damage|p2a: Thundurus|0 fnt\n|faint|p2a: Thundurus\n|\n|upkeep\n|\n|t:|1700485456\n|switch|p2a: Walking Wake|Walking Wake|78\/100 par\n|turn|6\n|\n|t:|1700485461\n|switch|p1a: Zapdos|Zapdos|89\/100\n|move|p2a: Walking Wake|Draco Meteor|p1a: Zapdos\n|-damage|p1a: Zapdos|47\/100\n|-unboost|p2a: Walking Wake|spa|2\n|\n|upkeep\n|turn|7\n|\n|t:|1700485468\n|-end|p2a: Walking Wake|Protosynthesis|[silent]\n|switch|p2a: Kingambit|Kingambit, F, shiny|100\/100\n|-activate|p2a: Kingambit|ability: Supreme Overlord\n|-start|p2a: Kingambit|fallen1|[silent]\n|move|p1a: Zapdos|Roost|p1a: Zapdos\n|-heal|p1a: Zapdos|97\/100\n|-singleturn|p1a: Zapdos|move: Roost\n|\n|upkeep\n|turn|8\n|\n|t:|1700485470\n|move|p1a: Zapdos|Thunder Wave|p2a: Kingambit\n|-status|p2a: Kingambit|par\n|cant|p2a: Kingambit|par\n|\n|upkeep\n|turn|9\n|-message|yoichii forfeited.\n|\n|win|hongyitheyeti\n|raw|hongyitheyeti's rating: 1339 &rarr; <strong>1361<\/strong><br \/>(+22 for winning)\n|raw|yoichii's rating: 1366 &rarr; <strong>1344<\/strong><br \/>(-22 for losing)\n|l|\u2606yoichii\n","uploadtime":1700485479,"views":6,"p1id":"hongyitheyeti","p2id":"yoichii","formatid":"gen9ou","rating":1344,"private":0,"password":""}