{"id":"gen9ou-1992656306","p1":"MonkeyDcleme","p2":"TeamYourNoobs","format":"[Gen 9] OU","log":"|j|\u2606MonkeyDcleme\n|j|\u2606TeamYourNoobs\n|t:|1700221243\n|gametype|singles\n|player|p1|MonkeyDcleme|red|1004\n|player|p2|TeamYourNoobs|265|1026\n|teamsize|p1|6\n|teamsize|p2|6\n|gen|9\n|tier|[Gen 9] OU\n|rated|\n|rule|Sleep Clause Mod: Limit one foe put to sleep\n|rule|Species Clause: Limit one of each Pok\u00e9mon\n|rule|OHKO Clause: OHKO moves are banned\n|rule|Evasion Items Clause: Evasion items are banned\n|rule|Evasion Moves Clause: Evasion moves are banned\n|rule|Endless Battle Clause: Forcing endless battles is banned\n|rule|HP Percentage Mod: HP is shown in percentages\n|clearpoke\n|poke|p1|Ambipom, M|\n|poke|p1|Azumarill, M|\n|poke|p1|Infernape, M|\n|poke|p1|Decidueye-Hisui, M|\n|poke|p1|Eelektross, M|\n|poke|p1|Ribombee, F|\n|poke|p2|Dragapult, F|\n|poke|p2|Garchomp, F|\n|poke|p2|Gholdengo|\n|poke|p2|Cinderace, F|\n|poke|p2|Glimmora, F|\n|poke|p2|Ogerpon-Wellspring, F|\n|teampreview\n|inactive|Battle timer is ON: inactive players will automatically lose when time's up. (requested by TeamYourNoobs)\n|\n|t:|1700221249\n|start\n|switch|p1a: Ambipom|Ambipom, M|100\/100\n|switch|p2a: Glimmora|Glimmora, F|100\/100\n|turn|1\n|\n|t:|1700221253\n|-terastallize|p1a: Ambipom|Normal\n|move|p1a: Ambipom|Fake Out|p2a: Glimmora\n|-resisted|p2a: Glimmora\n|-damage|p2a: Glimmora|75\/100\n|-activate|p2a: Glimmora|ability: Toxic Debris\n|-sidestart|p1: MonkeyDcleme|move: Toxic Spikes\n|cant|p2a: Glimmora|flinch\n|\n|upkeep\n|turn|2\n|\n|t:|1700221260\n|switch|p1a: Eelektross|Eelektross, M|100\/100\n|move|p2a: Glimmora|Sludge Wave|p1a: Eelektross\n|-damage|p1a: Eelektross|30\/100\n|\n|-heal|p1a: Eelektross|36\/100|[from] item: Leftovers\n|upkeep\n|turn|3\n|\n|t:|1700221264\n|move|p2a: Glimmora|Sludge Wave|p1a: Eelektross\n|-damage|p1a: Eelektross|0 fnt\n|faint|p1a: Eelektross\n|\n|upkeep\n|\n|t:|1700221271\n|switch|p1a: Ribombee|Ribombee, F|100\/100\n|-status|p1a: Ribombee|psn\n|turn|4\n|\n|t:|1700221274\n|move|p1a: Ribombee|Quiver Dance|p1a: Ribombee\n|-boost|p1a: Ribombee|spa|1\n|-boost|p1a: Ribombee|spd|1\n|-boost|p1a: Ribombee|spe|1\n|move|p2a: Glimmora|Sludge Wave|p1a: Ribombee\n|-supereffective|p1a: Ribombee\n|-damage|p1a: Ribombee|0 fnt\n|faint|p1a: Ribombee\n|\n|upkeep\n|\n|t:|1700221278\n|switch|p1a: Azumarill|Azumarill, M|100\/100\n|-status|p1a: Azumarill|psn\n|turn|5\n|\n|t:|1700221281\n|move|p1a: Azumarill|Aqua Jet|p2a: Glimmora\n|-supereffective|p2a: Glimmora\n|-damage|p2a: Glimmora|45\/100\n|-activate|p2a: Glimmora|ability: Toxic Debris\n|-sidestart|p1: MonkeyDcleme|move: Toxic Spikes\n|move|p2a: Glimmora|Sludge Wave|p1a: Azumarill\n|-supereffective|p1a: Azumarill\n|-damage|p1a: Azumarill|0 fnt\n|faint|p1a: Azumarill\n|\n|upkeep\n|\n|t:|1700221284\n|switch|p1a: Infernape|Infernape, M|100\/100\n|-status|p1a: Infernape|tox\n|turn|6\n|\n|t:|1700221289\n|move|p1a: Infernape|Drain Punch|p2a: Glimmora\n|-damage|p2a: Glimmora|0 fnt\n|faint|p2a: Glimmora\n|\n|-damage|p1a: Infernape|94\/100 tox|[from] psn\n|upkeep\n|\n|t:|1700221297\n|switch|p2a: Ogerpon|Ogerpon-Wellspring, F|100\/100\n|turn|7\n|\n|t:|1700221301\n|move|p2a: Ogerpon|Ivy Cudgel|p1a: Infernape|[anim] Ivy Cudgel Water\n|-supereffective|p1a: Infernape\n|-damage|p1a: Infernape|0 fnt\n|faint|p1a: Infernape\n|\n|upkeep\n|\n|t:|1700221304\n|switch|p1a: Ambipom|Ambipom, M, tera:Normal|100\/100\n|-status|p1a: Ambipom|tox\n|turn|8\n|\n|t:|1700221308\n|move|p1a: Ambipom|Fake Out|p2a: Ogerpon\n|-damage|p2a: Ogerpon|35\/100\n|cant|p2a: Ogerpon|flinch\n|\n|-damage|p1a: Ambipom|94\/100 tox|[from] psn\n|upkeep\n|turn|9\n|\n|t:|1700221312\n|switch|p2a: Gholdengo|Gholdengo|100\/100\n|move|p1a: Ambipom|Double Hit|p2a: Gholdengo\n|-immune|p2a: Gholdengo\n|\n|-damage|p1a: Ambipom|82\/100 tox|[from] psn\n|upkeep\n|turn|10\n|\n|t:|1700221315\n|move|p1a: Ambipom|Knock Off|p2a: Gholdengo\n|-supereffective|p2a: Gholdengo\n|-damage|p2a: Gholdengo|43\/100\n|-enditem|p2a: Gholdengo|Leftovers|[from] move: Knock Off|[of] p1a: Ambipom\n|move|p2a: Gholdengo|Thunderbolt|p1a: Ambipom\n|-damage|p1a: Ambipom|23\/100 tox\n|\n|-damage|p1a: Ambipom|4\/100 tox|[from] psn\n|upkeep\n|turn|11\n|\n|t:|1700221318\n|move|p1a: Ambipom|Knock Off|p2a: Gholdengo\n|-supereffective|p2a: Gholdengo\n|-damage|p2a: Gholdengo|3\/100\n|move|p2a: Gholdengo|Recover|p2a: Gholdengo\n|-heal|p2a: Gholdengo|53\/100\n|\n|-damage|p1a: Ambipom|0 fnt|[from] psn\n|faint|p1a: Ambipom\n|upkeep\n|\n|t:|1700221321\n|switch|p1a: Decidueye|Decidueye-Hisui, M, shiny|100\/100\n|-status|p1a: Decidueye|tox\n|turn|12\n|\n|t:|1700221324\n|switch|p2a: Garchomp|Garchomp, F|100\/100\n|move|p1a: Decidueye|Swords Dance|p1a: Decidueye\n|-boost|p1a: Decidueye|atk|2\n|\n|-damage|p1a: Decidueye|95\/100 tox|[from] psn\n|upkeep\n|turn|13\n|\n|t:|1700221327\n|move|p2a: Garchomp|Earthquake|p1a: Decidueye\n|-resisted|p1a: Decidueye\n|-damage|p1a: Decidueye|67\/100 tox\n|move|p1a: Decidueye|Leaf Blade|p2a: Garchomp\n|-damage|p2a: Garchomp|27\/100\n|-damage|p1a: Decidueye|55\/100 tox|[from] ability: Rough Skin|[of] p2a: Garchomp\n|-damage|p1a: Decidueye|38\/100 tox|[from] item: Rocky Helmet|[of] p2a: Garchomp\n|\n|-heal|p1a: Decidueye|44\/100 tox|[from] item: Leftovers\n|-damage|p1a: Decidueye|32\/100 tox|[from] psn\n|upkeep\n|turn|14\n|\n|t:|1700221331\n|move|p2a: Garchomp|Earthquake|p1a: Decidueye\n|-resisted|p1a: Decidueye\n|-crit|p1a: Decidueye\n|-damage|p1a: Decidueye|0 fnt\n|faint|p1a: Decidueye\n|\n|win|TeamYourNoobs\n|raw|MonkeyDcleme's rating: 1004 &rarr; <strong>1000<\/strong><br \/>(-4 for losing)\n|raw|TeamYourNoobs's rating: 1026 &rarr; <strong>1060<\/strong><br \/>(+34 for winning)\n|l|\u2606MonkeyDcleme\n","uploadtime":1700221334,"views":22,"p1id":"monkeydcleme","p2id":"teamyournoobs","formatid":"gen9ou","rating":1000,"private":0,"password":""}