{"id":"gen9ou-1994335657","p1":"Miecznok","p2":"zuiderduif","format":"[Gen 9] OU","log":"|j|\u2606Miecznok\n|j|\u2606zuiderduif\n|t:|1700432391\n|gametype|singles\n|player|p1|Miecznok|265|1117\n|player|p2|zuiderduif|fantina|1090\n|teamsize|p1|6\n|teamsize|p2|6\n|gen|9\n|tier|[Gen 9] OU\n|rated|\n|rule|Sleep Clause Mod: Limit one foe put to sleep\n|rule|Species Clause: Limit one of each Pok\u00e9mon\n|rule|OHKO Clause: OHKO moves are banned\n|rule|Evasion Items Clause: Evasion items are banned\n|rule|Evasion Moves Clause: Evasion moves are banned\n|rule|Endless Battle Clause: Forcing endless battles is banned\n|rule|HP Percentage Mod: HP is shown in percentages\n|clearpoke\n|poke|p1|Iron Hands|\n|poke|p1|Gyarados, M|\n|poke|p1|Hatterene, F|\n|poke|p1|Garchomp, F|\n|poke|p1|Iron Moth|\n|poke|p1|Maushold|\n|poke|p2|Garchomp, F|\n|poke|p2|Blissey, F|\n|poke|p2|Kingambit, F|\n|poke|p2|Skeledirge, F|\n|poke|p2|Manaphy|\n|poke|p2|Landorus-Therian, M|\n|teampreview\n|\n|t:|1700432403\n|start\n|switch|p1a: mouse :3|Maushold|100\/100\n|switch|p2a: eats grilled chees|Garchomp, F, shiny|100\/100\n|turn|1\n|\n|t:|1700432414\n|move|p1a: mouse :3|Tidy Up|p1a: mouse :3\n|-boost|p1a: mouse :3|atk|1\n|-boost|p1a: mouse :3|spe|1\n|move|p2a: eats grilled chees|Earthquake|p1a: mouse :3\n|-damage|p1a: mouse :3|33\/100\n|\n|upkeep\n|turn|2\n|c|\u2606Miecznok|does he have\n|c|\u2606Miecznok|rocky helmet\n|c|\u2606zuiderduif|yeah :( sory\n|c|\u2606Miecznok|oh no\n|c|\u2606Miecznok|i am\n|c|\u2606zuiderduif|i like your mouses\n|c|\u2606Miecznok|screwed\n|c|\u2606Miecznok|they are cute\n|\n|t:|1700432457\n|move|p1a: mouse :3|Population Bomb|p2a: eats grilled chees\n|-damage|p2a: eats grilled chees|89\/100\n|-damage|p1a: mouse :3|21\/100|[from] ability: Rough Skin|[of] p2a: eats grilled chees\n|-damage|p1a: mouse :3|4\/100|[from] item: Rocky Helmet|[of] p2a: eats grilled chees\n|-damage|p2a: eats grilled chees|78\/100\n|-damage|p1a: mouse :3|0 fnt|[from] ability: Rough Skin|[of] p2a: eats grilled chees\n|faint|p1a: mouse :3\n|-hitcount|p2a: eats grilled chees|2\n|move|p2a: eats grilled chees|Earthquake|p1: mouse :3|[notarget]\n|-fail|p2a: eats grilled chees\n|\n|upkeep\n|c|\u2606Miecznok|OUCH\n|\n|t:|1700432471\n|switch|p1a: sharky :3|Garchomp, F|100\/100\n|turn|3\n|c|\u2606zuiderduif|;n;\n|\n|t:|1700432480\n|move|p1a: sharky :3|Stealth Rock|p2a: eats grilled chees\n|-sidestart|p2: zuiderduif|move: Stealth Rock\n|move|p2a: eats grilled chees|Stealth Rock|p1a: sharky :3\n|-sidestart|p1: Miecznok|move: Stealth Rock\n|\n|upkeep\n|turn|4\n|\n|t:|1700432487\n|move|p1a: sharky :3|Spikes|p2a: eats grilled chees\n|-sidestart|p2: zuiderduif|Spikes\n|move|p2a: eats grilled chees|Spikes|p1a: sharky :3\n|-sidestart|p1: Miecznok|Spikes\n|\n|upkeep\n|turn|5\n|c|\u2606zuiderduif|we r twinning for real\n|\n|t:|1700432497\n|move|p1a: sharky :3|Spikes|p2a: eats grilled chees\n|-sidestart|p2: zuiderduif|Spikes\n|move|p2a: eats grilled chees|Spikes|p1a: sharky :3\n|-sidestart|p1: Miecznok|Spikes\n|\n|upkeep\n|turn|6\n|\n|t:|1700432501\n|move|p1a: sharky :3|Spikes|p2a: eats grilled chees\n|-sidestart|p2: zuiderduif|Spikes\n|move|p2a: eats grilled chees|Dragon Tail|p1a: sharky :3|[miss]\n|-miss|p2a: eats grilled chees|p1a: sharky :3\n|\n|upkeep\n|turn|7\n|c|\u2606Miecznok|for fr\n|c|\u2606Miecznok|HAHAHAHAH\n|\n|t:|1700432509\n|move|p1a: sharky :3|Dragon Tail|p2a: eats grilled chees\n|-supereffective|p2a: eats grilled chees\n|-damage|p2a: eats grilled chees|49\/100\n|-damage|p1a: sharky :3|88\/100|[from] ability: Rough Skin|[of] p2a: eats grilled chees\n|-damage|p1a: sharky :3|72\/100|[from] item: Rocky Helmet|[of] p2a: eats grilled chees\n|drag|p2a: iiim just a giiirl|Manaphy, shiny|100\/100\n|-damage|p2a: iiim just a giiirl|88\/100|[from] Stealth Rock\n|-damage|p2a: iiim just a giiirl|63\/100|[from] Spikes\n|\n|-heal|p2a: iiim just a giiirl|69\/100|[from] item: Leftovers\n|upkeep\n|turn|8\n|c|\u2606zuiderduif|LMAO\n|c|\u2606Miecznok|omg its just a girl!!!\n|c|\u2606Miecznok|alright\n|c|\u2606Miecznok|time for\n|c|\u2606Miecznok|garchomp sweep\n|c|\u2606Miecznok|he's my ace\n|c|\u2606Miecznok|Im Cynthia fr\n|c|\u2606zuiderduif|shes just a girl fr\n|c|\u2606zuiderduif|omg mommy\n|c|\u2606zuiderduif|shh i said nothing\n|c|\u2606Miecznok|Cynthia is a mommy frrrr\n|\n|t:|1700432554\n|move|p2a: iiim just a giiirl|Dazzling Gleam|p1a: sharky :3\n|-supereffective|p1a: sharky :3\n|-damage|p1a: sharky :3|30\/100\n|move|p1a: sharky :3|Dragon Tail|p2a: iiim just a giiirl\n|-damage|p2a: iiim just a giiirl|45\/100\n|drag|p2a: netflix|Kingambit, F|100\/100\n|-damage|p2a: netflix|94\/100|[from] Stealth Rock\n|-damage|p2a: netflix|69\/100|[from] Spikes\n|\n|upkeep\n|turn|9\n|c|\u2606zuiderduif|oh lawd\n|c|\u2606Miecznok|why netflix\n|c|\u2606zuiderduif|kings gambit except shes a girl so its queens gambit\n|c|\u2606zuiderduif|netflix show :) i couldnt think of anything better lmao\n|\n|t:|1700432588\n|move|p2a: netflix|Sucker Punch|p1a: sharky :3\n|-damage|p1a: sharky :3|5\/100\n|-damage|p2a: netflix|57\/100|[from] ability: Rough Skin|[of] p1a: sharky :3\n|-damage|p2a: netflix|41\/100|[from] item: Rocky Helmet|[of] p1a: sharky :3\n|move|p1a: sharky :3|Dragon Tail|p2a: netflix\n|-resisted|p2a: netflix\n|-damage|p2a: netflix|29\/100\n|-end|p2a: netflix|fallenundefined|[silent]\n|drag|p2a: grilled cheese|Skeledirge, F|100\/100\n|\n|upkeep\n|turn|10\n|c|\u2606Miecznok|NO HE HAS BOOTS\n|c|\u2606zuiderduif|with the FUR\n|\n|t:|1700432606\n|move|p1a: sharky :3|Earthquake|p2a: grilled cheese\n|-supereffective|p2a: grilled cheese\n|-damage|p2a: grilled cheese|36\/100\n|move|p2a: grilled cheese|Shadow Ball|p1a: sharky :3\n|-damage|p1a: sharky :3|0 fnt\n|faint|p1a: sharky :3\n|\n|upkeep\n|c|\u2606Miecznok|oh thats a nice nime\n|c|\u2606zuiderduif|owie\n|c|\u2606Miecznok|:3\n|c|\u2606zuiderduif|thank u :)\n|c|\u2606Miecznok|whats ur discord\n|c|\u2606Miecznok|or something\n|c|\u2606zuiderduif|i like ur mon names too\n|c|\u2606zuiderduif|its .duifje :D\n|c|\u2606Miecznok|you're too fun to not befriend\n|c|\u2606zuiderduif|ndsbchkbk slay, thank u >:3 u too!!\n|c|\u2606Miecznok|done :3\n|\n|t:|1700432650\n|switch|p1a: fake dragon|Gyarados, M, shiny|100\/100\n|turn|11\n|\n|t:|1700432662\n|move|p1a: fake dragon|Dragon Dance|p1a: fake dragon\n|-boost|p1a: fake dragon|atk|1\n|-boost|p1a: fake dragon|spe|1\n|move|p2a: grilled cheese|Slack Off|p2a: grilled cheese\n|-heal|p2a: grilled cheese|86\/100\n|\n|upkeep\n|turn|12\n|c|\u2606Miecznok|we dancin\n|c|\u2606zuiderduif|magikarp was my first shiny ever\n|\n|t:|1700432678\n|move|p1a: fake dragon|Earthquake|p2a: grilled cheese\n|-supereffective|p2a: grilled cheese\n|-damage|p2a: grilled cheese|34\/100\n|move|p2a: grilled cheese|Shadow Ball|p1a: fake dragon\n|-damage|p1a: fake dragon|68\/100\n|\n|upkeep\n|turn|13\n|c|\u2606zuiderduif|ough my grilled cheese is so bulky\n|c|\u2606Miecznok|he is chonkyyy\n|\n|t:|1700432701\n|switch|p2a: Mandorius-Transian|Landorus-Therian, M|100\/100\n|-damage|p2a: Mandorius-Transian|88\/100|[from] Stealth Rock\n|-ability|p2a: Mandorius-Transian|Intimidate|boost\n|-unboost|p1a: fake dragon|atk|1\n|move|p1a: fake dragon|Waterfall|p2a: Mandorius-Transian\n|-supereffective|p2a: Mandorius-Transian\n|-damage|p2a: Mandorius-Transian|0 fnt\n|faint|p2a: Mandorius-Transian\n|-ability|p1a: fake dragon|Moxie|boost\n|-boost|p1a: fake dragon|atk|1\n|\n|upkeep\n|c|\u2606Miecznok|my first shiny was a quagsire in Ultra Sun hyperspace\n|c|\u2606Miecznok|I played on an emulator so I couldnt fly so I just went wherever the fate directed me\n|c|\u2606zuiderduif|quagsire is so bald that its scary but hes so cute\n|c|\u2606zuiderduif|oh ldkfnsjkfn\n|c|\u2606Miecznok|quagsire is my baby\n|c|\u2606Miecznok|love it\n|c|\u2606zuiderduif|i love him and woopy\n|c|\u2606Miecznok|woopy top tier\n|c|\u2606zuiderduif|i think i have. nothing. against your gyaradods btw djkfnskbn\n|\n|t:|1700432776\n|switch|p2a: Isa|Blissey, F|100\/100\n|turn|14\n|c|\u2606Miecznok|you might not lmao\n|\n|t:|1700432781\n|move|p1a: fake dragon|Waterfall|p2a: Isa\n|-damage|p2a: Isa|42\/100\n|move|p2a: Isa|Healing Wish|p2a: Isa\n|faint|p2a: Isa\n|\n|upkeep\n|c|\u2606Miecznok|SHE DEAD NOOO\n|\n|t:|1700432794\n|switch|p2a: netflix|Kingambit, F|29\/100\n|-heal|p2a: netflix|100\/100|[from] move: Healing Wish\n|-damage|p2a: netflix|94\/100|[from] Stealth Rock\n|-damage|p2a: netflix|69\/100|[from] Spikes\n|-activate|p2a: netflix|ability: Supreme Overlord\n|-start|p2a: netflix|fallen2|[silent]\n|turn|15\n|c|\u2606Miecznok|first time seeing someoen using this move\n|c|\u2606Miecznok|WAIT I DIDNT GET THE MOXIE BOOST\n|c|\u2606Miecznok|YOUUU\n|c|\u2606zuiderduif|OH SHIT\n|c|\u2606zuiderduif|i didnt even know that was an interaction\n|c|\u2606zuiderduif|accidental 1000 iq play\n|c|\u2606Miecznok|truly\n|c|\u2606Miecznok|im earthquaking btw\n|c|\u2606Miecznok|jk\n|c|\u2606Miecznok|im\n|c|\u2606Miecznok|dancing\n|c|\u2606Miecznok|dragon\n|c|\u2606zuiderduif|heres the true mind game\n|\n|t:|1700432843\n|move|p1a: fake dragon|Dragon Dance|p1a: fake dragon\n|-boost|p1a: fake dragon|atk|1\n|-boost|p1a: fake dragon|spe|1\n|move|p2a: netflix|Swords Dance|p2a: netflix\n|-boost|p2a: netflix|atk|2\n|\n|upkeep\n|turn|16\n|c|\u2606Miecznok|cuz I think youll go for sucker punch\n|c|\u2606Miecznok|told ya\n|c|\u2606Miecznok|now\n|c|\u2606Miecznok|I\n|c|\u2606zuiderduif|im so glad i trusted you\n|c|\u2606Miecznok|dance again\n|c|\u2606Miecznok|or not\n|c|\u2606zuiderduif|hmmmmmmm\n|\n|t:|1700432862\n|move|p2a: netflix|Sucker Punch|p1a: fake dragon\n|-damage|p1a: fake dragon|0 fnt\n|faint|p1a: fake dragon\n|\n|upkeep\n|c|\u2606Miecznok|at first I wanted to lie\n|c|\u2606Miecznok|but then\n|c|\u2606Miecznok|nahhh\n|c|\u2606Miecznok|okay\n|c|\u2606zuiderduif|oh SHIT\n|c|\u2606Miecznok|so\n|c|\u2606Miecznok|now\n|c|\u2606Miecznok|I am\n|c|\u2606Miecznok|fucked\n|\n|t:|1700432872\n|switch|p1a: hat lady|Hatterene, F|100\/100\n|-damage|p1a: hat lady|88\/100|[from] Stealth Rock\n|-damage|p1a: hat lady|72\/100|[from] Spikes\n|turn|17\n|c|\u2606zuiderduif|nonono u can do this\n|c|\u2606zuiderduif|hat ladyy!!!\n|c|\u2606Miecznok|ddoubt it\n|c|\u2606Miecznok|HAT LADYYY\n|c|\u2606Miecznok|love her\n|c|\u2606Miecznok|she slays\n|\n|t:|1700432888\n|move|p2a: netflix|Iron Head|p1a: hat lady\n|-supereffective|p1a: hat lady\n|-damage|p1a: hat lady|0 fnt\n|faint|p1a: hat lady\n|\n|upkeep\n|c|\u2606zuiderduif|owie :(\n|c|\u2606Miecznok|I always forgot that he is a steel type\n|\n|t:|1700432902\n|switch|p1a: big hands|Iron Hands|100\/100\n|-damage|p1a: big hands|94\/100|[from] Stealth Rock\n|-damage|p1a: big hands|78\/100|[from] Spikes\n|turn|18\n|\n|t:|1700432911\n|move|p1a: big hands|Fake Out|p2a: netflix\n|-resisted|p2a: netflix\n|-damage|p2a: netflix|63\/100\n|cant|p2a: netflix|flinch\n|\n|upkeep\n|turn|19\n|\n|t:|1700432920\n|-end|p2a: netflix|fallen2|[silent]\n|switch|p2a: iiim just a giiirl|Manaphy, shiny|45\/100\n|-damage|p2a: iiim just a giiirl|33\/100|[from] Stealth Rock\n|-damage|p2a: iiim just a giiirl|8\/100|[from] Spikes\n|move|p1a: big hands|Drain Punch|p2a: iiim just a giiirl\n|-damage|p2a: iiim just a giiirl|0 fnt\n|-heal|p1a: big hands|80\/100|[from] drain|[of] p2a: iiim just a giiirl\n|faint|p2a: iiim just a giiirl\n|\n|upkeep\n|c|\u2606zuiderduif|fuck shit\n|c|\u2606zuiderduif|fjdsicfhndjkchn\n|\n|t:|1700432935\n|switch|p2a: grilled cheese|Skeledirge, F|34\/100\n|turn|20\n|c|\u2606Miecznok|actually a good play tbh\n|\n|t:|1700432944\n|move|p2a: grilled cheese|Slack Off|p2a: grilled cheese\n|-heal|p2a: grilled cheese|84\/100\n|move|p1a: big hands|Thunder Punch|p2a: grilled cheese\n|-damage|p2a: grilled cheese|51\/100\n|\n|upkeep\n|turn|21\n|c|\u2606zuiderduif|ough i outspeed nice\n|c|\u2606Miecznok|NONONONoOOonONo you can go to full health\n|\n|t:|1700432964\n|move|p2a: grilled cheese|Slack Off|p2a: grilled cheese\n|-heal|p2a: grilled cheese|100\/100\n|move|p1a: big hands|Thunder Punch|p2a: grilled cheese\n|-damage|p2a: grilled cheese|67\/100\n|\n|upkeep\n|turn|22\n|c|\u2606Miecznok|yeah iron hands is slowww\n|c|\u2606zuiderduif|ive tried using iron hands but have no idea how to use him well\n|c|\u2606zuiderduif|i heard people say hes amazing but i just....dont seeit\n|\n|t:|1700432987\n|move|p2a: grilled cheese|Torch Song|p1a: big hands\n|-damage|p1a: big hands|63\/100\n|-boost|p2a: grilled cheese|spa|1\n|move|p1a: big hands|Thunder Punch|p2a: grilled cheese\n|-damage|p2a: grilled cheese|35\/100\n|\n|upkeep\n|turn|23\n|c|\u2606Miecznok|I mean its like amoongus\n|c|\u2606zuiderduif|fuck thats so little damag\n|\n|t:|1700432999\n|move|p2a: grilled cheese|Slack Off|p2a: grilled cheese\n|-heal|p2a: grilled cheese|85\/100\n|move|p1a: big hands|Thunder Punch|p2a: grilled cheese\n|-damage|p2a: grilled cheese|52\/100\n|\n|upkeep\n|turn|24\n|\n|t:|1700433008\n|move|p2a: grilled cheese|Shadow Ball|p1a: big hands\n|-damage|p1a: big hands|36\/100\n|move|p1a: big hands|Thunder Punch|p2a: grilled cheese\n|-damage|p2a: grilled cheese|20\/100\n|\n|upkeep\n|turn|25\n|c|\u2606Miecznok|that bro is op but ppl at our lvl just dont use it because they dont know hjow\n|\n|t:|1700433015\n|move|p2a: grilled cheese|Slack Off|p2a: grilled cheese\n|-heal|p2a: grilled cheese|70\/100\n|move|p1a: big hands|Thunder Punch|p2a: grilled cheese\n|-damage|p2a: grilled cheese|37\/100\n|\n|upkeep\n|turn|26\n|c|\u2606zuiderduif|aah\n|c|\u2606Miecznok|how about\n|c|\u2606Miecznok|youuu\n|c|\u2606Miecznok|let me\n|c|\u2606Miecznok|win\n|c|\u2606Miecznok|:3\n|c|\u2606zuiderduif|makes sense lmao im pretty new to pokemon showdown\n|c|\u2606Miecznok|nah jk\n|c|\u2606zuiderduif|fdnjfshkdbn\n|c|\u2606Miecznok|yeah same, started playing like a week ago lmao\n|c|\u2606zuiderduif|ill let you rematch how about that\n|c|\u2606zuiderduif|SAME\n|c|\u2606zuiderduif|dnfjdnskn\n|c|\u2606Miecznok|I have to go after this one\n|\n|t:|1700433051\n|move|p2a: grilled cheese|Slack Off|p2a: grilled cheese\n|-heal|p2a: grilled cheese|87\/100\n|move|p1a: big hands|Thunder Punch|p2a: grilled cheese\n|-damage|p2a: grilled cheese|52\/100\n|\n|upkeep\n|turn|27\n|c|\u2606Miecznok|gotta study\n|c|\u2606zuiderduif|ahh das ok :)\n|c|\u2606Miecznok|okay STOP\n|c|\u2606Miecznok|like\n|c|\u2606Miecznok|my last mon\n|c|\u2606zuiderduif|isnt iron moth gonna like.l kick my whole ass\n|c|\u2606Miecznok|all of it's Skeledirge resists\n|\n|t:|1700433089\n|move|p2a: grilled cheese|Shadow Ball|p1a: big hands\n|-damage|p1a: big hands|8\/100\n|move|p1a: big hands|Thunder Punch|p2a: grilled cheese\n|-damage|p2a: grilled cheese|18\/100\n|\n|upkeep\n|turn|28\n|c|\u2606Miecznok|NO BECAUSE I HAVE A GIRE A POISON AND A GRASS MOVE\n|c|\u2606Miecznok|AND YOU RESIST ALL\n|c|\u2606zuiderduif|oh SHIT\n|c|\u2606zuiderduif|ok ill\n|c|\u2606Miecznok|just kill the hands\n|c|\u2606zuiderduif|u can have my grilled cheese\n|\n|t:|1700433112\n|move|p2a: grilled cheese|Substitute|p2a: grilled cheese\n|-fail|p2a: grilled cheese|move: Substitute|[weak]\n|move|p1a: big hands|Thunder Punch|p2a: grilled cheese\n|-damage|p2a: grilled cheese|0 fnt\n|faint|p2a: grilled cheese\n|\n|upkeep\n|c|\u2606Miecznok|WAIT WHY\n|c|\u2606Miecznok|I ACTUALLY\n|c|\u2606Miecznok|HAD A STRAT\n|c|\u2606zuiderduif|to make the fight more interesting hehe\n|c|\u2606Miecznok|okie :3\n|\n|t:|1700433129\n|switch|p2a: eats grilled chees|Garchomp, F, shiny|49\/100\n|-damage|p2a: eats grilled chees|43\/100|[from] Stealth Rock\n|-damage|p2a: eats grilled chees|18\/100|[from] Spikes\n|turn|29\n|c|\u2606Miecznok|hehehe >:3\n|c|\u2606zuiderduif|owie owie i forgot about the legos\n|\n|t:|1700433151\n|move|p2a: eats grilled chees|Earthquake|p1a: big hands\n|-supereffective|p1a: big hands\n|-damage|p1a: big hands|0 fnt\n|faint|p1a: big hands\n|-end|p1a: big hands|Quark Drive|[silent]\n|\n|upkeep\n|c|\u2606Miecznok|neither one of us terra'd yet right?\n|\n|t:|1700433155\n|switch|p1a: moth :3|Iron Moth|100\/100\n|-damage|p1a: moth :3|76\/100|[from] Stealth Rock\n|-damage|p1a: moth :3|59\/100|[from] Spikes\n|-enditem|p1a: moth :3|Booster Energy\n|-activate|p1a: moth :3|ability: Quark Drive|[fromitem]\n|-start|p1a: moth :3|quarkdrivespe\n|turn|30\n|c|\u2606zuiderduif|nope\n|c|\u2606Miecznok|okie\n|c|\u2606zuiderduif|or at least i think not\n|c|\u2606Miecznok|I didnt\n|c|\u2606zuiderduif|i havent\n|c|\u2606zuiderduif|slay\n|c|\u2606Miecznok|okay\n|c|\u2606Miecznok|;3\n|c|\u2606Miecznok|I play chess so i have this battle planned out 10 turns ahead\n|\n|t:|1700433197\n|-terastallize|p2a: eats grilled chees|Ghost\n|move|p1a: moth :3|Fiery Dance|p2a: eats grilled chees\n|-damage|p2a: eats grilled chees|0 fnt\n|faint|p2a: eats grilled chees\n|\n|upkeep\n|c|\u2606zuiderduif|HEck\n|\n|t:|1700433204\n|switch|p2a: netflix|Kingambit, F|63\/100\n|-damage|p2a: netflix|57\/100|[from] Stealth Rock\n|-damage|p2a: netflix|32\/100|[from] Spikes\n|-activate|p2a: netflix|ability: Supreme Overlord\n|-start|p2a: netflix|fallen5|[silent]\n|turn|31\n|c|\u2606Miecznok|>;3\n|c|\u2606zuiderduif|netflix vs moth\n|c|\u2606zuiderduif|who will win\n|c|\u2606Miecznok|I will\n|c|\u2606Miecznok|you will\n|c|\u2606Miecznok|see\n|c|\u2606Miecznok|why\n|c|\u2606Miecznok|I am\n|c|\u2606Miecznok|so smart\n|c|\u2606Miecznok|hehheheh\n|c|\u2606zuiderduif|god i think it depends on sucker punch predicts\n|c|\u2606zuiderduif|which scares me\n|c|\u2606Miecznok|OH RIGHT\n|c|\u2606Miecznok|I FORGOT\n|c|\u2606zuiderduif|ddffjdksbnjhbdc\n|c|\u2606Miecznok|ABOUT\n|c|\u2606zuiderduif|MFDASHCFBJDKSCFN\n|c|\u2606Miecznok|SUCKER PUNCH\n|c|\u2606Miecznok|SHIT\n|c|\u2606zuiderduif|I SHOULD HAVE SHUT MY MOUTH\n|c|\u2606zuiderduif|FDHBFhbHFBhbhdbf\n|c|\u2606Miecznok|SHITSHITHISHITHITITIT\n|\n|t:|1700433267\n|-terastallize|p1a: moth :3|Grass\n|move|p1a: moth :3|Substitute|p1a: moth :3\n|-start|p1a: moth :3|Substitute\n|-damage|p1a: moth :3|34\/100\n|move|p2a: netflix|Swords Dance|p2a: netflix\n|-boost|p2a: netflix|atk|2\n|\n|upkeep\n|turn|32\n|c|\u2606Miecznok|jk I didnt Im just playing tricks on you I knew you'd go for it\n|c|\u2606Miecznok|or if you didnt\n|c|\u2606zuiderduif|oh LORD substitute scares me\n|c|\u2606Miecznok|like here\n|c|\u2606zuiderduif|oh fuck\n|c|\u2606Miecznok|its\n|c|\u2606Miecznok|joever\n|c|\u2606Miecznok|for you\n|c|\u2606zuiderduif|oh god\n|c|\u2606zuiderduif|you DO play chess\n|c|\u2606Miecznok|unless you're like terra water or some other bullshit\n|c|\u2606Miecznok|heheheh ;3\n|c|\u2606zuiderduif|already tera'd with my garchomp\n|c|\u2606zuiderduif|;-;\n|c|\u2606Miecznok|get obliterated by a FEMBOY\n|c|\u2606Miecznok|MUAHAHAHAH\n|c|\u2606zuiderduif|dont worry thats my duty as a trans woman\n|\n|t:|1700433328\n|move|p1a: moth :3|Fiery Dance|p2a: netflix\n|-supereffective|p2a: netflix\n|-damage|p2a: netflix|0 fnt\n|-boost|p1a: moth :3|spa|1\n|faint|p2a: netflix\n|-end|p2a: netflix|fallen5|[silent]\n|\n|win|Miecznok\n|raw|Miecznok's rating: 1117 &rarr; <strong>1140<\/strong><br \/>(+23 for winning)\n|raw|zuiderduif's rating: 1090 &rarr; <strong>1068<\/strong><br \/>(-22 for losing)\n","uploadtime":1700432928,"views":10,"p1id":"miecznok","p2id":"zuiderduif","formatid":"gen9ou","rating":1068,"private":0,"password":""}