{"id":"gen9ou-1998187109","p1":"Yumalegoat","p2":"Rippiplayer","format":"[Gen 9] OU","log":"|j|\u2606Yumalegoat\n|j|\u2606Rippiplayer\n|t:|1700908876\n|gametype|singles\n|player|p1|Yumalegoat|2|1212\n|player|p2|Rippiplayer|leaf-masters|1221\n|teamsize|p1|6\n|teamsize|p2|6\n|gen|9\n|tier|[Gen 9] OU\n|rated|\n|rule|Sleep Clause Mod: Limit one foe put to sleep\n|rule|Species Clause: Limit one of each Pok\u00e9mon\n|rule|OHKO Clause: OHKO moves are banned\n|rule|Evasion Items Clause: Evasion items are banned\n|rule|Evasion Moves Clause: Evasion moves are banned\n|rule|Endless Battle Clause: Forcing endless battles is banned\n|rule|HP Percentage Mod: HP is shown in percentages\n|clearpoke\n|poke|p1|Samurott-Hisui, F|\n|poke|p1|Meowscarada, F|\n|poke|p1|Dragapult, F|\n|poke|p1|Infernape, F|\n|poke|p1|Weezing-Galar, F|\n|poke|p1|Magnezone|\n|poke|p2|Landorus-Therian, M|\n|poke|p2|Cinderace, F|\n|poke|p2|Alomomola, M|\n|poke|p2|Zapdos|\n|poke|p2|Kingambit, M|\n|poke|p2|Gholdengo|\n|teampreview\n|inactive|Battle timer is ON: inactive players will automatically lose when time's up. (requested by Yumalegoat)\n|inactive|Rippiplayer also wants the timer to be on.\n|\n|t:|1700908884\n|start\n|switch|p1a: Samurott|Samurott-Hisui, F|100\/100\n|switch|p2a: Lendorusz|Landorus-Therian, M|100\/100\n|-ability|p2a: Lendorusz|Intimidate|boost\n|-unboost|p1a: Samurott|atk|1\n|turn|1\n|\n|t:|1700908893\n|move|p1a: Samurott|Flip Turn|p2a: Lendorusz\n|-supereffective|p2a: Lendorusz\n|-damage|p2a: Lendorusz|55\/100\n|inactive|Yumalegoat has 120 seconds left.\n|\n|t:|1700908925\n|switch|p1a: Weezing|Weezing-Galar, F|100\/100|[from] Flip Turn\n|move|p2a: Lendorusz|U-turn|p1a: Weezing\n|-resisted|p1a: Weezing\n|-damage|p1a: Weezing|92\/100\n|\n|t:|1700908939\n|switch|p2a: Z\u00e1pdosz|Zapdos|100\/100|[from] U-turn\n|\n|-heal|p1a: Weezing|98\/100|[from] item: Leftovers\n|upkeep\n|turn|2\n|\n|t:|1700908949\n|switch|p1a: Magnezone|Magnezone|100\/100\n|move|p2a: Z\u00e1pdosz|Hurricane|p1a: Magnezone\n|-resisted|p1a: Magnezone\n|-damage|p1a: Magnezone|84\/100\n|-start|p1a: Magnezone|confusion\n|\n|upkeep\n|turn|3\n|\n|t:|1700908958\n|move|p2a: Z\u00e1pdosz|Heat Wave|p1a: Magnezone\n|-supereffective|p1a: Magnezone\n|-damage|p1a: Magnezone|5\/100\n|-activate|p1a: Magnezone|confusion\n|-damage|p1a: Magnezone|0 fnt|[from] confusion\n|faint|p1a: Magnezone\n|\n|upkeep\n|\n|t:|1700908966\n|switch|p1a: Dragapult|Dragapult, F|100\/100\n|turn|4\n|\n|t:|1700908976\n|switch|p2a: Kingembit|Kingambit, M|100\/100\n|move|p1a: Dragapult|Light Screen|p1a: Dragapult\n|-sidestart|p1: Yumalegoat|move: Light Screen\n|\n|upkeep\n|turn|5\n|\n|t:|1700908980\n|move|p1a: Dragapult|Reflect|p1a: Dragapult\n|-sidestart|p1: Yumalegoat|Reflect\n|move|p2a: Kingembit|Swords Dance|p2a: Kingembit\n|-boost|p2a: Kingembit|atk|2\n|\n|upkeep\n|turn|6\n|\n|t:|1700908986\n|move|p2a: Kingembit|Sucker Punch||[still]\n|-fail|p2a: Kingembit\n|move|p1a: Dragapult|Curse|p2a: Kingembit\n|-start|p2a: Kingembit|Curse|[of] p1a: Dragapult\n|-damage|p1a: Dragapult|50\/100\n|\n|-damage|p2a: Kingembit|75\/100|[from] Curse\n|upkeep\n|turn|7\n|\n|t:|1700908998\n|-end|p2a: Kingembit|fallenundefined|[silent]\n|switch|p2a: Szind\u00f6r\u00e9jsz|Cinderace, F, shiny|100\/100\n|move|p1a: Dragapult|Dragon Tail|p2a: Szind\u00f6r\u00e9jsz\n|-damage|p2a: Szind\u00f6r\u00e9jsz|67\/100\n|drag|p2a: Kingembit|Kingambit, M|75\/100\n|\n|upkeep\n|turn|8\n|\n|t:|1700909007\n|move|p2a: Kingembit|Sucker Punch||[still]\n|-fail|p2a: Kingembit\n|move|p1a: Dragapult|Curse|p2a: Kingembit\n|-start|p2a: Kingembit|Curse|[of] p1a: Dragapult\n|-damage|p1a: Dragapult|0 fnt\n|faint|p1a: Dragapult\n|\n|-damage|p2a: Kingembit|50\/100|[from] Curse\n|upkeep\n|\n|t:|1700909018\n|switch|p1a: Infernape|Infernape, F|100\/100\n|turn|9\n|\n|t:|1700909023\n|-end|p2a: Kingembit|fallenundefined|[silent]\n|switch|p2a: Lendorusz|Landorus-Therian, M|55\/100\n|-ability|p2a: Lendorusz|Intimidate|boost\n|-unboost|p1a: Infernape|atk|1\n|move|p1a: Infernape|Nasty Plot|p1a: Infernape\n|-boost|p1a: Infernape|spa|2\n|\n|upkeep\n|turn|10\n|\n|t:|1700909034\n|move|p1a: Infernape|Overheat|p2a: Lendorusz\n|-damage|p2a: Lendorusz|0 fnt\n|-unboost|p1a: Infernape|spa|2\n|faint|p2a: Lendorusz\n|\n|upkeep\n|\n|t:|1700909044\n|switch|p2a: Alomom\u00f3la|Alomomola, M|100\/100\n|turn|11\n|\n|t:|1700909048\n|move|p2a: Alomom\u00f3la|Protect|p2a: Alomom\u00f3la\n|-singleturn|p2a: Alomom\u00f3la|Protect\n|move|p1a: Infernape|Nasty Plot|p1a: Infernape\n|-boost|p1a: Infernape|spa|2\n|\n|-sideend|p1: Yumalegoat|move: Light Screen\n|upkeep\n|turn|12\n|\n|t:|1700909055\n|move|p1a: Infernape|Aura Sphere|p2a: Alomom\u00f3la\n|-damage|p2a: Alomom\u00f3la|15\/100\n|move|p2a: Alomom\u00f3la|Wish|p2a: Alomom\u00f3la\n|\n|-heal|p2a: Alomom\u00f3la|22\/100|[from] item: Leftovers\n|-sideend|p1: Yumalegoat|Reflect\n|upkeep\n|turn|13\n|\n|t:|1700909068\n|switch|p2a: Z\u00e1pdosz|Zapdos|100\/100\n|move|p1a: Infernape|Nasty Plot|p1a: Infernape\n|-boost|p1a: Infernape|spa|2\n|\n|upkeep\n|turn|14\n|\n|t:|1700909077\n|-terastallize|p1a: Infernape|Fairy\n|-terastallize|p2a: Z\u00e1pdosz|Water\n|move|p1a: Infernape|Overheat|p2a: Z\u00e1pdosz|[miss]\n|-miss|p1a: Infernape|p2a: Z\u00e1pdosz\n|move|p2a: Z\u00e1pdosz|Hurricane|p1a: Infernape|[miss]\n|-miss|p2a: Z\u00e1pdosz|p1a: Infernape\n|\n|upkeep\n|turn|15\n|\n|t:|1700909098\n|move|p1a: Infernape|Aura Sphere|p2a: Z\u00e1pdosz\n|-damage|p2a: Z\u00e1pdosz|0 fnt\n|faint|p2a: Z\u00e1pdosz\n|\n|upkeep\n|\n|t:|1700909101\n|switch|p2a: Szind\u00f6r\u00e9jsz|Cinderace, F, shiny|67\/100\n|turn|16\n|\n|t:|1700909106\n|move|p2a: Szind\u00f6r\u00e9jsz|Pyro Ball|p1a: Infernape\n|-damage|p1a: Infernape|14\/100\n|-status|p1a: Infernape|brn\n|move|p1a: Infernape|Aura Sphere|p2a: Szind\u00f6r\u00e9jsz\n|-damage|p2a: Szind\u00f6r\u00e9jsz|0 fnt\n|faint|p2a: Szind\u00f6r\u00e9jsz\n|\n|-damage|p1a: Infernape|8\/100 brn|[from] brn\n|upkeep\n|\n|t:|1700909113\n|switch|p2a: Kingembit|Kingambit, M|50\/100\n|-activate|p2a: Kingembit|ability: Supreme Overlord\n|-start|p2a: Kingembit|fallen3|[silent]\n|turn|17\n|\n|t:|1700909124\n|move|p1a: Infernape|Aura Sphere|p2a: Kingembit\n|-supereffective|p2a: Kingembit\n|-damage|p2a: Kingembit|0 fnt\n|faint|p2a: Kingembit\n|-end|p2a: Kingembit|fallen3|[silent]\n|\n|-damage|p1a: Infernape|2\/100 brn|[from] brn\n|upkeep\n|\n|t:|1700909126\n|switch|p2a: Alomom\u00f3la|Alomomola, M|55\/100\n|turn|18\n|\n|t:|1700909133\n|move|p2a: Alomom\u00f3la|Protect|p2a: Alomom\u00f3la\n|-singleturn|p2a: Alomom\u00f3la|Protect\n|move|p1a: Infernape|Aura Sphere|p2a: Alomom\u00f3la\n|-activate|p2a: Alomom\u00f3la|move: Protect\n|\n|-heal|p2a: Alomom\u00f3la|61\/100|[from] item: Leftovers\n|-damage|p1a: Infernape|0 fnt|[from] brn\n|faint|p1a: Infernape\n|upkeep\n|-message|Rippiplayer forfeited.\n|\n|win|Yumalegoat\n|raw|Yumalegoat's rating: 1212 &rarr; <strong>1238<\/strong><br \/>(+26 for winning)\n|raw|Rippiplayer's rating: 1221 &rarr; <strong>1195<\/strong><br \/>(-26 for losing)\n|l|\u2606Rippiplayer\n","uploadtime":1700909150,"views":1,"p1id":"yumalegoat","p2id":"rippiplayer","formatid":"gen9ou","rating":1195,"private":0,"password":""}