{"id":"gen9ou-1990215803","p1":"harsh patel","p2":"Lenged Ender","format":"[Gen 9] OU","log":"|j|\u2606harsh patel\n|j|\u2606Lenged Ender\n|t:|1699938714\n|gametype|singles\n|player|p1|harsh patel|rood|1339\n|player|p2|Lenged Ender|rosa|1457\n|teamsize|p1|6\n|teamsize|p2|6\n|gen|9\n|tier|[Gen 9] OU\n|rated|\n|rule|Sleep Clause Mod: Limit one foe put to sleep\n|rule|Species Clause: Limit one of each Pok\u00e9mon\n|rule|OHKO Clause: OHKO moves are banned\n|rule|Evasion Items Clause: Evasion items are banned\n|rule|Evasion Moves Clause: Evasion moves are banned\n|rule|Endless Battle Clause: Forcing endless battles is banned\n|rule|HP Percentage Mod: HP is shown in percentages\n|clearpoke\n|poke|p1|Sneasler, F|\n|poke|p1|Rillaboom, F|\n|poke|p1|Hatterene, F|\n|poke|p1|Zamazenta-*|\n|poke|p1|Ogerpon-Wellspring, F|\n|poke|p1|Heatran, F|\n|poke|p2|Heatran, M|\n|poke|p2|Hatterene, F|\n|poke|p2|Great Tusk|\n|poke|p2|Ninetales-Alola, F|\n|poke|p2|Kingambit, F|\n|poke|p2|Iron Valiant|\n|teampreview\n|inactive|Battle timer is ON: inactive players will automatically lose when time's up. (requested by harsh patel)\n|\n|t:|1699938740\n|start\n|switch|p1a: Heatran|Heatran, F|100\/100\n|switch|p2a: Ninetales|Ninetales-Alola, F|100\/100\n|-weather|Snow|[from] ability: Snow Warning|[of] p2a: Ninetales\n|-item|p1a: Heatran|Air Balloon\n|turn|1\n|\n|t:|1699938754\n|switch|p2a: Heatran|Heatran, M|100\/100\n|move|p1a: Heatran|Magma Storm|p2a: Heatran\n|-start|p2a: Heatran|ability: Flash Fire\n|\n|-weather|Snow|[upkeep]\n|upkeep\n|turn|2\n|\n|t:|1699938773\n|-end|p2a: Heatran|ability: Flash Fire|[silent]\n|switch|p2a: Hatterene|Hatterene, F|100\/100\n|move|p1a: Heatran|Earth Power|p2a: Hatterene\n|-damage|p2a: Hatterene|71\/100\n|-enditem|p2a: Hatterene|Eject Button\n|\n|t:|1699938778\n|switch|p2a: Great Tusk|Great Tusk|100\/100\n|-enditem|p2a: Great Tusk|Booster Energy\n|-activate|p2a: Great Tusk|ability: Protosynthesis|[fromitem]\n|-start|p2a: Great Tusk|protosynthesisspe\n|\n|-weather|Snow|[upkeep]\n|upkeep\n|turn|3\n|\n|t:|1699938784\n|move|p2a: Great Tusk|Rapid Spin|p1a: Heatran\n|-resisted|p1a: Heatran\n|-damage|p1a: Heatran|94\/100\n|-boost|p2a: Great Tusk|spe|1\n|-enditem|p1a: Heatran|Air Balloon\n|move|p1a: Heatran|Magma Storm|p2a: Great Tusk|[miss]\n|-miss|p1a: Heatran|p2a: Great Tusk\n|\n|-weather|Snow|[upkeep]\n|upkeep\n|turn|4\n|\n|t:|1699938798\n|switch|p1a: Hatterene|Hatterene, F|100\/100\n|move|p2a: Great Tusk|Bulk Up|p2a: Great Tusk\n|-boost|p2a: Great Tusk|atk|1\n|-boost|p2a: Great Tusk|def|1\n|\n|-weather|Snow|[upkeep]\n|upkeep\n|turn|5\n|\n|t:|1699938817\n|move|p2a: Great Tusk|Ice Spinner|p1a: Hatterene\n|-damage|p1a: Hatterene|73\/100\n|move|p1a: Hatterene|Draining Kiss|p2a: Great Tusk\n|-supereffective|p2a: Great Tusk\n|-damage|p2a: Great Tusk|42\/100\n|-heal|p1a: Hatterene|100\/100|[from] drain|[of] p2a: Great Tusk\n|\n|-weather|none\n|upkeep\n|turn|6\n|\n|t:|1699938828\n|switch|p1a: Rillaboom|Rillaboom, F, shiny|100\/100\n|-fieldstart|move: Grassy Terrain|[from] ability: Grassy Surge|[of] p1a: Rillaboom\n|move|p2a: Great Tusk|Headlong Rush|p1a: Rillaboom\n|-resisted|p1a: Rillaboom\n|-damage|p1a: Rillaboom|61\/100\n|-unboost|p2a: Great Tusk|def|1\n|-unboost|p2a: Great Tusk|spd|1\n|\n|-heal|p2a: Great Tusk|48\/100|[from] Grassy Terrain\n|-heal|p1a: Rillaboom|68\/100|[from] Grassy Terrain\n|upkeep\n|turn|7\n|\n|t:|1699938843\n|-end|p2a: Great Tusk|Protosynthesis|[silent]\n|switch|p2a: Heatran|Heatran, M|100\/100\n|switch|p1a: Hatterene|Hatterene, F|100\/100\n|-enditem|p1a: Hatterene|Grassy Seed\n|-boost|p1a: Hatterene|def|1|[from] item: Grassy Seed\n|\n|upkeep\n|turn|8\n|\n|t:|1699938853\n|switch|p1a: Heatran|Heatran, F|94\/100\n|move|p2a: Heatran|Magma Storm|p1a: Heatran\n|-start|p1a: Heatran|ability: Flash Fire\n|\n|-heal|p1a: Heatran|99\/100|[from] Grassy Terrain\n|upkeep\n|turn|9\n|\n|t:|1699938860\n|move|p2a: Heatran|Earth Power|p1a: Heatran\n|-supereffective|p1a: Heatran\n|-damage|p1a: Heatran|32\/100\n|move|p1a: Heatran|Earth Power|p2a: Heatran\n|-supereffective|p2a: Heatran\n|-damage|p2a: Heatran|40\/100\n|\n|-heal|p1a: Heatran|38\/100|[from] Grassy Terrain\n|-heal|p2a: Heatran|47\/100|[from] Grassy Terrain\n|-heal|p2a: Heatran|53\/100|[from] item: Leftovers\n|upkeep\n|turn|10\n|\n|t:|1699938868\n|-end|p1a: Heatran|ability: Flash Fire|[silent]\n|switch|p1a: Ogerpon|Ogerpon-Wellspring, F|100\/100\n|move|p2a: Heatran|Earth Power|p1a: Ogerpon\n|-resisted|p1a: Ogerpon\n|-damage|p1a: Ogerpon|87\/100\n|\n|-heal|p1a: Ogerpon|93\/100|[from] Grassy Terrain\n|-heal|p2a: Heatran|59\/100|[from] Grassy Terrain\n|-heal|p2a: Heatran|65\/100|[from] item: Leftovers\n|-fieldend|move: Grassy Terrain\n|upkeep\n|turn|11\n|\n|t:|1699938878\n|-terastallize|p2a: Heatran|Grass\n|move|p1a: Ogerpon|Ivy Cudgel|p2a: Heatran\n|-resisted|p2a: Heatran\n|-crit|p2a: Heatran\n|-damage|p2a: Heatran|26\/100\n|move|p2a: Heatran|Will-O-Wisp|p1a: Ogerpon\n|-status|p1a: Ogerpon|brn\n|\n|-heal|p2a: Heatran|32\/100|[from] item: Leftovers\n|-damage|p1a: Ogerpon|87\/100 brn|[from] brn\n|upkeep\n|turn|12\n|\n|t:|1699938888\n|move|p1a: Ogerpon|Swords Dance|p1a: Ogerpon\n|-boost|p1a: Ogerpon|atk|2\n|move|p2a: Heatran|Stealth Rock|p1a: Ogerpon\n|-sidestart|p1: harsh patel|move: Stealth Rock\n|\n|-heal|p2a: Heatran|38\/100|[from] item: Leftovers\n|-damage|p1a: Ogerpon|81\/100 brn|[from] brn\n|upkeep\n|turn|13\n|\n|t:|1699938894\n|switch|p2a: Ninetales|Ninetales-Alola, F|100\/100\n|-weather|Snow|[from] ability: Snow Warning|[of] p2a: Ninetales\n|move|p1a: Ogerpon|Swords Dance|p1a: Ogerpon\n|-boost|p1a: Ogerpon|atk|2\n|\n|-weather|Snow|[upkeep]\n|-damage|p1a: Ogerpon|75\/100 brn|[from] brn\n|upkeep\n|turn|14\n|\n|t:|1699938904\n|move|p1a: Ogerpon|Ivy Cudgel|p2a: Ninetales\n|-damage|p2a: Ninetales|27\/100\n|move|p2a: Ninetales|Aurora Veil|p2a: Ninetales\n|-sidestart|p2: Lenged Ender|move: Aurora Veil\n|\n|-weather|Snow|[upkeep]\n|-damage|p1a: Ogerpon|69\/100 brn|[from] brn\n|upkeep\n|turn|15\n|\n|t:|1699938910\n|move|p1a: Ogerpon|Ivy Cudgel|p2a: Ninetales\n|-damage|p2a: Ninetales|0 fnt\n|faint|p2a: Ninetales\n|\n|-weather|Snow|[upkeep]\n|-damage|p1a: Ogerpon|63\/100 brn|[from] brn\n|upkeep\n|\n|t:|1699938915\n|switch|p2a: Iron Valiant|Iron Valiant|100\/100\n|-enditem|p2a: Iron Valiant|Booster Energy\n|-activate|p2a: Iron Valiant|ability: Quark Drive|[fromitem]\n|-start|p2a: Iron Valiant|quarkdrivespe\n|turn|16\n|\n|t:|1699938923\n|move|p2a: Iron Valiant|Close Combat|p1a: Ogerpon\n|-damage|p1a: Ogerpon|0 fnt\n|-unboost|p2a: Iron Valiant|def|1\n|-unboost|p2a: Iron Valiant|spd|1\n|faint|p1a: Ogerpon\n|\n|-weather|Snow|[upkeep]\n|upkeep\n|\n|t:|1699938945\n|switch|p1a: Zamazenta|Zamazenta|100\/100\n|-damage|p1a: Zamazenta|94\/100|[from] Stealth Rock\n|-ability|p1a: Zamazenta|Dauntless Shield|boost\n|-boost|p1a: Zamazenta|def|1\n|turn|17\n|\n|t:|1699938964\n|move|p2a: Iron Valiant|Close Combat|p1a: Zamazenta\n|-damage|p1a: Zamazenta|71\/100\n|-unboost|p2a: Iron Valiant|def|1\n|-unboost|p2a: Iron Valiant|spd|1\n|move|p1a: Zamazenta|Heavy Slam|p2a: Iron Valiant\n|-supereffective|p2a: Iron Valiant\n|-damage|p2a: Iron Valiant|11\/100\n|\n|-weather|none\n|-heal|p1a: Zamazenta|77\/100|[from] item: Leftovers\n|upkeep\n|turn|18\n|\n|t:|1699938973\n|move|p2a: Iron Valiant|Moonblast|p1a: Zamazenta\n|-supereffective|p1a: Zamazenta\n|-damage|p1a: Zamazenta|0 fnt\n|faint|p1a: Zamazenta\n|\n|upkeep\n|\n|t:|1699938976\n|switch|p1a: Rillaboom|Rillaboom, F, shiny|68\/100\n|-damage|p1a: Rillaboom|55\/100|[from] Stealth Rock\n|-fieldstart|move: Grassy Terrain|[from] ability: Grassy Surge|[of] p1a: Rillaboom\n|turn|19\n|\n|t:|1699938979\n|move|p1a: Rillaboom|Grassy Glide|p2a: Iron Valiant\n|-damage|p2a: Iron Valiant|0 fnt\n|faint|p2a: Iron Valiant\n|-end|p2a: Iron Valiant|Quark Drive|[silent]\n|\n|-heal|p1a: Rillaboom|61\/100|[from] Grassy Terrain\n|upkeep\n|\n|t:|1699938988\n|switch|p2a: Hatterene|Hatterene, F|71\/100\n|turn|20\n|\n|t:|1699938994\n|switch|p1a: Heatran|Heatran, F|38\/100\n|-damage|p1a: Heatran|25\/100|[from] Stealth Rock\n|move|p2a: Hatterene|Healing Wish|p2a: Hatterene\n|faint|p2a: Hatterene\n|\n|-heal|p1a: Heatran|32\/100|[from] Grassy Terrain\n|upkeep\n|\n|t:|1699939001\n|switch|p2a: Heatran|Heatran, M, tera:Grass|38\/100\n|-heal|p2a: Heatran|100\/100|[from] move: Healing Wish\n|turn|21\n|\n|t:|1699939005\n|move|p1a: Heatran|Taunt|p2a: Heatran\n|-start|p2a: Heatran|move: Taunt\n|move|p2a: Heatran|Earth Power|p1a: Heatran\n|-supereffective|p1a: Heatran\n|-damage|p1a: Heatran|0 fnt\n|faint|p1a: Heatran\n|\n|-sideend|p2: Lenged Ender|move: Aurora Veil\n|upkeep\n|\n|t:|1699939015\n|switch|p1a: Rillaboom|Rillaboom, F, shiny|61\/100\n|-damage|p1a: Rillaboom|49\/100|[from] Stealth Rock\n|turn|22\n|\n|t:|1699939019\n|move|p1a: Rillaboom|Wood Hammer|p2a: Heatran\n|-resisted|p2a: Heatran\n|-damage|p2a: Heatran|50\/100\n|-damage|p1a: Rillaboom|32\/100|[from] Recoil\n|move|p2a: Heatran|Magma Storm|p1a: Rillaboom|[miss]\n|-miss|p2a: Heatran|p1a: Rillaboom\n|\n|-heal|p1a: Rillaboom|39\/100|[from] Grassy Terrain\n|-heal|p2a: Heatran|57\/100|[from] Grassy Terrain\n|-heal|p2a: Heatran|63\/100|[from] item: Leftovers\n|upkeep\n|turn|23\n|\n|t:|1699939028\n|switch|p2a: Great Tusk|Great Tusk|48\/100\n|move|p1a: Rillaboom|Wood Hammer|p2a: Great Tusk\n|-supereffective|p2a: Great Tusk\n|-damage|p2a: Great Tusk|0 fnt\n|faint|p2a: Great Tusk\n|-end|p2a: Great Tusk|Protosynthesis|[silent]\n|-damage|p1a: Rillaboom|21\/100|[from] Recoil\n|\n|-heal|p1a: Rillaboom|27\/100|[from] Grassy Terrain\n|-fieldend|move: Grassy Terrain\n|upkeep\n|\n|t:|1699939033\n|switch|p2a: Kingambit|Kingambit, F|100\/100\n|-activate|p2a: Kingambit|ability: Supreme Overlord\n|-start|p2a: Kingambit|fallen4|[silent]\n|turn|24\n|\n|t:|1699939039\n|switch|p1a: Hatterene|Hatterene, F|100\/100\n|-damage|p1a: Hatterene|88\/100|[from] Stealth Rock\n|move|p2a: Kingambit|Kowtow Cleave|p1a: Hatterene\n|-damage|p1a: Hatterene|31\/100\n|\n|upkeep\n|turn|25\n|\n|t:|1699939048\n|move|p2a: Kingambit|Kowtow Cleave|p1a: Hatterene\n|-damage|p1a: Hatterene|0 fnt\n|faint|p1a: Hatterene\n|\n|upkeep\n|\n|t:|1699939051\n|switch|p1a: Rillaboom|Rillaboom, F, shiny|27\/100\n|-damage|p1a: Rillaboom|15\/100|[from] Stealth Rock\n|-fieldstart|move: Grassy Terrain|[from] ability: Grassy Surge|[of] p1a: Rillaboom\n|turn|26\n|\n|t:|1699939065\n|-end|p2a: Kingambit|fallen4|[silent]\n|switch|p2a: Heatran|Heatran, M, tera:Grass|63\/100\n|move|p1a: Rillaboom|Grassy Glide|p2a: Heatran\n|-resisted|p2a: Heatran\n|-damage|p2a: Heatran|40\/100\n|\n|-heal|p1a: Rillaboom|21\/100|[from] Grassy Terrain\n|-heal|p2a: Heatran|46\/100|[from] Grassy Terrain\n|-heal|p2a: Heatran|52\/100|[from] item: Leftovers\n|upkeep\n|turn|27\n|\n|t:|1699939071\n|move|p1a: Rillaboom|Grassy Glide|p2a: Heatran\n|-resisted|p2a: Heatran\n|-damage|p2a: Heatran|27\/100\n|move|p2a: Heatran|Will-O-Wisp|p1a: Rillaboom\n|-status|p1a: Rillaboom|brn\n|\n|-heal|p1a: Rillaboom|27\/100 brn|[from] Grassy Terrain\n|-heal|p2a: Heatran|33\/100|[from] Grassy Terrain\n|-heal|p2a: Heatran|40\/100|[from] item: Leftovers\n|-damage|p1a: Rillaboom|21\/100 brn|[from] brn\n|upkeep\n|turn|28\n|\n|t:|1699939083\n|switch|p2a: Kingambit|Kingambit, F|100\/100\n|-activate|p2a: Kingambit|ability: Supreme Overlord\n|-start|p2a: Kingambit|fallen4|[silent]\n|move|p1a: Rillaboom|Grassy Glide|p2a: Kingambit\n|-resisted|p2a: Kingambit\n|-damage|p2a: Kingambit|88\/100\n|\n|-heal|p1a: Rillaboom|27\/100 brn|[from] Grassy Terrain\n|-heal|p2a: Kingambit|94\/100|[from] Grassy Terrain\n|-damage|p1a: Rillaboom|21\/100 brn|[from] brn\n|upkeep\n|turn|29\n|\n|t:|1699939089\n|switch|p1a: Sneasler|Sneasler, F|100\/100\n|-damage|p1a: Sneasler|94\/100|[from] Stealth Rock\n|-enditem|p1a: Sneasler|Grassy Seed\n|-boost|p1a: Sneasler|def|1|[from] item: Grassy Seed\n|move|p2a: Kingambit|Swords Dance|p2a: Kingambit\n|-boost|p2a: Kingambit|atk|2\n|\n|-heal|p1a: Sneasler|100\/100|[from] Grassy Terrain\n|-heal|p2a: Kingambit|99\/100|[from] Grassy Terrain\n|upkeep\n|turn|30\n|\n|t:|1699939111\n|move|p1a: Sneasler|Swords Dance|p1a: Sneasler\n|-boost|p1a: Sneasler|atk|2\n|move|p2a: Kingambit|Kowtow Cleave|p1a: Sneasler\n|-resisted|p1a: Sneasler\n|-damage|p1a: Sneasler|33\/100\n|\n|-heal|p1a: Sneasler|39\/100|[from] Grassy Terrain\n|-heal|p2a: Kingambit|100\/100|[from] Grassy Terrain\n|-fieldend|move: Grassy Terrain\n|upkeep\n|turn|31\n|\n|t:|1699939120\n|move|p2a: Kingambit|Sucker Punch||[still]\n|-fail|p2a: Kingambit\n|move|p1a: Sneasler|Swords Dance|p1a: Sneasler\n|-boost|p1a: Sneasler|atk|2\n|\n|upkeep\n|turn|32\n|\n|t:|1699939135\n|move|p2a: Kingambit|Sucker Punch|p1a: Sneasler\n|-resisted|p1a: Sneasler\n|-damage|p1a: Sneasler|0 fnt\n|faint|p1a: Sneasler\n|\n|upkeep\n|c|\u2606harsh patel|gg\n|\n|t:|1699939140\n|switch|p1a: Rillaboom|Rillaboom, F, shiny|21\/100 brn\n|-damage|p1a: Rillaboom|8\/100 brn|[from] Stealth Rock\n|-fieldstart|move: Grassy Terrain|[from] ability: Grassy Surge|[of] p1a: Rillaboom\n|turn|33\n|\n|t:|1699939144\n|move|p1a: Rillaboom|U-turn|p2a: Kingambit\n|-damage|p2a: Kingambit|84\/100\n|move|p2a: Kingambit|Kowtow Cleave|p1a: Rillaboom\n|-damage|p1a: Rillaboom|0 fnt\n|faint|p1a: Rillaboom\n|\n|win|Lenged Ender\n|raw|harsh patel's rating: 1339 &rarr; <strong>1326<\/strong><br \/>(-13 for losing)\n|raw|Lenged Ender's rating: 1457 &rarr; <strong>1470<\/strong><br \/>(+13 for winning)\n|l|\u2606harsh patel\n","uploadtime":1699939150,"views":9,"p1id":"harshpatel","p2id":"lengedender","formatid":"gen9ou","rating":1326,"private":0,"password":""}