{"id":"gen9ou-1993052478","p1":"SnazzyLotus","p2":"HyperDood","format":"[Gen 9] OU","log":"|j|\u2606SnazzyLotus\n|j|\u2606HyperDood\n|t:|1700259482\n|gametype|singles\n|player|p1|SnazzyLotus|ghetsis|\n|player|p2|HyperDood|zinnia|\n|teamsize|p1|6\n|teamsize|p2|6\n|gen|9\n|tier|[Gen 9] OU\n|rule|Sleep Clause Mod: Limit one foe put to sleep\n|rule|Species Clause: Limit one of each Pok\u00e9mon\n|rule|OHKO Clause: OHKO moves are banned\n|rule|Evasion Items Clause: Evasion items are banned\n|rule|Evasion Moves Clause: Evasion moves are banned\n|rule|Endless Battle Clause: Forcing endless battles is banned\n|rule|HP Percentage Mod: HP is shown in percentages\n|clearpoke\n|poke|p1|Ogerpon-Wellspring, F|\n|poke|p1|Dragapult, M|\n|poke|p1|Iron Moth|\n|poke|p1|Great Tusk|\n|poke|p1|Kingambit, M|\n|poke|p1|Gholdengo|\n|poke|p2|Jirachi|\n|poke|p2|Garchomp, F|\n|poke|p2|Iron Moth|\n|poke|p2|Zapdos|\n|poke|p2|Iron Treads|\n|poke|p2|Gholdengo|\n|teampreview\n|\n|t:|1700259492\n|start\n|switch|p1a: Ogerpon|Ogerpon-Wellspring, F|100\/100\n|switch|p2a: Zapdos|Zapdos|100\/100\n|turn|1\n|\n|t:|1700259500\n|move|p1a: Ogerpon|Ivy Cudgel|p2a: Zapdos|[anim] Ivy Cudgel Water\n|-damage|p2a: Zapdos|49\/100\n|move|p2a: Zapdos|Volt Switch|p1a: Ogerpon\n|-damage|p1a: Ogerpon|64\/100\n|\n|t:|1700259507\n|switch|p2a: Garchomp|Garchomp, F|100\/100|[from] Volt Switch\n|\n|upkeep\n|turn|2\n|\n|t:|1700259525\n|switch|p1a: Dragapult|Dragapult, M, shiny|100\/100\n|move|p2a: Garchomp|Stealth Rock|p1a: Dragapult\n|-sidestart|p1: SnazzyLotus|move: Stealth Rock\n|\n|upkeep\n|turn|3\n|\n|t:|1700259530\n|switch|p2a: Iron Treads|Iron Treads|100\/100\n|move|p1a: Dragapult|Hex|p2a: Iron Treads\n|-damage|p2a: Iron Treads|72\/100\n|\n|-heal|p2a: Iron Treads|78\/100|[from] item: Leftovers\n|upkeep\n|turn|4\n|\n|t:|1700259542\n|move|p1a: Dragapult|Substitute|p1a: Dragapult\n|-start|p1a: Dragapult|Substitute\n|-damage|p1a: Dragapult|76\/100\n|move|p2a: Iron Treads|Earthquake|p1a: Dragapult\n|-end|p1a: Dragapult|Substitute\n|\n|-heal|p1a: Dragapult|82\/100|[from] item: Leftovers\n|-heal|p2a: Iron Treads|84\/100|[from] item: Leftovers\n|upkeep\n|turn|5\n|\n|t:|1700259554\n|move|p1a: Dragapult|Dragon Darts|p2a: Iron Treads\n|-resisted|p2a: Iron Treads\n|-damage|p2a: Iron Treads|76\/100\n|-anim|p1a: Dragapult|Dragon Darts|p2a: Iron Treads\n|-resisted|p2a: Iron Treads\n|-damage|p2a: Iron Treads|68\/100\n|move|p2a: Iron Treads|Earthquake|p1a: Dragapult\n|-damage|p1a: Dragapult|21\/100\n|\n|-heal|p1a: Dragapult|27\/100|[from] item: Leftovers\n|-heal|p2a: Iron Treads|74\/100|[from] item: Leftovers\n|upkeep\n|turn|6\n|\n|t:|1700259565\n|move|p1a: Dragapult|Will-O-Wisp|p2a: Iron Treads\n|-status|p2a: Iron Treads|brn\n|move|p2a: Iron Treads|Earthquake|p1a: Dragapult\n|-damage|p1a: Dragapult|0 fnt\n|faint|p1a: Dragapult\n|\n|-heal|p2a: Iron Treads|80\/100 brn|[from] item: Leftovers\n|-damage|p2a: Iron Treads|74\/100 brn|[from] brn\n|upkeep\n|\n|t:|1700259574\n|switch|p1a: Great Tusk|Great Tusk|100\/100\n|-damage|p1a: Great Tusk|98\/100|[from] Stealth Rock\n|turn|7\n|\n|t:|1700259582\n|-end|p2a: Iron Treads|Quark Drive|[silent]\n|switch|p2a: Zapdos|Zapdos|49\/100\n|move|p1a: Great Tusk|Rapid Spin|p2a: Zapdos\n|-damage|p2a: Zapdos|35\/100\n|-boost|p1a: Great Tusk|spe|1\n|-sideend|p1: SnazzyLotus|Stealth Rock|[from] move: Rapid Spin|[of] p1a: Great Tusk\n|\n|-heal|p1a: Great Tusk|100\/100|[from] item: Leftovers\n|upkeep\n|turn|8\n|\n|t:|1700259590\n|move|p1a: Great Tusk|Knock Off|p2a: Zapdos\n|-damage|p2a: Zapdos|11\/100\n|-status|p1a: Great Tusk|par|[from] ability: Static|[of] p2a: Zapdos\n|-enditem|p2a: Zapdos|Heavy-Duty Boots|[from] move: Knock Off|[of] p1a: Great Tusk\n|move|p2a: Zapdos|Roost|p2a: Zapdos\n|-heal|p2a: Zapdos|61\/100\n|-singleturn|p2a: Zapdos|move: Roost\n|\n|upkeep\n|turn|9\n|\n|t:|1700259599\n|-end|p1a: Great Tusk|Protosynthesis|[silent]\n|switch|p1a: Gholdengo|Gholdengo|100\/100\n|move|p2a: Zapdos|Roost|p2a: Zapdos\n|-heal|p2a: Zapdos|100\/100\n|-singleturn|p2a: Zapdos|move: Roost\n|\n|upkeep\n|turn|10\n|\n|t:|1700259611\n|move|p2a: Zapdos|Heat Wave|p1a: Gholdengo|[miss]\n|-miss|p2a: Zapdos|p1a: Gholdengo\n|move|p1a: Gholdengo|Hex|p2a: Zapdos\n|-damage|p2a: Zapdos|71\/100\n|\n|upkeep\n|turn|11\n|\n|t:|1700259617\n|move|p2a: Zapdos|Heat Wave|p1a: Gholdengo\n|-supereffective|p1a: Gholdengo\n|-damage|p1a: Gholdengo|48\/100\n|move|p1a: Gholdengo|Nasty Plot|p1a: Gholdengo\n|-boost|p1a: Gholdengo|spa|2\n|\n|upkeep\n|turn|12\n|\n|t:|1700259623\n|move|p2a: Zapdos|Heat Wave|p1a: Gholdengo\n|-supereffective|p1a: Gholdengo\n|-damage|p1a: Gholdengo|0 fnt\n|faint|p1a: Gholdengo\n|\n|upkeep\n|\n|t:|1700259629\n|switch|p1a: Ogerpon|Ogerpon-Wellspring, F|64\/100\n|turn|13\n|\n|t:|1700259632\n|move|p1a: Ogerpon|Horn Leech|p2a: Zapdos\n|-resisted|p2a: Zapdos\n|-damage|p2a: Zapdos|50\/100\n|-heal|p1a: Ogerpon|78\/100|[from] drain|[of] p2a: Zapdos\n|move|p2a: Zapdos|Hurricane|p1a: Ogerpon\n|-supereffective|p1a: Ogerpon\n|-crit|p1a: Ogerpon\n|-damage|p1a: Ogerpon|0 fnt\n|faint|p1a: Ogerpon\n|\n|upkeep\n|\n|t:|1700259642\n|switch|p1a: Iron Moth|Iron Moth|100\/100\n|turn|14\n|c|\u2606HyperDood|Why did he leech\n|\n|t:|1700259650\n|switch|p2a: Garchomp|Garchomp, F|100\/100\n|move|p1a: Iron Moth|Energy Ball|p2a: Garchomp\n|-damage|p2a: Garchomp|70\/100\n|\n|upkeep\n|turn|15\n|c|\u2606SnazzyLotus|Im not sure\n|\n|t:|1700259664\n|move|p1a: Iron Moth|Fire Blast|p2a: Garchomp\n|-resisted|p2a: Garchomp\n|-damage|p2a: Garchomp|41\/100\n|move|p2a: Garchomp|Earthquake|p1a: Iron Moth\n|-supereffective|p1a: Iron Moth\n|-damage|p1a: Iron Moth|0 fnt\n|faint|p1a: Iron Moth\n|-end|p1a: Iron Moth|Quark Drive|[silent]\n|\n|upkeep\n|\n|t:|1700259671\n|switch|p1a: Great Tusk|Great Tusk|100\/100 par\n|turn|16\n|\n|t:|1700259678\n|switch|p2a: Zapdos|Zapdos|50\/100\n|cant|p1a: Great Tusk|par\n|\n|upkeep\n|turn|17\n|\n|t:|1700259684\n|move|p2a: Zapdos|Roost|p2a: Zapdos\n|-heal|p2a: Zapdos|99\/100\n|-singleturn|p2a: Zapdos|move: Roost\n|cant|p1a: Great Tusk|par\n|\n|upkeep\n|turn|18\n|\n|t:|1700259692\n|move|p2a: Zapdos|Hurricane|p1a: Great Tusk\n|-supereffective|p1a: Great Tusk\n|-damage|p1a: Great Tusk|0 fnt\n|faint|p1a: Great Tusk\n|-end|p1a: Great Tusk|Protosynthesis|[silent]\n|\n|upkeep\n|\n|t:|1700259697\n|switch|p1a: Kingambit|Kingambit, M|100\/100\n|-activate|p1a: Kingambit|ability: Supreme Overlord\n|-start|p1a: Kingambit|fallen5|[silent]\n|turn|19\n|\n|t:|1700259711\n|switch|p2a: Iron Moth|Iron Moth|100\/100\n|-enditem|p2a: Iron Moth|Booster Energy\n|-activate|p2a: Iron Moth|ability: Quark Drive|[fromitem]\n|-start|p2a: Iron Moth|quarkdrivespe\n|move|p1a: Kingambit|Sucker Punch||[still]\n|-fail|p1a: Kingambit\n|\n|upkeep\n|turn|20\n|\n|t:|1700259722\n|move|p1a: Kingambit|Sucker Punch||[still]\n|-fail|p1a: Kingambit\n|move|p2a: Iron Moth|Substitute|p2a: Iron Moth\n|-start|p2a: Iron Moth|Substitute\n|-damage|p2a: Iron Moth|76\/100\n|\n|upkeep\n|turn|21\n|\n|t:|1700259729\n|move|p2a: Iron Moth|Fiery Dance|p1a: Kingambit\n|-supereffective|p1a: Kingambit\n|-damage|p1a: Kingambit|16\/100\n|-boost|p2a: Iron Moth|spa|1\n|move|p1a: Kingambit|Kowtow Cleave|p2a: Iron Moth\n|-end|p2a: Iron Moth|Substitute\n|\n|-heal|p1a: Kingambit|22\/100|[from] item: Leftovers\n|upkeep\n|turn|22\n|\n|t:|1700259737\n|move|p1a: Kingambit|Sucker Punch||[still]\n|-fail|p1a: Kingambit\n|move|p2a: Iron Moth|Substitute|p2a: Iron Moth\n|-start|p2a: Iron Moth|Substitute\n|-damage|p2a: Iron Moth|51\/100\n|\n|-heal|p1a: Kingambit|28\/100|[from] item: Leftovers\n|upkeep\n|turn|23\n|\n|t:|1700259744\n|move|p2a: Iron Moth|Fiery Dance|p1a: Kingambit\n|-supereffective|p1a: Kingambit\n|-damage|p1a: Kingambit|0 fnt\n|faint|p1a: Kingambit\n|-end|p1a: Kingambit|fallen5|[silent]\n|\n|win|HyperDood\n|c|\u2606HyperDood|Geegee\n","uploadtime":1700259756,"views":13,"p1id":"snazzylotus","p2id":"hyperdood","formatid":"gen9ou","rating":0,"private":0,"password":""}