{"id":"gen9ou-1988291519","p1":"u4j","p2":"Bouli_Guili","format":"[Gen 9] OU","log":"|j|\u2606u4j\n|j|\u2606Bouli_Guili\n|t:|1699702876\n|gametype|singles\n|player|p1|u4j|266|1480\n|player|p2|Bouli_Guili|169|1510\n|teamsize|p1|6\n|teamsize|p2|6\n|gen|9\n|tier|[Gen 9] OU\n|rated|\n|rule|Sleep Clause Mod: Limit one foe put to sleep\n|rule|Species Clause: Limit one of each Pok\u00e9mon\n|rule|OHKO Clause: OHKO moves are banned\n|rule|Evasion Items Clause: Evasion items are banned\n|rule|Evasion Moves Clause: Evasion moves are banned\n|rule|Endless Battle Clause: Forcing endless battles is banned\n|rule|HP Percentage Mod: HP is shown in percentages\n|clearpoke\n|poke|p1|Ceruledge, M|\n|poke|p1|Dragapult, M|\n|poke|p1|Alomomola, F|\n|poke|p1|Clodsire, M|\n|poke|p1|Meowscarada, F|\n|poke|p1|Corviknight, M|\n|poke|p2|Ceruledge, F|\n|poke|p2|Garganacl, M|\n|poke|p2|Dragapult, M|\n|poke|p2|Cinderace, M|\n|poke|p2|Corviknight, M|\n|poke|p2|Great Tusk|\n|teampreview\n|inactive|Battle timer is ON: inactive players will automatically lose when time's up. (requested by u4j)\n|\n|t:|1699702896\n|start\n|switch|p1a: Meowscarada|Meowscarada, F|100\/100\n|switch|p2a: Russian rockets|Dragapult, M|100\/100\n|turn|1\n|\n|t:|1699702904\n|switch|p2a: GRIAAAAAARK|Corviknight, M|100\/100\n|-ability|p2a: GRIAAAAAARK|Pressure\n|switch|p1a: Ceruledge|Ceruledge, M|100\/100\n|\n|upkeep\n|turn|2\n|\n|t:|1699702912\n|switch|p2a: Grouink GROUIIINK|Great Tusk|100\/100\n|move|p1a: Ceruledge|Poltergeist|p2a: Grouink GROUIIINK\n|-activate|p2a: Grouink GROUIIINK|move: Poltergeist|Leftovers\n|-damage|p2a: Grouink GROUIIINK|61\/100\n|\n|-heal|p2a: Grouink GROUIIINK|67\/100|[from] item: Leftovers\n|upkeep\n|turn|3\n|\n|t:|1699702917\n|switch|p1a: Corviknight|Corviknight, M|100\/100\n|-ability|p1a: Corviknight|Pressure\n|move|p2a: Grouink GROUIIINK|Earthquake|p1a: Corviknight\n|-immune|p1a: Corviknight\n|\n|-heal|p2a: Grouink GROUIIINK|74\/100|[from] item: Leftovers\n|upkeep\n|turn|4\n|\n|t:|1699702923\n|move|p2a: Grouink GROUIIINK|Knock Off|p1a: Corviknight\n|-damage|p1a: Corviknight|84\/100\n|-damage|p2a: Grouink GROUIIINK|57\/100|[from] item: Rocky Helmet|[of] p1a: Corviknight\n|-enditem|p1a: Corviknight|Rocky Helmet|[from] move: Knock Off|[of] p2a: Grouink GROUIIINK\n|move|p1a: Corviknight|Defog|p2a: Grouink GROUIIINK\n|-unboost|p2a: Grouink GROUIIINK|evasion|1\n|\n|-heal|p2a: Grouink GROUIIINK|63\/100|[from] item: Leftovers\n|upkeep\n|turn|5\n|\n|t:|1699702927\n|move|p2a: Grouink GROUIIINK|Stealth Rock|p1a: Corviknight\n|-sidestart|p1: u4j|move: Stealth Rock\n|move|p1a: Corviknight|Defog|p2a: Grouink GROUIIINK\n|-unboost|p2a: Grouink GROUIIINK|evasion|1\n|-sideend|p1: u4j|Stealth Rock|[from] move: Defog|[of] p1a: Corviknight\n|\n|-heal|p2a: Grouink GROUIIINK|69\/100|[from] item: Leftovers\n|upkeep\n|turn|6\n|\n|t:|1699702930\n|move|p2a: Grouink GROUIIINK|Stealth Rock|p1a: Corviknight\n|-sidestart|p1: u4j|move: Stealth Rock\n|move|p1a: Corviknight|Defog|p2a: Grouink GROUIIINK\n|-unboost|p2a: Grouink GROUIIINK|evasion|1\n|-sideend|p1: u4j|Stealth Rock|[from] move: Defog|[of] p1a: Corviknight\n|\n|-heal|p2a: Grouink GROUIIINK|76\/100|[from] item: Leftovers\n|upkeep\n|turn|7\n|\n|t:|1699702933\n|move|p2a: Grouink GROUIIINK|Stealth Rock|p1a: Corviknight\n|-sidestart|p1: u4j|move: Stealth Rock\n|move|p1a: Corviknight|Defog|p2a: Grouink GROUIIINK\n|-unboost|p2a: Grouink GROUIIINK|evasion|1\n|-sideend|p1: u4j|Stealth Rock|[from] move: Defog|[of] p1a: Corviknight\n|\n|-heal|p2a: Grouink GROUIIINK|82\/100|[from] item: Leftovers\n|upkeep\n|turn|8\n|\n|t:|1699702935\n|move|p2a: Grouink GROUIIINK|Stealth Rock|p1a: Corviknight\n|-sidestart|p1: u4j|move: Stealth Rock\n|move|p1a: Corviknight|Defog|p2a: Grouink GROUIIINK\n|-unboost|p2a: Grouink GROUIIINK|evasion|1\n|-sideend|p1: u4j|Stealth Rock|[from] move: Defog|[of] p1a: Corviknight\n|\n|-heal|p2a: Grouink GROUIIINK|88\/100|[from] item: Leftovers\n|upkeep\n|turn|9\n|j| yellow motorola\n|\n|t:|1699702937\n|move|p2a: Grouink GROUIIINK|Stealth Rock|p1a: Corviknight\n|-sidestart|p1: u4j|move: Stealth Rock\n|move|p1a: Corviknight|Defog|p2a: Grouink GROUIIINK\n|-unboost|p2a: Grouink GROUIIINK|evasion|1\n|-sideend|p1: u4j|Stealth Rock|[from] move: Defog|[of] p1a: Corviknight\n|\n|-heal|p2a: Grouink GROUIIINK|94\/100|[from] item: Leftovers\n|upkeep\n|turn|10\n|\n|t:|1699702939\n|move|p2a: Grouink GROUIIINK|Stealth Rock|p1a: Corviknight\n|-sidestart|p1: u4j|move: Stealth Rock\n|move|p1a: Corviknight|Defog|p2a: Grouink GROUIIINK\n|-unboost|p2a: Grouink GROUIIINK|evasion|0\n|-sideend|p1: u4j|Stealth Rock|[from] move: Defog|[of] p1a: Corviknight\n|\n|-heal|p2a: Grouink GROUIIINK|100\/100|[from] item: Leftovers\n|upkeep\n|turn|11\n|\n|t:|1699702949\n|move|p2a: Grouink GROUIIINK|Stealth Rock|p1a: Corviknight\n|-sidestart|p1: u4j|move: Stealth Rock\n|move|p1a: Corviknight|Defog|p2a: Grouink GROUIIINK\n|-unboost|p2a: Grouink GROUIIINK|evasion|0\n|-sideend|p1: u4j|Stealth Rock|[from] move: Defog|[of] p1a: Corviknight\n|\n|upkeep\n|turn|12\n|\n|t:|1699702951\n|move|p2a: Grouink GROUIIINK|Stealth Rock|p1a: Corviknight\n|-sidestart|p1: u4j|move: Stealth Rock\n|move|p1a: Corviknight|Defog|p2a: Grouink GROUIIINK\n|-unboost|p2a: Grouink GROUIIINK|evasion|0\n|-sideend|p1: u4j|Stealth Rock|[from] move: Defog|[of] p1a: Corviknight\n|\n|upkeep\n|turn|13\n|\n|t:|1699702953\n|move|p2a: Grouink GROUIIINK|Stealth Rock|p1a: Corviknight\n|-sidestart|p1: u4j|move: Stealth Rock\n|move|p1a: Corviknight|Defog|p2a: Grouink GROUIIINK\n|-unboost|p2a: Grouink GROUIIINK|evasion|0\n|-sideend|p1: u4j|Stealth Rock|[from] move: Defog|[of] p1a: Corviknight\n|\n|upkeep\n|turn|14\n|\n|t:|1699702957\n|move|p2a: Grouink GROUIIINK|Stealth Rock|p1a: Corviknight\n|-sidestart|p1: u4j|move: Stealth Rock\n|move|p1a: Corviknight|Defog|p2a: Grouink GROUIIINK\n|-unboost|p2a: Grouink GROUIIINK|evasion|0\n|-sideend|p1: u4j|Stealth Rock|[from] move: Defog|[of] p1a: Corviknight\n|\n|upkeep\n|turn|15\n|\n|t:|1699702959\n|move|p2a: Grouink GROUIIINK|Stealth Rock|p1a: Corviknight\n|-sidestart|p1: u4j|move: Stealth Rock\n|move|p1a: Corviknight|Defog|p2a: Grouink GROUIIINK\n|-unboost|p2a: Grouink GROUIIINK|evasion|0\n|-sideend|p1: u4j|Stealth Rock|[from] move: Defog|[of] p1a: Corviknight\n|\n|upkeep\n|turn|16\n|\n|t:|1699702962\n|move|p2a: Grouink GROUIIINK|Stealth Rock|p1a: Corviknight\n|-sidestart|p1: u4j|move: Stealth Rock\n|move|p1a: Corviknight|Defog|p2a: Grouink GROUIIINK\n|-unboost|p2a: Grouink GROUIIINK|evasion|0\n|-sideend|p1: u4j|Stealth Rock|[from] move: Defog|[of] p1a: Corviknight\n|\n|upkeep\n|turn|17\n|\n|t:|1699702964\n|move|p2a: Grouink GROUIIINK|Stealth Rock|p1a: Corviknight\n|-sidestart|p1: u4j|move: Stealth Rock\n|move|p1a: Corviknight|Defog|p2a: Grouink GROUIIINK\n|-unboost|p2a: Grouink GROUIIINK|evasion|0\n|-sideend|p1: u4j|Stealth Rock|[from] move: Defog|[of] p1a: Corviknight\n|\n|upkeep\n|turn|18\n|\n|t:|1699702966\n|move|p2a: Grouink GROUIIINK|Stealth Rock|p1a: Corviknight\n|-sidestart|p1: u4j|move: Stealth Rock\n|move|p1a: Corviknight|Defog|p2a: Grouink GROUIIINK\n|-unboost|p2a: Grouink GROUIIINK|evasion|0\n|-sideend|p1: u4j|Stealth Rock|[from] move: Defog|[of] p1a: Corviknight\n|\n|upkeep\n|turn|19\n|\n|t:|1699702968\n|move|p2a: Grouink GROUIIINK|Stealth Rock|p1a: Corviknight\n|-sidestart|p1: u4j|move: Stealth Rock\n|move|p1a: Corviknight|Defog|p2a: Grouink GROUIIINK\n|-unboost|p2a: Grouink GROUIIINK|evasion|0\n|-sideend|p1: u4j|Stealth Rock|[from] move: Defog|[of] p1a: Corviknight\n|\n|upkeep\n|turn|20\n|\n|t:|1699702970\n|move|p2a: Grouink GROUIIINK|Stealth Rock|p1a: Corviknight\n|-sidestart|p1: u4j|move: Stealth Rock\n|move|p1a: Corviknight|Defog|p2a: Grouink GROUIIINK\n|-unboost|p2a: Grouink GROUIIINK|evasion|0\n|-sideend|p1: u4j|Stealth Rock|[from] move: Defog|[of] p1a: Corviknight\n|\n|upkeep\n|turn|21\n|\n|t:|1699702972\n|-end|p2a: Grouink GROUIIINK|Protosynthesis|[silent]\n|switch|p2a: GRIAAAAAARK|Corviknight, M|100\/100\n|-ability|p2a: GRIAAAAAARK|Pressure\n|move|p1a: Corviknight|U-turn|p2a: GRIAAAAAARK\n|-resisted|p2a: GRIAAAAAARK\n|-damage|p2a: GRIAAAAAARK|97\/100\n|-damage|p1a: Corviknight|68\/100|[from] item: Rocky Helmet|[of] p2a: GRIAAAAAARK\n|\n|t:|1699702974\n|switch|p1a: Ceruledge|Ceruledge, M|100\/100|[from] U-turn\n|\n|upkeep\n|turn|22\n|\n|t:|1699702979\n|switch|p2a: Grouink GROUIIINK|Great Tusk|100\/100\n|move|p1a: Ceruledge|Poltergeist|p2a: Grouink GROUIIINK\n|-activate|p2a: Grouink GROUIIINK|move: Poltergeist|Leftovers\n|-damage|p2a: Grouink GROUIIINK|57\/100\n|\n|-heal|p2a: Grouink GROUIIINK|64\/100|[from] item: Leftovers\n|upkeep\n|turn|23\n|\n|t:|1699702982\n|switch|p1a: Corviknight|Corviknight, M|68\/100\n|-ability|p1a: Corviknight|Pressure\n|move|p2a: Grouink GROUIIINK|Knock Off|p1a: Corviknight\n|-damage|p1a: Corviknight|57\/100\n|\n|-heal|p2a: Grouink GROUIIINK|70\/100|[from] item: Leftovers\n|upkeep\n|turn|24\n|\n|t:|1699702986\n|-end|p2a: Grouink GROUIIINK|Protosynthesis|[silent]\n|switch|p2a: Russian rockets|Dragapult, M|100\/100\n|move|p1a: Corviknight|Roost|p1a: Corviknight\n|-heal|p1a: Corviknight|100\/100\n|-singleturn|p1a: Corviknight|move: Roost\n|\n|upkeep\n|turn|25\n|\n|t:|1699702990\n|switch|p1a: Ceruledge|Ceruledge, M|100\/100\n|move|p2a: Russian rockets|Thunderbolt|p1a: Ceruledge\n|-damage|p1a: Ceruledge|61\/100\n|\n|upkeep\n|turn|26\n|\n|t:|1699702996\n|switch|p2a: Grouink GROUIIINK|Great Tusk|70\/100\n|move|p1a: Ceruledge|Shadow Sneak|p2a: Grouink GROUIIINK\n|-damage|p2a: Grouink GROUIIINK|53\/100\n|\n|-heal|p2a: Grouink GROUIIINK|59\/100|[from] item: Leftovers\n|upkeep\n|turn|27\n|\n|t:|1699703002\n|switch|p1a: Alomomola|Alomomola, F|100\/100\n|move|p2a: Grouink GROUIIINK|Earthquake|p1a: Alomomola\n|-damage|p1a: Alomomola|78\/100\n|\n|-heal|p2a: Grouink GROUIIINK|66\/100|[from] item: Leftovers\n|upkeep\n|turn|28\n|\n|t:|1699703007\n|move|p2a: Grouink GROUIIINK|Knock Off|p1a: Alomomola\n|-damage|p1a: Alomomola|63\/100\n|-damage|p2a: Grouink GROUIIINK|49\/100|[from] item: Rocky Helmet|[of] p1a: Alomomola\n|-enditem|p1a: Alomomola|Rocky Helmet|[from] move: Knock Off|[of] p2a: Grouink GROUIIINK\n|move|p1a: Alomomola|Scald|p2a: Grouink GROUIIINK\n|-supereffective|p2a: Grouink GROUIIINK\n|-damage|p2a: Grouink GROUIIINK|15\/100\n|\n|-heal|p2a: Grouink GROUIIINK|22\/100|[from] item: Leftovers\n|upkeep\n|turn|29\n|\n|t:|1699703018\n|-end|p2a: Grouink GROUIIINK|Protosynthesis|[silent]\n|switch|p2a: Russian rockets|Dragapult, M|100\/100\n|move|p1a: Alomomola|Wish|p1a: Alomomola\n|\n|upkeep\n|turn|30\n|\n|t:|1699703026\n|move|p2a: Russian rockets|U-turn|p1a: Alomomola\n|-crit|p1a: Alomomola\n|-damage|p1a: Alomomola|51\/100\n|\n|t:|1699703030\n|switch|p2a: GRIAAAAAARK|Corviknight, M|97\/100|[from] U-turn\n|-ability|p2a: GRIAAAAAARK|Pressure\n|move|p1a: Alomomola|Flip Turn|p2a: GRIAAAAAARK\n|-damage|p2a: GRIAAAAAARK|83\/100\n|-damage|p1a: Alomomola|34\/100|[from] item: Rocky Helmet|[of] p2a: GRIAAAAAARK\n|\n|t:|1699703035\n|switch|p1a: Ceruledge|Ceruledge, M|61\/100|[from] Flip Turn\n|\n|-heal|p1a: Ceruledge|100\/100|[from] move: Wish|[wisher] Alomomola\n|upkeep\n|turn|31\n|\n|t:|1699703054\n|switch|p2a: gragragnagrrrrr|Garganacl, M|100\/100\n|move|p1a: Ceruledge|Poltergeist|p2a: gragragnagrrrrr\n|-activate|p2a: gragragnagrrrrr|move: Poltergeist|Leftovers\n|-damage|p2a: gragragnagrrrrr|72\/100\n|\n|-heal|p2a: gragragnagrrrrr|78\/100|[from] item: Leftovers\n|upkeep\n|turn|32\n|\n|t:|1699703069\n|switch|p1a: Meowscarada|Meowscarada, F|100\/100\n|-terastallize|p2a: gragragnagrrrrr|Water\n|move|p2a: gragragnagrrrrr|Salt Cure|p1a: Meowscarada\n|-damage|p1a: Meowscarada|80\/100\n|-start|p1a: Meowscarada|Salt Cure\n|\n|-heal|p2a: gragragnagrrrrr|84\/100|[from] item: Leftovers\n|-damage|p1a: Meowscarada|68\/100|[from] Salt Cure\n|upkeep\n|turn|33\n|\n|t:|1699703076\n|switch|p2a: GRIAAAAAARK|Corviknight, M|83\/100\n|-ability|p2a: GRIAAAAAARK|Pressure\n|move|p1a: Meowscarada|Knock Off|p2a: GRIAAAAAARK\n|-start|p1a: Meowscarada|typechange|Dark|[from] ability: Protean\n|-damage|p2a: GRIAAAAAARK|26\/100\n|-damage|p1a: Meowscarada|51\/100|[from] item: Rocky Helmet|[of] p2a: GRIAAAAAARK\n|-enditem|p2a: GRIAAAAAARK|Rocky Helmet|[from] move: Knock Off|[of] p1a: Meowscarada\n|\n|-damage|p1a: Meowscarada|39\/100|[from] Salt Cure\n|upkeep\n|turn|34\n|\n|t:|1699703085\n|switch|p1a: Alomomola|Alomomola, F|68\/100\n|switch|p2a: Grouink GROUIIINK|Great Tusk|22\/100\n|\n|-heal|p2a: Grouink GROUIIINK|28\/100|[from] item: Leftovers\n|upkeep\n|turn|35\n|\n|t:|1699703091\n|-end|p2a: Grouink GROUIIINK|Protosynthesis|[silent]\n|switch|p2a: Russian rockets|Dragapult, M|100\/100\n|move|p1a: Alomomola|Wish|p1a: Alomomola\n|\n|upkeep\n|turn|36\n|\n|t:|1699703095\n|switch|p1a: Meowscarada|Meowscarada, F|39\/100\n|move|p2a: Russian rockets|Thunderbolt|p1a: Meowscarada\n|-resisted|p1a: Meowscarada\n|-damage|p1a: Meowscarada|8\/100\n|\n|-heal|p1a: Meowscarada|99\/100|[from] move: Wish|[wisher] Alomomola\n|upkeep\n|turn|37\n|\n|t:|1699703100\n|switch|p2a: GRIAAAAAARK|Corviknight, M|26\/100\n|-ability|p2a: GRIAAAAAARK|Pressure\n|move|p1a: Meowscarada|Knock Off|p2a: GRIAAAAAARK\n|-start|p1a: Meowscarada|typechange|Dark|[from] ability: Protean\n|-damage|p2a: GRIAAAAAARK|0 fnt\n|faint|p2a: GRIAAAAAARK\n|\n|upkeep\n|\n|t:|1699703107\n|switch|p2a: Swing Swing|Ceruledge, F|100\/100\n|turn|38\n|\n|t:|1699703111\n|switch|p1a: Alomomola|Alomomola, F|100\/100\n|move|p2a: Swing Swing|Swords Dance|p2a: Swing Swing\n|-boost|p2a: Swing Swing|atk|2\n|\n|upkeep\n|turn|39\n|\n|t:|1699703115\n|switch|p2a: Grouink GROUIIINK|Great Tusk|28\/100\n|move|p1a: Alomomola|Scald|p2a: Grouink GROUIIINK\n|-supereffective|p2a: Grouink GROUIIINK\n|-damage|p2a: Grouink GROUIIINK|0 fnt\n|faint|p2a: Grouink GROUIIINK\n|-end|p2a: Grouink GROUIIINK|Protosynthesis|[silent]\n|\n|upkeep\n|\n|t:|1699703117\n|switch|p2a: Russian rockets|Dragapult, M|100\/100\n|turn|40\n|\n|t:|1699703123\n|move|p2a: Russian rockets|Draco Meteor|p1a: Alomomola\n|-damage|p1a: Alomomola|8\/100\n|-unboost|p2a: Russian rockets|spa|2\n|move|p1a: Alomomola|Flip Turn|p2a: Russian rockets\n|-resisted|p2a: Russian rockets\n|-crit|p2a: Russian rockets\n|-damage|p2a: Russian rockets|83\/100\n|\n|t:|1699703136\n|switch|p1a: Meowscarada|Meowscarada, F|99\/100|[from] Flip Turn\n|\n|upkeep\n|turn|41\n|\n|t:|1699703146\n|switch|p2a: Ronaldino soccer|Cinderace, M|100\/100\n|move|p1a: Meowscarada|Knock Off|p2a: Ronaldino soccer\n|-start|p1a: Meowscarada|typechange|Dark|[from] ability: Protean\n|-damage|p2a: Ronaldino soccer|6\/100\n|-enditem|p2a: Ronaldino soccer|Heavy-Duty Boots|[from] move: Knock Off|[of] p1a: Meowscarada\n|\n|upkeep\n|turn|42\n|\n|t:|1699703154\n|move|p1a: Meowscarada|Knock Off|p2a: Ronaldino soccer\n|-damage|p2a: Ronaldino soccer|0 fnt\n|faint|p2a: Ronaldino soccer\n|\n|upkeep\n|\n|t:|1699703159\n|switch|p2a: Swing Swing|Ceruledge, F|100\/100\n|turn|43\n|\n|t:|1699703164\n|switch|p1a: Alomomola|Alomomola, F|42\/100\n|switch|p2a: Russian rockets|Dragapult, M|83\/100\n|\n|upkeep\n|turn|44\n|\n|t:|1699703169\n|move|p1a: Alomomola|Protect|p1a: Alomomola\n|-singleturn|p1a: Alomomola|Protect\n|move|p2a: Russian rockets|Shadow Ball|p1a: Alomomola\n|-activate|p1a: Alomomola|move: Protect\n|\n|upkeep\n|turn|45\n|\n|t:|1699703176\n|switch|p1a: Clodsire|Clodsire, M|100\/100\n|move|p2a: Russian rockets|Shadow Ball|p1a: Clodsire\n|-damage|p1a: Clodsire|74\/100\n|\n|-heal|p1a: Clodsire|81\/100|[from] item: Leftovers\n|upkeep\n|turn|46\n|\n|t:|1699703183\n|move|p2a: Russian rockets|Shadow Ball|p1a: Clodsire\n|-damage|p1a: Clodsire|55\/100\n|move|p1a: Clodsire|Stealth Rock|p2a: Russian rockets\n|-sidestart|p2: Bouli_Guili|move: Stealth Rock\n|\n|-heal|p1a: Clodsire|61\/100|[from] item: Leftovers\n|upkeep\n|turn|47\n|\n|t:|1699703186\n|switch|p2a: gragragnagrrrrr|Garganacl, M, tera:Water|84\/100\n|-damage|p2a: gragragnagrrrrr|72\/100|[from] Stealth Rock\n|move|p1a: Clodsire|Toxic|p2a: gragragnagrrrrr\n|-immune|p2a: gragragnagrrrrr|[from] ability: Purifying Salt\n|\n|-heal|p2a: gragragnagrrrrr|78\/100|[from] item: Leftovers\n|-heal|p1a: Clodsire|67\/100|[from] item: Leftovers\n|upkeep\n|turn|48\n|\n|t:|1699703189\n|switch|p1a: Meowscarada|Meowscarada, F|99\/100\n|move|p2a: gragragnagrrrrr|Iron Defense|p2a: gragragnagrrrrr\n|-boost|p2a: gragragnagrrrrr|def|2\n|\n|-heal|p2a: gragragnagrrrrr|84\/100|[from] item: Leftovers\n|upkeep\n|turn|49\n|\n|t:|1699703193\n|-terastallize|p1a: Meowscarada|Grass\n|move|p1a: Meowscarada|Flower Trick|p2a: gragragnagrrrrr\n|-supereffective|p2a: gragragnagrrrrr\n|-crit|p2a: gragragnagrrrrr\n|-damage|p2a: gragragnagrrrrr|0 fnt\n|faint|p2a: gragragnagrrrrr\n|\n|upkeep\n|\n|t:|1699703197\n|switch|p2a: Swing Swing|Ceruledge, F|100\/100\n|-damage|p2a: Swing Swing|76\/100|[from] Stealth Rock\n|turn|50\n|\n|t:|1699703208\n|switch|p1a: Alomomola|Alomomola, F|75\/100\n|move|p2a: Swing Swing|Swords Dance|p2a: Swing Swing\n|-boost|p2a: Swing Swing|atk|2\n|\n|upkeep\n|turn|51\n|\n|t:|1699703216\n|move|p2a: Swing Swing|Bitter Blade|p1a: Alomomola\n|-resisted|p1a: Alomomola\n|-damage|p1a: Alomomola|49\/100\n|-heal|p2a: Swing Swing|99\/100|[from] drain|[of] p1a: Alomomola\n|move|p1a: Alomomola|Flip Turn|p2a: Swing Swing\n|-supereffective|p2a: Swing Swing\n|-damage|p2a: Swing Swing|52\/100\n|-ability|p2a: Swing Swing|Weak Armor|boost\n|-unboost|p2a: Swing Swing|def|1\n|-boost|p2a: Swing Swing|spe|2\n|\n|t:|1699703221\n|switch|p1a: Meowscarada|Meowscarada, F, tera:Grass|99\/100|[from] Flip Turn\n|\n|upkeep\n|turn|52\n|\n|t:|1699703225\n|move|p1a: Meowscarada|Sucker Punch|p2a: Swing Swing\n|-supereffective|p2a: Swing Swing\n|-damage|p2a: Swing Swing|0 fnt\n|faint|p2a: Swing Swing\n|\n|upkeep\n|\n|t:|1699703227\n|switch|p2a: Russian rockets|Dragapult, M|83\/100\n|-damage|p2a: Russian rockets|70\/100|[from] Stealth Rock\n|turn|53\n|\n|t:|1699703240\n|move|p1a: Meowscarada|Sucker Punch|p2a: Russian rockets\n|-supereffective|p2a: Russian rockets\n|-damage|p2a: Russian rockets|0 fnt\n|faint|p2a: Russian rockets\n|\n|win|u4j\n|raw|u4j's rating: 1480 &rarr; <strong>1502<\/strong><br \/>(+22 for winning)\n|raw|Bouli_Guili's rating: 1510 &rarr; <strong>1488<\/strong><br \/>(-22 for losing)\n|c|\u2606u4j|gg\n|l|\u2606Bouli_Guili\n|l|\u2606u4j\n|l| yellow motorola\n|j|\u2606u4j\n|player|p1|u4j|266\n","uploadtime":1699703768,"views":75,"p1id":"u4j","p2id":"bouliguili","formatid":"gen9ou","rating":1488,"private":0,"password":""}