{"id":"gen9ou-2000031998","p1":"Beastindian","p2":"RggV","format":"[Gen 9] OU","log":"|j|\u2606Beastindian\n|j|\u2606RggV\n|t:|1701143588\n|gametype|singles\n|player|p1|Beastindian|ethan|1687\n|player|p2|RggV|#wcop2023latinamerica|1774\n|teamsize|p1|6\n|teamsize|p2|6\n|gen|9\n|tier|[Gen 9] OU\n|rated|\n|rule|Sleep Clause Mod: Limit one foe put to sleep\n|rule|Species Clause: Limit one of each Pok\u00e9mon\n|rule|OHKO Clause: OHKO moves are banned\n|rule|Evasion Items Clause: Evasion items are banned\n|rule|Evasion Moves Clause: Evasion moves are banned\n|rule|Endless Battle Clause: Forcing endless battles is banned\n|rule|HP Percentage Mod: HP is shown in percentages\n|clearpoke\n|poke|p1|Corviknight, M|\n|poke|p1|Cinderace, F|\n|poke|p1|Clodsire, M|\n|poke|p1|Dragapult, F|\n|poke|p1|Dragonite, M|\n|poke|p1|Iron Valiant|\n|poke|p2|Infernape, M|\n|poke|p2|Ribombee, F|\n|poke|p2|Gholdengo|\n|poke|p2|Manaphy|\n|poke|p2|Landorus-Therian, M|\n|poke|p2|Kommo-o, M|\n|teampreview\n|inactive|Battle timer is ON: inactive players will automatically lose when time's up. (requested by RggV)\n|inactive|RggV has 120 seconds left.\n|\n|t:|1701143628\n|start\n|switch|p1a: bladeefan2000|Cinderace, F|100\/100\n|switch|p2a: Son Goku|Infernape, M|100\/100\n|turn|1\n|\n|t:|1701143634\n|move|p1a: bladeefan2000|U-turn|p2a: Son Goku\n|-resisted|p2a: Son Goku\n|-damage|p2a: Son Goku|93\/100\n|\n|t:|1701143636\n|switch|p1a: Dragapult|Dragapult, F|100\/100|[from] U-turn\n|move|p2a: Son Goku|Fire Punch|p1a: Dragapult\n|-resisted|p1a: Dragapult\n|-damage|p1a: Dragapult|64\/100\n|-damage|p2a: Son Goku|83\/100|[from] item: Life Orb\n|\n|upkeep\n|turn|2\n|\n|t:|1701143645\n|switch|p2a: Ribombee|Ribombee, F|100\/100\n|move|p1a: Dragapult|Draco Meteor|p2a: Ribombee\n|-immune|p2a: Ribombee\n|\n|upkeep\n|turn|3\n|inactive|RggV has 120 seconds left.\n|inactive|RggV has 90 seconds left.\n|inactive|RggV has 60 seconds left.\n|inactive|RggV has 30 seconds left.\n|\n|t:|1701143771\n|switch|p1a: Corviknight|Corviknight, M|100\/100\n|-ability|p1a: Corviknight|Pressure\n|move|p2a: Ribombee|Sticky Web|p1a: Corviknight\n|-sidestart|p1: Beastindian|move: Sticky Web\n|\n|upkeep\n|turn|4\n|inactive|RggV has 30 seconds left.\n|\n|t:|1701143781\n|switch|p2a: Son Goku|Infernape, M|83\/100\n|move|p1a: Corviknight|U-turn|p2a: Son Goku\n|-resisted|p2a: Son Goku\n|-damage|p2a: Son Goku|78\/100\n|\n|t:|1701143785\n|switch|p1a: bladeefan2000|Cinderace, F|100\/100|[from] U-turn\n|\n|upkeep\n|turn|5\n|\n|t:|1701143792\n|move|p1a: bladeefan2000|Court Change|p1a: bladeefan2000\n|-swapsideconditions\n|-activate|p1a: bladeefan2000|move: Court Change\n|move|p2a: Son Goku|Swords Dance|p2a: Son Goku\n|-boost|p2a: Son Goku|atk|2\n|\n|upkeep\n|turn|6\n|\n|t:|1701143799\n|move|p1a: bladeefan2000|U-turn|p2a: Son Goku\n|-resisted|p2a: Son Goku\n|-damage|p2a: Son Goku|71\/100\n|\n|t:|1701143803\n|switch|p1a: Dragonite|Dragonite, M|100\/100|[from] U-turn\n|move|p2a: Son Goku|Fire Punch|p1a: Dragonite\n|-resisted|p1a: Dragonite\n|-damage|p1a: Dragonite|69\/100\n|-damage|p2a: Son Goku|61\/100|[from] item: Life Orb\n|\n|upkeep\n|turn|7\n|inactive|RggV has 60 seconds left.\n|\n|t:|1701143808\n|switch|p2a: Landorus|Landorus-Therian, M|100\/100\n|-ability|p2a: Landorus|Intimidate|boost\n|-unboost|p1a: Dragonite|atk|1\n|move|p1a: Dragonite|Extreme Speed|p2a: Landorus\n|-damage|p2a: Landorus|62\/100\n|\n|-heal|p2a: Landorus|68\/100|[from] item: Leftovers\n|upkeep\n|turn|8\n|\n|t:|1701143815\n|switch|p1a: Dragapult|Dragapult, F|64\/100\n|move|p2a: Landorus|Smack Down|p1a: Dragapult\n|-damage|p1a: Dragapult|39\/100\n|\n|-heal|p2a: Landorus|74\/100|[from] item: Leftovers\n|upkeep\n|turn|9\n|\n|t:|1701143821\n|switch|p2a: Son Goku|Infernape, M|61\/100\n|-activate|p2a: Son Goku|move: Sticky Web\n|-unboost|p2a: Son Goku|spe|1\n|move|p1a: Dragapult|Shadow Ball|p2a: Son Goku\n|-damage|p2a: Son Goku|0 fnt\n|faint|p2a: Son Goku\n|\n|upkeep\n|\n|t:|1701143825\n|switch|p2a: Ribombee|Ribombee, F|100\/100\n|-activate|p2a: Ribombee|move: Sticky Web\n|-unboost|p2a: Ribombee|spe|1\n|turn|10\n|\n|t:|1701143830\n|move|p1a: Dragapult|Shadow Ball|p2a: Ribombee\n|-damage|p2a: Ribombee|4\/100\n|move|p2a: Ribombee|Sticky Web|p1a: Dragapult\n|-sidestart|p1: Beastindian|move: Sticky Web\n|\n|upkeep\n|turn|11\n|inactive|RggV has 90 seconds left.\n|\n|t:|1701143835\n|switch|p2a: Kommo-o|Kommo-o, M|100\/100\n|-activate|p2a: Kommo-o|move: Sticky Web\n|-unboost|p2a: Kommo-o|spe|1\n|move|p1a: Dragapult|Shadow Ball|p2a: Kommo-o\n|-immune|p2a: Kommo-o|[from] ability: Bulletproof\n|\n|upkeep\n|turn|12\n|\n|t:|1701143845\n|switch|p1a: Corviknight|Corviknight, M|100\/100\n|-ability|p1a: Corviknight|Pressure\n|move|p2a: Kommo-o|Clangorous Soul|p2a: Kommo-o\n|-boost|p2a: Kommo-o|atk|1\n|-boost|p2a: Kommo-o|def|1\n|-boost|p2a: Kommo-o|spa|1\n|-boost|p2a: Kommo-o|spd|1\n|-boost|p2a: Kommo-o|spe|1\n|-damage|p2a: Kommo-o|68\/100\n|-enditem|p2a: Kommo-o|Throat Spray\n|-boost|p2a: Kommo-o|spa|1|[from] item: Throat Spray\n|\n|upkeep\n|turn|13\n|\n|t:|1701143859\n|move|p2a: Kommo-o|Flamethrower|p1a: Corviknight\n|-supereffective|p1a: Corviknight\n|-damage|p1a: Corviknight|0 fnt\n|faint|p1a: Corviknight\n|\n|upkeep\n|\n|t:|1701143865\n|switch|p1a: Clodsire|Clodsire, M|100\/100\n|-activate|p1a: Clodsire|move: Sticky Web\n|-unboost|p1a: Clodsire|spe|1\n|turn|14\n|\n|t:|1701143872\n|switch|p2a: McFries|Gholdengo|100\/100\n|-item|p2a: McFries|Air Balloon\n|move|p1a: Clodsire|Earthquake|p2a: McFries\n|-immune|p2a: McFries\n|\n|upkeep\n|turn|15\n|\n|t:|1701143877\n|switch|p1a: bladeefan2000|Cinderace, F|100\/100\n|move|p2a: McFries|Nasty Plot|p2a: McFries\n|-boost|p2a: McFries|spa|2\n|\n|upkeep\n|turn|16\n|inactive|RggV has 120 seconds left.\n|\n|t:|1701143887\n|switch|p2a: Ribombee|Ribombee, F|4\/100\n|-activate|p2a: Ribombee|move: Sticky Web\n|-unboost|p2a: Ribombee|spe|1\n|move|p1a: bladeefan2000|Pyro Ball|p2a: Ribombee\n|-supereffective|p2a: Ribombee\n|-damage|p2a: Ribombee|0 fnt\n|faint|p2a: Ribombee\n|\n|upkeep\n|\n|t:|1701143890\n|switch|p2a: Landorus|Landorus-Therian, M|74\/100\n|-ability|p2a: Landorus|Intimidate|boost\n|-unboost|p1a: bladeefan2000|atk|1\n|turn|17\n|\n|t:|1701143896\n|move|p1a: bladeefan2000|Will-O-Wisp|p2a: Landorus\n|-status|p2a: Landorus|brn\n|move|p2a: Landorus|Earthquake|p1a: bladeefan2000\n|-supereffective|p1a: bladeefan2000\n|-damage|p1a: bladeefan2000|31\/100\n|\n|-heal|p2a: Landorus|79\/100 brn|[from] item: Leftovers\n|-damage|p2a: Landorus|74\/100 brn|[from] brn\n|upkeep\n|turn|18\n|\n|t:|1701143902\n|move|p1a: bladeefan2000|U-turn|p2a: Landorus\n|-resisted|p2a: Landorus\n|-damage|p2a: Landorus|66\/100 brn\n|\n|t:|1701143904\n|switch|p1a: Dragonite|Dragonite, M|69\/100|[from] U-turn\n|move|p2a: Landorus|Smack Down|p1a: Dragonite\n|-supereffective|p1a: Dragonite\n|-damage|p1a: Dragonite|48\/100\n|-start|p1a: Dragonite|Smack Down\n|\n|-heal|p2a: Landorus|72\/100 brn|[from] item: Leftovers\n|-damage|p2a: Landorus|66\/100 brn|[from] brn\n|upkeep\n|turn|19\n|\n|t:|1701143911\n|-terastallize|p1a: Dragonite|Normal\n|move|p1a: Dragonite|Extreme Speed|p2a: Landorus\n|-damage|p2a: Landorus|0 fnt\n|faint|p2a: Landorus\n|\n|upkeep\n|\n|t:|1701143916\n|switch|p2a: McFries|Gholdengo|100\/100\n|-item|p2a: McFries|Air Balloon\n|turn|20\n|\n|t:|1701143927\n|switch|p1a: Dragapult|Dragapult, F|39\/100\n|-activate|p1a: Dragapult|move: Sticky Web\n|-unboost|p1a: Dragapult|spe|1\n|move|p2a: McFries|Shadow Ball|p1a: Dragapult\n|-supereffective|p1a: Dragapult\n|-damage|p1a: Dragapult|0 fnt\n|faint|p1a: Dragapult\n|\n|upkeep\n|\n|t:|1701143930\n|switch|p1a: bladeefan2000|Cinderace, F|31\/100\n|turn|21\n|\n|t:|1701143933\n|switch|p2a: Manaphy|Manaphy|100\/100\n|-activate|p2a: Manaphy|move: Sticky Web\n|-unboost|p2a: Manaphy|spe|1\n|move|p1a: bladeefan2000|U-turn|p2a: Manaphy\n|-damage|p2a: Manaphy|80\/100\n|inactive|Beastindian has 120 seconds left.\n|\n|t:|1701143964\n|switch|p1a: Iron Valiant|Iron Valiant|100\/100|[from] U-turn\n|-activate|p1a: Iron Valiant|move: Sticky Web\n|-unboost|p1a: Iron Valiant|spe|1\n|-enditem|p1a: Iron Valiant|Booster Energy\n|-activate|p1a: Iron Valiant|ability: Quark Drive|[fromitem]\n|-start|p1a: Iron Valiant|quarkdriveatk\n|\n|-heal|p2a: Manaphy|86\/100|[from] item: Leftovers\n|upkeep\n|turn|22\n|inactive|RggV has 120 seconds left.\n|inactive|RggV has 90 seconds left.\n|\n|t:|1701144025\n|move|p1a: Iron Valiant|Knock Off|p2a: Manaphy\n|-damage|p2a: Manaphy|41\/100\n|-enditem|p2a: Manaphy|Leftovers|[from] move: Knock Off|[of] p1a: Iron Valiant\n|move|p2a: Manaphy|Dazzling Gleam|p1a: Iron Valiant\n|-supereffective|p1a: Iron Valiant\n|-damage|p1a: Iron Valiant|2\/100\n|\n|upkeep\n|turn|23\n|j| xxCOALLAxx\n|\n|t:|1701144032\n|move|p1a: Iron Valiant|Close Combat|p2a: Manaphy\n|-damage|p2a: Manaphy|0 fnt\n|-unboost|p1a: Iron Valiant|def|1\n|-unboost|p1a: Iron Valiant|spd|1\n|faint|p2a: Manaphy\n|\n|upkeep\n|\n|t:|1701144034\n|switch|p2a: McFries|Gholdengo|100\/100\n|-item|p2a: McFries|Air Balloon\n|turn|24\n|\n|t:|1701144044\n|move|p2a: McFries|Shadow Ball|p1a: Iron Valiant\n|-damage|p1a: Iron Valiant|0 fnt\n|faint|p1a: Iron Valiant\n|-end|p1a: Iron Valiant|Quark Drive|[silent]\n|\n|upkeep\n|\n|t:|1701144048\n|switch|p1a: bladeefan2000|Cinderace, F|31\/100\n|turn|25\n|\n|t:|1701144052\n|switch|p2a: Kommo-o|Kommo-o, M|68\/100\n|-activate|p2a: Kommo-o|move: Sticky Web\n|-unboost|p2a: Kommo-o|spe|1\n|move|p1a: bladeefan2000|Pyro Ball|p2a: Kommo-o\n|-immune|p2a: Kommo-o|[from] ability: Bulletproof\n|\n|upkeep\n|turn|26\n|\n|t:|1701144061\n|move|p1a: bladeefan2000|U-turn|p2a: Kommo-o\n|-resisted|p2a: Kommo-o\n|-damage|p2a: Kommo-o|58\/100\n|\n|t:|1701144066\n|switch|p1a: Clodsire|Clodsire, M|100\/100|[from] U-turn\n|-activate|p1a: Clodsire|move: Sticky Web\n|-unboost|p1a: Clodsire|spe|1\n|move|p2a: Kommo-o|Clanging Scales|p1a: Clodsire\n|-damage|p1a: Clodsire|74\/100\n|-unboost|p2a: Kommo-o|def|1\n|\n|-heal|p1a: Clodsire|80\/100|[from] item: Leftovers\n|upkeep\n|turn|27\n|\n|t:|1701144073\n|switch|p1a: bladeefan2000|Cinderace, F|31\/100\n|move|p2a: Kommo-o|Clanging Scales|p1a: bladeefan2000\n|-damage|p1a: bladeefan2000|0 fnt\n|faint|p1a: bladeefan2000\n|-unboost|p2a: Kommo-o|def|1\n|\n|upkeep\n|-message|Beastindian forfeited.\n|\n|win|RggV\n|raw|Beastindian's rating: 1687 &rarr; <strong>1672<\/strong><br \/>(-15 for losing)\n|raw|RggV's rating: 1774 &rarr; <strong>1789<\/strong><br \/>(+15 for winning)\n|l|\u2606Beastindian\n|l|\u2606RggV\n","uploadtime":1701144214,"views":15,"p1id":"beastindian","p2id":"rggv","formatid":"gen9ou","rating":1672,"private":0,"password":""}