{"id":"gen9ou-1994137957","p1":"Lialiabeast","p2":"outdated ahh team","format":"[Gen 9] OU","log":"|j|\u2606Lialiabeast\n|j|\u2606outdated ahh team\n|t:|1700411349\n|gametype|singles\n|player|p1|Lialiabeast|emmet-masters|1429\n|player|p2|outdated ahh team|bruno-gen2|1540\n|teamsize|p1|6\n|teamsize|p2|6\n|gen|9\n|tier|[Gen 9] OU\n|rated|\n|rule|Sleep Clause Mod: Limit one foe put to sleep\n|rule|Species Clause: Limit one of each Pok\u00e9mon\n|rule|OHKO Clause: OHKO moves are banned\n|rule|Evasion Items Clause: Evasion items are banned\n|rule|Evasion Moves Clause: Evasion moves are banned\n|rule|Endless Battle Clause: Forcing endless battles is banned\n|rule|HP Percentage Mod: HP is shown in percentages\n|clearpoke\n|poke|p1|Landorus-Therian, M|\n|poke|p1|Ting-Lu|\n|poke|p1|Dragapult, F|\n|poke|p1|Meowscarada, M|\n|poke|p1|Kingambit, M|\n|poke|p1|Iron Valiant|\n|poke|p2|Dragonite, F|\n|poke|p2|Gholdengo|\n|poke|p2|Samurott-Hisui, M|\n|poke|p2|Enamorus, F|\n|poke|p2|Slowking-Galar, M|\n|poke|p2|Great Tusk|\n|teampreview\n|inactive|Battle timer is ON: inactive players will automatically lose when time's up. (requested by outdated ahh team)\n|inactive|Lialiabeast has 120 seconds left.\n|inactive|outdated ahh team has 120 seconds left.\n|inactive|Lialiabeast has 90 seconds left.\n|\n|t:|1700411427\n|start\n|switch|p1a: SwimmingPools|Dragapult, F|100\/100\n|switch|p2a: Champloo|Samurott-Hisui, M|100\/100\n|turn|1\n|\n|t:|1700411431\n|move|p2a: Champloo|Sucker Punch|p1a: SwimmingPools\n|-supereffective|p1a: SwimmingPools\n|-damage|p1a: SwimmingPools|8\/100\n|move|p1a: SwimmingPools|U-turn|p2a: Champloo\n|-supereffective|p2a: Champloo\n|-damage|p2a: Champloo|60\/100\n|\n|t:|1700411438\n|switch|p1a: Wing$|Meowscarada, M|100\/100|[from] U-turn\n|\n|upkeep\n|turn|2\n|\n|t:|1700411444\n|switch|p2a: Boa Hancock\ud83d\udc8b|Enamorus, F|100\/100\n|move|p1a: Wing$|Knock Off|p2a: Boa Hancock\ud83d\udc8b\n|-start|p1a: Wing$|typechange|Dark|[from] ability: Protean\n|-resisted|p2a: Boa Hancock\ud83d\udc8b\n|-damage|p2a: Boa Hancock\ud83d\udc8b|45\/100\n|-enditem|p2a: Boa Hancock\ud83d\udc8b|Choice Scarf|[from] move: Knock Off|[of] p1a: Wing$\n|\n|upkeep\n|turn|3\n|\n|t:|1700411457\n|switch|p1a: 911Mr.Lonely|Landorus-Therian, M|100\/100\n|-ability|p1a: 911Mr.Lonely|Intimidate|boost\n|-boost|p2a: Boa Hancock\ud83d\udc8b|atk|1\n|move|p2a: Boa Hancock\ud83d\udc8b|Moonblast|p1a: 911Mr.Lonely\n|-damage|p1a: 911Mr.Lonely|49\/100\n|\n|upkeep\n|turn|4\n|\n|t:|1700411468\n|move|p2a: Boa Hancock\ud83d\udc8b|Moonblast|p1a: 911Mr.Lonely\n|-damage|p1a: 911Mr.Lonely|0 fnt\n|faint|p1a: 911Mr.Lonely\n|\n|upkeep\n|\n|t:|1700411470\n|switch|p1a: SwimmingPools|Dragapult, F|8\/100\n|turn|5\n|\n|t:|1700411479\n|switch|p2a: Champloo|Samurott-Hisui, M|60\/100\n|move|p1a: SwimmingPools|Shadow Ball|p2a: Champloo\n|-resisted|p2a: Champloo\n|-damage|p2a: Champloo|19\/100\n|\n|upkeep\n|turn|6\n|\n|t:|1700411485\n|move|p1a: SwimmingPools|Shadow Ball|p2a: Champloo\n|-resisted|p2a: Champloo\n|-damage|p2a: Champloo|0 fnt\n|faint|p2a: Champloo\n|\n|upkeep\n|\n|t:|1700411495\n|switch|p2a: Slowking-Crowned|Slowking-Galar, M|100\/100\n|turn|7\n|\n|t:|1700411501\n|move|p1a: SwimmingPools|Shadow Ball|p2a: Slowking-Crowned\n|-supereffective|p2a: Slowking-Crowned\n|-damage|p2a: Slowking-Crowned|40\/100\n|move|p2a: Slowking-Crowned|Sludge Bomb|p1a: SwimmingPools\n|-resisted|p1a: SwimmingPools\n|-damage|p1a: SwimmingPools|0 fnt\n|faint|p1a: SwimmingPools\n|\n|upkeep\n|\n|t:|1700411507\n|switch|p1a: Wing$|Meowscarada, M|100\/100\n|turn|8\n|\n|t:|1700411516\n|switch|p2a: Tuskuthy the Great|Great Tusk|100\/100\n|move|p1a: Wing$|Knock Off|p2a: Tuskuthy the Great\n|-start|p1a: Wing$|typechange|Dark|[from] ability: Protean\n|-resisted|p2a: Tuskuthy the Great\n|-damage|p2a: Tuskuthy the Great|83\/100\n|-enditem|p2a: Tuskuthy the Great|Leftovers|[from] move: Knock Off|[of] p1a: Wing$\n|\n|upkeep\n|turn|9\n|\n|t:|1700411526\n|switch|p1a: MoneyGamePt2|Ting-Lu|100\/100\n|-ability|p1a: MoneyGamePt2|Vessel of Ruin\n|move|p2a: Tuskuthy the Great|Ice Spinner|p1a: MoneyGamePt2\n|-supereffective|p1a: MoneyGamePt2\n|-damage|p1a: MoneyGamePt2|76\/100\n|\n|-heal|p1a: MoneyGamePt2|82\/100|[from] item: Leftovers\n|upkeep\n|turn|10\n|\n|t:|1700411552\n|move|p2a: Tuskuthy the Great|Ice Spinner|p1a: MoneyGamePt2\n|-supereffective|p1a: MoneyGamePt2\n|-crit|p1a: MoneyGamePt2\n|-damage|p1a: MoneyGamePt2|42\/100\n|move|p1a: MoneyGamePt2|Spikes|p2a: Tuskuthy the Great\n|-sidestart|p2: outdated ahh team|Spikes\n|\n|-heal|p1a: MoneyGamePt2|48\/100|[from] item: Leftovers\n|upkeep\n|turn|11\n|\n|t:|1700411565\n|move|p2a: Tuskuthy the Great|Rapid Spin|p1a: MoneyGamePt2\n|-damage|p1a: MoneyGamePt2|40\/100\n|-boost|p2a: Tuskuthy the Great|spe|1\n|-sideend|p2: outdated ahh team|Spikes|[from] move: Rapid Spin|[of] p2a: Tuskuthy the Great\n|move|p1a: MoneyGamePt2|Spikes|p2a: Tuskuthy the Great\n|-sidestart|p2: outdated ahh team|Spikes\n|\n|-heal|p1a: MoneyGamePt2|46\/100|[from] item: Leftovers\n|upkeep\n|turn|12\n|\n|t:|1700411573\n|move|p2a: Tuskuthy the Great|Ice Spinner|p1a: MoneyGamePt2\n|-supereffective|p1a: MoneyGamePt2\n|-damage|p1a: MoneyGamePt2|23\/100\n|move|p1a: MoneyGamePt2|Ruination|p2a: Tuskuthy the Great\n|-damage|p2a: Tuskuthy the Great|42\/100\n|\n|-heal|p1a: MoneyGamePt2|29\/100|[from] item: Leftovers\n|upkeep\n|turn|13\n|\n|t:|1700411578\n|move|p2a: Tuskuthy the Great|Rapid Spin|p1a: MoneyGamePt2\n|-damage|p1a: MoneyGamePt2|21\/100\n|-boost|p2a: Tuskuthy the Great|spe|1\n|-sideend|p2: outdated ahh team|Spikes|[from] move: Rapid Spin|[of] p2a: Tuskuthy the Great\n|move|p1a: MoneyGamePt2|Earthquake|p2a: Tuskuthy the Great\n|-damage|p2a: Tuskuthy the Great|22\/100\n|\n|-heal|p1a: MoneyGamePt2|27\/100|[from] item: Leftovers\n|upkeep\n|turn|14\n|\n|t:|1700411584\n|move|p2a: Tuskuthy the Great|Ice Spinner|p1a: MoneyGamePt2\n|-supereffective|p1a: MoneyGamePt2\n|-damage|p1a: MoneyGamePt2|1\/100\n|move|p1a: MoneyGamePt2|Earthquake|p2a: Tuskuthy the Great\n|-damage|p2a: Tuskuthy the Great|2\/100\n|\n|-heal|p1a: MoneyGamePt2|8\/100|[from] item: Leftovers\n|upkeep\n|turn|15\n|\n|t:|1700411591\n|move|p2a: Tuskuthy the Great|Rapid Spin|p1a: MoneyGamePt2\n|-damage|p1a: MoneyGamePt2|0 fnt\n|-boost|p2a: Tuskuthy the Great|spe|1\n|faint|p1a: MoneyGamePt2\n|\n|upkeep\n|\n|t:|1700411595\n|switch|p1a: WOLF|Kingambit, M|100\/100\n|-activate|p1a: WOLF|ability: Supreme Overlord\n|-start|p1a: WOLF|fallen3|[silent]\n|turn|16\n|\n|t:|1700411613\n|-end|p2a: Tuskuthy the Great|Protosynthesis|[silent]\n|switch|p2a: Boa Hancock\ud83d\udc8b|Enamorus, F|45\/100\n|move|p1a: WOLF|Iron Head|p2a: Boa Hancock\ud83d\udc8b\n|-supereffective|p2a: Boa Hancock\ud83d\udc8b\n|-damage|p2a: Boa Hancock\ud83d\udc8b|0 fnt\n|faint|p2a: Boa Hancock\ud83d\udc8b\n|\n|upkeep\n|\n|t:|1700411627\n|switch|p2a: Kaido|Dragonite, F|100\/100\n|turn|17\n|\n|t:|1700411639\n|move|p2a: Kaido|Brick Break|p1a: WOLF\n|-supereffective|p1a: WOLF\n|-damage|p1a: WOLF|19\/100\n|move|p1a: WOLF|Kowtow Cleave|p2a: Kaido\n|-damage|p2a: Kaido|65\/100\n|\n|-heal|p2a: Kaido|71\/100|[from] item: Leftovers\n|-heal|p1a: WOLF|26\/100|[from] item: Leftovers\n|upkeep\n|turn|18\n|\n|t:|1700411647\n|switch|p2a: Tuskuthy the Great|Great Tusk|2\/100\n|move|p1a: WOLF|Kowtow Cleave|p2a: Tuskuthy the Great\n|-resisted|p2a: Tuskuthy the Great\n|-damage|p2a: Tuskuthy the Great|0 fnt\n|faint|p2a: Tuskuthy the Great\n|-end|p2a: Tuskuthy the Great|Protosynthesis|[silent]\n|\n|-heal|p1a: WOLF|32\/100|[from] item: Leftovers\n|upkeep\n|\n|t:|1700411652\n|switch|p2a: Trippie Redd|Gholdengo|100\/100\n|-item|p2a: Trippie Redd|Air Balloon\n|turn|19\n|\n|t:|1700411656\n|-terastallize|p2a: Trippie Redd|Fairy\n|move|p1a: WOLF|Sucker Punch|p2a: Trippie Redd\n|-resisted|p2a: Trippie Redd\n|-damage|p2a: Trippie Redd|82\/100\n|-enditem|p2a: Trippie Redd|Air Balloon\n|move|p2a: Trippie Redd|Dazzling Gleam|p1a: WOLF\n|-damage|p1a: WOLF|0 fnt\n|faint|p1a: WOLF\n|-end|p1a: WOLF|fallen3|[silent]\n|\n|upkeep\n|\n|t:|1700411662\n|switch|p1a: Wing$|Meowscarada, M|100\/100\n|turn|20\n|\n|t:|1700411670\n|move|p1a: Wing$|Flower Trick|p2a: Trippie Redd\n|-start|p1a: Wing$|typechange|Grass|[from] ability: Protean\n|-crit|p2a: Trippie Redd\n|-damage|p2a: Trippie Redd|26\/100\n|move|p2a: Trippie Redd|Dazzling Gleam|p1a: Wing$\n|-damage|p1a: Wing$|50\/100\n|\n|upkeep\n|turn|21\n|\n|t:|1700411675\n|move|p1a: Wing$|Flower Trick|p2a: Trippie Redd\n|-crit|p2a: Trippie Redd\n|-damage|p2a: Trippie Redd|0 fnt\n|faint|p2a: Trippie Redd\n|\n|upkeep\n|\n|t:|1700411678\n|switch|p2a: Slowking-Crowned|Slowking-Galar, M|74\/100\n|turn|22\n|\n|t:|1700411684\n|move|p1a: Wing$|Flower Trick|p2a: Slowking-Crowned\n|-resisted|p2a: Slowking-Crowned\n|-crit|p2a: Slowking-Crowned\n|-damage|p2a: Slowking-Crowned|33\/100\n|move|p2a: Slowking-Crowned|Sludge Bomb|p1a: Wing$\n|-supereffective|p1a: Wing$\n|-damage|p1a: Wing$|0 fnt\n|faint|p1a: Wing$\n|\n|upkeep\n|\n|t:|1700411685\n|switch|p1a: GONEGONETHANKYOU|Iron Valiant|100\/100\n|-enditem|p1a: GONEGONETHANKYOU|Booster Energy\n|-activate|p1a: GONEGONETHANKYOU|ability: Quark Drive|[fromitem]\n|-start|p1a: GONEGONETHANKYOU|quarkdrivespe\n|turn|23\n|\n|t:|1700411688\n|switch|p2a: Kaido|Dragonite, F|71\/100\n|move|p1a: GONEGONETHANKYOU|Psyshock|p2a: Kaido\n|-damage|p2a: Kaido|43\/100\n|\n|-heal|p2a: Kaido|49\/100|[from] item: Leftovers\n|upkeep\n|turn|24\n|\n|t:|1700411701\n|move|p1a: GONEGONETHANKYOU|Moonblast|p2a: Kaido\n|-supereffective|p2a: Kaido\n|-damage|p2a: Kaido|0 fnt\n|faint|p2a: Kaido\n|\n|upkeep\n|\n|t:|1700411704\n|switch|p2a: Slowking-Crowned|Slowking-Galar, M|66\/100\n|turn|25\n|\n|t:|1700411707\n|move|p1a: GONEGONETHANKYOU|Psyshock|p2a: Slowking-Crowned\n|-crit|p2a: Slowking-Crowned\n|-damage|p2a: Slowking-Crowned|26\/100\n|move|p2a: Slowking-Crowned|Sludge Bomb|p1a: GONEGONETHANKYOU\n|-supereffective|p1a: GONEGONETHANKYOU\n|-damage|p1a: GONEGONETHANKYOU|0 fnt\n|faint|p1a: GONEGONETHANKYOU\n|-end|p1a: GONEGONETHANKYOU|Quark Drive|[silent]\n|\n|win|outdated ahh team\n|raw|Lialiabeast's rating: 1429 &rarr; <strong>1415<\/strong><br \/>(-14 for losing)\n|raw|outdated ahh team's rating: 1540 &rarr; <strong>1554<\/strong><br \/>(+14 for winning)\n|l|\u2606Lialiabeast\n","uploadtime":1700411712,"views":8,"p1id":"lialiabeast","p2id":"outdatedahhteam","formatid":"gen9ou","rating":1415,"private":0,"password":""}