{"id":"gen9ou-1990076767","p1":"ShadowSlayersX","p2":"Airmaan!","format":"[Gen 9] OU","log":"|j|\u2606ShadowSlayersX\n|j|\u2606Airmaan!\n|t:|1699922031\n|gametype|singles\n|player|p1|ShadowSlayersX|hilbert-wonderlauncher|1107\n|player|p2|Airmaan!|170|1185\n|teamsize|p1|6\n|teamsize|p2|6\n|gen|9\n|tier|[Gen 9] OU\n|rated|\n|rule|Sleep Clause Mod: Limit one foe put to sleep\n|rule|Species Clause: Limit one of each Pok\u00e9mon\n|rule|OHKO Clause: OHKO moves are banned\n|rule|Evasion Items Clause: Evasion items are banned\n|rule|Evasion Moves Clause: Evasion moves are banned\n|rule|Endless Battle Clause: Forcing endless battles is banned\n|rule|HP Percentage Mod: HP is shown in percentages\n|clearpoke\n|poke|p1|Kingambit, M|\n|poke|p1|Gholdengo|\n|poke|p1|Ogerpon-Wellspring, F|\n|poke|p1|Glimmora, F|\n|poke|p1|Enamorus, F|\n|poke|p1|Cinderace, M|\n|poke|p2|Garchomp, M|\n|poke|p2|Tyranitar, F|\n|poke|p2|Crawdaunt, F|\n|poke|p2|Greninja-*, M|\n|poke|p2|Kingambit, M|\n|poke|p2|Ting-Lu|\n|teampreview\n|\n|t:|1699922039\n|start\n|switch|p1a: Glimmora|Glimmora, F|100\/100\n|switch|p2a: Ting-Lu|Ting-Lu|100\/100\n|-ability|p2a: Ting-Lu|Vessel of Ruin\n|turn|1\n|\n|t:|1699922050\n|move|p1a: Glimmora|Stealth Rock|p2a: Ting-Lu\n|-sidestart|p2: Airmaan!|move: Stealth Rock\n|move|p2a: Ting-Lu|Earthquake|p1a: Glimmora\n|-supereffective|p1a: Glimmora\n|-enditem|p1a: Glimmora|Focus Sash\n|-damage|p1a: Glimmora|1\/100\n|-activate|p1a: Glimmora|ability: Toxic Debris\n|-sidestart|p2: Airmaan!|move: Toxic Spikes\n|\n|upkeep\n|turn|2\n|\n|t:|1699922059\n|move|p1a: Glimmora|Spikes|p2a: Ting-Lu\n|-sidestart|p2: Airmaan!|Spikes\n|move|p2a: Ting-Lu|Stone Edge|p1a: Glimmora\n|-crit|p1a: Glimmora\n|-damage|p1a: Glimmora|0 fnt\n|-activate|p1a: Glimmora|ability: Toxic Debris\n|-sidestart|p2: Airmaan!|move: Toxic Spikes\n|faint|p1a: Glimmora\n|\n|upkeep\n|inactive|Battle timer is ON: inactive players will automatically lose when time's up. (requested by Airmaan!)\n|\n|t:|1699922076\n|switch|p1a: Cinderace|Cinderace, M|100\/100\n|turn|3\n|\n|t:|1699922082\n|move|p1a: Cinderace|High Jump Kick|p2a: Ting-Lu\n|-start|p1a: Cinderace|typechange|Fighting|[from] ability: Libero\n|-supereffective|p2a: Ting-Lu\n|-damage|p2a: Ting-Lu|34\/100\n|move|p2a: Ting-Lu|Earthquake|p1a: Cinderace\n|-damage|p1a: Cinderace|21\/100\n|\n|-heal|p2a: Ting-Lu|40\/100|[from] item: Leftovers\n|upkeep\n|turn|4\n|\n|t:|1699922097\n|move|p1a: Cinderace|High Jump Kick|p2a: Ting-Lu\n|-supereffective|p2a: Ting-Lu\n|-damage|p2a: Ting-Lu|0 fnt\n|faint|p2a: Ting-Lu\n|\n|upkeep\n|\n|t:|1699922101\n|switch|p2a: Greninja|Greninja, M|100\/100\n|-damage|p2a: Greninja|88\/100|[from] Stealth Rock\n|-status|p2a: Greninja|tox\n|-damage|p2a: Greninja|76\/100 tox|[from] Spikes\n|turn|5\n|\n|t:|1699922112\n|move|p2a: Greninja|Hydro Cannon|p1a: Cinderace\n|-start|p2a: Greninja|typechange|Water|[from] ability: Protean\n|-damage|p1a: Cinderace|0 fnt\n|-mustrecharge|p2a: Greninja\n|faint|p1a: Cinderace\n|\n|-damage|p2a: Greninja|70\/100 tox|[from] psn\n|upkeep\n|\n|t:|1699922125\n|switch|p1a: Ogerpon|Ogerpon-Wellspring, F|100\/100\n|turn|6\n|\n|t:|1699922138\n|cant|p2a: Greninja|recharge\n|move|p1a: Ogerpon|Knock Off|p2a: Greninja\n|-damage|p2a: Greninja|6\/100 tox\n|-enditem|p2a: Greninja|Choice Specs|[from] move: Knock Off|[of] p1a: Ogerpon\n|\n|-damage|p2a: Greninja|0 fnt|[from] psn\n|faint|p2a: Greninja\n|upkeep\n|\n|t:|1699922153\n|switch|p2a: Tyranitar|Tyranitar, F|100\/100\n|-damage|p2a: Tyranitar|88\/100|[from] Stealth Rock\n|-status|p2a: Tyranitar|tox\n|-damage|p2a: Tyranitar|76\/100 tox|[from] Spikes\n|-weather|Sandstorm|[from] ability: Sand Stream|[of] p2a: Tyranitar\n|turn|7\n|\n|t:|1699922165\n|move|p1a: Ogerpon|Ivy Cudgel|p2a: Tyranitar\n|-supereffective|p2a: Tyranitar\n|-crit|p2a: Tyranitar\n|-damage|p2a: Tyranitar|0 fnt\n|faint|p2a: Tyranitar\n|\n|-weather|Sandstorm|[upkeep]\n|-damage|p1a: Ogerpon|95\/100|[from] Sandstorm\n|upkeep\n|\n|t:|1699922170\n|switch|p2a: Crawdaunt|Crawdaunt, F|100\/100\n|-damage|p2a: Crawdaunt|88\/100|[from] Stealth Rock\n|-status|p2a: Crawdaunt|tox\n|-damage|p2a: Crawdaunt|76\/100 tox|[from] Spikes\n|turn|8\n|\n|t:|1699922185\n|move|p1a: Ogerpon|Spiky Shield|p1a: Ogerpon\n|-singleturn|p1a: Ogerpon|move: Protect\n|move|p2a: Crawdaunt|Aqua Jet|p1a: Ogerpon\n|-activate|p1a: Ogerpon|move: Protect\n|-damage|p2a: Crawdaunt|63\/100 tox|[from] Spiky Shield|[of] p1a: Ogerpon\n|\n|-weather|Sandstorm|[upkeep]\n|-damage|p1a: Ogerpon|89\/100|[from] Sandstorm\n|-damage|p2a: Crawdaunt|57\/100 tox|[from] Sandstorm\n|-damage|p2a: Crawdaunt|51\/100 tox|[from] psn\n|upkeep\n|turn|9\n|\n|t:|1699922205\n|-terastallize|p2a: Crawdaunt|Water\n|move|p2a: Crawdaunt|Aqua Jet|p1a: Ogerpon\n|-heal|p1a: Ogerpon|100\/100|[from] ability: Water Absorb|[of] p2a: Crawdaunt\n|move|p1a: Ogerpon|Ivy Cudgel|p2a: Crawdaunt\n|-resisted|p2a: Crawdaunt\n|-damage|p2a: Crawdaunt|15\/100 tox\n|\n|-weather|Sandstorm|[upkeep]\n|-damage|p1a: Ogerpon|95\/100|[from] Sandstorm\n|-damage|p2a: Crawdaunt|9\/100 tox|[from] Sandstorm\n|-damage|p2a: Crawdaunt|0 fnt|[from] psn\n|faint|p2a: Crawdaunt\n|upkeep\n|-message|Airmaan! forfeited.\n|\n|win|ShadowSlayersX\n|raw|ShadowSlayersX's rating: 1107 &rarr; <strong>1138<\/strong><br \/>(+31 for winning)\n|raw|Airmaan!'s rating: 1185 &rarr; <strong>1154<\/strong><br \/>(-31 for losing)\n|l|\u2606Airmaan!\n","uploadtime":1699922230,"views":8,"p1id":"shadowslayersx","p2id":"airmaan","formatid":"gen9ou","rating":1138,"private":0,"password":""}