{"id":"gen9ou-1995702607","p1":"SCHIZODROOLER98","p2":"Meowmers Wem","format":"[Gen 9] OU","log":"|j|\u2606SCHIZODROOLER98\n|j|\u2606Meowmers Wem\n|t:|1700595334\n|gametype|singles\n|player|p1|SCHIZODROOLER98|medium|1552\n|player|p2|Meowmers Wem|102|1458\n|teamsize|p1|6\n|teamsize|p2|6\n|gen|9\n|tier|[Gen 9] OU\n|rated|\n|rule|Sleep Clause Mod: Limit one foe put to sleep\n|rule|Species Clause: Limit one of each Pok\u00e9mon\n|rule|OHKO Clause: OHKO moves are banned\n|rule|Evasion Items Clause: Evasion items are banned\n|rule|Evasion Moves Clause: Evasion moves are banned\n|rule|Endless Battle Clause: Forcing endless battles is banned\n|rule|HP Percentage Mod: HP is shown in percentages\n|clearpoke\n|poke|p1|Ninetales-Alola, F|\n|poke|p1|Slowbro-Galar, M|\n|poke|p1|Enamorus-Therian, F|\n|poke|p1|Iron Hands|\n|poke|p1|Ceruledge, M|\n|poke|p1|Kingambit, M|\n|poke|p2|Enamorus, F|\n|poke|p2|Landorus-Therian, M|\n|poke|p2|Kingambit, F|\n|poke|p2|Heatran, M|\n|poke|p2|Ogerpon-Wellspring, F|\n|poke|p2|Empoleon, F|\n|teampreview\n|c|\u2606Meowmers Wem|claw\n|c|\u2606Meowmers Wem|did you put claw on a tails?\n|\n|t:|1700595374\n|start\n|switch|p1a: ASTAGHFIRULLAH|Enamorus-Therian, F, shiny|100\/100\n|switch|p2a: Heatran|Heatran, M|100\/100\n|turn|1\n|\n|t:|1700595386\n|move|p2a: Heatran|Protect|p2a: Heatran\n|-singleturn|p2a: Heatran|Protect\n|move|p1a: ASTAGHFIRULLAH|Calm Mind|p1a: ASTAGHFIRULLAH\n|-boost|p1a: ASTAGHFIRULLAH|spa|1\n|-boost|p1a: ASTAGHFIRULLAH|spd|1\n|\n|upkeep\n|turn|2\n|\n|t:|1700595391\n|move|p2a: Heatran|Magma Storm|p1a: ASTAGHFIRULLAH\n|-damage|p1a: ASTAGHFIRULLAH|72\/100\n|-activate|p1a: ASTAGHFIRULLAH|move: Magma Storm|[of] p2a: Heatran\n|move|p1a: ASTAGHFIRULLAH|Earth Power|p2a: Heatran\n|-supereffective|p2a: Heatran\n|-damage|p2a: Heatran|0 fnt\n|faint|p2a: Heatran\n|\n|-end|p1a: ASTAGHFIRULLAH|Magma Storm|[partiallytrapped]|[silent]\n|upkeep\n|c|\u2606SCHIZODROOLER98|nah i didnt go that far\n|c|\u2606SCHIZODROOLER98|dont give me ideas\n|c|\u2606Meowmers Wem|do it\n|\n|t:|1700595414\n|switch|p2a: Empoleon|Empoleon, F|100\/100\n|turn|3\n|\n|t:|1700595421\n|move|p2a: Empoleon|Flash Cannon|p1a: ASTAGHFIRULLAH\n|-supereffective|p1a: ASTAGHFIRULLAH\n|-damage|p1a: ASTAGHFIRULLAH|21\/100\n|move|p1a: ASTAGHFIRULLAH|Earth Power|p2a: Empoleon\n|-supereffective|p2a: Empoleon\n|-damage|p2a: Empoleon|33\/100\n|\n|upkeep\n|turn|4\n|c|\u2606Meowmers Wem|mono-claw sounds better than mono-claw except for alolan ninetails\n|\n|t:|1700595433\n|-terastallize|p1a: ASTAGHFIRULLAH|Water\n|move|p2a: Empoleon|Flip Turn|p1a: ASTAGHFIRULLAH\n|-resisted|p1a: ASTAGHFIRULLAH\n|-damage|p1a: ASTAGHFIRULLAH|14\/100\n|\n|t:|1700595439\n|switch|p2a: Landorus|Landorus-Therian, M|100\/100|[from] Flip Turn\n|-ability|p2a: Landorus|Intimidate|boost\n|-unboost|p1a: ASTAGHFIRULLAH|atk|1\n|move|p1a: ASTAGHFIRULLAH|Earth Power|p2a: Landorus\n|-immune|p2a: Landorus\n|\n|upkeep\n|turn|5\n|\n|t:|1700595445\n|move|p2a: Landorus|U-turn|p1a: ASTAGHFIRULLAH\n|-crit|p1a: ASTAGHFIRULLAH\n|-damage|p1a: ASTAGHFIRULLAH|0 fnt\n|faint|p1a: ASTAGHFIRULLAH\n|\n|t:|1700595451\n|switch|p2a: Enamorus|Enamorus, F|100\/100|[from] U-turn\n|\n|upkeep\n|c|\u2606SCHIZODROOLER98|ye cant argue with that\n|\n|t:|1700595461\n|switch|p1a: MIDWEST FURFEST|Ninetales-Alola, F, shiny|100\/100\n|-weather|Snow|[from] ability: Snow Warning|[of] p1a: MIDWEST FURFEST\n|turn|6\n|\n|t:|1700595467\n|switch|p2a: Empoleon|Empoleon, F|33\/100\n|move|p1a: MIDWEST FURFEST|Aurora Veil|p1a: MIDWEST FURFEST\n|-sidestart|p1: SCHIZODROOLER98|move: Aurora Veil\n|\n|-weather|Snow|[upkeep]\n|upkeep\n|turn|7\n|\n|t:|1700595475\n|switch|p1a: DEEZ HANDS|Iron Hands|100\/100\n|move|p2a: Empoleon|Flip Turn|p1a: DEEZ HANDS\n|-crit|p1a: DEEZ HANDS\n|-damage|p1a: DEEZ HANDS|84\/100\n|\n|t:|1700595478\n|switch|p2a: Landorus|Landorus-Therian, M|100\/100|[from] Flip Turn\n|-ability|p2a: Landorus|Intimidate|boost\n|-unboost|p1a: DEEZ HANDS|atk|1\n|\n|-weather|Snow|[upkeep]\n|upkeep\n|turn|8\n|\n|t:|1700595484\n|move|p2a: Landorus|U-turn|p1a: DEEZ HANDS\n|-resisted|p1a: DEEZ HANDS\n|-damage|p1a: DEEZ HANDS|80\/100\n|\n|t:|1700595488\n|switch|p2a: Empoleon|Empoleon, F|33\/100|[from] U-turn\n|move|p1a: DEEZ HANDS|Swords Dance|p1a: DEEZ HANDS\n|-boost|p1a: DEEZ HANDS|atk|2\n|\n|-weather|Snow|[upkeep]\n|upkeep\n|turn|9\n|\n|t:|1700595492\n|switch|p2a: Landorus|Landorus-Therian, M|100\/100\n|-ability|p2a: Landorus|Intimidate|boost\n|-unboost|p1a: DEEZ HANDS|atk|1\n|move|p1a: DEEZ HANDS|Swords Dance|p1a: DEEZ HANDS\n|-boost|p1a: DEEZ HANDS|atk|2\n|\n|-weather|Snow|[upkeep]\n|upkeep\n|turn|10\n|\n|t:|1700595496\n|move|p2a: Landorus|Earthquake|p1a: DEEZ HANDS\n|-supereffective|p1a: DEEZ HANDS\n|-damage|p1a: DEEZ HANDS|44\/100\n|move|p1a: DEEZ HANDS|Ice Punch|p2a: Landorus\n|-supereffective|p2a: Landorus\n|-damage|p2a: Landorus|0 fnt\n|faint|p2a: Landorus\n|\n|-weather|none\n|upkeep\n|\n|t:|1700595501\n|switch|p2a: Enamorus|Enamorus, F|100\/100\n|turn|11\n|c|\u2606Meowmers Wem|I am not playing well\n|c|\u2606Meowmers Wem|a\n|\n|t:|1700595516\n|-terastallize|p2a: Enamorus|Ground\n|move|p2a: Enamorus|Moonblast|p1a: DEEZ HANDS\n|-supereffective|p1a: DEEZ HANDS\n|-damage|p1a: DEEZ HANDS|3\/100\n|-unboost|p1a: DEEZ HANDS|spa|1\n|move|p1a: DEEZ HANDS|Thunder Punch|p2a: Enamorus\n|-immune|p2a: Enamorus\n|\n|upkeep\n|turn|12\n|c|\u2606SCHIZODROOLER98|me neither thats why im using 5 claws\n|\n|t:|1700595525\n|move|p2a: Enamorus|Moonblast|p1a: DEEZ HANDS\n|-supereffective|p1a: DEEZ HANDS\n|-damage|p1a: DEEZ HANDS|0 fnt\n|faint|p1a: DEEZ HANDS\n|-end|p1a: DEEZ HANDS|Quark Drive|[silent]\n|\n|upkeep\n|\n|t:|1700595531\n|switch|p1a: SKILL ISSUE|Slowbro-Galar, M, shiny|100\/100\n|turn|13\n|c|\u2606Meowmers Wem|no claw yet is unfort\n|\n|t:|1700595536\n|switch|p2a: Empoleon|Empoleon, F|33\/100\n|move|p1a: SKILL ISSUE|Nasty Plot|p1a: SKILL ISSUE\n|-boost|p1a: SKILL ISSUE|spa|2\n|\n|-sideend|p1: SCHIZODROOLER98|move: Aurora Veil\n|upkeep\n|turn|14\n|-activate|p1a: SKILL ISSUE|ability: Quick Draw\n|\n|t:|1700595543\n|move|p1a: SKILL ISSUE|Psyshock|p2a: Empoleon\n|-resisted|p2a: Empoleon\n|-damage|p2a: Empoleon|0 fnt\n|faint|p2a: Empoleon\n|\n|upkeep\n|\n|t:|1700595548\n|switch|p2a: Kingambit|Kingambit, F|100\/100\n|-activate|p2a: Kingambit|ability: Supreme Overlord\n|-start|p2a: Kingambit|fallen3|[silent]\n|turn|15\n|-activate|p1a: SKILL ISSUE|ability: Quick Draw\n|\n|t:|1700595557\n|move|p2a: Kingambit|Sucker Punch|p1a: SKILL ISSUE\n|-supereffective|p1a: SKILL ISSUE\n|-damage|p1a: SKILL ISSUE|0 fnt\n|faint|p1a: SKILL ISSUE\n|\n|upkeep\n|\n|t:|1700595562\n|switch|p1a: MIDWEST FURFEST|Ninetales-Alola, F, shiny|100\/100\n|-weather|Snow|[from] ability: Snow Warning|[of] p1a: MIDWEST FURFEST\n|turn|16\n|\n|t:|1700595564\n|move|p1a: MIDWEST FURFEST|Encore|p2a: Kingambit\n|-start|p2a: Kingambit|Encore\n|move|p2a: Kingambit|Sucker Punch||[still]\n|-fail|p2a: Kingambit\n|\n|-weather|Snow|[upkeep]\n|upkeep\n|turn|17\n|\n|t:|1700595571\n|-end|p2a: Kingambit|fallen3|[silent]\n|switch|p2a: Ogerpon|Ogerpon-Wellspring, F|100\/100\n|move|p1a: MIDWEST FURFEST|Freeze-Dry|p2a: Ogerpon\n|-supereffective|p2a: Ogerpon\n|-damage|p2a: Ogerpon|7\/100\n|\n|-weather|Snow|[upkeep]\n|upkeep\n|turn|18\n|\n|t:|1700595576\n|move|p2a: Ogerpon|Ivy Cudgel|p1a: MIDWEST FURFEST|[anim] Ivy Cudgel Water\n|-damage|p1a: MIDWEST FURFEST|51\/100\n|move|p1a: MIDWEST FURFEST|Freeze-Dry|p2a: Ogerpon\n|-supereffective|p2a: Ogerpon\n|-damage|p2a: Ogerpon|0 fnt\n|faint|p2a: Ogerpon\n|\n|-weather|Snow|[upkeep]\n|upkeep\n|\n|t:|1700595581\n|switch|p2a: Kingambit|Kingambit, F|100\/100\n|-activate|p2a: Kingambit|ability: Supreme Overlord\n|-start|p2a: Kingambit|fallen4|[silent]\n|turn|19\n|\n|t:|1700595586\n|move|p1a: MIDWEST FURFEST|Aurora Veil|p1a: MIDWEST FURFEST\n|-sidestart|p1: SCHIZODROOLER98|move: Aurora Veil\n|move|p2a: Kingambit|Iron Head|p1a: MIDWEST FURFEST\n|-supereffective|p1a: MIDWEST FURFEST\n|-damage|p1a: MIDWEST FURFEST|0 fnt\n|faint|p1a: MIDWEST FURFEST\n|\n|-weather|Snow|[upkeep]\n|upkeep\n|\n|t:|1700595590\n|switch|p1a: HE JUST LIKE ME FR|Kingambit, M|100\/100\n|-activate|p1a: HE JUST LIKE ME FR|ability: Supreme Overlord\n|-start|p1a: HE JUST LIKE ME FR|fallen4|[silent]\n|turn|20\n|\n|t:|1700595597\n|move|p2a: Kingambit|Low Kick|p1a: HE JUST LIKE ME FR\n|-supereffective|p1a: HE JUST LIKE ME FR\n|-damage|p1a: HE JUST LIKE ME FR|22\/100\n|move|p1a: HE JUST LIKE ME FR|Swords Dance|p1a: HE JUST LIKE ME FR\n|-boost|p1a: HE JUST LIKE ME FR|atk|2\n|\n|-weather|none\n|upkeep\n|turn|21\n|-activate|p1a: HE JUST LIKE ME FR|item: Quick Claw\n|\n|t:|1700595607\n|move|p1a: HE JUST LIKE ME FR|Low Kick|p2a: Kingambit\n|-supereffective|p2a: Kingambit\n|-damage|p2a: Kingambit|0 fnt\n|faint|p2a: Kingambit\n|-end|p2a: Kingambit|fallen4|[silent]\n|\n|upkeep\n|\n|t:|1700595610\n|switch|p2a: Enamorus|Enamorus, F, tera:Ground|100\/100\n|turn|22\n|c|\u2606SCHIZODROOLER98|OKAAAY THE CULTURE\n|\n|t:|1700595618\n|move|p2a: Enamorus|Substitute|p2a: Enamorus\n|-start|p2a: Enamorus|Substitute\n|-damage|p2a: Enamorus|76\/100\n|move|p1a: HE JUST LIKE ME FR|Iron Head|p2a: Enamorus\n|-end|p2a: Enamorus|Substitute\n|\n|upkeep\n|turn|23\n|\n|t:|1700595621\n|move|p2a: Enamorus|Substitute|p2a: Enamorus\n|-start|p2a: Enamorus|Substitute\n|-damage|p2a: Enamorus|51\/100\n|move|p1a: HE JUST LIKE ME FR|Kowtow Cleave|p2a: Enamorus\n|-end|p2a: Enamorus|Substitute\n|\n|upkeep\n|turn|24\n|-activate|p1a: HE JUST LIKE ME FR|item: Quick Claw\n|\n|t:|1700595624\n|move|p1a: HE JUST LIKE ME FR|Kowtow Cleave|p2a: Enamorus\n|-damage|p2a: Enamorus|0 fnt\n|faint|p2a: Enamorus\n|\n|win|SCHIZODROOLER98\n|raw|SCHIZODROOLER98's rating: 1552 &rarr; <strong>1567<\/strong><br \/>(+15 for winning)\n|raw|Meowmers Wem's rating: 1458 &rarr; <strong>1443<\/strong><br \/>(-15 for losing)\n|c|\u2606Meowmers Wem|oh lmao\n|c|\u2606SCHIZODROOLER98|huge proc insane skill\n|c|\u2606SCHIZODROOLER98|i have no sucker btw\n|c|\u2606SCHIZODROOLER98|xd\n|c|\u2606Meowmers Wem|thats kinda bs\n|c|\u2606SCHIZODROOLER98|hahaha\n|c|\u2606Meowmers Wem|ggs\n|c|\u2606SCHIZODROOLER98|ggwp\n","uploadtime":1700595666,"views":15,"p1id":"schizodrooler98","p2id":"meowmerswem","formatid":"gen9ou","rating":1443,"private":0,"password":""}