{"id":"gen9ou-1996174138","p1":"l0ulstraT09","p2":"Meta300","format":"[Gen 9] OU","log":"|j|\u2606l0ulstraT09\n|j|\u2606Meta300\n|t:|1700655018\n|gametype|singles\n|player|p1|l0ulstraT09|guzma|1535\n|player|p2|Meta300|jasmine-masters2|1613\n|teamsize|p1|6\n|teamsize|p2|6\n|gen|9\n|tier|[Gen 9] OU\n|rated|\n|rule|Sleep Clause Mod: Limit one foe put to sleep\n|rule|Species Clause: Limit one of each Pok\u00e9mon\n|rule|OHKO Clause: OHKO moves are banned\n|rule|Evasion Items Clause: Evasion items are banned\n|rule|Evasion Moves Clause: Evasion moves are banned\n|rule|Endless Battle Clause: Forcing endless battles is banned\n|rule|HP Percentage Mod: HP is shown in percentages\n|clearpoke\n|poke|p1|Tornadus, M|\n|poke|p1|Corviknight, F|\n|poke|p1|Shiftry, F|\n|poke|p1|Typhlosion-Hisui, M|\n|poke|p1|Kingambit, F|\n|poke|p1|Haxorus, F|\n|poke|p2|Ceruledge, M|\n|poke|p2|Greninja-*, M|\n|poke|p2|Iron Valiant|\n|poke|p2|Dragonite, F|\n|poke|p2|Kingambit, M|\n|poke|p2|Iron Treads|\n|teampreview\n|inactive|Battle timer is ON: inactive players will automatically lose when time's up. (requested by l0ulstraT09)\n|\n|t:|1700655026\n|start\n|switch|p1a: La situ est Tengu|Shiftry, F|100\/100\n|switch|p2a: Greninja|Greninja, M|100\/100\n|turn|1\n|\n|t:|1700655041\n|move|p2a: Greninja|Ice Beam|p1a: La situ est Tengu\n|-supereffective|p1a: La situ est Tengu\n|-enditem|p1a: La situ est Tengu|Focus Sash\n|-damage|p1a: La situ est Tengu|1\/100\n|-damage|p2a: Greninja|91\/100|[from] item: Life Orb\n|move|p1a: La situ est Tengu|Tailwind|p1a: La situ est Tengu\n|-sidestart|p1: l0ulstraT09|move: Tailwind\n|-ability|p1a: La situ est Tengu|Wind Rider|boost\n|-boost|p1a: La situ est Tengu|atk|1\n|\n|upkeep\n|turn|2\n|\n|t:|1700655046\n|move|p2a: Greninja|Water Shuriken|p1a: La situ est Tengu\n|-resisted|p1a: La situ est Tengu\n|-damage|p1a: La situ est Tengu|0 fnt\n|faint|p1a: La situ est Tengu\n|-ability|p2a: Greninja|Battle Bond|boost\n|-boost|p2a: Greninja|atk|1\n|-boost|p2a: Greninja|spa|1\n|-boost|p2a: Greninja|spe|1\n|-activate|p2a: Greninja|ability: Battle Bond\n|-hitcount|p1: La situ est Tengu|1\n|-damage|p2a: Greninja|81\/100|[from] item: Life Orb\n|\n|upkeep\n|\n|t:|1700655066\n|switch|p1a: Le haxx a pas jou\u00e9|Haxorus, F, shiny|100\/100\n|-ability|p1a: Le haxx a pas jou\u00e9|Mold Breaker\n|turn|3\n|j| mew852\n|\n|t:|1700655083\n|move|p1a: Le haxx a pas jou\u00e9|Scale Shot|p2a: Greninja\n|-damage|p2a: Greninja|52\/100\n|-damage|p2a: Greninja|24\/100\n|-damage|p2a: Greninja|0 fnt\n|faint|p2a: Greninja\n|-hitcount|p2: Greninja|3\n|-unboost|p1a: Le haxx a pas jou\u00e9|def|1\n|-boost|p1a: Le haxx a pas jou\u00e9|spe|1\n|\n|upkeep\n|\n|t:|1700655099\n|switch|p2a: Iron Treads|Iron Treads|100\/100\n|-enditem|p2a: Iron Treads|Booster Energy\n|-activate|p2a: Iron Treads|ability: Quark Drive|[fromitem]\n|-start|p2a: Iron Treads|quarkdrivespe\n|turn|4\n|\n|t:|1700655107\n|move|p1a: Le haxx a pas jou\u00e9|Earthquake|p2a: Iron Treads\n|-supereffective|p2a: Iron Treads\n|-damage|p2a: Iron Treads|29\/100\n|move|p2a: Iron Treads|Earthquake|p1a: Le haxx a pas jou\u00e9\n|-damage|p1a: Le haxx a pas jou\u00e9|7\/100\n|\n|-sideend|p1: l0ulstraT09|move: Tailwind\n|upkeep\n|turn|5\n|\n|t:|1700655119\n|move|p2a: Iron Treads|Knock Off|p1a: Le haxx a pas jou\u00e9\n|-damage|p1a: Le haxx a pas jou\u00e9|0 fnt\n|-enditem|p1a: Le haxx a pas jou\u00e9|Loaded Dice|[from] move: Knock Off|[of] p2a: Iron Treads\n|faint|p1a: Le haxx a pas jou\u00e9\n|\n|upkeep\n|\n|t:|1700655127\n|switch|p1a: J't'ai prank !|Tornadus, M|100\/100\n|turn|6\n|\n|t:|1700655138\n|move|p1a: J't'ai prank !|Sunny Day|p1a: J't'ai prank !\n|-weather|SunnyDay\n|move|p2a: Iron Treads|Knock Off|p1a: J't'ai prank !\n|-damage|p1a: J't'ai prank !|60\/100\n|-enditem|p1a: J't'ai prank !|Heavy-Duty Boots|[from] move: Knock Off|[of] p2a: Iron Treads\n|\n|-weather|SunnyDay|[upkeep]\n|upkeep\n|turn|7\n|\n|t:|1700655145\n|move|p1a: J't'ai prank !|Tailwind|p1a: J't'ai prank !\n|-sidestart|p1: l0ulstraT09|move: Tailwind\n|move|p2a: Iron Treads|Stealth Rock|p1a: J't'ai prank !\n|-sidestart|p1: l0ulstraT09|move: Stealth Rock\n|\n|-weather|SunnyDay|[upkeep]\n|upkeep\n|turn|8\n|\n|t:|1700655150\n|move|p1a: J't'ai prank !|U-turn|p2a: Iron Treads\n|-resisted|p2a: Iron Treads\n|-damage|p2a: Iron Treads|21\/100\n|\n|t:|1700655154\n|switch|p1a: L'Etna|Typhlosion-Hisui, M|100\/100|[from] U-turn\n|-damage|p1a: L'Etna|76\/100|[from] Stealth Rock\n|move|p2a: Iron Treads|Knock Off|p1a: L'Etna\n|-supereffective|p1a: L'Etna\n|-damage|p1a: L'Etna|0 fnt\n|-enditem|p1a: L'Etna|Choice Specs|[from] move: Knock Off|[of] p2a: Iron Treads\n|faint|p1a: L'Etna\n|\n|-weather|SunnyDay|[upkeep]\n|upkeep\n|\n|t:|1700655175\n|switch|p1a: Le souverain|Kingambit, F|100\/100\n|-damage|p1a: Le souverain|94\/100|[from] Stealth Rock\n|-activate|p1a: Le souverain|ability: Supreme Overlord\n|-start|p1a: Le souverain|fallen3|[silent]\n|turn|9\n|\n|t:|1700655179\n|move|p1a: Le souverain|Sucker Punch|p2a: Iron Treads\n|-damage|p2a: Iron Treads|0 fnt\n|faint|p2a: Iron Treads\n|-end|p2a: Iron Treads|Quark Drive|[silent]\n|\n|-weather|SunnyDay|[upkeep]\n|upkeep\n|\n|t:|1700655182\n|switch|p2a: Ceruledge|Ceruledge, M|100\/100\n|turn|10\n|\n|t:|1700655194\n|-end|p1a: Le souverain|fallen3|[silent]\n|switch|p1a: De type ACIER|Corviknight, F|100\/100\n|-damage|p1a: De type ACIER|88\/100|[from] Stealth Rock\n|move|p2a: Ceruledge|Bitter Blade|p1a: De type ACIER\n|-supereffective|p1a: De type ACIER\n|-damage|p1a: De type ACIER|0 fnt\n|-damage|p2a: Ceruledge|84\/100|[from] item: Rocky Helmet|[of] p1a: De type ACIER\n|faint|p1a: De type ACIER\n|\n|-weather|none\n|-sideend|p1: l0ulstraT09|move: Tailwind\n|upkeep\n|\n|t:|1700655214\n|switch|p1a: J't'ai prank !|Tornadus, M|60\/100\n|-damage|p1a: J't'ai prank !|36\/100|[from] Stealth Rock\n|turn|11\n|\n|t:|1700655229\n|move|p1a: J't'ai prank !|Taunt|p2a: Ceruledge\n|-start|p2a: Ceruledge|move: Taunt\n|move|p2a: Ceruledge|Bitter Blade|p1a: J't'ai prank !\n|-damage|p1a: J't'ai prank !|0 fnt\n|-heal|p2a: Ceruledge|100\/100|[from] drain|[of] p1a: J't'ai prank !\n|faint|p1a: J't'ai prank !\n|\n|upkeep\n|\n|t:|1700655235\n|switch|p1a: Le souverain|Kingambit, F|94\/100\n|-damage|p1a: Le souverain|88\/100|[from] Stealth Rock\n|-activate|p1a: Le souverain|ability: Supreme Overlord\n|-start|p1a: Le souverain|fallen5|[silent]\n|turn|12\n|\n|t:|1700655248\n|-terastallize|p1a: Le souverain|Flying\n|move|p2a: Ceruledge|Bitter Blade|p1a: Le souverain\n|-damage|p1a: Le souverain|47\/100\n|move|p1a: Le souverain|Kowtow Cleave|p2a: Ceruledge\n|-supereffective|p2a: Ceruledge\n|-enditem|p2a: Ceruledge|Focus Sash\n|-damage|p2a: Ceruledge|1\/100\n|-ability|p2a: Ceruledge|Weak Armor|boost\n|-unboost|p2a: Ceruledge|def|1\n|-boost|p2a: Ceruledge|spe|2\n|\n|upkeep\n|turn|13\n|\n|t:|1700655257\n|move|p2a: Ceruledge|Shadow Sneak|p1a: Le souverain\n|-damage|p1a: Le souverain|28\/100\n|move|p1a: Le souverain|Kowtow Cleave|p2a: Ceruledge\n|-supereffective|p2a: Ceruledge\n|-damage|p2a: Ceruledge|0 fnt\n|faint|p2a: Ceruledge\n|\n|upkeep\n|\n|t:|1700655259\n|switch|p2a: Dragonite|Dragonite, F|100\/100\n|turn|14\n|\n|t:|1700655262\n|-terastallize|p2a: Dragonite|Normal\n|move|p2a: Dragonite|Extreme Speed|p1a: Le souverain\n|-damage|p1a: Le souverain|0 fnt\n|faint|p1a: Le souverain\n|-end|p1a: Le souverain|fallen5|[silent]\n|\n|win|Meta300\n|raw|l0ulstraT09's rating: 1535 &rarr; <strong>1519<\/strong><br \/>(-16 for losing)\n|raw|Meta300's rating: 1613 &rarr; <strong>1629<\/strong><br \/>(+16 for winning)\n|l|\u2606l0ulstraT09\n|l|\u2606Meta300\n","uploadtime":1700655364,"views":0,"p1id":"l0ulstrat09","p2id":"meta300","formatid":"gen9ou","rating":1519,"private":0,"password":""}