{"id":"gen9ou-1997701382","p1":"abaee","p2":"Mr.Pokedoctor","format":"[Gen 9] OU","log":"|j|\u2606abaee\n|j|\u2606Mr.Pokedoctor\n|t:|1700843390\n|gametype|singles\n|player|p1|abaee|cynthia-gen4|1146\n|player|p2|Mr.Pokedoctor|170|1132\n|teamsize|p1|6\n|teamsize|p2|6\n|gen|9\n|tier|[Gen 9] OU\n|rated|\n|rule|Sleep Clause Mod: Limit one foe put to sleep\n|rule|Species Clause: Limit one of each Pok\u00e9mon\n|rule|OHKO Clause: OHKO moves are banned\n|rule|Evasion Items Clause: Evasion items are banned\n|rule|Evasion Moves Clause: Evasion moves are banned\n|rule|Endless Battle Clause: Forcing endless battles is banned\n|rule|HP Percentage Mod: HP is shown in percentages\n|clearpoke\n|poke|p1|Scizor, M|\n|poke|p1|Pelipper, M|\n|poke|p1|Greninja-*, M|\n|poke|p1|Basculegion, M|\n|poke|p1|Zapdos|\n|poke|p1|Sandy Shocks|\n|poke|p2|Walking Wake|\n|poke|p2|Kingambit, M|\n|poke|p2|Chansey, F|\n|poke|p2|Klefki, M|\n|poke|p2|Sinistcha-Masterpiece|\n|poke|p2|Maushold-Four|\n|teampreview\n|\n|t:|1700843402\n|start\n|switch|p1a: \u7535\u4f60\u5764\u5764|Zapdos, shiny|100\/100\n|switch|p2a: Klefki|Klefki, M, shiny|100\/100\n|turn|1\n|\n|t:|1700843409\n|move|p2a: Klefki|Light Screen|p2a: Klefki\n|-sidestart|p2: Mr.Pokedoctor|move: Light Screen\n|move|p1a: \u7535\u4f60\u5764\u5764|Heat Wave|p2a: Klefki|[miss]\n|-miss|p1a: \u7535\u4f60\u5764\u5764|p2a: Klefki\n|\n|upkeep\n|turn|2\n|\n|t:|1700843413\n|move|p2a: Klefki|Reflect|p2a: Klefki\n|-sidestart|p2: Mr.Pokedoctor|Reflect\n|move|p1a: \u7535\u4f60\u5764\u5764|Heat Wave|p2a: Klefki\n|-supereffective|p2a: Klefki\n|-damage|p2a: Klefki|71\/100\n|\n|upkeep\n|turn|3\n|\n|t:|1700843419\n|move|p2a: Klefki|Spikes|p1a: \u7535\u4f60\u5764\u5764\n|-sidestart|p1: abaee|Spikes\n|move|p1a: \u7535\u4f60\u5764\u5764|Volt Switch|p2a: Klefki\n|-crit|p2a: Klefki\n|-damage|p2a: Klefki|14\/100\n|\n|t:|1700843425\n|switch|p1a: \u7ea2\u8272\u9ad8\u8ddf\u978b|Scizor, M|100\/100|[from] Volt Switch\n|-damage|p1a: \u7ea2\u8272\u9ad8\u8ddf\u978b|88\/100|[from] Spikes\n|\n|upkeep\n|turn|4\n|\n|t:|1700843430\n|move|p1a: \u7ea2\u8272\u9ad8\u8ddf\u978b|Bullet Punch|p2a: Klefki\n|-damage|p2a: Klefki|0 fnt\n|faint|p2a: Klefki\n|\n|upkeep\n|\n|t:|1700843437\n|switch|p2a: Sinistcha|Sinistcha-Masterpiece, shiny|100\/100\n|turn|5\n|\n|t:|1700843452\n|move|p2a: Sinistcha|Matcha Gotcha|p1a: \u7ea2\u8272\u9ad8\u8ddf\u978b\n|-resisted|p1a: \u7ea2\u8272\u9ad8\u8ddf\u978b\n|-damage|p1a: \u7ea2\u8272\u9ad8\u8ddf\u978b|79\/100\n|move|p1a: \u7ea2\u8272\u9ad8\u8ddf\u978b|U-turn|p2a: Sinistcha\n|-damage|p2a: Sinistcha|87\/100\n|\n|t:|1700843461\n|switch|p1a: \u5927\u5634\u5df4\u5b50|Pelipper, M, shiny|100\/100|[from] U-turn\n|-weather|RainDance|[from] ability: Drizzle|[of] p1a: \u5927\u5634\u5df4\u5b50\n|\n|-weather|RainDance|[upkeep]\n|upkeep\n|turn|6\n|\n|t:|1700843469\n|move|p2a: Sinistcha|Calm Mind|p2a: Sinistcha\n|-boost|p2a: Sinistcha|spa|1\n|-boost|p2a: Sinistcha|spd|1\n|move|p1a: \u5927\u5634\u5df4\u5b50|Ice Beam|p2a: Sinistcha\n|-supereffective|p2a: Sinistcha\n|-damage|p2a: Sinistcha|68\/100\n|\n|-weather|RainDance|[upkeep]\n|upkeep\n|turn|7\n|\n|t:|1700843479\n|move|p2a: Sinistcha|Calm Mind|p2a: Sinistcha\n|-boost|p2a: Sinistcha|spa|1\n|-boost|p2a: Sinistcha|spd|1\n|move|p1a: \u5927\u5634\u5df4\u5b50|U-turn|p2a: Sinistcha\n|-damage|p2a: Sinistcha|65\/100\n|\n|t:|1700843484\n|switch|p1a: \u7ea2\u8272\u9ad8\u8ddf\u978b|Scizor, M|79\/100|[from] U-turn\n|-damage|p1a: \u7ea2\u8272\u9ad8\u8ddf\u978b|67\/100|[from] Spikes\n|\n|-weather|RainDance|[upkeep]\n|upkeep\n|turn|8\n|\n|t:|1700843490\n|-terastallize|p1a: \u7ea2\u8272\u9ad8\u8ddf\u978b|Dark\n|move|p2a: Sinistcha|Matcha Gotcha|p1a: \u7ea2\u8272\u9ad8\u8ddf\u978b\n|-damage|p1a: \u7ea2\u8272\u9ad8\u8ddf\u978b|0 fnt\n|-heal|p2a: Sinistcha|97\/100|[from] drain|[of] p1a: \u7ea2\u8272\u9ad8\u8ddf\u978b\n|faint|p1a: \u7ea2\u8272\u9ad8\u8ddf\u978b\n|\n|-weather|RainDance|[upkeep]\n|-sideend|p2: Mr.Pokedoctor|move: Light Screen\n|upkeep\n|\n|t:|1700843501\n|switch|p1a: \u76d6\u6b27\u5361|Basculegion, M, shiny|100\/100\n|-damage|p1a: \u76d6\u6b27\u5361|88\/100|[from] Spikes\n|turn|9\n|\n|t:|1700843510\n|move|p1a: \u76d6\u6b27\u5361|Phantom Force||[still]\n|-prepare|p1a: \u76d6\u6b27\u5361|Phantom Force\n|move|p2a: Sinistcha|Strength Sap|p1a: \u76d6\u6b27\u5361|[miss]\n|-miss|p2a: Sinistcha|p1a: \u76d6\u6b27\u5361\n|\n|-weather|RainDance|[upkeep]\n|-sideend|p2: Mr.Pokedoctor|Reflect\n|upkeep\n|turn|10\n|\n|t:|1700843516\n|move|p1a: \u76d6\u6b27\u5361|Phantom Force|p2a: Sinistcha|[from]lockedmove\n|-supereffective|p2a: Sinistcha\n|-damage|p2a: Sinistcha|3\/100\n|move|p2a: Sinistcha|Strength Sap|p1a: \u76d6\u6b27\u5361\n|-unboost|p1a: \u76d6\u6b27\u5361|atk|1\n|-heal|p2a: Sinistcha|100\/100\n|\n|-weather|RainDance|[upkeep]\n|upkeep\n|turn|11\n|\n|t:|1700843526\n|move|p1a: \u76d6\u6b27\u5361|Phantom Force||[still]\n|-prepare|p1a: \u76d6\u6b27\u5361|Phantom Force\n|move|p2a: Sinistcha|Calm Mind|p2a: Sinistcha\n|-boost|p2a: Sinistcha|spa|1\n|-boost|p2a: Sinistcha|spd|1\n|\n|-weather|RainDance|[upkeep]\n|upkeep\n|turn|12\n|\n|t:|1700843532\n|move|p1a: \u76d6\u6b27\u5361|Phantom Force|p2a: Sinistcha|[from]lockedmove\n|-supereffective|p2a: Sinistcha\n|-damage|p2a: Sinistcha|36\/100\n|move|p2a: Sinistcha|Strength Sap|p1a: \u76d6\u6b27\u5361\n|-unboost|p1a: \u76d6\u6b27\u5361|atk|1\n|-heal|p2a: Sinistcha|100\/100\n|\n|-weather|none\n|upkeep\n|turn|13\n|\n|t:|1700843544\n|move|p1a: \u76d6\u6b27\u5361|Phantom Force||[still]\n|-prepare|p1a: \u76d6\u6b27\u5361|Phantom Force\n|move|p2a: Sinistcha|Shadow Ball|p1a: \u76d6\u6b27\u5361|[miss]\n|-miss|p2a: Sinistcha|p1a: \u76d6\u6b27\u5361\n|\n|upkeep\n|turn|14\n|\n|t:|1700843551\n|move|p1a: \u76d6\u6b27\u5361|Phantom Force|p2a: Sinistcha|[from]lockedmove\n|-supereffective|p2a: Sinistcha\n|-damage|p2a: Sinistcha|48\/100\n|move|p2a: Sinistcha|Shadow Ball|p1a: \u76d6\u6b27\u5361\n|-supereffective|p1a: \u76d6\u6b27\u5361\n|-damage|p1a: \u76d6\u6b27\u5361|0 fnt\n|faint|p1a: \u76d6\u6b27\u5361\n|\n|upkeep\n|\n|t:|1700843561\n|switch|p1a: \u54ce\u5466\u4f60\u5e72\u561b|Greninja, M, shiny|100\/100\n|-damage|p1a: \u54ce\u5466\u4f60\u5e72\u561b|88\/100|[from] Spikes\n|turn|15\n|\n|t:|1700843582\n|move|p1a: \u54ce\u5466\u4f60\u5e72\u561b|Dark Pulse|p2a: Sinistcha\n|-start|p1a: \u54ce\u5466\u4f60\u5e72\u561b|typechange|Dark|[from] ability: Protean\n|-supereffective|p2a: Sinistcha\n|-damage|p2a: Sinistcha|0 fnt\n|faint|p2a: Sinistcha\n|-damage|p1a: \u54ce\u5466\u4f60\u5e72\u561b|78\/100|[from] item: Life Orb\n|\n|upkeep\n|\n|t:|1700843591\n|switch|p2a: Chansey|Chansey, F, shiny|100\/100\n|turn|16\n|\n|t:|1700843606\n|switch|p1a: \u5927\u5634\u5df4\u5b50|Pelipper, M, shiny|100\/100\n|-weather|RainDance|[from] ability: Drizzle|[of] p1a: \u5927\u5634\u5df4\u5b50\n|move|p2a: Chansey|Thunder Wave|p1a: \u5927\u5634\u5df4\u5b50\n|-status|p1a: \u5927\u5634\u5df4\u5b50|par\n|\n|-weather|RainDance|[upkeep]\n|upkeep\n|turn|17\n|\n|t:|1700843618\n|switch|p1a: \u54ce\u5466\u4f60\u5e72\u561b|Greninja, M, shiny|78\/100\n|-damage|p1a: \u54ce\u5466\u4f60\u5e72\u561b|66\/100|[from] Spikes\n|move|p2a: Chansey|Seismic Toss|p1a: \u54ce\u5466\u4f60\u5e72\u561b\n|-damage|p1a: \u54ce\u5466\u4f60\u5e72\u561b|31\/100\n|\n|-weather|RainDance|[upkeep]\n|upkeep\n|turn|18\n|\n|t:|1700843627\n|move|p1a: \u54ce\u5466\u4f60\u5e72\u561b|Water Shuriken|p2a: Chansey\n|-start|p1a: \u54ce\u5466\u4f60\u5e72\u561b|typechange|Water|[from] ability: Protean\n|-damage|p2a: Chansey|96\/100\n|-damage|p2a: Chansey|92\/100\n|-damage|p2a: Chansey|89\/100\n|-hitcount|p2a: Chansey|3\n|-damage|p1a: \u54ce\u5466\u4f60\u5e72\u561b|21\/100|[from] item: Life Orb\n|move|p2a: Chansey|Seismic Toss|p1a: \u54ce\u5466\u4f60\u5e72\u561b\n|-damage|p1a: \u54ce\u5466\u4f60\u5e72\u561b|0 fnt\n|faint|p1a: \u54ce\u5466\u4f60\u5e72\u561b\n|\n|-weather|RainDance|[upkeep]\n|upkeep\n|\n|t:|1700843640\n|switch|p1a: \u838e\u58eb\u6bd4\u4e9a\u6ca1\u6709\u58eb|Sandy Shocks, shiny|100\/100\n|-damage|p1a: \u838e\u58eb\u6bd4\u4e9a\u6ca1\u6709\u58eb|88\/100|[from] Spikes\n|-enditem|p1a: \u838e\u58eb\u6bd4\u4e9a\u6ca1\u6709\u58eb|Booster Energy\n|-activate|p1a: \u838e\u58eb\u6bd4\u4e9a\u6ca1\u6709\u58eb|ability: Protosynthesis|[fromitem]\n|-start|p1a: \u838e\u58eb\u6bd4\u4e9a\u6ca1\u6709\u58eb|protosynthesisspe\n|turn|19\n|\n|t:|1700843647\n|move|p1a: \u838e\u58eb\u6bd4\u4e9a\u6ca1\u6709\u58eb|Earth Power|p2a: Chansey\n|-damage|p2a: Chansey|76\/100\n|move|p2a: Chansey|Seismic Toss|p1a: \u838e\u58eb\u6bd4\u4e9a\u6ca1\u6709\u58eb\n|-damage|p1a: \u838e\u58eb\u6bd4\u4e9a\u6ca1\u6709\u58eb|57\/100\n|\n|-weather|RainDance|[upkeep]\n|upkeep\n|turn|20\n|\n|t:|1700843657\n|move|p1a: \u838e\u58eb\u6bd4\u4e9a\u6ca1\u6709\u58eb|Thunderbolt|p2a: Chansey\n|-damage|p2a: Chansey|64\/100\n|-status|p2a: Chansey|par\n|cant|p2a: Chansey|par\n|\n|-weather|RainDance|[upkeep]\n|upkeep\n|turn|21\n|\n|t:|1700843664\n|move|p1a: \u838e\u58eb\u6bd4\u4e9a\u6ca1\u6709\u58eb|Thunderbolt|p2a: Chansey\n|-damage|p2a: Chansey|52\/100 par\n|move|p2a: Chansey|Seismic Toss|p1a: \u838e\u58eb\u6bd4\u4e9a\u6ca1\u6709\u58eb\n|-damage|p1a: \u838e\u58eb\u6bd4\u4e9a\u6ca1\u6709\u58eb|26\/100\n|\n|-weather|RainDance|[upkeep]\n|upkeep\n|turn|22\n|\n|t:|1700843670\n|move|p1a: \u838e\u58eb\u6bd4\u4e9a\u6ca1\u6709\u58eb|Thunderbolt|p2a: Chansey\n|-damage|p2a: Chansey|40\/100 par\n|move|p2a: Chansey|Soft-Boiled|p2a: Chansey\n|-heal|p2a: Chansey|90\/100 par\n|\n|-weather|RainDance|[upkeep]\n|upkeep\n|turn|23\n|\n|t:|1700843676\n|move|p1a: \u838e\u58eb\u6bd4\u4e9a\u6ca1\u6709\u58eb|Thunderbolt|p2a: Chansey\n|-damage|p2a: Chansey|79\/100 par\n|move|p2a: Chansey|Seismic Toss|p1a: \u838e\u58eb\u6bd4\u4e9a\u6ca1\u6709\u58eb\n|-damage|p1a: \u838e\u58eb\u6bd4\u4e9a\u6ca1\u6709\u58eb|0 fnt\n|faint|p1a: \u838e\u58eb\u6bd4\u4e9a\u6ca1\u6709\u58eb\n|-end|p1a: \u838e\u58eb\u6bd4\u4e9a\u6ca1\u6709\u58eb|Protosynthesis|[silent]\n|\n|-weather|none\n|upkeep\n|\n|t:|1700843680\n|switch|p1a: \u7535\u4f60\u5764\u5764|Zapdos, shiny|100\/100\n|turn|24\n|\n|t:|1700843684\n|move|p1a: \u7535\u4f60\u5764\u5764|Thunder|p2a: Chansey|[miss]\n|-miss|p1a: \u7535\u4f60\u5764\u5764|p2a: Chansey\n|cant|p2a: Chansey|par\n|\n|upkeep\n|turn|25\n|\n|t:|1700843689\n|move|p1a: \u7535\u4f60\u5764\u5764|Thunder|p2a: Chansey\n|-damage|p2a: Chansey|67\/100 par\n|move|p2a: Chansey|Seismic Toss|p1a: \u7535\u4f60\u5764\u5764\n|-damage|p1a: \u7535\u4f60\u5764\u5764|74\/100\n|\n|upkeep\n|turn|26\n|\n|t:|1700843695\n|move|p1a: \u7535\u4f60\u5764\u5764|Thunder|p2a: Chansey\n|-damage|p2a: Chansey|55\/100 par\n|move|p2a: Chansey|Soft-Boiled|p2a: Chansey\n|-heal|p2a: Chansey|100\/100 par\n|\n|upkeep\n|turn|27\n|\n|t:|1700843701\n|move|p1a: \u7535\u4f60\u5764\u5764|Thunder|p2a: Chansey\n|-damage|p2a: Chansey|88\/100 par\n|move|p2a: Chansey|Seismic Toss|p1a: \u7535\u4f60\u5764\u5764\n|-damage|p1a: \u7535\u4f60\u5764\u5764|48\/100\n|\n|upkeep\n|turn|28\n|\n|t:|1700843707\n|move|p1a: \u7535\u4f60\u5764\u5764|Thunder|p2a: Chansey|[miss]\n|-miss|p1a: \u7535\u4f60\u5764\u5764|p2a: Chansey\n|move|p2a: Chansey|Seismic Toss|p1a: \u7535\u4f60\u5764\u5764\n|-damage|p1a: \u7535\u4f60\u5764\u5764|22\/100\n|\n|upkeep\n|turn|29\n|inactive|Battle timer is ON: inactive players will automatically lose when time's up. (requested by Mr.Pokedoctor)\n|inactive|abaee has 120 seconds left.\n|inactive|abaee has 90 seconds left.\n|inactive|abaee has 60 seconds left.\n|inactive|abaee has 30 seconds left.\n|inactive|abaee has 20 seconds left.\n|inactive|abaee has 15 seconds left.\n|inactive|abaee has 10 seconds left.\n|inactive|abaee has 5 seconds left.\n|-message|abaee lost due to inactivity.\n|\n|win|Mr.Pokedoctor\n|raw|abaee's rating: 1146 &rarr; <strong>1120<\/strong><br \/>(-26 for losing)\n|raw|Mr.Pokedoctor's rating: 1132 &rarr; <strong>1158<\/strong><br \/>(+26 for winning)\n","uploadtime":1700843915,"views":13,"p1id":"abaee","p2id":"mrpokedoctor","formatid":"gen9ou","rating":1120,"private":0,"password":""}