{"id":"gen9ou-2000417576","p1":"ChosenLotion","p2":"liaoya","format":"[Gen 9] OU","log":"|j|\u2606ChosenLotion\n|j|\u2606liaoya\n|t:|1701193083\n|gametype|singles\n|player|p1|ChosenLotion|morty|1421\n|player|p2|liaoya|petrel|1525\n|teamsize|p1|6\n|teamsize|p2|6\n|gen|9\n|tier|[Gen 9] OU\n|rated|\n|rule|Sleep Clause Mod: Limit one foe put to sleep\n|rule|Species Clause: Limit one of each Pok\u00e9mon\n|rule|OHKO Clause: OHKO moves are banned\n|rule|Evasion Items Clause: Evasion items are banned\n|rule|Evasion Moves Clause: Evasion moves are banned\n|rule|Endless Battle Clause: Forcing endless battles is banned\n|rule|HP Percentage Mod: HP is shown in percentages\n|clearpoke\n|poke|p1|Ceruledge, F|\n|poke|p1|Torkoal, F|\n|poke|p1|Walking Wake|\n|poke|p1|Great Tusk|\n|poke|p1|Clodsire, F|\n|poke|p1|Dragonite, M|\n|poke|p2|Drifblim, F|\n|poke|p2|Garganacl, F|\n|poke|p2|Umbreon, M|\n|poke|p2|Rotom-Wash|\n|poke|p2|Glimmora, F|\n|poke|p2|Espeon, F|\n|teampreview\n|inactive|Battle timer is ON: inactive players will automatically lose when time's up. (requested by liaoya)\n|\n|t:|1701193091\n|start\n|switch|p1a: Walking Wake|Walking Wake|100\/100\n|switch|p2a: Rotom|Rotom-Wash|100\/100\n|turn|1\n|\n|t:|1701193100\n|move|p1a: Walking Wake|Flip Turn|p2a: Rotom\n|-resisted|p2a: Rotom\n|-damage|p2a: Rotom|92\/100\n|\n|t:|1701193105\n|-end|p1a: Walking Wake|Protosynthesis|[silent]\n|switch|p1a: Clodsire|Clodsire, F|100\/100|[from] Flip Turn\n|move|p2a: Rotom|Trick|p1a: Clodsire\n|-activate|p2a: Rotom|move: Trick|[of] p1a: Clodsire\n|-item|p1a: Clodsire|Choice Scarf|[from] move: Trick\n|-item|p2a: Rotom|Leftovers|[from] move: Trick\n|\n|-heal|p2a: Rotom|98\/100|[from] item: Leftovers\n|upkeep\n|turn|2\n|\n|t:|1701193114\n|switch|p2a: Espeon|Espeon, F|100\/100\n|move|p1a: Clodsire|Spikes|p2a: Espeon\n|move|p2a: Espeon|Spikes|p1a: Clodsire|[from]ability: Magic Bounce\n|-sidestart|p1: ChosenLotion|Spikes\n|\n|upkeep\n|turn|3\n|\n|t:|1701193132\n|switch|p1a: Ceruledge|Ceruledge, F, shiny|100\/100\n|-damage|p1a: Ceruledge|88\/100|[from] Spikes\n|move|p2a: Espeon|Trick|p1a: Ceruledge\n|-activate|p2a: Espeon|move: Trick|[of] p1a: Ceruledge\n|-item|p1a: Ceruledge|Choice Scarf|[from] move: Trick\n|-item|p2a: Espeon|Focus Sash|[from] move: Trick\n|\n|upkeep\n|turn|4\n|\n|t:|1701193142\n|switch|p2a: Glimmora|Glimmora, F|100\/100\n|move|p1a: Ceruledge|Bitter Blade|p2a: Glimmora\n|-resisted|p2a: Glimmora\n|-damage|p2a: Glimmora|82\/100\n|-heal|p1a: Ceruledge|99\/100|[from] drain|[of] p2a: Glimmora\n|-activate|p2a: Glimmora|ability: Toxic Debris\n|-sidestart|p1: ChosenLotion|move: Toxic Spikes\n|\n|upkeep\n|turn|5\n|\n|t:|1701193156\n|switch|p1a: Clodsire|Clodsire, F|100\/100\n|-damage|p1a: Clodsire|88\/100|[from] Spikes\n|-sideend|p1: ChosenLotion|move: Toxic Spikes|[of] p1a: Clodsire\n|move|p2a: Glimmora|Mortal Spin|p1a: Clodsire\n|-resisted|p1a: Clodsire\n|-damage|p1a: Clodsire|87\/100\n|\n|upkeep\n|turn|6\n|\n|t:|1701193166\n|switch|p2a: Garganacl|Garganacl, F, shiny|100\/100\n|move|p1a: Clodsire|Earthquake|p2a: Garganacl\n|-supereffective|p2a: Garganacl\n|-damage|p2a: Garganacl|64\/100\n|\n|-heal|p2a: Garganacl|71\/100|[from] item: Leftovers\n|upkeep\n|turn|7\n|\n|t:|1701193176\n|switch|p1a: Great Tusk|Great Tusk|100\/100\n|-damage|p1a: Great Tusk|88\/100|[from] Spikes\n|move|p2a: Garganacl|Salt Cure|p1a: Great Tusk\n|-resisted|p1a: Great Tusk\n|-damage|p1a: Great Tusk|86\/100\n|-start|p1a: Great Tusk|Salt Cure\n|\n|-heal|p1a: Great Tusk|92\/100|[from] item: Leftovers\n|-heal|p2a: Garganacl|77\/100|[from] item: Leftovers\n|-damage|p1a: Great Tusk|79\/100|[from] Salt Cure\n|upkeep\n|turn|8\n|\n|t:|1701193192\n|-terastallize|p2a: Garganacl|Ghost\n|move|p1a: Great Tusk|Knock Off|p2a: Garganacl\n|-supereffective|p2a: Garganacl\n|-damage|p2a: Garganacl|30\/100\n|-enditem|p2a: Garganacl|Leftovers|[from] move: Knock Off|[of] p1a: Great Tusk\n|move|p2a: Garganacl|Iron Defense|p2a: Garganacl\n|-boost|p2a: Garganacl|def|2\n|\n|-heal|p1a: Great Tusk|86\/100|[from] item: Leftovers\n|-damage|p1a: Great Tusk|73\/100|[from] Salt Cure\n|upkeep\n|turn|9\n|\n|t:|1701193206\n|move|p1a: Great Tusk|Headlong Rush|p2a: Garganacl\n|-damage|p2a: Garganacl|8\/100\n|-unboost|p1a: Great Tusk|def|1\n|-unboost|p1a: Great Tusk|spd|1\n|move|p2a: Garganacl|Recover|p2a: Garganacl\n|-heal|p2a: Garganacl|58\/100\n|\n|-heal|p1a: Great Tusk|79\/100|[from] item: Leftovers\n|-damage|p1a: Great Tusk|67\/100|[from] Salt Cure\n|upkeep\n|turn|10\n|\n|t:|1701193220\n|-end|p1a: Great Tusk|Protosynthesis|[silent]\n|switch|p1a: Torkoal|Torkoal, F, shiny|100\/100\n|-damage|p1a: Torkoal|88\/100|[from] Spikes\n|-weather|SunnyDay|[from] ability: Drought|[of] p1a: Torkoal\n|move|p2a: Garganacl|Recover|p2a: Garganacl\n|-heal|p2a: Garganacl|100\/100\n|\n|-weather|SunnyDay|[upkeep]\n|upkeep\n|turn|11\n|\n|t:|1701193229\n|move|p2a: Garganacl|Salt Cure|p1a: Torkoal\n|-supereffective|p1a: Torkoal\n|-damage|p1a: Torkoal|71\/100\n|-start|p1a: Torkoal|Salt Cure\n|move|p1a: Torkoal|Lava Plume|p2a: Garganacl\n|-damage|p2a: Garganacl|78\/100\n|\n|-weather|SunnyDay|[upkeep]\n|-damage|p1a: Torkoal|59\/100|[from] Salt Cure\n|upkeep\n|turn|12\n|\n|t:|1701193240\n|move|p2a: Garganacl|Salt Cure|p1a: Torkoal\n|-supereffective|p1a: Torkoal\n|-damage|p1a: Torkoal|42\/100\n|move|p1a: Torkoal|Stealth Rock|p2a: Garganacl\n|-sidestart|p2: liaoya|move: Stealth Rock\n|\n|-weather|SunnyDay|[upkeep]\n|-damage|p1a: Torkoal|30\/100|[from] Salt Cure\n|upkeep\n|turn|13\n|\n|t:|1701193256\n|switch|p1a: Ceruledge|Ceruledge, F, shiny|99\/100\n|-damage|p1a: Ceruledge|88\/100|[from] Spikes\n|move|p2a: Garganacl|Recover|p2a: Garganacl\n|-heal|p2a: Garganacl|100\/100\n|\n|-weather|SunnyDay|[upkeep]\n|upkeep\n|turn|14\n|\n|t:|1701193265\n|move|p1a: Ceruledge|Swords Dance|p1a: Ceruledge\n|-boost|p1a: Ceruledge|atk|2\n|move|p2a: Garganacl|Salt Cure|p1a: Ceruledge\n|-supereffective|p1a: Ceruledge\n|-damage|p1a: Ceruledge|52\/100\n|-start|p1a: Ceruledge|Salt Cure\n|\n|-weather|SunnyDay|[upkeep]\n|-damage|p1a: Ceruledge|40\/100|[from] Salt Cure\n|upkeep\n|turn|15\n|-message|ChosenLotion forfeited.\n|\n|win|liaoya\n|raw|ChosenLotion's rating: 1421 &rarr; <strong>1407<\/strong><br \/>(-14 for losing)\n|raw|liaoya's rating: 1525 &rarr; <strong>1539<\/strong><br \/>(+14 for winning)\n|l|\u2606ChosenLotion\n","uploadtime":1701193290,"views":1,"p1id":"chosenlotion","p2id":"liaoya","formatid":"gen9ou","rating":1407,"private":0,"password":""}