{"id":"gen9ou-1999678415","p1":"nephilimuscat","p2":"Esdeath725","format":"[Gen 9] OU","log":"|j|\u2606nephilimuscat\n|j|\u2606Esdeath725\n|inactive|Battle timer is ON: inactive players will automatically lose when time's up.\n|t:|1701107073\n|gametype|singles\n|player|p1|nephilimuscat|policeman-gen4|\n|player|p2|Esdeath725|clair|\n|teamsize|p1|6\n|teamsize|p2|6\n|gen|9\n|tier|[Gen 9] OU\n|rated|Tournament battle\n|rule|Sleep Clause Mod: Limit one foe put to sleep\n|rule|Species Clause: Limit one of each Pok\u00e9mon\n|rule|OHKO Clause: OHKO moves are banned\n|rule|Evasion Items Clause: Evasion items are banned\n|rule|Evasion Moves Clause: Evasion moves are banned\n|rule|Endless Battle Clause: Forcing endless battles is banned\n|rule|HP Percentage Mod: HP is shown in percentages\n|clearpoke\n|poke|p1|Ribombee, F|\n|poke|p1|Dragonite, M|\n|poke|p1|Great Tusk|\n|poke|p1|Iron Moth|\n|poke|p1|Kingambit, M|\n|poke|p1|Gholdengo|\n|poke|p2|Glimmora, F|\n|poke|p2|Kingambit, F|\n|poke|p2|Zamazenta-*|\n|poke|p2|Iron Valiant|\n|poke|p2|Iron Moth|\n|poke|p2|Ogerpon-Wellspring, F|\n|teampreview\n|j|*Lady Monita \u2746\n|inactive|nephilimuscat has 120 seconds left.\n|\n|t:|1701107103\n|start\n|switch|p1a: Phampy|Great Tusk, shiny|100\/100\n|switch|p2a: Glimmora|Glimmora, F|100\/100\n|turn|1\n|j| Elliotus\n|\n|t:|1701107120\n|move|p1a: Phampy|Earthquake|p2a: Glimmora\n|-supereffective|p2a: Glimmora\n|-enditem|p2a: Glimmora|Focus Sash\n|-damage|p2a: Glimmora|1\/100\n|-activate|p2a: Glimmora|ability: Toxic Debris\n|-sidestart|p1: nephilimuscat|move: Toxic Spikes\n|move|p2a: Glimmora|Stealth Rock|p1a: Phampy\n|-sidestart|p1: nephilimuscat|move: Stealth Rock\n|\n|upkeep\n|turn|2\n|j| CaroOui\n|\n|t:|1701107138\n|move|p1a: Phampy|Rapid Spin|p2a: Glimmora\n|-resisted|p2a: Glimmora\n|-damage|p2a: Glimmora|0 fnt\n|-boost|p1a: Phampy|spe|1\n|-activate|p2a: Glimmora|ability: Toxic Debris\n|-sidestart|p1: nephilimuscat|move: Toxic Spikes\n|-sideend|p1: nephilimuscat|Toxic Spikes|[from] move: Rapid Spin|[of] p1a: Phampy\n|-sideend|p1: nephilimuscat|Stealth Rock|[from] move: Rapid Spin|[of] p1a: Phampy\n|faint|p2a: Glimmora\n|\n|upkeep\n|\n|t:|1701107147\n|switch|p2a: Ogerpon|Ogerpon-Wellspring, F|100\/100\n|turn|3\n|\n|t:|1701107155\n|move|p1a: Phampy|Knock Off|p2a: Ogerpon\n|-damage|p2a: Ogerpon|73\/100\n|move|p2a: Ogerpon|Ivy Cudgel|p1a: Phampy|[anim] Ivy Cudgel Water\n|-supereffective|p1a: Phampy\n|-damage|p1a: Phampy|20\/100\n|\n|upkeep\n|turn|4\n|\n|t:|1701107163\n|move|p1a: Phampy|Ice Spinner|p2a: Ogerpon\n|-damage|p2a: Ogerpon|41\/100\n|move|p2a: Ogerpon|Ivy Cudgel|p1a: Phampy|[anim] Ivy Cudgel Water\n|-supereffective|p1a: Phampy\n|-damage|p1a: Phampy|0 fnt\n|faint|p1a: Phampy\n|-end|p1a: Phampy|Protosynthesis|[silent]\n|\n|upkeep\n|l| CaroOui\n|inactive|nephilimuscat has 120 seconds left.\n|inactive|nephilimuscat has 90 seconds left.\n|\n|t:|1701107227\n|switch|p1a: Nyoonnnn|Dragonite, M, shiny|100\/100\n|turn|5\n|\n|t:|1701107238\n|move|p2a: Ogerpon|Knock Off|p1a: Nyoonnnn\n|-damage|p1a: Nyoonnnn|81\/100\n|-enditem|p1a: Nyoonnnn|Leftovers|[from] move: Knock Off|[of] p2a: Ogerpon\n|move|p1a: Nyoonnnn|Dragon Dance|p1a: Nyoonnnn\n|-boost|p1a: Nyoonnnn|atk|1\n|-boost|p1a: Nyoonnnn|spe|1\n|\n|upkeep\n|turn|6\n|inactive|nephilimuscat has 90 seconds left.\n|\n|t:|1701107258\n|switch|p2a: Iron Valiant|Iron Valiant|100\/100\n|-enditem|p2a: Iron Valiant|Booster Energy\n|-activate|p2a: Iron Valiant|ability: Quark Drive|[fromitem]\n|-start|p2a: Iron Valiant|quarkdrivespe\n|move|p1a: Nyoonnnn|Extreme Speed|p2a: Iron Valiant\n|-damage|p2a: Iron Valiant|41\/100\n|\n|upkeep\n|turn|7\n|\n|t:|1701107272\n|move|p1a: Nyoonnnn|Extreme Speed|p2a: Iron Valiant\n|-damage|p2a: Iron Valiant|0 fnt\n|faint|p2a: Iron Valiant\n|-end|p2a: Iron Valiant|Quark Drive|[silent]\n|\n|upkeep\n|\n|t:|1701107286\n|switch|p2a: Iron Moth|Iron Moth|100\/100\n|-enditem|p2a: Iron Moth|Booster Energy\n|-activate|p2a: Iron Moth|ability: Quark Drive|[fromitem]\n|-start|p2a: Iron Moth|quarkdrivespe\n|turn|8\n|\n|t:|1701107297\n|-terastallize|p2a: Iron Moth|Fairy\n|-terastallize|p1a: Nyoonnnn|Normal\n|move|p1a: Nyoonnnn|Extreme Speed|p2a: Iron Moth\n|-damage|p2a: Iron Moth|1\/100\n|move|p2a: Iron Moth|Dazzling Gleam|p1a: Nyoonnnn\n|-damage|p1a: Nyoonnnn|39\/100\n|\n|upkeep\n|turn|9\n|\n|t:|1701107310\n|move|p1a: Nyoonnnn|Extreme Speed|p2a: Iron Moth\n|-damage|p2a: Iron Moth|0 fnt\n|faint|p2a: Iron Moth\n|-end|p2a: Iron Moth|Quark Drive|[silent]\n|\n|upkeep\n|\n|t:|1701107326\n|switch|p2a: Zamazenta|Zamazenta, shiny|100\/100\n|-ability|p2a: Zamazenta|Dauntless Shield|boost\n|-boost|p2a: Zamazenta|def|1\n|turn|10\n|\n|t:|1701107332\n|move|p2a: Zamazenta|Body Press|p1a: Nyoonnnn\n|-supereffective|p1a: Nyoonnnn\n|-damage|p1a: Nyoonnnn|0 fnt\n|faint|p1a: Nyoonnnn\n|\n|upkeep\n|l| Elliotus\n|\n|t:|1701107338\n|switch|p1a: Iron Moth|Iron Moth, shiny|100\/100\n|-enditem|p1a: Iron Moth|Booster Energy\n|-activate|p1a: Iron Moth|ability: Quark Drive|[fromitem]\n|-start|p1a: Iron Moth|quarkdrivespe\n|turn|11\n|\n|t:|1701107367\n|move|p1a: Iron Moth|Fiery Dance|p2a: Zamazenta\n|-damage|p2a: Zamazenta|60\/100\n|-boost|p1a: Iron Moth|spa|1\n|move|p2a: Zamazenta|Stone Edge|p1a: Iron Moth\n|-supereffective|p1a: Iron Moth\n|-damage|p1a: Iron Moth|7\/100\n|\n|-heal|p2a: Zamazenta|67\/100|[from] item: Leftovers\n|upkeep\n|turn|12\n|inactive|nephilimuscat has 120 seconds left.\n|inactive|Esdeath725 has 120 seconds left.\n|\n|t:|1701107389\n|move|p1a: Iron Moth|Dazzling Gleam|p2a: Zamazenta\n|-supereffective|p2a: Zamazenta\n|-damage|p2a: Zamazenta|0 fnt\n|faint|p2a: Zamazenta\n|\n|upkeep\n|inactive|Esdeath725 has 120 seconds left.\n|\n|t:|1701107411\n|switch|p2a: Ogerpon|Ogerpon-Wellspring, F|41\/100\n|turn|13\n|\n|t:|1701107422\n|move|p1a: Iron Moth|Sludge Wave|p2a: Ogerpon\n|-supereffective|p2a: Ogerpon\n|-crit|p2a: Ogerpon\n|-damage|p2a: Ogerpon|0 fnt\n|faint|p2a: Ogerpon\n|\n|upkeep\n|\n|t:|1701107428\n|switch|p2a: Kingambit|Kingambit, F|100\/100\n|-activate|p2a: Kingambit|ability: Supreme Overlord\n|-start|p2a: Kingambit|fallen5|[silent]\n|turn|14\n|\n|t:|1701107436\n|move|p2a: Kingambit|Sucker Punch||[still]\n|-fail|p2a: Kingambit\n|move|p1a: Iron Moth|Substitute|p1a: Iron Moth\n|-fail|p1a: Iron Moth|move: Substitute|[weak]\n|\n|upkeep\n|turn|15\n|inactive|Esdeath725 has 120 seconds left.\n|\n|t:|1701107447\n|move|p1a: Iron Moth|Fiery Dance|p2a: Kingambit\n|-supereffective|p2a: Kingambit\n|-damage|p2a: Kingambit|0 fnt\n|-boost|p1a: Iron Moth|spa|1\n|faint|p2a: Kingambit\n|-end|p2a: Kingambit|fallen5|[silent]\n|\n|win|nephilimuscat\n|n|\u2606nephilimuscat|nephilimuscat\n|n|\u2606Esdeath725|esdeath725\n|n|*Lady Monita \u2746|ladymonita\n|l|*Lady Monita \u2746\n|l|\u2606Esdeath725\n|c|\u2606nephilimuscat|gg\n|l|\u2606nephilimuscat\n|j| HarryderSchnetzler\n|l| HarryderSchnetzler\n|j|\u2606nephilimuscat\n|player|p1|nephilimuscat|policeman-gen4\n","uploadtime":1701107509,"views":4,"p1id":"nephilimuscat","p2id":"esdeath725","formatid":"gen9ou","rating":0,"private":0,"password":""}