{"id":"gen9ou-1994871115","p1":"Gyltia","p2":"PlusLPlusRatio","format":"[Gen 9] OU","log":"|j|\u2606Gyltia\n|j|\u2606PlusLPlusRatio\n|t:|1700500392\n|gametype|singles\n|player|p1|Gyltia|musician|1512\n|player|p2|PlusLPlusRatio|266|1552\n|teamsize|p1|6\n|teamsize|p2|6\n|gen|9\n|tier|[Gen 9] OU\n|rated|\n|rule|Sleep Clause Mod: Limit one foe put to sleep\n|rule|Species Clause: Limit one of each Pok\u00e9mon\n|rule|OHKO Clause: OHKO moves are banned\n|rule|Evasion Items Clause: Evasion items are banned\n|rule|Evasion Moves Clause: Evasion moves are banned\n|rule|Endless Battle Clause: Forcing endless battles is banned\n|rule|HP Percentage Mod: HP is shown in percentages\n|clearpoke\n|poke|p1|Weezing-Galar, F|\n|poke|p1|Zamazenta-*|\n|poke|p1|Alomomola, M|\n|poke|p1|Zapdos|\n|poke|p1|Cinderace, M|\n|poke|p1|Dragapult, F|\n|poke|p2|Ribombee, M|\n|poke|p2|Manaphy|\n|poke|p2|Kingambit, F|\n|poke|p2|Gholdengo|\n|poke|p2|Zamazenta-*|\n|poke|p2|Regidrago|\n|teampreview\n|inactive|Battle timer is ON: inactive players will automatically lose when time's up. (requested by PlusLPlusRatio)\n|\n|t:|1700500410\n|start\n|switch|p1a: Dragapult|Dragapult, F|100\/100\n|switch|p2a: Ribombee|Ribombee, M|100\/100\n|turn|1\n|\n|t:|1700500419\n|move|p1a: Dragapult|U-turn|p2a: Ribombee\n|-resisted|p2a: Ribombee\n|-damage|p2a: Ribombee|85\/100\n|\n|t:|1700500422\n|switch|p1a: Zapdos|Zapdos|100\/100|[from] U-turn\n|move|p2a: Ribombee|Stun Spore|p1a: Zapdos\n|-immune|p1a: Zapdos\n|\n|upkeep\n|turn|2\n|\n|t:|1700500433\n|move|p2a: Ribombee|Moonblast|p1a: Zapdos\n|-crit|p1a: Zapdos\n|-damage|p1a: Zapdos|58\/100\n|move|p1a: Zapdos|Hurricane|p2a: Ribombee|[miss]\n|-miss|p1a: Zapdos|p2a: Ribombee\n|\n|upkeep\n|turn|3\n|\n|t:|1700500440\n|move|p2a: Ribombee|Moonblast|p1a: Zapdos\n|-damage|p1a: Zapdos|29\/100\n|move|p1a: Zapdos|Hurricane|p2a: Ribombee\n|-supereffective|p2a: Ribombee\n|-damage|p2a: Ribombee|0 fnt\n|faint|p2a: Ribombee\n|\n|upkeep\n|\n|t:|1700500444\n|switch|p2a: Regidrago|Regidrago|100\/100\n|turn|4\n|\n|t:|1700500454\n|switch|p1a: Weezing|Weezing-Galar, F|100\/100\n|-ability|p1a: Weezing|Neutralizing Gas\n|move|p2a: Regidrago|Tera Blast|p1a: Weezing\n|-damage|p1a: Weezing|54\/100\n|\n|-heal|p1a: Weezing|60\/100|[from] item: Leftovers\n|upkeep\n|turn|5\n|\n|t:|1700500469\n|switch|p2a: Gholdengo|Gholdengo|100\/100\n|-item|p2a: Gholdengo|Air Balloon\n|move|p1a: Weezing|Pain Split|p2a: Gholdengo\n|-sethp|p2a: Gholdengo|77\/100|[from] move: Pain Split|[silent]\n|-sethp|p1a: Weezing|86\/100|[from] move: Pain Split\n|\n|-heal|p1a: Weezing|92\/100|[from] item: Leftovers\n|upkeep\n|turn|6\n|\n|t:|1700500478\n|-end|p1a: Weezing|ability: Neutralizing Gas\n|switch|p1a: Alomomola|Alomomola, M|100\/100\n|move|p2a: Gholdengo|Shadow Ball|p1a: Alomomola\n|-damage|p1a: Alomomola|67\/100\n|\n|upkeep\n|turn|7\n|inactive|Gyltia has 120 seconds left.\n|\n|t:|1700500527\n|switch|p2a: Regidrago|Regidrago|100\/100\n|move|p1a: Alomomola|Flip Turn|p2a: Regidrago\n|-resisted|p2a: Regidrago\n|-damage|p2a: Regidrago|92\/100\n|\n|t:|1700500532\n|switch|p1a: Dragapult|Dragapult, F|100\/100|[from] Flip Turn\n|\n|upkeep\n|turn|8\n|\n|t:|1700500544\n|switch|p2a: Gholdengo|Gholdengo|77\/100\n|-item|p2a: Gholdengo|Air Balloon\n|move|p1a: Dragapult|U-turn|p2a: Gholdengo\n|-resisted|p2a: Gholdengo\n|-damage|p2a: Gholdengo|72\/100\n|-enditem|p2a: Gholdengo|Air Balloon\n|\n|t:|1700500549\n|switch|p1a: Cinderace|Cinderace, M|100\/100|[from] U-turn\n|\n|upkeep\n|turn|9\n|\n|t:|1700500556\n|switch|p2a: Manaphy|Manaphy|100\/100\n|move|p1a: Cinderace|Pyro Ball|p2a: Manaphy\n|-resisted|p2a: Manaphy\n|-damage|p2a: Manaphy|82\/100\n|\n|-heal|p2a: Manaphy|88\/100|[from] item: Leftovers\n|upkeep\n|turn|10\n|\n|t:|1700500567\n|switch|p2a: Regidrago|Regidrago|92\/100\n|move|p1a: Cinderace|U-turn|p2a: Regidrago\n|-start|p1a: Cinderace|typechange|Bug|[from] ability: Libero\n|-damage|p2a: Regidrago|53\/100\n|\n|t:|1700500573\n|switch|p1a: Dragapult|Dragapult, F|100\/100|[from] U-turn\n|\n|upkeep\n|turn|11\n|\n|t:|1700500579\n|move|p1a: Dragapult|U-turn|p2a: Regidrago\n|-damage|p2a: Regidrago|36\/100\n|\n|t:|1700500581\n|switch|p1a: Weezing|Weezing-Galar, F|92\/100|[from] U-turn\n|-ability|p1a: Weezing|Neutralizing Gas\n|move|p2a: Regidrago|Draco Meteor|p1a: Weezing\n|-immune|p1a: Weezing\n|\n|-heal|p1a: Weezing|98\/100|[from] item: Leftovers\n|upkeep\n|turn|12\n|\n|t:|1700500591\n|switch|p2a: Gholdengo|Gholdengo|72\/100\n|move|p1a: Weezing|Strange Steam|p2a: Gholdengo\n|-resisted|p2a: Gholdengo\n|-damage|p2a: Gholdengo|61\/100\n|-start|p2a: Gholdengo|confusion\n|\n|-heal|p1a: Weezing|100\/100|[from] item: Leftovers\n|upkeep\n|turn|13\n|\n|t:|1700500601\n|switch|p2a: Manaphy|Manaphy|88\/100\n|-end|p1a: Weezing|ability: Neutralizing Gas\n|switch|p1a: Alomomola|Alomomola, M|100\/100\n|\n|-heal|p2a: Manaphy|94\/100|[from] item: Leftovers\n|upkeep\n|turn|14\n|\n|t:|1700500606\n|move|p2a: Manaphy|Take Heart|p2a: Manaphy\n|-boost|p2a: Manaphy|spa|1\n|-boost|p2a: Manaphy|spd|1\n|move|p1a: Alomomola|Flip Turn|p2a: Manaphy\n|-resisted|p2a: Manaphy\n|-damage|p2a: Manaphy|89\/100\n|\n|t:|1700500613\n|switch|p1a: Zamazenta|Zamazenta|100\/100|[from] Flip Turn\n|-ability|p1a: Zamazenta|Dauntless Shield|boost\n|-boost|p1a: Zamazenta|def|1\n|\n|-heal|p2a: Manaphy|95\/100|[from] item: Leftovers\n|upkeep\n|turn|15\n|\n|t:|1700500616\n|move|p1a: Zamazenta|Close Combat|p2a: Manaphy\n|-damage|p2a: Manaphy|33\/100\n|-unboost|p1a: Zamazenta|def|1\n|-unboost|p1a: Zamazenta|spd|1\n|move|p2a: Manaphy|Acid Armor|p2a: Manaphy\n|-boost|p2a: Manaphy|def|2\n|\n|-heal|p2a: Manaphy|39\/100|[from] item: Leftovers\n|upkeep\n|turn|16\n|\n|t:|1700500623\n|move|p1a: Zamazenta|Close Combat|p2a: Manaphy\n|-damage|p2a: Manaphy|8\/100\n|-unboost|p1a: Zamazenta|def|1\n|-unboost|p1a: Zamazenta|spd|1\n|move|p2a: Manaphy|Stored Power|p1a: Zamazenta\n|-supereffective|p1a: Zamazenta\n|-damage|p1a: Zamazenta|0 fnt\n|faint|p1a: Zamazenta\n|\n|-heal|p2a: Manaphy|14\/100|[from] item: Leftovers\n|upkeep\n|\n|t:|1700500633\n|switch|p1a: Dragapult|Dragapult, F|100\/100\n|turn|17\n|\n|t:|1700500636\n|move|p1a: Dragapult|Shadow Ball|p2a: Manaphy\n|-damage|p2a: Manaphy|0 fnt\n|faint|p2a: Manaphy\n|\n|upkeep\n|\n|t:|1700500643\n|switch|p2a: Kingambit|Kingambit, F|100\/100\n|-activate|p2a: Kingambit|ability: Supreme Overlord\n|-start|p2a: Kingambit|fallen2|[silent]\n|turn|18\n|\n|t:|1700500652\n|switch|p1a: Weezing|Weezing-Galar, F|100\/100\n|-ability|p1a: Weezing|Neutralizing Gas\n|move|p2a: Kingambit|Swords Dance|p2a: Kingambit\n|-boost|p2a: Kingambit|atk|2\n|\n|upkeep\n|turn|19\n|\n|t:|1700500661\n|move|p2a: Kingambit|Kowtow Cleave|p1a: Weezing\n|-resisted|p1a: Weezing\n|-damage|p1a: Weezing|66\/100\n|move|p1a: Weezing|Will-O-Wisp|p2a: Kingambit\n|-status|p2a: Kingambit|brn\n|-enditem|p2a: Kingambit|Lum Berry|[eat]\n|-curestatus|p2a: Kingambit|brn|[msg]\n|\n|-heal|p1a: Weezing|72\/100|[from] item: Leftovers\n|upkeep\n|turn|20\n|\n|t:|1700500673\n|-end|p2a: Kingambit|fallen2|[silent]\n|switch|p2a: Regidrago|Regidrago|36\/100\n|move|p1a: Weezing|Will-O-Wisp|p2a: Regidrago\n|-status|p2a: Regidrago|brn\n|\n|-heal|p1a: Weezing|78\/100|[from] item: Leftovers\n|-damage|p2a: Regidrago|30\/100 brn|[from] brn\n|upkeep\n|turn|21\n|\n|t:|1700500686\n|move|p2a: Regidrago|Earth Power|p1a: Weezing\n|-supereffective|p1a: Weezing\n|-damage|p1a: Weezing|0 fnt\n|faint|p1a: Weezing\n|-end|p1a: Weezing|ability: Neutralizing Gas\n|\n|-damage|p2a: Regidrago|24\/100 brn|[from] brn\n|upkeep\n|inactive|Gyltia has 120 seconds left.\n|inactive|Gyltia has 90 seconds left.\n|\n|t:|1700500746\n|switch|p1a: Dragapult|Dragapult, F|100\/100\n|turn|22\n|\n|t:|1700500757\n|switch|p2a: Gholdengo|Gholdengo|61\/100\n|move|p1a: Dragapult|Shadow Ball|p2a: Gholdengo\n|-supereffective|p2a: Gholdengo\n|-damage|p2a: Gholdengo|0 fnt\n|faint|p2a: Gholdengo\n|\n|upkeep\n|\n|t:|1700500760\n|switch|p2a: Kingambit|Kingambit, F|100\/100\n|-activate|p2a: Kingambit|ability: Supreme Overlord\n|-start|p2a: Kingambit|fallen3|[silent]\n|turn|23\n|\n|t:|1700500768\n|switch|p1a: Cinderace|Cinderace, M|100\/100\n|move|p2a: Kingambit|Kowtow Cleave|p1a: Cinderace\n|-damage|p1a: Cinderace|14\/100\n|\n|upkeep\n|turn|24\n|\n|t:|1700500773\n|-end|p2a: Kingambit|fallen3|[silent]\n|switch|p2a: Regidrago|Regidrago|24\/100 brn\n|move|p1a: Cinderace|Will-O-Wisp|p2a: Regidrago\n|-fail|p2a: Regidrago|brn\n|\n|-damage|p2a: Regidrago|18\/100 brn|[from] brn\n|upkeep\n|turn|25\n|\n|t:|1700500780\n|move|p1a: Cinderace|Pyro Ball|p2a: Regidrago\n|-resisted|p2a: Regidrago\n|-damage|p2a: Regidrago|0 fnt\n|faint|p2a: Regidrago\n|\n|upkeep\n|\n|t:|1700500784\n|switch|p2a: Zamazenta|Zamazenta|100\/100\n|-ability|p2a: Zamazenta|Dauntless Shield|boost\n|-boost|p2a: Zamazenta|def|1\n|turn|26\n|\n|t:|1700500788\n|switch|p1a: Alomomola|Alomomola, M|100\/100\n|move|p2a: Zamazenta|Substitute|p2a: Zamazenta\n|-start|p2a: Zamazenta|Substitute\n|-damage|p2a: Zamazenta|76\/100\n|\n|-heal|p2a: Zamazenta|82\/100|[from] item: Leftovers\n|upkeep\n|turn|27\n|\n|t:|1700500795\n|move|p2a: Zamazenta|Iron Defense|p2a: Zamazenta\n|-boost|p2a: Zamazenta|def|2\n|move|p1a: Alomomola|Flip Turn|p2a: Zamazenta\n|-activate|p2a: Zamazenta|move: Substitute|[damage]\n|\n|t:|1700500799\n|switch|p1a: Zapdos|Zapdos|29\/100|[from] Flip Turn\n|\n|-heal|p2a: Zamazenta|88\/100|[from] item: Leftovers\n|upkeep\n|turn|28\n|\n|t:|1700500801\n|move|p2a: Zamazenta|Body Press|p1a: Zapdos\n|-resisted|p1a: Zapdos\n|-damage|p1a: Zapdos|0 fnt\n|faint|p1a: Zapdos\n|\n|-heal|p2a: Zamazenta|94\/100|[from] item: Leftovers\n|upkeep\n|\n|t:|1700500805\n|switch|p1a: Dragapult|Dragapult, F|100\/100\n|turn|29\n|\n|t:|1700500809\n|move|p1a: Dragapult|Shadow Ball|p2a: Zamazenta\n|-end|p2a: Zamazenta|Substitute\n|move|p2a: Zamazenta|Heavy Slam|p1a: Dragapult\n|-damage|p1a: Dragapult|65\/100\n|\n|-heal|p2a: Zamazenta|99\/100|[from] item: Leftovers\n|upkeep\n|turn|30\n|\n|t:|1700500817\n|switch|p2a: Kingambit|Kingambit, F|100\/100\n|-activate|p2a: Kingambit|ability: Supreme Overlord\n|-start|p2a: Kingambit|fallen4|[silent]\n|move|p1a: Dragapult|Shadow Ball|p2a: Kingambit\n|-resisted|p2a: Kingambit\n|-damage|p2a: Kingambit|71\/100\n|\n|upkeep\n|turn|31\n|\n|t:|1700500821\n|switch|p1a: Alomomola|Alomomola, M|100\/100\n|move|p2a: Kingambit|Kowtow Cleave|p1a: Alomomola\n|-damage|p1a: Alomomola|65\/100\n|\n|upkeep\n|turn|32\n|\n|t:|1700500825\n|switch|p1a: Dragapult|Dragapult, F|65\/100\n|move|p2a: Kingambit|Swords Dance|p2a: Kingambit\n|-boost|p2a: Kingambit|atk|2\n|\n|upkeep\n|turn|33\n|c|\u2606Gyltia|misclick fuck\n|\n|t:|1700500838\n|move|p2a: Kingambit|Sucker Punch|p1a: Dragapult\n|-supereffective|p1a: Dragapult\n|-damage|p1a: Dragapult|0 fnt\n|faint|p1a: Dragapult\n|\n|upkeep\n|\n|t:|1700500841\n|switch|p1a: Cinderace|Cinderace, M|14\/100\n|turn|34\n|c|\u2606PlusLPlusRatio|unfortunate\n|\n|t:|1700500849\n|-terastallize|p2a: Kingambit|Flying\n|move|p1a: Cinderace|Will-O-Wisp|p2a: Kingambit\n|-status|p2a: Kingambit|brn\n|move|p2a: Kingambit|Kowtow Cleave|p1a: Cinderace\n|-damage|p1a: Cinderace|0 fnt\n|faint|p1a: Cinderace\n|\n|-damage|p2a: Kingambit|65\/100 brn|[from] brn\n|upkeep\n|\n|t:|1700500856\n|switch|p1a: Alomomola|Alomomola, M|98\/100\n|turn|35\n|\n|t:|1700500865\n|move|p2a: Kingambit|Swords Dance|p2a: Kingambit\n|-boost|p2a: Kingambit|atk|2\n|move|p1a: Alomomola|Flip Turn|p2a: Kingambit\n|-damage|p2a: Kingambit|50\/100 brn\n|\n|-damage|p2a: Kingambit|44\/100 brn|[from] brn\n|upkeep\n|turn|36\n|\n|t:|1700500870\n|move|p2a: Kingambit|Kowtow Cleave|p1a: Alomomola\n|-damage|p1a: Alomomola|45\/100\n|move|p1a: Alomomola|Flip Turn|p2a: Kingambit\n|-damage|p2a: Kingambit|30\/100 brn\n|\n|-damage|p2a: Kingambit|24\/100 brn|[from] brn\n|upkeep\n|turn|37\n|\n|t:|1700500875\n|move|p1a: Alomomola|Aqua Jet|p2a: Kingambit\n|-damage|p2a: Kingambit|14\/100 brn\n|move|p2a: Kingambit|Kowtow Cleave|p1a: Alomomola\n|-damage|p1a: Alomomola|0 fnt\n|faint|p1a: Alomomola\n|\n|win|PlusLPlusRatio\n|raw|Gyltia's rating: 1512 &rarr; <strong>1494<\/strong><br \/>(-18 for losing)\n|raw|PlusLPlusRatio's rating: 1552 &rarr; <strong>1570<\/strong><br \/>(+18 for winning)\n","uploadtime":1700500837,"views":9,"p1id":"gyltia","p2id":"pluslplusratio","formatid":"gen9ou","rating":1494,"private":0,"password":""}