{"id":"gen9ou-2000316807","p1":"Blackninjamb","p2":"Trickiest","format":"[Gen 9] OU","log":"|j|\u2606Blackninjamb\n|j|\u2606Trickiest\n|t:|1701184356\n|gametype|singles\n|player|p1|Blackninjamb|dancer|1240\n|player|p2|Trickiest|blue|1172\n|teamsize|p1|6\n|teamsize|p2|6\n|gen|9\n|tier|[Gen 9] OU\n|rated|\n|rule|Sleep Clause Mod: Limit one foe put to sleep\n|rule|Species Clause: Limit one of each Pok\u00e9mon\n|rule|OHKO Clause: OHKO moves are banned\n|rule|Evasion Items Clause: Evasion items are banned\n|rule|Evasion Moves Clause: Evasion moves are banned\n|rule|Endless Battle Clause: Forcing endless battles is banned\n|rule|HP Percentage Mod: HP is shown in percentages\n|clearpoke\n|poke|p1|Pelipper, F|\n|poke|p1|Overqwil, M|\n|poke|p1|Ting-Lu|\n|poke|p1|Vaporeon, F|\n|poke|p1|Rillaboom, M|\n|poke|p1|Thundurus-Therian, M|\n|poke|p2|Weavile, M|\n|poke|p2|Weezing-Galar, M|\n|poke|p2|Alomomola, F|\n|poke|p2|Ting-Lu|\n|poke|p2|Corviknight, M|\n|poke|p2|Dondozo, M|\n|teampreview\n|inactive|Battle timer is ON: inactive players will automatically lose when time's up. (requested by Trickiest)\n|\n|t:|1701184363\n|start\n|switch|p1a: Rillaboom|Rillaboom, M, shiny|100\/100\n|switch|p2a: Ting-Lu|Ting-Lu|100\/100\n|-fieldstart|move: Grassy Terrain|[from] ability: Grassy Surge|[of] p1a: Rillaboom\n|-ability|p2a: Ting-Lu|Vessel of Ruin\n|turn|1\n|\n|t:|1701184367\n|move|p1a: Rillaboom|U-turn|p2a: Ting-Lu\n|-supereffective|p2a: Ting-Lu\n|-damage|p2a: Ting-Lu|60\/100\n|\n|t:|1701184374\n|switch|p1a: Pelipper|Pelipper, F|100\/100|[from] U-turn\n|-weather|RainDance|[from] ability: Drizzle|[of] p1a: Pelipper\n|move|p2a: Ting-Lu|Stealth Rock|p1a: Pelipper\n|-sidestart|p1: Blackninjamb|move: Stealth Rock\n|\n|-weather|RainDance|[upkeep]\n|-heal|p2a: Ting-Lu|66\/100|[from] Grassy Terrain\n|-heal|p2a: Ting-Lu|72\/100|[from] item: Leftovers\n|upkeep\n|turn|2\n|\n|t:|1701184382\n|switch|p2a: Alomomola|Alomomola, F|100\/100\n|move|p1a: Pelipper|Surf|p2a: Alomomola\n|-resisted|p2a: Alomomola\n|-damage|p2a: Alomomola|81\/100\n|\n|-weather|RainDance|[upkeep]\n|-heal|p2a: Alomomola|87\/100|[from] Grassy Terrain\n|-heal|p2a: Alomomola|93\/100|[from] item: Leftovers\n|upkeep\n|turn|3\n|\n|t:|1701184388\n|move|p1a: Pelipper|U-turn|p2a: Alomomola\n|-damage|p2a: Alomomola|88\/100\n|\n|t:|1701184393\n|switch|p1a: Vaporeon|Vaporeon, F|100\/100|[from] U-turn\n|-damage|p1a: Vaporeon|88\/100|[from] Stealth Rock\n|move|p2a: Alomomola|Mirror Coat||[still]\n|-fail|p2a: Alomomola\n|\n|-weather|RainDance|[upkeep]\n|-heal|p1a: Vaporeon|94\/100|[from] Grassy Terrain\n|-heal|p2a: Alomomola|94\/100|[from] Grassy Terrain\n|-heal|p2a: Alomomola|100\/100|[from] item: Leftovers\n|upkeep\n|turn|4\n|\n|t:|1701184399\n|move|p1a: Vaporeon|Wish|p1a: Vaporeon\n|move|p2a: Alomomola|Mirror Coat||[still]\n|-fail|p2a: Alomomola\n|\n|-weather|RainDance|[upkeep]\n|-heal|p1a: Vaporeon|99\/100|[from] Grassy Terrain\n|upkeep\n|turn|5\n|\n|t:|1701184408\n|move|p1a: Vaporeon|Flip Turn|p2a: Alomomola\n|-resisted|p2a: Alomomola\n|-crit|p2a: Alomomola\n|-damage|p2a: Alomomola|91\/100\n|\n|t:|1701184411\n|switch|p1a: Overqwil|Overqwil, M, shiny|100\/100|[from] Flip Turn\n|-damage|p1a: Overqwil|88\/100|[from] Stealth Rock\n|move|p2a: Alomomola|Wish|p2a: Alomomola\n|\n|-weather|RainDance|[upkeep]\n|-heal|p1a: Overqwil|100\/100|[from] move: Wish|[wisher] Vaporeon\n|-heal|p2a: Alomomola|97\/100|[from] Grassy Terrain\n|-heal|p2a: Alomomola|100\/100|[from] item: Leftovers\n|-fieldend|move: Grassy Terrain\n|upkeep\n|turn|6\n|\n|t:|1701184417\n|move|p1a: Overqwil|Gunk Shot|p2a: Alomomola\n|-damage|p2a: Alomomola|58\/100\n|-status|p2a: Alomomola|psn\n|-damage|p1a: Overqwil|91\/100|[from] item: Life Orb\n|move|p2a: Alomomola|Flip Turn|p1a: Overqwil\n|-damage|p1a: Overqwil|62\/100\n|\n|t:|1701184434\n|switch|p2a: Corviknight|Corviknight, M|100\/100|[from] Flip Turn\n|-ability|p2a: Corviknight|Pressure\n|\n|-weather|RainDance|[upkeep]\n|upkeep\n|turn|7\n|\n|t:|1701184439\n|switch|p1a: Ting-Lu|Ting-Lu|100\/100\n|-damage|p1a: Ting-Lu|94\/100|[from] Stealth Rock\n|-ability|p1a: Ting-Lu|Vessel of Ruin\n|move|p2a: Corviknight|Body Press|p1a: Ting-Lu\n|-supereffective|p1a: Ting-Lu\n|-crit|p1a: Ting-Lu\n|-damage|p1a: Ting-Lu|45\/100\n|\n|-weather|RainDance|[upkeep]\n|-heal|p1a: Ting-Lu|51\/100|[from] item: Leftovers\n|upkeep\n|turn|8\n|\n|t:|1701184450\n|move|p2a: Corviknight|Body Press|p1a: Ting-Lu\n|-supereffective|p1a: Ting-Lu\n|-damage|p1a: Ting-Lu|18\/100\n|move|p1a: Ting-Lu|Stealth Rock|p2a: Corviknight\n|-sidestart|p2: Trickiest|move: Stealth Rock\n|\n|-weather|none\n|-heal|p1a: Ting-Lu|24\/100|[from] item: Leftovers\n|upkeep\n|turn|9\n|\n|t:|1701184455\n|move|p2a: Corviknight|Body Press|p1a: Ting-Lu\n|-supereffective|p1a: Ting-Lu\n|-damage|p1a: Ting-Lu|0 fnt\n|faint|p1a: Ting-Lu\n|\n|upkeep\n|\n|t:|1701184467\n|switch|p1a: Thundurus|Thundurus-Therian, M|100\/100\n|turn|10\n|\n|t:|1701184472\n|switch|p2a: Ting-Lu|Ting-Lu|72\/100\n|-damage|p2a: Ting-Lu|66\/100|[from] Stealth Rock\n|-ability|p2a: Ting-Lu|Vessel of Ruin\n|move|p1a: Thundurus|Focus Blast|p2a: Ting-Lu\n|-supereffective|p2a: Ting-Lu\n|-damage|p2a: Ting-Lu|28\/100\n|\n|-heal|p2a: Ting-Lu|34\/100|[from] item: Leftovers\n|upkeep\n|turn|11\n|\n|t:|1701184483\n|move|p1a: Thundurus|Focus Blast|p2a: Ting-Lu\n|-supereffective|p2a: Ting-Lu\n|-damage|p2a: Ting-Lu|0 fnt\n|faint|p2a: Ting-Lu\n|\n|upkeep\n|\n|t:|1701184513\n|switch|p2a: Weezing|Weezing-Galar, M|100\/100\n|-ability|p2a: Weezing|Neutralizing Gas\n|turn|12\n|\n|t:|1701184517\n|switch|p1a: Pelipper|Pelipper, F|100\/100\n|-damage|p1a: Pelipper|76\/100|[from] Stealth Rock\n|move|p2a: Weezing|Sludge Bomb|p1a: Pelipper\n|-damage|p1a: Pelipper|37\/100\n|-status|p1a: Pelipper|psn\n|\n|-damage|p1a: Pelipper|25\/100 psn|[from] psn\n|upkeep\n|turn|13\n|\n|t:|1701184527\n|-end|p2a: Weezing|ability: Neutralizing Gas\n|-weather|RainDance|[from] ability: Drizzle|[of] p1a: Pelipper\n|switch|p2a: Dondozo|Dondozo, M|100\/100\n|-damage|p2a: Dondozo|88\/100|[from] Stealth Rock\n|move|p1a: Pelipper|Roost|p1a: Pelipper\n|-heal|p1a: Pelipper|75\/100 psn\n|-singleturn|p1a: Pelipper|move: Roost\n|\n|-weather|RainDance|[upkeep]\n|-damage|p1a: Pelipper|63\/100 psn|[from] psn\n|upkeep\n|turn|14\n|\n|t:|1701184537\n|move|p1a: Pelipper|U-turn|p2a: Dondozo\n|-damage|p2a: Dondozo|83\/100\n|\n|t:|1701184539\n|switch|p1a: Vaporeon|Vaporeon, F|99\/100|[from] U-turn\n|-damage|p1a: Vaporeon|88\/100|[from] Stealth Rock\n|move|p2a: Dondozo|Avalanche|p1a: Vaporeon\n|-resisted|p1a: Vaporeon\n|-damage|p1a: Vaporeon|81\/100\n|\n|-weather|RainDance|[upkeep]\n|upkeep\n|turn|15\n|\n|t:|1701184558\n|switch|p2a: Weezing|Weezing-Galar, M|100\/100\n|-ability|p2a: Weezing|Neutralizing Gas\n|move|p1a: Vaporeon|Wish|p1a: Vaporeon\n|\n|-weather|RainDance|[upkeep]\n|upkeep\n|turn|16\n|\n|t:|1701184564\n|move|p1a: Vaporeon|Flip Turn|p2a: Weezing\n|-damage|p2a: Weezing|87\/100\n|\n|t:|1701184567\n|switch|p1a: Overqwil|Overqwil, M, shiny|62\/100|[from] Flip Turn\n|-damage|p1a: Overqwil|50\/100|[from] Stealth Rock\n|move|p2a: Weezing|Sludge Bomb|p1a: Overqwil\n|-resisted|p1a: Overqwil\n|-damage|p1a: Overqwil|30\/100\n|\n|-weather|RainDance|[upkeep]\n|-heal|p1a: Overqwil|100\/100|[from] move: Wish|[wisher] Vaporeon\n|upkeep\n|turn|17\n|\n|t:|1701184586\n|-end|p2a: Weezing|ability: Neutralizing Gas\n|switch|p2a: Corviknight|Corviknight, M|100\/100\n|-damage|p2a: Corviknight|88\/100|[from] Stealth Rock\n|-ability|p2a: Corviknight|Pressure\n|move|p1a: Overqwil|Crunch|p2a: Corviknight\n|-damage|p2a: Corviknight|54\/100\n|-damage|p1a: Overqwil|84\/100|[from] item: Rocky Helmet|[of] p2a: Corviknight\n|-damage|p1a: Overqwil|74\/100|[from] item: Life Orb\n|\n|-weather|RainDance|[upkeep]\n|upkeep\n|turn|18\n|\n|t:|1701184602\n|move|p1a: Overqwil|Crunch|p2a: Corviknight\n|-damage|p2a: Corviknight|23\/100\n|-unboost|p2a: Corviknight|def|1\n|-damage|p1a: Overqwil|58\/100|[from] item: Rocky Helmet|[of] p2a: Corviknight\n|-damage|p1a: Overqwil|48\/100|[from] item: Life Orb\n|move|p2a: Corviknight|Body Press|p1a: Overqwil\n|-damage|p1a: Overqwil|27\/100\n|\n|-weather|RainDance|[upkeep]\n|upkeep\n|turn|19\n|\n|t:|1701184612\n|switch|p2a: Alomomola|Alomomola, F|92\/100 psn\n|-damage|p2a: Alomomola|79\/100 psn|[from] Stealth Rock\n|move|p1a: Overqwil|Crunch|p2a: Alomomola\n|-damage|p2a: Alomomola|49\/100 psn\n|-damage|p1a: Overqwil|17\/100|[from] item: Life Orb\n|\n|-weather|RainDance|[upkeep]\n|-heal|p2a: Alomomola|55\/100 psn|[from] item: Leftovers\n|-damage|p2a: Alomomola|43\/100 psn|[from] psn\n|upkeep\n|turn|20\n|\n|t:|1701184624\n|move|p1a: Overqwil|Gunk Shot|p2a: Alomomola\n|-damage|p2a: Alomomola|0 fnt\n|faint|p2a: Alomomola\n|-damage|p1a: Overqwil|7\/100|[from] item: Life Orb\n|\n|-weather|none\n|upkeep\n|\n|t:|1701184633\n|switch|p2a: Weavile|Weavile, M|100\/100\n|-damage|p2a: Weavile|76\/100|[from] Stealth Rock\n|-ability|p2a: Weavile|Pressure\n|turn|21\n|\n|t:|1701184639\n|move|p2a: Weavile|Knock Off|p1a: Overqwil\n|-resisted|p1a: Overqwil\n|-damage|p1a: Overqwil|0 fnt\n|-enditem|p1a: Overqwil|Life Orb|[from] move: Knock Off|[of] p2a: Weavile\n|faint|p1a: Overqwil\n|\n|-heal|p2a: Weavile|82\/100|[from] item: Leftovers\n|upkeep\n|\n|t:|1701184646\n|switch|p1a: Pelipper|Pelipper, F|63\/100 psn\n|-damage|p1a: Pelipper|38\/100 psn|[from] Stealth Rock\n|-weather|RainDance|[from] ability: Drizzle|[of] p1a: Pelipper\n|turn|22\n|\n|t:|1701184650\n|move|p2a: Weavile|Knock Off|p1a: Pelipper\n|-damage|p1a: Pelipper|8\/100 psn\n|-enditem|p1a: Pelipper|Damp Rock|[from] move: Knock Off|[of] p2a: Weavile\n|move|p1a: Pelipper|Hurricane|p2a: Weavile\n|-damage|p2a: Weavile|41\/100\n|\n|-weather|RainDance|[upkeep]\n|-heal|p2a: Weavile|47\/100|[from] item: Leftovers\n|-damage|p1a: Pelipper|0 fnt|[from] psn\n|faint|p1a: Pelipper\n|upkeep\n|\n|t:|1701184656\n|switch|p1a: Rillaboom|Rillaboom, M, shiny|100\/100\n|-damage|p1a: Rillaboom|88\/100|[from] Stealth Rock\n|-fieldstart|move: Grassy Terrain|[from] ability: Grassy Surge|[of] p1a: Rillaboom\n|turn|23\n|\n|t:|1701184661\n|-terastallize|p1a: Rillaboom|Grass\n|move|p2a: Weavile|Protect|p2a: Weavile\n|-singleturn|p2a: Weavile|Protect\n|move|p1a: Rillaboom|Grassy Glide|p2a: Weavile\n|-activate|p2a: Weavile|move: Protect\n|\n|-weather|RainDance|[upkeep]\n|-heal|p2a: Weavile|54\/100|[from] Grassy Terrain\n|-heal|p2a: Weavile|60\/100|[from] item: Leftovers\n|-heal|p1a: Rillaboom|94\/100|[from] Grassy Terrain\n|upkeep\n|turn|24\n|\n|t:|1701184670\n|move|p1a: Rillaboom|Grassy Glide|p2a: Weavile\n|-crit|p2a: Weavile\n|-damage|p2a: Weavile|0 fnt\n|faint|p2a: Weavile\n|\n|-weather|RainDance|[upkeep]\n|-heal|p1a: Rillaboom|100\/100|[from] Grassy Terrain\n|upkeep\n|\n|t:|1701184676\n|switch|p2a: Weezing|Weezing-Galar, M|87\/100\n|-ability|p2a: Weezing|Neutralizing Gas\n|turn|25\n|\n|t:|1701184685\n|switch|p1a: Vaporeon|Vaporeon, F|81\/100\n|-damage|p1a: Vaporeon|69\/100|[from] Stealth Rock\n|move|p2a: Weezing|Sludge Bomb|p1a: Vaporeon\n|-damage|p1a: Vaporeon|53\/100\n|-status|p1a: Vaporeon|psn\n|\n|-weather|RainDance|[upkeep]\n|-heal|p1a: Vaporeon|59\/100 psn|[from] Grassy Terrain\n|-heal|p2a: Weezing|93\/100|[from] Grassy Terrain\n|-damage|p1a: Vaporeon|47\/100 psn|[from] psn\n|upkeep\n|turn|26\n|\n|t:|1701184693\n|move|p1a: Vaporeon|Wish|p1a: Vaporeon\n|move|p2a: Weezing|Sludge Bomb|p1a: Vaporeon\n|-damage|p1a: Vaporeon|33\/100 psn\n|\n|-weather|RainDance|[upkeep]\n|-heal|p1a: Vaporeon|39\/100 psn|[from] Grassy Terrain\n|-heal|p2a: Weezing|99\/100|[from] Grassy Terrain\n|-damage|p1a: Vaporeon|26\/100 psn|[from] psn\n|upkeep\n|turn|27\n|\n|t:|1701184708\n|move|p1a: Vaporeon|Weather Ball|p2a: Weezing\n|-damage|p2a: Weezing|15\/100\n|move|p2a: Weezing|Sludge Bomb|p1a: Vaporeon\n|-damage|p1a: Vaporeon|11\/100 psn\n|\n|-weather|RainDance|[upkeep]\n|-heal|p1a: Vaporeon|61\/100 psn|[from] move: Wish|[wisher] Vaporeon\n|-heal|p1a: Vaporeon|67\/100 psn|[from] Grassy Terrain\n|-heal|p2a: Weezing|21\/100|[from] Grassy Terrain\n|-damage|p1a: Vaporeon|55\/100 psn|[from] psn\n|-fieldend|move: Grassy Terrain\n|upkeep\n|turn|28\n|\n|t:|1701184718\n|-end|p2a: Weezing|ability: Neutralizing Gas\n|switch|p2a: Dondozo|Dondozo, M|83\/100\n|-damage|p2a: Dondozo|71\/100|[from] Stealth Rock\n|move|p1a: Vaporeon|Wish|p1a: Vaporeon\n|\n|-weather|RainDance|[upkeep]\n|-damage|p1a: Vaporeon|43\/100 psn|[from] psn\n|upkeep\n|turn|29\n|\n|t:|1701184724\n|switch|p1a: Rillaboom|Rillaboom, M, shiny, tera:Grass|100\/100\n|-damage|p1a: Rillaboom|88\/100|[from] Stealth Rock\n|-fieldstart|move: Grassy Terrain|[from] ability: Grassy Surge|[of] p1a: Rillaboom\n|move|p2a: Dondozo|Earthquake|p1a: Rillaboom\n|-resisted|p1a: Rillaboom\n|-damage|p1a: Rillaboom|83\/100\n|\n|-weather|none\n|-heal|p1a: Rillaboom|100\/100|[from] move: Wish|[wisher] Vaporeon\n|-heal|p2a: Dondozo|77\/100|[from] Grassy Terrain\n|upkeep\n|turn|30\n|inactive|Blackninjamb has 120 seconds left.\n|inactive|Trickiest has 120 seconds left.\n|\n|t:|1701184758\n|move|p1a: Rillaboom|Knock Off|p2a: Dondozo\n|-damage|p2a: Dondozo|47\/100\n|-enditem|p2a: Dondozo|Covert Cloak|[from] move: Knock Off|[of] p1a: Rillaboom\n|move|p2a: Dondozo|Curse|p2a: Dondozo\n|-unboost|p2a: Dondozo|spe|1\n|-boost|p2a: Dondozo|atk|1\n|-boost|p2a: Dondozo|def|1\n|\n|-heal|p2a: Dondozo|53\/100|[from] Grassy Terrain\n|upkeep\n|turn|31\n|\n|t:|1701184767\n|switch|p1a: Thundurus|Thundurus-Therian, M|100\/100\n|move|p2a: Dondozo|Rest|p2a: Dondozo\n|-status|p2a: Dondozo|slp|[from] move: Rest\n|-heal|p2a: Dondozo|100\/100 slp|[silent]\n|\n|upkeep\n|turn|32\n|\n|t:|1701184775\n|switch|p1a: Vaporeon|Vaporeon, F|43\/100 psn\n|-damage|p1a: Vaporeon|30\/100 psn|[from] Stealth Rock\n|cant|p2a: Dondozo|slp\n|\n|-heal|p1a: Vaporeon|36\/100 psn|[from] Grassy Terrain\n|-damage|p1a: Vaporeon|24\/100 psn|[from] psn\n|upkeep\n|turn|33\n|\n|t:|1701184779\n|move|p1a: Vaporeon|Rain Dance|p1a: Vaporeon\n|-weather|RainDance\n|cant|p2a: Dondozo|slp\n|\n|-weather|RainDance|[upkeep]\n|-heal|p1a: Vaporeon|30\/100 psn|[from] Grassy Terrain\n|-damage|p1a: Vaporeon|18\/100 psn|[from] psn\n|-fieldend|move: Grassy Terrain\n|upkeep\n|turn|34\n|\n|t:|1701184783\n|move|p1a: Vaporeon|Weather Ball|p2a: Dondozo\n|-resisted|p2a: Dondozo\n|-damage|p2a: Dondozo|81\/100 slp\n|-curestatus|p2a: Dondozo|slp|[msg]\n|move|p2a: Dondozo|Earthquake|p1a: Vaporeon\n|-damage|p1a: Vaporeon|0 fnt\n|faint|p1a: Vaporeon\n|\n|-weather|RainDance|[upkeep]\n|upkeep\n|\n|t:|1701184786\n|switch|p1a: Thundurus|Thundurus-Therian, M|100\/100\n|turn|35\n|\n|t:|1701184789\n|move|p1a: Thundurus|Thunder|p2a: Dondozo\n|-supereffective|p2a: Dondozo\n|-damage|p2a: Dondozo|0 fnt\n|faint|p2a: Dondozo\n|\n|-weather|RainDance|[upkeep]\n|upkeep\n|\n|t:|1701184795\n|switch|p2a: Corviknight|Corviknight, M|23\/100\n|-damage|p2a: Corviknight|10\/100|[from] Stealth Rock\n|-ability|p2a: Corviknight|Pressure\n|turn|36\n|\n|t:|1701184798\n|move|p1a: Thundurus|Thunder|p2a: Corviknight\n|-supereffective|p2a: Corviknight\n|-damage|p2a: Corviknight|0 fnt\n|faint|p2a: Corviknight\n|\n|-weather|RainDance|[upkeep]\n|upkeep\n|\n|t:|1701184801\n|switch|p2a: Weezing|Weezing-Galar, M|21\/100\n|-ability|p2a: Weezing|Neutralizing Gas\n|turn|37\n|\n|t:|1701184803\n|move|p1a: Thundurus|Thunder|p2a: Weezing\n|-damage|p2a: Weezing|0 fnt\n|faint|p2a: Weezing\n|-end|p2a: Weezing|ability: Neutralizing Gas\n|\n|win|Blackninjamb\n|raw|Blackninjamb's rating: 1240 &rarr; <strong>1260<\/strong><br \/>(+20 for winning)\n|raw|Trickiest's rating: 1172 &rarr; <strong>1152<\/strong><br \/>(-20 for losing)\n|l|\u2606Trickiest\n|c|\u2606Blackninjamb|Gg\n|l|\u2606Blackninjamb\n|j|\u2606Blackninjamb\n|player|p1|Blackninjamb|dancer\n","uploadtime":1701184866,"views":2,"p1id":"blackninjamb","p2id":"trickiest","formatid":"gen9ou","rating":1152,"private":0,"password":""}