{"id":"gen9ou-2000574282","p1":"Alolans Creed","p2":"Strike Mv","format":"[Gen 9] OU","log":"|j|\u2606Alolans Creed\n|j|\u2606Strike Mv\n|t:|1701206690\n|gametype|singles\n|player|p1|Alolans Creed|kukui-stand|1493\n|player|p2|Strike Mv|2|1578\n|teamsize|p1|6\n|teamsize|p2|6\n|gen|9\n|tier|[Gen 9] OU\n|rated|\n|rule|Sleep Clause Mod: Limit one foe put to sleep\n|rule|Species Clause: Limit one of each Pok\u00e9mon\n|rule|OHKO Clause: OHKO moves are banned\n|rule|Evasion Items Clause: Evasion items are banned\n|rule|Evasion Moves Clause: Evasion moves are banned\n|rule|Endless Battle Clause: Forcing endless battles is banned\n|rule|HP Percentage Mod: HP is shown in percentages\n|clearpoke\n|poke|p1|Fezandipiti, M|\n|poke|p1|Great Tusk|\n|poke|p1|Kingambit, F|\n|poke|p1|Dragapult, F|\n|poke|p1|Moltres|\n|poke|p1|Ogerpon-Wellspring, F|\n|poke|p2|Thundurus-Therian, M|\n|poke|p2|Goodra-Hisui, F|\n|poke|p2|Cinderace, F|\n|poke|p2|Landorus-Therian, M|\n|poke|p2|Iron Valiant|\n|poke|p2|Enamorus, F|\n|teampreview\n|inactive|Battle timer is ON: inactive players will automatically lose when time's up. (requested by Strike Mv)\n|\n|t:|1701206732\n|start\n|switch|p1a: 1942|Dragapult, F|100\/100\n|switch|p2a: Cinderace|Cinderace, F|100\/100\n|turn|1\n|\n|t:|1701206740\n|move|p2a: Cinderace|Sucker Punch|p1a: 1942\n|-start|p2a: Cinderace|typechange|Dark|[from] ability: Libero\n|-supereffective|p1a: 1942\n|-damage|p1a: 1942|17\/100\n|move|p1a: 1942|Draco Meteor|p2a: Cinderace\n|-damage|p2a: Cinderace|0 fnt\n|-unboost|p1a: 1942|spa|2\n|faint|p2a: Cinderace\n|\n|upkeep\n|\n|t:|1701206746\n|switch|p2a: Enamorus|Enamorus, F|100\/100\n|turn|2\n|\n|t:|1701206752\n|switch|p1a: V8|Moltres|100\/100\n|move|p2a: Enamorus|Substitute|p2a: Enamorus\n|-start|p2a: Enamorus|Substitute\n|-damage|p2a: Enamorus|76\/100\n|\n|-heal|p2a: Enamorus|82\/100|[from] item: Leftovers\n|upkeep\n|turn|3\n|\n|t:|1701206761\n|switch|p1a: Aquamarine|Ogerpon-Wellspring, F|100\/100\n|move|p2a: Enamorus|Calm Mind|p2a: Enamorus\n|-boost|p2a: Enamorus|spa|1\n|-boost|p2a: Enamorus|spd|1\n|\n|-heal|p2a: Enamorus|88\/100|[from] item: Leftovers\n|upkeep\n|turn|4\n|\n|t:|1701206764\n|move|p1a: Aquamarine|Encore|p2a: Enamorus\n|-start|p2a: Enamorus|Encore\n|move|p2a: Enamorus|Calm Mind|p2a: Enamorus\n|-boost|p2a: Enamorus|spa|1\n|-boost|p2a: Enamorus|spd|1\n|\n|-heal|p2a: Enamorus|94\/100|[from] item: Leftovers\n|upkeep\n|turn|5\n|inactive|Alolans Creed has 120 seconds left.\n|\n|t:|1701206812\n|move|p1a: Aquamarine|Ivy Cudgel|p2a: Enamorus|[anim] Ivy Cudgel Water\n|-crit|p2a: Enamorus\n|-end|p2a: Enamorus|Substitute\n|move|p2a: Enamorus|Calm Mind|p2a: Enamorus\n|-boost|p2a: Enamorus|spa|1\n|-boost|p2a: Enamorus|spd|1\n|\n|-heal|p2a: Enamorus|100\/100|[from] item: Leftovers\n|upkeep\n|turn|6\n|\n|t:|1701206819\n|switch|p2a: Goodra|Goodra-Hisui, F|100\/100\n|move|p1a: Aquamarine|Ivy Cudgel|p2a: Goodra|[anim] Ivy Cudgel Water\n|-resisted|p2a: Goodra\n|-damage|p2a: Goodra|73\/100\n|\n|upkeep\n|turn|7\n|\n|t:|1701206833\n|switch|p1a: V8|Moltres|100\/100\n|move|p2a: Goodra|Draco Meteor|p1a: V8\n|-damage|p1a: V8|50\/100\n|-unboost|p2a: Goodra|spa|2\n|\n|upkeep\n|turn|8\n|\n|t:|1701206838\n|switch|p2a: Thundurus|Thundurus-Therian, M|100\/100\n|move|p1a: V8|Roost|p1a: V8\n|-heal|p1a: V8|99\/100\n|-singleturn|p1a: V8|move: Roost\n|\n|upkeep\n|turn|9\n|inactive|Alolans Creed has 120 seconds left.\n|inactive|Alolans Creed has 90 seconds left.\n|inactive|Alolans Creed has 60 seconds left.\n|\n|t:|1701206909\n|switch|p1a: Boujee|Fezandipiti, M|100\/100\n|move|p2a: Thundurus|Grass Knot|p1a: Boujee\n|-resisted|p1a: Boujee\n|-damage|p1a: Boujee|88\/100\n|\n|-heal|p1a: Boujee|94\/100|[from] item: Leftovers\n|upkeep\n|turn|10\n|\n|t:|1701206918\n|switch|p2a: Goodra|Goodra-Hisui, F|73\/100\n|move|p1a: Boujee|Moonblast|p2a: Goodra\n|-damage|p2a: Goodra|57\/100\n|-unboost|p2a: Goodra|spa|1\n|\n|-heal|p1a: Boujee|99\/100|[from] item: Leftovers\n|upkeep\n|turn|11\n|\n|t:|1701206923\n|switch|p1a: V8|Moltres|99\/100\n|move|p2a: Goodra|Flash Cannon|p1a: V8\n|-resisted|p1a: V8\n|-damage|p1a: V8|90\/100\n|\n|upkeep\n|turn|12\n|\n|t:|1701206931\n|move|p1a: V8|Flamethrower|p2a: Goodra\n|-damage|p2a: Goodra|41\/100\n|move|p2a: Goodra|Draco Meteor|p1a: V8\n|-damage|p1a: V8|58\/100\n|-unboost|p2a: Goodra|spa|2\n|\n|upkeep\n|turn|13\n|\n|t:|1701206937\n|switch|p2a: Thundurus|Thundurus-Therian, M|100\/100\n|move|p1a: V8|Roost|p1a: V8\n|-heal|p1a: V8|100\/100\n|-singleturn|p1a: V8|move: Roost\n|\n|upkeep\n|turn|14\n|\n|t:|1701206949\n|switch|p1a: Boujee|Fezandipiti, M|99\/100\n|-terastallize|p2a: Thundurus|Flying\n|move|p2a: Thundurus|Tera Blast|p1a: Boujee|[anim] Tera Blast Flying\n|-crit|p1a: Boujee\n|-damage|p1a: Boujee|0 fnt\n|faint|p1a: Boujee\n|\n|upkeep\n|inactive|Alolans Creed has 90 seconds left.\n|\n|t:|1701206962\n|switch|p1a: Aquamarine|Ogerpon-Wellspring, F|100\/100\n|turn|15\n|\n|t:|1701206970\n|switch|p2a: Goodra|Goodra-Hisui, F|41\/100\n|-terastallize|p1a: Aquamarine|Water\n|detailschange|p1a: Aquamarine|Ogerpon-Wellspring-Tera, F, tera:Water\n|-ability|p1a: Aquamarine|Embody Aspect (Wellspring)|boost\n|-boost|p1a: Aquamarine|spd|1\n|move|p1a: Aquamarine|Ivy Cudgel|p2a: Goodra|[anim] Ivy Cudgel Water\n|-resisted|p2a: Goodra\n|-damage|p2a: Goodra|1\/100\n|\n|upkeep\n|turn|16\n|\n|t:|1701206978\n|move|p1a: Aquamarine|Ivy Cudgel|p2a: Goodra|[anim] Ivy Cudgel Water\n|-resisted|p2a: Goodra\n|-damage|p2a: Goodra|0 fnt\n|faint|p2a: Goodra\n|\n|upkeep\n|\n|t:|1701206986\n|switch|p2a: Iron Valiant|Iron Valiant|100\/100\n|-enditem|p2a: Iron Valiant|Booster Energy\n|-activate|p2a: Iron Valiant|ability: Quark Drive|[fromitem]\n|-start|p2a: Iron Valiant|quarkdrivespe\n|turn|17\n|\n|t:|1701206994\n|move|p2a: Iron Valiant|Close Combat|p1a: Aquamarine\n|-damage|p1a: Aquamarine|20\/100\n|-unboost|p2a: Iron Valiant|def|1\n|-unboost|p2a: Iron Valiant|spd|1\n|move|p1a: Aquamarine|Ivy Cudgel|p2a: Iron Valiant|[anim] Ivy Cudgel Water\n|-damage|p2a: Iron Valiant|0 fnt\n|faint|p2a: Iron Valiant\n|-end|p2a: Iron Valiant|Quark Drive|[silent]\n|\n|upkeep\n|\n|t:|1701207001\n|switch|p2a: Enamorus|Enamorus, F|100\/100\n|turn|18\n|inactive|Alolans Creed has 120 seconds left.\n|inactive|Alolans Creed has 90 seconds left.\n|\n|t:|1701207039\n|move|p1a: Aquamarine|Ivy Cudgel|p2a: Enamorus|[anim] Ivy Cudgel Water\n|-damage|p2a: Enamorus|0 fnt\n|faint|p2a: Enamorus\n|\n|upkeep\n|\n|t:|1701207044\n|switch|p2a: Landorus|Landorus-Therian, M|100\/100\n|-ability|p2a: Landorus|Intimidate|boost\n|-unboost|p1a: Aquamarine|atk|1\n|turn|19\n|inactive|Alolans Creed has 90 seconds left.\n|\n|t:|1701207063\n|switch|p1a: 1942|Dragapult, F|17\/100\n|move|p2a: Landorus|Earthquake|p1a: 1942\n|-damage|p1a: 1942|0 fnt\n|faint|p1a: 1942\n|\n|upkeep\n|inactive|Alolans Creed has 90 seconds left.\n|\n|t:|1701207069\n|switch|p1a: V8|Moltres|100\/100\n|turn|20\n|\n|t:|1701207072\n|move|p2a: Landorus|U-turn|p1a: V8\n|-resisted|p1a: V8\n|-damage|p1a: V8|95\/100\n|-status|p2a: Landorus|brn|[from] ability: Flame Body|[of] p1a: V8\n|\n|t:|1701207073\n|switch|p2a: Thundurus|Thundurus-Therian, M, tera:Flying|100\/100|[from] U-turn\n|move|p1a: V8|U-turn|p2a: Thundurus\n|-resisted|p2a: Thundurus\n|-damage|p2a: Thundurus|90\/100\n|\n|t:|1701207077\n|switch|p1a: Aquamarine|Ogerpon-Wellspring-Tera, F, tera:Water|20\/100|[from] U-turn\n|-ability|p1a: Aquamarine|Embody Aspect (Wellspring)|boost\n|-boost|p1a: Aquamarine|spd|1\n|\n|upkeep\n|turn|21\n|\n|t:|1701207081\n|switch|p2a: Landorus|Landorus-Therian, M|100\/100 brn\n|-ability|p2a: Landorus|Intimidate|boost\n|-unboost|p1a: Aquamarine|atk|1\n|move|p1a: Aquamarine|Ivy Cudgel|p2a: Landorus|[anim] Ivy Cudgel Water\n|-supereffective|p2a: Landorus\n|-damage|p2a: Landorus|27\/100 brn\n|\n|-damage|p2a: Landorus|21\/100 brn|[from] brn\n|upkeep\n|turn|22\n|\n|t:|1701207083\n|move|p1a: Aquamarine|Ivy Cudgel|p2a: Landorus|[anim] Ivy Cudgel Water\n|-supereffective|p2a: Landorus\n|-damage|p2a: Landorus|0 fnt\n|faint|p2a: Landorus\n|\n|upkeep\n|\n|t:|1701207084\n|switch|p2a: Thundurus|Thundurus-Therian, M, tera:Flying|90\/100\n|turn|23\n|\n|t:|1701207088\n|switch|p1a: Ben Grimm|Great Tusk|100\/100\n|move|p2a: Thundurus|Thunderbolt|p1a: Ben Grimm\n|-immune|p1a: Ben Grimm\n|\n|upkeep\n|turn|24\n|-message|Strike Mv forfeited.\n|\n|win|Alolans Creed\n|raw|Alolans Creed's rating: 1493 &rarr; <strong>1518<\/strong><br \/>(+25 for winning)\n|raw|Strike Mv's rating: 1578 &rarr; <strong>1553<\/strong><br \/>(-25 for losing)\n|l|\u2606Strike Mv\n|l|\u2606Alolans Creed\n|j|\u2606Alolans Creed\n|player|p1|Alolans Creed|kukui-stand\n","uploadtime":1701207124,"views":1,"p1id":"alolanscreed","p2id":"strikemv","formatid":"gen9ou","rating":1518,"private":0,"password":""}