{"id":"gen9ou-1997966281","p1":"A KlNG\u265b\u2654\u2655","p2":"Pow Caeli","format":"[Gen 9] OU","log":"|j|\u2606A KlNG\u265b\u2654\u2655\n|j|\u2606Pow Caeli\n|t:|1700873137\n|gametype|singles\n|player|p1|A KlNG\u265b\u2654\u2655|xerosic|1459\n|player|p2|Pow Caeli|backersf|1554\n|teamsize|p1|6\n|teamsize|p2|6\n|gen|9\n|tier|[Gen 9] OU\n|rated|\n|rule|Sleep Clause Mod: Limit one foe put to sleep\n|rule|Species Clause: Limit one of each Pok\u00e9mon\n|rule|OHKO Clause: OHKO moves are banned\n|rule|Evasion Items Clause: Evasion items are banned\n|rule|Evasion Moves Clause: Evasion moves are banned\n|rule|Endless Battle Clause: Forcing endless battles is banned\n|rule|HP Percentage Mod: HP is shown in percentages\n|clearpoke\n|poke|p1|Ninetales-Alola, F|\n|poke|p1|Kommo-o, M|\n|poke|p1|Cinderace, M|\n|poke|p1|Enamorus, F|\n|poke|p1|Greninja-*, M|\n|poke|p1|Great Tusk|\n|poke|p2|Goodra-Hisui, F|\n|poke|p2|Blissey, F|\n|poke|p2|Dondozo, F|\n|poke|p2|Moltres|\n|poke|p2|Mamoswine, M|\n|poke|p2|Iron Valiant|\n|teampreview\n|\n|t:|1700873141\n|start\n|switch|p1a: Great Tusk|Great Tusk|100\/100\n|switch|p2a: Goodra|Goodra-Hisui, F|100\/100\n|-enditem|p1a: Great Tusk|Booster Energy\n|-activate|p1a: Great Tusk|ability: Protosynthesis|[fromitem]\n|-start|p1a: Great Tusk|protosynthesisspe\n|turn|1\n|\n|t:|1700873146\n|switch|p2a: KFC le GOAT|Moltres, shiny|100\/100\n|move|p1a: Great Tusk|Taunt|p2a: KFC le GOAT\n|-start|p2a: KFC le GOAT|move: Taunt\n|\n|upkeep\n|turn|2\n|\n|t:|1700873149\n|move|p1a: Great Tusk|Rock Slide|p2a: KFC le GOAT\n|-supereffective|p2a: KFC le GOAT\n|-damage|p2a: KFC le GOAT|49\/100\n|move|p2a: KFC le GOAT|U-turn|p1a: Great Tusk\n|-resisted|p1a: Great Tusk\n|-damage|p1a: Great Tusk|95\/100\n|\n|t:|1700873152\n|switch|p2a: Dondozo|Dondozo, F|100\/100|[from] U-turn\n|\n|upkeep\n|turn|3\n|\n|t:|1700873155\n|move|p1a: Great Tusk|Taunt|p2a: Dondozo\n|-start|p2a: Dondozo|move: Taunt\n|move|p2a: Dondozo|Liquidation|p1a: Great Tusk\n|-supereffective|p1a: Great Tusk\n|-damage|p1a: Great Tusk|49\/100\n|\n|upkeep\n|turn|4\n|\n|t:|1700873162\n|move|p1a: Great Tusk|Endeavor|p2a: Dondozo\n|-damage|p2a: Dondozo|36\/100\n|move|p2a: Dondozo|Liquidation|p1a: Great Tusk\n|-supereffective|p1a: Great Tusk\n|-damage|p1a: Great Tusk|0 fnt\n|faint|p1a: Great Tusk\n|-end|p1a: Great Tusk|Protosynthesis|[silent]\n|\n|upkeep\n|\n|t:|1700873168\n|switch|p1a: Greninja|Greninja, M|100\/100\n|turn|5\n|\n|t:|1700873176\n|switch|p2a: Blissey|Blissey, F|100\/100\n|move|p1a: Greninja|Dark Pulse|p2a: Blissey\n|-damage|p2a: Blissey|87\/100\n|-damage|p1a: Greninja|91\/100|[from] item: Life Orb\n|\n|upkeep\n|turn|6\n|\n|t:|1700873181\n|move|p1a: Greninja|Brick Break|p2a: Blissey\n|-supereffective|p2a: Blissey\n|-damage|p2a: Blissey|39\/100\n|-damage|p1a: Greninja|81\/100|[from] item: Life Orb\n|move|p2a: Blissey|Stealth Rock|p1a: Greninja\n|-sidestart|p1: A KlNG\u265b\u2654\u2655|move: Stealth Rock\n|\n|upkeep\n|turn|7\n|\n|t:|1700873191\n|switch|p2a: Iron Valiant|Iron Valiant, shiny|100\/100\n|move|p1a: Greninja|Gunk Shot|p2a: Iron Valiant\n|-supereffective|p2a: Iron Valiant\n|-damage|p2a: Iron Valiant|13\/100\n|-status|p2a: Iron Valiant|psn\n|-damage|p1a: Greninja|71\/100|[from] item: Life Orb\n|\n|-damage|p2a: Iron Valiant|1\/100 psn|[from] psn\n|upkeep\n|turn|8\n|c|\u2606A KlNG\u265b\u2654\u2655|gg\n|\n|t:|1700873200\n|-terastallize|p1a: Greninja|Steel\n|move|p2a: Iron Valiant|Moonblast|p1a: Greninja\n|-resisted|p1a: Greninja\n|-damage|p1a: Greninja|28\/100\n|move|p1a: Greninja|Surf|p2a: Iron Valiant\n|-damage|p2a: Iron Valiant|0 fnt\n|faint|p2a: Iron Valiant\n|-end|p2a: Iron Valiant|Quark Drive|[silent]\n|-ability|p1a: Greninja|Battle Bond|boost\n|-boost|p1a: Greninja|atk|1\n|-boost|p1a: Greninja|spa|1\n|-boost|p1a: Greninja|spe|1\n|-activate|p1a: Greninja|ability: Battle Bond\n|-damage|p1a: Greninja|18\/100|[from] item: Life Orb\n|\n|upkeep\n|inactive|Battle timer is ON: inactive players will automatically lose when time's up. (requested by A KlNG\u265b\u2654\u2655)\n|\n|t:|1700873215\n|switch|p2a: Goodra|Goodra-Hisui, F|100\/100\n|turn|9\n|\n|t:|1700873219\n|-terastallize|p2a: Goodra|Flying\n|move|p1a: Greninja|Brick Break|p2a: Goodra\n|-resisted|p2a: Goodra\n|-damage|p2a: Goodra|84\/100\n|-damage|p1a: Greninja|8\/100|[from] item: Life Orb\n|move|p2a: Goodra|Earthquake|p1a: Greninja\n|-supereffective|p1a: Greninja\n|-damage|p1a: Greninja|0 fnt\n|faint|p1a: Greninja\n|\n|upkeep\n|\n|t:|1700873223\n|switch|p1a: Ninetales|Ninetales-Alola, F|100\/100\n|-damage|p1a: Ninetales|76\/100|[from] Stealth Rock\n|-weather|Snow|[from] ability: Snow Warning|[of] p1a: Ninetales\n|turn|10\n|\n|t:|1700873231\n|move|p1a: Ninetales|Aurora Veil|p1a: Ninetales\n|-sidestart|p1: A KlNG\u265b\u2654\u2655|move: Aurora Veil\n|move|p2a: Goodra|Flash Cannon|p1a: Ninetales\n|-supereffective|p1a: Ninetales\n|-damage|p1a: Ninetales|0 fnt\n|faint|p1a: Ninetales\n|\n|-weather|Snow|[upkeep]\n|upkeep\n|\n|t:|1700873247\n|switch|p1a: Enamorus|Enamorus, F|100\/100\n|-damage|p1a: Enamorus|76\/100|[from] Stealth Rock\n|turn|11\n|\n|t:|1700873251\n|move|p1a: Enamorus|Mystical Fire|p2a: Goodra\n|-damage|p2a: Goodra|71\/100\n|-unboost|p2a: Goodra|spa|1\n|move|p2a: Goodra|Flash Cannon|p1a: Enamorus\n|-supereffective|p1a: Enamorus\n|-damage|p1a: Enamorus|36\/100\n|\n|-weather|Snow|[upkeep]\n|upkeep\n|turn|12\n|\n|t:|1700873257\n|move|p1a: Enamorus|Mystical Fire|p2a: Goodra\n|-damage|p2a: Goodra|59\/100\n|-unboost|p2a: Goodra|spa|1\n|move|p2a: Goodra|Flash Cannon|p1a: Enamorus\n|-supereffective|p1a: Enamorus\n|-damage|p1a: Enamorus|8\/100\n|\n|-weather|Snow|[upkeep]\n|upkeep\n|turn|13\n|\n|t:|1700873263\n|move|p1a: Enamorus|Moonblast|p2a: Goodra\n|-damage|p2a: Goodra|34\/100\n|move|p2a: Goodra|Flash Cannon|p1a: Enamorus\n|-supereffective|p1a: Enamorus\n|-damage|p1a: Enamorus|0 fnt\n|faint|p1a: Enamorus\n|\n|-weather|Snow|[upkeep]\n|upkeep\n|\n|t:|1700873268\n|switch|p1a: Kommo-o|Kommo-o, M|100\/100\n|-damage|p1a: Kommo-o|94\/100|[from] Stealth Rock\n|turn|14\n|\n|t:|1700873277\n|move|p1a: Kommo-o|Clangorous Soul|p1a: Kommo-o\n|-boost|p1a: Kommo-o|atk|1\n|-boost|p1a: Kommo-o|def|1\n|-boost|p1a: Kommo-o|spa|1\n|-boost|p1a: Kommo-o|spd|1\n|-boost|p1a: Kommo-o|spe|1\n|-damage|p1a: Kommo-o|61\/100\n|-enditem|p1a: Kommo-o|Throat Spray\n|-boost|p1a: Kommo-o|spa|1|[from] item: Throat Spray\n|move|p2a: Goodra|Draco Meteor|p1a: Kommo-o\n|-supereffective|p1a: Kommo-o\n|-damage|p1a: Kommo-o|36\/100\n|-unboost|p2a: Goodra|spa|2\n|\n|-weather|none\n|upkeep\n|turn|15\n|\n|t:|1700873290\n|move|p1a: Kommo-o|Flash Cannon|p2a: Goodra\n|-damage|p2a: Goodra|13\/100\n|move|p2a: Goodra|Draco Meteor|p1a: Kommo-o\n|-supereffective|p1a: Kommo-o\n|-damage|p1a: Kommo-o|20\/100\n|-unboost|p2a: Goodra|spa|2\n|\n|upkeep\n|turn|16\n|\n|t:|1700873294\n|move|p1a: Kommo-o|Flash Cannon|p2a: Goodra\n|-damage|p2a: Goodra|0 fnt\n|faint|p2a: Goodra\n|\n|upkeep\n|\n|t:|1700873298\n|switch|p2a: KFC le GOAT|Moltres, shiny|49\/100\n|turn|17\n|\n|t:|1700873301\n|move|p1a: Kommo-o|Clanging Scales|p2a: KFC le GOAT\n|-damage|p2a: KFC le GOAT|0 fnt\n|faint|p2a: KFC le GOAT\n|-unboost|p1a: Kommo-o|def|1\n|\n|-sideend|p1: A KlNG\u265b\u2654\u2655|move: Aurora Veil\n|upkeep\n|\n|t:|1700873304\n|switch|p2a: Mamoswine|Mamoswine, M|100\/100\n|turn|18\n|\n|t:|1700873307\n|move|p2a: Mamoswine|Ice Shard|p1a: Kommo-o\n|-supereffective|p1a: Kommo-o\n|-damage|p1a: Kommo-o|0 fnt\n|faint|p1a: Kommo-o\n|\n|upkeep\n|\n|t:|1700873309\n|switch|p1a: Cinderace|Cinderace, M|100\/100\n|-damage|p1a: Cinderace|76\/100|[from] Stealth Rock\n|turn|19\n|\n|t:|1700873313\n|move|p1a: Cinderace|High Jump Kick|p2a: Mamoswine\n|-start|p1a: Cinderace|typechange|Fighting|[from] ability: Libero\n|-supereffective|p2a: Mamoswine\n|-damage|p2a: Mamoswine|0 fnt\n|faint|p2a: Mamoswine\n|-damage|p1a: Cinderace|66\/100|[from] item: Life Orb\n|\n|upkeep\n|\n|t:|1700873316\n|switch|p2a: Dondozo|Dondozo, F|36\/100\n|turn|20\n|\n|t:|1700873320\n|move|p1a: Cinderace|High Jump Kick|p2a: Dondozo\n|-damage|p2a: Dondozo|1\/100\n|-damage|p1a: Cinderace|56\/100|[from] item: Life Orb\n|move|p2a: Dondozo|Rest|p2a: Dondozo\n|-status|p2a: Dondozo|slp|[from] move: Rest\n|-heal|p2a: Dondozo|100\/100 slp|[silent]\n|\n|upkeep\n|turn|21\n|c|\u2606A KlNG\u265b\u2654\u2655|FKN\n|c|\u2606A KlNG\u265b\u2654\u2655|1 OERCENT\n|c|\u2606Pow Caeli|gg\n|c|\u2606A KlNG\u265b\u2654\u2655|THIS FKN GAME\n|c|\u2606A KlNG\u265b\u2654\u2655|lol\n|\n|t:|1700873337\n|move|p1a: Cinderace|High Jump Kick|p2a: Dondozo\n|-damage|p2a: Dondozo|66\/100 slp\n|-damage|p1a: Cinderace|46\/100|[from] item: Life Orb\n|cant|p2a: Dondozo|slp\n|move|p2a: Dondozo|Sleep Talk|p2a: Dondozo\n|move|p2a: Dondozo|Rest||[from]move: Sleep Talk|[still]\n|-fail|p2a: Dondozo\n|\n|upkeep\n|turn|22\n|\n|t:|1700873343\n|move|p1a: Cinderace|High Jump Kick|p2a: Dondozo\n|-damage|p2a: Dondozo|27\/100 slp\n|-damage|p1a: Cinderace|36\/100|[from] item: Life Orb\n|cant|p2a: Dondozo|slp\n|move|p2a: Dondozo|Sleep Talk|p2a: Dondozo\n|move|p2a: Dondozo|Body Press|p1a: Cinderace|[from]move: Sleep Talk\n|-damage|p1a: Cinderace|0 fnt\n|faint|p1a: Cinderace\n|\n|win|Pow Caeli\n|raw|A KlNG\u265b\u2654\u2655's rating: 1459 &rarr; <strong>1444<\/strong><br \/>(-15 for losing)\n|raw|Pow Caeli's rating: 1554 &rarr; <strong>1569<\/strong><br \/>(+15 for winning)\n|l|\u2606A KlNG\u265b\u2654\u2655\n","uploadtime":1700873358,"views":3,"p1id":"aklng","p2id":"powcaeli","formatid":"gen9ou","rating":1444,"private":0,"password":""}