{"id":"gen9ou-1992409444","p1":"Freddos","p2":"PurifyingGhost","format":"[Gen 9] OU","log":"|j|\u2606Freddos\n|j|\u2606PurifyingGhost\n|t:|1700184225\n|gametype|singles\n|player|p1|Freddos|102|1377\n|player|p2|PurifyingGhost|raifort|1372\n|teamsize|p1|6\n|teamsize|p2|6\n|gen|9\n|tier|[Gen 9] OU\n|rated|\n|rule|Sleep Clause Mod: Limit one foe put to sleep\n|rule|Species Clause: Limit one of each Pok\u00e9mon\n|rule|OHKO Clause: OHKO moves are banned\n|rule|Evasion Items Clause: Evasion items are banned\n|rule|Evasion Moves Clause: Evasion moves are banned\n|rule|Endless Battle Clause: Forcing endless battles is banned\n|rule|HP Percentage Mod: HP is shown in percentages\n|clearpoke\n|poke|p1|Yanmega, F|\n|poke|p1|Iron Treads|\n|poke|p1|Glimmora, M|\n|poke|p1|Arcanine-Hisui, F|\n|poke|p1|Zapdos|\n|poke|p1|Goodra-Hisui, M|\n|poke|p2|Zoroark-Hisui, F|\n|poke|p2|Corviknight, F|\n|poke|p2|Lokix, F|\n|poke|p2|Ogerpon-Wellspring, F|\n|poke|p2|Sneasler, F|\n|poke|p2|Landorus-Therian, M|\n|teampreview\n|\n|t:|1700184248\n|start\n|switch|p1a: Yanmega|Yanmega, F, shiny|100\/100\n|switch|p2a: Landorus|Landorus-Therian, M|100\/100\n|-ability|p2a: Landorus|Intimidate|boost\n|-unboost|p1a: Yanmega|atk|1\n|turn|1\n|\n|t:|1700184288\n|move|p1a: Yanmega|Air Slash|p2a: Landorus\n|-damage|p2a: Landorus|60\/100\n|move|p2a: Landorus|U-turn|p1a: Yanmega\n|-resisted|p1a: Yanmega\n|-damage|p1a: Yanmega|86\/100\n|\n|t:|1700184306\n|switch|p2a: Lokix|Lokix, F|100\/100|[from] U-turn\n|\n|-ability|p1a: Yanmega|Speed Boost|boost\n|-boost|p1a: Yanmega|spe|1\n|upkeep\n|turn|2\n|\n|t:|1700184312\n|move|p1a: Yanmega|Protect|p1a: Yanmega\n|-singleturn|p1a: Yanmega|Protect\n|move|p2a: Lokix|Shadow Ball|p1a: Yanmega\n|-activate|p1a: Yanmega|move: Protect\n|\n|-ability|p1a: Yanmega|Speed Boost|boost\n|-boost|p1a: Yanmega|spe|1\n|upkeep\n|turn|3\n|\n|t:|1700184319\n|move|p1a: Yanmega|U-turn|p2a: Lokix\n|-resisted|p2a: Lokix\n|-damage|p2a: Lokix|88\/100\n|replace|p2a: Zoroark|Zoroark-Hisui, F\n|-end|p2a: Zoroark|Illusion\n|\n|t:|1700184327\n|switch|p1a: Glimmora|Glimmora, M|100\/100|[from] U-turn\n|move|p2a: Zoroark|Shadow Ball|p1a: Glimmora\n|-damage|p1a: Glimmora|56\/100\n|-unboost|p1a: Glimmora|spd|1\n|\n|upkeep\n|turn|4\n|\n|t:|1700184335\n|move|p2a: Zoroark|Shadow Ball|p1a: Glimmora\n|-damage|p1a: Glimmora|0 fnt\n|faint|p1a: Glimmora\n|\n|upkeep\n|\n|t:|1700184356\n|switch|p1a: Arcanine|Arcanine-Hisui, F|100\/100\n|turn|5\n|\n|t:|1700184362\n|switch|p2a: Landorus|Landorus-Therian, M|60\/100\n|-ability|p2a: Landorus|Intimidate|boost\n|-unboost|p1a: Arcanine|atk|1\n|-terastallize|p1a: Arcanine|Normal\n|move|p1a: Arcanine|Flare Blitz|p2a: Landorus\n|-damage|p2a: Landorus|23\/100\n|-damage|p1a: Arcanine|84\/100|[from] item: Rocky Helmet|[of] p2a: Landorus\n|\n|upkeep\n|turn|6\n|\n|t:|1700184368\n|move|p1a: Arcanine|Flare Blitz|p2a: Landorus\n|-damage|p2a: Landorus|0 fnt\n|-damage|p1a: Arcanine|67\/100|[from] item: Rocky Helmet|[of] p2a: Landorus\n|faint|p2a: Landorus\n|\n|upkeep\n|\n|t:|1700184380\n|switch|p2a: Sneasler|Sneasler, F|100\/100\n|turn|7\n|\n|t:|1700184392\n|switch|p1a: Zapdos|Zapdos|100\/100\n|-ability|p1a: Zapdos|Pressure\n|move|p2a: Sneasler|Close Combat|p1a: Zapdos\n|-resisted|p1a: Zapdos\n|-damage|p1a: Zapdos|59\/100\n|-unboost|p2a: Sneasler|def|1\n|-unboost|p2a: Sneasler|spd|1\n|\n|upkeep\n|turn|8\n|\n|t:|1700184401\n|switch|p2a: Lokix|Lokix, F|88\/100\n|move|p1a: Zapdos|Discharge|p2a: Lokix\n|-damage|p2a: Lokix|9\/100\n|replace|p2a: Zoroark|Zoroark-Hisui, F\n|-end|p2a: Zoroark|Illusion\n|\n|upkeep\n|turn|9\n|\n|t:|1700184411\n|move|p1a: Zapdos|Discharge|p2a: Zoroark\n|-damage|p2a: Zoroark|0 fnt\n|faint|p2a: Zoroark\n|\n|upkeep\n|\n|t:|1700184416\n|switch|p2a: Lokix|Lokix, F|100\/100\n|turn|10\n|\n|t:|1700184421\n|move|p1a: Zapdos|Discharge|p2a: Lokix\n|-damage|p2a: Lokix|17\/100\n|move|p2a: Lokix|Knock Off|p1a: Zapdos\n|-crit|p1a: Zapdos\n|-damage|p1a: Zapdos|0 fnt\n|-enditem|p1a: Zapdos|Choice Scarf|[from] move: Knock Off|[of] p2a: Lokix\n|faint|p1a: Zapdos\n|\n|upkeep\n|\n|t:|1700184446\n|switch|p1a: Arcanine|Arcanine-Hisui, F, tera:Normal|67\/100\n|turn|11\n|\n|t:|1700184449\n|switch|p2a: Corviknight|Corviknight, F|100\/100\n|-ability|p2a: Corviknight|Pressure\n|move|p1a: Arcanine|Extreme Speed|p2a: Corviknight\n|-resisted|p2a: Corviknight\n|-damage|p2a: Corviknight|85\/100\n|-damage|p1a: Arcanine|51\/100|[from] item: Rocky Helmet|[of] p2a: Corviknight\n|\n|upkeep\n|turn|12\n|\n|t:|1700184456\n|switch|p1a: Goodra|Goodra-Hisui, M|100\/100\n|move|p2a: Corviknight|Roost|p2a: Corviknight\n|-heal|p2a: Corviknight|100\/100\n|-singleturn|p2a: Corviknight|move: Roost\n|\n|upkeep\n|turn|13\n|\n|t:|1700184461\n|move|p2a: Corviknight|U-turn|p1a: Goodra\n|-resisted|p1a: Goodra\n|-damage|p1a: Goodra|94\/100\n|-ability|p1a: Goodra|Gooey\n|-unboost|p2a: Corviknight|spe|1\n|\n|t:|1700184464\n|switch|p2a: Lokix|Lokix, F|17\/100|[from] U-turn\n|move|p1a: Goodra|Flamethrower|p2a: Lokix\n|-supereffective|p2a: Lokix\n|-damage|p2a: Lokix|0 fnt\n|faint|p2a: Lokix\n|\n|-heal|p1a: Goodra|99\/100|[from] item: Leftovers\n|upkeep\n|\n|t:|1700184466\n|switch|p2a: Ogerpon|Ogerpon-Wellspring, F|100\/100\n|turn|14\n|\n|t:|1700184485\n|move|p2a: Ogerpon|Encore|p1a: Goodra\n|-start|p1a: Goodra|Encore\n|move|p1a: Goodra|Flamethrower|p2a: Ogerpon\n|-damage|p2a: Ogerpon|63\/100\n|\n|-heal|p1a: Goodra|100\/100|[from] item: Leftovers\n|upkeep\n|turn|15\n|\n|t:|1700184515\n|switch|p1a: Yanmega|Yanmega, F, shiny|86\/100\n|move|p2a: Ogerpon|Swords Dance|p2a: Ogerpon\n|-boost|p2a: Ogerpon|atk|2\n|\n|upkeep\n|turn|16\n|inactive|Battle timer is ON: inactive players will automatically lose when time's up. (requested by PurifyingGhost)\n|\n|t:|1700184521\n|-terastallize|p2a: Ogerpon|Water\n|detailschange|p2a: Ogerpon|Ogerpon-Wellspring-Tera, F, tera:Water\n|-ability|p2a: Ogerpon|Embody Aspect (Wellspring)|boost\n|-boost|p2a: Ogerpon|spd|1\n|move|p1a: Yanmega|Protect|p1a: Yanmega\n|-singleturn|p1a: Yanmega|Protect\n|move|p2a: Ogerpon|Ivy Cudgel|p1a: Yanmega|[anim] Ivy Cudgel Water\n|-activate|p1a: Yanmega|move: Protect\n|\n|-ability|p1a: Yanmega|Speed Boost|boost\n|-boost|p1a: Yanmega|spe|1\n|upkeep\n|turn|17\n|\n|t:|1700184534\n|move|p1a: Yanmega|Bug Buzz|p2a: Ogerpon\n|-damage|p2a: Ogerpon|25\/100\n|move|p2a: Ogerpon|Ivy Cudgel|p1a: Yanmega|[anim] Ivy Cudgel Water\n|-damage|p1a: Yanmega|0 fnt\n|faint|p1a: Yanmega\n|\n|upkeep\n|\n|t:|1700184546\n|switch|p1a: Arcanine|Arcanine-Hisui, F, tera:Normal|51\/100\n|turn|18\n|\n|t:|1700184552\n|move|p1a: Arcanine|Extreme Speed|p2a: Ogerpon\n|-damage|p2a: Ogerpon|0 fnt\n|faint|p2a: Ogerpon\n|\n|upkeep\n|\n|t:|1700184555\n|switch|p2a: Sneasler|Sneasler, F|100\/100\n|turn|19\n|\n|t:|1700184562\n|switch|p1a: Iron Treads|Iron Treads|100\/100\n|-enditem|p1a: Iron Treads|Booster Energy\n|-activate|p1a: Iron Treads|ability: Quark Drive|[fromitem]\n|-start|p1a: Iron Treads|quarkdriveatk\n|move|p2a: Sneasler|Close Combat|p1a: Iron Treads\n|-supereffective|p1a: Iron Treads\n|-crit|p1a: Iron Treads\n|-damage|p1a: Iron Treads|0 fnt\n|-unboost|p2a: Sneasler|def|1\n|-unboost|p2a: Sneasler|spd|1\n|faint|p1a: Iron Treads\n|-end|p1a: Iron Treads|Quark Drive|[silent]\n|\n|upkeep\n|\n|t:|1700184566\n|switch|p1a: Goodra|Goodra-Hisui, M|100\/100\n|turn|20\n|inactive|Freddos has 120 seconds left.\n|\n|t:|1700184604\n|switch|p2a: Corviknight|Corviknight, F|100\/100\n|-ability|p2a: Corviknight|Pressure\n|move|p1a: Goodra|Dragon Pulse|p2a: Corviknight\n|-resisted|p2a: Corviknight\n|-damage|p2a: Corviknight|81\/100\n|\n|upkeep\n|turn|21\n|inactive|Freddos has 120 seconds left.\n|\n|t:|1700184612\n|move|p2a: Corviknight|Brave Bird|p1a: Goodra\n|-resisted|p1a: Goodra\n|-damage|p1a: Goodra|83\/100\n|-ability|p1a: Goodra|Gooey\n|-unboost|p2a: Corviknight|spe|1\n|-damage|p2a: Corviknight|76\/100|[from] Recoil\n|move|p1a: Goodra|Flamethrower|p2a: Corviknight\n|-supereffective|p2a: Corviknight\n|-damage|p2a: Corviknight|12\/100\n|\n|-heal|p1a: Goodra|89\/100|[from] item: Leftovers\n|upkeep\n|turn|22\n|\n|t:|1700184617\n|move|p1a: Goodra|Flamethrower|p2a: Corviknight\n|-supereffective|p2a: Corviknight\n|-damage|p2a: Corviknight|0 fnt\n|faint|p2a: Corviknight\n|\n|-heal|p1a: Goodra|95\/100|[from] item: Leftovers\n|upkeep\n|\n|t:|1700184620\n|switch|p2a: Sneasler|Sneasler, F|100\/100\n|turn|23\n|\n|t:|1700184622\n|move|p1a: Goodra|Protect|p1a: Goodra\n|-singleturn|p1a: Goodra|Protect\n|move|p2a: Sneasler|Close Combat|p1a: Goodra\n|-activate|p1a: Goodra|move: Protect\n|\n|-heal|p1a: Goodra|100\/100|[from] item: Leftovers\n|upkeep\n|turn|24\n|\n|t:|1700184627\n|move|p2a: Sneasler|Close Combat|p1a: Goodra\n|-supereffective|p1a: Goodra\n|-damage|p1a: Goodra|0 fnt\n|-unboost|p2a: Sneasler|def|1\n|-unboost|p2a: Sneasler|spd|1\n|-ability|p1a: Goodra|Gooey\n|-unboost|p2a: Sneasler|spe|1\n|faint|p1a: Goodra\n|\n|upkeep\n|\n|t:|1700184630\n|switch|p1a: Arcanine|Arcanine-Hisui, F, tera:Normal|51\/100\n|turn|25\n|\n|t:|1700184638\n|move|p2a: Sneasler|Close Combat|p1a: Arcanine\n|-supereffective|p1a: Arcanine\n|-damage|p1a: Arcanine|0 fnt\n|-unboost|p2a: Sneasler|def|1\n|-unboost|p2a: Sneasler|spd|1\n|faint|p1a: Arcanine\n|\n|win|PurifyingGhost\n|raw|Freddos's rating: 1377 &rarr; <strong>1357<\/strong><br \/>(-20 for losing)\n|raw|PurifyingGhost's rating: 1372 &rarr; <strong>1392<\/strong><br \/>(+20 for winning)\n|l|\u2606Freddos\n","uploadtime":1700184646,"views":7,"p1id":"freddos","p2id":"purifyingghost","formatid":"gen9ou","rating":1357,"private":0,"password":""}