{"id":"gen9ou-1994423846","p1":"Nagoora","p2":"6df","format":"[Gen 9] OU","log":"|j|\u2606Nagoora\n|j|\u26066df\n|t:|1700442332\n|gametype|singles\n|player|p1|Nagoora|hilbert|1348\n|player|p2|6df|169|1257\n|teamsize|p1|6\n|teamsize|p2|6\n|gen|9\n|tier|[Gen 9] OU\n|rated|\n|rule|Sleep Clause Mod: Limit one foe put to sleep\n|rule|Species Clause: Limit one of each Pok\u00e9mon\n|rule|OHKO Clause: OHKO moves are banned\n|rule|Evasion Items Clause: Evasion items are banned\n|rule|Evasion Moves Clause: Evasion moves are banned\n|rule|Endless Battle Clause: Forcing endless battles is banned\n|rule|HP Percentage Mod: HP is shown in percentages\n|clearpoke\n|poke|p1|Lilligant-Hisui, F|\n|poke|p1|Torkoal, F|\n|poke|p1|Great Tusk|\n|poke|p1|Walking Wake|\n|poke|p1|Ceruledge, F|\n|poke|p1|Zapdos|\n|poke|p2|Ogerpon-Wellspring, F|\n|poke|p2|Slither Wing|\n|poke|p2|Heatran, F|\n|poke|p2|Meowscarada, M|\n|poke|p2|Thundurus-Therian, M|\n|poke|p2|Great Tusk|\n|teampreview\n|inactive|Battle timer is ON: inactive players will automatically lose when time's up. (requested by 6df)\n|\n|t:|1700442365\n|start\n|switch|p1a: Zapdos|Zapdos|100\/100\n|switch|p2a: Thundurus|Thundurus-Therian, M|100\/100\n|turn|1\n|\n|t:|1700442381\n|move|p1a: Zapdos|Hurricane|p2a: Thundurus\n|-resisted|p2a: Thundurus\n|-damage|p2a: Thundurus|62\/100\n|-start|p2a: Thundurus|confusion\n|-activate|p2a: Thundurus|confusion\n|move|p2a: Thundurus|Volt Switch|p1a: Zapdos\n|-damage|p1a: Zapdos|36\/100\n|-damage|p2a: Thundurus|52\/100|[from] item: Life Orb\n|\n|t:|1700442388\n|switch|p2a: Heatran|Heatran, F|100\/100|[from] Volt Switch\n|\n|upkeep\n|turn|2\n|\n|t:|1700442394\n|switch|p1a: Walking Wake|Walking Wake|100\/100\n|move|p2a: Heatran|Stealth Rock|p1a: Walking Wake\n|-sidestart|p1: Nagoora|move: Stealth Rock\n|\n|upkeep\n|turn|3\n|\n|t:|1700442410\n|switch|p2a: Ogerpon|Ogerpon-Wellspring, F|100\/100\n|move|p1a: Walking Wake|Dragon Pulse|p2a: Ogerpon\n|-damage|p2a: Ogerpon|53\/100\n|\n|upkeep\n|turn|4\n|\n|t:|1700442418\n|-end|p1a: Walking Wake|Protosynthesis|[silent]\n|switch|p1a: Torkoal|Torkoal, F|100\/100\n|-damage|p1a: Torkoal|75\/100|[from] Stealth Rock\n|-weather|SunnyDay|[from] ability: Drought|[of] p1a: Torkoal\n|move|p2a: Ogerpon|Horn Leech|p1a: Torkoal\n|-resisted|p1a: Torkoal\n|-crit|p1a: Torkoal\n|-damage|p1a: Torkoal|54\/100\n|-heal|p2a: Ogerpon|65\/100|[from] drain|[of] p1a: Torkoal\n|\n|-weather|SunnyDay|[upkeep]\n|upkeep\n|turn|5\n|\n|t:|1700442435\n|-terastallize|p2a: Ogerpon|Water\n|detailschange|p2a: Ogerpon|Ogerpon-Wellspring-Tera, F, tera:Water\n|-ability|p2a: Ogerpon|Embody Aspect (Wellspring)|boost\n|-boost|p2a: Ogerpon|spd|1\n|move|p2a: Ogerpon|Ivy Cudgel|p1a: Torkoal|[anim] Ivy Cudgel Water\n|-supereffective|p1a: Torkoal\n|-damage|p1a: Torkoal|8\/100\n|move|p1a: Torkoal|Rapid Spin|p2a: Ogerpon\n|-damage|p2a: Ogerpon|54\/100\n|-boost|p1a: Torkoal|spe|1\n|-sideend|p1: Nagoora|Stealth Rock|[from] move: Rapid Spin|[of] p1a: Torkoal\n|\n|-weather|SunnyDay|[upkeep]\n|upkeep\n|turn|6\n|\n|t:|1700442448\n|move|p2a: Ogerpon|Ivy Cudgel|p1a: Torkoal|[anim] Ivy Cudgel Water\n|-supereffective|p1a: Torkoal\n|-damage|p1a: Torkoal|0 fnt\n|faint|p1a: Torkoal\n|\n|-weather|SunnyDay|[upkeep]\n|upkeep\n|\n|t:|1700442454\n|switch|p1a: Lilligant|Lilligant-Hisui, F|100\/100\n|turn|7\n|\n|t:|1700442458\n|switch|p2a: Slither Wing|Slither Wing|100\/100\n|-activate|p2a: Slither Wing|ability: Protosynthesis\n|-start|p2a: Slither Wing|protosynthesisatk\n|move|p1a: Lilligant|Sleep Powder|p2a: Slither Wing|[miss]\n|-miss|p1a: Lilligant|p2a: Slither Wing\n|\n|-weather|SunnyDay|[upkeep]\n|upkeep\n|turn|8\n|\n|t:|1700442475\n|switch|p1a: Zapdos|Zapdos|36\/100\n|move|p2a: Slither Wing|First Impression|p1a: Zapdos\n|-resisted|p1a: Zapdos\n|-damage|p1a: Zapdos|0 fnt\n|faint|p1a: Zapdos\n|\n|-weather|SunnyDay|[upkeep]\n|upkeep\n|\n|t:|1700442483\n|switch|p1a: Ceruledge|Ceruledge, F, shiny|100\/100\n|turn|9\n|\n|t:|1700442490\n|switch|p1a: Walking Wake|Walking Wake|100\/100\n|-activate|p1a: Walking Wake|ability: Protosynthesis\n|-start|p1a: Walking Wake|protosynthesisspa\n|-end|p2a: Slither Wing|Protosynthesis|[silent]\n|switch|p2a: Great Tusk|Great Tusk|100\/100\n|-activate|p2a: Great Tusk|ability: Protosynthesis\n|-start|p2a: Great Tusk|protosynthesisatk\n|\n|-weather|SunnyDay|[upkeep]\n|upkeep\n|turn|10\n|\n|t:|1700442500\n|-end|p2a: Great Tusk|Protosynthesis|[silent]\n|switch|p2a: Heatran|Heatran, F|100\/100\n|move|p1a: Walking Wake|Dragon Pulse|p2a: Heatran\n|-resisted|p2a: Heatran\n|-damage|p2a: Heatran|72\/100\n|\n|-weather|SunnyDay|[upkeep]\n|-heal|p2a: Heatran|79\/100|[from] item: Leftovers\n|upkeep\n|turn|11\n|\n|t:|1700442510\n|move|p1a: Walking Wake|Dragon Pulse|p2a: Heatran\n|-resisted|p2a: Heatran\n|-damage|p2a: Heatran|50\/100\n|move|p2a: Heatran|Stealth Rock|p1a: Walking Wake\n|-sidestart|p1: Nagoora|move: Stealth Rock\n|\n|-weather|none\n|-end|p1a: Walking Wake|Protosynthesis\n|-heal|p2a: Heatran|56\/100|[from] item: Leftovers\n|upkeep\n|turn|12\n|\n|t:|1700442518\n|move|p1a: Walking Wake|Dragon Pulse|p2a: Heatran\n|-resisted|p2a: Heatran\n|-damage|p2a: Heatran|34\/100\n|move|p2a: Heatran|Magma Storm|p1a: Walking Wake\n|-resisted|p1a: Walking Wake\n|-damage|p1a: Walking Wake|85\/100\n|-activate|p1a: Walking Wake|move: Magma Storm|[of] p2a: Heatran\n|\n|-heal|p2a: Heatran|40\/100|[from] item: Leftovers\n|-damage|p1a: Walking Wake|72\/100|[from] move: Magma Storm|[partiallytrapped]\n|upkeep\n|turn|13\n|\n|t:|1700442528\n|move|p1a: Walking Wake|Dragon Pulse|p2a: Heatran\n|-resisted|p2a: Heatran\n|-damage|p2a: Heatran|18\/100\n|move|p2a: Heatran|Earth Power|p1a: Walking Wake\n|-damage|p1a: Walking Wake|34\/100\n|-enditem|p1a: Walking Wake|Sitrus Berry|[eat]\n|-heal|p1a: Walking Wake|59\/100|[from] item: Sitrus Berry\n|\n|-heal|p2a: Heatran|24\/100|[from] item: Leftovers\n|-damage|p1a: Walking Wake|47\/100|[from] move: Magma Storm|[partiallytrapped]\n|upkeep\n|turn|14\n|\n|t:|1700442539\n|move|p1a: Walking Wake|Dragon Pulse|p2a: Heatran\n|-resisted|p2a: Heatran\n|-damage|p2a: Heatran|3\/100\n|move|p2a: Heatran|Earth Power|p1a: Walking Wake\n|-damage|p1a: Walking Wake|12\/100\n|\n|-heal|p2a: Heatran|9\/100|[from] item: Leftovers\n|-damage|p1a: Walking Wake|0 fnt|[from] move: Magma Storm|[partiallytrapped]\n|faint|p1a: Walking Wake\n|-end|p1a: Walking Wake|Protosynthesis|[silent]\n|upkeep\n|\n|t:|1700442549\n|switch|p1a: Great Tusk|Great Tusk|100\/100\n|-damage|p1a: Great Tusk|98\/100|[from] Stealth Rock\n|turn|15\n|\n|t:|1700442553\n|move|p1a: Great Tusk|Rapid Spin|p2a: Heatran\n|-resisted|p2a: Heatran\n|-damage|p2a: Heatran|0 fnt\n|-boost|p1a: Great Tusk|spe|1\n|-sideend|p1: Nagoora|Stealth Rock|[from] move: Rapid Spin|[of] p1a: Great Tusk\n|faint|p2a: Heatran\n|\n|-heal|p1a: Great Tusk|100\/100|[from] item: Leftovers\n|upkeep\n|\n|t:|1700442561\n|switch|p2a: Thundurus|Thundurus-Therian, M|52\/100\n|turn|16\n|\n|t:|1700442564\n|move|p1a: Great Tusk|Ice Spinner|p2a: Thundurus\n|-supereffective|p2a: Thundurus\n|-damage|p2a: Thundurus|0 fnt\n|faint|p2a: Thundurus\n|\n|upkeep\n|\n|t:|1700442571\n|switch|p2a: Meowscarada|Meowscarada, M|100\/100\n|turn|17\n|\n|t:|1700442577\n|move|p1a: Great Tusk|Close Combat|p2a: Meowscarada\n|-supereffective|p2a: Meowscarada\n|-enditem|p2a: Meowscarada|Focus Sash\n|-damage|p2a: Meowscarada|1\/100\n|-unboost|p1a: Great Tusk|def|1\n|-unboost|p1a: Great Tusk|spd|1\n|move|p2a: Meowscarada|Flower Trick|p1a: Great Tusk\n|-start|p2a: Meowscarada|typechange|Grass|[from] ability: Protean\n|-supereffective|p1a: Great Tusk\n|-crit|p1a: Great Tusk\n|-damage|p1a: Great Tusk|0 fnt\n|faint|p1a: Great Tusk\n|-end|p1a: Great Tusk|Protosynthesis|[silent]\n|\n|upkeep\n|\n|t:|1700442590\n|switch|p1a: Ceruledge|Ceruledge, F, shiny|100\/100\n|turn|18\n|\n|t:|1700442618\n|move|p2a: Meowscarada|Knock Off|p1a: Ceruledge\n|-supereffective|p1a: Ceruledge\n|-damage|p1a: Ceruledge|13\/100\n|-ability|p1a: Ceruledge|Weak Armor|boost\n|-unboost|p1a: Ceruledge|def|1\n|-boost|p1a: Ceruledge|spe|2\n|-enditem|p1a: Ceruledge|Focus Sash|[from] move: Knock Off|[of] p2a: Meowscarada\n|move|p1a: Ceruledge|Swords Dance|p1a: Ceruledge\n|-boost|p1a: Ceruledge|atk|2\n|\n|upkeep\n|turn|19\n|inactive|Nagoora has 120 seconds left.\n|\n|t:|1700442636\n|move|p1a: Ceruledge|Shadow Sneak|p2a: Meowscarada\n|-damage|p2a: Meowscarada|0 fnt\n|faint|p2a: Meowscarada\n|\n|upkeep\n|\n|t:|1700442644\n|switch|p2a: Slither Wing|Slither Wing|100\/100\n|turn|20\n|\n|t:|1700442652\n|move|p2a: Slither Wing|First Impression|p1a: Ceruledge\n|-resisted|p1a: Ceruledge\n|-damage|p1a: Ceruledge|0 fnt\n|faint|p1a: Ceruledge\n|\n|upkeep\n|\n|t:|1700442657\n|switch|p1a: Lilligant|Lilligant-Hisui, F|100\/100\n|turn|21\n|\n|t:|1700442668\n|move|p1a: Lilligant|Sleep Powder|p2a: Slither Wing\n|-status|p2a: Slither Wing|slp|[from] move: Sleep Powder\n|cant|p2a: Slither Wing|slp\n|\n|upkeep\n|turn|22\n|\n|t:|1700442673\n|move|p1a: Lilligant|Victory Dance|p1a: Lilligant\n|-boost|p1a: Lilligant|atk|1\n|-boost|p1a: Lilligant|def|1\n|-boost|p1a: Lilligant|spe|1\n|cant|p2a: Slither Wing|slp\n|\n|upkeep\n|turn|23\n|\n|t:|1700442679\n|move|p1a: Lilligant|Victory Dance|p1a: Lilligant\n|-boost|p1a: Lilligant|atk|1\n|-boost|p1a: Lilligant|def|1\n|-boost|p1a: Lilligant|spe|1\n|cant|p2a: Slither Wing|slp\n|\n|upkeep\n|turn|24\n|\n|t:|1700442685\n|move|p1a: Lilligant|Ice Spinner|p2a: Slither Wing\n|-damage|p2a: Slither Wing|32\/100 slp\n|-curestatus|p2a: Slither Wing|slp|[msg]\n|move|p2a: Slither Wing|Acrobatics|p1a: Lilligant\n|-supereffective|p1a: Lilligant\n|-damage|p1a: Lilligant|28\/100\n|\n|upkeep\n|turn|25\n|\n|t:|1700442693\n|-end|p2a: Slither Wing|Protosynthesis|[silent]\n|switch|p2a: Great Tusk|Great Tusk|100\/100\n|move|p1a: Lilligant|Ice Spinner|p2a: Great Tusk\n|-supereffective|p2a: Great Tusk\n|-damage|p2a: Great Tusk|25\/100\n|\n|upkeep\n|turn|26\n|\n|t:|1700442712\n|move|p1a: Lilligant|Ice Spinner|p2a: Great Tusk\n|-supereffective|p2a: Great Tusk\n|-damage|p2a: Great Tusk|0 fnt\n|faint|p2a: Great Tusk\n|-end|p2a: Great Tusk|Protosynthesis|[silent]\n|\n|upkeep\n|\n|t:|1700442715\n|switch|p2a: Slither Wing|Slither Wing|32\/100\n|turn|27\n|\n|t:|1700442731\n|move|p2a: Slither Wing|First Impression|p1a: Lilligant\n|-damage|p1a: Lilligant|0 fnt\n|faint|p1a: Lilligant\n|\n|win|6df\n|raw|Nagoora's rating: 1348 &rarr; <strong>1321<\/strong><br \/>(-27 for losing)\n|raw|6df's rating: 1229 &rarr; <strong>1262<\/strong><br \/>(+33 for winning)\n|l|\u26066df\n","uploadtime":1700442778,"views":8,"p1id":"nagoora","p2id":"6df","formatid":"gen9ou","rating":1262,"private":0,"password":""}