{"id":"gen9ou-1994535455","p1":"steven2009","p2":"superiax","format":"[Gen 9] OU","log":"|j|\u2606steven2009\n|j|\u2606superiax\n|t:|1700456006\n|gametype|singles\n|player|p1|steven2009|teamrocket|1235\n|player|p2|superiax|whitney|1315\n|teamsize|p1|6\n|teamsize|p2|6\n|gen|9\n|tier|[Gen 9] OU\n|rated|\n|rule|Sleep Clause Mod: Limit one foe put to sleep\n|rule|Species Clause: Limit one of each Pok\u00e9mon\n|rule|OHKO Clause: OHKO moves are banned\n|rule|Evasion Items Clause: Evasion items are banned\n|rule|Evasion Moves Clause: Evasion moves are banned\n|rule|Endless Battle Clause: Forcing endless battles is banned\n|rule|HP Percentage Mod: HP is shown in percentages\n|clearpoke\n|poke|p1|Slowking, M|\n|poke|p1|Toxtricity-Low-Key, F|\n|poke|p1|Meowscarada, F|\n|poke|p1|Manaphy|\n|poke|p1|Iron Valiant|\n|poke|p1|Sinistcha-Masterpiece|\n|poke|p2|Ribombee, F|\n|poke|p2|Ninetales-Alola, F|\n|poke|p2|Kingambit, M|\n|poke|p2|Cinderace, M|\n|poke|p2|Gholdengo|\n|poke|p2|Ogerpon-Wellspring, F|\n|teampreview\n|inactive|Battle timer is ON: inactive players will automatically lose when time's up. (requested by superiax)\n|\n|t:|1700456011\n|start\n|switch|p1a: Manaphy|Manaphy|100\/100\n|switch|p2a: Mirror Master|Ribombee, F, shiny|100\/100\n|turn|1\n|\n|t:|1700456016\n|move|p2a: Mirror Master|Stun Spore|p1a: Manaphy\n|-status|p1a: Manaphy|par\n|move|p1a: Manaphy|Take Heart|p1a: Manaphy\n|-boost|p1a: Manaphy|spa|1\n|-boost|p1a: Manaphy|spd|1\n|-curestatus|p1a: Manaphy|par|[msg]\n|\n|upkeep\n|turn|2\n|\n|t:|1700456025\n|switch|p2a: Weather Wizard|Ogerpon-Wellspring, F|100\/100\n|move|p1a: Manaphy|Take Heart|p1a: Manaphy\n|-boost|p1a: Manaphy|spa|1\n|-boost|p1a: Manaphy|spd|1\n|\n|upkeep\n|turn|3\n|\n|t:|1700456036\n|move|p2a: Weather Wizard|Horn Leech|p1a: Manaphy\n|-supereffective|p1a: Manaphy\n|-damage|p1a: Manaphy|50\/100\n|move|p1a: Manaphy|Take Heart|p1a: Manaphy\n|-boost|p1a: Manaphy|spa|1\n|-boost|p1a: Manaphy|spd|1\n|\n|-heal|p1a: Manaphy|56\/100|[from] item: Leftovers\n|upkeep\n|turn|4\n|inactive|steven2009 has 120 seconds left.\n|inactive|steven2009 has 90 seconds left.\n|inactive|steven2009 has 60 seconds left.\n|\n|t:|1700456132\n|switch|p1a: Sinistcha|Sinistcha-Masterpiece|100\/100\n|move|p2a: Weather Wizard|Horn Leech|p1a: Sinistcha\n|-resisted|p1a: Sinistcha\n|-damage|p1a: Sinistcha|86\/100\n|\n|upkeep\n|turn|5\n|\n|t:|1700456140\n|switch|p2a: Captain Cold|Ninetales-Alola, F, shiny|100\/100\n|-weather|Snow|[from] ability: Snow Warning|[of] p2a: Captain Cold\n|move|p1a: Sinistcha|Strength Sap|p2a: Captain Cold\n|-unboost|p2a: Captain Cold|atk|1\n|-heal|p1a: Sinistcha|100\/100\n|\n|-weather|Snow|[upkeep]\n|upkeep\n|turn|6\n|\n|t:|1700456149\n|-terastallize|p1a: Sinistcha|Fairy\n|move|p2a: Captain Cold|Aurora Veil|p2a: Captain Cold\n|-sidestart|p2: superiax|move: Aurora Veil\n|move|p1a: Sinistcha|Calm Mind|p1a: Sinistcha\n|-boost|p1a: Sinistcha|spa|1\n|-boost|p1a: Sinistcha|spd|1\n|\n|-weather|Snow|[upkeep]\n|upkeep\n|turn|7\n|\n|t:|1700456155\n|move|p2a: Captain Cold|Encore|p1a: Sinistcha\n|-start|p1a: Sinistcha|Encore\n|move|p1a: Sinistcha|Calm Mind|p1a: Sinistcha\n|-boost|p1a: Sinistcha|spa|1\n|-boost|p1a: Sinistcha|spd|1\n|\n|-weather|Snow|[upkeep]\n|upkeep\n|turn|8\n|\n|t:|1700456161\n|switch|p2a: Captain Boomerang|Kingambit, M, shiny|100\/100\n|switch|p1a: Manaphy|Manaphy|56\/100\n|\n|-weather|Snow|[upkeep]\n|-heal|p1a: Manaphy|62\/100|[from] item: Leftovers\n|upkeep\n|turn|9\n|inactive|steven2009 has 90 seconds left.\n|\n|t:|1700456172\n|move|p1a: Manaphy|Rest|p1a: Manaphy\n|-status|p1a: Manaphy|slp|[from] move: Rest\n|-heal|p1a: Manaphy|100\/100 slp|[silent]\n|move|p2a: Captain Boomerang|Swords Dance|p2a: Captain Boomerang\n|-boost|p2a: Captain Boomerang|atk|2\n|\n|-weather|none\n|upkeep\n|turn|10\n|\n|t:|1700456179\n|cant|p1a: Manaphy|slp\n|move|p1a: Manaphy|Sleep Talk|p1a: Manaphy\n|move|p1a: Manaphy|Scald|p2a: Captain Boomerang|[from]move: Sleep Talk\n|-damage|p2a: Captain Boomerang|87\/100\n|move|p2a: Captain Boomerang|Kowtow Cleave|p1a: Manaphy\n|-damage|p1a: Manaphy|42\/100 slp\n|\n|-heal|p1a: Manaphy|48\/100 slp|[from] item: Leftovers\n|upkeep\n|turn|11\n|\n|t:|1700456191\n|switch|p1a: Iron Valiant|Iron Valiant|100\/100\n|-enditem|p1a: Iron Valiant|Booster Energy\n|-activate|p1a: Iron Valiant|ability: Quark Drive|[fromitem]\n|-start|p1a: Iron Valiant|quarkdrivespe\n|move|p2a: Captain Boomerang|Kowtow Cleave|p1a: Iron Valiant\n|-resisted|p1a: Iron Valiant\n|-damage|p1a: Iron Valiant|70\/100\n|\n|upkeep\n|turn|12\n|\n|t:|1700456200\n|-terastallize|p2a: Captain Boomerang|Ghost\n|move|p1a: Iron Valiant|Close Combat|p2a: Captain Boomerang\n|-immune|p2a: Captain Boomerang\n|move|p2a: Captain Boomerang|Iron Head|p1a: Iron Valiant\n|-supereffective|p1a: Iron Valiant\n|-damage|p1a: Iron Valiant|0 fnt\n|faint|p1a: Iron Valiant\n|-end|p1a: Iron Valiant|Quark Drive|[silent]\n|\n|upkeep\n|c|\u2606steven2009|gg\n|-message|steven2009 forfeited.\n|\n|win|superiax\n|raw|steven2009's rating: 1235 &rarr; <strong>1216<\/strong><br \/>(-19 for losing)\n|raw|superiax's rating: 1315 &rarr; <strong>1330<\/strong><br \/>(+15 for winning)\n|l|\u2606steven2009\n|c|\u2606superiax|gg\n","uploadtime":1700456218,"views":10,"p1id":"steven2009","p2id":"superiax","formatid":"gen9ou","rating":1216,"private":0,"password":""}