{"id":"gen9ou-1999386391","p1":"RainWaiv","p2":"Koolwraith","format":"[Gen 9] OU","log":"|j|\u2606RainWaiv\n|j|\u2606Koolwraith\n|t:|1701071573\n|gametype|singles\n|player|p1|RainWaiv|lillie-masters|1140\n|player|p2|Koolwraith|karen|1040\n|teamsize|p1|6\n|teamsize|p2|6\n|gen|9\n|tier|[Gen 9] OU\n|rated|\n|rule|Sleep Clause Mod: Limit one foe put to sleep\n|rule|Species Clause: Limit one of each Pok\u00e9mon\n|rule|OHKO Clause: OHKO moves are banned\n|rule|Evasion Items Clause: Evasion items are banned\n|rule|Evasion Moves Clause: Evasion moves are banned\n|rule|Endless Battle Clause: Forcing endless battles is banned\n|rule|HP Percentage Mod: HP is shown in percentages\n|clearpoke\n|poke|p1|Iron Valiant|\n|poke|p1|Great Tusk|\n|poke|p1|Kingambit, M|\n|poke|p1|Iron Moth|\n|poke|p1|Gholdengo|\n|poke|p1|Cinderace, M|\n|poke|p2|Blissey, F|\n|poke|p2|Landorus-Therian, M|\n|poke|p2|Gardevoir, M|\n|poke|p2|Garchomp, F|\n|poke|p2|Garganacl, F|\n|poke|p2|Rotom-Fan|\n|teampreview\n|c|\u2606Koolwraith|You will never beat me... Muhahaha\n|\n|t:|1701071593\n|start\n|switch|p1a: Great Tusk|Great Tusk|100\/100\n|switch|p2a: Garchomp|Garchomp, F|100\/100\n|turn|1\n|\n|t:|1701071600\n|move|p2a: Garchomp|Surf|p1a: Great Tusk\n|-supereffective|p1a: Great Tusk\n|-damage|p1a: Great Tusk|32\/100\n|move|p1a: Great Tusk|Stealth Rock|p2a: Garchomp\n|-sidestart|p2: Koolwraith|move: Stealth Rock\n|\n|upkeep\n|turn|2\n|\n|t:|1701071626\n|-end|p1a: Great Tusk|Protosynthesis|[silent]\n|switch|p1a: Gholdengo|Gholdengo|100\/100\n|move|p2a: Garchomp|Earth Power|p1a: Gholdengo\n|-supereffective|p1a: Gholdengo\n|-damage|p1a: Gholdengo|24\/100\n|\n|upkeep\n|turn|3\n|\n|t:|1701071646\n|move|p1a: Gholdengo|Make It Rain|p2a: Garchomp\n|-damage|p2a: Garchomp|32\/100\n|-unboost|p1a: Gholdengo|spa|1\n|-enditem|p2a: Garchomp|Oran Berry|[eat]\n|-heal|p2a: Garchomp|34\/100|[from] item: Oran Berry\n|move|p2a: Garchomp|Earth Power|p1a: Gholdengo\n|-supereffective|p1a: Gholdengo\n|-damage|p1a: Gholdengo|0 fnt\n|faint|p1a: Gholdengo\n|\n|upkeep\n|\n|t:|1701071657\n|switch|p1a: Kingambit|Kingambit, M|100\/100\n|-activate|p1a: Kingambit|ability: Supreme Overlord\n|-start|p1a: Kingambit|fallen1|[silent]\n|turn|4\n|\n|t:|1701071663\n|move|p1a: Kingambit|Sucker Punch|p2a: Garchomp\n|-damage|p2a: Garchomp|0 fnt\n|-damage|p1a: Kingambit|88\/100|[from] ability: Rough Skin|[of] p2a: Garchomp\n|faint|p2a: Garchomp\n|\n|-heal|p1a: Kingambit|94\/100|[from] item: Leftovers\n|upkeep\n|\n|t:|1701071669\n|switch|p2a: Gardevoir|Gardevoir, M|100\/100\n|-damage|p2a: Gardevoir|88\/100|[from] Stealth Rock\n|turn|5\n|\n|t:|1701071687\n|move|p2a: Gardevoir|Aura Sphere|p1a: Kingambit\n|-supereffective|p1a: Kingambit\n|-damage|p1a: Kingambit|0 fnt\n|faint|p1a: Kingambit\n|-end|p1a: Kingambit|fallen1|[silent]\n|\n|upkeep\n|inactive|Battle timer is ON: inactive players will automatically lose when time's up. (requested by Koolwraith)\n|\n|t:|1701071705\n|switch|p1a: Iron Moth|Iron Moth|100\/100\n|-enditem|p1a: Iron Moth|Booster Energy\n|-activate|p1a: Iron Moth|ability: Quark Drive|[fromitem]\n|-start|p1a: Iron Moth|quarkdrivespe\n|turn|6\n|\n|t:|1701071718\n|switch|p2a: Garganacl|Garganacl, F|100\/100\n|-damage|p2a: Garganacl|88\/100|[from] Stealth Rock\n|-terastallize|p1a: Iron Moth|Fairy\n|move|p1a: Iron Moth|Sludge Wave|p2a: Garganacl\n|-resisted|p2a: Garganacl\n|-damage|p2a: Garganacl|65\/100\n|\n|upkeep\n|turn|7\n|\n|t:|1701071729\n|move|p1a: Iron Moth|Energy Ball|p2a: Garganacl\n|-supereffective|p2a: Garganacl\n|-damage|p2a: Garganacl|13\/100\n|move|p2a: Garganacl|Earthquake|p1a: Iron Moth\n|-damage|p1a: Iron Moth|52\/100\n|\n|upkeep\n|turn|8\n|\n|t:|1701071735\n|move|p1a: Iron Moth|Energy Ball|p2a: Garganacl\n|-supereffective|p2a: Garganacl\n|-damage|p2a: Garganacl|0 fnt\n|faint|p2a: Garganacl\n|\n|upkeep\n|\n|t:|1701071743\n|switch|p2a: Landorus|Landorus-Therian, M|100\/100\n|-damage|p2a: Landorus|88\/100|[from] Stealth Rock\n|-ability|p2a: Landorus|Intimidate|boost\n|-unboost|p1a: Iron Moth|atk|1\n|turn|9\n|\n|t:|1701071754\n|move|p1a: Iron Moth|Fiery Dance|p2a: Landorus\n|-damage|p2a: Landorus|35\/100\n|move|p2a: Landorus|Swords Dance|p2a: Landorus\n|-boost|p2a: Landorus|atk|2\n|\n|upkeep\n|turn|10\n|\n|t:|1701071761\n|move|p1a: Iron Moth|Fiery Dance|p2a: Landorus\n|-damage|p2a: Landorus|0 fnt\n|faint|p2a: Landorus\n|\n|upkeep\n|\n|t:|1701071770\n|switch|p2a: Rotom|Rotom-Fan|100\/100\n|-damage|p2a: Rotom|76\/100|[from] Stealth Rock\n|-item|p2a: Rotom|Air Balloon\n|turn|11\n|\n|t:|1701071789\n|move|p1a: Iron Moth|Fiery Dance|p2a: Rotom\n|-damage|p2a: Rotom|22\/100\n|-enditem|p2a: Rotom|Air Balloon\n|move|p2a: Rotom|Discharge|p1a: Iron Moth\n|-damage|p1a: Iron Moth|19\/100\n|\n|upkeep\n|turn|12\n|\n|t:|1701071797\n|move|p1a: Iron Moth|Fiery Dance|p2a: Rotom\n|-damage|p2a: Rotom|0 fnt\n|faint|p2a: Rotom\n|\n|upkeep\n|\n|t:|1701071802\n|switch|p2a: Gardevoir|Gardevoir, M|88\/100\n|-damage|p2a: Gardevoir|76\/100|[from] Stealth Rock\n|turn|13\n|\n|t:|1701071816\n|move|p1a: Iron Moth|Sludge Wave|p2a: Gardevoir\n|-supereffective|p2a: Gardevoir\n|-damage|p2a: Gardevoir|0 fnt\n|faint|p2a: Gardevoir\n|\n|upkeep\n|\n|t:|1701071820\n|switch|p2a: Blissey|Blissey, F|100\/100\n|-damage|p2a: Blissey|88\/100|[from] Stealth Rock\n|turn|14\n|\n|t:|1701071827\n|-terastallize|p2a: Blissey|Normal\n|move|p1a: Iron Moth|Sludge Wave|p2a: Blissey\n|-damage|p2a: Blissey|70\/100\n|move|p2a: Blissey|Ice Punch|p1a: Iron Moth\n|-damage|p1a: Iron Moth|5\/100\n|\n|-status|p2a: Blissey|tox|[from] item: Toxic Orb\n|upkeep\n|turn|15\n|\n|t:|1701071841\n|move|p1a: Iron Moth|Fiery Dance|p2a: Blissey\n|-damage|p2a: Blissey|56\/100 tox\n|-boost|p1a: Iron Moth|spa|1\n|move|p2a: Blissey|Ice Punch|p1a: Iron Moth\n|-damage|p1a: Iron Moth|0 fnt\n|faint|p1a: Iron Moth\n|-end|p1a: Iron Moth|Quark Drive|[silent]\n|\n|-damage|p2a: Blissey|50\/100 tox|[from] psn\n|upkeep\n|\n|t:|1701071848\n|switch|p1a: Iron Valiant|Iron Valiant|100\/100\n|-enditem|p1a: Iron Valiant|Booster Energy\n|-activate|p1a: Iron Valiant|ability: Quark Drive|[fromitem]\n|-start|p1a: Iron Valiant|quarkdrivespe\n|turn|16\n|\n|t:|1701071854\n|move|p1a: Iron Valiant|Close Combat|p2a: Blissey\n|-supereffective|p2a: Blissey\n|-damage|p2a: Blissey|0 fnt\n|-unboost|p1a: Iron Valiant|def|1\n|-unboost|p1a: Iron Valiant|spd|1\n|faint|p2a: Blissey\n|\n|win|RainWaiv\n|raw|RainWaiv's rating: 1140 &rarr; <strong>1158<\/strong><br \/>(+18 for winning)\n|raw|Koolwraith's rating: 1040 &rarr; <strong>1028<\/strong><br \/>(-12 for losing)\n|c|\u2606Koolwraith|Nooooo\n|c|\u2606RainWaiv|lol\n|c|\u2606RainWaiv|cool fiery dance luck\n|c|\u2606Koolwraith|How did you beat my Toxic Orb Blissey?!\n|c|\u2606Koolwraith|It's INVINCIBLE\n","uploadtime":1701071987,"views":16,"p1id":"rainwaiv","p2id":"koolwraith","formatid":"gen9ou","rating":1028,"private":0,"password":""}