{"id":"gen9ou-1992880387","p1":"moi_snooze","p2":"Aztec Priest","format":"[Gen 9] OU","log":"|j|\u2606moi_snooze\n|j|\u2606Aztec Priest\n|t:|1700243433\n|gametype|singles\n|player|p1|moi_snooze|2|1456\n|player|p2|Aztec Priest|elesa-masters|1559\n|teamsize|p1|6\n|teamsize|p2|6\n|gen|9\n|tier|[Gen 9] OU\n|rated|\n|rule|Sleep Clause Mod: Limit one foe put to sleep\n|rule|Species Clause: Limit one of each Pok\u00e9mon\n|rule|OHKO Clause: OHKO moves are banned\n|rule|Evasion Items Clause: Evasion items are banned\n|rule|Evasion Moves Clause: Evasion moves are banned\n|rule|Endless Battle Clause: Forcing endless battles is banned\n|rule|HP Percentage Mod: HP is shown in percentages\n|clearpoke\n|poke|p1|Indeedee, M|\n|poke|p1|Hatterene, F|\n|poke|p1|Maushold|\n|poke|p1|Armarouge, F|\n|poke|p1|Polteageist|\n|poke|p1|Sneasler, M|\n|poke|p2|Walking Wake|\n|poke|p2|Gholdengo|\n|poke|p2|Iron Valiant|\n|poke|p2|Ting-Lu|\n|poke|p2|Cinderace, M|\n|poke|p2|Glimmora, F|\n|teampreview\n|\n|t:|1700243469\n|start\n|switch|p1a: Indeedee|Indeedee, M|100\/100\n|switch|p2a: Spine Breaker 5000|Glimmora, F|100\/100\n|-fieldstart|move: Psychic Terrain|[from] ability: Psychic Surge|[of] p1a: Indeedee\n|turn|1\n|\n|t:|1700243483\n|move|p1a: Indeedee|Psychic|p2a: Spine Breaker 5000\n|-supereffective|p2a: Spine Breaker 5000\n|-enditem|p2a: Spine Breaker 5000|Focus Sash\n|-damage|p2a: Spine Breaker 5000|1\/100\n|move|p2a: Spine Breaker 5000|Stealth Rock|p1a: Indeedee\n|-sidestart|p1: moi_snooze|move: Stealth Rock\n|\n|upkeep\n|turn|2\n|\n|t:|1700243490\n|switch|p2a: Bing Lu|Ting-Lu|100\/100\n|-ability|p2a: Bing Lu|Vessel of Ruin\n|move|p1a: Indeedee|Psychic|p2a: Bing Lu\n|-immune|p2a: Bing Lu\n|\n|upkeep\n|turn|3\n|\n|t:|1700243500\n|switch|p1a: Hatterene|Hatterene, F|100\/100\n|-damage|p1a: Hatterene|88\/100|[from] Stealth Rock\n|move|p2a: Bing Lu|Spikes|p1a: Hatterene\n|move|p1a: Hatterene|Spikes|p2a: Bing Lu|[from]ability: Magic Bounce\n|-sidestart|p2: Aztec Priest|Spikes\n|\n|upkeep\n|turn|4\n|\n|t:|1700243507\n|switch|p2a: Spine Breaker 5000|Glimmora, F|1\/100\n|-damage|p2a: Spine Breaker 5000|0 fnt|[from] Spikes\n|faint|p2a: Spine Breaker 5000\n|move|p1a: Hatterene|Draining Kiss|p2: Spine Breaker 5000|[notarget]\n|-fail|p1a: Hatterene\n|\n|upkeep\n|\n|t:|1700243512\n|switch|p2a: Ronald|Gholdengo|100\/100\n|-item|p2a: Ronald|Air Balloon\n|turn|5\n|\n|t:|1700243554\n|move|p2a: Ronald|Shadow Ball|p1a: Hatterene\n|-supereffective|p1a: Hatterene\n|-damage|p1a: Hatterene|1\/100\n|-enditem|p1a: Hatterene|Eject Button\n|\n|t:|1700243558\n|switch|p1a: Maushold|Maushold|100\/100\n|-damage|p1a: Maushold|88\/100|[from] Stealth Rock\n|\n|upkeep\n|turn|6\n|\n|t:|1700243562\n|move|p1a: Maushold|Tidy Up|p1a: Maushold\n|-sideend|p1: moi_snooze|Stealth Rock\n|-sideend|p2: Aztec Priest|Spikes\n|-activate|p1a: Maushold|move: Tidy Up\n|-boost|p1a: Maushold|atk|1\n|-boost|p1a: Maushold|spe|1\n|move|p2a: Ronald|Make It Rain|p1a: Maushold\n|-damage|p1a: Maushold|0 fnt\n|-unboost|p2a: Ronald|spa|1\n|faint|p1a: Maushold\n|\n|upkeep\n|inactive|Battle timer is ON: inactive players will automatically lose when time's up. (requested by Aztec Priest)\n|\n|t:|1700243635\n|switch|p1a: Sneasler|Sneasler, M|100\/100\n|-enditem|p1a: Sneasler|Psychic Seed\n|-boost|p1a: Sneasler|spd|1|[from] item: Psychic Seed\n|turn|7\n|\n|t:|1700243650\n|switch|p2a: Bing Lu|Ting-Lu|100\/100\n|-ability|p2a: Bing Lu|Vessel of Ruin\n|move|p1a: Sneasler|Swords Dance|p1a: Sneasler\n|-boost|p1a: Sneasler|atk|2\n|\n|upkeep\n|turn|8\n|\n|t:|1700243657\n|-terastallize|p2a: Bing Lu|Poison\n|move|p1a: Sneasler|Close Combat|p2a: Bing Lu\n|-resisted|p2a: Bing Lu\n|-damage|p2a: Bing Lu|58\/100\n|-unboost|p1a: Sneasler|def|1\n|-unboost|p1a: Sneasler|spd|1\n|move|p2a: Bing Lu|Whirlwind|p1a: Sneasler\n|drag|p1a: Armarouge|Armarouge, F|100\/100\n|\n|-heal|p2a: Bing Lu|65\/100|[from] item: Leftovers\n|-fieldend|move: Psychic Terrain\n|upkeep\n|turn|9\n|\n|t:|1700243670\n|switch|p1a: Indeedee|Indeedee, M|100\/100\n|-fieldstart|move: Psychic Terrain|[from] ability: Psychic Surge|[of] p1a: Indeedee\n|switch|p2a: Stalking Baked|Walking Wake|100\/100\n|\n|upkeep\n|turn|10\n|\n|t:|1700243677\n|move|p2a: Stalking Baked|Protect|p2a: Stalking Baked\n|-singleturn|p2a: Stalking Baked|Protect\n|move|p1a: Indeedee|Dazzling Gleam|p2a: Stalking Baked\n|-activate|p2a: Stalking Baked|move: Protect\n|\n|upkeep\n|turn|11\n|\n|t:|1700243685\n|move|p1a: Indeedee|Dazzling Gleam|p2a: Stalking Baked\n|-supereffective|p2a: Stalking Baked\n|-damage|p2a: Stalking Baked|53\/100\n|move|p2a: Stalking Baked|Substitute|p2a: Stalking Baked\n|-start|p2a: Stalking Baked|Substitute\n|-damage|p2a: Stalking Baked|28\/100\n|\n|-heal|p2a: Stalking Baked|34\/100|[from] item: Leftovers\n|upkeep\n|turn|12\n|\n|t:|1700243690\n|move|p2a: Stalking Baked|Protect|p2a: Stalking Baked\n|-singleturn|p2a: Stalking Baked|Protect\n|move|p1a: Indeedee|Dazzling Gleam|p2a: Stalking Baked\n|-activate|p2a: Stalking Baked|move: Protect\n|\n|-heal|p2a: Stalking Baked|41\/100|[from] item: Leftovers\n|upkeep\n|turn|13\n|\n|t:|1700243693\n|move|p1a: Indeedee|Dazzling Gleam|p2a: Stalking Baked\n|-supereffective|p2a: Stalking Baked\n|-end|p2a: Stalking Baked|Substitute\n|move|p2a: Stalking Baked|Scald|p1a: Indeedee\n|-damage|p1a: Indeedee|44\/100\n|\n|-heal|p2a: Stalking Baked|47\/100|[from] item: Leftovers\n|upkeep\n|turn|14\n|\n|t:|1700243697\n|move|p2a: Stalking Baked|Protect|p2a: Stalking Baked\n|-singleturn|p2a: Stalking Baked|Protect\n|move|p1a: Indeedee|Dazzling Gleam|p2a: Stalking Baked\n|-activate|p2a: Stalking Baked|move: Protect\n|\n|-heal|p2a: Stalking Baked|53\/100|[from] item: Leftovers\n|upkeep\n|turn|15\n|\n|t:|1700243707\n|move|p1a: Indeedee|Dazzling Gleam|p2a: Stalking Baked\n|-supereffective|p2a: Stalking Baked\n|-damage|p2a: Stalking Baked|1\/100\n|move|p2a: Stalking Baked|Scald|p1a: Indeedee\n|-damage|p1a: Indeedee|0 fnt\n|faint|p1a: Indeedee\n|\n|-heal|p2a: Stalking Baked|7\/100|[from] item: Leftovers\n|upkeep\n|inactive|moi_snooze has 120 seconds left.\n|\n|t:|1700243745\n|switch|p1a: Polteageist|Polteageist|100\/100\n|turn|16\n|inactive|Aztec Priest has 120 seconds left.\n|\n|t:|1700243775\n|move|p1a: Polteageist|Shell Smash|p1a: Polteageist\n|-unboost|p1a: Polteageist|def|1\n|-unboost|p1a: Polteageist|spd|1\n|-boost|p1a: Polteageist|atk|2\n|-boost|p1a: Polteageist|spa|2\n|-boost|p1a: Polteageist|spe|2\n|move|p2a: Stalking Baked|Dragon Tail|p1a: Polteageist\n|-damage|p1a: Polteageist|59\/100\n|-ability|p1a: Polteageist|Weak Armor|boost\n|-unboost|p1a: Polteageist|def|1\n|-boost|p1a: Polteageist|spe|2\n|drag|p1a: Armarouge|Armarouge, F|100\/100\n|\n|-heal|p2a: Stalking Baked|14\/100|[from] item: Leftovers\n|-fieldend|move: Psychic Terrain\n|upkeep\n|turn|17\n|\n|t:|1700243787\n|move|p2a: Stalking Baked|Protect|p2a: Stalking Baked\n|-singleturn|p2a: Stalking Baked|Protect\n|move|p1a: Armarouge|Expanding Force|p2a: Stalking Baked\n|-activate|p2a: Stalking Baked|move: Protect\n|\n|-heal|p2a: Stalking Baked|20\/100|[from] item: Leftovers\n|upkeep\n|turn|18\n|\n|t:|1700243794\n|move|p2a: Stalking Baked|Scald|p1a: Armarouge\n|-supereffective|p1a: Armarouge\n|-damage|p1a: Armarouge|1\/100\n|move|p1a: Armarouge|Expanding Force|p2a: Stalking Baked\n|-damage|p2a: Stalking Baked|0 fnt\n|faint|p2a: Stalking Baked\n|-end|p2a: Stalking Baked|Protosynthesis|[silent]\n|\n|upkeep\n|inactive|Aztec Priest has 120 seconds left.\n|\n|t:|1700243829\n|switch|p2a: Ronald|Gholdengo|100\/100\n|-item|p2a: Ronald|Air Balloon\n|turn|19\n|\n|t:|1700243835\n|switch|p1a: Hatterene|Hatterene, F|1\/100\n|move|p2a: Ronald|Shadow Ball|p1a: Hatterene\n|-supereffective|p1a: Hatterene\n|-damage|p1a: Hatterene|0 fnt\n|faint|p1a: Hatterene\n|\n|upkeep\n|\n|t:|1700243837\n|switch|p1a: Sneasler|Sneasler, M|100\/100\n|turn|20\n|inactive|Aztec Priest has 120 seconds left.\n|\n|t:|1700243870\n|move|p1a: Sneasler|Shadow Claw|p2a: Ronald\n|-supereffective|p2a: Ronald\n|-damage|p2a: Ronald|36\/100\n|-enditem|p2a: Ronald|Air Balloon\n|move|p2a: Ronald|Make It Rain|p1a: Sneasler\n|-damage|p1a: Sneasler|15\/100\n|-unboost|p2a: Ronald|spa|1\n|\n|upkeep\n|turn|21\n|\n|t:|1700243874\n|move|p1a: Sneasler|Shadow Claw|p2a: Ronald\n|-supereffective|p2a: Ronald\n|-damage|p2a: Ronald|0 fnt\n|faint|p2a: Ronald\n|\n|upkeep\n|\n|t:|1700243876\n|switch|p2a: Kyurem White|Cinderace, M|100\/100\n|turn|22\n|\n|t:|1700243882\n|move|p2a: Kyurem White|Pyro Ball|p1a: Sneasler\n|-damage|p1a: Sneasler|0 fnt\n|faint|p1a: Sneasler\n|\n|upkeep\n|\n|t:|1700243885\n|switch|p1a: Armarouge|Armarouge, F|1\/100\n|turn|23\n|\n|t:|1700243889\n|move|p1a: Armarouge|Endure|p1a: Armarouge\n|-singleturn|p1a: Armarouge|move: Endure\n|move|p2a: Kyurem White|Pyro Ball|p1a: Armarouge|[miss]\n|-miss|p2a: Kyurem White|p1a: Armarouge\n|\n|upkeep\n|turn|24\n|c|\u2606Aztec Priest|A\n|\n|t:|1700243897\n|move|p1a: Armarouge|Endure|p1a: Armarouge\n|-singleturn|p1a: Armarouge|move: Endure\n|move|p2a: Kyurem White|Pyro Ball|p1a: Armarouge\n|-resisted|p1a: Armarouge\n|-activate|p1a: Armarouge|move: Endure\n|-damage|p1a: Armarouge|1\/100\n|-ability|p1a: Armarouge|Weak Armor|boost\n|-unboost|p1a: Armarouge|def|1\n|-boost|p1a: Armarouge|spe|2\n|\n|upkeep\n|turn|25\n|\n|t:|1700243903\n|move|p2a: Kyurem White|Sucker Punch||[still]\n|-fail|p2a: Kyurem White\n|move|p1a: Armarouge|Destiny Bond|p1a: Armarouge\n|-singlemove|p1a: Armarouge|Destiny Bond\n|\n|upkeep\n|turn|26\n|\n|t:|1700243906\n|move|p1a: Armarouge|Endure|p1a: Armarouge\n|-singleturn|p1a: Armarouge|move: Endure\n|move|p2a: Kyurem White|Sucker Punch||[still]\n|-fail|p2a: Kyurem White\n|\n|upkeep\n|turn|27\n|\n|t:|1700243914\n|move|p2a: Kyurem White|Sucker Punch||[still]\n|-fail|p2a: Kyurem White\n|move|p1a: Armarouge|Destiny Bond|p1a: Armarouge\n|-singlemove|p1a: Armarouge|Destiny Bond\n|\n|upkeep\n|turn|28\n|\n|t:|1700243930\n|move|p1a: Armarouge|Endure|p1a: Armarouge\n|-singleturn|p1a: Armarouge|move: Endure\n|move|p2a: Kyurem White|Pyro Ball|p1a: Armarouge\n|-resisted|p1a: Armarouge\n|-activate|p1a: Armarouge|move: Endure\n|-damage|p1a: Armarouge|1\/100\n|-ability|p1a: Armarouge|Weak Armor|boost\n|-unboost|p1a: Armarouge|def|1\n|-boost|p1a: Armarouge|spe|2\n|\n|upkeep\n|turn|29\n|\n|t:|1700243937\n|move|p1a: Armarouge|Destiny Bond|p1a: Armarouge\n|-singlemove|p1a: Armarouge|Destiny Bond\n|move|p2a: Kyurem White|Pyro Ball|p1a: Armarouge\n|-resisted|p1a: Armarouge\n|-damage|p1a: Armarouge|0 fnt\n|faint|p1a: Armarouge\n|-activate|p1a: Armarouge|move: Destiny Bond\n|faint|p2a: Kyurem White\n|\n|upkeep\n|\n|t:|1700243941\n|switch|p2a: Rotom Wash|Iron Valiant|100\/100\n|switch|p1a: Polteageist|Polteageist|59\/100\n|turn|30\n|\n|t:|1700243947\n|-terastallize|p1a: Polteageist|Fighting\n|move|p2a: Rotom Wash|Moonblast|p1a: Polteageist\n|-supereffective|p1a: Polteageist\n|-damage|p1a: Polteageist|0 fnt\n|faint|p1a: Polteageist\n|\n|win|Aztec Priest\n|raw|moi_snooze's rating: 1456 &rarr; <strong>1442<\/strong><br \/>(-14 for losing)\n|raw|Aztec Priest's rating: 1559 &rarr; <strong>1573<\/strong><br \/>(+14 for winning)\n","uploadtime":1700243953,"views":11,"p1id":"moisnooze","p2id":"aztecpriest","formatid":"gen9ou","rating":1442,"private":0,"password":""}