{"id":"gen9ou-2000556714","p1":"Dadshirt","p2":"DerickCC","format":"[Gen 9] OU","log":"|j|\u2606Dadshirt\n|j|\u2606DerickCC\n|t:|1701205045\n|gametype|singles\n|player|p1|Dadshirt|ghetsis|1254\n|player|p2|DerickCC|maid|1203\n|teamsize|p1|6\n|teamsize|p2|6\n|gen|9\n|tier|[Gen 9] OU\n|rated|\n|rule|Sleep Clause Mod: Limit one foe put to sleep\n|rule|Species Clause: Limit one of each Pok\u00e9mon\n|rule|OHKO Clause: OHKO moves are banned\n|rule|Evasion Items Clause: Evasion items are banned\n|rule|Evasion Moves Clause: Evasion moves are banned\n|rule|Endless Battle Clause: Forcing endless battles is banned\n|rule|HP Percentage Mod: HP is shown in percentages\n|clearpoke\n|poke|p1|Greninja-*, M|\n|poke|p1|Zapdos-Galar|\n|poke|p1|Ribombee, F|\n|poke|p1|Great Tusk|\n|poke|p1|Gholdengo|\n|poke|p1|Clefable, F|\n|poke|p2|Skeledirge, M|\n|poke|p2|Ribombee, M|\n|poke|p2|Cryogonal|\n|poke|p2|Hoopa-Unbound|\n|poke|p2|Ogerpon-Wellspring, F|\n|poke|p2|Salamence, F|\n|teampreview\n|inactive|Battle timer is ON: inactive players will automatically lose when time's up. (requested by Dadshirt)\n|\n|t:|1701205071\n|start\n|switch|p1a: Ribombee|Ribombee, F, shiny|100\/100\n|switch|p2a: Roxanne|Salamence, F|100\/100\n|-ability|p2a: Roxanne|Intimidate|boost\n|-unboost|p1a: Ribombee|atk|1\n|turn|1\n|\n|t:|1701205089\n|-terastallize|p2a: Roxanne|Steel\n|move|p1a: Ribombee|Moonblast|p2a: Roxanne\n|-resisted|p2a: Roxanne\n|-damage|p2a: Roxanne|77\/100\n|move|p2a: Roxanne|Dragon Dance|p2a: Roxanne\n|-boost|p2a: Roxanne|atk|1\n|-boost|p2a: Roxanne|spe|1\n|\n|upkeep\n|turn|2\n|\n|t:|1701205099\n|move|p2a: Roxanne|Dual Wingbeat|p1a: Ribombee\n|-supereffective|p1a: Ribombee\n|-enditem|p1a: Ribombee|Focus Sash\n|-damage|p1a: Ribombee|1\/100\n|-supereffective|p1a: Ribombee\n|-damage|p1a: Ribombee|0 fnt\n|faint|p1a: Ribombee\n|-hitcount|p1: Ribombee|2\n|\n|upkeep\n|\n|t:|1701205104\n|switch|p1a: Clefable|Clefable, F|100\/100\n|turn|3\n|\n|t:|1701205115\n|move|p2a: Roxanne|Dual Wingbeat|p1a: Clefable\n|-damage|p1a: Clefable|59\/100\n|-damage|p1a: Clefable|19\/100\n|-hitcount|p1a: Clefable|2\n|move|p1a: Clefable|Flamethrower|p2a: Roxanne\n|-supereffective|p2a: Roxanne\n|-damage|p2a: Roxanne|0 fnt\n|faint|p2a: Roxanne\n|\n|upkeep\n|\n|t:|1701205127\n|switch|p2a: Sinatra|Skeledirge, M, shiny|100\/100\n|turn|4\n|\n|t:|1701205146\n|move|p1a: Clefable|Moonlight|p1a: Clefable\n|-heal|p1a: Clefable|69\/100\n|move|p2a: Sinatra|Torch Song|p1a: Clefable\n|-damage|p1a: Clefable|37\/100\n|-boost|p2a: Sinatra|spa|1\n|\n|upkeep\n|turn|5\n|\n|t:|1701205155\n|move|p1a: Clefable|Moonlight|p1a: Clefable\n|-heal|p1a: Clefable|86\/100\n|move|p2a: Sinatra|Torch Song|p1a: Clefable\n|-damage|p1a: Clefable|40\/100\n|-boost|p2a: Sinatra|spa|1\n|\n|upkeep\n|turn|6\n|\n|t:|1701205164\n|move|p1a: Clefable|Ice Beam|p2a: Sinatra\n|-resisted|p2a: Sinatra\n|-crit|p2a: Sinatra\n|-damage|p2a: Sinatra|81\/100\n|move|p2a: Sinatra|Will-O-Wisp|p1a: Clefable\n|-status|p1a: Clefable|brn\n|\n|-heal|p2a: Sinatra|87\/100|[from] item: Leftovers\n|upkeep\n|turn|7\n|\n|t:|1701205173\n|move|p1a: Clefable|Ice Beam|p2a: Sinatra\n|-resisted|p2a: Sinatra\n|-damage|p2a: Sinatra|75\/100\n|move|p2a: Sinatra|Torch Song|p1a: Clefable\n|-damage|p1a: Clefable|0 fnt\n|-boost|p2a: Sinatra|spa|1\n|faint|p1a: Clefable\n|\n|-heal|p2a: Sinatra|81\/100|[from] item: Leftovers\n|upkeep\n|\n|t:|1701205176\n|switch|p1a: Great Tusk|Great Tusk|100\/100\n|-enditem|p1a: Great Tusk|Booster Energy\n|-activate|p1a: Great Tusk|ability: Protosynthesis|[fromitem]\n|-start|p1a: Great Tusk|protosynthesisspe\n|turn|8\n|\n|t:|1701205186\n|switch|p2a: Best Shiny|Cryogonal, shiny|100\/100\n|move|p1a: Great Tusk|Earthquake|p2a: Best Shiny\n|-immune|p2a: Best Shiny|[from] ability: Levitate\n|\n|upkeep\n|turn|9\n|\n|t:|1701205196\n|-end|p1a: Great Tusk|Protosynthesis|[silent]\n|switch|p1a: Gholdengo|Gholdengo|100\/100\n|-item|p1a: Gholdengo|Air Balloon\n|move|p2a: Best Shiny|Reflect|p2a: Best Shiny\n|-sidestart|p2: DerickCC|Reflect\n|\n|upkeep\n|turn|10\n|\n|t:|1701205209\n|move|p2a: Best Shiny|Light Screen|p2a: Best Shiny\n|-sidestart|p2: DerickCC|move: Light Screen\n|move|p1a: Gholdengo|Nasty Plot|p1a: Gholdengo\n|-boost|p1a: Gholdengo|spa|2\n|\n|upkeep\n|turn|11\n|\n|t:|1701205214\n|switch|p2a: Sinatra|Skeledirge, M, shiny|81\/100\n|move|p1a: Gholdengo|Nasty Plot|p1a: Gholdengo\n|-boost|p1a: Gholdengo|spa|2\n|\n|-heal|p2a: Sinatra|87\/100|[from] item: Leftovers\n|upkeep\n|turn|12\n|\n|t:|1701205221\n|move|p1a: Gholdengo|Shadow Ball|p2a: Sinatra\n|-supereffective|p2a: Sinatra\n|-crit|p2a: Sinatra\n|-damage|p2a: Sinatra|0 fnt\n|faint|p2a: Sinatra\n|\n|upkeep\n|\n|t:|1701205225\n|switch|p2a: Hoopa Troopa|Hoopa-Unbound|100\/100\n|turn|13\n|\n|t:|1701205232\n|-terastallize|p1a: Gholdengo|Flying\n|move|p2a: Hoopa Troopa|Dark Pulse|p1a: Gholdengo\n|-damage|p1a: Gholdengo|43\/100\n|-enditem|p1a: Gholdengo|Air Balloon\n|cant|p1a: Gholdengo|flinch\n|\n|upkeep\n|turn|14\n|c|\u2606Dadshirt|gg\n|\n|t:|1701205238\n|move|p2a: Hoopa Troopa|Thunderbolt|p1a: Gholdengo\n|-supereffective|p1a: Gholdengo\n|-damage|p1a: Gholdengo|0 fnt\n|faint|p1a: Gholdengo\n|\n|upkeep\n|c|\u2606DerickCC|gg\n|\n|t:|1701205247\n|switch|p1a: Great Tusk|Great Tusk|100\/100\n|turn|15\n|c|\u2606Dadshirt|loser ass game\n|-message|Dadshirt forfeited.\n|\n|win|DerickCC\n|raw|Dadshirt's rating: 1254 &rarr; <strong>1225<\/strong><br \/>(-29 for losing)\n|raw|DerickCC's rating: 1203 &rarr; <strong>1232<\/strong><br \/>(+29 for winning)\n|l|\u2606Dadshirt\n","uploadtime":1701205277,"views":2,"p1id":"dadshirt","p2id":"derickcc","formatid":"gen9ou","rating":1225,"private":0,"password":""}