{"id":"gen9ou-1997824476","p1":"EoRem","p2":"eelseatfood","format":"[Gen 9] OU","log":"|j|\u2606EoRem\n|j|\u2606eelseatfood\n|t:|1700856677\n|gametype|singles\n|player|p1|EoRem|102|1135\n|player|p2|eelseatfood|1|1159\n|teamsize|p1|6\n|teamsize|p2|6\n|gen|9\n|tier|[Gen 9] OU\n|rated|\n|rule|Sleep Clause Mod: Limit one foe put to sleep\n|rule|Species Clause: Limit one of each Pok\u00e9mon\n|rule|OHKO Clause: OHKO moves are banned\n|rule|Evasion Items Clause: Evasion items are banned\n|rule|Evasion Moves Clause: Evasion moves are banned\n|rule|Endless Battle Clause: Forcing endless battles is banned\n|rule|HP Percentage Mod: HP is shown in percentages\n|clearpoke\n|poke|p1|Dragapult, M|\n|poke|p1|Munkidori, M|\n|poke|p1|Great Tusk|\n|poke|p1|Gholdengo|\n|poke|p1|Samurott-Hisui, F|\n|poke|p1|Zapdos|\n|poke|p2|Grafaiai, M|\n|poke|p2|Salazzle, F|\n|poke|p2|Glimmora, F|\n|poke|p2|Dragapult, M|\n|poke|p2|Iron Valiant|\n|poke|p2|Kingambit, M|\n|teampreview\n|\n|t:|1700856689\n|start\n|switch|p1a: modie|Zapdos, shiny|100\/100\n|switch|p2a: Glimmora|Glimmora, F|100\/100\n|turn|1\n|\n|t:|1700856701\n|move|p1a: modie|Substitute|p1a: modie\n|-start|p1a: modie|Substitute\n|-damage|p1a: modie|76\/100\n|move|p2a: Glimmora|Stealth Rock|p1a: modie\n|-sidestart|p1: EoRem|move: Stealth Rock\n|\n|upkeep\n|turn|2\n|\n|t:|1700856709\n|move|p1a: modie|Hurricane|p2a: Glimmora\n|-resisted|p2a: Glimmora\n|-damage|p2a: Glimmora|61\/100\n|-start|p2a: Glimmora|confusion\n|-activate|p2a: Glimmora|confusion\n|move|p2a: Glimmora|Spikes|p1a: modie\n|-sidestart|p1: EoRem|Spikes\n|\n|upkeep\n|turn|3\n|\n|t:|1700856719\n|move|p1a: modie|Hurricane|p2a: Glimmora\n|-resisted|p2a: Glimmora\n|-damage|p2a: Glimmora|22\/100\n|-activate|p2a: Glimmora|confusion\n|move|p2a: Glimmora|Explosion|p1a: modie\n|-end|p1a: modie|Substitute\n|faint|p2a: Glimmora\n|\n|upkeep\n|\n|t:|1700856728\n|switch|p2a: Grafaiai|Grafaiai, M|100\/100\n|turn|4\n|\n|t:|1700856733\n|move|p2a: Grafaiai|Toxic|p1a: modie\n|-status|p1a: modie|tox\n|move|p1a: modie|Substitute|p1a: modie\n|-start|p1a: modie|Substitute\n|-damage|p1a: modie|51\/100 tox\n|\n|-damage|p1a: modie|44\/100 tox|[from] psn\n|upkeep\n|turn|5\n|\n|t:|1700856743\n|move|p2a: Grafaiai|Substitute|p2a: Grafaiai\n|-start|p2a: Grafaiai|Substitute\n|-damage|p2a: Grafaiai|76\/100\n|move|p1a: modie|Hurricane|p2a: Grafaiai|[miss]\n|-miss|p1a: modie|p2a: Grafaiai\n|\n|-heal|p2a: Grafaiai|82\/100|[from] item: Leftovers\n|-damage|p1a: modie|32\/100 tox|[from] psn\n|upkeep\n|turn|6\n|\n|t:|1700856753\n|move|p2a: Grafaiai|Dig||[still]\n|-prepare|p2a: Grafaiai|Dig\n|move|p1a: modie|Volt Switch|p2a: Grafaiai|[miss]\n|-miss|p1a: modie|p2a: Grafaiai\n|\n|-heal|p2a: Grafaiai|88\/100|[from] item: Leftovers\n|-damage|p1a: modie|13\/100 tox|[from] psn\n|upkeep\n|turn|7\n|\n|t:|1700856762\n|move|p2a: Grafaiai|Dig|p1a: modie|[from]lockedmove\n|-immune|p1a: modie\n|move|p1a: modie|Volt Switch|p2a: Grafaiai\n|-end|p2a: Grafaiai|Substitute\n|\n|t:|1700856769\n|switch|p1a: jamie|Great Tusk, shiny|100\/100|[from] Volt Switch\n|-damage|p1a: jamie|97\/100|[from] Stealth Rock\n|-damage|p1a: jamie|85\/100|[from] Spikes\n|\n|-heal|p2a: Grafaiai|94\/100|[from] item: Leftovers\n|-heal|p1a: jamie|91\/100|[from] item: Leftovers\n|upkeep\n|turn|8\n|\n|t:|1700856780\n|move|p2a: Grafaiai|Toxic|p1a: jamie\n|-status|p1a: jamie|tox\n|move|p1a: jamie|Rapid Spin|p2a: Grafaiai\n|-damage|p2a: Grafaiai|66\/100\n|-boost|p1a: jamie|spe|1\n|-sideend|p1: EoRem|Spikes|[from] move: Rapid Spin|[of] p1a: jamie\n|-sideend|p1: EoRem|Stealth Rock|[from] move: Rapid Spin|[of] p1a: jamie\n|\n|-heal|p2a: Grafaiai|72\/100|[from] item: Leftovers\n|-heal|p1a: jamie|97\/100 tox|[from] item: Leftovers\n|-damage|p1a: jamie|91\/100 tox|[from] psn\n|upkeep\n|turn|9\n|\n|t:|1700856794\n|move|p2a: Grafaiai|Substitute|p2a: Grafaiai\n|-start|p2a: Grafaiai|Substitute\n|-damage|p2a: Grafaiai|47\/100\n|move|p1a: jamie|Earthquake|p2a: Grafaiai\n|-supereffective|p2a: Grafaiai\n|-end|p2a: Grafaiai|Substitute\n|\n|-heal|p2a: Grafaiai|53\/100|[from] item: Leftovers\n|-heal|p1a: jamie|97\/100 tox|[from] item: Leftovers\n|-damage|p1a: jamie|85\/100 tox|[from] psn\n|upkeep\n|turn|10\n|\n|t:|1700856806\n|move|p2a: Grafaiai|Protect|p2a: Grafaiai\n|-singleturn|p2a: Grafaiai|Protect\n|move|p1a: jamie|Earthquake|p2a: Grafaiai\n|-activate|p2a: Grafaiai|move: Protect\n|\n|-heal|p2a: Grafaiai|59\/100|[from] item: Leftovers\n|-heal|p1a: jamie|91\/100 tox|[from] item: Leftovers\n|-damage|p1a: jamie|72\/100 tox|[from] psn\n|upkeep\n|turn|11\n|\n|t:|1700856816\n|move|p2a: Grafaiai|Substitute|p2a: Grafaiai\n|-start|p2a: Grafaiai|Substitute\n|-damage|p2a: Grafaiai|35\/100\n|move|p1a: jamie|Earthquake|p2a: Grafaiai\n|-supereffective|p2a: Grafaiai\n|-end|p2a: Grafaiai|Substitute\n|\n|-heal|p2a: Grafaiai|41\/100|[from] item: Leftovers\n|-heal|p1a: jamie|79\/100 tox|[from] item: Leftovers\n|-damage|p1a: jamie|54\/100 tox|[from] psn\n|upkeep\n|turn|12\n|\n|t:|1700856828\n|move|p2a: Grafaiai|Protect|p2a: Grafaiai\n|-singleturn|p2a: Grafaiai|Protect\n|move|p1a: jamie|Stealth Rock|p2a: Grafaiai\n|-sidestart|p2: eelseatfood|move: Stealth Rock\n|\n|-heal|p2a: Grafaiai|47\/100|[from] item: Leftovers\n|-heal|p1a: jamie|60\/100 tox|[from] item: Leftovers\n|-damage|p1a: jamie|29\/100 tox|[from] psn\n|upkeep\n|turn|13\n|\n|t:|1700856843\n|move|p2a: Grafaiai|Substitute|p2a: Grafaiai\n|-start|p2a: Grafaiai|Substitute\n|-damage|p2a: Grafaiai|22\/100\n|move|p1a: jamie|Earthquake|p2a: Grafaiai\n|-supereffective|p2a: Grafaiai\n|-end|p2a: Grafaiai|Substitute\n|\n|-heal|p2a: Grafaiai|28\/100|[from] item: Leftovers\n|-heal|p1a: jamie|35\/100 tox|[from] item: Leftovers\n|-damage|p1a: jamie|0 fnt|[from] psn\n|faint|p1a: jamie\n|-end|p1a: jamie|Protosynthesis|[silent]\n|upkeep\n|\n|t:|1700856860\n|switch|p1a: dris|Samurott-Hisui, F, shiny|100\/100\n|turn|14\n|\n|t:|1700856872\n|move|p2a: Grafaiai|Protect|p2a: Grafaiai\n|-singleturn|p2a: Grafaiai|Protect\n|move|p1a: dris|Ceaseless Edge|p2a: Grafaiai\n|-activate|p2a: Grafaiai|move: Protect\n|\n|-heal|p2a: Grafaiai|34\/100|[from] item: Leftovers\n|upkeep\n|turn|15\n|\n|t:|1700856881\n|move|p2a: Grafaiai|Dig||[still]\n|-prepare|p2a: Grafaiai|Dig\n|move|p1a: dris|Ceaseless Edge|p2a: Grafaiai|[miss]\n|-miss|p1a: dris|p2a: Grafaiai\n|\n|-heal|p2a: Grafaiai|40\/100|[from] item: Leftovers\n|upkeep\n|turn|16\n|\n|t:|1700856889\n|switch|p1a: modie|Zapdos, shiny|13\/100 tox\n|move|p2a: Grafaiai|Dig|p1a: modie|[from]lockedmove\n|-immune|p1a: modie\n|\n|-heal|p2a: Grafaiai|46\/100|[from] item: Leftovers\n|-damage|p1a: modie|7\/100 tox|[from] psn\n|upkeep\n|turn|17\n|\n|t:|1700856900\n|switch|p2a: Salazzle|Salazzle, F|100\/100\n|-damage|p2a: Salazzle|76\/100|[from] Stealth Rock\n|move|p1a: modie|Roost|p1a: modie\n|-heal|p1a: modie|57\/100 tox\n|-singleturn|p1a: modie|move: Roost\n|\n|-heal|p2a: Salazzle|82\/100|[from] item: Leftovers\n|-damage|p1a: modie|45\/100 tox|[from] psn\n|upkeep\n|turn|18\n|\n|t:|1700856912\n|move|p2a: Salazzle|Protect|p2a: Salazzle\n|-singleturn|p2a: Salazzle|Protect\n|move|p1a: modie|Volt Switch|p2a: Salazzle\n|-activate|p2a: Salazzle|move: Protect\n|\n|-heal|p2a: Salazzle|88\/100|[from] item: Leftovers\n|-damage|p1a: modie|26\/100 tox|[from] psn\n|upkeep\n|turn|19\n|\n|t:|1700856922\n|move|p2a: Salazzle|Flamethrower|p1a: modie\n|-damage|p1a: modie|0 fnt\n|faint|p1a: modie\n|\n|-heal|p2a: Salazzle|94\/100|[from] item: Leftovers\n|upkeep\n|\n|t:|1700856931\n|switch|p1a: dris|Samurott-Hisui, F, shiny|100\/100\n|turn|20\n|\n|t:|1700856943\n|-terastallize|p2a: Salazzle|Poison\n|move|p1a: dris|Aqua Jet|p2a: Salazzle\n|-damage|p2a: Salazzle|64\/100\n|move|p2a: Salazzle|Toxic|p1a: dris\n|-status|p1a: dris|tox\n|\n|-heal|p2a: Salazzle|70\/100|[from] item: Leftovers\n|-damage|p1a: dris|94\/100 tox|[from] psn\n|upkeep\n|turn|21\n|\n|t:|1700856956\n|move|p2a: Salazzle|Protect|p2a: Salazzle\n|-singleturn|p2a: Salazzle|Protect\n|move|p1a: dris|Sacred Sword|p2a: Salazzle\n|-activate|p2a: Salazzle|move: Protect\n|\n|-heal|p2a: Salazzle|76\/100|[from] item: Leftovers\n|-damage|p1a: dris|82\/100 tox|[from] psn\n|upkeep\n|turn|22\n|\n|t:|1700856968\n|move|p2a: Salazzle|Substitute|p2a: Salazzle\n|-start|p2a: Salazzle|Substitute\n|-damage|p2a: Salazzle|51\/100\n|move|p1a: dris|Ceaseless Edge|p2a: Salazzle\n|-end|p2a: Salazzle|Substitute\n|-sidestart|p2: eelseatfood|Spikes\n|\n|-heal|p2a: Salazzle|57\/100|[from] item: Leftovers\n|-damage|p1a: dris|63\/100 tox|[from] psn\n|upkeep\n|turn|23\n|\n|t:|1700856982\n|move|p2a: Salazzle|Protect|p2a: Salazzle\n|-singleturn|p2a: Salazzle|Protect\n|move|p1a: dris|Ceaseless Edge|p2a: Salazzle\n|-activate|p2a: Salazzle|move: Protect\n|\n|-heal|p2a: Salazzle|63\/100|[from] item: Leftovers\n|-damage|p1a: dris|38\/100 tox|[from] psn\n|upkeep\n|turn|24\n|\n|t:|1700856991\n|switch|p2a: Grafaiai|Grafaiai, M|46\/100\n|-damage|p2a: Grafaiai|33\/100|[from] Stealth Rock\n|-damage|p2a: Grafaiai|21\/100|[from] Spikes\n|move|p1a: dris|Ceaseless Edge|p2a: Grafaiai\n|-damage|p2a: Grafaiai|0 fnt\n|-sidestart|p2: eelseatfood|Spikes\n|faint|p2a: Grafaiai\n|\n|-damage|p1a: dris|7\/100 tox|[from] psn\n|upkeep\n|\n|t:|1700857004\n|switch|p2a: Dragapult|Dragapult, M|100\/100\n|-damage|p2a: Dragapult|88\/100|[from] Stealth Rock\n|-damage|p2a: Dragapult|72\/100|[from] Spikes\n|turn|25\n|\n|t:|1700857010\n|move|p2a: Dragapult|U-turn|p1a: dris\n|-supereffective|p1a: dris\n|-damage|p1a: dris|0 fnt\n|faint|p1a: dris\n|-damage|p2a: Dragapult|62\/100|[from] item: Life Orb\n|\n|t:|1700857013\n|switch|p2a: Salazzle|Salazzle, F, tera:Poison|63\/100|[from] U-turn\n|-damage|p2a: Salazzle|51\/100|[from] Stealth Rock\n|-damage|p2a: Salazzle|34\/100|[from] Spikes\n|\n|-heal|p2a: Salazzle|41\/100|[from] item: Leftovers\n|upkeep\n|\n|t:|1700857034\n|switch|p1a: dushane|Munkidori, M|100\/100\n|turn|26\n|\n|t:|1700857044\n|move|p2a: Salazzle|Toxic|p1a: dushane\n|-status|p1a: dushane|tox\n|move|p1a: dushane|Psychic|p2a: Salazzle\n|-supereffective|p2a: Salazzle\n|-damage|p2a: Salazzle|0 fnt\n|faint|p2a: Salazzle\n|\n|-damage|p1a: dushane|95\/100 tox|[from] psn\n|upkeep\n|\n|t:|1700857050\n|switch|p2a: Kingambit|Kingambit, M|100\/100\n|-damage|p2a: Kingambit|94\/100|[from] Stealth Rock\n|-damage|p2a: Kingambit|78\/100|[from] Spikes\n|-activate|p2a: Kingambit|ability: Supreme Overlord\n|-start|p2a: Kingambit|fallen3|[silent]\n|turn|27\n|\n|t:|1700857059\n|move|p1a: dushane|Focus Blast|p2a: Kingambit\n|-supereffective|p2a: Kingambit\n|-damage|p2a: Kingambit|0 fnt\n|faint|p2a: Kingambit\n|-end|p2a: Kingambit|fallen3|[silent]\n|\n|-damage|p1a: dushane|83\/100 tox|[from] psn\n|upkeep\n|\n|t:|1700857069\n|switch|p2a: Iron Valiant|Iron Valiant|100\/100\n|-damage|p2a: Iron Valiant|94\/100|[from] Stealth Rock\n|-damage|p2a: Iron Valiant|78\/100|[from] Spikes\n|turn|28\n|\n|t:|1700857075\n|move|p2a: Iron Valiant|Knock Off|p1a: dushane\n|-supereffective|p1a: dushane\n|-damage|p1a: dushane|0 fnt\n|-enditem|p1a: dushane|Heavy-Duty Boots|[from] move: Knock Off|[of] p2a: Iron Valiant\n|faint|p1a: dushane\n|\n|upkeep\n|\n|t:|1700857087\n|switch|p1a: rafe|Dragapult, M, shiny|100\/100\n|turn|29\n|\n|t:|1700857096\n|move|p1a: rafe|Dragon Darts|p2a: Iron Valiant\n|-immune|p2a: Iron Valiant\n|move|p2a: Iron Valiant|Knock Off|p1a: rafe\n|-supereffective|p1a: rafe\n|-damage|p1a: rafe|8\/100\n|-enditem|p1a: rafe|Choice Band|[from] move: Knock Off|[of] p2a: Iron Valiant\n|\n|upkeep\n|turn|30\n|\n|t:|1700857110\n|move|p1a: rafe|Phantom Force||[still]\n|-prepare|p1a: rafe|Phantom Force\n|move|p2a: Iron Valiant|Knock Off|p1a: rafe|[miss]\n|-miss|p2a: Iron Valiant|p1a: rafe\n|\n|upkeep\n|turn|31\n|\n|t:|1700857115\n|move|p1a: rafe|Phantom Force|p2a: Iron Valiant|[from]lockedmove\n|-damage|p2a: Iron Valiant|13\/100\n|move|p2a: Iron Valiant|Knock Off|p1a: rafe\n|-supereffective|p1a: rafe\n|-damage|p1a: rafe|0 fnt\n|faint|p1a: rafe\n|\n|upkeep\n|\n|t:|1700857124\n|switch|p1a: sully|Gholdengo, shiny|100\/100\n|turn|32\n|\n|t:|1700857131\n|-terastallize|p1a: sully|Flying\n|move|p2a: Iron Valiant|Knock Off|p1a: sully\n|-damage|p1a: sully|72\/100\n|-enditem|p1a: sully|Covert Cloak|[from] move: Knock Off|[of] p2a: Iron Valiant\n|move|p1a: sully|Nasty Plot|p1a: sully\n|-boost|p1a: sully|spa|2\n|\n|upkeep\n|turn|33\n|\n|t:|1700857142\n|move|p2a: Iron Valiant|Destiny Bond|p2a: Iron Valiant\n|-singlemove|p2a: Iron Valiant|Destiny Bond\n|move|p1a: sully|Shadow Ball|p2a: Iron Valiant\n|-damage|p2a: Iron Valiant|0 fnt\n|faint|p2a: Iron Valiant\n|-activate|p2a: Iron Valiant|move: Destiny Bond\n|-end|p2a: Iron Valiant|Quark Drive|[silent]\n|faint|p1a: sully\n|\n|win|eelseatfood\n|raw|EoRem's rating: 1135 &rarr; <strong>1112<\/strong><br \/>(-23 for losing)\n|raw|eelseatfood's rating: 1159 &rarr; <strong>1182<\/strong><br \/>(+23 for winning)\n|l|\u2606EoRem\n","uploadtime":1700857947,"views":2,"p1id":"eorem","p2id":"eelseatfood","formatid":"gen9ou","rating":1112,"private":0,"password":""}