{"id":"gen9ou-1992619172","p1":"KyogreF4N","p2":"damorush","format":"[Gen 9] OU","log":"|j|\u2606KyogreF4N\n|j|\u2606damorush\n|t:|1700215738\n|gametype|singles\n|player|p1|KyogreF4N|lucas|1700\n|player|p2|damorush|grimsley|1614\n|teamsize|p1|6\n|teamsize|p2|6\n|gen|9\n|tier|[Gen 9] OU\n|rated|\n|rule|Sleep Clause Mod: Limit one foe put to sleep\n|rule|Species Clause: Limit one of each Pok\u00e9mon\n|rule|OHKO Clause: OHKO moves are banned\n|rule|Evasion Items Clause: Evasion items are banned\n|rule|Evasion Moves Clause: Evasion moves are banned\n|rule|Endless Battle Clause: Forcing endless battles is banned\n|rule|HP Percentage Mod: HP is shown in percentages\n|clearpoke\n|poke|p1|Heatran, F|\n|poke|p1|Kingambit, M|\n|poke|p1|Clefable, F|\n|poke|p1|Zapdos|\n|poke|p1|Dragapult, M|\n|poke|p1|Gholdengo|\n|poke|p2|Iron Moth|\n|poke|p2|Dragapult, F|\n|poke|p2|Gholdengo|\n|poke|p2|Weavile, F|\n|poke|p2|Iron Valiant|\n|poke|p2|Iron Treads|\n|teampreview\n|\n|t:|1700215759\n|start\n|switch|p1a: Gholdengo|Gholdengo|100\/100\n|switch|p2a: Iron Treads|Iron Treads|100\/100\n|-item|p1a: Gholdengo|Air Balloon\n|-enditem|p2a: Iron Treads|Booster Energy\n|-activate|p2a: Iron Treads|ability: Quark Drive|[fromitem]\n|-start|p2a: Iron Treads|quarkdrivespe\n|turn|1\n|\n|t:|1700215768\n|move|p2a: Iron Treads|Stealth Rock|p1a: Gholdengo\n|-sidestart|p1: KyogreF4N|move: Stealth Rock\n|move|p1a: Gholdengo|Shadow Ball|p2a: Iron Treads\n|-damage|p2a: Iron Treads|41\/100\n|-unboost|p2a: Iron Treads|spd|1\n|\n|upkeep\n|turn|2\n|\n|t:|1700215772\n|move|p2a: Iron Treads|Knock Off|p1a: Gholdengo\n|-supereffective|p1a: Gholdengo\n|-crit|p1a: Gholdengo\n|-damage|p1a: Gholdengo|10\/100\n|-enditem|p1a: Gholdengo|Air Balloon\n|move|p1a: Gholdengo|Shadow Ball|p2a: Iron Treads\n|-crit|p2a: Iron Treads\n|-damage|p2a: Iron Treads|0 fnt\n|faint|p2a: Iron Treads\n|-end|p2a: Iron Treads|Quark Drive|[silent]\n|\n|upkeep\n|inactive|Battle timer is ON: inactive players will automatically lose when time's up. (requested by KyogreF4N)\n|j| AntiDinkus\n|inactive|damorush has 120 seconds left.\n|\n|t:|1700215817\n|switch|p2a: Weavile|Weavile, F|100\/100\n|-ability|p2a: Weavile|Pressure\n|turn|3\n|\n|t:|1700215838\n|move|p2a: Weavile|Swords Dance|p2a: Weavile\n|-boost|p2a: Weavile|atk|2\n|move|p1a: Gholdengo|Make It Rain|p2a: Weavile\n|-supereffective|p2a: Weavile\n|-damage|p2a: Weavile|0 fnt\n|-unboost|p1a: Gholdengo|spa|1\n|faint|p2a: Weavile\n|\n|upkeep\n|l| AntiDinkus\n|c|\u2606KyogreF4N|?\n|\n|t:|1700215843\n|switch|p2a: Iron Moth|Iron Moth|100\/100\n|-enditem|p2a: Iron Moth|Booster Energy\n|-activate|p2a: Iron Moth|ability: Quark Drive|[fromitem]\n|-start|p2a: Iron Moth|quarkdrivespe\n|turn|4\n|\n|t:|1700215849\n|switch|p1a: Heatran|Heatran, F|100\/100\n|-damage|p1a: Heatran|88\/100|[from] Stealth Rock\n|move|p2a: Iron Moth|Fiery Dance|p1a: Heatran\n|-start|p1a: Heatran|ability: Flash Fire\n|\n|-heal|p1a: Heatran|94\/100|[from] item: Leftovers\n|upkeep\n|turn|5\n|c|\u2606damorush|i choke\n|\n|t:|1700215859\n|-terastallize|p2a: Iron Moth|Ground\n|move|p2a: Iron Moth|Tera Blast|p1a: Heatran|[anim] Tera Blast Ground\n|-supereffective|p1a: Heatran\n|-damage|p1a: Heatran|0 fnt\n|faint|p1a: Heatran\n|\n|upkeep\n|\n|t:|1700215866\n|switch|p1a: Dragapult|Dragapult, M|100\/100\n|-damage|p1a: Dragapult|88\/100|[from] Stealth Rock\n|turn|6\n|\n|t:|1700215871\n|-end|p2a: Iron Moth|Quark Drive|[silent]\n|switch|p2a: Gholdengo|Gholdengo|100\/100\n|-item|p2a: Gholdengo|Air Balloon\n|move|p1a: Dragapult|Dragon Darts|p2a: Gholdengo\n|-resisted|p2a: Gholdengo\n|-damage|p2a: Gholdengo|80\/100\n|-enditem|p2a: Gholdengo|Air Balloon\n|-anim|p1a: Dragapult|Dragon Darts|p2a: Gholdengo\n|-resisted|p2a: Gholdengo\n|-crit|p2a: Gholdengo\n|-damage|p2a: Gholdengo|50\/100\n|\n|upkeep\n|turn|7\n|\n|t:|1700215895\n|switch|p1a: Kingambit|Kingambit, M|100\/100\n|-damage|p1a: Kingambit|94\/100|[from] Stealth Rock\n|-activate|p1a: Kingambit|ability: Supreme Overlord\n|-start|p1a: Kingambit|fallen1|[silent]\n|move|p2a: Gholdengo|Shadow Ball|p1a: Kingambit\n|-resisted|p1a: Kingambit\n|-damage|p1a: Kingambit|71\/100\n|\n|upkeep\n|turn|8\n|\n|t:|1700215900\n|move|p2a: Gholdengo|Make It Rain|p1a: Kingambit\n|-resisted|p1a: Kingambit\n|-damage|p1a: Kingambit|36\/100\n|-unboost|p2a: Gholdengo|spa|1\n|move|p1a: Kingambit|Kowtow Cleave|p2a: Gholdengo\n|-supereffective|p2a: Gholdengo\n|-damage|p2a: Gholdengo|0 fnt\n|faint|p2a: Gholdengo\n|\n|upkeep\n|j| Inder\n|\n|t:|1700215906\n|switch|p2a: Iron Moth|Iron Moth, tera:Ground|100\/100\n|turn|9\n|c| Inder|donne moi des teams jdois jouer scl dimanche\n|c| Inder|:O\n|inactive|KyogreF4N has 120 seconds left.\n|l|\u2606KyogreF4N\n|inactive|KyogreF4N disconnected and has a minute to reconnect!\n|player|p1|\n|j| DittoTang\n|j|\u2606KyogreF4N\n|inactive|KyogreF4N reconnected and has 95 seconds left.\n|player|p1|KyogreF4N|lucas\n|inactive|KyogreF4N has 90 seconds left.\n|\n|t:|1700215975\n|-end|p1a: Kingambit|fallen1|[silent]\n|switch|p1a: Gholdengo|Gholdengo|10\/100\n|-damage|p1a: Gholdengo|4\/100|[from] Stealth Rock\n|move|p2a: Iron Moth|Fiery Dance|p1a: Gholdengo\n|-supereffective|p1a: Gholdengo\n|-damage|p1a: Gholdengo|0 fnt\n|faint|p1a: Gholdengo\n|\n|upkeep\n|\n|t:|1700215978\n|switch|p1a: Dragapult|Dragapult, M|88\/100\n|-damage|p1a: Dragapult|76\/100|[from] Stealth Rock\n|turn|10\n|j| AntiDinkus\n|\n|t:|1700215990\n|-terastallize|p1a: Dragapult|Ghost\n|move|p1a: Dragapult|Tera Blast|p2a: Iron Moth|[anim] Tera Blast Ghost\n|-damage|p2a: Iron Moth|0 fnt\n|faint|p2a: Iron Moth\n|-end|p2a: Iron Moth|Quark Drive|[silent]\n|\n|upkeep\n|c|\u2606KyogreF4N|Quel tier inder?\n|\n|t:|1700216000\n|switch|p2a: Iron Valiant|Iron Valiant|100\/100\n|-enditem|p2a: Iron Valiant|Booster Energy\n|-activate|p2a: Iron Valiant|ability: Quark Drive|[fromitem]\n|-start|p2a: Iron Valiant|quarkdrivespe\n|turn|11\n|\n|t:|1700216012\n|switch|p1a: Zapdos|Zapdos|100\/100\n|move|p2a: Iron Valiant|Knock Off|p1a: Zapdos\n|-damage|p1a: Zapdos|77\/100\n|-enditem|p1a: Zapdos|Heavy-Duty Boots|[from] move: Knock Off|[of] p2a: Iron Valiant\n|\n|upkeep\n|turn|12\n|c| Inder|sv OU\n|\n|t:|1700216018\n|move|p2a: Iron Valiant|Moonblast|p1a: Zapdos\n|-damage|p1a: Zapdos|42\/100\n|move|p1a: Zapdos|Discharge|p2a: Iron Valiant\n|-damage|p2a: Iron Valiant|39\/100\n|-status|p2a: Iron Valiant|par\n|\n|upkeep\n|turn|13\n|\n|t:|1700216025\n|-end|p2a: Iron Valiant|Quark Drive|[silent]\n|switch|p2a: Dragapult|Dragapult, F|100\/100\n|move|p1a: Zapdos|Roost|p1a: Zapdos\n|-heal|p1a: Zapdos|92\/100\n|-singleturn|p1a: Zapdos|move: Roost\n|\n|upkeep\n|turn|14\n|\n|t:|1700216030\n|move|p2a: Dragapult|Substitute|p2a: Dragapult\n|-start|p2a: Dragapult|Substitute\n|-damage|p2a: Dragapult|76\/100\n|move|p1a: Zapdos|Discharge|p2a: Dragapult\n|-resisted|p2a: Dragapult\n|-activate|p2a: Dragapult|move: Substitute|[damage]\n|\n|-heal|p2a: Dragapult|82\/100|[from] item: Leftovers\n|upkeep\n|turn|15\n|\n|t:|1700216035\n|move|p2a: Dragapult|Dragon Dance|p2a: Dragapult\n|-boost|p2a: Dragapult|atk|1\n|-boost|p2a: Dragapult|spe|1\n|move|p1a: Zapdos|U-turn|p2a: Dragapult\n|-resisted|p2a: Dragapult\n|-end|p2a: Dragapult|Substitute\n|\n|t:|1700216039\n|switch|p1a: Clefable|Clefable, F|100\/100|[from] U-turn\n|\n|-heal|p2a: Dragapult|88\/100|[from] item: Leftovers\n|upkeep\n|turn|16\n|c|\u2606damorush|unaware ??\n|\n|t:|1700216046\n|move|p2a: Dragapult|Phantom Force||[still]\n|-prepare|p2a: Dragapult|Phantom Force\n|move|p1a: Clefable|Moonblast|p2a: Dragapult|[miss]\n|-miss|p1a: Clefable|p2a: Dragapult\n|\n|-heal|p2a: Dragapult|94\/100|[from] item: Leftovers\n|upkeep\n|turn|17\n|\n|t:|1700216057\n|move|p2a: Dragapult|Phantom Force|p1a: Clefable|[from]lockedmove\n|-damage|p1a: Clefable|64\/100\n|move|p1a: Clefable|Moonblast|p2a: Dragapult\n|-supereffective|p2a: Dragapult\n|-damage|p2a: Dragapult|10\/100\n|-unboost|p2a: Dragapult|spa|1\n|\n|-heal|p2a: Dragapult|16\/100|[from] item: Leftovers\n|upkeep\n|turn|18\n|c|\u2606damorush|gg\n|-message|damorush forfeited.\n|\n|win|KyogreF4N\n|raw|KyogreF4N's rating: 1700 &rarr; <strong>1715<\/strong><br \/>(+15 for winning)\n|raw|damorush's rating: 1614 &rarr; <strong>1599<\/strong><br \/>(-15 for losing)\n|l|\u2606damorush\n|c|\u2606KyogreF4N|Gg\n","uploadtime":1700216072,"views":8,"p1id":"kyogref4n","p2id":"damorush","formatid":"gen9ou","rating":1599,"private":0,"password":""}