{"id":"gen9ou-1995666281","p1":"astroblastyt","p2":"Thiago777444333","format":"[Gen 9] OU","log":"|j|\u2606astroblastyt\n|j|\u2606Thiago777444333\n|t:|1700592159\n|gametype|singles\n|player|p1|astroblastyt|170|1000\n|player|p2|Thiago777444333|102|1006\n|teamsize|p1|6\n|teamsize|p2|6\n|gen|9\n|tier|[Gen 9] OU\n|rated|\n|rule|Sleep Clause Mod: Limit one foe put to sleep\n|rule|Species Clause: Limit one of each Pok\u00e9mon\n|rule|OHKO Clause: OHKO moves are banned\n|rule|Evasion Items Clause: Evasion items are banned\n|rule|Evasion Moves Clause: Evasion moves are banned\n|rule|Endless Battle Clause: Forcing endless battles is banned\n|rule|HP Percentage Mod: HP is shown in percentages\n|clearpoke\n|poke|p1|Samurott-Hisui, M|\n|poke|p1|Arcanine-Hisui, M|\n|poke|p1|Electrode-Hisui|\n|poke|p1|Goodra-Hisui, F|\n|poke|p1|Braviary-Hisui, M|\n|poke|p1|Overqwil, F|\n|poke|p2|Gyarados, M|\n|poke|p2|Raichu, F|\n|poke|p2|Corviknight, M|\n|poke|p2|Dragapult, M|\n|poke|p2|Blissey, F|\n|poke|p2|Heatran, M|\n|teampreview\n|inactive|Battle timer is ON: inactive players will automatically lose when time's up. (requested by astroblastyt)\n|\n|t:|1700592177\n|start\n|switch|p1a: Samurott|Samurott-Hisui, M, shiny|100\/100\n|switch|p2a: Gyarados|Gyarados, M|100\/100\n|-ability|p2a: Gyarados|Intimidate|boost\n|-unboost|p1a: Samurott|atk|1\n|turn|1\n|\n|t:|1700592193\n|switch|p2a: Raichu|Raichu, F|100\/100\n|move|p1a: Samurott|Ceaseless Edge|p2a: Raichu\n|-damage|p2a: Raichu|38\/100\n|-sidestart|p2: Thiago777444333|Spikes\n|\n|-heal|p2a: Raichu|44\/100|[from] item: Leftovers\n|upkeep\n|turn|2\n|\n|t:|1700592214\n|-terastallize|p2a: Raichu|Electric\n|move|p1a: Samurott|Ceaseless Edge|p2a: Raichu\n|-damage|p2a: Raichu|0 fnt\n|-sidestart|p2: Thiago777444333|Spikes\n|faint|p2a: Raichu\n|\n|upkeep\n|inactive|Thiago777444333 has 120 seconds left.\n|\n|t:|1700592225\n|switch|p2a: Corviknight|Corviknight, M|100\/100\n|-ability|p2a: Corviknight|Pressure\n|turn|3\n|\n|t:|1700592238\n|move|p1a: Samurott|Ceaseless Edge|p2a: Corviknight\n|-damage|p2a: Corviknight|74\/100\n|-sidestart|p2: Thiago777444333|Spikes\n|move|p2a: Corviknight|Fly||[still]\n|-prepare|p2a: Corviknight|Fly\n|\n|-heal|p2a: Corviknight|80\/100|[from] item: Leftovers\n|upkeep\n|turn|4\n|\n|t:|1700592248\n|switch|p1a: Goodra|Goodra-Hisui, F|100\/100\n|move|p2a: Corviknight|Fly|p1a: Goodra|[from]lockedmove\n|-resisted|p1a: Goodra\n|-damage|p1a: Goodra|84\/100\n|-ability|p1a: Goodra|Gooey\n|-unboost|p2a: Corviknight|spe|1\n|\n|-heal|p2a: Corviknight|86\/100|[from] item: Leftovers\n|-heal|p1a: Goodra|90\/100|[from] item: Leftovers\n|upkeep\n|turn|5\n|inactive|Thiago777444333 has 120 seconds left.\n|\n|t:|1700592271\n|move|p2a: Corviknight|Iron Head|p1a: Goodra\n|-resisted|p1a: Goodra\n|-damage|p1a: Goodra|74\/100\n|-ability|p1a: Goodra|Gooey\n|-unboost|p2a: Corviknight|spe|1\n|cant|p1a: Goodra|flinch\n|\n|-heal|p1a: Goodra|80\/100|[from] item: Leftovers\n|-heal|p2a: Corviknight|92\/100|[from] item: Leftovers\n|upkeep\n|turn|6\n|inactive|Thiago777444333 has 120 seconds left.\n|\n|t:|1700592292\n|move|p1a: Goodra|Acid Armor|p1a: Goodra\n|-boost|p1a: Goodra|def|2\n|move|p2a: Corviknight|Body Slam|p1a: Goodra\n|-resisted|p1a: Goodra\n|-damage|p1a: Goodra|74\/100\n|-ability|p1a: Goodra|Gooey\n|-unboost|p2a: Corviknight|spe|1\n|\n|-heal|p1a: Goodra|80\/100|[from] item: Leftovers\n|-heal|p2a: Corviknight|98\/100|[from] item: Leftovers\n|upkeep\n|turn|7\n|\n|t:|1700592315\n|switch|p2a: Dragapult|Dragapult, M|100\/100\n|-damage|p2a: Dragapult|76\/100|[from] Spikes\n|move|p1a: Goodra|Acid Armor|p1a: Goodra\n|-boost|p1a: Goodra|def|2\n|\n|-heal|p2a: Dragapult|82\/100|[from] item: Leftovers\n|-heal|p1a: Goodra|86\/100|[from] item: Leftovers\n|upkeep\n|turn|8\n|\n|t:|1700592329\n|move|p1a: Goodra|Chilling Water|p2a: Dragapult\n|-resisted|p2a: Dragapult\n|-damage|p2a: Dragapult|72\/100\n|-unboost|p2a: Dragapult|atk|1\n|move|p2a: Dragapult|Dragon Tail|p1a: Goodra\n|-damage|p1a: Goodra|80\/100\n|-ability|p1a: Goodra|Gooey\n|-unboost|p2a: Dragapult|spe|1\n|drag|p1a: Electrode|Electrode-Hisui, shiny|100\/100\n|\n|-heal|p2a: Dragapult|78\/100|[from] item: Leftovers\n|upkeep\n|turn|9\n|inactive|Thiago777444333 has 90 seconds left.\n|\n|t:|1700592347\n|move|p1a: Electrode|Chloroblast|p2a: Dragapult\n|-resisted|p2a: Dragapult\n|-damage|p2a: Dragapult|33\/100\n|-damage|p1a: Electrode|50\/100|[from] Recoil\n|move|p2a: Dragapult|Phantom Force||[still]\n|-prepare|p2a: Dragapult|Phantom Force\n|\n|-heal|p1a: Electrode|56\/100|[from] item: Leftovers\n|-heal|p2a: Dragapult|39\/100|[from] item: Leftovers\n|upkeep\n|turn|10\n|inactive|Thiago777444333 has 90 seconds left.\n|\n|t:|1700592367\n|switch|p1a: Goodra|Goodra-Hisui, F|80\/100\n|move|p2a: Dragapult|Phantom Force|p1a: Goodra|[from]lockedmove\n|-damage|p1a: Goodra|54\/100\n|-ability|p1a: Goodra|Gooey\n|-unboost|p2a: Dragapult|spe|1\n|\n|-heal|p2a: Dragapult|45\/100|[from] item: Leftovers\n|-heal|p1a: Goodra|60\/100|[from] item: Leftovers\n|upkeep\n|turn|11\n|inactive|Thiago777444333 has 90 seconds left.\n|c|\u2606astroblastyt|dont start this shit dude\n|\n|t:|1700592383\n|move|p2a: Dragapult|Dragon Claw|p1a: Goodra\n|-damage|p1a: Goodra|35\/100\n|-ability|p1a: Goodra|Gooey\n|-unboost|p2a: Dragapult|spe|1\n|move|p1a: Goodra|Chilling Water|p2a: Dragapult\n|-resisted|p2a: Dragapult\n|-damage|p2a: Dragapult|35\/100\n|-unboost|p2a: Dragapult|atk|1\n|\n|-heal|p2a: Dragapult|41\/100|[from] item: Leftovers\n|-heal|p1a: Goodra|41\/100|[from] item: Leftovers\n|upkeep\n|turn|12\n|\n|t:|1700592399\n|switch|p1a: Overqwil|Overqwil, F, shiny|100\/100\n|-ability|p1a: Overqwil|Intimidate|boost\n|-unboost|p2a: Dragapult|atk|1\n|move|p2a: Dragapult|Dragon Claw|p1a: Overqwil\n|-damage|p1a: Overqwil|90\/100\n|\n|-heal|p1a: Overqwil|96\/100|[from] item: Black Sludge\n|-heal|p2a: Dragapult|47\/100|[from] item: Leftovers\n|upkeep\n|turn|13\n|\n|t:|1700592416\n|move|p1a: Overqwil|Toxic Spikes|p2a: Dragapult\n|-sidestart|p2: Thiago777444333|move: Toxic Spikes\n|move|p2a: Dragapult|Dragon Tail|p1a: Overqwil\n|-damage|p1a: Overqwil|88\/100\n|drag|p1a: Goodra|Goodra-Hisui, F|41\/100\n|\n|-heal|p2a: Dragapult|53\/100|[from] item: Leftovers\n|-heal|p1a: Goodra|47\/100|[from] item: Leftovers\n|upkeep\n|turn|14\n|\n|t:|1700592430\n|switch|p1a: Braviary|Braviary-Hisui, M, shiny|100\/100\n|move|p2a: Dragapult|Phantom Force||[still]\n|-prepare|p2a: Dragapult|Phantom Force\n|\n|-heal|p2a: Dragapult|59\/100|[from] item: Leftovers\n|upkeep\n|turn|15\n|\n|t:|1700592440\n|switch|p1a: Overqwil|Overqwil, F, shiny|88\/100\n|-ability|p1a: Overqwil|Intimidate|boost\n|-unboost|p2a: Dragapult|atk|1\n|move|p2a: Dragapult|Phantom Force|p1a: Overqwil|[from]lockedmove\n|-resisted|p1a: Overqwil\n|-damage|p1a: Overqwil|83\/100\n|\n|-heal|p1a: Overqwil|89\/100|[from] item: Black Sludge\n|-heal|p2a: Dragapult|65\/100|[from] item: Leftovers\n|upkeep\n|turn|16\n|\n|t:|1700592454\n|move|p1a: Overqwil|Toxic Spikes|p2a: Dragapult\n|-sidestart|p2: Thiago777444333|move: Toxic Spikes\n|move|p2a: Dragapult|Dragon Tail|p1a: Overqwil\n|-damage|p1a: Overqwil|82\/100\n|drag|p1a: Samurott|Samurott-Hisui, M, shiny|100\/100\n|\n|-heal|p2a: Dragapult|71\/100|[from] item: Leftovers\n|upkeep\n|turn|17\n|\n|t:|1700592466\n|move|p1a: Samurott|Flip Turn|p2a: Dragapult\n|-resisted|p2a: Dragapult\n|-damage|p2a: Dragapult|53\/100\n|\n|t:|1700592472\n|switch|p1a: Overqwil|Overqwil, F, shiny|82\/100|[from] Flip Turn\n|-ability|p1a: Overqwil|Intimidate|boost\n|-unboost|p2a: Dragapult|atk|1\n|move|p2a: Dragapult|Phantom Force||[still]\n|-prepare|p2a: Dragapult|Phantom Force\n|\n|-heal|p1a: Overqwil|88\/100|[from] item: Black Sludge\n|-heal|p2a: Dragapult|59\/100|[from] item: Leftovers\n|upkeep\n|turn|18\n|\n|t:|1700592485\n|move|p1a: Overqwil|Swords Dance|p1a: Overqwil\n|-boost|p1a: Overqwil|atk|2\n|move|p2a: Dragapult|Phantom Force|p1a: Overqwil|[from]lockedmove\n|-resisted|p1a: Overqwil\n|-damage|p1a: Overqwil|84\/100\n|\n|-heal|p1a: Overqwil|90\/100|[from] item: Black Sludge\n|-heal|p2a: Dragapult|65\/100|[from] item: Leftovers\n|upkeep\n|turn|19\n|\n|t:|1700592500\n|switch|p2a: Corviknight|Corviknight, M|98\/100\n|-ability|p2a: Corviknight|Pressure\n|move|p1a: Overqwil|Barb Barrage|p2a: Corviknight\n|-immune|p2a: Corviknight\n|\n|-heal|p2a: Corviknight|100\/100|[from] item: Leftovers\n|-heal|p1a: Overqwil|96\/100|[from] item: Black Sludge\n|upkeep\n|turn|20\n|c|\u2606astroblastyt|you annoying as fuck die\n|-message|astroblastyt forfeited.\n|\n|win|Thiago777444333\n|raw|astroblastyt's rating: 1000 &rarr; <strong>1000<\/strong><br \/>(+0 for losing)\n|raw|Thiago777444333's rating: 1006 &rarr; <strong>1044<\/strong><br \/>(+38 for winning)\n","uploadtime":1700592514,"views":0,"p1id":"astroblastyt","p2id":"thiago777444333","formatid":"gen9ou","rating":1000,"private":0,"password":""}