{"id":"gen9ou-1993322653","p1":"C0LDBREW","p2":"Welcometoearth420","format":"[Gen 9] OU","log":"|j|\u2606C0LDBREW\n|j|\u2606Welcometoearth420\n|t:|1700298129\n|gametype|singles\n|player|p1|C0LDBREW|169|1349\n|player|p2|Welcometoearth420|170|1423\n|teamsize|p1|6\n|teamsize|p2|6\n|gen|9\n|tier|[Gen 9] OU\n|rated|\n|rule|Sleep Clause Mod: Limit one foe put to sleep\n|rule|Species Clause: Limit one of each Pok\u00e9mon\n|rule|OHKO Clause: OHKO moves are banned\n|rule|Evasion Items Clause: Evasion items are banned\n|rule|Evasion Moves Clause: Evasion moves are banned\n|rule|Endless Battle Clause: Forcing endless battles is banned\n|rule|HP Percentage Mod: HP is shown in percentages\n|clearpoke\n|poke|p1|Ceruledge, F|\n|poke|p1|Corviknight, F|\n|poke|p1|Clodsire, M|\n|poke|p1|Wo-Chien|\n|poke|p1|Iron Valiant|\n|poke|p1|Garganacl, M|\n|poke|p2|Corviknight, F|\n|poke|p2|Dragapult, F|\n|poke|p2|Slowking-Galar, M|\n|poke|p2|Alomomola, F|\n|poke|p2|Iron Valiant|\n|poke|p2|Tornadus-Therian, M|\n|teampreview\n|inactive|Battle timer is ON: inactive players will automatically lose when time's up. (requested by C0LDBREW)\n|\n|t:|1700298140\n|start\n|switch|p1a: Garganacl|Garganacl, M|100\/100\n|switch|p2a: Dragapult|Dragapult, F|100\/100\n|turn|1\n|\n|t:|1700298151\n|move|p2a: Dragapult|Draco Meteor|p1a: Garganacl\n|-damage|p1a: Garganacl|42\/100\n|-unboost|p2a: Dragapult|spa|2\n|move|p1a: Garganacl|Salt Cure|p2a: Dragapult\n|-damage|p2a: Dragapult|81\/100\n|-start|p2a: Dragapult|Salt Cure\n|\n|-heal|p1a: Garganacl|49\/100|[from] item: Leftovers\n|-damage|p2a: Dragapult|68\/100|[from] Salt Cure\n|upkeep\n|turn|2\n|\n|t:|1700298159\n|switch|p2a: Iron Valiant|Iron Valiant|100\/100\n|-enditem|p2a: Iron Valiant|Booster Energy\n|-activate|p2a: Iron Valiant|ability: Quark Drive|[fromitem]\n|-start|p2a: Iron Valiant|quarkdrivespe\n|move|p1a: Garganacl|Recover|p1a: Garganacl\n|-heal|p1a: Garganacl|99\/100\n|\n|-heal|p1a: Garganacl|100\/100|[from] item: Leftovers\n|upkeep\n|turn|3\n|\n|t:|1700298166\n|switch|p1a: Ceruledge|Ceruledge, F, shiny|100\/100\n|-item|p1a: Ceruledge|Air Balloon\n|move|p2a: Iron Valiant|Swords Dance|p2a: Iron Valiant\n|-boost|p2a: Iron Valiant|atk|2\n|\n|upkeep\n|turn|4\n|\n|t:|1700298173\n|move|p2a: Iron Valiant|Swords Dance|p2a: Iron Valiant\n|-boost|p2a: Iron Valiant|atk|2\n|move|p1a: Ceruledge|Bulk Up|p1a: Ceruledge\n|-boost|p1a: Ceruledge|atk|1\n|-boost|p1a: Ceruledge|def|1\n|\n|upkeep\n|turn|5\n|\n|t:|1700298177\n|move|p2a: Iron Valiant|Knock Off|p1a: Ceruledge\n|-supereffective|p1a: Ceruledge\n|-damage|p1a: Ceruledge|0 fnt\n|-enditem|p1a: Ceruledge|Air Balloon\n|faint|p1a: Ceruledge\n|\n|upkeep\n|\n|t:|1700298180\n|switch|p1a: Corviknight|Corviknight, F, shiny|100\/100\n|turn|6\n|\n|t:|1700298184\n|move|p2a: Iron Valiant|Close Combat|p1a: Corviknight\n|-damage|p1a: Corviknight|0 fnt\n|-unboost|p2a: Iron Valiant|def|1\n|-unboost|p2a: Iron Valiant|spd|1\n|-damage|p2a: Iron Valiant|84\/100|[from] item: Rocky Helmet|[of] p1a: Corviknight\n|faint|p1a: Corviknight\n|\n|upkeep\n|\n|t:|1700298190\n|switch|p1a: Iron Valiant|Iron Valiant, shiny|100\/100\n|-enditem|p1a: Iron Valiant|Booster Energy\n|-activate|p1a: Iron Valiant|ability: Quark Drive|[fromitem]\n|-start|p1a: Iron Valiant|quarkdrivespe\n|turn|7\n|\n|t:|1700298193\n|move|p1a: Iron Valiant|Moonblast|p2a: Iron Valiant\n|-supereffective|p2a: Iron Valiant\n|-damage|p2a: Iron Valiant|0 fnt\n|faint|p2a: Iron Valiant\n|-end|p2a: Iron Valiant|Quark Drive|[silent]\n|\n|upkeep\n|\n|t:|1700298196\n|switch|p2a: Corviknight|Corviknight, F|100\/100\n|turn|8\n|\n|t:|1700298205\n|-end|p1a: Iron Valiant|Quark Drive|[silent]\n|switch|p1a: Garganacl|Garganacl, M|100\/100\n|move|p2a: Corviknight|Brave Bird|p1a: Garganacl\n|-resisted|p1a: Garganacl\n|-damage|p1a: Garganacl|88\/100\n|-damage|p2a: Corviknight|96\/100|[from] Recoil\n|\n|-heal|p1a: Garganacl|94\/100|[from] item: Leftovers\n|upkeep\n|turn|9\n|\n|t:|1700298217\n|move|p2a: Corviknight|Body Press|p1a: Garganacl\n|-supereffective|p1a: Garganacl\n|-damage|p1a: Garganacl|60\/100\n|move|p1a: Garganacl|Salt Cure|p2a: Corviknight\n|-crit|p2a: Corviknight\n|-damage|p2a: Corviknight|83\/100\n|-start|p2a: Corviknight|Salt Cure\n|\n|-heal|p1a: Garganacl|66\/100|[from] item: Leftovers\n|-damage|p2a: Corviknight|58\/100|[from] Salt Cure\n|upkeep\n|turn|10\n|\n|t:|1700298224\n|switch|p2a: Dragapult|Dragapult, F|68\/100\n|move|p1a: Garganacl|Curse|p1a: Garganacl\n|-unboost|p1a: Garganacl|spe|1\n|-boost|p1a: Garganacl|atk|1\n|-boost|p1a: Garganacl|def|1\n|\n|-heal|p1a: Garganacl|72\/100|[from] item: Leftovers\n|upkeep\n|turn|11\n|\n|t:|1700298227\n|-terastallize|p2a: Dragapult|Ghost\n|move|p1a: Garganacl|Protect|p1a: Garganacl\n|-singleturn|p1a: Garganacl|Protect\n|move|p2a: Dragapult|Shadow Ball|p1a: Garganacl\n|-activate|p1a: Garganacl|move: Protect\n|\n|-heal|p1a: Garganacl|78\/100|[from] item: Leftovers\n|upkeep\n|turn|12\n|\n|t:|1700298234\n|move|p2a: Dragapult|Shadow Ball|p1a: Garganacl\n|-damage|p1a: Garganacl|55\/100\n|-unboost|p1a: Garganacl|spd|1\n|move|p1a: Garganacl|Salt Cure|p2a: Dragapult\n|-damage|p2a: Dragapult|42\/100\n|-start|p2a: Dragapult|Salt Cure\n|\n|-heal|p1a: Garganacl|62\/100|[from] item: Leftovers\n|-damage|p2a: Dragapult|30\/100|[from] Salt Cure\n|upkeep\n|turn|13\n|\n|t:|1700298239\n|move|p2a: Dragapult|Shadow Ball|p1a: Garganacl\n|-damage|p1a: Garganacl|29\/100\n|move|p1a: Garganacl|Recover|p1a: Garganacl\n|-heal|p1a: Garganacl|79\/100\n|\n|-heal|p1a: Garganacl|86\/100|[from] item: Leftovers\n|-damage|p2a: Dragapult|17\/100|[from] Salt Cure\n|upkeep\n|turn|14\n|\n|t:|1700298245\n|move|p1a: Garganacl|Protect|p1a: Garganacl\n|-singleturn|p1a: Garganacl|Protect\n|move|p2a: Dragapult|Shadow Ball|p1a: Garganacl\n|-activate|p1a: Garganacl|move: Protect\n|\n|-heal|p1a: Garganacl|92\/100|[from] item: Leftovers\n|-damage|p2a: Dragapult|5\/100|[from] Salt Cure\n|upkeep\n|turn|15\n|\n|t:|1700298250\n|move|p2a: Dragapult|Shadow Ball|p1a: Garganacl\n|-damage|p1a: Garganacl|61\/100\n|-unboost|p1a: Garganacl|spd|1\n|move|p1a: Garganacl|Curse|p1a: Garganacl\n|-unboost|p1a: Garganacl|spe|1\n|-boost|p1a: Garganacl|atk|1\n|-boost|p1a: Garganacl|def|1\n|\n|-heal|p1a: Garganacl|67\/100|[from] item: Leftovers\n|-damage|p2a: Dragapult|0 fnt|[from] Salt Cure\n|faint|p2a: Dragapult\n|upkeep\n|\n|t:|1700298256\n|switch|p2a: Slowking|Slowking-Galar, M|100\/100\n|turn|16\n|\n|t:|1700298260\n|move|p2a: Slowking|Future Sight|p1a: Garganacl\n|-start|p2a: Slowking|move: Future Sight\n|move|p1a: Garganacl|Salt Cure|p2a: Slowking\n|-damage|p2a: Slowking|72\/100\n|-start|p2a: Slowking|Salt Cure\n|\n|-heal|p1a: Garganacl|73\/100|[from] item: Leftovers\n|-damage|p2a: Slowking|60\/100|[from] Salt Cure\n|upkeep\n|turn|17\n|\n|t:|1700298264\n|move|p2a: Slowking|Chilly Reception|p2a: Slowking\n|-weather|Snow\n|\n|t:|1700298266\n|switch|p2a: Tornadus|Tornadus-Therian, M|100\/100|[from] Chilly Reception\n|move|p1a: Garganacl|Recover|p1a: Garganacl\n|-heal|p1a: Garganacl|100\/100\n|\n|-weather|Snow|[upkeep]\n|upkeep\n|turn|18\n|\n|t:|1700298270\n|move|p2a: Tornadus|Focus Blast|p1a: Garganacl\n|-supereffective|p1a: Garganacl\n|-crit|p1a: Garganacl\n|-damage|p1a: Garganacl|0 fnt\n|faint|p1a: Garganacl\n|\n|-weather|Snow|[upkeep]\n|-hint|Future Sight did not hit because the target is fainted.\n|upkeep\n|\n|t:|1700298280\n|switch|p1a: Clodsire|Clodsire, M|100\/100\n|turn|19\n|\n|t:|1700298287\n|switch|p2a: Corviknight|Corviknight, F|58\/100\n|move|p1a: Clodsire|Toxic|p2a: Corviknight\n|-immune|p2a: Corviknight\n|\n|-weather|Snow|[upkeep]\n|upkeep\n|turn|20\n|\n|t:|1700298292\n|switch|p1a: Wo-Chien|Wo-Chien|100\/100\n|-ability|p1a: Wo-Chien|Tablets of Ruin\n|move|p2a: Corviknight|Roost|p2a: Corviknight\n|-heal|p2a: Corviknight|100\/100\n|-singleturn|p2a: Corviknight|move: Roost\n|\n|-weather|Snow|[upkeep]\n|upkeep\n|turn|21\n|\n|t:|1700298296\n|move|p1a: Wo-Chien|Leech Seed|p2a: Corviknight\n|-start|p2a: Corviknight|move: Leech Seed\n|move|p2a: Corviknight|Brave Bird|p1a: Wo-Chien\n|-supereffective|p1a: Wo-Chien\n|-damage|p1a: Wo-Chien|52\/100\n|-damage|p2a: Corviknight|86\/100|[from] Recoil\n|\n|-weather|none\n|-heal|p1a: Wo-Chien|59\/100|[from] item: Leftovers\n|-damage|p2a: Corviknight|73\/100|[from] Leech Seed|[of] p1a: Wo-Chien\n|-heal|p1a: Wo-Chien|72\/100|[silent]\n|upkeep\n|turn|22\n|\n|t:|1700298301\n|move|p1a: Wo-Chien|Protect|p1a: Wo-Chien\n|-singleturn|p1a: Wo-Chien|Protect\n|move|p2a: Corviknight|Brave Bird|p1a: Wo-Chien\n|-activate|p1a: Wo-Chien|move: Protect\n|\n|-heal|p1a: Wo-Chien|78\/100|[from] item: Leftovers\n|-damage|p2a: Corviknight|61\/100|[from] Leech Seed|[of] p1a: Wo-Chien\n|-heal|p1a: Wo-Chien|91\/100|[silent]\n|upkeep\n|turn|23\n|\n|t:|1700298303\n|switch|p2a: Tornadus|Tornadus-Therian, M|100\/100\n|move|p1a: Wo-Chien|Knock Off|p2a: Tornadus\n|-damage|p2a: Tornadus|66\/100\n|-enditem|p2a: Tornadus|Assault Vest|[from] move: Knock Off|[of] p1a: Wo-Chien\n|\n|-heal|p1a: Wo-Chien|98\/100|[from] item: Leftovers\n|upkeep\n|turn|24\n|\n|t:|1700298310\n|move|p1a: Wo-Chien|Protect|p1a: Wo-Chien\n|-singleturn|p1a: Wo-Chien|Protect\n|move|p2a: Tornadus|Hurricane|p1a: Wo-Chien\n|-activate|p1a: Wo-Chien|move: Protect\n|\n|-heal|p1a: Wo-Chien|100\/100|[from] item: Leftovers\n|upkeep\n|turn|25\n|\n|t:|1700298315\n|switch|p1a: Clodsire|Clodsire, M|100\/100\n|move|p2a: Tornadus|Hurricane|p1a: Clodsire\n|-damage|p1a: Clodsire|76\/100\n|\n|-heal|p1a: Clodsire|83\/100|[from] item: Leftovers\n|upkeep\n|turn|26\n|\n|t:|1700298323\n|move|p2a: Tornadus|U-turn|p1a: Clodsire\n|-resisted|p1a: Clodsire\n|-damage|p1a: Clodsire|76\/100\n|\n|t:|1700298324\n|switch|p2a: Corviknight|Corviknight, F|61\/100|[from] U-turn\n|move|p1a: Clodsire|Stealth Rock|p2a: Corviknight\n|-sidestart|p2: Welcometoearth420|move: Stealth Rock\n|\n|-heal|p1a: Clodsire|82\/100|[from] item: Leftovers\n|upkeep\n|turn|27\n|\n|t:|1700298329\n|switch|p1a: Wo-Chien|Wo-Chien|100\/100\n|-ability|p1a: Wo-Chien|Tablets of Ruin\n|move|p2a: Corviknight|Defog|p1a: Wo-Chien\n|-unboost|p1a: Wo-Chien|evasion|1\n|-sideend|p2: Welcometoearth420|Stealth Rock|[from] move: Defog|[of] p2a: Corviknight\n|\n|upkeep\n|turn|28\n|\n|t:|1700298333\n|switch|p2a: Tornadus|Tornadus-Therian, M|99\/100\n|move|p1a: Wo-Chien|Knock Off|p2a: Tornadus\n|-crit|p2a: Tornadus\n|-damage|p2a: Tornadus|62\/100\n|\n|upkeep\n|turn|29\n|\n|t:|1700298339\n|move|p2a: Tornadus|Hurricane|p1a: Wo-Chien\n|-supereffective|p1a: Wo-Chien\n|-damage|p1a: Wo-Chien|49\/100\n|move|p1a: Wo-Chien|Substitute|p1a: Wo-Chien\n|-start|p1a: Wo-Chien|Substitute\n|-damage|p1a: Wo-Chien|24\/100\n|\n|-heal|p1a: Wo-Chien|30\/100|[from] item: Leftovers\n|upkeep\n|turn|30\n|\n|t:|1700298347\n|move|p1a: Wo-Chien|Protect|p1a: Wo-Chien\n|-singleturn|p1a: Wo-Chien|Protect\n|move|p2a: Tornadus|Hurricane|p1a: Wo-Chien\n|-activate|p1a: Wo-Chien|move: Protect\n|\n|-heal|p1a: Wo-Chien|36\/100|[from] item: Leftovers\n|upkeep\n|turn|31\n|\n|t:|1700298351\n|move|p2a: Tornadus|U-turn|p1a: Wo-Chien\n|-supereffective|p1a: Wo-Chien\n|-end|p1a: Wo-Chien|Substitute\n|\n|t:|1700298353\n|switch|p2a: Corviknight|Corviknight, F|61\/100|[from] U-turn\n|move|p1a: Wo-Chien|Leech Seed|p2a: Corviknight\n|-start|p2a: Corviknight|move: Leech Seed\n|\n|-heal|p1a: Wo-Chien|42\/100|[from] item: Leftovers\n|-damage|p2a: Corviknight|48\/100|[from] Leech Seed|[of] p1a: Wo-Chien\n|-heal|p1a: Wo-Chien|56\/100|[silent]\n|upkeep\n|turn|32\n|\n|t:|1700298360\n|switch|p2a: Tornadus|Tornadus-Therian, M|95\/100\n|move|p1a: Wo-Chien|Substitute|p1a: Wo-Chien\n|-start|p1a: Wo-Chien|Substitute\n|-damage|p1a: Wo-Chien|31\/100\n|\n|-heal|p1a: Wo-Chien|37\/100|[from] item: Leftovers\n|upkeep\n|turn|33\n|\n|t:|1700298363\n|move|p2a: Tornadus|Hurricane|p1a: Wo-Chien\n|-supereffective|p1a: Wo-Chien\n|-end|p1a: Wo-Chien|Substitute\n|move|p1a: Wo-Chien|Leech Seed|p2a: Tornadus\n|-start|p2a: Tornadus|move: Leech Seed\n|\n|-heal|p1a: Wo-Chien|43\/100|[from] item: Leftovers\n|-damage|p2a: Tornadus|83\/100|[from] Leech Seed|[of] p1a: Wo-Chien\n|-heal|p1a: Wo-Chien|55\/100|[silent]\n|upkeep\n|turn|34\n|\n|t:|1700298367\n|move|p1a: Wo-Chien|Protect|p1a: Wo-Chien\n|-singleturn|p1a: Wo-Chien|Protect\n|move|p2a: Tornadus|U-turn|p1a: Wo-Chien\n|-activate|p1a: Wo-Chien|move: Protect\n|\n|-heal|p1a: Wo-Chien|61\/100|[from] item: Leftovers\n|-damage|p2a: Tornadus|71\/100|[from] Leech Seed|[of] p1a: Wo-Chien\n|-heal|p1a: Wo-Chien|72\/100|[silent]\n|upkeep\n|turn|35\n|\n|t:|1700298375\n|switch|p1a: Clodsire|Clodsire, M|82\/100\n|move|p2a: Tornadus|U-turn|p1a: Clodsire\n|-resisted|p1a: Clodsire\n|-damage|p1a: Clodsire|76\/100\n|\n|t:|1700298384\n|switch|p2a: Slowking|Slowking-Galar, M|93\/100|[from] U-turn\n|\n|-heal|p1a: Clodsire|82\/100|[from] item: Leftovers\n|upkeep\n|turn|36\n|\n|t:|1700298389\n|move|p1a: Clodsire|Stealth Rock|p2a: Slowking\n|-sidestart|p2: Welcometoearth420|move: Stealth Rock\n|move|p2a: Slowking|Future Sight|p1a: Clodsire\n|-start|p2a: Slowking|move: Future Sight\n|\n|-heal|p1a: Clodsire|89\/100|[from] item: Leftovers\n|upkeep\n|turn|37\n|\n|t:|1700298391\n|switch|p2a: Corviknight|Corviknight, F|48\/100\n|-damage|p2a: Corviknight|36\/100|[from] Stealth Rock\n|move|p1a: Clodsire|Earth Power|p2a: Corviknight\n|-immune|p2a: Corviknight\n|\n|-heal|p1a: Clodsire|95\/100|[from] item: Leftovers\n|upkeep\n|turn|38\n|\n|t:|1700298397\n|switch|p1a: Iron Valiant|Iron Valiant, shiny|100\/100\n|move|p2a: Corviknight|Roost|p2a: Corviknight\n|-heal|p2a: Corviknight|86\/100\n|-singleturn|p2a: Corviknight|move: Roost\n|\n|-end|p1a: Iron Valiant|move: Future Sight\n|-supereffective|p1a: Iron Valiant\n|-damage|p1a: Iron Valiant|0 fnt\n|faint|p1a: Iron Valiant\n|-end|p1a: Iron Valiant|Quark Drive|[silent]\n|upkeep\n|\n|t:|1700298400\n|switch|p1a: Wo-Chien|Wo-Chien|72\/100\n|-ability|p1a: Wo-Chien|Tablets of Ruin\n|turn|39\n|\n|t:|1700298405\n|move|p1a: Wo-Chien|Leech Seed|p2a: Corviknight\n|-start|p2a: Corviknight|move: Leech Seed\n|move|p2a: Corviknight|Defog|p1a: Wo-Chien\n|-unboost|p1a: Wo-Chien|evasion|1\n|-sideend|p2: Welcometoearth420|Stealth Rock|[from] move: Defog|[of] p2a: Corviknight\n|\n|-heal|p1a: Wo-Chien|78\/100|[from] item: Leftovers\n|-damage|p2a: Corviknight|73\/100|[from] Leech Seed|[of] p1a: Wo-Chien\n|-heal|p1a: Wo-Chien|92\/100|[silent]\n|upkeep\n|turn|40\n|\n|t:|1700298411\n|switch|p2a: Tornadus|Tornadus-Therian, M|100\/100\n|move|p1a: Wo-Chien|Knock Off|p2a: Tornadus\n|-damage|p2a: Tornadus|79\/100\n|\n|-heal|p1a: Wo-Chien|98\/100|[from] item: Leftovers\n|upkeep\n|turn|41\n|\n|t:|1700298423\n|move|p2a: Tornadus|Hurricane|p1a: Wo-Chien\n|-supereffective|p1a: Wo-Chien\n|-damage|p1a: Wo-Chien|48\/100\n|move|p1a: Wo-Chien|Leech Seed|p2a: Tornadus|[miss]\n|-miss|p1a: Wo-Chien|p2a: Tornadus\n|\n|-heal|p1a: Wo-Chien|54\/100|[from] item: Leftovers\n|upkeep\n|turn|42\n|\n|t:|1700298428\n|move|p1a: Wo-Chien|Protect|p1a: Wo-Chien\n|-singleturn|p1a: Wo-Chien|Protect\n|move|p2a: Tornadus|Hurricane|p1a: Wo-Chien\n|-activate|p1a: Wo-Chien|move: Protect\n|\n|-heal|p1a: Wo-Chien|60\/100|[from] item: Leftovers\n|upkeep\n|turn|43\n|\n|t:|1700298442\n|move|p2a: Tornadus|Hurricane|p1a: Wo-Chien\n|-supereffective|p1a: Wo-Chien\n|-damage|p1a: Wo-Chien|9\/100\n|-start|p1a: Wo-Chien|confusion\n|-activate|p1a: Wo-Chien|confusion\n|move|p1a: Wo-Chien|Leech Seed|p2a: Tornadus\n|-start|p2a: Tornadus|move: Leech Seed\n|\n|-heal|p1a: Wo-Chien|15\/100|[from] item: Leftovers\n|-damage|p2a: Tornadus|67\/100|[from] Leech Seed|[of] p1a: Wo-Chien\n|-heal|p1a: Wo-Chien|26\/100|[silent]\n|upkeep\n|turn|44\n|\n|t:|1700298448\n|-activate|p1a: Wo-Chien|confusion\n|-damage|p1a: Wo-Chien|19\/100|[from] confusion\n|move|p2a: Tornadus|Hurricane|p1a: Wo-Chien\n|-supereffective|p1a: Wo-Chien\n|-damage|p1a: Wo-Chien|0 fnt\n|faint|p1a: Wo-Chien\n|\n|upkeep\n|-message|C0LDBREW forfeited.\n|\n|win|Welcometoearth420\n|raw|C0LDBREW's rating: 1349 &rarr; <strong>1333<\/strong><br \/>(-16 for losing)\n|raw|Welcometoearth420's rating: 1423 &rarr; <strong>1439<\/strong><br \/>(+16 for winning)\n|l|\u2606C0LDBREW\n","uploadtime":1700298455,"views":10,"p1id":"c0ldbrew","p2id":"welcometoearth420","formatid":"gen9ou","rating":1333,"private":0,"password":""}