{"id":"gen9ou-1994042761","p1":"har0tt","p2":"Juneheat","format":"[Gen 9] OU","log":"|j|\u2606har0tt\n|j|\u2606Juneheat\n|t:|1700398740\n|gametype|singles\n|player|p1|har0tt|ghetsis-gen5bw|1794\n|player|p2|Juneheat|aromalady|1683\n|teamsize|p1|6\n|teamsize|p2|6\n|gen|9\n|tier|[Gen 9] OU\n|rated|\n|rule|Sleep Clause Mod: Limit one foe put to sleep\n|rule|Species Clause: Limit one of each Pok\u00e9mon\n|rule|OHKO Clause: OHKO moves are banned\n|rule|Evasion Items Clause: Evasion items are banned\n|rule|Evasion Moves Clause: Evasion moves are banned\n|rule|Endless Battle Clause: Forcing endless battles is banned\n|rule|HP Percentage Mod: HP is shown in percentages\n|clearpoke\n|poke|p1|Pelipper, M|\n|poke|p1|Volcanion|\n|poke|p1|Barraskewda, M|\n|poke|p1|Zapdos|\n|poke|p1|Corviknight, M|\n|poke|p1|Tornadus-Therian, M|\n|poke|p2|Ogerpon-Wellspring, F|\n|poke|p2|Gholdengo|\n|poke|p2|Heatran, F|\n|poke|p2|Great Tusk|\n|poke|p2|Dragonite, F|\n|poke|p2|Enamorus, F|\n|teampreview\n|inactive|Battle timer is ON: inactive players will automatically lose when time's up. (requested by har0tt)\n|\n|t:|1700398761\n|start\n|switch|p1a: taser|Zapdos|100\/100\n|switch|p2a: Enamorus|Enamorus, F|100\/100\n|turn|1\n|inactive|har0tt has 120 seconds left.\n|inactive|Juneheat has 120 seconds left.\n|\n|t:|1700398795\n|switch|p2a: Heatran|Heatran, F|100\/100\n|move|p1a: taser|Volt Switch|p2a: Heatran\n|-damage|p2a: Heatran|73\/100\n|inactive|har0tt has 120 seconds left.\n|\n|t:|1700398800\n|switch|p1a: dont mute me mods|Barraskewda, M, shiny|100\/100|[from] Volt Switch\n|\n|-heal|p2a: Heatran|80\/100|[from] item: Leftovers\n|upkeep\n|turn|2\n|j| Ruinous Tusk\n|inactive|Juneheat has 120 seconds left.\n|\n|t:|1700398815\n|switch|p2a: Dragonite|Dragonite, F|100\/100\n|move|p1a: dont mute me mods|Close Combat|p2a: Dragonite\n|-resisted|p2a: Dragonite\n|-damage|p2a: Dragonite|82\/100\n|-unboost|p1a: dont mute me mods|def|1\n|-unboost|p1a: dont mute me mods|spd|1\n|\n|upkeep\n|turn|3\n|\n|t:|1700398825\n|switch|p1a: rodrigo de paul|Corviknight, M|100\/100\n|-ability|p1a: rodrigo de paul|Pressure\n|switch|p2a: Heatran|Heatran, F|80\/100\n|\n|-heal|p2a: Heatran|86\/100|[from] item: Leftovers\n|upkeep\n|turn|4\n|\n|t:|1700398833\n|move|p2a: Heatran|Magma Storm|p1a: rodrigo de paul\n|-supereffective|p1a: rodrigo de paul\n|-damage|p1a: rodrigo de paul|15\/100\n|-activate|p1a: rodrigo de paul|move: Magma Storm|[of] p2a: Heatran\n|move|p1a: rodrigo de paul|U-turn|p2a: Heatran\n|-resisted|p2a: Heatran\n|-damage|p2a: Heatran|83\/100\n|\n|t:|1700398838\n|switch|p1a: bi-curious|Pelipper, M, shiny|100\/100|[from] U-turn\n|-weather|RainDance|[from] ability: Drizzle|[of] p1a: bi-curious\n|\n|-weather|RainDance|[upkeep]\n|-heal|p2a: Heatran|89\/100|[from] item: Leftovers\n|upkeep\n|turn|5\n|j| MarburgCOVEbola\n|inactive|Juneheat has 120 seconds left.\n|\n|t:|1700398871\n|switch|p2a: Enamorus|Enamorus, F|100\/100\n|move|p1a: bi-curious|Weather Ball|p2a: Enamorus\n|-damage|p2a: Enamorus|30\/100\n|\n|-weather|RainDance|[upkeep]\n|upkeep\n|turn|6\n|inactive|Juneheat has 120 seconds left.\n|\n|t:|1700398880\n|switch|p1a: my besto friendo|Tornadus-Therian, M|100\/100\n|move|p2a: Enamorus|Moonblast|p1a: my besto friendo\n|-damage|p1a: my besto friendo|76\/100\n|\n|-weather|RainDance|[upkeep]\n|upkeep\n|turn|7\n|inactive|Juneheat has 120 seconds left.\n|\n|t:|1700398900\n|move|p2a: Enamorus|Moonblast|p1a: my besto friendo\n|-damage|p1a: my besto friendo|51\/100\n|move|p1a: my besto friendo|Knock Off|p2a: Enamorus\n|-resisted|p2a: Enamorus\n|-crit|p2a: Enamorus\n|-damage|p2a: Enamorus|6\/100\n|-enditem|p2a: Enamorus|Choice Scarf|[from] move: Knock Off|[of] p1a: my besto friendo\n|\n|-weather|RainDance|[upkeep]\n|upkeep\n|turn|8\n|\n|t:|1700398916\n|switch|p2a: Dragonite|Dragonite, F|82\/100\n|move|p1a: my besto friendo|U-turn|p2a: Dragonite\n|-resisted|p2a: Dragonite\n|-damage|p2a: Dragonite|73\/100\n|\n|t:|1700398937\n|switch|p1a: taser|Zapdos|100\/100|[from] U-turn\n|\n|-weather|RainDance|[upkeep]\n|upkeep\n|turn|9\n|\n|t:|1700398950\n|switch|p2a: Heatran|Heatran, F|89\/100\n|-terastallize|p1a: taser|Flying\n|move|p1a: taser|Hurricane|p2a: Heatran\n|-resisted|p2a: Heatran\n|-damage|p2a: Heatran|63\/100\n|\n|-weather|RainDance|[upkeep]\n|-heal|p2a: Heatran|70\/100|[from] item: Leftovers\n|upkeep\n|turn|10\n|j| ShedTailHater\n|l| ShedTailHater\n|inactive|har0tt has 120 seconds left.\n|\n|t:|1700398979\n|switch|p1a: UBLAHAHGJAAH|Volcanion|100\/100\n|move|p2a: Heatran|Magma Storm|p1a: UBLAHAHGJAAH|[miss]\n|-miss|p2a: Heatran|p1a: UBLAHAHGJAAH\n|\n|-weather|RainDance|[upkeep]\n|-heal|p2a: Heatran|76\/100|[from] item: Leftovers\n|upkeep\n|turn|11\n|\n|t:|1700398991\n|switch|p2a: Ogerpon|Ogerpon-Wellspring, F|100\/100\n|move|p1a: UBLAHAHGJAAH|Steam Eruption|p2a: Ogerpon\n|-immune|p2a: Ogerpon|[from] ability: Water Absorb\n|\n|-weather|none\n|upkeep\n|turn|12\n|\n|t:|1700399007\n|switch|p1a: bi-curious|Pelipper, M, shiny|100\/100\n|-weather|RainDance|[from] ability: Drizzle|[of] p1a: bi-curious\n|move|p2a: Ogerpon|Knock Off|p1a: bi-curious\n|-damage|p1a: bi-curious|66\/100\n|-enditem|p1a: bi-curious|Damp Rock|[from] move: Knock Off|[of] p2a: Ogerpon\n|\n|-weather|RainDance|[upkeep]\n|upkeep\n|turn|13\n|\n|t:|1700399026\n|switch|p2a: Dragonite|Dragonite, F|73\/100\n|move|p1a: bi-curious|U-turn|p2a: Dragonite\n|-resisted|p2a: Dragonite\n|-damage|p2a: Dragonite|69\/100\n|\n|t:|1700399029\n|switch|p1a: taser|Zapdos, tera:Flying|100\/100|[from] U-turn\n|\n|-weather|RainDance|[upkeep]\n|upkeep\n|turn|14\n|\n|t:|1700399042\n|switch|p2a: Heatran|Heatran, F|76\/100\n|move|p1a: taser|Hurricane|p2a: Heatran\n|-resisted|p2a: Heatran\n|-damage|p2a: Heatran|50\/100\n|\n|-weather|RainDance|[upkeep]\n|-heal|p2a: Heatran|56\/100|[from] item: Leftovers\n|upkeep\n|turn|15\n|\n|t:|1700399051\n|switch|p1a: my besto friendo|Tornadus-Therian, M|84\/100\n|move|p2a: Heatran|Magma Storm|p1a: my besto friendo\n|-damage|p1a: my besto friendo|72\/100\n|-activate|p1a: my besto friendo|move: Magma Storm|[of] p2a: Heatran\n|\n|-weather|RainDance|[upkeep]\n|-heal|p2a: Heatran|62\/100|[from] item: Leftovers\n|-damage|p1a: my besto friendo|60\/100|[from] move: Magma Storm|[partiallytrapped]\n|upkeep\n|turn|16\n|inactive|Juneheat has 120 seconds left.\n|\n|t:|1700399060\n|move|p1a: my besto friendo|Weather Ball|p2a: Heatran\n|-supereffective|p2a: Heatran\n|-damage|p2a: Heatran|17\/100\n|move|p2a: Heatran|Will-O-Wisp|p1a: my besto friendo\n|-status|p1a: my besto friendo|brn\n|\n|-weather|RainDance|[upkeep]\n|-heal|p2a: Heatran|23\/100|[from] item: Leftovers\n|-damage|p1a: my besto friendo|54\/100 brn|[from] brn\n|-damage|p1a: my besto friendo|41\/100 brn|[from] move: Magma Storm|[partiallytrapped]\n|upkeep\n|turn|17\n|inactive|Juneheat has 120 seconds left.\n|\n|t:|1700399076\n|switch|p2a: Dragonite|Dragonite, F|69\/100\n|move|p1a: my besto friendo|U-turn|p2a: Dragonite\n|-resisted|p2a: Dragonite\n|-crit|p2a: Dragonite\n|-damage|p2a: Dragonite|63\/100\n|\n|t:|1700399079\n|switch|p1a: taser|Zapdos, tera:Flying|100\/100|[from] U-turn\n|\n|-weather|RainDance|[upkeep]\n|upkeep\n|turn|18\n|inactive|Juneheat has 120 seconds left.\n|\n|t:|1700399095\n|switch|p2a: Great Tusk|Great Tusk|100\/100\n|move|p1a: taser|Hurricane|p2a: Great Tusk\n|-supereffective|p2a: Great Tusk\n|-damage|p2a: Great Tusk|0 fnt\n|faint|p2a: Great Tusk\n|-end|p2a: Great Tusk|Protosynthesis|[silent]\n|\n|-weather|RainDance|[upkeep]\n|upkeep\n|\n|t:|1700399102\n|switch|p2a: Enamorus|Enamorus, F|6\/100\n|turn|19\n|\n|t:|1700399106\n|move|p1a: taser|Hurricane|p2a: Enamorus\n|-damage|p2a: Enamorus|0 fnt\n|faint|p2a: Enamorus\n|\n|-weather|none\n|upkeep\n|j| ShedTailHater\n|inactive|Juneheat has 120 seconds left.\n|\n|t:|1700399117\n|switch|p2a: Gholdengo|Gholdengo|100\/100\n|turn|20\n|l| ShedTailHater\n|\n|t:|1700399125\n|switch|p1a: bi-curious|Pelipper, M, shiny|66\/100\n|-weather|RainDance|[from] ability: Drizzle|[of] p1a: bi-curious\n|move|p2a: Gholdengo|Nasty Plot|p2a: Gholdengo\n|-boost|p2a: Gholdengo|spa|2\n|\n|-weather|RainDance|[upkeep]\n|upkeep\n|turn|21\n|\n|t:|1700399132\n|switch|p1a: rodrigo de paul|Corviknight, M|15\/100\n|-ability|p1a: rodrigo de paul|Pressure\n|move|p2a: Gholdengo|Shadow Ball|p1a: rodrigo de paul\n|-damage|p1a: rodrigo de paul|0 fnt\n|faint|p1a: rodrigo de paul\n|\n|-weather|RainDance|[upkeep]\n|upkeep\n|\n|t:|1700399142\n|switch|p1a: dont mute me mods|Barraskewda, M, shiny|100\/100\n|turn|22\n|\n|t:|1700399144\n|move|p1a: dont mute me mods|Liquidation|p2a: Gholdengo\n|-damage|p2a: Gholdengo|35\/100\n|move|p2a: Gholdengo|Shadow Ball|p1a: dont mute me mods\n|-damage|p1a: dont mute me mods|0 fnt\n|faint|p1a: dont mute me mods\n|\n|-weather|RainDance|[upkeep]\n|-heal|p2a: Gholdengo|41\/100|[from] item: Leftovers\n|upkeep\n|\n|t:|1700399148\n|switch|p1a: taser|Zapdos, tera:Flying|100\/100\n|turn|23\n|\n|t:|1700399159\n|move|p1a: taser|Thunder|p2a: Gholdengo\n|-damage|p2a: Gholdengo|0 fnt\n|faint|p2a: Gholdengo\n|\n|-weather|RainDance|[upkeep]\n|upkeep\n|\n|t:|1700399165\n|switch|p2a: Ogerpon|Ogerpon-Wellspring, F|100\/100\n|turn|24\n|\n|t:|1700399194\n|switch|p1a: UBLAHAHGJAAH|Volcanion|100\/100\n|move|p2a: Ogerpon|Ivy Cudgel|p1a: UBLAHAHGJAAH|[anim] Ivy Cudgel Water\n|-immune|p1a: UBLAHAHGJAAH|[from] ability: Water Absorb\n|\n|-weather|none\n|upkeep\n|turn|25\n|\n|t:|1700399207\n|switch|p2a: Dragonite|Dragonite, F|63\/100\n|move|p1a: UBLAHAHGJAAH|Sludge Bomb|p2a: Dragonite\n|-damage|p2a: Dragonite|9\/100\n|\n|upkeep\n|turn|26\n|\n|t:|1700399220\n|switch|p1a: bi-curious|Pelipper, M, shiny|66\/100\n|-weather|RainDance|[from] ability: Drizzle|[of] p1a: bi-curious\n|move|p2a: Dragonite|Earthquake|p1a: bi-curious\n|-immune|p1a: bi-curious\n|\n|-weather|RainDance|[upkeep]\n|upkeep\n|turn|27\n|\n|t:|1700399236\n|move|p2a: Dragonite|Extreme Speed|p1a: bi-curious\n|-damage|p1a: bi-curious|40\/100\n|move|p1a: bi-curious|U-turn|p2a: Dragonite\n|-resisted|p2a: Dragonite\n|-damage|p2a: Dragonite|4\/100\n|inactive|har0tt has 120 seconds left.\n|\n|t:|1700399266\n|switch|p1a: taser|Zapdos, tera:Flying|100\/100|[from] U-turn\n|\n|-weather|RainDance|[upkeep]\n|upkeep\n|turn|28\n|j| gosuBX\n|\n|t:|1700399281\n|switch|p2a: Heatran|Heatran, F|23\/100\n|move|p1a: taser|Thunder|p2a: Heatran\n|-damage|p2a: Heatran|0 fnt\n|faint|p2a: Heatran\n|\n|-weather|RainDance|[upkeep]\n|upkeep\n|\n|t:|1700399288\n|switch|p2a: Ogerpon|Ogerpon-Wellspring, F|100\/100\n|turn|29\n|l| Ruinous Tusk\n|\n|t:|1700399300\n|switch|p1a: UBLAHAHGJAAH|Volcanion|100\/100\n|move|p2a: Ogerpon|Ivy Cudgel|p1a: UBLAHAHGJAAH|[anim] Ivy Cudgel Water\n|-immune|p1a: UBLAHAHGJAAH|[from] ability: Water Absorb\n|\n|-weather|RainDance|[upkeep]\n|upkeep\n|turn|30\n|\n|t:|1700399310\n|move|p2a: Ogerpon|Power Whip|p1a: UBLAHAHGJAAH\n|-damage|p1a: UBLAHAHGJAAH|36\/100\n|move|p1a: UBLAHAHGJAAH|Sludge Bomb|p2a: Ogerpon\n|-supereffective|p2a: Ogerpon\n|-damage|p2a: Ogerpon|0 fnt\n|faint|p2a: Ogerpon\n|\n|-weather|none\n|upkeep\n|-message|Juneheat forfeited.\n|\n|win|har0tt\n|raw|har0tt's rating: 1774 &rarr; <strong>1789<\/strong><br \/>(+15 for winning)\n|raw|Juneheat's rating: 1683 &rarr; <strong>1668<\/strong><br \/>(-15 for losing)\n|l|\u2606Juneheat\n","uploadtime":1700399324,"views":16,"p1id":"har0tt","p2id":"juneheat","formatid":"gen9ou","rating":1668,"private":0,"password":""}