{"id":"gen9ou-1989245520","p1":"bopamon","p2":"coki333333333","format":"[Gen 9] OU","log":"|j|\u2606bopamon\n|j|\u2606coki333333333\n|t:|1699827507\n|gametype|singles\n|player|p1|bopamon|1|\n|player|p2|coki333333333|169|\n|teamsize|p1|6\n|teamsize|p2|6\n|gen|9\n|tier|[Gen 9] OU\n|rule|Sleep Clause Mod: Limit one foe put to sleep\n|rule|Species Clause: Limit one of each Pok\u00e9mon\n|rule|OHKO Clause: OHKO moves are banned\n|rule|Evasion Items Clause: Evasion items are banned\n|rule|Evasion Moves Clause: Evasion moves are banned\n|rule|Endless Battle Clause: Forcing endless battles is banned\n|rule|HP Percentage Mod: HP is shown in percentages\n|clearpoke\n|poke|p1|Infernape, M|\n|poke|p1|Crocalor, M|\n|poke|p1|Tyranitar, M|\n|poke|p1|Electrode-Hisui|\n|poke|p1|Persian-Alola, M|\n|poke|p1|Snorlax, M|\n|poke|p2|Mamoswine, M|\n|poke|p2|Hydreigon, M|\n|poke|p2|Articuno|\n|poke|p2|Alomomola, F|\n|poke|p2|Sylveon, F|\n|poke|p2|Skeledirge, M|\n|teampreview\n|j| EggplantWall\n|c| EggplantWall|yo\n|c|\u2606bopamon|glhf\n|c| EggplantWall|gl\n|\n|t:|1699827561\n|start\n|switch|p1a: Gromlin|Electrode-Hisui, shiny|100\/100\n|switch|p2a: Common carp|Alomomola, F|100\/100\n|turn|1\n|\n|t:|1699827594\n|switch|p2a: pitbull|Skeledirge, M|100\/100\n|move|p1a: Gromlin|Grassy Terrain|p1a: Gromlin\n|-fieldstart|move: Grassy Terrain\n|\n|upkeep\n|turn|2\n|\n|t:|1699827627\n|move|p1a: Gromlin|Volt Switch|p2a: pitbull\n|-damage|p2a: pitbull|81\/100\n|\n|t:|1699827631\n|switch|p1a: Tuesday|Tyranitar, M|100\/100|[from] Volt Switch\n|-weather|Sandstorm|[from] ability: Sand Stream|[of] p1a: Tuesday\n|move|p2a: pitbull|Will-O-Wisp|p1a: Tuesday|[miss]\n|-miss|p2a: pitbull|p1a: Tuesday\n|\n|-weather|Sandstorm|[upkeep]\n|-damage|p2a: pitbull|75\/100|[from] Sandstorm\n|-heal|p2a: pitbull|81\/100|[from] Grassy Terrain\n|upkeep\n|turn|3\n|\n|t:|1699827705\n|switch|p2a: Kevin if 5ft|Sylveon, F|100\/100\n|move|p1a: Tuesday|Rock Blast|p2a: Kevin if 5ft\n|-damage|p2a: Kevin if 5ft|86\/100\n|-damage|p2a: Kevin if 5ft|72\/100\n|-damage|p2a: Kevin if 5ft|58\/100\n|-damage|p2a: Kevin if 5ft|45\/100\n|-hitcount|p2a: Kevin if 5ft|4\n|\n|-weather|Sandstorm|[upkeep]\n|-damage|p2a: Kevin if 5ft|39\/100|[from] Sandstorm\n|-heal|p2a: Kevin if 5ft|45\/100|[from] Grassy Terrain\n|-heal|p2a: Kevin if 5ft|51\/100|[from] item: Leftovers\n|upkeep\n|turn|4\n|c| EggplantWall|These are two formidable Pok\u00e9mon, each with its own unique strengths. Tyranitar, a Rock\/Dark type, known for its monstrous Attack stat and incredible bulk. And Sylveon, a Fairy type, famous for its impressive Special Attack and access to a wide range of powerful Fairy-type moves.\n|c|\u2606bopamon|what the fuck\n|\n|t:|1699827753\n|switch|p2a: Common carp|Alomomola, F|100\/100\n|move|p1a: Tuesday|Stealth Rock|p2a: Common carp\n|-sidestart|p2: coki333333333|move: Stealth Rock\n|\n|-weather|Sandstorm|[upkeep]\n|-damage|p2a: Common carp|94\/100|[from] Sandstorm\n|-heal|p2a: Common carp|100\/100|[from] Grassy Terrain\n|upkeep\n|turn|5\n|\n|t:|1699827763\n|switch|p1a: Snorlax|Snorlax, M, shiny|100\/100\n|move|p2a: Common carp|Scald|p1a: Snorlax\n|-damage|p1a: Snorlax|93\/100\n|-status|p1a: Snorlax|brn\n|\n|-weather|Sandstorm|[upkeep]\n|-damage|p2a: Common carp|94\/100|[from] Sandstorm\n|-damage|p1a: Snorlax|87\/100 brn|[from] Sandstorm\n|-heal|p2a: Common carp|100\/100|[from] Grassy Terrain\n|-heal|p1a: Snorlax|93\/100 brn|[from] Grassy Terrain\n|-damage|p1a: Snorlax|87\/100 brn|[from] brn\n|-fieldend|move: Grassy Terrain\n|upkeep\n|turn|6\n|c| EggplantWall|Both trainers are carefully considering their options here. The first move can set the tone for the entire battle. Tyranitar could go for a heavy-hitting move like Stone Edge or Crunch, while Sylveon might opt for a Fairy-type move, perhaps Moonblast.\n|c| EggplantWall|oh and a swap to snorlax\n|c|\u2606bopamon|you should announce every game actually\n|c|\u2606bopamon|if possible\n|c|\u2606bopamon|would be funny\n|\n|t:|1699827845\n|switch|p2a: Pomni|Hydreigon, M|100\/100\n|-damage|p2a: Pomni|88\/100|[from] Stealth Rock\n|move|p1a: Snorlax|Crunch|p2a: Pomni\n|-resisted|p2a: Pomni\n|-damage|p2a: Pomni|83\/100\n|\n|-weather|none\n|-heal|p2a: Pomni|89\/100|[from] item: Leftovers\n|-damage|p1a: Snorlax|81\/100 brn|[from] brn\n|upkeep\n|turn|7\n|\n|t:|1699827894\n|move|p2a: Pomni|Stealth Rock|p1a: Snorlax\n|-sidestart|p1: bopamon|move: Stealth Rock\n|move|p1a: Snorlax|Curse|p1a: Snorlax\n|-unboost|p1a: Snorlax|spe|1\n|-boost|p1a: Snorlax|atk|1\n|-boost|p1a: Snorlax|def|1\n|\n|-heal|p2a: Pomni|95\/100|[from] item: Leftovers\n|-damage|p1a: Snorlax|75\/100 brn|[from] brn\n|upkeep\n|turn|8\n|\n|t:|1699827904\n|move|p2a: Pomni|Taunt|p1a: Snorlax\n|-start|p1a: Snorlax|move: Taunt\n|cant|p1a: Snorlax|move: Taunt|Curse\n|\n|-heal|p2a: Pomni|100\/100|[from] item: Leftovers\n|-damage|p1a: Snorlax|68\/100 brn|[from] brn\n|upkeep\n|turn|9\n|\n|t:|1699827915\n|move|p2a: Pomni|Dark Pulse|p1a: Snorlax\n|-damage|p1a: Snorlax|46\/100 brn\n|move|p1a: Snorlax|Facade|p2a: Pomni\n|-crit|p2a: Pomni\n|-damage|p2a: Pomni|0 fnt\n|faint|p2a: Pomni\n|\n|-damage|p1a: Snorlax|40\/100 brn|[from] brn\n|upkeep\n|c| EggplantWall|insane crit\n|c|\u2606bopamon|life is roblox\n|c| EggplantWall|it looks like trainer bopamon might be able to turn this fight around\n|c|\u2606bopamon|I turn my head right round (right round)\n|c|\u2606bopamon|when we go down\n|\n|t:|1699827982\n|switch|p2a: pitbull|Skeledirge, M|81\/100\n|turn|10\n|c|\u2606bopamon|when we go down down down\n|\n|t:|1699827993\n|switch|p1a: Tuesday|Tyranitar, M|100\/100\n|-damage|p1a: Tuesday|88\/100|[from] Stealth Rock\n|-weather|Sandstorm|[from] ability: Sand Stream|[of] p1a: Tuesday\n|move|p2a: pitbull|Torch Song|p1a: Tuesday\n|-resisted|p1a: Tuesday\n|-damage|p1a: Tuesday|82\/100\n|-boost|p2a: pitbull|spa|1\n|\n|-weather|Sandstorm|[upkeep]\n|-damage|p2a: pitbull|75\/100|[from] Sandstorm\n|upkeep\n|turn|11\n|\n|t:|1699828045\n|switch|p2a: Common carp|Alomomola, F|100\/100\n|-damage|p2a: Common carp|88\/100|[from] Stealth Rock\n|move|p1a: Tuesday|Knock Off|p2a: Common carp\n|-damage|p2a: Common carp|63\/100\n|-enditem|p2a: Common carp|Leftovers|[from] move: Knock Off|[of] p1a: Tuesday\n|\n|-weather|Sandstorm|[upkeep]\n|-damage|p2a: Common carp|57\/100|[from] Sandstorm\n|upkeep\n|turn|12\n|\n|t:|1699828067\n|move|p2a: Common carp|Wish|p2a: Common carp\n|move|p1a: Tuesday|Rock Blast|p2a: Common carp|[miss]\n|-miss|p1a: Tuesday|p2a: Common carp\n|\n|-weather|Sandstorm|[upkeep]\n|-damage|p2a: Common carp|51\/100|[from] Sandstorm\n|upkeep\n|turn|13\n|\n|t:|1699828087\n|switch|p1a: Snorlax|Snorlax, M, shiny|40\/100 brn\n|-damage|p1a: Snorlax|28\/100 brn|[from] Stealth Rock\n|move|p2a: Common carp|Scald|p1a: Snorlax\n|-damage|p1a: Snorlax|20\/100 brn\n|\n|-weather|Sandstorm|[upkeep]\n|-damage|p2a: Common carp|45\/100|[from] Sandstorm\n|-damage|p1a: Snorlax|14\/100 brn|[from] Sandstorm\n|-heal|p2a: Common carp|95\/100|[from] move: Wish|[wisher] Common carp\n|-damage|p1a: Snorlax|8\/100 brn|[from] brn\n|upkeep\n|turn|14\n|\n|t:|1699828128\n|move|p2a: Common carp|Scald|p1a: Snorlax\n|-crit|p1a: Snorlax\n|-damage|p1a: Snorlax|0 fnt\n|faint|p1a: Snorlax\n|\n|-weather|none\n|upkeep\n|c| EggplantWall|coki3333333 needed that crit right there\n|c| EggplantWall|insane play\n|\n|t:|1699828158\n|switch|p1a: Gromlin|Electrode-Hisui, shiny|100\/100\n|-damage|p1a: Gromlin|88\/100|[from] Stealth Rock\n|turn|15\n|\n|t:|1699828250\n|switch|p2a: mamacita|Articuno|100\/100\n|-ability|p2a: mamacita|Pressure\n|move|p1a: Gromlin|Grassy Terrain|p1a: Gromlin\n|-fieldstart|move: Grassy Terrain\n|\n|-heal|p1a: Gromlin|94\/100|[from] Grassy Terrain\n|-heal|p1a: Gromlin|100\/100|[from] item: Leftovers\n|upkeep\n|turn|16\n|\n|t:|1699828302\n|switch|p1a: Tuesday|Tyranitar, M|82\/100\n|-damage|p1a: Tuesday|70\/100|[from] Stealth Rock\n|-weather|Sandstorm|[from] ability: Sand Stream|[of] p1a: Tuesday\n|-terastallize|p2a: mamacita|Ground\n|move|p2a: mamacita|Freeze-Dry|p1a: Tuesday\n|-damage|p1a: Tuesday|59\/100\n|\n|-weather|Sandstorm|[upkeep]\n|-heal|p1a: Tuesday|66\/100|[from] Grassy Terrain\n|upkeep\n|turn|17\n|\n|t:|1699828330\n|move|p2a: mamacita|Tera Blast|p1a: Tuesday|[anim] Tera Blast Ground\n|-supereffective|p1a: Tuesday\n|-damage|p1a: Tuesday|44\/100\n|move|p1a: Tuesday|Knock Off|p2a: mamacita\n|-damage|p2a: mamacita|65\/100\n|-enditem|p2a: mamacita|Heavy-Duty Boots|[from] move: Knock Off|[of] p1a: Tuesday\n|\n|-weather|Sandstorm|[upkeep]\n|-heal|p2a: mamacita|71\/100|[from] Grassy Terrain\n|-heal|p1a: Tuesday|50\/100|[from] Grassy Terrain\n|upkeep\n|turn|18\n|\n|t:|1699828372\n|move|p2a: mamacita|Tera Blast|p1a: Tuesday|[anim] Tera Blast Ground\n|-supereffective|p1a: Tuesday\n|-damage|p1a: Tuesday|28\/100\n|move|p1a: Tuesday|Rest|p1a: Tuesday\n|-status|p1a: Tuesday|slp|[from] move: Rest\n|-heal|p1a: Tuesday|100\/100 slp|[silent]\n|\n|-weather|Sandstorm|[upkeep]\n|-heal|p2a: mamacita|78\/100|[from] Grassy Terrain\n|upkeep\n|turn|19\n|\n|t:|1699828428\n|switch|p2a: yo waimo|Mamoswine, M|100\/100\n|-damage|p2a: yo waimo|88\/100|[from] Stealth Rock\n|switch|p1a: Gustavo|Crocalor, M|100\/100\n|-damage|p1a: Gustavo|76\/100|[from] Stealth Rock\n|\n|-weather|Sandstorm|[upkeep]\n|-damage|p1a: Gustavo|70\/100|[from] Sandstorm\n|-heal|p2a: yo waimo|94\/100|[from] Grassy Terrain\n|-heal|p1a: Gustavo|76\/100|[from] Grassy Terrain\n|-fieldend|move: Grassy Terrain\n|upkeep\n|turn|20\n|\n|t:|1699828465\n|move|p2a: yo waimo|Knock Off|p1a: Gustavo\n|-damage|p1a: Gustavo|50\/100\n|-enditem|p1a: Gustavo|Eviolite|[from] move: Knock Off|[of] p2a: yo waimo\n|move|p1a: Gustavo|Yawn|p2a: yo waimo\n|-start|p2a: yo waimo|move: Yawn|[of] p1a: Gustavo\n|\n|-weather|none\n|upkeep\n|turn|21\n|\n|t:|1699828476\n|switch|p2a: Common carp|Alomomola, F|100\/100\n|-damage|p2a: Common carp|88\/100|[from] Stealth Rock\n|move|p1a: Gustavo|Slack Off|p1a: Gustavo\n|-heal|p1a: Gustavo|99\/100\n|\n|upkeep\n|turn|22\n|\n|t:|1699828498\n|move|p2a: Common carp|Calm Mind|p2a: Common carp\n|-boost|p2a: Common carp|spa|1\n|-boost|p2a: Common carp|spd|1\n|move|p1a: Gustavo|Yawn|p2a: Common carp\n|-start|p2a: Common carp|move: Yawn|[of] p1a: Gustavo\n|\n|upkeep\n|turn|23\n|\n|t:|1699828531\n|switch|p2a: pitbull|Skeledirge, M|75\/100\n|switch|p1a: Gromlin|Electrode-Hisui, shiny|100\/100\n|-damage|p1a: Gromlin|88\/100|[from] Stealth Rock\n|\n|-heal|p1a: Gromlin|94\/100|[from] item: Leftovers\n|upkeep\n|turn|24\n|\n|t:|1699828540\n|move|p1a: Gromlin|Volt Switch|p2a: pitbull\n|-damage|p2a: pitbull|57\/100\n|\n|t:|1699828553\n|switch|p1a: Tuesday|Tyranitar, M|100\/100 slp|[from] Volt Switch\n|-damage|p1a: Tuesday|88\/100 slp|[from] Stealth Rock\n|-weather|Sandstorm|[from] ability: Sand Stream|[of] p1a: Tuesday\n|move|p2a: pitbull|Will-O-Wisp||[still]\n|-fail|p2a: pitbull\n|\n|-weather|Sandstorm|[upkeep]\n|-damage|p2a: pitbull|51\/100|[from] Sandstorm\n|upkeep\n|turn|25\n|\n|t:|1699828587\n|switch|p2a: Common carp|Alomomola, F|100\/100\n|-damage|p2a: Common carp|88\/100|[from] Stealth Rock\n|cant|p1a: Tuesday|slp\n|\n|-weather|Sandstorm|[upkeep]\n|-damage|p2a: Common carp|82\/100|[from] Sandstorm\n|upkeep\n|turn|26\n|\n|t:|1699828598\n|move|p2a: Common carp|Scald|p1a: Tuesday\n|-supereffective|p1a: Tuesday\n|-damage|p1a: Tuesday|77\/100 slp\n|cant|p1a: Tuesday|slp\n|\n|-weather|Sandstorm|[upkeep]\n|-damage|p2a: Common carp|76\/100|[from] Sandstorm\n|upkeep\n|turn|27\n|\n|t:|1699828609\n|move|p2a: Common carp|Wish|p2a: Common carp\n|-curestatus|p1a: Tuesday|slp|[msg]\n|move|p1a: Tuesday|Rock Blast|p2a: Common carp\n|-damage|p2a: Common carp|70\/100\n|-damage|p2a: Common carp|64\/100\n|-damage|p2a: Common carp|58\/100\n|-damage|p2a: Common carp|52\/100\n|-damage|p2a: Common carp|45\/100\n|-hitcount|p2a: Common carp|5\n|\n|-weather|Sandstorm|[upkeep]\n|-damage|p2a: Common carp|39\/100|[from] Sandstorm\n|upkeep\n|turn|28\n|\n|t:|1699828624\n|move|p2a: Common carp|Protect|p2a: Common carp\n|-singleturn|p2a: Common carp|Protect\n|move|p1a: Tuesday|Rock Blast|p2a: Common carp\n|-activate|p2a: Common carp|move: Protect\n|\n|-weather|none\n|-heal|p2a: Common carp|89\/100|[from] move: Wish|[wisher] Common carp\n|upkeep\n|turn|29\n|\n|t:|1699828632\n|move|p2a: Common carp|Scald|p1a: Tuesday\n|-supereffective|p1a: Tuesday\n|-damage|p1a: Tuesday|60\/100\n|move|p1a: Tuesday|Rock Blast|p2a: Common carp|[miss]\n|-miss|p1a: Tuesday|p2a: Common carp\n|\n|upkeep\n|turn|30\n|\n|t:|1699828639\n|move|p2a: Common carp|Scald|p1a: Tuesday\n|-supereffective|p1a: Tuesday\n|-damage|p1a: Tuesday|45\/100\n|-status|p1a: Tuesday|brn\n|move|p1a: Tuesday|Rock Blast|p2a: Common carp\n|-damage|p2a: Common carp|86\/100\n|-damage|p2a: Common carp|83\/100\n|-damage|p2a: Common carp|80\/100\n|-damage|p2a: Common carp|77\/100\n|-damage|p2a: Common carp|74\/100\n|-hitcount|p2a: Common carp|5\n|\n|-damage|p1a: Tuesday|39\/100 brn|[from] brn\n|upkeep\n|turn|31\n|\n|t:|1699828652\n|move|p2a: Common carp|Scald|p1a: Tuesday\n|-supereffective|p1a: Tuesday\n|-damage|p1a: Tuesday|22\/100 brn\n|move|p1a: Tuesday|Rest|p1a: Tuesday\n|-status|p1a: Tuesday|slp|[from] move: Rest\n|-heal|p1a: Tuesday|100\/100 slp|[silent]\n|\n|upkeep\n|turn|32\n|\n|t:|1699828663\n|switch|p1a: Gromlin|Electrode-Hisui, shiny|94\/100\n|-damage|p1a: Gromlin|82\/100|[from] Stealth Rock\n|move|p2a: Common carp|Calm Mind|p2a: Common carp\n|-boost|p2a: Common carp|spa|1\n|-boost|p2a: Common carp|spd|1\n|\n|-heal|p1a: Gromlin|88\/100|[from] item: Leftovers\n|upkeep\n|turn|33\n|\n|t:|1699828709\n|move|p2a: Common carp|Protect|p2a: Common carp\n|-singleturn|p2a: Common carp|Protect\n|move|p1a: Gromlin|Energy Ball|p2a: Common carp\n|-activate|p2a: Common carp|move: Protect\n|\n|-heal|p1a: Gromlin|94\/100|[from] item: Leftovers\n|upkeep\n|turn|34\n|\n|t:|1699828746\n|move|p1a: Gromlin|Energy Ball|p2a: Common carp\n|-supereffective|p2a: Common carp\n|-damage|p2a: Common carp|22\/100\n|move|p2a: Common carp|Wish|p2a: Common carp\n|\n|-heal|p1a: Gromlin|100\/100|[from] item: Leftovers\n|upkeep\n|turn|35\n|\n|t:|1699828754\n|switch|p2a: pitbull|Skeledirge, M|51\/100\n|move|p1a: Gromlin|Grassy Terrain|p1a: Gromlin\n|-fieldstart|move: Grassy Terrain\n|\n|-heal|p2a: pitbull|100\/100|[from] move: Wish|[wisher] Common carp\n|upkeep\n|turn|36\n|\n|t:|1699828790\n|move|p1a: Gromlin|Volt Switch|p2a: pitbull\n|-damage|p2a: pitbull|80\/100\n|\n|t:|1699828792\n|switch|p1a: Gustavo|Crocalor, M|99\/100|[from] Volt Switch\n|-damage|p1a: Gustavo|75\/100|[from] Stealth Rock\n|move|p2a: pitbull|Torch Song|p1a: Gustavo\n|-resisted|p1a: Gustavo\n|-damage|p1a: Gustavo|60\/100\n|-boost|p2a: pitbull|spa|1\n|\n|-heal|p2a: pitbull|86\/100|[from] Grassy Terrain\n|-heal|p1a: Gustavo|66\/100|[from] Grassy Terrain\n|upkeep\n|turn|37\n|\n|t:|1699828811\n|move|p2a: pitbull|Hex|p1a: Gustavo\n|-damage|p1a: Gustavo|39\/100\n|move|p1a: Gustavo|Yawn|p2a: pitbull\n|-start|p2a: pitbull|move: Yawn|[of] p1a: Gustavo\n|\n|-heal|p2a: pitbull|92\/100|[from] Grassy Terrain\n|-heal|p1a: Gustavo|45\/100|[from] Grassy Terrain\n|upkeep\n|turn|38\n|\n|t:|1699828820\n|switch|p2a: Common carp|Alomomola, F|55\/100\n|-damage|p2a: Common carp|43\/100|[from] Stealth Rock\n|move|p1a: Gustavo|Slack Off|p1a: Gustavo\n|-heal|p1a: Gustavo|95\/100\n|\n|-heal|p2a: Common carp|49\/100|[from] Grassy Terrain\n|-heal|p1a: Gustavo|100\/100|[from] Grassy Terrain\n|upkeep\n|turn|39\n|\n|t:|1699828836\n|move|p2a: Common carp|Wish|p2a: Common carp\n|move|p1a: Gustavo|Yawn|p2a: Common carp\n|-start|p2a: Common carp|move: Yawn|[of] p1a: Gustavo\n|\n|-heal|p2a: Common carp|55\/100|[from] Grassy Terrain\n|-fieldend|move: Grassy Terrain\n|upkeep\n|turn|40\n|\n|t:|1699828845\n|switch|p2a: yo waimo|Mamoswine, M|94\/100\n|-damage|p2a: yo waimo|82\/100|[from] Stealth Rock\n|switch|p1a: Mr. Ping|Persian-Alola, M|100\/100\n|-damage|p1a: Mr. Ping|88\/100|[from] Stealth Rock\n|\n|-heal|p2a: yo waimo|100\/100|[from] move: Wish|[wisher] Common carp\n|upkeep\n|turn|41\n|\n|t:|1699828888\n|move|p1a: Mr. Ping|Fake Out|p2a: yo waimo\n|-damage|p2a: yo waimo|94\/100\n|cant|p2a: yo waimo|flinch\n|\n|upkeep\n|turn|42\n|\n|t:|1699828905\n|move|p1a: Mr. Ping|Foul Play|p2a: yo waimo\n|-damage|p2a: yo waimo|36\/100\n|move|p2a: yo waimo|Earthquake|p1a: Mr. Ping\n|-damage|p1a: Mr. Ping|50\/100\n|-enditem|p1a: Mr. Ping|Red Card|[of] p2a: yo waimo\n|drag|p2a: mamacita|Articuno, tera:Ground|78\/100\n|-damage|p2a: mamacita|71\/100|[from] Stealth Rock\n|-ability|p2a: mamacita|Pressure\n|\n|upkeep\n|turn|43\n|\n|t:|1699828926\n|move|p1a: Mr. Ping|Parting Shot|p2a: mamacita\n|-unboost|p2a: mamacita|atk|1\n|-unboost|p2a: mamacita|spa|1\n|\n|t:|1699828928\n|switch|p1a: Tuesday|Tyranitar, M|100\/100 slp|[from] Parting Shot\n|-damage|p1a: Tuesday|88\/100 slp|[from] Stealth Rock\n|-weather|Sandstorm|[from] ability: Sand Stream|[of] p1a: Tuesday\n|move|p2a: mamacita|Roost|p2a: mamacita\n|-heal|p2a: mamacita|100\/100\n|\n|-weather|Sandstorm|[upkeep]\n|upkeep\n|turn|44\n|\n|t:|1699828939\n|switch|p2a: Common carp|Alomomola, F|89\/100\n|-damage|p2a: Common carp|76\/100|[from] Stealth Rock\n|cant|p1a: Tuesday|slp\n|\n|-weather|Sandstorm|[upkeep]\n|-damage|p2a: Common carp|70\/100|[from] Sandstorm\n|upkeep\n|turn|45\n|\n|t:|1699828954\n|switch|p1a: Gromlin|Electrode-Hisui, shiny|100\/100\n|-damage|p1a: Gromlin|88\/100|[from] Stealth Rock\n|move|p2a: Common carp|Scald|p1a: Gromlin\n|-resisted|p1a: Gromlin\n|-damage|p1a: Gromlin|78\/100\n|\n|-weather|Sandstorm|[upkeep]\n|-damage|p1a: Gromlin|72\/100|[from] Sandstorm\n|-damage|p2a: Common carp|64\/100|[from] Sandstorm\n|-heal|p1a: Gromlin|78\/100|[from] item: Leftovers\n|upkeep\n|turn|46\n|\n|t:|1699828973\n|switch|p2a: pitbull|Skeledirge, M|92\/100\n|move|p1a: Gromlin|Volt Switch|p2a: pitbull\n|-damage|p2a: pitbull|74\/100\n|\n|t:|1699828976\n|switch|p1a: Proximate|Infernape, M|100\/100|[from] Volt Switch\n|-damage|p1a: Proximate|88\/100|[from] Stealth Rock\n|\n|-weather|Sandstorm|[upkeep]\n|-damage|p1a: Proximate|82\/100|[from] Sandstorm\n|-damage|p2a: pitbull|68\/100|[from] Sandstorm\n|-heal|p1a: Proximate|88\/100|[from] item: Leftovers\n|upkeep\n|turn|47\n|\n|t:|1699829028\n|move|p1a: Proximate|Substitute|p1a: Proximate\n|-start|p1a: Proximate|Substitute\n|-damage|p1a: Proximate|63\/100\n|move|p2a: pitbull|Torch Song|p1a: Proximate\n|-resisted|p1a: Proximate\n|-damage|p1a: Proximate|39\/100\n|-boost|p2a: pitbull|spa|1\n|\n|-weather|none\n|-heal|p1a: Proximate|45\/100|[from] item: Leftovers\n|upkeep\n|turn|48\n|\n|t:|1699829042\n|move|p1a: Proximate|Flamethrower|p2a: pitbull\n|-resisted|p2a: pitbull\n|-damage|p2a: pitbull|52\/100\n|move|p2a: pitbull|Torch Song|p1a: Proximate\n|-resisted|p1a: Proximate\n|-damage|p1a: Proximate|12\/100\n|-boost|p2a: pitbull|spa|1\n|\n|-heal|p1a: Proximate|18\/100|[from] item: Leftovers\n|upkeep\n|turn|49\n|\n|t:|1699829056\n|switch|p1a: Tuesday|Tyranitar, M|88\/100 slp\n|-damage|p1a: Tuesday|76\/100 slp|[from] Stealth Rock\n|-weather|Sandstorm|[from] ability: Sand Stream|[of] p1a: Tuesday\n|move|p2a: pitbull|Torch Song|p1a: Tuesday\n|-resisted|p1a: Tuesday\n|-damage|p1a: Tuesday|63\/100 slp\n|-boost|p2a: pitbull|spa|1\n|\n|-weather|Sandstorm|[upkeep]\n|-damage|p2a: pitbull|46\/100|[from] Sandstorm\n|upkeep\n|turn|50\n|\n|t:|1699829072\n|switch|p2a: Common carp|Alomomola, F|97\/100\n|-damage|p2a: Common carp|85\/100|[from] Stealth Rock\n|cant|p1a: Tuesday|slp\n|\n|-weather|Sandstorm|[upkeep]\n|-damage|p2a: Common carp|79\/100|[from] Sandstorm\n|upkeep\n|turn|51\n|\n|t:|1699829118\n|move|p2a: Common carp|Scald|p1a: Tuesday\n|-supereffective|p1a: Tuesday\n|-damage|p1a: Tuesday|53\/100 slp\n|-curestatus|p1a: Tuesday|slp|[msg]\n|move|p1a: Tuesday|Rock Blast|p2a: Common carp\n|-damage|p2a: Common carp|73\/100\n|-damage|p2a: Common carp|66\/100\n|-damage|p2a: Common carp|60\/100\n|-damage|p2a: Common carp|54\/100\n|-hitcount|p2a: Common carp|4\n|\n|-weather|Sandstorm|[upkeep]\n|-damage|p2a: Common carp|48\/100|[from] Sandstorm\n|upkeep\n|turn|52\n|\n|t:|1699829142\n|move|p2a: Common carp|Wish|p2a: Common carp\n|move|p1a: Tuesday|Rock Blast|p2a: Common carp\n|-damage|p2a: Common carp|42\/100\n|-damage|p2a: Common carp|37\/100\n|-damage|p2a: Common carp|30\/100\n|-damage|p2a: Common carp|25\/100\n|-damage|p2a: Common carp|18\/100\n|-hitcount|p2a: Common carp|5\n|\n|-weather|Sandstorm|[upkeep]\n|-damage|p2a: Common carp|12\/100|[from] Sandstorm\n|upkeep\n|turn|53\n|\n|t:|1699829153\n|move|p2a: Common carp|Protect|p2a: Common carp\n|-singleturn|p2a: Common carp|Protect\n|move|p1a: Tuesday|Rock Blast|p2a: Common carp\n|-activate|p2a: Common carp|move: Protect\n|\n|-weather|none\n|-heal|p2a: Common carp|62\/100|[from] move: Wish|[wisher] Common carp\n|upkeep\n|turn|54\n|\n|t:|1699829161\n|move|p2a: Common carp|Scald|p1a: Tuesday\n|-supereffective|p1a: Tuesday\n|-damage|p1a: Tuesday|37\/100\n|move|p1a: Tuesday|Rock Blast|p2a: Common carp\n|-damage|p2a: Common carp|56\/100\n|-damage|p2a: Common carp|50\/100\n|-damage|p2a: Common carp|44\/100\n|-damage|p2a: Common carp|37\/100\n|-hitcount|p2a: Common carp|4\n|\n|upkeep\n|turn|55\n|\n|t:|1699829178\n|switch|p2a: mamacita|Articuno, tera:Ground|100\/100\n|-damage|p2a: mamacita|94\/100|[from] Stealth Rock\n|-ability|p2a: mamacita|Pressure\n|move|p1a: Tuesday|Rock Blast|p2a: mamacita\n|-resisted|p2a: mamacita\n|-damage|p2a: mamacita|89\/100\n|-resisted|p2a: mamacita\n|-damage|p2a: mamacita|84\/100\n|-resisted|p2a: mamacita\n|-damage|p2a: mamacita|79\/100\n|-resisted|p2a: mamacita\n|-damage|p2a: mamacita|74\/100\n|-resisted|p2a: mamacita\n|-damage|p2a: mamacita|69\/100\n|-hitcount|p2a: mamacita|5\n|\n|upkeep\n|turn|56\n|\n|t:|1699829197\n|move|p2a: mamacita|Tera Blast|p1a: Tuesday|[anim] Tera Blast Ground\n|-supereffective|p1a: Tuesday\n|-damage|p1a: Tuesday|4\/100\n|move|p1a: Tuesday|Knock Off|p2a: mamacita\n|-damage|p2a: mamacita|42\/100\n|\n|upkeep\n|turn|57\n|\n|t:|1699829204\n|move|p2a: mamacita|Tera Blast|p1a: Tuesday|[anim] Tera Blast Ground\n|-supereffective|p1a: Tuesday\n|-damage|p1a: Tuesday|0 fnt\n|faint|p1a: Tuesday\n|\n|upkeep\n|\n|t:|1699829207\n|switch|p1a: Gromlin|Electrode-Hisui, shiny|78\/100\n|-damage|p1a: Gromlin|66\/100|[from] Stealth Rock\n|turn|58\n|\n|t:|1699829303\n|switch|p2a: yo waimo|Mamoswine, M|36\/100\n|-damage|p2a: yo waimo|23\/100|[from] Stealth Rock\n|move|p1a: Gromlin|Energy Ball|p2a: yo waimo\n|-supereffective|p2a: yo waimo\n|-damage|p2a: yo waimo|0 fnt\n|faint|p2a: yo waimo\n|\n|-heal|p1a: Gromlin|72\/100|[from] item: Leftovers\n|upkeep\n|\n|t:|1699829322\n|switch|p2a: pitbull|Skeledirge, M|46\/100\n|turn|59\n|\n|t:|1699829350\n|move|p1a: Gromlin|Volt Switch|p2a: pitbull\n|-crit|p2a: pitbull\n|-damage|p2a: pitbull|18\/100\n|\n|t:|1699829357\n|switch|p1a: Mr. Ping|Persian-Alola, M|50\/100|[from] Volt Switch\n|-damage|p1a: Mr. Ping|37\/100|[from] Stealth Rock\n|move|p2a: pitbull|Slack Off|p2a: pitbull\n|-heal|p2a: pitbull|68\/100\n|\n|upkeep\n|turn|60\n|\n|t:|1699829425\n|move|p1a: Mr. Ping|Thunder Wave|p2a: pitbull\n|-status|p2a: pitbull|par\n|move|p2a: pitbull|Torch Song|p1a: Mr. Ping\n|-damage|p1a: Mr. Ping|0 fnt\n|-boost|p2a: pitbull|spa|1\n|faint|p1a: Mr. Ping\n|\n|upkeep\n|\n|t:|1699829434\n|switch|p1a: Gromlin|Electrode-Hisui, shiny|72\/100\n|-damage|p1a: Gromlin|60\/100|[from] Stealth Rock\n|turn|61\n|\n|t:|1699829440\n|move|p1a: Gromlin|Volt Switch|p2a: pitbull\n|-damage|p2a: pitbull|50\/100 par\n|\n|t:|1699829443\n|switch|p1a: Gustavo|Crocalor, M|100\/100|[from] Volt Switch\n|-damage|p1a: Gustavo|76\/100|[from] Stealth Rock\n|move|p2a: pitbull|Torch Song|p1a: Gustavo\n|-resisted|p1a: Gustavo\n|-damage|p1a: Gustavo|59\/100\n|-boost|p2a: pitbull|spa|1\n|\n|upkeep\n|turn|62\n|\n|t:|1699829454\n|move|p1a: Gustavo|Flamethrower|p2a: pitbull\n|-resisted|p2a: pitbull\n|-damage|p2a: pitbull|41\/100 par\n|cant|p2a: pitbull|par\n|\n|upkeep\n|turn|63\n|\n|t:|1699829461\n|move|p1a: Gustavo|Flamethrower|p2a: pitbull\n|-resisted|p2a: pitbull\n|-damage|p2a: pitbull|30\/100 par\n|cant|p2a: pitbull|par\n|\n|upkeep\n|turn|64\n|\n|t:|1699829466\n|move|p1a: Gustavo|Flamethrower|p2a: pitbull\n|-resisted|p2a: pitbull\n|-damage|p2a: pitbull|20\/100 par\n|move|p2a: pitbull|Slack Off|p2a: pitbull\n|-heal|p2a: pitbull|70\/100 par\n|\n|upkeep\n|turn|65\n|\n|t:|1699829475\n|move|p1a: Gustavo|Flamethrower|p2a: pitbull\n|-resisted|p2a: pitbull\n|-damage|p2a: pitbull|59\/100 par\n|move|p2a: pitbull|Torch Song|p1a: Gustavo\n|-resisted|p1a: Gustavo\n|-damage|p1a: Gustavo|43\/100\n|-boost|p2a: pitbull|spa|1\n|\n|upkeep\n|turn|66\n|\n|t:|1699829483\n|move|p1a: Gustavo|Slack Off|p1a: Gustavo\n|-heal|p1a: Gustavo|93\/100\n|move|p2a: pitbull|Torch Song|p1a: Gustavo\n|-resisted|p1a: Gustavo\n|-damage|p1a: Gustavo|78\/100\n|-boost|p2a: pitbull|spa|1\n|\n|upkeep\n|turn|67\n|c|\u2606bopamon|this is a toji megumi moment\n|\n|t:|1699829505\n|move|p1a: Gustavo|Flamethrower|p2a: pitbull\n|-resisted|p2a: pitbull\n|-damage|p2a: pitbull|48\/100 par\n|move|p2a: pitbull|Torch Song|p1a: Gustavo\n|-resisted|p1a: Gustavo\n|-damage|p1a: Gustavo|60\/100\n|-boost|p2a: pitbull|spa|1\n|\n|upkeep\n|turn|68\n|\n|t:|1699829514\n|move|p1a: Gustavo|Flamethrower|p2a: pitbull\n|-resisted|p2a: pitbull\n|-damage|p2a: pitbull|38\/100 par\n|move|p2a: pitbull|Slack Off|p2a: pitbull\n|-heal|p2a: pitbull|88\/100 par\n|\n|upkeep\n|turn|69\n|\n|t:|1699829521\n|move|p1a: Gustavo|Flamethrower|p2a: pitbull\n|-resisted|p2a: pitbull\n|-damage|p2a: pitbull|78\/100 par\n|cant|p2a: pitbull|par\n|\n|upkeep\n|turn|70\n|\n|t:|1699829527\n|move|p1a: Gustavo|Flamethrower|p2a: pitbull\n|-resisted|p2a: pitbull\n|-damage|p2a: pitbull|68\/100 par\n|cant|p2a: pitbull|par\n|\n|upkeep\n|turn|71\n|\n|t:|1699829535\n|move|p1a: Gustavo|Flamethrower|p2a: pitbull\n|-resisted|p2a: pitbull\n|-damage|p2a: pitbull|59\/100 par\n|move|p2a: pitbull|Torch Song|p1a: Gustavo\n|-resisted|p1a: Gustavo\n|-damage|p1a: Gustavo|45\/100\n|-boost|p2a: pitbull|spa|1\n|\n|upkeep\n|turn|72\n|\n|t:|1699829551\n|move|p1a: Gustavo|Slack Off|p1a: Gustavo\n|-heal|p1a: Gustavo|95\/100\n|cant|p2a: pitbull|par\n|\n|upkeep\n|turn|73\n|\n|t:|1699829559\n|move|p1a: Gustavo|Flamethrower|p2a: pitbull\n|-resisted|p2a: pitbull\n|-damage|p2a: pitbull|49\/100 par\n|move|p2a: pitbull|Slack Off|p2a: pitbull\n|-heal|p2a: pitbull|99\/100 par\n|\n|upkeep\n|turn|74\n|\n|t:|1699829565\n|move|p1a: Gustavo|Flamethrower|p2a: pitbull\n|-resisted|p2a: pitbull\n|-damage|p2a: pitbull|90\/100 par\n|cant|p2a: pitbull|par\n|\n|upkeep\n|turn|75\n|\n|t:|1699829570\n|move|p1a: Gustavo|Flamethrower|p2a: pitbull\n|-resisted|p2a: pitbull\n|-damage|p2a: pitbull|81\/100 par\n|move|p2a: pitbull|Hex|p1a: Gustavo\n|-damage|p1a: Gustavo|68\/100\n|\n|upkeep\n|turn|76\n|\n|t:|1699829577\n|move|p1a: Gustavo|Flamethrower|p2a: pitbull\n|-resisted|p2a: pitbull\n|-damage|p2a: pitbull|71\/100 par\n|cant|p2a: pitbull|par\n|\n|upkeep\n|turn|77\n|\n|t:|1699829582\n|move|p1a: Gustavo|Flamethrower|p2a: pitbull\n|-resisted|p2a: pitbull\n|-damage|p2a: pitbull|60\/100 par\n|move|p2a: pitbull|Hex|p1a: Gustavo\n|-damage|p1a: Gustavo|39\/100\n|\n|upkeep\n|turn|78\n|\n|t:|1699829588\n|move|p1a: Gustavo|Slack Off|p1a: Gustavo\n|-heal|p1a: Gustavo|89\/100\n|move|p2a: pitbull|Hex|p1a: Gustavo\n|-damage|p1a: Gustavo|62\/100\n|\n|upkeep\n|turn|79\n|\n|t:|1699829594\n|move|p1a: Gustavo|Flamethrower|p2a: pitbull\n|-resisted|p2a: pitbull\n|-damage|p2a: pitbull|49\/100 par\n|move|p2a: pitbull|Hex|p1a: Gustavo\n|-damage|p1a: Gustavo|34\/100\n|\n|upkeep\n|turn|80\n|\n|t:|1699829608\n|move|p1a: Gustavo|Slack Off|p1a: Gustavo\n|-heal|p1a: Gustavo|85\/100\n|move|p2a: pitbull|Hex|p1a: Gustavo\n|-damage|p1a: Gustavo|57\/100\n|\n|upkeep\n|turn|81\n|\n|t:|1699829623\n|move|p1a: Gustavo|Flamethrower|p2a: pitbull\n|-resisted|p2a: pitbull\n|-damage|p2a: pitbull|39\/100 par\n|move|p2a: pitbull|Slack Off|p2a: pitbull\n|-heal|p2a: pitbull|89\/100 par\n|\n|upkeep\n|turn|82\n|\n|t:|1699829632\n|move|p1a: Gustavo|Flamethrower|p2a: pitbull\n|-resisted|p2a: pitbull\n|-damage|p2a: pitbull|79\/100 par\n|move|p2a: pitbull|Hex|p1a: Gustavo\n|-damage|p1a: Gustavo|33\/100\n|\n|upkeep\n|turn|83\n|\n|t:|1699829639\n|move|p1a: Gustavo|Slack Off|p1a: Gustavo\n|-heal|p1a: Gustavo|83\/100\n|move|p2a: pitbull|Hex|p1a: Gustavo\n|-damage|p1a: Gustavo|54\/100\n|\n|upkeep\n|turn|84\n|\n|t:|1699829646\n|move|p1a: Gustavo|Flamethrower|p2a: pitbull\n|-resisted|p2a: pitbull\n|-damage|p2a: pitbull|70\/100 par\n|cant|p2a: pitbull|par\n|\n|upkeep\n|turn|85\n|\n|t:|1699829654\n|move|p1a: Gustavo|Flamethrower|p2a: pitbull\n|-resisted|p2a: pitbull\n|-damage|p2a: pitbull|59\/100 par\n|cant|p2a: pitbull|par\n|\n|upkeep\n|turn|86\n|\n|t:|1699829659\n|move|p1a: Gustavo|Flamethrower|p2a: pitbull\n|-resisted|p2a: pitbull\n|-damage|p2a: pitbull|48\/100 par\n|move|p2a: pitbull|Hex|p1a: Gustavo\n|-damage|p1a: Gustavo|27\/100\n|\n|upkeep\n|turn|87\n|\n|t:|1699829667\n|move|p1a: Gustavo|Slack Off|p1a: Gustavo\n|-heal|p1a: Gustavo|77\/100\n|move|p2a: pitbull|Hex|p1a: Gustavo\n|-damage|p1a: Gustavo|50\/100\n|\n|upkeep\n|turn|88\n|\n|t:|1699829672\n|move|p1a: Gustavo|Flamethrower|p2a: pitbull\n|-resisted|p2a: pitbull\n|-damage|p2a: pitbull|37\/100 par\n|move|p2a: pitbull|Slack Off|p2a: pitbull\n|-heal|p2a: pitbull|88\/100 par\n|\n|upkeep\n|turn|89\n|\n|t:|1699829679\n|move|p1a: Gustavo|Flamethrower|p2a: pitbull\n|-resisted|p2a: pitbull\n|-damage|p2a: pitbull|77\/100 par\n|move|p2a: pitbull|Hex|p1a: Gustavo\n|-damage|p1a: Gustavo|22\/100\n|\n|upkeep\n|turn|90\n|\n|t:|1699829684\n|move|p1a: Gustavo|Flamethrower|p2a: pitbull\n|-resisted|p2a: pitbull\n|-damage|p2a: pitbull|67\/100 par\n|cant|p2a: pitbull|par\n|\n|upkeep\n|turn|91\n|\n|t:|1699829690\n|move|p1a: Gustavo|Flamethrower|p2a: pitbull\n|-resisted|p2a: pitbull\n|-damage|p2a: pitbull|56\/100 par\n|move|p2a: pitbull|Hex|p1a: Gustavo\n|-damage|p1a: Gustavo|0 fnt\n|faint|p1a: Gustavo\n|\n|upkeep\n|\n|t:|1699829695\n|switch|p1a: Gromlin|Electrode-Hisui, shiny|60\/100\n|-damage|p1a: Gromlin|47\/100|[from] Stealth Rock\n|turn|92\n|\n|t:|1699829700\n|-terastallize|p1a: Gromlin|Ice\n|move|p1a: Gromlin|Tera Blast|p2a: pitbull|[anim] Tera Blast Ice\n|-resisted|p2a: pitbull\n|-damage|p2a: pitbull|45\/100 par\n|move|p2a: pitbull|Torch Song|p1a: Gromlin\n|-supereffective|p1a: Gromlin\n|-damage|p1a: Gromlin|0 fnt\n|faint|p1a: Gromlin\n|\n|upkeep\n|\n|t:|1699829703\n|switch|p1a: Proximate|Infernape, M|18\/100\n|-damage|p1a: Proximate|6\/100|[from] Stealth Rock\n|turn|93\n|c|\u2606bopamon|gg\n|\n|t:|1699829713\n|move|p1a: Proximate|Flamethrower|p2a: pitbull\n|-resisted|p2a: pitbull\n|-damage|p2a: pitbull|30\/100 par\n|move|p2a: pitbull|Hex|p1a: Proximate\n|-damage|p1a: Proximate|0 fnt\n|faint|p1a: Proximate\n|\n|win|coki333333333\n|l|\u2606coki333333333\n|l|\u2606bopamon\n","uploadtime":1699829724,"views":31,"p1id":"bopamon","p2id":"coki333333333","formatid":"gen9ou","rating":0,"private":0,"password":""}