{"id":"gen9ou-1996187720","p1":"PsyberK","p2":"evilpokefan","format":"[Gen 9] OU","log":"|j|\u2606PsyberK\n|j|\u2606evilpokefan\n|t:|1700656793\n|gametype|singles\n|player|p1|PsyberK|lucas|1213\n|player|p2|evilpokefan|2|1185\n|teamsize|p1|6\n|teamsize|p2|6\n|gen|9\n|tier|[Gen 9] OU\n|rated|\n|rule|Sleep Clause Mod: Limit one foe put to sleep\n|rule|Species Clause: Limit one of each Pok\u00e9mon\n|rule|OHKO Clause: OHKO moves are banned\n|rule|Evasion Items Clause: Evasion items are banned\n|rule|Evasion Moves Clause: Evasion moves are banned\n|rule|Endless Battle Clause: Forcing endless battles is banned\n|rule|HP Percentage Mod: HP is shown in percentages\n|clearpoke\n|poke|p1|Iron Hands|\n|poke|p1|Ceruledge, M|\n|poke|p1|Rillaboom, M|\n|poke|p1|Iron Moth|\n|poke|p1|Kingambit, M|\n|poke|p1|Ogerpon-Cornerstone, F|\n|poke|p2|Scizor, M|\n|poke|p2|Blissey, F|\n|poke|p2|Dragapult, M|\n|poke|p2|Passimian, F|\n|poke|p2|Landorus-Therian, M|\n|poke|p2|Tornadus-Therian, M|\n|teampreview\n|\n|t:|1700656814\n|start\n|switch|p1a: Ogerpon|Ogerpon-Cornerstone, F|100\/100\n|switch|p2a: Tornadus|Tornadus-Therian, M|100\/100\n|turn|1\n|inactive|Battle timer is ON: inactive players will automatically lose when time's up. (requested by PsyberK)\n|\n|t:|1700656833\n|move|p2a: Tornadus|Hurricane|p1a: Ogerpon\n|-damage|p1a: Ogerpon|36\/100\n|move|p1a: Ogerpon|Ivy Cudgel|p2a: Tornadus|[anim] Ivy Cudgel Rock\n|-supereffective|p2a: Tornadus\n|-damage|p2a: Tornadus|0 fnt\n|faint|p2a: Tornadus\n|\n|upkeep\n|\n|t:|1700656842\n|switch|p2a: Scizor|Scizor, M|100\/100\n|turn|2\n|\n|t:|1700656855\n|switch|p1a: Ceruledge|Ceruledge, M|100\/100\n|move|p2a: Scizor|Swords Dance|p2a: Scizor\n|-boost|p2a: Scizor|atk|2\n|\n|upkeep\n|turn|3\n|\n|t:|1700656871\n|-terastallize|p2a: Scizor|Dragon\n|move|p2a: Scizor|Bullet Punch|p1a: Ceruledge\n|-resisted|p1a: Ceruledge\n|-damage|p1a: Ceruledge|42\/100\n|-ability|p1a: Ceruledge|Weak Armor|boost\n|-unboost|p1a: Ceruledge|def|1\n|-boost|p1a: Ceruledge|spe|2\n|-damage|p2a: Scizor|91\/100|[from] item: Life Orb\n|move|p1a: Ceruledge|Swords Dance|p1a: Ceruledge\n|-boost|p1a: Ceruledge|atk|2\n|\n|upkeep\n|turn|4\n|\n|t:|1700656879\n|move|p2a: Scizor|Bullet Punch|p1a: Ceruledge\n|-resisted|p1a: Ceruledge\n|-damage|p1a: Ceruledge|0 fnt\n|faint|p1a: Ceruledge\n|-damage|p2a: Scizor|81\/100|[from] item: Life Orb\n|\n|upkeep\n|\n|t:|1700656890\n|switch|p1a: Kingambit|Kingambit, M|100\/100\n|-activate|p1a: Kingambit|ability: Supreme Overlord\n|-start|p1a: Kingambit|fallen1|[silent]\n|turn|5\n|\n|t:|1700656901\n|move|p1a: Kingambit|Sucker Punch|p2a: Scizor\n|-damage|p2a: Scizor|34\/100\n|move|p2a: Scizor|Close Combat|p1a: Kingambit\n|-supereffective|p1a: Kingambit\n|-damage|p1a: Kingambit|0 fnt\n|-unboost|p2a: Scizor|def|1\n|-unboost|p2a: Scizor|spd|1\n|faint|p1a: Kingambit\n|-end|p1a: Kingambit|fallen1|[silent]\n|-damage|p2a: Scizor|24\/100|[from] item: Life Orb\n|\n|upkeep\n|\n|t:|1700656906\n|switch|p1a: Rillaboom|Rillaboom, M|100\/100\n|-fieldstart|move: Grassy Terrain|[from] ability: Grassy Surge|[of] p1a: Rillaboom\n|-enditem|p1a: Rillaboom|Grassy Seed\n|-boost|p1a: Rillaboom|def|1|[from] item: Grassy Seed\n|turn|6\n|\n|t:|1700656914\n|move|p2a: Scizor|Bullet Punch|p1a: Rillaboom\n|-damage|p1a: Rillaboom|40\/100\n|-damage|p2a: Scizor|14\/100|[from] item: Life Orb\n|move|p1a: Rillaboom|Knock Off|p2a: Scizor\n|-damage|p2a: Scizor|0 fnt\n|-enditem|p2a: Scizor|Life Orb|[from] move: Knock Off|[of] p1a: Rillaboom\n|faint|p2a: Scizor\n|\n|-heal|p1a: Rillaboom|46\/100|[from] Grassy Terrain\n|upkeep\n|\n|t:|1700656921\n|switch|p2a: Landorus|Landorus-Therian, M|100\/100\n|-ability|p2a: Landorus|Intimidate|boost\n|-unboost|p1a: Rillaboom|atk|1\n|turn|7\n|\n|t:|1700656929\n|move|p2a: Landorus|U-turn|p1a: Rillaboom\n|-supereffective|p1a: Rillaboom\n|-damage|p1a: Rillaboom|0 fnt\n|faint|p1a: Rillaboom\n|-damage|p2a: Landorus|91\/100|[from] item: Life Orb\n|\n|t:|1700656941\n|switch|p2a: Passimian|Passimian, F|100\/100|[from] U-turn\n|\n|upkeep\n|\n|t:|1700656943\n|switch|p1a: Iron Moth|Iron Moth|100\/100\n|-enditem|p1a: Iron Moth|Booster Energy\n|-activate|p1a: Iron Moth|ability: Quark Drive|[fromitem]\n|-start|p1a: Iron Moth|quarkdrivespe\n|turn|8\n|\n|t:|1700656949\n|-terastallize|p1a: Iron Moth|Fairy\n|move|p1a: Iron Moth|Dazzling Gleam|p2a: Passimian\n|-supereffective|p2a: Passimian\n|-damage|p2a: Passimian|0 fnt\n|faint|p2a: Passimian\n|\n|upkeep\n|\n|t:|1700656956\n|switch|p2a: Landorus|Landorus-Therian, M|91\/100\n|-ability|p2a: Landorus|Intimidate|boost\n|-unboost|p1a: Iron Moth|atk|1\n|turn|9\n|\n|t:|1700656960\n|move|p1a: Iron Moth|Substitute|p1a: Iron Moth\n|-start|p1a: Iron Moth|Substitute\n|-damage|p1a: Iron Moth|76\/100\n|move|p2a: Landorus|Earthquake|p1a: Iron Moth\n|-end|p1a: Iron Moth|Substitute\n|-damage|p2a: Landorus|81\/100|[from] item: Life Orb\n|\n|-heal|p1a: Iron Moth|82\/100|[from] Grassy Terrain\n|upkeep\n|turn|10\n|\n|t:|1700656984\n|move|p1a: Iron Moth|Dazzling Gleam|p2a: Landorus\n|-damage|p2a: Landorus|20\/100\n|move|p2a: Landorus|Earthquake|p1a: Iron Moth\n|-damage|p1a: Iron Moth|31\/100\n|-damage|p2a: Landorus|10\/100|[from] item: Life Orb\n|\n|-heal|p1a: Iron Moth|37\/100|[from] Grassy Terrain\n|-fieldend|move: Grassy Terrain\n|upkeep\n|turn|11\n|\n|t:|1700656992\n|switch|p2a: Blissey|Blissey, F|100\/100\n|move|p1a: Iron Moth|Dazzling Gleam|p2a: Blissey\n|-damage|p2a: Blissey|84\/100\n|\n|-heal|p2a: Blissey|90\/100|[from] item: Leftovers\n|upkeep\n|turn|12\n|\n|t:|1700657004\n|-end|p1a: Iron Moth|Quark Drive|[silent]\n|switch|p1a: Iron Hands|Iron Hands|100\/100\n|move|p2a: Blissey|Thunder Wave|p1a: Iron Hands\n|-immune|p1a: Iron Hands\n|\n|-heal|p2a: Blissey|96\/100|[from] item: Leftovers\n|upkeep\n|turn|13\n|\n|t:|1700657010\n|switch|p2a: Dragapult|Dragapult, M|100\/100\n|move|p1a: Iron Hands|Ice Punch|p2a: Dragapult\n|-supereffective|p2a: Dragapult\n|-damage|p2a: Dragapult|15\/100\n|\n|upkeep\n|turn|14\n|\n|t:|1700657018\n|-end|p1a: Iron Hands|Quark Drive|[silent]\n|switch|p1a: Ogerpon|Ogerpon-Cornerstone, F|36\/100\n|move|p2a: Dragapult|Dragon Darts|p1a: Ogerpon\n|-damage|p1a: Ogerpon|0 fnt\n|faint|p1a: Ogerpon\n|-damage|p2a: Dragapult|6\/100|[from] item: Life Orb\n|\n|upkeep\n|\n|t:|1700657020\n|switch|p1a: Iron Moth|Iron Moth, tera:Fairy|37\/100\n|turn|15\n|\n|t:|1700657023\n|move|p2a: Dragapult|Phantom Force||[still]\n|-prepare|p2a: Dragapult|Phantom Force\n|move|p1a: Iron Moth|Dazzling Gleam|p2a: Dragapult|[miss]\n|-miss|p1a: Iron Moth|p2a: Dragapult\n|\n|upkeep\n|turn|16\n|\n|t:|1700657034\n|move|p2a: Dragapult|Phantom Force|p1a: Iron Moth|[from]lockedmove\n|-damage|p1a: Iron Moth|0 fnt\n|faint|p1a: Iron Moth\n|-end|p1a: Iron Moth|Quark Drive|[silent]\n|-damage|p2a: Dragapult|0 fnt|[from] item: Life Orb\n|faint|p2a: Dragapult\n|\n|upkeep\n|\n|t:|1700657048\n|switch|p2a: Blissey|Blissey, F|96\/100\n|switch|p1a: Iron Hands|Iron Hands|100\/100\n|turn|17\n|\n|t:|1700657052\n|move|p1a: Iron Hands|Swords Dance|p1a: Iron Hands\n|-boost|p1a: Iron Hands|atk|2\n|move|p2a: Blissey|Seismic Toss|p1a: Iron Hands\n|-damage|p1a: Iron Hands|78\/100\n|\n|-heal|p1a: Iron Hands|84\/100|[from] item: Leftovers\n|-heal|p2a: Blissey|100\/100|[from] item: Leftovers\n|upkeep\n|turn|18\n|\n|t:|1700657056\n|move|p1a: Iron Hands|Swords Dance|p1a: Iron Hands\n|-boost|p1a: Iron Hands|atk|2\n|move|p2a: Blissey|Seismic Toss|p1a: Iron Hands\n|-damage|p1a: Iron Hands|62\/100\n|\n|-heal|p1a: Iron Hands|68\/100|[from] item: Leftovers\n|upkeep\n|turn|19\n|\n|t:|1700657059\n|move|p1a: Iron Hands|Drain Punch|p2a: Blissey\n|-supereffective|p2a: Blissey\n|-damage|p2a: Blissey|0 fnt\n|-heal|p1a: Iron Hands|100\/100|[from] drain|[of] p2a: Blissey\n|faint|p2a: Blissey\n|\n|upkeep\n|\n|t:|1700657063\n|switch|p2a: Landorus|Landorus-Therian, M|10\/100\n|-ability|p2a: Landorus|Intimidate|boost\n|-unboost|p1a: Iron Hands|atk|1\n|turn|20\n|\n|t:|1700657066\n|move|p2a: Landorus|Earthquake|p1a: Iron Hands\n|-supereffective|p1a: Iron Hands\n|-damage|p1a: Iron Hands|1\/100\n|-damage|p2a: Landorus|0 fnt|[from] item: Life Orb\n|faint|p2a: Landorus\n|\n|win|PsyberK\n|raw|PsyberK's rating: 1213 &rarr; <strong>1234<\/strong><br \/>(+21 for winning)\n|raw|evilpokefan's rating: 1162 &rarr; <strong>1141<\/strong><br \/>(-21 for losing)\n|l|\u2606PsyberK\n","uploadtime":1700657075,"views":0,"p1id":"psyberk","p2id":"evilpokefan","formatid":"gen9ou","rating":1141,"private":0,"password":""}