{"id":"gen9ou-1998249434","p1":"Kindyy","p2":"El Stefano","format":"[Gen 9] OU","log":"|j|\u2606Kindyy\n|j|\u2606El Stefano\n|t:|1700919715\n|gametype|singles\n|player|p1|Kindyy|101|1579\n|player|p2|El Stefano|265|1746\n|teamsize|p1|6\n|teamsize|p2|6\n|gen|9\n|tier|[Gen 9] OU\n|rated|\n|rule|Sleep Clause Mod: Limit one foe put to sleep\n|rule|Species Clause: Limit one of each Pok\u00e9mon\n|rule|OHKO Clause: OHKO moves are banned\n|rule|Evasion Items Clause: Evasion items are banned\n|rule|Evasion Moves Clause: Evasion moves are banned\n|rule|Endless Battle Clause: Forcing endless battles is banned\n|rule|HP Percentage Mod: HP is shown in percentages\n|clearpoke\n|poke|p1|Glimmora, M|\n|poke|p1|Gholdengo|\n|poke|p1|Ogerpon-Wellspring, F|\n|poke|p1|Kingambit, F|\n|poke|p1|Iron Moth|\n|poke|p1|Enamorus, F|\n|poke|p2|Slowking, M|\n|poke|p2|Chesnaught, F|\n|poke|p2|Talonflame, M|\n|poke|p2|Clodsire, F|\n|poke|p2|Dondozo, F|\n|poke|p2|Clefable, F|\n|teampreview\n|\n|t:|1700919730\n|start\n|switch|p1a: Glimmora|Glimmora, M|100\/100\n|switch|p2a: Clefable|Clefable, F|100\/100\n|turn|1\n|inactive|Battle timer is ON: inactive players will automatically lose when time's up. (requested by Kindyy)\n|\n|t:|1700919735\n|switch|p2a: Clodsire|Clodsire, F|100\/100\n|move|p1a: Glimmora|Stealth Rock|p2a: Clodsire\n|-sidestart|p2: El Stefano|move: Stealth Rock\n|\n|upkeep\n|turn|2\n|\n|t:|1700919742\n|move|p1a: Glimmora|Earth Power|p2a: Clodsire\n|-supereffective|p2a: Clodsire\n|-damage|p2a: Clodsire|63\/100\n|move|p2a: Clodsire|Earthquake|p1a: Glimmora\n|-supereffective|p1a: Glimmora\n|-enditem|p1a: Glimmora|Focus Sash\n|-damage|p1a: Glimmora|1\/100\n|-activate|p1a: Glimmora|ability: Toxic Debris\n|-sidestart|p2: El Stefano|move: Toxic Spikes\n|\n|upkeep\n|turn|3\n|\n|t:|1700919756\n|move|p1a: Glimmora|Earth Power|p2a: Clodsire\n|-supereffective|p2a: Clodsire\n|-damage|p2a: Clodsire|31\/100\n|move|p2a: Clodsire|Recover|p2a: Clodsire\n|-heal|p2a: Clodsire|81\/100\n|\n|upkeep\n|turn|4\n|\n|t:|1700919761\n|move|p1a: Glimmora|Earth Power|p2a: Clodsire\n|-supereffective|p2a: Clodsire\n|-damage|p2a: Clodsire|44\/100\n|move|p2a: Clodsire|Amnesia|p2a: Clodsire\n|-boost|p2a: Clodsire|spd|2\n|\n|upkeep\n|turn|5\n|\n|t:|1700919775\n|switch|p1a: Ogerpon|Ogerpon-Wellspring, F|100\/100\n|move|p2a: Clodsire|Recover|p2a: Clodsire\n|-heal|p2a: Clodsire|94\/100\n|\n|upkeep\n|turn|6\n|\n|t:|1700919781\n|switch|p2a: Chesnaught|Chesnaught, F|100\/100\n|move|p1a: Ogerpon|Ivy Cudgel|p2a: Chesnaught|[anim] Ivy Cudgel Water\n|-resisted|p2a: Chesnaught\n|-damage|p2a: Chesnaught|85\/100\n|\n|upkeep\n|turn|7\n|\n|t:|1700919788\n|switch|p1a: Glimmora|Glimmora, M|1\/100\n|move|p2a: Chesnaught|Spikes|p1a: Glimmora\n|-sidestart|p1: Kindyy|Spikes\n|\n|upkeep\n|turn|8\n|\n|t:|1700919797\n|switch|p2a: Clodsire|Clodsire, F|94\/100\n|-sideend|p2: El Stefano|move: Toxic Spikes|[of] p2a: Clodsire\n|move|p1a: Glimmora|Earth Power|p2a: Clodsire\n|-supereffective|p2a: Clodsire\n|-damage|p2a: Clodsire|61\/100\n|\n|upkeep\n|turn|9\n|\n|t:|1700919810\n|move|p1a: Glimmora|Earth Power|p2a: Clodsire\n|-supereffective|p2a: Clodsire\n|-crit|p2a: Clodsire\n|-damage|p2a: Clodsire|12\/100\n|move|p2a: Clodsire|Amnesia|p2a: Clodsire\n|-boost|p2a: Clodsire|spd|2\n|\n|upkeep\n|turn|10\n|\n|t:|1700919819\n|move|p1a: Glimmora|Earth Power|p2a: Clodsire\n|-supereffective|p2a: Clodsire\n|-damage|p2a: Clodsire|0 fnt\n|faint|p2a: Clodsire\n|\n|upkeep\n|\n|t:|1700919823\n|switch|p2a: Slowking|Slowking, M, shiny|100\/100\n|turn|11\n|\n|t:|1700919828\n|move|p1a: Glimmora|Mortal Spin|p2a: Slowking\n|-crit|p2a: Slowking\n|-damage|p2a: Slowking|91\/100\n|-status|p2a: Slowking|psn\n|-sideend|p1: Kindyy|Spikes|[from] move: Mortal Spin|[of] p1a: Glimmora\n|move|p2a: Slowking|Scald|p1a: Glimmora\n|-supereffective|p1a: Glimmora\n|-crit|p1a: Glimmora\n|-damage|p1a: Glimmora|0 fnt\n|faint|p1a: Glimmora\n|\n|-damage|p2a: Slowking|78\/100 psn|[from] psn\n|upkeep\n|\n|t:|1700919841\n|switch|p1a: Ogerpon|Ogerpon-Wellspring, F|100\/100\n|turn|12\n|\n|t:|1700919850\n|switch|p1a: Iron Moth|Iron Moth|100\/100\n|-enditem|p1a: Iron Moth|Booster Energy\n|-activate|p1a: Iron Moth|ability: Quark Drive|[fromitem]\n|-start|p1a: Iron Moth|quarkdrivespe\n|switch|p2a: Chesnaught|Chesnaught, F|85\/100\n|\n|upkeep\n|turn|13\n|\n|t:|1700919861\n|switch|p2a: Slowking|Slowking, M, shiny|100\/100 psn\n|move|p1a: Iron Moth|Substitute|p1a: Iron Moth\n|-start|p1a: Iron Moth|Substitute\n|-damage|p1a: Iron Moth|76\/100\n|\n|-damage|p2a: Slowking|88\/100 psn|[from] psn\n|upkeep\n|turn|14\n|\n|t:|1700919869\n|move|p1a: Iron Moth|Sludge Wave|p2a: Slowking\n|-damage|p2a: Slowking|58\/100 psn\n|move|p2a: Slowking|Scald|p1a: Iron Moth\n|-supereffective|p1a: Iron Moth\n|-end|p1a: Iron Moth|Substitute\n|\n|-damage|p2a: Slowking|45\/100 psn|[from] psn\n|upkeep\n|turn|15\n|\n|t:|1700919877\n|move|p1a: Iron Moth|Sludge Wave|p2a: Slowking\n|-damage|p2a: Slowking|15\/100 psn\n|move|p2a: Slowking|Earthquake|p1a: Iron Moth\n|-supereffective|p1a: Iron Moth\n|-damage|p1a: Iron Moth|0 fnt\n|faint|p1a: Iron Moth\n|-end|p1a: Iron Moth|Quark Drive|[silent]\n|\n|-damage|p2a: Slowking|3\/100 psn|[from] psn\n|upkeep\n|\n|t:|1700919886\n|switch|p1a: Gholdengo|Gholdengo|100\/100\n|-item|p1a: Gholdengo|Air Balloon\n|turn|16\n|\n|t:|1700919900\n|switch|p2a: Chesnaught|Chesnaught, F|85\/100\n|move|p1a: Gholdengo|Nasty Plot|p1a: Gholdengo\n|-boost|p1a: Gholdengo|spa|2\n|\n|upkeep\n|turn|17\n|\n|t:|1700919910\n|switch|p2a: Talonflame|Talonflame, M|100\/100\n|move|p1a: Gholdengo|Make It Rain|p2a: Talonflame\n|-resisted|p2a: Talonflame\n|-damage|p2a: Talonflame|24\/100\n|-unboost|p1a: Gholdengo|spa|1\n|\n|upkeep\n|turn|18\n|\n|t:|1700919921\n|switch|p2a: Slowking|Slowking, M, shiny|36\/100 psn\n|move|p1a: Gholdengo|Shadow Ball|p2a: Slowking\n|-supereffective|p2a: Slowking\n|-damage|p2a: Slowking|0 fnt\n|faint|p2a: Slowking\n|\n|upkeep\n|\n|t:|1700919924\n|switch|p2a: Dondozo|Dondozo, F|100\/100\n|turn|19\n|\n|t:|1700919930\n|move|p1a: Gholdengo|Shadow Ball|p2a: Dondozo\n|-damage|p2a: Dondozo|56\/100\n|move|p2a: Dondozo|Waterfall|p1a: Gholdengo\n|-damage|p1a: Gholdengo|66\/100\n|-enditem|p1a: Gholdengo|Air Balloon\n|\n|upkeep\n|turn|20\n|\n|t:|1700919939\n|move|p1a: Gholdengo|Recover|p1a: Gholdengo\n|-heal|p1a: Gholdengo|100\/100\n|move|p2a: Dondozo|Rest|p2a: Dondozo\n|-status|p2a: Dondozo|slp|[from] move: Rest\n|-heal|p2a: Dondozo|100\/100 slp|[silent]\n|\n|upkeep\n|turn|21\n|\n|t:|1700919947\n|move|p1a: Gholdengo|Nasty Plot|p1a: Gholdengo\n|-boost|p1a: Gholdengo|spa|2\n|cant|p2a: Dondozo|slp\n|move|p2a: Dondozo|Sleep Talk|p2a: Dondozo\n|move|p2a: Dondozo|Waterfall|p1a: Gholdengo|[from]move: Sleep Talk\n|-damage|p1a: Gholdengo|69\/100\n|\n|upkeep\n|turn|22\n|\n|t:|1700919956\n|move|p1a: Gholdengo|Shadow Ball|p2a: Dondozo\n|-damage|p2a: Dondozo|62\/100 slp\n|cant|p2a: Dondozo|slp\n|move|p2a: Dondozo|Sleep Talk|p2a: Dondozo\n|move|p2a: Dondozo|Waterfall|p1a: Gholdengo|[from]move: Sleep Talk\n|-damage|p1a: Gholdengo|38\/100\n|\n|upkeep\n|turn|23\n|\n|t:|1700919965\n|move|p1a: Gholdengo|Recover|p1a: Gholdengo\n|-heal|p1a: Gholdengo|88\/100\n|-curestatus|p2a: Dondozo|slp|[msg]\n|move|p2a: Dondozo|Waterfall|p1a: Gholdengo\n|-damage|p1a: Gholdengo|57\/100\n|\n|upkeep\n|turn|24\n|\n|t:|1700919971\n|move|p1a: Gholdengo|Shadow Ball|p2a: Dondozo\n|-damage|p2a: Dondozo|21\/100\n|move|p2a: Dondozo|Waterfall|p1a: Gholdengo\n|-damage|p1a: Gholdengo|28\/100\n|\n|upkeep\n|turn|25\n|-message|El Stefano forfeited.\n|\n|win|Kindyy\n|raw|Kindyy's rating: 1579 &rarr; <strong>1608<\/strong><br \/>(+29 for winning)\n|raw|El Stefano's rating: 1746 &rarr; <strong>1717<\/strong><br \/>(-29 for losing)\n|l|\u2606El Stefano\n","uploadtime":1700920091,"views":1,"p1id":"kindyy","p2id":"elstefano","formatid":"gen9ou","rating":1608,"private":0,"password":""}