{"id":"gen9ou-2000583951","p1":"blmg4ming","p2":"TheZilla07","format":"[Gen 9] OU","log":"|j|\u2606blmg4ming\n|j|\u2606TheZilla07\n|t:|1701207612\n|gametype|singles\n|player|p1|blmg4ming|170|1597\n|player|p2|TheZilla07|petrel|1662\n|teamsize|p1|6\n|teamsize|p2|6\n|gen|9\n|tier|[Gen 9] OU\n|rated|\n|rule|Sleep Clause Mod: Limit one foe put to sleep\n|rule|Species Clause: Limit one of each Pok\u00e9mon\n|rule|OHKO Clause: OHKO moves are banned\n|rule|Evasion Items Clause: Evasion items are banned\n|rule|Evasion Moves Clause: Evasion moves are banned\n|rule|Endless Battle Clause: Forcing endless battles is banned\n|rule|HP Percentage Mod: HP is shown in percentages\n|clearpoke\n|poke|p1|Ninetales-Alola, F|\n|poke|p1|Kingambit, F|\n|poke|p1|Iron Moth|\n|poke|p1|Dragonite, F|\n|poke|p1|Manaphy|\n|poke|p1|Great Tusk|\n|poke|p2|Tyranitar, M|\n|poke|p2|Great Tusk|\n|poke|p2|Ogerpon-Wellspring, F|\n|poke|p2|Zapdos|\n|poke|p2|Dragapult, F|\n|poke|p2|Corviknight, F|\n|teampreview\n|inactive|Battle timer is ON: inactive players will automatically lose when time's up. (requested by blmg4ming)\n|c|\u2606TheZilla07|glhf\n|\n|t:|1701207630\n|start\n|switch|p1a: Ninetales|Ninetales-Alola, F|100\/100\n|switch|p2a: Literally Me|Tyranitar, M|100\/100\n|-weather|Snow|[from] ability: Snow Warning|[of] p1a: Ninetales\n|-weather|Sandstorm|[from] ability: Sand Stream|[of] p2a: Literally Me\n|turn|1\n|\n|t:|1701207647\n|switch|p1a: Great Tusk|Great Tusk|100\/100\n|-enditem|p1a: Great Tusk|Booster Energy\n|-activate|p1a: Great Tusk|ability: Protosynthesis|[fromitem]\n|-start|p1a: Great Tusk|protosynthesisspe\n|move|p2a: Literally Me|Stealth Rock|p1a: Great Tusk\n|-sidestart|p1: blmg4ming|move: Stealth Rock\n|\n|-weather|Sandstorm|[upkeep]\n|upkeep\n|turn|2\n|\n|t:|1701207653\n|switch|p2a: NO TOUCHING|Zapdos|100\/100\n|move|p1a: Great Tusk|Bulk Up|p1a: Great Tusk\n|-boost|p1a: Great Tusk|atk|1\n|-boost|p1a: Great Tusk|def|1\n|\n|-weather|Sandstorm|[upkeep]\n|-damage|p2a: NO TOUCHING|94\/100|[from] Sandstorm\n|upkeep\n|turn|3\n|\n|t:|1701207658\n|-terastallize|p1a: Great Tusk|Electric\n|move|p1a: Great Tusk|Bulk Up|p1a: Great Tusk\n|-boost|p1a: Great Tusk|atk|1\n|-boost|p1a: Great Tusk|def|1\n|move|p2a: NO TOUCHING|Hurricane|p1a: Great Tusk|[miss]\n|-miss|p2a: NO TOUCHING|p1a: Great Tusk\n|\n|-weather|Sandstorm|[upkeep]\n|-damage|p1a: Great Tusk|94\/100|[from] Sandstorm\n|-damage|p2a: NO TOUCHING|88\/100|[from] Sandstorm\n|upkeep\n|turn|4\n|\n|t:|1701207663\n|move|p1a: Great Tusk|Rapid Spin|p2a: NO TOUCHING\n|-crit|p2a: NO TOUCHING\n|-damage|p2a: NO TOUCHING|55\/100\n|-boost|p1a: Great Tusk|spe|1\n|-sideend|p1: blmg4ming|Stealth Rock|[from] move: Rapid Spin|[of] p1a: Great Tusk\n|move|p2a: NO TOUCHING|Volt Switch|p1a: Great Tusk\n|-resisted|p1a: Great Tusk\n|-damage|p1a: Great Tusk|76\/100\n|\n|t:|1701207679\n|switch|p2a: Republican|Great Tusk|100\/100|[from] Volt Switch\n|\n|-weather|Sandstorm|[upkeep]\n|-damage|p1a: Great Tusk|70\/100|[from] Sandstorm\n|upkeep\n|turn|5\n|\n|t:|1701207685\n|move|p1a: Great Tusk|Ice Spinner|p2a: Republican\n|-supereffective|p2a: Republican\n|-damage|p2a: Republican|28\/100\n|move|p2a: Republican|Headlong Rush|p1a: Great Tusk\n|-supereffective|p1a: Great Tusk\n|-damage|p1a: Great Tusk|32\/100\n|-unboost|p2a: Republican|def|1\n|-unboost|p2a: Republican|spd|1\n|\n|-weather|none\n|-heal|p2a: Republican|34\/100|[from] item: Leftovers\n|upkeep\n|turn|6\n|\n|t:|1701207704\n|-end|p2a: Republican|Protosynthesis|[silent]\n|switch|p2a: Tinkaton Bait|Corviknight, F|100\/100\n|-ability|p2a: Tinkaton Bait|Pressure\n|move|p1a: Great Tusk|Ice Spinner|p2a: Tinkaton Bait\n|-damage|p2a: Tinkaton Bait|71\/100\n|\n|upkeep\n|turn|7\n|\n|t:|1701207709\n|move|p1a: Great Tusk|Ice Spinner|p2a: Tinkaton Bait\n|-damage|p2a: Tinkaton Bait|41\/100\n|move|p2a: Tinkaton Bait|U-turn|p1a: Great Tusk\n|-damage|p1a: Great Tusk|28\/100\n|\n|t:|1701207711\n|switch|p2a: Republican|Great Tusk|34\/100|[from] U-turn\n|\n|-heal|p2a: Republican|41\/100|[from] item: Leftovers\n|upkeep\n|turn|8\n|\n|t:|1701207714\n|-terastallize|p2a: Republican|Steel\n|move|p1a: Great Tusk|Ice Spinner|p2a: Republican\n|-resisted|p2a: Republican\n|-damage|p2a: Republican|24\/100\n|move|p2a: Republican|Headlong Rush|p1a: Great Tusk\n|-supereffective|p1a: Great Tusk\n|-damage|p1a: Great Tusk|0 fnt\n|-unboost|p2a: Republican|def|1\n|-unboost|p2a: Republican|spd|1\n|faint|p1a: Great Tusk\n|-end|p1a: Great Tusk|Protosynthesis|[silent]\n|\n|-heal|p2a: Republican|30\/100|[from] item: Leftovers\n|upkeep\n|\n|t:|1701207731\n|switch|p1a: Iron Moth|Iron Moth|100\/100\n|-enditem|p1a: Iron Moth|Booster Energy\n|-activate|p1a: Iron Moth|ability: Quark Drive|[fromitem]\n|-start|p1a: Iron Moth|quarkdrivespe\n|turn|9\n|\n|t:|1701207736\n|-end|p2a: Republican|Protosynthesis|[silent]\n|switch|p2a: Literally Me|Tyranitar, M|100\/100\n|-weather|Sandstorm|[from] ability: Sand Stream|[of] p2a: Literally Me\n|move|p1a: Iron Moth|Fiery Dance|p2a: Literally Me\n|-resisted|p2a: Literally Me\n|-damage|p2a: Literally Me|92\/100\n|-boost|p1a: Iron Moth|spa|1\n|\n|-weather|Sandstorm|[upkeep]\n|-damage|p1a: Iron Moth|95\/100|[from] Sandstorm\n|-heal|p2a: Literally Me|98\/100|[from] item: Leftovers\n|upkeep\n|turn|10\n|\n|t:|1701207745\n|-end|p1a: Iron Moth|Quark Drive|[silent]\n|switch|p1a: Ninetales|Ninetales-Alola, F|100\/100\n|-weather|Snow|[from] ability: Snow Warning|[of] p1a: Ninetales\n|move|p2a: Literally Me|Knock Off|p1a: Ninetales\n|-resisted|p1a: Ninetales\n|-damage|p1a: Ninetales|88\/100\n|-enditem|p1a: Ninetales|Light Clay|[from] move: Knock Off|[of] p2a: Literally Me\n|\n|-weather|Snow|[upkeep]\n|-heal|p2a: Literally Me|100\/100|[from] item: Leftovers\n|upkeep\n|turn|11\n|\n|t:|1701207752\n|move|p1a: Ninetales|Aurora Veil|p1a: Ninetales\n|-sidestart|p1: blmg4ming|move: Aurora Veil\n|move|p2a: Literally Me|Thunder Wave|p1a: Ninetales\n|-status|p1a: Ninetales|par\n|\n|-weather|Snow|[upkeep]\n|upkeep\n|turn|12\n|\n|t:|1701207758\n|switch|p2a: Tinkaton Bait|Corviknight, F|41\/100\n|-ability|p2a: Tinkaton Bait|Pressure\n|switch|p1a: Kingambit|Kingambit, F|100\/100\n|-activate|p1a: Kingambit|ability: Supreme Overlord\n|-start|p1a: Kingambit|fallen1|[silent]\n|\n|-weather|Snow|[upkeep]\n|upkeep\n|turn|13\n|\n|t:|1701207765\n|move|p1a: Kingambit|Kowtow Cleave|p2a: Tinkaton Bait\n|-damage|p2a: Tinkaton Bait|8\/100\n|move|p2a: Tinkaton Bait|Roost|p2a: Tinkaton Bait\n|-heal|p2a: Tinkaton Bait|58\/100\n|-singleturn|p2a: Tinkaton Bait|move: Roost\n|\n|-weather|Snow|[upkeep]\n|upkeep\n|turn|14\n|\n|t:|1701207769\n|move|p1a: Kingambit|Swords Dance|p1a: Kingambit\n|-boost|p1a: Kingambit|atk|2\n|move|p2a: Tinkaton Bait|Roost|p2a: Tinkaton Bait\n|-heal|p2a: Tinkaton Bait|100\/100\n|-singleturn|p2a: Tinkaton Bait|move: Roost\n|\n|-weather|none\n|upkeep\n|turn|15\n|\n|t:|1701207771\n|move|p1a: Kingambit|Kowtow Cleave|p2a: Tinkaton Bait\n|-crit|p2a: Tinkaton Bait\n|-damage|p2a: Tinkaton Bait|1\/100\n|move|p2a: Tinkaton Bait|Defog|p1a: Kingambit\n|-unboost|p1a: Kingambit|evasion|1\n|-sideend|p1: blmg4ming|move: Aurora Veil\n|\n|upkeep\n|turn|16\n|\n|t:|1701207781\n|move|p1a: Kingambit|Iron Head|p2a: Tinkaton Bait\n|-resisted|p2a: Tinkaton Bait\n|-damage|p2a: Tinkaton Bait|0 fnt\n|faint|p2a: Tinkaton Bait\n|\n|upkeep\n|\n|t:|1701207783\n|switch|p2a: Shrek\u2019s Wife|Ogerpon-Wellspring, F|100\/100\n|turn|17\n|\n|t:|1701207788\n|move|p2a: Shrek\u2019s Wife|Encore|p1a: Kingambit\n|-start|p1a: Kingambit|Encore\n|move|p1a: Kingambit|Iron Head|p2a: Shrek\u2019s Wife\n|-resisted|p2a: Shrek\u2019s Wife\n|-damage|p2a: Shrek\u2019s Wife|35\/100\n|\n|upkeep\n|turn|18\n|\n|t:|1701207793\n|move|p2a: Shrek\u2019s Wife|Ivy Cudgel|p1a: Kingambit|[anim] Ivy Cudgel Water\n|-crit|p1a: Kingambit\n|-damage|p1a: Kingambit|23\/100\n|move|p1a: Kingambit|Iron Head|p2a: Shrek\u2019s Wife\n|-resisted|p2a: Shrek\u2019s Wife\n|-damage|p2a: Shrek\u2019s Wife|0 fnt\n|faint|p2a: Shrek\u2019s Wife\n|\n|-heal|p1a: Kingambit|29\/100|[from] item: Leftovers\n|upkeep\n|\n|t:|1701207816\n|switch|p2a: NO TOUCHING|Zapdos|55\/100\n|turn|19\n|\n|t:|1701207822\n|-end|p1a: Kingambit|fallen1|[silent]\n|switch|p1a: Ninetales|Ninetales-Alola, F|88\/100 par\n|-weather|Snow|[from] ability: Snow Warning|[of] p1a: Ninetales\n|move|p2a: NO TOUCHING|Volt Switch|p1a: Ninetales\n|-damage|p1a: Ninetales|61\/100 par\n|\n|t:|1701207828\n|switch|p2a: Literally Me|Tyranitar, M|100\/100|[from] Volt Switch\n|-weather|Sandstorm|[from] ability: Sand Stream|[of] p2a: Literally Me\n|\n|-weather|Sandstorm|[upkeep]\n|-damage|p1a: Ninetales|55\/100 par|[from] Sandstorm\n|upkeep\n|turn|20\n|\n|t:|1701207833\n|switch|p1a: Manaphy|Manaphy|100\/100\n|move|p2a: Literally Me|Stealth Rock|p1a: Manaphy\n|-sidestart|p1: blmg4ming|move: Stealth Rock\n|\n|-weather|Sandstorm|[upkeep]\n|-damage|p1a: Manaphy|94\/100|[from] Sandstorm\n|-heal|p1a: Manaphy|100\/100|[from] item: Leftovers\n|upkeep\n|turn|21\n|\n|t:|1701207841\n|move|p1a: Manaphy|Take Heart|p1a: Manaphy\n|-boost|p1a: Manaphy|spa|1\n|-boost|p1a: Manaphy|spd|1\n|move|p2a: Literally Me|Knock Off|p1a: Manaphy\n|-damage|p1a: Manaphy|66\/100\n|-enditem|p1a: Manaphy|Leftovers|[from] move: Knock Off|[of] p2a: Literally Me\n|\n|-weather|Sandstorm|[upkeep]\n|-damage|p1a: Manaphy|60\/100|[from] Sandstorm\n|upkeep\n|turn|22\n|\n|t:|1701207852\n|switch|p2a: Child Abuse|Dragapult, F|100\/100\n|move|p1a: Manaphy|Acid Armor|p1a: Manaphy\n|-boost|p1a: Manaphy|def|2\n|\n|-weather|Sandstorm|[upkeep]\n|-damage|p2a: Child Abuse|95\/100|[from] Sandstorm\n|-damage|p1a: Manaphy|54\/100|[from] Sandstorm\n|upkeep\n|turn|23\n|\n|t:|1701207858\n|move|p2a: Child Abuse|Shadow Ball|p1a: Manaphy\n|-damage|p1a: Manaphy|22\/100\n|move|p1a: Manaphy|Stored Power|p2a: Child Abuse\n|-damage|p2a: Child Abuse|49\/100\n|\n|-weather|none\n|upkeep\n|turn|24\n|\n|t:|1701207864\n|move|p2a: Child Abuse|Shadow Ball|p1a: Manaphy\n|-damage|p1a: Manaphy|0 fnt\n|faint|p1a: Manaphy\n|\n|upkeep\n|\n|t:|1701207871\n|switch|p1a: Dragonite|Dragonite, F|100\/100\n|turn|25\n|\n|t:|1701207875\n|switch|p2a: NO TOUCHING|Zapdos|55\/100\n|move|p1a: Dragonite|Dragon Dance|p1a: Dragonite\n|-boost|p1a: Dragonite|atk|1\n|-boost|p1a: Dragonite|spe|1\n|\n|upkeep\n|turn|26\n|\n|t:|1701207879\n|move|p1a: Dragonite|Tera Blast|p2a: NO TOUCHING\n|-damage|p2a: NO TOUCHING|40\/100\n|move|p2a: NO TOUCHING|Roost|p2a: NO TOUCHING\n|-heal|p2a: NO TOUCHING|90\/100\n|-singleturn|p2a: NO TOUCHING|move: Roost\n|\n|upkeep\n|turn|27\n|\n|t:|1701207886\n|switch|p1a: Kingambit|Kingambit, F|29\/100\n|-damage|p1a: Kingambit|23\/100|[from] Stealth Rock\n|-activate|p1a: Kingambit|ability: Supreme Overlord\n|-start|p1a: Kingambit|fallen2|[silent]\n|move|p2a: NO TOUCHING|Hurricane|p1a: Kingambit|[miss]\n|-miss|p2a: NO TOUCHING|p1a: Kingambit\n|\n|-heal|p1a: Kingambit|29\/100|[from] item: Leftovers\n|upkeep\n|turn|28\n|\n|t:|1701207891\n|move|p1a: Kingambit|Sucker Punch|p2a: NO TOUCHING\n|-crit|p2a: NO TOUCHING\n|-damage|p2a: NO TOUCHING|36\/100\n|move|p2a: NO TOUCHING|Heat Wave|p1a: Kingambit|[miss]\n|-miss|p2a: NO TOUCHING|p1a: Kingambit\n|\n|-heal|p1a: Kingambit|35\/100|[from] item: Leftovers\n|upkeep\n|turn|29\n|\n|t:|1701207896\n|move|p2a: NO TOUCHING|Roost|p2a: NO TOUCHING\n|-heal|p2a: NO TOUCHING|86\/100\n|-singleturn|p2a: NO TOUCHING|move: Roost\n|move|p1a: Kingambit|Kowtow Cleave|p2a: NO TOUCHING\n|-damage|p2a: NO TOUCHING|45\/100\n|\n|-heal|p1a: Kingambit|41\/100|[from] item: Leftovers\n|upkeep\n|turn|30\n|\n|t:|1701207903\n|move|p2a: NO TOUCHING|Roost|p2a: NO TOUCHING\n|-heal|p2a: NO TOUCHING|95\/100\n|-singleturn|p2a: NO TOUCHING|move: Roost\n|move|p1a: Kingambit|Swords Dance|p1a: Kingambit\n|-boost|p1a: Kingambit|atk|2\n|\n|-heal|p1a: Kingambit|47\/100|[from] item: Leftovers\n|upkeep\n|turn|31\n|\n|t:|1701207906\n|move|p1a: Kingambit|Sucker Punch|p2a: NO TOUCHING\n|-crit|p2a: NO TOUCHING\n|-damage|p2a: NO TOUCHING|0 fnt\n|faint|p2a: NO TOUCHING\n|\n|-heal|p1a: Kingambit|54\/100|[from] item: Leftovers\n|upkeep\n|\n|t:|1701207915\n|switch|p2a: Literally Me|Tyranitar, M|100\/100\n|-weather|Sandstorm|[from] ability: Sand Stream|[of] p2a: Literally Me\n|turn|32\n|\n|t:|1701207918\n|move|p1a: Kingambit|Iron Head|p2a: Literally Me\n|-supereffective|p2a: Literally Me\n|-damage|p2a: Literally Me|0 fnt\n|faint|p2a: Literally Me\n|\n|-weather|Sandstorm|[upkeep]\n|-heal|p1a: Kingambit|60\/100|[from] item: Leftovers\n|upkeep\n|\n|t:|1701207928\n|switch|p2a: Child Abuse|Dragapult, F|49\/100\n|turn|33\n|\n|t:|1701207932\n|move|p1a: Kingambit|Sucker Punch|p2a: Child Abuse\n|-supereffective|p2a: Child Abuse\n|-damage|p2a: Child Abuse|0 fnt\n|faint|p2a: Child Abuse\n|\n|-weather|Sandstorm|[upkeep]\n|-heal|p1a: Kingambit|66\/100|[from] item: Leftovers\n|upkeep\n|\n|t:|1701207934\n|switch|p2a: Republican|Great Tusk, tera:Steel|30\/100\n|turn|34\n|\n|t:|1701207937\n|move|p1a: Kingambit|Sucker Punch|p2a: Republican\n|-damage|p2a: Republican|0 fnt\n|faint|p2a: Republican\n|-end|p2a: Republican|Protosynthesis|[silent]\n|\n|win|blmg4ming\n|raw|blmg4ming's rating: 1597 &rarr; <strong>1621<\/strong><br \/>(+24 for winning)\n|raw|TheZilla07's rating: 1662 &rarr; <strong>1638<\/strong><br \/>(-24 for losing)\n|c|\u2606TheZilla07|gg\n|c|\u2606blmg4ming|g\n|l|\u2606blmg4ming\n","uploadtime":1701208004,"views":8,"p1id":"blmg4ming","p2id":"thezilla07","formatid":"gen9ou","rating":1621,"private":0,"password":""}