{"id":"gen9ou-1992966922","p1":"Alexander90281","p2":"0rTheSpecial0ne","format":"[Gen 9] OU","log":"|j|\u2606Alexander90281\n|j|\u26060rTheSpecial0ne\n|t:|1700251083\n|gametype|singles\n|player|p1|Alexander90281|tateandliza-gen6|\n|player|p2|0rTheSpecial0ne|alec-anime|\n|teamsize|p1|6\n|teamsize|p2|6\n|gen|9\n|tier|[Gen 9] OU\n|rated|Tournament battle\n|rule|Sleep Clause Mod: Limit one foe put to sleep\n|rule|Species Clause: Limit one of each Pok\u00e9mon\n|rule|OHKO Clause: OHKO moves are banned\n|rule|Evasion Items Clause: Evasion items are banned\n|rule|Evasion Moves Clause: Evasion moves are banned\n|rule|Endless Battle Clause: Forcing endless battles is banned\n|rule|HP Percentage Mod: HP is shown in percentages\n|clearpoke\n|poke|p1|Hatterene, F|\n|poke|p1|Ursaluna, F|\n|poke|p1|Kingambit, F|\n|poke|p1|Staraptor, F|\n|poke|p1|Iron Valiant|\n|poke|p1|Mimikyu, M|\n|poke|p2|Great Tusk|\n|poke|p2|Cresselia, F|\n|poke|p2|Hatterene, F|\n|poke|p2|Zamazenta-*|\n|poke|p2|Ting-Lu|\n|poke|p2|Zapdos|\n|teampreview\n|inactive|Battle timer is ON: inactive players will automatically lose when time's up. (requested by 0rTheSpecial0ne)\n|\n|t:|1700251101\n|start\n|switch|p1a: Ursaluna|Ursaluna, F|100\/100\n|switch|p2a: Cresselia|Cresselia, F, shiny|100\/100\n|turn|1\n|j| igneo3000\n|c|\u2606Alexander90281|esta medio extra\u00f1o tu team\n|c|\u26060rTheSpecial0ne|gracias\n|\n|t:|1700251116\n|switch|p2a: Ting-Lu|Ting-Lu|100\/100\n|-ability|p2a: Ting-Lu|Vessel of Ruin\n|move|p1a: Ursaluna|Swords Dance|p1a: Ursaluna\n|-boost|p1a: Ursaluna|atk|2\n|\n|-status|p1a: Ursaluna|brn|[from] item: Flame Orb\n|upkeep\n|turn|2\n|\n|t:|1700251124\n|move|p2a: Ting-Lu|Earthquake|p1a: Ursaluna\n|-damage|p1a: Ursaluna|65\/100 brn\n|move|p1a: Ursaluna|Facade|p2a: Ting-Lu\n|-damage|p2a: Ting-Lu|0 fnt\n|faint|p2a: Ting-Lu\n|\n|-damage|p1a: Ursaluna|58\/100 brn|[from] brn\n|upkeep\n|\n|t:|1700251131\n|switch|p2a: Great Tusk|Great Tusk, shiny|100\/100\n|turn|3\n|\n|t:|1700251135\n|-terastallize|p1a: Ursaluna|Ghost\n|move|p2a: Great Tusk|Body Press|p1a: Ursaluna\n|-immune|p1a: Ursaluna\n|move|p1a: Ursaluna|Facade|p2a: Great Tusk\n|-damage|p2a: Great Tusk|0 fnt\n|-damage|p1a: Ursaluna|42\/100 brn|[from] item: Rocky Helmet|[of] p2a: Great Tusk\n|faint|p2a: Great Tusk\n|-end|p2a: Great Tusk|Protosynthesis|[silent]\n|\n|-damage|p1a: Ursaluna|36\/100 brn|[from] brn\n|upkeep\n|\n|t:|1700251142\n|switch|p2a: Zapdos|Zapdos, shiny|100\/100\n|-ability|p2a: Zapdos|Pressure\n|turn|4\n|\n|t:|1700251154\n|switch|p1a: Staraptor|Staraptor, F|100\/100\n|move|p2a: Zapdos|Volt Switch|p1a: Staraptor\n|-supereffective|p1a: Staraptor\n|-damage|p1a: Staraptor|0 fnt\n|faint|p1a: Staraptor\n|\n|t:|1700251164\n|switch|p2a: Hatterene|Hatterene, F, shiny|100\/100|[from] Volt Switch\n|\n|upkeep\n|\n|t:|1700251167\n|switch|p1a: Kingambit|Kingambit, F|100\/100\n|-activate|p1a: Kingambit|ability: Supreme Overlord\n|-start|p1a: Kingambit|fallen1|[silent]\n|turn|5\n|\n|t:|1700251172\n|move|p1a: Kingambit|Swords Dance|p1a: Kingambit\n|-boost|p1a: Kingambit|atk|2\n|move|p2a: Hatterene|Nuzzle|p1a: Kingambit\n|-damage|p1a: Kingambit|97\/100\n|-status|p1a: Kingambit|par\n|\n|upkeep\n|turn|6\n|\n|t:|1700251176\n|move|p2a: Hatterene|Draining Kiss|p1a: Kingambit\n|-damage|p1a: Kingambit|65\/100 par\n|cant|p1a: Kingambit|par\n|\n|upkeep\n|turn|7\n|\n|t:|1700251180\n|move|p2a: Hatterene|Draining Kiss|p1a: Kingambit\n|-damage|p1a: Kingambit|34\/100 par\n|move|p1a: Kingambit|Kowtow Cleave|p2a: Hatterene\n|-damage|p2a: Hatterene|0 fnt\n|faint|p2a: Hatterene\n|\n|upkeep\n|\n|t:|1700251186\n|switch|p2a: Zamazenta|Zamazenta, shiny|100\/100\n|-ability|p2a: Zamazenta|Dauntless Shield|boost\n|-boost|p2a: Zamazenta|def|1\n|turn|8\n|\n|t:|1700251190\n|move|p2a: Zamazenta|Body Press|p1a: Kingambit\n|-supereffective|p1a: Kingambit\n|-damage|p1a: Kingambit|0 fnt\n|faint|p1a: Kingambit\n|-end|p1a: Kingambit|fallen1|[silent]\n|\n|upkeep\n|\n|t:|1700251197\n|switch|p1a: Hatterene|Hatterene, F|100\/100\n|turn|9\n|\n|t:|1700251206\n|-terastallize|p2a: Zamazenta|Steel\n|move|p2a: Zamazenta|Iron Head|p1a: Hatterene\n|-supereffective|p1a: Hatterene\n|-damage|p1a: Hatterene|28\/100\n|cant|p1a: Hatterene|flinch\n|\n|upkeep\n|turn|10\n|\n|t:|1700251215\n|switch|p1a: Mimikyu|Mimikyu, M|100\/100\n|move|p2a: Zamazenta|Iron Head|p1a: Mimikyu\n|-activate|p1a: Mimikyu|ability: Disguise\n|-damage|p1a: Mimikyu|100\/100\n|detailschange|p1a: Mimikyu|Mimikyu-Busted, M\n|-damage|p1a: Mimikyu|88\/100|[from] pokemon: Mimikyu-Busted\n|\n|upkeep\n|turn|11\n|\n|t:|1700251219\n|move|p2a: Zamazenta|Iron Head|p1a: Mimikyu\n|-supereffective|p1a: Mimikyu\n|-damage|p1a: Mimikyu|19\/100\n|-enditem|p1a: Mimikyu|Sitrus Berry|[eat]\n|-heal|p1a: Mimikyu|43\/100|[from] item: Sitrus Berry\n|move|p1a: Mimikyu|Trick Room|p1a: Mimikyu\n|-fieldstart|move: Trick Room|[of] p1a: Mimikyu\n|\n|upkeep\n|turn|12\n|\n|t:|1700251225\n|move|p1a: Mimikyu|Curse|p2a: Zamazenta\n|-start|p2a: Zamazenta|Curse|[of] p1a: Mimikyu\n|-damage|p1a: Mimikyu|0 fnt\n|faint|p1a: Mimikyu\n|move|p2a: Zamazenta|Iron Defense|p2a: Zamazenta\n|-boost|p2a: Zamazenta|def|2\n|\n|-damage|p2a: Zamazenta|75\/100|[from] Curse\n|upkeep\n|\n|t:|1700251227\n|switch|p1a: Hatterene|Hatterene, F|28\/100\n|turn|13\n|\n|t:|1700251236\n|move|p1a: Hatterene|Mystical Fire|p2a: Zamazenta\n|-supereffective|p2a: Zamazenta\n|-damage|p2a: Zamazenta|43\/100\n|-unboost|p2a: Zamazenta|spa|1\n|move|p2a: Zamazenta|Iron Head|p1a: Hatterene\n|-supereffective|p1a: Hatterene\n|-damage|p1a: Hatterene|0 fnt\n|faint|p1a: Hatterene\n|\n|-heal|p2a: Zamazenta|49\/100|[from] item: Leftovers\n|-damage|p2a: Zamazenta|24\/100|[from] Curse\n|upkeep\n|\n|t:|1700251243\n|switch|p1a: Ursaluna|Ursaluna, F, tera:Ghost|36\/100 brn\n|turn|14\n|\n|t:|1700251246\n|move|p1a: Ursaluna|Earthquake|p2a: Zamazenta\n|-supereffective|p2a: Zamazenta\n|-damage|p2a: Zamazenta|0 fnt\n|faint|p2a: Zamazenta\n|\n|-damage|p1a: Ursaluna|29\/100 brn|[from] brn\n|upkeep\n|\n|t:|1700251248\n|switch|p2a: Zapdos|Zapdos, shiny|100\/100\n|-ability|p2a: Zapdos|Pressure\n|turn|15\n|\n|t:|1700251253\n|move|p1a: Ursaluna|Facade|p2a: Zapdos\n|-damage|p2a: Zapdos|0 fnt\n|faint|p2a: Zapdos\n|\n|-damage|p1a: Ursaluna|23\/100 brn|[from] brn\n|-fieldend|move: Trick Room\n|upkeep\n|\n|t:|1700251256\n|switch|p2a: Cresselia|Cresselia, F, shiny|100\/100\n|turn|16\n|\n|t:|1700251271\n|move|p2a: Cresselia|Moonblast|p1a: Ursaluna\n|-damage|p1a: Ursaluna|7\/100 brn\n|move|p1a: Ursaluna|Facade|p2a: Cresselia\n|-damage|p2a: Cresselia|36\/100\n|\n|-heal|p2a: Cresselia|42\/100|[from] item: Leftovers\n|-damage|p1a: Ursaluna|0 fnt|[from] brn\n|faint|p1a: Ursaluna\n|upkeep\n|\n|t:|1700251274\n|switch|p1a: Iron Valiant|Iron Valiant|100\/100\n|-enditem|p1a: Iron Valiant|Booster Energy\n|-activate|p1a: Iron Valiant|ability: Quark Drive|[fromitem]\n|-start|p1a: Iron Valiant|quarkdrivespe\n|turn|17\n|\n|t:|1700251278\n|move|p1a: Iron Valiant|Calm Mind|p1a: Iron Valiant\n|-boost|p1a: Iron Valiant|spa|1\n|-boost|p1a: Iron Valiant|spd|1\n|move|p2a: Cresselia|Moonlight|p2a: Cresselia\n|-heal|p2a: Cresselia|92\/100\n|\n|-heal|p2a: Cresselia|98\/100|[from] item: Leftovers\n|upkeep\n|turn|18\n|\n|t:|1700251281\n|move|p1a: Iron Valiant|Moonblast|p2a: Cresselia\n|-damage|p2a: Cresselia|50\/100\n|move|p2a: Cresselia|Calm Mind|p2a: Cresselia\n|-boost|p2a: Cresselia|spa|1\n|-boost|p2a: Cresselia|spd|1\n|\n|-heal|p2a: Cresselia|57\/100|[from] item: Leftovers\n|upkeep\n|turn|19\n|\n|t:|1700251285\n|move|p1a: Iron Valiant|Moonblast|p2a: Cresselia\n|-damage|p2a: Cresselia|25\/100\n|move|p2a: Cresselia|Moonlight|p2a: Cresselia\n|-heal|p2a: Cresselia|75\/100\n|\n|-heal|p2a: Cresselia|81\/100|[from] item: Leftovers\n|upkeep\n|turn|20\n|\n|t:|1700251289\n|move|p1a: Iron Valiant|Moonblast|p2a: Cresselia\n|-damage|p2a: Cresselia|51\/100\n|move|p2a: Cresselia|Calm Mind|p2a: Cresselia\n|-boost|p2a: Cresselia|spa|1\n|-boost|p2a: Cresselia|spd|1\n|\n|-heal|p2a: Cresselia|57\/100|[from] item: Leftovers\n|upkeep\n|turn|21\n|\n|t:|1700251293\n|move|p1a: Iron Valiant|Moonblast|p2a: Cresselia\n|-crit|p2a: Cresselia\n|-damage|p2a: Cresselia|0 fnt\n|faint|p2a: Cresselia\n|\n|win|Alexander90281\n|n|\u2606Alexander90281|alexander90281\n|n|\u26060rTheSpecial0ne|0rthespecial0ne\n|n| igneo3000|igneo3000\n","uploadtime":1700251295,"views":10,"p1id":"alexander90281","p2id":"0rthespecial0ne","formatid":"gen9ou","rating":0,"private":0,"password":""}