{"id":"gen9ou-1996660549","p1":"Santajima","p2":"fresh yes","format":"[Gen 9] OU","log":"|j|\u2606Santajima\n|j|\u2606fresh yes\n|t:|1700706434\n|gametype|singles\n|player|p1|Santajima|pokemonbreeder|1289\n|player|p2|fresh yes|shauntal|1286\n|teamsize|p1|6\n|teamsize|p2|6\n|gen|9\n|tier|[Gen 9] OU\n|rated|\n|rule|Sleep Clause Mod: Limit one foe put to sleep\n|rule|Species Clause: Limit one of each Pok\u00e9mon\n|rule|OHKO Clause: OHKO moves are banned\n|rule|Evasion Items Clause: Evasion items are banned\n|rule|Evasion Moves Clause: Evasion moves are banned\n|rule|Endless Battle Clause: Forcing endless battles is banned\n|rule|HP Percentage Mod: HP is shown in percentages\n|clearpoke\n|poke|p1|Ogerpon-Cornerstone, F|\n|poke|p1|Lokix, F|\n|poke|p1|Kommo-o, F|\n|poke|p1|Hatterene, F|\n|poke|p1|Crawdaunt, M|\n|poke|p1|Hawlucha, F|\n|poke|p2|Gogoat, M|\n|poke|p2|Quagsire, M|\n|poke|p2|Garchomp, M|\n|poke|p2|Armarouge, M|\n|poke|p2|Scizor, F|\n|poke|p2|Raichu, M|\n|teampreview\n|inactive|Battle timer is ON: inactive players will automatically lose when time's up. (requested by fresh yes)\n|\n|t:|1700706442\n|start\n|switch|p1a: Crawdaunt|Crawdaunt, M|100\/100\n|switch|p2a: Rai|Raichu, M|100\/100\n|turn|1\n|\n|t:|1700706448\n|switch|p1a: Ogerpon|Ogerpon-Cornerstone, F|100\/100\n|move|p2a: Rai|Volt Switch|p1a: Ogerpon\n|-resisted|p1a: Ogerpon\n|-damage|p1a: Ogerpon|74\/100\n|inactive|fresh yes has 120 seconds left.\n|\n|t:|1700706486\n|switch|p2a: scissors|Scizor, F|100\/100|[from] Volt Switch\n|\n|upkeep\n|turn|2\n|inactive|fresh yes has 120 seconds left.\n|\n|t:|1700706492\n|move|p1a: Ogerpon|Knock Off|p2a: scissors\n|-damage|p2a: scissors|63\/100\n|-enditem|p2a: scissors|Muscle Band|[from] move: Knock Off|[of] p1a: Ogerpon\n|move|p2a: scissors|U-turn|p1a: Ogerpon\n|-supereffective|p1a: Ogerpon\n|-damage|p1a: Ogerpon|0 fnt\n|faint|p1a: Ogerpon\n|inactive|fresh yes has 120 seconds left.\n|\n|t:|1700706499\n|switch|p2a: Rai|Raichu, M|100\/100|[from] U-turn\n|\n|upkeep\n|\n|t:|1700706506\n|switch|p1a: Kommo-o|Kommo-o, F|100\/100\n|turn|3\n|\n|t:|1700706518\n|-terastallize|p2a: Rai|Ice\n|move|p2a: Rai|Tera Blast|p1a: Kommo-o|[anim] Tera Blast Ice\n|-supereffective|p1a: Kommo-o\n|-damage|p1a: Kommo-o|0 fnt\n|faint|p1a: Kommo-o\n|\n|upkeep\n|\n|t:|1700706525\n|switch|p1a: Lokix|Lokix, F|100\/100\n|turn|4\n|\n|t:|1700706530\n|move|p1a: Lokix|First Impression|p2a: Rai\n|-damage|p2a: Rai|0 fnt\n|-status|p1a: Lokix|par|[from] ability: Static|[of] p2a: Rai\n|faint|p2a: Rai\n|-damage|p1a: Lokix|91\/100 par|[from] item: Life Orb\n|\n|upkeep\n|inactive|fresh yes has 120 seconds left.\n|\n|t:|1700706562\n|switch|p2a: scissors|Scizor, F|63\/100\n|turn|5\n|\n|t:|1700706566\n|move|p2a: scissors|U-turn|p1a: Lokix\n|-supereffective|p1a: Lokix\n|-damage|p1a: Lokix|0 fnt\n|faint|p1a: Lokix\n|inactive|fresh yes has 120 seconds left.\n|\n|t:|1700706584\n|switch|p2a: GOGOGO|Gogoat, M|100\/100|[from] U-turn\n|\n|upkeep\n|\n|t:|1700706588\n|switch|p1a: Hawlucha|Hawlucha, F|100\/100\n|-ability|p1a: Hawlucha|Mold Breaker\n|turn|6\n|inactive|fresh yes has 120 seconds left.\n|\n|t:|1700706603\n|move|p1a: Hawlucha|Swords Dance|p1a: Hawlucha\n|-boost|p1a: Hawlucha|atk|2\n|move|p2a: GOGOGO|Wild Charge|p1a: Hawlucha\n|-supereffective|p1a: Hawlucha\n|-damage|p1a: Hawlucha|19\/100\n|-damage|p2a: GOGOGO|85\/100|[from] Recoil\n|\n|-heal|p2a: GOGOGO|91\/100|[from] item: Leftovers\n|upkeep\n|turn|7\n|\n|t:|1700706611\n|switch|p2a: sire|Quagsire, M|100\/100\n|move|p1a: Hawlucha|Brave Bird|p2a: sire\n|-damage|p2a: sire|18\/100\n|-damage|p1a: Hawlucha|3\/100|[from] item: Rocky Helmet|[of] p2a: sire\n|-damage|p1a: Hawlucha|0 fnt|[from] Recoil\n|faint|p1a: Hawlucha\n|\n|upkeep\n|\n|t:|1700706619\n|switch|p1a: Hatterene|Hatterene, F|100\/100\n|turn|8\n|\n|t:|1700706625\n|move|p2a: sire|Icy Wind|p1a: Hatterene\n|-crit|p1a: Hatterene\n|-damage|p1a: Hatterene|81\/100\n|move|p1a: Hatterene|Psyshock|p2a: sire\n|-damage|p2a: sire|0 fnt\n|faint|p2a: sire\n|\n|upkeep\n|\n|t:|1700706634\n|switch|p2a: GOGOGO|Gogoat, M|91\/100\n|turn|9\n|\n|t:|1700706640\n|move|p2a: GOGOGO|Bulk Up|p2a: GOGOGO\n|-boost|p2a: GOGOGO|atk|1\n|-boost|p2a: GOGOGO|def|1\n|move|p1a: Hatterene|Draining Kiss|p2a: GOGOGO\n|-damage|p2a: GOGOGO|68\/100\n|-heal|p1a: Hatterene|100\/100|[from] drain|[of] p2a: GOGOGO\n|\n|-heal|p2a: GOGOGO|75\/100|[from] item: Leftovers\n|upkeep\n|turn|10\n|\n|t:|1700706648\n|move|p2a: GOGOGO|Bulk Up|p2a: GOGOGO\n|-boost|p2a: GOGOGO|atk|1\n|-boost|p2a: GOGOGO|def|1\n|move|p1a: Hatterene|Nuzzle|p2a: GOGOGO\n|-resisted|p2a: GOGOGO\n|-damage|p2a: GOGOGO|73\/100\n|-status|p2a: GOGOGO|par\n|\n|-heal|p2a: GOGOGO|79\/100 par|[from] item: Leftovers\n|upkeep\n|turn|11\n|\n|t:|1700706654\n|cant|p2a: GOGOGO|par\n|move|p1a: Hatterene|Calm Mind|p1a: Hatterene\n|-boost|p1a: Hatterene|spa|1\n|-boost|p1a: Hatterene|spd|1\n|\n|-heal|p2a: GOGOGO|86\/100 par|[from] item: Leftovers\n|upkeep\n|turn|12\n|\n|t:|1700706658\n|move|p2a: GOGOGO|Horn Leech|p1a: Hatterene\n|-damage|p1a: Hatterene|17\/100\n|-heal|p2a: GOGOGO|100\/100 par|[from] drain|[of] p1a: Hatterene\n|move|p1a: Hatterene|Calm Mind|p1a: Hatterene\n|-boost|p1a: Hatterene|spa|1\n|-boost|p1a: Hatterene|spd|1\n|\n|upkeep\n|turn|13\n|\n|t:|1700706664\n|cant|p2a: GOGOGO|par\n|move|p1a: Hatterene|Draining Kiss|p2a: GOGOGO\n|-damage|p2a: GOGOGO|57\/100 par\n|-heal|p1a: Hatterene|58\/100|[from] drain|[of] p2a: GOGOGO\n|\n|-heal|p2a: GOGOGO|63\/100 par|[from] item: Leftovers\n|upkeep\n|turn|14\n|\n|t:|1700706669\n|move|p2a: GOGOGO|Horn Leech|p1a: Hatterene\n|-damage|p1a: Hatterene|0 fnt\n|-heal|p2a: GOGOGO|86\/100 par|[from] drain|[of] p1a: Hatterene\n|faint|p1a: Hatterene\n|\n|-heal|p2a: GOGOGO|92\/100 par|[from] item: Leftovers\n|upkeep\n|-message|Santajima forfeited.\n|\n|win|fresh yes\n|raw|Santajima's rating: 1289 &rarr; <strong>1264<\/strong><br \/>(-25 for losing)\n|raw|fresh yes's rating: 1286 &rarr; <strong>1311<\/strong><br \/>(+25 for winning)\n|l|\u2606Santajima\n","uploadtime":1700706676,"views":2,"p1id":"santajima","p2id":"freshyes","formatid":"gen9ou","rating":1264,"private":0,"password":""}