{"id":"gen9ou-1995224074","p1":"gamb_over","p2":"KT1120","format":"[Gen 9] OU","log":"|j|\u2606gamb_over\n|j|\u2606KT1120\n|t:|1700536667\n|gametype|singles\n|player|p1|gamb_over|biker-gen4|1401\n|player|p2|KT1120|265|1470\n|teamsize|p1|6\n|teamsize|p2|6\n|gen|9\n|tier|[Gen 9] OU\n|rated|\n|rule|Sleep Clause Mod: Limit one foe put to sleep\n|rule|Species Clause: Limit one of each Pok\u00e9mon\n|rule|OHKO Clause: OHKO moves are banned\n|rule|Evasion Items Clause: Evasion items are banned\n|rule|Evasion Moves Clause: Evasion moves are banned\n|rule|Endless Battle Clause: Forcing endless battles is banned\n|rule|HP Percentage Mod: HP is shown in percentages\n|clearpoke\n|poke|p1|Ribombee, M|\n|poke|p1|Samurott-Hisui, M|\n|poke|p1|Glimmora, M|\n|poke|p1|Gholdengo|\n|poke|p1|Iron Treads|\n|poke|p1|Kingambit, F|\n|poke|p2|Weavile, F|\n|poke|p2|Amoonguss, M|\n|poke|p2|Garganacl, F|\n|poke|p2|Maushold|\n|poke|p2|Kingambit, F|\n|poke|p2|Samurott-Hisui, M|\n|teampreview\n|inactive|Battle timer is ON: inactive players will automatically lose when time's up. (requested by KT1120)\n|j| Stantler is Uber\n|inactive|gamb_over has 120 seconds left.\n|inactive|gamb_over has 90 seconds left.\n|\n|t:|1700536753\n|start\n|switch|p1a: EVIL META|Gholdengo|100\/100\n|switch|p2a: Maushold|Maushold|100\/100\n|turn|1\n|j| SlayerArceus25\n|c| SlayerArceus25|bruh\n|inactive|KT1120 has 120 seconds left.\n|j| loethegoat\n|l| SlayerArceus25\n|j| Bad Players\n|l| loethegoat\n|inactive|KT1120 has 90 seconds left.\n|\n|t:|1700536815\n|move|p2a: Maushold|Bite|p1a: EVIL META\n|-supereffective|p1a: EVIL META\n|-damage|p1a: EVIL META|57\/100\n|move|p1a: EVIL META|Reflect|p1a: EVIL META\n|-sidestart|p1: gamb_over|Reflect\n|\n|upkeep\n|turn|2\n|\n|t:|1700536829\n|switch|p2a: Samurott|Samurott-Hisui, M|100\/100\n|switch|p1a: SPIKE META|Samurott-Hisui, M|100\/100\n|\n|upkeep\n|turn|3\n|j| naughtymm\n|j| thereturnofballin\n|\n|t:|1700536843\n|move|p1a: SPIKE META|Ceaseless Edge|p2a: Samurott|[miss]\n|-miss|p1a: SPIKE META|p2a: Samurott\n|move|p2a: Samurott|Ceaseless Edge|p1a: SPIKE META\n|-resisted|p1a: SPIKE META\n|-damage|p1a: SPIKE META|84\/100\n|-sidestart|p1: gamb_over|Spikes\n|\n|upkeep\n|turn|4\n|l| naughtymm\n|c| Stantler is Uber|hah\n|\n|t:|1700536864\n|move|p1a: SPIKE META|Ceaseless Edge|p2a: Samurott\n|-resisted|p2a: Samurott\n|-damage|p2a: Samurott|80\/100\n|-sidestart|p2: KT1120|Spikes\n|move|p2a: Samurott|Ceaseless Edge|p1a: SPIKE META\n|-resisted|p1a: SPIKE META\n|-damage|p1a: SPIKE META|67\/100\n|-sidestart|p1: gamb_over|Spikes\n|\n|upkeep\n|turn|5\n|j| cryaboutitE\n|\n|t:|1700536878\n|move|p1a: SPIKE META|Ceaseless Edge|p2a: Samurott\n|-resisted|p2a: Samurott\n|-damage|p2a: Samurott|59\/100\n|-sidestart|p2: KT1120|Spikes\n|move|p2a: Samurott|Ceaseless Edge|p1a: SPIKE META\n|-resisted|p1a: SPIKE META\n|-damage|p1a: SPIKE META|50\/100\n|-sidestart|p1: gamb_over|Spikes\n|\n|upkeep\n|turn|6\n|c| cryaboutitE|Dafuq\n|\n|t:|1700536885\n|move|p1a: SPIKE META|Ceaseless Edge|p2a: Samurott\n|-resisted|p2a: Samurott\n|-damage|p2a: Samurott|39\/100\n|-sidestart|p2: KT1120|Spikes\n|move|p2a: Samurott|Swords Dance|p2a: Samurott\n|-boost|p2a: Samurott|atk|2\n|\n|upkeep\n|turn|7\n|c|\u2606gamb_over|nandaoi\n|\n|t:|1700536902\n|move|p1a: SPIKE META|Surf|p2a: Samurott\n|-resisted|p2a: Samurott\n|-damage|p2a: Samurott|14\/100\n|move|p2a: Samurott|Aqua Cutter|p1a: SPIKE META\n|-resisted|p1a: SPIKE META\n|-crit|p1a: SPIKE META\n|-damage|p1a: SPIKE META|0 fnt\n|faint|p1a: SPIKE META\n|\n|upkeep\n|\n|t:|1700536906\n|switch|p1a: IRON TUSK 69|Iron Treads|100\/100\n|-damage|p1a: IRON TUSK 69|76\/100|[from] Spikes\n|-enditem|p1a: IRON TUSK 69|Booster Energy\n|-activate|p1a: IRON TUSK 69|ability: Quark Drive|[fromitem]\n|-start|p1a: IRON TUSK 69|quarkdrivespe\n|turn|8\n|inactive|KT1120 has 120 seconds left.\n|\n|t:|1700536913\n|move|p2a: Samurott|Aqua Jet|p1a: IRON TUSK 69\n|-supereffective|p1a: IRON TUSK 69\n|-damage|p1a: IRON TUSK 69|33\/100\n|move|p1a: IRON TUSK 69|Rapid Spin|p2a: Samurott\n|-damage|p2a: Samurott|0 fnt\n|-boost|p1a: IRON TUSK 69|spe|1\n|-sideend|p1: gamb_over|Spikes|[from] move: Rapid Spin|[of] p1a: IRON TUSK 69\n|faint|p2a: Samurott\n|\n|-sideend|p1: gamb_over|Reflect\n|upkeep\n|inactive|KT1120 has 120 seconds left.\n|j| ShadySableye77\n|\n|t:|1700536924\n|switch|p2a: Weavile|Weavile, F|100\/100\n|-ability|p2a: Weavile|Pressure\n|turn|9\n|\n|t:|1700536933\n|move|p2a: Weavile|Ice Shard|p1a: IRON TUSK 69\n|-damage|p1a: IRON TUSK 69|14\/100\n|move|p1a: IRON TUSK 69|Steel Beam|p2a: Weavile\n|-supereffective|p2a: Weavile\n|-damage|p2a: Weavile|0 fnt\n|-damage|p1a: IRON TUSK 69|0 fnt|[from] steelbeam\n|faint|p1a: IRON TUSK 69\n|-end|p1a: IRON TUSK 69|Quark Drive|[silent]\n|faint|p2a: Weavile\n|\n|upkeep\n|\n|t:|1700536944\n|switch|p2a: Maushold|Maushold|100\/100\n|switch|p1a: EVIL META|Gholdengo|57\/100\n|-damage|p2a: Maushold|76\/100|[from] Spikes\n|turn|10\n|\n|t:|1700536947\n|move|p2a: Maushold|Tidy Up|p2a: Maushold\n|-sideend|p2: KT1120|Spikes\n|-activate|p2a: Maushold|move: Tidy Up\n|-boost|p2a: Maushold|atk|1\n|-boost|p2a: Maushold|spe|1\n|move|p1a: EVIL META|Steel Beam|p2a: Maushold\n|-damage|p2a: Maushold|0 fnt\n|-damage|p1a: EVIL META|7\/100|[from] steelbeam\n|faint|p2a: Maushold\n|\n|upkeep\n|\n|t:|1700536955\n|switch|p2a: Kingambit|Kingambit, F|100\/100\n|-activate|p2a: Kingambit|ability: Supreme Overlord\n|-start|p2a: Kingambit|fallen3|[silent]\n|turn|11\n|\n|t:|1700536963\n|move|p2a: Kingambit|Sucker Punch||[still]\n|-fail|p2a: Kingambit\n|move|p1a: EVIL META|Reflect|p1a: EVIL META\n|-sidestart|p1: gamb_over|Reflect\n|\n|upkeep\n|turn|12\n|\n|t:|1700536968\n|move|p1a: EVIL META|Steel Beam|p2a: Kingambit\n|-resisted|p2a: Kingambit\n|-damage|p2a: Kingambit|68\/100\n|-damage|p1a: EVIL META|0 fnt|[from] steelbeam\n|faint|p1a: EVIL META\n|move|p2a: Kingambit|Swords Dance|p2a: Kingambit\n|-boost|p2a: Kingambit|atk|2\n|\n|-heal|p2a: Kingambit|74\/100|[from] item: Leftovers\n|upkeep\n|\n|t:|1700536982\n|switch|p1a: WEB META|Ribombee, M|100\/100\n|turn|13\n|c| cryaboutitE|Uh oh\n|\n|t:|1700536986\n|move|p1a: WEB META|Moonblast|p2a: Kingambit\n|-crit|p2a: Kingambit\n|-damage|p2a: Kingambit|10\/100\n|-unboost|p2a: Kingambit|spa|1\n|move|p2a: Kingambit|Kowtow Cleave|p1a: WEB META\n|-resisted|p1a: WEB META\n|-damage|p1a: WEB META|32\/100\n|\n|-heal|p2a: Kingambit|16\/100|[from] item: Leftovers\n|upkeep\n|turn|14\n|\n|t:|1700536994\n|move|p2a: Kingambit|Sucker Punch|p1a: WEB META\n|-resisted|p1a: WEB META\n|-damage|p1a: WEB META|0 fnt\n|faint|p1a: WEB META\n|\n|-heal|p2a: Kingambit|22\/100|[from] item: Leftovers\n|upkeep\n|\n|t:|1700536996\n|switch|p1a: TSPIKE META|Glimmora, M|100\/100\n|turn|15\n|\n|t:|1700537002\n|-end|p2a: Kingambit|fallen3|[silent]\n|switch|p2a: Amoonguss|Amoonguss, M|100\/100\n|move|p1a: TSPIKE META|Earth Power|p2a: Amoonguss\n|-damage|p2a: Amoonguss|68\/100\n|-enditem|p2a: Amoonguss|Red Card|[of] p1a: TSPIKE META\n|drag|p1a: Rigged Suspect|Kingambit, F|100\/100\n|-activate|p1a: Rigged Suspect|ability: Supreme Overlord\n|-start|p1a: Rigged Suspect|fallen4|[silent]\n|\n|upkeep\n|turn|16\n|\n|t:|1700537006\n|-end|p1a: Rigged Suspect|fallen4|[silent]\n|switch|p1a: TSPIKE META|Glimmora, M|100\/100\n|move|p2a: Amoonguss|Spore|p1a: TSPIKE META\n|-status|p1a: TSPIKE META|slp|[from] move: Spore\n|\n|upkeep\n|turn|17\n|\n|t:|1700537010\n|switch|p1a: Rigged Suspect|Kingambit, F|100\/100\n|-activate|p1a: Rigged Suspect|ability: Supreme Overlord\n|-start|p1a: Rigged Suspect|fallen4|[silent]\n|move|p2a: Amoonguss|Foul Play|p1a: Rigged Suspect\n|-resisted|p1a: Rigged Suspect\n|-damage|p1a: Rigged Suspect|94\/100\n|\n|-heal|p1a: Rigged Suspect|99\/100|[from] item: Leftovers\n|upkeep\n|turn|18\n|\n|t:|1700537018\n|switch|p2a: Kingambit|Kingambit, F|22\/100\n|-activate|p2a: Kingambit|ability: Supreme Overlord\n|-start|p2a: Kingambit|fallen3|[silent]\n|move|p1a: Rigged Suspect|Swords Dance|p1a: Rigged Suspect\n|-boost|p1a: Rigged Suspect|atk|2\n|\n|-heal|p2a: Kingambit|28\/100|[from] item: Leftovers\n|-heal|p1a: Rigged Suspect|100\/100|[from] item: Leftovers\n|-sideend|p1: gamb_over|Reflect\n|upkeep\n|turn|19\n|j| SDK04\n|\n|t:|1700537026\n|-terastallize|p2a: Kingambit|Fighting\n|-terastallize|p1a: Rigged Suspect|Fairy\n|move|p2a: Kingambit|Low Kick|p1a: Rigged Suspect\n|-resisted|p1a: Rigged Suspect\n|-damage|p1a: Rigged Suspect|73\/100\n|move|p1a: Rigged Suspect|Kowtow Cleave|p2a: Kingambit\n|-resisted|p2a: Kingambit\n|-damage|p2a: Kingambit|0 fnt\n|faint|p2a: Kingambit\n|-end|p2a: Kingambit|fallen3|[silent]\n|\n|-heal|p1a: Rigged Suspect|79\/100|[from] item: Leftovers\n|upkeep\n|\n|t:|1700537044\n|switch|p2a: Amoonguss|Amoonguss, M|100\/100\n|turn|20\n|\n|t:|1700537047\n|move|p1a: Rigged Suspect|Kowtow Cleave|p2a: Amoonguss\n|-damage|p2a: Amoonguss|5\/100\n|move|p2a: Amoonguss|Sludge Bomb|p1a: Rigged Suspect\n|-supereffective|p1a: Rigged Suspect\n|-damage|p1a: Rigged Suspect|26\/100\n|-status|p1a: Rigged Suspect|psn\n|\n|-heal|p1a: Rigged Suspect|32\/100 psn|[from] item: Leftovers\n|-damage|p1a: Rigged Suspect|20\/100 psn|[from] psn\n|upkeep\n|turn|21\n|c| cryaboutitE|Outrageous\n|\n|t:|1700537054\n|move|p1a: Rigged Suspect|Kowtow Cleave|p2a: Amoonguss\n|-damage|p2a: Amoonguss|0 fnt\n|faint|p2a: Amoonguss\n|\n|-heal|p1a: Rigged Suspect|26\/100 psn|[from] item: Leftovers\n|-damage|p1a: Rigged Suspect|13\/100 psn|[from] psn\n|upkeep\n|\n|t:|1700537056\n|switch|p2a: Garganacl|Garganacl, F|100\/100\n|turn|22\n|\n|t:|1700537059\n|move|p1a: Rigged Suspect|Kowtow Cleave|p2a: Garganacl\n|-damage|p2a: Garganacl|1\/100\n|move|p2a: Garganacl|Recover|p2a: Garganacl\n|-heal|p2a: Garganacl|51\/100\n|\n|-heal|p1a: Rigged Suspect|19\/100 psn|[from] item: Leftovers\n|-heal|p2a: Garganacl|57\/100|[from] item: Leftovers\n|-damage|p1a: Rigged Suspect|7\/100 psn|[from] psn\n|upkeep\n|turn|23\n|\n|t:|1700537063\n|move|p1a: Rigged Suspect|Kowtow Cleave|p2a: Garganacl\n|-damage|p2a: Garganacl|0 fnt\n|faint|p2a: Garganacl\n|\n|win|gamb_over\n|raw|gamb_over's rating: 1401 &rarr; <strong>1425<\/strong><br \/>(+24 for winning)\n|raw|KT1120's rating: 1470 &rarr; <strong>1446<\/strong><br \/>(-24 for losing)\n|c|\u2606gamb_over|99\n|c|\u2606gamb_over|gg\n|c|\u2606KT1120|gg\n|l|\u2606KT1120\n","uploadtime":1700537074,"views":10,"p1id":"gambover","p2id":"kt1120","formatid":"gen9ou","rating":1425,"private":0,"password":""}