{"id":"gen9ou-1993854086","p1":"skawa","p2":"Real_Shylm","format":"[Gen 9] OU","log":"|j|\u2606skawa\n|j|\u2606Real_Shylm\n|t:|1700365640\n|gametype|singles\n|player|p1|skawa|giovanni|\n|player|p2|Real_Shylm|juan|\n|teamsize|p1|6\n|teamsize|p2|6\n|gen|9\n|tier|[Gen 9] OU\n|rule|Sleep Clause Mod: Limit one foe put to sleep\n|rule|Species Clause: Limit one of each Pok\u00e9mon\n|rule|OHKO Clause: OHKO moves are banned\n|rule|Evasion Items Clause: Evasion items are banned\n|rule|Evasion Moves Clause: Evasion moves are banned\n|rule|Endless Battle Clause: Forcing endless battles is banned\n|rule|HP Percentage Mod: HP is shown in percentages\n|clearpoke\n|poke|p1|Toxapex, F|\n|poke|p1|Jirachi|\n|poke|p1|Sableye, M|\n|poke|p1|Dragonite, M|\n|poke|p1|Rotom-Wash|\n|poke|p1|Hoopa-Unbound|\n|poke|p2|Kingambit, F|\n|poke|p2|Walking Wake|\n|poke|p2|Torkoal, F|\n|poke|p2|Glimmora, F|\n|poke|p2|Clefable, M|\n|poke|p2|Articuno-Galar|\n|teampreview\n|\n|t:|1700365669\n|start\n|switch|p1a: Dragonite|Dragonite, M|100\/100\n|switch|p2a: 50 000 Gold Coins|Glimmora, F|100\/100\n|turn|1\n|\n|t:|1700365673\n|move|p2a: 50 000 Gold Coins|Mortal Spin|p1a: Dragonite\n|-damage|p1a: Dragonite|98\/100\n|-status|p1a: Dragonite|psn\n|move|p1a: Dragonite|Earthquake|p2a: 50 000 Gold Coins\n|-supereffective|p2a: 50 000 Gold Coins\n|-enditem|p2a: 50 000 Gold Coins|Focus Sash\n|-damage|p2a: 50 000 Gold Coins|1\/100\n|-activate|p2a: 50 000 Gold Coins|ability: Toxic Debris\n|-sidestart|p1: skawa|move: Toxic Spikes\n|\n|-damage|p1a: Dragonite|85\/100 psn|[from] psn\n|upkeep\n|turn|2\n|\n|t:|1700365679\n|move|p1a: Dragonite|Extreme Speed|p2a: 50 000 Gold Coins\n|-resisted|p2a: 50 000 Gold Coins\n|-damage|p2a: 50 000 Gold Coins|0 fnt\n|-activate|p2a: 50 000 Gold Coins|ability: Toxic Debris\n|-sidestart|p1: skawa|move: Toxic Spikes\n|faint|p2a: 50 000 Gold Coins\n|\n|-damage|p1a: Dragonite|73\/100 psn|[from] psn\n|upkeep\n|\n|t:|1700365696\n|switch|p2a: BoltBeamEnthusiast|Clefable, M|100\/100\n|turn|3\n|\n|t:|1700365707\n|switch|p1a: The pex|Toxapex, F, shiny|100\/100\n|-sideend|p1: skawa|move: Toxic Spikes|[of] p1a: The pex\n|move|p2a: BoltBeamEnthusiast|Calm Mind|p2a: BoltBeamEnthusiast\n|-boost|p2a: BoltBeamEnthusiast|spa|1\n|-boost|p2a: BoltBeamEnthusiast|spd|1\n|\n|upkeep\n|turn|4\n|\n|t:|1700365714\n|move|p2a: BoltBeamEnthusiast|Flamethrower|p1a: The pex\n|-resisted|p1a: The pex\n|-damage|p1a: The pex|88\/100\n|move|p1a: The pex|Haze|p1a: The pex\n|-clearallboost\n|\n|-heal|p1a: The pex|95\/100|[from] item: Leftovers\n|upkeep\n|turn|5\n|\n|t:|1700365743\n|switch|p2a: Mr. Rock Festival|Torkoal, F|100\/100\n|-weather|SunnyDay|[from] ability: Drought|[of] p2a: Mr. Rock Festival\n|move|p1a: The pex|Toxic Spikes|p2a: Mr. Rock Festival\n|-sidestart|p2: Real_Shylm|move: Toxic Spikes\n|\n|-weather|SunnyDay|[upkeep]\n|-heal|p1a: The pex|100\/100|[from] item: Leftovers\n|upkeep\n|turn|6\n|\n|t:|1700365750\n|move|p1a: The pex|Toxic Spikes|p2a: Mr. Rock Festival\n|-sidestart|p2: Real_Shylm|move: Toxic Spikes\n|move|p2a: Mr. Rock Festival|Yawn|p1a: The pex\n|-start|p1a: The pex|move: Yawn|[of] p2a: Mr. Rock Festival\n|\n|-weather|SunnyDay|[upkeep]\n|upkeep\n|turn|7\n|\n|t:|1700365756\n|switch|p1a: Hoopa|Hoopa-Unbound|100\/100\n|move|p2a: Mr. Rock Festival|Rapid Spin|p1a: Hoopa\n|-damage|p1a: Hoopa|86\/100\n|-boost|p2a: Mr. Rock Festival|spe|1\n|-sideend|p2: Real_Shylm|Toxic Spikes|[from] move: Rapid Spin|[of] p2a: Mr. Rock Festival\n|\n|-weather|SunnyDay|[upkeep]\n|upkeep\n|turn|8\n|\n|t:|1700365768\n|move|p1a: Hoopa|Psychic|p2a: Mr. Rock Festival\n|-damage|p2a: Mr. Rock Festival|37\/100\n|move|p2a: Mr. Rock Festival|Lava Plume|p1a: Hoopa\n|-crit|p1a: Hoopa\n|-damage|p1a: Hoopa|53\/100\n|\n|-weather|SunnyDay|[upkeep]\n|upkeep\n|turn|9\n|\n|t:|1700365777\n|switch|p2a: Backshot Purple|Kingambit, F|100\/100\n|-activate|p2a: Backshot Purple|ability: Supreme Overlord\n|-start|p2a: Backshot Purple|fallen1|[silent]\n|move|p1a: Hoopa|Psychic|p2a: Backshot Purple\n|-immune|p2a: Backshot Purple\n|\n|-weather|SunnyDay|[upkeep]\n|upkeep\n|turn|10\n|\n|t:|1700365791\n|move|p1a: Hoopa|Drain Punch|p2a: Backshot Purple\n|-supereffective|p2a: Backshot Purple\n|-damage|p2a: Backshot Purple|17\/100\n|-heal|p1a: Hoopa|98\/100|[from] drain|[of] p2a: Backshot Purple\n|move|p2a: Backshot Purple|Swords Dance|p2a: Backshot Purple\n|-boost|p2a: Backshot Purple|atk|2\n|\n|-weather|SunnyDay|[upkeep]\n|upkeep\n|turn|11\n|\n|t:|1700365805\n|move|p2a: Backshot Purple|Sucker Punch|p1a: Hoopa\n|-damage|p1a: Hoopa|0 fnt\n|faint|p1a: Hoopa\n|\n|-weather|SunnyDay|[upkeep]\n|upkeep\n|\n|t:|1700365813\n|switch|p1a: Sableye|Sableye, M|100\/100\n|turn|12\n|c|\u2606skawa|i was foolish\n|\n|t:|1700365820\n|move|p1a: Sableye|Will-O-Wisp|p2a: Backshot Purple\n|-hint|Since gen 7, Dark is immune to Prankster moves.\n|-immune|p2a: Backshot Purple\n|move|p2a: Backshot Purple|Kowtow Cleave|p1a: Sableye\n|-damage|p1a: Sableye|0 fnt\n|faint|p1a: Sableye\n|\n|-weather|none\n|upkeep\n|c|\u2606skawa|i was foolish twice\n|\n|t:|1700365834\n|switch|p1a: Dragonite|Dragonite, M|73\/100 psn\n|turn|13\n|\n|t:|1700365848\n|move|p1a: Dragonite|Extreme Speed|p2a: Backshot Purple\n|-resisted|p2a: Backshot Purple\n|-damage|p2a: Backshot Purple|7\/100\n|move|p2a: Backshot Purple|Sucker Punch||[still]\n|-fail|p2a: Backshot Purple\n|\n|-damage|p1a: Dragonite|61\/100 psn|[from] psn\n|upkeep\n|turn|14\n|\n|t:|1700365853\n|-terastallize|p2a: Backshot Purple|Flying\n|move|p1a: Dragonite|Extreme Speed|p2a: Backshot Purple\n|-damage|p2a: Backshot Purple|0 fnt\n|faint|p2a: Backshot Purple\n|-end|p2a: Backshot Purple|fallen1|[silent]\n|\n|-damage|p1a: Dragonite|48\/100 psn|[from] psn\n|upkeep\n|\n|t:|1700365863\n|switch|p2a: Mr. Rock Festival|Torkoal, F|37\/100\n|-weather|SunnyDay|[from] ability: Drought|[of] p2a: Mr. Rock Festival\n|turn|15\n|\n|t:|1700365869\n|switch|p2a: The Snoozer|Articuno-Galar|100\/100\n|move|p1a: Dragonite|Earthquake|p2a: The Snoozer\n|-immune|p2a: The Snoozer\n|\n|-weather|SunnyDay|[upkeep]\n|-damage|p1a: Dragonite|36\/100 psn|[from] psn\n|upkeep\n|turn|16\n|\n|t:|1700365884\n|switch|p1a: The wash|Rotom-Wash, shiny|100\/100\n|move|p2a: The Snoozer|Agility|p2a: The Snoozer\n|-boost|p2a: The Snoozer|spe|2\n|\n|-weather|SunnyDay|[upkeep]\n|upkeep\n|turn|17\n|\n|t:|1700365891\n|move|p2a: The Snoozer|Calm Mind|p2a: The Snoozer\n|-boost|p2a: The Snoozer|spa|1\n|-boost|p2a: The Snoozer|spd|1\n|move|p1a: The wash|Discharge|p2a: The Snoozer\n|-supereffective|p2a: The Snoozer\n|-damage|p2a: The Snoozer|69\/100\n|\n|-weather|SunnyDay|[upkeep]\n|-heal|p2a: The Snoozer|75\/100|[from] item: Leftovers\n|upkeep\n|turn|18\n|\n|t:|1700365900\n|move|p2a: The Snoozer|Calm Mind|p2a: The Snoozer\n|-boost|p2a: The Snoozer|spa|1\n|-boost|p2a: The Snoozer|spd|1\n|move|p1a: The wash|Discharge|p2a: The Snoozer\n|-supereffective|p2a: The Snoozer\n|-damage|p2a: The Snoozer|51\/100\n|\n|-weather|SunnyDay|[upkeep]\n|-heal|p2a: The Snoozer|57\/100|[from] item: Leftovers\n|upkeep\n|turn|19\n|\n|t:|1700365905\n|move|p2a: The Snoozer|Stored Power|p1a: The wash\n|-damage|p1a: The wash|0 fnt\n|faint|p1a: The wash\n|\n|-weather|SunnyDay|[upkeep]\n|-heal|p2a: The Snoozer|63\/100|[from] item: Leftovers\n|upkeep\n|\n|t:|1700365910\n|switch|p1a: The pex|Toxapex, F, shiny|100\/100\n|turn|20\n|\n|t:|1700365914\n|move|p2a: The Snoozer|Stored Power|p1a: The pex\n|-supereffective|p1a: The pex\n|-damage|p1a: The pex|0 fnt\n|faint|p1a: The pex\n|\n|-weather|SunnyDay|[upkeep]\n|-heal|p2a: The Snoozer|69\/100|[from] item: Leftovers\n|upkeep\n|\n|t:|1700365917\n|switch|p1a: Dragonite|Dragonite, M|36\/100 psn\n|turn|21\n|\n|t:|1700365920\n|move|p1a: Dragonite|Extreme Speed|p2a: The Snoozer\n|-crit|p2a: The Snoozer\n|-damage|p2a: The Snoozer|24\/100\n|move|p2a: The Snoozer|Stored Power|p1a: Dragonite\n|-damage|p1a: Dragonite|0 fnt\n|faint|p1a: Dragonite\n|\n|-weather|SunnyDay|[upkeep]\n|-heal|p2a: The Snoozer|30\/100|[from] item: Leftovers\n|upkeep\n|c|\u2606skawa|mf raid boss\n|\n|t:|1700365924\n|switch|p1a: The guy|Jirachi, shiny|100\/100\n|turn|22\n|\n|t:|1700365929\n|move|p2a: The Snoozer|Shadow Ball|p1a: The guy\n|-supereffective|p1a: The guy\n|-damage|p1a: The guy|2\/100\n|move|p1a: The guy|Iron Head|p2a: The Snoozer\n|-damage|p2a: The Snoozer|0 fnt\n|faint|p2a: The Snoozer\n|\n|-weather|none\n|upkeep\n|\n|t:|1700365935\n|switch|p2a: Mr. Rock Festival|Torkoal, F|37\/100\n|-weather|SunnyDay|[from] ability: Drought|[of] p2a: Mr. Rock Festival\n|turn|23\n|\n|t:|1700365940\n|move|p1a: The guy|Iron Head|p2a: Mr. Rock Festival\n|-resisted|p2a: Mr. Rock Festival\n|-crit|p2a: Mr. Rock Festival\n|-damage|p2a: Mr. Rock Festival|21\/100\n|move|p2a: Mr. Rock Festival|Lava Plume|p1a: The guy\n|-supereffective|p1a: The guy\n|-damage|p1a: The guy|0 fnt\n|faint|p1a: The guy\n|\n|win|Real_Shylm\n|c|\u2606skawa|gg\n|c|\u2606Real_Shylm|I love the snoozer\n|c|\u2606Real_Shylm|gg\n","uploadtime":1700365947,"views":30,"p1id":"skawa","p2id":"realshylm","formatid":"gen9ou","rating":0,"private":0,"password":""}