{"id":"gen9ou-1997258505","p1":"Squackary","p2":"Oshwottking","format":"[Gen 9] OU","log":"|j|\u203dSquackary\n|j|\u2606Oshwottking\n|t:|1700781401\n|gametype|singles\n|player|p1|Squackary|266|1130\n|player|p2|Oshwottking|silver|1211\n|teamsize|p1|6\n|teamsize|p2|6\n|gen|9\n|tier|[Gen 9] OU\n|rated|\n|rule|Sleep Clause Mod: Limit one foe put to sleep\n|rule|Species Clause: Limit one of each Pok\u00e9mon\n|rule|OHKO Clause: OHKO moves are banned\n|rule|Evasion Items Clause: Evasion items are banned\n|rule|Evasion Moves Clause: Evasion moves are banned\n|rule|Endless Battle Clause: Forcing endless battles is banned\n|rule|HP Percentage Mod: HP is shown in percentages\n|clearpoke\n|poke|p1|Ribombee, M|\n|poke|p1|Gholdengo|\n|poke|p1|Ogerpon-Wellspring, F|\n|poke|p1|Kingambit, M|\n|poke|p1|Great Tusk|\n|poke|p1|Thundurus-Therian, M|\n|poke|p2|Munkidori, M|\n|poke|p2|Garganacl, M|\n|poke|p2|Corviknight, F|\n|poke|p2|Samurott-Hisui, M|\n|poke|p2|Garchomp, F|\n|poke|p2|Cinderace, F|\n|teampreview\n|inactive|Battle timer is ON: inactive players will automatically lose when time's up. (requested by Oshwottking)\n|inactive|Squackary also wants the timer to be on.\n|\n|t:|1700781418\n|start\n|switch|p1a: Ribombee|Ribombee, M|100\/100\n|switch|p2a: Munkidori|Munkidori, M|100\/100\n|turn|1\n|\n|t:|1700781435\n|move|p2a: Munkidori|Sludge Wave|p1a: Ribombee\n|-supereffective|p1a: Ribombee\n|-enditem|p1a: Ribombee|Focus Sash\n|-damage|p1a: Ribombee|1\/100\n|move|p1a: Ribombee|Sticky Web|p2a: Munkidori\n|-sidestart|p2: Oshwottking|move: Sticky Web\n|\n|upkeep\n|turn|2\n|\n|t:|1700781446\n|switch|p2a: Corviknight|Corviknight, F|100\/100\n|-ability|p2a: Corviknight|Pressure\n|switch|p1a: Gholdengo|Gholdengo|100\/100\n|\n|upkeep\n|turn|3\n|\n|t:|1700781452\n|move|p1a: Gholdengo|Nasty Plot|p1a: Gholdengo\n|-boost|p1a: Gholdengo|spa|2\n|move|p2a: Corviknight|U-turn|p1a: Gholdengo\n|-resisted|p1a: Gholdengo\n|-damage|p1a: Gholdengo|97\/100\n|\n|t:|1700781460\n|switch|p2a: Cinderace|Cinderace, F|100\/100|[from] U-turn\n|\n|upkeep\n|turn|4\n|inactive|Squackary has 120 seconds left.\n|\n|t:|1700781495\n|move|p2a: Cinderace|Pyro Ball|p1a: Gholdengo\n|-supereffective|p1a: Gholdengo\n|-damage|p1a: Gholdengo|0 fnt\n|faint|p1a: Gholdengo\n|\n|upkeep\n|inactive|Squackary has 120 seconds left.\n|\n|t:|1700781508\n|switch|p1a: Ogerpon|Ogerpon-Wellspring, F|100\/100\n|turn|5\n|inactive|Squackary has 120 seconds left.\n|\n|t:|1700781514\n|move|p2a: Cinderace|U-turn|p1a: Ogerpon\n|-start|p2a: Cinderace|typechange|Bug|[from] ability: Libero\n|-supereffective|p1a: Ogerpon\n|-damage|p1a: Ogerpon|33\/100\n|\n|t:|1700781519\n|switch|p2a: Corviknight|Corviknight, F|100\/100|[from] U-turn\n|-ability|p2a: Corviknight|Pressure\n|move|p1a: Ogerpon|Swords Dance|p1a: Ogerpon\n|-boost|p1a: Ogerpon|atk|2\n|\n|upkeep\n|turn|6\n|\n|t:|1700781522\n|move|p1a: Ogerpon|Ivy Cudgel|p2a: Corviknight|[anim] Ivy Cudgel Water\n|-damage|p2a: Corviknight|28\/100\n|move|p2a: Corviknight|U-turn|p1a: Ogerpon\n|-supereffective|p1a: Ogerpon\n|-damage|p1a: Ogerpon|0 fnt\n|faint|p1a: Ogerpon\n|\n|t:|1700781528\n|switch|p2a: Cinderace|Cinderace, F|100\/100|[from] U-turn\n|\n|upkeep\n|\n|t:|1700781547\n|switch|p1a: Great Tusk|Great Tusk|100\/100\n|-enditem|p1a: Great Tusk|Booster Energy\n|-activate|p1a: Great Tusk|ability: Protosynthesis|[fromitem]\n|-start|p1a: Great Tusk|protosynthesisspe\n|turn|7\n|\n|t:|1700781550\n|move|p1a: Great Tusk|Bulk Up|p1a: Great Tusk\n|-boost|p1a: Great Tusk|atk|1\n|-boost|p1a: Great Tusk|def|1\n|move|p2a: Cinderace|Court Change|p2a: Cinderace\n|-start|p2a: Cinderace|typechange|Normal|[from] ability: Libero\n|-swapsideconditions\n|-activate|p2a: Cinderace|move: Court Change\n|\n|upkeep\n|turn|8\n|\n|t:|1700781566\n|switch|p2a: Corviknight|Corviknight, F|28\/100\n|-ability|p2a: Corviknight|Pressure\n|move|p1a: Great Tusk|Headlong Rush|p2a: Corviknight\n|-immune|p2a: Corviknight\n|\n|upkeep\n|turn|9\n|\n|t:|1700781573\n|move|p1a: Great Tusk|Ice Spinner|p2a: Corviknight\n|-damage|p2a: Corviknight|6\/100\n|-damage|p1a: Great Tusk|84\/100|[from] item: Rocky Helmet|[of] p2a: Corviknight\n|move|p2a: Corviknight|Roost|p2a: Corviknight\n|-heal|p2a: Corviknight|56\/100\n|-singleturn|p2a: Corviknight|move: Roost\n|\n|upkeep\n|turn|10\n|\n|t:|1700781577\n|move|p1a: Great Tusk|Close Combat|p2a: Corviknight\n|-damage|p2a: Corviknight|13\/100\n|-unboost|p1a: Great Tusk|def|1\n|-unboost|p1a: Great Tusk|spd|1\n|-damage|p1a: Great Tusk|67\/100|[from] item: Rocky Helmet|[of] p2a: Corviknight\n|move|p2a: Corviknight|Roost|p2a: Corviknight\n|-heal|p2a: Corviknight|63\/100\n|-singleturn|p2a: Corviknight|move: Roost\n|\n|upkeep\n|turn|11\n|-message|Squackary forfeited.\n|\n|win|Oshwottking\n|raw|Squackary's rating: 1130 &rarr; <strong>1111<\/strong><br \/>(-19 for losing)\n|raw|Oshwottking's rating: 1211 &rarr; <strong>1230<\/strong><br \/>(+19 for winning)\n|l|\u203dSquackary\n","uploadtime":1700781588,"views":5,"p1id":"squackary","p2id":"oshwottking","formatid":"gen9ou","rating":1111,"private":0,"password":""}