{"id":"gen9ou-1989575090","p1":"DiaDreams","p2":"Diatere","format":"[Gen 9] OU","log":"|j|\u2606DiaDreams\n|j|\u2606Diatere\n|t:|1699873614\n|gametype|singles\n|player|p1|DiaDreams|yellow|1298\n|player|p2|Diatere|mina|1358\n|teamsize|p1|6\n|teamsize|p2|6\n|gen|9\n|tier|[Gen 9] OU\n|rated|\n|rule|Sleep Clause Mod: Limit one foe put to sleep\n|rule|Species Clause: Limit one of each Pok\u00e9mon\n|rule|OHKO Clause: OHKO moves are banned\n|rule|Evasion Items Clause: Evasion items are banned\n|rule|Evasion Moves Clause: Evasion moves are banned\n|rule|Endless Battle Clause: Forcing endless battles is banned\n|rule|HP Percentage Mod: HP is shown in percentages\n|clearpoke\n|poke|p1|Kingambit, F|\n|poke|p1|Ogerpon-Wellspring, F|\n|poke|p1|Gholdengo|\n|poke|p1|Ribombee, F|\n|poke|p1|Great Tusk|\n|poke|p1|Iron Moth|\n|poke|p2|Ninetales-Alola, M|\n|poke|p2|Sneasler, M|\n|poke|p2|Hatterene, F|\n|poke|p2|Manaphy|\n|poke|p2|Ogerpon-Cornerstone, F|\n|poke|p2|Rillaboom, M|\n|teampreview\n|\n|t:|1699873624\n|start\n|switch|p1a: Iron Moth|Iron Moth|100\/100\n|switch|p2a: Gamzee|Rillaboom, M|100\/100\n|-fieldstart|move: Grassy Terrain|[from] ability: Grassy Surge|[of] p2a: Gamzee\n|-enditem|p1a: Iron Moth|Booster Energy\n|-activate|p1a: Iron Moth|ability: Quark Drive|[fromitem]\n|-start|p1a: Iron Moth|quarkdrivespe\n|turn|1\n|\n|t:|1699873654\n|switch|p2a: Terezi|Manaphy|100\/100\n|move|p1a: Iron Moth|Substitute|p1a: Iron Moth\n|-start|p1a: Iron Moth|Substitute\n|-damage|p1a: Iron Moth|76\/100\n|\n|-heal|p1a: Iron Moth|82\/100|[from] Grassy Terrain\n|upkeep\n|turn|2\n|\n|t:|1699873663\n|move|p1a: Iron Moth|Sludge Wave|p2a: Terezi\n|-damage|p2a: Terezi|60\/100\n|move|p2a: Terezi|Scald|p1a: Iron Moth\n|-supereffective|p1a: Iron Moth\n|-end|p1a: Iron Moth|Substitute\n|\n|-heal|p1a: Iron Moth|88\/100|[from] Grassy Terrain\n|-heal|p2a: Terezi|67\/100|[from] Grassy Terrain\n|-heal|p2a: Terezi|73\/100|[from] item: Leftovers\n|upkeep\n|turn|3\n|\n|t:|1699873673\n|-end|p1a: Iron Moth|Quark Drive|[silent]\n|switch|p1a: Ogerpon|Ogerpon-Wellspring, F|100\/100\n|-terastallize|p2a: Terezi|Poison\n|move|p2a: Terezi|Take Heart|p2a: Terezi\n|-boost|p2a: Terezi|spa|1\n|-boost|p2a: Terezi|spd|1\n|\n|-heal|p2a: Terezi|79\/100|[from] Grassy Terrain\n|-heal|p2a: Terezi|85\/100|[from] item: Leftovers\n|upkeep\n|turn|4\n|\n|t:|1699873679\n|move|p1a: Ogerpon|Encore|p2a: Terezi\n|-start|p2a: Terezi|Encore\n|move|p2a: Terezi|Take Heart|p2a: Terezi\n|-boost|p2a: Terezi|spa|1\n|-boost|p2a: Terezi|spd|1\n|\n|-heal|p2a: Terezi|91\/100|[from] Grassy Terrain\n|-heal|p2a: Terezi|97\/100|[from] item: Leftovers\n|upkeep\n|turn|5\n|\n|t:|1699873697\n|switch|p2a: Karkat|Sneasler, M|100\/100\n|-enditem|p2a: Karkat|Grassy Seed\n|-boost|p2a: Karkat|def|1|[from] item: Grassy Seed\n|move|p1a: Ogerpon|Ivy Cudgel|p2a: Karkat\n|-damage|p2a: Karkat|37\/100\n|\n|-heal|p2a: Karkat|43\/100|[from] Grassy Terrain\n|-fieldend|move: Grassy Terrain\n|upkeep\n|turn|6\n|\n|t:|1699873714\n|move|p2a: Karkat|Dire Claw|p1a: Ogerpon\n|-supereffective|p1a: Ogerpon\n|-crit|p1a: Ogerpon\n|-damage|p1a: Ogerpon|0 fnt\n|faint|p1a: Ogerpon\n|\n|upkeep\n|\n|t:|1699873741\n|switch|p1a: Ribombee|Ribombee, F|100\/100\n|turn|7\n|\n|t:|1699873748\n|move|p2a: Karkat|Dire Claw|p1a: Ribombee\n|-supereffective|p1a: Ribombee\n|-enditem|p1a: Ribombee|Focus Sash\n|-damage|p1a: Ribombee|1\/100\n|move|p1a: Ribombee|Psychic|p2a: Karkat\n|-supereffective|p2a: Karkat\n|-damage|p2a: Karkat|0 fnt\n|faint|p2a: Karkat\n|\n|upkeep\n|\n|t:|1699873760\n|switch|p2a: Gamzee|Rillaboom, M|100\/100\n|-fieldstart|move: Grassy Terrain|[from] ability: Grassy Surge|[of] p2a: Gamzee\n|turn|8\n|\n|t:|1699873764\n|move|p2a: Gamzee|Grassy Glide|p1a: Ribombee\n|-resisted|p1a: Ribombee\n|-damage|p1a: Ribombee|0 fnt\n|faint|p1a: Ribombee\n|\n|upkeep\n|\n|t:|1699873766\n|switch|p1a: Iron Moth|Iron Moth|88\/100\n|turn|9\n|\n|t:|1699873771\n|switch|p2a: Terezi|Manaphy, tera:Poison|97\/100\n|move|p1a: Iron Moth|Substitute|p1a: Iron Moth\n|-start|p1a: Iron Moth|Substitute\n|-damage|p1a: Iron Moth|63\/100\n|\n|-heal|p1a: Iron Moth|69\/100|[from] Grassy Terrain\n|-heal|p2a: Terezi|100\/100|[from] Grassy Terrain\n|upkeep\n|turn|10\n|\n|t:|1699873775\n|move|p1a: Iron Moth|Psychic|p2a: Terezi\n|-supereffective|p2a: Terezi\n|-damage|p2a: Terezi|50\/100\n|move|p2a: Terezi|Scald|p1a: Iron Moth\n|-supereffective|p1a: Iron Moth\n|-end|p1a: Iron Moth|Substitute\n|\n|-heal|p1a: Iron Moth|75\/100|[from] Grassy Terrain\n|-heal|p2a: Terezi|57\/100|[from] Grassy Terrain\n|-heal|p2a: Terezi|63\/100|[from] item: Leftovers\n|upkeep\n|turn|11\n|\n|t:|1699873784\n|move|p1a: Iron Moth|Psychic|p2a: Terezi\n|-supereffective|p2a: Terezi\n|-damage|p2a: Terezi|6\/100\n|move|p2a: Terezi|Scald|p1a: Iron Moth\n|-supereffective|p1a: Iron Moth\n|-damage|p1a: Iron Moth|0 fnt\n|faint|p1a: Iron Moth\n|-end|p1a: Iron Moth|Quark Drive|[silent]\n|\n|-heal|p2a: Terezi|12\/100|[from] Grassy Terrain\n|-heal|p2a: Terezi|18\/100|[from] item: Leftovers\n|upkeep\n|\n|t:|1699873798\n|switch|p1a: Great Tusk|Great Tusk|100\/100\n|turn|12\n|\n|t:|1699873864\n|switch|p2a: Kanaya|Hatterene, F|100\/100\n|-enditem|p2a: Kanaya|Grassy Seed\n|-boost|p2a: Kanaya|def|1|[from] item: Grassy Seed\n|move|p1a: Great Tusk|Heavy Slam|p2a: Kanaya\n|-supereffective|p2a: Kanaya\n|-damage|p2a: Kanaya|53\/100\n|\n|-heal|p2a: Kanaya|59\/100|[from] Grassy Terrain\n|-fieldend|move: Grassy Terrain\n|upkeep\n|turn|13\n|\n|t:|1699873876\n|-terastallize|p1a: Great Tusk|Steel\n|move|p1a: Great Tusk|Heavy Slam|p2a: Kanaya\n|-supereffective|p2a: Kanaya\n|-damage|p2a: Kanaya|0 fnt\n|faint|p2a: Kanaya\n|\n|upkeep\n|\n|t:|1699873905\n|switch|p2a: Tavros|Ninetales-Alola, M|100\/100\n|-weather|Snow|[from] ability: Snow Warning|[of] p2a: Tavros\n|turn|14\n|\n|t:|1699873910\n|move|p2a: Tavros|Aurora Veil|p2a: Tavros\n|-sidestart|p2: Diatere|move: Aurora Veil\n|move|p1a: Great Tusk|Heavy Slam|p2a: Tavros\n|-supereffective|p2a: Tavros\n|-damage|p2a: Tavros|0 fnt\n|faint|p2a: Tavros\n|\n|-weather|Snow|[upkeep]\n|upkeep\n|\n|t:|1699873914\n|switch|p2a: Vriska|Ogerpon-Cornerstone, F|100\/100\n|turn|15\n|\n|t:|1699873923\n|move|p2a: Vriska|Swords Dance|p2a: Vriska\n|-boost|p2a: Vriska|atk|2\n|move|p1a: Great Tusk|Heavy Slam|p2a: Vriska\n|-supereffective|p2a: Vriska\n|-damage|p2a: Vriska|19\/100\n|\n|-weather|Snow|[upkeep]\n|upkeep\n|turn|16\n|\n|t:|1699873932\n|move|p2a: Vriska|Low Kick|p1a: Great Tusk\n|-supereffective|p1a: Great Tusk\n|-damage|p1a: Great Tusk|0 fnt\n|-damage|p2a: Vriska|3\/100|[from] item: Rocky Helmet|[of] p1a: Great Tusk\n|faint|p1a: Great Tusk\n|-end|p1a: Great Tusk|Protosynthesis|[silent]\n|\n|-weather|Snow|[upkeep]\n|upkeep\n|\n|t:|1699873943\n|switch|p1a: Gholdengo|Gholdengo|100\/100\n|-item|p1a: Gholdengo|Air Balloon\n|turn|17\n|\n|t:|1699873948\n|move|p2a: Vriska|Ivy Cudgel|p1a: Gholdengo\n|-resisted|p1a: Gholdengo\n|-damage|p1a: Gholdengo|37\/100\n|-enditem|p1a: Gholdengo|Air Balloon\n|move|p1a: Gholdengo|Shadow Ball|p2a: Vriska\n|-damage|p2a: Vriska|0 fnt\n|faint|p2a: Vriska\n|\n|-weather|Snow|[upkeep]\n|upkeep\n|\n|t:|1699873958\n|switch|p2a: Terezi|Manaphy, tera:Poison|18\/100\n|turn|18\n|\n|t:|1699873965\n|switch|p2a: Gamzee|Rillaboom, M|100\/100\n|-fieldstart|move: Grassy Terrain|[from] ability: Grassy Surge|[of] p2a: Gamzee\n|move|p1a: Gholdengo|Shadow Ball|p2a: Gamzee\n|-damage|p2a: Gamzee|74\/100\n|-unboost|p2a: Gamzee|spd|1\n|\n|-weather|none\n|-heal|p2a: Gamzee|80\/100|[from] Grassy Terrain\n|-heal|p1a: Gholdengo|43\/100|[from] Grassy Terrain\n|upkeep\n|turn|19\n|\n|t:|1699873975\n|move|p2a: Gamzee|Knock Off|p1a: Gholdengo\n|-supereffective|p1a: Gholdengo\n|-damage|p1a: Gholdengo|0 fnt\n|faint|p1a: Gholdengo\n|\n|-heal|p2a: Gamzee|86\/100|[from] Grassy Terrain\n|upkeep\n|\n|t:|1699873979\n|switch|p1a: Kingambit|Kingambit, F|100\/100\n|-activate|p1a: Kingambit|ability: Supreme Overlord\n|-start|p1a: Kingambit|fallen5|[silent]\n|turn|20\n|\n|t:|1699873983\n|move|p2a: Gamzee|Knock Off|p1a: Kingambit\n|-resisted|p1a: Kingambit\n|-damage|p1a: Kingambit|80\/100\n|-enditem|p1a: Kingambit|Leftovers|[from] move: Knock Off|[of] p2a: Gamzee\n|move|p1a: Kingambit|Swords Dance|p1a: Kingambit\n|-boost|p1a: Kingambit|atk|2\n|\n|-heal|p2a: Gamzee|92\/100|[from] Grassy Terrain\n|-heal|p1a: Kingambit|86\/100|[from] Grassy Terrain\n|upkeep\n|turn|21\n|\n|t:|1699873992\n|switch|p2a: Terezi|Manaphy, tera:Poison|18\/100\n|move|p1a: Kingambit|Kowtow Cleave|p2a: Terezi\n|-crit|p2a: Terezi\n|-damage|p2a: Terezi|0 fnt\n|faint|p2a: Terezi\n|\n|-heal|p1a: Kingambit|92\/100|[from] Grassy Terrain\n|-sideend|p2: Diatere|move: Aurora Veil\n|upkeep\n|\n|t:|1699873995\n|switch|p2a: Gamzee|Rillaboom, M|92\/100\n|turn|22\n|\n|t:|1699873998\n|move|p2a: Gamzee|U-turn|p1a: Kingambit\n|-damage|p1a: Kingambit|65\/100\n|move|p1a: Kingambit|Kowtow Cleave|p2a: Gamzee\n|-damage|p2a: Gamzee|0 fnt\n|faint|p2a: Gamzee\n|\n|win|DiaDreams\n|raw|DiaDreams's rating: 1298 &rarr; <strong>1327<\/strong><br \/>(+29 for winning)\n|raw|Diatere's rating: 1358 &rarr; <strong>1335<\/strong><br \/>(-23 for losing)\n|c|\u2606Diatere|gg!\n","uploadtime":1699874005,"views":6,"p1id":"diadreams","p2id":"diatere","formatid":"gen9ou","rating":1327,"private":0,"password":""}