{"id":"gen9ou-1999723898","p1":"DeejaeIzaya","p2":"Pokestar Yancy","format":"[Gen 9] OU","log":"|j|\u2606DeejaeIzaya\n|j|\u2606Pokestar Yancy\n|t:|1701111066\n|gametype|singles\n|player|p1|DeejaeIzaya|red|1208\n|player|p2|Pokestar Yancy|caitlin|1205\n|teamsize|p1|6\n|teamsize|p2|6\n|gen|9\n|tier|[Gen 9] OU\n|rated|\n|rule|Sleep Clause Mod: Limit one foe put to sleep\n|rule|Species Clause: Limit one of each Pok\u00e9mon\n|rule|OHKO Clause: OHKO moves are banned\n|rule|Evasion Items Clause: Evasion items are banned\n|rule|Evasion Moves Clause: Evasion moves are banned\n|rule|Endless Battle Clause: Forcing endless battles is banned\n|rule|HP Percentage Mod: HP is shown in percentages\n|clearpoke\n|poke|p1|Ludicolo, F|\n|poke|p1|Corviknight, M|\n|poke|p1|Zapdos|\n|poke|p1|Pelipper, F|\n|poke|p1|Basculegion, M|\n|poke|p1|Brute Bonnet|\n|poke|p2|Ribombee, F|\n|poke|p2|Gholdengo|\n|poke|p2|Ogerpon-Wellspring, F|\n|poke|p2|Arcanine-Hisui, M|\n|poke|p2|Cinderace, F|\n|poke|p2|Rillaboom, F|\n|teampreview\n|inactive|Battle timer is ON: inactive players will automatically lose when time's up. (requested by Pokestar Yancy)\n|l|\u2606DeejaeIzaya\n|inactive|DeejaeIzaya disconnected and has a minute to reconnect!\n|player|p1|\n|j|\u2606DeejaeIzaya\n|inactive|DeejaeIzaya reconnected and has 130 seconds left.\n|player|p1|DeejaeIzaya|red\n|\n|t:|1701111096\n|start\n|switch|p1a: Zapdos|Zapdos|100\/100\n|switch|p2a: Arcanine|Arcanine-Hisui, M|100\/100\n|turn|1\n|\n|t:|1701111103\n|move|p2a: Arcanine|Head Smash|p1a: Zapdos\n|-supereffective|p1a: Zapdos\n|-damage|p1a: Zapdos|0 fnt\n|faint|p1a: Zapdos\n|\n|upkeep\n|\n|t:|1701111108\n|switch|p1a: Pelipper|Pelipper, F|100\/100\n|-weather|RainDance|[from] ability: Drizzle|[of] p1a: Pelipper\n|turn|2\n|\n|t:|1701111111\n|switch|p1a: Corviknight|Corviknight, M|100\/100\n|move|p2a: Arcanine|Head Smash|p1a: Corviknight\n|-damage|p1a: Corviknight|38\/100\n|-damage|p2a: Arcanine|84\/100|[from] item: Rocky Helmet|[of] p1a: Corviknight\n|\n|-weather|RainDance|[upkeep]\n|upkeep\n|turn|3\n|\n|t:|1701111122\n|move|p2a: Arcanine|Head Smash|p1a: Corviknight\n|-damage|p1a: Corviknight|0 fnt\n|-damage|p2a: Arcanine|67\/100|[from] item: Rocky Helmet|[of] p1a: Corviknight\n|faint|p1a: Corviknight\n|\n|-weather|RainDance|[upkeep]\n|upkeep\n|\n|t:|1701111125\n|switch|p1a: Ludicolo|Ludicolo, F|100\/100\n|turn|4\n|\n|t:|1701111129\n|switch|p2a: Rillaboom|Rillaboom, F|100\/100\n|-fieldstart|move: Grassy Terrain|[from] ability: Grassy Surge|[of] p2a: Rillaboom\n|move|p1a: Ludicolo|Surf|p2a: Rillaboom\n|-resisted|p2a: Rillaboom\n|-damage|p2a: Rillaboom|64\/100\n|-damage|p1a: Ludicolo|91\/100|[from] item: Life Orb\n|\n|-weather|RainDance|[upkeep]\n|-heal|p1a: Ludicolo|97\/100|[from] Grassy Terrain\n|-heal|p2a: Rillaboom|70\/100|[from] Grassy Terrain\n|upkeep\n|turn|5\n|\n|t:|1701111140\n|switch|p2a: Gholdengo|Gholdengo|100\/100\n|move|p1a: Ludicolo|Ice Beam|p2a: Gholdengo\n|-resisted|p2a: Gholdengo\n|-damage|p2a: Gholdengo|80\/100\n|-damage|p1a: Ludicolo|87\/100|[from] item: Life Orb\n|\n|-weather|RainDance|[upkeep]\n|-heal|p1a: Ludicolo|93\/100|[from] Grassy Terrain\n|-heal|p2a: Gholdengo|86\/100|[from] Grassy Terrain\n|upkeep\n|turn|6\n|\n|t:|1701111153\n|move|p1a: Ludicolo|Surf|p2a: Gholdengo\n|-damage|p2a: Gholdengo|0 fnt\n|faint|p2a: Gholdengo\n|-damage|p1a: Ludicolo|83\/100|[from] item: Life Orb\n|\n|-weather|RainDance|[upkeep]\n|-heal|p1a: Ludicolo|89\/100|[from] Grassy Terrain\n|upkeep\n|\n|t:|1701111156\n|switch|p2a: Ogerpon|Ogerpon-Wellspring, F|100\/100\n|turn|7\n|\n|t:|1701111163\n|switch|p1a: Brute Bonnet|Brute Bonnet|100\/100\n|-enditem|p1a: Brute Bonnet|Booster Energy\n|-activate|p1a: Brute Bonnet|ability: Protosynthesis|[fromitem]\n|-start|p1a: Brute Bonnet|protosynthesisatk\n|move|p2a: Ogerpon|U-turn|p1a: Brute Bonnet\n|-supereffective|p1a: Brute Bonnet\n|-damage|p1a: Brute Bonnet|3\/100\n|\n|t:|1701111167\n|switch|p2a: Rillaboom|Rillaboom, F|70\/100|[from] U-turn\n|\n|-weather|RainDance|[upkeep]\n|-heal|p2a: Rillaboom|76\/100|[from] Grassy Terrain\n|-heal|p1a: Brute Bonnet|9\/100|[from] Grassy Terrain\n|upkeep\n|turn|8\n|\n|t:|1701111171\n|move|p2a: Rillaboom|Grassy Glide|p1a: Brute Bonnet\n|-resisted|p1a: Brute Bonnet\n|-damage|p1a: Brute Bonnet|0 fnt\n|faint|p1a: Brute Bonnet\n|-end|p1a: Brute Bonnet|Protosynthesis|[silent]\n|\n|-weather|RainDance|[upkeep]\n|-heal|p2a: Rillaboom|82\/100|[from] Grassy Terrain\n|-fieldend|move: Grassy Terrain\n|upkeep\n|\n|t:|1701111176\n|switch|p1a: Ludicolo|Ludicolo, F|89\/100\n|turn|9\n|\n|t:|1701111180\n|move|p1a: Ludicolo|Ice Beam|p2a: Rillaboom\n|-supereffective|p2a: Rillaboom\n|-damage|p2a: Rillaboom|23\/100\n|-damage|p1a: Ludicolo|79\/100|[from] item: Life Orb\n|move|p2a: Rillaboom|Grassy Glide|p1a: Ludicolo\n|-damage|p1a: Ludicolo|33\/100\n|\n|-weather|none\n|upkeep\n|turn|10\n|\n|t:|1701111190\n|switch|p2a: Cinderace|Cinderace, F|100\/100\n|move|p1a: Ludicolo|Ice Beam|p2a: Cinderace\n|-resisted|p2a: Cinderace\n|-damage|p2a: Cinderace|75\/100\n|-damage|p1a: Ludicolo|23\/100|[from] item: Life Orb\n|\n|upkeep\n|turn|11\n|\n|t:|1701111195\n|switch|p1a: Pelipper|Pelipper, F|100\/100\n|-weather|RainDance|[from] ability: Drizzle|[of] p1a: Pelipper\n|move|p2a: Cinderace|Pyro Ball|p1a: Pelipper\n|-resisted|p1a: Pelipper\n|-damage|p1a: Pelipper|85\/100\n|\n|-weather|RainDance|[upkeep]\n|upkeep\n|turn|12\n|\n|t:|1701111200\n|move|p2a: Cinderace|U-turn|p1a: Pelipper\n|-start|p2a: Cinderace|typechange|Bug|[from] ability: Libero\n|-resisted|p1a: Pelipper\n|-damage|p1a: Pelipper|67\/100\n|\n|t:|1701111204\n|switch|p2a: Ribombee|Ribombee, F|100\/100|[from] U-turn\n|move|p1a: Pelipper|Tailwind|p1a: Pelipper\n|-sidestart|p1: DeejaeIzaya|move: Tailwind\n|\n|-weather|RainDance|[upkeep]\n|upkeep\n|turn|13\n|\n|t:|1701111207\n|move|p2a: Ribombee|Sticky Web|p1a: Pelipper\n|-sidestart|p1: DeejaeIzaya|move: Sticky Web\n|move|p1a: Pelipper|Hurricane|p2a: Ribombee\n|-supereffective|p2a: Ribombee\n|-enditem|p2a: Ribombee|Focus Sash\n|-damage|p2a: Ribombee|1\/100\n|\n|-weather|RainDance|[upkeep]\n|upkeep\n|turn|14\n|\n|t:|1701111213\n|move|p2a: Ribombee|Moonblast|p1a: Pelipper\n|-damage|p1a: Pelipper|8\/100\n|move|p1a: Pelipper|Hurricane|p2a: Ribombee\n|-supereffective|p2a: Ribombee\n|-damage|p2a: Ribombee|0 fnt\n|faint|p2a: Ribombee\n|\n|-weather|RainDance|[upkeep]\n|upkeep\n|\n|t:|1701111218\n|switch|p2a: Rillaboom|Rillaboom, F|23\/100\n|-fieldstart|move: Grassy Terrain|[from] ability: Grassy Surge|[of] p2a: Rillaboom\n|turn|15\n|\n|t:|1701111224\n|move|p2a: Rillaboom|Grassy Glide|p1a: Pelipper\n|-crit|p1a: Pelipper\n|-damage|p1a: Pelipper|0 fnt\n|faint|p1a: Pelipper\n|\n|-weather|RainDance|[upkeep]\n|-heal|p2a: Rillaboom|30\/100|[from] Grassy Terrain\n|-sideend|p1: DeejaeIzaya|move: Tailwind\n|upkeep\n|\n|t:|1701111228\n|switch|p1a: Basculegion|Basculegion, M|100\/100\n|-activate|p1a: Basculegion|move: Sticky Web\n|-unboost|p1a: Basculegion|spe|1\n|turn|16\n|\n|t:|1701111233\n|-terastallize|p1a: Basculegion|Grass\n|-terastallize|p2a: Rillaboom|Grass\n|move|p2a: Rillaboom|Grassy Glide|p1a: Basculegion\n|-resisted|p1a: Basculegion\n|-damage|p1a: Basculegion|68\/100\n|move|p1a: Basculegion|Ice Fang|p2a: Rillaboom\n|-supereffective|p2a: Rillaboom\n|-damage|p2a: Rillaboom|0 fnt\n|faint|p2a: Rillaboom\n|\n|-weather|RainDance|[upkeep]\n|-heal|p1a: Basculegion|74\/100|[from] Grassy Terrain\n|upkeep\n|\n|t:|1701111252\n|switch|p2a: Cinderace|Cinderace, F|75\/100\n|turn|17\n|\n|t:|1701111256\n|switch|p1a: Ludicolo|Ludicolo, F|23\/100\n|-activate|p1a: Ludicolo|move: Sticky Web\n|-unboost|p1a: Ludicolo|spe|1\n|move|p2a: Cinderace|Sucker Punch||[still]\n|-fail|p2a: Cinderace\n|\n|-weather|RainDance|[upkeep]\n|-heal|p2a: Cinderace|81\/100|[from] Grassy Terrain\n|-heal|p1a: Ludicolo|29\/100|[from] Grassy Terrain\n|upkeep\n|turn|18\n|\n|t:|1701111258\n|move|p2a: Cinderace|U-turn|p1a: Ludicolo\n|-start|p2a: Cinderace|typechange|Bug|[from] ability: Libero\n|-supereffective|p1a: Ludicolo\n|-damage|p1a: Ludicolo|0 fnt\n|faint|p1a: Ludicolo\n|\n|t:|1701111266\n|switch|p2a: Ogerpon|Ogerpon-Wellspring, F|100\/100|[from] U-turn\n|\n|-weather|none\n|upkeep\n|\n|t:|1701111268\n|switch|p1a: Basculegion|Basculegion, M, tera:Grass|74\/100\n|-activate|p1a: Basculegion|move: Sticky Web\n|-unboost|p1a: Basculegion|spe|1\n|turn|19\n|\n|t:|1701111276\n|move|p2a: Ogerpon|U-turn|p1a: Basculegion\n|-supereffective|p1a: Basculegion\n|-damage|p1a: Basculegion|0 fnt\n|faint|p1a: Basculegion\n|\n|win|Pokestar Yancy\n|raw|DeejaeIzaya's rating: 1208 &rarr; <strong>1183<\/strong><br \/>(-25 for losing)\n|raw|Pokestar Yancy's rating: 1205 &rarr; <strong>1230<\/strong><br \/>(+25 for winning)\n|l|\u2606DeejaeIzaya\n|l|\u2606Pokestar Yancy\n|j|\u2606Pokestar Yancy\n|player|p2|Pokestar Yancy|caitlin\n","uploadtime":1701111366,"views":17,"p1id":"deejaeizaya","p2id":"pokestaryancy","formatid":"gen9ou","rating":1183,"private":0,"password":""}