{"id":"gen9ou-1997148976","p1":"Lawrence1307","p2":"AureliaZion","format":"[Gen 9] OU","log":"|j|\u2606Lawrence1307\n|j|\u2606AureliaZion\n|t:|1700769473\n|gametype|singles\n|player|p1|Lawrence1307|veteran|1000\n|player|p2|AureliaZion|caitlin-masters|1000\n|teamsize|p1|6\n|teamsize|p2|6\n|gen|9\n|tier|[Gen 9] OU\n|rated|\n|rule|Sleep Clause Mod: Limit one foe put to sleep\n|rule|Species Clause: Limit one of each Pok\u00e9mon\n|rule|OHKO Clause: OHKO moves are banned\n|rule|Evasion Items Clause: Evasion items are banned\n|rule|Evasion Moves Clause: Evasion moves are banned\n|rule|Endless Battle Clause: Forcing endless battles is banned\n|rule|HP Percentage Mod: HP is shown in percentages\n|clearpoke\n|poke|p1|Gardevoir, F|\n|poke|p1|Torkoal, F|\n|poke|p1|Toxapex, F|\n|poke|p1|Corviknight, M|\n|poke|p1|Walking Wake|\n|poke|p1|Landorus-Therian, M|\n|poke|p2|Kingambit, M|\n|poke|p2|Greninja-*, M|\n|poke|p2|Great Tusk|\n|poke|p2|Iron Valiant|\n|poke|p2|Corviknight, M|\n|poke|p2|Slowking, M|\n|teampreview\n|\n|t:|1700769486\n|start\n|switch|p1a: Toxapex|Toxapex, F|100\/100\n|switch|p2a: Nobunaga|Kingambit, M|100\/100\n|turn|1\n|inactive|Battle timer is ON: inactive players will automatically lose when time's up. (requested by AureliaZion)\n|\n|t:|1700769530\n|-end|p2a: Nobunaga|fallenundefined|[silent]\n|switch|p2a: Atlas|Great Tusk|100\/100\n|move|p1a: Toxapex|Toxic Spikes|p2a: Atlas\n|-sidestart|p2: AureliaZion|move: Toxic Spikes\n|\n|upkeep\n|turn|2\n|\n|t:|1700769561\n|-end|p2a: Atlas|Protosynthesis|[silent]\n|switch|p2a: Merlin|Slowking, M|100\/100\n|move|p1a: Toxapex|Surf|p2a: Merlin\n|-resisted|p2a: Merlin\n|-damage|p2a: Merlin|95\/100\n|\n|upkeep\n|turn|3\n|inactiveoff|Battle timer is now OFF.\n|\n|t:|1700769583\n|move|p1a: Toxapex|Haze|p1a: Toxapex\n|-clearallboost\n|move|p2a: Merlin|Future Sight|p1a: Toxapex\n|-start|p2a: Merlin|move: Future Sight\n|\n|upkeep\n|turn|4\n|\n|t:|1700769618\n|switch|p1a: Gardevoir|Gardevoir, F|100\/100\n|-ability|p1a: Gardevoir|Regenerator|[from] ability: Trace|[of] p2a: Merlin\n|move|p2a: Merlin|Chilly Reception|p2a: Merlin\n|-weather|Snow\n|\n|t:|1700769688\n|switch|p2a: Nobunaga|Kingambit, M|100\/100|[from] Chilly Reception\n|\n|-weather|Snow|[upkeep]\n|upkeep\n|turn|5\n|\n|t:|1700769705\n|switch|p1a: Torkoal|Torkoal, F|100\/100\n|-weather|SunnyDay|[from] ability: Drought|[of] p1a: Torkoal\n|move|p2a: Nobunaga|Swords Dance|p2a: Nobunaga\n|-boost|p2a: Nobunaga|atk|2\n|\n|-weather|SunnyDay|[upkeep]\n|-end|p1a: Torkoal|move: Future Sight\n|-damage|p1a: Torkoal|48\/100\n|upkeep\n|turn|6\n|\n|t:|1700769810\n|-terastallize|p2a: Nobunaga|Fire\n|move|p2a: Nobunaga|Kowtow Cleave|p1a: Torkoal\n|-damage|p1a: Torkoal|0 fnt\n|faint|p1a: Torkoal\n|\n|-weather|SunnyDay|[upkeep]\n|upkeep\n|\n|t:|1700769820\n|switch|p1a: Walking Wake|Walking Wake|100\/100\n|-activate|p1a: Walking Wake|ability: Protosynthesis\n|-start|p1a: Walking Wake|protosynthesisspa\n|turn|7\n|\n|t:|1700769859\n|-end|p2a: Nobunaga|fallenundefined|[silent]\n|switch|p2a: Goemon|Greninja, M|100\/100\n|-status|p2a: Goemon|psn\n|move|p1a: Walking Wake|Hydro Steam|p2a: Goemon\n|-resisted|p2a: Goemon\n|-damage|p2a: Goemon|8\/100 psn\n|\n|-weather|SunnyDay|[upkeep]\n|-damage|p2a: Goemon|0 fnt|[from] psn\n|faint|p2a: Goemon\n|upkeep\n|\n|t:|1700769884\n|switch|p2a: Dimitri|Iron Valiant|100\/100\n|-status|p2a: Dimitri|psn\n|turn|8\n|\n|t:|1700769891\n|-end|p1a: Walking Wake|Protosynthesis|[silent]\n|switch|p1a: Landorus|Landorus-Therian, M|100\/100\n|-ability|p1a: Landorus|Intimidate|boost\n|-unboost|p2a: Dimitri|atk|1\n|move|p2a: Dimitri|Moonblast|p1a: Landorus\n|-damage|p1a: Landorus|43\/100\n|\n|-weather|SunnyDay|[upkeep]\n|-damage|p2a: Dimitri|88\/100 psn|[from] psn\n|upkeep\n|turn|9\n|\n|t:|1700769909\n|move|p2a: Dimitri|Moonblast|p1a: Landorus\n|-damage|p1a: Landorus|0 fnt\n|faint|p1a: Landorus\n|\n|-weather|SunnyDay|[upkeep]\n|-damage|p2a: Dimitri|76\/100 psn|[from] psn\n|upkeep\n|\n|t:|1700769919\n|switch|p1a: Gardevoir|Gardevoir, F|100\/100\n|turn|10\n|\n|t:|1700769943\n|-end|p2a: Dimitri|Quark Drive|[silent]\n|switch|p2a: Branwen|Corviknight, M|100\/100\n|-ability|p1a: Gardevoir|Mirror Armor|[from] ability: Trace|[of] p2a: Branwen\n|move|p1a: Gardevoir|Mystical Fire|p2a: Branwen\n|-supereffective|p2a: Branwen\n|-damage|p2a: Branwen|31\/100\n|-ability|p2a: Branwen|Mirror Armor\n|-unboost|p1a: Gardevoir|spa|1\n|\n|-weather|SunnyDay|[upkeep]\n|-heal|p2a: Branwen|37\/100|[from] item: Leftovers\n|upkeep\n|turn|11\n|\n|t:|1700769963\n|switch|p1a: Toxapex|Toxapex, F|100\/100\n|move|p2a: Branwen|U-turn|p1a: Toxapex\n|-resisted|p1a: Toxapex\n|-crit|p1a: Toxapex\n|-damage|p1a: Toxapex|92\/100\n|\n|t:|1700769983\n|switch|p2a: Merlin|Slowking, M|100\/100|[from] U-turn\n|\n|-weather|SunnyDay|[upkeep]\n|upkeep\n|turn|12\n|\n|t:|1700769995\n|switch|p1a: Corviknight|Corviknight, M|100\/100\n|move|p2a: Merlin|Future Sight|p1a: Corviknight\n|-start|p2a: Merlin|move: Future Sight\n|\n|-weather|none\n|upkeep\n|turn|13\n|\n|t:|1700770014\n|move|p1a: Corviknight|Brave Bird|p2a: Merlin\n|-damage|p2a: Merlin|61\/100\n|-damage|p1a: Corviknight|88\/100|[from] Recoil\n|move|p2a: Merlin|Slack Off|p2a: Merlin\n|-heal|p2a: Merlin|100\/100\n|\n|-heal|p1a: Corviknight|94\/100|[from] item: Leftovers\n|upkeep\n|turn|14\n|\n|t:|1700770033\n|move|p1a: Corviknight|Body Press|p2a: Merlin\n|-resisted|p2a: Merlin\n|-damage|p2a: Merlin|87\/100\n|move|p2a: Merlin|Surf|p1a: Corviknight\n|-damage|p1a: Corviknight|66\/100\n|\n|-end|p1a: Corviknight|move: Future Sight\n|-resisted|p1a: Corviknight\n|-damage|p1a: Corviknight|45\/100\n|-heal|p1a: Corviknight|51\/100|[from] item: Leftovers\n|upkeep\n|turn|15\n|\n|t:|1700770046\n|move|p1a: Corviknight|Roost|p1a: Corviknight\n|-heal|p1a: Corviknight|100\/100\n|-singleturn|p1a: Corviknight|move: Roost\n|move|p2a: Merlin|Future Sight|p1a: Corviknight\n|-start|p2a: Merlin|move: Future Sight\n|\n|upkeep\n|turn|16\n|\n|t:|1700770060\n|move|p1a: Corviknight|Body Press|p2a: Merlin\n|-resisted|p2a: Merlin\n|-damage|p2a: Merlin|73\/100\n|move|p2a: Merlin|Surf|p1a: Corviknight\n|-damage|p1a: Corviknight|72\/100\n|\n|-heal|p1a: Corviknight|79\/100|[from] item: Leftovers\n|upkeep\n|turn|17\n|\n|t:|1700770073\n|move|p1a: Corviknight|Brave Bird|p2a: Merlin\n|-damage|p2a: Merlin|38\/100\n|-damage|p1a: Corviknight|67\/100|[from] Recoil\n|move|p2a: Merlin|Surf|p1a: Corviknight\n|-damage|p1a: Corviknight|37\/100\n|\n|-end|p1a: Corviknight|move: Future Sight\n|-resisted|p1a: Corviknight\n|-damage|p1a: Corviknight|15\/100\n|-heal|p1a: Corviknight|22\/100|[from] item: Leftovers\n|upkeep\n|turn|18\n|\n|t:|1700770102\n|move|p1a: Corviknight|Roost|p1a: Corviknight\n|-heal|p1a: Corviknight|72\/100\n|-singleturn|p1a: Corviknight|move: Roost\n|move|p2a: Merlin|Slack Off|p2a: Merlin\n|-heal|p2a: Merlin|88\/100\n|\n|-heal|p1a: Corviknight|78\/100|[from] item: Leftovers\n|upkeep\n|turn|19\n|\n|t:|1700770150\n|move|p1a: Corviknight|Brave Bird|p2a: Merlin\n|-damage|p2a: Merlin|48\/100\n|-damage|p1a: Corviknight|65\/100|[from] Recoil\n|move|p2a: Merlin|Future Sight|p1a: Corviknight\n|-start|p2a: Merlin|move: Future Sight\n|\n|-heal|p1a: Corviknight|71\/100|[from] item: Leftovers\n|upkeep\n|turn|20\n|\n|t:|1700770187\n|switch|p2a: Branwen|Corviknight, M|37\/100\n|move|p1a: Corviknight|Brave Bird|p2a: Branwen\n|-resisted|p2a: Branwen\n|-damage|p2a: Branwen|26\/100\n|-damage|p1a: Corviknight|67\/100|[from] Recoil\n|\n|-heal|p1a: Corviknight|74\/100|[from] item: Leftovers\n|-heal|p2a: Branwen|32\/100|[from] item: Leftovers\n|upkeep\n|turn|21\n|\n|t:|1700770204\n|move|p1a: Corviknight|Body Press|p2a: Branwen\n|-damage|p2a: Branwen|17\/100\n|move|p2a: Branwen|Brave Bird|p1a: Corviknight\n|-resisted|p1a: Corviknight\n|-damage|p1a: Corviknight|62\/100\n|-damage|p2a: Branwen|13\/100|[from] Recoil\n|\n|-end|p1a: Corviknight|move: Future Sight\n|-resisted|p1a: Corviknight\n|-damage|p1a: Corviknight|42\/100\n|-heal|p1a: Corviknight|48\/100|[from] item: Leftovers\n|-heal|p2a: Branwen|19\/100|[from] item: Leftovers\n|upkeep\n|turn|22\n|\n|t:|1700770217\n|move|p1a: Corviknight|Body Press|p2a: Branwen\n|-damage|p2a: Branwen|3\/100\n|move|p2a: Branwen|Roost|p2a: Branwen\n|-heal|p2a: Branwen|53\/100\n|-singleturn|p2a: Branwen|move: Roost\n|\n|-heal|p1a: Corviknight|54\/100|[from] item: Leftovers\n|-heal|p2a: Branwen|59\/100|[from] item: Leftovers\n|upkeep\n|turn|23\n|\n|t:|1700770240\n|switch|p1a: Walking Wake|Walking Wake|100\/100\n|move|p2a: Branwen|Roost|p2a: Branwen\n|-heal|p2a: Branwen|100\/100\n|-singleturn|p2a: Branwen|move: Roost\n|\n|upkeep\n|turn|24\n|\n|t:|1700770261\n|move|p1a: Walking Wake|Flamethrower|p2a: Branwen\n|-supereffective|p2a: Branwen\n|-damage|p2a: Branwen|8\/100\n|move|p2a: Branwen|U-turn|p1a: Walking Wake\n|-damage|p1a: Walking Wake|84\/100\n|\n|t:|1700770290\n|switch|p2a: Merlin|Slowking, M|81\/100|[from] U-turn\n|\n|upkeep\n|turn|25\n|\n|t:|1700770316\n|-end|p1a: Walking Wake|Protosynthesis|[silent]\n|switch|p1a: Toxapex|Toxapex, F|100\/100\n|move|p2a: Merlin|Future Sight|p1a: Toxapex\n|-start|p2a: Merlin|move: Future Sight\n|\n|upkeep\n|turn|26\n|\n|t:|1700770348\n|move|p1a: Toxapex|Toxic Spikes|p2a: Merlin\n|-sidestart|p2: AureliaZion|move: Toxic Spikes\n|move|p2a: Merlin|Surf|p1a: Toxapex\n|-resisted|p1a: Toxapex\n|-damage|p1a: Toxapex|91\/100\n|\n|upkeep\n|turn|27\n|\n|t:|1700770357\n|move|p1a: Toxapex|Toxic Spikes||[still]\n|-fail|p1a: Toxapex\n|move|p2a: Merlin|Future Sight||[still]\n|-fail|p2a: Merlin\n|\n|-end|p1a: Toxapex|move: Future Sight\n|-supereffective|p1a: Toxapex\n|-damage|p1a: Toxapex|37\/100\n|upkeep\n|turn|28\n|\n|t:|1700770368\n|switch|p1a: Corviknight|Corviknight, M|54\/100\n|move|p2a: Merlin|Future Sight|p1a: Corviknight\n|-start|p2a: Merlin|move: Future Sight\n|\n|-heal|p1a: Corviknight|60\/100|[from] item: Leftovers\n|upkeep\n|turn|29\n|\n|t:|1700770377\n|move|p1a: Corviknight|Body Press|p2a: Merlin\n|-resisted|p2a: Merlin\n|-damage|p2a: Merlin|68\/100\n|move|p2a: Merlin|Surf|p1a: Corviknight\n|-crit|p1a: Corviknight\n|-damage|p1a: Corviknight|18\/100\n|\n|-heal|p1a: Corviknight|24\/100|[from] item: Leftovers\n|upkeep\n|turn|30\n|\n|t:|1700770411\n|switch|p2a: Nobunaga|Kingambit, M, tera:Fire|100\/100\n|-status|p2a: Nobunaga|tox\n|-activate|p2a: Nobunaga|ability: Supreme Overlord\n|-start|p2a: Nobunaga|fallen1|[silent]\n|move|p1a: Corviknight|Roost|p1a: Corviknight\n|-heal|p1a: Corviknight|74\/100\n|-singleturn|p1a: Corviknight|move: Roost\n|\n|-end|p1a: Corviknight|move: Future Sight\n|-resisted|p1a: Corviknight\n|-damage|p1a: Corviknight|53\/100\n|-heal|p1a: Corviknight|59\/100|[from] item: Leftovers\n|-damage|p2a: Nobunaga|94\/100 tox|[from] psn\n|upkeep\n|turn|31\n|\n|t:|1700770445\n|switch|p1a: Walking Wake|Walking Wake|84\/100\n|move|p2a: Nobunaga|Swords Dance|p2a: Nobunaga\n|-boost|p2a: Nobunaga|atk|2\n|\n|-heal|p2a: Nobunaga|100\/100 tox|[from] item: Leftovers\n|-damage|p2a: Nobunaga|88\/100 tox|[from] psn\n|upkeep\n|turn|32\n|\n|t:|1700770476\n|-end|p2a: Nobunaga|fallen1|[silent]\n|switch|p2a: Merlin|Slowking, M|100\/100\n|move|p1a: Walking Wake|Flamethrower|p2a: Merlin\n|-resisted|p2a: Merlin\n|-damage|p2a: Merlin|86\/100\n|\n|upkeep\n|turn|33\n|\n|t:|1700770486\n|-end|p1a: Walking Wake|Protosynthesis|[silent]\n|switch|p1a: Corviknight|Corviknight, M|59\/100\n|move|p2a: Merlin|Future Sight|p1a: Corviknight\n|-start|p2a: Merlin|move: Future Sight\n|\n|-heal|p1a: Corviknight|66\/100|[from] item: Leftovers\n|upkeep\n|turn|34\n|\n|t:|1700770509\n|move|p1a: Corviknight|Brave Bird|p2a: Merlin\n|-damage|p2a: Merlin|51\/100\n|-damage|p1a: Corviknight|54\/100|[from] Recoil\n|move|p2a: Merlin|Surf|p1a: Corviknight\n|-damage|p1a: Corviknight|26\/100\n|\n|-heal|p1a: Corviknight|33\/100|[from] item: Leftovers\n|upkeep\n|turn|35\n|\n|t:|1700770520\n|move|p1a: Corviknight|Roost|p1a: Corviknight\n|-heal|p1a: Corviknight|83\/100\n|-singleturn|p1a: Corviknight|move: Roost\n|move|p2a: Merlin|Surf|p1a: Corviknight\n|-damage|p1a: Corviknight|52\/100\n|\n|-end|p1a: Corviknight|move: Future Sight\n|-resisted|p1a: Corviknight\n|-damage|p1a: Corviknight|33\/100\n|-heal|p1a: Corviknight|39\/100|[from] item: Leftovers\n|upkeep\n|turn|36\n|\n|t:|1700770538\n|move|p1a: Corviknight|Roost|p1a: Corviknight\n|-heal|p1a: Corviknight|89\/100\n|-singleturn|p1a: Corviknight|move: Roost\n|move|p2a: Merlin|Future Sight|p1a: Corviknight\n|-start|p2a: Merlin|move: Future Sight\n|\n|-heal|p1a: Corviknight|95\/100|[from] item: Leftovers\n|upkeep\n|turn|37\n|\n|t:|1700770547\n|move|p1a: Corviknight|Brave Bird|p2a: Merlin\n|-damage|p2a: Merlin|10\/100\n|-damage|p1a: Corviknight|82\/100|[from] Recoil\n|move|p2a: Merlin|Slack Off|p2a: Merlin\n|-heal|p2a: Merlin|60\/100\n|\n|-heal|p1a: Corviknight|88\/100|[from] item: Leftovers\n|upkeep\n|turn|38\n|\n|t:|1700770563\n|move|p1a: Corviknight|Brave Bird|p2a: Merlin\n|-damage|p2a: Merlin|20\/100\n|-damage|p1a: Corviknight|75\/100|[from] Recoil\n|move|p2a: Merlin|Slack Off|p2a: Merlin\n|-heal|p2a: Merlin|70\/100\n|\n|-end|p1a: Corviknight|move: Future Sight\n|-resisted|p1a: Corviknight\n|-damage|p1a: Corviknight|56\/100\n|-heal|p1a: Corviknight|62\/100|[from] item: Leftovers\n|upkeep\n|turn|39\n|\n|t:|1700770587\n|move|p1a: Corviknight|Brave Bird|p2a: Merlin\n|-damage|p2a: Merlin|34\/100\n|-damage|p1a: Corviknight|50\/100|[from] Recoil\n|move|p2a: Merlin|Surf|p1a: Corviknight\n|-damage|p1a: Corviknight|19\/100\n|\n|-heal|p1a: Corviknight|26\/100|[from] item: Leftovers\n|upkeep\n|turn|40\n|\n|t:|1700770600\n|switch|p2a: Nobunaga|Kingambit, M, tera:Fire|88\/100 tox\n|-activate|p2a: Nobunaga|ability: Supreme Overlord\n|-start|p2a: Nobunaga|fallen1|[silent]\n|move|p1a: Corviknight|Roost|p1a: Corviknight\n|-heal|p1a: Corviknight|76\/100\n|-singleturn|p1a: Corviknight|move: Roost\n|\n|-heal|p2a: Nobunaga|94\/100 tox|[from] item: Leftovers\n|-heal|p1a: Corviknight|82\/100|[from] item: Leftovers\n|-damage|p2a: Nobunaga|88\/100 tox|[from] psn\n|upkeep\n|turn|41\n|\n|t:|1700770620\n|switch|p1a: Toxapex|Toxapex, F|71\/100\n|move|p2a: Nobunaga|Kowtow Cleave|p1a: Toxapex\n|-damage|p1a: Toxapex|28\/100\n|\n|-heal|p2a: Nobunaga|94\/100 tox|[from] item: Leftovers\n|-damage|p2a: Nobunaga|82\/100 tox|[from] psn\n|upkeep\n|turn|42\n|\n|t:|1700770637\n|move|p2a: Nobunaga|Sucker Punch||[still]\n|-fail|p2a: Nobunaga\n|move|p1a: Toxapex|Recover|p1a: Toxapex\n|-heal|p1a: Toxapex|78\/100\n|\n|-heal|p2a: Nobunaga|88\/100 tox|[from] item: Leftovers\n|-damage|p2a: Nobunaga|70\/100 tox|[from] psn\n|upkeep\n|turn|43\n|\n|t:|1700770657\n|-end|p2a: Nobunaga|fallen1|[silent]\n|switch|p2a: Merlin|Slowking, M|68\/100\n|move|p1a: Toxapex|Surf|p2a: Merlin\n|-resisted|p2a: Merlin\n|-damage|p2a: Merlin|62\/100\n|\n|upkeep\n|turn|44\n|\n|t:|1700770682\n|switch|p1a: Walking Wake|Walking Wake|84\/100\n|move|p2a: Merlin|Future Sight|p1a: Walking Wake\n|-start|p2a: Merlin|move: Future Sight\n|\n|upkeep\n|turn|45\n|\n|t:|1700770716\n|move|p1a: Walking Wake|Draco Meteor|p2a: Merlin\n|-damage|p2a: Merlin|1\/100\n|-unboost|p1a: Walking Wake|spa|2\n|move|p2a: Merlin|Chilly Reception|p2a: Merlin\n|-weather|Snow\n|\n|t:|1700770728\n|switch|p2a: Dimitri|Iron Valiant|76\/100 psn|[from] Chilly Reception\n|\n|-weather|Snow|[upkeep]\n|-damage|p2a: Dimitri|63\/100 psn|[from] psn\n|upkeep\n|turn|46\n|\n|t:|1700770738\n|-end|p1a: Walking Wake|Protosynthesis|[silent]\n|switch|p1a: Gardevoir|Gardevoir, F|100\/100\n|move|p2a: Dimitri|Moonblast|p1a: Gardevoir\n|-crit|p1a: Gardevoir\n|-damage|p1a: Gardevoir|22\/100\n|\n|-weather|Snow|[upkeep]\n|-end|p1a: Gardevoir|move: Future Sight\n|-resisted|p1a: Gardevoir\n|-damage|p1a: Gardevoir|0 fnt\n|faint|p1a: Gardevoir\n|-damage|p2a: Dimitri|51\/100 psn|[from] psn\n|upkeep\n|\n|t:|1700770752\n|switch|p1a: Corviknight|Corviknight, M|82\/100\n|turn|47\n|\n|t:|1700770794\n|-end|p2a: Dimitri|Quark Drive|[silent]\n|switch|p2a: Branwen|Corviknight, M|8\/100\n|move|p1a: Corviknight|Brave Bird|p2a: Branwen\n|-resisted|p2a: Branwen\n|-damage|p2a: Branwen|0 fnt\n|faint|p2a: Branwen\n|-damage|p1a: Corviknight|79\/100|[from] Recoil\n|\n|-weather|Snow|[upkeep]\n|-heal|p1a: Corviknight|86\/100|[from] item: Leftovers\n|upkeep\n|\n|t:|1700770815\n|switch|p2a: Nobunaga|Kingambit, M, tera:Fire|70\/100 tox\n|-activate|p2a: Nobunaga|ability: Supreme Overlord\n|-start|p2a: Nobunaga|fallen2|[silent]\n|turn|48\n|\n|t:|1700770834\n|move|p2a: Nobunaga|Kowtow Cleave|p1a: Corviknight\n|-crit|p1a: Corviknight\n|-damage|p1a: Corviknight|31\/100\n|move|p1a: Corviknight|Body Press|p2a: Nobunaga\n|-damage|p2a: Nobunaga|49\/100 tox\n|\n|-weather|Snow|[upkeep]\n|-heal|p2a: Nobunaga|55\/100 tox|[from] item: Leftovers\n|-heal|p1a: Corviknight|38\/100|[from] item: Leftovers\n|-damage|p2a: Nobunaga|49\/100 tox|[from] psn\n|upkeep\n|turn|49\n|\n|t:|1700770852\n|move|p2a: Nobunaga|Kowtow Cleave|p1a: Corviknight\n|-damage|p1a: Corviknight|3\/100\n|move|p1a: Corviknight|Roost|p1a: Corviknight\n|-heal|p1a: Corviknight|53\/100\n|-singleturn|p1a: Corviknight|move: Roost\n|\n|-weather|none\n|-heal|p2a: Nobunaga|55\/100 tox|[from] item: Leftovers\n|-heal|p1a: Corviknight|59\/100|[from] item: Leftovers\n|-damage|p2a: Nobunaga|43\/100 tox|[from] psn\n|upkeep\n|turn|50\n|l|\u2606Lawrence1307\n|player|p1|\n|\n|t:|1700770896\n|-end|p2a: Nobunaga|fallen2|[silent]\n|switch|p2a: Atlas|Great Tusk|100\/100\n|move|p1a: Corviknight|Brave Bird|p2a: Atlas\n|-supereffective|p2a: Atlas\n|-damage|p2a: Atlas|67\/100\n|-damage|p1a: Corviknight|47\/100|[from] Recoil\n|\n|-heal|p1a: Corviknight|54\/100|[from] item: Leftovers\n|upkeep\n|turn|51\n|inactive|Battle timer is ON: inactive players will automatically lose when time's up. (requested by AureliaZion)\n|inactive|Lawrence1307 has 30 seconds to reconnect!\n|inactive|Lawrence1307 has 20 seconds to reconnect!\n|inactive|Lawrence1307 has 15 seconds to reconnect!\n|inactive|Lawrence1307 has 10 seconds to reconnect!\n|inactive|Lawrence1307 has 5 seconds to reconnect!\n|-message|Lawrence1307 lost due to inactivity.\n|\n|win|AureliaZion\n|raw|Lawrence1307's rating: 1000 &rarr; <strong>1000<\/strong><br \/>(+0 for losing)\n|raw|AureliaZion's rating: 1000 &rarr; <strong>1040<\/strong><br \/>(+40 for winning)\n","uploadtime":1700771027,"views":5,"p1id":"lawrence1307","p2id":"aureliazion","formatid":"gen9ou","rating":1000,"private":0,"password":""}