{"id":"gen9ou-1991765041","p1":"iwishihadmyname","p2":"Gooaah","format":"[Gen 9] OU","log":"|j|\u2606iwishihadmyname\n|j|\u2606Gooaah\n|t:|1700113261\n|gametype|singles\n|player|p1|iwishihadmyname|nate|1093\n|player|p2|Gooaah|veteranf|1179\n|teamsize|p1|6\n|teamsize|p2|6\n|gen|9\n|tier|[Gen 9] OU\n|rated|\n|rule|Sleep Clause Mod: Limit one foe put to sleep\n|rule|Species Clause: Limit one of each Pok\u00e9mon\n|rule|OHKO Clause: OHKO moves are banned\n|rule|Evasion Items Clause: Evasion items are banned\n|rule|Evasion Moves Clause: Evasion moves are banned\n|rule|Endless Battle Clause: Forcing endless battles is banned\n|rule|HP Percentage Mod: HP is shown in percentages\n|clearpoke\n|poke|p1|Pelipper, M|\n|poke|p1|Alomomola, F|\n|poke|p1|Zapdos|\n|poke|p1|Cinderace, M|\n|poke|p1|Manaphy|\n|poke|p1|Dondozo, M|\n|poke|p2|Ninetales, F|\n|poke|p2|Walking Wake|\n|poke|p2|Ceruledge, F|\n|poke|p2|Skeledirge, M|\n|poke|p2|Great Tusk|\n|poke|p2|Torkoal, M|\n|teampreview\n|inactive|Battle timer is ON: inactive players will automatically lose when time's up. (requested by Gooaah)\n|\n|t:|1700113274\n|start\n|switch|p1a: Alomomola|Alomomola, F, shiny|100\/100\n|switch|p2a: Great Tusk|Great Tusk|100\/100\n|turn|1\n|\n|t:|1700113282\n|-terastallize|p2a: Great Tusk|Fighting\n|move|p2a: Great Tusk|Close Combat|p1a: Alomomola\n|-damage|p1a: Alomomola|33\/100\n|-unboost|p2a: Great Tusk|def|1\n|-unboost|p2a: Great Tusk|spd|1\n|move|p1a: Alomomola|Rain Dance|p1a: Alomomola\n|-weather|RainDance\n|\n|-weather|RainDance|[upkeep]\n|upkeep\n|turn|2\n|\n|t:|1700113293\n|switch|p1a: Zapdos|Zapdos, shiny|100\/100\n|move|p2a: Great Tusk|Knock Off|p1a: Zapdos\n|-damage|p1a: Zapdos|56\/100\n|-enditem|p1a: Zapdos|Heavy-Duty Boots|[from] move: Knock Off|[of] p2a: Great Tusk\n|\n|-weather|RainDance|[upkeep]\n|upkeep\n|turn|3\n|\n|t:|1700113304\n|-end|p2a: Great Tusk|Protosynthesis|[silent]\n|switch|p2a: Torkoal|Torkoal, M|100\/100\n|-weather|SunnyDay|[from] ability: Drought|[of] p2a: Torkoal\n|move|p1a: Zapdos|Hurricane|p2a: Torkoal\n|-damage|p2a: Torkoal|25\/100\n|\n|-weather|SunnyDay|[upkeep]\n|upkeep\n|turn|4\n|\n|t:|1700113315\n|move|p1a: Zapdos|Heat Wave|p2a: Torkoal\n|-resisted|p2a: Torkoal\n|-damage|p2a: Torkoal|0 fnt\n|faint|p2a: Torkoal\n|\n|-weather|SunnyDay|[upkeep]\n|upkeep\n|\n|t:|1700113320\n|switch|p2a: Walking Wake|Walking Wake|100\/100\n|-activate|p2a: Walking Wake|ability: Protosynthesis\n|-start|p2a: Walking Wake|protosynthesisspa\n|turn|5\n|\n|t:|1700113328\n|move|p2a: Walking Wake|Hydro Steam|p1a: Zapdos\n|-damage|p1a: Zapdos|0 fnt\n|faint|p1a: Zapdos\n|\n|-weather|SunnyDay|[upkeep]\n|upkeep\n|\n|t:|1700113335\n|switch|p1a: Pelipper|Pelipper, M|100\/100\n|-weather|RainDance|[from] ability: Drizzle|[of] p1a: Pelipper\n|-end|p2a: Walking Wake|Protosynthesis\n|turn|6\n|\n|t:|1700113341\n|-end|p2a: Walking Wake|Protosynthesis|[silent]\n|switch|p2a: Great Tusk|Great Tusk, tera:Fighting|100\/100\n|move|p1a: Pelipper|Knock Off|p2a: Great Tusk\n|-resisted|p2a: Great Tusk\n|-damage|p2a: Great Tusk|96\/100\n|-enditem|p2a: Great Tusk|Heavy-Duty Boots|[from] move: Knock Off|[of] p1a: Pelipper\n|\n|-weather|RainDance|[upkeep]\n|upkeep\n|turn|7\n|\n|t:|1700113351\n|move|p2a: Great Tusk|Rapid Spin|p1a: Pelipper\n|-damage|p1a: Pelipper|81\/100\n|-boost|p2a: Great Tusk|spe|1\n|move|p1a: Pelipper|Tailwind|p1a: Pelipper\n|-sidestart|p1: iwishihadmyname|move: Tailwind\n|\n|-weather|RainDance|[upkeep]\n|upkeep\n|turn|8\n|\n|t:|1700113359\n|move|p1a: Pelipper|Hurricane|p2a: Great Tusk\n|-supereffective|p2a: Great Tusk\n|-damage|p2a: Great Tusk|0 fnt\n|faint|p2a: Great Tusk\n|-end|p2a: Great Tusk|Protosynthesis|[silent]\n|\n|-weather|RainDance|[upkeep]\n|upkeep\n|\n|t:|1700113362\n|switch|p2a: Ninetales|Ninetales, F|100\/100\n|-weather|SunnyDay|[from] ability: Drought|[of] p2a: Ninetales\n|turn|9\n|\n|t:|1700113378\n|switch|p1a: Cinderace|Cinderace, M, shiny|100\/100\n|move|p2a: Ninetales|Will-O-Wisp|p1a: Cinderace\n|-immune|p1a: Cinderace\n|\n|-weather|SunnyDay|[upkeep]\n|upkeep\n|turn|10\n|\n|t:|1700113390\n|switch|p2a: Walking Wake|Walking Wake|100\/100\n|-activate|p2a: Walking Wake|ability: Protosynthesis\n|-start|p2a: Walking Wake|protosynthesisspa\n|move|p1a: Cinderace|Gunk Shot|p2a: Walking Wake|[miss]\n|-start|p1a: Cinderace|typechange|Poison|[from] ability: Libero\n|-miss|p1a: Cinderace|p2a: Walking Wake\n|\n|-weather|SunnyDay|[upkeep]\n|-sideend|p1: iwishihadmyname|move: Tailwind\n|upkeep\n|turn|11\n|\n|t:|1700113401\n|move|p2a: Walking Wake|Draco Meteor|p1a: Cinderace\n|-damage|p1a: Cinderace|0 fnt\n|-unboost|p2a: Walking Wake|spa|2\n|faint|p1a: Cinderace\n|\n|-weather|SunnyDay|[upkeep]\n|upkeep\n|\n|t:|1700113409\n|switch|p1a: Pelipper|Pelipper, M|81\/100\n|-weather|RainDance|[from] ability: Drizzle|[of] p1a: Pelipper\n|-end|p2a: Walking Wake|Protosynthesis\n|turn|12\n|\n|t:|1700113416\n|-end|p2a: Walking Wake|Protosynthesis|[silent]\n|switch|p2a: Ninetales|Ninetales, F|100\/100\n|-weather|SunnyDay|[from] ability: Drought|[of] p2a: Ninetales\n|move|p1a: Pelipper|Knock Off|p2a: Ninetales\n|-damage|p2a: Ninetales|84\/100\n|-enditem|p2a: Ninetales|Heat Rock|[from] move: Knock Off|[of] p1a: Pelipper\n|\n|-weather|SunnyDay|[upkeep]\n|upkeep\n|turn|13\n|\n|t:|1700113426\n|switch|p1a: Alomomola|Alomomola, F, shiny|66\/100\n|move|p2a: Ninetales|Will-O-Wisp|p1a: Alomomola\n|-status|p1a: Alomomola|brn\n|\n|-weather|SunnyDay|[upkeep]\n|-damage|p1a: Alomomola|60\/100 brn|[from] brn\n|upkeep\n|turn|14\n|\n|t:|1700113439\n|move|p2a: Ninetales|Solar Beam||[still]\n|-prepare|p2a: Ninetales|Solar Beam\n|-anim|p2a: Ninetales|Solar Beam|p1a: Alomomola\n|-supereffective|p1a: Alomomola\n|-damage|p1a: Alomomola|0 fnt\n|faint|p1a: Alomomola\n|\n|-weather|SunnyDay|[upkeep]\n|upkeep\n|\n|t:|1700113447\n|switch|p1a: Pelipper|Pelipper, M|81\/100\n|-weather|RainDance|[from] ability: Drizzle|[of] p1a: Pelipper\n|turn|15\n|\n|t:|1700113454\n|switch|p2a: Skeledirge|Skeledirge, M|100\/100\n|move|p1a: Pelipper|Tailwind|p1a: Pelipper\n|-sidestart|p1: iwishihadmyname|move: Tailwind\n|\n|-weather|RainDance|[upkeep]\n|upkeep\n|turn|16\n|\n|t:|1700113461\n|move|p1a: Pelipper|Hurricane|p2a: Skeledirge\n|-crit|p2a: Skeledirge\n|-damage|p2a: Skeledirge|61\/100\n|-start|p2a: Skeledirge|confusion\n|-activate|p2a: Skeledirge|confusion\n|-damage|p2a: Skeledirge|56\/100|[from] confusion\n|\n|-weather|RainDance|[upkeep]\n|upkeep\n|turn|17\n|\n|t:|1700113471\n|switch|p1a: Dondozo|Dondozo, M, shiny|100\/100\n|switch|p2a: Ninetales|Ninetales, F|84\/100\n|-weather|SunnyDay|[from] ability: Drought|[of] p2a: Ninetales\n|\n|-weather|SunnyDay|[upkeep]\n|upkeep\n|turn|18\n|\n|t:|1700113481\n|move|p2a: Ninetales|Will-O-Wisp|p1a: Dondozo\n|-status|p1a: Dondozo|brn\n|move|p1a: Dondozo|Yawn|p2a: Ninetales\n|-start|p2a: Ninetales|move: Yawn|[of] p1a: Dondozo\n|\n|-weather|SunnyDay|[upkeep]\n|-damage|p1a: Dondozo|94\/100 brn|[from] brn\n|-sideend|p1: iwishihadmyname|move: Tailwind\n|upkeep\n|turn|19\n|\n|t:|1700113493\n|move|p2a: Ninetales|Solar Beam||[still]\n|-prepare|p2a: Ninetales|Solar Beam\n|-anim|p2a: Ninetales|Solar Beam|p1a: Dondozo\n|-supereffective|p1a: Dondozo\n|-damage|p1a: Dondozo|37\/100 brn\n|move|p1a: Dondozo|Body Press|p2a: Ninetales\n|-damage|p2a: Ninetales|67\/100\n|\n|-weather|SunnyDay|[upkeep]\n|-heal|p1a: Dondozo|43\/100 brn|[from] item: Leftovers\n|-damage|p1a: Dondozo|37\/100 brn|[from] brn\n|-end|p2a: Ninetales|move: Yawn|[silent]\n|-status|p2a: Ninetales|slp\n|upkeep\n|turn|20\n|\n|t:|1700113507\n|switch|p2a: Ceruledge|Ceruledge, F|100\/100\n|move|p1a: Dondozo|Yawn|p2a: Ceruledge\n|-start|p2a: Ceruledge|move: Yawn|[of] p1a: Dondozo\n|\n|-weather|SunnyDay|[upkeep]\n|-heal|p1a: Dondozo|43\/100 brn|[from] item: Leftovers\n|-damage|p1a: Dondozo|37\/100 brn|[from] brn\n|upkeep\n|turn|21\n|\n|t:|1700113518\n|switch|p2a: Skeledirge|Skeledirge, M|56\/100\n|move|p1a: Dondozo|Wave Crash|p2a: Skeledirge\n|-supereffective|p2a: Skeledirge\n|-damage|p2a: Skeledirge|34\/100\n|-damage|p1a: Dondozo|31\/100 brn|[from] Recoil\n|\n|-weather|none\n|-heal|p1a: Dondozo|37\/100 brn|[from] item: Leftovers\n|-damage|p1a: Dondozo|31\/100 brn|[from] brn\n|upkeep\n|turn|22\n|\n|t:|1700113529\n|switch|p2a: Ninetales|Ninetales, F|67\/100 slp\n|-weather|SunnyDay|[from] ability: Drought|[of] p2a: Ninetales\n|move|p1a: Dondozo|Wave Crash|p2a: Ninetales\n|-supereffective|p2a: Ninetales\n|-damage|p2a: Ninetales|26\/100 slp\n|-damage|p1a: Dondozo|24\/100 brn|[from] Recoil\n|\n|-weather|SunnyDay|[upkeep]\n|-heal|p1a: Dondozo|30\/100 brn|[from] item: Leftovers\n|-damage|p1a: Dondozo|24\/100 brn|[from] brn\n|upkeep\n|turn|23\n|\n|t:|1700113542\n|switch|p2a: Walking Wake|Walking Wake|100\/100\n|-activate|p2a: Walking Wake|ability: Protosynthesis\n|-start|p2a: Walking Wake|protosynthesisspa\n|move|p1a: Dondozo|Wave Crash|p2a: Walking Wake\n|-resisted|p2a: Walking Wake\n|-damage|p2a: Walking Wake|97\/100\n|-damage|p1a: Dondozo|23\/100 brn|[from] Recoil\n|\n|-weather|SunnyDay|[upkeep]\n|-heal|p1a: Dondozo|29\/100 brn|[from] item: Leftovers\n|-damage|p1a: Dondozo|23\/100 brn|[from] brn\n|upkeep\n|turn|24\n|\n|t:|1700113554\n|move|p2a: Walking Wake|Draco Meteor|p1a: Dondozo\n|-crit|p1a: Dondozo\n|-damage|p1a: Dondozo|0 fnt\n|-unboost|p2a: Walking Wake|spa|2\n|faint|p1a: Dondozo\n|\n|-weather|SunnyDay|[upkeep]\n|upkeep\n|\n|t:|1700113562\n|switch|p1a: Pelipper|Pelipper, M|81\/100\n|-weather|RainDance|[from] ability: Drizzle|[of] p1a: Pelipper\n|-end|p2a: Walking Wake|Protosynthesis\n|turn|25\n|\n|t:|1700113569\n|-end|p2a: Walking Wake|Protosynthesis|[silent]\n|switch|p2a: Ninetales|Ninetales, F|26\/100 slp\n|-weather|SunnyDay|[from] ability: Drought|[of] p2a: Ninetales\n|move|p1a: Pelipper|Tailwind|p1a: Pelipper\n|-sidestart|p1: iwishihadmyname|move: Tailwind\n|\n|-weather|SunnyDay|[upkeep]\n|upkeep\n|turn|26\n|\n|t:|1700113577\n|move|p1a: Pelipper|Chilling Water|p2a: Ninetales\n|-supereffective|p2a: Ninetales\n|-damage|p2a: Ninetales|7\/100 slp\n|-unboost|p2a: Ninetales|atk|1\n|cant|p2a: Ninetales|slp\n|\n|-weather|SunnyDay|[upkeep]\n|upkeep\n|turn|27\n|\n|t:|1700113586\n|move|p1a: Pelipper|Chilling Water|p2a: Ninetales\n|-supereffective|p2a: Ninetales\n|-damage|p2a: Ninetales|0 fnt\n|faint|p2a: Ninetales\n|\n|-weather|SunnyDay|[upkeep]\n|upkeep\n|\n|t:|1700113589\n|switch|p2a: Walking Wake|Walking Wake|97\/100\n|-activate|p2a: Walking Wake|ability: Protosynthesis\n|-start|p2a: Walking Wake|protosynthesisspa\n|turn|28\n|\n|t:|1700113597\n|move|p1a: Pelipper|Knock Off|p2a: Walking Wake\n|-damage|p2a: Walking Wake|85\/100\n|-enditem|p2a: Walking Wake|Choice Scarf|[from] move: Knock Off|[of] p1a: Pelipper\n|move|p2a: Walking Wake|Draco Meteor|p1a: Pelipper\n|-crit|p1a: Pelipper\n|-damage|p1a: Pelipper|0 fnt\n|-unboost|p2a: Walking Wake|spa|2\n|faint|p1a: Pelipper\n|\n|-weather|SunnyDay|[upkeep]\n|-sideend|p1: iwishihadmyname|move: Tailwind\n|upkeep\n|\n|t:|1700113609\n|switch|p1a: Manaphy|Manaphy, shiny|100\/100\n|turn|29\n|\n|t:|1700113613\n|move|p2a: Walking Wake|Draco Meteor|p1a: Manaphy\n|-damage|p1a: Manaphy|59\/100\n|-unboost|p2a: Walking Wake|spa|2\n|move|p1a: Manaphy|Tail Glow|p1a: Manaphy\n|-boost|p1a: Manaphy|spa|3\n|\n|-weather|none\n|-end|p2a: Walking Wake|Protosynthesis\n|upkeep\n|turn|30\n|\n|t:|1700113626\n|-terastallize|p1a: Manaphy|Fairy\n|move|p2a: Walking Wake|Draco Meteor|p1a: Manaphy\n|-immune|p1a: Manaphy\n|move|p1a: Manaphy|Tail Glow|p1a: Manaphy\n|-boost|p1a: Manaphy|spa|3\n|\n|upkeep\n|turn|31\n|\n|t:|1700113634\n|move|p2a: Walking Wake|Hydro Steam|p1a: Manaphy\n|-damage|p1a: Manaphy|46\/100\n|move|p1a: Manaphy|Dazzling Gleam|p2a: Walking Wake\n|-supereffective|p2a: Walking Wake\n|-damage|p2a: Walking Wake|0 fnt\n|faint|p2a: Walking Wake\n|-end|p2a: Walking Wake|Protosynthesis|[silent]\n|\n|upkeep\n|\n|t:|1700113637\n|switch|p2a: Ceruledge|Ceruledge, F|100\/100\n|turn|32\n|\n|t:|1700113646\n|move|p1a: Manaphy|Scald|p2a: Ceruledge\n|-supereffective|p2a: Ceruledge\n|-crit|p2a: Ceruledge\n|-enditem|p2a: Ceruledge|Focus Sash\n|-damage|p2a: Ceruledge|1\/100\n|move|p2a: Ceruledge|Bitter Blade|p1a: Manaphy\n|-damage|p1a: Manaphy|4\/100\n|-heal|p2a: Ceruledge|29\/100|[from] drain|[of] p1a: Manaphy\n|\n|upkeep\n|turn|33\n|\n|t:|1700113656\n|move|p2a: Ceruledge|Shadow Sneak|p1a: Manaphy\n|-damage|p1a: Manaphy|0 fnt\n|faint|p1a: Manaphy\n|\n|win|Gooaah\n|raw|iwishihadmyname's rating: 1093 &rarr; <strong>1073<\/strong><br \/>(-20 for losing)\n|raw|Gooaah's rating: 1150 &rarr; <strong>1171<\/strong><br \/>(+21 for winning)\n","uploadtime":1700113659,"views":12,"p1id":"iwishihadmyname","p2id":"gooaah","formatid":"gen9ou","rating":1073,"private":0,"password":""}