{"id":"gen9ou-1999871856","p1":"batonpassabuser","p2":"lhdeutsch2","format":"[Gen 9] OU","log":"|j|\u2606batonpassabuser\n|j|\u2606lhdeutsch2\n|t:|1701124860\n|gametype|singles\n|player|p1|batonpassabuser|unknown|1202\n|player|p2|lhdeutsch2|acetrainer-gen4|1219\n|teamsize|p1|6\n|teamsize|p2|6\n|gen|9\n|tier|[Gen 9] OU\n|rated|\n|rule|Sleep Clause Mod: Limit one foe put to sleep\n|rule|Species Clause: Limit one of each Pok\u00e9mon\n|rule|OHKO Clause: OHKO moves are banned\n|rule|Evasion Items Clause: Evasion items are banned\n|rule|Evasion Moves Clause: Evasion moves are banned\n|rule|Endless Battle Clause: Forcing endless battles is banned\n|rule|HP Percentage Mod: HP is shown in percentages\n|clearpoke\n|poke|p1|Toxtricity, F|\n|poke|p1|Corviknight, F|\n|poke|p1|Umbreon, M|\n|poke|p1|Kleavor, M|\n|poke|p1|Gholdengo|\n|poke|p1|Rotom-Wash|\n|poke|p2|Dudunsparce-*, M|\n|poke|p2|Sinistcha|\n|poke|p2|Hatterene, F|\n|poke|p2|Quagsire, M|\n|poke|p2|Moltres|\n|poke|p2|Muk-Alola, M|\n|teampreview\n|inactive|Battle timer is ON: inactive players will automatically lose when time's up. (requested by batonpassabuser)\n|\n|t:|1701124867\n|start\n|switch|p1a: Toxtricity|Toxtricity, F|100\/100\n|switch|p2a: Muk|Muk-Alola, M|100\/100\n|turn|1\n|\n|t:|1701124876\n|switch|p1a: Corviknight|Corviknight, F|100\/100\n|-ability|p1a: Corviknight|Pressure\n|move|p2a: Muk|Knock Off|p1a: Corviknight\n|-damage|p1a: Corviknight|69\/100\n|-enditem|p1a: Corviknight|Leftovers|[from] move: Knock Off|[of] p2a: Muk\n|\n|upkeep\n|turn|2\n|\n|t:|1701124896\n|switch|p2a: Hatterene|Hatterene, F|100\/100\n|move|p1a: Corviknight|Roost|p1a: Corviknight\n|-heal|p1a: Corviknight|100\/100\n|-singleturn|p1a: Corviknight|move: Roost\n|\n|upkeep\n|turn|3\n|\n|t:|1701124901\n|move|p1a: Corviknight|U-turn|p2a: Hatterene\n|-damage|p2a: Hatterene|88\/100\n|\n|t:|1701124905\n|switch|p1a: Toxtricity|Toxtricity, F|100\/100|[from] U-turn\n|move|p2a: Hatterene|Calm Mind|p2a: Hatterene\n|-boost|p2a: Hatterene|spa|1\n|-boost|p2a: Hatterene|spd|1\n|\n|upkeep\n|turn|4\n|\n|t:|1701124912\n|-terastallize|p1a: Toxtricity|Normal\n|-terastallize|p2a: Hatterene|Steel\n|move|p1a: Toxtricity|Boomburst|p2a: Hatterene\n|-resisted|p2a: Hatterene\n|-damage|p2a: Hatterene|39\/100\n|move|p2a: Hatterene|Psyshock|p1a: Toxtricity\n|-damage|p1a: Toxtricity|16\/100\n|\n|upkeep\n|turn|5\n|\n|t:|1701124922\n|switch|p2a: Sinistcha|Sinistcha|100\/100\n|move|p1a: Toxtricity|Boomburst|p2a: Sinistcha\n|-immune|p2a: Sinistcha\n|\n|upkeep\n|turn|6\n|\n|t:|1701124930\n|switch|p1a: Gholdengo|Gholdengo|100\/100\n|move|p2a: Sinistcha|Matcha Gotcha|p1a: Gholdengo\n|-resisted|p1a: Gholdengo\n|-damage|p1a: Gholdengo|85\/100\n|\n|upkeep\n|turn|7\n|\n|t:|1701124939\n|switch|p1a: Rotom|Rotom-Wash|100\/100\n|switch|p2a: Dudunsparce|Dudunsparce, M|100\/100\n|\n|upkeep\n|turn|8\n|\n|t:|1701124942\n|move|p1a: Rotom|Trick|p2a: Dudunsparce\n|-activate|p1a: Rotom|move: Trick|[of] p2a: Dudunsparce\n|-item|p2a: Dudunsparce|Choice Scarf|[from] move: Trick\n|-item|p1a: Rotom|Life Orb|[from] move: Trick\n|move|p2a: Dudunsparce|Boomburst|p1a: Rotom\n|-damage|p1a: Rotom|38\/100\n|\n|upkeep\n|turn|9\n|\n|t:|1701124951\n|switch|p2a: Muk|Muk-Alola, M|100\/100\n|switch|p1a: Gholdengo|Gholdengo|85\/100\n|\n|upkeep\n|turn|10\n|\n|t:|1701124955\n|switch|p1a: Corviknight|Corviknight, F|100\/100\n|-ability|p1a: Corviknight|Pressure\n|move|p2a: Muk|Knock Off|p1a: Corviknight\n|-damage|p1a: Corviknight|83\/100\n|\n|upkeep\n|turn|11\n|\n|t:|1701124959\n|switch|p2a: Hatterene|Hatterene, F, tera:Steel|39\/100\n|move|p1a: Corviknight|U-turn|p2a: Hatterene\n|-resisted|p2a: Hatterene\n|-damage|p2a: Hatterene|33\/100\n|\n|t:|1701124964\n|switch|p1a: Toxtricity|Toxtricity, F, tera:Normal|16\/100|[from] U-turn\n|\n|upkeep\n|turn|12\n|\n|t:|1701124968\n|move|p1a: Toxtricity|Overdrive|p2a: Hatterene\n|-damage|p2a: Hatterene|0 fnt\n|faint|p2a: Hatterene\n|\n|upkeep\n|\n|t:|1701124971\n|switch|p2a: Muk|Muk-Alola, M|100\/100\n|turn|13\n|\n|t:|1701124976\n|switch|p1a: Corviknight|Corviknight, F|83\/100\n|-ability|p1a: Corviknight|Pressure\n|move|p2a: Muk|Shadow Sneak|p1a: Corviknight\n|-damage|p1a: Corviknight|75\/100\n|\n|upkeep\n|turn|14\n|\n|t:|1701124982\n|switch|p2a: Sinistcha|Sinistcha|100\/100\n|move|p1a: Corviknight|U-turn|p2a: Sinistcha\n|-damage|p2a: Sinistcha|90\/100\n|-damage|p1a: Corviknight|59\/100|[from] item: Rocky Helmet|[of] p2a: Sinistcha\n|\n|t:|1701124989\n|switch|p1a: Kleavor|Kleavor, M|100\/100|[from] U-turn\n|\n|upkeep\n|turn|15\n|\n|t:|1701124995\n|move|p1a: Kleavor|Night Slash|p2a: Sinistcha\n|-supereffective|p2a: Sinistcha\n|-damage|p2a: Sinistcha|38\/100\n|-damage|p1a: Kleavor|84\/100|[from] item: Rocky Helmet|[of] p2a: Sinistcha\n|move|p2a: Sinistcha|Strength Sap|p1a: Kleavor\n|-unboost|p1a: Kleavor|atk|1\n|-heal|p2a: Sinistcha|100\/100\n|\n|upkeep\n|turn|16\n|\n|t:|1701125002\n|switch|p1a: Corviknight|Corviknight, F|59\/100\n|-ability|p1a: Corviknight|Pressure\n|move|p2a: Sinistcha|Matcha Gotcha|p1a: Corviknight\n|-resisted|p1a: Corviknight\n|-damage|p1a: Corviknight|50\/100\n|\n|upkeep\n|turn|17\n|\n|t:|1701125011\n|move|p2a: Sinistcha|Scald|p1a: Corviknight\n|-damage|p1a: Corviknight|29\/100\n|move|p1a: Corviknight|Roost|p1a: Corviknight\n|-heal|p1a: Corviknight|79\/100\n|-singleturn|p1a: Corviknight|move: Roost\n|\n|upkeep\n|turn|18\n|\n|t:|1701125015\n|move|p2a: Sinistcha|Scald|p1a: Corviknight\n|-damage|p1a: Corviknight|58\/100\n|move|p1a: Corviknight|U-turn|p2a: Sinistcha\n|-damage|p2a: Sinistcha|91\/100\n|-damage|p1a: Corviknight|41\/100|[from] item: Rocky Helmet|[of] p2a: Sinistcha\n|\n|t:|1701125024\n|switch|p1a: Umbreon|Umbreon, M|100\/100|[from] U-turn\n|\n|upkeep\n|turn|19\n|\n|t:|1701125028\n|switch|p2a: Muk|Muk-Alola, M|100\/100\n|move|p1a: Umbreon|Toxic|p2a: Muk\n|-immune|p2a: Muk\n|\n|upkeep\n|turn|20\n|\n|t:|1701125034\n|switch|p1a: Corviknight|Corviknight, F|41\/100\n|-ability|p1a: Corviknight|Pressure\n|move|p2a: Muk|Knock Off|p1a: Corviknight\n|-damage|p1a: Corviknight|22\/100\n|\n|upkeep\n|turn|21\n|\n|t:|1701125041\n|move|p2a: Muk|Drain Punch|p1a: Corviknight\n|-damage|p1a: Corviknight|7\/100\n|move|p1a: Corviknight|Roost|p1a: Corviknight\n|-heal|p1a: Corviknight|57\/100\n|-singleturn|p1a: Corviknight|move: Roost\n|\n|upkeep\n|turn|22\n|l|\u2606batonpassabuser\n|inactive|batonpassabuser disconnected and has a minute to reconnect!\n|player|p1|\n|j|\u2606batonpassabuser\n|inactive|batonpassabuser reconnected and has 140 seconds left.\n|player|p1|batonpassabuser|unknown\n|\n|t:|1701125057\n|switch|p2a: Dudunsparce|Dudunsparce, M|100\/100\n|move|p1a: Corviknight|Roost|p1a: Corviknight\n|-heal|p1a: Corviknight|100\/100\n|-singleturn|p1a: Corviknight|move: Roost\n|\n|upkeep\n|turn|23\n|\n|t:|1701125061\n|switch|p1a: Gholdengo|Gholdengo|85\/100\n|move|p2a: Dudunsparce|Thunderbolt|p1a: Gholdengo\n|-crit|p1a: Gholdengo\n|-damage|p1a: Gholdengo|45\/100\n|\n|upkeep\n|turn|24\n|\n|t:|1701125069\n|move|p2a: Dudunsparce|Thunderbolt|p1a: Gholdengo\n|-damage|p1a: Gholdengo|19\/100\n|move|p1a: Gholdengo|Recover|p1a: Gholdengo\n|-heal|p1a: Gholdengo|69\/100\n|\n|upkeep\n|turn|25\n|\n|t:|1701125076\n|move|p2a: Dudunsparce|Thunderbolt|p1a: Gholdengo\n|-damage|p1a: Gholdengo|43\/100\n|move|p1a: Gholdengo|Shadow Ball|p2a: Dudunsparce\n|-immune|p2a: Dudunsparce\n|\n|upkeep\n|turn|26\n|\n|t:|1701125080\n|move|p2a: Dudunsparce|Thunderbolt|p1a: Gholdengo\n|-damage|p1a: Gholdengo|18\/100\n|move|p1a: Gholdengo|Recover|p1a: Gholdengo\n|-heal|p1a: Gholdengo|68\/100\n|\n|upkeep\n|turn|27\n|\n|t:|1701125083\n|move|p2a: Dudunsparce|Thunderbolt|p1a: Gholdengo\n|-damage|p1a: Gholdengo|43\/100\n|move|p1a: Gholdengo|Recover|p1a: Gholdengo\n|-heal|p1a: Gholdengo|93\/100\n|\n|upkeep\n|turn|28\n|\n|t:|1701125087\n|move|p2a: Dudunsparce|Thunderbolt|p1a: Gholdengo\n|-crit|p1a: Gholdengo\n|-damage|p1a: Gholdengo|52\/100\n|move|p1a: Gholdengo|Nasty Plot|p1a: Gholdengo\n|-boost|p1a: Gholdengo|spa|2\n|\n|upkeep\n|turn|29\n|\n|t:|1701125091\n|move|p2a: Dudunsparce|Thunderbolt|p1a: Gholdengo\n|-damage|p1a: Gholdengo|28\/100\n|move|p1a: Gholdengo|Recover|p1a: Gholdengo\n|-heal|p1a: Gholdengo|78\/100\n|\n|upkeep\n|turn|30\n|\n|t:|1701125094\n|move|p2a: Dudunsparce|Thunderbolt|p1a: Gholdengo\n|-damage|p1a: Gholdengo|51\/100\n|move|p1a: Gholdengo|Dazzling Gleam|p2a: Dudunsparce\n|-damage|p2a: Dudunsparce|51\/100\n|\n|upkeep\n|turn|31\n|\n|t:|1701125098\n|move|p2a: Dudunsparce|Thunderbolt|p1a: Gholdengo\n|-damage|p1a: Gholdengo|26\/100\n|move|p1a: Gholdengo|Recover|p1a: Gholdengo\n|-heal|p1a: Gholdengo|76\/100\n|\n|upkeep\n|turn|32\n|\n|t:|1701125101\n|move|p2a: Dudunsparce|Thunderbolt|p1a: Gholdengo\n|-damage|p1a: Gholdengo|51\/100\n|move|p1a: Gholdengo|Nasty Plot|p1a: Gholdengo\n|-boost|p1a: Gholdengo|spa|2\n|\n|upkeep\n|turn|33\n|\n|t:|1701125105\n|move|p2a: Dudunsparce|Thunderbolt|p1a: Gholdengo\n|-damage|p1a: Gholdengo|25\/100\n|move|p1a: Gholdengo|Recover|p1a: Gholdengo\n|-heal|p1a: Gholdengo|75\/100\n|\n|upkeep\n|turn|34\n|\n|t:|1701125109\n|move|p2a: Dudunsparce|Thunderbolt|p1a: Gholdengo\n|-damage|p1a: Gholdengo|48\/100\n|move|p1a: Gholdengo|Recover|p1a: Gholdengo\n|-heal|p1a: Gholdengo|98\/100\n|\n|upkeep\n|turn|35\n|\n|t:|1701125113\n|move|p2a: Dudunsparce|Thunderbolt|p1a: Gholdengo\n|-crit|p1a: Gholdengo\n|-damage|p1a: Gholdengo|63\/100\n|move|p1a: Gholdengo|Dazzling Gleam|p2a: Dudunsparce\n|-damage|p2a: Dudunsparce|0 fnt\n|faint|p2a: Dudunsparce\n|\n|upkeep\n|\n|t:|1701125119\n|switch|p2a: Quagsire|Quagsire, M|100\/100\n|turn|36\n|\n|t:|1701125123\n|switch|p1a: Corviknight|Corviknight, F|100\/100\n|-ability|p1a: Corviknight|Pressure\n|move|p2a: Quagsire|Earthquake|p1a: Corviknight\n|-immune|p1a: Corviknight\n|\n|upkeep\n|turn|37\n|\n|t:|1701125128\n|switch|p2a: Sinistcha|Sinistcha|91\/100\n|move|p1a: Corviknight|U-turn|p2a: Sinistcha\n|-damage|p2a: Sinistcha|82\/100\n|-damage|p1a: Corviknight|84\/100|[from] item: Rocky Helmet|[of] p2a: Sinistcha\n|\n|t:|1701125143\n|switch|p1a: Toxtricity|Toxtricity, F, tera:Normal|16\/100|[from] U-turn\n|\n|upkeep\n|turn|38\n|\n|t:|1701125150\n|move|p1a: Toxtricity|Sludge Bomb|p2a: Sinistcha\n|-damage|p2a: Sinistcha|0 fnt\n|faint|p2a: Sinistcha\n|\n|upkeep\n|\n|t:|1701125161\n|switch|p2a: Quagsire|Quagsire, M|100\/100\n|turn|39\n|\n|t:|1701125167\n|switch|p1a: Corviknight|Corviknight, F|84\/100\n|-ability|p1a: Corviknight|Pressure\n|move|p2a: Quagsire|Curse|p2a: Quagsire\n|-unboost|p2a: Quagsire|spe|1\n|-boost|p2a: Quagsire|atk|1\n|-boost|p2a: Quagsire|def|1\n|\n|upkeep\n|turn|40\n|\n|t:|1701125169\n|move|p1a: Corviknight|U-turn|p2a: Quagsire\n|-damage|p2a: Quagsire|93\/100\n|\n|t:|1701125172\n|switch|p1a: Toxtricity|Toxtricity, F, tera:Normal|16\/100|[from] U-turn\n|move|p2a: Quagsire|Curse|p2a: Quagsire\n|-unboost|p2a: Quagsire|spe|1\n|-boost|p2a: Quagsire|atk|1\n|-boost|p2a: Quagsire|def|1\n|\n|upkeep\n|turn|41\n|\n|t:|1701125177\n|move|p1a: Toxtricity|Boomburst|p2a: Quagsire\n|-damage|p2a: Quagsire|0 fnt\n|faint|p2a: Quagsire\n|\n|upkeep\n|c|\u2606lhdeutsch2|too many switches....\n|-message|lhdeutsch2 forfeited.\n|\n|win|batonpassabuser\n|raw|batonpassabuser's rating: 1202 &rarr; <strong>1228<\/strong><br \/>(+26 for winning)\n|raw|lhdeutsch2's rating: 1219 &rarr; <strong>1193<\/strong><br \/>(-26 for losing)\n|l|\u2606lhdeutsch2\n","uploadtime":1701125194,"views":17,"p1id":"batonpassabuser","p2id":"lhdeutsch2","formatid":"gen9ou","rating":1193,"private":0,"password":""}