{"id":"gen9ou-1992140472","p1":"Yu2k","p2":"duuuuuuy","format":"[Gen 9] OU","log":"|j|\u2606Yu2k\n|j|\u2606duuuuuuy\n|t:|1700158388\n|gametype|singles\n|player|p1|Yu2k|caitlin|1050\n|player|p2|duuuuuuy|cynthia-gen4|1070\n|teamsize|p1|6\n|teamsize|p2|6\n|gen|9\n|tier|[Gen 9] OU\n|rated|\n|rule|Sleep Clause Mod: Limit one foe put to sleep\n|rule|Species Clause: Limit one of each Pok\u00e9mon\n|rule|OHKO Clause: OHKO moves are banned\n|rule|Evasion Items Clause: Evasion items are banned\n|rule|Evasion Moves Clause: Evasion moves are banned\n|rule|Endless Battle Clause: Forcing endless battles is banned\n|rule|HP Percentage Mod: HP is shown in percentages\n|clearpoke\n|poke|p1|Corviknight, M|\n|poke|p1|Lokix, M|\n|poke|p1|Garganacl, F|\n|poke|p1|Cinderace, M|\n|poke|p1|Iron Valiant|\n|poke|p1|Ting-Lu|\n|poke|p2|Enamorus, F|\n|poke|p2|Hatterene, F|\n|poke|p2|Slowking-Galar, M|\n|poke|p2|Gengar, M|\n|poke|p2|Furret, M|\n|poke|p2|Zoroark, M|\n|teampreview\n|\n|t:|1700158400\n|start\n|switch|p1a: Ting-Lu|Ting-Lu|100\/100\n|switch|p2a: Hatterene|Hatterene, F|100\/100\n|-ability|p1a: Ting-Lu|Vessel of Ruin\n|turn|1\n|\n|t:|1700158406\n|move|p1a: Ting-Lu|Ruination|p2a: Hatterene\n|-damage|p2a: Hatterene|50\/100\n|move|p2a: Hatterene|Draining Kiss|p1a: Ting-Lu\n|-supereffective|p1a: Ting-Lu\n|-damage|p1a: Ting-Lu|81\/100\n|-heal|p2a: Hatterene|74\/100|[from] drain|[of] p1a: Ting-Lu\n|\n|-heal|p2a: Hatterene|80\/100|[from] item: Leftovers\n|upkeep\n|turn|2\n|\n|t:|1700158423\n|move|p1a: Ting-Lu|Ruination|p2a: Hatterene|[miss]\n|-miss|p1a: Ting-Lu|p2a: Hatterene\n|move|p2a: Hatterene|Draining Kiss|p1a: Ting-Lu\n|-supereffective|p1a: Ting-Lu\n|-damage|p1a: Ting-Lu|62\/100\n|-heal|p2a: Hatterene|100\/100|[from] drain|[of] p1a: Ting-Lu\n|\n|upkeep\n|turn|3\n|\n|t:|1700158433\n|switch|p1a: Corviknight|Corviknight, M|100\/100\n|-ability|p1a: Corviknight|Pressure\n|move|p2a: Hatterene|Draining Kiss|p1a: Corviknight\n|-resisted|p1a: Corviknight\n|-damage|p1a: Corviknight|89\/100\n|-damage|p2a: Hatterene|84\/100|[from] item: Rocky Helmet|[of] p1a: Corviknight\n|\n|-heal|p2a: Hatterene|90\/100|[from] item: Leftovers\n|upkeep\n|turn|4\n|\n|t:|1700158438\n|move|p1a: Corviknight|Iron Head|p2a: Hatterene\n|-supereffective|p2a: Hatterene\n|-damage|p2a: Hatterene|28\/100\n|cant|p2a: Hatterene|flinch\n|\n|-heal|p2a: Hatterene|34\/100|[from] item: Leftovers\n|upkeep\n|turn|5\n|\n|t:|1700158452\n|switch|p2a: Slowking|Slowking-Galar, M|100\/100\n|move|p1a: Corviknight|Iron Head|p2a: Slowking\n|-damage|p2a: Slowking|67\/100\n|\n|upkeep\n|turn|6\n|\n|t:|1700158463\n|switch|p1a: Garganacl|Garganacl, F|100\/100\n|move|p2a: Slowking|Ice Beam|p1a: Garganacl\n|-damage|p1a: Garganacl|79\/100\n|\n|-heal|p1a: Garganacl|85\/100|[from] item: Leftovers\n|upkeep\n|turn|7\n|\n|t:|1700158478\n|move|p1a: Garganacl|Salt Cure|p2a: Slowking\n|-damage|p2a: Slowking|52\/100\n|-start|p2a: Slowking|Salt Cure\n|move|p2a: Slowking|Grass Knot|p1a: Garganacl\n|-supereffective|p1a: Garganacl\n|-damage|p1a: Garganacl|32\/100\n|\n|-heal|p1a: Garganacl|38\/100|[from] item: Leftovers\n|-damage|p2a: Slowking|40\/100|[from] Salt Cure\n|upkeep\n|turn|8\n|\n|t:|1700158489\n|switch|p1a: Cinderace|Cinderace, M|100\/100\n|switch|p2a: Gengar|Gengar, M|100\/100\n|\n|upkeep\n|turn|9\n|\n|t:|1700158499\n|move|p1a: Cinderace|Sucker Punch|p2a: Gengar\n|-start|p1a: Cinderace|typechange|Dark|[from] ability: Libero\n|-supereffective|p2a: Gengar\n|-damage|p2a: Gengar|0 fnt\n|faint|p2a: Gengar\n|\n|upkeep\n|\n|t:|1700158509\n|switch|p2a: Enamorus|Enamorus, F|100\/100\n|turn|10\n|\n|t:|1700158518\n|switch|p1a: Lokix|Lokix, M|100\/100\n|move|p2a: Enamorus|Superpower|p1a: Lokix\n|-damage|p1a: Lokix|44\/100\n|-boost|p2a: Enamorus|atk|1\n|-boost|p2a: Enamorus|def|1\n|\n|upkeep\n|turn|11\n|\n|t:|1700158522\n|move|p2a: Enamorus|Superpower|p1a: Lokix\n|-damage|p1a: Lokix|0 fnt\n|-boost|p2a: Enamorus|atk|1\n|-boost|p2a: Enamorus|def|1\n|faint|p1a: Lokix\n|\n|upkeep\n|-message|Yu2k forfeited.\n|\n|win|duuuuuuy\n|raw|Yu2k's rating: 1050 &rarr; <strong>1034<\/strong><br \/>(-16 for losing)\n|raw|duuuuuuy's rating: 1070 &rarr; <strong>1098<\/strong><br \/>(+28 for winning)\n|l|\u2606Yu2k\n","uploadtime":1700158531,"views":7,"p1id":"yu2k","p2id":"duuuuuuy","formatid":"gen9ou","rating":1034,"private":0,"password":""}