{"id":"gen9ou-1992456361","p1":"Official Poyo","p2":"jkl89","format":"[Gen 9] OU","log":"|j|\u2606Official Poyo\n|j|\u2606jkl89\n|t:|1700189789\n|gametype|singles\n|player|p1|Official Poyo|richboy-gen4|1566\n|player|p2|jkl89|266|1436\n|teamsize|p1|6\n|teamsize|p2|6\n|gen|9\n|tier|[Gen 9] OU\n|rated|\n|rule|Sleep Clause Mod: Limit one foe put to sleep\n|rule|Species Clause: Limit one of each Pok\u00e9mon\n|rule|OHKO Clause: OHKO moves are banned\n|rule|Evasion Items Clause: Evasion items are banned\n|rule|Evasion Moves Clause: Evasion moves are banned\n|rule|Endless Battle Clause: Forcing endless battles is banned\n|rule|HP Percentage Mod: HP is shown in percentages\n|clearpoke\n|poke|p1|Tatsugiri-Droopy, M|\n|poke|p1|Iron Valiant|\n|poke|p1|Alomomola, M|\n|poke|p1|Landorus-Therian, M|\n|poke|p1|Dragapult, M|\n|poke|p1|Slowking-Galar, M|\n|poke|p2|Gholdengo|\n|poke|p2|Great Tusk|\n|poke|p2|Zamazenta-*|\n|poke|p2|Clefable, M|\n|poke|p2|Ting-Lu|\n|poke|p2|Ogerpon-Wellspring, F|\n|teampreview\n|inactive|Battle timer is ON: inactive players will automatically lose when time's up. (requested by jkl89)\n|\n|t:|1700189799\n|start\n|switch|p1a: Landorus|Landorus-Therian, M|100\/100\n|switch|p2a: Clefable|Clefable, M|100\/100\n|-ability|p1a: Landorus|Intimidate|boost\n|-unboost|p2a: Clefable|atk|1\n|turn|1\n|\n|t:|1700189806\n|move|p1a: Landorus|Stealth Rock|p2a: Clefable\n|-sidestart|p2: jkl89|move: Stealth Rock\n|move|p2a: Clefable|Stealth Rock|p1a: Landorus\n|-sidestart|p1: Official Poyo|move: Stealth Rock\n|\n|upkeep\n|turn|2\n|\n|t:|1700189810\n|move|p1a: Landorus|Earthquake|p2a: Clefable\n|-damage|p2a: Clefable|59\/100\n|move|p2a: Clefable|Moonblast|p1a: Landorus\n|-damage|p1a: Landorus|59\/100\n|-unboost|p1a: Landorus|spa|1\n|\n|-heal|p1a: Landorus|65\/100|[from] item: Leftovers\n|-heal|p2a: Clefable|65\/100|[from] item: Leftovers\n|upkeep\n|turn|3\n|\n|t:|1700189816\n|move|p1a: Landorus|U-turn|p2a: Clefable\n|-resisted|p2a: Clefable\n|-damage|p2a: Clefable|54\/100\n|\n|t:|1700189819\n|switch|p1a: Slowking|Slowking-Galar, M|100\/100|[from] U-turn\n|-damage|p1a: Slowking|88\/100|[from] Stealth Rock\n|move|p2a: Clefable|Wish|p2a: Clefable\n|\n|-heal|p2a: Clefable|60\/100|[from] item: Leftovers\n|upkeep\n|turn|4\n|\n|t:|1700189829\n|switch|p2a: Ting-Lu|Ting-Lu|100\/100\n|-damage|p2a: Ting-Lu|94\/100|[from] Stealth Rock\n|-ability|p2a: Ting-Lu|Vessel of Ruin\n|move|p1a: Slowking|Ice Beam|p2a: Ting-Lu\n|-supereffective|p2a: Ting-Lu\n|-damage|p2a: Ting-Lu|74\/100\n|\n|-heal|p2a: Ting-Lu|100\/100|[from] move: Wish|[wisher] Clefable\n|upkeep\n|turn|5\n|\n|t:|1700189842\n|switch|p1a: Landorus|Landorus-Therian, M|65\/100\n|-damage|p1a: Landorus|53\/100|[from] Stealth Rock\n|-ability|p1a: Landorus|Intimidate|boost\n|-unboost|p2a: Ting-Lu|atk|1\n|move|p2a: Ting-Lu|Spikes|p1a: Landorus\n|-sidestart|p1: Official Poyo|Spikes\n|\n|-heal|p1a: Landorus|59\/100|[from] item: Leftovers\n|upkeep\n|turn|6\n|\n|t:|1700189846\n|move|p1a: Landorus|Earthquake|p2a: Ting-Lu\n|-damage|p2a: Ting-Lu|71\/100\n|move|p2a: Ting-Lu|Whirlwind|p1a: Landorus\n|drag|p1a: Dragapult|Dragapult, M|100\/100\n|-damage|p1a: Dragapult|88\/100|[from] Stealth Rock\n|-damage|p1a: Dragapult|76\/100|[from] Spikes\n|\n|-heal|p1a: Dragapult|82\/100|[from] item: Leftovers\n|-heal|p2a: Ting-Lu|78\/100|[from] item: Leftovers\n|upkeep\n|turn|7\n|\n|t:|1700189855\n|move|p1a: Dragapult|U-turn|p2a: Ting-Lu\n|-supereffective|p2a: Ting-Lu\n|-damage|p2a: Ting-Lu|57\/100\n|\n|t:|1700189874\n|switch|p1a: Tatsugiri|Tatsugiri-Droopy, M|100\/100|[from] U-turn\n|move|p2a: Ting-Lu|Spikes|p1a: Tatsugiri\n|-sidestart|p1: Official Poyo|Spikes\n|\n|-heal|p2a: Ting-Lu|64\/100|[from] item: Leftovers\n|upkeep\n|turn|8\n|\n|t:|1700189882\n|move|p1a: Tatsugiri|Rapid Spin|p2a: Ting-Lu\n|-damage|p2a: Ting-Lu|60\/100\n|-boost|p1a: Tatsugiri|spe|1\n|-sideend|p1: Official Poyo|Spikes|[from] move: Rapid Spin|[of] p1a: Tatsugiri\n|-sideend|p1: Official Poyo|Stealth Rock|[from] move: Rapid Spin|[of] p1a: Tatsugiri\n|move|p2a: Ting-Lu|Whirlwind|p1a: Tatsugiri\n|drag|p1a: Iron Valiant|Iron Valiant|100\/100\n|-enditem|p1a: Iron Valiant|Booster Energy\n|-activate|p1a: Iron Valiant|ability: Quark Drive|[fromitem]\n|-start|p1a: Iron Valiant|quarkdrivespe\n|\n|-heal|p2a: Ting-Lu|67\/100|[from] item: Leftovers\n|upkeep\n|turn|9\n|\n|t:|1700189891\n|move|p1a: Iron Valiant|Close Combat|p2a: Ting-Lu\n|-supereffective|p2a: Ting-Lu\n|-damage|p2a: Ting-Lu|2\/100\n|-unboost|p1a: Iron Valiant|def|1\n|-unboost|p1a: Iron Valiant|spd|1\n|move|p2a: Ting-Lu|Whirlwind|p1a: Iron Valiant\n|-end|p1a: Iron Valiant|Quark Drive|[silent]\n|drag|p1a: Tatsugiri|Tatsugiri-Droopy, M|100\/100\n|\n|-heal|p2a: Ting-Lu|8\/100|[from] item: Leftovers\n|upkeep\n|turn|10\n|\n|t:|1700189898\n|move|p1a: Tatsugiri|Rapid Spin|p2a: Ting-Lu\n|-damage|p2a: Ting-Lu|5\/100\n|-boost|p1a: Tatsugiri|spe|1\n|move|p2a: Ting-Lu|Ruination|p1a: Tatsugiri|[miss]\n|-miss|p2a: Ting-Lu|p1a: Tatsugiri\n|\n|-heal|p2a: Ting-Lu|11\/100|[from] item: Leftovers\n|upkeep\n|turn|11\n|\n|t:|1700189901\n|move|p1a: Tatsugiri|Surf|p2a: Ting-Lu\n|-supereffective|p2a: Ting-Lu\n|-damage|p2a: Ting-Lu|0 fnt\n|faint|p2a: Ting-Lu\n|\n|upkeep\n|\n|t:|1700189904\n|switch|p2a: Ogerpon|Ogerpon-Wellspring, F|100\/100\n|-damage|p2a: Ogerpon|88\/100|[from] Stealth Rock\n|turn|12\n|\n|t:|1700189912\n|switch|p1a: Alomomola|Alomomola, M|100\/100\n|move|p2a: Ogerpon|Horn Leech|p1a: Alomomola\n|-supereffective|p1a: Alomomola\n|-damage|p1a: Alomomola|52\/100\n|-heal|p2a: Ogerpon|100\/100|[from] drain|[of] p1a: Alomomola\n|-enditem|p1a: Alomomola|Red Card|[of] p2a: Ogerpon\n|drag|p2a: Gholdengo|Gholdengo|100\/100\n|-damage|p2a: Gholdengo|94\/100|[from] Stealth Rock\n|\n|-heal|p2a: Gholdengo|100\/100|[from] item: Leftovers\n|upkeep\n|turn|13\n|\n|t:|1700189924\n|switch|p1a: Landorus|Landorus-Therian, M|59\/100\n|-ability|p1a: Landorus|Intimidate|boost\n|-unboost|p2a: Gholdengo|atk|1\n|move|p2a: Gholdengo|Thunder Wave|p1a: Landorus\n|-immune|p1a: Landorus\n|\n|-heal|p1a: Landorus|65\/100|[from] item: Leftovers\n|upkeep\n|turn|14\n|\n|t:|1700189932\n|switch|p2a: Great Tusk|Great Tusk|100\/100\n|-damage|p2a: Great Tusk|98\/100|[from] Stealth Rock\n|move|p1a: Landorus|Earthquake|p2a: Great Tusk\n|-damage|p2a: Great Tusk|72\/100\n|\n|-heal|p1a: Landorus|72\/100|[from] item: Leftovers\n|upkeep\n|turn|15\n|\n|t:|1700189937\n|switch|p1a: Dragapult|Dragapult, M|82\/100\n|move|p2a: Great Tusk|Rapid Spin|p1a: Dragapult\n|-immune|p1a: Dragapult\n|\n|-heal|p1a: Dragapult|88\/100|[from] item: Leftovers\n|upkeep\n|turn|16\n|\n|t:|1700189939\n|move|p1a: Dragapult|Draco Meteor|p2a: Great Tusk\n|-damage|p2a: Great Tusk|28\/100\n|-unboost|p1a: Dragapult|spa|2\n|move|p2a: Great Tusk|Ice Spinner|p1a: Dragapult\n|-supereffective|p1a: Dragapult\n|-damage|p1a: Dragapult|27\/100\n|\n|-heal|p1a: Dragapult|33\/100|[from] item: Leftovers\n|upkeep\n|turn|17\n|\n|t:|1700189944\n|switch|p1a: Alomomola|Alomomola, M|86\/100\n|move|p2a: Great Tusk|Knock Off|p1a: Alomomola\n|-damage|p1a: Alomomola|75\/100\n|\n|upkeep\n|turn|18\n|\n|t:|1700189950\n|switch|p1a: Dragapult|Dragapult, M|33\/100\n|move|p2a: Great Tusk|Rapid Spin|p1a: Dragapult\n|-immune|p1a: Dragapult\n|\n|-heal|p1a: Dragapult|39\/100|[from] item: Leftovers\n|upkeep\n|turn|19\n|\n|t:|1700189954\n|-end|p2a: Great Tusk|Protosynthesis|[silent]\n|switch|p2a: Clefable|Clefable, M|60\/100\n|move|p1a: Dragapult|Hex|p2a: Clefable\n|-damage|p2a: Clefable|37\/100\n|\n|-heal|p1a: Dragapult|45\/100|[from] item: Leftovers\n|-heal|p2a: Clefable|43\/100|[from] item: Leftovers\n|upkeep\n|turn|20\n|\n|t:|1700189957\n|move|p1a: Dragapult|Thunder Wave|p2a: Clefable\n|-status|p2a: Clefable|par\n|move|p2a: Clefable|Wish|p2a: Clefable\n|\n|-heal|p1a: Dragapult|51\/100|[from] item: Leftovers\n|-heal|p2a: Clefable|49\/100 par|[from] item: Leftovers\n|upkeep\n|turn|21\n|\n|t:|1700189960\n|move|p1a: Dragapult|Hex|p2a: Clefable\n|-damage|p2a: Clefable|4\/100 par\n|cant|p2a: Clefable|par\n|\n|-heal|p2a: Clefable|54\/100 par|[from] move: Wish|[wisher] Clefable\n|-heal|p1a: Dragapult|58\/100|[from] item: Leftovers\n|-heal|p2a: Clefable|60\/100 par|[from] item: Leftovers\n|upkeep\n|turn|22\n|\n|t:|1700189968\n|-terastallize|p1a: Dragapult|Ghost\n|move|p1a: Dragapult|Hex|p2a: Clefable\n|-damage|p2a: Clefable|0 fnt\n|faint|p2a: Clefable\n|\n|-heal|p1a: Dragapult|64\/100|[from] item: Leftovers\n|upkeep\n|-message|jkl89 forfeited.\n|\n|win|Official Poyo\n|raw|Official Poyo's rating: 1566 &rarr; <strong>1579<\/strong><br \/>(+13 for winning)\n|raw|jkl89's rating: 1436 &rarr; <strong>1423<\/strong><br \/>(-13 for losing)\n|l|\u2606jkl89\n","uploadtime":1700189977,"views":8,"p1id":"officialpoyo","p2id":"jkl89","formatid":"gen9ou","rating":1423,"private":0,"password":""}