{"id":"gen9ou-1992468073","p1":"godkingbobert","p2":"little man skwovet","format":"[Gen 9] OU","log":"|j|\u2606godkingbobert\n|j|\u2606little man skwovet\n|t:|1700191244\n|gametype|singles\n|player|p1|godkingbobert|li|1565\n|player|p2|little man skwovet|265|1666\n|teamsize|p1|6\n|teamsize|p2|6\n|gen|9\n|tier|[Gen 9] OU\n|rated|\n|rule|Sleep Clause Mod: Limit one foe put to sleep\n|rule|Species Clause: Limit one of each Pok\u00e9mon\n|rule|OHKO Clause: OHKO moves are banned\n|rule|Evasion Items Clause: Evasion items are banned\n|rule|Evasion Moves Clause: Evasion moves are banned\n|rule|Endless Battle Clause: Forcing endless battles is banned\n|rule|HP Percentage Mod: HP is shown in percentages\n|clearpoke\n|poke|p1|Dragapult, F|\n|poke|p1|Great Tusk|\n|poke|p1|Greninja-*, M|\n|poke|p1|Zapdos|\n|poke|p1|Slowking-Galar, F|\n|poke|p1|Corviknight, F|\n|poke|p2|Heatran, F|\n|poke|p2|Blissey, F|\n|poke|p2|Alomomola, F|\n|poke|p2|Weezing-Galar, F|\n|poke|p2|Dondozo, F|\n|poke|p2|Mandibuzz, F|\n|teampreview\n|j| FatherSuperior7\n|\n|t:|1700191275\n|start\n|switch|p1a: Dragapult|Dragapult, F|100\/100\n|switch|p2a: Weezing|Weezing-Galar, F|100\/100\n|-ability|p2a: Weezing|Neutralizing Gas\n|turn|1\n|\n|t:|1700191294\n|-end|p2a: Weezing|ability: Neutralizing Gas\n|switch|p2a: Alomomola|Alomomola, F|100\/100\n|move|p1a: Dragapult|U-turn|p2a: Alomomola\n|-damage|p2a: Alomomola|89\/100\n|\n|t:|1700191297\n|switch|p1a: Zapdos|Zapdos|100\/100|[from] U-turn\n|\n|-heal|p2a: Alomomola|96\/100|[from] item: Leftovers\n|upkeep\n|turn|2\n|\n|t:|1700191303\n|move|p1a: Zapdos|Volt Switch|p2a: Alomomola\n|-supereffective|p2a: Alomomola\n|-damage|p2a: Alomomola|45\/100\n|\n|t:|1700191336\n|switch|p1a: Dragapult|Dragapult, F|100\/100|[from] Volt Switch\n|move|p2a: Alomomola|Mirror Coat|p1a: Dragapult\n|-damage|p1a: Dragapult|0 fnt\n|faint|p1a: Dragapult\n|\n|-heal|p2a: Alomomola|52\/100|[from] item: Leftovers\n|upkeep\n|\n|t:|1700191342\n|switch|p1a: Zapdos|Zapdos|100\/100\n|turn|3\n|\n|t:|1700191345\n|move|p2a: Alomomola|Protect|p2a: Alomomola\n|-singleturn|p2a: Alomomola|Protect\n|move|p1a: Zapdos|Volt Switch|p2a: Alomomola\n|-activate|p2a: Alomomola|move: Protect\n|\n|-heal|p2a: Alomomola|58\/100|[from] item: Leftovers\n|upkeep\n|turn|4\n|\n|t:|1700191351\n|move|p1a: Zapdos|Volt Switch|p2a: Alomomola\n|-supereffective|p2a: Alomomola\n|-damage|p2a: Alomomola|8\/100\n|\n|t:|1700191356\n|switch|p1a: Corviknight|Corviknight, F|100\/100|[from] Volt Switch\n|-ability|p1a: Corviknight|Pressure\n|move|p2a: Alomomola|Mirror Coat|p1a: Corviknight\n|-damage|p1a: Corviknight|0 fnt\n|faint|p1a: Corviknight\n|\n|-heal|p2a: Alomomola|14\/100|[from] item: Leftovers\n|upkeep\n|\n|t:|1700191358\n|switch|p1a: Greninja|Greninja, M|100\/100\n|turn|5\n|\n|t:|1700191366\n|switch|p2a: Blissey|Blissey, F|100\/100\n|move|p1a: Greninja|Surf|p2a: Blissey\n|-damage|p2a: Blissey|85\/100\n|-damage|p1a: Greninja|91\/100|[from] item: Life Orb\n|\n|upkeep\n|turn|6\n|\n|t:|1700191381\n|switch|p1a: Great Tusk|Great Tusk|100\/100\n|move|p2a: Blissey|Seismic Toss|p1a: Great Tusk\n|-damage|p1a: Great Tusk|74\/100\n|\n|upkeep\n|turn|7\n|\n|t:|1700191386\n|switch|p2a: Mandibuzz|Mandibuzz, F|100\/100\n|move|p1a: Great Tusk|Headlong Rush|p2a: Mandibuzz\n|-immune|p2a: Mandibuzz\n|\n|upkeep\n|turn|8\n|-message|godkingbobert forfeited.\n|\n|win|little man skwovet\n|raw|godkingbobert's rating: 1565 &rarr; <strong>1551<\/strong><br \/>(-14 for losing)\n|raw|little man skwovet's rating: 1666 &rarr; <strong>1680<\/strong><br \/>(+14 for winning)\n|l|\u2606godkingbobert\n","uploadtime":1700191417,"views":36,"p1id":"godkingbobert","p2id":"littlemanskwovet","formatid":"gen9ou","rating":1551,"private":0,"password":""}