{"id":"gen9ou-1996380715","p1":"Andrews Finn3","p2":"Pressin Buttons","format":"[Gen 9] OU","log":"|j|\u2606Andrews Finn3\n|j|\u2606Pressin Buttons\n|t:|1700676565\n|gametype|singles\n|player|p1|Andrews Finn3|steven|1055\n|player|p2|Pressin Buttons|bugcatcher-gen4dp|1060\n|teamsize|p1|6\n|teamsize|p2|6\n|gen|9\n|tier|[Gen 9] OU\n|rated|\n|rule|Sleep Clause Mod: Limit one foe put to sleep\n|rule|Species Clause: Limit one of each Pok\u00e9mon\n|rule|OHKO Clause: OHKO moves are banned\n|rule|Evasion Items Clause: Evasion items are banned\n|rule|Evasion Moves Clause: Evasion moves are banned\n|rule|Endless Battle Clause: Forcing endless battles is banned\n|rule|HP Percentage Mod: HP is shown in percentages\n|clearpoke\n|poke|p1|Alomomola, F|\n|poke|p1|Slowking-Galar, F|\n|poke|p1|Kingambit, F|\n|poke|p1|Great Tusk|\n|poke|p1|Cinderace, F|\n|poke|p1|Thundurus-Therian, M|\n|poke|p2|Lokix, F|\n|poke|p2|Manaphy|\n|poke|p2|Ceruledge, M|\n|poke|p2|Great Tusk|\n|poke|p2|Hatterene, F|\n|poke|p2|Corviknight, M|\n|teampreview\n|\n|t:|1700676585\n|start\n|switch|p1a: Great Tusk|Great Tusk|100\/100\n|switch|p2a: Lokix|Lokix, F|100\/100\n|turn|1\n|\n|t:|1700676591\n|move|p1a: Great Tusk|Stealth Rock|p2a: Lokix\n|-sidestart|p2: Pressin Buttons|move: Stealth Rock\n|move|p2a: Lokix|U-turn|p1a: Great Tusk\n|-resisted|p1a: Great Tusk\n|-damage|p1a: Great Tusk|62\/100\n|-damage|p2a: Lokix|84\/100|[from] item: Rocky Helmet|[of] p1a: Great Tusk\n|\n|t:|1700676601\n|switch|p2a: Corviknight|Corviknight, M|100\/100|[from] U-turn\n|-damage|p2a: Corviknight|88\/100|[from] Stealth Rock\n|\n|upkeep\n|turn|2\n|\n|t:|1700676608\n|-end|p1a: Great Tusk|Protosynthesis|[silent]\n|switch|p1a: Thundurus|Thundurus-Therian, M|100\/100\n|move|p2a: Corviknight|Defog|p1a: Thundurus\n|-unboost|p1a: Thundurus|evasion|1\n|-sideend|p2: Pressin Buttons|Stealth Rock|[from] move: Defog|[of] p2a: Corviknight\n|\n|upkeep\n|turn|3\n|\n|t:|1700676618\n|switch|p2a: Great Tusk|Great Tusk|100\/100\n|move|p1a: Thundurus|Knock Off|p2a: Great Tusk\n|-resisted|p2a: Great Tusk\n|-damage|p2a: Great Tusk|96\/100\n|-enditem|p2a: Great Tusk|Leftovers|[from] move: Knock Off|[of] p1a: Thundurus\n|\n|upkeep\n|turn|4\n|\n|t:|1700676626\n|switch|p1a: Alomomola|Alomomola, F|100\/100\n|-end|p2a: Great Tusk|Protosynthesis|[silent]\n|switch|p2a: Lokix|Lokix, F|84\/100\n|\n|upkeep\n|turn|5\n|\n|t:|1700676634\n|move|p2a: Lokix|Leech Life|p1a: Alomomola\n|-damage|p1a: Alomomola|68\/100\n|-heal|p2a: Lokix|100\/100|[from] drain|[of] p1a: Alomomola\n|-enditem|p1a: Alomomola|Red Card|[of] p2a: Lokix\n|drag|p2a: Ceruledge|Ceruledge, M|100\/100\n|move|p1a: Alomomola|Wish|p1a: Alomomola\n|\n|upkeep\n|turn|6\n|\n|t:|1700676643\n|move|p2a: Ceruledge|Swords Dance|p2a: Ceruledge\n|-boost|p2a: Ceruledge|atk|2\n|move|p1a: Alomomola|Flip Turn|p2a: Ceruledge\n|-supereffective|p2a: Ceruledge\n|-damage|p2a: Ceruledge|57\/100\n|inactive|Battle timer is ON: inactive players will automatically lose when time's up. (requested by Pressin Buttons)\n|\n|t:|1700676677\n|switch|p1a: Thundurus|Thundurus-Therian, M|100\/100|[from] Flip Turn\n|\n|upkeep\n|turn|7\n|\n|t:|1700676690\n|switch|p2a: Great Tusk|Great Tusk|96\/100\n|move|p1a: Thundurus|Volt Switch|p2a: Great Tusk\n|-immune|p2a: Great Tusk\n|\n|upkeep\n|turn|8\n|\n|t:|1700676698\n|switch|p1a: Alomomola|Alomomola, F|100\/100\n|move|p2a: Great Tusk|Knock Off|p1a: Alomomola\n|-damage|p1a: Alomomola|89\/100\n|\n|upkeep\n|turn|9\n|\n|t:|1700676705\n|move|p2a: Great Tusk|Bulk Up|p2a: Great Tusk\n|-boost|p2a: Great Tusk|atk|1\n|-boost|p2a: Great Tusk|def|1\n|move|p1a: Alomomola|Wish|p1a: Alomomola\n|\n|upkeep\n|turn|10\n|\n|t:|1700676710\n|move|p2a: Great Tusk|Bulk Up|p2a: Great Tusk\n|-boost|p2a: Great Tusk|atk|1\n|-boost|p2a: Great Tusk|def|1\n|move|p1a: Alomomola|Scald|p2a: Great Tusk\n|-supereffective|p2a: Great Tusk\n|-damage|p2a: Great Tusk|62\/100\n|-status|p2a: Great Tusk|brn\n|\n|-heal|p1a: Alomomola|100\/100|[from] move: Wish|[wisher] Alomomola\n|-damage|p2a: Great Tusk|56\/100 brn|[from] brn\n|upkeep\n|turn|11\n|\n|t:|1700676721\n|-end|p2a: Great Tusk|Protosynthesis|[silent]\n|switch|p2a: Manaphy|Manaphy|100\/100\n|move|p1a: Alomomola|Wish|p1a: Alomomola\n|\n|upkeep\n|turn|12\n|\n|t:|1700676726\n|move|p2a: Manaphy|Tail Glow|p2a: Manaphy\n|-boost|p2a: Manaphy|spa|3\n|move|p1a: Alomomola|Flip Turn|p2a: Manaphy\n|-resisted|p2a: Manaphy\n|-damage|p2a: Manaphy|93\/100\n|\n|t:|1700676732\n|switch|p1a: Thundurus|Thundurus-Therian, M|100\/100|[from] Flip Turn\n|\n|-heal|p2a: Manaphy|99\/100|[from] item: Leftovers\n|upkeep\n|turn|13\n|\n|t:|1700676745\n|move|p1a: Thundurus|Volt Switch|p2a: Manaphy\n|-supereffective|p2a: Manaphy\n|-damage|p2a: Manaphy|0 fnt\n|faint|p2a: Manaphy\n|\n|t:|1700676751\n|switch|p1a: Alomomola|Alomomola, F|100\/100|[from] Volt Switch\n|\n|upkeep\n|\n|t:|1700676759\n|switch|p2a: Hatterene|Hatterene, F|100\/100\n|turn|14\n|\n|t:|1700676763\n|move|p1a: Alomomola|Wish|p1a: Alomomola\n|move|p2a: Hatterene|Calm Mind|p2a: Hatterene\n|-boost|p2a: Hatterene|spa|1\n|-boost|p2a: Hatterene|spd|1\n|\n|upkeep\n|turn|15\n|\n|t:|1700676767\n|move|p1a: Alomomola|Flip Turn|p2a: Hatterene\n|-damage|p2a: Hatterene|85\/100\n|\n|t:|1700676771\n|switch|p1a: Slowking|Slowking-Galar, F|100\/100|[from] Flip Turn\n|move|p2a: Hatterene|Calm Mind|p2a: Hatterene\n|-boost|p2a: Hatterene|spa|1\n|-boost|p2a: Hatterene|spd|1\n|\n|-heal|p2a: Hatterene|91\/100|[from] item: Leftovers\n|upkeep\n|turn|16\n|\n|t:|1700676783\n|move|p2a: Hatterene|Psyshock|p1a: Slowking\n|-damage|p1a: Slowking|30\/100\n|move|p1a: Slowking|Sludge Bomb|p2a: Hatterene\n|-supereffective|p2a: Hatterene\n|-damage|p2a: Hatterene|54\/100\n|-status|p2a: Hatterene|psn\n|\n|-heal|p2a: Hatterene|60\/100 psn|[from] item: Leftovers\n|-damage|p2a: Hatterene|47\/100 psn|[from] psn\n|upkeep\n|turn|17\n|\n|t:|1700676791\n|switch|p1a: Kingambit|Kingambit, F|100\/100\n|move|p2a: Hatterene|Psyshock|p1a: Kingambit\n|-immune|p1a: Kingambit\n|\n|-heal|p2a: Hatterene|53\/100 psn|[from] item: Leftovers\n|-damage|p2a: Hatterene|41\/100 psn|[from] psn\n|upkeep\n|turn|18\n|\n|t:|1700676799\n|move|p1a: Kingambit|Iron Head|p2a: Hatterene\n|-supereffective|p2a: Hatterene\n|-damage|p2a: Hatterene|0 fnt\n|faint|p2a: Hatterene\n|\n|upkeep\n|-message|Pressin Buttons forfeited.\n|\n|win|Andrews Finn3\n|raw|Andrews Finn3's rating: 1091 &rarr; <strong>1115<\/strong><br \/>(+24 for winning)\n|raw|Pressin Buttons's rating: 1060 &rarr; <strong>1043<\/strong><br \/>(-17 for losing)\n|l|\u2606Pressin Buttons\n","uploadtime":1700676807,"views":1,"p1id":"andrewsfinn3","p2id":"pressinbuttons","formatid":"gen9ou","rating":1043,"private":0,"password":""}