{"id":"gen9ou-1993562115","p1":"RainyGhost190","p2":"WhyDexo","format":"[Gen 9] OU","log":"|j|\u203dRainyGhost190\n|j|\u2606WhyDexo\n|t:|1700332007\n|gametype|singles\n|player|p1|RainyGhost190|elesa|1139\n|player|p2|WhyDexo|benga|1053\n|teamsize|p1|6\n|teamsize|p2|6\n|gen|9\n|tier|[Gen 9] OU\n|rated|\n|rule|Sleep Clause Mod: Limit one foe put to sleep\n|rule|Species Clause: Limit one of each Pok\u00e9mon\n|rule|OHKO Clause: OHKO moves are banned\n|rule|Evasion Items Clause: Evasion items are banned\n|rule|Evasion Moves Clause: Evasion moves are banned\n|rule|Endless Battle Clause: Forcing endless battles is banned\n|rule|HP Percentage Mod: HP is shown in percentages\n|clearpoke\n|poke|p1|Samurott-Hisui, M|\n|poke|p1|Rillaboom, M|\n|poke|p1|Kingambit, F|\n|poke|p1|Iron Valiant|\n|poke|p1|Maushold-Four|\n|poke|p1|Gholdengo|\n|poke|p2|Samurott-Hisui, F|\n|poke|p2|Gholdengo|\n|poke|p2|Great Tusk|\n|poke|p2|Enamorus, F|\n|poke|p2|Garganacl, M|\n|poke|p2|Torkoal, F|\n|teampreview\n|inactive|Battle timer is ON: inactive players will automatically lose when time's up. (requested by RainyGhost190)\n|inactive|RainyGhost190 has 120 seconds left.\n|\n|t:|1700332045\n|start\n|switch|p1a: Rillaboom|Rillaboom, M|100\/100\n|switch|p2a: Samurott|Samurott-Hisui, F|100\/100\n|-fieldstart|move: Grassy Terrain|[from] ability: Grassy Surge|[of] p1a: Rillaboom\n|turn|1\n|\n|t:|1700332059\n|switch|p2a: Torkoal|Torkoal, F|100\/100\n|-weather|SunnyDay|[from] ability: Drought|[of] p2a: Torkoal\n|move|p1a: Rillaboom|Grassy Glide|p2a: Torkoal\n|-resisted|p2a: Torkoal\n|-damage|p2a: Torkoal|86\/100\n|\n|-weather|SunnyDay|[upkeep]\n|-heal|p2a: Torkoal|92\/100|[from] Grassy Terrain\n|upkeep\n|turn|2\n|inactive|RainyGhost190 has 120 seconds left.\n|\n|t:|1700332101\n|switch|p1a: Samurott|Samurott-Hisui, M|100\/100\n|move|p2a: Torkoal|Stealth Rock|p1a: Samurott\n|-sidestart|p1: RainyGhost190|move: Stealth Rock\n|\n|-weather|SunnyDay|[upkeep]\n|-heal|p2a: Torkoal|98\/100|[from] Grassy Terrain\n|upkeep\n|turn|3\n|\n|t:|1700332116\n|move|p1a: Samurott|Knock Off|p2a: Torkoal\n|-damage|p2a: Torkoal|74\/100\n|-enditem|p2a: Torkoal|Heat Rock|[from] move: Knock Off|[of] p1a: Samurott\n|move|p2a: Torkoal|Yawn|p1a: Samurott\n|-start|p1a: Samurott|move: Yawn|[of] p2a: Torkoal\n|\n|-weather|SunnyDay|[upkeep]\n|-heal|p2a: Torkoal|80\/100|[from] Grassy Terrain\n|upkeep\n|turn|4\n|inactive|RainyGhost190 has 120 seconds left.\n|\n|t:|1700332144\n|switch|p1a: Iron Valiant|Iron Valiant, shiny|100\/100\n|-damage|p1a: Iron Valiant|94\/100|[from] Stealth Rock\n|-enditem|p1a: Iron Valiant|Booster Energy\n|-activate|p1a: Iron Valiant|ability: Quark Drive|[fromitem]\n|-start|p1a: Iron Valiant|quarkdrivespe\n|switch|p2a: Samurott|Samurott-Hisui, F|100\/100\n|\n|-weather|SunnyDay|[upkeep]\n|-heal|p1a: Iron Valiant|100\/100|[from] Grassy Terrain\n|upkeep\n|turn|5\n|\n|t:|1700332153\n|move|p1a: Iron Valiant|Aura Sphere|p2a: Samurott\n|-supereffective|p2a: Samurott\n|-enditem|p2a: Samurott|Focus Sash\n|-damage|p2a: Samurott|1\/100\n|move|p2a: Samurott|Ceaseless Edge|p1a: Iron Valiant\n|-resisted|p1a: Iron Valiant\n|-damage|p1a: Iron Valiant|88\/100\n|-sidestart|p1: RainyGhost190|Spikes\n|\n|-weather|SunnyDay|[upkeep]\n|-heal|p1a: Iron Valiant|95\/100|[from] Grassy Terrain\n|-heal|p2a: Samurott|7\/100|[from] Grassy Terrain\n|-fieldend|move: Grassy Terrain\n|upkeep\n|turn|6\n|inactive|RainyGhost190 has 120 seconds left.\n|\n|t:|1700332178\n|move|p1a: Iron Valiant|Aura Sphere|p2a: Samurott\n|-supereffective|p2a: Samurott\n|-damage|p2a: Samurott|0 fnt\n|faint|p2a: Samurott\n|\n|-weather|SunnyDay|[upkeep]\n|upkeep\n|\n|t:|1700332182\n|switch|p2a: Gholdengo|Gholdengo|100\/100\n|turn|7\n|inactive|RainyGhost190 has 90 seconds left.\n|\n|t:|1700332214\n|move|p1a: Iron Valiant|Shadow Ball|p2a: Gholdengo\n|-supereffective|p2a: Gholdengo\n|-damage|p2a: Gholdengo|41\/100\n|-unboost|p2a: Gholdengo|spd|1\n|move|p2a: Gholdengo|Make It Rain|p1a: Iron Valiant\n|-supereffective|p1a: Iron Valiant\n|-damage|p1a: Iron Valiant|0 fnt\n|-unboost|p2a: Gholdengo|spa|1\n|faint|p1a: Iron Valiant\n|-end|p1a: Iron Valiant|Quark Drive|[silent]\n|\n|-weather|SunnyDay|[upkeep]\n|upkeep\n|\n|t:|1700332236\n|switch|p1a: Maushold|Maushold-Four|100\/100\n|-damage|p1a: Maushold|88\/100|[from] Stealth Rock\n|-damage|p1a: Maushold|76\/100|[from] Spikes\n|turn|8\n|\n|t:|1700332249\n|switch|p2a: Garganacl|Garganacl, M|100\/100\n|move|p1a: Maushold|Tidy Up|p1a: Maushold\n|-sideend|p1: RainyGhost190|Spikes\n|-sideend|p1: RainyGhost190|Stealth Rock\n|-activate|p1a: Maushold|move: Tidy Up\n|-boost|p1a: Maushold|atk|1\n|-boost|p1a: Maushold|spe|1\n|\n|-weather|none\n|upkeep\n|turn|9\n|\n|t:|1700332269\n|move|p1a: Maushold|Tidy Up|p1a: Maushold\n|-boost|p1a: Maushold|atk|1\n|-boost|p1a: Maushold|spe|1\n|move|p2a: Garganacl|Salt Cure|p1a: Maushold\n|-damage|p1a: Maushold|53\/100\n|-start|p1a: Maushold|Salt Cure\n|\n|-damage|p1a: Maushold|40\/100|[from] Salt Cure\n|upkeep\n|turn|10\n|\n|t:|1700332274\n|switch|p1a: Rillaboom|Rillaboom, M|100\/100\n|-fieldstart|move: Grassy Terrain|[from] ability: Grassy Surge|[of] p1a: Rillaboom\n|move|p2a: Garganacl|Body Press|p1a: Rillaboom\n|-damage|p1a: Rillaboom|68\/100\n|\n|-heal|p1a: Rillaboom|74\/100|[from] Grassy Terrain\n|upkeep\n|turn|11\n|\n|t:|1700332279\n|switch|p2a: Torkoal|Torkoal, F|80\/100\n|-weather|SunnyDay|[from] ability: Drought|[of] p2a: Torkoal\n|move|p1a: Rillaboom|Drain Punch|p2a: Torkoal\n|-damage|p2a: Torkoal|58\/100\n|-heal|p1a: Rillaboom|85\/100|[from] drain|[of] p2a: Torkoal\n|\n|-weather|SunnyDay|[upkeep]\n|-heal|p1a: Rillaboom|91\/100|[from] Grassy Terrain\n|-heal|p2a: Torkoal|64\/100|[from] Grassy Terrain\n|upkeep\n|turn|12\n|inactive|RainyGhost190 has 90 seconds left.\n|\n|t:|1700332295\n|switch|p1a: Samurott|Samurott-Hisui, M|100\/100\n|move|p2a: Torkoal|Lava Plume|p1a: Samurott\n|-resisted|p1a: Samurott\n|-damage|p1a: Samurott|71\/100\n|\n|-weather|SunnyDay|[upkeep]\n|-heal|p1a: Samurott|77\/100|[from] Grassy Terrain\n|-heal|p2a: Torkoal|70\/100|[from] Grassy Terrain\n|upkeep\n|turn|13\n|\n|t:|1700332305\n|move|p1a: Samurott|Ceaseless Edge|p2a: Torkoal\n|-damage|p2a: Torkoal|44\/100\n|-sidestart|p2: WhyDexo|Spikes\n|move|p2a: Torkoal|Stealth Rock|p1a: Samurott\n|-sidestart|p1: RainyGhost190|move: Stealth Rock\n|\n|-weather|SunnyDay|[upkeep]\n|-heal|p1a: Samurott|84\/100|[from] Grassy Terrain\n|-heal|p2a: Torkoal|50\/100|[from] Grassy Terrain\n|upkeep\n|turn|14\n|\n|t:|1700332310\n|move|p1a: Samurott|Ceaseless Edge|p2a: Torkoal\n|-damage|p2a: Torkoal|24\/100\n|-sidestart|p2: WhyDexo|Spikes\n|move|p2a: Torkoal|Rapid Spin|p1a: Samurott\n|-damage|p1a: Samurott|72\/100\n|-boost|p2a: Torkoal|spe|1\n|-sideend|p2: WhyDexo|Spikes|[from] move: Rapid Spin|[of] p2a: Torkoal\n|\n|-weather|SunnyDay|[upkeep]\n|-heal|p1a: Samurott|78\/100|[from] Grassy Terrain\n|-heal|p2a: Torkoal|31\/100|[from] Grassy Terrain\n|-fieldend|move: Grassy Terrain\n|upkeep\n|turn|15\n|\n|t:|1700332317\n|switch|p2a: Great Tusk|Great Tusk|100\/100\n|-activate|p2a: Great Tusk|ability: Protosynthesis\n|-start|p2a: Great Tusk|protosynthesisatk\n|move|p1a: Samurott|Sacred Sword|p2a: Great Tusk\n|-damage|p2a: Great Tusk|68\/100\n|\n|-weather|none\n|-end|p2a: Great Tusk|Protosynthesis\n|upkeep\n|turn|16\n|\n|t:|1700332333\n|switch|p1a: Rillaboom|Rillaboom, M|91\/100\n|-damage|p1a: Rillaboom|79\/100|[from] Stealth Rock\n|-fieldstart|move: Grassy Terrain|[from] ability: Grassy Surge|[of] p1a: Rillaboom\n|move|p2a: Great Tusk|Close Combat|p1a: Rillaboom\n|-damage|p1a: Rillaboom|9\/100\n|-unboost|p2a: Great Tusk|def|1\n|-unboost|p2a: Great Tusk|spd|1\n|\n|-heal|p2a: Great Tusk|75\/100|[from] Grassy Terrain\n|-heal|p1a: Rillaboom|15\/100|[from] Grassy Terrain\n|upkeep\n|turn|17\n|inactive|RainyGhost190 has 120 seconds left.\n|\n|t:|1700332354\n|-end|p2a: Great Tusk|Protosynthesis|[silent]\n|switch|p2a: Enamorus|Enamorus, F|100\/100\n|move|p1a: Rillaboom|Grassy Glide|p2a: Enamorus\n|-resisted|p2a: Enamorus\n|-damage|p2a: Enamorus|54\/100\n|\n|-heal|p1a: Rillaboom|21\/100|[from] Grassy Terrain\n|upkeep\n|turn|18\n|\n|t:|1700332374\n|switch|p1a: Kingambit|Kingambit, F|100\/100\n|-damage|p1a: Kingambit|94\/100|[from] Stealth Rock\n|-activate|p1a: Kingambit|ability: Supreme Overlord\n|-start|p1a: Kingambit|fallen1|[silent]\n|move|p2a: Enamorus|Mystical Fire|p1a: Kingambit\n|-supereffective|p1a: Kingambit\n|-damage|p1a: Kingambit|45\/100\n|-unboost|p1a: Kingambit|spa|1\n|\n|-heal|p1a: Kingambit|51\/100|[from] Grassy Terrain\n|upkeep\n|turn|19\n|\n|t:|1700332395\n|switch|p2a: Torkoal|Torkoal, F|31\/100\n|-weather|SunnyDay|[from] ability: Drought|[of] p2a: Torkoal\n|move|p1a: Kingambit|Iron Head|p2a: Torkoal\n|-resisted|p2a: Torkoal\n|-damage|p2a: Torkoal|15\/100\n|\n|-weather|SunnyDay|[upkeep]\n|-heal|p1a: Kingambit|57\/100|[from] Grassy Terrain\n|-heal|p2a: Torkoal|21\/100|[from] Grassy Terrain\n|upkeep\n|turn|20\n|inactive|RainyGhost190 has 120 seconds left.\n|\n|t:|1700332403\n|-end|p1a: Kingambit|fallen1|[silent]\n|switch|p1a: Samurott|Samurott-Hisui, M|78\/100\n|-damage|p1a: Samurott|66\/100|[from] Stealth Rock\n|move|p2a: Torkoal|Lava Plume|p1a: Samurott\n|-resisted|p1a: Samurott\n|-damage|p1a: Samurott|39\/100\n|\n|-weather|SunnyDay|[upkeep]\n|-heal|p1a: Samurott|45\/100|[from] Grassy Terrain\n|-heal|p2a: Torkoal|27\/100|[from] Grassy Terrain\n|-fieldend|move: Grassy Terrain\n|upkeep\n|turn|21\n|inactive|RainyGhost190 has 120 seconds left.\n|\n|t:|1700332414\n|move|p1a: Samurott|Razor Shell|p2a: Torkoal\n|-supereffective|p2a: Torkoal\n|-damage|p2a: Torkoal|0 fnt\n|faint|p2a: Torkoal\n|\n|-weather|SunnyDay|[upkeep]\n|upkeep\n|\n|t:|1700332417\n|switch|p2a: Great Tusk|Great Tusk|75\/100\n|-activate|p2a: Great Tusk|ability: Protosynthesis\n|-start|p2a: Great Tusk|protosynthesisatk\n|turn|22\n|inactive|RainyGhost190 has 120 seconds left.\n|\n|t:|1700332434\n|move|p2a: Great Tusk|Close Combat|p1a: Samurott\n|-supereffective|p1a: Samurott\n|-enditem|p1a: Samurott|Chople Berry|[eat]\n|-enditem|p1a: Samurott|Chople Berry|[weaken]\n|-damage|p1a: Samurott|0 fnt\n|-unboost|p2a: Great Tusk|def|1\n|-unboost|p2a: Great Tusk|spd|1\n|faint|p1a: Samurott\n|\n|-weather|SunnyDay|[upkeep]\n|upkeep\n|inactive|RainyGhost190 has 120 seconds left.\n|\n|t:|1700332441\n|switch|p1a: Gholdengo|Gholdengo|100\/100\n|-damage|p1a: Gholdengo|94\/100|[from] Stealth Rock\n|turn|23\n|inactive|RainyGhost190 has 120 seconds left.\n|\n|t:|1700332459\n|move|p2a: Great Tusk|Headlong Rush|p1a: Gholdengo\n|-supereffective|p1a: Gholdengo\n|-damage|p1a: Gholdengo|0 fnt\n|-unboost|p2a: Great Tusk|def|1\n|-unboost|p2a: Great Tusk|spd|1\n|faint|p1a: Gholdengo\n|\n|-weather|none\n|-end|p2a: Great Tusk|Protosynthesis\n|upkeep\n|inactive|RainyGhost190 has 120 seconds left.\n|\n|t:|1700332468\n|switch|p1a: Rillaboom|Rillaboom, M|21\/100\n|-damage|p1a: Rillaboom|9\/100|[from] Stealth Rock\n|-fieldstart|move: Grassy Terrain|[from] ability: Grassy Surge|[of] p1a: Rillaboom\n|turn|24\n|inactive|RainyGhost190 has 120 seconds left.\n|\n|t:|1700332483\n|-end|p2a: Great Tusk|Protosynthesis|[silent]\n|switch|p2a: Gholdengo|Gholdengo|41\/100\n|move|p1a: Rillaboom|Grassy Glide|p2a: Gholdengo\n|-resisted|p2a: Gholdengo\n|-damage|p2a: Gholdengo|13\/100\n|\n|-heal|p2a: Gholdengo|19\/100|[from] Grassy Terrain\n|-heal|p1a: Rillaboom|15\/100|[from] Grassy Terrain\n|upkeep\n|turn|25\n|inactive|RainyGhost190 has 120 seconds left.\n|\n|t:|1700332495\n|move|p1a: Rillaboom|Grassy Glide|p2a: Gholdengo\n|-resisted|p2a: Gholdengo\n|-damage|p2a: Gholdengo|0 fnt\n|faint|p2a: Gholdengo\n|\n|-heal|p1a: Rillaboom|21\/100|[from] Grassy Terrain\n|upkeep\n|\n|t:|1700332498\n|switch|p2a: Enamorus|Enamorus, F|54\/100\n|turn|26\n|\n|t:|1700332512\n|-terastallize|p1a: Rillaboom|Grass\n|move|p1a: Rillaboom|Grassy Glide|p2a: Enamorus\n|-resisted|p2a: Enamorus\n|-damage|p2a: Enamorus|0 fnt\n|faint|p2a: Enamorus\n|\n|-heal|p1a: Rillaboom|27\/100|[from] Grassy Terrain\n|upkeep\n|\n|t:|1700332522\n|switch|p2a: Garganacl|Garganacl, M|100\/100\n|turn|27\n|\n|t:|1700332536\n|-terastallize|p2a: Garganacl|Fairy\n|move|p1a: Rillaboom|Grassy Glide|p2a: Garganacl\n|-damage|p2a: Garganacl|60\/100\n|move|p2a: Garganacl|Body Press|p1a: Rillaboom\n|-damage|p1a: Rillaboom|0 fnt\n|faint|p1a: Rillaboom\n|\n|-heal|p2a: Garganacl|67\/100|[from] Grassy Terrain\n|-heal|p2a: Garganacl|73\/100|[from] item: Leftovers\n|upkeep\n|\n|t:|1700332539\n|switch|p1a: Kingambit|Kingambit, F|57\/100\n|-damage|p1a: Kingambit|51\/100|[from] Stealth Rock\n|-activate|p1a: Kingambit|ability: Supreme Overlord\n|-start|p1a: Kingambit|fallen4|[silent]\n|turn|28\n|\n|t:|1700332549\n|move|p1a: Kingambit|Iron Head|p2a: Garganacl\n|-supereffective|p2a: Garganacl\n|-damage|p2a: Garganacl|0 fnt\n|faint|p2a: Garganacl\n|\n|-heal|p1a: Kingambit|57\/100|[from] Grassy Terrain\n|-fieldend|move: Grassy Terrain\n|upkeep\n|\n|t:|1700332551\n|switch|p2a: Great Tusk|Great Tusk|75\/100\n|turn|29\n|\n|t:|1700332567\n|move|p1a: Kingambit|Sucker Punch|p2a: Great Tusk\n|-resisted|p2a: Great Tusk\n|-damage|p2a: Great Tusk|53\/100\n|move|p2a: Great Tusk|Close Combat|p1a: Kingambit\n|-supereffective|p1a: Kingambit\n|-damage|p1a: Kingambit|0 fnt\n|-unboost|p2a: Great Tusk|def|1\n|-unboost|p2a: Great Tusk|spd|1\n|faint|p1a: Kingambit\n|-end|p1a: Kingambit|fallen4|[silent]\n|\n|upkeep\n|\n|t:|1700332570\n|switch|p1a: Maushold|Maushold-Four|40\/100\n|-damage|p1a: Maushold|28\/100|[from] Stealth Rock\n|turn|30\n|\n|t:|1700332574\n|move|p1a: Maushold|Population Bomb|p2a: Great Tusk\n|-damage|p2a: Great Tusk|41\/100\n|-damage|p2a: Great Tusk|30\/100\n|-damage|p2a: Great Tusk|19\/100\n|-damage|p2a: Great Tusk|7\/100\n|-damage|p2a: Great Tusk|0 fnt\n|faint|p2a: Great Tusk\n|-end|p2a: Great Tusk|Protosynthesis|[silent]\n|-hitcount|p2: Great Tusk|5\n|\n|win|RainyGhost190\n|raw|RainyGhost190's rating: 1139 &rarr; <strong>1158<\/strong><br \/>(+19 for winning)\n|raw|WhyDexo's rating: 1053 &rarr; <strong>1039<\/strong><br \/>(-14 for losing)\n","uploadtime":1700332582,"views":8,"p1id":"rainyghost190","p2id":"whydexo","formatid":"gen9ou","rating":1039,"private":0,"password":""}