{"id":"gen9ou-1989891537","p1":"Nitro524","p2":"Avoidtk","format":"[Gen 9] OU","log":"|j|\u2606Nitro524\n|j|\u2606Avoidtk\n|t:|1699904365\n|gametype|singles\n|player|p1|Nitro524|hilbert|1385\n|player|p2|Avoidtk|doubleteam|1408\n|teamsize|p1|6\n|teamsize|p2|6\n|gen|9\n|tier|[Gen 9] OU\n|rated|\n|rule|Sleep Clause Mod: Limit one foe put to sleep\n|rule|Species Clause: Limit one of each Pok\u00e9mon\n|rule|OHKO Clause: OHKO moves are banned\n|rule|Evasion Items Clause: Evasion items are banned\n|rule|Evasion Moves Clause: Evasion moves are banned\n|rule|Endless Battle Clause: Forcing endless battles is banned\n|rule|HP Percentage Mod: HP is shown in percentages\n|clearpoke\n|poke|p1|Samurott-Hisui, M|\n|poke|p1|Ceruledge, M|\n|poke|p1|Gholdengo|\n|poke|p1|Corviknight, M|\n|poke|p1|Clodsire, F|\n|poke|p1|Kingambit, M|\n|poke|p2|Kingambit, F|\n|poke|p2|Iron Valiant|\n|poke|p2|Iron Moth|\n|poke|p2|Dondozo, M|\n|poke|p2|Clefable, M|\n|poke|p2|Toxapex, F|\n|teampreview\n|inactive|Battle timer is ON: inactive players will automatically lose when time's up. (requested by Nitro524)\n|c|\u2606Nitro524|glhf\n|\n|t:|1699904377\n|start\n|switch|p1a: Masakado|Samurott-Hisui, M, shiny|100\/100\n|switch|p2a: Clefable|Clefable, M|100\/100\n|turn|1\n|c|\u2606Avoidtk|u2\n|\n|t:|1699904381\n|move|p1a: Masakado|Flip Turn|p2a: Clefable\n|-damage|p2a: Clefable|79\/100\n|\n|t:|1699904402\n|switch|p1a: Checkmate|Kingambit, M|100\/100|[from] Flip Turn\n|move|p2a: Clefable|Moonblast|p1a: Checkmate\n|-damage|p1a: Checkmate|65\/100\n|\n|-heal|p1a: Checkmate|72\/100|[from] item: Leftovers\n|-heal|p2a: Clefable|85\/100|[from] item: Leftovers\n|upkeep\n|turn|2\n|\n|t:|1699904408\n|switch|p2a: Dondozo|Dondozo, M|100\/100\n|move|p1a: Checkmate|Iron Head|p2a: Dondozo\n|-resisted|p2a: Dondozo\n|-damage|p2a: Dondozo|90\/100\n|\n|-heal|p1a: Checkmate|78\/100|[from] item: Leftovers\n|-heal|p2a: Dondozo|96\/100|[from] item: Leftovers\n|upkeep\n|turn|3\n|\n|t:|1699904426\n|-end|p1a: Checkmate|fallenundefined|[silent]\n|switch|p1a: Prince|Gholdengo|100\/100\n|move|p2a: Dondozo|Body Press|p1a: Prince\n|-immune|p1a: Prince\n|\n|-heal|p2a: Dondozo|100\/100|[from] item: Leftovers\n|upkeep\n|turn|4\n|\n|t:|1699904435\n|switch|p2a: Toxapex|Toxapex, F|100\/100\n|move|p1a: Prince|Shadow Ball|p2a: Toxapex\n|-damage|p2a: Toxapex|72\/100\n|\n|-heal|p2a: Toxapex|78\/100|[from] item: Leftovers\n|upkeep\n|turn|5\n|\n|t:|1699904442\n|move|p1a: Prince|Shadow Ball|p2a: Toxapex\n|-damage|p2a: Toxapex|50\/100\n|move|p2a: Toxapex|Surf|p1a: Prince\n|-damage|p1a: Prince|83\/100\n|\n|-heal|p1a: Prince|89\/100|[from] item: Leftovers\n|-heal|p2a: Toxapex|56\/100|[from] item: Leftovers\n|upkeep\n|turn|6\n|\n|t:|1699904447\n|move|p1a: Prince|Nasty Plot|p1a: Prince\n|-boost|p1a: Prince|spa|2\n|move|p2a: Toxapex|Recover|p2a: Toxapex\n|-heal|p2a: Toxapex|100\/100\n|\n|-heal|p1a: Prince|95\/100|[from] item: Leftovers\n|upkeep\n|turn|7\n|\n|t:|1699904452\n|move|p1a: Prince|Shadow Ball|p2a: Toxapex\n|-damage|p2a: Toxapex|41\/100\n|move|p2a: Toxapex|Haze|p2a: Toxapex\n|-clearallboost\n|\n|-heal|p1a: Prince|100\/100|[from] item: Leftovers\n|-heal|p2a: Toxapex|48\/100|[from] item: Leftovers\n|upkeep\n|turn|8\n|\n|t:|1699904457\n|move|p1a: Prince|Shadow Ball|p2a: Toxapex\n|-damage|p2a: Toxapex|21\/100\n|move|p2a: Toxapex|Recover|p2a: Toxapex\n|-heal|p2a: Toxapex|71\/100\n|\n|-heal|p2a: Toxapex|77\/100|[from] item: Leftovers\n|upkeep\n|turn|9\n|\n|t:|1699904466\n|switch|p2a: Kingambit|Kingambit, F|100\/100\n|move|p1a: Prince|Shadow Ball|p2a: Kingambit\n|-resisted|p2a: Kingambit\n|-damage|p2a: Kingambit|82\/100\n|\n|-heal|p2a: Kingambit|88\/100|[from] item: Leftovers\n|upkeep\n|turn|10\n|\n|t:|1699904481\n|switch|p1a: Masakado|Samurott-Hisui, M, shiny|100\/100\n|move|p2a: Kingambit|Sucker Punch||[still]\n|-fail|p2a: Kingambit\n|\n|-heal|p2a: Kingambit|94\/100|[from] item: Leftovers\n|upkeep\n|turn|11\n|\n|t:|1699904496\n|-end|p2a: Kingambit|fallenundefined|[silent]\n|switch|p2a: Dondozo|Dondozo, M|100\/100\n|move|p1a: Masakado|Sacred Sword|p2a: Dondozo\n|-damage|p2a: Dondozo|83\/100\n|\n|-heal|p2a: Dondozo|89\/100|[from] item: Leftovers\n|upkeep\n|turn|12\n|\n|t:|1699904509\n|switch|p1a: Regan|Clodsire, F|100\/100\n|switch|p2a: Iron Moth|Iron Moth|100\/100\n|-enditem|p2a: Iron Moth|Booster Energy\n|-activate|p2a: Iron Moth|ability: Quark Drive|[fromitem]\n|-start|p2a: Iron Moth|quarkdrivespe\n|\n|upkeep\n|turn|13\n|inactive|Avoidtk has 120 seconds left.\n|\n|t:|1699904541\n|-end|p2a: Iron Moth|Quark Drive|[silent]\n|switch|p2a: Dondozo|Dondozo, M|89\/100\n|move|p1a: Regan|Earthquake|p2a: Dondozo\n|-damage|p2a: Dondozo|76\/100\n|\n|-heal|p2a: Dondozo|83\/100|[from] item: Leftovers\n|upkeep\n|turn|14\n|\n|t:|1699904546\n|switch|p2a: Iron Valiant|Iron Valiant|100\/100\n|-enditem|p2a: Iron Valiant|Booster Energy\n|-activate|p2a: Iron Valiant|ability: Quark Drive|[fromitem]\n|-start|p2a: Iron Valiant|quarkdrivespe\n|move|p1a: Regan|Toxic|p2a: Iron Valiant\n|-status|p2a: Iron Valiant|tox\n|\n|-damage|p2a: Iron Valiant|94\/100 tox|[from] psn\n|upkeep\n|turn|15\n|\n|t:|1699904559\n|move|p2a: Iron Valiant|Calm Mind|p2a: Iron Valiant\n|-boost|p2a: Iron Valiant|spa|1\n|-boost|p2a: Iron Valiant|spd|1\n|move|p1a: Regan|Stealth Rock|p2a: Iron Valiant\n|-sidestart|p2: Avoidtk|move: Stealth Rock\n|\n|-damage|p2a: Iron Valiant|82\/100 tox|[from] psn\n|upkeep\n|turn|16\n|\n|t:|1699904569\n|move|p2a: Iron Valiant|Psyshock|p1a: Regan\n|-supereffective|p1a: Regan\n|-damage|p1a: Regan|43\/100\n|move|p1a: Regan|Earthquake|p2a: Iron Valiant\n|-damage|p2a: Iron Valiant|46\/100 tox\n|\n|-heal|p1a: Regan|50\/100|[from] item: Leftovers\n|-damage|p2a: Iron Valiant|28\/100 tox|[from] psn\n|upkeep\n|turn|17\n|\n|t:|1699904577\n|switch|p1a: Masakado|Samurott-Hisui, M, shiny|100\/100\n|move|p2a: Iron Valiant|Psyshock|p1a: Masakado\n|-immune|p1a: Masakado\n|\n|-damage|p2a: Iron Valiant|3\/100 tox|[from] psn\n|upkeep\n|turn|18\n|\n|t:|1699904592\n|switch|p1a: Apollo|Ceruledge, M|100\/100\n|move|p2a: Iron Valiant|Moonblast|p1a: Apollo\n|-resisted|p1a: Apollo\n|-damage|p1a: Apollo|56\/100\n|-unboost|p1a: Apollo|spa|1\n|\n|-damage|p2a: Iron Valiant|0 fnt|[from] psn\n|faint|p2a: Iron Valiant\n|-end|p2a: Iron Valiant|Quark Drive|[silent]\n|upkeep\n|\n|t:|1699904617\n|switch|p2a: Kingambit|Kingambit, F|94\/100\n|-damage|p2a: Kingambit|88\/100|[from] Stealth Rock\n|-activate|p2a: Kingambit|ability: Supreme Overlord\n|-start|p2a: Kingambit|fallen1|[silent]\n|turn|19\n|\n|t:|1699904629\n|switch|p1a: Masakado|Samurott-Hisui, M, shiny|100\/100\n|move|p2a: Kingambit|Swords Dance|p2a: Kingambit\n|-boost|p2a: Kingambit|atk|2\n|\n|-heal|p2a: Kingambit|94\/100|[from] item: Leftovers\n|upkeep\n|turn|20\n|\n|t:|1699904635\n|-terastallize|p2a: Kingambit|Fairy\n|move|p1a: Masakado|Sacred Sword|p2a: Kingambit\n|-resisted|p2a: Kingambit\n|-crit|p2a: Kingambit\n|-damage|p2a: Kingambit|70\/100\n|move|p2a: Kingambit|Kowtow Cleave|p1a: Masakado\n|-resisted|p1a: Masakado\n|-damage|p1a: Masakado|24\/100\n|\n|-heal|p2a: Kingambit|77\/100|[from] item: Leftovers\n|upkeep\n|turn|21\n|inactive|Nitro524 has 120 seconds left.\n|\n|t:|1699904666\n|switch|p1a: Checkmate|Kingambit, M|78\/100\n|move|p2a: Kingambit|Kowtow Cleave|p1a: Checkmate\n|-resisted|p1a: Checkmate\n|-damage|p1a: Checkmate|34\/100\n|\n|-heal|p1a: Checkmate|41\/100|[from] item: Leftovers\n|-heal|p2a: Kingambit|83\/100|[from] item: Leftovers\n|upkeep\n|turn|22\n|\n|t:|1699904679\n|move|p1a: Checkmate|Iron Head|p2a: Kingambit\n|-supereffective|p2a: Kingambit\n|-damage|p2a: Kingambit|17\/100\n|move|p2a: Kingambit|Kowtow Cleave|p1a: Checkmate\n|-resisted|p1a: Checkmate\n|-damage|p1a: Checkmate|0 fnt\n|faint|p1a: Checkmate\n|-end|p1a: Checkmate|fallenundefined|[silent]\n|\n|-heal|p2a: Kingambit|23\/100|[from] item: Leftovers\n|upkeep\n|\n|t:|1699904686\n|switch|p1a: Apollo|Ceruledge, M|56\/100\n|turn|23\n|\n|t:|1699904692\n|move|p1a: Apollo|Shadow Sneak|p2a: Kingambit\n|-damage|p2a: Kingambit|7\/100\n|move|p2a: Kingambit|Kowtow Cleave|p1a: Apollo\n|-supereffective|p1a: Apollo\n|-damage|p1a: Apollo|0 fnt\n|faint|p1a: Apollo\n|\n|-heal|p2a: Kingambit|13\/100|[from] item: Leftovers\n|upkeep\n|\n|t:|1699904699\n|switch|p1a: Masakado|Samurott-Hisui, M, shiny|24\/100\n|turn|24\n|\n|t:|1699904711\n|switch|p1a: Regan|Clodsire, F|50\/100\n|move|p2a: Kingambit|Sucker Punch||[still]\n|-fail|p2a: Kingambit\n|\n|-heal|p2a: Kingambit|20\/100|[from] item: Leftovers\n|-heal|p1a: Regan|56\/100|[from] item: Leftovers\n|upkeep\n|turn|25\n|\n|t:|1699904716\n|move|p2a: Kingambit|Kowtow Cleave|p1a: Regan\n|-damage|p1a: Regan|0 fnt\n|faint|p1a: Regan\n|\n|-heal|p2a: Kingambit|26\/100|[from] item: Leftovers\n|upkeep\n|\n|t:|1699904722\n|switch|p1a: Aren|Corviknight, M|100\/100\n|-ability|p1a: Aren|Pressure\n|turn|26\n|\n|t:|1699904726\n|move|p1a: Aren|Brave Bird|p2a: Kingambit\n|-damage|p2a: Kingambit|0 fnt\n|faint|p2a: Kingambit\n|-end|p2a: Kingambit|fallen1|[silent]\n|-damage|p1a: Aren|92\/100|[from] Recoil\n|\n|upkeep\n|\n|t:|1699904733\n|switch|p2a: Iron Moth|Iron Moth|100\/100\n|-damage|p2a: Iron Moth|76\/100|[from] Stealth Rock\n|turn|27\n|\n|t:|1699904738\n|move|p2a: Iron Moth|Fiery Dance|p1a: Aren\n|-supereffective|p1a: Aren\n|-damage|p1a: Aren|10\/100\n|-boost|p2a: Iron Moth|spa|1\n|move|p1a: Aren|Brave Bird|p2a: Iron Moth\n|-damage|p2a: Iron Moth|25\/100\n|-damage|p1a: Aren|0 fnt|[from] Recoil\n|faint|p1a: Aren\n|\n|upkeep\n|\n|t:|1699904740\n|switch|p1a: Masakado|Samurott-Hisui, M, shiny|24\/100\n|turn|28\n|\n|t:|1699904748\n|move|p1a: Masakado|Flip Turn|p2a: Iron Moth\n|-supereffective|p2a: Iron Moth\n|-damage|p2a: Iron Moth|0 fnt\n|faint|p2a: Iron Moth\n|-end|p2a: Iron Moth|Quark Drive|[silent]\n|\n|t:|1699904751\n|switch|p1a: Prince|Gholdengo|100\/100|[from] Flip Turn\n|\n|upkeep\n|\n|t:|1699904765\n|switch|p2a: Clefable|Clefable, M|85\/100\n|turn|29\n|\n|t:|1699904772\n|switch|p2a: Toxapex|Toxapex, F|100\/100\n|-damage|p2a: Toxapex|88\/100|[from] Stealth Rock\n|move|p1a: Prince|Shadow Ball|p2a: Toxapex\n|-crit|p2a: Toxapex\n|-damage|p2a: Toxapex|42\/100\n|-unboost|p2a: Toxapex|spd|1\n|\n|-heal|p2a: Toxapex|48\/100|[from] item: Leftovers\n|upkeep\n|turn|30\n|\n|t:|1699904777\n|switch|p2a: Clefable|Clefable, M|85\/100\n|move|p1a: Prince|Shadow Ball|p2a: Clefable\n|-damage|p2a: Clefable|48\/100\n|\n|-heal|p2a: Clefable|54\/100|[from] item: Leftovers\n|upkeep\n|turn|31\n|c|\u2606Nitro524|i've been practicing stallbreaking all day\n|c|\u2606Nitro524|lol\n|c|\u2606Nitro524|how'd i do\n|\n|t:|1699904791\n|move|p1a: Prince|Shadow Ball|p2a: Clefable\n|-damage|p2a: Clefable|23\/100\n|move|p2a: Clefable|Knock Off|p1a: Prince\n|-supereffective|p1a: Prince\n|-damage|p1a: Prince|78\/100\n|-enditem|p1a: Prince|Leftovers|[from] move: Knock Off|[of] p2a: Clefable\n|\n|-heal|p2a: Clefable|29\/100|[from] item: Leftovers\n|upkeep\n|turn|32\n|c|\u2606Avoidtk|eh\n|\n|t:|1699904810\n|move|p2a: Clefable|Protect|p2a: Clefable\n|-singleturn|p2a: Clefable|Protect\n|move|p1a: Prince|Shadow Ball|p2a: Clefable\n|-activate|p2a: Clefable|move: Protect\n|\n|-heal|p2a: Clefable|35\/100|[from] item: Leftovers\n|upkeep\n|turn|33\n|\n|t:|1699904814\n|move|p1a: Prince|Shadow Ball|p2a: Clefable\n|-damage|p2a: Clefable|1\/100\n|move|p2a: Clefable|Wish|p2a: Clefable\n|\n|-heal|p2a: Clefable|7\/100|[from] item: Leftovers\n|upkeep\n|turn|34\n|\n|t:|1699904821\n|move|p2a: Clefable|Protect|p2a: Clefable\n|-singleturn|p2a: Clefable|Protect\n|move|p1a: Prince|Recover|p1a: Prince\n|-heal|p1a: Prince|100\/100\n|\n|-heal|p2a: Clefable|57\/100|[from] move: Wish|[wisher] Clefable\n|-heal|p2a: Clefable|63\/100|[from] item: Leftovers\n|upkeep\n|turn|35\n|-message|Avoidtk forfeited.\n|\n|win|Nitro524\n|raw|Nitro524's rating: 1385 &rarr; <strong>1406<\/strong><br \/>(+21 for winning)\n|raw|Avoidtk's rating: 1408 &rarr; <strong>1387<\/strong><br \/>(-21 for losing)\n|l|\u2606Avoidtk\n|c|\u2606Nitro524|lmfao\n","uploadtime":1699904833,"views":28,"p1id":"nitro524","p2id":"avoidtk","formatid":"gen9ou","rating":1387,"private":0,"password":""}