{"id":"gen9ou-1995021811","p1":"Irvantheboredone","p2":"BoutaGetSwepthaha","format":"[Gen 9] OU","log":"|j|\u2606Irvantheboredone\n|j|\u2606BoutaGetSwepthaha\n|t:|1700514248\n|gametype|singles\n|player|p1|Irvantheboredone|unknown|1188\n|player|p2|BoutaGetSwepthaha|265|1218\n|teamsize|p1|6\n|teamsize|p2|6\n|gen|9\n|tier|[Gen 9] OU\n|rated|\n|rule|Sleep Clause Mod: Limit one foe put to sleep\n|rule|Species Clause: Limit one of each Pok\u00e9mon\n|rule|OHKO Clause: OHKO moves are banned\n|rule|Evasion Items Clause: Evasion items are banned\n|rule|Evasion Moves Clause: Evasion moves are banned\n|rule|Endless Battle Clause: Forcing endless battles is banned\n|rule|HP Percentage Mod: HP is shown in percentages\n|clearpoke\n|poke|p1|Glimmora, M|\n|poke|p1|Cresselia, F|\n|poke|p1|Infernape, M|\n|poke|p1|Kommo-o, F|\n|poke|p1|Zapdos-Galar|\n|poke|p1|Ribombee, M|\n|poke|p2|Haxorus, F|\n|poke|p2|Landorus-Therian, M|\n|poke|p2|Enamorus, F|\n|poke|p2|Kingambit, M|\n|poke|p2|Cinderace, M|\n|poke|p2|Zamazenta-*|\n|teampreview\n|inactive|Battle timer is ON: inactive players will automatically lose when time's up. (requested by BoutaGetSwepthaha)\n|c|\u2606Irvantheboredone|Man I need ice and water\n|\n|t:|1700514274\n|start\n|switch|p1a: Drone|Glimmora, M|100\/100\n|switch|p2a: Landorus|Landorus-Therian, M|100\/100\n|-item|p1a: Drone|Air Balloon\n|-ability|p2a: Landorus|Intimidate|boost\n|-unboost|p1a: Drone|atk|1\n|turn|1\n|\n|t:|1700514281\n|move|p1a: Drone|Energy Ball|p2a: Landorus\n|-damage|p2a: Landorus|61\/100\n|move|p2a: Landorus|U-turn|p1a: Drone\n|-resisted|p1a: Drone\n|-damage|p1a: Drone|88\/100\n|-activate|p1a: Drone|ability: Toxic Debris\n|-sidestart|p2: BoutaGetSwepthaha|move: Toxic Spikes\n|-enditem|p1a: Drone|Air Balloon\n|inactive|BoutaGetSwepthaha has 120 seconds left.\n|\n|t:|1700514319\n|switch|p2a: Haxorus|Haxorus, F|100\/100|[from] U-turn\n|-status|p2a: Haxorus|psn\n|-enditem|p2a: Haxorus|Lum Berry|[eat]\n|-curestatus|p2a: Haxorus|psn|[msg]\n|-ability|p2a: Haxorus|Mold Breaker\n|\n|upkeep\n|turn|2\n|inactive|BoutaGetSwepthaha has 120 seconds left.\n|\n|t:|1700514336\n|move|p2a: Haxorus|Dragon Dance|p2a: Haxorus\n|-boost|p2a: Haxorus|atk|1\n|-boost|p2a: Haxorus|spe|1\n|move|p1a: Drone|Sludge Wave|p2a: Haxorus\n|-damage|p2a: Haxorus|15\/100\n|\n|upkeep\n|turn|3\n|\n|t:|1700514344\n|move|p2a: Haxorus|Earthquake|p1a: Drone\n|-supereffective|p1a: Drone\n|-damage|p1a: Drone|0 fnt\n|-activate|p1a: Drone|ability: Toxic Debris\n|-sidestart|p2: BoutaGetSwepthaha|move: Toxic Spikes\n|faint|p1a: Drone\n|\n|upkeep\n|\n|t:|1700514351\n|switch|p1a: Turret|Zapdos-Galar|100\/100\n|turn|4\n|\n|t:|1700514364\n|move|p1a: Turret|Dual Wingbeat|p2a: Haxorus\n|-damage|p2a: Haxorus|0 fnt\n|faint|p2a: Haxorus\n|-hitcount|p2: Haxorus|1\n|\n|upkeep\n|\n|t:|1700514371\n|switch|p2a: Cinderace|Cinderace, M|100\/100\n|turn|5\n|\n|t:|1700514376\n|move|p1a: Turret|Dual Wingbeat|p2a: Cinderace|[miss]\n|-miss|p1a: Turret|p2a: Cinderace\n|move|p2a: Cinderace|Court Change|p2a: Cinderace\n|-start|p2a: Cinderace|typechange|Normal|[from] ability: Libero\n|-swapsideconditions\n|-activate|p2a: Cinderace|move: Court Change\n|\n|upkeep\n|turn|6\n|c|\u2606Irvantheboredone|Man\n|\n|t:|1700514383\n|move|p1a: Turret|Dual Wingbeat|p2a: Cinderace\n|-damage|p2a: Cinderace|70\/100\n|-crit|p2a: Cinderace\n|-damage|p2a: Cinderace|24\/100\n|-hitcount|p2a: Cinderace|2\n|move|p2a: Cinderace|Pyro Ball|p1a: Turret\n|-damage|p1a: Turret|55\/100\n|\n|upkeep\n|turn|7\n|\n|t:|1700514393\n|move|p1a: Turret|Dual Wingbeat|p2a: Cinderace\n|-damage|p2a: Cinderace|0 fnt\n|faint|p2a: Cinderace\n|-hitcount|p2: Cinderace|1\n|\n|upkeep\n|\n|t:|1700514403\n|switch|p2a: Landorus|Landorus-Therian, M|61\/100\n|-ability|p2a: Landorus|Intimidate|boost\n|-unboost|p1a: Turret|atk|1\n|-ability|p1a: Turret|Defiant|boost\n|-boost|p1a: Turret|atk|2\n|turn|8\n|\n|t:|1700514406\n|move|p1a: Turret|Dual Wingbeat|p2a: Landorus|[miss]\n|-miss|p1a: Turret|p2a: Landorus\n|move|p2a: Landorus|Stealth Rock|p1a: Turret\n|-sidestart|p1: Irvantheboredone|move: Stealth Rock\n|\n|upkeep\n|turn|9\n|c|\u2606Irvantheboredone|M a n\n|\n|t:|1700514411\n|move|p1a: Turret|Dual Wingbeat|p2a: Landorus\n|-damage|p2a: Landorus|36\/100\n|-damage|p2a: Landorus|14\/100\n|-hitcount|p2a: Landorus|2\n|move|p2a: Landorus|U-turn|p1a: Turret\n|-resisted|p1a: Turret\n|-damage|p1a: Turret|49\/100\n|\n|t:|1700514425\n|switch|p2a: Enamorus|Enamorus, F|100\/100|[from] U-turn\n|\n|upkeep\n|turn|10\n|\n|t:|1700514430\n|move|p1a: Turret|Dual Wingbeat|p2a: Enamorus\n|-damage|p2a: Enamorus|50\/100\n|-damage|p2a: Enamorus|0 fnt\n|faint|p2a: Enamorus\n|-hitcount|p2: Enamorus|2\n|\n|upkeep\n|\n|t:|1700514438\n|switch|p2a: Landorus|Landorus-Therian, M|14\/100\n|-ability|p2a: Landorus|Intimidate|boost\n|-unboost|p1a: Turret|atk|1\n|-ability|p1a: Turret|Defiant|boost\n|-boost|p1a: Turret|atk|2\n|turn|11\n|c|\u2606Irvantheboredone|A low roll and I was dead ong\n|c|\u2606Irvantheboredone|Watch me miss\n|\n|t:|1700514447\n|move|p1a: Turret|Dual Wingbeat|p2a: Landorus\n|-damage|p2a: Landorus|0 fnt\n|faint|p2a: Landorus\n|-hitcount|p2: Landorus|1\n|\n|upkeep\n|c|\u2606Irvantheboredone|Watch me miss now\n|\n|t:|1700514455\n|switch|p2a: Kingambit|Kingambit, M|100\/100\n|-activate|p2a: Kingambit|ability: Supreme Overlord\n|-start|p2a: Kingambit|fallen4|[silent]\n|turn|12\n|\n|t:|1700514458\n|move|p2a: Kingambit|Sucker Punch|p1a: Turret\n|-resisted|p1a: Turret\n|-damage|p1a: Turret|7\/100\n|-damage|p2a: Kingambit|91\/100|[from] item: Life Orb\n|move|p1a: Turret|Dual Wingbeat|p2a: Kingambit\n|-resisted|p2a: Kingambit\n|-damage|p2a: Kingambit|75\/100\n|-resisted|p2a: Kingambit\n|-crit|p2a: Kingambit\n|-damage|p2a: Kingambit|49\/100\n|-hitcount|p2a: Kingambit|2\n|\n|upkeep\n|turn|13\n|\n|t:|1700514461\n|move|p2a: Kingambit|Sucker Punch|p1a: Turret\n|-resisted|p1a: Turret\n|-damage|p1a: Turret|0 fnt\n|faint|p1a: Turret\n|-damage|p2a: Kingambit|39\/100|[from] item: Life Orb\n|\n|upkeep\n|\n|t:|1700514468\n|switch|p1a: Idol|Ribombee, M|100\/100\n|-status|p1a: Idol|tox\n|-damage|p1a: Idol|76\/100 tox|[from] Stealth Rock\n|turn|14\n|\n|t:|1700514488\n|move|p2a: Kingambit|Sucker Punch||[still]\n|-fail|p2a: Kingambit\n|move|p1a: Idol|Sticky Web|p2a: Kingambit\n|-sidestart|p2: BoutaGetSwepthaha|move: Sticky Web\n|\n|-damage|p1a: Idol|70\/100 tox|[from] psn\n|upkeep\n|turn|15\n|\n|t:|1700514493\n|move|p1a: Idol|Reflect|p1a: Idol\n|-sidestart|p1: Irvantheboredone|Reflect\n|move|p2a: Kingambit|Swords Dance|p2a: Kingambit\n|-boost|p2a: Kingambit|atk|2\n|\n|-damage|p1a: Idol|57\/100 tox|[from] psn\n|upkeep\n|turn|16\n|\n|t:|1700514500\n|move|p1a: Idol|Moonblast|p2a: Kingambit\n|-crit|p2a: Kingambit\n|-damage|p2a: Kingambit|0 fnt\n|faint|p2a: Kingambit\n|-end|p2a: Kingambit|fallen4|[silent]\n|\n|-damage|p1a: Idol|39\/100 tox|[from] psn\n|upkeep\n|\n|t:|1700514503\n|switch|p2a: Zamazenta|Zamazenta|100\/100\n|-activate|p2a: Zamazenta|move: Sticky Web\n|-unboost|p2a: Zamazenta|spe|1\n|-ability|p2a: Zamazenta|Dauntless Shield|boost\n|-boost|p2a: Zamazenta|def|1\n|turn|17\n|-message|BoutaGetSwepthaha forfeited.\n|\n|win|Irvantheboredone\n|raw|Irvantheboredone's rating: 1188 &rarr; <strong>1215<\/strong><br \/>(+27 for winning)\n|raw|BoutaGetSwepthaha's rating: 1218 &rarr; <strong>1191<\/strong><br \/>(-27 for losing)\n|l|\u2606BoutaGetSwepthaha\n","uploadtime":1700514515,"views":9,"p1id":"irvantheboredone","p2id":"boutagetswepthaha","formatid":"gen9ou","rating":1191,"private":0,"password":""}