{"id":"gen9ou-1995146697","p1":"Gyan99","p2":"PLAYB0I R0BBIE B","format":"[Gen 9] OU","log":"|j|\u2606Gyan99\n|j|\u2606PLAYB0I R0BBIE B\n|t:|1700527781\n|gametype|singles\n|player|p1|Gyan99|169|1153\n|player|p2|PLAYB0I R0BBIE B|eusine|1243\n|teamsize|p1|6\n|teamsize|p2|6\n|gen|9\n|tier|[Gen 9] OU\n|rated|\n|rule|Sleep Clause Mod: Limit one foe put to sleep\n|rule|Species Clause: Limit one of each Pok\u00e9mon\n|rule|OHKO Clause: OHKO moves are banned\n|rule|Evasion Items Clause: Evasion items are banned\n|rule|Evasion Moves Clause: Evasion moves are banned\n|rule|Endless Battle Clause: Forcing endless battles is banned\n|rule|HP Percentage Mod: HP is shown in percentages\n|clearpoke\n|poke|p1|Chandelure, M|\n|poke|p1|Orthworm, M|\n|poke|p1|Corviknight, M|\n|poke|p1|Umbreon, M|\n|poke|p1|Enamorus, F|\n|poke|p1|Breloom, F|\n|poke|p2|Meowscarada, F|\n|poke|p2|Heatran, F|\n|poke|p2|Thundurus-Therian, M|\n|poke|p2|Dragapult, F|\n|poke|p2|Azumarill, F|\n|poke|p2|Corviknight, F|\n|teampreview\n|inactive|Battle timer is ON: inactive players will automatically lose when time's up. (requested by PLAYB0I R0BBIE B)\n|\n|t:|1700527810\n|start\n|switch|p1a: Chandelure|Chandelure, M, shiny|100\/100\n|switch|p2a: ASTROTHUNDER|Thundurus-Therian, M|100\/100\n|turn|1\n|\n|t:|1700527820\n|switch|p2a: 5% TINT|Heatran, F|100\/100\n|-item|p2a: 5% TINT|Air Balloon\n|move|p1a: Chandelure|Flamethrower|p2a: 5% TINT\n|-start|p2a: 5% TINT|ability: Flash Fire\n|\n|upkeep\n|turn|2\n|inactive|Gyan99 has 120 seconds left.\n|\n|t:|1700527867\n|switch|p1a: Enamorus|Enamorus, F|100\/100\n|move|p2a: 5% TINT|Magma Storm|p1a: Enamorus|[miss]\n|-miss|p2a: 5% TINT|p1a: Enamorus\n|\n|upkeep\n|turn|3\n|\n|t:|1700527885\n|move|p1a: Enamorus|Earth Power|p2a: 5% TINT\n|-immune|p2a: 5% TINT\n|move|p2a: 5% TINT|Magma Storm|p1a: Enamorus\n|-damage|p1a: Enamorus|0 fnt\n|faint|p1a: Enamorus\n|\n|upkeep\n|\n|t:|1700527891\n|switch|p1a: Chandelure|Chandelure, M, shiny|100\/100\n|turn|4\n|\n|t:|1700527894\n|move|p1a: Chandelure|Shadow Ball|p2a: 5% TINT\n|-damage|p2a: 5% TINT|59\/100\n|-enditem|p2a: 5% TINT|Air Balloon\n|move|p2a: 5% TINT|Earth Power|p1a: Chandelure\n|-supereffective|p1a: Chandelure\n|-damage|p1a: Chandelure|11\/100\n|\n|upkeep\n|turn|5\n|\n|t:|1700527916\n|switch|p1a: Breloom|Breloom, F|100\/100\n|move|p2a: 5% TINT|Earth Power|p1a: Breloom\n|-resisted|p1a: Breloom\n|-damage|p1a: Breloom|74\/100\n|\n|upkeep\n|turn|6\n|\n|t:|1700527928\n|-end|p2a: 5% TINT|ability: Flash Fire|[silent]\n|switch|p2a: ASTROTHUNDER|Thundurus-Therian, M|100\/100\n|move|p1a: Breloom|Leech Seed|p2a: ASTROTHUNDER\n|-start|p2a: ASTROTHUNDER|move: Leech Seed\n|\n|-damage|p2a: ASTROTHUNDER|88\/100|[from] Leech Seed|[of] p1a: Breloom\n|-heal|p1a: Breloom|85\/100|[silent]\n|upkeep\n|turn|7\n|\n|t:|1700527935\n|-terastallize|p2a: ASTROTHUNDER|Flying\n|move|p2a: ASTROTHUNDER|Tera Blast|p1a: Breloom|[anim] Tera Blast Flying\n|-supereffective|p1a: Breloom\n|-damage|p1a: Breloom|0 fnt\n|faint|p1a: Breloom\n|\n|upkeep\n|\n|t:|1700527951\n|switch|p1a: Chandelure|Chandelure, M, shiny|11\/100\n|turn|8\n|\n|t:|1700527954\n|move|p1a: Chandelure|Shadow Ball|p2a: ASTROTHUNDER\n|-damage|p2a: ASTROTHUNDER|26\/100\n|-unboost|p2a: ASTROTHUNDER|spd|1\n|move|p2a: ASTROTHUNDER|Tera Blast|p1a: Chandelure|[anim] Tera Blast Flying\n|-damage|p1a: Chandelure|0 fnt\n|faint|p1a: Chandelure\n|\n|upkeep\n|\n|t:|1700527961\n|switch|p1a: Umbreon|Umbreon, M|100\/100\n|turn|9\n|\n|t:|1700527965\n|switch|p2a: CAN'T SAY|Azumarill, F|100\/100\n|move|p1a: Umbreon|Toxic|p2a: CAN'T SAY\n|-status|p2a: CAN'T SAY|tox\n|\n|-damage|p2a: CAN'T SAY|94\/100 tox|[from] psn\n|upkeep\n|turn|10\n|\n|t:|1700527968\n|move|p1a: Umbreon|Wish|p1a: Umbreon\n|move|p2a: CAN'T SAY|Play Rough|p1a: Umbreon\n|-supereffective|p1a: Umbreon\n|-damage|p1a: Umbreon|39\/100\n|\n|-heal|p1a: Umbreon|45\/100|[from] item: Leftovers\n|-damage|p2a: CAN'T SAY|82\/100 tox|[from] psn\n|upkeep\n|turn|11\n|\n|t:|1700527972\n|switch|p2a: 5% TINT|Heatran, F|59\/100\n|move|p1a: Umbreon|Protect||[still]\n|-fail|p1a: Umbreon\n|\n|-heal|p1a: Umbreon|95\/100|[from] move: Wish|[wisher] Umbreon\n|-heal|p1a: Umbreon|100\/100|[from] item: Leftovers\n|upkeep\n|turn|12\n|inactive|Gyan99 has 120 seconds left.\n|\n|t:|1700527999\n|switch|p1a: Orthworm|Orthworm, M|100\/100\n|move|p2a: 5% TINT|Taunt|p1a: Orthworm\n|-start|p1a: Orthworm|move: Taunt\n|\n|upkeep\n|turn|13\n|\n|t:|1700528002\n|move|p2a: 5% TINT|Magma Storm|p1a: Orthworm|[miss]\n|-miss|p2a: 5% TINT|p1a: Orthworm\n|move|p1a: Orthworm|Body Press|p2a: 5% TINT\n|-supereffective|p2a: 5% TINT\n|-damage|p2a: 5% TINT|11\/100\n|\n|upkeep\n|turn|14\n|\n|t:|1700528007\n|move|p2a: 5% TINT|Magma Storm|p1a: Orthworm|[miss]\n|-miss|p2a: 5% TINT|p1a: Orthworm\n|move|p1a: Orthworm|Body Press|p2a: 5% TINT\n|-supereffective|p2a: 5% TINT\n|-damage|p2a: 5% TINT|0 fnt\n|faint|p2a: 5% TINT\n|\n|-end|p1a: Orthworm|move: Taunt\n|upkeep\n|\n|t:|1700528011\n|switch|p2a: SICKO MODE|Meowscarada, F|100\/100\n|turn|15\n|\n|t:|1700528026\n|switch|p1a: Umbreon|Umbreon, M|100\/100\n|move|p2a: SICKO MODE|Low Kick|p1a: Umbreon\n|-start|p2a: SICKO MODE|typechange|Fighting|[from] ability: Protean\n|-supereffective|p1a: Umbreon\n|-damage|p1a: Umbreon|53\/100\n|\n|-heal|p1a: Umbreon|59\/100|[from] item: Leftovers\n|upkeep\n|turn|16\n|\n|t:|1700528036\n|switch|p2a: CAN'T SAY|Azumarill, F|82\/100 tox\n|move|p1a: Umbreon|Wish|p1a: Umbreon\n|\n|-heal|p1a: Umbreon|65\/100|[from] item: Leftovers\n|-damage|p2a: CAN'T SAY|76\/100 tox|[from] psn\n|upkeep\n|turn|17\n|\n|t:|1700528046\n|switch|p2a: SKELETONS|Corviknight, F|100\/100\n|-ability|p2a: SKELETONS|Pressure\n|move|p1a: Umbreon|Protect||[still]\n|-fail|p1a: Umbreon\n|\n|-heal|p1a: Umbreon|100\/100|[from] move: Wish|[wisher] Umbreon\n|upkeep\n|turn|18\n|\n|t:|1700528050\n|switch|p1a: Orthworm|Orthworm, M|100\/100\n|move|p2a: SKELETONS|Body Press|p1a: Orthworm\n|-supereffective|p1a: Orthworm\n|-damage|p1a: Orthworm|62\/100\n|\n|-heal|p1a: Orthworm|68\/100|[from] item: Leftovers\n|upkeep\n|turn|19\n|\n|t:|1700528072\n|move|p2a: SKELETONS|Body Press|p1a: Orthworm\n|-supereffective|p1a: Orthworm\n|-damage|p1a: Orthworm|31\/100\n|move|p1a: Orthworm|Iron Defense|p1a: Orthworm\n|-boost|p1a: Orthworm|def|2\n|\n|-heal|p1a: Orthworm|38\/100|[from] item: Leftovers\n|upkeep\n|turn|20\n|\n|t:|1700528075\n|move|p2a: SKELETONS|Body Press|p1a: Orthworm\n|-supereffective|p1a: Orthworm\n|-damage|p1a: Orthworm|17\/100\n|move|p1a: Orthworm|Stealth Rock|p2a: SKELETONS\n|-sidestart|p2: PLAYB0I R0BBIE B|move: Stealth Rock\n|\n|-heal|p1a: Orthworm|23\/100|[from] item: Leftovers\n|upkeep\n|turn|21\n|\n|t:|1700528081\n|move|p2a: SKELETONS|Body Press|p1a: Orthworm\n|-supereffective|p1a: Orthworm\n|-damage|p1a: Orthworm|5\/100\n|move|p1a: Orthworm|Iron Defense|p1a: Orthworm\n|-boost|p1a: Orthworm|def|2\n|\n|-heal|p1a: Orthworm|11\/100|[from] item: Leftovers\n|upkeep\n|turn|22\n|\n|t:|1700528086\n|move|p2a: SKELETONS|Body Press|p1a: Orthworm\n|-supereffective|p1a: Orthworm\n|-damage|p1a: Orthworm|0 fnt\n|faint|p1a: Orthworm\n|\n|upkeep\n|\n|t:|1700528090\n|switch|p1a: Umbreon|Umbreon, M|100\/100\n|turn|23\n|\n|t:|1700528092\n|move|p2a: SKELETONS|Defog|p1a: Umbreon\n|-unboost|p1a: Umbreon|evasion|1\n|-sideend|p2: PLAYB0I R0BBIE B|Stealth Rock|[from] move: Defog|[of] p2a: SKELETONS\n|move|p1a: Umbreon|Foul Play|p2a: SKELETONS\n|-damage|p2a: SKELETONS|82\/100\n|\n|-heal|p2a: SKELETONS|88\/100|[from] item: Leftovers\n|upkeep\n|turn|24\n|inactive|Gyan99 has 120 seconds left.\n|\n|t:|1700528129\n|move|p2a: SKELETONS|Body Press|p1a: Umbreon\n|-supereffective|p1a: Umbreon\n|-damage|p1a: Umbreon|72\/100\n|move|p1a: Umbreon|Foul Play|p2a: SKELETONS\n|-damage|p2a: SKELETONS|72\/100\n|\n|-heal|p2a: SKELETONS|78\/100|[from] item: Leftovers\n|-heal|p1a: Umbreon|78\/100|[from] item: Leftovers\n|upkeep\n|turn|25\n|\n|t:|1700528155\n|move|p2a: SKELETONS|Body Press|p1a: Umbreon\n|-supereffective|p1a: Umbreon\n|-damage|p1a: Umbreon|45\/100\n|move|p1a: Umbreon|Wish|p1a: Umbreon\n|\n|-heal|p2a: SKELETONS|84\/100|[from] item: Leftovers\n|-heal|p1a: Umbreon|51\/100|[from] item: Leftovers\n|upkeep\n|turn|26\n|inactive|Gyan99 has 120 seconds left.\n|inactive|Gyan99 has 90 seconds left.\n|\n|t:|1700528203\n|move|p1a: Umbreon|Protect|p1a: Umbreon\n|-singleturn|p1a: Umbreon|Protect\n|move|p2a: SKELETONS|Body Press|p1a: Umbreon\n|-activate|p1a: Umbreon|move: Protect\n|\n|-heal|p1a: Umbreon|100\/100|[from] move: Wish|[wisher] Umbreon\n|-heal|p2a: SKELETONS|90\/100|[from] item: Leftovers\n|upkeep\n|turn|27\n|\n|t:|1700528210\n|move|p2a: SKELETONS|Body Press|p1a: Umbreon\n|-supereffective|p1a: Umbreon\n|-damage|p1a: Umbreon|72\/100\n|move|p1a: Umbreon|Wish|p1a: Umbreon\n|\n|-heal|p2a: SKELETONS|96\/100|[from] item: Leftovers\n|-heal|p1a: Umbreon|78\/100|[from] item: Leftovers\n|upkeep\n|turn|28\n|inactive|Gyan99 has 90 seconds left.\n|\n|t:|1700528233\n|move|p2a: SKELETONS|Body Press|p1a: Umbreon\n|-supereffective|p1a: Umbreon\n|-damage|p1a: Umbreon|49\/100\n|move|p1a: Umbreon|Foul Play|p2a: SKELETONS\n|-damage|p2a: SKELETONS|80\/100\n|\n|-heal|p1a: Umbreon|99\/100|[from] move: Wish|[wisher] Umbreon\n|-heal|p2a: SKELETONS|86\/100|[from] item: Leftovers\n|-heal|p1a: Umbreon|100\/100|[from] item: Leftovers\n|upkeep\n|turn|29\n|inactive|Gyan99 has 90 seconds left.\n|\n|t:|1700528240\n|move|p2a: SKELETONS|Body Press|p1a: Umbreon\n|-supereffective|p1a: Umbreon\n|-damage|p1a: Umbreon|70\/100\n|move|p1a: Umbreon|Wish|p1a: Umbreon\n|\n|-heal|p2a: SKELETONS|92\/100|[from] item: Leftovers\n|-heal|p1a: Umbreon|76\/100|[from] item: Leftovers\n|upkeep\n|turn|30\n|inactive|PLAYB0I R0BBIE B has 120 seconds left.\n|\n|t:|1700528277\n|move|p2a: SKELETONS|Body Press|p1a: Umbreon\n|-supereffective|p1a: Umbreon\n|-damage|p1a: Umbreon|47\/100\n|move|p1a: Umbreon|Toxic|p2a: SKELETONS\n|-immune|p2a: SKELETONS\n|\n|-heal|p1a: Umbreon|97\/100|[from] move: Wish|[wisher] Umbreon\n|-heal|p2a: SKELETONS|98\/100|[from] item: Leftovers\n|-heal|p1a: Umbreon|100\/100|[from] item: Leftovers\n|upkeep\n|turn|31\n|\n|t:|1700528283\n|move|p2a: SKELETONS|Body Press|p1a: Umbreon\n|-supereffective|p1a: Umbreon\n|-damage|p1a: Umbreon|72\/100\n|move|p1a: Umbreon|Wish|p1a: Umbreon\n|\n|-heal|p2a: SKELETONS|100\/100|[from] item: Leftovers\n|-heal|p1a: Umbreon|78\/100|[from] item: Leftovers\n|upkeep\n|turn|32\n|\n|t:|1700528286\n|move|p2a: SKELETONS|Body Press|p1a: Umbreon\n|-supereffective|p1a: Umbreon\n|-damage|p1a: Umbreon|47\/100\n|move|p1a: Umbreon|Toxic|p2a: SKELETONS\n|-immune|p2a: SKELETONS\n|\n|-heal|p1a: Umbreon|97\/100|[from] move: Wish|[wisher] Umbreon\n|-heal|p1a: Umbreon|100\/100|[from] item: Leftovers\n|upkeep\n|turn|33\n|inactive|Gyan99 has 120 seconds left.\n|\n|t:|1700528293\n|switch|p1a: Corviknight|Corviknight, M|100\/100\n|move|p2a: SKELETONS|Body Press|p1a: Corviknight\n|-damage|p1a: Corviknight|86\/100\n|-damage|p2a: SKELETONS|84\/100|[from] item: Rocky Helmet|[of] p1a: Corviknight\n|\n|-heal|p2a: SKELETONS|90\/100|[from] item: Leftovers\n|upkeep\n|turn|34\n|\n|t:|1700528300\n|switch|p2a: NO BYSTANDERS|Dragapult, F|100\/100\n|move|p1a: Corviknight|U-turn|p2a: NO BYSTANDERS\n|-resisted|p2a: NO BYSTANDERS\n|-damage|p2a: NO BYSTANDERS|89\/100\n|\n|t:|1700528303\n|switch|p1a: Umbreon|Umbreon, M|100\/100|[from] U-turn\n|\n|upkeep\n|turn|35\n|\n|t:|1700528310\n|move|p2a: NO BYSTANDERS|U-turn|p1a: Umbreon\n|-supereffective|p1a: Umbreon\n|-damage|p1a: Umbreon|78\/100\n|\n|t:|1700528314\n|switch|p2a: SKELETONS|Corviknight, F|90\/100|[from] U-turn\n|-ability|p2a: SKELETONS|Pressure\n|move|p1a: Umbreon|Toxic|p2a: SKELETONS\n|-immune|p2a: SKELETONS\n|\n|-heal|p2a: SKELETONS|96\/100|[from] item: Leftovers\n|-heal|p1a: Umbreon|84\/100|[from] item: Leftovers\n|upkeep\n|turn|36\n|\n|t:|1700528327\n|move|p1a: Umbreon|Protect|p1a: Umbreon\n|-singleturn|p1a: Umbreon|Protect\n|move|p2a: SKELETONS|Body Press|p1a: Umbreon\n|-activate|p1a: Umbreon|move: Protect\n|\n|-heal|p2a: SKELETONS|100\/100|[from] item: Leftovers\n|-heal|p1a: Umbreon|90\/100|[from] item: Leftovers\n|upkeep\n|turn|37\n|\n|t:|1700528333\n|switch|p2a: SICKO MODE|Meowscarada, F|100\/100\n|move|p1a: Umbreon|Toxic|p2a: SICKO MODE\n|-status|p2a: SICKO MODE|tox\n|\n|-heal|p1a: Umbreon|96\/100|[from] item: Leftovers\n|-damage|p2a: SICKO MODE|94\/100 tox|[from] psn\n|upkeep\n|turn|38\n|\n|t:|1700528338\n|move|p2a: SICKO MODE|Knock Off|p1a: Umbreon\n|-start|p2a: SICKO MODE|typechange|Dark|[from] ability: Protean\n|-resisted|p1a: Umbreon\n|-damage|p1a: Umbreon|77\/100\n|-enditem|p1a: Umbreon|Leftovers|[from] move: Knock Off|[of] p2a: SICKO MODE\n|move|p1a: Umbreon|Wish|p1a: Umbreon\n|\n|-damage|p2a: SICKO MODE|82\/100 tox|[from] psn\n|upkeep\n|turn|39\n|\n|t:|1700528350\n|switch|p2a: CAN'T SAY|Azumarill, F|76\/100 tox\n|move|p1a: Umbreon|Foul Play|p2a: CAN'T SAY\n|-resisted|p2a: CAN'T SAY\n|-damage|p2a: CAN'T SAY|60\/100 tox\n|\n|-heal|p1a: Umbreon|100\/100|[from] move: Wish|[wisher] Umbreon\n|-damage|p2a: CAN'T SAY|54\/100 tox|[from] psn\n|upkeep\n|turn|40\n|\n|t:|1700528356\n|move|p1a: Umbreon|Wish|p1a: Umbreon\n|move|p2a: CAN'T SAY|Play Rough|p1a: Umbreon\n|-supereffective|p1a: Umbreon\n|-damage|p1a: Umbreon|33\/100\n|\n|-damage|p2a: CAN'T SAY|42\/100 tox|[from] psn\n|upkeep\n|turn|41\n|\n|t:|1700528366\n|switch|p2a: SKELETONS|Corviknight, F|100\/100\n|-ability|p2a: SKELETONS|Pressure\n|move|p1a: Umbreon|Protect||[still]\n|-fail|p1a: Umbreon\n|\n|-heal|p1a: Umbreon|83\/100|[from] move: Wish|[wisher] Umbreon\n|upkeep\n|turn|42\n|\n|t:|1700528374\n|switch|p1a: Corviknight|Corviknight, M|86\/100\n|move|p2a: SKELETONS|Brave Bird|p1a: Corviknight\n|-resisted|p1a: Corviknight\n|-damage|p1a: Corviknight|74\/100\n|-damage|p2a: SKELETONS|84\/100|[from] item: Rocky Helmet|[of] p1a: Corviknight\n|-damage|p2a: SKELETONS|80\/100|[from] Recoil\n|\n|-heal|p2a: SKELETONS|86\/100|[from] item: Leftovers\n|upkeep\n|turn|43\n|\n|t:|1700528384\n|switch|p2a: NO BYSTANDERS|Dragapult, F|89\/100\n|move|p1a: Corviknight|U-turn|p2a: NO BYSTANDERS\n|-resisted|p2a: NO BYSTANDERS\n|-damage|p2a: NO BYSTANDERS|77\/100\n|\n|t:|1700528388\n|switch|p1a: Umbreon|Umbreon, M|83\/100|[from] U-turn\n|\n|upkeep\n|turn|44\n|\n|t:|1700528400\n|move|p2a: NO BYSTANDERS|Draco Meteor|p1a: Umbreon\n|-damage|p1a: Umbreon|44\/100\n|-unboost|p2a: NO BYSTANDERS|spa|2\n|move|p1a: Umbreon|Wish|p1a: Umbreon\n|\n|upkeep\n|turn|45\n|\n|t:|1700528407\n|switch|p2a: SICKO MODE|Meowscarada, F|82\/100 tox\n|move|p1a: Umbreon|Protect||[still]\n|-fail|p1a: Umbreon\n|\n|-heal|p1a: Umbreon|94\/100|[from] move: Wish|[wisher] Umbreon\n|-damage|p2a: SICKO MODE|76\/100 tox|[from] psn\n|upkeep\n|turn|46\n|\n|t:|1700528418\n|move|p2a: SICKO MODE|U-turn|p1a: Umbreon\n|-start|p2a: SICKO MODE|typechange|Bug|[from] ability: Protean\n|-supereffective|p1a: Umbreon\n|-damage|p1a: Umbreon|32\/100\n|\n|t:|1700528422\n|switch|p2a: CAN'T SAY|Azumarill, F|42\/100 tox|[from] U-turn\n|move|p1a: Umbreon|Foul Play|p2a: CAN'T SAY\n|-resisted|p2a: CAN'T SAY\n|-damage|p2a: CAN'T SAY|26\/100 tox\n|\n|-damage|p2a: CAN'T SAY|20\/100 tox|[from] psn\n|upkeep\n|turn|47\n|inactive|Gyan99 has 120 seconds left.\n|inactive|Gyan99 has 90 seconds left.\n|\n|t:|1700528485\n|move|p1a: Umbreon|Protect|p1a: Umbreon\n|-singleturn|p1a: Umbreon|Protect\n|move|p2a: CAN'T SAY|Play Rough|p1a: Umbreon\n|-activate|p1a: Umbreon|move: Protect\n|\n|-damage|p2a: CAN'T SAY|7\/100 tox|[from] psn\n|upkeep\n|turn|48\n|\n|t:|1700528490\n|switch|p1a: Corviknight|Corviknight, M|74\/100\n|move|p2a: CAN'T SAY|Play Rough|p1a: Corviknight\n|-resisted|p1a: Corviknight\n|-damage|p1a: Corviknight|58\/100\n|-damage|p2a: CAN'T SAY|0 fnt|[from] item: Rocky Helmet|[of] p1a: Corviknight\n|faint|p2a: CAN'T SAY\n|\n|upkeep\n|\n|t:|1700528493\n|switch|p2a: ASTROTHUNDER|Thundurus-Therian, M, tera:Flying|26\/100\n|turn|49\n|\n|t:|1700528505\n|-terastallize|p1a: Corviknight|Dragon\n|move|p2a: ASTROTHUNDER|Volt Switch|p1a: Corviknight\n|-resisted|p1a: Corviknight\n|-damage|p1a: Corviknight|29\/100\n|\n|t:|1700528512\n|switch|p2a: NO BYSTANDERS|Dragapult, F|77\/100|[from] Volt Switch\n|move|p1a: Corviknight|Roost|p1a: Corviknight\n|-heal|p1a: Corviknight|79\/100\n|\n|upkeep\n|turn|50\n|\n|t:|1700528516\n|move|p2a: NO BYSTANDERS|Draco Meteor|p1a: Corviknight\n|-supereffective|p1a: Corviknight\n|-damage|p1a: Corviknight|0 fnt\n|-unboost|p2a: NO BYSTANDERS|spa|2\n|faint|p1a: Corviknight\n|\n|upkeep\n|\n|t:|1700528519\n|switch|p1a: Umbreon|Umbreon, M|32\/100\n|turn|51\n|\n|t:|1700528522\n|move|p2a: NO BYSTANDERS|U-turn|p1a: Umbreon\n|-supereffective|p1a: Umbreon\n|-damage|p1a: Umbreon|9\/100\n|\n|t:|1700528524\n|switch|p2a: SKELETONS|Corviknight, F|86\/100|[from] U-turn\n|-ability|p2a: SKELETONS|Pressure\n|move|p1a: Umbreon|Wish|p1a: Umbreon\n|\n|-heal|p2a: SKELETONS|92\/100|[from] item: Leftovers\n|upkeep\n|turn|52\n|\n|t:|1700528530\n|move|p1a: Umbreon|Protect|p1a: Umbreon\n|-singleturn|p1a: Umbreon|Protect\n|move|p2a: SKELETONS|Brave Bird|p1a: Umbreon\n|-activate|p1a: Umbreon|move: Protect\n|\n|-heal|p1a: Umbreon|59\/100|[from] move: Wish|[wisher] Umbreon\n|-heal|p2a: SKELETONS|98\/100|[from] item: Leftovers\n|upkeep\n|turn|53\n|\n|t:|1700528536\n|move|p2a: SKELETONS|Brave Bird|p1a: Umbreon\n|-damage|p1a: Umbreon|38\/100\n|-damage|p2a: SKELETONS|91\/100|[from] Recoil\n|move|p1a: Umbreon|Wish|p1a: Umbreon\n|\n|-heal|p2a: SKELETONS|97\/100|[from] item: Leftovers\n|upkeep\n|turn|54\n|\n|t:|1700528544\n|switch|p2a: ASTROTHUNDER|Thundurus-Therian, M, tera:Flying|26\/100\n|move|p1a: Umbreon|Foul Play|p2a: ASTROTHUNDER\n|-damage|p2a: ASTROTHUNDER|0 fnt\n|faint|p2a: ASTROTHUNDER\n|\n|-heal|p1a: Umbreon|88\/100|[from] move: Wish|[wisher] Umbreon\n|upkeep\n|\n|t:|1700528547\n|switch|p2a: SICKO MODE|Meowscarada, F|76\/100 tox\n|turn|55\n|\n|t:|1700528554\n|move|p1a: Umbreon|Protect|p1a: Umbreon\n|-singleturn|p1a: Umbreon|Protect\n|move|p2a: SICKO MODE|U-turn|p1a: Umbreon\n|-start|p2a: SICKO MODE|typechange|Bug|[from] ability: Protean\n|-activate|p1a: Umbreon|move: Protect\n|\n|-damage|p2a: SICKO MODE|70\/100 tox|[from] psn\n|upkeep\n|turn|56\n|\n|t:|1700528556\n|move|p2a: SICKO MODE|U-turn|p1a: Umbreon\n|-supereffective|p1a: Umbreon\n|-damage|p1a: Umbreon|34\/100\n|\n|t:|1700528559\n|switch|p2a: NO BYSTANDERS|Dragapult, F|77\/100|[from] U-turn\n|move|p1a: Umbreon|Wish|p1a: Umbreon\n|\n|upkeep\n|turn|57\n|\n|t:|1700528565\n|move|p1a: Umbreon|Protect|p1a: Umbreon\n|-singleturn|p1a: Umbreon|Protect\n|move|p2a: NO BYSTANDERS|Draco Meteor|p1a: Umbreon\n|-activate|p1a: Umbreon|move: Protect\n|\n|-heal|p1a: Umbreon|84\/100|[from] move: Wish|[wisher] Umbreon\n|upkeep\n|turn|58\n|\n|t:|1700528570\n|move|p2a: NO BYSTANDERS|Thunder Wave|p1a: Umbreon\n|-status|p1a: Umbreon|par\n|move|p1a: Umbreon|Wish|p1a: Umbreon\n|\n|upkeep\n|turn|59\n|\n|t:|1700528578\n|move|p2a: NO BYSTANDERS|U-turn|p1a: Umbreon\n|-supereffective|p1a: Umbreon\n|-damage|p1a: Umbreon|64\/100 par\n|\n|t:|1700528580\n|switch|p2a: SKELETONS|Corviknight, F|97\/100|[from] U-turn\n|-ability|p2a: SKELETONS|Pressure\n|cant|p1a: Umbreon|par\n|\n|-heal|p1a: Umbreon|100\/100 par|[from] move: Wish|[wisher] Umbreon\n|-heal|p2a: SKELETONS|100\/100|[from] item: Leftovers\n|upkeep\n|turn|60\n|\n|t:|1700528593\n|move|p2a: SKELETONS|Defog|p1a: Umbreon\n|-unboost|p1a: Umbreon|evasion|1\n|move|p1a: Umbreon|Foul Play|p2a: SKELETONS\n|-damage|p2a: SKELETONS|82\/100\n|\n|-heal|p2a: SKELETONS|88\/100|[from] item: Leftovers\n|upkeep\n|turn|61\n|\n|t:|1700528597\n|move|p2a: SKELETONS|Defog|p1a: Umbreon\n|-unboost|p1a: Umbreon|evasion|1\n|move|p1a: Umbreon|Foul Play|p2a: SKELETONS\n|-damage|p2a: SKELETONS|70\/100\n|\n|-heal|p2a: SKELETONS|76\/100|[from] item: Leftovers\n|upkeep\n|turn|62\n|\n|t:|1700528604\n|move|p2a: SKELETONS|Defog|p1a: Umbreon\n|-unboost|p1a: Umbreon|evasion|1\n|cant|p1a: Umbreon|par\n|\n|-heal|p2a: SKELETONS|82\/100|[from] item: Leftovers\n|upkeep\n|turn|63\n|\n|t:|1700528608\n|move|p2a: SKELETONS|Defog|p1a: Umbreon\n|-unboost|p1a: Umbreon|evasion|1\n|move|p1a: Umbreon|Toxic|p2a: SKELETONS\n|-immune|p2a: SKELETONS\n|\n|-heal|p2a: SKELETONS|88\/100|[from] item: Leftovers\n|upkeep\n|turn|64\n|\n|t:|1700528614\n|move|p2a: SKELETONS|Defog|p1a: Umbreon\n|-unboost|p1a: Umbreon|evasion|1\n|cant|p1a: Umbreon|par\n|\n|-heal|p2a: SKELETONS|94\/100|[from] item: Leftovers\n|upkeep\n|turn|65\n|\n|t:|1700528621\n|move|p2a: SKELETONS|Defog|p1a: Umbreon\n|-unboost|p1a: Umbreon|evasion|1\n|move|p1a: Umbreon|Toxic|p2a: SKELETONS\n|-immune|p2a: SKELETONS\n|\n|-heal|p2a: SKELETONS|99\/100|[from] item: Leftovers\n|upkeep\n|turn|66\n|c|\u2606PLAYB0I R0BBIE B|just forfeit\n|\n|t:|1700528645\n|move|p2a: SKELETONS|Defog||[still]\n|-unboost|p1a: Umbreon|evasion|0\n|-fail|p2a: SKELETONS\n|move|p1a: Umbreon|Toxic|p2a: SKELETONS\n|-immune|p2a: SKELETONS\n|\n|-heal|p2a: SKELETONS|100\/100|[from] item: Leftovers\n|upkeep\n|turn|67\n|c|\u2606PLAYB0I R0BBIE B|you can't win\n|c|\u2606Gyan99|Yea youre right\n|c|\u2606Gyan99|Gg\n|-message|Gyan99 forfeited.\n|\n|win|PLAYB0I R0BBIE B\n|raw|Gyan99's rating: 1183 &rarr; <strong>1162<\/strong><br \/>(-21 for losing)\n|raw|PLAYB0I R0BBIE B's rating: 1243 &rarr; <strong>1264<\/strong><br \/>(+21 for winning)\n|l|\u2606Gyan99\n","uploadtime":1700528667,"views":5,"p1id":"gyan99","p2id":"playb0ir0bbieb","formatid":"gen9ou","rating":1162,"private":0,"password":""}