{"id":"gen9ou-1992431014","p1":"Kilometer212","p2":"testset_2023","format":"[Gen 9] OU","log":"|j|\u2606Kilometer212\n|j|\u2606testset_2023\n|t:|1700186742\n|gametype|singles\n|player|p1|Kilometer212|larry|1383\n|player|p2|testset_2023|102|1404\n|teamsize|p1|6\n|teamsize|p2|6\n|gen|9\n|tier|[Gen 9] OU\n|rated|\n|rule|Sleep Clause Mod: Limit one foe put to sleep\n|rule|Species Clause: Limit one of each Pok\u00e9mon\n|rule|OHKO Clause: OHKO moves are banned\n|rule|Evasion Items Clause: Evasion items are banned\n|rule|Evasion Moves Clause: Evasion moves are banned\n|rule|Endless Battle Clause: Forcing endless battles is banned\n|rule|HP Percentage Mod: HP is shown in percentages\n|clearpoke\n|poke|p1|Rillaboom, F|\n|poke|p1|Sneasler, M|\n|poke|p1|Manaphy|\n|poke|p1|Torkoal, M|\n|poke|p1|Ribombee, F|\n|poke|p1|Gholdengo|\n|poke|p2|Maushold-Four|\n|poke|p2|Ninetales-Alola, M|\n|poke|p2|Ceruledge, M|\n|poke|p2|Ogerpon-Wellspring, F|\n|poke|p2|Walking Wake|\n|poke|p2|Rillaboom, M|\n|teampreview\n|inactive|Battle timer is ON: inactive players will automatically lose when time's up. (requested by Kilometer212)\n|\n|t:|1700186760\n|start\n|switch|p1a: Ribombee|Ribombee, F, shiny|100\/100\n|switch|p2a: Maushold|Maushold-Four|100\/100\n|turn|1\n|\n|t:|1700186773\n|move|p1a: Ribombee|Stun Spore|p2a: Maushold\n|-status|p2a: Maushold|par\n|move|p2a: Maushold|Population Bomb|p1a: Ribombee\n|-damage|p1a: Ribombee|84\/100\n|-damage|p1a: Ribombee|67\/100\n|-damage|p1a: Ribombee|48\/100\n|-damage|p1a: Ribombee|31\/100\n|-damage|p1a: Ribombee|14\/100\n|-damage|p1a: Ribombee|0 fnt\n|faint|p1a: Ribombee\n|-hitcount|p1: Ribombee|6\n|\n|upkeep\n|\n|t:|1700186781\n|switch|p1a: Rillaboom|Rillaboom, F, shiny|100\/100\n|-fieldstart|move: Grassy Terrain|[from] ability: Grassy Surge|[of] p1a: Rillaboom\n|turn|2\n|\n|t:|1700186787\n|move|p1a: Rillaboom|Drain Punch|p2a: Maushold\n|-supereffective|p2a: Maushold\n|-damage|p2a: Maushold|8\/100 par\n|move|p2a: Maushold|Population Bomb|p1a: Rillaboom\n|-crit|p1a: Rillaboom\n|-damage|p1a: Rillaboom|85\/100\n|-damage|p1a: Rillaboom|74\/100\n|-damage|p1a: Rillaboom|64\/100\n|-damage|p1a: Rillaboom|52\/100\n|-damage|p1a: Rillaboom|42\/100\n|-damage|p1a: Rillaboom|32\/100\n|-damage|p1a: Rillaboom|22\/100\n|-damage|p1a: Rillaboom|11\/100\n|-damage|p1a: Rillaboom|0 fnt\n|faint|p1a: Rillaboom\n|-hitcount|p1: Rillaboom|9\n|\n|-heal|p2a: Maushold|14\/100 par|[from] Grassy Terrain\n|upkeep\n|\n|t:|1700186791\n|switch|p1a: Sneasler|Sneasler, M, shiny|100\/100\n|-enditem|p1a: Sneasler|Grassy Seed\n|-boost|p1a: Sneasler|def|1|[from] item: Grassy Seed\n|turn|3\n|\n|t:|1700186808\n|move|p1a: Sneasler|Acrobatics|p2a: Maushold\n|-damage|p2a: Maushold|0 fnt\n|faint|p2a: Maushold\n|\n|upkeep\n|inactive|testset_2023 has 120 seconds left.\n|\n|t:|1700186829\n|switch|p2a: Ninetales|Ninetales-Alola, M|100\/100\n|-weather|Snow|[from] ability: Snow Warning|[of] p2a: Ninetales\n|turn|4\n|\n|t:|1700186838\n|-terastallize|p2a: Ninetales|Water\n|move|p1a: Sneasler|Close Combat|p2a: Ninetales\n|-damage|p2a: Ninetales|0 fnt\n|-unboost|p1a: Sneasler|def|1\n|-unboost|p1a: Sneasler|spd|1\n|faint|p2a: Ninetales\n|\n|-weather|Snow|[upkeep]\n|upkeep\n|inactive|testset_2023 has 120 seconds left.\n|\n|t:|1700186865\n|switch|p2a: Rillaboom|Rillaboom, M, shiny|100\/100\n|turn|5\n|\n|t:|1700186870\n|switch|p1a: Torkoal|Torkoal, M, shiny|100\/100\n|-weather|SunnyDay|[from] ability: Drought|[of] p1a: Torkoal\n|move|p2a: Rillaboom|Grassy Glide|p1a: Torkoal\n|-resisted|p1a: Torkoal\n|-damage|p1a: Torkoal|80\/100\n|\n|-weather|SunnyDay|[upkeep]\n|-heal|p1a: Torkoal|86\/100|[from] Grassy Terrain\n|upkeep\n|turn|6\n|inactive|testset_2023 has 120 seconds left.\n|\n|t:|1700186895\n|switch|p2a: Walking Wake|Walking Wake|100\/100\n|-activate|p2a: Walking Wake|ability: Protosynthesis\n|-start|p2a: Walking Wake|protosynthesisspa\n|move|p1a: Torkoal|Lava Plume|p2a: Walking Wake\n|-resisted|p2a: Walking Wake\n|-damage|p2a: Walking Wake|83\/100\n|\n|-weather|SunnyDay|[upkeep]\n|-heal|p2a: Walking Wake|89\/100|[from] Grassy Terrain\n|-heal|p1a: Torkoal|92\/100|[from] Grassy Terrain\n|upkeep\n|turn|7\n|inactive|testset_2023 has 120 seconds left.\n|\n|t:|1700186912\n|switch|p1a: Manaphy|Manaphy, shiny|100\/100\n|move|p2a: Walking Wake|Hydro Steam|p1a: Manaphy\n|-resisted|p1a: Manaphy\n|-damage|p1a: Manaphy|59\/100\n|\n|-weather|SunnyDay|[upkeep]\n|-heal|p2a: Walking Wake|95\/100|[from] Grassy Terrain\n|-heal|p1a: Manaphy|66\/100|[from] Grassy Terrain\n|-heal|p1a: Manaphy|72\/100|[from] item: Leftovers\n|upkeep\n|turn|8\n|inactive|testset_2023 has 120 seconds left.\n|\n|t:|1700186924\n|-end|p2a: Walking Wake|Protosynthesis|[silent]\n|switch|p2a: Ogerpon|Ogerpon-Wellspring, F|100\/100\n|move|p1a: Manaphy|Take Heart|p1a: Manaphy\n|-boost|p1a: Manaphy|spa|1\n|-boost|p1a: Manaphy|spd|1\n|\n|-weather|SunnyDay|[upkeep]\n|-heal|p1a: Manaphy|78\/100|[from] Grassy Terrain\n|-heal|p1a: Manaphy|84\/100|[from] item: Leftovers\n|upkeep\n|turn|9\n|inactive|testset_2023 has 120 seconds left.\n|\n|t:|1700186931\n|move|p2a: Ogerpon|Horn Leech|p1a: Manaphy\n|-supereffective|p1a: Manaphy\n|-damage|p1a: Manaphy|0 fnt\n|faint|p1a: Manaphy\n|\n|-weather|none\n|-fieldend|move: Grassy Terrain\n|upkeep\n|\n|t:|1700186936\n|switch|p1a: Torkoal|Torkoal, M, shiny|92\/100\n|-weather|SunnyDay|[from] ability: Drought|[of] p1a: Torkoal\n|turn|10\n|\n|t:|1700186962\n|move|p2a: Ogerpon|Ivy Cudgel|p1a: Torkoal|[anim] Ivy Cudgel Water\n|-supereffective|p1a: Torkoal\n|-damage|p1a: Torkoal|51\/100\n|move|p1a: Torkoal|Overheat|p2a: Ogerpon\n|-damage|p2a: Ogerpon|0 fnt\n|-unboost|p1a: Torkoal|spa|2\n|faint|p2a: Ogerpon\n|\n|-weather|SunnyDay|[upkeep]\n|upkeep\n|inactive|testset_2023 has 120 seconds left.\n|\n|t:|1700186982\n|switch|p2a: Walking Wake|Walking Wake|95\/100\n|-activate|p2a: Walking Wake|ability: Protosynthesis\n|-start|p2a: Walking Wake|protosynthesisspa\n|turn|11\n|inactive|Kilometer212 has 120 seconds left.\n|\n|t:|1700187018\n|move|p2a: Walking Wake|Hydro Steam|p1a: Torkoal\n|-supereffective|p1a: Torkoal\n|-damage|p1a: Torkoal|0 fnt\n|faint|p1a: Torkoal\n|\n|-weather|SunnyDay|[upkeep]\n|upkeep\n|\n|t:|1700187025\n|switch|p1a: Gholdengo|Gholdengo, shiny|100\/100\n|-item|p1a: Gholdengo|Air Balloon\n|turn|12\n|\n|t:|1700187030\n|-terastallize|p1a: Gholdengo|Fairy\n|move|p2a: Walking Wake|Hydro Steam|p1a: Gholdengo\n|-damage|p1a: Gholdengo|16\/100\n|-enditem|p1a: Gholdengo|Air Balloon\n|move|p1a: Gholdengo|Dazzling Gleam|p2a: Walking Wake\n|-supereffective|p2a: Walking Wake\n|-damage|p2a: Walking Wake|0 fnt\n|faint|p2a: Walking Wake\n|-end|p2a: Walking Wake|Protosynthesis|[silent]\n|\n|-weather|SunnyDay|[upkeep]\n|upkeep\n|inactive|testset_2023 has 120 seconds left.\n|\n|t:|1700187057\n|switch|p2a: Rillaboom|Rillaboom, M, shiny|100\/100\n|-fieldstart|move: Grassy Terrain|[from] ability: Grassy Surge|[of] p2a: Rillaboom\n|turn|13\n|inactive|Kilometer212 has 120 seconds left.\n|\n|t:|1700187074\n|move|p2a: Rillaboom|Grassy Glide|p1a: Gholdengo\n|-damage|p1a: Gholdengo|0 fnt\n|faint|p1a: Gholdengo\n|\n|-weather|SunnyDay|[upkeep]\n|upkeep\n|\n|t:|1700187076\n|switch|p1a: Sneasler|Sneasler, M, shiny|100\/100\n|turn|14\n|\n|t:|1700187081\n|move|p2a: Rillaboom|Grassy Glide|p1a: Sneasler\n|-resisted|p1a: Sneasler\n|-damage|p1a: Sneasler|56\/100\n|move|p1a: Sneasler|Acrobatics|p2a: Rillaboom\n|-supereffective|p2a: Rillaboom\n|-damage|p2a: Rillaboom|4\/100\n|\n|-weather|none\n|-heal|p1a: Sneasler|62\/100|[from] Grassy Terrain\n|-heal|p2a: Rillaboom|10\/100|[from] Grassy Terrain\n|upkeep\n|turn|15\n|\n|t:|1700187087\n|move|p2a: Rillaboom|Grassy Glide|p1a: Sneasler\n|-resisted|p1a: Sneasler\n|-damage|p1a: Sneasler|15\/100\n|move|p1a: Sneasler|Acrobatics|p2a: Rillaboom\n|-supereffective|p2a: Rillaboom\n|-crit|p2a: Rillaboom\n|-damage|p2a: Rillaboom|0 fnt\n|faint|p2a: Rillaboom\n|\n|-heal|p1a: Sneasler|21\/100|[from] Grassy Terrain\n|upkeep\n|\n|t:|1700187091\n|switch|p2a: Ceruledge|Ceruledge, M|100\/100\n|turn|16\n|\n|t:|1700187093\n|move|p2a: Ceruledge|Shadow Sneak|p1a: Sneasler\n|-damage|p1a: Sneasler|0 fnt\n|faint|p1a: Sneasler\n|\n|win|testset_2023\n|raw|Kilometer212's rating: 1383 &rarr; <strong>1364<\/strong><br \/>(-19 for losing)\n|raw|testset_2023's rating: 1404 &rarr; <strong>1423<\/strong><br \/>(+19 for winning)\n|l|\u2606Kilometer212\n|c|\u2606testset_2023|gg\n","uploadtime":1700187099,"views":8,"p1id":"kilometer212","p2id":"testset2023","formatid":"gen9ou","rating":1364,"private":0,"password":""}