{"id":"gen9ou-1995909472","p1":"randomheadcannon","p2":"Stallmefasterdaddy","format":"[Gen 9] OU","log":"|j|\u203drandomheadcannon\n|j|\u2606Stallmefasterdaddy\n|t:|1700616298\n|gametype|singles\n|player|p1|randomheadcannon|170|1232\n|player|p2|Stallmefasterdaddy|swimmerf|1289\n|teamsize|p1|6\n|teamsize|p2|6\n|gen|9\n|tier|[Gen 9] OU\n|rated|\n|rule|Sleep Clause Mod: Limit one foe put to sleep\n|rule|Species Clause: Limit one of each Pok\u00e9mon\n|rule|OHKO Clause: OHKO moves are banned\n|rule|Evasion Items Clause: Evasion items are banned\n|rule|Evasion Moves Clause: Evasion moves are banned\n|rule|Endless Battle Clause: Forcing endless battles is banned\n|rule|HP Percentage Mod: HP is shown in percentages\n|clearpoke\n|poke|p1|Iron Jugulis|\n|poke|p1|Alomomola, F|\n|poke|p1|Tinkaton, F|\n|poke|p1|Great Tusk|\n|poke|p1|Kingambit, F|\n|poke|p1|Thundurus-Therian, M|\n|poke|p2|Landorus-Therian, M|\n|poke|p2|Goodra-Hisui, F|\n|poke|p2|Grimmsnarl, M|\n|poke|p2|Zoroark-Hisui, M|\n|poke|p2|Ceruledge, M|\n|poke|p2|Ogerpon-Wellspring, F|\n|teampreview\n|inactive|Battle timer is ON: inactive players will automatically lose when time's up. (requested by Stallmefasterdaddy)\n|\n|t:|1700616318\n|start\n|switch|p1a: Thundurus|Thundurus-Therian, M|100\/100\n|switch|p2a: Grimmsnarl|Grimmsnarl, M|100\/100\n|turn|1\n|\n|t:|1700616327\n|move|p2a: Grimmsnarl|Light Screen|p2a: Grimmsnarl\n|-sidestart|p2: Stallmefasterdaddy|move: Light Screen\n|move|p1a: Thundurus|Knock Off|p2a: Grimmsnarl\n|-resisted|p2a: Grimmsnarl\n|-damage|p2a: Grimmsnarl|94\/100\n|-enditem|p2a: Grimmsnarl|Light Clay|[from] move: Knock Off|[of] p1a: Thundurus\n|\n|upkeep\n|turn|2\n|\n|t:|1700616345\n|switch|p1a: Tinkaton|Tinkaton, F|100\/100\n|-item|p1a: Tinkaton|Air Balloon\n|move|p2a: Grimmsnarl|Reflect|p2a: Grimmsnarl\n|-sidestart|p2: Stallmefasterdaddy|Reflect\n|\n|upkeep\n|turn|3\n|inactive|Stallmefasterdaddy has 120 seconds left.\n|\n|t:|1700616389\n|switch|p2a: Landorus|Landorus-Therian, M|100\/100\n|-ability|p2a: Landorus|Intimidate|boost\n|-unboost|p1a: Tinkaton|atk|1\n|move|p1a: Tinkaton|Stealth Rock|p2a: Landorus\n|-sidestart|p2: Stallmefasterdaddy|move: Stealth Rock\n|\n|upkeep\n|turn|4\n|\n|t:|1700616403\n|move|p1a: Tinkaton|Play Rough|p2a: Landorus|[miss]\n|-miss|p1a: Tinkaton|p2a: Landorus\n|move|p2a: Landorus|U-turn|p1a: Tinkaton\n|-resisted|p1a: Tinkaton\n|-damage|p1a: Tinkaton|90\/100\n|-enditem|p1a: Tinkaton|Air Balloon\n|-enditem|p2a: Landorus|Choice Band|[silent]|[from] ability: Pickpocket|[of] p2a: Landorus\n|-item|p1a: Tinkaton|Choice Band|[from] ability: Pickpocket|[of] p2a: Landorus\n|\n|t:|1700616414\n|switch|p2a: Goodra|Goodra-Hisui, F|100\/100|[from] U-turn\n|-damage|p2a: Goodra|88\/100|[from] Stealth Rock\n|\n|upkeep\n|turn|5\n|\n|t:|1700616430\n|move|p2a: Goodra|Shadow Ball|p1a: Tinkaton\n|-damage|p1a: Tinkaton|38\/100\n|move|p1a: Tinkaton|Thunder Wave|p2a: Goodra\n|-status|p2a: Goodra|par\n|\n|upkeep\n|turn|6\n|inactive|Stallmefasterdaddy has 120 seconds left.\n|inactive|randomheadcannon has 120 seconds left.\n|inactive|randomheadcannon has 90 seconds left.\n|\n|t:|1700616498\n|switch|p1a: Iron Jugulis|Iron Jugulis|100\/100\n|-enditem|p1a: Iron Jugulis|Booster Energy\n|-activate|p1a: Iron Jugulis|ability: Quark Drive|[fromitem]\n|-start|p1a: Iron Jugulis|quarkdrivespe\n|move|p2a: Goodra|Shadow Ball|p1a: Iron Jugulis\n|-resisted|p1a: Iron Jugulis\n|-damage|p1a: Iron Jugulis|56\/100\n|\n|-sideend|p2: Stallmefasterdaddy|Reflect\n|upkeep\n|turn|7\n|\n|t:|1700616520\n|switch|p2a: Grimmsnarl|Grimmsnarl, M|94\/100\n|-damage|p2a: Grimmsnarl|81\/100|[from] Stealth Rock\n|move|p1a: Iron Jugulis|Knock Off|p2a: Grimmsnarl\n|-resisted|p2a: Grimmsnarl\n|-damage|p2a: Grimmsnarl|76\/100\n|\n|upkeep\n|turn|8\n|\n|t:|1700616534\n|move|p1a: Iron Jugulis|Taunt|p2a: Grimmsnarl\n|-start|p2a: Grimmsnarl|move: Taunt\n|move|p2a: Grimmsnarl|Spirit Break|p1a: Iron Jugulis\n|-supereffective|p1a: Iron Jugulis\n|-crit|p1a: Iron Jugulis\n|-damage|p1a: Iron Jugulis|0 fnt\n|faint|p1a: Iron Jugulis\n|-end|p1a: Iron Jugulis|Quark Drive|[silent]\n|\n|-sideend|p2: Stallmefasterdaddy|move: Light Screen\n|upkeep\n|inactive|randomheadcannon has 60 seconds left.\n|\n|t:|1700616555\n|switch|p1a: Thundurus|Thundurus-Therian, M|100\/100\n|turn|9\n|inactive|Stallmefasterdaddy has 120 seconds left.\n|inactive|randomheadcannon has 60 seconds left.\n|\n|t:|1700616571\n|switch|p2a: Landorus|Landorus-Therian, M|100\/100\n|-damage|p2a: Landorus|88\/100|[from] Stealth Rock\n|-ability|p2a: Landorus|Intimidate|boost\n|-unboost|p1a: Thundurus|atk|1\n|move|p1a: Thundurus|Tera Blast|p2a: Landorus\n|-damage|p2a: Landorus|29\/100\n|\n|upkeep\n|turn|10\n|\n|t:|1700616579\n|move|p1a: Thundurus|Tera Blast|p2a: Landorus\n|-damage|p2a: Landorus|0 fnt\n|faint|p2a: Landorus\n|\n|upkeep\n|\n|t:|1700616596\n|switch|p2a: Grimmsnarl|Grimmsnarl, M|76\/100\n|-damage|p2a: Grimmsnarl|63\/100|[from] Stealth Rock\n|turn|11\n|\n|t:|1700616602\n|move|p2a: Grimmsnarl|Light Screen|p2a: Grimmsnarl\n|-sidestart|p2: Stallmefasterdaddy|move: Light Screen\n|move|p1a: Thundurus|Tera Blast|p2a: Grimmsnarl\n|-damage|p2a: Grimmsnarl|37\/100\n|\n|upkeep\n|turn|12\n|inactive|Stallmefasterdaddy has 120 seconds left.\n|\n|t:|1700616623\n|switch|p1a: Tinkaton|Tinkaton, F|38\/100\n|move|p2a: Grimmsnarl|Reflect|p2a: Grimmsnarl\n|-sidestart|p2: Stallmefasterdaddy|Reflect\n|\n|upkeep\n|turn|13\n|\n|t:|1700616630\n|move|p2a: Grimmsnarl|Taunt|p1a: Tinkaton\n|-start|p1a: Tinkaton|move: Taunt\n|cant|p1a: Tinkaton|move: Taunt|Thunder Wave\n|\n|upkeep\n|turn|14\n|inactive|randomheadcannon has 90 seconds left.\n|\n|t:|1700616645\n|switch|p1a: Great Tusk|Great Tusk|100\/100\n|-enditem|p1a: Great Tusk|Booster Energy\n|-activate|p1a: Great Tusk|ability: Protosynthesis|[fromitem]\n|-start|p1a: Great Tusk|protosynthesisatk\n|move|p2a: Grimmsnarl|Spirit Break|p1a: Great Tusk\n|-supereffective|p1a: Great Tusk\n|-damage|p1a: Great Tusk|52\/100\n|-unboost|p1a: Great Tusk|spa|1\n|\n|upkeep\n|turn|15\n|inactive|Stallmefasterdaddy has 120 seconds left.\n|\n|t:|1700616679\n|move|p1a: Great Tusk|Rapid Spin|p2a: Grimmsnarl\n|-damage|p2a: Grimmsnarl|22\/100\n|-boost|p1a: Great Tusk|spe|1\n|move|p2a: Grimmsnarl|Spirit Break|p1a: Great Tusk\n|-supereffective|p1a: Great Tusk\n|-damage|p1a: Great Tusk|5\/100\n|-unboost|p1a: Great Tusk|spa|1\n|\n|-sideend|p2: Stallmefasterdaddy|move: Light Screen\n|upkeep\n|turn|16\n|\n|t:|1700616699\n|move|p1a: Great Tusk|Headlong Rush|p2a: Grimmsnarl\n|-damage|p2a: Grimmsnarl|0 fnt\n|-unboost|p1a: Great Tusk|def|1\n|-unboost|p1a: Great Tusk|spd|1\n|faint|p2a: Grimmsnarl\n|\n|-sideend|p2: Stallmefasterdaddy|Reflect\n|upkeep\n|inactive|Stallmefasterdaddy has 90 seconds left.\n|\n|t:|1700616722\n|switch|p2a: Ceruledge|Ceruledge, M|100\/100\n|-damage|p2a: Ceruledge|75\/100|[from] Stealth Rock\n|turn|17\n|inactive|randomheadcannon has 90 seconds left.\n|\n|t:|1700616732\n|move|p2a: Ceruledge|Shadow Sneak|p1a: Great Tusk\n|-damage|p1a: Great Tusk|0 fnt\n|faint|p1a: Great Tusk\n|-end|p1a: Great Tusk|Protosynthesis|[silent]\n|\n|upkeep\n|\n|t:|1700616736\n|switch|p1a: Thundurus|Thundurus-Therian, M|100\/100\n|turn|18\n|inactive|randomheadcannon has 90 seconds left.\n|\n|t:|1700616759\n|switch|p2a: Goodra|Goodra-Hisui, F|100\/100\n|-damage|p2a: Goodra|95\/100|[from] Stealth Rock\n|move|p1a: Thundurus|Knock Off|p2a: Goodra\n|-damage|p2a: Goodra|75\/100\n|-enditem|p2a: Goodra|Leftovers|[from] move: Knock Off|[of] p1a: Thundurus\n|\n|upkeep\n|turn|19\n|\n|t:|1700616767\n|switch|p1a: Tinkaton|Tinkaton, F|38\/100\n|move|p2a: Goodra|Ice Spinner|p1a: Tinkaton\n|-resisted|p1a: Tinkaton\n|-damage|p1a: Tinkaton|25\/100\n|\n|upkeep\n|turn|20\n|inactive|randomheadcannon has 90 seconds left.\n|\n|t:|1700616777\n|move|p1a: Tinkaton|Thunder Wave|p2a: Goodra\n|-status|p2a: Goodra|par\n|move|p2a: Goodra|Body Press|p1a: Tinkaton\n|-damage|p1a: Tinkaton|0 fnt\n|faint|p1a: Tinkaton\n|\n|upkeep\n|inactive|randomheadcannon has 90 seconds left.\n|\n|t:|1700616783\n|switch|p1a: Thundurus|Thundurus-Therian, M|100\/100\n|turn|21\n|\n|t:|1700616789\n|move|p1a: Thundurus|Volt Switch|p2a: Goodra\n|-resisted|p2a: Goodra\n|-damage|p2a: Goodra|52\/100 par\n|\n|t:|1700616796\n|switch|p1a: Kingambit|Kingambit, F|100\/100|[from] Volt Switch\n|-activate|p1a: Kingambit|ability: Supreme Overlord\n|-start|p1a: Kingambit|fallen3|[silent]\n|cant|p2a: Goodra|par\n|\n|upkeep\n|turn|22\n|\n|t:|1700616809\n|-terastallize|p1a: Kingambit|Flying\n|move|p1a: Kingambit|Swords Dance|p1a: Kingambit\n|-boost|p1a: Kingambit|atk|2\n|move|p2a: Goodra|Body Press|p1a: Kingambit\n|-resisted|p1a: Kingambit\n|-damage|p1a: Kingambit|92\/100\n|\n|-heal|p1a: Kingambit|98\/100|[from] item: Leftovers\n|upkeep\n|turn|23\n|\n|t:|1700616818\n|move|p1a: Kingambit|Sucker Punch|p2a: Goodra\n|-crit|p2a: Goodra\n|-damage|p2a: Goodra|0 fnt\n|faint|p2a: Goodra\n|\n|-heal|p1a: Kingambit|100\/100|[from] item: Leftovers\n|upkeep\n|\n|t:|1700616824\n|switch|p2a: Ceruledge|Ceruledge, M|88\/100 par\n|-damage|p2a: Ceruledge|76\/100 par|[from] Stealth Rock\n|turn|24\n|\n|t:|1700616831\n|move|p2a: Ceruledge|Sludge Bomb|p1a: Kingambit\n|-damage|p1a: Kingambit|57\/100\n|move|p1a: Kingambit|Kowtow Cleave|p2a: Ceruledge\n|-supereffective|p2a: Ceruledge\n|-damage|p2a: Ceruledge|0 fnt\n|replace|p2a: Zoroark|Zoroark-Hisui, M\n|-end|p2a: Zoroark|Illusion\n|faint|p2a: Zoroark\n|\n|-heal|p1a: Kingambit|63\/100|[from] item: Leftovers\n|upkeep\n|\n|t:|1700616835\n|switch|p2a: Ogerpon|Ogerpon-Wellspring, F|100\/100\n|-damage|p2a: Ogerpon|88\/100|[from] Stealth Rock\n|turn|25\n|\n|t:|1700616840\n|move|p1a: Kingambit|Kowtow Cleave|p2a: Ogerpon\n|-damage|p2a: Ogerpon|0 fnt\n|faint|p2a: Ogerpon\n|\n|-heal|p1a: Kingambit|69\/100|[from] item: Leftovers\n|upkeep\n|\n|t:|1700616844\n|switch|p2a: Ceruledge|Ceruledge, M|75\/100\n|-damage|p2a: Ceruledge|50\/100|[from] Stealth Rock\n|turn|26\n|\n|t:|1700616854\n|-terastallize|p2a: Ceruledge|Fairy\n|move|p1a: Kingambit|Sucker Punch|p2a: Ceruledge\n|-resisted|p2a: Ceruledge\n|-damage|p2a: Ceruledge|0 fnt\n|faint|p2a: Ceruledge\n|\n|win|randomheadcannon\n|raw|randomheadcannon's rating: 1232 &rarr; <strong>1262<\/strong><br \/>(+30 for winning)\n|raw|Stallmefasterdaddy's rating: 1308 &rarr; <strong>1284<\/strong><br \/>(-24 for losing)\n|l|\u2606Stallmefasterdaddy\n","uploadtime":1700616873,"views":0,"p1id":"randomheadcannon","p2id":"stallmefasterdaddy","formatid":"gen9ou","rating":1262,"private":0,"password":""}