{"id":"gen9ou-1989452664","p1":"hidoeken","p2":"A Pokemon Newbie","format":"[Gen 9] OU","log":"|j|\u2606hidoeken\n|j|\u2606A Pokemon Newbie\n|t:|1699852677\n|gametype|singles\n|player|p1|hidoeken|265|1044\n|player|p2|A Pokemon Newbie|adaman|1149\n|teamsize|p1|6\n|teamsize|p2|6\n|gen|9\n|tier|[Gen 9] OU\n|rated|\n|rule|Sleep Clause Mod: Limit one foe put to sleep\n|rule|Species Clause: Limit one of each Pok\u00e9mon\n|rule|OHKO Clause: OHKO moves are banned\n|rule|Evasion Items Clause: Evasion items are banned\n|rule|Evasion Moves Clause: Evasion moves are banned\n|rule|Endless Battle Clause: Forcing endless battles is banned\n|rule|HP Percentage Mod: HP is shown in percentages\n|clearpoke\n|poke|p1|Mandibuzz, F|\n|poke|p1|Jirachi|\n|poke|p1|Garchomp, M|\n|poke|p1|Slowking-Galar, M|\n|poke|p1|Ogerpon, F|\n|poke|p1|Glimmora, M|\n|poke|p2|Pawmot, F|\n|poke|p2|Ogerpon-Wellspring, F|\n|poke|p2|Dragapult, F|\n|poke|p2|Great Tusk|\n|poke|p2|Heatran, M|\n|poke|p2|Cinderace, M|\n|teampreview\n|\n|t:|1699852688\n|start\n|switch|p1a: Happy|Jirachi|100\/100\n|switch|p2a: Heatran|Heatran, M|100\/100\n|turn|1\n|\n|t:|1699852705\n|move|p1a: Happy|U-turn|p2a: Heatran\n|-resisted|p2a: Heatran\n|-damage|p2a: Heatran|97\/100\n|\n|t:|1699852712\n|switch|p1a: Garchomp|Garchomp, M|100\/100|[from] U-turn\n|move|p2a: Heatran|Magma Storm|p1a: Garchomp\n|-resisted|p1a: Garchomp\n|-damage|p1a: Garchomp|83\/100\n|-activate|p1a: Garchomp|move: Magma Storm|[of] p2a: Heatran\n|\n|-heal|p2a: Heatran|100\/100|[from] item: Leftovers\n|-heal|p1a: Garchomp|90\/100|[from] item: Leftovers\n|-damage|p1a: Garchomp|77\/100|[from] move: Magma Storm|[partiallytrapped]\n|upkeep\n|turn|2\n|\n|t:|1699852724\n|switch|p2a: Dragapult|Dragapult, F|100\/100\n|move|p1a: Garchomp|Earthquake|p2a: Dragapult\n|-damage|p2a: Dragapult|38\/100\n|\n|-heal|p1a: Garchomp|83\/100|[from] item: Leftovers\n|-end|p1a: Garchomp|Magma Storm|[partiallytrapped]|[silent]\n|upkeep\n|turn|3\n|\n|t:|1699852736\n|-terastallize|p1a: Garchomp|Fairy\n|move|p2a: Dragapult|U-turn|p1a: Garchomp\n|-resisted|p1a: Garchomp\n|-damage|p1a: Garchomp|76\/100\n|-damage|p2a: Dragapult|26\/100|[from] ability: Rough Skin|[of] p1a: Garchomp\n|\n|t:|1699852762\n|switch|p2a: Cinderace|Cinderace, M|100\/100|[from] U-turn\n|move|p1a: Garchomp|Dragon Tail|p2a: Cinderace\n|-damage|p2a: Cinderace|63\/100\n|drag|p2a: Ogerpon|Ogerpon-Wellspring, F|100\/100\n|\n|-heal|p1a: Garchomp|82\/100|[from] item: Leftovers\n|upkeep\n|turn|4\n|\n|t:|1699852784\n|-terastallize|p2a: Ogerpon|Water\n|detailschange|p2a: Ogerpon|Ogerpon-Wellspring-Tera, F, tera:Water\n|-ability|p2a: Ogerpon|Embody Aspect (Wellspring)|boost\n|-boost|p2a: Ogerpon|spd|1\n|move|p2a: Ogerpon|Ivy Cudgel|p1a: Garchomp\n|-damage|p1a: Garchomp|11\/100\n|move|p1a: Garchomp|Dragon Tail|p2a: Ogerpon\n|-damage|p2a: Ogerpon|68\/100\n|drag|p2a: Heatran|Heatran, M|100\/100\n|\n|-heal|p1a: Garchomp|18\/100|[from] item: Leftovers\n|upkeep\n|turn|5\n|inactive|Battle timer is ON: inactive players will automatically lose when time's up. (requested by hidoeken)\n|\n|t:|1699852801\n|move|p2a: Heatran|Stealth Rock|p1a: Garchomp\n|-sidestart|p1: hidoeken|move: Stealth Rock\n|move|p1a: Garchomp|Rest|p1a: Garchomp\n|-status|p1a: Garchomp|slp|[from] move: Rest\n|-heal|p1a: Garchomp|100\/100 slp|[silent]\n|\n|upkeep\n|turn|6\n|\n|t:|1699852806\n|move|p2a: Heatran|Magma Storm|p1a: Garchomp\n|-damage|p1a: Garchomp|69\/100 slp\n|-activate|p1a: Garchomp|move: Magma Storm|[of] p2a: Heatran\n|cant|p1a: Garchomp|slp\n|move|p1a: Garchomp|Sleep Talk|p1a: Garchomp\n|move|p1a: Garchomp|Dragon Tail|p2a: Heatran|[from]move: Sleep Talk\n|-resisted|p2a: Heatran\n|-damage|p2a: Heatran|87\/100\n|drag|p2a: Pawmot|Pawmot, F|100\/100\n|\n|-heal|p1a: Garchomp|75\/100 slp|[from] item: Leftovers\n|-end|p1a: Garchomp|Magma Storm|[partiallytrapped]|[silent]\n|upkeep\n|turn|7\n|\n|t:|1699852819\n|switch|p2a: Heatran|Heatran, M|87\/100\n|cant|p1a: Garchomp|slp\n|move|p1a: Garchomp|Sleep Talk|p1a: Garchomp\n|move|p1a: Garchomp|Earthquake|p2a: Heatran|[from]move: Sleep Talk\n|-supereffective|p2a: Heatran\n|-damage|p2a: Heatran|0 fnt\n|faint|p2a: Heatran\n|\n|-heal|p1a: Garchomp|81\/100 slp|[from] item: Leftovers\n|upkeep\n|\n|t:|1699852828\n|switch|p2a: Ogerpon|Ogerpon-Wellspring-Tera, F, tera:Water|68\/100\n|-ability|p2a: Ogerpon|Embody Aspect (Wellspring)|boost\n|-boost|p2a: Ogerpon|spd|1\n|turn|8\n|\n|t:|1699852847\n|move|p2a: Ogerpon|Swords Dance|p2a: Ogerpon\n|-boost|p2a: Ogerpon|atk|2\n|-curestatus|p1a: Garchomp|slp|[msg]\n|move|p1a: Garchomp|Earthquake|p2a: Ogerpon\n|-damage|p2a: Ogerpon|11\/100\n|\n|-heal|p1a: Garchomp|87\/100|[from] item: Leftovers\n|upkeep\n|turn|9\n|\n|t:|1699852871\n|move|p2a: Ogerpon|Ivy Cudgel|p1a: Garchomp\n|-crit|p1a: Garchomp\n|-damage|p1a: Garchomp|0 fnt\n|faint|p1a: Garchomp\n|\n|upkeep\n|inactive|hidoeken has 120 seconds left.\n|\n|t:|1699852888\n|switch|p1a: Ogerpon|Ogerpon, F|100\/100\n|turn|10\n|inactive|hidoeken has 120 seconds left.\n|\n|t:|1699852898\n|switch|p2a: Cinderace|Cinderace, M|63\/100\n|move|p1a: Ogerpon|Knock Off|p2a: Cinderace\n|-damage|p2a: Cinderace|18\/100\n|-enditem|p2a: Cinderace|Heavy-Duty Boots|[from] move: Knock Off|[of] p1a: Ogerpon\n|\n|upkeep\n|turn|11\n|inactive|hidoeken has 120 seconds left.\n|\n|t:|1699852921\n|switch|p1a: Mandibuzz|Mandibuzz, F|100\/100\n|move|p2a: Cinderace|Pyro Ball|p1a: Mandibuzz\n|-damage|p1a: Mandibuzz|70\/100\n|\n|upkeep\n|turn|12\n|\n|t:|1699852928\n|move|p2a: Cinderace|U-turn|p1a: Mandibuzz\n|-start|p2a: Cinderace|typechange|Bug|[from] ability: Libero\n|-damage|p1a: Mandibuzz|50\/100\n|\n|t:|1699852934\n|switch|p2a: Pawmot|Pawmot, F|100\/100|[from] U-turn\n|move|p1a: Mandibuzz|Knock Off|p2a: Pawmot\n|-resisted|p2a: Pawmot\n|-damage|p2a: Pawmot|83\/100\n|-enditem|p2a: Pawmot|Life Orb|[from] move: Knock Off|[of] p1a: Mandibuzz\n|\n|upkeep\n|turn|13\n|\n|t:|1699852943\n|switch|p1a: Glimmora|Glimmora, M|100\/100\n|-damage|p1a: Glimmora|88\/100|[from] Stealth Rock\n|move|p2a: Pawmot|Double Shock|p1a: Glimmora\n|-damage|p1a: Glimmora|21\/100\n|-start|p2a: Pawmot|typechange|???\/Fighting|[from] move: Double Shock\n|-activate|p1a: Glimmora|ability: Toxic Debris\n|-sidestart|p2: A Pokemon Newbie|move: Toxic Spikes\n|\n|upkeep\n|turn|14\n|inactive|hidoeken has 120 seconds left.\n|\n|t:|1699852961\n|move|p2a: Pawmot|Close Combat|p1a: Glimmora\n|-damage|p1a: Glimmora|0 fnt\n|-unboost|p2a: Pawmot|def|1\n|-unboost|p2a: Pawmot|spd|1\n|-activate|p1a: Glimmora|ability: Toxic Debris\n|-sidestart|p2: A Pokemon Newbie|move: Toxic Spikes\n|faint|p1a: Glimmora\n|\n|upkeep\n|inactive|hidoeken has 120 seconds left.\n|\n|t:|1699852969\n|switch|p1a: Ogerpon|Ogerpon, F|100\/100\n|turn|15\n|\n|t:|1699852983\n|switch|p2a: Cinderace|Cinderace, M|18\/100\n|-status|p2a: Cinderace|tox\n|move|p1a: Ogerpon|Ivy Cudgel|p2a: Cinderace\n|-resisted|p2a: Cinderace\n|-damage|p2a: Cinderace|0 fnt\n|faint|p2a: Cinderace\n|\n|upkeep\n|\n|t:|1699852989\n|switch|p2a: Dragapult|Dragapult, F|26\/100\n|-status|p2a: Dragapult|tox\n|turn|16\n|\n|t:|1699852999\n|switch|p1a: Mandibuzz|Mandibuzz, F|50\/100\n|move|p2a: Dragapult|Flamethrower|p1a: Mandibuzz\n|-damage|p1a: Mandibuzz|19\/100\n|\n|-damage|p2a: Dragapult|20\/100 tox|[from] psn\n|upkeep\n|turn|17\n|\n|t:|1699853007\n|move|p2a: Dragapult|Flamethrower|p1a: Mandibuzz\n|-damage|p1a: Mandibuzz|0 fnt\n|faint|p1a: Mandibuzz\n|\n|-damage|p2a: Dragapult|8\/100 tox|[from] psn\n|upkeep\n|\n|t:|1699853011\n|switch|p1a: Happy|Jirachi|100\/100\n|-damage|p1a: Happy|94\/100|[from] Stealth Rock\n|turn|18\n|\n|t:|1699853015\n|switch|p1a: Slowking|Slowking-Galar, M|100\/100\n|-damage|p1a: Slowking|88\/100|[from] Stealth Rock\n|move|p2a: Dragapult|Flamethrower|p1a: Slowking\n|-damage|p1a: Slowking|60\/100\n|\n|-heal|p1a: Slowking|66\/100|[from] item: Black Sludge\n|-damage|p2a: Dragapult|0 fnt|[from] psn\n|faint|p2a: Dragapult\n|upkeep\n|\n|t:|1699853025\n|switch|p2a: Great Tusk|Great Tusk|100\/100\n|-status|p2a: Great Tusk|tox\n|turn|19\n|\n|t:|1699853033\n|move|p2a: Great Tusk|Rapid Spin|p1a: Slowking\n|-damage|p1a: Slowking|54\/100\n|-boost|p2a: Great Tusk|spe|1\n|-sideend|p2: A Pokemon Newbie|Toxic Spikes|[from] move: Rapid Spin|[of] p2a: Great Tusk\n|move|p1a: Slowking|Ice Beam|p2a: Great Tusk\n|-supereffective|p2a: Great Tusk\n|-damage|p2a: Great Tusk|41\/100 tox\n|\n|-heal|p2a: Great Tusk|47\/100 tox|[from] item: Leftovers\n|-heal|p1a: Slowking|60\/100|[from] item: Black Sludge\n|-damage|p2a: Great Tusk|41\/100 tox|[from] psn\n|upkeep\n|turn|20\n|\n|t:|1699853045\n|move|p2a: Great Tusk|Earthquake|p1a: Slowking\n|-supereffective|p1a: Slowking\n|-damage|p1a: Slowking|0 fnt\n|faint|p1a: Slowking\n|\n|-heal|p2a: Great Tusk|47\/100 tox|[from] item: Leftovers\n|-damage|p2a: Great Tusk|35\/100 tox|[from] psn\n|upkeep\n|\n|t:|1699853048\n|switch|p1a: Ogerpon|Ogerpon, F|100\/100\n|turn|21\n|\n|t:|1699853052\n|move|p1a: Ogerpon|Ivy Cudgel|p2a: Great Tusk\n|-supereffective|p2a: Great Tusk\n|-damage|p2a: Great Tusk|0 fnt\n|faint|p2a: Great Tusk\n|-end|p2a: Great Tusk|Protosynthesis|[silent]\n|\n|upkeep\n|\n|t:|1699853058\n|switch|p2a: Ogerpon|Ogerpon-Wellspring-Tera, F, tera:Water|11\/100\n|-ability|p2a: Ogerpon|Embody Aspect (Wellspring)|boost\n|-boost|p2a: Ogerpon|spd|1\n|turn|22\n|\n|t:|1699853065\n|move|p1a: Ogerpon|Ivy Cudgel|p2a: Ogerpon\n|-supereffective|p2a: Ogerpon\n|-damage|p2a: Ogerpon|0 fnt\n|faint|p2a: Ogerpon\n|\n|upkeep\n|\n|t:|1699853068\n|switch|p2a: Pawmot|Pawmot, F|83\/100\n|turn|23\n|\n|t:|1699853073\n|move|p1a: Ogerpon|Ivy Cudgel|p2a: Pawmot\n|-damage|p2a: Pawmot|1\/100\n|move|p2a: Pawmot|Revival Blessing|p2a: Pawmot\n|\n|t:|1699853078\n|-heal|p2: Cinderace|50\/100|[from] move: Revival Blessing\n|\n|upkeep\n|turn|24\n|\n|t:|1699853091\n|switch|p1a: Happy|Jirachi|94\/100\n|-damage|p1a: Happy|88\/100|[from] Stealth Rock\n|move|p2a: Pawmot|Close Combat|p1a: Happy\n|-damage|p1a: Happy|34\/100\n|-unboost|p2a: Pawmot|def|1\n|-unboost|p2a: Pawmot|spd|1\n|\n|upkeep\n|turn|25\n|\n|t:|1699853099\n|move|p2a: Pawmot|Double Shock|p1a: Happy\n|-damage|p1a: Happy|0 fnt\n|-start|p2a: Pawmot|typechange|???\/Fighting|[from] move: Double Shock\n|faint|p1a: Happy\n|\n|upkeep\n|\n|t:|1699853102\n|switch|p1a: Ogerpon|Ogerpon, F|100\/100\n|turn|26\n|\n|t:|1699853105\n|move|p1a: Ogerpon|Ivy Cudgel|p2a: Pawmot\n|-damage|p2a: Pawmot|0 fnt\n|faint|p2a: Pawmot\n|\n|upkeep\n|\n|t:|1699853108\n|switch|p2a: Cinderace|Cinderace, M|50\/100\n|turn|27\n|\n|t:|1699853112\n|move|p2a: Cinderace|Pyro Ball|p1a: Ogerpon\n|-supereffective|p1a: Ogerpon\n|-damage|p1a: Ogerpon|0 fnt\n|faint|p1a: Ogerpon\n|\n|win|A Pokemon Newbie\n|raw|hidoeken's rating: 1044 &rarr; <strong>1032<\/strong><br \/>(-12 for losing)\n|raw|A Pokemon Newbie's rating: 1149 &rarr; <strong>1167<\/strong><br \/>(+18 for winning)\n|l|\u2606hidoeken\n","uploadtime":1699853514,"views":29,"p1id":"hidoeken","p2id":"apokemonnewbie","formatid":"gen9ou","rating":1032,"private":0,"password":""}