{"id":"gen9ou-1990524898","p1":"PoopAtWork","p2":"Syph0n_78","format":"[Gen 9] OU","log":"|j|\u2606PoopAtWork\n|j|\u2606Syph0n_78\n|t:|1699978592\n|gametype|singles\n|player|p1|PoopAtWork|unknown|1300\n|player|p2|Syph0n_78|iris-gen5bw2|1329\n|teamsize|p1|6\n|teamsize|p2|6\n|gen|9\n|tier|[Gen 9] OU\n|rated|\n|rule|Sleep Clause Mod: Limit one foe put to sleep\n|rule|Species Clause: Limit one of each Pok\u00e9mon\n|rule|OHKO Clause: OHKO moves are banned\n|rule|Evasion Items Clause: Evasion items are banned\n|rule|Evasion Moves Clause: Evasion moves are banned\n|rule|Endless Battle Clause: Forcing endless battles is banned\n|rule|HP Percentage Mod: HP is shown in percentages\n|clearpoke\n|poke|p1|Kingambit, M|\n|poke|p1|Iron Valiant|\n|poke|p1|Zapdos|\n|poke|p1|Gholdengo|\n|poke|p1|Ogerpon-Wellspring, F|\n|poke|p1|Walking Wake|\n|poke|p2|Gligar, M|\n|poke|p2|Cinderace, F|\n|poke|p2|Dragapult, M|\n|poke|p2|Garganacl, M|\n|poke|p2|Ogerpon-Wellspring, F|\n|poke|p2|Weezing-Galar, F|\n|teampreview\n|c|\u2606Syph0n_78|glhf\n|\n|t:|1699978606\n|start\n|switch|p1a: Zapdos|Zapdos|100\/100\n|switch|p2a: Gligar|Gligar, M|100\/100\n|turn|1\n|\n|t:|1699978615\n|move|p2a: Gligar|Stealth Rock|p1a: Zapdos\n|-sidestart|p1: PoopAtWork|move: Stealth Rock\n|move|p1a: Zapdos|U-turn|p2a: Gligar\n|-resisted|p2a: Gligar\n|-damage|p2a: Gligar|95\/100\n|\n|t:|1699978625\n|switch|p1a: Ogerpon|Ogerpon-Wellspring, F|100\/100|[from] U-turn\n|-damage|p1a: Ogerpon|88\/100|[from] Stealth Rock\n|\n|upkeep\n|turn|2\n|\n|t:|1699978633\n|move|p1a: Ogerpon|Swords Dance|p1a: Ogerpon\n|-boost|p1a: Ogerpon|atk|2\n|move|p2a: Gligar|U-turn|p1a: Ogerpon\n|-supereffective|p1a: Ogerpon\n|-damage|p1a: Ogerpon|46\/100\n|\n|t:|1699978642\n|switch|p2a: Dragapult|Dragapult, M|100\/100|[from] U-turn\n|\n|upkeep\n|turn|3\n|\n|t:|1699978747\n|move|p2a: Dragapult|U-turn|p1a: Ogerpon\n|-supereffective|p1a: Ogerpon\n|-damage|p1a: Ogerpon|2\/100\n|\n|t:|1699978758\n|switch|p2a: Gligar|Gligar, M|95\/100|[from] U-turn\n|move|p1a: Ogerpon|Ivy Cudgel|p2a: Gligar|[anim] Ivy Cudgel Water\n|-supereffective|p2a: Gligar\n|-damage|p2a: Gligar|0 fnt\n|faint|p2a: Gligar\n|\n|upkeep\n|\n|t:|1699978770\n|switch|p2a: Dragapult|Dragapult, M|100\/100\n|turn|4\n|c|\u2606Syph0n_78|Whoopsie daisies\n|c|\u2606Syph0n_78|I shoulda went oger\n|c|\u2606Syph0n_78|Lol\n|inactive|Battle timer is ON: inactive players will automatically lose when time's up. (requested by Syph0n_78)\n|\n|t:|1699978860\n|move|p2a: Dragapult|U-turn|p1a: Ogerpon\n|-supereffective|p1a: Ogerpon\n|-damage|p1a: Ogerpon|0 fnt\n|faint|p1a: Ogerpon\n|\n|t:|1699978870\n|switch|p2a: Ogerpon|Ogerpon-Wellspring, F|100\/100|[from] U-turn\n|\n|upkeep\n|inactive|PoopAtWork has 120 seconds left.\n|\n|t:|1699978910\n|switch|p1a: Zapdos|Zapdos|100\/100\n|turn|5\n|\n|t:|1699978915\n|move|p2a: Ogerpon|Knock Off|p1a: Zapdos\n|-damage|p1a: Zapdos|62\/100\n|-status|p2a: Ogerpon|par|[from] ability: Static|[of] p1a: Zapdos\n|-enditem|p1a: Zapdos|Heavy-Duty Boots|[from] move: Knock Off|[of] p2a: Ogerpon\n|move|p1a: Zapdos|Discharge|p2a: Ogerpon\n|-damage|p2a: Ogerpon|50\/100 par\n|\n|upkeep\n|turn|6\n|inactive|PoopAtWork has 120 seconds left.\n|\n|t:|1699978954\n|switch|p2a: Dragapult|Dragapult, M|100\/100\n|move|p1a: Zapdos|Roost|p1a: Zapdos\n|-heal|p1a: Zapdos|100\/100\n|-singleturn|p1a: Zapdos|move: Roost\n|\n|upkeep\n|turn|7\n|\n|t:|1699978965\n|move|p2a: Dragapult|Draco Meteor|p1a: Zapdos\n|-damage|p1a: Zapdos|38\/100\n|-unboost|p2a: Dragapult|spa|2\n|-enditem|p2a: Dragapult|Eject Pack\n|\n|t:|1699978978\n|switch|p2a: Cinderace|Cinderace, F|100\/100\n|move|p1a: Zapdos|Discharge|p2a: Cinderace\n|-damage|p2a: Cinderace|38\/100\n|\n|upkeep\n|turn|8\n|\n|t:|1699978989\n|move|p2a: Cinderace|Pyro Ball|p1a: Zapdos\n|-damage|p1a: Zapdos|0 fnt\n|faint|p1a: Zapdos\n|\n|upkeep\n|\n|t:|1699978995\n|switch|p1a: Walking Wake|Walking Wake|100\/100\n|-damage|p1a: Walking Wake|88\/100|[from] Stealth Rock\n|-enditem|p1a: Walking Wake|Booster Energy\n|-activate|p1a: Walking Wake|ability: Protosynthesis|[fromitem]\n|-start|p1a: Walking Wake|protosynthesisspe\n|turn|9\n|inactive|PoopAtWork has 120 seconds left.\n|\n|t:|1699979012\n|switch|p2a: Ogerpon|Ogerpon-Wellspring, F|50\/100 par\n|move|p1a: Walking Wake|Flamethrower|p2a: Ogerpon\n|-damage|p2a: Ogerpon|18\/100 par\n|\n|upkeep\n|turn|10\n|\n|t:|1699979020\n|move|p1a: Walking Wake|Flamethrower|p2a: Ogerpon\n|-damage|p2a: Ogerpon|0 fnt\n|faint|p2a: Ogerpon\n|\n|upkeep\n|\n|t:|1699979026\n|switch|p2a: Dragapult|Dragapult, M|100\/100\n|turn|11\n|\n|t:|1699979029\n|-terastallize|p2a: Dragapult|Fairy\n|move|p1a: Walking Wake|Draco Meteor|p2a: Dragapult\n|-immune|p2a: Dragapult\n|move|p2a: Dragapult|Draco Meteor|p1a: Walking Wake\n|-supereffective|p1a: Walking Wake\n|-damage|p1a: Walking Wake|0 fnt\n|-unboost|p2a: Dragapult|spa|2\n|faint|p1a: Walking Wake\n|-end|p1a: Walking Wake|Protosynthesis|[silent]\n|\n|upkeep\n|\n|t:|1699979037\n|switch|p1a: Iron Valiant|Iron Valiant|100\/100\n|-damage|p1a: Iron Valiant|94\/100|[from] Stealth Rock\n|-enditem|p1a: Iron Valiant|Booster Energy\n|-activate|p1a: Iron Valiant|ability: Quark Drive|[fromitem]\n|-start|p1a: Iron Valiant|quarkdrivespe\n|turn|12\n|\n|t:|1699979048\n|move|p1a: Iron Valiant|Calm Mind|p1a: Iron Valiant\n|-boost|p1a: Iron Valiant|spa|1\n|-boost|p1a: Iron Valiant|spd|1\n|move|p2a: Dragapult|U-turn|p1a: Iron Valiant\n|-resisted|p1a: Iron Valiant\n|-damage|p1a: Iron Valiant|89\/100\n|\n|t:|1699979054\n|switch|p2a: Weezing|Weezing-Galar, F|100\/100|[from] U-turn\n|-ability|p2a: Weezing|Neutralizing Gas\n|\n|upkeep\n|turn|13\n|inactive|PoopAtWork has 120 seconds left.\n|\n|t:|1699979088\n|-terastallize|p1a: Iron Valiant|Steel\n|move|p1a: Iron Valiant|Calm Mind|p1a: Iron Valiant\n|-boost|p1a: Iron Valiant|spa|1\n|-boost|p1a: Iron Valiant|spd|1\n|move|p2a: Weezing|Strange Steam|p1a: Iron Valiant\n|-resisted|p1a: Iron Valiant\n|-damage|p1a: Iron Valiant|77\/100\n|-start|p1a: Iron Valiant|confusion\n|\n|upkeep\n|turn|14\n|\n|t:|1699979100\n|-activate|p1a: Iron Valiant|confusion\n|move|p1a: Iron Valiant|Moonblast|p2a: Weezing\n|-resisted|p2a: Weezing\n|-damage|p2a: Weezing|54\/100\n|move|p2a: Weezing|Fire Blast|p1a: Iron Valiant\n|-supereffective|p1a: Iron Valiant\n|-damage|p1a: Iron Valiant|36\/100\n|\n|-heal|p2a: Weezing|60\/100|[from] item: Leftovers\n|upkeep\n|turn|15\n|\n|t:|1699979111\n|-activate|p1a: Iron Valiant|confusion\n|-damage|p1a: Iron Valiant|25\/100|[from] confusion\n|move|p2a: Weezing|Fire Blast|p1a: Iron Valiant\n|-supereffective|p1a: Iron Valiant\n|-damage|p1a: Iron Valiant|0 fnt\n|faint|p1a: Iron Valiant\n|-end|p1a: Iron Valiant|Quark Drive|[silent]\n|\n|-heal|p2a: Weezing|66\/100|[from] item: Leftovers\n|upkeep\n|-message|PoopAtWork forfeited.\n|\n|win|Syph0n_78\n|raw|PoopAtWork's rating: 1300 &rarr; <strong>1277<\/strong><br \/>(-23 for losing)\n|raw|Syph0n_78's rating: 1329 &rarr; <strong>1347<\/strong><br \/>(+18 for winning)\n|l|\u2606PoopAtWork\n","uploadtime":1699979129,"views":5,"p1id":"poopatwork","p2id":"syph0n78","formatid":"gen9ou","rating":1277,"private":0,"password":""}