{"id":"gen9ou-1994691697","p1":"goupex","p2":"Joker040921","format":"[Gen 9] OU","log":"|j|\u2606goupex\n|j|\u2606Joker040921\n|t:|1700481738\n|gametype|singles\n|player|p1|goupex|pokemonranger-gen4|1040\n|player|p2|Joker040921|cynthia-gen7|1141\n|teamsize|p1|6\n|teamsize|p2|6\n|gen|9\n|tier|[Gen 9] OU\n|rated|\n|rule|Sleep Clause Mod: Limit one foe put to sleep\n|rule|Species Clause: Limit one of each Pok\u00e9mon\n|rule|OHKO Clause: OHKO moves are banned\n|rule|Evasion Items Clause: Evasion items are banned\n|rule|Evasion Moves Clause: Evasion moves are banned\n|rule|Endless Battle Clause: Forcing endless battles is banned\n|rule|HP Percentage Mod: HP is shown in percentages\n|clearpoke\n|poke|p1|Rotom|\n|poke|p1|Garchomp, M|\n|poke|p1|Toxicroak, F|\n|poke|p1|Torterra, M|\n|poke|p1|Weavile, F|\n|poke|p1|Gyarados, F|\n|poke|p2|Great Tusk|\n|poke|p2|Iron Valiant|\n|poke|p2|Glimmora, M|\n|poke|p2|Gholdengo|\n|poke|p2|Moltres|\n|poke|p2|Sandy Shocks|\n|teampreview\n|inactive|Battle timer is ON: inactive players will automatically lose when time's up. (requested by Joker040921)\n|\n|t:|1700481758\n|start\n|switch|p1a: Gyarados|Gyarados, F|100\/100\n|switch|p2a: Glimmora|Glimmora, M|100\/100\n|-ability|p1a: Gyarados|Intimidate|boost\n|-unboost|p2a: Glimmora|atk|1\n|turn|1\n|\n|t:|1700481768\n|move|p2a: Glimmora|Mortal Spin|p1a: Gyarados\n|-damage|p1a: Gyarados|96\/100\n|-status|p1a: Gyarados|psn\n|-damage|p2a: Glimmora|84\/100|[from] item: Rocky Helmet|[of] p1a: Gyarados\n|move|p1a: Gyarados|Waterfall|p2a: Glimmora\n|-supereffective|p2a: Glimmora\n|-damage|p2a: Glimmora|0 fnt\n|-activate|p2a: Glimmora|ability: Toxic Debris\n|-sidestart|p1: goupex|move: Toxic Spikes\n|faint|p2a: Glimmora\n|\n|-damage|p1a: Gyarados|83\/100 psn|[from] psn\n|upkeep\n|\n|t:|1700481782\n|switch|p2a: Sandy Shocks|Sandy Shocks|100\/100\n|-enditem|p2a: Sandy Shocks|Booster Energy\n|-activate|p2a: Sandy Shocks|ability: Protosynthesis|[fromitem]\n|-start|p2a: Sandy Shocks|protosynthesisspe\n|turn|2\n|\n|t:|1700481795\n|switch|p1a: Toxicroak|Toxicroak, F|100\/100\n|-sideend|p1: goupex|move: Toxic Spikes|[of] p1a: Toxicroak\n|move|p2a: Sandy Shocks|Substitute|p2a: Sandy Shocks\n|-start|p2a: Sandy Shocks|Substitute\n|-damage|p2a: Sandy Shocks|76\/100\n|\n|upkeep\n|turn|3\n|\n|t:|1700481802\n|switch|p1a: Torterra|Torterra, M|100\/100\n|move|p2a: Sandy Shocks|Earth Power|p1a: Torterra\n|-resisted|p1a: Torterra\n|-damage|p1a: Torterra|81\/100\n|\n|-heal|p1a: Torterra|87\/100|[from] item: Leftovers\n|upkeep\n|turn|4\n|\n|t:|1700481820\n|-end|p2a: Sandy Shocks|Protosynthesis|[silent]\n|switch|p2a: Moltres|Moltres|100\/100\n|move|p1a: Torterra|Earthquake|p2a: Moltres\n|-immune|p2a: Moltres\n|\n|-heal|p1a: Torterra|93\/100|[from] item: Leftovers\n|upkeep\n|turn|5\n|\n|t:|1700481830\n|switch|p1a: Gyarados|Gyarados, F|83\/100 psn\n|-ability|p1a: Gyarados|Intimidate|boost\n|-unboost|p2a: Moltres|atk|1\n|move|p2a: Moltres|U-turn|p1a: Gyarados\n|-resisted|p1a: Gyarados\n|-damage|p1a: Gyarados|78\/100 psn\n|-damage|p2a: Moltres|84\/100|[from] item: Rocky Helmet|[of] p1a: Gyarados\n|\n|t:|1700481837\n|switch|p2a: Sandy Shocks|Sandy Shocks|76\/100|[from] U-turn\n|\n|-damage|p1a: Gyarados|65\/100 psn|[from] psn\n|upkeep\n|turn|6\n|\n|t:|1700481858\n|move|p2a: Sandy Shocks|Substitute|p2a: Sandy Shocks\n|-start|p2a: Sandy Shocks|Substitute\n|-damage|p2a: Sandy Shocks|51\/100\n|move|p1a: Gyarados|Dragon Dance|p1a: Gyarados\n|-boost|p1a: Gyarados|atk|1\n|-boost|p1a: Gyarados|spe|1\n|\n|-damage|p1a: Gyarados|53\/100 psn|[from] psn\n|upkeep\n|turn|7\n|\n|t:|1700481866\n|move|p1a: Gyarados|Waterfall|p2a: Sandy Shocks\n|-supereffective|p2a: Sandy Shocks\n|-end|p2a: Sandy Shocks|Substitute\n|move|p2a: Sandy Shocks|Thunderbolt|p1a: Gyarados\n|-supereffective|p1a: Gyarados\n|-damage|p1a: Gyarados|0 fnt\n|faint|p1a: Gyarados\n|\n|upkeep\n|\n|t:|1700481879\n|switch|p1a: Weavile|Weavile, F|100\/100\n|-ability|p1a: Weavile|Pressure\n|turn|8\n|\n|t:|1700481893\n|-end|p2a: Sandy Shocks|Protosynthesis|[silent]\n|switch|p2a: Moltres|Moltres|84\/100\n|move|p1a: Weavile|Icicle Crash|p2a: Moltres|[miss]\n|-miss|p1a: Weavile|p2a: Moltres\n|\n|-heal|p2a: Moltres|90\/100|[from] item: Leftovers\n|upkeep\n|turn|9\n|\n|t:|1700481902\n|switch|p1a: Rotom|Rotom|100\/100\n|move|p2a: Moltres|Fire Blast|p1a: Rotom\n|-damage|p1a: Rotom|9\/100\n|-status|p1a: Rotom|brn\n|\n|-heal|p2a: Moltres|96\/100|[from] item: Leftovers\n|-damage|p1a: Rotom|3\/100 brn|[from] brn\n|upkeep\n|turn|10\n|\n|t:|1700481915\n|switch|p2a: Sandy Shocks|Sandy Shocks|51\/100\n|move|p1a: Rotom|Trick|p2a: Sandy Shocks\n|-activate|p1a: Rotom|move: Trick|[of] p2a: Sandy Shocks\n|-item|p2a: Sandy Shocks|Toxic Orb|[from] move: Trick\n|-enditem|p1a: Rotom|Toxic Orb|[silent]|[from] move: Trick\n|\n|-damage|p1a: Rotom|0 fnt|[from] brn\n|faint|p1a: Rotom\n|-status|p2a: Sandy Shocks|tox|[from] item: Toxic Orb\n|upkeep\n|\n|t:|1700481927\n|switch|p1a: Torterra|Torterra, M|93\/100\n|turn|11\n|\n|t:|1700481943\n|move|p2a: Sandy Shocks|Earth Power|p1a: Torterra\n|-resisted|p1a: Torterra\n|-damage|p1a: Torterra|72\/100\n|move|p1a: Torterra|Substitute|p1a: Torterra\n|-start|p1a: Torterra|Substitute\n|-damage|p1a: Torterra|47\/100\n|\n|-heal|p1a: Torterra|53\/100|[from] item: Leftovers\n|-damage|p2a: Sandy Shocks|45\/100 tox|[from] psn\n|upkeep\n|turn|12\n|\n|t:|1700481954\n|-end|p2a: Sandy Shocks|Protosynthesis|[silent]\n|switch|p2a: Moltres|Moltres|96\/100\n|move|p1a: Torterra|Leech Seed|p2a: Moltres\n|-start|p2a: Moltres|move: Leech Seed\n|\n|-heal|p2a: Moltres|100\/100|[from] item: Leftovers\n|-heal|p1a: Torterra|59\/100|[from] item: Leftovers\n|-damage|p2a: Moltres|88\/100|[from] Leech Seed|[of] p1a: Torterra\n|-heal|p1a: Torterra|69\/100|[silent]\n|upkeep\n|turn|13\n|\n|t:|1700481964\n|move|p1a: Torterra|Protect|p1a: Torterra\n|-singleturn|p1a: Torterra|Protect\n|move|p2a: Moltres|U-turn|p1a: Torterra\n|-activate|p1a: Torterra|move: Protect\n|\n|-heal|p2a: Moltres|94\/100|[from] item: Leftovers\n|-heal|p1a: Torterra|75\/100|[from] item: Leftovers\n|-damage|p2a: Moltres|82\/100|[from] Leech Seed|[of] p1a: Torterra\n|-heal|p1a: Torterra|85\/100|[silent]\n|upkeep\n|turn|14\n|\n|t:|1700481977\n|move|p2a: Moltres|U-turn|p1a: Torterra\n|-supereffective|p1a: Torterra\n|-activate|p1a: Torterra|move: Substitute|[damage]\n|\n|t:|1700481983\n|switch|p2a: Iron Valiant|Iron Valiant|100\/100|[from] U-turn\n|move|p1a: Torterra|Leech Seed|p2a: Iron Valiant\n|-start|p2a: Iron Valiant|move: Leech Seed\n|\n|-heal|p1a: Torterra|91\/100|[from] item: Leftovers\n|-damage|p2a: Iron Valiant|88\/100|[from] Leech Seed|[of] p1a: Torterra\n|-heal|p1a: Torterra|100\/100|[silent]\n|upkeep\n|turn|15\n|\n|t:|1700481993\n|move|p2a: Iron Valiant|Trick||[still]\n|-fail|p2a: Iron Valiant\n|move|p1a: Torterra|Earthquake|p2a: Iron Valiant\n|-damage|p2a: Iron Valiant|43\/100\n|\n|-damage|p2a: Iron Valiant|30\/100|[from] Leech Seed|[of] p1a: Torterra\n|upkeep\n|turn|16\n|\n|t:|1700482001\n|-end|p2a: Iron Valiant|Quark Drive|[silent]\n|switch|p2a: Moltres|Moltres|82\/100\n|move|p1a: Torterra|Substitute|p1a: Torterra\n|-fail|p1a: Torterra|move: Substitute\n|\n|-heal|p2a: Moltres|88\/100|[from] item: Leftovers\n|upkeep\n|turn|17\n|\n|t:|1700482008\n|move|p2a: Moltres|Fire Blast|p1a: Torterra\n|-supereffective|p1a: Torterra\n|-end|p1a: Torterra|Substitute\n|move|p1a: Torterra|Substitute|p1a: Torterra\n|-start|p1a: Torterra|Substitute\n|-damage|p1a: Torterra|76\/100\n|\n|-heal|p2a: Moltres|94\/100|[from] item: Leftovers\n|-heal|p1a: Torterra|82\/100|[from] item: Leftovers\n|upkeep\n|turn|18\n|\n|t:|1700482020\n|move|p2a: Moltres|Hurricane|p1a: Torterra\n|-supereffective|p1a: Torterra\n|-end|p1a: Torterra|Substitute\n|move|p1a: Torterra|Leech Seed|p2a: Moltres\n|-start|p2a: Moltres|move: Leech Seed\n|\n|-heal|p2a: Moltres|100\/100|[from] item: Leftovers\n|-heal|p1a: Torterra|88\/100|[from] item: Leftovers\n|-damage|p2a: Moltres|88\/100|[from] Leech Seed|[of] p1a: Torterra\n|-heal|p1a: Torterra|98\/100|[silent]\n|upkeep\n|turn|19\n|\n|t:|1700482030\n|move|p1a: Torterra|Protect|p1a: Torterra\n|-singleturn|p1a: Torterra|Protect\n|move|p2a: Moltres|Fire Blast|p1a: Torterra\n|-activate|p1a: Torterra|move: Protect\n|\n|-heal|p2a: Moltres|94\/100|[from] item: Leftovers\n|-heal|p1a: Torterra|100\/100|[from] item: Leftovers\n|-damage|p2a: Moltres|82\/100|[from] Leech Seed|[of] p1a: Torterra\n|upkeep\n|turn|20\n|\n|t:|1700482043\n|switch|p1a: Garchomp|Garchomp, M|100\/100\n|move|p2a: Moltres|Fire Blast|p1a: Garchomp|[miss]\n|-miss|p2a: Moltres|p1a: Garchomp\n|\n|-heal|p2a: Moltres|88\/100|[from] item: Leftovers\n|-damage|p2a: Moltres|76\/100|[from] Leech Seed|[of] p1a: Garchomp\n|upkeep\n|turn|21\n|\n|t:|1700482063\n|switch|p2a: Great Tusk|Great Tusk|100\/100\n|move|p1a: Garchomp|Stealth Rock|p2a: Great Tusk\n|-sidestart|p2: Joker040921|move: Stealth Rock\n|\n|upkeep\n|turn|22\n|\n|t:|1700482072\n|switch|p1a: Weavile|Weavile, F|100\/100\n|-ability|p1a: Weavile|Pressure\n|move|p2a: Great Tusk|Rapid Spin|p1a: Weavile\n|-damage|p1a: Weavile|66\/100\n|-boost|p2a: Great Tusk|spe|1\n|-sideend|p2: Joker040921|Stealth Rock|[from] move: Rapid Spin|[of] p2a: Great Tusk\n|\n|upkeep\n|turn|23\n|\n|t:|1700482084\n|-terastallize|p2a: Great Tusk|Water\n|move|p1a: Weavile|Fake Out|p2a: Great Tusk\n|-damage|p2a: Great Tusk|89\/100\n|-damage|p1a: Weavile|56\/100|[from] item: Life Orb\n|cant|p2a: Great Tusk|flinch\n|\n|upkeep\n|turn|24\n|\n|t:|1700482092\n|switch|p1a: Toxicroak|Toxicroak, F|100\/100\n|move|p2a: Great Tusk|Earthquake|p1a: Toxicroak\n|-supereffective|p1a: Toxicroak\n|-damage|p1a: Toxicroak|0 fnt\n|faint|p1a: Toxicroak\n|\n|upkeep\n|\n|t:|1700482100\n|switch|p1a: Torterra|Torterra, M|100\/100\n|turn|25\n|\n|t:|1700482112\n|move|p2a: Great Tusk|Knock Off|p1a: Torterra\n|-damage|p1a: Torterra|77\/100\n|-enditem|p1a: Torterra|Leftovers|[from] move: Knock Off|[of] p2a: Great Tusk\n|move|p1a: Torterra|Leech Seed|p2a: Great Tusk\n|-start|p2a: Great Tusk|move: Leech Seed\n|\n|-damage|p2a: Great Tusk|77\/100|[from] Leech Seed|[of] p1a: Torterra\n|-heal|p1a: Torterra|90\/100|[silent]\n|upkeep\n|turn|26\n|\n|t:|1700482122\n|-end|p2a: Great Tusk|Protosynthesis|[silent]\n|switch|p2a: Moltres|Moltres|76\/100\n|move|p1a: Torterra|Substitute|p1a: Torterra\n|-start|p1a: Torterra|Substitute\n|-damage|p1a: Torterra|65\/100\n|\n|-heal|p2a: Moltres|82\/100|[from] item: Leftovers\n|upkeep\n|turn|27\n|\n|t:|1700482130\n|move|p2a: Moltres|Hurricane|p1a: Torterra|[miss]\n|-miss|p2a: Moltres|p1a: Torterra\n|move|p1a: Torterra|Leech Seed|p2a: Moltres|[miss]\n|-miss|p1a: Torterra|p2a: Moltres\n|\n|-heal|p2a: Moltres|88\/100|[from] item: Leftovers\n|upkeep\n|turn|28\n|\n|t:|1700482138\n|move|p1a: Torterra|Protect|p1a: Torterra\n|-singleturn|p1a: Torterra|Protect\n|move|p2a: Moltres|Hurricane|p1a: Torterra\n|-activate|p1a: Torterra|move: Protect\n|\n|-heal|p2a: Moltres|94\/100|[from] item: Leftovers\n|upkeep\n|turn|29\n|\n|t:|1700482145\n|move|p2a: Moltres|Hurricane|p1a: Torterra|[miss]\n|-miss|p2a: Moltres|p1a: Torterra\n|move|p1a: Torterra|Leech Seed|p2a: Moltres\n|-start|p2a: Moltres|move: Leech Seed\n|\n|-heal|p2a: Moltres|100\/100|[from] item: Leftovers\n|-damage|p2a: Moltres|88\/100|[from] Leech Seed|[of] p1a: Torterra\n|-heal|p1a: Torterra|76\/100|[silent]\n|upkeep\n|turn|30\n|\n|t:|1700482159\n|switch|p2a: Sandy Shocks|Sandy Shocks|45\/100 tox\n|move|p1a: Torterra|Substitute|p1a: Torterra\n|-fail|p1a: Torterra|move: Substitute\n|\n|-damage|p2a: Sandy Shocks|39\/100 tox|[from] psn\n|upkeep\n|turn|31\n|\n|t:|1700482170\n|move|p2a: Sandy Shocks|Sunny Day|p2a: Sandy Shocks\n|-weather|SunnyDay\n|-activate|p2a: Sandy Shocks|ability: Protosynthesis\n|-start|p2a: Sandy Shocks|protosynthesisspe\n|move|p1a: Torterra|Earthquake|p2a: Sandy Shocks\n|-supereffective|p2a: Sandy Shocks\n|-damage|p2a: Sandy Shocks|0 fnt\n|faint|p2a: Sandy Shocks\n|-end|p2a: Sandy Shocks|Protosynthesis|[silent]\n|\n|-weather|SunnyDay|[upkeep]\n|upkeep\n|\n|t:|1700482175\n|switch|p2a: Great Tusk|Great Tusk, tera:Water|77\/100\n|-activate|p2a: Great Tusk|ability: Protosynthesis\n|-start|p2a: Great Tusk|protosynthesisatk\n|turn|32\n|\n|t:|1700482183\n|move|p2a: Great Tusk|Brick Break|p1a: Torterra\n|-end|p1a: Torterra|Substitute\n|move|p1a: Torterra|Leech Seed|p2a: Great Tusk\n|-start|p2a: Great Tusk|move: Leech Seed\n|\n|-weather|SunnyDay|[upkeep]\n|-damage|p2a: Great Tusk|65\/100|[from] Leech Seed|[of] p1a: Torterra\n|-heal|p1a: Torterra|89\/100|[silent]\n|upkeep\n|turn|33\n|\n|t:|1700482190\n|move|p1a: Torterra|Protect|p1a: Torterra\n|-singleturn|p1a: Torterra|Protect\n|move|p2a: Great Tusk|Brick Break|p1a: Torterra\n|-activate|p1a: Torterra|move: Protect\n|\n|-weather|SunnyDay|[upkeep]\n|-damage|p2a: Great Tusk|52\/100|[from] Leech Seed|[of] p1a: Torterra\n|-heal|p1a: Torterra|100\/100|[silent]\n|upkeep\n|turn|34\n|\n|t:|1700482200\n|move|p2a: Great Tusk|Brick Break|p1a: Torterra\n|-damage|p1a: Torterra|64\/100\n|move|p1a: Torterra|Substitute|p1a: Torterra\n|-start|p1a: Torterra|Substitute\n|-damage|p1a: Torterra|39\/100\n|\n|-weather|SunnyDay|[upkeep]\n|-damage|p2a: Great Tusk|40\/100|[from] Leech Seed|[of] p1a: Torterra\n|-heal|p1a: Torterra|53\/100|[silent]\n|upkeep\n|turn|35\n|\n|t:|1700482208\n|-end|p2a: Great Tusk|Protosynthesis|[silent]\n|switch|p2a: Moltres|Moltres|88\/100\n|move|p1a: Torterra|Protect||[still]\n|-fail|p1a: Torterra\n|\n|-weather|none\n|-heal|p2a: Moltres|94\/100|[from] item: Leftovers\n|upkeep\n|turn|36\n|\n|t:|1700482216\n|move|p2a: Moltres|Hurricane|p1a: Torterra\n|-supereffective|p1a: Torterra\n|-end|p1a: Torterra|Substitute\n|move|p1a: Torterra|Leech Seed|p2a: Moltres\n|-start|p2a: Moltres|move: Leech Seed\n|\n|-heal|p2a: Moltres|100\/100|[from] item: Leftovers\n|-damage|p2a: Moltres|88\/100|[from] Leech Seed|[of] p1a: Torterra\n|-heal|p1a: Torterra|63\/100|[silent]\n|upkeep\n|turn|37\n|inactive|Joker040921 has 120 seconds left.\n|\n|t:|1700482248\n|switch|p1a: Garchomp|Garchomp, M|100\/100\n|move|p2a: Moltres|Hurricane|p1a: Garchomp\n|-damage|p1a: Garchomp|53\/100\n|-start|p1a: Garchomp|confusion\n|\n|-heal|p2a: Moltres|94\/100|[from] item: Leftovers\n|-damage|p2a: Moltres|82\/100|[from] Leech Seed|[of] p1a: Garchomp\n|-heal|p1a: Garchomp|63\/100|[silent]\n|upkeep\n|turn|38\n|\n|t:|1700482258\n|switch|p2a: Gholdengo|Gholdengo|100\/100\n|-activate|p1a: Garchomp|confusion\n|move|p1a: Garchomp|Rest|p1a: Garchomp\n|-status|p1a: Garchomp|slp|[from] move: Rest\n|-heal|p1a: Garchomp|100\/100 slp|[silent]\n|-enditem|p1a: Garchomp|Chesto Berry|[eat]\n|-curestatus|p1a: Garchomp|slp|[msg]\n|\n|upkeep\n|turn|39\n|\n|t:|1700482268\n|move|p2a: Gholdengo|Shadow Ball|p1a: Garchomp\n|-damage|p1a: Garchomp|64\/100\n|-activate|p1a: Garchomp|confusion\n|move|p1a: Garchomp|Stealth Rock|p2a: Gholdengo\n|-sidestart|p2: Joker040921|move: Stealth Rock\n|\n|upkeep\n|turn|40\n|inactive|Joker040921 has 120 seconds left.\n|\n|t:|1700482290\n|switch|p1a: Weavile|Weavile, F|56\/100\n|-ability|p1a: Weavile|Pressure\n|move|p2a: Gholdengo|Shadow Ball|p1a: Weavile\n|-resisted|p1a: Weavile\n|-crit|p1a: Weavile\n|-damage|p1a: Weavile|9\/100\n|\n|upkeep\n|turn|41\n|inactive|Joker040921 has 120 seconds left.\n|\n|t:|1700482311\n|move|p1a: Weavile|Shadow Claw|p2a: Gholdengo\n|-supereffective|p2a: Gholdengo\n|-damage|p2a: Gholdengo|28\/100\n|-enditem|p2a: Gholdengo|Red Card|[of] p1a: Weavile\n|drag|p1a: Garchomp|Garchomp, M|64\/100\n|move|p2a: Gholdengo|Shadow Ball|p1a: Garchomp\n|-damage|p1a: Garchomp|25\/100\n|\n|upkeep\n|turn|42\n|\n|t:|1700482320\n|move|p2a: Gholdengo|Shadow Ball|p1a: Garchomp\n|-damage|p1a: Garchomp|0 fnt\n|faint|p1a: Garchomp\n|\n|upkeep\n|\n|t:|1700482325\n|switch|p1a: Torterra|Torterra, M|63\/100\n|turn|43\n|inactive|Joker040921 has 120 seconds left.\n|\n|t:|1700482344\n|move|p2a: Gholdengo|Make It Rain|p1a: Torterra\n|-damage|p1a: Torterra|0 fnt\n|-unboost|p2a: Gholdengo|spa|1\n|faint|p1a: Torterra\n|\n|upkeep\n|\n|t:|1700482351\n|switch|p1a: Weavile|Weavile, F|9\/100\n|-ability|p1a: Weavile|Pressure\n|turn|44\n|\n|t:|1700482356\n|move|p1a: Weavile|Foul Play|p2a: Gholdengo\n|-supereffective|p2a: Gholdengo\n|-damage|p2a: Gholdengo|0 fnt\n|faint|p2a: Gholdengo\n|-damage|p1a: Weavile|0 fnt|[from] item: Life Orb\n|faint|p1a: Weavile\n|\n|win|Joker040921\n|raw|goupex's rating: 1040 &rarr; <strong>1029<\/strong><br \/>(-11 for losing)\n|raw|Joker040921's rating: 1141 &rarr; <strong>1159<\/strong><br \/>(+18 for winning)\n|c|\u2606goupex|gg\n|l|\u2606goupex\n","uploadtime":1700482374,"views":19,"p1id":"goupex","p2id":"joker040921","formatid":"gen9ou","rating":1029,"private":0,"password":""}