{"id":"gen9ou-1992516618","p1":"CrushMeGoodra","p2":"CRIPPYwitdaGRIPPY","format":"[Gen 9] OU","log":"|j|\u2606CrushMeGoodra\n|j|\u2606CRIPPYwitdaGRIPPY\n|t:|1700198120\n|gametype|singles\n|player|p1|CrushMeGoodra|poppy|\n|player|p2|CRIPPYwitdaGRIPPY|caitlin|\n|teamsize|p1|6\n|teamsize|p2|6\n|gen|9\n|tier|[Gen 9] OU\n|rule|Sleep Clause Mod: Limit one foe put to sleep\n|rule|Species Clause: Limit one of each Pok\u00e9mon\n|rule|OHKO Clause: OHKO moves are banned\n|rule|Evasion Items Clause: Evasion items are banned\n|rule|Evasion Moves Clause: Evasion moves are banned\n|rule|Endless Battle Clause: Forcing endless battles is banned\n|rule|HP Percentage Mod: HP is shown in percentages\n|clearpoke\n|poke|p1|Samurott-Hisui, F|\n|poke|p1|Iron Moth|\n|poke|p1|Breloom, M|\n|poke|p1|Sandy Shocks|\n|poke|p1|Espeon, F|\n|poke|p1|Donphan, F|\n|poke|p2|Kingambit, M|\n|poke|p2|Walking Wake|\n|poke|p2|Arcanine-Hisui, M|\n|poke|p2|Amoonguss, F|\n|poke|p2|Cyclizar, M|\n|poke|p2|Iron Thorns|\n|teampreview\n|\n|t:|1700198151\n|start\n|switch|p1a: One Piece|Samurott-Hisui, F|100\/100\n|switch|p2a: spiny d1ck|Kingambit, M|100\/100\n|turn|1\n|\n|t:|1700198164\n|-end|p2a: spiny d1ck|fallenundefined|[silent]\n|switch|p2a: sus|Amoonguss, F, shiny|100\/100\n|move|p1a: One Piece|Sacred Sword|p2a: sus\n|-resisted|p2a: sus\n|-damage|p2a: sus|83\/100\n|-damage|p1a: One Piece|84\/100|[from] item: Rocky Helmet|[of] p2a: sus\n|\n|upkeep\n|turn|2\n|\n|t:|1700198172\n|switch|p1a: Tight Cookie|Espeon, F|100\/100\n|move|p2a: sus|Giga Drain|p1a: Tight Cookie\n|-damage|p1a: Tight Cookie|69\/100\n|-heal|p2a: sus|93\/100|[from] drain|[of] p1a: Tight Cookie\n|\n|-heal|p1a: Tight Cookie|75\/100|[from] item: Leftovers\n|upkeep\n|turn|3\n|\n|t:|1700198197\n|switch|p2a: ride me|Cyclizar, M|100\/100\n|move|p1a: Tight Cookie|Calm Mind|p1a: Tight Cookie\n|-boost|p1a: Tight Cookie|spa|1\n|-boost|p1a: Tight Cookie|spd|1\n|\n|-heal|p1a: Tight Cookie|81\/100|[from] item: Leftovers\n|upkeep\n|turn|4\n|\n|t:|1700198212\n|-terastallize|p1a: Tight Cookie|Fairy\n|move|p2a: ride me|Knock Off|p1a: Tight Cookie\n|-resisted|p1a: Tight Cookie\n|-damage|p1a: Tight Cookie|61\/100\n|-enditem|p1a: Tight Cookie|Leftovers|[from] move: Knock Off|[of] p2a: ride me\n|move|p1a: Tight Cookie|Dazzling Gleam|p2a: ride me\n|-supereffective|p2a: ride me\n|-damage|p2a: ride me|0 fnt\n|faint|p2a: ride me\n|\n|upkeep\n|\n|t:|1700198225\n|switch|p2a: spiny d1ck|Kingambit, M|100\/100\n|-activate|p2a: spiny d1ck|ability: Supreme Overlord\n|-start|p2a: spiny d1ck|fallen1|[silent]\n|turn|5\n|\n|t:|1700198234\n|move|p1a: Tight Cookie|Dazzling Gleam|p2a: spiny d1ck\n|-damage|p2a: spiny d1ck|29\/100\n|move|p2a: spiny d1ck|Kowtow Cleave|p1a: Tight Cookie\n|-resisted|p1a: Tight Cookie\n|-damage|p1a: Tight Cookie|9\/100\n|\n|upkeep\n|turn|6\n|\n|t:|1700198241\n|move|p1a: Tight Cookie|Morning Sun|p1a: Tight Cookie\n|-heal|p1a: Tight Cookie|58\/100\n|move|p2a: spiny d1ck|Kowtow Cleave|p1a: Tight Cookie\n|-resisted|p1a: Tight Cookie\n|-damage|p1a: Tight Cookie|7\/100\n|\n|upkeep\n|turn|7\n|\n|t:|1700198249\n|move|p1a: Tight Cookie|Dazzling Gleam|p2a: spiny d1ck\n|-damage|p2a: spiny d1ck|0 fnt\n|faint|p2a: spiny d1ck\n|-end|p2a: spiny d1ck|fallen1|[silent]\n|\n|upkeep\n|\n|t:|1700198259\n|switch|p2a: sus|Amoonguss, F, shiny|100\/100\n|turn|8\n|\n|t:|1700198267\n|move|p1a: Tight Cookie|Morning Sun|p1a: Tight Cookie\n|-heal|p1a: Tight Cookie|57\/100\n|move|p2a: sus|Giga Drain|p1a: Tight Cookie\n|-damage|p1a: Tight Cookie|37\/100\n|\n|upkeep\n|turn|9\n|\n|t:|1700198275\n|move|p1a: Tight Cookie|Morning Sun|p1a: Tight Cookie\n|-heal|p1a: Tight Cookie|87\/100\n|move|p2a: sus|Sludge Bomb|p1a: Tight Cookie\n|-supereffective|p1a: Tight Cookie\n|-damage|p1a: Tight Cookie|37\/100\n|\n|upkeep\n|turn|10\n|\n|t:|1700198289\n|move|p1a: Tight Cookie|Psychic|p2a: sus\n|-supereffective|p2a: sus\n|-damage|p2a: sus|0 fnt\n|faint|p2a: sus\n|\n|upkeep\n|\n|t:|1700198295\n|switch|p2a: iron t1ts|Iron Thorns|100\/100\n|-enditem|p2a: iron t1ts|Booster Energy\n|-activate|p2a: iron t1ts|ability: Quark Drive|[fromitem]\n|-start|p2a: iron t1ts|quarkdriveatk\n|turn|11\n|\n|t:|1700198305\n|move|p1a: Tight Cookie|Psychic|p2a: iron t1ts\n|-crit|p2a: iron t1ts\n|-damage|p2a: iron t1ts|0 fnt\n|faint|p2a: iron t1ts\n|-end|p2a: iron t1ts|Quark Drive|[silent]\n|\n|upkeep\n|\n|t:|1700198311\n|switch|p2a: daisy|Arcanine-Hisui, M, shiny|100\/100\n|turn|12\n|j| ArbysDealer23\n|\n|t:|1700198324\n|move|p1a: Tight Cookie|Psychic|p2a: daisy\n|-damage|p2a: daisy|11\/100\n|move|p2a: daisy|Flare Blitz|p1a: Tight Cookie\n|-damage|p1a: Tight Cookie|0 fnt\n|faint|p1a: Tight Cookie\n|\n|upkeep\n|\n|t:|1700198344\n|switch|p1a: The Guys|Sandy Shocks|100\/100\n|-enditem|p1a: The Guys|Booster Energy\n|-activate|p1a: The Guys|ability: Protosynthesis|[fromitem]\n|-start|p1a: The Guys|protosynthesisspe\n|turn|13\n|\n|t:|1700198351\n|move|p1a: The Guys|Earth Power|p2a: daisy\n|-supereffective|p2a: daisy\n|-damage|p2a: daisy|0 fnt\n|faint|p2a: daisy\n|\n|upkeep\n|\n|t:|1700198357\n|switch|p2a: mr walksalot|Walking Wake|100\/100\n|-enditem|p2a: mr walksalot|Booster Energy\n|-activate|p2a: mr walksalot|ability: Protosynthesis|[fromitem]\n|-start|p2a: mr walksalot|protosynthesisspa\n|turn|14\n|\n|t:|1700198363\n|move|p1a: The Guys|Thunderbolt|p2a: mr walksalot\n|-damage|p2a: mr walksalot|52\/100\n|move|p2a: mr walksalot|Dragon Pulse|p1a: The Guys\n|-damage|p1a: The Guys|22\/100\n|\n|upkeep\n|turn|15\n|\n|t:|1700198372\n|move|p1a: The Guys|Thunderbolt|p2a: mr walksalot\n|-damage|p2a: mr walksalot|4\/100\n|move|p2a: mr walksalot|Dragon Pulse|p1a: The Guys\n|-damage|p1a: The Guys|0 fnt\n|faint|p1a: The Guys\n|-end|p1a: The Guys|Protosynthesis|[silent]\n|\n|upkeep\n|\n|t:|1700198382\n|switch|p1a: Fun Guy|Breloom, M|100\/100\n|turn|16\n|\n|t:|1700198389\n|move|p1a: Fun Guy|Mach Punch|p2a: mr walksalot\n|-damage|p2a: mr walksalot|0 fnt\n|faint|p2a: mr walksalot\n|-end|p2a: mr walksalot|Protosynthesis|[silent]\n|\n|win|CrushMeGoodra\n|l|\u2606CRIPPYwitdaGRIPPY\n","uploadtime":1700198396,"views":16,"p1id":"crushmegoodra","p2id":"crippywitdagrippy","formatid":"gen9ou","rating":0,"private":0,"password":""}