{"id":"gen9ou-1992845729","p1":"Ditissjoerd","p2":"Hi fren hf","format":"[Gen 9] OU","log":"|j|\u2606Ditissjoerd\n|j|\u2606Hi fren hf\n|t:|1700240452\n|gametype|singles\n|player|p1|Ditissjoerd|266|1405\n|player|p2|Hi fren hf|266|1413\n|teamsize|p1|6\n|teamsize|p2|6\n|gen|9\n|tier|[Gen 9] OU\n|rated|\n|rule|Sleep Clause Mod: Limit one foe put to sleep\n|rule|Species Clause: Limit one of each Pok\u00e9mon\n|rule|OHKO Clause: OHKO moves are banned\n|rule|Evasion Items Clause: Evasion items are banned\n|rule|Evasion Moves Clause: Evasion moves are banned\n|rule|Endless Battle Clause: Forcing endless battles is banned\n|rule|HP Percentage Mod: HP is shown in percentages\n|clearpoke\n|poke|p1|Iron Thorns|\n|poke|p1|Conkeldurr, M|\n|poke|p1|Tyranitar, M|\n|poke|p1|Walking Wake|\n|poke|p1|Azelf|\n|poke|p1|Lokix, F|\n|poke|p2|Gholdengo|\n|poke|p2|Great Tusk|\n|poke|p2|Kingambit, M|\n|poke|p2|Ribombee, M|\n|poke|p2|Iron Moth|\n|poke|p2|Greninja-*, M|\n|teampreview\n|inactive|Battle timer is ON: inactive players will automatically lose when time's up. (requested by Hi fren hf)\n|\n|t:|1700240465\n|start\n|switch|p1a: Azelf|Azelf|100\/100\n|switch|p2a: Great Tusk|Great Tusk|100\/100\n|turn|1\n|\n|t:|1700240472\n|-end|p2a: Great Tusk|Protosynthesis|[silent]\n|switch|p2a: Greninja|Greninja, M|100\/100\n|move|p1a: Azelf|Psychic|p2a: Greninja\n|-immune|p2a: Greninja\n|\n|upkeep\n|turn|2\n|\n|t:|1700240489\n|switch|p1a: Conkeldurr|Conkeldurr, M|100\/100\n|move|p2a: Greninja|Surf|p1a: Conkeldurr\n|-damage|p1a: Conkeldurr|36\/100\n|-damage|p2a: Greninja|91\/100|[from] item: Life Orb\n|\n|-status|p1a: Conkeldurr|brn|[from] item: Flame Orb\n|upkeep\n|turn|3\n|\n|t:|1700240496\n|switch|p2a: Gholdengo|Gholdengo|100\/100\n|-item|p2a: Gholdengo|Air Balloon\n|move|p1a: Conkeldurr|Mach Punch|p2a: Gholdengo\n|-immune|p2a: Gholdengo\n|\n|-damage|p1a: Conkeldurr|30\/100 brn|[from] brn\n|upkeep\n|turn|4\n|\n|t:|1700240503\n|move|p2a: Gholdengo|Shadow Ball|p1a: Conkeldurr\n|-damage|p1a: Conkeldurr|0 fnt\n|faint|p1a: Conkeldurr\n|\n|upkeep\n|\n|t:|1700240504\n|switch|p1a: Lokix|Lokix, F|100\/100\n|turn|5\n|\n|t:|1700240509\n|switch|p2a: Ribombee|Ribombee, M|100\/100\n|move|p1a: Lokix|Swords Dance|p1a: Lokix\n|-boost|p1a: Lokix|atk|2\n|\n|upkeep\n|turn|6\n|\n|t:|1700240513\n|move|p2a: Ribombee|Moonblast|p1a: Lokix\n|-supereffective|p1a: Lokix\n|-damage|p1a: Lokix|0 fnt\n|faint|p1a: Lokix\n|\n|upkeep\n|\n|t:|1700240522\n|switch|p1a: Iron Thorns|Iron Thorns|100\/100\n|-enditem|p1a: Iron Thorns|Booster Energy\n|-activate|p1a: Iron Thorns|ability: Quark Drive|[fromitem]\n|-start|p1a: Iron Thorns|quarkdriveatk\n|turn|7\n|\n|t:|1700240526\n|move|p2a: Ribombee|Stun Spore|p1a: Iron Thorns\n|-immune|p1a: Iron Thorns\n|move|p1a: Iron Thorns|Dragon Dance|p1a: Iron Thorns\n|-boost|p1a: Iron Thorns|atk|1\n|-boost|p1a: Iron Thorns|spe|1\n|\n|upkeep\n|turn|8\n|\n|t:|1700240545\n|move|p1a: Iron Thorns|Dragon Dance|p1a: Iron Thorns\n|-boost|p1a: Iron Thorns|atk|1\n|-boost|p1a: Iron Thorns|spe|1\n|move|p2a: Ribombee|U-turn|p1a: Iron Thorns\n|-damage|p1a: Iron Thorns|87\/100\n|\n|t:|1700240548\n|switch|p2a: Great Tusk|Great Tusk|100\/100|[from] U-turn\n|\n|upkeep\n|turn|9\n|\n|t:|1700240554\n|move|p1a: Iron Thorns|Ice Punch|p2a: Great Tusk\n|-supereffective|p2a: Great Tusk\n|-damage|p2a: Great Tusk|0 fnt\n|faint|p2a: Great Tusk\n|-end|p2a: Great Tusk|Protosynthesis|[silent]\n|\n|upkeep\n|\n|t:|1700240564\n|switch|p2a: Gholdengo|Gholdengo|100\/100\n|-item|p2a: Gholdengo|Air Balloon\n|turn|10\n|\n|t:|1700240567\n|move|p1a: Iron Thorns|Wild Charge|p2a: Gholdengo\n|-damage|p2a: Gholdengo|0 fnt\n|-enditem|p2a: Gholdengo|Air Balloon\n|faint|p2a: Gholdengo\n|-damage|p1a: Iron Thorns|64\/100|[from] Recoil\n|\n|upkeep\n|\n|t:|1700240577\n|switch|p2a: Greninja|Greninja, M|91\/100\n|turn|11\n|\n|t:|1700240581\n|move|p2a: Greninja|Water Shuriken|p1a: Iron Thorns\n|-supereffective|p1a: Iron Thorns\n|-damage|p1a: Iron Thorns|43\/100\n|-supereffective|p1a: Iron Thorns\n|-damage|p1a: Iron Thorns|24\/100\n|-hitcount|p1a: Iron Thorns|2\n|-damage|p2a: Greninja|81\/100|[from] item: Life Orb\n|move|p1a: Iron Thorns|Wild Charge|p2a: Greninja\n|-supereffective|p2a: Greninja\n|-damage|p2a: Greninja|0 fnt\n|faint|p2a: Greninja\n|-damage|p1a: Iron Thorns|7\/100|[from] Recoil\n|\n|upkeep\n|\n|t:|1700240603\n|switch|p2a: Kingambit|Kingambit, M|100\/100\n|-activate|p2a: Kingambit|ability: Supreme Overlord\n|-start|p2a: Kingambit|fallen3|[silent]\n|turn|12\n|\n|t:|1700240608\n|move|p1a: Iron Thorns|Dragon Dance|p1a: Iron Thorns\n|-boost|p1a: Iron Thorns|atk|1\n|-boost|p1a: Iron Thorns|spe|1\n|move|p2a: Kingambit|Substitute|p2a: Kingambit\n|-start|p2a: Kingambit|Substitute\n|-damage|p2a: Kingambit|75\/100\n|\n|-heal|p2a: Kingambit|82\/100|[from] item: Leftovers\n|upkeep\n|turn|13\n|\n|t:|1700240610\n|move|p2a: Kingambit|Sucker Punch||[still]\n|-fail|p2a: Kingambit\n|move|p1a: Iron Thorns|Dragon Dance|p1a: Iron Thorns\n|-boost|p1a: Iron Thorns|atk|1\n|-boost|p1a: Iron Thorns|spe|1\n|\n|-heal|p2a: Kingambit|88\/100|[from] item: Leftovers\n|upkeep\n|turn|14\n|\n|t:|1700240613\n|move|p2a: Kingambit|Sucker Punch||[still]\n|-fail|p2a: Kingambit\n|move|p1a: Iron Thorns|Dragon Dance|p1a: Iron Thorns\n|-boost|p1a: Iron Thorns|atk|1\n|-boost|p1a: Iron Thorns|spe|1\n|\n|-heal|p2a: Kingambit|94\/100|[from] item: Leftovers\n|upkeep\n|turn|15\n|\n|t:|1700240615\n|move|p1a: Iron Thorns|Wild Charge|p2a: Kingambit\n|-end|p2a: Kingambit|Substitute\n|-damage|p1a: Iron Thorns|0 fnt|[from] Recoil|[of] p2a: Kingambit\n|faint|p1a: Iron Thorns\n|-end|p1a: Iron Thorns|Quark Drive|[silent]\n|move|p2a: Kingambit|Swords Dance|p2a: Kingambit\n|-boost|p2a: Kingambit|atk|2\n|\n|-heal|p2a: Kingambit|99\/100|[from] item: Leftovers\n|upkeep\n|\n|t:|1700240626\n|switch|p1a: Walking Wake|Walking Wake|100\/100\n|-enditem|p1a: Walking Wake|Booster Energy\n|-activate|p1a: Walking Wake|ability: Protosynthesis|[fromitem]\n|-start|p1a: Walking Wake|protosynthesisspa\n|turn|16\n|\n|t:|1700240629\n|move|p2a: Kingambit|Sucker Punch|p1a: Walking Wake\n|-damage|p1a: Walking Wake|0 fnt\n|faint|p1a: Walking Wake\n|-end|p1a: Walking Wake|Protosynthesis|[silent]\n|\n|-heal|p2a: Kingambit|100\/100|[from] item: Leftovers\n|upkeep\n|\n|t:|1700240632\n|switch|p1a: Tyranitar|Tyranitar, M|100\/100\n|-weather|Sandstorm|[from] ability: Sand Stream|[of] p1a: Tyranitar\n|turn|17\n|\n|t:|1700240636\n|move|p1a: Tyranitar|Earthquake|p2a: Kingambit\n|-supereffective|p2a: Kingambit\n|-damage|p2a: Kingambit|23\/100\n|move|p2a: Kingambit|Iron Head|p1a: Tyranitar\n|-supereffective|p1a: Tyranitar\n|-damage|p1a: Tyranitar|0 fnt\n|faint|p1a: Tyranitar\n|\n|-weather|Sandstorm|[upkeep]\n|-heal|p2a: Kingambit|29\/100|[from] item: Leftovers\n|upkeep\n|\n|t:|1700240642\n|switch|p1a: Azelf|Azelf|100\/100\n|turn|18\n|c|\u2606Hi fren hf|Gg wp\n|\n|t:|1700240646\n|move|p2a: Kingambit|Sucker Punch|p1a: Azelf\n|-supereffective|p1a: Azelf\n|-crit|p1a: Azelf\n|-damage|p1a: Azelf|0 fnt\n|faint|p1a: Azelf\n|\n|win|Hi fren hf\n|raw|Ditissjoerd's rating: 1405 &rarr; <strong>1385<\/strong><br \/>(-20 for losing)\n|raw|Hi fren hf's rating: 1413 &rarr; <strong>1433<\/strong><br \/>(+20 for winning)\n|l|\u2606Ditissjoerd\n","uploadtime":1700240658,"views":13,"p1id":"ditissjoerd","p2id":"hifrenhf","formatid":"gen9ou","rating":1385,"private":0,"password":""}