{"id":"gen9ou-1995967403","p1":"RepeatUntilTired3","p2":"PixelPenguin2","format":"[Gen 9] OU","log":"|j|\u2606RepeatUntilTired3\n|j|\u2606PixelPenguin2\n|t:|1700623171\n|gametype|singles\n|player|p1|RepeatUntilTired3|marlon|1475\n|player|p2|PixelPenguin2|guitarist|1480\n|teamsize|p1|6\n|teamsize|p2|6\n|gen|9\n|tier|[Gen 9] OU\n|rated|\n|rule|Sleep Clause Mod: Limit one foe put to sleep\n|rule|Species Clause: Limit one of each Pok\u00e9mon\n|rule|OHKO Clause: OHKO moves are banned\n|rule|Evasion Items Clause: Evasion items are banned\n|rule|Evasion Moves Clause: Evasion moves are banned\n|rule|Endless Battle Clause: Forcing endless battles is banned\n|rule|HP Percentage Mod: HP is shown in percentages\n|clearpoke\n|poke|p1|Basculegion, M|\n|poke|p1|Thundurus-Therian, M|\n|poke|p1|Tornadus-Therian, M|\n|poke|p1|Pelipper, M|\n|poke|p1|Iron Treads|\n|poke|p1|Samurott-Hisui, F|\n|poke|p2|Pelipper, F|\n|poke|p2|Greninja-*, M|\n|poke|p2|Basculegion, M|\n|poke|p2|Iron Treads|\n|poke|p2|Kingambit, M|\n|poke|p2|Tornadus-Therian, M|\n|teampreview\n|inactive|Battle timer is ON: inactive players will automatically lose when time's up. (requested by PixelPenguin2)\n|\n|t:|1700623198\n|start\n|switch|p1a: Pelipper|Pelipper, M|100\/100\n|switch|p2a: Tornadus|Tornadus-Therian, M|100\/100\n|-weather|RainDance|[from] ability: Drizzle|[of] p1a: Pelipper\n|turn|1\n|\n|t:|1700623207\n|switch|p1a: Iron Treads|Iron Treads|100\/100\n|move|p2a: Tornadus|Knock Off|p1a: Iron Treads\n|-damage|p1a: Iron Treads|84\/100\n|-enditem|p1a: Iron Treads|Leftovers|[from] move: Knock Off|[of] p2a: Tornadus\n|\n|-weather|RainDance|[upkeep]\n|upkeep\n|turn|2\n|j| diemond35472\n|\n|t:|1700623218\n|move|p2a: Tornadus|Focus Blast|p1a: Iron Treads\n|-supereffective|p1a: Iron Treads\n|-crit|p1a: Iron Treads\n|-damage|p1a: Iron Treads|13\/100\n|move|p1a: Iron Treads|Stealth Rock|p2a: Tornadus\n|-sidestart|p2: PixelPenguin2|move: Stealth Rock\n|\n|-weather|RainDance|[upkeep]\n|upkeep\n|turn|3\n|l| diemond35472\n|\n|t:|1700623227\n|move|p2a: Tornadus|Hurricane|p1a: Iron Treads\n|-resisted|p1a: Iron Treads\n|-damage|p1a: Iron Treads|0 fnt\n|faint|p1a: Iron Treads\n|-end|p1a: Iron Treads|Quark Drive|[silent]\n|\n|-weather|RainDance|[upkeep]\n|upkeep\n|\n|t:|1700623232\n|switch|p1a: Basculegion|Basculegion, M|100\/100\n|turn|4\n|\n|t:|1700623258\n|switch|p2a: Basculegion|Basculegion, M|100\/100\n|-damage|p2a: Basculegion|88\/100|[from] Stealth Rock\n|move|p1a: Basculegion|Wave Crash|p2a: Basculegion\n|-resisted|p2a: Basculegion\n|-damage|p2a: Basculegion|9\/100\n|-damage|p1a: Basculegion|75\/100|[from] Recoil\n|\n|-weather|RainDance|[upkeep]\n|upkeep\n|turn|5\n|\n|t:|1700623266\n|move|p1a: Basculegion|Wave Crash|p2a: Basculegion\n|-resisted|p2a: Basculegion\n|-crit|p2a: Basculegion\n|-damage|p2a: Basculegion|0 fnt\n|faint|p2a: Basculegion\n|-damage|p1a: Basculegion|72\/100|[from] Recoil\n|\n|-weather|RainDance|[upkeep]\n|upkeep\n|\n|t:|1700623270\n|switch|p2a: Kingambit|Kingambit, M|100\/100\n|-damage|p2a: Kingambit|94\/100|[from] Stealth Rock\n|-activate|p2a: Kingambit|ability: Supreme Overlord\n|-start|p2a: Kingambit|fallen1|[silent]\n|turn|6\n|\n|t:|1700623277\n|switch|p1a: Samurott|Samurott-Hisui, F|100\/100\n|move|p2a: Kingambit|Sucker Punch||[still]\n|-fail|p2a: Kingambit\n|\n|-weather|RainDance|[upkeep]\n|upkeep\n|turn|7\n|\n|t:|1700623288\n|-end|p2a: Kingambit|fallen1|[silent]\n|switch|p2a: Tornadus|Tornadus-Therian, M|100\/100\n|-damage|p2a: Tornadus|75\/100|[from] Stealth Rock\n|move|p1a: Samurott|Swords Dance|p1a: Samurott\n|-boost|p1a: Samurott|atk|2\n|\n|-weather|RainDance|[upkeep]\n|upkeep\n|turn|8\n|inactive|PixelPenguin2 has 120 seconds left.\n|\n|t:|1700623322\n|move|p1a: Samurott|Aqua Jet|p2a: Tornadus\n|-damage|p2a: Tornadus|3\/100\n|-enditem|p2a: Tornadus|Eject Button\n|inactive|PixelPenguin2 has 120 seconds left.\n|\n|t:|1700623328\n|switch|p2a: Iron Treads|Iron Treads|100\/100\n|-damage|p2a: Iron Treads|97\/100|[from] Stealth Rock\n|-enditem|p2a: Iron Treads|Booster Energy\n|-activate|p2a: Iron Treads|ability: Quark Drive|[fromitem]\n|-start|p2a: Iron Treads|quarkdrivespe\n|\n|-weather|none\n|upkeep\n|turn|9\n|\n|t:|1700623348\n|move|p2a: Iron Treads|Knock Off|p1a: Samurott\n|-resisted|p1a: Samurott\n|-damage|p1a: Samurott|82\/100\n|-enditem|p1a: Samurott|Heavy-Duty Boots|[from] move: Knock Off|[of] p2a: Iron Treads\n|move|p1a: Samurott|Swords Dance|p1a: Samurott\n|-boost|p1a: Samurott|atk|2\n|\n|upkeep\n|turn|10\n|\n|t:|1700623357\n|move|p1a: Samurott|Aqua Jet|p2a: Iron Treads\n|-supereffective|p2a: Iron Treads\n|-damage|p2a: Iron Treads|0 fnt\n|faint|p2a: Iron Treads\n|-end|p2a: Iron Treads|Quark Drive|[silent]\n|\n|upkeep\n|\n|t:|1700623361\n|switch|p2a: Pelipper|Pelipper, F|100\/100\n|-damage|p2a: Pelipper|76\/100|[from] Stealth Rock\n|-weather|RainDance|[from] ability: Drizzle|[of] p2a: Pelipper\n|turn|11\n|\n|t:|1700623366\n|move|p1a: Samurott|Ceaseless Edge|p2a: Pelipper\n|-damage|p2a: Pelipper|0 fnt\n|-sidestart|p2: PixelPenguin2|Spikes\n|faint|p2a: Pelipper\n|\n|-weather|RainDance|[upkeep]\n|upkeep\n|\n|t:|1700623371\n|switch|p2a: Greninja|Greninja, M|100\/100\n|-damage|p2a: Greninja|88\/100|[from] Stealth Rock\n|-damage|p2a: Greninja|76\/100|[from] Spikes\n|turn|12\n|\n|t:|1700623387\n|-terastallize|p2a: Greninja|Water\n|-terastallize|p1a: Samurott|Water\n|move|p2a: Greninja|Water Shuriken|p1a: Samurott\n|-resisted|p1a: Samurott\n|-damage|p1a: Samurott|72\/100\n|-resisted|p1a: Samurott\n|-damage|p1a: Samurott|62\/100\n|-resisted|p1a: Samurott\n|-damage|p1a: Samurott|52\/100\n|-resisted|p1a: Samurott\n|-damage|p1a: Samurott|41\/100\n|-hitcount|p1a: Samurott|4\n|move|p1a: Samurott|Aqua Jet|p2a: Greninja\n|-resisted|p2a: Greninja\n|-damage|p2a: Greninja|0 fnt\n|faint|p2a: Greninja\n|\n|-weather|RainDance|[upkeep]\n|upkeep\n|c|\u2606PixelPenguin2|it's so over\n|c|\u2606PixelPenguin2|gg\n|c|\u2606RepeatUntilTired3|gg\n|-message|PixelPenguin2 forfeited.\n|\n|win|RepeatUntilTired3\n|raw|RepeatUntilTired3's rating: 1475 &rarr; <strong>1495<\/strong><br \/>(+20 for winning)\n|raw|PixelPenguin2's rating: 1480 &rarr; <strong>1460<\/strong><br \/>(-20 for losing)\n|l|\u2606PixelPenguin2\n","uploadtime":1700623415,"views":18,"p1id":"repeatuntiltired3","p2id":"pixelpenguin2","formatid":"gen9ou","rating":1460,"private":0,"password":""}