{"id":"gen9ou-1997892451","p1":"blisterpod42","p2":"K hamza","format":"[Gen 9] OU","log":"|j|\u2606blisterpod42\n|j|\u2606K hamza\n|t:|1700864408\n|gametype|singles\n|player|p1|blisterpod42|iris|1200\n|player|p2|K hamza|dragontamer|1311\n|teamsize|p1|6\n|teamsize|p2|6\n|gen|9\n|tier|[Gen 9] OU\n|rated|\n|rule|Sleep Clause Mod: Limit one foe put to sleep\n|rule|Species Clause: Limit one of each Pok\u00e9mon\n|rule|OHKO Clause: OHKO moves are banned\n|rule|Evasion Items Clause: Evasion items are banned\n|rule|Evasion Moves Clause: Evasion moves are banned\n|rule|Endless Battle Clause: Forcing endless battles is banned\n|rule|HP Percentage Mod: HP is shown in percentages\n|clearpoke\n|poke|p1|Tornadus-Therian, M|\n|poke|p1|Dondozo, F|\n|poke|p1|Ting-Lu|\n|poke|p1|Blissey, F|\n|poke|p1|Toxapex, F|\n|poke|p1|Corviknight, F|\n|poke|p2|Ogerpon-Wellspring, F|\n|poke|p2|Rillaboom, F|\n|poke|p2|Iron Moth|\n|poke|p2|Ting-Lu|\n|poke|p2|Great Tusk|\n|poke|p2|Hatterene, F|\n|teampreview\n|inactive|Battle timer is ON: inactive players will automatically lose when time's up. (requested by blisterpod42)\n|\n|t:|1700864416\n|start\n|switch|p1a: Disciples|Ting-Lu|100\/100\n|switch|p2a: Rillaboom|Rillaboom, F|100\/100\n|-fieldstart|move: Grassy Terrain|[from] ability: Grassy Surge|[of] p2a: Rillaboom\n|-ability|p1a: Disciples|Vessel of Ruin\n|turn|1\n|\n|t:|1700864425\n|switch|p1a: Helios|Corviknight, F|100\/100\n|-ability|p1a: Helios|Pressure\n|move|p2a: Rillaboom|Grassy Glide|p1a: Helios\n|-resisted|p1a: Helios\n|-damage|p1a: Helios|91\/100\n|-damage|p2a: Rillaboom|84\/100|[from] item: Rocky Helmet|[of] p1a: Helios\n|\n|-heal|p2a: Rillaboom|90\/100|[from] Grassy Terrain\n|upkeep\n|turn|2\n|\n|t:|1700864441\n|switch|p2a: Ting-Lu|Ting-Lu|100\/100\n|-ability|p2a: Ting-Lu|Vessel of Ruin\n|move|p1a: Helios|Body Press|p2a: Ting-Lu\n|-supereffective|p2a: Ting-Lu\n|-damage|p2a: Ting-Lu|80\/100\n|\n|-heal|p2a: Ting-Lu|86\/100|[from] Grassy Terrain\n|-heal|p2a: Ting-Lu|93\/100|[from] item: Leftovers\n|upkeep\n|turn|3\n|\n|t:|1700864453\n|move|p1a: Helios|Iron Defense|p1a: Helios\n|-boost|p1a: Helios|def|2\n|move|p2a: Ting-Lu|Stealth Rock|p1a: Helios\n|-sidestart|p1: blisterpod42|move: Stealth Rock\n|\n|-heal|p2a: Ting-Lu|99\/100|[from] Grassy Terrain\n|-heal|p2a: Ting-Lu|100\/100|[from] item: Leftovers\n|upkeep\n|turn|4\n|\n|t:|1700864462\n|move|p1a: Helios|Iron Defense|p1a: Helios\n|-boost|p1a: Helios|def|2\n|move|p2a: Ting-Lu|Whirlwind|p1a: Helios\n|drag|p1a: Ptolemaea|Blissey, F|100\/100\n|\n|upkeep\n|turn|5\n|\n|t:|1700864470\n|switch|p1a: Helios|Corviknight, F|91\/100\n|-damage|p1a: Helios|79\/100|[from] Stealth Rock\n|-ability|p1a: Helios|Pressure\n|move|p2a: Ting-Lu|Spikes|p1a: Helios\n|-sidestart|p1: blisterpod42|Spikes\n|\n|-fieldend|move: Grassy Terrain\n|upkeep\n|turn|6\n|\n|t:|1700864479\n|move|p1a: Helios|Iron Defense|p1a: Helios\n|-boost|p1a: Helios|def|2\n|move|p2a: Ting-Lu|Whirlwind|p1a: Helios\n|drag|p1a: Disciples|Ting-Lu|100\/100\n|-ability|p1a: Disciples|Vessel of Ruin\n|\n|upkeep\n|turn|7\n|\n|t:|1700864489\n|move|p1a: Disciples|Spikes|p2a: Ting-Lu\n|-sidestart|p2: K hamza|Spikes\n|move|p2a: Ting-Lu|Whirlwind|p1a: Disciples\n|drag|p1a: Acanthis|Tornadus-Therian, M|100\/100\n|\n|upkeep\n|turn|8\n|\n|t:|1700864500\n|move|p1a: Acanthis|Focus Blast|p2a: Ting-Lu\n|-supereffective|p2a: Ting-Lu\n|-damage|p2a: Ting-Lu|64\/100\n|move|p2a: Ting-Lu|Whirlwind|p1a: Acanthis\n|drag|p1a: Sober to Death|Dondozo, F|100\/100\n|\n|-heal|p2a: Ting-Lu|70\/100|[from] item: Leftovers\n|upkeep\n|turn|9\n|\n|t:|1700864516\n|switch|p2a: Ogerpon|Ogerpon-Wellspring, F|100\/100\n|-damage|p2a: Ogerpon|88\/100|[from] Spikes\n|move|p1a: Sober to Death|Body Press|p2a: Ogerpon\n|-damage|p2a: Ogerpon|50\/100\n|\n|upkeep\n|turn|10\n|\n|t:|1700864523\n|move|p2a: Ogerpon|Ivy Cudgel|p1a: Sober to Death|[anim] Ivy Cudgel Water\n|-resisted|p1a: Sober to Death\n|-damage|p1a: Sober to Death|86\/100\n|move|p1a: Sober to Death|Body Press|p2a: Ogerpon\n|-damage|p2a: Ogerpon|15\/100\n|\n|upkeep\n|turn|11\n|\n|t:|1700864530\n|switch|p1a: Helios|Corviknight, F|79\/100\n|-damage|p1a: Helios|67\/100|[from] Stealth Rock\n|-ability|p1a: Helios|Pressure\n|move|p2a: Ogerpon|Horn Leech|p1a: Helios\n|-resisted|p1a: Helios\n|-damage|p1a: Helios|59\/100\n|-heal|p2a: Ogerpon|20\/100|[from] drain|[of] p1a: Helios\n|-damage|p2a: Ogerpon|3\/100|[from] item: Rocky Helmet|[of] p1a: Helios\n|\n|upkeep\n|turn|12\n|c|\u2606K hamza|Well played mate\n|\n|t:|1700864541\n|move|p2a: Ogerpon|Ivy Cudgel|p1a: Helios|[anim] Ivy Cudgel Water\n|-damage|p1a: Helios|24\/100\n|move|p1a: Helios|Roost|p1a: Helios\n|-heal|p1a: Helios|74\/100\n|-singleturn|p1a: Helios|move: Roost\n|\n|upkeep\n|turn|13\n|\n|t:|1700864552\n|switch|p1a: Sober to Death|Dondozo, F|86\/100\n|move|p2a: Ogerpon|Ivy Cudgel|p1a: Sober to Death|[anim] Ivy Cudgel Water\n|-resisted|p1a: Sober to Death\n|-damage|p1a: Sober to Death|74\/100\n|\n|upkeep\n|turn|14\n|\n|t:|1700864559\n|move|p2a: Ogerpon|Ivy Cudgel|p1a: Sober to Death|[anim] Ivy Cudgel Water\n|-resisted|p1a: Sober to Death\n|-damage|p1a: Sober to Death|62\/100\n|move|p1a: Sober to Death|Body Press|p2a: Ogerpon\n|-damage|p2a: Ogerpon|0 fnt\n|faint|p2a: Ogerpon\n|\n|upkeep\n|\n|t:|1700864570\n|switch|p2a: Hatterene|Hatterene, F|100\/100\n|-damage|p2a: Hatterene|88\/100|[from] Spikes\n|turn|15\n|\n|t:|1700864574\n|switch|p1a: Helios|Corviknight, F|74\/100\n|-damage|p1a: Helios|61\/100|[from] Stealth Rock\n|-ability|p1a: Helios|Pressure\n|move|p2a: Hatterene|Nuzzle|p1a: Helios\n|-supereffective|p1a: Helios\n|-damage|p1a: Helios|55\/100\n|-status|p1a: Helios|par\n|-damage|p2a: Hatterene|72\/100|[from] item: Rocky Helmet|[of] p1a: Helios\n|\n|upkeep\n|turn|16\n|\n|t:|1700864587\n|move|p1a: Helios|Iron Head|p2a: Hatterene\n|-supereffective|p2a: Hatterene\n|-crit|p2a: Hatterene\n|-damage|p2a: Hatterene|0 fnt\n|faint|p2a: Hatterene\n|\n|upkeep\n|\n|t:|1700864595\n|switch|p2a: Great Tusk|Great Tusk|100\/100\n|-damage|p2a: Great Tusk|88\/100|[from] Spikes\n|turn|17\n|\n|t:|1700864601\n|move|p2a: Great Tusk|Rapid Spin|p1a: Helios\n|-resisted|p1a: Helios\n|-damage|p1a: Helios|49\/100 par\n|-boost|p2a: Great Tusk|spe|1\n|-damage|p2a: Great Tusk|71\/100|[from] item: Rocky Helmet|[of] p1a: Helios\n|-sideend|p2: K hamza|Spikes|[from] move: Rapid Spin|[of] p2a: Great Tusk\n|move|p1a: Helios|Roost|p1a: Helios\n|-heal|p1a: Helios|99\/100 par\n|-singleturn|p1a: Helios|move: Roost\n|\n|upkeep\n|turn|18\n|\n|t:|1700864611\n|move|p2a: Great Tusk|Knock Off|p1a: Helios\n|-damage|p1a: Helios|73\/100 par\n|-damage|p2a: Great Tusk|55\/100|[from] item: Rocky Helmet|[of] p1a: Helios\n|-enditem|p1a: Helios|Rocky Helmet|[from] move: Knock Off|[of] p2a: Great Tusk\n|move|p1a: Helios|Iron Defense|p1a: Helios\n|-boost|p1a: Helios|def|2\n|\n|upkeep\n|turn|19\n|\n|t:|1700864619\n|-end|p2a: Great Tusk|Protosynthesis|[silent]\n|switch|p2a: Iron Moth|Iron Moth|100\/100\n|-enditem|p2a: Iron Moth|Booster Energy\n|-activate|p2a: Iron Moth|ability: Quark Drive|[fromitem]\n|-start|p2a: Iron Moth|quarkdrivespe\n|move|p1a: Helios|Body Press|p2a: Iron Moth\n|-resisted|p2a: Iron Moth\n|-damage|p2a: Iron Moth|65\/100\n|\n|upkeep\n|turn|20\n|\n|t:|1700864628\n|switch|p1a: Ptolemaea|Blissey, F|100\/100\n|move|p2a: Iron Moth|Fiery Dance|p1a: Ptolemaea\n|-damage|p1a: Ptolemaea|86\/100\n|\n|upkeep\n|turn|21\n|\n|t:|1700864634\n|move|p2a: Iron Moth|Fiery Dance|p1a: Ptolemaea\n|-damage|p1a: Ptolemaea|71\/100\n|move|p1a: Ptolemaea|Calm Mind|p1a: Ptolemaea\n|-boost|p1a: Ptolemaea|spa|1\n|-boost|p1a: Ptolemaea|spd|1\n|\n|upkeep\n|turn|22\n|\n|t:|1700864642\n|-end|p2a: Iron Moth|Quark Drive|[silent]\n|switch|p2a: Rillaboom|Rillaboom, F|90\/100\n|-fieldstart|move: Grassy Terrain|[from] ability: Grassy Surge|[of] p2a: Rillaboom\n|move|p1a: Ptolemaea|Calm Mind|p1a: Ptolemaea\n|-boost|p1a: Ptolemaea|spa|1\n|-boost|p1a: Ptolemaea|spd|1\n|\n|-heal|p2a: Rillaboom|96\/100|[from] Grassy Terrain\n|-heal|p1a: Ptolemaea|78\/100|[from] Grassy Terrain\n|upkeep\n|turn|23\n|\n|t:|1700864653\n|switch|p1a: Helios|Corviknight, F|73\/100 par\n|-damage|p1a: Helios|60\/100 par|[from] Stealth Rock\n|-ability|p1a: Helios|Pressure\n|move|p2a: Rillaboom|Knock Off|p1a: Helios\n|-damage|p1a: Helios|38\/100 par\n|\n|-heal|p2a: Rillaboom|100\/100|[from] Grassy Terrain\n|upkeep\n|turn|24\n|\n|t:|1700864663\n|move|p2a: Rillaboom|Knock Off|p1a: Helios\n|-damage|p1a: Helios|13\/100 par\n|move|p1a: Helios|Roost|p1a: Helios\n|-heal|p1a: Helios|63\/100 par\n|-singleturn|p1a: Helios|move: Roost\n|\n|-heal|p1a: Helios|69\/100 par|[from] Grassy Terrain\n|upkeep\n|turn|25\n|\n|t:|1700864671\n|move|p2a: Rillaboom|Knock Off|p1a: Helios\n|-damage|p1a: Helios|47\/100 par\n|move|p1a: Helios|Body Press|p2a: Rillaboom\n|-damage|p2a: Rillaboom|75\/100\n|\n|-heal|p2a: Rillaboom|81\/100|[from] Grassy Terrain\n|upkeep\n|turn|26\n|\n|t:|1700864687\n|move|p2a: Rillaboom|Knock Off|p1a: Helios\n|-damage|p1a: Helios|24\/100 par\n|move|p1a: Helios|Roost|p1a: Helios\n|-heal|p1a: Helios|74\/100 par\n|-singleturn|p1a: Helios|move: Roost\n|\n|-heal|p2a: Rillaboom|87\/100|[from] Grassy Terrain\n|-heal|p1a: Helios|80\/100 par|[from] Grassy Terrain\n|-fieldend|move: Grassy Terrain\n|upkeep\n|turn|27\n|\n|t:|1700864699\n|move|p2a: Rillaboom|Knock Off|p1a: Helios\n|-damage|p1a: Helios|55\/100 par\n|move|p1a: Helios|Iron Defense|p1a: Helios\n|-boost|p1a: Helios|def|2\n|\n|upkeep\n|turn|28\n|c|\u2606K hamza|You sure your corv is normal\n|\n|t:|1700864712\n|switch|p2a: Iron Moth|Iron Moth|65\/100\n|move|p1a: Helios|Iron Defense|p1a: Helios\n|-boost|p1a: Helios|def|2\n|\n|upkeep\n|turn|29\n|\n|t:|1700864721\n|switch|p1a: Ptolemaea|Blissey, F|78\/100\n|move|p2a: Iron Moth|Fiery Dance|p1a: Ptolemaea\n|-damage|p1a: Ptolemaea|63\/100\n|\n|upkeep\n|turn|30\n|c|\u2606K hamza|No paralyze\n|c|\u2606K hamza|He outspeed even if paralyzed\n|\n|t:|1700864740\n|-end|p2a: Iron Moth|Quark Drive|[silent]\n|switch|p2a: Great Tusk|Great Tusk|55\/100\n|move|p1a: Ptolemaea|Shadow Ball|p2a: Great Tusk\n|-crit|p2a: Great Tusk\n|-damage|p2a: Great Tusk|36\/100\n|-unboost|p2a: Great Tusk|spd|1\n|\n|upkeep\n|turn|31\n|c|\u2606K hamza|Crit spedef drop\n|c|\u2606K hamza|No boost for me\n|inactive|K hamza has 120 seconds left.\n|c|\u2606K hamza|Game is seriously hacked here\n|\n|t:|1700864772\n|-end|p2a: Great Tusk|Protosynthesis|[silent]\n|switch|p2a: Rillaboom|Rillaboom, F|87\/100\n|-fieldstart|move: Grassy Terrain|[from] ability: Grassy Surge|[of] p2a: Rillaboom\n|switch|p1a: Sober to Death|Dondozo, F|62\/100\n|\n|-heal|p2a: Rillaboom|93\/100|[from] Grassy Terrain\n|-heal|p1a: Sober to Death|68\/100|[from] Grassy Terrain\n|upkeep\n|turn|32\n|inactive|K hamza has 120 seconds left.\n|\n|t:|1700864784\n|switch|p1a: Triton|Toxapex, F|100\/100\n|move|p2a: Rillaboom|Knock Off|p1a: Triton\n|-damage|p1a: Triton|68\/100\n|-enditem|p1a: Triton|Heavy-Duty Boots|[from] move: Knock Off|[of] p2a: Rillaboom\n|\n|-heal|p2a: Rillaboom|99\/100|[from] Grassy Terrain\n|-heal|p1a: Triton|74\/100|[from] Grassy Terrain\n|upkeep\n|turn|33\n|inactive|K hamza has 120 seconds left.\n|\n|t:|1700864794\n|switch|p2a: Iron Moth|Iron Moth|65\/100\n|-terastallize|p1a: Triton|Fairy\n|move|p1a: Triton|Toxic|p2a: Iron Moth\n|-immune|p2a: Iron Moth\n|\n|-heal|p2a: Iron Moth|71\/100|[from] Grassy Terrain\n|-heal|p1a: Triton|80\/100|[from] Grassy Terrain\n|upkeep\n|turn|34\n|inactive|K hamza has 120 seconds left.\n|\n|t:|1700864805\n|switch|p1a: Ptolemaea|Blissey, F|63\/100\n|move|p2a: Iron Moth|Fiery Dance|p1a: Ptolemaea\n|-damage|p1a: Ptolemaea|48\/100\n|\n|-heal|p2a: Iron Moth|77\/100|[from] Grassy Terrain\n|-heal|p1a: Ptolemaea|55\/100|[from] Grassy Terrain\n|upkeep\n|turn|35\n|inactive|K hamza has 120 seconds left.\n|\n|t:|1700864814\n|move|p2a: Iron Moth|Fiery Dance|p1a: Ptolemaea\n|-damage|p1a: Ptolemaea|40\/100\n|move|p1a: Ptolemaea|Soft-Boiled|p1a: Ptolemaea\n|-heal|p1a: Ptolemaea|90\/100\n|\n|-heal|p2a: Iron Moth|83\/100|[from] Grassy Terrain\n|-heal|p1a: Ptolemaea|97\/100|[from] Grassy Terrain\n|-fieldend|move: Grassy Terrain\n|upkeep\n|turn|36\n|\n|t:|1700864823\n|move|p2a: Iron Moth|Fiery Dance|p1a: Ptolemaea\n|-damage|p1a: Ptolemaea|82\/100\n|move|p1a: Ptolemaea|Calm Mind|p1a: Ptolemaea\n|-boost|p1a: Ptolemaea|spa|1\n|-boost|p1a: Ptolemaea|spd|1\n|\n|upkeep\n|turn|37\n|c|\u2606K hamza|Dude\n|\n|t:|1700864836\n|-end|p2a: Iron Moth|Quark Drive|[silent]\n|switch|p2a: Rillaboom|Rillaboom, F|99\/100\n|-fieldstart|move: Grassy Terrain|[from] ability: Grassy Surge|[of] p2a: Rillaboom\n|move|p1a: Ptolemaea|Shadow Ball|p2a: Rillaboom\n|-damage|p2a: Rillaboom|71\/100\n|\n|-heal|p2a: Rillaboom|77\/100|[from] Grassy Terrain\n|-heal|p1a: Ptolemaea|88\/100|[from] Grassy Terrain\n|upkeep\n|turn|38\n|\n|t:|1700864847\n|switch|p1a: Helios|Corviknight, F|55\/100 par\n|-damage|p1a: Helios|42\/100 par|[from] Stealth Rock\n|-ability|p1a: Helios|Pressure\n|move|p2a: Rillaboom|Knock Off|p1a: Helios\n|-damage|p1a: Helios|18\/100 par\n|\n|-heal|p2a: Rillaboom|83\/100|[from] Grassy Terrain\n|upkeep\n|turn|39\n|\n|t:|1700864856\n|move|p2a: Rillaboom|Knock Off|p1a: Helios\n|-damage|p1a: Helios|0 fnt\n|faint|p1a: Helios\n|\n|-heal|p2a: Rillaboom|89\/100|[from] Grassy Terrain\n|upkeep\n|\n|t:|1700864858\n|switch|p1a: Acanthis|Tornadus-Therian, M|100\/100\n|turn|40\n|\n|t:|1700864866\n|switch|p2a: Ting-Lu|Ting-Lu|70\/100\n|-ability|p2a: Ting-Lu|Vessel of Ruin\n|move|p1a: Acanthis|Bleakwind Storm|p2a: Ting-Lu\n|-damage|p2a: Ting-Lu|47\/100\n|\n|-heal|p2a: Ting-Lu|54\/100|[from] Grassy Terrain\n|-heal|p2a: Ting-Lu|60\/100|[from] item: Leftovers\n|upkeep\n|turn|41\n|\n|t:|1700864878\n|move|p1a: Acanthis|Focus Blast|p2a: Ting-Lu|[miss]\n|-miss|p1a: Acanthis|p2a: Ting-Lu\n|move|p2a: Ting-Lu|Spikes|p1a: Acanthis\n|-sidestart|p1: blisterpod42|Spikes\n|\n|-heal|p2a: Ting-Lu|66\/100|[from] Grassy Terrain\n|-heal|p2a: Ting-Lu|72\/100|[from] item: Leftovers\n|-fieldend|move: Grassy Terrain\n|upkeep\n|turn|42\n|\n|t:|1700864887\n|move|p1a: Acanthis|Focus Blast|p2a: Ting-Lu\n|-supereffective|p2a: Ting-Lu\n|-crit|p2a: Ting-Lu\n|-damage|p2a: Ting-Lu|15\/100\n|move|p2a: Ting-Lu|Whirlwind|p1a: Acanthis\n|drag|p1a: Disciples|Ting-Lu|100\/100\n|-ability|p1a: Disciples|Vessel of Ruin\n|\n|-heal|p2a: Ting-Lu|21\/100|[from] item: Leftovers\n|upkeep\n|turn|43\n|\n|t:|1700864901\n|switch|p2a: Rillaboom|Rillaboom, F|89\/100\n|-fieldstart|move: Grassy Terrain|[from] ability: Grassy Surge|[of] p2a: Rillaboom\n|move|p1a: Disciples|Earthquake|p2a: Rillaboom\n|-resisted|p2a: Rillaboom\n|-damage|p2a: Rillaboom|79\/100\n|\n|-heal|p2a: Rillaboom|85\/100|[from] Grassy Terrain\n|upkeep\n|turn|44\n|\n|t:|1700864912\n|switch|p1a: Triton|Toxapex, F, tera:Fairy|100\/100\n|-damage|p1a: Triton|88\/100|[from] Stealth Rock\n|-damage|p1a: Triton|72\/100|[from] Spikes\n|-terastallize|p2a: Rillaboom|Grass\n|move|p2a: Rillaboom|Grassy Glide|p1a: Triton\n|-damage|p1a: Triton|26\/100\n|\n|-heal|p2a: Rillaboom|91\/100|[from] Grassy Terrain\n|-heal|p1a: Triton|32\/100|[from] Grassy Terrain\n|upkeep\n|turn|45\n|\n|t:|1700864925\n|switch|p1a: Sober to Death|Dondozo, F|68\/100\n|move|p2a: Rillaboom|Grassy Glide|p1a: Sober to Death\n|-supereffective|p1a: Sober to Death\n|-damage|p1a: Sober to Death|0 fnt\n|faint|p1a: Sober to Death\n|\n|-heal|p2a: Rillaboom|97\/100|[from] Grassy Terrain\n|upkeep\n|\n|t:|1700864927\n|switch|p1a: Acanthis|Tornadus-Therian, M|100\/100\n|turn|46\n|\n|t:|1700864945\n|switch|p2a: Ting-Lu|Ting-Lu|21\/100\n|-ability|p2a: Ting-Lu|Vessel of Ruin\n|move|p1a: Acanthis|Bleakwind Storm|p2a: Ting-Lu\n|-damage|p2a: Ting-Lu|0 fnt\n|faint|p2a: Ting-Lu\n|\n|upkeep\n|\n|t:|1700864954\n|switch|p2a: Iron Moth|Iron Moth|83\/100\n|turn|47\n|\n|t:|1700864957\n|switch|p1a: Disciples|Ting-Lu|100\/100\n|-ability|p1a: Disciples|Vessel of Ruin\n|move|p2a: Iron Moth|Fiery Dance|p1a: Disciples\n|-damage|p1a: Disciples|84\/100\n|-boost|p2a: Iron Moth|spa|1\n|\n|-heal|p2a: Iron Moth|89\/100|[from] Grassy Terrain\n|-heal|p1a: Disciples|90\/100|[from] Grassy Terrain\n|-fieldend|move: Grassy Terrain\n|upkeep\n|turn|48\n|\n|t:|1700864970\n|move|p2a: Iron Moth|Energy Ball|p1a: Disciples\n|-supereffective|p1a: Disciples\n|-damage|p1a: Disciples|49\/100\n|move|p1a: Disciples|Earthquake|p2a: Iron Moth\n|-supereffective|p2a: Iron Moth\n|-damage|p2a: Iron Moth|0 fnt\n|faint|p2a: Iron Moth\n|-end|p2a: Iron Moth|Quark Drive|[silent]\n|\n|upkeep\n|\n|t:|1700864979\n|switch|p2a: Great Tusk|Great Tusk|36\/100\n|turn|49\n|\n|t:|1700864985\n|move|p1a: Disciples|Protect|p1a: Disciples\n|-singleturn|p1a: Disciples|Protect\n|move|p2a: Great Tusk|Close Combat|p1a: Disciples\n|-activate|p1a: Disciples|move: Protect\n|\n|upkeep\n|turn|50\n|\n|t:|1700864998\n|switch|p1a: Ptolemaea|Blissey, F|88\/100\n|move|p2a: Great Tusk|Knock Off|p1a: Ptolemaea\n|-damage|p1a: Ptolemaea|55\/100\n|-enditem|p1a: Ptolemaea|Heavy-Duty Boots|[from] move: Knock Off|[of] p2a: Great Tusk\n|\n|upkeep\n|turn|51\n|\n|t:|1700865005\n|move|p2a: Great Tusk|Rapid Spin|p1a: Ptolemaea\n|-crit|p1a: Ptolemaea\n|-damage|p1a: Ptolemaea|30\/100\n|-boost|p2a: Great Tusk|spe|1\n|move|p1a: Ptolemaea|Shadow Ball|p2a: Great Tusk\n|-damage|p2a: Great Tusk|23\/100\n|\n|upkeep\n|turn|52\n|\n|t:|1700865014\n|move|p2a: Great Tusk|Rapid Spin|p1a: Ptolemaea\n|-damage|p1a: Ptolemaea|15\/100\n|-boost|p2a: Great Tusk|spe|1\n|move|p1a: Ptolemaea|Shadow Ball|p2a: Great Tusk\n|-damage|p2a: Great Tusk|9\/100\n|-unboost|p2a: Great Tusk|spd|1\n|\n|upkeep\n|turn|53\n|\n|t:|1700865023\n|move|p2a: Great Tusk|Knock Off|p1a: Ptolemaea\n|-damage|p1a: Ptolemaea|0 fnt\n|faint|p1a: Ptolemaea\n|\n|upkeep\n|\n|t:|1700865025\n|switch|p1a: Acanthis|Tornadus-Therian, M|100\/100\n|turn|54\n|\n|t:|1700865034\n|move|p2a: Great Tusk|Knock Off|p1a: Acanthis\n|-damage|p1a: Acanthis|51\/100\n|-enditem|p1a: Acanthis|Heavy-Duty Boots|[from] move: Knock Off|[of] p2a: Great Tusk\n|move|p1a: Acanthis|Heat Wave|p2a: Great Tusk\n|-damage|p2a: Great Tusk|0 fnt\n|faint|p2a: Great Tusk\n|-end|p2a: Great Tusk|Protosynthesis|[silent]\n|\n|upkeep\n|\n|t:|1700865043\n|switch|p2a: Rillaboom|Rillaboom, F, tera:Grass|97\/100\n|-fieldstart|move: Grassy Terrain|[from] ability: Grassy Surge|[of] p2a: Rillaboom\n|turn|55\n|\n|t:|1700865048\n|move|p2a: Rillaboom|Grassy Glide|p1a: Acanthis\n|-resisted|p1a: Acanthis\n|-damage|p1a: Acanthis|0 fnt\n|faint|p1a: Acanthis\n|\n|-heal|p2a: Rillaboom|100\/100|[from] Grassy Terrain\n|upkeep\n|\n|t:|1700865052\n|switch|p1a: Triton|Toxapex, F, tera:Fairy|66\/100\n|-damage|p1a: Triton|53\/100|[from] Stealth Rock\n|-damage|p1a: Triton|37\/100|[from] Spikes\n|turn|56\n|\n|t:|1700865060\n|move|p2a: Rillaboom|Grassy Glide|p1a: Triton\n|-damage|p1a: Triton|0 fnt\n|faint|p1a: Triton\n|\n|upkeep\n|\n|t:|1700865062\n|switch|p1a: Disciples|Ting-Lu|49\/100\n|-ability|p1a: Disciples|Vessel of Ruin\n|turn|57\n|c|\u2606K hamza|How the fuck did i win this game\n|\n|t:|1700865074\n|move|p1a: Disciples|Protect|p1a: Disciples\n|-singleturn|p1a: Disciples|Protect\n|move|p2a: Rillaboom|Grassy Glide|p1a: Disciples\n|-activate|p1a: Disciples|move: Protect\n|\n|-heal|p1a: Disciples|55\/100|[from] Grassy Terrain\n|upkeep\n|turn|58\n|\n|t:|1700865083\n|move|p2a: Rillaboom|Grassy Glide|p1a: Disciples\n|-supereffective|p1a: Disciples\n|-damage|p1a: Disciples|0 fnt\n|faint|p1a: Disciples\n|\n|win|K hamza\n|raw|blisterpod42's rating: 1200 &rarr; <strong>1183<\/strong><br \/>(-17 for losing)\n|raw|K hamza's rating: 1311 &rarr; <strong>1325<\/strong><br \/>(+14 for winning)\n|l|\u2606blisterpod42\n","uploadtime":1700865099,"views":5,"p1id":"blisterpod42","p2id":"khamza","formatid":"gen9ou","rating":1183,"private":0,"password":""}