{"id":"gen9ou-2000016416","p1":"underratedsetsgud","p2":"tomebreaker","format":"[Gen 9] OU","log":"|j|\u2606underratedsetsgud\n|j|\u2606tomebreaker\n|t:|1701141566\n|gametype|singles\n|player|p1|underratedsetsgud|palmer|\n|player|p2|tomebreaker|yellow|\n|teamsize|p1|6\n|teamsize|p2|6\n|gen|9\n|tier|[Gen 9] OU\n|rule|Sleep Clause Mod: Limit one foe put to sleep\n|rule|Species Clause: Limit one of each Pok\u00e9mon\n|rule|OHKO Clause: OHKO moves are banned\n|rule|Evasion Items Clause: Evasion items are banned\n|rule|Evasion Moves Clause: Evasion moves are banned\n|rule|Endless Battle Clause: Forcing endless battles is banned\n|rule|HP Percentage Mod: HP is shown in percentages\n|clearpoke\n|poke|p1|Garganacl, M|\n|poke|p1|Great Tusk|\n|poke|p1|Gholdengo|\n|poke|p1|Iron Valiant|\n|poke|p1|Dragonite, F|\n|poke|p1|Zapdos|\n|poke|p2|Garganacl, M|\n|poke|p2|Great Tusk|\n|poke|p2|Gholdengo|\n|poke|p2|Iron Valiant|\n|poke|p2|Dragonite, F|\n|poke|p2|Zapdos|\n|teampreview\n|inactive|Battle timer is ON: inactive players will automatically lose when time's up. (requested by tomebreaker)\n|c|\u2606tomebreaker|THIS IS MY TEAMMM\n|c|\u2606tomebreaker|HEY.\n|inactive|underratedsetsgud has 270 seconds left.\n|inactive|underratedsetsgud has 240 seconds left.\n|inactiveoff|Battle timer is now OFF.\n|c|\u2606tomebreaker|MOVE!!!!!!!!!\n|c|\u2606underratedsetsgud|mother was calling me\n|c|\u2606underratedsetsgud|my team actually \ud83e\udd13\n|\n|t:|1701141674\n|start\n|switch|p1a: Garganacl|Garganacl, M|100\/100\n|switch|p2a: Zapdos|Zapdos|100\/100\n|turn|1\n|\n|t:|1701141691\n|switch|p2a: Great Tusk|Great Tusk|100\/100\n|move|p1a: Garganacl|Salt Cure|p2a: Great Tusk\n|-resisted|p2a: Great Tusk\n|-damage|p2a: Great Tusk|98\/100\n|-start|p2a: Great Tusk|Salt Cure\n|\n|-damage|p2a: Great Tusk|85\/100|[from] Salt Cure\n|upkeep\n|turn|2\n|\n|t:|1701141717\n|switch|p1a: Great Tusk|Great Tusk|100\/100\n|move|p2a: Great Tusk|Knock Off|p1a: Great Tusk\n|-resisted|p1a: Great Tusk\n|-damage|p1a: Great Tusk|89\/100\n|-enditem|p1a: Great Tusk|Heavy-Duty Boots|[from] move: Knock Off|[of] p2a: Great Tusk\n|\n|-damage|p2a: Great Tusk|73\/100|[from] Salt Cure\n|upkeep\n|turn|3\n|\n|t:|1701141723\n|move|p2a: Great Tusk|Stealth Rock|p1a: Great Tusk\n|-sidestart|p1: underratedsetsgud|move: Stealth Rock\n|move|p1a: Great Tusk|Stealth Rock|p2a: Great Tusk\n|-sidestart|p2: tomebreaker|move: Stealth Rock\n|\n|-damage|p2a: Great Tusk|61\/100|[from] Salt Cure\n|upkeep\n|turn|4\n|\n|t:|1701141746\n|-end|p2a: Great Tusk|Protosynthesis|[silent]\n|switch|p2a: Zapdos|Zapdos|100\/100\n|move|p1a: Great Tusk|Knock Off|p2a: Zapdos\n|-damage|p2a: Zapdos|65\/100\n|-enditem|p2a: Zapdos|Heavy-Duty Boots|[from] move: Knock Off|[of] p1a: Great Tusk\n|\n|upkeep\n|turn|5\n|c|\u2606underratedsetsgud|HAHAHHAHA\n|c|\u2606underratedsetsgud|HAHAHHA\n|\n|t:|1701141756\n|move|p1a: Great Tusk|Ice Spinner|p2a: Zapdos\n|-supereffective|p2a: Zapdos\n|-damage|p2a: Zapdos|8\/100\n|move|p2a: Zapdos|Hurricane|p1a: Great Tusk|[miss]\n|-miss|p2a: Zapdos|p1a: Great Tusk\n|\n|upkeep\n|turn|6\n|c|\u2606underratedsetsgud|AHhAH\n|c|\u2606tomebreaker|This word is so unjust....................\n|c|\u2606underratedsetsgud|word 2\n|\n|t:|1701141770\n|-end|p1a: Great Tusk|Protosynthesis|[silent]\n|switch|p1a: Gholdengo|Gholdengo|100\/100\n|-damage|p1a: Gholdengo|94\/100|[from] Stealth Rock\n|-item|p1a: Gholdengo|Air Balloon\n|move|p2a: Zapdos|Hurricane|p1a: Gholdengo\n|-resisted|p1a: Gholdengo\n|-damage|p1a: Gholdengo|71\/100\n|-start|p1a: Gholdengo|confusion\n|-enditem|p1a: Gholdengo|Air Balloon\n|\n|upkeep\n|turn|7\n|\n|t:|1701141785\n|move|p2a: Zapdos|Heat Wave|p1a: Gholdengo\n|-supereffective|p1a: Gholdengo\n|-crit|p1a: Gholdengo\n|-damage|p1a: Gholdengo|0 fnt\n|faint|p1a: Gholdengo\n|\n|upkeep\n|c|\u2606tomebreaker|LOLLLLLL\n|c|\u2606underratedsetsgud|unjust\n|c|\u2606tomebreaker|Never mind. It's very jus\n|\n|t:|1701141798\n|switch|p1a: Iron Valiant|Iron Valiant|100\/100\n|turn|8\n|c|\u2606tomebreaker|t\n|\n|t:|1701141809\n|move|p1a: Iron Valiant|Moonblast|p2a: Zapdos\n|-damage|p2a: Zapdos|0 fnt\n|faint|p2a: Zapdos\n|\n|upkeep\n|\n|t:|1701141820\n|switch|p2a: Gholdengo|Gholdengo|100\/100\n|-damage|p2a: Gholdengo|94\/100|[from] Stealth Rock\n|-item|p2a: Gholdengo|Air Balloon\n|turn|9\n|\n|t:|1701141828\n|move|p1a: Iron Valiant|Moonblast|p2a: Gholdengo\n|-resisted|p2a: Gholdengo\n|-damage|p2a: Gholdengo|70\/100\n|-enditem|p2a: Gholdengo|Air Balloon\n|move|p2a: Gholdengo|Make It Rain|p1a: Iron Valiant\n|-supereffective|p1a: Iron Valiant\n|-damage|p1a: Iron Valiant|0 fnt\n|-unboost|p2a: Gholdengo|spa|1\n|faint|p1a: Iron Valiant\n|-end|p1a: Iron Valiant|Quark Drive|[silent]\n|\n|upkeep\n|\n|t:|1701141839\n|switch|p1a: Zapdos|Zapdos|100\/100\n|turn|10\n|c|\u2606underratedsetsgud|hey watch this crit\n|\n|t:|1701141853\n|switch|p2a: Garganacl|Garganacl, M|100\/100\n|-damage|p2a: Garganacl|88\/100|[from] Stealth Rock\n|move|p1a: Zapdos|Heat Wave|p2a: Garganacl\n|-resisted|p2a: Garganacl\n|-damage|p2a: Garganacl|77\/100\n|\n|-heal|p2a: Garganacl|83\/100|[from] item: Leftovers\n|upkeep\n|turn|11\n|c|\u2606underratedsetsgud|cowardly\n|\n|t:|1701141865\n|switch|p1a: Garganacl|Garganacl, M|100\/100\n|-damage|p1a: Garganacl|88\/100|[from] Stealth Rock\n|move|p2a: Garganacl|Curse|p2a: Garganacl\n|-unboost|p2a: Garganacl|spe|1\n|-boost|p2a: Garganacl|atk|1\n|-boost|p2a: Garganacl|def|1\n|\n|-heal|p1a: Garganacl|94\/100|[from] item: Leftovers\n|-heal|p2a: Garganacl|90\/100|[from] item: Leftovers\n|upkeep\n|turn|12\n|c|\u2606tomebreaker|I think it's GARGING time.\n|\n|t:|1701141873\n|move|p1a: Garganacl|Salt Cure|p2a: Garganacl\n|-damage|p2a: Garganacl|84\/100\n|-start|p2a: Garganacl|Salt Cure\n|move|p2a: Garganacl|Earthquake|p1a: Garganacl\n|-supereffective|p1a: Garganacl\n|-damage|p1a: Garganacl|60\/100\n|\n|-heal|p1a: Garganacl|66\/100|[from] item: Leftovers\n|-heal|p2a: Garganacl|91\/100|[from] item: Leftovers\n|-damage|p2a: Garganacl|78\/100|[from] Salt Cure\n|upkeep\n|turn|13\n|c|\u2606underratedsetsgud|i think you should DIE!\n|\n|t:|1701141886\n|switch|p2a: Great Tusk|Great Tusk|61\/100\n|move|p1a: Garganacl|Curse|p1a: Garganacl\n|-unboost|p1a: Garganacl|spe|1\n|-boost|p1a: Garganacl|atk|1\n|-boost|p1a: Garganacl|def|1\n|\n|-heal|p1a: Garganacl|73\/100|[from] item: Leftovers\n|upkeep\n|turn|14\n|\n|t:|1701141891\n|move|p2a: Great Tusk|Knock Off|p1a: Garganacl\n|-damage|p1a: Garganacl|59\/100\n|-enditem|p1a: Garganacl|Leftovers|[from] move: Knock Off|[of] p2a: Great Tusk\n|move|p1a: Garganacl|Recover|p1a: Garganacl\n|-heal|p1a: Garganacl|100\/100\n|\n|upkeep\n|turn|15\n|\n|t:|1701141898\n|move|p2a: Great Tusk|Headlong Rush|p1a: Garganacl\n|-supereffective|p1a: Garganacl\n|-damage|p1a: Garganacl|57\/100\n|-unboost|p2a: Great Tusk|def|1\n|-unboost|p2a: Great Tusk|spd|1\n|move|p1a: Garganacl|Salt Cure|p2a: Great Tusk\n|-resisted|p2a: Great Tusk\n|-damage|p2a: Great Tusk|55\/100\n|-start|p2a: Great Tusk|Salt Cure\n|\n|-damage|p2a: Great Tusk|43\/100|[from] Salt Cure\n|upkeep\n|turn|16\n|\n|t:|1701141903\n|move|p2a: Great Tusk|Headlong Rush|p1a: Garganacl\n|-supereffective|p1a: Garganacl\n|-damage|p1a: Garganacl|13\/100\n|-unboost|p2a: Great Tusk|def|1\n|-unboost|p2a: Great Tusk|spd|1\n|move|p1a: Garganacl|Recover|p1a: Garganacl\n|-heal|p1a: Garganacl|63\/100\n|\n|-damage|p2a: Great Tusk|30\/100|[from] Salt Cure\n|upkeep\n|turn|17\n|\n|t:|1701141913\n|-end|p2a: Great Tusk|Protosynthesis|[silent]\n|switch|p2a: Garganacl|Garganacl, M|78\/100\n|-damage|p2a: Garganacl|66\/100|[from] Stealth Rock\n|-terastallize|p1a: Garganacl|Water\n|move|p1a: Garganacl|Earthquake|p2a: Garganacl\n|-supereffective|p2a: Garganacl\n|-damage|p2a: Garganacl|31\/100\n|\n|-heal|p2a: Garganacl|37\/100|[from] item: Leftovers\n|upkeep\n|turn|18\n|c|\u2606underratedsetsgud|watch this\n|\n|t:|1701141927\n|move|p2a: Garganacl|Recover|p2a: Garganacl\n|-heal|p2a: Garganacl|87\/100\n|move|p1a: Garganacl|Salt Cure|p2a: Garganacl\n|-damage|p2a: Garganacl|76\/100\n|-start|p2a: Garganacl|Salt Cure\n|\n|-heal|p2a: Garganacl|82\/100|[from] item: Leftovers\n|-damage|p2a: Garganacl|70\/100|[from] Salt Cure\n|upkeep\n|turn|19\n|\n|t:|1701141933\n|move|p2a: Garganacl|Salt Cure|p1a: Garganacl\n|-damage|p1a: Garganacl|58\/100\n|-start|p1a: Garganacl|Salt Cure\n|move|p1a: Garganacl|Curse|p1a: Garganacl\n|-unboost|p1a: Garganacl|spe|1\n|-boost|p1a: Garganacl|atk|1\n|-boost|p1a: Garganacl|def|1\n|\n|-heal|p2a: Garganacl|76\/100|[from] item: Leftovers\n|-damage|p2a: Garganacl|63\/100|[from] Salt Cure\n|-damage|p1a: Garganacl|33\/100|[from] Salt Cure\n|upkeep\n|turn|20\n|\n|t:|1701141936\n|move|p2a: Garganacl|Recover|p2a: Garganacl\n|-heal|p2a: Garganacl|100\/100\n|move|p1a: Garganacl|Recover|p1a: Garganacl\n|-heal|p1a: Garganacl|83\/100\n|\n|-damage|p2a: Garganacl|88\/100|[from] Salt Cure\n|-damage|p1a: Garganacl|58\/100|[from] Salt Cure\n|upkeep\n|turn|21\n|\n|t:|1701141940\n|move|p2a: Garganacl|Curse|p2a: Garganacl\n|-unboost|p2a: Garganacl|spe|1\n|-boost|p2a: Garganacl|atk|1\n|-boost|p2a: Garganacl|def|1\n|move|p1a: Garganacl|Recover|p1a: Garganacl\n|-heal|p1a: Garganacl|100\/100\n|\n|-heal|p2a: Garganacl|94\/100|[from] item: Leftovers\n|-damage|p2a: Garganacl|82\/100|[from] Salt Cure\n|-damage|p1a: Garganacl|75\/100|[from] Salt Cure\n|upkeep\n|turn|22\n|\n|t:|1701141943\n|move|p2a: Garganacl|Curse|p2a: Garganacl\n|-unboost|p2a: Garganacl|spe|1\n|-boost|p2a: Garganacl|atk|1\n|-boost|p2a: Garganacl|def|1\n|move|p1a: Garganacl|Curse|p1a: Garganacl\n|-unboost|p1a: Garganacl|spe|1\n|-boost|p1a: Garganacl|atk|1\n|-boost|p1a: Garganacl|def|1\n|\n|-heal|p2a: Garganacl|88\/100|[from] item: Leftovers\n|-damage|p2a: Garganacl|76\/100|[from] Salt Cure\n|-damage|p1a: Garganacl|50\/100|[from] Salt Cure\n|upkeep\n|turn|23\n|\n|t:|1701141946\n|move|p2a: Garganacl|Curse|p2a: Garganacl\n|-unboost|p2a: Garganacl|spe|1\n|-boost|p2a: Garganacl|atk|1\n|-boost|p2a: Garganacl|def|1\n|move|p1a: Garganacl|Curse|p1a: Garganacl\n|-unboost|p1a: Garganacl|spe|1\n|-boost|p1a: Garganacl|atk|1\n|-boost|p1a: Garganacl|def|1\n|\n|-heal|p2a: Garganacl|82\/100|[from] item: Leftovers\n|-damage|p2a: Garganacl|70\/100|[from] Salt Cure\n|-damage|p1a: Garganacl|25\/100|[from] Salt Cure\n|upkeep\n|turn|24\n|\n|t:|1701141952\n|move|p2a: Garganacl|Curse|p2a: Garganacl\n|-unboost|p2a: Garganacl|spe|1\n|-boost|p2a: Garganacl|atk|1\n|-boost|p2a: Garganacl|def|1\n|move|p1a: Garganacl|Recover|p1a: Garganacl\n|-heal|p1a: Garganacl|75\/100\n|\n|-heal|p2a: Garganacl|76\/100|[from] item: Leftovers\n|-damage|p1a: Garganacl|50\/100|[from] Salt Cure\n|-damage|p2a: Garganacl|63\/100|[from] Salt Cure\n|upkeep\n|turn|25\n|c|\u2606tomebreaker|IT takes a real man to pilot a garg\n|c|\u2606underratedsetsgud|cirt\n|c|\u2606underratedsetsgud|crit\n|\n|t:|1701141968\n|move|p1a: Garganacl|Earthquake|p2a: Garganacl\n|-supereffective|p2a: Garganacl\n|-damage|p2a: Garganacl|37\/100\n|move|p2a: Garganacl|Recover|p2a: Garganacl\n|-heal|p2a: Garganacl|87\/100\n|\n|-heal|p2a: Garganacl|93\/100|[from] item: Leftovers\n|-damage|p2a: Garganacl|81\/100|[from] Salt Cure\n|-damage|p1a: Garganacl|25\/100|[from] Salt Cure\n|upkeep\n|turn|26\n|\n|t:|1701141972\n|move|p2a: Garganacl|Curse|p2a: Garganacl\n|-unboost|p2a: Garganacl|spe|1\n|-boost|p2a: Garganacl|atk|1\n|-boost|p2a: Garganacl|def|1\n|move|p1a: Garganacl|Earthquake|p2a: Garganacl\n|-supereffective|p2a: Garganacl\n|-damage|p2a: Garganacl|59\/100\n|\n|-heal|p2a: Garganacl|65\/100|[from] item: Leftovers\n|-damage|p1a: Garganacl|0 fnt|[from] Salt Cure\n|faint|p1a: Garganacl\n|-damage|p2a: Garganacl|53\/100|[from] Salt Cure\n|upkeep\n|c|\u2606underratedsetsgud|grr.\n|\n|t:|1701141980\n|switch|p1a: Great Tusk|Great Tusk|89\/100\n|-damage|p1a: Great Tusk|86\/100|[from] Stealth Rock\n|turn|27\n|c|\u2606underratedsetsgud|crit\n|\n|t:|1701141990\n|move|p1a: Great Tusk|Headlong Rush|p2a: Garganacl\n|-supereffective|p2a: Garganacl\n|-damage|p2a: Garganacl|33\/100\n|-unboost|p1a: Great Tusk|def|1\n|-unboost|p1a: Great Tusk|spd|1\n|move|p2a: Garganacl|Recover|p2a: Garganacl\n|-heal|p2a: Garganacl|83\/100\n|\n|-heal|p2a: Garganacl|89\/100|[from] item: Leftovers\n|-damage|p2a: Garganacl|77\/100|[from] Salt Cure\n|upkeep\n|turn|28\n|c|\u2606underratedsetsgud|OH YEAH\n|c|\u2606underratedsetsgud|aww\n|\n|t:|1701141997\n|move|p1a: Great Tusk|Headlong Rush|p2a: Garganacl\n|-supereffective|p2a: Garganacl\n|-damage|p2a: Garganacl|59\/100\n|-unboost|p1a: Great Tusk|def|1\n|-unboost|p1a: Great Tusk|spd|1\n|move|p2a: Garganacl|Earthquake|p1a: Great Tusk\n|-damage|p1a: Great Tusk|0 fnt\n|faint|p1a: Great Tusk\n|-end|p1a: Great Tusk|Protosynthesis|[silent]\n|\n|-heal|p2a: Garganacl|65\/100|[from] item: Leftovers\n|-damage|p2a: Garganacl|52\/100|[from] Salt Cure\n|upkeep\n|c|\u2606underratedsetsgud|OH\n|\n|t:|1701142006\n|switch|p1a: Dragonite|Dragonite, F|100\/100\n|turn|29\n|c|\u2606underratedsetsgud|wait\n|\n|t:|1701142011\n|move|p1a: Dragonite|Earthquake|p2a: Garganacl\n|-supereffective|p2a: Garganacl\n|-damage|p2a: Garganacl|39\/100\n|move|p2a: Garganacl|Salt Cure|p1a: Dragonite\n|-supereffective|p1a: Dragonite\n|-damage|p1a: Dragonite|47\/100\n|-start|p1a: Dragonite|Salt Cure\n|\n|-heal|p2a: Garganacl|45\/100|[from] item: Leftovers\n|-damage|p1a: Dragonite|34\/100|[from] Salt Cure\n|-damage|p2a: Garganacl|32\/100|[from] Salt Cure\n|upkeep\n|turn|30\n|c|\u2606underratedsetsgud|unjust\n|\n|t:|1701142016\n|move|p1a: Dragonite|Earthquake|p2a: Garganacl\n|-supereffective|p2a: Garganacl\n|-damage|p2a: Garganacl|19\/100\n|move|p2a: Garganacl|Recover|p2a: Garganacl\n|-heal|p2a: Garganacl|69\/100\n|\n|-heal|p2a: Garganacl|75\/100|[from] item: Leftovers\n|-damage|p1a: Dragonite|22\/100|[from] Salt Cure\n|-damage|p2a: Garganacl|63\/100|[from] Salt Cure\n|upkeep\n|turn|31\n|c|\u2606tomebreaker|That's Life\n|c|\u2606underratedsetsgud|crit\n|\n|t:|1701142022\n|move|p1a: Dragonite|Earthquake|p2a: Garganacl\n|-supereffective|p2a: Garganacl\n|-damage|p2a: Garganacl|50\/100\n|move|p2a: Garganacl|Recover|p2a: Garganacl\n|-heal|p2a: Garganacl|100\/100\n|\n|-damage|p1a: Dragonite|9\/100|[from] Salt Cure\n|-damage|p2a: Garganacl|88\/100|[from] Salt Cure\n|upkeep\n|turn|32\n|\n|t:|1701142024\n|move|p1a: Dragonite|Earthquake|p2a: Garganacl\n|-supereffective|p2a: Garganacl\n|-damage|p2a: Garganacl|75\/100\n|move|p2a: Garganacl|Recover|p2a: Garganacl\n|-heal|p2a: Garganacl|100\/100\n|\n|-damage|p1a: Dragonite|0 fnt|[from] Salt Cure\n|faint|p1a: Dragonite\n|-damage|p2a: Garganacl|88\/100|[from] Salt Cure\n|upkeep\n|\n|t:|1701142029\n|switch|p1a: Zapdos|Zapdos|100\/100\n|turn|33\n|c|\u2606underratedsetsgud|any man can salt\n|c|\u2606tomebreaker|but it takes a TRUE man to cure.\n|c|\u2606underratedsetsgud|but it takes a real man to cure\n|c|\u2606tomebreaker|LOL\n|\n|t:|1701142055\n|move|p1a: Zapdos|Discharge|p2a: Garganacl\n|-damage|p2a: Garganacl|61\/100\n|move|p2a: Garganacl|Salt Cure|p1a: Zapdos\n|-supereffective|p1a: Zapdos\n|-damage|p1a: Zapdos|6\/100\n|-start|p1a: Zapdos|Salt Cure\n|\n|-heal|p2a: Garganacl|68\/100|[from] item: Leftovers\n|-damage|p1a: Zapdos|0 fnt|[from] Salt Cure\n|faint|p1a: Zapdos\n|\n|win|tomebreaker\n|upkeep\n|c|\u2606underratedsetsgud|gg\n|c|\u2606tomebreaker|gg lil bro\n|c|\u2606tomebreaker|last one from me for tonight\n|c|\u2606underratedsetsgud|yeah alr\n|c|\u2606underratedsetsgud|gn\n|c|\u2606tomebreaker|but dont forget to GARG.\n|c|\u2606underratedsetsgud|NOOOOO\n","uploadtime":1701142085,"views":2,"p1id":"underratedsetsgud","p2id":"tomebreaker","formatid":"gen9ou","rating":0,"private":0,"password":""}