{"id":"gen9ou-1990616188","p1":"Snowballham","p2":"burgercute","format":"[Gen 9] OU","log":"|j|\u2606Snowballham\n|j|\u2606burgercute\n|t:|1699985991\n|gametype|singles\n|player|p1|Snowballham|cynthia-gen4|1275\n|player|p2|burgercute|iris|1282\n|teamsize|p1|6\n|teamsize|p2|6\n|gen|9\n|tier|[Gen 9] OU\n|rated|\n|rule|Sleep Clause Mod: Limit one foe put to sleep\n|rule|Species Clause: Limit one of each Pok\u00e9mon\n|rule|OHKO Clause: OHKO moves are banned\n|rule|Evasion Items Clause: Evasion items are banned\n|rule|Evasion Moves Clause: Evasion moves are banned\n|rule|Endless Battle Clause: Forcing endless battles is banned\n|rule|HP Percentage Mod: HP is shown in percentages\n|clearpoke\n|poke|p1|Pelipper, M|\n|poke|p1|Thundurus-Therian, M|\n|poke|p1|Tornadus, M|\n|poke|p1|Gholdengo|\n|poke|p1|Iron Hands|\n|poke|p1|Basculegion, M|\n|poke|p2|Indeedee, M|\n|poke|p2|Toedscruel, M|\n|poke|p2|Pelipper, F|\n|poke|p2|Floatzel, M|\n|poke|p2|Polteageist|\n|poke|p2|Forretress, M|\n|teampreview\n|inactive|Battle timer is ON: inactive players will automatically lose when time's up. (requested by burgercute)\n|\n|t:|1699985998\n|start\n|switch|p1a: Pelipper|Pelipper, M|100\/100\n|switch|p2a: Toedscruel|Toedscruel, M|100\/100\n|-weather|RainDance|[from] ability: Drizzle|[of] p1a: Pelipper\n|turn|1\n|\n|t:|1699986003\n|move|p1a: Pelipper|Hurricane|p2a: Toedscruel\n|-supereffective|p2a: Toedscruel\n|-damage|p2a: Toedscruel|56\/100\n|move|p2a: Toedscruel|Spore|p1a: Pelipper\n|-status|p1a: Pelipper|slp|[from] move: Spore\n|\n|-weather|RainDance|[upkeep]\n|-heal|p2a: Toedscruel|62\/100|[from] item: Leftovers\n|upkeep\n|turn|2\n|\n|t:|1699986007\n|switch|p1a: Gholdengo|Gholdengo|100\/100\n|move|p2a: Toedscruel|Leech Seed|p1a: Gholdengo\n|-start|p1a: Gholdengo|move: Leech Seed\n|\n|-weather|RainDance|[upkeep]\n|-heal|p2a: Toedscruel|68\/100|[from] item: Leftovers\n|-damage|p1a: Gholdengo|88\/100|[from] Leech Seed|[of] p2a: Toedscruel\n|-heal|p2a: Toedscruel|81\/100|[silent]\n|upkeep\n|turn|3\n|\n|t:|1699986021\n|switch|p2a: Free Wave Crash|Floatzel, M, shiny|100\/100\n|switch|p1a: Pelipper|Pelipper, M|100\/100 slp\n|\n|-weather|RainDance|[upkeep]\n|upkeep\n|turn|4\n|c|\u2606Snowballham|Oh no\n|\n|t:|1699986042\n|move|p2a: Free Wave Crash|Wave Crash|p1a: Pelipper\n|-resisted|p1a: Pelipper\n|-damage|p1a: Pelipper|37\/100 slp\n|-damage|p2a: Free Wave Crash|79\/100|[from] Recoil\n|cant|p1a: Pelipper|slp\n|\n|-weather|RainDance|[upkeep]\n|upkeep\n|turn|5\n|\n|t:|1699986047\n|move|p2a: Free Wave Crash|Wave Crash|p1a: Pelipper\n|-resisted|p1a: Pelipper\n|-damage|p1a: Pelipper|0 fnt\n|faint|p1a: Pelipper\n|-damage|p2a: Free Wave Crash|66\/100|[from] Recoil\n|\n|-weather|RainDance|[upkeep]\n|upkeep\n|\n|t:|1699986052\n|switch|p1a: Iron Hands|Iron Hands|100\/100\n|turn|6\n|\n|t:|1699986056\n|switch|p2a: Forretress|Forretress, M, shiny|100\/100\n|move|p1a: Iron Hands|Fake Out|p2a: Forretress\n|-resisted|p2a: Forretress\n|-damage|p2a: Forretress|96\/100\n|-damage|p1a: Iron Hands|84\/100|[from] item: Rocky Helmet|[of] p2a: Forretress\n|\n|-weather|RainDance|[upkeep]\n|upkeep\n|turn|7\n|\n|t:|1699986061\n|-end|p1a: Iron Hands|Quark Drive|[silent]\n|switch|p1a: Basculegion|Basculegion, M|100\/100\n|move|p2a: Forretress|Volt Switch|p1a: Basculegion\n|-supereffective|p1a: Basculegion\n|-damage|p1a: Basculegion|80\/100\n|\n|t:|1699986067\n|switch|p2a: Free Wave Crash|Floatzel, M, shiny|66\/100|[from] Volt Switch\n|\n|-weather|RainDance|[upkeep]\n|upkeep\n|turn|8\n|\n|t:|1699986071\n|-terastallize|p2a: Free Wave Crash|Grass\n|move|p2a: Free Wave Crash|Tera Blast|p1a: Basculegion|[anim] Tera Blast Grass\n|-supereffective|p1a: Basculegion\n|-damage|p1a: Basculegion|0 fnt\n|faint|p1a: Basculegion\n|\n|-weather|none\n|upkeep\n|\n|t:|1699986075\n|switch|p1a: Iron Hands|Iron Hands|84\/100\n|turn|9\n|\n|t:|1699986081\n|switch|p2a: Forretress|Forretress, M, shiny|96\/100\n|-end|p1a: Iron Hands|Quark Drive|[silent]\n|switch|p1a: Gholdengo|Gholdengo|88\/100\n|\n|-heal|p1a: Gholdengo|94\/100|[from] item: Leftovers\n|upkeep\n|turn|10\n|\n|t:|1699986084\n|switch|p2a: Toedscruel|Toedscruel, M|81\/100\n|move|p1a: Gholdengo|Nasty Plot|p1a: Gholdengo\n|-boost|p1a: Gholdengo|spa|2\n|\n|-heal|p2a: Toedscruel|87\/100|[from] item: Leftovers\n|-heal|p1a: Gholdengo|99\/100|[from] item: Leftovers\n|upkeep\n|turn|11\n|\n|t:|1699986088\n|move|p1a: Gholdengo|Shadow Ball|p2a: Toedscruel\n|-damage|p2a: Toedscruel|46\/100\n|move|p2a: Toedscruel|Spore|p1a: Gholdengo\n|-status|p1a: Gholdengo|slp|[from] move: Spore\n|\n|-heal|p2a: Toedscruel|52\/100|[from] item: Leftovers\n|-heal|p1a: Gholdengo|100\/100 slp|[from] item: Leftovers\n|upkeep\n|turn|12\n|\n|t:|1699986092\n|cant|p1a: Gholdengo|slp\n|move|p2a: Toedscruel|Leech Seed|p1a: Gholdengo\n|-start|p1a: Gholdengo|move: Leech Seed\n|\n|-heal|p2a: Toedscruel|58\/100|[from] item: Leftovers\n|-damage|p1a: Gholdengo|88\/100 slp|[from] Leech Seed|[of] p2a: Toedscruel\n|-heal|p2a: Toedscruel|71\/100|[silent]\n|upkeep\n|turn|13\n|\n|t:|1699986100\n|-curestatus|p1a: Gholdengo|slp|[msg]\n|move|p1a: Gholdengo|Make It Rain|p2a: Toedscruel\n|-damage|p2a: Toedscruel|11\/100\n|-unboost|p1a: Gholdengo|spa|1\n|move|p2a: Toedscruel|Leech Seed||[still]\n|-fail|p2a: Toedscruel\n|\n|-heal|p2a: Toedscruel|17\/100|[from] item: Leftovers\n|-heal|p1a: Gholdengo|94\/100|[from] item: Leftovers\n|-damage|p1a: Gholdengo|82\/100|[from] Leech Seed|[of] p2a: Toedscruel\n|-heal|p2a: Toedscruel|30\/100|[silent]\n|upkeep\n|turn|14\n|\n|t:|1699986110\n|move|p1a: Gholdengo|Make It Rain|p2a: Toedscruel\n|-damage|p2a: Toedscruel|0 fnt\n|-unboost|p1a: Gholdengo|spa|1\n|faint|p2a: Toedscruel\n|\n|-heal|p1a: Gholdengo|88\/100|[from] item: Leftovers\n|upkeep\n|\n|t:|1699986113\n|switch|p2a: Pelipper|Pelipper, F|100\/100\n|-weather|RainDance|[from] ability: Drizzle|[of] p2a: Pelipper\n|turn|15\n|\n|t:|1699986115\n|switch|p1a: Iron Hands|Iron Hands|84\/100\n|move|p2a: Pelipper|Surf|p1a: Iron Hands\n|-damage|p1a: Iron Hands|45\/100\n|\n|-weather|RainDance|[upkeep]\n|upkeep\n|turn|16\n|\n|t:|1699986120\n|switch|p2a: Forretress|Forretress, M, shiny|96\/100\n|move|p1a: Iron Hands|Thunder Punch|p2a: Forretress\n|-damage|p2a: Forretress|71\/100\n|-damage|p1a: Iron Hands|28\/100|[from] item: Rocky Helmet|[of] p2a: Forretress\n|\n|-weather|RainDance|[upkeep]\n|upkeep\n|turn|17\n|\n|t:|1699986124\n|-end|p1a: Iron Hands|Quark Drive|[silent]\n|switch|p1a: Gholdengo|Gholdengo|88\/100\n|move|p2a: Forretress|Volt Switch|p1a: Gholdengo\n|-damage|p1a: Gholdengo|79\/100\n|\n|t:|1699986127\n|switch|p2a: Free Wave Crash|Floatzel, M, shiny, tera:Grass|66\/100|[from] Volt Switch\n|\n|-weather|RainDance|[upkeep]\n|-heal|p1a: Gholdengo|85\/100|[from] item: Leftovers\n|upkeep\n|turn|18\n|\n|t:|1699986137\n|switch|p1a: Tornadus|Tornadus, M|100\/100\n|move|p2a: Free Wave Crash|Wave Crash|p1a: Tornadus\n|-damage|p1a: Tornadus|0 fnt\n|faint|p1a: Tornadus\n|-damage|p2a: Free Wave Crash|34\/100|[from] Recoil\n|\n|-weather|RainDance|[upkeep]\n|upkeep\n|\n|t:|1699986140\n|switch|p1a: Thundurus|Thundurus-Therian, M|100\/100\n|turn|19\n|\n|t:|1699986145\n|-terastallize|p1a: Thundurus|Water\n|move|p2a: Free Wave Crash|Wave Crash|p1a: Thundurus\n|-resisted|p1a: Thundurus\n|-damage|p1a: Thundurus|10\/100\n|-damage|p2a: Free Wave Crash|6\/100|[from] Recoil\n|move|p1a: Thundurus|Wildbolt Storm|p2a: Free Wave Crash\n|-resisted|p2a: Free Wave Crash\n|-damage|p2a: Free Wave Crash|0 fnt\n|faint|p2a: Free Wave Crash\n|\n|-weather|RainDance|[upkeep]\n|upkeep\n|\n|t:|1699986152\n|switch|p2a: Indeedee|Indeedee, M|100\/100\n|-fieldstart|move: Psychic Terrain|[from] ability: Psychic Surge|[of] p2a: Indeedee\n|turn|20\n|\n|t:|1699986157\n|move|p1a: Thundurus|Wildbolt Storm|p2a: Indeedee\n|-damage|p2a: Indeedee|15\/100\n|move|p2a: Indeedee|Psychic|p1a: Thundurus\n|-damage|p1a: Thundurus|0 fnt\n|faint|p1a: Thundurus\n|\n|-weather|RainDance|[upkeep]\n|upkeep\n|\n|t:|1699986162\n|switch|p1a: Gholdengo|Gholdengo|85\/100\n|turn|21\n|\n|t:|1699986166\n|move|p2a: Indeedee|Healing Wish|p2a: Indeedee\n|faint|p2a: Indeedee\n|move|p1a: Gholdengo|Make It Rain|p2: Indeedee|[notarget]\n|-fail|p1a: Gholdengo\n|\n|-weather|RainDance|[upkeep]\n|-heal|p1a: Gholdengo|92\/100|[from] item: Leftovers\n|upkeep\n|-message|Snowballham forfeited.\n|\n|win|burgercute\n|raw|Snowballham's rating: 1275 &rarr; <strong>1251<\/strong><br \/>(-24 for losing)\n|raw|burgercute's rating: 1282 &rarr; <strong>1306<\/strong><br \/>(+24 for winning)\n|l|\u2606Snowballham\n|c|\u2606burgercute|oh no\n","uploadtime":1699986177,"views":6,"p1id":"snowballham","p2id":"burgercute","formatid":"gen9ou","rating":1251,"private":0,"password":""}