{"id":"gen9ou-1989784040","p1":"GrimFeather7219","p2":"liamgar","format":"[Gen 9] OU","log":"|j|\u2606GrimFeather7219\n|j|\u2606liamgar\n|t:|1699895447\n|gametype|singles\n|player|p1|GrimFeather7219|volkner|\n|player|p2|liamgar|giovanni|\n|teamsize|p1|6\n|teamsize|p2|6\n|gen|9\n|tier|[Gen 9] OU\n|rule|Sleep Clause Mod: Limit one foe put to sleep\n|rule|Species Clause: Limit one of each Pok\u00e9mon\n|rule|OHKO Clause: OHKO moves are banned\n|rule|Evasion Items Clause: Evasion items are banned\n|rule|Evasion Moves Clause: Evasion moves are banned\n|rule|Endless Battle Clause: Forcing endless battles is banned\n|rule|HP Percentage Mod: HP is shown in percentages\n|clearpoke\n|poke|p1|Iron Valiant|\n|poke|p1|Zapdos|\n|poke|p1|Iron Moth|\n|poke|p1|Dragonite, M|\n|poke|p1|Kommo-o, M|\n|poke|p1|Kingambit, M|\n|poke|p2|Conkeldurr, F|\n|poke|p2|Ogerpon-Cornerstone, F|\n|poke|p2|Manaphy|\n|poke|p2|Amoonguss, M|\n|poke|p2|Oricorio, M|\n|poke|p2|Goodra-Hisui, F|\n|teampreview\n|\n|t:|1699895459\n|start\n|switch|p1a: cummo-o|Kommo-o, M|100\/100\n|switch|p2a: god slayer|Amoonguss, M|100\/100\n|turn|1\n|\n|t:|1699895470\n|move|p1a: cummo-o|Clangorous Soul|p1a: cummo-o\n|-boost|p1a: cummo-o|atk|1\n|-boost|p1a: cummo-o|def|1\n|-boost|p1a: cummo-o|spa|1\n|-boost|p1a: cummo-o|spd|1\n|-boost|p1a: cummo-o|spe|1\n|-damage|p1a: cummo-o|68\/100\n|move|p2a: god slayer|Hex|p1a: cummo-o\n|-damage|p1a: cummo-o|59\/100\n|\n|upkeep\n|turn|2\n|\n|t:|1699895479\n|move|p1a: cummo-o|Clanging Scales|p2a: god slayer\n|-damage|p2a: god slayer|27\/100\n|-enditem|p2a: god slayer|Red Card|[of] p1a: cummo-o\n|-unboost|p1a: cummo-o|def|1\n|drag|p1a: electrical KFC|Zapdos|100\/100\n|move|p2a: god slayer|Hex|p1a: electrical KFC\n|-damage|p1a: electrical KFC|85\/100\n|\n|upkeep\n|turn|3\n|\n|t:|1699895499\n|move|p1a: electrical KFC|Discharge|p2a: god slayer\n|-resisted|p2a: god slayer\n|-damage|p2a: god slayer|4\/100\n|move|p2a: god slayer|Spore|p1a: electrical KFC\n|-status|p1a: electrical KFC|slp|[from] move: Spore\n|\n|upkeep\n|turn|4\n|\n|t:|1699895506\n|cant|p1a: electrical KFC|slp\n|move|p2a: god slayer|Hex|p1a: electrical KFC\n|-damage|p1a: electrical KFC|50\/100 slp\n|\n|upkeep\n|turn|5\n|\n|t:|1699895510\n|cant|p1a: electrical KFC|slp\n|move|p2a: god slayer|Hex|p1a: electrical KFC\n|-damage|p1a: electrical KFC|18\/100 slp\n|\n|upkeep\n|turn|6\n|\n|t:|1699895514\n|cant|p1a: electrical KFC|slp\n|move|p2a: god slayer|Hex|p1a: electrical KFC\n|-damage|p1a: electrical KFC|0 fnt\n|faint|p1a: electrical KFC\n|\n|upkeep\n|\n|t:|1699895519\n|switch|p1a: Thick Dick Micky|Iron Moth|100\/100\n|turn|7\n|\n|t:|1699895526\n|move|p1a: Thick Dick Micky|Energy Ball|p2a: god slayer\n|-resisted|p2a: god slayer\n|-damage|p2a: god slayer|0 fnt\n|faint|p2a: god slayer\n|\n|upkeep\n|\n|t:|1699895532\n|switch|p2a: gooy dik|Manaphy|100\/100\n|turn|8\n|\n|t:|1699895540\n|move|p1a: Thick Dick Micky|Energy Ball|p2a: gooy dik\n|-supereffective|p2a: gooy dik\n|-damage|p2a: gooy dik|44\/100\n|move|p2a: gooy dik|Acid Armor|p2a: gooy dik\n|-boost|p2a: gooy dik|def|2\n|\n|upkeep\n|turn|9\n|\n|t:|1699895546\n|move|p1a: Thick Dick Micky|Energy Ball|p2a: gooy dik\n|-supereffective|p2a: gooy dik\n|-damage|p2a: gooy dik|0 fnt\n|faint|p2a: gooy dik\n|\n|upkeep\n|\n|t:|1699895556\n|switch|p2a: ogger pooger|Ogerpon-Cornerstone, F|100\/100\n|turn|10\n|\n|t:|1699895563\n|-terastallize|p1a: Thick Dick Micky|Grass\n|move|p1a: Thick Dick Micky|Energy Ball|p2a: ogger pooger\n|-damage|p2a: ogger pooger|39\/100\n|-unboost|p2a: ogger pooger|spd|1\n|move|p2a: ogger pooger|Ivy Cudgel|p1a: Thick Dick Micky\n|-damage|p1a: Thick Dick Micky|2\/100\n|\n|upkeep\n|turn|11\n|\n|t:|1699895574\n|move|p2a: ogger pooger|Quick Attack|p1a: Thick Dick Micky\n|-damage|p1a: Thick Dick Micky|0 fnt\n|faint|p1a: Thick Dick Micky\n|-end|p1a: Thick Dick Micky|Quark Drive|[silent]\n|\n|upkeep\n|\n|t:|1699895580\n|switch|p1a: Jimmy|Iron Valiant|100\/100\n|-enditem|p1a: Jimmy|Booster Energy\n|-activate|p1a: Jimmy|ability: Quark Drive|[fromitem]\n|-start|p1a: Jimmy|quarkdrivespe\n|turn|12\n|\n|t:|1699895585\n|move|p2a: ogger pooger|Quick Attack|p1a: Jimmy\n|-damage|p1a: Jimmy|76\/100\n|move|p1a: Jimmy|Aura Sphere|p2a: ogger pooger\n|-supereffective|p2a: ogger pooger\n|-damage|p2a: ogger pooger|0 fnt\n|faint|p2a: ogger pooger\n|\n|upkeep\n|\n|t:|1699895589\n|switch|p2a: Goodra|Goodra-Hisui, F|100\/100\n|turn|13\n|\n|t:|1699895603\n|-terastallize|p2a: Goodra|Psychic\n|move|p1a: Jimmy|Calm Mind|p1a: Jimmy\n|-boost|p1a: Jimmy|spa|1\n|-boost|p1a: Jimmy|spd|1\n|move|p2a: Goodra|Draco Meteor|p1a: Jimmy\n|-immune|p1a: Jimmy\n|\n|upkeep\n|turn|14\n|\n|t:|1699895613\n|switch|p2a: flying dik|Oricorio, M|100\/100\n|move|p1a: Jimmy|Moonblast|p2a: flying dik\n|-resisted|p2a: flying dik\n|-damage|p2a: flying dik|47\/100\n|-unboost|p2a: flying dik|spa|1\n|\n|upkeep\n|turn|15\n|\n|t:|1699895619\n|move|p1a: Jimmy|Moonblast|p2a: flying dik\n|-resisted|p2a: flying dik\n|-damage|p2a: flying dik|0 fnt\n|faint|p2a: flying dik\n|\n|upkeep\n|\n|t:|1699895623\n|switch|p2a: Goodra|Goodra-Hisui, F, tera:Psychic|100\/100\n|turn|16\n|\n|t:|1699895632\n|move|p1a: Jimmy|Moonblast|p2a: Goodra\n|-damage|p2a: Goodra|51\/100\n|move|p2a: Goodra|Fire Blast|p1a: Jimmy\n|-damage|p1a: Jimmy|8\/100\n|\n|upkeep\n|turn|17\n|\n|t:|1699895638\n|move|p1a: Jimmy|Moonblast|p2a: Goodra\n|-damage|p2a: Goodra|4\/100\n|move|p2a: Goodra|Fire Blast|p1a: Jimmy\n|-damage|p1a: Jimmy|0 fnt\n|faint|p1a: Jimmy\n|-end|p1a: Jimmy|Quark Drive|[silent]\n|\n|upkeep\n|\n|t:|1699895645\n|switch|p1a: Gang Leader|Kingambit, M|100\/100\n|-activate|p1a: Gang Leader|ability: Supreme Overlord\n|-start|p1a: Gang Leader|fallen3|[silent]\n|turn|18\n|\n|t:|1699895647\n|move|p1a: Gang Leader|Sucker Punch|p2a: Goodra\n|-supereffective|p2a: Goodra\n|-damage|p2a: Goodra|0 fnt\n|faint|p2a: Goodra\n|\n|upkeep\n|\n|t:|1699895649\n|switch|p2a: big dik riky 2|Conkeldurr, F|100\/100\n|turn|19\n|\n|t:|1699895656\n|move|p1a: Gang Leader|Poison Jab|p2a: big dik riky 2\n|-damage|p2a: big dik riky 2|71\/100\n|move|p2a: big dik riky 2|Fire Punch|p1a: Gang Leader\n|-supereffective|p1a: Gang Leader\n|-damage|p1a: Gang Leader|21\/100\n|-status|p1a: Gang Leader|brn\n|\n|-heal|p1a: Gang Leader|27\/100 brn|[from] item: Leftovers\n|-damage|p1a: Gang Leader|21\/100 brn|[from] brn\n|upkeep\n|turn|20\n|\n|t:|1699895661\n|move|p1a: Gang Leader|Poison Jab|p2a: big dik riky 2\n|-damage|p2a: big dik riky 2|54\/100\n|move|p2a: big dik riky 2|Fire Punch|p1a: Gang Leader\n|-supereffective|p1a: Gang Leader\n|-damage|p1a: Gang Leader|0 fnt\n|faint|p1a: Gang Leader\n|-end|p1a: Gang Leader|fallen3|[silent]\n|\n|upkeep\n|\n|t:|1699895667\n|switch|p1a: liam Willson|Dragonite, M|100\/100\n|turn|21\n|\n|t:|1699895669\n|move|p1a: liam Willson|Dragon Dance|p1a: liam Willson\n|-boost|p1a: liam Willson|atk|1\n|-boost|p1a: liam Willson|spe|1\n|move|p2a: big dik riky 2|Fire Punch|p1a: liam Willson\n|-resisted|p1a: liam Willson\n|-damage|p1a: liam Willson|89\/100\n|-status|p1a: liam Willson|brn\n|-damage|p2a: big dik riky 2|37\/100|[from] item: Rocky Helmet|[of] p1a: liam Willson\n|\n|-damage|p1a: liam Willson|82\/100 brn|[from] brn\n|upkeep\n|turn|22\n|\n|t:|1699895677\n|move|p1a: liam Willson|Dragon Dance|p1a: liam Willson\n|-boost|p1a: liam Willson|atk|1\n|-boost|p1a: liam Willson|spe|1\n|move|p2a: big dik riky 2|Fire Punch|p1a: liam Willson\n|-resisted|p1a: liam Willson\n|-damage|p1a: liam Willson|58\/100 brn\n|-damage|p2a: big dik riky 2|21\/100|[from] item: Rocky Helmet|[of] p1a: liam Willson\n|\n|-damage|p1a: liam Willson|52\/100 brn|[from] brn\n|upkeep\n|turn|23\n|\n|t:|1699895684\n|move|p1a: liam Willson|Dragon Dance|p1a: liam Willson\n|-boost|p1a: liam Willson|atk|1\n|-boost|p1a: liam Willson|spe|1\n|move|p2a: big dik riky 2|Fire Punch|p1a: liam Willson\n|-resisted|p1a: liam Willson\n|-damage|p1a: liam Willson|26\/100 brn\n|-damage|p2a: big dik riky 2|4\/100|[from] item: Rocky Helmet|[of] p1a: liam Willson\n|\n|-damage|p1a: liam Willson|20\/100 brn|[from] brn\n|upkeep\n|turn|24\n|\n|t:|1699895700\n|move|p1a: liam Willson|Dragon Dance|p1a: liam Willson\n|-boost|p1a: liam Willson|atk|1\n|-boost|p1a: liam Willson|spe|1\n|move|p2a: big dik riky 2|Fire Punch|p1a: liam Willson\n|-resisted|p1a: liam Willson\n|-damage|p1a: liam Willson|0 fnt\n|-damage|p2a: big dik riky 2|0 fnt|[from] item: Rocky Helmet|[of] p1a: liam Willson\n|faint|p1a: liam Willson\n|faint|p2a: big dik riky 2\n|\n|win|GrimFeather7219\n|l|\u2606liamgar\n","uploadtime":1699895713,"views":7,"p1id":"grimfeather7219","p2id":"liamgar","formatid":"gen9ou","rating":0,"private":0,"password":""}