{"id":"gen9ou-1999957361","p1":"IRONMAK","p2":"EkCantDrawLol","format":"[Gen 9] OU","log":"|j|\u2606IRONMAK\n|j|\u2606EkCantDrawLol\n|t:|1701134483\n|gametype|singles\n|player|p1|IRONMAK|101|1146\n|player|p2|EkCantDrawLol|skierf|1234\n|teamsize|p1|6\n|teamsize|p2|6\n|gen|9\n|tier|[Gen 9] OU\n|rated|\n|rule|Sleep Clause Mod: Limit one foe put to sleep\n|rule|Species Clause: Limit one of each Pok\u00e9mon\n|rule|OHKO Clause: OHKO moves are banned\n|rule|Evasion Items Clause: Evasion items are banned\n|rule|Evasion Moves Clause: Evasion moves are banned\n|rule|Endless Battle Clause: Forcing endless battles is banned\n|rule|HP Percentage Mod: HP is shown in percentages\n|clearpoke\n|poke|p1|Poliwrath, M|\n|poke|p1|Iron Leaves|\n|poke|p1|Corviknight, M|\n|poke|p1|Kilowattrel, F|\n|poke|p1|Rotom-Wash|\n|poke|p1|Ninetales-Alola, F|\n|poke|p2|Zamazenta-*|\n|poke|p2|Greninja-*, M|\n|poke|p2|Great Tusk|\n|poke|p2|Dragonite, F|\n|poke|p2|Iron Moth|\n|poke|p2|Gholdengo|\n|teampreview\n|inactive|Battle timer is ON: inactive players will automatically lose when time's up. (requested by EkCantDrawLol)\n|inactive|EkCantDrawLol has 120 seconds left.\n|inactive|EkCantDrawLol has 90 seconds left.\n|\n|t:|1701134575\n|start\n|switch|p1a: Kilowattrel|Kilowattrel, F|100\/100\n|switch|p2a: Iron Moth|Iron Moth, shiny|100\/100\n|turn|1\n|\n|t:|1701134605\n|move|p1a: Kilowattrel|Volt Switch|p2a: Iron Moth\n|-damage|p2a: Iron Moth|67\/100\n|\n|t:|1701134610\n|switch|p1a: Get Inside|Rotom-Wash|100\/100|[from] Volt Switch\n|move|p2a: Iron Moth|Sludge Wave|p1a: Get Inside\n|-damage|p1a: Get Inside|59\/100\n|\n|upkeep\n|turn|2\n|\n|t:|1701134622\n|move|p2a: Iron Moth|Sludge Wave|p1a: Get Inside\n|-damage|p1a: Get Inside|19\/100\n|move|p1a: Get Inside|Hydro Pump|p2a: Iron Moth\n|-supereffective|p2a: Iron Moth\n|-damage|p2a: Iron Moth|0 fnt\n|faint|p2a: Iron Moth\n|-end|p2a: Iron Moth|Quark Drive|[silent]\n|\n|upkeep\n|\n|t:|1701134630\n|switch|p2a: Zamazenta|Zamazenta, shiny|100\/100\n|-ability|p2a: Zamazenta|Dauntless Shield|boost\n|-boost|p2a: Zamazenta|def|1\n|turn|3\n|\n|t:|1701134639\n|move|p2a: Zamazenta|Trailblaze|p1a: Get Inside\n|-supereffective|p1a: Get Inside\n|-crit|p1a: Get Inside\n|-damage|p1a: Get Inside|0 fnt\n|-boost|p2a: Zamazenta|spe|1\n|faint|p1a: Get Inside\n|\n|upkeep\n|j| cwarr10r\n|\n|t:|1701134653\n|switch|p1a: Kilowattrel|Kilowattrel, F|100\/100\n|turn|4\n|\n|t:|1701134678\n|move|p2a: Zamazenta|Play Rough|p1a: Kilowattrel|[miss]\n|-miss|p2a: Zamazenta|p1a: Kilowattrel\n|move|p1a: Kilowattrel|Hurricane|p2a: Zamazenta\n|-supereffective|p2a: Zamazenta\n|-damage|p2a: Zamazenta|36\/100\n|\n|upkeep\n|turn|5\n|\n|t:|1701134686\n|move|p2a: Zamazenta|Play Rough|p1a: Kilowattrel\n|-damage|p1a: Kilowattrel|50\/100\n|move|p1a: Kilowattrel|Hurricane|p2a: Zamazenta\n|-supereffective|p2a: Zamazenta\n|-damage|p2a: Zamazenta|0 fnt\n|faint|p2a: Zamazenta\n|\n|upkeep\n|\n|t:|1701134693\n|switch|p2a: Dragonite|Dragonite, F, shiny|100\/100\n|turn|6\n|\n|t:|1701134701\n|switch|p1a: Itachi|Corviknight, M, shiny|100\/100\n|move|p2a: Dragonite|Extreme Speed|p1a: Itachi\n|-resisted|p1a: Itachi\n|-damage|p1a: Itachi|87\/100\n|\n|-heal|p1a: Itachi|94\/100|[from] item: Leftovers\n|upkeep\n|turn|7\n|\n|t:|1701134707\n|switch|p2a: Gholdengo|Gholdengo|100\/100\n|move|p1a: Itachi|U-turn|p2a: Gholdengo\n|-resisted|p2a: Gholdengo\n|-damage|p2a: Gholdengo|97\/100\n|inactive|IRONMAK has 120 seconds left.\n|\n|t:|1701134746\n|switch|p1a: Kilowattrel|Kilowattrel, F|50\/100|[from] U-turn\n|\n|-heal|p2a: Gholdengo|100\/100|[from] item: Leftovers\n|upkeep\n|turn|8\n|\n|t:|1701134754\n|move|p1a: Kilowattrel|Thunder|p2a: Gholdengo|[miss]\n|-miss|p1a: Kilowattrel|p2a: Gholdengo\n|move|p2a: Gholdengo|Hex|p1a: Kilowattrel\n|-damage|p1a: Kilowattrel|0 fnt\n|faint|p1a: Kilowattrel\n|\n|upkeep\n|\n|t:|1701134761\n|switch|p1a: Poliwrath|Poliwrath, M|100\/100\n|turn|9\n|\n|t:|1701134764\n|move|p2a: Gholdengo|Thunder Wave|p1a: Poliwrath\n|-status|p1a: Poliwrath|par\n|move|p1a: Poliwrath|Belly Drum|p1a: Poliwrath\n|-damage|p1a: Poliwrath|51\/100 par\n|-setboost|p1a: Poliwrath|atk|6|[from] move: Belly Drum\n|\n|upkeep\n|turn|10\n|\n|t:|1701134768\n|move|p2a: Gholdengo|Hex|p1a: Poliwrath\n|-damage|p1a: Poliwrath|0 fnt\n|faint|p1a: Poliwrath\n|\n|upkeep\n|\n|t:|1701134785\n|switch|p1a: Nubia|Ninetales-Alola, F|100\/100\n|-weather|Snow|[from] ability: Snow Warning|[of] p1a: Nubia\n|turn|11\n|\n|t:|1701134790\n|move|p1a: Nubia|Aurora Veil|p1a: Nubia\n|-sidestart|p1: IRONMAK|move: Aurora Veil\n|move|p2a: Gholdengo|Make It Rain|p1a: Nubia\n|-supereffective|p1a: Nubia\n|-damage|p1a: Nubia|0 fnt\n|-unboost|p2a: Gholdengo|spa|1\n|faint|p1a: Nubia\n|\n|-weather|Snow|[upkeep]\n|upkeep\n|\n|t:|1701134797\n|switch|p1a: Thorns|Iron Leaves|100\/100\n|turn|12\n|\n|t:|1701134806\n|switch|p2a: Greninja|Greninja, M|100\/100\n|-terastallize|p1a: Thorns|Grass\n|move|p1a: Thorns|Leaf Blade|p2a: Greninja\n|-supereffective|p2a: Greninja\n|-damage|p2a: Greninja|0 fnt\n|faint|p2a: Greninja\n|\n|-weather|Snow|[upkeep]\n|upkeep\n|\n|t:|1701134811\n|switch|p2a: Gholdengo|Gholdengo|100\/100\n|turn|13\n|\n|t:|1701134814\n|move|p1a: Thorns|Psyblade|p2a: Gholdengo\n|-resisted|p2a: Gholdengo\n|-damage|p2a: Gholdengo|78\/100\n|move|p2a: Gholdengo|Thunder Wave|p1a: Thorns\n|-status|p1a: Thorns|par\n|\n|-weather|Snow|[upkeep]\n|-heal|p2a: Gholdengo|84\/100|[from] item: Leftovers\n|upkeep\n|turn|14\n|\n|t:|1701134817\n|move|p2a: Gholdengo|Hex|p1a: Thorns\n|-damage|p1a: Thorns|67\/100 par\n|cant|p1a: Thorns|par\n|\n|-weather|Snow|[upkeep]\n|-heal|p2a: Gholdengo|90\/100|[from] item: Leftovers\n|upkeep\n|turn|15\n|\n|t:|1701134820\n|move|p2a: Gholdengo|Hex|p1a: Thorns\n|-damage|p1a: Thorns|34\/100 par\n|move|p1a: Thorns|Leaf Blade|p2a: Gholdengo\n|-resisted|p2a: Gholdengo\n|-damage|p2a: Gholdengo|56\/100\n|\n|-weather|none\n|-heal|p2a: Gholdengo|62\/100|[from] item: Leftovers\n|upkeep\n|turn|16\n|-message|IRONMAK forfeited.\n|\n|win|EkCantDrawLol\n|raw|IRONMAK's rating: 1146 &rarr; <strong>1127<\/strong><br \/>(-19 for losing)\n|raw|EkCantDrawLol's rating: 1234 &rarr; <strong>1253<\/strong><br \/>(+19 for winning)\n|l|\u2606IRONMAK\n","uploadtime":1701134832,"views":2,"p1id":"ironmak","p2id":"ekcantdrawlol","formatid":"gen9ou","rating":1127,"private":0,"password":""}