{"id":"gen9ou-1996177906","p1":"dlc so insane","p2":"tekken_is_life","format":"[Gen 9] OU","log":"|j|\u2606dlc so insane\n|j|\u203dtekken_is_life\n|t:|1700655518\n|gametype|singles\n|player|p1|dlc so insane|chili|1731\n|player|p2|tekken_is_life|riley|1781\n|teamsize|p1|6\n|teamsize|p2|6\n|gen|9\n|tier|[Gen 9] OU\n|rated|\n|rule|Sleep Clause Mod: Limit one foe put to sleep\n|rule|Species Clause: Limit one of each Pok\u00e9mon\n|rule|OHKO Clause: OHKO moves are banned\n|rule|Evasion Items Clause: Evasion items are banned\n|rule|Evasion Moves Clause: Evasion moves are banned\n|rule|Endless Battle Clause: Forcing endless battles is banned\n|rule|HP Percentage Mod: HP is shown in percentages\n|clearpoke\n|poke|p1|Great Tusk|\n|poke|p1|Milotic, M|\n|poke|p1|Dragapult, M|\n|poke|p1|Kingambit, M|\n|poke|p1|Enamorus, F|\n|poke|p1|Rillaboom, F|\n|poke|p2|Dragonite, M|\n|poke|p2|Greninja-*, M|\n|poke|p2|Sandy Shocks|\n|poke|p2|Zamazenta-*|\n|poke|p2|Slowking-Galar, F|\n|poke|p2|Gholdengo|\n|teampreview\n|\n|t:|1700655531\n|start\n|switch|p1a: Dragapult|Dragapult, M|100\/100\n|switch|p2a: Greninja|Greninja, M|100\/100\n|turn|1\n|j| firemaniac\n|\n|t:|1700655538\n|move|p1a: Dragapult|U-turn|p2a: Greninja\n|-supereffective|p2a: Greninja\n|-damage|p2a: Greninja|49\/100\n|\n|t:|1700655540\n|switch|p1a: Milotic|Milotic, M|100\/100|[from] U-turn\n|move|p2a: Greninja|Spikes|p1a: Milotic\n|-sidestart|p1: dlc so insane|Spikes\n|\n|upkeep\n|turn|2\n|\n|t:|1700655543\n|switch|p2a: Slowking|Slowking-Galar, F|100\/100\n|move|p1a: Milotic|Scald|p2a: Slowking\n|-damage|p2a: Slowking|78\/100\n|\n|-heal|p2a: Slowking|84\/100|[from] item: Black Sludge\n|upkeep\n|turn|3\n|j| FULKU\n|\n|t:|1700655550\n|switch|p1a: Dragapult|Dragapult, M|100\/100\n|-damage|p1a: Dragapult|88\/100|[from] Spikes\n|move|p2a: Slowking|Trick|p1a: Dragapult\n|-activate|p2a: Slowking|move: Trick|[of] p1a: Dragapult\n|-item|p1a: Dragapult|Black Sludge|[from] move: Trick\n|-item|p2a: Slowking|Choice Specs|[from] move: Trick\n|\n|-damage|p1a: Dragapult|76\/100|[from] item: Black Sludge\n|upkeep\n|turn|4\n|\n|t:|1700655560\n|move|p1a: Dragapult|U-turn|p2a: Slowking\n|-damage|p2a: Slowking|69\/100\n|\n|t:|1700655566\n|switch|p1a: Milotic|Milotic, M|100\/100|[from] U-turn\n|-damage|p1a: Milotic|88\/100|[from] Spikes\n|move|p2a: Slowking|Chilly Reception|p2a: Slowking\n|-weather|Snow\n|\n|t:|1700655571\n|switch|p2a: Sandy Shocks|Sandy Shocks|100\/100|[from] Chilly Reception\n|-enditem|p2a: Sandy Shocks|Booster Energy\n|-activate|p2a: Sandy Shocks|ability: Protosynthesis|[fromitem]\n|-start|p2a: Sandy Shocks|protosynthesisspe\n|\n|-weather|Snow|[upkeep]\n|-heal|p1a: Milotic|94\/100|[from] item: Leftovers\n|upkeep\n|turn|5\n|j| Seleukos\n|\n|t:|1700655596\n|switch|p1a: Rillaboom|Rillaboom, F|100\/100\n|-damage|p1a: Rillaboom|88\/100|[from] Spikes\n|-fieldstart|move: Grassy Terrain|[from] ability: Grassy Surge|[of] p1a: Rillaboom\n|move|p2a: Sandy Shocks|Stealth Rock|p1a: Rillaboom\n|-sidestart|p1: dlc so insane|move: Stealth Rock\n|\n|-weather|Snow|[upkeep]\n|-heal|p1a: Rillaboom|94\/100|[from] Grassy Terrain\n|upkeep\n|turn|6\n|\n|t:|1700655601\n|-end|p2a: Sandy Shocks|Protosynthesis|[silent]\n|switch|p2a: Slowking|Slowking-Galar, F|100\/100\n|move|p1a: Rillaboom|Grassy Glide|p2a: Slowking\n|-resisted|p2a: Slowking\n|-damage|p2a: Slowking|79\/100\n|\n|-weather|Snow|[upkeep]\n|-heal|p1a: Rillaboom|99\/100|[from] Grassy Terrain\n|-heal|p2a: Slowking|85\/100|[from] Grassy Terrain\n|upkeep\n|turn|7\n|\n|t:|1700655609\n|switch|p1a: Dragapult|Dragapult, M|76\/100\n|-damage|p1a: Dragapult|64\/100|[from] Spikes\n|-damage|p1a: Dragapult|51\/100|[from] Stealth Rock\n|move|p2a: Slowking|Trick|p1a: Dragapult\n|-activate|p2a: Slowking|move: Trick|[of] p1a: Dragapult\n|-item|p1a: Dragapult|Choice Specs|[from] move: Trick\n|-item|p2a: Slowking|Black Sludge|[from] move: Trick\n|\n|-weather|Snow|[upkeep]\n|-heal|p1a: Dragapult|57\/100|[from] Grassy Terrain\n|-heal|p2a: Slowking|91\/100|[from] Grassy Terrain\n|-heal|p2a: Slowking|97\/100|[from] item: Black Sludge\n|upkeep\n|turn|8\n|inactive|Battle timer is ON: inactive players will automatically lose when time's up. (requested by dlc so insane)\n|\n|t:|1700655630\n|move|p1a: Dragapult|Shadow Ball|p2a: Slowking\n|-supereffective|p2a: Slowking\n|-damage|p2a: Slowking|10\/100\n|move|p2a: Slowking|Sludge Bomb|p1a: Dragapult\n|-resisted|p1a: Dragapult\n|-damage|p1a: Dragapult|30\/100\n|\n|-weather|none\n|-heal|p1a: Dragapult|36\/100|[from] Grassy Terrain\n|-heal|p2a: Slowking|16\/100|[from] Grassy Terrain\n|-heal|p2a: Slowking|22\/100|[from] item: Black Sludge\n|upkeep\n|turn|9\n|\n|t:|1700655641\n|switch|p2a: Dragonite|Dragonite, M|100\/100\n|move|p1a: Dragapult|Shadow Ball|p2a: Dragonite\n|-damage|p2a: Dragonite|72\/100\n|\n|-heal|p1a: Dragapult|42\/100|[from] Grassy Terrain\n|-fieldend|move: Grassy Terrain\n|upkeep\n|turn|10\n|j| OUFC COALLA\n|\n|t:|1700655652\n|switch|p1a: Great Tusk|Great Tusk|100\/100\n|-damage|p1a: Great Tusk|88\/100|[from] Spikes\n|-damage|p1a: Great Tusk|85\/100|[from] Stealth Rock\n|move|p2a: Dragonite|Roost|p2a: Dragonite\n|-heal|p2a: Dragonite|100\/100\n|-singleturn|p2a: Dragonite|move: Roost\n|\n|upkeep\n|turn|11\n|\n|t:|1700655660\n|switch|p2a: Gholdengo|Gholdengo|100\/100\n|move|p1a: Great Tusk|Knock Off|p2a: Gholdengo\n|-supereffective|p2a: Gholdengo\n|-damage|p2a: Gholdengo|51\/100\n|-enditem|p2a: Gholdengo|Covert Cloak|[from] move: Knock Off|[of] p1a: Great Tusk\n|\n|upkeep\n|turn|12\n|j| mew852\n|\n|t:|1700655671\n|move|p2a: Gholdengo|Shadow Ball|p1a: Great Tusk\n|-damage|p1a: Great Tusk|37\/100\n|move|p1a: Great Tusk|Earthquake|p2a: Gholdengo\n|-supereffective|p2a: Gholdengo\n|-damage|p2a: Gholdengo|0 fnt\n|faint|p2a: Gholdengo\n|\n|upkeep\n|\n|t:|1700655678\n|switch|p2a: Greninja|Greninja, M|49\/100\n|turn|13\n|\n|t:|1700655682\n|-end|p1a: Great Tusk|Protosynthesis|[silent]\n|switch|p1a: Milotic|Milotic, M|94\/100\n|-damage|p1a: Milotic|82\/100|[from] Spikes\n|-damage|p1a: Milotic|69\/100|[from] Stealth Rock\n|move|p2a: Greninja|Ice Beam|p1a: Milotic\n|-resisted|p1a: Milotic\n|-damage|p1a: Milotic|59\/100\n|-damage|p2a: Greninja|39\/100|[from] item: Life Orb\n|\n|-heal|p1a: Milotic|65\/100|[from] item: Leftovers\n|upkeep\n|turn|14\n|\n|t:|1700655688\n|move|p2a: Greninja|Spikes|p1a: Milotic\n|-sidestart|p1: dlc so insane|Spikes\n|move|p1a: Milotic|Recover|p1a: Milotic\n|-heal|p1a: Milotic|100\/100\n|\n|upkeep\n|turn|15\n|\n|t:|1700655696\n|switch|p2a: Slowking|Slowking-Galar, F|55\/100\n|move|p1a: Milotic|Scald|p2a: Slowking\n|-crit|p2a: Slowking\n|-damage|p2a: Slowking|23\/100\n|-status|p2a: Slowking|brn\n|\n|-heal|p2a: Slowking|29\/100 brn|[from] item: Black Sludge\n|-damage|p2a: Slowking|23\/100 brn|[from] brn\n|upkeep\n|turn|16\n|j| PLLV51 Cos\n|\n|t:|1700655704\n|move|p1a: Milotic|Scald|p2a: Slowking\n|-damage|p2a: Slowking|0 fnt\n|faint|p2a: Slowking\n|\n|upkeep\n|\n|t:|1700655709\n|switch|p2a: Sandy Shocks|Sandy Shocks|100\/100\n|turn|17\n|\n|t:|1700655714\n|move|p2a: Sandy Shocks|Thunderbolt|p1a: Milotic\n|-supereffective|p1a: Milotic\n|-damage|p1a: Milotic|54\/100\n|move|p1a: Milotic|Scald|p2a: Sandy Shocks\n|-supereffective|p2a: Sandy Shocks\n|-damage|p2a: Sandy Shocks|30\/100\n|\n|-heal|p1a: Milotic|60\/100|[from] item: Leftovers\n|upkeep\n|turn|18\n|\n|t:|1700655718\n|move|p2a: Sandy Shocks|Thunderbolt|p1a: Milotic\n|-supereffective|p1a: Milotic\n|-damage|p1a: Milotic|13\/100\n|move|p1a: Milotic|Recover|p1a: Milotic\n|-heal|p1a: Milotic|63\/100\n|\n|-heal|p1a: Milotic|69\/100|[from] item: Leftovers\n|upkeep\n|turn|19\n|\n|t:|1700655721\n|move|p2a: Sandy Shocks|Thunderbolt|p1a: Milotic\n|-supereffective|p1a: Milotic\n|-damage|p1a: Milotic|23\/100\n|move|p1a: Milotic|Recover|p1a: Milotic\n|-heal|p1a: Milotic|73\/100\n|\n|-heal|p1a: Milotic|79\/100|[from] item: Leftovers\n|upkeep\n|turn|20\n|l| PLLV51 Cos\n|j| PLLV51 Cos\n|\n|t:|1700655739\n|switch|p1a: Rillaboom|Rillaboom, F|99\/100\n|-damage|p1a: Rillaboom|84\/100|[from] Spikes\n|-damage|p1a: Rillaboom|72\/100|[from] Stealth Rock\n|-fieldstart|move: Grassy Terrain|[from] ability: Grassy Surge|[of] p1a: Rillaboom\n|move|p2a: Sandy Shocks|Thunderbolt|p1a: Rillaboom\n|-resisted|p1a: Rillaboom\n|-damage|p1a: Rillaboom|46\/100\n|\n|-heal|p2a: Sandy Shocks|36\/100|[from] Grassy Terrain\n|-heal|p1a: Rillaboom|52\/100|[from] Grassy Terrain\n|upkeep\n|turn|21\n|\n|t:|1700655746\n|move|p2a: Sandy Shocks|Tera Blast|p1a: Rillaboom\n|-damage|p1a: Rillaboom|20\/100\n|move|p1a: Rillaboom|U-turn|p2a: Sandy Shocks\n|-damage|p2a: Sandy Shocks|0 fnt\n|faint|p2a: Sandy Shocks\n|-end|p2a: Sandy Shocks|Protosynthesis|[silent]\n|\n|t:|1700655755\n|switch|p1a: Enamorus|Enamorus, F|100\/100|[from] U-turn\n|-damage|p1a: Enamorus|76\/100|[from] Stealth Rock\n|\n|upkeep\n|\n|t:|1700655760\n|switch|p2a: Dragonite|Dragonite, M|100\/100\n|turn|22\n|\n|t:|1700655763\n|-terastallize|p2a: Dragonite|Normal\n|move|p1a: Enamorus|Moonblast|p2a: Dragonite\n|-damage|p2a: Dragonite|75\/100\n|move|p2a: Dragonite|Dragon Dance|p2a: Dragonite\n|-boost|p2a: Dragonite|atk|1\n|-boost|p2a: Dragonite|spe|1\n|\n|-heal|p2a: Dragonite|81\/100|[from] Grassy Terrain\n|upkeep\n|turn|23\n|\n|t:|1700655773\n|switch|p1a: Great Tusk|Great Tusk|37\/100\n|-damage|p1a: Great Tusk|21\/100|[from] Spikes\n|-damage|p1a: Great Tusk|18\/100|[from] Stealth Rock\n|move|p2a: Dragonite|Dragon Dance|p2a: Dragonite\n|-boost|p2a: Dragonite|atk|1\n|-boost|p2a: Dragonite|spe|1\n|\n|-heal|p2a: Dragonite|87\/100|[from] Grassy Terrain\n|-heal|p1a: Great Tusk|24\/100|[from] Grassy Terrain\n|upkeep\n|turn|24\n|\n|t:|1700655779\n|move|p2a: Dragonite|Extreme Speed|p1a: Great Tusk\n|-damage|p1a: Great Tusk|0 fnt\n|-damage|p2a: Dragonite|70\/100|[from] item: Rocky Helmet|[of] p1a: Great Tusk\n|faint|p1a: Great Tusk\n|-end|p1a: Great Tusk|Protosynthesis|[silent]\n|\n|-heal|p2a: Dragonite|77\/100|[from] Grassy Terrain\n|-fieldend|move: Grassy Terrain\n|upkeep\n|inactive|dlc so insane has 120 seconds left.\n|inactive|dlc so insane has 90 seconds left.\n|\n|t:|1700655859\n|switch|p1a: Kingambit|Kingambit, M|100\/100\n|-damage|p1a: Kingambit|84\/100|[from] Spikes\n|-damage|p1a: Kingambit|78\/100|[from] Stealth Rock\n|-activate|p1a: Kingambit|ability: Supreme Overlord\n|-start|p1a: Kingambit|fallen1|[silent]\n|turn|25\n|l|\u203dtekken_is_life\n|inactive|tekken_is_life disconnected and has a minute to reconnect!\n|player|p2|\n|j|\u203dtekken_is_life\n|inactive|tekken_is_life reconnected and has 135 seconds left.\n|player|p2|tekken_is_life|riley\n|n|\u203dtekken_is_life|tekkenislife\n|n|\u203dtekken_is_life|tekkenislife\n|n|\u203dtekken_is_life|tekkenislife\n|n|\u203dtekken_is_life|tekkenislife\n|n|\u203dtekken_is_life|tekkenislife\n|n|\u203dtekken_is_life|tekkenislife\n|n|\u203dtekken_is_life|tekkenislife\n|n|\u203dtekken_is_life|tekkenislife\n|n|\u203dtekken_is_life|tekkenislife\n|n|\u203dtekken_is_life|tekkenislife\n|n|\u203dtekken_is_life|tekkenislife\n|n|\u203dtekken_is_life|tekkenislife\n|n|\u203dtekken_is_life|tekkenislife\n|\n|t:|1700655883\n|-terastallize|p1a: Kingambit|Fairy\n|move|p2a: Dragonite|Roost|p2a: Dragonite\n|-heal|p2a: Dragonite|100\/100\n|move|p1a: Kingambit|Kowtow Cleave|p2a: Dragonite\n|-damage|p2a: Dragonite|74\/100\n|\n|-heal|p1a: Kingambit|84\/100|[from] item: Leftovers\n|upkeep\n|turn|26\n|\n|t:|1700655892\n|move|p2a: Dragonite|Extreme Speed|p1a: Kingambit\n|-damage|p1a: Kingambit|11\/100\n|move|p1a: Kingambit|Kowtow Cleave|p2a: Dragonite\n|-damage|p2a: Dragonite|21\/100\n|\n|-heal|p1a: Kingambit|17\/100|[from] item: Leftovers\n|upkeep\n|turn|27\n|\n|t:|1700655898\n|move|p2a: Dragonite|Extreme Speed|p1a: Kingambit\n|-damage|p1a: Kingambit|0 fnt\n|faint|p1a: Kingambit\n|-end|p1a: Kingambit|fallen1|[silent]\n|\n|upkeep\n|\n|t:|1700655905\n|switch|p1a: Enamorus|Enamorus, F|76\/100\n|-damage|p1a: Enamorus|51\/100|[from] Stealth Rock\n|turn|28\n|j| OrganThief\n|\n|t:|1700655915\n|move|p2a: Dragonite|Extreme Speed|p1a: Enamorus\n|-damage|p1a: Enamorus|0 fnt\n|faint|p1a: Enamorus\n|\n|upkeep\n|-message|dlc so insane forfeited.\n|\n|win|tekken_is_life\n|raw|dlc so insane's rating: 1731 &rarr; <strong>1714<\/strong><br \/>(-17 for losing)\n|raw|tekken_is_life's rating: 1781 &rarr; <strong>1798<\/strong><br \/>(+17 for winning)\n|l|\u2606dlc so insane\n|l|\u203dtekken_is_life\n|l| PLLV51 Cos\n|l| OUFC COALLA\n|l| firemaniac\n|l| OrganThief\n","uploadtime":1700656696,"views":2,"p1id":"dlcsoinsane","p2id":"tekkenislife","formatid":"gen9ou","rating":1714,"private":0,"password":""}