{"id":"gen9ou-1993853224","p1":"Remixered","p2":"Gregory Mirabella","format":"[Gen 9] OU","log":"|j|\u2606Remixered\n|j|\u2606Gregory Mirabella\n|t:|1700365524\n|gametype|singles\n|player|p1|Remixered|ltsurge|1049\n|player|p2|Gregory Mirabella|lusamine-nihilego|1095\n|teamsize|p1|6\n|teamsize|p2|6\n|gen|9\n|tier|[Gen 9] OU\n|rated|\n|rule|Sleep Clause Mod: Limit one foe put to sleep\n|rule|Species Clause: Limit one of each Pok\u00e9mon\n|rule|OHKO Clause: OHKO moves are banned\n|rule|Evasion Items Clause: Evasion items are banned\n|rule|Evasion Moves Clause: Evasion moves are banned\n|rule|Endless Battle Clause: Forcing endless battles is banned\n|rule|HP Percentage Mod: HP is shown in percentages\n|clearpoke\n|poke|p1|Eelektross, M|\n|poke|p1|Dragapult, M|\n|poke|p1|Heatran, M|\n|poke|p1|Volcanion|\n|poke|p1|Gyarados, F|\n|poke|p1|Scizor, F|\n|poke|p2|Sinistcha-Masterpiece|\n|poke|p2|Tauros-Paldea-Blaze, M|\n|poke|p2|Ogerpon-Wellspring, F|\n|poke|p2|Dragapult, F|\n|poke|p2|Maushold-Four|\n|poke|p2|Landorus-Therian, M|\n|teampreview\n|c|\u2606Gregory Mirabella|glhf\n|c|\u2606Remixered|hello there\n|\n|t:|1700365545\n|start\n|switch|p1a: Gyarados|Gyarados, F|100\/100\n|switch|p2a: Tauros|Tauros-Paldea-Blaze, M|100\/100\n|-ability|p2a: Tauros|Intimidate|boost\n|-unboost|p1a: Gyarados|atk|1\n|-ability|p1a: Gyarados|Intimidate|boost\n|-unboost|p2a: Tauros|atk|1\n|turn|1\n|\n|t:|1700365557\n|switch|p2a: Landorus|Landorus-Therian, M, shiny|100\/100\n|-ability|p2a: Landorus|Intimidate|boost\n|-unboost|p1a: Gyarados|atk|1\n|move|p1a: Gyarados|Aqua Tail|p2a: Landorus\n|-supereffective|p2a: Landorus\n|-damage|p2a: Landorus|44\/100\n|\n|upkeep\n|turn|2\n|\n|t:|1700365567\n|move|p2a: Landorus|U-turn|p1a: Gyarados\n|-resisted|p1a: Gyarados\n|-damage|p1a: Gyarados|83\/100\n|c|\u2606Gregory Mirabella|why not waterfall?\n|\n|t:|1700365570\n|switch|p2a: Sinistcha|Sinistcha-Masterpiece, shiny|100\/100|[from] U-turn\n|move|p1a: Gyarados|Ice Fang|p2a: Sinistcha\n|-supereffective|p2a: Sinistcha\n|-damage|p2a: Sinistcha|84\/100\n|\n|-heal|p2a: Sinistcha|90\/100|[from] item: Leftovers\n|upkeep\n|turn|3\n|c|\u2606Remixered|idk\n|\n|t:|1700365608\n|move|p1a: Gyarados|Ice Fang|p2a: Sinistcha\n|-supereffective|p2a: Sinistcha\n|-damage|p2a: Sinistcha|75\/100\n|move|p2a: Sinistcha|Calm Mind|p2a: Sinistcha\n|-boost|p2a: Sinistcha|spa|1\n|-boost|p2a: Sinistcha|spd|1\n|\n|-heal|p2a: Sinistcha|81\/100|[from] item: Leftovers\n|upkeep\n|turn|4\n|\n|t:|1700365625\n|switch|p1a: Volcanion|Volcanion|100\/100\n|move|p2a: Sinistcha|Calm Mind|p2a: Sinistcha\n|-boost|p2a: Sinistcha|spa|1\n|-boost|p2a: Sinistcha|spd|1\n|\n|-heal|p2a: Sinistcha|87\/100|[from] item: Leftovers\n|upkeep\n|turn|5\n|\n|t:|1700365638\n|move|p1a: Volcanion|Heat Crash|p2a: Sinistcha\n|-supereffective|p2a: Sinistcha\n|-damage|p2a: Sinistcha|57\/100\n|move|p2a: Sinistcha|Giga Drain|p1a: Volcanion\n|-damage|p1a: Volcanion|47\/100\n|-heal|p2a: Sinistcha|80\/100|[from] drain|[of] p1a: Volcanion\n|\n|-heal|p2a: Sinistcha|86\/100|[from] item: Leftovers\n|upkeep\n|turn|6\n|\n|t:|1700365648\n|switch|p1a: Heatran|Heatran, M|100\/100\n|move|p2a: Sinistcha|Giga Drain|p1a: Heatran\n|-resisted|p1a: Heatran\n|-damage|p1a: Heatran|88\/100\n|-heal|p2a: Sinistcha|92\/100|[from] drain|[of] p1a: Heatran\n|\n|-heal|p2a: Sinistcha|98\/100|[from] item: Leftovers\n|upkeep\n|turn|7\n|\n|t:|1700365662\n|-terastallize|p1a: Heatran|Fire\n|move|p1a: Heatran|Heat Wave|p2a: Sinistcha|[miss]\n|-miss|p1a: Heatran|p2a: Sinistcha\n|move|p2a: Sinistcha|Shadow Ball|p1a: Heatran\n|-damage|p1a: Heatran|33\/100\n|\n|-heal|p2a: Sinistcha|100\/100|[from] item: Leftovers\n|upkeep\n|turn|8\n|c|\u2606Gregory Mirabella|sorry\n|\n|t:|1700365673\n|move|p1a: Heatran|Heat Wave|p2a: Sinistcha\n|-supereffective|p2a: Sinistcha\n|-damage|p2a: Sinistcha|69\/100\n|move|p2a: Sinistcha|Shadow Ball|p1a: Heatran\n|-damage|p1a: Heatran|0 fnt\n|faint|p1a: Heatran\n|\n|-heal|p2a: Sinistcha|75\/100|[from] item: Leftovers\n|upkeep\n|\n|t:|1700365693\n|switch|p1a: Dragapult|Dragapult, M|100\/100\n|turn|9\n|c|\u2606Remixered|for what?\n|\n|t:|1700365718\n|move|p2a: Sinistcha|Shadow Ball|p1a: Dragapult\n|-supereffective|p1a: Dragapult\n|-damage|p1a: Dragapult|0 fnt\n|faint|p1a: Dragapult\n|\n|-heal|p2a: Sinistcha|81\/100|[from] item: Leftovers\n|upkeep\n|c|\u2606Gregory Mirabella|you missed heatwave\n|\n|t:|1700365727\n|switch|p1a: Gyarados|Gyarados, F|83\/100\n|-ability|p1a: Gyarados|Intimidate|boost\n|-unboost|p2a: Sinistcha|atk|1\n|turn|10\n|c|\u2606Gregory Mirabella|also how did i outspeed\n|c|\u2606Gregory Mirabella|are you iron ball or something?\n|\n|t:|1700365744\n|move|p1a: Gyarados|Ice Fang|p2a: Sinistcha\n|-supereffective|p2a: Sinistcha\n|-damage|p2a: Sinistcha|50\/100\n|-status|p2a: Sinistcha|frz\n|cant|p2a: Sinistcha|frz\n|\n|-heal|p2a: Sinistcha|56\/100 frz|[from] item: Leftovers\n|upkeep\n|turn|11\n|c|\u2606Gregory Mirabella|aaaaaand there's the freeze\n|\n|t:|1700365756\n|switch|p1a: Eelektross|Eelektross, M|100\/100\n|cant|p2a: Sinistcha|frz\n|\n|-heal|p2a: Sinistcha|62\/100 frz|[from] item: Leftovers\n|upkeep\n|turn|12\n|\n|t:|1700365769\n|move|p1a: Eelektross|Acrobatics|p2a: Sinistcha\n|-supereffective|p2a: Sinistcha\n|-damage|p2a: Sinistcha|41\/100 frz\n|cant|p2a: Sinistcha|frz\n|\n|-heal|p2a: Sinistcha|47\/100 frz|[from] item: Leftovers\n|upkeep\n|turn|13\n|\n|t:|1700365778\n|move|p1a: Eelektross|Acrobatics|p2a: Sinistcha\n|-supereffective|p2a: Sinistcha\n|-damage|p2a: Sinistcha|27\/100 frz\n|-curestatus|p2a: Sinistcha|frz|[msg]\n|move|p2a: Sinistcha|Giga Drain|p1a: Eelektross\n|-damage|p1a: Eelektross|40\/100\n|-heal|p2a: Sinistcha|55\/100|[from] drain|[of] p1a: Eelektross\n|\n|-heal|p2a: Sinistcha|61\/100|[from] item: Leftovers\n|upkeep\n|turn|14\n|c|\u2606Gregory Mirabella|thank god\n|c|\u2606Gregory Mirabella|i lost a match to a freeze a few minutes ago\n|\n|t:|1700365794\n|move|p1a: Eelektross|Rest|p1a: Eelektross\n|-status|p1a: Eelektross|slp|[from] move: Rest\n|-heal|p1a: Eelektross|100\/100 slp|[silent]\n|move|p2a: Sinistcha|Giga Drain|p1a: Eelektross\n|-damage|p1a: Eelektross|41\/100 slp\n|-heal|p2a: Sinistcha|87\/100|[from] drain|[of] p1a: Eelektross\n|\n|-heal|p2a: Sinistcha|94\/100|[from] item: Leftovers\n|upkeep\n|turn|15\n|c|\u2606Remixered|wow\n|\n|t:|1700365816\n|cant|p1a: Eelektross|slp\n|move|p2a: Sinistcha|Giga Drain|p1a: Eelektross\n|-damage|p1a: Eelektross|0 fnt\n|-heal|p2a: Sinistcha|100\/100|[from] drain|[of] p1a: Eelektross\n|faint|p1a: Eelektross\n|\n|upkeep\n|\n|t:|1700365825\n|switch|p1a: Volcanion|Volcanion|47\/100\n|turn|16\n|\n|t:|1700365831\n|move|p1a: Volcanion|Heat Crash|p2a: Sinistcha\n|-supereffective|p2a: Sinistcha\n|-damage|p2a: Sinistcha|72\/100\n|move|p2a: Sinistcha|Giga Drain|p1a: Volcanion\n|-damage|p1a: Volcanion|0 fnt\n|-heal|p2a: Sinistcha|93\/100|[from] drain|[of] p1a: Volcanion\n|faint|p1a: Volcanion\n|\n|-heal|p2a: Sinistcha|99\/100|[from] item: Leftovers\n|upkeep\n|\n|t:|1700365842\n|switch|p1a: Gyarados|Gyarados, F|83\/100\n|-ability|p1a: Gyarados|Intimidate|boost\n|-unboost|p2a: Sinistcha|atk|1\n|turn|17\n|c|\u2606Gregory Mirabella|you know sinistcha has heatproof right?\n|c|\u2606Gregory Mirabella|!dt heatproof\n|raw|<ul class=\"utilichart\"><li class=\"result\"><span class=\"col namecol\"><a href=\"https:\/\/dex.pokemonshowdown.com\/abilities\/heatproof\">Heatproof<\/a><\/span> <span class=\"col abilitydesccol\">Fire damage against this Pokemon is dealt with 1\/2 offensive stat; 1\/2 burn damage.<\/span> <\/li><li style=\"clear:both\"><\/li><\/ul>\n|raw|<font size=\"1\"><font color=\"#686868\">Gen:<\/font> 4&nbsp;|&ThickSpace;&#10003; Ignored by Mold Breaker<\/font>\n\n|\n|t:|1700365863\n|move|p1a: Gyarados|Ice Fang|p2a: Sinistcha\n|-supereffective|p2a: Sinistcha\n|-damage|p2a: Sinistcha|66\/100\n|move|p2a: Sinistcha|Giga Drain|p1a: Gyarados\n|-damage|p1a: Gyarados|21\/100\n|-heal|p2a: Sinistcha|96\/100|[from] drain|[of] p1a: Gyarados\n|-enditem|p1a: Gyarados|Figy Berry|[eat]\n|-heal|p1a: Gyarados|54\/100|[from] item: Figy Berry\n|\n|-heal|p2a: Sinistcha|100\/100|[from] item: Leftovers\n|upkeep\n|turn|18\n|c|\u2606Remixered|Well it was a strange battle\n|c|\u2606Gregory Mirabella|yeah\n|c|\u2606Gregory Mirabella|didnt think i'd get the funny tea sweep\n|\n|t:|1700365884\n|move|p1a: Gyarados|Lash Out|p2a: Sinistcha\n|-supereffective|p2a: Sinistcha\n|-damage|p2a: Sinistcha|67\/100\n|move|p2a: Sinistcha|Giga Drain|p1a: Gyarados\n|-damage|p1a: Gyarados|0 fnt\n|-heal|p2a: Sinistcha|93\/100|[from] drain|[of] p1a: Gyarados\n|faint|p1a: Gyarados\n|\n|-heal|p2a: Sinistcha|99\/100|[from] item: Leftovers\n|upkeep\n|\n|t:|1700365901\n|switch|p1a: Scizor|Scizor, F|100\/100\n|turn|19\n|\n|t:|1700365939\n|move|p2a: Sinistcha|Shadow Ball|p1a: Scizor\n|-damage|p1a: Scizor|32\/100\n|move|p1a: Scizor|Fury Cutter|p2a: Sinistcha\n|-damage|p2a: Sinistcha|76\/100\n|\n|-heal|p2a: Sinistcha|82\/100|[from] item: Leftovers\n|upkeep\n|turn|20\n|c|\u2606Gregory Mirabella|sorry to go afk for a sec\n|c|\u2606Gregory Mirabella|gg\n|c|\u2606Gregory Mirabella|wp\n|c|\u2606Gregory Mirabella|nice team\n|\n|t:|1700365967\n|move|p2a: Sinistcha|Shadow Ball|p1a: Scizor\n|-damage|p1a: Scizor|0 fnt\n|faint|p1a: Scizor\n|\n|win|Gregory Mirabella\n|raw|Remixered's rating: 1049 &rarr; <strong>1034<\/strong><br \/>(-15 for losing)\n|raw|Gregory Mirabella's rating: 1095 &rarr; <strong>1117<\/strong><br \/>(+22 for winning)\n|c|\u2606Remixered|gg\n","uploadtime":1700365997,"views":10,"p1id":"remixered","p2id":"gregorymirabella","formatid":"gen9ou","rating":1034,"private":0,"password":""}