{"id":"gen9ou-1990844142","p1":"Adgio","p2":"BerserkMatt","format":"[Gen 9] OU","log":"|j|\u2606Adgio\n|j|\u2606BerserkMatt\n|inactive|Battle timer is ON: inactive players will automatically lose when time's up.\n|t:|1700006753\n|gametype|singles\n|player|p1|Adgio|archer|\n|player|p2|BerserkMatt|266|\n|teamsize|p1|6\n|teamsize|p2|6\n|gen|9\n|tier|[Gen 9] OU\n|rated|Tournament battle\n|rule|Sleep Clause Mod: Limit one foe put to sleep\n|rule|Species Clause: Limit one of each Pok\u00e9mon\n|rule|OHKO Clause: OHKO moves are banned\n|rule|Evasion Items Clause: Evasion items are banned\n|rule|Evasion Moves Clause: Evasion moves are banned\n|rule|Endless Battle Clause: Forcing endless battles is banned\n|rule|HP Percentage Mod: HP is shown in percentages\n|clearpoke\n|poke|p1|Goodra-Hisui, M|\n|poke|p1|Enamorus, F|\n|poke|p1|Iron Valiant|\n|poke|p1|Dragonite, M|\n|poke|p1|Dondozo, M|\n|poke|p1|Great Tusk|\n|poke|p2|Iron Moth|\n|poke|p2|Toedscruel, M|\n|poke|p2|Kommo-o, M|\n|poke|p2|Kingambit, M|\n|poke|p2|Azumarill, M|\n|poke|p2|Thundurus-Therian, M|\n|teampreview\n|inactive|Adgio also wants the timer to be on.\n|j| eduvi\n|l| eduvi\n|\n|t:|1700006771\n|start\n|switch|p1a: Goodra|Goodra-Hisui, M|100\/100\n|switch|p2a: Overgod|Kingambit, M, shiny|100\/100\n|turn|1\n|j| BlackButlerX\n|\n|t:|1700006783\n|move|p2a: Overgod|Swords Dance|p2a: Overgod\n|-boost|p2a: Overgod|atk|2\n|move|p1a: Goodra|Flamethrower|p2a: Overgod\n|-supereffective|p2a: Overgod\n|-damage|p2a: Overgod|31\/100\n|\n|upkeep\n|turn|2\n|\n|t:|1700006786\n|switch|p1a: Dondozo|Dondozo, M|100\/100\n|move|p2a: Overgod|Kowtow Cleave|p1a: Dondozo\n|-damage|p1a: Dondozo|75\/100\n|\n|-heal|p1a: Dondozo|81\/100|[from] item: Leftovers\n|upkeep\n|turn|3\n|\n|t:|1700006793\n|move|p2a: Overgod|Iron Head|p1a: Dondozo\n|-resisted|p1a: Dondozo\n|-damage|p1a: Dondozo|72\/100\n|move|p1a: Dondozo|Body Press|p2a: Overgod\n|-supereffective|p2a: Overgod\n|-damage|p2a: Overgod|0 fnt\n|faint|p2a: Overgod\n|-end|p2a: Overgod|fallenundefined|[silent]\n|\n|-heal|p1a: Dondozo|78\/100|[from] item: Leftovers\n|upkeep\n|\n|t:|1700006799\n|switch|p2a: Zeus|Thundurus-Therian, M, shiny|100\/100\n|turn|4\n|\n|t:|1700006815\n|switch|p1a: Goodra|Goodra-Hisui, M|100\/100\n|move|p2a: Zeus|Thunderbolt|p1a: Goodra\n|-resisted|p1a: Goodra\n|-damage|p1a: Goodra|83\/100\n|\n|upkeep\n|turn|5\n|inactive|BerserkMatt has 120 seconds left.\n|\n|t:|1700006854\n|switch|p2a: Scoliosis|Toedscruel, M, shiny|100\/100\n|move|p1a: Goodra|Ice Beam|p2a: Scoliosis\n|-supereffective|p2a: Scoliosis\n|-enditem|p2a: Scoliosis|Focus Sash\n|-damage|p2a: Scoliosis|1\/100\n|\n|upkeep\n|turn|6\n|\n|t:|1700006865\n|move|p1a: Goodra|Ice Beam|p2a: Scoliosis\n|-supereffective|p2a: Scoliosis\n|-damage|p2a: Scoliosis|0 fnt\n|faint|p2a: Scoliosis\n|\n|upkeep\n|inactive|BerserkMatt has 120 seconds left.\n|\n|t:|1700006877\n|switch|p2a: Godzilla|Kommo-o, M, shiny|100\/100\n|turn|7\n|j| ivanlolxdpapucho\n|\n|t:|1700006897\n|switch|p1a: Great Tusk|Great Tusk|100\/100\n|move|p2a: Godzilla|Clanging Scales|p1a: Great Tusk\n|-damage|p1a: Great Tusk|46\/100\n|-unboost|p2a: Godzilla|def|1\n|-enditem|p2a: Godzilla|Throat Spray\n|-boost|p2a: Godzilla|spa|1|[from] item: Throat Spray\n|\n|-heal|p1a: Great Tusk|52\/100|[from] item: Leftovers\n|upkeep\n|turn|8\n|inactive|BerserkMatt has 120 seconds left.\n|\n|t:|1700006924\n|move|p2a: Godzilla|Clangorous Soul|p2a: Godzilla\n|-boost|p2a: Godzilla|atk|1\n|-boost|p2a: Godzilla|def|1\n|-boost|p2a: Godzilla|spa|1\n|-boost|p2a: Godzilla|spd|1\n|-boost|p2a: Godzilla|spe|1\n|-damage|p2a: Godzilla|68\/100\n|move|p1a: Great Tusk|Earthquake|p2a: Godzilla\n|-damage|p2a: Godzilla|20\/100\n|\n|-heal|p1a: Great Tusk|58\/100|[from] item: Leftovers\n|upkeep\n|turn|9\n|\n|t:|1700006944\n|move|p2a: Godzilla|Boomburst|p1a: Great Tusk\n|-damage|p1a: Great Tusk|0 fnt\n|faint|p1a: Great Tusk\n|-end|p1a: Great Tusk|Protosynthesis|[silent]\n|\n|upkeep\n|\n|t:|1700006946\n|switch|p1a: Dondozo|Dondozo, M|78\/100\n|turn|10\n|\n|t:|1700006951\n|move|p2a: Godzilla|Boomburst|p1a: Dondozo\n|-damage|p1a: Dondozo|41\/100\n|move|p1a: Dondozo|Body Press|p2a: Godzilla\n|-damage|p2a: Godzilla|0 fnt\n|faint|p2a: Godzilla\n|\n|-heal|p1a: Dondozo|47\/100|[from] item: Leftovers\n|upkeep\n|\n|t:|1700006958\n|switch|p2a: Symbolism|Iron Moth, shiny|100\/100\n|-enditem|p2a: Symbolism|Booster Energy\n|-activate|p2a: Symbolism|ability: Quark Drive|[fromitem]\n|-start|p2a: Symbolism|quarkdrivespe\n|turn|11\n|inactive|Adgio has 120 seconds left.\n|\n|t:|1700007002\n|-end|p2a: Symbolism|Quark Drive|[silent]\n|switch|p2a: Zeus|Thundurus-Therian, M, shiny|100\/100\n|move|p1a: Dondozo|Liquidation|p2a: Zeus\n|-damage|p2a: Zeus|54\/100\n|\n|-heal|p1a: Dondozo|53\/100|[from] item: Leftovers\n|upkeep\n|turn|12\n|\n|t:|1700007031\n|switch|p1a: Goodra|Goodra-Hisui, M|83\/100\n|move|p2a: Zeus|Thunderbolt|p1a: Goodra\n|-resisted|p1a: Goodra\n|-damage|p1a: Goodra|67\/100\n|-status|p1a: Goodra|par\n|\n|upkeep\n|turn|13\n|j| Wenomicha\n|inactive|BerserkMatt has 120 seconds left.\n|\n|t:|1700007067\n|switch|p2a: Torrent|Azumarill, M, shiny|100\/100\n|move|p1a: Goodra|Ice Beam|p2a: Torrent\n|-resisted|p2a: Torrent\n|-damage|p2a: Torrent|83\/100\n|\n|upkeep\n|turn|14\n|\n|t:|1700007070\n|move|p2a: Torrent|Belly Drum|p2a: Torrent\n|-damage|p2a: Torrent|33\/100\n|-setboost|p2a: Torrent|atk|6|[from] move: Belly Drum\n|-enditem|p2a: Torrent|Sitrus Berry|[eat]\n|-heal|p2a: Torrent|58\/100|[from] item: Sitrus Berry\n|move|p1a: Goodra|Thunderbolt|p2a: Torrent\n|-supereffective|p2a: Torrent\n|-damage|p2a: Torrent|0 fnt\n|faint|p2a: Torrent\n|\n|upkeep\n|-message|BerserkMatt forfeited.\n|\n|win|Adgio\n|n|\u2606Adgio|adgio\n|n|\u2606BerserkMatt|berserkmatt\n|n| BlackButlerX|blackbutlerx\n|n| ivanlolxdpapucho|ivanlolxdpapucho\n|n| Wenomicha|wenomicha\n","uploadtime":1700007077,"views":17,"p1id":"adgio","p2id":"berserkmatt","formatid":"gen9ou","rating":0,"private":0,"password":""}