{"id":"gen9ou-1989591700","p1":"donstar02","p2":"Isaayzin","format":"[Gen 9] OU","log":"|j|\u2606donstar02\n|j|\u2606Isaayzin\n|t:|1699875977\n|gametype|singles\n|player|p1|donstar02|swimmer|1173\n|player|p2|Isaayzin|gambler|1265\n|teamsize|p1|6\n|teamsize|p2|6\n|gen|9\n|tier|[Gen 9] OU\n|rated|\n|rule|Sleep Clause Mod: Limit one foe put to sleep\n|rule|Species Clause: Limit one of each Pok\u00e9mon\n|rule|OHKO Clause: OHKO moves are banned\n|rule|Evasion Items Clause: Evasion items are banned\n|rule|Evasion Moves Clause: Evasion moves are banned\n|rule|Endless Battle Clause: Forcing endless battles is banned\n|rule|HP Percentage Mod: HP is shown in percentages\n|clearpoke\n|poke|p1|Scizor, F|\n|poke|p1|Iron Valiant|\n|poke|p1|Ogerpon-Wellspring, F|\n|poke|p1|Dragapult, M|\n|poke|p1|Cinderace, F|\n|poke|p1|Landorus-Therian, M|\n|poke|p2|Jirachi|\n|poke|p2|Alomomola, F|\n|poke|p2|Dragonite, M|\n|poke|p2|Cinderace, F|\n|poke|p2|Kingambit, M|\n|poke|p2|Ogerpon-Wellspring, F|\n|teampreview\n|inactive|Battle timer is ON: inactive players will automatically lose when time's up. (requested by donstar02)\n|\n|t:|1699876011\n|start\n|switch|p1a: Scizor|Scizor, F|100\/100\n|switch|p2a: Ogerpon|Ogerpon-Wellspring, F|100\/100\n|turn|1\n|inactive|Isaayzin has 120 seconds left.\n|\n|t:|1699876048\n|move|p2a: Ogerpon|U-turn|p1a: Scizor\n|-resisted|p1a: Scizor\n|-damage|p1a: Scizor|86\/100\n|\n|t:|1699876052\n|switch|p2a: Dragonite|Dragonite, M|100\/100|[from] U-turn\n|move|p1a: Scizor|U-turn|p2a: Dragonite\n|-resisted|p2a: Dragonite\n|-damage|p2a: Dragonite|92\/100\n|\n|t:|1699876057\n|switch|p1a: Dragapult|Dragapult, M|100\/100|[from] U-turn\n|\n|upkeep\n|turn|2\n|\n|t:|1699876062\n|switch|p2a: Jirachi|Jirachi|100\/100\n|move|p1a: Dragapult|Draco Meteor|p2a: Jirachi\n|-resisted|p2a: Jirachi\n|-damage|p2a: Jirachi|79\/100\n|-unboost|p1a: Dragapult|spa|2\n|-damage|p1a: Dragapult|91\/100|[from] item: Life Orb\n|\n|-heal|p2a: Jirachi|85\/100|[from] item: Leftovers\n|upkeep\n|turn|3\n|\n|t:|1699876087\n|move|p1a: Dragapult|U-turn|p2a: Jirachi\n|-damage|p2a: Jirachi|68\/100\n|-damage|p1a: Dragapult|81\/100|[from] item: Life Orb\n|inactive|donstar02 has 120 seconds left.\n|\n|t:|1699876106\n|switch|p1a: Cinderace|Cinderace, F|100\/100|[from] U-turn\n|move|p2a: Jirachi|Doom Desire|p1a: Cinderace\n|-start|p2a: Jirachi|Doom Desire\n|\n|-heal|p2a: Jirachi|74\/100|[from] item: Leftovers\n|upkeep\n|turn|4\n|inactive|donstar02 has 120 seconds left.\n|\n|t:|1699876116\n|switch|p2a: Alomomola|Alomomola, F|100\/100\n|move|p1a: Cinderace|Pyro Ball|p2a: Alomomola\n|-resisted|p2a: Alomomola\n|-damage|p2a: Alomomola|85\/100\n|\n|upkeep\n|turn|5\n|inactive|donstar02 has 120 seconds left.\n|\n|t:|1699876132\n|move|p1a: Cinderace|U-turn|p2a: Alomomola\n|-start|p1a: Cinderace|typechange|Bug|[from] ability: Libero\n|-damage|p2a: Alomomola|66\/100\n|\n|t:|1699876154\n|switch|p1a: Ogerpon|Ogerpon-Wellspring, F|100\/100|[from] U-turn\n|move|p2a: Alomomola|Wish|p2a: Alomomola\n|\n|-end|p1a: Ogerpon|move: Doom Desire\n|-resisted|p1a: Ogerpon\n|-damage|p1a: Ogerpon|72\/100\n|upkeep\n|turn|6\n|inactive|donstar02 has 90 seconds left.\n|\n|t:|1699876182\n|switch|p2a: Dragonite|Dragonite, M|92\/100\n|move|p1a: Ogerpon|Horn Leech|p2a: Dragonite\n|-resisted|p2a: Dragonite\n|-damage|p2a: Dragonite|82\/100\n|-heal|p1a: Ogerpon|78\/100|[from] drain|[of] p2a: Dragonite\n|\n|-heal|p2a: Dragonite|100\/100|[from] move: Wish|[wisher] Alomomola\n|upkeep\n|turn|7\n|inactive|donstar02 has 90 seconds left.\n|\n|t:|1699876192\n|-terastallize|p2a: Dragonite|Flying\n|move|p1a: Ogerpon|Play Rough|p2a: Dragonite\n|-damage|p2a: Dragonite|84\/100\n|move|p2a: Dragonite|Tera Blast|p1a: Ogerpon|[anim] Tera Blast Flying\n|-supereffective|p1a: Ogerpon\n|-damage|p1a: Ogerpon|0 fnt\n|faint|p1a: Ogerpon\n|\n|upkeep\n|\n|t:|1699876218\n|switch|p1a: Landorus|Landorus-Therian, M|100\/100\n|-ability|p1a: Landorus|Intimidate|boost\n|-unboost|p2a: Dragonite|atk|1\n|turn|8\n|\n|t:|1699876224\n|move|p1a: Landorus|Stone Edge|p2a: Dragonite\n|-supereffective|p2a: Dragonite\n|-damage|p2a: Dragonite|17\/100\n|move|p2a: Dragonite|Tera Blast|p1a: Landorus|[anim] Tera Blast Flying\n|-damage|p1a: Landorus|0 fnt\n|faint|p1a: Landorus\n|\n|upkeep\n|\n|t:|1699876231\n|switch|p1a: Scizor|Scizor, F|86\/100\n|turn|9\n|\n|t:|1699876240\n|switch|p2a: Alomomola|Alomomola, F|99\/100\n|move|p1a: Scizor|Bullet Punch|p2a: Alomomola\n|-resisted|p2a: Alomomola\n|-damage|p2a: Alomomola|91\/100\n|\n|-heal|p1a: Scizor|92\/100|[from] item: Leftovers\n|upkeep\n|turn|10\n|\n|t:|1699876248\n|move|p1a: Scizor|Knock Off|p2a: Alomomola\n|-damage|p2a: Alomomola|70\/100\n|-enditem|p2a: Alomomola|Heavy-Duty Boots|[from] move: Knock Off|[of] p1a: Scizor\n|move|p2a: Alomomola|Wish|p2a: Alomomola\n|\n|-heal|p1a: Scizor|98\/100|[from] item: Leftovers\n|upkeep\n|turn|11\n|inactive|donstar02 has 90 seconds left.\n|\n|t:|1699876254\n|move|p1a: Scizor|U-turn|p2a: Alomomola\n|-damage|p2a: Alomomola|46\/100\n|inactive|donstar02 has 90 seconds left.\n|\n|t:|1699876261\n|switch|p1a: Dragapult|Dragapult, M|81\/100|[from] U-turn\n|move|p2a: Alomomola|Flip Turn|p1a: Dragapult\n|-resisted|p1a: Dragapult\n|-damage|p1a: Dragapult|70\/100\n|\n|t:|1699876274\n|switch|p2a: Dragonite|Dragonite, M, tera:Flying|17\/100|[from] Flip Turn\n|\n|-heal|p2a: Dragonite|86\/100|[from] move: Wish|[wisher] Alomomola\n|upkeep\n|turn|12\n|\n|t:|1699876287\n|switch|p2a: Jirachi|Jirachi|74\/100\n|move|p1a: Dragapult|Draco Meteor|p2a: Jirachi\n|-resisted|p2a: Jirachi\n|-damage|p2a: Jirachi|52\/100\n|-unboost|p1a: Dragapult|spa|2\n|-damage|p1a: Dragapult|60\/100|[from] item: Life Orb\n|\n|-heal|p2a: Jirachi|59\/100|[from] item: Leftovers\n|upkeep\n|turn|13\n|\n|t:|1699876296\n|move|p1a: Dragapult|Will-O-Wisp|p2a: Jirachi\n|-status|p2a: Jirachi|brn\n|move|p2a: Jirachi|Wish|p2a: Jirachi\n|\n|-heal|p2a: Jirachi|65\/100 brn|[from] item: Leftovers\n|-damage|p2a: Jirachi|59\/100 brn|[from] brn\n|upkeep\n|turn|14\n|inactive|donstar02 has 90 seconds left.\n|\n|t:|1699876316\n|move|p1a: Dragapult|U-turn|p2a: Jirachi\n|-crit|p2a: Jirachi\n|-damage|p2a: Jirachi|29\/100 brn\n|-damage|p1a: Dragapult|51\/100|[from] item: Life Orb\n|inactive|donstar02 has 90 seconds left.\n|\n|t:|1699876328\n|switch|p1a: Scizor|Scizor, F|98\/100|[from] U-turn\n|move|p2a: Jirachi|Doom Desire|p1a: Scizor\n|-start|p2a: Jirachi|Doom Desire\n|\n|-heal|p2a: Jirachi|79\/100 brn|[from] move: Wish|[wisher] Jirachi\n|-heal|p2a: Jirachi|85\/100 brn|[from] item: Leftovers\n|-heal|p1a: Scizor|100\/100|[from] item: Leftovers\n|-damage|p2a: Jirachi|79\/100 brn|[from] brn\n|upkeep\n|turn|15\n|inactive|donstar02 has 90 seconds left.\n|\n|t:|1699876348\n|move|p2a: Jirachi|Wish|p2a: Jirachi\n|move|p1a: Scizor|Swords Dance|p1a: Scizor\n|-boost|p1a: Scizor|atk|2\n|\n|-heal|p2a: Jirachi|85\/100 brn|[from] item: Leftovers\n|-damage|p2a: Jirachi|79\/100 brn|[from] brn\n|upkeep\n|turn|16\n|inactive|donstar02 has 90 seconds left.\n|\n|t:|1699876363\n|move|p2a: Jirachi|U-turn|p1a: Scizor\n|-resisted|p1a: Scizor\n|-damage|p1a: Scizor|97\/100\n|inactive|Isaayzin has 120 seconds left.\n|\n|t:|1699876408\n|switch|p2a: Alomomola|Alomomola, F|80\/100|[from] U-turn\n|move|p1a: Scizor|Knock Off|p2a: Alomomola\n|-damage|p2a: Alomomola|55\/100\n|\n|-end|p1a: Scizor|move: Doom Desire\n|-resisted|p1a: Scizor\n|-damage|p1a: Scizor|69\/100\n|-heal|p2a: Alomomola|93\/100|[from] move: Wish|[wisher] Jirachi\n|-heal|p1a: Scizor|75\/100|[from] item: Leftovers\n|upkeep\n|turn|17\n|inactive|donstar02 has 90 seconds left.\n|inactive|Isaayzin has 90 seconds left.\n|\n|t:|1699876433\n|move|p1a: Scizor|Bullet Punch|p2a: Alomomola\n|-resisted|p2a: Alomomola\n|-damage|p2a: Alomomola|74\/100\n|move|p2a: Alomomola|Scald|p1a: Scizor\n|-damage|p1a: Scizor|59\/100\n|\n|-heal|p1a: Scizor|65\/100|[from] item: Leftovers\n|upkeep\n|turn|18\n|inactive|donstar02 has 90 seconds left.\n|inactive|Isaayzin has 90 seconds left.\n|inactive|donstar02 has 60 seconds left.\n|inactive|donstar02 has 30 seconds left.\n|\n|t:|1699876500\n|-terastallize|p1a: Scizor|Fire\n|move|p1a: Scizor|Swords Dance|p1a: Scizor\n|-boost|p1a: Scizor|atk|2\n|move|p2a: Alomomola|Flip Turn|p1a: Scizor\n|-supereffective|p1a: Scizor\n|-crit|p1a: Scizor\n|-damage|p1a: Scizor|20\/100\n|inactive|Isaayzin has 90 seconds left.\n|\n|t:|1699876519\n|switch|p2a: Cinderace|Cinderace, F|100\/100|[from] Flip Turn\n|\n|-heal|p1a: Scizor|26\/100|[from] item: Leftovers\n|upkeep\n|turn|19\n|inactive|donstar02 has 30 seconds left.\n|\n|t:|1699876537\n|move|p2a: Cinderace|Sucker Punch|p1a: Scizor\n|-start|p2a: Cinderace|typechange|Dark|[from] ability: Libero\n|-damage|p1a: Scizor|0 fnt\n|faint|p1a: Scizor\n|\n|upkeep\n|-message|donstar02 forfeited.\n|\n|win|Isaayzin\n|raw|donstar02's rating: 1173 &rarr; <strong>1154<\/strong><br \/>(-19 for losing)\n|raw|Isaayzin's rating: 1265 &rarr; <strong>1284<\/strong><br \/>(+19 for winning)\n|l|\u2606donstar02\n","uploadtime":1699876551,"views":22,"p1id":"donstar02","p2id":"isaayzin","formatid":"gen9ou","rating":1154,"private":0,"password":""}