{"id":"gen9ou-1991052382","p1":"2022 flare","p2":"Yourragez","format":"[Gen 9] OU","log":"|j|\u26062022 flare\n|j|\u2606Yourragez\n|t:|1700035084\n|gametype|singles\n|player|p1|2022 flare|skierf-gen4dp|\n|player|p2|Yourragez|169|\n|teamsize|p1|6\n|teamsize|p2|6\n|gen|9\n|tier|[Gen 9] OU\n|rule|Sleep Clause Mod: Limit one foe put to sleep\n|rule|Species Clause: Limit one of each Pok\u00e9mon\n|rule|OHKO Clause: OHKO moves are banned\n|rule|Evasion Items Clause: Evasion items are banned\n|rule|Evasion Moves Clause: Evasion moves are banned\n|rule|Endless Battle Clause: Forcing endless battles is banned\n|rule|HP Percentage Mod: HP is shown in percentages\n|clearpoke\n|poke|p1|Rillaboom, F|\n|poke|p1|Iron Valiant|\n|poke|p1|Maushold|\n|poke|p1|Heatran, M|\n|poke|p1|Great Tusk|\n|poke|p1|Sneasler, M|\n|poke|p2|Clefable, F|\n|poke|p2|Cinderace, M|\n|poke|p2|Mandibuzz, F|\n|poke|p2|Clodsire, F|\n|poke|p2|Corviknight, M|\n|poke|p2|Ogerpon-Wellspring, F|\n|teampreview\n|\n|t:|1700035116\n|start\n|switch|p1a: SAVOURAS|Heatran, M|100\/100\n|switch|p2a: Clodsire|Clodsire, F, shiny|100\/100\n|-item|p1a: SAVOURAS|Air Balloon\n|turn|1\n|\n|t:|1700035125\n|move|p1a: SAVOURAS|Stealth Rock|p2a: Clodsire\n|-sidestart|p2: Yourragez|move: Stealth Rock\n|move|p2a: Clodsire|Earthquake|p1a: SAVOURAS\n|-immune|p1a: SAVOURAS\n|\n|upkeep\n|turn|2\n|\n|t:|1700035138\n|switch|p2a: Cinderace|Cinderace, M|100\/100\n|move|p1a: SAVOURAS|Magma Storm|p2a: Cinderace\n|-resisted|p2a: Cinderace\n|-damage|p2a: Cinderace|61\/100\n|-activate|p2a: Cinderace|move: Magma Storm|[of] p1a: SAVOURAS\n|\n|-damage|p2a: Cinderace|48\/100|[from] move: Magma Storm|[partiallytrapped]\n|upkeep\n|turn|3\n|\n|t:|1700035146\n|move|p2a: Cinderace|Court Change|p2a: Cinderace\n|-start|p2a: Cinderace|typechange|Normal|[from] ability: Libero\n|-swapsideconditions\n|-activate|p2a: Cinderace|move: Court Change\n|move|p1a: SAVOURAS|Earth Power|p2a: Cinderace\n|-damage|p2a: Cinderace|0 fnt\n|faint|p2a: Cinderace\n|\n|upkeep\n|\n|t:|1700035154\n|switch|p2a: Ogerpon|Ogerpon-Wellspring, F|100\/100\n|turn|4\n|\n|t:|1700035164\n|move|p2a: Ogerpon|Knock Off|p1a: SAVOURAS\n|-damage|p1a: SAVOURAS|66\/100\n|-enditem|p1a: SAVOURAS|Air Balloon\n|move|p1a: SAVOURAS|Magma Storm|p2a: Ogerpon\n|-damage|p2a: Ogerpon|36\/100\n|-activate|p2a: Ogerpon|move: Magma Storm|[of] p1a: SAVOURAS\n|\n|-damage|p2a: Ogerpon|23\/100|[from] move: Magma Storm|[partiallytrapped]\n|upkeep\n|turn|5\n|\n|t:|1700035176\n|switch|p1a: VIVALOSPRIDE|Rillaboom, F|100\/100\n|-fieldstart|move: Grassy Terrain|[from] ability: Grassy Surge|[of] p1a: VIVALOSPRIDE\n|move|p2a: Ogerpon|Ivy Cudgel|p1a: VIVALOSPRIDE|[anim] Ivy Cudgel Water\n|-resisted|p1a: VIVALOSPRIDE\n|-damage|p1a: VIVALOSPRIDE|70\/100\n|\n|-heal|p2a: Ogerpon|29\/100|[from] Grassy Terrain\n|-heal|p1a: VIVALOSPRIDE|76\/100|[from] Grassy Terrain\n|-end|p2a: Ogerpon|Magma Storm|[partiallytrapped]|[silent]\n|upkeep\n|turn|6\n|\n|t:|1700035192\n|switch|p2a: Corviknight|Corviknight, M|100\/100\n|-ability|p2a: Corviknight|Pressure\n|move|p1a: VIVALOSPRIDE|U-turn|p2a: Corviknight\n|-resisted|p2a: Corviknight\n|-damage|p2a: Corviknight|95\/100\n|\n|t:|1700035213\n|switch|p1a: SAVOURAS|Heatran, M|66\/100|[from] U-turn\n|-damage|p1a: SAVOURAS|54\/100|[from] Stealth Rock\n|\n|-heal|p1a: SAVOURAS|60\/100|[from] Grassy Terrain\n|-heal|p2a: Corviknight|100\/100|[from] item: Leftovers\n|upkeep\n|turn|7\n|c|\u26062022 flare|I gyatt to win this\n|\n|t:|1700035267\n|switch|p2a: Clodsire|Clodsire, F, shiny|100\/100\n|move|p1a: SAVOURAS|Magma Storm|p2a: Clodsire|[miss]\n|-miss|p1a: SAVOURAS|p2a: Clodsire\n|\n|-heal|p1a: SAVOURAS|66\/100|[from] Grassy Terrain\n|upkeep\n|turn|8\n|\n|t:|1700035287\n|move|p1a: SAVOURAS|Stealth Rock|p2a: Clodsire\n|-sidestart|p2: Yourragez|move: Stealth Rock\n|move|p2a: Clodsire|Curse|p2a: Clodsire\n|-unboost|p2a: Clodsire|spe|1\n|-boost|p2a: Clodsire|atk|1\n|-boost|p2a: Clodsire|def|1\n|\n|-heal|p1a: SAVOURAS|73\/100|[from] Grassy Terrain\n|upkeep\n|turn|9\n|\n|t:|1700035301\n|move|p1a: SAVOURAS|Taunt|p2a: Clodsire\n|-start|p2a: Clodsire|move: Taunt\n|cant|p2a: Clodsire|move: Taunt|Curse\n|\n|-heal|p1a: SAVOURAS|79\/100|[from] Grassy Terrain\n|-fieldend|move: Grassy Terrain\n|upkeep\n|turn|10\n|\n|t:|1700035310\n|switch|p1a: VIVALOSPRIDE|Rillaboom, F|76\/100\n|-fieldstart|move: Grassy Terrain|[from] ability: Grassy Surge|[of] p1a: VIVALOSPRIDE\n|move|p2a: Clodsire|Earthquake|p1a: VIVALOSPRIDE\n|-resisted|p1a: VIVALOSPRIDE\n|-damage|p1a: VIVALOSPRIDE|65\/100\n|\n|-heal|p1a: VIVALOSPRIDE|71\/100|[from] Grassy Terrain\n|upkeep\n|turn|11\n|\n|t:|1700035325\n|move|p1a: VIVALOSPRIDE|Knock Off|p2a: Clodsire\n|-damage|p2a: Clodsire|81\/100\n|-enditem|p2a: Clodsire|Leftovers|[from] move: Knock Off|[of] p1a: VIVALOSPRIDE\n|move|p2a: Clodsire|Poison Jab|p1a: VIVALOSPRIDE\n|-supereffective|p1a: VIVALOSPRIDE\n|-damage|p1a: VIVALOSPRIDE|8\/100\n|\n|-heal|p1a: VIVALOSPRIDE|14\/100|[from] Grassy Terrain\n|-heal|p2a: Clodsire|87\/100|[from] Grassy Terrain\n|-end|p2a: Clodsire|move: Taunt\n|upkeep\n|turn|12\n|\n|t:|1700035342\n|move|p1a: VIVALOSPRIDE|U-turn|p2a: Clodsire\n|-resisted|p2a: Clodsire\n|-damage|p2a: Clodsire|80\/100\n|\n|t:|1700035347\n|switch|p1a: GREAT FREEZAI|Great Tusk|100\/100|[from] U-turn\n|-damage|p1a: GREAT FREEZAI|97\/100|[from] Stealth Rock\n|-enditem|p1a: GREAT FREEZAI|Booster Energy\n|-activate|p1a: GREAT FREEZAI|ability: Protosynthesis|[fromitem]\n|-start|p1a: GREAT FREEZAI|protosynthesisspe\n|move|p2a: Clodsire|Curse|p2a: Clodsire\n|-unboost|p2a: Clodsire|spe|1\n|-boost|p2a: Clodsire|atk|1\n|-boost|p2a: Clodsire|def|1\n|\n|-heal|p1a: GREAT FREEZAI|100\/100|[from] Grassy Terrain\n|-heal|p2a: Clodsire|86\/100|[from] Grassy Terrain\n|upkeep\n|turn|13\n|\n|t:|1700035363\n|-terastallize|p1a: GREAT FREEZAI|Poison\n|move|p1a: GREAT FREEZAI|Bulk Up|p1a: GREAT FREEZAI\n|-boost|p1a: GREAT FREEZAI|atk|1\n|-boost|p1a: GREAT FREEZAI|def|1\n|move|p2a: Clodsire|Curse|p2a: Clodsire\n|-unboost|p2a: Clodsire|spe|1\n|-boost|p2a: Clodsire|atk|1\n|-boost|p2a: Clodsire|def|1\n|\n|-heal|p2a: Clodsire|93\/100|[from] Grassy Terrain\n|upkeep\n|turn|14\n|l|\u2606Yourragez\n|player|p2|\n|j|\u2606Yourragez\n|player|p2|Yourragez|169\n|\n|t:|1700035397\n|move|p1a: GREAT FREEZAI|Rapid Spin|p2a: Clodsire\n|-damage|p2a: Clodsire|88\/100\n|-boost|p1a: GREAT FREEZAI|spe|1\n|-sideend|p1: 2022 flare|Stealth Rock|[from] move: Rapid Spin|[of] p1a: GREAT FREEZAI\n|move|p2a: Clodsire|Curse|p2a: Clodsire\n|-unboost|p2a: Clodsire|spe|1\n|-boost|p2a: Clodsire|atk|1\n|-boost|p2a: Clodsire|def|1\n|\n|-heal|p2a: Clodsire|94\/100|[from] Grassy Terrain\n|-fieldend|move: Grassy Terrain\n|upkeep\n|turn|15\n|\n|t:|1700035409\n|move|p1a: GREAT FREEZAI|Bulk Up|p1a: GREAT FREEZAI\n|-boost|p1a: GREAT FREEZAI|atk|1\n|-boost|p1a: GREAT FREEZAI|def|1\n|move|p2a: Clodsire|Earthquake|p1a: GREAT FREEZAI\n|-supereffective|p1a: GREAT FREEZAI\n|-damage|p1a: GREAT FREEZAI|2\/100\n|\n|upkeep\n|turn|16\n|c|\u26062022 flare|i crit tho\n|\n|t:|1700035420\n|move|p1a: GREAT FREEZAI|Headlong Rush|p2a: Clodsire\n|-supereffective|p2a: Clodsire\n|-damage|p2a: Clodsire|66\/100\n|-unboost|p1a: GREAT FREEZAI|def|1\n|-unboost|p1a: GREAT FREEZAI|spd|1\n|move|p2a: Clodsire|Poison Jab|p1a: GREAT FREEZAI\n|-resisted|p1a: GREAT FREEZAI\n|-damage|p1a: GREAT FREEZAI|0 fnt\n|faint|p1a: GREAT FREEZAI\n|-end|p1a: GREAT FREEZAI|Protosynthesis|[silent]\n|\n|upkeep\n|c|\u26062022 flare|smd\n|\n|t:|1700035438\n|switch|p1a: SAVOURAS|Heatran, M|79\/100\n|turn|17\n|\n|t:|1700035446\n|move|p1a: SAVOURAS|Earth Power|p2a: Clodsire\n|-supereffective|p2a: Clodsire\n|-damage|p2a: Clodsire|23\/100\n|move|p2a: Clodsire|Earthquake|p1a: SAVOURAS\n|-supereffective|p1a: SAVOURAS\n|-damage|p1a: SAVOURAS|0 fnt\n|faint|p1a: SAVOURAS\n|\n|upkeep\n|\n|t:|1700035459\n|switch|p1a: IRON PUNNY|Iron Valiant|100\/100\n|-enditem|p1a: IRON PUNNY|Booster Energy\n|-activate|p1a: IRON PUNNY|ability: Quark Drive|[fromitem]\n|-start|p1a: IRON PUNNY|quarkdrivespe\n|turn|18\n|\n|t:|1700035465\n|move|p1a: IRON PUNNY|Moonblast|p2a: Clodsire\n|-resisted|p2a: Clodsire\n|-damage|p2a: Clodsire|7\/100\n|-unboost|p2a: Clodsire|spa|1\n|move|p2a: Clodsire|Poison Jab|p1a: IRON PUNNY\n|-supereffective|p1a: IRON PUNNY\n|-damage|p1a: IRON PUNNY|0 fnt\n|faint|p1a: IRON PUNNY\n|-end|p1a: IRON PUNNY|Quark Drive|[silent]\n|\n|upkeep\n|\n|t:|1700035483\n|switch|p1a: VIVALOSPRIDE|Rillaboom, F|14\/100\n|-fieldstart|move: Grassy Terrain|[from] ability: Grassy Surge|[of] p1a: VIVALOSPRIDE\n|turn|19\n|\n|t:|1700035486\n|move|p1a: VIVALOSPRIDE|Grassy Glide|p2a: Clodsire\n|-damage|p2a: Clodsire|0 fnt\n|faint|p2a: Clodsire\n|\n|-heal|p1a: VIVALOSPRIDE|20\/100|[from] Grassy Terrain\n|upkeep\n|\n|t:|1700035496\n|switch|p2a: Mandibuzz|Mandibuzz, F|100\/100\n|turn|20\n|\n|t:|1700035503\n|move|p1a: VIVALOSPRIDE|Knock Off|p2a: Mandibuzz\n|-resisted|p2a: Mandibuzz\n|-damage|p2a: Mandibuzz|90\/100\n|-enditem|p2a: Mandibuzz|Heavy-Duty Boots|[from] move: Knock Off|[of] p1a: VIVALOSPRIDE\n|move|p2a: Mandibuzz|Iron Defense|p2a: Mandibuzz\n|-boost|p2a: Mandibuzz|def|2\n|\n|-heal|p1a: VIVALOSPRIDE|26\/100|[from] Grassy Terrain\n|upkeep\n|turn|21\n|\n|t:|1700035511\n|move|p1a: VIVALOSPRIDE|U-turn|p2a: Mandibuzz\n|-damage|p2a: Mandibuzz|82\/100\n|\n|t:|1700035513\n|switch|p1a: HOWKINGS|Maushold|100\/100|[from] U-turn\n|move|p2a: Mandibuzz|Iron Defense|p2a: Mandibuzz\n|-boost|p2a: Mandibuzz|def|2\n|\n|upkeep\n|turn|22\n|\n|t:|1700035518\n|move|p1a: HOWKINGS|Encore|p2a: Mandibuzz\n|-start|p2a: Mandibuzz|Encore\n|move|p2a: Mandibuzz|Iron Defense|p2a: Mandibuzz\n|-boost|p2a: Mandibuzz|def|2\n|\n|upkeep\n|turn|23\n|\n|t:|1700035521\n|switch|p2a: Corviknight|Corviknight, M|100\/100\n|-damage|p2a: Corviknight|88\/100|[from] Stealth Rock\n|-ability|p2a: Corviknight|Pressure\n|move|p1a: HOWKINGS|Tidy Up|p1a: HOWKINGS\n|-sideend|p2: Yourragez|Stealth Rock\n|-activate|p1a: HOWKINGS|move: Tidy Up\n|-boost|p1a: HOWKINGS|atk|1\n|-boost|p1a: HOWKINGS|spe|1\n|\n|-heal|p2a: Corviknight|94\/100|[from] item: Leftovers\n|-fieldend|move: Grassy Terrain\n|upkeep\n|turn|24\n|\n|t:|1700035528\n|move|p1a: HOWKINGS|Population Bomb|p2a: Corviknight\n|-resisted|p2a: Corviknight\n|-damage|p2a: Corviknight|87\/100\n|-resisted|p2a: Corviknight\n|-damage|p2a: Corviknight|80\/100\n|-resisted|p2a: Corviknight\n|-crit|p2a: Corviknight\n|-damage|p2a: Corviknight|70\/100\n|-resisted|p2a: Corviknight\n|-damage|p2a: Corviknight|63\/100\n|-resisted|p2a: Corviknight\n|-damage|p2a: Corviknight|57\/100\n|-resisted|p2a: Corviknight\n|-damage|p2a: Corviknight|49\/100\n|-resisted|p2a: Corviknight\n|-damage|p2a: Corviknight|42\/100\n|-resisted|p2a: Corviknight\n|-damage|p2a: Corviknight|36\/100\n|-resisted|p2a: Corviknight\n|-damage|p2a: Corviknight|29\/100\n|-resisted|p2a: Corviknight\n|-damage|p2a: Corviknight|22\/100\n|-hitcount|p2a: Corviknight|10\n|move|p2a: Corviknight|Brave Bird|p1a: HOWKINGS\n|-damage|p1a: HOWKINGS|45\/100\n|-damage|p2a: Corviknight|9\/100|[from] Recoil\n|\n|-heal|p2a: Corviknight|15\/100|[from] item: Leftovers\n|upkeep\n|turn|25\n|c|\u2606Yourragez|Gg\n|\n|t:|1700035548\n|move|p1a: HOWKINGS|Population Bomb|p2a: Corviknight\n|-resisted|p2a: Corviknight\n|-damage|p2a: Corviknight|9\/100\n|-resisted|p2a: Corviknight\n|-damage|p2a: Corviknight|2\/100\n|-resisted|p2a: Corviknight\n|-damage|p2a: Corviknight|0 fnt\n|faint|p2a: Corviknight\n|-hitcount|p2: Corviknight|3\n|\n|upkeep\n|c|\u2606Yourragez|Stupid ass pokemon\n|\n|t:|1700035556\n|switch|p2a: Mandibuzz|Mandibuzz, F|82\/100\n|turn|26\n|c|\u26062022 flare|boo hoo luh cracker\n|\n|t:|1700035562\n|move|p1a: HOWKINGS|Population Bomb|p2a: Mandibuzz\n|-damage|p2a: Mandibuzz|72\/100\n|-damage|p2a: Mandibuzz|62\/100\n|-damage|p2a: Mandibuzz|54\/100\n|-damage|p2a: Mandibuzz|45\/100\n|-damage|p2a: Mandibuzz|35\/100\n|-damage|p2a: Mandibuzz|26\/100\n|-damage|p2a: Mandibuzz|16\/100\n|-damage|p2a: Mandibuzz|6\/100\n|-damage|p2a: Mandibuzz|0 fnt\n|faint|p2a: Mandibuzz\n|-hitcount|p2: Mandibuzz|9\n|\n|upkeep\n|\n|t:|1700035566\n|switch|p2a: Ogerpon|Ogerpon-Wellspring, F|29\/100\n|turn|27\n|\n|t:|1700035578\n|move|p1a: HOWKINGS|Population Bomb|p2a: Ogerpon\n|-damage|p2a: Ogerpon|6\/100\n|-damage|p2a: Ogerpon|0 fnt\n|faint|p2a: Ogerpon\n|-hitcount|p2: Ogerpon|2\n|\n|upkeep\n|\n|t:|1700035580\n|switch|p2a: Clefable|Clefable, F|100\/100\n|turn|28\n|\n|t:|1700035583\n|move|p1a: HOWKINGS|Population Bomb|p2a: Clefable\n|-damage|p2a: Clefable|86\/100\n|-damage|p2a: Clefable|73\/100\n|-damage|p2a: Clefable|59\/100\n|-damage|p2a: Clefable|46\/100\n|-damage|p2a: Clefable|33\/100\n|-damage|p2a: Clefable|18\/100\n|-damage|p2a: Clefable|4\/100\n|-crit|p2a: Clefable\n|-damage|p2a: Clefable|0 fnt\n|faint|p2a: Clefable\n|-hitcount|p2: Clefable|8\n|\n|win|2022 flare\n","uploadtime":1700035587,"views":5,"p1id":"2022flare","p2id":"yourragez","formatid":"gen9ou","rating":0,"private":0,"password":""}