{"id":"gen9ou-1995511204","p1":"Elitefourduke","p2":"SnoozSeal","format":"[Gen 9] OU","log":"|j|\u2606Elitefourduke\n|j|\u2606SnoozSeal\n|t:|1700578498\n|gametype|singles\n|player|p1|Elitefourduke|169|1357\n|player|p2|SnoozSeal|larry|1411\n|teamsize|p1|6\n|teamsize|p2|6\n|gen|9\n|tier|[Gen 9] OU\n|rated|\n|rule|Sleep Clause Mod: Limit one foe put to sleep\n|rule|Species Clause: Limit one of each Pok\u00e9mon\n|rule|OHKO Clause: OHKO moves are banned\n|rule|Evasion Items Clause: Evasion items are banned\n|rule|Evasion Moves Clause: Evasion moves are banned\n|rule|Endless Battle Clause: Forcing endless battles is banned\n|rule|HP Percentage Mod: HP is shown in percentages\n|clearpoke\n|poke|p1|Dragapult, M|\n|poke|p1|Kingambit, F|\n|poke|p1|Iron Moth|\n|poke|p1|Great Tusk|\n|poke|p1|Garganacl, F|\n|poke|p1|Ogerpon-Wellspring, F|\n|poke|p2|Ting-Lu|\n|poke|p2|Great Tusk|\n|poke|p2|Ribombee, F|\n|poke|p2|Gholdengo|\n|poke|p2|Dragapult, F|\n|poke|p2|Ceruledge, F|\n|teampreview\n|inactive|Battle timer is ON: inactive players will automatically lose when time's up. (requested by SnoozSeal)\n|\n|t:|1700578505\n|start\n|switch|p1a: Great Tusk|Great Tusk|100\/100\n|switch|p2a: what even is this|Ribombee, F|100\/100\n|-enditem|p1a: Great Tusk|Booster Energy\n|-activate|p1a: Great Tusk|ability: Protosynthesis|[fromitem]\n|-start|p1a: Great Tusk|protosynthesisatk\n|turn|1\n|\n|t:|1700578514\n|move|p2a: what even is this|Moonblast|p1a: Great Tusk\n|-supereffective|p1a: Great Tusk\n|-damage|p1a: Great Tusk|0 fnt\n|faint|p1a: Great Tusk\n|-end|p1a: Great Tusk|Protosynthesis|[silent]\n|\n|upkeep\n|\n|t:|1700578522\n|switch|p1a: Garganacl|Garganacl, F|100\/100\n|turn|2\n|\n|t:|1700578528\n|move|p2a: what even is this|Sticky Web|p1a: Garganacl\n|-sidestart|p1: Elitefourduke|move: Sticky Web\n|move|p1a: Garganacl|Salt Cure|p2a: what even is this\n|-supereffective|p2a: what even is this\n|-damage|p2a: what even is this|59\/100\n|\n|upkeep\n|turn|3\n|\n|t:|1700578534\n|move|p2a: what even is this|Tailwind|p2a: what even is this\n|-sidestart|p2: SnoozSeal|move: Tailwind\n|move|p1a: Garganacl|Iron Defense|p1a: Garganacl\n|-boost|p1a: Garganacl|def|2\n|\n|upkeep\n|turn|4\n|\n|t:|1700578542\n|move|p2a: what even is this|Moonblast|p1a: Garganacl\n|-damage|p1a: Garganacl|80\/100\n|move|p1a: Garganacl|Salt Cure|p2a: what even is this\n|-supereffective|p2a: what even is this\n|-damage|p2a: what even is this|13\/100\n|\n|-heal|p1a: Garganacl|87\/100|[from] item: Leftovers\n|upkeep\n|turn|5\n|\n|t:|1700578550\n|move|p2a: what even is this|Moonblast|p1a: Garganacl\n|-damage|p1a: Garganacl|67\/100\n|move|p1a: Garganacl|Salt Cure|p2a: what even is this\n|-supereffective|p2a: what even is this\n|-damage|p2a: what even is this|0 fnt\n|faint|p2a: what even is this\n|\n|-heal|p1a: Garganacl|74\/100|[from] item: Leftovers\n|upkeep\n|\n|t:|1700578555\n|switch|p2a: ghoul goblin|Gholdengo|100\/100\n|-item|p2a: ghoul goblin|Air Balloon\n|turn|6\n|\n|t:|1700578567\n|-terastallize|p2a: ghoul goblin|Ghost\n|-terastallize|p1a: Garganacl|Water\n|move|p2a: ghoul goblin|Nasty Plot|p2a: ghoul goblin\n|-boost|p2a: ghoul goblin|spa|2\n|move|p1a: Garganacl|Salt Cure|p2a: ghoul goblin\n|-damage|p2a: ghoul goblin|84\/100\n|-start|p2a: ghoul goblin|Salt Cure\n|-enditem|p2a: ghoul goblin|Air Balloon\n|\n|-heal|p1a: Garganacl|80\/100|[from] item: Leftovers\n|-damage|p2a: ghoul goblin|72\/100|[from] Salt Cure\n|-sideend|p2: SnoozSeal|move: Tailwind\n|upkeep\n|turn|7\n|\n|t:|1700578583\n|move|p2a: ghoul goblin|Nasty Plot|p2a: ghoul goblin\n|-boost|p2a: ghoul goblin|spa|2\n|move|p1a: Garganacl|Recover|p1a: Garganacl\n|-heal|p1a: Garganacl|100\/100\n|\n|-damage|p2a: ghoul goblin|60\/100|[from] Salt Cure\n|upkeep\n|turn|8\n|\n|t:|1700578592\n|move|p2a: ghoul goblin|Nasty Plot|p2a: ghoul goblin\n|-boost|p2a: ghoul goblin|spa|2\n|move|p1a: Garganacl|Salt Cure|p2a: ghoul goblin\n|-damage|p2a: ghoul goblin|45\/100\n|\n|-damage|p2a: ghoul goblin|33\/100|[from] Salt Cure\n|upkeep\n|turn|9\n|\n|t:|1700578600\n|move|p2a: ghoul goblin|Recover|p2a: ghoul goblin\n|-heal|p2a: ghoul goblin|83\/100\n|move|p1a: Garganacl|Salt Cure|p2a: ghoul goblin\n|-damage|p2a: ghoul goblin|67\/100\n|\n|-damage|p2a: ghoul goblin|54\/100|[from] Salt Cure\n|upkeep\n|turn|10\n|\n|t:|1700578609\n|move|p2a: ghoul goblin|Shadow Ball|p1a: Garganacl\n|-damage|p1a: Garganacl|21\/100\n|move|p1a: Garganacl|Salt Cure|p2a: ghoul goblin\n|-damage|p2a: ghoul goblin|37\/100\n|\n|-heal|p1a: Garganacl|27\/100|[from] item: Leftovers\n|-damage|p2a: ghoul goblin|25\/100|[from] Salt Cure\n|upkeep\n|turn|11\n|\n|t:|1700578619\n|move|p2a: ghoul goblin|Shadow Ball|p1a: Garganacl\n|-damage|p1a: Garganacl|0 fnt\n|faint|p1a: Garganacl\n|\n|-damage|p2a: ghoul goblin|12\/100|[from] Salt Cure\n|upkeep\n|\n|t:|1700578632\n|switch|p1a: Dragapult|Dragapult, M|100\/100\n|-activate|p1a: Dragapult|move: Sticky Web\n|-unboost|p1a: Dragapult|spe|1\n|turn|12\n|\n|t:|1700578650\n|move|p1a: Dragapult|Draco Meteor|p2a: ghoul goblin\n|-crit|p2a: ghoul goblin\n|-damage|p2a: ghoul goblin|0 fnt\n|-unboost|p1a: Dragapult|spa|2\n|faint|p2a: ghoul goblin\n|\n|upkeep\n|\n|t:|1700578655\n|switch|p2a: return to ghoul|Ceruledge, F|100\/100\n|turn|13\n|\n|t:|1700578659\n|switch|p1a: Kingambit|Kingambit, F|100\/100\n|-activate|p1a: Kingambit|ability: Supreme Overlord\n|-start|p1a: Kingambit|fallen2|[silent]\n|-item|p1a: Kingambit|Air Balloon\n|move|p2a: return to ghoul|Swords Dance|p2a: return to ghoul\n|-boost|p2a: return to ghoul|atk|2\n|\n|upkeep\n|turn|14\n|\n|t:|1700578673\n|move|p2a: return to ghoul|Bitter Blade|p1a: Kingambit\n|-supereffective|p1a: Kingambit\n|-damage|p1a: Kingambit|0 fnt\n|-enditem|p1a: Kingambit|Air Balloon\n|faint|p1a: Kingambit\n|-end|p1a: Kingambit|fallen2|[silent]\n|\n|upkeep\n|\n|t:|1700578682\n|switch|p1a: Ogerpon|Ogerpon-Wellspring, F|100\/100\n|-activate|p1a: Ogerpon|move: Sticky Web\n|-unboost|p1a: Ogerpon|spe|1\n|turn|15\n|\n|t:|1700578689\n|move|p2a: return to ghoul|Bitter Blade|p1a: Ogerpon\n|-damage|p1a: Ogerpon|0 fnt\n|faint|p1a: Ogerpon\n|\n|upkeep\n|\n|t:|1700578694\n|switch|p1a: Dragapult|Dragapult, M|100\/100\n|-activate|p1a: Dragapult|move: Sticky Web\n|-unboost|p1a: Dragapult|spe|1\n|turn|16\n|\n|t:|1700578699\n|move|p2a: return to ghoul|Shadow Sneak|p1a: Dragapult\n|-supereffective|p1a: Dragapult\n|-damage|p1a: Dragapult|0 fnt\n|faint|p1a: Dragapult\n|\n|upkeep\n|-message|Elitefourduke forfeited.\n|\n|win|SnoozSeal\n|raw|Elitefourduke's rating: 1357 &rarr; <strong>1340<\/strong><br \/>(-17 for losing)\n|raw|SnoozSeal's rating: 1411 &rarr; <strong>1428<\/strong><br \/>(+17 for winning)\n|l|\u2606Elitefourduke\n","uploadtime":1700578730,"views":2,"p1id":"elitefourduke","p2id":"snoozseal","formatid":"gen9ou","rating":1340,"private":0,"password":""}