{"id":"gen9ou-1995430867","p1":"Dadben","p2":"jzhuc1841","format":"[Gen 9] OU","log":"|j|\u2606Dadben\n|j|\u2606jzhuc1841\n|t:|1700569875\n|gametype|singles\n|player|p1|Dadben|fisherman-gen4|1556\n|player|p2|jzhuc1841|hilbert-wonderlauncher|1602\n|teamsize|p1|6\n|teamsize|p2|6\n|gen|9\n|tier|[Gen 9] OU\n|rated|\n|rule|Sleep Clause Mod: Limit one foe put to sleep\n|rule|Species Clause: Limit one of each Pok\u00e9mon\n|rule|OHKO Clause: OHKO moves are banned\n|rule|Evasion Items Clause: Evasion items are banned\n|rule|Evasion Moves Clause: Evasion moves are banned\n|rule|Endless Battle Clause: Forcing endless battles is banned\n|rule|HP Percentage Mod: HP is shown in percentages\n|clearpoke\n|poke|p1|Pelipper, F|\n|poke|p1|Tyranitar, F|\n|poke|p1|Corviknight, F|\n|poke|p1|Clodsire, M|\n|poke|p1|Barraskewda, M|\n|poke|p1|Basculegion-F, F|\n|poke|p2|Ogerpon-Wellspring, F|\n|poke|p2|Kingambit, M|\n|poke|p2|Iron Moth|\n|poke|p2|Iron Valiant|\n|poke|p2|Zamazenta-*|\n|poke|p2|Glimmora, M|\n|teampreview\n|inactive|Battle timer is ON: inactive players will automatically lose when time's up. (requested by Dadben)\n|\n|t:|1700569884\n|start\n|switch|p1a: Pelipper|Pelipper, F|100\/100\n|switch|p2a: Glimmora|Glimmora, M|100\/100\n|-weather|RainDance|[from] ability: Drizzle|[of] p1a: Pelipper\n|-item|p2a: Glimmora|Air Balloon\n|turn|1\n|\n|t:|1700569889\n|move|p1a: Pelipper|Surf|p2a: Glimmora\n|-supereffective|p2a: Glimmora\n|-damage|p2a: Glimmora|0 fnt\n|-enditem|p2a: Glimmora|Air Balloon\n|faint|p2a: Glimmora\n|\n|-weather|RainDance|[upkeep]\n|upkeep\n|\n|t:|1700569896\n|switch|p2a: Iron Valiant|Iron Valiant|100\/100\n|-enditem|p2a: Iron Valiant|Booster Energy\n|-activate|p2a: Iron Valiant|ability: Quark Drive|[fromitem]\n|-start|p2a: Iron Valiant|quarkdrivespe\n|turn|2\n|\n|t:|1700569908\n|switch|p1a: Corviknight|Corviknight, F|100\/100\n|-ability|p1a: Corviknight|Pressure\n|move|p2a: Iron Valiant|Thunderbolt|p1a: Corviknight\n|-supereffective|p1a: Corviknight\n|-damage|p1a: Corviknight|63\/100\n|\n|-weather|RainDance|[upkeep]\n|upkeep\n|turn|3\n|\n|t:|1700569918\n|switch|p1a: Clodsire|Clodsire, M|100\/100\n|move|p2a: Iron Valiant|Thunderbolt|p1a: Clodsire\n|-immune|p1a: Clodsire\n|\n|-weather|RainDance|[upkeep]\n|upkeep\n|turn|4\n|\n|t:|1700569921\n|move|p2a: Iron Valiant|Psyshock|p1a: Clodsire\n|-supereffective|p1a: Clodsire\n|-damage|p1a: Clodsire|66\/100\n|move|p1a: Clodsire|Spikes|p2a: Iron Valiant\n|-sidestart|p2: jzhuc1841|Spikes\n|\n|-weather|RainDance|[upkeep]\n|-heal|p1a: Clodsire|72\/100|[from] item: Black Sludge\n|upkeep\n|turn|5\n|\n|t:|1700569926\n|move|p2a: Iron Valiant|Calm Mind|p2a: Iron Valiant\n|-boost|p2a: Iron Valiant|spa|1\n|-boost|p2a: Iron Valiant|spd|1\n|move|p1a: Clodsire|Acid Spray|p2a: Iron Valiant\n|-supereffective|p2a: Iron Valiant\n|-damage|p2a: Iron Valiant|82\/100\n|-unboost|p2a: Iron Valiant|spd|2\n|\n|-weather|none\n|-heal|p1a: Clodsire|78\/100|[from] item: Black Sludge\n|upkeep\n|turn|6\n|\n|t:|1700569931\n|switch|p1a: Pelipper|Pelipper, F|100\/100\n|-weather|RainDance|[from] ability: Drizzle|[of] p1a: Pelipper\n|move|p2a: Iron Valiant|Psyshock|p1a: Pelipper\n|-damage|p1a: Pelipper|50\/100\n|\n|-weather|RainDance|[upkeep]\n|upkeep\n|turn|7\n|\n|t:|1700569938\n|switch|p1a: Corviknight|Corviknight, F|63\/100\n|-ability|p1a: Corviknight|Pressure\n|move|p2a: Iron Valiant|Thunderbolt|p1a: Corviknight\n|-supereffective|p1a: Corviknight\n|-damage|p1a: Corviknight|0 fnt\n|faint|p1a: Corviknight\n|\n|-weather|RainDance|[upkeep]\n|upkeep\n|\n|t:|1700569941\n|switch|p1a: Barraskewda|Barraskewda, M|100\/100\n|turn|8\n|\n|t:|1700569951\n|-end|p2a: Iron Valiant|Quark Drive|[silent]\n|switch|p2a: Ogerpon|Ogerpon-Wellspring, F|100\/100\n|-damage|p2a: Ogerpon|88\/100|[from] Spikes\n|move|p1a: Barraskewda|Psychic Fangs|p2a: Ogerpon\n|-damage|p2a: Ogerpon|53\/100\n|\n|-weather|RainDance|[upkeep]\n|upkeep\n|turn|9\n|\n|t:|1700569961\n|move|p1a: Barraskewda|Close Combat|p2a: Ogerpon\n|-damage|p2a: Ogerpon|2\/100\n|-unboost|p1a: Barraskewda|def|1\n|-unboost|p1a: Barraskewda|spd|1\n|move|p2a: Ogerpon|Horn Leech|p1a: Barraskewda\n|-supereffective|p1a: Barraskewda\n|-crit|p1a: Barraskewda\n|-damage|p1a: Barraskewda|0 fnt\n|-heal|p2a: Ogerpon|46\/100|[from] drain|[of] p1a: Barraskewda\n|faint|p1a: Barraskewda\n|\n|-weather|RainDance|[upkeep]\n|upkeep\n|\n|t:|1700569972\n|switch|p1a: Pelipper|Pelipper, F|50\/100\n|turn|10\n|\n|t:|1700569987\n|move|p1a: Pelipper|Hurricane|p2a: Ogerpon\n|-supereffective|p2a: Ogerpon\n|-damage|p2a: Ogerpon|0 fnt\n|faint|p2a: Ogerpon\n|\n|-weather|none\n|upkeep\n|\n|t:|1700569990\n|switch|p2a: Iron Moth|Iron Moth|100\/100\n|-damage|p2a: Iron Moth|88\/100|[from] Spikes\n|-enditem|p2a: Iron Moth|Booster Energy\n|-activate|p2a: Iron Moth|ability: Quark Drive|[fromitem]\n|-start|p2a: Iron Moth|quarkdrivespe\n|turn|11\n|\n|t:|1700569998\n|switch|p1a: Tyranitar|Tyranitar, F|100\/100\n|-weather|Sandstorm|[from] ability: Sand Stream|[of] p1a: Tyranitar\n|move|p2a: Iron Moth|Fiery Dance|p1a: Tyranitar\n|-resisted|p1a: Tyranitar\n|-damage|p1a: Tyranitar|92\/100\n|\n|-weather|Sandstorm|[upkeep]\n|-damage|p2a: Iron Moth|82\/100|[from] Sandstorm\n|-heal|p1a: Tyranitar|98\/100|[from] item: Leftovers\n|upkeep\n|turn|12\n|\n|t:|1700570007\n|-terastallize|p2a: Iron Moth|Grass\n|move|p2a: Iron Moth|Energy Ball|p1a: Tyranitar\n|-supereffective|p1a: Tyranitar\n|-damage|p1a: Tyranitar|54\/100\n|move|p1a: Tyranitar|Stealth Rock|p2a: Iron Moth\n|-sidestart|p2: jzhuc1841|move: Stealth Rock\n|\n|-weather|Sandstorm|[upkeep]\n|-damage|p2a: Iron Moth|76\/100|[from] Sandstorm\n|-heal|p1a: Tyranitar|61\/100|[from] item: Leftovers\n|upkeep\n|turn|13\n|\n|t:|1700570014\n|move|p2a: Iron Moth|Energy Ball|p1a: Tyranitar\n|-supereffective|p1a: Tyranitar\n|-damage|p1a: Tyranitar|20\/100\n|move|p1a: Tyranitar|Rock Blast|p2a: Iron Moth\n|-crit|p2a: Iron Moth\n|-damage|p2a: Iron Moth|50\/100\n|-damage|p2a: Iron Moth|34\/100\n|-hitcount|p2a: Iron Moth|2\n|\n|-weather|Sandstorm|[upkeep]\n|-damage|p2a: Iron Moth|28\/100|[from] Sandstorm\n|-heal|p1a: Tyranitar|26\/100|[from] item: Leftovers\n|upkeep\n|turn|14\n|\n|t:|1700570021\n|-terastallize|p1a: Tyranitar|Steel\n|move|p2a: Iron Moth|Energy Ball|p1a: Tyranitar\n|-resisted|p1a: Tyranitar\n|-damage|p1a: Tyranitar|10\/100\n|move|p1a: Tyranitar|Rock Blast|p2a: Iron Moth\n|-damage|p2a: Iron Moth|11\/100\n|-damage|p2a: Iron Moth|0 fnt\n|faint|p2a: Iron Moth\n|-end|p2a: Iron Moth|Quark Drive|[silent]\n|-hitcount|p2: Iron Moth|2\n|\n|-weather|Sandstorm|[upkeep]\n|-heal|p1a: Tyranitar|16\/100|[from] item: Leftovers\n|upkeep\n|\n|t:|1700570028\n|switch|p2a: Zamazenta|Zamazenta|100\/100\n|-damage|p2a: Zamazenta|88\/100|[from] Spikes\n|-damage|p2a: Zamazenta|82\/100|[from] Stealth Rock\n|-ability|p2a: Zamazenta|Dauntless Shield|boost\n|-boost|p2a: Zamazenta|def|1\n|turn|15\n|\n|t:|1700570034\n|switch|p1a: Pelipper|Pelipper, F|50\/100\n|-weather|RainDance|[from] ability: Drizzle|[of] p1a: Pelipper\n|move|p2a: Zamazenta|Iron Defense|p2a: Zamazenta\n|-boost|p2a: Zamazenta|def|2\n|\n|-weather|RainDance|[upkeep]\n|-heal|p2a: Zamazenta|88\/100|[from] item: Leftovers\n|upkeep\n|turn|16\n|\n|t:|1700570040\n|move|p1a: Pelipper|Hurricane|p2a: Zamazenta\n|-supereffective|p2a: Zamazenta\n|-crit|p2a: Zamazenta\n|-damage|p2a: Zamazenta|0 fnt\n|faint|p2a: Zamazenta\n|\n|-weather|RainDance|[upkeep]\n|upkeep\n|\n|t:|1700570044\n|switch|p2a: Kingambit|Kingambit, M|100\/100\n|-damage|p2a: Kingambit|88\/100|[from] Spikes\n|-damage|p2a: Kingambit|82\/100|[from] Stealth Rock\n|-activate|p2a: Kingambit|ability: Supreme Overlord\n|-start|p2a: Kingambit|fallen4|[silent]\n|turn|17\n|\n|t:|1700570048\n|switch|p1a: Clodsire|Clodsire, M|78\/100\n|move|p2a: Kingambit|Kowtow Cleave|p1a: Clodsire\n|-damage|p1a: Clodsire|25\/100\n|\n|-weather|RainDance|[upkeep]\n|-heal|p1a: Clodsire|32\/100|[from] item: Black Sludge\n|upkeep\n|turn|18\n|\n|t:|1700570054\n|move|p2a: Kingambit|Kowtow Cleave|p1a: Clodsire\n|-damage|p1a: Clodsire|0 fnt\n|faint|p1a: Clodsire\n|\n|-weather|RainDance|[upkeep]\n|upkeep\n|\n|t:|1700570056\n|switch|p1a: Basculegion|Basculegion-F, F|100\/100\n|turn|19\n|\n|t:|1700570061\n|move|p2a: Kingambit|Sucker Punch||[still]\n|-fail|p2a: Kingambit\n|move|p1a: Basculegion|Substitute|p1a: Basculegion\n|-start|p1a: Basculegion|Substitute\n|-damage|p1a: Basculegion|76\/100\n|\n|-weather|none\n|-heal|p1a: Basculegion|82\/100|[from] item: Leftovers\n|upkeep\n|turn|20\n|\n|t:|1700570065\n|move|p1a: Basculegion|Surf|p2a: Kingambit\n|-damage|p2a: Kingambit|35\/100\n|move|p2a: Kingambit|Kowtow Cleave|p1a: Basculegion\n|-supereffective|p1a: Basculegion\n|-end|p1a: Basculegion|Substitute\n|\n|-heal|p1a: Basculegion|88\/100|[from] item: Leftovers\n|upkeep\n|turn|21\n|\n|t:|1700570073\n|switch|p1a: Tyranitar|Tyranitar, F, tera:Steel|16\/100\n|-weather|Sandstorm|[from] ability: Sand Stream|[of] p1a: Tyranitar\n|move|p2a: Kingambit|Kowtow Cleave|p1a: Tyranitar\n|-damage|p1a: Tyranitar|0 fnt\n|faint|p1a: Tyranitar\n|\n|-weather|Sandstorm|[upkeep]\n|upkeep\n|\n|t:|1700570082\n|switch|p1a: Basculegion|Basculegion-F, F|88\/100\n|turn|22\n|\n|t:|1700570089\n|move|p1a: Basculegion|Substitute|p1a: Basculegion\n|-start|p1a: Basculegion|Substitute\n|-damage|p1a: Basculegion|63\/100\n|move|p2a: Kingambit|Kowtow Cleave|p1a: Basculegion\n|-supereffective|p1a: Basculegion\n|-end|p1a: Basculegion|Substitute\n|\n|-weather|Sandstorm|[upkeep]\n|-damage|p1a: Basculegion|57\/100|[from] Sandstorm\n|-heal|p1a: Basculegion|63\/100|[from] item: Leftovers\n|upkeep\n|turn|23\n|\n|t:|1700570096\n|move|p1a: Basculegion|Substitute|p1a: Basculegion\n|-start|p1a: Basculegion|Substitute\n|-damage|p1a: Basculegion|38\/100\n|move|p2a: Kingambit|Kowtow Cleave|p1a: Basculegion\n|-supereffective|p1a: Basculegion\n|-end|p1a: Basculegion|Substitute\n|\n|-weather|Sandstorm|[upkeep]\n|-damage|p1a: Basculegion|32\/100|[from] Sandstorm\n|-heal|p1a: Basculegion|38\/100|[from] item: Leftovers\n|upkeep\n|turn|24\n|\n|t:|1700570103\n|move|p1a: Basculegion|Substitute|p1a: Basculegion\n|-start|p1a: Basculegion|Substitute\n|-damage|p1a: Basculegion|13\/100\n|move|p2a: Kingambit|Kowtow Cleave|p1a: Basculegion\n|-supereffective|p1a: Basculegion\n|-end|p1a: Basculegion|Substitute\n|\n|-weather|Sandstorm|[upkeep]\n|-damage|p1a: Basculegion|7\/100|[from] Sandstorm\n|-heal|p1a: Basculegion|13\/100|[from] item: Leftovers\n|upkeep\n|turn|25\n|\n|t:|1700570112\n|move|p2a: Kingambit|Sucker Punch||[still]\n|-fail|p2a: Kingambit\n|move|p1a: Basculegion|Agility|p1a: Basculegion\n|-boost|p1a: Basculegion|spe|2\n|\n|-weather|none\n|-heal|p1a: Basculegion|19\/100|[from] item: Leftovers\n|upkeep\n|turn|26\n|\n|t:|1700570122\n|move|p1a: Basculegion|Agility|p1a: Basculegion\n|-boost|p1a: Basculegion|spe|2\n|move|p2a: Kingambit|Kowtow Cleave|p1a: Basculegion\n|-supereffective|p1a: Basculegion\n|-damage|p1a: Basculegion|0 fnt\n|faint|p1a: Basculegion\n|\n|upkeep\n|-message|Dadben forfeited.\n|\n|win|jzhuc1841\n|raw|Dadben's rating: 1556 &rarr; <strong>1539<\/strong><br \/>(-17 for losing)\n|raw|jzhuc1841's rating: 1602 &rarr; <strong>1619<\/strong><br \/>(+17 for winning)\n|l|\u2606Dadben\n","uploadtime":1700570135,"views":4,"p1id":"dadben","p2id":"jzhuc1841","formatid":"gen9ou","rating":1539,"private":0,"password":""}