{"id":"gen9ou-1990460514","p1":"mikekungpd","p2":"Valar2003","format":"[Gen 9] OU","log":"|j|\u2606mikekungpd\n|j|\u2606Valar2003\n|t:|1699973060\n|gametype|singles\n|player|p1|mikekungpd|102|1107\n|player|p2|Valar2003|drayden|1135\n|teamsize|p1|6\n|teamsize|p2|6\n|gen|9\n|tier|[Gen 9] OU\n|rated|\n|rule|Sleep Clause Mod: Limit one foe put to sleep\n|rule|Species Clause: Limit one of each Pok\u00e9mon\n|rule|OHKO Clause: OHKO moves are banned\n|rule|Evasion Items Clause: Evasion items are banned\n|rule|Evasion Moves Clause: Evasion moves are banned\n|rule|Endless Battle Clause: Forcing endless battles is banned\n|rule|HP Percentage Mod: HP is shown in percentages\n|clearpoke\n|poke|p1|Grafaiai, F|\n|poke|p1|Ribombee, F|\n|poke|p1|Garchomp, F|\n|poke|p1|Iron Valiant|\n|poke|p1|Rotom-Wash|\n|poke|p1|Heatran, F|\n|poke|p2|Pelipper, F|\n|poke|p2|Gholdengo|\n|poke|p2|Iron Treads|\n|poke|p2|Heatran, F|\n|poke|p2|Toxapex, M|\n|poke|p2|Ogerpon-Wellspring, F|\n|teampreview\n|inactive|Battle timer is ON: inactive players will automatically lose when time's up. (requested by Valar2003)\n|inactive|Valar2003 has 120 seconds left.\n|\n|t:|1699973092\n|start\n|switch|p1a: Heatran|Heatran, F|100\/100\n|switch|p2a: Heatran|Heatran, F|100\/100\n|turn|1\n|\n|t:|1699973105\n|move|p1a: Heatran|Earth Power|p2a: Heatran\n|-supereffective|p2a: Heatran\n|-damage|p2a: Heatran|13\/100\n|move|p2a: Heatran|Earth Power|p1a: Heatran\n|-supereffective|p1a: Heatran\n|-damage|p1a: Heatran|39\/100\n|-unboost|p1a: Heatran|spd|1\n|\n|-heal|p2a: Heatran|20\/100|[from] item: Leftovers\n|upkeep\n|turn|2\n|\n|t:|1699973116\n|switch|p2a: Pelipper|Pelipper, F, shiny|100\/100\n|-weather|RainDance|[from] ability: Drizzle|[of] p2a: Pelipper\n|move|p1a: Heatran|Tera Blast|p2a: Pelipper\n|-damage|p2a: Pelipper|48\/100\n|\n|-weather|RainDance|[upkeep]\n|upkeep\n|turn|3\n|\n|t:|1699973126\n|switch|p1a: Rotom|Rotom-Wash|100\/100\n|move|p2a: Pelipper|Surf|p1a: Rotom\n|-resisted|p1a: Rotom\n|-damage|p1a: Rotom|64\/100\n|\n|-weather|RainDance|[upkeep]\n|-heal|p1a: Rotom|70\/100|[from] item: Leftovers\n|upkeep\n|turn|4\n|\n|t:|1699973140\n|switch|p2a: Heatran|Heatran, F|20\/100\n|move|p1a: Rotom|Volt Switch|p2a: Heatran\n|-damage|p2a: Heatran|2\/100\n|\n|t:|1699973145\n|switch|p1a: Grafaiai|Grafaiai, F|100\/100|[from] Volt Switch\n|\n|-weather|RainDance|[upkeep]\n|-heal|p2a: Heatran|8\/100|[from] item: Leftovers\n|upkeep\n|turn|5\n|\n|t:|1699973150\n|move|p1a: Grafaiai|Copycat|p1a: Grafaiai\n|move|p1a: Grafaiai|Volt Switch|p2a: Heatran|[from]move: Copycat\n|-damage|p2a: Heatran|0 fnt\n|faint|p2a: Heatran\n|\n|t:|1699973159\n|switch|p1a: Ribombee|Ribombee, F, shiny|100\/100|[from] Volt Switch\n|\n|-weather|RainDance|[upkeep]\n|upkeep\n|\n|t:|1699973167\n|switch|p2a: Toxapex|Toxapex, M|100\/100\n|turn|6\n|\n|t:|1699973174\n|move|p1a: Ribombee|Sticky Web|p2a: Toxapex\n|-sidestart|p2: Valar2003|move: Sticky Web\n|move|p2a: Toxapex|Toxic|p1a: Ribombee\n|-status|p1a: Ribombee|tox\n|\n|-weather|none\n|-damage|p1a: Ribombee|94\/100 tox|[from] psn\n|upkeep\n|turn|7\n|\n|t:|1699973180\n|move|p1a: Ribombee|Moonblast|p2a: Toxapex\n|-resisted|p2a: Toxapex\n|-damage|p2a: Toxapex|84\/100\n|move|p2a: Toxapex|Liquidation|p1a: Ribombee\n|-damage|p1a: Ribombee|42\/100 tox\n|\n|-heal|p2a: Toxapex|90\/100|[from] item: Leftovers\n|-damage|p1a: Ribombee|30\/100 tox|[from] psn\n|upkeep\n|turn|8\n|\n|t:|1699973188\n|move|p1a: Ribombee|Stun Spore|p2a: Toxapex\n|-status|p2a: Toxapex|par\n|move|p2a: Toxapex|Liquidation|p1a: Ribombee\n|-damage|p1a: Ribombee|0 fnt\n|faint|p1a: Ribombee\n|\n|-heal|p2a: Toxapex|96\/100 par|[from] item: Leftovers\n|upkeep\n|\n|t:|1699973207\n|switch|p1a: Rotom|Rotom-Wash|70\/100\n|turn|9\n|\n|t:|1699973212\n|move|p1a: Rotom|Discharge|p2a: Toxapex\n|-supereffective|p2a: Toxapex\n|-damage|p2a: Toxapex|38\/100 par\n|cant|p2a: Toxapex|par\n|\n|-heal|p1a: Rotom|76\/100|[from] item: Leftovers\n|-heal|p2a: Toxapex|45\/100 par|[from] item: Leftovers\n|upkeep\n|turn|10\n|\n|t:|1699973219\n|switch|p2a: Iron Treads|Iron Treads, shiny|100\/100\n|-activate|p2a: Iron Treads|move: Sticky Web\n|-unboost|p2a: Iron Treads|spe|1\n|-enditem|p2a: Iron Treads|Booster Energy\n|-activate|p2a: Iron Treads|ability: Quark Drive|[fromitem]\n|-start|p2a: Iron Treads|quarkdriveatk\n|move|p1a: Rotom|Volt Switch|p2a: Iron Treads\n|-immune|p2a: Iron Treads\n|\n|-heal|p1a: Rotom|82\/100|[from] item: Leftovers\n|upkeep\n|turn|11\n|\n|t:|1699973247\n|move|p1a: Rotom|Hydro Pump|p2a: Iron Treads|[miss]\n|-miss|p1a: Rotom|p2a: Iron Treads\n|move|p2a: Iron Treads|Heavy Slam|p1a: Rotom\n|-resisted|p1a: Rotom\n|-damage|p1a: Rotom|59\/100\n|\n|-heal|p1a: Rotom|66\/100|[from] item: Leftovers\n|upkeep\n|turn|12\n|\n|t:|1699973255\n|move|p1a: Rotom|Hydro Pump|p2a: Iron Treads\n|-supereffective|p2a: Iron Treads\n|-damage|p2a: Iron Treads|0 fnt\n|faint|p2a: Iron Treads\n|-end|p2a: Iron Treads|Quark Drive|[silent]\n|\n|-heal|p1a: Rotom|72\/100|[from] item: Leftovers\n|upkeep\n|\n|t:|1699973262\n|switch|p2a: Toxapex|Toxapex, M|78\/100 par\n|-activate|p2a: Toxapex|move: Sticky Web\n|-unboost|p2a: Toxapex|spe|1\n|turn|13\n|\n|t:|1699973270\n|move|p1a: Rotom|Discharge|p2a: Toxapex\n|-supereffective|p2a: Toxapex\n|-damage|p2a: Toxapex|13\/100 par\n|move|p2a: Toxapex|Toxic|p1a: Rotom\n|-status|p1a: Rotom|tox\n|\n|-heal|p1a: Rotom|78\/100 tox|[from] item: Leftovers\n|-heal|p2a: Toxapex|19\/100 par|[from] item: Leftovers\n|-damage|p1a: Rotom|72\/100 tox|[from] psn\n|upkeep\n|turn|14\n|\n|t:|1699973280\n|move|p2a: Toxapex|Baneful Bunker|p2a: Toxapex\n|-singleturn|p2a: Toxapex|move: Protect\n|move|p1a: Rotom|Volt Switch|p2a: Toxapex\n|-activate|p2a: Toxapex|move: Protect\n|\n|-heal|p1a: Rotom|78\/100 tox|[from] item: Leftovers\n|-heal|p2a: Toxapex|25\/100 par|[from] item: Leftovers\n|-damage|p1a: Rotom|66\/100 tox|[from] psn\n|upkeep\n|turn|15\n|\n|t:|1699973291\n|switch|p2a: Ogerpon|Ogerpon-Wellspring, F|100\/100\n|-activate|p2a: Ogerpon|move: Sticky Web\n|-unboost|p2a: Ogerpon|spe|1\n|move|p1a: Rotom|Volt Switch|p2a: Ogerpon\n|-damage|p2a: Ogerpon|68\/100\n|\n|t:|1699973314\n|switch|p1a: Grafaiai|Grafaiai, F|100\/100|[from] Volt Switch\n|\n|upkeep\n|turn|16\n|\n|t:|1699973325\n|-terastallize|p2a: Ogerpon|Water\n|detailschange|p2a: Ogerpon|Ogerpon-Wellspring-Tera, F, tera:Water\n|-ability|p2a: Ogerpon|Embody Aspect (Wellspring)|boost\n|-boost|p2a: Ogerpon|spd|1\n|move|p1a: Grafaiai|Gunk Shot|p2a: Ogerpon\n|-damage|p2a: Ogerpon|15\/100\n|move|p2a: Ogerpon|Swords Dance|p2a: Ogerpon\n|-boost|p2a: Ogerpon|atk|2\n|\n|upkeep\n|turn|17\n|\n|t:|1699973337\n|move|p1a: Grafaiai|Knock Off|p2a: Ogerpon\n|-damage|p2a: Ogerpon|0 fnt\n|faint|p2a: Ogerpon\n|\n|upkeep\n|\n|t:|1699973342\n|switch|p2a: Pelipper|Pelipper, F, shiny|48\/100\n|-weather|RainDance|[from] ability: Drizzle|[of] p2a: Pelipper\n|turn|18\n|\n|t:|1699973349\n|move|p1a: Grafaiai|Copycat|p1a: Grafaiai\n|move|p1a: Grafaiai|Knock Off|p2a: Pelipper|[from]move: Copycat\n|-damage|p2a: Pelipper|7\/100\n|-enditem|p2a: Pelipper|Choice Scarf|[from] move: Knock Off|[of] p1a: Grafaiai\n|move|p2a: Pelipper|Hurricane|p1a: Grafaiai\n|-damage|p1a: Grafaiai|23\/100\n|\n|-weather|RainDance|[upkeep]\n|upkeep\n|turn|19\n|\n|t:|1699973368\n|switch|p2a: Toxapex|Toxapex, M|58\/100 par\n|-activate|p2a: Toxapex|move: Sticky Web\n|-unboost|p2a: Toxapex|spe|1\n|move|p1a: Grafaiai|Copycat|p1a: Grafaiai\n|move|p1a: Grafaiai|Hurricane|p2a: Toxapex|[from]move: Copycat\n|-damage|p2a: Toxapex|37\/100 par\n|\n|-weather|RainDance|[upkeep]\n|-heal|p2a: Toxapex|43\/100 par|[from] item: Leftovers\n|upkeep\n|turn|20\n|\n|t:|1699973384\n|move|p1a: Grafaiai|Knock Off|p2a: Toxapex\n|-damage|p2a: Toxapex|23\/100 par\n|-enditem|p2a: Toxapex|Leftovers|[from] move: Knock Off|[of] p1a: Grafaiai\n|move|p2a: Toxapex|Recover|p2a: Toxapex\n|-heal|p2a: Toxapex|73\/100 par\n|\n|-weather|RainDance|[upkeep]\n|upkeep\n|turn|21\n|\n|t:|1699973392\n|move|p1a: Grafaiai|Copycat|p1a: Grafaiai\n|move|p1a: Grafaiai|Recover|p1a: Grafaiai|[from]move: Copycat\n|-heal|p1a: Grafaiai|73\/100\n|move|p2a: Toxapex|Liquidation|p1a: Grafaiai\n|-damage|p1a: Grafaiai|0 fnt\n|faint|p1a: Grafaiai\n|\n|-weather|RainDance|[upkeep]\n|upkeep\n|\n|t:|1699973401\n|switch|p1a: Rotom|Rotom-Wash|66\/100 tox\n|turn|22\n|\n|t:|1699973406\n|move|p2a: Toxapex|Baneful Bunker|p2a: Toxapex\n|-singleturn|p2a: Toxapex|move: Protect\n|move|p1a: Rotom|Discharge|p2a: Toxapex\n|-activate|p2a: Toxapex|move: Protect\n|\n|-weather|none\n|-heal|p1a: Rotom|72\/100 tox|[from] item: Leftovers\n|-damage|p1a: Rotom|66\/100 tox|[from] psn\n|upkeep\n|turn|23\n|\n|t:|1699973414\n|move|p1a: Rotom|Discharge|p2a: Toxapex\n|-supereffective|p2a: Toxapex\n|-damage|p2a: Toxapex|11\/100 par\n|cant|p2a: Toxapex|par\n|\n|-heal|p1a: Rotom|72\/100 tox|[from] item: Leftovers\n|-damage|p1a: Rotom|59\/100 tox|[from] psn\n|upkeep\n|turn|24\n|\n|t:|1699973421\n|move|p2a: Toxapex|Baneful Bunker|p2a: Toxapex\n|-singleturn|p2a: Toxapex|move: Protect\n|move|p1a: Rotom|Discharge|p2a: Toxapex\n|-activate|p2a: Toxapex|move: Protect\n|\n|-heal|p1a: Rotom|66\/100 tox|[from] item: Leftovers\n|-damage|p1a: Rotom|47\/100 tox|[from] psn\n|upkeep\n|turn|25\n|\n|t:|1699973442\n|switch|p2a: Pelipper|Pelipper, F, shiny|7\/100\n|-weather|RainDance|[from] ability: Drizzle|[of] p2a: Pelipper\n|move|p1a: Rotom|Volt Switch|p2a: Pelipper\n|-supereffective|p2a: Pelipper\n|-damage|p2a: Pelipper|0 fnt\n|faint|p2a: Pelipper\n|\n|t:|1699973452\n|switch|p1a: Heatran|Heatran, F|39\/100|[from] Volt Switch\n|\n|-weather|RainDance|[upkeep]\n|upkeep\n|\n|t:|1699973456\n|switch|p2a: Toxapex|Toxapex, M|45\/100 par\n|-activate|p2a: Toxapex|move: Sticky Web\n|-unboost|p2a: Toxapex|spe|1\n|turn|26\n|\n|t:|1699973465\n|-terastallize|p1a: Heatran|Grass\n|move|p1a: Heatran|Tera Blast|p2a: Toxapex|[anim] Tera Blast Grass\n|-damage|p2a: Toxapex|5\/100 par\n|move|p2a: Toxapex|Liquidation|p1a: Heatran\n|-resisted|p1a: Heatran\n|-damage|p1a: Heatran|21\/100\n|\n|-weather|RainDance|[upkeep]\n|upkeep\n|turn|27\n|\n|t:|1699973474\n|switch|p2a: Gholdengo|Gholdengo|100\/100\n|-activate|p2a: Gholdengo|move: Sticky Web\n|-unboost|p2a: Gholdengo|spe|1\n|move|p1a: Heatran|Tera Blast|p2a: Gholdengo|[anim] Tera Blast Grass\n|-resisted|p2a: Gholdengo\n|-damage|p2a: Gholdengo|76\/100\n|\n|-weather|RainDance|[upkeep]\n|upkeep\n|turn|28\n|\n|t:|1699973488\n|move|p2a: Gholdengo|Dazzling Gleam|p1a: Heatran\n|-damage|p1a: Heatran|5\/100\n|move|p1a: Heatran|Earth Power|p2a: Gholdengo\n|-supereffective|p2a: Gholdengo\n|-damage|p2a: Gholdengo|1\/100\n|\n|-weather|RainDance|[upkeep]\n|upkeep\n|turn|29\n|\n|t:|1699973497\n|move|p2a: Gholdengo|Dazzling Gleam|p1a: Heatran\n|-damage|p1a: Heatran|0 fnt\n|faint|p1a: Heatran\n|\n|-weather|none\n|upkeep\n|\n|t:|1699973502\n|switch|p1a: Garchomp|Garchomp, F|100\/100\n|turn|30\n|\n|t:|1699973510\n|move|p1a: Garchomp|Earthquake|p2a: Gholdengo\n|-supereffective|p2a: Gholdengo\n|-damage|p2a: Gholdengo|0 fnt\n|faint|p2a: Gholdengo\n|\n|upkeep\n|-message|Valar2003 forfeited.\n|\n|win|mikekungpd\n|raw|mikekungpd's rating: 1107 &rarr; <strong>1134<\/strong><br \/>(+27 for winning)\n|raw|Valar2003's rating: 1135 &rarr; <strong>1108<\/strong><br \/>(-27 for losing)\n|l|\u2606Valar2003\n","uploadtime":1699973533,"views":9,"p1id":"mikekungpd","p2id":"valar2003","formatid":"gen9ou","rating":1108,"private":0,"password":""}