{"id":"gen9ou-1991665873","p1":"Audio Peel","p2":"alt no. 597","format":"[Gen 9] OU","log":"|j|\u2606Audio Peel\n|j|\u2606alt no. 597\n|t:|1700100230\n|gametype|singles\n|player|p1|Audio Peel|1|1778\n|player|p2|alt no. 597|acetrainersnowf|1776\n|teamsize|p1|6\n|teamsize|p2|6\n|gen|9\n|tier|[Gen 9] OU\n|rated|\n|rule|Sleep Clause Mod: Limit one foe put to sleep\n|rule|Species Clause: Limit one of each Pok\u00e9mon\n|rule|OHKO Clause: OHKO moves are banned\n|rule|Evasion Items Clause: Evasion items are banned\n|rule|Evasion Moves Clause: Evasion moves are banned\n|rule|Endless Battle Clause: Forcing endless battles is banned\n|rule|HP Percentage Mod: HP is shown in percentages\n|clearpoke\n|poke|p1|Rillaboom, M|\n|poke|p1|Sneasler, F|\n|poke|p1|Great Tusk|\n|poke|p1|Ogerpon-Cornerstone, F|\n|poke|p1|Iron Valiant|\n|poke|p1|Manaphy|\n|poke|p2|Tornadus-Therian, M|\n|poke|p2|Heatran, M|\n|poke|p2|Alomomola, F|\n|poke|p2|Great Tusk|\n|poke|p2|Garganacl, M|\n|poke|p2|Dragapult, F|\n|teampreview\n|j| Ctannn\n|j| PantyPhantom\n|\n|t:|1700100293\n|start\n|switch|p1a: trickle down|Manaphy|100\/100\n|switch|p2a: Heatran|Heatran, M|100\/100\n|-item|p2a: Heatran|Air Balloon\n|turn|1\n|\n|t:|1700100303\n|move|p1a: trickle down|Take Heart|p1a: trickle down\n|-boost|p1a: trickle down|spa|1\n|-boost|p1a: trickle down|spd|1\n|move|p2a: Heatran|Stealth Rock|p1a: trickle down\n|-sidestart|p1: Audio Peel|move: Stealth Rock\n|\n|upkeep\n|turn|2\n|\n|t:|1700100312\n|move|p1a: trickle down|Scald|p2a: Heatran\n|-supereffective|p2a: Heatran\n|-damage|p2a: Heatran|48\/100\n|-enditem|p2a: Heatran|Air Balloon\n|move|p2a: Heatran|Taunt|p1a: trickle down\n|-start|p1a: trickle down|move: Taunt\n|\n|upkeep\n|turn|3\n|\n|t:|1700100318\n|switch|p2a: Alomomola|Alomomola, F|100\/100\n|move|p1a: trickle down|Scald|p2a: Alomomola\n|-resisted|p2a: Alomomola\n|-damage|p2a: Alomomola|82\/100\n|-status|p2a: Alomomola|brn\n|-enditem|p2a: Alomomola|Red Card|[of] p1a: trickle down\n|drag|p1a: Ivy Cudgulus|Ogerpon-Cornerstone, F|100\/100\n|-damage|p1a: Ivy Cudgulus|88\/100|[from] Stealth Rock\n|\n|-damage|p2a: Alomomola|76\/100 brn|[from] brn\n|upkeep\n|turn|4\n|\n|t:|1700100327\n|move|p1a: Ivy Cudgulus|Ivy Cudgel|p2a: Alomomola|[anim] Ivy Cudgel Rock\n|-crit|p2a: Alomomola\n|-damage|p2a: Alomomola|21\/100 brn\n|move|p2a: Alomomola|Flip Turn|p1a: Ivy Cudgulus\n|-damage|p1a: Ivy Cudgulus|78\/100\n|j| CrowsBerserk\n|\n|t:|1700100371\n|switch|p2a: Garganacl|Garganacl, M|100\/100|[from] Flip Turn\n|\n|upkeep\n|turn|5\n|\n|t:|1700100384\n|-terastallize|p2a: Garganacl|Fairy\n|move|p1a: Ivy Cudgulus|Ivy Cudgel|p2a: Garganacl|[anim] Ivy Cudgel Rock\n|-damage|p2a: Garganacl|66\/100\n|move|p2a: Garganacl|Salt Cure|p1a: Ivy Cudgulus\n|-damage|p1a: Ivy Cudgulus|61\/100\n|-start|p1a: Ivy Cudgulus|Salt Cure\n|\n|-heal|p2a: Garganacl|73\/100|[from] item: Leftovers\n|-damage|p1a: Ivy Cudgulus|49\/100|[from] Salt Cure\n|upkeep\n|turn|6\n|\n|t:|1700100390\n|move|p1a: Ivy Cudgulus|Knock Off|p2a: Garganacl\n|-resisted|p2a: Garganacl\n|-damage|p2a: Garganacl|61\/100\n|-enditem|p2a: Garganacl|Leftovers|[from] move: Knock Off|[of] p1a: Ivy Cudgulus\n|move|p2a: Garganacl|Curse|p2a: Garganacl\n|-unboost|p2a: Garganacl|spe|1\n|-boost|p2a: Garganacl|atk|1\n|-boost|p2a: Garganacl|def|1\n|\n|-damage|p1a: Ivy Cudgulus|37\/100|[from] Salt Cure\n|upkeep\n|turn|7\n|\n|t:|1700100395\n|move|p1a: Ivy Cudgulus|Encore|p2a: Garganacl\n|-start|p2a: Garganacl|Encore\n|move|p2a: Garganacl|Curse|p2a: Garganacl\n|-unboost|p2a: Garganacl|spe|1\n|-boost|p2a: Garganacl|atk|1\n|-boost|p2a: Garganacl|def|1\n|\n|-damage|p1a: Ivy Cudgulus|24\/100|[from] Salt Cure\n|upkeep\n|turn|8\n|\n|t:|1700100400\n|switch|p2a: Dragapult|Dragapult, F|100\/100\n|move|p1a: Ivy Cudgulus|Spikes|p2a: Dragapult\n|-sidestart|p2: alt no. 597|Spikes\n|\n|-damage|p1a: Ivy Cudgulus|12\/100|[from] Salt Cure\n|upkeep\n|turn|9\n|\n|t:|1700100404\n|move|p2a: Dragapult|Shadow Ball|p1a: Ivy Cudgulus\n|-damage|p1a: Ivy Cudgulus|0 fnt\n|faint|p1a: Ivy Cudgulus\n|\n|upkeep\n|\n|t:|1700100420\n|switch|p1a: trickle down|Manaphy|100\/100\n|-damage|p1a: trickle down|88\/100|[from] Stealth Rock\n|turn|10\n|\n|t:|1700100422\n|move|p2a: Dragapult|Shadow Ball|p1a: trickle down\n|-damage|p1a: trickle down|44\/100\n|move|p1a: trickle down|Take Heart|p1a: trickle down\n|-boost|p1a: trickle down|spa|1\n|-boost|p1a: trickle down|spd|1\n|\n|-heal|p1a: trickle down|50\/100|[from] item: Leftovers\n|upkeep\n|turn|11\n|\n|t:|1700100428\n|move|p2a: Dragapult|Shadow Ball|p1a: trickle down\n|-damage|p1a: trickle down|19\/100\n|-unboost|p1a: trickle down|spd|1\n|move|p1a: trickle down|Rest|p1a: trickle down\n|-status|p1a: trickle down|slp|[from] move: Rest\n|-heal|p1a: trickle down|100\/100 slp|[silent]\n|\n|upkeep\n|turn|12\n|j| MobilePodBall\n|\n|t:|1700100439\n|move|p2a: Dragapult|Shadow Ball|p1a: trickle down\n|-damage|p1a: trickle down|59\/100 slp\n|-unboost|p1a: trickle down|spd|1\n|cant|p1a: trickle down|slp\n|move|p1a: trickle down|Sleep Talk|p1a: trickle down\n|move|p1a: trickle down|Take Heart|p1a: trickle down|[from]move: Sleep Talk\n|-boost|p1a: trickle down|spa|1\n|-boost|p1a: trickle down|spd|1\n|-curestatus|p1a: trickle down|slp|[msg]\n|\n|-heal|p1a: trickle down|65\/100|[from] item: Leftovers\n|upkeep\n|turn|13\n|\n|t:|1700100458\n|move|p2a: Dragapult|Shadow Ball|p1a: trickle down\n|-damage|p1a: trickle down|23\/100\n|-unboost|p1a: trickle down|spd|1\n|move|p1a: trickle down|Rest|p1a: trickle down\n|-status|p1a: trickle down|slp|[from] move: Rest\n|-heal|p1a: trickle down|100\/100 slp|[silent]\n|\n|upkeep\n|turn|14\n|c|\u2606Audio Peel|bruh\n|c|\u2606alt no. 597|serene grace pult go crazy\n|l| CrowsBerserk\n|l| MobilePodBall\n|\n|t:|1700100499\n|switch|p1a: Beezynomics|Rillaboom, M|100\/100\n|-damage|p1a: Beezynomics|88\/100|[from] Stealth Rock\n|-fieldstart|move: Grassy Terrain|[from] ability: Grassy Surge|[of] p1a: Beezynomics\n|move|p2a: Dragapult|Shadow Ball|p1a: Beezynomics\n|-damage|p1a: Beezynomics|13\/100\n|\n|-heal|p1a: Beezynomics|19\/100|[from] Grassy Terrain\n|upkeep\n|turn|15\n|\n|t:|1700100506\n|move|p2a: Dragapult|Shadow Ball|p1a: Beezynomics\n|-damage|p1a: Beezynomics|0 fnt\n|faint|p1a: Beezynomics\n|\n|upkeep\n|\n|t:|1700100509\n|switch|p1a: Sneezy outta here|Sneasler, F|100\/100\n|-damage|p1a: Sneezy outta here|95\/100|[from] Stealth Rock\n|-enditem|p1a: Sneezy outta here|Grassy Seed\n|-boost|p1a: Sneezy outta here|def|1|[from] item: Grassy Seed\n|turn|16\n|l| Ctannn\n|\n|t:|1700100512\n|-terastallize|p1a: Sneezy outta here|Dark\n|move|p1a: Sneezy outta here|Swords Dance|p1a: Sneezy outta here\n|-boost|p1a: Sneezy outta here|atk|2\n|move|p2a: Dragapult|Shadow Ball|p1a: Sneezy outta here\n|-resisted|p1a: Sneezy outta here\n|-damage|p1a: Sneezy outta here|59\/100\n|\n|-heal|p1a: Sneezy outta here|65\/100|[from] Grassy Terrain\n|upkeep\n|turn|17\n|\n|t:|1700100518\n|move|p1a: Sneezy outta here|Swords Dance|p1a: Sneezy outta here\n|-boost|p1a: Sneezy outta here|atk|2\n|move|p2a: Dragapult|Shadow Ball|p1a: Sneezy outta here\n|-resisted|p1a: Sneezy outta here\n|-damage|p1a: Sneezy outta here|31\/100\n|\n|-heal|p1a: Sneezy outta here|37\/100|[from] Grassy Terrain\n|upkeep\n|turn|18\n|\n|t:|1700100524\n|switch|p2a: Heatran|Heatran, M|48\/100\n|-damage|p2a: Heatran|35\/100|[from] Spikes\n|move|p1a: Sneezy outta here|Lash Out|p2a: Heatran\n|-damage|p2a: Heatran|0 fnt\n|faint|p2a: Heatran\n|\n|-heal|p1a: Sneezy outta here|43\/100|[from] Grassy Terrain\n|-fieldend|move: Grassy Terrain\n|upkeep\n|\n|t:|1700100536\n|switch|p2a: Garganacl|Garganacl, M, tera:Fairy|61\/100\n|-damage|p2a: Garganacl|49\/100|[from] Spikes\n|turn|19\n|\n|t:|1700100601\n|move|p1a: Sneezy outta here|Close Combat|p2a: Garganacl\n|-resisted|p2a: Garganacl\n|-damage|p2a: Garganacl|0 fnt\n|-unboost|p1a: Sneezy outta here|def|1\n|-unboost|p1a: Sneezy outta here|spd|1\n|faint|p2a: Garganacl\n|\n|upkeep\n|\n|t:|1700100614\n|switch|p2a: Tornadus|Tornadus-Therian, M|100\/100\n|turn|20\n|\n|t:|1700100617\n|move|p1a: Sneezy outta here|Lash Out|p2a: Tornadus\n|-damage|p2a: Tornadus|0 fnt\n|faint|p2a: Tornadus\n|\n|upkeep\n|\n|t:|1700100620\n|switch|p2a: Great Tusk|Great Tusk|100\/100\n|-damage|p2a: Great Tusk|88\/100|[from] Spikes\n|-enditem|p2a: Great Tusk|Booster Energy\n|-activate|p2a: Great Tusk|ability: Protosynthesis|[fromitem]\n|-start|p2a: Great Tusk|protosynthesisatk\n|turn|21\n|j| aketsuki\n|c|\u2606alt no. 597|gg\n|\n|t:|1700100623\n|move|p1a: Sneezy outta here|Close Combat|p2a: Great Tusk\n|-damage|p2a: Great Tusk|0 fnt\n|-unboost|p1a: Sneezy outta here|def|1\n|-unboost|p1a: Sneezy outta here|spd|1\n|faint|p2a: Great Tusk\n|-end|p2a: Great Tusk|Protosynthesis|[silent]\n|\n|upkeep\n|-message|alt no. 597 forfeited.\n|\n|win|Audio Peel\n|raw|Audio Peel's rating: 1778 &rarr; <strong>1798<\/strong><br \/>(+20 for winning)\n|raw|alt no. 597's rating: 1776 &rarr; <strong>1756<\/strong><br \/>(-20 for losing)\n|l|\u2606alt no. 597\n|c|\u2606Audio Peel|gg\n","uploadtime":1700100633,"views":13,"p1id":"audiopeel","p2id":"altno597","formatid":"gen9ou","rating":1756,"private":0,"password":""}