{"id":"gen9ou-1988951386","p1":"Nakafuyu Yuki","p2":"Ankakhang","format":"[Gen 9] OU","log":"|j|\u2606Nakafuyu Yuki\n|j|\u2606Ankakhang\n|t:|1699793446\n|gametype|singles\n|player|p1|Nakafuyu Yuki|2|\n|player|p2|Ankakhang|169|\n|teamsize|p1|6\n|teamsize|p2|6\n|gen|9\n|tier|[Gen 9] OU\n|rule|Sleep Clause Mod: Limit one foe put to sleep\n|rule|Species Clause: Limit one of each Pok\u00e9mon\n|rule|OHKO Clause: OHKO moves are banned\n|rule|Evasion Items Clause: Evasion items are banned\n|rule|Evasion Moves Clause: Evasion moves are banned\n|rule|Endless Battle Clause: Forcing endless battles is banned\n|rule|HP Percentage Mod: HP is shown in percentages\n|clearpoke\n|poke|p1|Slowking-Galar, M|\n|poke|p1|Clodsire, F|\n|poke|p1|Leavanny, F|\n|poke|p1|Polteageist|\n|poke|p1|Tinkaton, F|\n|poke|p1|Articuno-Galar|\n|poke|p2|Electrode-Hisui|\n|poke|p2|Great Tusk|\n|poke|p2|Samurott, M|\n|poke|p2|Chansey, F|\n|poke|p2|Mamoswine, M|\n|poke|p2|Sunflora, M|\n|teampreview\n|\n|t:|1699793452\n|start\n|switch|p1a: Clodsire|Clodsire, F|100\/100\n|switch|p2a: Electrode|Electrode-Hisui|100\/100\n|turn|1\n|\n|t:|1699793465\n|switch|p2a: Mamoswine|Mamoswine, M|100\/100\n|move|p1a: Clodsire|Spikes|p2a: Mamoswine\n|-sidestart|p2: Ankakhang|Spikes\n|\n|upkeep\n|turn|2\n|\n|t:|1699793472\n|move|p2a: Mamoswine|Icicle Crash|p1a: Clodsire\n|-supereffective|p1a: Clodsire\n|-damage|p1a: Clodsire|0 fnt\n|faint|p1a: Clodsire\n|\n|upkeep\n|\n|t:|1699793484\n|switch|p1a: Leavanny|Leavanny, F|100\/100\n|turn|3\n|\n|t:|1699793491\n|move|p1a: Leavanny|Sticky Web|p2a: Mamoswine\n|-sidestart|p2: Ankakhang|move: Sticky Web\n|move|p2a: Mamoswine|Icicle Crash|p1a: Leavanny|[miss]\n|-miss|p2a: Mamoswine|p1a: Leavanny\n|\n|upkeep\n|turn|4\n|\n|t:|1699793498\n|move|p1a: Leavanny|Leaf Blade|p2a: Mamoswine\n|-supereffective|p2a: Mamoswine\n|-damage|p2a: Mamoswine|25\/100\n|move|p2a: Mamoswine|Icicle Crash|p1a: Leavanny\n|-supereffective|p1a: Leavanny\n|-enditem|p1a: Leavanny|Focus Sash\n|-damage|p1a: Leavanny|1\/100\n|\n|-heal|p2a: Mamoswine|31\/100|[from] item: Leftovers\n|upkeep\n|turn|5\n|\n|t:|1699793510\n|move|p2a: Mamoswine|Ice Shard|p1a: Leavanny\n|-supereffective|p1a: Leavanny\n|-damage|p1a: Leavanny|0 fnt\n|faint|p1a: Leavanny\n|\n|-heal|p2a: Mamoswine|37\/100|[from] item: Leftovers\n|upkeep\n|\n|t:|1699793519\n|switch|p1a: Articuno|Articuno-Galar|100\/100\n|turn|6\n|\n|t:|1699793531\n|move|p2a: Mamoswine|Ice Shard|p1a: Articuno\n|-supereffective|p1a: Articuno\n|-damage|p1a: Articuno|48\/100\n|move|p1a: Articuno|U-turn|p2a: Mamoswine\n|-damage|p2a: Mamoswine|25\/100\n|\n|t:|1699793539\n|switch|p1a: Tinkaton|Tinkaton, F|100\/100|[from] U-turn\n|-ability|p1a: Tinkaton|Mold Breaker\n|\n|-heal|p2a: Mamoswine|31\/100|[from] item: Leftovers\n|upkeep\n|turn|7\n|\n|t:|1699793551\n|-terastallize|p1a: Tinkaton|Fairy\n|move|p2a: Mamoswine|Ice Shard|p1a: Tinkaton\n|-damage|p1a: Tinkaton|78\/100\n|move|p1a: Tinkaton|Play Rough|p2a: Mamoswine\n|-damage|p2a: Mamoswine|0 fnt\n|faint|p2a: Mamoswine\n|\n|-heal|p1a: Tinkaton|84\/100|[from] item: Leftovers\n|upkeep\n|\n|t:|1699793563\n|switch|p2a: Samurott|Samurott, M|100\/100\n|-damage|p2a: Samurott|88\/100|[from] Spikes\n|-activate|p2a: Samurott|move: Sticky Web\n|-unboost|p2a: Samurott|spe|1\n|turn|8\n|c|\u2606Ankakhang|\u00c0 m\u00e0 \u00f4ng bi\u1ebft c\u00e1i g\u00ec funny h\u01a1n n\u1eefa ko\n|\n|t:|1699793586\n|move|p1a: Tinkaton|Knock Off|p2a: Samurott\n|-damage|p2a: Samurott|75\/100\n|-enditem|p2a: Samurott|Life Orb|[from] move: Knock Off|[of] p1a: Tinkaton\n|move|p2a: Samurott|Hydro Pump|p1a: Tinkaton|[miss]\n|-miss|p2a: Samurott|p1a: Tinkaton\n|\n|-heal|p1a: Tinkaton|90\/100|[from] item: Leftovers\n|upkeep\n|turn|9\n|\n|t:|1699793595\n|move|p1a: Tinkaton|Play Rough|p2a: Samurott|[miss]\n|-miss|p1a: Tinkaton|p2a: Samurott\n|move|p2a: Samurott|Icy Wind|p1a: Tinkaton\n|-damage|p1a: Tinkaton|81\/100\n|-unboost|p1a: Tinkaton|spe|1\n|\n|-heal|p1a: Tinkaton|87\/100|[from] item: Leftovers\n|upkeep\n|turn|10\n|\n|t:|1699793623\n|switch|p1a: Slowking|Slowking-Galar, M|100\/100\n|move|p2a: Samurott|Hydro Pump|p1a: Slowking\n|-damage|p1a: Slowking|82\/100\n|\n|upkeep\n|turn|11\n|\n|t:|1699793660\n|switch|p2a: Chansey|Chansey, F|100\/100\n|-damage|p2a: Chansey|88\/100|[from] Spikes\n|-activate|p2a: Chansey|move: Sticky Web\n|-unboost|p2a: Chansey|spe|1\n|move|p1a: Slowking|Psychic|p2a: Chansey\n|-damage|p2a: Chansey|77\/100\n|\n|upkeep\n|turn|12\n|\n|t:|1699793673\n|switch|p1a: Polteageist|Polteageist|100\/100\n|move|p2a: Chansey|Thunder Wave|p1a: Polteageist\n|-status|p1a: Polteageist|par\n|\n|upkeep\n|turn|13\n|\n|t:|1699793685\n|switch|p2a: Great Tusk|Great Tusk|100\/100\n|-damage|p2a: Great Tusk|88\/100|[from] Spikes\n|-activate|p2a: Great Tusk|move: Sticky Web\n|-unboost|p2a: Great Tusk|spe|1\n|move|p1a: Polteageist|Shell Smash|p1a: Polteageist\n|-unboost|p1a: Polteageist|def|1\n|-unboost|p1a: Polteageist|spd|1\n|-boost|p1a: Polteageist|atk|2\n|-boost|p1a: Polteageist|spa|2\n|-boost|p1a: Polteageist|spe|2\n|\n|-heal|p2a: Great Tusk|94\/100|[from] item: Leftovers\n|upkeep\n|turn|14\n|\n|t:|1699793702\n|-end|p2a: Great Tusk|Protosynthesis|[silent]\n|switch|p2a: Samurott|Samurott, M|75\/100\n|-damage|p2a: Samurott|63\/100|[from] Spikes\n|-activate|p2a: Samurott|move: Sticky Web\n|-unboost|p2a: Samurott|spe|1\n|move|p1a: Polteageist|Shell Smash|p1a: Polteageist\n|-unboost|p1a: Polteageist|def|1\n|-unboost|p1a: Polteageist|spd|1\n|-boost|p1a: Polteageist|atk|2\n|-boost|p1a: Polteageist|spa|2\n|-boost|p1a: Polteageist|spe|2\n|\n|upkeep\n|turn|15\n|\n|t:|1699793716\n|move|p2a: Samurott|Aqua Jet|p1a: Polteageist\n|-damage|p1a: Polteageist|50\/100 par\n|-ability|p1a: Polteageist|Weak Armor|boost\n|-unboost|p1a: Polteageist|def|1\n|-boost|p1a: Polteageist|spe|2\n|move|p1a: Polteageist|Stored Power|p2a: Samurott\n|-damage|p2a: Samurott|0 fnt\n|faint|p2a: Samurott\n|\n|upkeep\n|\n|t:|1699793739\n|switch|p2a: Sunflora|Sunflora, M|100\/100\n|-damage|p2a: Sunflora|88\/100|[from] Spikes\n|-activate|p2a: Sunflora|move: Sticky Web\n|-unboost|p2a: Sunflora|spe|1\n|turn|16\n|\n|t:|1699793748\n|move|p1a: Polteageist|Stored Power|p2a: Sunflora\n|-damage|p2a: Sunflora|0 fnt\n|faint|p2a: Sunflora\n|\n|upkeep\n|\n|t:|1699793753\n|switch|p2a: Electrode|Electrode-Hisui|100\/100\n|-damage|p2a: Electrode|88\/100|[from] Spikes\n|-activate|p2a: Electrode|move: Sticky Web\n|-unboost|p2a: Electrode|spe|1\n|turn|17\n|\n|t:|1699793761\n|move|p1a: Polteageist|Stored Power|p2a: Electrode\n|-damage|p2a: Electrode|0 fnt\n|faint|p2a: Electrode\n|\n|upkeep\n|-message|Ankakhang forfeited.\n|\n|win|Nakafuyu Yuki\n|l|\u2606Ankakhang\n","uploadtime":1699793779,"views":31,"p1id":"nakafuyuyuki","p2id":"ankakhang","formatid":"gen9ou","rating":0,"private":0,"password":""}