{"id":"gen9ou-1997344095","p1":"ziyi1117","p2":"Gikbovlv","format":"[Gen 9] OU","log":"|j|\u2606ziyi1117\n|j|\u2606Gikbovlv\n|t:|1700791991\n|gametype|singles\n|player|p1|ziyi1117|linebacker|1140\n|player|p2|Gikbovlv|102|1213\n|teamsize|p1|6\n|teamsize|p2|6\n|gen|9\n|tier|[Gen 9] OU\n|rated|\n|rule|Sleep Clause Mod: Limit one foe put to sleep\n|rule|Species Clause: Limit one of each Pok\u00e9mon\n|rule|OHKO Clause: OHKO moves are banned\n|rule|Evasion Items Clause: Evasion items are banned\n|rule|Evasion Moves Clause: Evasion moves are banned\n|rule|Endless Battle Clause: Forcing endless battles is banned\n|rule|HP Percentage Mod: HP is shown in percentages\n|clearpoke\n|poke|p1|Zapdos|\n|poke|p1|Great Tusk|\n|poke|p1|Quaquaval, M|\n|poke|p1|Mimikyu, F|\n|poke|p1|Heatran, M|\n|poke|p1|Toxapex, M|\n|poke|p2|Salamence, F|\n|poke|p2|Meowscarada, M|\n|poke|p2|Pelipper, M|\n|poke|p2|Basculegion, M|\n|poke|p2|Iron Valiant|\n|poke|p2|Iron Treads|\n|teampreview\n|\n|t:|1700792001\n|start\n|switch|p1a: Zapdos|Zapdos|100\/100\n|switch|p2a: Pelipper|Pelipper, M|100\/100\n|-weather|RainDance|[from] ability: Drizzle|[of] p2a: Pelipper\n|turn|1\n|\n|t:|1700792012\n|switch|p2a: Iron Treads|Iron Treads|100\/100\n|move|p1a: Zapdos|Hurricane|p2a: Iron Treads\n|-resisted|p2a: Iron Treads\n|-damage|p2a: Iron Treads|83\/100\n|\n|-weather|RainDance|[upkeep]\n|-heal|p2a: Iron Treads|89\/100|[from] item: Leftovers\n|upkeep\n|turn|2\n|\n|t:|1700792024\n|switch|p1a: Quaquaval|Quaquaval, M|100\/100\n|move|p2a: Iron Treads|Stealth Rock|p1a: Quaquaval\n|-sidestart|p1: ziyi1117|move: Stealth Rock\n|\n|-weather|RainDance|[upkeep]\n|-heal|p2a: Iron Treads|95\/100|[from] item: Leftovers\n|upkeep\n|turn|3\n|\n|t:|1700792042\n|-end|p2a: Iron Treads|Quark Drive|[silent]\n|switch|p2a: Salamence|Salamence, F|100\/100\n|move|p1a: Quaquaval|Aqua Step|p2a: Salamence\n|-resisted|p2a: Salamence\n|-damage|p2a: Salamence|55\/100\n|-boost|p1a: Quaquaval|spe|1\n|-damage|p1a: Quaquaval|91\/100|[from] item: Life Orb\n|\n|-weather|RainDance|[upkeep]\n|upkeep\n|turn|4\n|\n|t:|1700792048\n|move|p2a: Salamence|Dual Wingbeat|p1a: Quaquaval\n|-supereffective|p1a: Quaquaval\n|-damage|p1a: Quaquaval|24\/100\n|-supereffective|p1a: Quaquaval\n|-damage|p1a: Quaquaval|0 fnt\n|faint|p1a: Quaquaval\n|-ability|p2a: Salamence|Moxie|boost\n|-boost|p2a: Salamence|atk|1\n|-hitcount|p1: Quaquaval|2\n|\n|-weather|RainDance|[upkeep]\n|upkeep\n|\n|t:|1700792072\n|switch|p1a: Toxapex|Toxapex, M|100\/100\n|-damage|p1a: Toxapex|88\/100|[from] Stealth Rock\n|turn|5\n|\n|t:|1700792080\n|switch|p2a: Iron Treads|Iron Treads|95\/100\n|move|p1a: Toxapex|Toxic|p2a: Iron Treads\n|-immune|p2a: Iron Treads\n|\n|-weather|RainDance|[upkeep]\n|-heal|p2a: Iron Treads|100\/100|[from] item: Leftovers\n|-heal|p1a: Toxapex|94\/100|[from] item: Leftovers\n|upkeep\n|turn|6\n|\n|t:|1700792086\n|move|p2a: Iron Treads|Earthquake|p1a: Toxapex\n|-supereffective|p1a: Toxapex\n|-damage|p1a: Toxapex|47\/100\n|move|p1a: Toxapex|Surf|p2a: Iron Treads\n|-supereffective|p2a: Iron Treads\n|-damage|p2a: Iron Treads|58\/100\n|\n|-weather|RainDance|[upkeep]\n|-heal|p2a: Iron Treads|65\/100|[from] item: Leftovers\n|-heal|p1a: Toxapex|53\/100|[from] item: Leftovers\n|upkeep\n|turn|7\n|\n|t:|1700792102\n|switch|p1a: Great Tusk|Great Tusk|100\/100\n|-damage|p1a: Great Tusk|97\/100|[from] Stealth Rock\n|move|p2a: Iron Treads|Earthquake|p1a: Great Tusk\n|-crit|p1a: Great Tusk\n|-damage|p1a: Great Tusk|61\/100\n|\n|-weather|RainDance|[upkeep]\n|-heal|p2a: Iron Treads|71\/100|[from] item: Leftovers\n|upkeep\n|turn|8\n|\n|t:|1700792106\n|-end|p2a: Iron Treads|Quark Drive|[silent]\n|switch|p2a: Basculegion|Basculegion, M|100\/100\n|move|p1a: Great Tusk|Rapid Spin|p2a: Basculegion\n|-immune|p2a: Basculegion\n|\n|-weather|none\n|upkeep\n|turn|9\n|\n|t:|1700792119\n|-end|p1a: Great Tusk|Protosynthesis|[silent]\n|switch|p1a: Heatran|Heatran, M|100\/100\n|-damage|p1a: Heatran|88\/100|[from] Stealth Rock\n|move|p2a: Basculegion|Rain Dance|p2a: Basculegion\n|-weather|RainDance\n|\n|-weather|RainDance|[upkeep]\n|upkeep\n|turn|10\n|\n|t:|1700792126\n|move|p2a: Basculegion|Wave Crash|p1a: Heatran\n|-supereffective|p1a: Heatran\n|-damage|p1a: Heatran|0 fnt\n|faint|p1a: Heatran\n|-damage|p2a: Basculegion|76\/100|[from] Recoil\n|-damage|p2a: Basculegion|66\/100|[from] item: Life Orb\n|\n|-weather|RainDance|[upkeep]\n|upkeep\n|\n|t:|1700792135\n|switch|p1a: Zapdos|Zapdos|100\/100\n|turn|11\n|\n|t:|1700792155\n|move|p2a: Basculegion|Wave Crash|p1a: Zapdos\n|-damage|p1a: Zapdos|19\/100\n|-damage|p2a: Basculegion|39\/100|[from] Recoil\n|-damage|p2a: Basculegion|29\/100|[from] item: Life Orb\n|move|p1a: Zapdos|Hurricane|p2a: Basculegion\n|-damage|p2a: Basculegion|0 fnt\n|faint|p2a: Basculegion\n|\n|-weather|RainDance|[upkeep]\n|upkeep\n|\n|t:|1700792167\n|switch|p2a: Iron Valiant|Iron Valiant|100\/100\n|turn|12\n|\n|t:|1700792175\n|switch|p1a: Toxapex|Toxapex, M|86\/100\n|-damage|p1a: Toxapex|74\/100|[from] Stealth Rock\n|move|p2a: Iron Valiant|Thunderbolt|p1a: Toxapex\n|-supereffective|p1a: Toxapex\n|-damage|p1a: Toxapex|19\/100\n|\n|-weather|RainDance|[upkeep]\n|-heal|p1a: Toxapex|25\/100|[from] item: Leftovers\n|upkeep\n|turn|13\n|\n|t:|1700792198\n|-end|p2a: Iron Valiant|Quark Drive|[silent]\n|switch|p2a: Pelipper|Pelipper, M|100\/100\n|switch|p1a: Mimikyu|Mimikyu, F|100\/100\n|-damage|p1a: Mimikyu|88\/100|[from] Stealth Rock\n|\n|-weather|none\n|upkeep\n|turn|14\n|\n|t:|1700792216\n|move|p1a: Mimikyu|Shadow Sneak|p2a: Pelipper\n|-damage|p2a: Pelipper|91\/100\n|move|p2a: Pelipper|U-turn|p1a: Mimikyu\n|-activate|p1a: Mimikyu|ability: Disguise\n|-damage|p1a: Mimikyu|88\/100\n|detailschange|p1a: Mimikyu|Mimikyu-Busted, F\n|-damage|p1a: Mimikyu|76\/100|[from] pokemon: Mimikyu-Busted\n|\n|t:|1700792224\n|switch|p2a: Iron Treads|Iron Treads|71\/100|[from] U-turn\n|\n|-heal|p2a: Iron Treads|77\/100|[from] item: Leftovers\n|upkeep\n|turn|15\n|\n|t:|1700792231\n|switch|p1a: Great Tusk|Great Tusk|61\/100\n|-damage|p1a: Great Tusk|58\/100|[from] Stealth Rock\n|move|p2a: Iron Treads|Iron Head|p1a: Great Tusk\n|-damage|p1a: Great Tusk|38\/100\n|\n|-heal|p2a: Iron Treads|83\/100|[from] item: Leftovers\n|upkeep\n|turn|16\n|\n|t:|1700792240\n|move|p1a: Great Tusk|Rapid Spin|p2a: Iron Treads\n|-resisted|p2a: Iron Treads\n|-damage|p2a: Iron Treads|76\/100\n|-boost|p1a: Great Tusk|spe|1\n|-sideend|p1: ziyi1117|Stealth Rock|[from] move: Rapid Spin|[of] p1a: Great Tusk\n|move|p2a: Iron Treads|Earthquake|p1a: Great Tusk\n|-damage|p1a: Great Tusk|10\/100\n|\n|-heal|p2a: Iron Treads|82\/100|[from] item: Leftovers\n|upkeep\n|turn|17\n|\n|t:|1700792246\n|move|p1a: Great Tusk|Headlong Rush|p2a: Iron Treads\n|-supereffective|p2a: Iron Treads\n|-damage|p2a: Iron Treads|0 fnt\n|-unboost|p1a: Great Tusk|def|1\n|-unboost|p1a: Great Tusk|spd|1\n|faint|p2a: Iron Treads\n|-end|p2a: Iron Treads|Quark Drive|[silent]\n|\n|upkeep\n|\n|t:|1700792253\n|switch|p2a: Salamence|Salamence, F|55\/100\n|turn|18\n|\n|t:|1700792261\n|-end|p1a: Great Tusk|Protosynthesis|[silent]\n|switch|p1a: Toxapex|Toxapex, M|58\/100\n|move|p2a: Salamence|Dual Wingbeat|p1a: Toxapex\n|-damage|p1a: Toxapex|44\/100\n|-damage|p1a: Toxapex|30\/100\n|-hitcount|p1a: Toxapex|2\n|\n|-heal|p1a: Toxapex|36\/100|[from] item: Leftovers\n|upkeep\n|turn|19\n|\n|t:|1700792267\n|move|p2a: Salamence|Dual Wingbeat|p1a: Toxapex\n|-damage|p1a: Toxapex|21\/100\n|-damage|p1a: Toxapex|5\/100\n|-hitcount|p1a: Toxapex|2\n|move|p1a: Toxapex|Toxic|p2a: Salamence\n|-status|p2a: Salamence|tox\n|\n|-heal|p1a: Toxapex|11\/100|[from] item: Leftovers\n|-damage|p2a: Salamence|49\/100 tox|[from] psn\n|upkeep\n|turn|20\n|\n|t:|1700792273\n|switch|p1a: Mimikyu|Mimikyu-Busted, F|76\/100\n|move|p2a: Salamence|Dual Wingbeat|p1a: Mimikyu\n|-damage|p1a: Mimikyu|42\/100\n|-damage|p1a: Mimikyu|13\/100\n|-hitcount|p1a: Mimikyu|2\n|\n|-damage|p2a: Salamence|36\/100 tox|[from] psn\n|upkeep\n|turn|21\n|\n|t:|1700792279\n|move|p2a: Salamence|Dual Wingbeat|p1a: Mimikyu\n|-damage|p1a: Mimikyu|0 fnt\n|faint|p1a: Mimikyu\n|-ability|p2a: Salamence|Moxie|boost\n|-boost|p2a: Salamence|atk|1\n|-hitcount|p1: Mimikyu|1\n|\n|-damage|p2a: Salamence|18\/100 tox|[from] psn\n|upkeep\n|\n|t:|1700792287\n|switch|p1a: Zapdos|Zapdos|19\/100\n|turn|22\n|\n|t:|1700792297\n|move|p2a: Salamence|Dual Wingbeat|p1a: Zapdos\n|-resisted|p1a: Zapdos\n|-damage|p1a: Zapdos|6\/100\n|-resisted|p1a: Zapdos\n|-damage|p1a: Zapdos|0 fnt\n|faint|p1a: Zapdos\n|-ability|p2a: Salamence|Moxie|boost\n|-boost|p2a: Salamence|atk|1\n|-hitcount|p1: Zapdos|2\n|\n|-damage|p2a: Salamence|0 fnt|[from] psn\n|faint|p2a: Salamence\n|upkeep\n|\n|t:|1700792321\n|switch|p2a: Meowscarada|Meowscarada, M|100\/100\n|switch|p1a: Toxapex|Toxapex, M|44\/100\n|turn|23\n|\n|t:|1700792337\n|-terastallize|p2a: Meowscarada|Grass\n|-terastallize|p1a: Toxapex|Steel\n|move|p2a: Meowscarada|Leaf Storm|p1a: Toxapex|[miss]\n|-miss|p2a: Meowscarada|p1a: Toxapex\n|move|p1a: Toxapex|Toxic|p2a: Meowscarada\n|-status|p2a: Meowscarada|tox\n|\n|-heal|p1a: Toxapex|50\/100|[from] item: Leftovers\n|-damage|p2a: Meowscarada|94\/100 tox|[from] psn\n|upkeep\n|turn|24\n|\n|t:|1700792344\n|switch|p2a: Pelipper|Pelipper, M|91\/100\n|-weather|RainDance|[from] ability: Drizzle|[of] p2a: Pelipper\n|move|p1a: Toxapex|Recover|p1a: Toxapex\n|-heal|p1a: Toxapex|100\/100\n|\n|-weather|RainDance|[upkeep]\n|upkeep\n|turn|25\n|\n|t:|1700792351\n|move|p2a: Pelipper|U-turn|p1a: Toxapex\n|-resisted|p1a: Toxapex\n|-damage|p1a: Toxapex|98\/100\n|\n|t:|1700792352\n|switch|p2a: Iron Valiant|Iron Valiant|100\/100|[from] U-turn\n|move|p1a: Toxapex|Toxic|p2a: Iron Valiant\n|-status|p2a: Iron Valiant|tox\n|\n|-weather|RainDance|[upkeep]\n|-heal|p1a: Toxapex|100\/100|[from] item: Leftovers\n|-damage|p2a: Iron Valiant|94\/100 tox|[from] psn\n|upkeep\n|turn|26\n|\n|t:|1700792358\n|switch|p1a: Great Tusk|Great Tusk|10\/100\n|move|p2a: Iron Valiant|Aura Sphere|p1a: Great Tusk\n|-damage|p1a: Great Tusk|0 fnt\n|faint|p1a: Great Tusk\n|-end|p1a: Great Tusk|Protosynthesis|[silent]\n|\n|-weather|RainDance|[upkeep]\n|-damage|p2a: Iron Valiant|82\/100 tox|[from] psn\n|upkeep\n|\n|t:|1700792368\n|switch|p1a: Toxapex|Toxapex, M, tera:Steel|100\/100\n|turn|27\n|\n|t:|1700792373\n|move|p2a: Iron Valiant|Aura Sphere|p1a: Toxapex\n|-supereffective|p1a: Toxapex\n|-damage|p1a: Toxapex|35\/100\n|move|p1a: Toxapex|Surf|p2a: Iron Valiant\n|-damage|p2a: Iron Valiant|31\/100 tox\n|\n|-weather|RainDance|[upkeep]\n|-heal|p1a: Toxapex|42\/100|[from] item: Leftovers\n|-damage|p2a: Iron Valiant|12\/100 tox|[from] psn\n|upkeep\n|turn|28\n|\n|t:|1700792383\n|move|p2a: Iron Valiant|Aura Sphere|p1a: Toxapex\n|-supereffective|p1a: Toxapex\n|-damage|p1a: Toxapex|0 fnt\n|faint|p1a: Toxapex\n|\n|win|Gikbovlv\n|raw|ziyi1117's rating: 1140 &rarr; <strong>1120<\/strong><br \/>(-20 for losing)\n|raw|Gikbovlv's rating: 1213 &rarr; <strong>1233<\/strong><br \/>(+20 for winning)\n|l|\u2606Gikbovlv\n","uploadtime":1700792388,"views":8,"p1id":"ziyi1117","p2id":"gikbovlv","formatid":"gen9ou","rating":1120,"private":0,"password":""}