{"id":"gen9ou-1996502945","p1":"UdAngel","p2":"yaboiAshK.","format":"[Gen 9] OU","log":"|j|\u2606UdAngel\n|j|\u2606yaboiAshK.\n|t:|1700688333\n|gametype|singles\n|player|p1|UdAngel|170|1451\n|player|p2|yaboiAshK.|ash-johto|1434\n|teamsize|p1|6\n|teamsize|p2|6\n|gen|9\n|tier|[Gen 9] OU\n|rated|\n|rule|Sleep Clause Mod: Limit one foe put to sleep\n|rule|Species Clause: Limit one of each Pok\u00e9mon\n|rule|OHKO Clause: OHKO moves are banned\n|rule|Evasion Items Clause: Evasion items are banned\n|rule|Evasion Moves Clause: Evasion moves are banned\n|rule|Endless Battle Clause: Forcing endless battles is banned\n|rule|HP Percentage Mod: HP is shown in percentages\n|clearpoke\n|poke|p1|Ceruledge, M|\n|poke|p1|Rillaboom, F|\n|poke|p1|Ogerpon-Wellspring, F|\n|poke|p1|Enamorus, F|\n|poke|p1|Ninetales-Alola, M|\n|poke|p1|Great Tusk|\n|poke|p2|Pikachu, M|\n|poke|p2|Greninja-*, M|\n|poke|p2|Dragonite, F|\n|poke|p2|Gengar, M|\n|poke|p2|Ceruledge, F|\n|poke|p2|Great Tusk|\n|teampreview\n|inactive|Battle timer is ON: inactive players will automatically lose when time's up. (requested by yaboiAshK.)\n|\n|t:|1700688344\n|start\n|switch|p1a: Ninetales|Ninetales-Alola, M|100\/100\n|switch|p2a: Greninja|Greninja, M|100\/100\n|-weather|Snow|[from] ability: Snow Warning|[of] p1a: Ninetales\n|turn|1\n|\n|t:|1700688352\n|move|p2a: Greninja|Taunt|p1a: Ninetales\n|-start|p2a: Greninja|typechange|Dark|[from] ability: Protean\n|-start|p1a: Ninetales|move: Taunt\n|move|p1a: Ninetales|Freeze-Dry|p2a: Greninja\n|-damage|p2a: Greninja|67\/100\n|\n|-weather|Snow|[upkeep]\n|upkeep\n|turn|2\n|\n|t:|1700688362\n|switch|p1a: Rillaboom|Rillaboom, F|100\/100\n|-fieldstart|move: Grassy Terrain|[from] ability: Grassy Surge|[of] p1a: Rillaboom\n|move|p2a: Greninja|Toxic Spikes|p1a: Rillaboom\n|-sidestart|p1: UdAngel|move: Toxic Spikes\n|\n|-weather|Snow|[upkeep]\n|-heal|p2a: Greninja|73\/100|[from] Grassy Terrain\n|upkeep\n|turn|3\n|\n|t:|1700688371\n|switch|p2a: Ceruledge|Ceruledge, F|100\/100\n|move|p1a: Rillaboom|U-turn|p2a: Ceruledge\n|-resisted|p2a: Ceruledge\n|-damage|p2a: Ceruledge|87\/100\n|-ability|p2a: Ceruledge|Weak Armor|boost\n|-unboost|p2a: Ceruledge|def|1\n|-boost|p2a: Ceruledge|spe|2\n|\n|t:|1700688381\n|switch|p1a: Great Tusk|Great Tusk|100\/100|[from] U-turn\n|\n|-weather|Snow|[upkeep]\n|-heal|p2a: Ceruledge|93\/100|[from] Grassy Terrain\n|upkeep\n|turn|4\n|\n|t:|1700688409\n|switch|p2a: Great Tusk|Great Tusk|100\/100\n|move|p1a: Great Tusk|Headlong Rush|p2a: Great Tusk\n|-damage|p2a: Great Tusk|67\/100\n|-unboost|p1a: Great Tusk|def|1\n|-unboost|p1a: Great Tusk|spd|1\n|\n|-weather|Snow|[upkeep]\n|-heal|p2a: Great Tusk|73\/100|[from] Grassy Terrain\n|-heal|p2a: Great Tusk|79\/100|[from] item: Leftovers\n|upkeep\n|turn|5\n|\n|t:|1700688421\n|-end|p1a: Great Tusk|Protosynthesis|[silent]\n|switch|p1a: Ninetales|Ninetales-Alola, M|100\/100\n|-status|p1a: Ninetales|psn\n|move|p2a: Great Tusk|Knock Off|p1a: Ninetales\n|-resisted|p1a: Ninetales\n|-damage|p1a: Ninetales|88\/100 psn\n|-enditem|p1a: Ninetales|Light Clay|[from] move: Knock Off|[of] p2a: Great Tusk\n|\n|-weather|none\n|-heal|p1a: Ninetales|94\/100 psn|[from] Grassy Terrain\n|-heal|p2a: Great Tusk|85\/100|[from] Grassy Terrain\n|-heal|p2a: Great Tusk|92\/100|[from] item: Leftovers\n|-damage|p1a: Ninetales|82\/100 psn|[from] psn\n|upkeep\n|turn|6\n|\n|t:|1700688435\n|move|p1a: Ninetales|Freeze-Dry|p2a: Great Tusk\n|-supereffective|p2a: Great Tusk\n|-damage|p2a: Great Tusk|42\/100\n|move|p2a: Great Tusk|Stealth Rock|p1a: Ninetales\n|-sidestart|p1: UdAngel|move: Stealth Rock\n|\n|-heal|p1a: Ninetales|88\/100 psn|[from] Grassy Terrain\n|-heal|p2a: Great Tusk|48\/100|[from] Grassy Terrain\n|-heal|p2a: Great Tusk|54\/100|[from] item: Leftovers\n|-damage|p1a: Ninetales|76\/100 psn|[from] psn\n|-fieldend|move: Grassy Terrain\n|upkeep\n|turn|7\n|\n|t:|1700688447\n|switch|p1a: Great Tusk|Great Tusk|100\/100\n|-end|p2a: Great Tusk|Protosynthesis|[silent]\n|switch|p2a: Ceruledge|Ceruledge, F|93\/100\n|\n|upkeep\n|turn|8\n|\n|t:|1700688460\n|move|p1a: Great Tusk|Headlong Rush|p2a: Ceruledge\n|-supereffective|p2a: Ceruledge\n|-damage|p2a: Ceruledge|0 fnt\n|-unboost|p1a: Great Tusk|def|1\n|-unboost|p1a: Great Tusk|spd|1\n|faint|p2a: Ceruledge\n|\n|upkeep\n|\n|t:|1700688464\n|switch|p2a: Greninja|Greninja, M|73\/100\n|turn|9\n|\n|t:|1700688470\n|move|p2a: Greninja|Surf|p1a: Great Tusk\n|-start|p2a: Greninja|typechange|Water|[from] ability: Protean\n|-supereffective|p1a: Great Tusk\n|-damage|p1a: Great Tusk|0 fnt\n|faint|p1a: Great Tusk\n|-end|p1a: Great Tusk|Protosynthesis|[silent]\n|\n|upkeep\n|\n|t:|1700688479\n|switch|p1a: Ogerpon|Ogerpon-Wellspring, F|100\/100\n|-status|p1a: Ogerpon|psn\n|-damage|p1a: Ogerpon|88\/100 psn|[from] Stealth Rock\n|turn|10\n|\n|t:|1700688485\n|move|p2a: Greninja|Spikes|p1a: Ogerpon\n|-sidestart|p1: UdAngel|Spikes\n|move|p1a: Ogerpon|Play Rough|p2a: Greninja\n|-damage|p2a: Greninja|13\/100\n|\n|-damage|p1a: Ogerpon|76\/100 psn|[from] psn\n|upkeep\n|turn|11\n|\n|t:|1700688494\n|move|p2a: Greninja|Spikes|p1a: Ogerpon\n|-sidestart|p1: UdAngel|Spikes\n|move|p1a: Ogerpon|Horn Leech|p2a: Greninja\n|-supereffective|p2a: Greninja\n|-damage|p2a: Greninja|0 fnt\n|-heal|p1a: Ogerpon|82\/100 psn|[from] drain|[of] p2a: Greninja\n|faint|p2a: Greninja\n|\n|-damage|p1a: Ogerpon|70\/100 psn|[from] psn\n|upkeep\n|\n|t:|1700688501\n|switch|p2a: Gengar|Gengar, M|100\/100\n|turn|12\n|\n|t:|1700688507\n|move|p2a: Gengar|Sludge Bomb|p1a: Ogerpon\n|-supereffective|p1a: Ogerpon\n|-damage|p1a: Ogerpon|0 fnt\n|faint|p1a: Ogerpon\n|\n|upkeep\n|\n|t:|1700688518\n|switch|p1a: Enamorus|Enamorus, F|100\/100\n|-damage|p1a: Enamorus|76\/100|[from] Stealth Rock\n|turn|13\n|\n|t:|1700688525\n|-terastallize|p1a: Enamorus|Steel\n|move|p2a: Gengar|Sludge Bomb|p1a: Enamorus\n|-immune|p1a: Enamorus\n|move|p1a: Enamorus|Psychic|p2a: Gengar\n|-supereffective|p2a: Gengar\n|-damage|p2a: Gengar|0 fnt\n|-start|p1a: Enamorus|Disable|Psychic|[from] ability: Cursed Body|[of] p2a: Gengar\n|faint|p2a: Gengar\n|\n|upkeep\n|\n|t:|1700688534\n|switch|p2a: Dragonite|Dragonite, F|100\/100\n|turn|14\n|\n|t:|1700688539\n|switch|p1a: Ninetales|Ninetales-Alola, M|76\/100 psn\n|-damage|p1a: Ninetales|51\/100 psn|[from] Stealth Rock\n|-damage|p1a: Ninetales|34\/100 psn|[from] Spikes\n|-weather|Snow|[from] ability: Snow Warning|[of] p1a: Ninetales\n|move|p2a: Dragonite|Dragon Dance|p2a: Dragonite\n|-boost|p2a: Dragonite|atk|1\n|-boost|p2a: Dragonite|spe|1\n|\n|-weather|Snow|[upkeep]\n|-damage|p1a: Ninetales|22\/100 psn|[from] psn\n|upkeep\n|turn|15\n|\n|t:|1700688552\n|move|p2a: Dragonite|Extreme Speed|p1a: Ninetales\n|-damage|p1a: Ninetales|0 fnt\n|faint|p1a: Ninetales\n|\n|-weather|Snow|[upkeep]\n|upkeep\n|\n|t:|1700688561\n|switch|p1a: Ceruledge|Ceruledge, M|100\/100\n|-status|p1a: Ceruledge|psn\n|-damage|p1a: Ceruledge|76\/100 psn|[from] Stealth Rock\n|-damage|p1a: Ceruledge|59\/100 psn|[from] Spikes\n|turn|16\n|\n|t:|1700688568\n|-terastallize|p2a: Dragonite|Normal\n|move|p2a: Dragonite|Earthquake|p1a: Ceruledge\n|-supereffective|p1a: Ceruledge\n|-damage|p1a: Ceruledge|0 fnt\n|faint|p1a: Ceruledge\n|\n|-weather|Snow|[upkeep]\n|upkeep\n|\n|t:|1700688577\n|switch|p1a: Rillaboom|Rillaboom, F|100\/100\n|-status|p1a: Rillaboom|psn\n|-damage|p1a: Rillaboom|88\/100 psn|[from] Stealth Rock\n|-damage|p1a: Rillaboom|72\/100 psn|[from] Spikes\n|-fieldstart|move: Grassy Terrain|[from] ability: Grassy Surge|[of] p1a: Rillaboom\n|turn|17\n|\n|t:|1700688586\n|move|p2a: Dragonite|Extreme Speed|p1a: Rillaboom\n|-damage|p1a: Rillaboom|0 fnt\n|faint|p1a: Rillaboom\n|\n|-weather|Snow|[upkeep]\n|upkeep\n|l|\u2606UdAngel\n|inactive|UdAngel disconnected and has a minute to reconnect!\n|player|p1|\n|inactive|UdAngel has 30 seconds to reconnect!\n|inactive|UdAngel has 20 seconds to reconnect!\n|inactive|UdAngel has 15 seconds to reconnect!\n|inactive|UdAngel has 10 seconds to reconnect!\n|inactive|UdAngel has 5 seconds to reconnect!\n|-message|UdAngel lost due to inactivity.\n|\n|win|yaboiAshK.\n|raw|UdAngel's rating: 1451 &rarr; <strong>1430<\/strong><br \/>(-21 for losing)\n|raw|yaboiAshK.'s rating: 1434 &rarr; <strong>1455<\/strong><br \/>(+21 for winning)\n","uploadtime":1700689084,"views":4,"p1id":"udangel","p2id":"yaboiashk","formatid":"gen9ou","rating":1430,"private":0,"password":""}