{"id":"gen9ou-1990799662","p1":"The_App15","p2":"tenouttaten123","format":"[Gen 9] OU","log":"|j|\u2606The_App15\n|j|\u2606tenouttaten123\n|t:|1700002045\n|gametype|singles\n|player|p1|The_App15|ethan|1298\n|player|p2|tenouttaten123|169|1386\n|teamsize|p1|6\n|teamsize|p2|6\n|gen|9\n|tier|[Gen 9] OU\n|rated|\n|rule|Sleep Clause Mod: Limit one foe put to sleep\n|rule|Species Clause: Limit one of each Pok\u00e9mon\n|rule|OHKO Clause: OHKO moves are banned\n|rule|Evasion Items Clause: Evasion items are banned\n|rule|Evasion Moves Clause: Evasion moves are banned\n|rule|Endless Battle Clause: Forcing endless battles is banned\n|rule|HP Percentage Mod: HP is shown in percentages\n|clearpoke\n|poke|p1|Zapdos|\n|poke|p1|Ting-Lu|\n|poke|p1|Gholdengo|\n|poke|p1|Great Tusk|\n|poke|p1|Scizor, F|\n|poke|p1|Manaphy|\n|poke|p2|Dragonite, M|\n|poke|p2|Empoleon, M|\n|poke|p2|Manaphy|\n|poke|p2|Landorus-Therian, M|\n|poke|p2|Sneasler, F|\n|poke|p2|Rillaboom, F|\n|teampreview\n|inactive|Battle timer is ON: inactive players will automatically lose when time's up. (requested by The_App15)\n|\n|t:|1700002070\n|start\n|switch|p1a: Scizor|Scizor, F|100\/100\n|switch|p2a: Manaphy|Manaphy|100\/100\n|turn|1\n|\n|t:|1700002088\n|move|p2a: Manaphy|Scald|p1a: Scizor\n|-damage|p1a: Scizor|50\/100\n|move|p1a: Scizor|Knock Off|p2a: Manaphy\n|-damage|p2a: Manaphy|44\/100\n|-enditem|p2a: Manaphy|Leftovers|[from] move: Knock Off|[of] p1a: Scizor\n|\n|upkeep\n|turn|2\n|\n|t:|1700002102\n|switch|p1a: Zapdos|Zapdos|100\/100\n|move|p2a: Manaphy|Scald|p1a: Zapdos\n|-damage|p1a: Zapdos|67\/100\n|\n|upkeep\n|turn|3\n|\n|t:|1700002114\n|switch|p2a: Landorus|Landorus-Therian, M|100\/100\n|-ability|p2a: Landorus|Intimidate|boost\n|-unboost|p1a: Zapdos|atk|1\n|move|p1a: Zapdos|Hurricane|p2a: Landorus|[miss]\n|-miss|p1a: Zapdos|p2a: Landorus\n|\n|upkeep\n|turn|4\n|\n|t:|1700002132\n|move|p2a: Landorus|Stone Edge|p1a: Zapdos\n|-supereffective|p1a: Zapdos\n|-damage|p1a: Zapdos|3\/100\n|move|p1a: Zapdos|Hurricane|p2a: Landorus|[miss]\n|-miss|p1a: Zapdos|p2a: Landorus\n|\n|upkeep\n|turn|5\n|\n|t:|1700002150\n|switch|p1a: Ting-Lu|Ting-Lu|100\/100\n|-ability|p1a: Ting-Lu|Vessel of Ruin\n|move|p2a: Landorus|Stone Edge|p1a: Ting-Lu\n|-resisted|p1a: Ting-Lu\n|-damage|p1a: Ting-Lu|91\/100\n|\n|-heal|p1a: Ting-Lu|97\/100|[from] item: Leftovers\n|upkeep\n|turn|6\n|\n|t:|1700002159\n|switch|p2a: Rillaboom|Rillaboom, F|100\/100\n|-fieldstart|move: Grassy Terrain|[from] ability: Grassy Surge|[of] p2a: Rillaboom\n|move|p1a: Ting-Lu|Spikes|p2a: Rillaboom\n|-sidestart|p2: tenouttaten123|Spikes\n|\n|-heal|p1a: Ting-Lu|100\/100|[from] Grassy Terrain\n|upkeep\n|turn|7\n|\n|t:|1700002174\n|move|p2a: Rillaboom|U-turn|p1a: Ting-Lu\n|-supereffective|p1a: Ting-Lu\n|-damage|p1a: Ting-Lu|63\/100\n|\n|t:|1700002186\n|switch|p2a: Manaphy|Manaphy|44\/100|[from] U-turn\n|-damage|p2a: Manaphy|32\/100|[from] Spikes\n|move|p1a: Ting-Lu|Ruination|p2a: Manaphy\n|-damage|p2a: Manaphy|16\/100\n|\n|-heal|p2a: Manaphy|22\/100|[from] Grassy Terrain\n|-heal|p1a: Ting-Lu|69\/100|[from] Grassy Terrain\n|-heal|p1a: Ting-Lu|75\/100|[from] item: Leftovers\n|upkeep\n|turn|8\n|\n|t:|1700002193\n|move|p2a: Manaphy|Scald|p1a: Ting-Lu\n|-supereffective|p1a: Ting-Lu\n|-damage|p1a: Ting-Lu|48\/100\n|move|p1a: Ting-Lu|Earthquake|p2a: Manaphy\n|-damage|p2a: Manaphy|4\/100\n|\n|-heal|p2a: Manaphy|10\/100|[from] Grassy Terrain\n|-heal|p1a: Ting-Lu|54\/100|[from] Grassy Terrain\n|-heal|p1a: Ting-Lu|60\/100|[from] item: Leftovers\n|upkeep\n|turn|9\n|\n|t:|1700002214\n|move|p2a: Manaphy|Scald|p1a: Ting-Lu\n|-supereffective|p1a: Ting-Lu\n|-damage|p1a: Ting-Lu|33\/100\n|move|p1a: Ting-Lu|Whirlwind|p2a: Manaphy\n|drag|p2a: Rillaboom|Rillaboom, F|100\/100\n|-damage|p2a: Rillaboom|88\/100|[from] Spikes\n|\n|-heal|p2a: Rillaboom|94\/100|[from] Grassy Terrain\n|-heal|p1a: Ting-Lu|39\/100|[from] Grassy Terrain\n|-heal|p1a: Ting-Lu|46\/100|[from] item: Leftovers\n|upkeep\n|turn|10\n|\n|t:|1700002227\n|switch|p1a: Zapdos|Zapdos|3\/100\n|move|p2a: Rillaboom|U-turn|p1a: Zapdos\n|-resisted|p1a: Zapdos\n|-damage|p1a: Zapdos|0 fnt\n|-status|p2a: Rillaboom|par|[from] ability: Static|[of] p1a: Zapdos\n|faint|p1a: Zapdos\n|\n|t:|1700002247\n|switch|p2a: Landorus|Landorus-Therian, M|100\/100|[from] U-turn\n|\n|-fieldend|move: Grassy Terrain\n|upkeep\n|inactive|The_App15 has 120 seconds left.\n|\n|t:|1700002277\n|switch|p1a: Scizor|Scizor, F|50\/100\n|turn|11\n|\n|t:|1700002294\n|move|p2a: Landorus|Earthquake|p1a: Scizor\n|-damage|p1a: Scizor|0 fnt\n|faint|p1a: Scizor\n|\n|upkeep\n|inactive|The_App15 has 120 seconds left.\n|\n|t:|1700002306\n|switch|p1a: Ting-Lu|Ting-Lu|46\/100\n|-ability|p1a: Ting-Lu|Vessel of Ruin\n|turn|12\n|\n|t:|1700002311\n|switch|p2a: Manaphy|Manaphy|10\/100\n|-damage|p2a: Manaphy|0 fnt|[from] Spikes\n|faint|p2a: Manaphy\n|move|p1a: Ting-Lu|Ruination|p2: Manaphy|[notarget]\n|-fail|p1a: Ting-Lu\n|\n|-heal|p1a: Ting-Lu|52\/100|[from] item: Leftovers\n|upkeep\n|\n|t:|1700002315\n|switch|p2a: Rillaboom|Rillaboom, F|94\/100 par\n|-damage|p2a: Rillaboom|82\/100 par|[from] Spikes\n|-fieldstart|move: Grassy Terrain|[from] ability: Grassy Surge|[of] p2a: Rillaboom\n|turn|13\n|\n|t:|1700002321\n|move|p2a: Rillaboom|U-turn|p1a: Ting-Lu\n|-supereffective|p1a: Ting-Lu\n|-damage|p1a: Ting-Lu|14\/100\n|\n|t:|1700002327\n|switch|p2a: Empoleon|Empoleon, M|100\/100|[from] U-turn\n|-damage|p2a: Empoleon|88\/100|[from] Spikes\n|move|p1a: Ting-Lu|Ruination|p2a: Empoleon\n|-damage|p2a: Empoleon|44\/100\n|\n|-heal|p1a: Ting-Lu|20\/100|[from] Grassy Terrain\n|-heal|p1a: Ting-Lu|27\/100|[from] item: Leftovers\n|-heal|p2a: Empoleon|50\/100|[from] Grassy Terrain\n|-heal|p2a: Empoleon|57\/100|[from] item: Leftovers\n|upkeep\n|turn|14\n|\n|t:|1700002339\n|move|p1a: Ting-Lu|Earthquake|p2a: Empoleon\n|-supereffective|p2a: Empoleon\n|-damage|p2a: Empoleon|20\/100\n|move|p2a: Empoleon|Stealth Rock|p1a: Ting-Lu\n|-sidestart|p1: The_App15|move: Stealth Rock\n|\n|-heal|p1a: Ting-Lu|33\/100|[from] Grassy Terrain\n|-heal|p1a: Ting-Lu|39\/100|[from] item: Leftovers\n|-heal|p2a: Empoleon|26\/100|[from] Grassy Terrain\n|-heal|p2a: Empoleon|32\/100|[from] item: Leftovers\n|upkeep\n|turn|15\n|\n|t:|1700002352\n|move|p1a: Ting-Lu|Earthquake|p2a: Empoleon\n|-supereffective|p2a: Empoleon\n|-damage|p2a: Empoleon|0 fnt\n|faint|p2a: Empoleon\n|\n|-heal|p1a: Ting-Lu|45\/100|[from] Grassy Terrain\n|-heal|p1a: Ting-Lu|51\/100|[from] item: Leftovers\n|upkeep\n|\n|t:|1700002360\n|switch|p2a: Sneasler|Sneasler, F|100\/100\n|-damage|p2a: Sneasler|88\/100|[from] Spikes\n|turn|16\n|\n|t:|1700002378\n|move|p2a: Sneasler|U-turn|p1a: Ting-Lu\n|-supereffective|p1a: Ting-Lu\n|-damage|p1a: Ting-Lu|15\/100\n|\n|t:|1700002380\n|switch|p2a: Rillaboom|Rillaboom, F|82\/100 par|[from] U-turn\n|-damage|p2a: Rillaboom|70\/100 par|[from] Spikes\n|move|p1a: Ting-Lu|Earthquake|p2a: Rillaboom\n|-resisted|p2a: Rillaboom\n|-crit|p2a: Rillaboom\n|-damage|p2a: Rillaboom|55\/100 par\n|\n|-heal|p2a: Rillaboom|61\/100 par|[from] Grassy Terrain\n|-heal|p1a: Ting-Lu|21\/100|[from] Grassy Terrain\n|-heal|p1a: Ting-Lu|27\/100|[from] item: Leftovers\n|upkeep\n|turn|17\n|\n|t:|1700002388\n|move|p2a: Rillaboom|U-turn|p1a: Ting-Lu\n|-supereffective|p1a: Ting-Lu\n|-damage|p1a: Ting-Lu|0 fnt\n|faint|p1a: Ting-Lu\n|\n|t:|1700002399\n|switch|p2a: Landorus|Landorus-Therian, M|100\/100|[from] U-turn\n|\n|-fieldend|move: Grassy Terrain\n|upkeep\n|\n|t:|1700002423\n|switch|p1a: Manaphy|Manaphy|100\/100\n|-damage|p1a: Manaphy|88\/100|[from] Stealth Rock\n|turn|18\n|\n|t:|1700002430\n|move|p2a: Landorus|U-turn|p1a: Manaphy\n|-damage|p1a: Manaphy|69\/100\n|\n|t:|1700002431\n|switch|p2a: Rillaboom|Rillaboom, F|61\/100 par|[from] U-turn\n|-damage|p2a: Rillaboom|49\/100 par|[from] Spikes\n|-fieldstart|move: Grassy Terrain|[from] ability: Grassy Surge|[of] p2a: Rillaboom\n|move|p1a: Manaphy|Acid Armor|p1a: Manaphy\n|-boost|p1a: Manaphy|def|2\n|\n|-heal|p1a: Manaphy|75\/100|[from] Grassy Terrain\n|-heal|p1a: Manaphy|81\/100|[from] item: Leftovers\n|-heal|p2a: Rillaboom|55\/100 par|[from] Grassy Terrain\n|upkeep\n|turn|19\n|\n|t:|1700002444\n|-terastallize|p1a: Manaphy|Dragon\n|move|p1a: Manaphy|Acid Armor|p1a: Manaphy\n|-boost|p1a: Manaphy|def|2\n|cant|p2a: Rillaboom|par\n|\n|-heal|p1a: Manaphy|88\/100|[from] Grassy Terrain\n|-heal|p1a: Manaphy|94\/100|[from] item: Leftovers\n|-heal|p2a: Rillaboom|61\/100 par|[from] Grassy Terrain\n|upkeep\n|turn|20\n|\n|t:|1700002453\n|move|p1a: Manaphy|Stored Power|p2a: Rillaboom\n|-damage|p2a: Rillaboom|32\/100 par\n|move|p2a: Rillaboom|U-turn|p1a: Manaphy\n|-damage|p1a: Manaphy|86\/100\n|\n|t:|1700002461\n|switch|p2a: Landorus|Landorus-Therian, M|100\/100|[from] U-turn\n|-ability|p2a: Landorus|Intimidate|boost\n|-unboost|p1a: Manaphy|atk|1\n|\n|-heal|p1a: Manaphy|93\/100|[from] Grassy Terrain\n|-heal|p1a: Manaphy|99\/100|[from] item: Leftovers\n|upkeep\n|turn|21\n|\n|t:|1700002467\n|move|p2a: Landorus|Earthquake|p1a: Manaphy\n|-damage|p1a: Manaphy|93\/100\n|move|p1a: Manaphy|Take Heart|p1a: Manaphy\n|-boost|p1a: Manaphy|spa|1\n|-boost|p1a: Manaphy|spd|1\n|\n|-heal|p1a: Manaphy|99\/100|[from] Grassy Terrain\n|-heal|p1a: Manaphy|100\/100|[from] item: Leftovers\n|upkeep\n|turn|22\n|\n|t:|1700002470\n|switch|p2a: Rillaboom|Rillaboom, F|32\/100 par\n|-damage|p2a: Rillaboom|20\/100 par|[from] Spikes\n|move|p1a: Manaphy|Take Heart|p1a: Manaphy\n|-boost|p1a: Manaphy|spa|1\n|-boost|p1a: Manaphy|spd|1\n|\n|-heal|p2a: Rillaboom|26\/100 par|[from] Grassy Terrain\n|-fieldend|move: Grassy Terrain\n|upkeep\n|turn|23\n|\n|t:|1700002474\n|move|p1a: Manaphy|Stored Power|p2a: Rillaboom\n|-damage|p2a: Rillaboom|0 fnt\n|faint|p2a: Rillaboom\n|\n|upkeep\n|-message|tenouttaten123 forfeited.\n|\n|win|The_App15\n|raw|The_App15's rating: 1298 &rarr; <strong>1329<\/strong><br \/>(+31 for winning)\n|raw|tenouttaten123's rating: 1386 &rarr; <strong>1361<\/strong><br \/>(-25 for losing)\n|l|\u2606tenouttaten123\n","uploadtime":1700002523,"views":22,"p1id":"theapp15","p2id":"tenouttaten123","formatid":"gen9ou","rating":1329,"private":0,"password":""}