{"id":"gen9ou-1994495391","p1":"Luckibreak","p2":"Prof. Morgenholz","format":"[Gen 9] OU","log":"|j|\u2606Luckibreak\n|j|\u2606Prof. Morgenholz\n|t:|1700450643\n|gametype|singles\n|player|p1|Luckibreak|1|1174\n|player|p2|Prof. Morgenholz|blue|1140\n|teamsize|p1|6\n|teamsize|p2|6\n|gen|9\n|tier|[Gen 9] OU\n|rated|\n|rule|Sleep Clause Mod: Limit one foe put to sleep\n|rule|Species Clause: Limit one of each Pok\u00e9mon\n|rule|OHKO Clause: OHKO moves are banned\n|rule|Evasion Items Clause: Evasion items are banned\n|rule|Evasion Moves Clause: Evasion moves are banned\n|rule|Endless Battle Clause: Forcing endless battles is banned\n|rule|HP Percentage Mod: HP is shown in percentages\n|clearpoke\n|poke|p1|Kingambit, F|\n|poke|p1|Manaphy|\n|poke|p1|Gholdengo|\n|poke|p1|Zoroark-Hisui, F|\n|poke|p1|Dragonite, F|\n|poke|p1|Enamorus, F|\n|poke|p2|Clefable, M|\n|poke|p2|Zapdos|\n|poke|p2|Dragonite, M|\n|poke|p2|Landorus-Therian, M|\n|poke|p2|Politoed, M|\n|poke|p2|Heatran, F|\n|teampreview\n|\n|t:|1700450656\n|start\n|switch|p1a: Manaphy|Manaphy|100\/100\n|switch|p2a: Slippy Toed|Politoed, M|100\/100\n|-weather|RainDance|[from] ability: Drizzle|[of] p2a: Slippy Toed\n|turn|1\n|inactive|Battle timer is ON: inactive players will automatically lose when time's up. (requested by Luckibreak)\n|\n|t:|1700450661\n|move|p1a: Manaphy|Take Heart|p1a: Manaphy\n|-boost|p1a: Manaphy|spa|1\n|-boost|p1a: Manaphy|spd|1\n|move|p2a: Slippy Toed|Encore|p1a: Manaphy\n|-start|p1a: Manaphy|Encore\n|\n|-weather|RainDance|[upkeep]\n|upkeep\n|turn|2\n|l|\u2606Prof. Morgenholz\n|inactive|Prof. Morgenholz disconnected and has a minute to reconnect!\n|player|p2|\n|\n|t:|1700450683\n|switch|p1a: Enamorus|Enamorus, F|100\/100\n|switch|p2a: Swagonite|Dragonite, M, shiny|100\/100\n|\n|-weather|RainDance|[upkeep]\n|upkeep\n|turn|3\n|j|\u2606Prof. Morgenholz\n|inactive|Prof. Morgenholz reconnected and has 150 seconds left.\n|player|p2|Prof. Morgenholz|blue\n|\n|t:|1700450693\n|-terastallize|p2a: Swagonite|Normal\n|move|p1a: Enamorus|Play Rough|p2a: Swagonite|[miss]\n|-miss|p1a: Enamorus|p2a: Swagonite\n|move|p2a: Swagonite|Dragon Dance|p2a: Swagonite\n|-boost|p2a: Swagonite|atk|1\n|-boost|p2a: Swagonite|spe|1\n|\n|-weather|RainDance|[upkeep]\n|upkeep\n|turn|4\n|\n|t:|1700450699\n|move|p2a: Swagonite|Ice Spinner|p1a: Enamorus\n|-supereffective|p1a: Enamorus\n|-damage|p1a: Enamorus|0 fnt\n|faint|p1a: Enamorus\n|\n|-weather|RainDance|[upkeep]\n|upkeep\n|inactive|Luckibreak has 120 seconds left.\n|\n|t:|1700450748\n|switch|p1a: Kingambit|Kingambit, F|100\/100\n|turn|5\n|\n|t:|1700450758\n|move|p2a: Swagonite|Earthquake|p1a: Kingambit\n|-damage|p1a: Kingambit|0 fnt\n|replace|p1a: Zoroark|Zoroark-Hisui, F\n|-end|p1a: Zoroark|Illusion\n|faint|p1a: Zoroark\n|\n|-weather|RainDance|[upkeep]\n|upkeep\n|\n|t:|1700450765\n|switch|p1a: Dragonite|Dragonite, F|100\/100\n|turn|6\n|\n|t:|1700450769\n|move|p2a: Swagonite|Ice Spinner|p1a: Dragonite\n|-supereffective|p1a: Dragonite\n|-damage|p1a: Dragonite|12\/100\n|move|p1a: Dragonite|Dragon Dance|p1a: Dragonite\n|-boost|p1a: Dragonite|atk|1\n|-boost|p1a: Dragonite|spe|1\n|\n|-weather|RainDance|[upkeep]\n|upkeep\n|turn|7\n|\n|t:|1700450774\n|move|p2a: Swagonite|Extreme Speed|p1a: Dragonite\n|-damage|p1a: Dragonite|0 fnt\n|faint|p1a: Dragonite\n|\n|-weather|RainDance|[upkeep]\n|upkeep\n|\n|t:|1700450777\n|switch|p1a: Kingambit|Kingambit, F|100\/100\n|-activate|p1a: Kingambit|ability: Supreme Overlord\n|-start|p1a: Kingambit|fallen3|[silent]\n|turn|8\n|\n|t:|1700450784\n|-terastallize|p1a: Kingambit|Dark\n|move|p2a: Swagonite|Earthquake|p1a: Kingambit\n|-damage|p1a: Kingambit|57\/100\n|move|p1a: Kingambit|Swords Dance|p1a: Kingambit\n|-boost|p1a: Kingambit|atk|2\n|\n|-weather|none\n|upkeep\n|turn|9\n|\n|t:|1700450793\n|move|p2a: Swagonite|Extreme Speed|p1a: Kingambit\n|-damage|p1a: Kingambit|0 fnt\n|faint|p1a: Kingambit\n|-end|p1a: Kingambit|fallen3|[silent]\n|\n|upkeep\n|-message|Luckibreak forfeited.\n|\n|win|Prof. Morgenholz\n|raw|Luckibreak's rating: 1174 &rarr; <strong>1147<\/strong><br \/>(-27 for losing)\n|raw|Prof. Morgenholz's rating: 1140 &rarr; <strong>1167<\/strong><br \/>(+27 for winning)\n|l|\u2606Luckibreak\n","uploadtime":1700450803,"views":21,"p1id":"luckibreak","p2id":"profmorgenholz","formatid":"gen9ou","rating":1147,"private":0,"password":""}