{"id":"gen9ou-1994566675","p1":"Icefanngs","p2":"gigabowser20","format":"[Gen 9] OU","log":"|j|\u2606Icefanngs\n|j|\u2606gigabowser20\n|t:|1700461050\n|gametype|singles\n|player|p1|Icefanngs|101|1158\n|player|p2|gigabowser20|rosa|1212\n|teamsize|p1|6\n|teamsize|p2|6\n|gen|9\n|tier|[Gen 9] OU\n|rated|\n|rule|Sleep Clause Mod: Limit one foe put to sleep\n|rule|Species Clause: Limit one of each Pok\u00e9mon\n|rule|OHKO Clause: OHKO moves are banned\n|rule|Evasion Items Clause: Evasion items are banned\n|rule|Evasion Moves Clause: Evasion moves are banned\n|rule|Endless Battle Clause: Forcing endless battles is banned\n|rule|HP Percentage Mod: HP is shown in percentages\n|clearpoke\n|poke|p1|Delphox, F|\n|poke|p1|Lilligant-Hisui, F|\n|poke|p1|Froslass, F|\n|poke|p1|Milotic, F|\n|poke|p1|Mandibuzz, F|\n|poke|p1|Tinkaton, F|\n|poke|p2|Polteageist|\n|poke|p2|Gardevoir, F|\n|poke|p2|Indeedee, M|\n|poke|p2|Armarouge, F|\n|poke|p2|Iron Treads|\n|poke|p2|Glimmora, M|\n|teampreview\n|inactive|Battle timer is ON: inactive players will automatically lose when time's up. (requested by gigabowser20)\n|inactive|Icefanngs has 120 seconds left.\n|\n|t:|1700461087\n|start\n|switch|p1a: Amy|Tinkaton, F|100\/100\n|switch|p2a: Glimmora|Glimmora, M|100\/100\n|-ability|p1a: Amy|Mold Breaker\n|turn|1\n|\n|t:|1700461090\n|move|p2a: Glimmora|Stealth Rock|p1a: Amy\n|-sidestart|p1: Icefanngs|move: Stealth Rock\n|move|p1a: Amy|Gigaton Hammer|p2a: Glimmora\n|-supereffective|p2a: Glimmora\n|-enditem|p2a: Glimmora|Focus Sash\n|-damage|p2a: Glimmora|1\/100\n|-activate|p2a: Glimmora|ability: Toxic Debris\n|-sidestart|p1: Icefanngs|move: Toxic Spikes\n|\n|upkeep\n|turn|2\n|\n|t:|1700461096\n|move|p2a: Glimmora|Memento|p1a: Amy\n|-unboost|p1a: Amy|atk|2\n|-unboost|p1a: Amy|spa|2\n|faint|p2a: Glimmora\n|move|p1a: Amy|Knock Off|p2: Glimmora|[notarget]\n|-fail|p1a: Amy\n|\n|upkeep\n|\n|t:|1700461102\n|switch|p2a: Gardevoir|Gardevoir, F|100\/100\n|turn|3\n|\n|t:|1700461104\n|move|p2a: Gardevoir|Psychic Terrain|p2a: Gardevoir\n|-fieldstart|move: Psychic Terrain\n|move|p1a: Amy|Gigaton Hammer|p2a: Gardevoir\n|-supereffective|p2a: Gardevoir\n|-damage|p2a: Gardevoir|2\/100\n|\n|upkeep\n|turn|4\n|\n|t:|1700461110\n|move|p1a: Amy|Knock Off|p2a: Gardevoir\n|-damage|p2a: Gardevoir|0 fnt\n|-enditem|p2a: Gardevoir|Terrain Extender|[from] move: Knock Off|[of] p1a: Amy\n|faint|p2a: Gardevoir\n|\n|upkeep\n|\n|t:|1700461112\n|switch|p2a: Polteageist|Polteageist|100\/100\n|turn|5\n|\n|t:|1700461121\n|move|p2a: Polteageist|Shell Smash|p2a: Polteageist\n|-unboost|p2a: Polteageist|def|1\n|-unboost|p2a: Polteageist|spd|1\n|-boost|p2a: Polteageist|atk|2\n|-boost|p2a: Polteageist|spa|2\n|-boost|p2a: Polteageist|spe|2\n|move|p1a: Amy|Gigaton Hammer|p2a: Polteageist\n|-damage|p2a: Polteageist|7\/100\n|-ability|p2a: Polteageist|Weak Armor|boost\n|-unboost|p2a: Polteageist|def|1\n|-boost|p2a: Polteageist|spe|2\n|\n|upkeep\n|turn|6\n|\n|t:|1700461132\n|move|p2a: Polteageist|Shadow Ball|p1a: Amy\n|-damage|p1a: Amy|41\/100\n|move|p1a: Amy|Knock Off|p2a: Polteageist\n|-supereffective|p2a: Polteageist\n|-damage|p2a: Polteageist|0 fnt\n|-enditem|p2a: Polteageist|Focus Sash|[from] move: Knock Off|[of] p1a: Amy\n|faint|p2a: Polteageist\n|\n|upkeep\n|-message|gigabowser20 forfeited.\n|\n|win|Icefanngs\n|raw|Icefanngs's rating: 1158 &rarr; <strong>1187<\/strong><br \/>(+29 for winning)\n|raw|gigabowser20's rating: 1212 &rarr; <strong>1183<\/strong><br \/>(-29 for losing)\n|l|\u2606gigabowser20\n","uploadtime":1700461145,"views":10,"p1id":"icefanngs","p2id":"gigabowser20","formatid":"gen9ou","rating":1183,"private":0,"password":""}