{"id":"gen9ou-1991681921","p1":"Dc12345","p2":"ShadowB2W2","format":"[Gen 9] OU","log":"|j|\u2606Dc12345\n|j|\u2606ShadowB2W2\n|t:|1700102094\n|gametype|singles\n|player|p1|Dc12345|cynthia-gen4|1044\n|player|p2|ShadowB2W2|nate|1011\n|teamsize|p1|6\n|teamsize|p2|6\n|gen|9\n|tier|[Gen 9] OU\n|rated|\n|rule|Sleep Clause Mod: Limit one foe put to sleep\n|rule|Species Clause: Limit one of each Pok\u00e9mon\n|rule|OHKO Clause: OHKO moves are banned\n|rule|Evasion Items Clause: Evasion items are banned\n|rule|Evasion Moves Clause: Evasion moves are banned\n|rule|Endless Battle Clause: Forcing endless battles is banned\n|rule|HP Percentage Mod: HP is shown in percentages\n|clearpoke\n|poke|p1|Ogerpon-Wellspring, F|\n|poke|p1|Ting-Lu|\n|poke|p1|Chesnaught, M|\n|poke|p1|Slowking-Galar, M|\n|poke|p1|Ceruledge, M|\n|poke|p1|Toxapex, F|\n|poke|p2|Dragonite, M|\n|poke|p2|Thundurus-Therian, M|\n|poke|p2|Yanmega, M|\n|poke|p2|Bombirdier, F|\n|poke|p2|Braviary, M|\n|poke|p2|Flamigo, M|\n|teampreview\n|\n|t:|1700102114\n|start\n|switch|p1a: Slowking|Slowking-Galar, M|100\/100\n|switch|p2a: Braviary|Braviary, M|100\/100\n|turn|1\n|\n|t:|1700102129\n|move|p2a: Braviary|Body Slam|p1a: Slowking\n|-damage|p1a: Slowking|42\/100\n|move|p1a: Slowking|Future Sight|p2a: Braviary\n|-start|p1a: Slowking|move: Future Sight\n|\n|upkeep\n|turn|2\n|\n|t:|1700102142\n|switch|p1a: Toxapex|Toxapex, F|100\/100\n|move|p2a: Braviary|Crush Claw|p1a: Toxapex\n|-damage|p1a: Toxapex|57\/100\n|\n|-heal|p1a: Toxapex|63\/100|[from] item: Leftovers\n|upkeep\n|turn|3\n|\n|t:|1700102153\n|move|p2a: Braviary|Body Slam|p1a: Toxapex\n|-damage|p1a: Toxapex|17\/100\n|move|p1a: Toxapex|Substitute|p1a: Toxapex\n|-fail|p1a: Toxapex|move: Substitute|[weak]\n|\n|-end|p2a: Braviary|move: Future Sight\n|-damage|p2a: Braviary|31\/100\n|-heal|p1a: Toxapex|23\/100|[from] item: Leftovers\n|upkeep\n|turn|4\n|\n|t:|1700102165\n|move|p1a: Toxapex|Protect|p1a: Toxapex\n|-singleturn|p1a: Toxapex|Protect\n|move|p2a: Braviary|Body Slam|p1a: Toxapex\n|-activate|p1a: Toxapex|move: Protect\n|\n|-heal|p1a: Toxapex|29\/100|[from] item: Leftovers\n|upkeep\n|turn|5\n|\n|t:|1700102175\n|switch|p1a: Chesnaught|Chesnaught, M|100\/100\n|move|p2a: Braviary|Tailwind|p2a: Braviary\n|-sidestart|p2: ShadowB2W2|move: Tailwind\n|\n|upkeep\n|turn|6\n|\n|t:|1700102184\n|move|p2a: Braviary|Acrobatics|p1a: Chesnaught\n|-supereffective|p1a: Chesnaught\n|-damage|p1a: Chesnaught|24\/100\n|move|p1a: Chesnaught|Rock Slide|p2a: Braviary\n|-supereffective|p2a: Braviary\n|-damage|p2a: Braviary|0 fnt\n|faint|p2a: Braviary\n|\n|-heal|p1a: Chesnaught|30\/100|[from] item: Leftovers\n|upkeep\n|\n|t:|1700102193\n|switch|p2a: Bombirdier|Bombirdier, F|100\/100\n|turn|7\n|\n|t:|1700102204\n|-terastallize|p2a: Bombirdier|Rock\n|move|p2a: Bombirdier|Rock Tomb|p1a: Chesnaught\n|-resisted|p1a: Chesnaught\n|-damage|p1a: Chesnaught|16\/100\n|-unboost|p1a: Chesnaught|spe|1\n|move|p1a: Chesnaught|Rock Slide|p2a: Bombirdier\n|-damage|p2a: Bombirdier|70\/100\n|\n|-heal|p1a: Chesnaught|22\/100|[from] item: Leftovers\n|upkeep\n|turn|8\n|\n|t:|1700102218\n|move|p1a: Chesnaught|Spiky Shield|p1a: Chesnaught\n|-singleturn|p1a: Chesnaught|move: Protect\n|move|p2a: Bombirdier|Stone Edge|p1a: Chesnaught\n|-activate|p1a: Chesnaught|move: Protect\n|\n|-heal|p1a: Chesnaught|28\/100|[from] item: Leftovers\n|-sideend|p2: ShadowB2W2|move: Tailwind\n|upkeep\n|turn|9\n|\n|t:|1700102227\n|move|p2a: Bombirdier|Tera Blast|p1a: Chesnaught|[anim] Tera Blast Rock\n|-resisted|p1a: Chesnaught\n|-damage|p1a: Chesnaught|10\/100\n|move|p1a: Chesnaught|Giga Drain|p2a: Bombirdier\n|-supereffective|p2a: Bombirdier\n|-damage|p2a: Bombirdier|0 fnt\n|-heal|p1a: Chesnaught|38\/100|[from] drain|[of] p2a: Bombirdier\n|faint|p2a: Bombirdier\n|\n|-heal|p1a: Chesnaught|44\/100|[from] item: Leftovers\n|upkeep\n|\n|t:|1700102237\n|switch|p2a: Flamigo|Flamigo, M|100\/100\n|turn|10\n|\n|t:|1700102242\n|move|p2a: Flamigo|Bulk Up|p2a: Flamigo\n|-boost|p2a: Flamigo|atk|1\n|-boost|p2a: Flamigo|def|1\n|move|p1a: Chesnaught|Rock Slide|p2a: Flamigo\n|-damage|p2a: Flamigo|81\/100\n|\n|-heal|p1a: Chesnaught|50\/100|[from] item: Leftovers\n|upkeep\n|turn|11\n|\n|t:|1700102252\n|move|p1a: Chesnaught|Spiky Shield|p1a: Chesnaught\n|-singleturn|p1a: Chesnaught|move: Protect\n|move|p2a: Flamigo|Bulk Up|p2a: Flamigo\n|-boost|p2a: Flamigo|atk|1\n|-boost|p2a: Flamigo|def|1\n|\n|-heal|p1a: Chesnaught|56\/100|[from] item: Leftovers\n|upkeep\n|turn|12\n|\n|t:|1700102261\n|move|p1a: Chesnaught|Spiky Shield|p1a: Chesnaught\n|-singleturn|p1a: Chesnaught|move: Protect\n|move|p2a: Flamigo|Bulk Up|p2a: Flamigo\n|-boost|p2a: Flamigo|atk|1\n|-boost|p2a: Flamigo|def|1\n|\n|-heal|p1a: Chesnaught|62\/100|[from] item: Leftovers\n|upkeep\n|turn|13\n|\n|t:|1700102274\n|move|p2a: Flamigo|Dual Wingbeat|p1a: Chesnaught\n|-supereffective|p1a: Chesnaught\n|-damage|p1a: Chesnaught|0 fnt\n|faint|p1a: Chesnaught\n|-hitcount|p1: Chesnaught|1\n|\n|upkeep\n|\n|t:|1700102282\n|switch|p1a: Toxapex|Toxapex, F|62\/100\n|turn|14\n|\n|t:|1700102289\n|-terastallize|p1a: Toxapex|Poison\n|move|p2a: Flamigo|Bulk Up|p2a: Flamigo\n|-boost|p2a: Flamigo|atk|1\n|-boost|p2a: Flamigo|def|1\n|move|p1a: Toxapex|Sludge Bomb|p2a: Flamigo\n|-damage|p2a: Flamigo|39\/100\n|\n|-heal|p1a: Toxapex|68\/100|[from] item: Leftovers\n|upkeep\n|turn|15\n|\n|t:|1700102301\n|move|p2a: Flamigo|Dual Wingbeat|p1a: Toxapex\n|-damage|p1a: Toxapex|20\/100\n|-damage|p1a: Toxapex|0 fnt\n|faint|p1a: Toxapex\n|-hitcount|p1: Toxapex|2\n|\n|upkeep\n|\n|t:|1700102310\n|switch|p1a: Ting-Lu|Ting-Lu|100\/100\n|-ability|p1a: Ting-Lu|Vessel of Ruin\n|turn|16\n|\n|t:|1700102316\n|move|p2a: Flamigo|Close Combat|p1a: Ting-Lu\n|-supereffective|p1a: Ting-Lu\n|-damage|p1a: Ting-Lu|0 fnt\n|-unboost|p2a: Flamigo|def|1\n|-unboost|p2a: Flamigo|spd|1\n|faint|p1a: Ting-Lu\n|\n|upkeep\n|\n|t:|1700102324\n|switch|p1a: Ogerpon|Ogerpon-Wellspring, F|100\/100\n|turn|17\n|\n|t:|1700102331\n|move|p2a: Flamigo|Dual Wingbeat|p1a: Ogerpon\n|-supereffective|p1a: Ogerpon\n|-damage|p1a: Ogerpon|0 fnt\n|faint|p1a: Ogerpon\n|-hitcount|p1: Ogerpon|1\n|\n|upkeep\n|\n|t:|1700102337\n|switch|p1a: Slowking|Slowking-Galar, M|42\/100\n|turn|18\n|\n|t:|1700102345\n|move|p2a: Flamigo|Dual Wingbeat|p1a: Slowking\n|-damage|p1a: Slowking|0 fnt\n|faint|p1a: Slowking\n|-hitcount|p1: Slowking|1\n|\n|upkeep\n|\n|t:|1700102352\n|switch|p1a: Ceruledge|Ceruledge, M|100\/100\n|turn|19\n|\n|t:|1700102358\n|move|p2a: Flamigo|Dual Wingbeat|p1a: Ceruledge\n|-damage|p1a: Ceruledge|32\/100\n|-damage|p1a: Ceruledge|0 fnt\n|faint|p1a: Ceruledge\n|-hitcount|p1: Ceruledge|2\n|\n|win|ShadowB2W2\n|raw|Dc12345's rating: 1044 &rarr; <strong>1026<\/strong><br \/>(-18 for losing)\n|raw|ShadowB2W2's rating: 1011 &rarr; <strong>1053<\/strong><br \/>(+42 for winning)\n|c|\u2606ShadowB2W2|gg\n|l|\u2606Dc12345\n","uploadtime":1700102372,"views":7,"p1id":"dc12345","p2id":"shadowb2w2","formatid":"gen9ou","rating":1026,"private":0,"password":""}