{"id":"gen9ou-1995297980","p1":"TrashPlayer2222","p2":"suiyu","format":"[Gen 9] OU","log":"|j|\u2606TrashPlayer2222\n|j|\u2606suiyu\n|t:|1700549155\n|gametype|singles\n|player|p1|TrashPlayer2222|veteran|1162\n|player|p2|suiyu|marnie|1069\n|teamsize|p1|6\n|teamsize|p2|6\n|gen|9\n|tier|[Gen 9] OU\n|rated|\n|rule|Sleep Clause Mod: Limit one foe put to sleep\n|rule|Species Clause: Limit one of each Pok\u00e9mon\n|rule|OHKO Clause: OHKO moves are banned\n|rule|Evasion Items Clause: Evasion items are banned\n|rule|Evasion Moves Clause: Evasion moves are banned\n|rule|Endless Battle Clause: Forcing endless battles is banned\n|rule|HP Percentage Mod: HP is shown in percentages\n|clearpoke\n|poke|p1|Ceruledge, M|\n|poke|p1|Maushold-Four|\n|poke|p1|Kingambit, M|\n|poke|p1|Slither Wing|\n|poke|p1|Ninetales-Alola, M|\n|poke|p1|Dondozo, M|\n|poke|p2|Ceruledge, F|\n|poke|p2|Kingambit, F|\n|poke|p2|Great Tusk|\n|poke|p2|Ogerpon-Wellspring, F|\n|poke|p2|Ribombee, M|\n|poke|p2|Iron Moth|\n|teampreview\n|inactive|Battle timer is ON: inactive players will automatically lose when time's up. (requested by suiyu)\n|inactive|TrashPlayer2222 also wants the timer to be on.\n|\n|t:|1700549173\n|start\n|switch|p1a: Ninetales|Ninetales-Alola, M|100\/100\n|switch|p2a: Ribombee|Ribombee, M|100\/100\n|-weather|Snow|[from] ability: Snow Warning|[of] p1a: Ninetales\n|turn|1\n|\n|t:|1700549178\n|move|p2a: Ribombee|Sticky Web|p1a: Ninetales\n|-sidestart|p1: TrashPlayer2222|move: Sticky Web\n|move|p1a: Ninetales|Encore|p2a: Ribombee\n|-start|p2a: Ribombee|Encore\n|\n|-weather|Snow|[upkeep]\n|upkeep\n|turn|2\n|\n|t:|1700549184\n|switch|p2a: Kingambit|Kingambit, F|100\/100\n|move|p1a: Ninetales|Aurora Veil|p1a: Ninetales\n|-sidestart|p1: TrashPlayer2222|move: Aurora Veil\n|\n|-weather|Snow|[upkeep]\n|upkeep\n|turn|3\n|\n|t:|1700549190\n|move|p1a: Ninetales|Moonblast|p2a: Kingambit\n|-damage|p2a: Kingambit|65\/100\n|-unboost|p2a: Kingambit|spa|1\n|move|p2a: Kingambit|Iron Head|p1a: Ninetales\n|-supereffective|p1a: Ninetales\n|-damage|p1a: Ninetales|0 fnt\n|faint|p1a: Ninetales\n|\n|-weather|Snow|[upkeep]\n|-heal|p2a: Kingambit|72\/100|[from] item: Leftovers\n|upkeep\n|\n|t:|1700549196\n|switch|p1a: Ceruledge|Ceruledge, M|100\/100\n|-activate|p1a: Ceruledge|move: Sticky Web\n|-unboost|p1a: Ceruledge|spe|1\n|turn|4\n|\n|t:|1700549214\n|move|p1a: Ceruledge|Bulk Up|p1a: Ceruledge\n|-boost|p1a: Ceruledge|atk|1\n|-boost|p1a: Ceruledge|def|1\n|move|p2a: Kingambit|Kowtow Cleave|p1a: Ceruledge\n|-supereffective|p1a: Ceruledge\n|-damage|p1a: Ceruledge|65\/100\n|\n|-weather|Snow|[upkeep]\n|-heal|p1a: Ceruledge|71\/100|[from] item: Leftovers\n|-heal|p2a: Kingambit|78\/100|[from] item: Leftovers\n|upkeep\n|turn|5\n|\n|t:|1700549228\n|-terastallize|p2a: Kingambit|Flying\n|move|p1a: Ceruledge|Bulk Up|p1a: Ceruledge\n|-boost|p1a: Ceruledge|atk|1\n|-boost|p1a: Ceruledge|def|1\n|move|p2a: Kingambit|Kowtow Cleave|p1a: Ceruledge\n|-supereffective|p1a: Ceruledge\n|-damage|p1a: Ceruledge|43\/100\n|\n|-weather|none\n|-heal|p1a: Ceruledge|50\/100|[from] item: Leftovers\n|-heal|p2a: Kingambit|84\/100|[from] item: Leftovers\n|upkeep\n|turn|6\n|\n|t:|1700549237\n|move|p1a: Ceruledge|Bitter Blade|p2a: Kingambit\n|-damage|p2a: Kingambit|8\/100\n|-heal|p1a: Ceruledge|93\/100|[from] drain|[of] p2a: Kingambit\n|move|p2a: Kingambit|Kowtow Cleave|p1a: Ceruledge\n|-supereffective|p1a: Ceruledge\n|-damage|p1a: Ceruledge|64\/100\n|\n|-heal|p1a: Ceruledge|70\/100|[from] item: Leftovers\n|-heal|p2a: Kingambit|14\/100|[from] item: Leftovers\n|upkeep\n|turn|7\n|\n|t:|1700549243\n|move|p2a: Kingambit|Sucker Punch||[still]\n|-fail|p2a: Kingambit\n|move|p1a: Ceruledge|Bulk Up|p1a: Ceruledge\n|-boost|p1a: Ceruledge|atk|1\n|-boost|p1a: Ceruledge|def|1\n|\n|-heal|p1a: Ceruledge|76\/100|[from] item: Leftovers\n|-heal|p2a: Kingambit|21\/100|[from] item: Leftovers\n|upkeep\n|turn|8\n|\n|t:|1700549247\n|move|p1a: Ceruledge|Shadow Sneak|p2a: Kingambit\n|-damage|p2a: Kingambit|0 fnt\n|faint|p2a: Kingambit\n|-end|p2a: Kingambit|fallenundefined|[silent]\n|\n|-heal|p1a: Ceruledge|82\/100|[from] item: Leftovers\n|upkeep\n|\n|t:|1700549257\n|switch|p2a: Great Tusk|Great Tusk|100\/100\n|-enditem|p2a: Great Tusk|Booster Energy\n|-activate|p2a: Great Tusk|ability: Protosynthesis|[fromitem]\n|-start|p2a: Great Tusk|protosynthesisatk\n|turn|9\n|\n|t:|1700549263\n|move|p2a: Great Tusk|Headlong Rush|p1a: Ceruledge\n|-supereffective|p1a: Ceruledge\n|-damage|p1a: Ceruledge|39\/100\n|-unboost|p2a: Great Tusk|def|1\n|-unboost|p2a: Great Tusk|spd|1\n|move|p1a: Ceruledge|Bitter Blade|p2a: Great Tusk\n|-damage|p2a: Great Tusk|0 fnt\n|-heal|p1a: Ceruledge|91\/100|[from] drain|[of] p2a: Great Tusk\n|faint|p2a: Great Tusk\n|-end|p2a: Great Tusk|Protosynthesis|[silent]\n|\n|-heal|p1a: Ceruledge|98\/100|[from] item: Leftovers\n|-sideend|p1: TrashPlayer2222|move: Aurora Veil\n|upkeep\n|\n|t:|1700549271\n|switch|p2a: Ogerpon|Ogerpon-Wellspring, F|100\/100\n|turn|10\n|\n|t:|1700549276\n|-terastallize|p1a: Ceruledge|Normal\n|move|p2a: Ogerpon|Ivy Cudgel|p1a: Ceruledge|[anim] Ivy Cudgel Water\n|-damage|p1a: Ceruledge|71\/100\n|move|p1a: Ceruledge|Bitter Blade|p2a: Ogerpon\n|-damage|p2a: Ogerpon|0 fnt\n|-heal|p1a: Ceruledge|100\/100|[from] drain|[of] p2a: Ogerpon\n|faint|p2a: Ogerpon\n|\n|upkeep\n|c|\u2606suiyu|wp\n|-message|suiyu forfeited.\n|\n|win|TrashPlayer2222\n|raw|TrashPlayer2222's rating: 1162 &rarr; <strong>1180<\/strong><br \/>(+18 for winning)\n|raw|suiyu's rating: 1069 &rarr; <strong>1054<\/strong><br \/>(-15 for losing)\n|l|\u2606suiyu\n","uploadtime":1700549299,"views":2,"p1id":"trashplayer2222","p2id":"suiyu","formatid":"gen9ou","rating":1054,"private":0,"password":""}