{"id":"gen9ou-1988970692","p1":"Allerick Giovanni","p2":"Zaminio","format":"[Gen 9] OU","log":"|j|\u2606Allerick Giovanni\n|j|\u2606Zaminio\n|t:|1699796424\n|gametype|singles\n|player|p1|Allerick Giovanni|linebacker|1030\n|player|p2|Zaminio|cress|1002\n|teamsize|p1|6\n|teamsize|p2|6\n|gen|9\n|tier|[Gen 9] OU\n|rated|\n|rule|Sleep Clause Mod: Limit one foe put to sleep\n|rule|Species Clause: Limit one of each Pok\u00e9mon\n|rule|OHKO Clause: OHKO moves are banned\n|rule|Evasion Items Clause: Evasion items are banned\n|rule|Evasion Moves Clause: Evasion moves are banned\n|rule|Endless Battle Clause: Forcing endless battles is banned\n|rule|HP Percentage Mod: HP is shown in percentages\n|clearpoke\n|poke|p1|Salazzle, F|\n|poke|p1|Grimmsnarl, M|\n|poke|p1|Garchomp, M|\n|poke|p1|Ceruledge, M|\n|poke|p1|Dipplin, F|\n|poke|p1|Shiftry, F|\n|poke|p2|Cutiefly, M|\n|poke|p2|Glimmora, M|\n|poke|p2|Trevenant, M|\n|poke|p2|Prinplup, F|\n|poke|p2|Arbok, M|\n|poke|p2|Garganacl, L99, M|\n|teampreview\n|\n|t:|1699796437\n|start\n|switch|p1a: Shiftry|Shiftry, F|100\/100\n|switch|p2a: Cutiefly|Cutiefly, M, shiny|100\/100\n|turn|1\n|\n|t:|1699796444\n|move|p2a: Cutiefly|Sticky Web|p1a: Shiftry\n|-sidestart|p1: Allerick Giovanni|move: Sticky Web\n|move|p1a: Shiftry|Tailwind|p1a: Shiftry\n|-sidestart|p1: Allerick Giovanni|move: Tailwind\n|-ability|p1a: Shiftry|Wind Rider|boost\n|-boost|p1a: Shiftry|atk|1\n|\n|upkeep\n|turn|2\n|\n|t:|1699796451\n|move|p1a: Shiftry|Beat Up|p2a: Cutiefly\n|-resisted|p2a: Cutiefly\n|-crit|p2a: Cutiefly\n|-damage|p2a: Cutiefly|81\/100\n|-resisted|p2a: Cutiefly\n|-damage|p2a: Cutiefly|67\/100\n|-resisted|p2a: Cutiefly\n|-damage|p2a: Cutiefly|52\/100\n|-resisted|p2a: Cutiefly\n|-damage|p2a: Cutiefly|39\/100\n|-resisted|p2a: Cutiefly\n|-damage|p2a: Cutiefly|29\/100\n|-resisted|p2a: Cutiefly\n|-damage|p2a: Cutiefly|21\/100\n|-hitcount|p2a: Cutiefly|6\n|move|p2a: Cutiefly|Reflect|p2a: Cutiefly\n|-sidestart|p2: Zaminio|Reflect\n|\n|upkeep\n|turn|3\n|\n|t:|1699796465\n|move|p1a: Shiftry|Beat Up|p2a: Cutiefly\n|-resisted|p2a: Cutiefly\n|-crit|p2a: Cutiefly\n|-damage|p2a: Cutiefly|2\/100\n|-resisted|p2a: Cutiefly\n|-damage|p2a: Cutiefly|0 fnt\n|faint|p2a: Cutiefly\n|-hitcount|p2: Cutiefly|2\n|\n|upkeep\n|\n|t:|1699796475\n|switch|p2a: Glimmora|Glimmora, M|100\/100\n|turn|4\n|\n|t:|1699796481\n|move|p1a: Shiftry|Focus Blast|p2a: Glimmora\n|-damage|p2a: Glimmora|75\/100\n|move|p2a: Glimmora|Stealth Rock|p1a: Shiftry\n|-sidestart|p1: Allerick Giovanni|move: Stealth Rock\n|\n|-sideend|p1: Allerick Giovanni|move: Tailwind\n|upkeep\n|turn|5\n|\n|t:|1699796489\n|move|p1a: Shiftry|Tailwind|p1a: Shiftry\n|-sidestart|p1: Allerick Giovanni|move: Tailwind\n|-ability|p1a: Shiftry|Wind Rider|boost\n|-boost|p1a: Shiftry|atk|1\n|move|p2a: Glimmora|Spikes|p1a: Shiftry\n|-sidestart|p1: Allerick Giovanni|Spikes\n|\n|upkeep\n|turn|6\n|\n|t:|1699796497\n|move|p1a: Shiftry|Focus Blast|p2a: Glimmora\n|-crit|p2a: Glimmora\n|-damage|p2a: Glimmora|32\/100\n|move|p2a: Glimmora|Toxic Spikes|p1a: Shiftry\n|-sidestart|p1: Allerick Giovanni|move: Toxic Spikes\n|\n|-sideend|p2: Zaminio|Reflect\n|upkeep\n|turn|7\n|\n|t:|1699796505\n|move|p1a: Shiftry|Focus Blast|p2a: Glimmora\n|-damage|p2a: Glimmora|3\/100\n|-unboost|p2a: Glimmora|spd|1\n|move|p2a: Glimmora|Toxic Spikes|p1a: Shiftry\n|-sidestart|p1: Allerick Giovanni|move: Toxic Spikes\n|\n|upkeep\n|turn|8\n|\n|t:|1699796515\n|move|p1a: Shiftry|Focus Blast|p2a: Glimmora\n|-damage|p2a: Glimmora|0 fnt\n|faint|p2a: Glimmora\n|\n|-sideend|p1: Allerick Giovanni|move: Tailwind\n|upkeep\n|\n|t:|1699796524\n|switch|p2a: Arbok|Arbok, M, shiny|100\/100\n|-ability|p2a: Arbok|Intimidate|boost\n|-unboost|p1a: Shiftry|atk|1\n|turn|9\n|\n|t:|1699796531\n|move|p1a: Shiftry|Beat Up|p2a: Arbok\n|-damage|p2a: Arbok|84\/100\n|-damage|p2a: Arbok|66\/100\n|-damage|p2a: Arbok|46\/100\n|-damage|p2a: Arbok|28\/100\n|-damage|p2a: Arbok|13\/100\n|-damage|p2a: Arbok|0 fnt\n|faint|p2a: Arbok\n|-hitcount|p2: Arbok|6\n|\n|upkeep\n|\n|t:|1699796544\n|switch|p2a: Prinplup|Prinplup, F|100\/100\n|turn|10\n|\n|t:|1699796549\n|move|p1a: Shiftry|Leaf Blade|p2a: Prinplup\n|-supereffective|p2a: Prinplup\n|-damage|p2a: Prinplup|0 fnt\n|faint|p2a: Prinplup\n|\n|upkeep\n|\n|t:|1699796555\n|switch|p2a: Garganacl|Garganacl, L99, M, shiny|100\/100\n|turn|11\n|\n|t:|1699796561\n|move|p1a: Shiftry|Leaf Blade|p2a: Garganacl\n|-supereffective|p2a: Garganacl\n|-crit|p2a: Garganacl\n|-damage|p2a: Garganacl|0 fnt\n|faint|p2a: Garganacl\n|\n|upkeep\n|\n|t:|1699796567\n|switch|p2a: Trevenant|Trevenant, M, shiny|100\/100\n|-item|p1a: Shiftry|Scope Lens|[from] ability: Frisk|[of] p2a: Trevenant|[identify]\n|turn|12\n|\n|t:|1699796580\n|-terastallize|p2a: Trevenant|Dragon\n|move|p2a: Trevenant|Protect|p2a: Trevenant\n|-singleturn|p2a: Trevenant|Protect\n|move|p1a: Shiftry|Beat Up|p2a: Trevenant\n|-activate|p2a: Trevenant|move: Protect\n|\n|upkeep\n|turn|13\n|\n|t:|1699796591\n|move|p1a: Shiftry|Beat Up|p2a: Trevenant\n|-damage|p2a: Trevenant|87\/100\n|-damage|p2a: Trevenant|70\/100\n|-damage|p2a: Trevenant|52\/100\n|-crit|p2a: Trevenant\n|-damage|p2a: Trevenant|29\/100\n|-crit|p2a: Trevenant\n|-damage|p2a: Trevenant|10\/100\n|-damage|p2a: Trevenant|0 fnt\n|faint|p2a: Trevenant\n|-hitcount|p2: Trevenant|6\n|\n|win|Allerick Giovanni\n|raw|Allerick Giovanni's rating: 1030 &rarr; <strong>1063<\/strong><br \/>(+33 for winning)\n|raw|Zaminio's rating: 1002 &rarr; <strong>1000<\/strong><br \/>(-2 for losing)\n","uploadtime":1699796605,"views":14,"p1id":"allerickgiovanni","p2id":"zaminio","formatid":"gen9ou","rating":1000,"private":0,"password":""}