{"id":"gen9ou-1988319711","p1":"Ghoulish champ","p2":"Karz03","format":"[Gen 9] OU","log":"|j|\u2606Ghoulish champ\n|j|\u2606Karz03\n|t:|1699707849\n|gametype|singles\n|player|p1|Ghoulish champ|allister|\n|player|p2|Karz03|nanu|\n|teamsize|p1|6\n|teamsize|p2|6\n|gen|9\n|tier|[Gen 9] OU\n|rule|Sleep Clause Mod: Limit one foe put to sleep\n|rule|Species Clause: Limit one of each Pok\u00e9mon\n|rule|OHKO Clause: OHKO moves are banned\n|rule|Evasion Items Clause: Evasion items are banned\n|rule|Evasion Moves Clause: Evasion moves are banned\n|rule|Endless Battle Clause: Forcing endless battles is banned\n|rule|HP Percentage Mod: HP is shown in percentages\n|clearpoke\n|poke|p1|Bombirdier, F|\n|poke|p1|Rotom-Mow|\n|poke|p1|Typhlosion-Hisui, M|\n|poke|p1|Zarude|\n|poke|p1|Chesnaught, F|\n|poke|p1|Enamorus, F|\n|poke|p2|Hoopa|\n|poke|p2|Lycanroc, M|\n|poke|p2|Mimikyu, F|\n|poke|p2|Wigglytuff, F|\n|poke|p2|Toxtricity-Low-Key, F|\n|poke|p2|Mightyena, F|\n|teampreview\n|inactive|Battle timer is ON: inactive players will automatically lose when time's up. (requested by Ghoulish champ)\n|c|\u2606Karz03|glhf\n|l|\u2606Ghoulish champ\n|inactive|Ghoulish champ disconnected and has 300 seconds to reconnect!\n|player|p1|\n|c|\u2606Karz03|ez win\n|j|\u2606Ghoulish champ\n|inactive|Ghoulish champ reconnected and has 285 seconds left.\n|player|p1|Ghoulish champ|allister\n|c|\u2606Karz03|jkjk\n|j| rfegehet\n|inactive|Ghoulish champ has 270 seconds left.\n|c|\u2606Ghoulish champ|Glhf\n|j| Ogerponk\n|j| Yankiken\n|\n|t:|1699707909\n|start\n|switch|p1a: Chesnaught|Chesnaught, F|100\/100\n|switch|p2a: Lycanroc|Lycanroc, M|100\/100\n|turn|1\n|\n|t:|1699707920\n|move|p2a: Lycanroc|Taunt|p1a: Chesnaught\n|-start|p1a: Chesnaught|move: Taunt\n|cant|p1a: Chesnaught|move: Taunt|Iron Defense\n|\n|upkeep\n|turn|2\n|\n|t:|1699707927\n|move|p2a: Lycanroc|Stealth Rock|p1a: Chesnaught\n|-sidestart|p1: Ghoulish champ|move: Stealth Rock\n|move|p1a: Chesnaught|Body Press|p2a: Lycanroc\n|-supereffective|p2a: Lycanroc\n|-enditem|p2a: Lycanroc|Focus Sash\n|-damage|p2a: Lycanroc|1\/100\n|\n|upkeep\n|turn|3\n|l| rfegehet\n|\n|t:|1699707936\n|move|p2a: Lycanroc|Endeavor|p1a: Chesnaught\n|-damage|p1a: Chesnaught|1\/100\n|move|p1a: Chesnaught|Body Press|p2a: Lycanroc\n|-supereffective|p2a: Lycanroc\n|-crit|p2a: Lycanroc\n|-damage|p2a: Lycanroc|0 fnt\n|faint|p2a: Lycanroc\n|\n|-heal|p1a: Chesnaught|7\/100|[from] item: Leftovers\n|-end|p1a: Chesnaught|move: Taunt\n|upkeep\n|\n|t:|1699707946\n|switch|p2a: Mimikyu|Mimikyu, F|100\/100\n|turn|4\n|\n|t:|1699707960\n|move|p2a: Mimikyu|Swords Dance|p2a: Mimikyu\n|-boost|p2a: Mimikyu|atk|2\n|move|p1a: Chesnaught|Synthesis|p1a: Chesnaught\n|-heal|p1a: Chesnaught|57\/100\n|\n|-heal|p1a: Chesnaught|63\/100|[from] item: Leftovers\n|upkeep\n|turn|5\n|\n|t:|1699707967\n|move|p2a: Mimikyu|Play Rough|p1a: Chesnaught\n|-supereffective|p1a: Chesnaught\n|-damage|p1a: Chesnaught|0 fnt\n|faint|p1a: Chesnaught\n|-damage|p2a: Mimikyu|91\/100|[from] item: Life Orb\n|\n|upkeep\n|c|\u2606Karz03|no spiky shield?\n|c|\u2606Karz03|goddamn\n|\n|t:|1699707978\n|switch|p1a: Bombirdier|Bombirdier, F|100\/100\n|turn|6\n|\n|t:|1699707986\n|move|p1a: Bombirdier|Sucker Punch|p2a: Mimikyu\n|-activate|p2a: Mimikyu|ability: Disguise\n|-damage|p2a: Mimikyu|91\/100\n|detailschange|p2a: Mimikyu|Mimikyu-Busted, F\n|-damage|p2a: Mimikyu|78\/100|[from] pokemon: Mimikyu-Busted\n|move|p2a: Mimikyu|Play Rough|p1a: Bombirdier\n|-supereffective|p1a: Bombirdier\n|-damage|p1a: Bombirdier|0 fnt\n|faint|p1a: Bombirdier\n|-damage|p2a: Mimikyu|68\/100|[from] item: Life Orb\n|\n|upkeep\n|\n|t:|1699707997\n|switch|p1a: Typhlosion|Typhlosion-Hisui, M|100\/100\n|-damage|p1a: Typhlosion|76\/100|[from] Stealth Rock\n|-item|p2a: Mimikyu|Life Orb|[from] ability: Frisk|[of] p1a: Typhlosion|[identify]\n|turn|7\n|\n|t:|1699708008\n|-terastallize|p1a: Typhlosion|Water\n|move|p1a: Typhlosion|Eruption|p2a: Mimikyu\n|-damage|p2a: Mimikyu|2\/100\n|move|p2a: Mimikyu|Shadow Claw|p1a: Typhlosion\n|-damage|p1a: Typhlosion|0 fnt\n|faint|p1a: Typhlosion\n|-damage|p2a: Mimikyu|0 fnt|[from] item: Life Orb\n|faint|p2a: Mimikyu\n|\n|upkeep\n|j| rfegehet\n|c|\u2606Karz03|what\n|c| Ogerponk|bruh\n|c| Yankiken|\u1ea2o v\u1eady\n|c|\u2606Ghoulish champ|Lmao\n|c| rfegehet|bruh\n|c| Yankiken|GOAT Mimikyu\n|c|\u2606Karz03|cant believe it\n|inactive|Ghoulish champ has 270 seconds left.\n|c| Ogerponk|why tera water\n|c| Yankiken|Sao ko shadow sneak\n|c|\u2606Karz03|shhhh\n|c|\u2606Karz03|roll the dice\n|l| rfegehet\n|c|\u2606Karz03|I know he is going to tera ok?\n|c|\u2606Ghoulish champ|Wait can we pause the timer for a sec I gotta connect to another internet\n|inactive|Ghoulish champ has 240 seconds left.\n|c|\u2606Karz03|aight\n|c|\u2606Karz03|I am trying to\n|inactiveoff|Battle timer is now OFF.\n|c|\u2606Ghoulish champ|Thx\n|l| Yankiken\n|l|\u2606Ghoulish champ\n|player|p1|\n|j|\u2606Ghoulish champ\n|player|p1|Ghoulish champ|allister\n|c|\u2606Ghoulish champ|I\u2019m back\n|\n|t:|1699708224\n|switch|p2a: Wigglytuff|Wigglytuff, F|100\/100\n|switch|p1a: Rotom|Rotom-Mow|100\/100\n|-damage|p1a: Rotom|88\/100|[from] Stealth Rock\n|turn|8\n|inactive|Battle timer is ON: inactive players will automatically lose when time's up. (requested by Ghoulish champ)\n|inactiveoff|Battle timer is now OFF.\n|\n|t:|1699708255\n|move|p1a: Rotom|Leaf Storm|p2a: Wigglytuff\n|-crit|p2a: Wigglytuff\n|-damage|p2a: Wigglytuff|0 fnt\n|-unboost|p1a: Rotom|spa|2\n|faint|p2a: Wigglytuff\n|\n|upkeep\n|c|\u2606Karz03|we are even now\n|\n|t:|1699708285\n|switch|p2a: Mightyena|Mightyena, F|100\/100\n|turn|9\n|\n|t:|1699708294\n|switch|p1a: Zarude|Zarude|100\/100\n|-damage|p1a: Zarude|88\/100|[from] Stealth Rock\n|move|p2a: Mightyena|Crunch|p1a: Zarude\n|-resisted|p1a: Zarude\n|-damage|p1a: Zarude|69\/100\n|\n|upkeep\n|turn|10\n|\n|t:|1699708311\n|move|p1a: Zarude|Power Whip|p2a: Mightyena\n|-damage|p2a: Mightyena|0 fnt\n|faint|p2a: Mightyena\n|\n|upkeep\n|j| Yankiken\n|\n|t:|1699708322\n|switch|p2a: Toxtricity|Toxtricity-Low-Key, F|100\/100\n|turn|11\n|c|\u2606Ghoulish champ|The comeback is real\n|\n|t:|1699708365\n|switch|p1a: Enamorus|Enamorus, F|100\/100\n|-terastallize|p2a: Toxtricity|Normal\n|move|p2a: Toxtricity|Boomburst|p1a: Enamorus\n|-damage|p1a: Enamorus|0 fnt\n|faint|p1a: Enamorus\n|-enditem|p2a: Toxtricity|Throat Spray\n|-boost|p2a: Toxtricity|spa|1|[from] item: Throat Spray\n|\n|upkeep\n|c|\u2606Karz03|fr\n|c| Ogerponk|lmao\n|c|\u2606Karz03|oh\n|c|\u2606Karz03|band locl\n|c|\u2606Karz03|lock\n|c| Yankiken|Long thua r\n|c| Yankiken|fuck\n|c| Ogerponk|long t\u1ea1ch r\n|\n|t:|1699708398\n|switch|p1a: Rotom|Rotom-Mow|88\/100\n|-damage|p1a: Rotom|76\/100|[from] Stealth Rock\n|turn|12\n|c|\u2606Karz03|true\n|c| Yankiken|Loz ko shift gear \u0111c\n|\n|t:|1699708413\n|move|p1a: Rotom|Leaf Storm|p2a: Toxtricity\n|-damage|p2a: Toxtricity|0 fnt\n|-unboost|p1a: Rotom|spa|2\n|faint|p2a: Toxtricity\n|\n|upkeep\n|\n|t:|1699708416\n|switch|p2a: Hoopa|Hoopa|100\/100\n|turn|13\n|\n|t:|1699708433\n|move|p2a: Hoopa|Trick|p1a: Rotom\n|-activate|p2a: Hoopa|move: Trick|[of] p1a: Rotom\n|-item|p1a: Rotom|Choice Scarf|[from] move: Trick\n|-item|p2a: Hoopa|Choice Specs|[from] move: Trick\n|move|p1a: Rotom|Leaf Storm|p2a: Hoopa\n|-damage|p2a: Hoopa|75\/100\n|-unboost|p1a: Rotom|spa|2\n|\n|upkeep\n|turn|14\n|l| Yankiken\n|\n|t:|1699708460\n|move|p1a: Rotom|Leaf Storm|p2a: Hoopa\n|-damage|p2a: Hoopa|57\/100\n|-unboost|p1a: Rotom|spa|2\n|move|p2a: Hoopa|Shadow Ball|p1a: Rotom\n|-damage|p1a: Rotom|0 fnt\n|faint|p1a: Rotom\n|\n|upkeep\n|\n|t:|1699708467\n|switch|p1a: Zarude|Zarude|69\/100\n|-damage|p1a: Zarude|57\/100|[from] Stealth Rock\n|turn|15\n|c|\u2606Karz03|I tried\n|\n|t:|1699708482\n|move|p1a: Zarude|Knock Off|p2a: Hoopa\n|-supereffective|p2a: Hoopa\n|-damage|p2a: Hoopa|0 fnt\n|-enditem|p2a: Hoopa|Choice Specs|[from] move: Knock Off|[of] p1a: Zarude\n|faint|p2a: Hoopa\n|\n|win|Ghoulish champ\n|c|\u2606Ghoulish champ|Gg\n|l|\u2606Ghoulish champ\n|j| rfegehet\n|c| rfegehet|gg\n|c|\u2606Karz03|gg\n|l| rfegehet\n|j|\u2606Ghoulish champ\n|player|p1|Ghoulish champ|allister\n","uploadtime":1699708579,"views":29,"p1id":"ghoulishchamp","p2id":"karz03","formatid":"gen9ou","rating":0,"private":0,"password":""}