{"id":"gen9ou-1998020873","p1":"funforall","p2":"Chieftaco33","format":"[Gen 9] OU","log":"|j|\u2606funforall\n|j|\u2606Chieftaco33\n|t:|1700879926\n|gametype|singles\n|player|p1|funforall|266|1519\n|player|p2|Chieftaco33|cyclist-gen4|1598\n|teamsize|p1|6\n|teamsize|p2|6\n|gen|9\n|tier|[Gen 9] OU\n|rated|\n|rule|Sleep Clause Mod: Limit one foe put to sleep\n|rule|Species Clause: Limit one of each Pok\u00e9mon\n|rule|OHKO Clause: OHKO moves are banned\n|rule|Evasion Items Clause: Evasion items are banned\n|rule|Evasion Moves Clause: Evasion moves are banned\n|rule|Endless Battle Clause: Forcing endless battles is banned\n|rule|HP Percentage Mod: HP is shown in percentages\n|clearpoke\n|poke|p1|Rillaboom, F|\n|poke|p1|Garganacl, F|\n|poke|p1|Great Tusk|\n|poke|p1|Heatran, F|\n|poke|p1|Zapdos|\n|poke|p1|Walking Wake|\n|poke|p2|Sandy Shocks|\n|poke|p2|Rillaboom, F|\n|poke|p2|Kingambit, M|\n|poke|p2|Hawlucha, F|\n|poke|p2|Iron Valiant|\n|poke|p2|Dragapult, F|\n|teampreview\n|inactive|Battle timer is ON: inactive players will automatically lose when time's up. (requested by Chieftaco33)\n|j| PerogiXW\n|j| 5EternalNoob5\n|l| PerogiXW\n|inactive|funforall has 120 seconds left.\n|inactive|Chieftaco33 has 120 seconds left.\n|\n|t:|1700879973\n|start\n|switch|p1a: Heatran|Heatran, F|100\/100\n|switch|p2a: Sandy Shocks|Sandy Shocks|100\/100\n|-enditem|p2a: Sandy Shocks|Booster Energy\n|-activate|p2a: Sandy Shocks|ability: Protosynthesis|[fromitem]\n|-start|p2a: Sandy Shocks|protosynthesisspe\n|turn|1\n|j| Heihachi Mishima\n|\n|t:|1700879988\n|switch|p1a: Zapdos|Zapdos|100\/100\n|move|p2a: Sandy Shocks|Earth Power|p1a: Zapdos\n|-immune|p1a: Zapdos\n|\n|upkeep\n|turn|2\n|l| 5EternalNoob5\n|\n|t:|1700880000\n|move|p2a: Sandy Shocks|Stealth Rock|p1a: Zapdos\n|-sidestart|p1: funforall|move: Stealth Rock\n|move|p1a: Zapdos|Hurricane|p2a: Sandy Shocks\n|-resisted|p2a: Sandy Shocks\n|-damage|p2a: Sandy Shocks|70\/100\n|-start|p2a: Sandy Shocks|confusion\n|\n|upkeep\n|turn|3\n|\n|t:|1700880012\n|-activate|p2a: Sandy Shocks|confusion\n|-damage|p2a: Sandy Shocks|64\/100|[from] confusion\n|move|p1a: Zapdos|Hurricane|p2a: Sandy Shocks\n|-resisted|p2a: Sandy Shocks\n|-damage|p2a: Sandy Shocks|37\/100\n|\n|upkeep\n|turn|4\n|\n|t:|1700880017\n|-activate|p2a: Sandy Shocks|confusion\n|move|p2a: Sandy Shocks|Thunderbolt|p1a: Zapdos\n|-damage|p1a: Zapdos|56\/100\n|move|p1a: Zapdos|Hurricane|p2a: Sandy Shocks\n|-resisted|p2a: Sandy Shocks\n|-damage|p2a: Sandy Shocks|7\/100\n|\n|upkeep\n|turn|5\n|\n|t:|1700880029\n|-activate|p2a: Sandy Shocks|confusion\n|move|p2a: Sandy Shocks|Thunderbolt|p1a: Zapdos\n|-damage|p1a: Zapdos|17\/100\n|move|p1a: Zapdos|Roost|p1a: Zapdos\n|-heal|p1a: Zapdos|67\/100\n|-singleturn|p1a: Zapdos|move: Roost\n|\n|upkeep\n|turn|6\n|\n|t:|1700880034\n|-activate|p2a: Sandy Shocks|confusion\n|-damage|p2a: Sandy Shocks|1\/100|[from] confusion\n|move|p1a: Zapdos|Roost|p1a: Zapdos\n|-heal|p1a: Zapdos|100\/100\n|-singleturn|p1a: Zapdos|move: Roost\n|\n|upkeep\n|turn|7\n|\n|t:|1700880041\n|-end|p2a: Sandy Shocks|confusion\n|move|p2a: Sandy Shocks|Thunderbolt|p1a: Zapdos\n|-damage|p1a: Zapdos|60\/100\n|move|p1a: Zapdos|Hurricane|p2a: Sandy Shocks\n|-resisted|p2a: Sandy Shocks\n|-crit|p2a: Sandy Shocks\n|-damage|p2a: Sandy Shocks|0 fnt\n|faint|p2a: Sandy Shocks\n|-end|p2a: Sandy Shocks|Protosynthesis|[silent]\n|\n|upkeep\n|\n|t:|1700880057\n|switch|p2a: Dragapult|Dragapult, F|100\/100\n|turn|8\n|\n|t:|1700880084\n|move|p2a: Dragapult|Dragon Dance|p2a: Dragapult\n|-boost|p2a: Dragapult|atk|1\n|-boost|p2a: Dragapult|spe|1\n|move|p1a: Zapdos|Thunder Wave|p2a: Dragapult\n|-status|p2a: Dragapult|par\n|\n|upkeep\n|turn|9\n|\n|t:|1700880104\n|move|p1a: Zapdos|Hurricane|p2a: Dragapult|[miss]\n|-miss|p1a: Zapdos|p2a: Dragapult\n|move|p2a: Dragapult|Dragon Dance|p2a: Dragapult\n|-boost|p2a: Dragapult|atk|1\n|-boost|p2a: Dragapult|spe|1\n|\n|upkeep\n|turn|10\n|\n|t:|1700880115\n|move|p2a: Dragapult|Phantom Force||[still]\n|-prepare|p2a: Dragapult|Phantom Force\n|move|p1a: Zapdos|Hurricane|p2a: Dragapult|[miss]\n|-miss|p1a: Zapdos|p2a: Dragapult\n|\n|upkeep\n|turn|11\n|\n|t:|1700880122\n|move|p2a: Dragapult|Phantom Force|p1a: Zapdos|[from]lockedmove\n|-damage|p1a: Zapdos|0 fnt\n|faint|p1a: Zapdos\n|-damage|p2a: Dragapult|91\/100 par|[from] item: Life Orb\n|\n|upkeep\n|\n|t:|1700880127\n|switch|p1a: Garganacl|Garganacl, F|100\/100\n|-damage|p1a: Garganacl|88\/100|[from] Stealth Rock\n|turn|12\n|\n|t:|1700880131\n|-terastallize|p1a: Garganacl|Fairy\n|move|p2a: Dragapult|Dragon Darts|p1a: Garganacl\n|-immune|p1a: Garganacl\n|move|p1a: Garganacl|Iron Defense|p1a: Garganacl\n|-boost|p1a: Garganacl|def|2\n|\n|-heal|p1a: Garganacl|94\/100|[from] item: Leftovers\n|upkeep\n|turn|13\n|\n|t:|1700880142\n|switch|p2a: Kingambit|Kingambit, M|100\/100\n|-activate|p2a: Kingambit|ability: Supreme Overlord\n|-start|p2a: Kingambit|fallen1|[silent]\n|move|p1a: Garganacl|Iron Defense|p1a: Garganacl\n|-boost|p1a: Garganacl|def|2\n|\n|-heal|p1a: Garganacl|100\/100|[from] item: Leftovers\n|upkeep\n|turn|14\n|\n|t:|1700880149\n|move|p2a: Kingambit|Swords Dance|p2a: Kingambit\n|-boost|p2a: Kingambit|atk|2\n|move|p1a: Garganacl|Iron Defense|p1a: Garganacl\n|-boost|p1a: Garganacl|def|2\n|\n|upkeep\n|turn|15\n|\n|t:|1700880152\n|move|p2a: Kingambit|Swords Dance|p2a: Kingambit\n|-boost|p2a: Kingambit|atk|2\n|move|p1a: Garganacl|Body Press|p2a: Kingambit\n|-supereffective|p2a: Kingambit\n|-damage|p2a: Kingambit|0 fnt\n|faint|p2a: Kingambit\n|-end|p2a: Kingambit|fallen1|[silent]\n|\n|upkeep\n|\n|t:|1700880161\n|switch|p2a: Iron Valiant|Iron Valiant|100\/100\n|-enditem|p2a: Iron Valiant|Booster Energy\n|-activate|p2a: Iron Valiant|ability: Quark Drive|[fromitem]\n|-start|p2a: Iron Valiant|quarkdrivespe\n|turn|16\n|\n|t:|1700880168\n|-terastallize|p2a: Iron Valiant|Fairy\n|move|p2a: Iron Valiant|Moonblast|p1a: Garganacl\n|-damage|p1a: Garganacl|59\/100\n|move|p1a: Garganacl|Body Press|p2a: Iron Valiant\n|-resisted|p2a: Iron Valiant\n|-damage|p2a: Iron Valiant|40\/100\n|\n|-heal|p1a: Garganacl|65\/100|[from] item: Leftovers\n|upkeep\n|turn|17\n|\n|t:|1700880175\n|move|p2a: Iron Valiant|Moonblast|p1a: Garganacl\n|-damage|p1a: Garganacl|25\/100\n|move|p1a: Garganacl|Recover|p1a: Garganacl\n|-heal|p1a: Garganacl|75\/100\n|\n|-heal|p1a: Garganacl|81\/100|[from] item: Leftovers\n|upkeep\n|turn|18\n|\n|t:|1700880187\n|move|p2a: Iron Valiant|Moonblast|p1a: Garganacl\n|-damage|p1a: Garganacl|43\/100\n|move|p1a: Garganacl|Body Press|p2a: Iron Valiant\n|-resisted|p2a: Iron Valiant\n|-damage|p2a: Iron Valiant|0 fnt\n|faint|p2a: Iron Valiant\n|-end|p2a: Iron Valiant|Quark Drive|[silent]\n|\n|-heal|p1a: Garganacl|49\/100|[from] item: Leftovers\n|upkeep\n|\n|t:|1700880202\n|switch|p2a: Rillaboom|Rillaboom, F|100\/100\n|-fieldstart|move: Grassy Terrain|[from] ability: Grassy Surge|[of] p2a: Rillaboom\n|turn|19\n|\n|t:|1700880206\n|move|p2a: Rillaboom|Wood Hammer|p1a: Garganacl\n|-damage|p1a: Garganacl|29\/100\n|-damage|p2a: Rillaboom|93\/100|[from] Recoil\n|move|p1a: Garganacl|Recover|p1a: Garganacl\n|-heal|p1a: Garganacl|79\/100\n|\n|-heal|p2a: Rillaboom|99\/100|[from] Grassy Terrain\n|-heal|p1a: Garganacl|85\/100|[from] Grassy Terrain\n|-heal|p1a: Garganacl|91\/100|[from] item: Leftovers\n|upkeep\n|turn|20\n|\n|t:|1700880210\n|move|p2a: Rillaboom|Wood Hammer|p1a: Garganacl\n|-damage|p1a: Garganacl|70\/100\n|-damage|p2a: Rillaboom|90\/100|[from] Recoil\n|move|p1a: Garganacl|Body Press|p2a: Rillaboom\n|-damage|p2a: Rillaboom|0 fnt\n|faint|p2a: Rillaboom\n|\n|-heal|p1a: Garganacl|76\/100|[from] Grassy Terrain\n|-heal|p1a: Garganacl|82\/100|[from] item: Leftovers\n|upkeep\n|-message|Chieftaco33 forfeited.\n|\n|win|funforall\n|raw|funforall's rating: 1519 &rarr; <strong>1543<\/strong><br \/>(+24 for winning)\n|raw|Chieftaco33's rating: 1598 &rarr; <strong>1574<\/strong><br \/>(-24 for losing)\n|l|\u2606Chieftaco33\n|l|\u2606funforall\n","uploadtime":1700880230,"views":1,"p1id":"funforall","p2id":"chieftaco33","formatid":"gen9ou","rating":1543,"private":0,"password":""}