{"id":"gen9ou-1996073843","p1":"Chili90909","p2":"Skaraptor2.1","format":"[Gen 9] OU","log":"|j|\u2606Chili90909\n|j|\u2606Skaraptor2.1\n|t:|1700639737\n|gametype|singles\n|player|p1|Chili90909|caitlin|1374\n|player|p2|Skaraptor2.1|bodybuilderf-gen9|1291\n|teamsize|p1|6\n|teamsize|p2|6\n|gen|9\n|tier|[Gen 9] OU\n|rated|\n|rule|Sleep Clause Mod: Limit one foe put to sleep\n|rule|Species Clause: Limit one of each Pok\u00e9mon\n|rule|OHKO Clause: OHKO moves are banned\n|rule|Evasion Items Clause: Evasion items are banned\n|rule|Evasion Moves Clause: Evasion moves are banned\n|rule|Endless Battle Clause: Forcing endless battles is banned\n|rule|HP Percentage Mod: HP is shown in percentages\n|clearpoke\n|poke|p1|Kingambit, F|\n|poke|p1|Torkoal, F|\n|poke|p1|Walking Wake|\n|poke|p1|Cinderace, F|\n|poke|p1|Dragonite, F|\n|poke|p1|Garganacl, M|\n|poke|p2|Ribombee, M|\n|poke|p2|Ogerpon-Wellspring, F|\n|poke|p2|Corviknight, F|\n|poke|p2|Zamazenta-*|\n|poke|p2|Iron Valiant|\n|poke|p2|Kingambit, F|\n|teampreview\n|inactive|Battle timer is ON: inactive players will automatically lose when time's up. (requested by Skaraptor2.1)\n|\n|t:|1700639761\n|start\n|switch|p1a: Torkoal|Torkoal, F|100\/100\n|switch|p2a: Transfem|Ogerpon-Wellspring, F|100\/100\n|-weather|SunnyDay|[from] ability: Drought|[of] p1a: Torkoal\n|turn|1\n|\n|t:|1700639771\n|move|p2a: Transfem|Swords Dance|p2a: Transfem\n|-boost|p2a: Transfem|atk|2\n|move|p1a: Torkoal|Stealth Rock|p2a: Transfem\n|-sidestart|p2: Skaraptor2.1|move: Stealth Rock\n|\n|-weather|SunnyDay|[upkeep]\n|upkeep\n|turn|2\n|\n|t:|1700639779\n|move|p2a: Transfem|Knock Off|p1a: Torkoal\n|-damage|p1a: Torkoal|60\/100\n|-enditem|p1a: Torkoal|Heat Rock|[from] move: Knock Off|[of] p2a: Transfem\n|move|p1a: Torkoal|Yawn|p2a: Transfem\n|-start|p2a: Transfem|move: Yawn|[of] p1a: Torkoal\n|\n|-weather|SunnyDay|[upkeep]\n|upkeep\n|turn|3\n|\n|t:|1700639786\n|switch|p2a: Selling my soul|Corviknight, F|100\/100\n|-damage|p2a: Selling my soul|88\/100|[from] Stealth Rock\n|-ability|p2a: Selling my soul|Pressure\n|move|p1a: Torkoal|Lava Plume|p2a: Selling my soul\n|-supereffective|p2a: Selling my soul\n|-crit|p2a: Selling my soul\n|-damage|p2a: Selling my soul|0 fnt\n|faint|p2a: Selling my soul\n|\n|-weather|SunnyDay|[upkeep]\n|upkeep\n|\n|t:|1700639795\n|switch|p2a: Transfem|Ogerpon-Wellspring, F|100\/100\n|-damage|p2a: Transfem|88\/100|[from] Stealth Rock\n|turn|4\n|\n|t:|1700639801\n|switch|p1a: Dragonite|Dragonite, F|100\/100\n|move|p2a: Transfem|Ivy Cudgel|p1a: Dragonite|[anim] Ivy Cudgel Water\n|-resisted|p1a: Dragonite\n|-crit|p1a: Dragonite\n|-damage|p1a: Dragonite|87\/100\n|\n|-weather|SunnyDay|[upkeep]\n|upkeep\n|turn|5\n|\n|t:|1700639806\n|move|p2a: Transfem|Knock Off|p1a: Dragonite\n|-damage|p1a: Dragonite|49\/100\n|-enditem|p1a: Dragonite|Heavy-Duty Boots|[from] move: Knock Off|[of] p2a: Transfem\n|move|p1a: Dragonite|Dragon Dance|p1a: Dragonite\n|-boost|p1a: Dragonite|atk|1\n|-boost|p1a: Dragonite|spe|1\n|\n|-weather|SunnyDay|[upkeep]\n|upkeep\n|turn|6\n|\n|t:|1700639815\n|move|p1a: Dragonite|Fire Punch|p2a: Transfem\n|-crit|p2a: Transfem\n|-damage|p2a: Transfem|0 fnt\n|faint|p2a: Transfem\n|\n|-weather|SunnyDay|[upkeep]\n|upkeep\n|\n|t:|1700639818\n|switch|p2a: Defender of Trans|Zamazenta, shiny|100\/100\n|-damage|p2a: Defender of Trans|94\/100|[from] Stealth Rock\n|-ability|p2a: Defender of Trans|Dauntless Shield|boost\n|-boost|p2a: Defender of Trans|def|1\n|turn|7\n|\n|t:|1700639823\n|move|p1a: Dragonite|Fire Punch|p2a: Defender of Trans\n|-damage|p2a: Defender of Trans|64\/100\n|move|p2a: Defender of Trans|Iron Defense|p2a: Defender of Trans\n|-boost|p2a: Defender of Trans|def|2\n|\n|-weather|SunnyDay|[upkeep]\n|-heal|p2a: Defender of Trans|70\/100|[from] item: Leftovers\n|upkeep\n|turn|8\n|inactive|Chili90909 has 120 seconds left.\n|\n|t:|1700639860\n|switch|p1a: Walking Wake|Walking Wake|100\/100\n|-activate|p1a: Walking Wake|ability: Protosynthesis\n|-start|p1a: Walking Wake|protosynthesisspe\n|move|p2a: Defender of Trans|Crunch|p1a: Walking Wake\n|-damage|p1a: Walking Wake|75\/100\n|\n|-weather|none\n|-end|p1a: Walking Wake|Protosynthesis\n|-heal|p2a: Defender of Trans|77\/100|[from] item: Leftovers\n|upkeep\n|turn|9\n|\n|t:|1700639865\n|move|p2a: Defender of Trans|Body Press|p1a: Walking Wake\n|-damage|p1a: Walking Wake|0 fnt\n|faint|p1a: Walking Wake\n|-end|p1a: Walking Wake|Protosynthesis|[silent]\n|\n|-heal|p2a: Defender of Trans|83\/100|[from] item: Leftovers\n|upkeep\n|inactive|Chili90909 has 120 seconds left.\n|\n|t:|1700639876\n|switch|p1a: Torkoal|Torkoal, F|60\/100\n|-weather|SunnyDay|[from] ability: Drought|[of] p1a: Torkoal\n|turn|10\n|\n|t:|1700639881\n|move|p2a: Defender of Trans|Body Press|p1a: Torkoal\n|-damage|p1a: Torkoal|6\/100\n|move|p1a: Torkoal|Yawn|p2a: Defender of Trans\n|-start|p2a: Defender of Trans|move: Yawn|[of] p1a: Torkoal\n|\n|-weather|SunnyDay|[upkeep]\n|-heal|p2a: Defender of Trans|89\/100|[from] item: Leftovers\n|upkeep\n|turn|11\n|\n|t:|1700639887\n|switch|p2a: Bigender|Iron Valiant|100\/100\n|-damage|p2a: Bigender|94\/100|[from] Stealth Rock\n|-enditem|p2a: Bigender|Booster Energy\n|-activate|p2a: Bigender|ability: Quark Drive|[fromitem]\n|-start|p2a: Bigender|quarkdrivespe\n|move|p1a: Torkoal|Lava Plume|p2a: Bigender\n|-damage|p2a: Bigender|33\/100\n|-status|p2a: Bigender|brn\n|\n|-weather|SunnyDay|[upkeep]\n|-damage|p2a: Bigender|27\/100 brn|[from] brn\n|upkeep\n|turn|12\n|\n|t:|1700639898\n|move|p2a: Bigender|Thunderbolt|p1a: Torkoal\n|-damage|p1a: Torkoal|0 fnt\n|faint|p1a: Torkoal\n|\n|-weather|SunnyDay|[upkeep]\n|-damage|p2a: Bigender|21\/100 brn|[from] brn\n|upkeep\n|\n|t:|1700639902\n|switch|p1a: Cinderace|Cinderace, F|100\/100\n|turn|13\n|\n|t:|1700639907\n|move|p1a: Cinderace|Sucker Punch||[still]\n|-fail|p1a: Cinderace\n|move|p2a: Bigender|Destiny Bond|p2a: Bigender\n|-singlemove|p2a: Bigender|Destiny Bond\n|\n|-weather|SunnyDay|[upkeep]\n|-damage|p2a: Bigender|14\/100 brn|[from] brn\n|upkeep\n|turn|14\n|\n|t:|1700639912\n|switch|p1a: Dragonite|Dragonite, F|49\/100\n|move|p2a: Bigender|Thunderbolt|p1a: Dragonite\n|-damage|p1a: Dragonite|19\/100\n|\n|-weather|none\n|-damage|p2a: Bigender|8\/100 brn|[from] brn\n|upkeep\n|turn|15\n|\n|t:|1700639920\n|switch|p1a: Garganacl|Garganacl, M|100\/100\n|move|p2a: Bigender|Thunderbolt|p1a: Garganacl\n|-damage|p1a: Garganacl|82\/100\n|\n|-heal|p1a: Garganacl|88\/100|[from] item: Leftovers\n|-damage|p2a: Bigender|2\/100 brn|[from] brn\n|upkeep\n|turn|16\n|\n|t:|1700639925\n|move|p1a: Garganacl|Protect|p1a: Garganacl\n|-singleturn|p1a: Garganacl|Protect\n|move|p2a: Bigender|Moonblast|p1a: Garganacl\n|-activate|p1a: Garganacl|move: Protect\n|\n|-heal|p1a: Garganacl|94\/100|[from] item: Leftovers\n|-damage|p2a: Bigender|0 fnt|[from] brn\n|faint|p2a: Bigender\n|-end|p2a: Bigender|Quark Drive|[silent]\n|upkeep\n|\n|t:|1700639930\n|switch|p2a: Twink|Ribombee, M|100\/100\n|-damage|p2a: Twink|76\/100|[from] Stealth Rock\n|turn|17\n|\n|t:|1700639932\n|move|p2a: Twink|Skill Swap|p1a: Garganacl\n|-activate|p2a: Twink|move: Skill Swap|Purifying Salt|Shield Dust|[of] p1a: Garganacl\n|move|p1a: Garganacl|Salt Cure|p2a: Twink\n|-supereffective|p2a: Twink\n|-damage|p2a: Twink|31\/100\n|-start|p2a: Twink|Salt Cure\n|\n|-heal|p1a: Garganacl|100\/100|[from] item: Leftovers\n|-damage|p2a: Twink|19\/100|[from] Salt Cure\n|upkeep\n|turn|18\n|\n|t:|1700639941\n|move|p1a: Garganacl|Protect|p1a: Garganacl\n|-singleturn|p1a: Garganacl|Protect\n|move|p2a: Twink|Stun Spore|p1a: Garganacl\n|-activate|p1a: Garganacl|move: Protect\n|\n|-damage|p2a: Twink|6\/100|[from] Salt Cure\n|upkeep\n|turn|19\n|\n|t:|1700639949\n|switch|p1a: Dragonite|Dragonite, F|19\/100\n|move|p2a: Twink|Stun Spore|p1a: Dragonite\n|-status|p1a: Dragonite|par\n|\n|-damage|p2a: Twink|0 fnt|[from] Salt Cure\n|faint|p2a: Twink\n|upkeep\n|\n|t:|1700639953\n|switch|p2a: Defender of Trans|Zamazenta, shiny|89\/100\n|-damage|p2a: Defender of Trans|83\/100|[from] Stealth Rock\n|turn|20\n|\n|t:|1700639964\n|switch|p1a: Garganacl|Garganacl, M|100\/100\n|move|p2a: Defender of Trans|Iron Defense|p2a: Defender of Trans\n|-boost|p2a: Defender of Trans|def|2\n|\n|-heal|p2a: Defender of Trans|89\/100|[from] item: Leftovers\n|upkeep\n|turn|21\n|\n|t:|1700639970\n|-terastallize|p1a: Garganacl|Ghost\n|move|p2a: Defender of Trans|Body Press|p1a: Garganacl\n|-immune|p1a: Garganacl\n|move|p1a: Garganacl|Salt Cure|p2a: Defender of Trans\n|-resisted|p2a: Defender of Trans\n|-damage|p2a: Defender of Trans|87\/100\n|-start|p2a: Defender of Trans|Salt Cure\n|\n|-heal|p2a: Defender of Trans|93\/100|[from] item: Leftovers\n|-damage|p2a: Defender of Trans|81\/100|[from] Salt Cure\n|upkeep\n|turn|22\n|\n|t:|1700639975\n|switch|p2a: Queengambit|Kingambit, F|100\/100\n|-damage|p2a: Queengambit|94\/100|[from] Stealth Rock\n|-activate|p2a: Queengambit|ability: Supreme Overlord\n|-start|p2a: Queengambit|fallen4|[silent]\n|move|p1a: Garganacl|Protect||[still]\n|-fail|p1a: Garganacl\n|\n|-heal|p2a: Queengambit|100\/100|[from] item: Leftovers\n|upkeep\n|turn|23\n|\n|t:|1700639980\n|switch|p1a: Dragonite|Dragonite, F|19\/100 par\n|move|p2a: Queengambit|Swords Dance|p2a: Queengambit\n|-boost|p2a: Queengambit|atk|2\n|\n|upkeep\n|turn|24\n|\n|t:|1700639985\n|move|p2a: Queengambit|Iron Head|p1a: Dragonite\n|-damage|p1a: Dragonite|0 fnt\n|faint|p1a: Dragonite\n|\n|upkeep\n|\n|t:|1700639990\n|switch|p1a: Kingambit|Kingambit, F|100\/100\n|-activate|p1a: Kingambit|ability: Supreme Overlord\n|-start|p1a: Kingambit|fallen3|[silent]\n|turn|25\n|\n|t:|1700639997\n|-terastallize|p2a: Queengambit|Fairy\n|move|p1a: Kingambit|Low Kick|p2a: Queengambit\n|-resisted|p2a: Queengambit\n|-damage|p2a: Queengambit|83\/100\n|move|p2a: Queengambit|Low Kick|p1a: Kingambit\n|-supereffective|p1a: Kingambit\n|-damage|p1a: Kingambit|0 fnt\n|faint|p1a: Kingambit\n|-end|p1a: Kingambit|fallen3|[silent]\n|\n|-heal|p2a: Queengambit|89\/100|[from] item: Leftovers\n|upkeep\n|\n|t:|1700640004\n|switch|p1a: Cinderace|Cinderace, F|100\/100\n|turn|26\n|\n|t:|1700640023\n|move|p1a: Cinderace|Sucker Punch|p2a: Queengambit\n|-start|p1a: Cinderace|typechange|Dark|[from] ability: Libero\n|-resisted|p2a: Queengambit\n|-damage|p2a: Queengambit|75\/100\n|move|p2a: Queengambit|Low Kick|p1a: Cinderace\n|-supereffective|p1a: Cinderace\n|-crit|p1a: Cinderace\n|-damage|p1a: Cinderace|0 fnt\n|faint|p1a: Cinderace\n|\n|-heal|p2a: Queengambit|82\/100|[from] item: Leftovers\n|upkeep\n|-message|Chili90909 forfeited.\n|\n|win|Skaraptor2.1\n|raw|Chili90909's rating: 1374 &rarr; <strong>1349<\/strong><br \/>(-25 for losing)\n|raw|Skaraptor2.1's rating: 1291 &rarr; <strong>1322<\/strong><br \/>(+31 for winning)\n|l|\u2606Chili90909\n","uploadtime":1700640033,"views":5,"p1id":"chili90909","p2id":"skaraptor21","formatid":"gen9ou","rating":1322,"private":0,"password":""}