{"id":"gen9ou-1994914842","p1":"nickshiker","p2":"RadReaper","format":"[Gen 9] OU","log":"|j|\u2606nickshiker\n|j|\u2606RadReaper\n|t:|1700504276\n|gametype|singles\n|player|p1|nickshiker|169|1118\n|player|p2|RadReaper|bugcatcher-gen4dp|1111\n|teamsize|p1|6\n|teamsize|p2|6\n|gen|9\n|tier|[Gen 9] OU\n|rated|\n|rule|Sleep Clause Mod: Limit one foe put to sleep\n|rule|Species Clause: Limit one of each Pok\u00e9mon\n|rule|OHKO Clause: OHKO moves are banned\n|rule|Evasion Items Clause: Evasion items are banned\n|rule|Evasion Moves Clause: Evasion moves are banned\n|rule|Endless Battle Clause: Forcing endless battles is banned\n|rule|HP Percentage Mod: HP is shown in percentages\n|clearpoke\n|poke|p1|Corviknight, M|\n|poke|p1|Clefable, M|\n|poke|p1|Blissey, F|\n|poke|p1|Alomomola, M|\n|poke|p1|Hatterene, F|\n|poke|p1|Dragonite, M|\n|poke|p2|Articuno-Galar|\n|poke|p2|Mamoswine, F|\n|poke|p2|Landorus-Therian, M|\n|poke|p2|Samurott-Hisui, M|\n|poke|p2|Weezing-Galar, F|\n|poke|p2|Brambleghast, F|\n|teampreview\n|c|\u2606RadReaper|wtf is this\n|c|\u2606nickshiker|my special team\n|inactive|Battle timer is ON: inactive players will automatically lose when time's up. (requested by RadReaper)\n|c|\u2606RadReaper|I dont wanna play your special team\n|c|\u2606nickshiker|an elite set of pokemon desighned for carnag e\n|c|\u2606RadReaper|bring out a different team\n|c|\u2606nickshiker|trust\n|c|\u2606nickshiker|my dudes are chill\n|inactive|nickshiker has 120 seconds left.\n|\n|t:|1700504341\n|start\n|switch|p1a: Clansman|Corviknight, M|100\/100\n|switch|p2a: Samurott|Samurott-Hisui, M|100\/100\n|-ability|p1a: Clansman|Pressure\n|turn|1\n|\n|t:|1700504350\n|move|p2a: Samurott|Swords Dance|p2a: Samurott\n|-boost|p2a: Samurott|atk|2\n|move|p1a: Clansman|Body Press|p2a: Samurott\n|-supereffective|p2a: Samurott\n|-damage|p2a: Samurott|34\/100\n|\n|upkeep\n|turn|2\n|c|\u2606nickshiker|uh oh\n|\n|t:|1700504359\n|move|p2a: Samurott|Aqua Cutter|p1a: Clansman\n|-damage|p1a: Clansman|28\/100\n|move|p1a: Clansman|U-turn|p2a: Samurott\n|-supereffective|p2a: Samurott\n|-damage|p2a: Samurott|0 fnt\n|faint|p2a: Samurott\n|\n|t:|1700504367\n|switch|p1a: as flat as my GF|Alomomola, M|100\/100|[from] U-turn\n|\n|upkeep\n|\n|t:|1700504372\n|switch|p2a: Brambleghast|Brambleghast, F|100\/100\n|turn|3\n|\n|t:|1700504375\n|move|p2a: Brambleghast|Power Whip|p1a: as flat as my GF\n|-supereffective|p1a: as flat as my GF\n|-damage|p1a: as flat as my GF|40\/100\n|move|p1a: as flat as my GF|Wish|p1a: as flat as my GF\n|\n|upkeep\n|turn|4\n|\n|t:|1700504390\n|switch|p1a: Clansman|Corviknight, M|28\/100\n|-ability|p1a: Clansman|Pressure\n|move|p2a: Brambleghast|Power Whip|p1a: Clansman\n|-resisted|p1a: Clansman\n|-damage|p1a: Clansman|18\/100\n|-damage|p2a: Brambleghast|84\/100|[from] item: Rocky Helmet|[of] p1a: Clansman\n|\n|-heal|p1a: Clansman|85\/100|[from] move: Wish|[wisher] as flat as my GF\n|upkeep\n|turn|5\n|\n|t:|1700504409\n|switch|p2a: Articuno|Articuno-Galar, shiny|100\/100\n|move|p1a: Clansman|U-turn|p2a: Articuno\n|-damage|p2a: Articuno|84\/100\n|\n|t:|1700504415\n|switch|p1a: the fat loser kid|Clefable, M|100\/100|[from] U-turn\n|\n|upkeep\n|turn|6\n|\n|t:|1700504424\n|move|p2a: Articuno|Calm Mind|p2a: Articuno\n|-boost|p2a: Articuno|spa|1\n|-boost|p2a: Articuno|spd|1\n|move|p1a: the fat loser kid|Knock Off|p2a: Articuno\n|-supereffective|p2a: Articuno\n|-damage|p2a: Articuno|40\/100\n|-enditem|p2a: Articuno|Weakness Policy\n|-boost|p2a: Articuno|atk|2|[from] item: Weakness Policy\n|-boost|p2a: Articuno|spa|2|[from] item: Weakness Policy\n|\n|upkeep\n|turn|7\n|\n|t:|1700504433\n|move|p2a: Articuno|Stored Power|p1a: the fat loser kid\n|-damage|p1a: the fat loser kid|52\/100\n|move|p1a: the fat loser kid|Moonblast|p2a: Articuno\n|-damage|p2a: Articuno|9\/100\n|-unboost|p2a: Articuno|spa|1\n|-ability|p2a: Articuno|Competitive|boost\n|-boost|p2a: Articuno|spa|2\n|\n|-heal|p1a: the fat loser kid|58\/100|[from] item: Leftovers\n|upkeep\n|turn|8\n|\n|t:|1700504442\n|move|p2a: Articuno|Stored Power|p1a: the fat loser kid\n|-damage|p1a: the fat loser kid|0 fnt\n|faint|p1a: the fat loser kid\n|\n|upkeep\n|\n|t:|1700504449\n|switch|p1a: Part of the kkk|Dragonite, M|100\/100\n|turn|9\n|\n|t:|1700504460\n|switch|p2a: Weezing|Weezing-Galar, F, shiny|100\/100\n|-ability|p2a: Weezing|Neutralizing Gas\n|move|p1a: Part of the kkk|Extreme Speed|p2a: Weezing\n|-damage|p2a: Weezing|79\/100\n|\n|-heal|p2a: Weezing|85\/100|[from] item: Black Sludge\n|upkeep\n|turn|10\n|\n|t:|1700504468\n|move|p1a: Part of the kkk|Dragon Dance|p1a: Part of the kkk\n|-boost|p1a: Part of the kkk|atk|1\n|-boost|p1a: Part of the kkk|spe|1\n|move|p2a: Weezing|Toxic Spikes|p1a: Part of the kkk\n|-sidestart|p1: nickshiker|move: Toxic Spikes\n|\n|-heal|p2a: Weezing|91\/100|[from] item: Black Sludge\n|upkeep\n|turn|11\n|\n|t:|1700504474\n|move|p1a: Part of the kkk|Dragon Dance|p1a: Part of the kkk\n|-boost|p1a: Part of the kkk|atk|1\n|-boost|p1a: Part of the kkk|spe|1\n|move|p2a: Weezing|Toxic Spikes|p1a: Part of the kkk\n|-sidestart|p1: nickshiker|move: Toxic Spikes\n|\n|-heal|p2a: Weezing|97\/100|[from] item: Black Sludge\n|upkeep\n|turn|12\n|c|\u2606nickshiker|bold\n|c|\u2606RadReaper|bro what is that name\n|\n|t:|1700504486\n|move|p1a: Part of the kkk|Dragon Dance|p1a: Part of the kkk\n|-boost|p1a: Part of the kkk|atk|1\n|-boost|p1a: Part of the kkk|spe|1\n|move|p2a: Weezing|Explosion|p1a: Part of the kkk\n|-damage|p1a: Part of the kkk|39\/100\n|faint|p2a: Weezing\n|-end|p2a: Weezing|ability: Neutralizing Gas\n|\n|upkeep\n|\n|t:|1700504492\n|switch|p2a: Mamoswine|Mamoswine, F|100\/100\n|turn|13\n|c|\u2606nickshiker|ur abt to see some white power lmao\n|c|\u2606RadReaper|nah i'd win\n|inactive|nickshiker has 120 seconds left.\n|\n|t:|1700504527\n|-terastallize|p1a: Part of the kkk|Normal\n|-terastallize|p2a: Mamoswine|Ghost\n|move|p1a: Part of the kkk|Extreme Speed|p2a: Mamoswine\n|-immune|p2a: Mamoswine\n|move|p2a: Mamoswine|Ice Shard|p1a: Part of the kkk\n|-crit|p1a: Part of the kkk\n|-damage|p1a: Part of the kkk|5\/100\n|\n|upkeep\n|turn|14\n|c|\u2606RadReaper|get fucked\n|inactive|nickshiker has 120 seconds left.\n|c|\u2606nickshiker|uh oh\n|\n|t:|1700504537\n|move|p2a: Mamoswine|Ice Shard|p1a: Part of the kkk\n|-damage|p1a: Part of the kkk|0 fnt\n|faint|p1a: Part of the kkk\n|\n|upkeep\n|c|\u2606RadReaper|yuh huh\n|inactive|nickshiker has 120 seconds left.\n|c|\u2606nickshiker|ya i just got rolled\n|c|\u2606RadReaper|read your shit\n|\n|t:|1700504550\n|switch|p1a: Clansman|Corviknight, M|85\/100\n|-ability|p1a: Clansman|Pressure\n|turn|15\n|\n|t:|1700504554\n|move|p2a: Mamoswine|Icicle Crash|p1a: Clansman\n|-damage|p1a: Clansman|57\/100\n|move|p1a: Clansman|Defog|p2a: Mamoswine\n|-unboost|p2a: Mamoswine|evasion|1\n|-sideend|p1: nickshiker|Toxic Spikes|[from] move: Defog|[of] p1a: Clansman\n|\n|upkeep\n|turn|16\n|\n|t:|1700504563\n|move|p2a: Mamoswine|Icicle Crash|p1a: Clansman\n|-damage|p1a: Clansman|31\/100\n|move|p1a: Clansman|Roost|p1a: Clansman\n|-heal|p1a: Clansman|81\/100\n|-singleturn|p1a: Clansman|move: Roost\n|\n|upkeep\n|turn|17\n|\n|t:|1700504569\n|switch|p1a: as flat as my GF|Alomomola, M|73\/100\n|move|p2a: Mamoswine|Earthquake|p1a: as flat as my GF\n|-damage|p1a: as flat as my GF|45\/100\n|\n|upkeep\n|turn|18\n|\n|t:|1700504580\n|switch|p2a: Landorus|Landorus-Therian, M|100\/100\n|-ability|p2a: Landorus|Intimidate|boost\n|-unboost|p1a: as flat as my GF|atk|1\n|move|p1a: as flat as my GF|Wish|p1a: as flat as my GF\n|\n|upkeep\n|turn|19\n|\n|t:|1700504585\n|move|p1a: as flat as my GF|Protect|p1a: as flat as my GF\n|-singleturn|p1a: as flat as my GF|Protect\n|move|p2a: Landorus|Stealth Rock|p1a: as flat as my GF\n|-sidestart|p1: nickshiker|move: Stealth Rock\n|\n|-heal|p1a: as flat as my GF|95\/100|[from] move: Wish|[wisher] as flat as my GF\n|upkeep\n|turn|20\n|\n|t:|1700504591\n|move|p2a: Landorus|U-turn|p1a: as flat as my GF\n|-damage|p1a: as flat as my GF|83\/100\n|\n|t:|1700504593\n|switch|p2a: Articuno|Articuno-Galar, shiny|9\/100|[from] U-turn\n|move|p1a: as flat as my GF|Scald|p2a: Articuno\n|-damage|p2a: Articuno|0 fnt\n|faint|p2a: Articuno\n|\n|upkeep\n|\n|t:|1700504606\n|switch|p2a: Brambleghast|Brambleghast, F|84\/100\n|turn|21\n|inactive|nickshiker has 120 seconds left.\n|\n|t:|1700504664\n|switch|p1a: Clansman|Corviknight, M|81\/100\n|-damage|p1a: Clansman|69\/100|[from] Stealth Rock\n|-ability|p1a: Clansman|Pressure\n|move|p2a: Brambleghast|Poltergeist|p1a: Clansman\n|-activate|p1a: Clansman|move: Poltergeist|Rocky Helmet\n|-damage|p1a: Clansman|39\/100\n|\n|upkeep\n|turn|22\n|\n|t:|1700504676\n|move|p2a: Brambleghast|Poltergeist|p1a: Clansman\n|-activate|p1a: Clansman|move: Poltergeist|Rocky Helmet\n|-damage|p1a: Clansman|8\/100\n|move|p1a: Clansman|Roost|p1a: Clansman\n|-heal|p1a: Clansman|58\/100\n|-singleturn|p1a: Clansman|move: Roost\n|\n|upkeep\n|turn|23\n|c|\u2606RadReaper|nahi'd crit\n|\n|t:|1700504687\n|move|p2a: Brambleghast|Poltergeist|p1a: Clansman\n|-activate|p1a: Clansman|move: Poltergeist|Rocky Helmet\n|-damage|p1a: Clansman|26\/100\n|move|p1a: Clansman|Roost|p1a: Clansman\n|-heal|p1a: Clansman|76\/100\n|-singleturn|p1a: Clansman|move: Roost\n|\n|upkeep\n|turn|24\n|\n|t:|1700504696\n|move|p2a: Brambleghast|Poltergeist|p1a: Clansman\n|-activate|p1a: Clansman|move: Poltergeist|Rocky Helmet\n|-damage|p1a: Clansman|42\/100\n|move|p1a: Clansman|Roost|p1a: Clansman\n|-heal|p1a: Clansman|92\/100\n|-singleturn|p1a: Clansman|move: Roost\n|\n|upkeep\n|turn|25\n|c|\u2606RadReaper|nah i'd crit\n|\n|t:|1700504707\n|switch|p2a: Mamoswine|Mamoswine, F, tera:Ghost|100\/100\n|move|p1a: Clansman|Defog|p2a: Mamoswine\n|-unboost|p2a: Mamoswine|evasion|1\n|-sideend|p1: nickshiker|Stealth Rock|[from] move: Defog|[of] p1a: Clansman\n|\n|upkeep\n|turn|26\n|c|\u2606nickshiker|hmm its not over yet lmao\n|\n|t:|1700504715\n|move|p2a: Mamoswine|Icicle Crash|p1a: Clansman\n|-crit|p1a: Clansman\n|-damage|p1a: Clansman|54\/100\n|move|p1a: Clansman|U-turn|p2a: Mamoswine\n|-resisted|p2a: Mamoswine\n|-damage|p2a: Mamoswine|92\/100\n|c|\u2606RadReaper|i didnt crit\n|\n|t:|1700504729\n|switch|p1a: the fat funy kid|Blissey, F|100\/100|[from] U-turn\n|\n|upkeep\n|turn|27\n|\n|t:|1700504736\n|move|p2a: Mamoswine|Earthquake|p1a: the fat funy kid\n|-damage|p1a: the fat funy kid|42\/100\n|move|p1a: the fat funy kid|Stealth Rock|p2a: Mamoswine\n|-sidestart|p2: RadReaper|move: Stealth Rock\n|\n|upkeep\n|turn|28\n|c|\u2606nickshiker|you did wit swine tho\n|c|\u2606nickshiker|:)\n|inactive|nickshiker has 120 seconds left.\n|\n|t:|1700504750\n|switch|p1a: Clansman|Corviknight, M|54\/100\n|-ability|p1a: Clansman|Pressure\n|move|p2a: Mamoswine|Earthquake|p1a: Clansman\n|-immune|p1a: Clansman\n|\n|upkeep\n|turn|29\n|\n|t:|1700504759\n|move|p2a: Mamoswine|Icicle Crash|p1a: Clansman\n|-damage|p1a: Clansman|26\/100\n|cant|p1a: Clansman|flinch\n|\n|upkeep\n|turn|30\n|\n|t:|1700504765\n|switch|p1a: as flat as my GF|Alomomola, M|100\/100\n|move|p2a: Mamoswine|Icicle Crash|p1a: as flat as my GF\n|-resisted|p1a: as flat as my GF\n|-damage|p1a: as flat as my GF|89\/100\n|\n|upkeep\n|turn|31\n|c|\u2606RadReaper|nah i'd flinch\n|\n|t:|1700504773\n|switch|p2a: Brambleghast|Brambleghast, F|84\/100\n|-damage|p2a: Brambleghast|72\/100|[from] Stealth Rock\n|move|p1a: as flat as my GF|Wish|p1a: as flat as my GF\n|\n|upkeep\n|turn|32\n|\n|t:|1700504779\n|move|p2a: Brambleghast|Power Whip|p1a: as flat as my GF\n|-supereffective|p1a: as flat as my GF\n|-damage|p1a: as flat as my GF|30\/100\n|move|p1a: as flat as my GF|Flip Turn|p2a: Brambleghast\n|-resisted|p2a: Brambleghast\n|-crit|p2a: Brambleghast\n|-damage|p2a: Brambleghast|49\/100\n|\n|t:|1700504786\n|switch|p1a: Clansman|Corviknight, M|26\/100|[from] Flip Turn\n|-ability|p1a: Clansman|Pressure\n|\n|-heal|p1a: Clansman|92\/100|[from] move: Wish|[wisher] as flat as my GF\n|upkeep\n|turn|33\n|\n|t:|1700504792\n|move|p2a: Brambleghast|Power Whip|p1a: Clansman|[miss]\n|-miss|p2a: Brambleghast|p1a: Clansman\n|move|p1a: Clansman|U-turn|p2a: Brambleghast\n|-damage|p2a: Brambleghast|24\/100\n|c|\u2606RadReaper|nah i'd quit\n|-message|RadReaper forfeited.\n|\n|win|nickshiker\n|raw|nickshiker's rating: 1118 &rarr; <strong>1142<\/strong><br \/>(+24 for winning)\n|raw|RadReaper's rating: 1111 &rarr; <strong>1087<\/strong><br \/>(-24 for losing)\n|l|\u2606RadReaper\n","uploadtime":1700504533,"views":21,"p1id":"nickshiker","p2id":"radreaper","formatid":"gen9ou","rating":1087,"private":0,"password":""}