{"id":"gen9ou-1990970146","p1":"Thelaw1307","p2":"F1ngers","format":"[Gen 9] OU","log":"|j|\u2606Thelaw1307\n|j|\u2606F1ngers\n|t:|1700021368\n|gametype|singles\n|player|p1|Thelaw1307|dawn|1083\n|player|p2|F1ngers|waiter|1017\n|teamsize|p1|6\n|teamsize|p2|6\n|gen|9\n|tier|[Gen 9] OU\n|rated|\n|rule|Sleep Clause Mod: Limit one foe put to sleep\n|rule|Species Clause: Limit one of each Pok\u00e9mon\n|rule|OHKO Clause: OHKO moves are banned\n|rule|Evasion Items Clause: Evasion items are banned\n|rule|Evasion Moves Clause: Evasion moves are banned\n|rule|Endless Battle Clause: Forcing endless battles is banned\n|rule|HP Percentage Mod: HP is shown in percentages\n|clearpoke\n|poke|p1|Mandibuzz, F|\n|poke|p1|Gardevoir, F|\n|poke|p1|Gholdengo|\n|poke|p1|Great Tusk|\n|poke|p1|Quaquaval, M|\n|poke|p1|Ceruledge, M|\n|poke|p2|Glimmora, M|\n|poke|p2|Garchomp, F|\n|poke|p2|Magnezone|\n|poke|p2|Chansey, F|\n|poke|p2|Slowking, F|\n|poke|p2|Rotom-Heat|\n|teampreview\n|\n|t:|1700021397\n|start\n|switch|p1a: Great Tusk|Great Tusk|100\/100\n|switch|p2a: Glimmora|Glimmora, M, shiny|100\/100\n|turn|1\n|\n|t:|1700021413\n|move|p1a: Great Tusk|Headlong Rush|p2a: Glimmora\n|-supereffective|p2a: Glimmora\n|-damage|p2a: Glimmora|0 fnt\n|-unboost|p1a: Great Tusk|def|1\n|-unboost|p1a: Great Tusk|spd|1\n|-damage|p1a: Great Tusk|84\/100|[from] item: Rocky Helmet|[of] p2a: Glimmora\n|-activate|p2a: Glimmora|ability: Toxic Debris\n|-sidestart|p1: Thelaw1307|move: Toxic Spikes\n|faint|p2a: Glimmora\n|\n|upkeep\n|inactive|Battle timer is ON: inactive players will automatically lose when time's up. (requested by Thelaw1307)\n|\n|t:|1700021449\n|switch|p2a: Garchomp|Garchomp, F|100\/100\n|turn|2\n|inactiveoff|Battle timer is now OFF.\n|\n|t:|1700021474\n|-end|p1a: Great Tusk|Protosynthesis|[silent]\n|switch|p1a: Mandibuzz|Mandibuzz, F|100\/100\n|move|p2a: Garchomp|Swords Dance|p2a: Garchomp\n|-boost|p2a: Garchomp|atk|2\n|\n|upkeep\n|turn|3\n|\n|t:|1700021484\n|move|p2a: Garchomp|Earthquake|p1a: Mandibuzz\n|-immune|p1a: Mandibuzz\n|move|p1a: Mandibuzz|Foul Play|p2a: Garchomp\n|-enditem|p2a: Garchomp|Focus Sash\n|-damage|p2a: Garchomp|1\/100\n|-damage|p1a: Mandibuzz|88\/100|[from] ability: Rough Skin|[of] p2a: Garchomp\n|\n|upkeep\n|turn|4\n|\n|t:|1700021501\n|move|p2a: Garchomp|Outrage|p1a: Mandibuzz\n|-damage|p1a: Mandibuzz|20\/100\n|move|p1a: Mandibuzz|Foul Play|p2a: Garchomp\n|-damage|p2a: Garchomp|0 fnt\n|-damage|p1a: Mandibuzz|8\/100|[from] ability: Rough Skin|[of] p2a: Garchomp\n|faint|p2a: Garchomp\n|\n|upkeep\n|\n|t:|1700021511\n|switch|p2a: Chansey|Chansey, F|100\/100\n|turn|5\n|\n|t:|1700021518\n|move|p1a: Mandibuzz|Roost|p1a: Mandibuzz\n|-heal|p1a: Mandibuzz|58\/100\n|-singleturn|p1a: Mandibuzz|move: Roost\n|move|p2a: Chansey|Seismic Toss|p1a: Mandibuzz\n|-damage|p1a: Mandibuzz|34\/100\n|\n|upkeep\n|turn|6\n|\n|t:|1700021528\n|move|p1a: Mandibuzz|Roost|p1a: Mandibuzz\n|-heal|p1a: Mandibuzz|84\/100\n|-singleturn|p1a: Mandibuzz|move: Roost\n|move|p2a: Chansey|Seismic Toss|p1a: Mandibuzz\n|-damage|p1a: Mandibuzz|61\/100\n|\n|upkeep\n|turn|7\n|\n|t:|1700021537\n|switch|p2a: Magnezone|Magnezone, shiny|100\/100\n|move|p1a: Mandibuzz|Roost|p1a: Mandibuzz\n|-heal|p1a: Mandibuzz|100\/100\n|-singleturn|p1a: Mandibuzz|move: Roost\n|\n|upkeep\n|turn|8\n|\n|t:|1700021547\n|switch|p1a: Great Tusk|Great Tusk|84\/100\n|-status|p1a: Great Tusk|psn\n|move|p2a: Magnezone|Thunderbolt|p1a: Great Tusk\n|-immune|p1a: Great Tusk\n|\n|-damage|p1a: Great Tusk|71\/100 psn|[from] psn\n|upkeep\n|turn|9\n|\n|t:|1700021557\n|switch|p2a: Slowking|Slowking, F, shiny|100\/100\n|move|p1a: Great Tusk|Rapid Spin|p2a: Slowking\n|-damage|p2a: Slowking|85\/100\n|-boost|p1a: Great Tusk|spe|1\n|-sideend|p1: Thelaw1307|Toxic Spikes|[from] move: Rapid Spin|[of] p1a: Great Tusk\n|\n|-damage|p1a: Great Tusk|59\/100 psn|[from] psn\n|upkeep\n|turn|10\n|\n|t:|1700021565\n|move|p1a: Great Tusk|Knock Off|p2a: Slowking\n|-supereffective|p2a: Slowking\n|-damage|p2a: Slowking|28\/100\n|-enditem|p2a: Slowking|Heavy-Duty Boots|[from] move: Knock Off|[of] p1a: Great Tusk\n|move|p2a: Slowking|Grass Knot|p1a: Great Tusk\n|-supereffective|p1a: Great Tusk\n|-damage|p1a: Great Tusk|0 fnt\n|-damage|p2a: Slowking|11\/100|[from] item: Rocky Helmet|[of] p1a: Great Tusk\n|faint|p1a: Great Tusk\n|-end|p1a: Great Tusk|Protosynthesis|[silent]\n|\n|upkeep\n|\n|t:|1700021582\n|switch|p1a: Quaquaval|Quaquaval, M|100\/100\n|turn|11\n|\n|t:|1700021594\n|switch|p2a: Magnezone|Magnezone, shiny|100\/100\n|move|p1a: Quaquaval|Aqua Step|p2a: Magnezone\n|-damage|p2a: Magnezone|56\/100\n|-boost|p1a: Quaquaval|spe|1\n|\n|upkeep\n|turn|12\n|\n|t:|1700021602\n|move|p1a: Quaquaval|Brick Break|p2a: Magnezone\n|-supereffective|p2a: Magnezone\n|-damage|p2a: Magnezone|0 fnt\n|faint|p2a: Magnezone\n|-ability|p1a: Quaquaval|Moxie|boost\n|-boost|p1a: Quaquaval|atk|1\n|\n|upkeep\n|\n|t:|1700021609\n|switch|p2a: Rotom|Rotom-Heat, shiny|100\/100\n|turn|13\n|\n|t:|1700021618\n|-terastallize|p1a: Quaquaval|Water\n|move|p1a: Quaquaval|Aqua Step|p2a: Rotom\n|-supereffective|p2a: Rotom\n|-damage|p2a: Rotom|0 fnt\n|-boost|p1a: Quaquaval|spe|1\n|faint|p2a: Rotom\n|-ability|p1a: Quaquaval|Moxie|boost\n|-boost|p1a: Quaquaval|atk|1\n|\n|upkeep\n|\n|t:|1700021626\n|switch|p2a: Slowking|Slowking, F, shiny|44\/100\n|turn|14\n|\n|t:|1700021647\n|move|p1a: Quaquaval|Flip Turn|p2a: Slowking\n|-resisted|p2a: Slowking\n|-damage|p2a: Slowking|7\/100\n|\n|t:|1700021657\n|switch|p1a: Gholdengo|Gholdengo|100\/100|[from] Flip Turn\n|move|p2a: Slowking|Grass Knot|p1a: Gholdengo\n|-resisted|p1a: Gholdengo\n|-damage|p1a: Gholdengo|93\/100\n|\n|upkeep\n|turn|15\n|\n|t:|1700021664\n|move|p1a: Gholdengo|Nasty Plot|p1a: Gholdengo\n|-boost|p1a: Gholdengo|spa|2\n|move|p2a: Slowking|Fire Blast|p1a: Gholdengo\n|-supereffective|p1a: Gholdengo\n|-damage|p1a: Gholdengo|27\/100\n|-enditem|p1a: Gholdengo|Sitrus Berry|[eat]\n|-heal|p1a: Gholdengo|52\/100|[from] item: Sitrus Berry\n|\n|upkeep\n|turn|16\n|\n|t:|1700021675\n|-terastallize|p2a: Slowking|Fire\n|move|p1a: Gholdengo|Thunderbolt|p2a: Slowking\n|-damage|p2a: Slowking|0 fnt\n|faint|p2a: Slowking\n|\n|upkeep\n|\n|t:|1700021680\n|switch|p2a: Chansey|Chansey, F|100\/100\n|turn|17\n|\n|t:|1700021688\n|move|p1a: Gholdengo|Nasty Plot|p1a: Gholdengo\n|-boost|p1a: Gholdengo|spa|2\n|move|p2a: Chansey|Stealth Rock|p1a: Gholdengo\n|-sidestart|p1: Thelaw1307|move: Stealth Rock\n|\n|upkeep\n|turn|18\n|-message|F1ngers forfeited.\n|\n|win|Thelaw1307\n|raw|Thelaw1307's rating: 1083 &rarr; <strong>1105<\/strong><br \/>(+22 for winning)\n|raw|F1ngers's rating: 1017 &rarr; <strong>1007<\/strong><br \/>(-10 for losing)\n|l|\u2606F1ngers\n","uploadtime":1700021699,"views":23,"p1id":"thelaw1307","p2id":"f1ngers","formatid":"gen9ou","rating":1007,"private":0,"password":""}