{"id":"gen9ou-1993195880","p1":"Kuzwa","p2":"Lime832","format":"[Gen 9] OU","log":"|j|\u2606Kuzwa\n|j|\u2606Lime832\n|t:|1700276600\n|gametype|singles\n|player|p1|Kuzwa|pokemonbreeder-gen4|1150\n|player|p2|Lime832|266|1215\n|teamsize|p1|6\n|teamsize|p2|6\n|gen|9\n|tier|[Gen 9] OU\n|rated|\n|rule|Sleep Clause Mod: Limit one foe put to sleep\n|rule|Species Clause: Limit one of each Pok\u00e9mon\n|rule|OHKO Clause: OHKO moves are banned\n|rule|Evasion Items Clause: Evasion items are banned\n|rule|Evasion Moves Clause: Evasion moves are banned\n|rule|Endless Battle Clause: Forcing endless battles is banned\n|rule|HP Percentage Mod: HP is shown in percentages\n|clearpoke\n|poke|p1|Greninja-*, M|\n|poke|p1|Sinistcha-Masterpiece|\n|poke|p1|Gallade, M|\n|poke|p1|Weavile, F|\n|poke|p1|Hydreigon, M|\n|poke|p1|Glimmora, M|\n|poke|p2|Ninetales-Alola, F|\n|poke|p2|Kingambit, F|\n|poke|p2|Ogerpon-Wellspring, F|\n|poke|p2|Iron Valiant|\n|poke|p2|Slowking-Galar, M|\n|poke|p2|Alomomola, M|\n|teampreview\n|inactive|Battle timer is ON: inactive players will automatically lose when time's up. (requested by Lime832)\n|\n|t:|1700276607\n|start\n|switch|p1a: thing|Glimmora, M, shiny|100\/100\n|switch|p2a: Ninetales|Ninetales-Alola, F|100\/100\n|-weather|Snow|[from] ability: Snow Warning|[of] p2a: Ninetales\n|-item|p1a: thing|Air Balloon\n|turn|1\n|\n|t:|1700276619\n|move|p2a: Ninetales|Aurora Veil|p2a: Ninetales\n|-sidestart|p2: Lime832|move: Aurora Veil\n|move|p1a: thing|Sludge Wave|p2a: Ninetales\n|-supereffective|p2a: Ninetales\n|-damage|p2a: Ninetales|49\/100\n|\n|-weather|Snow|[upkeep]\n|upkeep\n|turn|2\n|\n|t:|1700276626\n|switch|p2a: Kingambit|Kingambit, F|100\/100\n|move|p1a: thing|Power Gem|p2a: Kingambit\n|-resisted|p2a: Kingambit\n|-damage|p2a: Kingambit|91\/100\n|\n|-weather|Snow|[upkeep]\n|upkeep\n|turn|3\n|\n|t:|1700276635\n|move|p1a: thing|Earth Power|p2a: Kingambit\n|-supereffective|p2a: Kingambit\n|-damage|p2a: Kingambit|59\/100\n|move|p2a: Kingambit|Swords Dance|p2a: Kingambit\n|-boost|p2a: Kingambit|atk|2\n|\n|-weather|Snow|[upkeep]\n|upkeep\n|turn|4\n|\n|t:|1700276645\n|-terastallize|p2a: Kingambit|Flying\n|move|p1a: thing|Earth Power|p2a: Kingambit\n|-immune|p2a: Kingambit\n|move|p2a: Kingambit|Kowtow Cleave|p1a: thing\n|-damage|p1a: thing|0 fnt\n|-activate|p1a: thing|ability: Toxic Debris\n|-sidestart|p2: Lime832|move: Toxic Spikes\n|-enditem|p1a: thing|Air Balloon\n|faint|p1a: thing\n|\n|-weather|Snow|[upkeep]\n|upkeep\n|\n|t:|1700276655\n|switch|p1a: Nyx|Weavile, F|100\/100\n|turn|5\n|\n|t:|1700276662\n|move|p1a: Nyx|Fake Out|p2a: Kingambit\n|-damage|p2a: Kingambit|55\/100\n|cant|p2a: Kingambit|flinch\n|\n|-weather|none\n|upkeep\n|turn|6\n|\n|t:|1700276671\n|switch|p1a: Thanatos|Hydreigon, M|100\/100\n|move|p2a: Kingambit|Sucker Punch||[still]\n|-fail|p2a: Kingambit\n|\n|upkeep\n|turn|7\n|\n|t:|1700276680\n|move|p1a: Thanatos|Draco Meteor|p2a: Kingambit\n|-damage|p2a: Kingambit|25\/100\n|-unboost|p1a: Thanatos|spa|2\n|move|p2a: Kingambit|Iron Head|p1a: Thanatos\n|-enditem|p1a: Thanatos|Focus Sash\n|-damage|p1a: Thanatos|1\/100\n|\n|upkeep\n|turn|8\n|\n|t:|1700276694\n|move|p1a: Thanatos|Draco Meteor|p2a: Kingambit|[miss]\n|-miss|p1a: Thanatos|p2a: Kingambit\n|move|p2a: Kingambit|Iron Head|p1a: Thanatos\n|-damage|p1a: Thanatos|0 fnt\n|faint|p1a: Thanatos\n|\n|-sideend|p2: Lime832|move: Aurora Veil\n|upkeep\n|\n|t:|1700276700\n|switch|p1a: Hidetoshi Odagiri|Greninja, M|100\/100\n|turn|9\n|\n|t:|1700276706\n|move|p2a: Kingambit|Sucker Punch|p1a: Hidetoshi Odagiri\n|-resisted|p1a: Hidetoshi Odagiri\n|-damage|p1a: Hidetoshi Odagiri|35\/100\n|move|p1a: Hidetoshi Odagiri|Ice Beam|p2a: Kingambit\n|-supereffective|p2a: Kingambit\n|-damage|p2a: Kingambit|0 fnt\n|faint|p2a: Kingambit\n|-end|p2a: Kingambit|fallenundefined|[silent]\n|-ability|p1a: Hidetoshi Odagiri|Battle Bond|boost\n|-boost|p1a: Hidetoshi Odagiri|atk|1\n|-boost|p1a: Hidetoshi Odagiri|spa|1\n|-boost|p1a: Hidetoshi Odagiri|spe|1\n|-activate|p1a: Hidetoshi Odagiri|ability: Battle Bond\n|\n|upkeep\n|\n|t:|1700276718\n|switch|p2a: Slowking|Slowking-Galar, M|100\/100\n|-sideend|p2: Lime832|move: Toxic Spikes|[of] p2a: Slowking\n|turn|10\n|\n|t:|1700276723\n|move|p1a: Hidetoshi Odagiri|Dark Pulse|p2a: Slowking\n|-supereffective|p2a: Slowking\n|-damage|p2a: Slowking|41\/100\n|move|p2a: Slowking|Thunder Wave|p1a: Hidetoshi Odagiri\n|-status|p1a: Hidetoshi Odagiri|par\n|\n|upkeep\n|turn|11\n|\n|t:|1700276731\n|switch|p2a: Ninetales|Ninetales-Alola, F|49\/100\n|-weather|Snow|[from] ability: Snow Warning|[of] p2a: Ninetales\n|move|p1a: Hidetoshi Odagiri|Dark Pulse|p2a: Ninetales\n|-resisted|p2a: Ninetales\n|-damage|p2a: Ninetales|22\/100\n|\n|-weather|Snow|[upkeep]\n|upkeep\n|turn|12\n|\n|t:|1700276741\n|move|p1a: Hidetoshi Odagiri|Water Shuriken|p2a: Ninetales\n|-damage|p2a: Ninetales|12\/100\n|-damage|p2a: Ninetales|2\/100\n|-damage|p2a: Ninetales|0 fnt\n|faint|p2a: Ninetales\n|-hitcount|p2: Ninetales|3\n|\n|-weather|Snow|[upkeep]\n|upkeep\n|\n|t:|1700276767\n|switch|p2a: Iron Valiant|Iron Valiant|100\/100\n|-enditem|p2a: Iron Valiant|Booster Energy\n|-activate|p2a: Iron Valiant|ability: Quark Drive|[fromitem]\n|-start|p2a: Iron Valiant|quarkdrivespe\n|turn|13\n|\n|t:|1700276776\n|move|p1a: Hidetoshi Odagiri|Water Shuriken|p2a: Iron Valiant\n|-damage|p2a: Iron Valiant|84\/100\n|-damage|p2a: Iron Valiant|66\/100\n|-damage|p2a: Iron Valiant|49\/100\n|-damage|p2a: Iron Valiant|30\/100\n|-hitcount|p2a: Iron Valiant|4\n|move|p2a: Iron Valiant|Calm Mind|p2a: Iron Valiant\n|-boost|p2a: Iron Valiant|spa|1\n|-boost|p2a: Iron Valiant|spd|1\n|\n|-weather|Snow|[upkeep]\n|upkeep\n|turn|14\n|\n|t:|1700276788\n|move|p1a: Hidetoshi Odagiri|Water Shuriken|p2a: Iron Valiant\n|-damage|p2a: Iron Valiant|17\/100\n|-damage|p2a: Iron Valiant|6\/100\n|-damage|p2a: Iron Valiant|0 fnt\n|faint|p2a: Iron Valiant\n|-end|p2a: Iron Valiant|Quark Drive|[silent]\n|-hitcount|p2: Iron Valiant|3\n|\n|-weather|Snow|[upkeep]\n|upkeep\n|\n|t:|1700276797\n|switch|p2a: Ogerpon|Ogerpon-Wellspring, F|100\/100\n|turn|15\n|\n|t:|1700276800\n|move|p2a: Ogerpon|Swords Dance|p2a: Ogerpon\n|-boost|p2a: Ogerpon|atk|2\n|move|p1a: Hidetoshi Odagiri|Dark Pulse|p2a: Ogerpon\n|-damage|p2a: Ogerpon|34\/100\n|\n|-weather|none\n|upkeep\n|turn|16\n|\n|t:|1700276809\n|move|p2a: Ogerpon|Trailblaze|p1a: Hidetoshi Odagiri\n|-supereffective|p1a: Hidetoshi Odagiri\n|-damage|p1a: Hidetoshi Odagiri|0 fnt\n|-boost|p2a: Ogerpon|spe|1\n|faint|p1a: Hidetoshi Odagiri\n|\n|upkeep\n|\n|t:|1700276818\n|switch|p1a: Nyx|Weavile, F|100\/100\n|turn|17\n|\n|t:|1700276823\n|move|p1a: Nyx|Fake Out|p2a: Ogerpon\n|-damage|p2a: Ogerpon|16\/100\n|cant|p2a: Ogerpon|flinch\n|\n|upkeep\n|turn|18\n|\n|t:|1700276829\n|move|p2a: Ogerpon|Ivy Cudgel|p1a: Nyx|[anim] Ivy Cudgel Water\n|-enditem|p1a: Nyx|Focus Sash\n|-damage|p1a: Nyx|1\/100\n|move|p1a: Nyx|Knock Off|p2a: Ogerpon\n|-damage|p2a: Ogerpon|0 fnt\n|faint|p2a: Ogerpon\n|\n|upkeep\n|\n|t:|1700276838\n|switch|p2a: Alomomola|Alomomola, M|100\/100\n|turn|19\n|\n|t:|1700276844\n|move|p1a: Nyx|Knock Off|p2a: Alomomola\n|-damage|p2a: Alomomola|76\/100\n|-enditem|p2a: Alomomola|Red Card|[from] move: Knock Off|[of] p1a: Nyx\n|move|p2a: Alomomola|Scald|p1a: Nyx\n|-damage|p1a: Nyx|0 fnt\n|faint|p1a: Nyx\n|\n|upkeep\n|\n|t:|1700276853\n|switch|p1a: Ken Amada|Sinistcha-Masterpiece|100\/100\n|turn|20\n|\n|t:|1700276858\n|switch|p2a: Slowking|Slowking-Galar, M|74\/100\n|move|p1a: Ken Amada|Calm Mind|p1a: Ken Amada\n|-boost|p1a: Ken Amada|spa|1\n|-boost|p1a: Ken Amada|spd|1\n|\n|upkeep\n|turn|21\n|\n|t:|1700276866\n|move|p1a: Ken Amada|Shadow Ball|p2a: Slowking\n|-supereffective|p2a: Slowking\n|-damage|p2a: Slowking|0 fnt\n|faint|p2a: Slowking\n|\n|upkeep\n|-message|Lime832 forfeited.\n|\n|win|Kuzwa\n|raw|Kuzwa's rating: 1150 &rarr; <strong>1180<\/strong><br \/>(+30 for winning)\n|raw|Lime832's rating: 1215 &rarr; <strong>1185<\/strong><br \/>(-30 for losing)\n|l|\u2606Lime832\n","uploadtime":1700276873,"views":12,"p1id":"kuzwa","p2id":"lime832","formatid":"gen9ou","rating":1180,"private":0,"password":""}