{"id":"gen9ou-1991394521","p1":"TreeNinja13","p2":"dkfhfasdf","format":"[Gen 9] OU","log":"|j|\u2606TreeNinja13\n|j|\u2606dkfhfasdf\n|t:|1700073452\n|gametype|singles\n|player|p1|TreeNinja13|pokemonranger-gen3rs|1259\n|player|p2|dkfhfasdf|pokemonbreeder-gen4|1187\n|teamsize|p1|6\n|teamsize|p2|6\n|gen|9\n|tier|[Gen 9] OU\n|rated|\n|rule|Sleep Clause Mod: Limit one foe put to sleep\n|rule|Species Clause: Limit one of each Pok\u00e9mon\n|rule|OHKO Clause: OHKO moves are banned\n|rule|Evasion Items Clause: Evasion items are banned\n|rule|Evasion Moves Clause: Evasion moves are banned\n|rule|Endless Battle Clause: Forcing endless battles is banned\n|rule|HP Percentage Mod: HP is shown in percentages\n|clearpoke\n|poke|p1|Iron Valiant|\n|poke|p1|Cinderace, F|\n|poke|p1|Sneasler, F|\n|poke|p1|Rillaboom, F|\n|poke|p1|Landorus-Therian, M|\n|poke|p1|Kingambit, F|\n|poke|p2|Golem, M|\n|poke|p2|Ogerpon-Cornerstone, F|\n|poke|p2|Hatterene, F|\n|poke|p2|Gholdengo|\n|poke|p2|Iron Valiant|\n|poke|p2|Greninja-*, M|\n|teampreview\n|inactive|Battle timer is ON: inactive players will automatically lose when time's up. (requested by dkfhfasdf)\n|inactive|TreeNinja13 also wants the timer to be on.\n|inactive|dkfhfasdf has 120 seconds left.\n|\n|t:|1700073502\n|start\n|switch|p1a: play the 3rd now!|Rillaboom, F|100\/100\n|switch|p2a: Iron Valiant|Iron Valiant|100\/100\n|-fieldstart|move: Grassy Terrain|[from] ability: Grassy Surge|[of] p1a: play the 3rd now!\n|-enditem|p2a: Iron Valiant|Booster Energy\n|-activate|p2a: Iron Valiant|ability: Quark Drive|[fromitem]\n|-start|p2a: Iron Valiant|quarkdrivespe\n|turn|1\n|\n|t:|1700073510\n|move|p1a: play the 3rd now!|Grassy Glide|p2a: Iron Valiant\n|-damage|p2a: Iron Valiant|16\/100\n|move|p2a: Iron Valiant|Close Combat|p1a: play the 3rd now!\n|-damage|p1a: play the 3rd now!|42\/100\n|-unboost|p2a: Iron Valiant|def|1\n|-unboost|p2a: Iron Valiant|spd|1\n|\n|-heal|p2a: Iron Valiant|23\/100|[from] Grassy Terrain\n|-heal|p1a: play the 3rd now!|48\/100|[from] Grassy Terrain\n|upkeep\n|turn|2\n|\n|t:|1700073530\n|move|p1a: play the 3rd now!|Grassy Glide|p2a: Iron Valiant\n|-damage|p2a: Iron Valiant|0 fnt\n|faint|p2a: Iron Valiant\n|-end|p2a: Iron Valiant|Quark Drive|[silent]\n|\n|-heal|p1a: play the 3rd now!|54\/100|[from] Grassy Terrain\n|upkeep\n|\n|t:|1700073532\n|switch|p2a: Gholdengo|Gholdengo|100\/100\n|turn|3\n|\n|t:|1700073539\n|switch|p1a: Final mon right?|Kingambit, F, shiny|100\/100\n|move|p2a: Gholdengo|Make It Rain|p1a: Final mon right?\n|-resisted|p1a: Final mon right?\n|-damage|p1a: Final mon right?|48\/100\n|-unboost|p2a: Gholdengo|spa|1\n|\n|-heal|p1a: Final mon right?|54\/100|[from] Grassy Terrain\n|-heal|p1a: Final mon right?|60\/100|[from] item: Leftovers\n|upkeep\n|turn|4\n|\n|t:|1700073553\n|move|p2a: Gholdengo|Make It Rain|p1a: Final mon right?\n|-resisted|p1a: Final mon right?\n|-damage|p1a: Final mon right?|22\/100\n|-unboost|p2a: Gholdengo|spa|1\n|move|p1a: Final mon right?|Kowtow Cleave|p2a: Gholdengo\n|-supereffective|p2a: Gholdengo\n|-damage|p2a: Gholdengo|0 fnt\n|faint|p2a: Gholdengo\n|\n|-heal|p1a: Final mon right?|28\/100|[from] Grassy Terrain\n|-heal|p1a: Final mon right?|34\/100|[from] item: Leftovers\n|upkeep\n|\n|t:|1700073567\n|switch|p2a: Greninja|Greninja, M|100\/100\n|turn|5\n|inactive|TreeNinja13 has 120 seconds left.\n|\n|t:|1700073597\n|-end|p1a: Final mon right?|fallenundefined|[silent]\n|switch|p1a: I hardly know 'er!|Sneasler, F, shiny|100\/100\n|-enditem|p1a: I hardly know 'er!|Grassy Seed\n|-boost|p1a: I hardly know 'er!|def|1|[from] item: Grassy Seed\n|move|p2a: Greninja|Surf|p1a: I hardly know 'er!\n|-damage|p1a: I hardly know 'er!|23\/100\n|\n|-heal|p1a: I hardly know 'er!|29\/100|[from] Grassy Terrain\n|-fieldend|move: Grassy Terrain\n|upkeep\n|turn|6\n|\n|t:|1700073621\n|move|p1a: I hardly know 'er!|Close Combat|p2a: Greninja\n|-supereffective|p2a: Greninja\n|-damage|p2a: Greninja|0 fnt\n|-unboost|p1a: I hardly know 'er!|def|1\n|-unboost|p1a: I hardly know 'er!|spd|1\n|faint|p2a: Greninja\n|\n|upkeep\n|\n|t:|1700073635\n|switch|p2a: Ogerpon|Ogerpon-Cornerstone, F|100\/100\n|turn|7\n|\n|t:|1700073638\n|move|p1a: I hardly know 'er!|Close Combat|p2a: Ogerpon\n|-supereffective|p2a: Ogerpon\n|-ability|p2a: Ogerpon|Sturdy\n|-damage|p2a: Ogerpon|1\/100\n|-unboost|p1a: I hardly know 'er!|def|1\n|-unboost|p1a: I hardly know 'er!|spd|1\n|move|p2a: Ogerpon|Ivy Cudgel|p1a: I hardly know 'er!|[anim] Ivy Cudgel Rock\n|-resisted|p1a: I hardly know 'er!\n|-damage|p1a: I hardly know 'er!|0 fnt\n|faint|p1a: I hardly know 'er!\n|\n|upkeep\n|\n|t:|1700073646\n|switch|p1a: play the 3rd now!|Rillaboom, F|54\/100\n|-fieldstart|move: Grassy Terrain|[from] ability: Grassy Surge|[of] p1a: play the 3rd now!\n|turn|8\n|\n|t:|1700073661\n|move|p1a: play the 3rd now!|Grassy Glide|p2a: Ogerpon\n|-damage|p2a: Ogerpon|0 fnt\n|faint|p2a: Ogerpon\n|\n|-heal|p1a: play the 3rd now!|60\/100|[from] Grassy Terrain\n|upkeep\n|\n|t:|1700073664\n|switch|p2a: Golem|Golem, M|100\/100\n|turn|9\n|-message|dkfhfasdf forfeited.\n|\n|win|TreeNinja13\n|raw|TreeNinja13's rating: 1259 &rarr; <strong>1280<\/strong><br \/>(+21 for winning)\n|raw|dkfhfasdf's rating: 1205 &rarr; <strong>1184<\/strong><br \/>(-21 for losing)\n|l|\u2606dkfhfasdf\n","uploadtime":1700073733,"views":15,"p1id":"treeninja13","p2id":"dkfhfasdf","formatid":"gen9ou","rating":1184,"private":0,"password":""}