{"id":"gen9ou-1996037888","p1":"pkmaster135","p2":"ShidHereShawty","format":"[Gen 9] OU","log":"|j|\u2606pkmaster135\n|j|\u2606ShidHereShawty\n|t:|1700633359\n|gametype|singles\n|player|p1|pkmaster135|102|1248\n|player|p2|ShidHereShawty|lyra|1217\n|teamsize|p1|6\n|teamsize|p2|6\n|gen|9\n|tier|[Gen 9] OU\n|rated|\n|rule|Sleep Clause Mod: Limit one foe put to sleep\n|rule|Species Clause: Limit one of each Pok\u00e9mon\n|rule|OHKO Clause: OHKO moves are banned\n|rule|Evasion Items Clause: Evasion items are banned\n|rule|Evasion Moves Clause: Evasion moves are banned\n|rule|Endless Battle Clause: Forcing endless battles is banned\n|rule|HP Percentage Mod: HP is shown in percentages\n|clearpoke\n|poke|p1|Dondozo, F|\n|poke|p1|Gholdengo|\n|poke|p1|Enamorus, F|\n|poke|p1|Glimmora, F|\n|poke|p1|Hatterene, F|\n|poke|p1|Kingambit, F|\n|poke|p2|Gholdengo|\n|poke|p2|Iron Treads|\n|poke|p2|Slowking-Galar, F|\n|poke|p2|Dondozo, M|\n|poke|p2|Kommo-o, M|\n|poke|p2|Clodsire, F|\n|teampreview\n|inactive|Battle timer is ON: inactive players will automatically lose when time's up. (requested by ShidHereShawty)\n|\n|t:|1700633384\n|start\n|switch|p1a: Glimmora|Glimmora, F|100\/100\n|switch|p2a: Pogsire|Clodsire, F|100\/100\n|turn|1\n|\n|t:|1700633398\n|switch|p1a: Dondozo|Dondozo, F|100\/100\n|move|p2a: Pogsire|Spikes|p1a: Dondozo\n|-sidestart|p1: pkmaster135|Spikes\n|\n|upkeep\n|turn|2\n|\n|t:|1700633407\n|move|p1a: Dondozo|Yawn|p2a: Pogsire\n|-start|p2a: Pogsire|move: Yawn|[of] p1a: Dondozo\n|move|p2a: Pogsire|Spikes|p1a: Dondozo\n|-sidestart|p1: pkmaster135|Spikes\n|\n|upkeep\n|turn|3\n|\n|t:|1700633431\n|move|p1a: Dondozo|Yawn||[still]\n|-fail|p1a: Dondozo\n|move|p2a: Pogsire|Earthquake|p1a: Dondozo\n|-damage|p1a: Dondozo|89\/100\n|\n|-heal|p1a: Dondozo|95\/100|[from] item: Leftovers\n|-end|p2a: Pogsire|move: Yawn|[silent]\n|-status|p2a: Pogsire|slp\n|upkeep\n|turn|4\n|\n|t:|1700633439\n|switch|p1a: Glimmora|Glimmora, F|100\/100\n|-damage|p1a: Glimmora|84\/100|[from] Spikes\n|cant|p2a: Pogsire|slp\n|\n|-heal|p1a: Glimmora|90\/100|[from] item: Leftovers\n|upkeep\n|turn|5\n|\n|t:|1700633443\n|move|p1a: Glimmora|Mortal Spin|p2a: Pogsire\n|-resisted|p2a: Pogsire\n|-damage|p2a: Pogsire|99\/100 slp\n|-damage|p1a: Glimmora|74\/100|[from] item: Rocky Helmet|[of] p2a: Pogsire\n|-sideend|p1: pkmaster135|Spikes|[from] move: Mortal Spin|[of] p1a: Glimmora\n|cant|p2a: Pogsire|slp\n|\n|-heal|p1a: Glimmora|80\/100|[from] item: Leftovers\n|upkeep\n|turn|6\n|\n|t:|1700633451\n|move|p1a: Glimmora|Stealth Rock|p2a: Pogsire\n|-sidestart|p2: ShidHereShawty|move: Stealth Rock\n|-curestatus|p2a: Pogsire|slp|[msg]\n|move|p2a: Pogsire|Earthquake|p1a: Glimmora\n|-supereffective|p1a: Glimmora\n|-damage|p1a: Glimmora|1\/100\n|-activate|p1a: Glimmora|ability: Toxic Debris\n|-sidestart|p2: ShidHereShawty|move: Toxic Spikes\n|\n|-heal|p1a: Glimmora|7\/100|[from] item: Leftovers\n|upkeep\n|turn|7\n|\n|t:|1700633465\n|move|p1a: Glimmora|Sludge Bomb|p2a: Pogsire\n|-resisted|p2a: Pogsire\n|-damage|p2a: Pogsire|92\/100\n|move|p2a: Pogsire|Counter||[still]\n|-fail|p2a: Pogsire\n|\n|-heal|p1a: Glimmora|13\/100|[from] item: Leftovers\n|upkeep\n|turn|8\n|\n|t:|1700633470\n|move|p1a: Glimmora|Mortal Spin|p2a: Pogsire\n|-resisted|p2a: Pogsire\n|-damage|p2a: Pogsire|91\/100\n|-damage|p1a: Glimmora|0 fnt|[from] item: Rocky Helmet|[of] p2a: Pogsire\n|faint|p1a: Glimmora\n|move|p2a: Pogsire|Earthquake|p1: Glimmora|[notarget]\n|-fail|p2a: Pogsire\n|\n|upkeep\n|\n|t:|1700633489\n|switch|p1a: Enamorus|Enamorus, F|100\/100\n|turn|9\n|\n|t:|1700633495\n|move|p1a: Enamorus|Moonblast|p2a: Pogsire\n|-resisted|p2a: Pogsire\n|-damage|p2a: Pogsire|70\/100\n|-unboost|p2a: Pogsire|spa|1\n|-damage|p1a: Enamorus|91\/100|[from] item: Life Orb\n|move|p2a: Pogsire|Recover|p2a: Pogsire\n|-heal|p2a: Pogsire|100\/100\n|\n|upkeep\n|turn|10\n|\n|t:|1700633500\n|move|p1a: Enamorus|Psychic|p2a: Pogsire\n|-supereffective|p2a: Pogsire\n|-damage|p2a: Pogsire|39\/100\n|-unboost|p2a: Pogsire|spd|1\n|-damage|p1a: Enamorus|81\/100|[from] item: Life Orb\n|move|p2a: Pogsire|Spikes|p1a: Enamorus\n|-sidestart|p1: pkmaster135|Spikes\n|\n|upkeep\n|turn|11\n|\n|t:|1700633517\n|switch|p1a: Hatterene|Hatterene, F|100\/100\n|-damage|p1a: Hatterene|88\/100|[from] Spikes\n|switch|p2a: Boofking|Slowking-Galar, F|100\/100\n|-sideend|p2: ShidHereShawty|move: Toxic Spikes|[of] p2a: Boofking\n|\n|-status|p1a: Hatterene|brn|[from] item: Flame Orb\n|upkeep\n|turn|12\n|\n|t:|1700633537\n|-terastallize|p2a: Boofking|Fire\n|-terastallize|p1a: Hatterene|Steel\n|move|p2a: Boofking|Sludge Bomb|p1a: Hatterene\n|-immune|p1a: Hatterene\n|move|p1a: Hatterene|Nuzzle|p2a: Boofking\n|-damage|p2a: Boofking|98\/100\n|-status|p2a: Boofking|par\n|\n|-damage|p1a: Hatterene|82\/100 brn|[from] brn\n|upkeep\n|turn|13\n|\n|t:|1700633546\n|move|p1a: Hatterene|Draining Kiss|p2a: Boofking\n|-resisted|p2a: Boofking\n|-damage|p2a: Boofking|90\/100 par\n|-heal|p1a: Hatterene|90\/100 brn|[from] drain|[of] p2a: Boofking\n|move|p2a: Boofking|Sludge Bomb|p1a: Hatterene\n|-immune|p1a: Hatterene\n|\n|-damage|p1a: Hatterene|84\/100 brn|[from] brn\n|upkeep\n|turn|14\n|\n|t:|1700633566\n|move|p1a: Hatterene|Trick|p2a: Boofking\n|-activate|p1a: Hatterene|move: Trick|[of] p2a: Boofking\n|-item|p2a: Boofking|Flame Orb|[from] move: Trick\n|-item|p1a: Hatterene|Heavy-Duty Boots|[from] move: Trick\n|move|p2a: Boofking|Fire Blast|p1a: Hatterene\n|-supereffective|p1a: Hatterene\n|-damage|p1a: Hatterene|8\/100 brn\n|\n|-damage|p1a: Hatterene|2\/100 brn|[from] brn\n|upkeep\n|turn|15\n|c|\u2606ShidHereShawty|okay thats what i THOUGHT\n|c|\u2606ShidHereShawty|flame orb psyched me out lmao\n|inactive|pkmaster135 has 120 seconds left.\n|c|\u2606pkmaster135|lol\n|c|\u2606pkmaster135|its a test set\n|\n|t:|1700633600\n|switch|p1a: Dondozo|Dondozo, F|95\/100\n|-damage|p1a: Dondozo|82\/100|[from] Spikes\n|cant|p2a: Boofking|par\n|\n|-heal|p1a: Dondozo|88\/100|[from] item: Leftovers\n|upkeep\n|turn|16\n|\n|t:|1700633608\n|move|p1a: Dondozo|Dive||[still]\n|-prepare|p1a: Dondozo|Dive\n|move|p2a: Boofking|Sludge Bomb|p1a: Dondozo|[miss]\n|-miss|p2a: Boofking|p1a: Dondozo\n|\n|-heal|p1a: Dondozo|95\/100|[from] item: Leftovers\n|upkeep\n|turn|17\n|inactive|pkmaster135 has 120 seconds left.\n|\n|t:|1700633614\n|switch|p2a: Pogsire|Clodsire, F|39\/100\n|-damage|p2a: Pogsire|33\/100|[from] Stealth Rock\n|move|p1a: Dondozo|Dive|p2a: Pogsire|[from]lockedmove\n|-heal|p2a: Pogsire|58\/100|[from] ability: Water Absorb|[of] p1a: Dondozo\n|\n|-heal|p1a: Dondozo|100\/100|[from] item: Leftovers\n|upkeep\n|turn|18\n|\n|t:|1700633621\n|move|p1a: Dondozo|Yawn|p2a: Pogsire\n|-start|p2a: Pogsire|move: Yawn|[of] p1a: Dondozo\n|move|p2a: Pogsire|Spikes|p1a: Dondozo\n|-sidestart|p1: pkmaster135|Spikes\n|\n|upkeep\n|turn|19\n|\n|t:|1700633628\n|move|p1a: Dondozo|Yawn||[still]\n|-fail|p1a: Dondozo\n|move|p2a: Pogsire|Recover|p2a: Pogsire\n|-heal|p2a: Pogsire|100\/100\n|\n|-end|p2a: Pogsire|move: Yawn|[silent]\n|-status|p2a: Pogsire|slp\n|upkeep\n|turn|20\n|\n|t:|1700633638\n|switch|p1a: Enamorus|Enamorus, F|81\/100\n|switch|p2a: Boofking|Slowking-Galar, F, tera:Fire|100\/100 par\n|-damage|p2a: Boofking|76\/100 par|[from] Stealth Rock\n|\n|upkeep\n|turn|21\n|\n|t:|1700633667\n|move|p1a: Enamorus|Superpower|p2a: Boofking\n|-damage|p2a: Boofking|30\/100 par\n|-boost|p1a: Enamorus|atk|1\n|-boost|p1a: Enamorus|def|1\n|-damage|p1a: Enamorus|71\/100|[from] item: Life Orb\n|move|p2a: Boofking|Psychic|p1a: Enamorus\n|-damage|p1a: Enamorus|1\/100\n|\n|upkeep\n|turn|22\n|\n|t:|1700633681\n|switch|p2a: Shlump|Dondozo, M|100\/100\n|-damage|p2a: Shlump|88\/100|[from] Stealth Rock\n|move|p1a: Enamorus|Earth Power|p2a: Shlump\n|-damage|p2a: Shlump|58\/100\n|-unboost|p2a: Shlump|spd|1\n|-damage|p1a: Enamorus|0 fnt|[from] item: Life Orb\n|faint|p1a: Enamorus\n|\n|-heal|p2a: Shlump|65\/100|[from] item: Leftovers\n|upkeep\n|inactive|pkmaster135 has 120 seconds left.\n|\n|t:|1700633694\n|switch|p1a: Gholdengo|Gholdengo|100\/100\n|-damage|p1a: Gholdengo|84\/100|[from] Spikes\n|turn|23\n|\n|t:|1700633703\n|switch|p2a: Pogsire|Clodsire, F|100\/100 slp\n|-damage|p2a: Pogsire|94\/100 slp|[from] Stealth Rock\n|move|p1a: Gholdengo|Trick|p2a: Pogsire\n|-activate|p1a: Gholdengo|move: Trick|[of] p2a: Pogsire\n|-item|p2a: Pogsire|Choice Scarf|[from] move: Trick\n|-item|p1a: Gholdengo|Rocky Helmet|[from] move: Trick\n|\n|upkeep\n|turn|24\n|\n|t:|1700633711\n|move|p1a: Gholdengo|Hex|p2a: Pogsire\n|-damage|p2a: Pogsire|43\/100 slp\n|cant|p2a: Pogsire|slp\n|\n|upkeep\n|turn|25\n|\n|t:|1700633717\n|move|p1a: Gholdengo|Hex|p2a: Pogsire\n|-damage|p2a: Pogsire|0 fnt\n|faint|p2a: Pogsire\n|\n|upkeep\n|\n|t:|1700633725\n|switch|p2a: Throwbot|Iron Treads|100\/100\n|-damage|p2a: Throwbot|97\/100|[from] Stealth Rock\n|turn|26\n|\n|t:|1700633741\n|switch|p1a: Hatterene|Hatterene, F, tera:Steel|2\/100 brn\n|move|p2a: Throwbot|Earthquake|p1a: Hatterene\n|-supereffective|p1a: Hatterene\n|-crit|p1a: Hatterene\n|-damage|p1a: Hatterene|0 fnt\n|faint|p1a: Hatterene\n|\n|-heal|p2a: Throwbot|100\/100|[from] item: Leftovers\n|upkeep\n|\n|t:|1700633749\n|switch|p1a: Dondozo|Dondozo, F|100\/100\n|-damage|p1a: Dondozo|84\/100|[from] Spikes\n|turn|27\n|\n|t:|1700633757\n|move|p2a: Throwbot|Rapid Spin|p1a: Dondozo\n|-damage|p1a: Dondozo|77\/100\n|-boost|p2a: Throwbot|spe|1\n|-sideend|p2: ShidHereShawty|Stealth Rock|[from] move: Rapid Spin|[of] p2a: Throwbot\n|move|p1a: Dondozo|Body Press|p2a: Throwbot\n|-supereffective|p2a: Throwbot\n|-damage|p2a: Throwbot|46\/100\n|\n|-heal|p2a: Throwbot|52\/100|[from] item: Leftovers\n|-heal|p1a: Dondozo|83\/100|[from] item: Leftovers\n|upkeep\n|turn|28\n|\n|t:|1700633768\n|move|p2a: Throwbot|Knock Off|p1a: Dondozo\n|-damage|p1a: Dondozo|71\/100\n|-enditem|p1a: Dondozo|Leftovers|[from] move: Knock Off|[of] p2a: Throwbot\n|move|p1a: Dondozo|Body Press|p2a: Throwbot\n|-supereffective|p2a: Throwbot\n|-damage|p2a: Throwbot|0 fnt\n|faint|p2a: Throwbot\n|-end|p2a: Throwbot|Quark Drive|[silent]\n|\n|upkeep\n|\n|t:|1700633786\n|switch|p2a: Boofking|Slowking-Galar, F, tera:Fire|63\/100 par\n|turn|29\n|\n|t:|1700633793\n|move|p1a: Dondozo|Protect|p1a: Dondozo\n|-singleturn|p1a: Dondozo|Protect\n|move|p2a: Boofking|Fire Blast|p1a: Dondozo\n|-activate|p1a: Dondozo|move: Protect\n|\n|upkeep\n|turn|30\n|\n|t:|1700633798\n|move|p1a: Dondozo|Dive||[still]\n|-prepare|p1a: Dondozo|Dive\n|cant|p2a: Boofking|par\n|\n|upkeep\n|turn|31\n|\n|t:|1700633802\n|switch|p2a: Swo-lo-lo|Kommo-o, M|100\/100\n|move|p1a: Dondozo|Dive|p2a: Swo-lo-lo|[from]lockedmove\n|-resisted|p2a: Swo-lo-lo\n|-damage|p2a: Swo-lo-lo|91\/100\n|\n|-heal|p2a: Swo-lo-lo|97\/100|[from] item: Leftovers\n|upkeep\n|turn|32\n|\n|t:|1700633808\n|move|p2a: Swo-lo-lo|Body Press|p1a: Dondozo\n|-damage|p1a: Dondozo|52\/100\n|move|p1a: Dondozo|Yawn|p2a: Swo-lo-lo\n|-start|p2a: Swo-lo-lo|move: Yawn|[of] p1a: Dondozo\n|\n|-heal|p2a: Swo-lo-lo|100\/100|[from] item: Leftovers\n|upkeep\n|turn|33\n|\n|t:|1700633820\n|switch|p2a: Mr Kraft|Gholdengo|100\/100\n|move|p1a: Dondozo|Body Press|p2a: Mr Kraft\n|-immune|p2a: Mr Kraft\n|\n|upkeep\n|turn|34\n|\n|t:|1700633825\n|move|p2a: Mr Kraft|Thunderbolt|p1a: Dondozo\n|-supereffective|p1a: Dondozo\n|-damage|p1a: Dondozo|0 fnt\n|faint|p1a: Dondozo\n|\n|upkeep\n|\n|t:|1700633830\n|switch|p1a: Kingambit|Kingambit, F|100\/100\n|-damage|p1a: Kingambit|84\/100|[from] Spikes\n|-activate|p1a: Kingambit|ability: Supreme Overlord\n|-start|p1a: Kingambit|fallen4|[silent]\n|turn|35\n|\n|t:|1700633835\n|switch|p2a: Shlump|Dondozo, M|65\/100\n|move|p1a: Kingambit|Kowtow Cleave|p2a: Shlump\n|-damage|p2a: Shlump|25\/100\n|\n|-heal|p2a: Shlump|31\/100|[from] item: Leftovers\n|upkeep\n|turn|36\n|\n|t:|1700633844\n|move|p1a: Kingambit|Kowtow Cleave|p2a: Shlump\n|-damage|p2a: Shlump|0 fnt\n|faint|p2a: Shlump\n|\n|upkeep\n|\n|t:|1700633847\n|switch|p2a: Swo-lo-lo|Kommo-o, M|100\/100\n|turn|37\n|\n|t:|1700633853\n|-end|p1a: Kingambit|fallen4|[silent]\n|switch|p1a: Gholdengo|Gholdengo|84\/100\n|-damage|p1a: Gholdengo|67\/100|[from] Spikes\n|move|p2a: Swo-lo-lo|Iron Defense|p2a: Swo-lo-lo\n|-boost|p2a: Swo-lo-lo|def|2\n|\n|upkeep\n|turn|38\n|\n|t:|1700633876\n|switch|p2a: Boofking|Slowking-Galar, F, tera:Fire|97\/100 par\n|move|p1a: Gholdengo|Trick|p2a: Boofking\n|-activate|p1a: Gholdengo|move: Trick|[of] p2a: Boofking\n|-item|p2a: Boofking|Rocky Helmet|[from] move: Trick\n|-item|p1a: Gholdengo|Flame Orb|[from] move: Trick\n|\n|-status|p1a: Gholdengo|brn|[from] item: Flame Orb\n|upkeep\n|turn|39\n|c|\u2606ShidHereShawty|LMAO\n|\n|t:|1700633894\n|move|p1a: Gholdengo|Hex|p2a: Boofking\n|-damage|p2a: Boofking|40\/100 par\n|move|p2a: Boofking|Fire Blast|p1a: Gholdengo\n|-supereffective|p1a: Gholdengo\n|-damage|p1a: Gholdengo|0 fnt\n|faint|p1a: Gholdengo\n|\n|upkeep\n|\n|t:|1700633897\n|switch|p1a: Kingambit|Kingambit, F|84\/100\n|-damage|p1a: Kingambit|67\/100|[from] Spikes\n|-activate|p1a: Kingambit|ability: Supreme Overlord\n|-start|p1a: Kingambit|fallen5|[silent]\n|turn|40\n|\n|t:|1700633900\n|move|p1a: Kingambit|Sucker Punch|p2a: Boofking\n|-damage|p2a: Boofking|0 fnt\n|-damage|p1a: Kingambit|51\/100|[from] item: Rocky Helmet|[of] p2a: Boofking\n|faint|p2a: Boofking\n|\n|upkeep\n|\n|t:|1700633903\n|switch|p2a: Swo-lo-lo|Kommo-o, M|100\/100\n|turn|41\n|\n|t:|1700633910\n|move|p2a: Swo-lo-lo|Iron Defense|p2a: Swo-lo-lo\n|-boost|p2a: Swo-lo-lo|def|2\n|move|p1a: Kingambit|Iron Head|p2a: Swo-lo-lo\n|-crit|p2a: Swo-lo-lo\n|-damage|p2a: Swo-lo-lo|36\/100\n|\n|-heal|p2a: Swo-lo-lo|42\/100|[from] item: Leftovers\n|upkeep\n|turn|42\n|\n|t:|1700633921\n|move|p2a: Swo-lo-lo|Iron Defense|p2a: Swo-lo-lo\n|-boost|p2a: Swo-lo-lo|def|2\n|move|p1a: Kingambit|Iron Head|p2a: Swo-lo-lo\n|-damage|p2a: Swo-lo-lo|27\/100\n|\n|-heal|p2a: Swo-lo-lo|33\/100|[from] item: Leftovers\n|upkeep\n|turn|43\n|\n|t:|1700633925\n|move|p1a: Kingambit|Endure|p1a: Kingambit\n|-singleturn|p1a: Kingambit|move: Endure\n|move|p2a: Swo-lo-lo|Body Press|p1a: Kingambit\n|-supereffective|p1a: Kingambit\n|-activate|p1a: Kingambit|move: Endure\n|-damage|p1a: Kingambit|1\/100\n|\n|-heal|p2a: Swo-lo-lo|39\/100|[from] item: Leftovers\n|upkeep\n|turn|44\n|-enditem|p1a: Kingambit|Custap Berry|[eat]\n|-activate|p1a: Kingambit|item: Custap Berry|[consumed]\n|\n|t:|1700633935\n|move|p1a: Kingambit|Iron Head|p2a: Swo-lo-lo\n|-damage|p2a: Swo-lo-lo|25\/100\n|move|p2a: Swo-lo-lo|Iron Defense|p2a: Swo-lo-lo\n|-boost|p2a: Swo-lo-lo|def|2\n|\n|-heal|p2a: Swo-lo-lo|31\/100|[from] item: Leftovers\n|upkeep\n|turn|45\n|\n|t:|1700633943\n|move|p1a: Kingambit|Endure|p1a: Kingambit\n|-singleturn|p1a: Kingambit|move: Endure\n|move|p2a: Swo-lo-lo|Body Press|p1a: Kingambit\n|-supereffective|p1a: Kingambit\n|-activate|p1a: Kingambit|move: Endure\n|-damage|p1a: Kingambit|1\/100\n|\n|-heal|p2a: Swo-lo-lo|37\/100|[from] item: Leftovers\n|upkeep\n|turn|46\n|\n|t:|1700633948\n|move|p2a: Swo-lo-lo|Body Press|p1a: Kingambit\n|-supereffective|p1a: Kingambit\n|-damage|p1a: Kingambit|0 fnt\n|faint|p1a: Kingambit\n|-end|p1a: Kingambit|fallen5|[silent]\n|\n|win|ShidHereShawty\n|raw|pkmaster135's rating: 1248 &rarr; <strong>1221<\/strong><br \/>(-27 for losing)\n|raw|ShidHereShawty's rating: 1217 &rarr; <strong>1244<\/strong><br \/>(+27 for winning)\n|c|\u2606ShidHereShawty|gg wp\n|l|\u2606pkmaster135\n","uploadtime":1700633956,"views":8,"p1id":"pkmaster135","p2id":"shidhereshawty","formatid":"gen9ou","rating":1221,"private":0,"password":""}