{"id":"gen9ou-1997706336","p1":"Tory vs Raven IX X","p2":"big mikel","format":"[Gen 9] OU","log":"|j|\u203dTory vs Raven IX X\n|j|\u2606big mikel\n|t:|1700843939\n|gametype|singles\n|player|p1|Tory vs Raven IX X|palmer|1098\n|player|p2|big mikel|265|1142\n|teamsize|p1|6\n|teamsize|p2|6\n|gen|9\n|tier|[Gen 9] OU\n|rated|\n|rule|Sleep Clause Mod: Limit one foe put to sleep\n|rule|Species Clause: Limit one of each Pok\u00e9mon\n|rule|OHKO Clause: OHKO moves are banned\n|rule|Evasion Items Clause: Evasion items are banned\n|rule|Evasion Moves Clause: Evasion moves are banned\n|rule|Endless Battle Clause: Forcing endless battles is banned\n|rule|HP Percentage Mod: HP is shown in percentages\n|clearpoke\n|poke|p1|Revavroom, F|\n|poke|p1|Garchomp, F|\n|poke|p1|Scizor, M|\n|poke|p1|Cloyster, F|\n|poke|p1|Espeon, M|\n|poke|p1|Manaphy|\n|poke|p2|Great Tusk|\n|poke|p2|Dragapult, M|\n|poke|p2|Toxapex, M|\n|poke|p2|Corviknight, M|\n|poke|p2|Ting-Lu|\n|poke|p2|Heatran, F|\n|teampreview\n|\n|t:|1700843956\n|start\n|switch|p1a: Garchomp|Garchomp, F, shiny|100\/100\n|switch|p2a: Heatran|Heatran, F|100\/100\n|-item|p2a: Heatran|Air Balloon\n|turn|1\n|\n|t:|1700843964\n|move|p1a: Garchomp|Stealth Rock|p2a: Heatran\n|-sidestart|p2: big mikel|move: Stealth Rock\n|move|p2a: Heatran|Will-O-Wisp|p1a: Garchomp\n|-status|p1a: Garchomp|brn\n|\n|-damage|p1a: Garchomp|94\/100 brn|[from] brn\n|upkeep\n|turn|2\n|\n|t:|1700843974\n|move|p1a: Garchomp|Scale Shot|p2a: Heatran\n|-resisted|p2a: Heatran\n|-damage|p2a: Heatran|98\/100\n|-enditem|p2a: Heatran|Air Balloon\n|-resisted|p2a: Heatran\n|-damage|p2a: Heatran|95\/100\n|-resisted|p2a: Heatran\n|-damage|p2a: Heatran|92\/100\n|-hitcount|p2a: Heatran|3\n|-unboost|p1a: Garchomp|def|1\n|-boost|p1a: Garchomp|spe|1\n|move|p2a: Heatran|Taunt|p1a: Garchomp\n|-start|p1a: Garchomp|move: Taunt\n|\n|-heal|p1a: Garchomp|100\/100 brn|[from] item: Leftovers\n|-damage|p1a: Garchomp|94\/100 brn|[from] brn\n|upkeep\n|turn|3\n|\n|t:|1700843990\n|-terastallize|p2a: Heatran|Ground\n|move|p1a: Garchomp|Scale Shot|p2a: Heatran|[miss]\n|-miss|p1a: Garchomp|p2a: Heatran\n|move|p2a: Heatran|Earth Power|p1a: Garchomp\n|-damage|p1a: Garchomp|51\/100 brn\n|\n|-heal|p1a: Garchomp|57\/100 brn|[from] item: Leftovers\n|-damage|p1a: Garchomp|51\/100 brn|[from] brn\n|upkeep\n|turn|4\n|\n|t:|1700844004\n|move|p1a: Garchomp|Earthquake|p2a: Heatran\n|-damage|p2a: Heatran|72\/100\n|move|p2a: Heatran|Earth Power|p1a: Garchomp\n|-damage|p1a: Garchomp|10\/100 brn\n|\n|-heal|p1a: Garchomp|16\/100 brn|[from] item: Leftovers\n|-damage|p1a: Garchomp|10\/100 brn|[from] brn\n|upkeep\n|turn|5\n|\n|t:|1700844014\n|switch|p2a: Biggest Birb|Corviknight, M, shiny|100\/100\n|-damage|p2a: Biggest Birb|88\/100|[from] Stealth Rock\n|move|p1a: Garchomp|Scale Shot|p2a: Biggest Birb\n|-resisted|p2a: Biggest Birb\n|-damage|p2a: Biggest Birb|85\/100\n|-resisted|p2a: Biggest Birb\n|-damage|p2a: Biggest Birb|83\/100\n|-resisted|p2a: Biggest Birb\n|-damage|p2a: Biggest Birb|80\/100\n|-resisted|p2a: Biggest Birb\n|-damage|p2a: Biggest Birb|78\/100\n|-resisted|p2a: Biggest Birb\n|-damage|p2a: Biggest Birb|75\/100\n|-hitcount|p2a: Biggest Birb|5\n|-unboost|p1a: Garchomp|def|1\n|-boost|p1a: Garchomp|spe|1\n|\n|-heal|p1a: Garchomp|16\/100 brn|[from] item: Leftovers\n|-damage|p1a: Garchomp|10\/100 brn|[from] brn\n|-end|p1a: Garchomp|move: Taunt\n|upkeep\n|turn|6\n|\n|t:|1700844035\n|move|p1a: Garchomp|Scale Shot|p2a: Biggest Birb\n|-resisted|p2a: Biggest Birb\n|-damage|p2a: Biggest Birb|73\/100\n|-resisted|p2a: Biggest Birb\n|-damage|p2a: Biggest Birb|70\/100\n|-resisted|p2a: Biggest Birb\n|-damage|p2a: Biggest Birb|67\/100\n|-hitcount|p2a: Biggest Birb|3\n|-unboost|p1a: Garchomp|def|1\n|-boost|p1a: Garchomp|spe|1\n|move|p2a: Biggest Birb|Defog|p1a: Garchomp\n|-unboost|p1a: Garchomp|evasion|1\n|-sideend|p2: big mikel|Stealth Rock|[from] move: Defog|[of] p2a: Biggest Birb\n|\n|-heal|p1a: Garchomp|16\/100 brn|[from] item: Leftovers\n|-damage|p1a: Garchomp|10\/100 brn|[from] brn\n|upkeep\n|turn|7\n|\n|t:|1700844049\n|move|p1a: Garchomp|Swords Dance|p1a: Garchomp\n|-boost|p1a: Garchomp|atk|2\n|move|p2a: Biggest Birb|Iron Head|p1a: Garchomp\n|-damage|p1a: Garchomp|0 fnt\n|-damage|p2a: Biggest Birb|55\/100|[from] ability: Rough Skin|[of] p1a: Garchomp\n|faint|p1a: Garchomp\n|\n|upkeep\n|\n|t:|1700844060\n|switch|p1a: Revavroom|Revavroom, F, shiny|100\/100\n|turn|8\n|\n|t:|1700844067\n|switch|p2a: Heatran|Heatran, F, tera:Ground|72\/100\n|move|p1a: Revavroom|Shift Gear|p1a: Revavroom\n|-boost|p1a: Revavroom|spe|2\n|-boost|p1a: Revavroom|atk|1\n|\n|upkeep\n|turn|9\n|\n|t:|1700844074\n|move|p1a: Revavroom|Spin Out|p2a: Heatran\n|-damage|p2a: Heatran|0 fnt\n|-unboost|p1a: Revavroom|spe|2\n|faint|p2a: Heatran\n|-damage|p1a: Revavroom|91\/100|[from] item: Life Orb\n|\n|upkeep\n|\n|t:|1700844081\n|switch|p2a: Ting-Lu|Ting-Lu|100\/100\n|-ability|p2a: Ting-Lu|Vessel of Ruin\n|turn|10\n|\n|t:|1700844093\n|move|p1a: Revavroom|Spin Out|p2a: Ting-Lu\n|-damage|p2a: Ting-Lu|58\/100\n|-unboost|p1a: Revavroom|spe|2\n|-damage|p1a: Revavroom|81\/100|[from] item: Life Orb\n|move|p2a: Ting-Lu|Stealth Rock|p1a: Revavroom\n|-sidestart|p1: Tory vs Raven IX X|move: Stealth Rock\n|\n|-heal|p2a: Ting-Lu|65\/100|[from] item: Leftovers\n|upkeep\n|turn|11\n|\n|t:|1700844104\n|switch|p1a: Scizor|Scizor, M, shiny|100\/100\n|-damage|p1a: Scizor|88\/100|[from] Stealth Rock\n|move|p2a: Ting-Lu|Earthquake|p1a: Scizor\n|-damage|p1a: Scizor|51\/100\n|\n|-heal|p2a: Ting-Lu|71\/100|[from] item: Leftovers\n|upkeep\n|turn|12\n|\n|t:|1700844114\n|switch|p2a: Pokey Mon|Toxapex, M, shiny|100\/100\n|move|p1a: Scizor|Swords Dance|p1a: Scizor\n|-boost|p1a: Scizor|atk|2\n|\n|upkeep\n|turn|13\n|\n|t:|1700844125\n|move|p1a: Scizor|Quick Attack|p2a: Pokey Mon\n|-damage|p2a: Pokey Mon|62\/100\n|-damage|p1a: Scizor|41\/100|[from] item: Life Orb\n|move|p2a: Pokey Mon|Liquidation|p1a: Scizor\n|-damage|p1a: Scizor|23\/100\n|\n|-heal|p2a: Pokey Mon|68\/100|[from] item: Leftovers\n|upkeep\n|turn|14\n|\n|t:|1700844135\n|move|p1a: Scizor|Quick Attack|p2a: Pokey Mon\n|-damage|p2a: Pokey Mon|34\/100\n|-damage|p1a: Scizor|13\/100|[from] item: Life Orb\n|move|p2a: Pokey Mon|Recover|p2a: Pokey Mon\n|-heal|p2a: Pokey Mon|84\/100\n|\n|-heal|p2a: Pokey Mon|90\/100|[from] item: Leftovers\n|upkeep\n|turn|15\n|\n|t:|1700844144\n|move|p1a: Scizor|Quick Attack|p2a: Pokey Mon\n|-damage|p2a: Pokey Mon|57\/100\n|-damage|p1a: Scizor|3\/100|[from] item: Life Orb\n|move|p2a: Pokey Mon|Recover|p2a: Pokey Mon\n|-heal|p2a: Pokey Mon|100\/100\n|\n|upkeep\n|turn|16\n|\n|t:|1700844151\n|move|p1a: Scizor|Quick Attack|p2a: Pokey Mon\n|-damage|p2a: Pokey Mon|65\/100\n|-damage|p1a: Scizor|0 fnt|[from] item: Life Orb\n|faint|p1a: Scizor\n|move|p2a: Pokey Mon|Liquidation|p1: Scizor|[notarget]\n|-fail|p2a: Pokey Mon\n|\n|-heal|p2a: Pokey Mon|71\/100|[from] item: Leftovers\n|upkeep\n|\n|t:|1700844160\n|switch|p1a: Revavroom|Revavroom, F, shiny|81\/100\n|-damage|p1a: Revavroom|75\/100|[from] Stealth Rock\n|turn|17\n|\n|t:|1700844166\n|move|p1a: Revavroom|Shift Gear|p1a: Revavroom\n|-boost|p1a: Revavroom|spe|2\n|-boost|p1a: Revavroom|atk|1\n|move|p2a: Pokey Mon|Liquidation|p1a: Revavroom\n|-damage|p1a: Revavroom|49\/100\n|-unboost|p1a: Revavroom|def|1\n|\n|-heal|p2a: Pokey Mon|77\/100|[from] item: Leftovers\n|upkeep\n|turn|18\n|\n|t:|1700844175\n|move|p2a: Pokey Mon|Baneful Bunker|p2a: Pokey Mon\n|-singleturn|p2a: Pokey Mon|move: Protect\n|move|p1a: Revavroom|High Horsepower|p2a: Pokey Mon\n|-activate|p2a: Pokey Mon|move: Protect\n|\n|-heal|p2a: Pokey Mon|84\/100|[from] item: Leftovers\n|upkeep\n|turn|19\n|\n|t:|1700844187\n|switch|p2a: Biggest Birb|Corviknight, M, shiny|55\/100\n|move|p1a: Revavroom|Poison Jab|p2a: Biggest Birb\n|-immune|p2a: Biggest Birb\n|\n|upkeep\n|turn|20\n|\n|t:|1700844196\n|switch|p2a: Ting-Lu|Ting-Lu|71\/100\n|-ability|p2a: Ting-Lu|Vessel of Ruin\n|move|p1a: Revavroom|Shift Gear|p1a: Revavroom\n|-boost|p1a: Revavroom|spe|2\n|-boost|p1a: Revavroom|atk|1\n|\n|-heal|p2a: Ting-Lu|77\/100|[from] item: Leftovers\n|upkeep\n|turn|21\n|\n|t:|1700844205\n|move|p1a: Revavroom|Poison Jab|p2a: Ting-Lu\n|-resisted|p2a: Ting-Lu\n|-damage|p2a: Ting-Lu|54\/100\n|-status|p2a: Ting-Lu|psn\n|-damage|p1a: Revavroom|39\/100|[from] item: Life Orb\n|move|p2a: Ting-Lu|Whirlwind|p1a: Revavroom\n|drag|p1a: Manaphy|Manaphy, shiny|100\/100\n|-damage|p1a: Manaphy|88\/100|[from] Stealth Rock\n|\n|-heal|p2a: Ting-Lu|61\/100 psn|[from] item: Leftovers\n|-damage|p2a: Ting-Lu|48\/100 psn|[from] psn\n|upkeep\n|turn|22\n|\n|t:|1700844218\n|move|p1a: Manaphy|Take Heart|p1a: Manaphy\n|-boost|p1a: Manaphy|spa|1\n|-boost|p1a: Manaphy|spd|1\n|move|p2a: Ting-Lu|Spikes|p1a: Manaphy\n|-sidestart|p1: Tory vs Raven IX X|Spikes\n|\n|-heal|p2a: Ting-Lu|54\/100 psn|[from] item: Leftovers\n|-damage|p2a: Ting-Lu|42\/100 psn|[from] psn\n|upkeep\n|turn|23\n|\n|t:|1700844226\n|move|p1a: Manaphy|Ice Beam|p2a: Ting-Lu\n|-supereffective|p2a: Ting-Lu\n|-damage|p2a: Ting-Lu|0 fnt\n|faint|p2a: Ting-Lu\n|\n|upkeep\n|\n|t:|1700844232\n|switch|p2a: Pokey Mon|Toxapex, M, shiny|84\/100\n|turn|24\n|\n|t:|1700844236\n|move|p1a: Manaphy|Take Heart|p1a: Manaphy\n|-boost|p1a: Manaphy|spa|1\n|-boost|p1a: Manaphy|spd|1\n|move|p2a: Pokey Mon|Gunk Shot|p1a: Manaphy\n|-damage|p1a: Manaphy|59\/100\n|-status|p1a: Manaphy|psn\n|\n|-heal|p2a: Pokey Mon|90\/100|[from] item: Leftovers\n|-damage|p1a: Manaphy|47\/100 psn|[from] psn\n|upkeep\n|turn|25\n|\n|t:|1700844247\n|move|p1a: Manaphy|Take Heart|p1a: Manaphy\n|-boost|p1a: Manaphy|spa|1\n|-boost|p1a: Manaphy|spd|1\n|-curestatus|p1a: Manaphy|psn|[msg]\n|move|p2a: Pokey Mon|Gunk Shot|p1a: Manaphy\n|-damage|p1a: Manaphy|18\/100\n|-enditem|p1a: Manaphy|Salac Berry|[eat]\n|-boost|p1a: Manaphy|spe|1|[from] item: Salac Berry\n|\n|-heal|p2a: Pokey Mon|96\/100|[from] item: Leftovers\n|upkeep\n|turn|26\n|\n|t:|1700844258\n|move|p1a: Manaphy|Energy Ball|p2a: Pokey Mon\n|-damage|p2a: Pokey Mon|38\/100\n|-unboost|p2a: Pokey Mon|spd|1\n|move|p2a: Pokey Mon|Gunk Shot|p1a: Manaphy\n|-damage|p1a: Manaphy|0 fnt\n|faint|p1a: Manaphy\n|\n|-heal|p2a: Pokey Mon|44\/100|[from] item: Leftovers\n|upkeep\n|\n|t:|1700844271\n|switch|p1a: Espeon|Espeon, M, shiny|100\/100\n|-damage|p1a: Espeon|88\/100|[from] Stealth Rock\n|-damage|p1a: Espeon|76\/100|[from] Spikes\n|turn|27\n|\n|t:|1700844286\n|move|p1a: Espeon|Future Sight|p2a: Pokey Mon\n|-start|p1a: Espeon|move: Future Sight\n|move|p2a: Pokey Mon|Recover|p2a: Pokey Mon\n|-heal|p2a: Pokey Mon|94\/100\n|\n|-heal|p2a: Pokey Mon|99\/100|[from] item: Leftovers\n|upkeep\n|turn|28\n|\n|t:|1700844292\n|switch|p2a: Biggest Birb|Corviknight, M, shiny|55\/100\n|move|p1a: Espeon|Reflect|p1a: Espeon\n|-sidestart|p1: Tory vs Raven IX X|Reflect\n|\n|upkeep\n|turn|29\n|\n|t:|1700844307\n|move|p1a: Espeon|Yawn|p2a: Biggest Birb\n|-start|p2a: Biggest Birb|move: Yawn|[of] p1a: Espeon\n|move|p2a: Biggest Birb|Roost|p2a: Biggest Birb\n|-heal|p2a: Biggest Birb|100\/100\n|-singleturn|p2a: Biggest Birb|move: Roost\n|\n|-end|p2a: Biggest Birb|move: Future Sight\n|-resisted|p2a: Biggest Birb\n|-damage|p2a: Biggest Birb|82\/100\n|upkeep\n|turn|30\n|\n|t:|1700844319\n|switch|p2a: Great Tusk|Great Tusk, shiny|100\/100\n|-enditem|p2a: Great Tusk|Booster Energy\n|-activate|p2a: Great Tusk|ability: Protosynthesis|[fromitem]\n|-start|p2a: Great Tusk|protosynthesisatk\n|move|p1a: Espeon|Future Sight|p2a: Great Tusk\n|-start|p1a: Espeon|move: Future Sight\n|\n|upkeep\n|turn|31\n|\n|t:|1700844330\n|move|p1a: Espeon|Yawn|p2a: Great Tusk\n|-start|p2a: Great Tusk|move: Yawn|[of] p1a: Espeon\n|move|p2a: Great Tusk|Earthquake|p1a: Espeon\n|-damage|p1a: Espeon|23\/100\n|\n|upkeep\n|turn|32\n|\n|t:|1700844338\n|-end|p2a: Great Tusk|Protosynthesis|[silent]\n|switch|p2a: Biggest Birb|Corviknight, M, shiny|82\/100\n|move|p1a: Espeon|Light Screen|p1a: Espeon\n|-sidestart|p1: Tory vs Raven IX X|move: Light Screen\n|\n|-end|p2a: Biggest Birb|move: Future Sight\n|-resisted|p2a: Biggest Birb\n|-damage|p2a: Biggest Birb|63\/100\n|upkeep\n|turn|33\n|\n|t:|1700844347\n|move|p1a: Espeon|Yawn|p2a: Biggest Birb\n|-start|p2a: Biggest Birb|move: Yawn|[of] p1a: Espeon\n|move|p2a: Biggest Birb|Brave Bird|p1a: Espeon\n|-damage|p1a: Espeon|0 fnt\n|faint|p1a: Espeon\n|-damage|p2a: Biggest Birb|57\/100|[from] Recoil\n|\n|upkeep\n|\n|t:|1700844356\n|switch|p1a: Cloyster|Cloyster, F, shiny|100\/100\n|-damage|p1a: Cloyster|76\/100|[from] Stealth Rock\n|-damage|p1a: Cloyster|63\/100|[from] Spikes\n|turn|34\n|\n|t:|1700844362\n|switch|p2a: Pokey Mon|Toxapex, M, shiny|99\/100\n|move|p1a: Cloyster|Shell Smash|p1a: Cloyster\n|-unboost|p1a: Cloyster|def|1\n|-unboost|p1a: Cloyster|spd|1\n|-boost|p1a: Cloyster|atk|2\n|-boost|p1a: Cloyster|spa|2\n|-boost|p1a: Cloyster|spe|2\n|-enditem|p1a: Cloyster|White Herb\n|-clearnegativeboost|p1a: Cloyster|[silent]\n|\n|-heal|p2a: Pokey Mon|100\/100|[from] item: Leftovers\n|upkeep\n|turn|35\n|\n|t:|1700844374\n|move|p1a: Cloyster|Rock Blast|p2a: Pokey Mon\n|-damage|p2a: Pokey Mon|91\/100\n|-damage|p2a: Pokey Mon|82\/100\n|-damage|p2a: Pokey Mon|71\/100\n|-damage|p2a: Pokey Mon|62\/100\n|-damage|p2a: Pokey Mon|52\/100\n|-hitcount|p2a: Pokey Mon|5\n|move|p2a: Pokey Mon|Gunk Shot|p1a: Cloyster|[miss]\n|-miss|p2a: Pokey Mon|p1a: Cloyster\n|\n|-heal|p2a: Pokey Mon|58\/100|[from] item: Leftovers\n|-sideend|p1: Tory vs Raven IX X|Reflect\n|upkeep\n|turn|36\n|\n|t:|1700844386\n|move|p1a: Cloyster|Shell Smash|p1a: Cloyster\n|-unboost|p1a: Cloyster|def|1\n|-unboost|p1a: Cloyster|spd|1\n|-boost|p1a: Cloyster|atk|2\n|-boost|p1a: Cloyster|spa|2\n|-boost|p1a: Cloyster|spe|2\n|move|p2a: Pokey Mon|Recover|p2a: Pokey Mon\n|-heal|p2a: Pokey Mon|100\/100\n|\n|upkeep\n|turn|37\n|\n|t:|1700844394\n|move|p1a: Cloyster|Rock Blast|p2a: Pokey Mon\n|-damage|p2a: Pokey Mon|87\/100\n|-damage|p2a: Pokey Mon|74\/100\n|-damage|p2a: Pokey Mon|58\/100\n|-damage|p2a: Pokey Mon|44\/100\n|-damage|p2a: Pokey Mon|30\/100\n|-hitcount|p2a: Pokey Mon|5\n|move|p2a: Pokey Mon|Gunk Shot|p1a: Cloyster\n|-damage|p1a: Cloyster|26\/100\n|\n|-heal|p2a: Pokey Mon|36\/100|[from] item: Leftovers\n|upkeep\n|turn|38\n|\n|t:|1700844405\n|move|p2a: Pokey Mon|Baneful Bunker|p2a: Pokey Mon\n|-singleturn|p2a: Pokey Mon|move: Protect\n|move|p1a: Cloyster|Rock Blast|p2a: Pokey Mon\n|-activate|p2a: Pokey Mon|move: Protect\n|\n|-heal|p2a: Pokey Mon|43\/100|[from] item: Leftovers\n|upkeep\n|turn|39\n|\n|t:|1700844417\n|move|p1a: Cloyster|Icicle Spear|p2a: Pokey Mon\n|-resisted|p2a: Pokey Mon\n|-damage|p2a: Pokey Mon|32\/100\n|-resisted|p2a: Pokey Mon\n|-damage|p2a: Pokey Mon|21\/100\n|-resisted|p2a: Pokey Mon\n|-damage|p2a: Pokey Mon|11\/100\n|-resisted|p2a: Pokey Mon\n|-crit|p2a: Pokey Mon\n|-damage|p2a: Pokey Mon|0 fnt\n|faint|p2a: Pokey Mon\n|-hitcount|p2: Pokey Mon|4\n|\n|-sideend|p1: Tory vs Raven IX X|move: Light Screen\n|upkeep\n|\n|t:|1700844429\n|switch|p2a: Biggest Birb|Corviknight, M, shiny|57\/100\n|turn|40\n|\n|t:|1700844433\n|move|p1a: Cloyster|Icicle Spear|p2a: Biggest Birb\n|-damage|p2a: Biggest Birb|30\/100\n|-damage|p2a: Biggest Birb|0 fnt\n|faint|p2a: Biggest Birb\n|-hitcount|p2: Biggest Birb|2\n|\n|upkeep\n|\n|t:|1700844439\n|switch|p2a: Great Tusk|Great Tusk, shiny|100\/100\n|turn|41\n|\n|t:|1700844441\n|move|p1a: Cloyster|Icicle Spear|p2a: Great Tusk\n|-supereffective|p2a: Great Tusk\n|-damage|p2a: Great Tusk|50\/100\n|-supereffective|p2a: Great Tusk\n|-damage|p2a: Great Tusk|2\/100\n|-supereffective|p2a: Great Tusk\n|-damage|p2a: Great Tusk|0 fnt\n|faint|p2a: Great Tusk\n|-end|p2a: Great Tusk|Protosynthesis|[silent]\n|-hitcount|p2: Great Tusk|3\n|\n|upkeep\n|-message|big mikel forfeited.\n|\n|win|Tory vs Raven IX X\n|raw|Tory vs Raven IX X's rating: 1098 &rarr; <strong>1126<\/strong><br \/>(+28 for winning)\n|raw|big mikel's rating: 1142 &rarr; <strong>1114<\/strong><br \/>(-28 for losing)\n|l|\u2606big mikel\n","uploadtime":1700844451,"views":1,"p1id":"toryvsravenixx","p2id":"bigmikel","formatid":"gen9ou","rating":1114,"private":0,"password":""}