{"id":"gen9ou-1989464957","p1":"friedfreak","p2":"Macaxandre1st","format":"[Gen 9] OU","log":"|j|\u2606friedfreak\n|j|\u2606Macaxandre1st\n|t:|1699854701\n|gametype|singles\n|player|p1|friedfreak|clown|1683\n|player|p2|Macaxandre1st|cynthia-gen4|1814\n|teamsize|p1|6\n|teamsize|p2|6\n|gen|9\n|tier|[Gen 9] OU\n|rated|\n|rule|Sleep Clause Mod: Limit one foe put to sleep\n|rule|Species Clause: Limit one of each Pok\u00e9mon\n|rule|OHKO Clause: OHKO moves are banned\n|rule|Evasion Items Clause: Evasion items are banned\n|rule|Evasion Moves Clause: Evasion moves are banned\n|rule|Endless Battle Clause: Forcing endless battles is banned\n|rule|HP Percentage Mod: HP is shown in percentages\n|clearpoke\n|poke|p1|Empoleon, F|\n|poke|p1|Ogerpon-Cornerstone, F|\n|poke|p1|Dragapult, M|\n|poke|p1|Great Tusk|\n|poke|p1|Cinderace, F|\n|poke|p1|Dragonite, F|\n|poke|p2|Greninja-*, M|\n|poke|p2|Iron Moth|\n|poke|p2|Gholdengo|\n|poke|p2|Kingambit, M|\n|poke|p2|Iron Valiant|\n|poke|p2|Ting-Lu|\n|teampreview\n|inactive|Battle timer is ON: inactive players will automatically lose when time's up. (requested by friedfreak)\n|inactive|Macaxandre1st has 120 seconds left.\n|c|\u2606friedfreak|hurry the fuck up\n|inactive|Macaxandre1st has 90 seconds left.\n|\n|t:|1699854779\n|start\n|switch|p1a: Cinderace|Cinderace, F|100\/100\n|switch|p2a: Gholdengo|Gholdengo|100\/100\n|turn|1\n|\n|t:|1699854799\n|-terastallize|p2a: Gholdengo|Ghost\n|move|p2a: Gholdengo|Shadow Ball|p1a: Cinderace\n|-damage|p1a: Cinderace|33\/100\n|move|p1a: Cinderace|Pyro Ball|p2a: Gholdengo|[miss]\n|-miss|p1a: Cinderace|p2a: Gholdengo\n|\n|upkeep\n|turn|2\n|\n|t:|1699854806\n|switch|p1a: Empoleon|Empoleon, F|100\/100\n|move|p2a: Gholdengo|Shadow Ball|p1a: Empoleon\n|-damage|p1a: Empoleon|62\/100\n|\n|-heal|p1a: Empoleon|68\/100|[from] item: Leftovers\n|upkeep\n|turn|3\n|\n|t:|1699854814\n|switch|p2a: Ting-Lu|Ting-Lu|100\/100\n|-ability|p2a: Ting-Lu|Vessel of Ruin\n|move|p1a: Empoleon|Roost|p1a: Empoleon\n|-heal|p1a: Empoleon|100\/100\n|-singleturn|p1a: Empoleon|move: Roost\n|\n|upkeep\n|turn|4\n|\n|t:|1699854823\n|switch|p1a: Ogerpon|Ogerpon-Cornerstone, F|100\/100\n|move|p2a: Ting-Lu|Spikes|p1a: Ogerpon\n|-sidestart|p1: friedfreak|Spikes\n|\n|upkeep\n|turn|5\n|\n|t:|1699854833\n|move|p1a: Ogerpon|Power Whip|p2a: Ting-Lu\n|-supereffective|p2a: Ting-Lu\n|-damage|p2a: Ting-Lu|29\/100\n|-enditem|p2a: Ting-Lu|Red Card|[of] p1a: Ogerpon\n|drag|p1a: Dragonite|Dragonite, F|100\/100\n|move|p2a: Ting-Lu|Whirlwind|p1a: Dragonite\n|drag|p1a: Empoleon|Empoleon, F|100\/100\n|-damage|p1a: Empoleon|88\/100|[from] Spikes\n|\n|-heal|p1a: Empoleon|94\/100|[from] item: Leftovers\n|upkeep\n|turn|6\n|\n|t:|1699854853\n|switch|p1a: Great Tusk|Great Tusk|100\/100\n|-damage|p1a: Great Tusk|88\/100|[from] Spikes\n|move|p2a: Ting-Lu|Stealth Rock|p1a: Great Tusk\n|-sidestart|p1: friedfreak|move: Stealth Rock\n|\n|upkeep\n|turn|7\n|\n|t:|1699854864\n|move|p1a: Great Tusk|Knock Off|p2a: Ting-Lu\n|-resisted|p2a: Ting-Lu\n|-damage|p2a: Ting-Lu|24\/100\n|move|p2a: Ting-Lu|Whirlwind|p1a: Great Tusk\n|-end|p1a: Great Tusk|Protosynthesis|[silent]\n|drag|p1a: Dragapult|Dragapult, M|100\/100\n|-damage|p1a: Dragapult|88\/100|[from] Spikes\n|-damage|p1a: Dragapult|76\/100|[from] Stealth Rock\n|\n|upkeep\n|turn|8\n|\n|t:|1699854870\n|move|p1a: Dragapult|U-turn|p2a: Ting-Lu\n|-supereffective|p2a: Ting-Lu\n|-damage|p2a: Ting-Lu|6\/100\n|\n|t:|1699854873\n|switch|p1a: Great Tusk|Great Tusk|88\/100|[from] U-turn\n|-damage|p1a: Great Tusk|75\/100|[from] Spikes\n|-damage|p1a: Great Tusk|72\/100|[from] Stealth Rock\n|move|p2a: Ting-Lu|Whirlwind|p1a: Great Tusk\n|-end|p1a: Great Tusk|Protosynthesis|[silent]\n|drag|p1a: Empoleon|Empoleon, F|94\/100\n|-damage|p1a: Empoleon|82\/100|[from] Spikes\n|-damage|p1a: Empoleon|76\/100|[from] Stealth Rock\n|\n|-heal|p1a: Empoleon|82\/100|[from] item: Leftovers\n|upkeep\n|turn|9\n|\n|t:|1699854883\n|move|p1a: Empoleon|Surf|p2a: Ting-Lu\n|-supereffective|p2a: Ting-Lu\n|-damage|p2a: Ting-Lu|0 fnt\n|faint|p2a: Ting-Lu\n|\n|-heal|p1a: Empoleon|88\/100|[from] item: Leftovers\n|upkeep\n|\n|t:|1699854895\n|switch|p2a: Iron Valiant|Iron Valiant|100\/100\n|-enditem|p2a: Iron Valiant|Booster Energy\n|-activate|p2a: Iron Valiant|ability: Quark Drive|[fromitem]\n|-start|p2a: Iron Valiant|quarkdrivespe\n|turn|10\n|\n|t:|1699854899\n|move|p2a: Iron Valiant|Close Combat|p1a: Empoleon\n|-supereffective|p1a: Empoleon\n|-damage|p1a: Empoleon|0 fnt\n|-unboost|p2a: Iron Valiant|def|1\n|-unboost|p2a: Iron Valiant|spd|1\n|faint|p1a: Empoleon\n|\n|upkeep\n|\n|t:|1699854903\n|switch|p1a: Great Tusk|Great Tusk|72\/100\n|-damage|p1a: Great Tusk|60\/100|[from] Spikes\n|-damage|p1a: Great Tusk|57\/100|[from] Stealth Rock\n|turn|11\n|inactive|Macaxandre1st has 120 seconds left.\n|\n|t:|1699854936\n|move|p2a: Iron Valiant|Swords Dance|p2a: Iron Valiant\n|-boost|p2a: Iron Valiant|atk|2\n|move|p1a: Great Tusk|Headlong Rush|p2a: Iron Valiant\n|-damage|p2a: Iron Valiant|4\/100\n|-unboost|p1a: Great Tusk|def|1\n|-unboost|p1a: Great Tusk|spd|1\n|\n|upkeep\n|turn|12\n|\n|t:|1699854944\n|move|p2a: Iron Valiant|Close Combat|p1a: Great Tusk\n|-damage|p1a: Great Tusk|0 fnt\n|-unboost|p2a: Iron Valiant|def|1\n|-unboost|p2a: Iron Valiant|spd|1\n|-damage|p2a: Iron Valiant|0 fnt|[from] item: Rocky Helmet|[of] p1a: Great Tusk\n|faint|p1a: Great Tusk\n|-end|p1a: Great Tusk|Protosynthesis|[silent]\n|faint|p2a: Iron Valiant\n|-end|p2a: Iron Valiant|Quark Drive|[silent]\n|\n|upkeep\n|inactive|Macaxandre1st has 120 seconds left.\n|\n|t:|1699854977\n|switch|p2a: Iron Moth|Iron Moth|100\/100\n|switch|p1a: Dragonite|Dragonite, F|100\/100\n|-enditem|p2a: Iron Moth|Booster Energy\n|-activate|p2a: Iron Moth|ability: Quark Drive|[fromitem]\n|-start|p2a: Iron Moth|quarkdrivespe\n|turn|13\n|\n|t:|1699854994\n|move|p2a: Iron Moth|Sludge Wave|p1a: Dragonite\n|-damage|p1a: Dragonite|77\/100\n|move|p1a: Dragonite|Dragon Dance|p1a: Dragonite\n|-boost|p1a: Dragonite|atk|1\n|-boost|p1a: Dragonite|spe|1\n|\n|upkeep\n|turn|14\n|\n|t:|1699855015\n|-terastallize|p1a: Dragonite|Normal\n|move|p2a: Iron Moth|Sludge Wave|p1a: Dragonite\n|-damage|p1a: Dragonite|23\/100\n|move|p1a: Dragonite|Dragon Dance|p1a: Dragonite\n|-boost|p1a: Dragonite|atk|1\n|-boost|p1a: Dragonite|spe|1\n|\n|upkeep\n|turn|15\n|inactive|Macaxandre1st has 120 seconds left.\n|\n|t:|1699855022\n|move|p1a: Dragonite|Extreme Speed|p2a: Iron Moth\n|-damage|p2a: Iron Moth|0 fnt\n|faint|p2a: Iron Moth\n|-end|p2a: Iron Moth|Quark Drive|[silent]\n|\n|upkeep\n|inactive|Macaxandre1st has 120 seconds left.\n|\n|t:|1699855035\n|switch|p2a: Gholdengo|Gholdengo, tera:Ghost|100\/100\n|turn|16\n|\n|t:|1699855043\n|move|p1a: Dragonite|Earthquake|p2a: Gholdengo\n|-damage|p2a: Gholdengo|6\/100\n|move|p2a: Gholdengo|Make It Rain|p1a: Dragonite\n|-damage|p1a: Dragonite|0 fnt\n|-unboost|p2a: Gholdengo|spa|1\n|faint|p1a: Dragonite\n|\n|upkeep\n|\n|t:|1699855048\n|switch|p1a: Cinderace|Cinderace, F|33\/100\n|turn|17\n|\n|t:|1699855054\n|switch|p2a: Greninja|Greninja, M|100\/100\n|move|p1a: Cinderace|Court Change|p1a: Cinderace\n|-swapsideconditions\n|-activate|p1a: Cinderace|move: Court Change\n|\n|upkeep\n|turn|18\n|\n|t:|1699855068\n|switch|p1a: Dragapult|Dragapult, M|76\/100\n|move|p2a: Greninja|Dark Pulse|p1a: Dragapult\n|-supereffective|p1a: Dragapult\n|-damage|p1a: Dragapult|0 fnt\n|faint|p1a: Dragapult\n|-ability|p2a: Greninja|Battle Bond|boost\n|-boost|p2a: Greninja|atk|1\n|-boost|p2a: Greninja|spa|1\n|-boost|p2a: Greninja|spe|1\n|-activate|p2a: Greninja|ability: Battle Bond\n|-damage|p2a: Greninja|91\/100|[from] item: Life Orb\n|\n|upkeep\n|\n|t:|1699855072\n|switch|p1a: Ogerpon|Ogerpon-Cornerstone, F|100\/100\n|turn|19\n|\n|t:|1699855081\n|move|p2a: Greninja|Ice Beam|p1a: Ogerpon\n|-supereffective|p1a: Ogerpon\n|-ability|p1a: Ogerpon|Sturdy\n|-damage|p1a: Ogerpon|1\/100\n|-damage|p2a: Greninja|81\/100|[from] item: Life Orb\n|move|p1a: Ogerpon|Ivy Cudgel|p2a: Greninja\n|-damage|p2a: Greninja|0 fnt\n|faint|p2a: Greninja\n|\n|upkeep\n|\n|t:|1699855093\n|switch|p2a: Kingambit|Kingambit, M|100\/100\n|-damage|p2a: Kingambit|94\/100|[from] Stealth Rock\n|-activate|p2a: Kingambit|ability: Supreme Overlord\n|-start|p2a: Kingambit|fallen4|[silent]\n|-item|p2a: Kingambit|Air Balloon\n|turn|20\n|\n|t:|1699855104\n|move|p2a: Kingambit|Sucker Punch|p1a: Ogerpon\n|-damage|p1a: Ogerpon|0 fnt\n|faint|p1a: Ogerpon\n|\n|upkeep\n|\n|t:|1699855106\n|switch|p1a: Cinderace|Cinderace, F|33\/100\n|turn|21\n|\n|t:|1699855123\n|move|p1a: Cinderace|Pyro Ball|p2a: Kingambit\n|-supereffective|p2a: Kingambit\n|-damage|p2a: Kingambit|0 fnt\n|-enditem|p2a: Kingambit|Air Balloon\n|faint|p2a: Kingambit\n|-end|p2a: Kingambit|fallen4|[silent]\n|\n|upkeep\n|c|\u2606Macaxandre1st|wp the max roll\n|\n|t:|1699855143\n|switch|p2a: Gholdengo|Gholdengo, tera:Ghost|6\/100\n|-damage|p2a: Gholdengo|0 fnt|[from] Spikes\n|faint|p2a: Gholdengo\n|\n|win|friedfreak\n|raw|friedfreak's rating: 1683 &rarr; <strong>1710<\/strong><br \/>(+27 for winning)\n|raw|Macaxandre1st's rating: 1814 &rarr; <strong>1787<\/strong><br \/>(-27 for losing)\n|l|\u2606friedfreak\n|l|\u2606Macaxandre1st\n","uploadtime":1699855316,"views":17,"p1id":"friedfreak","p2id":"macaxandre1st","formatid":"gen9ou","rating":1710,"private":0,"password":""}