{"id":"gen9ou-1990992657","p1":"Benjamin 4455","p2":"J.Arch","format":"[Gen 9] OU","log":"|j|\u2606Benjamin 4455\n|j|\u2606J.Arch\n|t:|1700024596\n|gametype|singles\n|player|p1|Benjamin 4455|169|1349\n|player|p2|J.Arch|blue|1329\n|teamsize|p1|6\n|teamsize|p2|6\n|gen|9\n|tier|[Gen 9] OU\n|rated|\n|rule|Sleep Clause Mod: Limit one foe put to sleep\n|rule|Species Clause: Limit one of each Pok\u00e9mon\n|rule|OHKO Clause: OHKO moves are banned\n|rule|Evasion Items Clause: Evasion items are banned\n|rule|Evasion Moves Clause: Evasion moves are banned\n|rule|Endless Battle Clause: Forcing endless battles is banned\n|rule|HP Percentage Mod: HP is shown in percentages\n|clearpoke\n|poke|p1|Corviknight, M|\n|poke|p1|Zamazenta-*|\n|poke|p1|Clefable, M|\n|poke|p1|Glimmora, F|\n|poke|p1|Meowscarada, M|\n|poke|p1|Gholdengo|\n|poke|p2|Clefable, M|\n|poke|p2|Dragonite, M|\n|poke|p2|Gengar, F|\n|poke|p2|Rotom-Wash|\n|poke|p2|Tyranitar, F|\n|poke|p2|Scizor, F|\n|teampreview\n|\n|t:|1700024608\n|start\n|switch|p1a: Gholdengo|Gholdengo, shiny|100\/100\n|switch|p2a: Rotom|Rotom-Wash|100\/100\n|turn|1\n|\n|t:|1700024624\n|move|p2a: Rotom|Volt Switch|p1a: Gholdengo\n|-damage|p1a: Gholdengo|57\/100\n|\n|t:|1700024647\n|switch|p2a: Tyranitar|Tyranitar, F|100\/100|[from] Volt Switch\n|-weather|Sandstorm|[from] ability: Sand Stream|[of] p2a: Tyranitar\n|move|p1a: Gholdengo|Shadow Ball|p2a: Tyranitar\n|-resisted|p2a: Tyranitar\n|-damage|p2a: Tyranitar|88\/100\n|-unboost|p2a: Tyranitar|spd|1\n|\n|-weather|Sandstorm|[upkeep]\n|-heal|p2a: Tyranitar|94\/100|[from] item: Leftovers\n|upkeep\n|turn|2\n|\n|t:|1700024677\n|switch|p1a: Glimmora|Glimmora, F, shiny|100\/100\n|move|p2a: Tyranitar|Earthquake|p1a: Glimmora\n|-supereffective|p1a: Glimmora\n|-damage|p1a: Glimmora|0 fnt\n|faint|p1a: Glimmora\n|\n|-weather|Sandstorm|[upkeep]\n|-heal|p2a: Tyranitar|100\/100|[from] item: Leftovers\n|upkeep\n|\n|t:|1700024689\n|switch|p1a: Meowscarada|Meowscarada, M, shiny|100\/100\n|turn|3\n|\n|t:|1700024712\n|switch|p2a: Scizor|Scizor, F|100\/100\n|move|p1a: Meowscarada|U-turn|p2a: Scizor\n|-start|p1a: Meowscarada|typechange|Bug|[from] ability: Protean\n|-resisted|p2a: Scizor\n|-damage|p2a: Scizor|84\/100\n|\n|t:|1700024720\n|switch|p1a: Clefable|Clefable, M, shiny|100\/100|[from] U-turn\n|\n|-weather|Sandstorm|[upkeep]\n|upkeep\n|turn|4\n|\n|t:|1700024734\n|move|p2a: Scizor|U-turn|p1a: Clefable\n|-resisted|p1a: Clefable\n|-crit|p1a: Clefable\n|-damage|p1a: Clefable|52\/100\n|\n|t:|1700024751\n|switch|p2a: Tyranitar|Tyranitar, F|100\/100|[from] U-turn\n|move|p1a: Clefable|Thunder Wave|p2a: Tyranitar\n|-status|p2a: Tyranitar|par\n|\n|-weather|Sandstorm|[upkeep]\n|-heal|p1a: Clefable|58\/100|[from] item: Leftovers\n|upkeep\n|turn|5\n|\n|t:|1700024762\n|switch|p1a: Corviknight|Corviknight, M, shiny|100\/100\n|move|p2a: Tyranitar|Stealth Rock|p1a: Corviknight\n|-sidestart|p1: Benjamin 4455|move: Stealth Rock\n|\n|-weather|none\n|upkeep\n|turn|6\n|\n|t:|1700024771\n|switch|p2a: Rotom|Rotom-Wash|100\/100\n|move|p1a: Corviknight|Roost||[still]\n|-fail|p1a: Corviknight|heal\n|\n|upkeep\n|turn|7\n|\n|t:|1700024781\n|switch|p1a: Clefable|Clefable, M, shiny|58\/100\n|move|p2a: Rotom|Volt Switch|p1a: Clefable\n|-damage|p1a: Clefable|32\/100\n|\n|t:|1700024787\n|switch|p2a: Scizor|Scizor, F|84\/100|[from] Volt Switch\n|\n|-heal|p1a: Clefable|38\/100|[from] item: Leftovers\n|upkeep\n|turn|8\n|\n|t:|1700024793\n|switch|p1a: Corviknight|Corviknight, M, shiny|100\/100\n|-damage|p1a: Corviknight|88\/100|[from] Stealth Rock\n|move|p2a: Scizor|Bullet Punch|p1a: Corviknight\n|-resisted|p1a: Corviknight\n|-damage|p1a: Corviknight|73\/100\n|-damage|p2a: Scizor|68\/100|[from] item: Rocky Helmet|[of] p1a: Corviknight\n|\n|upkeep\n|turn|9\n|\n|t:|1700024809\n|switch|p2a: Rotom|Rotom-Wash|100\/100\n|move|p1a: Corviknight|Defog|p2a: Rotom\n|-unboost|p2a: Rotom|evasion|1\n|-sideend|p1: Benjamin 4455|Stealth Rock|[from] move: Defog|[of] p1a: Corviknight\n|\n|upkeep\n|turn|10\n|\n|t:|1700024821\n|switch|p1a: Meowscarada|Meowscarada, M, shiny|100\/100\n|move|p2a: Rotom|Volt Switch|p1a: Meowscarada\n|-resisted|p1a: Meowscarada\n|-damage|p1a: Meowscarada|76\/100\n|\n|t:|1700024836\n|switch|p2a: Clefable|Clefable, M|100\/100|[from] Volt Switch\n|\n|upkeep\n|turn|11\n|\n|t:|1700024841\n|move|p1a: Meowscarada|U-turn|p2a: Clefable\n|-start|p1a: Meowscarada|typechange|Bug|[from] ability: Protean\n|-resisted|p2a: Clefable\n|-damage|p2a: Clefable|89\/100\n|\n|t:|1700024847\n|switch|p1a: Clefable|Clefable, M, shiny|38\/100|[from] U-turn\n|move|p2a: Clefable|Calm Mind|p2a: Clefable\n|-boost|p2a: Clefable|spa|1\n|-boost|p2a: Clefable|spd|1\n|\n|-heal|p2a: Clefable|95\/100|[from] item: Leftovers\n|-heal|p1a: Clefable|44\/100|[from] item: Leftovers\n|upkeep\n|turn|12\n|\n|t:|1700024858\n|move|p2a: Clefable|Moonblast|p1a: Clefable\n|-damage|p1a: Clefable|7\/100\n|-unboost|p1a: Clefable|spa|1\n|move|p1a: Clefable|Wish|p1a: Clefable\n|\n|-heal|p2a: Clefable|100\/100|[from] item: Leftovers\n|-heal|p1a: Clefable|14\/100|[from] item: Leftovers\n|upkeep\n|turn|13\n|\n|t:|1700024867\n|switch|p2a: Scizor|Scizor, F|68\/100\n|move|p1a: Clefable|Thunder Wave|p2a: Scizor\n|-status|p2a: Scizor|par\n|\n|-heal|p1a: Clefable|64\/100|[from] move: Wish|[wisher] Clefable\n|-heal|p1a: Clefable|70\/100|[from] item: Leftovers\n|upkeep\n|turn|14\n|\n|t:|1700024878\n|switch|p1a: Corviknight|Corviknight, M, shiny|73\/100\n|move|p2a: Scizor|U-turn|p1a: Corviknight\n|-resisted|p1a: Corviknight\n|-damage|p1a: Corviknight|65\/100\n|-damage|p2a: Scizor|51\/100 par|[from] item: Rocky Helmet|[of] p1a: Corviknight\n|\n|t:|1700024886\n|switch|p2a: Rotom|Rotom-Wash|100\/100|[from] U-turn\n|\n|upkeep\n|turn|15\n|\n|t:|1700024891\n|switch|p1a: Clefable|Clefable, M, shiny|70\/100\n|move|p2a: Rotom|Hydro Pump|p1a: Clefable\n|-damage|p1a: Clefable|32\/100\n|\n|-heal|p1a: Clefable|38\/100|[from] item: Leftovers\n|upkeep\n|turn|16\n|\n|t:|1700024900\n|move|p2a: Rotom|Hydro Pump|p1a: Clefable\n|-damage|p1a: Clefable|1\/100\n|move|p1a: Clefable|Wish|p1a: Clefable\n|\n|-heal|p1a: Clefable|7\/100|[from] item: Leftovers\n|upkeep\n|turn|17\n|\n|t:|1700024911\n|switch|p1a: Gholdengo|Gholdengo, shiny|57\/100\n|move|p2a: Rotom|Hydro Pump|p1a: Gholdengo|[miss]\n|-miss|p2a: Rotom|p1a: Gholdengo\n|\n|-heal|p1a: Gholdengo|100\/100|[from] move: Wish|[wisher] Clefable\n|upkeep\n|turn|18\n|\n|t:|1700024920\n|switch|p2a: Scizor|Scizor, F|51\/100 par\n|move|p1a: Gholdengo|Make It Rain|p2a: Scizor\n|-resisted|p2a: Scizor\n|-damage|p2a: Scizor|0 fnt\n|-unboost|p1a: Gholdengo|spa|1\n|faint|p2a: Scizor\n|\n|upkeep\n|\n|t:|1700024928\n|switch|p2a: Gengar|Gengar, F|100\/100\n|turn|19\n|\n|t:|1700024934\n|switch|p1a: Clefable|Clefable, M, shiny|7\/100\n|move|p2a: Gengar|Shadow Ball|p1a: Clefable\n|-damage|p1a: Clefable|0 fnt\n|faint|p1a: Clefable\n|\n|upkeep\n|\n|t:|1700024941\n|switch|p1a: Meowscarada|Meowscarada, M, shiny|76\/100\n|turn|20\n|\n|t:|1700024952\n|switch|p2a: Clefable|Clefable, M|100\/100\n|move|p1a: Meowscarada|Knock Off|p2a: Clefable\n|-start|p1a: Meowscarada|typechange|Dark|[from] ability: Protean\n|-resisted|p2a: Clefable\n|-damage|p2a: Clefable|82\/100\n|-enditem|p2a: Clefable|Leftovers|[from] move: Knock Off|[of] p1a: Meowscarada\n|\n|upkeep\n|turn|21\n|\n|t:|1700024970\n|switch|p1a: Gholdengo|Gholdengo, shiny|100\/100\n|move|p2a: Clefable|Flamethrower|p1a: Gholdengo\n|-supereffective|p1a: Gholdengo\n|-damage|p1a: Gholdengo|55\/100\n|\n|upkeep\n|turn|22\n|\n|t:|1700024983\n|switch|p2a: Rotom|Rotom-Wash|100\/100\n|move|p1a: Gholdengo|Make It Rain|p2a: Rotom\n|-resisted|p2a: Rotom\n|-damage|p2a: Rotom|73\/100\n|-unboost|p1a: Gholdengo|spa|1\n|\n|upkeep\n|turn|23\n|\n|t:|1700024995\n|switch|p1a: Meowscarada|Meowscarada, M, shiny|76\/100\n|move|p2a: Rotom|Volt Switch|p1a: Meowscarada\n|-resisted|p1a: Meowscarada\n|-damage|p1a: Meowscarada|50\/100\n|\n|t:|1700025004\n|switch|p2a: Gengar|Gengar, F|100\/100|[from] Volt Switch\n|\n|upkeep\n|turn|24\n|\n|t:|1700025009\n|move|p1a: Meowscarada|Knock Off|p2a: Gengar\n|-start|p1a: Meowscarada|typechange|Dark|[from] ability: Protean\n|-supereffective|p2a: Gengar\n|-damage|p2a: Gengar|0 fnt\n|-enditem|p2a: Gengar|Choice Scarf|[from] move: Knock Off|[of] p1a: Meowscarada\n|faint|p2a: Gengar\n|\n|upkeep\n|\n|t:|1700025027\n|switch|p2a: Clefable|Clefable, M|82\/100\n|turn|25\n|\n|t:|1700025035\n|switch|p1a: Corviknight|Corviknight, M, shiny|65\/100\n|move|p2a: Clefable|Moonblast|p1a: Corviknight\n|-resisted|p1a: Corviknight\n|-damage|p1a: Corviknight|49\/100\n|\n|upkeep\n|turn|26\n|\n|t:|1700025042\n|move|p1a: Corviknight|Roost|p1a: Corviknight\n|-heal|p1a: Corviknight|99\/100\n|-singleturn|p1a: Corviknight|move: Roost\n|move|p2a: Clefable|Calm Mind|p2a: Clefable\n|-boost|p2a: Clefable|spa|1\n|-boost|p2a: Clefable|spd|1\n|\n|upkeep\n|turn|27\n|\n|t:|1700025050\n|move|p1a: Corviknight|Brave Bird|p2a: Clefable\n|-damage|p2a: Clefable|52\/100\n|-damage|p1a: Corviknight|89\/100|[from] Recoil\n|move|p2a: Clefable|Calm Mind|p2a: Clefable\n|-boost|p2a: Clefable|spa|1\n|-boost|p2a: Clefable|spd|1\n|\n|upkeep\n|turn|28\n|\n|t:|1700025060\n|move|p1a: Corviknight|Brave Bird|p2a: Clefable\n|-damage|p2a: Clefable|25\/100\n|-damage|p1a: Corviknight|81\/100|[from] Recoil\n|move|p2a: Clefable|Wish|p2a: Clefable\n|\n|upkeep\n|turn|29\n|\n|t:|1700025070\n|-terastallize|p2a: Clefable|Steel\n|move|p1a: Corviknight|Brave Bird|p2a: Clefable\n|-resisted|p2a: Clefable\n|-damage|p2a: Clefable|11\/100\n|-damage|p1a: Corviknight|76\/100|[from] Recoil\n|move|p2a: Clefable|Flamethrower|p1a: Corviknight\n|-supereffective|p1a: Corviknight\n|-damage|p1a: Corviknight|5\/100\n|\n|-heal|p2a: Clefable|61\/100|[from] move: Wish|[wisher] Clefable\n|upkeep\n|turn|30\n|\n|t:|1700025082\n|move|p1a: Corviknight|Brave Bird|p2a: Clefable\n|-resisted|p2a: Clefable\n|-damage|p2a: Clefable|47\/100\n|-damage|p1a: Corviknight|0 fnt|[from] Recoil\n|faint|p1a: Corviknight\n|move|p2a: Clefable|Wish|p2a: Clefable\n|\n|upkeep\n|\n|t:|1700025089\n|switch|p1a: Zamazenta|Zamazenta|100\/100\n|-ability|p1a: Zamazenta|Dauntless Shield|boost\n|-boost|p1a: Zamazenta|def|1\n|turn|31\n|\n|t:|1700025105\n|move|p1a: Zamazenta|Body Press|p2a: Clefable\n|-supereffective|p2a: Clefable\n|-damage|p2a: Clefable|0 fnt\n|faint|p2a: Clefable\n|\n|upkeep\n|\n|t:|1700025113\n|switch|p2a: Rotom|Rotom-Wash|73\/100\n|turn|32\n|\n|t:|1700025121\n|move|p1a: Zamazenta|Substitute|p1a: Zamazenta\n|-start|p1a: Zamazenta|Substitute\n|-damage|p1a: Zamazenta|76\/100\n|move|p2a: Rotom|Volt Switch|p1a: Zamazenta\n|-end|p1a: Zamazenta|Substitute\n|\n|t:|1700025134\n|switch|p2a: Dragonite|Dragonite, M|100\/100|[from] Volt Switch\n|\n|-heal|p1a: Zamazenta|82\/100|[from] item: Leftovers\n|upkeep\n|turn|33\n|\n|t:|1700025141\n|move|p1a: Zamazenta|Iron Defense|p1a: Zamazenta\n|-boost|p1a: Zamazenta|def|2\n|move|p2a: Dragonite|Dragon Dance|p2a: Dragonite\n|-boost|p2a: Dragonite|atk|1\n|-boost|p2a: Dragonite|spe|1\n|\n|-heal|p1a: Zamazenta|88\/100|[from] item: Leftovers\n|upkeep\n|turn|34\n|\n|t:|1700025149\n|switch|p2a: Rotom|Rotom-Wash|73\/100\n|move|p1a: Zamazenta|Iron Defense|p1a: Zamazenta\n|-boost|p1a: Zamazenta|def|2\n|\n|-heal|p1a: Zamazenta|94\/100|[from] item: Leftovers\n|upkeep\n|turn|35\n|\n|t:|1700025169\n|move|p1a: Zamazenta|Substitute|p1a: Zamazenta\n|-start|p1a: Zamazenta|Substitute\n|-damage|p1a: Zamazenta|69\/100\n|move|p2a: Rotom|Trick||[still]\n|-fail|p2a: Rotom\n|\n|-heal|p1a: Zamazenta|76\/100|[from] item: Leftovers\n|upkeep\n|turn|36\n|\n|t:|1700025178\n|switch|p2a: Dragonite|Dragonite, M|100\/100\n|move|p1a: Zamazenta|Iron Defense|p1a: Zamazenta\n|-boost|p1a: Zamazenta|def|1\n|\n|-heal|p1a: Zamazenta|82\/100|[from] item: Leftovers\n|upkeep\n|turn|37\n|\n|t:|1700025191\n|move|p2a: Dragonite|Extreme Speed|p1a: Zamazenta\n|-activate|p1a: Zamazenta|move: Substitute|[damage]\n|move|p1a: Zamazenta|Body Press|p2a: Dragonite\n|-resisted|p2a: Dragonite\n|-damage|p2a: Dragonite|64\/100\n|\n|-heal|p1a: Zamazenta|88\/100|[from] item: Leftovers\n|upkeep\n|turn|38\n|\n|t:|1700025201\n|move|p2a: Dragonite|Extreme Speed|p1a: Zamazenta\n|-activate|p1a: Zamazenta|move: Substitute|[damage]\n|move|p1a: Zamazenta|Substitute|p1a: Zamazenta\n|-fail|p1a: Zamazenta|move: Substitute\n|\n|-heal|p1a: Zamazenta|94\/100|[from] item: Leftovers\n|upkeep\n|turn|39\n|\n|t:|1700025211\n|move|p1a: Zamazenta|Body Press|p2a: Dragonite\n|-resisted|p2a: Dragonite\n|-damage|p2a: Dragonite|0 fnt\n|faint|p2a: Dragonite\n|\n|-heal|p1a: Zamazenta|100\/100|[from] item: Leftovers\n|upkeep\n|\n|t:|1700025217\n|switch|p2a: Rotom|Rotom-Wash|73\/100\n|turn|40\n|\n|t:|1700025220\n|move|p1a: Zamazenta|Body Press|p2a: Rotom\n|-crit|p2a: Rotom\n|-damage|p2a: Rotom|0 fnt\n|faint|p2a: Rotom\n|\n|upkeep\n|\n|t:|1700025224\n|switch|p2a: Tyranitar|Tyranitar, F|100\/100 par\n|-weather|Sandstorm|[from] ability: Sand Stream|[of] p2a: Tyranitar\n|turn|41\n|\n|t:|1700025230\n|move|p1a: Zamazenta|Body Press|p2a: Tyranitar\n|-supereffective|p2a: Tyranitar\n|-damage|p2a: Tyranitar|0 fnt\n|faint|p2a: Tyranitar\n|\n|win|Benjamin 4455\n|raw|Benjamin 4455's rating: 1349 &rarr; <strong>1368<\/strong><br \/>(+19 for winning)\n|raw|J.Arch's rating: 1329 &rarr; <strong>1310<\/strong><br \/>(-19 for losing)\n|l|\u2606J.Arch\n","uploadtime":1700025609,"views":20,"p1id":"benjamin4455","p2id":"jarch","formatid":"gen9ou","rating":1310,"private":0,"password":""}