{"id":"gen9ou-1992245792","p1":"Vizsla_falconer","p2":"Brandy\/69","format":"[Gen 9] OU","log":"|j|\u2606Vizsla_falconer\n|j|\u2606Brandy\/69\n|t:|1700167291\n|gametype|singles\n|player|p1|Vizsla_falconer|102|1156\n|player|p2|Brandy\/69|steven|1174\n|teamsize|p1|6\n|teamsize|p2|6\n|gen|9\n|tier|[Gen 9] OU\n|rated|\n|rule|Sleep Clause Mod: Limit one foe put to sleep\n|rule|Species Clause: Limit one of each Pok\u00e9mon\n|rule|OHKO Clause: OHKO moves are banned\n|rule|Evasion Items Clause: Evasion items are banned\n|rule|Evasion Moves Clause: Evasion moves are banned\n|rule|Endless Battle Clause: Forcing endless battles is banned\n|rule|HP Percentage Mod: HP is shown in percentages\n|clearpoke\n|poke|p1|Gholdengo|\n|poke|p1|Dragapult, F|\n|poke|p1|Mimikyu, F|\n|poke|p1|Skeledirge, F|\n|poke|p1|Weezing-Galar, F|\n|poke|p1|Basculegion, M|\n|poke|p2|Jumpluff, M|\n|poke|p2|Vaporeon, M|\n|poke|p2|Great Tusk|\n|poke|p2|Garganacl, M|\n|poke|p2|Dragapult, M|\n|poke|p2|Salamence, F|\n|teampreview\n|\n|t:|1700167323\n|start\n|switch|p1a: Basculegion|Basculegion, M|100\/100\n|switch|p2a: Jumpluff|Jumpluff, M, shiny|100\/100\n|turn|1\n|\n|t:|1700167336\n|move|p1a: Basculegion|Flip Turn|p2a: Jumpluff\n|-resisted|p2a: Jumpluff\n|-damage|p2a: Jumpluff|77\/100\n|\n|t:|1700167340\n|switch|p1a: Gholdengo|Gholdengo|100\/100|[from] Flip Turn\n|move|p2a: Jumpluff|Sleep Powder|p1a: Gholdengo\n|-immune|p1a: Gholdengo|[from] ability: Good as Gold\n|\n|upkeep\n|turn|2\n|\n|t:|1700167359\n|move|p2a: Jumpluff|Light Screen|p2a: Jumpluff\n|-sidestart|p2: Brandy\/69|move: Light Screen\n|move|p1a: Gholdengo|Substitute|p1a: Gholdengo\n|-start|p1a: Gholdengo|Substitute\n|-damage|p1a: Gholdengo|76\/100\n|\n|-heal|p1a: Gholdengo|82\/100|[from] item: Leftovers\n|upkeep\n|turn|3\n|inactive|Battle timer is ON: inactive players will automatically lose when time's up. (requested by Vizsla_falconer)\n|\n|t:|1700167369\n|switch|p2a: Vaporeon|Vaporeon, M|100\/100\n|move|p1a: Gholdengo|Nasty Plot|p1a: Gholdengo\n|-boost|p1a: Gholdengo|spa|2\n|\n|-heal|p1a: Gholdengo|88\/100|[from] item: Leftovers\n|upkeep\n|turn|4\n|\n|t:|1700167382\n|move|p1a: Gholdengo|Nasty Plot|p1a: Gholdengo\n|-boost|p1a: Gholdengo|spa|2\n|move|p2a: Vaporeon|Wish|p2a: Vaporeon\n|\n|-heal|p1a: Gholdengo|94\/100|[from] item: Leftovers\n|upkeep\n|turn|5\n|\n|t:|1700167391\n|move|p1a: Gholdengo|Nasty Plot|p1a: Gholdengo\n|-boost|p1a: Gholdengo|spa|2\n|move|p2a: Vaporeon|Calm Mind|p2a: Vaporeon\n|-boost|p2a: Vaporeon|spa|1\n|-boost|p2a: Vaporeon|spd|1\n|\n|-heal|p1a: Gholdengo|99\/100|[from] item: Leftovers\n|upkeep\n|turn|6\n|\n|t:|1700167402\n|move|p1a: Gholdengo|Shadow Ball|p2a: Vaporeon\n|-damage|p2a: Vaporeon|59\/100\n|move|p2a: Vaporeon|Calm Mind|p2a: Vaporeon\n|-boost|p2a: Vaporeon|spa|1\n|-boost|p2a: Vaporeon|spd|1\n|\n|-heal|p1a: Gholdengo|100\/100|[from] item: Leftovers\n|-sideend|p2: Brandy\/69|move: Light Screen\n|upkeep\n|turn|7\n|\n|t:|1700167415\n|move|p1a: Gholdengo|Shadow Ball|p2a: Vaporeon\n|-damage|p2a: Vaporeon|4\/100\n|move|p2a: Vaporeon|Wish|p2a: Vaporeon\n|\n|upkeep\n|turn|8\n|\n|t:|1700167431\n|move|p1a: Gholdengo|Shadow Ball|p2a: Vaporeon\n|-damage|p2a: Vaporeon|0 fnt\n|faint|p2a: Vaporeon\n|\n|upkeep\n|inactive|Brandy\/69 has 120 seconds left.\n|\n|t:|1700167468\n|switch|p2a: Salamence|Salamence, F|100\/100\n|turn|9\n|\n|t:|1700167480\n|-terastallize|p1a: Gholdengo|Flying\n|move|p2a: Salamence|Earthquake|p1a: Gholdengo\n|-immune|p1a: Gholdengo\n|move|p1a: Gholdengo|Shadow Ball|p2a: Salamence\n|-damage|p2a: Salamence|0 fnt\n|faint|p2a: Salamence\n|\n|upkeep\n|\n|t:|1700167493\n|switch|p2a: Dragapult|Dragapult, M|100\/100\n|turn|10\n|\n|t:|1700167499\n|move|p2a: Dragapult|Dragon Darts|p1a: Gholdengo\n|-damage|p1a: Gholdengo|55\/100\n|-anim|p2a: Dragapult|Dragon Darts|p1a: Gholdengo\n|-damage|p1a: Gholdengo|11\/100\n|move|p1a: Gholdengo|Shadow Ball|p2a: Dragapult\n|-supereffective|p2a: Dragapult\n|-damage|p2a: Dragapult|0 fnt\n|faint|p2a: Dragapult\n|\n|-heal|p1a: Gholdengo|17\/100|[from] item: Leftovers\n|upkeep\n|\n|t:|1700167510\n|switch|p2a: Garganacl|Garganacl, M|100\/100\n|turn|11\n|\n|t:|1700167517\n|-terastallize|p2a: Garganacl|Dragon\n|move|p1a: Gholdengo|Make It Rain|p2a: Garganacl\n|-damage|p2a: Garganacl|0 fnt\n|-unboost|p1a: Gholdengo|spa|1\n|faint|p2a: Garganacl\n|\n|-heal|p1a: Gholdengo|23\/100|[from] item: Leftovers\n|upkeep\n|\n|t:|1700167531\n|switch|p2a: Jumpluff|Jumpluff, M, shiny|77\/100\n|turn|12\n|\n|t:|1700167536\n|move|p2a: Jumpluff|Light Screen|p2a: Jumpluff\n|-sidestart|p2: Brandy\/69|move: Light Screen\n|move|p1a: Gholdengo|Shadow Ball|p2a: Jumpluff\n|-damage|p2a: Jumpluff|0 fnt\n|faint|p2a: Jumpluff\n|\n|-heal|p1a: Gholdengo|29\/100|[from] item: Leftovers\n|upkeep\n|\n|t:|1700167540\n|switch|p2a: Great Tusk|Great Tusk, shiny|100\/100\n|-enditem|p2a: Great Tusk|Booster Energy\n|-activate|p2a: Great Tusk|ability: Protosynthesis|[fromitem]\n|-start|p2a: Great Tusk|protosynthesisspe\n|turn|13\n|\n|t:|1700167550\n|move|p2a: Great Tusk|Ice Spinner|p1a: Gholdengo\n|-supereffective|p1a: Gholdengo\n|-crit|p1a: Gholdengo\n|-end|p1a: Gholdengo|Substitute\n|move|p1a: Gholdengo|Make It Rain|p2a: Great Tusk\n|-damage|p2a: Great Tusk|0 fnt\n|-unboost|p1a: Gholdengo|spa|1\n|faint|p2a: Great Tusk\n|-end|p2a: Great Tusk|Protosynthesis|[silent]\n|\n|win|Vizsla_falconer\n|raw|Vizsla_falconer's rating: 1156 &rarr; <strong>1184<\/strong><br \/>(+28 for winning)\n|raw|Brandy&#x2f;69's rating: 1199 &rarr; <strong>1171<\/strong><br \/>(-28 for losing)\n|l|\u2606Brandy\/69\n","uploadtime":1700167565,"views":25,"p1id":"vizslafalconer","p2id":"brandy69","formatid":"gen9ou","rating":1171,"private":0,"password":""}