{"id":"gen9ou-1995853516","p1":"FlufflesMcFluff","p2":"EltioTochi","format":"[Gen 9] OU","log":"|j|\u2606FlufflesMcFluff\n|j|\u2606EltioTochi\n|t:|1700609873\n|gametype|singles\n|player|p1|FlufflesMcFluff|265|1066\n|player|p2|EltioTochi|whitney|1143\n|teamsize|p1|6\n|teamsize|p2|6\n|gen|9\n|tier|[Gen 9] OU\n|rated|\n|rule|Sleep Clause Mod: Limit one foe put to sleep\n|rule|Species Clause: Limit one of each Pok\u00e9mon\n|rule|OHKO Clause: OHKO moves are banned\n|rule|Evasion Items Clause: Evasion items are banned\n|rule|Evasion Moves Clause: Evasion moves are banned\n|rule|Endless Battle Clause: Forcing endless battles is banned\n|rule|HP Percentage Mod: HP is shown in percentages\n|clearpoke\n|poke|p1|Gholdengo|\n|poke|p1|Iron Moth|\n|poke|p1|Lokix, M|\n|poke|p1|Ogerpon, F|\n|poke|p1|Glimmora, M|\n|poke|p1|Ceruledge, M|\n|poke|p2|Kommo-o, M|\n|poke|p2|Ceruledge, F|\n|poke|p2|Landorus-Therian, M|\n|poke|p2|Great Tusk|\n|poke|p2|Sinistcha-Masterpiece|\n|poke|p2|Ogerpon-Wellspring, F|\n|teampreview\n|\n|t:|1700609885\n|start\n|switch|p1a: Torpedo|Glimmora, M|100\/100\n|switch|p2a: Great Tusk|Great Tusk|100\/100\n|turn|1\n|\n|t:|1700609892\n|move|p2a: Great Tusk|Rapid Spin|p1a: Torpedo\n|-resisted|p1a: Torpedo\n|-damage|p1a: Torpedo|93\/100\n|-boost|p2a: Great Tusk|spe|1\n|-damage|p2a: Great Tusk|84\/100|[from] item: Rocky Helmet|[of] p1a: Torpedo\n|-activate|p1a: Torpedo|ability: Toxic Debris\n|-sidestart|p2: EltioTochi|move: Toxic Spikes\n|-sideend|p2: EltioTochi|Toxic Spikes|[from] move: Rapid Spin|[of] p2a: Great Tusk\n|move|p1a: Torpedo|Stealth Rock|p2a: Great Tusk\n|-sidestart|p2: EltioTochi|move: Stealth Rock\n|\n|-heal|p2a: Great Tusk|90\/100|[from] item: Leftovers\n|upkeep\n|turn|2\n|\n|t:|1700609903\n|move|p2a: Great Tusk|Earthquake|p1a: Torpedo\n|-supereffective|p1a: Torpedo\n|-crit|p1a: Torpedo\n|-damage|p1a: Torpedo|0 fnt\n|-activate|p1a: Torpedo|ability: Toxic Debris\n|-sidestart|p2: EltioTochi|move: Toxic Spikes\n|faint|p1a: Torpedo\n|\n|-heal|p2a: Great Tusk|96\/100|[from] item: Leftovers\n|upkeep\n|inactive|Battle timer is ON: inactive players will automatically lose when time's up. (requested by EltioTochi)\n|\n|t:|1700609914\n|switch|p1a: Cuddles|Iron Moth|100\/100\n|-enditem|p1a: Cuddles|Booster Energy\n|-activate|p1a: Cuddles|ability: Quark Drive|[fromitem]\n|-start|p1a: Cuddles|quarkdrivespa\n|turn|3\n|\n|t:|1700609921\n|-terastallize|p1a: Cuddles|Grass\n|move|p2a: Great Tusk|Earthquake|p1a: Cuddles\n|-resisted|p1a: Cuddles\n|-damage|p1a: Cuddles|58\/100\n|move|p1a: Cuddles|Tera Blast|p2a: Great Tusk|[anim] Tera Blast Grass\n|-supereffective|p2a: Great Tusk\n|-damage|p2a: Great Tusk|0 fnt\n|faint|p2a: Great Tusk\n|-end|p2a: Great Tusk|Protosynthesis|[silent]\n|\n|upkeep\n|\n|t:|1700609928\n|switch|p2a: Ceruledge|Ceruledge, F|100\/100\n|-damage|p2a: Ceruledge|76\/100|[from] Stealth Rock\n|-status|p2a: Ceruledge|psn\n|turn|4\n|\n|t:|1700609936\n|move|p1a: Cuddles|Discharge|p2a: Ceruledge\n|-damage|p2a: Ceruledge|30\/100 psn\n|move|p2a: Ceruledge|Swords Dance|p2a: Ceruledge\n|-boost|p2a: Ceruledge|atk|2\n|\n|-damage|p2a: Ceruledge|18\/100 psn|[from] psn\n|upkeep\n|turn|5\n|\n|t:|1700609944\n|move|p2a: Ceruledge|Shadow Sneak|p1a: Cuddles\n|-damage|p1a: Cuddles|0 fnt\n|faint|p1a: Cuddles\n|-end|p1a: Cuddles|Quark Drive|[silent]\n|\n|-damage|p2a: Ceruledge|6\/100 psn|[from] psn\n|upkeep\n|\n|t:|1700609950\n|switch|p1a: Benjamin|Lokix, M|100\/100\n|turn|6\n|\n|t:|1700609954\n|move|p1a: Benjamin|Sucker Punch||[still]\n|-fail|p1a: Benjamin\n|move|p2a: Ceruledge|Swords Dance|p2a: Ceruledge\n|-boost|p2a: Ceruledge|atk|2\n|\n|-damage|p2a: Ceruledge|0 fnt|[from] psn\n|faint|p2a: Ceruledge\n|upkeep\n|\n|t:|1700609957\n|switch|p2a: Landorus|Landorus-Therian, M|100\/100\n|-damage|p2a: Landorus|88\/100|[from] Stealth Rock\n|-ability|p2a: Landorus|Intimidate|boost\n|-unboost|p1a: Benjamin|atk|1\n|turn|7\n|\n|t:|1700609967\n|move|p2a: Landorus|Stone Edge|p1a: Benjamin|[miss]\n|-miss|p2a: Landorus|p1a: Benjamin\n|move|p1a: Benjamin|Swords Dance|p1a: Benjamin\n|-boost|p1a: Benjamin|atk|2\n|\n|upkeep\n|turn|8\n|c|\u2606EltioTochi|Stupid shit\n|\n|t:|1700609975\n|move|p1a: Benjamin|Sucker Punch|p2a: Landorus\n|-damage|p2a: Landorus|36\/100\n|move|p2a: Landorus|Stone Edge|p1a: Benjamin\n|-supereffective|p1a: Benjamin\n|-damage|p1a: Benjamin|0 fnt\n|faint|p1a: Benjamin\n|\n|upkeep\n|c|\u2606EltioTochi|Failed\n|c|\u2606EltioTochi|Failed\n|\n|t:|1700609981\n|switch|p1a: Alexa|Ogerpon, F|100\/100\n|turn|9\n|\n|t:|1700609987\n|switch|p2a: Sinistcha|Sinistcha-Masterpiece|100\/100\n|-damage|p2a: Sinistcha|88\/100|[from] Stealth Rock\n|-status|p2a: Sinistcha|psn\n|move|p1a: Alexa|Ivy Cudgel|p2a: Sinistcha\n|-resisted|p2a: Sinistcha\n|-crit|p2a: Sinistcha\n|-damage|p2a: Sinistcha|57\/100 psn\n|\n|-damage|p2a: Sinistcha|45\/100 psn|[from] psn\n|upkeep\n|turn|10\n|c|\u2606EltioTochi|Cr\u00edtical hagas\n|\n|t:|1700609998\n|move|p1a: Alexa|Leech Seed|p2a: Sinistcha\n|-immune|p2a: Sinistcha\n|move|p2a: Sinistcha|Strength Sap|p1a: Alexa\n|-unboost|p1a: Alexa|atk|1\n|-ability|p1a: Alexa|Defiant|boost\n|-boost|p1a: Alexa|atk|2\n|-heal|p2a: Sinistcha|100\/100 psn\n|\n|-damage|p2a: Sinistcha|88\/100 psn|[from] psn\n|upkeep\n|turn|11\n|\n|t:|1700610007\n|move|p1a: Alexa|Encore|p2a: Sinistcha\n|-start|p2a: Sinistcha|Encore\n|move|p2a: Sinistcha|Strength Sap|p1a: Alexa\n|-unboost|p1a: Alexa|atk|1\n|-ability|p1a: Alexa|Defiant|boost\n|-boost|p1a: Alexa|atk|2\n|-heal|p2a: Sinistcha|100\/100 psn\n|\n|-damage|p2a: Sinistcha|88\/100 psn|[from] psn\n|upkeep\n|turn|12\n|\n|t:|1700610020\n|switch|p2a: Landorus|Landorus-Therian, M|36\/100\n|-damage|p2a: Landorus|23\/100|[from] Stealth Rock\n|-ability|p2a: Landorus|Intimidate|boost\n|-unboost|p1a: Alexa|atk|1\n|-ability|p1a: Alexa|Defiant|boost\n|-boost|p1a: Alexa|atk|2\n|move|p1a: Alexa|Leech Seed|p2a: Landorus\n|-start|p2a: Landorus|move: Leech Seed\n|\n|-damage|p2a: Landorus|11\/100|[from] Leech Seed|[of] p1a: Alexa\n|upkeep\n|turn|13\n|c|\u2606EltioTochi|F uck your\n|c|\u2606EltioTochi|Stupid\n|c|\u2606EltioTochi|Zzz\n|c|\u2606EltioTochi|Only luck\n|n|!EltioTochi|eltiotochi\n|-message|EltioTochi forfeited.\n|\n|win|FlufflesMcFluff\n|raw|FlufflesMcFluff's rating: 1066 &rarr; <strong>1103<\/strong><br \/>(+37 for winning)\n|raw|EltioTochi's rating: 1143 &rarr; <strong>1113<\/strong><br \/>(-30 for losing)\n","uploadtime":1700609976,"views":5,"p1id":"flufflesmcfluff","p2id":"eltiotochi","formatid":"gen9ou","rating":1103,"private":0,"password":""}