{"id":"gen9ou-1999812140","p1":"DrcoolWA","p2":"Lawrence1307","format":"[Gen 9] OU","log":"|j|\u2606DrcoolWA\n|j|\u2606Lawrence1307\n|t:|1701118975\n|gametype|singles\n|player|p1|DrcoolWA|hiker-gen4|1030\n|player|p2|Lawrence1307|blue|1084\n|teamsize|p1|6\n|teamsize|p2|6\n|gen|9\n|tier|[Gen 9] OU\n|rated|\n|rule|Sleep Clause Mod: Limit one foe put to sleep\n|rule|Species Clause: Limit one of each Pok\u00e9mon\n|rule|OHKO Clause: OHKO moves are banned\n|rule|Evasion Items Clause: Evasion items are banned\n|rule|Evasion Moves Clause: Evasion moves are banned\n|rule|Endless Battle Clause: Forcing endless battles is banned\n|rule|HP Percentage Mod: HP is shown in percentages\n|clearpoke\n|poke|p1|Ninetales-Alola, M|\n|poke|p1|Dragapult, F|\n|poke|p1|Meowscarada, F|\n|poke|p1|Iron Moth|\n|poke|p1|Rotom-Wash|\n|poke|p1|Cresselia, F|\n|poke|p2|Gardevoir, F|\n|poke|p2|Walking Wake|\n|poke|p2|Skeledirge, M|\n|poke|p2|Amoonguss, M|\n|poke|p2|Ting-Lu|\n|poke|p2|Kingambit, M|\n|teampreview\n|\n|t:|1701118986\n|start\n|switch|p1a: Rotom|Rotom-Wash|100\/100\n|switch|p2a: Skeledirge|Skeledirge, M|100\/100\n|turn|1\n|\n|t:|1701118993\n|switch|p2a: Amoonguss|Amoonguss, M|100\/100\n|move|p1a: Rotom|Volt Switch|p2a: Amoonguss\n|-resisted|p2a: Amoonguss\n|-damage|p2a: Amoonguss|78\/100\n|\n|t:|1701119005\n|switch|p1a: Iron Moth|Iron Moth|100\/100|[from] Volt Switch\n|\n|-heal|p2a: Amoonguss|84\/100|[from] item: Black Sludge\n|upkeep\n|turn|2\n|\n|t:|1701119012\n|switch|p2a: Walking Wake|Walking Wake|100\/100\n|move|p1a: Iron Moth|Fiery Dance|p2a: Walking Wake\n|-resisted|p2a: Walking Wake\n|-damage|p2a: Walking Wake|86\/100\n|-boost|p1a: Iron Moth|spa|1\n|\n|upkeep\n|turn|3\n|\n|t:|1701119023\n|move|p1a: Iron Moth|Flash Cannon|p2a: Walking Wake\n|-resisted|p2a: Walking Wake\n|-damage|p2a: Walking Wake|58\/100\n|move|p2a: Walking Wake|Hydro Steam|p1a: Iron Moth\n|-supereffective|p1a: Iron Moth\n|-damage|p1a: Iron Moth|5\/100\n|\n|upkeep\n|turn|4\n|\n|t:|1701119032\n|move|p1a: Iron Moth|U-turn|p2a: Walking Wake\n|-damage|p2a: Walking Wake|47\/100\n|\n|t:|1701119034\n|-end|p1a: Iron Moth|Quark Drive|[silent]\n|switch|p1a: Rotom|Rotom-Wash|100\/100|[from] U-turn\n|move|p2a: Walking Wake|Flip Turn|p1a: Rotom\n|-resisted|p1a: Rotom\n|-damage|p1a: Rotom|88\/100\n|\n|t:|1701119043\n|-end|p2a: Walking Wake|Protosynthesis|[silent]\n|switch|p2a: Amoonguss|Amoonguss, M|100\/100|[from] Flip Turn\n|\n|upkeep\n|turn|5\n|\n|t:|1701119052\n|move|p1a: Rotom|Discharge|p2a: Amoonguss\n|-resisted|p2a: Amoonguss\n|-damage|p2a: Amoonguss|71\/100\n|-status|p2a: Amoonguss|par\n|move|p2a: Amoonguss|Sludge Bomb|p1a: Rotom\n|-damage|p1a: Rotom|33\/100\n|\n|-heal|p2a: Amoonguss|78\/100 par|[from] item: Black Sludge\n|upkeep\n|turn|6\n|\n|t:|1701119071\n|switch|p1a: Cresselia|Cresselia, F|100\/100\n|move|p2a: Amoonguss|Sludge Bomb|p1a: Cresselia\n|-damage|p1a: Cresselia|76\/100\n|-enditem|p1a: Cresselia|Red Card|[of] p2a: Amoonguss\n|drag|p2a: Walking Wake|Walking Wake|47\/100\n|\n|upkeep\n|turn|7\n|\n|t:|1701119087\n|-end|p2a: Walking Wake|Protosynthesis|[silent]\n|switch|p2a: Amoonguss|Amoonguss, M|100\/100 par\n|move|p1a: Cresselia|Moonblast|p2a: Amoonguss\n|-resisted|p2a: Amoonguss\n|-damage|p2a: Amoonguss|87\/100 par\n|-unboost|p2a: Amoonguss|spa|1\n|\n|-heal|p2a: Amoonguss|93\/100 par|[from] item: Black Sludge\n|upkeep\n|turn|8\n|\n|t:|1701119097\n|move|p1a: Cresselia|Shadow Ball|p2a: Amoonguss\n|-damage|p2a: Amoonguss|70\/100 par\n|cant|p2a: Amoonguss|par\n|\n|-heal|p2a: Amoonguss|76\/100 par|[from] item: Black Sludge\n|upkeep\n|turn|9\n|\n|t:|1701119112\n|move|p1a: Cresselia|Light Screen|p1a: Cresselia\n|-sidestart|p1: DrcoolWA|move: Light Screen\n|move|p2a: Amoonguss|Sludge Bomb|p1a: Cresselia\n|-damage|p1a: Cresselia|68\/100\n|-status|p1a: Cresselia|psn\n|\n|-heal|p2a: Amoonguss|82\/100 par|[from] item: Black Sludge\n|-damage|p1a: Cresselia|56\/100 psn|[from] psn\n|upkeep\n|turn|10\n|\n|t:|1701119128\n|move|p1a: Cresselia|Shadow Ball|p2a: Amoonguss\n|-damage|p2a: Amoonguss|60\/100 par\n|move|p2a: Amoonguss|Sludge Bomb|p1a: Cresselia\n|-damage|p1a: Cresselia|48\/100 psn\n|\n|-heal|p2a: Amoonguss|66\/100 par|[from] item: Black Sludge\n|-damage|p1a: Cresselia|35\/100 psn|[from] psn\n|upkeep\n|turn|11\n|\n|t:|1701119148\n|move|p1a: Cresselia|Shadow Ball|p2a: Amoonguss\n|-damage|p2a: Amoonguss|45\/100 par\n|move|p2a: Amoonguss|Sludge Bomb|p1a: Cresselia\n|-damage|p1a: Cresselia|26\/100 psn\n|\n|-heal|p2a: Amoonguss|52\/100 par|[from] item: Black Sludge\n|-damage|p1a: Cresselia|14\/100 psn|[from] psn\n|upkeep\n|turn|12\n|\n|t:|1701119158\n|move|p1a: Cresselia|Shadow Ball|p2a: Amoonguss\n|-damage|p2a: Amoonguss|31\/100 par\n|-unboost|p2a: Amoonguss|spd|1\n|cant|p2a: Amoonguss|par\n|\n|-heal|p2a: Amoonguss|37\/100 par|[from] item: Black Sludge\n|-damage|p1a: Cresselia|2\/100 psn|[from] psn\n|upkeep\n|turn|13\n|\n|t:|1701119169\n|move|p1a: Cresselia|Shadow Ball|p2a: Amoonguss\n|-damage|p2a: Amoonguss|5\/100 par\n|move|p2a: Amoonguss|Synthesis|p2a: Amoonguss\n|-heal|p2a: Amoonguss|55\/100 par\n|\n|-heal|p2a: Amoonguss|61\/100 par|[from] item: Black Sludge\n|-damage|p1a: Cresselia|0 fnt|[from] psn\n|faint|p1a: Cresselia\n|-sideend|p1: DrcoolWA|move: Light Screen\n|upkeep\n|\n|t:|1701119179\n|switch|p1a: Iron Moth|Iron Moth|5\/100\n|turn|14\n|\n|t:|1701119184\n|move|p1a: Iron Moth|Fiery Dance|p2a: Amoonguss\n|-supereffective|p2a: Amoonguss\n|-damage|p2a: Amoonguss|0 fnt\n|-boost|p1a: Iron Moth|spa|1\n|faint|p2a: Amoonguss\n|\n|upkeep\n|\n|t:|1701119192\n|switch|p2a: Walking Wake|Walking Wake|47\/100\n|turn|15\n|\n|t:|1701119204\n|move|p1a: Iron Moth|U-turn|p2a: Walking Wake\n|-damage|p2a: Walking Wake|36\/100\n|\n|t:|1701119207\n|-end|p1a: Iron Moth|Quark Drive|[silent]\n|switch|p1a: Ninetales|Ninetales-Alola, M, shiny|100\/100|[from] U-turn\n|-weather|Snow|[from] ability: Snow Warning|[of] p1a: Ninetales\n|-item|p1a: Ninetales|Air Balloon\n|move|p2a: Walking Wake|Flip Turn|p1a: Ninetales\n|-damage|p1a: Ninetales|81\/100\n|-enditem|p1a: Ninetales|Air Balloon\n|\n|t:|1701119218\n|-end|p2a: Walking Wake|Protosynthesis|[silent]\n|switch|p2a: Skeledirge|Skeledirge, M|100\/100|[from] Flip Turn\n|\n|-weather|Snow|[upkeep]\n|upkeep\n|turn|16\n|\n|t:|1701119228\n|move|p1a: Ninetales|Draining Kiss|p2a: Skeledirge\n|-resisted|p2a: Skeledirge\n|-damage|p2a: Skeledirge|91\/100\n|-heal|p1a: Ninetales|92\/100|[from] drain|[of] p2a: Skeledirge\n|move|p2a: Skeledirge|Torch Song|p1a: Ninetales\n|-supereffective|p1a: Ninetales\n|-damage|p1a: Ninetales|0 fnt\n|-boost|p2a: Skeledirge|spa|1\n|faint|p1a: Ninetales\n|-enditem|p2a: Skeledirge|Throat Spray\n|-boost|p2a: Skeledirge|spa|1|[from] item: Throat Spray\n|\n|-weather|Snow|[upkeep]\n|upkeep\n|\n|t:|1701119239\n|switch|p1a: Rotom|Rotom-Wash|33\/100\n|turn|17\n|\n|t:|1701119246\n|move|p1a: Rotom|Hydro Pump|p2a: Skeledirge\n|-supereffective|p2a: Skeledirge\n|-damage|p2a: Skeledirge|0 fnt\n|faint|p2a: Skeledirge\n|\n|-weather|Snow|[upkeep]\n|upkeep\n|\n|t:|1701119253\n|switch|p2a: Ting-Lu|Ting-Lu|100\/100\n|-ability|p2a: Ting-Lu|Vessel of Ruin\n|turn|18\n|\n|t:|1701119258\n|move|p1a: Rotom|Hydro Pump|p2a: Ting-Lu|[miss]\n|-miss|p1a: Rotom|p2a: Ting-Lu\n|move|p2a: Ting-Lu|Ruination|p1a: Rotom\n|-damage|p1a: Rotom|17\/100\n|\n|-weather|Snow|[upkeep]\n|upkeep\n|turn|19\n|\n|t:|1701119268\n|move|p1a: Rotom|Hydro Pump|p2a: Ting-Lu\n|-supereffective|p2a: Ting-Lu\n|-damage|p2a: Ting-Lu|12\/100\n|move|p2a: Ting-Lu|Whirlwind|p1a: Rotom\n|drag|p1a: Iron Moth|Iron Moth|5\/100\n|\n|-weather|none\n|-heal|p2a: Ting-Lu|18\/100|[from] item: Leftovers\n|upkeep\n|turn|20\n|\n|t:|1701119283\n|switch|p2a: Walking Wake|Walking Wake|36\/100\n|move|p1a: Iron Moth|U-turn|p2a: Walking Wake\n|-crit|p2a: Walking Wake\n|-damage|p2a: Walking Wake|18\/100\n|\n|t:|1701119289\n|-end|p1a: Iron Moth|Quark Drive|[silent]\n|switch|p1a: Rotom|Rotom-Wash|17\/100|[from] U-turn\n|\n|upkeep\n|turn|21\n|\n|t:|1701119303\n|move|p2a: Walking Wake|Flip Turn|p1a: Rotom\n|-resisted|p1a: Rotom\n|-damage|p1a: Rotom|4\/100\n|\n|t:|1701119310\n|-end|p2a: Walking Wake|Protosynthesis|[silent]\n|switch|p2a: Gardevoir|Gardevoir, F|100\/100|[from] Flip Turn\n|-ability|p2a: Gardevoir|Levitate|[from] ability: Trace|[of] p1a: Rotom\n|move|p1a: Rotom|Volt Switch|p2a: Gardevoir\n|-damage|p2a: Gardevoir|51\/100\n|\n|t:|1701119317\n|switch|p1a: Meowscarada|Meowscarada, F|100\/100|[from] Volt Switch\n|\n|upkeep\n|turn|22\n|\n|t:|1701119333\n|switch|p2a: Kingambit|Kingambit, M|100\/100\n|-activate|p2a: Kingambit|ability: Supreme Overlord\n|-start|p2a: Kingambit|fallen2|[silent]\n|move|p1a: Meowscarada|Aura Sphere|p2a: Kingambit\n|-supereffective|p2a: Kingambit\n|-damage|p2a: Kingambit|42\/100\n|-enditem|p2a: Kingambit|Weakness Policy\n|-boost|p2a: Kingambit|atk|2|[from] item: Weakness Policy\n|-boost|p2a: Kingambit|spa|2|[from] item: Weakness Policy\n|\n|upkeep\n|turn|23\n|\n|t:|1701119344\n|-terastallize|p2a: Kingambit|Dark\n|move|p2a: Kingambit|Sucker Punch|p1a: Meowscarada\n|-resisted|p1a: Meowscarada\n|-damage|p1a: Meowscarada|0 fnt\n|faint|p1a: Meowscarada\n|\n|upkeep\n|\n|t:|1701119349\n|switch|p1a: Dragapult|Dragapult, F, shiny|100\/100\n|turn|24\n|\n|t:|1701119354\n|move|p2a: Kingambit|Sucker Punch||[still]\n|-fail|p2a: Kingambit\n|move|p1a: Dragapult|Thunder Wave|p2a: Kingambit\n|-status|p2a: Kingambit|par\n|\n|upkeep\n|turn|25\n|\n|t:|1701119362\n|move|p1a: Dragapult|Phantom Force||[still]\n|-prepare|p1a: Dragapult|Phantom Force\n|move|p2a: Kingambit|Foul Play|p1a: Dragapult|[miss]\n|-miss|p2a: Kingambit|p1a: Dragapult\n|\n|upkeep\n|turn|26\n|\n|t:|1701119370\n|-end|p2a: Kingambit|fallen2|[silent]\n|switch|p2a: Ting-Lu|Ting-Lu|18\/100\n|-ability|p2a: Ting-Lu|Vessel of Ruin\n|move|p1a: Dragapult|Phantom Force|p2a: Ting-Lu|[from]lockedmove\n|-resisted|p2a: Ting-Lu\n|-damage|p2a: Ting-Lu|6\/100\n|-damage|p1a: Dragapult|91\/100|[from] item: Life Orb\n|\n|-heal|p2a: Ting-Lu|13\/100|[from] item: Leftovers\n|upkeep\n|turn|27\n|\n|t:|1701119382\n|move|p1a: Dragapult|Dragon Pulse|p2a: Ting-Lu\n|-damage|p2a: Ting-Lu|0 fnt\n|faint|p2a: Ting-Lu\n|-damage|p1a: Dragapult|81\/100|[from] item: Life Orb\n|\n|upkeep\n|\n|t:|1701119389\n|switch|p2a: Gardevoir|Gardevoir, F|51\/100\n|-ability|p2a: Gardevoir|Clear Body|[from] ability: Trace|[of] p1a: Dragapult\n|turn|28\n|\n|t:|1701119395\n|move|p1a: Dragapult|Phantom Force||[still]\n|-prepare|p1a: Dragapult|Phantom Force\n|move|p2a: Gardevoir|Moonblast|p1a: Dragapult|[miss]\n|-miss|p2a: Gardevoir|p1a: Dragapult\n|\n|upkeep\n|turn|29\n|\n|t:|1701119402\n|move|p1a: Dragapult|Phantom Force|p2a: Gardevoir|[from]lockedmove\n|-supereffective|p2a: Gardevoir\n|-damage|p2a: Gardevoir|0 fnt\n|faint|p2a: Gardevoir\n|-damage|p1a: Dragapult|71\/100|[from] item: Life Orb\n|\n|upkeep\n|\n|t:|1701119410\n|switch|p2a: Walking Wake|Walking Wake|18\/100\n|turn|30\n|\n|t:|1701119413\n|move|p1a: Dragapult|Dragon Pulse|p2a: Walking Wake\n|-supereffective|p2a: Walking Wake\n|-damage|p2a: Walking Wake|0 fnt\n|faint|p2a: Walking Wake\n|-end|p2a: Walking Wake|Protosynthesis|[silent]\n|-damage|p1a: Dragapult|61\/100|[from] item: Life Orb\n|\n|upkeep\n|\n|t:|1701119419\n|switch|p2a: Kingambit|Kingambit, M, tera:Dark|42\/100 par\n|-activate|p2a: Kingambit|ability: Supreme Overlord\n|-start|p2a: Kingambit|fallen5|[silent]\n|turn|31\n|\n|t:|1701119426\n|cant|p2a: Kingambit|par\n|move|p1a: Dragapult|Phantom Force||[still]\n|-prepare|p1a: Dragapult|Phantom Force\n|\n|upkeep\n|turn|32\n|\n|t:|1701119431\n|move|p1a: Dragapult|Phantom Force|p2a: Kingambit|[from]lockedmove\n|-resisted|p2a: Kingambit\n|-damage|p2a: Kingambit|24\/100 par\n|-damage|p1a: Dragapult|52\/100|[from] item: Life Orb\n|move|p2a: Kingambit|Swords Dance|p2a: Kingambit\n|-boost|p2a: Kingambit|atk|2\n|\n|upkeep\n|turn|33\n|\n|t:|1701119443\n|move|p2a: Kingambit|Sucker Punch|p1a: Dragapult\n|-supereffective|p1a: Dragapult\n|-damage|p1a: Dragapult|0 fnt\n|faint|p1a: Dragapult\n|\n|upkeep\n|\n|t:|1701119447\n|switch|p1a: Iron Moth|Iron Moth|5\/100\n|turn|34\n|\n|t:|1701119452\n|move|p2a: Kingambit|Sucker Punch|p1a: Iron Moth\n|-crit|p1a: Iron Moth\n|-damage|p1a: Iron Moth|0 fnt\n|faint|p1a: Iron Moth\n|-end|p1a: Iron Moth|Quark Drive|[silent]\n|\n|upkeep\n|\n|t:|1701119456\n|switch|p1a: Rotom|Rotom-Wash|4\/100\n|turn|35\n|\n|t:|1701119460\n|move|p2a: Kingambit|Sucker Punch|p1a: Rotom\n|-damage|p1a: Rotom|0 fnt\n|faint|p1a: Rotom\n|\n|win|Lawrence1307\n|raw|DrcoolWA's rating: 1030 &rarr; <strong>1018<\/strong><br \/>(-12 for losing)\n|raw|Lawrence1307's rating: 1084 &rarr; <strong>1107<\/strong><br \/>(+23 for winning)\n|l|\u2606DrcoolWA\n","uploadtime":1701119470,"views":17,"p1id":"drcoolwa","p2id":"lawrence1307","formatid":"gen9ou","rating":1018,"private":0,"password":""}