{"id":"gen9ou-1988888911","p1":"Slopandslimeher","p2":"AnythingTeam","format":"[Gen 9] OU","log":"|j|\u2606Slopandslimeher\n|j|\u2606AnythingTeam\n|t:|1699781764\n|gametype|singles\n|player|p1|Slopandslimeher|scientist-gen9|1408\n|player|p2|AnythingTeam|steven|1503\n|teamsize|p1|6\n|teamsize|p2|6\n|gen|9\n|tier|[Gen 9] OU\n|rated|\n|rule|Sleep Clause Mod: Limit one foe put to sleep\n|rule|Species Clause: Limit one of each Pok\u00e9mon\n|rule|OHKO Clause: OHKO moves are banned\n|rule|Evasion Items Clause: Evasion items are banned\n|rule|Evasion Moves Clause: Evasion moves are banned\n|rule|Endless Battle Clause: Forcing endless battles is banned\n|rule|HP Percentage Mod: HP is shown in percentages\n|clearpoke\n|poke|p1|Garganacl, F|\n|poke|p1|Garchomp, F|\n|poke|p1|Alomomola, F|\n|poke|p1|Cinderace, M|\n|poke|p1|Gholdengo|\n|poke|p1|Samurott-Hisui, M|\n|poke|p2|Ceruledge, M|\n|poke|p2|Great Tusk|\n|poke|p2|Dragonite, F|\n|poke|p2|Clefable, F|\n|poke|p2|Ogerpon-Wellspring, F|\n|poke|p2|Hoopa-Unbound|\n|teampreview\n|inactive|Battle timer is ON: inactive players will automatically lose when time's up. (requested by Slopandslimeher)\n|\n|t:|1699781774\n|start\n|switch|p1a: Cinderace|Cinderace, M|100\/100\n|switch|p2a: Ogerpon|Ogerpon-Wellspring, F|100\/100\n|turn|1\n|\n|t:|1699781785\n|-terastallize|p1a: Cinderace|Grass\n|move|p1a: Cinderace|Will-O-Wisp|p2a: Ogerpon\n|-status|p2a: Ogerpon|brn\n|move|p2a: Ogerpon|Ivy Cudgel|p1a: Cinderace\n|-resisted|p1a: Cinderace\n|-damage|p1a: Cinderace|84\/100\n|\n|-damage|p2a: Ogerpon|95\/100 brn|[from] brn\n|upkeep\n|turn|2\n|\n|t:|1699781791\n|move|p1a: Cinderace|U-turn|p2a: Ogerpon\n|-supereffective|p2a: Ogerpon\n|-damage|p2a: Ogerpon|47\/100 brn\n|\n|t:|1699781794\n|switch|p1a: Garchomp|Garchomp, F, shiny|100\/100|[from] U-turn\n|move|p2a: Ogerpon|U-turn|p1a: Garchomp\n|-damage|p1a: Garchomp|92\/100\n|-damage|p2a: Ogerpon|35\/100 brn|[from] ability: Rough Skin|[of] p1a: Garchomp\n|-damage|p2a: Ogerpon|18\/100 brn|[from] item: Rocky Helmet|[of] p1a: Garchomp\n|\n|t:|1699781810\n|switch|p2a: Clefable|Clefable, F|100\/100|[from] U-turn\n|\n|upkeep\n|turn|3\n|\n|t:|1699781813\n|switch|p1a: Gholdengo|Gholdengo|100\/100\n|move|p2a: Clefable|Moonblast|p1a: Gholdengo\n|-resisted|p1a: Gholdengo\n|-damage|p1a: Gholdengo|80\/100\n|\n|upkeep\n|turn|4\n|\n|t:|1699781819\n|switch|p2a: Hoopa|Hoopa-Unbound|100\/100\n|move|p1a: Gholdengo|Make It Rain|p2a: Hoopa\n|-damage|p2a: Hoopa|46\/100\n|-unboost|p1a: Gholdengo|spa|1\n|\n|upkeep\n|turn|5\n|\n|t:|1699781834\n|switch|p1a: Garchomp|Garchomp, F, shiny|92\/100\n|move|p2a: Hoopa|Dark Pulse|p1a: Garchomp\n|-damage|p1a: Garchomp|44\/100\n|\n|upkeep\n|turn|6\n|\n|t:|1699781840\n|switch|p1a: Samurott|Samurott-Hisui, M|100\/100\n|move|p2a: Hoopa|Dark Pulse|p1a: Samurott\n|-resisted|p1a: Samurott\n|-damage|p1a: Samurott|83\/100\n|\n|upkeep\n|turn|7\n|\n|t:|1699781847\n|move|p1a: Samurott|Ceaseless Edge|p2a: Hoopa\n|-damage|p2a: Hoopa|0 fnt\n|-sidestart|p2: AnythingTeam|Spikes\n|faint|p2a: Hoopa\n|\n|upkeep\n|inactive|AnythingTeam has 120 seconds left.\n|\n|t:|1699781888\n|switch|p2a: Great Tusk|Great Tusk|100\/100\n|-damage|p2a: Great Tusk|88\/100|[from] Spikes\n|-enditem|p2a: Great Tusk|Booster Energy\n|-activate|p2a: Great Tusk|ability: Protosynthesis|[fromitem]\n|-start|p2a: Great Tusk|protosynthesisspe\n|turn|8\n|\n|t:|1699781902\n|switch|p1a: Alomomola|Alomomola, F|100\/100\n|move|p2a: Great Tusk|Headlong Rush|p1a: Alomomola\n|-damage|p1a: Alomomola|68\/100\n|-unboost|p2a: Great Tusk|def|1\n|-unboost|p2a: Great Tusk|spd|1\n|-enditem|p1a: Alomomola|Red Card|[of] p2a: Great Tusk\n|-end|p2a: Great Tusk|Protosynthesis|[silent]\n|drag|p2a: Ogerpon|Ogerpon-Wellspring, F|18\/100 brn\n|-damage|p2a: Ogerpon|6\/100 brn|[from] Spikes\n|\n|-damage|p2a: Ogerpon|0 fnt|[from] brn\n|faint|p2a: Ogerpon\n|upkeep\n|inactive|AnythingTeam has 120 seconds left.\n|\n|t:|1699781911\n|switch|p2a: Ceruledge|Ceruledge, M|100\/100\n|turn|9\n|\n|t:|1699781917\n|move|p2a: Ceruledge|Swords Dance|p2a: Ceruledge\n|-boost|p2a: Ceruledge|atk|2\n|move|p1a: Alomomola|Wish|p1a: Alomomola\n|\n|upkeep\n|turn|10\n|\n|t:|1699781921\n|move|p2a: Ceruledge|Swords Dance|p2a: Ceruledge\n|-boost|p2a: Ceruledge|atk|2\n|move|p1a: Alomomola|Flip Turn|p2a: Ceruledge\n|-supereffective|p2a: Ceruledge\n|-damage|p2a: Ceruledge|61\/100\n|-ability|p2a: Ceruledge|Weak Armor|boost\n|-unboost|p2a: Ceruledge|def|1\n|-boost|p2a: Ceruledge|spe|2\n|\n|t:|1699781924\n|switch|p1a: Garchomp|Garchomp, F, shiny|44\/100|[from] Flip Turn\n|\n|-heal|p1a: Garchomp|99\/100|[from] move: Wish|[wisher] Alomomola\n|upkeep\n|turn|11\n|\n|t:|1699781943\n|-terastallize|p2a: Ceruledge|Grass\n|move|p2a: Ceruledge|Tera Blast|p1a: Garchomp|[anim] Tera Blast Grass\n|-damage|p1a: Garchomp|22\/100\n|move|p1a: Garchomp|Dragon Tail|p2a: Ceruledge\n|-damage|p2a: Ceruledge|16\/100\n|-ability|p2a: Ceruledge|Weak Armor|boost\n|-unboost|p2a: Ceruledge|def|1\n|-boost|p2a: Ceruledge|spe|2\n|drag|p2a: Great Tusk|Great Tusk|88\/100\n|-damage|p2a: Great Tusk|76\/100|[from] Spikes\n|\n|upkeep\n|turn|12\n|\n|t:|1699781956\n|switch|p1a: Alomomola|Alomomola, F|100\/100\n|move|p2a: Great Tusk|Knock Off|p1a: Alomomola\n|-damage|p1a: Alomomola|88\/100\n|\n|upkeep\n|turn|13\n|\n|t:|1699781960\n|move|p2a: Great Tusk|Rapid Spin|p1a: Alomomola\n|-damage|p1a: Alomomola|80\/100\n|-boost|p2a: Great Tusk|spe|1\n|-sideend|p2: AnythingTeam|Spikes|[from] move: Rapid Spin|[of] p2a: Great Tusk\n|move|p1a: Alomomola|Wish|p1a: Alomomola\n|\n|upkeep\n|turn|14\n|\n|t:|1699781966\n|move|p2a: Great Tusk|Headlong Rush|p1a: Alomomola\n|-damage|p1a: Alomomola|48\/100\n|-unboost|p2a: Great Tusk|def|1\n|-unboost|p2a: Great Tusk|spd|1\n|move|p1a: Alomomola|Flip Turn|p2a: Great Tusk\n|-supereffective|p2a: Great Tusk\n|-damage|p2a: Great Tusk|40\/100\n|\n|t:|1699781970\n|switch|p1a: Garchomp|Garchomp, F, shiny|22\/100|[from] Flip Turn\n|\n|-heal|p1a: Garchomp|78\/100|[from] move: Wish|[wisher] Alomomola\n|upkeep\n|turn|15\n|\n|t:|1699781976\n|move|p2a: Great Tusk|Headlong Rush|p1a: Garchomp\n|-damage|p1a: Garchomp|47\/100\n|-unboost|p2a: Great Tusk|def|1\n|-unboost|p2a: Great Tusk|spd|1\n|-damage|p2a: Great Tusk|27\/100|[from] ability: Rough Skin|[of] p1a: Garchomp\n|-damage|p2a: Great Tusk|11\/100|[from] item: Rocky Helmet|[of] p1a: Garchomp\n|move|p1a: Garchomp|Stealth Rock|p2a: Great Tusk\n|-sidestart|p2: AnythingTeam|move: Stealth Rock\n|\n|upkeep\n|turn|16\n|\n|t:|1699781982\n|move|p2a: Great Tusk|Rapid Spin|p1a: Garchomp\n|-damage|p1a: Garchomp|39\/100\n|-boost|p2a: Great Tusk|spe|1\n|-damage|p2a: Great Tusk|0 fnt|[from] ability: Rough Skin|[of] p1a: Garchomp\n|faint|p2a: Great Tusk\n|-end|p2a: Great Tusk|Protosynthesis|[silent]\n|move|p1a: Garchomp|Spikes|p2: Great Tusk\n|-sidestart|p2: AnythingTeam|Spikes\n|\n|upkeep\n|-message|AnythingTeam forfeited.\n|\n|win|Slopandslimeher\n|raw|Slopandslimeher's rating: 1408 &rarr; <strong>1433<\/strong><br \/>(+25 for winning)\n|raw|AnythingTeam's rating: 1503 &rarr; <strong>1478<\/strong><br \/>(-25 for losing)\n|l|\u2606AnythingTeam\n","uploadtime":1699781999,"views":16,"p1id":"slopandslimeher","p2id":"anythingteam","formatid":"gen9ou","rating":1433,"private":0,"password":""}