{"id":"gen9ou-2000607529","p1":"Poison Ivy Thorns","p2":"Drafeon","format":"[Gen 9] OU","log":"|j|\u2606Poison Ivy Thorns\n|j|\u2606Drafeon\n|t:|1701209986\n|gametype|singles\n|player|p1|Poison Ivy Thorns|hilda-masters3|1669\n|player|p2|Drafeon|elesa|1724\n|teamsize|p1|6\n|teamsize|p2|6\n|gen|9\n|tier|[Gen 9] OU\n|rated|\n|rule|Sleep Clause Mod: Limit one foe put to sleep\n|rule|Species Clause: Limit one of each Pok\u00e9mon\n|rule|OHKO Clause: OHKO moves are banned\n|rule|Evasion Items Clause: Evasion items are banned\n|rule|Evasion Moves Clause: Evasion moves are banned\n|rule|Endless Battle Clause: Forcing endless battles is banned\n|rule|HP Percentage Mod: HP is shown in percentages\n|clearpoke\n|poke|p1|Iron Valiant|\n|poke|p1|Rillaboom, M|\n|poke|p1|Hawlucha, F|\n|poke|p1|Iron Moth|\n|poke|p1|Iron Treads|\n|poke|p1|Hydreigon, M|\n|poke|p2|Ogerpon-Cornerstone, F|\n|poke|p2|Zapdos|\n|poke|p2|Weezing-Galar, M|\n|poke|p2|Garchomp, M|\n|poke|p2|Arboliva, F|\n|poke|p2|Arcanine-Hisui, M|\n|teampreview\n|inactive|Battle timer is ON: inactive players will automatically lose when time's up. (requested by Drafeon)\n|inactive|Poison Ivy Thorns also wants the timer to be on.\n|\n|t:|1701210009\n|start\n|switch|p1a: Iron Treads|Iron Treads|100\/100\n|switch|p2a: Arcanine|Arcanine-Hisui, M|100\/100\n|turn|1\n|\n|t:|1701210016\n|switch|p2a: Weezing|Weezing-Galar, M|100\/100\n|move|p1a: Iron Treads|Knock Off|p2a: Weezing\n|-resisted|p2a: Weezing\n|-damage|p2a: Weezing|90\/100\n|-enditem|p2a: Weezing|Leftovers|[from] move: Knock Off|[of] p1a: Iron Treads\n|\n|upkeep\n|turn|2\n|\n|t:|1701210030\n|-end|p1a: Iron Treads|Quark Drive|[silent]\n|switch|p1a: Iron Moth|Iron Moth|100\/100\n|-enditem|p1a: Iron Moth|Booster Energy\n|-activate|p1a: Iron Moth|ability: Quark Drive|[fromitem]\n|-start|p1a: Iron Moth|quarkdrivespe\n|move|p2a: Weezing|Will-O-Wisp|p1a: Iron Moth\n|-immune|p1a: Iron Moth\n|\n|upkeep\n|turn|3\n|\n|t:|1701210032\n|switch|p2a: Garchomp|Garchomp, M|100\/100\n|move|p1a: Iron Moth|Fiery Dance|p2a: Garchomp\n|-resisted|p2a: Garchomp\n|-damage|p2a: Garchomp|81\/100\n|\n|upkeep\n|turn|4\n|\n|t:|1701210036\n|move|p1a: Iron Moth|Dazzling Gleam|p2a: Garchomp\n|-supereffective|p2a: Garchomp\n|-damage|p2a: Garchomp|27\/100\n|move|p2a: Garchomp|Scale Shot|p1a: Iron Moth\n|-damage|p1a: Iron Moth|83\/100\n|-damage|p1a: Iron Moth|66\/100\n|-damage|p1a: Iron Moth|49\/100\n|-crit|p1a: Iron Moth\n|-damage|p1a: Iron Moth|22\/100\n|-damage|p1a: Iron Moth|6\/100\n|-hitcount|p1a: Iron Moth|5\n|-unboost|p2a: Garchomp|def|1\n|-boost|p2a: Garchomp|spe|1\n|\n|upkeep\n|turn|5\n|\n|t:|1701210038\n|move|p1a: Iron Moth|Dazzling Gleam|p2a: Garchomp\n|-supereffective|p2a: Garchomp\n|-damage|p2a: Garchomp|0 fnt\n|faint|p2a: Garchomp\n|\n|upkeep\n|\n|t:|1701210042\n|switch|p2a: Arcanine|Arcanine-Hisui, M|100\/100\n|turn|6\n|\n|t:|1701210046\n|-end|p1a: Iron Moth|Quark Drive|[silent]\n|switch|p1a: Iron Treads|Iron Treads|100\/100\n|move|p2a: Arcanine|Extreme Speed|p1a: Iron Treads\n|-resisted|p1a: Iron Treads\n|-damage|p1a: Iron Treads|82\/100\n|\n|-heal|p1a: Iron Treads|88\/100|[from] item: Leftovers\n|upkeep\n|turn|7\n|\n|t:|1701210052\n|switch|p2a: Zapdos|Zapdos|100\/100\n|move|p1a: Iron Treads|Knock Off|p2a: Zapdos\n|-damage|p2a: Zapdos|63\/100\n|-status|p1a: Iron Treads|par|[from] ability: Static|[of] p2a: Zapdos\n|-enditem|p2a: Zapdos|Choice Scarf|[from] move: Knock Off|[of] p1a: Iron Treads\n|\n|-heal|p1a: Iron Treads|95\/100 par|[from] item: Leftovers\n|upkeep\n|turn|8\n|c|\u2606Poison Ivy Thorns|wth\n|\n|t:|1701210057\n|-end|p1a: Iron Treads|Quark Drive|[silent]\n|switch|p1a: Iron Moth|Iron Moth|6\/100\n|move|p2a: Zapdos|Heat Wave|p1a: Iron Moth\n|-resisted|p1a: Iron Moth\n|-damage|p1a: Iron Moth|0 fnt\n|faint|p1a: Iron Moth\n|-end|p1a: Iron Moth|Quark Drive|[silent]\n|\n|upkeep\n|\n|t:|1701210063\n|switch|p1a: Hydreigon|Hydreigon, M|100\/100\n|turn|9\n|\n|t:|1701210074\n|-terastallize|p2a: Zapdos|Ice\n|move|p1a: Hydreigon|Flash Cannon|p2a: Zapdos\n|-supereffective|p2a: Zapdos\n|-damage|p2a: Zapdos|5\/100\n|move|p2a: Zapdos|Tera Blast|p1a: Hydreigon|[anim] Tera Blast Ice\n|-supereffective|p1a: Hydreigon\n|-damage|p1a: Hydreigon|11\/100\n|\n|upkeep\n|turn|10\n|\n|t:|1701210078\n|move|p1a: Hydreigon|Flash Cannon|p2a: Zapdos\n|-supereffective|p2a: Zapdos\n|-damage|p2a: Zapdos|0 fnt\n|faint|p2a: Zapdos\n|\n|upkeep\n|\n|t:|1701210087\n|switch|p2a: Arboliva|Arboliva, F|100\/100\n|turn|11\n|\n|t:|1701210101\n|switch|p1a: Rillaboom|Rillaboom, M|100\/100\n|-fieldstart|move: Grassy Terrain|[from] ability: Grassy Surge|[of] p1a: Rillaboom\n|move|p2a: Arboliva|Dazzling Gleam|p1a: Rillaboom\n|-damage|p1a: Rillaboom|40\/100\n|\n|-heal|p1a: Rillaboom|46\/100|[from] Grassy Terrain\n|upkeep\n|turn|12\n|\n|t:|1701210106\n|move|p1a: Rillaboom|U-turn|p2a: Arboliva\n|-supereffective|p2a: Arboliva\n|-damage|p2a: Arboliva|27\/100\n|\n|t:|1701210108\n|switch|p1a: Hydreigon|Hydreigon, M|11\/100|[from] U-turn\n|move|p2a: Arboliva|Dazzling Gleam|p1a: Hydreigon\n|-supereffective|p1a: Hydreigon\n|-damage|p1a: Hydreigon|0 fnt\n|faint|p1a: Hydreigon\n|\n|-heal|p2a: Arboliva|33\/100|[from] Grassy Terrain\n|upkeep\n|\n|t:|1701210114\n|switch|p1a: Hawlucha|Hawlucha, F|100\/100\n|-enditem|p1a: Hawlucha|Grassy Seed\n|-boost|p1a: Hawlucha|def|1|[from] item: Grassy Seed\n|turn|13\n|\n|t:|1701210117\n|move|p1a: Hawlucha|Fire Punch|p2a: Arboliva\n|-supereffective|p2a: Arboliva\n|-damage|p2a: Arboliva|0 fnt\n|faint|p2a: Arboliva\n|\n|upkeep\n|\n|t:|1701210122\n|switch|p2a: Weezing|Weezing-Galar, M|90\/100\n|turn|14\n|\n|t:|1701210126\n|-terastallize|p1a: Hawlucha|Fire\n|move|p1a: Hawlucha|Swords Dance|p1a: Hawlucha\n|-boost|p1a: Hawlucha|atk|2\n|move|p2a: Weezing|Strange Steam|p1a: Hawlucha\n|-resisted|p1a: Hawlucha\n|-damage|p1a: Hawlucha|75\/100\n|\n|-heal|p1a: Hawlucha|81\/100|[from] Grassy Terrain\n|upkeep\n|turn|15\n|\n|t:|1701210139\n|move|p1a: Hawlucha|Acrobatics|p2a: Weezing\n|-damage|p2a: Weezing|23\/100\n|move|p2a: Weezing|Strange Steam|p1a: Hawlucha\n|-resisted|p1a: Hawlucha\n|-damage|p1a: Hawlucha|56\/100\n|-start|p1a: Hawlucha|confusion\n|\n|-heal|p1a: Hawlucha|62\/100|[from] Grassy Terrain\n|-fieldend|move: Grassy Terrain\n|upkeep\n|turn|16\n|\n|t:|1701210146\n|-activate|p1a: Hawlucha|confusion\n|move|p1a: Hawlucha|Fire Punch|p2a: Weezing\n|-crit|p2a: Weezing\n|-damage|p2a: Weezing|0 fnt\n|faint|p2a: Weezing\n|\n|upkeep\n|\n|t:|1701210148\n|switch|p2a: Ogerpon|Ogerpon-Cornerstone, F|100\/100\n|turn|17\n|\n|t:|1701210153\n|-end|p1a: Hawlucha|confusion\n|move|p1a: Hawlucha|Fire Punch|p2a: Ogerpon\n|-damage|p2a: Ogerpon|19\/100\n|move|p2a: Ogerpon|Ivy Cudgel|p1a: Hawlucha|[anim] Ivy Cudgel Rock\n|-supereffective|p1a: Hawlucha\n|-damage|p1a: Hawlucha|0 fnt\n|faint|p1a: Hawlucha\n|\n|upkeep\n|\n|t:|1701210156\n|switch|p1a: Rillaboom|Rillaboom, M|46\/100\n|-fieldstart|move: Grassy Terrain|[from] ability: Grassy Surge|[of] p1a: Rillaboom\n|turn|18\n|\n|t:|1701210164\n|move|p1a: Rillaboom|Grassy Glide|p2a: Ogerpon\n|-damage|p2a: Ogerpon|0 fnt\n|faint|p2a: Ogerpon\n|\n|-heal|p1a: Rillaboom|52\/100|[from] Grassy Terrain\n|upkeep\n|\n|t:|1701210166\n|switch|p2a: Arcanine|Arcanine-Hisui, M|100\/100\n|turn|19\n|\n|t:|1701210171\n|switch|p1a: Iron Treads|Iron Treads|95\/100 par\n|move|p2a: Arcanine|Flame Charge|p1a: Iron Treads\n|-supereffective|p1a: Iron Treads\n|-damage|p1a: Iron Treads|33\/100 par\n|-boost|p2a: Arcanine|spe|1\n|\n|-heal|p1a: Iron Treads|39\/100 par|[from] Grassy Terrain\n|-heal|p1a: Iron Treads|45\/100 par|[from] item: Leftovers\n|upkeep\n|turn|20\n|\n|t:|1701210175\n|move|p2a: Arcanine|Flame Charge|p1a: Iron Treads\n|-supereffective|p1a: Iron Treads\n|-damage|p1a: Iron Treads|0 fnt\n|-boost|p2a: Arcanine|spe|1\n|faint|p1a: Iron Treads\n|-end|p1a: Iron Treads|Quark Drive|[silent]\n|\n|upkeep\n|\n|t:|1701210178\n|switch|p1a: Iron Valiant|Iron Valiant|100\/100\n|-enditem|p1a: Iron Valiant|Booster Energy\n|-activate|p1a: Iron Valiant|ability: Quark Drive|[fromitem]\n|-start|p1a: Iron Valiant|quarkdrivespe\n|turn|21\n|\n|t:|1701210181\n|move|p2a: Arcanine|Flame Charge|p1a: Iron Valiant\n|-damage|p1a: Iron Valiant|57\/100\n|-boost|p2a: Arcanine|spe|1\n|move|p1a: Iron Valiant|Aura Sphere|p2a: Arcanine\n|-supereffective|p2a: Arcanine\n|-damage|p2a: Arcanine|6\/100\n|\n|-heal|p2a: Arcanine|12\/100|[from] Grassy Terrain\n|-heal|p1a: Iron Valiant|63\/100|[from] Grassy Terrain\n|upkeep\n|turn|22\n|\n|t:|1701210184\n|move|p2a: Arcanine|Flame Charge|p1a: Iron Valiant\n|-damage|p1a: Iron Valiant|18\/100\n|-boost|p2a: Arcanine|spe|1\n|move|p1a: Iron Valiant|Aura Sphere|p2a: Arcanine\n|-supereffective|p2a: Arcanine\n|-damage|p2a: Arcanine|0 fnt\n|faint|p2a: Arcanine\n|\n|win|Poison Ivy Thorns\n|raw|Poison Ivy Thorns's rating: 1669 &rarr; <strong>1692<\/strong><br \/>(+23 for winning)\n|raw|Drafeon's rating: 1724 &rarr; <strong>1701<\/strong><br \/>(-23 for losing)\n|c|\u2606Poison Ivy Thorns|gg\n|l|\u2606Drafeon\n","uploadtime":1701210190,"views":5,"p1id":"poisonivythorns","p2id":"drafeon","formatid":"gen9ou","rating":1692,"private":0,"password":""}