{"id":"gen9ou-1995248007","p1":"Bub Testing","p2":"mikejohns","format":"[Gen 9] OU","log":"|j|\u2606Bub Testing\n|j|\u2606mikejohns\n|t:|1700539851\n|gametype|singles\n|player|p1|Bub Testing|n|1506\n|player|p2|mikejohns|volkner|1472\n|teamsize|p1|6\n|teamsize|p2|6\n|gen|9\n|tier|[Gen 9] OU\n|rated|\n|rule|Sleep Clause Mod: Limit one foe put to sleep\n|rule|Species Clause: Limit one of each Pok\u00e9mon\n|rule|OHKO Clause: OHKO moves are banned\n|rule|Evasion Items Clause: Evasion items are banned\n|rule|Evasion Moves Clause: Evasion moves are banned\n|rule|Endless Battle Clause: Forcing endless battles is banned\n|rule|HP Percentage Mod: HP is shown in percentages\n|clearpoke\n|poke|p1|Magnezone|\n|poke|p1|Gholdengo|\n|poke|p1|Ogerpon-Wellspring, F|\n|poke|p1|Moltres|\n|poke|p1|Zamazenta-*|\n|poke|p1|Ting-Lu|\n|poke|p2|Zamazenta-*|\n|poke|p2|Rillaboom, F|\n|poke|p2|Heatran, F|\n|poke|p2|Iron Jugulis|\n|poke|p2|Cinderace, F|\n|poke|p2|Ogerpon-Wellspring, F|\n|teampreview\n|inactive|Battle timer is ON: inactive players will automatically lose when time's up. (requested by mikejohns)\n|\n|t:|1700539865\n|start\n|switch|p1a: Ting-Lu|Ting-Lu|100\/100\n|switch|p2a: Heatran|Heatran, F|100\/100\n|-ability|p1a: Ting-Lu|Vessel of Ruin\n|turn|1\n|\n|t:|1700539871\n|switch|p2a: Rillaboom|Rillaboom, F|100\/100\n|-fieldstart|move: Grassy Terrain|[from] ability: Grassy Surge|[of] p2a: Rillaboom\n|move|p1a: Ting-Lu|Ruination|p2a: Rillaboom\n|-damage|p2a: Rillaboom|50\/100\n|\n|-heal|p2a: Rillaboom|57\/100|[from] Grassy Terrain\n|upkeep\n|turn|2\n|\n|t:|1700539877\n|switch|p1a: Moltres|Moltres|100\/100\n|move|p2a: Rillaboom|U-turn|p1a: Moltres\n|-resisted|p1a: Moltres\n|-damage|p1a: Moltres|94\/100\n|\n|t:|1700539881\n|switch|p2a: Heatran|Heatran, F|100\/100|[from] U-turn\n|\n|upkeep\n|turn|3\n|\n|t:|1700539885\n|move|p1a: Moltres|U-turn|p2a: Heatran\n|-resisted|p2a: Heatran\n|-damage|p2a: Heatran|97\/100\n|\n|t:|1700539887\n|switch|p1a: Ting-Lu|Ting-Lu|100\/100|[from] U-turn\n|-ability|p1a: Ting-Lu|Vessel of Ruin\n|move|p2a: Heatran|Magma Storm|p1a: Ting-Lu\n|-damage|p1a: Ting-Lu|79\/100\n|-activate|p1a: Ting-Lu|move: Magma Storm|[of] p2a: Heatran\n|\n|-heal|p2a: Heatran|100\/100|[from] Grassy Terrain\n|-heal|p1a: Ting-Lu|86\/100|[from] Grassy Terrain\n|-heal|p1a: Ting-Lu|92\/100|[from] item: Leftovers\n|-damage|p1a: Ting-Lu|79\/100|[from] move: Magma Storm|[partiallytrapped]\n|upkeep\n|turn|4\n|\n|t:|1700539914\n|switch|p2a: Ogerpon|Ogerpon-Wellspring, F|100\/100\n|move|p1a: Ting-Lu|Earthquake|p2a: Ogerpon\n|-resisted|p2a: Ogerpon\n|-crit|p2a: Ogerpon\n|-damage|p2a: Ogerpon|83\/100\n|\n|-heal|p2a: Ogerpon|89\/100|[from] Grassy Terrain\n|-heal|p1a: Ting-Lu|86\/100|[from] Grassy Terrain\n|-heal|p1a: Ting-Lu|92\/100|[from] item: Leftovers\n|-end|p1a: Ting-Lu|Magma Storm|[partiallytrapped]|[silent]\n|upkeep\n|turn|5\n|\n|t:|1700539927\n|switch|p1a: Magnezone|Magnezone|100\/100\n|move|p2a: Ogerpon|Ivy Cudgel|p1a: Magnezone|[anim] Ivy Cudgel Water\n|-damage|p1a: Magnezone|41\/100\n|-enditem|p1a: Magnezone|Sitrus Berry|[eat]\n|-heal|p1a: Magnezone|66\/100|[from] item: Sitrus Berry\n|\n|-heal|p2a: Ogerpon|95\/100|[from] Grassy Terrain\n|-heal|p1a: Magnezone|72\/100|[from] Grassy Terrain\n|upkeep\n|turn|6\n|\n|t:|1700539937\n|switch|p2a: Rillaboom|Rillaboom, F|57\/100\n|move|p1a: Magnezone|Volt Switch|p2a: Rillaboom\n|-resisted|p2a: Rillaboom\n|-damage|p2a: Rillaboom|33\/100\n|\n|t:|1700539945\n|switch|p1a: Moltres|Moltres|94\/100|[from] Volt Switch\n|\n|-heal|p2a: Rillaboom|39\/100|[from] Grassy Terrain\n|upkeep\n|turn|7\n|\n|t:|1700539950\n|switch|p2a: Heatran|Heatran, F|100\/100\n|move|p1a: Moltres|U-turn|p2a: Heatran\n|-resisted|p2a: Heatran\n|-damage|p2a: Heatran|97\/100\n|\n|t:|1700539970\n|switch|p1a: Ting-Lu|Ting-Lu|92\/100|[from] U-turn\n|-ability|p1a: Ting-Lu|Vessel of Ruin\n|\n|-heal|p2a: Heatran|100\/100|[from] Grassy Terrain\n|-heal|p1a: Ting-Lu|98\/100|[from] Grassy Terrain\n|-heal|p1a: Ting-Lu|100\/100|[from] item: Leftovers\n|upkeep\n|turn|8\n|\n|t:|1700539994\n|switch|p2a: Ogerpon|Ogerpon-Wellspring, F|95\/100\n|move|p1a: Ting-Lu|Ruination|p2a: Ogerpon\n|-damage|p2a: Ogerpon|48\/100\n|\n|-heal|p2a: Ogerpon|54\/100|[from] Grassy Terrain\n|-fieldend|move: Grassy Terrain\n|upkeep\n|turn|9\n|\n|t:|1700540007\n|switch|p1a: Magnezone|Magnezone|72\/100\n|move|p2a: Ogerpon|Ivy Cudgel|p1a: Magnezone|[anim] Ivy Cudgel Water\n|-damage|p1a: Magnezone|16\/100\n|\n|upkeep\n|turn|10\n|\n|t:|1700540010\n|move|p2a: Ogerpon|Ivy Cudgel|p1a: Magnezone|[anim] Ivy Cudgel Water\n|-damage|p1a: Magnezone|0 fnt\n|faint|p1a: Magnezone\n|\n|upkeep\n|\n|t:|1700540013\n|switch|p1a: Zamazenta|Zamazenta|100\/100\n|-ability|p1a: Zamazenta|Dauntless Shield|boost\n|-boost|p1a: Zamazenta|def|1\n|turn|11\n|\n|t:|1700540027\n|move|p1a: Zamazenta|Close Combat|p2a: Ogerpon\n|-damage|p2a: Ogerpon|0 fnt\n|-unboost|p1a: Zamazenta|def|1\n|-unboost|p1a: Zamazenta|spd|1\n|-enditem|p1a: Zamazenta|Eject Pack\n|faint|p2a: Ogerpon\n|\n|t:|1700540034\n|switch|p1a: Moltres|Moltres|94\/100\n|\n|upkeep\n|\n|t:|1700540038\n|switch|p2a: Heatran|Heatran, F|100\/100\n|turn|12\n|\n|t:|1700540044\n|move|p1a: Moltres|U-turn|p2a: Heatran\n|-resisted|p2a: Heatran\n|-damage|p2a: Heatran|97\/100\n|\n|t:|1700540048\n|switch|p1a: Ting-Lu|Ting-Lu|100\/100|[from] U-turn\n|-ability|p1a: Ting-Lu|Vessel of Ruin\n|move|p2a: Heatran|Magma Storm|p1a: Ting-Lu\n|-crit|p1a: Ting-Lu\n|-damage|p1a: Ting-Lu|73\/100\n|-activate|p1a: Ting-Lu|move: Magma Storm|[of] p2a: Heatran\n|\n|-heal|p2a: Heatran|100\/100|[from] item: Leftovers\n|-heal|p1a: Ting-Lu|79\/100|[from] item: Leftovers\n|-damage|p1a: Ting-Lu|67\/100|[from] move: Magma Storm|[partiallytrapped]\n|upkeep\n|turn|13\n|\n|t:|1700540058\n|switch|p2a: Rillaboom|Rillaboom, F|39\/100\n|-fieldstart|move: Grassy Terrain|[from] ability: Grassy Surge|[of] p2a: Rillaboom\n|move|p1a: Ting-Lu|Earthquake|p2a: Rillaboom\n|-resisted|p2a: Rillaboom\n|-damage|p2a: Rillaboom|30\/100\n|\n|-heal|p2a: Rillaboom|36\/100|[from] Grassy Terrain\n|-heal|p1a: Ting-Lu|73\/100|[from] Grassy Terrain\n|-heal|p1a: Ting-Lu|79\/100|[from] item: Leftovers\n|-end|p1a: Ting-Lu|Magma Storm|[partiallytrapped]|[silent]\n|upkeep\n|turn|14\n|\n|t:|1700540064\n|switch|p1a: Moltres|Moltres|94\/100\n|move|p2a: Rillaboom|Knock Off|p1a: Moltres\n|-damage|p1a: Moltres|57\/100\n|-enditem|p1a: Moltres|Heavy-Duty Boots|[from] move: Knock Off|[of] p2a: Rillaboom\n|\n|-heal|p2a: Rillaboom|42\/100|[from] Grassy Terrain\n|upkeep\n|turn|15\n|\n|t:|1700540077\n|move|p1a: Moltres|U-turn|p2a: Rillaboom\n|-supereffective|p2a: Rillaboom\n|-damage|p2a: Rillaboom|15\/100\n|\n|t:|1700540086\n|switch|p1a: Zamazenta|Zamazenta|100\/100|[from] U-turn\n|move|p2a: Rillaboom|U-turn|p1a: Zamazenta\n|-resisted|p1a: Zamazenta\n|-damage|p1a: Zamazenta|90\/100\n|\n|t:|1700540091\n|switch|p2a: Iron Jugulis|Iron Jugulis|100\/100|[from] U-turn\n|-enditem|p2a: Iron Jugulis|Booster Energy\n|-activate|p2a: Iron Jugulis|ability: Quark Drive|[fromitem]\n|-start|p2a: Iron Jugulis|quarkdrivespe\n|\n|-heal|p1a: Zamazenta|97\/100|[from] Grassy Terrain\n|upkeep\n|turn|16\n|\n|t:|1700540104\n|switch|p1a: Ting-Lu|Ting-Lu|79\/100\n|-ability|p1a: Ting-Lu|Vessel of Ruin\n|move|p2a: Iron Jugulis|Hurricane|p1a: Ting-Lu|[miss]\n|-miss|p2a: Iron Jugulis|p1a: Ting-Lu\n|\n|-heal|p1a: Ting-Lu|85\/100|[from] Grassy Terrain\n|-heal|p1a: Ting-Lu|92\/100|[from] item: Leftovers\n|upkeep\n|turn|17\n|\n|t:|1700540109\n|move|p2a: Iron Jugulis|Taunt|p1a: Ting-Lu\n|-start|p1a: Ting-Lu|move: Taunt\n|move|p1a: Ting-Lu|Ruination|p2a: Iron Jugulis\n|-damage|p2a: Iron Jugulis|51\/100\n|\n|-heal|p1a: Ting-Lu|98\/100|[from] Grassy Terrain\n|-heal|p1a: Ting-Lu|100\/100|[from] item: Leftovers\n|upkeep\n|turn|18\n|\n|t:|1700540114\n|move|p2a: Iron Jugulis|Focus Blast|p1a: Ting-Lu|[miss]\n|-miss|p2a: Iron Jugulis|p1a: Ting-Lu\n|move|p1a: Ting-Lu|Ruination|p2a: Iron Jugulis\n|-damage|p2a: Iron Jugulis|26\/100\n|\n|upkeep\n|turn|19\n|\n|t:|1700540120\n|switch|p1a: Gholdengo|Gholdengo|100\/100\n|move|p2a: Iron Jugulis|Focus Blast|p1a: Gholdengo\n|-immune|p1a: Gholdengo\n|\n|upkeep\n|turn|20\n|\n|t:|1700540129\n|-end|p2a: Iron Jugulis|Quark Drive|[silent]\n|switch|p2a: Cinderace|Cinderace, F|100\/100\n|-terastallize|p1a: Gholdengo|Fairy\n|move|p1a: Gholdengo|Make It Rain|p2a: Cinderace\n|-resisted|p2a: Cinderace\n|-damage|p2a: Cinderace|70\/100\n|-unboost|p1a: Gholdengo|spa|1\n|-enditem|p1a: Gholdengo|Eject Pack\n|\n|t:|1700540137\n|switch|p1a: Zamazenta|Zamazenta|97\/100\n|\n|-heal|p1a: Zamazenta|100\/100|[from] Grassy Terrain\n|-heal|p2a: Cinderace|76\/100|[from] Grassy Terrain\n|-fieldend|move: Grassy Terrain\n|upkeep\n|turn|21\n|\n|t:|1700540143\n|move|p1a: Zamazenta|Stone Edge|p2a: Cinderace|[miss]\n|-miss|p1a: Zamazenta|p2a: Cinderace\n|move|p2a: Cinderace|U-turn|p1a: Zamazenta\n|-start|p2a: Cinderace|typechange|Bug|[from] ability: Libero\n|-resisted|p1a: Zamazenta\n|-damage|p1a: Zamazenta|89\/100\n|\n|t:|1700540151\n|switch|p2a: Zamazenta|Zamazenta|100\/100|[from] U-turn\n|-ability|p2a: Zamazenta|Dauntless Shield|boost\n|-boost|p2a: Zamazenta|def|1\n|\n|upkeep\n|turn|22\n|\n|t:|1700540158\n|switch|p1a: Moltres|Moltres|57\/100\n|move|p2a: Zamazenta|Iron Defense|p2a: Zamazenta\n|-boost|p2a: Zamazenta|def|2\n|\n|upkeep\n|turn|23\n|\n|t:|1700540164\n|move|p2a: Zamazenta|Iron Defense|p2a: Zamazenta\n|-boost|p2a: Zamazenta|def|2\n|move|p1a: Moltres|Will-O-Wisp|p2a: Zamazenta|[miss]\n|-miss|p1a: Moltres|p2a: Zamazenta\n|\n|upkeep\n|turn|24\n|\n|t:|1700540169\n|move|p2a: Zamazenta|Body Press|p1a: Moltres\n|-resisted|p1a: Moltres\n|-damage|p1a: Moltres|0 fnt\n|faint|p1a: Moltres\n|\n|upkeep\n|\n|t:|1700540173\n|switch|p1a: Gholdengo|Gholdengo, tera:Fairy|100\/100\n|turn|25\n|\n|t:|1700540178\n|move|p2a: Zamazenta|Body Press|p1a: Gholdengo\n|-resisted|p1a: Gholdengo\n|-damage|p1a: Gholdengo|60\/100\n|move|p1a: Gholdengo|Nasty Plot|p1a: Gholdengo\n|-boost|p1a: Gholdengo|spa|2\n|\n|upkeep\n|turn|26\n|\n|t:|1700540198\n|switch|p2a: Iron Jugulis|Iron Jugulis|26\/100\n|move|p1a: Gholdengo|Recover|p1a: Gholdengo\n|-heal|p1a: Gholdengo|100\/100\n|\n|upkeep\n|turn|27\n|\n|t:|1700540204\n|switch|p1a: Ting-Lu|Ting-Lu|100\/100\n|-ability|p1a: Ting-Lu|Vessel of Ruin\n|move|p2a: Iron Jugulis|Hurricane|p1a: Ting-Lu\n|-damage|p1a: Ting-Lu|73\/100\n|-start|p1a: Ting-Lu|confusion\n|\n|-heal|p1a: Ting-Lu|80\/100|[from] item: Leftovers\n|upkeep\n|turn|28\n|\n|t:|1700540211\n|move|p2a: Iron Jugulis|Focus Blast|p1a: Ting-Lu\n|-supereffective|p1a: Ting-Lu\n|-damage|p1a: Ting-Lu|44\/100\n|-activate|p1a: Ting-Lu|confusion\n|-damage|p1a: Ting-Lu|40\/100|[from] confusion\n|\n|-heal|p1a: Ting-Lu|46\/100|[from] item: Leftovers\n|upkeep\n|turn|29\n|\n|t:|1700540218\n|move|p2a: Iron Jugulis|Focus Blast|p1a: Ting-Lu\n|-supereffective|p1a: Ting-Lu\n|-damage|p1a: Ting-Lu|8\/100\n|-activate|p1a: Ting-Lu|confusion\n|-damage|p1a: Ting-Lu|3\/100|[from] confusion\n|\n|-heal|p1a: Ting-Lu|10\/100|[from] item: Leftovers\n|upkeep\n|turn|30\n|c|\u2606Bub Testing|bro\n|\n|t:|1700540228\n|move|p2a: Iron Jugulis|Hurricane|p1a: Ting-Lu|[miss]\n|-miss|p2a: Iron Jugulis|p1a: Ting-Lu\n|-end|p1a: Ting-Lu|confusion\n|move|p1a: Ting-Lu|Stealth Rock|p2a: Iron Jugulis\n|-sidestart|p2: mikejohns|move: Stealth Rock\n|\n|-heal|p1a: Ting-Lu|16\/100|[from] item: Leftovers\n|upkeep\n|turn|31\n|\n|t:|1700540236\n|move|p2a: Iron Jugulis|Hurricane|p1a: Ting-Lu\n|-crit|p1a: Ting-Lu\n|-damage|p1a: Ting-Lu|0 fnt\n|faint|p1a: Ting-Lu\n|\n|upkeep\n|\n|t:|1700540239\n|switch|p1a: Ogerpon|Ogerpon-Wellspring, F|100\/100\n|turn|32\n|\n|t:|1700540243\n|move|p1a: Ogerpon|Ivy Cudgel|p2a: Iron Jugulis|[anim] Ivy Cudgel Water\n|-damage|p2a: Iron Jugulis|0 fnt\n|faint|p2a: Iron Jugulis\n|-end|p2a: Iron Jugulis|Quark Drive|[silent]\n|\n|upkeep\n|\n|t:|1700540249\n|switch|p2a: Cinderace|Cinderace, F|76\/100\n|turn|33\n|\n|t:|1700540254\n|switch|p1a: Zamazenta|Zamazenta|89\/100\n|move|p2a: Cinderace|U-turn|p1a: Zamazenta\n|-start|p2a: Cinderace|typechange|Bug|[from] ability: Libero\n|-resisted|p1a: Zamazenta\n|-damage|p1a: Zamazenta|76\/100\n|\n|t:|1700540260\n|switch|p2a: Zamazenta|Zamazenta|100\/100|[from] U-turn\n|-damage|p2a: Zamazenta|94\/100|[from] Stealth Rock\n|\n|-heal|p2a: Zamazenta|100\/100|[from] item: Leftovers\n|upkeep\n|turn|34\n|\n|t:|1700540264\n|switch|p1a: Gholdengo|Gholdengo, tera:Fairy|100\/100\n|move|p2a: Zamazenta|Substitute|p2a: Zamazenta\n|-start|p2a: Zamazenta|Substitute\n|-damage|p2a: Zamazenta|76\/100\n|\n|-heal|p2a: Zamazenta|82\/100|[from] item: Leftovers\n|upkeep\n|turn|35\n|\n|t:|1700540269\n|move|p2a: Zamazenta|Iron Defense|p2a: Zamazenta\n|-boost|p2a: Zamazenta|def|2\n|move|p1a: Gholdengo|Nasty Plot|p1a: Gholdengo\n|-boost|p1a: Gholdengo|spa|2\n|\n|-heal|p2a: Zamazenta|88\/100|[from] item: Leftovers\n|upkeep\n|turn|36\n|\n|t:|1700540285\n|switch|p2a: Heatran|Heatran, F|100\/100\n|-damage|p2a: Heatran|88\/100|[from] Stealth Rock\n|move|p1a: Gholdengo|Shadow Ball|p2a: Heatran\n|-damage|p2a: Heatran|40\/100\n|\n|-heal|p2a: Heatran|46\/100|[from] item: Leftovers\n|upkeep\n|turn|37\n|\n|t:|1700540297\n|switch|p1a: Ogerpon|Ogerpon-Wellspring, F|100\/100\n|move|p2a: Heatran|Magma Storm|p1a: Ogerpon\n|-damage|p1a: Ogerpon|51\/100\n|-activate|p1a: Ogerpon|move: Magma Storm|[of] p2a: Heatran\n|\n|-heal|p2a: Heatran|52\/100|[from] item: Leftovers\n|-damage|p1a: Ogerpon|38\/100|[from] move: Magma Storm|[partiallytrapped]\n|upkeep\n|turn|38\n|\n|t:|1700540303\n|switch|p2a: Rillaboom|Rillaboom, F|15\/100\n|-damage|p2a: Rillaboom|3\/100|[from] Stealth Rock\n|-fieldstart|move: Grassy Terrain|[from] ability: Grassy Surge|[of] p2a: Rillaboom\n|move|p1a: Ogerpon|Ivy Cudgel|p2a: Rillaboom|[anim] Ivy Cudgel Water\n|-resisted|p2a: Rillaboom\n|-damage|p2a: Rillaboom|0 fnt\n|faint|p2a: Rillaboom\n|\n|-heal|p1a: Ogerpon|44\/100|[from] Grassy Terrain\n|-end|p1a: Ogerpon|Magma Storm|[partiallytrapped]|[silent]\n|upkeep\n|\n|t:|1700540316\n|switch|p2a: Cinderace|Cinderace, F|76\/100\n|turn|39\n|\n|t:|1700540321\n|switch|p1a: Zamazenta|Zamazenta|76\/100\n|move|p2a: Cinderace|Pyro Ball|p1a: Zamazenta\n|-crit|p1a: Zamazenta\n|-damage|p1a: Zamazenta|16\/100\n|-status|p1a: Zamazenta|brn\n|\n|-heal|p1a: Zamazenta|22\/100 brn|[from] Grassy Terrain\n|-heal|p2a: Cinderace|82\/100|[from] Grassy Terrain\n|-damage|p1a: Zamazenta|16\/100 brn|[from] brn\n|upkeep\n|turn|40\n|c|\u2606Bub Testing|BRO\n|\n|t:|1700540333\n|move|p1a: Zamazenta|Close Combat|p2a: Cinderace\n|-damage|p2a: Cinderace|49\/100\n|-unboost|p1a: Zamazenta|def|1\n|-unboost|p1a: Zamazenta|spd|1\n|move|p2a: Cinderace|Pyro Ball|p1a: Zamazenta\n|-damage|p1a: Zamazenta|0 fnt\n|faint|p1a: Zamazenta\n|\n|-heal|p2a: Cinderace|55\/100|[from] Grassy Terrain\n|upkeep\n|\n|t:|1700540336\n|switch|p1a: Gholdengo|Gholdengo, tera:Fairy|100\/100\n|turn|41\n|\n|t:|1700540339\n|move|p2a: Cinderace|Pyro Ball|p1a: Gholdengo\n|-damage|p1a: Gholdengo|68\/100\n|move|p1a: Gholdengo|Shadow Ball|p2a: Cinderace\n|-damage|p2a: Cinderace|16\/100\n|\n|-heal|p2a: Cinderace|22\/100|[from] Grassy Terrain\n|-heal|p1a: Gholdengo|74\/100|[from] Grassy Terrain\n|upkeep\n|turn|42\n|\n|t:|1700540346\n|move|p2a: Cinderace|Court Change|p2a: Cinderace\n|-start|p2a: Cinderace|typechange|Normal|[from] ability: Libero\n|-swapsideconditions\n|-activate|p2a: Cinderace|move: Court Change\n|move|p1a: Gholdengo|Recover|p1a: Gholdengo\n|-heal|p1a: Gholdengo|100\/100\n|\n|-heal|p2a: Cinderace|28\/100|[from] Grassy Terrain\n|upkeep\n|turn|43\n|\n|t:|1700540356\n|move|p2a: Cinderace|Pyro Ball|p1a: Gholdengo\n|-damage|p1a: Gholdengo|80\/100\n|-status|p1a: Gholdengo|brn\n|move|p1a: Gholdengo|Make It Rain|p2a: Cinderace\n|-damage|p2a: Cinderace|0 fnt\n|-unboost|p1a: Gholdengo|spa|1\n|faint|p2a: Cinderace\n|\n|-heal|p1a: Gholdengo|86\/100 brn|[from] Grassy Terrain\n|-damage|p1a: Gholdengo|80\/100 brn|[from] brn\n|upkeep\n|\n|t:|1700540362\n|switch|p2a: Heatran|Heatran, F|52\/100\n|turn|44\n|c|\u2606Bub Testing|you suck dick man\n|\n|t:|1700540371\n|switch|p1a: Ogerpon|Ogerpon-Wellspring, F|44\/100\n|-damage|p1a: Ogerpon|32\/100|[from] Stealth Rock\n|move|p2a: Heatran|Magma Storm|p1a: Ogerpon\n|-damage|p1a: Ogerpon|0 fnt\n|faint|p1a: Ogerpon\n|\n|-heal|p2a: Heatran|59\/100|[from] Grassy Terrain\n|-heal|p2a: Heatran|65\/100|[from] item: Leftovers\n|upkeep\n|\n|t:|1700540373\n|switch|p1a: Gholdengo|Gholdengo, tera:Fairy|80\/100 brn\n|-damage|p1a: Gholdengo|67\/100 brn|[from] Stealth Rock\n|turn|45\n|\n|t:|1700540377\n|move|p1a: Gholdengo|Nasty Plot|p1a: Gholdengo\n|-boost|p1a: Gholdengo|spa|2\n|move|p2a: Heatran|Magma Storm|p1a: Gholdengo\n|-damage|p1a: Gholdengo|26\/100 brn\n|-activate|p1a: Gholdengo|move: Magma Storm|[of] p2a: Heatran\n|\n|-heal|p1a: Gholdengo|32\/100 brn|[from] Grassy Terrain\n|-heal|p2a: Heatran|71\/100|[from] Grassy Terrain\n|-heal|p2a: Heatran|77\/100|[from] item: Leftovers\n|-damage|p1a: Gholdengo|26\/100 brn|[from] brn\n|-damage|p1a: Gholdengo|14\/100 brn|[from] move: Magma Storm|[partiallytrapped]\n|-fieldend|move: Grassy Terrain\n|upkeep\n|turn|46\n|\n|t:|1700540382\n|move|p1a: Gholdengo|Shadow Ball|p2a: Heatran\n|-crit|p2a: Heatran\n|-damage|p2a: Heatran|5\/100\n|move|p2a: Heatran|Magma Storm|p1a: Gholdengo\n|-damage|p1a: Gholdengo|0 fnt\n|faint|p1a: Gholdengo\n|\n|win|mikejohns\n|raw|Bub Testing's rating: 1506 &rarr; <strong>1484<\/strong><br \/>(-22 for losing)\n|raw|mikejohns's rating: 1472 &rarr; <strong>1494<\/strong><br \/>(+22 for winning)\n","uploadtime":1700540366,"views":12,"p1id":"bubtesting","p2id":"mikejohns","formatid":"gen9ou","rating":1484,"private":0,"password":""}