{"id":"gen9ou-1993218556","p1":"nba baltoy","p2":"Yurmomsmom","format":"[Gen 9] OU","log":"|j|\u2606nba baltoy\n|j|\u2606Yurmomsmom\n|t:|1700279592\n|gametype|singles\n|player|p1|nba baltoy|shauntal|1656\n|player|p2|Yurmomsmom|1|1712\n|teamsize|p1|6\n|teamsize|p2|6\n|gen|9\n|tier|[Gen 9] OU\n|rated|\n|rule|Sleep Clause Mod: Limit one foe put to sleep\n|rule|Species Clause: Limit one of each Pok\u00e9mon\n|rule|OHKO Clause: OHKO moves are banned\n|rule|Evasion Items Clause: Evasion items are banned\n|rule|Evasion Moves Clause: Evasion moves are banned\n|rule|Endless Battle Clause: Forcing endless battles is banned\n|rule|HP Percentage Mod: HP is shown in percentages\n|clearpoke\n|poke|p1|Hoopa-Unbound|\n|poke|p1|Skeledirge, F|\n|poke|p1|Enamorus, F|\n|poke|p1|Great Tusk|\n|poke|p1|Wo-Chien|\n|poke|p1|Heatran, F|\n|poke|p2|Garganacl, F|\n|poke|p2|Great Tusk|\n|poke|p2|Gholdengo|\n|poke|p2|Iron Valiant|\n|poke|p2|Dragonite, F|\n|poke|p2|Zapdos|\n|teampreview\n|inactive|Battle timer is ON: inactive players will automatically lose when time's up. (requested by nba baltoy)\n|\n|t:|1700279611\n|start\n|switch|p1a: Wo-Chien|Wo-Chien|100\/100\n|switch|p2a: Great Tusk|Great Tusk|100\/100\n|-ability|p1a: Wo-Chien|Tablets of Ruin\n|turn|1\n|\n|t:|1700279620\n|-end|p2a: Great Tusk|Protosynthesis|[silent]\n|switch|p2a: Zapdos|Zapdos|100\/100\n|switch|p1a: Enamorus|Enamorus, F|100\/100\n|\n|upkeep\n|turn|2\n|\n|t:|1700279625\n|switch|p1a: Heatran|Heatran, F|100\/100\n|move|p2a: Zapdos|Discharge|p1a: Heatran\n|-damage|p1a: Heatran|70\/100\n|\n|-heal|p1a: Heatran|76\/100|[from] item: Leftovers\n|upkeep\n|turn|3\n|\n|t:|1700279630\n|move|p1a: Heatran|Stealth Rock|p2a: Zapdos\n|-sidestart|p2: Yurmomsmom|move: Stealth Rock\n|move|p2a: Zapdos|Discharge|p1a: Heatran\n|-damage|p1a: Heatran|43\/100\n|\n|-heal|p1a: Heatran|49\/100|[from] item: Leftovers\n|upkeep\n|turn|4\n|\n|t:|1700279637\n|move|p1a: Heatran|Magma Storm|p2a: Zapdos\n|-damage|p2a: Zapdos|65\/100\n|-activate|p2a: Zapdos|move: Magma Storm|[of] p1a: Heatran\n|move|p2a: Zapdos|Discharge|p1a: Heatran\n|-damage|p1a: Heatran|18\/100\n|-status|p1a: Heatran|par\n|\n|-heal|p1a: Heatran|24\/100 par|[from] item: Leftovers\n|-damage|p2a: Zapdos|53\/100|[from] move: Magma Storm|[partiallytrapped]\n|upkeep\n|turn|5\n|\n|t:|1700279647\n|move|p2a: Zapdos|Discharge|p1a: Heatran\n|-damage|p1a: Heatran|0 fnt\n|faint|p1a: Heatran\n|\n|-end|p2a: Zapdos|Magma Storm|[partiallytrapped]|[silent]\n|upkeep\n|\n|t:|1700279669\n|switch|p1a: Wo-Chien|Wo-Chien|100\/100\n|-ability|p1a: Wo-Chien|Tablets of Ruin\n|turn|6\n|\n|t:|1700279672\n|move|p2a: Zapdos|Roost|p2a: Zapdos\n|-heal|p2a: Zapdos|100\/100\n|-singleturn|p2a: Zapdos|move: Roost\n|move|p1a: Wo-Chien|Leech Seed|p2a: Zapdos\n|-start|p2a: Zapdos|move: Leech Seed\n|\n|-damage|p2a: Zapdos|88\/100|[from] Leech Seed|[of] p1a: Wo-Chien\n|upkeep\n|turn|7\n|\n|t:|1700279677\n|move|p2a: Zapdos|Hurricane|p1a: Wo-Chien\n|-supereffective|p1a: Wo-Chien\n|-damage|p1a: Wo-Chien|49\/100\n|-start|p1a: Wo-Chien|confusion\n|-activate|p1a: Wo-Chien|confusion\n|move|p1a: Wo-Chien|Knock Off|p2a: Zapdos\n|-damage|p2a: Zapdos|61\/100\n|-status|p1a: Wo-Chien|par|[from] ability: Static|[of] p2a: Zapdos\n|-enditem|p2a: Zapdos|Heavy-Duty Boots|[from] move: Knock Off|[of] p1a: Wo-Chien\n|\n|-heal|p1a: Wo-Chien|55\/100 par|[from] item: Leftovers\n|-damage|p2a: Zapdos|48\/100|[from] Leech Seed|[of] p1a: Wo-Chien\n|-heal|p1a: Wo-Chien|68\/100 par|[silent]\n|upkeep\n|turn|8\n|\n|t:|1700279694\n|switch|p1a: Hoopa|Hoopa-Unbound|100\/100\n|move|p2a: Zapdos|Roost|p2a: Zapdos\n|-heal|p2a: Zapdos|98\/100\n|-singleturn|p2a: Zapdos|move: Roost\n|\n|-damage|p2a: Zapdos|86\/100|[from] Leech Seed|[of] p1a: Hoopa\n|upkeep\n|turn|9\n|\n|t:|1700279706\n|move|p1a: Hoopa|Ice Punch|p2a: Zapdos\n|-supereffective|p2a: Zapdos\n|-damage|p2a: Zapdos|29\/100\n|-status|p1a: Hoopa|par|[from] ability: Static|[of] p2a: Zapdos\n|move|p2a: Zapdos|Discharge|p1a: Hoopa\n|-crit|p1a: Hoopa\n|-damage|p1a: Hoopa|71\/100 par\n|\n|-damage|p2a: Zapdos|16\/100|[from] Leech Seed|[of] p1a: Hoopa\n|-heal|p1a: Hoopa|87\/100 par|[silent]\n|upkeep\n|turn|10\n|\n|t:|1700279713\n|move|p2a: Zapdos|Roost|p2a: Zapdos\n|-heal|p2a: Zapdos|66\/100\n|-singleturn|p2a: Zapdos|move: Roost\n|move|p1a: Hoopa|Ice Punch|p2a: Zapdos\n|-damage|p2a: Zapdos|33\/100\n|-status|p2a: Zapdos|frz\n|\n|-damage|p2a: Zapdos|20\/100 frz|[from] Leech Seed|[of] p1a: Hoopa\n|-heal|p1a: Hoopa|100\/100 par|[silent]\n|upkeep\n|turn|11\n|\n|t:|1700279725\n|cant|p2a: Zapdos|frz\n|move|p1a: Hoopa|Knock Off|p2a: Zapdos\n|-damage|p2a: Zapdos|0 fnt\n|faint|p2a: Zapdos\n|\n|upkeep\n|\n|t:|1700279732\n|switch|p2a: Garganacl|Garganacl, F|100\/100\n|-damage|p2a: Garganacl|88\/100|[from] Stealth Rock\n|turn|12\n|\n|t:|1700279740\n|switch|p1a: Wo-Chien|Wo-Chien|68\/100 par\n|-ability|p1a: Wo-Chien|Tablets of Ruin\n|move|p2a: Garganacl|Salt Cure|p1a: Wo-Chien\n|-damage|p1a: Wo-Chien|58\/100 par\n|-start|p1a: Wo-Chien|Salt Cure\n|\n|-heal|p2a: Garganacl|94\/100|[from] item: Leftovers\n|-heal|p1a: Wo-Chien|64\/100 par|[from] item: Leftovers\n|-damage|p1a: Wo-Chien|52\/100 par|[from] Salt Cure\n|upkeep\n|turn|13\n|\n|t:|1700279757\n|switch|p2a: Great Tusk|Great Tusk|100\/100\n|move|p1a: Wo-Chien|Leech Seed|p2a: Great Tusk\n|-start|p2a: Great Tusk|move: Leech Seed\n|\n|-heal|p1a: Wo-Chien|58\/100 par|[from] item: Leftovers\n|-damage|p2a: Great Tusk|88\/100|[from] Leech Seed|[of] p1a: Wo-Chien\n|-heal|p1a: Wo-Chien|71\/100 par|[silent]\n|-damage|p1a: Wo-Chien|58\/100 par|[from] Salt Cure\n|upkeep\n|turn|14\n|\n|t:|1700279775\n|-end|p2a: Great Tusk|Protosynthesis|[silent]\n|switch|p2a: Iron Valiant|Iron Valiant|100\/100\n|switch|p1a: Great Tusk|Great Tusk|100\/100\n|\n|upkeep\n|turn|15\n|\n|t:|1700279794\n|-end|p1a: Great Tusk|Protosynthesis|[silent]\n|switch|p1a: Hoopa|Hoopa-Unbound|100\/100 par\n|move|p2a: Iron Valiant|Knock Off|p1a: Hoopa\n|-damage|p1a: Hoopa|48\/100 par\n|-enditem|p1a: Hoopa|Assault Vest|[from] move: Knock Off|[of] p2a: Iron Valiant\n|\n|upkeep\n|turn|16\n|\n|t:|1700279804\n|-end|p2a: Iron Valiant|Quark Drive|[silent]\n|switch|p2a: Garganacl|Garganacl, F|94\/100\n|-damage|p2a: Garganacl|82\/100|[from] Stealth Rock\n|cant|p1a: Hoopa|par\n|\n|-heal|p2a: Garganacl|88\/100|[from] item: Leftovers\n|upkeep\n|turn|17\n|\n|t:|1700279811\n|move|p1a: Hoopa|Knock Off|p2a: Garganacl\n|-damage|p2a: Garganacl|57\/100\n|-enditem|p2a: Garganacl|Leftovers|[from] move: Knock Off|[of] p1a: Hoopa\n|move|p2a: Garganacl|Salt Cure|p1a: Hoopa\n|-damage|p1a: Hoopa|25\/100 par\n|-start|p1a: Hoopa|Salt Cure\n|\n|-damage|p1a: Hoopa|13\/100 par|[from] Salt Cure\n|upkeep\n|turn|18\n|\n|t:|1700279818\n|move|p1a: Hoopa|Drain Punch|p2a: Garganacl\n|-supereffective|p2a: Garganacl\n|-damage|p2a: Garganacl|23\/100\n|-heal|p1a: Hoopa|36\/100 par|[from] drain|[of] p2a: Garganacl\n|move|p2a: Garganacl|Recover|p2a: Garganacl\n|-heal|p2a: Garganacl|73\/100\n|\n|-damage|p1a: Hoopa|24\/100 par|[from] Salt Cure\n|upkeep\n|turn|19\n|\n|t:|1700279827\n|switch|p1a: Wo-Chien|Wo-Chien|58\/100 par\n|-ability|p1a: Wo-Chien|Tablets of Ruin\n|move|p2a: Garganacl|Curse|p2a: Garganacl\n|-unboost|p2a: Garganacl|spe|1\n|-boost|p2a: Garganacl|atk|1\n|-boost|p2a: Garganacl|def|1\n|\n|-heal|p1a: Wo-Chien|64\/100 par|[from] item: Leftovers\n|upkeep\n|turn|20\n|\n|t:|1700279831\n|move|p1a: Wo-Chien|Leech Seed|p2a: Garganacl\n|-start|p2a: Garganacl|move: Leech Seed\n|move|p2a: Garganacl|Salt Cure|p1a: Wo-Chien\n|-damage|p1a: Wo-Chien|50\/100 par\n|-start|p1a: Wo-Chien|Salt Cure\n|\n|-heal|p1a: Wo-Chien|57\/100 par|[from] item: Leftovers\n|-damage|p2a: Garganacl|60\/100|[from] Leech Seed|[of] p1a: Wo-Chien\n|-heal|p1a: Wo-Chien|70\/100 par|[silent]\n|-damage|p1a: Wo-Chien|58\/100 par|[from] Salt Cure\n|upkeep\n|turn|21\n|\n|t:|1700279835\n|move|p1a: Wo-Chien|Ruination|p2a: Garganacl\n|-damage|p2a: Garganacl|30\/100\n|move|p2a: Garganacl|Recover|p2a: Garganacl\n|-heal|p2a: Garganacl|80\/100\n|\n|-heal|p1a: Wo-Chien|64\/100 par|[from] item: Leftovers\n|-damage|p2a: Garganacl|68\/100|[from] Leech Seed|[of] p1a: Wo-Chien\n|-heal|p1a: Wo-Chien|77\/100 par|[silent]\n|-damage|p1a: Wo-Chien|65\/100 par|[from] Salt Cure\n|upkeep\n|turn|22\n|\n|t:|1700279841\n|switch|p2a: Iron Valiant|Iron Valiant|100\/100\n|cant|p1a: Wo-Chien|par\n|\n|-heal|p1a: Wo-Chien|71\/100 par|[from] item: Leftovers\n|-damage|p1a: Wo-Chien|59\/100 par|[from] Salt Cure\n|upkeep\n|turn|23\n|\n|t:|1700279846\n|switch|p1a: Hoopa|Hoopa-Unbound|24\/100 par\n|move|p2a: Iron Valiant|Knock Off|p1a: Hoopa\n|-damage|p1a: Hoopa|0 fnt\n|faint|p1a: Hoopa\n|\n|upkeep\n|\n|t:|1700279850\n|switch|p1a: Enamorus|Enamorus, F|100\/100\n|turn|24\n|\n|t:|1700279866\n|-end|p2a: Iron Valiant|Quark Drive|[silent]\n|switch|p2a: Gholdengo|Gholdengo|100\/100\n|-damage|p2a: Gholdengo|94\/100|[from] Stealth Rock\n|-item|p2a: Gholdengo|Air Balloon\n|move|p1a: Enamorus|Moonblast|p2a: Gholdengo\n|-resisted|p2a: Gholdengo\n|-damage|p2a: Gholdengo|68\/100\n|-enditem|p2a: Gholdengo|Air Balloon\n|\n|upkeep\n|turn|25\n|\n|t:|1700279877\n|switch|p1a: Wo-Chien|Wo-Chien|59\/100 par\n|-ability|p1a: Wo-Chien|Tablets of Ruin\n|move|p2a: Gholdengo|Recover|p2a: Gholdengo\n|-heal|p2a: Gholdengo|100\/100\n|\n|-heal|p1a: Wo-Chien|65\/100 par|[from] item: Leftovers\n|upkeep\n|turn|26\n|\n|t:|1700279903\n|switch|p2a: Iron Valiant|Iron Valiant|100\/100\n|cant|p1a: Wo-Chien|par\n|\n|-heal|p1a: Wo-Chien|71\/100 par|[from] item: Leftovers\n|upkeep\n|turn|27\n|\n|t:|1700279914\n|switch|p1a: Skeledirge|Skeledirge, F|100\/100\n|move|p2a: Iron Valiant|Knock Off|p1a: Skeledirge\n|-supereffective|p1a: Skeledirge\n|-damage|p1a: Skeledirge|68\/100\n|-enditem|p1a: Skeledirge|Heavy-Duty Boots|[from] move: Knock Off|[of] p2a: Iron Valiant\n|\n|upkeep\n|turn|28\n|\n|t:|1700279924\n|-end|p2a: Iron Valiant|Quark Drive|[silent]\n|switch|p2a: Garganacl|Garganacl, F|68\/100\n|-damage|p2a: Garganacl|56\/100|[from] Stealth Rock\n|move|p1a: Skeledirge|Torch Song|p2a: Garganacl\n|-resisted|p2a: Garganacl\n|-damage|p2a: Garganacl|43\/100\n|-boost|p1a: Skeledirge|spa|1\n|\n|upkeep\n|turn|29\n|\n|t:|1700279936\n|switch|p1a: Wo-Chien|Wo-Chien|71\/100 par\n|-ability|p1a: Wo-Chien|Tablets of Ruin\n|move|p2a: Garganacl|Salt Cure|p1a: Wo-Chien\n|-damage|p1a: Wo-Chien|61\/100 par\n|-start|p1a: Wo-Chien|Salt Cure\n|\n|-heal|p1a: Wo-Chien|67\/100 par|[from] item: Leftovers\n|-damage|p1a: Wo-Chien|55\/100 par|[from] Salt Cure\n|upkeep\n|turn|30\n|\n|t:|1700279944\n|move|p2a: Garganacl|Recover|p2a: Garganacl\n|-heal|p2a: Garganacl|93\/100\n|move|p1a: Wo-Chien|Leech Seed|p2a: Garganacl\n|-start|p2a: Garganacl|move: Leech Seed\n|\n|-heal|p1a: Wo-Chien|61\/100 par|[from] item: Leftovers\n|-damage|p2a: Garganacl|81\/100|[from] Leech Seed|[of] p1a: Wo-Chien\n|-heal|p1a: Wo-Chien|74\/100 par|[silent]\n|-damage|p1a: Wo-Chien|62\/100 par|[from] Salt Cure\n|upkeep\n|turn|31\n|\n|t:|1700279950\n|switch|p2a: Iron Valiant|Iron Valiant|100\/100\n|move|p1a: Wo-Chien|Ruination|p2a: Iron Valiant\n|-damage|p2a: Iron Valiant|51\/100\n|\n|-heal|p1a: Wo-Chien|68\/100 par|[from] item: Leftovers\n|-damage|p1a: Wo-Chien|56\/100 par|[from] Salt Cure\n|upkeep\n|turn|32\n|\n|t:|1700279964\n|-end|p2a: Iron Valiant|Quark Drive|[silent]\n|switch|p2a: Great Tusk|Great Tusk|88\/100\n|switch|p1a: Skeledirge|Skeledirge, F|68\/100\n|\n|upkeep\n|turn|33\n|\n|t:|1700279974\n|switch|p1a: Enamorus|Enamorus, F|100\/100\n|move|p2a: Great Tusk|Stealth Rock|p1a: Enamorus\n|-sidestart|p1: nba baltoy|move: Stealth Rock\n|\n|upkeep\n|turn|34\n|j| js sbsbsb\n|\n|t:|1700279982\n|-end|p2a: Great Tusk|Protosynthesis|[silent]\n|switch|p2a: Gholdengo|Gholdengo|100\/100\n|-damage|p2a: Gholdengo|94\/100|[from] Stealth Rock\n|move|p1a: Enamorus|Moonblast|p2a: Gholdengo\n|-resisted|p2a: Gholdengo\n|-crit|p2a: Gholdengo\n|-damage|p2a: Gholdengo|57\/100\n|\n|upkeep\n|turn|35\n|\n|t:|1700279993\n|switch|p1a: Wo-Chien|Wo-Chien|56\/100 par\n|-damage|p1a: Wo-Chien|43\/100 par|[from] Stealth Rock\n|-ability|p1a: Wo-Chien|Tablets of Ruin\n|move|p2a: Gholdengo|Recover|p2a: Gholdengo\n|-heal|p2a: Gholdengo|100\/100\n|\n|-heal|p1a: Wo-Chien|49\/100 par|[from] item: Leftovers\n|upkeep\n|turn|36\n|\n|t:|1700279999\n|switch|p2a: Iron Valiant|Iron Valiant|51\/100\n|move|p1a: Wo-Chien|Knock Off|p2a: Iron Valiant\n|-resisted|p2a: Iron Valiant\n|-damage|p2a: Iron Valiant|42\/100\n|-enditem|p2a: Iron Valiant|Heavy-Duty Boots|[from] move: Knock Off|[of] p1a: Wo-Chien\n|\n|-heal|p1a: Wo-Chien|56\/100 par|[from] item: Leftovers\n|upkeep\n|turn|37\n|j| Roshino\n|inactive|nba baltoy has 120 seconds left.\n|\n|t:|1700280039\n|-terastallize|p1a: Wo-Chien|Poison\n|move|p2a: Iron Valiant|Knock Off|p1a: Wo-Chien\n|-damage|p1a: Wo-Chien|37\/100 par\n|-enditem|p1a: Wo-Chien|Leftovers|[from] move: Knock Off|[of] p2a: Iron Valiant\n|cant|p1a: Wo-Chien|par\n|\n|upkeep\n|turn|38\n|\n|t:|1700280050\n|-end|p2a: Iron Valiant|Quark Drive|[silent]\n|switch|p2a: Gholdengo|Gholdengo|100\/100\n|-damage|p2a: Gholdengo|94\/100|[from] Stealth Rock\n|cant|p1a: Wo-Chien|par\n|\n|upkeep\n|turn|39\n|inactive|nba baltoy has 120 seconds left.\n|\n|t:|1700280061\n|move|p2a: Gholdengo|Nasty Plot|p2a: Gholdengo\n|-boost|p2a: Gholdengo|spa|2\n|cant|p1a: Wo-Chien|par\n|\n|upkeep\n|turn|40\n|\n|t:|1700280069\n|move|p2a: Gholdengo|Shadow Ball|p1a: Wo-Chien\n|-damage|p1a: Wo-Chien|1\/100 par\n|move|p1a: Wo-Chien|Knock Off|p2a: Gholdengo\n|-supereffective|p2a: Gholdengo\n|-damage|p2a: Gholdengo|68\/100\n|\n|upkeep\n|turn|41\n|\n|t:|1700280077\n|move|p2a: Gholdengo|Recover|p2a: Gholdengo\n|-heal|p2a: Gholdengo|100\/100\n|move|p1a: Wo-Chien|Leech Seed|p2a: Gholdengo\n|-immune|p2a: Gholdengo|[from] ability: Good as Gold\n|\n|upkeep\n|turn|42\n|\n|t:|1700280079\n|move|p2a: Gholdengo|Shadow Ball|p1a: Wo-Chien\n|-damage|p1a: Wo-Chien|0 fnt\n|faint|p1a: Wo-Chien\n|\n|upkeep\n|\n|t:|1700280088\n|switch|p1a: Great Tusk|Great Tusk|100\/100\n|-damage|p1a: Great Tusk|98\/100|[from] Stealth Rock\n|turn|43\n|\n|t:|1700280101\n|switch|p2a: Dragonite|Dragonite, F|100\/100\n|move|p1a: Great Tusk|Ice Spinner|p2a: Dragonite\n|-supereffective|p2a: Dragonite\n|-damage|p2a: Dragonite|53\/100\n|\n|upkeep\n|turn|44\n|\n|t:|1700280115\n|move|p1a: Great Tusk|Rapid Spin|p2a: Dragonite\n|-damage|p2a: Dragonite|37\/100\n|-boost|p1a: Great Tusk|spe|1\n|-sideend|p1: nba baltoy|Stealth Rock|[from] move: Rapid Spin|[of] p1a: Great Tusk\n|move|p2a: Dragonite|Ice Spinner|p1a: Great Tusk\n|-supereffective|p1a: Great Tusk\n|-damage|p1a: Great Tusk|57\/100\n|-damage|p2a: Dragonite|20\/100|[from] item: Rocky Helmet|[of] p1a: Great Tusk\n|\n|upkeep\n|turn|45\n|\n|t:|1700280120\n|move|p2a: Dragonite|Extreme Speed|p1a: Great Tusk\n|-damage|p1a: Great Tusk|39\/100\n|-damage|p2a: Dragonite|4\/100|[from] item: Rocky Helmet|[of] p1a: Great Tusk\n|move|p1a: Great Tusk|Bulk Up|p1a: Great Tusk\n|-boost|p1a: Great Tusk|atk|1\n|-boost|p1a: Great Tusk|def|1\n|\n|upkeep\n|turn|46\n|\n|t:|1700280132\n|move|p1a: Great Tusk|Rapid Spin|p2a: Dragonite\n|-crit|p2a: Dragonite\n|-damage|p2a: Dragonite|0 fnt\n|-boost|p1a: Great Tusk|spe|1\n|faint|p2a: Dragonite\n|\n|upkeep\n|\n|t:|1700280136\n|switch|p2a: Great Tusk|Great Tusk|88\/100\n|turn|47\n|\n|t:|1700280149\n|move|p1a: Great Tusk|Ice Spinner|p2a: Great Tusk\n|-supereffective|p2a: Great Tusk\n|-damage|p2a: Great Tusk|35\/100\n|move|p2a: Great Tusk|Ice Spinner|p1a: Great Tusk\n|-supereffective|p1a: Great Tusk\n|-damage|p1a: Great Tusk|13\/100\n|-damage|p2a: Great Tusk|19\/100|[from] item: Rocky Helmet|[of] p1a: Great Tusk\n|\n|upkeep\n|turn|48\n|j| SwabbyYabby\n|\n|t:|1700280153\n|move|p1a: Great Tusk|Ice Spinner|p2a: Great Tusk\n|-supereffective|p2a: Great Tusk\n|-crit|p2a: Great Tusk\n|-damage|p2a: Great Tusk|0 fnt\n|faint|p2a: Great Tusk\n|-end|p2a: Great Tusk|Protosynthesis|[silent]\n|\n|upkeep\n|c|\u2606nba baltoy|why we got an audience >.<\n|\n|t:|1700280178\n|switch|p2a: Gholdengo|Gholdengo|100\/100\n|-damage|p2a: Gholdengo|94\/100|[from] Stealth Rock\n|turn|49\n|\n|t:|1700280191\n|-terastallize|p2a: Gholdengo|Fairy\n|move|p1a: Great Tusk|Ice Spinner|p2a: Gholdengo\n|-damage|p2a: Gholdengo|71\/100\n|move|p2a: Gholdengo|Shadow Ball|p1a: Great Tusk\n|-damage|p1a: Great Tusk|0 fnt\n|faint|p1a: Great Tusk\n|-end|p1a: Great Tusk|Protosynthesis|[silent]\n|\n|upkeep\n|\n|t:|1700280199\n|switch|p1a: Enamorus|Enamorus, F|100\/100\n|turn|50\n|\n|t:|1700280214\n|switch|p1a: Skeledirge|Skeledirge, F|68\/100\n|move|p2a: Gholdengo|Make It Rain|p1a: Skeledirge\n|-resisted|p1a: Skeledirge\n|-damage|p1a: Skeledirge|40\/100\n|-unboost|p2a: Gholdengo|spa|1\n|\n|upkeep\n|turn|51\n|\n|t:|1700280221\n|move|p2a: Gholdengo|Shadow Ball|p1a: Skeledirge\n|-supereffective|p1a: Skeledirge\n|-damage|p1a: Skeledirge|0 fnt\n|faint|p1a: Skeledirge\n|\n|upkeep\n|\n|t:|1700280224\n|switch|p1a: Enamorus|Enamorus, F|100\/100\n|turn|52\n|\n|t:|1700280229\n|switch|p2a: Garganacl|Garganacl, F|81\/100\n|-damage|p2a: Garganacl|69\/100|[from] Stealth Rock\n|move|p1a: Enamorus|Moonblast|p2a: Garganacl\n|-damage|p2a: Garganacl|26\/100\n|\n|upkeep\n|turn|53\n|\n|t:|1700280231\n|move|p1a: Enamorus|Moonblast|p2a: Garganacl\n|-damage|p2a: Garganacl|0 fnt\n|faint|p2a: Garganacl\n|\n|upkeep\n|\n|t:|1700280233\n|switch|p2a: Iron Valiant|Iron Valiant|42\/100\n|-damage|p2a: Iron Valiant|36\/100|[from] Stealth Rock\n|turn|54\n|\n|t:|1700280235\n|move|p1a: Enamorus|Moonblast|p2a: Iron Valiant\n|-supereffective|p2a: Iron Valiant\n|-damage|p2a: Iron Valiant|0 fnt\n|faint|p2a: Iron Valiant\n|-end|p2a: Iron Valiant|Quark Drive|[silent]\n|\n|upkeep\n|c| Roshino|busy on 2nd screen, highest rating match that is open on the watch a battle menu pretty much\n|\n|t:|1700280238\n|switch|p2a: Gholdengo|Gholdengo, tera:Fairy|71\/100\n|-damage|p2a: Gholdengo|58\/100|[from] Stealth Rock\n|turn|55\n|\n|t:|1700280240\n|move|p1a: Enamorus|Moonblast|p2a: Gholdengo\n|-damage|p2a: Gholdengo|11\/100\n|move|p2a: Gholdengo|Make It Rain|p1a: Enamorus\n|-supereffective|p1a: Enamorus\n|-damage|p1a: Enamorus|0 fnt\n|-unboost|p2a: Gholdengo|spa|1\n|faint|p1a: Enamorus\n|\n|win|Yurmomsmom\n|raw|nba baltoy's rating: 1656 &rarr; <strong>1639<\/strong><br \/>(-17 for losing)\n|raw|Yurmomsmom's rating: 1712 &rarr; <strong>1729<\/strong><br \/>(+17 for winning)\n|c|\u2606nba baltoy|ggs\n|l|\u2606Yurmomsmom\n|c|\u2606nba baltoy|ooh cool\n|c|\u2606nba baltoy|no ggs? :\/\n","uploadtime":1700280318,"views":14,"p1id":"nbabaltoy","p2id":"yurmomsmom","formatid":"gen9ou","rating":1639,"private":0,"password":""}