{"id":"gen9ou-1991521693","p1":"JachiMalz","p2":"zicofool","format":"[Gen 9] OU","log":"|j|\u2606JachiMalz\n|j|\u2606zicofool\n|t:|1700084622\n|gametype|singles\n|player|p1|JachiMalz|clerk|1468\n|player|p2|zicofool|may-masters|1488\n|teamsize|p1|6\n|teamsize|p2|6\n|gen|9\n|tier|[Gen 9] OU\n|rated|\n|rule|Sleep Clause Mod: Limit one foe put to sleep\n|rule|Species Clause: Limit one of each Pok\u00e9mon\n|rule|OHKO Clause: OHKO moves are banned\n|rule|Evasion Items Clause: Evasion items are banned\n|rule|Evasion Moves Clause: Evasion moves are banned\n|rule|Endless Battle Clause: Forcing endless battles is banned\n|rule|HP Percentage Mod: HP is shown in percentages\n|clearpoke\n|poke|p1|Gholdengo|\n|poke|p1|Sandy Shocks|\n|poke|p1|Cinderace, F|\n|poke|p1|Enamorus, F|\n|poke|p1|Ogerpon-Cornerstone, F|\n|poke|p1|Torkoal, F|\n|poke|p2|Ogerpon-Cornerstone, F|\n|poke|p2|Pawmot, M|\n|poke|p2|Golem-Alola, M|\n|poke|p2|Maushold-Four|\n|poke|p2|Skeledirge, F|\n|poke|p2|Volcanion|\n|teampreview\n|inactive|Battle timer is ON: inactive players will automatically lose when time's up. (requested by JachiMalz)\n|\n|t:|1700084686\n|start\n|switch|p1a: Cinderace|Cinderace, F|100\/100\n|switch|p2a: Volcanion|Volcanion|100\/100\n|turn|1\n|\n|t:|1700084689\n|move|p1a: Cinderace|U-turn|p2a: Volcanion\n|-start|p1a: Cinderace|typechange|Bug|[from] ability: Libero\n|-resisted|p2a: Volcanion\n|-damage|p2a: Volcanion|86\/100\n|\n|t:|1700084691\n|switch|p1a: Torkoal|Torkoal, F|100\/100|[from] U-turn\n|-weather|SunnyDay|[from] ability: Drought|[of] p1a: Torkoal\n|move|p2a: Volcanion|Steam Eruption|p1a: Torkoal\n|-supereffective|p1a: Torkoal\n|-damage|p1a: Torkoal|30\/100\n|\n|-weather|SunnyDay|[upkeep]\n|upkeep\n|turn|2\n|\n|t:|1700084704\n|switch|p1a: Enamorus|Enamorus, F|100\/100\n|move|p2a: Volcanion|Steam Eruption|p1a: Enamorus\n|-damage|p1a: Enamorus|38\/100\n|\n|-weather|SunnyDay|[upkeep]\n|upkeep\n|turn|3\n|\n|t:|1700084711\n|move|p1a: Enamorus|Earth Power|p2a: Volcanion\n|-supereffective|p2a: Volcanion\n|-damage|p2a: Volcanion|26\/100\n|move|p2a: Volcanion|Steam Eruption|p1a: Enamorus\n|-damage|p1a: Enamorus|0 fnt\n|faint|p1a: Enamorus\n|\n|-weather|SunnyDay|[upkeep]\n|upkeep\n|\n|t:|1700084714\n|switch|p1a: Sandy Shocks|Sandy Shocks|100\/100\n|-activate|p1a: Sandy Shocks|ability: Protosynthesis\n|-start|p1a: Sandy Shocks|protosynthesisspe\n|turn|4\n|\n|t:|1700084721\n|switch|p2a: Pawmot|Pawmot, M|100\/100\n|move|p1a: Sandy Shocks|Earth Power|p2a: Pawmot\n|-supereffective|p2a: Pawmot\n|-damage|p2a: Pawmot|0 fnt\n|faint|p2a: Pawmot\n|\n|-weather|SunnyDay|[upkeep]\n|upkeep\n|\n|t:|1700084733\n|switch|p2a: Maushold|Maushold-Four|100\/100\n|turn|5\n|\n|t:|1700084737\n|move|p1a: Sandy Shocks|Thunder Wave|p2a: Maushold\n|-status|p2a: Maushold|par\n|cant|p2a: Maushold|par\n|\n|-weather|none\n|-end|p1a: Sandy Shocks|Protosynthesis\n|upkeep\n|turn|6\n|\n|t:|1700084744\n|move|p1a: Sandy Shocks|Thunderbolt|p2a: Maushold\n|-damage|p2a: Maushold|33\/100 par\n|move|p2a: Maushold|Tidy Up|p2a: Maushold\n|-boost|p2a: Maushold|atk|1\n|-boost|p2a: Maushold|spe|1\n|\n|upkeep\n|turn|7\n|\n|t:|1700084748\n|move|p1a: Sandy Shocks|Thunderbolt|p2a: Maushold\n|-damage|p2a: Maushold|0 fnt\n|faint|p2a: Maushold\n|\n|upkeep\n|\n|t:|1700084751\n|switch|p2a: Ogerpon|Ogerpon-Cornerstone, F|100\/100\n|turn|8\n|\n|t:|1700084757\n|move|p2a: Ogerpon|Trailblaze|p1a: Sandy Shocks\n|-supereffective|p1a: Sandy Shocks\n|-damage|p1a: Sandy Shocks|32\/100\n|-boost|p2a: Ogerpon|spe|1\n|move|p1a: Sandy Shocks|Thunder Wave|p2a: Ogerpon\n|-status|p2a: Ogerpon|par\n|\n|upkeep\n|turn|9\n|\n|t:|1700084762\n|-end|p1a: Sandy Shocks|Protosynthesis|[silent]\n|switch|p1a: Torkoal|Torkoal, F|30\/100\n|-weather|SunnyDay|[from] ability: Drought|[of] p1a: Torkoal\n|move|p2a: Ogerpon|Swords Dance|p2a: Ogerpon\n|-boost|p2a: Ogerpon|atk|2\n|\n|-weather|SunnyDay|[upkeep]\n|upkeep\n|turn|10\n|\n|t:|1700084770\n|move|p2a: Ogerpon|Knock Off|p1a: Torkoal\n|-damage|p1a: Torkoal|0 fnt\n|-enditem|p1a: Torkoal|Assault Vest|[from] move: Knock Off|[of] p2a: Ogerpon\n|faint|p1a: Torkoal\n|\n|-weather|SunnyDay|[upkeep]\n|upkeep\n|\n|t:|1700084773\n|switch|p1a: Cinderace|Cinderace, F|100\/100\n|turn|11\n|\n|t:|1700084789\n|-terastallize|p2a: Ogerpon|Rock\n|detailschange|p2a: Ogerpon|Ogerpon-Cornerstone-Tera, F, tera:Rock\n|-ability|p2a: Ogerpon|Embody Aspect (Cornerstone)|boost\n|-boost|p2a: Ogerpon|def|1\n|move|p1a: Cinderace|U-turn|p2a: Ogerpon\n|-start|p1a: Cinderace|typechange|Bug|[from] ability: Libero\n|-damage|p2a: Ogerpon|73\/100 par\n|\n|t:|1700084795\n|switch|p1a: Gholdengo|Gholdengo|100\/100|[from] U-turn\n|move|p2a: Ogerpon|Trailblaze|p1a: Gholdengo\n|-resisted|p1a: Gholdengo\n|-damage|p1a: Gholdengo|73\/100\n|-boost|p2a: Ogerpon|spe|1\n|\n|-weather|SunnyDay|[upkeep]\n|upkeep\n|turn|12\n|\n|t:|1700084800\n|move|p2a: Ogerpon|Knock Off|p1a: Gholdengo\n|-supereffective|p1a: Gholdengo\n|-damage|p1a: Gholdengo|0 fnt\n|-enditem|p1a: Gholdengo|Choice Specs|[from] move: Knock Off|[of] p2a: Ogerpon\n|faint|p1a: Gholdengo\n|\n|-weather|SunnyDay|[upkeep]\n|upkeep\n|\n|t:|1700084802\n|switch|p1a: Sandy Shocks|Sandy Shocks|32\/100\n|-activate|p1a: Sandy Shocks|ability: Protosynthesis\n|-start|p1a: Sandy Shocks|protosynthesisspe\n|turn|13\n|\n|t:|1700084805\n|move|p1a: Sandy Shocks|Earth Power|p2a: Ogerpon\n|-supereffective|p2a: Ogerpon\n|-damage|p2a: Ogerpon|0 fnt\n|faint|p2a: Ogerpon\n|\n|-weather|none\n|-end|p1a: Sandy Shocks|Protosynthesis\n|upkeep\n|\n|t:|1700084813\n|switch|p2a: Skeledirge|Skeledirge, F|100\/100\n|turn|14\n|\n|t:|1700084816\n|move|p1a: Sandy Shocks|Thunder Wave|p2a: Skeledirge\n|-status|p2a: Skeledirge|par\n|move|p2a: Skeledirge|Torch Song|p1a: Sandy Shocks\n|-damage|p1a: Sandy Shocks|0 fnt\n|-boost|p2a: Skeledirge|spa|1\n|faint|p1a: Sandy Shocks\n|-end|p1a: Sandy Shocks|Protosynthesis|[silent]\n|\n|upkeep\n|\n|t:|1700084819\n|switch|p1a: Ogerpon|Ogerpon-Cornerstone, F|100\/100\n|turn|15\n|\n|t:|1700084825\n|move|p1a: Ogerpon|Taunt|p2a: Skeledirge\n|-start|p2a: Skeledirge|move: Taunt\n|cant|p2a: Skeledirge|move: Taunt|Will-O-Wisp\n|\n|upkeep\n|turn|16\n|\n|t:|1700084830\n|move|p1a: Ogerpon|Ivy Cudgel|p2a: Skeledirge|[anim] Ivy Cudgel Rock\n|-supereffective|p2a: Skeledirge\n|-damage|p2a: Skeledirge|31\/100 par\n|move|p2a: Skeledirge|Torch Song|p1a: Ogerpon\n|-damage|p1a: Ogerpon|44\/100\n|-boost|p2a: Skeledirge|spa|1\n|\n|-heal|p2a: Skeledirge|37\/100 par|[from] item: Leftovers\n|upkeep\n|turn|17\n|\n|t:|1700084833\n|move|p1a: Ogerpon|Ivy Cudgel|p2a: Skeledirge|[anim] Ivy Cudgel Rock\n|-supereffective|p2a: Skeledirge\n|-crit|p2a: Skeledirge\n|-damage|p2a: Skeledirge|0 fnt\n|faint|p2a: Skeledirge\n|\n|upkeep\n|\n|t:|1700084836\n|switch|p2a: Golem|Golem-Alola, M|100\/100\n|turn|18\n|\n|t:|1700084844\n|switch|p1a: Cinderace|Cinderace, F|100\/100\n|move|p2a: Golem|Body Slam|p1a: Cinderace\n|-damage|p1a: Cinderace|19\/100\n|\n|upkeep\n|turn|19\n|\n|t:|1700084852\n|switch|p2a: Volcanion|Volcanion|26\/100\n|move|p1a: Cinderace|High Jump Kick|p2a: Volcanion\n|-start|p1a: Cinderace|typechange|Fighting|[from] ability: Libero\n|-damage|p2a: Volcanion|0 fnt\n|faint|p2a: Volcanion\n|\n|upkeep\n|\n|t:|1700084854\n|switch|p2a: Golem|Golem-Alola, M|100\/100\n|turn|20\n|\n|t:|1700084859\n|move|p1a: Cinderace|High Jump Kick|p2a: Golem\n|-supereffective|p2a: Golem\n|-damage|p2a: Golem|2\/100\n|move|p2a: Golem|Body Slam|p1a: Cinderace\n|-damage|p1a: Cinderace|0 fnt\n|faint|p1a: Cinderace\n|\n|upkeep\n|\n|t:|1700084862\n|switch|p1a: Ogerpon|Ogerpon-Cornerstone, F|44\/100\n|turn|21\n|-enditem|p2a: Golem|Custap Berry|[eat]\n|-activate|p2a: Golem|item: Custap Berry|[consumed]\n|\n|t:|1700084887\n|move|p2a: Golem|Stone Edge|p1a: Ogerpon\n|-damage|p1a: Ogerpon|0 fnt\n|faint|p1a: Ogerpon\n|\n|win|zicofool\n|raw|JachiMalz's rating: 1468 &rarr; <strong>1449<\/strong><br \/>(-19 for losing)\n|raw|zicofool's rating: 1488 &rarr; <strong>1507<\/strong><br \/>(+19 for winning)\n|l|\u2606JachiMalz\n","uploadtime":1700084901,"views":9,"p1id":"jachimalz","p2id":"zicofool","formatid":"gen9ou","rating":1449,"private":0,"password":""}