{"id":"gen9ou-1994786716","p1":"Jixel","p2":"Bio_Hazz","format":"[Gen 9] OU","log":"|j|\u2606Jixel\n|j|\u2606Bio_Hazz\n|t:|1700492678\n|gametype|singles\n|player|p1|Jixel|giovanni|\n|player|p2|Bio_Hazz|lucas|\n|teamsize|p1|6\n|teamsize|p2|6\n|gen|9\n|tier|[Gen 9] OU\n|rule|Sleep Clause Mod: Limit one foe put to sleep\n|rule|Species Clause: Limit one of each Pok\u00e9mon\n|rule|OHKO Clause: OHKO moves are banned\n|rule|Evasion Items Clause: Evasion items are banned\n|rule|Evasion Moves Clause: Evasion moves are banned\n|rule|Endless Battle Clause: Forcing endless battles is banned\n|rule|HP Percentage Mod: HP is shown in percentages\n|clearpoke\n|poke|p1|Dragapult, F|\n|poke|p1|Enamorus, F|\n|poke|p1|Crawdaunt, F|\n|poke|p1|Slowking-Galar, F|\n|poke|p1|Great Tusk|\n|poke|p1|Kingambit, M|\n|poke|p2|Iron Valiant|\n|poke|p2|Dragapult, M|\n|poke|p2|Garganacl, F|\n|poke|p2|Scizor, M|\n|poke|p2|Cinderace, M|\n|poke|p2|Iron Moth|\n|teampreview\n|c|\u2606Bio_Hazz|glhf\n|c|\u2606Jixel|you too\n|\n|t:|1700492707\n|start\n|switch|p1a: Great Tusk|Great Tusk|100\/100\n|switch|p2a: Scizor|Scizor, M|100\/100\n|turn|1\n|\n|t:|1700492744\n|move|p1a: Great Tusk|Stealth Rock|p2a: Scizor\n|-sidestart|p2: Bio_Hazz|move: Stealth Rock\n|move|p2a: Scizor|Dual Wingbeat|p1a: Great Tusk|[miss]\n|-miss|p2a: Scizor|p1a: Great Tusk\n|\n|upkeep\n|turn|2\n|c|\u2606Jixel|WOAH\n|c|\u2606Bio_Hazz|thats a bad start\n|c|\u2606Jixel|that scared me homie\n|\n|t:|1700492770\n|move|p1a: Great Tusk|Earthquake|p2a: Scizor\n|-damage|p2a: Scizor|60\/100\n|move|p2a: Scizor|Swords Dance|p2a: Scizor\n|-boost|p2a: Scizor|atk|2\n|\n|upkeep\n|turn|3\n|c|\u2606Bio_Hazz|if it would have hit it would have beem scarier\n|\n|t:|1700492781\n|move|p1a: Great Tusk|Earthquake|p2a: Scizor\n|-crit|p2a: Scizor\n|-damage|p2a: Scizor|0 fnt\n|faint|p2a: Scizor\n|\n|upkeep\n|c|\u2606Jixel|okay\n|c|\u2606Jixel|I don't deserve that\n|c|\u2606Bio_Hazz|my luck is trash\n|\n|t:|1700492801\n|switch|p2a: Iron Valiant|Iron Valiant|100\/100\n|-damage|p2a: Iron Valiant|94\/100|[from] Stealth Rock\n|-enditem|p2a: Iron Valiant|Booster Energy\n|-activate|p2a: Iron Valiant|ability: Quark Drive|[fromitem]\n|-start|p2a: Iron Valiant|quarkdrivespe\n|turn|4\n|c|\u2606Jixel|I am so sorry\n|\n|t:|1700492812\n|-end|p1a: Great Tusk|Protosynthesis|[silent]\n|switch|p1a: Slowking|Slowking-Galar, F|100\/100\n|move|p2a: Iron Valiant|Swords Dance|p2a: Iron Valiant\n|-boost|p2a: Iron Valiant|atk|2\n|\n|upkeep\n|turn|5\n|\n|t:|1700492818\n|-terastallize|p1a: Slowking|Dark\n|move|p2a: Iron Valiant|Knock Off|p1a: Slowking\n|-resisted|p1a: Slowking\n|-damage|p1a: Slowking|67\/100\n|-enditem|p1a: Slowking|Leftovers|[from] move: Knock Off|[of] p2a: Iron Valiant\n|move|p1a: Slowking|Sludge Bomb|p2a: Iron Valiant\n|-supereffective|p2a: Iron Valiant\n|-damage|p2a: Iron Valiant|0 fnt\n|faint|p2a: Iron Valiant\n|-end|p2a: Iron Valiant|Quark Drive|[silent]\n|\n|upkeep\n|\n|t:|1700492836\n|switch|p2a: Cinderace|Cinderace, M|100\/100\n|turn|6\n|\n|t:|1700492843\n|move|p2a: Cinderace|U-turn|p1a: Slowking\n|-start|p2a: Cinderace|typechange|Bug|[from] ability: Libero\n|-supereffective|p1a: Slowking\n|-damage|p1a: Slowking|0 fnt\n|faint|p1a: Slowking\n|\n|t:|1700492848\n|switch|p2a: Iron Moth|Iron Moth|100\/100|[from] U-turn\n|-damage|p2a: Iron Moth|76\/100|[from] Stealth Rock\n|\n|upkeep\n|\n|t:|1700492861\n|switch|p1a: Crawdaunt|Crawdaunt, F|100\/100\n|turn|7\n|\n|t:|1700492882\n|move|p1a: Crawdaunt|Aqua Jet|p2a: Iron Moth\n|-supereffective|p2a: Iron Moth\n|-damage|p2a: Iron Moth|0 fnt\n|faint|p2a: Iron Moth\n|-end|p2a: Iron Moth|Quark Drive|[silent]\n|\n|upkeep\n|c|\u2606Bio_Hazz|hoping you didnd aquea\n|\n|t:|1700492895\n|switch|p2a: Dragapult|Dragapult, M|100\/100\n|-damage|p2a: Dragapult|88\/100|[from] Stealth Rock\n|turn|8\n|c|\u2606Jixel|dang\n|\n|t:|1700492908\n|switch|p1a: Kingambit|Kingambit, M|100\/100\n|-activate|p1a: Kingambit|ability: Supreme Overlord\n|-start|p1a: Kingambit|fallen1|[silent]\n|move|p2a: Dragapult|U-turn|p1a: Kingambit\n|-damage|p1a: Kingambit|87\/100\n|c|\u2606Bio_Hazz|thats start ruined me\n|\n|t:|1700492915\n|switch|p2a: Cinderace|Cinderace, M|100\/100|[from] U-turn\n|\n|-heal|p1a: Kingambit|93\/100|[from] item: Leftovers\n|upkeep\n|turn|9\n|\n|t:|1700492924\n|-end|p1a: Kingambit|fallen1|[silent]\n|switch|p1a: Great Tusk|Great Tusk|100\/100\n|move|p2a: Cinderace|High Jump Kick|p1a: Great Tusk\n|-start|p2a: Cinderace|typechange|Fighting|[from] ability: Libero\n|-damage|p1a: Great Tusk|70\/100\n|\n|-heal|p1a: Great Tusk|76\/100|[from] item: Leftovers\n|upkeep\n|turn|10\n|\n|t:|1700492937\n|move|p2a: Cinderace|U-turn|p1a: Great Tusk\n|-resisted|p1a: Great Tusk\n|-damage|p1a: Great Tusk|71\/100\n|\n|t:|1700492939\n|switch|p2a: Dragapult|Dragapult, M|88\/100|[from] U-turn\n|-damage|p2a: Dragapult|76\/100|[from] Stealth Rock\n|move|p1a: Great Tusk|Knock Off|p2a: Dragapult\n|-supereffective|p2a: Dragapult\n|-damage|p2a: Dragapult|0 fnt\n|-enditem|p2a: Dragapult|Choice Specs|[from] move: Knock Off|[of] p1a: Great Tusk\n|faint|p2a: Dragapult\n|\n|-heal|p1a: Great Tusk|77\/100|[from] item: Leftovers\n|upkeep\n|\n|t:|1700492945\n|switch|p2a: Garganacl|Garganacl, F|100\/100\n|-damage|p2a: Garganacl|88\/100|[from] Stealth Rock\n|turn|11\n|\n|t:|1700492957\n|move|p1a: Great Tusk|Earthquake|p2a: Garganacl\n|-supereffective|p2a: Garganacl\n|-damage|p2a: Garganacl|46\/100\n|move|p2a: Garganacl|Avalanche|p1a: Great Tusk\n|-supereffective|p1a: Great Tusk\n|-damage|p1a: Great Tusk|52\/100\n|\n|-heal|p1a: Great Tusk|58\/100|[from] item: Leftovers\n|-heal|p2a: Garganacl|52\/100|[from] item: Leftovers\n|upkeep\n|turn|12\n|\n|t:|1700492969\n|-end|p1a: Great Tusk|Protosynthesis|[silent]\n|switch|p1a: Crawdaunt|Crawdaunt, F|100\/100\n|move|p2a: Garganacl|Recover|p2a: Garganacl\n|-heal|p2a: Garganacl|100\/100\n|\n|upkeep\n|turn|13\n|\n|t:|1700492975\n|move|p1a: Crawdaunt|Crabhammer|p2a: Garganacl\n|-supereffective|p2a: Garganacl\n|-damage|p2a: Garganacl|0 fnt\n|faint|p2a: Garganacl\n|\n|upkeep\n|\n|t:|1700492978\n|switch|p2a: Cinderace|Cinderace, M|100\/100\n|turn|14\n|\n|t:|1700492983\n|switch|p1a: Kingambit|Kingambit, M|93\/100\n|-activate|p1a: Kingambit|ability: Supreme Overlord\n|-start|p1a: Kingambit|fallen1|[silent]\n|move|p2a: Cinderace|U-turn|p1a: Kingambit\n|-start|p2a: Cinderace|typechange|Bug|[from] ability: Libero\n|-damage|p1a: Kingambit|68\/100\n|\n|-heal|p1a: Kingambit|74\/100|[from] item: Leftovers\n|upkeep\n|turn|15\n|\n|t:|1700492990\n|move|p1a: Kingambit|Sucker Punch|p2a: Cinderace\n|-damage|p2a: Cinderace|35\/100\n|move|p2a: Cinderace|High Jump Kick|p1a: Kingambit\n|-supereffective|p1a: Kingambit\n|-damage|p1a: Kingambit|0 fnt\n|faint|p1a: Kingambit\n|-end|p1a: Kingambit|fallen1|[silent]\n|\n|upkeep\n|\n|t:|1700493009\n|switch|p1a: Dragapult|Dragapult, F|100\/100\n|turn|16\n|c|\u2606Bio_Hazz|gg\n|\n|t:|1700493016\n|move|p1a: Dragapult|Shadow Ball|p2a: Cinderace\n|-damage|p2a: Cinderace|0 fnt\n|faint|p2a: Cinderace\n|\n|win|Jixel\n|c|\u2606Jixel|ggs\n|l|\u2606Jixel\n|j|\u2606Jixel\n|player|p1|Jixel|giovanni\n","uploadtime":1700493032,"views":10,"p1id":"jixel","p2id":"biohazz","formatid":"gen9ou","rating":0,"private":0,"password":""}