{"id":"gen9ou-1991163238","p1":"100VaNS","p2":"Sharjis","format":"[Gen 9] OU","log":"|j|\u2606100VaNS\n|j|\u2606Sharjis\n|t:|1700052182\n|gametype|singles\n|player|p1|100VaNS|ethan|1123\n|player|p2|Sharjis|101|1106\n|teamsize|p1|6\n|teamsize|p2|6\n|gen|9\n|tier|[Gen 9] OU\n|rated|\n|rule|Sleep Clause Mod: Limit one foe put to sleep\n|rule|Species Clause: Limit one of each Pok\u00e9mon\n|rule|OHKO Clause: OHKO moves are banned\n|rule|Evasion Items Clause: Evasion items are banned\n|rule|Evasion Moves Clause: Evasion moves are banned\n|rule|Endless Battle Clause: Forcing endless battles is banned\n|rule|HP Percentage Mod: HP is shown in percentages\n|clearpoke\n|poke|p1|Great Tusk|\n|poke|p1|Arcanine-Hisui, F|\n|poke|p1|Kingambit, F|\n|poke|p1|Samurott-Hisui, F|\n|poke|p1|Enamorus, F|\n|poke|p1|Dragapult, F|\n|poke|p2|Kingambit, M|\n|poke|p2|Great Tusk|\n|poke|p2|Dragapult, F|\n|poke|p2|Ogerpon-Wellspring, F|\n|poke|p2|Blissey, F|\n|poke|p2|Zapdos|\n|teampreview\n|\n|t:|1700052196\n|start\n|switch|p1a: Samurott|Samurott-Hisui, F|100\/100\n|switch|p2a: Zapdos|Zapdos|100\/100\n|turn|1\n|\n|t:|1700052211\n|switch|p1a: Great Tusk|Great Tusk, shiny|100\/100\n|move|p2a: Zapdos|Hurricane|p1a: Great Tusk\n|-supereffective|p1a: Great Tusk\n|-damage|p1a: Great Tusk|18\/100\n|-start|p1a: Great Tusk|confusion\n|\n|upkeep\n|turn|2\n|\n|t:|1700052226\n|switch|p2a: Great Tusk|Great Tusk|100\/100\n|-activate|p1a: Great Tusk|confusion\n|-damage|p1a: Great Tusk|8\/100|[from] confusion\n|\n|upkeep\n|turn|3\n|\n|t:|1700052237\n|move|p2a: Great Tusk|Bulk Up|p2a: Great Tusk\n|-boost|p2a: Great Tusk|atk|1\n|-boost|p2a: Great Tusk|def|1\n|-activate|p1a: Great Tusk|confusion\n|move|p1a: Great Tusk|Ice Spinner|p2a: Great Tusk\n|-supereffective|p2a: Great Tusk\n|-damage|p2a: Great Tusk|73\/100\n|\n|-heal|p2a: Great Tusk|79\/100|[from] item: Leftovers\n|upkeep\n|turn|4\n|\n|t:|1700052247\n|move|p2a: Great Tusk|Rapid Spin|p1a: Great Tusk\n|-damage|p1a: Great Tusk|0 fnt\n|-boost|p2a: Great Tusk|spe|1\n|faint|p1a: Great Tusk\n|-end|p1a: Great Tusk|Protosynthesis|[silent]\n|\n|-heal|p2a: Great Tusk|85\/100|[from] item: Leftovers\n|upkeep\n|\n|t:|1700052255\n|switch|p1a: Enamorus|Enamorus, F, shiny|100\/100\n|turn|5\n|\n|t:|1700052272\n|-end|p2a: Great Tusk|Protosynthesis|[silent]\n|switch|p2a: Blissey|Blissey, F|100\/100\n|move|p1a: Enamorus|Moonblast|p2a: Blissey\n|-crit|p2a: Blissey\n|-damage|p2a: Blissey|69\/100\n|\n|upkeep\n|turn|6\n|\n|t:|1700052282\n|switch|p1a: Dragapult|Dragapult, F, shiny|100\/100\n|move|p2a: Blissey|Stealth Rock|p1a: Dragapult\n|-sidestart|p1: 100VaNS|move: Stealth Rock\n|\n|upkeep\n|turn|7\n|\n|t:|1700052300\n|move|p1a: Dragapult|Dragon Darts|p2a: Blissey\n|-damage|p2a: Blissey|41\/100\n|-anim|p1a: Dragapult|Dragon Darts|p2a: Blissey\n|-damage|p2a: Blissey|8\/100\n|-damage|p1a: Dragapult|91\/100|[from] item: Life Orb\n|move|p2a: Blissey|Soft-Boiled|p2a: Blissey\n|-heal|p2a: Blissey|58\/100\n|\n|upkeep\n|turn|8\n|\n|t:|1700052335\n|switch|p2a: Kingambit|Kingambit, M|100\/100\n|move|p1a: Dragapult|Dragon Darts|p2a: Kingambit\n|-resisted|p2a: Kingambit\n|-damage|p2a: Kingambit|86\/100\n|-anim|p1a: Dragapult|Dragon Darts|p2a: Kingambit\n|-resisted|p2a: Kingambit\n|-damage|p2a: Kingambit|74\/100\n|-damage|p1a: Dragapult|81\/100|[from] item: Life Orb\n|\n|upkeep\n|turn|9\n|\n|t:|1700052352\n|switch|p1a: Arcanine|Arcanine-Hisui, F, shiny|100\/100\n|-damage|p1a: Arcanine|76\/100|[from] Stealth Rock\n|move|p2a: Kingambit|Kowtow Cleave|p1a: Arcanine\n|-damage|p1a: Arcanine|27\/100\n|\n|upkeep\n|turn|10\n|\n|t:|1700052372\n|-terastallize|p2a: Kingambit|Dark\n|move|p2a: Kingambit|Sucker Punch|p1a: Arcanine\n|-damage|p1a: Arcanine|0 fnt\n|faint|p1a: Arcanine\n|\n|upkeep\n|\n|t:|1700052381\n|switch|p1a: Dragapult|Dragapult, F, shiny|81\/100\n|-damage|p1a: Dragapult|69\/100|[from] Stealth Rock\n|turn|11\n|\n|t:|1700052391\n|move|p2a: Kingambit|Sucker Punch|p1a: Dragapult\n|-supereffective|p1a: Dragapult\n|-damage|p1a: Dragapult|0 fnt\n|faint|p1a: Dragapult\n|\n|upkeep\n|\n|t:|1700052404\n|switch|p1a: Samurott|Samurott-Hisui, F|100\/100\n|-damage|p1a: Samurott|88\/100|[from] Stealth Rock\n|turn|12\n|\n|t:|1700052416\n|move|p1a: Samurott|Sacred Sword|p2a: Kingambit\n|-supereffective|p2a: Kingambit\n|-damage|p2a: Kingambit|0 fnt\n|faint|p2a: Kingambit\n|-end|p2a: Kingambit|fallenundefined|[silent]\n|\n|upkeep\n|\n|t:|1700052422\n|switch|p2a: Zapdos|Zapdos|100\/100\n|turn|13\n|\n|t:|1700052435\n|move|p2a: Zapdos|Heat Wave|p1a: Samurott\n|-resisted|p1a: Samurott\n|-damage|p1a: Samurott|78\/100\n|move|p1a: Samurott|Ceaseless Edge|p2a: Zapdos\n|-damage|p2a: Zapdos|59\/100\n|-sidestart|p2: Sharjis|Spikes\n|\n|upkeep\n|turn|14\n|\n|t:|1700052443\n|move|p2a: Zapdos|Volt Switch|p1a: Samurott\n|-supereffective|p1a: Samurott\n|-damage|p1a: Samurott|31\/100\n|\n|t:|1700052448\n|switch|p2a: Blissey|Blissey, F|58\/100|[from] Volt Switch\n|move|p1a: Samurott|Ceaseless Edge|p2a: Blissey\n|-damage|p2a: Blissey|17\/100\n|-sidestart|p2: Sharjis|Spikes\n|\n|upkeep\n|turn|15\n|\n|t:|1700052459\n|move|p1a: Samurott|Ceaseless Edge|p2a: Blissey\n|-damage|p2a: Blissey|0 fnt\n|-sidestart|p2: Sharjis|Spikes\n|faint|p2a: Blissey\n|\n|upkeep\n|\n|t:|1700052464\n|switch|p2a: Great Tusk|Great Tusk|85\/100\n|-damage|p2a: Great Tusk|60\/100|[from] Spikes\n|turn|16\n|\n|t:|1700052469\n|move|p2a: Great Tusk|Rapid Spin|p1a: Samurott\n|-damage|p1a: Samurott|15\/100\n|-boost|p2a: Great Tusk|spe|1\n|-sideend|p2: Sharjis|Spikes|[from] move: Rapid Spin|[of] p2a: Great Tusk\n|move|p1a: Samurott|Aqua Cutter|p2a: Great Tusk\n|-supereffective|p2a: Great Tusk\n|-damage|p2a: Great Tusk|0 fnt\n|faint|p2a: Great Tusk\n|-end|p2a: Great Tusk|Protosynthesis|[silent]\n|\n|upkeep\n|\n|t:|1700052483\n|switch|p2a: Ogerpon|Ogerpon-Wellspring, F|100\/100\n|turn|17\n|\n|t:|1700052493\n|move|p2a: Ogerpon|Power Whip|p1a: Samurott\n|-supereffective|p1a: Samurott\n|-damage|p1a: Samurott|0 fnt\n|faint|p1a: Samurott\n|\n|upkeep\n|\n|t:|1700052498\n|switch|p1a: Enamorus|Enamorus, F, shiny|100\/100\n|-damage|p1a: Enamorus|76\/100|[from] Stealth Rock\n|turn|18\n|\n|t:|1700052508\n|move|p2a: Ogerpon|Ivy Cudgel|p1a: Enamorus|[anim] Ivy Cudgel Water\n|-damage|p1a: Enamorus|0 fnt\n|faint|p1a: Enamorus\n|\n|upkeep\n|\n|t:|1700052513\n|switch|p1a: Kingambit|Kingambit, F, shiny|100\/100\n|-damage|p1a: Kingambit|94\/100|[from] Stealth Rock\n|-activate|p1a: Kingambit|ability: Supreme Overlord\n|-start|p1a: Kingambit|fallen5|[silent]\n|turn|19\n|\n|t:|1700052523\n|-terastallize|p1a: Kingambit|Dark\n|move|p1a: Kingambit|Sucker Punch||[still]\n|-fail|p1a: Kingambit\n|move|p2a: Ogerpon|Encore|p1a: Kingambit\n|-start|p1a: Kingambit|Encore\n|\n|upkeep\n|turn|20\n|\n|t:|1700052533\n|switch|p2a: Zapdos|Zapdos|59\/100\n|move|p1a: Kingambit|Sucker Punch||[still]\n|-fail|p1a: Kingambit\n|\n|upkeep\n|turn|21\n|\n|t:|1700052540\n|move|p1a: Kingambit|Sucker Punch|p2a: Zapdos\n|-damage|p2a: Zapdos|0 fnt\n|faint|p2a: Zapdos\n|\n|upkeep\n|\n|t:|1700052548\n|switch|p2a: Ogerpon|Ogerpon-Wellspring, F|100\/100\n|turn|22\n|\n|t:|1700052551\n|move|p1a: Kingambit|Sucker Punch|p2a: Ogerpon\n|-damage|p2a: Ogerpon|1\/100\n|move|p2a: Ogerpon|Power Whip|p1a: Kingambit\n|-damage|p1a: Kingambit|43\/100\n|\n|-end|p1a: Kingambit|Encore\n|upkeep\n|turn|23\n|\n|t:|1700052567\n|move|p2a: Ogerpon|Encore|p1a: Kingambit\n|-start|p1a: Kingambit|Encore\n|move|p1a: Kingambit|Sucker Punch||[still]\n|-fail|p1a: Kingambit\n|\n|upkeep\n|turn|24\n|\n|t:|1700052574\n|move|p1a: Kingambit|Sucker Punch||[still]\n|-fail|p1a: Kingambit\n|move|p2a: Ogerpon|Encore||[still]\n|-fail|p2a: Ogerpon\n|\n|upkeep\n|turn|25\n|\n|t:|1700052580\n|move|p1a: Kingambit|Sucker Punch||[still]\n|-fail|p1a: Kingambit\n|move|p2a: Ogerpon|Encore||[still]\n|-fail|p2a: Ogerpon\n|\n|-end|p1a: Kingambit|Encore\n|upkeep\n|turn|26\n|\n|t:|1700052589\n|move|p2a: Ogerpon|Ivy Cudgel|p1a: Kingambit|[anim] Ivy Cudgel Water\n|-damage|p1a: Kingambit|1\/100\n|move|p1a: Kingambit|Iron Head|p2a: Ogerpon\n|-resisted|p2a: Ogerpon\n|-damage|p2a: Ogerpon|0 fnt\n|faint|p2a: Ogerpon\n|\n|upkeep\n|\n|t:|1700052596\n|switch|p2a: Dragapult|Dragapult, F|100\/100\n|turn|27\n|\n|t:|1700052604\n|move|p1a: Kingambit|Sucker Punch|p2a: Dragapult\n|-supereffective|p2a: Dragapult\n|-damage|p2a: Dragapult|0 fnt\n|faint|p2a: Dragapult\n|\n|win|100VaNS\n|raw|100VaNS's rating: 1123 &rarr; <strong>1147<\/strong><br \/>(+24 for winning)\n|raw|Sharjis's rating: 1106 &rarr; <strong>1082<\/strong><br \/>(-24 for losing)\n|l|\u2606Sharjis\n","uploadtime":1700052615,"views":7,"p1id":"100vans","p2id":"sharjis","formatid":"gen9ou","rating":1082,"private":0,"password":""}