{"id":"gen9ou-1990210428","p1":"BCDefault","p2":"scarstache","format":"[Gen 9] OU","log":"|j|\u2606BCDefault\n|j|\u2606scarstache\n|t:|1699937898\n|gametype|singles\n|player|p1|BCDefault|worker|1229\n|player|p2|scarstache|winona|1328\n|teamsize|p1|6\n|teamsize|p2|6\n|gen|9\n|tier|[Gen 9] OU\n|rated|\n|rule|Sleep Clause Mod: Limit one foe put to sleep\n|rule|Species Clause: Limit one of each Pok\u00e9mon\n|rule|OHKO Clause: OHKO moves are banned\n|rule|Evasion Items Clause: Evasion items are banned\n|rule|Evasion Moves Clause: Evasion moves are banned\n|rule|Endless Battle Clause: Forcing endless battles is banned\n|rule|HP Percentage Mod: HP is shown in percentages\n|clearpoke\n|poke|p1|Lucario, F|\n|poke|p1|Gyarados, M|\n|poke|p1|Ninetales-Alola, F|\n|poke|p1|Garganacl, M|\n|poke|p1|Great Tusk|\n|poke|p1|Ceruledge, M|\n|poke|p2|Ogerpon-Wellspring, F|\n|poke|p2|Ting-Lu|\n|poke|p2|Zapdos|\n|poke|p2|Dragapult, F|\n|poke|p2|Toxapex, F|\n|poke|p2|Great Tusk|\n|teampreview\n|\n|t:|1699937911\n|start\n|switch|p1a: Garganacl|Garganacl, M|100\/100\n|switch|p2a: Ting-Lu|Ting-Lu|100\/100\n|-ability|p2a: Ting-Lu|Vessel of Ruin\n|turn|1\n|\n|t:|1699937925\n|switch|p1a: Gyarados|Gyarados, M|100\/100\n|-ability|p1a: Gyarados|Intimidate|boost\n|-unboost|p2a: Ting-Lu|atk|1\n|move|p2a: Ting-Lu|Earthquake|p1a: Gyarados\n|-immune|p1a: Gyarados\n|\n|upkeep\n|turn|2\n|\n|t:|1699937961\n|switch|p2a: Zapdos|Zapdos|100\/100\n|move|p1a: Gyarados|Dragon Dance|p1a: Gyarados\n|-boost|p1a: Gyarados|atk|1\n|-boost|p1a: Gyarados|spe|1\n|\n|upkeep\n|turn|3\n|\n|t:|1699937980\n|move|p1a: Gyarados|Waterfall|p2a: Zapdos\n|-damage|p2a: Zapdos|29\/100\n|move|p2a: Zapdos|U-turn|p1a: Gyarados\n|-resisted|p1a: Gyarados\n|-damage|p1a: Gyarados|92\/100\n|\n|t:|1699937986\n|switch|p2a: Dragapult|Dragapult, F|100\/100|[from] U-turn\n|\n|upkeep\n|turn|4\n|\n|t:|1699937994\n|move|p1a: Gyarados|Thunder Wave|p2a: Dragapult\n|-status|p2a: Dragapult|par\n|cant|p2a: Dragapult|par\n|\n|upkeep\n|turn|5\n|\n|t:|1699937999\n|move|p1a: Gyarados|Crunch|p2a: Dragapult\n|-supereffective|p2a: Dragapult\n|-damage|p2a: Dragapult|0 fnt\n|faint|p2a: Dragapult\n|\n|upkeep\n|\n|t:|1699938009\n|switch|p2a: Toxapex|Toxapex, F|100\/100\n|turn|6\n|\n|t:|1699938018\n|move|p1a: Gyarados|Thunder Wave|p2a: Toxapex\n|-status|p2a: Toxapex|par\n|move|p2a: Toxapex|Liquidation|p1a: Gyarados\n|-resisted|p1a: Gyarados\n|-damage|p1a: Gyarados|79\/100\n|\n|upkeep\n|turn|7\n|\n|t:|1699938024\n|move|p1a: Gyarados|Crunch|p2a: Toxapex\n|-damage|p2a: Toxapex|73\/100 par\n|cant|p2a: Toxapex|par\n|\n|upkeep\n|turn|8\n|\n|t:|1699938029\n|move|p1a: Gyarados|Dragon Dance|p1a: Gyarados\n|-boost|p1a: Gyarados|atk|1\n|-boost|p1a: Gyarados|spe|1\n|cant|p2a: Toxapex|par\n|\n|upkeep\n|turn|9\n|\n|t:|1699938034\n|move|p1a: Gyarados|Crunch|p2a: Toxapex\n|-damage|p2a: Toxapex|36\/100 par\n|-unboost|p2a: Toxapex|def|1\n|cant|p2a: Toxapex|par\n|\n|upkeep\n|turn|10\n|\n|t:|1699938041\n|switch|p2a: Zapdos|Zapdos|29\/100\n|move|p1a: Gyarados|Crunch|p2a: Zapdos\n|-damage|p2a: Zapdos|0 fnt\n|faint|p2a: Zapdos\n|\n|upkeep\n|\n|t:|1699938045\n|switch|p2a: Toxapex|Toxapex, F|69\/100 par\n|turn|11\n|\n|t:|1699938048\n|move|p1a: Gyarados|Crunch|p2a: Toxapex\n|-damage|p2a: Toxapex|34\/100 par\n|-unboost|p2a: Toxapex|def|1\n|cant|p2a: Toxapex|par\n|\n|upkeep\n|turn|12\n|c|\u2606scarstache|bruh\n|\n|t:|1699938055\n|switch|p2a: Great Tusk|Great Tusk|100\/100\n|move|p1a: Gyarados|Crunch|p2a: Great Tusk\n|-resisted|p2a: Great Tusk\n|-damage|p2a: Great Tusk|81\/100\n|\n|-heal|p2a: Great Tusk|87\/100|[from] item: Leftovers\n|upkeep\n|turn|13\n|\n|t:|1699938059\n|-terastallize|p2a: Great Tusk|Steel\n|move|p1a: Gyarados|Waterfall|p2a: Great Tusk\n|-damage|p2a: Great Tusk|32\/100\n|move|p2a: Great Tusk|Knock Off|p1a: Gyarados\n|-damage|p1a: Gyarados|30\/100\n|-enditem|p1a: Gyarados|Lum Berry|[from] move: Knock Off|[of] p2a: Great Tusk\n|\n|-heal|p2a: Great Tusk|38\/100|[from] item: Leftovers\n|upkeep\n|turn|14\n|\n|t:|1699938069\n|-end|p2a: Great Tusk|Protosynthesis|[silent]\n|switch|p2a: Ogerpon|Ogerpon-Wellspring, F|100\/100\n|move|p1a: Gyarados|Waterfall|p2a: Ogerpon\n|-immune|p2a: Ogerpon|[from] ability: Water Absorb\n|\n|upkeep\n|turn|15\n|\n|t:|1699938073\n|move|p1a: Gyarados|Thunder Wave|p2a: Ogerpon\n|-status|p2a: Ogerpon|par\n|cant|p2a: Ogerpon|par\n|\n|upkeep\n|turn|16\n|\n|t:|1699938077\n|move|p1a: Gyarados|Crunch|p2a: Ogerpon\n|-damage|p2a: Ogerpon|24\/100 par\n|move|p2a: Ogerpon|Horn Leech|p1a: Gyarados\n|-crit|p1a: Gyarados\n|-damage|p1a: Gyarados|0 fnt\n|-heal|p2a: Ogerpon|40\/100 par|[from] drain|[of] p1a: Gyarados\n|faint|p1a: Gyarados\n|\n|upkeep\n|\n|t:|1699938090\n|switch|p1a: Garganacl|Garganacl, M|100\/100\n|turn|17\n|\n|t:|1699938096\n|-terastallize|p1a: Garganacl|Grass\n|cant|p2a: Ogerpon|par\n|move|p1a: Garganacl|Block|p2a: Ogerpon\n|-activate|p2a: Ogerpon|trapped\n|\n|upkeep\n|turn|18\n|\n|t:|1699938104\n|move|p2a: Ogerpon|Swords Dance|p2a: Ogerpon\n|-boost|p2a: Ogerpon|atk|2\n|move|p1a: Garganacl|Salt Cure|p2a: Ogerpon\n|-damage|p2a: Ogerpon|22\/100 par\n|-start|p2a: Ogerpon|Salt Cure\n|\n|-damage|p2a: Ogerpon|0 fnt|[from] Salt Cure\n|faint|p2a: Ogerpon\n|upkeep\n|\n|t:|1699938111\n|switch|p2a: Great Tusk|Great Tusk, tera:Steel|38\/100\n|turn|19\n|\n|t:|1699938116\n|move|p2a: Great Tusk|Headlong Rush|p1a: Garganacl\n|-resisted|p1a: Garganacl\n|-damage|p1a: Garganacl|84\/100\n|-unboost|p2a: Great Tusk|def|1\n|-unboost|p2a: Great Tusk|spd|1\n|move|p1a: Garganacl|Stealth Rock|p2a: Great Tusk\n|-sidestart|p2: scarstache|move: Stealth Rock\n|\n|-heal|p2a: Great Tusk|44\/100|[from] item: Leftovers\n|-heal|p1a: Garganacl|90\/100|[from] item: Leftovers\n|upkeep\n|turn|20\n|\n|t:|1699938119\n|move|p2a: Great Tusk|Body Press|p1a: Garganacl\n|-damage|p1a: Garganacl|79\/100\n|move|p1a: Garganacl|Body Press|p2a: Great Tusk\n|-supereffective|p2a: Great Tusk\n|-damage|p2a: Great Tusk|0 fnt\n|faint|p2a: Great Tusk\n|-end|p2a: Great Tusk|Protosynthesis|[silent]\n|\n|-heal|p1a: Garganacl|85\/100|[from] item: Leftovers\n|upkeep\n|\n|t:|1699938124\n|switch|p2a: Ting-Lu|Ting-Lu|100\/100\n|-damage|p2a: Ting-Lu|94\/100|[from] Stealth Rock\n|-ability|p2a: Ting-Lu|Vessel of Ruin\n|turn|21\n|\n|t:|1699938138\n|move|p2a: Ting-Lu|Body Press|p1a: Garganacl\n|-damage|p1a: Garganacl|68\/100\n|move|p1a: Garganacl|Salt Cure|p2a: Ting-Lu\n|-resisted|p2a: Ting-Lu\n|-damage|p2a: Ting-Lu|90\/100\n|-start|p2a: Ting-Lu|Salt Cure\n|\n|-heal|p1a: Garganacl|74\/100|[from] item: Leftovers\n|-damage|p2a: Ting-Lu|78\/100|[from] Salt Cure\n|upkeep\n|turn|22\n|c|\u2606scarstache|Yeah I'm not playing this out\n|c|\u2606scarstache|gg\n|-message|scarstache forfeited.\n|\n|win|BCDefault\n|raw|BCDefault's rating: 1229 &rarr; <strong>1260<\/strong><br \/>(+31 for winning)\n|raw|scarstache's rating: 1309 &rarr; <strong>1284<\/strong><br \/>(-25 for losing)\n|l|\u2606scarstache\n|c|\u2606BCDefault|gg\n","uploadtime":1699938188,"views":9,"p1id":"bcdefault","p2id":"scarstache","formatid":"gen9ou","rating":1260,"private":0,"password":""}