{"id":"gen9ou-1992588070","p1":"darkmaster","p2":"meliodono","format":"[Gen 9] OU","log":"|j|\u2606darkmaster\n|j|\u2606meliodono\n|t:|1700210679\n|gametype|singles\n|player|p1|darkmaster|palmer|1304\n|player|p2|meliodono|janine|1262\n|teamsize|p1|6\n|teamsize|p2|6\n|gen|9\n|tier|[Gen 9] OU\n|rated|\n|rule|Sleep Clause Mod: Limit one foe put to sleep\n|rule|Species Clause: Limit one of each Pok\u00e9mon\n|rule|OHKO Clause: OHKO moves are banned\n|rule|Evasion Items Clause: Evasion items are banned\n|rule|Evasion Moves Clause: Evasion moves are banned\n|rule|Endless Battle Clause: Forcing endless battles is banned\n|rule|HP Percentage Mod: HP is shown in percentages\n|clearpoke\n|poke|p1|Rillaboom, M|\n|poke|p1|Great Tusk|\n|poke|p1|Slowking-Galar, F|\n|poke|p1|Gholdengo|\n|poke|p1|Dragonite, M|\n|poke|p1|Cinderace, F|\n|poke|p2|Ribombee, F|\n|poke|p2|Gholdengo|\n|poke|p2|Dragonite, M|\n|poke|p2|Great Tusk|\n|poke|p2|Iron Moth|\n|poke|p2|Cryogonal|\n|teampreview\n|inactive|Battle timer is ON: inactive players will automatically lose when time's up. (requested by darkmaster)\n|\n|t:|1700210693\n|start\n|switch|p1a: Cinderace|Cinderace, F|100\/100\n|switch|p2a: Cryogonal|Cryogonal, shiny|100\/100\n|turn|1\n|\n|t:|1700210709\n|switch|p2a: FLOP...|Iron Moth|100\/100\n|-enditem|p2a: FLOP...|Booster Energy\n|-activate|p2a: FLOP...|ability: Quark Drive|[fromitem]\n|-start|p2a: FLOP...|quarkdrivespe\n|move|p1a: Cinderace|U-turn|p2a: FLOP...\n|-resisted|p2a: FLOP...\n|-damage|p2a: FLOP...|93\/100\n|\n|t:|1700210720\n|switch|p1a: Slowking|Slowking-Galar, F|100\/100|[from] U-turn\n|\n|upkeep\n|turn|2\n|\n|t:|1700210727\n|move|p2a: FLOP...|Substitute|p2a: FLOP...\n|-start|p2a: FLOP...|Substitute\n|-damage|p2a: FLOP...|68\/100\n|move|p1a: Slowking|Future Sight|p2a: FLOP...\n|-start|p1a: Slowking|move: Future Sight\n|\n|upkeep\n|turn|3\n|\n|t:|1700210756\n|move|p2a: FLOP...|Fiery Dance|p1a: Slowking\n|-damage|p1a: Slowking|68\/100\n|-boost|p2a: FLOP...|spa|1\n|move|p1a: Slowking|Chilly Reception|p1a: Slowking\n|-weather|Snow\n|inactive|darkmaster has 120 seconds left.\n|\n|t:|1700210775\n|switch|p1a: Great Tusk|Great Tusk, shiny|100\/100|[from] Chilly Reception\n|\n|-weather|Snow|[upkeep]\n|upkeep\n|turn|4\n|inactive|darkmaster has 120 seconds left.\n|\n|t:|1700210791\n|move|p2a: FLOP...|Dazzling Gleam|p1a: Great Tusk\n|-supereffective|p1a: Great Tusk\n|-damage|p1a: Great Tusk|0 fnt\n|faint|p1a: Great Tusk\n|-end|p1a: Great Tusk|Protosynthesis|[silent]\n|\n|-weather|Snow|[upkeep]\n|-end|p2a: FLOP...|move: Future Sight\n|-supereffective|p2a: FLOP...\n|-end|p2a: FLOP...|Substitute\n|upkeep\n|\n|t:|1700210798\n|switch|p1a: Dragonite|Dragonite, M|100\/100\n|turn|5\n|\n|t:|1700210810\n|move|p2a: FLOP...|Substitute|p2a: FLOP...\n|-start|p2a: FLOP...|Substitute\n|-damage|p2a: FLOP...|43\/100\n|move|p1a: Dragonite|Earthquake|p2a: FLOP...\n|-supereffective|p2a: FLOP...\n|-end|p2a: FLOP...|Substitute\n|\n|-weather|Snow|[upkeep]\n|upkeep\n|turn|6\n|\n|t:|1700210822\n|-end|p2a: FLOP...|Quark Drive|[silent]\n|switch|p2a: Nyoonnnn|Dragonite, M|100\/100\n|move|p1a: Dragonite|Earthquake|p2a: Nyoonnnn\n|-immune|p2a: Nyoonnnn\n|\n|-weather|Snow|[upkeep]\n|upkeep\n|turn|7\n|inactive|darkmaster has 120 seconds left.\n|\n|t:|1700210844\n|switch|p1a: Cinderace|Cinderace, F|100\/100\n|move|p2a: Nyoonnnn|Extreme Speed|p1a: Cinderace\n|-damage|p1a: Cinderace|61\/100\n|\n|-weather|none\n|upkeep\n|turn|8\n|\n|t:|1700210852\n|move|p1a: Cinderace|U-turn|p2a: Nyoonnnn\n|-resisted|p2a: Nyoonnnn\n|-damage|p2a: Nyoonnnn|96\/100\n|\n|t:|1700210856\n|switch|p1a: Gholdengo|Gholdengo|100\/100|[from] U-turn\n|-item|p1a: Gholdengo|Air Balloon\n|move|p2a: Nyoonnnn|Earthquake|p1a: Gholdengo\n|-immune|p1a: Gholdengo\n|\n|-heal|p2a: Nyoonnnn|100\/100|[from] item: Leftovers\n|upkeep\n|turn|9\n|inactive|darkmaster has 120 seconds left.\n|\n|t:|1700210868\n|move|p1a: Gholdengo|Make It Rain|p2a: Nyoonnnn\n|-damage|p2a: Nyoonnnn|70\/100\n|-unboost|p1a: Gholdengo|spa|1\n|move|p2a: Nyoonnnn|Thunder Punch|p1a: Gholdengo\n|-damage|p1a: Gholdengo|66\/100\n|-enditem|p1a: Gholdengo|Air Balloon\n|\n|-heal|p2a: Nyoonnnn|76\/100|[from] item: Leftovers\n|upkeep\n|turn|10\n|\n|t:|1700210880\n|switch|p1a: Rillaboom|Rillaboom, M, shiny|100\/100\n|-fieldstart|move: Grassy Terrain|[from] ability: Grassy Surge|[of] p1a: Rillaboom\n|move|p2a: Nyoonnnn|Extreme Speed|p1a: Rillaboom\n|-damage|p1a: Rillaboom|69\/100\n|\n|-heal|p1a: Rillaboom|75\/100|[from] Grassy Terrain\n|-heal|p2a: Nyoonnnn|82\/100|[from] item: Leftovers\n|upkeep\n|turn|11\n|\n|t:|1700210890\n|switch|p2a: Abaille ou ...|Ribombee, F|100\/100\n|move|p1a: Rillaboom|Knock Off|p2a: Abaille ou ...\n|-resisted|p2a: Abaille ou ...\n|-damage|p2a: Abaille ou ...|50\/100\n|-enditem|p2a: Abaille ou ...|Focus Sash|[from] move: Knock Off|[of] p1a: Rillaboom\n|\n|-heal|p2a: Abaille ou ...|56\/100|[from] Grassy Terrain\n|-heal|p1a: Rillaboom|81\/100|[from] Grassy Terrain\n|upkeep\n|turn|12\n|\n|t:|1700210898\n|switch|p1a: Cinderace|Cinderace, F|61\/100\n|move|p2a: Abaille ou ...|Sticky Web|p1a: Cinderace\n|-sidestart|p1: darkmaster|move: Sticky Web\n|\n|-heal|p2a: Abaille ou ...|62\/100|[from] Grassy Terrain\n|-heal|p1a: Cinderace|67\/100|[from] Grassy Terrain\n|upkeep\n|turn|13\n|\n|t:|1700210908\n|move|p2a: Abaille ou ...|Stun Spore|p1a: Cinderace\n|-status|p1a: Cinderace|par\n|cant|p1a: Cinderace|par\n|\n|-heal|p2a: Abaille ou ...|68\/100|[from] Grassy Terrain\n|-heal|p1a: Cinderace|73\/100 par|[from] Grassy Terrain\n|upkeep\n|turn|14\n|\n|t:|1700210921\n|switch|p2a: Gros Mago|Gholdengo|100\/100\n|cant|p1a: Cinderace|par\n|\n|-heal|p1a: Cinderace|79\/100 par|[from] Grassy Terrain\n|-fieldend|move: Grassy Terrain\n|upkeep\n|turn|15\n|\n|t:|1700210931\n|switch|p1a: Slowking|Slowking-Galar, F|100\/100\n|move|p2a: Gros Mago|Trick|p1a: Slowking\n|-activate|p2a: Gros Mago|move: Trick|[of] p1a: Slowking\n|-item|p1a: Slowking|Choice Scarf|[from] move: Trick\n|-item|p2a: Gros Mago|Heavy-Duty Boots|[from] move: Trick\n|\n|upkeep\n|turn|16\n|\n|t:|1700210944\n|move|p2a: Gros Mago|Shadow Ball|p1a: Slowking\n|-supereffective|p1a: Slowking\n|-damage|p1a: Slowking|36\/100\n|move|p1a: Slowking|Thunder Wave|p2a: Gros Mago\n|-immune|p2a: Gros Mago|[from] ability: Good as Gold\n|\n|upkeep\n|turn|17\n|\n|t:|1700210952\n|switch|p1a: Cinderace|Cinderace, F|79\/100 par\n|move|p2a: Gros Mago|Make It Rain|p1a: Cinderace\n|-resisted|p1a: Cinderace\n|-damage|p1a: Cinderace|41\/100 par\n|-unboost|p2a: Gros Mago|spa|1\n|\n|upkeep\n|turn|18\n|\n|t:|1700210959\n|move|p2a: Gros Mago|Shadow Ball|p1a: Cinderace\n|-damage|p1a: Cinderace|7\/100 par\n|move|p1a: Cinderace|Court Change|p1a: Cinderace\n|-swapsideconditions\n|-activate|p1a: Cinderace|move: Court Change\n|\n|upkeep\n|turn|19\n|\n|t:|1700210963\n|move|p2a: Gros Mago|Shadow Ball|p1a: Cinderace\n|-damage|p1a: Cinderace|0 fnt\n|faint|p1a: Cinderace\n|\n|upkeep\n|\n|t:|1700210966\n|switch|p1a: Rillaboom|Rillaboom, M, shiny|81\/100\n|-fieldstart|move: Grassy Terrain|[from] ability: Grassy Surge|[of] p1a: Rillaboom\n|turn|20\n|\n|t:|1700210971\n|move|p2a: Gros Mago|Make It Rain|p1a: Rillaboom\n|-damage|p1a: Rillaboom|20\/100\n|-unboost|p2a: Gros Mago|spa|1\n|move|p1a: Rillaboom|Wood Hammer|p2a: Gros Mago\n|-resisted|p2a: Gros Mago\n|-damage|p2a: Gros Mago|31\/100\n|-damage|p1a: Rillaboom|0 fnt|[from] Recoil\n|faint|p1a: Rillaboom\n|\n|-heal|p2a: Gros Mago|37\/100|[from] Grassy Terrain\n|upkeep\n|\n|t:|1700210981\n|switch|p1a: Slowking|Slowking-Galar, F|69\/100\n|turn|21\n|\n|t:|1700210985\n|switch|p2a: Phampy|Great Tusk|100\/100\n|move|p1a: Slowking|Future Sight|p2a: Phampy\n|-start|p1a: Slowking|move: Future Sight\n|\n|-heal|p1a: Slowking|75\/100|[from] Grassy Terrain\n|upkeep\n|turn|22\n|\n|t:|1700210994\n|switch|p1a: Dragonite|Dragonite, M|100\/100\n|move|p2a: Phampy|Headlong Rush|p1a: Dragonite\n|-immune|p1a: Dragonite\n|\n|upkeep\n|turn|23\n|\n|t:|1700211004\n|move|p2a: Phampy|Rapid Spin|p1a: Dragonite\n|-damage|p1a: Dragonite|91\/100\n|-boost|p2a: Phampy|spe|1\n|-sideend|p2: meliodono|Sticky Web|[from] move: Rapid Spin|[of] p2a: Phampy\n|move|p1a: Dragonite|Dragon Dance|p1a: Dragonite\n|-boost|p1a: Dragonite|atk|1\n|-boost|p1a: Dragonite|spe|1\n|\n|-end|p2a: Phampy|move: Future Sight\n|-supereffective|p2a: Phampy\n|-damage|p2a: Phampy|0 fnt\n|faint|p2a: Phampy\n|-end|p2a: Phampy|Protosynthesis|[silent]\n|upkeep\n|\n|t:|1700211012\n|switch|p2a: Cryogonal|Cryogonal, shiny|100\/100\n|turn|24\n|\n|t:|1700211018\n|-terastallize|p1a: Dragonite|Normal\n|move|p1a: Dragonite|Dragon Dance|p1a: Dragonite\n|-boost|p1a: Dragonite|atk|1\n|-boost|p1a: Dragonite|spe|1\n|move|p2a: Cryogonal|Freeze-Dry|p1a: Dragonite\n|-damage|p1a: Dragonite|46\/100\n|\n|-heal|p1a: Dragonite|52\/100|[from] Grassy Terrain\n|-fieldend|move: Grassy Terrain\n|upkeep\n|turn|25\n|\n|t:|1700211031\n|switch|p2a: Gros Mago|Gholdengo|37\/100\n|move|p1a: Dragonite|Roost|p1a: Dragonite\n|-heal|p1a: Dragonite|100\/100\n|\n|upkeep\n|turn|26\n|\n|t:|1700211038\n|move|p1a: Dragonite|Dragon Dance|p1a: Dragonite\n|-boost|p1a: Dragonite|atk|1\n|-boost|p1a: Dragonite|spe|1\n|move|p2a: Gros Mago|Focus Blast|p1a: Dragonite|[miss]\n|-miss|p2a: Gros Mago|p1a: Dragonite\n|\n|upkeep\n|turn|27\n|\n|t:|1700211042\n|move|p1a: Dragonite|Dragon Dance|p1a: Dragonite\n|-boost|p1a: Dragonite|atk|1\n|-boost|p1a: Dragonite|spe|1\n|move|p2a: Gros Mago|Focus Blast|p1a: Dragonite\n|-supereffective|p1a: Dragonite\n|-damage|p1a: Dragonite|57\/100\n|\n|upkeep\n|turn|28\n|\n|t:|1700211054\n|move|p1a: Dragonite|Earthquake|p2a: Gros Mago\n|-supereffective|p2a: Gros Mago\n|-damage|p2a: Gros Mago|0 fnt\n|faint|p2a: Gros Mago\n|\n|upkeep\n|\n|t:|1700211061\n|switch|p2a: Cryogonal|Cryogonal, shiny|100\/100\n|turn|29\n|\n|t:|1700211071\n|move|p1a: Dragonite|Roost|p1a: Dragonite\n|-heal|p1a: Dragonite|100\/100\n|move|p2a: Cryogonal|Freeze-Dry|p1a: Dragonite\n|-damage|p1a: Dragonite|76\/100\n|\n|upkeep\n|turn|30\n|inactive|darkmaster has 120 seconds left.\n|\n|t:|1700211113\n|move|p1a: Dragonite|Extreme Speed|p2a: Cryogonal\n|-damage|p2a: Cryogonal|0 fnt\n|faint|p2a: Cryogonal\n|\n|upkeep\n|-message|meliodono forfeited.\n|\n|win|darkmaster\n|raw|darkmaster's rating: 1304 &rarr; <strong>1322<\/strong><br \/>(+18 for winning)\n|raw|meliodono's rating: 1262 &rarr; <strong>1240<\/strong><br \/>(-22 for losing)\n|l|\u2606meliodono\n","uploadtime":1700211153,"views":9,"p1id":"darkmaster","p2id":"meliodono","formatid":"gen9ou","rating":1240,"private":0,"password":""}