{"id":"gen9ou-1995636760","p1":"edzigoto","p2":"friedfreak","format":"[Gen 9] OU","log":"|j|\u2606edzigoto\n|j|\u203dfriedfreak\n|t:|1700589596\n|gametype|singles\n|player|p1|edzigoto|102|1905\n|player|p2|friedfreak|clown|1828\n|teamsize|p1|6\n|teamsize|p2|6\n|gen|9\n|tier|[Gen 9] OU\n|rated|\n|rule|Sleep Clause Mod: Limit one foe put to sleep\n|rule|Species Clause: Limit one of each Pok\u00e9mon\n|rule|OHKO Clause: OHKO moves are banned\n|rule|Evasion Items Clause: Evasion items are banned\n|rule|Evasion Moves Clause: Evasion moves are banned\n|rule|Endless Battle Clause: Forcing endless battles is banned\n|rule|HP Percentage Mod: HP is shown in percentages\n|clearpoke\n|poke|p1|Dragonite, F|\n|poke|p1|Cinderace, M|\n|poke|p1|Great Tusk|\n|poke|p1|Kingambit, M|\n|poke|p1|Ogerpon-Wellspring, F|\n|poke|p1|Gholdengo|\n|poke|p2|Empoleon, M|\n|poke|p2|Dragapult, M|\n|poke|p2|Amoonguss, M|\n|poke|p2|Great Tusk|\n|poke|p2|Cinderace, M|\n|poke|p2|Kingambit, M|\n|teampreview\n|j| je ebejee\n|\n|t:|1700589616\n|start\n|switch|p1a: Cinderace|Cinderace, M|100\/100\n|switch|p2a: Dragapult|Dragapult, M|100\/100\n|turn|1\n|\n|t:|1700589628\n|switch|p1a: Kingambit|Kingambit, M|100\/100\n|move|p2a: Dragapult|Draco Meteor|p1a: Kingambit\n|-resisted|p1a: Kingambit\n|-damage|p1a: Kingambit|57\/100\n|-unboost|p2a: Dragapult|spa|2\n|\n|-heal|p1a: Kingambit|63\/100|[from] item: Leftovers\n|upkeep\n|turn|2\n|\n|t:|1700589637\n|switch|p2a: Great Tusk|Great Tusk|100\/100\n|-end|p1a: Kingambit|fallenundefined|[silent]\n|switch|p1a: Ogerpon|Ogerpon-Wellspring, F|100\/100\n|\n|upkeep\n|turn|3\n|\n|t:|1700589641\n|-end|p2a: Great Tusk|Protosynthesis|[silent]\n|switch|p2a: Amoonguss|Amoonguss, M|100\/100\n|move|p1a: Ogerpon|Knock Off|p2a: Amoonguss\n|-damage|p2a: Amoonguss|71\/100\n|-enditem|p2a: Amoonguss|Heavy-Duty Boots|[from] move: Knock Off|[of] p1a: Ogerpon\n|\n|upkeep\n|turn|4\n|\n|t:|1700589648\n|switch|p1a: Gholdengo|Gholdengo|100\/100\n|move|p2a: Amoonguss|Foul Play|p1a: Gholdengo\n|-supereffective|p1a: Gholdengo\n|-damage|p1a: Gholdengo|70\/100\n|\n|upkeep\n|turn|5\n|\n|t:|1700589654\n|switch|p2a: Cinderace|Cinderace, M|100\/100\n|move|p1a: Gholdengo|Focus Blast|p2a: Cinderace\n|-damage|p2a: Cinderace|51\/100\n|\n|upkeep\n|turn|6\n|\n|t:|1700589664\n|move|p1a: Gholdengo|Focus Blast|p2a: Cinderace\n|-damage|p2a: Cinderace|0 fnt\n|faint|p2a: Cinderace\n|\n|upkeep\n|\n|t:|1700589673\n|switch|p2a: Dragapult|Dragapult, M|100\/100\n|turn|7\n|\n|t:|1700589689\n|switch|p1a: Kingambit|Kingambit, M|63\/100\n|move|p2a: Dragapult|Draco Meteor|p1a: Kingambit\n|-resisted|p1a: Kingambit\n|-damage|p1a: Kingambit|20\/100\n|-unboost|p2a: Dragapult|spa|2\n|\n|-heal|p1a: Kingambit|26\/100|[from] item: Leftovers\n|upkeep\n|turn|8\n|inactive|Battle timer is ON: inactive players will automatically lose when time's up. (requested by friedfreak)\n|\n|t:|1700589715\n|switch|p2a: Great Tusk|Great Tusk|100\/100\n|move|p1a: Kingambit|Iron Head|p2a: Great Tusk\n|-damage|p2a: Great Tusk|66\/100\n|-damage|p1a: Kingambit|9\/100|[from] item: Rocky Helmet|[of] p2a: Great Tusk\n|\n|-heal|p1a: Kingambit|15\/100|[from] item: Leftovers\n|upkeep\n|turn|9\n|\n|t:|1700589729\n|move|p2a: Great Tusk|Headlong Rush|p1a: Kingambit\n|-supereffective|p1a: Kingambit\n|-damage|p1a: Kingambit|0 fnt\n|-unboost|p2a: Great Tusk|def|1\n|-unboost|p2a: Great Tusk|spd|1\n|faint|p1a: Kingambit\n|-end|p1a: Kingambit|fallenundefined|[silent]\n|\n|upkeep\n|\n|t:|1700589739\n|switch|p1a: Dragonite|Dragonite, F|100\/100\n|turn|10\n|\n|t:|1700589743\n|move|p2a: Great Tusk|Ice Spinner|p1a: Dragonite\n|-supereffective|p1a: Dragonite\n|-damage|p1a: Dragonite|44\/100\n|move|p1a: Dragonite|Ice Beam|p2a: Great Tusk\n|-supereffective|p2a: Great Tusk\n|-damage|p2a: Great Tusk|0 fnt\n|faint|p2a: Great Tusk\n|-end|p2a: Great Tusk|Protosynthesis|[silent]\n|\n|upkeep\n|\n|t:|1700589754\n|switch|p2a: Dragapult|Dragapult, M|100\/100\n|turn|11\n|\n|t:|1700589763\n|switch|p1a: Ogerpon|Ogerpon-Wellspring, F|100\/100\n|move|p2a: Dragapult|Shadow Ball|p1a: Ogerpon\n|-damage|p1a: Ogerpon|37\/100\n|\n|upkeep\n|turn|12\n|j| nightsuwu\n|\n|t:|1700589768\n|move|p2a: Dragapult|Shadow Ball|p1a: Ogerpon\n|-damage|p1a: Ogerpon|0 fnt\n|faint|p1a: Ogerpon\n|\n|upkeep\n|\n|t:|1700589770\n|switch|p1a: Gholdengo|Gholdengo|70\/100\n|turn|13\n|\n|t:|1700589779\n|switch|p2a: Empoleon|Empoleon, M|100\/100\n|move|p1a: Gholdengo|Shadow Ball|p2a: Empoleon\n|-damage|p2a: Empoleon|71\/100\n|\n|-heal|p2a: Empoleon|77\/100|[from] item: Leftovers\n|upkeep\n|turn|14\n|\n|t:|1700589789\n|move|p1a: Gholdengo|Shadow Ball|p2a: Empoleon\n|-damage|p2a: Empoleon|50\/100\n|move|p2a: Empoleon|Surf|p1a: Gholdengo\n|-crit|p1a: Gholdengo\n|-damage|p1a: Gholdengo|10\/100\n|\n|-heal|p2a: Empoleon|56\/100|[from] item: Leftovers\n|upkeep\n|turn|15\n|\n|t:|1700589800\n|switch|p1a: Dragonite|Dragonite, F|44\/100\n|move|p2a: Empoleon|Stealth Rock|p1a: Dragonite\n|-sidestart|p1: edzigoto|move: Stealth Rock\n|\n|-heal|p2a: Empoleon|62\/100|[from] item: Leftovers\n|upkeep\n|turn|16\n|j| Light Tbuild\n|\n|t:|1700589805\n|move|p1a: Dragonite|Earthquake|p2a: Empoleon\n|-supereffective|p2a: Empoleon\n|-damage|p2a: Empoleon|0 fnt\n|faint|p2a: Empoleon\n|\n|upkeep\n|j| rickzkk8\n|\n|t:|1700589811\n|switch|p2a: Dragapult|Dragapult, M|100\/100\n|turn|17\n|j| mo0_mo0\n|inactive|edzigoto has 120 seconds left.\n|\n|t:|1700589844\n|move|p2a: Dragapult|Shadow Ball|p1a: Dragonite\n|-damage|p1a: Dragonite|0 fnt\n|faint|p1a: Dragonite\n|\n|upkeep\n|inactive|edzigoto has 120 seconds left.\n|j| bruhman1234\n|\n|t:|1700589864\n|switch|p1a: Gholdengo|Gholdengo|10\/100\n|-damage|p1a: Gholdengo|4\/100|[from] Stealth Rock\n|turn|18\n|\n|t:|1700589876\n|switch|p2a: Amoonguss|Amoonguss, M|100\/100\n|move|p1a: Gholdengo|Shadow Ball|p2a: Amoonguss\n|-damage|p2a: Amoonguss|63\/100\n|\n|upkeep\n|turn|19\n|\n|t:|1700589884\n|switch|p2a: Kingambit|Kingambit, M|100\/100\n|-activate|p2a: Kingambit|ability: Supreme Overlord\n|-start|p2a: Kingambit|fallen3|[silent]\n|move|p1a: Gholdengo|Shadow Ball|p2a: Kingambit\n|-resisted|p2a: Kingambit\n|-damage|p2a: Kingambit|75\/100\n|\n|-heal|p2a: Kingambit|81\/100|[from] item: Leftovers\n|upkeep\n|turn|20\n|\n|t:|1700589895\n|move|p1a: Gholdengo|Shadow Ball|p2a: Kingambit\n|-resisted|p2a: Kingambit\n|-damage|p2a: Kingambit|56\/100\n|move|p2a: Kingambit|Swords Dance|p2a: Kingambit\n|-boost|p2a: Kingambit|atk|2\n|\n|-heal|p2a: Kingambit|62\/100|[from] item: Leftovers\n|upkeep\n|turn|21\n|\n|t:|1700589902\n|move|p1a: Gholdengo|Shadow Ball|p2a: Kingambit\n|-resisted|p2a: Kingambit\n|-damage|p2a: Kingambit|36\/100\n|-unboost|p2a: Kingambit|spd|1\n|move|p2a: Kingambit|Swords Dance|p2a: Kingambit\n|-boost|p2a: Kingambit|atk|2\n|\n|-heal|p2a: Kingambit|42\/100|[from] item: Leftovers\n|upkeep\n|turn|22\n|\n|t:|1700589906\n|move|p2a: Kingambit|Sucker Punch|p1a: Gholdengo\n|-supereffective|p1a: Gholdengo\n|-damage|p1a: Gholdengo|0 fnt\n|faint|p1a: Gholdengo\n|\n|-heal|p2a: Kingambit|49\/100|[from] item: Leftovers\n|upkeep\n|\n|t:|1700589909\n|switch|p1a: Great Tusk|Great Tusk|100\/100\n|-damage|p1a: Great Tusk|98\/100|[from] Stealth Rock\n|-enditem|p1a: Great Tusk|Booster Energy\n|-activate|p1a: Great Tusk|ability: Protosynthesis|[fromitem]\n|-start|p1a: Great Tusk|protosynthesisspe\n|turn|23\n|inactive|edzigoto has 120 seconds left.\n|inactive|edzigoto has 90 seconds left.\n|inactive|edzigoto has 60 seconds left.\n|inactive|edzigoto has 30 seconds left.\n|\n|t:|1700590030\n|-terastallize|p2a: Kingambit|Flying\n|move|p1a: Great Tusk|Close Combat|p2a: Kingambit\n|-resisted|p2a: Kingambit\n|-damage|p2a: Kingambit|26\/100\n|-unboost|p1a: Great Tusk|def|1\n|-unboost|p1a: Great Tusk|spd|1\n|move|p2a: Kingambit|Iron Head|p1a: Great Tusk\n|-damage|p1a: Great Tusk|0 fnt\n|faint|p1a: Great Tusk\n|-end|p1a: Great Tusk|Protosynthesis|[silent]\n|\n|-heal|p2a: Kingambit|32\/100|[from] item: Leftovers\n|upkeep\n|c|\u2606edzigoto|gg\n|inactive|edzigoto has 30 seconds left.\n|inactive|edzigoto has 20 seconds left.\n|\n|t:|1700590046\n|switch|p1a: Cinderace|Cinderace, M|100\/100\n|turn|24\n|inactive|edzigoto has 30 seconds left this turn.\n|inactive|edzigoto has 20 seconds left.\n|\n|t:|1700590057\n|move|p2a: Kingambit|Sucker Punch||[still]\n|-fail|p2a: Kingambit\n|move|p1a: Cinderace|Court Change|p1a: Cinderace\n|-start|p1a: Cinderace|typechange|Normal|[from] ability: Libero\n|-swapsideconditions\n|-activate|p1a: Cinderace|move: Court Change\n|\n|-heal|p2a: Kingambit|39\/100|[from] item: Leftovers\n|upkeep\n|turn|25\n|inactive|edzigoto has 30 seconds left this turn.\n|l| bruhman1234\n|\n|t:|1700590062\n|move|p2a: Kingambit|Sucker Punch||[still]\n|-fail|p2a: Kingambit\n|move|p1a: Cinderace|Court Change|p1a: Cinderace\n|-swapsideconditions\n|-activate|p1a: Cinderace|move: Court Change\n|\n|-heal|p2a: Kingambit|45\/100|[from] item: Leftovers\n|upkeep\n|turn|26\n|\n|t:|1700590066\n|move|p2a: Kingambit|Sucker Punch||[still]\n|-fail|p2a: Kingambit\n|move|p1a: Cinderace|Court Change|p1a: Cinderace\n|-swapsideconditions\n|-activate|p1a: Cinderace|move: Court Change\n|\n|-heal|p2a: Kingambit|51\/100|[from] item: Leftovers\n|upkeep\n|turn|27\n|\n|t:|1700590070\n|move|p2a: Kingambit|Sucker Punch||[still]\n|-fail|p2a: Kingambit\n|move|p1a: Cinderace|Court Change|p1a: Cinderace\n|-swapsideconditions\n|-activate|p1a: Cinderace|move: Court Change\n|\n|-heal|p2a: Kingambit|57\/100|[from] item: Leftovers\n|upkeep\n|turn|28\n|\n|t:|1700590074\n|move|p2a: Kingambit|Sucker Punch||[still]\n|-fail|p2a: Kingambit\n|move|p1a: Cinderace|Court Change|p1a: Cinderace\n|-swapsideconditions\n|-activate|p1a: Cinderace|move: Court Change\n|\n|-heal|p2a: Kingambit|63\/100|[from] item: Leftovers\n|upkeep\n|turn|29\n|\n|t:|1700590078\n|-terastallize|p1a: Cinderace|Fire\n|move|p2a: Kingambit|Sucker Punch|p1a: Cinderace\n|-damage|p1a: Cinderace|0 fnt\n|faint|p1a: Cinderace\n|\n|win|friedfreak\n|raw|edzigoto's rating: 1905 &rarr; <strong>1881<\/strong><br \/>(-24 for losing)\n|raw|friedfreak's rating: 1828 &rarr; <strong>1852<\/strong><br \/>(+24 for winning)\n|l| mo0_mo0\n","uploadtime":1700590092,"views":4,"p1id":"edzigoto","p2id":"friedfreak","formatid":"gen9ou","rating":1852,"private":0,"password":""}