{"id":"gen9ou-1989889191","p1":"MetalMetalCharz","p2":"Luadchris","format":"[Gen 9] OU","log":"|j|\u2606MetalMetalCharz\n|j|\u2606Luadchris\n|t:|1699904170\n|gametype|singles\n|player|p1|MetalMetalCharz|169|1239\n|player|p2|Luadchris|zinnia|1264\n|teamsize|p1|6\n|teamsize|p2|6\n|gen|9\n|tier|[Gen 9] OU\n|rated|\n|rule|Sleep Clause Mod: Limit one foe put to sleep\n|rule|Species Clause: Limit one of each Pok\u00e9mon\n|rule|OHKO Clause: OHKO moves are banned\n|rule|Evasion Items Clause: Evasion items are banned\n|rule|Evasion Moves Clause: Evasion moves are banned\n|rule|Endless Battle Clause: Forcing endless battles is banned\n|rule|HP Percentage Mod: HP is shown in percentages\n|clearpoke\n|poke|p1|Dragonite, F|\n|poke|p1|Mamoswine, F|\n|poke|p1|Gardevoir, M|\n|poke|p1|Rotom-Wash|\n|poke|p1|Garganacl, M|\n|poke|p1|Scizor, M|\n|poke|p2|Ceruledge, F|\n|poke|p2|Landorus-Therian, M|\n|poke|p2|Gholdengo|\n|poke|p2|Clefable, M|\n|poke|p2|Samurott-Hisui, F|\n|poke|p2|Ribombee, M|\n|teampreview\n|\n|t:|1699904179\n|start\n|switch|p1a: Mamoswine|Mamoswine, F|100\/100\n|switch|p2a: Landorus|Landorus-Therian, M|100\/100\n|-ability|p2a: Landorus|Intimidate|boost\n|-unboost|p1a: Mamoswine|atk|1\n|turn|1\n|inactive|Battle timer is ON: inactive players will automatically lose when time's up. (requested by MetalMetalCharz)\n|\n|t:|1699904188\n|switch|p2a: Ceruledge|Ceruledge, F|100\/100\n|move|p1a: Mamoswine|Icicle Spear|p2a: Ceruledge\n|-resisted|p2a: Ceruledge\n|-damage|p2a: Ceruledge|94\/100\n|-ability|p2a: Ceruledge|Weak Armor|boost\n|-unboost|p2a: Ceruledge|def|1\n|-boost|p2a: Ceruledge|spe|2\n|-resisted|p2a: Ceruledge\n|-damage|p2a: Ceruledge|85\/100\n|-ability|p2a: Ceruledge|Weak Armor|boost\n|-unboost|p2a: Ceruledge|def|1\n|-boost|p2a: Ceruledge|spe|2\n|-resisted|p2a: Ceruledge\n|-damage|p2a: Ceruledge|74\/100\n|-ability|p2a: Ceruledge|Weak Armor|boost\n|-unboost|p2a: Ceruledge|def|1\n|-boost|p2a: Ceruledge|spe|2\n|-resisted|p2a: Ceruledge\n|-damage|p2a: Ceruledge|59\/100\n|-ability|p2a: Ceruledge|Weak Armor|boost\n|-unboost|p2a: Ceruledge|def|1\n|-resisted|p2a: Ceruledge\n|-crit|p2a: Ceruledge\n|-damage|p2a: Ceruledge|16\/100\n|-ability|p2a: Ceruledge|Weak Armor|boost\n|-unboost|p2a: Ceruledge|def|1\n|-hitcount|p2a: Ceruledge|5\n|\n|upkeep\n|turn|2\n|c|\u2606Luadchris|OW\n|\n|t:|1699904209\n|-terastallize|p2a: Ceruledge|Fighting\n|move|p1a: Mamoswine|Ice Shard|p2a: Ceruledge\n|-damage|p2a: Ceruledge|0 fnt\n|faint|p2a: Ceruledge\n|\n|upkeep\n|c|\u2606Luadchris|shit\n|c|\u2606Luadchris|fuck\n|c|\u2606Luadchris|ow\n|\n|t:|1699904219\n|switch|p2a: Samurott|Samurott-Hisui, F|100\/100\n|turn|3\n|\n|t:|1699904227\n|switch|p1a: Rotom|Rotom-Wash|100\/100\n|move|p2a: Samurott|Razor Shell|p1a: Rotom\n|-resisted|p1a: Rotom\n|-damage|p1a: Rotom|81\/100\n|-unboost|p1a: Rotom|def|1\n|\n|upkeep\n|turn|4\n|\n|t:|1699904236\n|switch|p2a: Landorus|Landorus-Therian, M|100\/100\n|-ability|p2a: Landorus|Intimidate|boost\n|-unboost|p1a: Rotom|atk|1\n|move|p1a: Rotom|Volt Switch|p2a: Landorus\n|-immune|p2a: Landorus\n|\n|upkeep\n|turn|5\n|\n|t:|1699904244\n|move|p2a: Landorus|Stealth Rock|p1a: Rotom\n|-sidestart|p1: MetalMetalCharz|move: Stealth Rock\n|move|p1a: Rotom|Hydro Pump|p2a: Landorus\n|-supereffective|p2a: Landorus\n|-damage|p2a: Landorus|0 fnt\n|faint|p2a: Landorus\n|\n|upkeep\n|\n|t:|1699904250\n|switch|p2a: Ribombee|Ribombee, M|100\/100\n|turn|6\n|\n|t:|1699904254\n|move|p2a: Ribombee|Sticky Web|p1a: Rotom\n|-sidestart|p1: MetalMetalCharz|move: Sticky Web\n|move|p1a: Rotom|Volt Switch|p2a: Ribombee\n|-damage|p2a: Ribombee|63\/100\n|\n|t:|1699904256\n|switch|p1a: Scizor|Scizor, M|100\/100|[from] Volt Switch\n|-damage|p1a: Scizor|88\/100|[from] Stealth Rock\n|-activate|p1a: Scizor|move: Sticky Web\n|-unboost|p1a: Scizor|spe|1\n|\n|-heal|p1a: Scizor|94\/100|[from] item: Leftovers\n|upkeep\n|turn|7\n|\n|t:|1699904267\n|move|p2a: Ribombee|Stun Spore|p1a: Scizor\n|-status|p1a: Scizor|par\n|move|p1a: Scizor|Knock Off|p2a: Ribombee\n|-resisted|p2a: Ribombee\n|-damage|p2a: Ribombee|36\/100\n|-enditem|p2a: Ribombee|Focus Sash|[from] move: Knock Off|[of] p1a: Scizor\n|\n|-heal|p1a: Scizor|99\/100 par|[from] item: Leftovers\n|upkeep\n|turn|8\n|\n|t:|1699904274\n|move|p2a: Ribombee|U-turn|p1a: Scizor\n|-resisted|p1a: Scizor\n|-damage|p1a: Scizor|94\/100 par\n|\n|t:|1699904278\n|switch|p2a: Gholdengo|Gholdengo|100\/100|[from] U-turn\n|move|p1a: Scizor|Defog|p2a: Gholdengo\n|-immune|p2a: Gholdengo|[from] ability: Good as Gold\n|\n|-heal|p1a: Scizor|99\/100 par|[from] item: Leftovers\n|upkeep\n|turn|9\n|\n|t:|1699904291\n|move|p2a: Gholdengo|Recover||[still]\n|-fail|p2a: Gholdengo|heal\n|move|p1a: Scizor|Knock Off|p2a: Gholdengo\n|-supereffective|p2a: Gholdengo\n|-damage|p2a: Gholdengo|25\/100\n|-enditem|p2a: Gholdengo|Heavy-Duty Boots|[from] move: Knock Off|[of] p1a: Scizor\n|\n|-heal|p1a: Scizor|100\/100 par|[from] item: Leftovers\n|upkeep\n|turn|10\n|\n|t:|1699904294\n|move|p2a: Gholdengo|Recover|p2a: Gholdengo\n|-heal|p2a: Gholdengo|75\/100\n|move|p1a: Scizor|Knock Off|p2a: Gholdengo\n|-supereffective|p2a: Gholdengo\n|-damage|p2a: Gholdengo|27\/100\n|\n|upkeep\n|turn|11\n|\n|t:|1699904301\n|move|p2a: Gholdengo|Shadow Ball|p1a: Scizor\n|-damage|p1a: Scizor|48\/100 par\n|move|p1a: Scizor|Knock Off|p2a: Gholdengo\n|-supereffective|p2a: Gholdengo\n|-damage|p2a: Gholdengo|0 fnt\n|faint|p2a: Gholdengo\n|\n|-heal|p1a: Scizor|54\/100 par|[from] item: Leftovers\n|upkeep\n|\n|t:|1699904307\n|switch|p2a: Samurott|Samurott-Hisui, F|100\/100\n|turn|12\n|\n|t:|1699904309\n|move|p2a: Samurott|Razor Shell|p1a: Scizor\n|-damage|p1a: Scizor|0 fnt\n|faint|p1a: Scizor\n|\n|upkeep\n|\n|t:|1699904316\n|switch|p1a: Dragonite|Dragonite, F|100\/100\n|turn|13\n|\n|t:|1699904320\n|switch|p2a: Ribombee|Ribombee, M|36\/100\n|move|p1a: Dragonite|Dragon Dance|p1a: Dragonite\n|-boost|p1a: Dragonite|atk|1\n|-boost|p1a: Dragonite|spe|1\n|\n|upkeep\n|turn|14\n|\n|t:|1699904326\n|move|p1a: Dragonite|Extreme Speed|p2a: Ribombee\n|-damage|p2a: Ribombee|0 fnt\n|faint|p2a: Ribombee\n|\n|upkeep\n|\n|t:|1699904329\n|switch|p2a: Clefable|Clefable, M|100\/100\n|turn|15\n|\n|t:|1699904335\n|-terastallize|p1a: Dragonite|Normal\n|move|p1a: Dragonite|Extreme Speed|p2a: Clefable\n|-damage|p2a: Clefable|43\/100\n|move|p2a: Clefable|Wish|p2a: Clefable\n|\n|upkeep\n|turn|16\n|\n|t:|1699904340\n|move|p2a: Clefable|Protect|p2a: Clefable\n|-singleturn|p2a: Clefable|Protect\n|move|p1a: Dragonite|Extreme Speed|p2a: Clefable\n|-activate|p2a: Clefable|move: Protect\n|\n|-heal|p2a: Clefable|93\/100|[from] move: Wish|[wisher] Clefable\n|upkeep\n|turn|17\n|\n|t:|1699904349\n|move|p1a: Dragonite|Extreme Speed|p2a: Clefable\n|-damage|p2a: Clefable|36\/100\n|move|p2a: Clefable|Wish|p2a: Clefable\n|\n|upkeep\n|turn|18\n|\n|t:|1699904354\n|move|p1a: Dragonite|Dragon Dance|p1a: Dragonite\n|-boost|p1a: Dragonite|atk|1\n|-boost|p1a: Dragonite|spe|1\n|move|p2a: Clefable|Moonblast|p1a: Dragonite\n|-damage|p1a: Dragonite|78\/100\n|\n|-heal|p2a: Clefable|86\/100|[from] move: Wish|[wisher] Clefable\n|upkeep\n|turn|19\n|\n|t:|1699904359\n|move|p1a: Dragonite|Extreme Speed|p2a: Clefable\n|-damage|p2a: Clefable|14\/100\n|move|p2a: Clefable|Wish|p2a: Clefable\n|\n|upkeep\n|turn|20\n|\n|t:|1699904362\n|move|p2a: Clefable|Protect|p2a: Clefable\n|-singleturn|p2a: Clefable|Protect\n|move|p1a: Dragonite|Extreme Speed|p2a: Clefable\n|-activate|p2a: Clefable|move: Protect\n|\n|-heal|p2a: Clefable|64\/100|[from] move: Wish|[wisher] Clefable\n|upkeep\n|turn|21\n|\n|t:|1699904367\n|move|p1a: Dragonite|Extreme Speed|p2a: Clefable\n|-damage|p2a: Clefable|0 fnt\n|faint|p2a: Clefable\n|\n|upkeep\n|\n|t:|1699904369\n|switch|p2a: Samurott|Samurott-Hisui, F|100\/100\n|turn|22\n|\n|t:|1699904373\n|move|p1a: Dragonite|Extreme Speed|p2a: Samurott\n|-damage|p2a: Samurott|0 fnt\n|faint|p2a: Samurott\n|\n|win|MetalMetalCharz\n|raw|MetalMetalCharz's rating: 1239 &rarr; <strong>1266<\/strong><br \/>(+27 for winning)\n|raw|Luadchris's rating: 1264 &rarr; <strong>1237<\/strong><br \/>(-27 for losing)\n|l|\u2606Luadchris\n|c|\u2606MetalMetalCharz|Faq\n","uploadtime":1699904387,"views":15,"p1id":"metalmetalcharz","p2id":"luadchris","formatid":"gen9ou","rating":1237,"private":0,"password":""}