{"id":"gen9ou-1989303133","p1":"Nasty N","p2":"NOAHXKENSHIN","format":"[Gen 9] OU","log":"|j|\u2606Nasty N\n|j|\u2606NOAHXKENSHIN\n|t:|1699833980\n|gametype|singles\n|player|p1|Nasty N|n|1084\n|player|p2|NOAHXKENSHIN|265|1061\n|teamsize|p1|6\n|teamsize|p2|6\n|gen|9\n|tier|[Gen 9] OU\n|rated|\n|rule|Sleep Clause Mod: Limit one foe put to sleep\n|rule|Species Clause: Limit one of each Pok\u00e9mon\n|rule|OHKO Clause: OHKO moves are banned\n|rule|Evasion Items Clause: Evasion items are banned\n|rule|Evasion Moves Clause: Evasion moves are banned\n|rule|Endless Battle Clause: Forcing endless battles is banned\n|rule|HP Percentage Mod: HP is shown in percentages\n|clearpoke\n|poke|p1|Iron Moth|\n|poke|p1|Dragonite, F|\n|poke|p1|Ogerpon-Wellspring, F|\n|poke|p1|Iron Valiant|\n|poke|p1|Kingambit, F|\n|poke|p1|Thundurus-Therian, M|\n|poke|p2|Torkoal, M|\n|poke|p2|Walking Wake|\n|poke|p2|Great Tusk|\n|poke|p2|Iron Moth|\n|poke|p2|Glimmora, M|\n|poke|p2|Hatterene, F|\n|teampreview\n|inactive|Battle timer is ON: inactive players will automatically lose when time's up. (requested by Nasty N)\n|\n|t:|1699833996\n|start\n|switch|p1a: Iron Moth|Iron Moth|100\/100\n|switch|p2a: Glimmora|Glimmora, M|100\/100\n|-enditem|p1a: Iron Moth|Booster Energy\n|-activate|p1a: Iron Moth|ability: Quark Drive|[fromitem]\n|-start|p1a: Iron Moth|quarkdrivespe\n|turn|1\n|\n|t:|1699834002\n|move|p1a: Iron Moth|Substitute|p1a: Iron Moth\n|-start|p1a: Iron Moth|Substitute\n|-damage|p1a: Iron Moth|76\/100\n|move|p2a: Glimmora|Power Gem|p1a: Iron Moth\n|-supereffective|p1a: Iron Moth\n|-end|p1a: Iron Moth|Substitute\n|\n|upkeep\n|turn|2\n|\n|t:|1699834007\n|move|p1a: Iron Moth|Energy Ball|p2a: Glimmora\n|-crit|p2a: Glimmora\n|-damage|p2a: Glimmora|46\/100\n|move|p2a: Glimmora|Power Gem|p1a: Iron Moth\n|-supereffective|p1a: Iron Moth\n|-damage|p1a: Iron Moth|9\/100\n|\n|upkeep\n|turn|3\n|\n|t:|1699834014\n|move|p1a: Iron Moth|Energy Ball|p2a: Glimmora\n|-damage|p2a: Glimmora|11\/100\n|move|p2a: Glimmora|Stealth Rock|p1a: Iron Moth\n|-sidestart|p1: Nasty N|move: Stealth Rock\n|\n|upkeep\n|turn|4\n|\n|t:|1699834025\n|move|p1a: Iron Moth|Fiery Dance|p2a: Glimmora\n|-resisted|p2a: Glimmora\n|-damage|p2a: Glimmora|0 fnt\n|-boost|p1a: Iron Moth|spa|1\n|faint|p2a: Glimmora\n|\n|upkeep\n|\n|t:|1699834030\n|switch|p2a: Torkoal|Torkoal, M, shiny|100\/100\n|-weather|SunnyDay|[from] ability: Drought|[of] p2a: Torkoal\n|turn|5\n|\n|t:|1699834042\n|move|p1a: Iron Moth|Sludge Wave|p2a: Torkoal\n|-damage|p2a: Torkoal|8\/100\n|move|p2a: Torkoal|Lava Plume|p1a: Iron Moth\n|-resisted|p1a: Iron Moth\n|-damage|p1a: Iron Moth|0 fnt\n|faint|p1a: Iron Moth\n|-end|p1a: Iron Moth|Quark Drive|[silent]\n|\n|-weather|SunnyDay|[upkeep]\n|upkeep\n|\n|t:|1699834058\n|switch|p1a: Thundurus|Thundurus-Therian, M|100\/100\n|-damage|p1a: Thundurus|76\/100|[from] Stealth Rock\n|turn|6\n|\n|t:|1699834066\n|switch|p2a: Great Tusk|Great Tusk|100\/100\n|-activate|p2a: Great Tusk|ability: Protosynthesis\n|-start|p2a: Great Tusk|protosynthesisatk\n|move|p1a: Thundurus|Nasty Plot|p1a: Thundurus\n|-boost|p1a: Thundurus|spa|2\n|\n|-weather|SunnyDay|[upkeep]\n|upkeep\n|turn|7\n|\n|t:|1699834077\n|move|p1a: Thundurus|Grass Knot|p2a: Great Tusk\n|-supereffective|p2a: Great Tusk\n|-damage|p2a: Great Tusk|0 fnt\n|faint|p2a: Great Tusk\n|-end|p2a: Great Tusk|Protosynthesis|[silent]\n|\n|-weather|SunnyDay|[upkeep]\n|upkeep\n|inactive|NOAHXKENSHIN has 120 seconds left.\n|\n|t:|1699834130\n|switch|p2a: Walking Wake|Walking Wake|100\/100\n|-activate|p2a: Walking Wake|ability: Protosynthesis\n|-start|p2a: Walking Wake|protosynthesisspa\n|turn|8\n|\n|t:|1699834148\n|move|p2a: Walking Wake|Hydro Steam|p1a: Thundurus\n|-damage|p1a: Thundurus|0 fnt\n|faint|p1a: Thundurus\n|\n|-weather|SunnyDay|[upkeep]\n|upkeep\n|\n|t:|1699834162\n|switch|p1a: Dragonite|Dragonite, F|100\/100\n|turn|9\n|inactive|NOAHXKENSHIN has 120 seconds left.\n|inactive|NOAHXKENSHIN has 90 seconds left.\n|\n|t:|1699834213\n|-end|p2a: Walking Wake|Protosynthesis|[silent]\n|switch|p2a: Iron Moth|Iron Moth|100\/100\n|-enditem|p2a: Iron Moth|Booster Energy\n|-activate|p2a: Iron Moth|ability: Quark Drive|[fromitem]\n|-start|p2a: Iron Moth|quarkdrivespa\n|move|p1a: Dragonite|Dragon Dance|p1a: Dragonite\n|-boost|p1a: Dragonite|atk|1\n|-boost|p1a: Dragonite|spe|1\n|\n|-weather|SunnyDay|[upkeep]\n|upkeep\n|turn|10\n|\n|t:|1699834227\n|move|p1a: Dragonite|Earthquake|p2a: Iron Moth\n|-supereffective|p2a: Iron Moth\n|-damage|p2a: Iron Moth|0 fnt\n|faint|p2a: Iron Moth\n|-end|p2a: Iron Moth|Quark Drive|[silent]\n|\n|-weather|SunnyDay|[upkeep]\n|upkeep\n|\n|t:|1699834229\n|switch|p2a: Walking Wake|Walking Wake|100\/100\n|-activate|p2a: Walking Wake|ability: Protosynthesis\n|-start|p2a: Walking Wake|protosynthesisspa\n|turn|11\n|\n|t:|1699834244\n|move|p2a: Walking Wake|Draco Meteor|p1a: Dragonite\n|-supereffective|p1a: Dragonite\n|-damage|p1a: Dragonite|7\/100\n|-unboost|p2a: Walking Wake|spa|2\n|move|p1a: Dragonite|Earthquake|p2a: Walking Wake\n|-damage|p2a: Walking Wake|36\/100\n|\n|-weather|SunnyDay|[upkeep]\n|upkeep\n|turn|12\n|\n|t:|1699834258\n|move|p1a: Dragonite|Extreme Speed|p2a: Walking Wake\n|-damage|p2a: Walking Wake|0 fnt\n|faint|p2a: Walking Wake\n|-end|p2a: Walking Wake|Protosynthesis|[silent]\n|\n|-weather|none\n|upkeep\n|inactive|NOAHXKENSHIN has 90 seconds left.\n|inactive|NOAHXKENSHIN has 60 seconds left.\n|\n|t:|1699834322\n|switch|p2a: Torkoal|Torkoal, M, shiny|8\/100\n|-weather|SunnyDay|[from] ability: Drought|[of] p2a: Torkoal\n|turn|13\n|\n|t:|1699834328\n|move|p1a: Dragonite|Extreme Speed|p2a: Torkoal\n|-damage|p2a: Torkoal|0 fnt\n|faint|p2a: Torkoal\n|\n|-weather|SunnyDay|[upkeep]\n|upkeep\n|\n|t:|1699834331\n|switch|p2a: Hatterene|Hatterene, F, shiny|100\/100\n|turn|14\n|\n|t:|1699834342\n|move|p1a: Dragonite|Fire Punch|p2a: Hatterene\n|-damage|p2a: Hatterene|28\/100\n|move|p2a: Hatterene|Draining Kiss|p1a: Dragonite\n|-supereffective|p1a: Dragonite\n|-damage|p1a: Dragonite|0 fnt\n|-heal|p2a: Hatterene|32\/100|[from] drain|[of] p1a: Dragonite\n|faint|p1a: Dragonite\n|\n|-weather|SunnyDay|[upkeep]\n|-heal|p2a: Hatterene|38\/100|[from] item: Leftovers\n|upkeep\n|\n|t:|1699834346\n|switch|p1a: Kingambit|Kingambit, F|100\/100\n|-activate|p1a: Kingambit|ability: Supreme Overlord\n|-start|p1a: Kingambit|fallen3|[silent]\n|turn|15\n|\n|t:|1699834351\n|-terastallize|p1a: Kingambit|Flying\n|-terastallize|p2a: Hatterene|Dragon\n|move|p1a: Kingambit|Iron Head|p2a: Hatterene\n|-damage|p2a: Hatterene|0 fnt\n|faint|p2a: Hatterene\n|\n|win|Nasty N\n|raw|Nasty N's rating: 1084 &rarr; <strong>1110<\/strong><br \/>(+26 for winning)\n|raw|NOAHXKENSHIN's rating: 1061 &rarr; <strong>1043<\/strong><br \/>(-18 for losing)\n","uploadtime":1699834363,"views":10,"p1id":"nastyn","p2id":"noahxkenshin","formatid":"gen9ou","rating":1043,"private":0,"password":""}