{"id":"gen9ou-1991881795","p1":"CHUNTomChan","p2":"Diatere","format":"[Gen 9] OU","log":"|j|\u2606CHUNTomChan\n|j|\u2606Diatere\n|t:|1700133039\n|gametype|singles\n|player|p1|CHUNTomChan|lucas-gen4pt|1418\n|player|p2|Diatere|mina|1360\n|teamsize|p1|6\n|teamsize|p2|6\n|gen|9\n|tier|[Gen 9] OU\n|rated|\n|rule|Sleep Clause Mod: Limit one foe put to sleep\n|rule|Species Clause: Limit one of each Pok\u00e9mon\n|rule|OHKO Clause: OHKO moves are banned\n|rule|Evasion Items Clause: Evasion items are banned\n|rule|Evasion Moves Clause: Evasion moves are banned\n|rule|Endless Battle Clause: Forcing endless battles is banned\n|rule|HP Percentage Mod: HP is shown in percentages\n|clearpoke\n|poke|p1|Kingambit, M|\n|poke|p1|Glimmora, F|\n|poke|p1|Zamazenta-*|\n|poke|p1|Iron Valiant|\n|poke|p1|Iron Moth|\n|poke|p1|Ogerpon-Wellspring, F|\n|poke|p2|Ninetales-Alola, M|\n|poke|p2|Sneasler, M|\n|poke|p2|Hatterene, F|\n|poke|p2|Manaphy|\n|poke|p2|Ogerpon-Cornerstone, F|\n|poke|p2|Rillaboom, M|\n|teampreview\n|inactive|Battle timer is ON: inactive players will automatically lose when time's up. (requested by CHUNTomChan)\n|\n|t:|1700133048\n|start\n|switch|p1a: Glimmora|Glimmora, F|100\/100\n|switch|p2a: Tavros|Ninetales-Alola, M|100\/100\n|-weather|Snow|[from] ability: Snow Warning|[of] p2a: Tavros\n|turn|1\n|\n|t:|1700133055\n|move|p2a: Tavros|Aurora Veil|p2a: Tavros\n|-sidestart|p2: Diatere|move: Aurora Veil\n|move|p1a: Glimmora|Stealth Rock|p2a: Tavros\n|-sidestart|p2: Diatere|move: Stealth Rock\n|\n|-weather|Snow|[upkeep]\n|upkeep\n|turn|2\n|\n|t:|1700133060\n|move|p2a: Tavros|Encore|p1a: Glimmora\n|-start|p1a: Glimmora|Encore\n|move|p1a: Glimmora|Stealth Rock||[still]\n|-fail|p1a: Glimmora\n|\n|-weather|Snow|[upkeep]\n|upkeep\n|turn|3\n|\n|t:|1700133066\n|switch|p2a: Gamzee|Rillaboom, M|100\/100\n|-damage|p2a: Gamzee|88\/100|[from] Stealth Rock\n|-fieldstart|move: Grassy Terrain|[from] ability: Grassy Surge|[of] p2a: Gamzee\n|switch|p1a: Kingambit|Kingambit, M, shiny|100\/100\n|\n|-weather|Snow|[upkeep]\n|-heal|p2a: Gamzee|94\/100|[from] Grassy Terrain\n|upkeep\n|turn|4\n|\n|t:|1700133075\n|move|p2a: Gamzee|U-turn|p1a: Kingambit\n|-damage|p1a: Kingambit|68\/100\n|\n|t:|1700133080\n|switch|p2a: Karkat|Sneasler, M|100\/100|[from] U-turn\n|-damage|p2a: Karkat|95\/100|[from] Stealth Rock\n|-enditem|p2a: Karkat|Grassy Seed\n|-boost|p2a: Karkat|def|1|[from] item: Grassy Seed\n|move|p1a: Kingambit|Swords Dance|p1a: Kingambit\n|-boost|p1a: Kingambit|atk|2\n|\n|-weather|Snow|[upkeep]\n|-heal|p2a: Karkat|100\/100|[from] Grassy Terrain\n|-heal|p1a: Kingambit|74\/100|[from] Grassy Terrain\n|upkeep\n|turn|5\n|\n|t:|1700133093\n|-terastallize|p1a: Kingambit|Flying\n|move|p2a: Karkat|Close Combat|p1a: Kingambit\n|-resisted|p1a: Kingambit\n|-damage|p1a: Kingambit|45\/100\n|-unboost|p2a: Karkat|def|1\n|-unboost|p2a: Karkat|spd|1\n|move|p1a: Kingambit|Iron Head|p2a: Karkat\n|-damage|p2a: Karkat|25\/100\n|\n|-weather|none\n|-heal|p2a: Karkat|31\/100|[from] Grassy Terrain\n|upkeep\n|turn|6\n|\n|t:|1700133106\n|move|p1a: Kingambit|Sucker Punch|p2a: Karkat\n|-resisted|p2a: Karkat\n|-damage|p2a: Karkat|0 fnt\n|faint|p2a: Karkat\n|\n|upkeep\n|\n|t:|1700133112\n|switch|p2a: Kanaya|Hatterene, F|100\/100\n|-damage|p2a: Kanaya|88\/100|[from] Stealth Rock\n|-enditem|p2a: Kanaya|Grassy Seed\n|-boost|p2a: Kanaya|def|1|[from] item: Grassy Seed\n|turn|7\n|\n|t:|1700133122\n|-terastallize|p2a: Kanaya|Water\n|move|p1a: Kingambit|Iron Head|p2a: Kanaya\n|-resisted|p2a: Kanaya\n|-damage|p2a: Kanaya|76\/100\n|move|p2a: Kanaya|Calm Mind|p2a: Kanaya\n|-boost|p2a: Kanaya|spa|1\n|-boost|p2a: Kanaya|spd|1\n|\n|-heal|p2a: Kanaya|82\/100|[from] Grassy Terrain\n|-fieldend|move: Grassy Terrain\n|upkeep\n|turn|8\n|\n|t:|1700133131\n|move|p1a: Kingambit|Kowtow Cleave|p2a: Kanaya\n|-crit|p2a: Kanaya\n|-damage|p2a: Kanaya|0 fnt\n|faint|p2a: Kanaya\n|\n|-sideend|p2: Diatere|move: Aurora Veil\n|upkeep\n|\n|t:|1700133136\n|switch|p2a: Tavros|Ninetales-Alola, M|100\/100\n|-damage|p2a: Tavros|76\/100|[from] Stealth Rock\n|-weather|Snow|[from] ability: Snow Warning|[of] p2a: Tavros\n|turn|9\n|\n|t:|1700133141\n|move|p2a: Tavros|Aurora Veil|p2a: Tavros\n|-sidestart|p2: Diatere|move: Aurora Veil\n|move|p1a: Kingambit|Iron Head|p2a: Tavros\n|-supereffective|p2a: Tavros\n|-damage|p2a: Tavros|0 fnt\n|faint|p2a: Tavros\n|\n|-weather|Snow|[upkeep]\n|upkeep\n|\n|t:|1700133149\n|switch|p2a: Terezi|Manaphy|100\/100\n|-damage|p2a: Terezi|88\/100|[from] Stealth Rock\n|turn|10\n|\n|t:|1700133152\n|move|p2a: Terezi|Acid Armor|p2a: Terezi\n|-boost|p2a: Terezi|def|2\n|move|p1a: Kingambit|Kowtow Cleave|p2a: Terezi\n|-damage|p2a: Terezi|64\/100\n|\n|-weather|Snow|[upkeep]\n|-heal|p2a: Terezi|70\/100|[from] item: Leftovers\n|upkeep\n|turn|11\n|\n|t:|1700133162\n|move|p2a: Terezi|Acid Armor|p2a: Terezi\n|-boost|p2a: Terezi|def|2\n|move|p1a: Kingambit|Kowtow Cleave|p2a: Terezi\n|-damage|p2a: Terezi|53\/100\n|\n|-weather|Snow|[upkeep]\n|-heal|p2a: Terezi|59\/100|[from] item: Leftovers\n|upkeep\n|turn|12\n|\n|t:|1700133172\n|move|p2a: Terezi|Take Heart|p2a: Terezi\n|-boost|p2a: Terezi|spa|1\n|-boost|p2a: Terezi|spd|1\n|move|p1a: Kingambit|Kowtow Cleave|p2a: Terezi\n|-damage|p2a: Terezi|41\/100\n|\n|-weather|Snow|[upkeep]\n|-heal|p2a: Terezi|47\/100|[from] item: Leftovers\n|upkeep\n|turn|13\n|\n|t:|1700133180\n|move|p2a: Terezi|Acid Armor|p2a: Terezi\n|-boost|p2a: Terezi|def|2\n|move|p1a: Kingambit|Kowtow Cleave|p2a: Terezi\n|-damage|p2a: Terezi|35\/100\n|\n|-weather|none\n|-heal|p2a: Terezi|41\/100|[from] item: Leftovers\n|upkeep\n|turn|14\n|\n|t:|1700133190\n|move|p2a: Terezi|Take Heart|p2a: Terezi\n|-boost|p2a: Terezi|spa|1\n|-boost|p2a: Terezi|spd|1\n|move|p1a: Kingambit|Kowtow Cleave|p2a: Terezi\n|-damage|p2a: Terezi|29\/100\n|\n|-heal|p2a: Terezi|35\/100|[from] item: Leftovers\n|upkeep\n|turn|15\n|\n|t:|1700133198\n|move|p2a: Terezi|Stored Power|p1a: Kingambit\n|-damage|p1a: Kingambit|0 fnt\n|faint|p1a: Kingambit\n|-end|p1a: Kingambit|fallenundefined|[silent]\n|\n|-heal|p2a: Terezi|41\/100|[from] item: Leftovers\n|upkeep\n|\n|t:|1700133204\n|switch|p1a: Glimmora|Glimmora, F|100\/100\n|turn|16\n|\n|t:|1700133217\n|move|p1a: Glimmora|Power Gem|p2a: Terezi\n|-damage|p2a: Terezi|32\/100\n|move|p2a: Terezi|Stored Power|p1a: Glimmora\n|-supereffective|p1a: Glimmora\n|-enditem|p1a: Glimmora|Focus Sash\n|-damage|p1a: Glimmora|1\/100\n|\n|-heal|p2a: Terezi|38\/100|[from] item: Leftovers\n|-sideend|p2: Diatere|move: Aurora Veil\n|upkeep\n|turn|17\n|\n|t:|1700133226\n|move|p1a: Glimmora|Mortal Spin|p2a: Terezi\n|-damage|p2a: Terezi|36\/100\n|-status|p2a: Terezi|psn\n|move|p2a: Terezi|Take Heart|p2a: Terezi\n|-boost|p2a: Terezi|spa|1\n|-boost|p2a: Terezi|spd|1\n|-curestatus|p2a: Terezi|psn|[msg]\n|\n|-heal|p2a: Terezi|43\/100|[from] item: Leftovers\n|upkeep\n|turn|18\n|\n|t:|1700133236\n|move|p1a: Glimmora|Mortal Spin|p2a: Terezi\n|-damage|p2a: Terezi|41\/100\n|-status|p2a: Terezi|psn\n|move|p2a: Terezi|Take Heart|p2a: Terezi\n|-boost|p2a: Terezi|spa|1\n|-boost|p2a: Terezi|spd|1\n|-curestatus|p2a: Terezi|psn|[msg]\n|\n|-heal|p2a: Terezi|47\/100|[from] item: Leftovers\n|upkeep\n|turn|19\n|-message|CHUNTomChan forfeited.\n|\n|win|Diatere\n|raw|CHUNTomChan's rating: 1418 &rarr; <strong>1395<\/strong><br \/>(-23 for losing)\n|raw|Diatere's rating: 1360 &rarr; <strong>1383<\/strong><br \/>(+23 for winning)\n|l|\u2606CHUNTomChan\n","uploadtime":1700133246,"views":12,"p1id":"chuntomchan","p2id":"diatere","formatid":"gen9ou","rating":1383,"private":0,"password":""}