{"id":"gen9ou-1991219864","p1":"TestAccount619","p2":"qq&gg","format":"[Gen 9] OU","log":"|j|\u2606TestAccount619\n|j|\u2606qq&gg\n|t:|1700058431\n|gametype|singles\n|player|p1|TestAccount619|1|1203\n|player|p2|qq&gg|blackbelt-gen4dp|1174\n|teamsize|p1|6\n|teamsize|p2|6\n|gen|9\n|tier|[Gen 9] OU\n|rated|\n|rule|Sleep Clause Mod: Limit one foe put to sleep\n|rule|Species Clause: Limit one of each Pok\u00e9mon\n|rule|OHKO Clause: OHKO moves are banned\n|rule|Evasion Items Clause: Evasion items are banned\n|rule|Evasion Moves Clause: Evasion moves are banned\n|rule|Endless Battle Clause: Forcing endless battles is banned\n|rule|HP Percentage Mod: HP is shown in percentages\n|clearpoke\n|poke|p1|Samurott-Hisui, M|\n|poke|p1|Gholdengo|\n|poke|p1|Ting-Lu|\n|poke|p1|Hatterene, F|\n|poke|p1|Breloom, M|\n|poke|p1|Dragonite, M|\n|poke|p2|Blissey, F|\n|poke|p2|Iron Moth|\n|poke|p2|Kingambit, M|\n|poke|p2|Dragapult, M|\n|poke|p2|Manaphy|\n|poke|p2|Corviknight, F|\n|teampreview\n|inactive|Battle timer is ON: inactive players will automatically lose when time's up. (requested by TestAccount619)\n|\n|t:|1700058441\n|start\n|switch|p1a: Gholdengo|Gholdengo|100\/100\n|switch|p2a: Manaphy|Manaphy|100\/100\n|turn|1\n|\n|t:|1700058449\n|move|p2a: Manaphy|Surf|p1a: Gholdengo\n|-damage|p1a: Gholdengo|65\/100\n|move|p1a: Gholdengo|Thunder Wave|p2a: Manaphy\n|-status|p2a: Manaphy|par\n|\n|-heal|p1a: Gholdengo|71\/100|[from] item: Leftovers\n|upkeep\n|turn|2\n|\n|t:|1700058457\n|move|p1a: Gholdengo|Hex|p2a: Manaphy\n|-damage|p2a: Manaphy|41\/100 par\n|move|p2a: Manaphy|Surf|p1a: Gholdengo\n|-damage|p1a: Gholdengo|34\/100\n|\n|-heal|p1a: Gholdengo|40\/100|[from] item: Leftovers\n|-heal|p2a: Manaphy|47\/100 par|[from] item: Leftovers\n|upkeep\n|turn|3\n|\n|t:|1700058465\n|move|p1a: Gholdengo|Recover|p1a: Gholdengo\n|-heal|p1a: Gholdengo|90\/100\n|move|p2a: Manaphy|Surf|p1a: Gholdengo\n|-damage|p1a: Gholdengo|53\/100\n|\n|-heal|p1a: Gholdengo|59\/100|[from] item: Leftovers\n|-heal|p2a: Manaphy|53\/100 par|[from] item: Leftovers\n|upkeep\n|turn|4\n|\n|t:|1700058473\n|move|p1a: Gholdengo|Hex|p2a: Manaphy\n|-damage|p2a: Manaphy|0 fnt\n|faint|p2a: Manaphy\n|\n|-heal|p1a: Gholdengo|65\/100|[from] item: Leftovers\n|upkeep\n|\n|t:|1700058484\n|switch|p2a: Kingambit|Kingambit, M|100\/100\n|-activate|p2a: Kingambit|ability: Supreme Overlord\n|-start|p2a: Kingambit|fallen1|[silent]\n|turn|5\n|\n|t:|1700058492\n|switch|p1a: Ting-Lu|Ting-Lu|100\/100\n|-ability|p1a: Ting-Lu|Vessel of Ruin\n|move|p2a: Kingambit|Kowtow Cleave|p1a: Ting-Lu\n|-resisted|p1a: Ting-Lu\n|-damage|p1a: Ting-Lu|86\/100\n|\n|-heal|p1a: Ting-Lu|92\/100|[from] item: Leftovers\n|upkeep\n|turn|6\n|\n|t:|1700058506\n|-end|p2a: Kingambit|fallen1|[silent]\n|switch|p2a: Corviknight|Corviknight, F|100\/100\n|-ability|p2a: Corviknight|Pressure\n|move|p1a: Ting-Lu|Stealth Rock|p2a: Corviknight\n|-sidestart|p2: qq&gg|move: Stealth Rock\n|\n|-heal|p1a: Ting-Lu|98\/100|[from] item: Leftovers\n|upkeep\n|turn|7\n|\n|t:|1700058519\n|switch|p1a: Gholdengo|Gholdengo|65\/100\n|move|p2a: Corviknight|Defog|p1a: Gholdengo\n|-immune|p1a: Gholdengo|[from] ability: Good as Gold\n|\n|-heal|p1a: Gholdengo|71\/100|[from] item: Leftovers\n|upkeep\n|turn|8\n|\n|t:|1700058528\n|move|p1a: Gholdengo|Thunder Wave|p2a: Corviknight\n|-status|p2a: Corviknight|par\n|move|p2a: Corviknight|U-turn|p1a: Gholdengo\n|-resisted|p1a: Gholdengo\n|-damage|p1a: Gholdengo|68\/100\n|\n|t:|1700058534\n|switch|p2a: Kingambit|Kingambit, M|100\/100|[from] U-turn\n|-damage|p2a: Kingambit|94\/100|[from] Stealth Rock\n|-activate|p2a: Kingambit|ability: Supreme Overlord\n|-start|p2a: Kingambit|fallen1|[silent]\n|\n|-heal|p1a: Gholdengo|75\/100|[from] item: Leftovers\n|-heal|p2a: Kingambit|100\/100|[from] item: Leftovers\n|upkeep\n|turn|9\n|\n|t:|1700058544\n|switch|p1a: Breloom|Breloom, M, shiny|100\/100\n|move|p2a: Kingambit|Kowtow Cleave|p1a: Breloom\n|-resisted|p1a: Breloom\n|-damage|p1a: Breloom|58\/100\n|\n|upkeep\n|turn|10\n|\n|t:|1700058555\n|-end|p2a: Kingambit|fallen1|[silent]\n|switch|p2a: Iron Moth|Iron Moth|100\/100\n|-damage|p2a: Iron Moth|76\/100|[from] Stealth Rock\n|move|p1a: Breloom|Close Combat|p2a: Iron Moth\n|-resisted|p2a: Iron Moth\n|-damage|p2a: Iron Moth|0 fnt\n|-unboost|p1a: Breloom|def|1\n|-unboost|p1a: Breloom|spd|1\n|faint|p2a: Iron Moth\n|-end|p2a: Iron Moth|Quark Drive|[silent]\n|\n|upkeep\n|\n|t:|1700058564\n|switch|p2a: Dragapult|Dragapult, M|100\/100\n|-damage|p2a: Dragapult|88\/100|[from] Stealth Rock\n|turn|11\n|\n|t:|1700058575\n|switch|p1a: Ting-Lu|Ting-Lu|98\/100\n|-ability|p1a: Ting-Lu|Vessel of Ruin\n|move|p2a: Dragapult|Dragon Dance|p2a: Dragapult\n|-boost|p2a: Dragapult|atk|1\n|-boost|p2a: Dragapult|spe|1\n|\n|-heal|p2a: Dragapult|94\/100|[from] item: Leftovers\n|-heal|p1a: Ting-Lu|100\/100|[from] item: Leftovers\n|upkeep\n|turn|12\n|\n|t:|1700058587\n|move|p2a: Dragapult|Dragon Darts|p1a: Ting-Lu\n|-damage|p1a: Ting-Lu|76\/100\n|-anim|p2a: Dragapult|Dragon Darts|p1a: Ting-Lu\n|-damage|p1a: Ting-Lu|52\/100\n|move|p1a: Ting-Lu|Whirlwind|p2a: Dragapult\n|drag|p2a: Corviknight|Corviknight, F|100\/100 par\n|-damage|p2a: Corviknight|88\/100 par|[from] Stealth Rock\n|-ability|p2a: Corviknight|Pressure\n|\n|-heal|p1a: Ting-Lu|58\/100|[from] item: Leftovers\n|-heal|p2a: Corviknight|94\/100 par|[from] item: Leftovers\n|upkeep\n|turn|13\n|\n|t:|1700058601\n|switch|p1a: Gholdengo|Gholdengo|75\/100\n|cant|p2a: Corviknight|par\n|\n|-heal|p1a: Gholdengo|81\/100|[from] item: Leftovers\n|-heal|p2a: Corviknight|100\/100 par|[from] item: Leftovers\n|upkeep\n|turn|14\n|\n|t:|1700058610\n|move|p1a: Gholdengo|Hex|p2a: Corviknight\n|-damage|p2a: Corviknight|45\/100 par\n|cant|p2a: Corviknight|par\n|\n|-heal|p1a: Gholdengo|87\/100|[from] item: Leftovers\n|-heal|p2a: Corviknight|51\/100 par|[from] item: Leftovers\n|upkeep\n|turn|15\n|\n|t:|1700058620\n|switch|p2a: Kingambit|Kingambit, M|100\/100\n|-damage|p2a: Kingambit|94\/100|[from] Stealth Rock\n|-activate|p2a: Kingambit|ability: Supreme Overlord\n|-start|p2a: Kingambit|fallen2|[silent]\n|move|p1a: Gholdengo|Hex|p2a: Kingambit\n|-resisted|p2a: Kingambit\n|-damage|p2a: Kingambit|81\/100\n|\n|-heal|p1a: Gholdengo|93\/100|[from] item: Leftovers\n|-heal|p2a: Kingambit|88\/100|[from] item: Leftovers\n|upkeep\n|turn|16\n|\n|t:|1700058636\n|switch|p1a: Ting-Lu|Ting-Lu|58\/100\n|-ability|p1a: Ting-Lu|Vessel of Ruin\n|move|p2a: Kingambit|Iron Head|p1a: Ting-Lu\n|-damage|p1a: Ting-Lu|26\/100\n|\n|-heal|p2a: Kingambit|94\/100|[from] item: Leftovers\n|-heal|p1a: Ting-Lu|32\/100|[from] item: Leftovers\n|upkeep\n|turn|17\n|\n|t:|1700058646\n|move|p2a: Kingambit|Iron Head|p1a: Ting-Lu\n|-damage|p1a: Ting-Lu|1\/100\n|cant|p1a: Ting-Lu|flinch\n|\n|-heal|p2a: Kingambit|99\/100|[from] item: Leftovers\n|-heal|p1a: Ting-Lu|7\/100|[from] item: Leftovers\n|upkeep\n|turn|18\n|\n|t:|1700058656\n|move|p2a: Kingambit|Iron Head|p1a: Ting-Lu\n|-damage|p1a: Ting-Lu|0 fnt\n|faint|p1a: Ting-Lu\n|\n|-heal|p2a: Kingambit|100\/100|[from] item: Leftovers\n|upkeep\n|\n|t:|1700058658\n|switch|p1a: Breloom|Breloom, M, shiny|58\/100\n|turn|19\n|\n|t:|1700058673\n|-terastallize|p2a: Kingambit|Flying\n|move|p1a: Breloom|Mach Punch|p2a: Kingambit\n|-resisted|p2a: Kingambit\n|-damage|p2a: Kingambit|81\/100\n|move|p2a: Kingambit|Iron Head|p1a: Breloom\n|-damage|p1a: Breloom|0 fnt\n|faint|p1a: Breloom\n|\n|-heal|p2a: Kingambit|88\/100|[from] item: Leftovers\n|upkeep\n|\n|t:|1700058685\n|switch|p1a: Dragonite|Dragonite, M, shiny|100\/100\n|turn|20\n|\n|t:|1700058692\n|move|p1a: Dragonite|Dragon Dance|p1a: Dragonite\n|-boost|p1a: Dragonite|atk|1\n|-boost|p1a: Dragonite|spe|1\n|move|p2a: Kingambit|Kowtow Cleave|p1a: Dragonite\n|-damage|p1a: Dragonite|65\/100\n|\n|-heal|p2a: Kingambit|94\/100|[from] item: Leftovers\n|upkeep\n|turn|21\n|\n|t:|1700058702\n|move|p2a: Kingambit|Sucker Punch|p1a: Dragonite\n|-damage|p1a: Dragonite|13\/100\n|move|p1a: Dragonite|Ice Spinner|p2a: Kingambit\n|-supereffective|p2a: Kingambit\n|-damage|p2a: Kingambit|25\/100\n|\n|-heal|p2a: Kingambit|32\/100|[from] item: Leftovers\n|upkeep\n|turn|22\n|\n|t:|1700058710\n|move|p1a: Dragonite|Extreme Speed|p2a: Kingambit\n|-damage|p2a: Kingambit|0 fnt\n|faint|p2a: Kingambit\n|-end|p2a: Kingambit|fallen2|[silent]\n|\n|upkeep\n|\n|t:|1700058716\n|switch|p2a: Dragapult|Dragapult, M|94\/100\n|-damage|p2a: Dragapult|82\/100|[from] Stealth Rock\n|turn|23\n|\n|t:|1700058721\n|move|p1a: Dragonite|Ice Spinner|p2a: Dragapult\n|-supereffective|p2a: Dragapult\n|-damage|p2a: Dragapult|0 fnt\n|faint|p2a: Dragapult\n|\n|upkeep\n|\n|t:|1700058729\n|switch|p2a: Corviknight|Corviknight, F|51\/100 par\n|-damage|p2a: Corviknight|39\/100 par|[from] Stealth Rock\n|-ability|p2a: Corviknight|Pressure\n|turn|24\n|\n|t:|1700058737\n|switch|p1a: Hatterene|Hatterene, F, shiny|100\/100\n|move|p2a: Corviknight|Body Press|p1a: Hatterene\n|-resisted|p1a: Hatterene\n|-damage|p1a: Hatterene|95\/100\n|\n|-heal|p1a: Hatterene|100\/100|[from] item: Leftovers\n|-heal|p2a: Corviknight|45\/100 par|[from] item: Leftovers\n|upkeep\n|turn|25\n|-message|qq&gg forfeited.\n|\n|win|TestAccount619\n|raw|TestAccount619's rating: 1203 &rarr; <strong>1226<\/strong><br \/>(+23 for winning)\n|raw|qq&amp;gg's rating: 1174 &rarr; <strong>1151<\/strong><br \/>(-23 for losing)\n|l|\u2606qq&gg\n","uploadtime":1700058804,"views":5,"p1id":"testaccount619","p2id":"qqgg","formatid":"gen9ou","rating":1151,"private":0,"password":""}