{"id":"gen9ou-1993330367","p1":"draco9746","p2":"hulinian","format":"[Gen 9] OU","log":"|j|\u2606draco9746\n|j|\u2606hulinian\n|t:|1700299730\n|gametype|singles\n|player|p1|draco9746|cynthia|1185\n|player|p2|hulinian|psychic-gen4|1291\n|teamsize|p1|6\n|teamsize|p2|6\n|gen|9\n|tier|[Gen 9] OU\n|rated|\n|rule|Sleep Clause Mod: Limit one foe put to sleep\n|rule|Species Clause: Limit one of each Pok\u00e9mon\n|rule|OHKO Clause: OHKO moves are banned\n|rule|Evasion Items Clause: Evasion items are banned\n|rule|Evasion Moves Clause: Evasion moves are banned\n|rule|Endless Battle Clause: Forcing endless battles is banned\n|rule|HP Percentage Mod: HP is shown in percentages\n|clearpoke\n|poke|p1|Hatterene, F|\n|poke|p1|Kingambit, M|\n|poke|p1|Ogerpon-Wellspring, F|\n|poke|p1|Dragapult, M|\n|poke|p1|Zamazenta-*|\n|poke|p1|Rotom-Wash|\n|poke|p2|Azumarill, F|\n|poke|p2|Great Tusk|\n|poke|p2|Zoroark-Hisui, M|\n|poke|p2|Pelipper, M|\n|poke|p2|Dragapult, F|\n|poke|p2|Jirachi|\n|teampreview\n|inactive|Battle timer is ON: inactive players will automatically lose when time's up. (requested by draco9746)\n|\n|t:|1700299743\n|start\n|switch|p1a: Hatterene|Hatterene, F|100\/100\n|switch|p2a: Jirachi|Jirachi|100\/100\n|turn|1\n|\n|t:|1700299755\n|switch|p1a: Kingambit|Kingambit, M|100\/100\n|move|p2a: Jirachi|Iron Head|p1a: Kingambit\n|-resisted|p1a: Kingambit\n|-damage|p1a: Kingambit|86\/100\n|\n|upkeep\n|turn|2\n|\n|t:|1700299762\n|switch|p2a: Great Tusk|Great Tusk|100\/100\n|move|p1a: Kingambit|Swords Dance|p1a: Kingambit\n|-boost|p1a: Kingambit|atk|2\n|\n|upkeep\n|turn|3\n|\n|t:|1700299783\n|-end|p1a: Kingambit|fallenundefined|[silent]\n|switch|p1a: Hatterene|Hatterene, F|100\/100\n|move|p2a: Great Tusk|Headlong Rush|p1a: Hatterene\n|-damage|p1a: Hatterene|51\/100\n|-unboost|p2a: Great Tusk|def|1\n|-unboost|p2a: Great Tusk|spd|1\n|\n|-heal|p1a: Hatterene|57\/100|[from] item: Leftovers\n|upkeep\n|turn|4\n|\n|t:|1700299799\n|-end|p2a: Great Tusk|Protosynthesis|[silent]\n|switch|p2a: Jirachi|Jirachi|100\/100\n|move|p1a: Hatterene|Mystical Fire|p2a: Jirachi\n|-supereffective|p2a: Jirachi\n|-damage|p2a: Jirachi|58\/100\n|-unboost|p2a: Jirachi|spa|1\n|\n|-heal|p1a: Hatterene|63\/100|[from] item: Leftovers\n|upkeep\n|turn|5\n|inactive|draco9746 has 120 seconds left.\n|\n|t:|1700299826\n|switch|p1a: Zamazenta|Zamazenta|100\/100\n|-ability|p1a: Zamazenta|Dauntless Shield|boost\n|-boost|p1a: Zamazenta|def|1\n|move|p2a: Jirachi|Body Slam|p1a: Zamazenta\n|-damage|p1a: Zamazenta|84\/100\n|\n|upkeep\n|turn|6\n|\n|t:|1700299840\n|move|p2a: Jirachi|Body Slam|p1a: Zamazenta\n|-damage|p1a: Zamazenta|68\/100\n|-status|p1a: Zamazenta|par\n|cant|p1a: Zamazenta|par\n|\n|upkeep\n|turn|7\n|\n|t:|1700299852\n|switch|p2a: Pelipper|Pelipper, M|100\/100\n|-weather|RainDance|[from] ability: Drizzle|[of] p2a: Pelipper\n|move|p1a: Zamazenta|Heavy Slam|p2a: Pelipper\n|-resisted|p2a: Pelipper\n|-damage|p2a: Pelipper|78\/100\n|\n|-weather|RainDance|[upkeep]\n|upkeep\n|turn|8\n|\n|t:|1700299862\n|move|p2a: Pelipper|Hurricane|p1a: Zamazenta\n|-supereffective|p1a: Zamazenta\n|-damage|p1a: Zamazenta|0 fnt\n|faint|p1a: Zamazenta\n|-damage|p2a: Pelipper|68\/100|[from] item: Life Orb\n|\n|-weather|RainDance|[upkeep]\n|upkeep\n|\n|t:|1700299885\n|switch|p1a: Rotom|Rotom-Wash|100\/100\n|turn|9\n|\n|t:|1700299893\n|switch|p2a: Dragapult|Dragapult, F|100\/100\n|move|p1a: Rotom|Thunder Wave|p2a: Dragapult\n|-status|p2a: Dragapult|par\n|\n|-weather|RainDance|[upkeep]\n|upkeep\n|turn|10\n|inactive|draco9746 has 90 seconds left.\n|\n|t:|1700299914\n|move|p1a: Rotom|Volt Switch|p2a: Dragapult\n|-resisted|p2a: Dragapult\n|-damage|p2a: Dragapult|82\/100 par\n|\n|t:|1700299918\n|switch|p1a: Hatterene|Hatterene, F|63\/100|[from] Volt Switch\n|move|p2a: Dragapult|U-turn|p1a: Hatterene\n|-damage|p1a: Hatterene|45\/100\n|\n|t:|1700299923\n|switch|p2a: Jirachi|Jirachi|58\/100|[from] U-turn\n|\n|-weather|RainDance|[upkeep]\n|-heal|p1a: Hatterene|51\/100|[from] item: Leftovers\n|upkeep\n|turn|11\n|inactive|draco9746 has 90 seconds left.\n|\n|t:|1700299950\n|switch|p1a: Rotom|Rotom-Wash|100\/100\n|move|p2a: Jirachi|Trick|p1a: Rotom\n|-activate|p2a: Jirachi|move: Trick|[of] p1a: Rotom\n|-item|p1a: Rotom|Choice Scarf|[from] move: Trick\n|-item|p2a: Jirachi|Leftovers|[from] move: Trick\n|\n|-weather|none\n|-heal|p2a: Jirachi|65\/100|[from] item: Leftovers\n|upkeep\n|turn|12\n|inactive|draco9746 has 90 seconds left.\n|\n|t:|1700299963\n|switch|p2a: Dragapult|Dragapult, F|82\/100 par\n|move|p1a: Rotom|Volt Switch|p2a: Dragapult\n|-resisted|p2a: Dragapult\n|-damage|p2a: Dragapult|65\/100 par\n|\n|t:|1700299974\n|switch|p1a: Dragapult|Dragapult, M|100\/100|[from] Volt Switch\n|\n|-heal|p2a: Dragapult|71\/100 par|[from] item: Leftovers\n|upkeep\n|turn|13\n|\n|t:|1700299983\n|move|p1a: Dragapult|Shadow Ball|p2a: Dragapult\n|-supereffective|p2a: Dragapult\n|-damage|p2a: Dragapult|0 fnt\n|faint|p2a: Dragapult\n|-damage|p1a: Dragapult|91\/100|[from] item: Life Orb\n|\n|upkeep\n|\n|t:|1700299999\n|switch|p2a: Jirachi|Jirachi|65\/100\n|turn|14\n|\n|t:|1700300005\n|move|p1a: Dragapult|Shadow Ball|p2a: Jirachi\n|-supereffective|p2a: Jirachi\n|-damage|p2a: Jirachi|0 fnt\n|faint|p2a: Jirachi\n|-damage|p1a: Dragapult|81\/100|[from] item: Life Orb\n|\n|upkeep\n|\n|t:|1700300010\n|switch|p2a: Azumarill|Azumarill, F, shiny|100\/100\n|turn|15\n|\n|t:|1700300021\n|-terastallize|p1a: Dragapult|Ghost\n|move|p1a: Dragapult|Shadow Ball|p2a: Azumarill\n|-damage|p2a: Azumarill|61\/100\n|-damage|p1a: Dragapult|71\/100|[from] item: Life Orb\n|move|p2a: Azumarill|Play Rough|p1a: Dragapult\n|-damage|p1a: Dragapult|0 fnt\n|faint|p1a: Dragapult\n|\n|upkeep\n|\n|t:|1700300036\n|switch|p1a: Ogerpon|Ogerpon-Wellspring, F|100\/100\n|turn|16\n|\n|t:|1700300044\n|move|p1a: Ogerpon|Horn Leech|p2a: Azumarill\n|-supereffective|p2a: Azumarill\n|-damage|p2a: Azumarill|0 fnt\n|faint|p2a: Azumarill\n|\n|upkeep\n|\n|t:|1700300048\n|switch|p2a: Pelipper|Pelipper, M|100\/100\n|turn|17\n|\n|t:|1700300064\n|move|p1a: Ogerpon|U-turn|p2a: Pelipper\n|-resisted|p2a: Pelipper\n|-damage|p2a: Pelipper|68\/100\n|replace|p2a: Zoroark|Zoroark-Hisui, M\n|-end|p2a: Zoroark|Illusion\n|\n|t:|1700300079\n|switch|p1a: Hatterene|Hatterene, F|51\/100|[from] U-turn\n|move|p2a: Zoroark|Hyper Voice|p1a: Hatterene\n|-damage|p1a: Hatterene|4\/100\n|\n|-heal|p1a: Hatterene|10\/100|[from] item: Leftovers\n|upkeep\n|turn|18\n|\n|t:|1700300090\n|move|p2a: Zoroark|Hyper Voice|p1a: Hatterene\n|-crit|p1a: Hatterene\n|-damage|p1a: Hatterene|0 fnt\n|faint|p1a: Hatterene\n|\n|upkeep\n|\n|t:|1700300095\n|switch|p1a: Rotom|Rotom-Wash|100\/100\n|turn|19\n|\n|t:|1700300105\n|move|p2a: Zoroark|Hyper Voice|p1a: Rotom\n|-damage|p1a: Rotom|63\/100\n|move|p1a: Rotom|Hydro Pump|p2a: Zoroark\n|-damage|p2a: Zoroark|0 fnt\n|faint|p2a: Zoroark\n|\n|upkeep\n|\n|t:|1700300110\n|switch|p2a: Pelipper|Pelipper, M|68\/100\n|-weather|RainDance|[from] ability: Drizzle|[of] p2a: Pelipper\n|turn|20\n|inactive|draco9746 has 120 seconds left.\n|\n|t:|1700300123\n|switch|p1a: Kingambit|Kingambit, M|86\/100\n|-activate|p1a: Kingambit|ability: Supreme Overlord\n|-start|p1a: Kingambit|fallen3|[silent]\n|move|p2a: Pelipper|Roost|p2a: Pelipper\n|-heal|p2a: Pelipper|100\/100\n|-singleturn|p2a: Pelipper|move: Roost\n|\n|-weather|RainDance|[upkeep]\n|upkeep\n|turn|21\n|inactive|draco9746 has 120 seconds left.\n|\n|t:|1700300134\n|move|p1a: Kingambit|Sucker Punch|p2a: Pelipper\n|-damage|p2a: Pelipper|39\/100\n|move|p2a: Pelipper|Hydro Pump|p1a: Kingambit\n|-damage|p1a: Kingambit|0 fnt\n|faint|p1a: Kingambit\n|-end|p1a: Kingambit|fallen3|[silent]\n|-damage|p2a: Pelipper|29\/100|[from] item: Life Orb\n|\n|-weather|RainDance|[upkeep]\n|upkeep\n|\n|t:|1700300144\n|switch|p1a: Ogerpon|Ogerpon-Wellspring, F|100\/100\n|turn|22\n|\n|t:|1700300148\n|move|p1a: Ogerpon|Horn Leech|p2a: Pelipper\n|-damage|p2a: Pelipper|0 fnt\n|faint|p2a: Pelipper\n|\n|-weather|RainDance|[upkeep]\n|upkeep\n|\n|t:|1700300151\n|switch|p2a: Great Tusk|Great Tusk|100\/100\n|turn|23\n|\n|t:|1700300158\n|-terastallize|p2a: Great Tusk|Steel\n|move|p1a: Ogerpon|Ivy Cudgel|p2a: Great Tusk|[anim] Ivy Cudgel Water\n|-damage|p2a: Great Tusk|32\/100\n|move|p2a: Great Tusk|Rapid Spin|p1a: Ogerpon\n|-damage|p1a: Ogerpon|78\/100\n|-boost|p2a: Great Tusk|spe|1\n|\n|-weather|RainDance|[upkeep]\n|upkeep\n|turn|24\n|\n|t:|1700300168\n|move|p2a: Great Tusk|Ice Spinner|p1a: Ogerpon\n|-damage|p1a: Ogerpon|41\/100\n|move|p1a: Ogerpon|Ivy Cudgel|p2a: Great Tusk|[anim] Ivy Cudgel Water\n|-damage|p2a: Great Tusk|0 fnt\n|faint|p2a: Great Tusk\n|-end|p2a: Great Tusk|Protosynthesis|[silent]\n|\n|win|draco9746\n|raw|draco9746's rating: 1185 &rarr; <strong>1215<\/strong><br \/>(+30 for winning)\n|raw|hulinian's rating: 1262 &rarr; <strong>1232<\/strong><br \/>(-30 for losing)\n|l|\u2606hulinian\n","uploadtime":1700300179,"views":13,"p1id":"draco9746","p2id":"hulinian","formatid":"gen9ou","rating":1215,"private":0,"password":""}