{"id":"gen9ou-1988799666","p1":"whowasinparis11","p2":"iron tusk 69","format":"[Gen 9] OU","log":"|j|\u2606whowasinparis11\n|j|\u2606iron tusk 69\n|t:|1699764871\n|gametype|singles\n|player|p1|whowasinparis11|ghetsis|1555\n|player|p2|iron tusk 69|biker-gen4|1602\n|teamsize|p1|6\n|teamsize|p2|6\n|gen|9\n|tier|[Gen 9] OU\n|rated|\n|rule|Sleep Clause Mod: Limit one foe put to sleep\n|rule|Species Clause: Limit one of each Pok\u00e9mon\n|rule|OHKO Clause: OHKO moves are banned\n|rule|Evasion Items Clause: Evasion items are banned\n|rule|Evasion Moves Clause: Evasion moves are banned\n|rule|Endless Battle Clause: Forcing endless battles is banned\n|rule|HP Percentage Mod: HP is shown in percentages\n|clearpoke\n|poke|p1|Heatran, M|\n|poke|p1|Hatterene, F|\n|poke|p1|Ursaluna, F|\n|poke|p1|Sneasler, M|\n|poke|p1|Rillaboom, F|\n|poke|p1|Iron Valiant|\n|poke|p2|Ninetales-Alola, M|\n|poke|p2|Ogerpon-Wellspring, F|\n|poke|p2|Kingambit, M|\n|poke|p2|Iron Valiant|\n|poke|p2|Gholdengo|\n|poke|p2|Gliscor, F|\n|teampreview\n|inactive|Battle timer is ON: inactive players will automatically lose when time's up. (requested by iron tusk 69)\n|\n|t:|1699764877\n|start\n|switch|p1a: Heatran|Heatran, M|100\/100\n|switch|p2a: It's Ogre|Ogerpon-Wellspring, F|100\/100\n|-item|p1a: Heatran|Air Balloon\n|turn|1\n|\n|t:|1699764896\n|move|p2a: It's Ogre|Ivy Cudgel|p1a: Heatran\n|-supereffective|p1a: Heatran\n|-damage|p1a: Heatran|0 fnt\n|-enditem|p1a: Heatran|Air Balloon\n|faint|p1a: Heatran\n|\n|upkeep\n|c|\u2606iron tusk 69|ty\n|\n|t:|1699764904\n|switch|p1a: Rillaboom|Rillaboom, F|100\/100\n|-fieldstart|move: Grassy Terrain|[from] ability: Grassy Surge|[of] p1a: Rillaboom\n|turn|2\n|\n|t:|1699764908\n|move|p2a: It's Ogre|Knock Off|p1a: Rillaboom\n|-damage|p1a: Rillaboom|67\/100\n|-enditem|p1a: Rillaboom|Assault Vest|[from] move: Knock Off|[of] p2a: It's Ogre\n|move|p1a: Rillaboom|U-turn|p2a: It's Ogre\n|-supereffective|p2a: It's Ogre\n|-damage|p2a: It's Ogre|31\/100\n|inactive|whowasinparis11 has 120 seconds left.\n|\n|t:|1699764941\n|switch|p1a: Iron Valiant|Iron Valiant|100\/100|[from] U-turn\n|-enditem|p1a: Iron Valiant|Booster Energy\n|-activate|p1a: Iron Valiant|ability: Quark Drive|[fromitem]\n|-start|p1a: Iron Valiant|quarkdrivespa\n|\n|-heal|p2a: It's Ogre|37\/100|[from] Grassy Terrain\n|upkeep\n|turn|3\n|\n|t:|1699764958\n|move|p2a: It's Ogre|Ivy Cudgel|p1a: Iron Valiant\n|-damage|p1a: Iron Valiant|24\/100\n|move|p1a: Iron Valiant|Moonblast|p2a: It's Ogre\n|-damage|p2a: It's Ogre|0 fnt\n|faint|p2a: It's Ogre\n|\n|-heal|p1a: Iron Valiant|31\/100|[from] Grassy Terrain\n|upkeep\n|inactive|iron tusk 69 has 120 seconds left.\n|j| Eating crayon\n|\n|t:|1699764993\n|switch|p2a: Ogregone|Iron Valiant|100\/100\n|-enditem|p2a: Ogregone|Booster Energy\n|-activate|p2a: Ogregone|ability: Quark Drive|[fromitem]\n|-start|p2a: Ogregone|quarkdrivespe\n|turn|4\n|\n|t:|1699765002\n|-end|p1a: Iron Valiant|Quark Drive|[silent]\n|switch|p1a: Hatterene|Hatterene, F|100\/100\n|move|p2a: Ogregone|Moonblast|p1a: Hatterene\n|-damage|p1a: Hatterene|55\/100\n|\n|-heal|p1a: Hatterene|61\/100|[from] Grassy Terrain\n|upkeep\n|turn|5\n|j| ghostvein\n|inactive|iron tusk 69 has 120 seconds left.\n|\n|t:|1699765037\n|move|p2a: Ogregone|Calm Mind|p2a: Ogregone\n|-boost|p2a: Ogregone|spa|1\n|-boost|p2a: Ogregone|spd|1\n|move|p1a: Hatterene|Draining Kiss|p2a: Ogregone\n|-supereffective|p2a: Ogregone\n|-damage|p2a: Ogregone|50\/100\n|-heal|p1a: Hatterene|95\/100|[from] drain|[of] p2a: Ogregone\n|\n|-heal|p2a: Ogregone|56\/100|[from] Grassy Terrain\n|-heal|p1a: Hatterene|100\/100|[from] Grassy Terrain\n|upkeep\n|turn|6\n|\n|t:|1699765041\n|move|p2a: Ogregone|Moonblast|p1a: Hatterene\n|-damage|p1a: Hatterene|21\/100\n|move|p1a: Hatterene|Draining Kiss|p2a: Ogregone\n|-supereffective|p2a: Ogregone\n|-damage|p2a: Ogregone|0 fnt\n|-heal|p1a: Hatterene|59\/100|[from] drain|[of] p2a: Ogregone\n|faint|p2a: Ogregone\n|-end|p2a: Ogregone|Quark Drive|[silent]\n|\n|-heal|p1a: Hatterene|65\/100|[from] Grassy Terrain\n|-fieldend|move: Grassy Terrain\n|upkeep\n|j| dragzola\n|\n|t:|1699765047\n|switch|p2a: It's Balanced|Gholdengo|100\/100\n|-item|p2a: It's Balanced|Air Balloon\n|turn|7\n|c| dragzola|a\n|l| dragzola\n|\n|t:|1699765058\n|switch|p1a: Ursaluna|Ursaluna, F|100\/100\n|move|p2a: It's Balanced|Nasty Plot|p2a: It's Balanced\n|-boost|p2a: It's Balanced|spa|2\n|\n|-status|p1a: Ursaluna|brn|[from] item: Flame Orb\n|upkeep\n|turn|8\n|c| ghostvein|btw\n|c| ghostvein|its hidden tr\n|\n|t:|1699765067\n|switch|p1a: Rillaboom|Rillaboom, F|67\/100\n|-fieldstart|move: Grassy Terrain|[from] ability: Grassy Surge|[of] p1a: Rillaboom\n|move|p2a: It's Balanced|Focus Blast|p1a: Rillaboom\n|-damage|p1a: Rillaboom|0 fnt\n|faint|p1a: Rillaboom\n|\n|upkeep\n|\n|t:|1699765070\n|switch|p1a: Sneasler|Sneasler, M|100\/100\n|-enditem|p1a: Sneasler|Grassy Seed\n|-boost|p1a: Sneasler|def|1|[from] item: Grassy Seed\n|turn|9\n|\n|t:|1699765075\n|move|p1a: Sneasler|Lash Out|p2a: It's Balanced\n|-supereffective|p2a: It's Balanced\n|-damage|p2a: It's Balanced|35\/100\n|-enditem|p2a: It's Balanced|Air Balloon\n|move|p2a: It's Balanced|Shadow Ball|p1a: Sneasler\n|-damage|p1a: Sneasler|0 fnt\n|faint|p1a: Sneasler\n|\n|-heal|p2a: It's Balanced|41\/100|[from] Grassy Terrain\n|upkeep\n|\n|t:|1699765081\n|switch|p1a: Ursaluna|Ursaluna, F|100\/100 brn\n|turn|10\n|\n|t:|1699765084\n|move|p2a: It's Balanced|Focus Blast|p1a: Ursaluna\n|-supereffective|p1a: Ursaluna\n|-damage|p1a: Ursaluna|0 fnt\n|faint|p1a: Ursaluna\n|\n|-heal|p2a: It's Balanced|47\/100|[from] Grassy Terrain\n|upkeep\n|\n|t:|1699765088\n|switch|p1a: Hatterene|Hatterene, F|65\/100\n|turn|11\n|\n|t:|1699765091\n|move|p2a: It's Balanced|Shadow Ball|p1a: Hatterene\n|-supereffective|p1a: Hatterene\n|-damage|p1a: Hatterene|0 fnt\n|faint|p1a: Hatterene\n|\n|-heal|p2a: It's Balanced|53\/100|[from] Grassy Terrain\n|upkeep\n|-message|whowasinparis11 forfeited.\n|\n|win|iron tusk 69\n|raw|whowasinparis11's rating: 1555 &rarr; <strong>1538<\/strong><br \/>(-17 for losing)\n|raw|iron tusk 69's rating: 1602 &rarr; <strong>1619<\/strong><br \/>(+17 for winning)\n|l|\u2606whowasinparis11\n|c|\u2606iron tusk 69|gg?\n|l|\u2606iron tusk 69\n","uploadtime":1699765111,"views":9,"p1id":"whowasinparis11","p2id":"irontusk69","formatid":"gen9ou","rating":1538,"private":0,"password":""}