{"id":"gen9ou-1997278614","p1":"nnplus","p2":"Polanc1014","format":"[Gen 9] OU","log":"|j|\u2606nnplus\n|j|\u2606Polanc1014\n|t:|1700783822\n|gametype|singles\n|player|p1|nnplus|pokemonranger-gen4|1189\n|player|p2|Polanc1014|1|1155\n|teamsize|p1|6\n|teamsize|p2|6\n|gen|9\n|tier|[Gen 9] OU\n|rated|\n|rule|Sleep Clause Mod: Limit one foe put to sleep\n|rule|Species Clause: Limit one of each Pok\u00e9mon\n|rule|OHKO Clause: OHKO moves are banned\n|rule|Evasion Items Clause: Evasion items are banned\n|rule|Evasion Moves Clause: Evasion moves are banned\n|rule|Endless Battle Clause: Forcing endless battles is banned\n|rule|HP Percentage Mod: HP is shown in percentages\n|clearpoke\n|poke|p1|Iron Moth|\n|poke|p1|Walking Wake|\n|poke|p1|Abomasnow, F|\n|poke|p1|Scizor, F|\n|poke|p1|Golem, M|\n|poke|p1|Weavile, F|\n|poke|p2|Cinderace, F|\n|poke|p2|Zapdos|\n|poke|p2|Great Tusk|\n|poke|p2|Dragapult, F|\n|poke|p2|Ceruledge, F|\n|poke|p2|Greninja-*, M|\n|teampreview\n|inactive|Battle timer is ON: inactive players will automatically lose when time's up. (requested by Polanc1014)\n|\n|t:|1700783827\n|start\n|switch|p1a: Golem|Golem, M|100\/100\n|switch|p2a: Zapdos|Zapdos|100\/100\n|turn|1\n|\n|t:|1700783830\n|move|p2a: Zapdos|U-turn|p1a: Golem\n|-damage|p1a: Golem|75\/100\n|\n|t:|1700783834\n|switch|p2a: Great Tusk|Great Tusk|100\/100|[from] U-turn\n|-enditem|p2a: Great Tusk|Booster Energy\n|-activate|p2a: Great Tusk|ability: Protosynthesis|[fromitem]\n|-start|p2a: Great Tusk|protosynthesisatk\n|move|p1a: Golem|Rock Blast|p2a: Great Tusk\n|-resisted|p2a: Great Tusk\n|-damage|p2a: Great Tusk|98\/100\n|-resisted|p2a: Great Tusk\n|-damage|p2a: Great Tusk|95\/100\n|-hitcount|p2a: Great Tusk|2\n|\n|upkeep\n|turn|2\n|\n|t:|1700783844\n|move|p2a: Great Tusk|Earthquake|p1a: Golem\n|-supereffective|p1a: Golem\n|-damage|p1a: Golem|0 fnt\n|faint|p1a: Golem\n|\n|upkeep\n|\n|t:|1700783851\n|switch|p1a: Abomasnow|Abomasnow, F|100\/100\n|-weather|Snow|[from] ability: Snow Warning|[of] p1a: Abomasnow\n|turn|3\n|\n|t:|1700783856\n|move|p2a: Great Tusk|Close Combat|p1a: Abomasnow\n|-supereffective|p1a: Abomasnow\n|-damage|p1a: Abomasnow|12\/100\n|-unboost|p2a: Great Tusk|def|1\n|-unboost|p2a: Great Tusk|spd|1\n|move|p1a: Abomasnow|Aurora Veil|p1a: Abomasnow\n|-sidestart|p1: nnplus|move: Aurora Veil\n|\n|-weather|Snow|[upkeep]\n|upkeep\n|turn|4\n|\n|t:|1700783861\n|switch|p1a: Scizor|Scizor, F|100\/100\n|move|p2a: Great Tusk|Rapid Spin|p1a: Scizor\n|-resisted|p1a: Scizor\n|-damage|p1a: Scizor|95\/100\n|-boost|p2a: Great Tusk|spe|1\n|\n|-weather|Snow|[upkeep]\n|upkeep\n|turn|5\n|\n|t:|1700783865\n|move|p2a: Great Tusk|Close Combat|p1a: Scizor\n|-damage|p1a: Scizor|56\/100\n|-unboost|p2a: Great Tusk|def|1\n|-unboost|p2a: Great Tusk|spd|1\n|move|p1a: Scizor|Swords Dance|p1a: Scizor\n|-boost|p1a: Scizor|atk|2\n|\n|-weather|Snow|[upkeep]\n|upkeep\n|turn|6\n|\n|t:|1700783870\n|move|p1a: Scizor|Bullet Punch|p2a: Great Tusk\n|-damage|p2a: Great Tusk|0 fnt\n|faint|p2a: Great Tusk\n|-end|p2a: Great Tusk|Protosynthesis|[silent]\n|-damage|p1a: Scizor|46\/100|[from] item: Life Orb\n|\n|-weather|Snow|[upkeep]\n|upkeep\n|\n|t:|1700783878\n|switch|p2a: Ceruledge|Ceruledge, F|100\/100\n|turn|7\n|\n|t:|1700783881\n|move|p1a: Scizor|Bullet Punch|p2a: Ceruledge\n|-resisted|p2a: Ceruledge\n|-damage|p2a: Ceruledge|50\/100\n|-damage|p1a: Scizor|36\/100|[from] item: Life Orb\n|move|p2a: Ceruledge|Bitter Blade|p1a: Scizor\n|-supereffective|p1a: Scizor\n|-damage|p1a: Scizor|0 fnt\n|-heal|p2a: Ceruledge|68\/100|[from] drain|[of] p1a: Scizor\n|faint|p1a: Scizor\n|\n|-weather|none\n|upkeep\n|\n|t:|1700783888\n|switch|p1a: Weavile|Weavile, F|100\/100\n|-ability|p1a: Weavile|Pressure\n|turn|8\n|\n|t:|1700783895\n|move|p1a: Weavile|Knock Off|p2a: Ceruledge\n|-supereffective|p2a: Ceruledge\n|-damage|p2a: Ceruledge|0 fnt\n|-enditem|p2a: Ceruledge|Choice Band|[from] move: Knock Off|[of] p1a: Weavile\n|faint|p2a: Ceruledge\n|\n|upkeep\n|\n|t:|1700783901\n|switch|p2a: Cinderace|Cinderace, F|100\/100\n|turn|9\n|\n|t:|1700783910\n|switch|p1a: Abomasnow|Abomasnow, F|12\/100\n|-weather|Snow|[from] ability: Snow Warning|[of] p1a: Abomasnow\n|move|p2a: Cinderace|Pyro Ball|p1a: Abomasnow\n|-supereffective|p1a: Abomasnow\n|-damage|p1a: Abomasnow|0 fnt\n|faint|p1a: Abomasnow\n|\n|-weather|Snow|[upkeep]\n|upkeep\n|\n|t:|1700783912\n|switch|p1a: Weavile|Weavile, F|100\/100\n|-ability|p1a: Weavile|Pressure\n|turn|10\n|\n|t:|1700783917\n|-terastallize|p2a: Cinderace|Fire\n|move|p1a: Weavile|Swords Dance|p1a: Weavile\n|-boost|p1a: Weavile|atk|2\n|move|p2a: Cinderace|Pyro Ball|p1a: Weavile\n|-supereffective|p1a: Weavile\n|-damage|p1a: Weavile|33\/100\n|\n|-weather|Snow|[upkeep]\n|-sideend|p1: nnplus|move: Aurora Veil\n|upkeep\n|turn|11\n|\n|t:|1700783922\n|move|p1a: Weavile|Knock Off|p2a: Cinderace\n|-crit|p2a: Cinderace\n|-damage|p2a: Cinderace|0 fnt\n|-enditem|p2a: Cinderace|Heavy-Duty Boots|[from] move: Knock Off|[of] p1a: Weavile\n|faint|p2a: Cinderace\n|\n|-weather|Snow|[upkeep]\n|upkeep\n|\n|t:|1700783928\n|switch|p2a: Dragapult|Dragapult, F|100\/100\n|-item|p2a: Dragapult|Air Balloon\n|turn|12\n|\n|t:|1700783932\n|move|p1a: Weavile|Ice Shard|p2a: Dragapult\n|-supereffective|p2a: Dragapult\n|-damage|p2a: Dragapult|0 fnt\n|-enditem|p2a: Dragapult|Air Balloon\n|faint|p2a: Dragapult\n|\n|-weather|Snow|[upkeep]\n|upkeep\n|\n|t:|1700783934\n|switch|p2a: Zapdos|Zapdos|100\/100\n|turn|13\n|\n|t:|1700783938\n|move|p1a: Weavile|Icicle Spear|p2a: Zapdos\n|-supereffective|p2a: Zapdos\n|-damage|p2a: Zapdos|43\/100\n|-supereffective|p2a: Zapdos\n|-damage|p2a: Zapdos|0 fnt\n|faint|p2a: Zapdos\n|-hitcount|p2: Zapdos|2\n|\n|-weather|none\n|upkeep\n|\n|t:|1700783942\n|switch|p2a: Greninja|Greninja, M|100\/100\n|turn|14\n|\n|t:|1700783946\n|move|p1a: Weavile|Icicle Spear|p2a: Greninja\n|-resisted|p2a: Greninja\n|-damage|p2a: Greninja|80\/100\n|-resisted|p2a: Greninja\n|-damage|p2a: Greninja|58\/100\n|-resisted|p2a: Greninja\n|-damage|p2a: Greninja|39\/100\n|-resisted|p2a: Greninja\n|-damage|p2a: Greninja|20\/100\n|-resisted|p2a: Greninja\n|-damage|p2a: Greninja|0 fnt\n|faint|p2a: Greninja\n|-hitcount|p2: Greninja|5\n|\n|win|nnplus\n|raw|nnplus's rating: 1189 &rarr; <strong>1212<\/strong><br \/>(+23 for winning)\n|raw|Polanc1014's rating: 1155 &rarr; <strong>1132<\/strong><br \/>(-23 for losing)\n|l|\u2606Polanc1014\n","uploadtime":1700783951,"views":6,"p1id":"nnplus","p2id":"polanc1014","formatid":"gen9ou","rating":1132,"private":0,"password":""}