{"id":"gen9ou-1988847267","p1":"live woch reaction","p2":"Tree Lankan","format":"[Gen 9] OU","log":"|j|\u2606live woch reaction\n|j|\u2606Tree Lankan\n|t:|1699772950\n|gametype|singles\n|player|p1|live woch reaction|169|1252\n|player|p2|Tree Lankan|wallace|1251\n|teamsize|p1|6\n|teamsize|p2|6\n|gen|9\n|tier|[Gen 9] OU\n|rated|\n|rule|Sleep Clause Mod: Limit one foe put to sleep\n|rule|Species Clause: Limit one of each Pok\u00e9mon\n|rule|OHKO Clause: OHKO moves are banned\n|rule|Evasion Items Clause: Evasion items are banned\n|rule|Evasion Moves Clause: Evasion moves are banned\n|rule|Endless Battle Clause: Forcing endless battles is banned\n|rule|HP Percentage Mod: HP is shown in percentages\n|clearpoke\n|poke|p1|Heatran, M|\n|poke|p1|Ogerpon-Wellspring, F|\n|poke|p1|Dragapult, M|\n|poke|p1|Glimmora, M|\n|poke|p1|Dondozo, F|\n|poke|p1|Florges-Orange, F|\n|poke|p2|Alomomola, F|\n|poke|p2|Dragapult, M|\n|poke|p2|Thundurus-Therian, M|\n|poke|p2|Great Tusk|\n|poke|p2|Kingambit, F|\n|poke|p2|Slowking-Galar, M|\n|teampreview\n|\n|t:|1699772970\n|start\n|switch|p1a: Glimmora|Glimmora, M|100\/100\n|switch|p2a: Dragapult|Dragapult, M|100\/100\n|turn|1\n|inactive|Battle timer is ON: inactive players will automatically lose when time's up. (requested by Tree Lankan)\n|\n|t:|1699772976\n|move|p2a: Dragapult|U-turn|p1a: Glimmora\n|-resisted|p1a: Glimmora\n|-damage|p1a: Glimmora|81\/100\n|-activate|p1a: Glimmora|ability: Toxic Debris\n|-sidestart|p2: Tree Lankan|move: Toxic Spikes\n|\n|t:|1699772982\n|switch|p2a: Slowking|Slowking-Galar, M|100\/100|[from] U-turn\n|-sideend|p2: Tree Lankan|move: Toxic Spikes|[of] p2a: Slowking\n|move|p1a: Glimmora|Stealth Rock|p2a: Slowking\n|-sidestart|p2: Tree Lankan|move: Stealth Rock\n|\n|upkeep\n|turn|2\n|\n|t:|1699772996\n|switch|p1a: Heatran|Heatran, M|100\/100\n|move|p2a: Slowking|Future Sight|p1a: Heatran\n|-start|p2a: Slowking|move: Future Sight\n|\n|upkeep\n|turn|3\n|\n|t:|1699773002\n|move|p1a: Heatran|Earth Power|p2a: Slowking\n|-supereffective|p2a: Slowking\n|-damage|p2a: Slowking|62\/100\n|move|p2a: Slowking|Chilly Reception|p2a: Slowking\n|-weather|Snow\n|\n|t:|1699773009\n|switch|p2a: Great Tusk|Great Tusk|100\/100|[from] Chilly Reception\n|-damage|p2a: Great Tusk|98\/100|[from] Stealth Rock\n|\n|-weather|Snow|[upkeep]\n|upkeep\n|turn|4\n|\n|t:|1699773020\n|switch|p1a: Ogerpon|Ogerpon-Wellspring, F|100\/100\n|move|p2a: Great Tusk|Rapid Spin|p1a: Ogerpon\n|-damage|p1a: Ogerpon|74\/100\n|-boost|p2a: Great Tusk|spe|1\n|-sideend|p2: Tree Lankan|Stealth Rock|[from] move: Rapid Spin|[of] p2a: Great Tusk\n|\n|-weather|Snow|[upkeep]\n|-end|p1a: Ogerpon|move: Future Sight\n|-damage|p1a: Ogerpon|22\/100\n|upkeep\n|turn|5\n|inactive|live woch reaction has 120 seconds left.\n|\n|t:|1699773060\n|move|p1a: Ogerpon|Horn Leech|p2a: Great Tusk\n|-supereffective|p2a: Great Tusk\n|-damage|p2a: Great Tusk|38\/100\n|-heal|p1a: Ogerpon|65\/100|[from] drain|[of] p2a: Great Tusk\n|-damage|p1a: Ogerpon|49\/100|[from] item: Rocky Helmet|[of] p2a: Great Tusk\n|move|p2a: Great Tusk|Earthquake|p1a: Ogerpon\n|-resisted|p1a: Ogerpon\n|-damage|p1a: Ogerpon|9\/100\n|\n|-weather|Snow|[upkeep]\n|upkeep\n|turn|6\n|inactive|Tree Lankan has 120 seconds left.\n|\n|t:|1699773091\n|-terastallize|p2a: Great Tusk|Steel\n|move|p1a: Ogerpon|Ivy Cudgel|p2a: Great Tusk\n|-damage|p2a: Great Tusk|0 fnt\n|faint|p2a: Great Tusk\n|-end|p2a: Great Tusk|Protosynthesis|[silent]\n|\n|-weather|Snow|[upkeep]\n|upkeep\n|inactive|Tree Lankan has 120 seconds left.\n|\n|t:|1699773103\n|switch|p2a: Dragapult|Dragapult, M|100\/100\n|turn|7\n|inactive|live woch reaction has 120 seconds left.\n|\n|t:|1699773114\n|move|p2a: Dragapult|U-turn|p1a: Ogerpon\n|-supereffective|p1a: Ogerpon\n|-damage|p1a: Ogerpon|0 fnt\n|faint|p1a: Ogerpon\n|inactive|Tree Lankan has 120 seconds left.\n|\n|t:|1699773126\n|switch|p2a: Thundurus|Thundurus-Therian, M|100\/100|[from] U-turn\n|\n|-weather|none\n|upkeep\n|inactive|live woch reaction has 120 seconds left.\n|\n|t:|1699773141\n|switch|p1a: Dragapult|Dragapult, M|100\/100\n|turn|8\n|inactive|live woch reaction has 120 seconds left.\n|\n|t:|1699773156\n|move|p1a: Dragapult|Draco Meteor|p2a: Thundurus\n|-damage|p2a: Thundurus|0 fnt\n|-unboost|p1a: Dragapult|spa|2\n|faint|p2a: Thundurus\n|\n|upkeep\n|inactive|Tree Lankan has 120 seconds left.\n|\n|t:|1699773170\n|switch|p2a: Slowking|Slowking-Galar, M|95\/100\n|turn|9\n|\n|t:|1699773179\n|switch|p1a: Heatran|Heatran, M|100\/100\n|move|p2a: Slowking|Future Sight|p1a: Heatran\n|-start|p2a: Slowking|move: Future Sight\n|\n|-heal|p2a: Slowking|100\/100|[from] item: Leftovers\n|upkeep\n|turn|10\n|\n|t:|1699773189\n|move|p1a: Heatran|Stealth Rock|p2a: Slowking\n|-sidestart|p2: Tree Lankan|move: Stealth Rock\n|move|p2a: Slowking|Chilly Reception|p2a: Slowking\n|-weather|Snow\n|\n|t:|1699773197\n|switch|p2a: Kingambit|Kingambit, F|100\/100|[from] Chilly Reception\n|-damage|p2a: Kingambit|94\/100|[from] Stealth Rock\n|-activate|p2a: Kingambit|ability: Supreme Overlord\n|-start|p2a: Kingambit|fallen2|[silent]\n|\n|-weather|Snow|[upkeep]\n|-heal|p2a: Kingambit|100\/100|[from] item: Leftovers\n|upkeep\n|turn|11\n|\n|t:|1699773225\n|-terastallize|p1a: Heatran|Flying\n|move|p1a: Heatran|Magma Storm|p2a: Kingambit\n|-supereffective|p2a: Kingambit\n|-damage|p2a: Kingambit|0 fnt\n|faint|p2a: Kingambit\n|-end|p2a: Kingambit|fallen2|[silent]\n|\n|-weather|Snow|[upkeep]\n|-end|p1a: Heatran|move: Future Sight\n|-damage|p1a: Heatran|59\/100\n|upkeep\n|-message|Tree Lankan forfeited.\n|\n|win|live woch reaction\n|raw|live woch reaction's rating: 1252 &rarr; <strong>1277<\/strong><br \/>(+25 for winning)\n|raw|Tree Lankan's rating: 1251 &rarr; <strong>1226<\/strong><br \/>(-25 for losing)\n|l|\u2606Tree Lankan\n","uploadtime":1699773276,"views":20,"p1id":"livewochreaction","p2id":"treelankan","formatid":"gen9ou","rating":1226,"private":0,"password":""}