{"id":"gen9ou-1990896114","p1":"mathismathin","p2":"Aggron","format":"[Gen 9] OU","log":"|j|\u2606mathismathin\n|j|\u2606Aggron\n|t:|1700012523\n|gametype|singles\n|player|p1|mathismathin|nate|1754\n|player|p2|Aggron|pokefan-gen4|1741\n|teamsize|p1|6\n|teamsize|p2|6\n|gen|9\n|tier|[Gen 9] OU\n|rated|\n|rule|Sleep Clause Mod: Limit one foe put to sleep\n|rule|Species Clause: Limit one of each Pok\u00e9mon\n|rule|OHKO Clause: OHKO moves are banned\n|rule|Evasion Items Clause: Evasion items are banned\n|rule|Evasion Moves Clause: Evasion moves are banned\n|rule|Endless Battle Clause: Forcing endless battles is banned\n|rule|HP Percentage Mod: HP is shown in percentages\n|clearpoke\n|poke|p1|Weavile, M|\n|poke|p1|Weezing-Galar, M|\n|poke|p1|Alomomola, M|\n|poke|p1|Ting-Lu|\n|poke|p1|Corviknight, F|\n|poke|p1|Dondozo, M|\n|poke|p2|Sinistcha-Masterpiece|\n|poke|p2|Tyranitar, F|\n|poke|p2|Heatran, M|\n|poke|p2|Rillaboom, F|\n|poke|p2|Sneasler, F|\n|poke|p2|Samurott-Hisui, F|\n|teampreview\n|inactive|Battle timer is ON: inactive players will automatically lose when time's up. (requested by Aggron)\n|\n|t:|1700012534\n|start\n|switch|p1a: Weavile|Weavile, M|100\/100\n|switch|p2a: Sneasler|Sneasler, F, shiny|100\/100\n|-ability|p1a: Weavile|Pressure\n|turn|1\n|\n|t:|1700012539\n|move|p1a: Weavile|Protect|p1a: Weavile\n|-singleturn|p1a: Weavile|Protect\n|move|p2a: Sneasler|Fake Out|p1a: Weavile\n|-activate|p1a: Weavile|move: Protect\n|\n|upkeep\n|turn|2\n|c|\u2606Aggron|Lol\n|\n|t:|1700012557\n|switch|p1a: Weezing|Weezing-Galar, M|100\/100\n|-ability|p1a: Weezing|Neutralizing Gas\n|move|p2a: Sneasler|U-turn|p1a: Weezing\n|-resisted|p1a: Weezing\n|-damage|p1a: Weezing|97\/100\n|\n|t:|1700012564\n|switch|p2a: Heatran|Heatran, M|100\/100|[from] U-turn\n|-item|p2a: Heatran|Air Balloon\n|\n|upkeep\n|turn|3\n|\n|t:|1700012573\n|-end|p1a: Weezing|ability: Neutralizing Gas\n|switch|p1a: Alomomola|Alomomola, M|100\/100\n|move|p2a: Heatran|Stealth Rock|p1a: Alomomola\n|-sidestart|p1: mathismathin|move: Stealth Rock\n|\n|upkeep\n|turn|4\n|\n|t:|1700012581\n|switch|p2a: Sinistcha|Sinistcha-Masterpiece|100\/100\n|move|p1a: Alomomola|Flip Turn|p2a: Sinistcha\n|-resisted|p2a: Sinistcha\n|-damage|p2a: Sinistcha|95\/100\n|\n|t:|1700012588\n|switch|p1a: Weavile|Weavile, M|100\/100|[from] Flip Turn\n|-damage|p1a: Weavile|76\/100|[from] Stealth Rock\n|-ability|p1a: Weavile|Pressure\n|\n|-heal|p1a: Weavile|82\/100|[from] item: Leftovers\n|upkeep\n|turn|5\n|\n|t:|1700012602\n|switch|p2a: Samurott|Samurott-Hisui, F|100\/100\n|move|p1a: Weavile|Knock Off|p2a: Samurott\n|-resisted|p2a: Samurott\n|-damage|p2a: Samurott|77\/100\n|-enditem|p2a: Samurott|Heavy-Duty Boots|[from] move: Knock Off|[of] p1a: Weavile\n|\n|-heal|p1a: Weavile|88\/100|[from] item: Leftovers\n|upkeep\n|turn|6\n|\n|t:|1700012609\n|move|p1a: Weavile|Protect|p1a: Weavile\n|-singleturn|p1a: Weavile|Protect\n|move|p2a: Samurott|Ceaseless Edge|p1a: Weavile\n|-activate|p1a: Weavile|move: Protect\n|\n|-heal|p1a: Weavile|94\/100|[from] item: Leftovers\n|upkeep\n|turn|7\n|\n|t:|1700012618\n|switch|p1a: Weezing|Weezing-Galar, M|97\/100\n|-ability|p1a: Weezing|Neutralizing Gas\n|switch|p2a: Heatran|Heatran, M|100\/100\n|-item|p2a: Heatran|Air Balloon\n|\n|upkeep\n|turn|8\n|j| stardust_zjb\n|\n|t:|1700012625\n|-end|p1a: Weezing|ability: Neutralizing Gas\n|switch|p1a: Alomomola|Alomomola, M|100\/100\n|-damage|p1a: Alomomola|88\/100|[from] Stealth Rock\n|move|p2a: Heatran|Magma Storm|p1a: Alomomola\n|-resisted|p1a: Alomomola\n|-damage|p1a: Alomomola|65\/100\n|-activate|p1a: Alomomola|move: Magma Storm|[of] p2a: Heatran\n|\n|-heal|p1a: Alomomola|71\/100|[from] item: Leftovers\n|-damage|p1a: Alomomola|58\/100|[from] move: Magma Storm|[partiallytrapped]\n|upkeep\n|turn|9\n|\n|t:|1700012632\n|move|p2a: Heatran|Earth Power|p1a: Alomomola\n|-damage|p1a: Alomomola|32\/100\n|move|p1a: Alomomola|Flip Turn|p2a: Heatran\n|-supereffective|p2a: Heatran\n|-damage|p2a: Heatran|67\/100\n|-status|p1a: Alomomola|brn|[from] ability: Flame Body|[of] p2a: Heatran\n|-enditem|p2a: Heatran|Air Balloon\n|\n|t:|1700012639\n|switch|p1a: Ting-Lu|Ting-Lu|100\/100|[from] Flip Turn\n|-damage|p1a: Ting-Lu|94\/100|[from] Stealth Rock\n|-ability|p1a: Ting-Lu|Vessel of Ruin\n|\n|-heal|p1a: Ting-Lu|100\/100|[from] item: Leftovers\n|upkeep\n|turn|10\n|\n|t:|1700012649\n|switch|p2a: Sinistcha|Sinistcha-Masterpiece|95\/100\n|move|p1a: Ting-Lu|Spikes|p2a: Sinistcha\n|-sidestart|p2: Aggron|Spikes\n|\n|upkeep\n|turn|11\n|\n|t:|1700012657\n|switch|p1a: Weezing|Weezing-Galar, M|97\/100\n|-ability|p1a: Weezing|Neutralizing Gas\n|move|p2a: Sinistcha|Calm Mind|p2a: Sinistcha\n|-boost|p2a: Sinistcha|spa|1\n|-boost|p2a: Sinistcha|spd|1\n|\n|upkeep\n|turn|12\n|\n|t:|1700012669\n|-end|p1a: Weezing|ability: Neutralizing Gas\n|switch|p1a: Dondozo|Dondozo, M|100\/100\n|-damage|p1a: Dondozo|88\/100|[from] Stealth Rock\n|-terastallize|p2a: Sinistcha|Poison\n|move|p2a: Sinistcha|Shadow Ball|p1a: Dondozo\n|-damage|p1a: Dondozo|67\/100\n|\n|-heal|p1a: Dondozo|73\/100|[from] item: Leftovers\n|upkeep\n|turn|13\n|\n|t:|1700012675\n|-terastallize|p1a: Dondozo|Dragon\n|move|p2a: Sinistcha|Matcha Gotcha|p1a: Dondozo\n|-resisted|p1a: Dondozo\n|-damage|p1a: Dondozo|62\/100\n|-heal|p2a: Sinistcha|100\/100|[from] drain|[of] p1a: Dondozo\n|-status|p1a: Dondozo|brn\n|move|p1a: Dondozo|Curse|p1a: Dondozo\n|-unboost|p1a: Dondozo|spe|1\n|-boost|p1a: Dondozo|atk|1\n|-boost|p1a: Dondozo|def|1\n|\n|-heal|p1a: Dondozo|69\/100 brn|[from] item: Leftovers\n|-damage|p1a: Dondozo|62\/100 brn|[from] brn\n|upkeep\n|turn|14\n|\n|t:|1700012680\n|move|p2a: Sinistcha|Shadow Ball|p1a: Dondozo\n|-damage|p1a: Dondozo|40\/100 brn\n|move|p1a: Dondozo|Rest|p1a: Dondozo\n|-status|p1a: Dondozo|slp|[from] move: Rest\n|-heal|p1a: Dondozo|100\/100 slp|[silent]\n|\n|upkeep\n|turn|15\n|\n|t:|1700012691\n|move|p2a: Sinistcha|Shadow Ball|p1a: Dondozo\n|-damage|p1a: Dondozo|80\/100 slp\n|cant|p1a: Dondozo|slp\n|\n|-heal|p1a: Dondozo|86\/100 slp|[from] item: Leftovers\n|upkeep\n|turn|16\n|\n|t:|1700012694\n|move|p2a: Sinistcha|Shadow Ball|p1a: Dondozo\n|-damage|p1a: Dondozo|65\/100 slp\n|cant|p1a: Dondozo|slp\n|\n|-heal|p1a: Dondozo|72\/100 slp|[from] item: Leftovers\n|upkeep\n|turn|17\n|\n|t:|1700012699\n|move|p2a: Sinistcha|Shadow Ball|p1a: Dondozo\n|-damage|p1a: Dondozo|51\/100 slp\n|-curestatus|p1a: Dondozo|slp|[msg]\n|move|p1a: Dondozo|Earthquake|p2a: Sinistcha\n|-supereffective|p2a: Sinistcha\n|-damage|p2a: Sinistcha|51\/100\n|\n|-heal|p1a: Dondozo|57\/100|[from] item: Leftovers\n|upkeep\n|turn|18\n|j| Lt_alt1\n|\n|t:|1700012705\n|move|p2a: Sinistcha|Strength Sap|p1a: Dondozo\n|-unboost|p1a: Dondozo|atk|1\n|-heal|p2a: Sinistcha|100\/100\n|move|p1a: Dondozo|Earthquake|p2a: Sinistcha\n|-supereffective|p2a: Sinistcha\n|-crit|p2a: Sinistcha\n|-damage|p2a: Sinistcha|51\/100\n|\n|-heal|p1a: Dondozo|64\/100|[from] item: Leftovers\n|upkeep\n|turn|19\n|\n|t:|1700012716\n|move|p2a: Sinistcha|Strength Sap|p1a: Dondozo\n|-unboost|p1a: Dondozo|atk|1\n|-heal|p2a: Sinistcha|100\/100\n|move|p1a: Dondozo|Earthquake|p2a: Sinistcha\n|-supereffective|p2a: Sinistcha\n|-damage|p2a: Sinistcha|79\/100\n|\n|-heal|p1a: Dondozo|70\/100|[from] item: Leftovers\n|upkeep\n|turn|20\n|j| t-modesty\n|\n|t:|1700012726\n|switch|p2a: Samurott|Samurott-Hisui, F|77\/100\n|-damage|p2a: Samurott|65\/100|[from] Spikes\n|move|p1a: Dondozo|Curse|p1a: Dondozo\n|-unboost|p1a: Dondozo|spe|1\n|-boost|p1a: Dondozo|atk|1\n|-boost|p1a: Dondozo|def|1\n|\n|-heal|p1a: Dondozo|76\/100|[from] item: Leftovers\n|upkeep\n|turn|21\n|j| i love you mark\n|\n|t:|1700012739\n|switch|p1a: Weezing|Weezing-Galar, M|97\/100\n|-ability|p1a: Weezing|Neutralizing Gas\n|move|p2a: Samurott|Encore||[still]\n|-fail|p2a: Samurott\n|\n|upkeep\n|turn|22\n|\n|t:|1700012752\n|switch|p2a: Tyranitar|Tyranitar, F, shiny|100\/100\n|-end|p1a: Weezing|ability: Neutralizing Gas\n|-weather|Sandstorm|[from] ability: Sand Stream|[of] p2a: Tyranitar\n|switch|p1a: Ting-Lu|Ting-Lu|100\/100\n|-damage|p1a: Ting-Lu|94\/100|[from] Stealth Rock\n|-ability|p1a: Ting-Lu|Vessel of Ruin\n|\n|-weather|Sandstorm|[upkeep]\n|-heal|p1a: Ting-Lu|100\/100|[from] item: Leftovers\n|upkeep\n|turn|23\n|\n|t:|1700012763\n|move|p1a: Ting-Lu|Protect|p1a: Ting-Lu\n|-singleturn|p1a: Ting-Lu|Protect\n|move|p2a: Tyranitar|Knock Off|p1a: Ting-Lu\n|-activate|p1a: Ting-Lu|move: Protect\n|\n|-weather|Sandstorm|[upkeep]\n|upkeep\n|turn|24\n|\n|t:|1700012766\n|move|p2a: Tyranitar|Knock Off|p1a: Ting-Lu\n|-resisted|p1a: Ting-Lu\n|-damage|p1a: Ting-Lu|86\/100\n|-enditem|p1a: Ting-Lu|Leftovers|[from] move: Knock Off|[of] p2a: Tyranitar\n|move|p1a: Ting-Lu|Stealth Rock|p2a: Tyranitar\n|-sidestart|p2: Aggron|move: Stealth Rock\n|\n|-weather|Sandstorm|[upkeep]\n|upkeep\n|turn|25\n|\n|t:|1700012777\n|switch|p2a: Sinistcha|Sinistcha-Masterpiece, tera:Poison|79\/100\n|move|p1a: Ting-Lu|Spikes|p2a: Sinistcha\n|-sidestart|p2: Aggron|Spikes\n|\n|-weather|Sandstorm|[upkeep]\n|-damage|p2a: Sinistcha|72\/100|[from] Sandstorm\n|upkeep\n|turn|26\n|\n|t:|1700012782\n|move|p2a: Sinistcha|Strength Sap|p1a: Ting-Lu\n|-unboost|p1a: Ting-Lu|atk|1\n|-heal|p2a: Sinistcha|100\/100\n|move|p1a: Ting-Lu|Earthquake|p2a: Sinistcha\n|-supereffective|p2a: Sinistcha\n|-damage|p2a: Sinistcha|64\/100\n|\n|-weather|none\n|upkeep\n|turn|27\n|\n|t:|1700012791\n|switch|p2a: Rillaboom|Rillaboom, F, shiny|100\/100\n|-damage|p2a: Rillaboom|84\/100|[from] Spikes\n|-damage|p2a: Rillaboom|72\/100|[from] Stealth Rock\n|-fieldstart|move: Grassy Terrain|[from] ability: Grassy Surge|[of] p2a: Rillaboom\n|switch|p1a: Weezing|Weezing-Galar, M|97\/100\n|-ability|p1a: Weezing|Neutralizing Gas\n|\n|-heal|p2a: Rillaboom|78\/100|[from] Grassy Terrain\n|-heal|p1a: Weezing|100\/100|[from] Grassy Terrain\n|upkeep\n|turn|28\n|\n|t:|1700012796\n|-end|p1a: Weezing|ability: Neutralizing Gas\n|switch|p1a: Corviknight|Corviknight, F|100\/100\n|-damage|p1a: Corviknight|88\/100|[from] Stealth Rock\n|-ability|p1a: Corviknight|Pressure\n|move|p2a: Rillaboom|High Horsepower|p1a: Corviknight\n|-immune|p1a: Corviknight\n|\n|-heal|p2a: Rillaboom|84\/100|[from] Grassy Terrain\n|upkeep\n|turn|29\n|\n|t:|1700012807\n|switch|p2a: Sinistcha|Sinistcha-Masterpiece, tera:Poison|64\/100\n|switch|p1a: Weavile|Weavile, M|94\/100\n|-damage|p1a: Weavile|69\/100|[from] Stealth Rock\n|-ability|p1a: Weavile|Pressure\n|\n|-heal|p1a: Weavile|75\/100|[from] Grassy Terrain\n|-heal|p1a: Weavile|82\/100|[from] item: Leftovers\n|-heal|p2a: Sinistcha|70\/100|[from] Grassy Terrain\n|upkeep\n|turn|30\n|j| SandGetsEverywhere\n|\n|t:|1700012823\n|switch|p2a: Tyranitar|Tyranitar, F, shiny|100\/100\n|-weather|Sandstorm|[from] ability: Sand Stream|[of] p2a: Tyranitar\n|move|p1a: Weavile|Knock Off|p2a: Tyranitar\n|-resisted|p2a: Tyranitar\n|-damage|p2a: Tyranitar|86\/100\n|-enditem|p2a: Tyranitar|Heavy-Duty Boots|[from] move: Knock Off|[of] p1a: Weavile\n|\n|-weather|Sandstorm|[upkeep]\n|-damage|p1a: Weavile|75\/100|[from] Sandstorm\n|-heal|p1a: Weavile|82\/100|[from] Grassy Terrain\n|-heal|p1a: Weavile|88\/100|[from] item: Leftovers\n|-heal|p2a: Tyranitar|92\/100|[from] Grassy Terrain\n|upkeep\n|turn|31\n|\n|t:|1700012834\n|move|p1a: Weavile|Protect|p1a: Weavile\n|-singleturn|p1a: Weavile|Protect\n|move|p2a: Tyranitar|Knock Off|p1a: Weavile\n|-activate|p1a: Weavile|move: Protect\n|\n|-weather|Sandstorm|[upkeep]\n|-damage|p1a: Weavile|82\/100|[from] Sandstorm\n|-heal|p1a: Weavile|88\/100|[from] Grassy Terrain\n|-heal|p1a: Weavile|94\/100|[from] item: Leftovers\n|-heal|p2a: Tyranitar|98\/100|[from] Grassy Terrain\n|-fieldend|move: Grassy Terrain\n|upkeep\n|turn|32\n|j| VicBossMG\n|\n|t:|1700012845\n|switch|p2a: Samurott|Samurott-Hisui, F|65\/100\n|-damage|p2a: Samurott|48\/100|[from] Spikes\n|-damage|p2a: Samurott|36\/100|[from] Stealth Rock\n|move|p1a: Weavile|Substitute|p1a: Weavile\n|-start|p1a: Weavile|Substitute\n|-damage|p1a: Weavile|69\/100\n|\n|-weather|Sandstorm|[upkeep]\n|-damage|p1a: Weavile|63\/100|[from] Sandstorm\n|-damage|p2a: Samurott|29\/100|[from] Sandstorm\n|-heal|p1a: Weavile|69\/100|[from] item: Leftovers\n|upkeep\n|turn|33\n|\n|t:|1700012864\n|move|p1a: Weavile|Protect|p1a: Weavile\n|-singleturn|p1a: Weavile|Protect\n|move|p2a: Samurott|Ceaseless Edge|p1a: Weavile\n|-activate|p1a: Weavile|move: Protect\n|\n|-weather|Sandstorm|[upkeep]\n|-damage|p1a: Weavile|63\/100|[from] Sandstorm\n|-damage|p2a: Samurott|23\/100|[from] Sandstorm\n|-heal|p1a: Weavile|69\/100|[from] item: Leftovers\n|upkeep\n|turn|34\n|\n|t:|1700012868\n|move|p1a: Weavile|Poison Jab|p2a: Samurott\n|-damage|p2a: Samurott|0 fnt\n|faint|p2a: Samurott\n|\n|-weather|none\n|-heal|p1a: Weavile|75\/100|[from] item: Leftovers\n|upkeep\n|j| sjhasas\n|\n|t:|1700012880\n|switch|p2a: Tyranitar|Tyranitar, F, shiny|98\/100\n|-damage|p2a: Tyranitar|82\/100|[from] Spikes\n|-damage|p2a: Tyranitar|69\/100|[from] Stealth Rock\n|-weather|Sandstorm|[from] ability: Sand Stream|[of] p2a: Tyranitar\n|turn|35\n|\n|t:|1700012891\n|move|p1a: Weavile|Protect|p1a: Weavile\n|-singleturn|p1a: Weavile|Protect\n|move|p2a: Tyranitar|Knock Off|p1a: Weavile\n|-activate|p1a: Weavile|move: Protect\n|\n|-weather|Sandstorm|[upkeep]\n|-damage|p1a: Weavile|69\/100|[from] Sandstorm\n|-heal|p1a: Weavile|75\/100|[from] item: Leftovers\n|upkeep\n|turn|36\n|j| Van Pyro\n|\n|t:|1700012894\n|move|p1a: Weavile|Poison Jab|p2a: Tyranitar\n|-resisted|p2a: Tyranitar\n|-damage|p2a: Tyranitar|61\/100\n|-status|p2a: Tyranitar|psn\n|move|p2a: Tyranitar|Rock Blast|p1a: Weavile\n|-supereffective|p1a: Weavile\n|-end|p1a: Weavile|Substitute\n|-supereffective|p1a: Weavile\n|-damage|p1a: Weavile|37\/100\n|-supereffective|p1a: Weavile\n|-damage|p1a: Weavile|1\/100\n|-supereffective|p1a: Weavile\n|-damage|p1a: Weavile|0 fnt\n|faint|p1a: Weavile\n|-hitcount|p1: Weavile|4\n|\n|-weather|Sandstorm|[upkeep]\n|-damage|p2a: Tyranitar|49\/100 psn|[from] psn\n|upkeep\n|\n|t:|1700012903\n|switch|p1a: Ting-Lu|Ting-Lu|86\/100\n|-damage|p1a: Ting-Lu|79\/100|[from] Stealth Rock\n|-ability|p1a: Ting-Lu|Vessel of Ruin\n|turn|37\n|\n|t:|1700012909\n|switch|p2a: Rillaboom|Rillaboom, F, shiny|84\/100\n|-damage|p2a: Rillaboom|68\/100|[from] Spikes\n|-damage|p2a: Rillaboom|55\/100|[from] Stealth Rock\n|-fieldstart|move: Grassy Terrain|[from] ability: Grassy Surge|[of] p2a: Rillaboom\n|move|p1a: Ting-Lu|Spikes|p2a: Rillaboom\n|-sidestart|p2: Aggron|Spikes\n|\n|-weather|Sandstorm|[upkeep]\n|-damage|p2a: Rillaboom|49\/100|[from] Sandstorm\n|-heal|p2a: Rillaboom|55\/100|[from] Grassy Terrain\n|-heal|p1a: Ting-Lu|86\/100|[from] Grassy Terrain\n|upkeep\n|turn|38\n|\n|t:|1700012915\n|switch|p1a: Corviknight|Corviknight, F|88\/100\n|-damage|p1a: Corviknight|76\/100|[from] Stealth Rock\n|-ability|p1a: Corviknight|Pressure\n|move|p2a: Rillaboom|Knock Off|p1a: Corviknight\n|-crit|p1a: Corviknight\n|-damage|p1a: Corviknight|31\/100\n|-damage|p2a: Rillaboom|39\/100|[from] item: Rocky Helmet|[of] p1a: Corviknight\n|-enditem|p1a: Corviknight|Rocky Helmet|[from] move: Knock Off|[of] p2a: Rillaboom\n|\n|-weather|Sandstorm|[upkeep]\n|-damage|p2a: Rillaboom|33\/100|[from] Sandstorm\n|-heal|p2a: Rillaboom|39\/100|[from] Grassy Terrain\n|upkeep\n|turn|39\n|\n|t:|1700012923\n|switch|p2a: Heatran|Heatran, M|67\/100\n|-damage|p2a: Heatran|42\/100|[from] Spikes\n|-damage|p2a: Heatran|30\/100|[from] Stealth Rock\n|move|p1a: Corviknight|Roost|p1a: Corviknight\n|-heal|p1a: Corviknight|81\/100\n|-singleturn|p1a: Corviknight|move: Roost\n|\n|-weather|none\n|-heal|p2a: Heatran|36\/100|[from] Grassy Terrain\n|-heal|p1a: Corviknight|87\/100|[from] Grassy Terrain\n|upkeep\n|turn|40\n|\n|t:|1700012930\n|switch|p1a: Ting-Lu|Ting-Lu|86\/100\n|-damage|p1a: Ting-Lu|79\/100|[from] Stealth Rock\n|-ability|p1a: Ting-Lu|Vessel of Ruin\n|move|p2a: Heatran|Magma Storm|p1a: Ting-Lu\n|-damage|p1a: Ting-Lu|58\/100\n|-activate|p1a: Ting-Lu|move: Magma Storm|[of] p2a: Heatran\n|\n|-heal|p2a: Heatran|42\/100|[from] Grassy Terrain\n|-heal|p1a: Ting-Lu|65\/100|[from] Grassy Terrain\n|-damage|p1a: Ting-Lu|52\/100|[from] move: Magma Storm|[partiallytrapped]\n|upkeep\n|turn|41\n|\n|t:|1700012955\n|move|p2a: Heatran|Earth Power|p1a: Ting-Lu\n|-damage|p1a: Ting-Lu|39\/100\n|move|p1a: Ting-Lu|Earthquake|p2a: Heatran\n|-supereffective|p2a: Heatran\n|-damage|p2a: Heatran|0 fnt\n|faint|p2a: Heatran\n|\n|-heal|p1a: Ting-Lu|46\/100|[from] Grassy Terrain\n|-end|p1a: Ting-Lu|Magma Storm|[partiallytrapped]|[silent]\n|-fieldend|move: Grassy Terrain\n|upkeep\n|\n|t:|1700012957\n|switch|p2a: Sneasler|Sneasler, F, shiny|100\/100\n|-damage|p2a: Sneasler|76\/100|[from] Spikes\n|-damage|p2a: Sneasler|70\/100|[from] Stealth Rock\n|turn|42\n|\n|t:|1700012968\n|move|p1a: Ting-Lu|Protect|p1a: Ting-Lu\n|-singleturn|p1a: Ting-Lu|Protect\n|move|p2a: Sneasler|Dire Claw|p1a: Ting-Lu\n|-activate|p1a: Ting-Lu|move: Protect\n|\n|upkeep\n|turn|43\n|\n|t:|1700012975\n|switch|p1a: Weezing|Weezing-Galar, M|100\/100\n|-ability|p1a: Weezing|Neutralizing Gas\n|move|p2a: Sneasler|Dire Claw|p1a: Weezing\n|-damage|p1a: Weezing|74\/100\n|\n|upkeep\n|turn|44\n|\n|t:|1700012983\n|move|p2a: Sneasler|Dire Claw|p1a: Weezing\n|-damage|p1a: Weezing|48\/100\n|move|p1a: Weezing|Will-O-Wisp|p2a: Sneasler\n|-status|p2a: Sneasler|brn\n|\n|-damage|p2a: Sneasler|64\/100 brn|[from] brn\n|upkeep\n|turn|45\n|\n|t:|1700012995\n|move|p2a: Sneasler|Dire Claw|p1a: Weezing\n|-damage|p1a: Weezing|34\/100\n|move|p1a: Weezing|Sludge Bomb|p2a: Sneasler\n|-resisted|p2a: Sneasler\n|-damage|p2a: Sneasler|47\/100 brn\n|\n|-damage|p2a: Sneasler|41\/100 brn|[from] brn\n|upkeep\n|turn|46\n|\n|t:|1700013000\n|move|p2a: Sneasler|Dire Claw|p1a: Weezing\n|-damage|p1a: Weezing|19\/100\n|move|p1a: Weezing|Pain Split|p2a: Sneasler\n|-sethp|p2a: Sneasler|31\/100 brn|[from] move: Pain Split|[silent]\n|-sethp|p1a: Weezing|28\/100|[from] move: Pain Split\n|\n|-damage|p2a: Sneasler|25\/100 brn|[from] brn\n|upkeep\n|turn|47\n|\n|t:|1700013005\n|move|p2a: Sneasler|Dire Claw|p1a: Weezing\n|-crit|p1a: Weezing\n|-damage|p1a: Weezing|6\/100\n|move|p1a: Weezing|Sludge Bomb|p2a: Sneasler\n|-resisted|p2a: Sneasler\n|-damage|p2a: Sneasler|5\/100 brn\n|\n|-damage|p2a: Sneasler|0 fnt|[from] brn\n|faint|p2a: Sneasler\n|upkeep\n|l| VicBossMG\n|\n|t:|1700013017\n|switch|p2a: Sinistcha|Sinistcha-Masterpiece, tera:Poison|70\/100\n|turn|48\n|\n|t:|1700013021\n|move|p2a: Sinistcha|Shadow Ball|p1a: Weezing\n|-damage|p1a: Weezing|0 fnt\n|faint|p1a: Weezing\n|-end|p1a: Weezing|ability: Neutralizing Gas\n|\n|upkeep\n|\n|t:|1700013026\n|switch|p1a: Ting-Lu|Ting-Lu|46\/100\n|-damage|p1a: Ting-Lu|39\/100|[from] Stealth Rock\n|-ability|p1a: Ting-Lu|Vessel of Ruin\n|turn|49\n|\n|t:|1700013035\n|move|p2a: Sinistcha|Strength Sap|p1a: Ting-Lu\n|-unboost|p1a: Ting-Lu|atk|1\n|-heal|p2a: Sinistcha|100\/100\n|move|p1a: Ting-Lu|Earthquake|p2a: Sinistcha\n|-supereffective|p2a: Sinistcha\n|-damage|p2a: Sinistcha|68\/100\n|\n|upkeep\n|turn|50\n|\n|t:|1700013043\n|switch|p1a: Dondozo|Dondozo, M, tera:Dragon|76\/100\n|-damage|p1a: Dondozo|63\/100|[from] Stealth Rock\n|move|p2a: Sinistcha|Matcha Gotcha|p1a: Dondozo\n|-resisted|p1a: Dondozo\n|-crit|p1a: Dondozo\n|-damage|p1a: Dondozo|48\/100\n|-heal|p2a: Sinistcha|79\/100|[from] drain|[of] p1a: Dondozo\n|-status|p1a: Dondozo|brn\n|\n|-heal|p1a: Dondozo|54\/100 brn|[from] item: Leftovers\n|-damage|p1a: Dondozo|48\/100 brn|[from] brn\n|upkeep\n|turn|51\n|j| CutePokesOnly\n|\n|t:|1700013069\n|move|p2a: Sinistcha|Shadow Ball|p1a: Dondozo\n|-damage|p1a: Dondozo|27\/100 brn\n|move|p1a: Dondozo|Rest|p1a: Dondozo\n|-status|p1a: Dondozo|slp|[from] move: Rest\n|-heal|p1a: Dondozo|100\/100 slp|[silent]\n|\n|upkeep\n|turn|52\n|\n|t:|1700013084\n|move|p2a: Sinistcha|Shadow Ball|p1a: Dondozo\n|-crit|p1a: Dondozo\n|-damage|p1a: Dondozo|71\/100 slp\n|cant|p1a: Dondozo|slp\n|\n|-heal|p1a: Dondozo|77\/100 slp|[from] item: Leftovers\n|upkeep\n|turn|53\n|\n|t:|1700013095\n|move|p2a: Sinistcha|Calm Mind|p2a: Sinistcha\n|-boost|p2a: Sinistcha|spa|1\n|-boost|p2a: Sinistcha|spd|1\n|cant|p1a: Dondozo|slp\n|\n|-heal|p1a: Dondozo|84\/100 slp|[from] item: Leftovers\n|upkeep\n|turn|54\n|\n|t:|1700013098\n|move|p2a: Sinistcha|Calm Mind|p2a: Sinistcha\n|-boost|p2a: Sinistcha|spa|1\n|-boost|p2a: Sinistcha|spd|1\n|-curestatus|p1a: Dondozo|slp|[msg]\n|move|p1a: Dondozo|Curse|p1a: Dondozo\n|-unboost|p1a: Dondozo|spe|1\n|-boost|p1a: Dondozo|atk|1\n|-boost|p1a: Dondozo|def|1\n|\n|-heal|p1a: Dondozo|90\/100|[from] item: Leftovers\n|upkeep\n|turn|55\n|\n|t:|1700013102\n|move|p2a: Sinistcha|Matcha Gotcha|p1a: Dondozo\n|-resisted|p1a: Dondozo\n|-damage|p1a: Dondozo|80\/100\n|-heal|p2a: Sinistcha|86\/100|[from] drain|[of] p1a: Dondozo\n|move|p1a: Dondozo|Earthquake|p2a: Sinistcha\n|-supereffective|p2a: Sinistcha\n|-damage|p2a: Sinistcha|37\/100\n|\n|-heal|p1a: Dondozo|86\/100|[from] item: Leftovers\n|upkeep\n|turn|56\n|\n|t:|1700013109\n|move|p2a: Sinistcha|Strength Sap|p1a: Dondozo\n|-unboost|p1a: Dondozo|atk|1\n|-heal|p2a: Sinistcha|100\/100\n|move|p1a: Dondozo|Curse|p1a: Dondozo\n|-unboost|p1a: Dondozo|spe|1\n|-boost|p1a: Dondozo|atk|1\n|-boost|p1a: Dondozo|def|1\n|\n|-heal|p1a: Dondozo|92\/100|[from] item: Leftovers\n|upkeep\n|turn|57\n|\n|t:|1700013113\n|move|p2a: Sinistcha|Matcha Gotcha|p1a: Dondozo\n|-resisted|p1a: Dondozo\n|-damage|p1a: Dondozo|81\/100\n|move|p1a: Dondozo|Earthquake|p2a: Sinistcha\n|-supereffective|p2a: Sinistcha\n|-damage|p2a: Sinistcha|55\/100\n|\n|-heal|p1a: Dondozo|88\/100|[from] item: Leftovers\n|upkeep\n|turn|58\n|\n|t:|1700013119\n|move|p2a: Sinistcha|Matcha Gotcha|p1a: Dondozo\n|-resisted|p1a: Dondozo\n|-damage|p1a: Dondozo|77\/100\n|-heal|p2a: Sinistcha|64\/100|[from] drain|[of] p1a: Dondozo\n|move|p1a: Dondozo|Curse|p1a: Dondozo\n|-unboost|p1a: Dondozo|spe|1\n|-boost|p1a: Dondozo|atk|1\n|-boost|p1a: Dondozo|def|1\n|\n|-heal|p1a: Dondozo|83\/100|[from] item: Leftovers\n|upkeep\n|turn|59\n|\n|t:|1700013124\n|move|p2a: Sinistcha|Strength Sap|p1a: Dondozo\n|-unboost|p1a: Dondozo|atk|1\n|-heal|p2a: Sinistcha|100\/100\n|move|p1a: Dondozo|Earthquake|p2a: Sinistcha\n|-supereffective|p2a: Sinistcha\n|-damage|p2a: Sinistcha|52\/100\n|\n|-heal|p1a: Dondozo|89\/100|[from] item: Leftovers\n|upkeep\n|turn|60\n|\n|t:|1700013128\n|move|p2a: Sinistcha|Strength Sap|p1a: Dondozo\n|-unboost|p1a: Dondozo|atk|1\n|-heal|p2a: Sinistcha|100\/100\n|move|p1a: Dondozo|Earthquake|p2a: Sinistcha\n|-supereffective|p2a: Sinistcha\n|-damage|p2a: Sinistcha|68\/100\n|\n|-heal|p1a: Dondozo|95\/100|[from] item: Leftovers\n|upkeep\n|turn|61\n|\n|t:|1700013139\n|switch|p2a: Rillaboom|Rillaboom, F, shiny|39\/100\n|-damage|p2a: Rillaboom|14\/100|[from] Spikes\n|-damage|p2a: Rillaboom|2\/100|[from] Stealth Rock\n|-fieldstart|move: Grassy Terrain|[from] ability: Grassy Surge|[of] p2a: Rillaboom\n|move|p1a: Dondozo|Curse|p1a: Dondozo\n|-unboost|p1a: Dondozo|spe|1\n|-boost|p1a: Dondozo|atk|1\n|-boost|p1a: Dondozo|def|1\n|\n|-heal|p2a: Rillaboom|8\/100|[from] Grassy Terrain\n|-heal|p1a: Dondozo|100\/100|[from] Grassy Terrain\n|upkeep\n|turn|62\n|\n|t:|1700013148\n|switch|p1a: Ting-Lu|Ting-Lu|39\/100\n|-damage|p1a: Ting-Lu|33\/100|[from] Stealth Rock\n|-ability|p1a: Ting-Lu|Vessel of Ruin\n|move|p2a: Rillaboom|Knock Off|p1a: Ting-Lu\n|-resisted|p1a: Ting-Lu\n|-damage|p1a: Ting-Lu|24\/100\n|\n|-heal|p2a: Rillaboom|14\/100|[from] Grassy Terrain\n|-heal|p1a: Ting-Lu|30\/100|[from] Grassy Terrain\n|upkeep\n|turn|63\n|j| Glizzward\n|\n|t:|1700013156\n|switch|p2a: Sinistcha|Sinistcha-Masterpiece, tera:Poison|68\/100\n|move|p1a: Ting-Lu|Earthquake|p2a: Sinistcha\n|-supereffective|p2a: Sinistcha\n|-damage|p2a: Sinistcha|43\/100\n|\n|-heal|p2a: Sinistcha|49\/100|[from] Grassy Terrain\n|-heal|p1a: Ting-Lu|36\/100|[from] Grassy Terrain\n|upkeep\n|turn|64\n|j| SwabbyYabby\n|\n|t:|1700013167\n|move|p1a: Ting-Lu|Protect|p1a: Ting-Lu\n|-singleturn|p1a: Ting-Lu|Protect\n|move|p2a: Sinistcha|Matcha Gotcha|p1a: Ting-Lu\n|-activate|p1a: Ting-Lu|move: Protect\n|\n|-heal|p2a: Sinistcha|55\/100|[from] Grassy Terrain\n|-heal|p1a: Ting-Lu|43\/100|[from] Grassy Terrain\n|upkeep\n|turn|65\n|l| stardust_zjb\n|j| 7g7g7g7\n|\n|t:|1700013174\n|switch|p1a: Dondozo|Dondozo, M, tera:Dragon|100\/100\n|-damage|p1a: Dondozo|88\/100|[from] Stealth Rock\n|move|p2a: Sinistcha|Matcha Gotcha|p1a: Dondozo\n|-resisted|p1a: Dondozo\n|-damage|p1a: Dondozo|75\/100\n|-heal|p2a: Sinistcha|65\/100|[from] drain|[of] p1a: Dondozo\n|\n|-heal|p2a: Sinistcha|71\/100|[from] Grassy Terrain\n|-heal|p1a: Dondozo|82\/100|[from] Grassy Terrain\n|-heal|p1a: Dondozo|88\/100|[from] item: Leftovers\n|-fieldend|move: Grassy Terrain\n|upkeep\n|turn|66\n|\n|t:|1700013186\n|switch|p2a: Rillaboom|Rillaboom, F, shiny|14\/100\n|-damage|p2a: Rillaboom|0 fnt|[from] Spikes\n|faint|p2a: Rillaboom\n|move|p1a: Dondozo|Curse|p1a: Dondozo\n|-unboost|p1a: Dondozo|spe|1\n|-boost|p1a: Dondozo|atk|1\n|-boost|p1a: Dondozo|def|1\n|\n|-heal|p1a: Dondozo|94\/100|[from] item: Leftovers\n|upkeep\n|\n|t:|1700013187\n|switch|p2a: Tyranitar|Tyranitar, F, shiny|49\/100 psn\n|-damage|p2a: Tyranitar|24\/100 psn|[from] Spikes\n|-damage|p2a: Tyranitar|12\/100 psn|[from] Stealth Rock\n|-weather|Sandstorm|[from] ability: Sand Stream|[of] p2a: Tyranitar\n|turn|67\n|\n|t:|1700013193\n|switch|p1a: Ting-Lu|Ting-Lu|43\/100\n|-damage|p1a: Ting-Lu|36\/100|[from] Stealth Rock\n|-ability|p1a: Ting-Lu|Vessel of Ruin\n|move|p2a: Tyranitar|Rest|p2a: Tyranitar\n|-status|p2a: Tyranitar|slp|[from] move: Rest\n|-heal|p2a: Tyranitar|100\/100 slp|[silent]\n|\n|-weather|Sandstorm|[upkeep]\n|upkeep\n|turn|68\n|\n|t:|1700013198\n|cant|p2a: Tyranitar|slp\n|move|p1a: Ting-Lu|Earthquake|p2a: Tyranitar\n|-supereffective|p2a: Tyranitar\n|-damage|p2a: Tyranitar|40\/100 slp\n|\n|-weather|Sandstorm|[upkeep]\n|upkeep\n|turn|69\n|\n|t:|1700013201\n|cant|p2a: Tyranitar|slp\n|move|p1a: Ting-Lu|Earthquake|p2a: Tyranitar\n|-supereffective|p2a: Tyranitar\n|-damage|p2a: Tyranitar|0 fnt\n|faint|p2a: Tyranitar\n|\n|-weather|Sandstorm|[upkeep]\n|upkeep\n|\n|t:|1700013202\n|switch|p2a: Sinistcha|Sinistcha-Masterpiece, tera:Poison|71\/100\n|turn|70\n|j| Little Cuack\n|\n|t:|1700013205\n|move|p2a: Sinistcha|Matcha Gotcha|p1a: Ting-Lu\n|-supereffective|p1a: Ting-Lu\n|-damage|p1a: Ting-Lu|10\/100\n|-heal|p2a: Sinistcha|90\/100|[from] drain|[of] p1a: Ting-Lu\n|move|p1a: Ting-Lu|Earthquake|p2a: Sinistcha\n|-supereffective|p2a: Sinistcha\n|-damage|p2a: Sinistcha|43\/100\n|\n|-weather|Sandstorm|[upkeep]\n|-damage|p2a: Sinistcha|37\/100|[from] Sandstorm\n|upkeep\n|turn|71\n|\n|t:|1700013210\n|move|p2a: Sinistcha|Matcha Gotcha|p1a: Ting-Lu\n|-supereffective|p1a: Ting-Lu\n|-damage|p1a: Ting-Lu|0 fnt\n|-heal|p2a: Sinistcha|44\/100|[from] drain|[of] p1a: Ting-Lu\n|faint|p1a: Ting-Lu\n|\n|-weather|none\n|upkeep\n|\n|t:|1700013215\n|switch|p1a: Dondozo|Dondozo, M, tera:Dragon|94\/100\n|-damage|p1a: Dondozo|81\/100|[from] Stealth Rock\n|turn|72\n|\n|t:|1700013221\n|move|p2a: Sinistcha|Strength Sap|p1a: Dondozo\n|-unboost|p1a: Dondozo|atk|1\n|-heal|p2a: Sinistcha|100\/100\n|move|p1a: Dondozo|Earthquake|p2a: Sinistcha\n|-supereffective|p2a: Sinistcha\n|-damage|p2a: Sinistcha|80\/100\n|\n|-heal|p1a: Dondozo|88\/100|[from] item: Leftovers\n|upkeep\n|turn|73\n|\n|t:|1700013225\n|switch|p1a: Alomomola|Alomomola, M|65\/100 brn\n|-damage|p1a: Alomomola|53\/100 brn|[from] Stealth Rock\n|move|p2a: Sinistcha|Shadow Ball|p1a: Alomomola\n|-damage|p1a: Alomomola|21\/100 brn\n|\n|-heal|p1a: Alomomola|27\/100 brn|[from] item: Leftovers\n|-damage|p1a: Alomomola|21\/100 brn|[from] brn\n|upkeep\n|turn|74\n|\n|t:|1700013230\n|switch|p1a: Dondozo|Dondozo, M, tera:Dragon|88\/100\n|-damage|p1a: Dondozo|75\/100|[from] Stealth Rock\n|move|p2a: Sinistcha|Calm Mind|p2a: Sinistcha\n|-boost|p2a: Sinistcha|spa|1\n|-boost|p2a: Sinistcha|spd|1\n|\n|-heal|p1a: Dondozo|81\/100|[from] item: Leftovers\n|upkeep\n|turn|75\n|\n|t:|1700013234\n|move|p2a: Sinistcha|Calm Mind|p2a: Sinistcha\n|-boost|p2a: Sinistcha|spa|1\n|-boost|p2a: Sinistcha|spd|1\n|move|p1a: Dondozo|Curse|p1a: Dondozo\n|-unboost|p1a: Dondozo|spe|1\n|-boost|p1a: Dondozo|atk|1\n|-boost|p1a: Dondozo|def|1\n|\n|-heal|p1a: Dondozo|87\/100|[from] item: Leftovers\n|upkeep\n|turn|76\n|\n|t:|1700013237\n|move|p2a: Sinistcha|Matcha Gotcha|p1a: Dondozo\n|-resisted|p1a: Dondozo\n|-damage|p1a: Dondozo|77\/100\n|-heal|p2a: Sinistcha|87\/100|[from] drain|[of] p1a: Dondozo\n|move|p1a: Dondozo|Earthquake|p2a: Sinistcha\n|-supereffective|p2a: Sinistcha\n|-damage|p2a: Sinistcha|42\/100\n|\n|-heal|p1a: Dondozo|83\/100|[from] item: Leftovers\n|upkeep\n|turn|77\n|\n|t:|1700013243\n|move|p2a: Sinistcha|Strength Sap|p1a: Dondozo\n|-unboost|p1a: Dondozo|atk|1\n|-heal|p2a: Sinistcha|100\/100\n|move|p1a: Dondozo|Earthquake|p2a: Sinistcha\n|-supereffective|p2a: Sinistcha\n|-damage|p2a: Sinistcha|68\/100\n|\n|-heal|p1a: Dondozo|90\/100|[from] item: Leftovers\n|upkeep\n|turn|78\n|\n|t:|1700013249\n|move|p2a: Sinistcha|Matcha Gotcha|p1a: Dondozo\n|-resisted|p1a: Dondozo\n|-damage|p1a: Dondozo|80\/100\n|-heal|p2a: Sinistcha|75\/100|[from] drain|[of] p1a: Dondozo\n|move|p1a: Dondozo|Earthquake|p2a: Sinistcha\n|-supereffective|p2a: Sinistcha\n|-damage|p2a: Sinistcha|42\/100\n|\n|-heal|p1a: Dondozo|86\/100|[from] item: Leftovers\n|upkeep\n|turn|79\n|\n|t:|1700013252\n|switch|p1a: Alomomola|Alomomola, M|54\/100 brn\n|-damage|p1a: Alomomola|42\/100 brn|[from] Stealth Rock\n|move|p2a: Sinistcha|Shadow Ball|p1a: Alomomola\n|-crit|p1a: Alomomola\n|-damage|p1a: Alomomola|0 fnt\n|faint|p1a: Alomomola\n|\n|upkeep\n|\n|t:|1700013255\n|switch|p1a: Dondozo|Dondozo, M, tera:Dragon|86\/100\n|-damage|p1a: Dondozo|74\/100|[from] Stealth Rock\n|turn|80\n|\n|t:|1700013259\n|move|p2a: Sinistcha|Strength Sap|p1a: Dondozo\n|-unboost|p1a: Dondozo|atk|1\n|-heal|p2a: Sinistcha|100\/100\n|move|p1a: Dondozo|Curse|p1a: Dondozo\n|-unboost|p1a: Dondozo|spe|1\n|-boost|p1a: Dondozo|atk|1\n|-boost|p1a: Dondozo|def|1\n|\n|-heal|p1a: Dondozo|80\/100|[from] item: Leftovers\n|upkeep\n|turn|81\n|\n|t:|1700013265\n|move|p2a: Sinistcha|Shadow Ball|p1a: Dondozo\n|-damage|p1a: Dondozo|59\/100\n|-unboost|p1a: Dondozo|spd|1\n|move|p1a: Dondozo|Curse|p1a: Dondozo\n|-unboost|p1a: Dondozo|spe|1\n|-boost|p1a: Dondozo|atk|1\n|-boost|p1a: Dondozo|def|1\n|\n|-heal|p1a: Dondozo|65\/100|[from] item: Leftovers\n|upkeep\n|turn|82\n|\n|t:|1700013271\n|move|p2a: Sinistcha|Shadow Ball|p1a: Dondozo\n|-damage|p1a: Dondozo|36\/100\n|move|p1a: Dondozo|Curse|p1a: Dondozo\n|-unboost|p1a: Dondozo|spe|1\n|-boost|p1a: Dondozo|atk|1\n|-boost|p1a: Dondozo|def|1\n|\n|-heal|p1a: Dondozo|42\/100|[from] item: Leftovers\n|upkeep\n|turn|83\n|j| Ultramanball1\n|\n|t:|1700013277\n|move|p2a: Sinistcha|Shadow Ball|p1a: Dondozo\n|-damage|p1a: Dondozo|11\/100\n|move|p1a: Dondozo|Rest|p1a: Dondozo\n|-status|p1a: Dondozo|slp|[from] move: Rest\n|-heal|p1a: Dondozo|100\/100 slp|[silent]\n|\n|upkeep\n|turn|84\n|\n|t:|1700013282\n|move|p2a: Sinistcha|Shadow Ball|p1a: Dondozo\n|-damage|p1a: Dondozo|69\/100 slp\n|cant|p1a: Dondozo|slp\n|\n|-heal|p1a: Dondozo|75\/100 slp|[from] item: Leftovers\n|upkeep\n|turn|85\n|\n|t:|1700013286\n|move|p2a: Sinistcha|Shadow Ball|p1a: Dondozo\n|-damage|p1a: Dondozo|46\/100 slp\n|cant|p1a: Dondozo|slp\n|\n|-heal|p1a: Dondozo|52\/100 slp|[from] item: Leftovers\n|upkeep\n|turn|86\n|\n|t:|1700013290\n|move|p2a: Sinistcha|Shadow Ball|p1a: Dondozo\n|-damage|p1a: Dondozo|20\/100 slp\n|-curestatus|p1a: Dondozo|slp|[msg]\n|move|p1a: Dondozo|Rest|p1a: Dondozo\n|-status|p1a: Dondozo|slp|[from] move: Rest\n|-heal|p1a: Dondozo|100\/100 slp|[silent]\n|\n|upkeep\n|turn|87\n|\n|t:|1700013293\n|move|p2a: Sinistcha|Calm Mind|p2a: Sinistcha\n|-boost|p2a: Sinistcha|spa|1\n|-boost|p2a: Sinistcha|spd|1\n|cant|p1a: Dondozo|slp\n|\n|upkeep\n|turn|88\n|\n|t:|1700013295\n|move|p2a: Sinistcha|Calm Mind|p2a: Sinistcha\n|-boost|p2a: Sinistcha|spa|1\n|-boost|p2a: Sinistcha|spd|1\n|cant|p1a: Dondozo|slp\n|\n|upkeep\n|turn|89\n|\n|t:|1700013299\n|move|p2a: Sinistcha|Shadow Ball|p1a: Dondozo\n|-damage|p1a: Dondozo|69\/100 slp\n|-curestatus|p1a: Dondozo|slp|[msg]\n|move|p1a: Dondozo|Curse|p1a: Dondozo\n|-unboost|p1a: Dondozo|spe|1\n|-boost|p1a: Dondozo|atk|1\n|-boost|p1a: Dondozo|def|1\n|\n|-heal|p1a: Dondozo|75\/100|[from] item: Leftovers\n|upkeep\n|turn|90\n|\n|t:|1700013305\n|move|p2a: Sinistcha|Matcha Gotcha|p1a: Dondozo\n|-resisted|p1a: Dondozo\n|-damage|p1a: Dondozo|60\/100\n|-status|p1a: Dondozo|brn\n|move|p1a: Dondozo|Earthquake|p2a: Sinistcha\n|-supereffective|p2a: Sinistcha\n|-damage|p2a: Sinistcha|64\/100\n|\n|-heal|p1a: Dondozo|66\/100 brn|[from] item: Leftovers\n|-damage|p1a: Dondozo|60\/100 brn|[from] brn\n|upkeep\n|turn|91\n|\n|t:|1700013309\n|move|p2a: Sinistcha|Calm Mind|p2a: Sinistcha\n|-boost|p2a: Sinistcha|spa|1\n|-boost|p2a: Sinistcha|spd|1\n|move|p1a: Dondozo|Rest|p1a: Dondozo\n|-status|p1a: Dondozo|slp|[from] move: Rest\n|-heal|p1a: Dondozo|100\/100 slp|[silent]\n|\n|upkeep\n|turn|92\n|\n|t:|1700013312\n|move|p2a: Sinistcha|Calm Mind|p2a: Sinistcha\n|-boost|p2a: Sinistcha|spa|1\n|-boost|p2a: Sinistcha|spd|1\n|cant|p1a: Dondozo|slp\n|\n|upkeep\n|turn|93\n|j| kaworustan\n|\n|t:|1700013329\n|move|p2a: Sinistcha|Calm Mind|p2a: Sinistcha\n|-boost|p2a: Sinistcha|spa|0\n|-boost|p2a: Sinistcha|spd|0\n|cant|p1a: Dondozo|slp\n|\n|upkeep\n|turn|94\n|\n|t:|1700013332\n|move|p2a: Sinistcha|Strength Sap|p1a: Dondozo\n|-unboost|p1a: Dondozo|atk|1\n|-heal|p2a: Sinistcha|100\/100\n|-curestatus|p1a: Dondozo|slp|[msg]\n|move|p1a: Dondozo|Earthquake|p2a: Sinistcha\n|-supereffective|p2a: Sinistcha\n|-damage|p2a: Sinistcha|33\/100\n|\n|upkeep\n|turn|95\n|\n|t:|1700013336\n|move|p2a: Sinistcha|Strength Sap|p1a: Dondozo\n|-unboost|p1a: Dondozo|atk|1\n|-heal|p2a: Sinistcha|100\/100\n|move|p1a: Dondozo|Curse|p1a: Dondozo\n|-unboost|p1a: Dondozo|spe|1\n|-boost|p1a: Dondozo|atk|1\n|-boost|p1a: Dondozo|def|1\n|\n|upkeep\n|turn|96\n|\n|t:|1700013340\n|move|p2a: Sinistcha|Matcha Gotcha|p1a: Dondozo\n|-resisted|p1a: Dondozo\n|-damage|p1a: Dondozo|84\/100\n|move|p1a: Dondozo|Curse|p1a: Dondozo\n|-unboost|p1a: Dondozo|spe|1\n|-boost|p1a: Dondozo|atk|1\n|-boost|p1a: Dondozo|def|1\n|\n|-heal|p1a: Dondozo|90\/100|[from] item: Leftovers\n|upkeep\n|turn|97\n|\n|t:|1700013345\n|move|p2a: Sinistcha|Matcha Gotcha|p1a: Dondozo|[miss]\n|-miss|p2a: Sinistcha|p1a: Dondozo\n|move|p1a: Dondozo|Curse|p1a: Dondozo\n|-boost|p1a: Dondozo|atk|1\n|\n|-heal|p1a: Dondozo|96\/100|[from] item: Leftovers\n|upkeep\n|turn|98\n|\n|t:|1700013356\n|move|p2a: Sinistcha|Matcha Gotcha|p1a: Dondozo\n|-resisted|p1a: Dondozo\n|-damage|p1a: Dondozo|80\/100\n|-status|p1a: Dondozo|brn\n|move|p1a: Dondozo|Curse|p1a: Dondozo\n|-boost|p1a: Dondozo|atk|1\n|\n|-heal|p1a: Dondozo|86\/100 brn|[from] item: Leftovers\n|-damage|p1a: Dondozo|80\/100 brn|[from] brn\n|upkeep\n|turn|99\n|\n|t:|1700013368\n|move|p2a: Sinistcha|Calm Mind|p2a: Sinistcha\n|-boost|p2a: Sinistcha|spa|0\n|-boost|p2a: Sinistcha|spd|0\n|move|p1a: Dondozo|Rest|p1a: Dondozo\n|-status|p1a: Dondozo|slp|[from] move: Rest\n|-heal|p1a: Dondozo|100\/100 slp|[silent]\n|\n|upkeep\n|turn|100\n|\n|t:|1700013371\n|move|p2a: Sinistcha|Calm Mind|p2a: Sinistcha\n|-boost|p2a: Sinistcha|spa|0\n|-boost|p2a: Sinistcha|spd|0\n|cant|p1a: Dondozo|slp\n|\n|upkeep\n|turn|101\n|j| isoptera\n|\n|t:|1700013376\n|move|p2a: Sinistcha|Shadow Ball|p1a: Dondozo\n|-damage|p1a: Dondozo|70\/100 slp\n|cant|p1a: Dondozo|slp\n|\n|-heal|p1a: Dondozo|76\/100 slp|[from] item: Leftovers\n|upkeep\n|turn|102\n|\n|t:|1700013378\n|move|p2a: Sinistcha|Shadow Ball|p1a: Dondozo\n|-damage|p1a: Dondozo|45\/100 slp\n|-curestatus|p1a: Dondozo|slp|[msg]\n|move|p1a: Dondozo|Earthquake|p2a: Sinistcha\n|-supereffective|p2a: Sinistcha\n|-damage|p2a: Sinistcha|0 fnt\n|faint|p2a: Sinistcha\n|\n|win|mathismathin\n|raw|mathismathin's rating: 1754 &rarr; <strong>1773<\/strong><br \/>(+19 for winning)\n|raw|Aggron's rating: 1741 &rarr; <strong>1722<\/strong><br \/>(-19 for losing)\n|l|\u2606Aggron\n|l| Little Cuack\n|c|\u2606mathismathin|gg\n","uploadtime":1700013385,"views":74,"p1id":"mathismathin","p2id":"aggron","formatid":"gen9ou","rating":1722,"private":0,"password":""}