{"id":"gen9ou-1990177669","p1":"dogwearingdurag","p2":"Audio Peel","format":"[Gen 9] OU","log":"|j|\u2606dogwearingdurag\n|j|\u2606Audio Peel\n|t:|1699933355\n|gametype|singles\n|player|p1|dogwearingdurag|waiter-gen4dp|1549\n|player|p2|Audio Peel|170|1753\n|teamsize|p1|6\n|teamsize|p2|6\n|gen|9\n|tier|[Gen 9] OU\n|rated|\n|rule|Sleep Clause Mod: Limit one foe put to sleep\n|rule|Species Clause: Limit one of each Pok\u00e9mon\n|rule|OHKO Clause: OHKO moves are banned\n|rule|Evasion Items Clause: Evasion items are banned\n|rule|Evasion Moves Clause: Evasion moves are banned\n|rule|Endless Battle Clause: Forcing endless battles is banned\n|rule|HP Percentage Mod: HP is shown in percentages\n|clearpoke\n|poke|p1|Zapdos|\n|poke|p1|Gholdengo|\n|poke|p1|Weavile, F|\n|poke|p1|Milotic, F|\n|poke|p1|Great Tusk|\n|poke|p1|Sneasler, F|\n|poke|p2|Rillaboom, M|\n|poke|p2|Sneasler, M|\n|poke|p2|Great Tusk|\n|poke|p2|Ogerpon-Cornerstone, F|\n|poke|p2|Iron Valiant|\n|poke|p2|Manaphy|\n|teampreview\n|inactive|Battle timer is ON: inactive players will automatically lose when time's up. (requested by dogwearingdurag)\n|\n|t:|1699933377\n|start\n|switch|p1a: Sneasler|Sneasler, F|100\/100\n|switch|p2a: trickle down|Manaphy|100\/100\n|turn|1\n|j| Z the S Tier\n|\n|t:|1699933380\n|move|p1a: Sneasler|U-turn|p2a: trickle down\n|-damage|p2a: trickle down|86\/100\n|\n|t:|1699933388\n|switch|p1a: Milotic|Milotic, F|100\/100|[from] U-turn\n|move|p2a: trickle down|Take Heart|p2a: trickle down\n|-boost|p2a: trickle down|spa|1\n|-boost|p2a: trickle down|spd|1\n|\n|-heal|p2a: trickle down|92\/100|[from] item: Leftovers\n|upkeep\n|turn|2\n|j| showdex_tester\n|\n|t:|1699933392\n|switch|p2a: Ogerpon|Ogerpon-Cornerstone, F|100\/100\n|move|p1a: Milotic|Haze|p1a: Milotic\n|-clearallboost\n|\n|upkeep\n|turn|3\n|\n|t:|1699933399\n|switch|p1a: Gholdengo|Gholdengo|100\/100\n|-item|p1a: Gholdengo|Air Balloon\n|move|p2a: Ogerpon|Knock Off|p1a: Gholdengo\n|-supereffective|p1a: Gholdengo\n|-damage|p1a: Gholdengo|24\/100\n|-enditem|p1a: Gholdengo|Air Balloon\n|\n|upkeep\n|turn|4\n|c|\u2606dogwearingdurag|oh shit\n|\n|t:|1699933410\n|move|p2a: Ogerpon|Knock Off|p1a: Gholdengo\n|-supereffective|p1a: Gholdengo\n|-damage|p1a: Gholdengo|0 fnt\n|faint|p1a: Gholdengo\n|\n|upkeep\n|\n|t:|1699933427\n|switch|p1a: Great Tusk|Great Tusk|100\/100\n|turn|5\n|\n|t:|1699933432\n|switch|p2a: trickle down|Manaphy|92\/100\n|-terastallize|p1a: Great Tusk|Steel\n|move|p1a: Great Tusk|Rapid Spin|p2a: trickle down\n|-damage|p2a: trickle down|83\/100\n|-boost|p1a: Great Tusk|spe|1\n|\n|-heal|p2a: trickle down|89\/100|[from] item: Leftovers\n|upkeep\n|turn|6\n|\n|t:|1699933440\n|move|p1a: Great Tusk|Headlong Rush|p2a: trickle down\n|-damage|p2a: trickle down|58\/100\n|-unboost|p1a: Great Tusk|def|1\n|-unboost|p1a: Great Tusk|spd|1\n|move|p2a: trickle down|Scald|p1a: Great Tusk\n|-damage|p1a: Great Tusk|42\/100\n|\n|-heal|p1a: Great Tusk|49\/100|[from] item: Leftovers\n|-heal|p2a: trickle down|64\/100|[from] item: Leftovers\n|upkeep\n|turn|7\n|\n|t:|1699933448\n|-end|p1a: Great Tusk|Protosynthesis|[silent]\n|switch|p1a: Milotic|Milotic, F|100\/100\n|move|p2a: trickle down|Scald|p1a: Milotic\n|-resisted|p1a: Milotic\n|-damage|p1a: Milotic|93\/100\n|\n|-heal|p2a: trickle down|71\/100|[from] item: Leftovers\n|-heal|p1a: Milotic|99\/100|[from] item: Leftovers\n|upkeep\n|turn|8\n|c|\u2606dogwearingdurag|these trickle down economics are fucked\n|\n|t:|1699933457\n|move|p2a: trickle down|Take Heart|p2a: trickle down\n|-boost|p2a: trickle down|spa|1\n|-boost|p2a: trickle down|spd|1\n|move|p1a: Milotic|Scald|p2a: trickle down\n|-resisted|p2a: trickle down\n|-damage|p2a: trickle down|62\/100\n|\n|-heal|p2a: trickle down|69\/100|[from] item: Leftovers\n|-heal|p1a: Milotic|100\/100|[from] item: Leftovers\n|upkeep\n|turn|9\n|\n|t:|1699933464\n|move|p2a: trickle down|Scald|p1a: Milotic\n|-resisted|p1a: Milotic\n|-damage|p1a: Milotic|88\/100\n|-status|p1a: Milotic|brn\n|move|p1a: Milotic|Scald|p2a: trickle down\n|-resisted|p2a: trickle down\n|-damage|p2a: trickle down|60\/100\n|-status|p2a: trickle down|brn\n|\n|-heal|p2a: trickle down|67\/100 brn|[from] item: Leftovers\n|-heal|p1a: Milotic|94\/100 brn|[from] item: Leftovers\n|-damage|p2a: trickle down|60\/100 brn|[from] brn\n|-damage|p1a: Milotic|88\/100 brn|[from] brn\n|upkeep\n|turn|10\n|\n|t:|1699933483\n|move|p2a: trickle down|Take Heart|p2a: trickle down\n|-boost|p2a: trickle down|spa|1\n|-boost|p2a: trickle down|spd|1\n|-curestatus|p2a: trickle down|brn|[msg]\n|move|p1a: Milotic|Haze|p1a: Milotic\n|-clearallboost\n|\n|-heal|p2a: trickle down|67\/100|[from] item: Leftovers\n|-heal|p1a: Milotic|94\/100 brn|[from] item: Leftovers\n|-damage|p1a: Milotic|88\/100 brn|[from] brn\n|upkeep\n|turn|11\n|\n|t:|1699933508\n|move|p2a: trickle down|Take Heart|p2a: trickle down\n|-boost|p2a: trickle down|spa|1\n|-boost|p2a: trickle down|spd|1\n|move|p1a: Milotic|Ice Beam|p2a: trickle down\n|-resisted|p2a: trickle down\n|-damage|p2a: trickle down|60\/100\n|\n|-heal|p2a: trickle down|66\/100|[from] item: Leftovers\n|-heal|p1a: Milotic|94\/100 brn|[from] item: Leftovers\n|-damage|p1a: Milotic|88\/100 brn|[from] brn\n|upkeep\n|turn|12\n|\n|t:|1699933512\n|switch|p2a: Iron Valiant|Iron Valiant|100\/100\n|-enditem|p2a: Iron Valiant|Booster Energy\n|-activate|p2a: Iron Valiant|ability: Quark Drive|[fromitem]\n|-start|p2a: Iron Valiant|quarkdrivespe\n|move|p1a: Milotic|Haze|p1a: Milotic\n|-clearallboost\n|\n|-heal|p1a: Milotic|94\/100 brn|[from] item: Leftovers\n|-damage|p1a: Milotic|88\/100 brn|[from] brn\n|upkeep\n|turn|13\n|\n|t:|1699933518\n|move|p2a: Iron Valiant|Calm Mind|p2a: Iron Valiant\n|-boost|p2a: Iron Valiant|spa|1\n|-boost|p2a: Iron Valiant|spd|1\n|move|p1a: Milotic|Scald|p2a: Iron Valiant\n|-damage|p2a: Iron Valiant|66\/100\n|\n|-heal|p1a: Milotic|94\/100 brn|[from] item: Leftovers\n|-damage|p1a: Milotic|88\/100 brn|[from] brn\n|upkeep\n|turn|14\n|\n|t:|1699933524\n|move|p2a: Iron Valiant|Calm Mind|p2a: Iron Valiant\n|-boost|p2a: Iron Valiant|spa|1\n|-boost|p2a: Iron Valiant|spd|1\n|move|p1a: Milotic|Haze|p1a: Milotic\n|-clearallboost\n|\n|-heal|p1a: Milotic|94\/100 brn|[from] item: Leftovers\n|-damage|p1a: Milotic|88\/100 brn|[from] brn\n|upkeep\n|turn|15\n|\n|t:|1699933527\n|move|p2a: Iron Valiant|Encore|p1a: Milotic\n|-start|p1a: Milotic|Encore\n|move|p1a: Milotic|Haze|p1a: Milotic\n|-clearallboost\n|\n|-heal|p1a: Milotic|94\/100 brn|[from] item: Leftovers\n|-damage|p1a: Milotic|88\/100 brn|[from] brn\n|upkeep\n|turn|16\n|\n|t:|1699933533\n|switch|p1a: Sneasler|Sneasler, F|100\/100\n|move|p2a: Iron Valiant|Calm Mind|p2a: Iron Valiant\n|-boost|p2a: Iron Valiant|spa|1\n|-boost|p2a: Iron Valiant|spd|1\n|\n|upkeep\n|turn|17\n|\n|t:|1699933535\n|move|p1a: Sneasler|Dire Claw|p2a: Iron Valiant\n|-supereffective|p2a: Iron Valiant\n|-damage|p2a: Iron Valiant|0 fnt\n|faint|p2a: Iron Valiant\n|-end|p2a: Iron Valiant|Quark Drive|[silent]\n|\n|upkeep\n|\n|t:|1699933554\n|switch|p2a: Great Tusk|Great Tusk|100\/100\n|-enditem|p2a: Great Tusk|Booster Energy\n|-activate|p2a: Great Tusk|ability: Protosynthesis|[fromitem]\n|-start|p2a: Great Tusk|protosynthesisspe\n|turn|18\n|\n|t:|1699933557\n|switch|p1a: lebron|Zapdos|100\/100\n|move|p2a: Great Tusk|Bulk Up|p2a: Great Tusk\n|-boost|p2a: Great Tusk|atk|1\n|-boost|p2a: Great Tusk|def|1\n|\n|upkeep\n|turn|19\n|\n|t:|1699933565\n|move|p2a: Great Tusk|Ice Spinner|p1a: lebron\n|-supereffective|p1a: lebron\n|-crit|p1a: lebron\n|-damage|p1a: lebron|19\/100\n|move|p1a: lebron|Hurricane|p2a: Great Tusk|[miss]\n|-miss|p1a: lebron|p2a: Great Tusk\n|\n|upkeep\n|turn|20\n|c|\u2606dogwearingdurag|crazy crit damn\n|c|\u2606Audio Peel|mb\n|\n|t:|1699933576\n|move|p2a: Great Tusk|Ice Spinner|p1a: lebron\n|-supereffective|p1a: lebron\n|-damage|p1a: lebron|0 fnt\n|faint|p1a: lebron\n|\n|upkeep\n|\n|t:|1699933594\n|switch|p1a: Milotic|Milotic, F|88\/100 brn\n|turn|21\n|\n|t:|1699933615\n|-terastallize|p2a: Great Tusk|Fire\n|move|p2a: Great Tusk|Rapid Spin|p1a: Milotic\n|-damage|p1a: Milotic|73\/100 brn\n|-boost|p2a: Great Tusk|spe|1\n|move|p1a: Milotic|Scald|p2a: Great Tusk\n|-supereffective|p2a: Great Tusk\n|-damage|p2a: Great Tusk|23\/100\n|\n|-heal|p1a: Milotic|79\/100 brn|[from] item: Leftovers\n|-damage|p1a: Milotic|73\/100 brn|[from] brn\n|upkeep\n|turn|22\n|\n|t:|1699933619\n|move|p2a: Great Tusk|Headlong Rush|p1a: Milotic\n|-damage|p1a: Milotic|17\/100 brn\n|-unboost|p2a: Great Tusk|def|1\n|-unboost|p2a: Great Tusk|spd|1\n|move|p1a: Milotic|Scald|p2a: Great Tusk\n|-supereffective|p2a: Great Tusk\n|-damage|p2a: Great Tusk|0 fnt\n|faint|p2a: Great Tusk\n|-end|p2a: Great Tusk|Protosynthesis|[silent]\n|\n|-heal|p1a: Milotic|23\/100 brn|[from] item: Leftovers\n|-damage|p1a: Milotic|17\/100 brn|[from] brn\n|upkeep\n|\n|t:|1699933625\n|switch|p2a: Beezynomics|Rillaboom, M|100\/100\n|-fieldstart|move: Grassy Terrain|[from] ability: Grassy Surge|[of] p2a: Beezynomics\n|turn|23\n|c|\u2606dogwearingdurag|phew\n|\n|t:|1699933632\n|switch|p1a: Great Tusk|Great Tusk, tera:Steel|49\/100\n|move|p2a: Beezynomics|Wood Hammer|p1a: Great Tusk\n|-resisted|p1a: Great Tusk\n|-damage|p1a: Great Tusk|10\/100\n|-damage|p2a: Beezynomics|84\/100|[from] Recoil\n|\n|-heal|p1a: Great Tusk|16\/100|[from] Grassy Terrain\n|-heal|p1a: Great Tusk|22\/100|[from] item: Leftovers\n|-heal|p2a: Beezynomics|91\/100|[from] Grassy Terrain\n|upkeep\n|turn|24\n|\n|t:|1699933641\n|move|p1a: Great Tusk|Stealth Rock|p2a: Beezynomics\n|-sidestart|p2: Audio Peel|move: Stealth Rock\n|move|p2a: Beezynomics|Wood Hammer|p1a: Great Tusk\n|-resisted|p1a: Great Tusk\n|-damage|p1a: Great Tusk|0 fnt\n|faint|p1a: Great Tusk\n|-end|p1a: Great Tusk|Protosynthesis|[silent]\n|-damage|p2a: Beezynomics|81\/100|[from] Recoil\n|\n|-heal|p2a: Beezynomics|88\/100|[from] Grassy Terrain\n|upkeep\n|\n|t:|1699933649\n|switch|p1a: Sneasler|Sneasler, F|100\/100\n|turn|25\n|\n|t:|1699933651\n|move|p1a: Sneasler|Dire Claw|p2a: Beezynomics\n|-supereffective|p2a: Beezynomics\n|-damage|p2a: Beezynomics|0 fnt\n|faint|p2a: Beezynomics\n|\n|upkeep\n|\n|t:|1699933662\n|switch|p2a: Sneasler|Sneasler, M|100\/100\n|-damage|p2a: Sneasler|95\/100|[from] Stealth Rock\n|-enditem|p2a: Sneasler|Grassy Seed\n|-boost|p2a: Sneasler|def|1|[from] item: Grassy Seed\n|turn|26\n|l| Z the S Tier\n|\n|t:|1699933667\n|move|p2a: Sneasler|Swords Dance|p2a: Sneasler\n|-boost|p2a: Sneasler|atk|2\n|move|p1a: Sneasler|Dire Claw|p2a: Sneasler\n|-resisted|p2a: Sneasler\n|-damage|p2a: Sneasler|69\/100\n|\n|-heal|p2a: Sneasler|75\/100|[from] Grassy Terrain\n|upkeep\n|turn|27\n|\n|t:|1699933671\n|move|p2a: Sneasler|Close Combat|p1a: Sneasler\n|-resisted|p1a: Sneasler\n|-damage|p1a: Sneasler|0 fnt\n|-unboost|p2a: Sneasler|def|1\n|-unboost|p2a: Sneasler|spd|1\n|faint|p1a: Sneasler\n|\n|-heal|p2a: Sneasler|81\/100|[from] Grassy Terrain\n|-fieldend|move: Grassy Terrain\n|upkeep\n|c|\u2606dogwearingdurag|oh god gg\n|l| showdex_tester\n|c|\u2606Audio Peel|gg\n|\n|t:|1699933685\n|switch|p1a: Weavile|Weavile, F|100\/100\n|turn|28\n|\n|t:|1699933688\n|move|p2a: Sneasler|Close Combat|p1a: Weavile\n|-supereffective|p1a: Weavile\n|-enditem|p1a: Weavile|Focus Sash\n|-damage|p1a: Weavile|1\/100\n|-unboost|p2a: Sneasler|def|1\n|-unboost|p2a: Sneasler|spd|1\n|move|p1a: Weavile|Icicle Crash|p2a: Sneasler|[miss]\n|-miss|p1a: Weavile|p2a: Sneasler\n|\n|upkeep\n|turn|29\n|c|\u2606dogwearingdurag|bruh\n|c|\u2606Audio Peel|im so sorry\n|\n|t:|1699933699\n|move|p1a: Weavile|Ice Shard|p2a: Sneasler\n|-damage|p2a: Sneasler|32\/100\n|move|p2a: Sneasler|Close Combat|p1a: Weavile\n|-supereffective|p1a: Weavile\n|-damage|p1a: Weavile|0 fnt\n|-unboost|p2a: Sneasler|def|1\n|-unboost|p2a: Sneasler|spd|1\n|faint|p1a: Weavile\n|\n|upkeep\n|\n|t:|1699933702\n|switch|p1a: Milotic|Milotic, F|17\/100 brn\n|turn|30\n|\n|t:|1699933704\n|move|p2a: Sneasler|Close Combat|p1a: Milotic\n|-damage|p1a: Milotic|0 fnt\n|-unboost|p2a: Sneasler|def|1\n|-unboost|p2a: Sneasler|spd|1\n|faint|p1a: Milotic\n|\n|win|Audio Peel\n|raw|dogwearingdurag's rating: 1549 &rarr; <strong>1540<\/strong><br \/>(-9 for losing)\n|raw|Audio Peel's rating: 1753 &rarr; <strong>1762<\/strong><br \/>(+9 for winning)\n|l|\u2606dogwearingdurag\n","uploadtime":1699933709,"views":9,"p1id":"dogwearingdurag","p2id":"audiopeel","formatid":"gen9ou","rating":1540,"private":0,"password":""}