{"id":"gen9ou-1992068150","p1":"Randomness8736","p2":"zayblue2626","format":"[Gen 9] OU","log":"|j|\u2606Randomness8736\n|j|\u2606zayblue2626\n|t:|1700152402\n|gametype|singles\n|player|p1|Randomness8736|ingo|1035\n|player|p2|zayblue2626|265|1109\n|teamsize|p1|6\n|teamsize|p2|6\n|gen|9\n|tier|[Gen 9] OU\n|rated|\n|rule|Sleep Clause Mod: Limit one foe put to sleep\n|rule|Species Clause: Limit one of each Pok\u00e9mon\n|rule|OHKO Clause: OHKO moves are banned\n|rule|Evasion Items Clause: Evasion items are banned\n|rule|Evasion Moves Clause: Evasion moves are banned\n|rule|Endless Battle Clause: Forcing endless battles is banned\n|rule|HP Percentage Mod: HP is shown in percentages\n|clearpoke\n|poke|p1|Landorus-Therian, M|\n|poke|p1|Ogerpon-Wellspring, F|\n|poke|p1|Glimmora, M|\n|poke|p1|Gholdengo|\n|poke|p1|Zamazenta-*|\n|poke|p1|Kingambit, F|\n|poke|p2|Dragonite, F|\n|poke|p2|Hoopa-Unbound|\n|poke|p2|Ting-Lu|\n|poke|p2|Rotom-Frost|\n|poke|p2|Empoleon, F|\n|poke|p2|Torterra, F|\n|teampreview\n|\n|t:|1700152420\n|start\n|switch|p1a: Wolfe Glick|Landorus-Therian, M|100\/100\n|switch|p2a: Rotom|Rotom-Frost|100\/100\n|-ability|p1a: Wolfe Glick|Intimidate|boost\n|-unboost|p2a: Rotom|atk|1\n|turn|1\n|\n|t:|1700152429\n|move|p1a: Wolfe Glick|U-turn|p2a: Rotom\n|-damage|p2a: Rotom|51\/100\n|-damage|p1a: Wolfe Glick|91\/100|[from] item: Life Orb\n|\n|t:|1700152439\n|switch|p1a: :3|Ogerpon-Wellspring, F|100\/100|[from] U-turn\n|move|p2a: Rotom|Poltergeist|p1a: :3\n|-activate|p1a: :3|move: Poltergeist|Wellspring Mask\n|-damage|p1a: :3|84\/100\n|\n|-heal|p2a: Rotom|57\/100|[from] item: Leftovers\n|upkeep\n|turn|2\n|\n|t:|1700152451\n|move|p1a: :3|Knock Off|p2a: Rotom\n|-damage|p2a: Rotom|0 fnt\n|-enditem|p2a: Rotom|Leftovers|[from] move: Knock Off|[of] p1a: :3\n|faint|p2a: Rotom\n|\n|upkeep\n|\n|t:|1700152459\n|switch|p2a: Ting-Lu|Ting-Lu|100\/100\n|-ability|p2a: Ting-Lu|Vessel of Ruin\n|turn|3\n|\n|t:|1700152464\n|move|p1a: :3|Swords Dance|p1a: :3\n|-boost|p1a: :3|atk|2\n|move|p2a: Ting-Lu|Stealth Rock|p1a: :3\n|-sidestart|p1: Randomness8736|move: Stealth Rock\n|\n|upkeep\n|turn|4\n|\n|t:|1700152472\n|move|p1a: :3|Swords Dance|p1a: :3\n|-boost|p1a: :3|atk|2\n|move|p2a: Ting-Lu|Earthquake|p1a: :3\n|-resisted|p1a: :3\n|-damage|p1a: :3|60\/100\n|\n|upkeep\n|turn|5\n|\n|t:|1700152478\n|move|p1a: :3|Horn Leech|p2a: Ting-Lu\n|-supereffective|p2a: Ting-Lu\n|-damage|p2a: Ting-Lu|0 fnt\n|-heal|p1a: :3|100\/100|[from] drain|[of] p2a: Ting-Lu\n|faint|p2a: Ting-Lu\n|\n|upkeep\n|\n|t:|1700152486\n|switch|p2a: Torterra|Torterra, F|100\/100\n|turn|6\n|\n|t:|1700152493\n|move|p1a: :3|Horn Leech|p2a: Torterra\n|-damage|p2a: Torterra|0 fnt\n|faint|p2a: Torterra\n|\n|upkeep\n|\n|t:|1700152500\n|switch|p2a: Empoleon|Empoleon, F|100\/100\n|turn|7\n|\n|t:|1700152507\n|move|p1a: :3|Knock Off|p2a: Empoleon\n|-damage|p2a: Empoleon|0 fnt\n|-enditem|p2a: Empoleon|Leftovers|[from] move: Knock Off|[of] p1a: :3\n|faint|p2a: Empoleon\n|\n|upkeep\n|\n|t:|1700152517\n|switch|p2a: Dragonite|Dragonite, F|100\/100\n|turn|8\n|\n|t:|1700152525\n|move|p1a: :3|Knock Off|p2a: Dragonite\n|-damage|p2a: Dragonite|0 fnt\n|-enditem|p2a: Dragonite|Leftovers|[from] move: Knock Off|[of] p1a: :3\n|faint|p2a: Dragonite\n|\n|upkeep\n|\n|t:|1700152532\n|switch|p2a: Hoopa|Hoopa-Unbound|100\/100\n|turn|9\n|\n|t:|1700152538\n|move|p1a: :3|Knock Off|p2a: Hoopa\n|-damage|p2a: Hoopa|0 fnt\n|-enditem|p2a: Hoopa|Leftovers|[from] move: Knock Off|[of] p1a: :3\n|faint|p2a: Hoopa\n|\n|win|Randomness8736\n|raw|Randomness8736's rating: 1035 &rarr; <strong>1077<\/strong><br \/>(+42 for winning)\n|raw|zayblue2626's rating: 1109 &rarr; <strong>1079<\/strong><br \/>(-30 for losing)\n","uploadtime":1700152545,"views":12,"p1id":"randomness8736","p2id":"zayblue2626","formatid":"gen9ou","rating":1077,"private":0,"password":""}