{"id":"gen9ou-1997434337","p1":"yddy_petter","p2":"Deezmcnuggetz","format":"[Gen 9] OU","log":"|j|\u2606yddy_petter\n|j|\u2606Deezmcnuggetz\n|t:|1700804549\n|gametype|singles\n|player|p1|yddy_petter|psychic-lgpe|1257\n|player|p2|Deezmcnuggetz|169|1361\n|teamsize|p1|6\n|teamsize|p2|6\n|gen|9\n|tier|[Gen 9] OU\n|rated|\n|rule|Sleep Clause Mod: Limit one foe put to sleep\n|rule|Species Clause: Limit one of each Pok\u00e9mon\n|rule|OHKO Clause: OHKO moves are banned\n|rule|Evasion Items Clause: Evasion items are banned\n|rule|Evasion Moves Clause: Evasion moves are banned\n|rule|Endless Battle Clause: Forcing endless battles is banned\n|rule|HP Percentage Mod: HP is shown in percentages\n|clearpoke\n|poke|p1|Ursaluna, F|\n|poke|p1|Mimikyu, F|\n|poke|p1|Cresselia, F|\n|poke|p1|Enamorus-Therian, F|\n|poke|p1|Hatterene, F|\n|poke|p1|Hoopa-Unbound|\n|poke|p2|Scyther, M|\n|poke|p2|Armarouge, M|\n|poke|p2|Goodra-Hisui, M|\n|poke|p2|Landorus-Therian, M|\n|poke|p2|Iron Treads|\n|poke|p2|Samurott-Hisui, M|\n|teampreview\n|inactive|Battle timer is ON: inactive players will automatically lose when time's up. (requested by yddy_petter)\n|\n|t:|1700804569\n|start\n|switch|p1a: Hatterene|Hatterene, F|100\/100\n|switch|p2a: Iron Treads|Iron Treads|100\/100\n|turn|1\n|\n|t:|1700804576\n|move|p2a: Iron Treads|Knock Off|p1a: Hatterene\n|-damage|p1a: Hatterene|77\/100\n|-enditem|p1a: Hatterene|Focus Sash|[from] move: Knock Off|[of] p2a: Iron Treads\n|move|p1a: Hatterene|Trick Room|p1a: Hatterene\n|-fieldstart|move: Trick Room|[of] p1a: Hatterene\n|\n|upkeep\n|turn|2\n|\n|t:|1700804588\n|move|p1a: Hatterene|Mystical Fire|p2a: Iron Treads\n|-supereffective|p2a: Iron Treads\n|-damage|p2a: Iron Treads|29\/100\n|-unboost|p2a: Iron Treads|spa|1\n|move|p2a: Iron Treads|Knock Off|p1a: Hatterene\n|-damage|p1a: Hatterene|58\/100\n|\n|upkeep\n|turn|3\n|\n|t:|1700804593\n|-end|p2a: Iron Treads|Quark Drive|[silent]\n|switch|p2a: Armarouge|Armarouge, M|100\/100\n|move|p1a: Hatterene|Mystical Fire|p2a: Armarouge\n|-start|p2a: Armarouge|ability: Flash Fire\n|\n|upkeep\n|turn|4\n|\n|t:|1700804603\n|move|p1a: Hatterene|Healing Wish|p1a: Hatterene\n|faint|p1a: Hatterene\n|move|p2a: Armarouge|Shadow Ball|p1: Hatterene|[notarget]\n|-fail|p2a: Armarouge\n|\n|upkeep\n|\n|t:|1700804606\n|switch|p1a: Hoopa|Hoopa-Unbound|100\/100\n|turn|5\n|\n|t:|1700804613\n|-end|p2a: Armarouge|ability: Flash Fire|[silent]\n|switch|p2a: Landorus|Landorus-Therian, M, shiny|100\/100\n|-ability|p2a: Landorus|Intimidate|boost\n|-unboost|p1a: Hoopa|atk|1\n|-enditem|p1a: Hoopa|Eject Pack\n|\n|t:|1700804621\n|switch|p1a: Cresselia|Cresselia, F|100\/100\n|\n|-fieldend|move: Trick Room\n|upkeep\n|turn|6\n|\n|t:|1700804629\n|move|p2a: Landorus|U-turn|p1a: Cresselia\n|-supereffective|p1a: Cresselia\n|-damage|p1a: Cresselia|71\/100\n|\n|t:|1700804636\n|switch|p2a: Iron Treads|Iron Treads|29\/100|[from] U-turn\n|move|p1a: Cresselia|Trick Room|p1a: Cresselia\n|-fieldstart|move: Trick Room|[of] p1a: Cresselia\n|\n|upkeep\n|turn|7\n|\n|t:|1700804643\n|switch|p1a: Enamorus|Enamorus-Therian, F|100\/100\n|move|p2a: Iron Treads|Stealth Rock|p1a: Enamorus\n|-sidestart|p1: yddy_petter|move: Stealth Rock\n|\n|upkeep\n|turn|8\n|\n|t:|1700804650\n|-end|p2a: Iron Treads|Quark Drive|[silent]\n|switch|p2a: Armarouge|Armarouge, M|100\/100\n|-terastallize|p1a: Enamorus|Fairy\n|move|p1a: Enamorus|Moonblast|p2a: Armarouge\n|-resisted|p2a: Armarouge\n|-damage|p2a: Armarouge|64\/100\n|\n|upkeep\n|turn|9\n|\n|t:|1700804657\n|switch|p1a: Ursaluna|Ursaluna, F|100\/100\n|-damage|p1a: Ursaluna|94\/100|[from] Stealth Rock\n|move|p2a: Armarouge|Armor Cannon|p1a: Ursaluna\n|-damage|p1a: Ursaluna|44\/100\n|-unboost|p2a: Armarouge|def|1\n|-unboost|p2a: Armarouge|spd|1\n|\n|-status|p1a: Ursaluna|brn|[from] item: Flame Orb\n|upkeep\n|turn|10\n|\n|t:|1700804662\n|switch|p2a: Landorus|Landorus-Therian, M, shiny|100\/100\n|-ability|p2a: Landorus|Intimidate|boost\n|-unboost|p1a: Ursaluna|atk|1\n|move|p1a: Ursaluna|Facade|p2a: Landorus\n|-damage|p2a: Landorus|9\/100\n|-damage|p1a: Ursaluna|27\/100 brn|[from] item: Rocky Helmet|[of] p2a: Landorus\n|\n|-damage|p1a: Ursaluna|21\/100 brn|[from] brn\n|-fieldend|move: Trick Room\n|upkeep\n|turn|11\n|\n|t:|1700804672\n|switch|p1a: Cresselia|Cresselia, F|71\/100\n|-heal|p1a: Cresselia|100\/100|[from] move: Healing Wish\n|-damage|p1a: Cresselia|88\/100|[from] Stealth Rock\n|move|p2a: Landorus|Earthquake|p1a: Cresselia\n|-immune|p1a: Cresselia|[from] ability: Levitate\n|\n|upkeep\n|turn|12\n|\n|t:|1700804676\n|move|p2a: Landorus|U-turn|p1a: Cresselia\n|-supereffective|p1a: Cresselia\n|-damage|p1a: Cresselia|62\/100\n|\n|t:|1700804683\n|switch|p2a: Goodra|Goodra-Hisui, M|100\/100|[from] U-turn\n|move|p1a: Cresselia|Trick Room|p1a: Cresselia\n|-fieldstart|move: Trick Room|[of] p1a: Cresselia\n|\n|upkeep\n|turn|13\n|\n|t:|1700804690\n|switch|p1a: Enamorus|Enamorus-Therian, F, tera:Fairy|100\/100\n|-damage|p1a: Enamorus|88\/100|[from] Stealth Rock\n|move|p2a: Goodra|Dragon Tail|p1a: Enamorus\n|-immune|p1a: Enamorus\n|\n|upkeep\n|turn|14\n|\n|t:|1700804695\n|-terastallize|p2a: Goodra|Fairy\n|move|p1a: Enamorus|Earth Power|p2a: Goodra\n|-damage|p2a: Goodra|72\/100\n|move|p2a: Goodra|Flash Cannon|p1a: Enamorus\n|-supereffective|p1a: Enamorus\n|-damage|p1a: Enamorus|28\/100\n|\n|-heal|p2a: Goodra|78\/100|[from] item: Leftovers\n|upkeep\n|turn|15\n|\n|t:|1700804705\n|switch|p1a: Mimikyu|Mimikyu, F|100\/100\n|-damage|p1a: Mimikyu|88\/100|[from] Stealth Rock\n|move|p2a: Goodra|Flash Cannon|p1a: Mimikyu\n|-activate|p1a: Mimikyu|ability: Disguise\n|-damage|p1a: Mimikyu|88\/100\n|detailschange|p1a: Mimikyu|Mimikyu-Busted, F\n|-damage|p1a: Mimikyu|76\/100|[from] pokemon: Mimikyu-Busted\n|-enditem|p1a: Mimikyu|Red Card|[of] p2a: Goodra\n|drag|p2a: Armarouge|Armarouge, M|64\/100\n|\n|upkeep\n|turn|16\n|\n|t:|1700804712\n|switch|p2a: Landorus|Landorus-Therian, M, shiny|9\/100\n|-ability|p2a: Landorus|Intimidate|boost\n|-unboost|p1a: Mimikyu|atk|1\n|move|p1a: Mimikyu|Destiny Bond|p1a: Mimikyu\n|-singlemove|p1a: Mimikyu|Destiny Bond\n|\n|-fieldend|move: Trick Room\n|upkeep\n|turn|17\n|\n|t:|1700804723\n|switch|p2a: Iron Treads|Iron Treads|29\/100\n|move|p1a: Mimikyu|Trick Room|p1a: Mimikyu\n|-fieldstart|move: Trick Room|[of] p1a: Mimikyu\n|\n|upkeep\n|turn|18\n|\n|t:|1700804726\n|move|p1a: Mimikyu|Curse|p2a: Iron Treads\n|-start|p2a: Iron Treads|Curse|[of] p1a: Mimikyu\n|-damage|p1a: Mimikyu|26\/100\n|move|p2a: Iron Treads|Knock Off|p1a: Mimikyu\n|-damage|p1a: Mimikyu|1\/100\n|\n|-damage|p2a: Iron Treads|5\/100|[from] Curse\n|upkeep\n|turn|19\n|\n|t:|1700804743\n|-end|p2a: Iron Treads|Quark Drive|[silent]\n|switch|p2a: Goodra|Goodra-Hisui, M, tera:Fairy|78\/100\n|move|p1a: Mimikyu|Taunt|p2a: Goodra\n|-start|p2a: Goodra|move: Taunt\n|\n|-heal|p2a: Goodra|84\/100|[from] item: Leftovers\n|upkeep\n|turn|20\n|\n|t:|1700804750\n|switch|p2a: Landorus|Landorus-Therian, M, shiny|9\/100\n|-ability|p2a: Landorus|Intimidate|boost\n|-unboost|p1a: Mimikyu|atk|1\n|move|p1a: Mimikyu|Destiny Bond|p1a: Mimikyu\n|-singlemove|p1a: Mimikyu|Destiny Bond\n|\n|upkeep\n|turn|21\n|\n|t:|1700804755\n|move|p1a: Mimikyu|Curse|p2a: Landorus\n|-start|p2a: Landorus|Curse|[of] p1a: Mimikyu\n|-damage|p1a: Mimikyu|0 fnt\n|faint|p1a: Mimikyu\n|move|p2a: Landorus|U-turn|p1: Mimikyu|[notarget]\n|-fail|p2a: Landorus\n|\n|-damage|p2a: Landorus|0 fnt|[from] Curse\n|faint|p2a: Landorus\n|-fieldend|move: Trick Room\n|upkeep\n|\n|t:|1700804761\n|switch|p2a: Iron Treads|Iron Treads|5\/100\n|switch|p1a: Cresselia|Cresselia, F|62\/100\n|-damage|p1a: Cresselia|50\/100|[from] Stealth Rock\n|turn|22\n|\n|t:|1700804763\n|move|p2a: Iron Treads|Knock Off|p1a: Cresselia\n|-supereffective|p1a: Cresselia\n|-damage|p1a: Cresselia|18\/100\n|-enditem|p1a: Cresselia|Mental Herb|[from] move: Knock Off|[of] p2a: Iron Treads\n|move|p1a: Cresselia|Moonlight|p1a: Cresselia\n|-heal|p1a: Cresselia|68\/100\n|\n|upkeep\n|turn|23\n|\n|t:|1700804770\n|move|p2a: Iron Treads|Rapid Spin|p1a: Cresselia\n|-damage|p1a: Cresselia|59\/100\n|-boost|p2a: Iron Treads|spe|1\n|move|p1a: Cresselia|Trick Room|p1a: Cresselia\n|-fieldstart|move: Trick Room|[of] p1a: Cresselia\n|\n|upkeep\n|turn|24\n|\n|t:|1700804777\n|move|p1a: Cresselia|Lunar Dance|p1a: Cresselia\n|faint|p1a: Cresselia\n|move|p2a: Iron Treads|Knock Off|p1: Cresselia|[notarget]\n|-fail|p2a: Iron Treads\n|\n|upkeep\n|\n|t:|1700804778\n|switch|p1a: Ursaluna|Ursaluna, F|21\/100 brn\n|-heal|p1a: Ursaluna|100\/100|[from] move: Lunar Dance\n|-damage|p1a: Ursaluna|94\/100|[from] Stealth Rock\n|turn|25\n|\n|t:|1700804786\n|move|p1a: Ursaluna|Facade|p2a: Iron Treads\n|-resisted|p2a: Iron Treads\n|-damage|p2a: Iron Treads|0 fnt\n|faint|p2a: Iron Treads\n|-end|p2a: Iron Treads|Quark Drive|[silent]\n|\n|-status|p1a: Ursaluna|brn|[from] item: Flame Orb\n|upkeep\n|\n|t:|1700804803\n|switch|p2a: Samurott|Samurott-Hisui, M|100\/100\n|turn|26\n|\n|t:|1700804809\n|move|p1a: Ursaluna|Facade|p2a: Samurott\n|-enditem|p2a: Samurott|Focus Sash\n|-damage|p2a: Samurott|1\/100\n|move|p2a: Samurott|Aqua Cutter|p1a: Ursaluna\n|-supereffective|p1a: Ursaluna\n|-damage|p1a: Ursaluna|31\/100 brn\n|\n|-damage|p1a: Ursaluna|25\/100 brn|[from] brn\n|upkeep\n|turn|27\n|\n|t:|1700804820\n|move|p2a: Samurott|Aqua Jet|p1a: Ursaluna\n|-supereffective|p1a: Ursaluna\n|-damage|p1a: Ursaluna|0 fnt\n|faint|p1a: Ursaluna\n|\n|-fieldend|move: Trick Room\n|upkeep\n|\n|t:|1700804823\n|switch|p1a: Hoopa|Hoopa-Unbound|100\/100\n|-damage|p1a: Hoopa|88\/100|[from] Stealth Rock\n|turn|28\n|-message|yddy_petter forfeited.\n|\n|win|Deezmcnuggetz\n|raw|yddy_petter's rating: 1257 &rarr; <strong>1239<\/strong><br \/>(-18 for losing)\n|raw|Deezmcnuggetz's rating: 1361 &rarr; <strong>1375<\/strong><br \/>(+14 for winning)\n|l|\u2606yddy_petter\n","uploadtime":1700804854,"views":4,"p1id":"yddypetter","p2id":"deezmcnuggetz","formatid":"gen9ou","rating":1239,"private":0,"password":""}