{"id":"gen9ou-1992805907","p1":"actualonion","p2":"xiaojiajiaar","format":"[Gen 9] OU","log":"|j|\u2606actualonion\n|j|\u2606xiaojiajiaar\n|t:|1700237046\n|gametype|singles\n|player|p1|actualonion|allister|1606\n|player|p2|xiaojiajiaar|elesa|1615\n|teamsize|p1|6\n|teamsize|p2|6\n|gen|9\n|tier|[Gen 9] OU\n|rated|\n|rule|Sleep Clause Mod: Limit one foe put to sleep\n|rule|Species Clause: Limit one of each Pok\u00e9mon\n|rule|OHKO Clause: OHKO moves are banned\n|rule|Evasion Items Clause: Evasion items are banned\n|rule|Evasion Moves Clause: Evasion moves are banned\n|rule|Endless Battle Clause: Forcing endless battles is banned\n|rule|HP Percentage Mod: HP is shown in percentages\n|clearpoke\n|poke|p1|Ting-Lu|\n|poke|p1|Great Tusk|\n|poke|p1|Gholdengo|\n|poke|p1|Dragapult, M|\n|poke|p1|Clefable, M|\n|poke|p1|Volcanion|\n|poke|p2|Ribombee, M|\n|poke|p2|Manaphy|\n|poke|p2|Gholdengo|\n|poke|p2|Kingambit, F|\n|poke|p2|Great Tusk|\n|poke|p2|Dragonite, M|\n|teampreview\n|\n|t:|1700237055\n|start\n|switch|p1a: Old Money|Gholdengo|100\/100\n|switch|p2a: Ribombee|Ribombee, M|100\/100\n|turn|1\n|\n|t:|1700237060\n|move|p2a: Ribombee|Sticky Web|p1a: Old Money\n|-sidestart|p1: actualonion|move: Sticky Web\n|move|p1a: Old Money|Nasty Plot|p1a: Old Money\n|-boost|p1a: Old Money|spa|2\n|\n|upkeep\n|turn|2\n|\n|t:|1700237069\n|move|p2a: Ribombee|Moonblast|p1a: Old Money\n|-resisted|p1a: Old Money\n|-damage|p1a: Old Money|76\/100\n|move|p1a: Old Money|Psyshock|p2a: Ribombee\n|-enditem|p2a: Ribombee|Focus Sash\n|-damage|p2a: Ribombee|1\/100\n|\n|upkeep\n|turn|3\n|\n|t:|1700237077\n|move|p2a: Ribombee|Moonblast|p1a: Old Money\n|-resisted|p1a: Old Money\n|-damage|p1a: Old Money|53\/100\n|-unboost|p1a: Old Money|spa|1\n|move|p1a: Old Money|Recover|p1a: Old Money\n|-heal|p1a: Old Money|100\/100\n|\n|upkeep\n|turn|4\n|\n|t:|1700237084\n|move|p2a: Ribombee|Moonblast|p1a: Old Money\n|-resisted|p1a: Old Money\n|-damage|p1a: Old Money|78\/100\n|move|p1a: Old Money|Nasty Plot|p1a: Old Money\n|-boost|p1a: Old Money|spa|2\n|\n|upkeep\n|turn|5\n|\n|t:|1700237091\n|move|p2a: Ribombee|Moonblast|p1a: Old Money\n|-resisted|p1a: Old Money\n|-damage|p1a: Old Money|56\/100\n|move|p1a: Old Money|Recover|p1a: Old Money\n|-heal|p1a: Old Money|100\/100\n|\n|upkeep\n|turn|6\n|\n|t:|1700237096\n|move|p2a: Ribombee|Moonblast|p1a: Old Money\n|-resisted|p1a: Old Money\n|-damage|p1a: Old Money|78\/100\n|-unboost|p1a: Old Money|spa|1\n|move|p1a: Old Money|Nasty Plot|p1a: Old Money\n|-boost|p1a: Old Money|spa|2\n|\n|upkeep\n|turn|7\n|\n|t:|1700237104\n|switch|p2a: Great Tusk|Great Tusk|100\/100\n|-enditem|p2a: Great Tusk|Booster Energy\n|-activate|p2a: Great Tusk|ability: Protosynthesis|[fromitem]\n|-start|p2a: Great Tusk|protosynthesisspe\n|move|p1a: Old Money|Recover|p1a: Old Money\n|-heal|p1a: Old Money|100\/100\n|\n|upkeep\n|turn|8\n|\n|t:|1700237113\n|move|p2a: Great Tusk|Headlong Rush|p1a: Old Money\n|-supereffective|p1a: Old Money\n|-crit|p1a: Old Money\n|-damage|p1a: Old Money|0 fnt\n|-unboost|p2a: Great Tusk|def|1\n|-unboost|p2a: Great Tusk|spd|1\n|faint|p1a: Old Money\n|\n|upkeep\n|\n|t:|1700237120\n|switch|p1a: Tonka 4x4|Great Tusk|100\/100\n|turn|9\n|\n|t:|1700237128\n|-end|p2a: Great Tusk|Protosynthesis|[silent]\n|switch|p2a: Ribombee|Ribombee, M|1\/100\n|move|p1a: Tonka 4x4|Rapid Spin|p2a: Ribombee\n|-damage|p2a: Ribombee|0 fnt\n|-boost|p1a: Tonka 4x4|spe|1\n|-sideend|p1: actualonion|Sticky Web|[from] move: Rapid Spin|[of] p1a: Tonka 4x4\n|faint|p2a: Ribombee\n|\n|upkeep\n|\n|t:|1700237138\n|switch|p2a: Dragonite|Dragonite, M|100\/100\n|turn|10\n|\n|t:|1700237141\n|move|p1a: Tonka 4x4|Ice Spinner|p2a: Dragonite\n|-supereffective|p2a: Dragonite\n|-damage|p2a: Dragonite|51\/100\n|move|p2a: Dragonite|Dragon Dance|p2a: Dragonite\n|-boost|p2a: Dragonite|atk|1\n|-boost|p2a: Dragonite|spe|1\n|\n|upkeep\n|turn|11\n|\n|t:|1700237149\n|move|p1a: Tonka 4x4|Ice Spinner|p2a: Dragonite\n|-supereffective|p2a: Dragonite\n|-damage|p2a: Dragonite|0 fnt\n|faint|p2a: Dragonite\n|\n|upkeep\n|\n|t:|1700237152\n|switch|p2a: Manaphy|Manaphy|100\/100\n|turn|12\n|\n|t:|1700237156\n|-terastallize|p1a: Tonka 4x4|Ground\n|move|p1a: Tonka 4x4|Headlong Rush|p2a: Manaphy\n|-damage|p2a: Manaphy|14\/100\n|-unboost|p1a: Tonka 4x4|def|1\n|-unboost|p1a: Tonka 4x4|spd|1\n|move|p2a: Manaphy|Tail Glow|p2a: Manaphy\n|-boost|p2a: Manaphy|spa|3\n|\n|-heal|p2a: Manaphy|20\/100|[from] item: Leftovers\n|upkeep\n|turn|13\n|\n|t:|1700237168\n|switch|p2a: Great Tusk|Great Tusk|100\/100\n|move|p1a: Tonka 4x4|Headlong Rush|p2a: Great Tusk\n|-damage|p2a: Great Tusk|49\/100\n|-unboost|p1a: Tonka 4x4|def|1\n|-unboost|p1a: Tonka 4x4|spd|1\n|\n|upkeep\n|turn|14\n|\n|t:|1700237185\n|-end|p1a: Tonka 4x4|Protosynthesis|[silent]\n|switch|p1a: Big C|Clefable, M|100\/100\n|move|p2a: Great Tusk|Ice Spinner|p1a: Big C\n|-damage|p1a: Big C|83\/100\n|\n|-heal|p1a: Big C|89\/100|[from] item: Leftovers\n|upkeep\n|turn|15\n|\n|t:|1700237191\n|-end|p2a: Great Tusk|Protosynthesis|[silent]\n|switch|p2a: Gholdengo|Gholdengo|100\/100\n|-item|p2a: Gholdengo|Air Balloon\n|move|p1a: Big C|Knock Off|p2a: Gholdengo\n|-supereffective|p2a: Gholdengo\n|-damage|p2a: Gholdengo|69\/100\n|-enditem|p2a: Gholdengo|Air Balloon\n|\n|-heal|p1a: Big C|95\/100|[from] item: Leftovers\n|upkeep\n|turn|16\n|\n|t:|1700237200\n|switch|p1a: Volkraken.|Volcanion|100\/100\n|move|p2a: Gholdengo|Nasty Plot|p2a: Gholdengo\n|-boost|p2a: Gholdengo|spa|2\n|\n|upkeep\n|turn|17\n|\n|t:|1700237206\n|switch|p2a: Manaphy|Manaphy|20\/100\n|move|p1a: Volkraken.|Steam Eruption|p2a: Manaphy\n|-resisted|p2a: Manaphy\n|-damage|p2a: Manaphy|0 fnt\n|faint|p2a: Manaphy\n|\n|upkeep\n|\n|t:|1700237213\n|switch|p2a: Great Tusk|Great Tusk|49\/100\n|turn|18\n|\n|t:|1700237218\n|switch|p1a: Big C|Clefable, M|95\/100\n|move|p2a: Great Tusk|Headlong Rush|p1a: Big C\n|-damage|p1a: Big C|53\/100\n|-unboost|p2a: Great Tusk|def|1\n|-unboost|p2a: Great Tusk|spd|1\n|\n|-heal|p1a: Big C|59\/100|[from] item: Leftovers\n|upkeep\n|turn|19\n|\n|t:|1700237231\n|-end|p2a: Great Tusk|Protosynthesis|[silent]\n|switch|p2a: Gholdengo|Gholdengo|69\/100\n|move|p1a: Big C|Moonblast|p2a: Gholdengo\n|-resisted|p2a: Gholdengo\n|-damage|p2a: Gholdengo|51\/100\n|\n|-heal|p1a: Big C|65\/100|[from] item: Leftovers\n|upkeep\n|turn|20\n|\n|t:|1700237238\n|switch|p1a: Volkraken.|Volcanion|100\/100\n|move|p2a: Gholdengo|Recover|p2a: Gholdengo\n|-heal|p2a: Gholdengo|100\/100\n|\n|upkeep\n|turn|21\n|\n|t:|1700237244\n|move|p2a: Gholdengo|Shadow Ball|p1a: Volkraken.\n|-damage|p1a: Volkraken.|52\/100\n|move|p1a: Volkraken.|Steam Eruption|p2a: Gholdengo\n|-damage|p2a: Gholdengo|29\/100\n|-status|p2a: Gholdengo|brn\n|\n|-damage|p2a: Gholdengo|23\/100 brn|[from] brn\n|upkeep\n|turn|22\n|\n|t:|1700237252\n|move|p2a: Gholdengo|Shadow Ball|p1a: Volkraken.\n|-damage|p1a: Volkraken.|4\/100\n|move|p1a: Volkraken.|Steam Eruption|p2a: Gholdengo\n|-damage|p2a: Gholdengo|0 fnt\n|faint|p2a: Gholdengo\n|\n|upkeep\n|\n|t:|1700237257\n|switch|p2a: Great Tusk|Great Tusk|49\/100\n|turn|23\n|\n|t:|1700237260\n|move|p2a: Great Tusk|Rapid Spin|p1a: Volkraken.\n|-damage|p1a: Volkraken.|0 fnt\n|-boost|p2a: Great Tusk|spe|1\n|faint|p1a: Volkraken.\n|\n|upkeep\n|\n|t:|1700237265\n|switch|p1a: Big C|Clefable, M|65\/100\n|turn|24\n|\n|t:|1700237287\n|-terastallize|p2a: Great Tusk|Steel\n|move|p2a: Great Tusk|Headlong Rush|p1a: Big C\n|-damage|p1a: Big C|22\/100\n|-unboost|p2a: Great Tusk|def|1\n|-unboost|p2a: Great Tusk|spd|1\n|move|p1a: Big C|Moonblast|p2a: Great Tusk\n|-resisted|p2a: Great Tusk\n|-damage|p2a: Great Tusk|19\/100\n|-unboost|p2a: Great Tusk|spa|1\n|\n|-heal|p1a: Big C|28\/100|[from] item: Leftovers\n|upkeep\n|turn|25\n|\n|t:|1700237298\n|move|p1a: Big C|Protect|p1a: Big C\n|-singleturn|p1a: Big C|Protect\n|move|p2a: Great Tusk|Headlong Rush|p1a: Big C\n|-activate|p1a: Big C|move: Protect\n|\n|-heal|p1a: Big C|34\/100|[from] item: Leftovers\n|upkeep\n|turn|26\n|\n|t:|1700237305\n|switch|p1a: Bullwinkle|Ting-Lu|100\/100\n|-ability|p1a: Bullwinkle|Vessel of Ruin\n|move|p2a: Great Tusk|Headlong Rush|p1a: Bullwinkle\n|-damage|p1a: Bullwinkle|71\/100\n|-unboost|p2a: Great Tusk|def|1\n|-unboost|p2a: Great Tusk|spd|1\n|\n|-heal|p1a: Bullwinkle|78\/100|[from] item: Leftovers\n|upkeep\n|turn|27\n|\n|t:|1700237315\n|switch|p1a: Jet Fuel|Dragapult, M|100\/100\n|move|p2a: Great Tusk|Ice Spinner|p1a: Jet Fuel\n|-supereffective|p1a: Jet Fuel\n|-damage|p1a: Jet Fuel|36\/100\n|\n|upkeep\n|turn|28\n|\n|t:|1700237326\n|move|p2a: Great Tusk|Ice Spinner|p1a: Jet Fuel\n|-supereffective|p1a: Jet Fuel\n|-damage|p1a: Jet Fuel|0 fnt\n|faint|p1a: Jet Fuel\n|\n|upkeep\n|\n|t:|1700237330\n|switch|p1a: Bullwinkle|Ting-Lu|78\/100\n|-ability|p1a: Bullwinkle|Vessel of Ruin\n|turn|29\n|\n|t:|1700237335\n|move|p2a: Great Tusk|Ice Spinner|p1a: Bullwinkle\n|-supereffective|p1a: Bullwinkle\n|-damage|p1a: Bullwinkle|50\/100\n|move|p1a: Bullwinkle|Earthquake|p2a: Great Tusk\n|-supereffective|p2a: Great Tusk\n|-damage|p2a: Great Tusk|0 fnt\n|faint|p2a: Great Tusk\n|-end|p2a: Great Tusk|Protosynthesis|[silent]\n|\n|-heal|p1a: Bullwinkle|57\/100|[from] item: Leftovers\n|upkeep\n|\n|t:|1700237340\n|switch|p2a: Kingambit|Kingambit, F|100\/100\n|-activate|p2a: Kingambit|ability: Supreme Overlord\n|-start|p2a: Kingambit|fallen5|[silent]\n|turn|30\n|\n|t:|1700237347\n|switch|p1a: Tonka 4x4|Great Tusk, tera:Ground|100\/100\n|move|p2a: Kingambit|Swords Dance|p2a: Kingambit\n|-boost|p2a: Kingambit|atk|2\n|\n|upkeep\n|turn|31\n|\n|t:|1700237352\n|move|p2a: Kingambit|Sucker Punch|p1a: Tonka 4x4\n|-damage|p1a: Tonka 4x4|8\/100\n|move|p1a: Tonka 4x4|Headlong Rush|p2a: Kingambit\n|-supereffective|p2a: Kingambit\n|-damage|p2a: Kingambit|0 fnt\n|-unboost|p1a: Tonka 4x4|def|1\n|-unboost|p1a: Tonka 4x4|spd|1\n|faint|p2a: Kingambit\n|-end|p2a: Kingambit|fallen5|[silent]\n|\n|win|actualonion\n|raw|actualonion's rating: 1606 &rarr; <strong>1627<\/strong><br \/>(+21 for winning)\n|raw|xiaojiajiaar's rating: 1615 &rarr; <strong>1594<\/strong><br \/>(-21 for losing)\n|l|\u2606xiaojiajiaar\n|c|\u2606actualonion|gg\n","uploadtime":1700237374,"views":10,"p1id":"actualonion","p2id":"xiaojiajiaar","formatid":"gen9ou","rating":1594,"private":0,"password":""}