{"id":"gen9ou-1989721711","p1":"Majner","p2":"Steuler","format":"[Gen 9] OU","log":"|j|\u2606Majner\n|j|\u2606Steuler\n|t:|1699890057\n|gametype|singles\n|player|p1|Majner|170|1025\n|player|p2|Steuler|lance|1074\n|teamsize|p1|5\n|teamsize|p2|6\n|gen|9\n|tier|[Gen 9] OU\n|rated|\n|rule|Sleep Clause Mod: Limit one foe put to sleep\n|rule|Species Clause: Limit one of each Pok\u00e9mon\n|rule|OHKO Clause: OHKO moves are banned\n|rule|Evasion Items Clause: Evasion items are banned\n|rule|Evasion Moves Clause: Evasion moves are banned\n|rule|Endless Battle Clause: Forcing endless battles is banned\n|rule|HP Percentage Mod: HP is shown in percentages\n|clearpoke\n|poke|p1|Polteageist-Antique|\n|poke|p1|Indeedee, M|\n|poke|p1|Drifblim, M|\n|poke|p1|Ursaluna, F|\n|poke|p1|Frosmoth, F|\n|poke|p2|Dragapult, F|\n|poke|p2|Rillaboom, M|\n|poke|p2|Cinderace, M|\n|poke|p2|Dondozo, M|\n|poke|p2|Great Tusk|\n|poke|p2|Iron Valiant|\n|teampreview\n|\n|t:|1699890064\n|start\n|switch|p1a: Indeedee|Indeedee, M|100\/100\n|switch|p2a: Dragapult|Dragapult, F|100\/100\n|-fieldstart|move: Psychic Terrain|[from] ability: Psychic Surge|[of] p1a: Indeedee\n|turn|1\n|\n|t:|1699890075\n|move|p2a: Dragapult|U-turn|p1a: Indeedee\n|-supereffective|p1a: Indeedee\n|-damage|p1a: Indeedee|12\/100\n|-damage|p2a: Dragapult|91\/100|[from] item: Life Orb\n|\n|t:|1699890080\n|switch|p2a: Rillaboom|Rillaboom, M|100\/100|[from] U-turn\n|-fieldstart|move: Grassy Terrain|[from] ability: Grassy Surge|[of] p2a: Rillaboom\n|move|p1a: Indeedee|Dazzling Gleam|p2a: Rillaboom\n|-damage|p2a: Rillaboom|73\/100\n|\n|-heal|p1a: Indeedee|18\/100|[from] Grassy Terrain\n|-heal|p2a: Rillaboom|79\/100|[from] Grassy Terrain\n|upkeep\n|turn|2\n|inactive|Battle timer is ON: inactive players will automatically lose when time's up. (requested by Steuler)\n|\n|t:|1699890094\n|switch|p1a: Drifblim|Drifblim, M|100\/100\n|move|p2a: Rillaboom|Knock Off|p1a: Drifblim\n|-supereffective|p1a: Drifblim\n|-damage|p1a: Drifblim|43\/100\n|-enditem|p1a: Drifblim|Red Card|[from] move: Knock Off|[of] p2a: Rillaboom\n|\n|-heal|p2a: Rillaboom|85\/100|[from] Grassy Terrain\n|upkeep\n|turn|3\n|c|\u2606Majner|wait\n|c|\u2606Majner|it's doesn't activate?\n|c|\u2606Steuler|No\n|inactive|Majner has 120 seconds left.\n|c|\u2606Majner|why does rocky helmet work then\n|\n|t:|1699890133\n|move|p1a: Drifblim|Will-O-Wisp|p2a: Rillaboom\n|-status|p2a: Rillaboom|brn\n|move|p2a: Rillaboom|Knock Off|p1a: Drifblim\n|-supereffective|p1a: Drifblim\n|-damage|p1a: Drifblim|23\/100\n|\n|-heal|p2a: Rillaboom|91\/100 brn|[from] Grassy Terrain\n|-damage|p2a: Rillaboom|85\/100 brn|[from] brn\n|upkeep\n|turn|4\n|inactive|Majner has 120 seconds left.\n|\n|t:|1699890148\n|move|p1a: Drifblim|Strength Sap|p2a: Rillaboom\n|-unboost|p2a: Rillaboom|atk|1\n|-heal|p1a: Drifblim|99\/100\n|move|p2a: Rillaboom|Knock Off|p1a: Drifblim\n|-supereffective|p1a: Drifblim\n|-damage|p1a: Drifblim|87\/100\n|\n|-heal|p2a: Rillaboom|91\/100 brn|[from] Grassy Terrain\n|-damage|p2a: Rillaboom|85\/100 brn|[from] brn\n|upkeep\n|turn|5\n|inactive|Majner has 120 seconds left.\n|\n|t:|1699890159\n|move|p1a: Drifblim|Shadow Ball|p2a: Rillaboom\n|-damage|p2a: Rillaboom|55\/100 brn\n|move|p2a: Rillaboom|U-turn|p1a: Drifblim\n|-resisted|p1a: Drifblim\n|-damage|p1a: Drifblim|85\/100\n|\n|t:|1699890164\n|switch|p2a: Dragapult|Dragapult, F|91\/100|[from] U-turn\n|\n|-heal|p2a: Dragapult|97\/100|[from] Grassy Terrain\n|upkeep\n|turn|6\n|\n|t:|1699890171\n|-terastallize|p2a: Dragapult|Ghost\n|move|p2a: Dragapult|Shadow Ball|p1a: Drifblim\n|-supereffective|p1a: Drifblim\n|-damage|p1a: Drifblim|0 fnt\n|faint|p1a: Drifblim\n|-damage|p2a: Dragapult|87\/100|[from] item: Life Orb\n|\n|-heal|p2a: Dragapult|93\/100|[from] Grassy Terrain\n|upkeep\n|\n|t:|1699890182\n|switch|p1a: Ursaluna|Ursaluna, F|100\/100\n|turn|7\n|inactive|Steuler has 120 seconds left.\n|\n|t:|1699890222\n|move|p2a: Dragapult|U-turn|p1a: Ursaluna\n|-damage|p1a: Ursaluna|82\/100\n|-damage|p2a: Dragapult|83\/100|[from] item: Life Orb\n|\n|t:|1699890227\n|switch|p2a: Dondozo|Dondozo, M|100\/100|[from] U-turn\n|move|p1a: Ursaluna|Swords Dance|p1a: Ursaluna\n|-boost|p1a: Ursaluna|atk|2\n|\n|-heal|p1a: Ursaluna|88\/100|[from] Grassy Terrain\n|-status|p1a: Ursaluna|brn|[from] item: Flame Orb\n|upkeep\n|turn|8\n|\n|t:|1699890236\n|move|p1a: Ursaluna|Facade|p2a: Dondozo\n|-damage|p2a: Dondozo|45\/100\n|move|p2a: Dondozo|Liquidation|p1a: Ursaluna\n|-supereffective|p1a: Ursaluna\n|-damage|p1a: Ursaluna|45\/100 brn\n|\n|-heal|p1a: Ursaluna|51\/100 brn|[from] Grassy Terrain\n|-heal|p2a: Dondozo|51\/100|[from] Grassy Terrain\n|-damage|p1a: Ursaluna|45\/100 brn|[from] brn\n|-fieldend|move: Grassy Terrain\n|upkeep\n|turn|9\n|inactive|Steuler has 120 seconds left.\n|\n|t:|1699890270\n|move|p1a: Ursaluna|Earthquake|p2a: Dondozo\n|-damage|p2a: Dondozo|13\/100\n|move|p2a: Dondozo|Liquidation|p1a: Ursaluna\n|-supereffective|p1a: Ursaluna\n|-crit|p1a: Ursaluna\n|-damage|p1a: Ursaluna|0 fnt\n|faint|p1a: Ursaluna\n|\n|upkeep\n|c|\u2606Majner|lmao crit\n|\n|t:|1699890279\n|switch|p1a: Indeedee|Indeedee, M|18\/100\n|-fieldstart|move: Psychic Terrain|[from] ability: Psychic Surge|[of] p1a: Indeedee\n|turn|10\n|\n|t:|1699890290\n|switch|p2a: Rillaboom|Rillaboom, M|55\/100 brn\n|-fieldstart|move: Grassy Terrain|[from] ability: Grassy Surge|[of] p2a: Rillaboom\n|move|p1a: Indeedee|Psychic|p2a: Rillaboom\n|-damage|p2a: Rillaboom|12\/100 brn\n|\n|-heal|p1a: Indeedee|25\/100|[from] Grassy Terrain\n|-heal|p2a: Rillaboom|18\/100 brn|[from] Grassy Terrain\n|-damage|p2a: Rillaboom|12\/100 brn|[from] brn\n|upkeep\n|turn|11\n|\n|t:|1699890302\n|move|p1a: Indeedee|Psychic|p2a: Rillaboom\n|-damage|p2a: Rillaboom|0 fnt\n|faint|p2a: Rillaboom\n|\n|-heal|p1a: Indeedee|31\/100|[from] Grassy Terrain\n|upkeep\n|\n|t:|1699890307\n|switch|p2a: Dragapult|Dragapult, F, tera:Ghost|83\/100\n|turn|12\n|\n|t:|1699890311\n|switch|p1a: Frosmoth|Frosmoth, F, shiny|100\/100\n|move|p2a: Dragapult|Shadow Ball|p1a: Frosmoth\n|-damage|p1a: Frosmoth|65\/100\n|-damage|p2a: Dragapult|73\/100|[from] item: Life Orb\n|\n|-heal|p2a: Dragapult|79\/100|[from] Grassy Terrain\n|-heal|p1a: Frosmoth|71\/100|[from] Grassy Terrain\n|upkeep\n|turn|13\n|\n|t:|1699890321\n|move|p2a: Dragapult|Flamethrower|p1a: Frosmoth\n|-supereffective|p1a: Frosmoth\n|-damage|p1a: Frosmoth|0 fnt\n|faint|p1a: Frosmoth\n|-damage|p2a: Dragapult|70\/100|[from] item: Life Orb\n|\n|-heal|p2a: Dragapult|76\/100|[from] Grassy Terrain\n|upkeep\n|\n|t:|1699890328\n|switch|p1a: Indeedee|Indeedee, M|31\/100\n|-fieldstart|move: Psychic Terrain|[from] ability: Psychic Surge|[of] p1a: Indeedee\n|turn|14\n|\n|t:|1699890338\n|move|p2a: Dragapult|Shadow Ball|p1a: Indeedee\n|-immune|p1a: Indeedee\n|move|p1a: Indeedee|Dazzling Gleam|p2a: Dragapult\n|-damage|p2a: Dragapult|42\/100\n|\n|upkeep\n|turn|15\n|\n|t:|1699890345\n|move|p2a: Dragapult|U-turn|p1a: Indeedee\n|-supereffective|p1a: Indeedee\n|-damage|p1a: Indeedee|0 fnt\n|faint|p1a: Indeedee\n|-damage|p2a: Dragapult|32\/100|[from] item: Life Orb\n|\n|t:|1699890357\n|switch|p2a: Iron Valiant|Iron Valiant|100\/100|[from] U-turn\n|\n|upkeep\n|\n|t:|1699890361\n|switch|p1a: Polteageist|Polteageist-Antique, shiny|100\/100\n|turn|16\n|\n|t:|1699890366\n|move|p2a: Iron Valiant|Moonblast|p1a: Polteageist\n|-damage|p1a: Polteageist|26\/100\n|-unboost|p1a: Polteageist|spa|1\n|move|p1a: Polteageist|Shell Smash|p1a: Polteageist\n|-unboost|p1a: Polteageist|def|1\n|-unboost|p1a: Polteageist|spd|1\n|-boost|p1a: Polteageist|atk|2\n|-boost|p1a: Polteageist|spa|2\n|-boost|p1a: Polteageist|spe|2\n|\n|upkeep\n|turn|17\n|\n|t:|1699890379\n|move|p1a: Polteageist|Stored Power|p2a: Iron Valiant\n|-supereffective|p2a: Iron Valiant\n|-damage|p2a: Iron Valiant|0 fnt\n|faint|p2a: Iron Valiant\n|-end|p2a: Iron Valiant|Quark Drive|[silent]\n|\n|upkeep\n|\n|t:|1699890384\n|switch|p2a: Cinderace|Cinderace, M|100\/100\n|turn|18\n|\n|t:|1699890389\n|move|p2a: Cinderace|Sucker Punch|p1a: Polteageist\n|-start|p2a: Cinderace|typechange|Dark|[from] ability: Libero\n|-activate|p1a: Polteageist|move: Psychic Terrain\n|move|p1a: Polteageist|Shadow Ball|p2a: Cinderace\n|-resisted|p2a: Cinderace\n|-damage|p2a: Cinderace|53\/100\n|\n|upkeep\n|turn|19\n|\n|t:|1699890399\n|-terastallize|p1a: Polteageist|Ghost\n|move|p1a: Polteageist|Shadow Ball|p2a: Cinderace\n|-resisted|p2a: Cinderace\n|-damage|p2a: Cinderace|0 fnt\n|faint|p2a: Cinderace\n|\n|upkeep\n|\n|t:|1699890408\n|switch|p2a: Dondozo|Dondozo, M|13\/100\n|turn|20\n|\n|t:|1699890414\n|move|p1a: Polteageist|Stored Power|p2a: Dondozo\n|-damage|p2a: Dondozo|0 fnt\n|faint|p2a: Dondozo\n|\n|upkeep\n|\n|t:|1699890420\n|switch|p2a: Great Tusk|Great Tusk|100\/100\n|-enditem|p2a: Great Tusk|Booster Energy\n|-activate|p2a: Great Tusk|ability: Protosynthesis|[fromitem]\n|-start|p2a: Great Tusk|protosynthesisspe\n|turn|21\n|\n|t:|1699890428\n|move|p1a: Polteageist|Stored Power|p2a: Great Tusk\n|-supereffective|p2a: Great Tusk\n|-damage|p2a: Great Tusk|0 fnt\n|faint|p2a: Great Tusk\n|-end|p2a: Great Tusk|Protosynthesis|[silent]\n|\n|-fieldend|move: Psychic Terrain\n|upkeep\n|\n|t:|1699890432\n|switch|p2a: Dragapult|Dragapult, F, tera:Ghost|32\/100\n|turn|22\n|\n|t:|1699890440\n|move|p1a: Polteageist|Shadow Ball|p2a: Dragapult\n|-supereffective|p2a: Dragapult\n|-damage|p2a: Dragapult|0 fnt\n|faint|p2a: Dragapult\n|\n|win|Majner\n|raw|Majner's rating: 1025 &rarr; <strong>1066<\/strong><br \/>(+41 for winning)\n|raw|Steuler's rating: 1074 &rarr; <strong>1050<\/strong><br \/>(-24 for losing)\n|l|\u2606Steuler\n","uploadtime":1699890457,"views":18,"p1id":"majner","p2id":"steuler","formatid":"gen9ou","rating":1050,"private":0,"password":""}