{"id":"gen9ou-1995154667","p1":"mathismathin","p2":"Blurred Ace","format":"[Gen 9] OU","log":"|j|\u2606mathismathin\n|j|\u2606Blurred Ace\n|t:|1700528677\n|gametype|singles\n|player|p1|mathismathin|nate|1745\n|player|p2|Blurred Ace|gambler|1682\n|teamsize|p1|6\n|teamsize|p2|6\n|gen|9\n|tier|[Gen 9] OU\n|rated|\n|rule|Sleep Clause Mod: Limit one foe put to sleep\n|rule|Species Clause: Limit one of each Pok\u00e9mon\n|rule|OHKO Clause: OHKO moves are banned\n|rule|Evasion Items Clause: Evasion items are banned\n|rule|Evasion Moves Clause: Evasion moves are banned\n|rule|Endless Battle Clause: Forcing endless battles is banned\n|rule|HP Percentage Mod: HP is shown in percentages\n|clearpoke\n|poke|p1|Wo-Chien|\n|poke|p1|Weezing-Galar, M|\n|poke|p1|Blissey, F|\n|poke|p1|Cyclizar, M|\n|poke|p1|Alomomola, M|\n|poke|p1|Corviknight, F|\n|poke|p2|Dragapult, M|\n|poke|p2|Scizor, M|\n|poke|p2|Samurott-Hisui, M|\n|poke|p2|Garchomp, M|\n|poke|p2|Great Tusk|\n|poke|p2|Slowking, M|\n|teampreview\n|\n|t:|1700528688\n|start\n|switch|p1a: Cyclizar|Cyclizar, M|100\/100\n|switch|p2a: Scizor|Scizor, M|100\/100\n|turn|1\n|\n|t:|1700528694\n|move|p1a: Cyclizar|Overheat|p2a: Scizor\n|-supereffective|p2a: Scizor\n|-damage|p2a: Scizor|0 fnt\n|-unboost|p1a: Cyclizar|spa|2\n|faint|p2a: Scizor\n|\n|upkeep\n|\n|t:|1700528698\n|switch|p2a: Samurott|Samurott-Hisui, M|100\/100\n|turn|2\n|\n|t:|1700528705\n|move|p1a: Cyclizar|U-turn|p2a: Samurott\n|-supereffective|p2a: Samurott\n|-damage|p2a: Samurott|63\/100\n|\n|t:|1700528710\n|switch|p1a: Weezing|Weezing-Galar, M|100\/100|[from] U-turn\n|-ability|p1a: Weezing|Neutralizing Gas\n|move|p2a: Samurott|Ceaseless Edge|p1a: Weezing\n|-resisted|p1a: Weezing\n|-damage|p1a: Weezing|91\/100\n|-sidestart|p1: mathismathin|Spikes\n|\n|upkeep\n|turn|3\n|\n|t:|1700528733\n|switch|p2a: Slowking|Slowking, M|100\/100\n|move|p1a: Weezing|Sludge Bomb|p2a: Slowking\n|-damage|p2a: Slowking|85\/100\n|\n|-heal|p2a: Slowking|91\/100|[from] item: Leftovers\n|upkeep\n|turn|4\n|\n|t:|1700528739\n|-end|p1a: Weezing|ability: Neutralizing Gas\n|switch|p1a: Cyclizar|Cyclizar, M|100\/100\n|move|p2a: Slowking|Future Sight|p1a: Cyclizar\n|-start|p2a: Slowking|move: Future Sight\n|\n|-heal|p2a: Slowking|97\/100|[from] item: Leftovers\n|upkeep\n|turn|5\n|\n|t:|1700528742\n|move|p1a: Cyclizar|Knock Off|p2a: Slowking\n|-supereffective|p2a: Slowking\n|-damage|p2a: Slowking|56\/100\n|-enditem|p2a: Slowking|Leftovers|[from] move: Knock Off|[of] p1a: Cyclizar\n|move|p2a: Slowking|Chilly Reception|p2a: Slowking\n|-weather|Snow\n|\n|t:|1700528750\n|switch|p2a: Dragapult|Dragapult, M|100\/100|[from] Chilly Reception\n|\n|-weather|Snow|[upkeep]\n|upkeep\n|turn|6\n|\n|t:|1700528753\n|switch|p1a: Blissey|Blissey, F|100\/100\n|move|p2a: Dragapult|Will-O-Wisp|p1a: Blissey\n|-status|p1a: Blissey|brn\n|\n|-weather|Snow|[upkeep]\n|-end|p1a: Blissey|move: Future Sight\n|-damage|p1a: Blissey|88\/100 brn\n|-damage|p1a: Blissey|82\/100 brn|[from] brn\n|upkeep\n|turn|7\n|\n|t:|1700528767\n|move|p2a: Dragapult|U-turn|p1a: Blissey\n|-damage|p1a: Blissey|61\/100 brn\n|\n|t:|1700528770\n|switch|p2a: Samurott|Samurott-Hisui, M|63\/100|[from] U-turn\n|move|p1a: Blissey|Stealth Rock|p2a: Samurott\n|-sidestart|p2: Blurred Ace|move: Stealth Rock\n|\n|-weather|Snow|[upkeep]\n|-damage|p1a: Blissey|55\/100 brn|[from] brn\n|upkeep\n|turn|8\n|j| 0Phux\n|\n|t:|1700528775\n|-curestatus|p1a: Blissey|brn|[from] ability: Natural Cure\n|switch|p1a: Weezing|Weezing-Galar, M|91\/100\n|-ability|p1a: Weezing|Neutralizing Gas\n|move|p2a: Samurott|Ceaseless Edge|p1a: Weezing\n|-resisted|p1a: Weezing\n|-damage|p1a: Weezing|80\/100\n|-sidestart|p1: mathismathin|Spikes\n|\n|-weather|Snow|[upkeep]\n|upkeep\n|turn|9\n|\n|t:|1700528779\n|switch|p2a: Slowking|Slowking, M|89\/100\n|-damage|p2a: Slowking|76\/100|[from] Stealth Rock\n|move|p1a: Weezing|Sludge Bomb|p2a: Slowking\n|-damage|p2a: Slowking|60\/100\n|-status|p2a: Slowking|psn\n|\n|-weather|none\n|-damage|p2a: Slowking|48\/100 psn|[from] psn\n|upkeep\n|turn|10\n|\n|t:|1700528800\n|move|p1a: Weezing|Sludge Bomb|p2a: Slowking\n|-damage|p2a: Slowking|33\/100 psn\n|move|p2a: Slowking|Chilly Reception|p2a: Slowking\n|-weather|Snow\n|\n|t:|1700528813\n|switch|p2a: Garchomp|Garchomp, M|100\/100|[from] Chilly Reception\n|-damage|p2a: Garchomp|94\/100|[from] Stealth Rock\n|\n|-weather|Snow|[upkeep]\n|upkeep\n|turn|11\n|\n|t:|1700528818\n|-end|p1a: Weezing|ability: Neutralizing Gas\n|switch|p1a: Wo-Chien|Wo-Chien|100\/100\n|-damage|p1a: Wo-Chien|84\/100|[from] Spikes\n|-ability|p1a: Wo-Chien|Tablets of Ruin\n|move|p2a: Garchomp|Earthquake|p1a: Wo-Chien\n|-resisted|p1a: Wo-Chien\n|-damage|p1a: Wo-Chien|70\/100\n|\n|-weather|Snow|[upkeep]\n|-heal|p1a: Wo-Chien|76\/100|[from] item: Leftovers\n|upkeep\n|turn|12\n|\n|t:|1700528822\n|move|p1a: Wo-Chien|Leech Seed|p2a: Garchomp\n|-start|p2a: Garchomp|move: Leech Seed\n|move|p2a: Garchomp|Dragon Tail|p1a: Wo-Chien\n|-damage|p1a: Wo-Chien|59\/100\n|drag|p1a: Cyclizar|Cyclizar, M|100\/100\n|\n|-weather|Snow|[upkeep]\n|-damage|p2a: Garchomp|82\/100|[from] Leech Seed|[of] p1a: Cyclizar\n|upkeep\n|turn|13\n|\n|t:|1700528834\n|switch|p2a: Dragapult|Dragapult, M|100\/100\n|switch|p1a: Alomomola|Alomomola, M|100\/100\n|-damage|p1a: Alomomola|84\/100|[from] Spikes\n|\n|-weather|Snow|[upkeep]\n|-heal|p1a: Alomomola|90\/100|[from] item: Leftovers\n|upkeep\n|turn|14\n|\n|t:|1700528847\n|move|p2a: Dragapult|Will-O-Wisp|p1a: Alomomola\n|-status|p1a: Alomomola|brn\n|move|p1a: Alomomola|Flip Turn|p2a: Dragapult\n|-resisted|p2a: Dragapult\n|-damage|p2a: Dragapult|94\/100\n|\n|t:|1700528855\n|switch|p1a: Weezing|Weezing-Galar, M|80\/100|[from] Flip Turn\n|-ability|p1a: Weezing|Neutralizing Gas\n|\n|-weather|none\n|upkeep\n|turn|15\n|\n|t:|1700528866\n|move|p2a: Dragapult|U-turn|p1a: Weezing\n|-resisted|p1a: Weezing\n|-damage|p1a: Weezing|77\/100\n|\n|t:|1700528870\n|switch|p2a: Slowking|Slowking, M|33\/100 psn|[from] U-turn\n|-damage|p2a: Slowking|20\/100 psn|[from] Stealth Rock\n|move|p1a: Weezing|Will-O-Wisp||[still]\n|-fail|p1a: Weezing\n|\n|-damage|p2a: Slowking|8\/100 psn|[from] psn\n|upkeep\n|turn|16\n|\n|t:|1700528884\n|switch|p2a: Great Tusk|Great Tusk|100\/100\n|-damage|p2a: Great Tusk|98\/100|[from] Stealth Rock\n|move|p1a: Weezing|Sludge Bomb|p2a: Great Tusk\n|-resisted|p2a: Great Tusk\n|-damage|p2a: Great Tusk|79\/100\n|-status|p2a: Great Tusk|psn\n|\n|-heal|p2a: Great Tusk|86\/100 psn|[from] item: Leftovers\n|-damage|p2a: Great Tusk|73\/100 psn|[from] psn\n|upkeep\n|turn|17\n|\n|t:|1700528895\n|move|p2a: Great Tusk|Earthquake|p1a: Weezing\n|-supereffective|p1a: Weezing\n|-damage|p1a: Weezing|3\/100\n|move|p1a: Weezing|Defog|p2a: Great Tusk\n|-unboost|p2a: Great Tusk|evasion|1\n|-sideend|p2: Blurred Ace|Stealth Rock|[from] move: Defog|[of] p1a: Weezing\n|-sideend|p1: mathismathin|Spikes|[from] move: Defog|[of] p1a: Weezing\n|\n|-heal|p2a: Great Tusk|79\/100 psn|[from] item: Leftovers\n|-damage|p2a: Great Tusk|67\/100 psn|[from] psn\n|upkeep\n|turn|18\n|\n|t:|1700528898\n|-end|p1a: Weezing|ability: Neutralizing Gas\n|switch|p1a: Alomomola|Alomomola, M|100\/100 brn\n|move|p2a: Great Tusk|Rapid Spin|p1a: Alomomola\n|-crit|p1a: Alomomola\n|-damage|p1a: Alomomola|82\/100 brn\n|-boost|p2a: Great Tusk|spe|1\n|\n|-heal|p2a: Great Tusk|73\/100 psn|[from] item: Leftovers\n|-heal|p1a: Alomomola|88\/100 brn|[from] item: Leftovers\n|-damage|p2a: Great Tusk|61\/100 psn|[from] psn\n|-damage|p1a: Alomomola|82\/100 brn|[from] brn\n|upkeep\n|turn|19\n|\n|t:|1700528902\n|move|p2a: Great Tusk|Knock Off|p1a: Alomomola\n|-damage|p1a: Alomomola|60\/100 brn\n|-enditem|p1a: Alomomola|Leftovers|[from] move: Knock Off|[of] p2a: Great Tusk\n|move|p1a: Alomomola|Wish|p1a: Alomomola\n|\n|-heal|p2a: Great Tusk|67\/100 psn|[from] item: Leftovers\n|-damage|p2a: Great Tusk|54\/100 psn|[from] psn\n|-damage|p1a: Alomomola|54\/100 brn|[from] brn\n|upkeep\n|turn|20\n|\n|t:|1700528918\n|-end|p2a: Great Tusk|Protosynthesis|[silent]\n|switch|p2a: Slowking|Slowking, M|8\/100 psn\n|move|p1a: Alomomola|Flip Turn|p2a: Slowking\n|-resisted|p2a: Slowking\n|-damage|p2a: Slowking|4\/100 psn\n|\n|t:|1700528928\n|switch|p1a: Weezing|Weezing-Galar, M|3\/100|[from] Flip Turn\n|-ability|p1a: Weezing|Neutralizing Gas\n|\n|-heal|p1a: Weezing|74\/100|[from] move: Wish|[wisher] Alomomola\n|-damage|p2a: Slowking|0 fnt|[from] psn\n|faint|p2a: Slowking\n|upkeep\n|\n|t:|1700528937\n|switch|p2a: Samurott|Samurott-Hisui, M|63\/100\n|turn|21\n|\n|t:|1700528940\n|move|p2a: Samurott|Aqua Cutter|p1a: Weezing\n|-damage|p1a: Weezing|54\/100\n|move|p1a: Weezing|Sludge Bomb|p2a: Samurott\n|-damage|p2a: Samurott|24\/100\n|\n|upkeep\n|turn|22\n|\n|t:|1700528946\n|move|p2a: Samurott|Knock Off|p1a: Weezing\n|-resisted|p1a: Weezing\n|-damage|p1a: Weezing|40\/100\n|-enditem|p1a: Weezing|Heavy-Duty Boots|[from] move: Knock Off|[of] p2a: Samurott\n|move|p1a: Weezing|Sludge Bomb|p2a: Samurott\n|-damage|p2a: Samurott|0 fnt\n|faint|p2a: Samurott\n|\n|upkeep\n|\n|t:|1700528952\n|switch|p2a: Garchomp|Garchomp, M|82\/100\n|turn|23\n|\n|t:|1700528976\n|-end|p1a: Weezing|ability: Neutralizing Gas\n|switch|p1a: Wo-Chien|Wo-Chien|59\/100\n|-ability|p1a: Wo-Chien|Tablets of Ruin\n|move|p2a: Garchomp|Earthquake|p1a: Wo-Chien\n|-resisted|p1a: Wo-Chien\n|-damage|p1a: Wo-Chien|46\/100\n|\n|-heal|p1a: Wo-Chien|52\/100|[from] item: Leftovers\n|upkeep\n|turn|24\n|\n|t:|1700528982\n|move|p2a: Garchomp|Flamethrower|p1a: Wo-Chien\n|-supereffective|p1a: Wo-Chien\n|-damage|p1a: Wo-Chien|27\/100\n|move|p1a: Wo-Chien|Leech Seed|p2a: Garchomp\n|-start|p2a: Garchomp|move: Leech Seed\n|\n|-heal|p1a: Wo-Chien|33\/100|[from] item: Leftovers\n|-damage|p2a: Garchomp|70\/100|[from] Leech Seed|[of] p1a: Wo-Chien\n|-heal|p1a: Wo-Chien|45\/100|[silent]\n|upkeep\n|turn|25\n|\n|t:|1700528988\n|switch|p2a: Dragapult|Dragapult, M|94\/100\n|move|p1a: Wo-Chien|Reflect|p1a: Wo-Chien\n|-sidestart|p1: mathismathin|Reflect\n|\n|-heal|p1a: Wo-Chien|51\/100|[from] item: Leftovers\n|upkeep\n|turn|26\n|\n|t:|1700528992\n|move|p2a: Dragapult|U-turn|p1a: Wo-Chien\n|-supereffective|p1a: Wo-Chien\n|-damage|p1a: Wo-Chien|10\/100\n|\n|t:|1700528995\n|switch|p2a: Garchomp|Garchomp, M|70\/100|[from] U-turn\n|move|p1a: Wo-Chien|Knock Off|p2a: Garchomp\n|-damage|p2a: Garchomp|43\/100\n|-damage|p1a: Wo-Chien|0 fnt|[from] ability: Rough Skin|[of] p2a: Garchomp\n|faint|p1a: Wo-Chien\n|\n|upkeep\n|\n|t:|1700529006\n|switch|p1a: Weezing|Weezing-Galar, M|40\/100\n|-ability|p1a: Weezing|Neutralizing Gas\n|turn|27\n|\n|t:|1700529018\n|-terastallize|p1a: Weezing|Flying\n|move|p2a: Garchomp|Earthquake|p1a: Weezing\n|-immune|p1a: Weezing\n|move|p1a: Weezing|Will-O-Wisp|p2a: Garchomp\n|-status|p2a: Garchomp|brn\n|\n|-damage|p2a: Garchomp|37\/100 brn|[from] brn\n|upkeep\n|turn|28\n|\n|t:|1700529021\n|move|p2a: Garchomp|Stealth Rock|p1a: Weezing\n|-sidestart|p1: mathismathin|move: Stealth Rock\n|move|p1a: Weezing|Sludge Bomb|p2a: Garchomp\n|-resisted|p2a: Garchomp\n|-damage|p2a: Garchomp|21\/100 brn\n|\n|-damage|p2a: Garchomp|15\/100 brn|[from] brn\n|upkeep\n|turn|29\n|\n|t:|1700529025\n|move|p2a: Garchomp|Flamethrower|p1a: Weezing\n|-damage|p1a: Weezing|16\/100\n|move|p1a: Weezing|Defog|p2a: Garchomp\n|-unboost|p2a: Garchomp|evasion|1\n|-sideend|p1: mathismathin|Stealth Rock|[from] move: Defog|[of] p1a: Weezing\n|\n|-damage|p2a: Garchomp|9\/100 brn|[from] brn\n|-sideend|p1: mathismathin|Reflect\n|upkeep\n|turn|30\n|\n|t:|1700529028\n|move|p2a: Garchomp|Flamethrower|p1a: Weezing\n|-damage|p1a: Weezing|0 fnt\n|faint|p1a: Weezing\n|-end|p1a: Weezing|ability: Neutralizing Gas\n|\n|-damage|p2a: Garchomp|3\/100 brn|[from] brn\n|upkeep\n|\n|t:|1700529030\n|switch|p1a: Cyclizar|Cyclizar, M|100\/100\n|turn|31\n|\n|t:|1700529036\n|move|p2a: Garchomp|Stealth Rock|p1a: Cyclizar\n|-sidestart|p1: mathismathin|move: Stealth Rock\n|move|p1a: Cyclizar|Rapid Spin|p2a: Garchomp\n|-damage|p2a: Garchomp|0 fnt\n|-boost|p1a: Cyclizar|spe|1\n|-damage|p1a: Cyclizar|88\/100|[from] ability: Rough Skin|[of] p2a: Garchomp\n|-damage|p1a: Cyclizar|71\/100|[from] item: Rocky Helmet|[of] p2a: Garchomp\n|-sideend|p1: mathismathin|Stealth Rock|[from] move: Rapid Spin|[of] p1a: Cyclizar\n|faint|p2a: Garchomp\n|\n|upkeep\n|\n|t:|1700529041\n|switch|p2a: Dragapult|Dragapult, M|94\/100\n|turn|32\n|\n|t:|1700529057\n|move|p1a: Cyclizar|Knock Off|p2a: Dragapult\n|-supereffective|p2a: Dragapult\n|-damage|p2a: Dragapult|36\/100\n|-enditem|p2a: Dragapult|Heavy-Duty Boots|[from] move: Knock Off|[of] p1a: Cyclizar\n|move|p2a: Dragapult|Draco Meteor|p1a: Cyclizar\n|-supereffective|p1a: Cyclizar\n|-damage|p1a: Cyclizar|0 fnt\n|-unboost|p2a: Dragapult|spa|2\n|faint|p1a: Cyclizar\n|\n|upkeep\n|\n|t:|1700529061\n|switch|p1a: Corviknight|Corviknight, F|100\/100\n|-ability|p1a: Corviknight|Pressure\n|turn|33\n|\n|t:|1700529071\n|switch|p1a: Blissey|Blissey, F|55\/100\n|move|p2a: Dragapult|Will-O-Wisp|p1a: Blissey\n|-status|p1a: Blissey|brn\n|\n|-damage|p1a: Blissey|49\/100 brn|[from] brn\n|upkeep\n|turn|34\n|\n|t:|1700529075\n|move|p2a: Dragapult|U-turn|p1a: Blissey\n|-damage|p1a: Blissey|28\/100 brn\n|\n|t:|1700529077\n|switch|p2a: Great Tusk|Great Tusk|54\/100 psn|[from] U-turn\n|move|p1a: Blissey|Shadow Ball|p2a: Great Tusk\n|-damage|p2a: Great Tusk|36\/100 psn\n|\n|-heal|p2a: Great Tusk|42\/100 psn|[from] item: Leftovers\n|-damage|p2a: Great Tusk|30\/100 psn|[from] psn\n|-damage|p1a: Blissey|22\/100 brn|[from] brn\n|upkeep\n|turn|35\n|\n|t:|1700529080\n|-curestatus|p1a: Blissey|brn|[from] ability: Natural Cure\n|switch|p1a: Alomomola|Alomomola, M|87\/100 brn\n|move|p2a: Great Tusk|Knock Off|p1a: Alomomola\n|-damage|p1a: Alomomola|73\/100 brn\n|\n|-heal|p2a: Great Tusk|36\/100 psn|[from] item: Leftovers\n|-damage|p2a: Great Tusk|23\/100 psn|[from] psn\n|-damage|p1a: Alomomola|67\/100 brn|[from] brn\n|upkeep\n|turn|36\n|\n|t:|1700529084\n|move|p2a: Great Tusk|Earthquake|p1a: Alomomola\n|-damage|p1a: Alomomola|34\/100 brn\n|move|p1a: Alomomola|Wish|p1a: Alomomola\n|\n|-heal|p2a: Great Tusk|30\/100 psn|[from] item: Leftovers\n|-damage|p2a: Great Tusk|17\/100 psn|[from] psn\n|-damage|p1a: Alomomola|28\/100 brn|[from] brn\n|upkeep\n|turn|37\n|\n|t:|1700529089\n|move|p1a: Alomomola|Protect|p1a: Alomomola\n|-singleturn|p1a: Alomomola|Protect\n|move|p2a: Great Tusk|Earthquake|p1a: Alomomola\n|-activate|p1a: Alomomola|move: Protect\n|\n|-heal|p1a: Alomomola|78\/100 brn|[from] move: Wish|[wisher] Alomomola\n|-heal|p2a: Great Tusk|23\/100 psn|[from] item: Leftovers\n|-damage|p2a: Great Tusk|11\/100 psn|[from] psn\n|-damage|p1a: Alomomola|71\/100 brn|[from] brn\n|upkeep\n|turn|38\n|\n|t:|1700529106\n|move|p2a: Great Tusk|Earthquake|p1a: Alomomola\n|-damage|p1a: Alomomola|35\/100 brn\n|move|p1a: Alomomola|Wish|p1a: Alomomola\n|\n|-heal|p2a: Great Tusk|17\/100 psn|[from] item: Leftovers\n|-damage|p2a: Great Tusk|5\/100 psn|[from] psn\n|-damage|p1a: Alomomola|29\/100 brn|[from] brn\n|upkeep\n|turn|39\n|\n|t:|1700529114\n|move|p1a: Alomomola|Protect|p1a: Alomomola\n|-singleturn|p1a: Alomomola|Protect\n|move|p2a: Great Tusk|Bulk Up|p2a: Great Tusk\n|-boost|p2a: Great Tusk|atk|1\n|-boost|p2a: Great Tusk|def|1\n|\n|-heal|p1a: Alomomola|79\/100 brn|[from] move: Wish|[wisher] Alomomola\n|-heal|p2a: Great Tusk|11\/100 psn|[from] item: Leftovers\n|-damage|p2a: Great Tusk|0 fnt|[from] psn\n|faint|p2a: Great Tusk\n|-end|p2a: Great Tusk|Protosynthesis|[silent]\n|-damage|p1a: Alomomola|73\/100 brn|[from] brn\n|upkeep\n|\n|t:|1700529115\n|switch|p2a: Dragapult|Dragapult, M|36\/100\n|turn|40\n|\n|t:|1700529133\n|-terastallize|p2a: Dragapult|Ghost\n|move|p2a: Dragapult|Hex|p1a: Alomomola\n|-damage|p1a: Alomomola|8\/100 brn\n|move|p1a: Alomomola|Mirror Coat|p2a: Dragapult\n|-damage|p2a: Dragapult|0 fnt\n|faint|p2a: Dragapult\n|\n|win|mathismathin\n|raw|mathismathin's rating: 1745 &rarr; <strong>1761<\/strong><br \/>(+16 for winning)\n|raw|Blurred Ace's rating: 1682 &rarr; <strong>1666<\/strong><br \/>(-16 for losing)\n","uploadtime":1700529138,"views":4,"p1id":"mathismathin","p2id":"blurredace","formatid":"gen9ou","rating":1666,"private":0,"password":""}