{"id":"gen9ou-1990161931","p1":"TakiSUS","p2":"CooperTheSoup","format":"[Gen 9] OU","log":"|j|\u203dTakiSUS\n|j|\u203dCooperTheSoup\n|t:|1699931413\n|gametype|singles\n|player|p1|TakiSUS|clown|\n|player|p2|CooperTheSoup|gambler|\n|teamsize|p1|6\n|teamsize|p2|6\n|gen|9\n|tier|[Gen 9] OU\n|rule|Sleep Clause Mod: Limit one foe put to sleep\n|rule|Species Clause: Limit one of each Pok\u00e9mon\n|rule|OHKO Clause: OHKO moves are banned\n|rule|Evasion Items Clause: Evasion items are banned\n|rule|Evasion Moves Clause: Evasion moves are banned\n|rule|Endless Battle Clause: Forcing endless battles is banned\n|rule|HP Percentage Mod: HP is shown in percentages\n|clearpoke\n|poke|p1|Greninja-*, M|\n|poke|p1|Maushold-Four|\n|poke|p1|Tyranitar, M|\n|poke|p1|Gholdengo|\n|poke|p1|Clodsire, M|\n|poke|p1|Rotom-Frost|\n|poke|p2|Corviknight, M|\n|poke|p2|Breloom, F|\n|poke|p2|Dragapult, F|\n|poke|p2|Houndoom, F|\n|poke|p2|Zangoose, M|\n|poke|p2|Quagsire, M|\n|teampreview\n|inactive|Battle timer is ON: inactive players will automatically lose when time's up. (requested by CooperTheSoup)\n|\n|t:|1699931419\n|start\n|switch|p1a: Greninja|Greninja, M, shiny|100\/100\n|switch|p2a: Breloom|Breloom, F|100\/100\n|turn|1\n|\n|t:|1699931426\n|move|p1a: Greninja|Swords Dance|p1a: Greninja\n|-start|p1a: Greninja|typechange|Normal|[from] ability: Protean\n|-boost|p1a: Greninja|atk|2\n|move|p2a: Breloom|Swords Dance|p2a: Breloom\n|-boost|p2a: Breloom|atk|2\n|\n|upkeep\n|turn|2\n|\n|t:|1699931433\n|move|p2a: Breloom|Mach Punch|p1a: Greninja\n|-supereffective|p1a: Greninja\n|-damage|p1a: Greninja|0 fnt\n|faint|p1a: Greninja\n|-damage|p2a: Breloom|91\/100|[from] item: Life Orb\n|\n|upkeep\n|\n|t:|1699931444\n|switch|p1a: Clodsire|Clodsire, M|100\/100\n|turn|3\n|\n|t:|1699931453\n|-terastallize|p1a: Clodsire|Fighting\n|move|p2a: Breloom|Bullet Seed|p1a: Clodsire\n|-damage|p1a: Clodsire|49\/100\n|-damage|p1a: Clodsire|0 fnt\n|faint|p1a: Clodsire\n|-hitcount|p1: Clodsire|2\n|-damage|p2a: Breloom|81\/100|[from] item: Life Orb\n|\n|upkeep\n|\n|t:|1699931465\n|switch|p1a: Rotom|Rotom-Frost, shiny|100\/100\n|turn|4\n|\n|t:|1699931471\n|move|p2a: Breloom|Mach Punch|p1a: Rotom\n|-supereffective|p1a: Rotom\n|-damage|p1a: Rotom|0 fnt\n|faint|p1a: Rotom\n|-damage|p2a: Breloom|71\/100|[from] item: Life Orb\n|\n|upkeep\n|\n|t:|1699931477\n|switch|p1a: Tyranitar|Tyranitar, M, shiny|100\/100\n|-weather|Sandstorm|[from] ability: Sand Stream|[of] p1a: Tyranitar\n|turn|5\n|\n|t:|1699931487\n|switch|p1a: Gholdengo|Gholdengo, shiny|100\/100\n|move|p2a: Breloom|Mach Punch|p1a: Gholdengo\n|-immune|p1a: Gholdengo\n|\n|-weather|Sandstorm|[upkeep]\n|-damage|p2a: Breloom|64\/100|[from] Sandstorm\n|upkeep\n|turn|6\n|\n|t:|1699931496\n|-terastallize|p2a: Breloom|Electric\n|move|p1a: Gholdengo|Nasty Plot|p1a: Gholdengo\n|-boost|p1a: Gholdengo|spa|2\n|move|p2a: Breloom|Thunder Punch|p1a: Gholdengo\n|-damage|p1a: Gholdengo|0 fnt\n|faint|p1a: Gholdengo\n|-damage|p2a: Breloom|55\/100|[from] item: Life Orb\n|\n|-weather|Sandstorm|[upkeep]\n|-damage|p2a: Breloom|48\/100|[from] Sandstorm\n|upkeep\n|\n|t:|1699931507\n|switch|p1a: Tyranitar|Tyranitar, M, shiny|100\/100\n|turn|7\n|\n|t:|1699931511\n|move|p2a: Breloom|Mach Punch|p1a: Tyranitar\n|-supereffective|p1a: Tyranitar\n|-damage|p1a: Tyranitar|0 fnt\n|faint|p1a: Tyranitar\n|-damage|p2a: Breloom|38\/100|[from] item: Life Orb\n|\n|-weather|Sandstorm|[upkeep]\n|-damage|p2a: Breloom|32\/100|[from] Sandstorm\n|upkeep\n|\n|t:|1699931518\n|switch|p1a: Maushold|Maushold-Four, shiny|100\/100\n|turn|8\n|\n|t:|1699931526\n|move|p2a: Breloom|Mach Punch|p1a: Maushold\n|-supereffective|p1a: Maushold\n|-damage|p1a: Maushold|0 fnt\n|faint|p1a: Maushold\n|-damage|p2a: Breloom|22\/100|[from] item: Life Orb\n|\n|win|CooperTheSoup\n","uploadtime":1699931536,"views":22,"p1id":"takisus","p2id":"cooperthesoup","formatid":"gen9ou","rating":0,"private":0,"password":""}