{"id":"gen9ou-1990897655","p1":"cerberus sama","p2":"M THEE AGENT","format":"[Gen 9] OU","log":"|j|\u2606cerberus sama\n|j|\u2606M THEE AGENT\n|t:|1700012695\n|gametype|singles\n|player|p1|cerberus sama|102|1700\n|player|p2|M THEE AGENT|drayden|1649\n|teamsize|p1|6\n|teamsize|p2|6\n|gen|9\n|tier|[Gen 9] OU\n|rated|\n|rule|Sleep Clause Mod: Limit one foe put to sleep\n|rule|Species Clause: Limit one of each Pok\u00e9mon\n|rule|OHKO Clause: OHKO moves are banned\n|rule|Evasion Items Clause: Evasion items are banned\n|rule|Evasion Moves Clause: Evasion moves are banned\n|rule|Endless Battle Clause: Forcing endless battles is banned\n|rule|HP Percentage Mod: HP is shown in percentages\n|clearpoke\n|poke|p1|Garganacl, M|\n|poke|p1|Great Tusk|\n|poke|p1|Clodsire, F|\n|poke|p1|Landorus-Therian, M|\n|poke|p1|Iron Valiant|\n|poke|p1|Corviknight, M|\n|poke|p2|Ribombee, M|\n|poke|p2|Great Tusk|\n|poke|p2|Gholdengo|\n|poke|p2|Manaphy|\n|poke|p2|Kingambit, F|\n|poke|p2|Ceruledge, F|\n|teampreview\n|inactive|Battle timer is ON: inactive players will automatically lose when time's up. (requested by cerberus sama)\n|inactive|M THEE AGENT has 120 seconds left.\n|\n|t:|1700012731\n|start\n|switch|p1a: Clodsire|Clodsire, F|100\/100\n|switch|p2a: Ribombee|Ribombee, M|100\/100\n|turn|1\n|\n|t:|1700012758\n|move|p2a: Ribombee|Stun Spore|p1a: Clodsire\n|-status|p1a: Clodsire|par\n|cant|p1a: Clodsire|par\n|\n|upkeep\n|turn|2\n|\n|t:|1700012760\n|move|p2a: Ribombee|Sticky Web|p1a: Clodsire\n|-sidestart|p1: cerberus sama|move: Sticky Web\n|cant|p1a: Clodsire|par\n|\n|upkeep\n|turn|3\n|\n|t:|1700012764\n|move|p2a: Ribombee|Psychic|p1a: Clodsire\n|-supereffective|p1a: Clodsire\n|-damage|p1a: Clodsire|72\/100 par\n|move|p1a: Clodsire|Stealth Rock|p2a: Ribombee\n|-sidestart|p2: M THEE AGENT|move: Stealth Rock\n|\n|-heal|p1a: Clodsire|79\/100 par|[from] item: Black Sludge\n|upkeep\n|turn|4\n|\n|t:|1700012769\n|move|p2a: Ribombee|Psychic|p1a: Clodsire\n|-supereffective|p1a: Clodsire\n|-damage|p1a: Clodsire|52\/100 par\n|move|p1a: Clodsire|Toxic|p2a: Ribombee\n|-status|p2a: Ribombee|tox\n|\n|-heal|p1a: Clodsire|58\/100 par|[from] item: Black Sludge\n|-damage|p2a: Ribombee|94\/100 tox|[from] psn\n|upkeep\n|turn|5\n|\n|t:|1700012776\n|switch|p2a: Great Tusk|Great Tusk|100\/100\n|-damage|p2a: Great Tusk|98\/100|[from] Stealth Rock\n|-enditem|p2a: Great Tusk|Booster Energy\n|-activate|p2a: Great Tusk|ability: Protosynthesis|[fromitem]\n|-start|p2a: Great Tusk|protosynthesisatk\n|switch|p1a: Garganacl|Garganacl, M|100\/100\n|-activate|p1a: Garganacl|move: Sticky Web\n|-unboost|p1a: Garganacl|spe|1\n|\n|upkeep\n|turn|6\n|\n|t:|1700012789\n|-terastallize|p1a: Garganacl|Ghost\n|move|p2a: Great Tusk|Rapid Spin|p1a: Garganacl\n|-immune|p1a: Garganacl\n|move|p1a: Garganacl|Salt Cure|p2a: Great Tusk\n|-resisted|p2a: Great Tusk\n|-damage|p2a: Great Tusk|95\/100\n|-start|p2a: Great Tusk|Salt Cure\n|\n|-damage|p2a: Great Tusk|83\/100|[from] Salt Cure\n|upkeep\n|turn|7\n|\n|t:|1700012802\n|move|p2a: Great Tusk|Earthquake|p1a: Garganacl\n|-damage|p1a: Garganacl|68\/100\n|move|p1a: Garganacl|Salt Cure|p2a: Great Tusk\n|-resisted|p2a: Great Tusk\n|-damage|p2a: Great Tusk|80\/100\n|\n|-heal|p1a: Garganacl|75\/100|[from] item: Leftovers\n|-damage|p2a: Great Tusk|68\/100|[from] Salt Cure\n|upkeep\n|turn|8\n|j| SandGetsEverywhere\n|\n|t:|1700012806\n|move|p2a: Great Tusk|Earthquake|p1a: Garganacl\n|-damage|p1a: Garganacl|39\/100\n|move|p1a: Garganacl|Substitute|p1a: Garganacl\n|-start|p1a: Garganacl|Substitute\n|-damage|p1a: Garganacl|14\/100\n|\n|-heal|p1a: Garganacl|20\/100|[from] item: Leftovers\n|-damage|p2a: Great Tusk|55\/100|[from] Salt Cure\n|upkeep\n|turn|9\n|\n|t:|1700012809\n|move|p2a: Great Tusk|Earthquake|p1a: Garganacl\n|-end|p1a: Garganacl|Substitute\n|move|p1a: Garganacl|Recover|p1a: Garganacl\n|-heal|p1a: Garganacl|70\/100\n|\n|-heal|p1a: Garganacl|76\/100|[from] item: Leftovers\n|-damage|p2a: Great Tusk|43\/100|[from] Salt Cure\n|upkeep\n|turn|10\n|\n|t:|1700012812\n|move|p1a: Garganacl|Protect|p1a: Garganacl\n|-singleturn|p1a: Garganacl|Protect\n|move|p2a: Great Tusk|Earthquake|p1a: Garganacl\n|-activate|p1a: Garganacl|move: Protect\n|\n|-heal|p1a: Garganacl|82\/100|[from] item: Leftovers\n|-damage|p2a: Great Tusk|30\/100|[from] Salt Cure\n|upkeep\n|turn|11\n|\n|t:|1700012816\n|switch|p1a: Landorus|Landorus-Therian, M|100\/100\n|-ability|p1a: Landorus|Intimidate|boost\n|-unboost|p2a: Great Tusk|atk|1\n|move|p2a: Great Tusk|Earthquake|p1a: Landorus\n|-immune|p1a: Landorus\n|\n|-damage|p2a: Great Tusk|18\/100|[from] Salt Cure\n|upkeep\n|turn|12\n|\n|t:|1700012819\n|move|p1a: Landorus|Grass Knot|p2a: Great Tusk\n|-supereffective|p2a: Great Tusk\n|-damage|p2a: Great Tusk|0 fnt\n|faint|p2a: Great Tusk\n|-end|p2a: Great Tusk|Protosynthesis|[silent]\n|\n|upkeep\n|\n|t:|1700012847\n|switch|p2a: Ribombee|Ribombee, M|94\/100 tox\n|-damage|p2a: Ribombee|69\/100 tox|[from] Stealth Rock\n|turn|13\n|\n|t:|1700012854\n|switch|p1a: Garganacl|Garganacl, M, tera:Ghost|82\/100\n|-activate|p1a: Garganacl|move: Sticky Web\n|-unboost|p1a: Garganacl|spe|1\n|move|p2a: Ribombee|Stun Spore|p1a: Garganacl\n|-immune|p1a: Garganacl|[from] ability: Purifying Salt\n|\n|-heal|p1a: Garganacl|88\/100|[from] item: Leftovers\n|-damage|p2a: Ribombee|63\/100 tox|[from] psn\n|upkeep\n|turn|14\n|\n|t:|1700012859\n|move|p1a: Garganacl|Protect|p1a: Garganacl\n|-singleturn|p1a: Garganacl|Protect\n|move|p2a: Ribombee|Moonblast|p1a: Garganacl\n|-activate|p1a: Garganacl|move: Protect\n|\n|-heal|p1a: Garganacl|95\/100|[from] item: Leftovers\n|-damage|p2a: Ribombee|51\/100 tox|[from] psn\n|upkeep\n|turn|15\n|\n|t:|1700012863\n|move|p2a: Ribombee|Moonblast|p1a: Garganacl\n|-damage|p1a: Garganacl|56\/100\n|-unboost|p1a: Garganacl|spa|1\n|move|p1a: Garganacl|Substitute|p1a: Garganacl\n|-start|p1a: Garganacl|Substitute\n|-damage|p1a: Garganacl|31\/100\n|\n|-heal|p1a: Garganacl|37\/100|[from] item: Leftovers\n|-damage|p2a: Ribombee|33\/100 tox|[from] psn\n|upkeep\n|turn|16\n|\n|t:|1700012866\n|move|p1a: Garganacl|Protect|p1a: Garganacl\n|-singleturn|p1a: Garganacl|Protect\n|move|p2a: Ribombee|Moonblast|p1a: Garganacl\n|-activate|p1a: Garganacl|move: Protect\n|\n|-heal|p1a: Garganacl|43\/100|[from] item: Leftovers\n|-damage|p2a: Ribombee|8\/100 tox|[from] psn\n|upkeep\n|turn|17\n|\n|t:|1700012869\n|move|p2a: Ribombee|Moonblast|p1a: Garganacl\n|-end|p1a: Garganacl|Substitute\n|move|p1a: Garganacl|Recover|p1a: Garganacl\n|-heal|p1a: Garganacl|93\/100\n|\n|-heal|p1a: Garganacl|99\/100|[from] item: Leftovers\n|-damage|p2a: Ribombee|0 fnt|[from] psn\n|faint|p2a: Ribombee\n|upkeep\n|inactive|M THEE AGENT has 120 seconds left.\n|inactive|M THEE AGENT has 90 seconds left.\n|\n|t:|1700012929\n|switch|p2a: Ceruledge|Ceruledge, F|100\/100\n|-damage|p2a: Ceruledge|76\/100|[from] Stealth Rock\n|turn|18\n|\n|t:|1700012937\n|move|p2a: Ceruledge|Poltergeist|p1a: Garganacl|[miss]\n|-miss|p2a: Ceruledge|p1a: Garganacl\n|move|p1a: Garganacl|Salt Cure|p2a: Ceruledge\n|-supereffective|p2a: Ceruledge\n|-damage|p2a: Ceruledge|35\/100\n|-start|p2a: Ceruledge|Salt Cure\n|-ability|p2a: Ceruledge|Weak Armor|boost\n|-unboost|p2a: Ceruledge|def|1\n|-boost|p2a: Ceruledge|spe|2\n|\n|-heal|p1a: Garganacl|100\/100|[from] item: Leftovers\n|-damage|p2a: Ceruledge|22\/100|[from] Salt Cure\n|upkeep\n|turn|19\n|\n|t:|1700012944\n|move|p1a: Garganacl|Protect|p1a: Garganacl\n|-singleturn|p1a: Garganacl|Protect\n|move|p2a: Ceruledge|Poltergeist|p1a: Garganacl\n|-activate|p1a: Garganacl|move: Protect\n|\n|-damage|p2a: Ceruledge|10\/100|[from] Salt Cure\n|upkeep\n|turn|20\n|\n|t:|1700012946\n|switch|p1a: Landorus|Landorus-Therian, M|100\/100\n|-ability|p1a: Landorus|Intimidate|boost\n|-unboost|p2a: Ceruledge|atk|1\n|move|p2a: Ceruledge|Poltergeist|p1a: Landorus\n|-activate|p1a: Landorus|move: Poltergeist|Leftovers\n|-damage|p1a: Landorus|58\/100\n|\n|-heal|p1a: Landorus|64\/100|[from] item: Leftovers\n|-damage|p2a: Ceruledge|0 fnt|[from] Salt Cure\n|faint|p2a: Ceruledge\n|upkeep\n|\n|t:|1700012959\n|switch|p2a: Manaphy|Manaphy|100\/100\n|-damage|p2a: Manaphy|88\/100|[from] Stealth Rock\n|turn|21\n|\n|t:|1700012963\n|move|p2a: Manaphy|Tail Glow|p2a: Manaphy\n|-boost|p2a: Manaphy|spa|3\n|move|p1a: Landorus|U-turn|p2a: Manaphy\n|-damage|p2a: Manaphy|67\/100\n|\n|t:|1700012965\n|switch|p1a: Iron Valiant|Iron Valiant|100\/100|[from] U-turn\n|-activate|p1a: Iron Valiant|move: Sticky Web\n|-unboost|p1a: Iron Valiant|spe|1\n|\n|-heal|p2a: Manaphy|73\/100|[from] item: Leftovers\n|upkeep\n|turn|22\n|\n|t:|1700012969\n|move|p1a: Iron Valiant|Trick|p2a: Manaphy\n|-activate|p1a: Iron Valiant|move: Trick|[of] p2a: Manaphy\n|-item|p2a: Manaphy|Choice Scarf|[from] move: Trick\n|-item|p1a: Iron Valiant|Leftovers|[from] move: Trick\n|move|p2a: Manaphy|Surf|p1a: Iron Valiant\n|-damage|p1a: Iron Valiant|0 fnt\n|faint|p1a: Iron Valiant\n|-end|p1a: Iron Valiant|Quark Drive|[silent]\n|\n|upkeep\n|\n|t:|1700012975\n|switch|p1a: Clodsire|Clodsire, F|58\/100 par\n|-activate|p1a: Clodsire|move: Sticky Web\n|-unboost|p1a: Clodsire|spe|1\n|turn|23\n|\n|t:|1700012980\n|switch|p2a: Gholdengo|Gholdengo|100\/100\n|-damage|p2a: Gholdengo|94\/100|[from] Stealth Rock\n|-item|p2a: Gholdengo|Air Balloon\n|switch|p1a: Great Tusk|Great Tusk|100\/100\n|-activate|p1a: Great Tusk|move: Sticky Web\n|-unboost|p1a: Great Tusk|spe|1\n|\n|upkeep\n|turn|24\n|\n|t:|1700012984\n|switch|p2a: Manaphy|Manaphy|73\/100\n|-damage|p2a: Manaphy|61\/100|[from] Stealth Rock\n|move|p1a: Great Tusk|Knock Off|p2a: Manaphy\n|-damage|p2a: Manaphy|35\/100\n|-enditem|p2a: Manaphy|Choice Scarf|[from] move: Knock Off|[of] p1a: Great Tusk\n|\n|upkeep\n|turn|25\n|\n|t:|1700013009\n|move|p2a: Manaphy|Ice Beam|p1a: Great Tusk\n|-supereffective|p1a: Great Tusk\n|-damage|p1a: Great Tusk|44\/100\n|-status|p1a: Great Tusk|frz\n|cant|p1a: Great Tusk|frz\n|\n|upkeep\n|turn|26\n|\n|t:|1700013017\n|-end|p1a: Great Tusk|Protosynthesis|[silent]\n|switch|p1a: Clodsire|Clodsire, F|58\/100 par\n|-activate|p1a: Clodsire|move: Sticky Web\n|-unboost|p1a: Clodsire|spe|1\n|move|p2a: Manaphy|Tail Glow|p2a: Manaphy\n|-boost|p2a: Manaphy|spa|3\n|\n|-heal|p1a: Clodsire|65\/100 par|[from] item: Black Sludge\n|upkeep\n|turn|27\n|\n|t:|1700013021\n|move|p2a: Manaphy|Ice Beam|p1a: Clodsire\n|-supereffective|p1a: Clodsire\n|-damage|p1a: Clodsire|0 fnt\n|faint|p1a: Clodsire\n|\n|upkeep\n|\n|t:|1700013030\n|switch|p1a: Garganacl|Garganacl, M, tera:Ghost|100\/100\n|-activate|p1a: Garganacl|move: Sticky Web\n|-unboost|p1a: Garganacl|spe|1\n|turn|28\n|\n|t:|1700013040\n|move|p2a: Manaphy|Surf|p1a: Garganacl\n|-damage|p1a: Garganacl|10\/100\n|move|p1a: Garganacl|Salt Cure|p2a: Manaphy\n|-damage|p2a: Manaphy|21\/100\n|-start|p2a: Manaphy|Salt Cure\n|\n|-heal|p1a: Garganacl|16\/100|[from] item: Leftovers\n|-damage|p2a: Manaphy|0 fnt|[from] Salt Cure\n|faint|p2a: Manaphy\n|upkeep\n|\n|t:|1700013046\n|switch|p2a: Gholdengo|Gholdengo|94\/100\n|-damage|p2a: Gholdengo|88\/100|[from] Stealth Rock\n|-item|p2a: Gholdengo|Air Balloon\n|turn|29\n|\n|t:|1700013051\n|move|p1a: Garganacl|Protect|p1a: Garganacl\n|-singleturn|p1a: Garganacl|Protect\n|move|p2a: Gholdengo|Shadow Ball|p1a: Garganacl\n|-activate|p1a: Garganacl|move: Protect\n|\n|-heal|p1a: Garganacl|22\/100|[from] item: Leftovers\n|upkeep\n|turn|30\n|\n|t:|1700013064\n|switch|p1a: Great Tusk|Great Tusk|44\/100 frz\n|-activate|p1a: Great Tusk|move: Sticky Web\n|-unboost|p1a: Great Tusk|spe|1\n|move|p2a: Gholdengo|Shadow Ball|p1a: Great Tusk\n|-damage|p1a: Great Tusk|0 fnt\n|faint|p1a: Great Tusk\n|-end|p1a: Great Tusk|Protosynthesis|[silent]\n|\n|upkeep\n|\n|t:|1700013066\n|switch|p1a: Landorus|Landorus-Therian, M|64\/100\n|-ability|p1a: Landorus|Intimidate|boost\n|-unboost|p2a: Gholdengo|atk|1\n|turn|31\n|\n|t:|1700013070\n|move|p1a: Landorus|U-turn|p2a: Gholdengo\n|-resisted|p2a: Gholdengo\n|-damage|p2a: Gholdengo|83\/100\n|-enditem|p2a: Gholdengo|Air Balloon\n|\n|t:|1700013075\n|switch|p1a: Garganacl|Garganacl, M, tera:Ghost|22\/100|[from] U-turn\n|-activate|p1a: Garganacl|move: Sticky Web\n|-unboost|p1a: Garganacl|spe|1\n|move|p2a: Gholdengo|Make It Rain|p1a: Garganacl\n|-damage|p1a: Garganacl|0 fnt\n|-unboost|p2a: Gholdengo|spa|1\n|faint|p1a: Garganacl\n|\n|upkeep\n|\n|t:|1700013079\n|switch|p1a: Landorus|Landorus-Therian, M|64\/100\n|-ability|p1a: Landorus|Intimidate|boost\n|-unboost|p2a: Gholdengo|atk|1\n|turn|32\n|\n|t:|1700013090\n|move|p1a: Landorus|U-turn|p2a: Gholdengo\n|-resisted|p2a: Gholdengo\n|-damage|p2a: Gholdengo|77\/100\n|\n|t:|1700013092\n|switch|p1a: Corviknight|Corviknight, M|100\/100|[from] U-turn\n|-ability|p1a: Corviknight|Pressure\n|move|p2a: Gholdengo|Make It Rain|p1a: Corviknight\n|-resisted|p1a: Corviknight\n|-damage|p1a: Corviknight|81\/100\n|-unboost|p2a: Gholdengo|spa|1\n|\n|-heal|p1a: Corviknight|88\/100|[from] item: Leftovers\n|upkeep\n|turn|33\n|\n|t:|1700013098\n|switch|p1a: Landorus|Landorus-Therian, M|64\/100\n|-ability|p1a: Landorus|Intimidate|boost\n|-unboost|p2a: Gholdengo|atk|1\n|move|p2a: Gholdengo|Nasty Plot|p2a: Gholdengo\n|-boost|p2a: Gholdengo|spa|2\n|\n|-heal|p1a: Landorus|70\/100|[from] item: Leftovers\n|upkeep\n|turn|34\n|\n|t:|1700013103\n|move|p1a: Landorus|Earth Power|p2a: Gholdengo\n|-supereffective|p2a: Gholdengo\n|-damage|p2a: Gholdengo|0 fnt\n|faint|p2a: Gholdengo\n|\n|-heal|p1a: Landorus|76\/100|[from] item: Leftovers\n|upkeep\n|\n|t:|1700013106\n|switch|p2a: Kingambit|Kingambit, F|100\/100\n|-damage|p2a: Kingambit|94\/100|[from] Stealth Rock\n|-activate|p2a: Kingambit|ability: Supreme Overlord\n|-start|p2a: Kingambit|fallen5|[silent]\n|turn|35\n|\n|t:|1700013108\n|-terastallize|p2a: Kingambit|Fairy\n|move|p1a: Landorus|U-turn|p2a: Kingambit\n|-resisted|p2a: Kingambit\n|-damage|p2a: Kingambit|87\/100\n|\n|t:|1700013112\n|switch|p1a: Corviknight|Corviknight, M|88\/100|[from] U-turn\n|-ability|p1a: Corviknight|Pressure\n|move|p2a: Kingambit|Swords Dance|p2a: Kingambit\n|-boost|p2a: Kingambit|atk|2\n|\n|-heal|p1a: Corviknight|94\/100|[from] item: Leftovers\n|-heal|p2a: Kingambit|93\/100|[from] item: Leftovers\n|upkeep\n|turn|36\n|\n|t:|1700013119\n|move|p1a: Corviknight|Iron Head|p2a: Kingambit\n|-supereffective|p2a: Kingambit\n|-damage|p2a: Kingambit|58\/100\n|move|p2a: Kingambit|Swords Dance|p2a: Kingambit\n|-boost|p2a: Kingambit|atk|2\n|\n|-heal|p1a: Corviknight|99\/100|[from] item: Leftovers\n|-heal|p2a: Kingambit|64\/100|[from] item: Leftovers\n|upkeep\n|turn|37\n|\n|t:|1700013125\n|move|p2a: Kingambit|Sucker Punch|p1a: Corviknight\n|-damage|p1a: Corviknight|0 fnt\n|faint|p1a: Corviknight\n|\n|-heal|p2a: Kingambit|70\/100|[from] item: Leftovers\n|upkeep\n|\n|t:|1700013128\n|switch|p1a: Landorus|Landorus-Therian, M|76\/100\n|-ability|p1a: Landorus|Intimidate|boost\n|-unboost|p2a: Kingambit|atk|1\n|turn|38\n|\n|t:|1700013130\n|move|p1a: Landorus|Sludge Bomb|p2a: Kingambit\n|-supereffective|p2a: Kingambit\n|-damage|p2a: Kingambit|13\/100\n|move|p2a: Kingambit|Kowtow Cleave|p1a: Landorus\n|-damage|p1a: Landorus|0 fnt\n|faint|p1a: Landorus\n|\n|win|M THEE AGENT\n|raw|cerberus sama's rating: 1700 &rarr; <strong>1677<\/strong><br \/>(-23 for losing)\n|raw|M THEE AGENT's rating: 1649 &rarr; <strong>1672<\/strong><br \/>(+23 for winning)\n|l|\u2606cerberus sama\n","uploadtime":1700013398,"views":12,"p1id":"cerberussama","p2id":"mtheeagent","formatid":"gen9ou","rating":1672,"private":0,"password":""}