{"id":"gen9ou-1994390246","p1":"SirSpanklez","p2":"Raigeki_rks","format":"[Gen 9] OU","log":"|j|\u2606SirSpanklez\n|j|\u2606Raigeki_rks\n|t:|1700438441\n|gametype|singles\n|player|p1|SirSpanklez|pokemonrangerf|1166\n|player|p2|Raigeki_rks|volkner-masters|1271\n|teamsize|p1|6\n|teamsize|p2|6\n|gen|9\n|tier|[Gen 9] OU\n|rated|\n|rule|Sleep Clause Mod: Limit one foe put to sleep\n|rule|Species Clause: Limit one of each Pok\u00e9mon\n|rule|OHKO Clause: OHKO moves are banned\n|rule|Evasion Items Clause: Evasion items are banned\n|rule|Evasion Moves Clause: Evasion moves are banned\n|rule|Endless Battle Clause: Forcing endless battles is banned\n|rule|HP Percentage Mod: HP is shown in percentages\n|clearpoke\n|poke|p1|Garganacl, M|\n|poke|p1|Zapdos|\n|poke|p1|Typhlosion-Hisui, M|\n|poke|p1|Ogerpon-Cornerstone, F|\n|poke|p1|Tyranitar, M|\n|poke|p1|Corviknight, M|\n|poke|p2|Zapdos|\n|poke|p2|Cinderace, M|\n|poke|p2|Landorus-Therian, M|\n|poke|p2|Slowking-Galar, M|\n|poke|p2|Dragonite, M|\n|poke|p2|Iron Moth|\n|teampreview\n|inactive|Battle timer is ON: inactive players will automatically lose when time's up. (requested by Raigeki_rks)\n|\n|t:|1700438447\n|start\n|switch|p1a: Big Guy|Tyranitar, M, shiny|100\/100\n|switch|p2a: Landorus|Landorus-Therian, M|100\/100\n|-ability|p2a: Landorus|Intimidate|boost\n|-unboost|p1a: Big Guy|atk|1\n|-weather|Sandstorm|[from] ability: Sand Stream|[of] p1a: Big Guy\n|turn|1\n|\n|t:|1700438456\n|move|p2a: Landorus|U-turn|p1a: Big Guy\n|-supereffective|p1a: Big Guy\n|-damage|p1a: Big Guy|63\/100\n|\n|t:|1700438459\n|switch|p2a: Zapdos|Zapdos|100\/100|[from] U-turn\n|move|p1a: Big Guy|Stealth Rock|p2a: Zapdos\n|-sidestart|p2: Raigeki_rks|move: Stealth Rock\n|\n|-weather|Sandstorm|[upkeep]\n|-damage|p2a: Zapdos|94\/100|[from] Sandstorm\n|-heal|p1a: Big Guy|70\/100|[from] item: Leftovers\n|upkeep\n|turn|2\n|\n|t:|1700438469\n|move|p2a: Zapdos|Volt Switch|p1a: Big Guy\n|-damage|p1a: Big Guy|54\/100\n|\n|t:|1700438487\n|switch|p2a: Landorus|Landorus-Therian, M|100\/100|[from] Volt Switch\n|-damage|p2a: Landorus|88\/100|[from] Stealth Rock\n|-ability|p2a: Landorus|Intimidate|boost\n|-unboost|p1a: Big Guy|atk|1\n|move|p1a: Big Guy|Dragon Tail|p2a: Landorus\n|-damage|p2a: Landorus|80\/100\n|-damage|p1a: Big Guy|37\/100|[from] item: Rocky Helmet|[of] p2a: Landorus\n|drag|p2a: Dragonite|Dragonite, M|100\/100\n|\n|-weather|Sandstorm|[upkeep]\n|-damage|p2a: Dragonite|94\/100|[from] Sandstorm\n|-heal|p1a: Big Guy|43\/100|[from] item: Leftovers\n|upkeep\n|turn|3\n|\n|t:|1700438500\n|switch|p2a: Landorus|Landorus-Therian, M|80\/100\n|-damage|p2a: Landorus|67\/100|[from] Stealth Rock\n|-ability|p2a: Landorus|Intimidate|boost\n|-unboost|p1a: Big Guy|atk|1\n|move|p1a: Big Guy|Thunder Wave|p2a: Landorus\n|-immune|p2a: Landorus\n|\n|-weather|Sandstorm|[upkeep]\n|-heal|p1a: Big Guy|50\/100|[from] item: Leftovers\n|upkeep\n|turn|4\n|\n|t:|1700438511\n|move|p2a: Landorus|Earthquake|p1a: Big Guy\n|-supereffective|p1a: Big Guy\n|-damage|p1a: Big Guy|0 fnt\n|faint|p1a: Big Guy\n|\n|-weather|Sandstorm|[upkeep]\n|upkeep\n|\n|t:|1700438515\n|switch|p1a: OogaBooga|Ogerpon-Cornerstone, F|100\/100\n|turn|5\n|\n|t:|1700438521\n|move|p1a: OogaBooga|Swords Dance|p1a: OogaBooga\n|-boost|p1a: OogaBooga|atk|2\n|move|p2a: Landorus|U-turn|p1a: OogaBooga\n|-supereffective|p1a: OogaBooga\n|-damage|p1a: OogaBooga|45\/100\n|\n|t:|1700438533\n|switch|p2a: Iron Moth|Iron Moth|100\/100|[from] U-turn\n|-damage|p2a: Iron Moth|76\/100|[from] Stealth Rock\n|-enditem|p2a: Iron Moth|Booster Energy\n|-activate|p2a: Iron Moth|ability: Quark Drive|[fromitem]\n|-start|p2a: Iron Moth|quarkdrivespe\n|\n|-weather|none\n|upkeep\n|turn|6\n|\n|t:|1700438544\n|switch|p1a: The Holy Monument|Garganacl, M, shiny|100\/100\n|move|p2a: Iron Moth|Fiery Dance|p1a: The Holy Monument\n|-resisted|p1a: The Holy Monument\n|-damage|p1a: The Holy Monument|88\/100\n|\n|-heal|p1a: The Holy Monument|94\/100|[from] item: Leftovers\n|upkeep\n|turn|7\n|\n|t:|1700438550\n|-terastallize|p2a: Iron Moth|Grass\n|move|p2a: Iron Moth|Energy Ball|p1a: The Holy Monument\n|-supereffective|p1a: The Holy Monument\n|-damage|p1a: The Holy Monument|30\/100\n|move|p1a: The Holy Monument|Salt Cure|p2a: Iron Moth\n|-damage|p2a: Iron Moth|57\/100\n|-start|p2a: Iron Moth|Salt Cure\n|\n|-heal|p1a: The Holy Monument|36\/100|[from] item: Leftovers\n|-damage|p2a: Iron Moth|45\/100|[from] Salt Cure\n|upkeep\n|turn|8\n|\n|t:|1700438561\n|switch|p1a: Corviknight|Corviknight, M|100\/100\n|move|p2a: Iron Moth|Fiery Dance|p1a: Corviknight\n|-supereffective|p1a: Corviknight\n|-damage|p1a: Corviknight|27\/100\n|-boost|p2a: Iron Moth|spa|1\n|\n|-damage|p2a: Iron Moth|33\/100|[from] Salt Cure\n|upkeep\n|turn|9\n|\n|t:|1700438571\n|move|p2a: Iron Moth|Fiery Dance|p1a: Corviknight\n|-supereffective|p1a: Corviknight\n|-damage|p1a: Corviknight|0 fnt\n|-boost|p2a: Iron Moth|spa|1\n|faint|p1a: Corviknight\n|\n|-damage|p2a: Iron Moth|20\/100|[from] Salt Cure\n|upkeep\n|\n|t:|1700438576\n|switch|p1a: Mr. Miss|Zapdos, shiny|100\/100\n|-ability|p1a: Mr. Miss|Pressure\n|turn|10\n|\n|t:|1700438580\n|move|p2a: Iron Moth|Fiery Dance|p1a: Mr. Miss\n|-damage|p1a: Mr. Miss|18\/100\n|-boost|p2a: Iron Moth|spa|1\n|move|p1a: Mr. Miss|Thunderbolt|p2a: Iron Moth\n|-resisted|p2a: Iron Moth\n|-damage|p2a: Iron Moth|0 fnt\n|faint|p2a: Iron Moth\n|-end|p2a: Iron Moth|Quark Drive|[silent]\n|\n|-heal|p1a: Mr. Miss|24\/100|[from] item: Leftovers\n|upkeep\n|\n|t:|1700438590\n|switch|p2a: Dragonite|Dragonite, M|94\/100\n|turn|11\n|\n|t:|1700438600\n|move|p2a: Dragonite|Dragon Dance|p2a: Dragonite\n|-boost|p2a: Dragonite|atk|1\n|-boost|p2a: Dragonite|spe|1\n|move|p1a: Mr. Miss|Hurricane|p2a: Dragonite\n|-damage|p2a: Dragonite|29\/100\n|\n|-heal|p1a: Mr. Miss|31\/100|[from] item: Leftovers\n|upkeep\n|turn|12\n|\n|t:|1700438607\n|move|p2a: Dragonite|Ice Spinner|p1a: Mr. Miss\n|-supereffective|p1a: Mr. Miss\n|-damage|p1a: Mr. Miss|0 fnt\n|faint|p1a: Mr. Miss\n|\n|upkeep\n|\n|t:|1700438618\n|switch|p1a: KRAKATOA|Typhlosion-Hisui, M|100\/100\n|turn|13\n|\n|t:|1700438625\n|move|p2a: Dragonite|Earthquake|p1a: KRAKATOA\n|-supereffective|p1a: KRAKATOA\n|-enditem|p1a: KRAKATOA|Focus Sash\n|-damage|p1a: KRAKATOA|1\/100\n|move|p1a: KRAKATOA|Overheat|p2a: Dragonite\n|-resisted|p2a: Dragonite\n|-damage|p2a: Dragonite|0 fnt\n|-unboost|p1a: KRAKATOA|spa|2\n|faint|p2a: Dragonite\n|\n|upkeep\n|\n|t:|1700438640\n|switch|p2a: Zapdos|Zapdos|94\/100\n|turn|14\n|\n|t:|1700438646\n|move|p1a: KRAKATOA|Fire Spin|p2a: Zapdos\n|-damage|p2a: Zapdos|82\/100\n|-activate|p2a: Zapdos|move: Fire Spin|[of] p1a: KRAKATOA\n|move|p2a: Zapdos|Volt Switch|p1a: KRAKATOA\n|-damage|p1a: KRAKATOA|0 fnt\n|faint|p1a: KRAKATOA\n|\n|t:|1700438658\n|switch|p2a: Cinderace|Cinderace, M|100\/100|[from] Volt Switch\n|\n|upkeep\n|\n|t:|1700438662\n|switch|p1a: The Holy Monument|Garganacl, M, shiny|36\/100\n|turn|15\n|\n|t:|1700438666\n|-terastallize|p1a: The Holy Monument|Ghost\n|move|p2a: Cinderace|U-turn|p1a: The Holy Monument\n|-start|p2a: Cinderace|typechange|Bug|[from] ability: Libero\n|-resisted|p1a: The Holy Monument\n|-damage|p1a: The Holy Monument|25\/100\n|\n|t:|1700438671\n|switch|p2a: Zapdos|Zapdos|82\/100|[from] U-turn\n|move|p1a: The Holy Monument|Recover|p1a: The Holy Monument\n|-heal|p1a: The Holy Monument|75\/100\n|\n|-heal|p1a: The Holy Monument|81\/100|[from] item: Leftovers\n|upkeep\n|turn|16\n|\n|t:|1700438678\n|move|p2a: Zapdos|Hurricane|p1a: The Holy Monument|[miss]\n|-miss|p2a: Zapdos|p1a: The Holy Monument\n|move|p1a: The Holy Monument|Salt Cure|p2a: Zapdos\n|-supereffective|p2a: Zapdos\n|-damage|p2a: Zapdos|55\/100\n|-start|p2a: Zapdos|Salt Cure\n|\n|-heal|p1a: The Holy Monument|87\/100|[from] item: Leftovers\n|-damage|p2a: Zapdos|43\/100|[from] Salt Cure\n|upkeep\n|turn|17\n|\n|t:|1700438687\n|move|p2a: Zapdos|Volt Switch|p1a: The Holy Monument\n|-damage|p1a: The Holy Monument|69\/100\n|\n|t:|1700438689\n|switch|p2a: Slowking|Slowking-Galar, M|100\/100|[from] Volt Switch\n|-damage|p2a: Slowking|88\/100|[from] Stealth Rock\n|move|p1a: The Holy Monument|Iron Defense|p1a: The Holy Monument\n|-boost|p1a: The Holy Monument|def|2\n|\n|-heal|p1a: The Holy Monument|75\/100|[from] item: Leftovers\n|upkeep\n|turn|18\n|\n|t:|1700438697\n|move|p1a: The Holy Monument|Salt Cure|p2a: Slowking\n|-damage|p2a: Slowking|74\/100\n|-start|p2a: Slowking|Salt Cure\n|move|p2a: Slowking|Future Sight|p1a: The Holy Monument\n|-start|p2a: Slowking|move: Future Sight\n|\n|-heal|p1a: The Holy Monument|81\/100|[from] item: Leftovers\n|-damage|p2a: Slowking|61\/100|[from] Salt Cure\n|upkeep\n|turn|19\n|\n|t:|1700438718\n|move|p1a: The Holy Monument|Recover|p1a: The Holy Monument\n|-heal|p1a: The Holy Monument|100\/100\n|move|p2a: Slowking|Surf|p1a: The Holy Monument\n|-damage|p1a: The Holy Monument|83\/100\n|\n|-heal|p1a: The Holy Monument|90\/100|[from] item: Leftovers\n|-damage|p2a: Slowking|49\/100|[from] Salt Cure\n|upkeep\n|turn|20\n|\n|t:|1700438727\n|move|p1a: The Holy Monument|Iron Defense|p1a: The Holy Monument\n|-boost|p1a: The Holy Monument|def|2\n|move|p2a: Slowking|Surf|p1a: The Holy Monument\n|-crit|p1a: The Holy Monument\n|-damage|p1a: The Holy Monument|66\/100\n|\n|-end|p1a: The Holy Monument|move: Future Sight\n|-damage|p1a: The Holy Monument|35\/100\n|-heal|p1a: The Holy Monument|41\/100|[from] item: Leftovers\n|-damage|p2a: Slowking|36\/100|[from] Salt Cure\n|upkeep\n|turn|21\n|\n|t:|1700438738\n|move|p1a: The Holy Monument|Recover|p1a: The Holy Monument\n|-heal|p1a: The Holy Monument|91\/100\n|move|p2a: Slowking|Future Sight|p1a: The Holy Monument\n|-start|p2a: Slowking|move: Future Sight\n|\n|-heal|p1a: The Holy Monument|97\/100|[from] item: Leftovers\n|-damage|p2a: Slowking|24\/100|[from] Salt Cure\n|upkeep\n|turn|22\n|\n|t:|1700438753\n|switch|p2a: Cinderace|Cinderace, M|100\/100\n|move|p1a: The Holy Monument|Iron Defense|p1a: The Holy Monument\n|-boost|p1a: The Holy Monument|def|2\n|\n|-heal|p1a: The Holy Monument|100\/100|[from] item: Leftovers\n|upkeep\n|turn|23\n|\n|t:|1700438763\n|move|p2a: Cinderace|Court Change|p2a: Cinderace\n|-start|p2a: Cinderace|typechange|Normal|[from] ability: Libero\n|-swapsideconditions\n|-activate|p2a: Cinderace|move: Court Change\n|move|p1a: The Holy Monument|Salt Cure|p2a: Cinderace\n|-damage|p2a: Cinderace|82\/100\n|-start|p2a: Cinderace|Salt Cure\n|\n|-end|p1a: The Holy Monument|move: Future Sight\n|-damage|p1a: The Holy Monument|68\/100\n|-heal|p1a: The Holy Monument|74\/100|[from] item: Leftovers\n|-damage|p2a: Cinderace|69\/100|[from] Salt Cure\n|upkeep\n|turn|24\n|\n|t:|1700438774\n|move|p2a: Cinderace|U-turn|p1a: The Holy Monument\n|-resisted|p1a: The Holy Monument\n|-damage|p1a: The Holy Monument|72\/100\n|\n|t:|1700438778\n|switch|p2a: Zapdos|Zapdos|43\/100|[from] U-turn\n|move|p1a: The Holy Monument|Body Press|p2a: Zapdos\n|-resisted|p2a: Zapdos\n|-damage|p2a: Zapdos|2\/100\n|\n|-heal|p1a: The Holy Monument|78\/100|[from] item: Leftovers\n|upkeep\n|turn|25\n|\n|t:|1700438787\n|move|p2a: Zapdos|Roost|p2a: Zapdos\n|-heal|p2a: Zapdos|52\/100\n|-singleturn|p2a: Zapdos|move: Roost\n|move|p1a: The Holy Monument|Salt Cure|p2a: Zapdos\n|-damage|p2a: Zapdos|40\/100\n|-start|p2a: Zapdos|Salt Cure\n|\n|-heal|p1a: The Holy Monument|85\/100|[from] item: Leftovers\n|-damage|p2a: Zapdos|28\/100|[from] Salt Cure\n|upkeep\n|turn|26\n|\n|t:|1700438798\n|move|p2a: Zapdos|Roost|p2a: Zapdos\n|-heal|p2a: Zapdos|78\/100\n|-singleturn|p2a: Zapdos|move: Roost\n|move|p1a: The Holy Monument|Recover|p1a: The Holy Monument\n|-heal|p1a: The Holy Monument|100\/100\n|\n|-damage|p2a: Zapdos|65\/100|[from] Salt Cure\n|upkeep\n|turn|27\n|\n|t:|1700438800\n|move|p2a: Zapdos|Roost|p2a: Zapdos\n|-heal|p2a: Zapdos|100\/100\n|-singleturn|p2a: Zapdos|move: Roost\n|move|p1a: The Holy Monument|Body Press|p2a: Zapdos\n|-damage|p2a: Zapdos|13\/100\n|\n|-damage|p2a: Zapdos|0 fnt|[from] Salt Cure\n|faint|p2a: Zapdos\n|upkeep\n|\n|t:|1700438809\n|switch|p2a: Slowking|Slowking-Galar, M|57\/100\n|turn|28\n|\n|t:|1700438812\n|move|p1a: The Holy Monument|Salt Cure|p2a: Slowking\n|-damage|p2a: Slowking|43\/100\n|-start|p2a: Slowking|Salt Cure\n|move|p2a: Slowking|Future Sight|p1a: The Holy Monument\n|-start|p2a: Slowking|move: Future Sight\n|\n|-damage|p2a: Slowking|30\/100|[from] Salt Cure\n|upkeep\n|turn|29\n|\n|t:|1700438815\n|switch|p2a: Cinderace|Cinderace, M|69\/100\n|move|p1a: The Holy Monument|Body Press|p2a: Cinderace\n|-damage|p2a: Cinderace|0 fnt\n|faint|p2a: Cinderace\n|\n|upkeep\n|\n|t:|1700438816\n|switch|p2a: Landorus|Landorus-Therian, M|67\/100\n|-ability|p2a: Landorus|Intimidate|boost\n|-unboost|p1a: The Holy Monument|atk|1\n|turn|30\n|\n|t:|1700438824\n|move|p2a: Landorus|Grass Knot|p1a: The Holy Monument\n|-damage|p1a: The Holy Monument|84\/100\n|move|p1a: The Holy Monument|Salt Cure|p2a: Landorus\n|-damage|p2a: Landorus|60\/100\n|-start|p2a: Landorus|Salt Cure\n|\n|-end|p1a: The Holy Monument|move: Future Sight\n|-damage|p1a: The Holy Monument|50\/100\n|-heal|p1a: The Holy Monument|56\/100|[from] item: Leftovers\n|-damage|p2a: Landorus|48\/100|[from] Salt Cure\n|upkeep\n|turn|31\n|-message|Raigeki_rks forfeited.\n|\n|win|SirSpanklez\n|raw|SirSpanklez's rating: 1166 &rarr; <strong>1198<\/strong><br \/>(+32 for winning)\n|raw|Raigeki_rks's rating: 1271 &rarr; <strong>1239<\/strong><br \/>(-32 for losing)\n|l|\u2606Raigeki_rks\n","uploadtime":1700438837,"views":8,"p1id":"sirspanklez","p2id":"raigekirks","formatid":"gen9ou","rating":1198,"private":0,"password":""}