{"id":"gen9ou-1996055132","p1":"Fiexthur0314","p2":"Alice-chan89","format":"[Gen 9] OU","log":"|j|\u2606Fiexthur0314\n|j|\u2606Alice-chan89\n|t:|1700636430\n|gametype|singles\n|player|p1|Fiexthur0314|1|1205\n|player|p2|Alice-chan89|elesa|1189\n|teamsize|p1|6\n|teamsize|p2|6\n|gen|9\n|tier|[Gen 9] OU\n|rated|\n|rule|Sleep Clause Mod: Limit one foe put to sleep\n|rule|Species Clause: Limit one of each Pok\u00e9mon\n|rule|OHKO Clause: OHKO moves are banned\n|rule|Evasion Items Clause: Evasion items are banned\n|rule|Evasion Moves Clause: Evasion moves are banned\n|rule|Endless Battle Clause: Forcing endless battles is banned\n|rule|HP Percentage Mod: HP is shown in percentages\n|clearpoke\n|poke|p1|Overqwil, F|\n|poke|p1|Quaquaval, M|\n|poke|p1|Grafaiai, F|\n|poke|p1|Poliwrath, M|\n|poke|p1|Iron Jugulis|\n|poke|p1|Vikavolt, M|\n|poke|p2|Great Tusk|\n|poke|p2|Iron Hands|\n|poke|p2|Enamorus, F|\n|poke|p2|Gholdengo|\n|poke|p2|Torkoal, M|\n|poke|p2|Walking Wake|\n|teampreview\n|inactive|Battle timer is ON: inactive players will automatically lose when time's up. (requested by Fiexthur0314)\n|\n|t:|1700636446\n|start\n|switch|p1a: Vikavolt|Vikavolt, M|100\/100\n|switch|p2a: Alpha|Iron Hands, shiny|100\/100\n|turn|1\n|\n|t:|1700636461\n|move|p2a: Alpha|Fake Out|p1a: Vikavolt\n|-damage|p1a: Vikavolt|85\/100\n|cant|p1a: Vikavolt|flinch\n|\n|upkeep\n|turn|2\n|\n|t:|1700636470\n|-end|p2a: Alpha|Quark Drive|[silent]\n|switch|p2a: Shep|Great Tusk, shiny|100\/100\n|move|p1a: Vikavolt|Volt Switch|p2a: Shep\n|-immune|p2a: Shep\n|\n|upkeep\n|turn|3\n|inactive|Fiexthur0314 has 120 seconds left.\n|\n|t:|1700636511\n|switch|p1a: Overqwil|Overqwil, F|100\/100\n|-ability|p1a: Overqwil|Intimidate|boost\n|-unboost|p2a: Shep|atk|1\n|move|p2a: Shep|Rapid Spin|p1a: Overqwil\n|-damage|p1a: Overqwil|92\/100\n|-boost|p2a: Shep|spe|1\n|\n|-heal|p1a: Overqwil|98\/100|[from] item: Leftovers\n|upkeep\n|turn|4\n|\n|t:|1700636534\n|move|p2a: Shep|Headlong Rush|p1a: Overqwil\n|-supereffective|p1a: Overqwil\n|-damage|p1a: Overqwil|37\/100\n|-unboost|p2a: Shep|def|1\n|-unboost|p2a: Shep|spd|1\n|move|p1a: Overqwil|Toxic Spikes|p2a: Shep\n|-sidestart|p2: Alice-chan89|move: Toxic Spikes\n|\n|-heal|p1a: Overqwil|43\/100|[from] item: Leftovers\n|upkeep\n|turn|5\n|\n|t:|1700636545\n|switch|p1a: Iron Jugulis|Iron Jugulis|100\/100\n|-enditem|p1a: Iron Jugulis|Booster Energy\n|-activate|p1a: Iron Jugulis|ability: Quark Drive|[fromitem]\n|-start|p1a: Iron Jugulis|quarkdrivespe\n|move|p2a: Shep|Headlong Rush|p1a: Iron Jugulis\n|-immune|p1a: Iron Jugulis\n|\n|upkeep\n|turn|6\n|\n|t:|1700636557\n|-end|p2a: Shep|Protosynthesis|[silent]\n|switch|p2a: Enamorus|Enamorus, F|100\/100\n|move|p1a: Iron Jugulis|Rain Dance|p1a: Iron Jugulis\n|-weather|RainDance\n|\n|-weather|RainDance|[upkeep]\n|upkeep\n|turn|7\n|\n|t:|1700636572\n|switch|p2a: Raphael|Torkoal, M, shiny|100\/100\n|-status|p2a: Raphael|psn\n|-weather|SunnyDay|[from] ability: Drought|[of] p2a: Raphael\n|move|p1a: Iron Jugulis|Hurricane|p2a: Raphael|[miss]\n|-miss|p1a: Iron Jugulis|p2a: Raphael\n|\n|-weather|SunnyDay|[upkeep]\n|-damage|p2a: Raphael|88\/100 psn|[from] psn\n|upkeep\n|turn|8\n|inactive|Fiexthur0314 has 120 seconds left.\n|\n|t:|1700636588\n|move|p1a: Iron Jugulis|Rain Dance|p1a: Iron Jugulis\n|-weather|RainDance\n|move|p2a: Raphael|Stealth Rock|p1a: Iron Jugulis\n|-sidestart|p1: Fiexthur0314|move: Stealth Rock\n|\n|-weather|RainDance|[upkeep]\n|-damage|p2a: Raphael|76\/100 psn|[from] psn\n|upkeep\n|turn|9\n|\n|t:|1700636595\n|switch|p2a: Goldmember|Gholdengo, shiny|100\/100\n|move|p1a: Iron Jugulis|Hurricane|p2a: Goldmember\n|-resisted|p2a: Goldmember\n|-crit|p2a: Goldmember\n|-damage|p2a: Goldmember|48\/100\n|-start|p2a: Goldmember|confusion\n|\n|-weather|RainDance|[upkeep]\n|upkeep\n|turn|10\n|\n|t:|1700636604\n|switch|p2a: Raphael|Torkoal, M, shiny|76\/100 psn\n|-weather|SunnyDay|[from] ability: Drought|[of] p2a: Raphael\n|move|p1a: Iron Jugulis|Dark Pulse|p2a: Raphael\n|-damage|p2a: Raphael|38\/100 psn\n|\n|-weather|SunnyDay|[upkeep]\n|-damage|p2a: Raphael|26\/100 psn|[from] psn\n|upkeep\n|turn|11\n|\n|t:|1700636622\n|switch|p2a: Blue|Walking Wake|100\/100\n|-status|p2a: Blue|psn\n|-activate|p2a: Blue|ability: Protosynthesis\n|-start|p2a: Blue|protosynthesisspe\n|move|p1a: Iron Jugulis|Rain Dance|p1a: Iron Jugulis\n|-weather|RainDance\n|-end|p2a: Blue|Protosynthesis\n|\n|-weather|RainDance|[upkeep]\n|-damage|p2a: Blue|88\/100 psn|[from] psn\n|upkeep\n|turn|12\n|\n|t:|1700636635\n|-terastallize|p2a: Blue|Water\n|move|p1a: Iron Jugulis|Hurricane|p2a: Blue\n|-damage|p2a: Blue|24\/100 psn\n|-start|p2a: Blue|confusion\n|-activate|p2a: Blue|confusion\n|move|p2a: Blue|Hydro Steam|p1a: Iron Jugulis\n|-damage|p1a: Iron Jugulis|2\/100\n|\n|-weather|RainDance|[upkeep]\n|-damage|p2a: Blue|11\/100 psn|[from] psn\n|upkeep\n|turn|13\n|inactive|Alice-chan89 has 120 seconds left.\n|\n|t:|1700636657\n|move|p1a: Iron Jugulis|Dark Pulse|p2a: Blue\n|-damage|p2a: Blue|0 fnt\n|faint|p2a: Blue\n|-end|p2a: Blue|Protosynthesis|[silent]\n|\n|-weather|RainDance|[upkeep]\n|upkeep\n|inactive|Alice-chan89 has 120 seconds left.\n|\n|t:|1700636667\n|switch|p2a: Alpha|Iron Hands, shiny|100\/100\n|-status|p2a: Alpha|psn\n|turn|14\n|\n|t:|1700636674\n|move|p2a: Alpha|Fake Out|p1a: Iron Jugulis\n|-damage|p1a: Iron Jugulis|0 fnt\n|faint|p1a: Iron Jugulis\n|-end|p1a: Iron Jugulis|Quark Drive|[silent]\n|\n|-weather|RainDance|[upkeep]\n|-damage|p2a: Alpha|88\/100 psn|[from] psn\n|upkeep\n|inactive|Fiexthur0314 has 120 seconds left.\n|\n|t:|1700636705\n|switch|p1a: Poliwrath|Poliwrath, M|100\/100\n|-damage|p1a: Poliwrath|94\/100|[from] Stealth Rock\n|turn|15\n|\n|t:|1700636715\n|switch|p1a: Overqwil|Overqwil, F|43\/100\n|-damage|p1a: Overqwil|31\/100|[from] Stealth Rock\n|-ability|p1a: Overqwil|Intimidate|boost\n|-unboost|p2a: Alpha|atk|1\n|-end|p2a: Alpha|Quark Drive|[silent]\n|switch|p2a: Raphael|Torkoal, M, shiny|26\/100 psn\n|-weather|SunnyDay|[from] ability: Drought|[of] p2a: Raphael\n|\n|-weather|SunnyDay|[upkeep]\n|-heal|p1a: Overqwil|37\/100|[from] item: Leftovers\n|-damage|p2a: Raphael|14\/100 psn|[from] psn\n|upkeep\n|turn|16\n|inactive|Fiexthur0314 has 120 seconds left.\n|\n|t:|1700636748\n|switch|p2a: Shep|Great Tusk, shiny|100\/100\n|-status|p2a: Shep|psn\n|-activate|p2a: Shep|ability: Protosynthesis\n|-start|p2a: Shep|protosynthesisatk\n|move|p1a: Overqwil|Barb Barrage|p2a: Shep\n|-resisted|p2a: Shep\n|-damage|p2a: Shep|85\/100 psn\n|\n|-weather|SunnyDay|[upkeep]\n|-heal|p1a: Overqwil|43\/100|[from] item: Leftovers\n|-damage|p2a: Shep|72\/100 psn|[from] psn\n|upkeep\n|turn|17\n|\n|t:|1700636759\n|switch|p1a: Quaquaval|Quaquaval, M|100\/100\n|move|p2a: Shep|Rapid Spin|p1a: Quaquaval\n|-damage|p1a: Quaquaval|74\/100\n|-boost|p2a: Shep|spe|1\n|-sideend|p2: Alice-chan89|Toxic Spikes|[from] move: Rapid Spin|[of] p2a: Shep\n|\n|-weather|SunnyDay|[upkeep]\n|-damage|p2a: Shep|60\/100 psn|[from] psn\n|upkeep\n|turn|18\n|\n|t:|1700636770\n|move|p2a: Shep|Close Combat|p1a: Quaquaval\n|-damage|p1a: Quaquaval|0 fnt\n|-unboost|p2a: Shep|def|1\n|-unboost|p2a: Shep|spd|1\n|faint|p1a: Quaquaval\n|\n|-weather|SunnyDay|[upkeep]\n|-damage|p2a: Shep|48\/100 psn|[from] psn\n|upkeep\n|\n|t:|1700636782\n|switch|p1a: Vikavolt|Vikavolt, M|85\/100\n|-damage|p1a: Vikavolt|60\/100|[from] Stealth Rock\n|turn|19\n|\n|t:|1700636791\n|-end|p2a: Shep|Protosynthesis|[silent]\n|switch|p2a: Alpha|Iron Hands, shiny|88\/100 psn\n|move|p1a: Vikavolt|Bug Buzz|p2a: Alpha\n|-resisted|p2a: Alpha\n|-damage|p2a: Alpha|72\/100 psn\n|\n|-weather|SunnyDay|[upkeep]\n|-damage|p2a: Alpha|60\/100 psn|[from] psn\n|upkeep\n|turn|20\n|inactive|Fiexthur0314 has 120 seconds left.\n|\n|t:|1700636807\n|move|p2a: Alpha|Fake Out|p1a: Vikavolt\n|-damage|p1a: Vikavolt|43\/100\n|cant|p1a: Vikavolt|flinch\n|\n|-weather|SunnyDay|[upkeep]\n|-damage|p2a: Alpha|48\/100 psn|[from] psn\n|upkeep\n|turn|21\n|\n|t:|1700636813\n|move|p2a: Alpha|Volt Switch|p1a: Vikavolt\n|-resisted|p1a: Vikavolt\n|-damage|p1a: Vikavolt|39\/100\n|\n|t:|1700636825\n|-end|p2a: Alpha|Quark Drive|[silent]\n|switch|p2a: Shep|Great Tusk, shiny|48\/100 psn|[from] Volt Switch\n|-activate|p2a: Shep|ability: Protosynthesis\n|-start|p2a: Shep|protosynthesisatk\n|move|p1a: Vikavolt|Volt Switch|p2a: Shep\n|-immune|p2a: Shep\n|\n|-weather|SunnyDay|[upkeep]\n|-damage|p2a: Shep|35\/100 psn|[from] psn\n|upkeep\n|turn|22\n|\n|t:|1700636835\n|move|p2a: Shep|Ice Spinner|p1a: Vikavolt\n|-crit|p1a: Vikavolt\n|-damage|p1a: Vikavolt|0 fnt\n|faint|p1a: Vikavolt\n|\n|-weather|none\n|-end|p2a: Shep|Protosynthesis\n|-damage|p2a: Shep|23\/100 psn|[from] psn\n|upkeep\n|\n|t:|1700636844\n|switch|p1a: Overqwil|Overqwil, F|43\/100\n|-damage|p1a: Overqwil|31\/100|[from] Stealth Rock\n|-ability|p1a: Overqwil|Intimidate|boost\n|-unboost|p2a: Shep|atk|1\n|turn|23\n|\n|t:|1700636854\n|move|p2a: Shep|Headlong Rush|p1a: Overqwil\n|-supereffective|p1a: Overqwil\n|-damage|p1a: Overqwil|0 fnt\n|-unboost|p2a: Shep|def|1\n|-unboost|p2a: Shep|spd|1\n|faint|p1a: Overqwil\n|\n|-damage|p2a: Shep|10\/100 psn|[from] psn\n|upkeep\n|\n|t:|1700636874\n|switch|p1a: Grafaiai|Grafaiai, F|100\/100\n|-damage|p1a: Grafaiai|88\/100|[from] Stealth Rock\n|turn|24\n|\n|t:|1700636881\n|-end|p2a: Shep|Protosynthesis|[silent]\n|switch|p2a: Raphael|Torkoal, M, shiny|14\/100 psn\n|-weather|SunnyDay|[from] ability: Drought|[of] p2a: Raphael\n|move|p1a: Grafaiai|Knock Off|p2a: Raphael\n|-damage|p2a: Raphael|0 fnt\n|-enditem|p2a: Raphael|Heat Rock|[from] move: Knock Off|[of] p1a: Grafaiai\n|faint|p2a: Raphael\n|\n|-weather|SunnyDay|[upkeep]\n|upkeep\n|inactive|Alice-chan89 has 120 seconds left.\n|\n|t:|1700636917\n|switch|p2a: Goldmember|Gholdengo, shiny|48\/100\n|turn|25\n|\n|t:|1700636922\n|move|p1a: Grafaiai|Rain Dance|p1a: Grafaiai\n|-weather|RainDance\n|move|p2a: Goldmember|Make It Rain|p1a: Grafaiai\n|-damage|p1a: Grafaiai|2\/100\n|-unboost|p2a: Goldmember|spa|1\n|\n|-weather|RainDance|[upkeep]\n|upkeep\n|turn|26\n|\n|t:|1700636945\n|switch|p2a: Shep|Great Tusk, shiny|10\/100 psn\n|move|p1a: Grafaiai|Knock Off|p2a: Shep\n|-resisted|p2a: Shep\n|-damage|p2a: Shep|3\/100 psn\n|-enditem|p2a: Shep|Assault Vest|[from] move: Knock Off|[of] p1a: Grafaiai\n|\n|-weather|RainDance|[upkeep]\n|-damage|p2a: Shep|0 fnt|[from] psn\n|faint|p2a: Shep\n|-end|p2a: Shep|Protosynthesis|[silent]\n|upkeep\n|inactive|Alice-chan89 has 120 seconds left.\n|\n|t:|1700636959\n|switch|p2a: Goldmember|Gholdengo, shiny|48\/100\n|turn|27\n|\n|t:|1700636964\n|move|p2a: Goldmember|Charge Beam|p1a: Grafaiai\n|-damage|p1a: Grafaiai|0 fnt\n|-boost|p2a: Goldmember|spa|1\n|faint|p1a: Grafaiai\n|\n|-weather|RainDance|[upkeep]\n|upkeep\n|\n|t:|1700636970\n|switch|p1a: Poliwrath|Poliwrath, M|94\/100\n|-damage|p1a: Poliwrath|88\/100|[from] Stealth Rock\n|turn|28\n|\n|t:|1700636983\n|-terastallize|p1a: Poliwrath|Fire\n|move|p1a: Poliwrath|Belly Drum|p1a: Poliwrath\n|-damage|p1a: Poliwrath|38\/100\n|-setboost|p1a: Poliwrath|atk|6|[from] move: Belly Drum\n|-enditem|p1a: Poliwrath|Sitrus Berry|[eat]\n|-heal|p1a: Poliwrath|63\/100|[from] item: Sitrus Berry\n|move|p2a: Goldmember|Charge Beam|p1a: Poliwrath\n|-damage|p1a: Poliwrath|34\/100\n|-boost|p2a: Goldmember|spa|1\n|\n|-weather|RainDance|[upkeep]\n|upkeep\n|turn|29\n|\n|t:|1700636996\n|move|p1a: Poliwrath|Liquidation|p2a: Goldmember\n|-crit|p2a: Goldmember\n|-damage|p2a: Goldmember|0 fnt\n|faint|p2a: Goldmember\n|\n|-weather|RainDance|[upkeep]\n|upkeep\n|\n|t:|1700637003\n|switch|p2a: Alpha|Iron Hands, shiny|48\/100 psn\n|turn|30\n|\n|t:|1700637008\n|move|p2a: Alpha|Fake Out|p1a: Poliwrath\n|-damage|p1a: Poliwrath|17\/100\n|cant|p1a: Poliwrath|flinch\n|\n|-weather|RainDance|[upkeep]\n|-damage|p2a: Alpha|35\/100 psn|[from] psn\n|upkeep\n|turn|31\n|\n|t:|1700637016\n|-end|p2a: Alpha|Quark Drive|[silent]\n|switch|p2a: Enamorus|Enamorus, F|100\/100\n|move|p1a: Poliwrath|Drain Punch|p2a: Enamorus\n|-resisted|p2a: Enamorus\n|-damage|p2a: Enamorus|47\/100\n|-heal|p1a: Poliwrath|41\/100|[from] drain|[of] p2a: Enamorus\n|\n|-weather|RainDance|[upkeep]\n|upkeep\n|turn|32\n|\n|t:|1700637048\n|move|p1a: Poliwrath|Drain Punch|p2a: Enamorus\n|-resisted|p2a: Enamorus\n|-damage|p2a: Enamorus|0 fnt\n|-heal|p1a: Poliwrath|62\/100|[from] drain|[of] p2a: Enamorus\n|faint|p2a: Enamorus\n|\n|-weather|none\n|upkeep\n|\n|t:|1700637056\n|switch|p2a: Alpha|Iron Hands, shiny|35\/100 psn\n|turn|33\n|\n|t:|1700637068\n|move|p1a: Poliwrath|Liquidation|p2a: Alpha\n|-damage|p2a: Alpha|0 fnt\n|faint|p2a: Alpha\n|-end|p2a: Alpha|Quark Drive|[silent]\n|\n|win|Fiexthur0314\n|raw|Fiexthur0314's rating: 1205 &rarr; <strong>1229<\/strong><br \/>(+24 for winning)\n|raw|Alice-chan89's rating: 1189 &rarr; <strong>1165<\/strong><br \/>(-24 for losing)\n","uploadtime":1700637074,"views":0,"p1id":"fiexthur0314","p2id":"alicechan89","formatid":"gen9ou","rating":1165,"private":0,"password":""}