{"id":"gen9ou-1994162380","p1":"Gabry06","p2":"thepisslizard","format":"[Gen 9] OU","log":"|j|\u2606Gabry06\n|j|\u2606thepisslizard\n|t:|1700414100\n|gametype|singles\n|player|p1|Gabry06|acetrainer-gen4dp|1287\n|player|p2|thepisslizard|swimmer|1288\n|teamsize|p1|6\n|teamsize|p2|6\n|gen|9\n|tier|[Gen 9] OU\n|rated|\n|rule|Sleep Clause Mod: Limit one foe put to sleep\n|rule|Species Clause: Limit one of each Pok\u00e9mon\n|rule|OHKO Clause: OHKO moves are banned\n|rule|Evasion Items Clause: Evasion items are banned\n|rule|Evasion Moves Clause: Evasion moves are banned\n|rule|Endless Battle Clause: Forcing endless battles is banned\n|rule|HP Percentage Mod: HP is shown in percentages\n|clearpoke\n|poke|p1|Walking Wake|\n|poke|p1|Torkoal, F|\n|poke|p1|Moltres|\n|poke|p1|Meowscarada, M|\n|poke|p1|Great Tusk|\n|poke|p1|Ribombee, M|\n|poke|p2|Gholdengo|\n|poke|p2|Dragapult, F|\n|poke|p2|Clodsire, F|\n|poke|p2|Zapdos|\n|poke|p2|Conkeldurr, M|\n|poke|p2|Okidogi, M|\n|teampreview\n|\n|t:|1700414113\n|start\n|switch|p1a: Ribombee|Ribombee, M|100\/100\n|switch|p2a: Dragapult|Dragapult, F|100\/100\n|turn|1\n|\n|t:|1700414126\n|move|p2a: Dragapult|U-turn|p1a: Ribombee\n|-resisted|p1a: Ribombee\n|-damage|p1a: Ribombee|83\/100\n|\n|t:|1700414130\n|switch|p2a: Zapdos|Zapdos|100\/100|[from] U-turn\n|move|p1a: Ribombee|Stun Spore|p2a: Zapdos\n|-immune|p2a: Zapdos\n|\n|upkeep\n|turn|2\n|\n|t:|1700414142\n|move|p1a: Ribombee|Sticky Web|p2a: Zapdos\n|-sidestart|p2: thepisslizard|move: Sticky Web\n|move|p2a: Zapdos|Hurricane|p1a: Ribombee\n|-supereffective|p1a: Ribombee\n|-damage|p1a: Ribombee|0 fnt\n|faint|p1a: Ribombee\n|\n|upkeep\n|\n|t:|1700414152\n|switch|p1a: Torkoal|Torkoal, F|100\/100\n|-weather|SunnyDay|[from] ability: Drought|[of] p1a: Torkoal\n|turn|3\n|inactive|Battle timer is ON: inactive players will automatically lose when time's up. (requested by thepisslizard)\n|\n|t:|1700414172\n|move|p2a: Zapdos|Thunder Wave|p1a: Torkoal\n|-status|p1a: Torkoal|par\n|move|p1a: Torkoal|Yawn|p2a: Zapdos\n|-start|p2a: Zapdos|move: Yawn|[of] p1a: Torkoal\n|\n|-weather|SunnyDay|[upkeep]\n|upkeep\n|turn|4\n|\n|t:|1700414198\n|switch|p1a: Moltres|Moltres|100\/100\n|move|p2a: Zapdos|Volt Switch|p1a: Moltres\n|-supereffective|p1a: Moltres\n|-crit|p1a: Moltres\n|-damage|p1a: Moltres|0 fnt\n|faint|p1a: Moltres\n|\n|t:|1700414206\n|switch|p2a: Conkeldurr|Conkeldurr, M|100\/100|[from] Volt Switch\n|-activate|p2a: Conkeldurr|move: Sticky Web\n|-unboost|p2a: Conkeldurr|spe|1\n|\n|-weather|SunnyDay|[upkeep]\n|-status|p2a: Conkeldurr|brn|[from] item: Flame Orb\n|upkeep\n|inactive|Gabry06 has 120 seconds left.\n|\n|t:|1700414230\n|switch|p1a: Walking Wake|Walking Wake|100\/100\n|-activate|p1a: Walking Wake|ability: Protosynthesis\n|-start|p1a: Walking Wake|protosynthesisspe\n|turn|5\n|inactive|Gabry06 has 120 seconds left.\n|\n|t:|1700414239\n|move|p1a: Walking Wake|Hydro Steam|p2a: Conkeldurr\n|-damage|p2a: Conkeldurr|9\/100 brn\n|move|p2a: Conkeldurr|Defog|p1a: Walking Wake\n|-unboost|p1a: Walking Wake|evasion|1\n|-sideend|p2: thepisslizard|Sticky Web|[from] move: Defog|[of] p2a: Conkeldurr\n|\n|-weather|SunnyDay|[upkeep]\n|-damage|p2a: Conkeldurr|3\/100 brn|[from] brn\n|upkeep\n|turn|6\n|inactive|Gabry06 has 120 seconds left.\n|\n|t:|1700414257\n|move|p1a: Walking Wake|Substitute|p1a: Walking Wake\n|-start|p1a: Walking Wake|Substitute\n|-damage|p1a: Walking Wake|75\/100\n|move|p2a: Conkeldurr|Drain Punch|p1a: Walking Wake\n|-end|p1a: Walking Wake|Substitute\n|-heal|p2a: Conkeldurr|14\/100 brn|[from] drain|[of] p1a: Walking Wake\n|\n|-weather|SunnyDay|[upkeep]\n|-damage|p2a: Conkeldurr|8\/100 brn|[from] brn\n|upkeep\n|turn|7\n|inactive|Gabry06 has 120 seconds left.\n|\n|t:|1700414268\n|move|p1a: Walking Wake|Hydro Steam|p2a: Conkeldurr\n|-damage|p2a: Conkeldurr|0 fnt\n|faint|p2a: Conkeldurr\n|\n|-weather|SunnyDay|[upkeep]\n|upkeep\n|\n|t:|1700414284\n|switch|p2a: Zapdos|Zapdos|100\/100\n|turn|8\n|\n|t:|1700414294\n|move|p1a: Walking Wake|Hydro Steam|p2a: Zapdos\n|-damage|p2a: Zapdos|20\/100\n|move|p2a: Zapdos|Thunder Wave|p1a: Walking Wake\n|-status|p1a: Walking Wake|par\n|\n|-weather|SunnyDay|[upkeep]\n|upkeep\n|turn|9\n|\n|t:|1700414307\n|move|p2a: Zapdos|Volt Switch|p1a: Walking Wake\n|-damage|p1a: Walking Wake|37\/100 par\n|\n|t:|1700414310\n|switch|p2a: Dragapult|Dragapult, F|100\/100|[from] Volt Switch\n|move|p1a: Walking Wake|Hydro Steam|p2a: Dragapult\n|-resisted|p2a: Dragapult\n|-damage|p2a: Dragapult|48\/100\n|\n|-weather|SunnyDay|[upkeep]\n|upkeep\n|turn|10\n|\n|t:|1700414328\n|move|p2a: Dragapult|Hex|p1a: Walking Wake\n|-damage|p1a: Walking Wake|0 fnt\n|faint|p1a: Walking Wake\n|-end|p1a: Walking Wake|Protosynthesis|[silent]\n|\n|-weather|none\n|upkeep\n|\n|t:|1700414337\n|switch|p1a: Meowscarada|Meowscarada, M|100\/100\n|turn|11\n|\n|t:|1700414348\n|switch|p2a: Okidogi|Okidogi, M|100\/100\n|move|p1a: Meowscarada|Sucker Punch||[still]\n|-fail|p1a: Meowscarada\n|\n|upkeep\n|turn|12\n|\n|t:|1700414357\n|switch|p1a: Torkoal|Torkoal, F|100\/100 par\n|-weather|SunnyDay|[from] ability: Drought|[of] p1a: Torkoal\n|move|p2a: Okidogi|Knock Off|p1a: Torkoal\n|-damage|p1a: Torkoal|75\/100 par\n|-enditem|p1a: Torkoal|Heat Rock|[from] move: Knock Off|[of] p2a: Okidogi\n|\n|-weather|SunnyDay|[upkeep]\n|upkeep\n|turn|13\n|\n|t:|1700414373\n|move|p2a: Okidogi|Drain Punch|p1a: Torkoal\n|-crit|p1a: Torkoal\n|-damage|p1a: Torkoal|28\/100 par\n|move|p1a: Torkoal|Yawn|p2a: Okidogi\n|-start|p2a: Okidogi|move: Yawn|[of] p1a: Torkoal\n|\n|-weather|SunnyDay|[upkeep]\n|upkeep\n|turn|14\n|\n|t:|1700414382\n|move|p2a: Okidogi|Drain Punch|p1a: Torkoal\n|-damage|p1a: Torkoal|0 fnt\n|faint|p1a: Torkoal\n|\n|-weather|SunnyDay|[upkeep]\n|-end|p2a: Okidogi|move: Yawn|[silent]\n|-status|p2a: Okidogi|slp\n|upkeep\n|\n|t:|1700414390\n|switch|p1a: Great Tusk|Great Tusk|100\/100\n|-activate|p1a: Great Tusk|ability: Protosynthesis\n|-start|p1a: Great Tusk|protosynthesisatk\n|turn|15\n|\n|t:|1700414396\n|switch|p2a: Zapdos|Zapdos|20\/100\n|move|p1a: Great Tusk|Rapid Spin|p2a: Zapdos\n|-damage|p2a: Zapdos|0 fnt\n|-boost|p1a: Great Tusk|spe|1\n|faint|p2a: Zapdos\n|\n|-weather|SunnyDay|[upkeep]\n|upkeep\n|\n|t:|1700414408\n|switch|p2a: Gholdengo|Gholdengo|100\/100\n|-item|p2a: Gholdengo|Air Balloon\n|turn|16\n|\n|t:|1700414416\n|-terastallize|p2a: Gholdengo|Fairy\n|move|p1a: Great Tusk|Ice Spinner|p2a: Gholdengo\n|-damage|p2a: Gholdengo|55\/100\n|-enditem|p2a: Gholdengo|Air Balloon\n|move|p2a: Gholdengo|Flash Cannon|p1a: Great Tusk\n|-damage|p1a: Great Tusk|66\/100\n|\n|-weather|SunnyDay|[upkeep]\n|upkeep\n|turn|17\n|\n|t:|1700414436\n|move|p1a: Great Tusk|Headlong Rush|p2a: Gholdengo\n|-damage|p2a: Gholdengo|0 fnt\n|-unboost|p1a: Great Tusk|def|1\n|-unboost|p1a: Great Tusk|spd|1\n|faint|p2a: Gholdengo\n|\n|-weather|SunnyDay|[upkeep]\n|upkeep\n|\n|t:|1700414449\n|switch|p2a: Clodsire|Clodsire, F|100\/100\n|turn|18\n|\n|t:|1700414455\n|move|p1a: Great Tusk|Headlong Rush|p2a: Clodsire\n|-supereffective|p2a: Clodsire\n|-damage|p2a: Clodsire|0 fnt\n|-unboost|p1a: Great Tusk|def|1\n|-unboost|p1a: Great Tusk|spd|1\n|faint|p2a: Clodsire\n|\n|-weather|SunnyDay|[upkeep]\n|upkeep\n|\n|t:|1700414462\n|switch|p2a: Dragapult|Dragapult, F|48\/100\n|turn|19\n|\n|t:|1700414471\n|-terastallize|p1a: Great Tusk|Steel\n|move|p2a: Dragapult|Hex|p1a: Great Tusk\n|-damage|p1a: Great Tusk|0 fnt\n|faint|p1a: Great Tusk\n|-end|p1a: Great Tusk|Protosynthesis|[silent]\n|\n|-weather|none\n|upkeep\n|\n|t:|1700414480\n|switch|p1a: Meowscarada|Meowscarada, M|100\/100\n|turn|20\n|\n|t:|1700414491\n|switch|p2a: Okidogi|Okidogi, M|100\/100 slp\n|move|p1a: Meowscarada|Play Rough|p2a: Okidogi\n|-start|p1a: Meowscarada|typechange|Fairy|[from] ability: Protean\n|-damage|p2a: Okidogi|49\/100 slp\n|\n|-heal|p2a: Okidogi|55\/100 slp|[from] item: Leftovers\n|upkeep\n|turn|21\n|\n|t:|1700414501\n|move|p1a: Meowscarada|Play Rough|p2a: Okidogi\n|-damage|p2a: Okidogi|5\/100 slp\n|cant|p2a: Okidogi|slp\n|\n|-heal|p2a: Okidogi|11\/100 slp|[from] item: Leftovers\n|upkeep\n|turn|22\n|\n|t:|1700414510\n|move|p1a: Meowscarada|Play Rough|p2a: Okidogi\n|-damage|p2a: Okidogi|0 fnt\n|faint|p2a: Okidogi\n|\n|upkeep\n|\n|t:|1700414515\n|switch|p2a: Dragapult|Dragapult, F|48\/100\n|turn|23\n|\n|t:|1700414524\n|move|p2a: Dragapult|Hex|p1a: Meowscarada\n|-damage|p1a: Meowscarada|34\/100\n|move|p1a: Meowscarada|Play Rough|p2a: Dragapult\n|-supereffective|p2a: Dragapult\n|-damage|p2a: Dragapult|0 fnt\n|faint|p2a: Dragapult\n|\n|win|Gabry06\n|raw|Gabry06's rating: 1287 &rarr; <strong>1312<\/strong><br \/>(+25 for winning)\n|raw|thepisslizard's rating: 1288 &rarr; <strong>1263<\/strong><br \/>(-25 for losing)\n|c|\u2606thepisslizard|gg\n","uploadtime":1700414537,"views":9,"p1id":"gabry06","p2id":"thepisslizard","formatid":"gen9ou","rating":1263,"private":0,"password":""}