{"id":"gen9ou-1989056539","p1":"meal task deal see","p2":"CDfromtheP","format":"[Gen 9] OU","log":"|j|\u2606meal task deal see\n|j|\u2606CDfromtheP\n|t:|1699807351\n|gametype|singles\n|player|p1|meal task deal see|kieran-festival|1467\n|player|p2|CDfromtheP|blackbelt-gen2|1519\n|teamsize|p1|6\n|teamsize|p2|6\n|gen|9\n|tier|[Gen 9] OU\n|rated|\n|rule|Sleep Clause Mod: Limit one foe put to sleep\n|rule|Species Clause: Limit one of each Pok\u00e9mon\n|rule|OHKO Clause: OHKO moves are banned\n|rule|Evasion Items Clause: Evasion items are banned\n|rule|Evasion Moves Clause: Evasion moves are banned\n|rule|Endless Battle Clause: Forcing endless battles is banned\n|rule|HP Percentage Mod: HP is shown in percentages\n|clearpoke\n|poke|p1|Landorus-Therian, M|\n|poke|p1|Sinistcha|\n|poke|p1|Samurott-Hisui, M|\n|poke|p1|Cinderace, F|\n|poke|p1|Great Tusk|\n|poke|p1|Goodra-Hisui, F|\n|poke|p2|Iron Valiant|\n|poke|p2|Cinderace, M|\n|poke|p2|Kingambit, M|\n|poke|p2|Sneasler, M|\n|poke|p2|Great Tusk|\n|poke|p2|Rillaboom, M|\n|teampreview\n|inactive|Battle timer is ON: inactive players will automatically lose when time's up. (requested by CDfromtheP)\n|inactive|meal task deal see also wants the timer to be on.\n|j| jjiijhjjj\n|\n|t:|1699807365\n|start\n|switch|p1a: Landorus|Landorus-Therian, M|100\/100\n|switch|p2a: Cinderace|Cinderace, M|100\/100\n|-ability|p1a: Landorus|Intimidate|boost\n|-unboost|p2a: Cinderace|atk|1\n|turn|1\n|\n|t:|1699807372\n|move|p2a: Cinderace|U-turn|p1a: Landorus\n|-start|p2a: Cinderace|typechange|Bug|[from] ability: Libero\n|-resisted|p1a: Landorus\n|-damage|p1a: Landorus|93\/100\n|-damage|p2a: Cinderace|84\/100|[from] item: Rocky Helmet|[of] p1a: Landorus\n|\n|t:|1699807375\n|switch|p2a: Great Tusk|Great Tusk|100\/100|[from] U-turn\n|move|p1a: Landorus|U-turn|p2a: Great Tusk\n|-resisted|p2a: Great Tusk\n|-damage|p2a: Great Tusk|93\/100\n|\n|t:|1699807381\n|switch|p1a: Sinistcha|Sinistcha|100\/100|[from] U-turn\n|\n|upkeep\n|turn|2\n|\n|t:|1699807387\n|move|p2a: Great Tusk|Knock Off|p1a: Sinistcha\n|-supereffective|p1a: Sinistcha\n|-damage|p1a: Sinistcha|47\/100\n|-enditem|p1a: Sinistcha|Heavy-Duty Boots|[from] move: Knock Off|[of] p2a: Great Tusk\n|move|p1a: Sinistcha|Iron Defense|p1a: Sinistcha\n|-boost|p1a: Sinistcha|def|2\n|\n|upkeep\n|turn|3\n|\n|t:|1699807398\n|-end|p2a: Great Tusk|Protosynthesis|[silent]\n|switch|p2a: Rillaboom|Rillaboom, M|100\/100\n|-fieldstart|move: Grassy Terrain|[from] ability: Grassy Surge|[of] p2a: Rillaboom\n|move|p1a: Sinistcha|Strength Sap|p2a: Rillaboom\n|-unboost|p2a: Rillaboom|atk|1\n|-heal|p1a: Sinistcha|100\/100\n|\n|upkeep\n|turn|4\n|\n|t:|1699807403\n|move|p2a: Rillaboom|U-turn|p1a: Sinistcha\n|-damage|p1a: Sinistcha|90\/100\n|\n|t:|1699807411\n|switch|p2a: Sneasler|Sneasler, M|100\/100|[from] U-turn\n|-enditem|p2a: Sneasler|Grassy Seed\n|-boost|p2a: Sneasler|def|1|[from] item: Grassy Seed\n|move|p1a: Sinistcha|Calm Mind|p1a: Sinistcha\n|-boost|p1a: Sinistcha|spa|1\n|-boost|p1a: Sinistcha|spd|1\n|\n|-heal|p1a: Sinistcha|96\/100|[from] Grassy Terrain\n|upkeep\n|turn|5\n|l| jjiijhjjj\n|\n|t:|1699807416\n|-terastallize|p1a: Sinistcha|Poison\n|move|p2a: Sneasler|Dire Claw|p1a: Sinistcha\n|-resisted|p1a: Sinistcha\n|-damage|p1a: Sinistcha|87\/100\n|move|p1a: Sinistcha|Strength Sap|p2a: Sneasler\n|-unboost|p2a: Sneasler|atk|1\n|-heal|p1a: Sinistcha|100\/100\n|\n|upkeep\n|turn|6\n|\n|t:|1699807424\n|move|p2a: Sneasler|Dire Claw|p1a: Sinistcha\n|-resisted|p1a: Sinistcha\n|-damage|p1a: Sinistcha|95\/100\n|move|p1a: Sinistcha|Calm Mind|p1a: Sinistcha\n|-boost|p1a: Sinistcha|spa|1\n|-boost|p1a: Sinistcha|spd|1\n|\n|-heal|p1a: Sinistcha|100\/100|[from] Grassy Terrain\n|upkeep\n|turn|7\n|\n|t:|1699807430\n|move|p2a: Sneasler|Dire Claw|p1a: Sinistcha\n|-resisted|p1a: Sinistcha\n|-damage|p1a: Sinistcha|95\/100\n|move|p1a: Sinistcha|Matcha Gotcha|p2a: Sneasler\n|-resisted|p2a: Sneasler\n|-crit|p2a: Sneasler\n|-damage|p2a: Sneasler|18\/100\n|-heal|p1a: Sinistcha|100\/100|[from] drain|[of] p2a: Sneasler\n|\n|-heal|p2a: Sneasler|25\/100|[from] Grassy Terrain\n|-fieldend|move: Grassy Terrain\n|upkeep\n|turn|8\n|\n|t:|1699807433\n|move|p2a: Sneasler|Dire Claw|p1a: Sinistcha\n|-resisted|p1a: Sinistcha\n|-damage|p1a: Sinistcha|95\/100\n|move|p1a: Sinistcha|Matcha Gotcha|p2a: Sneasler\n|-resisted|p2a: Sneasler\n|-crit|p2a: Sneasler\n|-damage|p2a: Sneasler|0 fnt\n|-heal|p1a: Sinistcha|100\/100|[from] drain|[of] p2a: Sneasler\n|faint|p2a: Sneasler\n|\n|upkeep\n|\n|t:|1699807437\n|switch|p2a: Iron Valiant|Iron Valiant|100\/100\n|turn|9\n|\n|t:|1699807445\n|move|p2a: Iron Valiant|Trick|p1a: Sinistcha\n|-activate|p2a: Iron Valiant|move: Trick|[of] p1a: Sinistcha\n|-item|p1a: Sinistcha|Choice Specs|[from] move: Trick\n|-enditem|p2a: Iron Valiant|Choice Specs|[silent]|[from] move: Trick\n|move|p1a: Sinistcha|Matcha Gotcha|p2a: Iron Valiant|[miss]\n|-miss|p1a: Sinistcha|p2a: Iron Valiant\n|\n|upkeep\n|turn|10\n|\n|t:|1699807451\n|-end|p2a: Iron Valiant|Quark Drive|[silent]\n|switch|p2a: Cinderace|Cinderace, M|84\/100\n|move|p1a: Sinistcha|Matcha Gotcha|p2a: Cinderace\n|-resisted|p2a: Cinderace\n|-damage|p2a: Cinderace|14\/100\n|\n|upkeep\n|turn|11\n|\n|t:|1699807454\n|move|p2a: Cinderace|Pyro Ball|p1a: Sinistcha\n|-damage|p1a: Sinistcha|90\/100\n|move|p1a: Sinistcha|Matcha Gotcha|p2a: Cinderace\n|-resisted|p2a: Cinderace\n|-damage|p2a: Cinderace|0 fnt\n|-heal|p1a: Sinistcha|96\/100|[from] drain|[of] p2a: Cinderace\n|faint|p2a: Cinderace\n|\n|upkeep\n|\n|t:|1699807458\n|switch|p2a: Great Tusk|Great Tusk|93\/100\n|turn|12\n|\n|t:|1699807460\n|move|p2a: Great Tusk|Headlong Rush|p1a: Sinistcha\n|-supereffective|p1a: Sinistcha\n|-damage|p1a: Sinistcha|47\/100\n|-unboost|p2a: Great Tusk|def|1\n|-unboost|p2a: Great Tusk|spd|1\n|move|p1a: Sinistcha|Matcha Gotcha|p2a: Great Tusk\n|-supereffective|p2a: Great Tusk\n|-damage|p2a: Great Tusk|0 fnt\n|-heal|p1a: Sinistcha|96\/100|[from] drain|[of] p2a: Great Tusk\n|faint|p2a: Great Tusk\n|-end|p2a: Great Tusk|Protosynthesis|[silent]\n|\n|upkeep\n|-message|CDfromtheP forfeited.\n|\n|win|meal task deal see\n|raw|meal task deal see's rating: 1467 &rarr; <strong>1490<\/strong><br \/>(+23 for winning)\n|raw|CDfromtheP's rating: 1519 &rarr; <strong>1496<\/strong><br \/>(-23 for losing)\n|l|\u2606CDfromtheP\n","uploadtime":1699807532,"views":9,"p1id":"mealtaskdealsee","p2id":"cdfromthep","formatid":"gen9ou","rating":1490,"private":0,"password":""}