{"id":"gen9ou-1994137872","p1":"Prietar","p2":"mariodepor","format":"[Gen 9] OU","log":"|j|\u2606Prietar\n|j|\u2606mariodepor\n|t:|1700411340\n|gametype|singles\n|player|p1|Prietar|schoolkidf|\n|player|p2|mariodepor|harlequin|\n|teamsize|p1|6\n|teamsize|p2|6\n|gen|9\n|tier|[Gen 9] OU\n|rule|Sleep Clause Mod: Limit one foe put to sleep\n|rule|Species Clause: Limit one of each Pok\u00e9mon\n|rule|OHKO Clause: OHKO moves are banned\n|rule|Evasion Items Clause: Evasion items are banned\n|rule|Evasion Moves Clause: Evasion moves are banned\n|rule|Endless Battle Clause: Forcing endless battles is banned\n|rule|HP Percentage Mod: HP is shown in percentages\n|clearpoke\n|poke|p1|Dragonite, F|\n|poke|p1|Kommo-o, M|\n|poke|p1|Garchomp, F|\n|poke|p1|Regidrago|\n|poke|p1|Cinderace, F|\n|poke|p1|Zapdos|\n|poke|p2|Amoonguss, M|\n|poke|p2|Gholdengo|\n|poke|p2|Zamazenta-*|\n|poke|p2|Ting-Lu|\n|poke|p2|Zapdos|\n|poke|p2|Slowking, M|\n|teampreview\n|c|\u2606mariodepor|Suerte\n|c|\u2606Prietar|igualmente\n|c|\u2606mariodepor|Hostia vaya enfermo se ha hecho un equipo drag\u00f3n\n|\n|t:|1700411387\n|start\n|switch|p1a: Zapdos|Zapdos|100\/100\n|switch|p2a: Ting-Lu|Ting-Lu|100\/100\n|-ability|p2a: Ting-Lu|Vessel of Ruin\n|turn|1\n|\n|t:|1700411406\n|move|p1a: Zapdos|Hurricane|p2a: Ting-Lu|[miss]\n|-miss|p1a: Zapdos|p2a: Ting-Lu\n|move|p2a: Ting-Lu|Stealth Rock|p1a: Zapdos\n|-sidestart|p1: Prietar|move: Stealth Rock\n|\n|upkeep\n|turn|2\n|\n|t:|1700411416\n|move|p1a: Zapdos|Hurricane|p2a: Ting-Lu|[miss]\n|-miss|p1a: Zapdos|p2a: Ting-Lu\n|move|p2a: Ting-Lu|Ruination|p1a: Zapdos\n|-damage|p1a: Zapdos|50\/100\n|\n|upkeep\n|turn|3\n|\n|t:|1700411422\n|move|p1a: Zapdos|Roost|p1a: Zapdos\n|-heal|p1a: Zapdos|100\/100\n|-singleturn|p1a: Zapdos|move: Roost\n|move|p2a: Ting-Lu|Whirlwind|p1a: Zapdos\n|drag|p1a: Cinderace|Cinderace, F|100\/100\n|\n|upkeep\n|turn|4\n|\n|t:|1700411431\n|move|p1a: Cinderace|Court Change|p1a: Cinderace\n|-start|p1a: Cinderace|typechange|Normal|[from] ability: Libero\n|-swapsideconditions\n|-activate|p1a: Cinderace|move: Court Change\n|move|p2a: Ting-Lu|Earthquake|p1a: Cinderace\n|-damage|p1a: Cinderace|46\/100\n|\n|upkeep\n|turn|5\n|\n|t:|1700411440\n|move|p1a: Cinderace|Will-O-Wisp|p2a: Ting-Lu\n|-status|p2a: Ting-Lu|brn\n|move|p2a: Ting-Lu|Stealth Rock|p1a: Cinderace\n|-sidestart|p1: Prietar|move: Stealth Rock\n|\n|-damage|p2a: Ting-Lu|94\/100 brn|[from] brn\n|upkeep\n|turn|6\n|\n|t:|1700411461\n|move|p1a: Cinderace|U-turn|p2a: Ting-Lu\n|-supereffective|p2a: Ting-Lu\n|-damage|p2a: Ting-Lu|69\/100 brn\n|\n|t:|1700411472\n|switch|p1a: Zapdos|Zapdos|100\/100|[from] U-turn\n|move|p2a: Ting-Lu|Earthquake|p1a: Zapdos\n|-immune|p1a: Zapdos\n|\n|-damage|p2a: Ting-Lu|63\/100 brn|[from] brn\n|upkeep\n|turn|7\n|\n|t:|1700411491\n|move|p1a: Zapdos|Hurricane|p2a: Ting-Lu|[miss]\n|-miss|p1a: Zapdos|p2a: Ting-Lu\n|move|p2a: Ting-Lu|Ruination|p1a: Zapdos\n|-damage|p1a: Zapdos|50\/100\n|\n|-damage|p2a: Ting-Lu|57\/100 brn|[from] brn\n|upkeep\n|turn|8\n|c|\u2606mariodepor|Deja el hurricane prieto\n|\n|t:|1700411513\n|switch|p2a: Gholdengo|Gholdengo|100\/100\n|-damage|p2a: Gholdengo|94\/100|[from] Stealth Rock\n|move|p1a: Zapdos|Roost|p1a: Zapdos\n|-heal|p1a: Zapdos|100\/100\n|-singleturn|p1a: Zapdos|move: Roost\n|\n|upkeep\n|turn|9\n|c|\u2606Prietar|xd\n|\n|t:|1700411533\n|move|p1a: Zapdos|Volt Switch|p2a: Gholdengo\n|-damage|p2a: Gholdengo|51\/100\n|\n|t:|1700411542\n|switch|p1a: Cinderace|Cinderace, F|46\/100|[from] Volt Switch\n|move|p2a: Gholdengo|Shadow Ball|p1a: Cinderace\n|-damage|p1a: Cinderace|0 fnt\n|faint|p1a: Cinderace\n|\n|upkeep\n|\n|t:|1700411556\n|switch|p1a: Garchomp|Garchomp, F|100\/100\n|-damage|p1a: Garchomp|94\/100|[from] Stealth Rock\n|turn|10\n|\n|t:|1700411576\n|switch|p2a: Amoonguss|Amoonguss, M|100\/100\n|move|p1a: Garchomp|Crunch|p2a: Amoonguss\n|-damage|p2a: Amoonguss|78\/100\n|\n|upkeep\n|turn|11\n|\n|t:|1700411589\n|switch|p1a: Zapdos|Zapdos|100\/100\n|move|p2a: Amoonguss|Spore|p1a: Zapdos\n|-status|p1a: Zapdos|slp|[from] move: Spore\n|\n|upkeep\n|turn|12\n|\n|t:|1700411605\n|switch|p1a: Kommo-o|Kommo-o, M|100\/100\n|-damage|p1a: Kommo-o|94\/100|[from] Stealth Rock\n|move|p2a: Amoonguss|Sludge Bomb|p1a: Kommo-o\n|-immune|p1a: Kommo-o|[from] ability: Bulletproof\n|\n|upkeep\n|turn|13\n|\n|t:|1700411618\n|move|p1a: Kommo-o|Clangorous Soul|p1a: Kommo-o\n|-boost|p1a: Kommo-o|atk|1\n|-boost|p1a: Kommo-o|def|1\n|-boost|p1a: Kommo-o|spa|1\n|-boost|p1a: Kommo-o|spd|1\n|-boost|p1a: Kommo-o|spe|1\n|-damage|p1a: Kommo-o|61\/100\n|-enditem|p1a: Kommo-o|Throat Spray\n|-boost|p1a: Kommo-o|spa|1|[from] item: Throat Spray\n|move|p2a: Amoonguss|Spore|p1a: Kommo-o\n|-message|Sleep Clause Mod activated.\n|-hint|Sleep Clause Mod prevents players from putting more than one of their opponent's Pok\u00e9mon to sleep at a time\n|\n|upkeep\n|turn|14\n|c|\u2606mariodepor|Fuck la sleep clause\n|c|\u2606mariodepor|demasiado vgc\n|c|\u2606Prietar|jajajaja\n|c|\u2606Prietar|problemas de jugar varios modos a la vez\n|c|\u2606mariodepor|Ya\n|\n|t:|1700411698\n|switch|p2a: Ting-Lu|Ting-Lu|57\/100 brn\n|-ability|p2a: Ting-Lu|Vessel of Ruin\n|move|p1a: Kommo-o|Boomburst|p2a: Ting-Lu\n|-damage|p2a: Ting-Lu|23\/100 brn\n|\n|-damage|p2a: Ting-Lu|17\/100 brn|[from] brn\n|upkeep\n|turn|15\n|\n|t:|1700411712\n|move|p1a: Kommo-o|Boomburst|p2a: Ting-Lu\n|-damage|p2a: Ting-Lu|0 fnt\n|faint|p2a: Ting-Lu\n|\n|upkeep\n|\n|t:|1700411722\n|switch|p2a: Slowking|Slowking, M|100\/100\n|turn|16\n|\n|t:|1700411727\n|move|p1a: Kommo-o|Boomburst|p2a: Slowking\n|-damage|p2a: Slowking|53\/100\n|move|p2a: Slowking|Future Sight|p1a: Kommo-o\n|-start|p2a: Slowking|move: Future Sight\n|\n|upkeep\n|turn|17\n|\n|t:|1700411735\n|move|p1a: Kommo-o|Boomburst|p2a: Slowking\n|-damage|p2a: Slowking|9\/100\n|move|p2a: Slowking|Chilly Reception|p2a: Slowking\n|-weather|Snow\n|\n|t:|1700411753\n|switch|p2a: Amoonguss|Amoonguss, M|100\/100|[from] Chilly Reception\n|\n|-weather|Snow|[upkeep]\n|upkeep\n|turn|18\n|\n|t:|1700411759\n|move|p1a: Kommo-o|Flamethrower|p2a: Amoonguss\n|-supereffective|p2a: Amoonguss\n|-damage|p2a: Amoonguss|3\/100\n|move|p2a: Amoonguss|Giga Drain|p1a: Kommo-o\n|-resisted|p1a: Kommo-o\n|-damage|p1a: Kommo-o|53\/100\n|-heal|p2a: Amoonguss|6\/100|[from] drain|[of] p1a: Kommo-o\n|\n|-weather|Snow|[upkeep]\n|-end|p1a: Kommo-o|move: Future Sight\n|-supereffective|p1a: Kommo-o\n|-damage|p1a: Kommo-o|0 fnt\n|faint|p1a: Kommo-o\n|upkeep\n|\n|t:|1700411802\n|switch|p1a: Garchomp|Garchomp, F|94\/100\n|-damage|p1a: Garchomp|88\/100|[from] Stealth Rock\n|turn|19\n|\n|t:|1700411811\n|move|p1a: Garchomp|Swords Dance|p1a: Garchomp\n|-boost|p1a: Garchomp|atk|2\n|move|p2a: Amoonguss|Worry Seed|p1a: Garchomp\n|-endability|p1a: Garchomp|Rough Skin|[from] move: Worry Seed\n|-ability|p1a: Garchomp|Insomnia|[from] move: Worry Seed\n|\n|-weather|Snow|[upkeep]\n|upkeep\n|turn|20\n|\n|t:|1700411821\n|move|p1a: Garchomp|Earthquake|p2a: Amoonguss\n|-damage|p2a: Amoonguss|0 fnt\n|faint|p2a: Amoonguss\n|\n|-weather|Snow|[upkeep]\n|upkeep\n|\n|t:|1700411828\n|switch|p2a: Zapdos|Zapdos|100\/100\n|turn|21\n|\n|t:|1700411831\n|move|p1a: Garchomp|Scale Shot|p2a: Zapdos\n|-damage|p2a: Zapdos|69\/100\n|-damage|p2a: Zapdos|40\/100\n|-damage|p2a: Zapdos|7\/100\n|-damage|p2a: Zapdos|0 fnt\n|faint|p2a: Zapdos\n|-hitcount|p2: Zapdos|4\n|-unboost|p1a: Garchomp|def|1\n|-boost|p1a: Garchomp|spe|1\n|\n|-weather|none\n|upkeep\n|\n|t:|1700411846\n|switch|p2a: Zamazenta|Zamazenta|100\/100\n|-damage|p2a: Zamazenta|95\/100|[from] Stealth Rock\n|-ability|p2a: Zamazenta|Dauntless Shield|boost\n|-boost|p2a: Zamazenta|def|1\n|turn|22\n|\n|t:|1700411858\n|move|p1a: Garchomp|Scale Shot|p2a: Zamazenta\n|-damage|p2a: Zamazenta|78\/100\n|-damage|p2a: Zamazenta|62\/100\n|-damage|p2a: Zamazenta|47\/100\n|-damage|p2a: Zamazenta|32\/100\n|-hitcount|p2a: Zamazenta|4\n|-unboost|p1a: Garchomp|def|1\n|-boost|p1a: Garchomp|spe|1\n|move|p2a: Zamazenta|Body Press|p1a: Garchomp\n|-damage|p1a: Garchomp|0 fnt\n|faint|p1a: Garchomp\n|\n|-heal|p2a: Zamazenta|38\/100|[from] item: Leftovers\n|upkeep\n|\n|t:|1700411876\n|switch|p1a: Dragonite|Dragonite, F|100\/100\n|turn|23\n|\n|t:|1700411911\n|-terastallize|p2a: Zamazenta|Steel\n|move|p2a: Zamazenta|Stone Edge|p1a: Dragonite|[miss]\n|-miss|p2a: Zamazenta|p1a: Dragonite\n|move|p1a: Dragonite|Dragon Dance|p1a: Dragonite\n|-boost|p1a: Dragonite|atk|1\n|-boost|p1a: Dragonite|spe|1\n|\n|-heal|p2a: Zamazenta|44\/100|[from] item: Leftovers\n|upkeep\n|turn|24\n|\n|t:|1700411921\n|move|p1a: Dragonite|Earthquake|p2a: Zamazenta\n|-supereffective|p2a: Zamazenta\n|-crit|p2a: Zamazenta\n|-damage|p2a: Zamazenta|0 fnt\n|faint|p2a: Zamazenta\n|\n|upkeep\n|\n|t:|1700411930\n|switch|p2a: Slowking|Slowking, M|43\/100\n|turn|25\n|\n|t:|1700411955\n|-terastallize|p1a: Dragonite|Normal\n|move|p1a: Dragonite|Extreme Speed|p2a: Slowking\n|-damage|p2a: Slowking|0 fnt\n|faint|p2a: Slowking\n|\n|upkeep\n|\n|t:|1700411960\n|switch|p2a: Gholdengo|Gholdengo|51\/100\n|-damage|p2a: Gholdengo|45\/100|[from] Stealth Rock\n|turn|26\n|\n|t:|1700411967\n|move|p1a: Dragonite|Earthquake|p2a: Gholdengo\n|-supereffective|p2a: Gholdengo\n|-damage|p2a: Gholdengo|0 fnt\n|faint|p2a: Gholdengo\n|\n|win|Prietar\n|c|\u2606Prietar|ggs\n|c|\u2606mariodepor|Gg\n|c|\u2606mariodepor|Pasalo tu\n|c|\u2606Prietar|lo paso\n|l|\u2606mariodepor\n","uploadtime":1700411981,"views":28,"p1id":"prietar","p2id":"mariodepor","formatid":"gen9ou","rating":0,"private":0,"password":""}