{"id":"gen9ou-1999566491","p1":"YJTYGV","p2":"Dogattacks","format":"[Gen 9] OU","log":"|j|\u2606YJTYGV\n|j|\u2606Dogattacks\n|t:|1701096812\n|gametype|singles\n|player|p1|YJTYGV|bugcatcher-gen4dp|1261\n|player|p2|Dogattacks|koga|1184\n|teamsize|p1|6\n|teamsize|p2|6\n|gen|9\n|tier|[Gen 9] OU\n|rated|\n|rule|Sleep Clause Mod: Limit one foe put to sleep\n|rule|Species Clause: Limit one of each Pok\u00e9mon\n|rule|OHKO Clause: OHKO moves are banned\n|rule|Evasion Items Clause: Evasion items are banned\n|rule|Evasion Moves Clause: Evasion moves are banned\n|rule|Endless Battle Clause: Forcing endless battles is banned\n|rule|HP Percentage Mod: HP is shown in percentages\n|clearpoke\n|poke|p1|Zapdos|\n|poke|p1|Clefable, M|\n|poke|p1|Manaphy|\n|poke|p1|Great Tusk|\n|poke|p1|Kingambit, M|\n|poke|p1|Heatran, F|\n|poke|p2|Greninja-*, M|\n|poke|p2|Iron Hands|\n|poke|p2|Arcanine-Hisui, F|\n|poke|p2|Landorus-Therian, M|\n|poke|p2|Slowking-Galar, M|\n|poke|p2|Corviknight, F|\n|teampreview\n|\n|t:|1701096822\n|start\n|switch|p1a: Reuniclues 2.0|Clefable, M|100\/100\n|switch|p2a: BondBail|Greninja, M|100\/100\n|turn|1\n|\n|t:|1701096827\n|move|p2a: BondBail|U-turn|p1a: Reuniclues 2.0\n|-resisted|p1a: Reuniclues 2.0\n|-damage|p1a: Reuniclues 2.0|92\/100\n|\n|t:|1701096832\n|switch|p2a: GoodBoi|Arcanine-Hisui, F|100\/100|[from] U-turn\n|move|p1a: Reuniclues 2.0|Moonblast|p2a: GoodBoi\n|-resisted|p2a: GoodBoi\n|-damage|p2a: GoodBoi|64\/100\n|\n|upkeep\n|turn|2\n|\n|t:|1701096841\n|switch|p1a: The Heater Ran|Heatran, F, shiny|100\/100\n|move|p2a: GoodBoi|Head Smash|p1a: The Heater Ran\n|-damage|p1a: The Heater Ran|13\/100\n|\n|upkeep\n|turn|3\n|\n|t:|1701096851\n|switch|p1a: Great Tusk|Great Tusk|100\/100\n|move|p2a: GoodBoi|Head Smash|p1a: Great Tusk|[miss]\n|-miss|p2a: GoodBoi|p1a: Great Tusk\n|\n|upkeep\n|turn|4\n|\n|t:|1701096858\n|switch|p2a: BigBird|Corviknight, F|100\/100\n|-ability|p2a: BigBird|Pressure\n|move|p1a: Great Tusk|Rapid Spin|p2a: BigBird\n|-resisted|p2a: BigBird\n|-damage|p2a: BigBird|94\/100\n|-boost|p1a: Great Tusk|spe|1\n|-damage|p1a: Great Tusk|84\/100|[from] item: Rocky Helmet|[of] p2a: BigBird\n|\n|-heal|p1a: Great Tusk|90\/100|[from] item: Leftovers\n|upkeep\n|turn|5\n|\n|t:|1701096869\n|-end|p1a: Great Tusk|Protosynthesis|[silent]\n|switch|p1a: Stupid Birb|Zapdos|100\/100\n|move|p2a: BigBird|Body Press|p1a: Stupid Birb\n|-resisted|p1a: Stupid Birb\n|-damage|p1a: Stupid Birb|84\/100\n|\n|upkeep\n|turn|6\n|c|\u2606YJTYGV|Meet Stupid Birb\n|\n|t:|1701096888\n|switch|p2a: ToxicStall|Slowking-Galar, M|100\/100\n|move|p1a: Stupid Birb|Tera Blast|p2a: ToxicStall\n|-damage|p2a: ToxicStall|83\/100\n|\n|upkeep\n|turn|7\n|\n|t:|1701096897\n|move|p1a: Stupid Birb|Volt Switch|p2a: ToxicStall\n|-damage|p2a: ToxicStall|60\/100\n|\n|t:|1701096901\n|switch|p1a: The Heater Ran|Heatran, F, shiny|13\/100|[from] Volt Switch\n|move|p2a: ToxicStall|Chilly Reception|p2a: ToxicStall\n|-weather|Snow\n|\n|t:|1701096908\n|switch|p2a: BondBail|Greninja, M|100\/100|[from] Chilly Reception\n|\n|-weather|Snow|[upkeep]\n|upkeep\n|turn|8\n|\n|t:|1701096915\n|switch|p1a: Reuniclues 2.0|Clefable, M|92\/100\n|move|p2a: BondBail|Dark Pulse|p1a: Reuniclues 2.0\n|-resisted|p1a: Reuniclues 2.0\n|-crit|p1a: Reuniclues 2.0\n|-damage|p1a: Reuniclues 2.0|66\/100\n|\n|-weather|Snow|[upkeep]\n|upkeep\n|turn|9\n|\n|t:|1701096923\n|switch|p2a: BigBird|Corviknight, F|94\/100\n|-ability|p2a: BigBird|Pressure\n|move|p1a: Reuniclues 2.0|Moonblast|p2a: BigBird\n|-resisted|p2a: BigBird\n|-damage|p2a: BigBird|69\/100\n|\n|-weather|Snow|[upkeep]\n|upkeep\n|turn|10\n|\n|t:|1701096930\n|move|p2a: BigBird|Roost|p2a: BigBird\n|-heal|p2a: BigBird|100\/100\n|-singleturn|p2a: BigBird|move: Roost\n|move|p1a: Reuniclues 2.0|Flamethrower|p2a: BigBird\n|-supereffective|p2a: BigBird\n|-damage|p2a: BigBird|36\/100\n|\n|-weather|Snow|[upkeep]\n|upkeep\n|turn|11\n|\n|t:|1701096944\n|switch|p2a: ToxicStall|Slowking-Galar, M|94\/100\n|move|p1a: Reuniclues 2.0|Moonlight|p1a: Reuniclues 2.0\n|-heal|p1a: Reuniclues 2.0|91\/100\n|\n|-weather|none\n|upkeep\n|turn|12\n|inactive|Battle timer is ON: inactive players will automatically lose when time's up. (requested by Dogattacks)\n|\n|t:|1701096970\n|switch|p1a: The Heater Ran|Heatran, F, shiny|13\/100\n|move|p2a: ToxicStall|Future Sight|p1a: The Heater Ran\n|-start|p2a: ToxicStall|move: Future Sight\n|\n|upkeep\n|turn|13\n|\n|t:|1701096987\n|move|p1a: The Heater Ran|Earth Power|p2a: ToxicStall\n|-supereffective|p2a: ToxicStall\n|-crit|p2a: ToxicStall\n|-damage|p2a: ToxicStall|34\/100\n|move|p2a: ToxicStall|Chilly Reception|p2a: ToxicStall\n|-weather|Snow\n|\n|t:|1701096991\n|switch|p2a: BigBird|Corviknight, F|36\/100|[from] Chilly Reception\n|-ability|p2a: BigBird|Pressure\n|\n|-weather|Snow|[upkeep]\n|upkeep\n|turn|14\n|\n|t:|1701097000\n|move|p1a: The Heater Ran|Flamethrower|p2a: BigBird\n|-supereffective|p2a: BigBird\n|-damage|p2a: BigBird|0 fnt\n|faint|p2a: BigBird\n|\n|-weather|Snow|[upkeep]\n|-end|p1a: The Heater Ran|move: Future Sight\n|-resisted|p1a: The Heater Ran\n|-damage|p1a: The Heater Ran|1\/100\n|upkeep\n|\n|t:|1701097009\n|switch|p2a: BondBail|Greninja, M|100\/100\n|turn|15\n|\n|t:|1701097013\n|switch|p1a: Reuniclues 2.0|Clefable, M|91\/100\n|move|p2a: BondBail|U-turn|p1a: Reuniclues 2.0\n|-resisted|p1a: Reuniclues 2.0\n|-damage|p1a: Reuniclues 2.0|84\/100\n|\n|t:|1701097023\n|switch|p2a: GoodBoi|Arcanine-Hisui, F|64\/100|[from] U-turn\n|\n|-weather|Snow|[upkeep]\n|upkeep\n|turn|16\n|c|\u2606YJTYGV|The HEATER IS ALIVE\n|\n|t:|1701097030\n|switch|p1a: Great Tusk|Great Tusk|90\/100\n|move|p2a: GoodBoi|Flare Blitz|p1a: Great Tusk\n|-damage|p1a: Great Tusk|37\/100\n|\n|-weather|Snow|[upkeep]\n|-heal|p1a: Great Tusk|43\/100|[from] item: Leftovers\n|upkeep\n|turn|17\n|\n|t:|1701097038\n|switch|p2a: OldSkoo|Landorus-Therian, M|100\/100\n|-ability|p2a: OldSkoo|Intimidate|boost\n|-unboost|p1a: Great Tusk|atk|1\n|move|p1a: Great Tusk|Rapid Spin|p2a: OldSkoo\n|-damage|p2a: OldSkoo|91\/100\n|-boost|p1a: Great Tusk|spe|1\n|\n|-weather|none\n|-heal|p1a: Great Tusk|49\/100|[from] item: Leftovers\n|-heal|p2a: OldSkoo|97\/100|[from] item: Leftovers\n|upkeep\n|turn|18\n|\n|t:|1701097048\n|move|p1a: Great Tusk|Rapid Spin|p2a: OldSkoo\n|-damage|p2a: OldSkoo|87\/100\n|-boost|p1a: Great Tusk|spe|1\n|move|p2a: OldSkoo|Grass Knot|p1a: Great Tusk\n|-supereffective|p1a: Great Tusk\n|-damage|p1a: Great Tusk|0 fnt\n|faint|p1a: Great Tusk\n|-end|p1a: Great Tusk|Protosynthesis|[silent]\n|\n|-heal|p2a: OldSkoo|93\/100|[from] item: Leftovers\n|upkeep\n|\n|t:|1701097058\n|switch|p1a: Manaphy|Manaphy, shiny|100\/100\n|turn|19\n|\n|t:|1701097077\n|move|p1a: Manaphy|Surf|p2a: OldSkoo\n|-supereffective|p2a: OldSkoo\n|-damage|p2a: OldSkoo|8\/100\n|move|p2a: OldSkoo|U-turn|p1a: Manaphy\n|-damage|p1a: Manaphy|79\/100\n|\n|t:|1701097080\n|switch|p2a: CatchThese|Iron Hands|100\/100|[from] U-turn\n|\n|-heal|p1a: Manaphy|85\/100|[from] item: Leftovers\n|upkeep\n|turn|20\n|\n|t:|1701097104\n|switch|p1a: Stupid Birb|Zapdos|84\/100\n|move|p2a: CatchThese|Fake Out|p1a: Stupid Birb\n|-damage|p1a: Stupid Birb|66\/100\n|\n|upkeep\n|turn|21\n|\n|t:|1701097112\n|move|p1a: Stupid Birb|Roost|p1a: Stupid Birb\n|-heal|p1a: Stupid Birb|100\/100\n|-singleturn|p1a: Stupid Birb|move: Roost\n|move|p2a: CatchThese|Ice Punch|p1a: Stupid Birb\n|-damage|p1a: Stupid Birb|65\/100\n|\n|upkeep\n|turn|22\n|\n|t:|1701097120\n|move|p1a: Stupid Birb|Volt Switch|p2a: CatchThese\n|-resisted|p2a: CatchThese\n|-damage|p2a: CatchThese|88\/100\n|\n|t:|1701097124\n|switch|p1a: Reuniclues 2.0|Clefable, M|84\/100|[from] Volt Switch\n|move|p2a: CatchThese|Close Combat|p1a: Reuniclues 2.0\n|-resisted|p1a: Reuniclues 2.0\n|-damage|p1a: Reuniclues 2.0|44\/100\n|-unboost|p2a: CatchThese|def|1\n|-unboost|p2a: CatchThese|spd|1\n|\n|upkeep\n|turn|23\n|\n|t:|1701097132\n|move|p2a: CatchThese|Wild Charge|p1a: Reuniclues 2.0\n|-crit|p1a: Reuniclues 2.0\n|-damage|p1a: Reuniclues 2.0|0 fnt\n|faint|p1a: Reuniclues 2.0\n|-damage|p2a: CatchThese|79\/100|[from] Recoil\n|\n|upkeep\n|\n|t:|1701097145\n|switch|p1a: Stupid Birb|Zapdos|65\/100\n|turn|24\n|\n|t:|1701097149\n|move|p1a: Stupid Birb|Tera Blast|p2a: CatchThese\n|-damage|p2a: CatchThese|50\/100\n|move|p2a: CatchThese|Ice Punch|p1a: Stupid Birb\n|-supereffective|p1a: Stupid Birb\n|-damage|p1a: Stupid Birb|0 fnt\n|faint|p1a: Stupid Birb\n|\n|upkeep\n|\n|t:|1701097157\n|switch|p1a: Manaphy|Manaphy, shiny|85\/100\n|turn|25\n|\n|t:|1701097163\n|move|p1a: Manaphy|Surf|p2a: CatchThese\n|-damage|p2a: CatchThese|10\/100\n|move|p2a: CatchThese|Close Combat|p1a: Manaphy\n|-damage|p1a: Manaphy|7\/100\n|-unboost|p2a: CatchThese|def|1\n|-unboost|p2a: CatchThese|spd|1\n|\n|-heal|p1a: Manaphy|13\/100|[from] item: Leftovers\n|upkeep\n|turn|26\n|\n|t:|1701097171\n|-end|p2a: CatchThese|Quark Drive|[silent]\n|switch|p2a: OldSkoo|Landorus-Therian, M|8\/100\n|-ability|p2a: OldSkoo|Intimidate|boost\n|-unboost|p1a: Manaphy|atk|1\n|move|p1a: Manaphy|Ice Beam|p2a: OldSkoo\n|-supereffective|p2a: OldSkoo\n|-damage|p2a: OldSkoo|0 fnt\n|faint|p2a: OldSkoo\n|\n|-heal|p1a: Manaphy|19\/100|[from] item: Leftovers\n|upkeep\n|\n|t:|1701097173\n|switch|p2a: CatchThese|Iron Hands|10\/100\n|turn|27\n|\n|t:|1701097177\n|-terastallize|p1a: Manaphy|Ghost\n|move|p2a: CatchThese|Fake Out|p1a: Manaphy\n|-immune|p1a: Manaphy\n|move|p1a: Manaphy|Surf|p2a: CatchThese\n|-damage|p2a: CatchThese|0 fnt\n|faint|p2a: CatchThese\n|-end|p2a: CatchThese|Quark Drive|[silent]\n|\n|-heal|p1a: Manaphy|25\/100|[from] item: Leftovers\n|upkeep\n|\n|t:|1701097191\n|switch|p2a: BondBail|Greninja, M|100\/100\n|turn|28\n|\n|t:|1701097198\n|switch|p1a: 3RD TIME|Kingambit, M|100\/100\n|-activate|p1a: 3RD TIME|ability: Supreme Overlord\n|-start|p1a: 3RD TIME|fallen3|[silent]\n|move|p2a: BondBail|Hydro Pump|p1a: 3RD TIME\n|-damage|p1a: 3RD TIME|46\/100\n|\n|-heal|p1a: 3RD TIME|52\/100|[from] item: Leftovers\n|upkeep\n|turn|29\n|\n|t:|1701097207\n|-terastallize|p2a: BondBail|Water\n|move|p2a: BondBail|Hydro Pump|p1a: 3RD TIME\n|-damage|p1a: 3RD TIME|0 fnt\n|faint|p1a: 3RD TIME\n|-end|p1a: 3RD TIME|fallen3|[silent]\n|-ability|p2a: BondBail|Battle Bond|boost\n|-boost|p2a: BondBail|atk|1\n|-boost|p2a: BondBail|spa|1\n|-boost|p2a: BondBail|spe|1\n|-activate|p2a: BondBail|ability: Battle Bond\n|\n|upkeep\n|-message|YJTYGV forfeited.\n|\n|win|Dogattacks\n|raw|YJTYGV's rating: 1261 &rarr; <strong>1231<\/strong><br \/>(-30 for losing)\n|raw|Dogattacks's rating: 1184 &rarr; <strong>1214<\/strong><br \/>(+30 for winning)\n|l|\u2606YJTYGV\n","uploadtime":1701097215,"views":2,"p1id":"yjtygv","p2id":"dogattacks","formatid":"gen9ou","rating":1214,"private":0,"password":""}