{"id":"gen9ou-1993680738","p1":"InnaMaranhaoStyle","p2":"Mahendra501","format":"[Gen 9] OU","log":"|j|\u2606InnaMaranhaoStyle\n|j|\u2606Mahendra501\n|t:|1700344885\n|gametype|singles\n|player|p1|InnaMaranhaoStyle|gentleman|1079\n|player|p2|Mahendra501|170|1045\n|teamsize|p1|6\n|teamsize|p2|6\n|gen|9\n|tier|[Gen 9] OU\n|rated|\n|rule|Sleep Clause Mod: Limit one foe put to sleep\n|rule|Species Clause: Limit one of each Pok\u00e9mon\n|rule|OHKO Clause: OHKO moves are banned\n|rule|Evasion Items Clause: Evasion items are banned\n|rule|Evasion Moves Clause: Evasion moves are banned\n|rule|Endless Battle Clause: Forcing endless battles is banned\n|rule|HP Percentage Mod: HP is shown in percentages\n|clearpoke\n|poke|p1|Ribombee, M|\n|poke|p1|Volcanion|\n|poke|p1|Krookodile, F|\n|poke|p1|Manaphy|\n|poke|p1|Torterra, M|\n|poke|p1|Tinkaton, F|\n|poke|p2|Glimmora, M|\n|poke|p2|Venomoth, F|\n|poke|p2|Grimmsnarl, M|\n|poke|p2|Torkoal, F|\n|poke|p2|Leavanny, F|\n|poke|p2|Eelektross, F|\n|teampreview\n|inactive|Battle timer is ON: inactive players will automatically lose when time's up. (requested by Mahendra501)\n|\n|t:|1700344895\n|start\n|switch|p1a: Fada Inutil|Ribombee, M|100\/100\n|switch|p2a: Venomoth|Venomoth, F|100\/100\n|turn|1\n|\n|t:|1700344907\n|move|p1a: Fada Inutil|Sticky Web|p2a: Venomoth\n|-sidestart|p2: Mahendra501|move: Sticky Web\n|move|p2a: Venomoth|Quiver Dance|p2a: Venomoth\n|-boost|p2a: Venomoth|spa|1\n|-boost|p2a: Venomoth|spd|1\n|-boost|p2a: Venomoth|spe|1\n|\n|upkeep\n|turn|2\n|\n|t:|1700344914\n|move|p2a: Venomoth|Toxic Spikes|p1a: Fada Inutil\n|-sidestart|p1: InnaMaranhaoStyle|move: Toxic Spikes\n|move|p1a: Fada Inutil|U-turn|p2a: Venomoth\n|-resisted|p2a: Venomoth\n|-damage|p2a: Venomoth|89\/100\n|\n|t:|1700344923\n|switch|p1a: Diniz|Krookodile, F|100\/100|[from] U-turn\n|-status|p1a: Diniz|psn\n|-ability|p1a: Diniz|Intimidate|boost\n|-unboost|p2a: Venomoth|atk|1\n|\n|-damage|p1a: Diniz|88\/100 psn|[from] psn\n|upkeep\n|turn|3\n|\n|t:|1700344938\n|move|p2a: Venomoth|Bug Buzz|p1a: Diniz\n|-supereffective|p1a: Diniz\n|-damage|p1a: Diniz|0 fnt\n|faint|p1a: Diniz\n|-damage|p2a: Venomoth|79\/100|[from] item: Life Orb\n|\n|upkeep\n|\n|t:|1700344948\n|switch|p1a: Maluco|Torterra, M|100\/100\n|-status|p1a: Maluco|psn\n|turn|4\n|\n|t:|1700344962\n|-terastallize|p1a: Maluco|Rock\n|move|p2a: Venomoth|Toxic Spikes|p1a: Maluco\n|-sidestart|p1: InnaMaranhaoStyle|move: Toxic Spikes\n|move|p1a: Maluco|Stone Edge|p2a: Venomoth\n|-supereffective|p2a: Venomoth\n|-crit|p2a: Venomoth\n|-damage|p2a: Venomoth|0 fnt\n|faint|p2a: Venomoth\n|\n|-damage|p1a: Maluco|88\/100 psn|[from] psn\n|upkeep\n|\n|t:|1700344977\n|switch|p2a: Eelektross|Eelektross, F|100\/100\n|turn|5\n|\n|t:|1700345007\n|move|p1a: Maluco|Shell Smash|p1a: Maluco\n|-unboost|p1a: Maluco|def|1\n|-unboost|p1a: Maluco|spd|1\n|-boost|p1a: Maluco|atk|2\n|-boost|p1a: Maluco|spa|2\n|-boost|p1a: Maluco|spe|2\n|move|p2a: Eelektross|Giga Drain|p1a: Maluco\n|-supereffective|p1a: Maluco\n|-damage|p1a: Maluco|0 fnt\n|faint|p1a: Maluco\n|\n|upkeep\n|inactive|InnaMaranhaoStyle has 120 seconds left.\n|\n|t:|1700345023\n|switch|p1a: Vit\u00f3ria|Tinkaton, F|100\/100\n|-ability|p1a: Vit\u00f3ria|Mold Breaker\n|turn|6\n|inactive|InnaMaranhaoStyle has 120 seconds left.\n|\n|t:|1700345033\n|switch|p1a: Sapecagem|Volcanion|100\/100\n|switch|p2a: Torkoal|Torkoal, F|100\/100\n|-activate|p2a: Torkoal|move: Sticky Web\n|-unboost|p2a: Torkoal|spe|1\n|-weather|SunnyDay|[from] ability: Drought|[of] p2a: Torkoal\n|\n|-weather|SunnyDay|[upkeep]\n|upkeep\n|turn|7\n|inactive|InnaMaranhaoStyle has 120 seconds left.\n|\n|t:|1700345048\n|move|p1a: Sapecagem|Earth Power|p2a: Torkoal\n|-supereffective|p2a: Torkoal\n|-damage|p2a: Torkoal|4\/100\n|move|p2a: Torkoal|Rapid Spin|p1a: Sapecagem\n|-damage|p1a: Sapecagem|93\/100\n|-boost|p2a: Torkoal|spe|1\n|-sideend|p2: Mahendra501|Sticky Web|[from] move: Rapid Spin|[of] p2a: Torkoal\n|\n|-weather|SunnyDay|[upkeep]\n|upkeep\n|turn|8\n|inactive|InnaMaranhaoStyle has 120 seconds left.\n|\n|t:|1700345059\n|move|p1a: Sapecagem|Earth Power|p2a: Torkoal\n|-supereffective|p2a: Torkoal\n|-damage|p2a: Torkoal|0 fnt\n|faint|p2a: Torkoal\n|\n|-weather|SunnyDay|[upkeep]\n|upkeep\n|\n|t:|1700345082\n|switch|p2a: Eelektross|Eelektross, F|100\/100\n|turn|9\n|inactive|InnaMaranhaoStyle has 120 seconds left.\n|\n|t:|1700345102\n|switch|p1a: Vit\u00f3ria|Tinkaton, F|100\/100\n|-ability|p1a: Vit\u00f3ria|Mold Breaker\n|move|p2a: Eelektross|Thunderbolt|p1a: Vit\u00f3ria\n|-damage|p1a: Vit\u00f3ria|44\/100\n|-status|p1a: Vit\u00f3ria|par\n|\n|-weather|SunnyDay|[upkeep]\n|-heal|p1a: Vit\u00f3ria|50\/100 par|[from] item: Leftovers\n|upkeep\n|turn|10\n|inactive|InnaMaranhaoStyle has 120 seconds left.\n|\n|t:|1700345120\n|move|p1a: Vit\u00f3ria|Knock Off|p2a: Eelektross\n|-crit|p2a: Eelektross\n|-damage|p2a: Eelektross|70\/100\n|-enditem|p2a: Eelektross|Choice Specs|[from] move: Knock Off|[of] p1a: Vit\u00f3ria\n|move|p2a: Eelektross|Thunderbolt|p1a: Vit\u00f3ria\n|-damage|p1a: Vit\u00f3ria|11\/100 par\n|\n|-weather|SunnyDay|[upkeep]\n|-heal|p1a: Vit\u00f3ria|17\/100 par|[from] item: Leftovers\n|upkeep\n|turn|11\n|\n|t:|1700345129\n|move|p1a: Vit\u00f3ria|Gigaton Hammer|p2a: Eelektross\n|-resisted|p2a: Eelektross\n|-damage|p2a: Eelektross|46\/100\n|move|p2a: Eelektross|Thunderbolt|p1a: Vit\u00f3ria\n|-damage|p1a: Vit\u00f3ria|0 fnt\n|faint|p1a: Vit\u00f3ria\n|\n|-weather|SunnyDay|[upkeep]\n|upkeep\n|\n|t:|1700345133\n|switch|p1a: Fada Inutil|Ribombee, M|100\/100\n|-status|p1a: Fada Inutil|tox\n|turn|12\n|\n|t:|1700345143\n|move|p1a: Fada Inutil|Sticky Web|p2a: Eelektross\n|-sidestart|p2: Mahendra501|move: Sticky Web\n|move|p2a: Eelektross|Thunderbolt|p1a: Fada Inutil\n|-damage|p1a: Fada Inutil|23\/100 tox\n|\n|-weather|SunnyDay|[upkeep]\n|-damage|p1a: Fada Inutil|17\/100 tox|[from] psn\n|upkeep\n|turn|13\n|\n|t:|1700345151\n|move|p1a: Fada Inutil|Dazzling Gleam|p2a: Eelektross\n|-damage|p2a: Eelektross|9\/100\n|move|p2a: Eelektross|Thunderbolt|p1a: Fada Inutil\n|-damage|p1a: Fada Inutil|0 fnt\n|faint|p1a: Fada Inutil\n|\n|-weather|none\n|upkeep\n|\n|t:|1700345158\n|switch|p1a: Natuakama|Manaphy|100\/100\n|-status|p1a: Natuakama|tox\n|turn|14\n|\n|t:|1700345169\n|move|p1a: Natuakama|Energy Ball|p2a: Eelektross\n|-damage|p2a: Eelektross|0 fnt\n|faint|p2a: Eelektross\n|\n|-damage|p1a: Natuakama|94\/100 tox|[from] psn\n|upkeep\n|\n|t:|1700345177\n|switch|p2a: Grimmsnarl|Grimmsnarl, M|100\/100\n|-activate|p2a: Grimmsnarl|move: Sticky Web\n|-unboost|p2a: Grimmsnarl|spe|1\n|turn|15\n|\n|t:|1700345184\n|move|p2a: Grimmsnarl|Trick|p1a: Natuakama\n|-activate|p2a: Grimmsnarl|move: Trick|[of] p1a: Natuakama\n|-item|p1a: Natuakama|Lagging Tail|[from] move: Trick\n|-item|p2a: Grimmsnarl|Leftovers|[from] move: Trick\n|move|p1a: Natuakama|Tail Glow|p1a: Natuakama\n|-boost|p1a: Natuakama|spa|3\n|\n|-damage|p1a: Natuakama|82\/100 tox|[from] psn\n|upkeep\n|turn|16\n|\n|t:|1700345197\n|move|p2a: Grimmsnarl|Lash Out|p1a: Natuakama\n|-damage|p1a: Natuakama|42\/100 tox\n|move|p1a: Natuakama|Surf|p2a: Grimmsnarl\n|-damage|p2a: Grimmsnarl|0 fnt\n|faint|p2a: Grimmsnarl\n|\n|-damage|p1a: Natuakama|23\/100 tox|[from] psn\n|upkeep\n|\n|t:|1700345208\n|switch|p2a: Glimmora|Glimmora, M|100\/100\n|-activate|p2a: Glimmora|move: Sticky Web\n|-unboost|p2a: Glimmora|spe|1\n|turn|17\n|\n|t:|1700345217\n|move|p2a: Glimmora|Mortal Spin|p1a: Natuakama\n|-damage|p1a: Natuakama|17\/100 tox\n|-sideend|p2: Mahendra501|Sticky Web|[from] move: Mortal Spin|[of] p2a: Glimmora\n|move|p1a: Natuakama|Surf|p2a: Glimmora\n|-supereffective|p2a: Glimmora\n|-damage|p2a: Glimmora|0 fnt\n|faint|p2a: Glimmora\n|\n|-damage|p1a: Natuakama|0 fnt|[from] psn\n|faint|p1a: Natuakama\n|upkeep\n|\n|t:|1700345227\n|switch|p1a: Sapecagem|Volcanion|93\/100\n|switch|p2a: Leavanny|Leavanny, F|100\/100\n|turn|18\n|c|\u2606InnaMaranhaoStyle|gg\n|c|\u2606InnaMaranhaoStyle|gg\n|c|\u2606InnaMaranhaoStyle|gg\n|c|\u2606InnaMaranhaoStyle|gg\n|c|\u2606InnaMaranhaoStyle|gg\n|c|\u2606InnaMaranhaoStyle|g\n|c|\u2606InnaMaranhaoStyle|g\n|c|\u2606InnaMaranhaoStyle|g\n|c|\u2606InnaMaranhaoStyle|g\n|c|\u2606InnaMaranhaoStyle|gg\n|c|\u2606InnaMaranhaoStyle|g\n|c|\u2606InnaMaranhaoStyle|g\n|c|\u2606InnaMaranhaoStyle|gg\n|c|\u2606InnaMaranhaoStyle|g\n|c|\u2606InnaMaranhaoStyle|g\n|c|\u2606InnaMaranhaoStyle|gg\n|c|\u2606InnaMaranhaoStyle|g\n|c|\u2606InnaMaranhaoStyle|g\n|c|\u2606InnaMaranhaoStyle|gg\n|c|\u2606InnaMaranhaoStyle|g\n|c|\u2606InnaMaranhaoStyle|g\n|c|\u2606InnaMaranhaoStyle|g\n|\n|t:|1700345244\n|-terastallize|p2a: Leavanny|Water\n|move|p2a: Leavanny|Swords Dance|p2a: Leavanny\n|-boost|p2a: Leavanny|atk|2\n|move|p1a: Sapecagem|Flamethrower|p2a: Leavanny\n|-resisted|p2a: Leavanny\n|-damage|p2a: Leavanny|65\/100\n|-status|p2a: Leavanny|brn\n|\n|-damage|p2a: Leavanny|59\/100 brn|[from] brn\n|upkeep\n|turn|19\n|\n|t:|1700345268\n|move|p2a: Leavanny|Knock Off|p1a: Sapecagem\n|-damage|p1a: Sapecagem|64\/100\n|-enditem|p1a: Sapecagem|Heavy-Duty Boots|[from] move: Knock Off|[of] p2a: Leavanny\n|move|p1a: Sapecagem|Haze|p1a: Sapecagem\n|-clearallboost\n|\n|-damage|p2a: Leavanny|53\/100 brn|[from] brn\n|upkeep\n|turn|20\n|\n|t:|1700345278\n|move|p2a: Leavanny|Leaf Blade|p1a: Sapecagem\n|-crit|p1a: Sapecagem\n|-damage|p1a: Sapecagem|37\/100\n|move|p1a: Sapecagem|Earth Power|p2a: Leavanny\n|-damage|p2a: Leavanny|3\/100 brn\n|\n|-damage|p2a: Leavanny|0 fnt|[from] brn\n|faint|p2a: Leavanny\n|\n|win|InnaMaranhaoStyle\n|upkeep\n|raw|InnaMaranhaoStyle's rating: 1079 &rarr; <strong>1104<\/strong><br \/>(+25 for winning)\n|raw|Mahendra501's rating: 1045 &rarr; <strong>1030<\/strong><br \/>(-15 for losing)\n|c|\u2606InnaMaranhaoStyle|kkkkkkkkkkkkkkkkkkkkkkkkkkkkkkkkkkkkkkkkkk\n|l|\u2606Mahendra501\n|c|\u2606InnaMaranhaoStyle|joga muito\n|c|\u2606InnaMaranhaoStyle|lenda\n","uploadtime":1700345381,"views":8,"p1id":"innamaranhaostyle","p2id":"mahendra501","formatid":"gen9ou","rating":1030,"private":0,"password":""}