{"id":"gen9ou-1997461816","p1":"Skaraptor2.1","p2":"Chabbott918","format":"[Gen 9] OU","log":"|j|\u2606Skaraptor2.1\n|j|\u2606Chabbott918\n|t:|1700809463\n|gametype|singles\n|player|p1|Skaraptor2.1|bodybuilderf-gen9|1439\n|player|p2|Chabbott918|raifort|1551\n|teamsize|p1|6\n|teamsize|p2|6\n|gen|9\n|tier|[Gen 9] OU\n|rated|\n|rule|Sleep Clause Mod: Limit one foe put to sleep\n|rule|Species Clause: Limit one of each Pok\u00e9mon\n|rule|OHKO Clause: OHKO moves are banned\n|rule|Evasion Items Clause: Evasion items are banned\n|rule|Evasion Moves Clause: Evasion moves are banned\n|rule|Endless Battle Clause: Forcing endless battles is banned\n|rule|HP Percentage Mod: HP is shown in percentages\n|clearpoke\n|poke|p1|Ribombee, M|\n|poke|p1|Ogerpon-Wellspring, F|\n|poke|p1|Great Tusk|\n|poke|p1|Zamazenta-*|\n|poke|p1|Iron Valiant|\n|poke|p1|Kingambit, F|\n|poke|p2|Cresselia, F|\n|poke|p2|Iron Valiant|\n|poke|p2|Garganacl, M|\n|poke|p2|Landorus-Therian, M|\n|poke|p2|Greninja-*, M|\n|poke|p2|Maushold-Four|\n|teampreview\n|inactive|Battle timer is ON: inactive players will automatically lose when time's up. (requested by Skaraptor2.1)\n|\n|t:|1700809479\n|start\n|switch|p1a: Transfem|Ogerpon-Wellspring, F|100\/100\n|switch|p2a: Landorus|Landorus-Therian, M, shiny|100\/100\n|-ability|p2a: Landorus|Intimidate|boost\n|-unboost|p1a: Transfem|atk|1\n|turn|1\n|\n|t:|1700809485\n|move|p1a: Transfem|Knock Off|p2a: Landorus\n|-damage|p2a: Landorus|83\/100\n|-damage|p1a: Transfem|84\/100|[from] item: Rocky Helmet|[of] p2a: Landorus\n|-enditem|p2a: Landorus|Rocky Helmet|[from] move: Knock Off|[of] p1a: Transfem\n|move|p2a: Landorus|U-turn|p1a: Transfem\n|-supereffective|p1a: Transfem\n|-damage|p1a: Transfem|20\/100\n|\n|t:|1700809495\n|switch|p2a: Maushold|Maushold-Four|100\/100|[from] U-turn\n|\n|upkeep\n|turn|2\n|\n|t:|1700809499\n|move|p2a: Maushold|Population Bomb|p1a: Transfem\n|-damage|p1a: Transfem|6\/100\n|-damage|p1a: Transfem|0 fnt\n|faint|p1a: Transfem\n|-hitcount|p1: Transfem|2\n|\n|upkeep\n|\n|t:|1700809506\n|switch|p1a: Raging Queer|Great Tusk|100\/100\n|turn|3\n|\n|t:|1700809512\n|switch|p2a: Landorus|Landorus-Therian, M, shiny|83\/100\n|-ability|p2a: Landorus|Intimidate|boost\n|-unboost|p1a: Raging Queer|atk|1\n|move|p1a: Raging Queer|Knock Off|p2a: Landorus\n|-damage|p2a: Landorus|73\/100\n|\n|upkeep\n|turn|4\n|\n|t:|1700809520\n|-end|p1a: Raging Queer|Protosynthesis|[silent]\n|switch|p1a: Bigender|Iron Valiant|100\/100\n|-enditem|p1a: Bigender|Booster Energy\n|-activate|p1a: Bigender|ability: Quark Drive|[fromitem]\n|-start|p1a: Bigender|quarkdrivespe\n|move|p2a: Landorus|Earthquake|p1a: Bigender\n|-damage|p1a: Bigender|35\/100\n|\n|upkeep\n|turn|5\n|\n|t:|1700809523\n|move|p1a: Bigender|Destiny Bond|p1a: Bigender\n|-singlemove|p1a: Bigender|Destiny Bond\n|move|p2a: Landorus|Earthquake|p1a: Bigender\n|-damage|p1a: Bigender|0 fnt\n|faint|p1a: Bigender\n|-activate|p1a: Bigender|move: Destiny Bond\n|-end|p1a: Bigender|Quark Drive|[silent]\n|faint|p2a: Landorus\n|\n|upkeep\n|\n|t:|1700809531\n|switch|p1a: Twink|Ribombee, M|100\/100\n|switch|p2a: Maushold|Maushold-Four|100\/100\n|turn|6\n|\n|t:|1700809535\n|move|p1a: Twink|Stun Spore|p2a: Maushold|[miss]\n|-miss|p1a: Twink|p2a: Maushold\n|move|p2a: Maushold|Tidy Up|p2a: Maushold\n|-boost|p2a: Maushold|atk|1\n|-boost|p2a: Maushold|spe|1\n|\n|upkeep\n|turn|7\n|\n|t:|1700809541\n|-terastallize|p1a: Twink|Steel\n|move|p2a: Maushold|Population Bomb|p1a: Twink\n|-resisted|p1a: Twink\n|-crit|p1a: Twink\n|-damage|p1a: Twink|81\/100\n|-resisted|p1a: Twink\n|-damage|p1a: Twink|69\/100\n|-resisted|p1a: Twink\n|-damage|p1a: Twink|55\/100\n|-resisted|p1a: Twink\n|-damage|p1a: Twink|43\/100\n|-resisted|p1a: Twink\n|-damage|p1a: Twink|30\/100\n|-resisted|p1a: Twink\n|-damage|p1a: Twink|18\/100\n|-resisted|p1a: Twink\n|-damage|p1a: Twink|5\/100\n|-resisted|p1a: Twink\n|-damage|p1a: Twink|0 fnt\n|faint|p1a: Twink\n|-hitcount|p1: Twink|8\n|\n|upkeep\n|-message|Skaraptor2.1 forfeited.\n|\n|win|Chabbott918\n|raw|Skaraptor2.1's rating: 1439 &rarr; <strong>1425<\/strong><br \/>(-14 for losing)\n|raw|Chabbott918's rating: 1551 &rarr; <strong>1565<\/strong><br \/>(+14 for winning)\n|l|\u2606Skaraptor2.1\n","uploadtime":1700809552,"views":4,"p1id":"skaraptor21","p2id":"chabbott918","formatid":"gen9ou","rating":1425,"private":0,"password":""}