{"id":"gen9ou-1992261194","p1":"Kaz2109","p2":"Akku99","format":"[Gen 9] OU","log":"|j|\u2606Kaz2109\n|j|\u2606Akku99\n|t:|1700168688\n|gametype|singles\n|player|p1|Kaz2109|policeman-gen4|1240\n|player|p2|Akku99|102|1140\n|teamsize|p1|6\n|teamsize|p2|6\n|gen|9\n|tier|[Gen 9] OU\n|rated|\n|rule|Sleep Clause Mod: Limit one foe put to sleep\n|rule|Species Clause: Limit one of each Pok\u00e9mon\n|rule|OHKO Clause: OHKO moves are banned\n|rule|Evasion Items Clause: Evasion items are banned\n|rule|Evasion Moves Clause: Evasion moves are banned\n|rule|Endless Battle Clause: Forcing endless battles is banned\n|rule|HP Percentage Mod: HP is shown in percentages\n|clearpoke\n|poke|p1|Great Tusk|\n|poke|p1|Dragapult, F|\n|poke|p1|Slowking-Galar, F|\n|poke|p1|Cinderace, F|\n|poke|p1|Kingambit, F|\n|poke|p1|Manaphy|\n|poke|p2|Sneasler, F|\n|poke|p2|Skeledirge, F|\n|poke|p2|Rillaboom, M|\n|poke|p2|Kingambit, M|\n|poke|p2|Dragapult, F|\n|poke|p2|Ogerpon-Cornerstone, F|\n|teampreview\n|inactive|Battle timer is ON: inactive players will automatically lose when time's up. (requested by Akku99)\n|\n|t:|1700168701\n|start\n|switch|p1a: Cinderace|Cinderace, F|100\/100\n|switch|p2a: Dragapult|Dragapult, F|100\/100\n|turn|1\n|\n|t:|1700168708\n|switch|p1a: Slowking|Slowking-Galar, F|100\/100\n|move|p2a: Dragapult|U-turn|p1a: Slowking\n|-damage|p1a: Slowking|83\/100\n|inactive|Akku99 has 120 seconds left.\n|\n|t:|1700168741\n|switch|p2a: Kingambit|Kingambit, M|100\/100|[from] U-turn\n|\n|upkeep\n|turn|2\n|\n|t:|1700168746\n|switch|p1a: Great Tusk|Great Tusk|100\/100\n|-enditem|p1a: Great Tusk|Booster Energy\n|-activate|p1a: Great Tusk|ability: Protosynthesis|[fromitem]\n|-start|p1a: Great Tusk|protosynthesisatk\n|move|p2a: Kingambit|Sucker Punch||[still]\n|-fail|p2a: Kingambit\n|\n|upkeep\n|turn|3\n|\n|t:|1700168756\n|-end|p2a: Kingambit|fallenundefined|[silent]\n|switch|p2a: Rillaboom|Rillaboom, M|100\/100\n|-fieldstart|move: Grassy Terrain|[from] ability: Grassy Surge|[of] p2a: Rillaboom\n|move|p1a: Great Tusk|Stealth Rock|p2a: Rillaboom\n|-sidestart|p2: Akku99|move: Stealth Rock\n|\n|upkeep\n|turn|4\n|\n|t:|1700168764\n|-terastallize|p1a: Great Tusk|Steel\n|move|p2a: Rillaboom|Grassy Glide|p1a: Great Tusk\n|-resisted|p1a: Great Tusk\n|-damage|p1a: Great Tusk|87\/100\n|move|p1a: Great Tusk|Ice Spinner|p2a: Rillaboom\n|-supereffective|p2a: Rillaboom\n|-damage|p2a: Rillaboom|31\/100\n|-fieldend|move: Grassy Terrain\n|\n|upkeep\n|turn|5\n|\n|t:|1700168776\n|move|p1a: Great Tusk|Ice Spinner|p2a: Rillaboom\n|-supereffective|p2a: Rillaboom\n|-damage|p2a: Rillaboom|0 fnt\n|faint|p2a: Rillaboom\n|\n|upkeep\n|\n|t:|1700168786\n|switch|p2a: Sneasler|Sneasler, F|100\/100\n|-damage|p2a: Sneasler|95\/100|[from] Stealth Rock\n|turn|6\n|\n|t:|1700168791\n|-end|p1a: Great Tusk|Protosynthesis|[silent]\n|switch|p1a: Dragapult|Dragapult, F|100\/100\n|move|p2a: Sneasler|Low Kick|p1a: Dragapult\n|-immune|p1a: Dragapult\n|\n|upkeep\n|turn|7\n|\n|t:|1700168798\n|move|p1a: Dragapult|Draco Meteor|p2a: Sneasler\n|-damage|p2a: Sneasler|0 fnt\n|-unboost|p1a: Dragapult|spa|2\n|faint|p2a: Sneasler\n|\n|upkeep\n|\n|t:|1700168808\n|switch|p2a: Skeledirge|Skeledirge, F|100\/100\n|turn|8\n|\n|t:|1700168814\n|switch|p1a: Manaphy|Manaphy|100\/100\n|move|p2a: Skeledirge|Will-O-Wisp|p1a: Manaphy\n|-status|p1a: Manaphy|brn\n|\n|-damage|p1a: Manaphy|94\/100 brn|[from] brn\n|upkeep\n|turn|9\n|\n|t:|1700168819\n|switch|p2a: Ogerpon|Ogerpon-Cornerstone, F|100\/100\n|-damage|p2a: Ogerpon|88\/100|[from] Stealth Rock\n|move|p1a: Manaphy|Scald|p2a: Ogerpon\n|-damage|p2a: Ogerpon|49\/100\n|-status|p2a: Ogerpon|brn\n|\n|-heal|p1a: Manaphy|100\/100 brn|[from] item: Leftovers\n|-damage|p2a: Ogerpon|43\/100 brn|[from] brn\n|-damage|p1a: Manaphy|94\/100 brn|[from] brn\n|upkeep\n|turn|10\n|\n|t:|1700168831\n|move|p2a: Ogerpon|Horn Leech|p1a: Manaphy\n|-supereffective|p1a: Manaphy\n|-damage|p1a: Manaphy|51\/100 brn\n|-heal|p2a: Ogerpon|68\/100 brn|[from] drain|[of] p1a: Manaphy\n|move|p1a: Manaphy|Tail Glow|p1a: Manaphy\n|-boost|p1a: Manaphy|spa|3\n|\n|-heal|p1a: Manaphy|57\/100 brn|[from] item: Leftovers\n|-damage|p2a: Ogerpon|62\/100 brn|[from] brn\n|-damage|p1a: Manaphy|51\/100 brn|[from] brn\n|upkeep\n|turn|11\n|\n|t:|1700168837\n|move|p2a: Ogerpon|Horn Leech|p1a: Manaphy\n|-supereffective|p1a: Manaphy\n|-damage|p1a: Manaphy|5\/100 brn\n|-heal|p2a: Ogerpon|88\/100 brn|[from] drain|[of] p1a: Manaphy\n|move|p1a: Manaphy|Scald|p2a: Ogerpon\n|-damage|p2a: Ogerpon|0 fnt\n|faint|p2a: Ogerpon\n|\n|-heal|p1a: Manaphy|11\/100 brn|[from] item: Leftovers\n|-damage|p1a: Manaphy|5\/100 brn|[from] brn\n|upkeep\n|\n|t:|1700168840\n|switch|p2a: Kingambit|Kingambit, M|100\/100\n|-damage|p2a: Kingambit|94\/100|[from] Stealth Rock\n|-activate|p2a: Kingambit|ability: Supreme Overlord\n|-start|p2a: Kingambit|fallen3|[silent]\n|turn|12\n|\n|t:|1700168848\n|switch|p1a: Great Tusk|Great Tusk, tera:Steel|87\/100\n|move|p2a: Kingambit|Swords Dance|p2a: Kingambit\n|-boost|p2a: Kingambit|atk|2\n|\n|upkeep\n|turn|13\n|\n|t:|1700168854\n|-terastallize|p2a: Kingambit|Fighting\n|move|p1a: Great Tusk|Headlong Rush|p2a: Kingambit\n|-damage|p2a: Kingambit|37\/100\n|-unboost|p1a: Great Tusk|def|1\n|-unboost|p1a: Great Tusk|spd|1\n|move|p2a: Kingambit|Low Kick|p1a: Great Tusk\n|-supereffective|p1a: Great Tusk\n|-damage|p1a: Great Tusk|0 fnt\n|faint|p1a: Great Tusk\n|-end|p1a: Great Tusk|Protosynthesis|[silent]\n|\n|upkeep\n|\n|t:|1700168861\n|switch|p1a: Cinderace|Cinderace, F|100\/100\n|turn|14\n|\n|t:|1700168870\n|move|p1a: Cinderace|Zen Headbutt|p2a: Kingambit\n|-start|p1a: Cinderace|typechange|Psychic|[from] ability: Libero\n|-supereffective|p2a: Kingambit\n|-damage|p2a: Kingambit|0 fnt\n|faint|p2a: Kingambit\n|-end|p2a: Kingambit|fallen3|[silent]\n|\n|upkeep\n|\n|t:|1700168876\n|switch|p2a: Dragapult|Dragapult, F|100\/100\n|turn|15\n|\n|t:|1700168882\n|switch|p1a: Kingambit|Kingambit, F|100\/100\n|-activate|p1a: Kingambit|ability: Supreme Overlord\n|-start|p1a: Kingambit|fallen1|[silent]\n|move|p2a: Dragapult|U-turn|p1a: Kingambit\n|-damage|p1a: Kingambit|85\/100\n|\n|t:|1700168884\n|switch|p2a: Skeledirge|Skeledirge, F|100\/100|[from] U-turn\n|\n|upkeep\n|turn|16\n|\n|t:|1700168892\n|move|p2a: Skeledirge|Will-O-Wisp|p1a: Kingambit|[miss]\n|-miss|p2a: Skeledirge|p1a: Kingambit\n|move|p1a: Kingambit|Kowtow Cleave|p2a: Skeledirge\n|-supereffective|p2a: Skeledirge\n|-damage|p2a: Skeledirge|26\/100\n|\n|upkeep\n|turn|17\n|\n|t:|1700168898\n|move|p2a: Skeledirge|Torch Song|p1a: Kingambit\n|-supereffective|p1a: Kingambit\n|-damage|p1a: Kingambit|27\/100\n|-boost|p2a: Skeledirge|spa|1\n|move|p1a: Kingambit|Kowtow Cleave|p2a: Skeledirge\n|-supereffective|p2a: Skeledirge\n|-damage|p2a: Skeledirge|0 fnt\n|faint|p2a: Skeledirge\n|\n|upkeep\n|\n|t:|1700168901\n|switch|p2a: Dragapult|Dragapult, F|100\/100\n|turn|18\n|\n|t:|1700168909\n|move|p1a: Kingambit|Sucker Punch|p2a: Dragapult\n|-supereffective|p2a: Dragapult\n|-damage|p2a: Dragapult|0 fnt\n|faint|p2a: Dragapult\n|\n|win|Kaz2109\n|raw|Kaz2109's rating: 1240 &rarr; <strong>1258<\/strong><br \/>(+18 for winning)\n|raw|Akku99's rating: 1140 &rarr; <strong>1122<\/strong><br \/>(-18 for losing)\n|l|\u2606Akku99\n","uploadtime":1700168921,"views":6,"p1id":"kaz2109","p2id":"akku99","formatid":"gen9ou","rating":1122,"private":0,"password":""}