{"id":"gen9ou-1996991098","p1":"rwefqdewdfcwevw","p2":"Nykoh9","format":"[Gen 9] OU","log":"|j|\u2606rwefqdewdfcwevw\n|j|\u2606Nykoh9\n|t:|1700753281\n|gametype|singles\n|player|p1|rwefqdewdfcwevw|sada-ai|1000\n|player|p2|Nykoh9|102|1040\n|teamsize|p1|6\n|teamsize|p2|6\n|gen|9\n|tier|[Gen 9] OU\n|rated|\n|rule|Sleep Clause Mod: Limit one foe put to sleep\n|rule|Species Clause: Limit one of each Pok\u00e9mon\n|rule|OHKO Clause: OHKO moves are banned\n|rule|Evasion Items Clause: Evasion items are banned\n|rule|Evasion Moves Clause: Evasion moves are banned\n|rule|Endless Battle Clause: Forcing endless battles is banned\n|rule|HP Percentage Mod: HP is shown in percentages\n|clearpoke\n|poke|p1|Dragapult, M|\n|poke|p1|Alomomola, F|\n|poke|p1|Slowking-Galar, F|\n|poke|p1|Kingambit, F|\n|poke|p1|Great Tusk|\n|poke|p1|Cinderace, F|\n|poke|p2|Landorus-Therian, M|\n|poke|p2|Empoleon, M|\n|poke|p2|Quagsire, M|\n|poke|p2|Corviknight, M|\n|poke|p2|Zapdos|\n|poke|p2|Great Tusk|\n|teampreview\n|inactive|Battle timer is ON: inactive players will automatically lose when time's up. (requested by rwefqdewdfcwevw)\n|inactive|rwefqdewdfcwevw has 120 seconds left.\n|inactive|rwefqdewdfcwevw has 90 seconds left.\n|inactive|rwefqdewdfcwevw has 60 seconds left.\n|inactive|Nykoh9 also wants the timer to be on.\n|inactive|rwefqdewdfcwevw has 30 seconds left.\n|inactive|rwefqdewdfcwevw has 20 seconds left.\n|\n|t:|1700753416\n|start\n|switch|p1a: Dragapult|Dragapult, M|100\/100\n|switch|p2a: Landorus|Landorus-Therian, M|100\/100\n|-ability|p2a: Landorus|Intimidate|boost\n|-unboost|p1a: Dragapult|atk|1\n|turn|1\n|\n|t:|1700753427\n|move|p1a: Dragapult|Draco Meteor|p2a: Landorus\n|-damage|p2a: Landorus|0 fnt\n|-unboost|p1a: Dragapult|spa|2\n|faint|p2a: Landorus\n|\n|upkeep\n|inactive|Nykoh9 has 120 seconds left.\n|\n|t:|1700753453\n|switch|p2a: Zapdos|Zapdos|100\/100\n|turn|2\n|\n|t:|1700753460\n|switch|p1a: Slowking|Slowking-Galar, F|100\/100\n|move|p2a: Zapdos|Hurricane|p1a: Slowking\n|-damage|p1a: Slowking|66\/100\n|-start|p1a: Slowking|confusion\n|\n|upkeep\n|turn|3\n|\n|t:|1700753468\n|move|p2a: Zapdos|Volt Switch|p1a: Slowking\n|-damage|p1a: Slowking|46\/100\n|\n|t:|1700753479\n|switch|p2a: Great Tusk|Great Tusk|100\/100|[from] Volt Switch\n|-activate|p1a: Slowking|confusion\n|move|p1a: Slowking|Future Sight|p2a: Great Tusk\n|-start|p1a: Slowking|move: Future Sight\n|\n|upkeep\n|turn|4\n|inactive|rwefqdewdfcwevw has 120 seconds left.\n|\n|t:|1700753486\n|switch|p1a: Alomomola|Alomomola, F|100\/100\n|move|p2a: Great Tusk|Knock Off|p1a: Alomomola\n|-damage|p1a: Alomomola|78\/100\n|-enditem|p1a: Alomomola|Heavy-Duty Boots|[from] move: Knock Off|[of] p2a: Great Tusk\n|\n|upkeep\n|turn|5\n|inactive|rwefqdewdfcwevw has 120 seconds left.\n|\n|t:|1700753497\n|-end|p2a: Great Tusk|Protosynthesis|[silent]\n|switch|p2a: Empoleon|Empoleon, M|100\/100\n|move|p1a: Alomomola|Scald|p2a: Empoleon\n|-resisted|p2a: Empoleon\n|-damage|p2a: Empoleon|96\/100\n|\n|-end|p2a: Empoleon|move: Future Sight\n|-resisted|p2a: Empoleon\n|-damage|p2a: Empoleon|81\/100\n|-heal|p2a: Empoleon|87\/100|[from] item: Leftovers\n|upkeep\n|turn|6\n|\n|t:|1700753512\n|move|p1a: Alomomola|Wish|p1a: Alomomola\n|move|p2a: Empoleon|Grass Knot|p1a: Alomomola\n|-supereffective|p1a: Alomomola\n|-damage|p1a: Alomomola|52\/100\n|\n|-heal|p2a: Empoleon|93\/100|[from] item: Leftovers\n|upkeep\n|turn|7\n|\n|t:|1700753524\n|switch|p2a: Quagsire|Quagsire, M|100\/100\n|move|p1a: Alomomola|Flip Turn|p2a: Quagsire\n|-damage|p2a: Quagsire|90\/100\n|\n|t:|1700753538\n|switch|p1a: Dragapult|Dragapult, M|100\/100|[from] Flip Turn\n|\n|-heal|p2a: Quagsire|96\/100|[from] item: Leftovers\n|upkeep\n|turn|8\n|\n|t:|1700753546\n|move|p1a: Dragapult|U-turn|p2a: Quagsire\n|-damage|p2a: Quagsire|83\/100\n|\n|t:|1700753548\n|switch|p1a: Slowking|Slowking-Galar, F|79\/100|[from] U-turn\n|move|p2a: Quagsire|Toxic|p1a: Slowking\n|-immune|p1a: Slowking\n|\n|-heal|p2a: Quagsire|89\/100|[from] item: Leftovers\n|upkeep\n|turn|9\n|\n|t:|1700753557\n|move|p2a: Quagsire|Earthquake|p1a: Slowking\n|-supereffective|p1a: Slowking\n|-damage|p1a: Slowking|15\/100\n|move|p1a: Slowking|Chilly Reception|p1a: Slowking\n|-weather|Snow\n|\n|t:|1700753559\n|switch|p1a: Dragapult|Dragapult, M|100\/100|[from] Chilly Reception\n|\n|-weather|Snow|[upkeep]\n|-heal|p2a: Quagsire|95\/100|[from] item: Leftovers\n|upkeep\n|turn|10\n|\n|t:|1700753573\n|switch|p2a: Empoleon|Empoleon, M|93\/100\n|move|p1a: Dragapult|Draco Meteor|p2a: Empoleon\n|-resisted|p2a: Empoleon\n|-damage|p2a: Empoleon|65\/100\n|-unboost|p1a: Dragapult|spa|2\n|\n|-weather|Snow|[upkeep]\n|-heal|p2a: Empoleon|71\/100|[from] item: Leftovers\n|upkeep\n|turn|11\n|\n|t:|1700753586\n|switch|p1a: Slowking|Slowking-Galar, F|49\/100\n|move|p2a: Empoleon|Roost|p2a: Empoleon\n|-heal|p2a: Empoleon|100\/100\n|-singleturn|p2a: Empoleon|move: Roost\n|\n|-weather|Snow|[upkeep]\n|upkeep\n|turn|12\n|\n|t:|1700753593\n|move|p2a: Empoleon|Flash Cannon|p1a: Slowking\n|-damage|p1a: Slowking|32\/100\n|move|p1a: Slowking|Future Sight|p2a: Empoleon\n|-start|p1a: Slowking|move: Future Sight\n|\n|-weather|Snow|[upkeep]\n|upkeep\n|turn|13\n|\n|t:|1700753602\n|move|p2a: Empoleon|Flash Cannon|p1a: Slowking\n|-damage|p1a: Slowking|14\/100\n|move|p1a: Slowking|Chilly Reception|p1a: Slowking\n|\n|t:|1700753620\n|switch|p1a: Great Tusk|Great Tusk|100\/100|[from] Chilly Reception\n|\n|-weather|none\n|upkeep\n|turn|14\n|\n|t:|1700753630\n|move|p1a: Great Tusk|Stealth Rock|p2a: Empoleon\n|-sidestart|p2: Nykoh9|move: Stealth Rock\n|move|p2a: Empoleon|Grass Knot|p1a: Great Tusk\n|-supereffective|p1a: Great Tusk\n|-damage|p1a: Great Tusk|11\/100\n|-damage|p2a: Empoleon|84\/100|[from] item: Rocky Helmet|[of] p1a: Great Tusk\n|\n|-end|p2a: Empoleon|move: Future Sight\n|-resisted|p2a: Empoleon\n|-crit|p2a: Empoleon\n|-damage|p2a: Empoleon|61\/100\n|-heal|p2a: Empoleon|67\/100|[from] item: Leftovers\n|upkeep\n|turn|15\n|\n|t:|1700753642\n|switch|p2a: Corviknight|Corviknight, M|100\/100\n|-damage|p2a: Corviknight|88\/100|[from] Stealth Rock\n|-ability|p2a: Corviknight|Pressure\n|move|p1a: Great Tusk|Headlong Rush|p2a: Corviknight\n|-immune|p2a: Corviknight\n|\n|-heal|p2a: Corviknight|94\/100|[from] item: Leftovers\n|upkeep\n|turn|16\n|\n|t:|1700753657\n|-end|p1a: Great Tusk|Protosynthesis|[silent]\n|switch|p1a: Alomomola|Alomomola, F|85\/100\n|move|p2a: Corviknight|U-turn|p1a: Alomomola\n|-damage|p1a: Alomomola|76\/100\n|\n|t:|1700753669\n|switch|p2a: Zapdos|Zapdos|100\/100|[from] U-turn\n|\n|upkeep\n|turn|17\n|\n|t:|1700753684\n|-terastallize|p2a: Zapdos|Electric\n|move|p2a: Zapdos|Volt Switch|p1a: Alomomola\n|-supereffective|p1a: Alomomola\n|-damage|p1a: Alomomola|0 fnt\n|faint|p1a: Alomomola\n|\n|t:|1700753691\n|switch|p2a: Great Tusk|Great Tusk|100\/100|[from] Volt Switch\n|-damage|p2a: Great Tusk|98\/100|[from] Stealth Rock\n|\n|-heal|p2a: Great Tusk|100\/100|[from] item: Leftovers\n|upkeep\n|\n|t:|1700753695\n|switch|p1a: Dragapult|Dragapult, M|100\/100\n|turn|18\n|\n|t:|1700753704\n|move|p1a: Dragapult|Draco Meteor|p2a: Great Tusk\n|-damage|p2a: Great Tusk|0 fnt\n|-unboost|p1a: Dragapult|spa|2\n|faint|p2a: Great Tusk\n|-end|p2a: Great Tusk|Protosynthesis|[silent]\n|\n|upkeep\n|\n|t:|1700753714\n|switch|p2a: Empoleon|Empoleon, M|67\/100\n|-damage|p2a: Empoleon|61\/100|[from] Stealth Rock\n|turn|19\n|\n|t:|1700753719\n|switch|p1a: Slowking|Slowking-Galar, F|48\/100\n|move|p2a: Empoleon|Roost|p2a: Empoleon\n|-heal|p2a: Empoleon|100\/100\n|-singleturn|p2a: Empoleon|move: Roost\n|\n|upkeep\n|turn|20\n|\n|t:|1700753727\n|move|p2a: Empoleon|Flip Turn|p1a: Slowking\n|-damage|p1a: Slowking|28\/100\n|\n|t:|1700753735\n|switch|p2a: Corviknight|Corviknight, M|94\/100|[from] Flip Turn\n|-damage|p2a: Corviknight|82\/100|[from] Stealth Rock\n|-ability|p2a: Corviknight|Pressure\n|move|p1a: Slowking|Chilly Reception|p1a: Slowking\n|-weather|Snow\n|\n|t:|1700753739\n|switch|p1a: Cinderace|Cinderace, F|100\/100|[from] Chilly Reception\n|\n|-weather|Snow|[upkeep]\n|-heal|p2a: Corviknight|88\/100|[from] item: Leftovers\n|upkeep\n|turn|21\n|\n|t:|1700753757\n|switch|p2a: Quagsire|Quagsire, M|95\/100\n|-damage|p2a: Quagsire|89\/100|[from] Stealth Rock\n|move|p1a: Cinderace|Will-O-Wisp|p2a: Quagsire|[miss]\n|-miss|p1a: Cinderace|p2a: Quagsire\n|\n|-weather|Snow|[upkeep]\n|-heal|p2a: Quagsire|95\/100|[from] item: Leftovers\n|upkeep\n|turn|22\n|\n|t:|1700753770\n|move|p1a: Cinderace|U-turn|p2a: Quagsire\n|-start|p1a: Cinderace|typechange|Bug|[from] ability: Libero\n|-damage|p2a: Quagsire|73\/100\n|\n|t:|1700753780\n|switch|p1a: Slowking|Slowking-Galar, F|61\/100|[from] U-turn\n|move|p2a: Quagsire|Stealth Rock|p1a: Slowking\n|-sidestart|p1: rwefqdewdfcwevw|move: Stealth Rock\n|\n|-weather|Snow|[upkeep]\n|-heal|p2a: Quagsire|79\/100|[from] item: Leftovers\n|upkeep\n|turn|23\n|\n|t:|1700753789\n|move|p2a: Quagsire|Earthquake|p1a: Slowking\n|-supereffective|p1a: Slowking\n|-damage|p1a: Slowking|3\/100\n|move|p1a: Slowking|Chilly Reception|p1a: Slowking\n|\n|t:|1700753792\n|switch|p1a: Great Tusk|Great Tusk|11\/100|[from] Chilly Reception\n|-damage|p1a: Great Tusk|8\/100|[from] Stealth Rock\n|\n|-weather|Snow|[upkeep]\n|-heal|p2a: Quagsire|85\/100|[from] item: Leftovers\n|upkeep\n|turn|24\n|\n|t:|1700753802\n|move|p1a: Great Tusk|Rapid Spin|p2a: Quagsire\n|-damage|p2a: Quagsire|73\/100\n|-boost|p1a: Great Tusk|spe|1\n|-sideend|p1: rwefqdewdfcwevw|Stealth Rock|[from] move: Rapid Spin|[of] p1a: Great Tusk\n|move|p2a: Quagsire|Earthquake|p1a: Great Tusk\n|-damage|p1a: Great Tusk|0 fnt\n|faint|p1a: Great Tusk\n|-end|p1a: Great Tusk|Protosynthesis|[silent]\n|\n|-weather|none\n|-heal|p2a: Quagsire|79\/100|[from] item: Leftovers\n|upkeep\n|\n|t:|1700753807\n|switch|p1a: Dragapult|Dragapult, M|100\/100\n|turn|25\n|\n|t:|1700753822\n|switch|p2a: Empoleon|Empoleon, M|100\/100\n|-damage|p2a: Empoleon|94\/100|[from] Stealth Rock\n|-terastallize|p1a: Dragapult|Ghost\n|move|p1a: Dragapult|Shadow Ball|p2a: Empoleon\n|-damage|p2a: Empoleon|48\/100\n|-unboost|p2a: Empoleon|spd|1\n|-ability|p2a: Empoleon|Competitive|boost\n|-boost|p2a: Empoleon|spa|2\n|\n|-heal|p2a: Empoleon|54\/100|[from] item: Leftovers\n|upkeep\n|turn|26\n|\n|t:|1700753835\n|move|p1a: Dragapult|Shadow Ball|p2a: Empoleon\n|-damage|p2a: Empoleon|0 fnt\n|faint|p2a: Empoleon\n|\n|upkeep\n|\n|t:|1700753842\n|switch|p2a: Zapdos|Zapdos, tera:Electric|100\/100\n|turn|27\n|\n|t:|1700753848\n|switch|p1a: Slowking|Slowking-Galar, F|36\/100\n|move|p2a: Zapdos|Volt Switch|p1a: Slowking\n|-damage|p1a: Slowking|8\/100\n|\n|t:|1700753854\n|switch|p2a: Corviknight|Corviknight, M|88\/100|[from] Volt Switch\n|-damage|p2a: Corviknight|76\/100|[from] Stealth Rock\n|-ability|p2a: Corviknight|Pressure\n|\n|-heal|p2a: Corviknight|82\/100|[from] item: Leftovers\n|upkeep\n|turn|28\n|\n|t:|1700753866\n|move|p2a: Corviknight|Brave Bird|p1a: Slowking\n|-damage|p1a: Slowking|0 fnt\n|faint|p1a: Slowking\n|-damage|p2a: Corviknight|79\/100|[from] Recoil\n|\n|-heal|p2a: Corviknight|85\/100|[from] item: Leftovers\n|upkeep\n|\n|t:|1700753871\n|switch|p1a: Dragapult|Dragapult, M, tera:Ghost|100\/100\n|turn|29\n|\n|t:|1700753880\n|move|p1a: Dragapult|Shadow Ball|p2a: Corviknight\n|-damage|p2a: Corviknight|12\/100\n|move|p2a: Corviknight|Brave Bird|p1a: Dragapult\n|-crit|p1a: Dragapult\n|-damage|p1a: Dragapult|29\/100\n|-damage|p2a: Corviknight|0 fnt|[from] Recoil\n|faint|p2a: Corviknight\n|\n|upkeep\n|\n|t:|1700753889\n|switch|p2a: Zapdos|Zapdos, tera:Electric|100\/100\n|turn|30\n|\n|t:|1700753894\n|switch|p1a: Cinderace|Cinderace, F|100\/100\n|move|p2a: Zapdos|Hurricane|p1a: Cinderace\n|-damage|p1a: Cinderace|24\/100\n|\n|upkeep\n|turn|31\n|\n|t:|1700753901\n|move|p1a: Cinderace|U-turn|p2a: Zapdos\n|-start|p1a: Cinderace|typechange|Bug|[from] ability: Libero\n|-damage|p2a: Zapdos|61\/100\n|-status|p1a: Cinderace|par|[from] ability: Static|[of] p2a: Zapdos\n|\n|t:|1700753904\n|switch|p1a: Kingambit|Kingambit, F|100\/100|[from] U-turn\n|-activate|p1a: Kingambit|ability: Supreme Overlord\n|-start|p1a: Kingambit|fallen3|[silent]\n|move|p2a: Zapdos|Volt Switch|p1a: Kingambit\n|-damage|p1a: Kingambit|58\/100\n|\n|t:|1700753912\n|switch|p2a: Quagsire|Quagsire, M|79\/100|[from] Volt Switch\n|-damage|p2a: Quagsire|73\/100|[from] Stealth Rock\n|\n|-heal|p1a: Kingambit|64\/100|[from] item: Leftovers\n|-heal|p2a: Quagsire|79\/100|[from] item: Leftovers\n|upkeep\n|turn|32\n|\n|t:|1700753922\n|move|p1a: Kingambit|Kowtow Cleave|p2a: Quagsire\n|-damage|p2a: Quagsire|34\/100\n|move|p2a: Quagsire|Earthquake|p1a: Kingambit\n|-supereffective|p1a: Kingambit\n|-damage|p1a: Kingambit|23\/100\n|\n|-heal|p1a: Kingambit|30\/100|[from] item: Leftovers\n|-heal|p2a: Quagsire|40\/100|[from] item: Leftovers\n|upkeep\n|turn|33\n|\n|t:|1700753931\n|move|p1a: Kingambit|Kowtow Cleave|p2a: Quagsire\n|-damage|p2a: Quagsire|0 fnt\n|faint|p2a: Quagsire\n|\n|-heal|p1a: Kingambit|36\/100|[from] item: Leftovers\n|upkeep\n|\n|t:|1700753938\n|switch|p2a: Zapdos|Zapdos, tera:Electric|61\/100\n|turn|34\n|\n|t:|1700753950\n|move|p1a: Kingambit|Sucker Punch|p2a: Zapdos\n|-damage|p2a: Zapdos|0 fnt\n|faint|p2a: Zapdos\n|\n|win|rwefqdewdfcwevw\n|raw|rwefqdewdfcwevw's rating: 1040 &rarr; <strong>1074<\/strong><br \/>(+34 for winning)\n|raw|Nykoh9's rating: 1040 &rarr; <strong>1024<\/strong><br \/>(-16 for losing)\n|l|\u2606Nykoh9\n","uploadtime":1700753958,"views":1,"p1id":"rwefqdewdfcwevw","p2id":"nykoh9","formatid":"gen9ou","rating":1024,"private":0,"password":""}