{"id":"gen9ou-1997167876","p1":"zuwo","p2":"ArayAlex","format":"[Gen 9] OU","log":"|j|\u2606zuwo\n|j|\u2606ArayAlex\n|t:|1700771451\n|gametype|singles\n|player|p1|zuwo|brawly|1145\n|player|p2|ArayAlex|266|1176\n|teamsize|p1|6\n|teamsize|p2|6\n|gen|9\n|tier|[Gen 9] OU\n|rated|\n|rule|Sleep Clause Mod: Limit one foe put to sleep\n|rule|Species Clause: Limit one of each Pok\u00e9mon\n|rule|OHKO Clause: OHKO moves are banned\n|rule|Evasion Items Clause: Evasion items are banned\n|rule|Evasion Moves Clause: Evasion moves are banned\n|rule|Endless Battle Clause: Forcing endless battles is banned\n|rule|HP Percentage Mod: HP is shown in percentages\n|clearpoke\n|poke|p1|Gholdengo|\n|poke|p1|Great Tusk|\n|poke|p1|Rotom-Wash|\n|poke|p1|Iron Valiant|\n|poke|p1|Dragonite, F|\n|poke|p1|Ting-Lu|\n|poke|p2|Corviknight, M|\n|poke|p2|Iron Moth|\n|poke|p2|Meowscarada, F|\n|poke|p2|Rotom-Wash|\n|poke|p2|Skeledirge, F|\n|poke|p2|Great Tusk|\n|teampreview\n|\n|t:|1700771463\n|start\n|switch|p1a: Dragonite|Dragonite, F|100\/100\n|switch|p2a: Meowscarada|Meowscarada, F|100\/100\n|turn|1\n|\n|t:|1700771475\n|move|p2a: Meowscarada|U-turn|p1a: Dragonite\n|-start|p2a: Meowscarada|typechange|Bug|[from] ability: Protean\n|-resisted|p1a: Dragonite\n|-damage|p1a: Dragonite|88\/100\n|\n|t:|1700771492\n|switch|p2a: Skeledirge|Skeledirge, F|100\/100|[from] U-turn\n|move|p1a: Dragonite|Dragon Dance|p1a: Dragonite\n|-boost|p1a: Dragonite|atk|1\n|-boost|p1a: Dragonite|spe|1\n|\n|upkeep\n|turn|2\n|\n|t:|1700771501\n|move|p1a: Dragonite|Earthquake|p2a: Skeledirge\n|-supereffective|p2a: Skeledirge\n|-damage|p2a: Skeledirge|56\/100\n|move|p2a: Skeledirge|Will-O-Wisp|p1a: Dragonite\n|-status|p1a: Dragonite|brn\n|\n|-heal|p2a: Skeledirge|62\/100|[from] item: Leftovers\n|-damage|p1a: Dragonite|82\/100 brn|[from] brn\n|upkeep\n|turn|3\n|\n|t:|1700771522\n|move|p1a: Dragonite|Earthquake|p2a: Skeledirge\n|-supereffective|p2a: Skeledirge\n|-damage|p2a: Skeledirge|42\/100\n|move|p2a: Skeledirge|Slack Off|p2a: Skeledirge\n|-heal|p2a: Skeledirge|92\/100\n|\n|-heal|p2a: Skeledirge|98\/100|[from] item: Leftovers\n|-damage|p1a: Dragonite|75\/100 brn|[from] brn\n|upkeep\n|turn|4\n|\n|t:|1700771534\n|move|p1a: Dragonite|Dragon Dance|p1a: Dragonite\n|-boost|p1a: Dragonite|atk|1\n|-boost|p1a: Dragonite|spe|1\n|move|p2a: Skeledirge|Torch Song|p1a: Dragonite\n|-resisted|p1a: Dragonite\n|-damage|p1a: Dragonite|60\/100 brn\n|-boost|p2a: Skeledirge|spa|1\n|\n|-heal|p2a: Skeledirge|100\/100|[from] item: Leftovers\n|-damage|p1a: Dragonite|53\/100 brn|[from] brn\n|upkeep\n|turn|5\n|\n|t:|1700771548\n|move|p1a: Dragonite|Earthquake|p2a: Skeledirge\n|-supereffective|p2a: Skeledirge\n|-damage|p2a: Skeledirge|78\/100\n|move|p2a: Skeledirge|Torch Song|p1a: Dragonite\n|-resisted|p1a: Dragonite\n|-damage|p1a: Dragonite|29\/100 brn\n|-boost|p2a: Skeledirge|spa|1\n|\n|-heal|p2a: Skeledirge|84\/100|[from] item: Leftovers\n|-damage|p1a: Dragonite|22\/100 brn|[from] brn\n|upkeep\n|turn|6\n|\n|t:|1700771562\n|switch|p1a: Rotom|Rotom-Wash|100\/100\n|move|p2a: Skeledirge|Torch Song|p1a: Rotom\n|-resisted|p1a: Rotom\n|-damage|p1a: Rotom|68\/100\n|-boost|p2a: Skeledirge|spa|1\n|\n|-heal|p1a: Rotom|74\/100|[from] item: Leftovers\n|-heal|p2a: Skeledirge|90\/100|[from] item: Leftovers\n|upkeep\n|turn|7\n|\n|t:|1700771579\n|-terastallize|p2a: Skeledirge|Water\n|move|p1a: Rotom|Hydro Pump|p2a: Skeledirge|[miss]\n|-miss|p1a: Rotom|p2a: Skeledirge\n|move|p2a: Skeledirge|Torch Song|p1a: Rotom\n|-resisted|p1a: Rotom\n|-damage|p1a: Rotom|35\/100\n|-boost|p2a: Skeledirge|spa|1\n|\n|-heal|p1a: Rotom|42\/100|[from] item: Leftovers\n|-heal|p2a: Skeledirge|96\/100|[from] item: Leftovers\n|upkeep\n|turn|8\n|\n|t:|1700771609\n|switch|p2a: Great Tusk|Great Tusk|100\/100\n|move|p1a: Rotom|Volt Switch|p2a: Great Tusk\n|-immune|p2a: Great Tusk\n|\n|-heal|p1a: Rotom|48\/100|[from] item: Leftovers\n|upkeep\n|turn|9\n|\n|t:|1700771636\n|move|p2a: Great Tusk|Ice Spinner|p1a: Rotom\n|-resisted|p1a: Rotom\n|-damage|p1a: Rotom|32\/100\n|-damage|p2a: Great Tusk|91\/100|[from] item: Life Orb\n|move|p1a: Rotom|Will-O-Wisp|p2a: Great Tusk\n|-status|p2a: Great Tusk|brn\n|\n|-heal|p1a: Rotom|39\/100|[from] item: Leftovers\n|-damage|p2a: Great Tusk|84\/100 brn|[from] brn\n|upkeep\n|turn|10\n|\n|t:|1700771655\n|-end|p2a: Great Tusk|Protosynthesis|[silent]\n|switch|p2a: Meowscarada|Meowscarada, F|100\/100\n|move|p1a: Rotom|Hydro Pump|p2a: Meowscarada\n|-resisted|p2a: Meowscarada\n|-damage|p2a: Meowscarada|69\/100\n|\n|-heal|p1a: Rotom|45\/100|[from] item: Leftovers\n|upkeep\n|turn|11\n|\n|t:|1700771685\n|switch|p1a: Iron Valiant|Iron Valiant|100\/100\n|-enditem|p1a: Iron Valiant|Booster Energy\n|-activate|p1a: Iron Valiant|ability: Quark Drive|[fromitem]\n|-start|p1a: Iron Valiant|quarkdrivespe\n|move|p2a: Meowscarada|Knock Off|p1a: Iron Valiant\n|-start|p2a: Meowscarada|typechange|Dark|[from] ability: Protean\n|-resisted|p1a: Iron Valiant\n|-damage|p1a: Iron Valiant|87\/100\n|\n|upkeep\n|turn|12\n|\n|t:|1700771705\n|switch|p2a: Iron Moth|Iron Moth|100\/100\n|move|p1a: Iron Valiant|Close Combat|p2a: Iron Moth\n|-resisted|p2a: Iron Moth\n|-damage|p2a: Iron Moth|65\/100\n|-unboost|p1a: Iron Valiant|def|1\n|-unboost|p1a: Iron Valiant|spd|1\n|\n|-heal|p2a: Iron Moth|71\/100|[from] item: Leftovers\n|upkeep\n|turn|13\n|\n|t:|1700771729\n|-end|p1a: Iron Valiant|Quark Drive|[silent]\n|switch|p1a: Rotom|Rotom-Wash|45\/100\n|-end|p2a: Iron Moth|Quark Drive|[silent]\n|switch|p2a: Rotom|Rotom-Wash|100\/100\n|\n|-heal|p1a: Rotom|51\/100|[from] item: Leftovers\n|upkeep\n|turn|14\n|\n|t:|1700771740\n|move|p1a: Rotom|Will-O-Wisp|p2a: Rotom\n|-status|p2a: Rotom|brn\n|move|p2a: Rotom|Volt Switch|p1a: Rotom\n|-damage|p1a: Rotom|13\/100\n|\n|t:|1700771755\n|switch|p2a: Meowscarada|Meowscarada, F|69\/100|[from] Volt Switch\n|\n|-heal|p1a: Rotom|19\/100|[from] item: Leftovers\n|upkeep\n|turn|15\n|\n|t:|1700771770\n|move|p2a: Meowscarada|Flower Trick|p1a: Rotom\n|-start|p2a: Meowscarada|typechange|Grass|[from] ability: Protean\n|-supereffective|p1a: Rotom\n|-crit|p1a: Rotom\n|-damage|p1a: Rotom|0 fnt\n|faint|p1a: Rotom\n|\n|upkeep\n|\n|t:|1700771793\n|switch|p1a: Gholdengo|Gholdengo|100\/100\n|-item|p1a: Gholdengo|Air Balloon\n|turn|16\n|\n|t:|1700771810\n|switch|p2a: Rotom|Rotom-Wash|100\/100 brn\n|move|p1a: Gholdengo|Nasty Plot|p1a: Gholdengo\n|-boost|p1a: Gholdengo|spa|2\n|\n|-damage|p2a: Rotom|94\/100 brn|[from] brn\n|upkeep\n|turn|17\n|\n|t:|1700771828\n|move|p1a: Gholdengo|Shadow Ball|p2a: Rotom\n|-damage|p2a: Rotom|15\/100 brn\n|move|p2a: Rotom|Thunderbolt|p1a: Gholdengo\n|-crit|p1a: Gholdengo\n|-damage|p1a: Gholdengo|22\/100\n|-enditem|p1a: Gholdengo|Air Balloon\n|\n|-damage|p2a: Rotom|9\/100 brn|[from] brn\n|upkeep\n|turn|18\n|\n|t:|1700771845\n|move|p1a: Gholdengo|Shadow Ball|p2a: Rotom\n|-damage|p2a: Rotom|0 fnt\n|faint|p2a: Rotom\n|\n|upkeep\n|\n|t:|1700771854\n|switch|p2a: Meowscarada|Meowscarada, F|69\/100\n|turn|19\n|l|\u2606zuwo\n|player|p1|\n|j|\u2606zuwo\n|player|p1|zuwo|brawly\n|\n|t:|1700771921\n|move|p2a: Meowscarada|Flower Trick|p1a: Gholdengo\n|-start|p2a: Meowscarada|typechange|Grass|[from] ability: Protean\n|-resisted|p1a: Gholdengo\n|-crit|p1a: Gholdengo\n|-damage|p1a: Gholdengo|0 fnt\n|faint|p1a: Gholdengo\n|\n|upkeep\n|\n|t:|1700771939\n|switch|p1a: Dragonite|Dragonite, F|22\/100 brn\n|turn|20\n|\n|t:|1700771943\n|move|p2a: Meowscarada|Flower Trick|p1a: Dragonite\n|-resisted|p1a: Dragonite\n|-crit|p1a: Dragonite\n|-damage|p1a: Dragonite|4\/100 brn\n|move|p1a: Dragonite|Ice Spinner|p2a: Meowscarada\n|-supereffective|p2a: Meowscarada\n|-damage|p2a: Meowscarada|27\/100\n|\n|-damage|p1a: Dragonite|0 fnt|[from] brn\n|faint|p1a: Dragonite\n|upkeep\n|\n|t:|1700771956\n|switch|p1a: Iron Valiant|Iron Valiant|87\/100\n|turn|21\n|\n|t:|1700771969\n|move|p2a: Meowscarada|Flower Trick|p1a: Iron Valiant\n|-crit|p1a: Iron Valiant\n|-damage|p1a: Iron Valiant|0 fnt\n|faint|p1a: Iron Valiant\n|-end|p1a: Iron Valiant|Quark Drive|[silent]\n|\n|upkeep\n|\n|t:|1700771976\n|switch|p1a: Great Tusk|Great Tusk|100\/100\n|turn|22\n|\n|t:|1700771991\n|-terastallize|p1a: Great Tusk|Steel\n|move|p2a: Meowscarada|Flower Trick|p1a: Great Tusk\n|-resisted|p1a: Great Tusk\n|-crit|p1a: Great Tusk\n|-damage|p1a: Great Tusk|73\/100\n|move|p1a: Great Tusk|Close Combat|p2a: Meowscarada\n|-damage|p2a: Meowscarada|0 fnt\n|-unboost|p1a: Great Tusk|def|1\n|-unboost|p1a: Great Tusk|spd|1\n|faint|p2a: Meowscarada\n|\n|-heal|p1a: Great Tusk|79\/100|[from] item: Leftovers\n|upkeep\n|\n|t:|1700772006\n|switch|p2a: Skeledirge|Skeledirge, F, tera:Water|96\/100\n|turn|23\n|\n|t:|1700772016\n|move|p1a: Great Tusk|Close Combat|p2a: Skeledirge\n|-damage|p2a: Skeledirge|57\/100\n|-unboost|p1a: Great Tusk|def|1\n|-unboost|p1a: Great Tusk|spd|1\n|move|p2a: Skeledirge|Will-O-Wisp|p1a: Great Tusk\n|-status|p1a: Great Tusk|brn\n|\n|-heal|p1a: Great Tusk|85\/100 brn|[from] item: Leftovers\n|-heal|p2a: Skeledirge|63\/100|[from] item: Leftovers\n|-damage|p1a: Great Tusk|79\/100 brn|[from] brn\n|upkeep\n|turn|24\n|\n|t:|1700772029\n|move|p1a: Great Tusk|Close Combat|p2a: Skeledirge\n|-damage|p2a: Skeledirge|45\/100\n|-unboost|p1a: Great Tusk|def|1\n|-unboost|p1a: Great Tusk|spd|1\n|move|p2a: Skeledirge|Slack Off|p2a: Skeledirge\n|-heal|p2a: Skeledirge|95\/100\n|\n|-heal|p1a: Great Tusk|85\/100 brn|[from] item: Leftovers\n|-heal|p2a: Skeledirge|100\/100|[from] item: Leftovers\n|-damage|p1a: Great Tusk|79\/100 brn|[from] brn\n|upkeep\n|turn|25\n|-message|zuwo forfeited.\n|\n|win|ArayAlex\n|raw|zuwo's rating: 1145 &rarr; <strong>1122<\/strong><br \/>(-23 for losing)\n|raw|ArayAlex's rating: 1176 &rarr; <strong>1199<\/strong><br \/>(+23 for winning)\n|l|\u2606zuwo\n","uploadtime":1700772220,"views":6,"p1id":"zuwo","p2id":"arayalex","formatid":"gen9ou","rating":1122,"private":0,"password":""}