{"id":"gen9ou-2000060948","p1":"Pickedman","p2":"stallgod6000","format":"[Gen 9] OU","log":"|j|\u2606Pickedman\n|j|\u2606stallgod6000\n|t:|1701147840\n|gametype|singles\n|player|p1|Pickedman|zinnia|\n|player|p2|stallgod6000|wallace|\n|teamsize|p1|6\n|teamsize|p2|6\n|gen|9\n|tier|[Gen 9] OU\n|rule|Sleep Clause Mod: Limit one foe put to sleep\n|rule|Species Clause: Limit one of each Pok\u00e9mon\n|rule|OHKO Clause: OHKO moves are banned\n|rule|Evasion Items Clause: Evasion items are banned\n|rule|Evasion Moves Clause: Evasion moves are banned\n|rule|Endless Battle Clause: Forcing endless battles is banned\n|rule|HP Percentage Mod: HP is shown in percentages\n|clearpoke\n|poke|p1|Iron Moth|\n|poke|p1|Iron Valiant|\n|poke|p1|Ogerpon-Wellspring, F|\n|poke|p1|Kingambit, F|\n|poke|p1|Glimmora, F|\n|poke|p1|Zamazenta-*|\n|poke|p2|Maushold-Four|\n|poke|p2|Weavile, F|\n|poke|p2|Kingambit, F|\n|poke|p2|Samurott-Hisui, M|\n|poke|p2|Garganacl, F|\n|poke|p2|Amoonguss, M|\n|teampreview\n|inactive|Battle timer is ON: inactive players will automatically lose when time's up. (requested by stallgod6000)\n|\n|t:|1701147881\n|start\n|switch|p1a: Glimmora|Glimmora, F|100\/100\n|switch|p2a: Samurott|Samurott-Hisui, M|100\/100\n|turn|1\n|\n|t:|1701147906\n|move|p1a: Glimmora|Stealth Rock|p2a: Samurott\n|-sidestart|p2: stallgod6000|move: Stealth Rock\n|move|p2a: Samurott|Aqua Cutter|p1a: Glimmora\n|-supereffective|p1a: Glimmora\n|-enditem|p1a: Glimmora|Focus Sash\n|-damage|p1a: Glimmora|1\/100\n|-activate|p1a: Glimmora|ability: Toxic Debris\n|-sidestart|p2: stallgod6000|move: Toxic Spikes\n|\n|upkeep\n|turn|2\n|inactive|Pickedman has 270 seconds left.\n|\n|t:|1701147945\n|move|p1a: Glimmora|Mortal Spin|p2a: Samurott\n|-damage|p2a: Samurott|94\/100\n|-status|p2a: Samurott|psn\n|move|p2a: Samurott|Swords Dance|p2a: Samurott\n|-boost|p2a: Samurott|atk|2\n|\n|-damage|p2a: Samurott|82\/100 psn|[from] psn\n|upkeep\n|turn|3\n|inactive|Pickedman has 270 seconds left.\n|\n|t:|1701147954\n|move|p2a: Samurott|Aqua Jet|p1a: Glimmora\n|-supereffective|p1a: Glimmora\n|-damage|p1a: Glimmora|0 fnt\n|-activate|p1a: Glimmora|ability: Toxic Debris\n|-sidestart|p2: stallgod6000|move: Toxic Spikes\n|faint|p1a: Glimmora\n|\n|-damage|p2a: Samurott|70\/100 psn|[from] psn\n|upkeep\n|inactive|Pickedman has 270 seconds left.\n|\n|t:|1701147976\n|switch|p1a: Ogerpon|Ogerpon-Wellspring, F|100\/100\n|turn|4\n|\n|t:|1701147990\n|move|p1a: Ogerpon|Encore|p2a: Samurott\n|-start|p2a: Samurott|Encore\n|move|p2a: Samurott|Aqua Jet|p1a: Ogerpon\n|-immune|p1a: Ogerpon|[from] ability: Water Absorb\n|\n|-damage|p2a: Samurott|57\/100 psn|[from] psn\n|upkeep\n|turn|5\n|inactive|Pickedman has 270 seconds left.\n|\n|t:|1701148002\n|switch|p2a: Amoonguss|Amoonguss, M|100\/100\n|-damage|p2a: Amoonguss|88\/100|[from] Stealth Rock\n|-sideend|p2: stallgod6000|move: Toxic Spikes|[of] p2a: Amoonguss\n|move|p1a: Ogerpon|Swords Dance|p1a: Ogerpon\n|-boost|p1a: Ogerpon|atk|2\n|\n|upkeep\n|turn|6\n|\n|t:|1701148015\n|move|p1a: Ogerpon|Ivy Cudgel|p2a: Amoonguss|[anim] Ivy Cudgel Water\n|-resisted|p2a: Amoonguss\n|-damage|p2a: Amoonguss|44\/100\n|-enditem|p2a: Amoonguss|Red Card|[of] p1a: Ogerpon\n|drag|p1a: Zamazenta|Zamazenta|100\/100\n|-ability|p1a: Zamazenta|Dauntless Shield|boost\n|-boost|p1a: Zamazenta|def|1\n|move|p2a: Amoonguss|Foul Play|p1a: Zamazenta\n|-resisted|p1a: Zamazenta\n|-damage|p1a: Zamazenta|92\/100\n|\n|upkeep\n|turn|7\n|\n|t:|1701148024\n|switch|p1a: Ogerpon|Ogerpon-Wellspring, F|100\/100\n|move|p2a: Amoonguss|Spore|p1a: Ogerpon\n|-immune|p1a: Ogerpon\n|\n|upkeep\n|turn|8\n|\n|t:|1701148043\n|switch|p2a: Garganacl|Garganacl, F|100\/100\n|-damage|p2a: Garganacl|88\/100|[from] Stealth Rock\n|move|p1a: Ogerpon|Encore||[still]\n|-fail|p1a: Ogerpon\n|\n|-heal|p2a: Garganacl|94\/100|[from] item: Leftovers\n|upkeep\n|turn|9\n|\n|t:|1701148053\n|switch|p1a: Zamazenta|Zamazenta|92\/100\n|-terastallize|p2a: Garganacl|Fairy\n|move|p2a: Garganacl|Salt Cure|p1a: Zamazenta\n|-resisted|p1a: Zamazenta\n|-damage|p1a: Zamazenta|85\/100\n|-start|p1a: Zamazenta|Salt Cure\n|\n|-heal|p2a: Garganacl|100\/100|[from] item: Leftovers\n|-damage|p1a: Zamazenta|73\/100|[from] Salt Cure\n|upkeep\n|turn|10\n|\n|t:|1701148059\n|move|p1a: Zamazenta|Heavy Slam|p2a: Garganacl\n|-supereffective|p2a: Garganacl\n|-damage|p2a: Garganacl|82\/100\n|move|p2a: Garganacl|Iron Defense|p2a: Garganacl\n|-boost|p2a: Garganacl|def|2\n|\n|-heal|p2a: Garganacl|88\/100|[from] item: Leftovers\n|-damage|p1a: Zamazenta|61\/100|[from] Salt Cure\n|upkeep\n|turn|11\n|\n|t:|1701148070\n|switch|p1a: Ogerpon|Ogerpon-Wellspring, F|100\/100\n|move|p2a: Garganacl|Iron Defense|p2a: Garganacl\n|-boost|p2a: Garganacl|def|2\n|\n|-heal|p2a: Garganacl|94\/100|[from] item: Leftovers\n|upkeep\n|turn|12\n|\n|t:|1701148078\n|move|p1a: Ogerpon|Encore|p2a: Garganacl\n|-start|p2a: Garganacl|Encore\n|move|p2a: Garganacl|Iron Defense|p2a: Garganacl\n|-boost|p2a: Garganacl|def|2\n|\n|-heal|p2a: Garganacl|99\/100|[from] item: Leftovers\n|upkeep\n|turn|13\n|\n|t:|1701148084\n|switch|p1a: Iron Moth|Iron Moth|100\/100\n|-enditem|p1a: Iron Moth|Booster Energy\n|-activate|p1a: Iron Moth|ability: Quark Drive|[fromitem]\n|-start|p1a: Iron Moth|quarkdrivespe\n|move|p2a: Garganacl|Iron Defense|p2a: Garganacl\n|-boost|p2a: Garganacl|def|0\n|\n|-heal|p2a: Garganacl|100\/100|[from] item: Leftovers\n|upkeep\n|turn|14\n|\n|t:|1701148094\n|switch|p2a: Amoonguss|Amoonguss, M|77\/100\n|-damage|p2a: Amoonguss|65\/100|[from] Stealth Rock\n|move|p1a: Iron Moth|Substitute|p1a: Iron Moth\n|-start|p1a: Iron Moth|Substitute\n|-damage|p1a: Iron Moth|76\/100\n|\n|upkeep\n|turn|15\n|\n|t:|1701148103\n|switch|p2a: Samurott|Samurott-Hisui, M|57\/100 psn\n|-damage|p2a: Samurott|45\/100 psn|[from] Stealth Rock\n|move|p1a: Iron Moth|Fiery Dance|p2a: Samurott\n|-resisted|p2a: Samurott\n|-damage|p2a: Samurott|15\/100 psn\n|\n|-damage|p2a: Samurott|3\/100 psn|[from] psn\n|upkeep\n|turn|16\n|\n|t:|1701148107\n|move|p1a: Iron Moth|Fiery Dance|p2a: Samurott\n|-resisted|p2a: Samurott\n|-damage|p2a: Samurott|0 fnt\n|-boost|p1a: Iron Moth|spa|1\n|faint|p2a: Samurott\n|\n|upkeep\n|\n|t:|1701148122\n|switch|p2a: Maushold|Maushold-Four|100\/100\n|-damage|p2a: Maushold|88\/100|[from] Stealth Rock\n|turn|17\n|\n|t:|1701148134\n|move|p1a: Iron Moth|Sludge Wave|p2a: Maushold\n|-damage|p2a: Maushold|0 fnt\n|faint|p2a: Maushold\n|\n|upkeep\n|\n|t:|1701148144\n|switch|p2a: Weavile|Weavile, F|100\/100\n|-ability|p2a: Weavile|Pressure\n|turn|18\n|\n|t:|1701148155\n|move|p1a: Iron Moth|Fiery Dance|p2a: Weavile\n|-supereffective|p2a: Weavile\n|-damage|p2a: Weavile|0 fnt\n|faint|p2a: Weavile\n|\n|upkeep\n|\n|t:|1701148163\n|switch|p2a: Garganacl|Garganacl, F, tera:Fairy|100\/100\n|-damage|p2a: Garganacl|88\/100|[from] Stealth Rock\n|turn|19\n|\n|t:|1701148175\n|move|p1a: Iron Moth|Sludge Wave|p2a: Garganacl\n|-supereffective|p2a: Garganacl\n|-damage|p2a: Garganacl|1\/100\n|move|p2a: Garganacl|Salt Cure|p1a: Iron Moth\n|-supereffective|p1a: Iron Moth\n|-end|p1a: Iron Moth|Substitute\n|\n|-heal|p2a: Garganacl|8\/100|[from] item: Leftovers\n|upkeep\n|turn|20\n|\n|t:|1701148188\n|move|p1a: Iron Moth|Fiery Dance|p2a: Garganacl\n|-damage|p2a: Garganacl|0 fnt\n|-boost|p1a: Iron Moth|spa|1\n|faint|p2a: Garganacl\n|\n|upkeep\n|\n|t:|1701148194\n|switch|p2a: Kingambit|Kingambit, F|100\/100\n|-damage|p2a: Kingambit|94\/100|[from] Stealth Rock\n|-activate|p2a: Kingambit|ability: Supreme Overlord\n|-start|p2a: Kingambit|fallen4|[silent]\n|turn|21\n|\n|t:|1701148198\n|-end|p2a: Kingambit|fallen4|[silent]\n|switch|p2a: Amoonguss|Amoonguss, M|98\/100\n|-damage|p2a: Amoonguss|86\/100|[from] Stealth Rock\n|move|p1a: Iron Moth|Substitute|p1a: Iron Moth\n|-start|p1a: Iron Moth|Substitute\n|-damage|p1a: Iron Moth|51\/100\n|\n|upkeep\n|turn|22\n|\n|t:|1701148208\n|move|p1a: Iron Moth|Fiery Dance|p2a: Amoonguss\n|-supereffective|p2a: Amoonguss\n|-damage|p2a: Amoonguss|0 fnt\n|-boost|p1a: Iron Moth|spa|1\n|faint|p2a: Amoonguss\n|\n|upkeep\n|\n|t:|1701148213\n|switch|p2a: Kingambit|Kingambit, F|94\/100\n|-damage|p2a: Kingambit|88\/100|[from] Stealth Rock\n|-activate|p2a: Kingambit|ability: Supreme Overlord\n|-start|p2a: Kingambit|fallen5|[silent]\n|turn|23\n|\n|t:|1701148225\n|move|p2a: Kingambit|Sucker Punch|p1a: Iron Moth\n|-end|p1a: Iron Moth|Substitute\n|move|p1a: Iron Moth|Energy Ball|p2a: Kingambit\n|-resisted|p2a: Kingambit\n|-damage|p2a: Kingambit|46\/100\n|\n|-heal|p2a: Kingambit|53\/100|[from] item: Leftovers\n|upkeep\n|turn|24\n|\n|t:|1701148248\n|move|p2a: Kingambit|Sucker Punch|p1a: Iron Moth\n|-damage|p1a: Iron Moth|0 fnt\n|faint|p1a: Iron Moth\n|-end|p1a: Iron Moth|Quark Drive|[silent]\n|\n|-heal|p2a: Kingambit|59\/100|[from] item: Leftovers\n|upkeep\n|\n|t:|1701148254\n|switch|p1a: Ogerpon|Ogerpon-Wellspring, F|100\/100\n|turn|25\n|\n|t:|1701148258\n|move|p1a: Ogerpon|Ivy Cudgel|p2a: Kingambit|[anim] Ivy Cudgel Water\n|-damage|p2a: Kingambit|6\/100\n|move|p2a: Kingambit|Kowtow Cleave|p1a: Ogerpon\n|-damage|p1a: Ogerpon|0 fnt\n|faint|p1a: Ogerpon\n|\n|-heal|p2a: Kingambit|12\/100|[from] item: Leftovers\n|upkeep\n|\n|t:|1701148268\n|switch|p1a: Zamazenta|Zamazenta|61\/100\n|turn|26\n|\n|t:|1701148273\n|move|p1a: Zamazenta|Heavy Slam|p2a: Kingambit\n|-resisted|p2a: Kingambit\n|-damage|p2a: Kingambit|7\/100\n|move|p2a: Kingambit|Low Kick|p1a: Zamazenta\n|-damage|p1a: Zamazenta|0 fnt\n|faint|p1a: Zamazenta\n|\n|-heal|p2a: Kingambit|13\/100|[from] item: Leftovers\n|upkeep\n|\n|t:|1701148281\n|switch|p1a: Iron Valiant|Iron Valiant|100\/100\n|-enditem|p1a: Iron Valiant|Booster Energy\n|-activate|p1a: Iron Valiant|ability: Quark Drive|[fromitem]\n|-start|p1a: Iron Valiant|quarkdrivespe\n|turn|27\n|\n|t:|1701148292\n|move|p1a: Iron Valiant|Calm Mind|p1a: Iron Valiant\n|-boost|p1a: Iron Valiant|spa|1\n|-boost|p1a: Iron Valiant|spd|1\n|move|p2a: Kingambit|Swords Dance|p2a: Kingambit\n|-boost|p2a: Kingambit|atk|2\n|\n|-heal|p2a: Kingambit|19\/100|[from] item: Leftovers\n|upkeep\n|turn|28\n|\n|t:|1701148297\n|move|p1a: Iron Valiant|Calm Mind|p1a: Iron Valiant\n|-boost|p1a: Iron Valiant|spa|1\n|-boost|p1a: Iron Valiant|spd|1\n|move|p2a: Kingambit|Swords Dance|p2a: Kingambit\n|-boost|p2a: Kingambit|atk|2\n|\n|-heal|p2a: Kingambit|25\/100|[from] item: Leftovers\n|upkeep\n|turn|29\n|\n|t:|1701148304\n|move|p1a: Iron Valiant|Calm Mind|p1a: Iron Valiant\n|-boost|p1a: Iron Valiant|spa|1\n|-boost|p1a: Iron Valiant|spd|1\n|move|p2a: Kingambit|Kowtow Cleave|p1a: Iron Valiant\n|-resisted|p1a: Iron Valiant\n|-damage|p1a: Iron Valiant|32\/100\n|\n|-heal|p2a: Kingambit|31\/100|[from] item: Leftovers\n|upkeep\n|turn|30\n|\n|t:|1701148315\n|move|p2a: Kingambit|Sucker Punch|p1a: Iron Valiant\n|-resisted|p1a: Iron Valiant\n|-damage|p1a: Iron Valiant|0 fnt\n|faint|p1a: Iron Valiant\n|-end|p1a: Iron Valiant|Quark Drive|[silent]\n|\n|-heal|p2a: Kingambit|37\/100|[from] item: Leftovers\n|upkeep\n|\n|t:|1701148318\n|switch|p1a: Kingambit|Kingambit, F|100\/100\n|-activate|p1a: Kingambit|ability: Supreme Overlord\n|-start|p1a: Kingambit|fallen5|[silent]\n|turn|31\n|\n|t:|1701148335\n|-terastallize|p1a: Kingambit|Flying\n|move|p2a: Kingambit|Low Kick|p1a: Kingambit\n|-resisted|p1a: Kingambit\n|-damage|p1a: Kingambit|41\/100\n|move|p1a: Kingambit|Swords Dance|p1a: Kingambit\n|-boost|p1a: Kingambit|atk|2\n|\n|-heal|p2a: Kingambit|43\/100|[from] item: Leftovers\n|-heal|p1a: Kingambit|47\/100|[from] item: Leftovers\n|upkeep\n|turn|32\n|\n|t:|1701148343\n|move|p2a: Kingambit|Sucker Punch|p1a: Kingambit\n|-damage|p1a: Kingambit|0 fnt\n|faint|p1a: Kingambit\n|-end|p1a: Kingambit|fallen5|[silent]\n|\n|win|stallgod6000\n|l|\u2606stallgod6000\n","uploadtime":1701148358,"views":2,"p1id":"pickedman","p2id":"stallgod6000","formatid":"gen9ou","rating":0,"private":0,"password":""}