{"id":"gen9ou-1989872616","p1":"terminator2006","p2":"Igorr Wolfang","format":"[Gen 9] OU","log":"|j|\u2606terminator2006\n|j|\u2606Igorr Wolfang\n|t:|1699902794\n|gametype|singles\n|player|p1|terminator2006|dragontamer|1127\n|player|p2|Igorr Wolfang|giovanni|1132\n|teamsize|p1|6\n|teamsize|p2|6\n|gen|9\n|tier|[Gen 9] OU\n|rated|\n|rule|Sleep Clause Mod: Limit one foe put to sleep\n|rule|Species Clause: Limit one of each Pok\u00e9mon\n|rule|OHKO Clause: OHKO moves are banned\n|rule|Evasion Items Clause: Evasion items are banned\n|rule|Evasion Moves Clause: Evasion moves are banned\n|rule|Endless Battle Clause: Forcing endless battles is banned\n|rule|HP Percentage Mod: HP is shown in percentages\n|clearpoke\n|poke|p1|Enamorus, F|\n|poke|p1|Blissey, F|\n|poke|p1|Kingambit, M|\n|poke|p1|Iron Valiant|\n|poke|p1|Alomomola, F|\n|poke|p1|Dondozo, F|\n|poke|p2|Dragapult, M|\n|poke|p2|Politoed, F|\n|poke|p2|Toxicroak, M|\n|poke|p2|Cloyster, F|\n|poke|p2|Kleavor, F|\n|poke|p2|Enamorus, F|\n|teampreview\n|\n|t:|1699902804\n|start\n|switch|p1a: Alomomola|Alomomola, F|100\/100\n|switch|p2a: Shellby|Cloyster, F, shiny|100\/100\n|turn|1\n|\n|t:|1699902811\n|move|p2a: Shellby|Shell Smash|p2a: Shellby\n|-unboost|p2a: Shellby|def|1\n|-unboost|p2a: Shellby|spd|1\n|-boost|p2a: Shellby|atk|2\n|-boost|p2a: Shellby|spa|2\n|-boost|p2a: Shellby|spe|2\n|move|p1a: Alomomola|Flip Turn|p2a: Shellby\n|-resisted|p2a: Shellby\n|-damage|p2a: Shellby|92\/100\n|\n|t:|1699902815\n|switch|p1a: Dondozo|Dondozo, F|100\/100|[from] Flip Turn\n|\n|upkeep\n|turn|2\n|\n|t:|1699902826\n|move|p2a: Shellby|Rock Blast|p1a: Dondozo\n|-damage|p1a: Dondozo|97\/100\n|-damage|p1a: Dondozo|92\/100\n|-damage|p1a: Dondozo|88\/100\n|-damage|p1a: Dondozo|84\/100\n|-damage|p1a: Dondozo|80\/100\n|-hitcount|p1a: Dondozo|5\n|move|p1a: Dondozo|Curse|p1a: Dondozo\n|-unboost|p1a: Dondozo|spe|1\n|-boost|p1a: Dondozo|atk|1\n|-boost|p1a: Dondozo|def|1\n|\n|-heal|p1a: Dondozo|86\/100|[from] item: Leftovers\n|upkeep\n|turn|3\n|\n|t:|1699902842\n|switch|p2a: Prueba el Sapo|Politoed, F, shiny|100\/100\n|-weather|RainDance|[from] ability: Drizzle|[of] p2a: Prueba el Sapo\n|move|p1a: Dondozo|Curse|p1a: Dondozo\n|-unboost|p1a: Dondozo|spe|1\n|-boost|p1a: Dondozo|atk|1\n|-boost|p1a: Dondozo|def|1\n|\n|-weather|RainDance|[upkeep]\n|-heal|p1a: Dondozo|92\/100|[from] item: Leftovers\n|upkeep\n|turn|4\n|-activate|p2a: Prueba el Sapo|item: Quick Claw\n|\n|t:|1699902860\n|move|p2a: Prueba el Sapo|Haze|p2a: Prueba el Sapo\n|-clearallboost\n|move|p1a: Dondozo|Wave Crash|p2a: Prueba el Sapo\n|-resisted|p2a: Prueba el Sapo\n|-damage|p2a: Prueba el Sapo|63\/100\n|-damage|p1a: Dondozo|83\/100|[from] Recoil\n|\n|-weather|RainDance|[upkeep]\n|-heal|p1a: Dondozo|89\/100|[from] item: Leftovers\n|upkeep\n|turn|5\n|\n|t:|1699902872\n|switch|p2a: Drake Bell|Dragapult, M|100\/100\n|switch|p1a: Alomomola|Alomomola, F|100\/100\n|\n|-weather|RainDance|[upkeep]\n|upkeep\n|turn|6\n|\n|t:|1699902880\n|switch|p1a: Blissey|Blissey, F|100\/100\n|move|p2a: Drake Bell|Thunder|p1a: Blissey\n|-crit|p1a: Blissey\n|-damage|p1a: Blissey|89\/100\n|-status|p1a: Blissey|par\n|\n|-weather|RainDance|[upkeep]\n|-heal|p1a: Blissey|95\/100 par|[from] item: Leftovers\n|upkeep\n|turn|7\n|\n|t:|1699902890\n|move|p2a: Drake Bell|Dragon Darts|p1a: Blissey\n|-damage|p1a: Blissey|50\/100 par\n|-anim|p2a: Drake Bell|Dragon Darts|p1a: Blissey\n|-damage|p1a: Blissey|1\/100 par\n|move|p1a: Blissey|Thunder Wave|p2a: Drake Bell\n|-status|p2a: Drake Bell|par\n|\n|-weather|none\n|-heal|p1a: Blissey|7\/100 par|[from] item: Leftovers\n|upkeep\n|turn|8\n|\n|t:|1699902904\n|-curestatus|p1a: Blissey|par|[from] ability: Natural Cure\n|switch|p1a: Alomomola|Alomomola, F|100\/100\n|move|p2a: Drake Bell|Dragon Darts|p1a: Alomomola\n|-damage|p1a: Alomomola|88\/100\n|-anim|p2a: Drake Bell|Dragon Darts|p1a: Alomomola\n|-damage|p1a: Alomomola|74\/100\n|\n|-heal|p1a: Alomomola|80\/100|[from] item: Leftovers\n|upkeep\n|turn|9\n|\n|t:|1699902914\n|move|p2a: Drake Bell|Thunder|p1a: Alomomola\n|-supereffective|p1a: Alomomola\n|-damage|p1a: Alomomola|21\/100\n|move|p1a: Alomomola|Wish|p1a: Alomomola\n|\n|-heal|p1a: Alomomola|27\/100|[from] item: Leftovers\n|upkeep\n|turn|10\n|\n|t:|1699902930\n|switch|p1a: Blissey|Blissey, F|7\/100\n|move|p2a: Drake Bell|Dragon Darts|p1a: Blissey\n|-damage|p1a: Blissey|0 fnt\n|faint|p1a: Blissey\n|\n|upkeep\n|\n|t:|1699902939\n|switch|p1a: Enamorus|Enamorus, F|100\/100\n|turn|11\n|\n|t:|1699902946\n|-terastallize|p2a: Drake Bell|Steel\n|move|p1a: Enamorus|Moonblast|p2a: Drake Bell\n|-resisted|p2a: Drake Bell\n|-crit|p2a: Drake Bell\n|-damage|p2a: Drake Bell|45\/100 par\n|move|p2a: Drake Bell|Thunder|p1a: Enamorus\n|-supereffective|p1a: Enamorus\n|-damage|p1a: Enamorus|24\/100\n|\n|upkeep\n|turn|12\n|\n|t:|1699902963\n|move|p1a: Enamorus|Moonblast|p2a: Drake Bell\n|-resisted|p2a: Drake Bell\n|-damage|p2a: Drake Bell|12\/100 par\n|cant|p2a: Drake Bell|par\n|\n|upkeep\n|turn|13\n|\n|t:|1699902970\n|move|p1a: Enamorus|Moonblast|p2a: Drake Bell\n|-resisted|p2a: Drake Bell\n|-damage|p2a: Drake Bell|0 fnt\n|-start|p1a: Enamorus|Disable|Moonblast|[from] ability: Cursed Body|[of] p2a: Drake Bell\n|faint|p2a: Drake Bell\n|\n|upkeep\n|\n|t:|1699902982\n|switch|p2a: Prueba el Sapo|Politoed, F, shiny|63\/100\n|-weather|RainDance|[from] ability: Drizzle|[of] p2a: Prueba el Sapo\n|turn|14\n|inactive|Battle timer is ON: inactive players will automatically lose when time's up. (requested by Igorr Wolfang)\n|\n|t:|1699903032\n|switch|p1a: Dondozo|Dondozo, F|89\/100\n|switch|p2a: Emmanuel|Enamorus, F|100\/100\n|\n|-weather|RainDance|[upkeep]\n|-heal|p1a: Dondozo|95\/100|[from] item: Leftovers\n|upkeep\n|turn|15\n|\n|t:|1699903042\n|move|p2a: Emmanuel|Moonblast|p1a: Dondozo\n|-damage|p1a: Dondozo|59\/100\n|move|p1a: Dondozo|Wave Crash|p2a: Emmanuel\n|-damage|p2a: Emmanuel|0 fnt\n|faint|p2a: Emmanuel\n|-damage|p1a: Dondozo|40\/100|[from] Recoil\n|\n|-weather|RainDance|[upkeep]\n|-heal|p1a: Dondozo|46\/100|[from] item: Leftovers\n|upkeep\n|\n|t:|1699903068\n|switch|p2a: Khea yhea|Kleavor, F|100\/100\n|turn|16\n|inactive|terminator2006 has 120 seconds left.\n|\n|t:|1699903114\n|move|p2a: Khea yhea|Stone Axe|p1a: Dondozo\n|-damage|p1a: Dondozo|20\/100\n|-sidestart|p1: terminator2006|move: Stealth Rock\n|move|p1a: Dondozo|Wave Crash|p2a: Khea yhea\n|-supereffective|p2a: Khea yhea\n|-damage|p2a: Khea yhea|0 fnt\n|faint|p2a: Khea yhea\n|-damage|p1a: Dondozo|1\/100|[from] Recoil\n|\n|-weather|RainDance|[upkeep]\n|-heal|p1a: Dondozo|7\/100|[from] item: Leftovers\n|upkeep\n|\n|t:|1699903130\n|switch|p2a: Ren\u00e9 Viajero|Toxicroak, M, shiny|100\/100\n|turn|17\n|\n|t:|1699903141\n|move|p2a: Ren\u00e9 Viajero|Sucker Punch|p1a: Dondozo\n|-damage|p1a: Dondozo|0 fnt\n|faint|p1a: Dondozo\n|-damage|p2a: Ren\u00e9 Viajero|91\/100|[from] item: Life Orb\n|\n|-weather|RainDance|[upkeep]\n|-heal|p2a: Ren\u00e9 Viajero|100\/100|[from] ability: Dry Skin\n|upkeep\n|\n|t:|1699903151\n|switch|p1a: Alomomola|Alomomola, F|60\/100\n|-damage|p1a: Alomomola|48\/100|[from] Stealth Rock\n|turn|18\n|\n|t:|1699903159\n|move|p2a: Ren\u00e9 Viajero|Swords Dance|p2a: Ren\u00e9 Viajero\n|-boost|p2a: Ren\u00e9 Viajero|atk|2\n|move|p1a: Alomomola|Wish|p1a: Alomomola\n|\n|-weather|none\n|-heal|p1a: Alomomola|54\/100|[from] item: Leftovers\n|upkeep\n|turn|19\n|inactive|terminator2006 has 120 seconds left.\n|\n|t:|1699903172\n|move|p1a: Alomomola|Protect|p1a: Alomomola\n|-singleturn|p1a: Alomomola|Protect\n|move|p2a: Ren\u00e9 Viajero|Swords Dance|p2a: Ren\u00e9 Viajero\n|-boost|p2a: Ren\u00e9 Viajero|atk|2\n|\n|-heal|p1a: Alomomola|100\/100|[from] move: Wish|[wisher] Alomomola\n|upkeep\n|turn|20\n|inactive|terminator2006 has 120 seconds left.\n|\n|t:|1699903183\n|switch|p1a: Iron Valiant|Iron Valiant|100\/100\n|-damage|p1a: Iron Valiant|94\/100|[from] Stealth Rock\n|-enditem|p1a: Iron Valiant|Booster Energy\n|-activate|p1a: Iron Valiant|ability: Quark Drive|[fromitem]\n|-start|p1a: Iron Valiant|quarkdrivespe\n|move|p2a: Ren\u00e9 Viajero|Drain Punch|p1a: Iron Valiant\n|-resisted|p1a: Iron Valiant\n|-damage|p1a: Iron Valiant|9\/100\n|-damage|p2a: Ren\u00e9 Viajero|91\/100|[from] item: Life Orb\n|\n|upkeep\n|turn|21\n|inactive|terminator2006 has 120 seconds left.\n|\n|t:|1699903194\n|move|p2a: Ren\u00e9 Viajero|Sucker Punch||[still]\n|-fail|p2a: Ren\u00e9 Viajero\n|move|p1a: Iron Valiant|Swords Dance|p1a: Iron Valiant\n|-boost|p1a: Iron Valiant|atk|2\n|\n|upkeep\n|turn|22\n|\n|t:|1699903202\n|move|p2a: Ren\u00e9 Viajero|Sucker Punch|p1a: Iron Valiant\n|-resisted|p1a: Iron Valiant\n|-damage|p1a: Iron Valiant|0 fnt\n|faint|p1a: Iron Valiant\n|-end|p1a: Iron Valiant|Quark Drive|[silent]\n|-damage|p2a: Ren\u00e9 Viajero|81\/100|[from] item: Life Orb\n|\n|upkeep\n|\n|t:|1699903209\n|switch|p1a: Enamorus|Enamorus, F|24\/100\n|-damage|p1a: Enamorus|0 fnt|[from] Stealth Rock\n|faint|p1a: Enamorus\n|\n|t:|1699903211\n|switch|p1a: Kingambit|Kingambit, M|100\/100\n|-damage|p1a: Kingambit|94\/100|[from] Stealth Rock\n|-activate|p1a: Kingambit|ability: Supreme Overlord\n|-start|p1a: Kingambit|fallen4|[silent]\n|turn|23\n|\n|t:|1699903218\n|-terastallize|p1a: Kingambit|Fighting\n|move|p2a: Ren\u00e9 Viajero|Drain Punch|p1a: Kingambit\n|-damage|p1a: Kingambit|3\/100\n|-heal|p2a: Ren\u00e9 Viajero|100\/100|[from] drain|[of] p1a: Kingambit\n|-damage|p2a: Ren\u00e9 Viajero|91\/100|[from] item: Life Orb\n|move|p1a: Kingambit|Swords Dance|p1a: Kingambit\n|-boost|p1a: Kingambit|atk|2\n|\n|-heal|p1a: Kingambit|9\/100|[from] item: Leftovers\n|upkeep\n|turn|24\n|\n|t:|1699903229\n|move|p1a: Kingambit|Sucker Punch|p2a: Ren\u00e9 Viajero\n|-resisted|p2a: Ren\u00e9 Viajero\n|-damage|p2a: Ren\u00e9 Viajero|6\/100\n|move|p2a: Ren\u00e9 Viajero|Drain Punch|p1a: Kingambit\n|-damage|p1a: Kingambit|0 fnt\n|-heal|p2a: Ren\u00e9 Viajero|12\/100|[from] drain|[of] p1a: Kingambit\n|faint|p1a: Kingambit\n|-end|p1a: Kingambit|fallen4|[silent]\n|-damage|p2a: Ren\u00e9 Viajero|2\/100|[from] item: Life Orb\n|\n|upkeep\n|-message|terminator2006 forfeited.\n|\n|win|Igorr Wolfang\n|raw|terminator2006's rating: 1127 &rarr; <strong>1102<\/strong><br \/>(-25 for losing)\n|raw|Igorr Wolfang's rating: 1132 &rarr; <strong>1157<\/strong><br \/>(+25 for winning)\n|l|\u2606terminator2006\n|c|\u2606Igorr Wolfang|gg\n|c|\u2606Igorr Wolfang|close\n","uploadtime":1699903249,"views":13,"p1id":"terminator2006","p2id":"igorrwolfang","formatid":"gen9ou","rating":1102,"private":0,"password":""}