{"id":"gen9ou-2000153922","p1":"Oreollo","p2":"Shinyxk","format":"[Gen 9] OU","log":"|j|\u2606Oreollo\n|j|\u2606Shinyxk\n|t:|1701164145\n|gametype|singles\n|player|p1|Oreollo|unknown|1022\n|player|p2|Shinyxk|youngster-gen8|1015\n|teamsize|p1|6\n|teamsize|p2|1\n|gen|9\n|tier|[Gen 9] OU\n|rated|\n|rule|Sleep Clause Mod: Limit one foe put to sleep\n|rule|Species Clause: Limit one of each Pok\u00e9mon\n|rule|OHKO Clause: OHKO moves are banned\n|rule|Evasion Items Clause: Evasion items are banned\n|rule|Evasion Moves Clause: Evasion moves are banned\n|rule|Endless Battle Clause: Forcing endless battles is banned\n|rule|HP Percentage Mod: HP is shown in percentages\n|clearpoke\n|poke|p1|Arcanine, F|\n|poke|p1|Dragapult, F|\n|poke|p1|Ogerpon-Wellspring, F|\n|poke|p1|Amoonguss, M|\n|poke|p1|Meowscarada, M|\n|poke|p1|Indeedee, M|\n|poke|p2|Kommo-o, F|\n|teampreview\n|inactive|Battle timer is ON: inactive players will automatically lose when time's up. (requested by Shinyxk)\n|inactive|Oreollo also wants the timer to be on.\n|inactive|Shinyxk has 120 seconds left.\n|\n|t:|1701164198\n|start\n|switch|p1a: Indeedee|Indeedee, M|100\/100\n|switch|p2a: Kommo-o|Kommo-o, F|100\/100\n|-fieldstart|move: Psychic Terrain|[from] ability: Psychic Surge|[of] p1a: Indeedee\n|turn|1\n|\n|t:|1701164208\n|-terastallize|p2a: Kommo-o|Normal\n|move|p1a: Indeedee|Dazzling Gleam|p2a: Kommo-o\n|-damage|p2a: Kommo-o|65\/100\n|-damage|p1a: Indeedee|91\/100|[from] item: Life Orb\n|move|p2a: Kommo-o|Clangorous Soul|p2a: Kommo-o\n|-boost|p2a: Kommo-o|atk|1\n|-boost|p2a: Kommo-o|def|1\n|-boost|p2a: Kommo-o|spa|1\n|-boost|p2a: Kommo-o|spd|1\n|-boost|p2a: Kommo-o|spe|1\n|-damage|p2a: Kommo-o|32\/100\n|-enditem|p2a: Kommo-o|Throat Spray\n|-boost|p2a: Kommo-o|spa|1|[from] item: Throat Spray\n|\n|upkeep\n|turn|2\n|\n|t:|1701164224\n|move|p2a: Kommo-o|Boomburst|p1a: Indeedee\n|-damage|p1a: Indeedee|0 fnt\n|faint|p1a: Indeedee\n|\n|upkeep\n|\n|t:|1701164229\n|switch|p1a: Arcanine|Arcanine, F|100\/100\n|-ability|p1a: Arcanine|Intimidate|boost\n|-unboost|p2a: Kommo-o|atk|1\n|turn|3\n|\n|t:|1701164257\n|-terastallize|p1a: Arcanine|Fighting\n|move|p1a: Arcanine|Extreme Speed|p2a: Kommo-o\n|-activate|p2a: Kommo-o|move: Psychic Terrain\n|move|p2a: Kommo-o|Boomburst|p1a: Arcanine\n|-damage|p1a: Arcanine|0 fnt\n|faint|p1a: Arcanine\n|\n|upkeep\n|c|\u2606Shinyxk|lol\n|\n|t:|1701164263\n|switch|p1a: Dragapult|Dragapult, F|100\/100\n|turn|4\n|c|\u2606Shinyxk|the psychic terrain you set up yourself\n|\n|t:|1701164279\n|move|p1a: Dragapult|Protect|p1a: Dragapult\n|-singleturn|p1a: Dragapult|Protect\n|move|p2a: Kommo-o|Clanging Scales|p1a: Dragapult\n|-activate|p1a: Dragapult|move: Protect\n|\n|upkeep\n|turn|5\n|\n|t:|1701164288\n|move|p2a: Kommo-o|Clanging Scales|p1a: Dragapult\n|-supereffective|p1a: Dragapult\n|-enditem|p1a: Dragapult|Focus Sash\n|-damage|p1a: Dragapult|1\/100\n|-unboost|p2a: Kommo-o|def|1\n|move|p1a: Dragapult|Phantom Force||[still]\n|-prepare|p1a: Dragapult|Phantom Force\n|\n|-fieldend|move: Psychic Terrain\n|upkeep\n|turn|6\n|c|\u2606Oreollo|I click wrong move\n|inactive|Shinyxk has 120 seconds left.\n|inactive|Shinyxk has 90 seconds left.\n|\n|t:|1701164349\n|move|p2a: Kommo-o|Flamethrower|p1a: Dragapult|[miss]\n|-miss|p2a: Kommo-o|p1a: Dragapult\n|move|p1a: Dragapult|Phantom Force|p2a: Kommo-o|[from]lockedmove\n|-immune|p2a: Kommo-o\n|\n|upkeep\n|turn|7\n|inactive|Shinyxk has 90 seconds left.\n|\n|t:|1701164356\n|move|p1a: Dragapult|Protect|p1a: Dragapult\n|-singleturn|p1a: Dragapult|Protect\n|move|p2a: Kommo-o|Flamethrower|p1a: Dragapult\n|-activate|p1a: Dragapult|move: Protect\n|\n|upkeep\n|turn|8\n|\n|t:|1701164362\n|move|p2a: Kommo-o|Flamethrower|p1a: Dragapult\n|-resisted|p1a: Dragapult\n|-damage|p1a: Dragapult|0 fnt\n|faint|p1a: Dragapult\n|\n|upkeep\n|\n|t:|1701164367\n|switch|p1a: Meowscarada|Meowscarada, M|100\/100\n|turn|9\n|\n|t:|1701164376\n|move|p2a: Kommo-o|Boomburst|p1a: Meowscarada\n|-damage|p1a: Meowscarada|0 fnt\n|faint|p1a: Meowscarada\n|\n|upkeep\n|\n|t:|1701164380\n|switch|p1a: Amoonguss|Amoonguss, M|100\/100\n|turn|10\n|\n|t:|1701164383\n|move|p2a: Kommo-o|Boomburst|p1a: Amoonguss\n|-damage|p1a: Amoonguss|19\/100\n|move|p1a: Amoonguss|Spore|p2a: Kommo-o\n|-immune|p2a: Kommo-o|[from] ability: Overcoat\n|\n|-heal|p1a: Amoonguss|25\/100|[from] item: Leftovers\n|upkeep\n|turn|11\n|c|\u2606Shinyxk|lol\n|\n|t:|1701164392\n|move|p1a: Amoonguss|Protect|p1a: Amoonguss\n|-singleturn|p1a: Amoonguss|Protect\n|move|p2a: Kommo-o|Boomburst|p1a: Amoonguss\n|-activate|p1a: Amoonguss|move: Protect\n|\n|-heal|p1a: Amoonguss|32\/100|[from] item: Leftovers\n|upkeep\n|turn|12\n|\n|t:|1701164397\n|move|p2a: Kommo-o|Boomburst|p1a: Amoonguss\n|-crit|p1a: Amoonguss\n|-damage|p1a: Amoonguss|0 fnt\n|faint|p1a: Amoonguss\n|\n|upkeep\n|\n|t:|1701164400\n|switch|p1a: Ogerpon|Ogerpon-Wellspring, F|100\/100\n|turn|13\n|\n|t:|1701164405\n|move|p1a: Ogerpon|Spiky Shield|p1a: Ogerpon\n|-singleturn|p1a: Ogerpon|move: Protect\n|move|p2a: Kommo-o|Boomburst|p1a: Ogerpon\n|-activate|p1a: Ogerpon|move: Protect\n|\n|upkeep\n|turn|14\n|\n|t:|1701164411\n|move|p2a: Kommo-o|Boomburst|p1a: Ogerpon\n|-damage|p1a: Ogerpon|0 fnt\n|faint|p1a: Ogerpon\n|\n|win|Shinyxk\n|raw|Oreollo's rating: 1022 &rarr; <strong>1008<\/strong><br \/>(-14 for losing)\n|raw|Shinyxk's rating: 1000 &rarr; <strong>1043<\/strong><br \/>(+43 for winning)\n|c|\u2606Shinyxk|gg\n","uploadtime":1701164416,"views":5,"p1id":"oreollo","p2id":"shinyxk","formatid":"gen9ou","rating":1008,"private":0,"password":""}