{"id":"gen9ou-1989701227","p1":"ratatta17","p2":"gamingminek0","format":"[Gen 9] OU","log":"|j|\u2606ratatta17\n|j|\u2606gamingminek0\n|t:|1699888216\n|gametype|singles\n|player|p1|ratatta17|169|1399\n|player|p2|gamingminek0|hiker-gen7|1396\n|teamsize|p1|6\n|teamsize|p2|6\n|gen|9\n|tier|[Gen 9] OU\n|rated|\n|rule|Sleep Clause Mod: Limit one foe put to sleep\n|rule|Species Clause: Limit one of each Pok\u00e9mon\n|rule|OHKO Clause: OHKO moves are banned\n|rule|Evasion Items Clause: Evasion items are banned\n|rule|Evasion Moves Clause: Evasion moves are banned\n|rule|Endless Battle Clause: Forcing endless battles is banned\n|rule|HP Percentage Mod: HP is shown in percentages\n|clearpoke\n|poke|p1|Azumarill, F|\n|poke|p1|Staraptor, M|\n|poke|p1|Toedscruel, M|\n|poke|p1|Skeledirge, M|\n|poke|p1|Ninetales-Alola, M|\n|poke|p1|Iron Valiant|\n|poke|p2|Great Tusk|\n|poke|p2|Ribombee, M|\n|poke|p2|Iron Valiant|\n|poke|p2|Gholdengo|\n|poke|p2|Dragonite, F|\n|poke|p2|Greninja-*, M|\n|teampreview\n|inactive|Battle timer is ON: inactive players will automatically lose when time's up. (requested by gamingminek0)\n|\n|t:|1699888229\n|start\n|switch|p1a: Toedscruel|Toedscruel, M|100\/100\n|switch|p2a: Michael with a B|Ribombee, M|100\/100\n|turn|1\n|\n|t:|1699888254\n|move|p2a: Michael with a B|Sticky Web|p1a: Toedscruel\n|-sidestart|p1: ratatta17|move: Sticky Web\n|move|p1a: Toedscruel|Rapid Spin|p2a: Michael with a B\n|-damage|p2a: Michael with a B|84\/100\n|-boost|p1a: Toedscruel|spe|1\n|-sideend|p1: ratatta17|Sticky Web|[from] move: Rapid Spin|[of] p1a: Toedscruel\n|\n|upkeep\n|turn|2\n|\n|t:|1699888275\n|switch|p2a: Ghoulash|Gholdengo|100\/100\n|-item|p2a: Ghoulash|Air Balloon\n|move|p1a: Toedscruel|Spore|p2a: Ghoulash\n|-status|p2a: Ghoulash|slp|[from] move: Spore\n|\n|upkeep\n|turn|3\n|inactive|gamingminek0 has 120 seconds left.\n|\n|t:|1699888302\n|switch|p2a: Mordecai|Dragonite, F|100\/100\n|move|p1a: Toedscruel|Knock Off|p2a: Mordecai\n|-damage|p2a: Mordecai|92\/100\n|-enditem|p2a: Mordecai|Heavy-Duty Boots|[from] move: Knock Off|[of] p1a: Toedscruel\n|\n|upkeep\n|turn|4\n|\n|t:|1699888325\n|switch|p1a: Staraptor|Staraptor, M|100\/100\n|-ability|p1a: Staraptor|Intimidate|boost\n|-unboost|p2a: Mordecai|atk|1\n|move|p2a: Mordecai|Dragon Dance|p2a: Mordecai\n|-boost|p2a: Mordecai|atk|1\n|-boost|p2a: Mordecai|spe|1\n|\n|upkeep\n|turn|5\n|\n|t:|1699888339\n|move|p1a: Staraptor|Final Gambit|p2a: Mordecai\n|-damage|p2a: Mordecai|0 fnt\n|faint|p1a: Staraptor\n|faint|p2a: Mordecai\n|\n|upkeep\n|\n|t:|1699888347\n|switch|p1a: Ninetales|Ninetales-Alola, M|100\/100\n|switch|p2a: Michael with a B|Ribombee, M|84\/100\n|-weather|Snow|[from] ability: Snow Warning|[of] p1a: Ninetales\n|turn|6\n|\n|t:|1699888362\n|move|p2a: Michael with a B|Stun Spore|p1a: Ninetales|[miss]\n|-miss|p2a: Michael with a B|p1a: Ninetales\n|move|p1a: Ninetales|Aurora Veil|p1a: Ninetales\n|-sidestart|p1: ratatta17|move: Aurora Veil\n|\n|-weather|Snow|[upkeep]\n|upkeep\n|turn|7\n|\n|t:|1699888364\n|move|p2a: Michael with a B|Stun Spore|p1a: Ninetales\n|-status|p1a: Ninetales|par\n|move|p1a: Ninetales|Encore|p2a: Michael with a B\n|-start|p2a: Michael with a B|Encore\n|\n|-weather|Snow|[upkeep]\n|upkeep\n|turn|8\n|\n|t:|1699888372\n|switch|p2a: Ghoulash|Gholdengo|100\/100 slp\n|-item|p2a: Ghoulash|Air Balloon\n|switch|p1a: Skeledirge|Skeledirge, M|100\/100\n|\n|-weather|Snow|[upkeep]\n|upkeep\n|turn|9\n|\n|t:|1699888393\n|switch|p2a: Overleved Starter|Greninja, M|100\/100\n|move|p1a: Skeledirge|Torch Song|p2a: Overleved Starter\n|-resisted|p2a: Overleved Starter\n|-damage|p2a: Overleved Starter|78\/100\n|-boost|p1a: Skeledirge|spa|1\n|\n|-weather|Snow|[upkeep]\n|upkeep\n|turn|10\n|\n|t:|1699888402\n|switch|p1a: Ninetales|Ninetales-Alola, M|100\/100 par\n|-terastallize|p2a: Overleved Starter|Water\n|move|p2a: Overleved Starter|Surf|p1a: Ninetales\n|-damage|p1a: Ninetales|80\/100 par\n|\n|-weather|none\n|upkeep\n|turn|11\n|\n|t:|1699888411\n|switch|p2a: Ghoulash|Gholdengo|100\/100 slp\n|-item|p2a: Ghoulash|Air Balloon\n|move|p1a: Ninetales|Freeze-Dry|p2a: Ghoulash\n|-resisted|p2a: Ghoulash\n|-damage|p2a: Ghoulash|90\/100 slp\n|-enditem|p2a: Ghoulash|Air Balloon\n|\n|upkeep\n|turn|12\n|\n|t:|1699888420\n|switch|p1a: Toedscruel|Toedscruel, M|100\/100\n|cant|p2a: Ghoulash|slp\n|\n|upkeep\n|turn|13\n|inactive|gamingminek0 has 120 seconds left.\n|\n|t:|1699888457\n|cant|p2a: Ghoulash|slp\n|move|p1a: Toedscruel|Leech Seed|p2a: Ghoulash\n|-start|p2a: Ghoulash|move: Leech Seed\n|\n|-damage|p2a: Ghoulash|78\/100 slp|[from] Leech Seed|[of] p1a: Toedscruel\n|-sideend|p1: ratatta17|move: Aurora Veil\n|upkeep\n|turn|14\n|inactive|gamingminek0 has 120 seconds left.\n|\n|t:|1699888467\n|switch|p2a: Just OK Tusk|Great Tusk|100\/100\n|-enditem|p2a: Just OK Tusk|Booster Energy\n|-activate|p2a: Just OK Tusk|ability: Protosynthesis|[fromitem]\n|-start|p2a: Just OK Tusk|protosynthesisatk\n|move|p1a: Toedscruel|Spore|p2a: Just OK Tusk\n|-message|Sleep Clause Mod activated.\n|-hint|Sleep Clause Mod prevents players from putting more than one of their opponent's Pok\u00e9mon to sleep at a time\n|\n|upkeep\n|turn|15\n|\n|t:|1699888478\n|move|p2a: Just OK Tusk|Ice Spinner|p1a: Toedscruel\n|-supereffective|p1a: Toedscruel\n|-damage|p1a: Toedscruel|0 fnt\n|faint|p1a: Toedscruel\n|\n|upkeep\n|\n|t:|1699888480\n|switch|p1a: Ninetales|Ninetales-Alola, M|80\/100 par\n|-weather|Snow|[from] ability: Snow Warning|[of] p1a: Ninetales\n|turn|16\n|\n|t:|1699888491\n|move|p2a: Just OK Tusk|Stealth Rock|p1a: Ninetales\n|-sidestart|p1: ratatta17|move: Stealth Rock\n|move|p1a: Ninetales|Aurora Veil|p1a: Ninetales\n|-sidestart|p1: ratatta17|move: Aurora Veil\n|\n|-weather|Snow|[upkeep]\n|upkeep\n|turn|17\n|\n|t:|1699888502\n|-end|p2a: Just OK Tusk|Protosynthesis|[silent]\n|switch|p2a: Ghoulash|Gholdengo|78\/100 slp\n|cant|p1a: Ninetales|par\n|\n|-weather|Snow|[upkeep]\n|upkeep\n|turn|18\n|\n|t:|1699888509\n|switch|p1a: Skeledirge|Skeledirge, M|100\/100\n|-damage|p1a: Skeledirge|75\/100|[from] Stealth Rock\n|cant|p2a: Ghoulash|slp\n|\n|-weather|Snow|[upkeep]\n|-heal|p1a: Skeledirge|82\/100|[from] item: Leftovers\n|upkeep\n|turn|19\n|inactive|gamingminek0 has 120 seconds left.\n|\n|t:|1699888537\n|switch|p2a: Just OK Tusk|Great Tusk|100\/100\n|move|p1a: Skeledirge|Torch Song|p2a: Just OK Tusk\n|-damage|p2a: Just OK Tusk|57\/100\n|-boost|p1a: Skeledirge|spa|1\n|\n|-weather|Snow|[upkeep]\n|-heal|p1a: Skeledirge|88\/100|[from] item: Leftovers\n|upkeep\n|turn|20\n|\n|t:|1699888544\n|move|p2a: Just OK Tusk|Earthquake|p1a: Skeledirge\n|-supereffective|p1a: Skeledirge\n|-damage|p1a: Skeledirge|42\/100\n|move|p1a: Skeledirge|Will-O-Wisp|p2a: Just OK Tusk\n|-status|p2a: Just OK Tusk|brn\n|\n|-weather|none\n|-heal|p1a: Skeledirge|48\/100|[from] item: Leftovers\n|-damage|p2a: Just OK Tusk|51\/100 brn|[from] brn\n|upkeep\n|turn|21\n|\n|t:|1699888549\n|move|p2a: Just OK Tusk|Earthquake|p1a: Skeledirge\n|-supereffective|p1a: Skeledirge\n|-damage|p1a: Skeledirge|28\/100\n|move|p1a: Skeledirge|Slack Off|p1a: Skeledirge\n|-heal|p1a: Skeledirge|78\/100\n|\n|-heal|p1a: Skeledirge|84\/100|[from] item: Leftovers\n|-damage|p2a: Just OK Tusk|45\/100 brn|[from] brn\n|upkeep\n|turn|22\n|\n|t:|1699888554\n|move|p2a: Just OK Tusk|Earthquake|p1a: Skeledirge\n|-supereffective|p1a: Skeledirge\n|-damage|p1a: Skeledirge|61\/100\n|move|p1a: Skeledirge|Torch Song|p2a: Just OK Tusk\n|-damage|p2a: Just OK Tusk|0 fnt\n|-boost|p1a: Skeledirge|spa|1\n|faint|p2a: Just OK Tusk\n|-end|p2a: Just OK Tusk|Protosynthesis|[silent]\n|\n|-heal|p1a: Skeledirge|67\/100|[from] item: Leftovers\n|upkeep\n|\n|t:|1699888560\n|switch|p2a: Michael with a B|Ribombee, M|84\/100\n|turn|23\n|\n|t:|1699888569\n|move|p2a: Michael with a B|Sticky Web|p1a: Skeledirge\n|-sidestart|p1: ratatta17|move: Sticky Web\n|move|p1a: Skeledirge|Slack Off|p1a: Skeledirge\n|-heal|p1a: Skeledirge|100\/100\n|\n|-sideend|p1: ratatta17|move: Aurora Veil\n|upkeep\n|turn|24\n|\n|t:|1699888580\n|move|p2a: Michael with a B|Moonblast|p1a: Skeledirge\n|-resisted|p1a: Skeledirge\n|-damage|p1a: Skeledirge|87\/100\n|move|p1a: Skeledirge|Torch Song|p2a: Michael with a B\n|-supereffective|p2a: Michael with a B\n|-damage|p2a: Michael with a B|0 fnt\n|-boost|p1a: Skeledirge|spa|1\n|faint|p2a: Michael with a B\n|\n|-heal|p1a: Skeledirge|93\/100|[from] item: Leftovers\n|upkeep\n|\n|t:|1699888585\n|switch|p2a: Overleved Starter|Greninja, M, tera:Water|78\/100\n|turn|25\n|\n|t:|1699888589\n|-terastallize|p1a: Skeledirge|Dragon\n|move|p2a: Overleved Starter|Surf|p1a: Skeledirge\n|-resisted|p1a: Skeledirge\n|-damage|p1a: Skeledirge|74\/100\n|move|p1a: Skeledirge|Hex|p2a: Overleved Starter\n|-damage|p2a: Overleved Starter|0 fnt\n|faint|p2a: Overleved Starter\n|\n|-heal|p1a: Skeledirge|80\/100|[from] item: Leftovers\n|upkeep\n|-message|gamingminek0 forfeited.\n|\n|win|ratatta17\n|raw|ratatta17's rating: 1399 &rarr; <strong>1419<\/strong><br \/>(+20 for winning)\n|raw|gamingminek0's rating: 1396 &rarr; <strong>1376<\/strong><br \/>(-20 for losing)\n|l|\u2606gamingminek0\n","uploadtime":1699888626,"views":11,"p1id":"ratatta17","p2id":"gamingminek0","formatid":"gen9ou","rating":1376,"private":0,"password":""}