{"id":"gen9ou-1989084332","p1":"Thibault56","p2":"wooloo supremacy","format":"[Gen 9] OU","log":"|j|\u2606Thibault56\n|j|\u2606wooloo supremacy\n|t:|1699810445\n|gametype|singles\n|player|p1|Thibault56|170|1524\n|player|p2|wooloo supremacy|adaman|1525\n|teamsize|p1|6\n|teamsize|p2|6\n|gen|9\n|tier|[Gen 9] OU\n|rated|\n|rule|Sleep Clause Mod: Limit one foe put to sleep\n|rule|Species Clause: Limit one of each Pok\u00e9mon\n|rule|OHKO Clause: OHKO moves are banned\n|rule|Evasion Items Clause: Evasion items are banned\n|rule|Evasion Moves Clause: Evasion moves are banned\n|rule|Endless Battle Clause: Forcing endless battles is banned\n|rule|HP Percentage Mod: HP is shown in percentages\n|clearpoke\n|poke|p1|Dragonite, M|\n|poke|p1|Great Tusk|\n|poke|p1|Toxapex, F|\n|poke|p1|Walking Wake|\n|poke|p1|Torkoal, M|\n|poke|p1|Amoonguss, M|\n|poke|p2|Great Tusk|\n|poke|p2|Hatterene, F|\n|poke|p2|Dondozo, F|\n|poke|p2|Mandibuzz, F|\n|poke|p2|Heatran, M|\n|poke|p2|Dragapult, M|\n|teampreview\n|inactive|Battle timer is ON: inactive players will automatically lose when time's up. (requested by wooloo supremacy)\n|\n|t:|1699810461\n|start\n|switch|p1a: Toxapex|Toxapex, F|100\/100\n|switch|p2a: Great Tusk|Great Tusk|100\/100\n|turn|1\n|j|+Shellnuts\n|\n|t:|1699810474\n|-end|p2a: Great Tusk|Protosynthesis|[silent]\n|switch|p2a: Heatran|Heatran, M|100\/100\n|move|p1a: Toxapex|Toxic|p2a: Heatran\n|-immune|p2a: Heatran\n|\n|upkeep\n|turn|2\n|\n|t:|1699810477\n|move|p2a: Heatran|Magma Storm|p1a: Toxapex\n|-resisted|p1a: Toxapex\n|-damage|p1a: Toxapex|86\/100\n|-activate|p1a: Toxapex|move: Magma Storm|[of] p2a: Heatran\n|move|p1a: Toxapex|Liquidation|p2a: Heatran\n|-supereffective|p2a: Heatran\n|-damage|p2a: Heatran|66\/100\n|\n|-heal|p2a: Heatran|73\/100|[from] item: Leftovers\n|-heal|p1a: Toxapex|92\/100|[from] item: Black Sludge\n|-damage|p1a: Toxapex|79\/100|[from] move: Magma Storm|[partiallytrapped]\n|upkeep\n|turn|3\n|\n|t:|1699810487\n|move|p2a: Heatran|Earth Power|p1a: Toxapex\n|-supereffective|p1a: Toxapex\n|-damage|p1a: Toxapex|41\/100\n|move|p1a: Toxapex|Liquidation|p2a: Heatran\n|-supereffective|p2a: Heatran\n|-damage|p2a: Heatran|36\/100\n|-status|p1a: Toxapex|brn|[from] ability: Flame Body|[of] p2a: Heatran\n|\n|-heal|p2a: Heatran|42\/100|[from] item: Leftovers\n|-heal|p1a: Toxapex|47\/100 brn|[from] item: Black Sludge\n|-damage|p1a: Toxapex|41\/100 brn|[from] brn\n|-damage|p1a: Toxapex|28\/100 brn|[from] move: Magma Storm|[partiallytrapped]\n|upkeep\n|turn|4\n|\n|t:|1699810501\n|move|p2a: Heatran|Earth Power|p1a: Toxapex\n|-supereffective|p1a: Toxapex\n|-damage|p1a: Toxapex|0 fnt\n|faint|p1a: Toxapex\n|\n|-heal|p2a: Heatran|49\/100|[from] item: Leftovers\n|upkeep\n|\n|t:|1699810510\n|switch|p1a: Walking Wake|Walking Wake|100\/100\n|turn|5\n|\n|t:|1699810522\n|move|p2a: Heatran|Protect|p2a: Heatran\n|-singleturn|p2a: Heatran|Protect\n|move|p1a: Walking Wake|Flip Turn|p2a: Heatran\n|-activate|p2a: Heatran|move: Protect\n|\n|-heal|p2a: Heatran|55\/100|[from] item: Leftovers\n|upkeep\n|turn|6\n|\n|t:|1699810533\n|switch|p2a: Dragapult|Dragapult, M|100\/100\n|move|p1a: Walking Wake|Flip Turn|p2a: Dragapult\n|-resisted|p2a: Dragapult\n|-damage|p2a: Dragapult|89\/100\n|\n|t:|1699810538\n|-end|p1a: Walking Wake|Protosynthesis|[silent]\n|switch|p1a: Amoonguss|Amoonguss, M|100\/100|[from] Flip Turn\n|\n|upkeep\n|turn|7\n|\n|t:|1699810549\n|switch|p2a: Mandibuzz|Mandibuzz, F|100\/100\n|move|p1a: Amoonguss|Sludge Bomb|p2a: Mandibuzz\n|-crit|p2a: Mandibuzz\n|-damage|p2a: Mandibuzz|69\/100\n|\n|upkeep\n|turn|8\n|\n|t:|1699810555\n|move|p2a: Mandibuzz|U-turn|p1a: Amoonguss\n|-damage|p1a: Amoonguss|91\/100\n|\n|t:|1699810576\n|switch|p2a: Heatran|Heatran, M|55\/100|[from] U-turn\n|move|p1a: Amoonguss|Sludge Bomb|p2a: Heatran\n|-immune|p2a: Heatran\n|\n|-heal|p2a: Heatran|61\/100|[from] item: Leftovers\n|-heal|p1a: Amoonguss|97\/100|[from] item: Black Sludge\n|upkeep\n|turn|9\n|\n|t:|1699810583\n|move|p2a: Heatran|Magma Storm|p1a: Amoonguss\n|-supereffective|p1a: Amoonguss\n|-damage|p1a: Amoonguss|28\/100\n|-activate|p1a: Amoonguss|move: Magma Storm|[of] p2a: Heatran\n|move|p1a: Amoonguss|Spore|p2a: Heatran\n|-status|p2a: Heatran|slp|[from] move: Spore\n|\n|-heal|p2a: Heatran|67\/100 slp|[from] item: Leftovers\n|-heal|p1a: Amoonguss|35\/100|[from] item: Black Sludge\n|-damage|p1a: Amoonguss|22\/100|[from] move: Magma Storm|[partiallytrapped]\n|upkeep\n|turn|10\n|\n|t:|1699810602\n|cant|p2a: Heatran|slp\n|move|p1a: Amoonguss|Synthesis|p1a: Amoonguss\n|-heal|p1a: Amoonguss|72\/100\n|\n|-heal|p2a: Heatran|74\/100 slp|[from] item: Leftovers\n|-heal|p1a: Amoonguss|78\/100|[from] item: Black Sludge\n|-damage|p1a: Amoonguss|66\/100|[from] move: Magma Storm|[partiallytrapped]\n|upkeep\n|turn|11\n|\n|t:|1699810608\n|cant|p2a: Heatran|slp\n|move|p1a: Amoonguss|Giga Drain|p2a: Heatran\n|-resisted|p2a: Heatran\n|-damage|p2a: Heatran|70\/100 slp\n|-heal|p1a: Amoonguss|67\/100|[from] drain|[of] p2a: Heatran\n|\n|-heal|p2a: Heatran|76\/100 slp|[from] item: Leftovers\n|-heal|p1a: Amoonguss|74\/100|[from] item: Black Sludge\n|-damage|p1a: Amoonguss|61\/100|[from] move: Magma Storm|[partiallytrapped]\n|upkeep\n|turn|12\n|\n|t:|1699810611\n|-curestatus|p2a: Heatran|slp|[msg]\n|move|p2a: Heatran|Magma Storm|p1a: Amoonguss\n|-supereffective|p1a: Amoonguss\n|-damage|p1a: Amoonguss|0 fnt\n|faint|p1a: Amoonguss\n|\n|-heal|p2a: Heatran|83\/100|[from] item: Leftovers\n|upkeep\n|\n|t:|1699810615\n|switch|p1a: Dragonite|Dragonite, M, shiny|100\/100\n|turn|13\n|\n|t:|1699810626\n|switch|p2a: Hatterene|Hatterene, F|100\/100\n|move|p1a: Dragonite|Earthquake|p2a: Hatterene\n|-damage|p2a: Hatterene|66\/100\n|\n|-heal|p2a: Hatterene|72\/100|[from] item: Leftovers\n|upkeep\n|turn|14\n|\n|t:|1699810629\n|switch|p1a: Torkoal|Torkoal, M|100\/100\n|-weather|SunnyDay|[from] ability: Drought|[of] p1a: Torkoal\n|move|p2a: Hatterene|Nuzzle|p1a: Torkoal\n|-damage|p1a: Torkoal|98\/100\n|-status|p1a: Torkoal|par\n|\n|-weather|SunnyDay|[upkeep]\n|-heal|p2a: Hatterene|78\/100|[from] item: Leftovers\n|upkeep\n|turn|15\n|\n|t:|1699810640\n|switch|p2a: Heatran|Heatran, M|83\/100\n|switch|p1a: Walking Wake|Walking Wake|100\/100\n|-activate|p1a: Walking Wake|ability: Protosynthesis\n|-start|p1a: Walking Wake|protosynthesisspe\n|\n|-weather|SunnyDay|[upkeep]\n|-heal|p2a: Heatran|89\/100|[from] item: Leftovers\n|upkeep\n|turn|16\n|\n|t:|1699810657\n|move|p2a: Heatran|Protect|p2a: Heatran\n|-singleturn|p2a: Heatran|Protect\n|move|p1a: Walking Wake|Hydro Steam|p2a: Heatran\n|-activate|p2a: Heatran|move: Protect\n|\n|-weather|SunnyDay|[upkeep]\n|-heal|p2a: Heatran|95\/100|[from] item: Leftovers\n|upkeep\n|turn|17\n|inactive|wooloo supremacy has 120 seconds left.\n|\n|t:|1699810698\n|-terastallize|p2a: Heatran|Grass\n|move|p1a: Walking Wake|Hydro Steam|p2a: Heatran\n|-resisted|p2a: Heatran\n|-damage|p2a: Heatran|64\/100\n|move|p2a: Heatran|Magma Storm|p1a: Walking Wake|[miss]\n|-miss|p2a: Heatran|p1a: Walking Wake\n|\n|-weather|SunnyDay|[upkeep]\n|-heal|p2a: Heatran|71\/100|[from] item: Leftovers\n|upkeep\n|turn|18\n|\n|t:|1699810716\n|-end|p1a: Walking Wake|Protosynthesis|[silent]\n|switch|p1a: Great Tusk|Great Tusk|100\/100\n|-activate|p1a: Great Tusk|ability: Protosynthesis\n|-start|p1a: Great Tusk|protosynthesisatk\n|move|p2a: Heatran|Magma Storm|p1a: Great Tusk\n|-damage|p1a: Great Tusk|0 fnt\n|faint|p1a: Great Tusk\n|-end|p1a: Great Tusk|Protosynthesis|[silent]\n|\n|-weather|SunnyDay|[upkeep]\n|-heal|p2a: Heatran|77\/100|[from] item: Leftovers\n|upkeep\n|\n|t:|1699810720\n|switch|p1a: Dragonite|Dragonite, M, shiny|100\/100\n|turn|19\n|\n|t:|1699810727\n|switch|p2a: Hatterene|Hatterene, F|78\/100\n|-terastallize|p1a: Dragonite|Flying\n|move|p1a: Dragonite|Tera Blast|p2a: Hatterene|[anim] Tera Blast Flying\n|-damage|p2a: Hatterene|21\/100\n|\n|-weather|SunnyDay|[upkeep]\n|-heal|p2a: Hatterene|27\/100|[from] item: Leftovers\n|upkeep\n|turn|20\n|\n|t:|1699810731\n|move|p1a: Dragonite|Tera Blast|p2a: Hatterene|[anim] Tera Blast Flying\n|-damage|p2a: Hatterene|0 fnt\n|faint|p2a: Hatterene\n|\n|-weather|SunnyDay|[upkeep]\n|upkeep\n|l|+Shellnuts\n|\n|t:|1699810740\n|switch|p2a: Mandibuzz|Mandibuzz, F|69\/100\n|turn|21\n|\n|t:|1699810752\n|move|p1a: Dragonite|Dragon Dance|p1a: Dragonite\n|-boost|p1a: Dragonite|atk|1\n|-boost|p1a: Dragonite|spe|1\n|move|p2a: Mandibuzz|Roost|p2a: Mandibuzz\n|-heal|p2a: Mandibuzz|100\/100\n|-singleturn|p2a: Mandibuzz|move: Roost\n|\n|-weather|none\n|upkeep\n|turn|22\n|\n|t:|1699810766\n|switch|p1a: Torkoal|Torkoal, M|98\/100 par\n|-weather|SunnyDay|[from] ability: Drought|[of] p1a: Torkoal\n|move|p2a: Mandibuzz|Foul Play|p1a: Torkoal\n|-damage|p1a: Torkoal|84\/100 par\n|\n|-weather|SunnyDay|[upkeep]\n|upkeep\n|turn|23\n|\n|t:|1699810779\n|move|p2a: Mandibuzz|U-turn|p1a: Torkoal\n|-resisted|p1a: Torkoal\n|-damage|p1a: Torkoal|81\/100 par\n|\n|t:|1699810782\n|switch|p2a: Heatran|Heatran, M, tera:Grass|77\/100|[from] U-turn\n|move|p1a: Torkoal|Will-O-Wisp|p2a: Heatran\n|-status|p2a: Heatran|brn\n|\n|-weather|SunnyDay|[upkeep]\n|-heal|p2a: Heatran|83\/100 brn|[from] item: Leftovers\n|-damage|p2a: Heatran|77\/100 brn|[from] brn\n|upkeep\n|turn|24\n|\n|t:|1699810791\n|move|p2a: Heatran|Magma Storm|p1a: Torkoal|[miss]\n|-miss|p2a: Heatran|p1a: Torkoal\n|move|p1a: Torkoal|Lava Plume|p2a: Heatran\n|-supereffective|p2a: Heatran\n|-damage|p2a: Heatran|33\/100 brn\n|\n|-weather|SunnyDay|[upkeep]\n|-heal|p2a: Heatran|40\/100 brn|[from] item: Leftovers\n|-damage|p2a: Heatran|33\/100 brn|[from] brn\n|upkeep\n|turn|25\n|\n|t:|1699810800\n|move|p2a: Heatran|Magma Storm|p1a: Torkoal\n|-resisted|p1a: Torkoal\n|-damage|p1a: Torkoal|41\/100 par\n|-activate|p1a: Torkoal|move: Magma Storm|[of] p2a: Heatran\n|move|p1a: Torkoal|Lava Plume|p2a: Heatran\n|-supereffective|p2a: Heatran\n|-crit|p2a: Heatran\n|-damage|p2a: Heatran|0 fnt\n|faint|p2a: Heatran\n|\n|-weather|SunnyDay|[upkeep]\n|-end|p1a: Torkoal|Magma Storm|[partiallytrapped]|[silent]\n|upkeep\n|\n|t:|1699810803\n|switch|p2a: Dragapult|Dragapult, M|89\/100\n|turn|26\n|\n|t:|1699810808\n|move|p2a: Dragapult|Shadow Ball|p1a: Torkoal\n|-damage|p1a: Torkoal|0 fnt\n|faint|p1a: Torkoal\n|\n|-weather|SunnyDay|[upkeep]\n|upkeep\n|\n|t:|1699810810\n|switch|p1a: Walking Wake|Walking Wake|100\/100\n|-activate|p1a: Walking Wake|ability: Protosynthesis\n|-start|p1a: Walking Wake|protosynthesisspe\n|turn|27\n|\n|t:|1699810823\n|switch|p2a: Dondozo|Dondozo, F|100\/100\n|move|p1a: Walking Wake|Draco Meteor|p2a: Dondozo\n|-damage|p2a: Dondozo|34\/100\n|-unboost|p1a: Walking Wake|spa|2\n|\n|-weather|SunnyDay|[upkeep]\n|-heal|p2a: Dondozo|40\/100|[from] item: Leftovers\n|upkeep\n|turn|28\n|\n|t:|1699810835\n|-end|p1a: Walking Wake|Protosynthesis|[silent]\n|switch|p1a: Dragonite|Dragonite, M, shiny, tera:Flying|100\/100\n|move|p2a: Dondozo|Rest|p2a: Dondozo\n|-status|p2a: Dondozo|slp|[from] move: Rest\n|-heal|p2a: Dondozo|100\/100 slp|[silent]\n|\n|-weather|SunnyDay|[upkeep]\n|upkeep\n|turn|29\n|\n|t:|1699810841\n|move|p1a: Dragonite|Tera Blast|p2a: Dondozo|[anim] Tera Blast Flying\n|-damage|p2a: Dondozo|61\/100 slp\n|cant|p2a: Dondozo|slp\n|move|p2a: Dondozo|Sleep Talk|p2a: Dondozo\n|move|p2a: Dondozo|Liquidation|p1a: Dragonite|[from]move: Sleep Talk\n|-damage|p1a: Dragonite|92\/100\n|\n|-weather|none\n|-heal|p2a: Dondozo|67\/100 slp|[from] item: Leftovers\n|upkeep\n|turn|30\n|\n|t:|1699810845\n|move|p1a: Dragonite|Tera Blast|p2a: Dondozo|[anim] Tera Blast Flying\n|-damage|p2a: Dondozo|31\/100 slp\n|cant|p2a: Dondozo|slp\n|move|p2a: Dondozo|Sleep Talk|p2a: Dondozo\n|move|p2a: Dondozo|Rest||[from]move: Sleep Talk|[still]\n|-fail|p2a: Dondozo\n|\n|-heal|p2a: Dondozo|37\/100 slp|[from] item: Leftovers\n|upkeep\n|turn|31\n|\n|t:|1699810852\n|move|p1a: Dragonite|Tera Blast|p2a: Dondozo|[anim] Tera Blast Flying\n|-damage|p2a: Dondozo|0 fnt\n|faint|p2a: Dondozo\n|\n|upkeep\n|\n|t:|1699810864\n|switch|p2a: Great Tusk|Great Tusk|100\/100\n|turn|32\n|\n|t:|1699810867\n|move|p2a: Great Tusk|Ice Spinner|p1a: Dragonite\n|-supereffective|p1a: Dragonite\n|-damage|p1a: Dragonite|0 fnt\n|faint|p1a: Dragonite\n|\n|upkeep\n|\n|t:|1699810870\n|switch|p1a: Walking Wake|Walking Wake|100\/100\n|turn|33\n|\n|t:|1699810872\n|move|p1a: Walking Wake|Hydro Steam|p2a: Great Tusk\n|-supereffective|p2a: Great Tusk\n|-damage|p2a: Great Tusk|0 fnt\n|faint|p2a: Great Tusk\n|-end|p2a: Great Tusk|Protosynthesis|[silent]\n|\n|upkeep\n|\n|t:|1699810874\n|switch|p2a: Dragapult|Dragapult, M|89\/100\n|turn|34\n|\n|t:|1699810876\n|move|p2a: Dragapult|Draco Meteor|p1a: Walking Wake\n|-supereffective|p1a: Walking Wake\n|-damage|p1a: Walking Wake|0 fnt\n|-unboost|p2a: Dragapult|spa|2\n|faint|p1a: Walking Wake\n|-end|p1a: Walking Wake|Protosynthesis|[silent]\n|\n|win|wooloo supremacy\n|raw|Thibault56's rating: 1524 &rarr; <strong>1505<\/strong><br \/>(-19 for losing)\n|raw|wooloo supremacy's rating: 1542 &rarr; <strong>1561<\/strong><br \/>(+19 for winning)\n","uploadtime":1699810878,"views":9,"p1id":"thibault56","p2id":"wooloosupremacy","formatid":"gen9ou","rating":1505,"private":0,"password":""}