{"id":"gen9ou-1989763373","p1":"zaapplegen261","p2":"Markeysparkey","format":"[Gen 9] OU","log":"|j|\u2606zaapplegen261\n|j|\u2606Markeysparkey\n|t:|1699893676\n|gametype|singles\n|player|p1|zaapplegen261|benga|1020\n|player|p2|Markeysparkey|picnicker|1122\n|teamsize|p1|6\n|teamsize|p2|6\n|gen|9\n|tier|[Gen 9] OU\n|rated|\n|rule|Sleep Clause Mod: Limit one foe put to sleep\n|rule|Species Clause: Limit one of each Pok\u00e9mon\n|rule|OHKO Clause: OHKO moves are banned\n|rule|Evasion Items Clause: Evasion items are banned\n|rule|Evasion Moves Clause: Evasion moves are banned\n|rule|Endless Battle Clause: Forcing endless battles is banned\n|rule|HP Percentage Mod: HP is shown in percentages\n|clearpoke\n|poke|p1|Zoroark-Hisui, F|\n|poke|p1|Corviknight, F|\n|poke|p1|Ogerpon-Wellspring, F|\n|poke|p1|Sneasler, M|\n|poke|p1|Lokix, M|\n|poke|p1|Landorus-Therian, M|\n|poke|p2|Kingambit, F|\n|poke|p2|Sneasler, F|\n|poke|p2|Walking Wake|\n|poke|p2|Rillaboom, F|\n|poke|p2|Zamazenta-*|\n|poke|p2|Torkoal, M|\n|teampreview\n|inactive|Battle timer is ON: inactive players will automatically lose when time's up. (requested by Markeysparkey)\n|\n|t:|1699893683\n|start\n|switch|p1a: Lokix|Lokix, M|100\/100\n|switch|p2a: \ud83d\udc22\ud83c\udf46|Torkoal, M|100\/100\n|-weather|SunnyDay|[from] ability: Drought|[of] p2a: \ud83d\udc22\ud83c\udf46\n|turn|1\n|\n|t:|1699893703\n|move|p1a: Lokix|Focus Blast|p2a: \ud83d\udc22\ud83c\udf46\n|-damage|p2a: \ud83d\udc22\ud83c\udf46|47\/100\n|move|p2a: \ud83d\udc22\ud83c\udf46|Stealth Rock|p1a: Lokix\n|-sidestart|p1: zaapplegen261|move: Stealth Rock\n|\n|-weather|SunnyDay|[upkeep]\n|upkeep\n|turn|2\n|\n|t:|1699893720\n|move|p1a: Lokix|Focus Blast|p2a: \ud83d\udc22\ud83c\udf46\n|-crit|p2a: \ud83d\udc22\ud83c\udf46\n|-damage|p2a: \ud83d\udc22\ud83c\udf46|0 fnt\n|faint|p2a: \ud83d\udc22\ud83c\udf46\n|\n|-weather|SunnyDay|[upkeep]\n|upkeep\n|\n|t:|1699893725\n|switch|p2a: \ud83d\udc4c\ud83d\udc4c\ud83d\ude02\ud83d\ude02|Walking Wake|100\/100\n|-activate|p2a: \ud83d\udc4c\ud83d\udc4c\ud83d\ude02\ud83d\ude02|ability: Protosynthesis\n|-start|p2a: \ud83d\udc4c\ud83d\udc4c\ud83d\ude02\ud83d\ude02|protosynthesisspa\n|turn|3\n|\n|t:|1699893740\n|move|p1a: Lokix|Grass Knot|p2a: \ud83d\udc4c\ud83d\udc4c\ud83d\ude02\ud83d\ude02\n|-damage|p2a: \ud83d\udc4c\ud83d\udc4c\ud83d\ude02\ud83d\ude02|49\/100\n|move|p2a: \ud83d\udc4c\ud83d\udc4c\ud83d\ude02\ud83d\ude02|Dragon Dance|p2a: \ud83d\udc4c\ud83d\udc4c\ud83d\ude02\ud83d\ude02\n|-boost|p2a: \ud83d\udc4c\ud83d\udc4c\ud83d\ude02\ud83d\ude02|atk|1\n|-boost|p2a: \ud83d\udc4c\ud83d\udc4c\ud83d\ude02\ud83d\ude02|spe|1\n|\n|-weather|SunnyDay|[upkeep]\n|upkeep\n|turn|4\n|\n|t:|1699893749\n|move|p2a: \ud83d\udc4c\ud83d\udc4c\ud83d\ude02\ud83d\ude02|Hydro Steam|p1a: Lokix\n|-damage|p1a: Lokix|0 fnt\n|replace|p1a: Zoroark|Zoroark-Hisui, F\n|-end|p1a: Zoroark|Illusion\n|faint|p1a: Zoroark\n|-damage|p2a: \ud83d\udc4c\ud83d\udc4c\ud83d\ude02\ud83d\ude02|39\/100|[from] item: Life Orb\n|\n|-weather|SunnyDay|[upkeep]\n|upkeep\n|\n|t:|1699893758\n|switch|p1a: Ogerpon|Ogerpon-Wellspring, F|100\/100\n|-damage|p1a: Ogerpon|88\/100|[from] Stealth Rock\n|turn|5\n|\n|t:|1699893770\n|move|p2a: \ud83d\udc4c\ud83d\udc4c\ud83d\ude02\ud83d\ude02|Dragon Pulse|p1a: Ogerpon\n|-damage|p1a: Ogerpon|0 fnt\n|faint|p1a: Ogerpon\n|-damage|p2a: \ud83d\udc4c\ud83d\udc4c\ud83d\ude02\ud83d\ude02|29\/100|[from] item: Life Orb\n|\n|-weather|SunnyDay|[upkeep]\n|upkeep\n|\n|t:|1699893785\n|switch|p1a: Lokix|Lokix, M|100\/100\n|-damage|p1a: Lokix|76\/100|[from] Stealth Rock\n|turn|6\n|\n|t:|1699893803\n|move|p1a: Lokix|First Impression|p2a: \ud83d\udc4c\ud83d\udc4c\ud83d\ude02\ud83d\ude02\n|-damage|p2a: \ud83d\udc4c\ud83d\udc4c\ud83d\ude02\ud83d\ude02|0 fnt\n|faint|p2a: \ud83d\udc4c\ud83d\udc4c\ud83d\ude02\ud83d\ude02\n|-end|p2a: \ud83d\udc4c\ud83d\udc4c\ud83d\ude02\ud83d\ude02|Protosynthesis|[silent]\n|\n|-weather|SunnyDay|[upkeep]\n|upkeep\n|inactive|Markeysparkey has 120 seconds left.\n|\n|t:|1699893828\n|switch|p2a: Zamazenta|Zamazenta|100\/100\n|-ability|p2a: Zamazenta|Dauntless Shield|boost\n|-boost|p2a: Zamazenta|def|1\n|turn|7\n|inactive|Markeysparkey has 120 seconds left.\n|\n|t:|1699893840\n|switch|p1a: Corviknight|Corviknight, F|100\/100\n|-damage|p1a: Corviknight|88\/100|[from] Stealth Rock\n|-ability|p1a: Corviknight|Pressure\n|move|p2a: Zamazenta|Iron Defense|p2a: Zamazenta\n|-boost|p2a: Zamazenta|def|2\n|\n|-weather|SunnyDay|[upkeep]\n|upkeep\n|turn|8\n|inactive|Markeysparkey has 120 seconds left.\n|\n|t:|1699893861\n|move|p2a: Zamazenta|Substitute|p2a: Zamazenta\n|-start|p2a: Zamazenta|Substitute\n|-damage|p2a: Zamazenta|75\/100\n|move|p1a: Corviknight|Defog|p2a: Zamazenta\n|-sideend|p1: zaapplegen261|Stealth Rock|[from] move: Defog|[of] p1a: Corviknight\n|\n|-weather|none\n|-heal|p2a: Zamazenta|82\/100|[from] item: Leftovers\n|upkeep\n|turn|9\n|\n|t:|1699893872\n|move|p2a: Zamazenta|Body Press|p1a: Corviknight\n|-damage|p1a: Corviknight|38\/100\n|-damage|p2a: Zamazenta|65\/100|[from] item: Rocky Helmet|[of] p1a: Corviknight\n|move|p1a: Corviknight|U-turn|p2a: Zamazenta\n|-resisted|p2a: Zamazenta\n|-activate|p2a: Zamazenta|move: Substitute|[damage]\n|\n|t:|1699893892\n|switch|p1a: Sneasler|Sneasler, M|100\/100|[from] U-turn\n|\n|-heal|p2a: Zamazenta|71\/100|[from] item: Leftovers\n|upkeep\n|turn|10\n|inactive|Markeysparkey has 120 seconds left.\n|\n|t:|1699893900\n|move|p1a: Sneasler|Dire Claw|p2a: Zamazenta\n|-activate|p2a: Zamazenta|move: Substitute|[damage]\n|move|p2a: Zamazenta|Iron Defense|p2a: Zamazenta\n|-boost|p2a: Zamazenta|def|2\n|\n|-heal|p2a: Zamazenta|78\/100|[from] item: Leftovers\n|upkeep\n|turn|11\n|\n|t:|1699893909\n|move|p1a: Sneasler|Dire Claw|p2a: Zamazenta\n|-activate|p2a: Zamazenta|move: Substitute|[damage]\n|move|p2a: Zamazenta|Body Press|p1a: Sneasler\n|-resisted|p1a: Sneasler\n|-damage|p1a: Sneasler|5\/100\n|\n|-heal|p2a: Zamazenta|84\/100|[from] item: Leftovers\n|upkeep\n|turn|12\n|\n|t:|1699893917\n|move|p1a: Sneasler|Dire Claw|p2a: Zamazenta\n|-end|p2a: Zamazenta|Substitute\n|move|p2a: Zamazenta|Body Press|p1a: Sneasler\n|-resisted|p1a: Sneasler\n|-damage|p1a: Sneasler|0 fnt\n|faint|p1a: Sneasler\n|\n|-heal|p2a: Zamazenta|90\/100|[from] item: Leftovers\n|upkeep\n|\n|t:|1699893925\n|switch|p1a: Lokix|Lokix, M|76\/100\n|turn|13\n|\n|t:|1699893928\n|move|p1a: Lokix|First Impression|p2a: Zamazenta\n|-resisted|p2a: Zamazenta\n|-damage|p2a: Zamazenta|76\/100\n|move|p2a: Zamazenta|Substitute|p2a: Zamazenta\n|-start|p2a: Zamazenta|Substitute\n|-damage|p2a: Zamazenta|51\/100\n|\n|-heal|p2a: Zamazenta|57\/100|[from] item: Leftovers\n|upkeep\n|turn|14\n|-message|zaapplegen261 forfeited.\n|\n|win|Markeysparkey\n|raw|zaapplegen261's rating: 1020 &rarr; <strong>1011<\/strong><br \/>(-9 for losing)\n|raw|Markeysparkey's rating: 1122 &rarr; <strong>1140<\/strong><br \/>(+18 for winning)\n|l|\u2606zaapplegen261\n","uploadtime":1699893940,"views":17,"p1id":"zaapplegen261","p2id":"markeysparkey","formatid":"gen9ou","rating":1011,"private":0,"password":""}