{"id":"gen9ou-1990402627","p1":"ShittyDitch69","p2":"gui77","format":"[Gen 9] OU","log":"|j|\u2606ShittyDitch69\n|j|\u2606gui77\n|t:|1699967284\n|gametype|singles\n|player|p1|ShittyDitch69|drayden|1000\n|player|p2|gui77|cyclist-gen4|1006\n|teamsize|p1|6\n|teamsize|p2|6\n|gen|9\n|tier|[Gen 9] OU\n|rated|\n|rule|Sleep Clause Mod: Limit one foe put to sleep\n|rule|Species Clause: Limit one of each Pok\u00e9mon\n|rule|OHKO Clause: OHKO moves are banned\n|rule|Evasion Items Clause: Evasion items are banned\n|rule|Evasion Moves Clause: Evasion moves are banned\n|rule|Endless Battle Clause: Forcing endless battles is banned\n|rule|HP Percentage Mod: HP is shown in percentages\n|clearpoke\n|poke|p1|Ogerpon-Wellspring, F|\n|poke|p1|Glimmora, M|\n|poke|p1|Breloom, F|\n|poke|p1|Cyclizar, F|\n|poke|p1|Kingambit, F|\n|poke|p1|Enamorus, F|\n|poke|p2|Milotic, F|\n|poke|p2|Pelipper, M|\n|poke|p2|Toxicroak, M|\n|poke|p2|Quagsire, F|\n|poke|p2|Rotom-Wash|\n|poke|p2|Samurott-Hisui, M|\n|teampreview\n|inactive|Battle timer is ON: inactive players will automatically lose when time's up. (requested by ShittyDitch69)\n|\n|t:|1699967298\n|start\n|switch|p1a: Cyclizar|Cyclizar, F|100\/100\n|switch|p2a: Agostin|Pelipper, M|100\/100\n|-weather|RainDance|[from] ability: Drizzle|[of] p2a: Agostin\n|turn|1\n|c|\u2606ShittyDitch69|Ogerpon shitspring\n|\n|t:|1699967308\n|-terastallize|p1a: Cyclizar|Dragon\n|move|p1a: Cyclizar|Draco Meteor|p2a: Agostin\n|-damage|p2a: Agostin|5\/100\n|-unboost|p1a: Cyclizar|spa|2\n|move|p2a: Agostin|Ice Beam|p1a: Cyclizar\n|-supereffective|p1a: Cyclizar\n|-damage|p1a: Cyclizar|38\/100\n|\n|-weather|RainDance|[upkeep]\n|upkeep\n|turn|2\n|\n|t:|1699967320\n|switch|p2a: PEXE|Milotic, F, shiny|100\/100\n|move|p1a: Cyclizar|U-turn|p2a: PEXE\n|-damage|p2a: PEXE|91\/100\n|\n|t:|1699967325\n|switch|p1a: Breloom|Breloom, F|100\/100|[from] U-turn\n|\n|-weather|RainDance|[upkeep]\n|-heal|p2a: PEXE|97\/100|[from] item: Leftovers\n|upkeep\n|turn|3\n|\n|t:|1699967339\n|switch|p2a: GAMA|Toxicroak, M, shiny|100\/100\n|move|p1a: Breloom|Bullet Seed|p2a: GAMA\n|-resisted|p2a: GAMA\n|-damage|p2a: GAMA|76\/100\n|-resisted|p2a: GAMA\n|-damage|p2a: GAMA|52\/100\n|-hitcount|p2a: GAMA|2\n|\n|-weather|RainDance|[upkeep]\n|-heal|p2a: GAMA|64\/100|[from] ability: Dry Skin\n|upkeep\n|turn|4\n|inactive|gui77 has 120 seconds left.\n|\n|t:|1699967372\n|switch|p1a: Glimmora|Glimmora, M|100\/100\n|move|p2a: GAMA|Gunk Shot|p1a: Glimmora\n|-resisted|p1a: Glimmora\n|-damage|p1a: Glimmora|78\/100\n|-activate|p1a: Glimmora|ability: Toxic Debris\n|-sidestart|p2: gui77|move: Toxic Spikes\n|-damage|p2a: GAMA|54\/100|[from] item: Life Orb\n|\n|-weather|RainDance|[upkeep]\n|-heal|p2a: GAMA|67\/100|[from] ability: Dry Skin\n|upkeep\n|turn|5\n|inactive|gui77 has 120 seconds left.\n|\n|t:|1699967383\n|move|p1a: Glimmora|Sludge Wave|p2a: GAMA\n|-resisted|p2a: GAMA\n|-damage|p2a: GAMA|28\/100\n|move|p2a: GAMA|Close Combat|p1a: Glimmora\n|-damage|p1a: Glimmora|0 fnt\n|-unboost|p2a: GAMA|def|1\n|-unboost|p2a: GAMA|spd|1\n|-activate|p1a: Glimmora|ability: Toxic Debris\n|-sidestart|p2: gui77|move: Toxic Spikes\n|faint|p1a: Glimmora\n|-damage|p2a: GAMA|18\/100|[from] item: Life Orb\n|\n|-weather|RainDance|[upkeep]\n|-heal|p2a: GAMA|30\/100|[from] ability: Dry Skin\n|upkeep\n|\n|t:|1699967392\n|switch|p1a: Shitspring|Ogerpon-Wellspring, F|100\/100\n|turn|6\n|\n|t:|1699967404\n|switch|p2a: Agostin|Pelipper, M|5\/100\n|move|p1a: Shitspring|Wood Hammer|p2a: Agostin\n|-crit|p2a: Agostin\n|-damage|p2a: Agostin|0 fnt\n|faint|p2a: Agostin\n|-damage|p1a: Shitspring|99\/100|[from] Recoil\n|\n|-weather|RainDance|[upkeep]\n|upkeep\n|\n|t:|1699967413\n|switch|p2a: Mano Towers|Rotom-Wash, shiny|100\/100\n|turn|7\n|\n|t:|1699967417\n|switch|p1a: Cyclizar|Cyclizar, F, tera:Dragon|71\/100\n|move|p2a: Mano Towers|Discharge|p1a: Cyclizar\n|-resisted|p1a: Cyclizar\n|-damage|p1a: Cyclizar|40\/100\n|\n|-weather|RainDance|[upkeep]\n|upkeep\n|turn|8\n|\n|t:|1699967425\n|switch|p2a: GAMA|Toxicroak, M, shiny|30\/100\n|-sideend|p2: gui77|move: Toxic Spikes|[of] p2a: GAMA\n|move|p1a: Cyclizar|Draco Meteor|p2a: GAMA\n|-damage|p2a: GAMA|0 fnt\n|-unboost|p1a: Cyclizar|spa|2\n|faint|p2a: GAMA\n|\n|-weather|none\n|upkeep\n|\n|t:|1699967434\n|switch|p2a: PEXE|Milotic, F, shiny|97\/100\n|turn|9\n|\n|t:|1699967440\n|switch|p1a: Shitspring|Ogerpon-Wellspring, F|99\/100\n|move|p2a: PEXE|Ice Beam|p1a: Shitspring\n|-damage|p1a: Shitspring|73\/100\n|\n|-heal|p2a: PEXE|100\/100|[from] item: Leftovers\n|upkeep\n|turn|10\n|-message|gui77 forfeited.\n|\n|win|ShittyDitch69\n|raw|ShittyDitch69's rating: 1000 &rarr; <strong>1041<\/strong><br \/>(+41 for winning)\n|raw|gui77's rating: 1006 &rarr; <strong>1000<\/strong><br \/>(-6 for losing)\n|l|\u2606gui77\n","uploadtime":1699967460,"views":8,"p1id":"shittyditch69","p2id":"gui77","formatid":"gen9ou","rating":1000,"private":0,"password":""}