{"id":"gen9ou-2000613922","p1":"LegendaryNinjaDude","p2":"stannaoto","format":"[Gen 9] OU","log":"|j|\u2606LegendaryNinjaDude\n|j|\u2606stannaoto\n|t:|1701210631\n|gametype|singles\n|player|p1|LegendaryNinjaDude|102|\n|player|p2|stannaoto|skierf|\n|teamsize|p1|6\n|teamsize|p2|6\n|gen|9\n|tier|[Gen 9] OU\n|rule|Sleep Clause Mod: Limit one foe put to sleep\n|rule|Species Clause: Limit one of each Pok\u00e9mon\n|rule|OHKO Clause: OHKO moves are banned\n|rule|Evasion Items Clause: Evasion items are banned\n|rule|Evasion Moves Clause: Evasion moves are banned\n|rule|Endless Battle Clause: Forcing endless battles is banned\n|rule|HP Percentage Mod: HP is shown in percentages\n|clearpoke\n|poke|p1|Toxapex, M|\n|poke|p1|Iron Treads|\n|poke|p1|Heatran, F|\n|poke|p1|Wo-Chien|\n|poke|p1|Torterra, F|\n|poke|p1|Ditto|\n|poke|p2|Clodsire, M|\n|poke|p2|Cloyster, F|\n|poke|p2|Arcanine, F|\n|poke|p2|Florges-Orange, F|\n|poke|p2|Dragonite, F|\n|poke|p2|Lycanroc, F|\n|teampreview\n|\n|t:|1701210652\n|start\n|switch|p1a: Torterra|Torterra, F|100\/100\n|switch|p2a: Melody|Dragonite, F|100\/100\n|turn|1\n|\n|t:|1701210660\n|switch|p1a: Heatran|Heatran, F|100\/100\n|move|p2a: Melody|Ice Spinner|p1a: Heatran\n|-resisted|p1a: Heatran\n|-damage|p1a: Heatran|94\/100\n|\n|-heal|p1a: Heatran|99\/100|[from] item: Leftovers\n|upkeep\n|turn|2\n|\n|t:|1701210668\n|switch|p1a: Wo-Chien|Wo-Chien|100\/100\n|-ability|p1a: Wo-Chien|Tablets of Ruin\n|move|p2a: Melody|Earthquake|p1a: Wo-Chien\n|-resisted|p1a: Wo-Chien\n|-damage|p1a: Wo-Chien|91\/100\n|\n|-heal|p1a: Wo-Chien|97\/100|[from] item: Leftovers\n|upkeep\n|turn|3\n|\n|t:|1701210675\n|switch|p2a: #COOKIEJAR|Clodsire, M|100\/100\n|move|p1a: Wo-Chien|Leech Seed|p2a: #COOKIEJAR\n|-start|p2a: #COOKIEJAR|move: Leech Seed\n|\n|-heal|p1a: Wo-Chien|100\/100|[from] item: Leftovers\n|-damage|p2a: #COOKIEJAR|88\/100|[from] Leech Seed|[of] p1a: Wo-Chien\n|upkeep\n|turn|4\n|\n|t:|1701210680\n|switch|p1a: Iron Treads|Iron Treads|100\/100\n|move|p2a: #COOKIEJAR|Toxic|p1a: Iron Treads\n|-immune|p1a: Iron Treads\n|\n|-heal|p2a: #COOKIEJAR|94\/100|[from] item: Black Sludge\n|-damage|p2a: #COOKIEJAR|82\/100|[from] Leech Seed|[of] p1a: Iron Treads\n|upkeep\n|turn|5\n|\n|t:|1701210697\n|switch|p2a: Milkshake|Cloyster, F|100\/100\n|move|p1a: Iron Treads|Ice Spinner|p2a: Milkshake\n|-resisted|p2a: Milkshake\n|-damage|p2a: Milkshake|95\/100\n|\n|upkeep\n|turn|6\n|\n|t:|1701210713\n|move|p1a: Iron Treads|Iron Head|p2a: Milkshake\n|-damage|p2a: Milkshake|61\/100\n|move|p2a: Milkshake|Drill Run|p1a: Iron Treads\n|-supereffective|p1a: Iron Treads\n|-damage|p1a: Iron Treads|56\/100\n|\n|upkeep\n|turn|7\n|\n|t:|1701210730\n|-end|p1a: Iron Treads|Quark Drive|[silent]\n|switch|p1a: Torterra|Torterra, F|100\/100\n|switch|p2a: Arcanine|Arcanine, F|100\/100\n|\n|upkeep\n|turn|8\n|\n|t:|1701210758\n|switch|p2a: Birthday|Florges-Orange, F, shiny|100\/100\n|move|p1a: Torterra|Earthquake|p2a: Birthday\n|-damage|p2a: Birthday|32\/100\n|\n|-heal|p2a: Birthday|38\/100|[from] item: Leftovers\n|upkeep\n|turn|9\n|\n|t:|1701210766\n|move|p2a: Birthday|Moonblast|p1a: Torterra\n|-damage|p1a: Torterra|41\/100\n|move|p1a: Torterra|Earthquake|p2a: Birthday\n|-damage|p2a: Birthday|0 fnt\n|faint|p2a: Birthday\n|\n|upkeep\n|\n|t:|1701210772\n|switch|p2a: Melody|Dragonite, F|100\/100\n|turn|10\n|\n|t:|1701210779\n|-terastallize|p1a: Torterra|Water\n|move|p2a: Melody|Dragon Dance|p2a: Melody\n|-boost|p2a: Melody|atk|1\n|-boost|p2a: Melody|spe|1\n|move|p1a: Torterra|Synthesis|p1a: Torterra\n|-heal|p1a: Torterra|91\/100\n|\n|upkeep\n|turn|11\n|\n|t:|1701210785\n|move|p2a: Melody|Earthquake|p1a: Torterra\n|-damage|p1a: Torterra|38\/100\n|move|p1a: Torterra|Stone Edge|p2a: Melody\n|-supereffective|p2a: Melody\n|-damage|p2a: Melody|64\/100\n|\n|upkeep\n|turn|12\n|\n|t:|1701210806\n|switch|p1a: Literally You|Ditto, shiny|100\/100\n|-transform|p1a: Literally You|p2a: Melody|[from] ability: Imposter\n|move|p2a: Melody|Dragon Dance|p2a: Melody\n|-boost|p2a: Melody|atk|1\n|-boost|p2a: Melody|spe|1\n|\n|upkeep\n|turn|13\n|\n|t:|1701210813\n|move|p1a: Literally You|Ice Spinner|p2a: Melody\n|-supereffective|p2a: Melody\n|-damage|p2a: Melody|0 fnt\n|faint|p2a: Melody\n|\n|upkeep\n|\n|t:|1701210816\n|switch|p2a: Arcanine|Arcanine, F|100\/100\n|turn|14\n|c|\u2606stannaoto|ugh\n|c|\u2606stannaoto|forgot scarf\n|c|\u2606LegendaryNinjaDude|Speed ties usually end in my favor.\n|\n|t:|1701210836\n|switch|p1a: Toxapex|Toxapex, M|100\/100\n|move|p2a: Arcanine|Crunch|p1a: Toxapex\n|-damage|p1a: Toxapex|86\/100\n|\n|upkeep\n|turn|15\n|\n|t:|1701210846\n|switch|p2a: #COOKIEJAR|Clodsire, M|82\/100\n|move|p1a: Toxapex|Chilling Water|p2a: #COOKIEJAR\n|-supereffective|p2a: #COOKIEJAR\n|-damage|p2a: #COOKIEJAR|70\/100\n|-unboost|p2a: #COOKIEJAR|atk|1\n|\n|-heal|p2a: #COOKIEJAR|76\/100|[from] item: Black Sludge\n|upkeep\n|turn|16\n|\n|t:|1701210855\n|switch|p1a: Iron Treads|Iron Treads|56\/100\n|move|p2a: #COOKIEJAR|Earthquake|p1a: Iron Treads\n|-supereffective|p1a: Iron Treads\n|-damage|p1a: Iron Treads|25\/100\n|\n|-heal|p2a: #COOKIEJAR|83\/100|[from] item: Black Sludge\n|upkeep\n|turn|17\n|\n|t:|1701210888\n|move|p1a: Iron Treads|Earthquake|p2a: #COOKIEJAR\n|-supereffective|p2a: #COOKIEJAR\n|-damage|p2a: #COOKIEJAR|0 fnt\n|faint|p2a: #COOKIEJAR\n|\n|upkeep\n|\n|t:|1701210896\n|switch|p2a: Fool|Lycanroc, F, shiny|100\/100\n|turn|18\n|\n|t:|1701210907\n|-end|p1a: Iron Treads|Quark Drive|[silent]\n|switch|p1a: Toxapex|Toxapex, M|100\/100\n|move|p2a: Fool|Drill Run|p1a: Toxapex\n|-supereffective|p1a: Toxapex\n|-damage|p1a: Toxapex|68\/100\n|\n|upkeep\n|turn|19\n|\n|t:|1701210913\n|move|p2a: Fool|Drill Run|p1a: Toxapex|[miss]\n|-miss|p2a: Fool|p1a: Toxapex\n|move|p1a: Toxapex|Chilling Water|p2a: Fool\n|-supereffective|p2a: Fool\n|-damage|p2a: Fool|63\/100\n|-unboost|p2a: Fool|atk|1\n|\n|upkeep\n|turn|20\n|\n|t:|1701210917\n|move|p2a: Fool|Drill Run|p1a: Toxapex\n|-supereffective|p1a: Toxapex\n|-damage|p1a: Toxapex|47\/100\n|move|p1a: Toxapex|Chilling Water|p2a: Fool\n|-supereffective|p2a: Fool\n|-damage|p2a: Fool|32\/100\n|-unboost|p2a: Fool|atk|1\n|\n|upkeep\n|turn|21\n|\n|t:|1701210921\n|switch|p2a: Milkshake|Cloyster, F|61\/100\n|move|p1a: Toxapex|Recover|p1a: Toxapex\n|-heal|p1a: Toxapex|97\/100\n|\n|upkeep\n|turn|22\n|\n|t:|1701210933\n|move|p2a: Milkshake|Shell Smash|p2a: Milkshake\n|-unboost|p2a: Milkshake|def|1\n|-unboost|p2a: Milkshake|spd|1\n|-boost|p2a: Milkshake|atk|2\n|-boost|p2a: Milkshake|spa|2\n|-boost|p2a: Milkshake|spe|2\n|-enditem|p2a: Milkshake|White Herb\n|-clearnegativeboost|p2a: Milkshake|[silent]\n|move|p1a: Toxapex|Sludge Bomb|p2a: Milkshake\n|-damage|p2a: Milkshake|8\/100\n|\n|upkeep\n|turn|23\n|\n|t:|1701210944\n|move|p2a: Milkshake|Drill Run|p1a: Toxapex\n|-supereffective|p1a: Toxapex\n|-crit|p1a: Toxapex\n|-damage|p1a: Toxapex|10\/100\n|move|p1a: Toxapex|Sludge Bomb|p2a: Milkshake\n|-damage|p2a: Milkshake|0 fnt\n|faint|p2a: Milkshake\n|\n|upkeep\n|\n|t:|1701210947\n|switch|p2a: Fool|Lycanroc, F, shiny|32\/100\n|turn|24\n|\n|t:|1701210951\n|switch|p1a: Wo-Chien|Wo-Chien|100\/100\n|-ability|p1a: Wo-Chien|Tablets of Ruin\n|move|p2a: Fool|Close Combat|p1a: Wo-Chien\n|-supereffective|p1a: Wo-Chien\n|-damage|p1a: Wo-Chien|61\/100\n|-unboost|p2a: Fool|def|1\n|-unboost|p2a: Fool|spd|1\n|\n|-heal|p1a: Wo-Chien|68\/100|[from] item: Leftovers\n|upkeep\n|turn|25\n|\n|t:|1701210970\n|switch|p2a: Arcanine|Arcanine, F|100\/100\n|move|p1a: Wo-Chien|Knock Off|p2a: Arcanine\n|-damage|p2a: Arcanine|63\/100\n|-enditem|p2a: Arcanine|Leftovers|[from] move: Knock Off|[of] p1a: Wo-Chien\n|\n|-heal|p1a: Wo-Chien|74\/100|[from] item: Leftovers\n|upkeep\n|turn|26\n|\n|t:|1701210978\n|move|p1a: Wo-Chien|Protect|p1a: Wo-Chien\n|-singleturn|p1a: Wo-Chien|Protect\n|move|p2a: Arcanine|Heat Crash|p1a: Wo-Chien\n|-activate|p1a: Wo-Chien|move: Protect\n|\n|-heal|p1a: Wo-Chien|80\/100|[from] item: Leftovers\n|upkeep\n|turn|27\n|\n|t:|1701210986\n|switch|p1a: Literally You|Ditto, shiny|100\/100\n|-transform|p1a: Literally You|p2a: Arcanine|[from] ability: Imposter\n|move|p2a: Arcanine|Close Combat|p1a: Literally You\n|-damage|p1a: Literally You|52\/100\n|-unboost|p2a: Arcanine|def|1\n|-unboost|p2a: Arcanine|spd|1\n|\n|upkeep\n|turn|28\n|\n|t:|1701211006\n|move|p2a: Arcanine|Extreme Speed|p1a: Literally You\n|-damage|p1a: Literally You|17\/100\n|move|p1a: Literally You|Close Combat|p2a: Arcanine\n|-damage|p2a: Arcanine|0 fnt\n|-unboost|p1a: Literally You|def|1\n|-unboost|p1a: Literally You|spd|1\n|faint|p2a: Arcanine\n|\n|upkeep\n|\n|t:|1701211010\n|switch|p2a: Fool|Lycanroc, F, shiny|32\/100\n|turn|29\n|\n|t:|1701211015\n|switch|p1a: Toxapex|Toxapex, M|43\/100\n|move|p2a: Fool|Accelerock|p1a: Toxapex\n|-damage|p1a: Toxapex|32\/100\n|\n|upkeep\n|turn|30\n|\n|t:|1701211022\n|switch|p1a: Wo-Chien|Wo-Chien|80\/100\n|-ability|p1a: Wo-Chien|Tablets of Ruin\n|move|p2a: Fool|Drill Run|p1a: Wo-Chien|[miss]\n|-miss|p2a: Fool|p1a: Wo-Chien\n|\n|-heal|p1a: Wo-Chien|86\/100|[from] item: Leftovers\n|upkeep\n|turn|31\n|\n|t:|1701211030\n|move|p2a: Fool|Close Combat|p1a: Wo-Chien\n|-supereffective|p1a: Wo-Chien\n|-damage|p1a: Wo-Chien|49\/100\n|-unboost|p2a: Fool|def|1\n|-unboost|p2a: Fool|spd|1\n|move|p1a: Wo-Chien|Knock Off|p2a: Fool\n|-damage|p2a: Fool|0 fnt\n|-enditem|p2a: Fool|Focus Sash|[from] move: Knock Off|[of] p1a: Wo-Chien\n|faint|p2a: Fool\n|\n|win|LegendaryNinjaDude\n|c|\u2606LegendaryNinjaDude|Gg.\n|c|\u2606stannaoto|ggs\n|l|\u2606stannaoto\n|l|\u2606LegendaryNinjaDude\n|j|\u2606LegendaryNinjaDude\n|player|p1|LegendaryNinjaDude|102\n","uploadtime":1701211062,"views":2,"p1id":"legendaryninjadude","p2id":"stannaoto","formatid":"gen9ou","rating":0,"private":0,"password":""}