{"id":"gen9ou-1990376267","p1":"pokewaiter","p2":"rtfx","format":"[Gen 9] OU","log":"|j|\u2606pokewaiter\n|j|\u2606rtfx\n|t:|1699964157\n|gametype|singles\n|player|p1|pokewaiter|waiter-gen4|1156\n|player|p2|rtfx|170|1153\n|teamsize|p1|6\n|teamsize|p2|6\n|gen|9\n|tier|[Gen 9] OU\n|rated|\n|rule|Sleep Clause Mod: Limit one foe put to sleep\n|rule|Species Clause: Limit one of each Pok\u00e9mon\n|rule|OHKO Clause: OHKO moves are banned\n|rule|Evasion Items Clause: Evasion items are banned\n|rule|Evasion Moves Clause: Evasion moves are banned\n|rule|Endless Battle Clause: Forcing endless battles is banned\n|rule|HP Percentage Mod: HP is shown in percentages\n|clearpoke\n|poke|p1|Alomomola, F|\n|poke|p1|Slowking-Galar, F|\n|poke|p1|Kingambit, F|\n|poke|p1|Great Tusk|\n|poke|p1|Cinderace, F|\n|poke|p1|Thundurus-Therian, M|\n|poke|p2|Amoonguss, F|\n|poke|p2|Gholdengo|\n|poke|p2|Zamazenta-*|\n|poke|p2|Ting-Lu|\n|poke|p2|Zapdos|\n|poke|p2|Slowking, F|\n|teampreview\n|inactive|Battle timer is ON: inactive players will automatically lose when time's up. (requested by pokewaiter)\n|\n|t:|1699964178\n|start\n|switch|p1a: Great Tusk|Great Tusk|100\/100\n|switch|p2a: Gholdengo|Gholdengo|100\/100\n|turn|1\n|\n|t:|1699964191\n|-terastallize|p2a: Gholdengo|Ghost\n|move|p1a: Great Tusk|Headlong Rush|p2a: Gholdengo\n|-damage|p2a: Gholdengo|24\/100\n|-unboost|p1a: Great Tusk|def|1\n|-unboost|p1a: Great Tusk|spd|1\n|move|p2a: Gholdengo|Trick|p1a: Great Tusk\n|-activate|p2a: Gholdengo|move: Trick|[of] p1a: Great Tusk\n|-item|p1a: Great Tusk|Choice Specs|[from] move: Trick\n|-item|p2a: Gholdengo|Rocky Helmet|[from] move: Trick\n|\n|upkeep\n|turn|2\n|\n|t:|1699964213\n|switch|p2a: Amoonguss|Amoonguss, F|100\/100\n|move|p1a: Great Tusk|Ice Spinner|p2a: Amoonguss\n|-supereffective|p2a: Amoonguss\n|-damage|p2a: Amoonguss|56\/100\n|\n|upkeep\n|turn|3\n|\n|t:|1699964226\n|-end|p1a: Great Tusk|Protosynthesis|[silent]\n|switch|p1a: Slowking|Slowking-Galar, F|100\/100\n|move|p2a: Amoonguss|Spore|p1a: Slowking\n|-status|p1a: Slowking|slp|[from] move: Spore\n|\n|upkeep\n|turn|4\n|\n|t:|1699964237\n|switch|p2a: Gholdengo|Gholdengo, tera:Ghost|24\/100\n|switch|p1a: Cinderace|Cinderace, F|100\/100\n|\n|upkeep\n|turn|5\n|\n|t:|1699964246\n|switch|p2a: Slowking|Slowking, F|100\/100\n|move|p1a: Cinderace|Pyro Ball|p2a: Slowking\n|-resisted|p2a: Slowking\n|-damage|p2a: Slowking|69\/100\n|\n|upkeep\n|turn|6\n|\n|t:|1699964256\n|switch|p2a: Zamazenta|Zamazenta|100\/100\n|-ability|p2a: Zamazenta|Dauntless Shield|boost\n|-boost|p2a: Zamazenta|def|1\n|move|p1a: Cinderace|U-turn|p2a: Zamazenta\n|-start|p1a: Cinderace|typechange|Bug|[from] ability: Libero\n|-resisted|p2a: Zamazenta\n|-damage|p2a: Zamazenta|91\/100\n|\n|t:|1699964267\n|switch|p1a: Thundurus|Thundurus-Therian, M|100\/100|[from] U-turn\n|\n|upkeep\n|turn|7\n|\n|t:|1699964290\n|move|p2a: Zamazenta|Stone Edge|p1a: Thundurus|[miss]\n|-miss|p2a: Zamazenta|p1a: Thundurus\n|move|p1a: Thundurus|Knock Off|p2a: Zamazenta\n|-resisted|p2a: Zamazenta\n|-damage|p2a: Zamazenta|85\/100\n|-enditem|p2a: Zamazenta|Heavy-Duty Boots|[from] move: Knock Off|[of] p1a: Thundurus\n|\n|upkeep\n|turn|8\n|\n|t:|1699964307\n|switch|p2a: Zapdos|Zapdos|100\/100\n|switch|p1a: Alomomola|Alomomola, F|100\/100\n|\n|upkeep\n|turn|9\n|\n|t:|1699964316\n|move|p2a: Zapdos|Hurricane|p1a: Alomomola\n|-damage|p1a: Alomomola|49\/100\n|-start|p1a: Alomomola|confusion\n|-enditem|p1a: Alomomola|Red Card|[of] p2a: Zapdos\n|drag|p2a: Amoonguss|Amoonguss, F|89\/100\n|-activate|p1a: Alomomola|confusion\n|-damage|p1a: Alomomola|45\/100|[from] confusion\n|\n|upkeep\n|turn|10\n|\n|t:|1699964329\n|switch|p2a: Gholdengo|Gholdengo, tera:Ghost|24\/100\n|-activate|p1a: Alomomola|confusion\n|-damage|p1a: Alomomola|40\/100|[from] confusion\n|\n|upkeep\n|turn|11\n|\n|t:|1699964336\n|move|p2a: Gholdengo|Recover|p2a: Gholdengo\n|-heal|p2a: Gholdengo|74\/100\n|-activate|p1a: Alomomola|confusion\n|move|p1a: Alomomola|Wish|p1a: Alomomola\n|\n|upkeep\n|turn|12\n|\n|t:|1699964354\n|switch|p1a: Kingambit|Kingambit, F|100\/100\n|move|p2a: Gholdengo|Recover|p2a: Gholdengo\n|-heal|p2a: Gholdengo|100\/100\n|\n|upkeep\n|turn|13\n|\n|t:|1699964361\n|switch|p2a: Ting-Lu|Ting-Lu|100\/100\n|-ability|p2a: Ting-Lu|Vessel of Ruin\n|move|p1a: Kingambit|Swords Dance|p1a: Kingambit\n|-boost|p1a: Kingambit|atk|2\n|\n|upkeep\n|turn|14\n|\n|t:|1699964386\n|move|p1a: Kingambit|Swords Dance|p1a: Kingambit\n|-boost|p1a: Kingambit|atk|2\n|move|p2a: Ting-Lu|Earthquake|p1a: Kingambit\n|-supereffective|p1a: Kingambit\n|-damage|p1a: Kingambit|48\/100\n|\n|-heal|p1a: Kingambit|54\/100|[from] item: Leftovers\n|upkeep\n|turn|15\n|\n|t:|1699964394\n|move|p1a: Kingambit|Iron Head|p2a: Ting-Lu\n|-damage|p2a: Ting-Lu|18\/100\n|move|p2a: Ting-Lu|Whirlwind|p1a: Kingambit\n|-end|p1a: Kingambit|fallenundefined|[silent]\n|drag|p1a: Alomomola|Alomomola, F|73\/100\n|\n|upkeep\n|turn|16\n|\n|t:|1699964407\n|switch|p2a: Zapdos|Zapdos|100\/100\n|move|p1a: Alomomola|Flip Turn|p2a: Zapdos\n|-damage|p2a: Zapdos|80\/100\n|\n|t:|1699964418\n|switch|p1a: Thundurus|Thundurus-Therian, M|100\/100|[from] Flip Turn\n|\n|upkeep\n|turn|17\n|\n|t:|1699964429\n|switch|p2a: Ting-Lu|Ting-Lu|18\/100\n|-ability|p2a: Ting-Lu|Vessel of Ruin\n|move|p1a: Thundurus|Volt Switch|p2a: Ting-Lu\n|-immune|p2a: Ting-Lu\n|\n|upkeep\n|turn|18\n|\n|t:|1699964444\n|switch|p1a: Great Tusk|Great Tusk|100\/100\n|move|p2a: Ting-Lu|Whirlwind|p1a: Great Tusk\n|-end|p1a: Great Tusk|Protosynthesis|[silent]\n|drag|p1a: Slowking|Slowking-Galar, F|100\/100 slp\n|\n|upkeep\n|turn|19\n|\n|t:|1699964452\n|switch|p1a: Thundurus|Thundurus-Therian, M|100\/100\n|move|p2a: Ting-Lu|Stealth Rock|p1a: Thundurus\n|-sidestart|p1: pokewaiter|move: Stealth Rock\n|\n|upkeep\n|turn|20\n|\n|t:|1699964469\n|switch|p1a: Cinderace|Cinderace, F|100\/100\n|move|p2a: Ting-Lu|Whirlwind|p1a: Cinderace\n|drag|p1a: Alomomola|Alomomola, F|100\/100\n|-damage|p1a: Alomomola|88\/100|[from] Stealth Rock\n|\n|upkeep\n|turn|21\n|\n|t:|1699964492\n|switch|p2a: Amoonguss|Amoonguss, F|100\/100\n|move|p1a: Alomomola|Wish|p1a: Alomomola\n|\n|upkeep\n|turn|22\n|\n|t:|1699964505\n|switch|p1a: Kingambit|Kingambit, F|54\/100\n|-damage|p1a: Kingambit|48\/100|[from] Stealth Rock\n|switch|p2a: Zamazenta|Zamazenta|85\/100\n|\n|-heal|p1a: Kingambit|100\/100|[from] move: Wish|[wisher] Alomomola\n|upkeep\n|turn|23\n|\n|t:|1699964530\n|-end|p1a: Kingambit|fallenundefined|[silent]\n|switch|p1a: Slowking|Slowking-Galar, F|100\/100 slp\n|move|p2a: Zamazenta|Close Combat|p1a: Slowking\n|-resisted|p1a: Slowking\n|-damage|p1a: Slowking|85\/100 slp\n|-unboost|p2a: Zamazenta|def|1\n|-unboost|p2a: Zamazenta|spd|1\n|\n|upkeep\n|turn|24\n|\n|t:|1699964535\n|move|p2a: Zamazenta|Crunch|p1a: Slowking\n|-supereffective|p1a: Slowking\n|-crit|p1a: Slowking\n|-damage|p1a: Slowking|0 fnt\n|faint|p1a: Slowking\n|\n|upkeep\n|\n|t:|1699964544\n|switch|p1a: Thundurus|Thundurus-Therian, M|100\/100\n|-damage|p1a: Thundurus|76\/100|[from] Stealth Rock\n|turn|25\n|\n|t:|1699964554\n|switch|p2a: Ting-Lu|Ting-Lu|18\/100\n|-ability|p2a: Ting-Lu|Vessel of Ruin\n|-terastallize|p1a: Thundurus|Flying\n|move|p1a: Thundurus|Tera Blast|p2a: Ting-Lu|[anim] Tera Blast Flying\n|-damage|p2a: Ting-Lu|0 fnt\n|faint|p2a: Ting-Lu\n|\n|upkeep\n|\n|t:|1699964563\n|switch|p2a: Zamazenta|Zamazenta|85\/100\n|turn|26\n|\n|t:|1699964572\n|switch|p1a: Great Tusk|Great Tusk|100\/100\n|-damage|p1a: Great Tusk|98\/100|[from] Stealth Rock\n|move|p2a: Zamazenta|Stone Edge|p1a: Great Tusk|[miss]\n|-miss|p2a: Zamazenta|p1a: Great Tusk\n|\n|upkeep\n|turn|27\n|\n|t:|1699964581\n|switch|p2a: Slowking|Slowking, F|100\/100\n|move|p1a: Great Tusk|Rapid Spin|p2a: Slowking\n|-damage|p2a: Slowking|83\/100\n|-boost|p1a: Great Tusk|spe|1\n|-sideend|p1: pokewaiter|Stealth Rock|[from] move: Rapid Spin|[of] p1a: Great Tusk\n|\n|upkeep\n|turn|28\n|\n|t:|1699964596\n|-end|p1a: Great Tusk|Protosynthesis|[silent]\n|switch|p1a: Alomomola|Alomomola, F|100\/100\n|move|p2a: Slowking|Scald|p1a: Alomomola\n|-resisted|p1a: Alomomola\n|-damage|p1a: Alomomola|87\/100\n|\n|upkeep\n|turn|29\n|\n|t:|1699964613\n|move|p1a: Alomomola|Wish|p1a: Alomomola\n|move|p2a: Slowking|Chilly Reception|p2a: Slowking\n|-weather|Snow\n|\n|t:|1699964621\n|switch|p2a: Zapdos|Zapdos|80\/100|[from] Chilly Reception\n|\n|-weather|Snow|[upkeep]\n|upkeep\n|turn|30\n|\n|t:|1699964641\n|switch|p1a: Kingambit|Kingambit, F|100\/100\n|-activate|p1a: Kingambit|ability: Supreme Overlord\n|-start|p1a: Kingambit|fallen1|[silent]\n|move|p2a: Zapdos|Weather Ball|p1a: Kingambit\n|-resisted|p1a: Kingambit\n|-damage|p1a: Kingambit|84\/100\n|\n|-weather|Snow|[upkeep]\n|-heal|p1a: Kingambit|100\/100|[from] move: Wish|[wisher] Alomomola\n|upkeep\n|turn|31\n|\n|t:|1699964654\n|move|p2a: Zapdos|Volt Switch|p1a: Kingambit\n|-crit|p1a: Kingambit\n|-damage|p1a: Kingambit|48\/100\n|\n|t:|1699964658\n|switch|p2a: Zamazenta|Zamazenta|85\/100|[from] Volt Switch\n|move|p1a: Kingambit|Swords Dance|p1a: Kingambit\n|-boost|p1a: Kingambit|atk|2\n|\n|-weather|Snow|[upkeep]\n|-heal|p1a: Kingambit|54\/100|[from] item: Leftovers\n|upkeep\n|turn|32\n|\n|t:|1699964685\n|switch|p2a: Zapdos|Zapdos|80\/100\n|move|p1a: Kingambit|Iron Head|p2a: Zapdos\n|-resisted|p2a: Zapdos\n|-damage|p2a: Zapdos|22\/100\n|-status|p1a: Kingambit|par|[from] ability: Static|[of] p2a: Zapdos\n|\n|-weather|Snow|[upkeep]\n|-heal|p1a: Kingambit|61\/100 par|[from] item: Leftovers\n|upkeep\n|turn|33\n|c|\u2606rtfx|damn the stay was big brain\n|c|\u2606pokewaiter|thanks\n|c|\u2606pokewaiter|you got a lot of rng\n|\n|t:|1699964710\n|move|p1a: Kingambit|Sucker Punch|p2a: Zapdos\n|-damage|p2a: Zapdos|0 fnt\n|faint|p2a: Zapdos\n|\n|-weather|none\n|-heal|p1a: Kingambit|67\/100 par|[from] item: Leftovers\n|upkeep\n|c|\u2606pokewaiter|but still great plays\n|\n|t:|1699964713\n|switch|p2a: Zamazenta|Zamazenta|85\/100\n|turn|34\n|\n|t:|1699964723\n|-end|p1a: Kingambit|fallen1|[silent]\n|switch|p1a: Thundurus|Thundurus-Therian, M, tera:Flying|76\/100\n|move|p2a: Zamazenta|Close Combat|p1a: Thundurus\n|-resisted|p1a: Thundurus\n|-damage|p1a: Thundurus|31\/100\n|-unboost|p2a: Zamazenta|def|1\n|-unboost|p2a: Zamazenta|spd|1\n|\n|upkeep\n|turn|35\n|\n|t:|1699964734\n|move|p2a: Zamazenta|Close Combat|p1a: Thundurus\n|-resisted|p1a: Thundurus\n|-damage|p1a: Thundurus|0 fnt\n|-unboost|p2a: Zamazenta|def|1\n|-unboost|p2a: Zamazenta|spd|1\n|faint|p1a: Thundurus\n|\n|upkeep\n|\n|t:|1699964743\n|switch|p1a: Alomomola|Alomomola, F|100\/100\n|turn|36\n|\n|t:|1699964762\n|switch|p2a: Slowking|Slowking, F|100\/100\n|move|p1a: Alomomola|Wish|p1a: Alomomola\n|\n|upkeep\n|turn|37\n|\n|t:|1699964775\n|move|p1a: Alomomola|Scald|p2a: Slowking\n|-resisted|p2a: Slowking\n|-damage|p2a: Slowking|96\/100\n|-status|p2a: Slowking|brn\n|move|p2a: Slowking|Chilly Reception|p2a: Slowking\n|-weather|Snow\n|\n|t:|1699964786\n|switch|p2a: Gholdengo|Gholdengo, tera:Ghost|100\/100|[from] Chilly Reception\n|\n|-weather|Snow|[upkeep]\n|upkeep\n|turn|38\n|\n|t:|1699964799\n|switch|p2a: Zamazenta|Zamazenta|85\/100\n|move|p1a: Alomomola|Wish|p1a: Alomomola\n|\n|-weather|Snow|[upkeep]\n|upkeep\n|turn|39\n|\n|t:|1699964806\n|switch|p2a: Slowking|Slowking, F|100\/100 brn\n|move|p1a: Alomomola|Scald|p2a: Slowking\n|-resisted|p2a: Slowking\n|-crit|p2a: Slowking\n|-damage|p2a: Slowking|95\/100 brn\n|\n|-weather|Snow|[upkeep]\n|-damage|p2a: Slowking|89\/100 brn|[from] brn\n|upkeep\n|turn|40\n|\n|t:|1699964823\n|move|p1a: Alomomola|Flip Turn|p2a: Slowking\n|-resisted|p2a: Slowking\n|-damage|p2a: Slowking|79\/100 brn\n|\n|t:|1699964829\n|switch|p1a: Kingambit|Kingambit, F|67\/100 par|[from] Flip Turn\n|-activate|p1a: Kingambit|ability: Supreme Overlord\n|-start|p1a: Kingambit|fallen2|[silent]\n|move|p2a: Slowking|Scald|p1a: Kingambit\n|-damage|p1a: Kingambit|42\/100 par\n|\n|-weather|Snow|[upkeep]\n|-heal|p1a: Kingambit|48\/100 par|[from] item: Leftovers\n|-damage|p2a: Slowking|73\/100 brn|[from] brn\n|upkeep\n|turn|41\n|\n|t:|1699964844\n|-end|p1a: Kingambit|fallen2|[silent]\n|switch|p1a: Alomomola|Alomomola, F|100\/100\n|switch|p2a: Zamazenta|Zamazenta|85\/100\n|\n|-weather|none\n|upkeep\n|turn|42\n|\n|t:|1699964871\n|switch|p2a: Slowking|Slowking, F|100\/100 brn\n|move|p1a: Alomomola|Wish|p1a: Alomomola\n|\n|-damage|p2a: Slowking|94\/100 brn|[from] brn\n|upkeep\n|turn|43\n|\n|t:|1699964876\n|switch|p1a: Kingambit|Kingambit, F|48\/100 par\n|-activate|p1a: Kingambit|ability: Supreme Overlord\n|-start|p1a: Kingambit|fallen2|[silent]\n|move|p2a: Slowking|Chilly Reception|p2a: Slowking\n|-weather|Snow\n|\n|t:|1699964885\n|switch|p2a: Zamazenta|Zamazenta|85\/100|[from] Chilly Reception\n|\n|-weather|Snow|[upkeep]\n|-heal|p1a: Kingambit|100\/100 par|[from] move: Wish|[wisher] Alomomola\n|upkeep\n|turn|44\n|\n|t:|1699964914\n|-end|p1a: Kingambit|fallen2|[silent]\n|switch|p1a: Alomomola|Alomomola, F|100\/100\n|move|p2a: Zamazenta|Close Combat|p1a: Alomomola\n|-damage|p1a: Alomomola|64\/100\n|-unboost|p2a: Zamazenta|def|1\n|-unboost|p2a: Zamazenta|spd|1\n|\n|-weather|Snow|[upkeep]\n|upkeep\n|turn|45\n|c|\u2606rtfx|tense game\n|\n|t:|1699964924\n|move|p2a: Zamazenta|Close Combat|p1a: Alomomola\n|-damage|p1a: Alomomola|28\/100\n|-unboost|p2a: Zamazenta|def|1\n|-unboost|p2a: Zamazenta|spd|1\n|move|p1a: Alomomola|Wish|p1a: Alomomola\n|\n|-weather|Snow|[upkeep]\n|upkeep\n|turn|46\n|c|\u2606pokewaiter|fr\n|\n|t:|1699964944\n|switch|p2a: Slowking|Slowking, F|100\/100 brn\n|switch|p1a: Great Tusk|Great Tusk|98\/100\n|\n|-weather|Snow|[upkeep]\n|-heal|p1a: Great Tusk|100\/100|[from] move: Wish|[wisher] Alomomola\n|-damage|p2a: Slowking|94\/100 brn|[from] brn\n|upkeep\n|turn|47\n|\n|t:|1699964963\n|-end|p1a: Great Tusk|Protosynthesis|[silent]\n|switch|p1a: Alomomola|Alomomola, F|62\/100\n|move|p2a: Slowking|Chilly Reception|p2a: Slowking\n|\n|t:|1699964971\n|switch|p2a: Gholdengo|Gholdengo, tera:Ghost|100\/100|[from] Chilly Reception\n|\n|-weather|none\n|upkeep\n|turn|48\n|c|\u2606pokewaiter|i think i'm lost\n|c|\u2606pokewaiter|just waiting on it\n|\n|t:|1699964985\n|switch|p2a: Zamazenta|Zamazenta|85\/100\n|move|p1a: Alomomola|Wish|p1a: Alomomola\n|\n|upkeep\n|turn|49\n|\n|t:|1699964993\n|move|p2a: Zamazenta|Close Combat|p1a: Alomomola\n|-damage|p1a: Alomomola|24\/100\n|-unboost|p2a: Zamazenta|def|1\n|-unboost|p2a: Zamazenta|spd|1\n|move|p1a: Alomomola|Acrobatics|p2a: Zamazenta\n|-supereffective|p2a: Zamazenta\n|-damage|p2a: Zamazenta|32\/100\n|\n|-heal|p1a: Alomomola|74\/100|[from] move: Wish|[wisher] Alomomola\n|upkeep\n|turn|50\n|c|\u2606rtfx|nah gg\n|c|\u2606pokewaiter|what\n|c|\u2606pokewaiter|alomomola wish spam op fr\n|inactive|rtfx has 120 seconds left.\n|c|\u2606rtfx|that is not the movei was expecting haha\n|\n|t:|1699965040\n|switch|p2a: Slowking|Slowking, F|100\/100 brn\n|move|p1a: Alomomola|Flip Turn|p2a: Slowking\n|-resisted|p2a: Slowking\n|-damage|p2a: Slowking|93\/100 brn\n|\n|t:|1699965045\n|switch|p1a: Kingambit|Kingambit, F|100\/100 par|[from] Flip Turn\n|-activate|p1a: Kingambit|ability: Supreme Overlord\n|-start|p1a: Kingambit|fallen2|[silent]\n|\n|-damage|p2a: Slowking|87\/100 brn|[from] brn\n|upkeep\n|turn|51\n|inactive|rtfx has 120 seconds left.\n|\n|t:|1699965054\n|move|p1a: Kingambit|Swords Dance|p1a: Kingambit\n|-boost|p1a: Kingambit|atk|2\n|move|p2a: Slowking|Chilly Reception|p2a: Slowking\n|-weather|Snow\n|\n|t:|1699965059\n|switch|p2a: Zamazenta|Zamazenta|32\/100|[from] Chilly Reception\n|\n|-weather|Snow|[upkeep]\n|upkeep\n|turn|52\n|c|\u2606pokewaiter|i pray for no para\n|\n|t:|1699965072\n|move|p1a: Kingambit|Sucker Punch|p2a: Zamazenta\n|-resisted|p2a: Zamazenta\n|-damage|p2a: Zamazenta|0 fnt\n|faint|p2a: Zamazenta\n|\n|-weather|Snow|[upkeep]\n|upkeep\n|c|\u2606rtfx|XD\n|c|\u2606pokewaiter|nice\n|inactive|rtfx has 120 seconds left.\n|\n|t:|1699965089\n|switch|p2a: Slowking|Slowking, F|100\/100 brn\n|turn|53\n|\n|t:|1699965095\n|move|p1a: Kingambit|Kowtow Cleave|p2a: Slowking\n|-supereffective|p2a: Slowking\n|-damage|p2a: Slowking|0 fnt\n|faint|p2a: Slowking\n|\n|-weather|Snow|[upkeep]\n|upkeep\n|c|\u2606rtfx|gg man fun game\n|c|\u2606pokewaiter|whys your slowking so slow\n|c|\u2606pokewaiter|gg\n|inactive|rtfx has 120 seconds left.\n|c|\u2606rtfx|was expecting protect as 4th move on alomo\n|c|\u2606pokewaiter|nah i wouldve clicked it more\n|-message|rtfx forfeited.\n|\n|win|pokewaiter\n|raw|pokewaiter's rating: 1156 &rarr; <strong>1181<\/strong><br \/>(+25 for winning)\n|raw|rtfx's rating: 1153 &rarr; <strong>1128<\/strong><br \/>(-25 for losing)\n|c|\u2606pokewaiter|ggs\n|l|\u2606rtfx\n","uploadtime":1699965128,"views":9,"p1id":"pokewaiter","p2id":"rtfx","formatid":"gen9ou","rating":1128,"private":0,"password":""}