{"id":"gen9ou-1991354844","p1":"Flareon vermelho","p2":"Imanjoneser","format":"[Gen 9] OU","log":"|j|\u2606Flareon vermelho\n|j|\u2606Imanjoneser\n|t:|1700070190\n|gametype|singles\n|player|p1|Flareon vermelho|170|1139\n|player|p2|Imanjoneser|bugcatcher-gen4dp|1073\n|teamsize|p1|6\n|teamsize|p2|6\n|gen|9\n|tier|[Gen 9] OU\n|rated|\n|rule|Sleep Clause Mod: Limit one foe put to sleep\n|rule|Species Clause: Limit one of each Pok\u00e9mon\n|rule|OHKO Clause: OHKO moves are banned\n|rule|Evasion Items Clause: Evasion items are banned\n|rule|Evasion Moves Clause: Evasion moves are banned\n|rule|Endless Battle Clause: Forcing endless battles is banned\n|rule|HP Percentage Mod: HP is shown in percentages\n|clearpoke\n|poke|p1|Ting-Lu|\n|poke|p1|Corviknight, M|\n|poke|p1|Conkeldurr, M|\n|poke|p1|Enamorus, F|\n|poke|p1|Walking Wake|\n|poke|p1|Gholdengo|\n|poke|p2|Tyranitar, F|\n|poke|p2|Dragonite, M|\n|poke|p2|Salamence, F|\n|poke|p2|Hatterene, F|\n|poke|p2|Goodra, M|\n|poke|p2|Electrode-Hisui|\n|teampreview\n|\n|t:|1700070196\n|start\n|switch|p1a: Ting-Lu|Ting-Lu|100\/100\n|switch|p2a: Electrode|Electrode-Hisui, shiny|100\/100\n|-ability|p1a: Ting-Lu|Vessel of Ruin\n|turn|1\n|\n|t:|1700070213\n|move|p2a: Electrode|Taunt|p1a: Ting-Lu\n|-start|p1a: Ting-Lu|move: Taunt\n|cant|p1a: Ting-Lu|move: Taunt|Whirlwind\n|\n|upkeep\n|turn|2\n|\n|t:|1700070227\n|switch|p1a: Gholdengo|Gholdengo|100\/100\n|move|p2a: Electrode|Energy Ball|p1a: Gholdengo\n|-resisted|p1a: Gholdengo\n|-damage|p1a: Gholdengo|81\/100\n|\n|upkeep\n|turn|3\n|\n|t:|1700070237\n|move|p2a: Electrode|Thunderbolt|p1a: Gholdengo\n|-damage|p1a: Gholdengo|39\/100\n|move|p1a: Gholdengo|Trick|p2a: Electrode\n|-activate|p1a: Gholdengo|move: Trick|[of] p2a: Electrode\n|-item|p2a: Electrode|Choice Scarf|[from] move: Trick\n|-item|p1a: Gholdengo|Focus Sash|[from] move: Trick\n|\n|upkeep\n|turn|4\n|\n|t:|1700070253\n|move|p2a: Electrode|Energy Ball|p1a: Gholdengo\n|-resisted|p1a: Gholdengo\n|-damage|p1a: Gholdengo|18\/100\n|move|p1a: Gholdengo|Recover|p1a: Gholdengo\n|-heal|p1a: Gholdengo|68\/100\n|\n|upkeep\n|turn|5\n|\n|t:|1700070261\n|switch|p2a: Salamence|Salamence, F, shiny|100\/100\n|-ability|p2a: Salamence|Intimidate|boost\n|-unboost|p1a: Gholdengo|atk|1\n|move|p1a: Gholdengo|Recover|p1a: Gholdengo\n|-heal|p1a: Gholdengo|100\/100\n|\n|upkeep\n|turn|6\n|\n|t:|1700070273\n|switch|p1a: Enamorus|Enamorus, F|100\/100\n|move|p2a: Salamence|Earthquake|p1a: Enamorus\n|-immune|p1a: Enamorus\n|\n|upkeep\n|turn|7\n|\n|t:|1700070281\n|-terastallize|p2a: Salamence|Ground\n|move|p1a: Enamorus|Calm Mind|p1a: Enamorus\n|-boost|p1a: Enamorus|spa|1\n|-boost|p1a: Enamorus|spd|1\n|move|p2a: Salamence|Iron Head|p1a: Enamorus\n|-supereffective|p1a: Enamorus\n|-crit|p1a: Enamorus\n|-damage|p1a: Enamorus|0 fnt\n|faint|p1a: Enamorus\n|\n|upkeep\n|\n|t:|1700070291\n|switch|p1a: Walking Wake|Walking Wake|100\/100\n|-enditem|p1a: Walking Wake|Booster Energy\n|-activate|p1a: Walking Wake|ability: Protosynthesis|[fromitem]\n|-start|p1a: Walking Wake|protosynthesisspa\n|turn|8\n|\n|t:|1700070298\n|switch|p2a: Electrode|Electrode-Hisui, shiny|100\/100\n|-terastallize|p1a: Walking Wake|Water\n|move|p1a: Walking Wake|Agility|p1a: Walking Wake\n|-boost|p1a: Walking Wake|spe|2\n|\n|upkeep\n|turn|9\n|\n|t:|1700070311\n|move|p2a: Electrode|Thunderbolt|p1a: Walking Wake\n|-supereffective|p1a: Walking Wake\n|-damage|p1a: Walking Wake|14\/100\n|move|p1a: Walking Wake|Flamethrower|p2a: Electrode\n|-supereffective|p2a: Electrode\n|-damage|p2a: Electrode|0 fnt\n|faint|p2a: Electrode\n|\n|upkeep\n|\n|t:|1700070336\n|switch|p2a: Hatterene|Hatterene, F, shiny|100\/100\n|turn|10\n|\n|t:|1700070340\n|move|p1a: Walking Wake|Hydro Steam|p2a: Hatterene\n|-damage|p2a: Hatterene|14\/100\n|move|p2a: Hatterene|Draining Kiss|p1a: Walking Wake\n|-damage|p1a: Walking Wake|0 fnt\n|-heal|p2a: Hatterene|25\/100|[from] drain|[of] p1a: Walking Wake\n|faint|p1a: Walking Wake\n|-end|p1a: Walking Wake|Protosynthesis|[silent]\n|\n|-heal|p2a: Hatterene|31\/100|[from] item: Leftovers\n|upkeep\n|\n|t:|1700070349\n|switch|p1a: Corviknight|Corviknight, M|100\/100\n|-ability|p1a: Corviknight|Pressure\n|turn|11\n|\n|t:|1700070358\n|move|p1a: Corviknight|Brave Bird|p2a: Hatterene\n|-damage|p2a: Hatterene|0 fnt\n|faint|p2a: Hatterene\n|-damage|p1a: Corviknight|91\/100|[from] Recoil\n|\n|upkeep\n|\n|t:|1700070364\n|switch|p2a: Goodra|Goodra, M|100\/100\n|turn|12\n|\n|t:|1700070374\n|move|p2a: Goodra|Acid Armor|p2a: Goodra\n|-boost|p2a: Goodra|def|2\n|move|p1a: Corviknight|U-turn|p2a: Goodra\n|-damage|p2a: Goodra|91\/100\n|-ability|p2a: Goodra|Gooey\n|-unboost|p1a: Corviknight|spe|1\n|\n|t:|1700070388\n|switch|p1a: Gholdengo|Gholdengo|100\/100|[from] U-turn\n|\n|-heal|p2a: Goodra|97\/100|[from] item: Leftovers\n|upkeep\n|turn|13\n|\n|t:|1700070396\n|move|p1a: Gholdengo|Shadow Ball|p2a: Goodra\n|-damage|p2a: Goodra|69\/100\n|move|p2a: Goodra|Flamethrower|p1a: Gholdengo\n|-supereffective|p1a: Gholdengo\n|-damage|p1a: Gholdengo|28\/100\n|\n|-heal|p2a: Goodra|75\/100|[from] item: Leftovers\n|upkeep\n|turn|14\n|\n|t:|1700070406\n|switch|p2a: Tyranitar|Tyranitar, F, shiny|100\/100\n|-ability|p2a: Tyranitar|Unnerve\n|move|p1a: Gholdengo|Make It Rain|p2a: Tyranitar\n|-supereffective|p2a: Tyranitar\n|-damage|p2a: Tyranitar|0 fnt\n|-unboost|p1a: Gholdengo|spa|1\n|faint|p2a: Tyranitar\n|\n|upkeep\n|\n|t:|1700070417\n|switch|p2a: Salamence|Salamence, F, shiny, tera:Ground|100\/100\n|-ability|p2a: Salamence|Intimidate|boost\n|-unboost|p1a: Gholdengo|atk|1\n|turn|15\n|\n|t:|1700070423\n|switch|p1a: Corviknight|Corviknight, M|91\/100\n|-ability|p1a: Corviknight|Pressure\n|move|p2a: Salamence|Dragon Dance|p2a: Salamence\n|-boost|p2a: Salamence|atk|1\n|-boost|p2a: Salamence|spe|1\n|\n|upkeep\n|turn|16\n|\n|t:|1700070434\n|switch|p2a: Dragonite|Dragonite, M, shiny|100\/100\n|move|p1a: Corviknight|Brave Bird|p2a: Dragonite\n|-damage|p2a: Dragonite|82\/100\n|-damage|p1a: Corviknight|85\/100|[from] Recoil\n|\n|-heal|p2a: Dragonite|88\/100|[from] item: Leftovers\n|upkeep\n|turn|17\n|\n|t:|1700070445\n|move|p2a: Dragonite|Dragon Dance|p2a: Dragonite\n|-boost|p2a: Dragonite|atk|1\n|-boost|p2a: Dragonite|spe|1\n|move|p1a: Corviknight|Brave Bird|p2a: Dragonite\n|-damage|p2a: Dragonite|48\/100\n|-damage|p1a: Corviknight|72\/100|[from] Recoil\n|\n|-heal|p2a: Dragonite|54\/100|[from] item: Leftovers\n|upkeep\n|turn|18\n|\n|t:|1700070453\n|move|p2a: Dragonite|Fire Punch|p1a: Corviknight\n|-supereffective|p1a: Corviknight\n|-damage|p1a: Corviknight|8\/100\n|-damage|p2a: Dragonite|38\/100|[from] item: Rocky Helmet|[of] p1a: Corviknight\n|move|p1a: Corviknight|Roost|p1a: Corviknight\n|-heal|p1a: Corviknight|58\/100\n|-singleturn|p1a: Corviknight|move: Roost\n|\n|-heal|p2a: Dragonite|44\/100|[from] item: Leftovers\n|upkeep\n|turn|19\n|\n|t:|1700070470\n|move|p2a: Dragonite|Dragon Dance|p2a: Dragonite\n|-boost|p2a: Dragonite|atk|1\n|-boost|p2a: Dragonite|spe|1\n|move|p1a: Corviknight|Roost|p1a: Corviknight\n|-heal|p1a: Corviknight|100\/100\n|-singleturn|p1a: Corviknight|move: Roost\n|\n|-heal|p2a: Dragonite|50\/100|[from] item: Leftovers\n|upkeep\n|turn|20\n|\n|t:|1700070478\n|move|p2a: Dragonite|Fire Punch|p1a: Corviknight\n|-supereffective|p1a: Corviknight\n|-crit|p1a: Corviknight\n|-damage|p1a: Corviknight|0 fnt\n|-damage|p2a: Dragonite|33\/100|[from] item: Rocky Helmet|[of] p1a: Corviknight\n|faint|p1a: Corviknight\n|\n|-heal|p2a: Dragonite|39\/100|[from] item: Leftovers\n|upkeep\n|\n|t:|1700070483\n|switch|p1a: Conkeldurr|Conkeldurr, M|100\/100\n|turn|21\n|inactive|Battle timer is ON: inactive players will automatically lose when time's up. (requested by Flareon vermelho)\n|inactive|Imanjoneser has 120 seconds left.\n|\n|t:|1700070570\n|move|p2a: Dragonite|Waterfall|p1a: Conkeldurr\n|-damage|p1a: Conkeldurr|47\/100\n|move|p1a: Conkeldurr|Ice Punch|p2a: Dragonite\n|-supereffective|p2a: Dragonite\n|-damage|p2a: Dragonite|0 fnt\n|faint|p2a: Dragonite\n|\n|-status|p1a: Conkeldurr|brn|[from] item: Flame Orb\n|upkeep\n|inactive|Imanjoneser has 120 seconds left.\n|\n|t:|1700070623\n|switch|p2a: Salamence|Salamence, F, shiny, tera:Ground|100\/100\n|-ability|p2a: Salamence|Intimidate|boost\n|-unboost|p1a: Conkeldurr|atk|1\n|turn|22\n|\n|t:|1700070632\n|move|p2a: Salamence|Earthquake|p1a: Conkeldurr\n|-damage|p1a: Conkeldurr|0 fnt\n|faint|p1a: Conkeldurr\n|\n|upkeep\n|\n|t:|1700070637\n|switch|p1a: Ting-Lu|Ting-Lu|100\/100\n|-ability|p1a: Ting-Lu|Vessel of Ruin\n|turn|23\n|\n|t:|1700070643\n|move|p2a: Salamence|Focus Energy|p2a: Salamence\n|-start|p2a: Salamence|move: Focus Energy\n|move|p1a: Ting-Lu|Ruination|p2a: Salamence\n|-damage|p2a: Salamence|51\/100\n|\n|upkeep\n|turn|24\n|inactive|Imanjoneser has 120 seconds left.\n|\n|t:|1700070651\n|move|p2a: Salamence|Earthquake|p1a: Ting-Lu\n|-crit|p1a: Ting-Lu\n|-damage|p1a: Ting-Lu|52\/100\n|move|p1a: Ting-Lu|Whirlwind|p2a: Salamence\n|drag|p2a: Goodra|Goodra, M|75\/100\n|\n|-heal|p2a: Goodra|81\/100|[from] item: Leftovers\n|-heal|p1a: Ting-Lu|59\/100|[from] item: Leftovers\n|upkeep\n|turn|25\n|\n|t:|1700070660\n|move|p2a: Goodra|Ice Beam|p1a: Ting-Lu\n|-supereffective|p1a: Ting-Lu\n|-crit|p1a: Ting-Lu\n|-damage|p1a: Ting-Lu|18\/100\n|move|p1a: Ting-Lu|Ruination|p2a: Goodra\n|-damage|p2a: Goodra|41\/100\n|\n|-heal|p2a: Goodra|47\/100|[from] item: Leftovers\n|-heal|p1a: Ting-Lu|24\/100|[from] item: Leftovers\n|upkeep\n|turn|26\n|-message|Flareon vermelho forfeited.\n|\n|win|Imanjoneser\n|raw|Flareon vermelho's rating: 1139 &rarr; <strong>1109<\/strong><br \/>(-30 for losing)\n|raw|Imanjoneser's rating: 1073 &rarr; <strong>1108<\/strong><br \/>(+35 for winning)\n|l|\u2606Flareon vermelho\n|c|\u2606Imanjoneser|phew hard one\n","uploadtime":1700070766,"views":7,"p1id":"flareonvermelho","p2id":"imanjoneser","formatid":"gen9ou","rating":1108,"private":0,"password":""}