{"id":"gen9ou-1994346613","p1":"Br0nana","p2":"Gabs_Ferreira","format":"[Gen 9] OU","log":"|j|\u2606Br0nana\n|j|\u2606Gabs_Ferreira\n|t:|1700433572\n|gametype|singles\n|player|p1|Br0nana|acetrainer-gen4dp|1098\n|player|p2|Gabs_Ferreira|wallace|1000\n|teamsize|p1|6\n|teamsize|p2|6\n|gen|9\n|tier|[Gen 9] OU\n|rated|\n|rule|Sleep Clause Mod: Limit one foe put to sleep\n|rule|Species Clause: Limit one of each Pok\u00e9mon\n|rule|OHKO Clause: OHKO moves are banned\n|rule|Evasion Items Clause: Evasion items are banned\n|rule|Evasion Moves Clause: Evasion moves are banned\n|rule|Endless Battle Clause: Forcing endless battles is banned\n|rule|HP Percentage Mod: HP is shown in percentages\n|clearpoke\n|poke|p1|Tyranitar, F|\n|poke|p1|Garchomp, M|\n|poke|p1|Arcanine-Hisui, M|\n|poke|p1|Diancie|\n|poke|p1|Kleavor, M|\n|poke|p1|Forretress, F|\n|poke|p2|Ribombee, F|\n|poke|p2|Toxapex, F|\n|poke|p2|Iron Moth|\n|poke|p2|Blissey, F|\n|poke|p2|Hatterene, F|\n|poke|p2|Sneasler, M|\n|teampreview\n|\n|t:|1700433586\n|start\n|switch|p1a: Tyranitar|Tyranitar, F|100\/100\n|switch|p2a: Toxapex|Toxapex, F|100\/100\n|-weather|Sandstorm|[from] ability: Sand Stream|[of] p1a: Tyranitar\n|turn|1\n|inactive|Battle timer is ON: inactive players will automatically lose when time's up. (requested by Gabs_Ferreira)\n|\n|t:|1700433597\n|move|p2a: Toxapex|Baneful Bunker|p2a: Toxapex\n|-singleturn|p2a: Toxapex|move: Protect\n|move|p1a: Tyranitar|Thunderbolt|p2a: Toxapex\n|-activate|p2a: Toxapex|move: Protect\n|\n|-weather|Sandstorm|[upkeep]\n|-damage|p2a: Toxapex|94\/100|[from] Sandstorm\n|-heal|p2a: Toxapex|100\/100|[from] item: Leftovers\n|upkeep\n|turn|2\n|\n|t:|1700433607\n|move|p1a: Tyranitar|Thunderbolt|p2a: Toxapex\n|-supereffective|p2a: Toxapex\n|-damage|p2a: Toxapex|61\/100\n|-status|p2a: Toxapex|par\n|move|p2a: Toxapex|Toxic Spikes|p1a: Tyranitar\n|-sidestart|p1: Br0nana|move: Toxic Spikes\n|\n|-weather|Sandstorm|[upkeep]\n|-damage|p2a: Toxapex|55\/100 par|[from] Sandstorm\n|-heal|p2a: Toxapex|61\/100 par|[from] item: Leftovers\n|upkeep\n|turn|3\n|\n|t:|1700433615\n|move|p1a: Tyranitar|Thunderbolt|p2a: Toxapex\n|-supereffective|p2a: Toxapex\n|-damage|p2a: Toxapex|16\/100 par\n|cant|p2a: Toxapex|par\n|\n|-weather|Sandstorm|[upkeep]\n|-damage|p2a: Toxapex|9\/100 par|[from] Sandstorm\n|-heal|p2a: Toxapex|16\/100 par|[from] item: Leftovers\n|upkeep\n|turn|4\n|\n|t:|1700433623\n|move|p1a: Tyranitar|Thunderbolt|p2a: Toxapex\n|-supereffective|p2a: Toxapex\n|-damage|p2a: Toxapex|0 fnt\n|faint|p2a: Toxapex\n|\n|-weather|Sandstorm|[upkeep]\n|upkeep\n|\n|t:|1700433638\n|switch|p2a: Sneasler|Sneasler, M|100\/100\n|-ability|p2a: Sneasler|Pressure\n|turn|5\n|\n|t:|1700433648\n|move|p2a: Sneasler|Brick Break|p1a: Tyranitar\n|-supereffective|p1a: Tyranitar\n|-damage|p1a: Tyranitar|0 fnt\n|faint|p1a: Tyranitar\n|\n|-weather|Sandstorm|[upkeep]\n|-damage|p2a: Sneasler|95\/100|[from] Sandstorm\n|upkeep\n|\n|t:|1700433654\n|switch|p1a: Forretress|Forretress, F, shiny|100\/100\n|turn|6\n|\n|t:|1700433660\n|move|p2a: Sneasler|Brick Break|p1a: Forretress\n|-damage|p1a: Forretress|71\/100\n|move|p1a: Forretress|Rapid Spin|p2a: Sneasler\n|-damage|p2a: Sneasler|77\/100\n|-boost|p1a: Forretress|spe|1\n|-sideend|p1: Br0nana|Toxic Spikes|[from] move: Rapid Spin|[of] p1a: Forretress\n|\n|-weather|Sandstorm|[upkeep]\n|-damage|p2a: Sneasler|71\/100|[from] Sandstorm\n|upkeep\n|turn|7\n|\n|t:|1700433669\n|move|p2a: Sneasler|Brick Break|p1a: Forretress\n|-damage|p1a: Forretress|43\/100\n|move|p1a: Forretress|Stealth Rock|p2a: Sneasler\n|-sidestart|p2: Gabs_Ferreira|move: Stealth Rock\n|\n|-weather|Sandstorm|[upkeep]\n|-damage|p2a: Sneasler|65\/100|[from] Sandstorm\n|upkeep\n|turn|8\n|\n|t:|1700433676\n|move|p2a: Sneasler|Brick Break|p1a: Forretress\n|-damage|p1a: Forretress|14\/100\n|move|p1a: Forretress|Spikes|p2a: Sneasler\n|-sidestart|p2: Gabs_Ferreira|Spikes\n|\n|-weather|none\n|upkeep\n|turn|9\n|\n|t:|1700433685\n|move|p2a: Sneasler|Brick Break|p1a: Forretress\n|-damage|p1a: Forretress|0 fnt\n|faint|p1a: Forretress\n|\n|upkeep\n|\n|t:|1700433698\n|switch|p1a: Garchomp|Garchomp, M|100\/100\n|turn|10\n|\n|t:|1700433706\n|move|p2a: Sneasler|Dire Claw|p1a: Garchomp\n|-resisted|p1a: Garchomp\n|-damage|p1a: Garchomp|82\/100\n|-damage|p2a: Sneasler|53\/100|[from] ability: Rough Skin|[of] p1a: Garchomp\n|move|p1a: Garchomp|Swords Dance|p1a: Garchomp\n|-boost|p1a: Garchomp|atk|2\n|\n|upkeep\n|turn|11\n|\n|t:|1700433714\n|move|p2a: Sneasler|Brick Break|p1a: Garchomp\n|-damage|p1a: Garchomp|45\/100\n|-damage|p2a: Sneasler|41\/100|[from] ability: Rough Skin|[of] p1a: Garchomp\n|move|p1a: Garchomp|Earthquake|p2a: Sneasler\n|-supereffective|p2a: Sneasler\n|-crit|p2a: Sneasler\n|-damage|p2a: Sneasler|0 fnt\n|faint|p2a: Sneasler\n|\n|upkeep\n|\n|t:|1700433728\n|switch|p2a: Ribombee|Ribombee, F|100\/100\n|-damage|p2a: Ribombee|76\/100|[from] Stealth Rock\n|-damage|p2a: Ribombee|63\/100|[from] Spikes\n|turn|12\n|\n|t:|1700433739\n|move|p1a: Garchomp|Earthquake|p2a: Ribombee\n|-resisted|p2a: Ribombee\n|-damage|p2a: Ribombee|0 fnt\n|faint|p2a: Ribombee\n|\n|upkeep\n|\n|t:|1700433744\n|switch|p2a: Iron Moth|Iron Moth|100\/100\n|-damage|p2a: Iron Moth|76\/100|[from] Stealth Rock\n|-damage|p2a: Iron Moth|63\/100|[from] Spikes\n|turn|13\n|\n|t:|1700433756\n|move|p1a: Garchomp|Earthquake|p2a: Iron Moth\n|-supereffective|p2a: Iron Moth\n|-damage|p2a: Iron Moth|0 fnt\n|faint|p2a: Iron Moth\n|-end|p2a: Iron Moth|Quark Drive|[silent]\n|\n|upkeep\n|\n|t:|1700433761\n|switch|p2a: Hatterene|Hatterene, F|100\/100\n|-damage|p2a: Hatterene|88\/100|[from] Stealth Rock\n|-damage|p2a: Hatterene|76\/100|[from] Spikes\n|turn|14\n|\n|t:|1700433768\n|move|p1a: Garchomp|Earthquake|p2a: Hatterene\n|-damage|p2a: Hatterene|0 fnt\n|faint|p2a: Hatterene\n|\n|upkeep\n|-message|Gabs_Ferreira forfeited.\n|\n|win|Br0nana\n|raw|Br0nana's rating: 1098 &rarr; <strong>1119<\/strong><br \/>(+21 for winning)\n|raw|Gabs_Ferreira's rating: 1045 &rarr; <strong>1031<\/strong><br \/>(-14 for losing)\n|l|\u2606Gabs_Ferreira\n","uploadtime":1700433776,"views":10,"p1id":"br0nana","p2id":"gabsferreira","formatid":"gen9ou","rating":1031,"private":0,"password":""}