{"id":"gen9ou-2000571545","p1":"Arumanfy","p2":"aenima72826","format":"[Gen 9] OU","log":"|j|\u2606Arumanfy\n|j|\u2606aenima72826\n|t:|1701206436\n|gametype|singles\n|player|p1|Arumanfy|benga|1220\n|player|p2|aenima72826|florian-bb|1148\n|teamsize|p1|6\n|teamsize|p2|6\n|gen|9\n|tier|[Gen 9] OU\n|rated|\n|rule|Sleep Clause Mod: Limit one foe put to sleep\n|rule|Species Clause: Limit one of each Pok\u00e9mon\n|rule|OHKO Clause: OHKO moves are banned\n|rule|Evasion Items Clause: Evasion items are banned\n|rule|Evasion Moves Clause: Evasion moves are banned\n|rule|Endless Battle Clause: Forcing endless battles is banned\n|rule|HP Percentage Mod: HP is shown in percentages\n|clearpoke\n|poke|p1|Pelipper, F|\n|poke|p1|Crawdaunt, M|\n|poke|p1|Amoonguss, F|\n|poke|p1|Landorus-Therian, M|\n|poke|p1|Basculegion-F, F|\n|poke|p1|Mandibuzz, F|\n|poke|p2|Arcanine-Hisui, F|\n|poke|p2|Greninja-*, M|\n|poke|p2|Corviknight, M|\n|poke|p2|Iron Hands|\n|poke|p2|Slowking-Galar, F|\n|poke|p2|Landorus-Therian, M|\n|teampreview\n|inactive|Battle timer is ON: inactive players will automatically lose when time's up. (requested by Arumanfy)\n|\n|t:|1701206448\n|start\n|switch|p1a: Pelipper|Pelipper, F|100\/100\n|switch|p2a: Iron Hands|Iron Hands|100\/100\n|-weather|RainDance|[from] ability: Drizzle|[of] p1a: Pelipper\n|turn|1\n|\n|t:|1701206455\n|switch|p1a: Landorus|Landorus-Therian, M|100\/100\n|-ability|p1a: Landorus|Intimidate|boost\n|-unboost|p2a: Iron Hands|atk|1\n|move|p2a: Iron Hands|Wild Charge|p1a: Landorus\n|-immune|p1a: Landorus\n|\n|-weather|RainDance|[upkeep]\n|upkeep\n|turn|2\n|\n|t:|1701206463\n|-end|p2a: Iron Hands|Quark Drive|[silent]\n|switch|p2a: Landorus|Landorus-Therian, M|100\/100\n|-ability|p2a: Landorus|Intimidate|boost\n|-unboost|p1a: Landorus|atk|1\n|move|p1a: Landorus|U-turn|p2a: Landorus\n|-resisted|p2a: Landorus\n|-damage|p2a: Landorus|95\/100\n|\n|t:|1701206466\n|switch|p1a: Basculegion|Basculegion-F, F|100\/100|[from] U-turn\n|\n|-weather|RainDance|[upkeep]\n|-heal|p2a: Landorus|100\/100|[from] item: Leftovers\n|upkeep\n|turn|3\n|\n|t:|1701206484\n|move|p1a: Basculegion|Surf|p2a: Landorus\n|-supereffective|p2a: Landorus\n|-damage|p2a: Landorus|0 fnt\n|faint|p2a: Landorus\n|\n|-weather|RainDance|[upkeep]\n|upkeep\n|\n|t:|1701206489\n|switch|p2a: Iron Hands|Iron Hands|100\/100\n|turn|4\n|\n|t:|1701206492\n|switch|p1a: Landorus|Landorus-Therian, M|100\/100\n|-ability|p1a: Landorus|Intimidate|boost\n|-unboost|p2a: Iron Hands|atk|1\n|move|p2a: Iron Hands|Wild Charge|p1a: Landorus\n|-immune|p1a: Landorus\n|\n|-weather|RainDance|[upkeep]\n|upkeep\n|turn|5\n|\n|t:|1701206500\n|move|p1a: Landorus|Stealth Rock|p2a: Iron Hands\n|-sidestart|p2: aenima72826|move: Stealth Rock\n|move|p2a: Iron Hands|Ice Punch|p1a: Landorus\n|-supereffective|p1a: Landorus\n|-damage|p1a: Landorus|37\/100\n|\n|-weather|RainDance|[upkeep]\n|-heal|p1a: Landorus|43\/100|[from] item: Leftovers\n|upkeep\n|turn|6\n|\n|t:|1701206509\n|move|p1a: Landorus|Stealth Rock||[still]\n|-fail|p1a: Landorus\n|move|p2a: Iron Hands|Ice Punch|p1a: Landorus\n|-supereffective|p1a: Landorus\n|-damage|p1a: Landorus|0 fnt\n|faint|p1a: Landorus\n|\n|-weather|RainDance|[upkeep]\n|upkeep\n|\n|t:|1701206515\n|switch|p1a: Amoonguss|Amoonguss, F|100\/100\n|turn|7\n|\n|t:|1701206526\n|move|p2a: Iron Hands|Ice Punch|p1a: Amoonguss\n|-supereffective|p1a: Amoonguss\n|-damage|p1a: Amoonguss|69\/100\n|-enditem|p1a: Amoonguss|Red Card|[of] p2a: Iron Hands\n|-end|p2a: Iron Hands|Quark Drive|[silent]\n|drag|p2a: Corviknight|Corviknight, M|100\/100\n|-damage|p2a: Corviknight|88\/100|[from] Stealth Rock\n|-ability|p2a: Corviknight|Pressure\n|move|p1a: Amoonguss|Spore|p2a: Corviknight\n|-status|p2a: Corviknight|slp|[from] move: Spore\n|\n|-weather|RainDance|[upkeep]\n|upkeep\n|turn|8\n|\n|t:|1701206538\n|switch|p1a: Samurott-Who?|Crawdaunt, M|100\/100\n|cant|p2a: Corviknight|slp\n|\n|-weather|none\n|upkeep\n|turn|9\n|\n|t:|1701206544\n|move|p1a: Samurott-Who?|Crabhammer|p2a: Corviknight\n|-damage|p2a: Corviknight|21\/100 slp\n|-damage|p1a: Samurott-Who?|84\/100|[from] item: Rocky Helmet|[of] p2a: Corviknight\n|cant|p2a: Corviknight|slp\n|\n|upkeep\n|turn|10\n|\n|t:|1701206556\n|move|p1a: Samurott-Who?|Crabhammer|p2a: Corviknight\n|-damage|p2a: Corviknight|0 fnt\n|-damage|p1a: Samurott-Who?|68\/100|[from] item: Rocky Helmet|[of] p2a: Corviknight\n|faint|p2a: Corviknight\n|\n|upkeep\n|\n|t:|1701206565\n|switch|p2a: Iron Hands|Iron Hands|100\/100\n|-damage|p2a: Iron Hands|94\/100|[from] Stealth Rock\n|turn|11\n|\n|t:|1701206573\n|switch|p1a: Amoonguss|Amoonguss, F|100\/100\n|move|p2a: Iron Hands|Ice Punch|p1a: Amoonguss\n|-supereffective|p1a: Amoonguss\n|-damage|p1a: Amoonguss|52\/100\n|\n|upkeep\n|turn|12\n|\n|t:|1701206593\n|-end|p2a: Iron Hands|Quark Drive|[silent]\n|switch|p2a: Slowking|Slowking-Galar, F|100\/100\n|move|p1a: Amoonguss|Spore|p2a: Slowking\n|-status|p2a: Slowking|slp|[from] move: Spore\n|\n|upkeep\n|turn|13\n|\n|t:|1701206600\n|switch|p1a: Samurott-Who?|Crawdaunt, M|68\/100\n|cant|p2a: Slowking|slp\n|\n|upkeep\n|turn|14\n|\n|t:|1701206607\n|switch|p2a: Iron Hands|Iron Hands|94\/100\n|-damage|p2a: Iron Hands|88\/100|[from] Stealth Rock\n|move|p1a: Samurott-Who?|Knock Off|p2a: Iron Hands\n|-resisted|p2a: Iron Hands\n|-damage|p2a: Iron Hands|51\/100\n|-enditem|p2a: Iron Hands|Assault Vest|[from] move: Knock Off|[of] p1a: Samurott-Who?\n|\n|upkeep\n|turn|15\n|\n|t:|1701206618\n|switch|p1a: Basculegion|Basculegion-F, F|100\/100\n|move|p2a: Iron Hands|Wild Charge|p1a: Basculegion\n|-supereffective|p1a: Basculegion\n|-damage|p1a: Basculegion|0 fnt\n|faint|p1a: Basculegion\n|-damage|p2a: Iron Hands|32\/100|[from] Recoil\n|\n|upkeep\n|\n|t:|1701206622\n|switch|p1a: Samurott-Who?|Crawdaunt, M|68\/100\n|turn|16\n|\n|t:|1701206627\n|move|p1a: Samurott-Who?|Aqua Jet|p2a: Iron Hands\n|-damage|p2a: Iron Hands|4\/100\n|move|p2a: Iron Hands|Wild Charge|p1a: Samurott-Who?\n|-supereffective|p1a: Samurott-Who?\n|-damage|p1a: Samurott-Who?|0 fnt\n|faint|p1a: Samurott-Who?\n|-damage|p2a: Iron Hands|0 fnt|[from] Recoil\n|faint|p2a: Iron Hands\n|-end|p2a: Iron Hands|Quark Drive|[silent]\n|\n|upkeep\n|\n|t:|1701206637\n|switch|p1a: Pelipper|Pelipper, F|100\/100\n|switch|p2a: Greninja|Greninja, M|100\/100\n|-damage|p2a: Greninja|88\/100|[from] Stealth Rock\n|-weather|RainDance|[from] ability: Drizzle|[of] p1a: Pelipper\n|turn|17\n|\n|t:|1701206646\n|move|p2a: Greninja|Ice Beam|p1a: Pelipper\n|-damage|p1a: Pelipper|45\/100\n|move|p1a: Pelipper|Hurricane|p2a: Greninja\n|-damage|p2a: Greninja|33\/100\n|\n|-weather|RainDance|[upkeep]\n|upkeep\n|turn|18\n|\n|t:|1701206652\n|move|p2a: Greninja|Ice Beam|p1a: Pelipper\n|-damage|p1a: Pelipper|0 fnt\n|faint|p1a: Pelipper\n|-ability|p2a: Greninja|Battle Bond|boost\n|-boost|p2a: Greninja|atk|1\n|-boost|p2a: Greninja|spa|1\n|-boost|p2a: Greninja|spe|1\n|-activate|p2a: Greninja|ability: Battle Bond\n|\n|-weather|RainDance|[upkeep]\n|upkeep\n|-message|Arumanfy forfeited.\n|\n|win|aenima72826\n|raw|Arumanfy's rating: 1220 &rarr; <strong>1190<\/strong><br \/>(-30 for losing)\n|raw|aenima72826's rating: 1148 &rarr; <strong>1178<\/strong><br \/>(+30 for winning)\n|l|\u2606Arumanfy\n","uploadtime":1701206805,"views":0,"p1id":"arumanfy","p2id":"aenima72826","formatid":"gen9ou","rating":1178,"private":0,"password":""}