{"id":"gen9ou-1992930442","p1":"Vizsla_falconer","p2":"largejunk5000","format":"[Gen 9] OU","log":"|j|\u2606Vizsla_falconer\n|j|\u2606largejunk5000\n|t:|1700247814\n|gametype|singles\n|player|p1|Vizsla_falconer|101|1408\n|player|p2|largejunk5000|102|1555\n|teamsize|p1|6\n|teamsize|p2|6\n|gen|9\n|tier|[Gen 9] OU\n|rated|\n|rule|Sleep Clause Mod: Limit one foe put to sleep\n|rule|Species Clause: Limit one of each Pok\u00e9mon\n|rule|OHKO Clause: OHKO moves are banned\n|rule|Evasion Items Clause: Evasion items are banned\n|rule|Evasion Moves Clause: Evasion moves are banned\n|rule|Endless Battle Clause: Forcing endless battles is banned\n|rule|HP Percentage Mod: HP is shown in percentages\n|clearpoke\n|poke|p1|Torkoal, M|\n|poke|p1|Walking Wake|\n|poke|p1|Scovillain, M|\n|poke|p1|Landorus-Therian, M|\n|poke|p1|Mimikyu, F|\n|poke|p1|Gholdengo|\n|poke|p2|Kingambit, F|\n|poke|p2|Ribombee, F|\n|poke|p2|Gholdengo|\n|poke|p2|Iron Moth|\n|poke|p2|Great Tusk|\n|poke|p2|Walking Wake|\n|teampreview\n|inactive|Battle timer is ON: inactive players will automatically lose when time's up. (requested by largejunk5000)\n|\n|t:|1700247827\n|start\n|switch|p1a: Torkoal|Torkoal, M|100\/100\n|switch|p2a: SpiderWoman|Ribombee, F|100\/100\n|-weather|SunnyDay|[from] ability: Drought|[of] p1a: Torkoal\n|turn|1\n|\n|t:|1700247847\n|move|p2a: SpiderWoman|Psychic|p1a: Torkoal\n|-damage|p1a: Torkoal|69\/100\n|move|p1a: Torkoal|Rapid Spin|p2a: SpiderWoman\n|-damage|p2a: SpiderWoman|81\/100\n|-boost|p1a: Torkoal|spe|1\n|\n|-weather|SunnyDay|[upkeep]\n|upkeep\n|turn|2\n|\n|t:|1700247862\n|move|p2a: SpiderWoman|Sticky Web|p1a: Torkoal\n|-sidestart|p1: Vizsla_falconer|move: Sticky Web\n|move|p1a: Torkoal|Yawn|p2a: SpiderWoman\n|-start|p2a: SpiderWoman|move: Yawn|[of] p1a: Torkoal\n|\n|-weather|SunnyDay|[upkeep]\n|upkeep\n|turn|3\n|\n|t:|1700247871\n|switch|p2a: McFries|Gholdengo|100\/100\n|-item|p2a: McFries|Air Balloon\n|move|p1a: Torkoal|Weather Ball|p2a: McFries\n|-supereffective|p2a: McFries\n|-damage|p2a: McFries|7\/100\n|-enditem|p2a: McFries|Air Balloon\n|\n|-weather|SunnyDay|[upkeep]\n|upkeep\n|turn|4\n|\n|t:|1700247896\n|switch|p2a: Walking Wake|Walking Wake|100\/100\n|-activate|p2a: Walking Wake|ability: Protosynthesis\n|-start|p2a: Walking Wake|protosynthesisspa\n|move|p1a: Torkoal|Yawn|p2a: Walking Wake\n|-start|p2a: Walking Wake|move: Yawn|[of] p1a: Torkoal\n|\n|-weather|SunnyDay|[upkeep]\n|upkeep\n|turn|5\n|\n|t:|1700247908\n|switch|p1a: Walking Wake|Walking Wake|100\/100\n|-activate|p1a: Walking Wake|move: Sticky Web\n|-unboost|p1a: Walking Wake|spe|1\n|-activate|p1a: Walking Wake|ability: Protosynthesis\n|-start|p1a: Walking Wake|protosynthesisspa\n|move|p2a: Walking Wake|Hydro Steam|p1a: Walking Wake\n|-resisted|p1a: Walking Wake\n|-damage|p1a: Walking Wake|75\/100\n|\n|-weather|SunnyDay|[upkeep]\n|-end|p2a: Walking Wake|move: Yawn|[silent]\n|-status|p2a: Walking Wake|slp\n|upkeep\n|turn|6\n|\n|t:|1700247923\n|-end|p2a: Walking Wake|Protosynthesis|[silent]\n|switch|p2a: McFries|Gholdengo|7\/100\n|move|p1a: Walking Wake|Agility|p1a: Walking Wake\n|-boost|p1a: Walking Wake|spe|2\n|\n|-weather|SunnyDay|[upkeep]\n|upkeep\n|turn|7\n|\n|t:|1700247938\n|move|p1a: Walking Wake|Flamethrower|p2a: McFries\n|-supereffective|p2a: McFries\n|-damage|p2a: McFries|0 fnt\n|faint|p2a: McFries\n|-damage|p1a: Walking Wake|66\/100|[from] item: Life Orb\n|\n|-weather|SunnyDay|[upkeep]\n|upkeep\n|\n|t:|1700247948\n|switch|p2a: FreeVolc|Iron Moth|100\/100\n|-enditem|p2a: FreeVolc|Booster Energy\n|-activate|p2a: FreeVolc|ability: Quark Drive|[fromitem]\n|-start|p2a: FreeVolc|quarkdrivespa\n|turn|8\n|\n|t:|1700247958\n|-terastallize|p2a: FreeVolc|Grass\n|move|p1a: Walking Wake|Hydro Steam|p2a: FreeVolc\n|-resisted|p2a: FreeVolc\n|-damage|p2a: FreeVolc|42\/100\n|-damage|p1a: Walking Wake|56\/100|[from] item: Life Orb\n|move|p2a: FreeVolc|Sludge Wave|p1a: Walking Wake\n|-damage|p1a: Walking Wake|0 fnt\n|faint|p1a: Walking Wake\n|-end|p1a: Walking Wake|Protosynthesis|[silent]\n|\n|-weather|none\n|upkeep\n|\n|t:|1700247978\n|switch|p1a: Torkoal|Torkoal, M|69\/100\n|-activate|p1a: Torkoal|move: Sticky Web\n|-unboost|p1a: Torkoal|spe|1\n|-weather|SunnyDay|[from] ability: Drought|[of] p1a: Torkoal\n|turn|9\n|\n|t:|1700247984\n|move|p2a: FreeVolc|Sludge Wave|p1a: Torkoal\n|-damage|p1a: Torkoal|0 fnt\n|faint|p1a: Torkoal\n|\n|-weather|SunnyDay|[upkeep]\n|upkeep\n|inactive|Vizsla_falconer has 120 seconds left.\n|\n|t:|1700248008\n|switch|p1a: Scovillain|Scovillain, M|100\/100\n|-activate|p1a: Scovillain|move: Sticky Web\n|-unboost|p1a: Scovillain|spe|1\n|turn|10\n|inactive|Vizsla_falconer has 120 seconds left.\n|\n|t:|1700248014\n|move|p2a: FreeVolc|Sludge Wave|p1a: Scovillain\n|-supereffective|p1a: Scovillain\n|-damage|p1a: Scovillain|0 fnt\n|faint|p1a: Scovillain\n|\n|-weather|SunnyDay|[upkeep]\n|upkeep\n|inactive|Vizsla_falconer has 120 seconds left.\n|\n|t:|1700248025\n|switch|p1a: Landorus|Landorus-Therian, M|100\/100\n|-ability|p1a: Landorus|Intimidate|boost\n|-unboost|p2a: FreeVolc|atk|1\n|turn|11\n|inactive|Vizsla_falconer has 120 seconds left.\n|\n|t:|1700248037\n|move|p2a: FreeVolc|Fiery Dance|p1a: Landorus\n|-damage|p1a: Landorus|11\/100\n|-boost|p2a: FreeVolc|spa|1\n|move|p1a: Landorus|U-turn|p2a: FreeVolc\n|-supereffective|p2a: FreeVolc\n|-damage|p2a: FreeVolc|0 fnt\n|faint|p2a: FreeVolc\n|-end|p2a: FreeVolc|Quark Drive|[silent]\n|\n|t:|1700248053\n|switch|p1a: Gholdengo|Gholdengo|100\/100|[from] U-turn\n|-activate|p1a: Gholdengo|move: Sticky Web\n|-unboost|p1a: Gholdengo|spe|1\n|\n|-weather|SunnyDay|[upkeep]\n|upkeep\n|\n|t:|1700248064\n|switch|p2a: Tusky|Great Tusk|100\/100\n|-activate|p2a: Tusky|ability: Protosynthesis\n|-start|p2a: Tusky|protosynthesisatk\n|turn|12\n|\n|t:|1700248073\n|switch|p1a: Landorus|Landorus-Therian, M|11\/100\n|-ability|p1a: Landorus|Intimidate|boost\n|-unboost|p2a: Tusky|atk|1\n|move|p2a: Tusky|Ice Spinner|p1a: Landorus\n|-supereffective|p1a: Landorus\n|-crit|p1a: Landorus\n|-damage|p1a: Landorus|0 fnt\n|-damage|p2a: Tusky|84\/100|[from] item: Rocky Helmet|[of] p1a: Landorus\n|faint|p1a: Landorus\n|\n|-weather|SunnyDay|[upkeep]\n|upkeep\n|\n|t:|1700248101\n|switch|p1a: Gholdengo|Gholdengo|100\/100\n|-activate|p1a: Gholdengo|move: Sticky Web\n|-unboost|p1a: Gholdengo|spe|1\n|turn|13\n|\n|t:|1700248112\n|-terastallize|p1a: Gholdengo|Flying\n|move|p2a: Tusky|Earthquake|p1a: Gholdengo\n|-immune|p1a: Gholdengo\n|move|p1a: Gholdengo|Substitute|p1a: Gholdengo\n|-start|p1a: Gholdengo|Substitute\n|-damage|p1a: Gholdengo|76\/100\n|\n|-weather|SunnyDay|[upkeep]\n|-heal|p1a: Gholdengo|82\/100|[from] item: Leftovers\n|upkeep\n|turn|14\n|inactive|Vizsla_falconer has 90 seconds left.\n|\n|t:|1700248128\n|move|p2a: Tusky|Ice Spinner|p1a: Gholdengo\n|-supereffective|p1a: Gholdengo\n|-end|p1a: Gholdengo|Substitute\n|move|p1a: Gholdengo|Make It Rain|p2a: Tusky\n|-damage|p2a: Tusky|0 fnt\n|-unboost|p1a: Gholdengo|spa|1\n|faint|p2a: Tusky\n|-end|p2a: Tusky|Protosynthesis|[silent]\n|\n|-weather|SunnyDay|[upkeep]\n|-heal|p1a: Gholdengo|88\/100|[from] item: Leftovers\n|upkeep\n|\n|t:|1700248140\n|switch|p2a: SpiderWoman|Ribombee, F|81\/100\n|turn|15\n|inactive|Vizsla_falconer has 90 seconds left.\n|\n|t:|1700248161\n|move|p2a: SpiderWoman|Moonblast|p1a: Gholdengo\n|-damage|p1a: Gholdengo|41\/100\n|move|p1a: Gholdengo|Substitute|p1a: Gholdengo\n|-start|p1a: Gholdengo|Substitute\n|-damage|p1a: Gholdengo|16\/100\n|\n|-weather|SunnyDay|[upkeep]\n|-heal|p1a: Gholdengo|22\/100|[from] item: Leftovers\n|upkeep\n|turn|16\n|inactive|Vizsla_falconer has 90 seconds left.\n|\n|t:|1700248175\n|move|p2a: SpiderWoman|Moonblast|p1a: Gholdengo\n|-end|p1a: Gholdengo|Substitute\n|move|p1a: Gholdengo|Make It Rain|p2a: SpiderWoman\n|-supereffective|p2a: SpiderWoman\n|-crit|p2a: SpiderWoman\n|-damage|p2a: SpiderWoman|0 fnt\n|-unboost|p1a: Gholdengo|spa|1\n|faint|p2a: SpiderWoman\n|\n|-weather|none\n|-heal|p1a: Gholdengo|28\/100|[from] item: Leftovers\n|upkeep\n|\n|t:|1700248201\n|switch|p2a: Walking Wake|Walking Wake|100\/100 slp\n|-enditem|p2a: Walking Wake|Booster Energy\n|-activate|p2a: Walking Wake|ability: Protosynthesis|[fromitem]\n|-start|p2a: Walking Wake|protosynthesisspa\n|turn|17\n|inactive|Vizsla_falconer has 90 seconds left.\n|inactive|largejunk5000 has 120 seconds left.\n|\n|t:|1700248217\n|cant|p2a: Walking Wake|slp\n|move|p1a: Gholdengo|Substitute|p1a: Gholdengo\n|-start|p1a: Gholdengo|Substitute\n|-damage|p1a: Gholdengo|4\/100\n|\n|-heal|p1a: Gholdengo|10\/100|[from] item: Leftovers\n|upkeep\n|turn|18\n|\n|t:|1700248225\n|cant|p2a: Walking Wake|slp\n|move|p1a: Gholdengo|Nasty Plot|p1a: Gholdengo\n|-boost|p1a: Gholdengo|spa|2\n|\n|-heal|p1a: Gholdengo|16\/100|[from] item: Leftovers\n|upkeep\n|turn|19\n|inactive|Vizsla_falconer has 90 seconds left.\n|\n|t:|1700248240\n|-curestatus|p2a: Walking Wake|slp|[msg]\n|move|p2a: Walking Wake|Hydro Steam|p1a: Gholdengo\n|-end|p1a: Gholdengo|Substitute\n|move|p1a: Gholdengo|Shadow Ball|p2a: Walking Wake\n|-damage|p2a: Walking Wake|51\/100\n|\n|-heal|p1a: Gholdengo|22\/100|[from] item: Leftovers\n|upkeep\n|turn|20\n|inactive|Vizsla_falconer has 90 seconds left.\n|\n|t:|1700248256\n|move|p2a: Walking Wake|Hydro Steam|p1a: Gholdengo\n|-damage|p1a: Gholdengo|0 fnt\n|faint|p1a: Gholdengo\n|\n|upkeep\n|\n|t:|1700248261\n|switch|p1a: Mimikyu|Mimikyu, F|100\/100\n|-activate|p1a: Mimikyu|move: Sticky Web\n|-unboost|p1a: Mimikyu|spe|1\n|turn|21\n|inactive|Vizsla_falconer has 90 seconds left.\n|\n|t:|1700248277\n|move|p2a: Walking Wake|Substitute|p2a: Walking Wake\n|-start|p2a: Walking Wake|Substitute\n|-damage|p2a: Walking Wake|26\/100\n|move|p1a: Mimikyu|Play Rough|p2a: Walking Wake\n|-supereffective|p2a: Walking Wake\n|-end|p2a: Walking Wake|Substitute\n|-damage|p1a: Mimikyu|91\/100|[from] item: Life Orb\n|\n|upkeep\n|turn|22\n|\n|t:|1700248286\n|move|p1a: Mimikyu|Shadow Sneak|p2a: Walking Wake\n|-damage|p2a: Walking Wake|0 fnt\n|faint|p2a: Walking Wake\n|-end|p2a: Walking Wake|Protosynthesis|[silent]\n|-damage|p1a: Mimikyu|81\/100|[from] item: Life Orb\n|\n|upkeep\n|\n|t:|1700248288\n|switch|p2a: Kingambit|Kingambit, F|100\/100\n|-activate|p2a: Kingambit|ability: Supreme Overlord\n|-start|p2a: Kingambit|fallen5|[silent]\n|turn|23\n|\n|t:|1700248295\n|move|p2a: Kingambit|Kowtow Cleave|p1a: Mimikyu\n|-activate|p1a: Mimikyu|ability: Disguise\n|-damage|p1a: Mimikyu|81\/100\n|detailschange|p1a: Mimikyu|Mimikyu-Busted, F\n|-damage|p1a: Mimikyu|68\/100|[from] pokemon: Mimikyu-Busted\n|move|p1a: Mimikyu|Drain Punch|p2a: Kingambit\n|-supereffective|p2a: Kingambit\n|-damage|p2a: Kingambit|0 fnt\n|-heal|p1a: Mimikyu|100\/100|[from] drain|[of] p2a: Kingambit\n|faint|p2a: Kingambit\n|-end|p2a: Kingambit|fallen5|[silent]\n|-damage|p1a: Mimikyu|91\/100|[from] item: Life Orb\n|\n|win|Vizsla_falconer\n|raw|Vizsla_falconer's rating: 1408 &rarr; <strong>1436<\/strong><br \/>(+28 for winning)\n|raw|largejunk5000's rating: 1555 &rarr; <strong>1527<\/strong><br \/>(-28 for losing)\n|c|\u2606Vizsla_falconer|Gg\n|l|\u2606largejunk5000\n","uploadtime":1700248331,"views":27,"p1id":"vizslafalconer","p2id":"largejunk5000","formatid":"gen9ou","rating":1436,"private":0,"password":""}