{"id":"gen9ou-1995248935","p1":"knexhawk2","p2":"SAEiz","format":"[Gen 9] OU","log":"|j|\u2606knexhawk2\n|j|\u2606SAEiz\n|t:|1700539984\n|gametype|singles\n|player|p1|knexhawk2|benga|1762\n|player|p2|SAEiz|lucas|1777\n|teamsize|p1|6\n|teamsize|p2|6\n|gen|9\n|tier|[Gen 9] OU\n|rated|\n|rule|Sleep Clause Mod: Limit one foe put to sleep\n|rule|Species Clause: Limit one of each Pok\u00e9mon\n|rule|OHKO Clause: OHKO moves are banned\n|rule|Evasion Items Clause: Evasion items are banned\n|rule|Evasion Moves Clause: Evasion moves are banned\n|rule|Endless Battle Clause: Forcing endless battles is banned\n|rule|HP Percentage Mod: HP is shown in percentages\n|clearpoke\n|poke|p1|Dipplin, F|\n|poke|p1|Talonflame, F|\n|poke|p1|Corviknight, F|\n|poke|p1|Blissey, F|\n|poke|p1|Alomomola, M|\n|poke|p1|Dondozo, M|\n|poke|p2|Indeedee, M|\n|poke|p2|Hatterene, F|\n|poke|p2|Polteageist|\n|poke|p2|Armarouge, F|\n|poke|p2|Cinderace, F|\n|poke|p2|Ogerpon-Wellspring, F|\n|teampreview\n|inactive|Battle timer is ON: inactive players will automatically lose when time's up. (requested by SAEiz)\n|\n|t:|1700540000\n|start\n|switch|p1a: thiccums|Blissey, F|100\/100\n|switch|p2a: Indeedee|Indeedee, M|100\/100\n|-fieldstart|move: Psychic Terrain|[from] ability: Psychic Surge|[of] p2a: Indeedee\n|turn|1\n|\n|t:|1700540003\n|switch|p2a: Hatterene|Hatterene, F|100\/100\n|move|p1a: thiccums|Seismic Toss|p2a: Hatterene\n|-damage|p2a: Hatterene|69\/100\n|-enditem|p2a: Hatterene|Eject Button\n|\n|t:|1700540005\n|switch|p2a: Ogerpon|Ogerpon-Wellspring, F|100\/100\n|\n|upkeep\n|turn|2\n|\n|t:|1700540010\n|switch|p1a: shitterpon|Dipplin, F|100\/100\n|move|p2a: Ogerpon|Knock Off|p1a: shitterpon\n|-damage|p1a: shitterpon|85\/100\n|-activate|p1a: shitterpon|ability: Sticky Hold\n|\n|upkeep\n|turn|3\n|\n|t:|1700540024\n|switch|p2a: Cinderace|Cinderace, F, shiny|100\/100\n|move|p1a: shitterpon|Infestation|p2a: Cinderace\n|-resisted|p2a: Cinderace\n|-damage|p2a: Cinderace|98\/100\n|-activate|p2a: Cinderace|move: Infestation|[of] p1a: shitterpon\n|\n|-damage|p2a: Cinderace|85\/100|[from] move: Infestation|[partiallytrapped]\n|upkeep\n|turn|4\n|\n|t:|1700540029\n|switch|p1a: Alomomola|Alomomola, M|100\/100\n|move|p2a: Cinderace|U-turn|p1a: Alomomola\n|-start|p2a: Cinderace|typechange|Bug|[from] ability: Libero\n|-damage|p1a: Alomomola|82\/100\n|\n|t:|1700540040\n|switch|p2a: Polteageist|Polteageist|100\/100|[from] U-turn\n|\n|upkeep\n|turn|5\n|\n|t:|1700540063\n|switch|p1a: thiccums|Blissey, F|100\/100\n|move|p2a: Polteageist|Shell Smash|p2a: Polteageist\n|-unboost|p2a: Polteageist|def|1\n|-unboost|p2a: Polteageist|spd|1\n|-boost|p2a: Polteageist|atk|2\n|-boost|p2a: Polteageist|spa|2\n|-boost|p2a: Polteageist|spe|2\n|\n|upkeep\n|turn|6\n|\n|t:|1700540068\n|-terastallize|p1a: thiccums|Dark\n|move|p2a: Polteageist|Stored Power|p1a: thiccums\n|-immune|p1a: thiccums\n|move|p1a: thiccums|Calm Mind|p1a: thiccums\n|-boost|p1a: thiccums|spa|1\n|-boost|p1a: thiccums|spd|1\n|\n|upkeep\n|turn|7\n|\n|t:|1700540071\n|switch|p2a: Indeedee|Indeedee, M|100\/100\n|move|p1a: thiccums|Calm Mind|p1a: thiccums\n|-boost|p1a: thiccums|spa|1\n|-boost|p1a: thiccums|spd|1\n|\n|upkeep\n|turn|8\n|\n|t:|1700540074\n|move|p2a: Indeedee|Encore|p1a: thiccums\n|-start|p1a: thiccums|Encore\n|move|p1a: thiccums|Calm Mind|p1a: thiccums\n|-boost|p1a: thiccums|spa|1\n|-boost|p1a: thiccums|spd|1\n|\n|-fieldend|move: Psychic Terrain\n|upkeep\n|turn|9\n|\n|t:|1700540076\n|switch|p1a: bird v2|Corviknight, F|100\/100\n|-ability|p1a: bird v2|Pressure\n|move|p2a: Indeedee|Dazzling Gleam|p1a: bird v2\n|-resisted|p1a: bird v2\n|-damage|p1a: bird v2|93\/100\n|\n|upkeep\n|turn|10\n|\n|t:|1700540089\n|switch|p2a: Armarouge|Armarouge, F|100\/100\n|move|p1a: bird v2|Iron Head|p2a: Armarouge\n|-resisted|p2a: Armarouge\n|-damage|p2a: Armarouge|87\/100\n|-ability|p2a: Armarouge|Weak Armor|boost\n|-unboost|p2a: Armarouge|def|1\n|-boost|p2a: Armarouge|spe|2\n|\n|upkeep\n|turn|11\n|\n|t:|1700540098\n|switch|p1a: thiccums|Blissey, F, tera:Dark|100\/100\n|move|p2a: Armarouge|Armor Cannon|p1a: thiccums\n|-damage|p1a: thiccums|78\/100\n|-unboost|p2a: Armarouge|def|1\n|-unboost|p2a: Armarouge|spd|1\n|\n|upkeep\n|turn|12\n|\n|t:|1700540105\n|switch|p2a: Ogerpon|Ogerpon-Wellspring, F|100\/100\n|move|p1a: thiccums|Seismic Toss|p2a: Ogerpon\n|-damage|p2a: Ogerpon|67\/100\n|\n|upkeep\n|turn|13\n|\n|t:|1700540112\n|switch|p2a: Cinderace|Cinderace, F, shiny|85\/100\n|switch|p1a: shitterpon|Dipplin, F|85\/100\n|\n|upkeep\n|turn|14\n|\n|t:|1700540115\n|move|p2a: Cinderace|U-turn|p1a: shitterpon\n|-start|p2a: Cinderace|typechange|Bug|[from] ability: Libero\n|-supereffective|p1a: shitterpon\n|-damage|p1a: shitterpon|57\/100\n|\n|t:|1700540121\n|switch|p2a: Indeedee|Indeedee, M|100\/100|[from] U-turn\n|-fieldstart|move: Psychic Terrain|[from] ability: Psychic Surge|[of] p2a: Indeedee\n|move|p1a: shitterpon|Dragon Tail|p2a: Indeedee\n|-damage|p2a: Indeedee|66\/100\n|drag|p2a: Cinderace|Cinderace, F, shiny|85\/100\n|\n|upkeep\n|turn|15\n|j| No Bithes?????\n|j| tapu moxo\n|\n|t:|1700540144\n|move|p2a: Cinderace|U-turn|p1a: shitterpon\n|-start|p2a: Cinderace|typechange|Bug|[from] ability: Libero\n|-supereffective|p1a: shitterpon\n|-damage|p1a: shitterpon|25\/100\n|\n|t:|1700540153\n|switch|p2a: Hatterene|Hatterene, F|69\/100|[from] U-turn\n|move|p1a: shitterpon|Recover|p1a: shitterpon\n|-heal|p1a: shitterpon|75\/100\n|\n|upkeep\n|turn|16\n|inactive|knexhawk2 has 120 seconds left.\n|\n|t:|1700540184\n|switch|p1a: bird v2|Corviknight, F|93\/100\n|-ability|p1a: bird v2|Pressure\n|move|p2a: Hatterene|Nuzzle|p1a: bird v2\n|-supereffective|p1a: bird v2\n|-damage|p1a: bird v2|86\/100\n|-status|p1a: bird v2|par\n|-damage|p2a: Hatterene|53\/100|[from] item: Rocky Helmet|[of] p1a: bird v2\n|\n|upkeep\n|turn|17\n|\n|t:|1700540193\n|switch|p2a: Armarouge|Armarouge, F|87\/100\n|move|p1a: bird v2|Iron Head|p2a: Armarouge\n|-resisted|p2a: Armarouge\n|-damage|p2a: Armarouge|73\/100\n|-ability|p2a: Armarouge|Weak Armor|boost\n|-unboost|p2a: Armarouge|def|1\n|-boost|p2a: Armarouge|spe|2\n|\n|upkeep\n|turn|18\n|\n|t:|1700540201\n|switch|p1a: thiccums|Blissey, F, tera:Dark|78\/100\n|move|p2a: Armarouge|Armor Cannon|p1a: thiccums\n|-damage|p1a: thiccums|56\/100\n|-unboost|p2a: Armarouge|def|1\n|-unboost|p2a: Armarouge|spd|1\n|\n|upkeep\n|turn|19\n|\n|t:|1700540209\n|switch|p2a: Cinderace|Cinderace, F, shiny|85\/100\n|move|p1a: thiccums|Soft-Boiled|p1a: thiccums\n|-heal|p1a: thiccums|100\/100\n|\n|upkeep\n|turn|20\n|\n|t:|1700540229\n|switch|p1a: what the bird doin|Talonflame, F|100\/100\n|move|p2a: Cinderace|U-turn|p1a: what the bird doin\n|-start|p2a: Cinderace|typechange|Bug|[from] ability: Libero\n|-resisted|p1a: what the bird doin\n|-damage|p1a: what the bird doin|93\/100\n|\n|t:|1700540245\n|switch|p2a: Polteageist|Polteageist|100\/100|[from] U-turn\n|\n|upkeep\n|turn|21\n|\n|t:|1700540250\n|switch|p1a: thiccums|Blissey, F, tera:Dark|100\/100\n|move|p2a: Polteageist|Shell Smash|p2a: Polteageist\n|-unboost|p2a: Polteageist|def|1\n|-unboost|p2a: Polteageist|spd|1\n|-boost|p2a: Polteageist|atk|2\n|-boost|p2a: Polteageist|spa|2\n|-boost|p2a: Polteageist|spe|2\n|\n|-fieldend|move: Psychic Terrain\n|upkeep\n|turn|22\n|\n|t:|1700540255\n|-terastallize|p2a: Polteageist|Fighting\n|move|p2a: Polteageist|Tera Blast|p1a: thiccums|[anim] Tera Blast Fighting\n|-supereffective|p1a: thiccums\n|-damage|p1a: thiccums|46\/100\n|move|p1a: thiccums|Calm Mind|p1a: thiccums\n|-boost|p1a: thiccums|spa|1\n|-boost|p1a: thiccums|spd|1\n|\n|upkeep\n|turn|23\n|\n|t:|1700540263\n|move|p2a: Polteageist|Shell Smash|p2a: Polteageist\n|-unboost|p2a: Polteageist|def|1\n|-unboost|p2a: Polteageist|spd|1\n|-boost|p2a: Polteageist|atk|2\n|-boost|p2a: Polteageist|spa|2\n|-boost|p2a: Polteageist|spe|2\n|move|p1a: thiccums|Soft-Boiled|p1a: thiccums\n|-heal|p1a: thiccums|96\/100\n|\n|upkeep\n|turn|24\n|\n|t:|1700540269\n|move|p2a: Polteageist|Tera Blast|p1a: thiccums|[anim] Tera Blast Fighting\n|-supereffective|p1a: thiccums\n|-damage|p1a: thiccums|37\/100\n|move|p1a: thiccums|Calm Mind|p1a: thiccums\n|-boost|p1a: thiccums|spa|1\n|-boost|p1a: thiccums|spd|1\n|\n|upkeep\n|turn|25\n|-message|knexhawk2 forfeited.\n|\n|win|SAEiz\n|raw|knexhawk2's rating: 1762 &rarr; <strong>1743<\/strong><br \/>(-19 for losing)\n|raw|SAEiz's rating: 1777 &rarr; <strong>1796<\/strong><br \/>(+19 for winning)\n|l|\u2606knexhawk2\n|l|\u2606SAEiz\n","uploadtime":1700540303,"views":18,"p1id":"knexhawk2","p2id":"saeiz","formatid":"gen9ou","rating":1743,"private":0,"password":""}