{"id":"gen9ou-1996936804","p1":"Yankiken","p2":"Bohbohboh","format":"[Gen 9] OU","log":"|j|\u2606Yankiken\n|j|\u2606Bohbohboh\n|t:|1700747023\n|gametype|singles\n|player|p1|Yankiken|lady-gen4|\n|player|p2|Bohbohboh|preschooler|\n|teamsize|p1|6\n|teamsize|p2|6\n|gen|9\n|tier|[Gen 9] OU\n|rule|Sleep Clause Mod: Limit one foe put to sleep\n|rule|Species Clause: Limit one of each Pok\u00e9mon\n|rule|OHKO Clause: OHKO moves are banned\n|rule|Evasion Items Clause: Evasion items are banned\n|rule|Evasion Moves Clause: Evasion moves are banned\n|rule|Endless Battle Clause: Forcing endless battles is banned\n|rule|HP Percentage Mod: HP is shown in percentages\n|clearpoke\n|poke|p1|Slither Wing|\n|poke|p1|Volbeat, M|\n|poke|p1|Lilligant-Hisui, F|\n|poke|p1|Sunflora, M|\n|poke|p1|Altaria, F|\n|poke|p1|Palossand, M|\n|poke|p2|Kleavor, M|\n|poke|p2|Pikachu, M|\n|poke|p2|Iron Hands|\n|poke|p2|Oricorio-Pom-Pom, M|\n|poke|p2|Bronzong|\n|poke|p2|Veluza, M|\n|teampreview\n|\n|t:|1700747067\n|start\n|switch|p1a: Sunflora|Sunflora, M|100\/100\n|switch|p2a: Pikachu|Pikachu, M|100\/100\n|turn|1\n|\n|t:|1700747074\n|move|p2a: Pikachu|Fake Out|p1a: Sunflora\n|-damage|p1a: Sunflora|71\/100\n|cant|p1a: Sunflora|flinch\n|\n|upkeep\n|turn|2\n|\n|t:|1700747080\n|switch|p2a: Oricorio|Oricorio-Pom-Pom, M|100\/100\n|move|p1a: Sunflora|Sunny Day|p1a: Sunflora\n|-weather|SunnyDay\n|\n|-weather|SunnyDay|[upkeep]\n|upkeep\n|turn|3\n|\n|t:|1700747086\n|move|p1a: Sunflora|Leaf Storm|p2a: Oricorio\n|-resisted|p2a: Oricorio\n|-damage|p2a: Oricorio|59\/100\n|-unboost|p1a: Sunflora|spa|2\n|move|p2a: Oricorio|Quiver Dance|p2a: Oricorio\n|-boost|p2a: Oricorio|spa|1\n|-boost|p2a: Oricorio|spd|1\n|-boost|p2a: Oricorio|spe|1\n|\n|-weather|SunnyDay|[upkeep]\n|-heal|p2a: Oricorio|65\/100|[from] item: Leftovers\n|upkeep\n|turn|4\n|\n|t:|1700747091\n|switch|p1a: Volbeat|Volbeat, M|100\/100\n|move|p2a: Oricorio|Quiver Dance|p2a: Oricorio\n|-boost|p2a: Oricorio|spa|1\n|-boost|p2a: Oricorio|spd|1\n|-boost|p2a: Oricorio|spe|1\n|\n|-weather|SunnyDay|[upkeep]\n|-heal|p2a: Oricorio|72\/100|[from] item: Leftovers\n|upkeep\n|turn|5\n|\n|t:|1700747097\n|move|p1a: Volbeat|Encore|p2a: Oricorio\n|-start|p2a: Oricorio|Encore\n|move|p2a: Oricorio|Quiver Dance|p2a: Oricorio\n|-boost|p2a: Oricorio|spa|1\n|-boost|p2a: Oricorio|spd|1\n|-boost|p2a: Oricorio|spe|1\n|\n|-weather|SunnyDay|[upkeep]\n|-heal|p2a: Oricorio|78\/100|[from] item: Leftovers\n|upkeep\n|turn|6\n|\n|t:|1700747104\n|switch|p2a: Kleavor|Kleavor, M|100\/100\n|move|p1a: Volbeat|U-turn|p2a: Kleavor\n|-damage|p2a: Kleavor|77\/100\n|\n|t:|1700747109\n|switch|p1a: Slither Wing|Slither Wing|100\/100|[from] U-turn\n|-activate|p1a: Slither Wing|ability: Protosynthesis\n|-start|p1a: Slither Wing|protosynthesisatk\n|\n|-weather|none\n|-end|p1a: Slither Wing|Protosynthesis\n|upkeep\n|turn|7\n|\n|t:|1700747116\n|switch|p2a: Veluza|Veluza, M|100\/100\n|move|p1a: Slither Wing|First Impression|p2a: Veluza\n|-supereffective|p2a: Veluza\n|-damage|p2a: Veluza|0 fnt\n|faint|p2a: Veluza\n|\n|upkeep\n|\n|t:|1700747126\n|switch|p2a: Oricorio|Oricorio-Pom-Pom, M|78\/100\n|turn|8\n|\n|t:|1700747134\n|-end|p1a: Slither Wing|Protosynthesis|[silent]\n|switch|p1a: Altaria|Altaria, F|100\/100\n|move|p2a: Oricorio|Air Slash|p1a: Altaria\n|-damage|p1a: Altaria|78\/100\n|\n|-heal|p2a: Oricorio|84\/100|[from] item: Leftovers\n|upkeep\n|turn|9\n|\n|t:|1700747139\n|move|p2a: Oricorio|Quiver Dance|p2a: Oricorio\n|-boost|p2a: Oricorio|spa|1\n|-boost|p2a: Oricorio|spd|1\n|-boost|p2a: Oricorio|spe|1\n|move|p1a: Altaria|Fire Spin|p2a: Oricorio|[miss]\n|-miss|p1a: Altaria|p2a: Oricorio\n|\n|-heal|p2a: Oricorio|90\/100|[from] item: Leftovers\n|upkeep\n|turn|10\n|\n|t:|1700747145\n|move|p2a: Oricorio|Revelation Dance|p1a: Altaria\n|-damage|p1a: Altaria|35\/100\n|move|p1a: Altaria|Perish Song|p1a: Altaria\n|-start|p1a: Altaria|perish3|[silent]\n|-start|p2a: Oricorio|perish3|[silent]\n|-fieldactivate|move: Perish Song\n|\n|-heal|p2a: Oricorio|97\/100|[from] item: Leftovers\n|-start|p2a: Oricorio|perish3\n|-start|p1a: Altaria|perish3\n|upkeep\n|turn|11\n|\n|t:|1700747151\n|switch|p1a: Palossand|Palossand, M|100\/100\n|move|p2a: Oricorio|Revelation Dance|p1a: Palossand\n|-immune|p1a: Palossand\n|\n|-heal|p2a: Oricorio|100\/100|[from] item: Leftovers\n|-start|p2a: Oricorio|perish2\n|upkeep\n|turn|12\n|\n|t:|1700747155\n|move|p2a: Oricorio|Air Slash|p1a: Palossand\n|-damage|p1a: Palossand|60\/100\n|move|p1a: Palossand|Stealth Rock|p2a: Oricorio\n|-sidestart|p2: Bohbohboh|move: Stealth Rock\n|\n|-heal|p1a: Palossand|66\/100|[from] item: Leftovers\n|-start|p2a: Oricorio|perish1\n|upkeep\n|turn|13\n|\n|t:|1700747161\n|switch|p2a: Bronzong|Bronzong|100\/100\n|-damage|p2a: Bronzong|94\/100|[from] Stealth Rock\n|move|p1a: Palossand|Shore Up|p1a: Palossand\n|-heal|p1a: Palossand|100\/100\n|\n|-heal|p2a: Bronzong|100\/100|[from] item: Leftovers\n|upkeep\n|turn|14\n|\n|t:|1700747171\n|switch|p1a: Altaria|Altaria, F|35\/100\n|move|p2a: Bronzong|Calm Mind|p2a: Bronzong\n|-boost|p2a: Bronzong|spa|1\n|-boost|p2a: Bronzong|spd|1\n|\n|upkeep\n|turn|15\n|\n|t:|1700747179\n|move|p1a: Altaria|Roost|p1a: Altaria\n|-heal|p1a: Altaria|85\/100\n|-singleturn|p1a: Altaria|move: Roost\n|move|p2a: Bronzong|Calm Mind|p2a: Bronzong\n|-boost|p2a: Bronzong|spa|1\n|-boost|p2a: Bronzong|spd|1\n|\n|upkeep\n|turn|16\n|\n|t:|1700747188\n|move|p1a: Altaria|Perish Song|p1a: Altaria\n|-start|p1a: Altaria|perish3|[silent]\n|-start|p2a: Bronzong|perish3|[silent]\n|-fieldactivate|move: Perish Song\n|move|p2a: Bronzong|Stored Power|p1a: Altaria\n|-damage|p1a: Altaria|13\/100\n|\n|-start|p1a: Altaria|perish3\n|-start|p2a: Bronzong|perish3\n|upkeep\n|turn|17\n|\n|t:|1700747230\n|move|p1a: Altaria|Roost|p1a: Altaria\n|-heal|p1a: Altaria|63\/100\n|-singleturn|p1a: Altaria|move: Roost\n|move|p2a: Bronzong|Stored Power|p1a: Altaria\n|-damage|p1a: Altaria|0 fnt\n|faint|p1a: Altaria\n|\n|-start|p2a: Bronzong|perish2\n|upkeep\n|\n|t:|1700747238\n|switch|p1a: Slither Wing|Slither Wing|100\/100\n|turn|18\n|\n|t:|1700747242\n|move|p1a: Slither Wing|U-turn|p2a: Bronzong\n|-damage|p2a: Bronzong|50\/100\n|\n|t:|1700747248\n|-end|p1a: Slither Wing|Protosynthesis|[silent]\n|switch|p1a: Sunflora|Sunflora, M|71\/100|[from] U-turn\n|move|p2a: Bronzong|Stored Power|p1a: Sunflora\n|-damage|p1a: Sunflora|0 fnt\n|faint|p1a: Sunflora\n|\n|-heal|p2a: Bronzong|57\/100|[from] item: Leftovers\n|-start|p2a: Bronzong|perish1\n|upkeep\n|\n|t:|1700747250\n|switch|p1a: Slither Wing|Slither Wing|100\/100\n|turn|19\n|\n|t:|1700747254\n|move|p1a: Slither Wing|U-turn|p2a: Bronzong\n|-damage|p2a: Bronzong|9\/100\n|\n|t:|1700747257\n|-end|p1a: Slither Wing|Protosynthesis|[silent]\n|switch|p1a: Volbeat|Volbeat, M|100\/100|[from] U-turn\n|move|p2a: Bronzong|Stored Power|p1a: Volbeat\n|-damage|p1a: Volbeat|27\/100\n|\n|-heal|p2a: Bronzong|15\/100|[from] item: Leftovers\n|-start|p2a: Bronzong|perish0\n|upkeep\n|faint|p2a: Bronzong\n|\n|t:|1700747263\n|switch|p2a: Pikachu|Pikachu, M|100\/100\n|-damage|p2a: Pikachu|88\/100|[from] Stealth Rock\n|turn|20\n|\n|t:|1700747267\n|switch|p1a: Palossand|Palossand, M|100\/100\n|move|p2a: Pikachu|Fake Out|p1a: Palossand\n|-immune|p1a: Palossand\n|\n|upkeep\n|turn|21\n|\n|t:|1700747277\n|switch|p2a: Kleavor|Kleavor, M|77\/100\n|-damage|p2a: Kleavor|52\/100|[from] Stealth Rock\n|move|p1a: Palossand|Earth Power|p2a: Kleavor\n|-damage|p2a: Kleavor|6\/100\n|\n|upkeep\n|turn|22\n|\n|t:|1700747285\n|move|p2a: Kleavor|Stone Axe|p1a: Palossand\n|-resisted|p1a: Palossand\n|-damage|p1a: Palossand|76\/100\n|-sidestart|p1: Yankiken|move: Stealth Rock\n|move|p1a: Palossand|Shadow Ball|p2a: Kleavor\n|-damage|p2a: Kleavor|0 fnt\n|faint|p2a: Kleavor\n|\n|-heal|p1a: Palossand|82\/100|[from] item: Leftovers\n|upkeep\n|\n|t:|1700747295\n|switch|p2a: Iron Hands|Iron Hands|100\/100\n|-damage|p2a: Iron Hands|94\/100|[from] Stealth Rock\n|turn|23\n|\n|t:|1700747299\n|move|p2a: Iron Hands|Swords Dance|p2a: Iron Hands\n|-boost|p2a: Iron Hands|atk|2\n|move|p1a: Palossand|Earth Power|p2a: Iron Hands\n|-supereffective|p2a: Iron Hands\n|-damage|p2a: Iron Hands|39\/100\n|\n|-heal|p2a: Iron Hands|45\/100|[from] item: Leftovers\n|-heal|p1a: Palossand|88\/100|[from] item: Leftovers\n|upkeep\n|turn|24\n|\n|t:|1700747310\n|-terastallize|p2a: Iron Hands|Flying\n|move|p2a: Iron Hands|Ice Punch|p1a: Palossand\n|-supereffective|p1a: Palossand\n|-damage|p1a: Palossand|5\/100\n|move|p1a: Palossand|Earth Power|p2a: Iron Hands\n|-immune|p2a: Iron Hands\n|\n|-heal|p2a: Iron Hands|51\/100|[from] item: Leftovers\n|-heal|p1a: Palossand|11\/100|[from] item: Leftovers\n|upkeep\n|turn|25\n|\n|t:|1700747322\n|move|p2a: Iron Hands|Ice Punch|p1a: Palossand\n|-supereffective|p1a: Palossand\n|-crit|p1a: Palossand\n|-damage|p1a: Palossand|0 fnt\n|faint|p1a: Palossand\n|\n|-heal|p2a: Iron Hands|57\/100|[from] item: Leftovers\n|upkeep\n|\n|t:|1700747338\n|switch|p1a: Slither Wing|Slither Wing|100\/100\n|-damage|p1a: Slither Wing|88\/100|[from] Stealth Rock\n|turn|26\n|\n|t:|1700747344\n|move|p1a: Slither Wing|Close Combat|p2a: Iron Hands\n|-resisted|p2a: Iron Hands\n|-damage|p2a: Iron Hands|25\/100\n|-unboost|p1a: Slither Wing|def|1\n|-unboost|p1a: Slither Wing|spd|1\n|move|p2a: Iron Hands|Thunder Punch|p1a: Slither Wing\n|-damage|p1a: Slither Wing|0 fnt\n|faint|p1a: Slither Wing\n|-end|p1a: Slither Wing|Protosynthesis|[silent]\n|\n|-heal|p2a: Iron Hands|31\/100|[from] item: Leftovers\n|upkeep\n|\n|t:|1700747365\n|switch|p1a: Volbeat|Volbeat, M|27\/100\n|-damage|p1a: Volbeat|3\/100|[from] Stealth Rock\n|turn|27\n|\n|t:|1700747373\n|move|p1a: Volbeat|Sunny Day|p1a: Volbeat\n|-weather|SunnyDay\n|move|p2a: Iron Hands|Thunder Punch|p1a: Volbeat\n|-damage|p1a: Volbeat|0 fnt\n|faint|p1a: Volbeat\n|\n|-weather|SunnyDay|[upkeep]\n|-heal|p2a: Iron Hands|37\/100|[from] item: Leftovers\n|upkeep\n|\n|t:|1700747377\n|switch|p1a: Lilligant|Lilligant-Hisui, F|100\/100\n|-damage|p1a: Lilligant|94\/100|[from] Stealth Rock\n|turn|28\n|\n|t:|1700747384\n|-terastallize|p1a: Lilligant|Ghost\n|move|p1a: Lilligant|Swords Dance|p1a: Lilligant\n|-boost|p1a: Lilligant|atk|2\n|move|p2a: Iron Hands|Ice Punch|p1a: Lilligant\n|-damage|p1a: Lilligant|0 fnt\n|faint|p1a: Lilligant\n|\n|win|Bohbohboh\n|c|\u2606Bohbohboh|gg\n|l|\u2606Yankiken\n","uploadtime":1700747395,"views":22,"p1id":"yankiken","p2id":"bohbohboh","formatid":"gen9ou","rating":0,"private":0,"password":""}