{"id":"gen9ou-1990723486","p1":"Lifematic","p2":"Psyc0x","format":"[Gen 9] OU","log":"|j|\u2606Lifematic\n|j|\u2606Psyc0x\n|t:|1699994922\n|gametype|singles\n|player|p1|Lifematic|norman|1405\n|player|p2|Psyc0x|doubleteam|1353\n|teamsize|p1|6\n|teamsize|p2|6\n|gen|9\n|tier|[Gen 9] OU\n|rated|\n|rule|Sleep Clause Mod: Limit one foe put to sleep\n|rule|Species Clause: Limit one of each Pok\u00e9mon\n|rule|OHKO Clause: OHKO moves are banned\n|rule|Evasion Items Clause: Evasion items are banned\n|rule|Evasion Moves Clause: Evasion moves are banned\n|rule|Endless Battle Clause: Forcing endless battles is banned\n|rule|HP Percentage Mod: HP is shown in percentages\n|clearpoke\n|poke|p1|Gholdengo|\n|poke|p1|Kingambit, M|\n|poke|p1|Greninja-*, M|\n|poke|p1|Slowking-Galar, M|\n|poke|p1|Great Tusk|\n|poke|p1|Sneasler, F|\n|poke|p2|Kingambit, M|\n|poke|p2|Great Tusk|\n|poke|p2|Dragapult, M|\n|poke|p2|Ogerpon-Wellspring, F|\n|poke|p2|Blissey, F|\n|poke|p2|Zapdos|\n|teampreview\n|inactive|Battle timer is ON: inactive players will automatically lose when time's up. (requested by Lifematic)\n|\n|t:|1699994929\n|start\n|switch|p1a: Sneasler|Sneasler, F|100\/100\n|switch|p2a: Zapdos|Zapdos|100\/100\n|-item|p1a: Sneasler|Air Balloon\n|turn|1\n|c|\u2606Lifematic|redemption\n|c|\u2606Lifematic|team ?\n|c|\u2606Psyc0x|oui haha\n|c|\u2606Psyc0x|Difficile de le cacher l\u00e0, je voulais tester\n|inactive|Psyc0x has 120 seconds left.\n|\n|t:|1699994961\n|switch|p1a: Slowking|Slowking-Galar, M|100\/100\n|move|p2a: Zapdos|Volt Switch|p1a: Slowking\n|-damage|p1a: Slowking|83\/100\n|inactive|Psyc0x has 120 seconds left.\n|c|\u2606Lifematic|je connais pas la team par coeur donc cv\n|\n|t:|1699994970\n|switch|p2a: Dragapult|Dragapult, M|100\/100|[from] Volt Switch\n|\n|upkeep\n|turn|2\n|\n|t:|1699994980\n|switch|p1a: Sneasler|Sneasler, F|100\/100\n|-item|p1a: Sneasler|Air Balloon\n|move|p2a: Dragapult|U-turn|p1a: Sneasler\n|-resisted|p1a: Sneasler\n|-damage|p1a: Sneasler|94\/100\n|-enditem|p1a: Sneasler|Air Balloon\n|\n|t:|1699994988\n|switch|p2a: Zapdos|Zapdos|100\/100|[from] U-turn\n|\n|upkeep\n|turn|3\n|\n|t:|1699994998\n|-terastallize|p1a: Sneasler|Flying\n|move|p1a: Sneasler|Acrobatics|p2a: Zapdos\n|-resisted|p2a: Zapdos\n|-damage|p2a: Zapdos|79\/100\n|move|p2a: Zapdos|Volt Switch|p1a: Sneasler\n|-supereffective|p1a: Sneasler\n|-damage|p1a: Sneasler|12\/100\n|inactive|Psyc0x has 120 seconds left.\n|\n|t:|1699995015\n|switch|p2a: Kingambit|Kingambit, M|100\/100|[from] Volt Switch\n|\n|upkeep\n|turn|4\n|\n|t:|1699995023\n|switch|p1a: Great Tusk|Great Tusk|100\/100\n|-end|p2a: Kingambit|fallenundefined|[silent]\n|switch|p2a: Zapdos|Zapdos|79\/100\n|\n|upkeep\n|turn|5\n|\n|t:|1699995029\n|move|p2a: Zapdos|Hurricane|p1a: Great Tusk\n|-supereffective|p1a: Great Tusk\n|-damage|p1a: Great Tusk|0 fnt\n|faint|p1a: Great Tusk\n|-end|p1a: Great Tusk|Protosynthesis|[silent]\n|\n|upkeep\n|\n|t:|1699995034\n|switch|p1a: Greninja|Greninja, M|100\/100\n|turn|6\n|\n|t:|1699995040\n|-terastallize|p2a: Zapdos|Water\n|move|p1a: Greninja|Ice Beam|p2a: Zapdos\n|-resisted|p2a: Zapdos\n|-damage|p2a: Zapdos|63\/100\n|-damage|p1a: Greninja|91\/100|[from] item: Life Orb\n|move|p2a: Zapdos|Volt Switch|p1a: Greninja\n|-supereffective|p1a: Greninja\n|-damage|p1a: Greninja|0 fnt\n|faint|p1a: Greninja\n|\n|t:|1699995051\n|switch|p2a: Dragapult|Dragapult, M|100\/100|[from] Volt Switch\n|\n|upkeep\n|\n|t:|1699995055\n|switch|p1a: Kingambit|Kingambit, M|100\/100\n|-activate|p1a: Kingambit|ability: Supreme Overlord\n|-start|p1a: Kingambit|fallen2|[silent]\n|turn|7\n|\n|t:|1699995062\n|switch|p2a: Zapdos|Zapdos, tera:Water|63\/100\n|move|p1a: Kingambit|Kowtow Cleave|p2a: Zapdos\n|-damage|p2a: Zapdos|15\/100\n|\n|upkeep\n|turn|8\n|\n|t:|1699995068\n|move|p1a: Kingambit|Sucker Punch||[still]\n|-fail|p1a: Kingambit\n|move|p2a: Zapdos|Roost|p2a: Zapdos\n|-heal|p2a: Zapdos|65\/100\n|\n|upkeep\n|turn|9\n|\n|t:|1699995074\n|move|p2a: Zapdos|Heat Wave|p1a: Kingambit\n|-supereffective|p1a: Kingambit\n|-damage|p1a: Kingambit|47\/100\n|-status|p1a: Kingambit|brn\n|-enditem|p1a: Kingambit|Lum Berry|[eat]\n|-curestatus|p1a: Kingambit|brn|[msg]\n|move|p1a: Kingambit|Swords Dance|p1a: Kingambit\n|-boost|p1a: Kingambit|atk|2\n|\n|upkeep\n|turn|10\n|\n|t:|1699995083\n|move|p2a: Zapdos|Roost|p2a: Zapdos\n|-heal|p2a: Zapdos|100\/100\n|move|p1a: Kingambit|Kowtow Cleave|p2a: Zapdos\n|-damage|p2a: Zapdos|3\/100\n|-status|p1a: Kingambit|par|[from] ability: Static|[of] p2a: Zapdos\n|\n|upkeep\n|turn|11\n|\n|t:|1699995090\n|move|p1a: Kingambit|Sucker Punch|p2a: Zapdos\n|-damage|p2a: Zapdos|0 fnt\n|faint|p2a: Zapdos\n|\n|upkeep\n|\n|t:|1699995094\n|switch|p2a: Great Tusk|Great Tusk|100\/100\n|turn|12\n|\n|t:|1699995100\n|move|p2a: Great Tusk|Earthquake|p1a: Kingambit\n|-supereffective|p1a: Kingambit\n|-damage|p1a: Kingambit|0 fnt\n|faint|p1a: Kingambit\n|-end|p1a: Kingambit|fallen2|[silent]\n|\n|upkeep\n|\n|t:|1699995103\n|switch|p1a: Sneasler|Sneasler, F, tera:Flying|12\/100\n|turn|13\n|\n|t:|1699995111\n|-end|p2a: Great Tusk|Protosynthesis|[silent]\n|switch|p2a: Blissey|Blissey, F|100\/100\n|move|p1a: Sneasler|Close Combat|p2a: Blissey\n|-supereffective|p2a: Blissey\n|-damage|p2a: Blissey|0 fnt\n|-unboost|p1a: Sneasler|def|1\n|-unboost|p1a: Sneasler|spd|1\n|faint|p2a: Blissey\n|\n|upkeep\n|\n|t:|1699995119\n|switch|p2a: Dragapult|Dragapult, M|100\/100\n|turn|14\n|\n|t:|1699995126\n|switch|p1a: Slowking|Slowking-Galar, M|100\/100\n|move|p2a: Dragapult|Shadow Ball|p1a: Slowking\n|-supereffective|p1a: Slowking\n|-damage|p1a: Slowking|35\/100\n|\n|upkeep\n|turn|15\n|\n|t:|1699995132\n|move|p2a: Dragapult|Shadow Ball|p1a: Slowking\n|-supereffective|p1a: Slowking\n|-damage|p1a: Slowking|0 fnt\n|faint|p1a: Slowking\n|\n|upkeep\n|\n|t:|1699995136\n|switch|p1a: Gholdengo|Gholdengo|100\/100\n|-item|p1a: Gholdengo|Air Balloon\n|turn|16\n|\n|t:|1699995140\n|move|p2a: Dragapult|Shadow Ball|p1a: Gholdengo\n|-supereffective|p1a: Gholdengo\n|-damage|p1a: Gholdengo|0 fnt\n|-enditem|p1a: Gholdengo|Air Balloon\n|faint|p1a: Gholdengo\n|\n|upkeep\n|-message|Lifematic forfeited.\n|\n|win|Psyc0x\n|raw|Lifematic's rating: 1405 &rarr; <strong>1382<\/strong><br \/>(-23 for losing)\n|raw|Psyc0x's rating: 1353 &rarr; <strong>1376<\/strong><br \/>(+23 for winning)\n|l|\u2606Lifematic\n|c|\u2606Psyc0x|gg\n","uploadtime":1699995154,"views":5,"p1id":"lifematic","p2id":"psyc0x","formatid":"gen9ou","rating":1376,"private":0,"password":""}