{"id":"gen9ou-1988295444","p1":"TheDoggoDS","p2":"salemxmisty","format":"[Gen 9] OU","log":"|j|\u2606TheDoggoDS\n|j|\u2606salemxmisty\n|t:|1699703626\n|gametype|singles\n|player|p1|TheDoggoDS|hugh|1106\n|player|p2|salemxmisty|170|1011\n|teamsize|p1|6\n|teamsize|p2|6\n|gen|9\n|tier|[Gen 9] OU\n|rated|\n|rule|Sleep Clause Mod: Limit one foe put to sleep\n|rule|Species Clause: Limit one of each Pok\u00e9mon\n|rule|OHKO Clause: OHKO moves are banned\n|rule|Evasion Items Clause: Evasion items are banned\n|rule|Evasion Moves Clause: Evasion moves are banned\n|rule|Endless Battle Clause: Forcing endless battles is banned\n|rule|HP Percentage Mod: HP is shown in percentages\n|clearpoke\n|poke|p1|Clodsire, M|\n|poke|p1|Breloom, M|\n|poke|p1|Delphox, F|\n|poke|p1|Murkrow, M|\n|poke|p1|Toxapex, F|\n|poke|p1|Magnezone|\n|poke|p2|Zamazenta-*|\n|poke|p2|Ninetales-Alola, F|\n|poke|p2|Weavile, F|\n|poke|p2|Iron Treads|\n|poke|p2|Inteleon, M|\n|poke|p2|Grafaiai, F|\n|teampreview\n|\n|t:|1699703631\n|start\n|switch|p1a: Murkrow|Murkrow, M|100\/100\n|switch|p2a: Grafaiai|Grafaiai, F|100\/100\n|turn|1\n|inactive|Battle timer is ON: inactive players will automatically lose when time's up. (requested by salemxmisty)\n|\n|t:|1699703641\n|switch|p2a: Inteleon|Inteleon, M|100\/100\n|move|p1a: Murkrow|Thunder Wave|p2a: Inteleon\n|-status|p2a: Inteleon|par\n|\n|upkeep\n|turn|2\n|\n|t:|1699703653\n|move|p1a: Murkrow|Air Slash|p2a: Inteleon\n|-damage|p2a: Inteleon|64\/100 par\n|move|p2a: Inteleon|Ice Beam|p1a: Murkrow\n|-supereffective|p1a: Murkrow\n|-damage|p1a: Murkrow|14\/100\n|\n|upkeep\n|turn|3\n|\n|t:|1699703660\n|move|p1a: Murkrow|Air Slash|p2a: Inteleon\n|-damage|p2a: Inteleon|24\/100 par\n|cant|p2a: Inteleon|flinch\n|\n|upkeep\n|turn|4\n|\n|t:|1699703666\n|move|p1a: Murkrow|Air Slash|p2a: Inteleon\n|-damage|p2a: Inteleon|0 fnt\n|faint|p2a: Inteleon\n|\n|upkeep\n|\n|t:|1699703672\n|switch|p2a: Weavile|Weavile, F|100\/100\n|-ability|p2a: Weavile|Pressure\n|turn|5\n|\n|t:|1699703678\n|move|p2a: Weavile|Fake Out|p1a: Murkrow\n|-damage|p1a: Murkrow|0 fnt\n|faint|p1a: Murkrow\n|\n|upkeep\n|\n|t:|1699703682\n|switch|p1a: Delphox|Delphox, F, shiny|100\/100\n|turn|6\n|\n|t:|1699703695\n|switch|p2a: Iron Treads|Iron Treads|100\/100\n|-enditem|p2a: Iron Treads|Booster Energy\n|-activate|p2a: Iron Treads|ability: Quark Drive|[fromitem]\n|-start|p2a: Iron Treads|quarkdriveatk\n|move|p1a: Delphox|Fire Blast|p2a: Iron Treads\n|-supereffective|p2a: Iron Treads\n|-damage|p2a: Iron Treads|0 fnt\n|faint|p2a: Iron Treads\n|-end|p2a: Iron Treads|Quark Drive|[silent]\n|\n|upkeep\n|\n|t:|1699703713\n|switch|p2a: Grafaiai|Grafaiai, F|100\/100\n|turn|7\n|\n|t:|1699703725\n|move|p2a: Grafaiai|Parting Shot|p1a: Delphox\n|-unboost|p1a: Delphox|atk|1\n|-unboost|p1a: Delphox|spa|1\n|\n|t:|1699703729\n|switch|p2a: Zamazenta|Zamazenta|100\/100|[from] Parting Shot\n|-ability|p2a: Zamazenta|Dauntless Shield|boost\n|-boost|p2a: Zamazenta|def|1\n|move|p1a: Delphox|Fire Blast|p2a: Zamazenta\n|-damage|p2a: Zamazenta|65\/100\n|\n|upkeep\n|turn|8\n|\n|t:|1699703740\n|switch|p1a: Toxapex|Toxapex, F|100\/100\n|move|p2a: Zamazenta|Crunch|p1a: Toxapex\n|-damage|p1a: Toxapex|87\/100\n|-unboost|p1a: Toxapex|def|1\n|-damage|p2a: Zamazenta|48\/100|[from] item: Rocky Helmet|[of] p1a: Toxapex\n|\n|upkeep\n|turn|9\n|\n|t:|1699703765\n|move|p2a: Zamazenta|Iron Defense|p2a: Zamazenta\n|-boost|p2a: Zamazenta|def|2\n|move|p1a: Toxapex|Infestation|p2a: Zamazenta\n|-resisted|p2a: Zamazenta\n|-damage|p2a: Zamazenta|47\/100\n|-activate|p2a: Zamazenta|move: Infestation|[of] p1a: Toxapex\n|-damage|p1a: Toxapex|71\/100|[from] item: Rocky Helmet|[of] p2a: Zamazenta\n|\n|-damage|p2a: Zamazenta|35\/100|[from] move: Infestation|[partiallytrapped]\n|upkeep\n|turn|10\n|\n|t:|1699703778\n|move|p2a: Zamazenta|Iron Defense|p2a: Zamazenta\n|-boost|p2a: Zamazenta|def|2\n|move|p1a: Toxapex|Recover|p1a: Toxapex\n|-heal|p1a: Toxapex|100\/100\n|\n|-damage|p2a: Zamazenta|23\/100|[from] move: Infestation|[partiallytrapped]\n|upkeep\n|turn|11\n|\n|t:|1699703790\n|move|p1a: Toxapex|Baneful Bunker|p1a: Toxapex\n|-singleturn|p1a: Toxapex|move: Protect\n|move|p2a: Zamazenta|Body Press|p1a: Toxapex\n|-activate|p1a: Toxapex|move: Protect\n|-status|p2a: Zamazenta|psn\n|\n|-damage|p2a: Zamazenta|10\/100 psn|[from] psn\n|-damage|p2a: Zamazenta|0 fnt|[from] move: Infestation|[partiallytrapped]\n|faint|p2a: Zamazenta\n|upkeep\n|\n|t:|1699703802\n|switch|p2a: Weavile|Weavile, F|100\/100\n|-ability|p2a: Weavile|Pressure\n|turn|12\n|\n|t:|1699703808\n|move|p2a: Weavile|Fake Out|p1a: Toxapex\n|-damage|p1a: Toxapex|89\/100\n|-damage|p2a: Weavile|84\/100|[from] item: Rocky Helmet|[of] p1a: Toxapex\n|cant|p1a: Toxapex|flinch\n|\n|upkeep\n|turn|13\n|\n|t:|1699703818\n|move|p2a: Weavile|Swords Dance|p2a: Weavile\n|-boost|p2a: Weavile|atk|2\n|move|p1a: Toxapex|Toxic|p2a: Weavile\n|-status|p2a: Weavile|tox\n|\n|-damage|p2a: Weavile|78\/100 tox|[from] psn\n|upkeep\n|turn|14\n|\n|t:|1699703832\n|switch|p1a: Clodsire|Clodsire, M|100\/100\n|move|p2a: Weavile|Swords Dance|p2a: Weavile\n|-boost|p2a: Weavile|atk|2\n|\n|-damage|p2a: Weavile|66\/100 tox|[from] psn\n|upkeep\n|turn|15\n|\n|t:|1699703839\n|move|p2a: Weavile|Icicle Crash|p1a: Clodsire\n|-supereffective|p1a: Clodsire\n|-damage|p1a: Clodsire|29\/100\n|move|p1a: Clodsire|Counter|p2a: Weavile\n|-damage|p2a: Weavile|0 fnt\n|faint|p2a: Weavile\n|\n|upkeep\n|\n|t:|1699703849\n|switch|p2a: Ninetales|Ninetales-Alola, F|100\/100\n|-weather|Snow|[from] ability: Snow Warning|[of] p2a: Ninetales\n|turn|16\n|\n|t:|1699703858\n|switch|p1a: Delphox|Delphox, F, shiny|100\/100\n|move|p2a: Ninetales|Blizzard|p1a: Delphox\n|-resisted|p1a: Delphox\n|-damage|p1a: Delphox|82\/100\n|\n|-weather|Snow|[upkeep]\n|upkeep\n|turn|17\n|\n|t:|1699703866\n|move|p1a: Delphox|Fire Blast|p2a: Ninetales\n|-supereffective|p2a: Ninetales\n|-damage|p2a: Ninetales|0 fnt\n|faint|p2a: Ninetales\n|\n|-weather|Snow|[upkeep]\n|upkeep\n|-message|salemxmisty forfeited.\n|\n|win|TheDoggoDS\n|raw|TheDoggoDS's rating: 1106 &rarr; <strong>1124<\/strong><br \/>(+18 for winning)\n|raw|salemxmisty's rating: 1011 &rarr; <strong>1002<\/strong><br \/>(-9 for losing)\n|l|\u2606salemxmisty\n","uploadtime":1699703892,"views":29,"p1id":"thedoggods","p2id":"salemxmisty","formatid":"gen9ou","rating":1002,"private":0,"password":""}