{"id":"gen9ou-1992971193","p1":"withyouforever","p2":"3WishAndLandoT","format":"[Gen 9] OU","log":"|j|\u2606withyouforever\n|j|\u26063WishAndLandoT\n|t:|1700251486\n|gametype|singles\n|player|p1|withyouforever|2|1240\n|player|p2|3WishAndLandoT|169|1243\n|teamsize|p1|6\n|teamsize|p2|6\n|gen|9\n|tier|[Gen 9] OU\n|rated|\n|rule|Sleep Clause Mod: Limit one foe put to sleep\n|rule|Species Clause: Limit one of each Pok\u00e9mon\n|rule|OHKO Clause: OHKO moves are banned\n|rule|Evasion Items Clause: Evasion items are banned\n|rule|Evasion Moves Clause: Evasion moves are banned\n|rule|Endless Battle Clause: Forcing endless battles is banned\n|rule|HP Percentage Mod: HP is shown in percentages\n|clearpoke\n|poke|p1|Weavile, M|\n|poke|p1|Weezing-Galar, M|\n|poke|p1|Alomomola, M|\n|poke|p1|Ting-Lu|\n|poke|p1|Corviknight, M|\n|poke|p1|Dondozo, M|\n|poke|p2|Hawlucha, M|\n|poke|p2|Great Tusk|\n|poke|p2|Iron Moth|\n|poke|p2|Slowking-Galar, F|\n|poke|p2|Ogerpon-Wellspring, F|\n|poke|p2|Alomomola, M|\n|teampreview\n|\n|t:|1700251510\n|start\n|switch|p1a: Alomomola|Alomomola, M|100\/100\n|switch|p2a: Hawlucha|Hawlucha, M|100\/100\n|-ability|p2a: Hawlucha|Mold Breaker\n|turn|1\n|\n|t:|1700251517\n|move|p2a: Hawlucha|U-turn|p1a: Alomomola\n|-damage|p1a: Alomomola|91\/100\n|\n|t:|1700251523\n|switch|p2a: Ogerpon|Ogerpon-Wellspring, F|100\/100|[from] U-turn\n|move|p1a: Alomomola|Wish|p1a: Alomomola\n|\n|-heal|p1a: Alomomola|97\/100|[from] item: Leftovers\n|upkeep\n|turn|2\n|\n|t:|1700251529\n|switch|p1a: Corviknight|Corviknight, M|100\/100\n|-ability|p1a: Corviknight|Pressure\n|move|p2a: Ogerpon|U-turn|p1a: Corviknight\n|-resisted|p1a: Corviknight\n|-damage|p1a: Corviknight|96\/100\n|-damage|p2a: Ogerpon|84\/100|[from] item: Rocky Helmet|[of] p1a: Corviknight\n|\n|t:|1700251532\n|switch|p2a: Iron Moth|Iron Moth|100\/100|[from] U-turn\n|\n|-heal|p1a: Corviknight|100\/100|[from] move: Wish|[wisher] Alomomola\n|upkeep\n|turn|3\n|\n|t:|1700251543\n|switch|p1a: Ting-Lu|Ting-Lu|100\/100\n|-ability|p1a: Ting-Lu|Vessel of Ruin\n|move|p2a: Iron Moth|Fiery Dance|p1a: Ting-Lu\n|-damage|p1a: Ting-Lu|81\/100\n|\n|-heal|p1a: Ting-Lu|87\/100|[from] item: Leftovers\n|upkeep\n|turn|4\n|\n|t:|1700251551\n|-end|p2a: Iron Moth|Quark Drive|[silent]\n|switch|p2a: Hawlucha|Hawlucha, M|100\/100\n|-ability|p2a: Hawlucha|Mold Breaker\n|move|p1a: Ting-Lu|Earthquake|p2a: Hawlucha\n|-immune|p2a: Hawlucha\n|\n|-heal|p1a: Ting-Lu|94\/100|[from] item: Leftovers\n|upkeep\n|turn|5\n|\n|t:|1700251559\n|move|p1a: Ting-Lu|Protect|p1a: Ting-Lu\n|-singleturn|p1a: Ting-Lu|Protect\n|move|p2a: Hawlucha|Encore|p1a: Ting-Lu\n|-activate|p1a: Ting-Lu|move: Protect\n|\n|-heal|p1a: Ting-Lu|99\/100|[from] item: Leftovers\n|upkeep\n|turn|6\n|\n|t:|1700251566\n|switch|p1a: Alomomola|Alomomola, M|100\/100\n|move|p2a: Hawlucha|Drain Punch|p1a: Alomomola\n|-damage|p1a: Alomomola|85\/100\n|\n|-heal|p1a: Alomomola|91\/100|[from] item: Leftovers\n|upkeep\n|turn|7\n|\n|t:|1700251573\n|move|p2a: Hawlucha|U-turn|p1a: Alomomola\n|-damage|p1a: Alomomola|80\/100\n|\n|t:|1700251576\n|switch|p2a: Ogerpon|Ogerpon-Wellspring, F|84\/100|[from] U-turn\n|move|p1a: Alomomola|Flip Turn|p2a: Ogerpon\n|-heal|p2a: Ogerpon|100\/100|[from] ability: Water Absorb|[of] p1a: Alomomola\n|\n|-heal|p1a: Alomomola|87\/100|[from] item: Leftovers\n|upkeep\n|turn|8\n|\n|t:|1700251583\n|switch|p1a: Corviknight|Corviknight, M|100\/100\n|-ability|p1a: Corviknight|Pressure\n|move|p2a: Ogerpon|Spikes|p1a: Corviknight\n|-sidestart|p1: withyouforever|Spikes\n|\n|upkeep\n|turn|9\n|\n|t:|1700251593\n|move|p2a: Ogerpon|U-turn|p1a: Corviknight\n|-resisted|p1a: Corviknight\n|-damage|p1a: Corviknight|95\/100\n|-damage|p2a: Ogerpon|84\/100|[from] item: Rocky Helmet|[of] p1a: Corviknight\n|\n|t:|1700251599\n|switch|p2a: Iron Moth|Iron Moth|100\/100|[from] U-turn\n|move|p1a: Corviknight|Brave Bird|p2a: Iron Moth\n|-damage|p2a: Iron Moth|37\/100\n|-damage|p1a: Corviknight|77\/100|[from] Recoil\n|\n|upkeep\n|turn|10\n|\n|t:|1700251610\n|switch|p1a: Ting-Lu|Ting-Lu|99\/100\n|-damage|p1a: Ting-Lu|87\/100|[from] Spikes\n|-ability|p1a: Ting-Lu|Vessel of Ruin\n|move|p2a: Iron Moth|Fiery Dance|p1a: Ting-Lu\n|-damage|p1a: Ting-Lu|68\/100\n|-boost|p2a: Iron Moth|spa|1\n|\n|-heal|p1a: Ting-Lu|74\/100|[from] item: Leftovers\n|upkeep\n|turn|11\n|\n|t:|1700251620\n|-end|p2a: Iron Moth|Quark Drive|[silent]\n|switch|p2a: Ogerpon|Ogerpon-Wellspring, F|84\/100\n|move|p1a: Ting-Lu|Stealth Rock|p2a: Ogerpon\n|-sidestart|p2: 3WishAndLandoT|move: Stealth Rock\n|\n|-heal|p1a: Ting-Lu|80\/100|[from] item: Leftovers\n|upkeep\n|turn|12\n|\n|t:|1700251628\n|move|p1a: Ting-Lu|Protect|p1a: Ting-Lu\n|-singleturn|p1a: Ting-Lu|Protect\n|move|p2a: Ogerpon|Horn Leech|p1a: Ting-Lu\n|-activate|p1a: Ting-Lu|move: Protect\n|\n|-heal|p1a: Ting-Lu|86\/100|[from] item: Leftovers\n|upkeep\n|turn|13\n|\n|t:|1700251635\n|switch|p1a: Corviknight|Corviknight, M|77\/100\n|-ability|p1a: Corviknight|Pressure\n|move|p2a: Ogerpon|Ivy Cudgel|p1a: Corviknight|[anim] Ivy Cudgel Water\n|-damage|p1a: Corviknight|36\/100\n|\n|upkeep\n|turn|14\n|\n|t:|1700251646\n|switch|p1a: Alomomola|Alomomola, M|100\/100\n|-damage|p1a: Alomomola|88\/100|[from] Spikes\n|move|p2a: Ogerpon|Ivy Cudgel|p1a: Alomomola|[anim] Ivy Cudgel Water\n|-resisted|p1a: Alomomola\n|-damage|p1a: Alomomola|68\/100\n|\n|-heal|p1a: Alomomola|74\/100|[from] item: Leftovers\n|upkeep\n|turn|15\n|\n|t:|1700251657\n|-terastallize|p1a: Alomomola|Steel\n|move|p2a: Ogerpon|Ivy Cudgel|p1a: Alomomola|[anim] Ivy Cudgel Water\n|-damage|p1a: Alomomola|35\/100\n|move|p1a: Alomomola|Wish|p1a: Alomomola\n|\n|-heal|p1a: Alomomola|41\/100|[from] item: Leftovers\n|upkeep\n|turn|16\n|\n|t:|1700251667\n|move|p1a: Alomomola|Protect|p1a: Alomomola\n|-singleturn|p1a: Alomomola|Protect\n|move|p2a: Ogerpon|Ivy Cudgel|p1a: Alomomola|[anim] Ivy Cudgel Water\n|-activate|p1a: Alomomola|move: Protect\n|\n|-heal|p1a: Alomomola|91\/100|[from] move: Wish|[wisher] Alomomola\n|-heal|p1a: Alomomola|97\/100|[from] item: Leftovers\n|upkeep\n|turn|17\n|\n|t:|1700251675\n|move|p2a: Ogerpon|Ivy Cudgel|p1a: Alomomola|[anim] Ivy Cudgel Water\n|-damage|p1a: Alomomola|60\/100\n|move|p1a: Alomomola|Wish|p1a: Alomomola\n|\n|-heal|p1a: Alomomola|66\/100|[from] item: Leftovers\n|upkeep\n|turn|18\n|\n|t:|1700251681\n|switch|p1a: Corviknight|Corviknight, M|36\/100\n|-ability|p1a: Corviknight|Pressure\n|move|p2a: Ogerpon|U-turn|p1a: Corviknight\n|-resisted|p1a: Corviknight\n|-damage|p1a: Corviknight|31\/100\n|-damage|p2a: Ogerpon|68\/100|[from] item: Rocky Helmet|[of] p1a: Corviknight\n|\n|t:|1700251689\n|switch|p2a: Iron Moth|Iron Moth|37\/100|[from] U-turn\n|-damage|p2a: Iron Moth|12\/100|[from] Stealth Rock\n|\n|-heal|p1a: Corviknight|95\/100|[from] move: Wish|[wisher] Alomomola\n|upkeep\n|turn|19\n|\n|t:|1700251699\n|switch|p1a: Ting-Lu|Ting-Lu|86\/100\n|-damage|p1a: Ting-Lu|74\/100|[from] Spikes\n|-ability|p1a: Ting-Lu|Vessel of Ruin\n|move|p2a: Iron Moth|U-turn|p1a: Ting-Lu\n|-supereffective|p1a: Ting-Lu\n|-damage|p1a: Ting-Lu|63\/100\n|\n|t:|1700251700\n|-end|p2a: Iron Moth|Quark Drive|[silent]\n|switch|p2a: Hawlucha|Hawlucha, M|100\/100|[from] U-turn\n|-ability|p2a: Hawlucha|Mold Breaker\n|\n|-heal|p1a: Ting-Lu|69\/100|[from] item: Leftovers\n|upkeep\n|turn|20\n|\n|t:|1700251710\n|move|p1a: Ting-Lu|Protect|p1a: Ting-Lu\n|-singleturn|p1a: Ting-Lu|Protect\n|move|p2a: Hawlucha|Defog|p1a: Ting-Lu\n|-activate|p1a: Ting-Lu|move: Protect\n|\n|-heal|p1a: Ting-Lu|75\/100|[from] item: Leftovers\n|upkeep\n|turn|21\n|\n|t:|1700251720\n|switch|p1a: Weezing|Weezing-Galar, M|100\/100\n|-ability|p1a: Weezing|Neutralizing Gas\n|move|p2a: Hawlucha|Defog|p1a: Weezing\n|-unboost|p1a: Weezing|evasion|1\n|-sideend|p1: withyouforever|Spikes|[from] move: Defog|[of] p2a: Hawlucha\n|-sideend|p2: 3WishAndLandoT|Stealth Rock|[from] move: Defog|[of] p2a: Hawlucha\n|\n|upkeep\n|turn|22\n|\n|t:|1700251727\n|move|p2a: Hawlucha|U-turn|p1a: Weezing\n|-resisted|p1a: Weezing\n|-damage|p1a: Weezing|98\/100\n|\n|t:|1700251732\n|switch|p2a: Alomomola|Alomomola, M|100\/100|[from] U-turn\n|move|p1a: Weezing|Will-O-Wisp|p2a: Alomomola\n|-status|p2a: Alomomola|brn\n|\n|-damage|p2a: Alomomola|94\/100 brn|[from] brn\n|upkeep\n|turn|23\n|\n|t:|1700251740\n|move|p2a: Alomomola|Wish|p2a: Alomomola\n|move|p1a: Weezing|Sludge Bomb|p2a: Alomomola\n|-damage|p2a: Alomomola|61\/100 brn\n|\n|-damage|p2a: Alomomola|54\/100 brn|[from] brn\n|upkeep\n|turn|24\n|\n|t:|1700251746\n|move|p2a: Alomomola|Flip Turn|p1a: Weezing\n|-damage|p1a: Weezing|93\/100\n|\n|t:|1700251751\n|switch|p2a: Great Tusk|Great Tusk|100\/100|[from] Flip Turn\n|move|p1a: Weezing|Sludge Bomb|p2a: Great Tusk\n|-resisted|p2a: Great Tusk\n|-crit|p2a: Great Tusk\n|-damage|p2a: Great Tusk|69\/100\n|\n|-heal|p2a: Great Tusk|100\/100|[from] move: Wish|[wisher] Alomomola\n|upkeep\n|turn|25\n|\n|t:|1700251765\n|-end|p1a: Weezing|ability: Neutralizing Gas\n|switch|p1a: Corviknight|Corviknight, M|95\/100\n|-ability|p1a: Corviknight|Pressure\n|move|p2a: Great Tusk|Headlong Rush|p1a: Corviknight\n|-immune|p1a: Corviknight\n|\n|upkeep\n|turn|26\n|\n|t:|1700251774\n|-end|p2a: Great Tusk|Protosynthesis|[silent]\n|switch|p2a: Alomomola|Alomomola, M|54\/100 brn\n|move|p1a: Corviknight|Brave Bird|p2a: Alomomola\n|-damage|p2a: Alomomola|34\/100 brn\n|-damage|p1a: Corviknight|78\/100|[from] item: Rocky Helmet|[of] p2a: Alomomola\n|-damage|p1a: Corviknight|69\/100|[from] Recoil\n|\n|-damage|p2a: Alomomola|28\/100 brn|[from] brn\n|upkeep\n|turn|27\n|\n|t:|1700251784\n|switch|p1a: Weavile|Weavile, M|100\/100\n|-ability|p1a: Weavile|Pressure\n|switch|p2a: Slowking|Slowking-Galar, F|100\/100\n|\n|upkeep\n|turn|28\n|\n|t:|1700251792\n|switch|p2a: Hawlucha|Hawlucha, M|100\/100\n|-ability|p2a: Hawlucha|Mold Breaker\n|move|p1a: Weavile|Substitute|p1a: Weavile\n|-start|p1a: Weavile|Substitute\n|-damage|p1a: Weavile|76\/100\n|\n|-heal|p1a: Weavile|82\/100|[from] item: Leftovers\n|upkeep\n|turn|29\n|\n|t:|1700251802\n|-terastallize|p2a: Hawlucha|Water\n|move|p1a: Weavile|Poison Jab|p2a: Hawlucha\n|-damage|p2a: Hawlucha|77\/100\n|move|p2a: Hawlucha|U-turn|p1a: Weavile\n|-supereffective|p1a: Weavile\n|-end|p1a: Weavile|Substitute\n|\n|t:|1700251811\n|switch|p2a: Iron Moth|Iron Moth|12\/100|[from] U-turn\n|\n|-heal|p1a: Weavile|88\/100|[from] item: Leftovers\n|upkeep\n|turn|30\n|\n|t:|1700251817\n|move|p2a: Iron Moth|Fiery Dance|p1a: Weavile\n|-supereffective|p1a: Weavile\n|-damage|p1a: Weavile|0 fnt\n|-boost|p2a: Iron Moth|spa|1\n|faint|p1a: Weavile\n|\n|upkeep\n|\n|t:|1700251825\n|switch|p1a: Weezing|Weezing-Galar, M|93\/100\n|-ability|p1a: Weezing|Neutralizing Gas\n|turn|31\n|\n|t:|1700251830\n|-end|p2a: Iron Moth|Quark Drive|[silent]\n|switch|p2a: Slowking|Slowking-Galar, F|100\/100\n|move|p1a: Weezing|Sludge Bomb|p2a: Slowking\n|-resisted|p2a: Slowking\n|-damage|p2a: Slowking|92\/100\n|\n|upkeep\n|turn|32\n|\n|t:|1700251836\n|-end|p1a: Weezing|ability: Neutralizing Gas\n|switch|p1a: Corviknight|Corviknight, M|69\/100\n|-ability|p1a: Corviknight|Pressure\n|move|p2a: Slowking|Future Sight|p1a: Corviknight\n|-start|p2a: Slowking|move: Future Sight\n|\n|upkeep\n|turn|33\n|\n|t:|1700251842\n|switch|p1a: Ting-Lu|Ting-Lu|75\/100\n|-ability|p1a: Ting-Lu|Vessel of Ruin\n|move|p2a: Slowking|Chilly Reception|p2a: Slowking\n|-weather|Snow\n|\n|t:|1700251846\n|switch|p2a: Ogerpon|Ogerpon-Wellspring, F|68\/100|[from] Chilly Reception\n|\n|-weather|Snow|[upkeep]\n|-heal|p1a: Ting-Lu|82\/100|[from] item: Leftovers\n|upkeep\n|turn|34\n|\n|t:|1700251854\n|move|p1a: Ting-Lu|Protect|p1a: Ting-Lu\n|-singleturn|p1a: Ting-Lu|Protect\n|move|p2a: Ogerpon|Ivy Cudgel|p1a: Ting-Lu|[anim] Ivy Cudgel Water\n|-activate|p1a: Ting-Lu|move: Protect\n|\n|-weather|Snow|[upkeep]\n|-end|p1a: Ting-Lu|move: Future Sight\n|-immune|p1a: Ting-Lu\n|-heal|p1a: Ting-Lu|88\/100|[from] item: Leftovers\n|upkeep\n|turn|35\n|\n|t:|1700251863\n|switch|p1a: Alomomola|Alomomola, M, tera:Steel|99\/100\n|move|p2a: Ogerpon|Horn Leech|p1a: Alomomola\n|-resisted|p1a: Alomomola\n|-damage|p1a: Alomomola|85\/100\n|-heal|p2a: Ogerpon|77\/100|[from] drain|[of] p1a: Alomomola\n|\n|-weather|Snow|[upkeep]\n|-heal|p1a: Alomomola|91\/100|[from] item: Leftovers\n|upkeep\n|turn|36\n|\n|t:|1700251871\n|move|p2a: Ogerpon|U-turn|p1a: Alomomola\n|-resisted|p1a: Alomomola\n|-damage|p1a: Alomomola|83\/100\n|\n|t:|1700251876\n|switch|p2a: Alomomola|Alomomola, M|61\/100 brn|[from] U-turn\n|move|p1a: Alomomola|Wish|p1a: Alomomola\n|\n|-weather|Snow|[upkeep]\n|-heal|p1a: Alomomola|89\/100|[from] item: Leftovers\n|-damage|p2a: Alomomola|55\/100 brn|[from] brn\n|upkeep\n|turn|37\n|\n|t:|1700251884\n|switch|p1a: Corviknight|Corviknight, M|69\/100\n|-ability|p1a: Corviknight|Pressure\n|move|p2a: Alomomola|Wish|p2a: Alomomola\n|\n|-weather|none\n|-heal|p1a: Corviknight|100\/100|[from] move: Wish|[wisher] Alomomola\n|-damage|p2a: Alomomola|49\/100 brn|[from] brn\n|upkeep\n|turn|38\n|\n|t:|1700251893\n|move|p1a: Corviknight|Brave Bird|p2a: Alomomola\n|-damage|p2a: Alomomola|30\/100 brn\n|-damage|p1a: Corviknight|84\/100|[from] item: Rocky Helmet|[of] p2a: Alomomola\n|-damage|p1a: Corviknight|75\/100|[from] Recoil\n|move|p2a: Alomomola|Flip Turn|p1a: Corviknight\n|-crit|p1a: Corviknight\n|-damage|p1a: Corviknight|69\/100\n|-damage|p2a: Alomomola|14\/100 brn|[from] item: Rocky Helmet|[of] p1a: Corviknight\n|\n|t:|1700251896\n|switch|p2a: Iron Moth|Iron Moth|12\/100|[from] Flip Turn\n|\n|-heal|p2a: Iron Moth|96\/100|[from] move: Wish|[wisher] Alomomola\n|upkeep\n|turn|39\n|\n|t:|1700251907\n|switch|p1a: Ting-Lu|Ting-Lu|88\/100\n|-ability|p1a: Ting-Lu|Vessel of Ruin\n|move|p2a: Iron Moth|Fiery Dance|p1a: Ting-Lu\n|-damage|p1a: Ting-Lu|67\/100\n|-boost|p2a: Iron Moth|spa|1\n|\n|-heal|p1a: Ting-Lu|73\/100|[from] item: Leftovers\n|upkeep\n|turn|40\n|\n|t:|1700251917\n|-end|p2a: Iron Moth|Quark Drive|[silent]\n|switch|p2a: Hawlucha|Hawlucha, M, tera:Water|77\/100\n|-ability|p2a: Hawlucha|Mold Breaker\n|move|p1a: Ting-Lu|Stealth Rock|p2a: Hawlucha\n|-sidestart|p2: 3WishAndLandoT|move: Stealth Rock\n|\n|-heal|p1a: Ting-Lu|79\/100|[from] item: Leftovers\n|upkeep\n|turn|41\n|\n|t:|1700251923\n|move|p1a: Ting-Lu|Protect|p1a: Ting-Lu\n|-singleturn|p1a: Ting-Lu|Protect\n|move|p2a: Hawlucha|Encore|p1a: Ting-Lu\n|-activate|p1a: Ting-Lu|move: Protect\n|\n|-heal|p1a: Ting-Lu|85\/100|[from] item: Leftovers\n|upkeep\n|turn|42\n|\n|t:|1700251931\n|switch|p1a: Weezing|Weezing-Galar, M|93\/100\n|-ability|p1a: Weezing|Neutralizing Gas\n|move|p2a: Hawlucha|Defog|p1a: Weezing\n|-unboost|p1a: Weezing|evasion|1\n|-sideend|p2: 3WishAndLandoT|Stealth Rock|[from] move: Defog|[of] p2a: Hawlucha\n|\n|upkeep\n|turn|43\n|\n|t:|1700251940\n|move|p2a: Hawlucha|U-turn|p1a: Weezing\n|-resisted|p1a: Weezing\n|-damage|p1a: Weezing|91\/100\n|\n|t:|1700251947\n|switch|p2a: Slowking|Slowking-Galar, F|100\/100|[from] U-turn\n|move|p1a: Weezing|Will-O-Wisp|p2a: Slowking\n|-status|p2a: Slowking|brn\n|\n|-damage|p2a: Slowking|94\/100 brn|[from] brn\n|upkeep\n|turn|44\n|\n|t:|1700251954\n|-end|p1a: Weezing|ability: Neutralizing Gas\n|switch|p1a: Corviknight|Corviknight, M|69\/100\n|-ability|p1a: Corviknight|Pressure\n|move|p2a: Slowking|Chilly Reception|p2a: Slowking\n|-weather|Snow\n|\n|t:|1700251957\n|switch|p2a: Alomomola|Alomomola, M|47\/100 brn|[from] Chilly Reception\n|\n|-weather|Snow|[upkeep]\n|-damage|p2a: Alomomola|41\/100 brn|[from] brn\n|upkeep\n|turn|45\n|\n|t:|1700251971\n|switch|p1a: Weezing|Weezing-Galar, M|91\/100\n|-ability|p1a: Weezing|Neutralizing Gas\n|move|p2a: Alomomola|Wish|p2a: Alomomola\n|\n|-weather|Snow|[upkeep]\n|-damage|p2a: Alomomola|35\/100 brn|[from] brn\n|upkeep\n|turn|46\n|\n|t:|1700251985\n|move|p2a: Alomomola|Protect|p2a: Alomomola\n|-singleturn|p2a: Alomomola|Protect\n|move|p1a: Weezing|Sludge Bomb|p2a: Alomomola\n|-activate|p2a: Alomomola|move: Protect\n|\n|-weather|Snow|[upkeep]\n|-heal|p2a: Alomomola|85\/100 brn|[from] move: Wish|[wisher] Alomomola\n|-damage|p2a: Alomomola|79\/100 brn|[from] brn\n|upkeep\n|turn|47\n|\n|t:|1700251994\n|switch|p2a: Slowking|Slowking-Galar, F|100\/100 brn\n|move|p1a: Weezing|Pain Split|p2a: Slowking\n|-sethp|p2a: Slowking|89\/100 brn|[from] move: Pain Split|[silent]\n|-sethp|p1a: Weezing|100\/100|[from] move: Pain Split\n|\n|-weather|Snow|[upkeep]\n|-damage|p2a: Slowking|83\/100 brn|[from] brn\n|upkeep\n|turn|48\n|\n|t:|1700252001\n|-end|p1a: Weezing|ability: Neutralizing Gas\n|switch|p1a: Corviknight|Corviknight, M|69\/100\n|-ability|p1a: Corviknight|Pressure\n|move|p2a: Slowking|Chilly Reception|p2a: Slowking\n|\n|t:|1700252005\n|switch|p2a: Iron Moth|Iron Moth|96\/100|[from] Chilly Reception\n|\n|-weather|none\n|upkeep\n|turn|49\n|\n|t:|1700252011\n|switch|p1a: Ting-Lu|Ting-Lu|85\/100\n|-ability|p1a: Ting-Lu|Vessel of Ruin\n|move|p2a: Iron Moth|Fiery Dance|p1a: Ting-Lu\n|-damage|p1a: Ting-Lu|64\/100\n|-boost|p2a: Iron Moth|spa|1\n|\n|-heal|p1a: Ting-Lu|70\/100|[from] item: Leftovers\n|upkeep\n|turn|50\n|\n|t:|1700252021\n|-end|p2a: Iron Moth|Quark Drive|[silent]\n|switch|p2a: Ogerpon|Ogerpon-Wellspring, F|77\/100\n|move|p1a: Ting-Lu|Stealth Rock|p2a: Ogerpon\n|-sidestart|p2: 3WishAndLandoT|move: Stealth Rock\n|\n|-heal|p1a: Ting-Lu|76\/100|[from] item: Leftovers\n|upkeep\n|turn|51\n|\n|t:|1700252029\n|switch|p1a: Alomomola|Alomomola, M, tera:Steel|100\/100\n|move|p2a: Ogerpon|Spikes|p1a: Alomomola\n|-sidestart|p1: withyouforever|Spikes\n|\n|upkeep\n|turn|52\n|\n|t:|1700252035\n|move|p2a: Ogerpon|U-turn|p1a: Alomomola\n|-resisted|p1a: Alomomola\n|-damage|p1a: Alomomola|92\/100\n|\n|t:|1700252037\n|switch|p2a: Hawlucha|Hawlucha, M, tera:Water|77\/100|[from] U-turn\n|-ability|p2a: Hawlucha|Mold Breaker\n|move|p1a: Alomomola|Wish|p1a: Alomomola\n|\n|-heal|p1a: Alomomola|98\/100|[from] item: Leftovers\n|upkeep\n|turn|53\n|\n|t:|1700252045\n|move|p2a: Hawlucha|Encore|p1a: Alomomola\n|-start|p1a: Alomomola|Encore\n|move|p1a: Alomomola|Wish||[still]\n|-fail|p1a: Alomomola\n|\n|-heal|p1a: Alomomola|100\/100|[from] move: Wish|[wisher] Alomomola\n|upkeep\n|turn|54\n|\n|t:|1700252052\n|move|p2a: Hawlucha|Drain Punch|p1a: Alomomola\n|-supereffective|p1a: Alomomola\n|-damage|p1a: Alomomola|68\/100\n|-heal|p2a: Hawlucha|100\/100|[from] drain|[of] p1a: Alomomola\n|move|p1a: Alomomola|Wish|p1a: Alomomola\n|\n|-heal|p1a: Alomomola|74\/100|[from] item: Leftovers\n|upkeep\n|turn|55\n|\n|t:|1700252062\n|switch|p1a: Corviknight|Corviknight, M|69\/100\n|-ability|p1a: Corviknight|Pressure\n|move|p2a: Hawlucha|Defog|p1a: Corviknight\n|-unboost|p1a: Corviknight|evasion|1\n|-sideend|p1: withyouforever|Spikes|[from] move: Defog|[of] p2a: Hawlucha\n|-sideend|p2: 3WishAndLandoT|Stealth Rock|[from] move: Defog|[of] p2a: Hawlucha\n|\n|-heal|p1a: Corviknight|100\/100|[from] move: Wish|[wisher] Alomomola\n|upkeep\n|turn|56\n|\n|t:|1700252072\n|move|p2a: Hawlucha|U-turn|p1a: Corviknight\n|-resisted|p1a: Corviknight\n|-damage|p1a: Corviknight|98\/100\n|-damage|p2a: Hawlucha|84\/100|[from] item: Rocky Helmet|[of] p1a: Corviknight\n|\n|t:|1700252078\n|switch|p2a: Alomomola|Alomomola, M|79\/100 brn|[from] U-turn\n|move|p1a: Corviknight|Brave Bird|p2a: Alomomola\n|-damage|p2a: Alomomola|60\/100 brn\n|-damage|p1a: Corviknight|81\/100|[from] item: Rocky Helmet|[of] p2a: Alomomola\n|-damage|p1a: Corviknight|73\/100|[from] Recoil\n|\n|-damage|p2a: Alomomola|54\/100 brn|[from] brn\n|upkeep\n|turn|57\n|\n|t:|1700252087\n|switch|p1a: Alomomola|Alomomola, M, tera:Steel|100\/100\n|move|p2a: Alomomola|Wish|p2a: Alomomola\n|\n|-damage|p2a: Alomomola|48\/100 brn|[from] brn\n|upkeep\n|turn|58\n|\n|t:|1700252092\n|move|p2a: Alomomola|Flip Turn|p1a: Alomomola\n|-damage|p1a: Alomomola|96\/100\n|\n|t:|1700252103\n|switch|p2a: Ogerpon|Ogerpon-Wellspring, F|77\/100|[from] Flip Turn\n|move|p1a: Alomomola|Wish|p1a: Alomomola\n|\n|-heal|p2a: Ogerpon|100\/100|[from] move: Wish|[wisher] Alomomola\n|-heal|p1a: Alomomola|100\/100|[from] item: Leftovers\n|upkeep\n|turn|59\n|\n|t:|1700252111\n|switch|p1a: Corviknight|Corviknight, M|73\/100\n|-ability|p1a: Corviknight|Pressure\n|move|p2a: Ogerpon|Spikes|p1a: Corviknight\n|-sidestart|p1: withyouforever|Spikes\n|\n|-heal|p1a: Corviknight|100\/100|[from] move: Wish|[wisher] Alomomola\n|upkeep\n|turn|60\n|\n|t:|1700252126\n|switch|p2a: Iron Moth|Iron Moth|96\/100\n|move|p1a: Corviknight|Defog|p2a: Iron Moth\n|-unboost|p2a: Iron Moth|evasion|1\n|-sideend|p1: withyouforever|Spikes|[from] move: Defog|[of] p1a: Corviknight\n|\n|upkeep\n|turn|61\n|\n|t:|1700252137\n|switch|p1a: Alomomola|Alomomola, M, tera:Steel|100\/100\n|move|p2a: Iron Moth|U-turn|p1a: Alomomola\n|-resisted|p1a: Alomomola\n|-damage|p1a: Alomomola|97\/100\n|\n|t:|1700252141\n|-end|p2a: Iron Moth|Quark Drive|[silent]\n|switch|p2a: Great Tusk|Great Tusk|100\/100|[from] U-turn\n|\n|-heal|p1a: Alomomola|100\/100|[from] item: Leftovers\n|upkeep\n|turn|62\n|\n|t:|1700252151\n|switch|p1a: Corviknight|Corviknight, M|100\/100\n|-ability|p1a: Corviknight|Pressure\n|move|p2a: Great Tusk|Headlong Rush|p1a: Corviknight\n|-immune|p1a: Corviknight\n|\n|upkeep\n|turn|63\n|\n|t:|1700252161\n|-end|p2a: Great Tusk|Protosynthesis|[silent]\n|switch|p2a: Slowking|Slowking-Galar, F|100\/100 brn\n|switch|p1a: Ting-Lu|Ting-Lu|76\/100\n|-ability|p1a: Ting-Lu|Vessel of Ruin\n|\n|-heal|p1a: Ting-Lu|82\/100|[from] item: Leftovers\n|-damage|p2a: Slowking|94\/100 brn|[from] brn\n|upkeep\n|turn|64\n|inactive|Battle timer is ON: inactive players will automatically lose when time's up. (requested by 3WishAndLandoT)\n|\n|t:|1700252175\n|switch|p1a: Corviknight|Corviknight, M|100\/100\n|-ability|p1a: Corviknight|Pressure\n|switch|p2a: Hawlucha|Hawlucha, M, tera:Water|84\/100\n|-ability|p2a: Hawlucha|Mold Breaker\n|\n|upkeep\n|turn|65\n|\n|t:|1700252184\n|switch|p2a: Alomomola|Alomomola, M|81\/100 brn\n|move|p1a: Corviknight|Brave Bird|p2a: Alomomola\n|-damage|p2a: Alomomola|63\/100 brn\n|-damage|p1a: Corviknight|84\/100|[from] item: Rocky Helmet|[of] p2a: Alomomola\n|-damage|p1a: Corviknight|75\/100|[from] Recoil\n|\n|-damage|p2a: Alomomola|57\/100 brn|[from] brn\n|upkeep\n|turn|66\n|\n|t:|1700252195\n|switch|p1a: Weezing|Weezing-Galar, M|100\/100\n|-ability|p1a: Weezing|Neutralizing Gas\n|move|p2a: Alomomola|Wish|p2a: Alomomola\n|\n|-damage|p2a: Alomomola|51\/100 brn|[from] brn\n|upkeep\n|turn|67\n|\n|t:|1700252202\n|move|p2a: Alomomola|Protect|p2a: Alomomola\n|-singleturn|p2a: Alomomola|Protect\n|move|p1a: Weezing|Will-O-Wisp|p2a: Alomomola\n|-activate|p2a: Alomomola|move: Protect\n|\n|-heal|p2a: Alomomola|100\/100 brn|[from] move: Wish|[wisher] Alomomola\n|-damage|p2a: Alomomola|94\/100 brn|[from] brn\n|upkeep\n|turn|68\n|\n|t:|1700252210\n|switch|p2a: Slowking|Slowking-Galar, F|100\/100 brn\n|move|p1a: Weezing|Will-O-Wisp|p2a: Slowking\n|-fail|p2a: Slowking|brn\n|\n|-damage|p2a: Slowking|94\/100 brn|[from] brn\n|upkeep\n|turn|69\n|\n|t:|1700252216\n|move|p1a: Weezing|Will-O-Wisp|p2a: Slowking\n|-fail|p2a: Slowking|brn\n|move|p2a: Slowking|Chilly Reception|p2a: Slowking\n|-weather|Snow\n|\n|t:|1700252219\n|switch|p2a: Alomomola|Alomomola, M|94\/100 brn|[from] Chilly Reception\n|\n|-weather|Snow|[upkeep]\n|-damage|p2a: Alomomola|88\/100 brn|[from] brn\n|upkeep\n|turn|70\n|\n|t:|1700252226\n|switch|p2a: Slowking|Slowking-Galar, F|94\/100 brn\n|move|p1a: Weezing|Pain Split|p2a: Slowking\n|-sethp|p2a: Slowking|90\/100 brn|[from] move: Pain Split|[silent]\n|-sethp|p1a: Weezing|100\/100|[from] move: Pain Split\n|\n|-weather|Snow|[upkeep]\n|-damage|p2a: Slowking|84\/100 brn|[from] brn\n|upkeep\n|turn|71\n|\n|t:|1700252234\n|switch|p2a: Alomomola|Alomomola, M|88\/100 brn\n|move|p1a: Weezing|Sludge Bomb|p2a: Alomomola\n|-damage|p2a: Alomomola|56\/100 brn\n|\n|-weather|Snow|[upkeep]\n|-damage|p2a: Alomomola|49\/100 brn|[from] brn\n|upkeep\n|turn|72\n|\n|t:|1700252241\n|switch|p2a: Slowking|Slowking-Galar, F|84\/100 brn\n|move|p1a: Weezing|Sludge Bomb|p2a: Slowking\n|-resisted|p2a: Slowking\n|-damage|p2a: Slowking|76\/100 brn\n|\n|-weather|Snow|[upkeep]\n|-damage|p2a: Slowking|70\/100 brn|[from] brn\n|upkeep\n|turn|73\n|\n|t:|1700252251\n|-end|p1a: Weezing|ability: Neutralizing Gas\n|switch|p1a: Ting-Lu|Ting-Lu|82\/100\n|-ability|p1a: Ting-Lu|Vessel of Ruin\n|move|p2a: Slowking|Future Sight|p1a: Ting-Lu\n|-start|p2a: Slowking|move: Future Sight\n|\n|-weather|none\n|-heal|p1a: Ting-Lu|89\/100|[from] item: Leftovers\n|-damage|p2a: Slowking|64\/100 brn|[from] brn\n|upkeep\n|turn|74\n|\n|t:|1700252261\n|switch|p2a: Ogerpon|Ogerpon-Wellspring, F|100\/100\n|move|p1a: Ting-Lu|Earthquake|p2a: Ogerpon\n|-resisted|p2a: Ogerpon\n|-damage|p2a: Ogerpon|79\/100\n|\n|-heal|p1a: Ting-Lu|95\/100|[from] item: Leftovers\n|upkeep\n|turn|75\n|\n|t:|1700252267\n|move|p1a: Ting-Lu|Protect|p1a: Ting-Lu\n|-singleturn|p1a: Ting-Lu|Protect\n|move|p2a: Ogerpon|Ivy Cudgel|p1a: Ting-Lu|[anim] Ivy Cudgel Water\n|-activate|p1a: Ting-Lu|move: Protect\n|\n|-end|p1a: Ting-Lu|move: Future Sight\n|-immune|p1a: Ting-Lu\n|-heal|p1a: Ting-Lu|100\/100|[from] item: Leftovers\n|upkeep\n|turn|76\n|\n|t:|1700252277\n|switch|p1a: Alomomola|Alomomola, M, tera:Steel|100\/100\n|move|p2a: Ogerpon|Ivy Cudgel|p1a: Alomomola|[anim] Ivy Cudgel Water\n|-damage|p1a: Alomomola|64\/100\n|\n|-heal|p1a: Alomomola|70\/100|[from] item: Leftovers\n|upkeep\n|turn|77\n|\n|t:|1700252284\n|move|p2a: Ogerpon|Ivy Cudgel|p1a: Alomomola|[anim] Ivy Cudgel Water\n|-damage|p1a: Alomomola|31\/100\n|move|p1a: Alomomola|Wish|p1a: Alomomola\n|\n|-heal|p1a: Alomomola|37\/100|[from] item: Leftovers\n|upkeep\n|turn|78\n|\n|t:|1700252289\n|move|p1a: Alomomola|Protect|p1a: Alomomola\n|-singleturn|p1a: Alomomola|Protect\n|move|p2a: Ogerpon|Spikes|p1a: Alomomola\n|-sidestart|p1: withyouforever|Spikes\n|\n|-heal|p1a: Alomomola|87\/100|[from] move: Wish|[wisher] Alomomola\n|-heal|p1a: Alomomola|93\/100|[from] item: Leftovers\n|upkeep\n|turn|79\n|\n|t:|1700252297\n|move|p2a: Ogerpon|Ivy Cudgel|p1a: Alomomola|[anim] Ivy Cudgel Water\n|-crit|p1a: Alomomola\n|-damage|p1a: Alomomola|37\/100\n|move|p1a: Alomomola|Wish|p1a: Alomomola\n|\n|-heal|p1a: Alomomola|43\/100|[from] item: Leftovers\n|upkeep\n|turn|80\n|\n|t:|1700252302\n|move|p1a: Alomomola|Protect|p1a: Alomomola\n|-singleturn|p1a: Alomomola|Protect\n|move|p2a: Ogerpon|Spikes|p1a: Alomomola\n|-sidestart|p1: withyouforever|Spikes\n|\n|-heal|p1a: Alomomola|93\/100|[from] move: Wish|[wisher] Alomomola\n|-heal|p1a: Alomomola|99\/100|[from] item: Leftovers\n|upkeep\n|turn|81\n|\n|t:|1700252309\n|move|p2a: Ogerpon|U-turn|p1a: Alomomola\n|-resisted|p1a: Alomomola\n|-damage|p1a: Alomomola|90\/100\n|\n|t:|1700252311\n|switch|p2a: Alomomola|Alomomola, M|49\/100 brn|[from] U-turn\n|move|p1a: Alomomola|Wish|p1a: Alomomola\n|\n|-heal|p1a: Alomomola|96\/100|[from] item: Leftovers\n|-damage|p2a: Alomomola|43\/100 brn|[from] brn\n|upkeep\n|turn|82\n|\n|t:|1700252323\n|switch|p1a: Weezing|Weezing-Galar, M|100\/100\n|-ability|p1a: Weezing|Neutralizing Gas\n|move|p2a: Alomomola|Flip Turn|p1a: Weezing\n|-damage|p1a: Weezing|96\/100\n|\n|t:|1700252331\n|switch|p2a: Great Tusk|Great Tusk|100\/100|[from] Flip Turn\n|\n|-heal|p1a: Weezing|100\/100|[from] move: Wish|[wisher] Alomomola\n|upkeep\n|turn|83\n|\n|t:|1700252340\n|-end|p2a: Great Tusk|Protosynthesis|[silent]\n|switch|p2a: Hawlucha|Hawlucha, M, tera:Water|84\/100\n|move|p1a: Weezing|Will-O-Wisp|p2a: Hawlucha\n|-status|p2a: Hawlucha|brn\n|\n|-damage|p2a: Hawlucha|78\/100 brn|[from] brn\n|upkeep\n|turn|84\n|\n|t:|1700252347\n|move|p2a: Hawlucha|Encore|p1a: Weezing\n|-start|p1a: Weezing|Encore\n|move|p1a: Weezing|Will-O-Wisp|p2a: Hawlucha\n|-fail|p2a: Hawlucha|brn\n|\n|-damage|p2a: Hawlucha|72\/100 brn|[from] brn\n|upkeep\n|turn|85\n|\n|t:|1700252353\n|move|p2a: Hawlucha|U-turn|p1a: Weezing\n|-resisted|p1a: Weezing\n|-damage|p1a: Weezing|99\/100\n|\n|t:|1700252356\n|switch|p2a: Alomomola|Alomomola, M|43\/100 brn|[from] U-turn\n|move|p1a: Weezing|Will-O-Wisp|p2a: Alomomola\n|-fail|p2a: Alomomola|brn\n|\n|-damage|p2a: Alomomola|37\/100 brn|[from] brn\n|upkeep\n|turn|86\n|\n|t:|1700252363\n|move|p2a: Alomomola|Wish|p2a: Alomomola\n|move|p1a: Weezing|Will-O-Wisp|p2a: Alomomola\n|-fail|p2a: Alomomola|brn\n|\n|-damage|p2a: Alomomola|31\/100 brn|[from] brn\n|-end|p1a: Weezing|Encore\n|upkeep\n|turn|87\n|\n|t:|1700252372\n|move|p2a: Alomomola|Protect|p2a: Alomomola\n|-singleturn|p2a: Alomomola|Protect\n|move|p1a: Weezing|Pain Split|p2a: Alomomola\n|-activate|p2a: Alomomola|move: Protect\n|\n|-heal|p2a: Alomomola|81\/100 brn|[from] move: Wish|[wisher] Alomomola\n|-damage|p2a: Alomomola|75\/100 brn|[from] brn\n|upkeep\n|turn|88\n|\n|t:|1700252386\n|move|p2a: Alomomola|Flip Turn|p1a: Weezing\n|-damage|p1a: Weezing|95\/100\n|\n|t:|1700252389\n|switch|p2a: Slowking|Slowking-Galar, F|97\/100 brn|[from] Flip Turn\n|move|p1a: Weezing|Defog|p2a: Slowking\n|-unboost|p2a: Slowking|evasion|1\n|-sideend|p1: withyouforever|Spikes|[from] move: Defog|[of] p1a: Weezing\n|\n|-damage|p2a: Slowking|91\/100 brn|[from] brn\n|upkeep\n|turn|89\n|\n|t:|1700252397\n|move|p1a: Weezing|Sludge Bomb|p2a: Slowking\n|-resisted|p2a: Slowking\n|-damage|p2a: Slowking|83\/100 brn\n|move|p2a: Slowking|Future Sight|p1a: Weezing\n|-start|p2a: Slowking|move: Future Sight\n|\n|-damage|p2a: Slowking|77\/100 brn|[from] brn\n|upkeep\n|turn|90\n|\n|t:|1700252403\n|-end|p1a: Weezing|ability: Neutralizing Gas\n|switch|p1a: Ting-Lu|Ting-Lu|100\/100\n|-ability|p1a: Ting-Lu|Vessel of Ruin\n|move|p2a: Slowking|Chilly Reception|p2a: Slowking\n|-weather|Snow\n|\n|t:|1700252406\n|switch|p2a: Ogerpon|Ogerpon-Wellspring, F|79\/100|[from] Chilly Reception\n|\n|-weather|Snow|[upkeep]\n|upkeep\n|turn|91\n|\n|t:|1700252412\n|move|p1a: Ting-Lu|Protect|p1a: Ting-Lu\n|-singleturn|p1a: Ting-Lu|Protect\n|move|p2a: Ogerpon|Spikes|p1a: Ting-Lu\n|-sidestart|p1: withyouforever|Spikes\n|\n|-weather|Snow|[upkeep]\n|-end|p1a: Ting-Lu|move: Future Sight\n|-immune|p1a: Ting-Lu\n|upkeep\n|turn|92\n|\n|t:|1700252421\n|switch|p1a: Alomomola|Alomomola, M, tera:Steel|100\/100\n|-damage|p1a: Alomomola|88\/100|[from] Spikes\n|move|p2a: Ogerpon|U-turn|p1a: Alomomola\n|-resisted|p1a: Alomomola\n|-damage|p1a: Alomomola|80\/100\n|\n|t:|1700252424\n|switch|p2a: Hawlucha|Hawlucha, M, tera:Water|72\/100 brn|[from] U-turn\n|-ability|p2a: Hawlucha|Mold Breaker\n|\n|-weather|Snow|[upkeep]\n|-heal|p1a: Alomomola|86\/100|[from] item: Leftovers\n|-damage|p2a: Hawlucha|66\/100 brn|[from] brn\n|upkeep\n|turn|93\n|\n|t:|1700252433\n|move|p2a: Hawlucha|Drain Punch|p1a: Alomomola\n|-supereffective|p1a: Alomomola\n|-damage|p1a: Alomomola|71\/100\n|-heal|p2a: Hawlucha|77\/100 brn|[from] drain|[of] p1a: Alomomola\n|move|p1a: Alomomola|Wish|p1a: Alomomola\n|\n|-weather|Snow|[upkeep]\n|-heal|p1a: Alomomola|77\/100|[from] item: Leftovers\n|-damage|p2a: Hawlucha|71\/100 brn|[from] brn\n|upkeep\n|turn|94\n|\n|t:|1700252456\n|switch|p1a: Weezing|Weezing-Galar, M|95\/100\n|-ability|p1a: Weezing|Neutralizing Gas\n|move|p2a: Hawlucha|U-turn|p1a: Weezing\n|-resisted|p1a: Weezing\n|-damage|p1a: Weezing|93\/100\n|\n|t:|1700252462\n|switch|p2a: Alomomola|Alomomola, M|75\/100 brn|[from] U-turn\n|\n|-weather|none\n|-heal|p1a: Weezing|100\/100|[from] move: Wish|[wisher] Alomomola\n|-damage|p2a: Alomomola|68\/100 brn|[from] brn\n|upkeep\n|turn|95\n|\n|t:|1700252469\n|move|p2a: Alomomola|Flip Turn|p1a: Weezing\n|-damage|p1a: Weezing|96\/100\n|\n|t:|1700252471\n|switch|p2a: Slowking|Slowking-Galar, F|100\/100 brn|[from] Flip Turn\n|move|p1a: Weezing|Defog|p2a: Slowking\n|-unboost|p2a: Slowking|evasion|1\n|-sideend|p1: withyouforever|Spikes|[from] move: Defog|[of] p1a: Weezing\n|\n|-damage|p2a: Slowking|94\/100 brn|[from] brn\n|upkeep\n|turn|96\n|\n|t:|1700252480\n|-end|p1a: Weezing|ability: Neutralizing Gas\n|switch|p1a: Corviknight|Corviknight, M|75\/100\n|-ability|p1a: Corviknight|Pressure\n|move|p2a: Slowking|Future Sight|p1a: Corviknight\n|-start|p2a: Slowking|move: Future Sight\n|\n|-damage|p2a: Slowking|88\/100 brn|[from] brn\n|upkeep\n|turn|97\n|\n|t:|1700252491\n|switch|p1a: Ting-Lu|Ting-Lu|100\/100\n|-ability|p1a: Ting-Lu|Vessel of Ruin\n|move|p2a: Slowking|Chilly Reception|p2a: Slowking\n|-weather|Snow\n|\n|t:|1700252494\n|switch|p2a: Ogerpon|Ogerpon-Wellspring, F|79\/100|[from] Chilly Reception\n|\n|-weather|Snow|[upkeep]\n|upkeep\n|turn|98\n|\n|t:|1700252502\n|switch|p1a: Weezing|Weezing-Galar, M|96\/100\n|-ability|p1a: Weezing|Neutralizing Gas\n|move|p2a: Ogerpon|Horn Leech|p1a: Weezing\n|-resisted|p1a: Weezing\n|-damage|p1a: Weezing|81\/100\n|-heal|p2a: Ogerpon|86\/100|[from] drain|[of] p1a: Weezing\n|\n|-weather|Snow|[upkeep]\n|-end|p1a: Weezing|move: Future Sight\n|-supereffective|p1a: Weezing\n|-damage|p1a: Weezing|0 fnt\n|faint|p1a: Weezing\n|-end|p1a: Weezing|ability: Neutralizing Gas\n|upkeep\n|-message|withyouforever forfeited.\n|\n|win|3WishAndLandoT\n|raw|withyouforever's rating: 1240 &rarr; <strong>1215<\/strong><br \/>(-25 for losing)\n|raw|3WishAndLandoT's rating: 1243 &rarr; <strong>1268<\/strong><br \/>(+25 for winning)\n|l|\u2606withyouforever\n","uploadtime":1700252518,"views":30,"p1id":"withyouforever","p2id":"3wishandlandot","formatid":"gen9ou","rating":1215,"private":0,"password":""}