{"id":"gen9ou-1991802856","p1":"Penter","p2":"tindall64","format":"[Gen 9] OU","log":"|j|\u2606Penter\n|j|\u2606tindall64\n|inactive|Battle timer is ON: inactive players will automatically lose when time's up.\n|t:|1700120201\n|gametype|singles\n|player|p1|Penter|n|\n|player|p2|tindall64|dawn-masters3|\n|teamsize|p1|6\n|teamsize|p2|6\n|gen|9\n|tier|[Gen 9] OU\n|rated|Tournament battle\n|rule|Sleep Clause Mod: Limit one foe put to sleep\n|rule|Species Clause: Limit one of each Pok\u00e9mon\n|rule|OHKO Clause: OHKO moves are banned\n|rule|Evasion Items Clause: Evasion items are banned\n|rule|Evasion Moves Clause: Evasion moves are banned\n|rule|Endless Battle Clause: Forcing endless battles is banned\n|rule|HP Percentage Mod: HP is shown in percentages\n|clearpoke\n|poke|p1|Rillaboom, F|\n|poke|p1|Sneasler, F|\n|poke|p1|Iron Moth|\n|poke|p1|Manaphy|\n|poke|p1|Hatterene, F|\n|poke|p1|Kingambit, F|\n|poke|p2|Golem, M|\n|poke|p2|Toxapex, M|\n|poke|p2|Maushold|\n|poke|p2|Dragonite, M|\n|poke|p2|Sneasler, M|\n|poke|p2|Kommo-o, F|\n|teampreview|3\n|j|*Lady Monita \u2746\n|inactive|Penter has 120 seconds left.\n|\n|t:|1700120244\n|start\n|switch|p1a: Rillaboom|Rillaboom, F|100\/100\n|switch|p2a: Golem|Golem, M|100\/100\n|-fieldstart|move: Grassy Terrain|[from] ability: Grassy Surge|[of] p1a: Rillaboom\n|turn|1\n|\n|t:|1700120270\n|move|p1a: Rillaboom|U-turn|p2a: Golem\n|-damage|p2a: Golem|55\/100\n|\n|t:|1700120299\n|switch|p1a: Hatterene|Hatterene, F|100\/100|[from] U-turn\n|-enditem|p1a: Hatterene|Grassy Seed\n|-boost|p1a: Hatterene|def|1|[from] item: Grassy Seed\n|move|p2a: Golem|Stealth Rock|p1a: Hatterene\n|move|p1a: Hatterene|Stealth Rock|p2a: Golem|[from]ability: Magic Bounce\n|-sidestart|p2: tindall64|move: Stealth Rock\n|\n|-heal|p2a: Golem|61\/100|[from] Grassy Terrain\n|upkeep\n|turn|2\n|\n|t:|1700120303\n|move|p2a: Golem|Explosion|p1a: Hatterene\n|-damage|p1a: Hatterene|53\/100\n|faint|p2a: Golem\n|move|p1a: Hatterene|Calm Mind|p1a: Hatterene\n|-boost|p1a: Hatterene|spa|1\n|-boost|p1a: Hatterene|spd|1\n|\n|-heal|p1a: Hatterene|59\/100|[from] Grassy Terrain\n|upkeep\n|\n|t:|1700120316\n|switch|p2a: Kommo-o|Kommo-o, F|100\/100\n|-damage|p2a: Kommo-o|94\/100|[from] Stealth Rock\n|turn|3\n|\n|t:|1700120328\n|-terastallize|p2a: Kommo-o|Normal\n|move|p2a: Kommo-o|Clangorous Soul|p2a: Kommo-o\n|-boost|p2a: Kommo-o|atk|1\n|-boost|p2a: Kommo-o|def|1\n|-boost|p2a: Kommo-o|spa|1\n|-boost|p2a: Kommo-o|spd|1\n|-boost|p2a: Kommo-o|spe|1\n|-damage|p2a: Kommo-o|61\/100\n|-enditem|p2a: Kommo-o|Throat Spray\n|-boost|p2a: Kommo-o|spa|1|[from] item: Throat Spray\n|move|p1a: Hatterene|Draining Kiss|p2a: Kommo-o\n|-damage|p2a: Kommo-o|37\/100\n|-heal|p1a: Hatterene|76\/100|[from] drain|[of] p2a: Kommo-o\n|\n|-heal|p2a: Kommo-o|43\/100|[from] Grassy Terrain\n|-heal|p1a: Hatterene|82\/100|[from] Grassy Terrain\n|upkeep\n|turn|4\n|\n|t:|1700120339\n|move|p2a: Kommo-o|Boomburst|p1a: Hatterene\n|-damage|p1a: Hatterene|0 fnt\n|faint|p1a: Hatterene\n|\n|-heal|p2a: Kommo-o|49\/100|[from] Grassy Terrain\n|upkeep\n|\n|t:|1700120349\n|switch|p1a: Sneasler|Sneasler, F|100\/100\n|-enditem|p1a: Sneasler|Grassy Seed\n|-boost|p1a: Sneasler|def|1|[from] item: Grassy Seed\n|turn|5\n|\n|t:|1700120357\n|move|p1a: Sneasler|Close Combat|p2a: Kommo-o\n|-supereffective|p2a: Kommo-o\n|-damage|p2a: Kommo-o|0 fnt\n|-unboost|p1a: Sneasler|def|1\n|-unboost|p1a: Sneasler|spd|1\n|faint|p2a: Kommo-o\n|\n|-fieldend|move: Grassy Terrain\n|upkeep\n|\n|t:|1700120360\n|switch|p2a: Dragonite|Dragonite, M|100\/100\n|turn|6\n|\n|t:|1700120369\n|-terastallize|p1a: Sneasler|Dark\n|move|p1a: Sneasler|Dire Claw|p2a: Dragonite\n|-damage|p2a: Dragonite|76\/100\n|-status|p2a: Dragonite|slp\n|cant|p2a: Dragonite|slp\n|\n|upkeep\n|turn|7\n|c|\u2606tindall64|gg\n|\n|t:|1700120376\n|move|p1a: Sneasler|Dire Claw|p2a: Dragonite\n|-damage|p2a: Dragonite|23\/100 slp\n|cant|p2a: Dragonite|slp\n|\n|upkeep\n|turn|8\n|\n|t:|1700120379\n|move|p1a: Sneasler|Dire Claw|p2a: Dragonite\n|-damage|p2a: Dragonite|0 fnt\n|faint|p2a: Dragonite\n|\n|win|Penter\n|n|\u2606Penter|penter\n|n|\u2606tindall64|tindall64\n|n|*Lady Monita \u2746|ladymonita\n","uploadtime":1700120380,"views":8,"p1id":"penter","p2id":"tindall64","formatid":"gen9ou","rating":0,"private":0,"password":""}