{"id":"gen9ou-1994932783","p1":"273_Kalstor","p2":"UptherewithDavid","format":"[Gen 9] OU","log":"|j|\u2606273_Kalstor\n|j|\u2606UptherewithDavid\n|t:|1700505867\n|gametype|singles\n|player|p1|273_Kalstor|acetrainerf-gen4dp|1072\n|player|p2|UptherewithDavid|veteran|1059\n|teamsize|p1|6\n|teamsize|p2|6\n|gen|9\n|tier|[Gen 9] OU\n|rated|\n|rule|Sleep Clause Mod: Limit one foe put to sleep\n|rule|Species Clause: Limit one of each Pok\u00e9mon\n|rule|OHKO Clause: OHKO moves are banned\n|rule|Evasion Items Clause: Evasion items are banned\n|rule|Evasion Moves Clause: Evasion moves are banned\n|rule|Endless Battle Clause: Forcing endless battles is banned\n|rule|HP Percentage Mod: HP is shown in percentages\n|clearpoke\n|poke|p1|Chandelure, M|\n|poke|p1|Torkoal, M|\n|poke|p1|Great Tusk|\n|poke|p1|Zapdos|\n|poke|p1|Rillaboom, M|\n|poke|p1|Ogerpon-Wellspring, F|\n|poke|p2|Forretress, M|\n|poke|p2|Ditto|\n|poke|p2|Zoroark-Hisui, M|\n|poke|p2|Gyarados, M|\n|poke|p2|Corviknight, F|\n|poke|p2|Cinderace, F|\n|teampreview\n|\n|t:|1700505878\n|start\n|switch|p1a: Torkoal|Torkoal, M|100\/100\n|switch|p2a: Forretress|Forretress, M|100\/100\n|-weather|SunnyDay|[from] ability: Drought|[of] p1a: Torkoal\n|turn|1\n|\n|t:|1700505885\n|move|p2a: Forretress|U-turn|p1a: Torkoal\n|-resisted|p1a: Torkoal\n|-damage|p1a: Torkoal|93\/100\n|\n|t:|1700505888\n|switch|p2a: Gyarados|Gyarados, M|100\/100|[from] U-turn\n|move|p1a: Torkoal|Flamethrower|p2a: Gyarados\n|-resisted|p2a: Gyarados\n|-damage|p2a: Gyarados|77\/100\n|\n|-weather|SunnyDay|[upkeep]\n|-heal|p2a: Gyarados|83\/100|[from] item: Leftovers\n|upkeep\n|turn|2\n|inactive|Battle timer is ON: inactive players will automatically lose when time's up. (requested by 273_Kalstor)\n|\n|t:|1700505899\n|-terastallize|p1a: Torkoal|Grass\n|move|p2a: Gyarados|Earthquake|p1a: Torkoal\n|-resisted|p1a: Torkoal\n|-damage|p1a: Torkoal|81\/100\n|move|p1a: Torkoal|Solar Beam||[still]\n|-prepare|p1a: Torkoal|Solar Beam\n|-anim|p1a: Torkoal|Solar Beam|p2a: Gyarados\n|-crit|p2a: Gyarados\n|-damage|p2a: Gyarados|20\/100\n|\n|-weather|SunnyDay|[upkeep]\n|-heal|p2a: Gyarados|26\/100|[from] item: Leftovers\n|upkeep\n|turn|3\n|l|\u2606UptherewithDavid\n|inactive|UptherewithDavid disconnected and has a minute to reconnect!\n|player|p2|\n|j|\u2606UptherewithDavid\n|inactive|UptherewithDavid reconnected and has 145 seconds left.\n|player|p2|UptherewithDavid|veteran\n|\n|t:|1700505914\n|switch|p2a: Ditto|Ditto, shiny|100\/100\n|-transform|p2a: Ditto|p1a: Torkoal|[from] ability: Imposter\n|move|p1a: Torkoal|Solar Beam||[still]\n|-prepare|p1a: Torkoal|Solar Beam\n|-anim|p1a: Torkoal|Solar Beam|p2a: Ditto\n|-resisted|p2a: Ditto\n|-damage|p2a: Ditto|62\/100\n|\n|-weather|SunnyDay|[upkeep]\n|upkeep\n|-start|p2a: Ditto|typechange|Fire|[silent]\n|turn|4\n|\n|t:|1700505925\n|switch|p1a: Chandelure|Chandelure, M|100\/100\n|move|p2a: Ditto|Flamethrower|p1a: Chandelure\n|-start|p1a: Chandelure|ability: Flash Fire\n|\n|-weather|SunnyDay|[upkeep]\n|upkeep\n|turn|5\n|\n|t:|1700505934\n|switch|p2a: Cinderace|Cinderace, F|100\/100\n|move|p1a: Chandelure|Shadow Ball|p2a: Cinderace\n|-damage|p2a: Cinderace|32\/100\n|-unboost|p2a: Cinderace|spd|1\n|\n|-weather|SunnyDay|[upkeep]\n|upkeep\n|turn|6\n|\n|t:|1700505943\n|move|p1a: Chandelure|Shadow Ball|p2a: Cinderace\n|-damage|p2a: Cinderace|0 fnt\n|faint|p2a: Cinderace\n|\n|-weather|SunnyDay|[upkeep]\n|upkeep\n|\n|t:|1700505951\n|switch|p2a: Forretress|Forretress, M|100\/100\n|turn|7\n|\n|t:|1700505958\n|move|p1a: Chandelure|Shadow Ball|p2a: Forretress\n|-immune|p2a: Forretress\n|move|p2a: Forretress|Dark Pulse|p1a: Chandelure\n|-supereffective|p1a: Chandelure\n|-damage|p1a: Chandelure|22\/100\n|\n|-weather|SunnyDay|[upkeep]\n|upkeep\n|turn|8\n|\n|t:|1700505968\n|-end|p1a: Chandelure|ability: Flash Fire|[silent]\n|switch|p1a: Torkoal|Torkoal, M, tera:Grass|81\/100\n|move|p2a: Forretress|Dark Pulse|p1a: Torkoal\n|-damage|p1a: Torkoal|42\/100\n|\n|-weather|none\n|upkeep\n|turn|9\n|\n|t:|1700505979\n|move|p2a: Forretress|Dark Pulse|p1a: Torkoal\n|-damage|p1a: Torkoal|0 fnt\n|faint|p1a: Torkoal\n|\n|upkeep\n|\n|t:|1700505983\n|switch|p1a: Chandelure|Chandelure, M|22\/100\n|turn|10\n|\n|t:|1700505987\n|move|p1a: Chandelure|Heat Wave|p2a: Forretress\n|-damage|p2a: Forretress|0 fnt\n|replace|p2a: Zoroark|Zoroark-Hisui, M\n|-end|p2a: Zoroark|Illusion\n|faint|p2a: Zoroark\n|\n|upkeep\n|\n|t:|1700505996\n|switch|p2a: Forretress|Forretress, M|100\/100\n|turn|11\n|\n|t:|1700505999\n|move|p1a: Chandelure|Heat Wave|p2a: Forretress\n|-supereffective|p2a: Forretress\n|-ability|p2a: Forretress|Sturdy\n|-damage|p2a: Forretress|1\/100\n|move|p2a: Forretress|Lunge|p1a: Chandelure\n|-resisted|p1a: Chandelure\n|-damage|p1a: Chandelure|14\/100\n|-unboost|p1a: Chandelure|atk|1\n|\n|upkeep\n|turn|12\n|\n|t:|1700506012\n|move|p1a: Chandelure|Heat Wave|p2a: Forretress\n|-supereffective|p2a: Forretress\n|-damage|p2a: Forretress|0 fnt\n|faint|p2a: Forretress\n|\n|upkeep\n|\n|t:|1700506019\n|switch|p2a: Ditto|Ditto, shiny|62\/100\n|-transform|p2a: Ditto|p1a: Chandelure|[from] ability: Imposter\n|turn|13\n|\n|t:|1700506025\n|switch|p1a: Ogerpon|Ogerpon-Wellspring, F|100\/100\n|move|p2a: Ditto|Psychic|p1a: Ogerpon\n|-damage|p1a: Ogerpon|55\/100\n|\n|upkeep\n|turn|14\n|\n|t:|1700506034\n|-terastallize|p2a: Ditto|Fighting\n|move|p1a: Ogerpon|Ivy Cudgel|p2a: Ditto|[anim] Ivy Cudgel Water\n|-crit|p2a: Ditto\n|-damage|p2a: Ditto|0 fnt\n|faint|p2a: Ditto\n|\n|upkeep\n|inactive|UptherewithDavid has 120 seconds left.\n|inactive|UptherewithDavid has 90 seconds left.\n|l|\u2606273_Kalstor\n|inactive|273_Kalstor disconnected and has a minute to reconnect!\n|player|p1|\n|j|\u2606273_Kalstor\n|inactive|273_Kalstor reconnected.\n|player|p1|273_Kalstor|acetrainerf-gen4dp\n|inactive|UptherewithDavid has 60 seconds left.\n|inactive|UptherewithDavid has 30 seconds left.\n|\n|t:|1700506159\n|switch|p2a: Gyarados|Gyarados, M|26\/100\n|turn|15\n|\n|t:|1700506168\n|move|p1a: Ogerpon|Seed Bomb|p2a: Gyarados\n|-damage|p2a: Gyarados|0 fnt\n|faint|p2a: Gyarados\n|\n|upkeep\n|\n|t:|1700506173\n|switch|p2a: Corviknight|Corviknight, F|100\/100\n|turn|16\n|-message|UptherewithDavid forfeited.\n|\n|win|273_Kalstor\n|raw|273_Kalstor's rating: 1072 &rarr; <strong>1100<\/strong><br \/>(+28 for winning)\n|raw|UptherewithDavid's rating: 1059 &rarr; <strong>1041<\/strong><br \/>(-18 for losing)\n|l|\u2606UptherewithDavid\n","uploadtime":1700506185,"views":14,"p1id":"273kalstor","p2id":"uptherewithdavid","formatid":"gen9ou","rating":1041,"private":0,"password":""}