{"id":"gen9ou-1991219264","p1":"xler3","p2":"littensalt","format":"[Gen 9] OU","log":"|j|\u2606xler3\n|j|\u2606littensalt\n|t:|1700058370\n|gametype|singles\n|player|p1|xler3|hilbert-wonderlauncher|1318\n|player|p2|littensalt|calem|1354\n|teamsize|p1|6\n|teamsize|p2|6\n|gen|9\n|tier|[Gen 9] OU\n|rated|\n|rule|Sleep Clause Mod: Limit one foe put to sleep\n|rule|Species Clause: Limit one of each Pok\u00e9mon\n|rule|OHKO Clause: OHKO moves are banned\n|rule|Evasion Items Clause: Evasion items are banned\n|rule|Evasion Moves Clause: Evasion moves are banned\n|rule|Endless Battle Clause: Forcing endless battles is banned\n|rule|HP Percentage Mod: HP is shown in percentages\n|clearpoke\n|poke|p1|Gholdengo|\n|poke|p1|Ribombee, M|\n|poke|p1|Rillaboom, M|\n|poke|p1|Manaphy|\n|poke|p1|Great Tusk|\n|poke|p1|Clodsire, F|\n|poke|p2|Thundurus-Therian, M|\n|poke|p2|Weezing-Galar, M|\n|poke|p2|Cinderace, M|\n|poke|p2|Dragapult, M|\n|poke|p2|Greninja-*, M|\n|poke|p2|Zamazenta-*|\n|teampreview\n|inactive|Battle timer is ON: inactive players will automatically lose when time's up. (requested by littensalt)\n|\n|t:|1700058385\n|start\n|switch|p1a: Great Tusk|Great Tusk|100\/100\n|switch|p2a: FRANCHISE|Cinderace, M|100\/100\n|turn|1\n|\n|t:|1700058393\n|move|p2a: FRANCHISE|U-turn|p1a: Great Tusk\n|-start|p2a: FRANCHISE|typechange|Bug|[from] ability: Libero\n|-resisted|p1a: Great Tusk\n|-crit|p1a: Great Tusk\n|-damage|p1a: Great Tusk|81\/100\n|\n|t:|1700058395\n|switch|p2a: 5g|Thundurus-Therian, M, shiny|100\/100|[from] U-turn\n|move|p1a: Great Tusk|Ice Spinner|p2a: 5g\n|-supereffective|p2a: 5g\n|-damage|p2a: 5g|8\/100\n|\n|upkeep\n|turn|2\n|\n|t:|1700058406\n|-end|p1a: Great Tusk|Protosynthesis|[silent]\n|switch|p1a: Clodsire|Clodsire, F|100\/100\n|move|p2a: 5g|Grass Knot|p1a: Clodsire\n|-damage|p1a: Clodsire|63\/100\n|\n|-heal|p1a: Clodsire|69\/100|[from] item: Leftovers\n|upkeep\n|turn|3\n|\n|t:|1700058414\n|switch|p2a: wheezy outta here|Weezing-Galar, M, shiny|100\/100\n|-ability|p2a: wheezy outta here|Neutralizing Gas\n|move|p1a: Clodsire|Recover|p1a: Clodsire\n|-heal|p1a: Clodsire|100\/100\n|\n|upkeep\n|turn|4\n|\n|t:|1700058421\n|move|p2a: wheezy outta here|Will-O-Wisp|p1a: Clodsire\n|-status|p1a: Clodsire|brn\n|move|p1a: Clodsire|Spikes|p2a: wheezy outta here\n|-sidestart|p2: littensalt|Spikes\n|\n|-damage|p1a: Clodsire|94\/100 brn|[from] brn\n|upkeep\n|turn|5\n|\n|t:|1700058438\n|switch|p1a: Gholdengo|Gholdengo|100\/100\n|-item|p1a: Gholdengo|Air Balloon\n|move|p2a: wheezy outta here|Strange Steam|p1a: Gholdengo\n|-resisted|p1a: Gholdengo\n|-damage|p1a: Gholdengo|86\/100\n|-enditem|p1a: Gholdengo|Air Balloon\n|\n|upkeep\n|turn|6\n|\n|t:|1700058450\n|-end|p2a: wheezy outta here|ability: Neutralizing Gas\n|switch|p2a: FRANCHISE|Cinderace, M|100\/100\n|move|p1a: Gholdengo|Nasty Plot|p1a: Gholdengo\n|-boost|p1a: Gholdengo|spa|2\n|\n|upkeep\n|turn|7\n|\n|t:|1700058466\n|switch|p1a: Great Tusk|Great Tusk|81\/100\n|move|p2a: FRANCHISE|Pyro Ball|p1a: Great Tusk|[miss]\n|-miss|p2a: FRANCHISE|p1a: Great Tusk\n|\n|upkeep\n|turn|8\n|\n|t:|1700058471\n|move|p2a: FRANCHISE|U-turn|p1a: Great Tusk\n|-start|p2a: FRANCHISE|typechange|Bug|[from] ability: Libero\n|-resisted|p1a: Great Tusk\n|-damage|p1a: Great Tusk|69\/100\n|\n|t:|1700058473\n|switch|p2a: wheezy outta here|Weezing-Galar, M, shiny|100\/100|[from] U-turn\n|-ability|p2a: wheezy outta here|Neutralizing Gas\n|-damage|p2a: wheezy outta here|88\/100|[from] Spikes\n|move|p1a: Great Tusk|Rapid Spin|p2a: wheezy outta here\n|-damage|p2a: wheezy outta here|76\/100\n|-boost|p1a: Great Tusk|spe|1\n|-damage|p1a: Great Tusk|53\/100|[from] item: Rocky Helmet|[of] p2a: wheezy outta here\n|\n|upkeep\n|turn|9\n|\n|t:|1700058486\n|move|p1a: Great Tusk|Headlong Rush|p2a: wheezy outta here\n|-supereffective|p2a: wheezy outta here\n|-damage|p2a: wheezy outta here|0 fnt\n|-unboost|p1a: Great Tusk|def|1\n|-unboost|p1a: Great Tusk|spd|1\n|-damage|p1a: Great Tusk|36\/100|[from] item: Rocky Helmet|[of] p2a: wheezy outta here\n|faint|p2a: wheezy outta here\n|-end|p2a: wheezy outta here|ability: Neutralizing Gas\n|\n|upkeep\n|\n|t:|1700058491\n|switch|p2a: N95|Greninja, M|100\/100\n|-damage|p2a: N95|88\/100|[from] Spikes\n|turn|10\n|\n|t:|1700058497\n|move|p2a: N95|Water Shuriken|p1a: Great Tusk\n|-supereffective|p1a: Great Tusk\n|-damage|p1a: Great Tusk|9\/100\n|-supereffective|p1a: Great Tusk\n|-damage|p1a: Great Tusk|0 fnt\n|faint|p1a: Great Tusk\n|-end|p1a: Great Tusk|Protosynthesis|[silent]\n|-ability|p2a: N95|Battle Bond|boost\n|-boost|p2a: N95|atk|1\n|-boost|p2a: N95|spa|1\n|-boost|p2a: N95|spe|1\n|-activate|p2a: N95|ability: Battle Bond\n|-hitcount|p1: Great Tusk|2\n|-damage|p2a: N95|78\/100|[from] item: Life Orb\n|\n|upkeep\n|inactive|xler3 has 120 seconds left.\n|\n|t:|1700058540\n|switch|p1a: Rillaboom|Rillaboom, M|100\/100\n|-fieldstart|move: Grassy Terrain|[from] ability: Grassy Surge|[of] p1a: Rillaboom\n|turn|11\n|\n|t:|1700058544\n|move|p2a: N95|Water Shuriken|p1a: Rillaboom\n|-resisted|p1a: Rillaboom\n|-damage|p1a: Rillaboom|91\/100\n|-resisted|p1a: Rillaboom\n|-damage|p1a: Rillaboom|83\/100\n|-hitcount|p1a: Rillaboom|2\n|-damage|p2a: N95|69\/100|[from] item: Life Orb\n|move|p1a: Rillaboom|Grassy Glide|p2a: N95\n|-supereffective|p2a: N95\n|-damage|p2a: N95|0 fnt\n|faint|p2a: N95\n|\n|-heal|p1a: Rillaboom|89\/100|[from] Grassy Terrain\n|upkeep\n|\n|t:|1700058571\n|switch|p2a: KIDS SEE GHOST|Dragapult, M, shiny|100\/100\n|-damage|p2a: KIDS SEE GHOST|88\/100|[from] Spikes\n|turn|12\n|\n|t:|1700058577\n|switch|p1a: Clodsire|Clodsire, F|94\/100 brn\n|move|p2a: KIDS SEE GHOST|Shadow Ball|p1a: Clodsire\n|-damage|p1a: Clodsire|69\/100 brn\n|\n|-heal|p2a: KIDS SEE GHOST|94\/100|[from] Grassy Terrain\n|-heal|p1a: Clodsire|75\/100 brn|[from] Grassy Terrain\n|-heal|p1a: Clodsire|81\/100 brn|[from] item: Leftovers\n|-damage|p1a: Clodsire|75\/100 brn|[from] brn\n|upkeep\n|turn|13\n|\n|t:|1700058589\n|switch|p2a: 5g|Thundurus-Therian, M, shiny|8\/100\n|move|p1a: Clodsire|Toxic|p2a: 5g\n|-status|p2a: 5g|tox\n|\n|-heal|p1a: Clodsire|81\/100 brn|[from] Grassy Terrain\n|-heal|p1a: Clodsire|88\/100 brn|[from] item: Leftovers\n|-damage|p2a: 5g|2\/100 tox|[from] psn\n|-damage|p1a: Clodsire|81\/100 brn|[from] brn\n|upkeep\n|turn|14\n|\n|t:|1700058599\n|move|p2a: 5g|Tera Blast|p1a: Clodsire\n|-damage|p1a: Clodsire|54\/100 brn\n|move|p1a: Clodsire|Recover|p1a: Clodsire\n|-heal|p1a: Clodsire|100\/100 brn\n|\n|-damage|p2a: 5g|0 fnt|[from] psn\n|faint|p2a: 5g\n|-damage|p1a: Clodsire|94\/100 brn|[from] brn\n|upkeep\n|\n|t:|1700058607\n|switch|p2a: november|Zamazenta|100\/100\n|-damage|p2a: november|88\/100|[from] Spikes\n|-ability|p2a: november|Dauntless Shield|boost\n|-boost|p2a: november|def|1\n|turn|15\n|\n|t:|1700058613\n|move|p2a: november|Substitute|p2a: november\n|-start|p2a: november|Substitute\n|-damage|p2a: november|63\/100\n|move|p1a: Clodsire|Toxic||[still]\n|-fail|p1a: Clodsire\n|\n|-heal|p2a: november|69\/100|[from] Grassy Terrain\n|-heal|p2a: november|75\/100|[from] item: Leftovers\n|-heal|p1a: Clodsire|100\/100 brn|[from] Grassy Terrain\n|-damage|p1a: Clodsire|94\/100 brn|[from] brn\n|-fieldend|move: Grassy Terrain\n|upkeep\n|turn|16\n|\n|t:|1700058629\n|move|p2a: november|Iron Defense|p2a: november\n|-boost|p2a: november|def|2\n|move|p1a: Clodsire|Earthquake|p2a: november\n|-activate|p2a: november|move: Substitute|[damage]\n|\n|-heal|p2a: november|82\/100|[from] item: Leftovers\n|-heal|p1a: Clodsire|100\/100 brn|[from] item: Leftovers\n|-damage|p1a: Clodsire|94\/100 brn|[from] brn\n|upkeep\n|turn|17\n|\n|t:|1700058638\n|move|p2a: november|Iron Defense|p2a: november\n|-boost|p2a: november|def|2\n|move|p1a: Clodsire|Earthquake|p2a: november\n|-activate|p2a: november|move: Substitute|[damage]\n|\n|-heal|p2a: november|88\/100|[from] item: Leftovers\n|-heal|p1a: Clodsire|100\/100 brn|[from] item: Leftovers\n|-damage|p1a: Clodsire|94\/100 brn|[from] brn\n|upkeep\n|turn|18\n|\n|t:|1700058648\n|move|p2a: november|Iron Defense|p2a: november\n|-boost|p2a: november|def|1\n|move|p1a: Clodsire|Earthquake|p2a: november\n|-end|p2a: november|Substitute\n|\n|-heal|p2a: november|94\/100|[from] item: Leftovers\n|-heal|p1a: Clodsire|100\/100 brn|[from] item: Leftovers\n|-damage|p1a: Clodsire|94\/100 brn|[from] brn\n|upkeep\n|turn|19\n|\n|t:|1700058672\n|switch|p1a: Manaphy|Manaphy|100\/100\n|move|p2a: november|Substitute|p2a: november\n|-start|p2a: november|Substitute\n|-damage|p2a: november|69\/100\n|\n|-heal|p2a: november|75\/100|[from] item: Leftovers\n|upkeep\n|turn|20\n|\n|t:|1700058688\n|move|p2a: november|Body Press|p1a: Manaphy\n|-damage|p1a: Manaphy|0 fnt\n|faint|p1a: Manaphy\n|\n|-heal|p2a: november|81\/100|[from] item: Leftovers\n|upkeep\n|\n|t:|1700058695\n|switch|p1a: Ribombee|Ribombee, M|100\/100\n|turn|21\n|\n|t:|1700058708\n|move|p2a: november|Body Press|p1a: Ribombee\n|-resisted|p1a: Ribombee\n|-damage|p1a: Ribombee|31\/100\n|move|p1a: Ribombee|Moonblast|p2a: november\n|-supereffective|p2a: november\n|-end|p2a: november|Substitute\n|\n|-heal|p2a: november|88\/100|[from] item: Leftovers\n|upkeep\n|turn|22\n|\n|t:|1700058721\n|-terastallize|p1a: Ribombee|Ghost\n|move|p2a: november|Body Press|p1a: Ribombee\n|-immune|p1a: Ribombee\n|move|p1a: Ribombee|Moonblast|p2a: november\n|-supereffective|p2a: november\n|-damage|p2a: november|26\/100\n|-unboost|p2a: november|spa|1\n|\n|-heal|p2a: november|32\/100|[from] item: Leftovers\n|upkeep\n|turn|23\n|\n|t:|1700058731\n|move|p2a: november|Crunch|p1a: Ribombee\n|-supereffective|p1a: Ribombee\n|-damage|p1a: Ribombee|0 fnt\n|faint|p1a: Ribombee\n|\n|-heal|p2a: november|38\/100|[from] item: Leftovers\n|upkeep\n|\n|t:|1700058740\n|switch|p1a: Gholdengo|Gholdengo|86\/100\n|turn|24\n|\n|t:|1700058752\n|move|p2a: november|Crunch|p1a: Gholdengo\n|-supereffective|p1a: Gholdengo\n|-damage|p1a: Gholdengo|44\/100\n|move|p1a: Gholdengo|Shadow Ball|p2a: november\n|-damage|p2a: november|0 fnt\n|faint|p2a: november\n|\n|upkeep\n|\n|t:|1700058755\n|switch|p2a: FRANCHISE|Cinderace, M|100\/100\n|turn|25\n|\n|t:|1700058764\n|move|p2a: FRANCHISE|Pyro Ball|p1a: Gholdengo\n|-supereffective|p1a: Gholdengo\n|-damage|p1a: Gholdengo|0 fnt\n|faint|p1a: Gholdengo\n|\n|upkeep\n|inactive|xler3 has 120 seconds left.\n|\n|t:|1700058802\n|switch|p1a: Clodsire|Clodsire, F|94\/100 brn\n|turn|26\n|\n|t:|1700058808\n|move|p2a: FRANCHISE|Pyro Ball|p1a: Clodsire\n|-damage|p1a: Clodsire|32\/100 brn\n|move|p1a: Clodsire|Earthquake|p2a: FRANCHISE\n|-supereffective|p2a: FRANCHISE\n|-crit|p2a: FRANCHISE\n|-damage|p2a: FRANCHISE|44\/100\n|\n|-heal|p1a: Clodsire|38\/100 brn|[from] item: Leftovers\n|-damage|p1a: Clodsire|32\/100 brn|[from] brn\n|upkeep\n|turn|27\n|inactive|xler3 has 120 seconds left.\n|\n|t:|1700058824\n|move|p2a: FRANCHISE|Pyro Ball|p1a: Clodsire\n|-damage|p1a: Clodsire|0 fnt\n|faint|p1a: Clodsire\n|\n|upkeep\n|-message|xler3 forfeited.\n|\n|win|littensalt\n|raw|xler3's rating: 1318 &rarr; <strong>1300<\/strong><br \/>(-18 for losing)\n|raw|littensalt's rating: 1354 &rarr; <strong>1372<\/strong><br \/>(+18 for winning)\n|l|\u2606xler3\n","uploadtime":1700058837,"views":6,"p1id":"xler3","p2id":"littensalt","formatid":"gen9ou","rating":1300,"private":0,"password":""}