{"id":"gen9ou-1992347016","p1":"PLAYB0I R0BBIE B","p2":"spicybwoi","format":"[Gen 9] OU","log":"|j|\u2606PLAYB0I R0BBIE B\n|j|\u2606spicybwoi\n|t:|1700177159\n|gametype|singles\n|player|p1|PLAYB0I R0BBIE B|eusine|1313\n|player|p2|spicybwoi|169|1300\n|teamsize|p1|6\n|teamsize|p2|6\n|gen|9\n|tier|[Gen 9] OU\n|rated|\n|rule|Sleep Clause Mod: Limit one foe put to sleep\n|rule|Species Clause: Limit one of each Pok\u00e9mon\n|rule|OHKO Clause: OHKO moves are banned\n|rule|Evasion Items Clause: Evasion items are banned\n|rule|Evasion Moves Clause: Evasion moves are banned\n|rule|Endless Battle Clause: Forcing endless battles is banned\n|rule|HP Percentage Mod: HP is shown in percentages\n|clearpoke\n|poke|p1|Meowscarada, F|\n|poke|p1|Thundurus-Therian, M|\n|poke|p1|Dragapult, F|\n|poke|p1|Heatran, F|\n|poke|p1|Great Tusk|\n|poke|p1|Iron Valiant|\n|poke|p2|Kingambit, M|\n|poke|p2|Glimmora, F|\n|poke|p2|Zamazenta-*|\n|poke|p2|Iron Valiant|\n|poke|p2|Iron Moth|\n|poke|p2|Ogerpon-Wellspring, F|\n|teampreview\n|inactive|Battle timer is ON: inactive players will automatically lose when time's up. (requested by spicybwoi)\n|\n|t:|1700177168\n|start\n|switch|p1a: ASTROTHUNDER|Thundurus-Therian, M|100\/100\n|switch|p2a: Iron Valiant|Iron Valiant|100\/100\n|-enditem|p2a: Iron Valiant|Booster Energy\n|-activate|p2a: Iron Valiant|ability: Quark Drive|[fromitem]\n|-start|p2a: Iron Valiant|quarkdrivespe\n|turn|1\n|\n|t:|1700177173\n|move|p2a: Iron Valiant|Moonblast|p1a: ASTROTHUNDER\n|-damage|p1a: ASTROTHUNDER|31\/100\n|move|p1a: ASTROTHUNDER|Volt Switch|p2a: Iron Valiant\n|-damage|p2a: Iron Valiant|4\/100\n|\n|t:|1700177198\n|switch|p1a: NC-17|Iron Valiant|100\/100|[from] Volt Switch\n|-enditem|p1a: NC-17|Booster Energy\n|-activate|p1a: NC-17|ability: Quark Drive|[fromitem]\n|-start|p1a: NC-17|quarkdrivespe\n|\n|upkeep\n|turn|2\n|\n|t:|1700177211\n|move|p1a: NC-17|Moonblast|p2a: Iron Valiant\n|-supereffective|p2a: Iron Valiant\n|-damage|p2a: Iron Valiant|0 fnt\n|faint|p2a: Iron Valiant\n|-end|p2a: Iron Valiant|Quark Drive|[silent]\n|\n|upkeep\n|\n|t:|1700177219\n|switch|p2a: Ogerpon|Ogerpon-Wellspring, F|100\/100\n|turn|3\n|\n|t:|1700177222\n|move|p1a: NC-17|Moonblast|p2a: Ogerpon\n|-damage|p2a: Ogerpon|49\/100\n|-unboost|p2a: Ogerpon|spa|1\n|move|p2a: Ogerpon|Ivy Cudgel|p1a: NC-17|[anim] Ivy Cudgel Water\n|-damage|p1a: NC-17|23\/100\n|\n|upkeep\n|turn|4\n|\n|t:|1700177229\n|-terastallize|p2a: Ogerpon|Water\n|detailschange|p2a: Ogerpon|Ogerpon-Wellspring-Tera, F, tera:Water\n|-ability|p2a: Ogerpon|Embody Aspect (Wellspring)|boost\n|-boost|p2a: Ogerpon|spd|1\n|move|p1a: NC-17|Moonblast|p2a: Ogerpon\n|-damage|p2a: Ogerpon|14\/100\n|move|p2a: Ogerpon|Ivy Cudgel|p1a: NC-17|[anim] Ivy Cudgel Water\n|-damage|p1a: NC-17|0 fnt\n|faint|p1a: NC-17\n|-end|p1a: NC-17|Quark Drive|[silent]\n|\n|upkeep\n|\n|t:|1700177237\n|switch|p1a: SICKO MODE|Meowscarada, F|100\/100\n|turn|5\n|\n|t:|1700177250\n|switch|p2a: Iron Moth|Iron Moth|100\/100\n|-enditem|p2a: Iron Moth|Booster Energy\n|-activate|p2a: Iron Moth|ability: Quark Drive|[fromitem]\n|-start|p2a: Iron Moth|quarkdrivespe\n|move|p1a: SICKO MODE|U-turn|p2a: Iron Moth\n|-start|p1a: SICKO MODE|typechange|Bug|[from] ability: Protean\n|-resisted|p2a: Iron Moth\n|-crit|p2a: Iron Moth\n|-damage|p2a: Iron Moth|74\/100\n|\n|t:|1700177255\n|switch|p1a: 5% TINT|Heatran, F|100\/100|[from] U-turn\n|-item|p1a: 5% TINT|Air Balloon\n|\n|upkeep\n|turn|6\n|\n|t:|1700177264\n|-end|p2a: Iron Moth|Quark Drive|[silent]\n|switch|p2a: Glimmora|Glimmora, F|100\/100\n|move|p1a: 5% TINT|Earth Power|p2a: Glimmora\n|-supereffective|p2a: Glimmora\n|-crit|p2a: Glimmora\n|-enditem|p2a: Glimmora|Focus Sash\n|-damage|p2a: Glimmora|1\/100\n|\n|upkeep\n|turn|7\n|\n|t:|1700177269\n|move|p2a: Glimmora|Stealth Rock|p1a: 5% TINT\n|-sidestart|p1: PLAYB0I R0BBIE B|move: Stealth Rock\n|move|p1a: 5% TINT|Earth Power|p2a: Glimmora\n|-supereffective|p2a: Glimmora\n|-damage|p2a: Glimmora|0 fnt\n|faint|p2a: Glimmora\n|\n|upkeep\n|\n|t:|1700177272\n|switch|p2a: Ogerpon|Ogerpon-Wellspring-Tera, F, tera:Water|14\/100\n|-ability|p2a: Ogerpon|Embody Aspect (Wellspring)|boost\n|-boost|p2a: Ogerpon|spd|1\n|turn|8\n|\n|t:|1700177281\n|switch|p1a: YOSEMITE|Great Tusk|100\/100\n|move|p2a: Ogerpon|Ivy Cudgel|p1a: YOSEMITE|[anim] Ivy Cudgel Water\n|-supereffective|p1a: YOSEMITE\n|-damage|p1a: YOSEMITE|0 fnt\n|faint|p1a: YOSEMITE\n|-end|p1a: YOSEMITE|Protosynthesis|[silent]\n|\n|upkeep\n|\n|t:|1700177284\n|switch|p1a: SICKO MODE|Meowscarada, F|100\/100\n|-damage|p1a: SICKO MODE|88\/100|[from] Stealth Rock\n|turn|9\n|\n|t:|1700177287\n|move|p1a: SICKO MODE|U-turn|p2a: Ogerpon\n|-start|p1a: SICKO MODE|typechange|Bug|[from] ability: Protean\n|-damage|p2a: Ogerpon|0 fnt\n|faint|p2a: Ogerpon\n|\n|t:|1700177297\n|switch|p1a: ASTROTHUNDER|Thundurus-Therian, M|31\/100|[from] U-turn\n|-damage|p1a: ASTROTHUNDER|6\/100|[from] Stealth Rock\n|\n|upkeep\n|\n|t:|1700177306\n|switch|p2a: Iron Moth|Iron Moth|74\/100\n|turn|10\n|\n|t:|1700177311\n|move|p2a: Iron Moth|Fiery Dance|p1a: ASTROTHUNDER\n|-damage|p1a: ASTROTHUNDER|0 fnt\n|-boost|p2a: Iron Moth|spa|1\n|faint|p1a: ASTROTHUNDER\n|\n|upkeep\n|\n|t:|1700177316\n|switch|p1a: 5% TINT|Heatran, F|100\/100\n|-damage|p1a: 5% TINT|88\/100|[from] Stealth Rock\n|-item|p1a: 5% TINT|Air Balloon\n|turn|11\n|\n|t:|1700177320\n|move|p2a: Iron Moth|Dazzling Gleam|p1a: 5% TINT\n|-resisted|p1a: 5% TINT\n|-damage|p1a: 5% TINT|78\/100\n|-enditem|p1a: 5% TINT|Air Balloon\n|move|p1a: 5% TINT|Magma Storm|p2a: Iron Moth\n|-resisted|p2a: Iron Moth\n|-damage|p2a: Iron Moth|48\/100\n|-activate|p2a: Iron Moth|move: Magma Storm|[of] p1a: 5% TINT\n|\n|-damage|p2a: Iron Moth|35\/100|[from] move: Magma Storm|[partiallytrapped]\n|upkeep\n|turn|12\n|\n|t:|1700177325\n|move|p2a: Iron Moth|Dazzling Gleam|p1a: 5% TINT\n|-resisted|p1a: 5% TINT\n|-damage|p1a: 5% TINT|69\/100\n|move|p1a: 5% TINT|Earth Power|p2a: Iron Moth\n|-supereffective|p2a: Iron Moth\n|-damage|p2a: Iron Moth|0 fnt\n|faint|p2a: Iron Moth\n|-end|p2a: Iron Moth|Quark Drive|[silent]\n|\n|upkeep\n|\n|t:|1700177327\n|switch|p2a: Zamazenta|Zamazenta, shiny|100\/100\n|-ability|p2a: Zamazenta|Dauntless Shield|boost\n|-boost|p2a: Zamazenta|def|1\n|turn|13\n|\n|t:|1700177336\n|switch|p1a: NO BYSTANDERS|Dragapult, F|100\/100\n|move|p2a: Zamazenta|Crunch|p1a: NO BYSTANDERS\n|-supereffective|p1a: NO BYSTANDERS\n|-damage|p1a: NO BYSTANDERS|17\/100\n|\n|upkeep\n|turn|14\n|\n|t:|1700177345\n|move|p1a: NO BYSTANDERS|Thunder Wave|p2a: Zamazenta|[miss]\n|-miss|p1a: NO BYSTANDERS|p2a: Zamazenta\n|move|p2a: Zamazenta|Crunch|p1a: NO BYSTANDERS\n|-supereffective|p1a: NO BYSTANDERS\n|-damage|p1a: NO BYSTANDERS|0 fnt\n|faint|p1a: NO BYSTANDERS\n|\n|upkeep\n|\n|t:|1700177351\n|switch|p1a: SICKO MODE|Meowscarada, F|88\/100\n|-damage|p1a: SICKO MODE|76\/100|[from] Stealth Rock\n|turn|15\n|\n|t:|1700177354\n|-terastallize|p1a: SICKO MODE|Grass\n|move|p2a: Zamazenta|Body Press|p1a: SICKO MODE\n|-damage|p1a: SICKO MODE|0 fnt\n|faint|p1a: SICKO MODE\n|\n|upkeep\n|\n|t:|1700177357\n|switch|p1a: 5% TINT|Heatran, F|69\/100\n|-damage|p1a: 5% TINT|57\/100|[from] Stealth Rock\n|turn|16\n|\n|t:|1700177361\n|move|p2a: Zamazenta|Body Press|p1a: 5% TINT\n|-supereffective|p1a: 5% TINT\n|-damage|p1a: 5% TINT|0 fnt\n|faint|p1a: 5% TINT\n|\n|win|spicybwoi\n|raw|PLAYB0I R0BBIE B's rating: 1313 &rarr; <strong>1292<\/strong><br \/>(-21 for losing)\n|raw|spicybwoi's rating: 1300 &rarr; <strong>1326<\/strong><br \/>(+26 for winning)\n|l|\u2606spicybwoi\n","uploadtime":1700177368,"views":22,"p1id":"playb0ir0bbieb","p2id":"spicybwoi","formatid":"gen9ou","rating":1292,"private":0,"password":""}