{"id":"gen9ou-1990050893","p1":"Ill Kennedy Yall","p2":"Lord of Fuckery","format":"[Gen 9] OU","log":"|j|\u2606Ill Kennedy Yall\n|j|\u2606Lord of Fuckery\n|t:|1699919240\n|gametype|singles\n|player|p1|Ill Kennedy Yall|galacticgrunt|1559\n|player|p2|Lord of Fuckery|emmet|1643\n|teamsize|p1|6\n|teamsize|p2|6\n|gen|9\n|tier|[Gen 9] OU\n|rated|\n|rule|Sleep Clause Mod: Limit one foe put to sleep\n|rule|Species Clause: Limit one of each Pok\u00e9mon\n|rule|OHKO Clause: OHKO moves are banned\n|rule|Evasion Items Clause: Evasion items are banned\n|rule|Evasion Moves Clause: Evasion moves are banned\n|rule|Endless Battle Clause: Forcing endless battles is banned\n|rule|HP Percentage Mod: HP is shown in percentages\n|clearpoke\n|poke|p1|Samurott-Hisui, M|\n|poke|p1|Gholdengo|\n|poke|p1|Ceruledge, F|\n|poke|p1|Rillaboom, F|\n|poke|p1|Zamazenta-*|\n|poke|p1|Great Tusk|\n|poke|p2|Ninetales-Alola, F|\n|poke|p2|Dragonite, F|\n|poke|p2|Great Tusk|\n|poke|p2|Weavile, M|\n|poke|p2|Hatterene, F|\n|poke|p2|Ogerpon-Cornerstone, F|\n|teampreview\n|\n|t:|1699919266\n|start\n|switch|p1a: Gholdengo|Gholdengo|100\/100\n|switch|p2a: Ogerpon|Ogerpon-Cornerstone, F|100\/100\n|turn|1\n|\n|t:|1699919272\n|move|p1a: Gholdengo|Make It Rain|p2a: Ogerpon\n|-supereffective|p2a: Ogerpon\n|-ability|p2a: Ogerpon|Sturdy\n|-damage|p2a: Ogerpon|1\/100\n|-unboost|p1a: Gholdengo|spa|1\n|move|p2a: Ogerpon|Knock Off|p1a: Gholdengo\n|-supereffective|p1a: Gholdengo\n|-damage|p1a: Gholdengo|7\/100\n|-enditem|p1a: Gholdengo|Choice Scarf|[from] move: Knock Off|[of] p2a: Ogerpon\n|\n|upkeep\n|turn|2\n|j| fropop\n|inactive|Battle timer is ON: inactive players will automatically lose when time's up. (requested by Lord of Fuckery)\n|\n|t:|1699919292\n|move|p2a: Ogerpon|Trailblaze|p1a: Gholdengo\n|-resisted|p1a: Gholdengo\n|-damage|p1a: Gholdengo|0 fnt\n|-boost|p2a: Ogerpon|spe|1\n|faint|p1a: Gholdengo\n|\n|upkeep\n|\n|t:|1699919298\n|switch|p1a: Rillaboom|Rillaboom, F|100\/100\n|-fieldstart|move: Grassy Terrain|[from] ability: Grassy Surge|[of] p1a: Rillaboom\n|turn|3\n|\n|t:|1699919304\n|move|p1a: Rillaboom|Grassy Glide|p2a: Ogerpon\n|-damage|p2a: Ogerpon|0 fnt\n|faint|p2a: Ogerpon\n|-damage|p1a: Rillaboom|91\/100|[from] item: Life Orb\n|\n|-heal|p1a: Rillaboom|97\/100|[from] Grassy Terrain\n|upkeep\n|\n|t:|1699919306\n|switch|p2a: Hatterene|Hatterene, F|100\/100\n|turn|4\n|\n|t:|1699919312\n|move|p1a: Rillaboom|Grassy Glide|p2a: Hatterene\n|-damage|p2a: Hatterene|58\/100\n|-damage|p1a: Rillaboom|87\/100|[from] item: Life Orb\n|move|p2a: Hatterene|Nuzzle|p1a: Rillaboom\n|-resisted|p1a: Rillaboom\n|-damage|p1a: Rillaboom|84\/100\n|-status|p1a: Rillaboom|par\n|\n|-heal|p1a: Rillaboom|91\/100 par|[from] Grassy Terrain\n|-heal|p2a: Hatterene|64\/100|[from] Grassy Terrain\n|-heal|p2a: Hatterene|70\/100|[from] item: Leftovers\n|upkeep\n|turn|5\n|\n|t:|1699919316\n|cant|p1a: Rillaboom|par\n|move|p2a: Hatterene|Draining Kiss|p1a: Rillaboom\n|-damage|p1a: Rillaboom|61\/100 par\n|-heal|p2a: Hatterene|95\/100|[from] drain|[of] p1a: Rillaboom\n|\n|-heal|p1a: Rillaboom|67\/100 par|[from] Grassy Terrain\n|-heal|p2a: Hatterene|100\/100|[from] Grassy Terrain\n|upkeep\n|turn|6\n|\n|t:|1699919320\n|switch|p1a: Ceruledge|Ceruledge, F|100\/100\n|move|p2a: Hatterene|Draining Kiss|p1a: Ceruledge\n|-resisted|p1a: Ceruledge\n|-damage|p1a: Ceruledge|87\/100\n|\n|-heal|p1a: Ceruledge|93\/100|[from] Grassy Terrain\n|upkeep\n|turn|7\n|\n|t:|1699919324\n|move|p1a: Ceruledge|Bitter Blade|p2a: Hatterene\n|-damage|p2a: Hatterene|65\/100\n|-heal|p1a: Ceruledge|100\/100|[from] drain|[of] p2a: Hatterene\n|move|p2a: Hatterene|Nuzzle|p1a: Ceruledge\n|-damage|p1a: Ceruledge|95\/100\n|-status|p1a: Ceruledge|par\n|-ability|p1a: Ceruledge|Weak Armor|boost\n|-unboost|p1a: Ceruledge|def|1\n|-boost|p1a: Ceruledge|spe|2\n|\n|-heal|p1a: Ceruledge|100\/100 par|[from] Grassy Terrain\n|-heal|p2a: Hatterene|71\/100|[from] Grassy Terrain\n|-heal|p2a: Hatterene|77\/100|[from] item: Leftovers\n|-fieldend|move: Grassy Terrain\n|upkeep\n|turn|8\n|\n|t:|1699919335\n|switch|p2a: Dragonite|Dragonite, F|100\/100\n|move|p1a: Ceruledge|Swords Dance|p1a: Ceruledge\n|-boost|p1a: Ceruledge|atk|2\n|\n|upkeep\n|turn|9\n|\n|t:|1699919341\n|move|p1a: Ceruledge|Bitter Blade|p2a: Dragonite\n|-resisted|p2a: Dragonite\n|-damage|p2a: Dragonite|76\/100\n|move|p2a: Dragonite|Dragon Dance|p2a: Dragonite\n|-boost|p2a: Dragonite|atk|1\n|-boost|p2a: Dragonite|spe|1\n|\n|upkeep\n|turn|10\n|\n|t:|1699919345\n|move|p2a: Dragonite|Hurricane|p1a: Ceruledge\n|-damage|p1a: Ceruledge|58\/100 par\n|move|p1a: Ceruledge|Bitter Blade|p2a: Dragonite\n|-resisted|p2a: Dragonite\n|-damage|p2a: Dragonite|28\/100\n|-heal|p1a: Ceruledge|85\/100 par|[from] drain|[of] p2a: Dragonite\n|\n|upkeep\n|turn|11\n|j| lgang007\n|\n|t:|1699919352\n|move|p1a: Ceruledge|Shadow Sneak|p2a: Dragonite\n|-damage|p2a: Dragonite|0 fnt\n|faint|p2a: Dragonite\n|\n|upkeep\n|\n|t:|1699919354\n|switch|p2a: Great Tusk|Great Tusk, shiny|100\/100\n|-enditem|p2a: Great Tusk|Booster Energy\n|-activate|p2a: Great Tusk|ability: Protosynthesis|[fromitem]\n|-start|p2a: Great Tusk|protosynthesisspe\n|turn|12\n|\n|t:|1699919363\n|switch|p1a: Zamazenta|Zamazenta|100\/100\n|-ability|p1a: Zamazenta|Dauntless Shield|boost\n|-boost|p1a: Zamazenta|def|1\n|move|p2a: Great Tusk|Bulk Up|p2a: Great Tusk\n|-boost|p2a: Great Tusk|atk|1\n|-boost|p2a: Great Tusk|def|1\n|\n|upkeep\n|turn|13\n|\n|t:|1699919372\n|-end|p2a: Great Tusk|Protosynthesis|[silent]\n|switch|p2a: Hatterene|Hatterene, F|77\/100\n|move|p1a: Zamazenta|Iron Defense|p1a: Zamazenta\n|-boost|p1a: Zamazenta|def|2\n|\n|-heal|p2a: Hatterene|83\/100|[from] item: Leftovers\n|upkeep\n|turn|14\n|\n|t:|1699919376\n|-terastallize|p1a: Zamazenta|Fire\n|move|p1a: Zamazenta|Heavy Slam|p2a: Hatterene\n|-supereffective|p2a: Hatterene\n|-damage|p2a: Hatterene|26\/100\n|move|p2a: Hatterene|Nuzzle|p1a: Zamazenta\n|-damage|p1a: Zamazenta|99\/100\n|-status|p1a: Zamazenta|par\n|\n|-heal|p1a: Zamazenta|100\/100 par|[from] item: Leftovers\n|-heal|p2a: Hatterene|33\/100|[from] item: Leftovers\n|upkeep\n|turn|15\n|\n|t:|1699919383\n|cant|p1a: Zamazenta|par\n|move|p2a: Hatterene|Draining Kiss|p1a: Zamazenta\n|-resisted|p1a: Zamazenta\n|-damage|p1a: Zamazenta|90\/100 par\n|-heal|p2a: Hatterene|41\/100|[from] drain|[of] p1a: Zamazenta\n|\n|-heal|p1a: Zamazenta|96\/100 par|[from] item: Leftovers\n|-heal|p2a: Hatterene|47\/100|[from] item: Leftovers\n|upkeep\n|turn|16\n|\n|t:|1699919386\n|cant|p1a: Zamazenta|par\n|move|p2a: Hatterene|Calm Mind|p2a: Hatterene\n|-boost|p2a: Hatterene|spa|1\n|-boost|p2a: Hatterene|spd|1\n|\n|-heal|p1a: Zamazenta|100\/100 par|[from] item: Leftovers\n|-heal|p2a: Hatterene|54\/100|[from] item: Leftovers\n|upkeep\n|turn|17\n|\n|t:|1699919388\n|cant|p1a: Zamazenta|par\n|move|p2a: Hatterene|Draining Kiss|p1a: Zamazenta\n|-resisted|p1a: Zamazenta\n|-damage|p1a: Zamazenta|84\/100 par\n|-heal|p2a: Hatterene|66\/100|[from] drain|[of] p1a: Zamazenta\n|\n|-heal|p1a: Zamazenta|91\/100 par|[from] item: Leftovers\n|-heal|p2a: Hatterene|73\/100|[from] item: Leftovers\n|upkeep\n|turn|18\n|\n|t:|1699919390\n|move|p1a: Zamazenta|Heavy Slam|p2a: Hatterene\n|-supereffective|p2a: Hatterene\n|-damage|p2a: Hatterene|21\/100\n|move|p2a: Hatterene|Draining Kiss|p1a: Zamazenta\n|-resisted|p1a: Zamazenta\n|-damage|p1a: Zamazenta|75\/100 par\n|-heal|p2a: Hatterene|33\/100|[from] drain|[of] p1a: Zamazenta\n|\n|-heal|p1a: Zamazenta|81\/100 par|[from] item: Leftovers\n|-heal|p2a: Hatterene|40\/100|[from] item: Leftovers\n|upkeep\n|turn|19\n|\n|t:|1699919392\n|cant|p1a: Zamazenta|par\n|move|p2a: Hatterene|Draining Kiss|p1a: Zamazenta\n|-resisted|p1a: Zamazenta\n|-damage|p1a: Zamazenta|66\/100 par\n|-heal|p2a: Hatterene|52\/100|[from] drain|[of] p1a: Zamazenta\n|\n|-heal|p1a: Zamazenta|72\/100 par|[from] item: Leftovers\n|-heal|p2a: Hatterene|58\/100|[from] item: Leftovers\n|upkeep\n|turn|20\n|\n|t:|1699919394\n|cant|p1a: Zamazenta|par\n|move|p2a: Hatterene|Draining Kiss|p1a: Zamazenta\n|-resisted|p1a: Zamazenta\n|-damage|p1a: Zamazenta|55\/100 par\n|-heal|p2a: Hatterene|72\/100|[from] drain|[of] p1a: Zamazenta\n|\n|-heal|p1a: Zamazenta|61\/100 par|[from] item: Leftovers\n|-heal|p2a: Hatterene|78\/100|[from] item: Leftovers\n|upkeep\n|turn|21\n|\n|t:|1699919396\n|cant|p1a: Zamazenta|par\n|move|p2a: Hatterene|Draining Kiss|p1a: Zamazenta\n|-resisted|p1a: Zamazenta\n|-damage|p1a: Zamazenta|46\/100 par\n|-heal|p2a: Hatterene|90\/100|[from] drain|[of] p1a: Zamazenta\n|\n|-heal|p1a: Zamazenta|52\/100 par|[from] item: Leftovers\n|-heal|p2a: Hatterene|97\/100|[from] item: Leftovers\n|upkeep\n|turn|22\n|\n|t:|1699919399\n|cant|p1a: Zamazenta|par\n|move|p2a: Hatterene|Draining Kiss|p1a: Zamazenta\n|-resisted|p1a: Zamazenta\n|-damage|p1a: Zamazenta|36\/100 par\n|-heal|p2a: Hatterene|100\/100|[from] drain|[of] p1a: Zamazenta\n|\n|-heal|p1a: Zamazenta|42\/100 par|[from] item: Leftovers\n|upkeep\n|turn|23\n|c|\u2606Lord of Fuckery|Jesus lmfao\n|c|\u2606Lord of Fuckery|Your dogs neck is broken\n|\n|t:|1699919416\n|move|p1a: Zamazenta|Heavy Slam|p2a: Hatterene\n|-supereffective|p2a: Hatterene\n|-damage|p2a: Hatterene|47\/100\n|move|p2a: Hatterene|Calm Mind|p2a: Hatterene\n|-boost|p2a: Hatterene|spa|1\n|-boost|p2a: Hatterene|spd|1\n|\n|-heal|p1a: Zamazenta|48\/100 par|[from] item: Leftovers\n|-heal|p2a: Hatterene|53\/100|[from] item: Leftovers\n|upkeep\n|turn|24\n|\n|t:|1699919421\n|move|p1a: Zamazenta|Heavy Slam|p2a: Hatterene\n|-supereffective|p2a: Hatterene\n|-damage|p2a: Hatterene|0 fnt\n|faint|p2a: Hatterene\n|\n|-heal|p1a: Zamazenta|55\/100 par|[from] item: Leftovers\n|upkeep\n|\n|t:|1699919428\n|switch|p2a: Great Tusk|Great Tusk, shiny|100\/100\n|turn|25\n|\n|t:|1699919435\n|move|p2a: Great Tusk|Bulk Up|p2a: Great Tusk\n|-boost|p2a: Great Tusk|atk|1\n|-boost|p2a: Great Tusk|def|1\n|move|p1a: Zamazenta|Body Press|p2a: Great Tusk\n|-damage|p2a: Great Tusk|60\/100\n|\n|-heal|p1a: Zamazenta|61\/100 par|[from] item: Leftovers\n|upkeep\n|turn|26\n|\n|t:|1699919439\n|move|p2a: Great Tusk|Bulk Up|p2a: Great Tusk\n|-boost|p2a: Great Tusk|atk|1\n|-boost|p2a: Great Tusk|def|1\n|move|p1a: Zamazenta|Iron Defense|p1a: Zamazenta\n|-boost|p1a: Zamazenta|def|2\n|\n|-heal|p1a: Zamazenta|67\/100 par|[from] item: Leftovers\n|upkeep\n|turn|27\n|\n|t:|1699919443\n|move|p2a: Great Tusk|Headlong Rush|p1a: Zamazenta\n|-supereffective|p1a: Zamazenta\n|-damage|p1a: Zamazenta|24\/100 par\n|-unboost|p2a: Great Tusk|def|1\n|-unboost|p2a: Great Tusk|spd|1\n|move|p1a: Zamazenta|Body Press|p2a: Great Tusk\n|-damage|p2a: Great Tusk|3\/100\n|\n|-heal|p1a: Zamazenta|30\/100 par|[from] item: Leftovers\n|upkeep\n|turn|28\n|\n|t:|1699919451\n|move|p2a: Great Tusk|Headlong Rush|p1a: Zamazenta\n|-supereffective|p1a: Zamazenta\n|-crit|p1a: Zamazenta\n|-damage|p1a: Zamazenta|0 fnt\n|-unboost|p2a: Great Tusk|def|1\n|-unboost|p2a: Great Tusk|spd|1\n|faint|p1a: Zamazenta\n|\n|upkeep\n|\n|t:|1699919456\n|switch|p1a: Rillaboom|Rillaboom, F|67\/100 par\n|-fieldstart|move: Grassy Terrain|[from] ability: Grassy Surge|[of] p1a: Rillaboom\n|turn|29\n|\n|t:|1699919461\n|move|p1a: Rillaboom|Grassy Glide|p2a: Great Tusk\n|-supereffective|p2a: Great Tusk\n|-damage|p2a: Great Tusk|0 fnt\n|faint|p2a: Great Tusk\n|-end|p2a: Great Tusk|Protosynthesis|[silent]\n|-damage|p1a: Rillaboom|57\/100 par|[from] item: Life Orb\n|\n|-heal|p1a: Rillaboom|64\/100 par|[from] Grassy Terrain\n|upkeep\n|\n|t:|1699919462\n|switch|p2a: Ninetales|Ninetales-Alola, F|100\/100\n|-weather|Snow|[from] ability: Snow Warning|[of] p2a: Ninetales\n|turn|30\n|\n|t:|1699919483\n|move|p1a: Rillaboom|Grassy Glide|p2a: Ninetales\n|-damage|p2a: Ninetales|54\/100\n|-damage|p1a: Rillaboom|54\/100 par|[from] item: Life Orb\n|move|p2a: Ninetales|Aurora Veil|p2a: Ninetales\n|-sidestart|p2: Lord of Fuckery|move: Aurora Veil\n|\n|-weather|Snow|[upkeep]\n|-heal|p2a: Ninetales|60\/100|[from] Grassy Terrain\n|-heal|p1a: Rillaboom|60\/100 par|[from] Grassy Terrain\n|upkeep\n|turn|31\n|\n|t:|1699919489\n|switch|p1a: Ceruledge|Ceruledge, F|85\/100 par\n|move|p2a: Ninetales|Freeze-Dry|p1a: Ceruledge\n|-resisted|p1a: Ceruledge\n|-crit|p1a: Ceruledge\n|-damage|p1a: Ceruledge|62\/100 par\n|\n|-weather|Snow|[upkeep]\n|-heal|p2a: Ninetales|66\/100|[from] Grassy Terrain\n|-heal|p1a: Ceruledge|68\/100 par|[from] Grassy Terrain\n|upkeep\n|turn|32\n|\n|t:|1699919492\n|switch|p2a: Weavile|Weavile, M|100\/100\n|-ability|p2a: Weavile|Pressure\n|move|p1a: Ceruledge|Bitter Blade|p2a: Weavile\n|-supereffective|p2a: Weavile\n|-crit|p2a: Weavile\n|-damage|p2a: Weavile|0 fnt\n|-heal|p1a: Ceruledge|100\/100 par|[from] drain|[of] p2a: Weavile\n|faint|p2a: Weavile\n|\n|-weather|Snow|[upkeep]\n|upkeep\n|-message|Lord of Fuckery forfeited.\n|\n|win|Ill Kennedy Yall\n|raw|Ill Kennedy Yall's rating: 1559 &rarr; <strong>1584<\/strong><br \/>(+25 for winning)\n|raw|Lord of Fuckery's rating: 1643 &rarr; <strong>1618<\/strong><br \/>(-25 for losing)\n|l|\u2606Lord of Fuckery\n","uploadtime":1699919508,"views":13,"p1id":"illkennedyyall","p2id":"lordoffuckery","formatid":"gen9ou","rating":1584,"private":0,"password":""}