{"id":"gen9ou-1990972294","p1":"wooloo supremacy","p2":"tekken_is_life","format":"[Gen 9] OU","log":"|j|\u2606wooloo supremacy\n|j|\u2606tekken_is_life\n|t:|1700021658\n|gametype|singles\n|player|p1|wooloo supremacy|adaman|1739\n|player|p2|tekken_is_life|riley|1698\n|teamsize|p1|6\n|teamsize|p2|6\n|gen|9\n|tier|[Gen 9] OU\n|rated|\n|rule|Sleep Clause Mod: Limit one foe put to sleep\n|rule|Species Clause: Limit one of each Pok\u00e9mon\n|rule|OHKO Clause: OHKO moves are banned\n|rule|Evasion Items Clause: Evasion items are banned\n|rule|Evasion Moves Clause: Evasion moves are banned\n|rule|Endless Battle Clause: Forcing endless battles is banned\n|rule|HP Percentage Mod: HP is shown in percentages\n|clearpoke\n|poke|p1|Great Tusk|\n|poke|p1|Hatterene, F|\n|poke|p1|Dondozo, F|\n|poke|p1|Mandibuzz, F|\n|poke|p1|Heatran, F|\n|poke|p1|Dragapult, M|\n|poke|p2|Regidrago|\n|poke|p2|Grimmsnarl, M|\n|poke|p2|Enamorus, F|\n|poke|p2|Iron Moth|\n|poke|p2|Great Tusk|\n|poke|p2|Ogerpon-Cornerstone, F|\n|teampreview\n|inactive|Battle timer is ON: inactive players will automatically lose when time's up. (requested by wooloo supremacy)\n|\n|t:|1700021677\n|start\n|switch|p1a: Hatterene|Hatterene, F|100\/100\n|switch|p2a: Ogerpon|Ogerpon-Cornerstone, F|100\/100\n|turn|1\n|\n|t:|1700021681\n|move|p2a: Ogerpon|Ivy Cudgel|p1a: Hatterene|[anim] Ivy Cudgel Rock\n|-damage|p1a: Hatterene|48\/100\n|move|p1a: Hatterene|Nuzzle|p2a: Ogerpon\n|-resisted|p2a: Ogerpon\n|-damage|p2a: Ogerpon|98\/100\n|-status|p2a: Ogerpon|par\n|\n|-heal|p1a: Hatterene|54\/100|[from] item: Leftovers\n|upkeep\n|turn|2\n|j| srtr6y8yij\n|\n|t:|1700021687\n|cant|p2a: Ogerpon|par\n|move|p1a: Hatterene|Psyshock|p2a: Ogerpon\n|-damage|p2a: Ogerpon|54\/100 par\n|\n|-heal|p1a: Hatterene|60\/100|[from] item: Leftovers\n|upkeep\n|turn|3\n|\n|t:|1700021689\n|move|p2a: Ogerpon|Ivy Cudgel|p1a: Hatterene|[anim] Ivy Cudgel Rock\n|-damage|p1a: Hatterene|9\/100\n|move|p1a: Hatterene|Draining Kiss|p2a: Ogerpon\n|-damage|p2a: Ogerpon|28\/100 par\n|-heal|p1a: Hatterene|27\/100|[from] drain|[of] p2a: Ogerpon\n|\n|-heal|p1a: Hatterene|33\/100|[from] item: Leftovers\n|upkeep\n|turn|4\n|\n|t:|1700021695\n|switch|p1a: Great Tusk|Great Tusk|100\/100\n|move|p2a: Ogerpon|Ivy Cudgel|p1a: Great Tusk|[anim] Ivy Cudgel Rock\n|-resisted|p1a: Great Tusk\n|-damage|p1a: Great Tusk|91\/100\n|\n|upkeep\n|turn|5\n|\n|t:|1700021702\n|switch|p2a: Great Tusk|Great Tusk|100\/100\n|-enditem|p2a: Great Tusk|Booster Energy\n|-activate|p2a: Great Tusk|ability: Protosynthesis|[fromitem]\n|-start|p2a: Great Tusk|protosynthesisatk\n|move|p1a: Great Tusk|Knock Off|p2a: Great Tusk\n|-resisted|p2a: Great Tusk\n|-damage|p2a: Great Tusk|91\/100\n|\n|upkeep\n|turn|6\n|\n|t:|1700021707\n|-end|p1a: Great Tusk|Protosynthesis|[silent]\n|switch|p1a: Hatterene|Hatterene, F|33\/100\n|move|p2a: Great Tusk|Earthquake|p1a: Hatterene\n|-damage|p1a: Hatterene|0 fnt\n|faint|p1a: Hatterene\n|\n|upkeep\n|\n|t:|1700021709\n|switch|p1a: Dragapult|Dragapult, M|100\/100\n|turn|7\n|\n|t:|1700021715\n|move|p1a: Dragapult|Draco Meteor|p2a: Great Tusk\n|-damage|p2a: Great Tusk|0 fnt\n|-unboost|p1a: Dragapult|spa|2\n|faint|p2a: Great Tusk\n|-end|p2a: Great Tusk|Protosynthesis|[silent]\n|\n|upkeep\n|\n|t:|1700021720\n|switch|p2a: Enamorus|Enamorus, F|100\/100\n|turn|8\n|\n|t:|1700021723\n|switch|p1a: Dondozo|Dondozo, F|100\/100\n|move|p2a: Enamorus|Earth Power|p1a: Dondozo\n|-damage|p1a: Dondozo|81\/100\n|\n|-heal|p1a: Dondozo|87\/100|[from] item: Leftovers\n|upkeep\n|turn|9\n|j| antonyp\n|\n|t:|1700021733\n|switch|p2a: Grimmsnarl|Grimmsnarl, M|100\/100\n|switch|p1a: Mandibuzz|Mandibuzz, F|100\/100\n|\n|upkeep\n|turn|10\n|\n|t:|1700021735\n|move|p2a: Grimmsnarl|Reflect|p2a: Grimmsnarl\n|-sidestart|p2: tekken_is_life|Reflect\n|move|p1a: Mandibuzz|U-turn|p2a: Grimmsnarl\n|-damage|p2a: Grimmsnarl|94\/100\n|\n|t:|1700021739\n|switch|p1a: Heatran|Heatran, F|100\/100|[from] U-turn\n|\n|upkeep\n|turn|11\n|\n|t:|1700021741\n|move|p2a: Grimmsnarl|Taunt|p1a: Heatran\n|-start|p1a: Heatran|move: Taunt\n|move|p1a: Heatran|Magma Storm|p2a: Grimmsnarl\n|-damage|p2a: Grimmsnarl|62\/100\n|-activate|p2a: Grimmsnarl|move: Magma Storm|[of] p1a: Heatran\n|\n|-damage|p2a: Grimmsnarl|50\/100|[from] move: Magma Storm|[partiallytrapped]\n|upkeep\n|turn|12\n|\n|t:|1700021746\n|move|p2a: Grimmsnarl|Light Screen|p2a: Grimmsnarl\n|-sidestart|p2: tekken_is_life|move: Light Screen\n|move|p1a: Heatran|Earth Power|p2a: Grimmsnarl\n|-damage|p2a: Grimmsnarl|40\/100\n|-unboost|p2a: Grimmsnarl|spd|1\n|\n|-damage|p2a: Grimmsnarl|28\/100|[from] move: Magma Storm|[partiallytrapped]\n|upkeep\n|turn|13\n|\n|t:|1700021748\n|move|p1a: Heatran|Magma Storm|p2a: Grimmsnarl\n|-damage|p2a: Grimmsnarl|6\/100\n|move|p2a: Grimmsnarl|Spirit Break|p1a: Heatran\n|-resisted|p1a: Heatran\n|-damage|p1a: Heatran|95\/100\n|-unboost|p1a: Heatran|spa|1\n|\n|-heal|p1a: Heatran|100\/100|[from] item: Leftovers\n|-damage|p2a: Grimmsnarl|0 fnt|[from] move: Magma Storm|[partiallytrapped]\n|faint|p2a: Grimmsnarl\n|-end|p1a: Heatran|move: Taunt\n|upkeep\n|\n|t:|1700021752\n|switch|p2a: Regidrago|Regidrago|100\/100\n|turn|14\n|\n|t:|1700021760\n|switch|p1a: Dondozo|Dondozo, F|87\/100\n|move|p2a: Regidrago|Dragon Dance|p2a: Regidrago\n|-boost|p2a: Regidrago|atk|1\n|-boost|p2a: Regidrago|spe|1\n|\n|-heal|p1a: Dondozo|94\/100|[from] item: Leftovers\n|upkeep\n|turn|15\n|\n|t:|1700021763\n|move|p2a: Regidrago|Scale Shot|p1a: Dondozo\n|-damage|p1a: Dondozo|83\/100\n|-damage|p1a: Dondozo|72\/100\n|-damage|p1a: Dondozo|61\/100\n|-damage|p1a: Dondozo|50\/100\n|-hitcount|p1a: Dondozo|4\n|-unboost|p2a: Regidrago|def|1\n|-boost|p2a: Regidrago|spe|1\n|move|p1a: Dondozo|Curse|p1a: Dondozo\n|-unboost|p1a: Dondozo|spe|1\n|-boost|p1a: Dondozo|atk|1\n|-boost|p1a: Dondozo|def|1\n|\n|-heal|p1a: Dondozo|56\/100|[from] item: Leftovers\n|upkeep\n|turn|16\n|\n|t:|1700021766\n|move|p2a: Regidrago|Scale Shot|p1a: Dondozo\n|-damage|p1a: Dondozo|49\/100\n|-damage|p1a: Dondozo|42\/100\n|-damage|p1a: Dondozo|34\/100\n|-damage|p1a: Dondozo|27\/100\n|-damage|p1a: Dondozo|21\/100\n|-hitcount|p1a: Dondozo|5\n|-unboost|p2a: Regidrago|def|1\n|-boost|p2a: Regidrago|spe|1\n|move|p1a: Dondozo|Rest|p1a: Dondozo\n|-status|p1a: Dondozo|slp|[from] move: Rest\n|-heal|p1a: Dondozo|100\/100 slp|[silent]\n|\n|upkeep\n|turn|17\n|\n|t:|1700021775\n|move|p2a: Regidrago|Scale Shot|p1a: Dondozo\n|-damage|p1a: Dondozo|94\/100 slp\n|-damage|p1a: Dondozo|86\/100 slp\n|-crit|p1a: Dondozo\n|-damage|p1a: Dondozo|69\/100 slp\n|-damage|p1a: Dondozo|62\/100 slp\n|-hitcount|p1a: Dondozo|4\n|-unboost|p2a: Regidrago|def|1\n|-boost|p2a: Regidrago|spe|1\n|cant|p1a: Dondozo|slp\n|move|p1a: Dondozo|Sleep Talk|p1a: Dondozo\n|move|p1a: Dondozo|Rest||[from]move: Sleep Talk|[still]\n|-fail|p1a: Dondozo\n|\n|-heal|p1a: Dondozo|68\/100 slp|[from] item: Leftovers\n|-sideend|p2: tekken_is_life|Reflect\n|upkeep\n|turn|18\n|\n|t:|1700021788\n|switch|p2a: Iron Moth|Iron Moth|100\/100\n|-enditem|p2a: Iron Moth|Booster Energy\n|-activate|p2a: Iron Moth|ability: Quark Drive|[fromitem]\n|-start|p2a: Iron Moth|quarkdrivespe\n|cant|p1a: Dondozo|slp\n|move|p1a: Dondozo|Sleep Talk|p1a: Dondozo\n|move|p1a: Dondozo|Curse|p1a: Dondozo|[from]move: Sleep Talk\n|-unboost|p1a: Dondozo|spe|1\n|-boost|p1a: Dondozo|atk|1\n|-boost|p1a: Dondozo|def|1\n|\n|-heal|p1a: Dondozo|74\/100 slp|[from] item: Leftovers\n|upkeep\n|turn|19\n|\n|t:|1700021796\n|switch|p1a: Heatran|Heatran, F|100\/100\n|move|p2a: Iron Moth|Fiery Dance|p1a: Heatran\n|-damage|p1a: Heatran|73\/100\n|\n|-heal|p1a: Heatran|79\/100|[from] item: Leftovers\n|-sideend|p2: tekken_is_life|move: Light Screen\n|upkeep\n|turn|20\n|\n|t:|1700021800\n|-terastallize|p2a: Iron Moth|Ground\n|move|p2a: Iron Moth|Tera Blast|p1a: Heatran|[anim] Tera Blast Ground\n|-supereffective|p1a: Heatran\n|-damage|p1a: Heatran|0 fnt\n|faint|p1a: Heatran\n|\n|upkeep\n|j| MisterGuirus\n|\n|t:|1700021814\n|switch|p1a: Dragapult|Dragapult, M|100\/100\n|turn|21\n|\n|t:|1700021816\n|move|p2a: Iron Moth|Dazzling Gleam|p1a: Dragapult\n|-supereffective|p1a: Dragapult\n|-damage|p1a: Dragapult|32\/100\n|move|p1a: Dragapult|Draco Meteor|p2a: Iron Moth\n|-damage|p2a: Iron Moth|13\/100\n|-unboost|p1a: Dragapult|spa|2\n|\n|upkeep\n|turn|22\n|\n|t:|1700021823\n|switch|p1a: Mandibuzz|Mandibuzz, F|100\/100\n|move|p2a: Iron Moth|Sludge Wave|p1a: Mandibuzz\n|-damage|p1a: Mandibuzz|63\/100\n|\n|upkeep\n|turn|23\n|\n|t:|1700021827\n|move|p2a: Iron Moth|Dazzling Gleam|p1a: Mandibuzz\n|-supereffective|p1a: Mandibuzz\n|-damage|p1a: Mandibuzz|15\/100\n|move|p1a: Mandibuzz|U-turn|p2a: Iron Moth\n|-damage|p2a: Iron Moth|0 fnt\n|faint|p2a: Iron Moth\n|-end|p2a: Iron Moth|Quark Drive|[silent]\n|\n|t:|1700021832\n|switch|p1a: Dragapult|Dragapult, M|32\/100|[from] U-turn\n|\n|upkeep\n|j| Noob 0_o\n|\n|t:|1700021836\n|switch|p2a: Enamorus|Enamorus, F|100\/100\n|turn|24\n|\n|t:|1700021845\n|move|p2a: Enamorus|Moonblast|p1a: Dragapult\n|-supereffective|p1a: Dragapult\n|-damage|p1a: Dragapult|0 fnt\n|faint|p1a: Dragapult\n|\n|upkeep\n|\n|t:|1700021847\n|switch|p1a: Great Tusk|Great Tusk|91\/100\n|turn|25\n|\n|t:|1700021852\n|switch|p2a: Ogerpon|Ogerpon-Cornerstone, F|28\/100 par\n|-terastallize|p1a: Great Tusk|Steel\n|move|p1a: Great Tusk|Ice Spinner|p2a: Ogerpon\n|-supereffective|p2a: Ogerpon\n|-damage|p2a: Ogerpon|0 fnt\n|faint|p2a: Ogerpon\n|\n|upkeep\n|\n|t:|1700021856\n|switch|p2a: Enamorus|Enamorus, F|100\/100\n|turn|26\n|\n|t:|1700021860\n|move|p2a: Enamorus|Moonblast|p1a: Great Tusk\n|-resisted|p1a: Great Tusk\n|-damage|p1a: Great Tusk|53\/100\n|move|p1a: Great Tusk|Ice Spinner|p2a: Enamorus\n|-supereffective|p2a: Enamorus\n|-damage|p2a: Enamorus|0 fnt\n|faint|p2a: Enamorus\n|\n|upkeep\n|-message|tekken_is_life forfeited.\n|\n|win|wooloo supremacy\n|raw|wooloo supremacy's rating: 1739 &rarr; <strong>1757<\/strong><br \/>(+18 for winning)\n|raw|tekken_is_life's rating: 1698 &rarr; <strong>1680<\/strong><br \/>(-18 for losing)\n|l|\u2606tekken_is_life\n","uploadtime":1700021866,"views":7,"p1id":"wooloosupremacy","p2id":"tekkenislife","formatid":"gen9ou","rating":1680,"private":0,"password":""}