{"id":"gen9ou-1988707001","p1":"TrueSkyKing","p2":"Usopp D Gawd","format":"[Gen 9] OU","log":"|j|\u2606TrueSkyKing\n|j|\u2606Usopp D Gawd\n|t:|1699753082\n|gametype|singles\n|player|p1|TrueSkyKing|red|\n|player|p2|Usopp D Gawd|blue|\n|teamsize|p1|6\n|teamsize|p2|6\n|gen|9\n|tier|[Gen 9] OU\n|rule|Sleep Clause Mod: Limit one foe put to sleep\n|rule|Species Clause: Limit one of each Pok\u00e9mon\n|rule|OHKO Clause: OHKO moves are banned\n|rule|Evasion Items Clause: Evasion items are banned\n|rule|Evasion Moves Clause: Evasion moves are banned\n|rule|Endless Battle Clause: Forcing endless battles is banned\n|rule|HP Percentage Mod: HP is shown in percentages\n|clearpoke\n|poke|p1|Maushold-Four|\n|poke|p1|Thundurus-Therian, M|\n|poke|p1|Klefki, F|\n|poke|p1|Iron Moth|\n|poke|p1|Quaquaval, F|\n|poke|p1|Sinistcha-Masterpiece|\n|poke|p2|Torterra, M|\n|poke|p2|Ninetales-Alola, F|\n|poke|p2|Samurott-Hisui, F|\n|poke|p2|Zapdos|\n|poke|p2|Azelf|\n|poke|p2|Gliscor, M|\n|teampreview\n|inactive|Battle timer is ON: inactive players will automatically lose when time's up. (requested by TrueSkyKing)\n|\n|t:|1699753102\n|start\n|switch|p1a: Fuzzy Dice|Klefki, F|100\/100\n|switch|p2a: Azelf|Azelf|100\/100\n|turn|1\n|\n|t:|1699753109\n|move|p1a: Fuzzy Dice|Switcheroo|p2a: Azelf\n|-activate|p1a: Fuzzy Dice|move: Trick|[of] p2a: Azelf\n|-item|p2a: Azelf|Black Sludge|[from] move: Switcheroo\n|-item|p1a: Fuzzy Dice|Expert Belt|[from] move: Switcheroo\n|move|p2a: Azelf|Flamethrower|p1a: Fuzzy Dice\n|-supereffective|p1a: Fuzzy Dice\n|-damage|p1a: Fuzzy Dice|31\/100\n|-status|p1a: Fuzzy Dice|brn\n|\n|-damage|p2a: Azelf|88\/100|[from] item: Black Sludge\n|-damage|p1a: Fuzzy Dice|25\/100 brn|[from] brn\n|upkeep\n|turn|2\n|\n|t:|1699753121\n|move|p1a: Fuzzy Dice|Spikes|p2a: Azelf\n|-sidestart|p2: Usopp D Gawd|Spikes\n|move|p2a: Azelf|Flamethrower|p1a: Fuzzy Dice\n|-supereffective|p1a: Fuzzy Dice\n|-damage|p1a: Fuzzy Dice|0 fnt\n|faint|p1a: Fuzzy Dice\n|\n|-damage|p2a: Azelf|76\/100|[from] item: Black Sludge\n|upkeep\n|\n|t:|1699753130\n|switch|p1a: MF DOOM|Sinistcha-Masterpiece|100\/100\n|turn|3\n|\n|t:|1699753143\n|switch|p2a: Ninetales|Ninetales-Alola, F|100\/100\n|-damage|p2a: Ninetales|88\/100|[from] Spikes\n|-weather|Snow|[from] ability: Snow Warning|[of] p2a: Ninetales\n|move|p1a: MF DOOM|Calm Mind|p1a: MF DOOM\n|-boost|p1a: MF DOOM|spa|1\n|-boost|p1a: MF DOOM|spd|1\n|\n|-weather|Snow|[upkeep]\n|upkeep\n|turn|4\n|\n|t:|1699753156\n|move|p2a: Ninetales|Encore|p1a: MF DOOM\n|-start|p1a: MF DOOM|Encore\n|move|p1a: MF DOOM|Calm Mind|p1a: MF DOOM\n|-boost|p1a: MF DOOM|spa|1\n|-boost|p1a: MF DOOM|spd|1\n|\n|-weather|Snow|[upkeep]\n|upkeep\n|turn|5\n|\n|t:|1699753166\n|switch|p2a: Samurott|Samurott-Hisui, F|100\/100\n|-damage|p2a: Samurott|88\/100|[from] Spikes\n|move|p1a: MF DOOM|Calm Mind|p1a: MF DOOM\n|-boost|p1a: MF DOOM|spa|1\n|-boost|p1a: MF DOOM|spd|1\n|\n|-weather|Snow|[upkeep]\n|upkeep\n|turn|6\n|\n|t:|1699753177\n|-terastallize|p1a: MF DOOM|Steel\n|move|p2a: Samurott|Ceaseless Edge|p1a: MF DOOM\n|-damage|p1a: MF DOOM|61\/100\n|-sidestart|p1: TrueSkyKing|Spikes\n|move|p1a: MF DOOM|Calm Mind|p1a: MF DOOM\n|-boost|p1a: MF DOOM|spa|1\n|-boost|p1a: MF DOOM|spd|1\n|\n|-weather|Snow|[upkeep]\n|-heal|p1a: MF DOOM|68\/100|[from] item: Leftovers\n|-end|p1a: MF DOOM|Encore\n|upkeep\n|turn|7\n|\n|t:|1699753198\n|move|p2a: Samurott|Knock Off|p1a: MF DOOM\n|-damage|p1a: MF DOOM|24\/100\n|-enditem|p1a: MF DOOM|Leftovers|[from] move: Knock Off|[of] p2a: Samurott\n|move|p1a: MF DOOM|Matcha Gotcha|p2a: Samurott\n|-supereffective|p2a: Samurott\n|-damage|p2a: Samurott|0 fnt\n|-heal|p1a: MF DOOM|65\/100|[from] drain|[of] p2a: Samurott\n|faint|p2a: Samurott\n|\n|-weather|none\n|upkeep\n|\n|t:|1699753209\n|switch|p2a: Azelf|Azelf|76\/100\n|turn|8\n|\n|t:|1699753214\n|move|p2a: Azelf|Flamethrower|p1a: MF DOOM\n|-supereffective|p1a: MF DOOM\n|-damage|p1a: MF DOOM|52\/100\n|move|p1a: MF DOOM|Matcha Gotcha|p2a: Azelf\n|-damage|p2a: Azelf|0 fnt\n|-heal|p1a: MF DOOM|84\/100|[from] drain|[of] p2a: Azelf\n|faint|p2a: Azelf\n|\n|upkeep\n|\n|t:|1699753225\n|switch|p2a: Ninetales|Ninetales-Alola, F|88\/100\n|-damage|p2a: Ninetales|76\/100|[from] Spikes\n|-weather|Snow|[from] ability: Snow Warning|[of] p2a: Ninetales\n|turn|9\n|\n|t:|1699753234\n|move|p2a: Ninetales|Aurora Veil|p2a: Ninetales\n|-sidestart|p2: Usopp D Gawd|move: Aurora Veil\n|move|p1a: MF DOOM|Shadow Ball|p2a: Ninetales\n|-damage|p2a: Ninetales|29\/100\n|\n|-weather|Snow|[upkeep]\n|upkeep\n|turn|10\n|\n|t:|1699753246\n|move|p2a: Ninetales|Freeze-Dry|p1a: MF DOOM\n|-resisted|p1a: MF DOOM\n|-damage|p1a: MF DOOM|80\/100\n|move|p1a: MF DOOM|Shadow Ball|p2a: Ninetales\n|-damage|p2a: Ninetales|0 fnt\n|faint|p2a: Ninetales\n|\n|-weather|Snow|[upkeep]\n|upkeep\n|\n|t:|1699753255\n|switch|p2a: Torterra|Torterra, M|100\/100\n|-damage|p2a: Torterra|88\/100|[from] Spikes\n|turn|11\n|\n|t:|1699753262\n|-terastallize|p2a: Torterra|Ice\n|move|p1a: MF DOOM|Shadow Ball|p2a: Torterra\n|-damage|p2a: Torterra|25\/100\n|move|p2a: Torterra|Shell Smash|p2a: Torterra\n|-unboost|p2a: Torterra|def|1\n|-unboost|p2a: Torterra|spd|1\n|-boost|p2a: Torterra|atk|2\n|-boost|p2a: Torterra|spa|2\n|-boost|p2a: Torterra|spe|2\n|-enditem|p2a: Torterra|White Herb\n|-clearnegativeboost|p2a: Torterra|[silent]\n|\n|-weather|Snow|[upkeep]\n|upkeep\n|turn|12\n|\n|t:|1699753277\n|move|p2a: Torterra|Shell Smash|p2a: Torterra\n|-unboost|p2a: Torterra|def|1\n|-unboost|p2a: Torterra|spd|1\n|-boost|p2a: Torterra|atk|2\n|-boost|p2a: Torterra|spa|2\n|-boost|p2a: Torterra|spe|2\n|move|p1a: MF DOOM|Shadow Ball|p2a: Torterra\n|-damage|p2a: Torterra|0 fnt\n|faint|p2a: Torterra\n|\n|-weather|Snow|[upkeep]\n|upkeep\n|-message|Usopp D Gawd forfeited.\n|\n|win|TrueSkyKing\n|l|\u2606Usopp D Gawd\n","uploadtime":1699753297,"views":10,"p1id":"trueskyking","p2id":"usoppdgawd","formatid":"gen9ou","rating":0,"private":0,"password":""}