{"id":"gen9ou-1995652068","p1":"val_dmb","p2":"EllieTheWoopah","format":"[Gen 9] OU","log":"|j|\u2606val_dmb\n|j|\u2606EllieTheWoopah\n|t:|1700590941\n|gametype|singles\n|player|p1|val_dmb|red|1691\n|player|p2|EllieTheWoopah|leaf-masters|1642\n|teamsize|p1|6\n|teamsize|p2|6\n|gen|9\n|tier|[Gen 9] OU\n|rated|\n|rule|Sleep Clause Mod: Limit one foe put to sleep\n|rule|Species Clause: Limit one of each Pok\u00e9mon\n|rule|OHKO Clause: OHKO moves are banned\n|rule|Evasion Items Clause: Evasion items are banned\n|rule|Evasion Moves Clause: Evasion moves are banned\n|rule|Endless Battle Clause: Forcing endless battles is banned\n|rule|HP Percentage Mod: HP is shown in percentages\n|clearpoke\n|poke|p1|Dragapult, M|\n|poke|p1|Ogerpon-Wellspring, F|\n|poke|p1|Zamazenta-*|\n|poke|p1|Heatran, F|\n|poke|p1|Zapdos|\n|poke|p1|Kingambit, M|\n|poke|p2|Great Tusk|\n|poke|p2|Rillaboom, F|\n|poke|p2|Clodsire, M|\n|poke|p2|Moltres|\n|poke|p2|Heatran, M|\n|poke|p2|Kingambit, M|\n|teampreview\n|j| sbjsnsnnssjs\n|\n|t:|1700590963\n|start\n|switch|p1a: Dragapult|Dragapult, M|100\/100\n|switch|p2a: Kingambit|Kingambit, M|100\/100\n|turn|1\n|l| sbjsnsnnssjs\n|inactive|Battle timer is ON: inactive players will automatically lose when time's up. (requested by EllieTheWoopah)\n|\n|t:|1700590979\n|switch|p1a: Zapdos|Zapdos|100\/100\n|move|p2a: Kingambit|Sucker Punch||[still]\n|-fail|p2a: Kingambit\n|\n|upkeep\n|turn|2\n|j| qxfn143\n|\n|t:|1700590988\n|-end|p2a: Kingambit|fallenundefined|[silent]\n|switch|p2a: Clodsire|Clodsire, M|100\/100\n|move|p1a: Zapdos|Volt Switch|p2a: Clodsire\n|-immune|p2a: Clodsire\n|\n|upkeep\n|turn|3\n|\n|t:|1700590994\n|switch|p1a: Kingambit|Kingambit, M|100\/100\n|move|p2a: Clodsire|Spikes|p1a: Kingambit\n|-sidestart|p1: val_dmb|Spikes\n|\n|upkeep\n|turn|4\n|\n|t:|1700591001\n|switch|p2a: Great Tusk|Great Tusk|100\/100\n|move|p1a: Kingambit|Swords Dance|p1a: Kingambit\n|-boost|p1a: Kingambit|atk|2\n|\n|upkeep\n|turn|5\n|\n|t:|1700591006\n|-end|p1a: Kingambit|fallenundefined|[silent]\n|switch|p1a: Zapdos|Zapdos|100\/100\n|move|p2a: Great Tusk|Headlong Rush|p1a: Zapdos\n|-immune|p1a: Zapdos\n|\n|upkeep\n|turn|6\n|\n|t:|1700591012\n|switch|p1a: Ogerpon|Ogerpon-Wellspring, F|100\/100\n|-damage|p1a: Ogerpon|88\/100|[from] Spikes\n|-end|p2a: Great Tusk|Protosynthesis|[silent]\n|switch|p2a: Clodsire|Clodsire, M|100\/100\n|\n|upkeep\n|turn|7\n|\n|t:|1700591016\n|move|p1a: Ogerpon|Knock Off|p2a: Clodsire\n|-damage|p2a: Clodsire|61\/100\n|-enditem|p2a: Clodsire|Leftovers|[from] move: Knock Off|[of] p1a: Ogerpon\n|move|p2a: Clodsire|Toxic|p1a: Ogerpon\n|-status|p1a: Ogerpon|tox\n|\n|-damage|p1a: Ogerpon|82\/100 tox|[from] psn\n|upkeep\n|turn|8\n|\n|t:|1700591028\n|move|p1a: Ogerpon|Ivy Cudgel|p2a: Clodsire|[anim] Ivy Cudgel Water\n|-heal|p2a: Clodsire|86\/100|[from] ability: Water Absorb|[of] p1a: Ogerpon\n|move|p2a: Clodsire|Spikes|p1a: Ogerpon\n|-sidestart|p1: val_dmb|Spikes\n|\n|-damage|p1a: Ogerpon|70\/100 tox|[from] psn\n|upkeep\n|turn|9\n|\n|t:|1700591031\n|move|p1a: Ogerpon|Power Whip|p2a: Clodsire\n|-damage|p2a: Clodsire|5\/100\n|move|p2a: Clodsire|Spikes|p1a: Ogerpon\n|-sidestart|p1: val_dmb|Spikes\n|\n|-damage|p1a: Ogerpon|52\/100 tox|[from] psn\n|upkeep\n|turn|10\n|\n|t:|1700591038\n|switch|p2a: Rillaboom|Rillaboom, F|100\/100\n|-fieldstart|move: Grassy Terrain|[from] ability: Grassy Surge|[of] p2a: Rillaboom\n|move|p1a: Ogerpon|Knock Off|p2a: Rillaboom\n|-damage|p2a: Rillaboom|70\/100\n|-enditem|p2a: Rillaboom|Leftovers|[from] move: Knock Off|[of] p1a: Ogerpon\n|\n|-heal|p1a: Ogerpon|58\/100 tox|[from] Grassy Terrain\n|-heal|p2a: Rillaboom|76\/100|[from] Grassy Terrain\n|-damage|p1a: Ogerpon|34\/100 tox|[from] psn\n|upkeep\n|turn|11\n|\n|t:|1700591048\n|switch|p1a: Zapdos|Zapdos|100\/100\n|move|p2a: Rillaboom|U-turn|p1a: Zapdos\n|-resisted|p1a: Zapdos\n|-damage|p1a: Zapdos|90\/100\n|l| qxfn143\n|j| qxfn143\n|\n|t:|1700591054\n|switch|p2a: Clodsire|Clodsire, M|5\/100|[from] U-turn\n|\n|-heal|p2a: Clodsire|11\/100|[from] Grassy Terrain\n|upkeep\n|turn|12\n|\n|t:|1700591058\n|move|p1a: Zapdos|Hurricane|p2a: Clodsire|[miss]\n|-miss|p1a: Zapdos|p2a: Clodsire\n|move|p2a: Clodsire|Recover|p2a: Clodsire\n|-heal|p2a: Clodsire|61\/100\n|\n|-heal|p2a: Clodsire|67\/100|[from] Grassy Terrain\n|upkeep\n|turn|13\n|\n|t:|1700591062\n|switch|p1a: Ogerpon|Ogerpon-Wellspring, F|34\/100 tox\n|-damage|p1a: Ogerpon|9\/100 tox|[from] Spikes\n|move|p2a: Clodsire|Recover|p2a: Clodsire\n|-heal|p2a: Clodsire|100\/100\n|\n|-heal|p1a: Ogerpon|15\/100 tox|[from] Grassy Terrain\n|-damage|p1a: Ogerpon|9\/100 tox|[from] psn\n|upkeep\n|turn|14\n|\n|t:|1700591067\n|switch|p2a: Rillaboom|Rillaboom, F|76\/100\n|move|p1a: Ogerpon|Power Whip|p2a: Rillaboom\n|-resisted|p2a: Rillaboom\n|-damage|p2a: Rillaboom|40\/100\n|\n|-heal|p1a: Ogerpon|15\/100 tox|[from] Grassy Terrain\n|-heal|p2a: Rillaboom|46\/100|[from] Grassy Terrain\n|-damage|p1a: Ogerpon|3\/100 tox|[from] psn\n|-fieldend|move: Grassy Terrain\n|upkeep\n|turn|15\n|\n|t:|1700591081\n|move|p1a: Ogerpon|Ivy Cudgel|p2a: Rillaboom|[anim] Ivy Cudgel Water\n|-resisted|p2a: Rillaboom\n|-damage|p2a: Rillaboom|25\/100\n|move|p2a: Rillaboom|U-turn|p1a: Ogerpon\n|-supereffective|p1a: Ogerpon\n|-damage|p1a: Ogerpon|0 fnt\n|faint|p1a: Ogerpon\n|\n|t:|1700591090\n|switch|p2a: Moltres|Moltres|100\/100|[from] U-turn\n|\n|upkeep\n|\n|t:|1700591106\n|switch|p1a: Heatran|Heatran, F|100\/100\n|-damage|p1a: Heatran|76\/100|[from] Spikes\n|turn|16\n|\n|t:|1700591116\n|move|p1a: Heatran|Stealth Rock|p2a: Moltres\n|-sidestart|p2: EllieTheWoopah|move: Stealth Rock\n|move|p2a: Moltres|U-turn|p1a: Heatran\n|-resisted|p1a: Heatran\n|-damage|p1a: Heatran|72\/100\n|\n|t:|1700591119\n|switch|p2a: Great Tusk|Great Tusk|100\/100|[from] U-turn\n|-damage|p2a: Great Tusk|98\/100|[from] Stealth Rock\n|\n|-heal|p2a: Great Tusk|100\/100|[from] item: Leftovers\n|-heal|p1a: Heatran|79\/100|[from] item: Leftovers\n|upkeep\n|turn|17\n|\n|t:|1700591123\n|move|p1a: Heatran|Protect|p1a: Heatran\n|-singleturn|p1a: Heatran|Protect\n|move|p2a: Great Tusk|Knock Off|p1a: Heatran\n|-activate|p1a: Heatran|move: Protect\n|\n|-heal|p1a: Heatran|85\/100|[from] item: Leftovers\n|upkeep\n|turn|18\n|\n|t:|1700591139\n|switch|p1a: Dragapult|Dragapult, M|100\/100\n|-damage|p1a: Dragapult|76\/100|[from] Spikes\n|move|p2a: Great Tusk|Headlong Rush|p1a: Dragapult\n|-damage|p1a: Dragapult|9\/100\n|-unboost|p2a: Great Tusk|def|1\n|-unboost|p2a: Great Tusk|spd|1\n|\n|upkeep\n|turn|19\n|\n|t:|1700591153\n|-end|p2a: Great Tusk|Protosynthesis|[silent]\n|switch|p2a: Clodsire|Clodsire, M|100\/100\n|-damage|p2a: Clodsire|94\/100|[from] Stealth Rock\n|move|p1a: Dragapult|Draco Meteor|p2a: Clodsire|[miss]\n|-miss|p1a: Dragapult|p2a: Clodsire\n|\n|upkeep\n|turn|20\n|-message|val_dmb forfeited.\n|\n|win|EllieTheWoopah\n|raw|val_dmb's rating: 1691 &rarr; <strong>1668<\/strong><br \/>(-23 for losing)\n|raw|EllieTheWoopah's rating: 1642 &rarr; <strong>1665<\/strong><br \/>(+23 for winning)\n|l|\u2606val_dmb\n","uploadtime":1700591164,"views":0,"p1id":"valdmb","p2id":"elliethewoopah","formatid":"gen9ou","rating":1665,"private":0,"password":""}