{"id":"gen9ou-1991081826","p1":"pain rein","p2":"LarsMM7","format":"[Gen 9] OU","log":"|j|\u2606pain rein\n|j|\u2606LarsMM7\n|t:|1700039958\n|gametype|singles\n|player|p1|pain rein|colress|1069\n|player|p2|LarsMM7|carmine|1077\n|teamsize|p1|6\n|teamsize|p2|6\n|gen|9\n|tier|[Gen 9] OU\n|rated|\n|rule|Sleep Clause Mod: Limit one foe put to sleep\n|rule|Species Clause: Limit one of each Pok\u00e9mon\n|rule|OHKO Clause: OHKO moves are banned\n|rule|Evasion Items Clause: Evasion items are banned\n|rule|Evasion Moves Clause: Evasion moves are banned\n|rule|Endless Battle Clause: Forcing endless battles is banned\n|rule|HP Percentage Mod: HP is shown in percentages\n|clearpoke\n|poke|p1|Cinderace, F|\n|poke|p1|Lokix, F|\n|poke|p1|Gholdengo|\n|poke|p1|Cresselia, F|\n|poke|p1|Quagsire, M|\n|poke|p1|Ursaluna, M|\n|poke|p2|Kommo-o, F|\n|poke|p2|Kingambit, M|\n|poke|p2|Zapdos|\n|poke|p2|Ribombee, M|\n|poke|p2|Great Tusk|\n|poke|p2|Gholdengo|\n|teampreview\n|inactive|Battle timer is ON: inactive players will automatically lose when time's up. (requested by LarsMM7)\n|\n|t:|1700039986\n|start\n|switch|p1a: Lokix|Lokix, F|100\/100\n|switch|p2a: Ribombee|Ribombee, M|100\/100\n|turn|1\n|\n|t:|1700039997\n|move|p1a: Lokix|First Impression|p2a: Ribombee\n|-resisted|p2a: Ribombee\n|-enditem|p2a: Ribombee|Focus Sash\n|-damage|p2a: Ribombee|1\/100\n|-damage|p1a: Lokix|91\/100|[from] item: Life Orb\n|move|p2a: Ribombee|Stun Spore|p1a: Lokix|[miss]\n|-miss|p2a: Ribombee|p1a: Lokix\n|\n|upkeep\n|turn|2\n|\n|t:|1700040005\n|move|p2a: Ribombee|Sticky Web|p1a: Lokix\n|-sidestart|p1: pain rein|move: Sticky Web\n|move|p1a: Lokix|U-turn|p2a: Ribombee\n|-resisted|p2a: Ribombee\n|-damage|p2a: Ribombee|0 fnt\n|faint|p2a: Ribombee\n|-damage|p1a: Lokix|81\/100|[from] item: Life Orb\n|\n|t:|1700040011\n|switch|p1a: \u7070\u59d1\u5a18|Cinderace, F|100\/100|[from] U-turn\n|-activate|p1a: \u7070\u59d1\u5a18|move: Sticky Web\n|-unboost|p1a: \u7070\u59d1\u5a18|spe|1\n|\n|upkeep\n|\n|t:|1700040014\n|switch|p2a: Kommo-o|Kommo-o, F|100\/100\n|turn|3\n|\n|t:|1700040022\n|move|p2a: Kommo-o|Clangorous Soul|p2a: Kommo-o\n|-boost|p2a: Kommo-o|atk|1\n|-boost|p2a: Kommo-o|def|1\n|-boost|p2a: Kommo-o|spa|1\n|-boost|p2a: Kommo-o|spd|1\n|-boost|p2a: Kommo-o|spe|1\n|-damage|p2a: Kommo-o|68\/100\n|-enditem|p2a: Kommo-o|Throat Spray\n|-boost|p2a: Kommo-o|spa|1|[from] item: Throat Spray\n|move|p1a: \u7070\u59d1\u5a18|Court Change|p1a: \u7070\u59d1\u5a18\n|-start|p1a: \u7070\u59d1\u5a18|typechange|Normal|[from] ability: Libero\n|-swapsideconditions\n|-activate|p1a: \u7070\u59d1\u5a18|move: Court Change\n|\n|upkeep\n|turn|4\n|\n|t:|1700040030\n|switch|p1a: Quagsire|Quagsire, M|100\/100\n|move|p2a: Kommo-o|Clanging Scales|p1a: Quagsire\n|-damage|p1a: Quagsire|45\/100\n|-unboost|p2a: Kommo-o|def|1\n|\n|upkeep\n|turn|5\n|\n|t:|1700040043\n|move|p1a: Quagsire|Protect|p1a: Quagsire\n|-singleturn|p1a: Quagsire|Protect\n|move|p2a: Kommo-o|Clanging Scales|p1a: Quagsire\n|-activate|p1a: Quagsire|move: Protect\n|\n|upkeep\n|turn|6\n|\n|t:|1700040049\n|-terastallize|p2a: Kommo-o|Normal\n|move|p2a: Kommo-o|Hyper Voice|p1a: Quagsire\n|-damage|p1a: Quagsire|0 fnt\n|faint|p1a: Quagsire\n|\n|upkeep\n|\n|t:|1700040070\n|switch|p1a: \u7070\u59d1\u5a18|Cinderace, F|100\/100\n|turn|7\n|\n|t:|1700040074\n|move|p2a: Kommo-o|Hyper Voice|p1a: \u7070\u59d1\u5a18\n|-damage|p1a: \u7070\u59d1\u5a18|0 fnt\n|faint|p1a: \u7070\u59d1\u5a18\n|\n|upkeep\n|\n|t:|1700040085\n|switch|p1a: Lokix|Lokix, F|81\/100\n|turn|8\n|\n|t:|1700040089\n|move|p1a: Lokix|First Impression|p2a: Kommo-o\n|-damage|p2a: Kommo-o|11\/100\n|-damage|p1a: Lokix|71\/100|[from] item: Life Orb\n|move|p2a: Kommo-o|Hyper Voice|p1a: Lokix\n|-damage|p1a: Lokix|0 fnt\n|faint|p1a: Lokix\n|\n|upkeep\n|\n|t:|1700040109\n|switch|p1a: \u683c\u970d\u5c14\u767b\u6208|Gholdengo|100\/100\n|turn|9\n|\n|t:|1700040114\n|move|p2a: Kommo-o|Clanging Scales|p1a: \u683c\u970d\u5c14\u767b\u6208\n|-resisted|p1a: \u683c\u970d\u5c14\u767b\u6208\n|-damage|p1a: \u683c\u970d\u5c14\u767b\u6208|42\/100\n|-unboost|p2a: Kommo-o|def|1\n|move|p1a: \u683c\u970d\u5c14\u767b\u6208|Make It Rain|p2a: Kommo-o\n|-damage|p2a: Kommo-o|0 fnt\n|-unboost|p1a: \u683c\u970d\u5c14\u767b\u6208|spa|1\n|faint|p2a: Kommo-o\n|\n|upkeep\n|\n|t:|1700040118\n|switch|p2a: Gholdengo|Gholdengo|100\/100\n|-item|p2a: Gholdengo|Air Balloon\n|turn|10\n|inactive|pain rein has 120 seconds left.\n|\n|t:|1700040154\n|switch|p1a: \u514b\u96f7\u585e\u5229\u4e9a|Cresselia, F|100\/100\n|move|p2a: Gholdengo|Nasty Plot|p2a: Gholdengo\n|-boost|p2a: Gholdengo|spa|2\n|\n|upkeep\n|turn|11\n|inactive|pain rein has 120 seconds left.\n|\n|t:|1700040175\n|move|p2a: Gholdengo|Shadow Ball|p1a: \u514b\u96f7\u585e\u5229\u4e9a\n|-supereffective|p1a: \u514b\u96f7\u585e\u5229\u4e9a\n|-damage|p1a: \u514b\u96f7\u585e\u5229\u4e9a|5\/100\n|-unboost|p1a: \u514b\u96f7\u585e\u5229\u4e9a|spd|1\n|move|p1a: \u514b\u96f7\u585e\u5229\u4e9a|Trick Room|p1a: \u514b\u96f7\u585e\u5229\u4e9a\n|-fieldstart|move: Trick Room|[of] p1a: \u514b\u96f7\u585e\u5229\u4e9a\n|\n|upkeep\n|turn|12\n|\n|t:|1700040193\n|move|p1a: \u514b\u96f7\u585e\u5229\u4e9a|Moonblast|p2a: Gholdengo\n|-resisted|p2a: Gholdengo\n|-damage|p2a: Gholdengo|91\/100\n|-enditem|p2a: Gholdengo|Air Balloon\n|move|p2a: Gholdengo|Psyshock|p1a: \u514b\u96f7\u585e\u5229\u4e9a\n|-resisted|p1a: \u514b\u96f7\u585e\u5229\u4e9a\n|-damage|p1a: \u514b\u96f7\u585e\u5229\u4e9a|0 fnt\n|faint|p1a: \u514b\u96f7\u585e\u5229\u4e9a\n|\n|upkeep\n|inactive|pain rein has 90 seconds left.\n|\n|t:|1700040208\n|switch|p1a: \u4e4c\u8428\u9c81\u7eb3|Ursaluna, M|100\/100\n|turn|13\n|inactive|pain rein has 90 seconds left.\n|\n|t:|1700040221\n|move|p1a: \u4e4c\u8428\u9c81\u7eb3|Headlong Rush|p2a: Gholdengo\n|-supereffective|p2a: Gholdengo\n|-damage|p2a: Gholdengo|0 fnt\n|-unboost|p1a: \u4e4c\u8428\u9c81\u7eb3|def|1\n|-unboost|p1a: \u4e4c\u8428\u9c81\u7eb3|spd|1\n|faint|p2a: Gholdengo\n|\n|-status|p1a: \u4e4c\u8428\u9c81\u7eb3|brn|[from] item: Flame Orb\n|upkeep\n|\n|t:|1700040224\n|switch|p2a: Great Tusk|Great Tusk|100\/100\n|-activate|p2a: Great Tusk|move: Sticky Web\n|-unboost|p2a: Great Tusk|spe|1\n|turn|14\n|\n|t:|1700040228\n|move|p1a: \u4e4c\u8428\u9c81\u7eb3|Facade|p2a: Great Tusk\n|-damage|p2a: Great Tusk|38\/100\n|move|p2a: Great Tusk|Headlong Rush|p1a: \u4e4c\u8428\u9c81\u7eb3\n|-damage|p1a: \u4e4c\u8428\u9c81\u7eb3|41\/100 brn\n|-unboost|p2a: Great Tusk|def|1\n|-unboost|p2a: Great Tusk|spd|1\n|\n|-heal|p2a: Great Tusk|44\/100|[from] item: Leftovers\n|-damage|p1a: \u4e4c\u8428\u9c81\u7eb3|35\/100 brn|[from] brn\n|upkeep\n|turn|15\n|\n|t:|1700040232\n|move|p1a: \u4e4c\u8428\u9c81\u7eb3|Facade|p2a: Great Tusk\n|-damage|p2a: Great Tusk|0 fnt\n|faint|p2a: Great Tusk\n|-end|p2a: Great Tusk|Protosynthesis|[silent]\n|\n|-damage|p1a: \u4e4c\u8428\u9c81\u7eb3|29\/100 brn|[from] brn\n|-fieldend|move: Trick Room\n|upkeep\n|\n|t:|1700040234\n|switch|p2a: Zapdos|Zapdos|100\/100\n|turn|16\n|\n|t:|1700040238\n|move|p2a: Zapdos|Heat Wave|p1a: \u4e4c\u8428\u9c81\u7eb3\n|-damage|p1a: \u4e4c\u8428\u9c81\u7eb3|0 fnt\n|faint|p1a: \u4e4c\u8428\u9c81\u7eb3\n|\n|upkeep\n|\n|t:|1700040243\n|switch|p1a: \u683c\u970d\u5c14\u767b\u6208|Gholdengo|42\/100\n|turn|17\n|\n|t:|1700040254\n|move|p1a: \u683c\u970d\u5c14\u767b\u6208|Focus Blast|p2a: Zapdos|[miss]\n|-miss|p1a: \u683c\u970d\u5c14\u767b\u6208|p2a: Zapdos\n|move|p2a: Zapdos|Heat Wave|p1a: \u683c\u970d\u5c14\u767b\u6208\n|-supereffective|p1a: \u683c\u970d\u5c14\u767b\u6208\n|-damage|p1a: \u683c\u970d\u5c14\u767b\u6208|0 fnt\n|faint|p1a: \u683c\u970d\u5c14\u767b\u6208\n|\n|win|LarsMM7\n|raw|pain rein's rating: 1069 &rarr; <strong>1049<\/strong><br \/>(-20 for losing)\n|raw|LarsMM7's rating: 1077 &rarr; <strong>1105<\/strong><br \/>(+28 for winning)\n|l|\u2606pain rein\n|c|\u2606LarsMM7|why you get rid of webs if you have trick room team\n|c|\u2606LarsMM7|nothing on my team 1 shots crescelia\n","uploadtime":1700040291,"views":7,"p1id":"painrein","p2id":"larsmm7","formatid":"gen9ou","rating":1049,"private":0,"password":""}