{"id":"gen9ou-1988686329","p1":"mangolol","p2":"Bontonhom","format":"[Gen 9] OU","log":"|j|\u2606mangolol\n|j|\u2606Bontonhom\n|t:|1699750569\n|gametype|singles\n|player|p1|mangolol|adaman|1328\n|player|p2|Bontonhom|fisherman-gen4|1429\n|teamsize|p1|6\n|teamsize|p2|6\n|gen|9\n|tier|[Gen 9] OU\n|rated|\n|rule|Sleep Clause Mod: Limit one foe put to sleep\n|rule|Species Clause: Limit one of each Pok\u00e9mon\n|rule|OHKO Clause: OHKO moves are banned\n|rule|Evasion Items Clause: Evasion items are banned\n|rule|Evasion Moves Clause: Evasion moves are banned\n|rule|Endless Battle Clause: Forcing endless battles is banned\n|rule|HP Percentage Mod: HP is shown in percentages\n|clearpoke\n|poke|p1|Gliscor, M|\n|poke|p1|Samurott-Hisui, F|\n|poke|p1|Iron Valiant|\n|poke|p1|Kingambit, F|\n|poke|p1|Iron Moth|\n|poke|p1|Ribombee, M|\n|poke|p2|Landorus-Therian, M|\n|poke|p2|Meowscarada, F|\n|poke|p2|Slowking-Galar, F|\n|poke|p2|Dragapult, M|\n|poke|p2|Weezing-Galar, M|\n|poke|p2|Garganacl, F|\n|teampreview\n|inactive|Battle timer is ON: inactive players will automatically lose when time's up. (requested by Bontonhom)\n|\n|t:|1699750578\n|start\n|switch|p1a: more use thn lando|Ribombee, M|100\/100\n|switch|p2a: Meowscarada|Meowscarada, F|100\/100\n|turn|1\n|\n|t:|1699750588\n|switch|p2a: Garganacl|Garganacl, F|100\/100\n|move|p1a: more use thn lando|Moonblast|p2a: Garganacl\n|-damage|p2a: Garganacl|69\/100\n|\n|-heal|p2a: Garganacl|75\/100|[from] item: Leftovers\n|upkeep\n|turn|2\n|\n|t:|1699750590\n|move|p1a: more use thn lando|Sticky Web|p2a: Garganacl\n|-sidestart|p2: Bontonhom|move: Sticky Web\n|move|p2a: Garganacl|Salt Cure|p1a: more use thn lando\n|-supereffective|p1a: more use thn lando\n|-damage|p1a: more use thn lando|42\/100\n|\n|-heal|p2a: Garganacl|81\/100|[from] item: Leftovers\n|upkeep\n|turn|3\n|\n|t:|1699750593\n|move|p1a: more use thn lando|Moonblast|p2a: Garganacl\n|-damage|p2a: Garganacl|48\/100\n|move|p2a: Garganacl|Salt Cure|p1a: more use thn lando\n|-supereffective|p1a: more use thn lando\n|-damage|p1a: more use thn lando|0 fnt\n|faint|p1a: more use thn lando\n|\n|-heal|p2a: Garganacl|54\/100|[from] item: Leftovers\n|upkeep\n|\n|t:|1699750598\n|switch|p1a: THE GOT DAMN GOAT|Samurott-Hisui, F|100\/100\n|turn|4\n|\n|t:|1699750601\n|switch|p2a: Weezing|Weezing-Galar, M|100\/100\n|move|p1a: THE GOT DAMN GOAT|Flip Turn|p2a: Weezing\n|-damage|p2a: Weezing|79\/100\n|\n|t:|1699750608\n|switch|p1a: hank|Gliscor, M, shiny|100\/100|[from] Flip Turn\n|\n|-heal|p2a: Weezing|85\/100|[from] item: Leftovers\n|-status|p1a: hank|tox|[from] item: Toxic Orb\n|upkeep\n|turn|5\n|\n|t:|1699750612\n|move|p1a: hank|Swords Dance|p1a: hank\n|-boost|p1a: hank|atk|2\n|move|p2a: Weezing|Defog|p1a: hank\n|-unboost|p1a: hank|evasion|1\n|-sideend|p2: Bontonhom|Sticky Web|[from] move: Defog|[of] p2a: Weezing\n|\n|-heal|p2a: Weezing|91\/100|[from] item: Leftovers\n|upkeep\n|turn|6\n|\n|t:|1699750615\n|switch|p2a: Landorus|Landorus-Therian, M|100\/100\n|-ability|p2a: Landorus|Intimidate|boost\n|-unboost|p1a: hank|atk|1\n|move|p1a: hank|Swords Dance|p1a: hank\n|-boost|p1a: hank|atk|2\n|\n|upkeep\n|turn|7\n|\n|t:|1699750617\n|move|p1a: hank|Swords Dance|p1a: hank\n|-boost|p1a: hank|atk|2\n|move|p2a: Landorus|U-turn|p1a: hank\n|-resisted|p1a: hank\n|-damage|p1a: hank|93\/100 tox\n|\n|t:|1699750621\n|switch|p2a: Dragapult|Dragapult, M|100\/100|[from] U-turn\n|\n|-heal|p1a: hank|100\/100 tox|[from] ability: Poison Heal\n|upkeep\n|turn|8\n|\n|t:|1699750623\n|-terastallize|p2a: Dragapult|Dragon\n|move|p2a: Dragapult|Draco Meteor|p1a: hank\n|-damage|p1a: hank|0 fnt\n|-unboost|p2a: Dragapult|spa|2\n|faint|p1a: hank\n|\n|upkeep\n|\n|t:|1699750631\n|switch|p1a: mothlamp lovechild|Iron Moth|100\/100\n|-enditem|p1a: mothlamp lovechild|Booster Energy\n|-activate|p1a: mothlamp lovechild|ability: Quark Drive|[fromitem]\n|-start|p1a: mothlamp lovechild|quarkdrivespe\n|turn|9\n|\n|t:|1699750636\n|switch|p2a: Landorus|Landorus-Therian, M|100\/100\n|-ability|p2a: Landorus|Intimidate|boost\n|-unboost|p1a: mothlamp lovechild|atk|1\n|move|p1a: mothlamp lovechild|Fiery Dance|p2a: Landorus\n|-damage|p2a: Landorus|57\/100\n|\n|upkeep\n|turn|10\n|\n|t:|1699750646\n|-terastallize|p1a: mothlamp lovechild|Fairy\n|move|p1a: mothlamp lovechild|Fiery Dance|p2a: Landorus\n|-damage|p2a: Landorus|11\/100\n|-boost|p1a: mothlamp lovechild|spa|1\n|move|p2a: Landorus|Earthquake|p1a: mothlamp lovechild\n|-damage|p1a: mothlamp lovechild|33\/100\n|\n|upkeep\n|turn|11\n|\n|t:|1699750649\n|move|p1a: mothlamp lovechild|Fiery Dance|p2a: Landorus\n|-damage|p2a: Landorus|0 fnt\n|faint|p2a: Landorus\n|\n|upkeep\n|\n|t:|1699750661\n|switch|p2a: Slowking|Slowking-Galar, F|100\/100\n|turn|12\n|\n|t:|1699750666\n|move|p1a: mothlamp lovechild|Fiery Dance|p2a: Slowking\n|-damage|p2a: Slowking|62\/100\n|-boost|p1a: mothlamp lovechild|spa|1\n|move|p2a: Slowking|Thunder Wave|p1a: mothlamp lovechild\n|-status|p1a: mothlamp lovechild|par\n|\n|upkeep\n|turn|13\n|\n|t:|1699750669\n|move|p1a: mothlamp lovechild|Fiery Dance|p2a: Slowking\n|-damage|p2a: Slowking|19\/100\n|move|p2a: Slowking|Chilly Reception|p2a: Slowking\n|-weather|Snow\n|\n|t:|1699750671\n|switch|p2a: Dragapult|Dragapult, M, tera:Dragon|100\/100|[from] Chilly Reception\n|\n|-weather|Snow|[upkeep]\n|upkeep\n|turn|14\n|\n|t:|1699750673\n|move|p2a: Dragapult|Shadow Ball|p1a: mothlamp lovechild\n|-damage|p1a: mothlamp lovechild|0 fnt\n|faint|p1a: mothlamp lovechild\n|-end|p1a: mothlamp lovechild|Quark Drive|[silent]\n|\n|-weather|Snow|[upkeep]\n|upkeep\n|\n|t:|1699750677\n|switch|p1a: twink|Iron Valiant|100\/100\n|-enditem|p1a: twink|Booster Energy\n|-activate|p1a: twink|ability: Quark Drive|[fromitem]\n|-start|p1a: twink|quarkdrivespe\n|turn|15\n|\n|t:|1699750680\n|switch|p2a: Garganacl|Garganacl, F|54\/100\n|move|p1a: twink|Moonblast|p2a: Garganacl\n|-damage|p2a: Garganacl|18\/100\n|\n|-weather|Snow|[upkeep]\n|-heal|p2a: Garganacl|24\/100|[from] item: Leftovers\n|upkeep\n|turn|16\n|\n|t:|1699750684\n|move|p1a: twink|Moonblast|p2a: Garganacl\n|-damage|p2a: Garganacl|0 fnt\n|faint|p2a: Garganacl\n|\n|-weather|Snow|[upkeep]\n|upkeep\n|\n|t:|1699750686\n|switch|p2a: Slowking|Slowking-Galar, F|52\/100\n|turn|17\n|\n|t:|1699750691\n|switch|p2a: Weezing|Weezing-Galar, M|91\/100\n|move|p1a: twink|Calm Mind|p1a: twink\n|-boost|p1a: twink|spa|1\n|-boost|p1a: twink|spd|1\n|\n|-weather|none\n|-heal|p2a: Weezing|97\/100|[from] item: Leftovers\n|upkeep\n|turn|18\n|\n|t:|1699750698\n|move|p1a: twink|Shadow Ball|p2a: Weezing\n|-damage|p2a: Weezing|38\/100\n|move|p2a: Weezing|Strange Steam|p1a: twink\n|-supereffective|p1a: twink\n|-damage|p1a: twink|40\/100\n|\n|-heal|p2a: Weezing|44\/100|[from] item: Leftovers\n|upkeep\n|turn|19\n|\n|t:|1699750702\n|move|p1a: twink|Shadow Ball|p2a: Weezing\n|-damage|p2a: Weezing|0 fnt\n|faint|p2a: Weezing\n|\n|upkeep\n|\n|t:|1699750704\n|switch|p2a: Slowking|Slowking-Galar, F|85\/100\n|turn|20\n|\n|t:|1699750708\n|move|p1a: twink|Shadow Ball|p2a: Slowking\n|-supereffective|p2a: Slowking\n|-damage|p2a: Slowking|36\/100\n|move|p2a: Slowking|Thunder Wave|p1a: twink\n|-status|p1a: twink|par\n|\n|upkeep\n|turn|21\n|\n|t:|1699750712\n|switch|p2a: Meowscarada|Meowscarada, F|100\/100\n|cant|p1a: twink|par\n|\n|upkeep\n|turn|22\n|\n|t:|1699750718\n|move|p2a: Meowscarada|U-turn|p1a: twink\n|-start|p2a: Meowscarada|typechange|Bug|[from] ability: Protean\n|-resisted|p1a: twink\n|-damage|p1a: twink|23\/100 par\n|\n|t:|1699750720\n|switch|p2a: Slowking|Slowking-Galar, F|69\/100|[from] U-turn\n|cant|p1a: twink|par\n|\n|upkeep\n|turn|23\n|\n|t:|1699750727\n|switch|p2a: Meowscarada|Meowscarada, F|100\/100\n|cant|p1a: twink|par\n|\n|upkeep\n|turn|24\n|\n|t:|1699750734\n|move|p2a: Meowscarada|Play Rough|p1a: twink|[miss]\n|-start|p2a: Meowscarada|typechange|Fairy|[from] ability: Protean\n|-miss|p2a: Meowscarada|p1a: twink\n|move|p1a: twink|Moonblast|p2a: Meowscarada\n|-damage|p2a: Meowscarada|0 fnt\n|faint|p2a: Meowscarada\n|\n|upkeep\n|-message|Bontonhom forfeited.\n|\n|win|mangolol\n|raw|mangolol's rating: 1328 &rarr; <strong>1354<\/strong><br \/>(+26 for winning)\n|raw|Bontonhom's rating: 1429 &rarr; <strong>1403<\/strong><br \/>(-26 for losing)\n|l|\u2606Bontonhom\n|c|\u2606mangolol|deserved\n","uploadtime":1699750747,"views":11,"p1id":"mangolol","p2id":"bontonhom","formatid":"gen9ou","rating":1354,"private":0,"password":""}