{"id":"gen9ou-2000208495","p1":"jiangjunzhi1","p2":"liaoya","format":"[Gen 9] OU","log":"|j|\u2606jiangjunzhi1\n|j|\u2606liaoya\n|t:|1701172299\n|gametype|singles\n|player|p1|jiangjunzhi1|red|1542\n|player|p2|liaoya|petrel|1625\n|teamsize|p1|6\n|teamsize|p2|6\n|gen|9\n|tier|[Gen 9] OU\n|rated|\n|rule|Sleep Clause Mod: Limit one foe put to sleep\n|rule|Species Clause: Limit one of each Pok\u00e9mon\n|rule|OHKO Clause: OHKO moves are banned\n|rule|Evasion Items Clause: Evasion items are banned\n|rule|Evasion Moves Clause: Evasion moves are banned\n|rule|Endless Battle Clause: Forcing endless battles is banned\n|rule|HP Percentage Mod: HP is shown in percentages\n|clearpoke\n|poke|p1|Overqwil, F|\n|poke|p1|Gengar, M|\n|poke|p1|Espeon, F|\n|poke|p1|Vaporeon, F|\n|poke|p1|Cinderace, M|\n|poke|p1|Scyther, M|\n|poke|p2|Drifblim, F|\n|poke|p2|Garganacl, F|\n|poke|p2|Umbreon, F|\n|poke|p2|Rotom-Wash|\n|poke|p2|Glimmora, M|\n|poke|p2|Espeon, M|\n|teampreview\n|inactive|Battle timer is ON: inactive players will automatically lose when time's up. (requested by liaoya)\n|\n|t:|1701172302\n|start\n|switch|p1a: Espeon|Espeon, F|100\/100\n|switch|p2a: Rotom|Rotom-Wash|100\/100\n|turn|1\n|\n|t:|1701172308\n|move|p2a: Rotom|Hydro Pump|p1a: Espeon|[miss]\n|-miss|p2a: Rotom|p1a: Espeon\n|move|p1a: Espeon|Psychic|p2a: Rotom\n|-damage|p2a: Rotom|21\/100\n|\n|upkeep\n|turn|2\n|\n|t:|1701172315\n|switch|p1a: Vaporeon|Vaporeon, F|100\/100\n|move|p2a: Rotom|Hydro Pump|p1a: Vaporeon\n|-immune|p1a: Vaporeon|[from] ability: Water Absorb\n|\n|upkeep\n|turn|3\n|\n|t:|1701172324\n|switch|p2a: Espeon|Espeon, M|100\/100\n|move|p1a: Vaporeon|Calm Mind|p1a: Vaporeon\n|-boost|p1a: Vaporeon|spa|1\n|-boost|p1a: Vaporeon|spd|1\n|\n|upkeep\n|turn|4\n|\n|t:|1701172334\n|move|p2a: Espeon|Trick|p1a: Vaporeon\n|-activate|p2a: Espeon|move: Trick|[of] p1a: Vaporeon\n|-item|p1a: Vaporeon|Choice Scarf|[from] move: Trick\n|-item|p2a: Espeon|Leftovers|[from] move: Trick\n|move|p1a: Vaporeon|Scald|p2a: Espeon\n|-damage|p2a: Espeon|53\/100\n|\n|-heal|p2a: Espeon|59\/100|[from] item: Leftovers\n|upkeep\n|turn|5\n|\n|t:|1701172343\n|move|p2a: Espeon|Detect|p2a: Espeon\n|-singleturn|p2a: Espeon|Protect\n|move|p1a: Vaporeon|Scald|p2a: Espeon\n|-activate|p2a: Espeon|move: Protect\n|\n|-heal|p2a: Espeon|65\/100|[from] item: Leftovers\n|upkeep\n|turn|6\n|\n|t:|1701172350\n|switch|p2a: Umbreon|Umbreon, F, shiny|100\/100\n|move|p1a: Vaporeon|Scald|p2a: Umbreon\n|-damage|p2a: Umbreon|66\/100\n|\n|-heal|p2a: Umbreon|72\/100|[from] item: Leftovers\n|upkeep\n|turn|7\n|\n|t:|1701172357\n|switch|p1a: Espeon|Espeon, F|100\/100\n|move|p2a: Umbreon|Wish|p2a: Umbreon\n|\n|-heal|p2a: Umbreon|78\/100|[from] item: Leftovers\n|upkeep\n|turn|8\n|\n|t:|1701172369\n|switch|p2a: Espeon|Espeon, M|65\/100\n|move|p1a: Espeon|Trick|p2a: Espeon\n|-activate|p1a: Espeon|move: Trick|[of] p2a: Espeon\n|-item|p2a: Espeon|Choice Specs|[from] move: Trick\n|-item|p1a: Espeon|Leftovers|[from] move: Trick\n|\n|-heal|p2a: Espeon|100\/100|[from] move: Wish|[wisher] Umbreon\n|upkeep\n|turn|9\n|\n|t:|1701172380\n|move|p1a: Espeon|Shadow Ball|p2a: Espeon\n|-supereffective|p2a: Espeon\n|-damage|p2a: Espeon|38\/100\n|-unboost|p2a: Espeon|spd|1\n|move|p2a: Espeon|Psyshock|p1a: Espeon\n|-resisted|p1a: Espeon\n|-damage|p1a: Espeon|53\/100\n|\n|-heal|p1a: Espeon|59\/100|[from] item: Leftovers\n|upkeep\n|turn|10\n|\n|t:|1701172391\n|switch|p2a: Umbreon|Umbreon, F, shiny|78\/100\n|move|p1a: Espeon|Draining Kiss|p2a: Umbreon\n|-supereffective|p2a: Umbreon\n|-damage|p2a: Umbreon|55\/100\n|-heal|p1a: Espeon|84\/100|[from] drain|[of] p2a: Umbreon\n|\n|-heal|p1a: Espeon|90\/100|[from] item: Leftovers\n|-heal|p2a: Umbreon|61\/100|[from] item: Leftovers\n|upkeep\n|turn|11\n|\n|t:|1701172402\n|switch|p1a: Scyther|Scyther, M|100\/100\n|move|p2a: Umbreon|Wish|p2a: Umbreon\n|\n|-heal|p2a: Umbreon|67\/100|[from] item: Leftovers\n|upkeep\n|turn|12\n|\n|t:|1701172412\n|move|p2a: Umbreon|Protect|p2a: Umbreon\n|-singleturn|p2a: Umbreon|Protect\n|move|p1a: Scyther|Close Combat|p2a: Umbreon\n|-activate|p2a: Umbreon|move: Protect\n|\n|-heal|p2a: Umbreon|100\/100|[from] move: Wish|[wisher] Umbreon\n|upkeep\n|turn|13\n|\n|t:|1701172426\n|switch|p1a: Cinderace|Cinderace, M|100\/100\n|switch|p2a: Drifblim|Drifblim, F|100\/100\n|\n|upkeep\n|turn|14\n|\n|t:|1701172433\n|move|p2a: Drifblim|Trick|p1a: Cinderace\n|-activate|p2a: Drifblim|move: Trick|[of] p1a: Cinderace\n|-item|p1a: Cinderace|Choice Scarf|[from] move: Trick\n|-item|p2a: Drifblim|Wide Lens|[from] move: Trick\n|move|p1a: Cinderace|Pyro Ball|p2a: Drifblim\n|-damage|p2a: Drifblim|11\/100\n|\n|upkeep\n|turn|15\n|\n|t:|1701172443\n|switch|p2a: Glimmora|Glimmora, M|100\/100\n|move|p1a: Cinderace|Pyro Ball|p2a: Glimmora\n|-resisted|p2a: Glimmora\n|-damage|p2a: Glimmora|79\/100\n|-activate|p2a: Glimmora|ability: Toxic Debris\n|-sidestart|p1: jiangjunzhi1|move: Toxic Spikes\n|\n|upkeep\n|turn|16\n|\n|t:|1701172459\n|switch|p1a: Espeon|Espeon, F|90\/100\n|-status|p1a: Espeon|psn\n|move|p2a: Glimmora|Light Screen|p2a: Glimmora\n|-sidestart|p2: liaoya|move: Light Screen\n|\n|-heal|p1a: Espeon|96\/100 psn|[from] item: Leftovers\n|-damage|p1a: Espeon|84\/100 psn|[from] psn\n|upkeep\n|turn|17\n|\n|t:|1701172468\n|switch|p2a: Umbreon|Umbreon, F, shiny|100\/100\n|move|p1a: Espeon|Psychic|p2a: Umbreon\n|-immune|p2a: Umbreon\n|\n|-heal|p1a: Espeon|90\/100 psn|[from] item: Leftovers\n|-damage|p1a: Espeon|77\/100 psn|[from] psn\n|upkeep\n|turn|18\n|\n|t:|1701172476\n|switch|p1a: Overqwil|Overqwil, F|100\/100\n|-sideend|p1: jiangjunzhi1|move: Toxic Spikes|[of] p1a: Overqwil\n|-ability|p1a: Overqwil|Intimidate|boost\n|-fail|p2a: Umbreon|unboost|Attack|[from] ability: Inner Focus|[of] p2a: Umbreon\n|move|p2a: Umbreon|Wish|p2a: Umbreon\n|\n|upkeep\n|turn|19\n|\n|t:|1701172485\n|switch|p2a: Garganacl|Garganacl, F, shiny|100\/100\n|move|p1a: Overqwil|Crunch|p2a: Garganacl\n|-damage|p2a: Garganacl|78\/100\n|\n|-heal|p2a: Garganacl|100\/100|[from] move: Wish|[wisher] Umbreon\n|upkeep\n|turn|20\n|\n|t:|1701172493\n|move|p1a: Overqwil|Spikes|p2a: Garganacl\n|-sidestart|p2: liaoya|Spikes\n|move|p2a: Garganacl|Salt Cure|p1a: Overqwil\n|-damage|p1a: Overqwil|90\/100\n|-start|p1a: Overqwil|Salt Cure\n|\n|-damage|p1a: Overqwil|77\/100|[from] Salt Cure\n|-sideend|p2: liaoya|move: Light Screen\n|upkeep\n|turn|21\n|\n|t:|1701172504\n|switch|p1a: Gengar|Gengar, M|100\/100\n|-item|p1a: Gengar|Air Balloon\n|switch|p2a: Espeon|Espeon, M|38\/100\n|-damage|p2a: Espeon|26\/100|[from] Spikes\n|\n|upkeep\n|turn|22\n|\n|t:|1701172512\n|move|p1a: Gengar|Shadow Ball|p2a: Espeon\n|-supereffective|p2a: Espeon\n|-damage|p2a: Espeon|0 fnt\n|faint|p2a: Espeon\n|\n|upkeep\n|\n|t:|1701172520\n|switch|p2a: Garganacl|Garganacl, F, shiny|100\/100\n|-damage|p2a: Garganacl|88\/100|[from] Spikes\n|turn|23\n|\n|t:|1701172524\n|move|p1a: Gengar|Focus Blast|p2a: Garganacl|[miss]\n|-miss|p1a: Gengar|p2a: Garganacl\n|move|p2a: Garganacl|Salt Cure|p1a: Gengar\n|-damage|p1a: Gengar|71\/100\n|-start|p1a: Gengar|Salt Cure\n|-enditem|p1a: Gengar|Air Balloon\n|\n|-heal|p2a: Garganacl|94\/100|[from] item: Leftovers\n|-damage|p1a: Gengar|59\/100|[from] Salt Cure\n|upkeep\n|turn|24\n|\n|t:|1701172535\n|switch|p1a: Cinderace|Cinderace, M|100\/100\n|-terastallize|p2a: Garganacl|Ghost\n|move|p2a: Garganacl|Salt Cure|p1a: Cinderace\n|-supereffective|p1a: Cinderace\n|-damage|p1a: Cinderace|63\/100\n|-start|p1a: Cinderace|Salt Cure\n|\n|-heal|p2a: Garganacl|100\/100|[from] item: Leftovers\n|-damage|p1a: Cinderace|51\/100|[from] Salt Cure\n|upkeep\n|turn|25\n|\n|t:|1701172547\n|switch|p1a: Overqwil|Overqwil, F|77\/100\n|-ability|p1a: Overqwil|Intimidate|boost\n|-unboost|p2a: Garganacl|atk|1\n|move|p2a: Garganacl|Iron Defense|p2a: Garganacl\n|-boost|p2a: Garganacl|def|2\n|\n|upkeep\n|turn|26\n|\n|t:|1701172572\n|move|p1a: Overqwil|Crunch|p2a: Garganacl\n|-supereffective|p2a: Garganacl\n|-crit|p2a: Garganacl\n|-damage|p2a: Garganacl|28\/100\n|move|p2a: Garganacl|Salt Cure|p1a: Overqwil\n|-damage|p1a: Overqwil|70\/100\n|-start|p1a: Overqwil|Salt Cure\n|\n|-heal|p2a: Garganacl|34\/100|[from] item: Leftovers\n|-damage|p1a: Overqwil|57\/100|[from] Salt Cure\n|upkeep\n|turn|27\n|\n|t:|1701172584\n|switch|p2a: Umbreon|Umbreon, F, shiny|100\/100\n|-damage|p2a: Umbreon|88\/100|[from] Spikes\n|move|p1a: Overqwil|Crunch|p2a: Umbreon\n|-resisted|p2a: Umbreon\n|-damage|p2a: Umbreon|77\/100\n|-unboost|p2a: Umbreon|def|1\n|\n|-heal|p2a: Umbreon|83\/100|[from] item: Leftovers\n|-damage|p1a: Overqwil|45\/100|[from] Salt Cure\n|upkeep\n|turn|28\n|\n|t:|1701172595\n|switch|p1a: Cinderace|Cinderace, M|51\/100\n|move|p2a: Umbreon|Wish|p2a: Umbreon\n|\n|-heal|p2a: Umbreon|89\/100|[from] item: Leftovers\n|upkeep\n|turn|29\n|\n|t:|1701172603\n|move|p1a: Cinderace|Pyro Ball|p2a: Umbreon|[miss]\n|-miss|p1a: Cinderace|p2a: Umbreon\n|move|p2a: Umbreon|Foul Play|p1a: Cinderace\n|-damage|p1a: Cinderace|0 fnt\n|faint|p1a: Cinderace\n|\n|-heal|p2a: Umbreon|100\/100|[from] move: Wish|[wisher] Umbreon\n|upkeep\n|\n|t:|1701172611\n|switch|p1a: Scyther|Scyther, M|100\/100\n|turn|30\n|\n|t:|1701172620\n|move|p2a: Umbreon|Protect|p2a: Umbreon\n|-singleturn|p2a: Umbreon|Protect\n|move|p1a: Scyther|Close Combat|p2a: Umbreon\n|-activate|p2a: Umbreon|move: Protect\n|\n|upkeep\n|turn|31\n|\n|t:|1701172627\n|switch|p1a: Vaporeon|Vaporeon, F|100\/100\n|switch|p2a: Drifblim|Drifblim, F|11\/100\n|\n|upkeep\n|turn|32\n|\n|t:|1701172634\n|move|p2a: Drifblim|Defog|p1a: Vaporeon\n|-unboost|p1a: Vaporeon|evasion|1\n|-sideend|p2: liaoya|Spikes|[from] move: Defog|[of] p2a: Drifblim\n|move|p1a: Vaporeon|Scald|p2a: Drifblim\n|-damage|p2a: Drifblim|0 fnt\n|faint|p2a: Drifblim\n|\n|upkeep\n|\n|t:|1701172648\n|switch|p2a: Garganacl|Garganacl, F, shiny, tera:Ghost|34\/100\n|turn|33\n|\n|t:|1701172657\n|move|p1a: Vaporeon|Scald|p2a: Garganacl\n|-damage|p2a: Garganacl|12\/100\n|move|p2a: Garganacl|Recover|p2a: Garganacl\n|-heal|p2a: Garganacl|62\/100\n|\n|-heal|p2a: Garganacl|68\/100|[from] item: Leftovers\n|upkeep\n|turn|34\n|\n|t:|1701172665\n|switch|p1a: Overqwil|Overqwil, F|45\/100\n|-ability|p1a: Overqwil|Intimidate|boost\n|-unboost|p2a: Garganacl|atk|1\n|move|p2a: Garganacl|Salt Cure|p1a: Overqwil\n|-crit|p1a: Overqwil\n|-damage|p1a: Overqwil|30\/100\n|-start|p1a: Overqwil|Salt Cure\n|\n|-heal|p2a: Garganacl|75\/100|[from] item: Leftovers\n|-damage|p1a: Overqwil|18\/100|[from] Salt Cure\n|upkeep\n|turn|35\n|\n|t:|1701172678\n|switch|p2a: Glimmora|Glimmora, M|79\/100\n|move|p1a: Overqwil|Spikes|p2a: Glimmora\n|-sidestart|p2: liaoya|Spikes\n|\n|-damage|p1a: Overqwil|5\/100|[from] Salt Cure\n|upkeep\n|turn|36\n|\n|t:|1701172685\n|switch|p1a: Espeon|Espeon, F|77\/100 psn\n|move|p2a: Glimmora|Mortal Spin|p1a: Espeon\n|-damage|p1a: Espeon|67\/100 psn\n|-sideend|p2: liaoya|Spikes|[from] move: Mortal Spin|[of] p2a: Glimmora\n|\n|-heal|p1a: Espeon|73\/100 psn|[from] item: Leftovers\n|-damage|p1a: Espeon|60\/100 psn|[from] psn\n|upkeep\n|turn|37\n|\n|t:|1701172694\n|switch|p2a: Umbreon|Umbreon, F, shiny|100\/100\n|-terastallize|p1a: Espeon|Fairy\n|move|p1a: Espeon|Draining Kiss|p2a: Umbreon\n|-supereffective|p2a: Umbreon\n|-damage|p2a: Umbreon|59\/100\n|-heal|p1a: Espeon|100\/100 psn|[from] drain|[of] p2a: Umbreon\n|\n|-heal|p2a: Umbreon|65\/100|[from] item: Leftovers\n|-damage|p1a: Espeon|88\/100 psn|[from] psn\n|upkeep\n|turn|38\n|\n|t:|1701172705\n|switch|p1a: Scyther|Scyther, M|100\/100\n|move|p2a: Umbreon|Protect||[still]\n|-fail|p2a: Umbreon\n|\n|-heal|p2a: Umbreon|71\/100|[from] item: Leftovers\n|upkeep\n|turn|39\n|\n|t:|1701172711\n|move|p2a: Umbreon|Protect|p2a: Umbreon\n|-singleturn|p2a: Umbreon|Protect\n|move|p1a: Scyther|U-turn|p2a: Umbreon\n|-activate|p2a: Umbreon|move: Protect\n|\n|-heal|p2a: Umbreon|77\/100|[from] item: Leftovers\n|upkeep\n|turn|40\n|\n|t:|1701172718\n|switch|p1a: Espeon|Espeon, F, tera:Fairy|88\/100 psn\n|move|p2a: Umbreon|Wish|p2a: Umbreon\n|\n|-heal|p1a: Espeon|94\/100 psn|[from] item: Leftovers\n|-heal|p2a: Umbreon|83\/100|[from] item: Leftovers\n|-damage|p1a: Espeon|82\/100 psn|[from] psn\n|upkeep\n|turn|41\n|\n|t:|1701172726\n|switch|p2a: Garganacl|Garganacl, F, shiny, tera:Ghost|75\/100\n|move|p1a: Espeon|Draining Kiss|p2a: Garganacl\n|-damage|p2a: Garganacl|51\/100\n|-heal|p1a: Espeon|100\/100 psn|[from] drain|[of] p2a: Garganacl\n|\n|-heal|p2a: Garganacl|99\/100|[from] move: Wish|[wisher] Umbreon\n|-heal|p2a: Garganacl|100\/100|[from] item: Leftovers\n|-damage|p1a: Espeon|88\/100 psn|[from] psn\n|upkeep\n|turn|42\n|\n|t:|1701172738\n|move|p1a: Espeon|Psychic|p2a: Garganacl\n|-damage|p2a: Garganacl|69\/100\n|move|p2a: Garganacl|Salt Cure|p1a: Espeon\n|-damage|p1a: Espeon|62\/100 psn\n|-start|p1a: Espeon|Salt Cure\n|\n|-heal|p1a: Espeon|68\/100 psn|[from] item: Leftovers\n|-heal|p2a: Garganacl|75\/100|[from] item: Leftovers\n|-damage|p1a: Espeon|56\/100 psn|[from] psn\n|-damage|p1a: Espeon|44\/100 psn|[from] Salt Cure\n|upkeep\n|turn|43\n|\n|t:|1701172748\n|move|p1a: Espeon|Draining Kiss|p2a: Garganacl\n|-damage|p2a: Garganacl|53\/100\n|-heal|p1a: Espeon|67\/100 psn|[from] drain|[of] p2a: Garganacl\n|move|p2a: Garganacl|Salt Cure|p1a: Espeon\n|-damage|p1a: Espeon|41\/100 psn\n|\n|-heal|p1a: Espeon|47\/100 psn|[from] item: Leftovers\n|-heal|p2a: Garganacl|59\/100|[from] item: Leftovers\n|-damage|p1a: Espeon|34\/100 psn|[from] psn\n|-damage|p1a: Espeon|22\/100 psn|[from] Salt Cure\n|upkeep\n|turn|44\n|\n|t:|1701172764\n|switch|p1a: Vaporeon|Vaporeon, F|100\/100\n|move|p2a: Garganacl|Recover|p2a: Garganacl\n|-heal|p2a: Garganacl|100\/100\n|\n|upkeep\n|turn|45\n|\n|t:|1701172770\n|move|p1a: Vaporeon|Wish|p1a: Vaporeon\n|move|p2a: Garganacl|Salt Cure|p1a: Vaporeon\n|-damage|p1a: Vaporeon|87\/100\n|-start|p1a: Vaporeon|Salt Cure\n|\n|-damage|p1a: Vaporeon|63\/100|[from] Salt Cure\n|upkeep\n|turn|46\n|\n|t:|1701172783\n|switch|p1a: Gengar|Gengar, M|59\/100\n|switch|p2a: Rotom|Rotom-Wash|21\/100\n|\n|-heal|p1a: Gengar|100\/100|[from] move: Wish|[wisher] Vaporeon\n|upkeep\n|turn|47\n|\n|t:|1701172791\n|move|p1a: Gengar|Focus Blast|p2a: Rotom|[miss]\n|-miss|p1a: Gengar|p2a: Rotom\n|move|p2a: Rotom|Hydro Pump|p1a: Gengar\n|-damage|p1a: Gengar|18\/100\n|\n|upkeep\n|turn|48\n|\n|t:|1701172800\n|move|p1a: Gengar|Shadow Ball|p2a: Rotom\n|-damage|p2a: Rotom|0 fnt\n|faint|p2a: Rotom\n|\n|upkeep\n|\n|t:|1701172804\n|switch|p2a: Garganacl|Garganacl, F, shiny, tera:Ghost|100\/100\n|turn|49\n|\n|t:|1701172813\n|move|p1a: Gengar|Shadow Ball|p2a: Garganacl\n|-supereffective|p2a: Garganacl\n|-damage|p2a: Garganacl|70\/100\n|move|p2a: Garganacl|Salt Cure|p1a: Gengar\n|-damage|p1a: Gengar|0 fnt\n|faint|p1a: Gengar\n|\n|-heal|p2a: Garganacl|76\/100|[from] item: Leftovers\n|upkeep\n|\n|t:|1701172824\n|switch|p1a: Vaporeon|Vaporeon, F|63\/100\n|turn|50\n|\n|t:|1701172832\n|switch|p2a: Glimmora|Glimmora, M|79\/100\n|move|p1a: Vaporeon|Wish|p1a: Vaporeon\n|\n|upkeep\n|turn|51\n|\n|t:|1701172838\n|switch|p1a: Espeon|Espeon, F, tera:Fairy|22\/100 psn\n|move|p2a: Glimmora|Mortal Spin|p1a: Espeon\n|-supereffective|p1a: Espeon\n|-crit|p1a: Espeon\n|-damage|p1a: Espeon|0 fnt\n|faint|p1a: Espeon\n|\n|upkeep\n|-message|jiangjunzhi1 forfeited.\n|\n|win|liaoya\n|raw|jiangjunzhi1's rating: 1542 &rarr; <strong>1527<\/strong><br \/>(-15 for losing)\n|raw|liaoya's rating: 1625 &rarr; <strong>1640<\/strong><br \/>(+15 for winning)\n|l|\u2606jiangjunzhi1\n","uploadtime":1701172846,"views":5,"p1id":"jiangjunzhi1","p2id":"liaoya","formatid":"gen9ou","rating":1527,"private":0,"password":""}