{"id":"gen9ou-1989080245","p1":"Delreynan","p2":"KOTONOHOUSE","format":"[Gen 9] OU","log":"|j|\u2606Delreynan\n|j|\u2606KOTONOHOUSE\n|t:|1699810012\n|gametype|singles\n|player|p1|Delreynan|cynthia-gen4|1066\n|player|p2|KOTONOHOUSE|unknown|1146\n|teamsize|p1|6\n|teamsize|p2|6\n|gen|9\n|tier|[Gen 9] OU\n|rated|\n|rule|Sleep Clause Mod: Limit one foe put to sleep\n|rule|Species Clause: Limit one of each Pok\u00e9mon\n|rule|OHKO Clause: OHKO moves are banned\n|rule|Evasion Items Clause: Evasion items are banned\n|rule|Evasion Moves Clause: Evasion moves are banned\n|rule|Endless Battle Clause: Forcing endless battles is banned\n|rule|HP Percentage Mod: HP is shown in percentages\n|clearpoke\n|poke|p1|Quaquaval, M|\n|poke|p1|Amoonguss, M|\n|poke|p1|Talonflame, M|\n|poke|p1|Zoroark-Hisui, M|\n|poke|p1|Ursaluna, M|\n|poke|p1|Florges, F|\n|poke|p2|Great Tusk|\n|poke|p2|Kingambit, M|\n|poke|p2|Ogerpon-Wellspring, F|\n|poke|p2|Heatran, F|\n|poke|p2|Iron Valiant|\n|poke|p2|Scizor, M|\n|teampreview\n|inactive|Battle timer is ON: inactive players will automatically lose when time's up. (requested by KOTONOHOUSE)\n|inactive|Delreynan also wants the timer to be on.\n|\n|t:|1699810032\n|start\n|switch|p1a: Amoonguss|Amoonguss, M|100\/100\n|switch|p2a: Scizor|Scizor, M|100\/100\n|turn|1\n|\n|t:|1699810043\n|move|p2a: Scizor|Knock Off|p1a: Amoonguss\n|-damage|p1a: Amoonguss|55\/100\n|-enditem|p1a: Amoonguss|Leftovers|[from] move: Knock Off|[of] p2a: Scizor\n|-damage|p2a: Scizor|91\/100|[from] item: Life Orb\n|move|p1a: Amoonguss|Spore|p2a: Scizor\n|-status|p2a: Scizor|slp|[from] move: Spore\n|\n|upkeep\n|turn|2\n|\n|t:|1699810058\n|switch|p1a: Ursaluna|Ursaluna, M|100\/100\n|cant|p2a: Scizor|slp\n|\n|-status|p1a: Ursaluna|brn|[from] item: Flame Orb\n|upkeep\n|turn|3\n|\n|t:|1699810065\n|cant|p2a: Scizor|slp\n|move|p1a: Ursaluna|Fire Punch|p2a: Scizor\n|-supereffective|p2a: Scizor\n|-damage|p2a: Scizor|0 fnt\n|faint|p2a: Scizor\n|\n|-damage|p1a: Ursaluna|94\/100 brn|[from] brn\n|upkeep\n|\n|t:|1699810084\n|switch|p2a: Ogerpon|Ogerpon-Wellspring, F|100\/100\n|turn|4\n|\n|t:|1699810094\n|move|p2a: Ogerpon|Ivy Cudgel|p1a: Ursaluna\n|-supereffective|p1a: Ursaluna\n|-damage|p1a: Ursaluna|11\/100 brn\n|move|p1a: Ursaluna|Facade|p2a: Ogerpon\n|-damage|p2a: Ogerpon|0 fnt\n|faint|p2a: Ogerpon\n|\n|-damage|p1a: Ursaluna|5\/100 brn|[from] brn\n|upkeep\n|\n|t:|1699810102\n|switch|p2a: Heatran|Heatran, F|100\/100\n|turn|5\n|\n|t:|1699810107\n|move|p2a: Heatran|Protect|p2a: Heatran\n|-singleturn|p2a: Heatran|Protect\n|move|p1a: Ursaluna|Headlong Rush|p2a: Heatran\n|-activate|p2a: Heatran|move: Protect\n|\n|-damage|p1a: Ursaluna|0 fnt|[from] brn\n|faint|p1a: Ursaluna\n|upkeep\n|\n|t:|1699810112\n|switch|p1a: Amoonguss|Amoonguss, M|88\/100\n|turn|6\n|\n|t:|1699810121\n|move|p2a: Heatran|Magma Storm|p1a: Amoonguss\n|-supereffective|p1a: Amoonguss\n|-damage|p1a: Amoonguss|23\/100\n|-activate|p1a: Amoonguss|move: Magma Storm|[of] p2a: Heatran\n|move|p1a: Amoonguss|Spore|p2a: Heatran\n|-status|p2a: Heatran|slp|[from] move: Spore\n|\n|-damage|p1a: Amoonguss|11\/100|[from] move: Magma Storm|[partiallytrapped]\n|upkeep\n|turn|7\n|\n|t:|1699810132\n|cant|p2a: Heatran|slp\n|move|p1a: Amoonguss|Giga Drain|p2a: Heatran\n|-resisted|p2a: Heatran\n|-damage|p2a: Heatran|97\/100 slp\n|-heal|p1a: Amoonguss|12\/100|[from] drain|[of] p2a: Heatran\n|\n|-heal|p2a: Heatran|100\/100 slp|[from] item: Leftovers\n|-damage|p1a: Amoonguss|0 fnt|[from] move: Magma Storm|[partiallytrapped]\n|faint|p1a: Amoonguss\n|upkeep\n|\n|t:|1699810138\n|switch|p1a: Quaquaval|Quaquaval, M|100\/100\n|turn|8\n|\n|t:|1699810145\n|cant|p2a: Heatran|slp\n|move|p1a: Quaquaval|Aqua Step|p2a: Heatran\n|-supereffective|p2a: Heatran\n|-damage|p2a: Heatran|0 fnt\n|-boost|p1a: Quaquaval|spe|1\n|faint|p2a: Heatran\n|-ability|p1a: Quaquaval|Moxie|boost\n|-boost|p1a: Quaquaval|atk|1\n|-damage|p1a: Quaquaval|91\/100|[from] item: Life Orb\n|\n|upkeep\n|\n|t:|1699810161\n|switch|p2a: Iron Valiant|Iron Valiant|100\/100\n|-enditem|p2a: Iron Valiant|Booster Energy\n|-activate|p2a: Iron Valiant|ability: Quark Drive|[fromitem]\n|-start|p2a: Iron Valiant|quarkdrivespe\n|turn|9\n|inactive|KOTONOHOUSE has 120 seconds left.\n|\n|t:|1699810190\n|-terastallize|p1a: Quaquaval|Steel\n|move|p2a: Iron Valiant|Moonblast|p1a: Quaquaval\n|-resisted|p1a: Quaquaval\n|-damage|p1a: Quaquaval|58\/100\n|move|p1a: Quaquaval|Aqua Step|p2a: Iron Valiant\n|-damage|p2a: Iron Valiant|0 fnt\n|-boost|p1a: Quaquaval|spe|1\n|faint|p2a: Iron Valiant\n|-end|p2a: Iron Valiant|Quark Drive|[silent]\n|-ability|p1a: Quaquaval|Moxie|boost\n|-boost|p1a: Quaquaval|atk|1\n|-damage|p1a: Quaquaval|48\/100|[from] item: Life Orb\n|\n|upkeep\n|inactive|KOTONOHOUSE has 120 seconds left.\n|\n|t:|1699810196\n|switch|p2a: Great Tusk|Great Tusk|100\/100\n|-enditem|p2a: Great Tusk|Booster Energy\n|-activate|p2a: Great Tusk|ability: Protosynthesis|[fromitem]\n|-start|p2a: Great Tusk|protosynthesisspe\n|turn|10\n|\n|t:|1699810202\n|move|p1a: Quaquaval|Aqua Step|p2a: Great Tusk\n|-supereffective|p2a: Great Tusk\n|-damage|p2a: Great Tusk|0 fnt\n|-boost|p1a: Quaquaval|spe|1\n|faint|p2a: Great Tusk\n|-end|p2a: Great Tusk|Protosynthesis|[silent]\n|-ability|p1a: Quaquaval|Moxie|boost\n|-boost|p1a: Quaquaval|atk|1\n|-damage|p1a: Quaquaval|38\/100|[from] item: Life Orb\n|\n|upkeep\n|-message|KOTONOHOUSE forfeited.\n|\n|win|Delreynan\n|raw|Delreynan's rating: 1066 &rarr; <strong>1103<\/strong><br \/>(+37 for winning)\n|raw|KOTONOHOUSE's rating: 1146 &rarr; <strong>1115<\/strong><br \/>(-31 for losing)\n","uploadtime":1699810212,"views":10,"p1id":"delreynan","p2id":"kotonohouse","formatid":"gen9ou","rating":1103,"private":0,"password":""}