{"id":"gen9ou-1997915922","p1":"RedWave2024","p2":"pelukas","format":"[Gen 9] OU","log":"|j|\u2606RedWave2024\n|j|\u2606pelukas\n|t:|1700867060\n|gametype|singles\n|player|p1|RedWave2024|fairytalegirl|1348\n|player|p2|pelukas|grimsley|1246\n|teamsize|p1|6\n|teamsize|p2|6\n|gen|9\n|tier|[Gen 9] OU\n|rated|\n|rule|Sleep Clause Mod: Limit one foe put to sleep\n|rule|Species Clause: Limit one of each Pok\u00e9mon\n|rule|OHKO Clause: OHKO moves are banned\n|rule|Evasion Items Clause: Evasion items are banned\n|rule|Evasion Moves Clause: Evasion moves are banned\n|rule|Endless Battle Clause: Forcing endless battles is banned\n|rule|HP Percentage Mod: HP is shown in percentages\n|clearpoke\n|poke|p1|Polteageist-Antique|\n|poke|p1|Gardevoir, M|\n|poke|p1|Grafaiai, M|\n|poke|p1|Corviknight, M|\n|poke|p1|Regidrago|\n|poke|p1|Quaquaval, M|\n|poke|p2|Hoopa-Unbound|\n|poke|p2|Hydreigon, M|\n|poke|p2|Moltres-Galar|\n|poke|p2|Ting-Lu|\n|poke|p2|Qwilfish-Hisui, M|\n|poke|p2|Meowscarada, F|\n|teampreview\n|inactive|Battle timer is ON: inactive players will automatically lose when time's up. (requested by pelukas)\n|\n|t:|1700867072\n|start\n|switch|p1a: Grafaiai|Grafaiai, M|100\/100\n|switch|p2a: Meowscarada|Meowscarada, F, shiny|100\/100\n|turn|1\n|\n|t:|1700867076\n|move|p2a: Meowscarada|Knock Off|p1a: Grafaiai\n|-start|p2a: Meowscarada|typechange|Dark|[from] ability: Protean\n|-damage|p1a: Grafaiai|30\/100\n|-enditem|p1a: Grafaiai|Mirror Herb|[from] move: Knock Off|[of] p2a: Meowscarada\n|move|p1a: Grafaiai|Swagger|p2a: Meowscarada|[miss]\n|-miss|p1a: Grafaiai|p2a: Meowscarada\n|\n|upkeep\n|turn|2\n|\n|t:|1700867088\n|switch|p2a: Qwilfish|Qwilfish-Hisui, M|100\/100\n|-ability|p2a: Qwilfish|Intimidate|boost\n|-unboost|p1a: Grafaiai|atk|1\n|move|p1a: Grafaiai|Gunk Shot|p2a: Qwilfish\n|-resisted|p2a: Qwilfish\n|-damage|p2a: Qwilfish|91\/100\n|\n|upkeep\n|turn|3\n|\n|t:|1700867093\n|move|p1a: Grafaiai|Swagger|p2a: Qwilfish\n|-boost|p2a: Qwilfish|atk|2\n|-start|p2a: Qwilfish|confusion\n|-activate|p2a: Qwilfish|confusion\n|-damage|p2a: Qwilfish|77\/100|[from] confusion\n|\n|upkeep\n|turn|4\n|\n|t:|1700867104\n|switch|p2a: Ting-Lu|Ting-Lu|100\/100\n|-ability|p2a: Ting-Lu|Vessel of Ruin\n|move|p1a: Grafaiai|Acrobatics|p2a: Ting-Lu\n|-damage|p2a: Ting-Lu|86\/100\n|\n|-heal|p2a: Ting-Lu|93\/100|[from] item: Leftovers\n|upkeep\n|turn|5\n|\n|t:|1700867111\n|move|p1a: Grafaiai|Swagger|p2a: Ting-Lu\n|-boost|p2a: Ting-Lu|atk|2\n|-start|p2a: Ting-Lu|confusion\n|-activate|p2a: Ting-Lu|confusion\n|move|p2a: Ting-Lu|Earthquake|p1a: Grafaiai\n|-supereffective|p1a: Grafaiai\n|-damage|p1a: Grafaiai|0 fnt\n|faint|p1a: Grafaiai\n|\n|-heal|p2a: Ting-Lu|99\/100|[from] item: Leftovers\n|upkeep\n|\n|t:|1700867115\n|switch|p1a: Corviknight|Corviknight, M, shiny|100\/100\n|turn|6\n|\n|t:|1700867122\n|move|p1a: Corviknight|Bulk Up|p1a: Corviknight\n|-boost|p1a: Corviknight|atk|1\n|-boost|p1a: Corviknight|def|1\n|-activate|p2a: Ting-Lu|confusion\n|move|p2a: Ting-Lu|Stealth Rock|p1a: Corviknight\n|-sidestart|p1: RedWave2024|move: Stealth Rock\n|\n|-heal|p2a: Ting-Lu|100\/100|[from] item: Leftovers\n|upkeep\n|turn|7\n|\n|t:|1700867130\n|switch|p2a: Hydreigon|Hydreigon, M, shiny|100\/100\n|move|p1a: Corviknight|Agility|p1a: Corviknight\n|-boost|p1a: Corviknight|spe|2\n|\n|upkeep\n|turn|8\n|\n|t:|1700867136\n|-terastallize|p2a: Hydreigon|Poison\n|move|p1a: Corviknight|Agility|p1a: Corviknight\n|-boost|p1a: Corviknight|spe|2\n|move|p2a: Hydreigon|Nasty Plot|p2a: Hydreigon\n|-boost|p2a: Hydreigon|spa|2\n|\n|upkeep\n|turn|9\n|\n|t:|1700867142\n|move|p1a: Corviknight|Bulk Up|p1a: Corviknight\n|-boost|p1a: Corviknight|atk|1\n|-boost|p1a: Corviknight|def|1\n|move|p2a: Hydreigon|Nasty Plot|p2a: Hydreigon\n|-boost|p2a: Hydreigon|spa|2\n|\n|upkeep\n|turn|10\n|\n|t:|1700867145\n|move|p1a: Corviknight|Power Trip|p2a: Hydreigon\n|-damage|p2a: Hydreigon|19\/100\n|move|p2a: Hydreigon|Dark Pulse|p1a: Corviknight\n|-damage|p1a: Corviknight|12\/100\n|-enditem|p1a: Corviknight|Maranga Berry|[eat]\n|-boost|p1a: Corviknight|spd|1|[from] item: Maranga Berry\n|\n|-heal|p2a: Hydreigon|25\/100|[from] item: Leftovers\n|upkeep\n|turn|11\n|\n|t:|1700867170\n|move|p1a: Corviknight|Power Trip|p2a: Hydreigon\n|-damage|p2a: Hydreigon|0 fnt\n|faint|p2a: Hydreigon\n|\n|upkeep\n|\n|t:|1700867179\n|switch|p2a: Meowscarada|Meowscarada, F, shiny|100\/100\n|turn|12\n|\n|t:|1700867183\n|move|p2a: Meowscarada|Knock Off|p1a: Corviknight\n|-start|p2a: Meowscarada|typechange|Dark|[from] ability: Protean\n|-damage|p1a: Corviknight|0 fnt\n|faint|p1a: Corviknight\n|\n|upkeep\n|\n|t:|1700867189\n|switch|p1a: Quaquaval|Quaquaval, M, shiny|100\/100\n|-damage|p1a: Quaquaval|94\/100|[from] Stealth Rock\n|turn|13\n|\n|t:|1700867192\n|switch|p2a: Qwilfish|Qwilfish-Hisui, M|77\/100\n|-ability|p2a: Qwilfish|Intimidate|boost\n|-unboost|p1a: Quaquaval|atk|1\n|move|p1a: Quaquaval|Aqua Step|p2a: Qwilfish\n|-damage|p2a: Qwilfish|66\/100\n|-boost|p1a: Quaquaval|spe|1\n|\n|upkeep\n|turn|14\n|\n|t:|1700867197\n|move|p1a: Quaquaval|Bulk Up|p1a: Quaquaval\n|-boost|p1a: Quaquaval|atk|1\n|-boost|p1a: Quaquaval|def|1\n|move|p2a: Qwilfish|Toxic Spikes|p1a: Quaquaval\n|-sidestart|p1: RedWave2024|move: Toxic Spikes\n|\n|upkeep\n|turn|15\n|\n|t:|1700867200\n|move|p1a: Quaquaval|Bulk Up|p1a: Quaquaval\n|-boost|p1a: Quaquaval|atk|1\n|-boost|p1a: Quaquaval|def|1\n|move|p2a: Qwilfish|Toxic Spikes|p1a: Quaquaval\n|-sidestart|p1: RedWave2024|move: Toxic Spikes\n|\n|upkeep\n|turn|16\n|\n|t:|1700867202\n|move|p1a: Quaquaval|Aqua Step|p2a: Qwilfish\n|-damage|p2a: Qwilfish|38\/100\n|-boost|p1a: Quaquaval|spe|1\n|move|p2a: Qwilfish|Haze|p2a: Qwilfish\n|-clearallboost\n|\n|upkeep\n|turn|17\n|\n|t:|1700867204\n|move|p2a: Qwilfish|Barb Barrage|p1a: Quaquaval\n|-damage|p1a: Quaquaval|73\/100\n|-status|p1a: Quaquaval|psn\n|move|p1a: Quaquaval|Aqua Step|p2a: Qwilfish\n|-damage|p2a: Qwilfish|21\/100\n|-boost|p1a: Quaquaval|spe|1\n|\n|-damage|p1a: Quaquaval|60\/100 psn|[from] psn\n|upkeep\n|turn|18\n|\n|t:|1700867209\n|move|p1a: Quaquaval|Aqua Step|p2a: Qwilfish\n|-damage|p2a: Qwilfish|3\/100\n|-boost|p1a: Quaquaval|spe|1\n|move|p2a: Qwilfish|Barb Barrage|p1a: Quaquaval\n|-damage|p1a: Quaquaval|15\/100 psn\n|\n|-damage|p1a: Quaquaval|2\/100 psn|[from] psn\n|upkeep\n|turn|19\n|\n|t:|1700867215\n|switch|p2a: Meowscarada|Meowscarada, F, shiny|100\/100\n|move|p1a: Quaquaval|Roost|p1a: Quaquaval\n|-heal|p1a: Quaquaval|52\/100 psn\n|-singleturn|p1a: Quaquaval|move: Roost\n|\n|-damage|p1a: Quaquaval|40\/100 psn|[from] psn\n|upkeep\n|turn|20\n|\n|t:|1700867221\n|move|p2a: Meowscarada|Flower Trick|p1a: Quaquaval\n|-start|p2a: Meowscarada|typechange|Grass|[from] ability: Protean\n|-supereffective|p1a: Quaquaval\n|-crit|p1a: Quaquaval\n|-damage|p1a: Quaquaval|0 fnt\n|faint|p1a: Quaquaval\n|\n|upkeep\n|\n|t:|1700867226\n|switch|p1a: Regidrago|Regidrago|100\/100\n|-damage|p1a: Regidrago|88\/100|[from] Stealth Rock\n|-status|p1a: Regidrago|tox\n|turn|21\n|\n|t:|1700867231\n|switch|p2a: Qwilfish|Qwilfish-Hisui, M|3\/100\n|-ability|p2a: Qwilfish|Intimidate|boost\n|-unboost|p1a: Regidrago|atk|1\n|move|p1a: Regidrago|Dragon Dance|p1a: Regidrago\n|-boost|p1a: Regidrago|atk|1\n|-boost|p1a: Regidrago|spe|1\n|\n|-damage|p1a: Regidrago|82\/100 tox|[from] psn\n|upkeep\n|turn|22\n|\n|t:|1700867238\n|move|p1a: Regidrago|Tera Blast|p2a: Qwilfish\n|-damage|p2a: Qwilfish|0 fnt\n|faint|p2a: Qwilfish\n|\n|-damage|p1a: Regidrago|70\/100 tox|[from] psn\n|upkeep\n|\n|t:|1700867242\n|switch|p2a: Ting-Lu|Ting-Lu|100\/100\n|-ability|p2a: Ting-Lu|Vessel of Ruin\n|turn|23\n|\n|t:|1700867246\n|move|p1a: Regidrago|Focus Energy|p1a: Regidrago\n|-start|p1a: Regidrago|move: Focus Energy\n|move|p2a: Ting-Lu|Earthquake|p1a: Regidrago\n|-damage|p1a: Regidrago|19\/100 tox\n|\n|-damage|p1a: Regidrago|0 fnt|[from] psn\n|faint|p1a: Regidrago\n|upkeep\n|\n|t:|1700867250\n|switch|p1a: Gardevoir|Gardevoir, M|100\/100\n|-damage|p1a: Gardevoir|88\/100|[from] Stealth Rock\n|-status|p1a: Gardevoir|tox\n|-ability|p1a: Gardevoir|Vessel of Ruin\n|-ability|p1a: Gardevoir|Vessel of Ruin|[from] ability: Trace|[of] p2a: Ting-Lu\n|turn|24\n|\n|t:|1700867255\n|move|p1a: Gardevoir|Calm Mind|p1a: Gardevoir\n|-boost|p1a: Gardevoir|spa|1\n|-boost|p1a: Gardevoir|spd|1\n|move|p2a: Ting-Lu|Heavy Slam|p1a: Gardevoir\n|-supereffective|p1a: Gardevoir\n|-damage|p1a: Gardevoir|20\/100 tox\n|-enditem|p1a: Gardevoir|Kee Berry|[eat]\n|-boost|p1a: Gardevoir|def|1|[from] item: Kee Berry\n|\n|-damage|p1a: Gardevoir|14\/100 tox|[from] psn\n|upkeep\n|turn|25\n|c|\u2606RedWave2024|Its always these types of teams that get me\n|\n|t:|1700867269\n|move|p1a: Gardevoir|Draining Kiss|p2a: Ting-Lu\n|-supereffective|p2a: Ting-Lu\n|-damage|p2a: Ting-Lu|65\/100\n|-heal|p1a: Gardevoir|53\/100 tox|[from] drain|[of] p2a: Ting-Lu\n|move|p2a: Ting-Lu|Whirlwind|p1a: Gardevoir\n|drag|p1a: Polteageist|Polteageist-Antique, shiny|100\/100\n|-damage|p1a: Polteageist|88\/100|[from] Stealth Rock\n|-status|p1a: Polteageist|tox\n|\n|-heal|p2a: Ting-Lu|71\/100|[from] item: Leftovers\n|-damage|p1a: Polteageist|82\/100 tox|[from] psn\n|upkeep\n|turn|26\n|c|\u2606pelukas|monotipes?\n|c|\u2606RedWave2024|weird teams that use common mons\n|c|\u2606RedWave2024|in nonsense ways\n|c|\u2606RedWave2024|like full phyiscal ting lus\n|\n|t:|1700867299\n|move|p1a: Polteageist|Shell Smash|p1a: Polteageist\n|-unboost|p1a: Polteageist|def|1\n|-unboost|p1a: Polteageist|spd|1\n|-boost|p1a: Polteageist|atk|2\n|-boost|p1a: Polteageist|spa|2\n|-boost|p1a: Polteageist|spe|2\n|-enditem|p1a: Polteageist|White Herb\n|-clearnegativeboost|p1a: Polteageist|[silent]\n|move|p2a: Ting-Lu|Earthquake|p1a: Polteageist\n|-damage|p1a: Polteageist|37\/100 tox\n|\n|-heal|p2a: Ting-Lu|77\/100|[from] item: Leftovers\n|-damage|p1a: Polteageist|24\/100 tox|[from] psn\n|upkeep\n|turn|27\n|-message|RedWave2024 forfeited.\n|\n|win|pelukas\n|raw|RedWave2024's rating: 1348 &rarr; <strong>1322<\/strong><br \/>(-26 for losing)\n|raw|pelukas's rating: 1246 &rarr; <strong>1278<\/strong><br \/>(+32 for winning)\n|l|\u2606RedWave2024\n|c|\u2606pelukas|isn,t phisical\n|c|\u2606pelukas|is def esp\n|l|\u2606pelukas\n|j|\u2606pelukas\n|player|p2|pelukas|grimsley\n","uploadtime":1700867373,"views":22,"p1id":"redwave2024","p2id":"pelukas","formatid":"gen9ou","rating":1278,"private":0,"password":""}