{"id":"gen9ou-1993437099","p1":"jacothaptrllr","p2":"HeyEmi","format":"[Gen 9] OU","log":"|j|\u2606jacothaptrllr\n|j|\u2606HeyEmi\n|t:|1700317781\n|gametype|singles\n|player|p1|jacothaptrllr|shadowtriad|1039\n|player|p2|HeyEmi|102|1018\n|teamsize|p1|6\n|teamsize|p2|6\n|gen|9\n|tier|[Gen 9] OU\n|rated|\n|rule|Sleep Clause Mod: Limit one foe put to sleep\n|rule|Species Clause: Limit one of each Pok\u00e9mon\n|rule|OHKO Clause: OHKO moves are banned\n|rule|Evasion Items Clause: Evasion items are banned\n|rule|Evasion Moves Clause: Evasion moves are banned\n|rule|Endless Battle Clause: Forcing endless battles is banned\n|rule|HP Percentage Mod: HP is shown in percentages\n|clearpoke\n|poke|p1|Pelipper, M|\n|poke|p1|Basculegion, M|\n|poke|p1|Goodra-Hisui, M|\n|poke|p1|Crawdaunt, F|\n|poke|p1|Slowbro-Galar, M|\n|poke|p1|Electrode-Hisui|\n|poke|p2|Scyther, M|\n|poke|p2|Klefki, M|\n|poke|p2|Goodra, F|\n|poke|p2|Magneton|\n|poke|p2|Drifblim, M|\n|poke|p2|Luxray, M|\n|teampreview\n|inactive|Battle timer is ON: inactive players will automatically lose when time's up. (requested by jacothaptrllr)\n|\n|t:|1700317797\n|start\n|switch|p1a: anti ribombee|Electrode-Hisui, shiny|100\/100\n|switch|p2a: Klefki|Klefki, M|100\/100\n|turn|1\n|\n|t:|1700317805\n|move|p2a: Klefki|Light Screen|p2a: Klefki\n|-sidestart|p2: HeyEmi|move: Light Screen\n|move|p1a: anti ribombee|Leech Seed|p2a: Klefki\n|-start|p2a: Klefki|move: Leech Seed\n|\n|-damage|p2a: Klefki|88\/100|[from] Leech Seed|[of] p1a: anti ribombee\n|upkeep\n|turn|2\n|\n|t:|1700317813\n|move|p2a: Klefki|Spikes|p1a: anti ribombee\n|-sidestart|p1: jacothaptrllr|Spikes\n|move|p1a: anti ribombee|Substitute|p1a: anti ribombee\n|-start|p1a: anti ribombee|Substitute\n|-damage|p1a: anti ribombee|75\/100\n|\n|-heal|p1a: anti ribombee|82\/100|[from] item: Leftovers\n|-damage|p2a: Klefki|76\/100|[from] Leech Seed|[of] p1a: anti ribombee\n|-heal|p1a: anti ribombee|94\/100|[silent]\n|upkeep\n|turn|3\n|\n|t:|1700317823\n|move|p2a: Klefki|Spikes|p1a: anti ribombee\n|-sidestart|p1: jacothaptrllr|Spikes\n|move|p1a: anti ribombee|Taunt|p2a: Klefki\n|-start|p2a: Klefki|move: Taunt\n|\n|-heal|p1a: anti ribombee|99\/100|[from] item: Leftovers\n|-damage|p2a: Klefki|64\/100|[from] Leech Seed|[of] p1a: anti ribombee\n|-heal|p1a: anti ribombee|100\/100|[silent]\n|upkeep\n|turn|4\n|\n|t:|1700317834\n|switch|p2a: Goodra|Goodra, F|100\/100\n|move|p1a: anti ribombee|Leech Seed|p2a: Goodra\n|-start|p2a: Goodra|move: Leech Seed\n|\n|-damage|p2a: Goodra|88\/100|[from] Leech Seed|[of] p1a: anti ribombee\n|upkeep\n|turn|5\n|\n|t:|1700317844\n|move|p1a: anti ribombee|Protect|p1a: anti ribombee\n|-singleturn|p1a: anti ribombee|Protect\n|move|p2a: Goodra|Earthquake|p1a: anti ribombee\n|-activate|p1a: anti ribombee|move: Protect\n|\n|-damage|p2a: Goodra|76\/100|[from] Leech Seed|[of] p1a: anti ribombee\n|upkeep\n|turn|6\n|\n|t:|1700317859\n|move|p1a: anti ribombee|Taunt|p2a: Goodra\n|-start|p2a: Goodra|move: Taunt\n|move|p2a: Goodra|Earthquake|p1a: anti ribombee\n|-end|p1a: anti ribombee|Substitute\n|\n|-damage|p2a: Goodra|63\/100|[from] Leech Seed|[of] p1a: anti ribombee\n|upkeep\n|turn|7\n|\n|t:|1700317873\n|switch|p2a: Drifblim|Drifblim, M|100\/100\n|move|p1a: anti ribombee|Substitute|p1a: anti ribombee\n|-start|p1a: anti ribombee|Substitute\n|-damage|p1a: anti ribombee|75\/100\n|\n|-heal|p1a: anti ribombee|82\/100|[from] item: Leftovers\n|upkeep\n|turn|8\n|\n|t:|1700317884\n|move|p1a: anti ribombee|Leech Seed|p2a: Drifblim\n|-start|p2a: Drifblim|move: Leech Seed\n|move|p2a: Drifblim|Knock Off|p1a: anti ribombee\n|-activate|p1a: anti ribombee|move: Substitute|[damage]\n|\n|-heal|p1a: anti ribombee|88\/100|[from] item: Leftovers\n|-damage|p2a: Drifblim|88\/100|[from] Leech Seed|[of] p1a: anti ribombee\n|-heal|p1a: anti ribombee|100\/100|[silent]\n|-sideend|p2: HeyEmi|move: Light Screen\n|upkeep\n|turn|9\n|\n|t:|1700317894\n|move|p1a: anti ribombee|Protect|p1a: anti ribombee\n|-singleturn|p1a: anti ribombee|Protect\n|move|p2a: Drifblim|Knock Off|p1a: anti ribombee\n|-activate|p1a: anti ribombee|move: Protect\n|\n|-heal|p2a: Drifblim|94\/100|[from] item: Leftovers\n|-damage|p2a: Drifblim|82\/100|[from] Leech Seed|[of] p1a: anti ribombee\n|upkeep\n|turn|10\n|\n|t:|1700317904\n|move|p1a: anti ribombee|Taunt|p2a: Drifblim\n|-start|p2a: Drifblim|move: Taunt\n|move|p2a: Drifblim|Knock Off|p1a: anti ribombee\n|-end|p1a: anti ribombee|Substitute\n|\n|-heal|p2a: Drifblim|88\/100|[from] item: Leftovers\n|-damage|p2a: Drifblim|75\/100|[from] Leech Seed|[of] p1a: anti ribombee\n|upkeep\n|turn|11\n|\n|t:|1700317917\n|move|p1a: anti ribombee|Substitute|p1a: anti ribombee\n|-start|p1a: anti ribombee|Substitute\n|-damage|p1a: anti ribombee|75\/100\n|move|p2a: Drifblim|Knock Off|p1a: anti ribombee\n|-activate|p1a: anti ribombee|move: Substitute|[damage]\n|\n|-heal|p1a: anti ribombee|82\/100|[from] item: Leftovers\n|-heal|p2a: Drifblim|81\/100|[from] item: Leftovers\n|-damage|p2a: Drifblim|69\/100|[from] Leech Seed|[of] p1a: anti ribombee\n|-heal|p1a: anti ribombee|100\/100|[silent]\n|upkeep\n|turn|12\n|\n|t:|1700317926\n|move|p1a: anti ribombee|Protect|p1a: anti ribombee\n|-singleturn|p1a: anti ribombee|Protect\n|move|p2a: Drifblim|Knock Off|p1a: anti ribombee\n|-activate|p1a: anti ribombee|move: Protect\n|\n|-heal|p2a: Drifblim|75\/100|[from] item: Leftovers\n|-damage|p2a: Drifblim|63\/100|[from] Leech Seed|[of] p1a: anti ribombee\n|-end|p2a: Drifblim|move: Taunt\n|upkeep\n|turn|13\n|\n|t:|1700317936\n|move|p1a: anti ribombee|Leech Seed||[still]\n|-fail|p1a: anti ribombee\n|move|p2a: Drifblim|Knock Off|p1a: anti ribombee\n|-end|p1a: anti ribombee|Substitute\n|\n|-heal|p2a: Drifblim|69\/100|[from] item: Leftovers\n|-damage|p2a: Drifblim|56\/100|[from] Leech Seed|[of] p1a: anti ribombee\n|upkeep\n|turn|14\n|\n|t:|1700317944\n|move|p1a: anti ribombee|Substitute|p1a: anti ribombee\n|-start|p1a: anti ribombee|Substitute\n|-damage|p1a: anti ribombee|75\/100\n|move|p2a: Drifblim|Shadow Ball|p1a: anti ribombee\n|-end|p1a: anti ribombee|Substitute\n|\n|-heal|p1a: anti ribombee|82\/100|[from] item: Leftovers\n|-heal|p2a: Drifblim|62\/100|[from] item: Leftovers\n|-damage|p2a: Drifblim|50\/100|[from] Leech Seed|[of] p1a: anti ribombee\n|-heal|p1a: anti ribombee|100\/100|[silent]\n|upkeep\n|turn|15\n|\n|t:|1700317954\n|move|p1a: anti ribombee|Substitute|p1a: anti ribombee\n|-start|p1a: anti ribombee|Substitute\n|-damage|p1a: anti ribombee|75\/100\n|move|p2a: Drifblim|Knock Off|p1a: anti ribombee\n|-activate|p1a: anti ribombee|move: Substitute|[damage]\n|\n|-heal|p1a: anti ribombee|82\/100|[from] item: Leftovers\n|-heal|p2a: Drifblim|56\/100|[from] item: Leftovers\n|-damage|p2a: Drifblim|44\/100|[from] Leech Seed|[of] p1a: anti ribombee\n|-heal|p1a: anti ribombee|100\/100|[silent]\n|upkeep\n|turn|16\n|\n|t:|1700317964\n|move|p1a: anti ribombee|Protect|p1a: anti ribombee\n|-singleturn|p1a: anti ribombee|Protect\n|move|p2a: Drifblim|Knock Off|p1a: anti ribombee\n|-activate|p1a: anti ribombee|move: Protect\n|\n|-heal|p2a: Drifblim|50\/100|[from] item: Leftovers\n|-damage|p2a: Drifblim|37\/100|[from] Leech Seed|[of] p1a: anti ribombee\n|upkeep\n|turn|17\n|\n|t:|1700317972\n|move|p1a: anti ribombee|Leech Seed||[still]\n|-fail|p1a: anti ribombee\n|move|p2a: Drifblim|Knock Off|p1a: anti ribombee\n|-end|p1a: anti ribombee|Substitute\n|\n|-heal|p2a: Drifblim|43\/100|[from] item: Leftovers\n|-damage|p2a: Drifblim|31\/100|[from] Leech Seed|[of] p1a: anti ribombee\n|upkeep\n|turn|18\n|\n|t:|1700317980\n|move|p1a: anti ribombee|Protect|p1a: anti ribombee\n|-singleturn|p1a: anti ribombee|Protect\n|move|p2a: Drifblim|Shadow Ball|p1a: anti ribombee\n|-activate|p1a: anti ribombee|move: Protect\n|\n|-heal|p2a: Drifblim|37\/100|[from] item: Leftovers\n|-damage|p2a: Drifblim|25\/100|[from] Leech Seed|[of] p1a: anti ribombee\n|upkeep\n|turn|19\n|\n|t:|1700317988\n|move|p1a: anti ribombee|Substitute|p1a: anti ribombee\n|-start|p1a: anti ribombee|Substitute\n|-damage|p1a: anti ribombee|75\/100\n|move|p2a: Drifblim|Shadow Ball|p1a: anti ribombee\n|-end|p1a: anti ribombee|Substitute\n|\n|-heal|p1a: anti ribombee|82\/100|[from] item: Leftovers\n|-heal|p2a: Drifblim|31\/100|[from] item: Leftovers\n|-damage|p2a: Drifblim|18\/100|[from] Leech Seed|[of] p1a: anti ribombee\n|-heal|p1a: anti ribombee|100\/100|[silent]\n|upkeep\n|turn|20\n|\n|t:|1700317998\n|move|p1a: anti ribombee|Substitute|p1a: anti ribombee\n|-start|p1a: anti ribombee|Substitute\n|-damage|p1a: anti ribombee|75\/100\n|move|p2a: Drifblim|Shadow Ball|p1a: anti ribombee\n|-end|p1a: anti ribombee|Substitute\n|\n|-heal|p1a: anti ribombee|82\/100|[from] item: Leftovers\n|-heal|p2a: Drifblim|24\/100|[from] item: Leftovers\n|-damage|p2a: Drifblim|12\/100|[from] Leech Seed|[of] p1a: anti ribombee\n|-heal|p1a: anti ribombee|100\/100|[silent]\n|upkeep\n|turn|21\n|\n|t:|1700318010\n|move|p1a: anti ribombee|Substitute|p1a: anti ribombee\n|-start|p1a: anti ribombee|Substitute\n|-damage|p1a: anti ribombee|75\/100\n|move|p2a: Drifblim|Will-O-Wisp||[still]\n|-fail|p2a: Drifblim\n|\n|-heal|p1a: anti ribombee|82\/100|[from] item: Leftovers\n|-heal|p2a: Drifblim|18\/100|[from] item: Leftovers\n|-damage|p2a: Drifblim|5\/100|[from] Leech Seed|[of] p1a: anti ribombee\n|-heal|p1a: anti ribombee|100\/100|[silent]\n|upkeep\n|turn|22\n|\n|t:|1700318019\n|move|p1a: anti ribombee|Protect|p1a: anti ribombee\n|-singleturn|p1a: anti ribombee|Protect\n|move|p2a: Drifblim|Shadow Ball|p1a: anti ribombee\n|-activate|p1a: anti ribombee|move: Protect\n|\n|-heal|p2a: Drifblim|12\/100|[from] item: Leftovers\n|-damage|p2a: Drifblim|0 fnt|[from] Leech Seed|[of] p1a: anti ribombee\n|faint|p2a: Drifblim\n|upkeep\n|\n|t:|1700318039\n|switch|p2a: Scyther|Scyther, M|100\/100\n|turn|23\n|\n|t:|1700318049\n|move|p2a: Scyther|Protect|p2a: Scyther\n|-singleturn|p2a: Scyther|Protect\n|move|p1a: anti ribombee|Taunt|p2a: Scyther\n|-activate|p2a: Scyther|move: Protect\n|\n|upkeep\n|turn|24\n|\n|t:|1700318056\n|move|p1a: anti ribombee|Leech Seed|p2a: Scyther\n|-start|p2a: Scyther|move: Leech Seed\n|move|p2a: Scyther|Dual Wingbeat|p1a: anti ribombee\n|-end|p1a: anti ribombee|Substitute\n|-damage|p1a: anti ribombee|63\/100\n|-hitcount|p1a: anti ribombee|2\n|\n|-heal|p1a: anti ribombee|69\/100|[from] item: Leftovers\n|-damage|p2a: Scyther|88\/100|[from] Leech Seed|[of] p1a: anti ribombee\n|-heal|p1a: anti ribombee|80\/100|[silent]\n|upkeep\n|turn|25\n|\n|t:|1700318065\n|move|p1a: anti ribombee|Protect|p1a: anti ribombee\n|-singleturn|p1a: anti ribombee|Protect\n|move|p2a: Scyther|Dual Wingbeat|p1a: anti ribombee\n|-activate|p1a: anti ribombee|move: Protect\n|\n|-heal|p1a: anti ribombee|86\/100|[from] item: Leftovers\n|-damage|p2a: Scyther|76\/100|[from] Leech Seed|[of] p1a: anti ribombee\n|-heal|p1a: anti ribombee|96\/100|[silent]\n|upkeep\n|turn|26\n|\n|t:|1700318076\n|move|p1a: anti ribombee|Substitute|p1a: anti ribombee\n|-start|p1a: anti ribombee|Substitute\n|-damage|p1a: anti ribombee|71\/100\n|move|p2a: Scyther|Dual Wingbeat|p1a: anti ribombee\n|-end|p1a: anti ribombee|Substitute\n|-damage|p1a: anti ribombee|35\/100\n|-hitcount|p1a: anti ribombee|2\n|\n|-heal|p1a: anti ribombee|41\/100|[from] item: Leftovers\n|-damage|p2a: Scyther|63\/100|[from] Leech Seed|[of] p1a: anti ribombee\n|-heal|p1a: anti ribombee|52\/100|[silent]\n|upkeep\n|turn|27\n|\n|t:|1700318090\n|move|p1a: anti ribombee|Protect|p1a: anti ribombee\n|-singleturn|p1a: anti ribombee|Protect\n|move|p2a: Scyther|Dual Wingbeat|p1a: anti ribombee\n|-activate|p1a: anti ribombee|move: Protect\n|\n|-heal|p1a: anti ribombee|58\/100|[from] item: Leftovers\n|-damage|p2a: Scyther|51\/100|[from] Leech Seed|[of] p1a: anti ribombee\n|-heal|p1a: anti ribombee|69\/100|[silent]\n|upkeep\n|turn|28\n|\n|t:|1700318104\n|-terastallize|p1a: anti ribombee|Electric\n|move|p1a: anti ribombee|Substitute|p1a: anti ribombee\n|-start|p1a: anti ribombee|Substitute\n|-damage|p1a: anti ribombee|44\/100\n|move|p2a: Scyther|Dual Wingbeat|p1a: anti ribombee\n|-resisted|p1a: anti ribombee\n|-activate|p1a: anti ribombee|move: Substitute|[damage]\n|-resisted|p1a: anti ribombee\n|-end|p1a: anti ribombee|Substitute\n|-hitcount|p1a: anti ribombee|2\n|\n|-heal|p1a: anti ribombee|50\/100|[from] item: Leftovers\n|-damage|p2a: Scyther|38\/100|[from] Leech Seed|[of] p1a: anti ribombee\n|-heal|p1a: anti ribombee|61\/100|[silent]\n|upkeep\n|turn|29\n|\n|t:|1700318131\n|switch|p2a: Goodra|Goodra, F|63\/100\n|move|p1a: anti ribombee|Substitute|p1a: anti ribombee\n|-start|p1a: anti ribombee|Substitute\n|-damage|p1a: anti ribombee|36\/100\n|\n|-heal|p1a: anti ribombee|42\/100|[from] item: Leftovers\n|upkeep\n|turn|30\n|\n|t:|1700318140\n|move|p1a: anti ribombee|Leech Seed|p2a: Goodra\n|-start|p2a: Goodra|move: Leech Seed\n|move|p2a: Goodra|Earthquake|p1a: anti ribombee\n|-supereffective|p1a: anti ribombee\n|-end|p1a: anti ribombee|Substitute\n|\n|-heal|p1a: anti ribombee|48\/100|[from] item: Leftovers\n|-damage|p2a: Goodra|51\/100|[from] Leech Seed|[of] p1a: anti ribombee\n|-heal|p1a: anti ribombee|61\/100|[silent]\n|upkeep\n|turn|31\n|\n|t:|1700318149\n|move|p1a: anti ribombee|Substitute|p1a: anti ribombee\n|-start|p1a: anti ribombee|Substitute\n|-damage|p1a: anti ribombee|36\/100\n|move|p2a: Goodra|Earthquake|p1a: anti ribombee\n|-supereffective|p1a: anti ribombee\n|-end|p1a: anti ribombee|Substitute\n|\n|-heal|p1a: anti ribombee|42\/100|[from] item: Leftovers\n|-damage|p2a: Goodra|38\/100|[from] Leech Seed|[of] p1a: anti ribombee\n|-heal|p1a: anti ribombee|54\/100|[silent]\n|upkeep\n|turn|32\n|\n|t:|1700318158\n|move|p1a: anti ribombee|Protect|p1a: anti ribombee\n|-singleturn|p1a: anti ribombee|Protect\n|move|p2a: Goodra|Earthquake|p1a: anti ribombee\n|-activate|p1a: anti ribombee|move: Protect\n|\n|-heal|p1a: anti ribombee|60\/100|[from] item: Leftovers\n|-damage|p2a: Goodra|26\/100|[from] Leech Seed|[of] p1a: anti ribombee\n|-heal|p1a: anti ribombee|73\/100|[silent]\n|upkeep\n|turn|33\n|\n|t:|1700318166\n|move|p1a: anti ribombee|Substitute|p1a: anti ribombee\n|-start|p1a: anti ribombee|Substitute\n|-damage|p1a: anti ribombee|48\/100\n|move|p2a: Goodra|Earthquake|p1a: anti ribombee\n|-supereffective|p1a: anti ribombee\n|-end|p1a: anti ribombee|Substitute\n|\n|-heal|p1a: anti ribombee|54\/100|[from] item: Leftovers\n|-damage|p2a: Goodra|13\/100|[from] Leech Seed|[of] p1a: anti ribombee\n|-heal|p1a: anti ribombee|66\/100|[silent]\n|upkeep\n|turn|34\n|\n|t:|1700318174\n|move|p1a: anti ribombee|Substitute|p1a: anti ribombee\n|-start|p1a: anti ribombee|Substitute\n|-damage|p1a: anti ribombee|41\/100\n|move|p2a: Goodra|Earthquake|p1a: anti ribombee\n|-supereffective|p1a: anti ribombee\n|-end|p1a: anti ribombee|Substitute\n|\n|-heal|p1a: anti ribombee|47\/100|[from] item: Leftovers\n|-damage|p2a: Goodra|1\/100|[from] Leech Seed|[of] p1a: anti ribombee\n|-heal|p1a: anti ribombee|60\/100|[silent]\n|upkeep\n|turn|35\n|\n|t:|1700318186\n|move|p1a: anti ribombee|Protect|p1a: anti ribombee\n|-singleturn|p1a: anti ribombee|Protect\n|move|p2a: Goodra|Earthquake|p1a: anti ribombee\n|-activate|p1a: anti ribombee|move: Protect\n|\n|-heal|p1a: anti ribombee|66\/100|[from] item: Leftovers\n|-damage|p2a: Goodra|0 fnt|[from] Leech Seed|[of] p1a: anti ribombee\n|-heal|p1a: anti ribombee|66\/100|[silent]\n|faint|p2a: Goodra\n|upkeep\n|\n|t:|1700318200\n|switch|p2a: Scyther|Scyther, M|38\/100\n|turn|36\n|\n|t:|1700318211\n|move|p2a: Scyther|Quick Attack|p1a: anti ribombee\n|-damage|p1a: anti ribombee|44\/100\n|move|p1a: anti ribombee|Leech Seed|p2a: Scyther\n|-start|p2a: Scyther|move: Leech Seed\n|\n|-heal|p1a: anti ribombee|50\/100|[from] item: Leftovers\n|-damage|p2a: Scyther|26\/100|[from] Leech Seed|[of] p1a: anti ribombee\n|-heal|p1a: anti ribombee|61\/100|[silent]\n|upkeep\n|turn|37\n|\n|t:|1700318219\n|move|p1a: anti ribombee|Substitute|p1a: anti ribombee\n|-start|p1a: anti ribombee|Substitute\n|-damage|p1a: anti ribombee|36\/100\n|move|p2a: Scyther|Trailblaze|p1a: anti ribombee\n|-end|p1a: anti ribombee|Substitute\n|-boost|p2a: Scyther|spe|1\n|\n|-heal|p1a: anti ribombee|42\/100|[from] item: Leftovers\n|-damage|p2a: Scyther|13\/100|[from] Leech Seed|[of] p1a: anti ribombee\n|-heal|p1a: anti ribombee|53\/100|[silent]\n|upkeep\n|turn|38\n|\n|t:|1700318229\n|move|p1a: anti ribombee|Protect|p1a: anti ribombee\n|-singleturn|p1a: anti ribombee|Protect\n|move|p2a: Scyther|Trailblaze|p1a: anti ribombee\n|-activate|p1a: anti ribombee|move: Protect\n|\n|-heal|p1a: anti ribombee|59\/100|[from] item: Leftovers\n|-damage|p2a: Scyther|1\/100|[from] Leech Seed|[of] p1a: anti ribombee\n|-heal|p1a: anti ribombee|70\/100|[silent]\n|upkeep\n|turn|39\n|\n|t:|1700318243\n|move|p2a: Scyther|Trailblaze|p1a: anti ribombee\n|-damage|p1a: anti ribombee|39\/100\n|-boost|p2a: Scyther|spe|1\n|move|p1a: anti ribombee|Substitute|p1a: anti ribombee\n|-start|p1a: anti ribombee|Substitute\n|-damage|p1a: anti ribombee|14\/100\n|\n|-heal|p1a: anti ribombee|21\/100|[from] item: Leftovers\n|-damage|p2a: Scyther|0 fnt|[from] Leech Seed|[of] p1a: anti ribombee\n|-heal|p1a: anti ribombee|21\/100|[silent]\n|faint|p2a: Scyther\n|upkeep\n|\n|t:|1700318256\n|switch|p2a: Luxray|Luxray, M, shiny|100\/100\n|turn|40\n|\n|t:|1700318261\n|move|p1a: anti ribombee|Leech Seed|p2a: Luxray\n|-start|p2a: Luxray|move: Leech Seed\n|move|p2a: Luxray|Fire Fang|p1a: anti ribombee\n|-end|p1a: anti ribombee|Substitute\n|\n|-heal|p1a: anti ribombee|27\/100|[from] item: Leftovers\n|-damage|p2a: Luxray|88\/100|[from] Leech Seed|[of] p1a: anti ribombee\n|-heal|p1a: anti ribombee|38\/100|[silent]\n|-status|p2a: Luxray|tox|[from] item: Toxic Orb\n|upkeep\n|turn|41\n|\n|t:|1700318271\n|switch|p2a: Klefki|Klefki, M|64\/100\n|move|p1a: anti ribombee|Protect||[still]\n|-fail|p1a: anti ribombee\n|\n|-heal|p1a: anti ribombee|45\/100|[from] item: Leftovers\n|upkeep\n|turn|42\n|\n|t:|1700318286\n|move|p2a: Klefki|Spikes|p1a: anti ribombee\n|-sidestart|p1: jacothaptrllr|Spikes\n|move|p1a: anti ribombee|Leech Seed|p2a: Klefki\n|-start|p2a: Klefki|move: Leech Seed\n|\n|-heal|p1a: anti ribombee|51\/100|[from] item: Leftovers\n|-damage|p2a: Klefki|51\/100|[from] Leech Seed|[of] p1a: anti ribombee\n|-heal|p1a: anti ribombee|63\/100|[silent]\n|upkeep\n|turn|43\n|\n|t:|1700318293\n|move|p2a: Klefki|Light Screen|p2a: Klefki\n|-sidestart|p2: HeyEmi|move: Light Screen\n|move|p1a: anti ribombee|Leech Seed||[still]\n|-fail|p1a: anti ribombee\n|\n|-heal|p1a: anti ribombee|69\/100|[from] item: Leftovers\n|-damage|p2a: Klefki|39\/100|[from] Leech Seed|[of] p1a: anti ribombee\n|-heal|p1a: anti ribombee|81\/100|[silent]\n|upkeep\n|turn|44\n|\n|t:|1700318300\n|move|p2a: Klefki|Reflect|p2a: Klefki\n|-sidestart|p2: HeyEmi|Reflect\n|move|p1a: anti ribombee|Taunt|p2a: Klefki\n|-start|p2a: Klefki|move: Taunt\n|\n|-heal|p1a: anti ribombee|87\/100|[from] item: Leftovers\n|-damage|p2a: Klefki|27\/100|[from] Leech Seed|[of] p1a: anti ribombee\n|-heal|p1a: anti ribombee|99\/100|[silent]\n|upkeep\n|turn|45\n|\n|t:|1700318309\n|switch|p2a: Luxray|Luxray, M, shiny|88\/100 tox\n|move|p1a: anti ribombee|Leech Seed|p2a: Luxray\n|-start|p2a: Luxray|move: Leech Seed\n|\n|-heal|p1a: anti ribombee|100\/100|[from] item: Leftovers\n|-damage|p2a: Luxray|76\/100 tox|[from] Leech Seed|[of] p1a: anti ribombee\n|-damage|p2a: Luxray|70\/100 tox|[from] psn\n|upkeep\n|turn|46\n|\n|t:|1700318317\n|move|p1a: anti ribombee|Protect|p1a: anti ribombee\n|-singleturn|p1a: anti ribombee|Protect\n|move|p2a: Luxray|Facade|p1a: anti ribombee\n|-activate|p1a: anti ribombee|move: Protect\n|\n|-damage|p2a: Luxray|58\/100 tox|[from] Leech Seed|[of] p1a: anti ribombee\n|-damage|p2a: Luxray|46\/100 tox|[from] psn\n|upkeep\n|turn|47\n|\n|t:|1700318340\n|switch|p1a: might off itself?|Basculegion, M|100\/100\n|-damage|p1a: might off itself?|76\/100|[from] Spikes\n|move|p2a: Luxray|Facade|p1a: might off itself?\n|-immune|p1a: might off itself?\n|\n|-damage|p2a: Luxray|34\/100 tox|[from] Leech Seed|[of] p1a: might off itself?\n|-heal|p1a: might off itself?|85\/100|[silent]\n|-damage|p2a: Luxray|16\/100 tox|[from] psn\n|upkeep\n|turn|48\n|\n|t:|1700318350\n|move|p1a: might off itself?|Aqua Jet|p2a: Luxray\n|-damage|p2a: Luxray|0 fnt\n|faint|p2a: Luxray\n|-damage|p1a: might off itself?|75\/100|[from] item: Life Orb\n|\n|upkeep\n|\n|t:|1700318355\n|switch|p2a: Magneton|Magneton, shiny|100\/100\n|turn|49\n|\n|t:|1700318362\n|switch|p1a: anti ribombee|Electrode-Hisui, shiny, tera:Electric|100\/100\n|-damage|p1a: anti ribombee|75\/100|[from] Spikes\n|move|p2a: Magneton|Volt Switch|p1a: anti ribombee\n|-resisted|p1a: anti ribombee\n|-damage|p1a: anti ribombee|51\/100\n|\n|t:|1700318368\n|switch|p2a: Klefki|Klefki, M|27\/100|[from] Volt Switch\n|\n|-heal|p1a: anti ribombee|58\/100|[from] item: Leftovers\n|upkeep\n|turn|50\n|\n|t:|1700318377\n|switch|p2a: Magneton|Magneton, shiny|100\/100\n|move|p1a: anti ribombee|Leech Seed|p2a: Magneton\n|-start|p2a: Magneton|move: Leech Seed\n|\n|-heal|p1a: anti ribombee|64\/100|[from] item: Leftovers\n|-damage|p2a: Magneton|88\/100|[from] Leech Seed|[of] p1a: anti ribombee\n|-heal|p1a: anti ribombee|73\/100|[silent]\n|-sideend|p2: HeyEmi|move: Light Screen\n|upkeep\n|turn|51\n|\n|t:|1700318385\n|move|p1a: anti ribombee|Protect|p1a: anti ribombee\n|-singleturn|p1a: anti ribombee|Protect\n|move|p2a: Magneton|Tri Attack|p1a: anti ribombee\n|-activate|p1a: anti ribombee|move: Protect\n|\n|-heal|p1a: anti ribombee|79\/100|[from] item: Leftovers\n|-damage|p2a: Magneton|76\/100|[from] Leech Seed|[of] p1a: anti ribombee\n|-heal|p1a: anti ribombee|88\/100|[silent]\n|-sideend|p2: HeyEmi|Reflect\n|upkeep\n|turn|52\n|\n|t:|1700318396\n|move|p1a: anti ribombee|Taunt|p2a: Magneton\n|-start|p2a: Magneton|move: Taunt\n|move|p2a: Magneton|Tri Attack|p1a: anti ribombee\n|-crit|p1a: anti ribombee\n|-damage|p1a: anti ribombee|32\/100\n|\n|-heal|p1a: anti ribombee|38\/100|[from] item: Leftovers\n|-damage|p2a: Magneton|63\/100|[from] Leech Seed|[of] p1a: anti ribombee\n|-heal|p1a: anti ribombee|48\/100|[silent]\n|upkeep\n|turn|53\n|\n|t:|1700318406\n|move|p1a: anti ribombee|Protect|p1a: anti ribombee\n|-singleturn|p1a: anti ribombee|Protect\n|move|p2a: Magneton|Tri Attack|p1a: anti ribombee\n|-activate|p1a: anti ribombee|move: Protect\n|\n|-heal|p1a: anti ribombee|54\/100|[from] item: Leftovers\n|-damage|p2a: Magneton|51\/100|[from] Leech Seed|[of] p1a: anti ribombee\n|-heal|p1a: anti ribombee|63\/100|[silent]\n|upkeep\n|turn|54\n|\n|t:|1700318418\n|move|p1a: anti ribombee|Leech Seed||[still]\n|-fail|p1a: anti ribombee\n|move|p2a: Magneton|Tri Attack|p1a: anti ribombee\n|-damage|p1a: anti ribombee|26\/100\n|\n|-heal|p1a: anti ribombee|32\/100|[from] item: Leftovers\n|-damage|p2a: Magneton|39\/100|[from] Leech Seed|[of] p1a: anti ribombee\n|-heal|p1a: anti ribombee|41\/100|[silent]\n|-end|p2a: Magneton|move: Taunt\n|upkeep\n|turn|55\n|\n|t:|1700318428\n|move|p1a: anti ribombee|Protect|p1a: anti ribombee\n|-singleturn|p1a: anti ribombee|Protect\n|move|p2a: Magneton|Tri Attack|p1a: anti ribombee\n|-activate|p1a: anti ribombee|move: Protect\n|\n|-heal|p1a: anti ribombee|47\/100|[from] item: Leftovers\n|-damage|p2a: Magneton|26\/100|[from] Leech Seed|[of] p1a: anti ribombee\n|-heal|p1a: anti ribombee|57\/100|[silent]\n|upkeep\n|turn|56\n|\n|t:|1700318442\n|move|p1a: anti ribombee|Leech Seed||[still]\n|-fail|p1a: anti ribombee\n|move|p2a: Magneton|Tri Attack|p1a: anti ribombee\n|-crit|p1a: anti ribombee\n|-damage|p1a: anti ribombee|4\/100\n|\n|-heal|p1a: anti ribombee|10\/100|[from] item: Leftovers\n|-damage|p2a: Magneton|14\/100|[from] Leech Seed|[of] p1a: anti ribombee\n|-heal|p1a: anti ribombee|20\/100|[silent]\n|upkeep\n|turn|57\n|\n|t:|1700318451\n|move|p1a: anti ribombee|Leech Seed||[still]\n|-fail|p1a: anti ribombee\n|move|p2a: Magneton|Tri Attack|p1a: anti ribombee\n|-damage|p1a: anti ribombee|0 fnt\n|faint|p1a: anti ribombee\n|\n|upkeep\n|\n|t:|1700318455\n|switch|p1a: might off itself?|Basculegion, M|75\/100\n|-damage|p1a: might off itself?|50\/100|[from] Spikes\n|turn|58\n|\n|t:|1700318461\n|switch|p2a: Klefki|Klefki, M|27\/100\n|move|p1a: might off itself?|Aqua Jet|p2a: Klefki\n|-damage|p2a: Klefki|2\/100\n|-damage|p1a: might off itself?|40\/100|[from] item: Life Orb\n|\n|upkeep\n|turn|59\n|\n|t:|1700318470\n|move|p1a: might off itself?|Aqua Jet|p2a: Klefki\n|-damage|p2a: Klefki|0 fnt\n|faint|p2a: Klefki\n|-damage|p1a: might off itself?|30\/100|[from] item: Life Orb\n|\n|upkeep\n|\n|t:|1700318476\n|switch|p2a: Magneton|Magneton, shiny|14\/100\n|turn|60\n|\n|t:|1700318484\n|-terastallize|p2a: Magneton|Water\n|move|p1a: might off itself?|Aqua Jet|p2a: Magneton\n|-resisted|p2a: Magneton\n|-damage|p2a: Magneton|0 fnt\n|faint|p2a: Magneton\n|-damage|p1a: might off itself?|20\/100|[from] item: Life Orb\n|\n|win|jacothaptrllr\n|raw|jacothaptrllr's rating: 1039 &rarr; <strong>1071<\/strong><br \/>(+32 for winning)\n|raw|HeyEmi's rating: 1018 &rarr; <strong>1006<\/strong><br \/>(-12 for losing)\n|c|\u2606jacothaptrllr|good game!\n","uploadtime":1700318492,"views":7,"p1id":"jacothaptrllr","p2id":"heyemi","formatid":"gen9ou","rating":1006,"private":0,"password":""}