{"id":"gen9ou-1990691622","p1":"NY Big E 16","p2":"realyungphil","format":"[Gen 9] OU","log":"|j|\u2606NY Big E 16\n|j|\u2606realyungphil\n|t:|1699992171\n|gametype|singles\n|player|p1|NY Big E 16|flint|1300\n|player|p2|realyungphil|archer|1205\n|teamsize|p1|6\n|teamsize|p2|6\n|gen|9\n|tier|[Gen 9] OU\n|rated|\n|rule|Sleep Clause Mod: Limit one foe put to sleep\n|rule|Species Clause: Limit one of each Pok\u00e9mon\n|rule|OHKO Clause: OHKO moves are banned\n|rule|Evasion Items Clause: Evasion items are banned\n|rule|Evasion Moves Clause: Evasion moves are banned\n|rule|Endless Battle Clause: Forcing endless battles is banned\n|rule|HP Percentage Mod: HP is shown in percentages\n|clearpoke\n|poke|p1|Landorus-Therian, M|\n|poke|p1|Dragapult, F|\n|poke|p1|Slowking-Galar, F|\n|poke|p1|Cinderace, M|\n|poke|p1|Greninja-*, M|\n|poke|p1|Zamazenta-*|\n|poke|p2|Salamence, F|\n|poke|p2|Gholdengo|\n|poke|p2|Sneasler, M|\n|poke|p2|Rillaboom, F|\n|poke|p2|Glimmora, M|\n|poke|p2|Great Tusk|\n|teampreview\n|inactive|Battle timer is ON: inactive players will automatically lose when time's up. (requested by realyungphil)\n|inactive|NY Big E 16 also wants the timer to be on.\n|\n|t:|1699992182\n|start\n|switch|p1a: Slowking|Slowking-Galar, F|100\/100\n|switch|p2a: all|Gholdengo, shiny|100\/100\n|turn|1\n|\n|t:|1699992189\n|move|p2a: all|Trick|p1a: Slowking\n|-activate|p2a: all|move: Trick|[of] p1a: Slowking\n|-item|p1a: Slowking|Choice Scarf|[from] move: Trick\n|-item|p2a: all|Heavy-Duty Boots|[from] move: Trick\n|move|p1a: Slowking|Chilly Reception|p1a: Slowking\n|-weather|Snow\n|\n|t:|1699992195\n|switch|p1a: Landorus|Landorus-Therian, M|100\/100|[from] Chilly Reception\n|-ability|p1a: Landorus|Intimidate|boost\n|-unboost|p2a: all|atk|1\n|\n|-weather|Snow|[upkeep]\n|upkeep\n|turn|2\n|\n|t:|1699992203\n|-terastallize|p2a: all|Normal\n|move|p1a: Landorus|Earthquake|p2a: all\n|-damage|p2a: all|32\/100\n|move|p2a: all|Nasty Plot|p2a: all\n|-boost|p2a: all|spa|2\n|\n|-weather|Snow|[upkeep]\n|upkeep\n|turn|3\n|\n|t:|1699992211\n|switch|p2a: 21|Salamence, F, shiny|100\/100\n|move|p1a: Landorus|Earthquake|p2a: 21\n|-immune|p2a: 21\n|\n|-weather|Snow|[upkeep]\n|upkeep\n|turn|4\n|\n|t:|1699992225\n|switch|p2a: all|Gholdengo, shiny, tera:Normal|32\/100\n|switch|p1a: Slowking|Slowking-Galar, F|100\/100\n|\n|-weather|Snow|[upkeep]\n|upkeep\n|turn|5\n|\n|t:|1699992237\n|move|p2a: all|Shadow Ball|p1a: Slowking\n|-supereffective|p1a: Slowking\n|-damage|p1a: Slowking|31\/100\n|move|p1a: Slowking|Sludge Bomb|p2a: all\n|-damage|p2a: all|0 fnt\n|faint|p2a: all\n|\n|-weather|none\n|upkeep\n|\n|t:|1699992247\n|switch|p2a: clinging|Glimmora, M, shiny|100\/100\n|turn|6\n|\n|t:|1699992252\n|switch|p1a: Landorus|Landorus-Therian, M|100\/100\n|-ability|p1a: Landorus|Intimidate|boost\n|-unboost|p2a: clinging|atk|1\n|move|p2a: clinging|Earth Power|p1a: Landorus\n|-immune|p1a: Landorus\n|\n|upkeep\n|turn|7\n|\n|t:|1699992261\n|move|p1a: Landorus|Earthquake|p2a: clinging\n|-supereffective|p2a: clinging\n|-enditem|p2a: clinging|Focus Sash\n|-damage|p2a: clinging|1\/100\n|-activate|p2a: clinging|ability: Toxic Debris\n|-sidestart|p1: NY Big E 16|move: Toxic Spikes\n|move|p2a: clinging|Stealth Rock|p1a: Landorus\n|-sidestart|p1: NY Big E 16|move: Stealth Rock\n|\n|upkeep\n|turn|8\n|\n|t:|1699992272\n|switch|p2a: 21|Salamence, F, shiny|100\/100\n|move|p1a: Landorus|Earthquake|p2a: 21\n|-immune|p2a: 21\n|\n|upkeep\n|turn|9\n|\n|t:|1699992289\n|switch|p2a: clinging|Glimmora, M, shiny|1\/100\n|switch|p1a: Slowking|Slowking-Galar, F|65\/100\n|-sideend|p1: NY Big E 16|move: Toxic Spikes|[of] p1a: Slowking\n|-damage|p1a: Slowking|52\/100|[from] Stealth Rock\n|\n|upkeep\n|turn|10\n|\n|t:|1699992296\n|move|p2a: clinging|Power Gem|p1a: Slowking\n|-damage|p1a: Slowking|18\/100\n|move|p1a: Slowking|Sludge Bomb|p2a: clinging\n|-resisted|p2a: clinging\n|-damage|p2a: clinging|0 fnt\n|faint|p2a: clinging\n|\n|upkeep\n|\n|t:|1699992303\n|switch|p2a: 21|Salamence, F, shiny|100\/100\n|turn|11\n|\n|t:|1699992312\n|switch|p1a: Landorus|Landorus-Therian, M|100\/100\n|-damage|p1a: Landorus|88\/100|[from] Stealth Rock\n|-ability|p1a: Landorus|Intimidate|boost\n|-unboost|p2a: 21|atk|1\n|move|p2a: 21|Draco Meteor|p1a: Landorus\n|-damage|p1a: Landorus|15\/100\n|-unboost|p2a: 21|spa|2\n|\n|upkeep\n|turn|12\n|\n|t:|1699992321\n|switch|p2a: unsaid|Great Tusk, shiny|100\/100\n|-enditem|p2a: unsaid|Booster Energy\n|-activate|p2a: unsaid|ability: Protosynthesis|[fromitem]\n|-start|p2a: unsaid|protosynthesisatk\n|move|p1a: Landorus|Stone Edge|p2a: unsaid\n|-resisted|p2a: unsaid\n|-damage|p2a: unsaid|94\/100\n|\n|upkeep\n|turn|13\n|\n|t:|1699992333\n|switch|p1a: Cinderace|Cinderace, M|100\/100\n|move|p2a: unsaid|Headlong Rush|p1a: Cinderace\n|-supereffective|p1a: Cinderace\n|-damage|p1a: Cinderace|0 fnt\n|-unboost|p2a: unsaid|def|1\n|-unboost|p2a: unsaid|spd|1\n|faint|p1a: Cinderace\n|\n|upkeep\n|\n|t:|1699992341\n|switch|p1a: Greninja|Greninja, M|100\/100\n|-damage|p1a: Greninja|88\/100|[from] Stealth Rock\n|turn|14\n|\n|t:|1699992346\n|-end|p2a: unsaid|Protosynthesis|[silent]\n|switch|p2a: none but the fire|Rillaboom, F, shiny|100\/100\n|-fieldstart|move: Grassy Terrain|[from] ability: Grassy Surge|[of] p2a: none but the fire\n|move|p1a: Greninja|Hydro Pump|p2a: none but the fire\n|-resisted|p2a: none but the fire\n|-damage|p2a: none but the fire|57\/100\n|-damage|p1a: Greninja|78\/100|[from] item: Life Orb\n|\n|-heal|p1a: Greninja|84\/100|[from] Grassy Terrain\n|-heal|p2a: none but the fire|63\/100|[from] Grassy Terrain\n|upkeep\n|turn|15\n|\n|t:|1699992358\n|switch|p1a: Zamazenta|Zamazenta|100\/100\n|-damage|p1a: Zamazenta|94\/100|[from] Stealth Rock\n|-ability|p1a: Zamazenta|Dauntless Shield|boost\n|-boost|p1a: Zamazenta|def|1\n|move|p2a: none but the fire|Grassy Glide|p1a: Zamazenta\n|-damage|p1a: Zamazenta|69\/100\n|-damage|p2a: none but the fire|53\/100|[from] item: Life Orb\n|\n|-heal|p1a: Zamazenta|75\/100|[from] Grassy Terrain\n|-heal|p1a: Zamazenta|82\/100|[from] item: Leftovers\n|-heal|p2a: none but the fire|59\/100|[from] Grassy Terrain\n|upkeep\n|turn|16\n|\n|t:|1699992371\n|move|p1a: Zamazenta|Substitute|p1a: Zamazenta\n|-start|p1a: Zamazenta|Substitute\n|-damage|p1a: Zamazenta|57\/100\n|move|p2a: none but the fire|Wood Hammer|p1a: Zamazenta\n|-end|p1a: Zamazenta|Substitute\n|-damage|p2a: none but the fire|50\/100|[from] Recoil|[of] p1a: Zamazenta\n|-damage|p2a: none but the fire|40\/100|[from] item: Life Orb\n|\n|-heal|p1a: Zamazenta|63\/100|[from] Grassy Terrain\n|-heal|p1a: Zamazenta|69\/100|[from] item: Leftovers\n|-heal|p2a: none but the fire|46\/100|[from] Grassy Terrain\n|upkeep\n|turn|17\n|\n|t:|1699992382\n|move|p1a: Zamazenta|Iron Defense|p1a: Zamazenta\n|-boost|p1a: Zamazenta|def|2\n|move|p2a: none but the fire|Wood Hammer|p1a: Zamazenta\n|-damage|p1a: Zamazenta|37\/100\n|-damage|p2a: none but the fire|34\/100|[from] Recoil\n|-damage|p2a: none but the fire|25\/100|[from] item: Life Orb\n|\n|-heal|p1a: Zamazenta|43\/100|[from] Grassy Terrain\n|-heal|p1a: Zamazenta|49\/100|[from] item: Leftovers\n|-heal|p2a: none but the fire|31\/100|[from] Grassy Terrain\n|upkeep\n|turn|18\n|\n|t:|1699992393\n|move|p1a: Zamazenta|Iron Defense|p1a: Zamazenta\n|-boost|p1a: Zamazenta|def|2\n|move|p2a: none but the fire|Wood Hammer|p1a: Zamazenta\n|-damage|p1a: Zamazenta|24\/100\n|-damage|p2a: none but the fire|21\/100|[from] Recoil\n|-damage|p2a: none but the fire|12\/100|[from] item: Life Orb\n|\n|-heal|p1a: Zamazenta|30\/100|[from] Grassy Terrain\n|-heal|p1a: Zamazenta|37\/100|[from] item: Leftovers\n|-heal|p2a: none but the fire|18\/100|[from] Grassy Terrain\n|-fieldend|move: Grassy Terrain\n|upkeep\n|turn|19\n|\n|t:|1699992405\n|move|p1a: Zamazenta|Iron Defense|p1a: Zamazenta\n|-boost|p1a: Zamazenta|def|1\n|move|p2a: none but the fire|Wood Hammer|p1a: Zamazenta\n|-damage|p1a: Zamazenta|19\/100\n|-damage|p2a: none but the fire|11\/100|[from] Recoil\n|-damage|p2a: none but the fire|2\/100|[from] item: Life Orb\n|\n|-heal|p1a: Zamazenta|25\/100|[from] item: Leftovers\n|upkeep\n|turn|20\n|\n|t:|1699992414\n|move|p1a: Zamazenta|Body Press|p2a: none but the fire\n|-damage|p2a: none but the fire|0 fnt\n|faint|p2a: none but the fire\n|\n|-heal|p1a: Zamazenta|31\/100|[from] item: Leftovers\n|upkeep\n|\n|t:|1699992416\n|switch|p2a: 21|Salamence, F, shiny|100\/100\n|turn|21\n|\n|t:|1699992424\n|move|p2a: 21|Draco Meteor|p1a: Zamazenta\n|-crit|p1a: Zamazenta\n|-damage|p1a: Zamazenta|0 fnt\n|-unboost|p2a: 21|spa|2\n|faint|p1a: Zamazenta\n|-ability|p2a: 21|Moxie|boost\n|-boost|p2a: 21|atk|1\n|\n|upkeep\n|\n|t:|1699992433\n|switch|p1a: Landorus|Landorus-Therian, M|15\/100\n|-damage|p1a: Landorus|2\/100|[from] Stealth Rock\n|-ability|p1a: Landorus|Intimidate|boost\n|-unboost|p2a: 21|atk|1\n|turn|22\n|\n|t:|1699992441\n|switch|p2a: unsaid|Great Tusk, shiny|94\/100\n|move|p1a: Landorus|Stone Edge|p2a: unsaid\n|-resisted|p2a: unsaid\n|-damage|p2a: unsaid|87\/100\n|\n|upkeep\n|turn|23\n|\n|t:|1699992448\n|move|p1a: Landorus|Stone Edge|p2a: unsaid\n|-resisted|p2a: unsaid\n|-damage|p2a: unsaid|80\/100\n|move|p2a: unsaid|Headlong Rush|p1a: Landorus\n|-immune|p1a: Landorus\n|\n|upkeep\n|turn|24\n|\n|t:|1699992455\n|move|p1a: Landorus|Stone Edge|p2a: unsaid|[miss]\n|-miss|p1a: Landorus|p2a: unsaid\n|move|p2a: unsaid|Headlong Rush|p1a: Landorus\n|-immune|p1a: Landorus\n|\n|upkeep\n|turn|25\n|\n|t:|1699992461\n|move|p1a: Landorus|Stone Edge|p2a: unsaid\n|-resisted|p2a: unsaid\n|-damage|p2a: unsaid|73\/100\n|move|p2a: unsaid|Headlong Rush|p1a: Landorus\n|-immune|p1a: Landorus\n|\n|upkeep\n|turn|26\n|\n|t:|1699992467\n|move|p1a: Landorus|Stone Edge|p2a: unsaid|[miss]\n|-miss|p1a: Landorus|p2a: unsaid\n|move|p2a: unsaid|Headlong Rush|p1a: Landorus\n|-immune|p1a: Landorus\n|\n|upkeep\n|turn|27\n|\n|t:|1699992474\n|move|p1a: Landorus|Stone Edge|p2a: unsaid\n|-resisted|p2a: unsaid\n|-damage|p2a: unsaid|67\/100\n|move|p2a: unsaid|Headlong Rush|p1a: Landorus\n|-immune|p1a: Landorus\n|\n|upkeep\n|turn|28\n|\n|t:|1699992481\n|move|p1a: Landorus|Stone Edge|p2a: unsaid\n|-resisted|p2a: unsaid\n|-damage|p2a: unsaid|60\/100\n|move|p2a: unsaid|Headlong Rush|p1a: Landorus\n|-immune|p1a: Landorus\n|\n|upkeep\n|turn|29\n|\n|t:|1699992490\n|-activate|p1a: Landorus|move: Struggle\n|move|p1a: Landorus|Struggle|p2a: unsaid\n|-damage|p2a: unsaid|46\/100\n|-damage|p1a: Landorus|0 fnt|[from] recoil\n|faint|p1a: Landorus\n|move|p2a: unsaid|Headlong Rush|p1: Landorus|[notarget]\n|-fail|p2a: unsaid\n|\n|upkeep\n|\n|t:|1699992501\n|switch|p1a: Greninja|Greninja, M|84\/100\n|-damage|p1a: Greninja|72\/100|[from] Stealth Rock\n|turn|30\n|\n|t:|1699992508\n|-end|p2a: unsaid|Protosynthesis|[silent]\n|switch|p2a: enamored|Sneasler, M|100\/100\n|move|p1a: Greninja|Water Shuriken|p2a: enamored\n|-damage|p2a: enamored|89\/100\n|-damage|p2a: enamored|77\/100\n|-damage|p2a: enamored|66\/100\n|-damage|p2a: enamored|54\/100\n|-damage|p2a: enamored|42\/100\n|-hitcount|p2a: enamored|5\n|-damage|p1a: Greninja|62\/100|[from] item: Life Orb\n|\n|upkeep\n|turn|31\n|\n|t:|1699992520\n|-terastallize|p1a: Greninja|Water\n|move|p1a: Greninja|Water Shuriken|p2a: enamored\n|-damage|p2a: enamored|27\/100\n|-damage|p2a: enamored|11\/100\n|-hitcount|p2a: enamored|2\n|-damage|p1a: Greninja|52\/100|[from] item: Life Orb\n|move|p2a: enamored|Dire Claw|p1a: Greninja\n|-damage|p1a: Greninja|0 fnt\n|faint|p1a: Greninja\n|\n|upkeep\n|\n|t:|1699992535\n|switch|p1a: Slowking|Slowking-Galar, F|51\/100\n|-damage|p1a: Slowking|39\/100|[from] Stealth Rock\n|turn|32\n|\n|t:|1699992540\n|move|p2a: enamored|Lash Out|p1a: Slowking\n|-supereffective|p1a: Slowking\n|-damage|p1a: Slowking|3\/100\n|move|p1a: Slowking|Sludge Bomb|p2a: enamored\n|-resisted|p2a: enamored\n|-damage|p2a: enamored|0 fnt\n|faint|p2a: enamored\n|\n|upkeep\n|\n|t:|1699992545\n|switch|p2a: 21|Salamence, F, shiny|100\/100\n|turn|33\n|\n|t:|1699992550\n|move|p2a: 21|Outrage|p1a: Slowking\n|-damage|p1a: Slowking|0 fnt\n|faint|p1a: Slowking\n|-ability|p2a: 21|Moxie|boost\n|-boost|p2a: 21|atk|1\n|\n|upkeep\n|\n|t:|1699992555\n|switch|p1a: Dragapult|Dragapult, F|100\/100\n|-damage|p1a: Dragapult|88\/100|[from] Stealth Rock\n|turn|34\n|\n|t:|1699992561\n|move|p2a: 21|Outrage|p1a: Dragapult|[from]lockedmove\n|-supereffective|p1a: Dragapult\n|-crit|p1a: Dragapult\n|-damage|p1a: Dragapult|0 fnt\n|faint|p1a: Dragapult\n|-start|p2a: 21|confusion|[fatigue]\n|\n|win|realyungphil\n|raw|NY Big E 16's rating: 1300 &rarr; <strong>1268<\/strong><br \/>(-32 for losing)\n|raw|realyungphil's rating: 1205 &rarr; <strong>1237<\/strong><br \/>(+32 for winning)\n|c|\u2606realyungphil|gg\n|l|\u2606NY Big E 16\n","uploadtime":1699992576,"views":7,"p1id":"nybige16","p2id":"realyungphil","formatid":"gen9ou","rating":1237,"private":0,"password":""}