{"id":"gen9ou-1991119622","p1":"Lardoh","p2":"OUHF Zam Zam","format":"[Gen 9] OU","log":"|j|\u2606Lardoh\n|j|\u2606OUHF Zam Zam\n|t:|1700045920\n|gametype|singles\n|player|p1|Lardoh|101|1768\n|player|p2|OUHF Zam Zam|palmer|1858\n|teamsize|p1|6\n|teamsize|p2|6\n|gen|9\n|tier|[Gen 9] OU\n|rated|\n|rule|Sleep Clause Mod: Limit one foe put to sleep\n|rule|Species Clause: Limit one of each Pok\u00e9mon\n|rule|OHKO Clause: OHKO moves are banned\n|rule|Evasion Items Clause: Evasion items are banned\n|rule|Evasion Moves Clause: Evasion moves are banned\n|rule|Endless Battle Clause: Forcing endless battles is banned\n|rule|HP Percentage Mod: HP is shown in percentages\n|clearpoke\n|poke|p1|Iron Hands|\n|poke|p1|Mimikyu, F|\n|poke|p1|Hatterene, F|\n|poke|p1|Maushold|\n|poke|p1|Torkoal, F|\n|poke|p1|Hoopa-Unbound|\n|poke|p2|Weavile, M|\n|poke|p2|Zapdos|\n|poke|p2|Great Tusk|\n|poke|p2|Slowking-Galar, M|\n|poke|p2|Heatran, M|\n|poke|p2|Kingambit, M|\n|teampreview\n|inactive|Battle timer is ON: inactive players will automatically lose when time's up. (requested by OUHF Zam Zam)\n|inactive|Lardoh also wants the timer to be on.\n|j| Ctannn\n|c|\u2606Lardoh|Glhf\n|inactive|Lardoh has 120 seconds left.\n|inactive|OUHF Zam Zam has 120 seconds left.\n|\n|t:|1700045968\n|start\n|switch|p1a: Mrs. Cooper|Hatterene, F, shiny|100\/100\n|switch|p2a: Heatran|Heatran, M|100\/100\n|-item|p2a: Heatran|Air Balloon\n|turn|1\n|c|\u2606OUHF Zam Zam|u2\n|\n|t:|1700045976\n|move|p2a: Heatran|Magma Storm|p1a: Mrs. Cooper\n|-damage|p1a: Mrs. Cooper|50\/100\n|-activate|p1a: Mrs. Cooper|move: Magma Storm|[of] p2a: Heatran\n|move|p1a: Mrs. Cooper|Tera Blast|p2a: Heatran\n|-resisted|p2a: Heatran\n|-damage|p2a: Heatran|85\/100\n|-enditem|p2a: Heatran|Air Balloon\n|\n|-damage|p1a: Mrs. Cooper|38\/100|[from] move: Magma Storm|[partiallytrapped]\n|upkeep\n|turn|2\n|\n|t:|1700045987\n|move|p2a: Heatran|Magma Storm|p1a: Mrs. Cooper\n|-damage|p1a: Mrs. Cooper|0 fnt\n|faint|p1a: Mrs. Cooper\n|\n|upkeep\n|\n|t:|1700045989\n|switch|p1a: Young Shelldon|Torkoal, F|100\/100\n|-weather|SunnyDay|[from] ability: Drought|[of] p1a: Young Shelldon\n|turn|3\n|\n|t:|1700045996\n|move|p2a: Heatran|Taunt|p1a: Young Shelldon\n|-start|p1a: Young Shelldon|move: Taunt\n|move|p1a: Young Shelldon|Earth Power|p2a: Heatran\n|-supereffective|p2a: Heatran\n|-damage|p2a: Heatran|0 fnt\n|faint|p2a: Heatran\n|\n|-weather|SunnyDay|[upkeep]\n|upkeep\n|j| tapu moxo\n|\n|t:|1700046026\n|switch|p2a: Slowking|Slowking-Galar, M|100\/100\n|turn|4\n|inactive|OUHF Zam Zam has 120 seconds left.\n|\n|t:|1700046042\n|switch|p1a: Georgie|Hoopa-Unbound|100\/100\n|move|p2a: Slowking|Chilly Reception|p2a: Slowking\n|-weather|Snow\n|inactive|OUHF Zam Zam has 120 seconds left.\n|\n|t:|1700046065\n|switch|p2a: Zapdos|Zapdos|100\/100|[from] Chilly Reception\n|\n|-weather|Snow|[upkeep]\n|upkeep\n|turn|5\n|\n|t:|1700046068\n|move|p2a: Zapdos|U-turn|p1a: Georgie\n|-supereffective|p1a: Georgie\n|-damage|p1a: Georgie|30\/100\n|\n|t:|1700046072\n|switch|p2a: Kingambit|Kingambit, M|100\/100|[from] U-turn\n|-activate|p2a: Kingambit|ability: Supreme Overlord\n|-start|p2a: Kingambit|fallen1|[silent]\n|move|p1a: Georgie|Trick Room|p1a: Georgie\n|-fieldstart|move: Trick Room|[of] p1a: Georgie\n|\n|-weather|Snow|[upkeep]\n|upkeep\n|turn|6\n|j| Misuta Zero\n|inactive|OUHF Zam Zam has 120 seconds left.\n|\n|t:|1700046091\n|-end|p2a: Kingambit|fallen1|[silent]\n|switch|p2a: Zapdos|Zapdos|100\/100\n|move|p1a: Georgie|Drain Punch|p2a: Zapdos\n|-resisted|p2a: Zapdos\n|-damage|p2a: Zapdos|86\/100\n|-heal|p1a: Georgie|38\/100|[from] drain|[of] p2a: Zapdos\n|-status|p1a: Georgie|par|[from] ability: Static|[of] p2a: Zapdos\n|\n|-weather|Snow|[upkeep]\n|upkeep\n|turn|7\n|inactive|OUHF Zam Zam has 120 seconds left.\n|\n|t:|1700046110\n|switch|p1a: Young Shelldon|Torkoal, F|100\/100\n|-weather|SunnyDay|[from] ability: Drought|[of] p1a: Young Shelldon\n|move|p2a: Zapdos|Roost|p2a: Zapdos\n|-heal|p2a: Zapdos|100\/100\n|-singleturn|p2a: Zapdos|move: Roost\n|\n|-weather|SunnyDay|[upkeep]\n|upkeep\n|turn|8\n|inactive|OUHF Zam Zam has 90 seconds left.\n|\n|t:|1700046151\n|switch|p2a: Weavile|Weavile, M|100\/100\n|-ability|p2a: Weavile|Pressure\n|move|p1a: Young Shelldon|Eruption|p2a: Weavile\n|-supereffective|p2a: Weavile\n|-damage|p2a: Weavile|0 fnt\n|faint|p2a: Weavile\n|\n|-weather|SunnyDay|[upkeep]\n|upkeep\n|\n|t:|1700046154\n|switch|p2a: Slowking|Slowking-Galar, M|100\/100\n|turn|9\n|\n|t:|1700046157\n|-terastallize|p1a: Young Shelldon|Fire\n|move|p1a: Young Shelldon|Eruption|p2a: Slowking\n|-damage|p2a: Slowking|0 fnt\n|faint|p2a: Slowking\n|\n|-weather|SunnyDay|[upkeep]\n|-fieldend|move: Trick Room\n|upkeep\n|inactive|OUHF Zam Zam has 90 seconds left.\n|\n|t:|1700046172\n|switch|p2a: Great Tusk|Great Tusk|100\/100\n|-activate|p2a: Great Tusk|ability: Protosynthesis\n|-start|p2a: Great Tusk|protosynthesisdef\n|turn|10\n|\n|t:|1700046177\n|switch|p1a: Georgie|Hoopa-Unbound|38\/100 par\n|move|p2a: Great Tusk|Earthquake|p1a: Georgie\n|-damage|p1a: Georgie|0 fnt\n|faint|p1a: Georgie\n|\n|-weather|SunnyDay|[upkeep]\n|upkeep\n|\n|t:|1700046181\n|switch|p1a: FamWenSheldonIsOn|Maushold, shiny|100\/100\n|turn|11\n|\n|t:|1700046191\n|move|p1a: FamWenSheldonIsOn|Tidy Up|p1a: FamWenSheldonIsOn\n|-boost|p1a: FamWenSheldonIsOn|atk|1\n|-boost|p1a: FamWenSheldonIsOn|spe|1\n|move|p2a: Great Tusk|Stealth Rock|p1a: FamWenSheldonIsOn\n|-sidestart|p1: Lardoh|move: Stealth Rock\n|\n|-weather|none\n|-end|p2a: Great Tusk|Protosynthesis\n|upkeep\n|turn|12\n|\n|t:|1700046206\n|move|p1a: FamWenSheldonIsOn|Encore|p2a: Great Tusk\n|-start|p2a: Great Tusk|Encore\n|move|p2a: Great Tusk|Stealth Rock||[still]\n|-fail|p2a: Great Tusk\n|\n|upkeep\n|turn|13\n|\n|t:|1700046218\n|-end|p2a: Great Tusk|Protosynthesis|[silent]\n|switch|p2a: Kingambit|Kingambit, M|100\/100\n|-activate|p2a: Kingambit|ability: Supreme Overlord\n|-start|p2a: Kingambit|fallen3|[silent]\n|move|p1a: FamWenSheldonIsOn|Population Bomb|p2a: Kingambit\n|-resisted|p2a: Kingambit\n|-crit|p2a: Kingambit\n|-damage|p2a: Kingambit|90\/100\n|-resisted|p2a: Kingambit\n|-crit|p2a: Kingambit\n|-damage|p2a: Kingambit|81\/100\n|-resisted|p2a: Kingambit\n|-damage|p2a: Kingambit|75\/100\n|-resisted|p2a: Kingambit\n|-damage|p2a: Kingambit|68\/100\n|-resisted|p2a: Kingambit\n|-damage|p2a: Kingambit|62\/100\n|-resisted|p2a: Kingambit\n|-damage|p2a: Kingambit|57\/100\n|-resisted|p2a: Kingambit\n|-damage|p2a: Kingambit|51\/100\n|-resisted|p2a: Kingambit\n|-damage|p2a: Kingambit|45\/100\n|-resisted|p2a: Kingambit\n|-damage|p2a: Kingambit|39\/100\n|-resisted|p2a: Kingambit\n|-damage|p2a: Kingambit|33\/100\n|-hitcount|p2a: Kingambit|10\n|\n|-heal|p2a: Kingambit|39\/100|[from] item: Leftovers\n|upkeep\n|turn|14\n|\n|t:|1700046227\n|-end|p2a: Kingambit|fallen3|[silent]\n|switch|p2a: Great Tusk|Great Tusk|100\/100\n|move|p1a: FamWenSheldonIsOn|Tidy Up|p1a: FamWenSheldonIsOn\n|-sideend|p1: Lardoh|Stealth Rock\n|-activate|p1a: FamWenSheldonIsOn|move: Tidy Up\n|-boost|p1a: FamWenSheldonIsOn|atk|1\n|-boost|p1a: FamWenSheldonIsOn|spe|1\n|\n|upkeep\n|turn|15\n|\n|t:|1700046231\n|move|p1a: FamWenSheldonIsOn|Population Bomb|p2a: Great Tusk\n|-damage|p2a: Great Tusk|91\/100\n|-damage|p1a: FamWenSheldonIsOn|84\/100|[from] item: Rocky Helmet|[of] p2a: Great Tusk\n|-damage|p2a: Great Tusk|80\/100\n|-damage|p1a: FamWenSheldonIsOn|67\/100|[from] item: Rocky Helmet|[of] p2a: Great Tusk\n|-damage|p2a: Great Tusk|68\/100\n|-damage|p1a: FamWenSheldonIsOn|51\/100|[from] item: Rocky Helmet|[of] p2a: Great Tusk\n|-damage|p2a: Great Tusk|59\/100\n|-damage|p1a: FamWenSheldonIsOn|34\/100|[from] item: Rocky Helmet|[of] p2a: Great Tusk\n|-damage|p2a: Great Tusk|48\/100\n|-damage|p1a: FamWenSheldonIsOn|17\/100|[from] item: Rocky Helmet|[of] p2a: Great Tusk\n|-damage|p2a: Great Tusk|36\/100\n|-damage|p1a: FamWenSheldonIsOn|1\/100|[from] item: Rocky Helmet|[of] p2a: Great Tusk\n|-damage|p2a: Great Tusk|25\/100\n|-damage|p1a: FamWenSheldonIsOn|0 fnt|[from] item: Rocky Helmet|[of] p2a: Great Tusk\n|faint|p1a: FamWenSheldonIsOn\n|-hitcount|p2a: Great Tusk|7\n|move|p2a: Great Tusk|Stealth Rock|p1: FamWenSheldonIsOn\n|-sidestart|p1: Lardoh|move: Stealth Rock\n|\n|upkeep\n|\n|t:|1700046239\n|switch|p1a: Mr.Cooper|Iron Hands|100\/100\n|-damage|p1a: Mr.Cooper|94\/100|[from] Stealth Rock\n|turn|16\n|\n|t:|1700046246\n|move|p2a: Great Tusk|Earthquake|p1a: Mr.Cooper\n|-supereffective|p1a: Mr.Cooper\n|-enditem|p1a: Mr.Cooper|Shuca Berry|[eat]\n|-enditem|p1a: Mr.Cooper|Shuca Berry|[weaken]\n|-damage|p1a: Mr.Cooper|65\/100\n|move|p1a: Mr.Cooper|Ice Punch|p2a: Great Tusk\n|-supereffective|p2a: Great Tusk\n|-damage|p2a: Great Tusk|0 fnt\n|-damage|p1a: Mr.Cooper|49\/100|[from] item: Rocky Helmet|[of] p2a: Great Tusk\n|faint|p2a: Great Tusk\n|-end|p2a: Great Tusk|Protosynthesis|[silent]\n|\n|upkeep\n|inactive|OUHF Zam Zam has 120 seconds left.\n|\n|t:|1700046271\n|switch|p2a: Zapdos|Zapdos|100\/100\n|turn|17\n|\n|t:|1700046284\n|move|p2a: Zapdos|Hurricane|p1a: Mr.Cooper\n|-damage|p1a: Mr.Cooper|8\/100\n|move|p1a: Mr.Cooper|Swords Dance|p1a: Mr.Cooper\n|-boost|p1a: Mr.Cooper|atk|2\n|\n|upkeep\n|turn|18\n|\n|t:|1700046291\n|move|p2a: Zapdos|Discharge|p1a: Mr.Cooper\n|-resisted|p1a: Mr.Cooper\n|-damage|p1a: Mr.Cooper|0 fnt\n|faint|p1a: Mr.Cooper\n|-end|p1a: Mr.Cooper|Quark Drive|[silent]\n|\n|upkeep\n|\n|t:|1700046294\n|switch|p1a: Young Shelldon|Torkoal, F, tera:Fire|100\/100\n|-damage|p1a: Young Shelldon|76\/100|[from] Stealth Rock\n|-weather|SunnyDay|[from] ability: Drought|[of] p1a: Young Shelldon\n|turn|19\n|l| tapu moxo\n|inactive|OUHF Zam Zam has 120 seconds left.\n|l|\u2606Lardoh\n|inactive|Lardoh disconnected and has a minute to reconnect!\n|player|p1|\n|\n|t:|1700046322\n|move|p2a: Zapdos|U-turn|p1a: Young Shelldon\n|-resisted|p1a: Young Shelldon\n|-damage|p1a: Young Shelldon|70\/100\n|\n|t:|1700046325\n|switch|p2a: Kingambit|Kingambit, M|39\/100|[from] U-turn\n|-activate|p2a: Kingambit|ability: Supreme Overlord\n|-start|p2a: Kingambit|fallen4|[silent]\n|move|p1a: Young Shelldon|Flamethrower|p2a: Kingambit\n|-supereffective|p2a: Kingambit\n|-damage|p2a: Kingambit|0 fnt\n|faint|p2a: Kingambit\n|-end|p2a: Kingambit|fallen4|[silent]\n|\n|-weather|SunnyDay|[upkeep]\n|upkeep\n|\n|t:|1700046327\n|switch|p2a: Zapdos|Zapdos|100\/100\n|turn|20\n|inactive|Lardoh has 30 seconds to reconnect!\n|inactive|Lardoh has 20 seconds to reconnect!\n|inactive|Lardoh has 15 seconds to reconnect!\n|inactive|Lardoh has 10 seconds to reconnect!\n|inactive|Lardoh has 5 seconds to reconnect!\n|-message|Lardoh lost due to inactivity.\n|\n|win|OUHF Zam Zam\n|raw|Lardoh's rating: 1768 &rarr; <strong>1753<\/strong><br \/>(-15 for losing)\n|raw|OUHF Zam Zam's rating: 1858 &rarr; <strong>1873<\/strong><br \/>(+15 for winning)\n","uploadtime":1700046409,"views":9,"p1id":"lardoh","p2id":"ouhfzamzam","formatid":"gen9ou","rating":1753,"private":0,"password":""}