{"id":"gen9ou-1994270562","p1":"playergamerxl","p2":"e63593","format":"[Gen 9] OU","log":"|j|\u2606playergamerxl\n|j|\u2606e63593\n|inactive|Battle timer is ON: inactive players will automatically lose when time's up.\n|t:|1700425555\n|gametype|singles\n|player|p1|playergamerxl|alec-anime|\n|player|p2|e63593|lillie-masters3|\n|teamsize|p1|6\n|teamsize|p2|6\n|gen|9\n|tier|[Gen 9] OU\n|rated|Tournament battle\n|rule|Sleep Clause Mod: Limit one foe put to sleep\n|rule|Species Clause: Limit one of each Pok\u00e9mon\n|rule|OHKO Clause: OHKO moves are banned\n|rule|Evasion Items Clause: Evasion items are banned\n|rule|Evasion Moves Clause: Evasion moves are banned\n|rule|Endless Battle Clause: Forcing endless battles is banned\n|rule|HP Percentage Mod: HP is shown in percentages\n|clearpoke\n|poke|p1|Ogerpon-Wellspring, F|\n|poke|p1|Iron Moth|\n|poke|p1|Zamazenta-*|\n|poke|p1|Dragapult, F|\n|poke|p1|Iron Jugulis|\n|poke|p1|Heatran, F|\n|poke|p2|Great Tusk|\n|poke|p2|Moltres|\n|poke|p2|Cresselia, F|\n|poke|p2|Dragapult, F|\n|poke|p2|Ogerpon-Wellspring, F|\n|poke|p2|Clefable, F|\n|teampreview\n|inactive|e63593 also wants the timer to be on.\n|inactive|playergamerxl also wants the timer to be on.\n|c|\u2606playergamerxl|poxa\n|\n|t:|1700425577\n|start\n|switch|p1a: Heatran|Heatran, F|100\/100\n|switch|p2a: Moltres|Moltres|100\/100\n|turn|1\n|\n|t:|1700425585\n|move|p2a: Moltres|U-turn|p1a: Heatran\n|-resisted|p1a: Heatran\n|-damage|p1a: Heatran|98\/100\n|\n|t:|1700425588\n|switch|p2a: Ponyah|Ogerpon-Wellspring, F|100\/100|[from] U-turn\n|move|p1a: Heatran|Stealth Rock|p2a: Ponyah\n|-sidestart|p2: e63593|move: Stealth Rock\n|\n|-heal|p1a: Heatran|100\/100|[from] item: Leftovers\n|upkeep\n|turn|2\n|\n|t:|1700425598\n|switch|p1a: Ogerpon|Ogerpon-Wellspring, F|100\/100\n|move|p2a: Ponyah|Swords Dance|p2a: Ponyah\n|-boost|p2a: Ponyah|atk|2\n|\n|upkeep\n|turn|3\n|\n|t:|1700425605\n|move|p2a: Ponyah|Power Whip|p1a: Ogerpon\n|-damage|p1a: Ogerpon|0 fnt\n|faint|p1a: Ogerpon\n|\n|upkeep\n|\n|t:|1700425609\n|switch|p1a: Dragapult|Dragapult, F|100\/100\n|turn|4\n|j| Catalisador\n|inactive|e63593 has 120 seconds left.\n|\n|t:|1700425647\n|-terastallize|p1a: Dragapult|Dragon\n|move|p1a: Dragapult|Draco Meteor|p2a: Ponyah\n|-damage|p2a: Ponyah|0 fnt\n|-unboost|p1a: Dragapult|spa|2\n|faint|p2a: Ponyah\n|\n|upkeep\n|\n|t:|1700425661\n|switch|p2a: Pipi|Clefable, F, shiny|100\/100\n|turn|5\n|\n|t:|1700425665\n|switch|p1a: Iron Moth|Iron Moth|100\/100\n|-enditem|p1a: Iron Moth|Booster Energy\n|-activate|p1a: Iron Moth|ability: Quark Drive|[fromitem]\n|-start|p1a: Iron Moth|quarkdrivespe\n|switch|p2a: Dragapult|Dragapult, F|100\/100\n|-damage|p2a: Dragapult|88\/100|[from] Stealth Rock\n|\n|-heal|p2a: Dragapult|94\/100|[from] item: Leftovers\n|upkeep\n|turn|6\n|\n|t:|1700425675\n|move|p1a: Iron Moth|Dazzling Gleam|p2a: Dragapult\n|-supereffective|p2a: Dragapult\n|-damage|p2a: Dragapult|18\/100\n|move|p2a: Dragapult|Dragon Darts|p1a: Iron Moth\n|-damage|p1a: Iron Moth|71\/100\n|-anim|p2a: Dragapult|Dragon Darts|p1a: Iron Moth\n|-damage|p1a: Iron Moth|40\/100\n|\n|-heal|p2a: Dragapult|24\/100|[from] item: Leftovers\n|upkeep\n|turn|7\n|\n|t:|1700425681\n|move|p1a: Iron Moth|Dazzling Gleam|p2a: Dragapult\n|-supereffective|p2a: Dragapult\n|-damage|p2a: Dragapult|0 fnt\n|faint|p2a: Dragapult\n|\n|upkeep\n|\n|t:|1700425686\n|switch|p2a: Cresselia|Cresselia, F|100\/100\n|-damage|p2a: Cresselia|88\/100|[from] Stealth Rock\n|turn|8\n|\n|t:|1700425693\n|-end|p1a: Iron Moth|Quark Drive|[silent]\n|switch|p1a: Iron Jugulis|Iron Jugulis|100\/100\n|-enditem|p1a: Iron Jugulis|Booster Energy\n|-activate|p1a: Iron Jugulis|ability: Quark Drive|[fromitem]\n|-start|p1a: Iron Jugulis|quarkdrivespe\n|move|p2a: Cresselia|Calm Mind|p2a: Cresselia\n|-boost|p2a: Cresselia|spa|1\n|-boost|p2a: Cresselia|spd|1\n|\n|-heal|p2a: Cresselia|94\/100|[from] item: Leftovers\n|upkeep\n|turn|9\n|\n|t:|1700425698\n|-terastallize|p2a: Cresselia|Poison\n|move|p1a: Iron Jugulis|Taunt|p2a: Cresselia\n|-start|p2a: Cresselia|move: Taunt\n|cant|p2a: Cresselia|move: Taunt|Calm Mind\n|\n|-heal|p2a: Cresselia|99\/100|[from] item: Leftovers\n|upkeep\n|turn|10\n|\n|t:|1700425706\n|move|p1a: Iron Jugulis|Hurricane|p2a: Cresselia\n|-damage|p2a: Cresselia|75\/100\n|move|p2a: Cresselia|Moonblast|p1a: Iron Jugulis\n|-supereffective|p1a: Iron Jugulis\n|-damage|p1a: Iron Jugulis|30\/100\n|\n|-heal|p2a: Cresselia|81\/100|[from] item: Leftovers\n|upkeep\n|turn|11\n|\n|t:|1700425713\n|move|p1a: Iron Jugulis|Knock Off|p2a: Cresselia\n|-damage|p2a: Cresselia|66\/100\n|-enditem|p2a: Cresselia|Leftovers|[from] move: Knock Off|[of] p1a: Iron Jugulis\n|move|p2a: Cresselia|Moonblast|p1a: Iron Jugulis\n|-supereffective|p1a: Iron Jugulis\n|-damage|p1a: Iron Jugulis|0 fnt\n|faint|p1a: Iron Jugulis\n|-end|p1a: Iron Jugulis|Quark Drive|[silent]\n|\n|-end|p2a: Cresselia|move: Taunt\n|upkeep\n|\n|t:|1700425733\n|switch|p1a: Iron Moth|Iron Moth|40\/100\n|turn|12\n|\n|t:|1700425739\n|move|p1a: Iron Moth|Discharge|p2a: Cresselia\n|-damage|p2a: Cresselia|53\/100\n|move|p2a: Cresselia|Calm Mind|p2a: Cresselia\n|-boost|p2a: Cresselia|spa|1\n|-boost|p2a: Cresselia|spd|1\n|\n|upkeep\n|turn|13\n|\n|t:|1700425746\n|move|p1a: Iron Moth|Fiery Dance|p2a: Cresselia\n|-damage|p2a: Cresselia|40\/100\n|-boost|p1a: Iron Moth|spa|1\n|move|p2a: Cresselia|Calm Mind|p2a: Cresselia\n|-boost|p2a: Cresselia|spa|1\n|-boost|p2a: Cresselia|spd|1\n|\n|upkeep\n|turn|14\n|\n|t:|1700425749\n|move|p1a: Iron Moth|Discharge|p2a: Cresselia\n|-damage|p2a: Cresselia|29\/100\n|move|p2a: Cresselia|Moonlight|p2a: Cresselia\n|-heal|p2a: Cresselia|79\/100\n|\n|upkeep\n|turn|15\n|l| Catalisador\n|\n|t:|1700425756\n|-end|p1a: Iron Moth|Quark Drive|[silent]\n|switch|p1a: Zamazenta|Zamazenta|100\/100\n|-ability|p1a: Zamazenta|Dauntless Shield|boost\n|-boost|p1a: Zamazenta|def|1\n|move|p2a: Cresselia|Moonlight|p2a: Cresselia\n|-heal|p2a: Cresselia|100\/100\n|\n|upkeep\n|turn|16\n|\n|t:|1700425763\n|move|p1a: Zamazenta|Crunch|p2a: Cresselia\n|-damage|p2a: Cresselia|80\/100\n|move|p2a: Cresselia|Stored Power|p1a: Zamazenta\n|-supereffective|p1a: Zamazenta\n|-damage|p1a: Zamazenta|0 fnt\n|faint|p1a: Zamazenta\n|\n|upkeep\n|inactive|playergamerxl has 120 seconds left.\n|c|\u2606playergamerxl|poxa meu bicho nem sonha de noite\n|c|\u2606playergamerxl|sendo morto pela deusa dos sonhos\n|inactive|playergamerxl has 90 seconds left.\n|\n|t:|1700425827\n|switch|p1a: Dragapult|Dragapult, F, tera:Dragon|100\/100\n|turn|17\n|\n|t:|1700425831\n|move|p1a: Dragapult|Draco Meteor|p2a: Cresselia\n|-damage|p2a: Cresselia|52\/100\n|-unboost|p1a: Dragapult|spa|2\n|move|p2a: Cresselia|Moonblast|p1a: Dragapult\n|-supereffective|p1a: Dragapult\n|-damage|p1a: Dragapult|0 fnt\n|faint|p1a: Dragapult\n|\n|upkeep\n|c|\u2606playergamerxl|gg\n|\n|t:|1700425838\n|switch|p1a: Heatran|Heatran, F|100\/100\n|turn|18\n|j| tanjirosolador\n|c|\u2606playergamerxl|:[\n|l| tanjirosolador\n|c|\u2606playergamerxl|:{\n|\n|t:|1700425857\n|move|p1a: Heatran|Magma Storm|p2a: Cresselia\n|-damage|p2a: Cresselia|41\/100\n|-activate|p2a: Cresselia|move: Magma Storm|[of] p1a: Heatran\n|move|p2a: Cresselia|Moonlight|p2a: Cresselia\n|-heal|p2a: Cresselia|91\/100\n|\n|-damage|p2a: Cresselia|78\/100|[from] move: Magma Storm|[partiallytrapped]\n|upkeep\n|turn|19\n|\n|t:|1700425860\n|move|p1a: Heatran|Magma Storm|p2a: Cresselia\n|-damage|p2a: Cresselia|67\/100\n|move|p2a: Cresselia|Calm Mind|p2a: Cresselia\n|-boost|p2a: Cresselia|spa|1\n|-boost|p2a: Cresselia|spd|1\n|\n|-damage|p2a: Cresselia|54\/100|[from] move: Magma Storm|[partiallytrapped]\n|upkeep\n|turn|20\n|\n|t:|1700425863\n|move|p1a: Heatran|Magma Storm|p2a: Cresselia\n|-damage|p2a: Cresselia|44\/100\n|move|p2a: Cresselia|Calm Mind|p2a: Cresselia\n|-boost|p2a: Cresselia|spa|1\n|-boost|p2a: Cresselia|spd|1\n|\n|-damage|p2a: Cresselia|32\/100|[from] move: Magma Storm|[partiallytrapped]\n|upkeep\n|turn|21\n|\n|t:|1700425866\n|move|p1a: Heatran|Magma Storm|p2a: Cresselia|[miss]\n|-miss|p1a: Heatran|p2a: Cresselia\n|move|p2a: Cresselia|Moonlight|p2a: Cresselia\n|-heal|p2a: Cresselia|82\/100\n|\n|-damage|p2a: Cresselia|69\/100|[from] move: Magma Storm|[partiallytrapped]\n|upkeep\n|turn|22\n|\n|t:|1700425870\n|move|p1a: Heatran|Magma Storm|p2a: Cresselia\n|-damage|p2a: Cresselia|62\/100\n|move|p2a: Cresselia|Calm Mind|p2a: Cresselia\n|-boost|p2a: Cresselia|spa|1\n|-boost|p2a: Cresselia|spd|1\n|\n|-end|p2a: Cresselia|Magma Storm|[partiallytrapped]\n|upkeep\n|turn|23\n|c|\u2606playergamerxl|bate\n|\n|t:|1700425877\n|move|p1a: Heatran|Magma Storm|p2a: Cresselia\n|-damage|p2a: Cresselia|55\/100\n|-activate|p2a: Cresselia|move: Magma Storm|[of] p1a: Heatran\n|move|p2a: Cresselia|Stored Power|p1a: Heatran\n|-resisted|p1a: Heatran\n|-damage|p1a: Heatran|2\/100\n|\n|-heal|p1a: Heatran|8\/100|[from] item: Leftovers\n|-damage|p2a: Cresselia|42\/100|[from] move: Magma Storm|[partiallytrapped]\n|upkeep\n|turn|24\n|c|\u2606playergamerxl|nao esperava po isso\n|\n|t:|1700425901\n|move|p1a: Heatran|Magma Storm|p2a: Cresselia\n|-damage|p2a: Cresselia|35\/100\n|move|p2a: Cresselia|Moonlight|p2a: Cresselia\n|-heal|p2a: Cresselia|85\/100\n|\n|-heal|p1a: Heatran|14\/100|[from] item: Leftovers\n|-damage|p2a: Cresselia|72\/100|[from] move: Magma Storm|[partiallytrapped]\n|upkeep\n|turn|25\n|\n|t:|1700425908\n|move|p1a: Heatran|Magma Storm|p2a: Cresselia|[miss]\n|-miss|p1a: Heatran|p2a: Cresselia\n|move|p2a: Cresselia|Moonlight|p2a: Cresselia\n|-heal|p2a: Cresselia|100\/100\n|\n|-heal|p1a: Heatran|20\/100|[from] item: Leftovers\n|-damage|p2a: Cresselia|88\/100|[from] move: Magma Storm|[partiallytrapped]\n|upkeep\n|turn|26\n|\n|t:|1700425916\n|switch|p1a: Iron Moth|Iron Moth|40\/100\n|move|p2a: Cresselia|Stored Power|p1a: Iron Moth\n|-supereffective|p1a: Iron Moth\n|-damage|p1a: Iron Moth|0 fnt\n|faint|p1a: Iron Moth\n|-end|p1a: Iron Moth|Quark Drive|[silent]\n|\n|-end|p2a: Cresselia|Magma Storm|[partiallytrapped]|[silent]\n|upkeep\n|\n|t:|1700425919\n|switch|p1a: Heatran|Heatran, F|20\/100\n|turn|27\n|\n|t:|1700425923\n|move|p1a: Heatran|Earth Power|p2a: Cresselia\n|-immune|p2a: Cresselia|[from] ability: Levitate\n|move|p2a: Cresselia|Moonblast|p1a: Heatran\n|-resisted|p1a: Heatran\n|-damage|p1a: Heatran|9\/100\n|\n|-heal|p1a: Heatran|15\/100|[from] item: Leftovers\n|upkeep\n|turn|28\n|c|\u2606playergamerxl|me mata\n|\n|t:|1700425938\n|move|p1a: Heatran|Earth Power|p2a: Cresselia\n|-immune|p2a: Cresselia|[from] ability: Levitate\n|move|p2a: Cresselia|Stored Power|p1a: Heatran\n|-resisted|p1a: Heatran\n|-damage|p1a: Heatran|0 fnt\n|faint|p1a: Heatran\n|\n|win|e63593\n|n|\u2606playergamerxl|playergamerxl\n|n|\u2606e63593|e63593\n","uploadtime":1700425939,"views":8,"p1id":"playergamerxl","p2id":"e63593","formatid":"gen9ou","rating":0,"private":0,"password":""}