{"id":"gen9ou-1989328996","p1":"EpicGamer069420","p2":"TheSilvySilv","format":"[Gen 9] OU","log":"|j|\u2606EpicGamer069420\n|j|\u2606TheSilvySilv\n|t:|1699836983\n|gametype|singles\n|player|p1|EpicGamer069420|lucas|1689\n|player|p2|TheSilvySilv|ghetsis|1687\n|teamsize|p1|6\n|teamsize|p2|6\n|gen|9\n|tier|[Gen 9] OU\n|rated|\n|rule|Sleep Clause Mod: Limit one foe put to sleep\n|rule|Species Clause: Limit one of each Pok\u00e9mon\n|rule|OHKO Clause: OHKO moves are banned\n|rule|Evasion Items Clause: Evasion items are banned\n|rule|Evasion Moves Clause: Evasion moves are banned\n|rule|Endless Battle Clause: Forcing endless battles is banned\n|rule|HP Percentage Mod: HP is shown in percentages\n|clearpoke\n|poke|p1|Sandy Shocks|\n|poke|p1|Dragapult, M|\n|poke|p1|Sneasler, M|\n|poke|p1|Ting-Lu|\n|poke|p1|Rillaboom, M|\n|poke|p1|Enamorus, F|\n|poke|p2|Rillaboom, M|\n|poke|p2|Heatran, F|\n|poke|p2|Sneasler, M|\n|poke|p2|Ogerpon-Wellspring, F|\n|poke|p2|Dragapult, M|\n|poke|p2|Landorus-Therian, M|\n|teampreview\n|inactive|Battle timer is ON: inactive players will automatically lose when time's up. (requested by EpicGamer069420)\n|\n|t:|1699836995\n|start\n|switch|p1a: Sandy Shocks|Sandy Shocks|100\/100\n|switch|p2a: DPP OU|Heatran, F|100\/100\n|turn|1\n|\n|t:|1699837001\n|switch|p2a: BOOM BOOM BOOM|Rillaboom, M|100\/100\n|-fieldstart|move: Grassy Terrain|[from] ability: Grassy Surge|[of] p2a: BOOM BOOM BOOM\n|move|p1a: Sandy Shocks|Volt Switch|p2a: BOOM BOOM BOOM\n|-resisted|p2a: BOOM BOOM BOOM\n|-crit|p2a: BOOM BOOM BOOM\n|-damage|p2a: BOOM BOOM BOOM|64\/100\n|\n|t:|1699837016\n|-end|p1a: Sandy Shocks|Protosynthesis|[silent]\n|switch|p1a: Dragapult|Dragapult, M|100\/100|[from] Volt Switch\n|\n|-heal|p2a: BOOM BOOM BOOM|70\/100|[from] Grassy Terrain\n|upkeep\n|turn|2\n|\n|t:|1699837021\n|switch|p2a: DPP OU|Heatran, F|100\/100\n|move|p1a: Dragapult|U-turn|p2a: DPP OU\n|-resisted|p2a: DPP OU\n|-damage|p2a: DPP OU|96\/100\n|\n|t:|1699837026\n|switch|p1a: Ting-Lu|Ting-Lu|100\/100|[from] U-turn\n|-ability|p1a: Ting-Lu|Vessel of Ruin\n|\n|-heal|p2a: DPP OU|100\/100|[from] Grassy Terrain\n|upkeep\n|turn|3\n|\n|t:|1699837031\n|switch|p2a: Landorus|Landorus-Therian, M|100\/100\n|-ability|p2a: Landorus|Intimidate|boost\n|-unboost|p1a: Ting-Lu|atk|1\n|move|p1a: Ting-Lu|Ruination|p2a: Landorus\n|-damage|p2a: Landorus|51\/100\n|\n|-heal|p2a: Landorus|57\/100|[from] item: Leftovers\n|upkeep\n|turn|4\n|\n|t:|1699837038\n|move|p2a: Landorus|Nasty Plot|p2a: Landorus\n|-boost|p2a: Landorus|spa|2\n|move|p1a: Ting-Lu|Spikes|p2a: Landorus\n|-sidestart|p2: TheSilvySilv|Spikes\n|\n|-heal|p2a: Landorus|63\/100|[from] item: Leftovers\n|upkeep\n|turn|5\n|\n|t:|1699837041\n|move|p2a: Landorus|Focus Blast|p1a: Ting-Lu\n|-supereffective|p1a: Ting-Lu\n|-damage|p1a: Ting-Lu|41\/100\n|move|p1a: Ting-Lu|Whirlwind|p2a: Landorus\n|drag|p2a: HEY SQUIDWARD|Ogerpon-Wellspring, F|100\/100\n|-damage|p2a: HEY SQUIDWARD|88\/100|[from] Spikes\n|\n|-heal|p2a: HEY SQUIDWARD|94\/100|[from] Grassy Terrain\n|-heal|p1a: Ting-Lu|47\/100|[from] Grassy Terrain\n|-fieldend|move: Grassy Terrain\n|upkeep\n|turn|6\n|\n|t:|1699837051\n|switch|p1a: Rillaboom|Rillaboom, M|100\/100\n|-fieldstart|move: Grassy Terrain|[from] ability: Grassy Surge|[of] p1a: Rillaboom\n|move|p2a: HEY SQUIDWARD|Ivy Cudgel|p1a: Rillaboom\n|-resisted|p1a: Rillaboom\n|-damage|p1a: Rillaboom|70\/100\n|\n|-heal|p2a: HEY SQUIDWARD|99\/100|[from] Grassy Terrain\n|-heal|p1a: Rillaboom|76\/100|[from] Grassy Terrain\n|upkeep\n|turn|7\n|\n|t:|1699837058\n|switch|p2a: Landorus|Landorus-Therian, M|63\/100\n|-ability|p2a: Landorus|Intimidate|boost\n|-unboost|p1a: Rillaboom|atk|1\n|move|p1a: Rillaboom|Knock Off|p2a: Landorus\n|-damage|p2a: Landorus|32\/100\n|-enditem|p2a: Landorus|Leftovers|[from] move: Knock Off|[of] p1a: Rillaboom\n|\n|-heal|p1a: Rillaboom|83\/100|[from] Grassy Terrain\n|upkeep\n|turn|8\n|\n|t:|1699837070\n|move|p1a: Rillaboom|Grassy Glide|p2a: Landorus\n|-damage|p2a: Landorus|0 fnt\n|faint|p2a: Landorus\n|\n|-heal|p1a: Rillaboom|89\/100|[from] Grassy Terrain\n|upkeep\n|\n|t:|1699837086\n|switch|p2a: BOOM BOOM BOOM|Rillaboom, M|70\/100\n|-damage|p2a: BOOM BOOM BOOM|57\/100|[from] Spikes\n|turn|9\n|\n|t:|1699837095\n|switch|p1a: Enamorus|Enamorus, F|100\/100\n|move|p2a: BOOM BOOM BOOM|U-turn|p1a: Enamorus\n|-resisted|p1a: Enamorus\n|-damage|p1a: Enamorus|88\/100\n|-start|p2a: BOOM BOOM BOOM|Attract|[from] ability: Cute Charm|[of] p1a: Enamorus\n|-damage|p2a: BOOM BOOM BOOM|47\/100|[from] item: Life Orb\n|\n|t:|1699837098\n|switch|p2a: HEY SQUIDWARD|Ogerpon-Wellspring, F|99\/100|[from] U-turn\n|-damage|p2a: HEY SQUIDWARD|88\/100|[from] Spikes\n|\n|-heal|p2a: HEY SQUIDWARD|94\/100|[from] Grassy Terrain\n|upkeep\n|turn|10\n|\n|t:|1699837105\n|switch|p1a: Rillaboom|Rillaboom, M|89\/100\n|move|p2a: HEY SQUIDWARD|Ivy Cudgel|p1a: Rillaboom\n|-resisted|p1a: Rillaboom\n|-damage|p1a: Rillaboom|58\/100\n|\n|-heal|p2a: HEY SQUIDWARD|99\/100|[from] Grassy Terrain\n|-heal|p1a: Rillaboom|64\/100|[from] Grassy Terrain\n|-fieldend|move: Grassy Terrain\n|upkeep\n|turn|11\n|\n|t:|1699837110\n|move|p2a: HEY SQUIDWARD|Swords Dance|p2a: HEY SQUIDWARD\n|-boost|p2a: HEY SQUIDWARD|atk|2\n|move|p1a: Rillaboom|U-turn|p2a: HEY SQUIDWARD\n|-supereffective|p2a: HEY SQUIDWARD\n|-damage|p2a: HEY SQUIDWARD|25\/100\n|\n|t:|1699837115\n|switch|p1a: Dragapult|Dragapult, M|100\/100|[from] U-turn\n|\n|upkeep\n|turn|12\n|\n|t:|1699837120\n|move|p1a: Dragapult|Shadow Ball|p2a: HEY SQUIDWARD\n|-damage|p2a: HEY SQUIDWARD|0 fnt\n|faint|p2a: HEY SQUIDWARD\n|\n|upkeep\n|\n|t:|1699837124\n|switch|p2a: Drop a DracoTM|Dragapult, M|100\/100\n|-damage|p2a: Drop a DracoTM|88\/100|[from] Spikes\n|turn|13\n|\n|t:|1699837131\n|switch|p1a: Ting-Lu|Ting-Lu|47\/100\n|-ability|p1a: Ting-Lu|Vessel of Ruin\n|move|p2a: Drop a DracoTM|Draco Meteor|p1a: Ting-Lu\n|-damage|p1a: Ting-Lu|11\/100\n|-unboost|p2a: Drop a DracoTM|spa|2\n|\n|upkeep\n|turn|14\n|\n|t:|1699837135\n|switch|p2a: 50%|Sneasler, M|100\/100\n|-damage|p2a: 50%|88\/100|[from] Spikes\n|switch|p1a: Enamorus|Enamorus, F|88\/100\n|\n|upkeep\n|turn|15\n|\n|t:|1699837141\n|move|p1a: Enamorus|Earth Power|p2a: 50%\n|-supereffective|p2a: 50%\n|-damage|p2a: 50%|6\/100\n|move|p2a: 50%|Dire Claw|p1a: Enamorus\n|-supereffective|p1a: Enamorus\n|-damage|p1a: Enamorus|0 fnt\n|-start|p2a: 50%|Attract|[from] ability: Cute Charm|[of] p1a: Enamorus\n|faint|p1a: Enamorus\n|-end|p2a: 50%|Attract|[silent]\n|\n|upkeep\n|\n|t:|1699837151\n|switch|p1a: Dragapult|Dragapult, M|100\/100\n|turn|16\n|\n|t:|1699837159\n|move|p1a: Dragapult|U-turn|p2a: 50%\n|-resisted|p2a: 50%\n|-crit|p2a: 50%\n|-damage|p2a: 50%|0 fnt\n|faint|p2a: 50%\n|\n|t:|1699837165\n|switch|p1a: Sandy Shocks|Sandy Shocks|100\/100|[from] U-turn\n|\n|upkeep\n|\n|t:|1699837176\n|switch|p2a: BOOM BOOM BOOM|Rillaboom, M|47\/100\n|-damage|p2a: BOOM BOOM BOOM|35\/100|[from] Spikes\n|-fieldstart|move: Grassy Terrain|[from] ability: Grassy Surge|[of] p2a: BOOM BOOM BOOM\n|turn|17\n|\n|t:|1699837178\n|-terastallize|p1a: Sandy Shocks|Ice\n|move|p2a: BOOM BOOM BOOM|Grassy Glide|p1a: Sandy Shocks\n|-damage|p1a: Sandy Shocks|50\/100\n|-damage|p2a: BOOM BOOM BOOM|25\/100|[from] item: Life Orb\n|move|p1a: Sandy Shocks|Tera Blast|p2a: BOOM BOOM BOOM|[anim] Tera Blast Ice\n|-supereffective|p2a: BOOM BOOM BOOM\n|-damage|p2a: BOOM BOOM BOOM|0 fnt\n|faint|p2a: BOOM BOOM BOOM\n|\n|-heal|p1a: Sandy Shocks|56\/100|[from] Grassy Terrain\n|upkeep\n|\n|t:|1699837187\n|switch|p2a: DPP OU|Heatran, F|100\/100\n|-damage|p2a: DPP OU|88\/100|[from] Spikes\n|turn|18\n|\n|t:|1699837194\n|move|p1a: Sandy Shocks|Volt Switch|p2a: DPP OU\n|-damage|p2a: DPP OU|63\/100\n|j| scoottho\n|\n|t:|1699837203\n|-end|p1a: Sandy Shocks|Protosynthesis|[silent]\n|switch|p1a: Ting-Lu|Ting-Lu|11\/100|[from] Volt Switch\n|-ability|p1a: Ting-Lu|Vessel of Ruin\n|move|p2a: DPP OU|Stealth Rock|p1a: Ting-Lu\n|-sidestart|p1: EpicGamer069420|move: Stealth Rock\n|\n|-heal|p2a: DPP OU|69\/100|[from] Grassy Terrain\n|-heal|p2a: DPP OU|75\/100|[from] item: Leftovers\n|-heal|p1a: Ting-Lu|17\/100|[from] Grassy Terrain\n|upkeep\n|turn|19\n|\n|t:|1699837206\n|move|p2a: DPP OU|Magma Storm|p1a: Ting-Lu\n|-damage|p1a: Ting-Lu|0 fnt\n|faint|p1a: Ting-Lu\n|\n|-heal|p2a: DPP OU|81\/100|[from] Grassy Terrain\n|-heal|p2a: DPP OU|88\/100|[from] item: Leftovers\n|upkeep\n|\n|t:|1699837208\n|switch|p1a: Sneasler|Sneasler, M|100\/100\n|-damage|p1a: Sneasler|95\/100|[from] Stealth Rock\n|-enditem|p1a: Sneasler|Grassy Seed\n|-boost|p1a: Sneasler|def|1|[from] item: Grassy Seed\n|turn|20\n|j| QUAKE123321\n|l| QUAKE123321\n|inactive|TheSilvySilv has 120 seconds left.\n|\n|t:|1699837240\n|-terastallize|p2a: DPP OU|Grass\n|move|p1a: Sneasler|Shadow Claw|p2a: DPP OU\n|-damage|p2a: DPP OU|64\/100\n|move|p2a: DPP OU|Magma Storm|p1a: Sneasler\n|-damage|p1a: Sneasler|28\/100\n|-activate|p1a: Sneasler|move: Magma Storm|[of] p2a: DPP OU\n|\n|-heal|p1a: Sneasler|34\/100|[from] Grassy Terrain\n|-heal|p2a: DPP OU|70\/100|[from] Grassy Terrain\n|-heal|p2a: DPP OU|76\/100|[from] item: Leftovers\n|-damage|p1a: Sneasler|22\/100|[from] move: Magma Storm|[partiallytrapped]\n|upkeep\n|turn|21\n|inactive|TheSilvySilv has 120 seconds left.\n|\n|t:|1699837255\n|move|p1a: Sneasler|Dire Claw|p2a: DPP OU\n|-supereffective|p2a: DPP OU\n|-damage|p2a: DPP OU|0 fnt\n|faint|p2a: DPP OU\n|\n|-heal|p1a: Sneasler|28\/100|[from] Grassy Terrain\n|-end|p1a: Sneasler|Magma Storm|[partiallytrapped]|[silent]\n|-fieldend|move: Grassy Terrain\n|upkeep\n|\n|t:|1699837258\n|switch|p2a: Drop a DracoTM|Dragapult, M|88\/100\n|-damage|p2a: Drop a DracoTM|76\/100|[from] Spikes\n|turn|22\n|\n|t:|1699837260\n|move|p1a: Sneasler|Shadow Claw|p2a: Drop a DracoTM\n|-supereffective|p2a: Drop a DracoTM\n|-damage|p2a: Drop a DracoTM|6\/100\n|move|p2a: Drop a DracoTM|Shadow Ball|p1a: Sneasler\n|-damage|p1a: Sneasler|0 fnt\n|faint|p1a: Sneasler\n|\n|upkeep\n|\n|t:|1699837263\n|switch|p1a: Rillaboom|Rillaboom, M|64\/100\n|-fieldstart|move: Grassy Terrain|[from] ability: Grassy Surge|[of] p1a: Rillaboom\n|turn|23\n|-message|TheSilvySilv forfeited.\n|\n|win|EpicGamer069420\n|raw|EpicGamer069420's rating: 1689 &rarr; <strong>1709<\/strong><br \/>(+20 for winning)\n|raw|TheSilvySilv's rating: 1687 &rarr; <strong>1667<\/strong><br \/>(-20 for losing)\n|l|\u2606TheSilvySilv\n|l| scoottho\n|l|\u2606EpicGamer069420\n","uploadtime":1699837326,"views":8,"p1id":"epicgamer069420","p2id":"thesilvysilv","formatid":"gen9ou","rating":1667,"private":0,"password":""}