{"id":"gen9ou-1995542519","p1":"Nero priority","p2":"kulkulkul","format":"[Gen 9] OU","log":"|j|\u2606Nero priority\n|j|\u2606kulkulkul\n|t:|1700581360\n|gametype|singles\n|player|p1|Nero priority|sightseerf|1177\n|player|p2|kulkulkul|maid|1076\n|teamsize|p1|6\n|teamsize|p2|6\n|gen|9\n|tier|[Gen 9] OU\n|rated|\n|rule|Sleep Clause Mod: Limit one foe put to sleep\n|rule|Species Clause: Limit one of each Pok\u00e9mon\n|rule|OHKO Clause: OHKO moves are banned\n|rule|Evasion Items Clause: Evasion items are banned\n|rule|Evasion Moves Clause: Evasion moves are banned\n|rule|Endless Battle Clause: Forcing endless battles is banned\n|rule|HP Percentage Mod: HP is shown in percentages\n|clearpoke\n|poke|p1|Gholdengo|\n|poke|p1|Clefable, F|\n|poke|p1|Great Tusk|\n|poke|p1|Zapdos|\n|poke|p1|Ogerpon-Wellspring, F|\n|poke|p1|Slowking-Galar, F|\n|poke|p2|Masquerain, M|\n|poke|p2|Dragapult, M|\n|poke|p2|Breloom, F|\n|poke|p2|Glimmora, M|\n|poke|p2|Kingambit, M|\n|poke|p2|Azumarill, F|\n|teampreview\n|inactive|Battle timer is ON: inactive players will automatically lose when time's up. (requested by Nero priority)\n|\n|t:|1700581379\n|start\n|switch|p1a: Gholdengo|Gholdengo|100\/100\n|switch|p2a: Masq|Masquerain, M|100\/100\n|-ability|p2a: Masq|Intimidate|boost\n|-unboost|p1a: Gholdengo|atk|1\n|turn|1\n|\n|t:|1700581395\n|move|p1a: Gholdengo|Nasty Plot|p1a: Gholdengo\n|-boost|p1a: Gholdengo|spa|2\n|move|p2a: Masq|U-turn|p1a: Gholdengo\n|-resisted|p1a: Gholdengo\n|-damage|p1a: Gholdengo|96\/100\n|\n|t:|1700581403\n|switch|p2a: Dragapult|Dragapult, M|100\/100|[from] U-turn\n|\n|-heal|p1a: Gholdengo|100\/100|[from] item: Leftovers\n|upkeep\n|turn|2\n|\n|t:|1700581408\n|switch|p1a: Clefable|Clefable, F|100\/100\n|move|p2a: Dragapult|Shadow Ball|p1a: Clefable\n|-damage|p1a: Clefable|45\/100\n|\n|-heal|p1a: Clefable|51\/100|[from] item: Leftovers\n|upkeep\n|turn|3\n|\n|t:|1700581418\n|move|p2a: Dragapult|Shadow Ball|p1a: Clefable\n|-damage|p1a: Clefable|0 fnt\n|faint|p1a: Clefable\n|\n|upkeep\n|\n|t:|1700581430\n|switch|p1a: Zapdos|Zapdos|100\/100\n|turn|4\n|\n|t:|1700581437\n|switch|p2a: Glimmora|Glimmora, M|100\/100\n|move|p1a: Zapdos|Volt Switch|p2a: Glimmora\n|-damage|p2a: Glimmora|69\/100\n|\n|t:|1700581446\n|switch|p1a: Slowking|Slowking-Galar, F|100\/100|[from] Volt Switch\n|\n|-heal|p2a: Glimmora|75\/100|[from] item: Leftovers\n|upkeep\n|turn|5\n|\n|t:|1700581452\n|move|p2a: Glimmora|Toxic Spikes|p1a: Slowking\n|-sidestart|p1: Nero priority|move: Toxic Spikes\n|move|p1a: Slowking|Future Sight|p2a: Glimmora\n|-start|p1a: Slowking|move: Future Sight\n|\n|-heal|p2a: Glimmora|81\/100|[from] item: Leftovers\n|upkeep\n|turn|6\n|\n|t:|1700581473\n|switch|p2a: Kingston|Kingambit, M|100\/100\n|move|p1a: Slowking|Ice Beam|p2a: Kingston\n|-resisted|p2a: Kingston\n|-damage|p2a: Kingston|88\/100\n|-status|p2a: Kingston|frz\n|\n|upkeep\n|turn|7\n|\n|t:|1700581483\n|switch|p1a: Gholdengo|Gholdengo|100\/100\n|cant|p2a: Kingston|frz\n|\n|-end|p2a: Kingston|move: Future Sight\n|-immune|p2a: Kingston\n|upkeep\n|turn|8\n|\n|t:|1700581492\n|move|p1a: Gholdengo|Focus Blast|p2a: Kingston|[miss]\n|-miss|p1a: Gholdengo|p2a: Kingston\n|cant|p2a: Kingston|frz\n|\n|upkeep\n|turn|9\n|\n|t:|1700581498\n|-end|p2a: Kingston|fallenundefined|[silent]\n|switch|p2a: Dragapult|Dragapult, M|100\/100\n|move|p1a: Gholdengo|Shadow Ball|p2a: Dragapult\n|-supereffective|p2a: Dragapult\n|-crit|p2a: Dragapult\n|-damage|p2a: Dragapult|0 fnt\n|faint|p2a: Dragapult\n|\n|upkeep\n|\n|t:|1700581511\n|switch|p2a: Mary|Azumarill, F|100\/100\n|turn|10\n|c|\u2606Nero priority|Sham1\n|\n|t:|1700581523\n|switch|p1a: Zapdos|Zapdos|100\/100\n|-terastallize|p2a: Mary|Water\n|move|p2a: Mary|Liquidation|p1a: Zapdos\n|-damage|p1a: Zapdos|21\/100\n|\n|upkeep\n|turn|11\n|\n|t:|1700581537\n|switch|p2a: Glimmora|Glimmora, M|81\/100\n|move|p1a: Zapdos|Discharge|p2a: Glimmora\n|-damage|p2a: Glimmora|42\/100\n|\n|-heal|p2a: Glimmora|48\/100|[from] item: Leftovers\n|upkeep\n|turn|12\n|\n|t:|1700581544\n|move|p2a: Glimmora|Stealth Rock|p1a: Zapdos\n|-sidestart|p1: Nero priority|move: Stealth Rock\n|move|p1a: Zapdos|Volt Switch|p2a: Glimmora\n|-damage|p2a: Glimmora|17\/100\n|\n|t:|1700581547\n|switch|p1a: Slowking|Slowking-Galar, F|100\/100|[from] Volt Switch\n|-sideend|p1: Nero priority|move: Toxic Spikes|[of] p1a: Slowking\n|\n|-heal|p2a: Glimmora|23\/100|[from] item: Leftovers\n|upkeep\n|turn|13\n|\n|t:|1700581555\n|switch|p2a: Kingston|Kingambit, M|88\/100 frz\n|-activate|p2a: Kingston|ability: Supreme Overlord\n|-start|p2a: Kingston|fallen1|[silent]\n|move|p1a: Slowking|Future Sight|p2a: Kingston\n|-start|p1a: Slowking|move: Future Sight\n|\n|upkeep\n|turn|14\n|\n|t:|1700581562\n|switch|p1a: Great Tusk|Great Tusk|100\/100\n|-damage|p1a: Great Tusk|98\/100|[from] Stealth Rock\n|-enditem|p1a: Great Tusk|Booster Energy\n|-activate|p1a: Great Tusk|ability: Protosynthesis|[fromitem]\n|-start|p1a: Great Tusk|protosynthesisatk\n|-curestatus|p2a: Kingston|frz|[msg]\n|move|p2a: Kingston|Sucker Punch||[still]\n|-fail|p2a: Kingston\n|\n|upkeep\n|turn|15\n|\n|t:|1700581581\n|-end|p2a: Kingston|fallen1|[silent]\n|switch|p2a: Masq|Masquerain, M|100\/100\n|-ability|p2a: Masq|Intimidate|boost\n|-unboost|p1a: Great Tusk|atk|1\n|move|p1a: Great Tusk|Rapid Spin|p2a: Masq\n|-damage|p2a: Masq|77\/100\n|-boost|p1a: Great Tusk|spe|1\n|-sideend|p1: Nero priority|Stealth Rock|[from] move: Rapid Spin|[of] p1a: Great Tusk\n|\n|-end|p2a: Masq|move: Future Sight\n|-damage|p2a: Masq|23\/100\n|upkeep\n|turn|16\n|\n|t:|1700581590\n|move|p1a: Great Tusk|Bulk Up|p1a: Great Tusk\n|-boost|p1a: Great Tusk|atk|1\n|-boost|p1a: Great Tusk|def|1\n|move|p2a: Masq|Ice Beam|p1a: Great Tusk\n|-supereffective|p1a: Great Tusk\n|-damage|p1a: Great Tusk|47\/100\n|\n|upkeep\n|turn|17\n|\n|t:|1700581601\n|move|p1a: Great Tusk|Body Press|p2a: Masq\n|-resisted|p2a: Masq\n|-damage|p2a: Masq|0 fnt\n|faint|p2a: Masq\n|\n|upkeep\n|\n|t:|1700581606\n|switch|p2a: Bella|Breloom, F|100\/100\n|turn|18\n|\n|t:|1700581612\n|move|p1a: Great Tusk|Bulk Up|p1a: Great Tusk\n|-boost|p1a: Great Tusk|atk|1\n|-boost|p1a: Great Tusk|def|1\n|move|p2a: Bella|Bullet Seed|p1a: Great Tusk\n|-supereffective|p1a: Great Tusk\n|-damage|p1a: Great Tusk|34\/100\n|-supereffective|p1a: Great Tusk\n|-damage|p1a: Great Tusk|20\/100\n|-supereffective|p1a: Great Tusk\n|-damage|p1a: Great Tusk|7\/100\n|-supereffective|p1a: Great Tusk\n|-damage|p1a: Great Tusk|0 fnt\n|faint|p1a: Great Tusk\n|-end|p1a: Great Tusk|Protosynthesis|[silent]\n|-hitcount|p1: Great Tusk|4\n|\n|upkeep\n|\n|t:|1700581625\n|switch|p1a: Gholdengo|Gholdengo|100\/100\n|turn|19\n|\n|t:|1700581631\n|move|p1a: Gholdengo|Nasty Plot|p1a: Gholdengo\n|-boost|p1a: Gholdengo|spa|2\n|move|p2a: Bella|Bulldoze|p1a: Gholdengo\n|-supereffective|p1a: Gholdengo\n|-damage|p1a: Gholdengo|19\/100\n|-unboost|p1a: Gholdengo|spe|1\n|\n|-heal|p1a: Gholdengo|25\/100|[from] item: Leftovers\n|upkeep\n|turn|20\n|\n|t:|1700581643\n|-terastallize|p1a: Gholdengo|Water\n|move|p2a: Bella|Bulldoze|p1a: Gholdengo\n|-damage|p1a: Gholdengo|0 fnt\n|faint|p1a: Gholdengo\n|\n|upkeep\n|\n|t:|1700581648\n|switch|p1a: Ogerpon|Ogerpon-Wellspring, F|100\/100\n|turn|21\n|\n|t:|1700581663\n|move|p1a: Ogerpon|U-turn|p2a: Bella\n|-damage|p2a: Bella|55\/100\n|\n|t:|1700581667\n|switch|p1a: Zapdos|Zapdos|21\/100|[from] U-turn\n|move|p2a: Bella|Bulldoze|p1a: Zapdos\n|-immune|p1a: Zapdos\n|\n|upkeep\n|turn|22\n|\n|t:|1700581672\n|move|p2a: Bella|Mach Punch|p1a: Zapdos\n|-resisted|p1a: Zapdos\n|-damage|p1a: Zapdos|7\/100\n|move|p1a: Zapdos|Heat Wave|p2a: Bella\n|-supereffective|p2a: Bella\n|-damage|p2a: Bella|0 fnt\n|faint|p2a: Bella\n|\n|upkeep\n|\n|t:|1700581678\n|switch|p2a: Glimmora|Glimmora, M|23\/100\n|turn|23\n|\n|t:|1700581685\n|move|p2a: Glimmora|Spiky Shield|p2a: Glimmora\n|-singleturn|p2a: Glimmora|move: Protect\n|move|p1a: Zapdos|Discharge|p2a: Glimmora\n|-activate|p2a: Glimmora|move: Protect\n|\n|-heal|p2a: Glimmora|30\/100|[from] item: Leftovers\n|upkeep\n|turn|24\n|\n|t:|1700581694\n|move|p2a: Glimmora|Stealth Rock|p1a: Zapdos\n|-sidestart|p1: Nero priority|move: Stealth Rock\n|move|p1a: Zapdos|Volt Switch|p2a: Glimmora\n|-damage|p2a: Glimmora|0 fnt\n|faint|p2a: Glimmora\n|\n|t:|1700581701\n|switch|p1a: Ogerpon|Ogerpon-Wellspring, F|100\/100|[from] Volt Switch\n|-damage|p1a: Ogerpon|88\/100|[from] Stealth Rock\n|\n|upkeep\n|\n|t:|1700581706\n|switch|p2a: Mary|Azumarill, F, tera:Water|100\/100\n|turn|25\n|\n|t:|1700581716\n|move|p1a: Ogerpon|Horn Leech|p2a: Mary\n|-supereffective|p2a: Mary\n|-damage|p2a: Mary|0 fnt\n|-heal|p1a: Ogerpon|100\/100|[from] drain|[of] p2a: Mary\n|faint|p2a: Mary\n|\n|upkeep\n|\n|t:|1700581720\n|switch|p2a: Kingston|Kingambit, M|88\/100\n|-activate|p2a: Kingston|ability: Supreme Overlord\n|-start|p2a: Kingston|fallen5|[silent]\n|turn|26\n|\n|t:|1700581729\n|move|p1a: Ogerpon|Ivy Cudgel|p2a: Kingston|[anim] Ivy Cudgel Water\n|-damage|p2a: Kingston|41\/100\n|move|p2a: Kingston|Kowtow Cleave|p1a: Ogerpon\n|-damage|p1a: Ogerpon|0 fnt\n|faint|p1a: Ogerpon\n|\n|upkeep\n|\n|t:|1700581736\n|switch|p1a: Zapdos|Zapdos|7\/100\n|turn|27\n|\n|t:|1700581739\n|move|p2a: Kingston|Sucker Punch||[still]\n|-fail|p2a: Kingston\n|move|p1a: Zapdos|Roost|p1a: Zapdos\n|-heal|p1a: Zapdos|57\/100\n|-singleturn|p1a: Zapdos|move: Roost\n|\n|upkeep\n|turn|28\n|\n|t:|1700581743\n|move|p2a: Kingston|Sucker Punch||[still]\n|-fail|p2a: Kingston\n|move|p1a: Zapdos|Roost|p1a: Zapdos\n|-heal|p1a: Zapdos|100\/100\n|-singleturn|p1a: Zapdos|move: Roost\n|\n|upkeep\n|turn|29\n|\n|t:|1700581747\n|move|p2a: Kingston|Sucker Punch|p1a: Zapdos\n|-damage|p1a: Zapdos|48\/100\n|move|p1a: Zapdos|Heat Wave|p2a: Kingston\n|-supereffective|p2a: Kingston\n|-damage|p2a: Kingston|0 fnt\n|faint|p2a: Kingston\n|-end|p2a: Kingston|fallen5|[silent]\n|\n|win|Nero priority\n|raw|Nero priority's rating: 1177 &rarr; <strong>1195<\/strong><br \/>(+18 for winning)\n|raw|kulkulkul's rating: 1076 &rarr; <strong>1061<\/strong><br \/>(-15 for losing)\n|c|\u2606Nero priority|Ag\u00eancia\n","uploadtime":1700581770,"views":2,"p1id":"neropriority","p2id":"kulkulkul","formatid":"gen9ou","rating":1061,"private":0,"password":""}