{"id":"gen9ou-1993552448","p1":"LittlestMaster","p2":"TheZalmancer","format":"[Gen 9] OU","log":"|j|\u2606LittlestMaster\n|j|\u2606TheZalmancer\n|t:|1700330952\n|gametype|singles\n|player|p1|LittlestMaster|169|1135\n|player|p2|TheZalmancer|skyla|1217\n|teamsize|p1|6\n|teamsize|p2|6\n|gen|9\n|tier|[Gen 9] OU\n|rated|\n|rule|Sleep Clause Mod: Limit one foe put to sleep\n|rule|Species Clause: Limit one of each Pok\u00e9mon\n|rule|OHKO Clause: OHKO moves are banned\n|rule|Evasion Items Clause: Evasion items are banned\n|rule|Evasion Moves Clause: Evasion moves are banned\n|rule|Endless Battle Clause: Forcing endless battles is banned\n|rule|HP Percentage Mod: HP is shown in percentages\n|clearpoke\n|poke|p1|Dragapult, F|\n|poke|p1|Corviknight, M|\n|poke|p1|Sylveon, M|\n|poke|p1|Gastrodon-East, M|\n|poke|p1|Kingambit, M|\n|poke|p1|Mew|\n|poke|p2|Ogerpon-Wellspring, F|\n|poke|p2|Ninetales-Alola, F|\n|poke|p2|Corviknight, F|\n|poke|p2|Slowking-Galar, M|\n|poke|p2|Hydreigon, F|\n|poke|p2|Ditto|\n|teampreview\n|\n|t:|1700330970\n|start\n|switch|p1a: Dragapult|Dragapult, F, shiny|100\/100\n|switch|p2a: Hydreigon|Hydreigon, F|100\/100\n|turn|1\n|\n|t:|1700330978\n|move|p2a: Hydreigon|Thunder Wave|p1a: Dragapult\n|-status|p1a: Dragapult|par\n|cant|p1a: Dragapult|par\n|\n|upkeep\n|turn|2\n|\n|t:|1700330985\n|move|p2a: Hydreigon|Taunt|p1a: Dragapult\n|-start|p1a: Dragapult|move: Taunt\n|cant|p1a: Dragapult|move: Taunt|Dragon Dance\n|\n|upkeep\n|turn|3\n|\n|t:|1700330993\n|switch|p1a: Corviknight|Corviknight, M|100\/100\n|move|p2a: Hydreigon|Draco Meteor|p1a: Corviknight\n|-resisted|p1a: Corviknight\n|-crit|p1a: Corviknight\n|-damage|p1a: Corviknight|47\/100\n|-unboost|p2a: Hydreigon|spa|2\n|\n|upkeep\n|turn|4\n|\n|t:|1700331015\n|switch|p2a: Corviknight|Corviknight, F, shiny|100\/100\n|switch|p1a: Dragapult|Dragapult, F, shiny|100\/100 par\n|\n|upkeep\n|turn|5\n|\n|t:|1700331023\n|move|p2a: Corviknight|U-turn|p1a: Dragapult\n|-resisted|p1a: Dragapult\n|-damage|p1a: Dragapult|92\/100 par\n|\n|t:|1700331026\n|switch|p2a: Ninetales|Ninetales-Alola, F, shiny|100\/100|[from] U-turn\n|-weather|Snow|[from] ability: Snow Warning|[of] p2a: Ninetales\n|cant|p1a: Dragapult|par\n|\n|-weather|Snow|[upkeep]\n|upkeep\n|turn|6\n|\n|t:|1700331035\n|move|p2a: Ninetales|Aurora Veil|p2a: Ninetales\n|-sidestart|p2: TheZalmancer|move: Aurora Veil\n|move|p1a: Dragapult|Dragon Dance|p1a: Dragapult\n|-boost|p1a: Dragapult|atk|1\n|-boost|p1a: Dragapult|spe|1\n|\n|-weather|Snow|[upkeep]\n|upkeep\n|turn|7\n|\n|t:|1700331046\n|move|p2a: Ninetales|Encore|p1a: Dragapult\n|-start|p1a: Dragapult|Encore\n|move|p1a: Dragapult|Dragon Dance|p1a: Dragapult\n|-boost|p1a: Dragapult|atk|1\n|-boost|p1a: Dragapult|spe|1\n|\n|-weather|Snow|[upkeep]\n|upkeep\n|turn|8\n|\n|t:|1700331055\n|switch|p2a: Slowking|Slowking-Galar, M|100\/100\n|switch|p1a: Corviknight|Corviknight, M|47\/100\n|\n|-weather|Snow|[upkeep]\n|upkeep\n|turn|9\n|\n|t:|1700331063\n|move|p1a: Corviknight|U-turn|p2a: Slowking\n|-damage|p2a: Slowking|91\/100\n|\n|t:|1700331068\n|switch|p1a: Gastrodon|Gastrodon-East, M|100\/100|[from] U-turn\n|move|p2a: Slowking|Trick Room|p2a: Slowking\n|-fieldstart|move: Trick Room|[of] p2a: Slowking\n|\n|-weather|none\n|-heal|p2a: Slowking|97\/100|[from] item: Leftovers\n|upkeep\n|turn|10\n|\n|t:|1700331079\n|move|p2a: Slowking|Nasty Plot|p2a: Slowking\n|-boost|p2a: Slowking|spa|2\n|move|p1a: Gastrodon|Earth Power|p2a: Slowking\n|-supereffective|p2a: Slowking\n|-damage|p2a: Slowking|70\/100\n|\n|-heal|p2a: Slowking|76\/100|[from] item: Leftovers\n|upkeep\n|turn|11\n|\n|t:|1700331090\n|move|p2a: Slowking|Shadow Ball|p1a: Gastrodon\n|-crit|p1a: Gastrodon\n|-damage|p1a: Gastrodon|45\/100\n|move|p1a: Gastrodon|Earth Power|p2a: Slowking\n|-supereffective|p2a: Slowking\n|-crit|p2a: Slowking\n|-damage|p2a: Slowking|0 fnt\n|faint|p2a: Slowking\n|-heal|p1a: Gastrodon|54\/100|[from] item: Shell Bell|[of] p2: Slowking\n|\n|upkeep\n|\n|t:|1700331099\n|switch|p2a: Ogerpon|Ogerpon-Wellspring, F|100\/100\n|turn|12\n|\n|t:|1700331107\n|switch|p1a: Dragapult|Dragapult, F, shiny|92\/100 par\n|move|p2a: Ogerpon|Swords Dance|p2a: Ogerpon\n|-boost|p2a: Ogerpon|atk|2\n|\n|upkeep\n|turn|13\n|\n|t:|1700331117\n|move|p1a: Dragapult|Dragon Dance|p1a: Dragapult\n|-boost|p1a: Dragapult|atk|1\n|-boost|p1a: Dragapult|spe|1\n|move|p2a: Ogerpon|Ivy Cudgel|p1a: Dragapult|[anim] Ivy Cudgel Water\n|-resisted|p1a: Dragapult\n|-crit|p1a: Dragapult\n|-damage|p1a: Dragapult|0 fnt\n|faint|p1a: Dragapult\n|\n|-sideend|p2: TheZalmancer|move: Aurora Veil\n|-fieldend|move: Trick Room\n|upkeep\n|\n|t:|1700331129\n|switch|p1a: Corviknight|Corviknight, M|47\/100\n|turn|14\n|\n|t:|1700331134\n|move|p2a: Ogerpon|Ivy Cudgel|p1a: Corviknight|[anim] Ivy Cudgel Water\n|-damage|p1a: Corviknight|0 fnt\n|faint|p1a: Corviknight\n|\n|upkeep\n|\n|t:|1700331141\n|switch|p1a: Gastrodon|Gastrodon-East, M|54\/100\n|turn|15\n|\n|t:|1700331150\n|move|p1a: Gastrodon|Protect|p1a: Gastrodon\n|-singleturn|p1a: Gastrodon|Protect\n|move|p2a: Ogerpon|Horn Leech|p1a: Gastrodon\n|-activate|p1a: Gastrodon|move: Protect\n|\n|upkeep\n|turn|16\n|\n|t:|1700331158\n|move|p2a: Ogerpon|Horn Leech|p1a: Gastrodon\n|-supereffective|p1a: Gastrodon\n|-damage|p1a: Gastrodon|0 fnt\n|faint|p1a: Gastrodon\n|\n|upkeep\n|\n|t:|1700331164\n|switch|p1a: Sylveon|Sylveon, M, shiny|100\/100\n|turn|17\n|\n|t:|1700331171\n|-terastallize|p1a: Sylveon|Fighting\n|move|p2a: Ogerpon|Ivy Cudgel|p1a: Sylveon|[anim] Ivy Cudgel Water\n|-damage|p1a: Sylveon|0 fnt\n|faint|p1a: Sylveon\n|\n|upkeep\n|\n|t:|1700331178\n|switch|p1a: Mew|Mew, shiny|100\/100\n|turn|18\n|\n|t:|1700331187\n|move|p2a: Ogerpon|Ivy Cudgel|p1a: Mew|[anim] Ivy Cudgel Water\n|-damage|p1a: Mew|0 fnt\n|faint|p1a: Mew\n|\n|upkeep\n|\n|t:|1700331192\n|switch|p1a: Kingambit|Kingambit, M, shiny|100\/100\n|-activate|p1a: Kingambit|ability: Supreme Overlord\n|-start|p1a: Kingambit|fallen5|[silent]\n|turn|19\n|\n|t:|1700331202\n|move|p2a: Ogerpon|Ivy Cudgel|p1a: Kingambit|[anim] Ivy Cudgel Water\n|-damage|p1a: Kingambit|19\/100\n|move|p1a: Kingambit|Iron Head|p2a: Ogerpon\n|-resisted|p2a: Ogerpon\n|-damage|p2a: Ogerpon|58\/100\n|\n|upkeep\n|turn|20\n|\n|t:|1700331210\n|move|p2a: Ogerpon|Horn Leech|p1a: Kingambit\n|-resisted|p1a: Kingambit\n|-damage|p1a: Kingambit|0 fnt\n|-heal|p2a: Ogerpon|70\/100|[from] drain|[of] p1a: Kingambit\n|faint|p1a: Kingambit\n|-end|p1a: Kingambit|fallen5|[silent]\n|\n|win|TheZalmancer\n|raw|LittlestMaster's rating: 1135 &rarr; <strong>1116<\/strong><br \/>(-19 for losing)\n|raw|TheZalmancer's rating: 1217 &rarr; <strong>1236<\/strong><br \/>(+19 for winning)\n|l|\u2606LittlestMaster\n|c|\u2606TheZalmancer|ggs\n","uploadtime":1700331223,"views":10,"p1id":"littlestmaster","p2id":"thezalmancer","formatid":"gen9ou","rating":1116,"private":0,"password":""}