{"id":"gen9ou-1989366932","p1":"andrewm0n","p2":"Quamnckkk","format":"[Gen 9] OU","log":"|j|\u2606andrewm0n\n|j|\u2606Quamnckkk\n|t:|1699841408\n|gametype|singles\n|player|p1|andrewm0n|swimmerf|1595\n|player|p2|Quamnckkk|yellow|1720\n|teamsize|p1|6\n|teamsize|p2|6\n|gen|9\n|tier|[Gen 9] OU\n|rated|\n|rule|Sleep Clause Mod: Limit one foe put to sleep\n|rule|Species Clause: Limit one of each Pok\u00e9mon\n|rule|OHKO Clause: OHKO moves are banned\n|rule|Evasion Items Clause: Evasion items are banned\n|rule|Evasion Moves Clause: Evasion moves are banned\n|rule|Endless Battle Clause: Forcing endless battles is banned\n|rule|HP Percentage Mod: HP is shown in percentages\n|clearpoke\n|poke|p1|Alomomola, F|\n|poke|p1|Rillaboom, M|\n|poke|p1|Maushold-Four|\n|poke|p1|Dragapult, M|\n|poke|p1|Ursaluna, M|\n|poke|p1|Hatterene, F|\n|poke|p2|Blissey, F|\n|poke|p2|Quagsire, F|\n|poke|p2|Mandibuzz, F|\n|poke|p2|Clefable, F|\n|poke|p2|Talonflame, F|\n|poke|p2|Toxapex, M|\n|teampreview\n|inactive|Battle timer is ON: inactive players will automatically lose when time's up. (requested by Quamnckkk)\n|j| FatherSuperior7\n|inactive|andrewm0n has 120 seconds left.\n|\n|t:|1699841450\n|start\n|switch|p1a: Ursaluna|Ursaluna, M, shiny|100\/100\n|switch|p2a: Blissey|Blissey, F|100\/100\n|turn|1\n|\n|t:|1699841459\n|switch|p2a: Mandibuzz|Mandibuzz, F|100\/100\n|move|p1a: Ursaluna|Protect||[still]\n|-fail|p1a: Ursaluna\n|\n|-status|p1a: Ursaluna|brn|[from] item: Flame Orb\n|upkeep\n|turn|2\n|\n|t:|1699841478\n|switch|p1a: Hatterene|Hatterene, F|100\/100\n|move|p2a: Mandibuzz|Iron Defense|p2a: Mandibuzz\n|-boost|p2a: Mandibuzz|def|2\n|\n|upkeep\n|turn|3\n|inactive|Quamnckkk has 120 seconds left.\n|\n|t:|1699841512\n|switch|p2a: Toxapex|Toxapex, M|100\/100\n|move|p1a: Hatterene|Calm Mind|p1a: Hatterene\n|-boost|p1a: Hatterene|spa|1\n|-boost|p1a: Hatterene|spd|1\n|\n|upkeep\n|turn|4\n|\n|t:|1699841533\n|move|p2a: Toxapex|Haze|p2a: Toxapex\n|-clearallboost\n|move|p1a: Hatterene|Psyshock|p2a: Toxapex\n|-supereffective|p2a: Toxapex\n|-damage|p2a: Toxapex|21\/100\n|\n|upkeep\n|turn|5\n|inactive|Quamnckkk has 120 seconds left.\n|inactive|Quamnckkk has 90 seconds left.\n|inactive|Quamnckkk has 60 seconds left.\n|\n|t:|1699841620\n|switch|p2a: Blissey|Blissey, F|100\/100\n|move|p1a: Hatterene|Psyshock|p2a: Blissey\n|-damage|p2a: Blissey|54\/100\n|\n|upkeep\n|turn|6\n|inactive|andrewm0n has 120 seconds left.\n|\n|t:|1699841654\n|-terastallize|p2a: Blissey|Dark\n|move|p2a: Blissey|Soft-Boiled|p2a: Blissey\n|-heal|p2a: Blissey|100\/100\n|move|p1a: Hatterene|Calm Mind|p1a: Hatterene\n|-boost|p1a: Hatterene|spa|1\n|-boost|p1a: Hatterene|spd|1\n|\n|upkeep\n|turn|7\n|\n|t:|1699841661\n|move|p2a: Blissey|Calm Mind|p2a: Blissey\n|-boost|p2a: Blissey|spa|1\n|-boost|p2a: Blissey|spd|1\n|move|p1a: Hatterene|Calm Mind|p1a: Hatterene\n|-boost|p1a: Hatterene|spa|1\n|-boost|p1a: Hatterene|spd|1\n|\n|upkeep\n|turn|8\n|\n|t:|1699841665\n|switch|p1a: Ursaluna|Ursaluna, M, shiny|100\/100 brn\n|move|p2a: Blissey|Calm Mind|p2a: Blissey\n|-boost|p2a: Blissey|spa|1\n|-boost|p2a: Blissey|spd|1\n|\n|-damage|p1a: Ursaluna|94\/100 brn|[from] brn\n|upkeep\n|turn|9\n|\n|t:|1699841686\n|switch|p2a: Mandibuzz|Mandibuzz, F|100\/100\n|move|p1a: Ursaluna|Facade|p2a: Mandibuzz\n|-damage|p2a: Mandibuzz|28\/100\n|\n|-damage|p1a: Ursaluna|88\/100 brn|[from] brn\n|upkeep\n|turn|10\n|\n|t:|1699841697\n|move|p2a: Mandibuzz|Roost|p2a: Mandibuzz\n|-heal|p2a: Mandibuzz|78\/100\n|-singleturn|p2a: Mandibuzz|move: Roost\n|move|p1a: Ursaluna|Facade|p2a: Mandibuzz\n|-damage|p2a: Mandibuzz|12\/100\n|\n|-damage|p1a: Ursaluna|82\/100 brn|[from] brn\n|upkeep\n|turn|11\n|\n|t:|1699841705\n|move|p2a: Mandibuzz|Knock Off|p1a: Ursaluna\n|-damage|p1a: Ursaluna|64\/100 brn\n|-enditem|p1a: Ursaluna|Flame Orb|[from] move: Knock Off|[of] p2a: Mandibuzz\n|move|p1a: Ursaluna|Facade|p2a: Mandibuzz\n|-damage|p2a: Mandibuzz|0 fnt\n|faint|p2a: Mandibuzz\n|\n|-damage|p1a: Ursaluna|58\/100 brn|[from] brn\n|upkeep\n|\n|t:|1699841724\n|switch|p2a: Quagsire|Quagsire, F|100\/100\n|turn|12\n|\n|t:|1699841731\n|move|p1a: Ursaluna|Facade|p2a: Quagsire\n|-damage|p2a: Quagsire|17\/100\n|move|p2a: Quagsire|Earthquake|p1a: Ursaluna\n|-damage|p1a: Ursaluna|35\/100 brn\n|\n|-damage|p1a: Ursaluna|29\/100 brn|[from] brn\n|upkeep\n|turn|13\n|\n|t:|1699841738\n|move|p1a: Ursaluna|Facade|p2a: Quagsire\n|-damage|p2a: Quagsire|0 fnt\n|faint|p2a: Quagsire\n|\n|-damage|p1a: Ursaluna|23\/100 brn|[from] brn\n|upkeep\n|\n|t:|1699841743\n|switch|p2a: Clefable|Clefable, F|100\/100\n|turn|14\n|\n|t:|1699841747\n|switch|p1a: Alomomola|Alomomola, F, shiny|100\/100\n|move|p2a: Clefable|Protect||[still]\n|-fail|p2a: Clefable\n|\n|upkeep\n|turn|15\n|\n|t:|1699841757\n|move|p2a: Clefable|Calm Mind|p2a: Clefable\n|-boost|p2a: Clefable|spa|1\n|-boost|p2a: Clefable|spd|1\n|move|p1a: Alomomola|Wish|p1a: Alomomola\n|\n|upkeep\n|turn|16\n|\n|t:|1699841762\n|move|p2a: Clefable|Protect|p2a: Clefable\n|-singleturn|p2a: Clefable|Protect\n|move|p1a: Alomomola|Flip Turn|p2a: Clefable\n|-activate|p2a: Clefable|move: Protect\n|\n|upkeep\n|turn|17\n|\n|t:|1699841769\n|move|p2a: Clefable|Moonblast|p1a: Alomomola\n|-damage|p1a: Alomomola|58\/100\n|-unboost|p1a: Alomomola|spa|1\n|move|p1a: Alomomola|Flip Turn|p2a: Clefable\n|-damage|p2a: Clefable|87\/100\n|\n|t:|1699841781\n|switch|p1a: Rillaboom|Rillaboom, M, shiny|100\/100|[from] Flip Turn\n|-fieldstart|move: Grassy Terrain|[from] ability: Grassy Surge|[of] p1a: Rillaboom\n|\n|-heal|p2a: Clefable|93\/100|[from] Grassy Terrain\n|-heal|p2a: Clefable|99\/100|[from] item: Leftovers\n|upkeep\n|turn|18\n|\n|t:|1699841786\n|-terastallize|p1a: Rillaboom|Grass\n|move|p2a: Clefable|Protect|p2a: Clefable\n|-singleturn|p2a: Clefable|Protect\n|move|p1a: Rillaboom|Wood Hammer|p2a: Clefable\n|-activate|p2a: Clefable|move: Protect\n|\n|-heal|p2a: Clefable|100\/100|[from] Grassy Terrain\n|upkeep\n|turn|19\n|\n|t:|1699841790\n|switch|p1a: Alomomola|Alomomola, F, shiny|92\/100\n|switch|p2a: Talonflame|Talonflame, F|100\/100\n|\n|-heal|p1a: Alomomola|98\/100|[from] Grassy Terrain\n|upkeep\n|turn|20\n|\n|t:|1699841800\n|move|p2a: Talonflame|U-turn|p1a: Alomomola\n|-damage|p1a: Alomomola|90\/100\n|-damage|p2a: Talonflame|84\/100|[from] item: Rocky Helmet|[of] p1a: Alomomola\n|\n|t:|1699841803\n|switch|p2a: Clefable|Clefable, F|100\/100|[from] U-turn\n|move|p1a: Alomomola|Wish|p1a: Alomomola\n|\n|-heal|p1a: Alomomola|96\/100|[from] Grassy Terrain\n|upkeep\n|turn|21\n|\n|t:|1699841805\n|move|p2a: Clefable|Moonblast|p1a: Alomomola\n|-damage|p1a: Alomomola|67\/100\n|move|p1a: Alomomola|Flip Turn|p2a: Clefable\n|-damage|p2a: Clefable|86\/100\n|\n|t:|1699841807\n|switch|p1a: Ursaluna|Ursaluna, M, shiny|23\/100 brn|[from] Flip Turn\n|\n|-heal|p1a: Ursaluna|84\/100 brn|[from] move: Wish|[wisher] Alomomola\n|-heal|p2a: Clefable|92\/100|[from] Grassy Terrain\n|-heal|p2a: Clefable|98\/100|[from] item: Leftovers\n|-heal|p1a: Ursaluna|91\/100 brn|[from] Grassy Terrain\n|-damage|p1a: Ursaluna|84\/100 brn|[from] brn\n|-fieldend|move: Grassy Terrain\n|upkeep\n|turn|22\n|\n|t:|1699841811\n|move|p2a: Clefable|Protect|p2a: Clefable\n|-singleturn|p2a: Clefable|Protect\n|move|p1a: Ursaluna|Facade|p2a: Clefable\n|-activate|p2a: Clefable|move: Protect\n|\n|-heal|p2a: Clefable|100\/100|[from] item: Leftovers\n|-damage|p1a: Ursaluna|78\/100 brn|[from] brn\n|upkeep\n|turn|23\n|\n|t:|1699841815\n|move|p2a: Clefable|Moonblast|p1a: Ursaluna\n|-damage|p1a: Ursaluna|52\/100 brn\n|-unboost|p1a: Ursaluna|spa|1\n|move|p1a: Ursaluna|Facade|p2a: Clefable\n|-damage|p2a: Clefable|0 fnt\n|faint|p2a: Clefable\n|\n|-damage|p1a: Ursaluna|46\/100 brn|[from] brn\n|upkeep\n|-message|Quamnckkk forfeited.\n|\n|win|andrewm0n\n|raw|andrewm0n's rating: 1595 &rarr; <strong>1622<\/strong><br \/>(+27 for winning)\n|raw|Quamnckkk's rating: 1720 &rarr; <strong>1693<\/strong><br \/>(-27 for losing)\n|l|\u2606Quamnckkk\n|l|\u2606andrewm0n\n","uploadtime":1699841842,"views":16,"p1id":"andrewm0n","p2id":"quamnckkk","formatid":"gen9ou","rating":1622,"private":0,"password":""}