{"id":"gen9ou-1988380354","p1":"PK~Hunter\u2606","p2":"zuiderduif","format":"[Gen 9] OU","log":"|j|\u2606PK~Hunter\u2606\n|j|\u2606zuiderduif\n|t:|1699716357\n|gametype|singles\n|player|p1|PK~Hunter\u2606|266|1079\n|player|p2|zuiderduif|fantina|1034\n|teamsize|p1|6\n|teamsize|p2|6\n|gen|9\n|tier|[Gen 9] OU\n|rated|\n|rule|Sleep Clause Mod: Limit one foe put to sleep\n|rule|Species Clause: Limit one of each Pok\u00e9mon\n|rule|OHKO Clause: OHKO moves are banned\n|rule|Evasion Items Clause: Evasion items are banned\n|rule|Evasion Moves Clause: Evasion moves are banned\n|rule|Endless Battle Clause: Forcing endless battles is banned\n|rule|HP Percentage Mod: HP is shown in percentages\n|clearpoke\n|poke|p1|Dragapult, F|\n|poke|p1|Gliscor, M|\n|poke|p1|Milotic, F|\n|poke|p1|Iron Valiant|\n|poke|p1|Chandelure, M|\n|poke|p1|Corviknight, F|\n|poke|p2|Gliscor, F|\n|poke|p2|Gholdengo|\n|poke|p2|Blissey, F|\n|poke|p2|Ninetales-Alola, F|\n|poke|p2|Iron Moth|\n|poke|p2|Great Tusk|\n|teampreview\n|\n|t:|1699716378\n|start\n|switch|p1a: Chandelure|Chandelure, M|100\/100\n|switch|p2a: future ubers main|Gliscor, F, shiny|100\/100\n|turn|1\n|\n|t:|1699716394\n|switch|p1a: Milotic|Milotic, F|100\/100\n|move|p2a: future ubers main|Toxic|p1a: Milotic\n|-status|p1a: Milotic|tox\n|\n|-damage|p1a: Milotic|94\/100 tox|[from] psn\n|-status|p2a: future ubers main|tox|[from] item: Toxic Orb\n|upkeep\n|turn|2\n|\n|t:|1699716405\n|move|p2a: future ubers main|Protect|p2a: future ubers main\n|-singleturn|p2a: future ubers main|Protect\n|move|p1a: Milotic|Coil|p1a: Milotic\n|-boost|p1a: Milotic|atk|1\n|-boost|p1a: Milotic|def|1\n|-boost|p1a: Milotic|accuracy|1\n|\n|-damage|p1a: Milotic|82\/100 tox|[from] psn\n|upkeep\n|turn|3\n|\n|t:|1699716416\n|move|p2a: future ubers main|Spikes|p1a: Milotic\n|-sidestart|p1: PK~Hunter\u2606|Spikes\n|move|p1a: Milotic|Scald|p2a: future ubers main\n|-supereffective|p2a: future ubers main\n|-damage|p2a: future ubers main|32\/100 tox\n|\n|-heal|p2a: future ubers main|44\/100 tox|[from] ability: Poison Heal\n|-damage|p1a: Milotic|64\/100 tox|[from] psn\n|upkeep\n|turn|4\n|\n|t:|1699716426\n|move|p2a: future ubers main|Protect|p2a: future ubers main\n|-singleturn|p2a: future ubers main|Protect\n|move|p1a: Milotic|Recover|p1a: Milotic\n|-heal|p1a: Milotic|100\/100 tox\n|\n|-heal|p2a: future ubers main|57\/100 tox|[from] ability: Poison Heal\n|-damage|p1a: Milotic|76\/100 tox|[from] psn\n|upkeep\n|turn|5\n|\n|t:|1699716443\n|switch|p2a: chiken|Blissey, F|100\/100\n|move|p1a: Milotic|Scald|p2a: chiken\n|-damage|p2a: chiken|92\/100\n|\n|-damage|p1a: Milotic|46\/100 tox|[from] psn\n|upkeep\n|turn|6\n|\n|t:|1699716456\n|switch|p1a: Iron Valiant|Iron Valiant|100\/100\n|-damage|p1a: Iron Valiant|88\/100|[from] Spikes\n|-enditem|p1a: Iron Valiant|Booster Energy\n|-activate|p1a: Iron Valiant|ability: Quark Drive|[fromitem]\n|-start|p1a: Iron Valiant|quarkdrivespe\n|move|p2a: chiken|Shadow Ball|p1a: Iron Valiant\n|-damage|p1a: Iron Valiant|63\/100\n|-unboost|p1a: Iron Valiant|spd|1\n|\n|upkeep\n|turn|7\n|\n|t:|1699716519\n|switch|p2a: rileywillscamyou|Gholdengo, shiny|100\/100\n|move|p1a: Iron Valiant|Spirit Break|p2a: rileywillscamyou\n|-resisted|p2a: rileywillscamyou\n|-damage|p2a: rileywillscamyou|87\/100\n|-unboost|p2a: rileywillscamyou|spa|1\n|\n|-heal|p2a: rileywillscamyou|93\/100|[from] item: Leftovers\n|upkeep\n|turn|8\n|\n|t:|1699716528\n|move|p1a: Iron Valiant|Destiny Bond|p1a: Iron Valiant\n|-singlemove|p1a: Iron Valiant|Destiny Bond\n|move|p2a: rileywillscamyou|Thunder Wave|p1a: Iron Valiant\n|-status|p1a: Iron Valiant|par\n|\n|-heal|p2a: rileywillscamyou|99\/100|[from] item: Leftovers\n|upkeep\n|turn|9\n|\n|t:|1699716549\n|-end|p1a: Iron Valiant|Quark Drive|[silent]\n|switch|p1a: Gliscor|Gliscor, M, shiny|100\/100\n|move|p2a: rileywillscamyou|Nasty Plot|p2a: rileywillscamyou\n|-boost|p2a: rileywillscamyou|spa|2\n|\n|-heal|p2a: rileywillscamyou|100\/100|[from] item: Leftovers\n|-status|p1a: Gliscor|tox|[from] item: Toxic Orb\n|upkeep\n|turn|10\n|\n|t:|1699716574\n|switch|p2a: true girl's girl|Ninetales-Alola, F|100\/100\n|-weather|Snow|[from] ability: Snow Warning|[of] p2a: true girl's girl\n|move|p1a: Gliscor|Earthquake|p2a: true girl's girl\n|-damage|p2a: true girl's girl|74\/100\n|\n|-weather|Snow|[upkeep]\n|upkeep\n|turn|11\n|\n|t:|1699716592\n|move|p2a: true girl's girl|Aurora Veil|p2a: true girl's girl\n|-sidestart|p2: zuiderduif|move: Aurora Veil\n|move|p1a: Gliscor|Toxic|p2a: true girl's girl\n|-status|p2a: true girl's girl|tox\n|\n|-weather|Snow|[upkeep]\n|-damage|p2a: true girl's girl|68\/100 tox|[from] psn\n|upkeep\n|turn|12\n|\n|t:|1699716609\n|move|p2a: true girl's girl|Freeze-Dry|p1a: Gliscor\n|-supereffective|p1a: Gliscor\n|-damage|p1a: Gliscor|6\/100 tox\n|move|p1a: Gliscor|Earthquake|p2a: true girl's girl\n|-damage|p2a: true girl's girl|53\/100 tox\n|\n|-weather|Snow|[upkeep]\n|-damage|p2a: true girl's girl|41\/100 tox|[from] psn\n|-heal|p1a: Gliscor|18\/100 tox|[from] ability: Poison Heal\n|upkeep\n|turn|13\n|\n|t:|1699716619\n|move|p1a: Gliscor|Protect|p1a: Gliscor\n|-singleturn|p1a: Gliscor|Protect\n|move|p2a: true girl's girl|Freeze-Dry|p1a: Gliscor\n|-activate|p1a: Gliscor|move: Protect\n|\n|-weather|Snow|[upkeep]\n|-damage|p2a: true girl's girl|23\/100 tox|[from] psn\n|-heal|p1a: Gliscor|30\/100 tox|[from] ability: Poison Heal\n|upkeep\n|turn|14\n|\n|t:|1699716635\n|switch|p2a: chiken|Blissey, F|92\/100\n|switch|p1a: Chandelure|Chandelure, M|100\/100\n|-damage|p1a: Chandelure|88\/100|[from] Spikes\n|\n|-weather|none\n|upkeep\n|turn|15\n|\n|t:|1699716647\n|switch|p1a: Gliscor|Gliscor, M, shiny|30\/100 tox\n|move|p2a: chiken|Heal Bell|p2a: chiken\n|-activate|p2a: chiken|move: Heal Bell\n|-curestatus|p2: true girl's girl|tox|[msg]\n|-curestatus|p2: future ubers main|tox|[msg]\n|\n|-heal|p1a: Gliscor|43\/100 tox|[from] ability: Poison Heal\n|upkeep\n|turn|16\n|\n|t:|1699716664\n|switch|p2a: true girl's girl|Ninetales-Alola, F|23\/100\n|-weather|Snow|[from] ability: Snow Warning|[of] p2a: true girl's girl\n|move|p1a: Gliscor|Earthquake|p2a: true girl's girl\n|-damage|p2a: true girl's girl|9\/100\n|\n|-weather|Snow|[upkeep]\n|-heal|p1a: Gliscor|55\/100 tox|[from] ability: Poison Heal\n|upkeep\n|turn|17\n|\n|t:|1699716675\n|move|p2a: true girl's girl|Freeze-Dry|p1a: Gliscor\n|-supereffective|p1a: Gliscor\n|-damage|p1a: Gliscor|0 fnt\n|faint|p1a: Gliscor\n|\n|-weather|Snow|[upkeep]\n|upkeep\n|\n|t:|1699716683\n|switch|p1a: Chandelure|Chandelure, M|88\/100\n|-damage|p1a: Chandelure|76\/100|[from] Spikes\n|turn|18\n|\n|t:|1699716710\n|switch|p2a: rileywillscamyou|Gholdengo, shiny|100\/100\n|move|p1a: Chandelure|Shadow Ball|p2a: rileywillscamyou\n|-supereffective|p2a: rileywillscamyou\n|-damage|p2a: rileywillscamyou|39\/100\n|\n|-weather|Snow|[upkeep]\n|-heal|p2a: rileywillscamyou|45\/100|[from] item: Leftovers\n|-sideend|p2: zuiderduif|move: Aurora Veil\n|upkeep\n|turn|19\n|\n|t:|1699716724\n|move|p1a: Chandelure|Shadow Ball|p2a: rileywillscamyou\n|-supereffective|p2a: rileywillscamyou\n|-damage|p2a: rileywillscamyou|0 fnt\n|faint|p2a: rileywillscamyou\n|\n|-weather|Snow|[upkeep]\n|upkeep\n|\n|t:|1699716742\n|switch|p2a: sweet tooth|Great Tusk|100\/100\n|turn|20\n|\n|t:|1699716762\n|switch|p1a: Iron Valiant|Iron Valiant|63\/100 par\n|-damage|p1a: Iron Valiant|51\/100 par|[from] Spikes\n|move|p2a: sweet tooth|Headlong Rush|p1a: Iron Valiant\n|-damage|p1a: Iron Valiant|0 fnt\n|-unboost|p2a: sweet tooth|def|1\n|-unboost|p2a: sweet tooth|spd|1\n|-enditem|p2a: sweet tooth|Eject Pack\n|faint|p1a: Iron Valiant\n|-end|p1a: Iron Valiant|Quark Drive|[silent]\n|\n|t:|1699716807\n|-end|p2a: sweet tooth|Protosynthesis|[silent]\n|switch|p2a: designer kitty|Iron Moth|100\/100\n|-enditem|p2a: designer kitty|Booster Energy\n|-activate|p2a: designer kitty|ability: Quark Drive|[fromitem]\n|-start|p2a: designer kitty|quarkdrivespe\n|\n|-weather|none\n|upkeep\n|\n|t:|1699716818\n|switch|p1a: Milotic|Milotic, F|46\/100 tox\n|-damage|p1a: Milotic|33\/100 tox|[from] Spikes\n|turn|21\n|inactive|Battle timer is ON: inactive players will automatically lose when time's up. (requested by zuiderduif)\n|\n|t:|1699716836\n|move|p2a: designer kitty|Sludge Wave|p1a: Milotic\n|-damage|p1a: Milotic|0 fnt\n|faint|p1a: Milotic\n|\n|upkeep\n|\n|t:|1699716859\n|switch|p1a: Dragapult|Dragapult, F|100\/100\n|-damage|p1a: Dragapult|88\/100|[from] Spikes\n|turn|22\n|inactive|zuiderduif has 120 seconds left.\n|\n|t:|1699716891\n|-terastallize|p2a: designer kitty|Ground\n|move|p2a: designer kitty|Tera Blast|p1a: Dragapult|[anim] Tera Blast Ground\n|-damage|p1a: Dragapult|48\/100\n|move|p1a: Dragapult|Psychic Fangs|p2a: designer kitty\n|-damage|p2a: designer kitty|62\/100\n|\n|upkeep\n|turn|23\n|\n|t:|1699716912\n|move|p2a: designer kitty|Tera Blast|p1a: Dragapult|[anim] Tera Blast Ground\n|-damage|p1a: Dragapult|10\/100\n|move|p1a: Dragapult|Dragon Darts|p2a: designer kitty\n|-damage|p2a: designer kitty|28\/100\n|-anim|p1a: Dragapult|Dragon Darts|p2a: designer kitty\n|-damage|p2a: designer kitty|0 fnt\n|faint|p2a: designer kitty\n|-end|p2a: designer kitty|Quark Drive|[silent]\n|\n|upkeep\n|inactive|zuiderduif has 120 seconds left.\n|\n|t:|1699716927\n|switch|p2a: chiken|Blissey, F|92\/100\n|turn|24\n|\n|t:|1699716933\n|move|p1a: Dragapult|Dragon Darts|p2a: chiken\n|-damage|p2a: chiken|65\/100\n|-anim|p1a: Dragapult|Dragon Darts|p2a: chiken\n|-damage|p2a: chiken|39\/100\n|move|p2a: chiken|Shadow Ball|p1a: Dragapult\n|-supereffective|p1a: Dragapult\n|-damage|p1a: Dragapult|0 fnt\n|faint|p1a: Dragapult\n|\n|upkeep\n|\n|t:|1699716938\n|switch|p1a: Corviknight|Corviknight, F|100\/100\n|turn|25\n|\n|t:|1699716946\n|move|p1a: Corviknight|Body Press|p2a: chiken\n|-supereffective|p2a: chiken\n|-damage|p2a: chiken|0 fnt\n|faint|p2a: chiken\n|\n|upkeep\n|\n|t:|1699716956\n|switch|p2a: sweet tooth|Great Tusk|100\/100\n|turn|26\n|\n|t:|1699716980\n|move|p2a: sweet tooth|Close Combat|p1a: Corviknight\n|-damage|p1a: Corviknight|48\/100\n|-unboost|p2a: sweet tooth|def|1\n|-unboost|p2a: sweet tooth|spd|1\n|-damage|p2a: sweet tooth|84\/100|[from] item: Rocky Helmet|[of] p1a: Corviknight\n|move|p1a: Corviknight|Iron Defense|p1a: Corviknight\n|-boost|p1a: Corviknight|def|2\n|\n|upkeep\n|turn|27\n|\n|t:|1699716990\n|move|p2a: sweet tooth|Close Combat|p1a: Corviknight\n|-damage|p1a: Corviknight|24\/100\n|-unboost|p2a: sweet tooth|def|1\n|-unboost|p2a: sweet tooth|spd|1\n|-damage|p2a: sweet tooth|68\/100|[from] item: Rocky Helmet|[of] p1a: Corviknight\n|move|p1a: Corviknight|Body Press|p2a: sweet tooth\n|-damage|p2a: sweet tooth|11\/100\n|\n|upkeep\n|turn|28\n|\n|t:|1699717000\n|move|p2a: sweet tooth|Close Combat|p1a: Corviknight\n|-damage|p1a: Corviknight|0 fnt\n|-unboost|p2a: sweet tooth|def|1\n|-unboost|p2a: sweet tooth|spd|1\n|-damage|p2a: sweet tooth|0 fnt|[from] item: Rocky Helmet|[of] p1a: Corviknight\n|faint|p1a: Corviknight\n|faint|p2a: sweet tooth\n|-end|p2a: sweet tooth|Protosynthesis|[silent]\n|\n|upkeep\n|\n|t:|1699717008\n|switch|p2a: future ubers main|Gliscor, F, shiny|57\/100\n|switch|p1a: Chandelure|Chandelure, M|76\/100\n|-damage|p1a: Chandelure|64\/100|[from] Spikes\n|turn|29\n|\n|t:|1699717026\n|move|p2a: future ubers main|Protect|p2a: future ubers main\n|-singleturn|p2a: future ubers main|Protect\n|move|p1a: Chandelure|Shadow Ball|p2a: future ubers main\n|-activate|p2a: future ubers main|move: Protect\n|\n|-status|p2a: future ubers main|tox|[from] item: Toxic Orb\n|upkeep\n|turn|30\n|\n|t:|1699717034\n|-terastallize|p1a: Chandelure|Grass\n|move|p1a: Chandelure|Shadow Ball|p2a: future ubers main\n|-crit|p2a: future ubers main\n|-damage|p2a: future ubers main|0 fnt\n|faint|p2a: future ubers main\n|\n|upkeep\n|\n|t:|1699717043\n|switch|p2a: true girl's girl|Ninetales-Alola, F|9\/100\n|-weather|Snow|[from] ability: Snow Warning|[of] p2a: true girl's girl\n|turn|31\n|inactive|zuiderduif has 120 seconds left.\n|\n|t:|1699717082\n|move|p2a: true girl's girl|Freeze-Dry|p1a: Chandelure\n|-supereffective|p1a: Chandelure\n|-damage|p1a: Chandelure|4\/100\n|move|p1a: Chandelure|Shadow Ball|p2a: true girl's girl\n|-damage|p2a: true girl's girl|0 fnt\n|faint|p2a: true girl's girl\n|\n|win|PK~Hunter\u2606\n|raw|PK~Hunter\u2606's rating: 1079 &rarr; <strong>1104<\/strong><br \/>(+25 for winning)\n|raw|zuiderduif's rating: 1034 &rarr; <strong>1021<\/strong><br \/>(-13 for losing)\n","uploadtime":1699717094,"views":23,"p1id":"pkhunter","p2id":"zuiderduif","formatid":"gen9ou","rating":1021,"private":0,"password":""}