{"id":"gen9ou-1999981819","p1":"Nickdawinna","p2":"qytyrewdtw","format":"[Gen 9] OU","log":"|j|\u2606Nickdawinna\n|j|\u2606qytyrewdtw\n|t:|1701137375\n|gametype|singles\n|player|p1|Nickdawinna|170|1161\n|player|p2|qytyrewdtw|cynthia|1192\n|teamsize|p1|6\n|teamsize|p2|6\n|gen|9\n|tier|[Gen 9] OU\n|rated|\n|rule|Sleep Clause Mod: Limit one foe put to sleep\n|rule|Species Clause: Limit one of each Pok\u00e9mon\n|rule|OHKO Clause: OHKO moves are banned\n|rule|Evasion Items Clause: Evasion items are banned\n|rule|Evasion Moves Clause: Evasion moves are banned\n|rule|Endless Battle Clause: Forcing endless battles is banned\n|rule|HP Percentage Mod: HP is shown in percentages\n|clearpoke\n|poke|p1|Garganacl, M|\n|poke|p1|Tornadus-Therian, M|\n|poke|p1|Ogerpon-Cornerstone, F|\n|poke|p1|Iron Treads|\n|poke|p1|Azumarill, F|\n|poke|p1|Hoopa-Unbound|\n|poke|p2|Tyranitar, M|\n|poke|p2|Hippowdon, M|\n|poke|p2|Walking Wake|\n|poke|p2|Ting-Lu|\n|poke|p2|Kingambit, M|\n|poke|p2|Gholdengo|\n|teampreview\n|inactive|Battle timer is ON: inactive players will automatically lose when time's up. (requested by qytyrewdtw)\n|\n|t:|1701137419\n|start\n|switch|p1a: Garganacl|Garganacl, M|100\/100\n|switch|p2a: Tyranitar|Tyranitar, M|100\/100\n|-weather|Sandstorm|[from] ability: Sand Stream|[of] p2a: Tyranitar\n|turn|1\n|\n|t:|1701137437\n|move|p2a: Tyranitar|Earthquake|p1a: Garganacl\n|-supereffective|p1a: Garganacl\n|-damage|p1a: Garganacl|39\/100\n|move|p1a: Garganacl|Stealth Rock|p2a: Tyranitar\n|-sidestart|p2: qytyrewdtw|move: Stealth Rock\n|\n|-weather|Sandstorm|[upkeep]\n|-heal|p1a: Garganacl|45\/100|[from] item: Leftovers\n|upkeep\n|turn|2\n|\n|t:|1701137445\n|switch|p1a: Tornadus|Tornadus-Therian, M|100\/100\n|move|p2a: Tyranitar|Earthquake|p1a: Tornadus\n|-immune|p1a: Tornadus\n|\n|-weather|Sandstorm|[upkeep]\n|-damage|p1a: Tornadus|94\/100|[from] Sandstorm\n|upkeep\n|turn|3\n|\n|t:|1701137457\n|switch|p2a: Ting-Lu|Ting-Lu|100\/100\n|-damage|p2a: Ting-Lu|94\/100|[from] Stealth Rock\n|-ability|p2a: Ting-Lu|Vessel of Ruin\n|move|p1a: Tornadus|U-turn|p2a: Ting-Lu\n|-supereffective|p2a: Ting-Lu\n|-damage|p2a: Ting-Lu|78\/100\n|\n|t:|1701137479\n|switch|p1a: Ogerpon|Ogerpon-Cornerstone, F|100\/100|[from] U-turn\n|\n|-weather|Sandstorm|[upkeep]\n|upkeep\n|turn|4\n|inactive|qytyrewdtw has 120 seconds left.\n|\n|t:|1701137526\n|move|p1a: Ogerpon|Ivy Cudgel|p2a: Ting-Lu|[anim] Ivy Cudgel Rock\n|-resisted|p2a: Ting-Lu\n|-damage|p2a: Ting-Lu|64\/100\n|move|p2a: Ting-Lu|Earthquake|p1a: Ogerpon\n|-damage|p1a: Ogerpon|49\/100\n|\n|-weather|Sandstorm|[upkeep]\n|upkeep\n|turn|5\n|inactive|Nickdawinna has 120 seconds left.\n|\n|t:|1701137555\n|switch|p1a: Tornadus|Tornadus-Therian, M|100\/100\n|move|p2a: Ting-Lu|Earthquake|p1a: Tornadus\n|-immune|p1a: Tornadus\n|\n|-weather|none\n|upkeep\n|turn|6\n|inactive|qytyrewdtw has 120 seconds left.\n|\n|t:|1701137566\n|move|p1a: Tornadus|Knock Off|p2a: Ting-Lu\n|-resisted|p2a: Ting-Lu\n|-damage|p2a: Ting-Lu|58\/100\n|-enditem|p2a: Ting-Lu|Assault Vest|[from] move: Knock Off|[of] p1a: Tornadus\n|move|p2a: Ting-Lu|Stone Edge|p1a: Tornadus\n|-supereffective|p1a: Tornadus\n|-damage|p1a: Tornadus|33\/100\n|\n|upkeep\n|turn|7\n|\n|t:|1701137574\n|move|p1a: Tornadus|U-turn|p2a: Ting-Lu\n|-supereffective|p2a: Ting-Lu\n|-damage|p2a: Ting-Lu|44\/100\n|\n|t:|1701137579\n|switch|p1a: Garganacl|Garganacl, M|45\/100|[from] U-turn\n|move|p2a: Ting-Lu|Stone Edge|p1a: Garganacl\n|-damage|p1a: Garganacl|31\/100\n|\n|-heal|p1a: Garganacl|37\/100|[from] item: Leftovers\n|upkeep\n|turn|8\n|\n|t:|1701137587\n|move|p2a: Ting-Lu|Earthquake|p1a: Garganacl\n|-supereffective|p1a: Garganacl\n|-damage|p1a: Garganacl|0 fnt\n|faint|p1a: Garganacl\n|\n|upkeep\n|\n|t:|1701137592\n|switch|p1a: Azumarill|Azumarill, F|100\/100\n|turn|9\n|\n|t:|1701137598\n|switch|p2a: Gholdengo|Gholdengo|100\/100\n|-damage|p2a: Gholdengo|94\/100|[from] Stealth Rock\n|-item|p2a: Gholdengo|Air Balloon\n|move|p1a: Azumarill|Liquidation|p2a: Gholdengo\n|-damage|p2a: Gholdengo|36\/100\n|-enditem|p2a: Gholdengo|Air Balloon\n|\n|upkeep\n|turn|10\n|\n|t:|1701137609\n|switch|p1a: Iron Treads|Iron Treads|100\/100\n|-item|p1a: Iron Treads|Air Balloon\n|move|p2a: Gholdengo|Thunderbolt|p1a: Iron Treads\n|-immune|p1a: Iron Treads\n|\n|upkeep\n|turn|11\n|\n|t:|1701137621\n|move|p1a: Iron Treads|High Horsepower|p2a: Gholdengo\n|-supereffective|p2a: Gholdengo\n|-damage|p2a: Gholdengo|0 fnt\n|faint|p2a: Gholdengo\n|\n|upkeep\n|\n|t:|1701137633\n|switch|p2a: Walking Wake|Walking Wake|100\/100\n|-damage|p2a: Walking Wake|88\/100|[from] Stealth Rock\n|turn|12\n|\n|t:|1701137648\n|-end|p1a: Iron Treads|Quark Drive|[silent]\n|switch|p1a: Tornadus|Tornadus-Therian, M|66\/100\n|move|p2a: Walking Wake|Hydro Steam|p1a: Tornadus\n|-crit|p1a: Tornadus\n|-damage|p1a: Tornadus|27\/100\n|\n|upkeep\n|turn|13\n|\n|t:|1701137664\n|switch|p1a: Azumarill|Azumarill, F|100\/100\n|move|p2a: Walking Wake|Hydro Steam|p1a: Azumarill\n|-resisted|p1a: Azumarill\n|-crit|p1a: Azumarill\n|-damage|p1a: Azumarill|79\/100\n|\n|upkeep\n|turn|14\n|\n|t:|1701137682\n|-terastallize|p2a: Walking Wake|Steel\n|move|p2a: Walking Wake|Tera Blast|p1a: Azumarill|[anim] Tera Blast Steel\n|-damage|p1a: Azumarill|51\/100\n|move|p1a: Azumarill|Play Rough|p2a: Walking Wake\n|-resisted|p2a: Walking Wake\n|-crit|p2a: Walking Wake\n|-damage|p2a: Walking Wake|40\/100\n|\n|upkeep\n|turn|15\n|\n|t:|1701137692\n|move|p2a: Walking Wake|Tera Blast|p1a: Azumarill|[anim] Tera Blast Steel\n|-damage|p1a: Azumarill|23\/100\n|move|p1a: Azumarill|Liquidation|p2a: Walking Wake\n|-damage|p2a: Walking Wake|0 fnt\n|faint|p2a: Walking Wake\n|-end|p2a: Walking Wake|Protosynthesis|[silent]\n|\n|upkeep\n|\n|t:|1701137697\n|switch|p2a: Hippowdon|Hippowdon, M|100\/100\n|-damage|p2a: Hippowdon|94\/100|[from] Stealth Rock\n|-weather|Sandstorm|[from] ability: Sand Stream|[of] p2a: Hippowdon\n|turn|16\n|\n|t:|1701137716\n|switch|p2a: Kingambit|Kingambit, M|100\/100\n|-damage|p2a: Kingambit|94\/100|[from] Stealth Rock\n|-activate|p2a: Kingambit|ability: Supreme Overlord\n|-start|p2a: Kingambit|fallen2|[silent]\n|move|p1a: Azumarill|Aqua Jet|p2a: Kingambit\n|-damage|p2a: Kingambit|76\/100\n|\n|-weather|Sandstorm|[upkeep]\n|-damage|p1a: Azumarill|17\/100|[from] Sandstorm\n|upkeep\n|turn|17\n|\n|t:|1701137731\n|move|p1a: Azumarill|Aqua Jet|p2a: Kingambit\n|-damage|p2a: Kingambit|59\/100\n|move|p2a: Kingambit|Swords Dance|p2a: Kingambit\n|-boost|p2a: Kingambit|atk|2\n|\n|-weather|Sandstorm|[upkeep]\n|-damage|p1a: Azumarill|11\/100|[from] Sandstorm\n|upkeep\n|turn|18\n|\n|t:|1701137752\n|move|p2a: Kingambit|Kowtow Cleave|p1a: Azumarill\n|-resisted|p1a: Azumarill\n|-damage|p1a: Azumarill|0 fnt\n|faint|p1a: Azumarill\n|\n|-weather|Sandstorm|[upkeep]\n|upkeep\n|\n|t:|1701137766\n|switch|p1a: Hoopa|Hoopa-Unbound|100\/100\n|turn|19\n|\n|t:|1701137778\n|-terastallize|p1a: Hoopa|Dark\n|move|p1a: Hoopa|Focus Blast|p2a: Kingambit|[miss]\n|-miss|p1a: Hoopa|p2a: Kingambit\n|move|p2a: Kingambit|Kowtow Cleave|p1a: Hoopa\n|-resisted|p1a: Hoopa\n|-damage|p1a: Hoopa|0 fnt\n|faint|p1a: Hoopa\n|\n|-weather|Sandstorm|[upkeep]\n|upkeep\n|inactive|Nickdawinna has 120 seconds left.\n|-message|Nickdawinna forfeited.\n|\n|win|qytyrewdtw\n|raw|Nickdawinna's rating: 1161 &rarr; <strong>1138<\/strong><br \/>(-23 for losing)\n|raw|qytyrewdtw's rating: 1192 &rarr; <strong>1215<\/strong><br \/>(+23 for winning)\n|l|\u2606Nickdawinna\n","uploadtime":1701137808,"views":7,"p1id":"nickdawinna","p2id":"qytyrewdtw","formatid":"gen9ou","rating":1138,"private":0,"password":""}