{"id":"gen9ou-1998007714","p1":"Imanjoneser","p2":"Mahathirio","format":"[Gen 9] OU","log":"|j|\u2606Imanjoneser\n|j|\u2606Mahathirio\n|t:|1700878268\n|gametype|singles\n|player|p1|Imanjoneser|bugcatcher-gen4dp|1036\n|player|p2|Mahathirio|266|1000\n|teamsize|p1|6\n|teamsize|p2|6\n|gen|9\n|tier|[Gen 9] OU\n|rated|\n|rule|Sleep Clause Mod: Limit one foe put to sleep\n|rule|Species Clause: Limit one of each Pok\u00e9mon\n|rule|OHKO Clause: OHKO moves are banned\n|rule|Evasion Items Clause: Evasion items are banned\n|rule|Evasion Moves Clause: Evasion moves are banned\n|rule|Endless Battle Clause: Forcing endless battles is banned\n|rule|HP Percentage Mod: HP is shown in percentages\n|clearpoke\n|poke|p1|Abomasnow, F|\n|poke|p1|Cryogonal|\n|poke|p1|Weavile, F|\n|poke|p1|Cloyster, F|\n|poke|p1|Articuno|\n|poke|p1|Avalugg, F|\n|poke|p2|Ting-Lu|\n|poke|p2|Blissey, F|\n|poke|p2|Clefable, F|\n|poke|p2|Dondozo, M|\n|poke|p2|Alomomola, M|\n|poke|p2|Toxapex, F|\n|teampreview\n|\n|t:|1700878278\n|start\n|switch|p1a: Abomasnow|Abomasnow, F, shiny|100\/100\n|switch|p2a: Ting-Lu|Ting-Lu|100\/100\n|-weather|Snow|[from] ability: Snow Warning|[of] p1a: Abomasnow\n|-ability|p2a: Ting-Lu|Vessel of Ruin\n|turn|1\n|\n|t:|1700878286\n|move|p1a: Abomasnow|Aurora Veil|p1a: Abomasnow\n|-sidestart|p1: Imanjoneser|move: Aurora Veil\n|move|p2a: Ting-Lu|Spikes|p1a: Abomasnow\n|-sidestart|p1: Imanjoneser|Spikes\n|\n|-weather|Snow|[upkeep]\n|upkeep\n|turn|2\n|\n|t:|1700878292\n|move|p1a: Abomasnow|Leech Seed|p2a: Ting-Lu\n|-start|p2a: Ting-Lu|move: Leech Seed\n|move|p2a: Ting-Lu|Spikes|p1a: Abomasnow\n|-sidestart|p1: Imanjoneser|Spikes\n|\n|-weather|Snow|[upkeep]\n|-damage|p2a: Ting-Lu|88\/100|[from] Leech Seed|[of] p1a: Abomasnow\n|upkeep\n|turn|3\n|\n|t:|1700878298\n|move|p1a: Abomasnow|Giga Drain|p2a: Ting-Lu\n|-supereffective|p2a: Ting-Lu\n|-damage|p2a: Ting-Lu|46\/100\n|move|p2a: Ting-Lu|Spikes|p1a: Abomasnow\n|-sidestart|p1: Imanjoneser|Spikes\n|\n|-weather|Snow|[upkeep]\n|-heal|p2a: Ting-Lu|52\/100|[from] item: Leftovers\n|-damage|p2a: Ting-Lu|39\/100|[from] Leech Seed|[of] p1a: Abomasnow\n|upkeep\n|turn|4\n|\n|t:|1700878330\n|switch|p2a: Blissey|Blissey, F|100\/100\n|move|p1a: Abomasnow|Giga Drain|p2a: Blissey\n|-damage|p2a: Blissey|88\/100\n|\n|-weather|Snow|[upkeep]\n|-heal|p2a: Blissey|94\/100|[from] item: Leftovers\n|upkeep\n|turn|5\n|\n|t:|1700878345\n|move|p1a: Abomasnow|Leech Seed|p2a: Blissey\n|-start|p2a: Blissey|move: Leech Seed\n|move|p2a: Blissey|Calm Mind|p2a: Blissey\n|-boost|p2a: Blissey|spa|1\n|-boost|p2a: Blissey|spd|1\n|\n|-weather|none\n|-heal|p2a: Blissey|99\/100|[from] item: Leftovers\n|-damage|p2a: Blissey|88\/100|[from] Leech Seed|[of] p1a: Abomasnow\n|-sideend|p1: Imanjoneser|move: Aurora Veil\n|upkeep\n|turn|6\n|\n|t:|1700878354\n|switch|p1a: Avalugg|Avalugg, F, shiny|100\/100\n|-damage|p1a: Avalugg|76\/100|[from] Spikes\n|move|p2a: Blissey|Seismic Toss|p1a: Avalugg\n|-damage|p1a: Avalugg|50\/100\n|\n|-heal|p2a: Blissey|94\/100|[from] item: Leftovers\n|-heal|p1a: Avalugg|56\/100|[from] item: Leftovers\n|-damage|p2a: Blissey|81\/100|[from] Leech Seed|[of] p1a: Avalugg\n|-heal|p1a: Avalugg|79\/100|[silent]\n|upkeep\n|turn|7\n|\n|t:|1700878373\n|switch|p2a: Dondozo|Dondozo, M|100\/100\n|move|p1a: Avalugg|Rapid Spin|p2a: Dondozo\n|-damage|p2a: Dondozo|94\/100\n|-boost|p1a: Avalugg|spe|1\n|-sideend|p1: Imanjoneser|Spikes|[from] move: Rapid Spin|[of] p1a: Avalugg\n|\n|-heal|p1a: Avalugg|85\/100|[from] item: Leftovers\n|-heal|p2a: Dondozo|100\/100|[from] item: Leftovers\n|upkeep\n|turn|8\n|\n|t:|1700878390\n|move|p1a: Avalugg|Earthquake|p2a: Dondozo\n|-damage|p2a: Dondozo|87\/100\n|move|p2a: Dondozo|Curse|p2a: Dondozo\n|-unboost|p2a: Dondozo|spe|1\n|-boost|p2a: Dondozo|atk|1\n|-boost|p2a: Dondozo|def|1\n|\n|-heal|p1a: Avalugg|91\/100|[from] item: Leftovers\n|-heal|p2a: Dondozo|93\/100|[from] item: Leftovers\n|upkeep\n|turn|9\n|\n|t:|1700878402\n|switch|p1a: Abomasnow|Abomasnow, F, shiny|100\/100\n|-weather|Snow|[from] ability: Snow Warning|[of] p1a: Abomasnow\n|move|p2a: Dondozo|Curse|p2a: Dondozo\n|-unboost|p2a: Dondozo|spe|1\n|-boost|p2a: Dondozo|atk|1\n|-boost|p2a: Dondozo|def|1\n|\n|-weather|Snow|[upkeep]\n|-heal|p2a: Dondozo|99\/100|[from] item: Leftovers\n|upkeep\n|turn|10\n|\n|t:|1700878413\n|move|p1a: Abomasnow|Leech Seed|p2a: Dondozo|[miss]\n|-miss|p1a: Abomasnow|p2a: Dondozo\n|move|p2a: Dondozo|Wave Crash|p1a: Abomasnow\n|-resisted|p1a: Abomasnow\n|-damage|p1a: Abomasnow|67\/100\n|-damage|p2a: Dondozo|91\/100|[from] Recoil\n|\n|-weather|Snow|[upkeep]\n|-heal|p1a: Abomasnow|73\/100|[from] item: Leftovers\n|-heal|p2a: Dondozo|97\/100|[from] item: Leftovers\n|upkeep\n|turn|11\n|\n|t:|1700878423\n|move|p1a: Abomasnow|Giga Drain|p2a: Dondozo\n|-supereffective|p2a: Dondozo\n|-damage|p2a: Dondozo|34\/100\n|-heal|p1a: Abomasnow|100\/100|[from] drain|[of] p2a: Dondozo\n|move|p2a: Dondozo|Curse|p2a: Dondozo\n|-unboost|p2a: Dondozo|spe|1\n|-boost|p2a: Dondozo|atk|1\n|-boost|p2a: Dondozo|def|1\n|\n|-weather|Snow|[upkeep]\n|-heal|p2a: Dondozo|40\/100|[from] item: Leftovers\n|upkeep\n|turn|12\n|\n|t:|1700878436\n|move|p1a: Abomasnow|Aurora Veil|p1a: Abomasnow\n|-sidestart|p1: Imanjoneser|move: Aurora Veil\n|move|p2a: Dondozo|Rest|p2a: Dondozo\n|-status|p2a: Dondozo|slp|[from] move: Rest\n|-heal|p2a: Dondozo|100\/100 slp|[silent]\n|\n|-weather|Snow|[upkeep]\n|upkeep\n|turn|13\n|\n|t:|1700878442\n|move|p1a: Abomasnow|Leech Seed|p2a: Dondozo\n|-start|p2a: Dondozo|move: Leech Seed\n|cant|p2a: Dondozo|slp\n|move|p2a: Dondozo|Sleep Talk|p2a: Dondozo\n|move|p2a: Dondozo|Curse|p2a: Dondozo|[from]move: Sleep Talk\n|-unboost|p2a: Dondozo|spe|1\n|-boost|p2a: Dondozo|atk|1\n|-boost|p2a: Dondozo|def|1\n|\n|-weather|none\n|-damage|p2a: Dondozo|88\/100 slp|[from] Leech Seed|[of] p1a: Abomasnow\n|upkeep\n|turn|14\n|\n|t:|1700878454\n|move|p1a: Abomasnow|Giga Drain|p2a: Dondozo\n|-supereffective|p2a: Dondozo\n|-damage|p2a: Dondozo|27\/100 slp\n|cant|p2a: Dondozo|slp\n|move|p2a: Dondozo|Sleep Talk|p2a: Dondozo\n|move|p2a: Dondozo|Curse|p2a: Dondozo|[from]move: Sleep Talk\n|-unboost|p2a: Dondozo|spe|1\n|-boost|p2a: Dondozo|atk|1\n|-boost|p2a: Dondozo|def|1\n|\n|-heal|p2a: Dondozo|33\/100 slp|[from] item: Leftovers\n|-damage|p2a: Dondozo|21\/100 slp|[from] Leech Seed|[of] p1a: Abomasnow\n|upkeep\n|turn|15\n|\n|t:|1700878470\n|switch|p2a: Clefable|Clefable, F|100\/100\n|move|p1a: Abomasnow|Giga Drain|p2a: Clefable\n|-damage|p2a: Clefable|76\/100\n|\n|upkeep\n|turn|16\n|\n|t:|1700878480\n|move|p1a: Abomasnow|Leech Seed|p2a: Clefable\n|-start|p2a: Clefable|move: Leech Seed\n|move|p2a: Clefable|Light Screen|p2a: Clefable\n|-sidestart|p2: Mahathirio|move: Light Screen\n|\n|-damage|p2a: Clefable|64\/100|[from] Leech Seed|[of] p1a: Abomasnow\n|-sideend|p1: Imanjoneser|move: Aurora Veil\n|upkeep\n|turn|17\n|\n|t:|1700878487\n|move|p1a: Abomasnow|Giga Drain|p2a: Clefable\n|-damage|p2a: Clefable|52\/100\n|move|p2a: Clefable|Reflect|p2a: Clefable\n|-sidestart|p2: Mahathirio|Reflect\n|\n|-damage|p2a: Clefable|40\/100|[from] Leech Seed|[of] p1a: Abomasnow\n|upkeep\n|turn|18\n|\n|t:|1700878504\n|switch|p1a: Cryogonal|Cryogonal, shiny|100\/100\n|move|p2a: Clefable|Moonblast|p1a: Cryogonal\n|-damage|p1a: Cryogonal|75\/100\n|\n|-damage|p2a: Clefable|27\/100|[from] Leech Seed|[of] p1a: Cryogonal\n|-heal|p1a: Cryogonal|91\/100|[silent]\n|upkeep\n|turn|19\n|\n|t:|1700878520\n|switch|p2a: Blissey|Blissey, F|81\/100\n|move|p1a: Cryogonal|Snowscape|p1a: Cryogonal\n|-weather|Snow\n|\n|-weather|Snow|[upkeep]\n|-heal|p2a: Blissey|88\/100|[from] item: Leftovers\n|upkeep\n|turn|20\n|inactive|Battle timer is ON: inactive players will automatically lose when time's up. (requested by Mahathirio)\n|\n|t:|1700878550\n|switch|p1a: Abomasnow|Abomasnow, F, shiny|100\/100\n|move|p2a: Blissey|Calm Mind|p2a: Blissey\n|-boost|p2a: Blissey|spa|1\n|-boost|p2a: Blissey|spd|1\n|\n|-weather|Snow|[upkeep]\n|-heal|p2a: Blissey|94\/100|[from] item: Leftovers\n|upkeep\n|turn|21\n|\n|t:|1700878560\n|move|p1a: Abomasnow|Leech Seed|p2a: Blissey\n|-start|p2a: Blissey|move: Leech Seed\n|move|p2a: Blissey|Seismic Toss|p1a: Abomasnow\n|-damage|p1a: Abomasnow|74\/100\n|\n|-weather|Snow|[upkeep]\n|-heal|p1a: Abomasnow|81\/100|[from] item: Leftovers\n|-heal|p2a: Blissey|99\/100|[from] item: Leftovers\n|-damage|p2a: Blissey|87\/100|[from] Leech Seed|[of] p1a: Abomasnow\n|-heal|p1a: Abomasnow|100\/100|[silent]\n|upkeep\n|turn|22\n|\n|t:|1700878571\n|move|p1a: Abomasnow|Aurora Veil|p1a: Abomasnow\n|-sidestart|p1: Imanjoneser|move: Aurora Veil\n|move|p2a: Blissey|Heal Bell|p2a: Blissey\n|-activate|p2a: Blissey|move: Heal Bell\n|-curestatus|p2: Dondozo|slp|[msg]\n|\n|-weather|Snow|[upkeep]\n|-heal|p2a: Blissey|94\/100|[from] item: Leftovers\n|-damage|p2a: Blissey|81\/100|[from] Leech Seed|[of] p1a: Abomasnow\n|upkeep\n|turn|23\n|inactive|Imanjoneser has 120 seconds left.\n|\n|t:|1700878614\n|switch|p1a: Avalugg|Avalugg, F, shiny|91\/100\n|move|p2a: Blissey|Seismic Toss|p1a: Avalugg\n|-damage|p1a: Avalugg|66\/100\n|\n|-weather|none\n|-heal|p2a: Blissey|87\/100|[from] item: Leftovers\n|-heal|p1a: Avalugg|72\/100|[from] item: Leftovers\n|-damage|p2a: Blissey|75\/100|[from] Leech Seed|[of] p1a: Avalugg\n|-heal|p1a: Avalugg|94\/100|[silent]\n|-sideend|p2: Mahathirio|move: Light Screen\n|upkeep\n|turn|24\n|-message|Mahathirio forfeited.\n|\n|win|Imanjoneser\n|raw|Imanjoneser's rating: 1036 &rarr; <strong>1067<\/strong><br \/>(+31 for winning)\n|raw|Mahathirio's rating: 1000 &rarr; <strong>1000<\/strong><br \/>(+0 for losing)\n|l|\u2606Mahathirio\n","uploadtime":1700878656,"views":1,"p1id":"imanjoneser","p2id":"mahathirio","formatid":"gen9ou","rating":1000,"private":0,"password":""}