{"id":"gen9ou-1999756548","p1":"NomaTyx","p2":"SmolAnka","format":"[Gen 9] OU","log":"|j|\u2606NomaTyx\n|j|\u2606SmolAnka\n|t:|1701113916\n|gametype|singles\n|player|p1|NomaTyx|aromalady|1331\n|player|p2|SmolAnka|marley|1254\n|teamsize|p1|6\n|teamsize|p2|6\n|gen|9\n|tier|[Gen 9] OU\n|rated|\n|rule|Sleep Clause Mod: Limit one foe put to sleep\n|rule|Species Clause: Limit one of each Pok\u00e9mon\n|rule|OHKO Clause: OHKO moves are banned\n|rule|Evasion Items Clause: Evasion items are banned\n|rule|Evasion Moves Clause: Evasion moves are banned\n|rule|Endless Battle Clause: Forcing endless battles is banned\n|rule|HP Percentage Mod: HP is shown in percentages\n|clearpoke\n|poke|p1|Kingambit, F|\n|poke|p1|Glimmora, M|\n|poke|p1|Zamazenta-*|\n|poke|p1|Iron Valiant|\n|poke|p1|Iron Moth|\n|poke|p1|Ogerpon-Wellspring, F|\n|poke|p2|Skeledirge, F|\n|poke|p2|Rillaboom, F|\n|poke|p2|Walking Wake|\n|poke|p2|Ribombee, F|\n|poke|p2|Great Tusk|\n|poke|p2|Hatterene, F|\n|teampreview\n|\n|t:|1701113922\n|start\n|switch|p1a: Glimmora|Glimmora, M|100\/100\n|switch|p2a: Hatterene|Hatterene, F, shiny|100\/100\n|turn|1\n|\n|t:|1701113933\n|move|p1a: Glimmora|Mortal Spin|p2a: Hatterene\n|-supereffective|p2a: Hatterene\n|-damage|p2a: Hatterene|89\/100\n|-status|p2a: Hatterene|psn\n|move|p2a: Hatterene|Psyshock|p1a: Glimmora\n|-supereffective|p1a: Glimmora\n|-damage|p1a: Glimmora|16\/100\n|\n|-heal|p2a: Hatterene|95\/100 psn|[from] item: Leftovers\n|-damage|p2a: Hatterene|83\/100 psn|[from] psn\n|upkeep\n|turn|2\n|\n|t:|1701113957\n|move|p1a: Glimmora|Power Gem|p2a: Hatterene\n|-damage|p2a: Hatterene|40\/100 psn\n|move|p2a: Hatterene|Psyshock|p1a: Glimmora\n|-supereffective|p1a: Glimmora\n|-damage|p1a: Glimmora|0 fnt\n|faint|p1a: Glimmora\n|\n|-heal|p2a: Hatterene|46\/100 psn|[from] item: Leftovers\n|-damage|p2a: Hatterene|34\/100 psn|[from] psn\n|upkeep\n|\n|t:|1701114002\n|switch|p1a: Iron Valiant|Iron Valiant|100\/100\n|-enditem|p1a: Iron Valiant|Booster Energy\n|-activate|p1a: Iron Valiant|ability: Quark Drive|[fromitem]\n|-start|p1a: Iron Valiant|quarkdrivespe\n|turn|3\n|inactive|Battle timer is ON: inactive players will automatically lose when time's up. (requested by NomaTyx)\n|\n|t:|1701114031\n|move|p1a: Iron Valiant|Moonblast|p2a: Hatterene\n|-damage|p2a: Hatterene|0 fnt\n|faint|p2a: Hatterene\n|\n|upkeep\n|\n|t:|1701114050\n|switch|p2a: Skeledirge|Skeledirge, F, shiny|100\/100\n|turn|4\n|\n|t:|1701114068\n|move|p1a: Iron Valiant|Hypnosis|p2a: Skeledirge|[miss]\n|-miss|p1a: Iron Valiant|p2a: Skeledirge\n|move|p2a: Skeledirge|Will-O-Wisp|p1a: Iron Valiant\n|-status|p1a: Iron Valiant|brn\n|\n|-damage|p1a: Iron Valiant|94\/100 brn|[from] brn\n|upkeep\n|turn|5\n|\n|t:|1701114077\n|move|p1a: Iron Valiant|Hypnosis|p2a: Skeledirge\n|-status|p2a: Skeledirge|slp|[from] move: Hypnosis\n|cant|p2a: Skeledirge|slp\n|\n|-damage|p1a: Iron Valiant|88\/100 brn|[from] brn\n|upkeep\n|turn|6\n|\n|t:|1701114093\n|move|p1a: Iron Valiant|Psyshock|p2a: Skeledirge\n|-damage|p2a: Skeledirge|82\/100 slp\n|cant|p2a: Skeledirge|slp\n|\n|-heal|p2a: Skeledirge|89\/100 slp|[from] item: Leftovers\n|-damage|p1a: Iron Valiant|82\/100 brn|[from] brn\n|upkeep\n|turn|7\n|\n|t:|1701114103\n|move|p1a: Iron Valiant|Psyshock|p2a: Skeledirge\n|-damage|p2a: Skeledirge|68\/100 slp\n|cant|p2a: Skeledirge|slp\n|\n|-heal|p2a: Skeledirge|74\/100 slp|[from] item: Leftovers\n|-damage|p1a: Iron Valiant|76\/100 brn|[from] brn\n|upkeep\n|turn|8\n|\n|t:|1701114118\n|-end|p1a: Iron Valiant|Quark Drive|[silent]\n|switch|p1a: Ogerpon|Ogerpon-Wellspring, F|100\/100\n|-curestatus|p2a: Skeledirge|slp|[msg]\n|move|p2a: Skeledirge|Hex|p1a: Ogerpon\n|-damage|p1a: Ogerpon|74\/100\n|\n|-heal|p2a: Skeledirge|80\/100|[from] item: Leftovers\n|upkeep\n|turn|9\n|\n|t:|1701114129\n|switch|p2a: Rillaboom|Rillaboom, F, shiny|100\/100\n|-fieldstart|move: Grassy Terrain|[from] ability: Grassy Surge|[of] p2a: Rillaboom\n|-enditem|p2a: Rillaboom|Grassy Seed\n|-boost|p2a: Rillaboom|def|1|[from] item: Grassy Seed\n|move|p1a: Ogerpon|Ivy Cudgel|p2a: Rillaboom|[anim] Ivy Cudgel Water\n|-resisted|p2a: Rillaboom\n|-damage|p2a: Rillaboom|79\/100\n|\n|-heal|p1a: Ogerpon|80\/100|[from] Grassy Terrain\n|-heal|p2a: Rillaboom|86\/100|[from] Grassy Terrain\n|upkeep\n|turn|10\n|inactive|NomaTyx has 120 seconds left.\n|\n|t:|1701114178\n|switch|p1a: Iron Moth|Iron Moth|100\/100\n|-enditem|p1a: Iron Moth|Booster Energy\n|-activate|p1a: Iron Moth|ability: Quark Drive|[fromitem]\n|-start|p1a: Iron Moth|quarkdrivespe\n|move|p2a: Rillaboom|Acrobatics|p1a: Iron Moth\n|-crit|p1a: Iron Moth\n|-damage|p1a: Iron Moth|16\/100\n|\n|-heal|p1a: Iron Moth|22\/100|[from] Grassy Terrain\n|-heal|p2a: Rillaboom|92\/100|[from] Grassy Terrain\n|upkeep\n|turn|11\n|\n|t:|1701114195\n|-terastallize|p2a: Rillaboom|Normal\n|move|p1a: Iron Moth|Fiery Dance|p2a: Rillaboom\n|-damage|p2a: Rillaboom|40\/100\n|-boost|p1a: Iron Moth|spa|1\n|move|p2a: Rillaboom|Acrobatics|p1a: Iron Moth\n|-damage|p1a: Iron Moth|0 fnt\n|faint|p1a: Iron Moth\n|-end|p1a: Iron Moth|Quark Drive|[silent]\n|\n|-heal|p2a: Rillaboom|46\/100|[from] Grassy Terrain\n|upkeep\n|inactive|NomaTyx has 90 seconds left.\n|\n|t:|1701114218\n|switch|p1a: Zamazenta|Zamazenta, shiny|100\/100\n|-ability|p1a: Zamazenta|Dauntless Shield|boost\n|-boost|p1a: Zamazenta|def|1\n|turn|12\n|\n|t:|1701114228\n|switch|p2a: Skeledirge|Skeledirge, F, shiny|80\/100\n|move|p1a: Zamazenta|Body Press|p2a: Skeledirge\n|-immune|p2a: Skeledirge\n|\n|-heal|p2a: Skeledirge|86\/100|[from] Grassy Terrain\n|-heal|p2a: Skeledirge|92\/100|[from] item: Leftovers\n|upkeep\n|turn|13\n|\n|t:|1701114237\n|switch|p1a: Iron Valiant|Iron Valiant|76\/100 brn\n|move|p2a: Skeledirge|Will-O-Wisp|p1a: Iron Valiant\n|-fail|p1a: Iron Valiant|brn\n|\n|-heal|p1a: Iron Valiant|82\/100 brn|[from] Grassy Terrain\n|-heal|p2a: Skeledirge|99\/100|[from] Grassy Terrain\n|-heal|p2a: Skeledirge|100\/100|[from] item: Leftovers\n|-damage|p1a: Iron Valiant|76\/100 brn|[from] brn\n|-fieldend|move: Grassy Terrain\n|upkeep\n|turn|14\n|\n|t:|1701114248\n|-end|p1a: Iron Valiant|Quark Drive|[silent]\n|switch|p1a: Ogerpon|Ogerpon-Wellspring, F|80\/100\n|move|p2a: Skeledirge|Hex|p1a: Ogerpon\n|-damage|p1a: Ogerpon|51\/100\n|\n|upkeep\n|turn|15\n|\n|t:|1701114258\n|move|p1a: Ogerpon|Ivy Cudgel|p2a: Skeledirge|[anim] Ivy Cudgel Water\n|-supereffective|p2a: Skeledirge\n|-damage|p2a: Skeledirge|17\/100\n|move|p2a: Skeledirge|Will-O-Wisp|p1a: Ogerpon\n|-status|p1a: Ogerpon|brn\n|\n|-heal|p2a: Skeledirge|23\/100|[from] item: Leftovers\n|-damage|p1a: Ogerpon|45\/100 brn|[from] brn\n|upkeep\n|turn|16\n|\n|t:|1701114273\n|switch|p2a: Ribombee|Ribombee, F, shiny|100\/100\n|move|p1a: Ogerpon|Swords Dance|p1a: Ogerpon\n|-boost|p1a: Ogerpon|atk|2\n|\n|-damage|p1a: Ogerpon|39\/100 brn|[from] brn\n|upkeep\n|turn|17\n|inactive|NomaTyx has 120 seconds left.\n|\n|t:|1701114281\n|move|p1a: Ogerpon|Ivy Cudgel|p2a: Ribombee|[anim] Ivy Cudgel Water\n|-enditem|p2a: Ribombee|Focus Sash\n|-damage|p2a: Ribombee|1\/100\n|move|p2a: Ribombee|Sticky Web|p1a: Ogerpon\n|-sidestart|p1: NomaTyx|move: Sticky Web\n|\n|-damage|p1a: Ogerpon|33\/100 brn|[from] brn\n|upkeep\n|turn|18\n|\n|t:|1701114290\n|move|p1a: Ogerpon|Ivy Cudgel|p2a: Ribombee|[anim] Ivy Cudgel Water\n|-damage|p2a: Ribombee|0 fnt\n|faint|p2a: Ribombee\n|\n|-damage|p1a: Ogerpon|27\/100 brn|[from] brn\n|upkeep\n|\n|t:|1701114298\n|switch|p2a: Rillaboom|Rillaboom, F, shiny, tera:Normal|46\/100\n|-fieldstart|move: Grassy Terrain|[from] ability: Grassy Surge|[of] p2a: Rillaboom\n|turn|19\n|\n|t:|1701114304\n|move|p2a: Rillaboom|Grassy Glide|p1a: Ogerpon\n|-damage|p1a: Ogerpon|0 fnt\n|faint|p1a: Ogerpon\n|\n|-heal|p2a: Rillaboom|52\/100|[from] Grassy Terrain\n|upkeep\n|inactive|NomaTyx has 120 seconds left.\n|inactive|NomaTyx has 90 seconds left.\n|\n|t:|1701114356\n|switch|p1a: Zamazenta|Zamazenta, shiny|100\/100\n|-activate|p1a: Zamazenta|move: Sticky Web\n|-unboost|p1a: Zamazenta|spe|1\n|turn|20\n|\n|t:|1701114367\n|switch|p2a: Skeledirge|Skeledirge, F, shiny|23\/100\n|move|p1a: Zamazenta|Crunch|p2a: Skeledirge\n|-supereffective|p2a: Skeledirge\n|-damage|p2a: Skeledirge|0 fnt\n|faint|p2a: Skeledirge\n|\n|upkeep\n|\n|t:|1701114378\n|switch|p2a: The Nuke|Walking Wake|100\/100\n|-enditem|p2a: The Nuke|Booster Energy\n|-activate|p2a: The Nuke|ability: Protosynthesis|[fromitem]\n|-start|p2a: The Nuke|protosynthesisspa\n|turn|21\n|\n|t:|1701114389\n|move|p2a: The Nuke|Flamethrower|p1a: Zamazenta\n|-damage|p1a: Zamazenta|58\/100\n|move|p1a: Zamazenta|Body Press|p2a: The Nuke\n|-damage|p2a: The Nuke|60\/100\n|\n|-heal|p2a: The Nuke|66\/100|[from] Grassy Terrain\n|-heal|p1a: Zamazenta|64\/100|[from] Grassy Terrain\n|-heal|p1a: Zamazenta|70\/100|[from] item: Leftovers\n|upkeep\n|turn|22\n|\n|t:|1701114400\n|move|p2a: The Nuke|Hydro Steam|p1a: Zamazenta\n|-damage|p1a: Zamazenta|12\/100\n|move|p1a: Zamazenta|Body Press|p2a: The Nuke\n|-damage|p2a: The Nuke|30\/100\n|\n|-heal|p2a: The Nuke|36\/100|[from] Grassy Terrain\n|-heal|p1a: Zamazenta|18\/100|[from] Grassy Terrain\n|-heal|p1a: Zamazenta|24\/100|[from] item: Leftovers\n|upkeep\n|turn|23\n|\n|t:|1701114405\n|move|p2a: The Nuke|Hydro Steam|p1a: Zamazenta\n|-damage|p1a: Zamazenta|0 fnt\n|faint|p1a: Zamazenta\n|\n|-heal|p2a: The Nuke|42\/100|[from] Grassy Terrain\n|-fieldend|move: Grassy Terrain\n|upkeep\n|\n|t:|1701114410\n|switch|p1a: Iron Valiant|Iron Valiant|76\/100 brn\n|-activate|p1a: Iron Valiant|move: Sticky Web\n|-unboost|p1a: Iron Valiant|spe|1\n|turn|24\n|\n|t:|1701114425\n|move|p2a: The Nuke|Hydro Steam|p1a: Iron Valiant\n|-damage|p1a: Iron Valiant|0 fnt\n|faint|p1a: Iron Valiant\n|-end|p1a: Iron Valiant|Quark Drive|[silent]\n|\n|upkeep\n|\n|t:|1701114429\n|switch|p1a: Kingambit|Kingambit, F|100\/100\n|-activate|p1a: Kingambit|move: Sticky Web\n|-unboost|p1a: Kingambit|spe|1\n|-activate|p1a: Kingambit|ability: Supreme Overlord\n|-start|p1a: Kingambit|fallen5|[silent]\n|turn|25\n|inactive|NomaTyx has 120 seconds left.\n|\n|t:|1701114443\n|move|p2a: The Nuke|Agility|p2a: The Nuke\n|-boost|p2a: The Nuke|spe|2\n|move|p1a: Kingambit|Kowtow Cleave|p2a: The Nuke\n|-damage|p2a: The Nuke|0 fnt\n|faint|p2a: The Nuke\n|-end|p2a: The Nuke|Protosynthesis|[silent]\n|\n|upkeep\n|\n|t:|1701114451\n|switch|p2a: Rillaboom|Rillaboom, F, shiny, tera:Normal|52\/100\n|-fieldstart|move: Grassy Terrain|[from] ability: Grassy Surge|[of] p2a: Rillaboom\n|turn|26\n|\n|t:|1701114457\n|move|p1a: Kingambit|Sucker Punch|p2a: Rillaboom\n|-damage|p2a: Rillaboom|0 fnt\n|faint|p2a: Rillaboom\n|\n|upkeep\n|\n|t:|1701114462\n|switch|p2a: Great Tusk|Great Tusk|100\/100\n|turn|27\n|\n|t:|1701114472\n|-terastallize|p1a: Kingambit|Flying\n|move|p2a: Great Tusk|Close Combat|p1a: Kingambit\n|-resisted|p1a: Kingambit\n|-damage|p1a: Kingambit|72\/100\n|-unboost|p2a: Great Tusk|def|1\n|-unboost|p2a: Great Tusk|spd|1\n|move|p1a: Kingambit|Swords Dance|p1a: Kingambit\n|-boost|p1a: Kingambit|atk|2\n|\n|upkeep\n|turn|28\n|\n|t:|1701114483\n|move|p2a: Great Tusk|Knock Off|p1a: Kingambit\n|-damage|p1a: Kingambit|42\/100\n|-enditem|p1a: Kingambit|Black Glasses|[from] move: Knock Off|[of] p2a: Great Tusk\n|move|p1a: Kingambit|Iron Head|p2a: Great Tusk\n|-damage|p2a: Great Tusk|0 fnt\n|faint|p2a: Great Tusk\n|-end|p2a: Great Tusk|Protosynthesis|[silent]\n|\n|win|NomaTyx\n|raw|NomaTyx's rating: 1331 &rarr; <strong>1347<\/strong><br \/>(+16 for winning)\n|raw|SmolAnka's rating: 1254 &rarr; <strong>1234<\/strong><br \/>(-20 for losing)\n|l|\u2606SmolAnka\n|l|\u2606NomaTyx\n|j|\u2606NomaTyx\n|player|p1|NomaTyx|aromalady\n","uploadtime":1701114831,"views":6,"p1id":"nomatyx","p2id":"smolanka","formatid":"gen9ou","rating":1234,"private":0,"password":""}