{"id":"gen9ou-1997565143","p1":"ImhoPitit","p2":"StinkyBinky609","format":"[Gen 9] OU","log":"|j|\u2606ImhoPitit\n|j|\u2606StinkyBinky609\n|t:|1700826282\n|gametype|singles\n|player|p1|ImhoPitit|lucas|1410\n|player|p2|StinkyBinky609|drayden|1326\n|teamsize|p1|6\n|teamsize|p2|6\n|gen|9\n|tier|[Gen 9] OU\n|rated|\n|rule|Sleep Clause Mod: Limit one foe put to sleep\n|rule|Species Clause: Limit one of each Pok\u00e9mon\n|rule|OHKO Clause: OHKO moves are banned\n|rule|Evasion Items Clause: Evasion items are banned\n|rule|Evasion Moves Clause: Evasion moves are banned\n|rule|Endless Battle Clause: Forcing endless battles is banned\n|rule|HP Percentage Mod: HP is shown in percentages\n|clearpoke\n|poke|p1|Enamorus, F|\n|poke|p1|Dragapult, M|\n|poke|p1|Iron Valiant|\n|poke|p1|Gholdengo|\n|poke|p1|Dragonite, F|\n|poke|p1|Iron Treads|\n|poke|p2|Great Tusk|\n|poke|p2|Chandelure, F|\n|poke|p2|Kilowattrel, M|\n|poke|p2|Iron Valiant|\n|poke|p2|Piloswine, F|\n|poke|p2|Ogerpon, F|\n|teampreview\n|inactive|Battle timer is ON: inactive players will automatically lose when time's up. (requested by ImhoPitit)\n|\n|t:|1700826289\n|start\n|switch|p1a: Iron Treads|Iron Treads|100\/100\n|switch|p2a: Ogerpon-Shitspring|Ogerpon, F|100\/100\n|-enditem|p1a: Iron Treads|Booster Energy\n|-activate|p1a: Iron Treads|ability: Quark Drive|[fromitem]\n|-start|p1a: Iron Treads|quarkdrivespe\n|turn|1\n|\n|t:|1700826297\n|-terastallize|p2a: Ogerpon-Shitspring|Grass\n|detailschange|p2a: Ogerpon-Shitspring|Ogerpon-Teal-Tera, F, tera:Grass\n|-ability|p2a: Ogerpon-Shitspring|Embody Aspect (Teal)|boost\n|-boost|p2a: Ogerpon-Shitspring|spe|1\n|move|p2a: Ogerpon-Shitspring|Superpower|p1a: Iron Treads\n|-supereffective|p1a: Iron Treads\n|-damage|p1a: Iron Treads|0 fnt\n|-unboost|p2a: Ogerpon-Shitspring|atk|1\n|-unboost|p2a: Ogerpon-Shitspring|def|1\n|faint|p1a: Iron Treads\n|-end|p1a: Iron Treads|Quark Drive|[silent]\n|\n|upkeep\n|\n|t:|1700826308\n|switch|p1a: Trop mang\u00e9|Dragonite, F|100\/100\n|turn|2\n|\n|t:|1700826313\n|switch|p2a: Trash|Iron Valiant|100\/100\n|move|p1a: Trop mang\u00e9|Dragon Dance|p1a: Trop mang\u00e9\n|-boost|p1a: Trop mang\u00e9|atk|1\n|-boost|p1a: Trop mang\u00e9|spe|1\n|\n|upkeep\n|turn|3\n|\n|t:|1700826320\n|move|p1a: Trop mang\u00e9|Extreme Speed|p2a: Trash\n|-damage|p2a: Trash|48\/100\n|move|p2a: Trash|Reflect|p2a: Trash\n|-sidestart|p2: StinkyBinky609|Reflect\n|\n|upkeep\n|turn|4\n|\n|t:|1700826331\n|move|p1a: Trop mang\u00e9|Dragon Dance|p1a: Trop mang\u00e9\n|-boost|p1a: Trop mang\u00e9|atk|1\n|-boost|p1a: Trop mang\u00e9|spe|1\n|move|p2a: Trash|Moonblast|p1a: Trop mang\u00e9\n|-supereffective|p1a: Trop mang\u00e9\n|-damage|p1a: Trop mang\u00e9|64\/100\n|\n|upkeep\n|turn|5\n|\n|t:|1700826339\n|-terastallize|p1a: Trop mang\u00e9|Normal\n|move|p1a: Trop mang\u00e9|Extreme Speed|p2a: Trash\n|-damage|p2a: Trash|2\/100\n|move|p2a: Trash|Moonblast|p1a: Trop mang\u00e9\n|-damage|p1a: Trop mang\u00e9|25\/100\n|\n|upkeep\n|turn|6\n|\n|t:|1700826348\n|move|p1a: Trop mang\u00e9|Earthquake|p2a: Trash\n|-damage|p2a: Trash|0 fnt\n|faint|p2a: Trash\n|-end|p2a: Trash|Quark Drive|[silent]\n|\n|upkeep\n|\n|t:|1700826353\n|switch|p2a: Elon Musk|Great Tusk|100\/100\n|turn|7\n|\n|t:|1700826358\n|move|p1a: Trop mang\u00e9|Ice Spinner|p2a: Elon Musk\n|-supereffective|p2a: Elon Musk\n|-crit|p2a: Elon Musk\n|-damage|p2a: Elon Musk|0 fnt\n|faint|p2a: Elon Musk\n|-end|p2a: Elon Musk|Protosynthesis|[silent]\n|\n|upkeep\n|c|\u2606StinkyBinky609|Bitch\n|\n|t:|1700826366\n|switch|p2a: Small Tusk|Piloswine, F|100\/100\n|turn|8\n|\n|t:|1700826373\n|move|p1a: Trop mang\u00e9|Extreme Speed|p2a: Small Tusk\n|-damage|p2a: Small Tusk|68\/100\n|move|p2a: Small Tusk|Earthquake|p1a: Trop mang\u00e9\n|-damage|p1a: Trop mang\u00e9|0 fnt\n|faint|p1a: Trop mang\u00e9\n|\n|upkeep\n|\n|t:|1700826389\n|switch|p1a: Vion|Dragapult, M|100\/100\n|turn|9\n|\n|t:|1700826395\n|move|p1a: Vion|Dragon Darts|p2a: Small Tusk\n|-damage|p2a: Small Tusk|48\/100\n|-anim|p1a: Vion|Dragon Darts|p2a: Small Tusk\n|-damage|p2a: Small Tusk|31\/100\n|move|p2a: Small Tusk|Icicle Crash|p1a: Vion\n|-supereffective|p1a: Vion\n|-enditem|p1a: Vion|Focus Sash\n|-damage|p1a: Vion|1\/100\n|\n|upkeep\n|turn|10\n|\n|t:|1700826404\n|move|p2a: Small Tusk|Ice Shard|p1a: Vion\n|-supereffective|p1a: Vion\n|-damage|p1a: Vion|0 fnt\n|faint|p1a: Vion\n|\n|-sideend|p2: StinkyBinky609|Reflect\n|upkeep\n|\n|t:|1700826415\n|switch|p1a: Lingot|Gholdengo|100\/100\n|-item|p1a: Lingot|Air Balloon\n|turn|11\n|\n|t:|1700826420\n|move|p2a: Small Tusk|Ice Shard|p1a: Lingot\n|-resisted|p1a: Lingot\n|-damage|p1a: Lingot|91\/100\n|-enditem|p1a: Lingot|Air Balloon\n|move|p1a: Lingot|Shadow Ball|p2a: Small Tusk\n|-damage|p2a: Small Tusk|0 fnt\n|faint|p2a: Small Tusk\n|\n|upkeep\n|\n|t:|1700826426\n|switch|p2a: Ogerpon-Shitspring|Ogerpon-Teal-Tera, F, tera:Grass|100\/100\n|-ability|p2a: Ogerpon-Shitspring|Embody Aspect (Teal)|boost\n|-boost|p2a: Ogerpon-Shitspring|spe|1\n|turn|12\n|\n|t:|1700826434\n|move|p2a: Ogerpon-Shitspring|Knock Off|p1a: Lingot\n|-supereffective|p1a: Lingot\n|-damage|p1a: Lingot|13\/100\n|move|p1a: Lingot|Shadow Ball|p2a: Ogerpon-Shitspring\n|-damage|p2a: Ogerpon-Shitspring|49\/100\n|\n|upkeep\n|turn|13\n|\n|t:|1700826441\n|move|p2a: Ogerpon-Shitspring|Knock Off|p1a: Lingot\n|-supereffective|p1a: Lingot\n|-damage|p1a: Lingot|0 fnt\n|faint|p1a: Lingot\n|\n|upkeep\n|\n|t:|1700826446\n|switch|p1a: Gardien|Iron Valiant|100\/100\n|-enditem|p1a: Gardien|Booster Energy\n|-activate|p1a: Gardien|ability: Quark Drive|[fromitem]\n|-start|p1a: Gardien|quarkdrivespe\n|turn|14\n|\n|t:|1700826452\n|switch|p2a: Chandy|Chandelure, F|100\/100\n|move|p1a: Gardien|Moonblast|p2a: Chandy\n|-resisted|p2a: Chandy\n|-damage|p2a: Chandy|68\/100\n|\n|upkeep\n|turn|15\n|\n|t:|1700826462\n|move|p1a: Gardien|Calm Mind|p1a: Gardien\n|-boost|p1a: Gardien|spa|1\n|-boost|p1a: Gardien|spd|1\n|move|p2a: Chandy|Overheat|p1a: Gardien|[miss]\n|-miss|p2a: Chandy|p1a: Gardien\n|\n|upkeep\n|turn|16\n|c|\u2606StinkyBinky609|Goddamn it this agmeee\n|\n|t:|1700826471\n|move|p1a: Gardien|Psyshock|p2a: Chandy\n|-damage|p2a: Chandy|16\/100\n|move|p2a: Chandy|Overheat|p1a: Gardien|[miss]\n|-miss|p2a: Chandy|p1a: Gardien\n|\n|upkeep\n|turn|17\n|c|\u2606StinkyBinky609|God is a sissy\n|\n|t:|1700826489\n|move|p1a: Gardien|Moonblast|p2a: Chandy\n|-resisted|p2a: Chandy\n|-damage|p2a: Chandy|0 fnt\n|faint|p2a: Chandy\n|\n|upkeep\n|\n|t:|1700826494\n|switch|p2a: Gigachaddrel|Kilowattrel, M|100\/100\n|turn|18\n|\n|t:|1700826497\n|move|p1a: Gardien|Moonblast|p2a: Gigachaddrel\n|-damage|p2a: Gigachaddrel|0 fnt\n|faint|p2a: Gigachaddrel\n|\n|upkeep\n|\n|t:|1700826501\n|switch|p2a: Ogerpon-Shitspring|Ogerpon-Teal-Tera, F, tera:Grass|49\/100\n|-ability|p2a: Ogerpon-Shitspring|Embody Aspect (Teal)|boost\n|-boost|p2a: Ogerpon-Shitspring|spe|1\n|turn|19\n|\n|t:|1700826506\n|move|p1a: Gardien|Moonblast|p2a: Ogerpon-Shitspring\n|-damage|p2a: Ogerpon-Shitspring|0 fnt\n|faint|p2a: Ogerpon-Shitspring\n|\n|win|ImhoPitit\n|raw|ImhoPitit's rating: 1410 &rarr; <strong>1425<\/strong><br \/>(+15 for winning)\n|raw|StinkyBinky609's rating: 1326 &rarr; <strong>1311<\/strong><br \/>(-15 for losing)\n","uploadtime":1700826509,"views":3,"p1id":"imhopitit","p2id":"stinkybinky609","formatid":"gen9ou","rating":1311,"private":0,"password":""}