{"id":"gen9ou-1988931378","p1":"jacothaptrllr","p2":"OPWEREWOLF","format":"[Gen 9] OU","log":"|j|\u2606jacothaptrllr\n|j|\u2606OPWEREWOLF\n|t:|1699790014\n|gametype|singles\n|player|p1|jacothaptrllr|shadowtriad|1013\n|player|p2|OPWEREWOLF|170|1068\n|teamsize|p1|6\n|teamsize|p2|6\n|gen|9\n|tier|[Gen 9] OU\n|rated|\n|rule|Sleep Clause Mod: Limit one foe put to sleep\n|rule|Species Clause: Limit one of each Pok\u00e9mon\n|rule|OHKO Clause: OHKO moves are banned\n|rule|Evasion Items Clause: Evasion items are banned\n|rule|Evasion Moves Clause: Evasion moves are banned\n|rule|Endless Battle Clause: Forcing endless battles is banned\n|rule|HP Percentage Mod: HP is shown in percentages\n|clearpoke\n|poke|p1|Crawdaunt, F|\n|poke|p1|Cinderace, M|\n|poke|p1|Hawlucha, M|\n|poke|p1|Goodra-Hisui, M|\n|poke|p1|Corviknight, M|\n|poke|p1|Clefable, M|\n|poke|p2|Rillaboom, F|\n|poke|p2|Heatran, F|\n|poke|p2|Slowking, M|\n|poke|p2|Dragapult, M|\n|poke|p2|Landorus-Therian, M|\n|poke|p2|Bisharp, F|\n|teampreview\n|inactive|Battle timer is ON: inactive players will automatically lose when time's up. (requested by jacothaptrllr)\n|\n|t:|1699790022\n|start\n|switch|p1a: Crawdaunt|Crawdaunt, F|100\/100\n|switch|p2a: Landorus|Landorus-Therian, M|100\/100\n|-ability|p2a: Landorus|Intimidate|boost\n|-unboost|p1a: Crawdaunt|atk|1\n|turn|1\n|\n|t:|1699790036\n|switch|p1a: Corviknight|Corviknight, M|100\/100\n|move|p2a: Landorus|Sand Tomb|p1a: Corviknight\n|-immune|p1a: Corviknight\n|\n|upkeep\n|turn|2\n|\n|t:|1699790044\n|move|p2a: Landorus|U-turn|p1a: Corviknight\n|-resisted|p1a: Corviknight\n|-damage|p1a: Corviknight|96\/100\n|-damage|p2a: Landorus|84\/100|[from] item: Rocky Helmet|[of] p1a: Corviknight\n|\n|t:|1699790054\n|switch|p2a: Bisharp|Bisharp, F|100\/100|[from] U-turn\n|move|p1a: Corviknight|Iron Defense|p1a: Corviknight\n|-boost|p1a: Corviknight|def|2\n|\n|upkeep\n|turn|3\n|\n|t:|1699790060\n|move|p2a: Bisharp|Iron Head|p1a: Corviknight\n|-resisted|p1a: Corviknight\n|-damage|p1a: Corviknight|88\/100\n|-damage|p2a: Bisharp|84\/100|[from] item: Rocky Helmet|[of] p1a: Corviknight\n|move|p1a: Corviknight|Iron Defense|p1a: Corviknight\n|-boost|p1a: Corviknight|def|2\n|\n|upkeep\n|turn|4\n|\n|t:|1699790068\n|move|p2a: Bisharp|Sucker Punch||[still]\n|-fail|p2a: Bisharp\n|move|p1a: Corviknight|Iron Defense|p1a: Corviknight\n|-boost|p1a: Corviknight|def|2\n|\n|upkeep\n|turn|5\n|\n|t:|1699790073\n|move|p2a: Bisharp|Sucker Punch|p1a: Corviknight\n|-damage|p1a: Corviknight|82\/100\n|-damage|p2a: Bisharp|68\/100|[from] item: Rocky Helmet|[of] p1a: Corviknight\n|move|p1a: Corviknight|Brave Bird|p2a: Bisharp\n|-resisted|p2a: Bisharp\n|-damage|p2a: Bisharp|44\/100\n|-damage|p1a: Corviknight|76\/100|[from] Recoil\n|\n|upkeep\n|turn|6\n|\n|t:|1699790083\n|move|p2a: Bisharp|Low Kick|p1a: Corviknight\n|-damage|p1a: Corviknight|71\/100\n|-damage|p2a: Bisharp|28\/100|[from] item: Rocky Helmet|[of] p1a: Corviknight\n|move|p1a: Corviknight|Brave Bird|p2a: Bisharp\n|-resisted|p2a: Bisharp\n|-damage|p2a: Bisharp|3\/100\n|-damage|p1a: Corviknight|65\/100|[from] Recoil\n|\n|upkeep\n|turn|7\n|\n|t:|1699790096\n|-terastallize|p2a: Bisharp|Dark\n|move|p2a: Bisharp|Sucker Punch||[still]\n|-fail|p2a: Bisharp\n|move|p1a: Corviknight|Roost|p1a: Corviknight\n|-heal|p1a: Corviknight|100\/100\n|-singleturn|p1a: Corviknight|move: Roost\n|\n|upkeep\n|turn|8\n|\n|t:|1699790104\n|move|p2a: Bisharp|Sucker Punch|p1a: Corviknight\n|-damage|p1a: Corviknight|91\/100\n|-damage|p2a: Bisharp|0 fnt|[from] item: Rocky Helmet|[of] p1a: Corviknight\n|faint|p2a: Bisharp\n|move|p1a: Corviknight|Brave Bird|p2: Bisharp|[notarget]\n|-fail|p1a: Corviknight\n|\n|upkeep\n|\n|t:|1699790112\n|switch|p2a: Landorus|Landorus-Therian, M|84\/100\n|-ability|p2a: Landorus|Intimidate|boost\n|-ability|p1a: Corviknight|Mirror Armor\n|-unboost|p2a: Landorus|atk|1\n|turn|9\n|\n|t:|1699790118\n|move|p2a: Landorus|Stealth Rock|p1a: Corviknight\n|-sidestart|p1: jacothaptrllr|move: Stealth Rock\n|move|p1a: Corviknight|Brave Bird|p2a: Landorus\n|-damage|p2a: Landorus|52\/100\n|-damage|p1a: Corviknight|81\/100|[from] Recoil\n|\n|-heal|p2a: Landorus|59\/100|[from] item: Leftovers\n|upkeep\n|turn|10\n|\n|t:|1699790127\n|move|p2a: Landorus|Earth Power|p1a: Corviknight\n|-immune|p1a: Corviknight\n|move|p1a: Corviknight|Defog|p2a: Landorus\n|-unboost|p2a: Landorus|evasion|1\n|-sideend|p1: jacothaptrllr|Stealth Rock|[from] move: Defog|[of] p1a: Corviknight\n|\n|-heal|p2a: Landorus|65\/100|[from] item: Leftovers\n|upkeep\n|turn|11\n|\n|t:|1699790135\n|move|p2a: Landorus|U-turn|p1a: Corviknight\n|-resisted|p1a: Corviknight\n|-damage|p1a: Corviknight|80\/100\n|-damage|p2a: Landorus|48\/100|[from] item: Rocky Helmet|[of] p1a: Corviknight\n|\n|t:|1699790141\n|switch|p2a: Dragapult|Dragapult, M|100\/100|[from] U-turn\n|move|p1a: Corviknight|Brave Bird|p2a: Dragapult\n|-damage|p2a: Dragapult|46\/100\n|-damage|p1a: Corviknight|66\/100|[from] Recoil\n|\n|upkeep\n|turn|12\n|\n|t:|1699790151\n|move|p2a: Dragapult|Draco Meteor|p1a: Corviknight\n|-resisted|p1a: Corviknight\n|-damage|p1a: Corviknight|35\/100\n|-unboost|p2a: Dragapult|spa|2\n|move|p1a: Corviknight|Roost|p1a: Corviknight\n|-heal|p1a: Corviknight|85\/100\n|-singleturn|p1a: Corviknight|move: Roost\n|\n|upkeep\n|turn|13\n|\n|t:|1699790160\n|move|p2a: Dragapult|Draco Meteor|p1a: Corviknight\n|-resisted|p1a: Corviknight\n|-damage|p1a: Corviknight|69\/100\n|-unboost|p2a: Dragapult|spa|2\n|move|p1a: Corviknight|Brave Bird|p2a: Dragapult\n|-damage|p2a: Dragapult|0 fnt\n|faint|p2a: Dragapult\n|-damage|p1a: Corviknight|57\/100|[from] Recoil\n|\n|upkeep\n|\n|t:|1699790169\n|switch|p2a: Heatran|Heatran, F|100\/100\n|turn|14\n|\n|t:|1699790191\n|switch|p1a: Crawdaunt|Crawdaunt, F|100\/100\n|move|p2a: Heatran|Flash Cannon|p1a: Crawdaunt\n|-resisted|p1a: Crawdaunt\n|-damage|p1a: Crawdaunt|60\/100\n|\n|upkeep\n|turn|15\n|\n|t:|1699790201\n|move|p2a: Heatran|Solar Beam||[still]\n|-prepare|p2a: Heatran|Solar Beam\n|-enditem|p2a: Heatran|Power Herb\n|-anim|p2a: Heatran|Solar Beam|p1a: Crawdaunt\n|-supereffective|p1a: Crawdaunt\n|-damage|p1a: Crawdaunt|0 fnt\n|faint|p1a: Crawdaunt\n|\n|upkeep\n|\n|t:|1699790209\n|switch|p1a: Hawlucha|Hawlucha, M|100\/100\n|turn|16\n|\n|t:|1699790217\n|move|p1a: Hawlucha|Close Combat|p2a: Heatran\n|-supereffective|p2a: Heatran\n|-damage|p2a: Heatran|16\/100\n|-unboost|p1a: Hawlucha|def|1\n|-unboost|p1a: Hawlucha|spd|1\n|move|p2a: Heatran|Solar Beam||[still]\n|-prepare|p2a: Heatran|Solar Beam\n|\n|upkeep\n|turn|17\n|\n|t:|1699790226\n|move|p1a: Hawlucha|Close Combat|p2a: Heatran\n|-supereffective|p2a: Heatran\n|-damage|p2a: Heatran|0 fnt\n|-unboost|p1a: Hawlucha|def|1\n|-unboost|p1a: Hawlucha|spd|1\n|faint|p2a: Heatran\n|\n|upkeep\n|\n|t:|1699790234\n|switch|p2a: Landorus|Landorus-Therian, M|48\/100\n|-ability|p2a: Landorus|Intimidate|boost\n|-unboost|p1a: Hawlucha|atk|1\n|turn|18\n|\n|t:|1699790242\n|switch|p1a: Corviknight|Corviknight, M|57\/100\n|move|p2a: Landorus|U-turn|p1a: Corviknight\n|-resisted|p1a: Corviknight\n|-damage|p1a: Corviknight|53\/100\n|-damage|p2a: Landorus|31\/100|[from] item: Rocky Helmet|[of] p1a: Corviknight\n|\n|t:|1699790248\n|switch|p2a: Rillaboom|Rillaboom, F|100\/100|[from] U-turn\n|-fieldstart|move: Grassy Terrain|[from] ability: Grassy Surge|[of] p2a: Rillaboom\n|\n|upkeep\n|turn|19\n|\n|t:|1699790254\n|move|p2a: Rillaboom|Wood Hammer|p1a: Corviknight\n|-resisted|p1a: Corviknight\n|-damage|p1a: Corviknight|32\/100\n|-damage|p2a: Rillaboom|84\/100|[from] item: Rocky Helmet|[of] p1a: Corviknight\n|-damage|p2a: Rillaboom|76\/100|[from] Recoil\n|move|p1a: Corviknight|Roost|p1a: Corviknight\n|-heal|p1a: Corviknight|82\/100\n|-singleturn|p1a: Corviknight|move: Roost\n|\n|-heal|p2a: Rillaboom|82\/100|[from] Grassy Terrain\n|-heal|p1a: Corviknight|88\/100|[from] Grassy Terrain\n|upkeep\n|turn|20\n|\n|t:|1699790267\n|move|p2a: Rillaboom|Wood Hammer|p1a: Corviknight\n|-resisted|p1a: Corviknight\n|-damage|p1a: Corviknight|69\/100\n|-damage|p2a: Rillaboom|66\/100|[from] item: Rocky Helmet|[of] p1a: Corviknight\n|-damage|p2a: Rillaboom|58\/100|[from] Recoil\n|move|p1a: Corviknight|Iron Defense|p1a: Corviknight\n|-boost|p1a: Corviknight|def|2\n|\n|-heal|p2a: Rillaboom|64\/100|[from] Grassy Terrain\n|upkeep\n|turn|21\n|\n|t:|1699790277\n|move|p2a: Rillaboom|Wood Hammer|p1a: Corviknight\n|-resisted|p1a: Corviknight\n|-damage|p1a: Corviknight|58\/100\n|-damage|p2a: Rillaboom|48\/100|[from] item: Rocky Helmet|[of] p1a: Corviknight\n|-damage|p2a: Rillaboom|44\/100|[from] Recoil\n|move|p1a: Corviknight|Iron Defense|p1a: Corviknight\n|-boost|p1a: Corviknight|def|2\n|\n|-heal|p2a: Rillaboom|50\/100|[from] Grassy Terrain\n|upkeep\n|turn|22\n|\n|t:|1699790287\n|move|p2a: Rillaboom|Wood Hammer|p1a: Corviknight\n|-resisted|p1a: Corviknight\n|-damage|p1a: Corviknight|51\/100\n|-damage|p2a: Rillaboom|34\/100|[from] item: Rocky Helmet|[of] p1a: Corviknight\n|-damage|p2a: Rillaboom|31\/100|[from] Recoil\n|move|p1a: Corviknight|Iron Defense|p1a: Corviknight\n|-boost|p1a: Corviknight|def|2\n|\n|-heal|p2a: Rillaboom|37\/100|[from] Grassy Terrain\n|-fieldend|move: Grassy Terrain\n|upkeep\n|turn|23\n|\n|t:|1699790299\n|switch|p2a: Slowking|Slowking, M|100\/100\n|move|p1a: Corviknight|Roost|p1a: Corviknight\n|-heal|p1a: Corviknight|100\/100\n|-singleturn|p1a: Corviknight|move: Roost\n|\n|upkeep\n|turn|24\n|\n|t:|1699790307\n|move|p1a: Corviknight|Brave Bird|p2a: Slowking\n|-crit|p2a: Slowking\n|-damage|p2a: Slowking|47\/100\n|-damage|p1a: Corviknight|83\/100|[from] Recoil\n|move|p2a: Slowking|Trick|p1a: Corviknight\n|-activate|p2a: Slowking|move: Trick|[of] p1a: Corviknight\n|-item|p1a: Corviknight|Heavy-Duty Boots|[from] move: Trick\n|-item|p2a: Slowking|Rocky Helmet|[from] move: Trick\n|\n|upkeep\n|turn|25\n|\n|t:|1699790317\n|move|p1a: Corviknight|Brave Bird|p2a: Slowking\n|-damage|p2a: Slowking|10\/100\n|-damage|p1a: Corviknight|67\/100|[from] item: Rocky Helmet|[of] p2a: Slowking\n|-damage|p1a: Corviknight|54\/100|[from] Recoil\n|move|p2a: Slowking|Scald|p1a: Corviknight\n|-damage|p1a: Corviknight|32\/100\n|\n|upkeep\n|turn|26\n|\n|t:|1699790325\n|move|p1a: Corviknight|Roost|p1a: Corviknight\n|-heal|p1a: Corviknight|82\/100\n|-singleturn|p1a: Corviknight|move: Roost\n|move|p2a: Slowking|Slack Off|p2a: Slowking\n|-heal|p2a: Slowking|60\/100\n|\n|upkeep\n|turn|27\n|\n|t:|1699790332\n|move|p1a: Corviknight|Brave Bird|p2a: Slowking\n|-damage|p2a: Slowking|25\/100\n|-damage|p1a: Corviknight|66\/100|[from] item: Rocky Helmet|[of] p2a: Slowking\n|-damage|p1a: Corviknight|54\/100|[from] Recoil\n|move|p2a: Slowking|Scald|p1a: Corviknight\n|-damage|p1a: Corviknight|32\/100\n|\n|upkeep\n|turn|28\n|\n|t:|1699790340\n|move|p1a: Corviknight|Brave Bird|p2a: Slowking\n|-damage|p2a: Slowking|0 fnt\n|-damage|p1a: Corviknight|16\/100|[from] item: Rocky Helmet|[of] p2a: Slowking\n|faint|p2a: Slowking\n|-damage|p1a: Corviknight|8\/100|[from] Recoil\n|\n|upkeep\n|\n|t:|1699790347\n|switch|p2a: Landorus|Landorus-Therian, M|31\/100\n|-ability|p2a: Landorus|Intimidate|boost\n|-ability|p1a: Corviknight|Mirror Armor\n|-unboost|p2a: Landorus|atk|1\n|turn|29\n|\n|t:|1699790354\n|move|p2a: Landorus|Earth Power|p1a: Corviknight\n|-immune|p1a: Corviknight\n|move|p1a: Corviknight|Roost|p1a: Corviknight\n|-heal|p1a: Corviknight|58\/100\n|-singleturn|p1a: Corviknight|move: Roost\n|\n|-heal|p2a: Landorus|38\/100|[from] item: Leftovers\n|upkeep\n|turn|30\n|c|\u2606jacothaptrllr|boy am I thankful you didn't go rillaboom\n|\n|t:|1699790371\n|move|p2a: Landorus|U-turn|p1a: Corviknight\n|-resisted|p1a: Corviknight\n|-damage|p1a: Corviknight|57\/100\n|\n|t:|1699790380\n|switch|p2a: Rillaboom|Rillaboom, F|37\/100|[from] U-turn\n|-fieldstart|move: Grassy Terrain|[from] ability: Grassy Surge|[of] p2a: Rillaboom\n|move|p1a: Corviknight|Roost|p1a: Corviknight\n|-heal|p1a: Corviknight|100\/100\n|-singleturn|p1a: Corviknight|move: Roost\n|\n|-heal|p2a: Rillaboom|43\/100|[from] Grassy Terrain\n|upkeep\n|turn|31\n|\n|t:|1699790391\n|move|p2a: Rillaboom|Seed Bomb|p1a: Corviknight\n|-resisted|p1a: Corviknight\n|-damage|p1a: Corviknight|97\/100\n|move|p1a: Corviknight|Brave Bird|p2a: Rillaboom\n|-supereffective|p2a: Rillaboom\n|-damage|p2a: Rillaboom|0 fnt\n|faint|p2a: Rillaboom\n|-damage|p1a: Corviknight|85\/100|[from] Recoil\n|\n|upkeep\n|\n|t:|1699790399\n|switch|p2a: Landorus|Landorus-Therian, M|38\/100\n|-ability|p2a: Landorus|Intimidate|boost\n|-ability|p1a: Corviknight|Mirror Armor\n|-unboost|p2a: Landorus|atk|1\n|turn|32\n|\n|t:|1699790409\n|move|p2a: Landorus|U-turn|p1a: Corviknight\n|-resisted|p1a: Corviknight\n|-damage|p1a: Corviknight|84\/100\n|move|p1a: Corviknight|Brave Bird|p2a: Landorus\n|-damage|p2a: Landorus|7\/100\n|-damage|p1a: Corviknight|74\/100|[from] Recoil\n|\n|-heal|p2a: Landorus|13\/100|[from] item: Leftovers\n|upkeep\n|turn|33\n|\n|t:|1699790418\n|move|p2a: Landorus|U-turn|p1a: Corviknight\n|-resisted|p1a: Corviknight\n|-damage|p1a: Corviknight|74\/100\n|move|p1a: Corviknight|Brave Bird|p2a: Landorus\n|-damage|p2a: Landorus|0 fnt\n|faint|p2a: Landorus\n|-damage|p1a: Corviknight|70\/100|[from] Recoil\n|\n|win|jacothaptrllr\n|raw|jacothaptrllr's rating: 1013 &rarr; <strong>1057<\/strong><br \/>(+44 for winning)\n|raw|OPWEREWOLF's rating: 1068 &rarr; <strong>1045<\/strong><br \/>(-23 for losing)\n|c|\u2606jacothaptrllr|gg yo\n","uploadtime":1699790427,"views":10,"p1id":"jacothaptrllr","p2id":"opwerewolf","formatid":"gen9ou","rating":1045,"private":0,"password":""}