{"id":"gen9ou-1994749825","p1":"VikontAlu","p2":"Chris Golden","format":"[Gen 9] OU","log":"|j|\u2606VikontAlu\n|j|\u2606Chris Golden\n|t:|1700488912\n|gametype|singles\n|player|p1|VikontAlu|169|1155\n|player|p2|Chris Golden|lucas-gen4pt|1170\n|teamsize|p1|6\n|teamsize|p2|6\n|gen|9\n|tier|[Gen 9] OU\n|rated|\n|rule|Sleep Clause Mod: Limit one foe put to sleep\n|rule|Species Clause: Limit one of each Pok\u00e9mon\n|rule|OHKO Clause: OHKO moves are banned\n|rule|Evasion Items Clause: Evasion items are banned\n|rule|Evasion Moves Clause: Evasion moves are banned\n|rule|Endless Battle Clause: Forcing endless battles is banned\n|rule|HP Percentage Mod: HP is shown in percentages\n|clearpoke\n|poke|p1|Cinderace, M|\n|poke|p1|Garganacl, M|\n|poke|p1|Walking Wake|\n|poke|p1|Gholdengo|\n|poke|p1|Iron Valiant|\n|poke|p1|Zapdos|\n|poke|p2|Torkoal, M|\n|poke|p2|Armarouge, M|\n|poke|p2|Ceruledge, M|\n|poke|p2|Walking Wake|\n|poke|p2|Lilligant, F|\n|poke|p2|Zarude|\n|teampreview\n|inactive|Battle timer is ON: inactive players will automatically lose when time's up. (requested by Chris Golden)\n|inactive|VikontAlu has 120 seconds left.\n|c|\u2606Chris Golden|Well?\n|\n|t:|1700488962\n|start\n|switch|p1a: Cinderace|Cinderace, M|100\/100\n|switch|p2a: Torkoal|Torkoal, M|100\/100\n|-weather|SunnyDay|[from] ability: Drought|[of] p2a: Torkoal\n|turn|1\n|\n|t:|1700488970\n|switch|p1a: Walking Wake|Walking Wake|100\/100\n|-activate|p1a: Walking Wake|ability: Protosynthesis\n|-start|p1a: Walking Wake|protosynthesisspa\n|switch|p2a: Black Ace|Ceruledge, M|100\/100\n|\n|-weather|SunnyDay|[upkeep]\n|upkeep\n|turn|2\n|\n|t:|1700488982\n|move|p1a: Walking Wake|Hydro Steam|p2a: Black Ace\n|-supereffective|p2a: Black Ace\n|-damage|p2a: Black Ace|0 fnt\n|faint|p2a: Black Ace\n|\n|-weather|SunnyDay|[upkeep]\n|upkeep\n|\n|t:|1700488992\n|switch|p2a: Lilligant|Lilligant, F|100\/100\n|turn|3\n|\n|t:|1700489000\n|-end|p1a: Walking Wake|Protosynthesis|[silent]\n|switch|p1a: Cinderace|Cinderace, M|100\/100\n|move|p2a: Lilligant|Solar Beam||[still]\n|-prepare|p2a: Lilligant|Solar Beam\n|-anim|p2a: Lilligant|Solar Beam|p1a: Cinderace\n|-resisted|p1a: Cinderace\n|-damage|p1a: Cinderace|47\/100\n|-damage|p2a: Lilligant|91\/100|[from] item: Life Orb\n|\n|-weather|SunnyDay|[upkeep]\n|upkeep\n|turn|4\n|\n|t:|1700489011\n|move|p2a: Lilligant|Solar Beam||[still]\n|-prepare|p2a: Lilligant|Solar Beam\n|-anim|p2a: Lilligant|Solar Beam|p1a: Cinderace\n|-resisted|p1a: Cinderace\n|-damage|p1a: Cinderace|0 fnt\n|faint|p1a: Cinderace\n|-damage|p2a: Lilligant|81\/100|[from] item: Life Orb\n|\n|-weather|SunnyDay|[upkeep]\n|upkeep\n|\n|t:|1700489025\n|switch|p1a: Zapdos|Zapdos|100\/100\n|turn|5\n|\n|t:|1700489029\n|-terastallize|p2a: Lilligant|Rock\n|move|p2a: Lilligant|Tera Blast|p1a: Zapdos|[anim] Tera Blast Rock\n|-supereffective|p1a: Zapdos\n|-crit|p1a: Zapdos\n|-damage|p1a: Zapdos|0 fnt\n|faint|p1a: Zapdos\n|-damage|p2a: Lilligant|71\/100|[from] item: Life Orb\n|\n|-weather|SunnyDay|[upkeep]\n|upkeep\n|\n|t:|1700489038\n|switch|p1a: Garganacl|Garganacl, M, shiny|100\/100\n|turn|6\n|\n|t:|1700489043\n|move|p2a: Lilligant|Solar Beam||[still]\n|-prepare|p2a: Lilligant|Solar Beam\n|-anim|p2a: Lilligant|Solar Beam|p1a: Garganacl\n|-supereffective|p1a: Garganacl\n|-damage|p1a: Garganacl|1\/100\n|-damage|p2a: Lilligant|61\/100|[from] item: Life Orb\n|move|p1a: Garganacl|Salt Cure|p2a: Lilligant\n|-damage|p2a: Lilligant|45\/100\n|-start|p2a: Lilligant|Salt Cure\n|\n|-weather|SunnyDay|[upkeep]\n|-heal|p1a: Garganacl|8\/100|[from] item: Leftovers\n|-damage|p2a: Lilligant|32\/100|[from] Salt Cure\n|upkeep\n|turn|7\n|\n|t:|1700489060\n|move|p1a: Garganacl|Protect|p1a: Garganacl\n|-singleturn|p1a: Garganacl|Protect\n|move|p2a: Lilligant|Weather Ball|p1a: Garganacl\n|-activate|p1a: Garganacl|move: Protect\n|\n|-weather|SunnyDay|[upkeep]\n|-heal|p1a: Garganacl|14\/100|[from] item: Leftovers\n|-damage|p2a: Lilligant|20\/100|[from] Salt Cure\n|upkeep\n|turn|8\n|\n|t:|1700489072\n|switch|p1a: Gholdengo|Gholdengo|100\/100\n|move|p2a: Lilligant|Weather Ball|p1a: Gholdengo\n|-supereffective|p1a: Gholdengo\n|-damage|p1a: Gholdengo|0 fnt\n|faint|p1a: Gholdengo\n|-damage|p2a: Lilligant|10\/100|[from] item: Life Orb\n|\n|-weather|none\n|-damage|p2a: Lilligant|0 fnt|[from] Salt Cure\n|faint|p2a: Lilligant\n|upkeep\n|\n|t:|1700489086\n|switch|p1a: Garganacl|Garganacl, M, shiny|14\/100\n|switch|p2a: Torkoal|Torkoal, M|100\/100\n|-weather|SunnyDay|[from] ability: Drought|[of] p2a: Torkoal\n|turn|9\n|\n|t:|1700489093\n|switch|p2a: Red Joker|Armarouge, M|100\/100\n|move|p1a: Garganacl|Recover|p1a: Garganacl\n|-heal|p1a: Garganacl|64\/100\n|\n|-weather|SunnyDay|[upkeep]\n|-heal|p1a: Garganacl|70\/100|[from] item: Leftovers\n|upkeep\n|turn|10\n|\n|t:|1700489103\n|-terastallize|p1a: Garganacl|Ghost\n|move|p1a: Garganacl|Protect|p1a: Garganacl\n|-singleturn|p1a: Garganacl|Protect\n|move|p2a: Red Joker|Solar Beam||[still]\n|-prepare|p2a: Red Joker|Solar Beam\n|-anim|p2a: Red Joker|Solar Beam|p1a: Garganacl\n|-activate|p1a: Garganacl|move: Protect\n|\n|-weather|SunnyDay|[upkeep]\n|-heal|p1a: Garganacl|76\/100|[from] item: Leftovers\n|upkeep\n|turn|11\n|\n|t:|1700489114\n|switch|p2a: Zarude|Zarude|100\/100\n|move|p1a: Garganacl|Salt Cure|p2a: Zarude\n|-damage|p2a: Zarude|86\/100\n|-start|p2a: Zarude|Salt Cure\n|\n|-weather|SunnyDay|[upkeep]\n|-heal|p1a: Garganacl|82\/100|[from] item: Leftovers\n|-damage|p2a: Zarude|74\/100|[from] Salt Cure\n|upkeep\n|turn|12\n|\n|t:|1700489125\n|move|p1a: Garganacl|Protect|p1a: Garganacl\n|-singleturn|p1a: Garganacl|Protect\n|move|p2a: Zarude|Knock Off|p1a: Garganacl\n|-activate|p1a: Garganacl|move: Protect\n|\n|-weather|SunnyDay|[upkeep]\n|-heal|p1a: Garganacl|89\/100|[from] item: Leftovers\n|-damage|p2a: Zarude|61\/100|[from] Salt Cure\n|upkeep\n|turn|13\n|\n|t:|1700489134\n|move|p2a: Zarude|Knock Off|p1a: Garganacl\n|-supereffective|p1a: Garganacl\n|-damage|p1a: Garganacl|16\/100\n|-enditem|p1a: Garganacl|Leftovers|[from] move: Knock Off|[of] p2a: Zarude\n|move|p1a: Garganacl|Iron Defense|p1a: Garganacl\n|-boost|p1a: Garganacl|def|2\n|\n|-weather|SunnyDay|[upkeep]\n|-damage|p2a: Zarude|49\/100|[from] Salt Cure\n|upkeep\n|turn|14\n|\n|t:|1700489144\n|move|p1a: Garganacl|Protect|p1a: Garganacl\n|-singleturn|p1a: Garganacl|Protect\n|move|p2a: Zarude|U-turn|p1a: Garganacl\n|-activate|p1a: Garganacl|move: Protect\n|\n|-weather|SunnyDay|[upkeep]\n|-damage|p2a: Zarude|36\/100|[from] Salt Cure\n|upkeep\n|turn|15\n|\n|t:|1700489152\n|move|p2a: Zarude|Knock Off|p1a: Garganacl\n|-supereffective|p1a: Garganacl\n|-damage|p1a: Garganacl|0 fnt\n|faint|p1a: Garganacl\n|\n|-weather|SunnyDay|[upkeep]\n|-damage|p2a: Zarude|24\/100|[from] Salt Cure\n|upkeep\n|\n|t:|1700489163\n|switch|p1a: Walking Wake|Walking Wake|100\/100\n|-activate|p1a: Walking Wake|ability: Protosynthesis\n|-start|p1a: Walking Wake|protosynthesisspa\n|turn|16\n|\n|t:|1700489171\n|move|p1a: Walking Wake|Flamethrower|p2a: Zarude\n|-supereffective|p2a: Zarude\n|-damage|p2a: Zarude|0 fnt\n|faint|p2a: Zarude\n|\n|-weather|none\n|-end|p1a: Walking Wake|Protosynthesis\n|upkeep\n|-enditem|p1a: Walking Wake|Booster Energy\n|-activate|p1a: Walking Wake|ability: Protosynthesis|[fromitem]\n|-start|p1a: Walking Wake|protosynthesisspa\n|\n|t:|1700489180\n|switch|p2a: Torkoal|Torkoal, M|100\/100\n|-weather|SunnyDay|[from] ability: Drought|[of] p2a: Torkoal\n|turn|17\n|\n|t:|1700489186\n|switch|p2a: Walking Wake|Walking Wake|100\/100\n|-activate|p2a: Walking Wake|ability: Protosynthesis\n|-start|p2a: Walking Wake|protosynthesisspa\n|move|p1a: Walking Wake|Hydro Steam|p2a: Walking Wake\n|-resisted|p2a: Walking Wake\n|-damage|p2a: Walking Wake|77\/100\n|\n|-weather|SunnyDay|[upkeep]\n|upkeep\n|turn|18\n|\n|t:|1700489198\n|-end|p1a: Walking Wake|Protosynthesis|[silent]\n|switch|p1a: Iron Valiant|Iron Valiant|100\/100\n|-enditem|p1a: Iron Valiant|Booster Energy\n|-activate|p1a: Iron Valiant|ability: Quark Drive|[fromitem]\n|-start|p1a: Iron Valiant|quarkdrivespe\n|move|p2a: Walking Wake|Weather Ball|p1a: Iron Valiant\n|-damage|p1a: Iron Valiant|0 fnt\n|faint|p1a: Iron Valiant\n|-end|p1a: Iron Valiant|Quark Drive|[silent]\n|\n|-weather|SunnyDay|[upkeep]\n|upkeep\n|\n|t:|1700489207\n|switch|p1a: Walking Wake|Walking Wake|100\/100\n|-activate|p1a: Walking Wake|ability: Protosynthesis\n|-start|p1a: Walking Wake|protosynthesisspa\n|turn|19\n|\n|t:|1700489212\n|move|p1a: Walking Wake|Draco Meteor|p2a: Walking Wake\n|-supereffective|p2a: Walking Wake\n|-damage|p2a: Walking Wake|0 fnt\n|-unboost|p1a: Walking Wake|spa|2\n|faint|p2a: Walking Wake\n|-end|p2a: Walking Wake|Protosynthesis|[silent]\n|\n|-weather|SunnyDay|[upkeep]\n|upkeep\n|\n|t:|1700489220\n|switch|p2a: Red Joker|Armarouge, M|100\/100\n|turn|20\n|\n|t:|1700489223\n|move|p1a: Walking Wake|Hydro Steam|p2a: Red Joker\n|-supereffective|p2a: Red Joker\n|-damage|p2a: Red Joker|27\/100\n|move|p2a: Red Joker|Psyshock|p1a: Walking Wake\n|-damage|p1a: Walking Wake|64\/100\n|-heal|p2a: Red Joker|31\/100|[from] item: Shell Bell|[of] p1a: Walking Wake\n|\n|-weather|SunnyDay|[upkeep]\n|upkeep\n|turn|21\n|\n|t:|1700489233\n|move|p1a: Walking Wake|Hydro Steam|p2a: Red Joker\n|-supereffective|p2a: Red Joker\n|-damage|p2a: Red Joker|0 fnt\n|faint|p2a: Red Joker\n|\n|-weather|SunnyDay|[upkeep]\n|upkeep\n|\n|t:|1700489239\n|switch|p2a: Torkoal|Torkoal, M|100\/100\n|turn|22\n|\n|t:|1700489242\n|move|p1a: Walking Wake|Hydro Steam|p2a: Torkoal\n|-supereffective|p2a: Torkoal\n|-damage|p2a: Torkoal|31\/100\n|move|p2a: Torkoal|Solar Beam||[still]\n|-prepare|p2a: Torkoal|Solar Beam\n|-anim|p2a: Torkoal|Solar Beam|p1a: Walking Wake\n|-damage|p1a: Walking Wake|36\/100\n|\n|-weather|SunnyDay|[upkeep]\n|upkeep\n|turn|23\n|c|\u2606Chris Golden|Wow that was really close gg\n|\n|t:|1700489257\n|move|p1a: Walking Wake|Hydro Steam|p2a: Torkoal\n|-supereffective|p2a: Torkoal\n|-damage|p2a: Torkoal|0 fnt\n|faint|p2a: Torkoal\n|\n|win|VikontAlu\n|raw|VikontAlu's rating: 1155 &rarr; <strong>1181<\/strong><br \/>(+26 for winning)\n|raw|Chris Golden's rating: 1170 &rarr; <strong>1144<\/strong><br \/>(-26 for losing)\n|l|\u2606Chris Golden\n","uploadtime":1700489269,"views":4,"p1id":"vikontalu","p2id":"chrisgolden","formatid":"gen9ou","rating":1144,"private":0,"password":""}