{"id":"gen9ou-1991864475","p1":"Redshad","p2":"wei1020","format":"[Gen 9] OU","log":"|j|\u2606Redshad\n|j|\u2606wei1020\n|t:|1700130456\n|gametype|singles\n|player|p1|Redshad|ingo|1401\n|player|p2|wei1020|rosa|1395\n|teamsize|p1|6\n|teamsize|p2|6\n|gen|9\n|tier|[Gen 9] OU\n|rated|\n|rule|Sleep Clause Mod: Limit one foe put to sleep\n|rule|Species Clause: Limit one of each Pok\u00e9mon\n|rule|OHKO Clause: OHKO moves are banned\n|rule|Evasion Items Clause: Evasion items are banned\n|rule|Evasion Moves Clause: Evasion moves are banned\n|rule|Endless Battle Clause: Forcing endless battles is banned\n|rule|HP Percentage Mod: HP is shown in percentages\n|clearpoke\n|poke|p1|Torkoal, M|\n|poke|p1|Cinderace, M|\n|poke|p1|Great Tusk|\n|poke|p1|Dragapult, M|\n|poke|p1|Kingambit, F|\n|poke|p1|Walking Wake|\n|poke|p2|Rillaboom, F|\n|poke|p2|Sandy Shocks|\n|poke|p2|Sneasler, M|\n|poke|p2|Kingambit, F|\n|poke|p2|Iron Valiant|\n|poke|p2|Great Tusk|\n|teampreview\n|inactive|Battle timer is ON: inactive players will automatically lose when time's up. (requested by wei1020)\n|\n|t:|1700130478\n|start\n|switch|p1a: Torkoal|Torkoal, M|100\/100\n|switch|p2a: Sandy Shocks|Sandy Shocks|100\/100\n|-weather|SunnyDay|[from] ability: Drought|[of] p1a: Torkoal\n|-activate|p2a: Sandy Shocks|ability: Protosynthesis\n|-start|p2a: Sandy Shocks|protosynthesisspe\n|turn|1\n|\n|t:|1700130499\n|move|p2a: Sandy Shocks|Stealth Rock|p1a: Torkoal\n|-sidestart|p1: Redshad|move: Stealth Rock\n|move|p1a: Torkoal|Stealth Rock|p2a: Sandy Shocks\n|-sidestart|p2: wei1020|move: Stealth Rock\n|\n|-weather|SunnyDay|[upkeep]\n|upkeep\n|turn|2\n|\n|t:|1700130507\n|move|p2a: Sandy Shocks|Earth Power|p1a: Torkoal\n|-supereffective|p1a: Torkoal\n|-damage|p1a: Torkoal|0 fnt\n|faint|p1a: Torkoal\n|\n|-weather|SunnyDay|[upkeep]\n|upkeep\n|\n|t:|1700130515\n|switch|p1a: Jurassic World|Walking Wake|100\/100\n|-damage|p1a: Jurassic World|88\/100|[from] Stealth Rock\n|-activate|p1a: Jurassic World|ability: Protosynthesis\n|-start|p1a: Jurassic World|protosynthesisspe\n|turn|3\n|\n|t:|1700130525\n|move|p1a: Jurassic World|Hydro Steam|p2a: Sandy Shocks\n|-supereffective|p2a: Sandy Shocks\n|-damage|p2a: Sandy Shocks|0 fnt\n|faint|p2a: Sandy Shocks\n|-end|p2a: Sandy Shocks|Protosynthesis|[silent]\n|\n|-weather|SunnyDay|[upkeep]\n|upkeep\n|\n|t:|1700130533\n|switch|p2a: Rillaboom|Rillaboom, F|100\/100\n|-damage|p2a: Rillaboom|88\/100|[from] Stealth Rock\n|-fieldstart|move: Grassy Terrain|[from] ability: Grassy Surge|[of] p2a: Rillaboom\n|turn|4\n|\n|t:|1700130539\n|move|p1a: Jurassic World|Hydro Steam|p2a: Rillaboom\n|-resisted|p2a: Rillaboom\n|-damage|p2a: Rillaboom|39\/100\n|move|p2a: Rillaboom|High Horsepower|p1a: Jurassic World\n|-damage|p1a: Jurassic World|32\/100\n|\n|-weather|SunnyDay|[upkeep]\n|-heal|p1a: Jurassic World|38\/100|[from] Grassy Terrain\n|-heal|p2a: Rillaboom|45\/100|[from] Grassy Terrain\n|upkeep\n|turn|5\n|\n|t:|1700130560\n|move|p1a: Jurassic World|Hydro Steam|p2a: Rillaboom\n|-resisted|p2a: Rillaboom\n|-damage|p2a: Rillaboom|0 fnt\n|faint|p2a: Rillaboom\n|\n|-weather|SunnyDay|[upkeep]\n|-heal|p1a: Jurassic World|44\/100|[from] Grassy Terrain\n|upkeep\n|\n|t:|1700130568\n|switch|p2a: Sneasler|Sneasler, M|100\/100\n|-damage|p2a: Sneasler|95\/100|[from] Stealth Rock\n|-enditem|p2a: Sneasler|Grassy Seed\n|-boost|p2a: Sneasler|def|1|[from] item: Grassy Seed\n|turn|6\n|\n|t:|1700130580\n|move|p2a: Sneasler|Close Combat|p1a: Jurassic World\n|-damage|p1a: Jurassic World|0 fnt\n|-unboost|p2a: Sneasler|def|1\n|-unboost|p2a: Sneasler|spd|1\n|faint|p1a: Jurassic World\n|-end|p1a: Jurassic World|Protosynthesis|[silent]\n|\n|-weather|SunnyDay|[upkeep]\n|-heal|p2a: Sneasler|100\/100|[from] Grassy Terrain\n|upkeep\n|\n|t:|1700130584\n|switch|p1a: THE PULT|Dragapult, M|100\/100\n|turn|7\n|\n|t:|1700130602\n|move|p2a: Sneasler|Night Slash|p1a: THE PULT\n|-supereffective|p1a: THE PULT\n|-damage|p1a: THE PULT|26\/100\n|move|p1a: THE PULT|Thunder Wave|p2a: Sneasler\n|-status|p2a: Sneasler|par\n|\n|-weather|SunnyDay|[upkeep]\n|-heal|p1a: THE PULT|32\/100|[from] Grassy Terrain\n|upkeep\n|turn|8\n|\n|t:|1700130613\n|move|p1a: THE PULT|Draco Meteor|p2a: Sneasler\n|-damage|p2a: Sneasler|0 fnt\n|-unboost|p1a: THE PULT|spa|2\n|faint|p2a: Sneasler\n|\n|-weather|none\n|-heal|p1a: THE PULT|38\/100|[from] Grassy Terrain\n|-fieldend|move: Grassy Terrain\n|upkeep\n|inactive|wei1020 has 120 seconds left.\n|\n|t:|1700130629\n|switch|p2a: Iron Valiant|Iron Valiant|100\/100\n|-damage|p2a: Iron Valiant|94\/100|[from] Stealth Rock\n|-enditem|p2a: Iron Valiant|Booster Energy\n|-activate|p2a: Iron Valiant|ability: Quark Drive|[fromitem]\n|-start|p2a: Iron Valiant|quarkdrivespe\n|turn|9\n|\n|t:|1700130639\n|move|p2a: Iron Valiant|Calm Mind|p2a: Iron Valiant\n|-boost|p2a: Iron Valiant|spa|1\n|-boost|p2a: Iron Valiant|spd|1\n|move|p1a: THE PULT|Thunder Wave|p2a: Iron Valiant\n|-status|p2a: Iron Valiant|par\n|\n|upkeep\n|turn|10\n|inactive|wei1020 has 120 seconds left.\n|\n|t:|1700130661\n|move|p1a: THE PULT|U-turn|p2a: Iron Valiant\n|-resisted|p2a: Iron Valiant\n|-damage|p2a: Iron Valiant|89\/100 par\n|\n|t:|1700130664\n|switch|p1a: Messi|Cinderace, M|100\/100|[from] U-turn\n|move|p2a: Iron Valiant|Calm Mind|p2a: Iron Valiant\n|-boost|p2a: Iron Valiant|spa|1\n|-boost|p2a: Iron Valiant|spd|1\n|\n|upkeep\n|turn|11\n|\n|t:|1700130674\n|move|p1a: Messi|Pyro Ball|p2a: Iron Valiant\n|-damage|p2a: Iron Valiant|14\/100 par\n|move|p2a: Iron Valiant|Aura Sphere|p1a: Messi\n|-damage|p1a: Messi|0 fnt\n|faint|p1a: Messi\n|\n|upkeep\n|\n|t:|1700130679\n|switch|p1a: THE PULT|Dragapult, M|38\/100\n|turn|12\n|\n|t:|1700130685\n|move|p1a: THE PULT|Hex|p2a: Iron Valiant\n|-damage|p2a: Iron Valiant|0 fnt\n|faint|p2a: Iron Valiant\n|-end|p2a: Iron Valiant|Quark Drive|[silent]\n|\n|upkeep\n|\n|t:|1700130699\n|switch|p2a: Kingambit|Kingambit, F|100\/100\n|-damage|p2a: Kingambit|94\/100|[from] Stealth Rock\n|-activate|p2a: Kingambit|ability: Supreme Overlord\n|-start|p2a: Kingambit|fallen4|[silent]\n|turn|13\n|\n|t:|1700130705\n|move|p1a: THE PULT|Thunder Wave|p2a: Kingambit\n|-status|p2a: Kingambit|par\n|-enditem|p2a: Kingambit|Lum Berry|[eat]\n|-curestatus|p2a: Kingambit|par|[msg]\n|move|p2a: Kingambit|Iron Head|p1a: THE PULT\n|-damage|p1a: THE PULT|0 fnt\n|faint|p1a: THE PULT\n|\n|upkeep\n|\n|t:|1700130712\n|switch|p1a: OU Prince|Great Tusk|100\/100\n|-damage|p1a: OU Prince|98\/100|[from] Stealth Rock\n|turn|14\n|\n|t:|1700130734\n|-terastallize|p2a: Kingambit|Fairy\n|move|p1a: OU Prince|Knock Off|p2a: Kingambit\n|-resisted|p2a: Kingambit\n|-damage|p2a: Kingambit|85\/100\n|move|p2a: Kingambit|Iron Head|p1a: OU Prince\n|-damage|p1a: OU Prince|55\/100\n|\n|-heal|p1a: OU Prince|61\/100|[from] item: Leftovers\n|upkeep\n|turn|15\n|\n|t:|1700130746\n|move|p1a: OU Prince|Earthquake|p2a: Kingambit\n|-damage|p2a: Kingambit|41\/100\n|move|p2a: Kingambit|Iron Head|p1a: OU Prince\n|-damage|p1a: OU Prince|13\/100\n|\n|-heal|p1a: OU Prince|19\/100|[from] item: Leftovers\n|upkeep\n|turn|16\n|\n|t:|1700130756\n|move|p2a: Kingambit|Sucker Punch|p1a: OU Prince\n|-resisted|p1a: OU Prince\n|-damage|p1a: OU Prince|0 fnt\n|faint|p1a: OU Prince\n|-end|p1a: OU Prince|Protosynthesis|[silent]\n|\n|upkeep\n|\n|t:|1700130759\n|switch|p1a: THE GAMBIT|Kingambit, F|100\/100\n|-damage|p1a: THE GAMBIT|94\/100|[from] Stealth Rock\n|-activate|p1a: THE GAMBIT|ability: Supreme Overlord\n|-start|p1a: THE GAMBIT|fallen5|[silent]\n|turn|17\n|\n|t:|1700130765\n|move|p2a: Kingambit|Low Kick|p1a: THE GAMBIT\n|-supereffective|p1a: THE GAMBIT\n|-damage|p1a: THE GAMBIT|0 fnt\n|faint|p1a: THE GAMBIT\n|-end|p1a: THE GAMBIT|fallen5|[silent]\n|\n|win|wei1020\n|raw|Redshad's rating: 1401 &rarr; <strong>1381<\/strong><br \/>(-20 for losing)\n|raw|wei1020's rating: 1395 &rarr; <strong>1415<\/strong><br \/>(+20 for winning)\n|c|\u2606Redshad|gg\n|l|\u2606Redshad\n|l|\u2606wei1020\n|j|\u2606wei1020\n|player|p2|wei1020|rosa\n","uploadtime":1700131070,"views":11,"p1id":"redshad","p2id":"wei1020","formatid":"gen9ou","rating":1381,"private":0,"password":""}