{"id":"gen9ou-1989232517","p1":"Kasmir7","p2":"superiax","format":"[Gen 9] OU","log":"|j|\u2606Kasmir7\n|j|\u2606superiax\n|t:|1699826109\n|gametype|singles\n|player|p1|Kasmir7|depotagent|1308\n|player|p2|superiax|whitney|1357\n|teamsize|p1|6\n|teamsize|p2|6\n|gen|9\n|tier|[Gen 9] OU\n|rated|\n|rule|Sleep Clause Mod: Limit one foe put to sleep\n|rule|Species Clause: Limit one of each Pok\u00e9mon\n|rule|OHKO Clause: OHKO moves are banned\n|rule|Evasion Items Clause: Evasion items are banned\n|rule|Evasion Moves Clause: Evasion moves are banned\n|rule|Endless Battle Clause: Forcing endless battles is banned\n|rule|HP Percentage Mod: HP is shown in percentages\n|clearpoke\n|poke|p1|Gholdengo|\n|poke|p1|Ogerpon-Wellspring, F|\n|poke|p1|Kingambit, M|\n|poke|p1|Landorus-Therian, M|\n|poke|p1|Enamorus, F|\n|poke|p1|Iron Treads|\n|poke|p2|Ribombee, F|\n|poke|p2|Ninetales-Alola, F|\n|poke|p2|Kingambit, M|\n|poke|p2|Iron Moth|\n|poke|p2|Gholdengo|\n|poke|p2|Ogerpon-Wellspring, F|\n|teampreview\n|inactive|Battle timer is ON: inactive players will automatically lose when time's up. (requested by superiax)\n|\n|t:|1699826130\n|start\n|switch|p1a: Gholdengo|Gholdengo|100\/100\n|switch|p2a: Mirror Master|Ribombee, F, shiny|100\/100\n|-item|p1a: Gholdengo|Air Balloon\n|turn|1\n|\n|t:|1699826144\n|move|p2a: Mirror Master|Sticky Web|p1a: Gholdengo\n|-sidestart|p1: Kasmir7|move: Sticky Web\n|move|p1a: Gholdengo|Shadow Ball|p2a: Mirror Master\n|-damage|p2a: Mirror Master|38\/100\n|\n|upkeep\n|turn|2\n|\n|t:|1699826156\n|move|p2a: Mirror Master|Moonblast|p1a: Gholdengo\n|-resisted|p1a: Gholdengo\n|-damage|p1a: Gholdengo|79\/100\n|-enditem|p1a: Gholdengo|Air Balloon\n|move|p1a: Gholdengo|Shadow Ball|p2a: Mirror Master\n|-damage|p2a: Mirror Master|0 fnt\n|faint|p2a: Mirror Master\n|\n|upkeep\n|\n|t:|1699826164\n|switch|p2a: Heatwave|Iron Moth, shiny|100\/100\n|turn|3\n|\n|t:|1699826176\n|switch|p1a: Landorus|Landorus-Therian, M|100\/100\n|-ability|p1a: Landorus|Intimidate|boost\n|-unboost|p2a: Heatwave|atk|1\n|move|p2a: Heatwave|Fiery Dance|p1a: Landorus\n|-damage|p1a: Landorus|58\/100\n|\n|-heal|p1a: Landorus|64\/100|[from] item: Leftovers\n|upkeep\n|turn|4\n|\n|t:|1699826189\n|-end|p2a: Heatwave|Quark Drive|[silent]\n|switch|p2a: Captain Cold|Ninetales-Alola, F, shiny|100\/100\n|-weather|Snow|[from] ability: Snow Warning|[of] p2a: Captain Cold\n|move|p1a: Landorus|Stealth Rock|p2a: Captain Cold\n|-sidestart|p2: superiax|move: Stealth Rock\n|\n|-weather|Snow|[upkeep]\n|-heal|p1a: Landorus|70\/100|[from] item: Leftovers\n|upkeep\n|turn|5\n|\n|t:|1699826197\n|switch|p1a: Iron Treads|Iron Treads|100\/100\n|-activate|p1a: Iron Treads|move: Sticky Web\n|-unboost|p1a: Iron Treads|spe|1\n|move|p2a: Captain Cold|Encore||[still]\n|-fail|p2a: Captain Cold\n|\n|-weather|Snow|[upkeep]\n|upkeep\n|turn|6\n|\n|t:|1699826206\n|switch|p2a: Golden Glider|Gholdengo|100\/100\n|-damage|p2a: Golden Glider|94\/100|[from] Stealth Rock\n|move|p1a: Iron Treads|Volt Switch|p2a: Golden Glider\n|-damage|p2a: Golden Glider|83\/100\n|\n|t:|1699826214\n|-end|p1a: Iron Treads|Quark Drive|[silent]\n|switch|p1a: Enamorus|Enamorus, F|100\/100|[from] Volt Switch\n|\n|-weather|Snow|[upkeep]\n|upkeep\n|turn|7\n|inactive|superiax has 120 seconds left.\n|\n|t:|1699826270\n|move|p1a: Enamorus|Earth Power|p2a: Golden Glider\n|-supereffective|p2a: Golden Glider\n|-damage|p2a: Golden Glider|0 fnt\n|faint|p2a: Golden Glider\n|\n|-weather|Snow|[upkeep]\n|upkeep\n|\n|t:|1699826277\n|switch|p2a: Weather Wizard|Ogerpon-Wellspring, F|100\/100\n|-damage|p2a: Weather Wizard|88\/100|[from] Stealth Rock\n|turn|8\n|\n|t:|1699826284\n|switch|p1a: Ogerpon|Ogerpon-Wellspring, F|100\/100\n|-activate|p1a: Ogerpon|move: Sticky Web\n|-unboost|p1a: Ogerpon|spe|1\n|move|p2a: Weather Wizard|Swords Dance|p2a: Weather Wizard\n|-boost|p2a: Weather Wizard|atk|2\n|\n|-weather|none\n|upkeep\n|turn|9\n|\n|t:|1699826292\n|move|p2a: Weather Wizard|Horn Leech|p1a: Ogerpon\n|-damage|p1a: Ogerpon|0 fnt\n|-heal|p2a: Weather Wizard|100\/100|[from] drain|[of] p1a: Ogerpon\n|faint|p1a: Ogerpon\n|\n|upkeep\n|\n|t:|1699826301\n|switch|p1a: Landorus|Landorus-Therian, M|70\/100\n|-ability|p1a: Landorus|Intimidate|boost\n|-unboost|p2a: Weather Wizard|atk|1\n|turn|10\n|\n|t:|1699826312\n|move|p2a: Weather Wizard|Ivy Cudgel|p1a: Landorus\n|-supereffective|p1a: Landorus\n|-damage|p1a: Landorus|0 fnt\n|faint|p1a: Landorus\n|\n|upkeep\n|\n|t:|1699826321\n|switch|p1a: Kingambit|Kingambit, M|100\/100\n|-activate|p1a: Kingambit|move: Sticky Web\n|-unboost|p1a: Kingambit|spe|1\n|-activate|p1a: Kingambit|ability: Supreme Overlord\n|-start|p1a: Kingambit|fallen2|[silent]\n|turn|11\n|\n|t:|1699826336\n|move|p1a: Kingambit|Sucker Punch|p2a: Weather Wizard\n|-damage|p2a: Weather Wizard|36\/100\n|move|p2a: Weather Wizard|Ivy Cudgel|p1a: Kingambit\n|-damage|p1a: Kingambit|31\/100\n|\n|-heal|p1a: Kingambit|37\/100|[from] item: Leftovers\n|upkeep\n|turn|12\n|\n|t:|1699826343\n|move|p2a: Weather Wizard|Substitute|p2a: Weather Wizard\n|-start|p2a: Weather Wizard|Substitute\n|-damage|p2a: Weather Wizard|11\/100\n|move|p1a: Kingambit|Kowtow Cleave|p2a: Weather Wizard\n|-end|p2a: Weather Wizard|Substitute\n|\n|-heal|p1a: Kingambit|44\/100|[from] item: Leftovers\n|upkeep\n|turn|13\n|\n|t:|1699826354\n|switch|p2a: Heatwave|Iron Moth, shiny|100\/100\n|move|p1a: Kingambit|Sucker Punch||[still]\n|-fail|p1a: Kingambit\n|\n|-heal|p1a: Kingambit|50\/100|[from] item: Leftovers\n|upkeep\n|turn|14\n|\n|t:|1699826361\n|move|p1a: Kingambit|Sucker Punch|p2a: Heatwave\n|-damage|p2a: Heatwave|20\/100\n|move|p2a: Heatwave|Fiery Dance|p1a: Kingambit\n|-supereffective|p1a: Kingambit\n|-damage|p1a: Kingambit|0 fnt\n|faint|p1a: Kingambit\n|-end|p1a: Kingambit|fallen2|[silent]\n|\n|upkeep\n|\n|t:|1699826373\n|switch|p1a: Enamorus|Enamorus, F|100\/100\n|turn|15\n|\n|t:|1699826388\n|move|p2a: Heatwave|Sludge Wave|p1a: Enamorus\n|-supereffective|p1a: Enamorus\n|-damage|p1a: Enamorus|0 fnt\n|faint|p1a: Enamorus\n|\n|upkeep\n|\n|t:|1699826404\n|switch|p1a: Gholdengo|Gholdengo|79\/100\n|-activate|p1a: Gholdengo|move: Sticky Web\n|-unboost|p1a: Gholdengo|spe|1\n|turn|16\n|\n|t:|1699826408\n|-terastallize|p1a: Gholdengo|Fairy\n|move|p2a: Heatwave|Fiery Dance|p1a: Gholdengo\n|-damage|p1a: Gholdengo|39\/100\n|-boost|p2a: Heatwave|spa|1\n|move|p1a: Gholdengo|Shadow Ball|p2a: Heatwave\n|-damage|p2a: Heatwave|0 fnt\n|faint|p2a: Heatwave\n|-end|p2a: Heatwave|Quark Drive|[silent]\n|\n|upkeep\n|\n|t:|1699826421\n|switch|p2a: Weather Wizard|Ogerpon-Wellspring, F|11\/100\n|-damage|p2a: Weather Wizard|0 fnt|[from] Stealth Rock\n|faint|p2a: Weather Wizard\n|\n|t:|1699826426\n|switch|p2a: Captain Boomerang|Kingambit, M, shiny|100\/100\n|-damage|p2a: Captain Boomerang|94\/100|[from] Stealth Rock\n|-activate|p2a: Captain Boomerang|ability: Supreme Overlord\n|-start|p2a: Captain Boomerang|fallen4|[silent]\n|turn|17\n|\n|t:|1699826433\n|switch|p1a: Iron Treads|Iron Treads|100\/100\n|-activate|p1a: Iron Treads|move: Sticky Web\n|-unboost|p1a: Iron Treads|spe|1\n|move|p2a: Captain Boomerang|Swords Dance|p2a: Captain Boomerang\n|-boost|p2a: Captain Boomerang|atk|2\n|\n|upkeep\n|turn|18\n|\n|t:|1699826441\n|-terastallize|p2a: Captain Boomerang|Flying\n|move|p1a: Iron Treads|Body Press|p2a: Captain Boomerang\n|-resisted|p2a: Captain Boomerang\n|-crit|p2a: Captain Boomerang\n|-damage|p2a: Captain Boomerang|81\/100\n|move|p2a: Captain Boomerang|Kowtow Cleave|p1a: Iron Treads\n|-damage|p1a: Iron Treads|0 fnt\n|faint|p1a: Iron Treads\n|-end|p1a: Iron Treads|Quark Drive|[silent]\n|\n|upkeep\n|\n|t:|1699826449\n|switch|p1a: Gholdengo|Gholdengo, tera:Fairy|39\/100\n|-activate|p1a: Gholdengo|move: Sticky Web\n|-unboost|p1a: Gholdengo|spe|1\n|turn|19\n|c|\u2606superiax|gg\n|\n|t:|1699826455\n|move|p2a: Captain Boomerang|Iron Head|p1a: Gholdengo\n|-supereffective|p1a: Gholdengo\n|-damage|p1a: Gholdengo|0 fnt\n|faint|p1a: Gholdengo\n|\n|win|superiax\n|raw|Kasmir7's rating: 1308 &rarr; <strong>1291<\/strong><br \/>(-17 for losing)\n|raw|superiax's rating: 1357 &rarr; <strong>1374<\/strong><br \/>(+17 for winning)\n","uploadtime":1699826462,"views":9,"p1id":"kasmir7","p2id":"superiax","formatid":"gen9ou","rating":1291,"private":0,"password":""}