{"id":"gen9ou-1996867693","p1":"Gravi2y","p2":"VTPooks","format":"[Gen 9] OU","log":"|j|\u2606Gravi2y\n|j|\u2606VTPooks\n|t:|1700737766\n|gametype|singles\n|player|p1|Gravi2y|169|\n|player|p2|VTPooks|blue|\n|teamsize|p1|6\n|teamsize|p2|6\n|gen|9\n|tier|[Gen 9] OU\n|rule|Sleep Clause Mod: Limit one foe put to sleep\n|rule|Species Clause: Limit one of each Pok\u00e9mon\n|rule|OHKO Clause: OHKO moves are banned\n|rule|Evasion Items Clause: Evasion items are banned\n|rule|Evasion Moves Clause: Evasion moves are banned\n|rule|Endless Battle Clause: Forcing endless battles is banned\n|rule|HP Percentage Mod: HP is shown in percentages\n|clearpoke\n|poke|p1|Mandibuzz, F|\n|poke|p1|Garganacl, M|\n|poke|p1|Tyranitar, M|\n|poke|p1|Yanmega, M|\n|poke|p1|Zoroark-Hisui, F|\n|poke|p1|Enamorus, F|\n|poke|p2|Ninetales-Alola, F|\n|poke|p2|Landorus-Therian, M|\n|poke|p2|Goodra-Hisui, M|\n|poke|p2|Sandslash-Alola, M|\n|poke|p2|Hoopa|\n|poke|p2|Jirachi|\n|teampreview\n|c|\u2606VTPooks|glhf\n|c|\u2606VTPooks|yoo yanmega i have that guy shiny in pokemon\n|inactive|Battle timer is ON: inactive players will automatically lose when time's up. (requested by VTPooks)\n|c|\u2606Gravi2y|Eyy\n|c|\u2606Gravi2y|glhf\n|inactive|Gravi2y has 270 seconds left.\n|\n|t:|1700737838\n|start\n|switch|p1a: Garganacl|Garganacl, M|100\/100\n|switch|p2a: Jirachi|Jirachi|100\/100\n|turn|1\n|inactive|Gravi2y has 270 seconds left.\n|\n|t:|1700737888\n|move|p2a: Jirachi|Stealth Rock|p1a: Garganacl\n|-sidestart|p1: Gravi2y|move: Stealth Rock\n|move|p1a: Garganacl|Salt Cure|p2a: Jirachi\n|-resisted|p2a: Jirachi\n|-damage|p2a: Jirachi|91\/100\n|-start|p2a: Jirachi|Salt Cure\n|\n|-damage|p2a: Jirachi|66\/100|[from] Salt Cure\n|upkeep\n|turn|2\n|\n|t:|1700737900\n|switch|p2a: Landorus|Landorus-Therian, M|100\/100\n|-ability|p2a: Landorus|Intimidate|boost\n|-unboost|p1a: Garganacl|atk|1\n|switch|p1a: Mandibuzz|Mandibuzz, F|100\/100\n|\n|upkeep\n|turn|3\n|inactive|Gravi2y has 240 seconds left.\n|\n|t:|1700737921\n|move|p2a: Landorus|Stone Edge|p1a: Mandibuzz\n|-supereffective|p1a: Mandibuzz\n|-damage|p1a: Mandibuzz|56\/100\n|move|p1a: Mandibuzz|Toxic|p2a: Landorus|[miss]\n|-miss|p1a: Mandibuzz|p2a: Landorus\n|\n|upkeep\n|turn|4\n|inactive|Gravi2y has 240 seconds left.\n|\n|t:|1700737934\n|switch|p2a: Ninetales|Ninetales-Alola, F|100\/100\n|-weather|Snow|[from] ability: Snow Warning|[of] p2a: Ninetales\n|move|p1a: Mandibuzz|Roost|p1a: Mandibuzz\n|-heal|p1a: Mandibuzz|100\/100\n|-singleturn|p1a: Mandibuzz|move: Roost\n|\n|-weather|Snow|[upkeep]\n|upkeep\n|turn|5\n|inactive|Gravi2y has 240 seconds left.\n|\n|t:|1700737955\n|move|p2a: Ninetales|Blizzard|p1a: Mandibuzz\n|-supereffective|p1a: Mandibuzz\n|-damage|p1a: Mandibuzz|0 fnt\n|faint|p1a: Mandibuzz\n|\n|-weather|Snow|[upkeep]\n|upkeep\n|inactive|Gravi2y has 210 seconds left.\n|\n|t:|1700737993\n|switch|p1a: Yanmega|Yanmega, M|100\/100\n|turn|6\n|\n|t:|1700738005\n|move|p1a: Yanmega|Flamethrower|p2a: Ninetales\n|-supereffective|p2a: Ninetales\n|-damage|p2a: Ninetales|25\/100\n|-status|p2a: Ninetales|brn\n|move|p2a: Ninetales|Blizzard|p1a: Yanmega\n|-damage|p1a: Yanmega|0 fnt\n|replace|p1a: Not Zoroark|Zoroark-Hisui, F, shiny\n|-end|p1a: Not Zoroark|Illusion\n|faint|p1a: Not Zoroark\n|\n|-weather|Snow|[upkeep]\n|-damage|p2a: Ninetales|19\/100 brn|[from] brn\n|upkeep\n|\n|t:|1700738019\n|switch|p1a: Tyranitar|Tyranitar, M|100\/100\n|-damage|p1a: Tyranitar|88\/100|[from] Stealth Rock\n|-weather|Sandstorm|[from] ability: Sand Stream|[of] p1a: Tyranitar\n|turn|7\n|\n|t:|1700738035\n|switch|p2a: Landorus|Landorus-Therian, M|100\/100\n|-ability|p2a: Landorus|Intimidate|boost\n|-unboost|p1a: Tyranitar|atk|1\n|move|p1a: Tyranitar|Stealth Rock|p2a: Landorus\n|-sidestart|p2: VTPooks|move: Stealth Rock\n|\n|-weather|Sandstorm|[upkeep]\n|upkeep\n|turn|8\n|inactive|Gravi2y has 180 seconds left.\n|\n|t:|1700738068\n|switch|p1a: Yanmega|Yanmega, M|100\/100\n|-damage|p1a: Yanmega|51\/100|[from] Stealth Rock\n|move|p2a: Landorus|Brick Break|p1a: Yanmega\n|-resisted|p1a: Yanmega\n|-damage|p1a: Yanmega|42\/100\n|\n|-weather|Sandstorm|[upkeep]\n|-damage|p1a: Yanmega|36\/100|[from] Sandstorm\n|upkeep\n|turn|9\n|inactive|Gravi2y has 180 seconds left.\n|c|\u2606VTPooks|dam the anti ttar tech\n|c|\u2606VTPooks|brick break\n|c|\u2606VTPooks|failed me :(\n|\n|t:|1700738091\n|switch|p2a: Jirachi|Jirachi|66\/100\n|-damage|p2a: Jirachi|60\/100|[from] Stealth Rock\n|-terastallize|p1a: Yanmega|Ice\n|move|p1a: Yanmega|Tera Blast|p2a: Jirachi|[anim] Tera Blast Ice\n|-resisted|p2a: Jirachi\n|-damage|p2a: Jirachi|5\/100\n|\n|-weather|Sandstorm|[upkeep]\n|-damage|p1a: Yanmega|30\/100|[from] Sandstorm\n|upkeep\n|turn|10\n|\n|t:|1700738105\n|move|p2a: Jirachi|Iron Head|p1a: Yanmega\n|-supereffective|p1a: Yanmega\n|-damage|p1a: Yanmega|0 fnt\n|faint|p1a: Yanmega\n|\n|-weather|Sandstorm|[upkeep]\n|upkeep\n|c|\u2606VTPooks|dam tera ice\n|c|\u2606VTPooks|thats a cool idea\n|c|\u2606VTPooks|*sorry*\n|inactive|Gravi2y has 150 seconds left.\n|\n|t:|1700738132\n|switch|p1a: Garganacl|Garganacl, M|100\/100\n|-damage|p1a: Garganacl|88\/100|[from] Stealth Rock\n|turn|11\n|inactive|Gravi2y has 150 seconds left.\n|inactive|Gravi2y has 120 seconds left.\n|\n|t:|1700738174\n|move|p2a: Jirachi|Iron Head|p1a: Garganacl\n|-supereffective|p1a: Garganacl\n|-damage|p1a: Garganacl|34\/100\n|cant|p1a: Garganacl|flinch\n|\n|-weather|Sandstorm|[upkeep]\n|upkeep\n|turn|12\n|\n|t:|1700738182\n|move|p2a: Jirachi|Iron Head|p1a: Garganacl\n|-supereffective|p1a: Garganacl\n|-damage|p1a: Garganacl|0 fnt\n|faint|p1a: Garganacl\n|\n|-weather|Sandstorm|[upkeep]\n|upkeep\n|\n|t:|1700738189\n|switch|p1a: Enamorus|Enamorus, F|100\/100\n|-damage|p1a: Enamorus|76\/100|[from] Stealth Rock\n|turn|13\n|\n|t:|1700738200\n|-terastallize|p2a: Jirachi|Steel\n|move|p2a: Jirachi|Iron Head|p1a: Enamorus\n|-supereffective|p1a: Enamorus\n|-damage|p1a: Enamorus|0 fnt\n|faint|p1a: Enamorus\n|\n|-weather|Sandstorm|[upkeep]\n|upkeep\n|\n|t:|1700738208\n|switch|p1a: Tyranitar|Tyranitar, M|88\/100\n|-damage|p1a: Tyranitar|76\/100|[from] Stealth Rock\n|turn|14\n|\n|t:|1700738214\n|move|p2a: Jirachi|Iron Head|p1a: Tyranitar\n|-supereffective|p1a: Tyranitar\n|-damage|p1a: Tyranitar|0 fnt\n|faint|p1a: Tyranitar\n|\n|win|VTPooks\n|c|\u2606VTPooks|gg\n|c|\u2606VTPooks|ill get replay\n","uploadtime":1700738227,"views":5,"p1id":"gravi2y","p2id":"vtpooks","formatid":"gen9ou","rating":0,"private":0,"password":""}