{"id":"gen9ou-1995916453","p1":"ForFunAndStuff","p2":"Onte bad","format":"[Gen 9] OU","log":"|j|\u2606ForFunAndStuff\n|j|\u2606Onte bad\n|t:|1700617093\n|gametype|singles\n|player|p1|ForFunAndStuff|lady|1147\n|player|p2|Onte bad|169|1241\n|teamsize|p1|6\n|teamsize|p2|6\n|gen|9\n|tier|[Gen 9] OU\n|rated|\n|rule|Sleep Clause Mod: Limit one foe put to sleep\n|rule|Species Clause: Limit one of each Pok\u00e9mon\n|rule|OHKO Clause: OHKO moves are banned\n|rule|Evasion Items Clause: Evasion items are banned\n|rule|Evasion Moves Clause: Evasion moves are banned\n|rule|Endless Battle Clause: Forcing endless battles is banned\n|rule|HP Percentage Mod: HP is shown in percentages\n|clearpoke\n|poke|p1|Dragonite, M|\n|poke|p1|Mandibuzz, F|\n|poke|p1|Crawdaunt, M|\n|poke|p1|Pelipper, M|\n|poke|p1|Great Tusk|\n|poke|p1|Zamazenta-*|\n|poke|p2|Regidrago|\n|poke|p2|Ribombee, F|\n|poke|p2|Scizor, M|\n|poke|p2|Slowking-Galar, M|\n|poke|p2|Breloom, M|\n|poke|p2|Quaquaval, F|\n|teampreview\n|\n|t:|1700617110\n|start\n|switch|p1a: Crawdaunt|Crawdaunt, M|100\/100\n|switch|p2a: Scizor|Scizor, M|100\/100\n|turn|1\n|\n|t:|1700617119\n|move|p1a: Crawdaunt|Knock Off|p2a: Scizor\n|-damage|p2a: Scizor|29\/100\n|-enditem|p2a: Scizor|Choice Band|[from] move: Knock Off|[of] p1a: Crawdaunt\n|move|p2a: Scizor|U-turn|p1a: Crawdaunt\n|-supereffective|p1a: Crawdaunt\n|-enditem|p1a: Crawdaunt|Focus Sash\n|-damage|p1a: Crawdaunt|1\/100\n|\n|t:|1700617132\n|switch|p2a: Breloom|Breloom, M|100\/100|[from] U-turn\n|\n|upkeep\n|turn|2\n|\n|t:|1700617142\n|switch|p1a: Mandibuzz|Mandibuzz, F|100\/100\n|move|p2a: Breloom|Mach Punch|p1a: Mandibuzz\n|-damage|p1a: Mandibuzz|81\/100\n|-damage|p2a: Breloom|84\/100|[from] item: Rocky Helmet|[of] p1a: Mandibuzz\n|\n|upkeep\n|turn|3\n|\n|t:|1700617151\n|move|p2a: Breloom|Rock Tomb|p1a: Mandibuzz\n|-supereffective|p1a: Mandibuzz\n|-damage|p1a: Mandibuzz|48\/100\n|-unboost|p1a: Mandibuzz|spe|1\n|move|p1a: Mandibuzz|Knock Off|p2a: Breloom\n|-resisted|p2a: Breloom\n|-damage|p2a: Breloom|65\/100\n|-enditem|p2a: Breloom|Focus Sash|[from] move: Knock Off|[of] p1a: Mandibuzz\n|\n|upkeep\n|turn|4\n|\n|t:|1700617161\n|move|p2a: Breloom|Swords Dance|p2a: Breloom\n|-boost|p2a: Breloom|atk|2\n|move|p1a: Mandibuzz|Roost|p1a: Mandibuzz\n|-heal|p1a: Mandibuzz|99\/100\n|-singleturn|p1a: Mandibuzz|move: Roost\n|\n|upkeep\n|turn|5\n|\n|t:|1700617167\n|move|p2a: Breloom|Rock Tomb|p1a: Mandibuzz\n|-supereffective|p1a: Mandibuzz\n|-damage|p1a: Mandibuzz|27\/100\n|-unboost|p1a: Mandibuzz|spe|1\n|move|p1a: Mandibuzz|Foul Play|p2a: Breloom\n|-resisted|p2a: Breloom\n|-damage|p2a: Breloom|0 fnt\n|faint|p2a: Breloom\n|\n|upkeep\n|\n|t:|1700617173\n|switch|p2a: Ribombee|Ribombee, F|100\/100\n|turn|6\n|\n|t:|1700617184\n|move|p2a: Ribombee|Moonblast|p1a: Mandibuzz\n|-supereffective|p1a: Mandibuzz\n|-damage|p1a: Mandibuzz|0 fnt\n|faint|p1a: Mandibuzz\n|\n|upkeep\n|\n|t:|1700617192\n|switch|p1a: Crawdaunt|Crawdaunt, M|1\/100\n|turn|7\n|\n|t:|1700617195\n|move|p1a: Crawdaunt|Aqua Jet|p2a: Ribombee\n|-damage|p2a: Ribombee|45\/100\n|move|p2a: Ribombee|Energy Ball|p1a: Crawdaunt\n|-supereffective|p1a: Crawdaunt\n|-damage|p1a: Crawdaunt|0 fnt\n|faint|p1a: Crawdaunt\n|\n|upkeep\n|\n|t:|1700617203\n|switch|p1a: Dragonite|Dragonite, M, shiny|100\/100\n|turn|8\n|\n|t:|1700617206\n|move|p1a: Dragonite|Extreme Speed|p2a: Ribombee\n|-damage|p2a: Ribombee|0 fnt\n|faint|p2a: Ribombee\n|\n|upkeep\n|\n|t:|1700617211\n|switch|p2a: Quaquaval|Quaquaval, F|100\/100\n|turn|9\n|\n|t:|1700617222\n|switch|p1a: Zamazenta|Zamazenta, shiny|100\/100\n|-ability|p1a: Zamazenta|Dauntless Shield|boost\n|-boost|p1a: Zamazenta|def|1\n|move|p2a: Quaquaval|Rapid Spin|p1a: Zamazenta\n|-damage|p1a: Zamazenta|91\/100\n|-boost|p2a: Quaquaval|spe|1\n|\n|-heal|p1a: Zamazenta|98\/100|[from] item: Leftovers\n|upkeep\n|turn|10\n|\n|t:|1700617233\n|switch|p2a: Slowking|Slowking-Galar, M|100\/100\n|move|p1a: Zamazenta|Iron Defense|p1a: Zamazenta\n|-boost|p1a: Zamazenta|def|2\n|\n|-heal|p1a: Zamazenta|100\/100|[from] item: Leftovers\n|upkeep\n|turn|11\n|\n|t:|1700617239\n|move|p1a: Zamazenta|Substitute|p1a: Zamazenta\n|-start|p1a: Zamazenta|Substitute\n|-damage|p1a: Zamazenta|75\/100\n|move|p2a: Slowking|Future Sight|p1a: Zamazenta\n|-start|p2a: Slowking|move: Future Sight\n|\n|-heal|p1a: Zamazenta|82\/100|[from] item: Leftovers\n|upkeep\n|turn|12\n|\n|t:|1700617246\n|move|p1a: Zamazenta|Crunch|p2a: Slowking\n|-supereffective|p2a: Slowking\n|-damage|p2a: Slowking|53\/100\n|move|p2a: Slowking|Sludge Bomb|p1a: Zamazenta\n|-end|p1a: Zamazenta|Substitute\n|\n|-heal|p1a: Zamazenta|88\/100|[from] item: Leftovers\n|upkeep\n|turn|13\n|\n|t:|1700617257\n|move|p1a: Zamazenta|Substitute|p1a: Zamazenta\n|-start|p1a: Zamazenta|Substitute\n|-damage|p1a: Zamazenta|63\/100\n|move|p2a: Slowking|Sludge Bomb|p1a: Zamazenta\n|-end|p1a: Zamazenta|Substitute\n|\n|-end|p1a: Zamazenta|move: Future Sight\n|-supereffective|p1a: Zamazenta\n|-damage|p1a: Zamazenta|0 fnt\n|faint|p1a: Zamazenta\n|upkeep\n|\n|t:|1700617268\n|switch|p1a: Dragonite|Dragonite, M, shiny|100\/100\n|turn|14\n|\n|t:|1700617283\n|move|p1a: Dragonite|Dragon Dance|p1a: Dragonite\n|-boost|p1a: Dragonite|atk|1\n|-boost|p1a: Dragonite|spe|1\n|move|p2a: Slowking|Ice Beam|p1a: Dragonite\n|-supereffective|p1a: Dragonite\n|-damage|p1a: Dragonite|40\/100\n|\n|upkeep\n|turn|15\n|\n|t:|1700617300\n|switch|p2a: Quaquaval|Quaquaval, F|100\/100\n|move|p1a: Dragonite|Earthquake|p2a: Quaquaval\n|-crit|p2a: Quaquaval\n|-damage|p2a: Quaquaval|0 fnt\n|faint|p2a: Quaquaval\n|\n|upkeep\n|\n|t:|1700617302\n|switch|p2a: Scizor|Scizor, M|29\/100\n|turn|16\n|\n|t:|1700617311\n|-terastallize|p2a: Scizor|Steel\n|move|p1a: Dragonite|Extreme Speed|p2a: Scizor\n|-resisted|p2a: Scizor\n|-damage|p2a: Scizor|6\/100\n|move|p2a: Scizor|Bullet Punch|p1a: Dragonite\n|-damage|p1a: Dragonite|0 fnt\n|faint|p1a: Dragonite\n|\n|upkeep\n|\n|t:|1700617320\n|switch|p1a: Great Tusk|Great Tusk|100\/100\n|turn|17\n|\n|t:|1700617328\n|move|p2a: Scizor|Bullet Punch|p1a: Great Tusk\n|-damage|p1a: Great Tusk|65\/100\n|move|p1a: Great Tusk|Headlong Rush|p2a: Scizor\n|-supereffective|p2a: Scizor\n|-damage|p2a: Scizor|0 fnt\n|-unboost|p1a: Great Tusk|def|1\n|-unboost|p1a: Great Tusk|spd|1\n|faint|p2a: Scizor\n|\n|upkeep\n|\n|t:|1700617331\n|switch|p2a: Regidrago|Regidrago|100\/100\n|turn|18\n|\n|t:|1700617339\n|move|p1a: Great Tusk|Knock Off|p2a: Regidrago\n|-damage|p2a: Regidrago|64\/100\n|-enditem|p2a: Regidrago|Choice Specs|[from] move: Knock Off|[of] p1a: Great Tusk\n|move|p2a: Regidrago|Draco Meteor|p1a: Great Tusk\n|-damage|p1a: Great Tusk|0 fnt\n|-unboost|p2a: Regidrago|spa|2\n|faint|p1a: Great Tusk\n|-end|p1a: Great Tusk|Protosynthesis|[silent]\n|\n|upkeep\n|\n|t:|1700617347\n|switch|p1a: Pelipper|Pelipper, M, shiny|100\/100\n|-weather|RainDance|[from] ability: Drizzle|[of] p1a: Pelipper\n|turn|19\n|\n|t:|1700617356\n|switch|p2a: Slowking|Slowking-Galar, M|87\/100\n|move|p1a: Pelipper|Ice Beam|p2a: Slowking\n|-damage|p2a: Slowking|72\/100\n|\n|-weather|RainDance|[upkeep]\n|upkeep\n|turn|20\n|\n|t:|1700617367\n|move|p1a: Pelipper|Hydro Pump|p2a: Slowking|[miss]\n|-miss|p1a: Pelipper|p2a: Slowking\n|move|p2a: Slowking|Future Sight|p1a: Pelipper\n|-start|p2a: Slowking|move: Future Sight\n|\n|-weather|RainDance|[upkeep]\n|upkeep\n|turn|21\n|\n|t:|1700617372\n|switch|p2a: Regidrago|Regidrago|64\/100\n|move|p1a: Pelipper|Hydro Pump|p2a: Regidrago|[miss]\n|-miss|p1a: Pelipper|p2a: Regidrago\n|\n|-weather|RainDance|[upkeep]\n|upkeep\n|turn|22\n|\n|t:|1700617378\n|move|p2a: Regidrago|Draco Meteor|p1a: Pelipper\n|-damage|p1a: Pelipper|0 fnt\n|-unboost|p2a: Regidrago|spa|2\n|faint|p1a: Pelipper\n|\n|win|Onte bad\n|raw|ForFunAndStuff's rating: 1147 &rarr; <strong>1129<\/strong><br \/>(-18 for losing)\n|raw|Onte bad's rating: 1241 &rarr; <strong>1259<\/strong><br \/>(+18 for winning)\n|c|\u2606Onte bad|ggs\n","uploadtime":1700617383,"views":2,"p1id":"forfunandstuff","p2id":"ontebad","formatid":"gen9ou","rating":1129,"private":0,"password":""}