{"id":"gen9ou-1988957140","p1":"superiax","p2":"Gsmhu","format":"[Gen 9] OU","log":"|j|\u2606superiax\n|j|\u2606Gsmhu\n|t:|1699794369\n|gametype|singles\n|player|p1|superiax|whitney|1371\n|player|p2|Gsmhu|preschooler|1377\n|teamsize|p1|6\n|teamsize|p2|6\n|gen|9\n|tier|[Gen 9] OU\n|rated|\n|rule|Sleep Clause Mod: Limit one foe put to sleep\n|rule|Species Clause: Limit one of each Pok\u00e9mon\n|rule|OHKO Clause: OHKO moves are banned\n|rule|Evasion Items Clause: Evasion items are banned\n|rule|Evasion Moves Clause: Evasion moves are banned\n|rule|Endless Battle Clause: Forcing endless battles is banned\n|rule|HP Percentage Mod: HP is shown in percentages\n|clearpoke\n|poke|p1|Ribombee, F|\n|poke|p1|Ninetales-Alola, F|\n|poke|p1|Kingambit, M|\n|poke|p1|Iron Moth|\n|poke|p1|Gholdengo|\n|poke|p1|Ogerpon-Wellspring, F|\n|poke|p2|Ambipom, M|\n|poke|p2|Hydreigon, M|\n|poke|p2|Samurott-Hisui, M|\n|poke|p2|Clefable, M|\n|poke|p2|Ogerpon-Cornerstone, F|\n|poke|p2|Iron Valiant|\n|teampreview\n|inactive|Battle timer is ON: inactive players will automatically lose when time's up. (requested by superiax)\n|\n|t:|1699794387\n|start\n|switch|p1a: Mirror Master|Ribombee, F, shiny|100\/100\n|switch|p2a: Ambipom|Ambipom, M|100\/100\n|turn|1\n|\n|t:|1699794392\n|move|p2a: Ambipom|Fake Out|p1a: Mirror Master\n|-damage|p1a: Mirror Master|37\/100\n|move|p1a: Mirror Master|Stun Spore|p2a: Ambipom\n|-status|p2a: Ambipom|par\n|\n|upkeep\n|turn|2\n|\n|t:|1699794400\n|move|p1a: Mirror Master|Sticky Web|p2a: Ambipom\n|-sidestart|p2: Gsmhu|move: Sticky Web\n|move|p2a: Ambipom|Taunt|p1a: Mirror Master\n|-start|p1a: Mirror Master|move: Taunt\n|\n|upkeep\n|turn|3\n|\n|t:|1699794405\n|move|p1a: Mirror Master|Moonblast|p2a: Ambipom\n|-damage|p2a: Ambipom|35\/100 par\n|move|p2a: Ambipom|U-turn|p1a: Mirror Master\n|-resisted|p1a: Mirror Master\n|-damage|p1a: Mirror Master|17\/100\n|\n|t:|1699794416\n|switch|p2a: Clefable|Clefable, M|100\/100|[from] U-turn\n|-activate|p2a: Clefable|move: Sticky Web\n|-unboost|p2a: Clefable|spe|1\n|\n|upkeep\n|turn|4\n|\n|t:|1699794426\n|move|p1a: Mirror Master|Psychic|p2a: Clefable\n|-damage|p2a: Clefable|76\/100\n|move|p2a: Clefable|Moonblast|p1a: Mirror Master\n|-damage|p1a: Mirror Master|0 fnt\n|faint|p1a: Mirror Master\n|\n|-heal|p2a: Clefable|82\/100|[from] item: Leftovers\n|upkeep\n|\n|t:|1699794435\n|switch|p1a: Captain Boomerang|Kingambit, M, shiny|100\/100\n|-activate|p1a: Captain Boomerang|ability: Supreme Overlord\n|-start|p1a: Captain Boomerang|fallen1|[silent]\n|turn|5\n|\n|t:|1699794452\n|-terastallize|p2a: Clefable|Steel\n|move|p1a: Captain Boomerang|Swords Dance|p1a: Captain Boomerang\n|-boost|p1a: Captain Boomerang|atk|2\n|move|p2a: Clefable|Calm Mind|p2a: Clefable\n|-boost|p2a: Clefable|spa|1\n|-boost|p2a: Clefable|spd|1\n|\n|-heal|p2a: Clefable|89\/100|[from] item: Leftovers\n|upkeep\n|turn|6\n|\n|t:|1699794460\n|move|p1a: Captain Boomerang|Kowtow Cleave|p2a: Clefable\n|-damage|p2a: Clefable|44\/100\n|move|p2a: Clefable|Moonblast|p1a: Captain Boomerang\n|-damage|p1a: Captain Boomerang|50\/100\n|\n|-heal|p2a: Clefable|50\/100|[from] item: Leftovers\n|upkeep\n|turn|7\n|\n|t:|1699794468\n|move|p1a: Captain Boomerang|Kowtow Cleave|p2a: Clefable\n|-damage|p2a: Clefable|6\/100\n|move|p2a: Clefable|Rest|p2a: Clefable\n|-status|p2a: Clefable|slp|[from] move: Rest\n|-heal|p2a: Clefable|100\/100 slp|[silent]\n|\n|upkeep\n|turn|8\n|\n|t:|1699794475\n|move|p1a: Captain Boomerang|Swords Dance|p1a: Captain Boomerang\n|-boost|p1a: Captain Boomerang|atk|2\n|cant|p2a: Clefable|slp\n|move|p2a: Clefable|Sleep Talk|p2a: Clefable\n|move|p2a: Clefable|Calm Mind|p2a: Clefable|[from]move: Sleep Talk\n|-boost|p2a: Clefable|spa|1\n|-boost|p2a: Clefable|spd|1\n|\n|upkeep\n|turn|9\n|\n|t:|1699794483\n|move|p1a: Captain Boomerang|Kowtow Cleave|p2a: Clefable\n|-damage|p2a: Clefable|61\/100 slp\n|cant|p2a: Clefable|slp\n|move|p2a: Clefable|Sleep Talk|p2a: Clefable\n|move|p2a: Clefable|Rest||[from]move: Sleep Talk|[still]\n|-fail|p2a: Clefable\n|\n|-heal|p2a: Clefable|67\/100 slp|[from] item: Leftovers\n|upkeep\n|turn|10\n|\n|t:|1699794497\n|move|p1a: Captain Boomerang|Kowtow Cleave|p2a: Clefable\n|-damage|p2a: Clefable|25\/100 slp\n|-curestatus|p2a: Clefable|slp|[msg]\n|move|p2a: Clefable|Rest|p2a: Clefable\n|-status|p2a: Clefable|slp|[from] move: Rest\n|-heal|p2a: Clefable|100\/100 slp|[silent]\n|\n|upkeep\n|turn|11\n|\n|t:|1699794506\n|-end|p1a: Captain Boomerang|fallen1|[silent]\n|switch|p1a: Heatwave|Iron Moth, shiny|100\/100\n|cant|p2a: Clefable|slp\n|move|p2a: Clefable|Sleep Talk|p2a: Clefable\n|move|p2a: Clefable|Moonblast|p1a: Heatwave|[from]move: Sleep Talk\n|-resisted|p1a: Heatwave\n|-damage|p1a: Heatwave|86\/100\n|\n|upkeep\n|turn|12\n|\n|t:|1699794515\n|move|p1a: Heatwave|Fiery Dance|p2a: Clefable\n|-supereffective|p2a: Clefable\n|-damage|p2a: Clefable|58\/100 slp\n|-boost|p1a: Heatwave|spa|1\n|cant|p2a: Clefable|slp\n|move|p2a: Clefable|Sleep Talk|p2a: Clefable\n|move|p2a: Clefable|Rest||[from]move: Sleep Talk|[still]\n|-fail|p2a: Clefable\n|\n|-heal|p2a: Clefable|64\/100 slp|[from] item: Leftovers\n|upkeep\n|turn|13\n|\n|t:|1699794525\n|move|p1a: Heatwave|Fiery Dance|p2a: Clefable\n|-supereffective|p2a: Clefable\n|-damage|p2a: Clefable|21\/100 slp\n|-curestatus|p2a: Clefable|slp|[msg]\n|move|p2a: Clefable|Calm Mind|p2a: Clefable\n|-boost|p2a: Clefable|spa|1\n|-boost|p2a: Clefable|spd|1\n|\n|-heal|p2a: Clefable|27\/100|[from] item: Leftovers\n|upkeep\n|turn|14\n|\n|t:|1699794533\n|move|p1a: Heatwave|Fiery Dance|p2a: Clefable\n|-supereffective|p2a: Clefable\n|-damage|p2a: Clefable|0 fnt\n|faint|p2a: Clefable\n|\n|upkeep\n|-message|Gsmhu forfeited.\n|\n|win|superiax\n|raw|superiax's rating: 1371 &rarr; <strong>1391<\/strong><br \/>(+20 for winning)\n|raw|Gsmhu's rating: 1377 &rarr; <strong>1357<\/strong><br \/>(-20 for losing)\n|l|\u2606Gsmhu\n","uploadtime":1699794543,"views":8,"p1id":"superiax","p2id":"gsmhu","formatid":"gen9ou","rating":1357,"private":0,"password":""}