{"id":"gen9ou-1988638443","p1":"OathToOblivion","p2":"RaigatheWeeb","format":"[Gen 9] OU","log":"|j|\u2606OathToOblivion\n|j|\u2606RaigatheWeeb\n|t:|1699744878\n|gametype|singles\n|player|p1|OathToOblivion|ingo|1278\n|player|p2|RaigatheWeeb|hilda-masters3|1256\n|teamsize|p1|6\n|teamsize|p2|6\n|gen|9\n|tier|[Gen 9] OU\n|rated|\n|rule|Sleep Clause Mod: Limit one foe put to sleep\n|rule|Species Clause: Limit one of each Pok\u00e9mon\n|rule|OHKO Clause: OHKO moves are banned\n|rule|Evasion Items Clause: Evasion items are banned\n|rule|Evasion Moves Clause: Evasion moves are banned\n|rule|Endless Battle Clause: Forcing endless battles is banned\n|rule|HP Percentage Mod: HP is shown in percentages\n|clearpoke\n|poke|p1|Torkoal, F|\n|poke|p1|Walking Wake|\n|poke|p1|Great Tusk|\n|poke|p1|Ribombee, F|\n|poke|p1|Iron Valiant|\n|poke|p1|Kingambit, F|\n|poke|p2|Basculegion-F, F|\n|poke|p2|Pelipper, M|\n|poke|p2|Ogerpon-Wellspring, F|\n|poke|p2|Kingambit, M|\n|poke|p2|Espeon, M|\n|poke|p2|Manaphy|\n|teampreview\n|c|\u2606RaigatheWeeb|Gl\n|\n|t:|1699744884\n|start\n|switch|p1a: Ribombee|Ribombee, F|100\/100\n|switch|p2a: Pelipper|Pelipper, M|100\/100\n|-weather|RainDance|[from] ability: Drizzle|[of] p2a: Pelipper\n|turn|1\n|\n|t:|1699744896\n|switch|p2a: Espeon|Espeon, M|100\/100\n|move|p1a: Ribombee|Sticky Web|p2a: Espeon\n|move|p2a: Espeon|Sticky Web|p1a: Ribombee|[from]ability: Magic Bounce\n|-sidestart|p1: OathToOblivion|move: Sticky Web\n|\n|-weather|RainDance|[upkeep]\n|upkeep\n|turn|2\n|c|\u2606OathToOblivion|gl\n|\n|t:|1699744914\n|move|p1a: Ribombee|Moonblast|p2a: Espeon\n|-damage|p2a: Espeon|50\/100\n|move|p2a: Espeon|Weather Ball|p1a: Ribombee\n|-enditem|p1a: Ribombee|Focus Sash\n|-damage|p1a: Ribombee|1\/100\n|-damage|p2a: Espeon|40\/100|[from] item: Life Orb\n|\n|-weather|RainDance|[upkeep]\n|upkeep\n|turn|3\n|\n|t:|1699744925\n|switch|p2a: Basculegion|Basculegion-F, F|100\/100\n|move|p1a: Ribombee|Moonblast|p2a: Basculegion\n|-damage|p2a: Basculegion|57\/100\n|-unboost|p2a: Basculegion|spa|1\n|\n|-weather|RainDance|[upkeep]\n|upkeep\n|turn|4\n|\n|t:|1699744945\n|switch|p1a: Walking Wake|Walking Wake|100\/100\n|-activate|p1a: Walking Wake|move: Sticky Web\n|-unboost|p1a: Walking Wake|spe|1\n|move|p2a: Basculegion|Aqua Jet|p1a: Walking Wake\n|-resisted|p1a: Walking Wake\n|-damage|p1a: Walking Wake|94\/100\n|-damage|p2a: Basculegion|47\/100|[from] item: Life Orb\n|\n|-weather|RainDance|[upkeep]\n|upkeep\n|turn|5\n|\n|t:|1699744961\n|switch|p2a: Manaphy|Manaphy|100\/100\n|move|p1a: Walking Wake|Hydro Steam|p2a: Manaphy\n|-resisted|p2a: Manaphy\n|-damage|p2a: Manaphy|64\/100\n|\n|-weather|RainDance|[upkeep]\n|-heal|p2a: Manaphy|71\/100|[from] item: Leftovers\n|upkeep\n|turn|6\n|\n|t:|1699744970\n|-end|p1a: Walking Wake|Protosynthesis|[silent]\n|switch|p1a: Torkoal|Torkoal, F|100\/100\n|-activate|p1a: Torkoal|move: Sticky Web\n|-unboost|p1a: Torkoal|spe|1\n|-weather|SunnyDay|[from] ability: Drought|[of] p1a: Torkoal\n|move|p2a: Manaphy|Take Heart|p2a: Manaphy\n|-boost|p2a: Manaphy|spa|1\n|-boost|p2a: Manaphy|spd|1\n|\n|-weather|SunnyDay|[upkeep]\n|-heal|p2a: Manaphy|77\/100|[from] item: Leftovers\n|upkeep\n|turn|7\n|\n|t:|1699744981\n|switch|p2a: Espeon|Espeon, M|40\/100\n|move|p1a: Torkoal|Yawn|p2a: Espeon\n|move|p2a: Espeon|Yawn|p1a: Torkoal|[from]ability: Magic Bounce\n|-start|p1a: Torkoal|move: Yawn|[of] p2a: Espeon\n|\n|-weather|SunnyDay|[upkeep]\n|upkeep\n|turn|8\n|\n|t:|1699744993\n|switch|p1a: Ribombee|Ribombee, F|1\/100\n|-activate|p1a: Ribombee|move: Sticky Web\n|-unboost|p1a: Ribombee|spe|1\n|move|p2a: Espeon|Psychic|p1a: Ribombee\n|-damage|p1a: Ribombee|0 fnt\n|faint|p1a: Ribombee\n|-damage|p2a: Espeon|30\/100|[from] item: Life Orb\n|\n|-weather|SunnyDay|[upkeep]\n|upkeep\n|\n|t:|1699745008\n|switch|p1a: Great Tusk|Great Tusk|100\/100\n|-activate|p1a: Great Tusk|move: Sticky Web\n|-unboost|p1a: Great Tusk|spe|1\n|-activate|p1a: Great Tusk|ability: Protosynthesis\n|-start|p1a: Great Tusk|protosynthesisatk\n|turn|9\n|\n|t:|1699745015\n|move|p2a: Espeon|Psychic|p1a: Great Tusk\n|-supereffective|p1a: Great Tusk\n|-damage|p1a: Great Tusk|4\/100\n|-unboost|p1a: Great Tusk|spd|1\n|-damage|p2a: Espeon|20\/100|[from] item: Life Orb\n|move|p1a: Great Tusk|Rapid Spin|p2a: Espeon\n|-damage|p2a: Espeon|0 fnt\n|-boost|p1a: Great Tusk|spe|1\n|-sideend|p1: OathToOblivion|Sticky Web|[from] move: Rapid Spin|[of] p1a: Great Tusk\n|faint|p2a: Espeon\n|\n|-weather|SunnyDay|[upkeep]\n|upkeep\n|\n|t:|1699745026\n|switch|p2a: Pelipper|Pelipper, M|100\/100\n|-weather|RainDance|[from] ability: Drizzle|[of] p2a: Pelipper\n|-end|p1a: Great Tusk|Protosynthesis\n|turn|10\n|\n|t:|1699745034\n|-end|p1a: Great Tusk|Protosynthesis|[silent]\n|switch|p1a: Walking Wake|Walking Wake|94\/100\n|move|p2a: Pelipper|U-turn|p1a: Walking Wake\n|-damage|p1a: Walking Wake|85\/100\n|\n|t:|1699745038\n|switch|p2a: Manaphy|Manaphy|77\/100|[from] U-turn\n|\n|-weather|RainDance|[upkeep]\n|-heal|p2a: Manaphy|83\/100|[from] item: Leftovers\n|upkeep\n|turn|11\n|\n|t:|1699745043\n|move|p1a: Walking Wake|Draco Meteor|p2a: Manaphy\n|-damage|p2a: Manaphy|7\/100\n|-unboost|p1a: Walking Wake|spa|2\n|move|p2a: Manaphy|Take Heart|p2a: Manaphy\n|-boost|p2a: Manaphy|spa|1\n|-boost|p2a: Manaphy|spd|1\n|\n|-weather|RainDance|[upkeep]\n|-heal|p2a: Manaphy|13\/100|[from] item: Leftovers\n|upkeep\n|turn|12\n|\n|t:|1699745052\n|move|p1a: Walking Wake|Draco Meteor|p2a: Manaphy\n|-damage|p2a: Manaphy|0 fnt\n|-unboost|p1a: Walking Wake|spa|2\n|faint|p2a: Manaphy\n|\n|-weather|RainDance|[upkeep]\n|upkeep\n|\n|t:|1699745055\n|switch|p2a: Ogerpon|Ogerpon-Wellspring, F|100\/100\n|turn|13\n|\n|t:|1699745072\n|-end|p1a: Walking Wake|Protosynthesis|[silent]\n|switch|p1a: Great Tusk|Great Tusk|4\/100\n|-terastallize|p2a: Ogerpon|Water\n|detailschange|p2a: Ogerpon|Ogerpon-Wellspring-Tera, F, tera:Water\n|-ability|p2a: Ogerpon|Embody Aspect (Wellspring)|boost\n|-boost|p2a: Ogerpon|spd|1\n|move|p2a: Ogerpon|Swords Dance|p2a: Ogerpon\n|-boost|p2a: Ogerpon|atk|2\n|\n|-weather|RainDance|[upkeep]\n|upkeep\n|turn|14\n|l|\u2606RaigatheWeeb\n|player|p2|\n|j|\u2606RaigatheWeeb\n|player|p2|RaigatheWeeb|hilda-masters3\n|\n|t:|1699745127\n|move|p2a: Ogerpon|Trailblaze|p1a: Great Tusk\n|-supereffective|p1a: Great Tusk\n|-damage|p1a: Great Tusk|0 fnt\n|-boost|p2a: Ogerpon|spe|1\n|faint|p1a: Great Tusk\n|-end|p1a: Great Tusk|Protosynthesis|[silent]\n|\n|-weather|RainDance|[upkeep]\n|upkeep\n|\n|t:|1699745151\n|switch|p1a: Torkoal|Torkoal, F|100\/100\n|-weather|SunnyDay|[from] ability: Drought|[of] p1a: Torkoal\n|turn|15\n|\n|t:|1699745156\n|move|p2a: Ogerpon|Ivy Cudgel|p1a: Torkoal\n|-supereffective|p1a: Torkoal\n|-damage|p1a: Torkoal|7\/100\n|move|p1a: Torkoal|Yawn|p2a: Ogerpon\n|-start|p2a: Ogerpon|move: Yawn|[of] p1a: Torkoal\n|\n|-weather|SunnyDay|[upkeep]\n|upkeep\n|turn|16\n|\n|t:|1699745169\n|move|p2a: Ogerpon|Knock Off|p1a: Torkoal\n|-damage|p1a: Torkoal|0 fnt\n|-enditem|p1a: Torkoal|Heat Rock|[from] move: Knock Off|[of] p2a: Ogerpon\n|faint|p1a: Torkoal\n|\n|-weather|SunnyDay|[upkeep]\n|-end|p2a: Ogerpon|move: Yawn|[silent]\n|-status|p2a: Ogerpon|slp\n|upkeep\n|\n|t:|1699745177\n|switch|p1a: Walking Wake|Walking Wake|85\/100\n|-activate|p1a: Walking Wake|ability: Protosynthesis\n|-start|p1a: Walking Wake|protosynthesisspa\n|turn|17\n|\n|t:|1699745182\n|cant|p2a: Ogerpon|slp\n|move|p1a: Walking Wake|Draco Meteor|p2a: Ogerpon\n|-damage|p2a: Ogerpon|4\/100 slp\n|-unboost|p1a: Walking Wake|spa|2\n|\n|-weather|SunnyDay|[upkeep]\n|upkeep\n|turn|18\n|\n|t:|1699745189\n|cant|p2a: Ogerpon|slp\n|move|p1a: Walking Wake|Draco Meteor|p2a: Ogerpon\n|-damage|p2a: Ogerpon|0 fnt\n|-unboost|p1a: Walking Wake|spa|2\n|faint|p2a: Ogerpon\n|\n|-weather|SunnyDay|[upkeep]\n|upkeep\n|\n|t:|1699745192\n|switch|p2a: Pelipper|Pelipper, M|100\/100\n|-weather|RainDance|[from] ability: Drizzle|[of] p2a: Pelipper\n|-end|p1a: Walking Wake|Protosynthesis\n|turn|19\n|\n|t:|1699745202\n|-end|p1a: Walking Wake|Protosynthesis|[silent]\n|switch|p1a: Iron Valiant|Iron Valiant|100\/100\n|-enditem|p1a: Iron Valiant|Booster Energy\n|-activate|p1a: Iron Valiant|ability: Quark Drive|[fromitem]\n|-start|p1a: Iron Valiant|quarkdrivespe\n|move|p2a: Pelipper|Hurricane|p1a: Iron Valiant\n|-supereffective|p1a: Iron Valiant\n|-damage|p1a: Iron Valiant|0 fnt\n|faint|p1a: Iron Valiant\n|-end|p1a: Iron Valiant|Quark Drive|[silent]\n|\n|-weather|RainDance|[upkeep]\n|upkeep\n|\n|t:|1699745211\n|switch|p1a: Walking Wake|Walking Wake|85\/100\n|turn|20\n|\n|t:|1699745219\n|move|p1a: Walking Wake|Dragon Pulse|p2a: Pelipper\n|-damage|p2a: Pelipper|9\/100\n|move|p2a: Pelipper|Hurricane|p1a: Walking Wake\n|-damage|p1a: Walking Wake|31\/100\n|-start|p1a: Walking Wake|confusion\n|\n|-weather|RainDance|[upkeep]\n|upkeep\n|turn|21\n|\n|t:|1699745226\n|-activate|p1a: Walking Wake|confusion\n|move|p1a: Walking Wake|Dragon Pulse|p2a: Pelipper\n|-damage|p2a: Pelipper|0 fnt\n|faint|p2a: Pelipper\n|\n|-weather|RainDance|[upkeep]\n|upkeep\n|\n|t:|1699745229\n|switch|p2a: Basculegion|Basculegion-F, F|47\/100\n|turn|22\n|\n|t:|1699745232\n|move|p2a: Basculegion|Ice Beam|p1a: Walking Wake\n|-damage|p1a: Walking Wake|0 fnt\n|faint|p1a: Walking Wake\n|-end|p1a: Walking Wake|Protosynthesis|[silent]\n|-damage|p2a: Basculegion|37\/100|[from] item: Life Orb\n|\n|-weather|RainDance|[upkeep]\n|upkeep\n|\n|t:|1699745238\n|switch|p1a: Kingambit|Kingambit, F|100\/100\n|-activate|p1a: Kingambit|ability: Supreme Overlord\n|-start|p1a: Kingambit|fallen5|[silent]\n|turn|23\n|l|\u2606RaigatheWeeb\n|player|p2|\n|j|\u2606RaigatheWeeb\n|player|p2|RaigatheWeeb|hilda-masters3\n|\n|t:|1699745295\n|move|p1a: Kingambit|Sucker Punch|p2a: Basculegion\n|-supereffective|p2a: Basculegion\n|-damage|p2a: Basculegion|0 fnt\n|faint|p2a: Basculegion\n|\n|-weather|RainDance|[upkeep]\n|upkeep\n|\n|t:|1699745298\n|switch|p2a: Kingambit|Kingambit, M|100\/100\n|-activate|p2a: Kingambit|ability: Supreme Overlord\n|-start|p2a: Kingambit|fallen5|[silent]\n|turn|24\n|\n|t:|1699745303\n|move|p2a: Kingambit|Swords Dance|p2a: Kingambit\n|-boost|p2a: Kingambit|atk|2\n|move|p1a: Kingambit|Low Kick|p2a: Kingambit\n|-supereffective|p2a: Kingambit\n|-damage|p2a: Kingambit|0 fnt\n|faint|p2a: Kingambit\n|-end|p2a: Kingambit|fallen5|[silent]\n|\n|win|OathToOblivion\n|raw|OathToOblivion's rating: 1278 &rarr; <strong>1301<\/strong><br \/>(+23 for winning)\n|raw|RaigatheWeeb's rating: 1256 &rarr; <strong>1233<\/strong><br \/>(-23 for losing)\n|l|\u2606RaigatheWeeb\n|c|\u2606OathToOblivion|gg\n","uploadtime":1699745340,"views":13,"p1id":"oathtooblivion","p2id":"raigatheweeb","formatid":"gen9ou","rating":1233,"private":0,"password":""}