{"id":"gen9ou-1996144001","p1":"yoscoketchum","p2":"Herris456","format":"[Gen 9] OU","log":"|j|\u2606yoscoketchum\n|j|\u2606Herris456\n|t:|1700650740\n|gametype|singles\n|player|p1|yoscoketchum|red|1241\n|player|p2|Herris456|pokekid|1305\n|teamsize|p1|6\n|teamsize|p2|6\n|gen|9\n|tier|[Gen 9] OU\n|rated|\n|rule|Sleep Clause Mod: Limit one foe put to sleep\n|rule|Species Clause: Limit one of each Pok\u00e9mon\n|rule|OHKO Clause: OHKO moves are banned\n|rule|Evasion Items Clause: Evasion items are banned\n|rule|Evasion Moves Clause: Evasion moves are banned\n|rule|Endless Battle Clause: Forcing endless battles is banned\n|rule|HP Percentage Mod: HP is shown in percentages\n|clearpoke\n|poke|p1|Mienshao, M|\n|poke|p1|Slowking-Galar, F|\n|poke|p1|Great Tusk|\n|poke|p1|Gholdengo|\n|poke|p1|Samurott-Hisui, F|\n|poke|p1|Tornadus-Therian, M|\n|poke|p2|Great Tusk|\n|poke|p2|Enamorus-Therian, F|\n|poke|p2|Ninetales-Alola, M|\n|poke|p2|Dondozo, F|\n|poke|p2|Zapdos|\n|poke|p2|Ceruledge, F|\n|teampreview\n|\n|t:|1700650750\n|start\n|switch|p1a: Tornadus|Tornadus-Therian, M|100\/100\n|switch|p2a: Zapdos|Zapdos|100\/100\n|turn|1\n|\n|t:|1700650757\n|move|p1a: Tornadus|U-turn|p2a: Zapdos\n|-resisted|p2a: Zapdos\n|-damage|p2a: Zapdos|91\/100\n|\n|t:|1700650760\n|switch|p1a: Slowking|Slowking-Galar, F|100\/100|[from] U-turn\n|move|p2a: Zapdos|Volt Switch|p1a: Slowking\n|-damage|p1a: Slowking|80\/100\n|\n|t:|1700650768\n|switch|p2a: Ceruledge|Ceruledge, F|100\/100|[from] Volt Switch\n|\n|-heal|p1a: Slowking|87\/100|[from] item: Leftovers\n|upkeep\n|turn|2\n|\n|t:|1700650792\n|switch|p1a: Samurott|Samurott-Hisui, F|100\/100\n|move|p2a: Ceruledge|Poltergeist|p1a: Samurott\n|-activate|p1a: Samurott|move: Poltergeist|Assault Vest\n|-resisted|p1a: Samurott\n|-damage|p1a: Samurott|75\/100\n|\n|upkeep\n|turn|3\n|\n|t:|1700650801\n|switch|p2a: Ninetales|Ninetales-Alola, M|100\/100\n|-weather|Snow|[from] ability: Snow Warning|[of] p2a: Ninetales\n|move|p1a: Samurott|Ceaseless Edge|p2a: Ninetales\n|-resisted|p2a: Ninetales\n|-damage|p2a: Ninetales|80\/100\n|-sidestart|p2: Herris456|Spikes\n|\n|-weather|Snow|[upkeep]\n|upkeep\n|turn|4\n|\n|t:|1700650812\n|move|p2a: Ninetales|Aurora Veil|p2a: Ninetales\n|-sidestart|p2: Herris456|move: Aurora Veil\n|move|p1a: Samurott|Knock Off|p2a: Ninetales\n|-resisted|p2a: Ninetales\n|-damage|p2a: Ninetales|70\/100\n|-enditem|p2a: Ninetales|Light Clay|[from] move: Knock Off|[of] p1a: Samurott\n|\n|-weather|Snow|[upkeep]\n|upkeep\n|turn|5\n|\n|t:|1700650834\n|switch|p2a: Enamorus|Enamorus-Therian, F|100\/100\n|switch|p1a: Slowking|Slowking-Galar, F|100\/100\n|\n|-weather|Snow|[upkeep]\n|upkeep\n|turn|6\n|\n|t:|1700650843\n|-terastallize|p2a: Enamorus|Poison\n|move|p2a: Enamorus|Calm Mind|p2a: Enamorus\n|-boost|p2a: Enamorus|spa|1\n|-boost|p2a: Enamorus|spd|1\n|move|p1a: Slowking|Thunder Wave|p2a: Enamorus\n|-status|p2a: Enamorus|par\n|\n|-weather|Snow|[upkeep]\n|upkeep\n|turn|7\n|\n|t:|1700650853\n|move|p1a: Slowking|Future Sight|p2a: Enamorus\n|-start|p1a: Slowking|move: Future Sight\n|move|p2a: Enamorus|Calm Mind|p2a: Enamorus\n|-boost|p2a: Enamorus|spa|1\n|-boost|p2a: Enamorus|spd|1\n|\n|-weather|none\n|upkeep\n|turn|8\n|\n|t:|1700650860\n|move|p1a: Slowking|Chilly Reception|p1a: Slowking\n|-weather|Snow\n|inactive|Battle timer is ON: inactive players will automatically lose when time's up. (requested by Herris456)\n|\n|t:|1700650882\n|switch|p1a: Great Tusk|Great Tusk|100\/100|[from] Chilly Reception\n|move|p2a: Enamorus|Earth Power|p1a: Great Tusk\n|-damage|p1a: Great Tusk|24\/100\n|\n|-weather|Snow|[upkeep]\n|upkeep\n|turn|9\n|\n|t:|1700650891\n|move|p1a: Great Tusk|Earthquake|p2a: Enamorus\n|-supereffective|p2a: Enamorus\n|-damage|p2a: Enamorus|69\/100 par\n|move|p2a: Enamorus|Draining Kiss|p1a: Great Tusk\n|-supereffective|p1a: Great Tusk\n|-damage|p1a: Great Tusk|0 fnt\n|-heal|p2a: Enamorus|89\/100 par|[from] drain|[of] p1a: Great Tusk\n|-damage|p2a: Enamorus|73\/100 par|[from] item: Rocky Helmet|[of] p1a: Great Tusk\n|faint|p1a: Great Tusk\n|-end|p1a: Great Tusk|Protosynthesis|[silent]\n|\n|-weather|Snow|[upkeep]\n|-end|p2a: Enamorus|move: Future Sight\n|-supereffective|p2a: Enamorus\n|-damage|p2a: Enamorus|51\/100 par\n|-heal|p2a: Enamorus|57\/100 par|[from] item: Leftovers\n|upkeep\n|\n|t:|1700650912\n|switch|p1a: Mienshao|Mienshao, M|100\/100\n|turn|10\n|inactive|yoscoketchum has 120 seconds left.\n|\n|t:|1700650935\n|move|p1a: Mienshao|Knock Off|p2a: Enamorus\n|-damage|p2a: Enamorus|46\/100 par\n|-enditem|p2a: Enamorus|Leftovers|[from] move: Knock Off|[of] p1a: Mienshao\n|move|p2a: Enamorus|Draining Kiss|p1a: Mienshao\n|-supereffective|p1a: Mienshao\n|-damage|p1a: Mienshao|0 fnt\n|-heal|p2a: Enamorus|100\/100 par|[from] drain|[of] p1a: Mienshao\n|faint|p1a: Mienshao\n|\n|-weather|Snow|[upkeep]\n|upkeep\n|inactive|yoscoketchum has 120 seconds left.\n|\n|t:|1700650951\n|switch|p1a: Slowking|Slowking-Galar, F|100\/100\n|turn|11\n|\n|t:|1700650958\n|-terastallize|p1a: Slowking|Water\n|move|p1a: Slowking|Future Sight|p2a: Enamorus\n|-start|p1a: Slowking|move: Future Sight\n|move|p2a: Enamorus|Taunt|p1a: Slowking\n|-start|p1a: Slowking|move: Taunt\n|\n|-weather|Snow|[upkeep]\n|-sideend|p2: Herris456|move: Aurora Veil\n|upkeep\n|turn|12\n|inactive|yoscoketchum has 120 seconds left.\n|\n|t:|1700650971\n|switch|p1a: Tornadus|Tornadus-Therian, M|100\/100\n|move|p2a: Enamorus|Calm Mind|p2a: Enamorus\n|-boost|p2a: Enamorus|spa|1\n|-boost|p2a: Enamorus|spd|1\n|\n|-weather|none\n|upkeep\n|turn|13\n|inactive|yoscoketchum has 120 seconds left.\n|\n|t:|1700650981\n|move|p1a: Tornadus|U-turn|p2a: Enamorus\n|-resisted|p2a: Enamorus\n|-damage|p2a: Enamorus|96\/100 par\n|\n|t:|1700650984\n|switch|p1a: Samurott|Samurott-Hisui, F|75\/100|[from] U-turn\n|cant|p2a: Enamorus|par\n|\n|-end|p2a: Enamorus|move: Future Sight\n|-supereffective|p2a: Enamorus\n|-damage|p2a: Enamorus|58\/100 par\n|upkeep\n|turn|14\n|inactive|yoscoketchum has 120 seconds left.\n|\n|t:|1700651002\n|move|p1a: Samurott|Razor Shell|p2a: Enamorus\n|-damage|p2a: Enamorus|24\/100 par\n|move|p2a: Enamorus|Draining Kiss|p1a: Samurott\n|-supereffective|p1a: Samurott\n|-damage|p1a: Samurott|0 fnt\n|-heal|p2a: Enamorus|85\/100 par|[from] drain|[of] p1a: Samurott\n|faint|p1a: Samurott\n|\n|upkeep\n|inactive|yoscoketchum has 120 seconds left.\n|-message|yoscoketchum forfeited.\n|\n|win|Herris456\n|raw|yoscoketchum's rating: 1241 &rarr; <strong>1221<\/strong><br \/>(-20 for losing)\n|raw|Herris456's rating: 1305 &rarr; <strong>1321<\/strong><br \/>(+16 for winning)\n|l|\u2606yoscoketchum\n|l|\u2606Herris456\n|j|\u2606Herris456\n|player|p2|Herris456|pokekid\n|l|\u2606Herris456\n|player|p2|\n|j|\u2606Herris456\n|player|p2|Herris456|pokekid\n","uploadtime":1700651020,"views":10,"p1id":"yoscoketchum","p2id":"herris456","formatid":"gen9ou","rating":1221,"private":0,"password":""}