{"id":"gen9ou-1999391260","p1":"Sappkira","p2":"shadowtron","format":"[Gen 9] OU","log":"|j|\u2606Sappkira\n|j|\u2606shadowtron\n|t:|1701072467\n|gametype|singles\n|player|p1|Sappkira|2|1715\n|player|p2|shadowtron|veteran|1571\n|teamsize|p1|6\n|teamsize|p2|6\n|gen|9\n|tier|[Gen 9] OU\n|rated|\n|rule|Sleep Clause Mod: Limit one foe put to sleep\n|rule|Species Clause: Limit one of each Pok\u00e9mon\n|rule|OHKO Clause: OHKO moves are banned\n|rule|Evasion Items Clause: Evasion items are banned\n|rule|Evasion Moves Clause: Evasion moves are banned\n|rule|Endless Battle Clause: Forcing endless battles is banned\n|rule|HP Percentage Mod: HP is shown in percentages\n|clearpoke\n|poke|p1|Samurott-Hisui, F|\n|poke|p1|Heatran, F|\n|poke|p1|Zapdos|\n|poke|p1|Hatterene, F|\n|poke|p1|Zamazenta-*|\n|poke|p1|Gholdengo|\n|poke|p2|Ribombee, F|\n|poke|p2|Iron Moth|\n|poke|p2|Ogerpon-Wellspring, F|\n|poke|p2|Great Tusk|\n|poke|p2|Kingambit, F|\n|poke|p2|Gholdengo|\n|teampreview\n|inactive|Battle timer is ON: inactive players will automatically lose when time's up. (requested by shadowtron)\n|j| cheese miestro\n|\n|t:|1701072484\n|start\n|switch|p1a: Hatterene|Hatterene, F|100\/100\n|switch|p2a: Ribombee|Ribombee, F, shiny|100\/100\n|turn|1\n|\n|t:|1701072490\n|move|p2a: Ribombee|Skill Swap|p1a: Hatterene\n|-activate|p2a: Ribombee|move: Skill Swap|Magic Bounce|Shield Dust|[of] p1a: Hatterene\n|move|p1a: Hatterene|Mystical Fire|p2a: Ribombee\n|-supereffective|p2a: Ribombee\n|-damage|p2a: Ribombee|19\/100\n|-unboost|p2a: Ribombee|spa|1\n|\n|upkeep\n|turn|2\n|l| cheese miestro\n|\n|t:|1701072512\n|move|p2a: Ribombee|Sticky Web|p1a: Hatterene\n|-sidestart|p1: Sappkira|move: Sticky Web\n|move|p1a: Hatterene|Mystical Fire|p2a: Ribombee\n|-supereffective|p2a: Ribombee\n|-damage|p2a: Ribombee|0 fnt\n|faint|p2a: Ribombee\n|\n|upkeep\n|\n|t:|1701072521\n|switch|p2a: Gholdengo|Gholdengo|100\/100\n|-item|p2a: Gholdengo|Air Balloon\n|turn|3\n|\n|t:|1701072527\n|switch|p1a: Samurott|Samurott-Hisui, F|100\/100\n|-activate|p1a: Samurott|move: Sticky Web\n|-unboost|p1a: Samurott|spe|1\n|move|p2a: Gholdengo|Make It Rain|p1a: Samurott\n|-resisted|p1a: Samurott\n|-damage|p1a: Samurott|78\/100\n|-unboost|p2a: Gholdengo|spa|1\n|\n|upkeep\n|turn|4\n|\n|t:|1701072536\n|switch|p2a: Great Tusk|Great Tusk|100\/100\n|-enditem|p2a: Great Tusk|Booster Energy\n|-activate|p2a: Great Tusk|ability: Protosynthesis|[fromitem]\n|-start|p2a: Great Tusk|protosynthesisatk\n|move|p1a: Samurott|Ceaseless Edge|p2a: Great Tusk|[miss]\n|-miss|p1a: Samurott|p2a: Great Tusk\n|\n|upkeep\n|turn|5\n|\n|t:|1701072542\n|switch|p1a: Zapdos|Zapdos|100\/100\n|move|p2a: Great Tusk|Headlong Rush|p1a: Zapdos\n|-immune|p1a: Zapdos\n|\n|upkeep\n|turn|6\n|\n|t:|1701072547\n|move|p2a: Great Tusk|Ice Spinner|p1a: Zapdos\n|-supereffective|p1a: Zapdos\n|-damage|p1a: Zapdos|41\/100\n|-status|p2a: Great Tusk|par|[from] ability: Static|[of] p1a: Zapdos\n|move|p1a: Zapdos|Hurricane|p2a: Great Tusk|[miss]\n|-miss|p1a: Zapdos|p2a: Great Tusk\n|\n|upkeep\n|turn|7\n|\n|t:|1701072553\n|move|p1a: Zapdos|Hurricane|p2a: Great Tusk|[miss]\n|-miss|p1a: Zapdos|p2a: Great Tusk\n|cant|p2a: Great Tusk|par\n|\n|upkeep\n|turn|8\n|\n|t:|1701072557\n|move|p1a: Zapdos|Hurricane|p2a: Great Tusk\n|-supereffective|p2a: Great Tusk\n|-damage|p2a: Great Tusk|0 fnt\n|faint|p2a: Great Tusk\n|-end|p2a: Great Tusk|Protosynthesis|[silent]\n|\n|upkeep\n|\n|t:|1701072560\n|switch|p2a: Ogerpon|Ogerpon-Wellspring, F|100\/100\n|turn|9\n|\n|t:|1701072567\n|-terastallize|p1a: Zapdos|Dragon\n|move|p2a: Ogerpon|Ivy Cudgel|p1a: Zapdos|[anim] Ivy Cudgel Water\n|-resisted|p1a: Zapdos\n|-damage|p1a: Zapdos|21\/100\n|move|p1a: Zapdos|Thunder Wave|p2a: Ogerpon\n|-status|p2a: Ogerpon|par\n|\n|upkeep\n|turn|10\n|\n|t:|1701072575\n|move|p1a: Zapdos|Roost|p1a: Zapdos\n|-heal|p1a: Zapdos|71\/100\n|move|p2a: Ogerpon|Ivy Cudgel|p1a: Zapdos|[anim] Ivy Cudgel Water\n|-resisted|p1a: Zapdos\n|-damage|p1a: Zapdos|52\/100\n|\n|upkeep\n|turn|11\n|\n|t:|1701072581\n|move|p1a: Zapdos|Roost|p1a: Zapdos\n|-heal|p1a: Zapdos|100\/100\n|move|p2a: Ogerpon|Play Rough|p1a: Zapdos\n|-supereffective|p1a: Zapdos\n|-damage|p1a: Zapdos|48\/100\n|\n|upkeep\n|turn|12\n|\n|t:|1701072588\n|move|p1a: Zapdos|Roost|p1a: Zapdos\n|-heal|p1a: Zapdos|98\/100\n|move|p2a: Ogerpon|Play Rough|p1a: Zapdos\n|-supereffective|p1a: Zapdos\n|-damage|p1a: Zapdos|51\/100\n|\n|upkeep\n|turn|13\n|\n|t:|1701072595\n|move|p1a: Zapdos|Roost|p1a: Zapdos\n|-heal|p1a: Zapdos|100\/100\n|move|p2a: Ogerpon|Play Rough|p1a: Zapdos\n|-supereffective|p1a: Zapdos\n|-damage|p1a: Zapdos|47\/100\n|\n|upkeep\n|turn|14\n|\n|t:|1701072602\n|move|p1a: Zapdos|Roost|p1a: Zapdos\n|-heal|p1a: Zapdos|97\/100\n|cant|p2a: Ogerpon|par\n|\n|upkeep\n|turn|15\n|\n|t:|1701072606\n|move|p1a: Zapdos|Hurricane|p2a: Ogerpon\n|-supereffective|p2a: Ogerpon\n|-damage|p2a: Ogerpon|0 fnt\n|faint|p2a: Ogerpon\n|\n|upkeep\n|\n|t:|1701072610\n|switch|p2a: Gholdengo|Gholdengo|100\/100\n|-item|p2a: Gholdengo|Air Balloon\n|turn|16\n|\n|t:|1701072620\n|switch|p1a: Samurott|Samurott-Hisui, F|78\/100\n|-activate|p1a: Samurott|move: Sticky Web\n|-unboost|p1a: Samurott|spe|1\n|move|p2a: Gholdengo|Nasty Plot|p2a: Gholdengo\n|-boost|p2a: Gholdengo|spa|2\n|\n|upkeep\n|turn|17\n|\n|t:|1701072629\n|move|p2a: Gholdengo|Make It Rain|p1a: Samurott\n|-resisted|p1a: Samurott\n|-damage|p1a: Samurott|34\/100\n|-unboost|p2a: Gholdengo|spa|1\n|move|p1a: Samurott|Ceaseless Edge|p2a: Gholdengo\n|-supereffective|p2a: Gholdengo\n|-damage|p2a: Gholdengo|18\/100\n|-enditem|p2a: Gholdengo|Air Balloon\n|-sidestart|p2: shadowtron|Spikes\n|\n|upkeep\n|turn|18\n|\n|t:|1701072641\n|move|p1a: Samurott|Aqua Jet|p2a: Gholdengo\n|-damage|p2a: Gholdengo|0 fnt\n|faint|p2a: Gholdengo\n|\n|upkeep\n|\n|t:|1701072644\n|switch|p2a: Iron Moth|Iron Moth|100\/100\n|-damage|p2a: Iron Moth|88\/100|[from] Spikes\n|-enditem|p2a: Iron Moth|Booster Energy\n|-activate|p2a: Iron Moth|ability: Quark Drive|[fromitem]\n|-start|p2a: Iron Moth|quarkdrivespa\n|turn|19\n|\n|t:|1701072650\n|move|p2a: Iron Moth|Energy Ball|p1a: Samurott\n|-supereffective|p1a: Samurott\n|-damage|p1a: Samurott|0 fnt\n|faint|p1a: Samurott\n|\n|upkeep\n|\n|t:|1701072672\n|switch|p1a: Heatran|Heatran, F|100\/100\n|-activate|p1a: Heatran|move: Sticky Web\n|-unboost|p1a: Heatran|spe|1\n|turn|20\n|\n|t:|1701072675\n|move|p2a: Iron Moth|Psychic|p1a: Heatran\n|-resisted|p1a: Heatran\n|-crit|p1a: Heatran\n|-damage|p1a: Heatran|82\/100\n|move|p1a: Heatran|Earth Power|p2a: Iron Moth\n|-supereffective|p2a: Iron Moth\n|-damage|p2a: Iron Moth|0 fnt\n|faint|p2a: Iron Moth\n|-end|p2a: Iron Moth|Quark Drive|[silent]\n|\n|-heal|p1a: Heatran|88\/100|[from] item: Leftovers\n|upkeep\n|\n|t:|1701072680\n|switch|p2a: Kingambit|Kingambit, F|100\/100\n|-damage|p2a: Kingambit|88\/100|[from] Spikes\n|-activate|p2a: Kingambit|ability: Supreme Overlord\n|-start|p2a: Kingambit|fallen5|[silent]\n|turn|21\n|\n|t:|1701072688\n|-terastallize|p2a: Kingambit|Flying\n|move|p2a: Kingambit|Swords Dance|p2a: Kingambit\n|-boost|p2a: Kingambit|atk|2\n|move|p1a: Heatran|Magma Storm|p2a: Kingambit\n|-damage|p2a: Kingambit|42\/100\n|-activate|p2a: Kingambit|move: Magma Storm|[of] p1a: Heatran\n|\n|-heal|p1a: Heatran|94\/100|[from] item: Leftovers\n|-damage|p2a: Kingambit|30\/100|[from] move: Magma Storm|[partiallytrapped]\n|upkeep\n|turn|22\n|\n|t:|1701072696\n|move|p2a: Kingambit|Kowtow Cleave|p1a: Heatran\n|-damage|p1a: Heatran|0 fnt\n|faint|p1a: Heatran\n|\n|-end|p2a: Kingambit|Magma Storm|[partiallytrapped]|[silent]\n|upkeep\n|\n|t:|1701072713\n|switch|p1a: Gholdengo|Gholdengo|100\/100\n|-activate|p1a: Gholdengo|move: Sticky Web\n|-unboost|p1a: Gholdengo|spe|1\n|turn|23\n|\n|t:|1701072718\n|move|p1a: Gholdengo|Trick|p2a: Kingambit\n|-activate|p1a: Gholdengo|move: Trick|[of] p2a: Kingambit\n|-item|p2a: Kingambit|Choice Scarf|[from] move: Trick\n|-item|p1a: Gholdengo|Black Glasses|[from] move: Trick\n|move|p2a: Kingambit|Kowtow Cleave|p1a: Gholdengo\n|-supereffective|p1a: Gholdengo\n|-damage|p1a: Gholdengo|0 fnt\n|faint|p1a: Gholdengo\n|\n|upkeep\n|\n|t:|1701072724\n|switch|p1a: Zamazenta|Zamazenta|100\/100\n|-activate|p1a: Zamazenta|move: Sticky Web\n|-unboost|p1a: Zamazenta|spe|1\n|-ability|p1a: Zamazenta|Dauntless Shield|boost\n|-boost|p1a: Zamazenta|def|1\n|turn|24\n|\n|t:|1701072734\n|move|p2a: Kingambit|Kowtow Cleave|p1a: Zamazenta\n|-resisted|p1a: Zamazenta\n|-damage|p1a: Zamazenta|57\/100\n|move|p1a: Zamazenta|Crunch|p2a: Kingambit\n|-damage|p2a: Kingambit|3\/100\n|-damage|p1a: Zamazenta|48\/100|[from] item: Life Orb\n|\n|upkeep\n|turn|25\n|\n|t:|1701072740\n|move|p2a: Kingambit|Kowtow Cleave|p1a: Zamazenta\n|-resisted|p1a: Zamazenta\n|-damage|p1a: Zamazenta|0 fnt\n|faint|p1a: Zamazenta\n|\n|upkeep\n|\n|t:|1701072749\n|switch|p1a: Zapdos|Zapdos, tera:Dragon|97\/100\n|turn|26\n|\n|t:|1701072752\n|move|p2a: Kingambit|Kowtow Cleave|p1a: Zapdos\n|-crit|p1a: Zapdos\n|-damage|p1a: Zapdos|0 fnt\n|-status|p2a: Kingambit|par|[from] ability: Static|[of] p1a: Zapdos\n|faint|p1a: Zapdos\n|\n|upkeep\n|\n|t:|1701072756\n|switch|p1a: Hatterene|Hatterene, F|100\/100\n|-activate|p1a: Hatterene|move: Sticky Web\n|-unboost|p1a: Hatterene|spe|1\n|turn|27\n|\n|t:|1701072761\n|move|p2a: Kingambit|Kowtow Cleave|p1a: Hatterene\n|-damage|p1a: Hatterene|0 fnt\n|faint|p1a: Hatterene\n|\n|win|shadowtron\n|raw|Sappkira's rating: 1715 &rarr; <strong>1687<\/strong><br \/>(-28 for losing)\n|raw|shadowtron's rating: 1571 &rarr; <strong>1599<\/strong><br \/>(+28 for winning)\n|l|\u2606Sappkira\n","uploadtime":1701072767,"views":5,"p1id":"sappkira","p2id":"shadowtron","formatid":"gen9ou","rating":1599,"private":0,"password":""}