{"id":"gen9ou-1997461263","p1":"Sectumsempra7","p2":"Snakeman24","format":"[Gen 9] OU","log":"|j|\u2606Sectumsempra7\n|j|\u2606Snakeman24\n|t:|1700809369\n|gametype|singles\n|player|p1|Sectumsempra7|170|1212\n|player|p2|Snakeman24|steven|1220\n|teamsize|p1|6\n|teamsize|p2|6\n|gen|9\n|tier|[Gen 9] OU\n|rated|\n|rule|Sleep Clause Mod: Limit one foe put to sleep\n|rule|Species Clause: Limit one of each Pok\u00e9mon\n|rule|OHKO Clause: OHKO moves are banned\n|rule|Evasion Items Clause: Evasion items are banned\n|rule|Evasion Moves Clause: Evasion moves are banned\n|rule|Endless Battle Clause: Forcing endless battles is banned\n|rule|HP Percentage Mod: HP is shown in percentages\n|clearpoke\n|poke|p1|Clodsire, F|\n|poke|p1|Flamigo, M|\n|poke|p1|Dondozo, M|\n|poke|p1|Tinkaton, F|\n|poke|p1|Dragapult, M|\n|poke|p1|Glimmora, F|\n|poke|p2|Cinderace, F|\n|poke|p2|Alomomola, M|\n|poke|p2|Slowking-Galar, M|\n|poke|p2|Thundurus-Therian, M|\n|poke|p2|Great Tusk|\n|poke|p2|Ditto|\n|teampreview\n|inactive|Battle timer is ON: inactive players will automatically lose when time's up. (requested by Sectumsempra7)\n|\n|t:|1700809383\n|start\n|switch|p1a: Tinkaton|Tinkaton, F|100\/100\n|switch|p2a: Cinderace|Cinderace, F|100\/100\n|-ability|p1a: Tinkaton|Mold Breaker\n|turn|1\n|\n|t:|1700809394\n|switch|p1a: Dondozo|Dondozo, M|100\/100\n|move|p2a: Cinderace|Will-O-Wisp|p1a: Dondozo\n|-status|p1a: Dondozo|brn\n|\n|-damage|p1a: Dondozo|94\/100 brn|[from] brn\n|upkeep\n|turn|2\n|\n|t:|1700809403\n|move|p2a: Cinderace|U-turn|p1a: Dondozo\n|-start|p2a: Cinderace|typechange|Bug|[from] ability: Libero\n|-damage|p1a: Dondozo|75\/100 brn\n|\n|t:|1700809408\n|switch|p2a: Alomomola|Alomomola, M|100\/100|[from] U-turn\n|move|p1a: Dondozo|Curse|p1a: Dondozo\n|-unboost|p1a: Dondozo|spe|1\n|-boost|p1a: Dondozo|atk|1\n|-boost|p1a: Dondozo|def|1\n|\n|-heal|p1a: Dondozo|81\/100 brn|[from] item: Leftovers\n|-damage|p1a: Dondozo|75\/100 brn|[from] brn\n|upkeep\n|turn|3\n|\n|t:|1700809424\n|switch|p1a: Clodsire|Clodsire, F|100\/100\n|move|p2a: Alomomola|Flip Turn|p1a: Clodsire\n|-immune|p1a: Clodsire|[from] ability: Water Absorb\n|\n|upkeep\n|turn|4\n|\n|t:|1700809437\n|switch|p2a: Slowking|Slowking-Galar, M|100\/100\n|move|p1a: Clodsire|Spikes|p2a: Slowking\n|-sidestart|p2: Snakeman24|Spikes\n|\n|upkeep\n|turn|5\n|\n|t:|1700809444\n|switch|p1a: Tinkaton|Tinkaton, F|100\/100\n|-ability|p1a: Tinkaton|Mold Breaker\n|move|p2a: Slowking|Future Sight|p1a: Tinkaton\n|-start|p2a: Slowking|move: Future Sight\n|\n|upkeep\n|turn|6\n|\n|t:|1700809460\n|switch|p2a: Great Tusk|Great Tusk|100\/100\n|-damage|p2a: Great Tusk|88\/100|[from] Spikes\n|move|p1a: Tinkaton|Knock Off|p2a: Great Tusk\n|-resisted|p2a: Great Tusk\n|-damage|p2a: Great Tusk|82\/100\n|-damage|p1a: Tinkaton|84\/100|[from] item: Rocky Helmet|[of] p2a: Great Tusk\n|-enditem|p2a: Great Tusk|Rocky Helmet|[from] move: Knock Off|[of] p1a: Tinkaton\n|\n|upkeep\n|turn|7\n|\n|t:|1700809482\n|switch|p1a: Dragapult|Dragapult, M|100\/100\n|move|p2a: Great Tusk|Rapid Spin|p1a: Dragapult\n|-immune|p1a: Dragapult\n|\n|-end|p1a: Dragapult|move: Future Sight\n|-damage|p1a: Dragapult|39\/100\n|upkeep\n|turn|8\n|\n|t:|1700809493\n|move|p1a: Dragapult|Hydro Pump|p2a: Great Tusk\n|-supereffective|p2a: Great Tusk\n|-damage|p2a: Great Tusk|0 fnt\n|faint|p2a: Great Tusk\n|-end|p2a: Great Tusk|Protosynthesis|[silent]\n|-damage|p1a: Dragapult|29\/100|[from] item: Life Orb\n|\n|upkeep\n|\n|t:|1700809501\n|switch|p2a: Slowking|Slowking-Galar, M|100\/100\n|turn|9\n|\n|t:|1700809510\n|move|p1a: Dragapult|Shadow Ball|p2a: Slowking\n|-supereffective|p2a: Slowking\n|-damage|p2a: Slowking|47\/100\n|-damage|p1a: Dragapult|19\/100|[from] item: Life Orb\n|move|p2a: Slowking|Future Sight|p1a: Dragapult\n|-start|p2a: Slowking|move: Future Sight\n|\n|upkeep\n|turn|10\n|\n|t:|1700809524\n|switch|p2a: Alomomola|Alomomola, M|100\/100\n|-damage|p2a: Alomomola|88\/100|[from] Spikes\n|move|p1a: Dragapult|Shadow Ball|p2a: Alomomola\n|-damage|p2a: Alomomola|45\/100\n|-enditem|p2a: Alomomola|Red Card|[of] p1a: Dragapult\n|drag|p1a: Dondozo|Dondozo, M|75\/100 brn\n|\n|-heal|p1a: Dondozo|81\/100 brn|[from] item: Leftovers\n|-damage|p1a: Dondozo|75\/100 brn|[from] brn\n|upkeep\n|turn|11\n|\n|t:|1700809540\n|switch|p2a: Thundurus|Thundurus-Therian, M|100\/100\n|move|p1a: Dondozo|Curse|p1a: Dondozo\n|-unboost|p1a: Dondozo|spe|1\n|-boost|p1a: Dondozo|atk|1\n|-boost|p1a: Dondozo|def|1\n|\n|-end|p1a: Dondozo|move: Future Sight\n|-damage|p1a: Dondozo|47\/100 brn\n|-heal|p1a: Dondozo|53\/100 brn|[from] item: Leftovers\n|-damage|p1a: Dondozo|47\/100 brn|[from] brn\n|upkeep\n|turn|12\n|\n|t:|1700809568\n|switch|p1a: Clodsire|Clodsire, F|100\/100\n|-terastallize|p2a: Thundurus|Flying\n|move|p2a: Thundurus|Tera Blast|p1a: Clodsire|[anim] Tera Blast Flying\n|-damage|p1a: Clodsire|55\/100\n|\n|-heal|p1a: Clodsire|61\/100|[from] item: Black Sludge\n|upkeep\n|turn|13\n|inactive|Sectumsempra7 has 120 seconds left.\n|\n|t:|1700809586\n|switch|p2a: Alomomola|Alomomola, M|78\/100\n|-damage|p2a: Alomomola|66\/100|[from] Spikes\n|move|p1a: Clodsire|Spikes|p2a: Alomomola\n|-sidestart|p2: Snakeman24|Spikes\n|\n|-heal|p1a: Clodsire|68\/100|[from] item: Black Sludge\n|upkeep\n|turn|14\n|\n|t:|1700809595\n|move|p2a: Alomomola|Wish|p2a: Alomomola\n|move|p1a: Clodsire|Toxic|p2a: Alomomola\n|-status|p2a: Alomomola|tox\n|\n|-heal|p1a: Clodsire|74\/100|[from] item: Black Sludge\n|-damage|p2a: Alomomola|60\/100 tox|[from] psn\n|upkeep\n|turn|15\n|\n|t:|1700809609\n|switch|p2a: Slowking|Slowking-Galar, M|80\/100\n|move|p1a: Clodsire|Spikes|p2a: Slowking\n|-sidestart|p2: Snakeman24|Spikes\n|\n|-heal|p2a: Slowking|100\/100|[from] move: Wish|[wisher] Alomomola\n|-heal|p1a: Clodsire|80\/100|[from] item: Black Sludge\n|upkeep\n|turn|16\n|\n|t:|1700809618\n|move|p2a: Slowking|Future Sight|p1a: Clodsire\n|-start|p2a: Slowking|move: Future Sight\n|move|p1a: Clodsire|Earthquake|p2a: Slowking\n|-supereffective|p2a: Slowking\n|-damage|p2a: Slowking|40\/100\n|\n|-heal|p1a: Clodsire|86\/100|[from] item: Black Sludge\n|upkeep\n|turn|17\n|\n|t:|1700809632\n|move|p2a: Slowking|Chilly Reception|p2a: Slowking\n|-weather|Snow\n|\n|t:|1700809643\n|switch|p2a: Alomomola|Alomomola, M|93\/100 tox|[from] Chilly Reception\n|-damage|p2a: Alomomola|68\/100 tox|[from] Spikes\n|move|p1a: Clodsire|Toxic|p2a: Alomomola\n|-fail|p2a: Alomomola|tox\n|\n|-weather|Snow|[upkeep]\n|-heal|p1a: Clodsire|93\/100|[from] item: Black Sludge\n|-damage|p2a: Alomomola|62\/100 tox|[from] psn\n|upkeep\n|turn|18\n|\n|t:|1700809656\n|switch|p1a: Tinkaton|Tinkaton, F|84\/100\n|-ability|p1a: Tinkaton|Mold Breaker\n|move|p2a: Alomomola|Wish|p2a: Alomomola\n|\n|-weather|Snow|[upkeep]\n|-end|p1a: Tinkaton|move: Future Sight\n|-resisted|p1a: Tinkaton\n|-damage|p1a: Tinkaton|65\/100\n|-damage|p2a: Alomomola|50\/100 tox|[from] psn\n|upkeep\n|turn|19\n|\n|t:|1700809676\n|switch|p2a: Cinderace|Cinderace, F|100\/100\n|move|p1a: Tinkaton|Stealth Rock|p2a: Cinderace\n|-sidestart|p2: Snakeman24|move: Stealth Rock\n|\n|-weather|Snow|[upkeep]\n|upkeep\n|turn|20\n|\n|t:|1700809694\n|switch|p1a: Dragapult|Dragapult, M|19\/100\n|move|p2a: Cinderace|Court Change|p2a: Cinderace\n|-start|p2a: Cinderace|typechange|Normal|[from] ability: Libero\n|-swapsideconditions\n|-activate|p2a: Cinderace|move: Court Change\n|\n|-weather|Snow|[upkeep]\n|upkeep\n|turn|21\n|\n|t:|1700809703\n|switch|p2a: Slowking|Slowking-Galar, M|74\/100\n|move|p1a: Dragapult|Hydro Pump|p2a: Slowking\n|-damage|p2a: Slowking|49\/100\n|-damage|p1a: Dragapult|10\/100|[from] item: Life Orb\n|\n|-weather|none\n|upkeep\n|turn|22\n|\n|t:|1700809714\n|move|p1a: Dragapult|Shadow Ball|p2a: Slowking\n|-supereffective|p2a: Slowking\n|-damage|p2a: Slowking|0 fnt\n|faint|p2a: Slowking\n|-damage|p1a: Dragapult|0 fnt|[from] item: Life Orb\n|faint|p1a: Dragapult\n|\n|upkeep\n|\n|t:|1700809738\n|switch|p1a: Clodsire|Clodsire, F|93\/100\n|switch|p2a: Cinderace|Cinderace, F|100\/100\n|-damage|p1a: Clodsire|68\/100|[from] Spikes\n|-damage|p1a: Clodsire|61\/100|[from] Stealth Rock\n|turn|23\n|\n|t:|1700809748\n|move|p2a: Cinderace|Will-O-Wisp|p1a: Clodsire\n|-status|p1a: Clodsire|brn\n|move|p1a: Clodsire|Toxic|p2a: Cinderace\n|-status|p2a: Cinderace|tox\n|\n|-heal|p1a: Clodsire|68\/100 brn|[from] item: Black Sludge\n|-damage|p2a: Cinderace|95\/100 tox|[from] psn\n|-damage|p1a: Clodsire|61\/100 brn|[from] brn\n|upkeep\n|turn|24\n|\n|t:|1700809764\n|move|p2a: Cinderace|U-turn|p1a: Clodsire\n|-start|p2a: Cinderace|typechange|Bug|[from] ability: Libero\n|-resisted|p1a: Clodsire\n|-damage|p1a: Clodsire|44\/100 brn\n|\n|t:|1700809770\n|switch|p2a: Alomomola|Alomomola, M|83\/100 tox|[from] U-turn\n|move|p1a: Clodsire|Earthquake|p2a: Alomomola\n|-damage|p2a: Alomomola|75\/100 tox\n|\n|-heal|p1a: Clodsire|50\/100 brn|[from] item: Black Sludge\n|-damage|p2a: Alomomola|69\/100 tox|[from] psn\n|-damage|p1a: Clodsire|44\/100 brn|[from] brn\n|upkeep\n|turn|25\n|\n|t:|1700809783\n|move|p2a: Alomomola|Wish|p2a: Alomomola\n|move|p1a: Clodsire|Recover|p1a: Clodsire\n|-heal|p1a: Clodsire|94\/100 brn\n|\n|-heal|p1a: Clodsire|99\/100 brn|[from] item: Black Sludge\n|-damage|p2a: Alomomola|57\/100 tox|[from] psn\n|-damage|p1a: Clodsire|94\/100 brn|[from] brn\n|upkeep\n|turn|26\n|\n|t:|1700809796\n|switch|p2a: Thundurus|Thundurus-Therian, M, tera:Flying|100\/100\n|move|p1a: Clodsire|Spikes|p2a: Thundurus\n|-sidestart|p2: Snakeman24|Spikes\n|\n|-heal|p1a: Clodsire|99\/100 brn|[from] item: Black Sludge\n|-damage|p1a: Clodsire|94\/100 brn|[from] brn\n|upkeep\n|turn|27\n|\n|t:|1700809809\n|move|p2a: Thundurus|Knock Off|p1a: Clodsire\n|-damage|p1a: Clodsire|70\/100 brn\n|-enditem|p1a: Clodsire|Black Sludge|[from] move: Knock Off|[of] p2a: Thundurus\n|move|p1a: Clodsire|Toxic|p2a: Thundurus\n|-status|p2a: Thundurus|tox\n|\n|-damage|p2a: Thundurus|94\/100 tox|[from] psn\n|-damage|p1a: Clodsire|64\/100 brn|[from] brn\n|upkeep\n|turn|28\n|\n|t:|1700809826\n|switch|p2a: Alomomola|Alomomola, M|90\/100 tox\n|-damage|p2a: Alomomola|78\/100 tox|[from] Spikes\n|move|p1a: Clodsire|Recover|p1a: Clodsire\n|-heal|p1a: Clodsire|100\/100 brn\n|\n|-damage|p2a: Alomomola|71\/100 tox|[from] psn\n|-damage|p1a: Clodsire|94\/100 brn|[from] brn\n|upkeep\n|turn|29\n|\n|t:|1700809837\n|move|p2a: Alomomola|Wish|p2a: Alomomola\n|move|p1a: Clodsire|Spikes|p2a: Alomomola\n|-sidestart|p2: Snakeman24|Spikes\n|\n|-damage|p2a: Alomomola|59\/100 tox|[from] psn\n|-damage|p1a: Clodsire|88\/100 brn|[from] brn\n|upkeep\n|turn|30\n|\n|t:|1700809845\n|switch|p2a: Thundurus|Thundurus-Therian, M, tera:Flying|94\/100 tox\n|move|p1a: Clodsire|Spikes|p2a: Thundurus\n|-sidestart|p2: Snakeman24|Spikes\n|\n|-heal|p2a: Thundurus|100\/100 tox|[from] move: Wish|[wisher] Alomomola\n|-damage|p2a: Thundurus|94\/100 tox|[from] psn\n|-damage|p1a: Clodsire|82\/100 brn|[from] brn\n|upkeep\n|turn|31\n|\n|t:|1700809862\n|move|p2a: Thundurus|Tera Blast|p1a: Clodsire|[anim] Tera Blast Flying\n|-crit|p1a: Clodsire\n|-damage|p1a: Clodsire|15\/100 brn\n|move|p1a: Clodsire|Recover|p1a: Clodsire\n|-heal|p1a: Clodsire|65\/100 brn\n|\n|-damage|p2a: Thundurus|82\/100 tox|[from] psn\n|-damage|p1a: Clodsire|59\/100 brn|[from] brn\n|upkeep\n|turn|32\n|\n|t:|1700809873\n|switch|p1a: Glimmora|Glimmora, F|100\/100\n|-damage|p1a: Glimmora|75\/100|[from] Spikes\n|-damage|p1a: Glimmora|63\/100|[from] Stealth Rock\n|move|p2a: Thundurus|Tera Blast|p1a: Glimmora|[anim] Tera Blast Flying\n|-resisted|p1a: Glimmora\n|-damage|p1a: Glimmora|2\/100\n|\n|-damage|p2a: Thundurus|64\/100 tox|[from] psn\n|upkeep\n|turn|33\n|\n|t:|1700809886\n|move|p2a: Thundurus|Tera Blast|p1a: Glimmora|[anim] Tera Blast Flying\n|-resisted|p1a: Glimmora\n|-damage|p1a: Glimmora|0 fnt\n|faint|p1a: Glimmora\n|\n|-damage|p2a: Thundurus|40\/100 tox|[from] psn\n|upkeep\n|\n|t:|1700809900\n|switch|p1a: Tinkaton|Tinkaton, F|65\/100\n|-damage|p1a: Tinkaton|41\/100|[from] Spikes\n|-damage|p1a: Tinkaton|34\/100|[from] Stealth Rock\n|-ability|p1a: Tinkaton|Mold Breaker\n|turn|34\n|\n|t:|1700809908\n|switch|p2a: Alomomola|Alomomola, M|92\/100 tox\n|-damage|p2a: Alomomola|68\/100 tox|[from] Spikes\n|move|p1a: Tinkaton|Gigaton Hammer|p2a: Alomomola\n|-resisted|p2a: Alomomola\n|-damage|p2a: Alomomola|55\/100 tox\n|\n|-damage|p2a: Alomomola|49\/100 tox|[from] psn\n|upkeep\n|turn|35\n|\n|t:|1700809923\n|move|p1a: Tinkaton|Stealth Rock|p2a: Alomomola\n|-sidestart|p2: Snakeman24|move: Stealth Rock\n|move|p2a: Alomomola|Wish|p2a: Alomomola\n|\n|-damage|p2a: Alomomola|36\/100 tox|[from] psn\n|upkeep\n|turn|36\n|\n|t:|1700809936\n|switch|p2a: Thundurus|Thundurus-Therian, M, tera:Flying|40\/100 tox\n|-damage|p2a: Thundurus|16\/100 tox|[from] Stealth Rock\n|move|p1a: Tinkaton|Play Rough|p2a: Thundurus\n|-damage|p2a: Thundurus|0 fnt\n|faint|p2a: Thundurus\n|\n|upkeep\n|\n|t:|1700809945\n|switch|p2a: Cinderace|Cinderace, F|95\/100 tox\n|turn|37\n|\n|t:|1700809952\n|move|p2a: Cinderace|Pyro Ball|p1a: Tinkaton\n|-supereffective|p1a: Tinkaton\n|-damage|p1a: Tinkaton|0 fnt\n|faint|p1a: Tinkaton\n|\n|-damage|p2a: Cinderace|89\/100 tox|[from] psn\n|upkeep\n|\n|t:|1700809961\n|switch|p1a: Dondozo|Dondozo, M|47\/100 brn\n|-damage|p1a: Dondozo|22\/100 brn|[from] Spikes\n|-damage|p1a: Dondozo|9\/100 brn|[from] Stealth Rock\n|turn|38\n|-message|Sectumsempra7 forfeited.\n|\n|win|Snakeman24\n|raw|Sectumsempra7's rating: 1212 &rarr; <strong>1188<\/strong><br \/>(-24 for losing)\n|raw|Snakeman24's rating: 1220 &rarr; <strong>1244<\/strong><br \/>(+24 for winning)\n|l|\u2606Sectumsempra7\n","uploadtime":1700809974,"views":6,"p1id":"sectumsempra7","p2id":"snakeman24","formatid":"gen9ou","rating":1188,"private":0,"password":""}