{"id":"gen9ou-1991072632","p1":"SaltyTaro","p2":"InfernoDragon18","format":"[Gen 9] OU","log":"|j|\u2606SaltyTaro\n|j|\u2606InfernoDragon18\n|inactive|Battle timer is ON: inactive players will automatically lose when time's up.\n|t:|1700038451\n|gametype|singles\n|player|p1|SaltyTaro|102|\n|player|p2|InfernoDragon18|gambler|\n|teamsize|p1|4\n|teamsize|p2|4\n|gen|9\n|tier|[Gen 9] OU\n|rated|Tournament battle\n|rule|Sleep Clause Mod: Limit one foe put to sleep\n|rule|Species Clause: Limit one of each Pok\u00e9mon\n|rule|OHKO Clause: OHKO moves are banned\n|rule|Evasion Items Clause: Evasion items are banned\n|rule|Evasion Moves Clause: Evasion moves are banned\n|rule|Endless Battle Clause: Forcing endless battles is banned\n|rule|HP Percentage Mod: HP is shown in percentages\n|clearpoke\n|poke|p1|Drednaw, F|\n|poke|p1|Mudsdale, M|\n|poke|p1|Sinistcha|\n|poke|p1|Zweilous, F|\n|poke|p2|Toxicroak, M|\n|poke|p2|Delphox, F|\n|poke|p2|Surskit, M|\n|poke|p2|Sandygast, F|\n|teampreview\n|j|*Lady Monita \u2746\n|\n|t:|1700038477\n|start\n|switch|p1a: Mudsdale|Mudsdale, M|100\/100\n|switch|p2a: Surskit|Surskit, M|100\/100\n|turn|1\n|\n|t:|1700038484\n|move|p2a: Surskit|Sticky Web|p1a: Mudsdale\n|-sidestart|p1: SaltyTaro|move: Sticky Web\n|move|p1a: Mudsdale|Stealth Rock|p2a: Surskit\n|-sidestart|p2: InfernoDragon18|move: Stealth Rock\n|\n|upkeep\n|turn|2\n|j| hotdog1887\n|inactive|SaltyTaro has 120 seconds left.\n|\n|t:|1700038520\n|move|p2a: Surskit|Liquidation|p1a: Mudsdale\n|-supereffective|p1a: Mudsdale\n|-damage|p1a: Mudsdale|76\/100\n|-unboost|p1a: Mudsdale|def|1\n|-ability|p1a: Mudsdale|Stamina|boost\n|-boost|p1a: Mudsdale|def|1\n|move|p1a: Mudsdale|Roar|p2a: Surskit\n|drag|p2a: Toxicroak|Toxicroak, M|100\/100\n|-damage|p2a: Toxicroak|94\/100|[from] Stealth Rock\n|\n|-heal|p1a: Mudsdale|82\/100|[from] item: Leftovers\n|upkeep\n|turn|3\n|inactive|SaltyTaro has 120 seconds left.\n|\n|t:|1700038534\n|move|p2a: Toxicroak|Gunk Shot|p1a: Mudsdale\n|-resisted|p1a: Mudsdale\n|-damage|p1a: Mudsdale|54\/100\n|-ability|p1a: Mudsdale|Stamina|boost\n|-boost|p1a: Mudsdale|def|1\n|move|p1a: Mudsdale|Earthquake|p2a: Toxicroak\n|-supereffective|p2a: Toxicroak\n|-damage|p2a: Toxicroak|0 fnt\n|faint|p2a: Toxicroak\n|\n|-heal|p1a: Mudsdale|61\/100|[from] item: Leftovers\n|upkeep\n|\n|t:|1700038547\n|switch|p2a: Surskit|Surskit, M|100\/100\n|-damage|p2a: Surskit|76\/100|[from] Stealth Rock\n|turn|4\n|\n|t:|1700038555\n|move|p2a: Surskit|Liquidation|p1a: Mudsdale\n|-supereffective|p1a: Mudsdale\n|-damage|p1a: Mudsdale|43\/100\n|-unboost|p1a: Mudsdale|def|1\n|-ability|p1a: Mudsdale|Stamina|boost\n|-boost|p1a: Mudsdale|def|1\n|move|p1a: Mudsdale|Roar|p2a: Surskit\n|drag|p2a: Sandygast|Sandygast, F|100\/100\n|-damage|p2a: Sandygast|94\/100|[from] Stealth Rock\n|\n|-heal|p1a: Mudsdale|49\/100|[from] item: Leftovers\n|upkeep\n|turn|5\n|\n|t:|1700038569\n|move|p1a: Mudsdale|Earthquake|p2a: Sandygast\n|-damage|p2a: Sandygast|68\/100\n|move|p2a: Sandygast|Hypnosis|p1a: Mudsdale\n|-status|p1a: Mudsdale|slp|[from] move: Hypnosis\n|\n|-heal|p1a: Mudsdale|55\/100 slp|[from] item: Leftovers\n|upkeep\n|turn|6\n|\n|t:|1700038578\n|cant|p1a: Mudsdale|slp\n|move|p2a: Sandygast|Curse|p1a: Mudsdale\n|-start|p1a: Mudsdale|Curse|[of] p2a: Sandygast\n|-damage|p2a: Sandygast|18\/100\n|\n|-heal|p1a: Mudsdale|61\/100 slp|[from] item: Leftovers\n|-damage|p1a: Mudsdale|36\/100 slp|[from] Curse\n|upkeep\n|turn|7\n|\n|t:|1700038588\n|-curestatus|p1a: Mudsdale|slp|[msg]\n|move|p1a: Mudsdale|Earthquake|p2a: Sandygast\n|-damage|p2a: Sandygast|0 fnt\n|faint|p2a: Sandygast\n|\n|-heal|p1a: Mudsdale|43\/100|[from] item: Leftovers\n|-damage|p1a: Mudsdale|18\/100|[from] Curse\n|upkeep\n|\n|t:|1700038594\n|switch|p2a: Delphox|Delphox, F|100\/100\n|-damage|p2a: Delphox|76\/100|[from] Stealth Rock\n|turn|8\n|\n|t:|1700038601\n|-terastallize|p2a: Delphox|Fairy\n|move|p2a: Delphox|Tera Blast|p1a: Mudsdale|[anim] Tera Blast Fairy\n|-damage|p1a: Mudsdale|0 fnt\n|faint|p1a: Mudsdale\n|\n|upkeep\n|\n|t:|1700038612\n|switch|p1a: Drednaw|Drednaw, F|100\/100\n|-activate|p1a: Drednaw|move: Sticky Web\n|-unboost|p1a: Drednaw|spe|1\n|-enditem|p1a: Drednaw|White Herb\n|-clearnegativeboost|p1a: Drednaw|[silent]\n|turn|9\n|\n|t:|1700038636\n|move|p2a: Delphox|Tera Blast|p1a: Drednaw|[anim] Tera Blast Fairy\n|-damage|p1a: Drednaw|4\/100\n|move|p1a: Drednaw|Liquidation|p2a: Delphox\n|-damage|p2a: Delphox|10\/100\n|\n|upkeep\n|turn|10\n|\n|t:|1700038644\n|move|p2a: Delphox|Tera Blast|p1a: Drednaw|[anim] Tera Blast Fairy\n|-damage|p1a: Drednaw|0 fnt\n|faint|p1a: Drednaw\n|\n|upkeep\n|\n|t:|1700038651\n|switch|p1a: Zweilous|Zweilous, F|100\/100\n|-activate|p1a: Zweilous|move: Sticky Web\n|-unboost|p1a: Zweilous|spe|1\n|turn|11\n|\n|t:|1700038673\n|move|p2a: Delphox|Tera Blast|p1a: Zweilous|[anim] Tera Blast Fairy\n|-supereffective|p1a: Zweilous\n|-damage|p1a: Zweilous|0 fnt\n|faint|p1a: Zweilous\n|\n|upkeep\n|\n|t:|1700038678\n|switch|p1a: Sinistcha|Sinistcha|100\/100\n|-activate|p1a: Sinistcha|move: Sticky Web\n|-unboost|p1a: Sinistcha|spe|1\n|turn|12\n|\n|t:|1700038690\n|-terastallize|p1a: Sinistcha|Poison\n|move|p2a: Delphox|Tera Blast|p1a: Sinistcha|[anim] Tera Blast Fairy\n|-resisted|p1a: Sinistcha\n|-damage|p1a: Sinistcha|65\/100\n|move|p1a: Sinistcha|Matcha Gotcha|p2a: Delphox\n|-damage|p2a: Delphox|0 fnt\n|-heal|p1a: Sinistcha|70\/100|[from] drain|[of] p2a: Delphox\n|faint|p2a: Delphox\n|\n|-heal|p1a: Sinistcha|76\/100|[from] item: Leftovers\n|upkeep\n|\n|t:|1700038698\n|switch|p2a: Surskit|Surskit, M|76\/100\n|-damage|p2a: Surskit|51\/100|[from] Stealth Rock\n|turn|13\n|\n|t:|1700038704\n|move|p2a: Surskit|Liquidation|p1a: Sinistcha\n|-damage|p1a: Sinistcha|62\/100\n|move|p1a: Sinistcha|Matcha Gotcha|p2a: Surskit\n|-damage|p2a: Surskit|0 fnt\n|-heal|p1a: Sinistcha|78\/100|[from] drain|[of] p2a: Surskit\n|faint|p2a: Surskit\n|\n|win|SaltyTaro\n|n|\u2606SaltyTaro|saltytaro\n|n|\u2606InfernoDragon18|infernodragon18\n|n|*Lady Monita \u2746|ladymonita\n|n| hotdog1887|hotdog1887\n","uploadtime":1700038705,"views":9,"p1id":"saltytaro","p2id":"infernodragon18","formatid":"gen9ou","rating":0,"private":0,"password":""}