{"id":"gen9ou-1988895970","p1":"SweatyRon","p2":"Sh0lopE3","format":"[Gen 9] OU","log":"|j|\u2606SweatyRon\n|j|\u2606Sh0lopE3\n|t:|1699783153\n|gametype|singles\n|player|p1|SweatyRon|pokefan-gen4|1715\n|player|p2|Sh0lopE3|aromalady|1591\n|teamsize|p1|6\n|teamsize|p2|6\n|gen|9\n|tier|[Gen 9] OU\n|rated|\n|rule|Sleep Clause Mod: Limit one foe put to sleep\n|rule|Species Clause: Limit one of each Pok\u00e9mon\n|rule|OHKO Clause: OHKO moves are banned\n|rule|Evasion Items Clause: Evasion items are banned\n|rule|Evasion Moves Clause: Evasion moves are banned\n|rule|Endless Battle Clause: Forcing endless battles is banned\n|rule|HP Percentage Mod: HP is shown in percentages\n|clearpoke\n|poke|p1|Dragapult, F|\n|poke|p1|Meowscarada, F|\n|poke|p1|Dondozo, F|\n|poke|p1|Heatran, M|\n|poke|p1|Zapdos|\n|poke|p1|Great Tusk|\n|poke|p2|Landorus-Therian, M|\n|poke|p2|Iron Moth|\n|poke|p2|Slowking-Galar, F|\n|poke|p2|Ogerpon-Cornerstone, F|\n|poke|p2|Mandibuzz, F|\n|poke|p2|Gholdengo|\n|teampreview\n|inactive|Battle timer is ON: inactive players will automatically lose when time's up. (requested by SweatyRon)\n|j| fkmyluck\n|c| fkmyluck|THIS IS FREEE FOR SWEATYRON\n|\n|t:|1699783166\n|start\n|switch|p1a: Meowscarada|Meowscarada, F|100\/100\n|switch|p2a: Ogerpon|Ogerpon-Cornerstone, F|100\/100\n|turn|1\n|c| fkmyluck|ez turn\n|\n|t:|1699783179\n|move|p1a: Meowscarada|U-turn|p2a: Ogerpon\n|-start|p1a: Meowscarada|typechange|Bug|[from] ability: Protean\n|-supereffective|p2a: Ogerpon\n|-damage|p2a: Ogerpon|20\/100\n|\n|t:|1699783182\n|switch|p1a: Great Tusk|Great Tusk|100\/100|[from] U-turn\n|move|p2a: Ogerpon|Trailblaze|p1a: Great Tusk\n|-supereffective|p1a: Great Tusk\n|-damage|p1a: Great Tusk|56\/100\n|-boost|p2a: Ogerpon|spe|1\n|\n|upkeep\n|turn|2\n|c| fkmyluck|big chip\n|\n|t:|1699783191\n|-end|p1a: Great Tusk|Protosynthesis|[silent]\n|switch|p1a: Zapdos|Zapdos|100\/100\n|move|p2a: Ogerpon|Swords Dance|p2a: Ogerpon\n|-boost|p2a: Ogerpon|atk|2\n|\n|upkeep\n|turn|3\n|\n|t:|1699783198\n|-terastallize|p1a: Zapdos|Steel\n|move|p2a: Ogerpon|Ivy Cudgel|p1a: Zapdos\n|-resisted|p1a: Zapdos\n|-damage|p1a: Zapdos|50\/100\n|move|p1a: Zapdos|Heat Wave|p2a: Ogerpon\n|-damage|p2a: Ogerpon|0 fnt\n|faint|p2a: Ogerpon\n|\n|upkeep\n|c| fkmyluck|ezzz\n|\n|t:|1699783203\n|switch|p2a: NEVER LANDOVER|Landorus-Therian, M|100\/100\n|-ability|p2a: NEVER LANDOVER|Intimidate|boost\n|-unboost|p1a: Zapdos|atk|1\n|turn|4\n|\n|t:|1699783225\n|switch|p1a: Dondozo|Dondozo, F|100\/100\n|move|p2a: NEVER LANDOVER|Earthquake|p1a: Dondozo\n|-damage|p1a: Dondozo|69\/100\n|\n|-heal|p1a: Dondozo|75\/100|[from] item: Leftovers\n|upkeep\n|turn|5\n|\n|t:|1699783237\n|switch|p2a: Iron Moth|Iron Moth|100\/100\n|-enditem|p2a: Iron Moth|Booster Energy\n|-activate|p2a: Iron Moth|ability: Quark Drive|[fromitem]\n|-start|p2a: Iron Moth|quarkdrivespe\n|switch|p1a: Great Tusk|Great Tusk|56\/100\n|\n|upkeep\n|turn|6\n|\n|t:|1699783249\n|move|p2a: Iron Moth|Fiery Dance|p1a: Great Tusk\n|-damage|p1a: Great Tusk|28\/100\n|move|p1a: Great Tusk|Earthquake|p2a: Iron Moth\n|-supereffective|p2a: Iron Moth\n|-damage|p2a: Iron Moth|0 fnt\n|faint|p2a: Iron Moth\n|-end|p2a: Iron Moth|Quark Drive|[silent]\n|\n|upkeep\n|c| fkmyluck|LETS GOOOO RON\n|c| fkmyluck|YOURE CRAZY\n|c|\u2606Sh0lopE3|oh that\u2019s def\n|c|\u2606SweatyRon|xD\n|\n|t:|1699783264\n|switch|p2a: NEVER LANDOVER|Landorus-Therian, M|100\/100\n|-ability|p2a: NEVER LANDOVER|Intimidate|boost\n|-unboost|p1a: Great Tusk|atk|1\n|turn|7\n|\n|t:|1699783288\n|move|p2a: NEVER LANDOVER|U-turn|p1a: Great Tusk\n|-resisted|p1a: Great Tusk\n|-damage|p1a: Great Tusk|18\/100\n|\n|t:|1699783291\n|switch|p2a: Gholdengo|Gholdengo|100\/100|[from] U-turn\n|move|p1a: Great Tusk|Knock Off|p2a: Gholdengo\n|-supereffective|p2a: Gholdengo\n|-damage|p2a: Gholdengo|69\/100\n|-enditem|p2a: Gholdengo|Leftovers|[from] move: Knock Off|[of] p1a: Great Tusk\n|\n|upkeep\n|turn|8\n|\n|t:|1699783299\n|move|p1a: Great Tusk|Earthquake|p2a: Gholdengo\n|-supereffective|p2a: Gholdengo\n|-damage|p2a: Gholdengo|23\/100\n|move|p2a: Gholdengo|Hex|p1a: Great Tusk\n|-damage|p1a: Great Tusk|0 fnt\n|faint|p1a: Great Tusk\n|-end|p1a: Great Tusk|Protosynthesis|[silent]\n|\n|upkeep\n|c|\u2606Sh0lopE3|I may be stupid\n|\n|t:|1699783316\n|switch|p1a: Zapdos|Zapdos, tera:Steel|50\/100\n|turn|9\n|j| martinusx7\n|\n|t:|1699783334\n|switch|p2a: Slowking|Slowking-Galar, F|100\/100\n|move|p1a: Zapdos|Volt Switch|p2a: Slowking\n|-damage|p2a: Slowking|83\/100\n|c| fkmyluck|infront of my goat SweatyRon everyone is stupid\n|\n|t:|1699783342\n|switch|p1a: Dragapult|Dragapult, F|100\/100|[from] Volt Switch\n|\n|upkeep\n|turn|10\n|l| martinusx7\n|c|\u2606SweatyRon|xD\n|\n|t:|1699783357\n|move|p1a: Dragapult|Dragon Darts|p2a: Slowking\n|-damage|p2a: Slowking|41\/100\n|-anim|p1a: Dragapult|Dragon Darts|p2a: Slowking\n|-damage|p2a: Slowking|2\/100\n|move|p2a: Slowking|Ice Beam|p1a: Dragapult\n|-supereffective|p1a: Dragapult\n|-damage|p1a: Dragapult|39\/100\n|\n|upkeep\n|turn|11\n|\n|t:|1699783366\n|switch|p2a: Mandibuzz|Mandibuzz, F|100\/100\n|move|p1a: Dragapult|Dragon Darts|p2a: Mandibuzz\n|-damage|p2a: Mandibuzz|77\/100\n|-anim|p1a: Dragapult|Dragon Darts|p2a: Mandibuzz\n|-damage|p2a: Mandibuzz|54\/100\n|\n|upkeep\n|turn|12\n|\n|t:|1699783373\n|switch|p1a: Zapdos|Zapdos, tera:Steel|50\/100\n|move|p2a: Mandibuzz|Roost|p2a: Mandibuzz\n|-heal|p2a: Mandibuzz|100\/100\n|-singleturn|p2a: Mandibuzz|move: Roost\n|\n|upkeep\n|turn|13\n|\n|t:|1699783382\n|move|p1a: Zapdos|Roost|p1a: Zapdos\n|-heal|p1a: Zapdos|99\/100\n|move|p2a: Mandibuzz|Toxic|p1a: Zapdos\n|-immune|p1a: Zapdos\n|\n|upkeep\n|turn|14\n|\n|t:|1699783388\n|switch|p2a: NEVER LANDOVER|Landorus-Therian, M|100\/100\n|-ability|p2a: NEVER LANDOVER|Intimidate|boost\n|-unboost|p1a: Zapdos|atk|1\n|move|p1a: Zapdos|Hurricane|p2a: NEVER LANDOVER|[miss]\n|-miss|p1a: Zapdos|p2a: NEVER LANDOVER\n|\n|upkeep\n|turn|15\n|\n|t:|1699783400\n|switch|p1a: Meowscarada|Meowscarada, F|100\/100\n|move|p2a: NEVER LANDOVER|U-turn|p1a: Meowscarada\n|-supereffective|p1a: Meowscarada\n|-damage|p1a: Meowscarada|0 fnt\n|faint|p1a: Meowscarada\n|c| fkmyluck|NOOO\n|\n|t:|1699783410\n|switch|p2a: Slowking|Slowking-Galar, F|35\/100|[from] U-turn\n|\n|upkeep\n|\n|t:|1699783413\n|switch|p1a: Dragapult|Dragapult, F|39\/100\n|turn|16\n|\n|t:|1699783435\n|-terastallize|p2a: Slowking|Fairy\n|move|p1a: Dragapult|U-turn|p2a: Slowking\n|-resisted|p2a: Slowking\n|-damage|p2a: Slowking|16\/100\n|\n|t:|1699783438\n|switch|p1a: Heatran|Heatran, M|100\/100|[from] U-turn\n|move|p2a: Slowking|Ice Beam|p1a: Heatran\n|-resisted|p1a: Heatran\n|-damage|p1a: Heatran|97\/100\n|\n|-heal|p1a: Heatran|100\/100|[from] item: Leftovers\n|upkeep\n|turn|17\n|c|\u2606Sh0lopE3|damn\n|c| fkmyluck|ez predicts\n|c| fkmyluck|too ez for SweatyROn\n|\n|t:|1699783451\n|switch|p2a: NEVER LANDOVER|Landorus-Therian, M|100\/100\n|-ability|p2a: NEVER LANDOVER|Intimidate|boost\n|-unboost|p1a: Heatran|atk|1\n|move|p1a: Heatran|Magma Storm|p2a: NEVER LANDOVER\n|-damage|p2a: NEVER LANDOVER|44\/100\n|-activate|p2a: NEVER LANDOVER|move: Magma Storm|[of] p1a: Heatran\n|\n|-damage|p2a: NEVER LANDOVER|31\/100|[from] move: Magma Storm|[partiallytrapped]\n|upkeep\n|turn|18\n|l|\u2606SweatyRon\n|inactive|SweatyRon disconnected and has a minute to reconnect!\n|player|p1|\n|j|\u2606SweatyRon\n|inactive|SweatyRon reconnected and has 110 seconds left.\n|player|p1|SweatyRon|pokefan-gen4\n|\n|t:|1699783496\n|switch|p1a: Dondozo|Dondozo, F|75\/100\n|move|p2a: NEVER LANDOVER|Earthquake|p1a: Dondozo\n|-damage|p1a: Dondozo|44\/100\n|\n|-heal|p1a: Dondozo|50\/100|[from] item: Leftovers\n|-end|p2a: NEVER LANDOVER|Magma Storm|[partiallytrapped]|[silent]\n|upkeep\n|turn|19\n|c| fkmyluck|MY GOAT\n|c| fkmyluck|dont leave\n|\n|t:|1699783513\n|switch|p2a: Slowking|Slowking-Galar, F, tera:Fairy|49\/100\n|move|p1a: Dondozo|Waterfall|p2a: Slowking\n|-damage|p2a: Slowking|18\/100\n|\n|-heal|p1a: Dondozo|57\/100|[from] item: Leftovers\n|upkeep\n|turn|20\n|\n|t:|1699783516\n|move|p1a: Dondozo|Waterfall|p2a: Slowking\n|-damage|p2a: Slowking|0 fnt\n|faint|p2a: Slowking\n|\n|-heal|p1a: Dondozo|63\/100|[from] item: Leftovers\n|upkeep\n|\n|t:|1699783519\n|switch|p2a: Gholdengo|Gholdengo|23\/100\n|turn|21\n|\n|t:|1699783537\n|switch|p1a: Heatran|Heatran, M|100\/100\n|move|p2a: Gholdengo|Recover|p2a: Gholdengo\n|-heal|p2a: Gholdengo|73\/100\n|\n|upkeep\n|turn|22\n|c|\u2606SweatyRon|wifi is ass mb\n|\n|t:|1699783545\n|switch|p2a: Mandibuzz|Mandibuzz, F|100\/100\n|move|p1a: Heatran|Magma Storm|p2a: Mandibuzz|[miss]\n|-miss|p1a: Heatran|p2a: Mandibuzz\n|\n|upkeep\n|turn|23\n|\n|t:|1699783552\n|move|p1a: Heatran|Magma Storm|p2a: Mandibuzz|[miss]\n|-miss|p1a: Heatran|p2a: Mandibuzz\n|move|p2a: Mandibuzz|Foul Play|p1a: Heatran\n|-damage|p1a: Heatran|81\/100\n|\n|-heal|p1a: Heatran|87\/100|[from] item: Leftovers\n|upkeep\n|turn|24\n|\n|t:|1699783555\n|move|p1a: Heatran|Magma Storm|p2a: Mandibuzz\n|-damage|p2a: Mandibuzz|69\/100\n|-activate|p2a: Mandibuzz|move: Magma Storm|[of] p1a: Heatran\n|move|p2a: Mandibuzz|Foul Play|p1a: Heatran\n|-damage|p1a: Heatran|67\/100\n|\n|-heal|p1a: Heatran|73\/100|[from] item: Leftovers\n|-damage|p2a: Mandibuzz|57\/100|[from] move: Magma Storm|[partiallytrapped]\n|upkeep\n|turn|25\n|\n|t:|1699783556\n|move|p1a: Heatran|Taunt|p2a: Mandibuzz\n|-start|p2a: Mandibuzz|move: Taunt\n|move|p2a: Mandibuzz|Foul Play|p1a: Heatran\n|-damage|p1a: Heatran|53\/100\n|\n|-heal|p1a: Heatran|60\/100|[from] item: Leftovers\n|-damage|p2a: Mandibuzz|45\/100|[from] move: Magma Storm|[partiallytrapped]\n|upkeep\n|turn|26\n|c| fkmyluck|all good goat\n|\n|t:|1699783560\n|move|p1a: Heatran|Stealth Rock|p2a: Mandibuzz\n|-sidestart|p2: Sh0lopE3|move: Stealth Rock\n|move|p2a: Mandibuzz|Foul Play|p1a: Heatran\n|-crit|p1a: Heatran\n|-damage|p1a: Heatran|32\/100\n|\n|-heal|p1a: Heatran|38\/100|[from] item: Leftovers\n|-damage|p2a: Mandibuzz|32\/100|[from] move: Magma Storm|[partiallytrapped]\n|upkeep\n|turn|27\n|\n|t:|1699783564\n|move|p1a: Heatran|Magma Storm|p2a: Mandibuzz\n|-damage|p2a: Mandibuzz|0 fnt\n|faint|p2a: Mandibuzz\n|\n|-heal|p1a: Heatran|44\/100|[from] item: Leftovers\n|upkeep\n|c| fkmyluck|ill pay for fiber\n|c| fkmyluck|u need it\n|\n|t:|1699783567\n|switch|p2a: NEVER LANDOVER|Landorus-Therian, M|31\/100\n|-damage|p2a: NEVER LANDOVER|19\/100|[from] Stealth Rock\n|-ability|p2a: NEVER LANDOVER|Intimidate|boost\n|-unboost|p1a: Heatran|atk|1\n|turn|28\n|c|\u2606SweatyRon|xD what\n|c| fkmyluck|crit mattered\n|c| fkmyluck|Verizon Fiber\n|c|\u2606SweatyRon|ohh\n|inactive|SweatyRon has 120 seconds left.\n|\n|t:|1699783610\n|switch|p1a: Dondozo|Dondozo, F|63\/100\n|move|p2a: NEVER LANDOVER|Tera Blast|p1a: Dondozo\n|-damage|p1a: Dondozo|51\/100\n|\n|-heal|p1a: Dondozo|57\/100|[from] item: Leftovers\n|upkeep\n|turn|29\n|c|\u2606Sh0lopE3|oh my god\n|c| fkmyluck|my goat wins theseeee\n|\n|t:|1699783624\n|switch|p2a: Gholdengo|Gholdengo|73\/100\n|-damage|p2a: Gholdengo|67\/100|[from] Stealth Rock\n|move|p1a: Dondozo|Waterfall|p2a: Gholdengo\n|-damage|p2a: Gholdengo|46\/100\n|\n|-heal|p1a: Dondozo|63\/100|[from] item: Leftovers\n|upkeep\n|turn|30\n|\n|t:|1699783629\n|switch|p1a: Zapdos|Zapdos, tera:Steel|99\/100\n|move|p2a: Gholdengo|Thunder Wave|p1a: Zapdos\n|-status|p1a: Zapdos|par\n|\n|upkeep\n|turn|31\n|c|\u2606Sh0lopE3|I just need to be better and full para\n|\n|t:|1699783651\n|move|p2a: Gholdengo|Hex|p1a: Zapdos\n|-damage|p1a: Zapdos|48\/100 par\n|move|p1a: Zapdos|Heat Wave|p2a: Gholdengo\n|-supereffective|p2a: Gholdengo\n|-damage|p2a: Gholdengo|2\/100\n|\n|upkeep\n|turn|32\n|\n|t:|1699783655\n|move|p2a: Gholdengo|Recover|p2a: Gholdengo\n|-heal|p2a: Gholdengo|52\/100\n|move|p1a: Zapdos|Heat Wave|p2a: Gholdengo\n|-supereffective|p2a: Gholdengo\n|-damage|p2a: Gholdengo|11\/100\n|\n|upkeep\n|turn|33\n|c| fkmyluck|noooooo\n|c| fkmyluck|low roll\n|c| fkmyluck|fr\n|c|\u2606Sh0lopE3|goatdengo??\n|c| fkmyluck|no\n|\n|t:|1699783676\n|move|p2a: Gholdengo|Recover|p2a: Gholdengo\n|-heal|p2a: Gholdengo|61\/100\n|move|p1a: Zapdos|Heat Wave|p2a: Gholdengo\n|-supereffective|p2a: Gholdengo\n|-damage|p2a: Gholdengo|14\/100\n|\n|upkeep\n|turn|34\n|c| fkmyluck|Goat SweatyRon\n|\n|t:|1699783683\n|move|p2a: Gholdengo|Recover|p2a: Gholdengo\n|-heal|p2a: Gholdengo|64\/100\n|move|p1a: Zapdos|Volt Switch|p2a: Gholdengo\n|-damage|p2a: Gholdengo|39\/100\n|\n|t:|1699783688\n|switch|p1a: Dragapult|Dragapult, F|39\/100|[from] Volt Switch\n|\n|upkeep\n|turn|35\n|\n|t:|1699783690\n|move|p1a: Dragapult|Phantom Force||[still]\n|-prepare|p1a: Dragapult|Phantom Force\n|move|p2a: Gholdengo|Hex|p1a: Dragapult|[miss]\n|-miss|p2a: Gholdengo|p1a: Dragapult\n|\n|upkeep\n|turn|36\n|c| fkmyluck|on the real tho Ghold got to go next\n|\n|t:|1699783693\n|move|p1a: Dragapult|Phantom Force|p2a: Gholdengo|[from]lockedmove\n|-supereffective|p2a: Gholdengo\n|-damage|p2a: Gholdengo|0 fnt\n|faint|p2a: Gholdengo\n|\n|upkeep\n|\n|t:|1699783696\n|switch|p2a: NEVER LANDOVER|Landorus-Therian, M|19\/100\n|-damage|p2a: NEVER LANDOVER|7\/100|[from] Stealth Rock\n|-ability|p2a: NEVER LANDOVER|Intimidate|boost\n|-unboost|p1a: Dragapult|atk|1\n|turn|37\n|\n|t:|1699783698\n|move|p2a: NEVER LANDOVER|Earthquake|p1a: Dragapult\n|-damage|p1a: Dragapult|0 fnt\n|faint|p1a: Dragapult\n|\n|upkeep\n|\n|t:|1699783700\n|switch|p1a: Dondozo|Dondozo, F|63\/100\n|turn|38\n|c|\u2606Sh0lopE3|Gg\n|\n|t:|1699783703\n|move|p2a: NEVER LANDOVER|Earthquake|p1a: Dondozo\n|-damage|p1a: Dondozo|33\/100\n|move|p1a: Dondozo|Waterfall|p2a: NEVER LANDOVER\n|-supereffective|p2a: NEVER LANDOVER\n|-damage|p2a: NEVER LANDOVER|0 fnt\n|faint|p2a: NEVER LANDOVER\n|\n|win|SweatyRon\n|raw|SweatyRon's rating: 1715 &rarr; <strong>1728<\/strong><br \/>(+13 for winning)\n|raw|Sh0lopE3's rating: 1591 &rarr; <strong>1578<\/strong><br \/>(-13 for losing)\n|j| OUVTripleAxel\n|c|\u2606SweatyRon|gg\n|c| fkmyluck|MY GOAT\n|c| fkmyluck|SweatyRon to Top 10\n|c|\u2606SweatyRon|xD\n|l|\u2606Sh0lopE3\n|c|\u2606SweatyRon|best i have done is top 30\n|c| fkmyluck|na top 10 ez for u\n|c|\u2606SweatyRon|10 is too high tbh\n","uploadtime":1699783734,"views":19,"p1id":"sweatyron","p2id":"sh0lope3","formatid":"gen9ou","rating":1578,"private":0,"password":""}