{"id":"gen9ou-1993877120","p1":"Darkmaniman+Minus","p2":"sidtherockjohnson","format":"[Gen 9] OU","log":"|j|\u2606Darkmaniman+Minus\n|j|\u2606sidtherockjohnson\n|t:|1700368828\n|gametype|singles\n|player|p1|Darkmaniman+Minus|102|1406\n|player|p2|sidtherockjohnson|169|1454\n|teamsize|p1|6\n|teamsize|p2|6\n|gen|9\n|tier|[Gen 9] OU\n|rated|\n|rule|Sleep Clause Mod: Limit one foe put to sleep\n|rule|Species Clause: Limit one of each Pok\u00e9mon\n|rule|OHKO Clause: OHKO moves are banned\n|rule|Evasion Items Clause: Evasion items are banned\n|rule|Evasion Moves Clause: Evasion moves are banned\n|rule|Endless Battle Clause: Forcing endless battles is banned\n|rule|HP Percentage Mod: HP is shown in percentages\n|clearpoke\n|poke|p1|Rillaboom, M|\n|poke|p1|Sneasler, F|\n|poke|p1|Drifblim, M|\n|poke|p1|Heatran, F|\n|poke|p1|Slowking-Galar, F|\n|poke|p1|Iron Valiant|\n|poke|p2|Samurott-Hisui, M|\n|poke|p2|Great Tusk|\n|poke|p2|Clefable, F|\n|poke|p2|Arcanine-Hisui, F|\n|poke|p2|Gholdengo|\n|poke|p2|Zapdos|\n|teampreview\n|inactive|Battle timer is ON: inactive players will automatically lose when time's up. (requested by sidtherockjohnson)\n|\n|t:|1700368855\n|start\n|switch|p1a: Rillaboom|Rillaboom, M|100\/100\n|switch|p2a: Zapdos|Zapdos|100\/100\n|-fieldstart|move: Grassy Terrain|[from] ability: Grassy Surge|[of] p1a: Rillaboom\n|turn|1\n|\n|t:|1700368865\n|switch|p1a: Slowking|Slowking-Galar, F|100\/100\n|move|p2a: Zapdos|Hurricane|p1a: Slowking\n|-damage|p1a: Slowking|66\/100\n|\n|-heal|p1a: Slowking|72\/100|[from] Grassy Terrain\n|upkeep\n|turn|2\n|\n|t:|1700368872\n|move|p2a: Zapdos|Volt Switch|p1a: Slowking\n|-damage|p1a: Slowking|53\/100\n|\n|t:|1700368877\n|switch|p2a: Samurott|Samurott-Hisui, M|100\/100|[from] Volt Switch\n|move|p1a: Slowking|Future Sight|p2a: Samurott\n|-start|p1a: Slowking|move: Future Sight\n|\n|-heal|p1a: Slowking|59\/100|[from] Grassy Terrain\n|upkeep\n|turn|3\n|\n|t:|1700368884\n|move|p2a: Samurott|Ceaseless Edge|p1a: Slowking\n|-supereffective|p1a: Slowking\n|-enditem|p1a: Slowking|Colbur Berry|[eat]\n|-enditem|p1a: Slowking|Colbur Berry|[weaken]\n|-damage|p1a: Slowking|9\/100\n|-sidestart|p1: Darkmaniman+Minus|Spikes\n|move|p1a: Slowking|Focus Blast|p2a: Samurott|[miss]\n|-miss|p1a: Slowking|p2a: Samurott\n|\n|-heal|p1a: Slowking|15\/100|[from] Grassy Terrain\n|upkeep\n|turn|4\n|\n|t:|1700368910\n|switch|p1a: Iron Valiant|Iron Valiant|100\/100\n|-damage|p1a: Iron Valiant|88\/100|[from] Spikes\n|-enditem|p1a: Iron Valiant|Booster Energy\n|-activate|p1a: Iron Valiant|ability: Quark Drive|[fromitem]\n|-start|p1a: Iron Valiant|quarkdrivespe\n|move|p2a: Samurott|Razor Shell|p1a: Iron Valiant\n|-damage|p1a: Iron Valiant|21\/100\n|-unboost|p1a: Iron Valiant|def|1\n|\n|-end|p2a: Samurott|move: Future Sight\n|-immune|p2a: Samurott\n|-heal|p1a: Iron Valiant|27\/100|[from] Grassy Terrain\n|upkeep\n|turn|5\n|\n|t:|1700368922\n|move|p2a: Samurott|Sucker Punch|p1a: Iron Valiant\n|-resisted|p1a: Iron Valiant\n|-damage|p1a: Iron Valiant|11\/100\n|move|p1a: Iron Valiant|Close Combat|p2a: Samurott\n|-supereffective|p2a: Samurott\n|-damage|p2a: Samurott|0 fnt\n|-unboost|p1a: Iron Valiant|def|1\n|-unboost|p1a: Iron Valiant|spd|1\n|faint|p2a: Samurott\n|\n|-heal|p1a: Iron Valiant|17\/100|[from] Grassy Terrain\n|-fieldend|move: Grassy Terrain\n|upkeep\n|\n|t:|1700368943\n|switch|p2a: Gholdengo|Gholdengo|100\/100\n|turn|6\n|\n|t:|1700368951\n|switch|p2a: Zapdos|Zapdos|100\/100\n|move|p1a: Iron Valiant|Knock Off|p2a: Zapdos\n|-damage|p2a: Zapdos|66\/100\n|-damage|p1a: Iron Valiant|1\/100|[from] item: Rocky Helmet|[of] p2a: Zapdos\n|-status|p1a: Iron Valiant|par|[from] ability: Static|[of] p2a: Zapdos\n|-enditem|p2a: Zapdos|Rocky Helmet|[from] move: Knock Off|[of] p1a: Iron Valiant\n|\n|upkeep\n|turn|7\n|\n|t:|1700368959\n|move|p2a: Zapdos|Volt Switch|p1a: Iron Valiant\n|-damage|p1a: Iron Valiant|0 fnt\n|faint|p1a: Iron Valiant\n|-end|p1a: Iron Valiant|Quark Drive|[silent]\n|\n|t:|1700368970\n|switch|p2a: Gholdengo|Gholdengo|100\/100|[from] Volt Switch\n|\n|upkeep\n|\n|t:|1700368975\n|switch|p1a: Rillaboom|Rillaboom, M|100\/100\n|-damage|p1a: Rillaboom|88\/100|[from] Spikes\n|-fieldstart|move: Grassy Terrain|[from] ability: Grassy Surge|[of] p1a: Rillaboom\n|turn|8\n|\n|t:|1700368980\n|switch|p2a: Zapdos|Zapdos|66\/100\n|switch|p1a: Heatran|Heatran, F|100\/100\n|-damage|p1a: Heatran|88\/100|[from] Spikes\n|\n|-heal|p1a: Heatran|94\/100|[from] Grassy Terrain\n|upkeep\n|turn|9\n|\n|t:|1700368989\n|move|p2a: Zapdos|Volt Switch|p1a: Heatran\n|-damage|p1a: Heatran|74\/100\n|\n|t:|1700368994\n|switch|p2a: Great Tusk|Great Tusk|100\/100|[from] Volt Switch\n|move|p1a: Heatran|Stealth Rock|p2a: Great Tusk\n|-sidestart|p2: sidtherockjohnson|move: Stealth Rock\n|\n|-heal|p1a: Heatran|80\/100|[from] Grassy Terrain\n|upkeep\n|turn|10\n|\n|t:|1700369001\n|switch|p1a: Drifblim|Drifblim, M|100\/100\n|-enditem|p1a: Drifblim|Grassy Seed\n|-boost|p1a: Drifblim|def|1|[from] item: Grassy Seed\n|move|p2a: Great Tusk|Knock Off|p1a: Drifblim\n|-supereffective|p1a: Drifblim\n|-damage|p1a: Drifblim|71\/100\n|\n|upkeep\n|turn|11\n|\n|t:|1700369012\n|-end|p2a: Great Tusk|Protosynthesis|[silent]\n|switch|p2a: Clefable|Clefable, F|100\/100\n|-damage|p2a: Clefable|88\/100|[from] Stealth Rock\n|move|p1a: Drifblim|Calm Mind|p1a: Drifblim\n|-boost|p1a: Drifblim|spa|1\n|-boost|p1a: Drifblim|spd|1\n|\n|-heal|p2a: Clefable|94\/100|[from] Grassy Terrain\n|-heal|p2a: Clefable|99\/100|[from] item: Leftovers\n|upkeep\n|turn|12\n|\n|t:|1700369022\n|move|p1a: Drifblim|Will-O-Wisp|p2a: Clefable\n|-status|p2a: Clefable|brn\n|move|p2a: Clefable|Wish|p2a: Clefable\n|\n|-heal|p2a: Clefable|100\/100 brn|[from] Grassy Terrain\n|-damage|p2a: Clefable|94\/100 brn|[from] brn\n|-fieldend|move: Grassy Terrain\n|upkeep\n|turn|13\n|\n|t:|1700369029\n|move|p1a: Drifblim|Strength Sap|p2a: Clefable\n|-unboost|p2a: Clefable|atk|1\n|-heal|p1a: Drifblim|97\/100\n|move|p2a: Clefable|Thunder Wave|p1a: Drifblim\n|-status|p1a: Drifblim|par\n|\n|-heal|p2a: Clefable|100\/100 brn|[from] move: Wish|[wisher] Clefable\n|-damage|p2a: Clefable|94\/100 brn|[from] brn\n|upkeep\n|turn|14\n|\n|t:|1700369040\n|move|p1a: Drifblim|Shadow Ball|p2a: Clefable\n|-damage|p2a: Clefable|77\/100 brn\n|move|p2a: Clefable|Stealth Rock|p1a: Drifblim\n|-sidestart|p1: Darkmaniman+Minus|move: Stealth Rock\n|\n|-heal|p2a: Clefable|83\/100 brn|[from] item: Leftovers\n|-damage|p2a: Clefable|77\/100 brn|[from] brn\n|upkeep\n|turn|15\n|\n|t:|1700369047\n|move|p1a: Drifblim|Calm Mind|p1a: Drifblim\n|-boost|p1a: Drifblim|spa|1\n|-boost|p1a: Drifblim|spd|1\n|move|p2a: Clefable|Wish|p2a: Clefable\n|\n|-heal|p2a: Clefable|83\/100 brn|[from] item: Leftovers\n|-damage|p2a: Clefable|77\/100 brn|[from] brn\n|upkeep\n|turn|16\n|\n|t:|1700369064\n|move|p1a: Drifblim|Will-O-Wisp|p2a: Clefable\n|-fail|p2a: Clefable|brn\n|move|p2a: Clefable|Moonblast|p1a: Drifblim\n|-damage|p1a: Drifblim|63\/100 par\n|\n|-heal|p2a: Clefable|100\/100 brn|[from] move: Wish|[wisher] Clefable\n|-damage|p2a: Clefable|94\/100 brn|[from] brn\n|upkeep\n|turn|17\n|\n|t:|1700369073\n|cant|p1a: Drifblim|par\n|move|p2a: Clefable|Moonblast|p1a: Drifblim\n|-damage|p1a: Drifblim|28\/100 par\n|\n|-heal|p2a: Clefable|100\/100 brn|[from] item: Leftovers\n|-damage|p2a: Clefable|94\/100 brn|[from] brn\n|upkeep\n|turn|18\n|\n|t:|1700369080\n|cant|p1a: Drifblim|par\n|move|p2a: Clefable|Moonblast|p1a: Drifblim\n|-damage|p1a: Drifblim|0 fnt\n|faint|p1a: Drifblim\n|\n|-heal|p2a: Clefable|100\/100 brn|[from] item: Leftovers\n|-damage|p2a: Clefable|94\/100 brn|[from] brn\n|upkeep\n|c|\u2606Darkmaniman+Minus|I guess\n|\n|t:|1700369092\n|switch|p1a: Heatran|Heatran, F|80\/100\n|-damage|p1a: Heatran|68\/100|[from] Spikes\n|-damage|p1a: Heatran|55\/100|[from] Stealth Rock\n|turn|19\n|\n|t:|1700369102\n|switch|p2a: Great Tusk|Great Tusk|100\/100\n|-damage|p2a: Great Tusk|98\/100|[from] Stealth Rock\n|move|p1a: Heatran|Magma Storm|p2a: Great Tusk|[miss]\n|-miss|p1a: Heatran|p2a: Great Tusk\n|\n|-heal|p2a: Great Tusk|100\/100|[from] item: Leftovers\n|upkeep\n|turn|20\n|\n|t:|1700369111\n|move|p2a: Great Tusk|Rapid Spin|p1a: Heatran\n|-resisted|p1a: Heatran\n|-damage|p1a: Heatran|47\/100\n|-boost|p2a: Great Tusk|spe|1\n|-sideend|p2: sidtherockjohnson|Stealth Rock|[from] move: Rapid Spin|[of] p2a: Great Tusk\n|move|p1a: Heatran|Magma Storm|p2a: Great Tusk\n|-damage|p2a: Great Tusk|41\/100\n|-activate|p2a: Great Tusk|move: Magma Storm|[of] p1a: Heatran\n|\n|-heal|p2a: Great Tusk|47\/100|[from] item: Leftovers\n|-damage|p2a: Great Tusk|30\/100|[from] move: Magma Storm|[partiallytrapped]\n|upkeep\n|turn|21\n|\n|t:|1700369122\n|move|p1a: Heatran|Protect|p1a: Heatran\n|-singleturn|p1a: Heatran|Protect\n|move|p2a: Great Tusk|Earthquake|p1a: Heatran\n|-activate|p1a: Heatran|move: Protect\n|\n|-heal|p2a: Great Tusk|37\/100|[from] item: Leftovers\n|-damage|p2a: Great Tusk|20\/100|[from] move: Magma Storm|[partiallytrapped]\n|upkeep\n|turn|22\n|\n|t:|1700369141\n|switch|p1a: Rillaboom|Rillaboom, M|88\/100\n|-damage|p1a: Rillaboom|76\/100|[from] Spikes\n|-damage|p1a: Rillaboom|64\/100|[from] Stealth Rock\n|-fieldstart|move: Grassy Terrain|[from] ability: Grassy Surge|[of] p1a: Rillaboom\n|move|p2a: Great Tusk|Close Combat|p1a: Rillaboom\n|-crit|p1a: Rillaboom\n|-damage|p1a: Rillaboom|0 fnt\n|-unboost|p2a: Great Tusk|def|1\n|-unboost|p2a: Great Tusk|spd|1\n|faint|p1a: Rillaboom\n|\n|-heal|p2a: Great Tusk|26\/100|[from] Grassy Terrain\n|-heal|p2a: Great Tusk|33\/100|[from] item: Leftovers\n|-end|p2a: Great Tusk|Magma Storm|[partiallytrapped]|[silent]\n|upkeep\n|\n|t:|1700369146\n|switch|p1a: Sneasler|Sneasler, F|100\/100\n|-damage|p1a: Sneasler|88\/100|[from] Spikes\n|-damage|p1a: Sneasler|82\/100|[from] Stealth Rock\n|-enditem|p1a: Sneasler|Grassy Seed\n|-boost|p1a: Sneasler|def|1|[from] item: Grassy Seed\n|turn|23\n|c|\u2606sidtherockjohnson|damn bro\n|\n|t:|1700369172\n|move|p1a: Sneasler|Close Combat|p2a: Great Tusk\n|-damage|p2a: Great Tusk|0 fnt\n|-unboost|p1a: Sneasler|def|1\n|-unboost|p1a: Sneasler|spd|1\n|faint|p2a: Great Tusk\n|-end|p2a: Great Tusk|Protosynthesis|[silent]\n|\n|-heal|p1a: Sneasler|88\/100|[from] Grassy Terrain\n|upkeep\n|inactive|sidtherockjohnson has 120 seconds left.\n|\n|t:|1700369187\n|switch|p2a: Clefable|Clefable, F|94\/100 brn\n|turn|24\n|\n|t:|1700369190\n|-terastallize|p2a: Clefable|Steel\n|move|p1a: Sneasler|Dire Claw|p2a: Clefable\n|-immune|p2a: Clefable\n|move|p2a: Clefable|Thunder Wave|p1a: Sneasler\n|-status|p1a: Sneasler|par\n|\n|-heal|p1a: Sneasler|94\/100 par|[from] Grassy Terrain\n|-heal|p2a: Clefable|100\/100 brn|[from] Grassy Terrain\n|-damage|p2a: Clefable|94\/100 brn|[from] brn\n|upkeep\n|turn|25\n|\n|t:|1700369201\n|cant|p1a: Sneasler|par\n|move|p2a: Clefable|Moonblast|p1a: Sneasler\n|-damage|p1a: Sneasler|51\/100 par\n|\n|-heal|p1a: Sneasler|57\/100 par|[from] Grassy Terrain\n|-heal|p2a: Clefable|100\/100 brn|[from] Grassy Terrain\n|-damage|p2a: Clefable|94\/100 brn|[from] brn\n|upkeep\n|turn|26\n|\n|t:|1700369209\n|move|p1a: Sneasler|Swords Dance|p1a: Sneasler\n|-boost|p1a: Sneasler|atk|2\n|move|p2a: Clefable|Moonblast|p1a: Sneasler\n|-damage|p1a: Sneasler|17\/100 par\n|\n|-heal|p1a: Sneasler|23\/100 par|[from] Grassy Terrain\n|-heal|p2a: Clefable|100\/100 brn|[from] Grassy Terrain\n|-damage|p2a: Clefable|94\/100 brn|[from] brn\n|-fieldend|move: Grassy Terrain\n|upkeep\n|turn|27\n|\n|t:|1700369218\n|switch|p2a: Zapdos|Zapdos|66\/100\n|move|p1a: Sneasler|Close Combat|p2a: Zapdos\n|-resisted|p2a: Zapdos\n|-crit|p2a: Zapdos\n|-damage|p2a: Zapdos|0 fnt\n|-unboost|p1a: Sneasler|def|1\n|-unboost|p1a: Sneasler|spd|1\n|faint|p2a: Zapdos\n|\n|upkeep\n|\n|t:|1700369238\n|switch|p2a: Arcanine|Arcanine-Hisui, F|100\/100\n|turn|28\n|\n|t:|1700369241\n|move|p2a: Arcanine|Extreme Speed|p1a: Sneasler\n|-damage|p1a: Sneasler|0 fnt\n|faint|p1a: Sneasler\n|\n|upkeep\n|\n|t:|1700369243\n|switch|p1a: Heatran|Heatran, F|47\/100\n|-damage|p1a: Heatran|34\/100|[from] Spikes\n|-damage|p1a: Heatran|22\/100|[from] Stealth Rock\n|turn|29\n|\n|t:|1700369249\n|switch|p2a: Clefable|Clefable, F, tera:Steel|94\/100 brn\n|move|p1a: Heatran|Stealth Rock|p2a: Clefable\n|-sidestart|p2: sidtherockjohnson|move: Stealth Rock\n|\n|-heal|p2a: Clefable|100\/100 brn|[from] item: Leftovers\n|-damage|p2a: Clefable|94\/100 brn|[from] brn\n|upkeep\n|turn|30\n|\n|t:|1700369258\n|move|p1a: Heatran|Taunt|p2a: Clefable\n|-start|p2a: Clefable|move: Taunt\n|cant|p2a: Clefable|move: Taunt|Thunder Wave\n|\n|-heal|p2a: Clefable|100\/100 brn|[from] item: Leftovers\n|-damage|p2a: Clefable|94\/100 brn|[from] brn\n|upkeep\n|turn|31\n|\n|t:|1700369266\n|switch|p2a: Arcanine|Arcanine-Hisui, F|100\/100\n|-damage|p2a: Arcanine|76\/100|[from] Stealth Rock\n|move|p1a: Heatran|Magma Storm|p2a: Arcanine|[miss]\n|-miss|p1a: Heatran|p2a: Arcanine\n|\n|upkeep\n|turn|32\n|\n|t:|1700369274\n|move|p1a: Heatran|Protect|p1a: Heatran\n|-singleturn|p1a: Heatran|Protect\n|move|p2a: Arcanine|Head Smash|p1a: Heatran\n|-activate|p1a: Heatran|move: Protect\n|\n|upkeep\n|turn|33\n|c|\u2606Darkmaniman+Minus|So unlucky this whole game\n|c|\u2606sidtherockjohnson|its ight\n|c|\u2606Darkmaniman+Minus|Surely you can miss an attack\n|c|\u2606sidtherockjohnson|like thanos said\n|inactive|sidtherockjohnson has 120 seconds left.\n|c|\u2606sidtherockjohnson|perfectly balanced\n|c|\u2606sidtherockjohnson|or some shit\n|\n|t:|1700369311\n|move|p2a: Arcanine|Head Smash|p1a: Heatran\n|-damage|p1a: Heatran|0 fnt\n|faint|p1a: Heatran\n|\n|upkeep\n|\n|t:|1700369318\n|switch|p1a: Slowking|Slowking-Galar, F|48\/100\n|-damage|p1a: Slowking|36\/100|[from] Spikes\n|-damage|p1a: Slowking|23\/100|[from] Stealth Rock\n|turn|34\n|\n|t:|1700369326\n|move|p2a: Arcanine|Head Smash|p1a: Slowking|[miss]\n|-miss|p2a: Arcanine|p1a: Slowking\n|move|p1a: Slowking|Focus Blast|p2a: Arcanine\n|-supereffective|p2a: Arcanine\n|-damage|p2a: Arcanine|3\/100\n|\n|upkeep\n|turn|35\n|c|\u2606sidtherockjohnson|see\n|c|\u2606sidtherockjohnson|:)\n|\n|t:|1700369334\n|move|p2a: Arcanine|Head Smash|p1a: Slowking\n|-damage|p1a: Slowking|0 fnt\n|faint|p1a: Slowking\n|\n|win|sidtherockjohnson\n|raw|Darkmaniman+Minus's rating: 1406 &rarr; <strong>1389<\/strong><br \/>(-17 for losing)\n|raw|sidtherockjohnson's rating: 1454 &rarr; <strong>1471<\/strong><br \/>(+17 for winning)\n|l|\u2606Darkmaniman+Minus\n","uploadtime":1700369343,"views":12,"p1id":"darkmanimanminus","p2id":"sidtherockjohnson","formatid":"gen9ou","rating":1389,"private":0,"password":""}