{"id":"gen9ou-1990441794","p1":"Fortune Meow","p2":"Bohbohboh","format":"[Gen 9] OU","log":"|j|\u2606Fortune Meow\n|j|\u2606Bohbohboh\n|t:|1699971333\n|gametype|singles\n|player|p1|Fortune Meow|burglar|\n|player|p2|Bohbohboh|101|\n|teamsize|p1|6\n|teamsize|p2|6\n|gen|9\n|tier|[Gen 9] OU\n|rule|Sleep Clause Mod: Limit one foe put to sleep\n|rule|Species Clause: Limit one of each Pok\u00e9mon\n|rule|OHKO Clause: OHKO moves are banned\n|rule|Evasion Items Clause: Evasion items are banned\n|rule|Evasion Moves Clause: Evasion moves are banned\n|rule|Endless Battle Clause: Forcing endless battles is banned\n|rule|HP Percentage Mod: HP is shown in percentages\n|clearpoke\n|poke|p1|Gurdurr, F|\n|poke|p1|Ursaring, F|\n|poke|p1|Hoopa|\n|poke|p1|Hypno, M|\n|poke|p1|Decidueye, F|\n|poke|p1|Goodra-Hisui, M|\n|poke|p2|Typhlosion, F|\n|poke|p2|Weezing-Galar, F|\n|poke|p2|Electrode|\n|poke|p2|Hippowdon, F|\n|poke|p2|Arbok, M|\n|poke|p2|Trevenant, F|\n|teampreview\n|inactive|Battle timer is ON: inactive players will automatically lose when time's up. (requested by Fortune Meow)\n|\n|t:|1699971349\n|start\n|switch|p1a: Hypno|Hypno, M|100\/100\n|switch|p2a: Typhlosion|Typhlosion, F, shiny|100\/100\n|turn|1\n|\n|t:|1699971358\n|switch|p2a: Trevenant|Trevenant, F, shiny|100\/100\n|-item|p1a: Hypno|Light Clay|[from] ability: Frisk|[of] p2a: Trevenant|[identify]\n|move|p1a: Hypno|Light Screen|p1a: Hypno\n|-sidestart|p1: Fortune Meow|move: Light Screen\n|\n|upkeep\n|turn|2\n|\n|t:|1699971364\n|move|p1a: Hypno|Hypnosis|p2a: Trevenant\n|-status|p2a: Trevenant|slp|[from] move: Hypnosis\n|cant|p2a: Trevenant|slp\n|\n|upkeep\n|turn|3\n|\n|t:|1699971377\n|switch|p1a: Hoopa|Hoopa|100\/100\n|cant|p2a: Trevenant|slp\n|\n|upkeep\n|turn|4\n|j| BIued\n|\n|t:|1699971383\n|-terastallize|p1a: Hoopa|Fairy\n|-curestatus|p2a: Trevenant|slp|[msg]\n|move|p2a: Trevenant|Protect|p2a: Trevenant\n|-singleturn|p2a: Trevenant|Protect\n|move|p1a: Hoopa|Calm Mind|p1a: Hoopa\n|-boost|p1a: Hoopa|spa|1\n|-boost|p1a: Hoopa|spd|1\n|\n|upkeep\n|turn|5\n|c| BIued|Hi\n|\n|t:|1699971399\n|move|p1a: Hoopa|Calm Mind|p1a: Hoopa\n|-boost|p1a: Hoopa|spa|1\n|-boost|p1a: Hoopa|spd|1\n|move|p2a: Trevenant|Knock Off|p1a: Hoopa\n|-resisted|p1a: Hoopa\n|-damage|p1a: Hoopa|81\/100\n|-enditem|p1a: Hoopa|Leftovers|[from] move: Knock Off|[of] p2a: Trevenant\n|\n|upkeep\n|turn|6\n|\n|t:|1699971408\n|switch|p2a: Electrode|Electrode, shiny|100\/100\n|move|p1a: Hoopa|Shadow Ball|p2a: Electrode\n|-enditem|p2a: Electrode|Focus Sash\n|-damage|p2a: Electrode|1\/100\n|\n|upkeep\n|turn|7\n|\n|t:|1699971424\n|switch|p1a: Decidueye|Decidueye, F|100\/100\n|move|p2a: Electrode|Explosion|p1a: Decidueye\n|-immune|p1a: Decidueye\n|faint|p2a: Electrode\n|\n|upkeep\n|\n|t:|1699971431\n|switch|p2a: Typhlosion|Typhlosion, F, shiny|100\/100\n|turn|8\n|c| BIued|Bro\n|c|\u2606Fortune Meow|Peww\n|\n|t:|1699971445\n|move|p2a: Typhlosion|Flamethrower|p1a: Decidueye\n|-supereffective|p1a: Decidueye\n|-damage|p1a: Decidueye|56\/100\n|move|p1a: Decidueye|Brave Bird|p2a: Typhlosion\n|-damage|p2a: Typhlosion|51\/100\n|-damage|p1a: Decidueye|40\/100|[from] Recoil\n|\n|-sideend|p1: Fortune Meow|move: Light Screen\n|upkeep\n|turn|9\n|c| BIued|Scuffed\n|\n|t:|1699971453\n|switch|p1a: Hypno|Hypno, M|100\/100\n|move|p2a: Typhlosion|Flamethrower|p1a: Hypno\n|-damage|p1a: Hypno|71\/100\n|\n|upkeep\n|turn|10\n|\n|t:|1699971461\n|switch|p2a: Arbok|Arbok, M, shiny|100\/100\n|-ability|p2a: Arbok|Intimidate|boost\n|-unboost|p1a: Hypno|atk|1\n|move|p1a: Hypno|Light Screen|p1a: Hypno\n|-sidestart|p1: Fortune Meow|move: Light Screen\n|\n|upkeep\n|turn|11\n|c| BIued|Why flameth\n|\n|t:|1699971469\n|move|p2a: Arbok|Knock Off|p1a: Hypno\n|-supereffective|p1a: Hypno\n|-damage|p1a: Hypno|18\/100\n|-enditem|p1a: Hypno|Light Clay|[from] move: Knock Off|[of] p2a: Arbok\n|move|p1a: Hypno|Reflect|p1a: Hypno\n|-sidestart|p1: Fortune Meow|Reflect\n|\n|upkeep\n|turn|12\n|\n|t:|1699971481\n|move|p2a: Arbok|Knock Off|p1a: Hypno\n|-supereffective|p1a: Hypno\n|-damage|p1a: Hypno|0 fnt\n|faint|p1a: Hypno\n|\n|upkeep\n|j| SameAstolfo\n|j| smalliq\n|\n|t:|1699971495\n|switch|p1a: Hoopa|Hoopa, tera:Fairy|81\/100\n|turn|13\n|\n|t:|1699971498\n|move|p2a: Arbok|Gunk Shot|p1a: Hoopa\n|-supereffective|p1a: Hoopa\n|-damage|p1a: Hoopa|0 fnt\n|faint|p1a: Hoopa\n|\n|upkeep\n|l| BIued\n|\n|t:|1699971501\n|switch|p1a: Goodra|Goodra-Hisui, M|100\/100\n|turn|14\n|c|\u2606Bohbohboh|bro\n|\n|t:|1699971507\n|move|p2a: Arbok|Knock Off|p1a: Goodra\n|-damage|p1a: Goodra|90\/100\n|-enditem|p1a: Goodra|Sitrus Berry|[from] move: Knock Off|[of] p2a: Arbok\n|move|p1a: Goodra|Acid Armor|p1a: Goodra\n|-boost|p1a: Goodra|def|2\n|\n|upkeep\n|turn|15\n|c| smalliq|C\u0169ng m\u1ea1nh\n|\n|t:|1699971513\n|switch|p2a: Hippowdon|Hippowdon, F, shiny|100\/100\n|-weather|Sandstorm|[from] ability: Sand Stream|[of] p2a: Hippowdon\n|move|p1a: Goodra|Acid Armor|p1a: Goodra\n|-boost|p1a: Goodra|def|2\n|\n|-weather|Sandstorm|[upkeep]\n|-sideend|p1: Fortune Meow|Reflect\n|upkeep\n|turn|16\n|j| BIued\n|c| SameAstolfo|Hi\n|\n|t:|1699971517\n|move|p1a: Goodra|Body Press|p2a: Hippowdon\n|-damage|p2a: Hippowdon|60\/100\n|move|p2a: Hippowdon|Whirlwind|p1a: Goodra\n|drag|p1a: Ursaring|Ursaring, F|100\/100\n|\n|-weather|Sandstorm|[upkeep]\n|-damage|p1a: Ursaring|94\/100|[from] Sandstorm\n|-heal|p2a: Hippowdon|66\/100|[from] item: Leftovers\n|upkeep\n|turn|17\n|c| smalliq|Gi\u00f3\n|\n|t:|1699971524\n|move|p1a: Ursaring|Rest|p1a: Ursaring\n|-status|p1a: Ursaring|slp|[from] move: Rest\n|-heal|p1a: Ursaring|100\/100 slp|[silent]\n|move|p2a: Hippowdon|Stealth Rock|p1a: Ursaring\n|-sidestart|p1: Fortune Meow|move: Stealth Rock\n|\n|-weather|Sandstorm|[upkeep]\n|-damage|p1a: Ursaring|94\/100 slp|[from] Sandstorm\n|-heal|p2a: Hippowdon|72\/100|[from] item: Leftovers\n|-sideend|p1: Fortune Meow|move: Light Screen\n|upkeep\n|turn|18\n|\n|t:|1699971529\n|cant|p1a: Ursaring|slp\n|move|p1a: Ursaring|Sleep Talk|p1a: Ursaring\n|move|p1a: Ursaring|Facade|p2a: Hippowdon|[from]move: Sleep Talk\n|-damage|p2a: Hippowdon|47\/100\n|move|p2a: Hippowdon|Whirlwind|p1a: Ursaring\n|drag|p1a: Decidueye|Decidueye, F|40\/100\n|-damage|p1a: Decidueye|27\/100|[from] Stealth Rock\n|\n|-weather|Sandstorm|[upkeep]\n|-damage|p1a: Decidueye|21\/100|[from] Sandstorm\n|-heal|p2a: Hippowdon|53\/100|[from] item: Leftovers\n|upkeep\n|turn|19\n|\n|t:|1699971539\n|switch|p2a: Trevenant|Trevenant, F, shiny|100\/100\n|-item|p1a: Decidueye|Choice Scarf|[from] ability: Frisk|[of] p2a: Trevenant|[identify]\n|move|p1a: Decidueye|Defog|p2a: Trevenant\n|-unboost|p2a: Trevenant|evasion|1\n|-sideend|p1: Fortune Meow|Stealth Rock|[from] move: Defog|[of] p1a: Decidueye\n|\n|-weather|none\n|upkeep\n|turn|20\n|c| BIued|Freddy fazbear\n|c| SameAstolfo|c\u1ed1 l\u00eannn\n|c| smalliq|C\u0169ng m\u1ea1nh\n|\n|t:|1699971549\n|switch|p1a: Gurdurr|Gurdurr, F|100\/100\n|move|p2a: Trevenant|Protect||[still]\n|-fail|p2a: Trevenant\n|\n|upkeep\n|turn|21\n|\n|t:|1699971566\n|move|p2a: Trevenant|Knock Off|p1a: Gurdurr\n|-resisted|p1a: Gurdurr\n|-damage|p1a: Gurdurr|92\/100\n|-enditem|p1a: Gurdurr|Eviolite|[from] move: Knock Off|[of] p2a: Trevenant\n|move|p1a: Gurdurr|High Horsepower|p2a: Trevenant\n|-resisted|p2a: Trevenant\n|-damage|p2a: Trevenant|86\/100\n|\n|upkeep\n|turn|22\n|c|\u2606Bohbohboh|j \u0111\u1ea5y\n|\n|t:|1699971578\n|move|p2a: Trevenant|Horn Leech|p1a: Gurdurr\n|-damage|p1a: Gurdurr|62\/100\n|-heal|p2a: Trevenant|99\/100|[from] drain|[of] p1a: Gurdurr\n|move|p1a: Gurdurr|Rest|p1a: Gurdurr\n|-status|p1a: Gurdurr|slp|[from] move: Rest\n|-heal|p1a: Gurdurr|100\/100 slp|[silent]\n|\n|upkeep\n|turn|23\n|c| BIued|Mind game\n|\n|t:|1699971592\n|move|p2a: Trevenant|Horn Leech|p1a: Gurdurr\n|-damage|p1a: Gurdurr|72\/100 slp\n|-heal|p2a: Trevenant|100\/100|[from] drain|[of] p1a: Gurdurr\n|cant|p1a: Gurdurr|slp\n|move|p1a: Gurdurr|Sleep Talk|p1a: Gurdurr\n|move|p1a: Gurdurr|Facade|p2a: Trevenant|[from]move: Sleep Talk\n|-immune|p2a: Trevenant\n|\n|upkeep\n|turn|24\n|c|\u2606Fortune Meow|Lol\n|c| smalliq|Tr\u01b0\u1edbc l\u00e0 si\u00eau n\u1eafng\n|c| SameAstolfo|H\u00ecnh nh\u01b0 ko c\u00f3 chi\u00eau\n|c| smalliq|Gi\u1edd l\u00e0 si\u00eau ng\u1ee7 \u00e0\n|c|\u2606Fortune Meow|K c\u00f3 move \u0111\u1ea5m con n\u00e0y\n|j| Yankiken\n|\n|t:|1699971608\n|move|p2a: Trevenant|Horn Leech|p1a: Gurdurr\n|-damage|p1a: Gurdurr|45\/100 slp\n|cant|p1a: Gurdurr|slp\n|move|p1a: Gurdurr|Sleep Talk|p1a: Gurdurr\n|move|p1a: Gurdurr|High Horsepower|p2a: Trevenant|[from]move: Sleep Talk\n|-resisted|p2a: Trevenant\n|-damage|p2a: Trevenant|80\/100\n|\n|upkeep\n|turn|25\n|\n|t:|1699971616\n|move|p2a: Trevenant|Knock Off|p1a: Gurdurr\n|-resisted|p1a: Gurdurr\n|-damage|p1a: Gurdurr|38\/100 slp\n|-curestatus|p1a: Gurdurr|slp|[msg]\n|move|p1a: Gurdurr|Rest|p1a: Gurdurr\n|-status|p1a: Gurdurr|slp|[from] move: Rest\n|-heal|p1a: Gurdurr|100\/100 slp|[silent]\n|\n|upkeep\n|turn|26\n|c| BIued|Battle of centuries\n|\n|t:|1699971634\n|switch|p1a: Goodra|Goodra-Hisui, M|90\/100\n|move|p2a: Trevenant|Protect||[still]\n|-fail|p2a: Trevenant\n|\n|upkeep\n|turn|27\n|\n|t:|1699971642\n|switch|p2a: Weezing|Weezing-Galar, F, shiny|100\/100\n|move|p1a: Goodra|Acid Armor|p1a: Goodra\n|-boost|p1a: Goodra|def|2\n|\n|upkeep\n|turn|28\n|\n|t:|1699971645\n|move|p1a: Goodra|Heavy Slam|p2a: Weezing\n|-supereffective|p2a: Weezing\n|-damage|p2a: Weezing|34\/100\n|move|p2a: Weezing|Haze|p2a: Weezing\n|-clearallboost\n|\n|-heal|p2a: Weezing|40\/100|[from] item: Black Sludge\n|upkeep\n|turn|29\n|\n|t:|1699971652\n|switch|p1a: Gurdurr|Gurdurr, F|100\/100 slp\n|switch|p2a: Hippowdon|Hippowdon, F, shiny|53\/100\n|-weather|Sandstorm|[from] ability: Sand Stream|[of] p2a: Hippowdon\n|\n|-weather|Sandstorm|[upkeep]\n|-damage|p1a: Gurdurr|94\/100 slp|[from] Sandstorm\n|-heal|p2a: Hippowdon|59\/100|[from] item: Leftovers\n|upkeep\n|turn|30\n|\n|t:|1699971658\n|move|p2a: Hippowdon|Stealth Rock|p1a: Gurdurr\n|-sidestart|p1: Fortune Meow|move: Stealth Rock\n|cant|p1a: Gurdurr|slp\n|move|p1a: Gurdurr|Sleep Talk|p1a: Gurdurr\n|move|p1a: Gurdurr|High Horsepower|p2a: Hippowdon|[from]move: Sleep Talk\n|-damage|p2a: Hippowdon|39\/100\n|\n|-weather|Sandstorm|[upkeep]\n|-damage|p1a: Gurdurr|88\/100 slp|[from] Sandstorm\n|-heal|p2a: Hippowdon|45\/100|[from] item: Leftovers\n|upkeep\n|turn|31\n|\n|t:|1699971667\n|switch|p2a: Trevenant|Trevenant, F, shiny|80\/100\n|cant|p1a: Gurdurr|slp\n|move|p1a: Gurdurr|Sleep Talk|p1a: Gurdurr\n|move|p1a: Gurdurr|Rest||[from]move: Sleep Talk|[still]\n|-fail|p1a: Gurdurr\n|\n|-weather|Sandstorm|[upkeep]\n|-damage|p2a: Trevenant|74\/100|[from] Sandstorm\n|-damage|p1a: Gurdurr|82\/100 slp|[from] Sandstorm\n|upkeep\n|turn|32\n|c| BIued|;)\n|\n|t:|1699971672\n|switch|p1a: Goodra|Goodra-Hisui, M|90\/100\n|-damage|p1a: Goodra|84\/100|[from] Stealth Rock\n|move|p2a: Trevenant|Horn Leech|p1a: Goodra\n|-resisted|p1a: Goodra\n|-damage|p1a: Goodra|78\/100\n|-heal|p2a: Trevenant|77\/100|[from] drain|[of] p1a: Goodra\n|\n|-weather|Sandstorm|[upkeep]\n|-damage|p2a: Trevenant|71\/100|[from] Sandstorm\n|upkeep\n|turn|33\n|\n|t:|1699971679\n|switch|p2a: Arbok|Arbok, M, shiny|100\/100\n|-ability|p2a: Arbok|Intimidate|boost\n|-unboost|p1a: Goodra|atk|1\n|move|p1a: Goodra|Acid Armor|p1a: Goodra\n|-boost|p1a: Goodra|def|2\n|\n|-weather|none\n|upkeep\n|turn|34\n|\n|t:|1699971684\n|move|p2a: Arbok|Earthquake|p1a: Goodra\n|-supereffective|p1a: Goodra\n|-damage|p1a: Goodra|54\/100\n|move|p1a: Goodra|Life Dew|p1a: Goodra\n|-heal|p1a: Goodra|79\/100\n|\n|upkeep\n|turn|35\n|c| Yankiken|Set move ncct\n|\n|t:|1699971693\n|move|p2a: Arbok|Earthquake|p1a: Goodra\n|-supereffective|p1a: Goodra\n|-damage|p1a: Goodra|56\/100\n|move|p1a: Goodra|Acid Armor|p1a: Goodra\n|-boost|p1a: Goodra|def|2\n|\n|upkeep\n|turn|36\n|c|\u2606Fortune Meow|Sheel armor\n|c|\u2606Fortune Meow|Ki\u1ebfp sau crit\n|\n|t:|1699971719\n|switch|p2a: Hippowdon|Hippowdon, F, shiny|45\/100\n|-weather|Sandstorm|[from] ability: Sand Stream|[of] p2a: Hippowdon\n|move|p1a: Goodra|Life Dew|p1a: Goodra\n|-heal|p1a: Goodra|81\/100\n|\n|-weather|Sandstorm|[upkeep]\n|-heal|p2a: Hippowdon|51\/100|[from] item: Leftovers\n|upkeep\n|turn|37\n|c| Yankiken|C\u00f3 rest ko\n|c| Yankiken|\u00c0 ko\n|c| SameAstolfo|Wao\n|\n|t:|1699971730\n|move|p1a: Goodra|Body Press|p2a: Hippowdon\n|-damage|p2a: Hippowdon|15\/100\n|move|p2a: Hippowdon|Whirlwind|p1a: Goodra\n|drag|p1a: Ursaring|Ursaring, F|94\/100 slp\n|-damage|p1a: Ursaring|82\/100 slp|[from] Stealth Rock\n|\n|-weather|Sandstorm|[upkeep]\n|-damage|p1a: Ursaring|76\/100 slp|[from] Sandstorm\n|-heal|p2a: Hippowdon|21\/100|[from] item: Leftovers\n|upkeep\n|turn|38\n|c| SameAstolfo|M\u1edbi b\u1ecf \u0111i m\u1ed9t x\u00edu\n|c| SameAstolfo|S\u1eafp l\u1eadt k\u00e8o r\u00f9i sao\n|\n|t:|1699971747\n|cant|p1a: Ursaring|slp\n|move|p1a: Ursaring|Sleep Talk|p1a: Ursaring\n|move|p1a: Ursaring|Facade|p2a: Hippowdon|[from]move: Sleep Talk\n|-damage|p2a: Hippowdon|0 fnt\n|faint|p2a: Hippowdon\n|\n|-weather|Sandstorm|[upkeep]\n|-damage|p1a: Ursaring|70\/100 slp|[from] Sandstorm\n|upkeep\n|c| BIued|erm\n|c| SameAstolfo|Oh no\n|c| BIued|PagMan\n|\n|t:|1699971768\n|switch|p2a: Trevenant|Trevenant, F, shiny|71\/100\n|-item|p1a: Ursaring|Eviolite|[from] ability: Frisk|[of] p2a: Trevenant|[identify]\n|turn|39\n|\n|t:|1699971772\n|switch|p1a: Gurdurr|Gurdurr, F|82\/100 slp\n|-damage|p1a: Gurdurr|76\/100 slp|[from] Stealth Rock\n|move|p2a: Trevenant|Knock Off|p1a: Gurdurr\n|-resisted|p1a: Gurdurr\n|-damage|p1a: Gurdurr|68\/100 slp\n|\n|-weather|Sandstorm|[upkeep]\n|-damage|p2a: Trevenant|64\/100|[from] Sandstorm\n|-damage|p1a: Gurdurr|62\/100 slp|[from] Sandstorm\n|upkeep\n|turn|40\n|c| BIued|Eviolite?\n|\n|t:|1699971783\n|move|p2a: Trevenant|Horn Leech|p1a: Gurdurr\n|-damage|p1a: Gurdurr|35\/100 slp\n|-heal|p2a: Trevenant|77\/100|[from] drain|[of] p1a: Gurdurr\n|-curestatus|p1a: Gurdurr|slp|[msg]\n|move|p1a: Gurdurr|Rest|p1a: Gurdurr\n|-status|p1a: Gurdurr|slp|[from] move: Rest\n|-heal|p1a: Gurdurr|100\/100 slp|[silent]\n|\n|-weather|none\n|upkeep\n|turn|41\n|c| Yankiken|T\u1ea1i sao typholsion ko ra?\n|c|\u2606Fortune Meow|:)))\n|c|\u2606Fortune Meow|Rest sleep talk \u0111\u1ebfn ch\u1ebft\n|c| smalliq|\u0110\u1ebfn l\u00fac ng\u1ee7 r\n|\n|t:|1699971799\n|switch|p2a: Weezing|Weezing-Galar, F, shiny|40\/100\n|cant|p1a: Gurdurr|slp\n|move|p1a: Gurdurr|Sleep Talk|p1a: Gurdurr\n|move|p1a: Gurdurr|Rest||[from]move: Sleep Talk|[still]\n|-fail|p1a: Gurdurr\n|\n|-heal|p2a: Weezing|46\/100|[from] item: Black Sludge\n|upkeep\n|turn|42\n|c| SameAstolfo|Team siu ng\u1ee7\n|\n|t:|1699971807\n|move|p2a: Weezing|Strange Steam|p1a: Gurdurr\n|-supereffective|p1a: Gurdurr\n|-damage|p1a: Gurdurr|13\/100 slp\n|cant|p1a: Gurdurr|slp\n|move|p1a: Gurdurr|Sleep Talk|p1a: Gurdurr\n|move|p1a: Gurdurr|High Horsepower|p2a: Weezing|[from]move: Sleep Talk\n|-immune|p2a: Weezing|[from] ability: Levitate\n|\n|-heal|p2a: Weezing|52\/100|[from] item: Black Sludge\n|upkeep\n|turn|43\n|\n|t:|1699971818\n|move|p2a: Weezing|Flamethrower|p1a: Gurdurr\n|-damage|p1a: Gurdurr|0 fnt\n|faint|p1a: Gurdurr\n|\n|-heal|p2a: Weezing|58\/100|[from] item: Black Sludge\n|upkeep\n|\n|t:|1699971820\n|switch|p1a: Decidueye|Decidueye, F|21\/100\n|-damage|p1a: Decidueye|9\/100|[from] Stealth Rock\n|turn|44\n|\n|t:|1699971829\n|switch|p2a: Arbok|Arbok, M, shiny|100\/100\n|-ability|p2a: Arbok|Intimidate|boost\n|-unboost|p1a: Decidueye|atk|1\n|move|p1a: Decidueye|Defog|p2a: Arbok\n|-unboost|p2a: Arbok|evasion|1\n|-sideend|p1: Fortune Meow|Stealth Rock|[from] move: Defog|[of] p1a: Decidueye\n|\n|upkeep\n|turn|45\n|c| BIued|It\u2019s blue-over\n|\n|t:|1699971838\n|switch|p1a: Goodra|Goodra-Hisui, M|81\/100\n|move|p2a: Arbok|Knock Off|p1a: Goodra\n|-damage|p1a: Goodra|66\/100\n|\n|upkeep\n|turn|46\n|c| smalliq|Set up win go go\n|\n|t:|1699971843\n|move|p2a: Arbok|Earthquake|p1a: Goodra\n|-supereffective|p1a: Goodra\n|-damage|p1a: Goodra|19\/100\n|move|p1a: Goodra|Acid Armor|p1a: Goodra\n|-boost|p1a: Goodra|def|2\n|\n|upkeep\n|turn|47\n|\n|t:|1699971847\n|move|p2a: Arbok|Earthquake|p1a: Goodra\n|-supereffective|p1a: Goodra\n|-damage|p1a: Goodra|0 fnt\n|faint|p1a: Goodra\n|\n|upkeep\n|\n|t:|1699971850\n|switch|p1a: Ursaring|Ursaring, F|70\/100 slp\n|turn|48\n|\n|t:|1699971853\n|move|p2a: Arbok|Gunk Shot|p1a: Ursaring|[miss]\n|-miss|p2a: Arbok|p1a: Ursaring\n|-curestatus|p1a: Ursaring|slp|[msg]\n|move|p1a: Ursaring|Sleep Talk||[still]\n|-fail|p1a: Ursaring\n|\n|upkeep\n|turn|49\n|c| Yankiken|Ch\u00e1n\n|c|\u2606Fortune Meow|C\u00e1c\n|c|\u2606Bohbohboh|\u0111\u1ee9ng\n|c| smalliq|C\u0169ng \u0111en\n|c|\u2606Fortune Meow|\u0102n c r\n|c| BIued|It\u2019s blue-over for you\n|c| SameAstolfo|Th\u00f4i ch\u1eafc l\u1ecbm r\u1ed3i :))\n|\n|t:|1699971871\n|move|p2a: Arbok|Gunk Shot|p1a: Ursaring\n|-damage|p1a: Ursaring|35\/100\n|move|p1a: Ursaring|Rest|p1a: Ursaring\n|-status|p1a: Ursaring|slp|[from] move: Rest\n|-heal|p1a: Ursaring|100\/100 slp|[silent]\n|\n|upkeep\n|turn|50\n|\n|t:|1699971877\n|move|p2a: Arbok|Knock Off|p1a: Ursaring\n|-damage|p1a: Ursaring|84\/100 slp\n|-enditem|p1a: Ursaring|Eviolite|[from] move: Knock Off|[of] p2a: Arbok\n|cant|p1a: Ursaring|slp\n|move|p1a: Ursaring|Sleep Talk|p1a: Ursaring\n|move|p1a: Ursaring|Facade|p2a: Arbok|[from]move: Sleep Talk\n|-damage|p2a: Arbok|4\/100\n|\n|upkeep\n|turn|51\n|\n|t:|1699971888\n|move|p2a: Arbok|Gunk Shot|p1a: Ursaring\n|-damage|p1a: Ursaring|32\/100 slp\n|cant|p1a: Ursaring|slp\n|move|p1a: Ursaring|Sleep Talk|p1a: Ursaring\n|move|p1a: Ursaring|Facade|p2a: Arbok|[from]move: Sleep Talk\n|-damage|p2a: Arbok|0 fnt\n|faint|p2a: Arbok\n|\n|upkeep\n|c|\u2606Bohbohboh|miss \u0103n c\u1ee9t\n|c| BIued|Cooking\n|\n|t:|1699971895\n|switch|p2a: Typhlosion|Typhlosion, F, shiny|51\/100\n|turn|52\n|\n|t:|1699971902\n|move|p2a: Typhlosion|Flamethrower|p1a: Ursaring\n|-damage|p1a: Ursaring|0 fnt\n|faint|p1a: Ursaring\n|\n|upkeep\n|\n|t:|1699971906\n|switch|p1a: Decidueye|Decidueye, F|9\/100\n|turn|53\n|c| smalliq|Xong r\n|l| Yankiken\n|\n|t:|1699971908\n|move|p2a: Typhlosion|Flamethrower|p1a: Decidueye\n|-supereffective|p1a: Decidueye\n|-damage|p1a: Decidueye|0 fnt\n|faint|p1a: Decidueye\n|\n|win|Bohbohboh\n|c|\u2606Bohbohboh|kkkkkk\n|l| BIued\n|c|\u2606Fortune Meow|Bt th\u1ebf k swap\n","uploadtime":1699971927,"views":40,"p1id":"fortunemeow","p2id":"bohbohboh","formatid":"gen9ou","rating":0,"private":0,"password":""}