{"id":"gen9ou-1991141868","p1":"Klunk29","p2":"red_texan","format":"[Gen 9] OU","log":"|j|\u2606Klunk29\n|j|\u2606red_texan\n|t:|1700049249\n|gametype|singles\n|player|p1|Klunk29|nate|1106\n|player|p2|red_texan|hapu|1091\n|teamsize|p1|6\n|teamsize|p2|6\n|gen|9\n|tier|[Gen 9] OU\n|rated|\n|rule|Sleep Clause Mod: Limit one foe put to sleep\n|rule|Species Clause: Limit one of each Pok\u00e9mon\n|rule|OHKO Clause: OHKO moves are banned\n|rule|Evasion Items Clause: Evasion items are banned\n|rule|Evasion Moves Clause: Evasion moves are banned\n|rule|Endless Battle Clause: Forcing endless battles is banned\n|rule|HP Percentage Mod: HP is shown in percentages\n|clearpoke\n|poke|p1|Hatterene, F|\n|poke|p1|Appletun, F|\n|poke|p1|Garganacl, M|\n|poke|p1|Thundurus-Therian, M|\n|poke|p1|Dragapult, M|\n|poke|p1|Iron Moth|\n|poke|p2|Sneasler, M|\n|poke|p2|Cryogonal|\n|poke|p2|Slowking-Galar, M|\n|poke|p2|Lokix, F|\n|poke|p2|Ogerpon-Cornerstone, F|\n|poke|p2|Crawdaunt, F|\n|teampreview\n|\n|t:|1700049259\n|start\n|switch|p1a: Belle Delphine|Hatterene, F|100\/100\n|switch|p2a: Cryogonal|Cryogonal|100\/100\n|turn|1\n|\n|t:|1700049271\n|switch|p2a: Slowking|Slowking-Galar, M|100\/100\n|move|p1a: Belle Delphine|Trick Room|p1a: Belle Delphine\n|-fieldstart|move: Trick Room|[of] p1a: Belle Delphine\n|\n|upkeep\n|turn|2\n|\n|t:|1700049281\n|move|p1a: Belle Delphine|Psychic|p2a: Slowking\n|-damage|p2a: Slowking|79\/100\n|move|p2a: Slowking|Sludge Bomb|p1a: Belle Delphine\n|-supereffective|p1a: Belle Delphine\n|-damage|p1a: Belle Delphine|20\/100\n|\n|-heal|p1a: Belle Delphine|26\/100|[from] item: Leftovers\n|upkeep\n|turn|3\n|\n|t:|1700049313\n|switch|p1a: Dragapult|Dragapult, M|100\/100\n|move|p2a: Slowking|Eerie Spell|p1a: Dragapult\n|-damage|p1a: Dragapult|54\/100\n|\n|upkeep\n|turn|4\n|\n|t:|1700049320\n|move|p1a: Dragapult|Sucker Punch|p2a: Slowking\n|-supereffective|p2a: Slowking\n|-crit|p2a: Slowking\n|-damage|p2a: Slowking|0 fnt\n|faint|p2a: Slowking\n|-damage|p1a: Dragapult|44\/100|[from] item: Life Orb\n|\n|upkeep\n|\n|t:|1700049335\n|switch|p2a: Lokix|Lokix, F|100\/100\n|turn|5\n|\n|t:|1700049349\n|switch|p1a: Garganacl|Garganacl, M|100\/100\n|move|p2a: Lokix|Sucker Punch||[still]\n|-fail|p2a: Lokix\n|\n|-fieldend|move: Trick Room\n|upkeep\n|turn|6\n|\n|t:|1700049359\n|switch|p2a: Ogerpon|Ogerpon-Cornerstone, F|100\/100\n|move|p1a: Garganacl|Salt Cure|p2a: Ogerpon\n|-damage|p2a: Ogerpon|86\/100\n|-start|p2a: Ogerpon|Salt Cure\n|\n|-damage|p2a: Ogerpon|74\/100|[from] Salt Cure\n|upkeep\n|turn|7\n|\n|t:|1700049371\n|move|p2a: Ogerpon|Horn Leech|p1a: Garganacl\n|-supereffective|p1a: Garganacl\n|-damage|p1a: Garganacl|36\/100\n|-heal|p2a: Ogerpon|100\/100|[from] drain|[of] p1a: Garganacl\n|move|p1a: Garganacl|Body Press|p2a: Ogerpon\n|-supereffective|p2a: Ogerpon\n|-damage|p2a: Ogerpon|54\/100\n|\n|-heal|p1a: Garganacl|42\/100|[from] item: Leftovers\n|-damage|p2a: Ogerpon|42\/100|[from] Salt Cure\n|upkeep\n|turn|8\n|\n|t:|1700049397\n|switch|p1a: Thundurus|Thundurus-Therian, M|100\/100\n|move|p2a: Ogerpon|Spiky Shield||[still]\n|-fail|p2a: Ogerpon\n|\n|-damage|p2a: Ogerpon|30\/100|[from] Salt Cure\n|upkeep\n|turn|9\n|\n|t:|1700049405\n|move|p1a: Thundurus|Protect|p1a: Thundurus\n|-singleturn|p1a: Thundurus|Protect\n|move|p2a: Ogerpon|Ivy Cudgel|p1a: Thundurus|[anim] Ivy Cudgel Rock\n|-activate|p1a: Thundurus|move: Protect\n|\n|-damage|p2a: Ogerpon|17\/100|[from] Salt Cure\n|upkeep\n|turn|10\n|\n|t:|1700049421\n|switch|p1a: Appletun|Appletun, F, shiny|100\/100\n|move|p2a: Ogerpon|Ivy Cudgel|p1a: Appletun|[anim] Ivy Cudgel Rock\n|-damage|p1a: Appletun|51\/100\n|\n|-damage|p2a: Ogerpon|5\/100|[from] Salt Cure\n|upkeep\n|turn|11\n|\n|t:|1700049438\n|-terastallize|p1a: Appletun|Steel\n|move|p2a: Ogerpon|Ivy Cudgel|p1a: Appletun|[anim] Ivy Cudgel Rock\n|-resisted|p1a: Appletun\n|-crit|p1a: Appletun\n|-damage|p1a: Appletun|9\/100\n|-activate|p1a: Appletun|ability: Ripen\n|-enditem|p1a: Appletun|Sitrus Berry|[eat]\n|-heal|p1a: Appletun|59\/100|[from] item: Sitrus Berry\n|move|p1a: Appletun|Leech Seed|p2a: Ogerpon\n|-immune|p2a: Ogerpon\n|\n|-damage|p2a: Ogerpon|0 fnt|[from] Salt Cure\n|faint|p2a: Ogerpon\n|upkeep\n|\n|t:|1700049456\n|switch|p2a: Crawdaunt|Crawdaunt, F|100\/100\n|turn|12\n|\n|t:|1700049462\n|move|p2a: Crawdaunt|Close Combat|p1a: Appletun\n|-supereffective|p1a: Appletun\n|-damage|p1a: Appletun|0 fnt\n|-unboost|p2a: Crawdaunt|def|1\n|-unboost|p2a: Crawdaunt|spd|1\n|faint|p1a: Appletun\n|\n|upkeep\n|\n|t:|1700049481\n|switch|p1a: Thundurus|Thundurus-Therian, M|100\/100\n|turn|13\n|\n|t:|1700049496\n|move|p1a: Thundurus|Nasty Plot|p1a: Thundurus\n|-boost|p1a: Thundurus|spa|2\n|move|p2a: Crawdaunt|Knock Off|p1a: Thundurus\n|-damage|p1a: Thundurus|0 fnt\n|-enditem|p1a: Thundurus|Leftovers|[from] move: Knock Off|[of] p2a: Crawdaunt\n|faint|p1a: Thundurus\n|\n|upkeep\n|\n|t:|1700049525\n|switch|p1a: Belle Delphine|Hatterene, F|26\/100\n|turn|14\n|\n|t:|1700049531\n|move|p2a: Crawdaunt|Knock Off|p1a: Belle Delphine\n|-damage|p1a: Belle Delphine|0 fnt\n|-enditem|p1a: Belle Delphine|Leftovers|[from] move: Knock Off|[of] p2a: Crawdaunt\n|faint|p1a: Belle Delphine\n|\n|upkeep\n|\n|t:|1700049542\n|switch|p1a: Dragapult|Dragapult, M|44\/100\n|turn|15\n|\n|t:|1700049556\n|-terastallize|p2a: Crawdaunt|Fairy\n|move|p1a: Dragapult|Dragon Darts|p2a: Crawdaunt\n|-immune|p2a: Crawdaunt\n|move|p2a: Crawdaunt|Tera Blast|p1a: Dragapult|[anim] Tera Blast Fairy\n|-supereffective|p1a: Dragapult\n|-damage|p1a: Dragapult|0 fnt\n|faint|p1a: Dragapult\n|\n|upkeep\n|c|\u2606Klunk29|gg\n|-message|Klunk29 forfeited.\n|\n|win|red_texan\n|raw|Klunk29's rating: 1106 &rarr; <strong>1080<\/strong><br \/>(-26 for losing)\n|raw|red_texan's rating: 1091 &rarr; <strong>1118<\/strong><br \/>(+27 for winning)\n|l|\u2606Klunk29\n|c|\u2606red_texan|oof\n|l|\u2606red_texan\n|j|\u2606red_texan\n|player|p2|red_texan|hapu\n","uploadtime":1700049590,"views":10,"p1id":"klunk29","p2id":"redtexan","formatid":"gen9ou","rating":1080,"private":0,"password":""}