{"id":"gen9ou-1996056256","p1":"doodieray","p2":"GirlBehindTheMask","format":"[Gen 9] OU","log":"|j|\u2606doodieray\n|j|\u2606GirlBehindTheMask\n|t:|1700636636\n|gametype|singles\n|player|p1|doodieray|102|1362\n|player|p2|GirlBehindTheMask|clerkf|1393\n|teamsize|p1|6\n|teamsize|p2|6\n|gen|9\n|tier|[Gen 9] OU\n|rated|\n|rule|Sleep Clause Mod: Limit one foe put to sleep\n|rule|Species Clause: Limit one of each Pok\u00e9mon\n|rule|OHKO Clause: OHKO moves are banned\n|rule|Evasion Items Clause: Evasion items are banned\n|rule|Evasion Moves Clause: Evasion moves are banned\n|rule|Endless Battle Clause: Forcing endless battles is banned\n|rule|HP Percentage Mod: HP is shown in percentages\n|clearpoke\n|poke|p1|Flamigo, M|\n|poke|p1|Shiftry, M|\n|poke|p1|Slowking-Galar, F|\n|poke|p1|Alomomola, F|\n|poke|p1|Cinderace, M|\n|poke|p1|Zapdos|\n|poke|p2|Alomomola, M|\n|poke|p2|Glimmora, F|\n|poke|p2|Ting-Lu|\n|poke|p2|Great Tusk|\n|poke|p2|Gholdengo|\n|poke|p2|Tornadus-Therian, M|\n|teampreview\n|\n|t:|1700636645\n|start\n|switch|p1a: Slowking|Slowking-Galar, F|100\/100\n|switch|p2a: Cauterize|Alomomola, M|100\/100\n|turn|1\n|\n|t:|1700636658\n|move|p2a: Cauterize|Flip Turn|p1a: Slowking\n|-damage|p1a: Slowking|88\/100\n|\n|t:|1700636665\n|switch|p2a: Abundance|Gholdengo|100\/100|[from] Flip Turn\n|move|p1a: Slowking|Future Sight|p2a: Abundance\n|-start|p1a: Slowking|move: Future Sight\n|\n|upkeep\n|turn|2\n|\n|t:|1700636672\n|move|p2a: Abundance|Shadow Ball|p1a: Slowking\n|-supereffective|p1a: Slowking\n|-damage|p1a: Slowking|15\/100\n|move|p1a: Slowking|Chilly Reception|p1a: Slowking\n|-weather|Snow\n|\n|t:|1700636682\n|switch|p1a: Shiftry|Shiftry, M|100\/100|[from] Chilly Reception\n|\n|-weather|Snow|[upkeep]\n|upkeep\n|turn|3\n|\n|t:|1700636690\n|switch|p2a: Memorandum|Tornadus-Therian, M|100\/100\n|move|p1a: Shiftry|Tailwind|p1a: Shiftry\n|-sidestart|p1: doodieray|move: Tailwind\n|-ability|p1a: Shiftry|Wind Rider|boost\n|-boost|p1a: Shiftry|atk|1\n|\n|-weather|Snow|[upkeep]\n|-end|p2a: Memorandum|move: Future Sight\n|-damage|p2a: Memorandum|46\/100\n|upkeep\n|turn|4\n|\n|t:|1700636704\n|switch|p2a: Pernicious|Glimmora, F|100\/100\n|move|p1a: Shiftry|Knock Off|p2a: Pernicious\n|-damage|p2a: Pernicious|22\/100\n|-activate|p2a: Pernicious|ability: Toxic Debris\n|-sidestart|p1: doodieray|move: Toxic Spikes\n|-enditem|p2a: Pernicious|Red Card|[from] move: Knock Off|[of] p1a: Shiftry\n|\n|-weather|Snow|[upkeep]\n|upkeep\n|turn|5\n|\n|t:|1700636724\n|switch|p2a: Majesty|Great Tusk|100\/100\n|move|p1a: Shiftry|Knock Off|p2a: Majesty\n|-resisted|p2a: Majesty\n|-damage|p2a: Majesty|83\/100\n|-enditem|p2a: Majesty|Leftovers|[from] move: Knock Off|[of] p1a: Shiftry\n|\n|-weather|Snow|[upkeep]\n|upkeep\n|turn|6\n|\n|t:|1700636738\n|move|p1a: Shiftry|Explosion|p2a: Majesty\n|-damage|p2a: Majesty|30\/100\n|faint|p1a: Shiftry\n|move|p2a: Majesty|Knock Off|p1: Shiftry|[notarget]\n|-fail|p2a: Majesty\n|\n|-weather|none\n|-sideend|p1: doodieray|move: Tailwind\n|upkeep\n|\n|t:|1700636744\n|switch|p1a: Slowking|Slowking-Galar, F|48\/100\n|-sideend|p1: doodieray|move: Toxic Spikes|[of] p1a: Slowking\n|turn|7\n|\n|t:|1700636748\n|switch|p1a: Zapdos|Zapdos|100\/100\n|move|p2a: Majesty|Earthquake|p1a: Zapdos\n|-immune|p1a: Zapdos\n|\n|upkeep\n|turn|8\n|\n|t:|1700636751\n|-end|p2a: Majesty|Protosynthesis|[silent]\n|switch|p2a: Disarray|Ting-Lu|100\/100\n|-ability|p2a: Disarray|Vessel of Ruin\n|move|p1a: Zapdos|Heat Wave|p2a: Disarray\n|-damage|p2a: Disarray|90\/100\n|\n|-heal|p2a: Disarray|96\/100|[from] item: Leftovers\n|upkeep\n|turn|9\n|\n|t:|1700636756\n|switch|p1a: Alomomola|Alomomola, F|100\/100\n|move|p2a: Disarray|Spikes|p1a: Alomomola\n|-sidestart|p1: doodieray|Spikes\n|\n|-heal|p2a: Disarray|100\/100|[from] item: Leftovers\n|upkeep\n|turn|10\n|\n|t:|1700636763\n|switch|p2a: Cauterize|Alomomola, M|100\/100\n|move|p1a: Alomomola|Flip Turn|p2a: Cauterize\n|-resisted|p2a: Cauterize\n|-damage|p2a: Cauterize|96\/100\n|-damage|p1a: Alomomola|84\/100|[from] item: Rocky Helmet|[of] p2a: Cauterize\n|\n|t:|1700636767\n|switch|p1a: Zapdos|Zapdos|100\/100|[from] Flip Turn\n|\n|upkeep\n|turn|11\n|\n|t:|1700636771\n|switch|p1a: Cinderace|Cinderace, M|100\/100\n|switch|p2a: Disarray|Ting-Lu|100\/100\n|-ability|p2a: Disarray|Vessel of Ruin\n|\n|upkeep\n|turn|12\n|\n|t:|1700636774\n|move|p1a: Cinderace|Will-O-Wisp|p2a: Disarray\n|-status|p2a: Disarray|brn\n|move|p2a: Disarray|Spikes|p1a: Cinderace\n|-sidestart|p1: doodieray|Spikes\n|\n|-damage|p2a: Disarray|94\/100 brn|[from] brn\n|upkeep\n|turn|13\n|\n|t:|1700636779\n|move|p1a: Cinderace|Pyro Ball|p2a: Disarray\n|-damage|p2a: Disarray|67\/100 brn\n|move|p2a: Disarray|Ruination|p1a: Cinderace\n|-damage|p1a: Cinderace|51\/100\n|\n|-heal|p2a: Disarray|73\/100 brn|[from] item: Leftovers\n|-damage|p2a: Disarray|67\/100 brn|[from] brn\n|upkeep\n|turn|14\n|\n|t:|1700636783\n|move|p1a: Cinderace|Pyro Ball|p2a: Disarray\n|-damage|p2a: Disarray|42\/100 brn\n|move|p2a: Disarray|Whirlwind|p1a: Cinderace\n|drag|p1a: Zapdos|Zapdos|100\/100\n|\n|-heal|p2a: Disarray|48\/100 brn|[from] item: Leftovers\n|-damage|p2a: Disarray|42\/100 brn|[from] brn\n|upkeep\n|turn|15\n|\n|t:|1700636789\n|move|p1a: Zapdos|Hurricane|p2a: Disarray\n|-damage|p2a: Disarray|22\/100 brn\n|-start|p2a: Disarray|confusion\n|-activate|p2a: Disarray|confusion\n|move|p2a: Disarray|Ruination|p1a: Zapdos\n|-damage|p1a: Zapdos|50\/100\n|\n|-heal|p2a: Disarray|28\/100 brn|[from] item: Leftovers\n|-damage|p2a: Disarray|22\/100 brn|[from] brn\n|upkeep\n|turn|16\n|\n|t:|1700636800\n|switch|p2a: Pernicious|Glimmora, F|22\/100\n|move|p1a: Zapdos|Hurricane|p2a: Pernicious\n|-resisted|p2a: Pernicious\n|-damage|p2a: Pernicious|0 fnt\n|faint|p2a: Pernicious\n|\n|upkeep\n|\n|t:|1700636802\n|switch|p2a: Abundance|Gholdengo|100\/100\n|turn|17\n|\n|t:|1700636809\n|switch|p1a: Alomomola|Alomomola, F|100\/100\n|-damage|p1a: Alomomola|84\/100|[from] Spikes\n|move|p2a: Abundance|Shadow Ball|p1a: Alomomola\n|-damage|p1a: Alomomola|44\/100\n|-enditem|p1a: Alomomola|Red Card|[of] p2a: Abundance\n|drag|p2a: Cauterize|Alomomola, M|100\/100\n|\n|upkeep\n|turn|18\n|\n|t:|1700636818\n|move|p1a: Alomomola|Wish|p1a: Alomomola\n|move|p2a: Cauterize|Flip Turn|p1a: Alomomola\n|-resisted|p1a: Alomomola\n|-damage|p1a: Alomomola|39\/100\n|\n|t:|1700636826\n|switch|p2a: Disarray|Ting-Lu|22\/100 brn|[from] Flip Turn\n|-ability|p2a: Disarray|Vessel of Ruin\n|\n|-heal|p2a: Disarray|28\/100 brn|[from] item: Leftovers\n|-damage|p2a: Disarray|22\/100 brn|[from] brn\n|upkeep\n|turn|19\n|\n|t:|1700636832\n|move|p1a: Alomomola|Flip Turn|p2a: Disarray\n|-supereffective|p2a: Disarray\n|-damage|p2a: Disarray|3\/100 brn\n|\n|t:|1700636835\n|switch|p1a: Flamigo|Flamigo, M|100\/100|[from] Flip Turn\n|move|p2a: Disarray|Whirlwind|p1a: Flamigo\n|drag|p1a: Slowking|Slowking-Galar, F|81\/100\n|-damage|p1a: Slowking|65\/100|[from] Spikes\n|\n|-heal|p1a: Slowking|100\/100|[from] move: Wish|[wisher] Alomomola\n|-heal|p2a: Disarray|10\/100 brn|[from] item: Leftovers\n|-damage|p2a: Disarray|3\/100 brn|[from] brn\n|upkeep\n|turn|20\n|\n|t:|1700636841\n|move|p2a: Disarray|Spikes|p1a: Slowking\n|-sidestart|p1: doodieray|Spikes\n|move|p1a: Slowking|Sludge Bomb|p2a: Disarray\n|-resisted|p2a: Disarray\n|-damage|p2a: Disarray|0 fnt\n|faint|p2a: Disarray\n|\n|upkeep\n|\n|t:|1700636847\n|switch|p2a: Majesty|Great Tusk|30\/100\n|turn|21\n|\n|t:|1700636851\n|-terastallize|p1a: Slowking|Grass\n|move|p2a: Majesty|Knock Off|p1a: Slowking\n|-damage|p1a: Slowking|79\/100\n|-enditem|p1a: Slowking|Colbur Berry|[from] move: Knock Off|[of] p2a: Majesty\n|move|p1a: Slowking|Focus Blast|p2a: Majesty\n|-damage|p2a: Majesty|0 fnt\n|faint|p2a: Majesty\n|-end|p2a: Majesty|Protosynthesis|[silent]\n|\n|upkeep\n|\n|t:|1700636857\n|switch|p2a: Memorandum|Tornadus-Therian, M|79\/100\n|turn|22\n|\n|t:|1700636861\n|move|p2a: Memorandum|Bleakwind Storm|p1a: Slowking|[miss]\n|-miss|p2a: Memorandum|p1a: Slowking\n|move|p1a: Slowking|Future Sight|p2a: Memorandum\n|-start|p1a: Slowking|move: Future Sight\n|\n|upkeep\n|turn|23\n|\n|t:|1700636865\n|switch|p1a: Zapdos|Zapdos|50\/100\n|move|p2a: Memorandum|U-turn|p1a: Zapdos\n|-resisted|p1a: Zapdos\n|-damage|p1a: Zapdos|44\/100\n|-status|p2a: Memorandum|par|[from] ability: Static|[of] p1a: Zapdos\n|\n|t:|1700636869\n|switch|p2a: Abundance|Gholdengo|100\/100|[from] U-turn\n|\n|upkeep\n|turn|24\n|\n|t:|1700636873\n|move|p2a: Abundance|Shadow Ball|p1a: Zapdos\n|-damage|p1a: Zapdos|5\/100\n|-unboost|p1a: Zapdos|spd|1\n|move|p1a: Zapdos|Heat Wave|p2a: Abundance\n|-supereffective|p2a: Abundance\n|-damage|p2a: Abundance|40\/100\n|\n|-end|p2a: Abundance|move: Future Sight\n|-resisted|p2a: Abundance\n|-damage|p2a: Abundance|16\/100\n|upkeep\n|turn|25\n|\n|t:|1700636883\n|move|p2a: Abundance|Shadow Ball|p1a: Zapdos\n|-damage|p1a: Zapdos|0 fnt\n|faint|p1a: Zapdos\n|\n|upkeep\n|\n|t:|1700636889\n|switch|p1a: Flamigo|Flamigo, M|100\/100\n|turn|26\n|\n|t:|1700636897\n|switch|p2a: Cauterize|Alomomola, M|100\/100\n|move|p1a: Flamigo|Close Combat|p2a: Cauterize\n|-damage|p2a: Cauterize|72\/100\n|-unboost|p1a: Flamigo|def|1\n|-unboost|p1a: Flamigo|spd|1\n|-damage|p1a: Flamigo|84\/100|[from] item: Rocky Helmet|[of] p2a: Cauterize\n|\n|upkeep\n|turn|27\n|\n|t:|1700636904\n|switch|p1a: Alomomola|Alomomola, F|73\/100\n|-damage|p1a: Alomomola|48\/100|[from] Spikes\n|move|p2a: Cauterize|Wish|p2a: Cauterize\n|\n|upkeep\n|turn|28\n|\n|t:|1700636909\n|move|p1a: Alomomola|Wish|p1a: Alomomola\n|move|p2a: Cauterize|Flip Turn|p1a: Alomomola\n|-resisted|p1a: Alomomola\n|-damage|p1a: Alomomola|43\/100\n|\n|t:|1700636911\n|switch|p2a: Abundance|Gholdengo|16\/100|[from] Flip Turn\n|\n|-heal|p2a: Abundance|100\/100|[from] move: Wish|[wisher] Cauterize\n|upkeep\n|turn|29\n|\n|t:|1700636914\n|move|p2a: Abundance|Shadow Ball|p1a: Alomomola\n|-damage|p1a: Alomomola|6\/100\n|move|p1a: Alomomola|Scald|p2a: Abundance\n|-damage|p2a: Abundance|84\/100\n|\n|-heal|p1a: Alomomola|55\/100|[from] move: Wish|[wisher] Alomomola\n|upkeep\n|turn|30\n|\n|t:|1700636924\n|move|p2a: Abundance|Shadow Ball|p1a: Alomomola\n|-damage|p1a: Alomomola|17\/100\n|move|p1a: Alomomola|Wish|p1a: Alomomola\n|\n|upkeep\n|turn|31\n|\n|t:|1700636932\n|switch|p1a: Flamigo|Flamigo, M|84\/100\n|move|p2a: Abundance|Shadow Ball|p1a: Flamigo\n|-damage|p1a: Flamigo|21\/100\n|\n|-heal|p1a: Flamigo|98\/100|[from] move: Wish|[wisher] Alomomola\n|upkeep\n|turn|32\n|\n|t:|1700636939\n|switch|p2a: Cauterize|Alomomola, M|100\/100\n|move|p1a: Flamigo|U-turn|p2a: Cauterize\n|-damage|p2a: Cauterize|88\/100\n|-damage|p1a: Flamigo|81\/100|[from] item: Rocky Helmet|[of] p2a: Cauterize\n|\n|t:|1700636941\n|switch|p1a: Cinderace|Cinderace, M|51\/100|[from] U-turn\n|\n|upkeep\n|turn|33\n|\n|t:|1700636950\n|move|p1a: Cinderace|Court Change|p1a: Cinderace\n|-swapsideconditions\n|-activate|p1a: Cinderace|move: Court Change\n|move|p2a: Cauterize|Flip Turn|p1a: Cinderace\n|-supereffective|p1a: Cinderace\n|-damage|p1a: Cinderace|7\/100\n|\n|t:|1700636954\n|switch|p2a: Memorandum|Tornadus-Therian, M|100\/100 par|[from] Flip Turn\n|\n|upkeep\n|turn|34\n|\n|t:|1700636958\n|switch|p1a: Alomomola|Alomomola, F|50\/100\n|move|p2a: Memorandum|U-turn|p1a: Alomomola\n|-damage|p1a: Alomomola|41\/100\n|\n|t:|1700636960\n|switch|p2a: Abundance|Gholdengo|84\/100|[from] U-turn\n|-damage|p2a: Abundance|59\/100|[from] Spikes\n|\n|upkeep\n|turn|35\n|\n|t:|1700636971\n|move|p2a: Abundance|Trick|p1a: Alomomola\n|-activate|p2a: Abundance|move: Trick|[of] p1a: Alomomola\n|-item|p1a: Alomomola|Choice Scarf|[from] move: Trick\n|-enditem|p2a: Abundance|Choice Scarf|[silent]|[from] move: Trick\n|move|p1a: Alomomola|Flip Turn|p2a: Abundance\n|-damage|p2a: Abundance|41\/100\n|-message|GirlBehindTheMask forfeited.\n|\n|win|doodieray\n|raw|doodieray's rating: 1362 &rarr; <strong>1384<\/strong><br \/>(+22 for winning)\n|raw|GirlBehindTheMask's rating: 1393 &rarr; <strong>1371<\/strong><br \/>(-22 for losing)\n|l|\u2606GirlBehindTheMask\n","uploadtime":1700636982,"views":18,"p1id":"doodieray","p2id":"girlbehindthemask","formatid":"gen9ou","rating":1371,"private":0,"password":""}