{"id":"gen9ou-1992718394","p1":"lohgfc","p2":"Aviated_Froakie","format":"[Gen 9] OU","log":"|j|\u2606lohgfc\n|j|\u2606Aviated_Froakie\n|t:|1700228753\n|gametype|singles\n|player|p1|lohgfc|265|1048\n|player|p2|Aviated_Froakie|silver|1020\n|teamsize|p1|6\n|teamsize|p2|6\n|gen|9\n|tier|[Gen 9] OU\n|rated|\n|rule|Sleep Clause Mod: Limit one foe put to sleep\n|rule|Species Clause: Limit one of each Pok\u00e9mon\n|rule|OHKO Clause: OHKO moves are banned\n|rule|Evasion Items Clause: Evasion items are banned\n|rule|Evasion Moves Clause: Evasion moves are banned\n|rule|Endless Battle Clause: Forcing endless battles is banned\n|rule|HP Percentage Mod: HP is shown in percentages\n|clearpoke\n|poke|p1|Ursaring, F|\n|poke|p1|Skeledirge, F|\n|poke|p1|Weezing-Galar, F|\n|poke|p1|Samurott-Hisui, M|\n|poke|p1|Shaymin|\n|poke|p1|Sneasler, M|\n|poke|p2|Politoed, F|\n|poke|p2|Poliwrath, M|\n|poke|p2|Rotom-Wash|\n|poke|p2|Manaphy|\n|poke|p2|Vaporeon, F|\n|poke|p2|Pelipper, M|\n|teampreview\n|\n|t:|1700228778\n|start\n|switch|p1a: Samurott|Samurott-Hisui, M|100\/100\n|switch|p2a: Frog|Politoed, F, shiny|100\/100\n|-weather|RainDance|[from] ability: Drizzle|[of] p2a: Frog\n|turn|1\n|\n|t:|1700228789\n|switch|p2a: Frog'nt|Poliwrath, M, shiny|100\/100\n|move|p1a: Samurott|Ceaseless Edge|p2a: Frog'nt\n|-resisted|p2a: Frog'nt\n|-damage|p2a: Frog'nt|76\/100\n|-sidestart|p2: Aviated_Froakie|Spikes\n|\n|-weather|RainDance|[upkeep]\n|upkeep\n|turn|2\n|\n|t:|1700228812\n|switch|p1a: Weezing|Weezing-Galar, F|100\/100\n|move|p2a: Frog'nt|Belly Drum|p2a: Frog'nt\n|-damage|p2a: Frog'nt|26\/100\n|-setboost|p2a: Frog'nt|atk|6|[from] move: Belly Drum\n|-enditem|p2a: Frog'nt|Sitrus Berry|[eat]\n|-heal|p2a: Frog'nt|50\/100|[from] item: Sitrus Berry\n|\n|-weather|RainDance|[upkeep]\n|upkeep\n|turn|3\n|\n|t:|1700228836\n|-terastallize|p2a: Frog'nt|Steel\n|move|p2a: Frog'nt|Liquidation|p1a: Weezing\n|-damage|p1a: Weezing|0 fnt\n|faint|p1a: Weezing\n|\n|-weather|RainDance|[upkeep]\n|upkeep\n|\n|t:|1700228843\n|switch|p1a: Skeledirge|Skeledirge, F|100\/100\n|turn|4\n|\n|t:|1700228850\n|-terastallize|p1a: Skeledirge|Fairy\n|move|p2a: Frog'nt|Liquidation|p1a: Skeledirge\n|-damage|p1a: Skeledirge|60\/100\n|move|p1a: Skeledirge|Will-O-Wisp|p2a: Frog'nt\n|-status|p2a: Frog'nt|brn\n|\n|-weather|RainDance|[upkeep]\n|-heal|p1a: Skeledirge|67\/100|[from] item: Leftovers\n|-damage|p2a: Frog'nt|44\/100 brn|[from] brn\n|upkeep\n|turn|5\n|\n|t:|1700228864\n|move|p2a: Frog'nt|Liquidation|p1a: Skeledirge\n|-damage|p1a: Skeledirge|47\/100\n|-unboost|p1a: Skeledirge|def|1\n|move|p1a: Skeledirge|Slack Off|p1a: Skeledirge\n|-heal|p1a: Skeledirge|97\/100\n|\n|-weather|none\n|-heal|p1a: Skeledirge|100\/100|[from] item: Leftovers\n|-damage|p2a: Frog'nt|38\/100 brn|[from] brn\n|upkeep\n|turn|6\n|\n|t:|1700228876\n|move|p2a: Frog'nt|Ice Punch|p1a: Skeledirge\n|-damage|p1a: Skeledirge|90\/100\n|-status|p1a: Skeledirge|frz\n|cant|p1a: Skeledirge|frz\n|\n|-heal|p1a: Skeledirge|96\/100 frz|[from] item: Leftovers\n|-damage|p2a: Frog'nt|32\/100 brn|[from] brn\n|upkeep\n|turn|7\n|\n|t:|1700228887\n|switch|p2a: Toilet bird|Pelipper, M, shiny|100\/100\n|-weather|RainDance|[from] ability: Drizzle|[of] p2a: Toilet bird\n|cant|p1a: Skeledirge|frz\n|\n|-weather|RainDance|[upkeep]\n|-heal|p1a: Skeledirge|100\/100 frz|[from] item: Leftovers\n|upkeep\n|turn|8\n|\n|t:|1700228900\n|cant|p1a: Skeledirge|frz\n|move|p2a: Toilet bird|Hurricane|p1a: Skeledirge\n|-damage|p1a: Skeledirge|54\/100 frz\n|-start|p1a: Skeledirge|confusion\n|\n|-weather|RainDance|[upkeep]\n|-heal|p1a: Skeledirge|60\/100 frz|[from] item: Leftovers\n|upkeep\n|turn|9\n|-message|lohgfc forfeited.\n|\n|win|Aviated_Froakie\n|raw|lohgfc's rating: 1048 &rarr; <strong>1029<\/strong><br \/>(-19 for losing)\n|raw|Aviated_Froakie's rating: 1020 &rarr; <strong>1060<\/strong><br \/>(+40 for winning)\n|l|\u2606lohgfc\n","uploadtime":1700228912,"views":28,"p1id":"lohgfc","p2id":"aviatedfroakie","formatid":"gen9ou","rating":1029,"private":0,"password":""}