{"id":"gen9ou-1990450838","p1":"Benjamin 4455","p2":"polterzeitgeist","format":"[Gen 9] OU","log":"|j|\u2606Benjamin 4455\n|j|\u2606polterzeitgeist\n|t:|1699972182\n|gametype|singles\n|player|p1|Benjamin 4455|2|1302\n|player|p2|polterzeitgeist|silver-masters|1342\n|teamsize|p1|6\n|teamsize|p2|6\n|gen|9\n|tier|[Gen 9] OU\n|rated|\n|rule|Sleep Clause Mod: Limit one foe put to sleep\n|rule|Species Clause: Limit one of each Pok\u00e9mon\n|rule|OHKO Clause: OHKO moves are banned\n|rule|Evasion Items Clause: Evasion items are banned\n|rule|Evasion Moves Clause: Evasion moves are banned\n|rule|Endless Battle Clause: Forcing endless battles is banned\n|rule|HP Percentage Mod: HP is shown in percentages\n|clearpoke\n|poke|p1|Corviknight, M|\n|poke|p1|Zamazenta-*|\n|poke|p1|Clefable, M|\n|poke|p1|Glimmora, M|\n|poke|p1|Meowscarada, M|\n|poke|p1|Gholdengo|\n|poke|p2|Great Tusk|\n|poke|p2|Dragapult, F|\n|poke|p2|Corviknight, F|\n|poke|p2|Slowking-Galar, F|\n|poke|p2|Ogerpon-Wellspring, F|\n|poke|p2|Kingambit, F|\n|teampreview\n|\n|t:|1699972200\n|start\n|switch|p1a: Meowscarada|Meowscarada, M|100\/100\n|switch|p2a: *bonk*|Ogerpon-Wellspring, F|100\/100\n|turn|1\n|\n|t:|1699972207\n|switch|p2a: honchkrow better|Corviknight, F, shiny|100\/100\n|-ability|p2a: honchkrow better|Pressure\n|move|p1a: Meowscarada|U-turn|p2a: honchkrow better\n|-start|p1a: Meowscarada|typechange|Bug|[from] ability: Protean\n|-resisted|p2a: honchkrow better\n|-damage|p2a: honchkrow better|96\/100\n|-damage|p1a: Meowscarada|84\/100|[from] item: Rocky Helmet|[of] p2a: honchkrow better\n|\n|t:|1699972218\n|switch|p1a: Clefable|Clefable, M|100\/100|[from] U-turn\n|\n|upkeep\n|turn|2\n|\n|t:|1699972243\n|move|p2a: honchkrow better|U-turn|p1a: Clefable\n|-resisted|p1a: Clefable\n|-damage|p1a: Clefable|93\/100\n|\n|t:|1699972247\n|switch|p2a: zombozo|Slowking-Galar, F|100\/100|[from] U-turn\n|move|p1a: Clefable|Thunder Wave|p2a: zombozo\n|-status|p2a: zombozo|par\n|\n|-heal|p1a: Clefable|99\/100|[from] item: Leftovers\n|upkeep\n|turn|3\n|\n|t:|1699972257\n|move|p1a: Clefable|Wish|p1a: Clefable\n|move|p2a: zombozo|Thunder Wave|p1a: Clefable\n|-status|p1a: Clefable|par\n|\n|-heal|p1a: Clefable|100\/100 par|[from] item: Leftovers\n|upkeep\n|turn|4\n|\n|t:|1699972264\n|switch|p1a: Gholdengo|Gholdengo, shiny|100\/100\n|move|p2a: zombozo|Sludge Bomb|p1a: Gholdengo\n|-immune|p1a: Gholdengo\n|\n|upkeep\n|turn|5\n|\n|t:|1699972293\n|move|p1a: Gholdengo|Shadow Ball|p2a: zombozo\n|-supereffective|p2a: zombozo\n|-damage|p2a: zombozo|27\/100 par\n|-unboost|p2a: zombozo|spd|1\n|move|p2a: zombozo|Chilly Reception|p2a: zombozo\n|-weather|Snow\n|\n|t:|1699972304\n|switch|p2a: jin sakai|Kingambit, F|100\/100|[from] Chilly Reception\n|\n|-weather|Snow|[upkeep]\n|upkeep\n|turn|6\n|\n|t:|1699972319\n|switch|p1a: Corviknight|Corviknight, M|100\/100\n|move|p2a: jin sakai|Iron Head|p1a: Corviknight\n|-resisted|p1a: Corviknight\n|-damage|p1a: Corviknight|86\/100\n|-damage|p2a: jin sakai|84\/100|[from] item: Rocky Helmet|[of] p1a: Corviknight\n|\n|-weather|Snow|[upkeep]\n|upkeep\n|turn|7\n|\n|t:|1699972328\n|-end|p2a: jin sakai|fallenundefined|[silent]\n|switch|p2a: honchkrow better|Corviknight, F, shiny|96\/100\n|-ability|p2a: honchkrow better|Pressure\n|switch|p1a: Glimmora|Glimmora, M|100\/100\n|\n|-weather|Snow|[upkeep]\n|upkeep\n|turn|8\n|\n|t:|1699972336\n|move|p1a: Glimmora|Toxic|p2a: honchkrow better\n|-status|p2a: honchkrow better|tox\n|move|p2a: honchkrow better|Brave Bird|p1a: Glimmora\n|-resisted|p1a: Glimmora\n|-damage|p1a: Glimmora|77\/100\n|-damage|p2a: honchkrow better|90\/100 tox|[from] Recoil\n|\n|-weather|Snow|[upkeep]\n|-heal|p1a: Glimmora|84\/100|[from] item: Leftovers\n|-damage|p2a: honchkrow better|84\/100 tox|[from] psn\n|upkeep\n|turn|9\n|\n|t:|1699972349\n|switch|p1a: Corviknight|Corviknight, M|86\/100\n|move|p2a: honchkrow better|U-turn|p1a: Corviknight\n|-resisted|p1a: Corviknight\n|-damage|p1a: Corviknight|84\/100\n|-damage|p2a: honchkrow better|67\/100 tox|[from] item: Rocky Helmet|[of] p1a: Corviknight\n|\n|t:|1699972362\n|switch|p2a: mother has arrived|Dragapult, F|100\/100|[from] U-turn\n|\n|-weather|none\n|upkeep\n|turn|10\n|\n|t:|1699972368\n|switch|p1a: Clefable|Clefable, M|100\/100 par\n|move|p2a: mother has arrived|Flamethrower|p1a: Clefable\n|-damage|p1a: Clefable|69\/100 par\n|\n|-heal|p1a: Clefable|75\/100 par|[from] item: Leftovers\n|upkeep\n|turn|11\n|\n|t:|1699972376\n|switch|p2a: zombozo|Slowking-Galar, F|61\/100 par\n|move|p1a: Clefable|Moonblast|p2a: zombozo\n|-resisted|p2a: zombozo\n|-crit|p2a: zombozo\n|-damage|p2a: zombozo|45\/100 par\n|\n|-heal|p1a: Clefable|81\/100 par|[from] item: Leftovers\n|upkeep\n|turn|12\n|\n|t:|1699972385\n|switch|p1a: Gholdengo|Gholdengo, shiny|100\/100\n|cant|p2a: zombozo|par\n|\n|upkeep\n|turn|13\n|\n|t:|1699972395\n|switch|p2a: big horny|Great Tusk|100\/100\n|move|p1a: Gholdengo|Shadow Ball|p2a: big horny\n|-damage|p2a: big horny|0 fnt\n|faint|p2a: big horny\n|-end|p2a: big horny|Protosynthesis|[silent]\n|\n|upkeep\n|\n|t:|1699972404\n|switch|p2a: jin sakai|Kingambit, F|84\/100\n|-activate|p2a: jin sakai|ability: Supreme Overlord\n|-start|p2a: jin sakai|fallen1|[silent]\n|turn|14\n|\n|t:|1699972409\n|switch|p1a: Corviknight|Corviknight, M|84\/100\n|move|p2a: jin sakai|Swords Dance|p2a: jin sakai\n|-boost|p2a: jin sakai|atk|2\n|\n|upkeep\n|turn|15\n|\n|t:|1699972421\n|move|p2a: jin sakai|Kowtow Cleave|p1a: Corviknight\n|-damage|p1a: Corviknight|10\/100\n|-damage|p2a: jin sakai|68\/100|[from] item: Rocky Helmet|[of] p1a: Corviknight\n|move|p1a: Corviknight|Body Press|p2a: jin sakai\n|-supereffective|p2a: jin sakai\n|-damage|p2a: jin sakai|0 fnt\n|faint|p2a: jin sakai\n|-end|p2a: jin sakai|fallen1|[silent]\n|\n|upkeep\n|\n|t:|1699972426\n|switch|p2a: mother has arrived|Dragapult, F|100\/100\n|turn|16\n|\n|t:|1699972439\n|move|p2a: mother has arrived|Flamethrower|p1a: Corviknight\n|-supereffective|p1a: Corviknight\n|-damage|p1a: Corviknight|0 fnt\n|faint|p1a: Corviknight\n|\n|upkeep\n|\n|t:|1699972448\n|switch|p1a: Meowscarada|Meowscarada, M|84\/100\n|turn|17\n|\n|t:|1699972452\n|move|p1a: Meowscarada|Knock Off|p2a: mother has arrived\n|-start|p1a: Meowscarada|typechange|Dark|[from] ability: Protean\n|-supereffective|p2a: mother has arrived\n|-damage|p2a: mother has arrived|0 fnt\n|-enditem|p2a: mother has arrived|Choice Specs|[from] move: Knock Off|[of] p1a: Meowscarada\n|faint|p2a: mother has arrived\n|\n|upkeep\n|\n|t:|1699972460\n|switch|p2a: honchkrow better|Corviknight, F, shiny|67\/100 tox\n|-ability|p2a: honchkrow better|Pressure\n|turn|18\n|\n|t:|1699972464\n|switch|p1a: Gholdengo|Gholdengo, shiny|100\/100\n|move|p2a: honchkrow better|Roost|p2a: honchkrow better\n|-heal|p2a: honchkrow better|100\/100 tox\n|-singleturn|p2a: honchkrow better|move: Roost\n|\n|-damage|p2a: honchkrow better|94\/100 tox|[from] psn\n|upkeep\n|turn|19\n|-message|polterzeitgeist forfeited.\n|\n|win|Benjamin 4455\n|raw|Benjamin 4455's rating: 1302 &rarr; <strong>1324<\/strong><br \/>(+22 for winning)\n|raw|polterzeitgeist's rating: 1342 &rarr; <strong>1320<\/strong><br \/>(-22 for losing)\n|l|\u2606polterzeitgeist\n","uploadtime":1699972477,"views":24,"p1id":"benjamin4455","p2id":"polterzeitgeist","formatid":"gen9ou","rating":1320,"private":0,"password":""}