{"id":"gen9ou-1988643412","p1":"Orokamo_Kaito","p2":"Nizz61","format":"[Gen 9] OU","log":"|j|\u2606Orokamo_Kaito\n|j|\u2606Nizz61\n|t:|1699745452\n|gametype|singles\n|player|p1|Orokamo_Kaito|cress|1171\n|player|p2|Nizz61|266|1140\n|teamsize|p1|6\n|teamsize|p2|6\n|gen|9\n|tier|[Gen 9] OU\n|rated|\n|rule|Sleep Clause Mod: Limit one foe put to sleep\n|rule|Species Clause: Limit one of each Pok\u00e9mon\n|rule|OHKO Clause: OHKO moves are banned\n|rule|Evasion Items Clause: Evasion items are banned\n|rule|Evasion Moves Clause: Evasion moves are banned\n|rule|Endless Battle Clause: Forcing endless battles is banned\n|rule|HP Percentage Mod: HP is shown in percentages\n|clearpoke\n|poke|p1|Ninetales-Alola, F|\n|poke|p1|Dondozo, M|\n|poke|p1|Sneasler, M|\n|poke|p1|Heatran, F|\n|poke|p1|Iron Treads|\n|poke|p1|Rillaboom, F|\n|poke|p2|Iron Valiant|\n|poke|p2|Espeon, M|\n|poke|p2|Gholdengo|\n|poke|p2|Gliscor, F|\n|poke|p2|Ogerpon-Wellspring, F|\n|poke|p2|Dragapult, F|\n|teampreview\n|\n|t:|1699745482\n|start\n|switch|p1a: Heatran|Heatran, F|100\/100\n|switch|p2a: Dragapult|Dragapult, F|100\/100\n|turn|1\n|\n|t:|1699745492\n|move|p2a: Dragapult|Shadow Ball|p1a: Heatran\n|-damage|p1a: Heatran|68\/100\n|move|p1a: Heatran|Magma Storm|p2a: Dragapult\n|-resisted|p2a: Dragapult\n|-crit|p2a: Dragapult\n|-damage|p2a: Dragapult|56\/100\n|-activate|p2a: Dragapult|move: Magma Storm|[of] p1a: Heatran\n|\n|-heal|p1a: Heatran|75\/100|[from] item: Leftovers\n|-damage|p2a: Dragapult|44\/100|[from] move: Magma Storm|[partiallytrapped]\n|upkeep\n|turn|2\n|\n|t:|1699745551\n|switch|p2a: Ogerpon|Ogerpon-Wellspring, F|100\/100\n|move|p1a: Heatran|Stealth Rock|p2a: Ogerpon\n|-sidestart|p2: Nizz61|move: Stealth Rock\n|\n|-heal|p1a: Heatran|81\/100|[from] item: Leftovers\n|upkeep\n|turn|3\n|c|\u2606Orokamo_Kaito|What\n|c|\u2606Orokamo_Kaito|How\n|c|\u2606Nizz61|sorry?\n|c|\u2606Orokamo_Kaito|Magma storm its suppised to trap you...?\n|c|\u2606Orokamo_Kaito|!dt magma storm\n|raw|<ul class=\"utilichart\"><li class=\"result\"><span class=\"col movenamecol\"><a href=\"https:\/\/dex.pokemonshowdown.com\/moves\/magmastorm\">Magma Storm<\/a><\/span> <span class=\"col typecol\"><img src=\"\/\/play.pokemonshowdown.com\/sprites\/types\/Fire.png\" alt=\"Fire\" width=\"32\" height=\"14\"><img src=\"\/\/play.pokemonshowdown.com\/sprites\/categories\/Special.png\" alt=\"Special\" width=\"32\" height=\"14\"><\/span> <span class=\"col labelcol\"><em>Power<\/em><br>100<\/span> <span class=\"col widelabelcol\"><em>Accuracy<\/em><br>75%<\/span> <span class=\"col pplabelcol\"><em>PP<\/em><br>8<\/span> <span class=\"col movedesccol\">Traps and damages the target for 4-5 turns.<\/span> <\/li><li style=\"clear:both\"><\/li><\/ul>\n|raw|<font size=\"1\"><font color=\"#686868\">Priority:<\/font> 0&nbsp;|&ThickSpace;<font color=\"#686868\">Gen:<\/font> 4&nbsp;|&ThickSpace;<font color=\"#686868\">Z-Power:<\/font> 180&nbsp;|&ThickSpace;<font color=\"#686868\">Dynamax Power:<\/font> 130&nbsp;|&ThickSpace;<font color=\"#686868\">Target:<\/font> One Adjacent Pok\u00e9mon<\/font>\n\n|c|\u2606Nizz61|infiltrator i think\n|c|\u2606Orokamo_Kaito|Damn\n|c|\u2606Nizz61|maybe\n|c|\u2606Orokamo_Kaito|Well whatever\n|\n|t:|1699745630\n|switch|p1a: Rillaboom|Rillaboom, F, shiny|100\/100\n|-fieldstart|move: Grassy Terrain|[from] ability: Grassy Surge|[of] p1a: Rillaboom\n|move|p2a: Ogerpon|Swords Dance|p2a: Ogerpon\n|-boost|p2a: Ogerpon|atk|2\n|\n|upkeep\n|turn|4\n|c|\u2606Nizz61|not sure if it does that\n|\n|t:|1699745643\n|move|p2a: Ogerpon|Swords Dance|p2a: Ogerpon\n|-boost|p2a: Ogerpon|atk|2\n|move|p1a: Rillaboom|Wood Hammer|p2a: Ogerpon\n|-damage|p2a: Ogerpon|0 fnt\n|faint|p2a: Ogerpon\n|-damage|p1a: Rillaboom|71\/100|[from] Recoil\n|\n|-heal|p1a: Rillaboom|77\/100|[from] Grassy Terrain\n|upkeep\n|\n|t:|1699745660\n|switch|p2a: Dragapult|Dragapult, F|44\/100\n|-damage|p2a: Dragapult|31\/100|[from] Stealth Rock\n|turn|5\n|\n|t:|1699745666\n|move|p2a: Dragapult|Fire Blast|p1a: Rillaboom\n|-supereffective|p1a: Rillaboom\n|-crit|p1a: Rillaboom\n|-damage|p1a: Rillaboom|0 fnt\n|faint|p1a: Rillaboom\n|\n|-heal|p2a: Dragapult|37\/100|[from] Grassy Terrain\n|upkeep\n|c|\u2606Nizz61|oh no wait\n|c|\u2606Nizz61|ghost type\n|c|\u2606Nizz61|cant be trapped i think\n|\n|t:|1699745719\n|switch|p1a: Ninetales|Ninetales-Alola, F, shiny|100\/100\n|-weather|Snow|[from] ability: Snow Warning|[of] p1a: Ninetales\n|turn|6\n|\n|t:|1699745730\n|move|p2a: Dragapult|Fire Blast|p1a: Ninetales\n|-supereffective|p1a: Ninetales\n|-damage|p1a: Ninetales|0 fnt\n|faint|p1a: Ninetales\n|\n|-weather|Snow|[upkeep]\n|-heal|p2a: Dragapult|43\/100|[from] Grassy Terrain\n|upkeep\n|c|\u2606Orokamo_Kaito|Welp, i tried.\n|\n|t:|1699745740\n|switch|p1a: Sneasler|Sneasler, M|100\/100\n|-enditem|p1a: Sneasler|Grassy Seed\n|-boost|p1a: Sneasler|def|1|[from] item: Grassy Seed\n|turn|7\n|\n|t:|1699745747\n|switch|p2a: Gliscor|Gliscor, F|100\/100\n|-damage|p2a: Gliscor|88\/100|[from] Stealth Rock\n|move|p1a: Sneasler|Swords Dance|p1a: Sneasler\n|-boost|p1a: Sneasler|atk|2\n|\n|-weather|Snow|[upkeep]\n|-fieldend|move: Grassy Terrain\n|-status|p2a: Gliscor|tox|[from] item: Toxic Orb\n|upkeep\n|turn|8\n|\n|t:|1699745758\n|-terastallize|p1a: Sneasler|Flying\n|move|p1a: Sneasler|Swords Dance|p1a: Sneasler\n|-boost|p1a: Sneasler|atk|2\n|move|p2a: Gliscor|Earthquake|p1a: Sneasler\n|-immune|p1a: Sneasler\n|\n|-weather|Snow|[upkeep]\n|-heal|p2a: Gliscor|100\/100 tox|[from] ability: Poison Heal\n|upkeep\n|turn|9\n|\n|t:|1699745768\n|move|p1a: Sneasler|Acrobatics|p2a: Gliscor\n|-damage|p2a: Gliscor|0 fnt\n|faint|p2a: Gliscor\n|\n|-weather|Snow|[upkeep]\n|upkeep\n|\n|t:|1699745781\n|switch|p2a: Iron Valiant|Iron Valiant|100\/100\n|-damage|p2a: Iron Valiant|94\/100|[from] Stealth Rock\n|-enditem|p2a: Iron Valiant|Booster Energy\n|-activate|p2a: Iron Valiant|ability: Quark Drive|[fromitem]\n|-start|p2a: Iron Valiant|quarkdrivespe\n|turn|10\n|\n|t:|1699745804\n|-terastallize|p2a: Iron Valiant|Steel\n|move|p1a: Sneasler|Acrobatics|p2a: Iron Valiant\n|-resisted|p2a: Iron Valiant\n|-damage|p2a: Iron Valiant|0 fnt\n|faint|p2a: Iron Valiant\n|-end|p2a: Iron Valiant|Quark Drive|[silent]\n|\n|-weather|none\n|upkeep\n|\n|t:|1699745814\n|switch|p2a: Gholdengo|Gholdengo|100\/100\n|-damage|p2a: Gholdengo|94\/100|[from] Stealth Rock\n|turn|11\n|\n|t:|1699745819\n|move|p1a: Sneasler|Acrobatics|p2a: Gholdengo\n|-resisted|p2a: Gholdengo\n|-damage|p2a: Gholdengo|5\/100\n|move|p2a: Gholdengo|Thunderbolt|p1a: Sneasler\n|-supereffective|p1a: Sneasler\n|-damage|p1a: Sneasler|23\/100\n|\n|-heal|p2a: Gholdengo|11\/100|[from] item: Leftovers\n|upkeep\n|turn|12\n|c|\u2606Nizz61|gg\n|-message|Nizz61 forfeited.\n|\n|win|Orokamo_Kaito\n|raw|Orokamo_Kaito's rating: 1171 &rarr; <strong>1194<\/strong><br \/>(+23 for winning)\n|raw|Nizz61's rating: 1140 &rarr; <strong>1117<\/strong><br \/>(-23 for losing)\n|l|\u2606Nizz61\n|c|\u2606Orokamo_Kaito|gg\n","uploadtime":1699746136,"views":10,"p1id":"orokamokaito","p2id":"nizz61","formatid":"gen9ou","rating":1117,"private":0,"password":""}