{"id":"gen9ou-1993469902","p1":"TheNutmeg33","p2":"jae3007","format":"[Gen 9] OU","log":"|j|\u2606TheNutmeg33\n|j|\u2606jae3007\n|t:|1700321769\n|gametype|singles\n|player|p1|TheNutmeg33|2|1519\n|player|p2|jae3007|169|1442\n|teamsize|p1|6\n|teamsize|p2|6\n|gen|9\n|tier|[Gen 9] OU\n|rated|\n|rule|Sleep Clause Mod: Limit one foe put to sleep\n|rule|Species Clause: Limit one of each Pok\u00e9mon\n|rule|OHKO Clause: OHKO moves are banned\n|rule|Evasion Items Clause: Evasion items are banned\n|rule|Evasion Moves Clause: Evasion moves are banned\n|rule|Endless Battle Clause: Forcing endless battles is banned\n|rule|HP Percentage Mod: HP is shown in percentages\n|clearpoke\n|poke|p1|Iron Moth|\n|poke|p1|Great Tusk|\n|poke|p1|Ceruledge, F|\n|poke|p1|Garganacl, M|\n|poke|p1|Clodsire, F|\n|poke|p1|Corviknight, M|\n|poke|p2|Walking Wake|\n|poke|p2|Maushold-Four|\n|poke|p2|Dragonite, F|\n|poke|p2|Weezing-Galar, M|\n|poke|p2|Great Tusk|\n|poke|p2|Muk-Alola, M|\n|teampreview\n|j| versoz\n|inactive|Battle timer is ON: inactive players will automatically lose when time's up. (requested by jae3007)\n|\n|t:|1700321783\n|start\n|switch|p1a: Garganacl|Garganacl, M, shiny|100\/100\n|switch|p2a: Walking Wake|Walking Wake|100\/100\n|turn|1\n|\n|t:|1700321789\n|move|p1a: Garganacl|Protect|p1a: Garganacl\n|-singleturn|p1a: Garganacl|Protect\n|move|p2a: Walking Wake|Hydro Steam|p1a: Garganacl\n|-activate|p1a: Garganacl|move: Protect\n|\n|upkeep\n|turn|2\n|\n|t:|1700321793\n|-terastallize|p1a: Garganacl|Ghost\n|move|p2a: Walking Wake|Hydro Steam|p1a: Garganacl\n|-damage|p1a: Garganacl|70\/100\n|move|p1a: Garganacl|Salt Cure|p2a: Walking Wake\n|-damage|p2a: Walking Wake|86\/100\n|-start|p2a: Walking Wake|Salt Cure\n|\n|-heal|p1a: Garganacl|76\/100|[from] item: Leftovers\n|-damage|p2a: Walking Wake|61\/100|[from] Salt Cure\n|upkeep\n|turn|3\n|\n|t:|1700321798\n|-end|p2a: Walking Wake|Protosynthesis|[silent]\n|switch|p2a: Muk|Muk-Alola, M, shiny|100\/100\n|move|p1a: Garganacl|Salt Cure|p2a: Muk\n|-damage|p2a: Muk|85\/100\n|-start|p2a: Muk|Salt Cure\n|\n|-heal|p2a: Muk|91\/100|[from] item: Leftovers\n|-heal|p1a: Garganacl|82\/100|[from] item: Leftovers\n|-damage|p2a: Muk|79\/100|[from] Salt Cure\n|upkeep\n|turn|4\n|\n|t:|1700321801\n|move|p1a: Garganacl|Protect|p1a: Garganacl\n|-singleturn|p1a: Garganacl|Protect\n|move|p2a: Muk|Knock Off|p1a: Garganacl\n|-activate|p1a: Garganacl|move: Protect\n|\n|-heal|p2a: Muk|85\/100|[from] item: Leftovers\n|-heal|p1a: Garganacl|89\/100|[from] item: Leftovers\n|-damage|p2a: Muk|73\/100|[from] Salt Cure\n|upkeep\n|turn|5\n|\n|t:|1700321804\n|switch|p1a: Corviknight|Corviknight, M, shiny|100\/100\n|-ability|p1a: Corviknight|Pressure\n|move|p2a: Muk|Knock Off|p1a: Corviknight\n|-damage|p1a: Corviknight|79\/100\n|-damage|p2a: Muk|56\/100|[from] item: Rocky Helmet|[of] p1a: Corviknight\n|-enditem|p1a: Corviknight|Rocky Helmet|[from] move: Knock Off|[of] p2a: Muk\n|\n|-heal|p2a: Muk|62\/100|[from] item: Leftovers\n|-damage|p2a: Muk|50\/100|[from] Salt Cure\n|upkeep\n|turn|6\n|\n|t:|1700321807\n|switch|p2a: Weezing|Weezing-Galar, M|100\/100\n|move|p1a: Corviknight|U-turn|p2a: Weezing\n|-resisted|p2a: Weezing\n|-damage|p2a: Weezing|97\/100\n|\n|t:|1700321813\n|switch|p1a: Garganacl|Garganacl, M, shiny, tera:Ghost|89\/100|[from] U-turn\n|\n|-heal|p1a: Garganacl|95\/100|[from] item: Leftovers\n|upkeep\n|turn|7\n|\n|t:|1700321815\n|move|p2a: Weezing|Shadow Ball|p1a: Garganacl\n|-supereffective|p1a: Garganacl\n|-damage|p1a: Garganacl|67\/100\n|move|p1a: Garganacl|Salt Cure|p2a: Weezing\n|-damage|p2a: Weezing|82\/100\n|-start|p2a: Weezing|Salt Cure\n|\n|-heal|p1a: Garganacl|73\/100|[from] item: Leftovers\n|-damage|p2a: Weezing|70\/100|[from] Salt Cure\n|upkeep\n|turn|8\n|\n|t:|1700321820\n|move|p2a: Weezing|Shadow Ball|p1a: Garganacl\n|-supereffective|p1a: Garganacl\n|-damage|p1a: Garganacl|43\/100\n|-unboost|p1a: Garganacl|spd|1\n|move|p1a: Garganacl|Stealth Rock|p2a: Weezing\n|-sidestart|p2: jae3007|move: Stealth Rock\n|\n|-heal|p1a: Garganacl|49\/100|[from] item: Leftovers\n|-damage|p2a: Weezing|57\/100|[from] Salt Cure\n|upkeep\n|turn|9\n|\n|t:|1700321824\n|move|p2a: Weezing|Shadow Ball|p1a: Garganacl\n|-supereffective|p1a: Garganacl\n|-damage|p1a: Garganacl|3\/100\n|move|p1a: Garganacl|Recover|p1a: Garganacl\n|-heal|p1a: Garganacl|53\/100\n|\n|-heal|p1a: Garganacl|59\/100|[from] item: Leftovers\n|-damage|p2a: Weezing|45\/100|[from] Salt Cure\n|upkeep\n|turn|10\n|\n|t:|1700321828\n|move|p1a: Garganacl|Protect|p1a: Garganacl\n|-singleturn|p1a: Garganacl|Protect\n|move|p2a: Weezing|Shadow Ball|p1a: Garganacl\n|-activate|p1a: Garganacl|move: Protect\n|\n|-heal|p1a: Garganacl|66\/100|[from] item: Leftovers\n|-damage|p2a: Weezing|33\/100|[from] Salt Cure\n|upkeep\n|turn|11\n|\n|t:|1700321831\n|switch|p1a: Clodsire|Clodsire, F, shiny|100\/100\n|move|p2a: Weezing|Shadow Ball|p1a: Clodsire\n|-damage|p1a: Clodsire|83\/100\n|-unboost|p1a: Clodsire|spd|1\n|\n|-heal|p1a: Clodsire|89\/100|[from] item: Black Sludge\n|-damage|p2a: Weezing|21\/100|[from] Salt Cure\n|upkeep\n|turn|12\n|\n|t:|1700321835\n|move|p2a: Weezing|Shadow Ball|p1a: Clodsire\n|-damage|p1a: Clodsire|64\/100\n|move|p1a: Clodsire|Spikes|p2a: Weezing\n|-sidestart|p2: jae3007|Spikes\n|\n|-heal|p1a: Clodsire|70\/100|[from] item: Black Sludge\n|-damage|p2a: Weezing|9\/100|[from] Salt Cure\n|upkeep\n|turn|13\n|\n|t:|1700321844\n|switch|p2a: Maushold|Maushold-Four|100\/100\n|-damage|p2a: Maushold|88\/100|[from] Stealth Rock\n|-damage|p2a: Maushold|76\/100|[from] Spikes\n|move|p1a: Clodsire|Spikes|p2a: Maushold\n|-sidestart|p2: jae3007|Spikes\n|\n|-heal|p1a: Clodsire|76\/100|[from] item: Black Sludge\n|upkeep\n|turn|14\n|\n|t:|1700321846\n|move|p2a: Maushold|Tidy Up|p2a: Maushold\n|-sideend|p2: jae3007|Spikes\n|-sideend|p2: jae3007|Stealth Rock\n|-activate|p2a: Maushold|move: Tidy Up\n|-boost|p2a: Maushold|atk|1\n|-boost|p2a: Maushold|spe|1\n|move|p1a: Clodsire|Toxic|p2a: Maushold\n|-status|p2a: Maushold|tox\n|\n|-heal|p1a: Clodsire|82\/100|[from] item: Black Sludge\n|-damage|p2a: Maushold|69\/100 tox|[from] psn\n|upkeep\n|turn|15\n|\n|t:|1700321852\n|switch|p1a: Corviknight|Corviknight, M, shiny|79\/100\n|-ability|p1a: Corviknight|Pressure\n|move|p2a: Maushold|Population Bomb|p1a: Corviknight\n|-resisted|p1a: Corviknight\n|-damage|p1a: Corviknight|74\/100\n|-resisted|p1a: Corviknight\n|-damage|p1a: Corviknight|69\/100\n|-resisted|p1a: Corviknight\n|-crit|p1a: Corviknight\n|-damage|p1a: Corviknight|61\/100\n|-resisted|p1a: Corviknight\n|-damage|p1a: Corviknight|57\/100\n|-resisted|p1a: Corviknight\n|-damage|p1a: Corviknight|51\/100\n|-resisted|p1a: Corviknight\n|-damage|p1a: Corviknight|47\/100\n|-resisted|p1a: Corviknight\n|-damage|p1a: Corviknight|42\/100\n|-resisted|p1a: Corviknight\n|-damage|p1a: Corviknight|37\/100\n|-resisted|p1a: Corviknight\n|-damage|p1a: Corviknight|33\/100\n|-resisted|p1a: Corviknight\n|-damage|p1a: Corviknight|28\/100\n|-hitcount|p1a: Corviknight|10\n|\n|-damage|p2a: Maushold|57\/100 tox|[from] psn\n|upkeep\n|turn|16\n|\n|t:|1700321856\n|move|p2a: Maushold|Population Bomb|p1a: Corviknight\n|-resisted|p1a: Corviknight\n|-damage|p1a: Corviknight|23\/100\n|-resisted|p1a: Corviknight\n|-damage|p1a: Corviknight|19\/100\n|-resisted|p1a: Corviknight\n|-damage|p1a: Corviknight|13\/100\n|-resisted|p1a: Corviknight\n|-damage|p1a: Corviknight|8\/100\n|-resisted|p1a: Corviknight\n|-damage|p1a: Corviknight|4\/100\n|-resisted|p1a: Corviknight\n|-damage|p1a: Corviknight|0 fnt\n|faint|p1a: Corviknight\n|-hitcount|p1: Corviknight|6\n|\n|-damage|p2a: Maushold|38\/100 tox|[from] psn\n|upkeep\n|\n|t:|1700321863\n|switch|p1a: Garganacl|Garganacl, M, shiny, tera:Ghost|66\/100\n|turn|17\n|\n|t:|1700321866\n|move|p1a: Garganacl|Protect|p1a: Garganacl\n|-singleturn|p1a: Garganacl|Protect\n|move|p2a: Maushold|Bite|p1a: Garganacl\n|-activate|p1a: Garganacl|move: Protect\n|\n|-heal|p1a: Garganacl|72\/100|[from] item: Leftovers\n|-damage|p2a: Maushold|13\/100 tox|[from] psn\n|upkeep\n|turn|18\n|\n|t:|1700321869\n|move|p2a: Maushold|Encore|p1a: Garganacl\n|-start|p1a: Garganacl|Encore\n|move|p1a: Garganacl|Protect||[still]\n|-fail|p1a: Garganacl\n|\n|-heal|p1a: Garganacl|78\/100|[from] item: Leftovers\n|-damage|p2a: Maushold|0 fnt|[from] psn\n|faint|p2a: Maushold\n|upkeep\n|\n|t:|1700321876\n|switch|p2a: Dragonite|Dragonite, F|100\/100\n|turn|19\n|\n|t:|1700321879\n|switch|p1a: Great Tusk|Great Tusk, shiny|100\/100\n|move|p2a: Dragonite|Outrage|p1a: Great Tusk\n|-damage|p1a: Great Tusk|27\/100\n|\n|upkeep\n|turn|20\n|\n|t:|1700321881\n|move|p1a: Great Tusk|Ice Spinner|p2a: Dragonite\n|-supereffective|p2a: Dragonite\n|-damage|p2a: Dragonite|44\/100\n|move|p2a: Dragonite|Outrage|p1a: Great Tusk|[from]lockedmove\n|-damage|p1a: Great Tusk|0 fnt\n|faint|p1a: Great Tusk\n|-end|p1a: Great Tusk|Protosynthesis|[silent]\n|-start|p2a: Dragonite|confusion|[fatigue]\n|\n|upkeep\n|\n|t:|1700321887\n|switch|p1a: Garganacl|Garganacl, M, shiny, tera:Ghost|78\/100\n|turn|21\n|\n|t:|1700321891\n|switch|p2a: Great Tusk|Great Tusk|100\/100\n|move|p1a: Garganacl|Salt Cure|p2a: Great Tusk\n|-resisted|p2a: Great Tusk\n|-damage|p2a: Great Tusk|99\/100\n|-start|p2a: Great Tusk|Salt Cure\n|\n|-heal|p1a: Garganacl|84\/100|[from] item: Leftovers\n|-damage|p2a: Great Tusk|86\/100|[from] Salt Cure\n|upkeep\n|turn|22\n|\n|t:|1700321894\n|-end|p2a: Great Tusk|Protosynthesis|[silent]\n|switch|p2a: Walking Wake|Walking Wake|61\/100\n|move|p1a: Garganacl|Protect||[still]\n|-fail|p1a: Garganacl\n|\n|-heal|p1a: Garganacl|90\/100|[from] item: Leftovers\n|upkeep\n|turn|23\n|\n|t:|1700321896\n|move|p2a: Walking Wake|Draco Meteor|p1a: Garganacl\n|-damage|p1a: Garganacl|35\/100\n|-unboost|p2a: Walking Wake|spa|2\n|move|p1a: Garganacl|Salt Cure|p2a: Walking Wake\n|-damage|p2a: Walking Wake|45\/100\n|-start|p2a: Walking Wake|Salt Cure\n|\n|-heal|p1a: Garganacl|41\/100|[from] item: Leftovers\n|-damage|p2a: Walking Wake|20\/100|[from] Salt Cure\n|upkeep\n|turn|24\n|\n|t:|1700321899\n|-end|p2a: Walking Wake|Protosynthesis|[silent]\n|switch|p2a: Muk|Muk-Alola, M, shiny|50\/100\n|move|p1a: Garganacl|Recover|p1a: Garganacl\n|-heal|p1a: Garganacl|91\/100\n|\n|-heal|p2a: Muk|56\/100|[from] item: Leftovers\n|-heal|p1a: Garganacl|98\/100|[from] item: Leftovers\n|upkeep\n|turn|25\n|\n|t:|1700321903\n|move|p1a: Garganacl|Protect|p1a: Garganacl\n|-singleturn|p1a: Garganacl|Protect\n|move|p2a: Muk|Knock Off|p1a: Garganacl\n|-activate|p1a: Garganacl|move: Protect\n|\n|-heal|p2a: Muk|62\/100|[from] item: Leftovers\n|-heal|p1a: Garganacl|100\/100|[from] item: Leftovers\n|upkeep\n|turn|26\n|\n|t:|1700321905\n|switch|p1a: Clodsire|Clodsire, F, shiny|82\/100\n|move|p2a: Muk|Knock Off|p1a: Clodsire\n|-damage|p1a: Clodsire|44\/100\n|-enditem|p1a: Clodsire|Black Sludge|[from] move: Knock Off|[of] p2a: Muk\n|\n|-heal|p2a: Muk|68\/100|[from] item: Leftovers\n|upkeep\n|turn|27\n|\n|t:|1700321910\n|move|p2a: Muk|Protect|p2a: Muk\n|-singleturn|p2a: Muk|Protect\n|move|p1a: Clodsire|Earthquake|p2a: Muk\n|-activate|p2a: Muk|move: Protect\n|\n|-heal|p2a: Muk|74\/100|[from] item: Leftovers\n|upkeep\n|turn|28\n|\n|t:|1700321913\n|switch|p2a: Great Tusk|Great Tusk|86\/100\n|move|p1a: Clodsire|Earthquake|p2a: Great Tusk\n|-damage|p2a: Great Tusk|73\/100\n|\n|upkeep\n|turn|29\n|\n|t:|1700321917\n|move|p2a: Great Tusk|Earthquake|p1a: Clodsire\n|-supereffective|p1a: Clodsire\n|-damage|p1a: Clodsire|0 fnt\n|faint|p1a: Clodsire\n|\n|upkeep\n|\n|t:|1700321920\n|switch|p1a: Ceruledge|Ceruledge, F|100\/100\n|turn|30\n|\n|t:|1700321922\n|move|p1a: Ceruledge|Swords Dance|p1a: Ceruledge\n|-boost|p1a: Ceruledge|atk|2\n|move|p2a: Great Tusk|Earthquake|p1a: Ceruledge\n|-supereffective|p1a: Ceruledge\n|-enditem|p1a: Ceruledge|Focus Sash\n|-damage|p1a: Ceruledge|1\/100\n|-ability|p1a: Ceruledge|Weak Armor|boost\n|-unboost|p1a: Ceruledge|def|1\n|-boost|p1a: Ceruledge|spe|2\n|\n|upkeep\n|turn|31\n|\n|t:|1700321928\n|move|p1a: Ceruledge|Bitter Blade|p2a: Great Tusk\n|-damage|p2a: Great Tusk|31\/100\n|-heal|p1a: Ceruledge|32\/100|[from] drain|[of] p2a: Great Tusk\n|-damage|p1a: Ceruledge|16\/100|[from] item: Rocky Helmet|[of] p2a: Great Tusk\n|move|p2a: Great Tusk|Stealth Rock|p1a: Ceruledge\n|-sidestart|p1: TheNutmeg33|move: Stealth Rock\n|\n|upkeep\n|turn|32\n|\n|t:|1700321933\n|move|p1a: Ceruledge|Bitter Blade|p2a: Great Tusk\n|-damage|p2a: Great Tusk|0 fnt\n|-heal|p1a: Ceruledge|38\/100|[from] drain|[of] p2a: Great Tusk\n|-damage|p1a: Ceruledge|22\/100|[from] item: Rocky Helmet|[of] p2a: Great Tusk\n|faint|p2a: Great Tusk\n|-end|p2a: Great Tusk|Protosynthesis|[silent]\n|\n|upkeep\n|\n|t:|1700321936\n|switch|p2a: Walking Wake|Walking Wake|20\/100\n|turn|33\n|\n|t:|1700321940\n|move|p1a: Ceruledge|Shadow Sneak|p2a: Walking Wake\n|-damage|p2a: Walking Wake|0 fnt\n|faint|p2a: Walking Wake\n|-end|p2a: Walking Wake|Protosynthesis|[silent]\n|\n|upkeep\n|\n|t:|1700321942\n|switch|p2a: Dragonite|Dragonite, F|44\/100\n|turn|34\n|\n|t:|1700321950\n|move|p1a: Ceruledge|Bitter Blade|p2a: Dragonite\n|-resisted|p2a: Dragonite\n|-damage|p2a: Dragonite|0 fnt\n|-heal|p1a: Ceruledge|47\/100|[from] drain|[of] p2a: Dragonite\n|faint|p2a: Dragonite\n|\n|upkeep\n|\n|t:|1700321953\n|switch|p2a: Muk|Muk-Alola, M, shiny|74\/100\n|turn|35\n|\n|t:|1700321955\n|move|p1a: Ceruledge|Bitter Blade|p2a: Muk\n|-damage|p2a: Muk|0 fnt\n|-heal|p1a: Ceruledge|99\/100|[from] drain|[of] p2a: Muk\n|faint|p2a: Muk\n|\n|upkeep\n|-message|jae3007 forfeited.\n|\n|win|TheNutmeg33\n|raw|TheNutmeg33's rating: 1519 &rarr; <strong>1535<\/strong><br \/>(+16 for winning)\n|raw|jae3007's rating: 1442 &rarr; <strong>1426<\/strong><br \/>(-16 for losing)\n|l|\u2606jae3007\n","uploadtime":1700322084,"views":26,"p1id":"thenutmeg33","p2id":"jae3007","formatid":"gen9ou","rating":1426,"private":0,"password":""}