{"id":"gen9ou-1992223735","p1":"Flamin_snorlax","p2":"jupiterav","format":"[Gen 9] OU","log":"|j|\u2606Flamin_snorlax\n|j|\u2606jupiterav\n|t:|1700165320\n|gametype|singles\n|player|p1|Flamin_snorlax|ninjaboy|1558\n|player|p2|jupiterav|iris-gen5bw2|1545\n|teamsize|p1|6\n|teamsize|p2|6\n|gen|9\n|tier|[Gen 9] OU\n|rated|\n|rule|Sleep Clause Mod: Limit one foe put to sleep\n|rule|Species Clause: Limit one of each Pok\u00e9mon\n|rule|OHKO Clause: OHKO moves are banned\n|rule|Evasion Items Clause: Evasion items are banned\n|rule|Evasion Moves Clause: Evasion moves are banned\n|rule|Endless Battle Clause: Forcing endless battles is banned\n|rule|HP Percentage Mod: HP is shown in percentages\n|clearpoke\n|poke|p1|Goodra-Hisui, M|\n|poke|p1|Blissey, F|\n|poke|p1|Dondozo, F|\n|poke|p1|Cyclizar, M|\n|poke|p1|Alomomola, F|\n|poke|p1|Clodsire, M|\n|poke|p2|Gholdengo|\n|poke|p2|Ogerpon-Wellspring, F|\n|poke|p2|Corviknight, M|\n|poke|p2|Iron Valiant|\n|poke|p2|Kingambit, F|\n|poke|p2|Ting-Lu|\n|teampreview\n|j| Monday999\n|\n|t:|1700165336\n|start\n|switch|p1a: Cyclizar|Cyclizar, M|100\/100\n|switch|p2a: Ogerpon|Ogerpon-Wellspring, F|100\/100\n|turn|1\n|\n|t:|1700165344\n|switch|p2a: Corviknight|Corviknight, M|100\/100\n|-ability|p2a: Corviknight|Pressure\n|move|p1a: Cyclizar|U-turn|p2a: Corviknight\n|-resisted|p2a: Corviknight\n|-damage|p2a: Corviknight|98\/100\n|-damage|p1a: Cyclizar|84\/100|[from] item: Rocky Helmet|[of] p2a: Corviknight\n|\n|t:|1700165351\n|switch|p1a: Alomomola|Alomomola, F|100\/100|[from] U-turn\n|\n|upkeep\n|turn|2\n|\n|t:|1700165356\n|switch|p2a: Ogerpon|Ogerpon-Wellspring, F|100\/100\n|move|p1a: Alomomola|Whirlpool|p2a: Ogerpon\n|-immune|p2a: Ogerpon|[from] ability: Water Absorb\n|\n|upkeep\n|turn|3\n|\n|t:|1700165372\n|switch|p1a: Goodra|Goodra-Hisui, M|100\/100\n|move|p2a: Ogerpon|Taunt|p1a: Goodra\n|-start|p1a: Goodra|move: Taunt\n|\n|upkeep\n|turn|4\n|\n|t:|1700165389\n|move|p2a: Ogerpon|U-turn|p1a: Goodra\n|-resisted|p1a: Goodra\n|-damage|p1a: Goodra|91\/100\n|\n|t:|1700165398\n|switch|p2a: Corviknight|Corviknight, M|98\/100|[from] U-turn\n|-ability|p2a: Corviknight|Pressure\n|move|p1a: Goodra|Body Press|p2a: Corviknight\n|-damage|p2a: Corviknight|82\/100\n|-damage|p1a: Goodra|74\/100|[from] item: Rocky Helmet|[of] p2a: Corviknight\n|\n|upkeep\n|turn|5\n|\n|t:|1700165406\n|move|p2a: Corviknight|Body Press|p1a: Goodra\n|-supereffective|p1a: Goodra\n|-damage|p1a: Goodra|41\/100\n|move|p1a: Goodra|Knock Off|p2a: Corviknight\n|-damage|p2a: Corviknight|70\/100\n|-damage|p1a: Goodra|24\/100|[from] item: Rocky Helmet|[of] p2a: Corviknight\n|-enditem|p2a: Corviknight|Rocky Helmet|[from] move: Knock Off|[of] p1a: Goodra\n|\n|-end|p1a: Goodra|move: Taunt\n|upkeep\n|turn|6\n|\n|t:|1700165417\n|switch|p1a: Alomomola|Alomomola, F|100\/100\n|move|p2a: Corviknight|Body Press|p1a: Alomomola\n|-damage|p1a: Alomomola|86\/100\n|\n|upkeep\n|turn|7\n|\n|t:|1700165422\n|move|p2a: Corviknight|U-turn|p1a: Alomomola\n|-damage|p1a: Alomomola|77\/100\n|\n|t:|1700165425\n|switch|p2a: Ogerpon|Ogerpon-Wellspring, F|100\/100|[from] U-turn\n|move|p1a: Alomomola|Wish|p1a: Alomomola\n|\n|upkeep\n|turn|8\n|\n|t:|1700165451\n|switch|p1a: Goodra|Goodra-Hisui, M|24\/100\n|move|p2a: Ogerpon|U-turn|p1a: Goodra\n|-resisted|p1a: Goodra\n|-damage|p1a: Goodra|16\/100\n|\n|t:|1700165461\n|switch|p2a: Corviknight|Corviknight, M|70\/100|[from] U-turn\n|-ability|p2a: Corviknight|Pressure\n|\n|-heal|p1a: Goodra|89\/100|[from] move: Wish|[wisher] Alomomola\n|upkeep\n|turn|9\n|\n|t:|1700165475\n|switch|p1a: Alomomola|Alomomola, F|100\/100\n|move|p2a: Corviknight|Body Press|p1a: Alomomola\n|-damage|p1a: Alomomola|87\/100\n|\n|upkeep\n|turn|10\n|\n|t:|1700165482\n|switch|p1a: Goodra|Goodra-Hisui, M|89\/100\n|move|p2a: Corviknight|Roost|p2a: Corviknight\n|-heal|p2a: Corviknight|100\/100\n|-singleturn|p2a: Corviknight|move: Roost\n|\n|upkeep\n|turn|11\n|\n|t:|1700165493\n|move|p2a: Corviknight|Body Press|p1a: Goodra\n|-supereffective|p1a: Goodra\n|-damage|p1a: Goodra|53\/100\n|move|p1a: Goodra|Acid Armor|p1a: Goodra\n|-boost|p1a: Goodra|def|2\n|\n|upkeep\n|turn|12\n|\n|t:|1700165499\n|move|p2a: Corviknight|Body Press|p1a: Goodra\n|-supereffective|p1a: Goodra\n|-damage|p1a: Goodra|34\/100\n|move|p1a: Goodra|Body Press|p2a: Corviknight\n|-damage|p2a: Corviknight|68\/100\n|\n|upkeep\n|turn|13\n|\n|t:|1700165505\n|move|p2a: Corviknight|Body Press|p1a: Goodra\n|-supereffective|p1a: Goodra\n|-damage|p1a: Goodra|16\/100\n|move|p1a: Goodra|Rest|p1a: Goodra\n|-status|p1a: Goodra|slp|[from] move: Rest\n|-heal|p1a: Goodra|100\/100 slp|[silent]\n|\n|upkeep\n|turn|14\n|\n|t:|1700165512\n|move|p2a: Corviknight|U-turn|p1a: Goodra\n|-resisted|p1a: Goodra\n|-damage|p1a: Goodra|98\/100 slp\n|\n|t:|1700165515\n|switch|p2a: Ting-Lu|Ting-Lu|100\/100|[from] U-turn\n|-ability|p2a: Ting-Lu|Vessel of Ruin\n|cant|p1a: Goodra|slp\n|\n|upkeep\n|turn|15\n|\n|t:|1700165524\n|switch|p1a: Alomomola|Alomomola, F|100\/100\n|move|p2a: Ting-Lu|Whirlwind|p1a: Alomomola\n|drag|p1a: Dondozo|Dondozo, F|100\/100\n|\n|upkeep\n|turn|16\n|\n|t:|1700165537\n|switch|p2a: Ogerpon|Ogerpon-Wellspring, F|100\/100\n|switch|p1a: Cyclizar|Cyclizar, M|100\/100\n|\n|upkeep\n|turn|17\n|\n|t:|1700165545\n|switch|p2a: Corviknight|Corviknight, M|68\/100\n|-ability|p2a: Corviknight|Pressure\n|switch|p1a: Goodra|Goodra-Hisui, M|98\/100 slp\n|\n|upkeep\n|turn|18\n|\n|t:|1700165551\n|move|p2a: Corviknight|Body Press|p1a: Goodra\n|-supereffective|p1a: Goodra\n|-damage|p1a: Goodra|63\/100 slp\n|cant|p1a: Goodra|slp\n|\n|upkeep\n|turn|19\n|\n|t:|1700165561\n|switch|p1a: Alomomola|Alomomola, F|100\/100\n|move|p2a: Corviknight|Body Press|p1a: Alomomola\n|-damage|p1a: Alomomola|87\/100\n|\n|upkeep\n|turn|20\n|\n|t:|1700165568\n|switch|p2a: Ogerpon|Ogerpon-Wellspring, F|100\/100\n|move|p1a: Alomomola|Wish|p1a: Alomomola\n|\n|upkeep\n|turn|21\n|\n|t:|1700165586\n|switch|p1a: Goodra|Goodra-Hisui, M|63\/100 slp\n|move|p2a: Ogerpon|U-turn|p1a: Goodra\n|-resisted|p1a: Goodra\n|-damage|p1a: Goodra|54\/100 slp\n|\n|t:|1700165588\n|switch|p2a: Ting-Lu|Ting-Lu|100\/100|[from] U-turn\n|-ability|p2a: Ting-Lu|Vessel of Ruin\n|\n|-heal|p1a: Goodra|100\/100 slp|[from] move: Wish|[wisher] Alomomola\n|upkeep\n|turn|22\n|inactive|Battle timer is ON: inactive players will automatically lose when time's up. (requested by jupiterav)\n|\n|t:|1700165637\n|switch|p1a: Alomomola|Alomomola, F|100\/100\n|move|p2a: Ting-Lu|Earthquake|p1a: Alomomola\n|-damage|p1a: Alomomola|81\/100\n|\n|upkeep\n|turn|23\n|\n|t:|1700165648\n|switch|p2a: Ogerpon|Ogerpon-Wellspring, F|100\/100\n|switch|p1a: Clodsire|Clodsire, M|100\/100\n|\n|upkeep\n|turn|24\n|\n|t:|1700165656\n|switch|p1a: Goodra|Goodra-Hisui, M|100\/100 slp\n|move|p2a: Ogerpon|U-turn|p1a: Goodra\n|-resisted|p1a: Goodra\n|-damage|p1a: Goodra|92\/100 slp\n|\n|t:|1700165668\n|switch|p2a: Iron Valiant|Iron Valiant|100\/100|[from] U-turn\n|-enditem|p2a: Iron Valiant|Booster Energy\n|-activate|p2a: Iron Valiant|ability: Quark Drive|[fromitem]\n|-start|p2a: Iron Valiant|quarkdrivespe\n|\n|upkeep\n|turn|25\n|\n|t:|1700165682\n|switch|p1a: Clodsire|Clodsire, M|100\/100\n|move|p2a: Iron Valiant|Moonblast|p1a: Clodsire\n|-resisted|p1a: Clodsire\n|-damage|p1a: Clodsire|87\/100\n|-unboost|p1a: Clodsire|spa|1\n|\n|upkeep\n|turn|26\n|\n|t:|1700165708\n|-end|p2a: Iron Valiant|Quark Drive|[silent]\n|switch|p2a: Gholdengo|Gholdengo|100\/100\n|-item|p2a: Gholdengo|Air Balloon\n|-terastallize|p1a: Clodsire|Steel\n|move|p1a: Clodsire|Poison Jab|p2a: Gholdengo\n|-immune|p2a: Gholdengo\n|\n|upkeep\n|turn|27\n|\n|t:|1700165721\n|switch|p1a: Blissey|Blissey, F|100\/100\n|move|p2a: Gholdengo|Nasty Plot|p2a: Gholdengo\n|-boost|p2a: Gholdengo|spa|2\n|\n|upkeep\n|turn|28\n|\n|t:|1700165728\n|switch|p1a: Clodsire|Clodsire, M, tera:Steel|87\/100\n|move|p2a: Gholdengo|Nasty Plot|p2a: Gholdengo\n|-boost|p2a: Gholdengo|spa|2\n|\n|upkeep\n|turn|29\n|\n|t:|1700165732\n|move|p2a: Gholdengo|Shadow Ball|p1a: Clodsire\n|-damage|p1a: Clodsire|64\/100\n|move|p1a: Clodsire|Amnesia|p1a: Clodsire\n|-boost|p1a: Clodsire|spd|2\n|\n|upkeep\n|turn|30\n|\n|t:|1700165746\n|move|p2a: Gholdengo|Psyshock|p1a: Clodsire\n|-resisted|p1a: Clodsire\n|-damage|p1a: Clodsire|50\/100\n|move|p1a: Clodsire|Spikes|p2a: Gholdengo\n|-sidestart|p2: jupiterav|Spikes\n|\n|upkeep\n|turn|31\n|\n|t:|1700165752\n|move|p2a: Gholdengo|Psyshock|p1a: Clodsire\n|-resisted|p1a: Clodsire\n|-damage|p1a: Clodsire|36\/100\n|move|p1a: Clodsire|Recover|p1a: Clodsire\n|-heal|p1a: Clodsire|86\/100\n|\n|upkeep\n|turn|32\n|\n|t:|1700165761\n|switch|p2a: Ting-Lu|Ting-Lu|100\/100\n|-damage|p2a: Ting-Lu|88\/100|[from] Spikes\n|-ability|p2a: Ting-Lu|Vessel of Ruin\n|move|p1a: Clodsire|Spikes|p2a: Ting-Lu\n|-sidestart|p2: jupiterav|Spikes\n|\n|-heal|p2a: Ting-Lu|94\/100|[from] item: Leftovers\n|upkeep\n|turn|33\n|\n|t:|1700165771\n|switch|p1a: Alomomola|Alomomola, F|100\/100\n|move|p2a: Ting-Lu|Earthquake|p1a: Alomomola\n|-damage|p1a: Alomomola|81\/100\n|\n|-heal|p2a: Ting-Lu|100\/100|[from] item: Leftovers\n|upkeep\n|turn|34\n|\n|t:|1700165800\n|switch|p1a: Cyclizar|Cyclizar, M|100\/100\n|move|p2a: Ting-Lu|Ruination|p1a: Cyclizar\n|-damage|p1a: Cyclizar|50\/100\n|\n|upkeep\n|turn|35\n|\n|t:|1700165807\n|move|p1a: Cyclizar|Knock Off|p2a: Ting-Lu\n|-resisted|p2a: Ting-Lu\n|-damage|p2a: Ting-Lu|95\/100\n|-enditem|p2a: Ting-Lu|Leftovers|[from] move: Knock Off|[of] p1a: Cyclizar\n|move|p2a: Ting-Lu|Earthquake|p1a: Cyclizar\n|-crit|p1a: Cyclizar\n|-damage|p1a: Cyclizar|0 fnt\n|faint|p1a: Cyclizar\n|\n|upkeep\n|\n|t:|1700165814\n|switch|p1a: Alomomola|Alomomola, F|100\/100\n|turn|36\n|\n|t:|1700165820\n|switch|p2a: Ogerpon|Ogerpon-Wellspring, F|100\/100\n|-damage|p2a: Ogerpon|84\/100|[from] Spikes\n|move|p1a: Alomomola|Wish|p1a: Alomomola\n|\n|upkeep\n|turn|37\n|\n|t:|1700165826\n|switch|p1a: Goodra|Goodra-Hisui, M|92\/100 slp\n|move|p2a: Ogerpon|Horn Leech|p1a: Goodra\n|-resisted|p1a: Goodra\n|-damage|p1a: Goodra|84\/100 slp\n|-heal|p2a: Ogerpon|89\/100|[from] drain|[of] p1a: Goodra\n|\n|-heal|p1a: Goodra|100\/100 slp|[from] move: Wish|[wisher] Alomomola\n|upkeep\n|turn|38\n|\n|t:|1700165832\n|move|p2a: Ogerpon|U-turn|p1a: Goodra\n|-resisted|p1a: Goodra\n|-damage|p1a: Goodra|91\/100 slp\n|\n|t:|1700165847\n|switch|p2a: Corviknight|Corviknight, M|68\/100|[from] U-turn\n|-ability|p2a: Corviknight|Pressure\n|-curestatus|p1a: Goodra|slp|[msg]\n|move|p1a: Goodra|Acid Armor|p1a: Goodra\n|-boost|p1a: Goodra|def|2\n|\n|upkeep\n|turn|39\n|\n|t:|1700165871\n|move|p2a: Corviknight|U-turn|p1a: Goodra\n|-resisted|p1a: Goodra\n|-damage|p1a: Goodra|89\/100\n|inactive|jupiterav has 120 seconds left.\n|\n|t:|1700165897\n|switch|p2a: Ting-Lu|Ting-Lu|95\/100|[from] U-turn\n|-damage|p2a: Ting-Lu|78\/100|[from] Spikes\n|-ability|p2a: Ting-Lu|Vessel of Ruin\n|move|p1a: Goodra|Body Press|p2a: Ting-Lu\n|-supereffective|p2a: Ting-Lu\n|-crit|p2a: Ting-Lu\n|-damage|p2a: Ting-Lu|0 fnt\n|faint|p2a: Ting-Lu\n|\n|upkeep\n|\n|t:|1700165907\n|switch|p2a: Gholdengo|Gholdengo|100\/100\n|-item|p2a: Gholdengo|Air Balloon\n|turn|40\n|\n|t:|1700165919\n|move|p2a: Gholdengo|Dazzling Gleam|p1a: Goodra\n|-damage|p1a: Goodra|70\/100\n|move|p1a: Goodra|Knock Off|p2a: Gholdengo\n|-supereffective|p2a: Gholdengo\n|-damage|p2a: Gholdengo|54\/100\n|-enditem|p2a: Gholdengo|Air Balloon\n|\n|upkeep\n|turn|41\n|inactive|jupiterav has 120 seconds left.\n|\n|t:|1700165928\n|move|p2a: Gholdengo|Shadow Ball|p1a: Goodra\n|-damage|p1a: Goodra|41\/100\n|move|p1a: Goodra|Rest|p1a: Goodra\n|-status|p1a: Goodra|slp|[from] move: Rest\n|-heal|p1a: Goodra|100\/100 slp|[silent]\n|\n|upkeep\n|turn|42\n|\n|t:|1700165933\n|switch|p1a: Clodsire|Clodsire, M, tera:Steel|86\/100\n|move|p2a: Gholdengo|Nasty Plot|p2a: Gholdengo\n|-boost|p2a: Gholdengo|spa|2\n|\n|upkeep\n|turn|43\n|\n|t:|1700165940\n|switch|p2a: Corviknight|Corviknight, M|68\/100\n|-ability|p2a: Corviknight|Pressure\n|move|p1a: Clodsire|Amnesia|p1a: Clodsire\n|-boost|p1a: Clodsire|spd|2\n|\n|upkeep\n|turn|44\n|\n|t:|1700165955\n|switch|p1a: Alomomola|Alomomola, F|100\/100\n|move|p2a: Corviknight|U-turn|p1a: Alomomola\n|-crit|p1a: Alomomola\n|-damage|p1a: Alomomola|89\/100\n|\n|t:|1700165958\n|switch|p2a: Ogerpon|Ogerpon-Wellspring, F|89\/100|[from] U-turn\n|-damage|p2a: Ogerpon|72\/100|[from] Spikes\n|\n|upkeep\n|turn|45\n|\n|t:|1700165964\n|switch|p1a: Goodra|Goodra-Hisui, M|100\/100 slp\n|move|p2a: Ogerpon|Taunt|p1a: Goodra\n|-start|p1a: Goodra|move: Taunt\n|\n|upkeep\n|turn|46\n|\n|t:|1700165968\n|move|p2a: Ogerpon|Ivy Cudgel|p1a: Goodra|[anim] Ivy Cudgel Water\n|-resisted|p1a: Goodra\n|-damage|p1a: Goodra|81\/100 slp\n|cant|p1a: Goodra|slp\n|\n|upkeep\n|turn|47\n|\n|t:|1700165977\n|move|p2a: Ogerpon|Ivy Cudgel|p1a: Goodra|[anim] Ivy Cudgel Water\n|-resisted|p1a: Goodra\n|-damage|p1a: Goodra|61\/100 slp\n|cant|p1a: Goodra|slp\n|\n|-end|p1a: Goodra|move: Taunt\n|upkeep\n|turn|48\n|\n|t:|1700165999\n|move|p2a: Ogerpon|Taunt|p1a: Goodra\n|-start|p1a: Goodra|move: Taunt\n|-curestatus|p1a: Goodra|slp|[msg]\n|cant|p1a: Goodra|move: Taunt|Acid Armor\n|\n|upkeep\n|turn|49\n|inactive|Flamin_snorlax has 120 seconds left.\n|\n|t:|1700166021\n|move|p2a: Ogerpon|U-turn|p1a: Goodra\n|-resisted|p1a: Goodra\n|-damage|p1a: Goodra|51\/100\n|\n|t:|1700166024\n|switch|p2a: Corviknight|Corviknight, M|68\/100|[from] U-turn\n|-ability|p2a: Corviknight|Pressure\n|move|p1a: Goodra|Body Press|p2a: Corviknight\n|-damage|p2a: Corviknight|54\/100\n|\n|upkeep\n|turn|50\n|\n|t:|1700166033\n|switch|p1a: Alomomola|Alomomola, F|100\/100\n|move|p2a: Corviknight|U-turn|p1a: Alomomola\n|-damage|p1a: Alomomola|93\/100\n|\n|t:|1700166038\n|switch|p2a: Ogerpon|Ogerpon-Wellspring, F|72\/100|[from] U-turn\n|-damage|p2a: Ogerpon|55\/100|[from] Spikes\n|\n|upkeep\n|turn|51\n|\n|t:|1700166042\n|move|p1a: Alomomola|Protect|p1a: Alomomola\n|-singleturn|p1a: Alomomola|Protect\n|move|p2a: Ogerpon|Horn Leech|p1a: Alomomola\n|-activate|p1a: Alomomola|move: Protect\n|\n|upkeep\n|turn|52\n|\n|t:|1700166055\n|switch|p1a: Goodra|Goodra-Hisui, M|51\/100\n|move|p2a: Ogerpon|Horn Leech|p1a: Goodra\n|-resisted|p1a: Goodra\n|-damage|p1a: Goodra|44\/100\n|-heal|p2a: Ogerpon|60\/100|[from] drain|[of] p1a: Goodra\n|\n|upkeep\n|turn|53\n|\n|t:|1700166069\n|move|p2a: Ogerpon|Taunt|p1a: Goodra\n|-start|p1a: Goodra|move: Taunt\n|cant|p1a: Goodra|move: Taunt|Rest\n|\n|upkeep\n|turn|54\n|inactive|Flamin_snorlax has 120 seconds left.\n|\n|t:|1700166109\n|switch|p1a: Blissey|Blissey, F|100\/100\n|move|p2a: Ogerpon|U-turn|p1a: Blissey\n|-damage|p1a: Blissey|71\/100\n|\n|t:|1700166116\n|switch|p2a: Kingambit|Kingambit, F|100\/100|[from] U-turn\n|-damage|p2a: Kingambit|84\/100|[from] Spikes\n|-activate|p2a: Kingambit|ability: Supreme Overlord\n|-start|p2a: Kingambit|fallen1|[silent]\n|\n|upkeep\n|turn|55\n|inactive|Flamin_snorlax has 120 seconds left.\n|\n|t:|1700166125\n|switch|p1a: Dondozo|Dondozo, F|100\/100\n|move|p2a: Kingambit|Kowtow Cleave|p1a: Dondozo\n|-damage|p1a: Dondozo|72\/100\n|\n|upkeep\n|turn|56\n|inactive|Flamin_snorlax has 120 seconds left.\n|\n|t:|1700166137\n|-end|p2a: Kingambit|fallen1|[silent]\n|switch|p2a: Ogerpon|Ogerpon-Wellspring, F|60\/100\n|-damage|p2a: Ogerpon|43\/100|[from] Spikes\n|move|p1a: Dondozo|Curse|p1a: Dondozo\n|-unboost|p1a: Dondozo|spe|1\n|-boost|p1a: Dondozo|atk|1\n|-boost|p1a: Dondozo|def|1\n|\n|upkeep\n|turn|57\n|\n|t:|1700166147\n|move|p2a: Ogerpon|Taunt|p1a: Dondozo\n|-start|p1a: Dondozo|move: Taunt\n|cant|p1a: Dondozo|move: Taunt|Rest\n|\n|upkeep\n|turn|58\n|\n|t:|1700166155\n|switch|p1a: Blissey|Blissey, F|71\/100\n|move|p2a: Ogerpon|Horn Leech|p1a: Blissey\n|-damage|p1a: Blissey|24\/100\n|-heal|p2a: Ogerpon|94\/100|[from] drain|[of] p1a: Blissey\n|\n|upkeep\n|turn|59\n|\n|t:|1700166161\n|move|p2a: Ogerpon|Horn Leech|p1a: Blissey\n|-damage|p1a: Blissey|0 fnt\n|-heal|p2a: Ogerpon|100\/100|[from] drain|[of] p1a: Blissey\n|faint|p1a: Blissey\n|\n|upkeep\n|\n|t:|1700166166\n|switch|p1a: Goodra|Goodra-Hisui, M|44\/100\n|turn|60\n|\n|t:|1700166169\n|move|p2a: Ogerpon|Taunt|p1a: Goodra\n|-start|p1a: Goodra|move: Taunt\n|move|p1a: Goodra|Body Press|p2a: Ogerpon\n|-damage|p2a: Ogerpon|68\/100\n|\n|upkeep\n|turn|61\n|\n|t:|1700166192\n|switch|p1a: Alomomola|Alomomola, F|100\/100\n|move|p2a: Ogerpon|U-turn|p1a: Alomomola\n|-damage|p1a: Alomomola|86\/100\n|\n|t:|1700166196\n|switch|p2a: Iron Valiant|Iron Valiant|100\/100|[from] U-turn\n|-damage|p2a: Iron Valiant|84\/100|[from] Spikes\n|\n|upkeep\n|turn|62\n|\n|t:|1700166204\n|move|p1a: Alomomola|Protect|p1a: Alomomola\n|-singleturn|p1a: Alomomola|Protect\n|move|p2a: Iron Valiant|Thunderbolt|p1a: Alomomola\n|-activate|p1a: Alomomola|move: Protect\n|\n|upkeep\n|turn|63\n|\n|t:|1700166213\n|switch|p1a: Goodra|Goodra-Hisui, M|44\/100\n|move|p2a: Iron Valiant|Thunderbolt|p1a: Goodra\n|-resisted|p1a: Goodra\n|-damage|p1a: Goodra|34\/100\n|\n|upkeep\n|turn|64\n|\n|t:|1700166218\n|move|p2a: Iron Valiant|Moonblast|p1a: Goodra\n|-damage|p1a: Goodra|1\/100\n|-unboost|p1a: Goodra|spa|1\n|move|p1a: Goodra|Rest|p1a: Goodra\n|-status|p1a: Goodra|slp|[from] move: Rest\n|-heal|p1a: Goodra|100\/100 slp|[silent]\n|\n|upkeep\n|turn|65\n|\n|t:|1700166225\n|switch|p1a: Clodsire|Clodsire, M, tera:Steel|86\/100\n|move|p2a: Iron Valiant|Moonblast|p1a: Clodsire\n|-resisted|p1a: Clodsire\n|-damage|p1a: Clodsire|74\/100\n|\n|upkeep\n|turn|66\n|\n|t:|1700166240\n|-end|p2a: Iron Valiant|Quark Drive|[silent]\n|switch|p2a: Kingambit|Kingambit, F|84\/100\n|-damage|p2a: Kingambit|67\/100|[from] Spikes\n|-activate|p2a: Kingambit|ability: Supreme Overlord\n|-start|p2a: Kingambit|fallen1|[silent]\n|move|p1a: Clodsire|Spikes|p2a: Kingambit\n|-sidestart|p2: jupiterav|Spikes\n|\n|upkeep\n|turn|67\n|\n|t:|1700166249\n|switch|p1a: Dondozo|Dondozo, F|72\/100\n|move|p2a: Kingambit|Kowtow Cleave|p1a: Dondozo\n|-damage|p1a: Dondozo|43\/100\n|\n|upkeep\n|turn|68\n|\n|t:|1700166255\n|move|p2a: Kingambit|Kowtow Cleave|p1a: Dondozo\n|-damage|p1a: Dondozo|16\/100\n|move|p1a: Dondozo|Rest|p1a: Dondozo\n|-status|p1a: Dondozo|slp|[from] move: Rest\n|-heal|p1a: Dondozo|100\/100 slp|[silent]\n|\n|upkeep\n|turn|69\n|\n|t:|1700166284\n|-end|p2a: Kingambit|fallen1|[silent]\n|switch|p2a: Ogerpon|Ogerpon-Wellspring, F|68\/100\n|-damage|p2a: Ogerpon|43\/100|[from] Spikes\n|cant|p1a: Dondozo|slp\n|move|p1a: Dondozo|Sleep Talk|p1a: Dondozo\n|move|p1a: Dondozo|Waterfall|p2a: Ogerpon|[from]move: Sleep Talk\n|-heal|p2a: Ogerpon|68\/100|[from] ability: Water Absorb|[of] p1a: Dondozo\n|\n|upkeep\n|turn|70\n|\n|t:|1700166293\n|switch|p1a: Goodra|Goodra-Hisui, M|100\/100 slp\n|move|p2a: Ogerpon|Taunt|p1a: Goodra\n|-start|p1a: Goodra|move: Taunt\n|\n|upkeep\n|turn|71\n|\n|t:|1700166302\n|move|p2a: Ogerpon|U-turn|p1a: Goodra\n|-resisted|p1a: Goodra\n|-damage|p1a: Goodra|92\/100 slp\n|\n|t:|1700166305\n|switch|p2a: Corviknight|Corviknight, M|54\/100|[from] U-turn\n|-ability|p2a: Corviknight|Pressure\n|cant|p1a: Goodra|slp\n|\n|upkeep\n|turn|72\n|\n|t:|1700166328\n|switch|p1a: Alomomola|Alomomola, F|100\/100\n|move|p2a: Corviknight|Body Press|p1a: Alomomola\n|-damage|p1a: Alomomola|88\/100\n|\n|upkeep\n|turn|73\n|\n|t:|1700166339\n|move|p2a: Corviknight|U-turn|p1a: Alomomola\n|-damage|p1a: Alomomola|80\/100\n|\n|t:|1700166343\n|switch|p2a: Ogerpon|Ogerpon-Wellspring, F|68\/100|[from] U-turn\n|-damage|p2a: Ogerpon|43\/100|[from] Spikes\n|move|p1a: Alomomola|Wish|p1a: Alomomola\n|\n|upkeep\n|turn|74\n|\n|t:|1700166356\n|switch|p1a: Goodra|Goodra-Hisui, M|92\/100 slp\n|move|p2a: Ogerpon|Horn Leech|p1a: Goodra\n|-resisted|p1a: Goodra\n|-damage|p1a: Goodra|85\/100 slp\n|-heal|p2a: Ogerpon|47\/100|[from] drain|[of] p1a: Goodra\n|\n|-heal|p1a: Goodra|100\/100 slp|[from] move: Wish|[wisher] Alomomola\n|upkeep\n|turn|75\n|\n|t:|1700166369\n|move|p2a: Ogerpon|Horn Leech|p1a: Goodra\n|-resisted|p1a: Goodra\n|-damage|p1a: Goodra|93\/100 slp\n|-heal|p2a: Ogerpon|52\/100|[from] drain|[of] p1a: Goodra\n|cant|p1a: Goodra|slp\n|\n|upkeep\n|turn|76\n|\n|t:|1700166384\n|move|p2a: Ogerpon|Taunt|p1a: Goodra\n|-start|p1a: Goodra|move: Taunt\n|-curestatus|p1a: Goodra|slp|[msg]\n|move|p1a: Goodra|Body Press|p2a: Ogerpon\n|-damage|p2a: Ogerpon|15\/100\n|\n|upkeep\n|turn|77\n|\n|t:|1700166392\n|move|p2a: Ogerpon|Horn Leech|p1a: Goodra\n|-resisted|p1a: Goodra\n|-damage|p1a: Goodra|85\/100\n|-heal|p2a: Ogerpon|20\/100|[from] drain|[of] p1a: Goodra\n|move|p1a: Goodra|Knock Off|p2a: Ogerpon\n|-damage|p2a: Ogerpon|3\/100\n|\n|upkeep\n|turn|78\n|\n|t:|1700166399\n|move|p2a: Ogerpon|Ivy Cudgel|p1a: Goodra|[anim] Ivy Cudgel Water\n|-resisted|p1a: Goodra\n|-damage|p1a: Goodra|66\/100\n|move|p1a: Goodra|Knock Off|p2a: Ogerpon\n|-damage|p2a: Ogerpon|0 fnt\n|faint|p2a: Ogerpon\n|\n|-end|p1a: Goodra|move: Taunt\n|upkeep\n|\n|t:|1700166408\n|switch|p2a: Kingambit|Kingambit, F|67\/100\n|-damage|p2a: Kingambit|43\/100|[from] Spikes\n|-activate|p2a: Kingambit|ability: Supreme Overlord\n|-start|p2a: Kingambit|fallen2|[silent]\n|turn|79\n|\n|t:|1700166416\n|-terastallize|p2a: Kingambit|Dark\n|move|p2a: Kingambit|Kowtow Cleave|p1a: Goodra\n|-damage|p1a: Goodra|6\/100\n|move|p1a: Goodra|Body Press|p2a: Kingambit\n|-supereffective|p2a: Kingambit\n|-damage|p2a: Kingambit|6\/100\n|\n|upkeep\n|turn|80\n|\n|t:|1700166424\n|switch|p1a: Dondozo|Dondozo, F|100\/100 slp\n|move|p2a: Kingambit|Kowtow Cleave|p1a: Dondozo\n|-damage|p1a: Dondozo|56\/100 slp\n|\n|upkeep\n|turn|81\n|\n|t:|1700166428\n|move|p2a: Kingambit|Kowtow Cleave|p1a: Dondozo\n|-damage|p1a: Dondozo|15\/100 slp\n|cant|p1a: Dondozo|slp\n|move|p1a: Dondozo|Sleep Talk|p1a: Dondozo\n|move|p1a: Dondozo|Curse|p1a: Dondozo|[from]move: Sleep Talk\n|-unboost|p1a: Dondozo|spe|1\n|-boost|p1a: Dondozo|atk|1\n|-boost|p1a: Dondozo|def|1\n|\n|upkeep\n|turn|82\n|\n|t:|1700166440\n|move|p2a: Kingambit|Kowtow Cleave|p1a: Dondozo\n|-damage|p1a: Dondozo|0 fnt\n|faint|p1a: Dondozo\n|\n|upkeep\n|\n|t:|1700166444\n|switch|p1a: Alomomola|Alomomola, F|100\/100\n|turn|83\n|\n|t:|1700166450\n|move|p2a: Kingambit|Kowtow Cleave|p1a: Alomomola\n|-damage|p1a: Alomomola|51\/100\n|move|p1a: Alomomola|Whirlpool|p2a: Kingambit\n|-damage|p2a: Kingambit|0 fnt\n|faint|p2a: Kingambit\n|-end|p2a: Kingambit|fallen2|[silent]\n|\n|upkeep\n|\n|t:|1700166456\n|switch|p2a: Iron Valiant|Iron Valiant|84\/100\n|-damage|p2a: Iron Valiant|59\/100|[from] Spikes\n|turn|84\n|\n|t:|1700166461\n|switch|p1a: Clodsire|Clodsire, M, tera:Steel|74\/100\n|move|p2a: Iron Valiant|Thunderbolt|p1a: Clodsire\n|-crit|p1a: Clodsire\n|-damage|p1a: Clodsire|48\/100\n|\n|upkeep\n|turn|85\n|\n|t:|1700166470\n|-end|p2a: Iron Valiant|Quark Drive|[silent]\n|switch|p2a: Gholdengo|Gholdengo|54\/100\n|-damage|p2a: Gholdengo|29\/100|[from] Spikes\n|move|p1a: Clodsire|Recover|p1a: Clodsire\n|-heal|p1a: Clodsire|99\/100\n|\n|upkeep\n|turn|86\n|\n|t:|1700166476\n|move|p2a: Gholdengo|Nasty Plot|p2a: Gholdengo\n|-boost|p2a: Gholdengo|spa|2\n|move|p1a: Clodsire|Amnesia|p1a: Clodsire\n|-boost|p1a: Clodsire|spd|2\n|\n|upkeep\n|turn|87\n|\n|t:|1700166492\n|move|p2a: Gholdengo|Shadow Ball|p1a: Clodsire\n|-damage|p1a: Clodsire|88\/100\n|-unboost|p1a: Clodsire|spd|1\n|move|p1a: Clodsire|Amnesia|p1a: Clodsire\n|-boost|p1a: Clodsire|spd|2\n|\n|upkeep\n|turn|88\n|\n|t:|1700166501\n|move|p2a: Gholdengo|Nasty Plot|p2a: Gholdengo\n|-boost|p2a: Gholdengo|spa|2\n|move|p1a: Clodsire|Spikes||[still]\n|-fail|p1a: Clodsire\n|\n|upkeep\n|turn|89\n|\n|t:|1700166509\n|move|p2a: Gholdengo|Nasty Plot|p2a: Gholdengo\n|-boost|p2a: Gholdengo|spa|2\n|move|p1a: Clodsire|Amnesia|p1a: Clodsire\n|-boost|p1a: Clodsire|spd|2\n|\n|upkeep\n|turn|90\n|inactive|Flamin_snorlax has 120 seconds left.\n|\n|t:|1700166543\n|move|p2a: Gholdengo|Dazzling Gleam|p1a: Clodsire\n|-resisted|p1a: Clodsire\n|-damage|p1a: Clodsire|85\/100\n|move|p1a: Clodsire|Amnesia|p1a: Clodsire\n|-boost|p1a: Clodsire|spd|1\n|\n|upkeep\n|turn|91\n|\n|t:|1700166548\n|move|p2a: Gholdengo|Dazzling Gleam|p1a: Clodsire\n|-resisted|p1a: Clodsire\n|-damage|p1a: Clodsire|83\/100\n|move|p1a: Clodsire|Poison Jab|p2a: Gholdengo\n|-immune|p2a: Gholdengo\n|\n|upkeep\n|turn|92\n|inactive|Flamin_snorlax has 120 seconds left.\n|\n|t:|1700166562\n|move|p2a: Gholdengo|Dazzling Gleam|p1a: Clodsire\n|-resisted|p1a: Clodsire\n|-damage|p1a: Clodsire|81\/100\n|move|p1a: Clodsire|Poison Jab|p2a: Gholdengo\n|-immune|p2a: Gholdengo\n|\n|upkeep\n|turn|93\n|\n|t:|1700166568\n|move|p2a: Gholdengo|Dazzling Gleam|p1a: Clodsire\n|-resisted|p1a: Clodsire\n|-damage|p1a: Clodsire|79\/100\n|move|p1a: Clodsire|Spikes||[still]\n|-fail|p1a: Clodsire\n|\n|upkeep\n|turn|94\n|inactive|Flamin_snorlax has 120 seconds left.\n|\n|t:|1700166579\n|move|p2a: Gholdengo|Shadow Ball|p1a: Clodsire\n|-damage|p1a: Clodsire|74\/100\n|-unboost|p1a: Clodsire|spd|1\n|move|p1a: Clodsire|Spikes||[still]\n|-fail|p1a: Clodsire\n|\n|upkeep\n|turn|95\n|\n|t:|1700166588\n|move|p2a: Gholdengo|Dazzling Gleam|p1a: Clodsire\n|-resisted|p1a: Clodsire\n|-damage|p1a: Clodsire|71\/100\n|move|p1a: Clodsire|Amnesia|p1a: Clodsire\n|-boost|p1a: Clodsire|spd|1\n|\n|upkeep\n|turn|96\n|inactive|Flamin_snorlax has 120 seconds left.\n|\n|t:|1700166604\n|move|p2a: Gholdengo|Dazzling Gleam|p1a: Clodsire\n|-resisted|p1a: Clodsire\n|-damage|p1a: Clodsire|69\/100\n|move|p1a: Clodsire|Spikes||[still]\n|-fail|p1a: Clodsire\n|\n|upkeep\n|turn|97\n|inactive|jupiterav has 120 seconds left.\n|\n|t:|1700166633\n|move|p2a: Gholdengo|Dazzling Gleam|p1a: Clodsire\n|-resisted|p1a: Clodsire\n|-damage|p1a: Clodsire|67\/100\n|move|p1a: Clodsire|Poison Jab|p2a: Gholdengo\n|-immune|p2a: Gholdengo\n|\n|upkeep\n|turn|98\n|inactive|Flamin_snorlax has 120 seconds left.\n|\n|t:|1700166673\n|move|p2a: Gholdengo|Dazzling Gleam|p1a: Clodsire\n|-resisted|p1a: Clodsire\n|-damage|p1a: Clodsire|65\/100\n|move|p1a: Clodsire|Poison Jab|p2a: Gholdengo\n|-immune|p2a: Gholdengo\n|\n|upkeep\n|turn|99\n|inactive|jupiterav has 90 seconds left.\n|\n|t:|1700166692\n|move|p2a: Gholdengo|Dazzling Gleam|p1a: Clodsire\n|-resisted|p1a: Clodsire\n|-damage|p1a: Clodsire|63\/100\n|move|p1a: Clodsire|Poison Jab|p2a: Gholdengo\n|-immune|p2a: Gholdengo\n|\n|upkeep\n|turn|100\n|\n|t:|1700166699\n|move|p2a: Gholdengo|Dazzling Gleam|p1a: Clodsire\n|-resisted|p1a: Clodsire\n|-damage|p1a: Clodsire|61\/100\n|move|p1a: Clodsire|Poison Jab|p2a: Gholdengo\n|-immune|p2a: Gholdengo\n|\n|upkeep\n|turn|101\n|\n|t:|1700166711\n|move|p2a: Gholdengo|Dazzling Gleam|p1a: Clodsire\n|-resisted|p1a: Clodsire\n|-crit|p1a: Clodsire\n|-damage|p1a: Clodsire|50\/100\n|move|p1a: Clodsire|Poison Jab|p2a: Gholdengo\n|-immune|p2a: Gholdengo\n|\n|upkeep\n|turn|102\n|\n|t:|1700166718\n|move|p2a: Gholdengo|Dazzling Gleam|p1a: Clodsire\n|-resisted|p1a: Clodsire\n|-damage|p1a: Clodsire|48\/100\n|move|p1a: Clodsire|Spikes||[still]\n|-fail|p1a: Clodsire\n|\n|upkeep\n|turn|103\n|\n|t:|1700166724\n|move|p2a: Gholdengo|Dazzling Gleam|p1a: Clodsire\n|-resisted|p1a: Clodsire\n|-damage|p1a: Clodsire|46\/100\n|move|p1a: Clodsire|Recover|p1a: Clodsire\n|-heal|p1a: Clodsire|96\/100\n|\n|upkeep\n|turn|104\n|\n|t:|1700166745\n|move|p2a: Gholdengo|Psyshock|p1a: Clodsire\n|-resisted|p1a: Clodsire\n|-damage|p1a: Clodsire|82\/100\n|move|p1a: Clodsire|Poison Jab|p2a: Gholdengo\n|-immune|p2a: Gholdengo\n|\n|upkeep\n|turn|105\n|\n|t:|1700166751\n|move|p2a: Gholdengo|Psyshock|p1a: Clodsire\n|-resisted|p1a: Clodsire\n|-damage|p1a: Clodsire|67\/100\n|move|p1a: Clodsire|Amnesia|p1a: Clodsire\n|-boost|p1a: Clodsire|spd|0\n|\n|upkeep\n|turn|106\n|\n|t:|1700166761\n|move|p2a: Gholdengo|Psyshock|p1a: Clodsire\n|-resisted|p1a: Clodsire\n|-damage|p1a: Clodsire|54\/100\n|move|p1a: Clodsire|Spikes||[still]\n|-fail|p1a: Clodsire\n|\n|upkeep\n|turn|107\n|\n|t:|1700166771\n|move|p2a: Gholdengo|Psyshock|p1a: Clodsire\n|-resisted|p1a: Clodsire\n|-damage|p1a: Clodsire|38\/100\n|move|p1a: Clodsire|Amnesia|p1a: Clodsire\n|-boost|p1a: Clodsire|spd|0\n|\n|upkeep\n|turn|108\n|\n|t:|1700166779\n|move|p2a: Gholdengo|Shadow Ball|p1a: Clodsire\n|-damage|p1a: Clodsire|32\/100\n|-unboost|p1a: Clodsire|spd|1\n|move|p1a: Clodsire|Recover|p1a: Clodsire\n|-heal|p1a: Clodsire|82\/100\n|\n|upkeep\n|turn|109\n|\n|t:|1700166785\n|move|p2a: Gholdengo|Psyshock|p1a: Clodsire\n|-resisted|p1a: Clodsire\n|-damage|p1a: Clodsire|69\/100\n|move|p1a: Clodsire|Amnesia|p1a: Clodsire\n|-boost|p1a: Clodsire|spd|1\n|\n|upkeep\n|turn|110\n|\n|t:|1700166794\n|switch|p2a: Corviknight|Corviknight, M|54\/100\n|-ability|p2a: Corviknight|Pressure\n|move|p1a: Clodsire|Poison Jab|p2a: Corviknight\n|-immune|p2a: Corviknight\n|\n|upkeep\n|turn|111\n|\n|t:|1700166803\n|switch|p1a: Alomomola|Alomomola, F|85\/100\n|move|p2a: Corviknight|U-turn|p1a: Alomomola\n|-damage|p1a: Alomomola|76\/100\n|\n|t:|1700166807\n|switch|p2a: Iron Valiant|Iron Valiant|59\/100|[from] U-turn\n|-damage|p2a: Iron Valiant|34\/100|[from] Spikes\n|\n|upkeep\n|turn|112\n|\n|t:|1700166812\n|move|p1a: Alomomola|Protect|p1a: Alomomola\n|-singleturn|p1a: Alomomola|Protect\n|move|p2a: Iron Valiant|Thunderbolt|p1a: Alomomola\n|-activate|p1a: Alomomola|move: Protect\n|\n|upkeep\n|turn|113\n|\n|t:|1700166816\n|switch|p1a: Clodsire|Clodsire, M, tera:Steel|69\/100\n|move|p2a: Iron Valiant|Thunderbolt|p1a: Clodsire\n|-damage|p1a: Clodsire|52\/100\n|-status|p1a: Clodsire|par\n|\n|upkeep\n|turn|114\n|inactive|jupiterav has 90 seconds left.\n|\n|t:|1700166831\n|-end|p2a: Iron Valiant|Quark Drive|[silent]\n|switch|p2a: Corviknight|Corviknight, M|54\/100\n|-ability|p2a: Corviknight|Pressure\n|move|p1a: Clodsire|Amnesia|p1a: Clodsire\n|-boost|p1a: Clodsire|spd|2\n|\n|upkeep\n|turn|115\n|inactive|jupiterav has 90 seconds left.\n|\n|t:|1700166838\n|switch|p1a: Alomomola|Alomomola, F|100\/100\n|move|p2a: Corviknight|U-turn|p1a: Alomomola\n|-damage|p1a: Alomomola|93\/100\n|\n|t:|1700166843\n|switch|p2a: Iron Valiant|Iron Valiant|34\/100|[from] U-turn\n|-damage|p2a: Iron Valiant|9\/100|[from] Spikes\n|\n|upkeep\n|turn|116\n|\n|t:|1700166848\n|move|p1a: Alomomola|Protect|p1a: Alomomola\n|-singleturn|p1a: Alomomola|Protect\n|move|p2a: Iron Valiant|Thunderbolt|p1a: Alomomola\n|-activate|p1a: Alomomola|move: Protect\n|\n|upkeep\n|turn|117\n|\n|t:|1700166857\n|switch|p1a: Goodra|Goodra-Hisui, M|6\/100\n|move|p2a: Iron Valiant|Thunderbolt|p1a: Goodra\n|-resisted|p1a: Goodra\n|-damage|p1a: Goodra|0 fnt\n|faint|p1a: Goodra\n|\n|upkeep\n|\n|t:|1700166861\n|switch|p1a: Clodsire|Clodsire, M, tera:Steel|52\/100 par\n|turn|118\n|\n|t:|1700166868\n|move|p2a: Iron Valiant|Thunderbolt|p1a: Clodsire\n|-damage|p1a: Clodsire|37\/100 par\n|move|p1a: Clodsire|Recover|p1a: Clodsire\n|-heal|p1a: Clodsire|87\/100 par\n|\n|upkeep\n|turn|119\n|\n|t:|1700166876\n|switch|p1a: Alomomola|Alomomola, F|100\/100\n|move|p2a: Iron Valiant|Thunderbolt|p1a: Alomomola\n|-supereffective|p1a: Alomomola\n|-damage|p1a: Alomomola|25\/100\n|\n|upkeep\n|turn|120\n|\n|t:|1700166884\n|switch|p1a: Clodsire|Clodsire, M, tera:Steel|87\/100 par\n|move|p2a: Iron Valiant|Thunderbolt|p1a: Clodsire\n|-damage|p1a: Clodsire|70\/100 par\n|\n|upkeep\n|turn|121\n|\n|t:|1700166889\n|move|p2a: Iron Valiant|Thunderbolt|p1a: Clodsire\n|-damage|p1a: Clodsire|53\/100 par\n|move|p1a: Clodsire|Amnesia|p1a: Clodsire\n|-boost|p1a: Clodsire|spd|2\n|\n|upkeep\n|turn|122\n|\n|t:|1700166892\n|move|p2a: Iron Valiant|Thunderbolt|p1a: Clodsire\n|-damage|p1a: Clodsire|45\/100 par\n|move|p1a: Clodsire|Recover|p1a: Clodsire\n|-heal|p1a: Clodsire|95\/100 par\n|\n|upkeep\n|turn|123\n|\n|t:|1700166897\n|move|p2a: Iron Valiant|Thunderbolt|p1a: Clodsire\n|-damage|p1a: Clodsire|86\/100 par\n|cant|p1a: Clodsire|par\n|\n|upkeep\n|turn|124\n|\n|t:|1700166900\n|move|p2a: Iron Valiant|Thunderbolt|p1a: Clodsire\n|-damage|p1a: Clodsire|77\/100 par\n|cant|p1a: Clodsire|par\n|\n|upkeep\n|turn|125\n|\n|t:|1700166913\n|move|p2a: Iron Valiant|Thunderbolt|p1a: Clodsire\n|-damage|p1a: Clodsire|69\/100 par\n|move|p1a: Clodsire|Poison Jab|p2a: Iron Valiant\n|-supereffective|p2a: Iron Valiant\n|-damage|p2a: Iron Valiant|0 fnt\n|faint|p2a: Iron Valiant\n|-end|p2a: Iron Valiant|Quark Drive|[silent]\n|\n|upkeep\n|\n|t:|1700166919\n|switch|p2a: Gholdengo|Gholdengo|29\/100\n|-damage|p2a: Gholdengo|4\/100|[from] Spikes\n|turn|126\n|\n|t:|1700166930\n|move|p2a: Gholdengo|Nasty Plot|p2a: Gholdengo\n|-boost|p2a: Gholdengo|spa|2\n|move|p1a: Clodsire|Amnesia|p1a: Clodsire\n|-boost|p1a: Clodsire|spd|2\n|\n|upkeep\n|turn|127\n|\n|t:|1700166939\n|move|p2a: Gholdengo|Nasty Plot|p2a: Gholdengo\n|-boost|p2a: Gholdengo|spa|2\n|move|p1a: Clodsire|Amnesia|p1a: Clodsire\n|-boost|p1a: Clodsire|spd|2\n|\n|upkeep\n|turn|128\n|\n|t:|1700166944\n|move|p2a: Gholdengo|Nasty Plot|p2a: Gholdengo\n|-boost|p2a: Gholdengo|spa|2\n|move|p1a: Clodsire|Poison Jab|p2a: Gholdengo\n|-immune|p2a: Gholdengo\n|\n|upkeep\n|turn|129\n|\n|t:|1700166960\n|move|p2a: Gholdengo|Psyshock|p1a: Clodsire\n|-resisted|p1a: Clodsire\n|-damage|p1a: Clodsire|54\/100 par\n|move|p1a: Clodsire|Poison Jab|p2a: Gholdengo\n|-immune|p2a: Gholdengo\n|\n|upkeep\n|turn|130\n|\n|t:|1700166971\n|move|p2a: Gholdengo|Psyshock|p1a: Clodsire\n|-resisted|p1a: Clodsire\n|-damage|p1a: Clodsire|40\/100 par\n|move|p1a: Clodsire|Spikes||[still]\n|-fail|p1a: Clodsire\n|\n|upkeep\n|turn|131\n|\n|t:|1700166977\n|move|p2a: Gholdengo|Psyshock|p1a: Clodsire\n|-resisted|p1a: Clodsire\n|-damage|p1a: Clodsire|26\/100 par\n|move|p1a: Clodsire|Recover|p1a: Clodsire\n|-heal|p1a: Clodsire|76\/100 par\n|\n|upkeep\n|turn|132\n|\n|t:|1700166996\n|move|p2a: Gholdengo|Psyshock|p1a: Clodsire\n|-resisted|p1a: Clodsire\n|-damage|p1a: Clodsire|62\/100 par\n|move|p1a: Clodsire|Spikes||[still]\n|-fail|p1a: Clodsire\n|\n|upkeep\n|turn|133\n|\n|t:|1700167002\n|move|p2a: Gholdengo|Dazzling Gleam|p1a: Clodsire\n|-resisted|p1a: Clodsire\n|-damage|p1a: Clodsire|60\/100 par\n|move|p1a: Clodsire|Spikes||[still]\n|-fail|p1a: Clodsire\n|\n|upkeep\n|turn|134\n|\n|t:|1700167008\n|move|p2a: Gholdengo|Dazzling Gleam|p1a: Clodsire\n|-resisted|p1a: Clodsire\n|-damage|p1a: Clodsire|58\/100 par\n|cant|p1a: Clodsire|par\n|\n|upkeep\n|turn|135\n|\n|t:|1700167019\n|move|p2a: Gholdengo|Shadow Ball|p1a: Clodsire\n|-damage|p1a: Clodsire|51\/100 par\n|move|p1a: Clodsire|Amnesia|p1a: Clodsire\n|-boost|p1a: Clodsire|spd|0\n|\n|upkeep\n|turn|136\n|inactive|jupiterav has 120 seconds left.\n|\n|t:|1700167030\n|move|p2a: Gholdengo|Psyshock|p1a: Clodsire\n|-resisted|p1a: Clodsire\n|-damage|p1a: Clodsire|38\/100 par\n|move|p1a: Clodsire|Amnesia|p1a: Clodsire\n|-boost|p1a: Clodsire|spd|0\n|\n|upkeep\n|turn|137\n|inactive|jupiterav has 120 seconds left.\n|\n|t:|1700167036\n|move|p2a: Gholdengo|Shadow Ball|p1a: Clodsire\n|-damage|p1a: Clodsire|31\/100 par\n|move|p1a: Clodsire|Amnesia|p1a: Clodsire\n|-boost|p1a: Clodsire|spd|0\n|\n|upkeep\n|turn|138\n|\n|t:|1700167041\n|move|p2a: Gholdengo|Shadow Ball|p1a: Clodsire\n|-damage|p1a: Clodsire|25\/100 par\n|cant|p1a: Clodsire|par\n|\n|upkeep\n|turn|139\n|\n|t:|1700167046\n|move|p2a: Gholdengo|Shadow Ball|p1a: Clodsire\n|-damage|p1a: Clodsire|19\/100 par\n|cant|p1a: Clodsire|par\n|\n|upkeep\n|turn|140\n|\n|t:|1700167051\n|move|p2a: Gholdengo|Psyshock|p1a: Clodsire\n|-resisted|p1a: Clodsire\n|-damage|p1a: Clodsire|4\/100 par\n|move|p1a: Clodsire|Recover|p1a: Clodsire\n|-heal|p1a: Clodsire|54\/100 par\n|\n|upkeep\n|turn|141\n|\n|t:|1700167066\n|move|p2a: Gholdengo|Psyshock|p1a: Clodsire\n|-resisted|p1a: Clodsire\n|-damage|p1a: Clodsire|41\/100 par\n|move|p1a: Clodsire|Poison Jab|p2a: Gholdengo\n|-immune|p2a: Gholdengo\n|\n|upkeep\n|turn|142\n|\n|t:|1700167072\n|move|p2a: Gholdengo|Psyshock|p1a: Clodsire\n|-resisted|p1a: Clodsire\n|-damage|p1a: Clodsire|26\/100 par\n|move|p1a: Clodsire|Poison Jab|p2a: Gholdengo\n|-immune|p2a: Gholdengo\n|\n|upkeep\n|turn|143\n|\n|t:|1700167078\n|move|p2a: Gholdengo|Psyshock|p1a: Clodsire\n|-resisted|p1a: Clodsire\n|-damage|p1a: Clodsire|11\/100 par\n|move|p1a: Clodsire|Poison Jab|p2a: Gholdengo\n|-immune|p2a: Gholdengo\n|\n|upkeep\n|turn|144\n|\n|t:|1700167083\n|move|p2a: Gholdengo|Shadow Ball|p1a: Clodsire\n|-damage|p1a: Clodsire|5\/100 par\n|move|p1a: Clodsire|Amnesia|p1a: Clodsire\n|-boost|p1a: Clodsire|spd|0\n|\n|upkeep\n|turn|145\n|\n|t:|1700167088\n|move|p2a: Gholdengo|Shadow Ball|p1a: Clodsire\n|-damage|p1a: Clodsire|0 fnt\n|faint|p1a: Clodsire\n|\n|upkeep\n|\n|t:|1700167090\n|switch|p1a: Alomomola|Alomomola, F|58\/100\n|turn|146\n|\n|t:|1700167094\n|move|p1a: Alomomola|Protect|p1a: Alomomola\n|-singleturn|p1a: Alomomola|Protect\n|move|p2a: Gholdengo|Shadow Ball|p1a: Alomomola\n|-activate|p1a: Alomomola|move: Protect\n|\n|upkeep\n|turn|147\n|\n|t:|1700167099\n|move|p2a: Gholdengo|Shadow Ball|p1a: Alomomola\n|-damage|p1a: Alomomola|0 fnt\n|faint|p1a: Alomomola\n|\n|win|jupiterav\n|raw|Flamin_snorlax's rating: 1558 &rarr; <strong>1537<\/strong><br \/>(-21 for losing)\n|raw|jupiterav's rating: 1545 &rarr; <strong>1566<\/strong><br \/>(+21 for winning)\n|l|\u2606Flamin_snorlax\n","uploadtime":1700167112,"views":8,"p1id":"flaminsnorlax","p2id":"jupiterav","formatid":"gen9ou","rating":1537,"private":0,"password":""}