{"id":"gen9ou-1989531276","p1":"didit$done","p2":"Nightbloomer boy","format":"[Gen 9] OU","log":"|j|\u2606didit$done\n|j|\u2606Nightbloomer boy\n|t:|1699866661\n|gametype|singles\n|player|p1|didit$done|will-gen2|\n|player|p2|Nightbloomer boy|caitlin|\n|teamsize|p1|6\n|teamsize|p2|6\n|gen|9\n|tier|[Gen 9] OU\n|rule|Sleep Clause Mod: Limit one foe put to sleep\n|rule|Species Clause: Limit one of each Pok\u00e9mon\n|rule|OHKO Clause: OHKO moves are banned\n|rule|Evasion Items Clause: Evasion items are banned\n|rule|Evasion Moves Clause: Evasion moves are banned\n|rule|Endless Battle Clause: Forcing endless battles is banned\n|rule|HP Percentage Mod: HP is shown in percentages\n|clearpoke\n|poke|p1|Samurott-Hisui, F|\n|poke|p1|Ceruledge, F|\n|poke|p1|Thundurus-Therian, M|\n|poke|p1|Amoonguss, M|\n|poke|p1|Great Tusk|\n|poke|p1|Gholdengo|\n|poke|p2|Kingambit, M|\n|poke|p2|Glimmora, F|\n|poke|p2|Zamazenta-*|\n|poke|p2|Iron Valiant|\n|poke|p2|Iron Moth|\n|poke|p2|Ogerpon-Wellspring, F|\n|teampreview\n|inactive|Battle timer is ON: inactive players will automatically lose when time's up. (requested by Nightbloomer boy)\n|inactive|didit$done has 270 seconds left.\n|\n|t:|1699866704\n|start\n|switch|p1a: Samurott|Samurott-Hisui, F, shiny|100\/100\n|switch|p2a: Glimmora|Glimmora, F|100\/100\n|turn|1\n|\n|t:|1699866716\n|move|p1a: Samurott|Ceaseless Edge|p2a: Glimmora\n|-damage|p2a: Glimmora|42\/100\n|-activate|p2a: Glimmora|ability: Toxic Debris\n|-sidestart|p1: didit$done|move: Toxic Spikes\n|-sidestart|p2: Nightbloomer boy|Spikes\n|move|p2a: Glimmora|Stealth Rock|p1a: Samurott\n|-sidestart|p1: didit$done|move: Stealth Rock\n|\n|upkeep\n|turn|2\n|\n|t:|1699866722\n|move|p1a: Samurott|Ceaseless Edge|p2a: Glimmora\n|-damage|p2a: Glimmora|0 fnt\n|-activate|p2a: Glimmora|ability: Toxic Debris\n|-sidestart|p1: didit$done|move: Toxic Spikes\n|-sidestart|p2: Nightbloomer boy|Spikes\n|faint|p2a: Glimmora\n|\n|upkeep\n|\n|t:|1699866734\n|switch|p2a: Zamazenta|Zamazenta, shiny|100\/100\n|-damage|p2a: Zamazenta|84\/100|[from] Spikes\n|-ability|p2a: Zamazenta|Dauntless Shield|boost\n|-boost|p2a: Zamazenta|def|1\n|turn|3\n|inactive|didit$done has 270 seconds left.\n|inactive|didit$done has 240 seconds left.\n|\n|t:|1699866794\n|switch|p1a: Great Tusk|Great Tusk, shiny|100\/100\n|-status|p1a: Great Tusk|tox\n|-damage|p1a: Great Tusk|97\/100 tox|[from] Stealth Rock\n|move|p2a: Zamazenta|Iron Defense|p2a: Zamazenta\n|-boost|p2a: Zamazenta|def|2\n|\n|-heal|p2a: Zamazenta|90\/100|[from] item: Leftovers\n|-heal|p1a: Great Tusk|100\/100 tox|[from] item: Leftovers\n|-damage|p1a: Great Tusk|94\/100 tox|[from] psn\n|upkeep\n|turn|4\n|\n|t:|1699866812\n|move|p2a: Zamazenta|Iron Defense|p2a: Zamazenta\n|-boost|p2a: Zamazenta|def|2\n|move|p1a: Great Tusk|Rapid Spin|p2a: Zamazenta\n|-damage|p2a: Zamazenta|86\/100\n|-boost|p1a: Great Tusk|spe|1\n|-sideend|p1: didit$done|Toxic Spikes|[from] move: Rapid Spin|[of] p1a: Great Tusk\n|-sideend|p1: didit$done|Stealth Rock|[from] move: Rapid Spin|[of] p1a: Great Tusk\n|\n|-heal|p2a: Zamazenta|92\/100|[from] item: Leftovers\n|-heal|p1a: Great Tusk|100\/100 tox|[from] item: Leftovers\n|-damage|p1a: Great Tusk|88\/100 tox|[from] psn\n|upkeep\n|turn|5\n|inactive|didit$done has 240 seconds left.\n|inactive|didit$done has 210 seconds left.\n|\n|t:|1699866862\n|-end|p1a: Great Tusk|Protosynthesis|[silent]\n|switch|p1a: Amoonguss|Amoonguss, M, shiny|100\/100\n|move|p2a: Zamazenta|Iron Defense|p2a: Zamazenta\n|-boost|p2a: Zamazenta|def|1\n|\n|-heal|p2a: Zamazenta|98\/100|[from] item: Leftovers\n|upkeep\n|turn|6\n|inactive|didit$done has 210 seconds left.\n|\n|t:|1699866883\n|switch|p2a: Ogerpon|Ogerpon-Wellspring, F|100\/100\n|-damage|p2a: Ogerpon|84\/100|[from] Spikes\n|move|p1a: Amoonguss|Spore|p2a: Ogerpon\n|-immune|p2a: Ogerpon\n|\n|upkeep\n|turn|7\n|inactive|didit$done has 210 seconds left.\n|inactive|didit$done has 180 seconds left.\n|c|\u2606didit$done|ah\n|c|\u2606didit$done|hmm\n|inactive|didit$done has 150 seconds left.\n|\n|t:|1699866968\n|move|p2a: Ogerpon|Knock Off|p1a: Amoonguss\n|-damage|p1a: Amoonguss|66\/100\n|-enditem|p1a: Amoonguss|Red Card|[from] move: Knock Off|[of] p2a: Ogerpon\n|move|p1a: Amoonguss|Sludge Bomb|p2a: Ogerpon\n|-supereffective|p2a: Ogerpon\n|-damage|p2a: Ogerpon|20\/100\n|\n|upkeep\n|turn|8\n|\n|t:|1699866978\n|switch|p2a: Kingambit|Kingambit, M, shiny|100\/100\n|-damage|p2a: Kingambit|84\/100|[from] Spikes\n|-activate|p2a: Kingambit|ability: Supreme Overlord\n|-start|p2a: Kingambit|fallen1|[silent]\n|move|p1a: Amoonguss|Giga Drain|p2a: Kingambit\n|-resisted|p2a: Kingambit\n|-damage|p2a: Kingambit|70\/100\n|-heal|p1a: Amoonguss|71\/100|[from] drain|[of] p2a: Kingambit\n|\n|upkeep\n|turn|9\n|\n|t:|1699866988\n|switch|p1a: Great Tusk|Great Tusk, shiny|88\/100 tox\n|move|p2a: Kingambit|Iron Head|p1a: Great Tusk\n|-damage|p1a: Great Tusk|61\/100 tox\n|\n|-heal|p1a: Great Tusk|67\/100 tox|[from] item: Leftovers\n|-damage|p1a: Great Tusk|61\/100 tox|[from] psn\n|upkeep\n|turn|10\n|inactive|didit$done has 150 seconds left.\n|\n|t:|1699867006\n|-end|p2a: Kingambit|fallen1|[silent]\n|switch|p2a: Iron Valiant|Iron Valiant, shiny|100\/100\n|-damage|p2a: Iron Valiant|84\/100|[from] Spikes\n|-enditem|p2a: Iron Valiant|Booster Energy\n|-activate|p2a: Iron Valiant|ability: Quark Drive|[fromitem]\n|-start|p2a: Iron Valiant|quarkdrivespe\n|move|p1a: Great Tusk|Stealth Rock|p2a: Iron Valiant\n|-sidestart|p2: Nightbloomer boy|move: Stealth Rock\n|\n|-heal|p1a: Great Tusk|67\/100 tox|[from] item: Leftovers\n|-damage|p1a: Great Tusk|54\/100 tox|[from] psn\n|upkeep\n|turn|11\n|inactive|didit$done has 120 seconds left.\n|\n|t:|1699867061\n|-end|p1a: Great Tusk|Protosynthesis|[silent]\n|switch|p1a: Amoonguss|Amoonguss, M, shiny|100\/100\n|move|p2a: Iron Valiant|Calm Mind|p2a: Iron Valiant\n|-boost|p2a: Iron Valiant|spa|1\n|-boost|p2a: Iron Valiant|spd|1\n|\n|upkeep\n|turn|12\n|inactive|didit$done has 90 seconds left.\n|\n|t:|1699867086\n|-terastallize|p1a: Amoonguss|Dark\n|move|p2a: Iron Valiant|Psyshock|p1a: Amoonguss\n|-immune|p1a: Amoonguss\n|move|p1a: Amoonguss|Spore|p2a: Iron Valiant\n|-status|p2a: Iron Valiant|slp|[from] move: Spore\n|\n|upkeep\n|turn|13\n|c|\u2606Nightbloomer boy|OOOOMPH\n|inactive|didit$done has 90 seconds left.\n|c|\u2606didit$done|ahha\n|c|\u2606didit$done|had to think about that\n|\n|t:|1699867116\n|-end|p2a: Iron Valiant|Quark Drive|[silent]\n|switch|p2a: Zamazenta|Zamazenta, shiny|98\/100\n|-damage|p2a: Zamazenta|82\/100|[from] Spikes\n|-damage|p2a: Zamazenta|76\/100|[from] Stealth Rock\n|move|p1a: Amoonguss|Sludge Bomb|p2a: Zamazenta\n|-damage|p2a: Zamazenta|48\/100\n|-status|p2a: Zamazenta|psn\n|\n|-heal|p2a: Zamazenta|54\/100 psn|[from] item: Leftovers\n|-damage|p2a: Zamazenta|42\/100 psn|[from] psn\n|upkeep\n|turn|14\n|\n|t:|1699867131\n|switch|p1a: Gholdengo|Gholdengo, shiny|100\/100\n|move|p2a: Zamazenta|Body Press|p1a: Gholdengo\n|-immune|p1a: Gholdengo\n|\n|-heal|p2a: Zamazenta|48\/100 psn|[from] item: Leftovers\n|-damage|p2a: Zamazenta|36\/100 psn|[from] psn\n|upkeep\n|turn|15\n|\n|t:|1699867136\n|move|p2a: Zamazenta|Crunch|p1a: Gholdengo\n|-supereffective|p1a: Gholdengo\n|-damage|p1a: Gholdengo|62\/100\n|move|p1a: Gholdengo|Shadow Ball|p2a: Zamazenta\n|-damage|p2a: Zamazenta|4\/100 psn\n|-unboost|p2a: Zamazenta|spd|1\n|\n|-heal|p2a: Zamazenta|10\/100 psn|[from] item: Leftovers\n|-heal|p1a: Gholdengo|68\/100|[from] item: Leftovers\n|-damage|p2a: Zamazenta|0 fnt|[from] psn\n|faint|p2a: Zamazenta\n|upkeep\n|\n|t:|1699867141\n|switch|p2a: Ogerpon|Ogerpon-Wellspring, F|20\/100\n|-damage|p2a: Ogerpon|3\/100|[from] Spikes\n|-damage|p2a: Ogerpon|0 fnt|[from] Stealth Rock\n|faint|p2a: Ogerpon\n|\n|t:|1699867150\n|switch|p2a: Iron Moth|Iron Moth|100\/100\n|-damage|p2a: Iron Moth|84\/100|[from] Spikes\n|-damage|p2a: Iron Moth|59\/100|[from] Stealth Rock\n|-enditem|p2a: Iron Moth|Booster Energy\n|-activate|p2a: Iron Moth|ability: Quark Drive|[fromitem]\n|-start|p2a: Iron Moth|quarkdrivespe\n|turn|16\n|c|\u2606didit$done|god HO puts so much pressure\n|c|\u2606didit$done|threat after threat after threat\n|inactive|didit$done has 60 seconds left.\n|c|\u2606Nightbloomer boy|no wonder i call it the cheekiest HO ever\n|c|\u2606didit$done|HAH\n|c|\u2606didit$done|no kidding\n|\n|t:|1699867209\n|switch|p1a: Ceruledge|Ceruledge, F, shiny|100\/100\n|move|p2a: Iron Moth|Fiery Dance|p1a: Ceruledge\n|-resisted|p1a: Ceruledge\n|-damage|p1a: Ceruledge|76\/100\n|\n|upkeep\n|turn|17\n|c|\u2606didit$done|like im up 6-3\n|inactive|didit$done has 30 seconds left.\n|c|\u2606didit$done|but can still get swept if im dumb\n|c|\u2606didit$done|scary\n|\n|t:|1699867236\n|move|p2a: Iron Moth|Substitute|p2a: Iron Moth\n|-start|p2a: Iron Moth|Substitute\n|-damage|p2a: Iron Moth|34\/100\n|move|p1a: Ceruledge|Poltergeist||[still]\n|-fail|p1a: Ceruledge\n|\n|upkeep\n|turn|18\n|c|\u2606Nightbloomer boy|yea cuz im doing a horrible job at maintaining my HO fellas\n|c|\u2606Nightbloomer boy|o :skull:\n|\n|t:|1699867247\n|move|p1a: Ceruledge|Shadow Sneak|p2a: Iron Moth\n|-end|p2a: Iron Moth|Substitute\n|move|p2a: Iron Moth|Fiery Dance|p1a: Ceruledge\n|-resisted|p1a: Ceruledge\n|-crit|p1a: Ceruledge\n|-damage|p1a: Ceruledge|42\/100\n|\n|upkeep\n|turn|19\n|c|\u2606didit$done|ahaha\n|c|\u2606didit$done|im just playing slow\n|\n|t:|1699867258\n|move|p1a: Ceruledge|Shadow Sneak|p2a: Iron Moth\n|-damage|p2a: Iron Moth|0 fnt\n|faint|p2a: Iron Moth\n|-end|p2a: Iron Moth|Quark Drive|[silent]\n|\n|upkeep\n|\n|t:|1699867262\n|switch|p2a: Iron Valiant|Iron Valiant, shiny|84\/100 slp\n|-damage|p2a: Iron Valiant|67\/100 slp|[from] Spikes\n|-damage|p2a: Iron Valiant|61\/100 slp|[from] Stealth Rock\n|turn|20\n|c|\u2606didit$done|im kinda high thinking shit hella\n|\n|t:|1699867274\n|cant|p2a: Iron Valiant|slp\n|move|p1a: Ceruledge|Poltergeist||[still]\n|-fail|p1a: Ceruledge\n|\n|upkeep\n|turn|21\n|c|\u2606didit$done|o no item\n|\n|t:|1699867286\n|switch|p1a: Amoonguss|Amoonguss, M, shiny, tera:Dark|100\/100\n|-curestatus|p2a: Iron Valiant|slp|[msg]\n|move|p2a: Iron Valiant|Psyshock|p1a: Amoonguss\n|-immune|p1a: Amoonguss\n|\n|upkeep\n|turn|22\n|\n|t:|1699867296\n|move|p2a: Iron Valiant|Hypnosis|p1a: Amoonguss\n|-status|p1a: Amoonguss|slp|[from] move: Hypnosis\n|cant|p1a: Amoonguss|slp\n|\n|upkeep\n|turn|23\n|c|\u2606Nightbloomer boy|im also like barely paying attention since i am like tryna build a vgc team\n|inactive|didit$done has 30 seconds left.\n|c|\u2606didit$done|LOL fuck off im putting my everything into stopping this dumb iron mf\n|inactive|didit$done has 20 seconds left.\n|\n|t:|1699867330\n|move|p2a: Iron Valiant|Moonblast|p1a: Amoonguss\n|-supereffective|p1a: Amoonguss\n|-damage|p1a: Amoonguss|33\/100 slp\n|cant|p1a: Amoonguss|slp\n|\n|upkeep\n|turn|24\n|inactive|didit$done has 30 seconds left this turn.\n|\n|t:|1699867337\n|switch|p1a: Gholdengo|Gholdengo, shiny|68\/100\n|move|p2a: Iron Valiant|Moonblast|p1a: Gholdengo\n|-resisted|p1a: Gholdengo\n|-damage|p1a: Gholdengo|47\/100\n|-unboost|p1a: Gholdengo|spa|1\n|\n|-heal|p1a: Gholdengo|54\/100|[from] item: Leftovers\n|upkeep\n|turn|25\n|inactive|didit$done has 30 seconds left.\n|\n|t:|1699867351\n|-end|p2a: Iron Valiant|Quark Drive|[silent]\n|switch|p2a: Kingambit|Kingambit, M, shiny|70\/100\n|-damage|p2a: Kingambit|54\/100|[from] Spikes\n|-damage|p2a: Kingambit|48\/100|[from] Stealth Rock\n|-activate|p2a: Kingambit|ability: Supreme Overlord\n|-start|p2a: Kingambit|fallen4|[silent]\n|move|p1a: Gholdengo|Make It Rain|p2a: Kingambit\n|-resisted|p2a: Kingambit\n|-damage|p2a: Kingambit|28\/100\n|-unboost|p1a: Gholdengo|spa|1\n|\n|-heal|p1a: Gholdengo|60\/100|[from] item: Leftovers\n|upkeep\n|turn|26\n|inactive|didit$done has 30 seconds left.\n|\n|t:|1699867369\n|move|p1a: Gholdengo|Shadow Ball|p2a: Kingambit\n|-resisted|p2a: Kingambit\n|-damage|p2a: Kingambit|18\/100\n|move|p2a: Kingambit|Kowtow Cleave|p1a: Gholdengo\n|-supereffective|p1a: Gholdengo\n|-crit|p1a: Gholdengo\n|-damage|p1a: Gholdengo|0 fnt\n|faint|p1a: Gholdengo\n|\n|upkeep\n|inactive|didit$done has 30 seconds left this turn.\n|\n|t:|1699867373\n|switch|p1a: Samurott|Samurott-Hisui, F, shiny|100\/100\n|turn|27\n|\n|t:|1699867376\n|move|p2a: Kingambit|Sucker Punch|p1a: Samurott\n|-resisted|p1a: Samurott\n|-damage|p1a: Samurott|55\/100\n|move|p1a: Samurott|Aqua Cutter|p2a: Kingambit\n|-damage|p2a: Kingambit|0 fnt\n|faint|p2a: Kingambit\n|-end|p2a: Kingambit|fallen4|[silent]\n|\n|upkeep\n|c|\u2606didit$done|ok ok i think i got it\n|c|\u2606Nightbloomer boy|imean hey at least im not 6-0\n|\n|t:|1699867386\n|switch|p2a: Iron Valiant|Iron Valiant, shiny|61\/100\n|-damage|p2a: Iron Valiant|44\/100|[from] Spikes\n|-damage|p2a: Iron Valiant|38\/100|[from] Stealth Rock\n|turn|28\n|c|\u2606Nightbloomer boy|gg nontheless\n|c|\u2606didit$done|nah that was hard\n|c|\u2606didit$done|does not feel like a 5-0\n|\n|t:|1699867400\n|move|p1a: Samurott|Aqua Cutter|p2a: Iron Valiant\n|-damage|p2a: Iron Valiant|0 fnt\n|faint|p2a: Iron Valiant\n|-end|p2a: Iron Valiant|Quark Drive|[silent]\n|\n|win|didit$done\n|c|\u2606didit$done|gg man\n|c|\u2606Nightbloomer boy|gg\n","uploadtime":1699867409,"views":9,"p1id":"diditdone","p2id":"nightbloomerboy","formatid":"gen9ou","rating":0,"private":0,"password":""}