{"id":"gen9ou-1990957846","p1":"ruby-yao","p2":"TheDragonCat1","format":"[Gen 9] OU","log":"|j|\u2606ruby-yao\n|j|\u2606TheDragonCat1\n|t:|1700019739\n|gametype|singles\n|player|p1|ruby-yao|lucas|1130\n|player|p2|TheDragonCat1|scientist-gen4dp|1059\n|teamsize|p1|6\n|teamsize|p2|6\n|gen|9\n|tier|[Gen 9] OU\n|rated|\n|rule|Sleep Clause Mod: Limit one foe put to sleep\n|rule|Species Clause: Limit one of each Pok\u00e9mon\n|rule|OHKO Clause: OHKO moves are banned\n|rule|Evasion Items Clause: Evasion items are banned\n|rule|Evasion Moves Clause: Evasion moves are banned\n|rule|Endless Battle Clause: Forcing endless battles is banned\n|rule|HP Percentage Mod: HP is shown in percentages\n|clearpoke\n|poke|p1|Torkoal, M|\n|poke|p1|Walking Wake|\n|poke|p1|Hatterene, F|\n|poke|p1|Great Tusk|\n|poke|p1|Corviknight, M|\n|poke|p1|Iron Moth|\n|poke|p2|Zamazenta-*|\n|poke|p2|Walking Wake|\n|poke|p2|Pawmot, F|\n|poke|p2|Zapdos|\n|poke|p2|Gengar, M|\n|poke|p2|Iron Moth|\n|teampreview\n|inactive|Battle timer is ON: inactive players will automatically lose when time's up. (requested by ruby-yao)\n|\n|t:|1700019742\n|start\n|switch|p1a: Great Tusk|Great Tusk|100\/100\n|switch|p2a: gangle|Iron Moth|100\/100\n|turn|1\n|\n|t:|1700019762\n|move|p2a: gangle|Toxic Spikes|p1a: Great Tusk\n|-sidestart|p1: ruby-yao|move: Toxic Spikes\n|move|p1a: Great Tusk|Headlong Rush|p2a: gangle\n|-supereffective|p2a: gangle\n|-enditem|p2a: gangle|Focus Sash\n|-damage|p2a: gangle|1\/100\n|-unboost|p1a: Great Tusk|def|1\n|-unboost|p1a: Great Tusk|spd|1\n|\n|upkeep\n|turn|2\n|\n|t:|1700019770\n|move|p2a: gangle|Sunny Day|p2a: gangle\n|-weather|SunnyDay\n|-activate|p1a: Great Tusk|ability: Protosynthesis\n|-start|p1a: Great Tusk|protosynthesisatk\n|move|p1a: Great Tusk|Rapid Spin|p2a: gangle\n|-damage|p2a: gangle|0 fnt\n|-boost|p1a: Great Tusk|spe|1\n|-sideend|p1: ruby-yao|Toxic Spikes|[from] move: Rapid Spin|[of] p1a: Great Tusk\n|faint|p2a: gangle\n|-end|p2a: gangle|Quark Drive|[silent]\n|\n|-weather|SunnyDay|[upkeep]\n|upkeep\n|\n|t:|1700019778\n|switch|p2a: kinger|Walking Wake|100\/100\n|-activate|p2a: kinger|ability: Protosynthesis\n|-start|p2a: kinger|protosynthesisspa\n|turn|3\n|\n|t:|1700019785\n|move|p1a: Great Tusk|Headlong Rush|p2a: kinger\n|-damage|p2a: kinger|10\/100\n|-unboost|p1a: Great Tusk|def|1\n|-unboost|p1a: Great Tusk|spd|1\n|move|p2a: kinger|Hydro Steam|p1a: Great Tusk\n|-supereffective|p1a: Great Tusk\n|-damage|p1a: Great Tusk|0 fnt\n|faint|p1a: Great Tusk\n|-end|p1a: Great Tusk|Protosynthesis|[silent]\n|\n|-weather|SunnyDay|[upkeep]\n|upkeep\n|\n|t:|1700019798\n|switch|p1a: Walking Wake|Walking Wake|100\/100\n|-activate|p1a: Walking Wake|ability: Protosynthesis\n|-start|p1a: Walking Wake|protosynthesisspe\n|turn|4\n|\n|t:|1700019811\n|move|p1a: Walking Wake|Hydro Steam|p2a: kinger\n|-resisted|p2a: kinger\n|-damage|p2a: kinger|0 fnt\n|faint|p2a: kinger\n|-end|p2a: kinger|Protosynthesis|[silent]\n|\n|-weather|SunnyDay|[upkeep]\n|upkeep\n|\n|t:|1700019825\n|switch|p2a: caine|Zapdos|100\/100\n|turn|5\n|inactive|ruby-yao has 120 seconds left.\n|inactive|ruby-yao has 90 seconds left.\n|inactive|ruby-yao has 60 seconds left.\n|inactive|ruby-yao has 30 seconds left.\n|\n|t:|1700019949\n|-end|p1a: Walking Wake|Protosynthesis|[silent]\n|switch|p1a: Corviknight|Corviknight, M|100\/100\n|-ability|p1a: Corviknight|Pressure\n|move|p2a: caine|Detect||[still]\n|-fail|p2a: caine\n|\n|-weather|SunnyDay|[upkeep]\n|upkeep\n|turn|6\n|inactive|ruby-yao has 30 seconds left.\n|inactive|ruby-yao has 20 seconds left.\n|inactive|ruby-yao has 15 seconds left.\n|\n|t:|1700019976\n|move|p2a: caine|Thunder|p1a: Corviknight|[miss]\n|-miss|p2a: caine|p1a: Corviknight\n|move|p1a: Corviknight|Body Press|p2a: caine\n|-resisted|p2a: caine\n|-damage|p2a: caine|87\/100\n|\n|-weather|none\n|-heal|p2a: caine|93\/100|[from] item: Leftovers\n|upkeep\n|turn|7\n|inactive|ruby-yao has 25 seconds left this turn.\n|inactive|ruby-yao has 20 seconds left.\n|\n|t:|1700019986\n|move|p2a: caine|Thunder|p1a: Corviknight|[miss]\n|-miss|p2a: caine|p1a: Corviknight\n|move|p1a: Corviknight|Roost||[still]\n|-fail|p1a: Corviknight|heal\n|\n|-heal|p2a: caine|99\/100|[from] item: Leftovers\n|upkeep\n|turn|8\n|inactive|ruby-yao has 30 seconds left this turn.\n|c|\u2606TheDragonCat1|bruh\n|\n|t:|1700019993\n|move|p2a: caine|Thunder|p1a: Corviknight|[miss]\n|-miss|p2a: caine|p1a: Corviknight\n|move|p1a: Corviknight|U-turn|p2a: caine\n|-resisted|p2a: caine\n|-damage|p2a: caine|91\/100\n|inactive|ruby-yao has 30 seconds left this turn.\n|c|\u2606TheDragonCat1|...\n|inactive|ruby-yao has 20 seconds left.\n|\n|t:|1700020005\n|switch|p1a: Iron Moth|Iron Moth|100\/100|[from] U-turn\n|-enditem|p1a: Iron Moth|Booster Energy\n|-activate|p1a: Iron Moth|ability: Quark Drive|[fromitem]\n|-start|p1a: Iron Moth|quarkdrivespa\n|\n|-heal|p2a: caine|97\/100|[from] item: Leftovers\n|upkeep\n|turn|9\n|inactive|ruby-yao has 30 seconds left this turn.\n|\n|t:|1700020015\n|move|p1a: Iron Moth|Fiery Dance|p2a: caine\n|-damage|p2a: caine|41\/100\n|move|p2a: caine|Thunder|p1a: Iron Moth|[miss]\n|-miss|p2a: caine|p1a: Iron Moth\n|\n|-heal|p2a: caine|47\/100|[from] item: Leftovers\n|upkeep\n|turn|10\n|c|\u2606TheDragonCat1|mother fucker\n|\n|t:|1700020026\n|move|p1a: Iron Moth|Fiery Dance|p2a: caine\n|-damage|p2a: caine|0 fnt\n|-boost|p1a: Iron Moth|spa|1\n|faint|p2a: caine\n|\n|upkeep\n|\n|t:|1700020035\n|switch|p2a: zooble|Zamazenta, shiny|100\/100\n|-ability|p2a: zooble|Dauntless Shield|boost\n|-boost|p2a: zooble|def|1\n|turn|11\n|\n|t:|1700020043\n|move|p2a: zooble|Iron Defense|p2a: zooble\n|-boost|p2a: zooble|def|2\n|move|p1a: Iron Moth|Fiery Dance|p2a: zooble\n|-damage|p2a: zooble|32\/100\n|-boost|p1a: Iron Moth|spa|1\n|\n|-heal|p2a: zooble|38\/100|[from] item: Leftovers\n|upkeep\n|turn|12\n|\n|t:|1700020051\n|move|p2a: zooble|Body Press|p1a: Iron Moth\n|-resisted|p1a: Iron Moth\n|-damage|p1a: Iron Moth|31\/100\n|move|p1a: Iron Moth|Fiery Dance|p2a: zooble\n|-damage|p2a: zooble|0 fnt\n|faint|p2a: zooble\n|\n|upkeep\n|\n|t:|1700020059\n|switch|p2a: jax|Gengar, M|100\/100\n|turn|13\n|inactive|ruby-yao has 60 seconds left.\n|\n|t:|1700020070\n|move|p2a: jax|Psychic|p1a: Iron Moth\n|-supereffective|p1a: Iron Moth\n|-damage|p1a: Iron Moth|0 fnt\n|faint|p1a: Iron Moth\n|-end|p1a: Iron Moth|Quark Drive|[silent]\n|\n|upkeep\n|\n|t:|1700020075\n|switch|p1a: Torkoal|Torkoal, M|100\/100\n|-weather|SunnyDay|[from] ability: Drought|[of] p1a: Torkoal\n|turn|14\n|\n|t:|1700020091\n|move|p2a: jax|Sludge Bomb|p1a: Torkoal\n|-damage|p1a: Torkoal|38\/100\n|move|p1a: Torkoal|Yawn|p2a: jax\n|-start|p2a: jax|move: Yawn|[of] p1a: Torkoal\n|\n|-weather|SunnyDay|[upkeep]\n|upkeep\n|turn|15\n|\n|t:|1700020097\n|switch|p2a: pomni|Pawmot, F|100\/100\n|move|p1a: Torkoal|Stealth Rock|p2a: pomni\n|-sidestart|p2: TheDragonCat1|move: Stealth Rock\n|\n|-weather|SunnyDay|[upkeep]\n|upkeep\n|turn|16\n|\n|t:|1700020104\n|move|p2a: pomni|Revival Blessing|p2a: pomni\n|\n|t:|1700020109\n|-heal|p2: kinger|50\/100|[from] move: Revival Blessing\n|move|p1a: Torkoal|Lava Plume|p2a: pomni\n|-damage|p2a: pomni|40\/100\n|\n|-weather|SunnyDay|[upkeep]\n|upkeep\n|turn|17\n|inactive|ruby-yao has 90 seconds left.\n|\n|t:|1700020118\n|move|p2a: pomni|Double Shock|p1a: Torkoal\n|-damage|p1a: Torkoal|7\/100\n|-start|p2a: pomni|typechange|???\/Fighting|[from] move: Double Shock\n|move|p1a: Torkoal|Lava Plume|p2a: pomni\n|-damage|p2a: pomni|0 fnt\n|faint|p2a: pomni\n|\n|-weather|SunnyDay|[upkeep]\n|upkeep\n|\n|t:|1700020127\n|switch|p2a: kinger|Walking Wake|50\/100\n|-damage|p2a: kinger|38\/100|[from] Stealth Rock\n|-activate|p2a: kinger|ability: Protosynthesis\n|-start|p2a: kinger|protosynthesisspa\n|turn|18\n|\n|t:|1700020133\n|switch|p1a: Corviknight|Corviknight, M|100\/100\n|-ability|p1a: Corviknight|Pressure\n|move|p2a: kinger|Hydro Steam|p1a: Corviknight\n|-damage|p1a: Corviknight|17\/100\n|\n|-weather|SunnyDay|[upkeep]\n|upkeep\n|turn|19\n|\n|t:|1700020155\n|move|p2a: kinger|Weather Ball|p1a: Corviknight\n|-supereffective|p1a: Corviknight\n|-damage|p1a: Corviknight|0 fnt\n|faint|p1a: Corviknight\n|\n|-weather|SunnyDay|[upkeep]\n|upkeep\n|\n|t:|1700020160\n|switch|p1a: Walking Wake|Walking Wake|100\/100\n|-activate|p1a: Walking Wake|ability: Protosynthesis\n|-start|p1a: Walking Wake|protosynthesisspe\n|turn|20\n|\n|t:|1700020167\n|-end|p2a: kinger|Protosynthesis|[silent]\n|switch|p2a: jax|Gengar, M|100\/100\n|-damage|p2a: jax|88\/100|[from] Stealth Rock\n|-terastallize|p1a: Walking Wake|Water\n|move|p1a: Walking Wake|Hydro Steam|p2a: jax\n|-damage|p2a: jax|0 fnt\n|-start|p1a: Walking Wake|Disable|Hydro Steam|[from] ability: Cursed Body|[of] p2a: jax\n|faint|p2a: jax\n|\n|-weather|SunnyDay|[upkeep]\n|upkeep\n|\n|t:|1700020177\n|switch|p2a: kinger|Walking Wake|38\/100\n|-damage|p2a: kinger|26\/100|[from] Stealth Rock\n|-activate|p2a: kinger|ability: Protosynthesis\n|-start|p2a: kinger|protosynthesisspa\n|turn|21\n|inactive|ruby-yao has 120 seconds left.\n|\n|t:|1700020201\n|-terastallize|p2a: kinger|Fire\n|-activate|p1a: Walking Wake|move: Struggle\n|move|p1a: Walking Wake|Struggle|p2a: kinger\n|-damage|p2a: kinger|17\/100\n|-damage|p1a: Walking Wake|75\/100|[from] recoil\n|move|p2a: kinger|Dragon Pulse|p1a: Walking Wake\n|-damage|p1a: Walking Wake|10\/100\n|\n|-weather|none\n|-end|p1a: Walking Wake|Protosynthesis\n|-end|p2a: kinger|Protosynthesis\n|upkeep\n|turn|22\n|\n|t:|1700020218\n|move|p2a: kinger|Dragon Pulse|p1a: Walking Wake\n|-damage|p1a: Walking Wake|0 fnt\n|faint|p1a: Walking Wake\n|-end|p1a: Walking Wake|Protosynthesis|[silent]\n|\n|upkeep\n|\n|t:|1700020224\n|switch|p1a: Hatterene|Hatterene, F|100\/100\n|turn|23\n|\n|t:|1700020230\n|move|p2a: kinger|Hydro Steam|p1a: Hatterene\n|-damage|p1a: Hatterene|56\/100\n|-enditem|p1a: Hatterene|Eject Button\n|\n|t:|1700020234\n|switch|p1a: Torkoal|Torkoal, M|7\/100\n|-weather|SunnyDay|[from] ability: Drought|[of] p1a: Torkoal\n|-activate|p2a: kinger|ability: Protosynthesis\n|-start|p2a: kinger|protosynthesisspa\n|\n|-weather|SunnyDay|[upkeep]\n|upkeep\n|turn|24\n|\n|t:|1700020241\n|move|p2a: kinger|Hydro Steam|p1a: Torkoal\n|-supereffective|p1a: Torkoal\n|-damage|p1a: Torkoal|0 fnt\n|faint|p1a: Torkoal\n|\n|-weather|SunnyDay|[upkeep]\n|upkeep\n|\n|t:|1700020244\n|switch|p1a: Hatterene|Hatterene, F|56\/100\n|turn|25\n|\n|t:|1700020248\n|move|p2a: kinger|Hydro Steam|p1a: Hatterene\n|-damage|p1a: Hatterene|0 fnt\n|faint|p1a: Hatterene\n|\n|win|TheDragonCat1\n|raw|ruby-yao's rating: 1130 &rarr; <strong>1100<\/strong><br \/>(-30 for losing)\n|raw|TheDragonCat1's rating: 1059 &rarr; <strong>1096<\/strong><br \/>(+37 for winning)\n|l|\u2606ruby-yao\n|c|\u2606TheDragonCat1|gg\n","uploadtime":1700020266,"views":6,"p1id":"rubyyao","p2id":"thedragoncat1","formatid":"gen9ou","rating":1096,"private":0,"password":""}