{"id":"gen9ou-1988403969","p1":"yellowy light","p2":"HarrydudeH","format":"[Gen 9] OU","log":"|j|\u2606yellowy light\n|j|\u2606HarrydudeH\n|t:|1699719160\n|gametype|singles\n|player|p1|yellowy light|backersf|1093\n|player|p2|HarrydudeH|depotagent|1170\n|teamsize|p1|6\n|teamsize|p2|6\n|gen|9\n|tier|[Gen 9] OU\n|rated|\n|rule|Sleep Clause Mod: Limit one foe put to sleep\n|rule|Species Clause: Limit one of each Pok\u00e9mon\n|rule|OHKO Clause: OHKO moves are banned\n|rule|Evasion Items Clause: Evasion items are banned\n|rule|Evasion Moves Clause: Evasion moves are banned\n|rule|Endless Battle Clause: Forcing endless battles is banned\n|rule|HP Percentage Mod: HP is shown in percentages\n|clearpoke\n|poke|p1|Samurott-Hisui, F|\n|poke|p1|Clefable, F|\n|poke|p1|Gliscor, F|\n|poke|p1|Dragapult, F|\n|poke|p1|Ting-Lu|\n|poke|p1|Zamazenta-*|\n|poke|p2|Ninetales-Alola, F|\n|poke|p2|Rillaboom, F|\n|poke|p2|Heatran, M|\n|poke|p2|Sneasler, M|\n|poke|p2|Cyclizar, F|\n|poke|p2|Gliscor, M|\n|teampreview\n|\n|t:|1699719184\n|start\n|switch|p1a: Ting-Lu|Ting-Lu|100\/100\n|switch|p2a: Ninetales|Ninetales-Alola, F|100\/100\n|-weather|Snow|[from] ability: Snow Warning|[of] p2a: Ninetales\n|-ability|p1a: Ting-Lu|Vessel of Ruin\n|turn|1\n|\n|t:|1699719217\n|switch|p2a: Rillaboom|Rillaboom, F|100\/100\n|-fieldstart|move: Grassy Terrain|[from] ability: Grassy Surge|[of] p2a: Rillaboom\n|move|p1a: Ting-Lu|Stealth Rock|p2a: Rillaboom\n|-sidestart|p2: HarrydudeH|move: Stealth Rock\n|\n|-weather|Snow|[upkeep]\n|upkeep\n|turn|2\n|\n|t:|1699719225\n|move|p2a: Rillaboom|U-turn|p1a: Ting-Lu\n|-supereffective|p1a: Ting-Lu\n|-damage|p1a: Ting-Lu|57\/100\n|\n|t:|1699719230\n|switch|p2a: Cyclizar|Cyclizar, F|100\/100|[from] U-turn\n|-damage|p2a: Cyclizar|88\/100|[from] Stealth Rock\n|move|p1a: Ting-Lu|Whirlwind|p2a: Cyclizar\n|drag|p2a: Gliscor|Gliscor, M|100\/100\n|-damage|p2a: Gliscor|88\/100|[from] Stealth Rock\n|\n|-weather|Snow|[upkeep]\n|-heal|p1a: Ting-Lu|63\/100|[from] Grassy Terrain\n|-heal|p1a: Ting-Lu|70\/100|[from] item: Leftovers\n|-status|p2a: Gliscor|tox|[from] item: Toxic Orb\n|upkeep\n|turn|3\n|\n|t:|1699719243\n|move|p2a: Gliscor|Spikes|p1a: Ting-Lu\n|-sidestart|p1: yellowy light|Spikes\n|move|p1a: Ting-Lu|Whirlwind|p2a: Gliscor\n|drag|p2a: Ninetales|Ninetales-Alola, F|100\/100\n|-damage|p2a: Ninetales|76\/100|[from] Stealth Rock\n|\n|-weather|Snow|[upkeep]\n|-heal|p2a: Ninetales|82\/100|[from] Grassy Terrain\n|-heal|p1a: Ting-Lu|76\/100|[from] Grassy Terrain\n|-heal|p1a: Ting-Lu|82\/100|[from] item: Leftovers\n|upkeep\n|turn|4\n|\n|t:|1699719257\n|move|p2a: Ninetales|Blizzard|p1a: Ting-Lu\n|-supereffective|p1a: Ting-Lu\n|-damage|p1a: Ting-Lu|24\/100\n|move|p1a: Ting-Lu|Earthquake|p2a: Ninetales\n|-damage|p2a: Ninetales|64\/100\n|\n|-weather|Snow|[upkeep]\n|-heal|p2a: Ninetales|70\/100|[from] Grassy Terrain\n|-heal|p1a: Ting-Lu|31\/100|[from] Grassy Terrain\n|-heal|p1a: Ting-Lu|37\/100|[from] item: Leftovers\n|upkeep\n|turn|5\n|\n|t:|1699719282\n|switch|p1a: Zamazenta|Zamazenta|100\/100\n|-ability|p1a: Zamazenta|Dauntless Shield|boost\n|-boost|p1a: Zamazenta|def|1\n|move|p2a: Ninetales|Blizzard|p1a: Zamazenta\n|-damage|p1a: Zamazenta|46\/100\n|\n|-weather|none\n|-heal|p1a: Zamazenta|52\/100|[from] Grassy Terrain\n|-heal|p2a: Ninetales|76\/100|[from] Grassy Terrain\n|-fieldend|move: Grassy Terrain\n|upkeep\n|turn|6\n|\n|t:|1699719299\n|switch|p2a: Gliscor|Gliscor, M|88\/100 tox\n|-damage|p2a: Gliscor|75\/100 tox|[from] Stealth Rock\n|move|p1a: Zamazenta|Body Press|p2a: Gliscor\n|-resisted|p2a: Gliscor\n|-damage|p2a: Gliscor|57\/100 tox\n|\n|-heal|p2a: Gliscor|70\/100 tox|[from] ability: Poison Heal\n|upkeep\n|turn|7\n|\n|t:|1699719312\n|switch|p1a: Gliscor|Gliscor, F|100\/100\n|move|p2a: Gliscor|Toxic|p1a: Gliscor|[miss]\n|-miss|p2a: Gliscor|p1a: Gliscor\n|\n|-heal|p2a: Gliscor|82\/100 tox|[from] ability: Poison Heal\n|-status|p1a: Gliscor|tox|[from] item: Toxic Orb\n|upkeep\n|turn|8\n|\n|t:|1699719329\n|switch|p2a: Cyclizar|Cyclizar, F|100\/100\n|-damage|p2a: Cyclizar|88\/100|[from] Stealth Rock\n|move|p1a: Gliscor|Ice Fang|p2a: Cyclizar\n|-supereffective|p2a: Cyclizar\n|-damage|p2a: Cyclizar|42\/100\n|-status|p2a: Cyclizar|frz\n|\n|upkeep\n|turn|9\n|\n|t:|1699719338\n|-curestatus|p2a: Cyclizar|frz|[msg]\n|move|p2a: Cyclizar|Overheat|p1a: Gliscor\n|-damage|p1a: Gliscor|79\/100 tox\n|-unboost|p2a: Cyclizar|spa|2\n|move|p1a: Gliscor|Swords Dance|p1a: Gliscor\n|-boost|p1a: Gliscor|atk|2\n|\n|-heal|p1a: Gliscor|91\/100 tox|[from] ability: Poison Heal\n|upkeep\n|turn|10\n|\n|t:|1699719349\n|move|p2a: Cyclizar|Rapid Spin|p1a: Gliscor\n|-damage|p1a: Gliscor|78\/100 tox\n|-boost|p2a: Cyclizar|spe|1\n|-sideend|p2: HarrydudeH|Stealth Rock|[from] move: Rapid Spin|[of] p2a: Cyclizar\n|move|p1a: Gliscor|Swords Dance|p1a: Gliscor\n|-boost|p1a: Gliscor|atk|2\n|\n|-heal|p1a: Gliscor|91\/100 tox|[from] ability: Poison Heal\n|upkeep\n|turn|11\n|\n|t:|1699719369\n|move|p2a: Cyclizar|Rapid Spin|p1a: Gliscor\n|-damage|p1a: Gliscor|79\/100 tox\n|-boost|p2a: Cyclizar|spe|1\n|move|p1a: Gliscor|Swords Dance|p1a: Gliscor\n|-boost|p1a: Gliscor|atk|2\n|\n|-heal|p1a: Gliscor|92\/100 tox|[from] ability: Poison Heal\n|upkeep\n|turn|12\n|\n|t:|1699719377\n|move|p2a: Cyclizar|Rapid Spin|p1a: Gliscor\n|-damage|p1a: Gliscor|79\/100 tox\n|-boost|p2a: Cyclizar|spe|1\n|move|p1a: Gliscor|Ice Fang|p2a: Cyclizar\n|-supereffective|p2a: Cyclizar\n|-damage|p2a: Cyclizar|0 fnt\n|faint|p2a: Cyclizar\n|\n|-heal|p1a: Gliscor|91\/100 tox|[from] ability: Poison Heal\n|upkeep\n|\n|t:|1699719386\n|switch|p2a: Ninetales|Ninetales-Alola, F|76\/100\n|-weather|Snow|[from] ability: Snow Warning|[of] p2a: Ninetales\n|turn|13\n|\n|t:|1699719393\n|-terastallize|p1a: Gliscor|Water\n|move|p2a: Ninetales|Freeze-Dry|p1a: Gliscor\n|-supereffective|p1a: Gliscor\n|-damage|p1a: Gliscor|21\/100 tox\n|move|p1a: Gliscor|Earthquake|p2a: Ninetales\n|-crit|p2a: Ninetales\n|-damage|p2a: Ninetales|0 fnt\n|faint|p2a: Ninetales\n|\n|-weather|Snow|[upkeep]\n|-heal|p1a: Gliscor|33\/100 tox|[from] ability: Poison Heal\n|upkeep\n|\n|t:|1699719403\n|switch|p2a: Rillaboom|Rillaboom, F|100\/100\n|-fieldstart|move: Grassy Terrain|[from] ability: Grassy Surge|[of] p2a: Rillaboom\n|turn|14\n|\n|t:|1699719409\n|move|p2a: Rillaboom|Grassy Glide|p1a: Gliscor\n|-supereffective|p1a: Gliscor\n|-damage|p1a: Gliscor|0 fnt\n|faint|p1a: Gliscor\n|\n|-weather|Snow|[upkeep]\n|upkeep\n|\n|t:|1699719420\n|switch|p1a: Dragapult|Dragapult, F|100\/100\n|turn|15\n|\n|t:|1699719449\n|switch|p2a: Heatran|Heatran, M|100\/100\n|move|p1a: Dragapult|Will-O-Wisp|p2a: Heatran\n|-start|p2a: Heatran|ability: Flash Fire\n|\n|-weather|Snow|[upkeep]\n|upkeep\n|turn|16\n|\n|t:|1699719469\n|switch|p1a: Samurott|Samurott-Hisui, F|100\/100\n|-end|p2a: Heatran|ability: Flash Fire|[silent]\n|switch|p2a: Sneasler|Sneasler, M|100\/100\n|-enditem|p2a: Sneasler|Grassy Seed\n|-boost|p2a: Sneasler|def|1|[from] item: Grassy Seed\n|\n|-weather|Snow|[upkeep]\n|upkeep\n|turn|17\n|\n|t:|1699719482\n|move|p1a: Samurott|Sucker Punch||[still]\n|-fail|p1a: Samurott\n|move|p2a: Sneasler|Swords Dance|p2a: Sneasler\n|-boost|p2a: Sneasler|atk|2\n|\n|-weather|none\n|upkeep\n|turn|18\n|\n|t:|1699719499\n|move|p2a: Sneasler|Dire Claw|p1a: Samurott\n|-damage|p1a: Samurott|0 fnt\n|faint|p1a: Samurott\n|\n|-fieldend|move: Grassy Terrain\n|upkeep\n|\n|t:|1699719510\n|switch|p1a: Dragapult|Dragapult, F|100\/100\n|turn|19\n|\n|t:|1699719516\n|move|p2a: Sneasler|Lash Out|p1a: Dragapult\n|-supereffective|p1a: Dragapult\n|-damage|p1a: Dragapult|0 fnt\n|faint|p1a: Dragapult\n|\n|upkeep\n|\n|t:|1699719532\n|switch|p1a: Ting-Lu|Ting-Lu|37\/100\n|-damage|p1a: Ting-Lu|24\/100|[from] Spikes\n|-ability|p1a: Ting-Lu|Vessel of Ruin\n|turn|20\n|-message|yellowy light forfeited.\n|\n|win|HarrydudeH\n|raw|yellowy light's rating: 1093 &rarr; <strong>1074<\/strong><br \/>(-19 for losing)\n|raw|HarrydudeH's rating: 1170 &rarr; <strong>1190<\/strong><br \/>(+20 for winning)\n|l|\u2606yellowy light\n","uploadtime":1699719542,"views":17,"p1id":"yellowylight","p2id":"harrydudeh","formatid":"gen9ou","rating":1074,"private":0,"password":""}