{"id":"gen9ou-1997658970","p1":"Xtern","p2":"VikontAlu","format":"[Gen 9] OU","log":"|j|\u2606Xtern\n|j|\u2606VikontAlu\n|t:|1700838603\n|gametype|singles\n|player|p1|Xtern|cheryl|1174\n|player|p2|VikontAlu|2|1213\n|teamsize|p1|6\n|teamsize|p2|6\n|gen|9\n|tier|[Gen 9] OU\n|rated|\n|rule|Sleep Clause Mod: Limit one foe put to sleep\n|rule|Species Clause: Limit one of each Pok\u00e9mon\n|rule|OHKO Clause: OHKO moves are banned\n|rule|Evasion Items Clause: Evasion items are banned\n|rule|Evasion Moves Clause: Evasion moves are banned\n|rule|Endless Battle Clause: Forcing endless battles is banned\n|rule|HP Percentage Mod: HP is shown in percentages\n|clearpoke\n|poke|p1|Azumarill, F|\n|poke|p1|Gallade, M|\n|poke|p1|Ribombee, F|\n|poke|p1|Cinderace, M|\n|poke|p1|Thundurus-Therian, M|\n|poke|p1|Dragonite, M|\n|poke|p2|Garganacl, M|\n|poke|p2|Great Tusk|\n|poke|p2|Gholdengo|\n|poke|p2|Iron Valiant|\n|poke|p2|Dragonite, M|\n|poke|p2|Zapdos|\n|teampreview\n|inactive|Battle timer is ON: inactive players will automatically lose when time's up. (requested by Xtern)\n|\n|t:|1700838610\n|start\n|switch|p1a: Gallade|Gallade, M, shiny|100\/100\n|switch|p2a: HE IS HIM|Garganacl, M|100\/100\n|turn|1\n|\n|t:|1700838618\n|-terastallize|p2a: HE IS HIM|Water\n|move|p1a: Gallade|Sacred Sword|p2a: HE IS HIM\n|-damage|p2a: HE IS HIM|57\/100\n|move|p2a: HE IS HIM|Salt Cure|p1a: Gallade\n|-resisted|p1a: Gallade\n|-damage|p1a: Gallade|90\/100\n|-start|p1a: Gallade|Salt Cure\n|\n|-heal|p1a: Gallade|96\/100|[from] item: Leftovers\n|-heal|p2a: HE IS HIM|63\/100|[from] item: Leftovers\n|-damage|p1a: Gallade|84\/100|[from] Salt Cure\n|upkeep\n|turn|2\n|\n|t:|1700838630\n|move|p1a: Gallade|Sacred Sword|p2a: HE IS HIM\n|-damage|p2a: HE IS HIM|21\/100\n|move|p2a: HE IS HIM|Curse|p2a: HE IS HIM\n|-unboost|p2a: HE IS HIM|spe|1\n|-boost|p2a: HE IS HIM|atk|1\n|-boost|p2a: HE IS HIM|def|1\n|\n|-heal|p1a: Gallade|90\/100|[from] item: Leftovers\n|-heal|p2a: HE IS HIM|27\/100|[from] item: Leftovers\n|-damage|p1a: Gallade|77\/100|[from] Salt Cure\n|upkeep\n|turn|3\n|inactive|VikontAlu has 120 seconds left.\n|\n|t:|1700838674\n|switch|p2a: Iron Valiant|Iron Valiant|100\/100\n|move|p1a: Gallade|Sacred Sword|p2a: Iron Valiant\n|-resisted|p2a: Iron Valiant\n|-damage|p2a: Iron Valiant|56\/100\n|\n|-heal|p1a: Gallade|84\/100|[from] item: Leftovers\n|-damage|p1a: Gallade|71\/100|[from] Salt Cure\n|upkeep\n|turn|4\n|\n|t:|1700838683\n|switch|p1a: Cinderace|Cinderace, M, shiny|100\/100\n|move|p2a: Iron Valiant|Moonblast|p1a: Cinderace\n|-resisted|p1a: Cinderace\n|-damage|p1a: Cinderace|67\/100\n|\n|upkeep\n|turn|5\n|inactive|VikontAlu has 120 seconds left.\n|inactive|VikontAlu has 90 seconds left.\n|\n|t:|1700838731\n|move|p1a: Cinderace|U-turn|p2a: Iron Valiant\n|-start|p1a: Cinderace|typechange|Bug|[from] ability: Libero\n|-resisted|p2a: Iron Valiant\n|-damage|p2a: Iron Valiant|46\/100\n|\n|t:|1700838741\n|switch|p1a: Ribombee|Ribombee, F, shiny|100\/100|[from] U-turn\n|move|p2a: Iron Valiant|Close Combat|p1a: Ribombee\n|-resisted|p1a: Ribombee\n|-damage|p1a: Ribombee|74\/100\n|-unboost|p2a: Iron Valiant|def|1\n|-unboost|p2a: Iron Valiant|spd|1\n|\n|upkeep\n|turn|6\n|inactive|VikontAlu has 90 seconds left.\n|\n|t:|1700838757\n|-end|p2a: Iron Valiant|Quark Drive|[silent]\n|switch|p2a: HE IS HIM|Garganacl, M, tera:Water|27\/100\n|move|p1a: Ribombee|Sticky Web|p2a: HE IS HIM\n|-sidestart|p2: VikontAlu|move: Sticky Web\n|\n|-heal|p2a: HE IS HIM|33\/100|[from] item: Leftovers\n|upkeep\n|turn|7\n|\n|t:|1700838766\n|switch|p1a: Thundurus|Thundurus-Therian, M, shiny|100\/100\n|move|p2a: HE IS HIM|Recover|p2a: HE IS HIM\n|-heal|p2a: HE IS HIM|83\/100\n|\n|-heal|p2a: HE IS HIM|89\/100|[from] item: Leftovers\n|upkeep\n|turn|8\n|inactive|VikontAlu has 90 seconds left.\n|\n|t:|1700838775\n|switch|p2a: Great Tusk|Great Tusk|100\/100\n|move|p1a: Thundurus|Nasty Plot|p1a: Thundurus\n|-boost|p1a: Thundurus|spa|2\n|\n|upkeep\n|turn|9\n|inactive|VikontAlu has 90 seconds left.\n|\n|t:|1700838790\n|-terastallize|p1a: Thundurus|Flying\n|move|p1a: Thundurus|Tera Blast|p2a: Great Tusk|[anim] Tera Blast Flying\n|-supereffective|p2a: Great Tusk\n|-damage|p2a: Great Tusk|0 fnt\n|faint|p2a: Great Tusk\n|-end|p2a: Great Tusk|Protosynthesis|[silent]\n|\n|upkeep\n|inactive|VikontAlu has 90 seconds left.\n|\n|t:|1700838798\n|switch|p2a: Zapppiii!!|Zapdos|100\/100\n|turn|10\n|\n|t:|1700838804\n|move|p1a: Thundurus|Thunderbolt|p2a: Zapppiii!!\n|-damage|p2a: Zapppiii!!|24\/100\n|move|p2a: Zapppiii!!|Discharge|p1a: Thundurus\n|-immune|p1a: Thundurus|[from] ability: Volt Absorb\n|\n|upkeep\n|turn|11\n|inactive|VikontAlu has 90 seconds left.\n|\n|t:|1700838854\n|move|p1a: Thundurus|Thunderbolt|p2a: Zapppiii!!\n|-damage|p2a: Zapppiii!!|0 fnt\n|faint|p2a: Zapppiii!!\n|\n|upkeep\n|inactive|VikontAlu has 60 seconds left.\n|\n|t:|1700838866\n|switch|p2a: Dragonite|Dragonite, M|100\/100\n|turn|12\n|\n|t:|1700838872\n|move|p1a: Thundurus|Thunderbolt|p2a: Dragonite\n|-damage|p2a: Dragonite|44\/100\n|move|p2a: Dragonite|Dragon Dance|p2a: Dragonite\n|-boost|p2a: Dragonite|atk|1\n|-boost|p2a: Dragonite|spe|1\n|\n|upkeep\n|turn|13\n|\n|t:|1700838879\n|move|p2a: Dragonite|Ice Spinner|p1a: Thundurus\n|-supereffective|p1a: Thundurus\n|-damage|p1a: Thundurus|0 fnt\n|faint|p1a: Thundurus\n|\n|upkeep\n|\n|t:|1700838906\n|switch|p1a: Azumarill|Azumarill, F, shiny|100\/100\n|turn|14\n|\n|t:|1700838924\n|switch|p2a: Iron Valiant|Iron Valiant|46\/100\n|move|p1a: Azumarill|Play Rough|p2a: Iron Valiant\n|-supereffective|p2a: Iron Valiant\n|-damage|p2a: Iron Valiant|0 fnt\n|faint|p2a: Iron Valiant\n|-end|p2a: Iron Valiant|Quark Drive|[silent]\n|\n|upkeep\n|\n|t:|1700838932\n|switch|p2a: HE IS HIM|Garganacl, M, tera:Water|89\/100\n|-activate|p2a: HE IS HIM|move: Sticky Web\n|-unboost|p2a: HE IS HIM|spe|1\n|turn|15\n|\n|t:|1700838939\n|move|p1a: Azumarill|Play Rough|p2a: HE IS HIM\n|-damage|p2a: HE IS HIM|43\/100\n|move|p2a: HE IS HIM|Salt Cure|p1a: Azumarill\n|-damage|p1a: Azumarill|86\/100\n|-start|p1a: Azumarill|Salt Cure\n|\n|-heal|p2a: HE IS HIM|49\/100|[from] item: Leftovers\n|-damage|p1a: Azumarill|61\/100|[from] Salt Cure\n|upkeep\n|turn|16\n|\n|t:|1700838947\n|switch|p1a: Dragonite|Dragonite, M, shiny|100\/100\n|move|p2a: HE IS HIM|Recover|p2a: HE IS HIM\n|-heal|p2a: HE IS HIM|99\/100\n|\n|-heal|p2a: HE IS HIM|100\/100|[from] item: Leftovers\n|upkeep\n|turn|17\n|inactive|VikontAlu has 90 seconds left.\n|\n|t:|1700838956\n|move|p1a: Dragonite|Encore|p2a: HE IS HIM\n|-start|p2a: HE IS HIM|Encore\n|move|p2a: HE IS HIM|Recover||[still]\n|-fail|p2a: HE IS HIM|heal\n|\n|upkeep\n|turn|18\n|\n|t:|1700838965\n|switch|p2a: GOLDENGO|Gholdengo|100\/100\n|-item|p2a: GOLDENGO|Air Balloon\n|move|p1a: Dragonite|Dragon Dance|p1a: Dragonite\n|-boost|p1a: Dragonite|atk|1\n|-boost|p1a: Dragonite|spe|1\n|\n|upkeep\n|turn|19\n|inactive|VikontAlu has 90 seconds left.\n|\n|t:|1700838993\n|switch|p1a: Ribombee|Ribombee, F, shiny|74\/100\n|move|p2a: GOLDENGO|Nasty Plot|p2a: GOLDENGO\n|-boost|p2a: GOLDENGO|spa|2\n|\n|upkeep\n|turn|20\n|\n|t:|1700839000\n|move|p1a: Ribombee|Moonblast|p2a: GOLDENGO\n|-resisted|p2a: GOLDENGO\n|-damage|p2a: GOLDENGO|79\/100\n|-unboost|p2a: GOLDENGO|spa|1\n|-enditem|p2a: GOLDENGO|Air Balloon\n|move|p2a: GOLDENGO|Make It Rain|p1a: Ribombee\n|-supereffective|p1a: Ribombee\n|-damage|p1a: Ribombee|0 fnt\n|-unboost|p2a: GOLDENGO|spa|1\n|faint|p1a: Ribombee\n|\n|upkeep\n|inactive|Xtern has 120 seconds left.\n|\n|t:|1700839032\n|switch|p1a: Cinderace|Cinderace, M, shiny|67\/100\n|turn|21\n|\n|t:|1700839037\n|switch|p2a: HE IS HIM|Garganacl, M, tera:Water|100\/100\n|-activate|p2a: HE IS HIM|move: Sticky Web\n|-unboost|p2a: HE IS HIM|spe|1\n|move|p1a: Cinderace|Pyro Ball|p2a: HE IS HIM\n|-resisted|p2a: HE IS HIM\n|-damage|p2a: HE IS HIM|84\/100\n|\n|-heal|p2a: HE IS HIM|90\/100|[from] item: Leftovers\n|upkeep\n|turn|22\n|\n|t:|1700839048\n|move|p1a: Cinderace|High Jump Kick|p2a: HE IS HIM\n|-start|p1a: Cinderace|typechange|Fighting|[from] ability: Libero\n|-damage|p2a: HE IS HIM|55\/100\n|move|p2a: HE IS HIM|Salt Cure|p1a: Cinderace\n|-resisted|p1a: Cinderace\n|-damage|p1a: Cinderace|56\/100\n|-start|p1a: Cinderace|Salt Cure\n|\n|-heal|p2a: HE IS HIM|62\/100|[from] item: Leftovers\n|-damage|p1a: Cinderace|43\/100|[from] Salt Cure\n|upkeep\n|turn|23\n|\n|t:|1700839059\n|move|p1a: Cinderace|U-turn|p2a: HE IS HIM\n|-damage|p2a: HE IS HIM|49\/100\n|\n|t:|1700839060\n|switch|p1a: Dragonite|Dragonite, M, shiny|100\/100|[from] U-turn\n|move|p2a: HE IS HIM|Recover|p2a: HE IS HIM\n|-heal|p2a: HE IS HIM|99\/100\n|\n|-heal|p2a: HE IS HIM|100\/100|[from] item: Leftovers\n|upkeep\n|turn|24\n|\n|t:|1700839068\n|move|p1a: Dragonite|Dragon Dance|p1a: Dragonite\n|-boost|p1a: Dragonite|atk|1\n|-boost|p1a: Dragonite|spe|1\n|move|p2a: HE IS HIM|Salt Cure|p1a: Dragonite\n|-supereffective|p1a: Dragonite\n|-damage|p1a: Dragonite|85\/100\n|-start|p1a: Dragonite|Salt Cure\n|\n|-damage|p1a: Dragonite|73\/100|[from] Salt Cure\n|upkeep\n|turn|25\n|inactive|VikontAlu has 120 seconds left.\n|\n|t:|1700839080\n|move|p1a: Dragonite|Dragon Dance|p1a: Dragonite\n|-boost|p1a: Dragonite|atk|1\n|-boost|p1a: Dragonite|spe|1\n|move|p2a: HE IS HIM|Curse|p2a: HE IS HIM\n|-unboost|p2a: HE IS HIM|spe|1\n|-boost|p2a: HE IS HIM|atk|1\n|-boost|p2a: HE IS HIM|def|1\n|\n|-damage|p1a: Dragonite|61\/100|[from] Salt Cure\n|upkeep\n|turn|26\n|inactive|VikontAlu has 120 seconds left.\n|\n|t:|1700839094\n|move|p1a: Dragonite|Encore|p2a: HE IS HIM\n|-start|p2a: HE IS HIM|Encore\n|move|p2a: HE IS HIM|Curse|p2a: HE IS HIM\n|-unboost|p2a: HE IS HIM|spe|1\n|-boost|p2a: HE IS HIM|atk|1\n|-boost|p2a: HE IS HIM|def|1\n|\n|-damage|p1a: Dragonite|48\/100|[from] Salt Cure\n|upkeep\n|turn|27\n|\n|t:|1700839102\n|move|p1a: Dragonite|Earthquake|p2a: HE IS HIM\n|-damage|p2a: HE IS HIM|78\/100\n|move|p2a: HE IS HIM|Curse|p2a: HE IS HIM\n|-unboost|p2a: HE IS HIM|spe|1\n|-boost|p2a: HE IS HIM|atk|1\n|-boost|p2a: HE IS HIM|def|1\n|\n|-heal|p2a: HE IS HIM|84\/100|[from] item: Leftovers\n|-damage|p1a: Dragonite|36\/100|[from] Salt Cure\n|upkeep\n|turn|28\n|\n|t:|1700839111\n|switch|p1a: Gallade|Gallade, M, shiny|71\/100\n|move|p2a: HE IS HIM|Curse|p2a: HE IS HIM\n|-unboost|p2a: HE IS HIM|spe|1\n|-boost|p2a: HE IS HIM|atk|1\n|-boost|p2a: HE IS HIM|def|1\n|\n|-heal|p1a: Gallade|77\/100|[from] item: Leftovers\n|-heal|p2a: HE IS HIM|90\/100|[from] item: Leftovers\n|-end|p2a: HE IS HIM|Encore\n|upkeep\n|turn|29\n|\n|t:|1700839122\n|move|p1a: Gallade|Sacred Sword|p2a: HE IS HIM\n|-damage|p2a: HE IS HIM|47\/100\n|move|p2a: HE IS HIM|Salt Cure|p1a: Gallade\n|-resisted|p1a: Gallade\n|-damage|p1a: Gallade|39\/100\n|-start|p1a: Gallade|Salt Cure\n|\n|-heal|p1a: Gallade|46\/100|[from] item: Leftovers\n|-heal|p2a: HE IS HIM|53\/100|[from] item: Leftovers\n|-damage|p1a: Gallade|33\/100|[from] Salt Cure\n|upkeep\n|turn|30\n|\n|t:|1700839134\n|switch|p1a: Dragonite|Dragonite, M, shiny|36\/100\n|move|p2a: HE IS HIM|Recover|p2a: HE IS HIM\n|-heal|p2a: HE IS HIM|100\/100\n|\n|upkeep\n|turn|31\n|\n|t:|1700839139\n|move|p1a: Dragonite|Dragon Dance|p1a: Dragonite\n|-boost|p1a: Dragonite|atk|1\n|-boost|p1a: Dragonite|spe|1\n|move|p2a: HE IS HIM|Salt Cure|p1a: Dragonite\n|-supereffective|p1a: Dragonite\n|-damage|p1a: Dragonite|0 fnt\n|faint|p1a: Dragonite\n|\n|upkeep\n|\n|t:|1700839149\n|switch|p1a: Azumarill|Azumarill, F, shiny|61\/100\n|turn|32\n|\n|t:|1700839172\n|move|p1a: Azumarill|Knock Off|p2a: HE IS HIM\n|-damage|p2a: HE IS HIM|88\/100\n|-enditem|p2a: HE IS HIM|Leftovers|[from] move: Knock Off|[of] p1a: Azumarill\n|move|p2a: HE IS HIM|Salt Cure|p1a: Azumarill\n|-damage|p1a: Azumarill|20\/100\n|-start|p1a: Azumarill|Salt Cure\n|\n|-damage|p1a: Azumarill|0 fnt|[from] Salt Cure\n|faint|p1a: Azumarill\n|upkeep\n|\n|t:|1700839177\n|switch|p1a: Gallade|Gallade, M, shiny|33\/100\n|turn|33\n|\n|t:|1700839183\n|move|p1a: Gallade|Sacred Sword|p2a: HE IS HIM\n|-damage|p2a: HE IS HIM|47\/100\n|move|p2a: HE IS HIM|Salt Cure|p1a: Gallade\n|-resisted|p1a: Gallade\n|-damage|p1a: Gallade|0 fnt\n|faint|p1a: Gallade\n|\n|upkeep\n|-message|Xtern forfeited.\n|\n|win|VikontAlu\n|raw|Xtern's rating: 1174 &rarr; <strong>1152<\/strong><br \/>(-22 for losing)\n|raw|VikontAlu's rating: 1213 &rarr; <strong>1235<\/strong><br \/>(+22 for winning)\n|l|\u2606Xtern\n|c|\u2606VikontAlu|My speed is 30 brother\n","uploadtime":1700839208,"views":25,"p1id":"xtern","p2id":"vikontalu","formatid":"gen9ou","rating":1152,"private":0,"password":""}