{"id":"gen9ou-1989013471","p1":"Ultra Swole Slam","p2":"FIREER","format":"[Gen 9] OU","log":"|j|\u2606Ultra Swole Slam\n|j|\u2606FIREER\n|t:|1699802208\n|gametype|singles\n|player|p1|Ultra Swole Slam|bede-masters|1336\n|player|p2|FIREER|roughneck-gen4|1231\n|teamsize|p1|6\n|teamsize|p2|6\n|gen|9\n|tier|[Gen 9] OU\n|rated|\n|rule|Sleep Clause Mod: Limit one foe put to sleep\n|rule|Species Clause: Limit one of each Pok\u00e9mon\n|rule|OHKO Clause: OHKO moves are banned\n|rule|Evasion Items Clause: Evasion items are banned\n|rule|Evasion Moves Clause: Evasion moves are banned\n|rule|Endless Battle Clause: Forcing endless battles is banned\n|rule|HP Percentage Mod: HP is shown in percentages\n|clearpoke\n|poke|p1|Torkoal, M|\n|poke|p1|Walking Wake|\n|poke|p1|Great Tusk|\n|poke|p1|Iron Moth|\n|poke|p1|Enamorus, F|\n|poke|p1|Ceruledge, M|\n|poke|p2|Iron Moth|\n|poke|p2|Amoonguss, F|\n|poke|p2|Kommo-o, M|\n|poke|p2|Kingambit, M|\n|poke|p2|Azumarill, M|\n|poke|p2|Thundurus-Therian, M|\n|teampreview\n|inactive|Battle timer is ON: inactive players will automatically lose when time's up. (requested by Ultra Swole Slam)\n|\n|t:|1699802220\n|start\n|switch|p1a: Torkoal|Torkoal, M|100\/100\n|switch|p2a: Torrent|Azumarill, M, shiny|100\/100\n|-weather|SunnyDay|[from] ability: Drought|[of] p1a: Torkoal\n|turn|1\n|\n|t:|1699802235\n|move|p2a: Torrent|Belly Drum|p2a: Torrent\n|-damage|p2a: Torrent|50\/100\n|-setboost|p2a: Torrent|atk|6|[from] move: Belly Drum\n|-enditem|p2a: Torrent|Sitrus Berry|[eat]\n|-heal|p2a: Torrent|75\/100|[from] item: Sitrus Berry\n|move|p1a: Torkoal|Yawn|p2a: Torrent\n|-start|p2a: Torrent|move: Yawn|[of] p1a: Torkoal\n|\n|-weather|SunnyDay|[upkeep]\n|upkeep\n|turn|2\n|\n|t:|1699802249\n|move|p2a: Torrent|Play Rough|p1a: Torkoal\n|-resisted|p1a: Torkoal\n|-damage|p1a: Torkoal|41\/100\n|move|p1a: Torkoal|Rapid Spin|p2a: Torrent\n|-damage|p2a: Torrent|65\/100\n|-boost|p1a: Torkoal|spe|1\n|\n|-weather|SunnyDay|[upkeep]\n|-end|p2a: Torrent|move: Yawn|[silent]\n|-status|p2a: Torrent|slp\n|upkeep\n|turn|3\n|\n|t:|1699802254\n|switch|p1a: Iron Moth|Iron Moth|100\/100\n|-enditem|p1a: Iron Moth|Booster Energy\n|-activate|p1a: Iron Moth|ability: Quark Drive|[fromitem]\n|-start|p1a: Iron Moth|quarkdrivespe\n|cant|p2a: Torrent|slp\n|\n|-weather|SunnyDay|[upkeep]\n|upkeep\n|turn|4\n|\n|t:|1699802264\n|cant|p2a: Torrent|slp\n|move|p1a: Iron Moth|Sludge Wave|p2a: Torrent\n|-supereffective|p2a: Torrent\n|-damage|p2a: Torrent|0 fnt\n|faint|p2a: Torrent\n|\n|-weather|SunnyDay|[upkeep]\n|upkeep\n|\n|t:|1699802271\n|switch|p2a: Symbolism|Iron Moth|100\/100\n|-enditem|p2a: Symbolism|Booster Energy\n|-activate|p2a: Symbolism|ability: Quark Drive|[fromitem]\n|-start|p2a: Symbolism|quarkdrivespe\n|turn|5\n|\n|t:|1699802279\n|move|p1a: Iron Moth|Fiery Dance|p2a: Symbolism\n|-resisted|p2a: Symbolism\n|-damage|p2a: Symbolism|68\/100\n|-boost|p1a: Iron Moth|spa|1\n|move|p2a: Symbolism|Substitute|p2a: Symbolism\n|-start|p2a: Symbolism|Substitute\n|-damage|p2a: Symbolism|43\/100\n|\n|-weather|SunnyDay|[upkeep]\n|upkeep\n|turn|6\n|\n|t:|1699802288\n|move|p2a: Symbolism|Fiery Dance|p1a: Iron Moth\n|-resisted|p1a: Iron Moth\n|-damage|p1a: Iron Moth|68\/100\n|-boost|p2a: Symbolism|spa|1\n|move|p1a: Iron Moth|Fiery Dance|p2a: Symbolism\n|-resisted|p2a: Symbolism\n|-end|p2a: Symbolism|Substitute\n|-boost|p1a: Iron Moth|spa|1\n|\n|-weather|SunnyDay|[upkeep]\n|upkeep\n|turn|7\n|\n|t:|1699802300\n|move|p1a: Iron Moth|Fiery Dance|p2a: Symbolism\n|-resisted|p2a: Symbolism\n|-damage|p2a: Symbolism|0 fnt\n|faint|p2a: Symbolism\n|-end|p2a: Symbolism|Quark Drive|[silent]\n|\n|-weather|SunnyDay|[upkeep]\n|upkeep\n|\n|t:|1699802319\n|switch|p2a: Overgod|Kingambit, M, shiny|100\/100\n|-activate|p2a: Overgod|ability: Supreme Overlord\n|-start|p2a: Overgod|fallen2|[silent]\n|turn|8\n|\n|t:|1699802330\n|move|p2a: Overgod|Sucker Punch||[still]\n|-fail|p2a: Overgod\n|move|p1a: Iron Moth|Substitute|p1a: Iron Moth\n|-start|p1a: Iron Moth|Substitute\n|-damage|p1a: Iron Moth|43\/100\n|\n|-weather|none\n|upkeep\n|turn|9\n|\n|t:|1699802342\n|move|p2a: Overgod|Sucker Punch|p1a: Iron Moth\n|-end|p1a: Iron Moth|Substitute\n|move|p1a: Iron Moth|Fiery Dance|p2a: Overgod\n|-supereffective|p2a: Overgod\n|-damage|p2a: Overgod|0 fnt\n|-boost|p1a: Iron Moth|spa|1\n|faint|p2a: Overgod\n|-end|p2a: Overgod|fallen2|[silent]\n|\n|upkeep\n|\n|t:|1699802356\n|switch|p2a: Zeus|Thundurus-Therian, M|100\/100\n|turn|10\n|\n|t:|1699802369\n|move|p1a: Iron Moth|Sludge Wave|p2a: Zeus\n|-damage|p2a: Zeus|0 fnt\n|faint|p2a: Zeus\n|\n|upkeep\n|\n|t:|1699802374\n|switch|p2a: Gusgus|Amoonguss, F, shiny|100\/100\n|turn|11\n|\n|t:|1699802393\n|move|p1a: Iron Moth|Substitute|p1a: Iron Moth\n|-start|p1a: Iron Moth|Substitute\n|-damage|p1a: Iron Moth|18\/100\n|move|p2a: Gusgus|Clear Smog|p1a: Iron Moth\n|-resisted|p1a: Iron Moth\n|-activate|p1a: Iron Moth|move: Substitute|[damage]\n|\n|upkeep\n|turn|12\n|\n|t:|1699802408\n|move|p1a: Iron Moth|Fiery Dance|p2a: Gusgus\n|-supereffective|p2a: Gusgus\n|-damage|p2a: Gusgus|0 fnt\n|faint|p2a: Gusgus\n|\n|upkeep\n|\n|t:|1699802413\n|switch|p2a: Godzilla|Kommo-o, M, shiny|100\/100\n|turn|13\n|c|\u2606FIREER|Gg\n|c|\u2606Ultra Swole Slam|gg\n|\n|t:|1699802429\n|-terastallize|p2a: Godzilla|Normal\n|move|p1a: Iron Moth|Sludge Wave|p2a: Godzilla\n|-damage|p2a: Godzilla|0 fnt\n|faint|p2a: Godzilla\n|\n|win|Ultra Swole Slam\n|raw|Ultra Swole Slam's rating: 1336 &rarr; <strong>1350<\/strong><br \/>(+14 for winning)\n|raw|FIREER's rating: 1231 &rarr; <strong>1213<\/strong><br \/>(-18 for losing)\n","uploadtime":1699802436,"views":14,"p1id":"ultraswoleslam","p2id":"fireer","formatid":"gen9ou","rating":1213,"private":0,"password":""}