{"id":"gen9ou-1997166515","p1":"rtytrytr","p2":"artik33","format":"[Gen 9] OU","log":"|j|\u2606rtytrytr\n|j|\u2606artik33\n|t:|1700771311\n|gametype|singles\n|player|p1|rtytrytr|101|1132\n|player|p2|artik33|colress|1114\n|teamsize|p1|6\n|teamsize|p2|6\n|gen|9\n|tier|[Gen 9] OU\n|rated|\n|rule|Sleep Clause Mod: Limit one foe put to sleep\n|rule|Species Clause: Limit one of each Pok\u00e9mon\n|rule|OHKO Clause: OHKO moves are banned\n|rule|Evasion Items Clause: Evasion items are banned\n|rule|Evasion Moves Clause: Evasion moves are banned\n|rule|Endless Battle Clause: Forcing endless battles is banned\n|rule|HP Percentage Mod: HP is shown in percentages\n|clearpoke\n|poke|p1|Ribombee, M|\n|poke|p1|Gholdengo|\n|poke|p1|Samurott-Hisui, F|\n|poke|p1|Thundurus-Therian, M|\n|poke|p1|Arcanine-Hisui, M|\n|poke|p1|Ceruledge, F|\n|poke|p2|Gholdengo|\n|poke|p2|Moltres|\n|poke|p2|Walking Wake|\n|poke|p2|Hatterene, F|\n|poke|p2|Glimmora, F|\n|poke|p2|Ceruledge, F|\n|teampreview\n|inactive|Battle timer is ON: inactive players will automatically lose when time's up. (requested by artik33)\n|\n|t:|1700771319\n|start\n|switch|p1a: Ribombee|Ribombee, M|100\/100\n|switch|p2a: Hatterene|Hatterene, F|100\/100\n|turn|1\n|\n|t:|1700771325\n|move|p1a: Ribombee|Skill Swap|p2a: Hatterene\n|-activate|p1a: Ribombee|move: Skill Swap|Magic Bounce|Shield Dust|[of] p2a: Hatterene\n|move|p2a: Hatterene|Mystical Fire|p1a: Ribombee\n|-supereffective|p1a: Ribombee\n|-damage|p1a: Ribombee|1\/100\n|-unboost|p1a: Ribombee|spa|1\n|\n|upkeep\n|turn|2\n|\n|t:|1700771336\n|switch|p2a: Glimmora|Glimmora, F|100\/100\n|move|p1a: Ribombee|Sticky Web|p2a: Glimmora\n|-sidestart|p2: artik33|move: Sticky Web\n|\n|upkeep\n|turn|3\n|\n|t:|1700771345\n|move|p1a: Ribombee|Psychic|p2a: Glimmora\n|-supereffective|p2a: Glimmora\n|-damage|p2a: Glimmora|58\/100\n|move|p2a: Glimmora|Earth Power|p1a: Ribombee\n|-resisted|p1a: Ribombee\n|-damage|p1a: Ribombee|0 fnt\n|faint|p1a: Ribombee\n|\n|upkeep\n|\n|t:|1700771362\n|switch|p1a: Gholdengo|Gholdengo|100\/100\n|-item|p1a: Gholdengo|Air Balloon\n|turn|4\n|\n|t:|1700771377\n|switch|p2a: Moltres|Moltres|100\/100\n|move|p1a: Gholdengo|Make It Rain|p2a: Moltres\n|-resisted|p2a: Moltres\n|-damage|p2a: Moltres|69\/100\n|-unboost|p1a: Gholdengo|spa|1\n|\n|upkeep\n|turn|5\n|\n|t:|1700771384\n|switch|p1a: Arcanine|Arcanine-Hisui, M|100\/100\n|move|p2a: Moltres|U-turn|p1a: Arcanine\n|-resisted|p1a: Arcanine\n|-damage|p1a: Arcanine|92\/100\n|\n|t:|1700771406\n|switch|p2a: Ceruledge|Ceruledge, F|100\/100|[from] U-turn\n|-activate|p2a: Ceruledge|move: Sticky Web\n|-unboost|p2a: Ceruledge|spe|1\n|\n|upkeep\n|turn|6\n|\n|t:|1700771410\n|move|p1a: Arcanine|Head Smash|p2a: Ceruledge\n|-supereffective|p2a: Ceruledge\n|-enditem|p2a: Ceruledge|Focus Sash\n|-damage|p2a: Ceruledge|1\/100\n|move|p2a: Ceruledge|Poltergeist|p1a: Arcanine\n|-activate|p1a: Arcanine|move: Poltergeist|Choice Band\n|-crit|p1a: Arcanine\n|-damage|p1a: Arcanine|0 fnt\n|faint|p1a: Arcanine\n|\n|upkeep\n|\n|t:|1700771425\n|switch|p1a: Thundurus|Thundurus-Therian, M|100\/100\n|turn|7\n|\n|t:|1700771434\n|move|p1a: Thundurus|Thunderbolt|p2a: Ceruledge\n|-damage|p2a: Ceruledge|0 fnt\n|faint|p2a: Ceruledge\n|\n|upkeep\n|\n|t:|1700771441\n|switch|p2a: Hatterene|Hatterene, F|100\/100\n|-activate|p2a: Hatterene|move: Sticky Web\n|-unboost|p2a: Hatterene|spe|1\n|turn|8\n|\n|t:|1700771449\n|move|p1a: Thundurus|Thunderbolt|p2a: Hatterene\n|-damage|p2a: Hatterene|20\/100\n|move|p2a: Hatterene|Mystical Fire|p1a: Thundurus\n|-damage|p1a: Thundurus|58\/100\n|-unboost|p1a: Thundurus|spa|1\n|\n|-heal|p2a: Hatterene|26\/100|[from] item: Leftovers\n|upkeep\n|turn|9\n|\n|t:|1700771458\n|switch|p1a: Samurott|Samurott-Hisui, F|100\/100\n|move|p2a: Hatterene|Draining Kiss|p1a: Samurott\n|-supereffective|p1a: Samurott\n|-damage|p1a: Samurott|0 fnt\n|-heal|p2a: Hatterene|100\/100|[from] drain|[of] p1a: Samurott\n|faint|p1a: Samurott\n|\n|upkeep\n|\n|t:|1700771465\n|switch|p1a: Ceruledge|Ceruledge, F|100\/100\n|turn|10\n|\n|t:|1700771468\n|move|p1a: Ceruledge|Poltergeist|p2a: Hatterene\n|-activate|p2a: Hatterene|move: Poltergeist|Leftovers\n|-supereffective|p2a: Hatterene\n|-damage|p2a: Hatterene|0 fnt\n|faint|p2a: Hatterene\n|\n|upkeep\n|\n|t:|1700771479\n|switch|p2a: Moltres|Moltres|69\/100\n|turn|11\n|\n|t:|1700771487\n|move|p1a: Ceruledge|Swords Dance|p1a: Ceruledge\n|-boost|p1a: Ceruledge|atk|2\n|move|p2a: Moltres|Roost|p2a: Moltres\n|-heal|p2a: Moltres|100\/100\n|-singleturn|p2a: Moltres|move: Roost\n|\n|upkeep\n|turn|12\n|\n|t:|1700771491\n|move|p1a: Ceruledge|Poltergeist|p2a: Moltres\n|-activate|p2a: Moltres|move: Poltergeist|Heavy-Duty Boots\n|-damage|p2a: Moltres|19\/100\n|move|p2a: Moltres|U-turn|p1a: Ceruledge\n|-resisted|p1a: Ceruledge\n|-damage|p1a: Ceruledge|96\/100\n|-ability|p1a: Ceruledge|Weak Armor|boost\n|-unboost|p1a: Ceruledge|def|1\n|-boost|p1a: Ceruledge|spe|2\n|-message|artik33 forfeited.\n|\n|win|rtytrytr\n|raw|rtytrytr's rating: 1132 &rarr; <strong>1156<\/strong><br \/>(+24 for winning)\n|raw|artik33's rating: 1114 &rarr; <strong>1090<\/strong><br \/>(-24 for losing)\n|l|\u2606artik33\n","uploadtime":1700771503,"views":5,"p1id":"rtytrytr","p2id":"artik33","formatid":"gen9ou","rating":1090,"private":0,"password":""}