{"id":"gen9ou-1992238227","p1":"CalistoYew21","p2":"dusteet","format":"[Gen 9] OU","log":"|j|\u2606CalistoYew21\n|j|\u2606dusteet\n|t:|1700166602\n|gametype|singles\n|player|p1|CalistoYew21|mars|1329\n|player|p2|dusteet|karen|1352\n|teamsize|p1|6\n|teamsize|p2|6\n|gen|9\n|tier|[Gen 9] OU\n|rated|\n|rule|Sleep Clause Mod: Limit one foe put to sleep\n|rule|Species Clause: Limit one of each Pok\u00e9mon\n|rule|OHKO Clause: OHKO moves are banned\n|rule|Evasion Items Clause: Evasion items are banned\n|rule|Evasion Moves Clause: Evasion moves are banned\n|rule|Endless Battle Clause: Forcing endless battles is banned\n|rule|HP Percentage Mod: HP is shown in percentages\n|clearpoke\n|poke|p1|Poliwrath, F|\n|poke|p1|Pelipper, M|\n|poke|p1|Overqwil, M|\n|poke|p1|Rillaboom, F|\n|poke|p1|Iron Treads|\n|poke|p1|Zapdos|\n|poke|p2|Rillaboom, F|\n|poke|p2|Garganacl, F|\n|poke|p2|Great Tusk|\n|poke|p2|Heatran, F|\n|poke|p2|Zapdos|\n|poke|p2|Walking Wake|\n|teampreview\n|inactive|Battle timer is ON: inactive players will automatically lose when time's up. (requested by CalistoYew21)\n|\n|t:|1700166663\n|start\n|switch|p1a: Amilcare|Pelipper, M|100\/100\n|switch|p2a: Garganacl|Garganacl, F|100\/100\n|-weather|RainDance|[from] ability: Drizzle|[of] p1a: Amilcare\n|turn|1\n|\n|t:|1700166669\n|-terastallize|p2a: Garganacl|Fairy\n|move|p1a: Amilcare|Surf|p2a: Garganacl\n|-damage|p2a: Garganacl|70\/100\n|move|p2a: Garganacl|Iron Defense|p2a: Garganacl\n|-boost|p2a: Garganacl|def|2\n|\n|-weather|RainDance|[upkeep]\n|-heal|p2a: Garganacl|76\/100|[from] item: Leftovers\n|upkeep\n|turn|2\n|c|\u2606CalistoYew21|come on you already want to end this game\n|c|\u2606dusteet|LOL\n|\n|t:|1700166693\n|move|p1a: Amilcare|U-turn|p2a: Garganacl\n|-resisted|p2a: Garganacl\n|-crit|p2a: Garganacl\n|-damage|p2a: Garganacl|72\/100\n|\n|t:|1700166702\n|switch|p1a: Cortisone|Overqwil, M|100\/100|[from] U-turn\n|move|p2a: Garganacl|Iron Defense|p2a: Garganacl\n|-boost|p2a: Garganacl|def|2\n|\n|-weather|RainDance|[upkeep]\n|-heal|p2a: Garganacl|78\/100|[from] item: Leftovers\n|upkeep\n|turn|3\n|\n|t:|1700166708\n|move|p1a: Cortisone|Swords Dance|p1a: Cortisone\n|-boost|p1a: Cortisone|atk|2\n|move|p2a: Garganacl|Iron Defense|p2a: Garganacl\n|-boost|p2a: Garganacl|def|2\n|\n|-weather|RainDance|[upkeep]\n|-heal|p2a: Garganacl|84\/100|[from] item: Leftovers\n|upkeep\n|turn|4\n|\n|t:|1700166712\n|move|p1a: Cortisone|Swords Dance|p1a: Cortisone\n|-boost|p1a: Cortisone|atk|2\n|move|p2a: Garganacl|Body Press|p1a: Cortisone\n|-crit|p1a: Cortisone\n|-damage|p1a: Cortisone|0 fnt\n|faint|p1a: Cortisone\n|\n|-weather|RainDance|[upkeep]\n|-heal|p2a: Garganacl|91\/100|[from] item: Leftovers\n|upkeep\n|\n|t:|1700166721\n|switch|p1a: SereTempestose|Zapdos|100\/100\n|turn|5\n|\n|t:|1700166728\n|move|p1a: SereTempestose|Hurricane|p2a: Garganacl\n|-damage|p2a: Garganacl|56\/100\n|move|p2a: Garganacl|Salt Cure|p1a: SereTempestose\n|-supereffective|p1a: SereTempestose\n|-crit|p1a: SereTempestose\n|-damage|p1a: SereTempestose|51\/100\n|-start|p1a: SereTempestose|Salt Cure\n|\n|-weather|RainDance|[upkeep]\n|-heal|p2a: Garganacl|62\/100|[from] item: Leftovers\n|-damage|p1a: SereTempestose|39\/100|[from] Salt Cure\n|upkeep\n|turn|6\n|\n|t:|1700166733\n|move|p1a: SereTempestose|Hurricane|p2a: Garganacl\n|-damage|p2a: Garganacl|27\/100\n|move|p2a: Garganacl|Recover|p2a: Garganacl\n|-heal|p2a: Garganacl|77\/100\n|\n|-weather|RainDance|[upkeep]\n|-heal|p2a: Garganacl|83\/100|[from] item: Leftovers\n|-damage|p1a: SereTempestose|26\/100|[from] Salt Cure\n|upkeep\n|turn|7\n|c|\u2606CalistoYew21|i don't have nothing unfortunatly\n|c|\u2606CalistoYew21|lucky for you\n|c|\u2606dusteet|yeahhhhhhh\n|-message|CalistoYew21 forfeited.\n|\n|win|dusteet\n|raw|CalistoYew21's rating: 1329 &rarr; <strong>1310<\/strong><br \/>(-19 for losing)\n|raw|dusteet's rating: 1352 &rarr; <strong>1371<\/strong><br \/>(+19 for winning)\n|l|\u2606CalistoYew21\n|c|\u2606dusteet|i kinda saw that\n|c|\u2606dusteet|ggs\n","uploadtime":1700166761,"views":39,"p1id":"calistoyew21","p2id":"dusteet","formatid":"gen9ou","rating":1310,"private":0,"password":""}