{"id":"gen9ou-1995484496","p1":"Skaraptor2.1","p2":"JabobFrog2","format":"[Gen 9] OU","log":"|j|\u2606Skaraptor2.1\n|j|\u2606JabobFrog2\n|t:|1700575911\n|gametype|singles\n|player|p1|Skaraptor2.1|bodybuilderf-gen9|1274\n|player|p2|JabobFrog2|blackbelt|1192\n|teamsize|p1|6\n|teamsize|p2|6\n|gen|9\n|tier|[Gen 9] OU\n|rated|\n|rule|Sleep Clause Mod: Limit one foe put to sleep\n|rule|Species Clause: Limit one of each Pok\u00e9mon\n|rule|OHKO Clause: OHKO moves are banned\n|rule|Evasion Items Clause: Evasion items are banned\n|rule|Evasion Moves Clause: Evasion moves are banned\n|rule|Endless Battle Clause: Forcing endless battles is banned\n|rule|HP Percentage Mod: HP is shown in percentages\n|clearpoke\n|poke|p1|Ribombee, M|\n|poke|p1|Ogerpon-Wellspring, F|\n|poke|p1|Tsareena, F|\n|poke|p1|Zamazenta-*|\n|poke|p1|Iron Valiant|\n|poke|p1|Kingambit, F|\n|poke|p2|Hawlucha, M|\n|poke|p2|Rillaboom, F|\n|poke|p2|Ribombee, M|\n|poke|p2|Dragapult, M|\n|poke|p2|Kingambit, M|\n|poke|p2|Maushold|\n|teampreview\n|inactive|Battle timer is ON: inactive players will automatically lose when time's up. (requested by Skaraptor2.1)\n|\n|t:|1700575926\n|start\n|switch|p1a: The Queen|Tsareena, F|100\/100\n|switch|p2a: Ribombee|Ribombee, M|100\/100\n|turn|1\n|\n|t:|1700575935\n|move|p2a: Ribombee|Sticky Web|p1a: The Queen\n|-sidestart|p1: Skaraptor2.1|move: Sticky Web\n|move|p1a: The Queen|Rapid Spin|p2a: Ribombee\n|-damage|p2a: Ribombee|64\/100\n|-boost|p1a: The Queen|spe|1\n|-sideend|p1: Skaraptor2.1|Sticky Web|[from] move: Rapid Spin|[of] p1a: The Queen\n|\n|upkeep\n|turn|2\n|\n|t:|1700575943\n|switch|p2a: Rillaboom|Rillaboom, F|100\/100\n|-fieldstart|move: Grassy Terrain|[from] ability: Grassy Surge|[of] p2a: Rillaboom\n|move|p1a: The Queen|Play Rough|p2a: Rillaboom\n|-damage|p2a: Rillaboom|71\/100\n|\n|-heal|p2a: Rillaboom|77\/100|[from] Grassy Terrain\n|upkeep\n|turn|3\n|\n|t:|1700575949\n|move|p2a: Rillaboom|Fake Out||[still]\n|cant|p1a: The Queen|ability: Queenly Majesty|Fake Out|[of] p2a: Rillaboom\n|move|p1a: The Queen|Knock Off|p2a: Rillaboom\n|-damage|p2a: Rillaboom|47\/100\n|-enditem|p2a: Rillaboom|Assault Vest|[from] move: Knock Off|[of] p1a: The Queen\n|\n|-heal|p2a: Rillaboom|53\/100|[from] Grassy Terrain\n|upkeep\n|turn|4\n|\n|t:|1700575956\n|move|p1a: The Queen|Trop Kick|p2a: Rillaboom\n|-resisted|p2a: Rillaboom\n|-damage|p2a: Rillaboom|30\/100\n|-unboost|p2a: Rillaboom|atk|1\n|move|p2a: Rillaboom|Drain Punch|p1a: The Queen\n|-damage|p1a: The Queen|82\/100\n|-heal|p2a: Rillaboom|38\/100|[from] drain|[of] p1a: The Queen\n|\n|-heal|p1a: The Queen|88\/100|[from] Grassy Terrain\n|-heal|p2a: Rillaboom|44\/100|[from] Grassy Terrain\n|upkeep\n|turn|5\n|\n|t:|1700575963\n|switch|p2a: Dragapult|Dragapult, M|100\/100\n|move|p1a: The Queen|Trop Kick|p2a: Dragapult\n|-resisted|p2a: Dragapult\n|-damage|p2a: Dragapult|65\/100\n|-unboost|p2a: Dragapult|atk|1\n|\n|-heal|p2a: Dragapult|71\/100|[from] Grassy Terrain\n|-heal|p1a: The Queen|94\/100|[from] Grassy Terrain\n|upkeep\n|turn|6\n|\n|t:|1700575967\n|move|p2a: Dragapult|Draco Meteor|p1a: The Queen\n|-damage|p1a: The Queen|11\/100\n|-unboost|p2a: Dragapult|spa|2\n|move|p1a: The Queen|Play Rough|p2a: Dragapult|[miss]\n|-miss|p1a: The Queen|p2a: Dragapult\n|\n|-heal|p2a: Dragapult|77\/100|[from] Grassy Terrain\n|-heal|p1a: The Queen|17\/100|[from] Grassy Terrain\n|-fieldend|move: Grassy Terrain\n|upkeep\n|turn|7\n|\n|t:|1700575973\n|move|p2a: Dragapult|Draco Meteor|p1a: The Queen\n|-damage|p1a: The Queen|0 fnt\n|-unboost|p2a: Dragapult|spa|2\n|faint|p1a: The Queen\n|\n|upkeep\n|\n|t:|1700575996\n|switch|p1a: Twink|Ribombee, M|100\/100\n|turn|8\n|\n|t:|1700576000\n|switch|p2a: Ribombee|Ribombee, M|64\/100\n|move|p1a: Twink|Moonblast|p2a: Ribombee\n|-damage|p2a: Ribombee|8\/100\n|\n|upkeep\n|turn|9\n|\n|t:|1700576008\n|move|p2a: Ribombee|Sticky Web|p1a: Twink\n|-sidestart|p1: Skaraptor2.1|move: Sticky Web\n|move|p1a: Twink|Sticky Web|p2a: Ribombee\n|-sidestart|p2: JabobFrog2|move: Sticky Web\n|\n|upkeep\n|turn|10\n|j| YJTYGV\n|\n|t:|1700576013\n|switch|p2a: Rillaboom|Rillaboom, F|44\/100\n|-activate|p2a: Rillaboom|move: Sticky Web\n|-unboost|p2a: Rillaboom|spe|1\n|-fieldstart|move: Grassy Terrain|[from] ability: Grassy Surge|[of] p2a: Rillaboom\n|move|p1a: Twink|Moonblast|p2a: Rillaboom\n|-damage|p2a: Rillaboom|8\/100\n|\n|-heal|p2a: Rillaboom|15\/100|[from] Grassy Terrain\n|upkeep\n|turn|11\n|\n|t:|1700576020\n|move|p2a: Rillaboom|Fake Out|p1a: Twink\n|-damage|p1a: Twink|76\/100\n|move|p1a: Twink|Moonblast|p2a: Rillaboom\n|-damage|p2a: Rillaboom|0 fnt\n|faint|p2a: Rillaboom\n|\n|-heal|p1a: Twink|82\/100|[from] Grassy Terrain\n|upkeep\n|j| Ldn xwa\n|\n|t:|1700576028\n|switch|p2a: Maushold|Maushold|100\/100\n|-activate|p2a: Maushold|move: Sticky Web\n|-unboost|p2a: Maushold|spe|1\n|turn|12\n|l| Ldn xwa\n|\n|t:|1700576030\n|move|p1a: Twink|Stun Spore|p2a: Maushold\n|-status|p2a: Maushold|par\n|cant|p2a: Maushold|par\n|\n|-heal|p1a: Twink|88\/100|[from] Grassy Terrain\n|upkeep\n|turn|13\n|\n|t:|1700576034\n|move|p1a: Twink|Moonblast|p2a: Maushold\n|-crit|p2a: Maushold\n|-damage|p2a: Maushold|26\/100 par\n|move|p2a: Maushold|Tidy Up|p2a: Maushold\n|-sideend|p2: JabobFrog2|Sticky Web\n|-sideend|p1: Skaraptor2.1|Sticky Web\n|-activate|p2a: Maushold|move: Tidy Up\n|-boost|p2a: Maushold|atk|1\n|-boost|p2a: Maushold|spe|1\n|\n|-heal|p1a: Twink|95\/100|[from] Grassy Terrain\n|-heal|p2a: Maushold|33\/100 par|[from] Grassy Terrain\n|upkeep\n|turn|14\n|l| YJTYGV\n|\n|t:|1700576040\n|switch|p2a: Ribombee|Ribombee, M|8\/100\n|move|p1a: Twink|Moonblast|p2a: Ribombee\n|-damage|p2a: Ribombee|0 fnt\n|faint|p2a: Ribombee\n|\n|-heal|p1a: Twink|100\/100|[from] Grassy Terrain\n|-fieldend|move: Grassy Terrain\n|upkeep\n|\n|t:|1700576052\n|switch|p2a: Hawlucha|Hawlucha, M|100\/100\n|turn|15\n|\n|t:|1700576061\n|-terastallize|p2a: Hawlucha|Ground\n|move|p1a: Twink|Stun Spore|p2a: Hawlucha\n|-status|p2a: Hawlucha|par\n|move|p2a: Hawlucha|Swords Dance|p2a: Hawlucha\n|-boost|p2a: Hawlucha|atk|2\n|\n|upkeep\n|turn|16\n|j| starxwastaken\n|l| starxwastaken\n|j| Psyspam Enjoyer\n|inactive|Skaraptor2.1 has 120 seconds left.\n|l| Psyspam Enjoyer\n|\n|t:|1700576111\n|move|p1a: Twink|Sticky Web|p2a: Hawlucha\n|-sidestart|p2: JabobFrog2|move: Sticky Web\n|move|p2a: Hawlucha|Fire Punch|p1a: Twink\n|-supereffective|p1a: Twink\n|-enditem|p1a: Twink|Focus Sash\n|-damage|p1a: Twink|1\/100\n|\n|upkeep\n|turn|17\n|\n|t:|1700576118\n|move|p1a: Twink|Stun Spore|p2a: Hawlucha\n|-fail|p2a: Hawlucha|par\n|move|p2a: Hawlucha|Fire Punch|p1a: Twink\n|-supereffective|p1a: Twink\n|-damage|p1a: Twink|0 fnt\n|faint|p1a: Twink\n|\n|upkeep\n|\n|t:|1700576120\n|switch|p1a: Transfem|Ogerpon-Wellspring, F|100\/100\n|turn|18\n|inactive|Skaraptor2.1 has 120 seconds left.\n|\n|t:|1700576128\n|move|p1a: Transfem|Ivy Cudgel|p2a: Hawlucha|[anim] Ivy Cudgel Water\n|-supereffective|p2a: Hawlucha\n|-damage|p2a: Hawlucha|0 fnt\n|faint|p2a: Hawlucha\n|\n|upkeep\n|-message|JabobFrog2 forfeited.\n|\n|win|Skaraptor2.1\n|raw|Skaraptor2.1's rating: 1274 &rarr; <strong>1293<\/strong><br \/>(+19 for winning)\n|raw|JabobFrog2's rating: 1192 &rarr; <strong>1173<\/strong><br \/>(-19 for losing)\n|l|\u2606JabobFrog2\n","uploadtime":1700576134,"views":1,"p1id":"skaraptor21","p2id":"jabobfrog2","formatid":"gen9ou","rating":1173,"private":0,"password":""}