{"id":"gen9ou-1999606801","p1":"Cranberru22","p2":"crocante","format":"[Gen 9] OU","log":"|j|\u2606Cranberru22\n|j|\u2606crocante\n|t:|1701100628\n|gametype|singles\n|player|p1|Cranberru22|101|1092\n|player|p2|crocante|hexmaniac-gen6|1105\n|teamsize|p1|6\n|teamsize|p2|6\n|gen|9\n|tier|[Gen 9] OU\n|rated|\n|rule|Sleep Clause Mod: Limit one foe put to sleep\n|rule|Species Clause: Limit one of each Pok\u00e9mon\n|rule|OHKO Clause: OHKO moves are banned\n|rule|Evasion Items Clause: Evasion items are banned\n|rule|Evasion Moves Clause: Evasion moves are banned\n|rule|Endless Battle Clause: Forcing endless battles is banned\n|rule|HP Percentage Mod: HP is shown in percentages\n|clearpoke\n|poke|p1|Torkoal, F|\n|poke|p1|Charizard, M|\n|poke|p1|Volcanion|\n|poke|p1|Pelipper, F|\n|poke|p1|Beartic, F|\n|poke|p1|Walking Wake|\n|poke|p2|Brambleghast, M|\n|poke|p2|Ceruledge, M|\n|poke|p2|Skeledirge, M|\n|poke|p2|Dragapult, M|\n|poke|p2|Sableye, M|\n|poke|p2|Gengar, M|\n|teampreview\n|inactive|Battle timer is ON: inactive players will automatically lose when time's up. (requested by crocante)\n|\n|t:|1701100716\n|start\n|switch|p1a: Pelipper|Pelipper, F|100\/100\n|switch|p2a: Sableye|Sableye, M|100\/100\n|-weather|RainDance|[from] ability: Drizzle|[of] p1a: Pelipper\n|turn|1\n|\n|t:|1701100725\n|move|p2a: Sableye|Fake Out|p1a: Pelipper\n|-damage|p1a: Pelipper|95\/100\n|cant|p1a: Pelipper|flinch\n|\n|-weather|RainDance|[upkeep]\n|upkeep\n|turn|2\n|\n|t:|1701100732\n|move|p2a: Sableye|Will-O-Wisp|p1a: Pelipper\n|-status|p1a: Pelipper|brn\n|move|p1a: Pelipper|U-turn|p2a: Sableye\n|-damage|p2a: Sableye|95\/100\n|\n|t:|1701100745\n|switch|p1a: Volcanion|Volcanion|100\/100|[from] U-turn\n|\n|-weather|RainDance|[upkeep]\n|-heal|p2a: Sableye|100\/100|[from] item: Leftovers\n|upkeep\n|turn|3\n|\n|t:|1701100770\n|switch|p2a: Brambleghast|Brambleghast, M|100\/100\n|move|p1a: Volcanion|Steam Eruption|p2a: Brambleghast\n|-resisted|p2a: Brambleghast\n|-damage|p2a: Brambleghast|13\/100\n|\n|-weather|RainDance|[upkeep]\n|-heal|p2a: Brambleghast|19\/100|[from] item: Leftovers\n|upkeep\n|turn|4\n|\n|t:|1701100779\n|move|p1a: Volcanion|Steam Eruption|p2a: Brambleghast\n|-resisted|p2a: Brambleghast\n|-damage|p2a: Brambleghast|0 fnt\n|faint|p2a: Brambleghast\n|\n|-weather|RainDance|[upkeep]\n|upkeep\n|\n|t:|1701100794\n|switch|p2a: Ceruledge|Ceruledge, M|100\/100\n|turn|5\n|\n|t:|1701100809\n|move|p1a: Volcanion|Steam Eruption|p2a: Ceruledge\n|-supereffective|p2a: Ceruledge\n|-enditem|p2a: Ceruledge|Focus Sash\n|-damage|p2a: Ceruledge|1\/100\n|move|p2a: Ceruledge|Swords Dance|p2a: Ceruledge\n|-boost|p2a: Ceruledge|atk|2\n|\n|-weather|RainDance|[upkeep]\n|upkeep\n|turn|6\n|\n|t:|1701100819\n|move|p2a: Ceruledge|Shadow Sneak|p1a: Volcanion\n|-damage|p1a: Volcanion|58\/100\n|move|p1a: Volcanion|Steam Eruption|p2a: Ceruledge\n|-supereffective|p2a: Ceruledge\n|-damage|p2a: Ceruledge|0 fnt\n|faint|p2a: Ceruledge\n|\n|-weather|RainDance|[upkeep]\n|upkeep\n|\n|t:|1701100844\n|switch|p2a: Dragapult|Dragapult, M, shiny|100\/100\n|turn|7\n|inactive|crocante has 120 seconds left.\n|inactive|Cranberru22 has 120 seconds left.\n|inactive|crocante has 90 seconds left.\n|inactive|crocante has 60 seconds left.\n|\n|t:|1701100919\n|move|p2a: Dragapult|Dragon Darts|p1a: Volcanion\n|-damage|p1a: Volcanion|23\/100\n|-anim|p2a: Dragapult|Dragon Darts|p1a: Volcanion\n|-damage|p1a: Volcanion|0 fnt\n|faint|p1a: Volcanion\n|\n|-weather|RainDance|[upkeep]\n|upkeep\n|\n|t:|1701100927\n|switch|p1a: Beartic|Beartic, F|100\/100\n|turn|8\n|\n|t:|1701100931\n|move|p1a: Beartic|Icicle Crash|p2a: Dragapult\n|-supereffective|p2a: Dragapult\n|-damage|p2a: Dragapult|0 fnt\n|faint|p2a: Dragapult\n|-damage|p1a: Beartic|91\/100|[from] item: Life Orb\n|\n|-weather|none\n|upkeep\n|\n|t:|1701100938\n|switch|p2a: Skeledirge|Skeledirge, M, shiny|100\/100\n|turn|9\n|\n|t:|1701100945\n|switch|p1a: Pelipper|Pelipper, F|95\/100 brn\n|-weather|RainDance|[from] ability: Drizzle|[of] p1a: Pelipper\n|move|p2a: Skeledirge|Torch Song|p1a: Pelipper\n|-resisted|p1a: Pelipper\n|-damage|p1a: Pelipper|83\/100 brn\n|-boost|p2a: Skeledirge|spa|1\n|\n|-weather|RainDance|[upkeep]\n|-damage|p1a: Pelipper|76\/100 brn|[from] brn\n|upkeep\n|turn|10\n|\n|t:|1701100954\n|move|p2a: Skeledirge|Torch Song|p1a: Pelipper\n|-resisted|p1a: Pelipper\n|-damage|p1a: Pelipper|58\/100 brn\n|-boost|p2a: Skeledirge|spa|1\n|move|p1a: Pelipper|Weather Ball|p2a: Skeledirge\n|-supereffective|p2a: Skeledirge\n|-damage|p2a: Skeledirge|0 fnt\n|faint|p2a: Skeledirge\n|\n|-weather|RainDance|[upkeep]\n|-damage|p1a: Pelipper|52\/100 brn|[from] brn\n|upkeep\n|-message|crocante forfeited.\n|\n|win|Cranberru22\n|raw|Cranberru22's rating: 1092 &rarr; <strong>1119<\/strong><br \/>(+27 for winning)\n|raw|crocante's rating: 1105 &rarr; <strong>1079<\/strong><br \/>(-26 for losing)\n|l|\u2606crocante\n|l|\u2606Cranberru22\n|j| It's_Xavy12\n|j| Out Of Memories\n|j| lightning081511\n|l| Out Of Memories\n|j| Onedrinkdeeper\n|j| MorningStar53\n|j| Ultimate Nooba\n|l| lightning081511\n|j| SDK04\n|j| Skaraptor2.1\n|l| Ultimate Nooba\n","uploadtime":1701100969,"views":2,"p1id":"cranberru22","p2id":"crocante","formatid":"gen9ou","rating":1079,"private":0,"password":""}