{"id":"gen9ou-1989999209","p1":"I peaked at 1266","p2":"ugcyc","format":"[Gen 9] OU","log":"|j|\u2606I peaked at 1266\n|j|\u2606ugcyc\n|t:|1699913984\n|gametype|singles\n|player|p1|I peaked at 1266|elesa-masters2|1624\n|player|p2|ugcyc|101|1533\n|teamsize|p1|6\n|teamsize|p2|6\n|gen|9\n|tier|[Gen 9] OU\n|rated|\n|rule|Sleep Clause Mod: Limit one foe put to sleep\n|rule|Species Clause: Limit one of each Pok\u00e9mon\n|rule|OHKO Clause: OHKO moves are banned\n|rule|Evasion Items Clause: Evasion items are banned\n|rule|Evasion Moves Clause: Evasion moves are banned\n|rule|Endless Battle Clause: Forcing endless battles is banned\n|rule|HP Percentage Mod: HP is shown in percentages\n|clearpoke\n|poke|p1|Landorus-Therian, M|\n|poke|p1|Arcanine-Hisui, F|\n|poke|p1|Corviknight, F|\n|poke|p1|Ogerpon-Wellspring, F|\n|poke|p1|Thundurus-Therian, M|\n|poke|p1|Garchomp, M|\n|poke|p2|Polteageist-Antique|\n|poke|p2|Ninetales-Alola, M|\n|poke|p2|Iron Treads|\n|poke|p2|Haxorus, M|\n|poke|p2|Quaquaval, M|\n|poke|p2|Ceruledge, F|\n|teampreview\n|inactive|Battle timer is ON: inactive players will automatically lose when time's up. (requested by ugcyc)\n|\n|t:|1699913996\n|start\n|switch|p1a: Arcanine|Arcanine-Hisui, F|100\/100\n|switch|p2a: Iron Treads|Iron Treads|100\/100\n|-enditem|p2a: Iron Treads|Booster Energy\n|-activate|p2a: Iron Treads|ability: Quark Drive|[fromitem]\n|-start|p2a: Iron Treads|quarkdrivespe\n|turn|1\n|\n|t:|1699914001\n|switch|p1a: Landorus|Landorus-Therian, M|100\/100\n|-ability|p1a: Landorus|Intimidate|boost\n|-unboost|p2a: Iron Treads|atk|1\n|move|p2a: Iron Treads|Earthquake|p1a: Landorus\n|-immune|p1a: Landorus\n|\n|upkeep\n|turn|2\n|\n|t:|1699914004\n|move|p2a: Iron Treads|Stealth Rock|p1a: Landorus\n|-sidestart|p1: I peaked at 1266|move: Stealth Rock\n|move|p1a: Landorus|Earthquake|p2a: Iron Treads\n|-supereffective|p2a: Iron Treads\n|-damage|p2a: Iron Treads|16\/100\n|\n|upkeep\n|turn|3\n|\n|t:|1699914013\n|move|p2a: Iron Treads|Steel Beam|p1a: Landorus\n|-damage|p1a: Landorus|72\/100\n|-damage|p2a: Iron Treads|0 fnt|[from] steelbeam\n|faint|p2a: Iron Treads\n|-end|p2a: Iron Treads|Quark Drive|[silent]\n|move|p1a: Landorus|Stealth Rock|p2: Iron Treads\n|-sidestart|p2: ugcyc|move: Stealth Rock\n|\n|-heal|p1a: Landorus|78\/100|[from] item: Leftovers\n|upkeep\n|\n|t:|1699914020\n|switch|p2a: Quaquaval|Quaquaval, M|100\/100\n|-damage|p2a: Quaquaval|94\/100|[from] Stealth Rock\n|turn|4\n|\n|t:|1699914027\n|switch|p1a: Corviknight|Corviknight, F|100\/100\n|-damage|p1a: Corviknight|88\/100|[from] Stealth Rock\n|-ability|p1a: Corviknight|Pressure\n|move|p2a: Quaquaval|Rapid Spin|p1a: Corviknight\n|-resisted|p1a: Corviknight\n|-damage|p1a: Corviknight|83\/100\n|-boost|p2a: Quaquaval|spe|1\n|-damage|p2a: Quaquaval|78\/100|[from] item: Rocky Helmet|[of] p1a: Corviknight\n|-sideend|p2: ugcyc|Stealth Rock|[from] move: Rapid Spin|[of] p2a: Quaquaval\n|\n|upkeep\n|turn|5\n|\n|t:|1699914036\n|switch|p2a: Ninetales|Ninetales-Alola, M, shiny|100\/100\n|-weather|Snow|[from] ability: Snow Warning|[of] p2a: Ninetales\n|move|p1a: Corviknight|Defog|p2a: Ninetales\n|-unboost|p2a: Ninetales|evasion|1\n|-sideend|p1: I peaked at 1266|Stealth Rock|[from] move: Defog|[of] p1a: Corviknight\n|\n|-weather|Snow|[upkeep]\n|upkeep\n|turn|6\n|\n|t:|1699914047\n|move|p2a: Ninetales|Aurora Veil|p2a: Ninetales\n|-sidestart|p2: ugcyc|move: Aurora Veil\n|move|p1a: Corviknight|Defog|p2a: Ninetales\n|-unboost|p2a: Ninetales|evasion|1\n|-sideend|p2: ugcyc|move: Aurora Veil\n|\n|-weather|Snow|[upkeep]\n|upkeep\n|turn|7\n|\n|t:|1699914057\n|switch|p2a: Haxorus|Haxorus, M, shiny|100\/100\n|-ability|p2a: Haxorus|Mold Breaker\n|move|p1a: Corviknight|Defog|p2a: Haxorus\n|-unboost|p2a: Haxorus|evasion|1\n|\n|-weather|Snow|[upkeep]\n|upkeep\n|turn|8\n|\n|t:|1699914077\n|move|p2a: Haxorus|Swords Dance|p2a: Haxorus\n|-boost|p2a: Haxorus|atk|2\n|move|p1a: Corviknight|Body Press|p2a: Haxorus\n|-damage|p2a: Haxorus|66\/100\n|\n|-weather|Snow|[upkeep]\n|upkeep\n|turn|9\n|inactive|I peaked at 1266 has 120 seconds left.\n|\n|t:|1699914111\n|switch|p1a: Ogerpon|Ogerpon-Wellspring, F|100\/100\n|move|p2a: Haxorus|Close Combat|p1a: Ogerpon\n|-damage|p1a: Ogerpon|0 fnt\n|-unboost|p2a: Haxorus|def|1\n|-unboost|p2a: Haxorus|spd|1\n|faint|p1a: Ogerpon\n|\n|-weather|none\n|upkeep\n|\n|t:|1699914118\n|switch|p1a: Garchomp|Garchomp, M|100\/100\n|turn|10\n|\n|t:|1699914126\n|switch|p2a: Ninetales|Ninetales-Alola, M, shiny|100\/100\n|-weather|Snow|[from] ability: Snow Warning|[of] p2a: Ninetales\n|move|p1a: Garchomp|Substitute|p1a: Garchomp\n|-start|p1a: Garchomp|Substitute\n|-damage|p1a: Garchomp|76\/100\n|\n|-weather|Snow|[upkeep]\n|upkeep\n|turn|11\n|\n|t:|1699914132\n|move|p2a: Ninetales|Encore|p1a: Garchomp\n|-start|p1a: Garchomp|Encore\n|move|p1a: Garchomp|Substitute|p1a: Garchomp\n|-fail|p1a: Garchomp|move: Substitute\n|\n|-weather|Snow|[upkeep]\n|upkeep\n|turn|12\n|\n|t:|1699914138\n|switch|p1a: Corviknight|Corviknight, F|83\/100\n|-ability|p1a: Corviknight|Pressure\n|move|p2a: Ninetales|Aurora Veil|p2a: Ninetales\n|-sidestart|p2: ugcyc|move: Aurora Veil\n|\n|-weather|Snow|[upkeep]\n|upkeep\n|turn|13\n|\n|t:|1699914142\n|switch|p2a: Ceruledge|Ceruledge, F|100\/100\n|move|p1a: Corviknight|Defog|p2a: Ceruledge\n|-unboost|p2a: Ceruledge|evasion|1\n|-sideend|p2: ugcyc|move: Aurora Veil\n|\n|-weather|Snow|[upkeep]\n|upkeep\n|turn|14\n|\n|t:|1699914158\n|switch|p1a: Landorus|Landorus-Therian, M|78\/100\n|-ability|p1a: Landorus|Intimidate|boost\n|-unboost|p2a: Ceruledge|atk|1\n|move|p2a: Ceruledge|Swords Dance|p2a: Ceruledge\n|-boost|p2a: Ceruledge|atk|2\n|\n|-weather|none\n|-heal|p1a: Landorus|84\/100|[from] item: Leftovers\n|upkeep\n|turn|15\n|\n|t:|1699914160\n|move|p2a: Ceruledge|Swords Dance|p2a: Ceruledge\n|-boost|p2a: Ceruledge|atk|2\n|move|p1a: Landorus|Earthquake|p2a: Ceruledge\n|-supereffective|p2a: Ceruledge\n|-enditem|p2a: Ceruledge|Focus Sash\n|-damage|p2a: Ceruledge|1\/100\n|-ability|p2a: Ceruledge|Weak Armor|boost\n|-unboost|p2a: Ceruledge|def|1\n|-boost|p2a: Ceruledge|spe|2\n|\n|-heal|p1a: Landorus|90\/100|[from] item: Leftovers\n|upkeep\n|turn|16\n|\n|t:|1699914173\n|-terastallize|p2a: Ceruledge|Ghost\n|-terastallize|p1a: Landorus|Water\n|move|p2a: Ceruledge|Poltergeist|p1a: Landorus\n|-activate|p1a: Landorus|move: Poltergeist|Leftovers\n|-damage|p1a: Landorus|0 fnt\n|faint|p1a: Landorus\n|\n|upkeep\n|\n|t:|1699914187\n|switch|p1a: Arcanine|Arcanine-Hisui, F|100\/100\n|turn|17\n|\n|t:|1699914196\n|move|p2a: Ceruledge|Poltergeist|p1a: Arcanine\n|-activate|p1a: Arcanine|move: Poltergeist|Choice Scarf\n|-damage|p1a: Arcanine|0 fnt\n|faint|p1a: Arcanine\n|\n|upkeep\n|-message|I peaked at 1266 forfeited.\n|\n|win|ugcyc\n|raw|I peaked at 1266's rating: 1624 &rarr; <strong>1599<\/strong><br \/>(-25 for losing)\n|raw|ugcyc's rating: 1533 &rarr; <strong>1558<\/strong><br \/>(+25 for winning)\n|l|\u2606I peaked at 1266\n","uploadtime":1699914207,"views":7,"p1id":"ipeakedat1266","p2id":"ugcyc","formatid":"gen9ou","rating":1558,"private":0,"password":""}