{"id":"gen9ou-1989973258","p1":"Lardoh","p2":"Mr-Mongol","format":"[Gen 9] OU","log":"|j|\u2606Lardoh\n|j|\u2606Mr-Mongol\n|t:|1699911535\n|gametype|singles\n|player|p1|Lardoh|266|1755\n|player|p2|Mr-Mongol|dragontamer|1661\n|teamsize|p1|6\n|teamsize|p2|6\n|gen|9\n|tier|[Gen 9] OU\n|rated|\n|rule|Sleep Clause Mod: Limit one foe put to sleep\n|rule|Species Clause: Limit one of each Pok\u00e9mon\n|rule|OHKO Clause: OHKO moves are banned\n|rule|Evasion Items Clause: Evasion items are banned\n|rule|Evasion Moves Clause: Evasion moves are banned\n|rule|Endless Battle Clause: Forcing endless battles is banned\n|rule|HP Percentage Mod: HP is shown in percentages\n|clearpoke\n|poke|p1|Iron Hands|\n|poke|p1|Mimikyu, F|\n|poke|p1|Hatterene, F|\n|poke|p1|Maushold|\n|poke|p1|Torkoal, M|\n|poke|p1|Hoopa-Unbound|\n|poke|p2|Ribombee, F|\n|poke|p2|Great Tusk|\n|poke|p2|Gholdengo|\n|poke|p2|Manaphy|\n|poke|p2|Kingambit, F|\n|poke|p2|Iron Moth|\n|teampreview\n|inactive|Battle timer is ON: inactive players will automatically lose when time's up. (requested by Lardoh)\n|\n|t:|1699911551\n|start\n|switch|p1a: FamWenSheldonIsOn|Maushold, shiny|100\/100\n|switch|p2a: Kingambit|Kingambit, F|100\/100\n|turn|1\n|j| HotheadIsTheGoat\n|l| HotheadIsTheGoat\n|\n|t:|1699911558\n|switch|p1a: Mr.Cooper|Iron Hands|100\/100\n|move|p2a: Kingambit|Kowtow Cleave|p1a: Mr.Cooper\n|-resisted|p1a: Mr.Cooper\n|-damage|p1a: Mr.Cooper|85\/100\n|\n|upkeep\n|turn|2\n|j| ladyoouf\n|\n|t:|1699911567\n|-end|p2a: Kingambit|fallenundefined|[silent]\n|switch|p2a: Great Tusk|Great Tusk|100\/100\n|-end|p1a: Mr.Cooper|Quark Drive|[silent]\n|switch|p1a: Georgie|Hoopa-Unbound|100\/100\n|\n|upkeep\n|turn|3\n|\n|t:|1699911570\n|-end|p2a: Great Tusk|Protosynthesis|[silent]\n|switch|p2a: Ribombee|Ribombee, F|100\/100\n|move|p1a: Georgie|Trick Room|p1a: Georgie\n|-fieldstart|move: Trick Room|[of] p1a: Georgie\n|\n|upkeep\n|turn|4\n|\n|t:|1699911576\n|move|p1a: Georgie|Psychic|p2a: Ribombee\n|-damage|p2a: Ribombee|20\/100\n|move|p2a: Ribombee|Moonblast|p1a: Georgie\n|-supereffective|p1a: Georgie\n|-damage|p1a: Georgie|46\/100\n|\n|upkeep\n|turn|5\n|\n|t:|1699911583\n|switch|p2a: Kingambit|Kingambit, F|100\/100\n|move|p1a: Georgie|Psychic|p2a: Kingambit\n|-immune|p2a: Kingambit\n|\n|upkeep\n|turn|6\n|\n|t:|1699911585\n|move|p2a: Kingambit|Sucker Punch|p1a: Georgie\n|-damage|p1a: Georgie|0 fnt\n|faint|p1a: Georgie\n|\n|upkeep\n|\n|t:|1699911588\n|switch|p1a: Mr.Cooper|Iron Hands|85\/100\n|turn|7\n|j| Large_Rodent\n|\n|t:|1699911590\n|-end|p2a: Kingambit|fallenundefined|[silent]\n|switch|p2a: Ribombee|Ribombee, F|20\/100\n|move|p1a: Mr.Cooper|Swords Dance|p1a: Mr.Cooper\n|-boost|p1a: Mr.Cooper|atk|2\n|\n|-fieldend|move: Trick Room\n|upkeep\n|turn|8\n|\n|t:|1699911598\n|-end|p1a: Mr.Cooper|Quark Drive|[silent]\n|switch|p1a: Meemawchu|Mimikyu, F|100\/100\n|move|p2a: Ribombee|Moonblast|p1a: Meemawchu\n|-activate|p1a: Meemawchu|ability: Disguise\n|-damage|p1a: Meemawchu|100\/100\n|detailschange|p1a: Meemawchu|Mimikyu-Busted, F\n|-damage|p1a: Meemawchu|88\/100|[from] pokemon: Mimikyu-Busted\n|\n|upkeep\n|turn|9\n|\n|t:|1699911602\n|move|p1a: Meemawchu|Shadow Sneak|p2a: Ribombee\n|-damage|p2a: Ribombee|0 fnt\n|faint|p2a: Ribombee\n|-damage|p1a: Meemawchu|78\/100|[from] item: Life Orb\n|\n|upkeep\n|j| westcottike\n|\n|t:|1699911613\n|switch|p2a: Gholdengo|Gholdengo|100\/100\n|-item|p2a: Gholdengo|Air Balloon\n|turn|10\n|\n|t:|1699911619\n|move|p1a: Meemawchu|Shadow Sneak|p2a: Gholdengo\n|-supereffective|p2a: Gholdengo\n|-damage|p2a: Gholdengo|48\/100\n|-enditem|p2a: Gholdengo|Air Balloon\n|-damage|p1a: Meemawchu|68\/100|[from] item: Life Orb\n|move|p2a: Gholdengo|Make It Rain|p1a: Meemawchu\n|-supereffective|p1a: Meemawchu\n|-damage|p1a: Meemawchu|0 fnt\n|-unboost|p2a: Gholdengo|spa|1\n|faint|p1a: Meemawchu\n|\n|upkeep\n|\n|t:|1699911625\n|switch|p1a: FamWenSheldonIsOn|Maushold, shiny|100\/100\n|turn|11\n|\n|t:|1699911629\n|switch|p2a: Iron Moth|Iron Moth|100\/100\n|-enditem|p2a: Iron Moth|Booster Energy\n|-activate|p2a: Iron Moth|ability: Quark Drive|[fromitem]\n|-start|p2a: Iron Moth|quarkdrivespe\n|move|p1a: FamWenSheldonIsOn|Population Bomb|p2a: Iron Moth\n|-damage|p2a: Iron Moth|86\/100\n|-damage|p2a: Iron Moth|70\/100\n|-damage|p2a: Iron Moth|54\/100\n|-damage|p2a: Iron Moth|37\/100\n|-damage|p2a: Iron Moth|22\/100\n|-damage|p2a: Iron Moth|7\/100\n|-damage|p2a: Iron Moth|0 fnt\n|faint|p2a: Iron Moth\n|-end|p2a: Iron Moth|Quark Drive|[silent]\n|-hitcount|p2: Iron Moth|7\n|\n|upkeep\n|\n|t:|1699911634\n|switch|p2a: Kingambit|Kingambit, F|100\/100\n|-activate|p2a: Kingambit|ability: Supreme Overlord\n|-start|p2a: Kingambit|fallen2|[silent]\n|turn|12\n|\n|t:|1699911637\n|switch|p1a: Mr.Cooper|Iron Hands|85\/100\n|-end|p2a: Kingambit|fallen2|[silent]\n|switch|p2a: Great Tusk|Great Tusk|100\/100\n|\n|upkeep\n|turn|13\n|\n|t:|1699911642\n|move|p2a: Great Tusk|Bulk Up|p2a: Great Tusk\n|-boost|p2a: Great Tusk|atk|1\n|-boost|p2a: Great Tusk|def|1\n|move|p1a: Mr.Cooper|Swords Dance|p1a: Mr.Cooper\n|-boost|p1a: Mr.Cooper|atk|2\n|\n|upkeep\n|turn|14\n|\n|t:|1699911647\n|move|p2a: Great Tusk|Earthquake|p1a: Mr.Cooper\n|-supereffective|p1a: Mr.Cooper\n|-enditem|p1a: Mr.Cooper|Shuca Berry|[eat]\n|-enditem|p1a: Mr.Cooper|Shuca Berry|[weaken]\n|-damage|p1a: Mr.Cooper|40\/100\n|move|p1a: Mr.Cooper|Ice Punch|p2a: Great Tusk\n|-supereffective|p2a: Great Tusk\n|-damage|p2a: Great Tusk|39\/100\n|\n|-heal|p2a: Great Tusk|45\/100|[from] item: Leftovers\n|upkeep\n|turn|15\n|j| Fixzation\n|l| Fixzation\n|\n|t:|1699911662\n|move|p2a: Great Tusk|Earthquake|p1a: Mr.Cooper\n|-supereffective|p1a: Mr.Cooper\n|-crit|p1a: Mr.Cooper\n|-damage|p1a: Mr.Cooper|0 fnt\n|faint|p1a: Mr.Cooper\n|-end|p1a: Mr.Cooper|Quark Drive|[silent]\n|\n|-heal|p2a: Great Tusk|51\/100|[from] item: Leftovers\n|upkeep\n|\n|t:|1699911671\n|switch|p1a: FamWenSheldonIsOn|Maushold, shiny|100\/100\n|turn|16\n|\n|t:|1699911674\n|move|p1a: FamWenSheldonIsOn|Population Bomb|p2a: Great Tusk\n|-damage|p2a: Great Tusk|45\/100\n|-damage|p2a: Great Tusk|40\/100\n|-damage|p2a: Great Tusk|34\/100\n|-damage|p2a: Great Tusk|28\/100\n|-damage|p2a: Great Tusk|22\/100\n|-crit|p2a: Great Tusk\n|-damage|p2a: Great Tusk|9\/100\n|-damage|p2a: Great Tusk|3\/100\n|-damage|p2a: Great Tusk|0 fnt\n|faint|p2a: Great Tusk\n|-end|p2a: Great Tusk|Protosynthesis|[silent]\n|-hitcount|p2: Great Tusk|8\n|\n|upkeep\n|\n|t:|1699911679\n|switch|p2a: Kingambit|Kingambit, F|100\/100\n|-activate|p2a: Kingambit|ability: Supreme Overlord\n|-start|p2a: Kingambit|fallen3|[silent]\n|turn|17\n|j| all hips no lies\n|inactive|Lardoh has 120 seconds left.\n|l|\u2606Lardoh\n|inactive|Lardoh disconnected and has a minute to reconnect!\n|player|p1|\n|j|\u2606Lardoh\n|inactive|Lardoh reconnected and has 90 seconds left.\n|player|p1|Lardoh|266\n|\n|t:|1699911755\n|-terastallize|p1a: FamWenSheldonIsOn|Fairy\n|move|p1a: FamWenSheldonIsOn|Population Bomb|p2a: Kingambit\n|-resisted|p2a: Kingambit\n|-damage|p2a: Kingambit|96\/100\n|-resisted|p2a: Kingambit\n|-damage|p2a: Kingambit|91\/100\n|-resisted|p2a: Kingambit\n|-damage|p2a: Kingambit|86\/100\n|-resisted|p2a: Kingambit\n|-damage|p2a: Kingambit|81\/100\n|-resisted|p2a: Kingambit\n|-damage|p2a: Kingambit|76\/100\n|-resisted|p2a: Kingambit\n|-damage|p2a: Kingambit|72\/100\n|-resisted|p2a: Kingambit\n|-damage|p2a: Kingambit|67\/100\n|-resisted|p2a: Kingambit\n|-damage|p2a: Kingambit|62\/100\n|-resisted|p2a: Kingambit\n|-damage|p2a: Kingambit|58\/100\n|-resisted|p2a: Kingambit\n|-damage|p2a: Kingambit|54\/100\n|-hitcount|p2a: Kingambit|10\n|move|p2a: Kingambit|Kowtow Cleave|p1a: FamWenSheldonIsOn\n|-resisted|p1a: FamWenSheldonIsOn\n|-damage|p1a: FamWenSheldonIsOn|46\/100\n|\n|-heal|p2a: Kingambit|60\/100|[from] item: Leftovers\n|upkeep\n|turn|18\n|\n|t:|1699911761\n|switch|p1a: Young Shelldon|Torkoal, M|100\/100\n|-weather|SunnyDay|[from] ability: Drought|[of] p1a: Young Shelldon\n|move|p2a: Kingambit|Iron Head|p1a: Young Shelldon\n|-resisted|p1a: Young Shelldon\n|-damage|p1a: Young Shelldon|76\/100\n|\n|-weather|SunnyDay|[upkeep]\n|-heal|p2a: Kingambit|66\/100|[from] item: Leftovers\n|upkeep\n|turn|19\n|\n|t:|1699911766\n|-end|p2a: Kingambit|fallen3|[silent]\n|switch|p2a: Manaphy|Manaphy|100\/100\n|move|p1a: Young Shelldon|Solar Beam||[still]\n|-prepare|p1a: Young Shelldon|Solar Beam\n|-anim|p1a: Young Shelldon|Solar Beam|p2a: Manaphy\n|-supereffective|p2a: Manaphy\n|-damage|p2a: Manaphy|17\/100\n|\n|-weather|SunnyDay|[upkeep]\n|-heal|p2a: Manaphy|23\/100|[from] item: Leftovers\n|upkeep\n|turn|20\n|\n|t:|1699911778\n|switch|p1a: Mrs. Cooper|Hatterene, F, shiny|100\/100\n|move|p2a: Manaphy|Scald|p1a: Mrs. Cooper\n|-damage|p1a: Mrs. Cooper|87\/100\n|-status|p1a: Mrs. Cooper|brn\n|\n|-weather|SunnyDay|[upkeep]\n|-heal|p2a: Manaphy|29\/100|[from] item: Leftovers\n|-damage|p1a: Mrs. Cooper|81\/100 brn|[from] brn\n|upkeep\n|turn|21\n|\n|t:|1699911786\n|move|p2a: Manaphy|Take Heart|p2a: Manaphy\n|-boost|p2a: Manaphy|spa|1\n|-boost|p2a: Manaphy|spd|1\n|move|p1a: Mrs. Cooper|Trick Room|p1a: Mrs. Cooper\n|-fieldstart|move: Trick Room|[of] p1a: Mrs. Cooper\n|\n|-weather|SunnyDay|[upkeep]\n|-heal|p2a: Manaphy|35\/100|[from] item: Leftovers\n|-damage|p1a: Mrs. Cooper|75\/100 brn|[from] brn\n|upkeep\n|turn|22\n|\n|t:|1699911788\n|move|p1a: Mrs. Cooper|Healing Wish|p1a: Mrs. Cooper\n|faint|p1a: Mrs. Cooper\n|move|p2a: Manaphy|Take Heart|p2a: Manaphy\n|-boost|p2a: Manaphy|spa|1\n|-boost|p2a: Manaphy|spd|1\n|\n|-weather|none\n|-heal|p2a: Manaphy|41\/100|[from] item: Leftovers\n|upkeep\n|\n|t:|1699911796\n|switch|p1a: Young Shelldon|Torkoal, M|76\/100\n|-heal|p1a: Young Shelldon|100\/100|[from] move: Healing Wish\n|-weather|SunnyDay|[from] ability: Drought|[of] p1a: Young Shelldon\n|turn|23\n|\n|t:|1699911802\n|-terastallize|p2a: Manaphy|Dragon\n|move|p1a: Young Shelldon|Eruption|p2a: Manaphy\n|-resisted|p2a: Manaphy\n|-damage|p2a: Manaphy|12\/100\n|move|p2a: Manaphy|Take Heart|p2a: Manaphy\n|-boost|p2a: Manaphy|spa|1\n|-boost|p2a: Manaphy|spd|1\n|\n|-weather|SunnyDay|[upkeep]\n|-heal|p2a: Manaphy|18\/100|[from] item: Leftovers\n|upkeep\n|turn|24\n|\n|t:|1699911804\n|move|p1a: Young Shelldon|Eruption|p2a: Manaphy\n|-resisted|p2a: Manaphy\n|-damage|p2a: Manaphy|0 fnt\n|faint|p2a: Manaphy\n|\n|-weather|SunnyDay|[upkeep]\n|upkeep\n|\n|t:|1699911809\n|switch|p2a: Gholdengo|Gholdengo|48\/100\n|turn|25\n|\n|t:|1699911812\n|move|p1a: Young Shelldon|Eruption|p2a: Gholdengo\n|-supereffective|p2a: Gholdengo\n|-crit|p2a: Gholdengo\n|-damage|p2a: Gholdengo|0 fnt\n|faint|p2a: Gholdengo\n|\n|-weather|SunnyDay|[upkeep]\n|-fieldend|move: Trick Room\n|upkeep\n|\n|t:|1699911814\n|switch|p2a: Kingambit|Kingambit, F|66\/100\n|-activate|p2a: Kingambit|ability: Supreme Overlord\n|-start|p2a: Kingambit|fallen5|[silent]\n|turn|26\n|\n|t:|1699911817\n|switch|p1a: FamWenSheldonIsOn|Maushold, shiny, tera:Fairy|46\/100\n|move|p2a: Kingambit|Iron Head|p1a: FamWenSheldonIsOn\n|-supereffective|p1a: FamWenSheldonIsOn\n|-damage|p1a: FamWenSheldonIsOn|0 fnt\n|faint|p1a: FamWenSheldonIsOn\n|\n|-weather|SunnyDay|[upkeep]\n|-heal|p2a: Kingambit|72\/100|[from] item: Leftovers\n|upkeep\n|\n|t:|1699911819\n|switch|p1a: Young Shelldon|Torkoal, M|100\/100\n|turn|27\n|\n|t:|1699911822\n|move|p2a: Kingambit|Iron Head|p1a: Young Shelldon\n|-resisted|p1a: Young Shelldon\n|-damage|p1a: Young Shelldon|74\/100\n|cant|p1a: Young Shelldon|flinch\n|\n|-weather|none\n|-heal|p2a: Kingambit|78\/100|[from] item: Leftovers\n|upkeep\n|turn|28\n|\n|t:|1699911827\n|move|p2a: Kingambit|Kowtow Cleave|p1a: Young Shelldon\n|-damage|p1a: Young Shelldon|23\/100\n|move|p1a: Young Shelldon|Flamethrower|p2a: Kingambit\n|-supereffective|p2a: Kingambit\n|-damage|p2a: Kingambit|0 fnt\n|faint|p2a: Kingambit\n|-end|p2a: Kingambit|fallen5|[silent]\n|\n|win|Lardoh\n|raw|Lardoh's rating: 1755 &rarr; <strong>1770<\/strong><br \/>(+15 for winning)\n|raw|Mr-Mongol's rating: 1661 &rarr; <strong>1646<\/strong><br \/>(-15 for losing)\n|l|\u2606Mr-Mongol\n|c|\u2606Lardoh|Gg\n|l|\u2606Lardoh\n","uploadtime":1699911861,"views":16,"p1id":"lardoh","p2id":"mrmongol","formatid":"gen9ou","rating":1646,"private":0,"password":""}