{"id":"gen9ou-1993105625","p1":"kyommunism","p2":"Steez Ibanez","format":"[Gen 9] OU","log":"|j|\u2606kyommunism\n|j|\u2606Steez Ibanez\n|t:|1700265389\n|gametype|singles\n|player|p1|kyommunism|lusamine-nihilego|1676\n|player|p2|Steez Ibanez|lance-gen2|1639\n|teamsize|p1|6\n|teamsize|p2|6\n|gen|9\n|tier|[Gen 9] OU\n|rated|\n|rule|Sleep Clause Mod: Limit one foe put to sleep\n|rule|Species Clause: Limit one of each Pok\u00e9mon\n|rule|OHKO Clause: OHKO moves are banned\n|rule|Evasion Items Clause: Evasion items are banned\n|rule|Evasion Moves Clause: Evasion moves are banned\n|rule|Endless Battle Clause: Forcing endless battles is banned\n|rule|HP Percentage Mod: HP is shown in percentages\n|clearpoke\n|poke|p1|Kingambit, M|\n|poke|p1|Ogerpon-Wellspring, F|\n|poke|p1|Okidogi, M|\n|poke|p1|Trevenant, M|\n|poke|p1|Iron Moth|\n|poke|p1|Cinderace, F|\n|poke|p2|Dragapult, M|\n|poke|p2|Zapdos|\n|poke|p2|Iron Moth|\n|poke|p2|Ting-Lu|\n|poke|p2|Corviknight, M|\n|poke|p2|Iron Valiant|\n|teampreview\n|inactive|Battle timer is ON: inactive players will automatically lose when time's up. (requested by kyommunism)\n|\n|t:|1700265409\n|start\n|switch|p1a: Cinderace|Cinderace, F, shiny|100\/100\n|switch|p2a: Dick Grayson|Corviknight, M|100\/100\n|-ability|p2a: Dick Grayson|Pressure\n|turn|1\n|\n|t:|1700265416\n|switch|p2a: Zeus|Zapdos|100\/100\n|move|p1a: Cinderace|Will-O-Wisp|p2a: Zeus\n|-status|p2a: Zeus|brn\n|\n|-damage|p2a: Zeus|94\/100 brn|[from] brn\n|upkeep\n|turn|2\n|j| bad feeling\n|\n|t:|1700265421\n|move|p1a: Cinderace|U-turn|p2a: Zeus\n|-resisted|p2a: Zeus\n|-damage|p2a: Zeus|84\/100 brn\n|-status|p1a: Cinderace|par|[from] ability: Static|[of] p2a: Zeus\n|\n|t:|1700265424\n|switch|p1a: Iron Moth|Iron Moth|100\/100|[from] U-turn\n|-enditem|p1a: Iron Moth|Booster Energy\n|-activate|p1a: Iron Moth|ability: Quark Drive|[fromitem]\n|-start|p1a: Iron Moth|quarkdrivespa\n|move|p2a: Zeus|Volt Switch|p1a: Iron Moth\n|-damage|p1a: Iron Moth|68\/100\n|\n|t:|1700265428\n|switch|p2a: Clicker|Ting-Lu|100\/100|[from] Volt Switch\n|-ability|p2a: Clicker|Vessel of Ruin\n|\n|upkeep\n|turn|3\n|j| srtyjj\n|\n|t:|1700265433\n|move|p1a: Iron Moth|Energy Ball|p2a: Clicker\n|-supereffective|p2a: Clicker\n|-damage|p2a: Clicker|61\/100\n|move|p2a: Clicker|Earthquake|p1a: Iron Moth\n|-supereffective|p1a: Iron Moth\n|-damage|p1a: Iron Moth|0 fnt\n|faint|p1a: Iron Moth\n|-end|p1a: Iron Moth|Quark Drive|[silent]\n|\n|-heal|p2a: Clicker|67\/100|[from] item: Leftovers\n|upkeep\n|\n|t:|1700265439\n|switch|p1a: Ogerpon|Ogerpon-Wellspring, F|100\/100\n|turn|4\n|\n|t:|1700265459\n|switch|p2a: Dick Grayson|Corviknight, M|100\/100\n|-ability|p2a: Dick Grayson|Pressure\n|move|p1a: Ogerpon|Swords Dance|p1a: Ogerpon\n|-boost|p1a: Ogerpon|atk|2\n|\n|upkeep\n|turn|5\n|\n|t:|1700265464\n|move|p1a: Ogerpon|Ivy Cudgel|p2a: Dick Grayson|[anim] Ivy Cudgel Water\n|-damage|p2a: Dick Grayson|33\/100\n|move|p2a: Dick Grayson|U-turn|p1a: Ogerpon\n|-supereffective|p1a: Ogerpon\n|-damage|p1a: Ogerpon|61\/100\n|\n|t:|1700265467\n|switch|p2a: Midoriya|Iron Valiant|100\/100|[from] U-turn\n|\n|upkeep\n|turn|6\n|\n|t:|1700265471\n|move|p2a: Midoriya|Close Combat|p1a: Ogerpon\n|-damage|p1a: Ogerpon|0 fnt\n|-unboost|p2a: Midoriya|def|1\n|-unboost|p2a: Midoriya|spd|1\n|faint|p1a: Ogerpon\n|\n|upkeep\n|\n|t:|1700265481\n|switch|p1a: Okidogi|Okidogi, M|100\/100\n|turn|7\n|inactive|Steez Ibanez has 120 seconds left.\n|\n|t:|1700265523\n|-end|p2a: Midoriya|Quark Drive|[silent]\n|switch|p2a: Zeus|Zapdos|84\/100 brn\n|move|p1a: Okidogi|Substitute|p1a: Okidogi\n|-start|p1a: Okidogi|Substitute\n|-damage|p1a: Okidogi|75\/100\n|\n|-heal|p1a: Okidogi|82\/100|[from] item: Leftovers\n|-damage|p2a: Zeus|78\/100 brn|[from] brn\n|upkeep\n|turn|8\n|\n|t:|1700265528\n|move|p2a: Zeus|Hurricane|p1a: Okidogi\n|-supereffective|p1a: Okidogi\n|-end|p1a: Okidogi|Substitute\n|move|p1a: Okidogi|Bulk Up|p1a: Okidogi\n|-boost|p1a: Okidogi|atk|1\n|-boost|p1a: Okidogi|def|1\n|\n|-heal|p1a: Okidogi|88\/100|[from] item: Leftovers\n|-damage|p2a: Zeus|71\/100 brn|[from] brn\n|upkeep\n|turn|9\n|\n|t:|1700265532\n|move|p2a: Zeus|Hurricane|p1a: Okidogi\n|-supereffective|p1a: Okidogi\n|-damage|p1a: Okidogi|26\/100\n|move|p1a: Okidogi|Knock Off|p2a: Zeus\n|-damage|p2a: Zeus|36\/100 brn\n|-enditem|p2a: Zeus|Heavy-Duty Boots|[from] move: Knock Off|[of] p1a: Okidogi\n|\n|-heal|p1a: Okidogi|32\/100|[from] item: Leftovers\n|-damage|p2a: Zeus|30\/100 brn|[from] brn\n|upkeep\n|turn|10\n|\n|t:|1700265536\n|move|p2a: Zeus|Hurricane|p1a: Okidogi|[miss]\n|-miss|p2a: Zeus|p1a: Okidogi\n|move|p1a: Okidogi|Drain Punch|p2a: Zeus\n|-resisted|p2a: Zeus\n|-crit|p2a: Zeus\n|-damage|p2a: Zeus|0 fnt\n|-heal|p1a: Okidogi|47\/100|[from] drain|[of] p2a: Zeus\n|faint|p2a: Zeus\n|\n|-heal|p1a: Okidogi|53\/100|[from] item: Leftovers\n|upkeep\n|\n|t:|1700265548\n|switch|p2a: Clicker|Ting-Lu|67\/100\n|-ability|p2a: Clicker|Vessel of Ruin\n|turn|11\n|\n|t:|1700265552\n|-terastallize|p2a: Clicker|Poison\n|move|p1a: Okidogi|Drain Punch|p2a: Clicker\n|-resisted|p2a: Clicker\n|-damage|p2a: Clicker|55\/100\n|-heal|p1a: Okidogi|62\/100|[from] drain|[of] p2a: Clicker\n|move|p2a: Clicker|Earthquake|p1a: Okidogi\n|-supereffective|p1a: Okidogi\n|-damage|p1a: Okidogi|22\/100\n|\n|-heal|p1a: Okidogi|28\/100|[from] item: Leftovers\n|-heal|p2a: Clicker|61\/100|[from] item: Leftovers\n|upkeep\n|turn|12\n|\n|t:|1700265558\n|move|p1a: Okidogi|Knock Off|p2a: Clicker\n|-damage|p2a: Clicker|40\/100\n|-enditem|p2a: Clicker|Leftovers|[from] move: Knock Off|[of] p1a: Okidogi\n|move|p2a: Clicker|Earthquake|p1a: Okidogi\n|-supereffective|p1a: Okidogi\n|-damage|p1a: Okidogi|0 fnt\n|faint|p1a: Okidogi\n|\n|upkeep\n|\n|t:|1700265568\n|switch|p1a: Cinderace|Cinderace, F, shiny|100\/100 par\n|turn|13\n|\n|t:|1700265571\n|move|p1a: Cinderace|Will-O-Wisp|p2a: Clicker\n|-status|p2a: Clicker|brn\n|move|p2a: Clicker|Earthquake|p1a: Cinderace\n|-supereffective|p1a: Cinderace\n|-damage|p1a: Cinderace|50\/100 par\n|\n|-damage|p2a: Clicker|34\/100 brn|[from] brn\n|upkeep\n|turn|14\n|\n|t:|1700265573\n|cant|p1a: Cinderace|par\n|move|p2a: Clicker|Stealth Rock|p1a: Cinderace\n|-sidestart|p1: kyommunism|move: Stealth Rock\n|\n|-damage|p2a: Clicker|28\/100 brn|[from] brn\n|upkeep\n|turn|15\n|\n|t:|1700265578\n|move|p1a: Cinderace|Court Change|p1a: Cinderace\n|-swapsideconditions\n|-activate|p1a: Cinderace|move: Court Change\n|move|p2a: Clicker|Earthquake|p1a: Cinderace\n|-supereffective|p1a: Cinderace\n|-damage|p1a: Cinderace|0 fnt\n|faint|p1a: Cinderace\n|\n|-damage|p2a: Clicker|21\/100 brn|[from] brn\n|upkeep\n|\n|t:|1700265588\n|switch|p1a: Trevenant|Trevenant, M, shiny|100\/100\n|turn|16\n|\n|t:|1700265610\n|move|p1a: Trevenant|Poltergeist||[still]\n|-fail|p1a: Trevenant\n|move|p2a: Clicker|Ruination|p1a: Trevenant\n|-damage|p1a: Trevenant|50\/100\n|\n|-damage|p2a: Clicker|15\/100 brn|[from] brn\n|upkeep\n|turn|17\n|\n|t:|1700265615\n|move|p1a: Trevenant|Seed Bomb|p2a: Clicker\n|-resisted|p2a: Clicker\n|-damage|p2a: Clicker|5\/100 brn\n|move|p2a: Clicker|Stealth Rock|p1a: Trevenant\n|-sidestart|p1: kyommunism|move: Stealth Rock\n|\n|-damage|p2a: Clicker|0 fnt|[from] brn\n|faint|p2a: Clicker\n|upkeep\n|\n|t:|1700265619\n|switch|p2a: Amaterasu|Iron Moth|100\/100\n|turn|18\n|\n|t:|1700265624\n|move|p1a: Trevenant|Endure|p1a: Trevenant\n|-singleturn|p1a: Trevenant|move: Endure\n|move|p2a: Amaterasu|Flamethrower|p1a: Trevenant\n|-supereffective|p1a: Trevenant\n|-activate|p1a: Trevenant|move: Endure\n|-damage|p1a: Trevenant|1\/100\n|\n|upkeep\n|turn|19\n|-enditem|p1a: Trevenant|Custap Berry|[eat]\n|-activate|p1a: Trevenant|item: Custap Berry|[consumed]\n|\n|t:|1700265628\n|move|p1a: Trevenant|Poltergeist|p2a: Amaterasu\n|-activate|p2a: Amaterasu|move: Poltergeist|Heavy-Duty Boots\n|-damage|p2a: Amaterasu|0 fnt\n|faint|p2a: Amaterasu\n|-end|p2a: Amaterasu|Quark Drive|[silent]\n|\n|-item|p1a: Trevenant|Custap Berry|[from] ability: Harvest\n|upkeep\n|\n|t:|1700265641\n|switch|p2a: Dick Grayson|Corviknight, M|33\/100\n|-damage|p2a: Dick Grayson|20\/100|[from] Stealth Rock\n|-ability|p2a: Dick Grayson|Pressure\n|turn|20\n|-enditem|p1a: Trevenant|Custap Berry|[eat]\n|-activate|p1a: Trevenant|item: Custap Berry|[consumed]\n|\n|t:|1700265644\n|move|p1a: Trevenant|Poltergeist|p2a: Dick Grayson\n|-activate|p2a: Dick Grayson|move: Poltergeist|Leftovers\n|-damage|p2a: Dick Grayson|0 fnt\n|faint|p2a: Dick Grayson\n|\n|upkeep\n|\n|t:|1700265652\n|switch|p2a: Midoriya|Iron Valiant|100\/100\n|turn|21\n|\n|t:|1700265654\n|move|p1a: Trevenant|Endure|p1a: Trevenant\n|-singleturn|p1a: Trevenant|move: Endure\n|move|p2a: Midoriya|Moonblast|p1a: Trevenant\n|-activate|p1a: Trevenant|move: Endure\n|-damage|p1a: Trevenant|1\/100\n|\n|-item|p1a: Trevenant|Custap Berry|[from] ability: Harvest\n|upkeep\n|turn|22\n|-enditem|p1a: Trevenant|Custap Berry|[eat]\n|-activate|p1a: Trevenant|item: Custap Berry|[consumed]\n|\n|t:|1700265660\n|-end|p2a: Midoriya|Quark Drive|[silent]\n|switch|p2a: Toothless|Dragapult, M|100\/100\n|move|p1a: Trevenant|Poltergeist|p2a: Toothless\n|-activate|p2a: Toothless|move: Poltergeist|Heavy-Duty Boots\n|-supereffective|p2a: Toothless\n|-damage|p2a: Toothless|0 fnt\n|faint|p2a: Toothless\n|\n|upkeep\n|\n|t:|1700265662\n|switch|p2a: Midoriya|Iron Valiant|100\/100\n|turn|23\n|\n|t:|1700265668\n|move|p1a: Trevenant|Endure|p1a: Trevenant\n|-singleturn|p1a: Trevenant|move: Endure\n|move|p2a: Midoriya|Knock Off|p1a: Trevenant\n|-supereffective|p1a: Trevenant\n|-activate|p1a: Trevenant|move: Endure\n|-damage|p1a: Trevenant|1\/100\n|\n|-item|p1a: Trevenant|Custap Berry|[from] ability: Harvest\n|upkeep\n|turn|24\n|-enditem|p1a: Trevenant|Custap Berry|[eat]\n|-activate|p1a: Trevenant|item: Custap Berry|[consumed]\n|\n|t:|1700265676\n|move|p1a: Trevenant|Poltergeist|p2a: Midoriya\n|-activate|p2a: Midoriya|move: Poltergeist|Heavy-Duty Boots\n|-damage|p2a: Midoriya|23\/100\n|move|p2a: Midoriya|Moonblast|p1a: Trevenant\n|-damage|p1a: Trevenant|0 fnt\n|faint|p1a: Trevenant\n|\n|upkeep\n|\n|t:|1700265682\n|switch|p1a: Kingambit|Kingambit, M, shiny|100\/100\n|-damage|p1a: Kingambit|94\/100|[from] Stealth Rock\n|-activate|p1a: Kingambit|ability: Supreme Overlord\n|-start|p1a: Kingambit|fallen5|[silent]\n|turn|25\n|\n|t:|1700265685\n|-terastallize|p1a: Kingambit|Dark\n|move|p1a: Kingambit|Sucker Punch|p2a: Midoriya\n|-resisted|p2a: Midoriya\n|-damage|p2a: Midoriya|0 fnt\n|faint|p2a: Midoriya\n|-end|p2a: Midoriya|Quark Drive|[silent]\n|\n|win|kyommunism\n|raw|kyommunism's rating: 1676 &rarr; <strong>1694<\/strong><br \/>(+18 for winning)\n|raw|Steez Ibanez's rating: 1639 &rarr; <strong>1621<\/strong><br \/>(-18 for losing)\n|l|\u2606Steez Ibanez\n|l| srtyjj\n","uploadtime":1700265874,"views":11,"p1id":"kyommunism","p2id":"steezibanez","formatid":"gen9ou","rating":1621,"private":0,"password":""}