{"id":"gen9ou-1999643065","p1":"3lit","p2":"Aulubear","format":"[Gen 9] OU","log":"|j|\u26063lit\n|j|\u2606Aulubear\n|t:|1701103925\n|gametype|singles\n|player|p1|3lit|169|1158\n|player|p2|Aulubear|ghetsis-gen5bw|1220\n|teamsize|p1|6\n|teamsize|p2|6\n|gen|9\n|tier|[Gen 9] OU\n|rated|\n|rule|Sleep Clause Mod: Limit one foe put to sleep\n|rule|Species Clause: Limit one of each Pok\u00e9mon\n|rule|OHKO Clause: OHKO moves are banned\n|rule|Evasion Items Clause: Evasion items are banned\n|rule|Evasion Moves Clause: Evasion moves are banned\n|rule|Endless Battle Clause: Forcing endless battles is banned\n|rule|HP Percentage Mod: HP is shown in percentages\n|clearpoke\n|poke|p1|Toxapex, M|\n|poke|p1|Slowking-Galar, M|\n|poke|p1|Cinderace, F|\n|poke|p1|Zapdos|\n|poke|p1|Grimmsnarl, M|\n|poke|p1|Great Tusk|\n|poke|p2|Kingambit, M|\n|poke|p2|Glimmora, M|\n|poke|p2|Zamazenta-*|\n|poke|p2|Iron Valiant|\n|poke|p2|Iron Moth|\n|poke|p2|Ogerpon-Wellspring, F|\n|teampreview\n|inactive|Battle timer is ON: inactive players will automatically lose when time's up. (requested by 3lit)\n|\n|t:|1701103932\n|start\n|switch|p1a: Tusker|Great Tusk|100\/100\n|switch|p2a: Glimmora|Glimmora, M|100\/100\n|turn|1\n|\n|t:|1701103936\n|move|p1a: Tusker|Headlong Rush|p2a: Glimmora\n|-supereffective|p2a: Glimmora\n|-enditem|p2a: Glimmora|Focus Sash\n|-damage|p2a: Glimmora|1\/100\n|-unboost|p1a: Tusker|def|1\n|-unboost|p1a: Tusker|spd|1\n|-activate|p2a: Glimmora|ability: Toxic Debris\n|-sidestart|p1: 3lit|move: Toxic Spikes\n|move|p2a: Glimmora|Stealth Rock|p1a: Tusker\n|-sidestart|p1: 3lit|move: Stealth Rock\n|\n|upkeep\n|turn|2\n|\n|t:|1701103939\n|move|p1a: Tusker|Rapid Spin|p2a: Glimmora\n|-resisted|p2a: Glimmora\n|-damage|p2a: Glimmora|0 fnt\n|-boost|p1a: Tusker|spe|1\n|-activate|p2a: Glimmora|ability: Toxic Debris\n|-sidestart|p1: 3lit|move: Toxic Spikes\n|-sideend|p1: 3lit|Toxic Spikes|[from] move: Rapid Spin|[of] p1a: Tusker\n|-sideend|p1: 3lit|Stealth Rock|[from] move: Rapid Spin|[of] p1a: Tusker\n|faint|p2a: Glimmora\n|\n|upkeep\n|\n|t:|1701103947\n|switch|p2a: Iron Valiant|Iron Valiant|100\/100\n|-enditem|p2a: Iron Valiant|Booster Energy\n|-activate|p2a: Iron Valiant|ability: Quark Drive|[fromitem]\n|-start|p2a: Iron Valiant|quarkdrivespe\n|turn|3\n|inactive|3lit has 120 seconds left.\n|\n|t:|1701103994\n|-end|p1a: Tusker|Protosynthesis|[silent]\n|switch|p1a: Pex|Toxapex, M|100\/100\n|move|p2a: Iron Valiant|Swords Dance|p2a: Iron Valiant\n|-boost|p2a: Iron Valiant|atk|2\n|\n|upkeep\n|turn|4\n|\n|t:|1701104006\n|move|p2a: Iron Valiant|Knock Off|p1a: Pex\n|-damage|p1a: Pex|57\/100\n|-enditem|p1a: Pex|Black Sludge|[from] move: Knock Off|[of] p2a: Iron Valiant\n|move|p1a: Pex|Haze|p1a: Pex\n|-clearallboost\n|\n|upkeep\n|turn|5\n|\n|t:|1701104011\n|move|p2a: Iron Valiant|Swords Dance|p2a: Iron Valiant\n|-boost|p2a: Iron Valiant|atk|2\n|move|p1a: Pex|Recover|p1a: Pex\n|-heal|p1a: Pex|100\/100\n|\n|upkeep\n|turn|6\n|\n|t:|1701104023\n|move|p2a: Iron Valiant|Close Combat|p1a: Pex\n|-resisted|p1a: Pex\n|-damage|p1a: Pex|62\/100\n|-unboost|p2a: Iron Valiant|def|1\n|-unboost|p2a: Iron Valiant|spd|1\n|move|p1a: Pex|Haze|p1a: Pex\n|-clearallboost\n|\n|upkeep\n|turn|7\n|\n|t:|1701104027\n|move|p2a: Iron Valiant|Swords Dance|p2a: Iron Valiant\n|-boost|p2a: Iron Valiant|atk|2\n|move|p1a: Pex|Toxic|p2a: Iron Valiant\n|-status|p2a: Iron Valiant|tox\n|\n|-damage|p2a: Iron Valiant|94\/100 tox|[from] psn\n|upkeep\n|turn|8\n|\n|t:|1701104032\n|move|p2a: Iron Valiant|Swords Dance|p2a: Iron Valiant\n|-boost|p2a: Iron Valiant|atk|2\n|move|p1a: Pex|Haze|p1a: Pex\n|-clearallboost\n|\n|-damage|p2a: Iron Valiant|82\/100 tox|[from] psn\n|upkeep\n|turn|9\n|\n|t:|1701104034\n|move|p2a: Iron Valiant|Close Combat|p1a: Pex\n|-resisted|p1a: Pex\n|-damage|p1a: Pex|42\/100\n|-unboost|p2a: Iron Valiant|def|1\n|-unboost|p2a: Iron Valiant|spd|1\n|move|p1a: Pex|Recover|p1a: Pex\n|-heal|p1a: Pex|92\/100\n|\n|-damage|p2a: Iron Valiant|63\/100 tox|[from] psn\n|upkeep\n|turn|10\n|\n|t:|1701104050\n|-end|p2a: Iron Valiant|Quark Drive|[silent]\n|switch|p2a: Kingambit|Kingambit, M|100\/100\n|-activate|p2a: Kingambit|ability: Supreme Overlord\n|-start|p2a: Kingambit|fallen1|[silent]\n|move|p1a: Pex|Liquidation|p2a: Kingambit\n|-damage|p2a: Kingambit|83\/100\n|\n|upkeep\n|turn|11\n|\n|t:|1701104066\n|move|p2a: Kingambit|Swords Dance|p2a: Kingambit\n|-boost|p2a: Kingambit|atk|2\n|move|p1a: Pex|Liquidation|p2a: Kingambit\n|-damage|p2a: Kingambit|67\/100\n|\n|upkeep\n|turn|12\n|\n|t:|1701104073\n|move|p2a: Kingambit|Kowtow Cleave|p1a: Pex\n|-damage|p1a: Pex|13\/100\n|move|p1a: Pex|Haze|p1a: Pex\n|-clearallboost\n|\n|upkeep\n|turn|13\n|\n|t:|1701104079\n|switch|p1a: Grimm|Grimmsnarl, M|100\/100\n|move|p2a: Kingambit|Kowtow Cleave|p1a: Grimm\n|-resisted|p1a: Grimm\n|-damage|p1a: Grimm|84\/100\n|\n|upkeep\n|turn|14\n|\n|t:|1701104086\n|-end|p2a: Kingambit|fallen1|[silent]\n|switch|p2a: Iron Moth|Iron Moth|100\/100\n|-enditem|p2a: Iron Moth|Booster Energy\n|-activate|p2a: Iron Moth|ability: Quark Drive|[fromitem]\n|-start|p2a: Iron Moth|quarkdrivespe\n|move|p1a: Grimm|Reflect|p1a: Grimm\n|-sidestart|p1: 3lit|Reflect\n|\n|upkeep\n|turn|15\n|inactive|3lit has 120 seconds left.\n|\n|t:|1701104137\n|move|p1a: Grimm|Light Screen|p1a: Grimm\n|-sidestart|p1: 3lit|move: Light Screen\n|move|p2a: Iron Moth|Substitute|p2a: Iron Moth\n|-start|p2a: Iron Moth|Substitute\n|-damage|p2a: Iron Moth|76\/100\n|\n|upkeep\n|turn|16\n|\n|t:|1701104150\n|switch|p1a: Pex|Toxapex, M|46\/100\n|move|p2a: Iron Moth|Sludge Wave|p1a: Pex\n|-resisted|p1a: Pex\n|-damage|p1a: Pex|35\/100\n|\n|upkeep\n|turn|17\n|\n|t:|1701104163\n|switch|p1a: Gloking|Slowking-Galar, M, shiny|100\/100\n|move|p2a: Iron Moth|Fiery Dance|p1a: Gloking\n|-damage|p1a: Gloking|90\/100\n|\n|upkeep\n|turn|18\n|\n|t:|1701104166\n|move|p2a: Iron Moth|Fiery Dance|p1a: Gloking\n|-damage|p1a: Gloking|80\/100\n|move|p1a: Gloking|Future Sight|p2a: Iron Moth\n|-start|p1a: Gloking|move: Future Sight\n|\n|upkeep\n|turn|19\n|\n|t:|1701104169\n|move|p2a: Iron Moth|Fiery Dance|p1a: Gloking\n|-damage|p1a: Gloking|70\/100\n|-boost|p2a: Iron Moth|spa|1\n|move|p1a: Gloking|Psyshock|p2a: Iron Moth\n|-supereffective|p2a: Iron Moth\n|-end|p2a: Iron Moth|Substitute\n|\n|upkeep\n|turn|20\n|\n|t:|1701104173\n|-end|p2a: Iron Moth|Quark Drive|[silent]\n|switch|p2a: Kingambit|Kingambit, M|67\/100\n|-activate|p2a: Kingambit|ability: Supreme Overlord\n|-start|p2a: Kingambit|fallen1|[silent]\n|move|p1a: Gloking|Flamethrower|p2a: Kingambit\n|-supereffective|p2a: Kingambit\n|-damage|p2a: Kingambit|2\/100\n|\n|-end|p2a: Kingambit|move: Future Sight\n|-immune|p2a: Kingambit\n|upkeep\n|turn|21\n|\n|t:|1701104181\n|switch|p1a: Pex|Toxapex, M|68\/100\n|move|p2a: Kingambit|Kowtow Cleave|p1a: Pex\n|-damage|p1a: Pex|47\/100\n|\n|-sideend|p1: 3lit|Reflect\n|upkeep\n|turn|22\n|\n|t:|1701104185\n|move|p2a: Kingambit|Kowtow Cleave|p1a: Pex\n|-damage|p1a: Pex|4\/100\n|move|p1a: Pex|Recover|p1a: Pex\n|-heal|p1a: Pex|54\/100\n|\n|-sideend|p1: 3lit|move: Light Screen\n|upkeep\n|turn|23\n|\n|t:|1701104191\n|move|p2a: Kingambit|Swords Dance|p2a: Kingambit\n|-boost|p2a: Kingambit|atk|2\n|move|p1a: Pex|Liquidation|p2a: Kingambit\n|-damage|p2a: Kingambit|0 fnt\n|faint|p2a: Kingambit\n|-end|p2a: Kingambit|fallen1|[silent]\n|\n|upkeep\n|\n|t:|1701104198\n|switch|p2a: Ogerpon|Ogerpon-Wellspring, F|100\/100\n|turn|24\n|\n|t:|1701104204\n|move|p2a: Ogerpon|Swords Dance|p2a: Ogerpon\n|-boost|p2a: Ogerpon|atk|2\n|move|p1a: Pex|Toxic|p2a: Ogerpon\n|-status|p2a: Ogerpon|tox\n|\n|-damage|p2a: Ogerpon|95\/100 tox|[from] psn\n|upkeep\n|turn|25\n|\n|t:|1701104210\n|switch|p1a: Grimm|Grimmsnarl, M|84\/100\n|move|p2a: Ogerpon|Power Whip|p1a: Grimm\n|-damage|p1a: Grimm|0 fnt\n|faint|p1a: Grimm\n|\n|-damage|p2a: Ogerpon|83\/100 tox|[from] psn\n|upkeep\n|\n|t:|1701104215\n|switch|p1a: Pex|Toxapex, M|87\/100\n|turn|26\n|\n|t:|1701104219\n|move|p2a: Ogerpon|Power Whip|p1a: Pex\n|-damage|p1a: Pex|4\/100\n|move|p1a: Pex|Haze|p1a: Pex\n|-clearallboost\n|\n|-damage|p2a: Ogerpon|65\/100 tox|[from] psn\n|upkeep\n|turn|27\n|\n|t:|1701104225\n|switch|p1a: Zapdos|Zapdos, shiny|100\/100\n|move|p2a: Ogerpon|Knock Off|p1a: Zapdos\n|-damage|p1a: Zapdos|55\/100\n|-enditem|p1a: Zapdos|Choice Specs|[from] move: Knock Off|[of] p2a: Ogerpon\n|\n|-damage|p2a: Ogerpon|41\/100 tox|[from] psn\n|upkeep\n|turn|28\n|\n|t:|1701104231\n|switch|p2a: Iron Valiant|Iron Valiant|63\/100 tox\n|move|p1a: Zapdos|Volt Switch|p2a: Iron Valiant\n|-damage|p2a: Iron Valiant|5\/100 tox\n|\n|t:|1701104234\n|switch|p1a: Pex|Toxapex, M|38\/100|[from] Volt Switch\n|\n|-damage|p2a: Iron Valiant|0 fnt|[from] psn\n|faint|p2a: Iron Valiant\n|-end|p2a: Iron Valiant|Quark Drive|[silent]\n|upkeep\n|\n|t:|1701104263\n|switch|p2a: Ogerpon|Ogerpon-Wellspring, F|41\/100 tox\n|turn|29\n|\n|t:|1701104274\n|switch|p1a: Gloking|Slowking-Galar, M, shiny|100\/100\n|move|p2a: Ogerpon|Swords Dance|p2a: Ogerpon\n|-boost|p2a: Ogerpon|atk|2\n|\n|-damage|p2a: Ogerpon|35\/100 tox|[from] psn\n|upkeep\n|turn|30\n|\n|t:|1701104279\n|move|p2a: Ogerpon|Knock Off|p1a: Gloking\n|-supereffective|p1a: Gloking\n|-crit|p1a: Gloking\n|-damage|p1a: Gloking|0 fnt\n|-enditem|p1a: Gloking|Assault Vest|[from] move: Knock Off|[of] p2a: Ogerpon\n|faint|p1a: Gloking\n|\n|-damage|p2a: Ogerpon|23\/100 tox|[from] psn\n|upkeep\n|\n|t:|1701104287\n|switch|p1a: Pex|Toxapex, M|71\/100\n|turn|31\n|\n|t:|1701104289\n|move|p2a: Ogerpon|Power Whip|p1a: Pex\n|-damage|p1a: Pex|0 fnt\n|faint|p1a: Pex\n|\n|-damage|p2a: Ogerpon|5\/100 tox|[from] psn\n|upkeep\n|\n|t:|1701104293\n|switch|p1a: Ace|Cinderace, F|100\/100\n|turn|32\n|\n|t:|1701104303\n|move|p1a: Ace|Sucker Punch|p2a: Ogerpon\n|-start|p1a: Ace|typechange|Dark|[from] ability: Libero\n|-damage|p2a: Ogerpon|0 fnt\n|faint|p2a: Ogerpon\n|\n|upkeep\n|\n|t:|1701104305\n|switch|p2a: Zamazenta|Zamazenta, shiny|100\/100\n|-ability|p2a: Zamazenta|Dauntless Shield|boost\n|-boost|p2a: Zamazenta|def|1\n|turn|33\n|\n|t:|1701104311\n|switch|p1a: Tusker|Great Tusk|100\/100\n|move|p2a: Zamazenta|Iron Defense|p2a: Zamazenta\n|-boost|p2a: Zamazenta|def|2\n|\n|upkeep\n|turn|34\n|\n|t:|1701104320\n|move|p2a: Zamazenta|Iron Defense|p2a: Zamazenta\n|-boost|p2a: Zamazenta|def|2\n|move|p1a: Tusker|Stealth Rock|p2a: Zamazenta\n|-sidestart|p2: Aulubear|move: Stealth Rock\n|\n|upkeep\n|turn|35\n|\n|t:|1701104327\n|move|p2a: Zamazenta|Iron Defense|p2a: Zamazenta\n|-boost|p2a: Zamazenta|def|1\n|move|p1a: Tusker|Headlong Rush|p2a: Zamazenta\n|-damage|p2a: Zamazenta|87\/100\n|-unboost|p1a: Tusker|def|1\n|-unboost|p1a: Tusker|spd|1\n|\n|-heal|p2a: Zamazenta|93\/100|[from] item: Leftovers\n|upkeep\n|turn|36\n|\n|t:|1701104329\n|move|p2a: Zamazenta|Body Press|p1a: Tusker\n|-damage|p1a: Tusker|0 fnt\n|faint|p1a: Tusker\n|-end|p1a: Tusker|Protosynthesis|[silent]\n|\n|-heal|p2a: Zamazenta|99\/100|[from] item: Leftovers\n|upkeep\n|\n|t:|1701104333\n|switch|p1a: Zapdos|Zapdos, shiny|55\/100\n|turn|37\n|\n|t:|1701104336\n|move|p2a: Zamazenta|Body Press|p1a: Zapdos\n|-resisted|p1a: Zapdos\n|-damage|p1a: Zapdos|0 fnt\n|-status|p2a: Zamazenta|par|[from] ability: Static|[of] p1a: Zapdos\n|faint|p1a: Zapdos\n|\n|-heal|p2a: Zamazenta|100\/100 par|[from] item: Leftovers\n|upkeep\n|\n|t:|1701104341\n|switch|p1a: Ace|Cinderace, F|100\/100\n|turn|38\n|\n|t:|1701104347\n|move|p1a: Ace|High Jump Kick|p2a: Zamazenta\n|-start|p1a: Ace|typechange|Fighting|[from] ability: Libero\n|-damage|p2a: Zamazenta|79\/100 par\n|cant|p2a: Zamazenta|par\n|\n|-heal|p2a: Zamazenta|85\/100 par|[from] item: Leftovers\n|upkeep\n|turn|39\n|\n|t:|1701104351\n|move|p1a: Ace|High Jump Kick|p2a: Zamazenta|[miss]\n|-miss|p1a: Ace|p2a: Zamazenta\n|-damage|p1a: Ace|51\/100|[from] highjumpkick\n|cant|p2a: Zamazenta|par\n|\n|-heal|p2a: Zamazenta|92\/100 par|[from] item: Leftovers\n|upkeep\n|turn|40\n|\n|t:|1701104352\n|move|p1a: Ace|High Jump Kick|p2a: Zamazenta\n|-damage|p2a: Zamazenta|73\/100 par\n|move|p2a: Zamazenta|Body Press|p1a: Ace\n|-damage|p1a: Ace|0 fnt\n|faint|p1a: Ace\n|\n|win|Aulubear\n|raw|3lit's rating: 1158 &rarr; <strong>1137<\/strong><br \/>(-21 for losing)\n|raw|Aulubear's rating: 1220 &rarr; <strong>1241<\/strong><br \/>(+21 for winning)\n|l|\u26063lit\n","uploadtime":1701104366,"views":10,"p1id":"3lit","p2id":"aulubear","formatid":"gen9ou","rating":1137,"private":0,"password":""}