{"id":"gen9ou-1996791937","p1":"AkiDes","p2":"MrMimingtonII","format":"[Gen 9] OU","log":"|j|\u2606AkiDes\n|j|\u2606MrMimingtonII\n|t:|1700726023\n|gametype|singles\n|player|p1|AkiDes|cilan|1204\n|player|p2|MrMimingtonII|elesa-masters|1165\n|teamsize|p1|6\n|teamsize|p2|6\n|gen|9\n|tier|[Gen 9] OU\n|rated|\n|rule|Sleep Clause Mod: Limit one foe put to sleep\n|rule|Species Clause: Limit one of each Pok\u00e9mon\n|rule|OHKO Clause: OHKO moves are banned\n|rule|Evasion Items Clause: Evasion items are banned\n|rule|Evasion Moves Clause: Evasion moves are banned\n|rule|Endless Battle Clause: Forcing endless battles is banned\n|rule|HP Percentage Mod: HP is shown in percentages\n|clearpoke\n|poke|p1|Greninja-*, F|\n|poke|p1|Dragonite, M|\n|poke|p1|Cinderace, M|\n|poke|p1|Mandibuzz, F|\n|poke|p1|Jolteon, M|\n|poke|p1|Gholdengo|\n|poke|p2|Ceruledge, F|\n|poke|p2|Dragonite, M|\n|poke|p2|Alomomola, M|\n|poke|p2|Corviknight, M|\n|poke|p2|Gholdengo|\n|poke|p2|Indeedee, M|\n|teampreview\n|\n|t:|1700726073\n|start\n|switch|p1a: Jarcres|Jolteon, M|100\/100\n|switch|p2a: Ceruledge|Ceruledge, F|100\/100\n|turn|1\n|\n|t:|1700726082\n|move|p1a: Jarcres|Shadow Ball|p2a: Ceruledge\n|-supereffective|p2a: Ceruledge\n|-damage|p2a: Ceruledge|18\/100\n|-unboost|p2a: Ceruledge|spd|1\n|-enditem|p2a: Ceruledge|Weakness Policy\n|-boost|p2a: Ceruledge|atk|2|[from] item: Weakness Policy\n|-boost|p2a: Ceruledge|spa|2|[from] item: Weakness Policy\n|move|p2a: Ceruledge|Poltergeist|p1a: Jarcres\n|-activate|p1a: Jarcres|move: Poltergeist|Choice Specs\n|-damage|p1a: Jarcres|0 fnt\n|faint|p1a: Jarcres\n|\n|upkeep\n|\n|t:|1700726093\n|switch|p1a: SIUUUU|Cinderace, M|100\/100\n|turn|2\n|\n|t:|1700726097\n|move|p2a: Ceruledge|Endure|p2a: Ceruledge\n|-singleturn|p2a: Ceruledge|move: Endure\n|move|p1a: SIUUUU|Sucker Punch||[still]\n|-fail|p1a: SIUUUU\n|\n|upkeep\n|turn|3\n|\n|t:|1700726108\n|move|p2a: Ceruledge|Endure||[still]\n|-fail|p2a: Ceruledge\n|move|p1a: SIUUUU|Sucker Punch||[still]\n|-fail|p1a: SIUUUU\n|\n|upkeep\n|turn|4\n|\n|t:|1700726117\n|move|p1a: SIUUUU|Pyro Ball|p2a: Ceruledge\n|-resisted|p2a: Ceruledge\n|-crit|p2a: Ceruledge\n|-damage|p2a: Ceruledge|0 fnt\n|faint|p2a: Ceruledge\n|\n|upkeep\n|\n|t:|1700726125\n|switch|p2a: Dragonite|Dragonite, M|100\/100\n|turn|5\n|\n|t:|1700726131\n|move|p1a: SIUUUU|U-turn|p2a: Dragonite\n|-start|p1a: SIUUUU|typechange|Bug|[from] ability: Libero\n|-resisted|p2a: Dragonite\n|-damage|p2a: Dragonite|92\/100\n|\n|t:|1700726138\n|switch|p1a: Festin celestial|Mandibuzz, F|100\/100|[from] U-turn\n|move|p2a: Dragonite|Earthquake|p1a: Festin celestial\n|-immune|p1a: Festin celestial\n|\n|upkeep\n|turn|6\n|\n|t:|1700726145\n|switch|p2a: Corviknight|Corviknight, M|100\/100\n|move|p1a: Festin celestial|Toxic|p2a: Corviknight\n|-immune|p2a: Corviknight\n|\n|upkeep\n|turn|7\n|\n|t:|1700726153\n|switch|p1a: SIUUUU|Cinderace, M|100\/100\n|move|p2a: Corviknight|U-turn|p1a: SIUUUU\n|-resisted|p1a: SIUUUU\n|-damage|p1a: SIUUUU|90\/100\n|\n|t:|1700726158\n|switch|p2a: Dragonite|Dragonite, M|92\/100|[from] U-turn\n|\n|upkeep\n|turn|8\n|\n|t:|1700726163\n|move|p1a: SIUUUU|U-turn|p2a: Dragonite\n|-start|p1a: SIUUUU|typechange|Bug|[from] ability: Libero\n|-resisted|p2a: Dragonite\n|-damage|p2a: Dragonite|75\/100\n|\n|t:|1700726169\n|switch|p1a: Chispin|Greninja, F, shiny|100\/100|[from] U-turn\n|move|p2a: Dragonite|Outrage|p1a: Chispin\n|-damage|p1a: Chispin|0 fnt\n|faint|p1a: Chispin\n|\n|upkeep\n|\n|t:|1700726176\n|switch|p1a: Gholdengo|Gholdengo|100\/100\n|turn|9\n|\n|t:|1700726179\n|move|p1a: Gholdengo|Power Gem|p2a: Dragonite\n|-supereffective|p2a: Dragonite\n|-damage|p2a: Dragonite|10\/100\n|move|p2a: Dragonite|Outrage|p1a: Gholdengo|[from]lockedmove\n|-resisted|p1a: Gholdengo\n|-damage|p1a: Gholdengo|43\/100\n|-start|p2a: Dragonite|confusion|[fatigue]\n|\n|-heal|p1a: Gholdengo|49\/100|[from] item: Leftovers\n|upkeep\n|turn|10\n|\n|t:|1700726188\n|switch|p2a: Gholdengo|Gholdengo|100\/100\n|move|p1a: Gholdengo|Power Gem|p2a: Gholdengo\n|-resisted|p2a: Gholdengo\n|-damage|p2a: Gholdengo|85\/100\n|\n|-heal|p1a: Gholdengo|55\/100|[from] item: Leftovers\n|upkeep\n|turn|11\n|\n|t:|1700726196\n|move|p2a: Gholdengo|Make It Rain|p1a: Gholdengo\n|-resisted|p1a: Gholdengo\n|-damage|p1a: Gholdengo|12\/100\n|-unboost|p2a: Gholdengo|spa|1\n|move|p1a: Gholdengo|Shadow Ball|p2a: Gholdengo\n|-supereffective|p2a: Gholdengo\n|-damage|p2a: Gholdengo|0 fnt\n|faint|p2a: Gholdengo\n|\n|-heal|p1a: Gholdengo|18\/100|[from] item: Leftovers\n|upkeep\n|\n|t:|1700726213\n|switch|p2a: Dragonite|Dragonite, M|10\/100\n|turn|12\n|\n|t:|1700726225\n|switch|p2a: Alomomola|Alomomola, M|100\/100\n|move|p1a: Gholdengo|Power Gem|p2a: Alomomola\n|-damage|p2a: Alomomola|64\/100\n|-enditem|p2a: Alomomola|Red Card|[of] p1a: Gholdengo\n|drag|p1a: SIUUUU|Cinderace, M|90\/100\n|\n|upkeep\n|turn|13\n|\n|t:|1700726233\n|move|p1a: SIUUUU|U-turn|p2a: Alomomola\n|-start|p1a: SIUUUU|typechange|Bug|[from] ability: Libero\n|-damage|p2a: Alomomola|48\/100\n|\n|t:|1700726237\n|switch|p1a: Gholdengo|Gholdengo|18\/100|[from] U-turn\n|move|p2a: Alomomola|Scald|p1a: Gholdengo\n|-damage|p1a: Gholdengo|3\/100\n|\n|-heal|p1a: Gholdengo|9\/100|[from] item: Leftovers\n|upkeep\n|turn|14\n|\n|t:|1700726250\n|switch|p2a: Corviknight|Corviknight, M|100\/100\n|move|p1a: Gholdengo|Shadow Ball|p2a: Corviknight\n|-damage|p2a: Corviknight|60\/100\n|\n|-heal|p1a: Gholdengo|15\/100|[from] item: Leftovers\n|-heal|p2a: Corviknight|67\/100|[from] item: Leftovers\n|upkeep\n|turn|15\n|\n|t:|1700726258\n|move|p1a: Gholdengo|Power Gem|p2a: Corviknight\n|-damage|p2a: Corviknight|38\/100\n|move|p2a: Corviknight|Brave Bird|p1a: Gholdengo\n|-resisted|p1a: Gholdengo\n|-damage|p1a: Gholdengo|0 fnt\n|faint|p1a: Gholdengo\n|-damage|p2a: Corviknight|34\/100|[from] Recoil\n|\n|-heal|p2a: Corviknight|41\/100|[from] item: Leftovers\n|upkeep\n|\n|t:|1700726268\n|switch|p1a: SIUUUU|Cinderace, M|90\/100\n|turn|16\n|\n|t:|1700726273\n|switch|p2a: Alomomola|Alomomola, M|81\/100\n|move|p1a: SIUUUU|Pyro Ball|p2a: Alomomola\n|-resisted|p2a: Alomomola\n|-damage|p2a: Alomomola|65\/100\n|\n|upkeep\n|turn|17\n|inactive|Battle timer is ON: inactive players will automatically lose when time's up. (requested by AkiDes)\n|\n|t:|1700726278\n|move|p1a: SIUUUU|U-turn|p2a: Alomomola\n|-start|p1a: SIUUUU|typechange|Bug|[from] ability: Libero\n|-damage|p2a: Alomomola|47\/100\n|\n|t:|1700726282\n|switch|p1a: Festin celestial|Mandibuzz, F|100\/100|[from] U-turn\n|move|p2a: Alomomola|Scald|p1a: Festin celestial\n|-damage|p1a: Festin celestial|89\/100\n|-status|p1a: Festin celestial|brn\n|\n|-damage|p1a: Festin celestial|83\/100 brn|[from] brn\n|upkeep\n|turn|18\n|\n|t:|1700726289\n|switch|p1a: SIUUUU|Cinderace, M|90\/100\n|move|p2a: Alomomola|Wish|p2a: Alomomola\n|\n|upkeep\n|turn|19\n|\n|t:|1700726294\n|move|p1a: SIUUUU|High Jump Kick|p2a: Alomomola\n|-start|p1a: SIUUUU|typechange|Fighting|[from] ability: Libero\n|-damage|p2a: Alomomola|15\/100\n|move|p2a: Alomomola|Scald|p1a: SIUUUU\n|-damage|p1a: SIUUUU|77\/100\n|\n|-heal|p2a: Alomomola|65\/100|[from] move: Wish|[wisher] Alomomola\n|upkeep\n|turn|20\n|\n|t:|1700726304\n|move|p1a: SIUUUU|U-turn|p2a: Alomomola\n|-damage|p2a: Alomomola|54\/100\n|\n|t:|1700726306\n|switch|p1a: Festin celestial|Mandibuzz, F|83\/100 brn|[from] U-turn\n|move|p2a: Alomomola|Wish|p2a: Alomomola\n|\n|-damage|p1a: Festin celestial|77\/100 brn|[from] brn\n|upkeep\n|turn|21\n|\n|t:|1700726309\n|switch|p2a: Corviknight|Corviknight, M|41\/100\n|move|p1a: Festin celestial|Toxic|p2a: Corviknight\n|-immune|p2a: Corviknight\n|\n|-heal|p2a: Corviknight|100\/100|[from] move: Wish|[wisher] Alomomola\n|-damage|p1a: Festin celestial|70\/100 brn|[from] brn\n|upkeep\n|turn|22\n|\n|t:|1700726318\n|switch|p1a: SIUUUU|Cinderace, M|77\/100\n|move|p2a: Corviknight|Brave Bird|p1a: SIUUUU\n|-crit|p1a: SIUUUU\n|-damage|p1a: SIUUUU|0 fnt\n|faint|p1a: SIUUUU\n|-damage|p2a: Corviknight|81\/100|[from] Recoil\n|\n|-heal|p2a: Corviknight|88\/100|[from] item: Leftovers\n|upkeep\n|\n|t:|1700726325\n|switch|p1a: Cacahuate|Dragonite, M|100\/100\n|turn|23\n|\n|t:|1700726330\n|move|p1a: Cacahuate|Dragon Dance|p1a: Cacahuate\n|-boost|p1a: Cacahuate|atk|1\n|-boost|p1a: Cacahuate|spe|1\n|move|p2a: Corviknight|U-turn|p1a: Cacahuate\n|-resisted|p1a: Cacahuate\n|-damage|p1a: Cacahuate|96\/100\n|\n|t:|1700726334\n|switch|p2a: Alomomola|Alomomola, M|87\/100|[from] U-turn\n|\n|upkeep\n|turn|24\n|\n|t:|1700726339\n|-terastallize|p1a: Cacahuate|Normal\n|move|p1a: Cacahuate|Dragon Dance|p1a: Cacahuate\n|-boost|p1a: Cacahuate|atk|1\n|-boost|p1a: Cacahuate|spe|1\n|move|p2a: Alomomola|Scald|p1a: Cacahuate\n|-damage|p1a: Cacahuate|81\/100\n|\n|upkeep\n|turn|25\n|\n|t:|1700726347\n|-terastallize|p2a: Alomomola|Steel\n|move|p1a: Cacahuate|Extreme Speed|p2a: Alomomola\n|-resisted|p2a: Alomomola\n|-damage|p2a: Alomomola|64\/100\n|move|p2a: Alomomola|Scald|p1a: Cacahuate\n|-damage|p1a: Cacahuate|67\/100\n|\n|upkeep\n|turn|26\n|\n|t:|1700726356\n|move|p1a: Cacahuate|Earthquake|p2a: Alomomola\n|-supereffective|p2a: Alomomola\n|-damage|p2a: Alomomola|0 fnt\n|faint|p2a: Alomomola\n|\n|upkeep\n|\n|t:|1700726358\n|switch|p2a: Corviknight|Corviknight, M|88\/100\n|turn|27\n|\n|t:|1700726361\n|move|p1a: Cacahuate|Fire Punch|p2a: Corviknight\n|-supereffective|p2a: Corviknight\n|-damage|p2a: Corviknight|21\/100\n|move|p2a: Corviknight|Brave Bird|p1a: Cacahuate\n|-damage|p1a: Cacahuate|23\/100\n|-damage|p2a: Corviknight|9\/100|[from] Recoil\n|\n|-heal|p2a: Corviknight|15\/100|[from] item: Leftovers\n|upkeep\n|turn|28\n|\n|t:|1700726368\n|move|p1a: Cacahuate|Fire Punch|p2a: Corviknight\n|-supereffective|p2a: Corviknight\n|-damage|p2a: Corviknight|0 fnt\n|faint|p2a: Corviknight\n|\n|upkeep\n|\n|t:|1700726372\n|switch|p2a: Indeedee|Indeedee, M|100\/100\n|-fieldstart|move: Psychic Terrain|[from] ability: Psychic Surge|[of] p2a: Indeedee\n|-enditem|p2a: Indeedee|Psychic Seed\n|-boost|p2a: Indeedee|spd|1|[from] item: Psychic Seed\n|turn|29\n|\n|t:|1700726382\n|move|p1a: Cacahuate|Earthquake|p2a: Indeedee\n|-damage|p2a: Indeedee|0 fnt\n|faint|p2a: Indeedee\n|\n|upkeep\n|\n|t:|1700726384\n|switch|p2a: Dragonite|Dragonite, M|10\/100\n|turn|30\n|\n|t:|1700726390\n|move|p1a: Cacahuate|Fire Punch|p2a: Dragonite\n|-resisted|p2a: Dragonite\n|-damage|p2a: Dragonite|0 fnt\n|faint|p2a: Dragonite\n|\n|win|AkiDes\n|raw|AkiDes's rating: 1204 &rarr; <strong>1226<\/strong><br \/>(+22 for winning)\n|raw|MrMimingtonII's rating: 1165 &rarr; <strong>1143<\/strong><br \/>(-22 for losing)\n","uploadtime":1700726393,"views":3,"p1id":"akides","p2id":"mrmimingtonii","formatid":"gen9ou","rating":1143,"private":0,"password":""}