{"id":"gen9ou-1997991644","p1":"BigDEVONN","p2":"Lovable-Peril","format":"[Gen 9] OU","log":"|j|\u2606BigDEVONN\n|j|\u2606Lovable-Peril\n|t:|1700876263\n|gametype|singles\n|player|p1|BigDEVONN|170|1107\n|player|p2|Lovable-Peril|cynthia|1206\n|teamsize|p1|6\n|teamsize|p2|6\n|gen|9\n|tier|[Gen 9] OU\n|rated|\n|rule|Sleep Clause Mod: Limit one foe put to sleep\n|rule|Species Clause: Limit one of each Pok\u00e9mon\n|rule|OHKO Clause: OHKO moves are banned\n|rule|Evasion Items Clause: Evasion items are banned\n|rule|Evasion Moves Clause: Evasion moves are banned\n|rule|Endless Battle Clause: Forcing endless battles is banned\n|rule|HP Percentage Mod: HP is shown in percentages\n|clearpoke\n|poke|p1|Mesprit|\n|poke|p1|Vikavolt, M|\n|poke|p1|Heracross, M|\n|poke|p1|Articuno-Galar|\n|poke|p1|Eelektross, M|\n|poke|p1|Salazzle, F|\n|poke|p2|Braviary-Hisui, M|\n|poke|p2|Iron Valiant|\n|poke|p2|Clefable, M|\n|poke|p2|Landorus-Therian, M|\n|poke|p2|Ceruledge, F|\n|poke|p2|Tsareena, F|\n|teampreview\n|inactive|Battle timer is ON: inactive players will automatically lose when time's up. (requested by Lovable-Peril)\n|inactive|Lovable-Peril has 120 seconds left.\n|\n|t:|1700876297\n|start\n|switch|p1a: slug|Heracross, M|100\/100\n|switch|p2a: Ceruledge|Ceruledge, F|100\/100\n|turn|1\n|\n|t:|1700876315\n|move|p1a: slug|Rock Blast|p2a: Ceruledge\n|-supereffective|p2a: Ceruledge\n|-damage|p2a: Ceruledge|82\/100\n|-supereffective|p2a: Ceruledge\n|-damage|p2a: Ceruledge|62\/100\n|-supereffective|p2a: Ceruledge\n|-damage|p2a: Ceruledge|44\/100\n|-supereffective|p2a: Ceruledge\n|-damage|p2a: Ceruledge|26\/100\n|-supereffective|p2a: Ceruledge\n|-damage|p2a: Ceruledge|8\/100\n|-hitcount|p2a: Ceruledge|5\n|move|p2a: Ceruledge|Bitter Blade|p1a: slug\n|-supereffective|p1a: slug\n|-damage|p1a: slug|2\/100\n|-heal|p2a: Ceruledge|50\/100|[from] drain|[of] p1a: slug\n|\n|-heal|p2a: Ceruledge|56\/100|[from] item: Leftovers\n|upkeep\n|turn|2\n|\n|t:|1700876331\n|move|p2a: Ceruledge|Shadow Sneak|p1a: slug\n|-damage|p1a: slug|0 fnt\n|faint|p1a: slug\n|\n|-heal|p2a: Ceruledge|63\/100|[from] item: Leftovers\n|upkeep\n|\n|t:|1700876345\n|switch|p1a: i be swaggin|Mesprit|100\/100\n|turn|3\n|c|\u2606Lovable-Peril|I don't like the weak armour set\n|c|\u2606Lovable-Peril|It's super weak to priority lol\n|\n|t:|1700876375\n|move|p1a: i be swaggin|Mystical Power|p2a: Ceruledge\n|-damage|p2a: Ceruledge|37\/100\n|-boost|p1a: i be swaggin|spa|1\n|move|p2a: Ceruledge|Poltergeist|p1a: i be swaggin\n|-activate|p1a: i be swaggin|move: Poltergeist|Choice Scarf\n|-supereffective|p1a: i be swaggin\n|-damage|p1a: i be swaggin|11\/100\n|\n|-heal|p2a: Ceruledge|43\/100|[from] item: Leftovers\n|upkeep\n|turn|4\n|c|\u2606BigDEVONN|i dont like\n|inactive|Lovable-Peril has 120 seconds left.\n|c|\u2606BigDEVONN|a fuck DEVONN thats that crap i dont like\n|\n|t:|1700876399\n|move|p1a: i be swaggin|Mystical Power|p2a: Ceruledge\n|-damage|p2a: Ceruledge|9\/100\n|-boost|p1a: i be swaggin|spa|1\n|move|p2a: Ceruledge|Bitter Blade|p1a: i be swaggin\n|-damage|p1a: i be swaggin|0 fnt\n|-heal|p2a: Ceruledge|15\/100|[from] drain|[of] p1a: i be swaggin\n|faint|p1a: i be swaggin\n|\n|-heal|p2a: Ceruledge|21\/100|[from] item: Leftovers\n|upkeep\n|c|\u2606BigDEVONN|wait why did i censor crap\n|c|\u2606BigDEVONN|man\\\n|\n|t:|1700876413\n|switch|p1a: adam|Salazzle, F|100\/100\n|-item|p1a: adam|Air Balloon\n|turn|5\n|c|\u2606Lovable-Peril|Idk man\n|inactive|Lovable-Peril has 120 seconds left.\n|\n|t:|1700876436\n|move|p1a: adam|Sludge Bomb|p2a: Ceruledge\n|-resisted|p2a: Ceruledge\n|-damage|p2a: Ceruledge|5\/100\n|move|p2a: Ceruledge|Poltergeist|p1a: adam\n|-activate|p1a: adam|move: Poltergeist|Air Balloon\n|-damage|p1a: adam|12\/100\n|-enditem|p1a: adam|Air Balloon\n|\n|-heal|p2a: Ceruledge|11\/100|[from] item: Leftovers\n|upkeep\n|turn|6\n|inactive|Lovable-Peril has 120 seconds left.\n|\n|t:|1700876457\n|move|p2a: Ceruledge|Shadow Sneak|p1a: adam\n|-damage|p1a: adam|0 fnt\n|faint|p1a: adam\n|\n|-heal|p2a: Ceruledge|17\/100|[from] item: Leftovers\n|upkeep\n|\n|t:|1700876464\n|switch|p1a: platypussi|Articuno-Galar, shiny|100\/100\n|turn|7\n|\n|t:|1700876474\n|move|p2a: Ceruledge|Shadow Sneak|p1a: platypussi\n|-supereffective|p1a: platypussi\n|-damage|p1a: platypussi|65\/100\n|move|p1a: platypussi|Shadow Ball|p2a: Ceruledge\n|-supereffective|p2a: Ceruledge\n|-damage|p2a: Ceruledge|0 fnt\n|faint|p2a: Ceruledge\n|\n|upkeep\n|inactive|Lovable-Peril has 120 seconds left.\n|\n|t:|1700876485\n|switch|p2a: Landorus|Landorus-Therian, M|100\/100\n|-ability|p2a: Landorus|Intimidate|boost\n|-unboost|p1a: platypussi|atk|1\n|-ability|p1a: platypussi|Competitive|boost\n|-boost|p1a: platypussi|spa|2\n|turn|8\n|inactive|Lovable-Peril has 120 seconds left.\n|c|\u2606Lovable-Peril|I always forget about competitve\n|inactive|BigDEVONN has 120 seconds left.\n|\n|t:|1700876520\n|move|p1a: platypussi|Freezing Glare|p2a: Landorus\n|-damage|p2a: Landorus|27\/100\n|move|p2a: Landorus|U-turn|p1a: platypussi\n|-damage|p1a: platypussi|42\/100\n|inactive|Lovable-Peril has 90 seconds left.\n|\n|t:|1700876555\n|switch|p2a: I am Speeeeed|Iron Valiant, shiny|100\/100|[from] U-turn\n|-enditem|p2a: I am Speeeeed|Booster Energy\n|-activate|p2a: I am Speeeeed|ability: Quark Drive|[fromitem]\n|-start|p2a: I am Speeeeed|quarkdrivespe\n|\n|upkeep\n|turn|9\n|inactive|Lovable-Peril has 90 seconds left.\n|inactive|BigDEVONN has 120 seconds left.\n|inactive|BigDEVONN has 90 seconds left.\n|inactive|BigDEVONN has 60 seconds left.\n|inactive|BigDEVONN has 30 seconds left.\n|inactive|BigDEVONN has 20 seconds left.\n|inactive|BigDEVONN has 15 seconds left.\n|inactive|BigDEVONN has 10 seconds left.\n|inactive|BigDEVONN has 5 seconds left.\n|-message|BigDEVONN lost due to inactivity.\n|\n|win|Lovable-Peril\n|raw|BigDEVONN's rating: 1107 &rarr; <strong>1089<\/strong><br \/>(-18 for losing)\n|raw|Lovable-Peril's rating: 1206 &rarr; <strong>1224<\/strong><br \/>(+18 for winning)\n","uploadtime":1700876398,"views":1,"p1id":"bigdevonn","p2id":"lovableperil","formatid":"gen9ou","rating":1089,"private":0,"password":""}