{"id":"gen9ou-1991975265","p1":"Hamilcar7","p2":"Tintin1107","format":"[Gen 9] OU","log":"|j|\u2606Hamilcar7\n|j|\u2606Tintin1107\n|t:|1700144234\n|gametype|singles\n|player|p1|Hamilcar7|gentleman-gen4|1298\n|player|p2|Tintin1107|2|1326\n|teamsize|p1|6\n|teamsize|p2|6\n|gen|9\n|tier|[Gen 9] OU\n|rated|\n|rule|Sleep Clause Mod: Limit one foe put to sleep\n|rule|Species Clause: Limit one of each Pok\u00e9mon\n|rule|OHKO Clause: OHKO moves are banned\n|rule|Evasion Items Clause: Evasion items are banned\n|rule|Evasion Moves Clause: Evasion moves are banned\n|rule|Endless Battle Clause: Forcing endless battles is banned\n|rule|HP Percentage Mod: HP is shown in percentages\n|clearpoke\n|poke|p1|Breloom, M|\n|poke|p1|Gyarados, F|\n|poke|p1|Corviknight, M|\n|poke|p1|Glimmora, M|\n|poke|p1|Goodra-Hisui, M|\n|poke|p1|Dragapult, M|\n|poke|p2|Corviknight, F|\n|poke|p2|Sandy Shocks|\n|poke|p2|Jirachi|\n|poke|p2|Salamence, M|\n|poke|p2|Blissey, F|\n|poke|p2|Slowking, F|\n|teampreview\n|inactive|Battle timer is ON: inactive players will automatically lose when time's up. (requested by Hamilcar7)\n|\n|t:|1700144241\n|start\n|switch|p1a: Glimmora|Glimmora, M|100\/100\n|switch|p2a: Sandy Shocks|Sandy Shocks|100\/100\n|-item|p1a: Glimmora|Air Balloon\n|turn|1\n|\n|t:|1700144247\n|move|p2a: Sandy Shocks|Volt Switch|p1a: Glimmora\n|-damage|p1a: Glimmora|41\/100\n|-enditem|p1a: Glimmora|Air Balloon\n|\n|t:|1700144251\n|-end|p2a: Sandy Shocks|Protosynthesis|[silent]\n|switch|p2a: Jirachi|Jirachi|100\/100|[from] Volt Switch\n|move|p1a: Glimmora|Stealth Rock|p2a: Jirachi\n|-sidestart|p2: Tintin1107|move: Stealth Rock\n|\n|upkeep\n|turn|2\n|\n|t:|1700144259\n|move|p1a: Glimmora|Spiky Shield|p1a: Glimmora\n|-singleturn|p1a: Glimmora|move: Protect\n|move|p2a: Jirachi|Psychic|p1a: Glimmora\n|-activate|p1a: Glimmora|move: Protect\n|\n|upkeep\n|turn|3\n|\n|t:|1700144267\n|switch|p1a: Goodra|Goodra-Hisui, M|100\/100\n|move|p2a: Jirachi|Psychic|p1a: Goodra\n|-resisted|p1a: Goodra\n|-damage|p1a: Goodra|90\/100\n|\n|-heal|p1a: Goodra|96\/100|[from] item: Leftovers\n|upkeep\n|turn|4\n|\n|t:|1700144275\n|switch|p2a: Salamence|Salamence, M|100\/100\n|-ability|p2a: Salamence|Intimidate|boost\n|-unboost|p1a: Goodra|atk|1\n|move|p1a: Goodra|Acid Armor|p1a: Goodra\n|-boost|p1a: Goodra|def|2\n|\n|-heal|p1a: Goodra|100\/100|[from] item: Leftovers\n|upkeep\n|turn|5\n|\n|t:|1700144287\n|switch|p2a: Blissey|Blissey, F|100\/100\n|move|p1a: Goodra|Dragon Tail|p2a: Blissey\n|-damage|p2a: Blissey|74\/100\n|drag|p2a: Salamence|Salamence, M|100\/100\n|-ability|p2a: Salamence|Intimidate|boost\n|-unboost|p1a: Goodra|atk|1\n|\n|upkeep\n|turn|6\n|\n|t:|1700144298\n|move|p2a: Salamence|Draco Meteor|p1a: Goodra\n|-damage|p1a: Goodra|60\/100\n|-unboost|p2a: Salamence|spa|2\n|move|p1a: Goodra|Dragon Tail|p2a: Salamence\n|-supereffective|p2a: Salamence\n|-damage|p2a: Salamence|71\/100\n|drag|p2a: Sandy Shocks|Sandy Shocks|100\/100\n|-damage|p2a: Sandy Shocks|94\/100|[from] Stealth Rock\n|\n|-heal|p1a: Goodra|66\/100|[from] item: Leftovers\n|upkeep\n|turn|7\n|\n|t:|1700144308\n|move|p2a: Sandy Shocks|Earth Power|p1a: Goodra\n|-supereffective|p1a: Goodra\n|-damage|p1a: Goodra|0 fnt\n|faint|p1a: Goodra\n|\n|upkeep\n|\n|t:|1700144315\n|switch|p1a: Gyarados|Gyarados, F|100\/100\n|turn|8\n|\n|t:|1700144320\n|-end|p2a: Sandy Shocks|Protosynthesis|[silent]\n|switch|p2a: Salamence|Salamence, M|71\/100\n|-ability|p2a: Salamence|Intimidate|boost\n|-unboost|p1a: Gyarados|atk|1\n|-terastallize|p1a: Gyarados|Ground\n|move|p1a: Gyarados|Dragon Dance|p1a: Gyarados\n|-boost|p1a: Gyarados|atk|1\n|-boost|p1a: Gyarados|spe|1\n|\n|upkeep\n|turn|9\n|\n|t:|1700144330\n|move|p1a: Gyarados|Outrage|p2a: Salamence\n|-supereffective|p2a: Salamence\n|-damage|p2a: Salamence|0 fnt\n|faint|p2a: Salamence\n|-ability|p1a: Gyarados|Moxie|boost\n|-boost|p1a: Gyarados|atk|1\n|\n|upkeep\n|\n|t:|1700144336\n|switch|p2a: Corviknight|Corviknight, F|100\/100\n|-damage|p2a: Corviknight|88\/100|[from] Stealth Rock\n|-ability|p2a: Corviknight|Pressure\n|turn|10\n|\n|t:|1700144354\n|move|p1a: Gyarados|Outrage|p2a: Corviknight|[from]lockedmove\n|-resisted|p2a: Corviknight\n|-damage|p2a: Corviknight|67\/100\n|-start|p1a: Gyarados|confusion|[fatigue]\n|-enditem|p1a: Gyarados|Lum Berry|[eat]\n|-end|p1a: Gyarados|confusion\n|move|p2a: Corviknight|U-turn|p1a: Gyarados\n|-damage|p1a: Gyarados|83\/100\n|\n|t:|1700144358\n|switch|p2a: Jirachi|Jirachi|100\/100|[from] U-turn\n|-damage|p2a: Jirachi|94\/100|[from] Stealth Rock\n|\n|upkeep\n|turn|11\n|\n|t:|1700144362\n|move|p2a: Jirachi|Flash Cannon|p1a: Gyarados\n|-damage|p1a: Gyarados|46\/100\n|move|p1a: Gyarados|Earthquake|p2a: Jirachi\n|-supereffective|p2a: Jirachi\n|-damage|p2a: Jirachi|0 fnt\n|faint|p2a: Jirachi\n|-ability|p1a: Gyarados|Moxie|boost\n|-boost|p1a: Gyarados|atk|1\n|\n|upkeep\n|\n|t:|1700144375\n|switch|p2a: Slowking|Slowking, F|100\/100\n|turn|12\n|\n|t:|1700144384\n|switch|p2a: Corviknight|Corviknight, F|67\/100\n|-damage|p2a: Corviknight|55\/100|[from] Stealth Rock\n|-ability|p2a: Corviknight|Pressure\n|move|p1a: Gyarados|Earthquake|p2a: Corviknight\n|-immune|p2a: Corviknight\n|\n|-heal|p2a: Corviknight|61\/100|[from] item: Leftovers\n|upkeep\n|turn|13\n|\n|t:|1700144400\n|switch|p2a: Slowking|Slowking, F|100\/100\n|move|p1a: Gyarados|Waterfall|p2a: Slowking\n|-resisted|p2a: Slowking\n|-damage|p2a: Slowking|69\/100\n|\n|upkeep\n|turn|14\n|\n|t:|1700144423\n|move|p1a: Gyarados|Earthquake|p2a: Slowking\n|-damage|p2a: Slowking|0 fnt\n|faint|p2a: Slowking\n|-ability|p1a: Gyarados|Moxie|boost\n|-boost|p1a: Gyarados|atk|1\n|\n|upkeep\n|\n|t:|1700144426\n|switch|p2a: Corviknight|Corviknight, F|61\/100\n|-damage|p2a: Corviknight|48\/100|[from] Stealth Rock\n|-ability|p2a: Corviknight|Pressure\n|turn|15\n|\n|t:|1700144433\n|-terastallize|p2a: Corviknight|Dragon\n|move|p1a: Gyarados|Outrage|p2a: Corviknight\n|-supereffective|p2a: Corviknight\n|-damage|p2a: Corviknight|0 fnt\n|faint|p2a: Corviknight\n|-ability|p1a: Gyarados|Moxie|boost\n|-boost|p1a: Gyarados|atk|1\n|\n|upkeep\n|\n|t:|1700144437\n|switch|p2a: Blissey|Blissey, F|74\/100\n|turn|16\n|-message|Tintin1107 forfeited.\n|\n|win|Hamilcar7\n|raw|Hamilcar7's rating: 1298 &rarr; <strong>1325<\/strong><br \/>(+27 for winning)\n|raw|Tintin1107's rating: 1326 &rarr; <strong>1304<\/strong><br \/>(-22 for losing)\n|l|\u2606Tintin1107\n|j|\u2606Tintin1107\n|player|p2|Tintin1107|2\n","uploadtime":1700144448,"views":11,"p1id":"hamilcar7","p2id":"tintin1107","formatid":"gen9ou","rating":1304,"private":0,"password":""}