{"id":"gen9ou-1989410882","p1":"IWalkMyFish","p2":"ArvenDs5","format":"[Gen 9] OU","log":"|j|\u2606IWalkMyFish\n|j|\u2606ArvenDs5\n|t:|1699846737\n|gametype|singles\n|player|p1|IWalkMyFish|lyra|1066\n|player|p2|ArvenDs5|acetrainersnow|1176\n|teamsize|p1|6\n|teamsize|p2|6\n|gen|9\n|tier|[Gen 9] OU\n|rated|\n|rule|Sleep Clause Mod: Limit one foe put to sleep\n|rule|Species Clause: Limit one of each Pok\u00e9mon\n|rule|OHKO Clause: OHKO moves are banned\n|rule|Evasion Items Clause: Evasion items are banned\n|rule|Evasion Moves Clause: Evasion moves are banned\n|rule|Endless Battle Clause: Forcing endless battles is banned\n|rule|HP Percentage Mod: HP is shown in percentages\n|clearpoke\n|poke|p1|Ninetales-Alola, F|\n|poke|p1|Walking Wake|\n|poke|p1|Gholdengo|\n|poke|p1|Great Tusk|\n|poke|p1|Iron Hands|\n|poke|p1|Cresselia, F|\n|poke|p2|Meowscarada, F|\n|poke|p2|Glimmora, M|\n|poke|p2|Frosmoth, F|\n|poke|p2|Pawmot, M|\n|poke|p2|Torterra, F|\n|poke|p2|Ambipom, F|\n|teampreview\n|\n|t:|1699846755\n|start\n|switch|p1a: Cresselia|Cresselia, F, shiny|100\/100\n|switch|p2a: Ambipom|Ambipom, F|100\/100\n|turn|1\n|\n|t:|1699846763\n|move|p2a: Ambipom|Fake Out|p1a: Cresselia\n|-damage|p1a: Cresselia|76\/100\n|-damage|p2a: Ambipom|91\/100|[from] item: Life Orb\n|cant|p1a: Cresselia|flinch\n|\n|-heal|p1a: Cresselia|82\/100|[from] item: Leftovers\n|upkeep\n|turn|2\n|\n|t:|1699846772\n|move|p2a: Ambipom|U-turn|p1a: Cresselia\n|-supereffective|p1a: Cresselia\n|-damage|p1a: Cresselia|44\/100\n|-damage|p2a: Ambipom|81\/100|[from] item: Life Orb\n|\n|t:|1699846776\n|switch|p2a: Glimmora|Glimmora, M|100\/100|[from] U-turn\n|move|p1a: Cresselia|Thunder Wave|p2a: Glimmora|[miss]\n|-miss|p1a: Cresselia|p2a: Glimmora\n|\n|-heal|p1a: Cresselia|50\/100|[from] item: Leftovers\n|upkeep\n|turn|3\n|\n|t:|1699846788\n|move|p2a: Glimmora|Stealth Rock|p1a: Cresselia\n|-sidestart|p1: IWalkMyFish|move: Stealth Rock\n|move|p1a: Cresselia|Psychic|p2a: Glimmora\n|-supereffective|p2a: Glimmora\n|-enditem|p2a: Glimmora|Focus Sash\n|-damage|p2a: Glimmora|1\/100\n|-unboost|p2a: Glimmora|spd|1\n|\n|-heal|p1a: Cresselia|56\/100|[from] item: Leftovers\n|upkeep\n|turn|4\n|\n|t:|1699846800\n|switch|p1a: Gholdengo|Gholdengo|100\/100\n|move|p2a: Glimmora|Mortal Spin|p1a: Gholdengo\n|-immune|p1a: Gholdengo\n|\n|upkeep\n|turn|5\n|\n|t:|1699846809\n|move|p1a: Gholdengo|Nasty Plot|p1a: Gholdengo\n|-boost|p1a: Gholdengo|spa|2\n|move|p2a: Glimmora|Power Gem|p1a: Gholdengo\n|-resisted|p1a: Gholdengo\n|-damage|p1a: Gholdengo|72\/100\n|\n|upkeep\n|turn|6\n|\n|t:|1699846818\n|move|p1a: Gholdengo|Nasty Plot|p1a: Gholdengo\n|-boost|p1a: Gholdengo|spa|2\n|move|p2a: Glimmora|Power Gem|p1a: Gholdengo\n|-resisted|p1a: Gholdengo\n|-damage|p1a: Gholdengo|43\/100\n|\n|upkeep\n|turn|7\n|\n|t:|1699846825\n|move|p1a: Gholdengo|Thunderbolt|p2a: Glimmora\n|-damage|p2a: Glimmora|0 fnt\n|faint|p2a: Glimmora\n|\n|upkeep\n|\n|t:|1699846833\n|switch|p2a: Meowscarada|Meowscarada, F|100\/100\n|turn|8\n|\n|t:|1699846840\n|-terastallize|p1a: Gholdengo|Steel\n|move|p2a: Meowscarada|Knock Off|p1a: Gholdengo\n|-start|p2a: Meowscarada|typechange|Dark|[from] ability: Protean\n|-damage|p1a: Gholdengo|0 fnt\n|-enditem|p1a: Gholdengo|Heavy-Duty Boots|[from] move: Knock Off|[of] p2a: Meowscarada\n|faint|p1a: Gholdengo\n|\n|upkeep\n|\n|t:|1699846847\n|switch|p1a: Iron Hands|Iron Hands|100\/100\n|-damage|p1a: Iron Hands|94\/100|[from] Stealth Rock\n|turn|9\n|\n|t:|1699846867\n|switch|p2a: Ambipom|Ambipom, F|81\/100\n|move|p1a: Iron Hands|Drain Punch|p2a: Ambipom\n|-supereffective|p2a: Ambipom\n|-damage|p2a: Ambipom|0 fnt\n|-heal|p1a: Iron Hands|100\/100|[from] drain|[of] p2a: Ambipom\n|faint|p2a: Ambipom\n|\n|upkeep\n|\n|t:|1699846877\n|switch|p2a: Torterra|Torterra, F|100\/100\n|turn|10\n|\n|t:|1699846890\n|-end|p1a: Iron Hands|Quark Drive|[silent]\n|switch|p1a: Cresselia|Cresselia, F, shiny|56\/100\n|-damage|p1a: Cresselia|44\/100|[from] Stealth Rock\n|-terastallize|p2a: Torterra|Fire\n|move|p2a: Torterra|Shell Smash|p2a: Torterra\n|-unboost|p2a: Torterra|def|1\n|-unboost|p2a: Torterra|spd|1\n|-boost|p2a: Torterra|atk|2\n|-boost|p2a: Torterra|spa|2\n|-boost|p2a: Torterra|spe|2\n|-enditem|p2a: Torterra|White Herb\n|-clearnegativeboost|p2a: Torterra|[silent]\n|\n|-heal|p1a: Cresselia|50\/100|[from] item: Leftovers\n|upkeep\n|turn|11\n|\n|t:|1699846906\n|move|p2a: Torterra|Wood Hammer|p1a: Cresselia\n|-damage|p1a: Cresselia|0 fnt\n|faint|p1a: Cresselia\n|-damage|p2a: Torterra|79\/100|[from] Recoil\n|\n|upkeep\n|\n|t:|1699846916\n|switch|p1a: Walking Wake|Walking Wake|100\/100\n|-damage|p1a: Walking Wake|88\/100|[from] Stealth Rock\n|turn|12\n|\n|t:|1699846924\n|move|p2a: Torterra|Wood Hammer|p1a: Walking Wake\n|-damage|p1a: Walking Wake|0 fnt\n|faint|p1a: Walking Wake\n|-end|p1a: Walking Wake|Protosynthesis|[silent]\n|-damage|p2a: Torterra|49\/100|[from] Recoil\n|\n|upkeep\n|-message|IWalkMyFish forfeited.\n|\n|win|ArvenDs5\n|raw|IWalkMyFish's rating: 1066 &rarr; <strong>1052<\/strong><br \/>(-14 for losing)\n|raw|ArvenDs5's rating: 1176 &rarr; <strong>1193<\/strong><br \/>(+17 for winning)\n|l|\u2606IWalkMyFish\n","uploadtime":1699847011,"views":40,"p1id":"iwalkmyfish","p2id":"arvends5","formatid":"gen9ou","rating":1052,"private":0,"password":""}