{"id":"gen9ou-1989306721","p1":"coolepicman598","p2":"ratatta17","format":"[Gen 9] OU","log":"|j|\u2606coolepicman598\n|j|\u2606ratatta17\n|t:|1699834403\n|gametype|singles\n|player|p1|coolepicman598|n|1507\n|player|p2|ratatta17|2|1412\n|teamsize|p1|6\n|teamsize|p2|6\n|gen|9\n|tier|[Gen 9] OU\n|rated|\n|rule|Sleep Clause Mod: Limit one foe put to sleep\n|rule|Species Clause: Limit one of each Pok\u00e9mon\n|rule|OHKO Clause: OHKO moves are banned\n|rule|Evasion Items Clause: Evasion items are banned\n|rule|Evasion Moves Clause: Evasion moves are banned\n|rule|Endless Battle Clause: Forcing endless battles is banned\n|rule|HP Percentage Mod: HP is shown in percentages\n|clearpoke\n|poke|p1|Iron Hands|\n|poke|p1|Landorus-Therian, M|\n|poke|p1|Alomomola, M|\n|poke|p1|Gholdengo|\n|poke|p1|Walking Wake|\n|poke|p1|Great Tusk|\n|poke|p2|Azumarill, M|\n|poke|p2|Staraptor, F|\n|poke|p2|Toedscruel, F|\n|poke|p2|Skeledirge, F|\n|poke|p2|Ninetales-Alola, F|\n|poke|p2|Iron Valiant|\n|teampreview\n|inactive|Battle timer is ON: inactive players will automatically lose when time's up. (requested by coolepicman598)\n|\n|t:|1699834432\n|start\n|switch|p1a: Landorus|Landorus-Therian, M|100\/100\n|switch|p2a: Toedscruel|Toedscruel, F|100\/100\n|-ability|p1a: Landorus|Intimidate|boost\n|-unboost|p2a: Toedscruel|atk|1\n|turn|1\n|\n|t:|1699834440\n|move|p1a: Landorus|U-turn|p2a: Toedscruel\n|-supereffective|p2a: Toedscruel\n|-damage|p2a: Toedscruel|61\/100\n|\n|t:|1699834443\n|switch|p1a: Iron Hands|Iron Hands|100\/100|[from] U-turn\n|move|p2a: Toedscruel|Spore|p1a: Iron Hands\n|-status|p1a: Iron Hands|slp|[from] move: Spore\n|\n|-heal|p2a: Toedscruel|67\/100|[from] item: Leftovers\n|upkeep\n|turn|2\n|\n|t:|1699834450\n|switch|p2a: Ninetales|Ninetales-Alola, F|100\/100\n|-weather|Snow|[from] ability: Snow Warning|[of] p2a: Ninetales\n|cant|p1a: Iron Hands|slp\n|\n|-weather|Snow|[upkeep]\n|upkeep\n|turn|3\n|\n|t:|1699834454\n|-end|p1a: Iron Hands|Quark Drive|[silent]\n|switch|p1a: Gholdengo|Gholdengo|100\/100\n|move|p2a: Ninetales|Aurora Veil|p2a: Ninetales\n|-sidestart|p2: ratatta17|move: Aurora Veil\n|\n|-weather|Snow|[upkeep]\n|upkeep\n|turn|4\n|\n|t:|1699834463\n|switch|p2a: Toedscruel|Toedscruel, F|67\/100\n|move|p1a: Gholdengo|Trick|p2a: Toedscruel\n|-activate|p1a: Gholdengo|move: Trick|[of] p2a: Toedscruel\n|-item|p2a: Toedscruel|Choice Scarf|[from] move: Trick\n|-item|p1a: Gholdengo|Leftovers|[from] move: Trick\n|\n|-weather|Snow|[upkeep]\n|upkeep\n|turn|5\n|\n|t:|1699834471\n|switch|p1a: Landorus|Landorus-Therian, M|100\/100\n|-ability|p1a: Landorus|Intimidate|boost\n|-unboost|p2a: Toedscruel|atk|1\n|move|p2a: Toedscruel|Knock Off|p1a: Landorus\n|-damage|p1a: Landorus|89\/100\n|-damage|p2a: Toedscruel|50\/100|[from] item: Rocky Helmet|[of] p1a: Landorus\n|-enditem|p1a: Landorus|Rocky Helmet|[from] move: Knock Off|[of] p2a: Toedscruel\n|\n|-weather|Snow|[upkeep]\n|upkeep\n|turn|6\n|\n|t:|1699834477\n|move|p2a: Toedscruel|Knock Off|p1a: Landorus\n|-damage|p1a: Landorus|82\/100\n|move|p1a: Landorus|Stealth Rock|p2a: Toedscruel\n|-sidestart|p2: ratatta17|move: Stealth Rock\n|\n|-weather|none\n|upkeep\n|turn|7\n|\n|t:|1699834483\n|switch|p2a: Ninetales|Ninetales-Alola, F|100\/100\n|-damage|p2a: Ninetales|76\/100|[from] Stealth Rock\n|-weather|Snow|[from] ability: Snow Warning|[of] p2a: Ninetales\n|move|p1a: Landorus|U-turn|p2a: Ninetales\n|-resisted|p2a: Ninetales\n|-damage|p2a: Ninetales|71\/100\n|\n|t:|1699834489\n|switch|p1a: Gholdengo|Gholdengo|100\/100|[from] U-turn\n|\n|-weather|Snow|[upkeep]\n|upkeep\n|turn|8\n|\n|t:|1699834497\n|switch|p2a: Toedscruel|Toedscruel, F|50\/100\n|-damage|p2a: Toedscruel|44\/100|[from] Stealth Rock\n|move|p1a: Gholdengo|Make It Rain|p2a: Toedscruel\n|-damage|p2a: Toedscruel|19\/100\n|-unboost|p1a: Gholdengo|spa|1\n|\n|-weather|Snow|[upkeep]\n|upkeep\n|turn|9\n|\n|t:|1699834510\n|switch|p1a: Landorus|Landorus-Therian, M|82\/100\n|-ability|p1a: Landorus|Intimidate|boost\n|-unboost|p2a: Toedscruel|atk|1\n|move|p2a: Toedscruel|Rapid Spin|p1a: Landorus\n|-damage|p1a: Landorus|77\/100\n|-boost|p2a: Toedscruel|spe|1\n|-sideend|p2: ratatta17|Stealth Rock|[from] move: Rapid Spin|[of] p2a: Toedscruel\n|\n|-weather|Snow|[upkeep]\n|upkeep\n|turn|10\n|\n|t:|1699834515\n|move|p2a: Toedscruel|Rapid Spin|p1a: Landorus\n|-damage|p1a: Landorus|72\/100\n|-boost|p2a: Toedscruel|spe|1\n|move|p1a: Landorus|Stealth Rock|p2a: Toedscruel\n|-sidestart|p2: ratatta17|move: Stealth Rock\n|\n|-weather|Snow|[upkeep]\n|-sideend|p2: ratatta17|move: Aurora Veil\n|upkeep\n|turn|11\n|\n|t:|1699834524\n|switch|p1a: Gholdengo|Gholdengo|100\/100\n|move|p2a: Toedscruel|Rapid Spin|p1a: Gholdengo\n|-immune|p1a: Gholdengo\n|\n|-weather|none\n|upkeep\n|turn|12\n|\n|t:|1699834529\n|switch|p2a: Iron Valiant|Iron Valiant|100\/100\n|-damage|p2a: Iron Valiant|94\/100|[from] Stealth Rock\n|move|p1a: Gholdengo|Shadow Ball|p2a: Iron Valiant\n|-damage|p2a: Iron Valiant|15\/100\n|\n|upkeep\n|turn|13\n|\n|t:|1699834539\n|move|p2a: Iron Valiant|Knock Off|p1a: Gholdengo\n|-supereffective|p1a: Gholdengo\n|-damage|p1a: Gholdengo|21\/100\n|-enditem|p1a: Gholdengo|Leftovers|[from] move: Knock Off|[of] p2a: Iron Valiant\n|-damage|p2a: Iron Valiant|6\/100|[from] item: Life Orb\n|move|p1a: Gholdengo|Shadow Ball|p2a: Iron Valiant\n|-damage|p2a: Iron Valiant|0 fnt\n|faint|p2a: Iron Valiant\n|-end|p2a: Iron Valiant|Quark Drive|[silent]\n|\n|upkeep\n|\n|t:|1699834559\n|switch|p2a: Staraptor|Staraptor, F|100\/100\n|-damage|p2a: Staraptor|76\/100|[from] Stealth Rock\n|-ability|p2a: Staraptor|Intimidate|boost\n|-unboost|p1a: Gholdengo|atk|1\n|turn|14\n|\n|t:|1699834564\n|switch|p1a: Landorus|Landorus-Therian, M|72\/100\n|-ability|p1a: Landorus|Intimidate|boost\n|-unboost|p2a: Staraptor|atk|1\n|move|p2a: Staraptor|Final Gambit|p1a: Landorus\n|-damage|p1a: Landorus|0 fnt\n|faint|p2a: Staraptor\n|faint|p1a: Landorus\n|\n|upkeep\n|\n|t:|1699834573\n|switch|p2a: Ninetales|Ninetales-Alola, F|71\/100\n|switch|p1a: Walking Wake|Walking Wake|100\/100\n|-damage|p2a: Ninetales|46\/100|[from] Stealth Rock\n|-weather|Snow|[from] ability: Snow Warning|[of] p2a: Ninetales\n|turn|15\n|\n|t:|1699834579\n|move|p1a: Walking Wake|Flamethrower|p2a: Ninetales\n|-supereffective|p2a: Ninetales\n|-damage|p2a: Ninetales|0 fnt\n|faint|p2a: Ninetales\n|\n|-weather|Snow|[upkeep]\n|upkeep\n|\n|t:|1699834585\n|switch|p2a: Skeledirge|Skeledirge, F|100\/100\n|-damage|p2a: Skeledirge|75\/100|[from] Stealth Rock\n|turn|16\n|\n|t:|1699834590\n|-end|p1a: Walking Wake|Protosynthesis|[silent]\n|switch|p1a: Alomomola|Alomomola, M|100\/100\n|move|p2a: Skeledirge|Will-O-Wisp|p1a: Alomomola\n|-status|p1a: Alomomola|brn\n|\n|-weather|Snow|[upkeep]\n|-heal|p2a: Skeledirge|82\/100|[from] item: Leftovers\n|-damage|p1a: Alomomola|94\/100 brn|[from] brn\n|upkeep\n|turn|17\n|\n|t:|1699834594\n|move|p2a: Skeledirge|Hex|p1a: Alomomola\n|-damage|p1a: Alomomola|50\/100 brn\n|move|p1a: Alomomola|Wish|p1a: Alomomola\n|\n|-weather|Snow|[upkeep]\n|-heal|p2a: Skeledirge|88\/100|[from] item: Leftovers\n|-damage|p1a: Alomomola|44\/100 brn|[from] brn\n|upkeep\n|turn|18\n|\n|t:|1699834604\n|switch|p1a: Walking Wake|Walking Wake|100\/100\n|move|p2a: Skeledirge|Torch Song|p1a: Walking Wake\n|-resisted|p1a: Walking Wake\n|-damage|p1a: Walking Wake|92\/100\n|-boost|p2a: Skeledirge|spa|1\n|\n|-weather|Snow|[upkeep]\n|-heal|p1a: Walking Wake|100\/100|[from] move: Wish|[wisher] Alomomola\n|-heal|p2a: Skeledirge|94\/100|[from] item: Leftovers\n|upkeep\n|turn|19\n|\n|t:|1699834626\n|-terastallize|p1a: Walking Wake|Water\n|-terastallize|p2a: Skeledirge|Dragon\n|move|p1a: Walking Wake|Scald|p2a: Skeledirge\n|-resisted|p2a: Skeledirge\n|-damage|p2a: Skeledirge|62\/100\n|move|p2a: Skeledirge|Hex|p1a: Walking Wake\n|-damage|p1a: Walking Wake|57\/100\n|\n|-weather|none\n|-heal|p2a: Skeledirge|68\/100|[from] item: Leftovers\n|upkeep\n|turn|20\n|\n|t:|1699834639\n|-end|p1a: Walking Wake|Protosynthesis|[silent]\n|switch|p1a: Iron Hands|Iron Hands|100\/100 slp\n|move|p2a: Skeledirge|Hex|p1a: Iron Hands\n|-damage|p1a: Iron Hands|59\/100 slp\n|\n|-heal|p2a: Skeledirge|74\/100|[from] item: Leftovers\n|upkeep\n|turn|21\n|\n|t:|1699834644\n|move|p2a: Skeledirge|Hex|p1a: Iron Hands\n|-damage|p1a: Iron Hands|21\/100 slp\n|cant|p1a: Iron Hands|slp\n|\n|-heal|p2a: Skeledirge|80\/100|[from] item: Leftovers\n|upkeep\n|turn|22\n|\n|t:|1699834648\n|move|p2a: Skeledirge|Torch Song|p1a: Iron Hands\n|-damage|p1a: Iron Hands|0 fnt\n|-boost|p2a: Skeledirge|spa|1\n|faint|p1a: Iron Hands\n|-end|p1a: Iron Hands|Quark Drive|[silent]\n|\n|-heal|p2a: Skeledirge|86\/100|[from] item: Leftovers\n|upkeep\n|\n|t:|1699834651\n|switch|p1a: Walking Wake|Walking Wake, tera:Water|57\/100\n|turn|23\n|\n|t:|1699834656\n|switch|p2a: Azumarill|Azumarill, M|100\/100\n|-damage|p2a: Azumarill|88\/100|[from] Stealth Rock\n|move|p1a: Walking Wake|Draco Meteor|p2a: Azumarill\n|-immune|p2a: Azumarill\n|\n|upkeep\n|turn|24\n|\n|t:|1699834662\n|-end|p1a: Walking Wake|Protosynthesis|[silent]\n|switch|p1a: Gholdengo|Gholdengo|21\/100\n|move|p2a: Azumarill|Belly Drum|p2a: Azumarill\n|-damage|p2a: Azumarill|38\/100\n|-setboost|p2a: Azumarill|atk|6|[from] move: Belly Drum\n|-enditem|p2a: Azumarill|Sitrus Berry|[eat]\n|-heal|p2a: Azumarill|63\/100|[from] item: Sitrus Berry\n|\n|upkeep\n|turn|25\n|\n|t:|1699834668\n|move|p2a: Azumarill|Aqua Jet|p1a: Gholdengo\n|-damage|p1a: Gholdengo|0 fnt\n|faint|p1a: Gholdengo\n|\n|upkeep\n|\n|t:|1699834690\n|switch|p1a: Great Tusk|Great Tusk|100\/100\n|-enditem|p1a: Great Tusk|Booster Energy\n|-activate|p1a: Great Tusk|ability: Protosynthesis|[fromitem]\n|-start|p1a: Great Tusk|protosynthesisspe\n|turn|26\n|\n|t:|1699834693\n|move|p2a: Azumarill|Aqua Jet|p1a: Great Tusk\n|-supereffective|p1a: Great Tusk\n|-damage|p1a: Great Tusk|0 fnt\n|faint|p1a: Great Tusk\n|-end|p1a: Great Tusk|Protosynthesis|[silent]\n|\n|upkeep\n|\n|t:|1699834695\n|switch|p1a: Walking Wake|Walking Wake, tera:Water|57\/100\n|turn|27\n|\n|t:|1699834700\n|move|p1a: Walking Wake|Scald|p2a: Azumarill\n|-resisted|p2a: Azumarill\n|-damage|p2a: Azumarill|14\/100\n|move|p2a: Azumarill|Bulldoze|p1a: Walking Wake\n|-damage|p1a: Walking Wake|0 fnt\n|faint|p1a: Walking Wake\n|-end|p1a: Walking Wake|Protosynthesis|[silent]\n|\n|upkeep\n|-message|coolepicman598 forfeited.\n|\n|win|ratatta17\n|raw|coolepicman598's rating: 1507 &rarr; <strong>1482<\/strong><br \/>(-25 for losing)\n|raw|ratatta17's rating: 1412 &rarr; <strong>1437<\/strong><br \/>(+25 for winning)\n|l|\u2606coolepicman598\n","uploadtime":1699834721,"views":12,"p1id":"coolepicman598","p2id":"ratatta17","formatid":"gen9ou","rating":1437,"private":0,"password":""}