{"id":"gen9ou-1988801398","p1":"VenisMan","p2":"tonyzs","format":"[Gen 9] OU","log":"|j|\u2606VenisMan\n|j|\u2606tonyzs\n|t:|1699765120\n|gametype|singles\n|player|p1|VenisMan|emmet|1081\n|player|p2|tonyzs|caitlin|1000\n|teamsize|p1|6\n|teamsize|p2|6\n|gen|9\n|tier|[Gen 9] OU\n|rated|\n|rule|Sleep Clause Mod: Limit one foe put to sleep\n|rule|Species Clause: Limit one of each Pok\u00e9mon\n|rule|OHKO Clause: OHKO moves are banned\n|rule|Evasion Items Clause: Evasion items are banned\n|rule|Evasion Moves Clause: Evasion moves are banned\n|rule|Endless Battle Clause: Forcing endless battles is banned\n|rule|HP Percentage Mod: HP is shown in percentages\n|clearpoke\n|poke|p1|Gliscor, M|\n|poke|p1|Iron Valiant|\n|poke|p1|Garganacl, F|\n|poke|p1|Lokix, M|\n|poke|p1|Heatran, M|\n|poke|p1|Cinderace, F|\n|poke|p2|Pelipper, M|\n|poke|p2|Greninja-*, M|\n|poke|p2|Basculegion, M|\n|poke|p2|Zapdos|\n|poke|p2|Sandy Shocks|\n|poke|p2|Scizor, M|\n|teampreview\n|inactive|Battle timer is ON: inactive players will automatically lose when time's up. (requested by VenisMan)\n|\n|t:|1699765136\n|start\n|switch|p1a: Lokix|Lokix, M|100\/100\n|switch|p2a: Scizor|Scizor, M|100\/100\n|turn|1\n|\n|t:|1699765152\n|move|p2a: Scizor|Bullet Punch|p1a: Lokix\n|-damage|p1a: Lokix|52\/100\n|move|p1a: Lokix|U-turn|p2a: Scizor\n|-resisted|p2a: Scizor\n|-damage|p2a: Scizor|54\/100\n|\n|t:|1699765158\n|switch|p1a: Gliscor|Gliscor, M|100\/100|[from] U-turn\n|\n|-status|p1a: Gliscor|tox|[from] item: Toxic Orb\n|upkeep\n|turn|2\n|\n|t:|1699765167\n|move|p1a: Gliscor|Spikes|p2a: Scizor\n|-sidestart|p2: tonyzs|Spikes\n|move|p2a: Scizor|U-turn|p1a: Gliscor\n|-resisted|p1a: Gliscor\n|-damage|p1a: Gliscor|88\/100 tox\n|\n|t:|1699765175\n|switch|p2a: Pelipper|Pelipper, M|100\/100|[from] U-turn\n|-weather|RainDance|[from] ability: Drizzle|[of] p2a: Pelipper\n|\n|-weather|RainDance|[upkeep]\n|-heal|p1a: Gliscor|100\/100 tox|[from] ability: Poison Heal\n|upkeep\n|turn|3\n|\n|t:|1699765189\n|switch|p1a: Iron Valiant|Iron Valiant|100\/100\n|move|p2a: Pelipper|Ice Beam|p1a: Iron Valiant\n|-damage|p1a: Iron Valiant|47\/100\n|\n|-weather|RainDance|[upkeep]\n|upkeep\n|turn|4\n|\n|t:|1699765200\n|move|p1a: Iron Valiant|Thunderbolt|p2a: Pelipper\n|-supereffective|p2a: Pelipper\n|-damage|p2a: Pelipper|0 fnt\n|faint|p2a: Pelipper\n|\n|-weather|RainDance|[upkeep]\n|upkeep\n|\n|t:|1699765211\n|switch|p2a: Greninja|Greninja, M|100\/100\n|-damage|p2a: Greninja|88\/100|[from] Spikes\n|turn|5\n|\n|t:|1699765223\n|-end|p1a: Iron Valiant|Quark Drive|[silent]\n|switch|p1a: Gliscor|Gliscor, M|100\/100 tox\n|move|p2a: Greninja|Ice Beam|p1a: Gliscor\n|-supereffective|p1a: Gliscor\n|-damage|p1a: Gliscor|0 fnt\n|faint|p1a: Gliscor\n|-ability|p2a: Greninja|Battle Bond|boost\n|-boost|p2a: Greninja|atk|1\n|-boost|p2a: Greninja|spa|1\n|-boost|p2a: Greninja|spe|1\n|-activate|p2a: Greninja|ability: Battle Bond\n|-damage|p2a: Greninja|78\/100|[from] item: Life Orb\n|\n|-weather|RainDance|[upkeep]\n|upkeep\n|-message|VenisMan forfeited.\n|\n|win|tonyzs\n|raw|VenisMan's rating: 1081 &rarr; <strong>1054<\/strong><br \/>(-27 for losing)\n|raw|tonyzs's rating: 1000 &rarr; <strong>1049<\/strong><br \/>(+49 for winning)\n|l|\u2606VenisMan\n","uploadtime":1699765240,"views":9,"p1id":"venisman","p2id":"tonyzs","formatid":"gen9ou","rating":1049,"private":0,"password":""}