{"id":"gen9ou-1990498900","p1":"DivineGabriel","p2":"757 7S7 757","format":"[Gen 9] OU","log":"|j|\u2606DivineGabriel\n|j|\u2606757 7S7 757\n|t:|1699976415\n|gametype|singles\n|player|p1|DivineGabriel|rye|1831\n|player|p2|757 7S7 757|lady-gen4|1735\n|teamsize|p1|6\n|teamsize|p2|6\n|gen|9\n|tier|[Gen 9] OU\n|rated|\n|rule|Sleep Clause Mod: Limit one foe put to sleep\n|rule|Species Clause: Limit one of each Pok\u00e9mon\n|rule|OHKO Clause: OHKO moves are banned\n|rule|Evasion Items Clause: Evasion items are banned\n|rule|Evasion Moves Clause: Evasion moves are banned\n|rule|Endless Battle Clause: Forcing endless battles is banned\n|rule|HP Percentage Mod: HP is shown in percentages\n|clearpoke\n|poke|p1|Typhlosion-Hisui, M|\n|poke|p1|Ting-Lu|\n|poke|p1|Torkoal, M|\n|poke|p1|Walking Wake|\n|poke|p1|Hatterene, F|\n|poke|p1|Meowscarada, F|\n|poke|p2|Ribombee, M|\n|poke|p2|Samurott-Hisui, F|\n|poke|p2|Gholdengo|\n|poke|p2|Kingambit, M|\n|poke|p2|Manaphy|\n|poke|p2|Thundurus-Therian, M|\n|teampreview\n|j| Rose Hemlock\n|j| mew852\n|l| Rose Hemlock\n|j| malibou\n|j| Memento Squad\n|j| pikmin > pkmn\n|\n|t:|1699976454\n|start\n|switch|p1a: Torkoal|Torkoal, M|100\/100\n|switch|p2a: Thundurus|Thundurus-Therian, M|100\/100\n|-weather|SunnyDay|[from] ability: Drought|[of] p1a: Torkoal\n|turn|1\n|\n|t:|1699976459\n|switch|p1a: Hatterene|Hatterene, F|100\/100\n|move|p2a: Thundurus|Nasty Plot|p2a: Thundurus\n|-boost|p2a: Thundurus|spa|2\n|\n|-weather|SunnyDay|[upkeep]\n|upkeep\n|turn|2\n|\n|t:|1699976474\n|switch|p1a: Ting-Lu|Ting-Lu|100\/100\n|-ability|p1a: Ting-Lu|Vessel of Ruin\n|move|p2a: Thundurus|Nasty Plot|p2a: Thundurus\n|-boost|p2a: Thundurus|spa|2\n|\n|-weather|SunnyDay|[upkeep]\n|upkeep\n|turn|3\n|inactive|Battle timer is ON: inactive players will automatically lose when time's up. (requested by DivineGabriel)\n|\n|t:|1699976491\n|move|p2a: Thundurus|Focus Blast|p1a: Ting-Lu\n|-supereffective|p1a: Ting-Lu\n|-damage|p1a: Ting-Lu|0 fnt\n|faint|p1a: Ting-Lu\n|\n|-weather|SunnyDay|[upkeep]\n|upkeep\n|\n|t:|1699976494\n|switch|p1a: Walking Wake|Walking Wake|100\/100\n|-activate|p1a: Walking Wake|ability: Protosynthesis\n|-start|p1a: Walking Wake|protosynthesisspe\n|turn|4\n|j| lgang007\n|inactive|757 7S7 757 has 120 seconds left.\n|\n|t:|1699976528\n|switch|p2a: Gholdengo|Gholdengo|100\/100\n|-item|p2a: Gholdengo|Air Balloon\n|-terastallize|p1a: Walking Wake|Water\n|move|p1a: Walking Wake|Hydro Steam|p2a: Gholdengo\n|-damage|p2a: Gholdengo|0 fnt\n|-enditem|p2a: Gholdengo|Air Balloon\n|faint|p2a: Gholdengo\n|\n|-weather|SunnyDay|[upkeep]\n|upkeep\n|inactive|757 7S7 757 has 120 seconds left.\n|\n|t:|1699976538\n|switch|p2a: Ribombee|Ribombee, M|100\/100\n|turn|5\n|inactive|757 7S7 757 has 120 seconds left.\n|\n|t:|1699976547\n|-end|p1a: Walking Wake|Protosynthesis|[silent]\n|switch|p1a: Hatterene|Hatterene, F|100\/100\n|move|p2a: Ribombee|Stun Spore|p1a: Hatterene\n|move|p1a: Hatterene|Stun Spore|p2a: Ribombee|[from]ability: Magic Bounce\n|-status|p2a: Ribombee|par\n|\n|-weather|SunnyDay|[upkeep]\n|upkeep\n|turn|6\n|l| malibou\n|\n|t:|1699976556\n|switch|p1a: Torkoal|Torkoal, M|100\/100\n|move|p2a: Ribombee|Skill Swap|p1a: Torkoal\n|-activate|p2a: Ribombee|move: Skill Swap|Drought|Shield Dust|[of] p1a: Torkoal\n|\n|-weather|SunnyDay|[upkeep]\n|upkeep\n|turn|7\n|inactive|757 7S7 757 has 120 seconds left.\n|\n|t:|1699976577\n|move|p2a: Ribombee|Stun Spore|p1a: Torkoal\n|-status|p1a: Torkoal|par\n|move|p1a: Torkoal|Rapid Spin|p2a: Ribombee\n|-damage|p2a: Ribombee|82\/100 par\n|-boost|p1a: Torkoal|spe|1\n|\n|-weather|SunnyDay|[upkeep]\n|upkeep\n|turn|8\n|inactive|757 7S7 757 has 120 seconds left.\n|\n|t:|1699976594\n|switch|p2a: Samurott|Samurott-Hisui, F|100\/100\n|switch|p1a: Hatterene|Hatterene, F|100\/100\n|\n|-weather|none\n|upkeep\n|turn|9\n|\n|t:|1699976603\n|switch|p1a: Meowscarada|Meowscarada, F|100\/100\n|move|p2a: Samurott|Ceaseless Edge|p1a: Meowscarada\n|-resisted|p1a: Meowscarada\n|-damage|p1a: Meowscarada|64\/100\n|-sidestart|p1: DivineGabriel|Spikes\n|\n|upkeep\n|turn|10\n|inactive|757 7S7 757 has 120 seconds left.\n|\n|t:|1699976614\n|switch|p2a: Ribombee|Ribombee, M|82\/100 par\n|move|p1a: Meowscarada|U-turn|p2a: Ribombee\n|-start|p1a: Meowscarada|typechange|Bug|[from] ability: Protean\n|-resisted|p2a: Ribombee\n|-damage|p2a: Ribombee|48\/100 par\n|\n|t:|1699976619\n|switch|p1a: Walking Wake|Walking Wake, tera:Water|100\/100|[from] U-turn\n|-damage|p1a: Walking Wake|88\/100|[from] Spikes\n|\n|upkeep\n|turn|11\n|\n|t:|1699976627\n|move|p1a: Walking Wake|Hydro Steam|p2a: Ribombee\n|-damage|p2a: Ribombee|0 fnt\n|faint|p2a: Ribombee\n|\n|upkeep\n|l| pikmin > pkmn\n|inactive|757 7S7 757 has 120 seconds left.\n|\n|t:|1699976646\n|switch|p2a: Samurott|Samurott-Hisui, F|100\/100\n|turn|12\n|inactive|757 7S7 757 has 120 seconds left.\n|\n|t:|1699976652\n|-end|p1a: Walking Wake|Protosynthesis|[silent]\n|switch|p1a: Torkoal|Torkoal, M|100\/100 par\n|-damage|p1a: Torkoal|88\/100 par|[from] Spikes\n|-weather|SunnyDay|[from] ability: Drought|[of] p1a: Torkoal\n|move|p2a: Samurott|Ceaseless Edge|p1a: Torkoal\n|-damage|p1a: Torkoal|64\/100 par\n|-sidestart|p1: DivineGabriel|Spikes\n|\n|-weather|SunnyDay|[upkeep]\n|upkeep\n|turn|13\n|l| Memento Squad\n|inactive|757 7S7 757 has 120 seconds left.\n|\n|t:|1699976669\n|move|p2a: Samurott|Swords Dance|p2a: Samurott\n|-boost|p2a: Samurott|atk|2\n|cant|p1a: Torkoal|par\n|\n|-weather|SunnyDay|[upkeep]\n|upkeep\n|turn|14\n|inactive|757 7S7 757 has 120 seconds left.\n|\n|t:|1699976682\n|-terastallize|p2a: Samurott|Ghost\n|move|p2a: Samurott|Ceaseless Edge|p1a: Torkoal\n|-damage|p1a: Torkoal|15\/100 par\n|-sidestart|p1: DivineGabriel|Spikes\n|move|p1a: Torkoal|Rapid Spin|p2a: Samurott\n|-immune|p2a: Samurott\n|\n|-weather|SunnyDay|[upkeep]\n|upkeep\n|turn|15\n|-message|DivineGabriel forfeited.\n|\n|win|757 7S7 757\n|raw|DivineGabriel's rating: 1847 &rarr; <strong>1821<\/strong><br \/>(-26 for losing)\n|raw|757 7S7 757's rating: 1735 &rarr; <strong>1761<\/strong><br \/>(+26 for winning)\n|l|\u2606DivineGabriel\n|l| lgang007\n|l|\u2606757 7S7 757\n","uploadtime":1699976837,"views":14,"p1id":"divinegabriel","p2id":"7577s7757","formatid":"gen9ou","rating":1761,"private":0,"password":""}