{"id":"gen9ou-1990814131","p1":"CherryzardX","p2":"Cambrian James","format":"[Gen 9] OU","log":"|j|\u2606CherryzardX\n|j|\u2606Cambrian James\n|t:|1700003543\n|gametype|singles\n|player|p1|CherryzardX|doubleteam|1125\n|player|p2|Cambrian James|bugcatcher-gen4dp|1137\n|teamsize|p1|6\n|teamsize|p2|6\n|gen|9\n|tier|[Gen 9] OU\n|rated|\n|rule|Sleep Clause Mod: Limit one foe put to sleep\n|rule|Species Clause: Limit one of each Pok\u00e9mon\n|rule|OHKO Clause: OHKO moves are banned\n|rule|Evasion Items Clause: Evasion items are banned\n|rule|Evasion Moves Clause: Evasion moves are banned\n|rule|Endless Battle Clause: Forcing endless battles is banned\n|rule|HP Percentage Mod: HP is shown in percentages\n|clearpoke\n|poke|p1|Enamorus, F|\n|poke|p1|Great Tusk|\n|poke|p1|Cinderace, M|\n|poke|p1|Azumarill, F|\n|poke|p1|Kingambit, F|\n|poke|p1|Thundurus-Therian, M|\n|poke|p2|Samurott-Hisui, M|\n|poke|p2|Gholdengo|\n|poke|p2|Great Tusk|\n|poke|p2|Manaphy|\n|poke|p2|Dragonite, F|\n|poke|p2|Kingambit, F|\n|teampreview\n|inactive|Battle timer is ON: inactive players will automatically lose when time's up. (requested by CherryzardX)\n|\n|t:|1700003560\n|start\n|switch|p1a: Thundurus|Thundurus-Therian, M|100\/100\n|switch|p2a: Samurott|Samurott-Hisui, M|100\/100\n|turn|1\n|\n|t:|1700003570\n|move|p1a: Thundurus|Volt Switch|p2a: Samurott\n|-supereffective|p2a: Samurott\n|-enditem|p2a: Samurott|Focus Sash\n|-damage|p2a: Samurott|1\/100\n|\n|t:|1700003579\n|switch|p1a: Kingambit|Kingambit, F|100\/100|[from] Volt Switch\n|move|p2a: Samurott|Ceaseless Edge|p1a: Kingambit\n|-resisted|p1a: Kingambit\n|-crit|p1a: Kingambit\n|-damage|p1a: Kingambit|78\/100\n|-sidestart|p1: CherryzardX|Spikes\n|\n|upkeep\n|turn|2\n|\n|t:|1700003591\n|move|p2a: Samurott|Ceaseless Edge|p1a: Kingambit\n|-resisted|p1a: Kingambit\n|-damage|p1a: Kingambit|62\/100\n|-sidestart|p1: CherryzardX|Spikes\n|move|p1a: Kingambit|Kowtow Cleave|p2a: Samurott\n|-resisted|p2a: Samurott\n|-damage|p2a: Samurott|0 fnt\n|faint|p2a: Samurott\n|\n|upkeep\n|\n|t:|1700003600\n|switch|p2a: Great Tusk|Great Tusk|100\/100\n|turn|3\n|\n|t:|1700003611\n|-end|p1a: Kingambit|fallenundefined|[silent]\n|switch|p1a: Thundurus|Thundurus-Therian, M|100\/100\n|move|p2a: Great Tusk|Headlong Rush|p1a: Thundurus\n|-immune|p1a: Thundurus\n|\n|upkeep\n|turn|4\n|\n|t:|1700003617\n|move|p1a: Thundurus|Grass Knot|p2a: Great Tusk\n|-supereffective|p2a: Great Tusk\n|-damage|p2a: Great Tusk|0 fnt\n|faint|p2a: Great Tusk\n|-end|p2a: Great Tusk|Protosynthesis|[silent]\n|\n|upkeep\n|\n|t:|1700003626\n|switch|p2a: Dragonite|Dragonite, F|100\/100\n|turn|5\n|\n|t:|1700003638\n|switch|p1a: Enamorus|Enamorus, F, shiny|100\/100\n|move|p2a: Dragonite|Dragon Dance|p2a: Dragonite\n|-boost|p2a: Dragonite|atk|1\n|-boost|p2a: Dragonite|spe|1\n|\n|upkeep\n|turn|6\n|\n|t:|1700003646\n|-terastallize|p2a: Dragonite|Normal\n|move|p2a: Dragonite|Dragon Dance|p2a: Dragonite\n|-boost|p2a: Dragonite|atk|1\n|-boost|p2a: Dragonite|spe|1\n|move|p1a: Enamorus|Draining Kiss|p2a: Dragonite\n|-damage|p2a: Dragonite|82\/100\n|-damage|p1a: Enamorus|91\/100|[from] item: Life Orb\n|\n|upkeep\n|turn|7\n|\n|t:|1700003655\n|move|p2a: Dragonite|Extreme Speed|p1a: Enamorus\n|-damage|p1a: Enamorus|0 fnt\n|faint|p1a: Enamorus\n|\n|upkeep\n|\n|t:|1700003671\n|switch|p1a: Great Tusk|Great Tusk|100\/100\n|-damage|p1a: Great Tusk|84\/100|[from] Spikes\n|turn|8\n|\n|t:|1700003674\n|move|p2a: Dragonite|Extreme Speed|p1a: Great Tusk\n|-crit|p1a: Great Tusk\n|-damage|p1a: Great Tusk|0 fnt\n|faint|p1a: Great Tusk\n|-end|p1a: Great Tusk|Protosynthesis|[silent]\n|\n|upkeep\n|\n|t:|1700003679\n|switch|p1a: Azumarill|Azumarill, F|100\/100\n|-damage|p1a: Azumarill|84\/100|[from] Spikes\n|turn|9\n|\n|t:|1700003684\n|-terastallize|p1a: Azumarill|Steel\n|move|p2a: Dragonite|Extreme Speed|p1a: Azumarill\n|-resisted|p1a: Azumarill\n|-damage|p1a: Azumarill|31\/100\n|move|p1a: Azumarill|Brick Break|p2a: Dragonite\n|-supereffective|p2a: Dragonite\n|-damage|p2a: Dragonite|17\/100\n|\n|upkeep\n|turn|10\n|\n|t:|1700003692\n|move|p1a: Azumarill|Aqua Jet|p2a: Dragonite\n|-damage|p2a: Dragonite|0 fnt\n|faint|p2a: Dragonite\n|\n|upkeep\n|\n|t:|1700003699\n|switch|p2a: Kingambit|Kingambit, F|100\/100\n|-activate|p2a: Kingambit|ability: Supreme Overlord\n|-start|p2a: Kingambit|fallen3|[silent]\n|turn|11\n|\n|t:|1700003705\n|move|p2a: Kingambit|Sucker Punch|p1a: Azumarill\n|-damage|p1a: Azumarill|0 fnt\n|faint|p1a: Azumarill\n|\n|upkeep\n|\n|t:|1700003712\n|switch|p1a: Cinderace|Cinderace, M|100\/100\n|-damage|p1a: Cinderace|84\/100|[from] Spikes\n|turn|12\n|\n|t:|1700003716\n|-end|p2a: Kingambit|fallen3|[silent]\n|switch|p2a: Manaphy|Manaphy|100\/100\n|move|p1a: Cinderace|Court Change|p1a: Cinderace\n|-start|p1a: Cinderace|typechange|Normal|[from] ability: Libero\n|-swapsideconditions\n|-activate|p1a: Cinderace|move: Court Change\n|\n|upkeep\n|turn|13\n|\n|t:|1700003730\n|switch|p1a: Thundurus|Thundurus-Therian, M|100\/100\n|move|p2a: Manaphy|Scald|p1a: Thundurus\n|-damage|p1a: Thundurus|53\/100\n|-status|p1a: Thundurus|brn\n|\n|-damage|p1a: Thundurus|47\/100 brn|[from] brn\n|upkeep\n|turn|14\n|\n|t:|1700003756\n|switch|p2a: Gholdengo|Gholdengo|100\/100\n|-item|p2a: Gholdengo|Air Balloon\n|move|p1a: Thundurus|Thunderbolt|p2a: Gholdengo\n|-damage|p2a: Gholdengo|41\/100\n|-enditem|p2a: Gholdengo|Air Balloon\n|\n|-damage|p1a: Thundurus|41\/100 brn|[from] brn\n|upkeep\n|turn|15\n|\n|t:|1700003768\n|move|p1a: Thundurus|Thunderbolt|p2a: Gholdengo\n|-damage|p2a: Gholdengo|0 fnt\n|faint|p2a: Gholdengo\n|\n|-damage|p1a: Thundurus|35\/100 brn|[from] brn\n|upkeep\n|\n|t:|1700003773\n|switch|p2a: Kingambit|Kingambit, F|100\/100\n|-activate|p2a: Kingambit|ability: Supreme Overlord\n|-start|p2a: Kingambit|fallen4|[silent]\n|turn|16\n|\n|t:|1700003778\n|switch|p1a: Cinderace|Cinderace, M|84\/100\n|move|p2a: Kingambit|Sucker Punch||[still]\n|-fail|p2a: Kingambit\n|\n|upkeep\n|turn|17\n|\n|t:|1700003783\n|-end|p2a: Kingambit|fallen4|[silent]\n|switch|p2a: Manaphy|Manaphy|100\/100\n|-damage|p2a: Manaphy|84\/100|[from] Spikes\n|move|p1a: Cinderace|High Jump Kick|p2a: Manaphy\n|-start|p1a: Cinderace|typechange|Fighting|[from] ability: Libero\n|-damage|p2a: Manaphy|0 fnt\n|faint|p2a: Manaphy\n|\n|upkeep\n|\n|t:|1700003792\n|switch|p2a: Kingambit|Kingambit, F|100\/100\n|-activate|p2a: Kingambit|ability: Supreme Overlord\n|-start|p2a: Kingambit|fallen5|[silent]\n|turn|18\n|\n|t:|1700003799\n|move|p2a: Kingambit|Sucker Punch|p1a: Cinderace\n|-resisted|p1a: Cinderace\n|-damage|p1a: Cinderace|42\/100\n|move|p1a: Cinderace|High Jump Kick|p2a: Kingambit|[miss]\n|-miss|p1a: Cinderace|p2a: Kingambit\n|-damage|p1a: Cinderace|0 fnt|[from] highjumpkick\n|faint|p1a: Cinderace\n|\n|upkeep\n|c|\u2606CherryzardX|10%\n|c|\u2606Cambrian James|idk\n|c|\u2606CherryzardX|10% that i loosr what ist this\n|\n|t:|1700003827\n|switch|p1a: Kingambit|Kingambit, F|62\/100\n|-activate|p1a: Kingambit|ability: Supreme Overlord\n|-start|p1a: Kingambit|fallen4|[silent]\n|turn|19\n|c|\u2606Cambrian James|idk\n|c|\u2606Cambrian James|this is a close battle\n|\n|t:|1700003838\n|move|p2a: Kingambit|Swords Dance|p2a: Kingambit\n|-boost|p2a: Kingambit|atk|2\n|move|p1a: Kingambit|Swords Dance|p1a: Kingambit\n|-boost|p1a: Kingambit|atk|2\n|\n|upkeep\n|turn|20\n|c|\u2606CherryzardX|Yeah and I lost it because of 10%\n|\n|t:|1700003858\n|move|p2a: Kingambit|Swords Dance|p2a: Kingambit\n|-boost|p2a: Kingambit|atk|2\n|move|p1a: Kingambit|Swords Dance|p1a: Kingambit\n|-boost|p1a: Kingambit|atk|2\n|\n|upkeep\n|turn|21\n|\n|t:|1700003866\n|move|p2a: Kingambit|Iron Head|p1a: Kingambit\n|-resisted|p1a: Kingambit\n|-damage|p1a: Kingambit|0 fnt\n|faint|p1a: Kingambit\n|-end|p1a: Kingambit|fallen4|[silent]\n|\n|upkeep\n|\n|t:|1700003870\n|switch|p1a: Thundurus|Thundurus-Therian, M|35\/100 brn\n|turn|22\n|\n|t:|1700003874\n|move|p2a: Kingambit|Sucker Punch|p1a: Thundurus\n|-damage|p1a: Thundurus|0 fnt\n|faint|p1a: Thundurus\n|\n|win|Cambrian James\n|raw|CherryzardX's rating: 1125 &rarr; <strong>1101<\/strong><br \/>(-24 for losing)\n|raw|Cambrian James's rating: 1137 &rarr; <strong>1161<\/strong><br \/>(+24 for winning)\n|c|\u2606Cambrian James|ggs\n|l|\u2606CherryzardX\n|c|\u2606Cambrian James|i thought i was gonna lose\n","uploadtime":1700003885,"views":13,"p1id":"cherryzardx","p2id":"cambrianjames","formatid":"gen9ou","rating":1101,"private":0,"password":""}