{"id":"gen9ou-1990464440","p1":"Sherlock4580","p2":"Ahmadinho","format":"[Gen 9] OU","log":"|j|\u2606Sherlock4580\n|j|\u203dAhmadinho\n|t:|1699973415\n|gametype|singles\n|player|p1|Sherlock4580|silver|1014\n|player|p2|Ahmadinho|266|1000\n|teamsize|p1|6\n|teamsize|p2|6\n|gen|9\n|tier|[Gen 9] OU\n|rated|\n|rule|Sleep Clause Mod: Limit one foe put to sleep\n|rule|Species Clause: Limit one of each Pok\u00e9mon\n|rule|OHKO Clause: OHKO moves are banned\n|rule|Evasion Items Clause: Evasion items are banned\n|rule|Evasion Moves Clause: Evasion moves are banned\n|rule|Endless Battle Clause: Forcing endless battles is banned\n|rule|HP Percentage Mod: HP is shown in percentages\n|clearpoke\n|poke|p1|Kingambit, F|\n|poke|p1|Great Tusk|\n|poke|p1|Alomomola, F|\n|poke|p1|Breloom, M|\n|poke|p1|Heatran, F|\n|poke|p1|Lokix, F|\n|poke|p2|Blissey, F|\n|poke|p2|Garchomp, M|\n|poke|p2|Milotic, M|\n|poke|p2|Torterra, F|\n|poke|p2|Infernape, M|\n|poke|p2|Spiritomb, M|\n|teampreview\n|\n|t:|1699973426\n|start\n|switch|p1a: Lokix|Lokix, F|100\/100\n|switch|p2a: Infernape|Infernape, M|100\/100\n|turn|1\n|\n|t:|1699973441\n|move|p1a: Lokix|First Impression|p2a: Infernape\n|-resisted|p2a: Infernape\n|-damage|p2a: Infernape|85\/100\n|move|p2a: Infernape|Stealth Rock|p1a: Lokix\n|-sidestart|p1: Sherlock4580|move: Stealth Rock\n|\n|upkeep\n|turn|2\n|\n|t:|1699973457\n|switch|p1a: Alomomola|Alomomola, F|100\/100\n|-damage|p1a: Alomomola|88\/100|[from] Stealth Rock\n|move|p2a: Infernape|Nasty Plot|p2a: Infernape\n|-boost|p2a: Infernape|spa|2\n|\n|upkeep\n|turn|3\n|\n|t:|1699973465\n|move|p2a: Infernape|Focus Blast|p1a: Alomomola\n|-damage|p1a: Alomomola|0 fnt\n|faint|p1a: Alomomola\n|\n|upkeep\n|\n|t:|1699973469\n|switch|p1a: Great Tusk|Great Tusk|100\/100\n|-damage|p1a: Great Tusk|98\/100|[from] Stealth Rock\n|turn|4\n|\n|t:|1699973501\n|switch|p2a: Milotic|Milotic, M|100\/100\n|move|p1a: Great Tusk|Headlong Rush|p2a: Milotic\n|-damage|p2a: Milotic|52\/100\n|-unboost|p1a: Great Tusk|def|1\n|-unboost|p1a: Great Tusk|spd|1\n|\n|-status|p2a: Milotic|brn|[from] item: Flame Orb\n|upkeep\n|turn|5\n|\n|t:|1699973515\n|-end|p1a: Great Tusk|Protosynthesis|[silent]\n|switch|p1a: Breloom|Breloom, M|100\/100\n|-damage|p1a: Breloom|94\/100|[from] Stealth Rock\n|move|p2a: Milotic|Recover|p2a: Milotic\n|-heal|p2a: Milotic|100\/100 brn\n|\n|-damage|p2a: Milotic|94\/100 brn|[from] brn\n|upkeep\n|turn|6\n|\n|t:|1699973526\n|switch|p2a: Spiritomb|Spiritomb, M|100\/100\n|move|p1a: Breloom|Swords Dance|p1a: Breloom\n|-boost|p1a: Breloom|atk|2\n|\n|upkeep\n|turn|7\n|\n|t:|1699973534\n|move|p1a: Breloom|Bullet Seed|p2a: Spiritomb\n|-damage|p2a: Spiritomb|72\/100\n|-damage|p2a: Spiritomb|44\/100\n|-damage|p2a: Spiritomb|15\/100\n|-damage|p2a: Spiritomb|0 fnt\n|faint|p2a: Spiritomb\n|-hitcount|p2: Spiritomb|4\n|\n|upkeep\n|\n|t:|1699973550\n|switch|p2a: Infernape|Infernape, M|85\/100\n|turn|8\n|\n|t:|1699973556\n|move|p2a: Infernape|Fire Blast|p1a: Breloom\n|-supereffective|p1a: Breloom\n|-damage|p1a: Breloom|0 fnt\n|faint|p1a: Breloom\n|\n|upkeep\n|\n|t:|1699973561\n|switch|p1a: Great Tusk|Great Tusk|98\/100\n|-damage|p1a: Great Tusk|95\/100|[from] Stealth Rock\n|turn|9\n|\n|t:|1699973566\n|switch|p2a: Milotic|Milotic, M|94\/100 brn\n|move|p1a: Great Tusk|Headlong Rush|p2a: Milotic\n|-damage|p2a: Milotic|59\/100 brn\n|-unboost|p1a: Great Tusk|def|1\n|-unboost|p1a: Great Tusk|spd|1\n|\n|-damage|p2a: Milotic|53\/100 brn|[from] brn\n|upkeep\n|turn|10\n|\n|t:|1699973576\n|move|p1a: Great Tusk|Rapid Spin|p2a: Milotic\n|-damage|p2a: Milotic|44\/100 brn\n|-boost|p1a: Great Tusk|spe|1\n|-sideend|p1: Sherlock4580|Stealth Rock|[from] move: Rapid Spin|[of] p1a: Great Tusk\n|move|p2a: Milotic|Recover|p2a: Milotic\n|-heal|p2a: Milotic|94\/100 brn\n|\n|-damage|p2a: Milotic|88\/100 brn|[from] brn\n|upkeep\n|turn|11\n|\n|t:|1699973586\n|-end|p1a: Great Tusk|Protosynthesis|[silent]\n|switch|p1a: Lokix|Lokix, F|100\/100\n|move|p2a: Milotic|Scald|p1a: Lokix\n|-damage|p1a: Lokix|45\/100\n|\n|-damage|p2a: Milotic|82\/100 brn|[from] brn\n|upkeep\n|turn|12\n|\n|t:|1699973595\n|move|p2a: Milotic|Protect|p2a: Milotic\n|-singleturn|p2a: Milotic|Protect\n|move|p1a: Lokix|First Impression|p2a: Milotic\n|-activate|p2a: Milotic|move: Protect\n|\n|-damage|p2a: Milotic|76\/100 brn|[from] brn\n|upkeep\n|turn|13\n|\n|t:|1699973606\n|move|p1a: Lokix|Knock Off|p2a: Milotic\n|-damage|p2a: Milotic|55\/100 brn\n|-enditem|p2a: Milotic|Flame Orb|[from] move: Knock Off|[of] p1a: Lokix\n|move|p2a: Milotic|Scald|p1a: Lokix\n|-damage|p1a: Lokix|0 fnt\n|faint|p1a: Lokix\n|\n|-damage|p2a: Milotic|48\/100 brn|[from] brn\n|upkeep\n|\n|t:|1699973612\n|switch|p1a: Heatran|Heatran, F|100\/100\n|-item|p1a: Heatran|Air Balloon\n|turn|14\n|\n|t:|1699973618\n|move|p2a: Milotic|Recover|p2a: Milotic\n|-heal|p2a: Milotic|98\/100 brn\n|move|p1a: Heatran|Magma Storm|p2a: Milotic\n|-resisted|p2a: Milotic\n|-damage|p2a: Milotic|79\/100 brn\n|-activate|p2a: Milotic|move: Magma Storm|[of] p1a: Heatran\n|\n|-damage|p2a: Milotic|73\/100 brn|[from] brn\n|-damage|p2a: Milotic|60\/100 brn|[from] move: Magma Storm|[partiallytrapped]\n|upkeep\n|turn|15\n|\n|t:|1699973628\n|move|p2a: Milotic|Scald|p1a: Heatran\n|-supereffective|p1a: Heatran\n|-damage|p1a: Heatran|55\/100\n|-enditem|p1a: Heatran|Air Balloon\n|move|p1a: Heatran|Earth Power|p2a: Milotic\n|-damage|p2a: Milotic|37\/100 brn\n|\n|-damage|p2a: Milotic|30\/100 brn|[from] brn\n|-damage|p2a: Milotic|18\/100 brn|[from] move: Magma Storm|[partiallytrapped]\n|upkeep\n|turn|16\n|\n|t:|1699973638\n|move|p2a: Milotic|Recover|p2a: Milotic\n|-heal|p2a: Milotic|68\/100 brn\n|move|p1a: Heatran|Earth Power|p2a: Milotic\n|-damage|p2a: Milotic|45\/100 brn\n|\n|-damage|p2a: Milotic|39\/100 brn|[from] brn\n|-damage|p2a: Milotic|26\/100 brn|[from] move: Magma Storm|[partiallytrapped]\n|upkeep\n|turn|17\n|\n|t:|1699973649\n|move|p2a: Milotic|Recover|p2a: Milotic\n|-heal|p2a: Milotic|76\/100 brn\n|move|p1a: Heatran|Earth Power|p2a: Milotic\n|-damage|p2a: Milotic|54\/100 brn\n|\n|-damage|p2a: Milotic|48\/100 brn|[from] brn\n|-damage|p2a: Milotic|35\/100 brn|[from] move: Magma Storm|[partiallytrapped]\n|upkeep\n|turn|18\n|\n|t:|1699973658\n|move|p2a: Milotic|Recover|p2a: Milotic\n|-heal|p2a: Milotic|85\/100 brn\n|move|p1a: Heatran|Earth Power|p2a: Milotic\n|-damage|p2a: Milotic|61\/100 brn\n|\n|-damage|p2a: Milotic|55\/100 brn|[from] brn\n|-end|p2a: Milotic|Magma Storm|[partiallytrapped]\n|upkeep\n|turn|19\n|\n|t:|1699973669\n|switch|p2a: Blissey|Blissey, F|100\/100\n|move|p1a: Heatran|Magma Storm|p2a: Blissey\n|-damage|p2a: Blissey|77\/100\n|-activate|p2a: Blissey|move: Magma Storm|[of] p1a: Heatran\n|\n|-damage|p2a: Blissey|64\/100|[from] move: Magma Storm|[partiallytrapped]\n|upkeep\n|turn|20\n|\n|t:|1699973707\n|move|p1a: Heatran|Earth Power|p2a: Blissey\n|-damage|p2a: Blissey|51\/100\n|move|p2a: Blissey|Trick|p1a: Heatran\n|-activate|p2a: Blissey|move: Trick|[of] p1a: Heatran\n|-item|p1a: Heatran|Choice Specs|[from] move: Trick\n|-enditem|p2a: Blissey|Choice Specs|[silent]|[from] move: Trick\n|\n|-damage|p2a: Blissey|39\/100|[from] move: Magma Storm|[partiallytrapped]\n|upkeep\n|turn|21\n|\n|t:|1699973730\n|move|p1a: Heatran|Earth Power|p2a: Blissey\n|-damage|p2a: Blissey|19\/100\n|move|p2a: Blissey|Thunderbolt|p1a: Heatran\n|-damage|p1a: Heatran|36\/100\n|\n|-damage|p2a: Blissey|6\/100|[from] move: Magma Storm|[partiallytrapped]\n|upkeep\n|turn|22\n|\n|t:|1699973741\n|move|p1a: Heatran|Earth Power|p2a: Blissey\n|-damage|p2a: Blissey|0 fnt\n|faint|p2a: Blissey\n|\n|upkeep\n|inactive|Battle timer is ON: inactive players will automatically lose when time's up. (requested by Sherlock4580)\n|\n|t:|1699973792\n|switch|p2a: Garchomp|Garchomp, M|100\/100\n|turn|23\n|\n|t:|1699973802\n|move|p2a: Garchomp|Earthquake|p1a: Heatran\n|-supereffective|p1a: Heatran\n|-damage|p1a: Heatran|0 fnt\n|faint|p1a: Heatran\n|-damage|p2a: Garchomp|91\/100|[from] item: Life Orb\n|\n|upkeep\n|\n|t:|1699973806\n|switch|p1a: Great Tusk|Great Tusk|95\/100\n|turn|24\n|\n|t:|1699973831\n|switch|p2a: Infernape|Infernape, M|85\/100\n|move|p1a: Great Tusk|Rapid Spin|p2a: Infernape\n|-damage|p2a: Infernape|57\/100\n|-boost|p1a: Great Tusk|spe|1\n|\n|upkeep\n|turn|25\n|\n|t:|1699973842\n|switch|p2a: Milotic|Milotic, M|55\/100 brn\n|move|p1a: Great Tusk|Headlong Rush|p2a: Milotic\n|-damage|p2a: Milotic|19\/100 brn\n|-unboost|p1a: Great Tusk|def|1\n|-unboost|p1a: Great Tusk|spd|1\n|\n|-damage|p2a: Milotic|13\/100 brn|[from] brn\n|upkeep\n|turn|26\n|\n|t:|1699973852\n|move|p1a: Great Tusk|Headlong Rush|p2a: Milotic\n|-damage|p2a: Milotic|0 fnt\n|-unboost|p1a: Great Tusk|def|1\n|-unboost|p1a: Great Tusk|spd|1\n|faint|p2a: Milotic\n|\n|upkeep\n|\n|t:|1699973870\n|switch|p2a: Torterra|Torterra, F|100\/100\n|turn|27\n|\n|t:|1699973880\n|move|p1a: Great Tusk|Close Combat|p2a: Torterra\n|-damage|p2a: Torterra|46\/100\n|-unboost|p1a: Great Tusk|def|1\n|-unboost|p1a: Great Tusk|spd|1\n|move|p2a: Torterra|Wood Hammer|p1a: Great Tusk\n|-supereffective|p1a: Great Tusk\n|-damage|p1a: Great Tusk|0 fnt\n|faint|p1a: Great Tusk\n|-end|p1a: Great Tusk|Protosynthesis|[silent]\n|-damage|p2a: Torterra|16\/100|[from] Recoil\n|\n|upkeep\n|\n|t:|1699973887\n|switch|p1a: Kingambit|Kingambit, F|100\/100\n|-activate|p1a: Kingambit|ability: Supreme Overlord\n|-start|p1a: Kingambit|fallen5|[silent]\n|turn|28\n|\n|t:|1699973896\n|-terastallize|p1a: Kingambit|Flying\n|move|p1a: Kingambit|Sucker Punch|p2a: Torterra\n|-damage|p2a: Torterra|0 fnt\n|faint|p2a: Torterra\n|-damage|p1a: Kingambit|91\/100|[from] item: Life Orb\n|\n|upkeep\n|\n|t:|1699973904\n|switch|p2a: Infernape|Infernape, M|57\/100\n|turn|29\n|\n|t:|1699973910\n|move|p1a: Kingambit|Sucker Punch|p2a: Infernape\n|-resisted|p2a: Infernape\n|-damage|p2a: Infernape|0 fnt\n|faint|p2a: Infernape\n|-damage|p1a: Kingambit|81\/100|[from] item: Life Orb\n|\n|upkeep\n|\n|t:|1699973916\n|switch|p2a: Garchomp|Garchomp, M|91\/100\n|turn|30\n|\n|t:|1699973920\n|move|p2a: Garchomp|Swords Dance|p2a: Garchomp\n|-boost|p2a: Garchomp|atk|2\n|move|p1a: Kingambit|Kowtow Cleave|p2a: Garchomp\n|-damage|p2a: Garchomp|0 fnt\n|-damage|p1a: Kingambit|68\/100|[from] ability: Rough Skin|[of] p2a: Garchomp\n|faint|p2a: Garchomp\n|-damage|p1a: Kingambit|58\/100|[from] item: Life Orb\n|\n|win|Sherlock4580\n|raw|Sherlock4580's rating: 1014 &rarr; <strong>1050<\/strong><br \/>(+36 for winning)\n|raw|Ahmadinho's rating: 1000 &rarr; <strong>1000<\/strong><br \/>(+0 for losing)\n","uploadtime":1699973926,"views":8,"p1id":"sherlock4580","p2id":"ahmadinho","formatid":"gen9ou","rating":1000,"private":0,"password":""}