{"id":"gen9ou-1988637927","p1":"BuffYoda21","p2":"mr.pickup","format":"[Gen 9] OU","log":"|j|\u2606BuffYoda21\n|j|\u2606mr.pickup\n|inactive|Battle timer is ON: inactive players will automatically lose when time's up.\n|t:|1699744821\n|gametype|singles\n|player|p1|BuffYoda21|hiker-gen4|\n|player|p2|mr.pickup|skierf|\n|teamsize|p1|5\n|teamsize|p2|5\n|gen|9\n|tier|[Gen 9] OU\n|rated|Tournament battle\n|rule|Sleep Clause Mod: Limit one foe put to sleep\n|rule|Species Clause: Limit one of each Pok\u00e9mon\n|rule|OHKO Clause: OHKO moves are banned\n|rule|Evasion Items Clause: Evasion items are banned\n|rule|Evasion Moves Clause: Evasion moves are banned\n|rule|Endless Battle Clause: Forcing endless battles is banned\n|rule|HP Percentage Mod: HP is shown in percentages\n|clearpoke\n|poke|p1|Arcanine, F|\n|poke|p1|Greavard, M|\n|poke|p1|Deino, F|\n|poke|p1|Diglett, M|\n|poke|p1|Magnemite|\n|poke|p2|Qwilfish-Hisui, M|\n|poke|p2|Crocalor, F|\n|poke|p2|Shinx, M|\n|poke|p2|Vullaby, F|\n|poke|p2|Steenee, F|\n|teampreview\n|j|*Lady Monita \u2746\n|j| Im dumb srly\n|j| Foosyyy\n|c|\u2606BuffYoda21|glhf\n|j| Demon Fangs\n|inactive|mr.pickup also wants the timer to be on.\n|l| Demon Fangs\n|c|\u2606mr.pickup|glhf\n|\n|t:|1699744842\n|start\n|switch|p1a: Diglett|Diglett, M|100\/100\n|switch|p2a: Qwilfish|Qwilfish-Hisui, M|100\/100\n|-ability|p2a: Qwilfish|Intimidate|boost\n|-unboost|p1a: Diglett|atk|1\n|turn|1\n|\n|t:|1699744848\n|move|p1a: Diglett|Stealth Rock|p2a: Qwilfish\n|-sidestart|p2: mr.pickup|move: Stealth Rock\n|move|p2a: Qwilfish|Toxic|p1a: Diglett\n|-status|p1a: Diglett|tox\n|\n|-damage|p1a: Diglett|94\/100 tox|[from] psn\n|upkeep\n|turn|2\n|\n|t:|1699744855\n|move|p2a: Qwilfish|Protect|p2a: Qwilfish\n|-singleturn|p2a: Qwilfish|Protect\n|move|p1a: Diglett|Earthquake|p2a: Qwilfish\n|-activate|p2a: Qwilfish|move: Protect\n|\n|-damage|p1a: Diglett|82\/100 tox|[from] psn\n|upkeep\n|turn|3\n|\n|t:|1699744861\n|switch|p2a: Vullaby|Vullaby, F|100\/100\n|-damage|p2a: Vullaby|76\/100|[from] Stealth Rock\n|move|p1a: Diglett|Earthquake|p2a: Vullaby\n|-immune|p2a: Vullaby\n|\n|-damage|p1a: Diglett|63\/100 tox|[from] psn\n|upkeep\n|turn|4\n|\n|t:|1699744873\n|switch|p1a: Deino|Deino, F|100\/100\n|move|p2a: Vullaby|Knock Off|p1a: Deino\n|-resisted|p1a: Deino\n|-damage|p1a: Deino|79\/100\n|-damage|p2a: Vullaby|59\/100|[from] item: Rocky Helmet|[of] p1a: Deino\n|-enditem|p1a: Deino|Rocky Helmet|[from] move: Knock Off|[of] p2a: Vullaby\n|\n|upkeep\n|turn|5\n|\n|t:|1699744886\n|move|p2a: Vullaby|Roost|p2a: Vullaby\n|-heal|p2a: Vullaby|100\/100\n|-singleturn|p2a: Vullaby|move: Roost\n|move|p1a: Deino|Head Smash|p2a: Vullaby\n|-damage|p2a: Vullaby|69\/100\n|-damage|p1a: Deino|61\/100|[from] Recoil\n|\n|upkeep\n|turn|6\n|\n|t:|1699744895\n|move|p2a: Vullaby|Toxic|p1a: Deino\n|-status|p1a: Deino|tox\n|move|p1a: Deino|Body Slam|p2a: Vullaby\n|-damage|p2a: Vullaby|50\/100\n|\n|-damage|p1a: Deino|55\/100 tox|[from] psn\n|upkeep\n|turn|7\n|\n|t:|1699744907\n|switch|p1a: Magnemite|Magnemite|100\/100\n|move|p2a: Vullaby|Roost|p2a: Vullaby\n|-heal|p2a: Vullaby|99\/100\n|-singleturn|p2a: Vullaby|move: Roost\n|\n|upkeep\n|turn|8\n|c| Im dumb srly|This is so sad my haxorus didn\u2019t make it to the finals\n|\n|t:|1699744914\n|switch|p2a: Crocalor|Crocalor, F|100\/100\n|-damage|p2a: Crocalor|76\/100|[from] Stealth Rock\n|move|p1a: Magnemite|Thunder Wave|p2a: Crocalor\n|-status|p2a: Crocalor|par\n|\n|upkeep\n|turn|9\n|c|\u2606mr.pickup|He was weak I killed him\n|\n|t:|1699744933\n|move|p1a: Magnemite|Reflect|p1a: Magnemite\n|-sidestart|p1: BuffYoda21|Reflect\n|move|p2a: Crocalor|Flamethrower|p1a: Magnemite\n|-supereffective|p1a: Magnemite\n|-ability|p1a: Magnemite|Sturdy\n|-damage|p1a: Magnemite|1\/100\n|\n|upkeep\n|turn|10\n|-enditem|p1a: Magnemite|Custap Berry|[eat]\n|-activate|p1a: Magnemite|item: Custap Berry|[consumed]\n|\n|t:|1699744939\n|move|p1a: Magnemite|Light Screen|p1a: Magnemite\n|-sidestart|p1: BuffYoda21|move: Light Screen\n|move|p2a: Crocalor|Flamethrower|p1a: Magnemite\n|-supereffective|p1a: Magnemite\n|-damage|p1a: Magnemite|0 fnt\n|faint|p1a: Magnemite\n|\n|upkeep\n|\n|t:|1699744949\n|switch|p1a: Diglett|Diglett, M|63\/100 tox\n|turn|11\n|\n|t:|1699744956\n|switch|p2a: Vullaby|Vullaby, F|99\/100\n|-damage|p2a: Vullaby|75\/100|[from] Stealth Rock\n|move|p1a: Diglett|Sludge Bomb|p2a: Vullaby\n|-damage|p2a: Vullaby|67\/100\n|\n|-damage|p1a: Diglett|57\/100 tox|[from] psn\n|upkeep\n|turn|12\n|c|\u2606BuffYoda21|wait im an idiot trying to go too fast\n|j| Magiquaza\n|inactive|BuffYoda21 has 120 seconds left.\n|c|\u2606BuffYoda21|sludge bomb is a specail move\n|c| Foosyyy|my gholdengo didnt make it either :(\n|\n|t:|1699744993\n|switch|p1a: Arcanine|Arcanine, F|100\/100\n|-ability|p1a: Arcanine|Intimidate|boost\n|-unboost|p2a: Vullaby|atk|1\n|move|p2a: Vullaby|Roost|p2a: Vullaby\n|-heal|p2a: Vullaby|100\/100\n|-singleturn|p2a: Vullaby|move: Roost\n|\n|upkeep\n|turn|13\n|inactive|BuffYoda21 has 120 seconds left.\n|c|\u2606mr.pickup|If ghold was here I would have just clicked  x\n|\n|t:|1699745016\n|-terastallize|p1a: Arcanine|Electric\n|move|p1a: Arcanine|Wild Charge|p2a: Vullaby\n|-supereffective|p2a: Vullaby\n|-damage|p2a: Vullaby|56\/100\n|-damage|p1a: Arcanine|91\/100|[from] Recoil\n|move|p2a: Vullaby|Toxic|p1a: Arcanine\n|-status|p1a: Arcanine|tox\n|\n|-heal|p1a: Arcanine|97\/100 tox|[from] item: Leftovers\n|-damage|p1a: Arcanine|91\/100 tox|[from] psn\n|-sideend|p1: BuffYoda21|Reflect\n|upkeep\n|turn|14\n|inactive|BuffYoda21 has 120 seconds left.\n|\n|t:|1699745028\n|move|p1a: Arcanine|Wild Charge|p2a: Vullaby\n|-supereffective|p2a: Vullaby\n|-damage|p2a: Vullaby|9\/100\n|-damage|p1a: Arcanine|80\/100 tox|[from] Recoil\n|move|p2a: Vullaby|Roost|p2a: Vullaby\n|-heal|p2a: Vullaby|59\/100\n|-singleturn|p2a: Vullaby|move: Roost\n|\n|-heal|p1a: Arcanine|86\/100 tox|[from] item: Leftovers\n|-damage|p1a: Arcanine|74\/100 tox|[from] psn\n|-sideend|p1: BuffYoda21|move: Light Screen\n|upkeep\n|turn|15\n|c| Foosyyy|it only lost to some bull shit\n|c| Im dumb srly|2 op looking mons abandoned\n|c| Foosyyy|fr\n|inactive|BuffYoda21 has 120 seconds left.\n|c| Foosyyy|choice specs gholdengo :sad:\n|j| Snorlaxisalpha\n|l| Magiquaza\n|\n|t:|1699745045\n|switch|p2a: Shinx|Shinx, M|100\/100\n|-damage|p2a: Shinx|88\/100|[from] Stealth Rock\n|-ability|p2a: Shinx|Intimidate|boost\n|-unboost|p1a: Arcanine|atk|1\n|move|p1a: Arcanine|Wild Charge|p2a: Shinx\n|-resisted|p2a: Shinx\n|-damage|p2a: Shinx|74\/100\n|-damage|p1a: Arcanine|71\/100 tox|[from] Recoil\n|\n|-heal|p1a: Arcanine|77\/100 tox|[from] item: Leftovers\n|-damage|p1a: Arcanine|59\/100 tox|[from] psn\n|upkeep\n|turn|16\n|c| Foosyyy|tera into steel\n|inactive|BuffYoda21 has 120 seconds left.\n|c| Foosyyy|with make it rain\n|c| Foosyyy|:verysad:\n|\n|t:|1699745060\n|switch|p1a: Diglett|Diglett, M|57\/100 tox\n|move|p2a: Shinx|Protect||[still]\n|-fail|p2a: Shinx\n|\n|-damage|p1a: Diglett|51\/100 tox|[from] psn\n|upkeep\n|turn|17\n|inactive|BuffYoda21 has 120 seconds left.\n|\n|t:|1699745068\n|move|p2a: Shinx|Protect|p2a: Shinx\n|-singleturn|p2a: Shinx|Protect\n|move|p1a: Diglett|Earthquake|p2a: Shinx\n|-activate|p2a: Shinx|move: Protect\n|\n|-damage|p1a: Diglett|38\/100 tox|[from] psn\n|upkeep\n|turn|18\n|inactive|BuffYoda21 has 120 seconds left.\n|\n|t:|1699745079\n|switch|p2a: Vullaby|Vullaby, F|59\/100\n|-damage|p2a: Vullaby|34\/100|[from] Stealth Rock\n|move|p1a: Diglett|Earthquake|p2a: Vullaby\n|-immune|p2a: Vullaby\n|\n|-damage|p1a: Diglett|20\/100 tox|[from] psn\n|upkeep\n|turn|19\n|inactive|BuffYoda21 has 120 seconds left.\n|\n|t:|1699745090\n|switch|p1a: Arcanine|Arcanine, F, tera:Electric|59\/100 tox\n|-ability|p1a: Arcanine|Intimidate|boost\n|-unboost|p2a: Vullaby|atk|1\n|move|p2a: Vullaby|Roost|p2a: Vullaby\n|-heal|p2a: Vullaby|84\/100\n|-singleturn|p2a: Vullaby|move: Roost\n|\n|-heal|p1a: Arcanine|65\/100 tox|[from] item: Leftovers\n|-damage|p1a: Arcanine|59\/100 tox|[from] psn\n|upkeep\n|turn|20\n|c| Im dumb srly|I enjoy the part where you said you lost to aids\n|inactive|BuffYoda21 has 120 seconds left.\n|\n|t:|1699745105\n|move|p1a: Arcanine|Wild Charge|p2a: Vullaby\n|-supereffective|p2a: Vullaby\n|-damage|p2a: Vullaby|39\/100\n|-damage|p1a: Arcanine|48\/100 tox|[from] Recoil\n|move|p2a: Vullaby|Roost|p2a: Vullaby\n|-heal|p2a: Vullaby|89\/100\n|-singleturn|p2a: Vullaby|move: Roost\n|\n|-heal|p1a: Arcanine|55\/100 tox|[from] item: Leftovers\n|-damage|p1a: Arcanine|42\/100 tox|[from] psn\n|upkeep\n|turn|21\n|inactive|BuffYoda21 has 120 seconds left.\n|j| ZacianBoi101\n|j| E4Everyone\n|c| Foosyyy|i've vs'd this mf 2 times and both times i lost to aids\n|\n|t:|1699745129\n|switch|p1a: Deino|Deino, F|55\/100 tox\n|switch|p2a: Shinx|Shinx, M|74\/100\n|-damage|p2a: Shinx|62\/100|[from] Stealth Rock\n|-ability|p2a: Shinx|Intimidate|boost\n|-unboost|p1a: Deino|atk|1\n|\n|-damage|p1a: Deino|49\/100 tox|[from] psn\n|upkeep\n|turn|22\n|j| TrainerElwin\n|\n|t:|1699745143\n|move|p2a: Shinx|Protect|p2a: Shinx\n|-singleturn|p2a: Shinx|Protect\n|move|p1a: Deino|Outrage|p2a: Shinx\n|-activate|p2a: Shinx|move: Protect\n|\n|-damage|p1a: Deino|36\/100 tox|[from] psn\n|upkeep\n|turn|23\n|j| DIMU179\n|l| TrainerElwin\n|\n|t:|1699745150\n|move|p2a: Shinx|Rest|p2a: Shinx\n|-status|p2a: Shinx|slp|[from] move: Rest\n|-heal|p2a: Shinx|100\/100 slp|[silent]\n|move|p1a: Deino|Outrage|p2a: Shinx\n|-damage|p2a: Shinx|60\/100 slp\n|\n|-damage|p1a: Deino|18\/100 tox|[from] psn\n|upkeep\n|turn|24\n|\n|t:|1699745159\n|switch|p2a: Qwilfish|Qwilfish-Hisui, M|100\/100\n|-damage|p2a: Qwilfish|88\/100|[from] Stealth Rock\n|-ability|p2a: Qwilfish|Intimidate|boost\n|-unboost|p1a: Deino|atk|1\n|move|p1a: Deino|Outrage|p2a: Qwilfish|[from]lockedmove\n|-damage|p2a: Qwilfish|63\/100\n|-start|p1a: Deino|confusion|[fatigue]\n|\n|-damage|p1a: Deino|0 fnt|[from] psn\n|faint|p1a: Deino\n|upkeep\n|\n|t:|1699745171\n|switch|p1a: Diglett|Diglett, M|20\/100 tox\n|turn|25\n|\n|t:|1699745176\n|move|p2a: Qwilfish|Protect|p2a: Qwilfish\n|-singleturn|p2a: Qwilfish|Protect\n|move|p1a: Diglett|Earthquake|p2a: Qwilfish\n|-activate|p2a: Qwilfish|move: Protect\n|\n|-damage|p1a: Diglett|14\/100 tox|[from] psn\n|upkeep\n|turn|26\n|\n|t:|1699745185\n|switch|p2a: Steenee|Steenee, F|100\/100\n|-damage|p2a: Steenee|88\/100|[from] Stealth Rock\n|move|p1a: Diglett|Sludge Bomb|p2a: Steenee\n|-supereffective|p2a: Steenee\n|-damage|p2a: Steenee|75\/100\n|\n|-damage|p1a: Diglett|1\/100 tox|[from] psn\n|upkeep\n|turn|27\n|\n|t:|1699745193\n|move|p1a: Diglett|Sucker Punch||[still]\n|-fail|p1a: Diglett\n|move|p2a: Steenee|Reflect|p2a: Steenee\n|-sidestart|p2: mr.pickup|Reflect\n|\n|-damage|p1a: Diglett|0 fnt|[from] psn\n|faint|p1a: Diglett\n|upkeep\n|\n|t:|1699745201\n|switch|p1a: Greavard|Greavard, M|100\/100\n|turn|28\n|\n|t:|1699745206\n|switch|p2a: Qwilfish|Qwilfish-Hisui, M|63\/100\n|-damage|p2a: Qwilfish|51\/100|[from] Stealth Rock\n|-ability|p2a: Qwilfish|Intimidate|boost\n|-unboost|p1a: Greavard|atk|1\n|move|p1a: Greavard|Poltergeist|p2a: Qwilfish\n|-activate|p2a: Qwilfish|move: Poltergeist|Eviolite\n|-resisted|p2a: Qwilfish\n|-damage|p2a: Qwilfish|46\/100\n|\n|upkeep\n|turn|29\n|\n|t:|1699745217\n|switch|p1a: Arcanine|Arcanine, F, tera:Electric|42\/100 tox\n|-ability|p1a: Arcanine|Intimidate|boost\n|-unboost|p2a: Qwilfish|atk|1\n|move|p2a: Qwilfish|Crunch|p1a: Arcanine\n|-damage|p1a: Arcanine|22\/100 tox\n|-unboost|p1a: Arcanine|def|1\n|\n|-heal|p1a: Arcanine|29\/100 tox|[from] item: Leftovers\n|-damage|p1a: Arcanine|22\/100 tox|[from] psn\n|upkeep\n|turn|30\n|c| Foosyyy|my team would have won this ngl.\n|c|\u2606mr.pickup|With ghold yes.\n|\n|t:|1699745236\n|move|p2a: Qwilfish|Protect|p2a: Qwilfish\n|-singleturn|p2a: Qwilfish|Protect\n|move|p1a: Arcanine|Flare Blitz|p2a: Qwilfish\n|-activate|p2a: Qwilfish|move: Protect\n|\n|-heal|p1a: Arcanine|29\/100 tox|[from] item: Leftovers\n|-damage|p1a: Arcanine|16\/100 tox|[from] psn\n|upkeep\n|turn|31\n|c| Im dumb srly|The haxorus didn\u2019t even matter\n|c| Foosyyy|im sad now\n|l| E4Everyone\n|\n|t:|1699745245\n|switch|p2a: Vullaby|Vullaby, F|89\/100\n|-damage|p2a: Vullaby|64\/100|[from] Stealth Rock\n|move|p1a: Arcanine|Flare Blitz|p2a: Vullaby\n|-damage|p2a: Vullaby|49\/100\n|-damage|p1a: Arcanine|12\/100 tox|[from] Recoil\n|\n|-heal|p1a: Arcanine|18\/100 tox|[from] item: Leftovers\n|-damage|p1a: Arcanine|0 fnt|[from] psn\n|faint|p1a: Arcanine\n|-sideend|p2: mr.pickup|Reflect\n|upkeep\n|\n|t:|1699745256\n|switch|p1a: Greavard|Greavard, M|100\/100\n|turn|32\n|c|\u2606mr.pickup|Like I said ghold means I click X\n|\n|t:|1699745262\n|move|p2a: Vullaby|Roost|p2a: Vullaby\n|-heal|p2a: Vullaby|99\/100\n|-singleturn|p2a: Vullaby|move: Roost\n|move|p1a: Greavard|Play Rough|p2a: Vullaby\n|-supereffective|p2a: Vullaby\n|-damage|p2a: Vullaby|75\/100\n|\n|upkeep\n|turn|33\n|\n|t:|1699745270\n|move|p2a: Vullaby|Toxic|p1a: Greavard\n|-status|p1a: Greavard|tox\n|move|p1a: Greavard|Play Rough|p2a: Vullaby\n|-supereffective|p2a: Vullaby\n|-damage|p2a: Vullaby|51\/100\n|\n|-damage|p1a: Greavard|95\/100 tox|[from] psn\n|upkeep\n|turn|34\n|\n|t:|1699745278\n|move|p2a: Vullaby|Roost|p2a: Vullaby\n|-heal|p2a: Vullaby|100\/100\n|-singleturn|p2a: Vullaby|move: Roost\n|move|p1a: Greavard|Play Rough|p2a: Vullaby\n|-supereffective|p2a: Vullaby\n|-damage|p2a: Vullaby|77\/100\n|\n|-damage|p1a: Greavard|83\/100 tox|[from] psn\n|upkeep\n|turn|35\n|\n|t:|1699745287\n|move|p2a: Vullaby|Knock Off|p1a: Greavard\n|-supereffective|p1a: Greavard\n|-damage|p1a: Greavard|48\/100 tox\n|-enditem|p1a: Greavard|Custap Berry|[from] move: Knock Off|[of] p2a: Vullaby\n|move|p1a: Greavard|Play Rough|p2a: Vullaby\n|-supereffective|p2a: Vullaby\n|-damage|p2a: Vullaby|53\/100\n|-unboost|p2a: Vullaby|atk|1\n|\n|-damage|p1a: Greavard|30\/100 tox|[from] psn\n|upkeep\n|turn|36\n|\n|t:|1699745299\n|switch|p2a: Shinx|Shinx, M|60\/100 slp\n|-damage|p2a: Shinx|47\/100 slp|[from] Stealth Rock\n|-ability|p2a: Shinx|Intimidate|boost\n|-unboost|p1a: Greavard|atk|1\n|move|p1a: Greavard|Play Rough|p2a: Shinx|[miss]\n|-miss|p1a: Greavard|p2a: Shinx\n|\n|-damage|p1a: Greavard|6\/100 tox|[from] psn\n|upkeep\n|turn|37\n|\n|t:|1699745309\n|cant|p2a: Shinx|slp\n|move|p1a: Greavard|Destiny Bond|p1a: Greavard\n|-singlemove|p1a: Greavard|Destiny Bond\n|\n|-damage|p1a: Greavard|0 fnt|[from] psn\n|faint|p1a: Greavard\n|\n|win|mr.pickup\n|upkeep\n|n|\u2606BuffYoda21|buffyoda21\n|n|\u2606mr.pickup|mrpickup\n|n|*Lady Monita \u2746|ladymonita\n|n| Im dumb srly|imdumbsrly\n|n| Foosyyy|foosyyy\n|n| Snorlaxisalpha|snorlaxisalpha\n|n| ZacianBoi101|zacianboi101\n|n| DIMU179|dimu179\n","uploadtime":1699745310,"views":10,"p1id":"buffyoda21","p2id":"mrpickup","formatid":"gen9ou","rating":0,"private":0,"password":""}