{"id":"gen9ou-2000040914","p1":"Darth Sicko","p2":"DrSliced","format":"[Gen 9] OU","log":"|j|\u2606Darth Sicko\n|j|\u2606DrSliced\n|t:|1701144844\n|gametype|singles\n|player|p1|Darth Sicko|will|1554\n|player|p2|DrSliced|n-masters|1556\n|teamsize|p1|6\n|teamsize|p2|6\n|gen|9\n|tier|[Gen 9] OU\n|rated|\n|rule|Sleep Clause Mod: Limit one foe put to sleep\n|rule|Species Clause: Limit one of each Pok\u00e9mon\n|rule|OHKO Clause: OHKO moves are banned\n|rule|Evasion Items Clause: Evasion items are banned\n|rule|Evasion Moves Clause: Evasion moves are banned\n|rule|Endless Battle Clause: Forcing endless battles is banned\n|rule|HP Percentage Mod: HP is shown in percentages\n|clearpoke\n|poke|p1|Okidogi, M|\n|poke|p1|Ninetales-Alola, F|\n|poke|p1|Dragapult, M|\n|poke|p1|Manaphy|\n|poke|p1|Kingambit, F|\n|poke|p1|Ditto|\n|poke|p2|Decidueye-Hisui, F|\n|poke|p2|Slowking-Galar, M|\n|poke|p2|Heatran, M|\n|poke|p2|Zapdos|\n|poke|p2|Great Tusk|\n|poke|p2|Cinderace, F|\n|teampreview\n|\n|t:|1701144854\n|start\n|switch|p1a: Dragapult|Dragapult, M|100\/100\n|switch|p2a: Decidueye|Decidueye-Hisui, F|100\/100\n|turn|1\n|\n|t:|1701144861\n|switch|p2a: Heatran|Heatran, M|100\/100\n|move|p1a: Dragapult|Fire Blast|p2a: Heatran\n|-start|p2a: Heatran|ability: Flash Fire\n|\n|upkeep\n|turn|2\n|\n|t:|1701144873\n|switch|p1a: Ditto|Ditto, shiny|100\/100\n|-transform|p1a: Ditto|p2a: Heatran|[from] ability: Imposter\n|move|p2a: Heatran|Stealth Rock|p1a: Ditto\n|-sidestart|p1: Darth Sicko|move: Stealth Rock\n|\n|upkeep\n|turn|3\n|\n|t:|1701144889\n|move|p1a: Ditto|Stealth Rock|p2a: Heatran\n|-sidestart|p2: DrSliced|move: Stealth Rock\n|move|p2a: Heatran|Earth Power|p1a: Ditto\n|-supereffective|p1a: Ditto\n|-damage|p1a: Ditto|11\/100\n|\n|upkeep\n|turn|4\n|\n|t:|1701144897\n|switch|p1a: Ninetales|Ninetales-Alola, F|100\/100\n|-damage|p1a: Ninetales|76\/100|[from] Stealth Rock\n|-weather|Snow|[from] ability: Snow Warning|[of] p1a: Ninetales\n|move|p2a: Heatran|Magma Storm|p1a: Ninetales\n|-supereffective|p1a: Ninetales\n|-damage|p1a: Ninetales|0 fnt\n|faint|p1a: Ninetales\n|\n|-weather|Snow|[upkeep]\n|upkeep\n|\n|t:|1701144900\n|switch|p1a: Manaphy|Manaphy|100\/100\n|-damage|p1a: Manaphy|88\/100|[from] Stealth Rock\n|turn|5\n|\n|t:|1701144910\n|move|p1a: Manaphy|Tail Glow|p1a: Manaphy\n|-boost|p1a: Manaphy|spa|3\n|move|p2a: Heatran|Magma Storm|p1a: Manaphy\n|-resisted|p1a: Manaphy\n|-damage|p1a: Manaphy|58\/100\n|-activate|p1a: Manaphy|move: Magma Storm|[of] p2a: Heatran\n|\n|-weather|Snow|[upkeep]\n|-heal|p1a: Manaphy|64\/100|[from] item: Leftovers\n|-damage|p1a: Manaphy|52\/100|[from] move: Magma Storm|[partiallytrapped]\n|upkeep\n|turn|6\n|\n|t:|1701144918\n|-terastallize|p2a: Heatran|Grass\n|move|p1a: Manaphy|Scald|p2a: Heatran\n|-resisted|p2a: Heatran\n|-damage|p2a: Heatran|73\/100\n|move|p2a: Heatran|Earth Power|p1a: Manaphy\n|-crit|p1a: Manaphy\n|-damage|p1a: Manaphy|12\/100\n|\n|-weather|Snow|[upkeep]\n|-heal|p1a: Manaphy|18\/100|[from] item: Leftovers\n|-heal|p2a: Heatran|79\/100|[from] item: Leftovers\n|-damage|p1a: Manaphy|6\/100|[from] move: Magma Storm|[partiallytrapped]\n|upkeep\n|turn|7\n|\n|t:|1701144947\n|move|p1a: Manaphy|Dazzling Gleam|p2a: Heatran\n|-damage|p2a: Heatran|42\/100\n|move|p2a: Heatran|Earth Power|p1a: Manaphy\n|-damage|p1a: Manaphy|0 fnt\n|faint|p1a: Manaphy\n|\n|-weather|Snow|[upkeep]\n|-heal|p2a: Heatran|48\/100|[from] item: Leftovers\n|upkeep\n|\n|t:|1701144953\n|switch|p1a: Ditto|Ditto, shiny|11\/100\n|-damage|p1a: Ditto|0 fnt|[from] Stealth Rock\n|faint|p1a: Ditto\n|\n|t:|1701144957\n|switch|p1a: Dragapult|Dragapult, M|100\/100\n|-damage|p1a: Dragapult|88\/100|[from] Stealth Rock\n|turn|8\n|\n|t:|1701144971\n|move|p1a: Dragapult|Dragon Darts|p2a: Heatran\n|-damage|p2a: Heatran|28\/100\n|-anim|p1a: Dragapult|Dragon Darts|p2a: Heatran\n|-damage|p2a: Heatran|7\/100\n|move|p2a: Heatran|Magma Storm|p1a: Dragapult|[miss]\n|-miss|p2a: Heatran|p1a: Dragapult\n|\n|-weather|none\n|-heal|p1a: Dragapult|94\/100|[from] item: Leftovers\n|-heal|p2a: Heatran|14\/100|[from] item: Leftovers\n|upkeep\n|turn|9\n|\n|t:|1701144977\n|move|p1a: Dragapult|Dragon Darts|p2a: Heatran\n|-damage|p2a: Heatran|0 fnt\n|faint|p2a: Heatran\n|\n|-heal|p1a: Dragapult|99\/100|[from] item: Leftovers\n|upkeep\n|\n|t:|1701144979\n|switch|p2a: Great Tusk|Great Tusk|100\/100\n|-damage|p2a: Great Tusk|98\/100|[from] Stealth Rock\n|-enditem|p2a: Great Tusk|Booster Energy\n|-activate|p2a: Great Tusk|ability: Protosynthesis|[fromitem]\n|-start|p2a: Great Tusk|protosynthesisspe\n|turn|10\n|\n|t:|1701144988\n|move|p2a: Great Tusk|Knock Off|p1a: Dragapult\n|-supereffective|p1a: Dragapult\n|-damage|p1a: Dragapult|15\/100\n|-enditem|p1a: Dragapult|Leftovers|[from] move: Knock Off|[of] p2a: Great Tusk\n|move|p1a: Dragapult|Dragon Dance|p1a: Dragapult\n|-boost|p1a: Dragapult|atk|1\n|-boost|p1a: Dragapult|spe|1\n|\n|upkeep\n|turn|11\n|\n|t:|1701144995\n|move|p1a: Dragapult|Dragon Darts|p2a: Great Tusk\n|-damage|p2a: Great Tusk|72\/100\n|-anim|p1a: Dragapult|Dragon Darts|p2a: Great Tusk\n|-damage|p2a: Great Tusk|46\/100\n|move|p2a: Great Tusk|Knock Off|p1a: Dragapult\n|-supereffective|p1a: Dragapult\n|-damage|p1a: Dragapult|0 fnt\n|faint|p1a: Dragapult\n|\n|upkeep\n|\n|t:|1701144998\n|switch|p1a: Kingambit|Kingambit, F|100\/100\n|-damage|p1a: Kingambit|94\/100|[from] Stealth Rock\n|-activate|p1a: Kingambit|ability: Supreme Overlord\n|-start|p1a: Kingambit|fallen4|[silent]\n|-item|p1a: Kingambit|Air Balloon\n|turn|12\n|\n|t:|1701145006\n|move|p2a: Great Tusk|Knock Off|p1a: Kingambit\n|-resisted|p1a: Kingambit\n|-damage|p1a: Kingambit|81\/100\n|-enditem|p1a: Kingambit|Air Balloon\n|move|p1a: Kingambit|Iron Head|p2a: Great Tusk\n|-damage|p2a: Great Tusk|8\/100\n|\n|upkeep\n|turn|13\n|\n|t:|1701145011\n|move|p1a: Kingambit|Sucker Punch||[still]\n|-fail|p1a: Kingambit\n|move|p2a: Great Tusk|Bulk Up|p2a: Great Tusk\n|-boost|p2a: Great Tusk|atk|1\n|-boost|p2a: Great Tusk|def|1\n|\n|upkeep\n|turn|14\n|\n|t:|1701145015\n|move|p1a: Kingambit|Sucker Punch|p2a: Great Tusk\n|-resisted|p2a: Great Tusk\n|-crit|p2a: Great Tusk\n|-damage|p2a: Great Tusk|0 fnt\n|faint|p2a: Great Tusk\n|-end|p2a: Great Tusk|Protosynthesis|[silent]\n|\n|upkeep\n|\n|t:|1701145019\n|switch|p2a: Decidueye|Decidueye-Hisui, F|100\/100\n|-damage|p2a: Decidueye|94\/100|[from] Stealth Rock\n|turn|15\n|\n|t:|1701145025\n|-end|p1a: Kingambit|fallen4|[silent]\n|switch|p1a: Okidogi|Okidogi, M|100\/100\n|-damage|p1a: Okidogi|94\/100|[from] Stealth Rock\n|move|p2a: Decidueye|Triple Arrows|p1a: Okidogi\n|-resisted|p1a: Okidogi\n|-damage|p1a: Okidogi|75\/100\n|\n|-heal|p1a: Okidogi|81\/100|[from] item: Leftovers\n|upkeep\n|turn|16\n|\n|t:|1701145031\n|switch|p2a: Slowking|Slowking-Galar, M|100\/100\n|move|p1a: Okidogi|Bulk Up|p1a: Okidogi\n|-boost|p1a: Okidogi|atk|1\n|-boost|p1a: Okidogi|def|1\n|\n|-heal|p1a: Okidogi|87\/100|[from] item: Leftovers\n|upkeep\n|turn|17\n|\n|t:|1701145034\n|move|p1a: Okidogi|Knock Off|p2a: Slowking\n|-supereffective|p2a: Slowking\n|-damage|p2a: Slowking|0 fnt\n|-enditem|p2a: Slowking|Heavy-Duty Boots|[from] move: Knock Off|[of] p1a: Okidogi\n|faint|p2a: Slowking\n|\n|-heal|p1a: Okidogi|93\/100|[from] item: Leftovers\n|upkeep\n|\n|t:|1701145037\n|switch|p2a: Zapdos|Zapdos|100\/100\n|turn|18\n|\n|t:|1701145040\n|move|p2a: Zapdos|Hurricane|p1a: Okidogi\n|-supereffective|p1a: Okidogi\n|-damage|p1a: Okidogi|0 fnt\n|faint|p1a: Okidogi\n|\n|upkeep\n|\n|t:|1701145042\n|switch|p1a: Kingambit|Kingambit, F|81\/100\n|-damage|p1a: Kingambit|75\/100|[from] Stealth Rock\n|-activate|p1a: Kingambit|ability: Supreme Overlord\n|-start|p1a: Kingambit|fallen5|[silent]\n|turn|19\n|\n|t:|1701145048\n|move|p2a: Zapdos|Thunderbolt|p1a: Kingambit\n|-damage|p1a: Kingambit|21\/100\n|move|p1a: Kingambit|Kowtow Cleave|p2a: Zapdos\n|-damage|p2a: Zapdos|13\/100\n|\n|upkeep\n|turn|20\n|\n|t:|1701145053\n|move|p1a: Kingambit|Sucker Punch|p2a: Zapdos\n|-damage|p2a: Zapdos|0 fnt\n|faint|p2a: Zapdos\n|\n|upkeep\n|\n|t:|1701145059\n|switch|p2a: Decidueye|Decidueye-Hisui, F|94\/100\n|-damage|p2a: Decidueye|88\/100|[from] Stealth Rock\n|turn|21\n|\n|t:|1701145063\n|-terastallize|p1a: Kingambit|Fire\n|move|p2a: Decidueye|Triple Arrows|p1a: Kingambit\n|-damage|p1a: Kingambit|0 fnt\n|faint|p1a: Kingambit\n|-end|p1a: Kingambit|fallen5|[silent]\n|\n|win|DrSliced\n|raw|Darth Sicko's rating: 1554 &rarr; <strong>1534<\/strong><br \/>(-20 for losing)\n|raw|DrSliced's rating: 1556 &rarr; <strong>1576<\/strong><br \/>(+20 for winning)\n|l|\u2606Darth Sicko\n","uploadtime":1701145071,"views":14,"p1id":"darthsicko","p2id":"drsliced","formatid":"gen9ou","rating":1534,"private":0,"password":""}