{"id":"gen9ou-1992525763","p1":"mirfee","p2":"fungus53465","format":"[Gen 9] OU","log":"|j|\u2606mirfee\n|j|\u2606fungus53465\n|t:|1700199626\n|gametype|singles\n|player|p1|mirfee|medium|1387\n|player|p2|fungus53465|266|1430\n|teamsize|p1|6\n|teamsize|p2|6\n|gen|9\n|tier|[Gen 9] OU\n|rated|\n|rule|Sleep Clause Mod: Limit one foe put to sleep\n|rule|Species Clause: Limit one of each Pok\u00e9mon\n|rule|OHKO Clause: OHKO moves are banned\n|rule|Evasion Items Clause: Evasion items are banned\n|rule|Evasion Moves Clause: Evasion moves are banned\n|rule|Endless Battle Clause: Forcing endless battles is banned\n|rule|HP Percentage Mod: HP is shown in percentages\n|clearpoke\n|poke|p1|Rillaboom, M|\n|poke|p1|Ribombee, M|\n|poke|p1|Manaphy|\n|poke|p1|Slowking-Galar, F|\n|poke|p1|Alomomola, F|\n|poke|p1|Ogerpon-Cornerstone, F|\n|poke|p2|Torkoal, F|\n|poke|p2|Walking Wake|\n|poke|p2|Great Tusk|\n|poke|p2|Skeledirge, M|\n|poke|p2|Sandy Shocks|\n|poke|p2|Brute Bonnet|\n|teampreview\n|inactive|Battle timer is ON: inactive players will automatically lose when time's up. (requested by mirfee)\n|inactive|fungus53465 also wants the timer to be on.\n|\n|t:|1700199648\n|start\n|switch|p1a: Ribombee|Ribombee, M|100\/100\n|switch|p2a: Torkoal|Torkoal, F|100\/100\n|-weather|SunnyDay|[from] ability: Drought|[of] p2a: Torkoal\n|turn|1\n|\n|t:|1700199660\n|switch|p1a: Alomomola|Alomomola, F|100\/100\n|move|p2a: Torkoal|Lava Plume|p1a: Alomomola\n|-resisted|p1a: Alomomola\n|-damage|p1a: Alomomola|84\/100\n|-enditem|p1a: Alomomola|Red Card|[of] p2a: Torkoal\n|drag|p2a: Walking Wake|Walking Wake|100\/100\n|-activate|p2a: Walking Wake|ability: Protosynthesis\n|-start|p2a: Walking Wake|protosynthesisspe\n|\n|-weather|SunnyDay|[upkeep]\n|upkeep\n|turn|2\n|\n|t:|1700199673\n|move|p2a: Walking Wake|Hydro Steam|p1a: Alomomola\n|-resisted|p1a: Alomomola\n|-damage|p1a: Alomomola|45\/100\n|move|p1a: Alomomola|Flip Turn|p2a: Walking Wake\n|-resisted|p2a: Walking Wake\n|-damage|p2a: Walking Wake|98\/100\n|\n|t:|1700199701\n|switch|p1a: Ribombee|Ribombee, M|100\/100|[from] Flip Turn\n|\n|-weather|SunnyDay|[upkeep]\n|upkeep\n|turn|3\n|\n|t:|1700199709\n|-end|p2a: Walking Wake|Protosynthesis|[silent]\n|switch|p2a: Torkoal|Torkoal, F|100\/100\n|move|p1a: Ribombee|Quiver Dance|p1a: Ribombee\n|-boost|p1a: Ribombee|spa|1\n|-boost|p1a: Ribombee|spd|1\n|-boost|p1a: Ribombee|spe|1\n|\n|-weather|SunnyDay|[upkeep]\n|upkeep\n|turn|4\n|\n|t:|1700199730\n|move|p1a: Ribombee|Sticky Web|p2a: Torkoal\n|-sidestart|p2: fungus53465|move: Sticky Web\n|move|p2a: Torkoal|Lava Plume|p1a: Ribombee\n|-supereffective|p1a: Ribombee\n|-damage|p1a: Ribombee|20\/100\n|\n|-weather|SunnyDay|[upkeep]\n|upkeep\n|turn|5\n|\n|t:|1700199738\n|move|p1a: Ribombee|Moonblast|p2a: Torkoal\n|-resisted|p2a: Torkoal\n|-damage|p2a: Torkoal|62\/100\n|move|p2a: Torkoal|Lava Plume|p1a: Ribombee\n|-supereffective|p1a: Ribombee\n|-damage|p1a: Ribombee|0 fnt\n|faint|p1a: Ribombee\n|\n|-weather|SunnyDay|[upkeep]\n|upkeep\n|\n|t:|1700199745\n|switch|p1a: Ogerpon|Ogerpon-Cornerstone, F|100\/100\n|turn|6\n|\n|t:|1700199759\n|switch|p2a: Great Tusk|Great Tusk|100\/100\n|-activate|p2a: Great Tusk|move: Sticky Web\n|-unboost|p2a: Great Tusk|spe|1\n|-activate|p2a: Great Tusk|ability: Protosynthesis\n|-start|p2a: Great Tusk|protosynthesisatk\n|move|p1a: Ogerpon|Ivy Cudgel|p2a: Great Tusk|[anim] Ivy Cudgel Rock\n|-resisted|p2a: Great Tusk\n|-damage|p2a: Great Tusk|89\/100\n|\n|-weather|SunnyDay|[upkeep]\n|-heal|p2a: Great Tusk|96\/100|[from] item: Leftovers\n|upkeep\n|turn|7\n|\n|t:|1700199773\n|switch|p1a: Alomomola|Alomomola, F|78\/100\n|-end|p2a: Great Tusk|Protosynthesis|[silent]\n|switch|p2a: Brute Bonnet|Brute Bonnet|100\/100\n|-activate|p2a: Brute Bonnet|move: Sticky Web\n|-unboost|p2a: Brute Bonnet|spe|1\n|-activate|p2a: Brute Bonnet|ability: Protosynthesis\n|-start|p2a: Brute Bonnet|protosynthesisspd\n|\n|-weather|SunnyDay|[upkeep]\n|upkeep\n|turn|8\n|\n|t:|1700199787\n|move|p1a: Alomomola|Flip Turn|p2a: Brute Bonnet\n|-resisted|p2a: Brute Bonnet\n|-damage|p2a: Brute Bonnet|97\/100\n|\n|t:|1700199793\n|switch|p1a: Ogerpon|Ogerpon-Cornerstone, F|100\/100|[from] Flip Turn\n|move|p2a: Brute Bonnet|Crunch|p1a: Ogerpon\n|-damage|p1a: Ogerpon|61\/100\n|\n|-weather|none\n|-end|p2a: Brute Bonnet|Protosynthesis\n|-heal|p2a: Brute Bonnet|100\/100|[from] item: Leftovers\n|upkeep\n|turn|9\n|\n|t:|1700199807\n|-end|p2a: Brute Bonnet|Protosynthesis|[silent]\n|switch|p2a: Great Tusk|Great Tusk|96\/100\n|-activate|p2a: Great Tusk|move: Sticky Web\n|-unboost|p2a: Great Tusk|spe|1\n|move|p1a: Ogerpon|Superpower|p2a: Great Tusk\n|-damage|p2a: Great Tusk|55\/100\n|-unboost|p1a: Ogerpon|atk|1\n|-unboost|p1a: Ogerpon|def|1\n|\n|-heal|p2a: Great Tusk|61\/100|[from] item: Leftovers\n|upkeep\n|turn|10\n|inactive|fungus53465 has 120 seconds left.\n|inactive|fungus53465 has 90 seconds left.\n|\n|t:|1700199888\n|switch|p1a: Alomomola|Alomomola, F|100\/100\n|-end|p2a: Great Tusk|Protosynthesis|[silent]\n|switch|p2a: Skeledirge|Skeledirge, M|100\/100\n|\n|upkeep\n|turn|11\n|\n|t:|1700199898\n|move|p2a: Skeledirge|Will-O-Wisp|p1a: Alomomola\n|-status|p1a: Alomomola|brn\n|move|p1a: Alomomola|Flip Turn|p2a: Skeledirge\n|-supereffective|p2a: Skeledirge\n|-damage|p2a: Skeledirge|86\/100\n|\n|t:|1700199901\n|switch|p1a: Manaphy|Manaphy|100\/100|[from] Flip Turn\n|\n|upkeep\n|turn|12\n|\n|t:|1700199914\n|switch|p2a: Brute Bonnet|Brute Bonnet|100\/100\n|-activate|p2a: Brute Bonnet|move: Sticky Web\n|-unboost|p2a: Brute Bonnet|spe|1\n|move|p1a: Manaphy|Hydro Pump|p2a: Brute Bonnet\n|-resisted|p2a: Brute Bonnet\n|-damage|p2a: Brute Bonnet|84\/100\n|\n|-heal|p2a: Brute Bonnet|90\/100|[from] item: Leftovers\n|upkeep\n|turn|13\n|\n|t:|1700199925\n|move|p1a: Manaphy|Blizzard|p2a: Brute Bonnet|[miss]\n|-miss|p1a: Manaphy|p2a: Brute Bonnet\n|move|p2a: Brute Bonnet|Crunch|p1a: Manaphy\n|-damage|p1a: Manaphy|65\/100\n|\n|-heal|p1a: Manaphy|71\/100|[from] item: Leftovers\n|-heal|p2a: Brute Bonnet|96\/100|[from] item: Leftovers\n|upkeep\n|turn|14\n|\n|t:|1700199934\n|switch|p1a: Alomomola|Alomomola, F|100\/100 brn\n|move|p2a: Brute Bonnet|Spore||[still]\n|-fail|p2a: Brute Bonnet\n|\n|-heal|p2a: Brute Bonnet|100\/100|[from] item: Leftovers\n|-damage|p1a: Alomomola|94\/100 brn|[from] brn\n|upkeep\n|turn|15\n|inactive|fungus53465 has 90 seconds left.\n|\n|t:|1700199941\n|move|p1a: Alomomola|Wish|p1a: Alomomola\n|move|p2a: Brute Bonnet|Crunch|p1a: Alomomola\n|-damage|p1a: Alomomola|72\/100 brn\n|\n|-damage|p1a: Alomomola|66\/100 brn|[from] brn\n|upkeep\n|turn|16\n|inactive|fungus53465 has 90 seconds left.\n|\n|t:|1700199953\n|-end|p2a: Brute Bonnet|Protosynthesis|[silent]\n|switch|p2a: Great Tusk|Great Tusk|61\/100\n|-activate|p2a: Great Tusk|move: Sticky Web\n|-unboost|p2a: Great Tusk|spe|1\n|move|p1a: Alomomola|Acrobatics|p2a: Great Tusk\n|-supereffective|p2a: Great Tusk\n|-damage|p2a: Great Tusk|46\/100\n|\n|-heal|p1a: Alomomola|100\/100 brn|[from] move: Wish|[wisher] Alomomola\n|-heal|p2a: Great Tusk|52\/100|[from] item: Leftovers\n|-damage|p1a: Alomomola|94\/100 brn|[from] brn\n|upkeep\n|turn|17\n|inactive|fungus53465 has 90 seconds left.\n|\n|t:|1700199967\n|move|p2a: Great Tusk|Rapid Spin|p1a: Alomomola\n|-damage|p1a: Alomomola|83\/100 brn\n|-boost|p2a: Great Tusk|spe|1\n|-sideend|p2: fungus53465|Sticky Web|[from] move: Rapid Spin|[of] p2a: Great Tusk\n|move|p1a: Alomomola|Scald|p2a: Great Tusk\n|-supereffective|p2a: Great Tusk\n|-damage|p2a: Great Tusk|13\/100\n|\n|-heal|p2a: Great Tusk|19\/100|[from] item: Leftovers\n|-damage|p1a: Alomomola|77\/100 brn|[from] brn\n|upkeep\n|turn|18\n|inactive|fungus53465 has 90 seconds left.\n|\n|t:|1700199991\n|move|p2a: Great Tusk|Close Combat|p1a: Alomomola\n|-damage|p1a: Alomomola|36\/100 brn\n|-unboost|p2a: Great Tusk|def|1\n|-unboost|p2a: Great Tusk|spd|1\n|move|p1a: Alomomola|Flip Turn|p2a: Great Tusk\n|-supereffective|p2a: Great Tusk\n|-damage|p2a: Great Tusk|2\/100\n|\n|t:|1700200011\n|switch|p1a: Rillaboom|Rillaboom, M|100\/100|[from] Flip Turn\n|-fieldstart|move: Grassy Terrain|[from] ability: Grassy Surge|[of] p1a: Rillaboom\n|\n|-heal|p2a: Great Tusk|9\/100|[from] Grassy Terrain\n|-heal|p2a: Great Tusk|15\/100|[from] item: Leftovers\n|upkeep\n|turn|19\n|inactive|fungus53465 has 90 seconds left.\n|\n|t:|1700200021\n|move|p1a: Rillaboom|Grassy Glide|p2a: Great Tusk\n|-supereffective|p2a: Great Tusk\n|-damage|p2a: Great Tusk|0 fnt\n|faint|p2a: Great Tusk\n|-end|p2a: Great Tusk|Protosynthesis|[silent]\n|\n|upkeep\n|inactive|fungus53465 has 90 seconds left.\n|\n|t:|1700200040\n|switch|p2a: Torkoal|Torkoal, F|62\/100\n|-weather|SunnyDay|[from] ability: Drought|[of] p2a: Torkoal\n|turn|20\n|\n|t:|1700200047\n|switch|p1a: Alomomola|Alomomola, F|70\/100 brn\n|move|p2a: Torkoal|Stealth Rock|p1a: Alomomola\n|-sidestart|p1: mirfee|move: Stealth Rock\n|\n|-weather|SunnyDay|[upkeep]\n|-heal|p1a: Alomomola|76\/100 brn|[from] Grassy Terrain\n|-heal|p2a: Torkoal|68\/100|[from] Grassy Terrain\n|-damage|p1a: Alomomola|70\/100 brn|[from] brn\n|upkeep\n|turn|21\n|inactive|fungus53465 has 90 seconds left.\n|\n|t:|1700200065\n|switch|p2a: Walking Wake|Walking Wake|98\/100\n|-activate|p2a: Walking Wake|ability: Protosynthesis\n|-start|p2a: Walking Wake|protosynthesisspe\n|move|p1a: Alomomola|Flip Turn|p2a: Walking Wake\n|-resisted|p2a: Walking Wake\n|-damage|p2a: Walking Wake|98\/100\n|\n|t:|1700200079\n|switch|p1a: Slowking|Slowking-Galar, F|100\/100|[from] Flip Turn\n|\n|-weather|SunnyDay|[upkeep]\n|-heal|p2a: Walking Wake|100\/100|[from] Grassy Terrain\n|upkeep\n|turn|22\n|inactive|fungus53465 has 90 seconds left.\n|\n|t:|1700200098\n|-end|p2a: Walking Wake|Protosynthesis|[silent]\n|switch|p2a: Sandy Shocks|Sandy Shocks|100\/100\n|-activate|p2a: Sandy Shocks|ability: Protosynthesis\n|-start|p2a: Sandy Shocks|protosynthesisspe\n|move|p1a: Slowking|Future Sight|p2a: Sandy Shocks\n|-start|p1a: Slowking|move: Future Sight\n|\n|-weather|SunnyDay|[upkeep]\n|-fieldend|move: Grassy Terrain\n|upkeep\n|turn|23\n|\n|t:|1700200109\n|move|p2a: Sandy Shocks|Spikes|p1a: Slowking\n|-sidestart|p1: mirfee|Spikes\n|move|p1a: Slowking|Chilly Reception|p1a: Slowking\n|-weather|Snow\n|-end|p2a: Sandy Shocks|Protosynthesis\n|\n|t:|1700200123\n|switch|p1a: Rillaboom|Rillaboom, M|100\/100|[from] Chilly Reception\n|-damage|p1a: Rillaboom|88\/100|[from] Stealth Rock\n|-damage|p1a: Rillaboom|76\/100|[from] Spikes\n|-fieldstart|move: Grassy Terrain|[from] ability: Grassy Surge|[of] p1a: Rillaboom\n|\n|-weather|Snow|[upkeep]\n|-heal|p1a: Rillaboom|82\/100|[from] Grassy Terrain\n|upkeep\n|turn|24\n|inactive|fungus53465 has 90 seconds left.\n|\n|t:|1700200133\n|-end|p2a: Sandy Shocks|Protosynthesis|[silent]\n|switch|p2a: Skeledirge|Skeledirge, M|86\/100\n|-terastallize|p1a: Rillaboom|Grass\n|move|p1a: Rillaboom|Wood Hammer|p2a: Skeledirge\n|-resisted|p2a: Skeledirge\n|-damage|p2a: Skeledirge|10\/100\n|-damage|p1a: Rillaboom|56\/100|[from] Recoil\n|\n|-weather|Snow|[upkeep]\n|-end|p2a: Skeledirge|move: Future Sight\n|-damage|p2a: Skeledirge|0 fnt\n|faint|p2a: Skeledirge\n|-heal|p1a: Rillaboom|63\/100|[from] Grassy Terrain\n|upkeep\n|\n|t:|1700200148\n|switch|p2a: Torkoal|Torkoal, F|68\/100\n|-weather|SunnyDay|[from] ability: Drought|[of] p2a: Torkoal\n|turn|25\n|\n|t:|1700200158\n|switch|p2a: Sandy Shocks|Sandy Shocks|100\/100\n|-activate|p2a: Sandy Shocks|ability: Protosynthesis\n|-start|p2a: Sandy Shocks|protosynthesisspe\n|move|p1a: Rillaboom|Wood Hammer|p2a: Sandy Shocks\n|-supereffective|p2a: Sandy Shocks\n|-damage|p2a: Sandy Shocks|0 fnt\n|faint|p2a: Sandy Shocks\n|-end|p2a: Sandy Shocks|Protosynthesis|[silent]\n|-damage|p1a: Rillaboom|36\/100|[from] Recoil\n|\n|-weather|SunnyDay|[upkeep]\n|-heal|p1a: Rillaboom|42\/100|[from] Grassy Terrain\n|upkeep\n|\n|t:|1700200170\n|switch|p2a: Walking Wake|Walking Wake|100\/100\n|-activate|p2a: Walking Wake|ability: Protosynthesis\n|-start|p2a: Walking Wake|protosynthesisspe\n|turn|26\n|\n|t:|1700200175\n|switch|p1a: Slowking|Slowking-Galar, F|100\/100\n|move|p2a: Walking Wake|Dragon Pulse|p1a: Slowking\n|-damage|p1a: Slowking|62\/100\n|\n|-weather|SunnyDay|[upkeep]\n|-heal|p1a: Slowking|68\/100|[from] Grassy Terrain\n|upkeep\n|turn|27\n|inactive|fungus53465 has 90 seconds left.\n|\n|t:|1700200185\n|-end|p2a: Walking Wake|Protosynthesis|[silent]\n|switch|p2a: Brute Bonnet|Brute Bonnet|100\/100\n|-activate|p2a: Brute Bonnet|ability: Protosynthesis\n|-start|p2a: Brute Bonnet|protosynthesisspd\n|move|p1a: Slowking|Future Sight|p2a: Brute Bonnet\n|-start|p1a: Slowking|move: Future Sight\n|\n|-weather|SunnyDay|[upkeep]\n|-heal|p1a: Slowking|74\/100|[from] Grassy Terrain\n|-fieldend|move: Grassy Terrain\n|upkeep\n|turn|28\n|inactive|fungus53465 has 90 seconds left.\n|\n|t:|1700200199\n|switch|p1a: Alomomola|Alomomola, F|100\/100 brn\n|-damage|p1a: Alomomola|88\/100 brn|[from] Stealth Rock\n|-damage|p1a: Alomomola|76\/100 brn|[from] Spikes\n|move|p2a: Brute Bonnet|Crunch|p1a: Alomomola\n|-damage|p1a: Alomomola|55\/100 brn\n|\n|-weather|SunnyDay|[upkeep]\n|-damage|p1a: Alomomola|49\/100 brn|[from] brn\n|upkeep\n|turn|29\n|inactive|fungus53465 has 90 seconds left.\n|\n|t:|1700200210\n|-end|p2a: Brute Bonnet|Protosynthesis|[silent]\n|switch|p2a: Walking Wake|Walking Wake|100\/100\n|-activate|p2a: Walking Wake|ability: Protosynthesis\n|-start|p2a: Walking Wake|protosynthesisspe\n|move|p1a: Alomomola|Wish|p1a: Alomomola\n|\n|-weather|SunnyDay|[upkeep]\n|-end|p2a: Walking Wake|move: Future Sight\n|-damage|p2a: Walking Wake|44\/100\n|-damage|p1a: Alomomola|43\/100 brn|[from] brn\n|upkeep\n|turn|30\n|inactive|fungus53465 has 90 seconds left.\n|\n|t:|1700200240\n|move|p2a: Walking Wake|Hydro Steam|p1a: Alomomola\n|-resisted|p1a: Alomomola\n|-damage|p1a: Alomomola|3\/100 brn\n|move|p1a: Alomomola|Flip Turn|p2a: Walking Wake\n|-resisted|p2a: Walking Wake\n|-damage|p2a: Walking Wake|44\/100\n|\n|t:|1700200253\n|switch|p1a: Slowking|Slowking-Galar, F|100\/100|[from] Flip Turn\n|\n|-weather|SunnyDay|[upkeep]\n|upkeep\n|turn|31\n|\n|t:|1700200259\n|-end|p2a: Walking Wake|Protosynthesis|[silent]\n|switch|p2a: Brute Bonnet|Brute Bonnet|100\/100\n|-activate|p2a: Brute Bonnet|ability: Protosynthesis\n|-start|p2a: Brute Bonnet|protosynthesisspd\n|move|p1a: Slowking|Future Sight|p2a: Brute Bonnet\n|-start|p1a: Slowking|move: Future Sight\n|\n|-weather|SunnyDay|[upkeep]\n|upkeep\n|turn|32\n|inactive|fungus53465 has 90 seconds left.\n|\n|t:|1700200269\n|move|p2a: Brute Bonnet|Crunch|p1a: Slowking\n|-supereffective|p1a: Slowking\n|-damage|p1a: Slowking|25\/100\n|move|p1a: Slowking|Ice Beam|p2a: Brute Bonnet\n|-supereffective|p2a: Brute Bonnet\n|-damage|p2a: Brute Bonnet|77\/100\n|\n|-weather|none\n|-end|p2a: Brute Bonnet|Protosynthesis\n|-heal|p2a: Brute Bonnet|83\/100|[from] item: Leftovers\n|upkeep\n|turn|33\n|\n|t:|1700200282\n|move|p2a: Brute Bonnet|Crunch|p1a: Slowking\n|-supereffective|p1a: Slowking\n|-damage|p1a: Slowking|0 fnt\n|faint|p1a: Slowking\n|\n|-end|p2a: Brute Bonnet|move: Future Sight\n|-immune|p2a: Brute Bonnet\n|-heal|p2a: Brute Bonnet|89\/100|[from] item: Leftovers\n|upkeep\n|\n|t:|1700200286\n|switch|p1a: Ogerpon|Ogerpon-Cornerstone, F|61\/100\n|-damage|p1a: Ogerpon|49\/100|[from] Stealth Rock\n|-damage|p1a: Ogerpon|37\/100|[from] Spikes\n|turn|34\n|\n|t:|1700200294\n|move|p2a: Brute Bonnet|Sucker Punch|p1a: Ogerpon\n|-damage|p1a: Ogerpon|0 fnt\n|faint|p1a: Ogerpon\n|\n|-heal|p2a: Brute Bonnet|95\/100|[from] item: Leftovers\n|upkeep\n|\n|t:|1700200299\n|switch|p1a: Manaphy|Manaphy|71\/100\n|-damage|p1a: Manaphy|59\/100|[from] Stealth Rock\n|-damage|p1a: Manaphy|47\/100|[from] Spikes\n|turn|35\n|\n|t:|1700200304\n|move|p1a: Manaphy|Blizzard|p2a: Brute Bonnet\n|-supereffective|p2a: Brute Bonnet\n|-damage|p2a: Brute Bonnet|55\/100\n|move|p2a: Brute Bonnet|Spore|p1a: Manaphy\n|-status|p1a: Manaphy|slp|[from] move: Spore\n|\n|-heal|p1a: Manaphy|53\/100 slp|[from] item: Leftovers\n|-heal|p2a: Brute Bonnet|61\/100|[from] item: Leftovers\n|upkeep\n|turn|36\n|\n|t:|1700200313\n|switch|p1a: Alomomola|Alomomola, F|36\/100 brn\n|-damage|p1a: Alomomola|24\/100 brn|[from] Stealth Rock\n|-damage|p1a: Alomomola|12\/100 brn|[from] Spikes\n|-end|p2a: Brute Bonnet|Protosynthesis|[silent]\n|switch|p2a: Torkoal|Torkoal, F|68\/100\n|-weather|SunnyDay|[from] ability: Drought|[of] p2a: Torkoal\n|\n|-weather|SunnyDay|[upkeep]\n|-damage|p1a: Alomomola|6\/100 brn|[from] brn\n|upkeep\n|turn|37\n|\n|t:|1700200325\n|switch|p2a: Brute Bonnet|Brute Bonnet|61\/100\n|-activate|p2a: Brute Bonnet|ability: Protosynthesis\n|-start|p2a: Brute Bonnet|protosynthesisspd\n|move|p1a: Alomomola|Scald|p2a: Brute Bonnet\n|-resisted|p2a: Brute Bonnet\n|-damage|p2a: Brute Bonnet|60\/100\n|\n|-weather|SunnyDay|[upkeep]\n|-heal|p2a: Brute Bonnet|66\/100|[from] item: Leftovers\n|-damage|p1a: Alomomola|0 fnt|[from] brn\n|faint|p1a: Alomomola\n|upkeep\n|\n|t:|1700200330\n|switch|p1a: Rillaboom|Rillaboom, M, tera:Grass|42\/100\n|-damage|p1a: Rillaboom|30\/100|[from] Stealth Rock\n|-damage|p1a: Rillaboom|18\/100|[from] Spikes\n|-fieldstart|move: Grassy Terrain|[from] ability: Grassy Surge|[of] p1a: Rillaboom\n|turn|38\n|\n|t:|1700200345\n|move|p2a: Brute Bonnet|Sucker Punch|p1a: Rillaboom\n|-damage|p1a: Rillaboom|0 fnt\n|faint|p1a: Rillaboom\n|\n|-weather|SunnyDay|[upkeep]\n|-heal|p2a: Brute Bonnet|72\/100|[from] Grassy Terrain\n|-heal|p2a: Brute Bonnet|78\/100|[from] item: Leftovers\n|upkeep\n|\n|t:|1700200347\n|switch|p1a: Manaphy|Manaphy|53\/100 slp\n|-damage|p1a: Manaphy|41\/100 slp|[from] Stealth Rock\n|-damage|p1a: Manaphy|28\/100 slp|[from] Spikes\n|turn|39\n|l|\u2606mirfee\n|inactive|mirfee disconnected and has a minute to reconnect!\n|player|p1|\n|\n|t:|1700200355\n|cant|p1a: Manaphy|slp\n|move|p2a: Brute Bonnet|Crunch|p1a: Manaphy\n|-crit|p1a: Manaphy\n|-damage|p1a: Manaphy|0 fnt\n|faint|p1a: Manaphy\n|\n|win|fungus53465\n|raw|mirfee's rating: 1387 &rarr; <strong>1369<\/strong><br \/>(-18 for losing)\n|raw|fungus53465's rating: 1430 &rarr; <strong>1448<\/strong><br \/>(+18 for winning)\n","uploadtime":1700200374,"views":7,"p1id":"mirfee","p2id":"fungus53465","formatid":"gen9ou","rating":1369,"private":0,"password":""}