{"id":"gen9ou-1993056897","p1":"BruteBonnetMirror","p2":"smoodayx","format":"[Gen 9] OU","log":"|j|\u2606BruteBonnetMirror\n|j|\u2606smoodayx\n|t:|1700259945\n|gametype|singles\n|player|p1|BruteBonnetMirror|169|1124\n|player|p2|smoodayx|falkner|1125\n|teamsize|p1|6\n|teamsize|p2|6\n|gen|9\n|tier|[Gen 9] OU\n|rated|\n|rule|Sleep Clause Mod: Limit one foe put to sleep\n|rule|Species Clause: Limit one of each Pok\u00e9mon\n|rule|OHKO Clause: OHKO moves are banned\n|rule|Evasion Items Clause: Evasion items are banned\n|rule|Evasion Moves Clause: Evasion moves are banned\n|rule|Endless Battle Clause: Forcing endless battles is banned\n|rule|HP Percentage Mod: HP is shown in percentages\n|clearpoke\n|poke|p1|Kingambit, M|\n|poke|p1|Glimmora, M|\n|poke|p1|Zamazenta-*|\n|poke|p1|Iron Valiant|\n|poke|p1|Iron Moth|\n|poke|p1|Ogerpon-Wellspring, F|\n|poke|p2|Gastrodon, F|\n|poke|p2|Corviknight, M|\n|poke|p2|Breloom, F|\n|poke|p2|Rotom-Wash|\n|poke|p2|Gholdengo|\n|poke|p2|Walking Wake|\n|teampreview\n|\n|t:|1700259956\n|start\n|switch|p1a: Glimmora|Glimmora, M|100\/100\n|switch|p2a: Bonaparte|Breloom, F|100\/100\n|turn|1\n|inactive|Battle timer is ON: inactive players will automatically lose when time's up. (requested by BruteBonnetMirror)\n|\n|t:|1700259962\n|move|p1a: Glimmora|Stealth Rock|p2a: Bonaparte\n|-sidestart|p2: smoodayx|move: Stealth Rock\n|move|p2a: Bonaparte|Spore|p1a: Glimmora\n|-status|p1a: Glimmora|slp|[from] move: Spore\n|\n|upkeep\n|turn|2\n|\n|t:|1700259970\n|cant|p1a: Glimmora|slp\n|move|p2a: Bonaparte|Bulldoze|p1a: Glimmora\n|-supereffective|p1a: Glimmora\n|-enditem|p1a: Glimmora|Focus Sash\n|-damage|p1a: Glimmora|1\/100 slp\n|-unboost|p1a: Glimmora|spe|1\n|-activate|p1a: Glimmora|ability: Toxic Debris\n|-sidestart|p2: smoodayx|move: Toxic Spikes\n|\n|upkeep\n|turn|3\n|\n|t:|1700259980\n|move|p2a: Bonaparte|Bulldoze|p1a: Glimmora\n|-supereffective|p1a: Glimmora\n|-damage|p1a: Glimmora|0 fnt\n|-activate|p1a: Glimmora|ability: Toxic Debris\n|-sidestart|p2: smoodayx|move: Toxic Spikes\n|faint|p1a: Glimmora\n|\n|upkeep\n|\n|t:|1700259995\n|switch|p1a: Iron Moth|Iron Moth|100\/100\n|-enditem|p1a: Iron Moth|Booster Energy\n|-activate|p1a: Iron Moth|ability: Quark Drive|[fromitem]\n|-start|p1a: Iron Moth|quarkdrivespe\n|turn|4\n|\n|t:|1700260001\n|move|p1a: Iron Moth|Fiery Dance|p2a: Bonaparte\n|-supereffective|p2a: Bonaparte\n|-enditem|p2a: Bonaparte|Focus Sash\n|-damage|p2a: Bonaparte|1\/100\n|move|p2a: Bonaparte|Spore|p1a: Iron Moth\n|-status|p1a: Iron Moth|slp|[from] move: Spore\n|\n|upkeep\n|turn|5\n|\n|t:|1700260017\n|-end|p1a: Iron Moth|Quark Drive|[silent]\n|switch|p1a: Ogerpon|Ogerpon-Wellspring, F|100\/100\n|move|p2a: Bonaparte|Bulldoze|p1a: Ogerpon\n|-resisted|p1a: Ogerpon\n|-damage|p1a: Ogerpon|78\/100\n|-unboost|p1a: Ogerpon|spe|1\n|\n|upkeep\n|turn|6\n|\n|t:|1700260029\n|move|p2a: Bonaparte|Bullet Seed|p1a: Ogerpon\n|-damage|p1a: Ogerpon|49\/100\n|-damage|p1a: Ogerpon|20\/100\n|-damage|p1a: Ogerpon|0 fnt\n|faint|p1a: Ogerpon\n|-hitcount|p1: Ogerpon|3\n|\n|upkeep\n|\n|t:|1700260034\n|switch|p1a: Iron Valiant|Iron Valiant|100\/100\n|-enditem|p1a: Iron Valiant|Booster Energy\n|-activate|p1a: Iron Valiant|ability: Quark Drive|[fromitem]\n|-start|p1a: Iron Valiant|quarkdrivespe\n|turn|7\n|\n|t:|1700260040\n|move|p2a: Bonaparte|Mach Punch|p1a: Iron Valiant\n|-resisted|p1a: Iron Valiant\n|-damage|p1a: Iron Valiant|77\/100\n|move|p1a: Iron Valiant|Moonblast|p2a: Bonaparte\n|-supereffective|p2a: Bonaparte\n|-damage|p2a: Bonaparte|0 fnt\n|faint|p2a: Bonaparte\n|\n|upkeep\n|\n|t:|1700260048\n|switch|p2a: Bird|Corviknight, M|100\/100\n|-damage|p2a: Bird|88\/100|[from] Stealth Rock\n|-ability|p2a: Bird|Pressure\n|turn|8\n|\n|t:|1700260055\n|-end|p1a: Iron Valiant|Quark Drive|[silent]\n|switch|p1a: Iron Moth|Iron Moth|100\/100 slp\n|move|p2a: Bird|Defog|p1a: Iron Moth\n|-unboost|p1a: Iron Moth|evasion|1\n|-sideend|p2: smoodayx|Toxic Spikes|[from] move: Defog|[of] p2a: Bird\n|-sideend|p2: smoodayx|Stealth Rock|[from] move: Defog|[of] p2a: Bird\n|\n|upkeep\n|turn|9\n|\n|t:|1700260073\n|switch|p2a: Unstopable|Walking Wake|100\/100\n|cant|p1a: Iron Moth|slp\n|\n|upkeep\n|turn|10\n|\n|t:|1700260085\n|-terastallize|p1a: Iron Moth|Fairy\n|cant|p1a: Iron Moth|slp\n|move|p2a: Unstopable|Hydro Steam|p1a: Iron Moth\n|-damage|p1a: Iron Moth|37\/100 slp\n|\n|upkeep\n|turn|11\n|\n|t:|1700260094\n|-end|p2a: Unstopable|Protosynthesis|[silent]\n|switch|p2a: ElMONSTROER|Gastrodon, F|100\/100\n|-curestatus|p1a: Iron Moth|slp|[msg]\n|move|p1a: Iron Moth|Dazzling Gleam|p2a: ElMONSTROER\n|-damage|p2a: ElMONSTROER|74\/100\n|\n|-heal|p2a: ElMONSTROER|80\/100|[from] item: Leftovers\n|upkeep\n|turn|12\n|\n|t:|1700260110\n|move|p1a: Iron Moth|Substitute|p1a: Iron Moth\n|-start|p1a: Iron Moth|Substitute\n|-damage|p1a: Iron Moth|12\/100\n|move|p2a: ElMONSTROER|Yawn||[still]\n|-fail|p2a: ElMONSTROER\n|\n|-heal|p2a: ElMONSTROER|86\/100|[from] item: Leftovers\n|upkeep\n|turn|13\n|\n|t:|1700260129\n|move|p1a: Iron Moth|Fiery Dance|p2a: ElMONSTROER\n|-resisted|p2a: ElMONSTROER\n|-damage|p2a: ElMONSTROER|72\/100\n|-boost|p1a: Iron Moth|spa|1\n|move|p2a: ElMONSTROER|Stealth Rock|p1a: Iron Moth\n|-sidestart|p1: BruteBonnetMirror|move: Stealth Rock\n|\n|-heal|p2a: ElMONSTROER|78\/100|[from] item: Leftovers\n|upkeep\n|turn|14\n|\n|t:|1700260138\n|move|p1a: Iron Moth|Fiery Dance|p2a: ElMONSTROER\n|-resisted|p2a: ElMONSTROER\n|-damage|p2a: ElMONSTROER|57\/100\n|move|p2a: ElMONSTROER|Clear Smog|p1a: Iron Moth\n|-supereffective|p1a: Iron Moth\n|-activate|p1a: Iron Moth|move: Substitute|[damage]\n|\n|-heal|p2a: ElMONSTROER|63\/100|[from] item: Leftovers\n|upkeep\n|turn|15\n|\n|t:|1700260147\n|move|p1a: Iron Moth|Fiery Dance|p2a: ElMONSTROER\n|-resisted|p2a: ElMONSTROER\n|-damage|p2a: ElMONSTROER|42\/100\n|-boost|p1a: Iron Moth|spa|1\n|move|p2a: ElMONSTROER|Clear Smog|p1a: Iron Moth\n|-supereffective|p1a: Iron Moth\n|-end|p1a: Iron Moth|Substitute\n|\n|-heal|p2a: ElMONSTROER|48\/100|[from] item: Leftovers\n|upkeep\n|turn|16\n|\n|t:|1700260157\n|move|p1a: Iron Moth|Dazzling Gleam|p2a: ElMONSTROER\n|-damage|p2a: ElMONSTROER|0 fnt\n|faint|p2a: ElMONSTROER\n|\n|upkeep\n|\n|t:|1700260163\n|switch|p2a: It's over 1000|Gholdengo|100\/100\n|turn|17\n|\n|t:|1700260169\n|move|p2a: It's over 1000|Shadow Ball|p1a: Iron Moth\n|-damage|p1a: Iron Moth|0 fnt\n|faint|p1a: Iron Moth\n|-end|p1a: Iron Moth|Quark Drive|[silent]\n|\n|upkeep\n|\n|t:|1700260177\n|switch|p1a: Kingambit|Kingambit, M|100\/100\n|-damage|p1a: Kingambit|94\/100|[from] Stealth Rock\n|-activate|p1a: Kingambit|ability: Supreme Overlord\n|-start|p1a: Kingambit|fallen3|[silent]\n|turn|18\n|\n|t:|1700260181\n|switch|p2a: Step-sis|Rotom-Wash|100\/100\n|move|p1a: Kingambit|Sucker Punch||[still]\n|-fail|p1a: Kingambit\n|\n|upkeep\n|turn|19\n|\n|t:|1700260189\n|move|p2a: Step-sis|Trick|p1a: Kingambit\n|-activate|p2a: Step-sis|move: Trick|[of] p1a: Kingambit\n|-item|p1a: Kingambit|Choice Scarf|[from] move: Trick\n|-item|p2a: Step-sis|Black Glasses|[from] move: Trick\n|move|p1a: Kingambit|Kowtow Cleave|p2a: Step-sis\n|-damage|p2a: Step-sis|46\/100\n|\n|upkeep\n|turn|20\n|\n|t:|1700260196\n|move|p1a: Kingambit|Kowtow Cleave|p2a: Step-sis\n|-damage|p2a: Step-sis|0 fnt\n|faint|p2a: Step-sis\n|\n|upkeep\n|\n|t:|1700260202\n|switch|p2a: Unstopable|Walking Wake|100\/100\n|turn|21\n|\n|t:|1700260206\n|move|p2a: Unstopable|Flamethrower|p1a: Kingambit\n|-supereffective|p1a: Kingambit\n|-damage|p1a: Kingambit|0 fnt\n|faint|p1a: Kingambit\n|-end|p1a: Kingambit|fallen3|[silent]\n|\n|upkeep\n|\n|t:|1700260210\n|switch|p1a: Iron Valiant|Iron Valiant|77\/100\n|-damage|p1a: Iron Valiant|70\/100|[from] Stealth Rock\n|turn|22\n|\n|t:|1700260218\n|-end|p2a: Unstopable|Protosynthesis|[silent]\n|switch|p2a: Bird|Corviknight, M|88\/100\n|-ability|p2a: Bird|Pressure\n|move|p1a: Iron Valiant|Moonblast|p2a: Bird\n|-resisted|p2a: Bird\n|-damage|p2a: Bird|64\/100\n|-unboost|p2a: Bird|spa|1\n|\n|upkeep\n|turn|23\n|\n|t:|1700260226\n|move|p1a: Iron Valiant|Hypnosis|p2a: Bird|[miss]\n|-miss|p1a: Iron Valiant|p2a: Bird\n|move|p2a: Bird|Brave Bird|p1a: Iron Valiant\n|-supereffective|p1a: Iron Valiant\n|-damage|p1a: Iron Valiant|0 fnt\n|faint|p1a: Iron Valiant\n|-end|p1a: Iron Valiant|Quark Drive|[silent]\n|-damage|p2a: Bird|47\/100|[from] Recoil\n|\n|upkeep\n|\n|t:|1700260231\n|switch|p1a: Zamazenta|Zamazenta, shiny|100\/100\n|-damage|p1a: Zamazenta|94\/100|[from] Stealth Rock\n|-ability|p1a: Zamazenta|Dauntless Shield|boost\n|-boost|p1a: Zamazenta|def|1\n|turn|24\n|\n|t:|1700260237\n|move|p1a: Zamazenta|Iron Defense|p1a: Zamazenta\n|-boost|p1a: Zamazenta|def|2\n|move|p2a: Bird|Brave Bird|p1a: Zamazenta\n|-supereffective|p1a: Zamazenta\n|-damage|p1a: Zamazenta|70\/100\n|-damage|p2a: Bird|40\/100|[from] Recoil\n|\n|-heal|p1a: Zamazenta|76\/100|[from] item: Leftovers\n|upkeep\n|turn|25\n|\n|t:|1700260243\n|move|p1a: Zamazenta|Iron Defense|p1a: Zamazenta\n|-boost|p1a: Zamazenta|def|2\n|move|p2a: Bird|Brave Bird|p1a: Zamazenta\n|-supereffective|p1a: Zamazenta\n|-damage|p1a: Zamazenta|57\/100\n|-damage|p2a: Bird|35\/100|[from] Recoil\n|\n|-heal|p1a: Zamazenta|63\/100|[from] item: Leftovers\n|upkeep\n|turn|26\n|\n|t:|1700260252\n|move|p1a: Zamazenta|Body Press|p2a: Bird\n|-damage|p2a: Bird|0 fnt\n|-damage|p1a: Zamazenta|46\/100|[from] item: Rocky Helmet|[of] p2a: Bird\n|faint|p2a: Bird\n|\n|-heal|p1a: Zamazenta|52\/100|[from] item: Leftovers\n|upkeep\n|\n|t:|1700260260\n|switch|p2a: It's over 1000|Gholdengo|100\/100\n|turn|27\n|\n|t:|1700260267\n|-terastallize|p2a: It's over 1000|Steel\n|move|p2a: It's over 1000|Make It Rain|p1a: Zamazenta\n|-damage|p1a: Zamazenta|0 fnt\n|-unboost|p2a: It's over 1000|spa|1\n|faint|p1a: Zamazenta\n|\n|win|smoodayx\n|raw|BruteBonnetMirror's rating: 1124 &rarr; <strong>1099<\/strong><br \/>(-25 for losing)\n|raw|smoodayx's rating: 1125 &rarr; <strong>1150<\/strong><br \/>(+25 for winning)\n|c|\u2606smoodayx|gg\n|l|\u2606BruteBonnetMirror\n","uploadtime":1700260278,"views":11,"p1id":"brutebonnetmirror","p2id":"smoodayx","formatid":"gen9ou","rating":1099,"private":0,"password":""}