{"id":"gen9ou-1994269745","p1":"lux2821","p2":"Bio_Hazz","format":"[Gen 9] OU","log":"|j|\u2606lux2821\n|j|\u2606Bio_Hazz\n|t:|1700425471\n|gametype|singles\n|player|p1|lux2821|lusamine-nihilego|\n|player|p2|Bio_Hazz|lucas|\n|teamsize|p1|6\n|teamsize|p2|6\n|gen|9\n|tier|[Gen 9] OU\n|rule|Sleep Clause Mod: Limit one foe put to sleep\n|rule|Species Clause: Limit one of each Pok\u00e9mon\n|rule|OHKO Clause: OHKO moves are banned\n|rule|Evasion Items Clause: Evasion items are banned\n|rule|Evasion Moves Clause: Evasion moves are banned\n|rule|Endless Battle Clause: Forcing endless battles is banned\n|rule|HP Percentage Mod: HP is shown in percentages\n|clearpoke\n|poke|p1|Iron Valiant|\n|poke|p1|Cinderace, M|\n|poke|p1|Gholdengo|\n|poke|p1|Ogerpon-Wellspring, F|\n|poke|p1|Iron Moth|\n|poke|p1|Landorus-Therian, M|\n|poke|p2|Ribombee, M|\n|poke|p2|Sneasler, F|\n|poke|p2|Dragapult, F|\n|poke|p2|Garganacl, M|\n|poke|p2|Iron Valiant|\n|poke|p2|Ogerpon-Cornerstone, F|\n|teampreview\n|inactive|Battle timer is ON: inactive players will automatically lose when time's up. (requested by lux2821)\n|c|\u2606Bio_Hazz|glhf\n|c|\u2606lux2821|u2\n|\n|t:|1700425492\n|start\n|switch|p1a: FutuRa|Iron Moth|100\/100\n|switch|p2a: Ribombee|Ribombee, M|100\/100\n|-enditem|p1a: FutuRa|Booster Energy\n|-activate|p1a: FutuRa|ability: Quark Drive|[fromitem]\n|-start|p1a: FutuRa|quarkdrivespe\n|turn|1\n|\n|t:|1700425497\n|move|p1a: FutuRa|Fiery Dance|p2a: Ribombee\n|-supereffective|p2a: Ribombee\n|-enditem|p2a: Ribombee|Focus Sash\n|-damage|p2a: Ribombee|1\/100\n|move|p2a: Ribombee|Sticky Web|p1a: FutuRa\n|-sidestart|p1: lux2821|move: Sticky Web\n|\n|upkeep\n|turn|2\n|\n|t:|1700425503\n|move|p1a: FutuRa|Fiery Dance|p2a: Ribombee\n|-supereffective|p2a: Ribombee\n|-damage|p2a: Ribombee|0 fnt\n|-boost|p1a: FutuRa|spa|1\n|faint|p2a: Ribombee\n|\n|upkeep\n|\n|t:|1700425505\n|switch|p2a: Ogerpon|Ogerpon-Cornerstone, F|100\/100\n|turn|3\n|inactive|lux2821 has 270 seconds left.\n|\n|t:|1700425546\n|-terastallize|p1a: FutuRa|Fairy\n|move|p1a: FutuRa|Fiery Dance|p2a: Ogerpon\n|-damage|p2a: Ogerpon|26\/100\n|-boost|p1a: FutuRa|spa|1\n|move|p2a: Ogerpon|Ivy Cudgel|p1a: FutuRa|[anim] Ivy Cudgel Rock\n|-damage|p1a: FutuRa|8\/100\n|\n|upkeep\n|turn|4\n|\n|t:|1700425559\n|move|p1a: FutuRa|Fiery Dance|p2a: Ogerpon\n|-damage|p2a: Ogerpon|0 fnt\n|faint|p2a: Ogerpon\n|\n|upkeep\n|\n|t:|1700425561\n|switch|p2a: Sneasler|Sneasler, F|100\/100\n|turn|5\n|\n|t:|1700425569\n|move|p1a: FutuRa|Dazzling Gleam|p2a: Sneasler\n|-enditem|p2a: Sneasler|Focus Sash\n|-damage|p2a: Sneasler|1\/100\n|move|p2a: Sneasler|Swords Dance|p2a: Sneasler\n|-boost|p2a: Sneasler|atk|2\n|\n|upkeep\n|turn|6\n|\n|t:|1700425573\n|move|p2a: Sneasler|Dire Claw|p1a: FutuRa\n|-supereffective|p1a: FutuRa\n|-damage|p1a: FutuRa|0 fnt\n|faint|p1a: FutuRa\n|-end|p1a: FutuRa|Quark Drive|[silent]\n|\n|upkeep\n|\n|t:|1700425584\n|switch|p1a: Cheeseeee|Gholdengo|100\/100\n|-item|p1a: Cheeseeee|Air Balloon\n|turn|7\n|\n|t:|1700425592\n|move|p2a: Sneasler|Acrobatics|p1a: Cheeseeee\n|-resisted|p1a: Cheeseeee\n|-damage|p1a: Cheeseeee|60\/100\n|-enditem|p1a: Cheeseeee|Air Balloon\n|move|p1a: Cheeseeee|Shadow Ball|p2a: Sneasler\n|-damage|p2a: Sneasler|0 fnt\n|faint|p2a: Sneasler\n|\n|upkeep\n|\n|t:|1700425605\n|switch|p2a: Dragapult|Dragapult, F|100\/100\n|turn|8\n|\n|t:|1700425622\n|move|p2a: Dragapult|Flamethrower|p1a: Cheeseeee\n|-supereffective|p1a: Cheeseeee\n|-damage|p1a: Cheeseeee|0 fnt\n|faint|p1a: Cheeseeee\n|\n|upkeep\n|\n|t:|1700425627\n|switch|p1a: Hazard Switcheroo|Cinderace, M|100\/100\n|turn|9\n|\n|t:|1700425632\n|switch|p2a: Iron Valiant|Iron Valiant|100\/100\n|-enditem|p2a: Iron Valiant|Booster Energy\n|-activate|p2a: Iron Valiant|ability: Quark Drive|[fromitem]\n|-start|p2a: Iron Valiant|quarkdrivespe\n|move|p1a: Hazard Switcheroo|Court Change|p1a: Hazard Switcheroo\n|-start|p1a: Hazard Switcheroo|typechange|Normal|[from] ability: Libero\n|-swapsideconditions\n|-activate|p1a: Hazard Switcheroo|move: Court Change\n|\n|upkeep\n|turn|10\n|\n|t:|1700425637\n|move|p2a: Iron Valiant|Swords Dance|p2a: Iron Valiant\n|-boost|p2a: Iron Valiant|atk|2\n|move|p1a: Hazard Switcheroo|Will-O-Wisp|p2a: Iron Valiant\n|-status|p2a: Iron Valiant|brn\n|\n|-damage|p2a: Iron Valiant|94\/100 brn|[from] brn\n|upkeep\n|turn|11\n|\n|t:|1700425643\n|move|p2a: Iron Valiant|Swords Dance|p2a: Iron Valiant\n|-boost|p2a: Iron Valiant|atk|2\n|move|p1a: Hazard Switcheroo|Pyro Ball|p2a: Iron Valiant\n|-damage|p2a: Iron Valiant|46\/100 brn\n|\n|-damage|p2a: Iron Valiant|40\/100 brn|[from] brn\n|upkeep\n|turn|12\n|\n|t:|1700425648\n|move|p2a: Iron Valiant|Close Combat|p1a: Hazard Switcheroo\n|-supereffective|p1a: Hazard Switcheroo\n|-damage|p1a: Hazard Switcheroo|0 fnt\n|-unboost|p2a: Iron Valiant|def|1\n|-unboost|p2a: Iron Valiant|spd|1\n|faint|p1a: Hazard Switcheroo\n|\n|-damage|p2a: Iron Valiant|33\/100 brn|[from] brn\n|upkeep\n|\n|t:|1700425667\n|switch|p1a: Monarch|Iron Valiant|100\/100\n|-enditem|p1a: Monarch|Booster Energy\n|-activate|p1a: Monarch|ability: Quark Drive|[fromitem]\n|-start|p1a: Monarch|quarkdrivespe\n|turn|13\n|c|\u2606Bio_Hazz|this comes down to a speed tie doesnt it\n|c|\u2606lux2821|yep\n|\n|t:|1700425688\n|move|p2a: Iron Valiant|Spirit Break|p1a: Monarch\n|-supereffective|p1a: Monarch\n|-damage|p1a: Monarch|0 fnt\n|faint|p1a: Monarch\n|-end|p1a: Monarch|Quark Drive|[silent]\n|\n|-damage|p2a: Iron Valiant|27\/100 brn|[from] brn\n|upkeep\n|c|\u2606lux2821|gg\n|\n|t:|1700425695\n|switch|p1a: Landorus|Landorus-Therian, M|100\/100\n|-ability|p1a: Landorus|Intimidate|boost\n|-unboost|p2a: Iron Valiant|atk|1\n|turn|14\n|\n|t:|1700425702\n|move|p2a: Iron Valiant|Knock Off|p1a: Landorus\n|-damage|p1a: Landorus|53\/100\n|-enditem|p1a: Landorus|Choice Scarf|[from] move: Knock Off|[of] p2a: Iron Valiant\n|move|p1a: Landorus|Earthquake|p2a: Iron Valiant\n|-damage|p2a: Iron Valiant|0 fnt\n|faint|p2a: Iron Valiant\n|-end|p2a: Iron Valiant|Quark Drive|[silent]\n|\n|upkeep\n|\n|t:|1700425710\n|switch|p2a: Dragapult|Dragapult, F|100\/100\n|-activate|p2a: Dragapult|move: Sticky Web\n|-fail|p2a: Dragapult|unboost|[from] ability: Clear Body|[of] p2a: Dragapult\n|turn|15\n|\n|t:|1700425712\n|move|p2a: Dragapult|Shadow Ball|p1a: Landorus\n|-damage|p1a: Landorus|0 fnt\n|faint|p1a: Landorus\n|\n|upkeep\n|\n|t:|1700425715\n|switch|p1a: Sad Moments|Ogerpon-Wellspring, F|100\/100\n|turn|16\n|c|\u2606Bio_Hazz|gg\n|c|\u2606lux2821|that speed tie lost me the game\n|c|\u2606lux2821|vacuum wave didn't kill\n|\n|t:|1700425735\n|move|p1a: Sad Moments|Spiky Shield|p1a: Sad Moments\n|-singleturn|p1a: Sad Moments|move: Protect\n|move|p2a: Dragapult|Shadow Ball|p1a: Sad Moments\n|-activate|p1a: Sad Moments|move: Protect\n|\n|upkeep\n|turn|17\n|\n|t:|1700425742\n|move|p2a: Dragapult|Shadow Ball|p1a: Sad Moments\n|-damage|p1a: Sad Moments|37\/100\n|-unboost|p1a: Sad Moments|spd|1\n|move|p1a: Sad Moments|Ivy Cudgel|p2a: Dragapult|[anim] Ivy Cudgel Water\n|-resisted|p2a: Dragapult\n|-damage|p2a: Dragapult|62\/100\n|\n|upkeep\n|turn|18\n|\n|t:|1700425748\n|move|p2a: Dragapult|Shadow Ball|p1a: Sad Moments\n|-damage|p1a: Sad Moments|0 fnt\n|faint|p1a: Sad Moments\n|\n|win|Bio_Hazz\n|c|\u2606Bio_Hazz|gg\n","uploadtime":1700425755,"views":17,"p1id":"lux2821","p2id":"biohazz","formatid":"gen9ou","rating":0,"private":0,"password":""}