{"id":"gen9ou-1999379287","p1":"pastagirl","p2":"stargirlkirin","format":"[Gen 9] OU","log":"|j|\u2606pastagirl\n|j|\u2606stargirlkirin\n|t:|1701070237\n|gametype|singles\n|player|p1|pastagirl|elesa|1565\n|player|p2|stargirlkirin|sonia-professor|1526\n|teamsize|p1|6\n|teamsize|p2|6\n|gen|9\n|tier|[Gen 9] OU\n|rated|\n|rule|Sleep Clause Mod: Limit one foe put to sleep\n|rule|Species Clause: Limit one of each Pok\u00e9mon\n|rule|OHKO Clause: OHKO moves are banned\n|rule|Evasion Items Clause: Evasion items are banned\n|rule|Evasion Moves Clause: Evasion moves are banned\n|rule|Endless Battle Clause: Forcing endless battles is banned\n|rule|HP Percentage Mod: HP is shown in percentages\n|clearpoke\n|poke|p1|Pelipper, F|\n|poke|p1|Barraskewda, M|\n|poke|p1|Quaquaval, M|\n|poke|p1|Manaphy|\n|poke|p1|Garganacl, F|\n|poke|p1|Overqwil, F|\n|poke|p2|Ribombee, F|\n|poke|p2|Ogerpon-Wellspring, F|\n|poke|p2|Sandy Shocks|\n|poke|p2|Gholdengo|\n|poke|p2|Manaphy|\n|poke|p2|Kingambit, F|\n|teampreview\n|inactive|Battle timer is ON: inactive players will automatically lose when time's up. (requested by stargirlkirin)\n|j| 0Phux\n|\n|t:|1701070252\n|start\n|switch|p1a: EL PELIGRO|Pelipper, F, shiny|100\/100\n|switch|p2a: Daisy|Ribombee, F|100\/100\n|-weather|RainDance|[from] ability: Drizzle|[of] p1a: EL PELIGRO\n|turn|1\n|\n|t:|1701070255\n|move|p2a: Daisy|Sticky Web|p1a: EL PELIGRO\n|-sidestart|p1: pastagirl|move: Sticky Web\n|move|p1a: EL PELIGRO|U-turn|p2a: Daisy\n|-resisted|p2a: Daisy\n|-damage|p2a: Daisy|91\/100\n|\n|t:|1701070259\n|switch|p1a: quacker oats|Quaquaval, M|100\/100|[from] U-turn\n|\n|-weather|RainDance|[upkeep]\n|upkeep\n|turn|2\n|\n|t:|1701070264\n|switch|p2a: Mozzarella|Gholdengo|100\/100\n|-item|p2a: Mozzarella|Air Balloon\n|move|p1a: quacker oats|Aqua Step|p2a: Mozzarella\n|-damage|p2a: Mozzarella|36\/100\n|-boost|p1a: quacker oats|spe|1\n|-enditem|p2a: Mozzarella|Air Balloon\n|\n|-weather|RainDance|[upkeep]\n|upkeep\n|turn|3\n|\n|t:|1701070271\n|move|p1a: quacker oats|Aqua Step|p2a: Mozzarella\n|-damage|p2a: Mozzarella|0 fnt\n|-boost|p1a: quacker oats|spe|1\n|faint|p2a: Mozzarella\n|-ability|p1a: quacker oats|Moxie|boost\n|-boost|p1a: quacker oats|atk|1\n|\n|-weather|RainDance|[upkeep]\n|upkeep\n|\n|t:|1701070284\n|switch|p2a: Saturn|Sandy Shocks|100\/100\n|-enditem|p2a: Saturn|Booster Energy\n|-activate|p2a: Saturn|ability: Protosynthesis|[fromitem]\n|-start|p2a: Saturn|protosynthesisspe\n|turn|4\n|inactive|pastagirl has 120 seconds left.\n|\n|t:|1701070314\n|move|p1a: quacker oats|Aqua Step|p2a: Saturn\n|-supereffective|p2a: Saturn\n|-damage|p2a: Saturn|0 fnt\n|-boost|p1a: quacker oats|spe|1\n|faint|p2a: Saturn\n|-end|p2a: Saturn|Protosynthesis|[silent]\n|-ability|p1a: quacker oats|Moxie|boost\n|-boost|p1a: quacker oats|atk|1\n|\n|-weather|RainDance|[upkeep]\n|upkeep\n|\n|t:|1701070330\n|switch|p2a: Marina|Ogerpon-Wellspring, F|100\/100\n|turn|5\n|\n|t:|1701070334\n|move|p1a: quacker oats|Close Combat|p2a: Marina\n|-damage|p2a: Marina|0 fnt\n|-unboost|p1a: quacker oats|def|1\n|-unboost|p1a: quacker oats|spd|1\n|faint|p2a: Marina\n|-ability|p1a: quacker oats|Moxie|boost\n|-boost|p1a: quacker oats|atk|1\n|\n|-weather|RainDance|[upkeep]\n|upkeep\n|\n|t:|1701070338\n|switch|p2a: Daisy|Ribombee, F|91\/100\n|turn|6\n|\n|t:|1701070341\n|move|p1a: quacker oats|Aqua Step|p2a: Daisy\n|-damage|p2a: Daisy|0 fnt\n|-boost|p1a: quacker oats|spe|1\n|faint|p2a: Daisy\n|-ability|p1a: quacker oats|Moxie|boost\n|-boost|p1a: quacker oats|atk|1\n|\n|-weather|RainDance|[upkeep]\n|upkeep\n|\n|t:|1701070345\n|switch|p2a: Isla|Manaphy|100\/100\n|turn|7\n|\n|t:|1701070365\n|move|p1a: quacker oats|Rapid Spin|p2a: Isla\n|-damage|p2a: Isla|52\/100\n|-boost|p1a: quacker oats|spe|1\n|-sideend|p1: pastagirl|Sticky Web|[from] move: Rapid Spin|[of] p1a: quacker oats\n|move|p2a: Isla|Energy Ball|p1a: quacker oats\n|-supereffective|p1a: quacker oats\n|-damage|p1a: quacker oats|3\/100\n|\n|-weather|RainDance|[upkeep]\n|-heal|p2a: Isla|58\/100|[from] item: Leftovers\n|upkeep\n|turn|8\n|\n|t:|1701070370\n|move|p1a: quacker oats|Aqua Step|p2a: Isla\n|-resisted|p2a: Isla\n|-damage|p2a: Isla|0 fnt\n|-boost|p1a: quacker oats|spe|1\n|faint|p2a: Isla\n|-ability|p1a: quacker oats|Moxie|boost\n|-boost|p1a: quacker oats|atk|1\n|\n|-weather|none\n|upkeep\n|\n|t:|1701070373\n|switch|p2a: Chimera|Kingambit, F|100\/100\n|-activate|p2a: Chimera|ability: Supreme Overlord\n|-start|p2a: Chimera|fallen5|[silent]\n|turn|9\n|\n|t:|1701070377\n|move|p2a: Chimera|Sucker Punch||[still]\n|-fail|p2a: Chimera\n|move|p1a: quacker oats|Roost|p1a: quacker oats\n|-heal|p1a: quacker oats|53\/100\n|-singleturn|p1a: quacker oats|move: Roost\n|\n|upkeep\n|turn|10\n|\n|t:|1701070391\n|move|p1a: quacker oats|Aqua Step|p2a: Chimera\n|-damage|p2a: Chimera|0 fnt\n|faint|p2a: Chimera\n|-end|p2a: Chimera|fallen5|[silent]\n|\n|win|pastagirl\n|raw|pastagirl's rating: 1565 &rarr; <strong>1583<\/strong><br \/>(+18 for winning)\n|raw|stargirlkirin's rating: 1526 &rarr; <strong>1508<\/strong><br \/>(-18 for losing)\n|c|\u2606pastagirl|gg\n|l|\u2606stargirlkirin\n","uploadtime":1701070441,"views":10,"p1id":"pastagirl","p2id":"stargirlkirin","formatid":"gen9ou","rating":1508,"private":0,"password":""}