{"id":"gen9ou-1992523202","p1":"AndrewF462","p2":"Charmalane","format":"[Gen 9] OU","log":"|j|\u2606AndrewF462\n|j|\u2606Charmalane\n|t:|1700199191\n|gametype|singles\n|player|p1|AndrewF462|169|1450\n|player|p2|Charmalane|brawly|1507\n|teamsize|p1|6\n|teamsize|p2|6\n|gen|9\n|tier|[Gen 9] OU\n|rated|\n|rule|Sleep Clause Mod: Limit one foe put to sleep\n|rule|Species Clause: Limit one of each Pok\u00e9mon\n|rule|OHKO Clause: OHKO moves are banned\n|rule|Evasion Items Clause: Evasion items are banned\n|rule|Evasion Moves Clause: Evasion moves are banned\n|rule|Endless Battle Clause: Forcing endless battles is banned\n|rule|HP Percentage Mod: HP is shown in percentages\n|clearpoke\n|poke|p1|Rotom-Wash|\n|poke|p1|Tyranitar, M|\n|poke|p1|Cinderace, F|\n|poke|p1|Zapdos|\n|poke|p1|Garchomp, F|\n|poke|p1|Iron Valiant|\n|poke|p2|Dragapult, M|\n|poke|p2|Dragonite, M|\n|poke|p2|Ursaluna, M|\n|poke|p2|Alomomola, F|\n|poke|p2|Slowking-Galar, M|\n|poke|p2|Great Tusk|\n|teampreview\n|inactive|Battle timer is ON: inactive players will automatically lose when time's up. (requested by AndrewF462)\n|inactive|Charmalane has 120 seconds left.\n|\n|t:|1700199227\n|start\n|switch|p1a: Rotom|Rotom-Wash|100\/100\n|switch|p2a: Nautilus|Slowking-Galar, M|100\/100\n|turn|1\n|j| Whammy696969\n|l|\u2606AndrewF462\n|inactive|AndrewF462 disconnected and has a minute to reconnect!\n|player|p1|\n|j|\u2606AndrewF462\n|inactive|AndrewF462 reconnected.\n|player|p1|AndrewF462|169\n|\n|t:|1700199254\n|move|p1a: Rotom|Trick|p2a: Nautilus\n|-activate|p1a: Rotom|move: Trick|[of] p2a: Nautilus\n|-item|p2a: Nautilus|Choice Scarf|[from] move: Trick\n|-item|p1a: Rotom|Assault Vest|[from] move: Trick\n|move|p2a: Nautilus|Future Sight|p1a: Rotom\n|-start|p2a: Nautilus|move: Future Sight\n|\n|upkeep\n|turn|2\n|\n|t:|1700199269\n|switch|p2a: Diplo|Dragapult, M|100\/100\n|move|p1a: Rotom|Volt Switch|p2a: Diplo\n|-resisted|p2a: Diplo\n|-damage|p2a: Diplo|83\/100\n|\n|t:|1700199276\n|switch|p1a: Tyranitar|Tyranitar, M|100\/100|[from] Volt Switch\n|-weather|Sandstorm|[from] ability: Sand Stream|[of] p1a: Tyranitar\n|\n|-weather|Sandstorm|[upkeep]\n|-damage|p2a: Diplo|77\/100|[from] Sandstorm\n|upkeep\n|turn|3\n|\n|t:|1700199286\n|move|p2a: Diplo|U-turn|p1a: Tyranitar\n|-supereffective|p1a: Tyranitar\n|-crit|p1a: Tyranitar\n|-damage|p1a: Tyranitar|59\/100\n|\n|t:|1700199295\n|switch|p2a: Tembo|Great Tusk|100\/100|[from] U-turn\n|move|p1a: Tyranitar|Stealth Rock|p2a: Tembo\n|-sidestart|p2: Charmalane|move: Stealth Rock\n|\n|-weather|Sandstorm|[upkeep]\n|-end|p1a: Tyranitar|move: Future Sight\n|-immune|p1a: Tyranitar\n|-heal|p1a: Tyranitar|66\/100|[from] item: Leftovers\n|upkeep\n|turn|4\n|\n|t:|1700199302\n|switch|p1a: Zapdos|Zapdos|100\/100\n|move|p2a: Tembo|Rapid Spin|p1a: Zapdos\n|-damage|p1a: Zapdos|87\/100\n|-boost|p2a: Tembo|spe|1\n|-sideend|p2: Charmalane|Stealth Rock|[from] move: Rapid Spin|[of] p2a: Tembo\n|\n|-weather|Sandstorm|[upkeep]\n|-damage|p1a: Zapdos|81\/100|[from] Sandstorm\n|upkeep\n|turn|5\n|\n|t:|1700199307\n|-end|p2a: Tembo|Protosynthesis|[silent]\n|switch|p2a: Nautilus|Slowking-Galar, M|100\/100\n|move|p1a: Zapdos|Hurricane|p2a: Nautilus\n|-damage|p2a: Nautilus|68\/100\n|\n|-weather|Sandstorm|[upkeep]\n|-damage|p1a: Zapdos|74\/100|[from] Sandstorm\n|-damage|p2a: Nautilus|62\/100|[from] Sandstorm\n|upkeep\n|turn|6\n|\n|t:|1700199315\n|move|p1a: Zapdos|Volt Switch|p2a: Nautilus\n|-damage|p2a: Nautilus|42\/100\n|\n|t:|1700199329\n|switch|p1a: Tyranitar|Tyranitar, M|66\/100|[from] Volt Switch\n|move|p2a: Nautilus|Sludge Bomb|p1a: Tyranitar\n|-resisted|p1a: Tyranitar\n|-damage|p1a: Tyranitar|59\/100\n|\n|-weather|none\n|-heal|p1a: Tyranitar|65\/100|[from] item: Leftovers\n|upkeep\n|turn|7\n|\n|t:|1700199337\n|switch|p2a: Tembo|Great Tusk|100\/100\n|move|p1a: Tyranitar|Stealth Rock|p2a: Tembo\n|-sidestart|p2: Charmalane|move: Stealth Rock\n|\n|-heal|p1a: Tyranitar|71\/100|[from] item: Leftovers\n|upkeep\n|turn|8\n|\n|t:|1700199342\n|switch|p1a: Zapdos|Zapdos|74\/100\n|move|p2a: Tembo|Stealth Rock|p1a: Zapdos\n|-sidestart|p1: AndrewF462|move: Stealth Rock\n|\n|upkeep\n|turn|9\n|\n|t:|1700199371\n|-end|p2a: Tembo|Protosynthesis|[silent]\n|switch|p2a: Nautilus|Slowking-Galar, M|76\/100\n|-damage|p2a: Nautilus|63\/100|[from] Stealth Rock\n|move|p1a: Zapdos|Hurricane|p2a: Nautilus\n|-damage|p2a: Nautilus|35\/100\n|\n|upkeep\n|turn|10\n|\n|t:|1700199379\n|move|p1a: Zapdos|Volt Switch|p2a: Nautilus\n|-damage|p2a: Nautilus|14\/100\n|\n|t:|1700199386\n|switch|p1a: Garchomp|Garchomp, F|100\/100|[from] Volt Switch\n|-damage|p1a: Garchomp|94\/100|[from] Stealth Rock\n|move|p2a: Nautilus|Ice Beam|p1a: Garchomp\n|-supereffective|p1a: Garchomp\n|-damage|p1a: Garchomp|0 fnt\n|faint|p1a: Garchomp\n|\n|upkeep\n|\n|t:|1700199395\n|switch|p1a: Rotom|Rotom-Wash|100\/100\n|-damage|p1a: Rotom|88\/100|[from] Stealth Rock\n|turn|11\n|inactive|Charmalane has 120 seconds left.\n|\n|t:|1700199439\n|switch|p2a: Diplo|Dragapult, M|77\/100\n|-damage|p2a: Diplo|65\/100|[from] Stealth Rock\n|move|p1a: Rotom|Volt Switch|p2a: Diplo\n|-resisted|p2a: Diplo\n|-damage|p2a: Diplo|48\/100\n|\n|t:|1700199445\n|switch|p1a: Cinderace|Cinderace, F|100\/100|[from] Volt Switch\n|\n|upkeep\n|turn|12\n|inactive|Charmalane has 120 seconds left.\n|\n|t:|1700199450\n|switch|p2a: Ponyo|Alomomola, F|100\/100\n|-damage|p2a: Ponyo|88\/100|[from] Stealth Rock\n|move|p1a: Cinderace|Sucker Punch||[still]\n|-fail|p1a: Cinderace\n|\n|upkeep\n|turn|13\n|inactive|Charmalane has 120 seconds left.\n|\n|t:|1700199465\n|move|p1a: Cinderace|U-turn|p2a: Ponyo\n|-start|p1a: Cinderace|typechange|Bug|[from] ability: Libero\n|-damage|p2a: Ponyo|71\/100\n|-damage|p1a: Cinderace|84\/100|[from] item: Rocky Helmet|[of] p2a: Ponyo\n|\n|t:|1700199469\n|switch|p1a: Rotom|Rotom-Wash|88\/100|[from] U-turn\n|-damage|p1a: Rotom|75\/100|[from] Stealth Rock\n|move|p2a: Ponyo|Wish|p2a: Ponyo\n|\n|upkeep\n|turn|14\n|inactive|Charmalane has 120 seconds left.\n|\n|t:|1700199492\n|switch|p2a: Diplo|Dragapult, M|48\/100\n|-damage|p2a: Diplo|35\/100|[from] Stealth Rock\n|move|p1a: Rotom|Volt Switch|p2a: Diplo\n|-resisted|p2a: Diplo\n|-crit|p2a: Diplo\n|-damage|p2a: Diplo|11\/100\n|\n|t:|1700199501\n|switch|p1a: Cinderace|Cinderace, F|84\/100|[from] Volt Switch\n|\n|-heal|p2a: Diplo|95\/100|[from] move: Wish|[wisher] Ponyo\n|upkeep\n|turn|15\n|\n|t:|1700199507\n|switch|p2a: Ponyo|Alomomola, F|100\/100\n|-damage|p2a: Ponyo|88\/100|[from] Stealth Rock\n|move|p1a: Cinderace|Sucker Punch||[still]\n|-fail|p1a: Cinderace\n|\n|upkeep\n|turn|16\n|\n|t:|1700199513\n|move|p1a: Cinderace|U-turn|p2a: Ponyo\n|-start|p1a: Cinderace|typechange|Bug|[from] ability: Libero\n|-damage|p2a: Ponyo|69\/100\n|-damage|p1a: Cinderace|67\/100|[from] item: Rocky Helmet|[of] p2a: Ponyo\n|\n|t:|1700199517\n|switch|p1a: Rotom|Rotom-Wash|75\/100|[from] U-turn\n|-damage|p1a: Rotom|63\/100|[from] Stealth Rock\n|move|p2a: Ponyo|Wish|p2a: Ponyo\n|\n|upkeep\n|turn|17\n|\n|t:|1700199524\n|switch|p2a: Nautilus|Slowking-Galar, M|48\/100\n|-damage|p2a: Nautilus|35\/100|[from] Stealth Rock\n|move|p1a: Rotom|Volt Switch|p2a: Nautilus\n|-damage|p2a: Nautilus|18\/100\n|\n|t:|1700199532\n|switch|p1a: Iron Valiant|Iron Valiant|100\/100|[from] Volt Switch\n|-damage|p1a: Iron Valiant|94\/100|[from] Stealth Rock\n|\n|-heal|p2a: Nautilus|86\/100|[from] move: Wish|[wisher] Ponyo\n|upkeep\n|turn|18\n|\n|t:|1700199539\n|-terastallize|p1a: Iron Valiant|Ghost\n|move|p1a: Iron Valiant|Shadow Ball|p2a: Nautilus\n|-supereffective|p2a: Nautilus\n|-damage|p2a: Nautilus|10\/100\n|-unboost|p2a: Nautilus|spd|1\n|move|p2a: Nautilus|Sludge Bomb|p1a: Iron Valiant\n|-resisted|p1a: Iron Valiant\n|-damage|p1a: Iron Valiant|60\/100\n|\n|upkeep\n|turn|19\n|\n|t:|1700199564\n|move|p1a: Iron Valiant|Shadow Ball|p2a: Nautilus\n|-supereffective|p2a: Nautilus\n|-damage|p2a: Nautilus|0 fnt\n|faint|p2a: Nautilus\n|\n|upkeep\n|inactive|Charmalane has 120 seconds left.\n|\n|t:|1700199578\n|switch|p2a: Banjo|Ursaluna, M|100\/100\n|-damage|p2a: Banjo|94\/100|[from] Stealth Rock\n|turn|20\n|\n|t:|1700199584\n|move|p1a: Iron Valiant|Shadow Ball|p2a: Banjo\n|-immune|p2a: Banjo\n|move|p2a: Banjo|Headlong Rush|p1a: Iron Valiant\n|-damage|p1a: Iron Valiant|0 fnt\n|-unboost|p2a: Banjo|def|1\n|-unboost|p2a: Banjo|spd|1\n|faint|p1a: Iron Valiant\n|-end|p1a: Iron Valiant|Quark Drive|[silent]\n|\n|-status|p2a: Banjo|brn|[from] item: Flame Orb\n|upkeep\n|\n|t:|1700199590\n|switch|p1a: Rotom|Rotom-Wash|63\/100\n|-damage|p1a: Rotom|50\/100|[from] Stealth Rock\n|turn|21\n|\n|t:|1700199609\n|switch|p2a: Diplo|Dragapult, M|95\/100\n|-damage|p2a: Diplo|83\/100|[from] Stealth Rock\n|move|p1a: Rotom|Hydro Pump|p2a: Diplo\n|-resisted|p2a: Diplo\n|-damage|p2a: Diplo|57\/100\n|\n|upkeep\n|turn|22\n|\n|t:|1700199615\n|move|p2a: Diplo|Draco Meteor|p1a: Rotom\n|-damage|p1a: Rotom|0 fnt\n|-unboost|p2a: Diplo|spa|2\n|faint|p1a: Rotom\n|\n|upkeep\n|l|\u2606AndrewF462\n|inactive|AndrewF462 disconnected and has a minute to reconnect!\n|player|p1|\n|inactive|AndrewF462 has 30 seconds to reconnect!\n|inactive|AndrewF462 has 20 seconds to reconnect!\n|inactive|AndrewF462 has 15 seconds to reconnect!\n|inactive|AndrewF462 has 10 seconds to reconnect!\n|inactive|AndrewF462 has 5 seconds to reconnect!\n|-message|AndrewF462 lost due to inactivity.\n|\n|win|Charmalane\n|raw|AndrewF462's rating: 1450 &rarr; <strong>1433<\/strong><br \/>(-17 for losing)\n|raw|Charmalane's rating: 1507 &rarr; <strong>1524<\/strong><br \/>(+17 for winning)\n","uploadtime":1700199679,"views":7,"p1id":"andrewf462","p2id":"charmalane","formatid":"gen9ou","rating":1433,"private":0,"password":""}