{"id":"gen9ou-1990118988","p1":"d18l","p2":"N1RankoKanzakiSimp","format":"[Gen 9] OU","log":"|j|\u2606d18l\n|j|\u2606N1RankoKanzakiSimp\n|t:|1699926569\n|gametype|singles\n|player|p1|d18l|backpacker|1817\n|player|p2|N1RankoKanzakiSimp|marnie-masters2|1714\n|teamsize|p1|6\n|teamsize|p2|6\n|gen|9\n|tier|[Gen 9] OU\n|rated|\n|rule|Sleep Clause Mod: Limit one foe put to sleep\n|rule|Species Clause: Limit one of each Pok\u00e9mon\n|rule|OHKO Clause: OHKO moves are banned\n|rule|Evasion Items Clause: Evasion items are banned\n|rule|Evasion Moves Clause: Evasion moves are banned\n|rule|Endless Battle Clause: Forcing endless battles is banned\n|rule|HP Percentage Mod: HP is shown in percentages\n|clearpoke\n|poke|p1|Ribombee, F|\n|poke|p1|Gholdengo|\n|poke|p1|Great Tusk|\n|poke|p1|Kingambit, F|\n|poke|p1|Ogerpon-Wellspring, F|\n|poke|p1|Iron Moth|\n|poke|p2|Ninetales-Alola, M|\n|poke|p2|Manaphy|\n|poke|p2|Slowbro-Galar, F|\n|poke|p2|Iron Hands|\n|poke|p2|Kingambit, F|\n|poke|p2|Enamorus-Therian, F|\n|teampreview\n|inactive|Battle timer is ON: inactive players will automatically lose when time's up. (requested by N1RankoKanzakiSimp)\n|\n|t:|1699926573\n|start\n|switch|p1a: Ribombee|Ribombee, F|100\/100\n|switch|p2a: Ninetales|Ninetales-Alola, M, shiny|100\/100\n|-weather|Snow|[from] ability: Snow Warning|[of] p2a: Ninetales\n|turn|1\n|\n|t:|1699926578\n|move|p1a: Ribombee|Sticky Web|p2a: Ninetales\n|-sidestart|p2: N1RankoKanzakiSimp|move: Sticky Web\n|move|p2a: Ninetales|Aurora Veil|p2a: Ninetales\n|-sidestart|p2: N1RankoKanzakiSimp|move: Aurora Veil\n|\n|-weather|Snow|[upkeep]\n|upkeep\n|turn|2\n|j| SandGetsEverywhere\n|\n|t:|1699926583\n|switch|p2a: Slowbro|Slowbro-Galar, F|100\/100\n|-activate|p2a: Slowbro|move: Sticky Web\n|-unboost|p2a: Slowbro|spe|1\n|move|p1a: Ribombee|Stun Spore|p2a: Slowbro|[miss]\n|-miss|p1a: Ribombee|p2a: Slowbro\n|\n|-weather|Snow|[upkeep]\n|upkeep\n|turn|3\n|inactive|d18l has 120 seconds left.\n|j| SwabbyYabby\n|inactive|d18l has 90 seconds left.\n|\n|t:|1699926649\n|switch|p1a: Gholdengo|Gholdengo|100\/100\n|-item|p1a: Gholdengo|Air Balloon\n|move|p2a: Slowbro|Nasty Plot|p2a: Slowbro\n|-boost|p2a: Slowbro|spa|2\n|\n|-weather|Snow|[upkeep]\n|upkeep\n|turn|4\n|inactive|d18l has 90 seconds left.\n|-activate|p2a: Slowbro|ability: Quick Draw\n|\n|t:|1699926657\n|-terastallize|p2a: Slowbro|Water\n|move|p2a: Slowbro|Surf|p1a: Gholdengo\n|-damage|p1a: Gholdengo|18\/100\n|-enditem|p1a: Gholdengo|Air Balloon\n|move|p1a: Gholdengo|Nasty Plot|p1a: Gholdengo\n|-boost|p1a: Gholdengo|spa|2\n|\n|-weather|Snow|[upkeep]\n|upkeep\n|turn|5\n|\n|t:|1699926664\n|move|p1a: Gholdengo|Shadow Ball|p2a: Slowbro\n|-damage|p2a: Slowbro|59\/100\n|move|p2a: Slowbro|Psyshock|p1a: Gholdengo\n|-resisted|p1a: Gholdengo\n|-damage|p1a: Gholdengo|0 fnt\n|faint|p1a: Gholdengo\n|\n|-weather|none\n|upkeep\n|inactive|d18l has 90 seconds left.\n|\n|t:|1699926691\n|switch|p1a: Ribombee|Ribombee, F|100\/100\n|turn|6\n|\n|t:|1699926693\n|move|p1a: Ribombee|Moonblast|p2a: Slowbro\n|-damage|p2a: Slowbro|33\/100\n|move|p2a: Slowbro|Sludge Bomb|p1a: Ribombee\n|-supereffective|p1a: Ribombee\n|-enditem|p1a: Ribombee|Focus Sash\n|-damage|p1a: Ribombee|1\/100\n|\n|upkeep\n|turn|7\n|\n|t:|1699926698\n|move|p1a: Ribombee|Moonblast|p2a: Slowbro\n|-damage|p2a: Slowbro|9\/100\n|move|p2a: Slowbro|Sludge Bomb|p1a: Ribombee\n|-supereffective|p1a: Ribombee\n|-damage|p1a: Ribombee|0 fnt\n|faint|p1a: Ribombee\n|\n|upkeep\n|\n|t:|1699926703\n|switch|p1a: Kingambit|Kingambit, F|100\/100\n|-activate|p1a: Kingambit|ability: Supreme Overlord\n|-start|p1a: Kingambit|fallen2|[silent]\n|turn|8\n|\n|t:|1699926706\n|move|p1a: Kingambit|Sucker Punch||[still]\n|-fail|p1a: Kingambit\n|move|p2a: Slowbro|Nasty Plot|p2a: Slowbro\n|-boost|p2a: Slowbro|spa|2\n|\n|-sideend|p2: N1RankoKanzakiSimp|move: Aurora Veil\n|upkeep\n|turn|9\n|-activate|p2a: Slowbro|item: Quick Claw\n|\n|t:|1699926709\n|move|p1a: Kingambit|Sucker Punch|p2a: Slowbro\n|-damage|p2a: Slowbro|0 fnt\n|faint|p2a: Slowbro\n|\n|upkeep\n|\n|t:|1699926714\n|switch|p2a: Iron Hands|Iron Hands, shiny|100\/100\n|-activate|p2a: Iron Hands|move: Sticky Web\n|-unboost|p2a: Iron Hands|spe|1\n|turn|10\n|\n|t:|1699926719\n|-end|p1a: Kingambit|fallen2|[silent]\n|switch|p1a: Great Tusk|Great Tusk|100\/100\n|-enditem|p1a: Great Tusk|Booster Energy\n|-activate|p1a: Great Tusk|ability: Protosynthesis|[fromitem]\n|-start|p1a: Great Tusk|protosynthesisspe\n|move|p2a: Iron Hands|Ice Punch|p1a: Great Tusk\n|-supereffective|p1a: Great Tusk\n|-damage|p1a: Great Tusk|63\/100\n|-status|p1a: Great Tusk|frz\n|\n|upkeep\n|turn|11\n|\n|t:|1699926731\n|-end|p1a: Great Tusk|Protosynthesis|[silent]\n|switch|p1a: Iron Moth|Iron Moth|100\/100\n|-enditem|p1a: Iron Moth|Booster Energy\n|-activate|p1a: Iron Moth|ability: Quark Drive|[fromitem]\n|-start|p1a: Iron Moth|quarkdrivespe\n|move|p2a: Iron Hands|Swords Dance|p2a: Iron Hands\n|-boost|p2a: Iron Hands|atk|2\n|\n|upkeep\n|turn|12\n|\n|t:|1699926745\n|move|p1a: Iron Moth|Substitute|p1a: Iron Moth\n|-start|p1a: Iron Moth|Substitute\n|-damage|p1a: Iron Moth|76\/100\n|move|p2a: Iron Hands|Wild Charge|p1a: Iron Moth\n|-end|p1a: Iron Moth|Substitute\n|-damage|p2a: Iron Hands|97\/100|[from] Recoil|[of] p1a: Iron Moth\n|\n|upkeep\n|turn|13\n|\n|t:|1699926752\n|move|p1a: Iron Moth|Dazzling Gleam|p2a: Iron Hands\n|-supereffective|p2a: Iron Hands\n|-damage|p2a: Iron Hands|43\/100\n|move|p2a: Iron Hands|Wild Charge|p1a: Iron Moth\n|-damage|p1a: Iron Moth|0 fnt\n|faint|p1a: Iron Moth\n|-end|p1a: Iron Moth|Quark Drive|[silent]\n|-damage|p2a: Iron Hands|32\/100|[from] Recoil\n|\n|upkeep\n|inactive|d18l has 120 seconds left.\n|\n|t:|1699926790\n|switch|p1a: Ogerpon|Ogerpon-Wellspring, F|100\/100\n|turn|14\n|\n|t:|1699926799\n|move|p1a: Ogerpon|Ivy Cudgel|p2a: Iron Hands\n|-damage|p2a: Iron Hands|0 fnt\n|faint|p2a: Iron Hands\n|-end|p2a: Iron Hands|Quark Drive|[silent]\n|\n|upkeep\n|\n|t:|1699926803\n|switch|p2a: Kingambit|Kingambit, F, shiny|100\/100\n|-activate|p2a: Kingambit|move: Sticky Web\n|-unboost|p2a: Kingambit|spe|1\n|-activate|p2a: Kingambit|ability: Supreme Overlord\n|-start|p2a: Kingambit|fallen2|[silent]\n|turn|15\n|inactive|d18l has 120 seconds left.\n|\n|t:|1699926815\n|switch|p1a: Kingambit|Kingambit, F|100\/100\n|-activate|p1a: Kingambit|ability: Supreme Overlord\n|-start|p1a: Kingambit|fallen3|[silent]\n|move|p2a: Kingambit|Kowtow Cleave|p1a: Kingambit\n|-resisted|p1a: Kingambit\n|-damage|p1a: Kingambit|75\/100\n|\n|upkeep\n|turn|16\n|\n|t:|1699926819\n|move|p1a: Kingambit|Iron Head|p2a: Kingambit\n|-resisted|p2a: Kingambit\n|-damage|p2a: Kingambit|76\/100\n|cant|p2a: Kingambit|flinch\n|\n|upkeep\n|turn|17\n|-activate|p2a: Kingambit|item: Quick Claw\n|\n|t:|1699926821\n|move|p2a: Kingambit|Low Kick|p1a: Kingambit\n|-supereffective|p1a: Kingambit\n|-damage|p1a: Kingambit|0 fnt\n|faint|p1a: Kingambit\n|-end|p1a: Kingambit|fallen3|[silent]\n|\n|upkeep\n|-message|d18l forfeited.\n|\n|win|N1RankoKanzakiSimp\n|raw|d18l's rating: 1817 &rarr; <strong>1791<\/strong><br \/>(-26 for losing)\n|raw|N1RankoKanzakiSimp's rating: 1714 &rarr; <strong>1740<\/strong><br \/>(+26 for winning)\n","uploadtime":1699926833,"views":14,"p1id":"d18l","p2id":"n1rankokanzakisimp","formatid":"gen9ou","rating":1740,"private":0,"password":""}