{"id":"gen9ou-1991979008","p1":"qqqqqqqqweasd","p2":"Fredux","format":"[Gen 9] OU","log":"|j|\u2606qqqqqqqqweasd\n|j|\u2606Fredux\n|t:|1700144590\n|gametype|singles\n|player|p1|qqqqqqqqweasd|gentleman|1149\n|player|p2|Fredux|170|1126\n|teamsize|p1|6\n|teamsize|p2|6\n|gen|9\n|tier|[Gen 9] OU\n|rated|\n|rule|Sleep Clause Mod: Limit one foe put to sleep\n|rule|Species Clause: Limit one of each Pok\u00e9mon\n|rule|OHKO Clause: OHKO moves are banned\n|rule|Evasion Items Clause: Evasion items are banned\n|rule|Evasion Moves Clause: Evasion moves are banned\n|rule|Endless Battle Clause: Forcing endless battles is banned\n|rule|HP Percentage Mod: HP is shown in percentages\n|clearpoke\n|poke|p1|Zapdos|\n|poke|p1|Slowking-Galar, M|\n|poke|p1|Perrserker, M|\n|poke|p1|Great Tusk|\n|poke|p1|Crawdaunt, M|\n|poke|p1|Mandibuzz, F|\n|poke|p2|Alomomola, F|\n|poke|p2|Slowking-Galar, F|\n|poke|p2|Kingambit, F|\n|poke|p2|Great Tusk|\n|poke|p2|Cinderace, F|\n|poke|p2|Thundurus-Therian, M|\n|teampreview\n|\n|t:|1700144612\n|start\n|switch|p1a: Slowking|Slowking-Galar, M|100\/100\n|switch|p2a: Thundurus|Thundurus-Therian, M|100\/100\n|turn|1\n|\n|t:|1700144627\n|move|p2a: Thundurus|Knock Off|p1a: Slowking\n|-supereffective|p1a: Slowking\n|-damage|p1a: Slowking|70\/100\n|-enditem|p1a: Slowking|Heavy-Duty Boots|[from] move: Knock Off|[of] p2a: Thundurus\n|move|p1a: Slowking|Ice Beam|p2a: Thundurus\n|-supereffective|p2a: Thundurus\n|-damage|p2a: Thundurus|41\/100\n|\n|upkeep\n|turn|2\n|\n|t:|1700144634\n|switch|p2a: Slowking|Slowking-Galar, F|100\/100\n|move|p1a: Slowking|Future Sight|p2a: Slowking\n|-start|p1a: Slowking|move: Future Sight\n|\n|upkeep\n|turn|3\n|\n|t:|1700144639\n|move|p1a: Slowking|Chilly Reception|p1a: Slowking\n|-weather|Snow\n|\n|t:|1700144648\n|switch|p1a: Perrserker|Perrserker, M|100\/100|[from] Chilly Reception\n|move|p2a: Slowking|Chilly Reception|p2a: Slowking\n|\n|t:|1700144665\n|switch|p2a: Great Tusk|Great Tusk|100\/100|[from] Chilly Reception\n|\n|-weather|Snow|[upkeep]\n|upkeep\n|turn|4\n|\n|t:|1700144679\n|move|p2a: Great Tusk|Stealth Rock|p1a: Perrserker\n|-sidestart|p1: qqqqqqqqweasd|move: Stealth Rock\n|move|p1a: Perrserker|Close Combat|p2a: Great Tusk\n|-damage|p2a: Great Tusk|71\/100\n|-unboost|p1a: Perrserker|def|1\n|-unboost|p1a: Perrserker|spd|1\n|-damage|p1a: Perrserker|84\/100|[from] item: Rocky Helmet|[of] p2a: Great Tusk\n|\n|-weather|Snow|[upkeep]\n|-end|p2a: Great Tusk|move: Future Sight\n|-supereffective|p2a: Great Tusk\n|-damage|p2a: Great Tusk|0 fnt\n|faint|p2a: Great Tusk\n|-end|p2a: Great Tusk|Protosynthesis|[silent]\n|upkeep\n|\n|t:|1700144687\n|switch|p2a: Cinderace|Cinderace, F|100\/100\n|turn|5\n|\n|t:|1700144697\n|switch|p1a: Mandibuzz|Mandibuzz, F|100\/100\n|move|p2a: Cinderace|Will-O-Wisp|p1a: Mandibuzz|[miss]\n|-miss|p2a: Cinderace|p1a: Mandibuzz\n|\n|-weather|Snow|[upkeep]\n|upkeep\n|turn|6\n|\n|t:|1700144705\n|move|p2a: Cinderace|U-turn|p1a: Mandibuzz\n|-start|p2a: Cinderace|typechange|Bug|[from] ability: Libero\n|-damage|p1a: Mandibuzz|80\/100\n|\n|t:|1700144708\n|switch|p2a: Slowking|Slowking-Galar, F|100\/100|[from] U-turn\n|move|p1a: Mandibuzz|Defog|p2a: Slowking\n|-unboost|p2a: Slowking|evasion|1\n|-sideend|p1: qqqqqqqqweasd|Stealth Rock|[from] move: Defog|[of] p1a: Mandibuzz\n|\n|-weather|Snow|[upkeep]\n|upkeep\n|turn|7\n|\n|t:|1700144716\n|move|p1a: Mandibuzz|U-turn|p2a: Slowking\n|-damage|p2a: Slowking|89\/100\n|\n|t:|1700144719\n|switch|p1a: Slowking|Slowking-Galar, M|100\/100|[from] U-turn\n|move|p2a: Slowking|Ice Beam|p1a: Slowking\n|-damage|p1a: Slowking|83\/100\n|\n|-weather|none\n|upkeep\n|turn|8\n|\n|t:|1700144727\n|move|p1a: Slowking|Future Sight|p2a: Slowking\n|-start|p1a: Slowking|move: Future Sight\n|move|p2a: Slowking|Future Sight|p1a: Slowking\n|-start|p2a: Slowking|move: Future Sight\n|\n|upkeep\n|turn|9\n|\n|t:|1700144740\n|move|p1a: Slowking|Chilly Reception|p1a: Slowking\n|-weather|Snow\n|\n|t:|1700144747\n|switch|p1a: Perrserker|Perrserker, M|84\/100|[from] Chilly Reception\n|move|p2a: Slowking|Chilly Reception|p2a: Slowking\n|\n|t:|1700144750\n|switch|p2a: Kingambit|Kingambit, F|100\/100|[from] Chilly Reception\n|-activate|p2a: Kingambit|ability: Supreme Overlord\n|-start|p2a: Kingambit|fallen1|[silent]\n|\n|-weather|Snow|[upkeep]\n|upkeep\n|turn|10\n|\n|t:|1700144772\n|-terastallize|p2a: Kingambit|Flying\n|move|p2a: Kingambit|Swords Dance|p2a: Kingambit\n|-boost|p2a: Kingambit|atk|2\n|move|p1a: Perrserker|Close Combat|p2a: Kingambit\n|-resisted|p2a: Kingambit\n|-damage|p2a: Kingambit|87\/100\n|-unboost|p1a: Perrserker|def|1\n|-unboost|p1a: Perrserker|spd|1\n|\n|-weather|Snow|[upkeep]\n|-end|p1a: Perrserker|move: Future Sight\n|-resisted|p1a: Perrserker\n|-damage|p1a: Perrserker|37\/100\n|-end|p2a: Kingambit|move: Future Sight\n|-damage|p2a: Kingambit|45\/100\n|-heal|p2a: Kingambit|51\/100|[from] item: Leftovers\n|upkeep\n|turn|11\n|\n|t:|1700144791\n|move|p2a: Kingambit|Kowtow Cleave|p1a: Perrserker\n|-damage|p1a: Perrserker|0 fnt\n|faint|p1a: Perrserker\n|\n|-weather|Snow|[upkeep]\n|-heal|p2a: Kingambit|57\/100|[from] item: Leftovers\n|upkeep\n|\n|t:|1700144802\n|switch|p1a: Mandibuzz|Mandibuzz, F|80\/100\n|turn|12\n|\n|t:|1700144848\n|-end|p2a: Kingambit|fallen1|[silent]\n|switch|p2a: Alomomola|Alomomola, F|100\/100\n|move|p1a: Mandibuzz|Foul Play|p2a: Alomomola\n|-damage|p2a: Alomomola|86\/100\n|-enditem|p2a: Alomomola|Red Card|[of] p1a: Mandibuzz\n|drag|p1a: Slowking|Slowking-Galar, M|100\/100\n|\n|-weather|Snow|[upkeep]\n|upkeep\n|turn|13\n|\n|t:|1700144855\n|move|p2a: Alomomola|Wish|p2a: Alomomola\n|move|p1a: Slowking|Future Sight|p2a: Alomomola\n|-start|p1a: Slowking|move: Future Sight\n|\n|-weather|none\n|upkeep\n|turn|14\n|\n|t:|1700144869\n|move|p2a: Alomomola|Scald|p1a: Slowking\n|-damage|p1a: Slowking|90\/100\n|-status|p1a: Slowking|brn\n|move|p1a: Slowking|Ice Beam|p2a: Alomomola\n|-resisted|p2a: Alomomola\n|-damage|p2a: Alomomola|76\/100\n|\n|-heal|p2a: Alomomola|100\/100|[from] move: Wish|[wisher] Alomomola\n|-damage|p1a: Slowking|84\/100 brn|[from] brn\n|upkeep\n|turn|15\n|\n|t:|1700144880\n|move|p2a: Alomomola|Wish|p2a: Alomomola\n|move|p1a: Slowking|Chilly Reception|p1a: Slowking\n|-weather|Snow\n|\n|t:|1700144885\n|switch|p1a: Zapdos|Zapdos|100\/100|[from] Chilly Reception\n|\n|-weather|Snow|[upkeep]\n|-end|p2a: Alomomola|move: Future Sight\n|-damage|p2a: Alomomola|58\/100\n|upkeep\n|turn|16\n|\n|t:|1700144890\n|switch|p1a: Slowking|Slowking-Galar, M|100\/100 brn\n|switch|p2a: Thundurus|Thundurus-Therian, M|41\/100\n|\n|-weather|Snow|[upkeep]\n|-heal|p2a: Thundurus|100\/100|[from] move: Wish|[wisher] Alomomola\n|-damage|p1a: Slowking|94\/100 brn|[from] brn\n|upkeep\n|turn|17\n|\n|t:|1700144909\n|move|p2a: Thundurus|Volt Switch|p1a: Slowking\n|-damage|p1a: Slowking|48\/100 brn\n|\n|t:|1700144913\n|switch|p2a: Kingambit|Kingambit, F, tera:Flying|57\/100|[from] Volt Switch\n|-activate|p2a: Kingambit|ability: Supreme Overlord\n|-start|p2a: Kingambit|fallen1|[silent]\n|move|p1a: Slowking|Future Sight|p2a: Kingambit\n|-start|p1a: Slowking|move: Future Sight\n|\n|-weather|Snow|[upkeep]\n|-heal|p2a: Kingambit|64\/100|[from] item: Leftovers\n|-damage|p1a: Slowking|42\/100 brn|[from] brn\n|upkeep\n|turn|18\n|\n|t:|1700144925\n|-end|p2a: Kingambit|fallen1|[silent]\n|switch|p2a: Thundurus|Thundurus-Therian, M|100\/100\n|switch|p1a: Great Tusk|Great Tusk, shiny|100\/100\n|\n|-weather|Snow|[upkeep]\n|upkeep\n|turn|19\n|\n|t:|1700144936\n|-end|p1a: Great Tusk|Protosynthesis|[silent]\n|switch|p1a: Slowking|Slowking-Galar, M|76\/100 brn\n|move|p2a: Thundurus|Grass Knot|p1a: Slowking\n|-resisted|p1a: Slowking\n|-damage|p1a: Slowking|60\/100 brn\n|\n|-weather|none\n|-end|p2a: Thundurus|move: Future Sight\n|-damage|p2a: Thundurus|38\/100\n|-damage|p1a: Slowking|54\/100 brn|[from] brn\n|upkeep\n|turn|20\n|\n|t:|1700144943\n|switch|p2a: Alomomola|Alomomola, F|92\/100\n|move|p1a: Slowking|Future Sight|p2a: Alomomola\n|-start|p1a: Slowking|move: Future Sight\n|\n|-damage|p1a: Slowking|47\/100 brn|[from] brn\n|upkeep\n|turn|21\n|\n|t:|1700144958\n|move|p2a: Alomomola|Wish|p2a: Alomomola\n|move|p1a: Slowking|Chilly Reception|p1a: Slowking\n|-weather|Snow\n|\n|t:|1700144963\n|switch|p1a: Crawdaunt|Crawdaunt, M|100\/100|[from] Chilly Reception\n|\n|-weather|Snow|[upkeep]\n|upkeep\n|turn|22\n|\n|t:|1700144971\n|move|p1a: Crawdaunt|Knock Off|p2a: Alomomola\n|-damage|p2a: Alomomola|50\/100\n|move|p2a: Alomomola|Flip Turn|p1a: Crawdaunt\n|-resisted|p1a: Crawdaunt\n|-damage|p1a: Crawdaunt|90\/100\n|\n|t:|1700144975\n|switch|p2a: Thundurus|Thundurus-Therian, M|38\/100|[from] Flip Turn\n|\n|-weather|Snow|[upkeep]\n|-end|p2a: Thundurus|move: Future Sight\n|-damage|p2a: Thundurus|0 fnt\n|faint|p2a: Thundurus\n|upkeep\n|-message|Fredux forfeited.\n|\n|win|qqqqqqqqweasd\n|raw|qqqqqqqqweasd's rating: 1149 &rarr; <strong>1172<\/strong><br \/>(+23 for winning)\n|raw|Fredux's rating: 1126 &rarr; <strong>1103<\/strong><br \/>(-23 for losing)\n|l|\u2606Fredux\n","uploadtime":1700144985,"views":7,"p1id":"qqqqqqqqweasd","p2id":"fredux","formatid":"gen9ou","rating":1103,"private":0,"password":""}