{"id":"gen9ou-1988844702","p1":"mummyNSFW","p2":"yashuuu","format":"[Gen 9] OU","log":"|j|\u2606mummyNSFW\n|j|\u2606yashuuu\n|t:|1699772354\n|gametype|singles\n|player|p1|mummyNSFW|cynthia-masters3|1000\n|player|p2|yashuuu|169|1052\n|teamsize|p1|6\n|teamsize|p2|6\n|gen|9\n|tier|[Gen 9] OU\n|rated|\n|rule|Sleep Clause Mod: Limit one foe put to sleep\n|rule|Species Clause: Limit one of each Pok\u00e9mon\n|rule|OHKO Clause: OHKO moves are banned\n|rule|Evasion Items Clause: Evasion items are banned\n|rule|Evasion Moves Clause: Evasion moves are banned\n|rule|Endless Battle Clause: Forcing endless battles is banned\n|rule|HP Percentage Mod: HP is shown in percentages\n|clearpoke\n|poke|p1|Landorus-Therian, M|\n|poke|p1|Rillaboom, M|\n|poke|p1|Iron Moth|\n|poke|p1|Breloom, F|\n|poke|p1|Staraptor, F|\n|poke|p1|Hydreigon, M|\n|poke|p2|Gholdengo|\n|poke|p2|Landorus-Therian, M|\n|poke|p2|Walking Wake|\n|poke|p2|Heatran, M|\n|poke|p2|Garchomp, F|\n|poke|p2|Zapdos|\n|teampreview\n|\n|t:|1699772365\n|start\n|switch|p1a: UUbl|Staraptor, F|100\/100\n|switch|p2a: Landorus|Landorus-Therian, M|100\/100\n|-ability|p2a: Landorus|Intimidate|boost\n|-unboost|p1a: UUbl|atk|1\n|turn|1\n|\n|t:|1699772375\n|move|p1a: UUbl|Double-Edge|p2a: Landorus\n|-damage|p2a: Landorus|53\/100\n|-damage|p1a: UUbl|82\/100|[from] Recoil\n|move|p2a: Landorus|Rock Slide|p1a: UUbl\n|-supereffective|p1a: UUbl\n|-damage|p1a: UUbl|0 fnt\n|faint|p1a: UUbl\n|\n|upkeep\n|\n|t:|1699772385\n|switch|p1a: wiped u|Hydreigon, M|100\/100\n|turn|2\n|\n|t:|1699772392\n|move|p1a: wiped u|Surf|p2a: Landorus\n|-supereffective|p2a: Landorus\n|-damage|p2a: Landorus|0 fnt\n|faint|p2a: Landorus\n|\n|upkeep\n|\n|t:|1699772397\n|switch|p2a: Walking Wake|Walking Wake|100\/100\n|-enditem|p2a: Walking Wake|Booster Energy\n|-activate|p2a: Walking Wake|ability: Protosynthesis|[fromitem]\n|-start|p2a: Walking Wake|protosynthesisspa\n|turn|3\n|\n|t:|1699772404\n|switch|p1a: monke|Rillaboom, M|100\/100\n|-fieldstart|move: Grassy Terrain|[from] ability: Grassy Surge|[of] p1a: monke\n|move|p2a: Walking Wake|Dragon Pulse|p1a: monke\n|-damage|p1a: monke|49\/100\n|\n|-heal|p1a: monke|55\/100|[from] Grassy Terrain\n|upkeep\n|turn|4\n|\n|t:|1699772414\n|-end|p2a: Walking Wake|Protosynthesis|[silent]\n|switch|p2a: Heatran|Heatran, M|100\/100\n|move|p1a: monke|Grassy Glide|p2a: Heatran\n|-resisted|p2a: Heatran\n|-damage|p2a: Heatran|92\/100\n|-status|p1a: monke|brn|[from] ability: Flame Body|[of] p2a: Heatran\n|\n|-heal|p1a: monke|61\/100 brn|[from] Grassy Terrain\n|-heal|p2a: Heatran|98\/100|[from] Grassy Terrain\n|-damage|p1a: monke|55\/100 brn|[from] brn\n|upkeep\n|turn|5\n|\n|t:|1699772427\n|move|p1a: monke|Knock Off|p2a: Heatran\n|-damage|p2a: Heatran|83\/100\n|-enditem|p2a: Heatran|Assault Vest|[from] move: Knock Off|[of] p1a: monke\n|move|p2a: Heatran|Flamethrower|p1a: monke\n|-supereffective|p1a: monke\n|-damage|p1a: monke|0 fnt\n|faint|p1a: monke\n|\n|-heal|p2a: Heatran|89\/100|[from] Grassy Terrain\n|upkeep\n|\n|t:|1699772436\n|switch|p1a: wiped u|Hydreigon, M|100\/100\n|turn|6\n|\n|t:|1699772441\n|move|p1a: wiped u|Surf|p2a: Heatran\n|-supereffective|p2a: Heatran\n|-damage|p2a: Heatran|19\/100\n|move|p2a: Heatran|Flash Cannon|p1a: wiped u\n|-crit|p1a: wiped u\n|-damage|p1a: wiped u|24\/100\n|\n|-heal|p2a: Heatran|25\/100|[from] Grassy Terrain\n|upkeep\n|turn|7\n|\n|t:|1699772450\n|move|p1a: wiped u|Surf|p2a: Heatran\n|-supereffective|p2a: Heatran\n|-damage|p2a: Heatran|0 fnt\n|faint|p2a: Heatran\n|\n|-fieldend|move: Grassy Terrain\n|upkeep\n|\n|t:|1699772455\n|switch|p2a: Gholdengo|Gholdengo|100\/100\n|turn|8\n|\n|t:|1699772461\n|switch|p1a: discount rona|Iron Moth|100\/100\n|-enditem|p1a: discount rona|Booster Energy\n|-activate|p1a: discount rona|ability: Quark Drive|[fromitem]\n|-start|p1a: discount rona|quarkdrivespa\n|move|p2a: Gholdengo|Dazzling Gleam|p1a: discount rona\n|-resisted|p1a: discount rona\n|-damage|p1a: discount rona|94\/100\n|\n|upkeep\n|turn|9\n|\n|t:|1699772473\n|switch|p2a: Walking Wake|Walking Wake|100\/100\n|move|p1a: discount rona|Fiery Dance|p2a: Walking Wake\n|-resisted|p2a: Walking Wake\n|-damage|p2a: Walking Wake|86\/100\n|-boost|p1a: discount rona|spa|1\n|\n|upkeep\n|turn|10\n|\n|t:|1699772482\n|-terastallize|p1a: discount rona|Grass\n|move|p1a: discount rona|Dazzling Gleam|p2a: Walking Wake\n|-supereffective|p2a: Walking Wake\n|-damage|p2a: Walking Wake|0 fnt\n|faint|p2a: Walking Wake\n|-end|p2a: Walking Wake|Protosynthesis|[silent]\n|\n|upkeep\n|\n|t:|1699772489\n|switch|p2a: Zapdos|Zapdos|100\/100\n|turn|11\n|\n|t:|1699772495\n|move|p1a: discount rona|Sludge Wave|p2a: Zapdos\n|-damage|p2a: Zapdos|0 fnt\n|faint|p2a: Zapdos\n|\n|upkeep\n|\n|t:|1699772500\n|switch|p2a: Garchomp|Garchomp, F|100\/100\n|turn|12\n|\n|t:|1699772504\n|move|p1a: discount rona|Dazzling Gleam|p2a: Garchomp\n|-supereffective|p2a: Garchomp\n|-damage|p2a: Garchomp|0 fnt\n|faint|p2a: Garchomp\n|\n|upkeep\n|-message|yashuuu forfeited.\n|\n|win|mummyNSFW\n|raw|mummyNSFW's rating: 1000 &rarr; <strong>1046<\/strong><br \/>(+46 for winning)\n|raw|yashuuu's rating: 1052 &rarr; <strong>1032<\/strong><br \/>(-20 for losing)\n|l|\u2606yashuuu\n","uploadtime":1699773451,"views":11,"p1id":"mummynsfw","p2id":"yashuuu","formatid":"gen9ou","rating":1032,"private":0,"password":""}