{"id":"gen9ou-1988824569","p1":"knexhawk2","p2":"mathismathin","format":"[Gen 9] OU","log":"|j|\u2606knexhawk2\n|j|\u2606mathismathin\n|t:|1699768735\n|gametype|singles\n|player|p1|knexhawk2|red-masters|1848\n|player|p2|mathismathin|nate|1713\n|teamsize|p1|6\n|teamsize|p2|6\n|gen|9\n|tier|[Gen 9] OU\n|rated|\n|rule|Sleep Clause Mod: Limit one foe put to sleep\n|rule|Species Clause: Limit one of each Pok\u00e9mon\n|rule|OHKO Clause: OHKO moves are banned\n|rule|Evasion Items Clause: Evasion items are banned\n|rule|Evasion Moves Clause: Evasion moves are banned\n|rule|Endless Battle Clause: Forcing endless battles is banned\n|rule|HP Percentage Mod: HP is shown in percentages\n|clearpoke\n|poke|p1|Goodra-Hisui, M|\n|poke|p1|Blissey, F|\n|poke|p1|Dondozo, M|\n|poke|p1|Cyclizar, F|\n|poke|p1|Alomomola, F|\n|poke|p1|Clodsire, M|\n|poke|p2|Tyranitar, F|\n|poke|p2|Moltres|\n|poke|p2|Rotom-Wash|\n|poke|p2|Clodsire, F|\n|poke|p2|Dragapult, M|\n|poke|p2|Great Tusk|\n|teampreview\n|j| Gumbys Pizza\n|c|\u2606mathismathin|fire\n|j| Evil T-tar\n|c|\u2606knexhawk2|im shitting\n|\n|t:|1699768768\n|start\n|switch|p1a: Goodra|Goodra-Hisui, M|100\/100\n|switch|p2a: Tyranitar|Tyranitar, F|100\/100\n|-weather|Sandstorm|[from] ability: Sand Stream|[of] p2a: Tyranitar\n|turn|1\n|\n|t:|1699768772\n|move|p2a: Tyranitar|Low Kick|p1a: Goodra\n|-supereffective|p1a: Goodra\n|-damage|p1a: Goodra|9\/100\n|move|p1a: Goodra|Body Press|p2a: Tyranitar\n|-supereffective|p2a: Tyranitar\n|-damage|p2a: Tyranitar|1\/100\n|\n|-weather|Sandstorm|[upkeep]\n|upkeep\n|turn|2\n|c|\u2606mathismathin|yo why did they both live????\n|l| Evil T-tar\n|c|\u2606knexhawk2|howd you libe that\n|c|\u2606knexhawk2|ik id eat\n|c|\u2606knexhawk2|im max ass defense\n|c|\u2606mathismathin|howd you libe that\n|c|\u2606knexhawk2|but like wtf why are u alive\n|\n|t:|1699768797\n|switch|p2a: Dragapult|Dragapult, M|100\/100\n|switch|p1a: Alomomola|Alomomola, F|100\/100\n|\n|-weather|Sandstorm|[upkeep]\n|-damage|p2a: Dragapult|95\/100|[from] Sandstorm\n|-damage|p1a: Alomomola|94\/100|[from] Sandstorm\n|upkeep\n|turn|3\n|c|\u2606knexhawk2|a wild turn 1\n|c|\u2606knexhawk2|tbh\n|\n|t:|1699768815\n|move|p1a: Alomomola|Protect|p1a: Alomomola\n|-singleturn|p1a: Alomomola|Protect\n|move|p2a: Dragapult|Draco Meteor|p1a: Alomomola\n|-activate|p1a: Alomomola|move: Protect\n|\n|-weather|Sandstorm|[upkeep]\n|-damage|p2a: Dragapult|89\/100|[from] Sandstorm\n|-damage|p1a: Alomomola|88\/100|[from] Sandstorm\n|upkeep\n|turn|4\n|\n|t:|1699768825\n|switch|p2a: Tyranitar|Tyranitar, F|1\/100\n|switch|p1a: Clodsire|Clodsire, M|100\/100\n|\n|-weather|Sandstorm|[upkeep]\n|upkeep\n|turn|5\n|\n|t:|1699768828\n|switch|p1a: Alomomola|Alomomola, F|100\/100\n|move|p2a: Tyranitar|Knock Off|p1a: Alomomola\n|-damage|p1a: Alomomola|55\/100\n|-enditem|p1a: Alomomola|Heavy-Duty Boots|[from] move: Knock Off|[of] p2a: Tyranitar\n|\n|-weather|none\n|upkeep\n|turn|6\n|\n|t:|1699768832\n|switch|p2a: Rotom|Rotom-Wash|100\/100\n|move|p1a: Alomomola|Scald|p2a: Rotom\n|-resisted|p2a: Rotom\n|-damage|p2a: Rotom|94\/100\n|-status|p2a: Rotom|brn\n|\n|-heal|p2a: Rotom|99\/100 brn|[from] item: Leftovers\n|-damage|p2a: Rotom|94\/100 brn|[from] brn\n|upkeep\n|turn|7\n|\n|t:|1699768837\n|switch|p1a: Cyclizar|Cyclizar, F|100\/100\n|move|p2a: Rotom|Will-O-Wisp|p1a: Cyclizar\n|-status|p1a: Cyclizar|brn\n|\n|-heal|p2a: Rotom|99\/100 brn|[from] item: Leftovers\n|-damage|p1a: Cyclizar|94\/100 brn|[from] brn\n|-damage|p2a: Rotom|94\/100 brn|[from] brn\n|upkeep\n|turn|8\n|\n|t:|1699768841\n|move|p1a: Cyclizar|Knock Off|p2a: Rotom\n|-damage|p2a: Rotom|84\/100 brn\n|-enditem|p2a: Rotom|Leftovers|[from] move: Knock Off|[of] p1a: Cyclizar\n|move|p2a: Rotom|Volt Switch|p1a: Cyclizar\n|-resisted|p1a: Cyclizar\n|-damage|p1a: Cyclizar|81\/100 brn\n|\n|t:|1699768844\n|switch|p2a: Dragapult|Dragapult, M|89\/100|[from] Volt Switch\n|\n|-damage|p1a: Cyclizar|75\/100 brn|[from] brn\n|upkeep\n|turn|9\n|\n|t:|1699768848\n|move|p2a: Dragapult|U-turn|p1a: Cyclizar\n|-damage|p1a: Cyclizar|52\/100 brn\n|\n|t:|1699768858\n|switch|p2a: Rotom|Rotom-Wash|84\/100 brn|[from] U-turn\n|move|p1a: Cyclizar|U-turn|p2a: Rotom\n|-damage|p2a: Rotom|78\/100 brn\n|\n|t:|1699768863\n|switch|p1a: Clodsire|Clodsire, M|100\/100|[from] U-turn\n|\n|-damage|p2a: Rotom|72\/100 brn|[from] brn\n|upkeep\n|turn|10\n|\n|t:|1699768867\n|switch|p2a: Great Tusk|Great Tusk|100\/100\n|move|p1a: Clodsire|Toxic|p2a: Great Tusk\n|-status|p2a: Great Tusk|tox\n|\n|-damage|p2a: Great Tusk|94\/100 tox|[from] psn\n|upkeep\n|turn|11\n|\n|t:|1699768873\n|switch|p1a: Alomomola|Alomomola, F|89\/100\n|move|p2a: Great Tusk|Earthquake|p1a: Alomomola\n|-damage|p1a: Alomomola|67\/100\n|\n|-heal|p2a: Great Tusk|100\/100 tox|[from] item: Leftovers\n|-damage|p2a: Great Tusk|88\/100 tox|[from] psn\n|upkeep\n|turn|12\n|\n|t:|1699768876\n|-end|p2a: Great Tusk|Protosynthesis|[silent]\n|switch|p2a: Clodsire|Clodsire, F|100\/100\n|move|p1a: Alomomola|Wish|p1a: Alomomola\n|\n|upkeep\n|turn|13\n|\n|t:|1699768879\n|switch|p1a: Cyclizar|Cyclizar, F|85\/100 brn\n|move|p2a: Clodsire|Stealth Rock|p1a: Cyclizar\n|-sidestart|p1: knexhawk2|move: Stealth Rock\n|\n|-heal|p1a: Cyclizar|100\/100 brn|[from] move: Wish|[wisher] Alomomola\n|-damage|p1a: Cyclizar|94\/100 brn|[from] brn\n|upkeep\n|turn|14\n|\n|t:|1699768884\n|move|p2a: Clodsire|Earthquake|p1a: Cyclizar\n|-damage|p1a: Cyclizar|58\/100 brn\n|move|p1a: Cyclizar|Dragon Tail|p2a: Clodsire\n|-damage|p2a: Clodsire|89\/100\n|drag|p2a: Great Tusk|Great Tusk|88\/100 tox\n|\n|-heal|p2a: Great Tusk|94\/100 tox|[from] item: Leftovers\n|-damage|p2a: Great Tusk|88\/100 tox|[from] psn\n|-damage|p1a: Cyclizar|52\/100 brn|[from] brn\n|upkeep\n|turn|15\n|\n|t:|1699768891\n|move|p1a: Cyclizar|U-turn|p2a: Great Tusk\n|-resisted|p2a: Great Tusk\n|-damage|p2a: Great Tusk|86\/100 tox\n|\n|t:|1699768892\n|switch|p1a: Alomomola|Alomomola, F|99\/100|[from] U-turn\n|-damage|p1a: Alomomola|88\/100|[from] Stealth Rock\n|move|p2a: Great Tusk|Earthquake|p1a: Alomomola\n|-damage|p1a: Alomomola|63\/100\n|\n|-heal|p2a: Great Tusk|92\/100 tox|[from] item: Leftovers\n|-damage|p2a: Great Tusk|80\/100 tox|[from] psn\n|upkeep\n|turn|16\n|\n|t:|1699768895\n|-end|p2a: Great Tusk|Protosynthesis|[silent]\n|switch|p2a: Dragapult|Dragapult, M|89\/100\n|move|p1a: Alomomola|Wish|p1a: Alomomola\n|\n|upkeep\n|turn|17\n|\n|t:|1699768900\n|switch|p1a: Blissey|Blissey, F|100\/100\n|move|p2a: Dragapult|U-turn|p1a: Blissey\n|-damage|p1a: Blissey|82\/100\n|\n|t:|1699768902\n|switch|p2a: Tyranitar|Tyranitar, F|1\/100|[from] U-turn\n|-weather|Sandstorm|[from] ability: Sand Stream|[of] p2a: Tyranitar\n|\n|-weather|Sandstorm|[upkeep]\n|-damage|p1a: Blissey|76\/100|[from] Sandstorm\n|-heal|p1a: Blissey|100\/100|[from] move: Wish|[wisher] Alomomola\n|upkeep\n|turn|18\n|\n|t:|1699768906\n|switch|p1a: Goodra|Goodra-Hisui, M|9\/100\n|move|p2a: Tyranitar|Stone Edge|p1a: Goodra\n|-resisted|p1a: Goodra\n|-damage|p1a: Goodra|0 fnt\n|faint|p1a: Goodra\n|\n|-weather|Sandstorm|[upkeep]\n|upkeep\n|\n|t:|1699768909\n|switch|p1a: Cyclizar|Cyclizar, F|85\/100 brn\n|turn|19\n|j| cheese miestro\n|\n|t:|1699768918\n|switch|p2a: Great Tusk|Great Tusk|80\/100 tox\n|move|p1a: Cyclizar|Knock Off|p2a: Great Tusk\n|-resisted|p2a: Great Tusk\n|-damage|p2a: Great Tusk|77\/100 tox\n|-enditem|p2a: Great Tusk|Leftovers|[from] move: Knock Off|[of] p1a: Cyclizar\n|\n|-weather|Sandstorm|[upkeep]\n|-damage|p1a: Cyclizar|79\/100 brn|[from] Sandstorm\n|-damage|p2a: Great Tusk|71\/100 tox|[from] psn\n|-damage|p1a: Cyclizar|73\/100 brn|[from] brn\n|upkeep\n|turn|20\n|\n|t:|1699768921\n|move|p1a: Cyclizar|U-turn|p2a: Great Tusk\n|-resisted|p2a: Great Tusk\n|-crit|p2a: Great Tusk\n|-damage|p2a: Great Tusk|68\/100 tox\n|\n|t:|1699768923\n|switch|p1a: Alomomola|Alomomola, F|97\/100|[from] U-turn\n|-damage|p1a: Alomomola|84\/100|[from] Stealth Rock\n|move|p2a: Great Tusk|Earthquake|p1a: Alomomola\n|-damage|p1a: Alomomola|62\/100\n|\n|-weather|Sandstorm|[upkeep]\n|-damage|p1a: Alomomola|56\/100|[from] Sandstorm\n|-damage|p2a: Great Tusk|56\/100 tox|[from] psn\n|upkeep\n|turn|21\n|\n|t:|1699768926\n|-end|p2a: Great Tusk|Protosynthesis|[silent]\n|switch|p2a: Dragapult|Dragapult, M|89\/100\n|move|p1a: Alomomola|Wish|p1a: Alomomola\n|\n|-weather|none\n|upkeep\n|turn|22\n|\n|t:|1699768930\n|move|p1a: Alomomola|Protect|p1a: Alomomola\n|-singleturn|p1a: Alomomola|Protect\n|move|p2a: Dragapult|Draco Meteor|p1a: Alomomola\n|-activate|p1a: Alomomola|move: Protect\n|\n|-heal|p1a: Alomomola|100\/100|[from] move: Wish|[wisher] Alomomola\n|upkeep\n|turn|23\n|\n|t:|1699768935\n|switch|p1a: Clodsire|Clodsire, M|100\/100\n|move|p2a: Dragapult|Draco Meteor|p1a: Clodsire\n|-damage|p1a: Clodsire|47\/100\n|-unboost|p2a: Dragapult|spa|2\n|\n|upkeep\n|turn|24\n|\n|t:|1699768939\n|switch|p1a: Alomomola|Alomomola, F|100\/100\n|-damage|p1a: Alomomola|88\/100|[from] Stealth Rock\n|move|p2a: Dragapult|Draco Meteor|p1a: Alomomola\n|-damage|p1a: Alomomola|29\/100\n|-unboost|p2a: Dragapult|spa|2\n|\n|upkeep\n|turn|25\n|\n|t:|1699768943\n|switch|p2a: Rotom|Rotom-Wash|72\/100 brn\n|switch|p1a: Blissey|Blissey, F|100\/100\n|\n|-damage|p2a: Rotom|65\/100 brn|[from] brn\n|upkeep\n|turn|26\n|\n|t:|1699768946\n|move|p2a: Rotom|Volt Switch|p1a: Blissey\n|-damage|p1a: Blissey|93\/100\n|\n|t:|1699768949\n|switch|p2a: Clodsire|Clodsire, F|89\/100|[from] Volt Switch\n|move|p1a: Blissey|Stealth Rock|p2a: Clodsire\n|-sidestart|p2: mathismathin|move: Stealth Rock\n|\n|-heal|p2a: Clodsire|95\/100|[from] item: Leftovers\n|upkeep\n|turn|27\n|\n|t:|1699768954\n|switch|p1a: Cyclizar|Cyclizar, F|100\/100 brn\n|move|p2a: Clodsire|Earthquake|p1a: Cyclizar\n|-crit|p1a: Cyclizar\n|-damage|p1a: Cyclizar|43\/100 brn\n|\n|-heal|p2a: Clodsire|100\/100|[from] item: Leftovers\n|-damage|p1a: Cyclizar|37\/100 brn|[from] brn\n|upkeep\n|turn|28\n|\n|t:|1699768961\n|move|p1a: Cyclizar|U-turn|p2a: Clodsire\n|-resisted|p2a: Clodsire\n|-damage|p2a: Clodsire|96\/100\n|c|\u2606knexhawk2|god damn\n|\n|t:|1699768965\n|switch|p1a: Alomomola|Alomomola, F|62\/100|[from] U-turn\n|-damage|p1a: Alomomola|50\/100|[from] Stealth Rock\n|move|p2a: Clodsire|Earthquake|p1a: Alomomola\n|-damage|p1a: Alomomola|36\/100\n|\n|-heal|p2a: Clodsire|100\/100|[from] item: Leftovers\n|upkeep\n|turn|29\n|\n|t:|1699768968\n|move|p1a: Alomomola|Wish|p1a: Alomomola\n|move|p2a: Clodsire|Poison Jab|p1a: Alomomola\n|-damage|p1a: Alomomola|24\/100\n|-status|p1a: Alomomola|psn\n|\n|-damage|p1a: Alomomola|11\/100 psn|[from] psn\n|upkeep\n|turn|30\n|\n|t:|1699768977\n|move|p1a: Alomomola|Protect|p1a: Alomomola\n|-singleturn|p1a: Alomomola|Protect\n|move|p2a: Clodsire|Earthquake|p1a: Alomomola\n|-activate|p1a: Alomomola|move: Protect\n|\n|-heal|p1a: Alomomola|61\/100 psn|[from] move: Wish|[wisher] Alomomola\n|-damage|p1a: Alomomola|49\/100 psn|[from] psn\n|upkeep\n|turn|31\n|\n|t:|1699768980\n|switch|p2a: Dragapult|Dragapult, M|89\/100\n|-damage|p2a: Dragapult|76\/100|[from] Stealth Rock\n|move|p1a: Alomomola|Wish|p1a: Alomomola\n|\n|-damage|p1a: Alomomola|36\/100 psn|[from] psn\n|upkeep\n|turn|32\n|\n|t:|1699768984\n|switch|p1a: Blissey|Blissey, F|93\/100\n|move|p2a: Dragapult|U-turn|p1a: Blissey\n|-damage|p1a: Blissey|75\/100\n|\n|t:|1699768987\n|switch|p2a: Great Tusk|Great Tusk|56\/100 tox|[from] U-turn\n|-damage|p2a: Great Tusk|53\/100 tox|[from] Stealth Rock\n|\n|-heal|p1a: Blissey|100\/100|[from] move: Wish|[wisher] Alomomola\n|-damage|p2a: Great Tusk|47\/100 tox|[from] psn\n|upkeep\n|turn|33\n|\n|t:|1699768989\n|move|p2a: Great Tusk|Rapid Spin|p1a: Blissey\n|-damage|p1a: Blissey|86\/100\n|-boost|p2a: Great Tusk|spe|1\n|-sideend|p2: mathismathin|Stealth Rock|[from] move: Rapid Spin|[of] p2a: Great Tusk\n|move|p1a: Blissey|Heal Bell|p1a: Blissey\n|-activate|p1a: Blissey|move: Heal Bell\n|-curestatus|p1: Alomomola|psn|[msg]\n|-curestatus|p1: Cyclizar|brn|[msg]\n|\n|-damage|p2a: Great Tusk|34\/100 tox|[from] psn\n|upkeep\n|turn|34\n|\n|t:|1699768993\n|switch|p1a: Alomomola|Alomomola, F|70\/100\n|-damage|p1a: Alomomola|57\/100|[from] Stealth Rock\n|move|p2a: Great Tusk|Knock Off|p1a: Alomomola\n|-damage|p1a: Alomomola|47\/100\n|\n|-damage|p2a: Great Tusk|16\/100 tox|[from] psn\n|upkeep\n|turn|35\n|\n|t:|1699768996\n|-end|p2a: Great Tusk|Protosynthesis|[silent]\n|switch|p2a: Dragapult|Dragapult, M|76\/100\n|move|p1a: Alomomola|Wish|p1a: Alomomola\n|\n|upkeep\n|turn|36\n|\n|t:|1699769004\n|switch|p1a: Clodsire|Clodsire, M|47\/100\n|move|p2a: Dragapult|Draco Meteor|p1a: Clodsire\n|-damage|p1a: Clodsire|0 fnt\n|-unboost|p2a: Dragapult|spa|2\n|faint|p1a: Clodsire\n|\n|upkeep\n|j| carti > emMIDem\n|\n|t:|1699769006\n|switch|p1a: Alomomola|Alomomola, F|80\/100\n|-damage|p1a: Alomomola|68\/100|[from] Stealth Rock\n|turn|37\n|\n|t:|1699769011\n|switch|p2a: Rotom|Rotom-Wash|65\/100 brn\n|move|p1a: Alomomola|Wish|p1a: Alomomola\n|\n|-damage|p2a: Rotom|59\/100 brn|[from] brn\n|upkeep\n|turn|38\n|\n|t:|1699769014\n|switch|p1a: Cyclizar|Cyclizar, F|70\/100\n|move|p2a: Rotom|Volt Switch|p1a: Cyclizar\n|-resisted|p1a: Cyclizar\n|-damage|p1a: Cyclizar|56\/100\n|\n|t:|1699769017\n|switch|p2a: Dragapult|Dragapult, M|76\/100|[from] Volt Switch\n|\n|-heal|p1a: Cyclizar|100\/100|[from] move: Wish|[wisher] Alomomola\n|upkeep\n|turn|39\n|\n|t:|1699769020\n|switch|p1a: Blissey|Blissey, F|86\/100\n|move|p2a: Dragapult|U-turn|p1a: Blissey\n|-damage|p1a: Blissey|68\/100\n|\n|t:|1699769022\n|switch|p2a: Tyranitar|Tyranitar, F|1\/100|[from] U-turn\n|-weather|Sandstorm|[from] ability: Sand Stream|[of] p2a: Tyranitar\n|\n|-weather|Sandstorm|[upkeep]\n|-damage|p1a: Blissey|62\/100|[from] Sandstorm\n|upkeep\n|turn|40\n|\n|t:|1699769028\n|switch|p1a: Dondozo|Dondozo, M|100\/100\n|move|p2a: Tyranitar|Stone Edge|p1a: Dondozo\n|-damage|p1a: Dondozo|58\/100\n|\n|-weather|Sandstorm|[upkeep]\n|-damage|p1a: Dondozo|52\/100|[from] Sandstorm\n|upkeep\n|turn|41\n|\n|t:|1699769037\n|-terastallize|p1a: Dondozo|Fighting\n|move|p2a: Tyranitar|Stone Edge|p1a: Dondozo\n|-resisted|p1a: Dondozo\n|-damage|p1a: Dondozo|34\/100\n|move|p1a: Dondozo|Rest|p1a: Dondozo\n|-status|p1a: Dondozo|slp|[from] move: Rest\n|-heal|p1a: Dondozo|100\/100 slp|[silent]\n|\n|-weather|Sandstorm|[upkeep]\n|-damage|p1a: Dondozo|94\/100 slp|[from] Sandstorm\n|upkeep\n|turn|42\n|\n|t:|1699769042\n|switch|p2a: Moltres|Moltres|100\/100\n|cant|p1a: Dondozo|slp\n|move|p1a: Dondozo|Sleep Talk|p1a: Dondozo\n|move|p1a: Dondozo|Curse|p1a: Dondozo|[from]move: Sleep Talk\n|-unboost|p1a: Dondozo|spe|1\n|-boost|p1a: Dondozo|atk|1\n|-boost|p1a: Dondozo|def|1\n|\n|-weather|Sandstorm|[upkeep]\n|-damage|p2a: Moltres|94\/100|[from] Sandstorm\n|-damage|p1a: Dondozo|88\/100 slp|[from] Sandstorm\n|upkeep\n|turn|43\n|\n|t:|1699769047\n|switch|p1a: Cyclizar|Cyclizar, F|100\/100\n|move|p2a: Moltres|Flamethrower|p1a: Cyclizar\n|-resisted|p1a: Cyclizar\n|-damage|p1a: Cyclizar|80\/100\n|\n|-weather|none\n|upkeep\n|turn|44\n|\n|t:|1699769051\n|move|p1a: Cyclizar|Knock Off|p2a: Moltres\n|-damage|p2a: Moltres|79\/100\n|-status|p1a: Cyclizar|brn|[from] ability: Flame Body|[of] p2a: Moltres\n|-enditem|p2a: Moltres|Heavy-Duty Boots|[from] move: Knock Off|[of] p1a: Cyclizar\n|move|p2a: Moltres|Will-O-Wisp|p1a: Cyclizar\n|-fail|p1a: Cyclizar|brn\n|\n|-damage|p1a: Cyclizar|74\/100 brn|[from] brn\n|upkeep\n|turn|45\n|l| Gumbys Pizza\n|\n|t:|1699769057\n|move|p1a: Cyclizar|Rapid Spin|p2a: Moltres\n|-damage|p2a: Moltres|74\/100\n|-boost|p1a: Cyclizar|spe|1\n|-sideend|p1: knexhawk2|Stealth Rock|[from] move: Rapid Spin|[of] p1a: Cyclizar\n|move|p2a: Moltres|U-turn|p1a: Cyclizar\n|-damage|p1a: Cyclizar|54\/100 brn\n|\n|t:|1699769060\n|switch|p2a: Dragapult|Dragapult, M|76\/100|[from] U-turn\n|\n|-damage|p1a: Cyclizar|48\/100 brn|[from] brn\n|upkeep\n|turn|46\n|\n|t:|1699769063\n|move|p1a: Cyclizar|U-turn|p2a: Dragapult\n|-resisted|p2a: Dragapult\n|-damage|p2a: Dragapult|71\/100\n|\n|t:|1699769065\n|switch|p1a: Blissey|Blissey, F|62\/100|[from] U-turn\n|move|p2a: Dragapult|U-turn|p1a: Blissey\n|-damage|p1a: Blissey|43\/100\n|\n|t:|1699769069\n|switch|p2a: Tyranitar|Tyranitar, F|1\/100|[from] U-turn\n|-weather|Sandstorm|[from] ability: Sand Stream|[of] p2a: Tyranitar\n|\n|-weather|Sandstorm|[upkeep]\n|-damage|p1a: Blissey|37\/100|[from] Sandstorm\n|upkeep\n|turn|47\n|\n|t:|1699769078\n|switch|p1a: Alomomola|Alomomola, F|100\/100\n|move|p2a: Tyranitar|Knock Off|p1a: Alomomola\n|-damage|p1a: Alomomola|71\/100\n|\n|-weather|Sandstorm|[upkeep]\n|-damage|p1a: Alomomola|64\/100|[from] Sandstorm\n|upkeep\n|turn|48\n|\n|t:|1699769082\n|switch|p2a: Dragapult|Dragapult, M|71\/100\n|move|p1a: Alomomola|Wish|p1a: Alomomola\n|\n|-weather|Sandstorm|[upkeep]\n|-damage|p2a: Dragapult|65\/100|[from] Sandstorm\n|-damage|p1a: Alomomola|58\/100|[from] Sandstorm\n|upkeep\n|turn|49\n|\n|t:|1699769085\n|switch|p1a: Blissey|Blissey, F|37\/100\n|move|p2a: Dragapult|U-turn|p1a: Blissey\n|-damage|p1a: Blissey|21\/100\n|\n|t:|1699769088\n|switch|p2a: Clodsire|Clodsire, F|100\/100|[from] U-turn\n|\n|-weather|Sandstorm|[upkeep]\n|-damage|p1a: Blissey|15\/100|[from] Sandstorm\n|-heal|p1a: Blissey|56\/100|[from] move: Wish|[wisher] Alomomola\n|upkeep\n|turn|50\n|\n|t:|1699769093\n|move|p1a: Blissey|Stealth Rock|p2a: Clodsire\n|-sidestart|p2: mathismathin|move: Stealth Rock\n|move|p2a: Clodsire|Poison Jab|p1a: Blissey\n|-damage|p1a: Blissey|32\/100\n|\n|-weather|none\n|upkeep\n|turn|51\n|\n|t:|1699769095\n|move|p1a: Blissey|Soft-Boiled|p1a: Blissey\n|-heal|p1a: Blissey|82\/100\n|move|p2a: Clodsire|Stealth Rock|p1a: Blissey\n|-sidestart|p1: knexhawk2|move: Stealth Rock\n|\n|upkeep\n|turn|52\n|\n|t:|1699769098\n|move|p1a: Blissey|Seismic Toss|p2a: Clodsire\n|-damage|p2a: Clodsire|79\/100\n|move|p2a: Clodsire|Poison Jab|p1a: Blissey\n|-damage|p1a: Blissey|59\/100\n|\n|-heal|p2a: Clodsire|85\/100|[from] item: Leftovers\n|upkeep\n|turn|53\n|\n|t:|1699769101\n|move|p1a: Blissey|Soft-Boiled|p1a: Blissey\n|-heal|p1a: Blissey|100\/100\n|move|p2a: Clodsire|Poison Jab|p1a: Blissey\n|-damage|p1a: Blissey|79\/100\n|-status|p1a: Blissey|psn\n|\n|-heal|p2a: Clodsire|91\/100|[from] item: Leftovers\n|-damage|p1a: Blissey|67\/100 psn|[from] psn\n|upkeep\n|turn|54\n|\n|t:|1699769102\n|move|p1a: Blissey|Heal Bell|p1a: Blissey\n|-activate|p1a: Blissey|move: Heal Bell\n|-curestatus|p1a: Blissey|psn|[msg]\n|-curestatus|p1: Dondozo|slp|[msg]\n|-curestatus|p1: Cyclizar|brn|[msg]\n|move|p2a: Clodsire|Poison Jab|p1a: Blissey\n|-damage|p1a: Blissey|44\/100\n|\n|-heal|p2a: Clodsire|98\/100|[from] item: Leftovers\n|upkeep\n|turn|55\n|\n|t:|1699769104\n|move|p1a: Blissey|Soft-Boiled|p1a: Blissey\n|-heal|p1a: Blissey|94\/100\n|move|p2a: Clodsire|Poison Jab|p1a: Blissey\n|-damage|p1a: Blissey|73\/100\n|\n|-heal|p2a: Clodsire|100\/100|[from] item: Leftovers\n|upkeep\n|turn|56\n|j| desurje\n|\n|t:|1699769110\n|switch|p1a: Cyclizar|Cyclizar, F|81\/100\n|move|p2a: Clodsire|Poison Jab|p1a: Cyclizar\n|-damage|p1a: Cyclizar|48\/100\n|-status|p1a: Cyclizar|psn\n|\n|-damage|p1a: Cyclizar|36\/100 psn|[from] psn\n|upkeep\n|turn|57\n|\n|t:|1699769114\n|move|p1a: Cyclizar|U-turn|p2a: Clodsire\n|-resisted|p2a: Clodsire\n|-damage|p2a: Clodsire|92\/100\n|\n|t:|1699769116\n|switch|p1a: Blissey|Blissey, F|73\/100|[from] U-turn\n|move|p2a: Clodsire|Poison Jab|p1a: Blissey\n|-crit|p1a: Blissey\n|-damage|p1a: Blissey|38\/100\n|-status|p1a: Blissey|psn\n|\n|-heal|p2a: Clodsire|98\/100|[from] item: Leftovers\n|-damage|p1a: Blissey|25\/100 psn|[from] psn\n|upkeep\n|turn|58\n|\n|t:|1699769121\n|move|p1a: Blissey|Soft-Boiled|p1a: Blissey\n|-heal|p1a: Blissey|75\/100 psn\n|move|p2a: Clodsire|Earthquake|p1a: Blissey\n|-crit|p1a: Blissey\n|-damage|p1a: Blissey|31\/100 psn\n|\n|-heal|p2a: Clodsire|100\/100|[from] item: Leftovers\n|-damage|p1a: Blissey|19\/100 psn|[from] psn\n|upkeep\n|turn|59\n|c|\u2606mathismathin|wow\n|c|\u2606knexhawk2|this clod\n|c|\u2606mathismathin|this clodsire is like\n|c|\u2606mathismathin|literally god\n|c|\u2606knexhawk2|is a fucking demon\n|\n|t:|1699769132\n|move|p1a: Blissey|Soft-Boiled|p1a: Blissey\n|-heal|p1a: Blissey|69\/100 psn\n|move|p2a: Clodsire|Earthquake|p1a: Blissey\n|-damage|p1a: Blissey|42\/100 psn\n|\n|-damage|p1a: Blissey|30\/100 psn|[from] psn\n|upkeep\n|turn|60\n|c|\u2606mathismathin|I can rent you this clodsire for 100 pokedollars\n|n| PQPP214|desurje\n|\n|t:|1699769140\n|move|p1a: Blissey|Soft-Boiled|p1a: Blissey\n|-heal|p1a: Blissey|80\/100 psn\n|move|p2a: Clodsire|Earthquake|p1a: Blissey\n|-damage|p1a: Blissey|51\/100 psn\n|\n|-damage|p1a: Blissey|39\/100 psn|[from] psn\n|upkeep\n|turn|61\n|c|\u2606knexhawk2|Deal\n|\n|t:|1699769151\n|-curestatus|p1a: Blissey|psn|[from] ability: Natural Cure\n|switch|p1a: Dondozo|Dondozo, M, tera:Fighting|88\/100\n|move|p2a: Clodsire|Earthquake|p1a: Dondozo\n|-damage|p1a: Dondozo|76\/100\n|\n|upkeep\n|turn|62\n|c|\u2606knexhawk2|id suck dick for a clod that does damage\n|j| PantyPhantom\n|l| PQPP214\n|\n|t:|1699769162\n|switch|p2a: Dragapult|Dragapult, M|65\/100\n|-damage|p2a: Dragapult|53\/100|[from] Stealth Rock\n|move|p1a: Dondozo|Curse|p1a: Dondozo\n|-unboost|p1a: Dondozo|spe|1\n|-boost|p1a: Dondozo|atk|1\n|-boost|p1a: Dondozo|def|1\n|\n|upkeep\n|turn|63\n|\n|t:|1699769167\n|move|p2a: Dragapult|Draco Meteor|p1a: Dondozo\n|-damage|p1a: Dondozo|0 fnt\n|-unboost|p2a: Dragapult|spa|2\n|faint|p1a: Dondozo\n|\n|upkeep\n|\n|t:|1699769168\n|switch|p1a: Blissey|Blissey, F|39\/100\n|turn|64\n|\n|t:|1699769171\n|switch|p2a: Clodsire|Clodsire, F|100\/100\n|-damage|p2a: Clodsire|94\/100|[from] Stealth Rock\n|move|p1a: Blissey|Soft-Boiled|p1a: Blissey\n|-heal|p1a: Blissey|89\/100\n|\n|-heal|p2a: Clodsire|100\/100|[from] item: Leftovers\n|upkeep\n|turn|65\n|c|\u2606knexhawk2|yeah i am beyond fucked from that clod lmao\n|\n|t:|1699769180\n|move|p1a: Blissey|Heal Bell|p1a: Blissey\n|-activate|p1a: Blissey|move: Heal Bell\n|-curestatus|p1: Cyclizar|psn|[msg]\n|move|p2a: Clodsire|Poison Jab|p1a: Blissey\n|-damage|p1a: Blissey|64\/100\n|-status|p1a: Blissey|psn\n|\n|-damage|p1a: Blissey|52\/100 psn|[from] psn\n|upkeep\n|turn|66\n|c|\u2606mathismathin|unfort yea\n|l| carti > emMIDem\n|c|\u2606knexhawk2|100% poison 50% crit lol\n|c|\u2606mathismathin|does not stop\n|\n|t:|1699769192\n|-curestatus|p1a: Blissey|psn|[from] ability: Natural Cure\n|switch|p1a: Alomomola|Alomomola, F|92\/100\n|-damage|p1a: Alomomola|79\/100|[from] Stealth Rock\n|move|p2a: Clodsire|Poison Jab|p1a: Alomomola\n|-damage|p1a: Alomomola|68\/100\n|\n|upkeep\n|turn|67\n|\n|t:|1699769200\n|switch|p2a: Rotom|Rotom-Wash|59\/100 brn\n|-damage|p2a: Rotom|47\/100 brn|[from] Stealth Rock\n|move|p1a: Alomomola|Wish|p1a: Alomomola\n|\n|-damage|p2a: Rotom|40\/100 brn|[from] brn\n|upkeep\n|turn|68\n|\n|t:|1699769205\n|switch|p1a: Cyclizar|Cyclizar, F|69\/100\n|move|p2a: Rotom|Volt Switch|p1a: Cyclizar\n|-resisted|p1a: Cyclizar\n|-damage|p1a: Cyclizar|57\/100\n|\n|t:|1699769207\n|switch|p2a: Dragapult|Dragapult, M|53\/100|[from] Volt Switch\n|-damage|p2a: Dragapult|41\/100|[from] Stealth Rock\n|\n|-heal|p1a: Cyclizar|100\/100|[from] move: Wish|[wisher] Alomomola\n|upkeep\n|turn|69\n|\n|t:|1699769212\n|move|p2a: Dragapult|Draco Meteor|p1a: Cyclizar|[miss]\n|-miss|p2a: Dragapult|p1a: Cyclizar\n|move|p1a: Cyclizar|Rapid Spin|p2a: Dragapult\n|-immune|p2a: Dragapult\n|\n|upkeep\n|turn|70\n|\n|t:|1699769216\n|switch|p1a: Blissey|Blissey, F|52\/100\n|move|p2a: Dragapult|Draco Meteor|p1a: Blissey\n|-damage|p1a: Blissey|23\/100\n|-unboost|p2a: Dragapult|spa|2\n|\n|upkeep\n|turn|71\n|\n|t:|1699769223\n|switch|p2a: Clodsire|Clodsire, F|100\/100\n|-damage|p2a: Clodsire|94\/100|[from] Stealth Rock\n|move|p1a: Blissey|Soft-Boiled|p1a: Blissey\n|-heal|p1a: Blissey|73\/100\n|\n|-heal|p2a: Clodsire|100\/100|[from] item: Leftovers\n|upkeep\n|turn|72\n|\n|t:|1699769227\n|switch|p1a: Cyclizar|Cyclizar, F|100\/100\n|move|p2a: Clodsire|Poison Jab|p1a: Cyclizar\n|-damage|p1a: Cyclizar|68\/100\n|\n|upkeep\n|turn|73\n|\n|t:|1699769234\n|move|p1a: Cyclizar|Knock Off|p2a: Clodsire\n|-damage|p2a: Clodsire|75\/100\n|-enditem|p2a: Clodsire|Leftovers|[from] move: Knock Off|[of] p1a: Cyclizar\n|move|p2a: Clodsire|Poison Jab|p1a: Cyclizar\n|-damage|p1a: Cyclizar|38\/100\n|\n|upkeep\n|turn|74\n|c|\u2606knexhawk2|finally i can click knock off against it\n|c|\u2606mathismathin|lol\n|\n|t:|1699769242\n|move|p1a: Cyclizar|Rapid Spin|p2a: Clodsire\n|-damage|p2a: Clodsire|58\/100\n|-boost|p1a: Cyclizar|spe|1\n|-sideend|p1: knexhawk2|Stealth Rock|[from] move: Rapid Spin|[of] p1a: Cyclizar\n|move|p2a: Clodsire|Earthquake|p1a: Cyclizar\n|-damage|p1a: Cyclizar|0 fnt\n|faint|p1a: Cyclizar\n|\n|upkeep\n|\n|t:|1699769254\n|switch|p1a: Blissey|Blissey, F|73\/100\n|turn|75\n|\n|t:|1699769256\n|move|p1a: Blissey|Seismic Toss|p2a: Clodsire\n|-damage|p2a: Clodsire|36\/100\n|move|p2a: Clodsire|Recover|p2a: Clodsire\n|-heal|p2a: Clodsire|86\/100\n|\n|upkeep\n|turn|76\n|c|\u2606knexhawk2|however\n|c|\u2606knexhawk2|its too little too late\n|\n|t:|1699769263\n|move|p1a: Blissey|Seismic Toss|p2a: Clodsire\n|-damage|p2a: Clodsire|65\/100\n|move|p2a: Clodsire|Poison Jab|p1a: Blissey\n|-damage|p1a: Blissey|49\/100\n|\n|upkeep\n|turn|77\n|c|\u2606mathismathin|clodsire 6-0s stall???!!!!\n|\n|t:|1699769271\n|move|p1a: Blissey|Seismic Toss|p2a: Clodsire\n|-damage|p2a: Clodsire|43\/100\n|move|p2a: Clodsire|Poison Jab|p1a: Blissey\n|-damage|p1a: Blissey|27\/100\n|-status|p1a: Blissey|psn\n|\n|-damage|p1a: Blissey|14\/100 psn|[from] psn\n|upkeep\n|turn|78\n|c|\u2606knexhawk2|yeah it did\n|l| PantyPhantom\n|c|\u2606knexhawk2|water absorb mons\n|c|\u2606knexhawk2|fuck me up\n|c|\u2606mathismathin|this is unaware\n|c|\u2606knexhawk2|ffs\n|\n|t:|1699769289\n|-curestatus|p1a: Blissey|psn|[from] ability: Natural Cure\n|switch|p1a: Alomomola|Alomomola, F|100\/100\n|move|p2a: Clodsire|Recover|p2a: Clodsire\n|-heal|p2a: Clodsire|93\/100\n|\n|upkeep\n|turn|79\n|c|\u2606mathismathin|loool\n|\n|t:|1699769296\n|move|p1a: Alomomola|Whirlpool|p2a: Clodsire\n|-supereffective|p2a: Clodsire\n|-damage|p2a: Clodsire|86\/100\n|-activate|p2a: Clodsire|move: Whirlpool|[of] p1a: Alomomola\n|move|p2a: Clodsire|Poison Jab|p1a: Alomomola\n|-damage|p1a: Alomomola|89\/100\n|-status|p1a: Alomomola|psn\n|\n|-damage|p1a: Alomomola|77\/100 psn|[from] psn\n|-damage|p2a: Clodsire|74\/100|[from] move: Whirlpool|[partiallytrapped]\n|upkeep\n|turn|80\n|c|\u2606knexhawk2|no way u run wa\n|c|\u2606knexhawk2|wtf.\n|c|\u2606knexhawk2|its a real not stall team\n|c|\u2606knexhawk2|why are u not\n|\n|t:|1699769313\n|-terastallize|p2a: Clodsire|Water\n|move|p1a: Alomomola|Scald|p2a: Clodsire\n|-resisted|p2a: Clodsire\n|-damage|p2a: Clodsire|70\/100\n|move|p2a: Clodsire|Stealth Rock|p1a: Alomomola\n|-sidestart|p1: knexhawk2|move: Stealth Rock\n|\n|-damage|p1a: Alomomola|64\/100 psn|[from] psn\n|-damage|p2a: Clodsire|58\/100|[from] move: Whirlpool|[partiallytrapped]\n|upkeep\n|turn|81\n|c|\u2606mathismathin|idk\n|\n|t:|1699769320\n|move|p1a: Alomomola|Scald|p2a: Clodsire\n|-resisted|p2a: Clodsire\n|-damage|p2a: Clodsire|54\/100\n|move|p2a: Clodsire|Earthquake|p1a: Alomomola\n|-damage|p1a: Alomomola|49\/100 psn\n|\n|-damage|p1a: Alomomola|36\/100 psn|[from] psn\n|-damage|p2a: Clodsire|41\/100|[from] move: Whirlpool|[partiallytrapped]\n|upkeep\n|turn|82\n|\n|t:|1699769324\n|move|p1a: Alomomola|Wish|p1a: Alomomola\n|move|p2a: Clodsire|Recover|p2a: Clodsire\n|-heal|p2a: Clodsire|91\/100\n|\n|-damage|p1a: Alomomola|24\/100 psn|[from] psn\n|-damage|p2a: Clodsire|79\/100|[from] move: Whirlpool|[partiallytrapped]\n|upkeep\n|turn|83\n|\n|t:|1699769327\n|move|p1a: Alomomola|Scald|p2a: Clodsire\n|-resisted|p2a: Clodsire\n|-damage|p2a: Clodsire|75\/100\n|move|p2a: Clodsire|Poison Jab|p1a: Alomomola\n|-damage|p1a: Alomomola|12\/100 psn\n|\n|-heal|p1a: Alomomola|62\/100 psn|[from] move: Wish|[wisher] Alomomola\n|-damage|p1a: Alomomola|50\/100 psn|[from] psn\n|-end|p2a: Clodsire|Whirlpool|[partiallytrapped]\n|upkeep\n|turn|84\n|\n|t:|1699769340\n|switch|p2a: Rotom|Rotom-Wash|40\/100 brn\n|-damage|p2a: Rotom|28\/100 brn|[from] Stealth Rock\n|move|p1a: Alomomola|Wish|p1a: Alomomola\n|\n|-damage|p1a: Alomomola|37\/100 psn|[from] psn\n|-damage|p2a: Rotom|22\/100 brn|[from] brn\n|upkeep\n|turn|85\n|c|\u2606knexhawk2|dude whats ur ttar spread\n|c|\u2606mathismathin|!showset 1\n|c| mathismathin|\/raw <div class=\"infobox\">Tyranitar (F) @ Choice Band  <br \/>Ability: Sand Stream  <br \/>Tera Type: Ground  <br \/>EVs: 4 HP &#x2f; 252 Atk &#x2f; 252 Spe  <br \/>Adamant Nature  <br \/>- Stone Edge  <br \/>- Knock Off  <br \/>- Ice Punch  <br \/>- Low Kick  <br \/><br \/><\/div>\n|c|\u2606knexhawk2|how is that shit living a  bp\n|c|\u2606mathismathin|4 hp\n|c|\u2606knexhawk2|no way wtf\n|c|\u2606mathismathin|big bulk invest\n|\n|t:|1699769355\n|switch|p1a: Blissey|Blissey, F|14\/100\n|move|p2a: Rotom|Hydro Pump|p1a: Blissey|[miss]\n|-miss|p2a: Rotom|p1a: Blissey\n|\n|-heal|p1a: Blissey|55\/100|[from] move: Wish|[wisher] Alomomola\n|-damage|p2a: Rotom|15\/100 brn|[from] brn\n|upkeep\n|turn|86\n|c|\u2606knexhawk2|was it actually 1 hp 1 hp\n|c|\u2606mathismathin|252+ Def Goodra-Hisui Body Press vs. 4 HP \/ 0 Def Tyranitar: 296-352 (86.5 - 102.9%) -- 18.8% chance to OHKO\n|c|\u2606mathismathin|im at 2 hp\n|c|\u2606mathismathin|252+ Atk Choice Band Tyranitar Low Kick (120 BP) vs. 252 HP \/ 252+ Def Goodra-Hisui: 316-374 (86.8 - 102.7%) -- 18.8% chance to OHKO\n|c|\u2606mathismathin|wait lol\n|c|\u2606knexhawk2|yhats unholy\n|c|\u2606mathismathin|we have the same rolls to ko\n|c|\u2606mathismathin|thats so hilarious\n|c|\u2606knexhawk2|lol\n|\n|t:|1699769395\n|move|p2a: Rotom|Volt Switch|p1a: Blissey\n|-crit|p1a: Blissey\n|-damage|p1a: Blissey|43\/100\n|\n|t:|1699769398\n|switch|p2a: Dragapult|Dragapult, M|41\/100|[from] Volt Switch\n|-damage|p2a: Dragapult|28\/100|[from] Stealth Rock\n|move|p1a: Blissey|Heal Bell|p1a: Blissey\n|-activate|p1a: Blissey|move: Heal Bell\n|-curestatus|p1: Alomomola|psn|[msg]\n|\n|upkeep\n|turn|87\n|j| PantyPhantom\n|\n|t:|1699769405\n|move|p2a: Dragapult|Flamethrower|p1a: Blissey\n|-damage|p1a: Blissey|30\/100\n|move|p1a: Blissey|Heal Bell||[still]\n|-activate|p1a: Blissey|move: Heal Bell\n|-fail|p1a: Blissey\n|\n|upkeep\n|turn|88\n|\n|t:|1699769408\n|switch|p1a: Alomomola|Alomomola, F|71\/100\n|-damage|p1a: Alomomola|58\/100|[from] Stealth Rock\n|move|p2a: Dragapult|Flamethrower|p1a: Alomomola\n|-resisted|p1a: Alomomola\n|-damage|p1a: Alomomola|35\/100\n|\n|upkeep\n|turn|89\n|\n|t:|1699769411\n|move|p2a: Dragapult|Flamethrower|p1a: Alomomola\n|-resisted|p1a: Alomomola\n|-damage|p1a: Alomomola|7\/100\n|move|p1a: Alomomola|Wish|p1a: Alomomola\n|\n|upkeep\n|turn|90\n|l| PantyPhantom\n|\n|t:|1699769425\n|move|p1a: Alomomola|Protect|p1a: Alomomola\n|-singleturn|p1a: Alomomola|Protect\n|move|p2a: Dragapult|Flamethrower|p1a: Alomomola\n|-activate|p1a: Alomomola|move: Protect\n|\n|-heal|p1a: Alomomola|57\/100|[from] move: Wish|[wisher] Alomomola\n|upkeep\n|turn|91\n|c|\u2606knexhawk2|only if i had like\n|c|\u2606knexhawk2|40 more wishes\n|\n|t:|1699769436\n|switch|p2a: Clodsire|Clodsire, F, tera:Water|75\/100\n|-damage|p2a: Clodsire|63\/100|[from] Stealth Rock\n|move|p1a: Alomomola|Whirlpool|p2a: Clodsire\n|-resisted|p2a: Clodsire\n|-damage|p2a: Clodsire|61\/100\n|-activate|p2a: Clodsire|move: Whirlpool|[of] p1a: Alomomola\n|\n|-damage|p2a: Clodsire|49\/100|[from] move: Whirlpool|[partiallytrapped]\n|upkeep\n|turn|92\n|\n|t:|1699769439\n|move|p1a: Alomomola|Scald|p2a: Clodsire\n|-resisted|p2a: Clodsire\n|-damage|p2a: Clodsire|46\/100\n|-status|p2a: Clodsire|brn\n|move|p2a: Clodsire|Poison Jab|p1a: Alomomola\n|-damage|p1a: Alomomola|52\/100\n|\n|-damage|p2a: Clodsire|40\/100 brn|[from] brn\n|-damage|p2a: Clodsire|27\/100 brn|[from] move: Whirlpool|[partiallytrapped]\n|upkeep\n|turn|93\n|\n|t:|1699769442\n|move|p1a: Alomomola|Wish|p1a: Alomomola\n|move|p2a: Clodsire|Recover|p2a: Clodsire\n|-heal|p2a: Clodsire|77\/100 brn\n|\n|-damage|p2a: Clodsire|71\/100 brn|[from] brn\n|-damage|p2a: Clodsire|58\/100 brn|[from] move: Whirlpool|[partiallytrapped]\n|upkeep\n|turn|94\n|\n|t:|1699769444\n|switch|p1a: Blissey|Blissey, F|30\/100\n|move|p2a: Clodsire|Poison Jab|p1a: Blissey\n|-damage|p1a: Blissey|18\/100\n|-status|p1a: Blissey|psn\n|\n|-heal|p1a: Blissey|59\/100 psn|[from] move: Wish|[wisher] Alomomola\n|-damage|p1a: Blissey|47\/100 psn|[from] psn\n|-damage|p2a: Clodsire|52\/100 brn|[from] brn\n|-end|p2a: Clodsire|Whirlpool|[partiallytrapped]|[silent]\n|upkeep\n|turn|95\n|\n|t:|1699769458\n|-curestatus|p1a: Blissey|psn|[from] ability: Natural Cure\n|switch|p1a: Alomomola|Alomomola, F|85\/100\n|-damage|p1a: Alomomola|73\/100|[from] Stealth Rock\n|switch|p2a: Great Tusk|Great Tusk|16\/100 tox\n|-damage|p2a: Great Tusk|13\/100 tox|[from] Stealth Rock\n|\n|-damage|p2a: Great Tusk|6\/100 tox|[from] psn\n|upkeep\n|turn|96\n|\n|t:|1699769473\n|-end|p2a: Great Tusk|Protosynthesis|[silent]\n|switch|p2a: Clodsire|Clodsire, F, tera:Water|52\/100 brn\n|-damage|p2a: Clodsire|40\/100 brn|[from] Stealth Rock\n|move|p1a: Alomomola|Protect||[still]\n|-fail|p1a: Alomomola\n|\n|-damage|p2a: Clodsire|33\/100 brn|[from] brn\n|upkeep\n|turn|97\n|\n|t:|1699769476\n|move|p1a: Alomomola|Whirlpool|p2a: Clodsire\n|-resisted|p2a: Clodsire\n|-damage|p2a: Clodsire|32\/100 brn\n|-activate|p2a: Clodsire|move: Whirlpool|[of] p1a: Alomomola\n|move|p2a: Clodsire|Recover|p2a: Clodsire\n|-heal|p2a: Clodsire|82\/100 brn\n|\n|-damage|p2a: Clodsire|75\/100 brn|[from] brn\n|-damage|p2a: Clodsire|63\/100 brn|[from] move: Whirlpool|[partiallytrapped]\n|upkeep\n|turn|98\n|\n|t:|1699769479\n|move|p1a: Alomomola|Scald|p2a: Clodsire\n|-resisted|p2a: Clodsire\n|-damage|p2a: Clodsire|60\/100 brn\n|move|p2a: Clodsire|Poison Jab|p1a: Alomomola\n|-damage|p1a: Alomomola|67\/100\n|-status|p1a: Alomomola|psn\n|\n|-damage|p1a: Alomomola|55\/100 psn|[from] psn\n|-damage|p2a: Clodsire|53\/100 brn|[from] brn\n|-damage|p2a: Clodsire|41\/100 brn|[from] move: Whirlpool|[partiallytrapped]\n|upkeep\n|turn|99\n|\n|t:|1699769483\n|move|p1a: Alomomola|Wish|p1a: Alomomola\n|move|p2a: Clodsire|Recover|p2a: Clodsire\n|-heal|p2a: Clodsire|91\/100 brn\n|\n|-damage|p1a: Alomomola|43\/100 psn|[from] psn\n|-damage|p2a: Clodsire|85\/100 brn|[from] brn\n|-damage|p2a: Clodsire|72\/100 brn|[from] move: Whirlpool|[partiallytrapped]\n|upkeep\n|turn|100\n|\n|t:|1699769486\n|switch|p1a: Blissey|Blissey, F|47\/100\n|move|p2a: Clodsire|Poison Jab|p1a: Blissey\n|-damage|p1a: Blissey|36\/100\n|\n|-heal|p1a: Blissey|77\/100|[from] move: Wish|[wisher] Alomomola\n|-damage|p2a: Clodsire|66\/100 brn|[from] brn\n|-end|p2a: Clodsire|Whirlpool|[partiallytrapped]|[silent]\n|upkeep\n|turn|101\n|\n|t:|1699769491\n|switch|p2a: Rotom|Rotom-Wash|15\/100 brn\n|-damage|p2a: Rotom|3\/100 brn|[from] Stealth Rock\n|move|p1a: Blissey|Heal Bell|p1a: Blissey\n|-activate|p1a: Blissey|move: Heal Bell\n|-curestatus|p1: Alomomola|psn|[msg]\n|\n|-damage|p2a: Rotom|0 fnt|[from] brn\n|faint|p2a: Rotom\n|upkeep\n|\n|t:|1699769494\n|switch|p2a: Great Tusk|Great Tusk|6\/100 tox\n|-damage|p2a: Great Tusk|3\/100 tox|[from] Stealth Rock\n|turn|102\n|\n|t:|1699769499\n|move|p2a: Great Tusk|Knock Off|p1a: Blissey\n|-damage|p1a: Blissey|48\/100\n|-enditem|p1a: Blissey|Heavy-Duty Boots|[from] move: Knock Off|[of] p2a: Great Tusk\n|move|p1a: Blissey|Stealth Rock||[still]\n|-fail|p1a: Blissey\n|\n|-damage|p2a: Great Tusk|0 fnt|[from] psn\n|faint|p2a: Great Tusk\n|-end|p2a: Great Tusk|Protosynthesis|[silent]\n|upkeep\n|\n|t:|1699769509\n|switch|p2a: Dragapult|Dragapult, M|28\/100\n|-damage|p2a: Dragapult|16\/100|[from] Stealth Rock\n|turn|103\n|\n|t:|1699769512\n|move|p2a: Dragapult|Flamethrower|p1a: Blissey\n|-damage|p1a: Blissey|34\/100\n|move|p1a: Blissey|Seismic Toss|p2a: Dragapult\n|-immune|p2a: Dragapult\n|\n|upkeep\n|turn|104\n|\n|t:|1699769515\n|switch|p1a: Alomomola|Alomomola, F|76\/100\n|-damage|p1a: Alomomola|64\/100|[from] Stealth Rock\n|move|p2a: Dragapult|Flamethrower|p1a: Alomomola\n|-resisted|p1a: Alomomola\n|-damage|p1a: Alomomola|37\/100\n|\n|upkeep\n|turn|105\n|\n|t:|1699769518\n|move|p2a: Dragapult|Flamethrower|p1a: Alomomola\n|-resisted|p1a: Alomomola\n|-damage|p1a: Alomomola|11\/100\n|move|p1a: Alomomola|Wish|p1a: Alomomola\n|\n|upkeep\n|turn|106\n|\n|t:|1699769523\n|move|p1a: Alomomola|Protect|p1a: Alomomola\n|-singleturn|p1a: Alomomola|Protect\n|move|p2a: Dragapult|Flamethrower|p1a: Alomomola\n|-activate|p1a: Alomomola|move: Protect\n|\n|-heal|p1a: Alomomola|61\/100|[from] move: Wish|[wisher] Alomomola\n|upkeep\n|turn|107\n|\n|t:|1699769530\n|move|p2a: Dragapult|Flamethrower|p1a: Alomomola\n|-resisted|p1a: Alomomola\n|-damage|p1a: Alomomola|33\/100\n|move|p1a: Alomomola|Whirlpool|p2a: Dragapult\n|-resisted|p2a: Dragapult\n|-damage|p2a: Dragapult|12\/100\n|-activate|p2a: Dragapult|move: Whirlpool|[of] p1a: Alomomola\n|\n|-damage|p2a: Dragapult|0 fnt|[from] move: Whirlpool|[partiallytrapped]\n|faint|p2a: Dragapult\n|upkeep\n|\n|t:|1699769533\n|switch|p2a: Moltres|Moltres|74\/100\n|-damage|p2a: Moltres|24\/100|[from] Stealth Rock\n|turn|108\n|\n|t:|1699769537\n|move|p2a: Moltres|Roost|p2a: Moltres\n|-heal|p2a: Moltres|74\/100\n|-singleturn|p2a: Moltres|move: Roost\n|move|p1a: Alomomola|Wish|p1a: Alomomola\n|\n|upkeep\n|turn|109\n|\n|t:|1699769543\n|move|p1a: Alomomola|Protect|p1a: Alomomola\n|-singleturn|p1a: Alomomola|Protect\n|move|p2a: Moltres|Flamethrower|p1a: Alomomola\n|-activate|p1a: Alomomola|move: Protect\n|\n|-heal|p1a: Alomomola|83\/100|[from] move: Wish|[wisher] Alomomola\n|upkeep\n|turn|110\n|\n|t:|1699769547\n|move|p2a: Moltres|Flamethrower|p1a: Alomomola\n|-resisted|p1a: Alomomola\n|-damage|p1a: Alomomola|61\/100\n|move|p1a: Alomomola|Whirlpool|p2a: Moltres\n|-supereffective|p2a: Moltres\n|-damage|p2a: Moltres|61\/100\n|-activate|p2a: Moltres|move: Whirlpool|[of] p1a: Alomomola\n|\n|-damage|p2a: Moltres|49\/100|[from] move: Whirlpool|[partiallytrapped]\n|upkeep\n|turn|111\n|\n|t:|1699769550\n|move|p2a: Moltres|Flamethrower|p1a: Alomomola\n|-resisted|p1a: Alomomola\n|-damage|p1a: Alomomola|39\/100\n|move|p1a: Alomomola|Scald|p2a: Moltres\n|-supereffective|p2a: Moltres\n|-damage|p2a: Moltres|22\/100\n|\n|-damage|p2a: Moltres|9\/100|[from] move: Whirlpool|[partiallytrapped]\n|upkeep\n|turn|112\n|c|\u2606knexhawk2|wait\n|c|\u2606knexhawk2|does mola clutch up\n|c|\u2606knexhawk2|wtf\n|\n|t:|1699769558\n|move|p2a: Moltres|Roost|p2a: Moltres\n|-heal|p2a: Moltres|59\/100\n|-singleturn|p2a: Moltres|move: Roost\n|move|p1a: Alomomola|Scald|p2a: Moltres\n|-supereffective|p2a: Moltres\n|-damage|p2a: Moltres|31\/100\n|\n|-damage|p2a: Moltres|19\/100|[from] move: Whirlpool|[partiallytrapped]\n|upkeep\n|turn|113\n|\n|t:|1699769561\n|move|p2a: Moltres|Roost|p2a: Moltres\n|-heal|p2a: Moltres|69\/100\n|-singleturn|p2a: Moltres|move: Roost\n|move|p1a: Alomomola|Scald|p2a: Moltres\n|-supereffective|p2a: Moltres\n|-damage|p2a: Moltres|42\/100\n|\n|-damage|p2a: Moltres|30\/100|[from] move: Whirlpool|[partiallytrapped]\n|upkeep\n|turn|114\n|\n|t:|1699769564\n|move|p2a: Moltres|Roost|p2a: Moltres\n|-heal|p2a: Moltres|80\/100\n|-singleturn|p2a: Moltres|move: Roost\n|move|p1a: Alomomola|Scald|p2a: Moltres\n|-supereffective|p2a: Moltres\n|-crit|p2a: Moltres\n|-damage|p2a: Moltres|37\/100\n|\n|-damage|p2a: Moltres|24\/100|[from] move: Whirlpool|[partiallytrapped]\n|upkeep\n|turn|115\n|\n|t:|1699769567\n|move|p2a: Moltres|Roost|p2a: Moltres\n|-heal|p2a: Moltres|74\/100\n|-singleturn|p2a: Moltres|move: Roost\n|move|p1a: Alomomola|Scald|p2a: Moltres\n|-supereffective|p2a: Moltres\n|-damage|p2a: Moltres|46\/100\n|\n|-end|p2a: Moltres|Whirlpool|[partiallytrapped]\n|upkeep\n|turn|116\n|\n|t:|1699769572\n|move|p2a: Moltres|Flamethrower|p1a: Alomomola\n|-resisted|p1a: Alomomola\n|-damage|p1a: Alomomola|17\/100\n|move|p1a: Alomomola|Whirlpool|p2a: Moltres\n|-supereffective|p2a: Moltres\n|-damage|p2a: Moltres|32\/100\n|-activate|p2a: Moltres|move: Whirlpool|[of] p1a: Alomomola\n|\n|-damage|p2a: Moltres|20\/100|[from] move: Whirlpool|[partiallytrapped]\n|upkeep\n|turn|117\n|\n|t:|1699769578\n|move|p2a: Moltres|Roost|p2a: Moltres\n|-heal|p2a: Moltres|70\/100\n|-singleturn|p2a: Moltres|move: Roost\n|move|p1a: Alomomola|Scald|p2a: Moltres\n|-supereffective|p2a: Moltres\n|-damage|p2a: Moltres|43\/100\n|\n|-damage|p2a: Moltres|31\/100|[from] move: Whirlpool|[partiallytrapped]\n|upkeep\n|turn|118\n|\n|t:|1699769582\n|move|p1a: Alomomola|Protect|p1a: Alomomola\n|-singleturn|p1a: Alomomola|Protect\n|move|p2a: Moltres|Flamethrower|p1a: Alomomola\n|-activate|p1a: Alomomola|move: Protect\n|\n|-damage|p2a: Moltres|18\/100|[from] move: Whirlpool|[partiallytrapped]\n|upkeep\n|turn|119\n|\n|t:|1699769584\n|switch|p1a: Blissey|Blissey, F|34\/100\n|-damage|p1a: Blissey|22\/100|[from] Stealth Rock\n|move|p2a: Moltres|Flamethrower|p1a: Blissey\n|-damage|p1a: Blissey|10\/100\n|\n|-end|p2a: Moltres|Whirlpool|[partiallytrapped]|[silent]\n|upkeep\n|turn|120\n|\n|t:|1699769587\n|switch|p1a: Alomomola|Alomomola, F|50\/100\n|-damage|p1a: Alomomola|38\/100|[from] Stealth Rock\n|move|p2a: Moltres|Flamethrower|p1a: Alomomola\n|-resisted|p1a: Alomomola\n|-crit|p1a: Alomomola\n|-damage|p1a: Alomomola|3\/100\n|\n|upkeep\n|turn|121\n|\n|t:|1699769589\n|switch|p1a: Blissey|Blissey, F|10\/100\n|-damage|p1a: Blissey|0 fnt|[from] Stealth Rock\n|faint|p1a: Blissey\n|move|p2a: Moltres|Flamethrower|p1: Blissey|[notarget]\n|-fail|p2a: Moltres\n|\n|upkeep\n|c|\u2606knexhawk2|nope mola died\n|\n|t:|1699769594\n|switch|p1a: Alomomola|Alomomola, F|36\/100\n|-damage|p1a: Alomomola|24\/100|[from] Stealth Rock\n|turn|122\n|\n|t:|1699769596\n|move|p2a: Moltres|Flamethrower|p1a: Alomomola\n|-resisted|p1a: Alomomola\n|-crit|p1a: Alomomola\n|-damage|p1a: Alomomola|0 fnt\n|faint|p1a: Alomomola\n|\n|win|mathismathin\n|raw|knexhawk2's rating: 1848 &rarr; <strong>1821<\/strong><br \/>(-27 for losing)\n|raw|mathismathin's rating: 1713 &rarr; <strong>1740<\/strong><br \/>(+27 for winning)\n|c|\u2606mathismathin|gg\n|c|\u2606knexhawk2|gg\n|c|\u2606mathismathin|nice crit\n|c|\u2606knexhawk2|few more wishes\n|c|\u2606mathismathin|last turn\n|c|\u2606knexhawk2|if i didnt play like\n|c|\u2606mathismathin|just for the culture\n|c|\u2606knexhawk2|shit\n|c|\u2606knexhawk2|lol\n|c|\u2606mathismathin|lol\n|c|\u2606knexhawk2|even with how bad i played\n|l| cheese miestro\n|c|\u2606knexhawk2|i almost had it\n|c|\u2606mathismathin|yea i mean tbf\n|c|\u2606mathismathin|my team is not very good\n|c|\u2606mathismathin|its like very old\n|c|\u2606mathismathin|like pre dlc old\n|c|\u2606knexhawk2|if i had like 2 more wishes\n|c|\u2606knexhawk2|fair enough\n|c|\u2606knexhawk2|i figured it was wa clod\n|c|\u2606mathismathin|fair because\n|c|\u2606knexhawk2|got scared of just clicking water moves\n|c|\u2606mathismathin|it probably should be\n|c|\u2606knexhawk2|also it FUCKED me\n|c|\u2606knexhawk2|like holy shit\n|c|\u2606knexhawk2|crit crit crit poison poison poison dude is a demon\n|c|\u2606mathismathin|lmfaoo\n","uploadtime":1699769617,"views":50,"p1id":"knexhawk2","p2id":"mathismathin","formatid":"gen9ou","rating":1740,"private":0,"password":""}