{"id":"gen9ou-1989228301","p1":"lukci","p2":"Bendy 23334","format":"[Gen 9] OU","log":"|j|\u2606lukci\n|j|\u2606Bendy 23334\n|t:|1699825664\n|gametype|singles\n|player|p1|lukci|102|1154\n|player|p2|Bendy 23334|265|1078\n|teamsize|p1|6\n|teamsize|p2|6\n|gen|9\n|tier|[Gen 9] OU\n|rated|\n|rule|Sleep Clause Mod: Limit one foe put to sleep\n|rule|Species Clause: Limit one of each Pok\u00e9mon\n|rule|OHKO Clause: OHKO moves are banned\n|rule|Evasion Items Clause: Evasion items are banned\n|rule|Evasion Moves Clause: Evasion moves are banned\n|rule|Endless Battle Clause: Forcing endless battles is banned\n|rule|HP Percentage Mod: HP is shown in percentages\n|clearpoke\n|poke|p1|Rillaboom, F|\n|poke|p1|Sneasler, F|\n|poke|p1|Enamorus-Therian, F|\n|poke|p1|Heatran, F|\n|poke|p1|Great Tusk|\n|poke|p1|Kingambit, F|\n|poke|p2|Iron Leaves|\n|poke|p2|Armarouge, M|\n|poke|p2|Empoleon, M|\n|poke|p2|Enamorus, F|\n|poke|p2|Iron Valiant|\n|poke|p2|Regidrago|\n|teampreview\n|\n|t:|1699825674\n|start\n|switch|p1a: Winston|Rillaboom, F|100\/100\n|switch|p2a: Armarouge|Armarouge, M, shiny|100\/100\n|-fieldstart|move: Grassy Terrain|[from] ability: Grassy Surge|[of] p1a: Winston\n|turn|1\n|\n|t:|1699825701\n|switch|p1a: Heatran|Heatran, F|100\/100\n|move|p2a: Armarouge|Armor Cannon|p1a: Heatran\n|-start|p1a: Heatran|ability: Flash Fire\n|\n|upkeep\n|turn|2\n|inactive|Battle timer is ON: inactive players will automatically lose when time's up. (requested by lukci)\n|\n|t:|1699825715\n|move|p1a: Heatran|Earth Power|p2a: Armarouge\n|-supereffective|p2a: Armarouge\n|-damage|p2a: Armarouge|3\/100\n|move|p2a: Armarouge|Aura Sphere|p1a: Heatran\n|-supereffective|p1a: Heatran\n|-damage|p1a: Heatran|48\/100\n|\n|-heal|p1a: Heatran|55\/100|[from] Grassy Terrain\n|-heal|p1a: Heatran|61\/100|[from] item: Leftovers\n|-heal|p2a: Armarouge|10\/100|[from] Grassy Terrain\n|upkeep\n|turn|3\n|\n|t:|1699825731\n|-end|p1a: Heatran|ability: Flash Fire|[silent]\n|switch|p1a: Sneasler|Sneasler, F|100\/100\n|-enditem|p1a: Sneasler|Grassy Seed\n|-boost|p1a: Sneasler|def|1|[from] item: Grassy Seed\n|move|p2a: Armarouge|Destiny Bond|p2a: Armarouge\n|-singlemove|p2a: Armarouge|Destiny Bond\n|\n|-heal|p2a: Armarouge|16\/100|[from] Grassy Terrain\n|upkeep\n|turn|4\n|\n|t:|1699825750\n|move|p1a: Sneasler|Swords Dance|p1a: Sneasler\n|-boost|p1a: Sneasler|atk|2\n|move|p2a: Armarouge|Aura Sphere|p1a: Sneasler\n|-resisted|p1a: Sneasler\n|-damage|p1a: Sneasler|81\/100\n|\n|-heal|p1a: Sneasler|87\/100|[from] Grassy Terrain\n|-heal|p2a: Armarouge|22\/100|[from] Grassy Terrain\n|upkeep\n|turn|5\n|\n|t:|1699825762\n|move|p1a: Sneasler|Acrobatics|p2a: Armarouge\n|-damage|p2a: Armarouge|0 fnt\n|faint|p2a: Armarouge\n|\n|-heal|p1a: Sneasler|93\/100|[from] Grassy Terrain\n|upkeep\n|\n|t:|1699825776\n|switch|p2a: Regidrago|Regidrago|100\/100\n|turn|6\n|inactive|lukci has 120 seconds left.\n|\n|t:|1699825823\n|-terastallize|p1a: Sneasler|Flying\n|move|p1a: Sneasler|Acrobatics|p2a: Regidrago\n|-damage|p2a: Regidrago|0 fnt\n|faint|p2a: Regidrago\n|\n|upkeep\n|inactive|Bendy 23334 has 120 seconds left.\n|\n|t:|1699825839\n|switch|p2a: Enamorus|Enamorus, F|100\/100\n|turn|7\n|\n|t:|1699825857\n|move|p1a: Sneasler|Dire Claw|p2a: Enamorus\n|-supereffective|p2a: Enamorus\n|-damage|p2a: Enamorus|0 fnt\n|faint|p2a: Enamorus\n|\n|upkeep\n|inactive|Bendy 23334 has 120 seconds left.\n|\n|t:|1699825869\n|switch|p2a: Iron Leaves|Iron Leaves|100\/100\n|-enditem|p2a: Iron Leaves|Booster Energy\n|-activate|p2a: Iron Leaves|ability: Quark Drive|[fromitem]\n|-start|p2a: Iron Leaves|quarkdriveatk\n|turn|8\n|\n|t:|1699825884\n|move|p1a: Sneasler|Acrobatics|p2a: Iron Leaves\n|-supereffective|p2a: Iron Leaves\n|-damage|p2a: Iron Leaves|0 fnt\n|faint|p2a: Iron Leaves\n|-end|p2a: Iron Leaves|Quark Drive|[silent]\n|\n|-fieldend|move: Grassy Terrain\n|upkeep\n|inactive|Bendy 23334 has 120 seconds left.\n|\n|t:|1699825906\n|switch|p2a: Iron Valiant|Iron Valiant|100\/100\n|turn|9\n|inactive|lukci has 120 seconds left.\n|\n|t:|1699825931\n|move|p1a: Sneasler|Acrobatics|p2a: Iron Valiant\n|-supereffective|p2a: Iron Valiant\n|-damage|p2a: Iron Valiant|0 fnt\n|faint|p2a: Iron Valiant\n|-end|p2a: Iron Valiant|Quark Drive|[silent]\n|\n|upkeep\n|\n|t:|1699825937\n|switch|p2a: Empoleon|Empoleon, M|100\/100\n|turn|10\n|c|\u2606lukci|gg\n|\n|t:|1699825944\n|move|p1a: Sneasler|Close Combat|p2a: Empoleon\n|-supereffective|p2a: Empoleon\n|-damage|p2a: Empoleon|0 fnt\n|-unboost|p1a: Sneasler|def|1\n|-unboost|p1a: Sneasler|spd|1\n|faint|p2a: Empoleon\n|\n|win|lukci\n|raw|lukci's rating: 1154 &rarr; <strong>1174<\/strong><br \/>(+20 for winning)\n|raw|Bendy 23334's rating: 1078 &rarr; <strong>1061<\/strong><br \/>(-17 for losing)\n","uploadtime":1699825953,"views":33,"p1id":"lukci","p2id":"bendy23334","formatid":"gen9ou","rating":1061,"private":0,"password":""}