{"id":"gen9ou-1991333152","p1":"getdiced","p2":"SharpSupreme","format":"[Gen 9] OU","log":"|j|\u2606getdiced\n|j|\u2606SharpSupreme\n|t:|1700068402\n|gametype|singles\n|player|p1|getdiced|169|1032\n|player|p2|SharpSupreme|101|1000\n|teamsize|p1|6\n|teamsize|p2|1\n|gen|9\n|tier|[Gen 9] OU\n|rated|\n|rule|Sleep Clause Mod: Limit one foe put to sleep\n|rule|Species Clause: Limit one of each Pok\u00e9mon\n|rule|OHKO Clause: OHKO moves are banned\n|rule|Evasion Items Clause: Evasion items are banned\n|rule|Evasion Moves Clause: Evasion moves are banned\n|rule|Endless Battle Clause: Forcing endless battles is banned\n|rule|HP Percentage Mod: HP is shown in percentages\n|clearpoke\n|poke|p1|Zapdos-Galar|\n|poke|p1|Scream Tail|\n|poke|p1|Rotom-Mow|\n|poke|p1|Golem, M|\n|poke|p1|Toxapex, F|\n|poke|p1|Hydreigon, M|\n|poke|p2|Eiscue, M|\n|teampreview\n|inactive|Battle timer is ON: inactive players will automatically lose when time's up. (requested by getdiced)\n|\n|t:|1700068413\n|start\n|switch|p1a: Hydreigon|Hydreigon, M|100\/100\n|switch|p2a: Eiscue|Eiscue, M|100\/100\n|turn|1\n|\n|t:|1700068427\n|move|p1a: Hydreigon|Head Smash|p2a: Eiscue\n|-activate|p2a: Eiscue|ability: Ice Face\n|-damage|p2a: Eiscue|100\/100\n|detailschange|p2a: Eiscue|Eiscue-Noice, M\n|move|p2a: Eiscue|Belly Drum|p2a: Eiscue\n|-damage|p2a: Eiscue|50\/100\n|-setboost|p2a: Eiscue|atk|6|[from] move: Belly Drum\n|\n|upkeep\n|turn|2\n|\n|t:|1700068448\n|move|p2a: Eiscue|Icicle Spear|p1a: Hydreigon\n|-supereffective|p1a: Hydreigon\n|-damage|p1a: Hydreigon|28\/100\n|-supereffective|p1a: Hydreigon\n|-damage|p1a: Hydreigon|0 fnt\n|faint|p1a: Hydreigon\n|-hitcount|p1: Hydreigon|2\n|\n|upkeep\n|\n|t:|1700068455\n|switch|p1a: Zapdos|Zapdos-Galar|100\/100\n|turn|3\n|\n|t:|1700068461\n|move|p2a: Eiscue|Zen Headbutt|p1a: Zapdos\n|-supereffective|p1a: Zapdos\n|-crit|p1a: Zapdos\n|-damage|p1a: Zapdos|0 fnt\n|faint|p1a: Zapdos\n|\n|upkeep\n|\n|t:|1700068466\n|switch|p1a: Golem|Golem, M|100\/100\n|turn|4\n|\n|t:|1700068469\n|move|p1a: Golem|Protect|p1a: Golem\n|-singleturn|p1a: Golem|Protect\n|move|p2a: Eiscue|Icicle Spear|p1a: Golem\n|-activate|p1a: Golem|move: Protect\n|\n|upkeep\n|turn|5\n|\n|t:|1700068476\n|move|p1a: Golem|Protect||[still]\n|-fail|p1a: Golem\n|move|p2a: Eiscue|Icicle Spear|p1a: Golem\n|-supereffective|p1a: Golem\n|-damage|p1a: Golem|57\/100\n|-supereffective|p1a: Golem\n|-damage|p1a: Golem|12\/100\n|-supereffective|p1a: Golem\n|-damage|p1a: Golem|0 fnt\n|faint|p1a: Golem\n|-hitcount|p1: Golem|3\n|\n|upkeep\n|\n|t:|1700068488\n|switch|p1a: Toxapex|Toxapex, F|100\/100\n|turn|6\n|\n|t:|1700068504\n|move|p2a: Eiscue|Zen Headbutt|p1a: Toxapex\n|-supereffective|p1a: Toxapex\n|-damage|p1a: Toxapex|0 fnt\n|faint|p1a: Toxapex\n|\n|upkeep\n|\n|t:|1700068509\n|switch|p1a: Rotom|Rotom-Mow|100\/100\n|turn|7\n|\n|t:|1700068525\n|move|p2a: Eiscue|Icicle Spear|p1a: Rotom\n|-supereffective|p1a: Rotom\n|-damage|p1a: Rotom|24\/100\n|-supereffective|p1a: Rotom\n|-damage|p1a: Rotom|0 fnt\n|faint|p1a: Rotom\n|-hitcount|p1: Rotom|2\n|\n|upkeep\n|\n|t:|1700068531\n|switch|p1a: Scream Tail|Scream Tail|100\/100\n|turn|8\n|\n|t:|1700068534\n|move|p2a: Eiscue|Icicle Spear|p1a: Scream Tail\n|-damage|p1a: Scream Tail|72\/100\n|-damage|p1a: Scream Tail|46\/100\n|-damage|p1a: Scream Tail|20\/100\n|-damage|p1a: Scream Tail|0 fnt\n|faint|p1a: Scream Tail\n|-end|p1a: Scream Tail|Protosynthesis|[silent]\n|-hitcount|p1: Scream Tail|4\n|\n|win|SharpSupreme\n|raw|getdiced's rating: 1032 &rarr; <strong>1016<\/strong><br \/>(-16 for losing)\n|raw|SharpSupreme's rating: 1000 &rarr; <strong>1044<\/strong><br \/>(+44 for winning)\n","uploadtime":1700068544,"views":26,"p1id":"getdiced","p2id":"sharpsupreme","formatid":"gen9ou","rating":1016,"private":0,"password":""}