{"id":"gen9ou-1995188926","p1":"Spider-Saiyan","p2":"abcde76543","format":"[Gen 9] OU","log":"|j|\u2606Spider-Saiyan\n|j|\u2606abcde76543\n|t:|1700532558\n|gametype|singles\n|player|p1|Spider-Saiyan|n|1627\n|player|p2|abcde76543|1|1601\n|teamsize|p1|6\n|teamsize|p2|6\n|gen|9\n|tier|[Gen 9] OU\n|rated|\n|rule|Sleep Clause Mod: Limit one foe put to sleep\n|rule|Species Clause: Limit one of each Pok\u00e9mon\n|rule|OHKO Clause: OHKO moves are banned\n|rule|Evasion Items Clause: Evasion items are banned\n|rule|Evasion Moves Clause: Evasion moves are banned\n|rule|Endless Battle Clause: Forcing endless battles is banned\n|rule|HP Percentage Mod: HP is shown in percentages\n|clearpoke\n|poke|p1|Ninetales-Alola, F|\n|poke|p1|Kingambit, F|\n|poke|p1|Iron Moth|\n|poke|p1|Ogerpon-Wellspring, F|\n|poke|p1|Maushold|\n|poke|p1|Ceruledge, F|\n|poke|p2|Mandibuzz, F|\n|poke|p2|Skeledirge, M|\n|poke|p2|Amoonguss, F|\n|poke|p2|Alomomola, M|\n|poke|p2|Clefable, F|\n|poke|p2|Ursaluna, M|\n|teampreview\n|inactive|Battle timer is ON: inactive players will automatically lose when time's up. (requested by Spider-Saiyan)\n|inactive|abcde76543 has 120 seconds left.\n|\n|t:|1700532605\n|start\n|switch|p1a: Borealis|Ninetales-Alola, F, shiny|100\/100\n|switch|p2a: Enrique|Skeledirge, M|100\/100\n|-weather|Snow|[from] ability: Snow Warning|[of] p1a: Borealis\n|turn|1\n|c|\u2606abcde76543|hf\n|\n|t:|1700532625\n|move|p1a: Borealis|Aurora Veil|p1a: Borealis\n|-sidestart|p1: Spider-Saiyan|move: Aurora Veil\n|move|p2a: Enrique|Torch Song|p1a: Borealis\n|-supereffective|p1a: Borealis\n|-damage|p1a: Borealis|63\/100\n|-boost|p2a: Enrique|spa|1\n|\n|-weather|Snow|[upkeep]\n|upkeep\n|turn|2\n|c|\u2606Spider-Saiyan|hf\n|\n|t:|1700532647\n|switch|p1a: Goober|Ceruledge, F|100\/100\n|move|p2a: Enrique|Torch Song|p1a: Goober\n|-resisted|p1a: Goober\n|-damage|p1a: Goober|87\/100\n|-boost|p2a: Enrique|spa|1\n|\n|-weather|Snow|[upkeep]\n|upkeep\n|turn|3\n|\n|t:|1700532663\n|switch|p2a: Fishy|Alomomola, M|100\/100\n|move|p1a: Goober|Swords Dance|p1a: Goober\n|-boost|p1a: Goober|atk|2\n|\n|-weather|Snow|[upkeep]\n|upkeep\n|turn|4\n|\n|t:|1700532671\n|move|p1a: Goober|Poltergeist|p2a: Fishy\n|-activate|p2a: Fishy|move: Poltergeist|Heavy-Duty Boots\n|-damage|p2a: Fishy|22\/100\n|move|p2a: Fishy|Flip Turn|p1a: Goober\n|-supereffective|p1a: Goober\n|-damage|p1a: Goober|64\/100\n|-ability|p1a: Goober|Weak Armor|boost\n|-unboost|p1a: Goober|def|1\n|-boost|p1a: Goober|spe|2\n|\n|t:|1700532681\n|switch|p2a: Ursa Major|Ursaluna, M|100\/100|[from] Flip Turn\n|\n|-weather|Snow|[upkeep]\n|-status|p2a: Ursa Major|brn|[from] item: Flame Orb\n|upkeep\n|turn|5\n|\n|t:|1700532689\n|move|p1a: Goober|Bitter Blade|p2a: Ursa Major\n|-damage|p2a: Ursa Major|31\/100 brn\n|-heal|p1a: Goober|100\/100|[from] drain|[of] p2a: Ursa Major\n|move|p2a: Ursa Major|Headlong Rush|p1a: Goober\n|-supereffective|p1a: Goober\n|-enditem|p1a: Goober|Focus Sash\n|-damage|p1a: Goober|1\/100\n|-unboost|p2a: Ursa Major|def|1\n|-unboost|p2a: Ursa Major|spd|1\n|-ability|p1a: Goober|Weak Armor|boost\n|-unboost|p1a: Goober|def|1\n|-boost|p1a: Goober|spe|2\n|\n|-weather|none\n|-damage|p2a: Ursa Major|25\/100 brn|[from] brn\n|upkeep\n|turn|6\n|\n|t:|1700532708\n|switch|p2a: Fishy|Alomomola, M|55\/100\n|move|p1a: Goober|Bitter Blade|p2a: Fishy\n|-resisted|p2a: Fishy\n|-damage|p2a: Fishy|24\/100\n|-heal|p1a: Goober|26\/100|[from] drain|[of] p2a: Fishy\n|\n|upkeep\n|turn|7\n|\n|t:|1700532718\n|switch|p2a: Ursa Major|Ursaluna, M|25\/100 brn\n|move|p1a: Goober|Poltergeist|p2a: Ursa Major\n|-immune|p2a: Ursa Major\n|\n|-damage|p2a: Ursa Major|19\/100 brn|[from] brn\n|upkeep\n|turn|8\n|\n|t:|1700532722\n|move|p1a: Goober|Bitter Blade|p2a: Ursa Major\n|-damage|p2a: Ursa Major|0 fnt\n|-heal|p1a: Goober|39\/100|[from] drain|[of] p2a: Ursa Major\n|faint|p2a: Ursa Major\n|\n|-sideend|p1: Spider-Saiyan|move: Aurora Veil\n|upkeep\n|\n|t:|1700532732\n|switch|p2a: Vulture|Mandibuzz, F|100\/100\n|turn|9\n|\n|t:|1700532736\n|move|p1a: Goober|Destiny Bond|p1a: Goober\n|-singlemove|p1a: Goober|Destiny Bond\n|move|p2a: Vulture|Foul Play|p1a: Goober\n|-supereffective|p1a: Goober\n|-damage|p1a: Goober|0 fnt\n|faint|p1a: Goober\n|-activate|p1a: Goober|move: Destiny Bond\n|faint|p2a: Vulture\n|\n|upkeep\n|j| oracio7420\n|\n|t:|1700532763\n|switch|p1a: Fair & Balanced|Ogerpon-Wellspring, F|100\/100\n|switch|p2a: Fishy|Alomomola, M|58\/100\n|turn|10\n|\n|t:|1700532773\n|switch|p2a: Shh\u2026|Amoonguss, F|100\/100\n|move|p1a: Fair & Balanced|Horn Leech|p2a: Shh\u2026\n|-resisted|p2a: Shh\u2026\n|-damage|p2a: Shh\u2026|93\/100\n|\n|upkeep\n|turn|11\n|inactive|Spider-Saiyan has 120 seconds left.\n|\n|t:|1700532791\n|switch|p1a: Catholic Family|Maushold|100\/100\n|switch|p2a: Treble|Clefable, F|100\/100\n|\n|upkeep\n|turn|12\n|inactive|Spider-Saiyan has 120 seconds left.\n|\n|t:|1700532801\n|switch|p2a: Enrique|Skeledirge, M|100\/100\n|move|p1a: Catholic Family|Population Bomb|p2a: Enrique\n|-immune|p2a: Enrique\n|\n|upkeep\n|turn|13\n|\n|t:|1700532806\n|move|p1a: Catholic Family|Bite|p2a: Enrique\n|-supereffective|p2a: Enrique\n|-damage|p2a: Enrique|66\/100\n|cant|p2a: Enrique|flinch\n|\n|upkeep\n|turn|14\n|\n|t:|1700532822\n|move|p1a: Catholic Family|Bite|p2a: Enrique\n|-supereffective|p2a: Enrique\n|-damage|p2a: Enrique|28\/100\n|move|p2a: Enrique|Will-O-Wisp|p1a: Catholic Family\n|-status|p1a: Catholic Family|brn\n|\n|-damage|p1a: Catholic Family|94\/100 brn|[from] brn\n|upkeep\n|turn|15\n|\n|t:|1700532827\n|move|p1a: Catholic Family|Encore|p2a: Enrique\n|-start|p2a: Enrique|Encore\n|move|p2a: Enrique|Will-O-Wisp|p1a: Catholic Family\n|-fail|p1a: Catholic Family|brn\n|\n|-damage|p1a: Catholic Family|88\/100 brn|[from] brn\n|upkeep\n|turn|16\n|inactive|Spider-Saiyan has 120 seconds left.\n|\n|t:|1700532858\n|switch|p1a: Spageeto|Iron Moth|100\/100\n|-enditem|p1a: Spageeto|Booster Energy\n|-activate|p1a: Spageeto|ability: Quark Drive|[fromitem]\n|-start|p1a: Spageeto|quarkdrivespe\n|switch|p2a: Treble|Clefable, F|100\/100\n|\n|upkeep\n|turn|17\n|inactive|Spider-Saiyan has 120 seconds left.\n|\n|t:|1700532871\n|-terastallize|p2a: Treble|Water\n|move|p1a: Spageeto|Substitute|p1a: Spageeto\n|-start|p1a: Spageeto|Substitute\n|-damage|p1a: Spageeto|76\/100\n|move|p2a: Treble|Wish|p2a: Treble\n|\n|upkeep\n|turn|18\n|inactive|Spider-Saiyan has 120 seconds left.\n|\n|t:|1700532897\n|switch|p2a: Enrique|Skeledirge, M|28\/100\n|-terastallize|p1a: Spageeto|Ground\n|move|p1a: Spageeto|Tera Blast|p2a: Enrique|[anim] Tera Blast Ground\n|-supereffective|p2a: Enrique\n|-damage|p2a: Enrique|0 fnt\n|faint|p2a: Enrique\n|\n|upkeep\n|\n|t:|1700532904\n|switch|p2a: Fishy|Alomomola, M|91\/100\n|turn|19\n|\n|t:|1700532922\n|move|p1a: Spageeto|Fiery Dance|p2a: Fishy\n|-resisted|p2a: Fishy\n|-damage|p2a: Fishy|73\/100\n|-boost|p1a: Spageeto|spa|1\n|move|p2a: Fishy|Flip Turn|p1a: Spageeto\n|-supereffective|p1a: Spageeto\n|-end|p1a: Spageeto|Substitute\n|\n|t:|1700532928\n|switch|p2a: Treble|Clefable, F, tera:Water|100\/100|[from] Flip Turn\n|\n|upkeep\n|turn|20\n|\n|t:|1700532937\n|move|p1a: Spageeto|Sludge Wave|p2a: Treble\n|-damage|p2a: Treble|52\/100\n|move|p2a: Treble|Wish|p2a: Treble\n|\n|upkeep\n|turn|21\n|\n|t:|1700532948\n|move|p1a: Spageeto|Sludge Wave|p2a: Treble\n|-damage|p2a: Treble|7\/100\n|move|p2a: Treble|Moonlight|p2a: Treble\n|-heal|p2a: Treble|57\/100\n|\n|-heal|p2a: Treble|100\/100|[from] move: Wish|[wisher] Treble\n|upkeep\n|turn|22\n|inactive|Spider-Saiyan has 120 seconds left.\n|\n|t:|1700532962\n|move|p1a: Spageeto|Sludge Wave|p2a: Treble\n|-damage|p2a: Treble|55\/100\n|move|p2a: Treble|Moonblast|p1a: Spageeto\n|-damage|p1a: Spageeto|44\/100\n|-unboost|p1a: Spageeto|spa|1\n|\n|upkeep\n|turn|23\n|inactive|Spider-Saiyan has 120 seconds left.\n|\n|t:|1700532971\n|switch|p2a: Fishy|Alomomola, M|100\/100\n|move|p1a: Spageeto|Sludge Wave|p2a: Fishy\n|-damage|p2a: Fishy|63\/100\n|\n|upkeep\n|turn|24\n|inactive|Spider-Saiyan has 120 seconds left.\n|\n|t:|1700532983\n|-end|p1a: Spageeto|Quark Drive|[silent]\n|switch|p1a: Fair & Balanced|Ogerpon-Wellspring, F|100\/100\n|move|p2a: Fishy|Wish|p2a: Fishy\n|\n|upkeep\n|turn|25\n|\n|t:|1700532991\n|switch|p2a: Shh\u2026|Amoonguss, F|100\/100\n|move|p1a: Fair & Balanced|Knock Off|p2a: Shh\u2026\n|-damage|p2a: Shh\u2026|72\/100\n|-enditem|p2a: Shh\u2026|Heavy-Duty Boots|[from] move: Knock Off|[of] p1a: Fair & Balanced\n|\n|-heal|p2a: Shh\u2026|100\/100|[from] move: Wish|[wisher] Fishy\n|upkeep\n|turn|26\n|\n|t:|1700533003\n|switch|p1a: Catholic Family|Maushold|88\/100 brn\n|switch|p2a: Treble|Clefable, F, tera:Water|55\/100\n|\n|-damage|p1a: Catholic Family|82\/100 brn|[from] brn\n|upkeep\n|turn|27\n|\n|t:|1700533013\n|move|p1a: Catholic Family|Population Bomb|p2a: Treble\n|-damage|p2a: Treble|51\/100\n|-damage|p2a: Treble|46\/100\n|-damage|p2a: Treble|42\/100\n|-crit|p2a: Treble\n|-damage|p2a: Treble|36\/100\n|-damage|p2a: Treble|31\/100\n|-crit|p2a: Treble\n|-damage|p2a: Treble|24\/100\n|-damage|p2a: Treble|20\/100\n|-damage|p2a: Treble|15\/100\n|-damage|p2a: Treble|11\/100\n|-damage|p2a: Treble|6\/100\n|-hitcount|p2a: Treble|10\n|move|p2a: Treble|Moonlight|p2a: Treble\n|-heal|p2a: Treble|56\/100\n|\n|-damage|p1a: Catholic Family|76\/100 brn|[from] brn\n|upkeep\n|turn|28\n|inactive|Spider-Saiyan has 120 seconds left.\n|\n|t:|1700533033\n|move|p1a: Catholic Family|Population Bomb|p2a: Treble\n|-damage|p2a: Treble|51\/100\n|-damage|p2a: Treble|46\/100\n|-damage|p2a: Treble|41\/100\n|-damage|p2a: Treble|37\/100\n|-damage|p2a: Treble|33\/100\n|-damage|p2a: Treble|28\/100\n|-damage|p2a: Treble|24\/100\n|-damage|p2a: Treble|20\/100\n|-damage|p2a: Treble|15\/100\n|-damage|p2a: Treble|10\/100\n|-hitcount|p2a: Treble|10\n|move|p2a: Treble|Moonlight|p2a: Treble\n|-heal|p2a: Treble|60\/100\n|\n|-damage|p1a: Catholic Family|69\/100 brn|[from] brn\n|upkeep\n|turn|29\n|inactive|Spider-Saiyan has 120 seconds left.\n|\n|t:|1700533051\n|move|p1a: Catholic Family|Encore|p2a: Treble\n|-start|p2a: Treble|Encore\n|move|p2a: Treble|Moonlight|p2a: Treble\n|-heal|p2a: Treble|100\/100\n|\n|-damage|p1a: Catholic Family|63\/100 brn|[from] brn\n|upkeep\n|turn|30\n|\n|t:|1700533054\n|switch|p2a: Fishy|Alomomola, M|96\/100\n|move|p1a: Catholic Family|Population Bomb|p2a: Fishy\n|-damage|p2a: Fishy|92\/100\n|-damage|p2a: Fishy|89\/100\n|-crit|p2a: Fishy\n|-damage|p2a: Fishy|83\/100\n|-damage|p2a: Fishy|79\/100\n|-damage|p2a: Fishy|75\/100\n|-damage|p2a: Fishy|72\/100\n|-damage|p2a: Fishy|68\/100\n|-hitcount|p2a: Fishy|7\n|\n|-damage|p1a: Catholic Family|57\/100 brn|[from] brn\n|upkeep\n|turn|31\n|inactive|Spider-Saiyan has 120 seconds left.\n|\n|t:|1700533097\n|switch|p2a: Shh\u2026|Amoonguss, F|100\/100\n|move|p1a: Catholic Family|Tidy Up|p1a: Catholic Family\n|-boost|p1a: Catholic Family|atk|1\n|-boost|p1a: Catholic Family|spe|1\n|\n|-damage|p1a: Catholic Family|51\/100 brn|[from] brn\n|upkeep\n|turn|32\n|\n|t:|1700533107\n|move|p1a: Catholic Family|Population Bomb|p2a: Shh\u2026\n|-damage|p2a: Shh\u2026|94\/100\n|-damage|p2a: Shh\u2026|89\/100\n|-damage|p2a: Shh\u2026|83\/100\n|-damage|p2a: Shh\u2026|77\/100\n|-damage|p2a: Shh\u2026|71\/100\n|-damage|p2a: Shh\u2026|65\/100\n|-damage|p2a: Shh\u2026|59\/100\n|-crit|p2a: Shh\u2026\n|-damage|p2a: Shh\u2026|51\/100\n|-damage|p2a: Shh\u2026|45\/100\n|-damage|p2a: Shh\u2026|40\/100\n|-hitcount|p2a: Shh\u2026|10\n|move|p2a: Shh\u2026|Foul Play|p1a: Catholic Family\n|-damage|p1a: Catholic Family|0 fnt\n|faint|p1a: Catholic Family\n|\n|upkeep\n|inactive|Spider-Saiyan has 90 seconds left.\n|inactive|Spider-Saiyan has 60 seconds left.\n|\n|t:|1700533154\n|switch|p1a: Borealis|Ninetales-Alola, F, shiny|63\/100\n|-weather|Snow|[from] ability: Snow Warning|[of] p1a: Borealis\n|turn|33\n|\n|t:|1700533165\n|switch|p2a: Fishy|Alomomola, M|100\/100\n|move|p1a: Borealis|Freeze-Dry|p2a: Fishy\n|-supereffective|p2a: Fishy\n|-damage|p2a: Fishy|55\/100\n|-status|p2a: Fishy|frz\n|\n|-weather|Snow|[upkeep]\n|upkeep\n|turn|34\n|\n|t:|1700533175\n|move|p1a: Borealis|Freeze-Dry|p2a: Fishy\n|-supereffective|p2a: Fishy\n|-damage|p2a: Fishy|15\/100 frz\n|-curestatus|p2a: Fishy|frz|[from] move: Scald\n|move|p2a: Fishy|Scald|p1a: Borealis\n|-damage|p1a: Borealis|46\/100\n|-status|p1a: Borealis|brn\n|\n|-weather|Snow|[upkeep]\n|-damage|p1a: Borealis|41\/100 brn|[from] brn\n|upkeep\n|turn|35\n|\n|t:|1700533187\n|switch|p2a: Treble|Clefable, F, tera:Water|100\/100\n|move|p1a: Borealis|Freeze-Dry|p2a: Treble\n|-supereffective|p2a: Treble\n|-damage|p2a: Treble|48\/100\n|\n|-weather|Snow|[upkeep]\n|-damage|p1a: Borealis|35\/100 brn|[from] brn\n|upkeep\n|turn|36\n|-message|abcde76543 forfeited.\n|\n|win|Spider-Saiyan\n|raw|Spider-Saiyan's rating: 1627 &rarr; <strong>1646<\/strong><br \/>(+19 for winning)\n|raw|abcde76543's rating: 1601 &rarr; <strong>1582<\/strong><br \/>(-19 for losing)\n|l|\u2606abcde76543\n|c|\u2606Spider-Saiyan|gg\n","uploadtime":1700533210,"views":7,"p1id":"spidersaiyan","p2id":"abcde76543","formatid":"gen9ou","rating":1582,"private":0,"password":""}