{"id":"gen9ou-1994447413","p1":"Po\u2019 Boi","p2":"Mr.X&Y97","format":"[Gen 9] OU","log":"|j|\u2606Po\u2019 Boi\n|j|\u2606Mr.X&Y97\n|t:|1700444994\n|gametype|singles\n|player|p1|Po\u2019 Boi|policeman-gen4|1637\n|player|p2|Mr.X&Y97|ingo|1538\n|teamsize|p1|6\n|teamsize|p2|6\n|gen|9\n|tier|[Gen 9] OU\n|rated|\n|rule|Sleep Clause Mod: Limit one foe put to sleep\n|rule|Species Clause: Limit one of each Pok\u00e9mon\n|rule|OHKO Clause: OHKO moves are banned\n|rule|Evasion Items Clause: Evasion items are banned\n|rule|Evasion Moves Clause: Evasion moves are banned\n|rule|Endless Battle Clause: Forcing endless battles is banned\n|rule|HP Percentage Mod: HP is shown in percentages\n|clearpoke\n|poke|p1|Slowking-Galar, F|\n|poke|p1|Manaphy|\n|poke|p1|Corviknight, M|\n|poke|p1|Cetitan, M|\n|poke|p1|Dragapult, M|\n|poke|p1|Zamazenta-*|\n|poke|p2|Ogerpon-Cornerstone, F|\n|poke|p2|Weavile, F|\n|poke|p2|Dragapult, F|\n|poke|p2|Mandibuzz, F|\n|poke|p2|Glimmora, M|\n|poke|p2|Garchomp, F|\n|teampreview\n|inactive|Battle timer is ON: inactive players will automatically lose when time's up. (requested by Mr.X&Y97)\n|inactive|Po\u2019 Boi also wants the timer to be on.\n|\n|t:|1700445008\n|start\n|switch|p1a: Dragapult|Dragapult, M, shiny|100\/100\n|switch|p2a: Glimmora|Glimmora, M|100\/100\n|turn|1\n|\n|t:|1700445017\n|move|p1a: Dragapult|Shadow Ball|p2a: Glimmora\n|-damage|p2a: Glimmora|28\/100\n|move|p2a: Glimmora|Stealth Rock|p1a: Dragapult\n|-sidestart|p1: Po\u2019 Boi|move: Stealth Rock\n|\n|upkeep\n|turn|2\n|\n|t:|1700445024\n|move|p1a: Dragapult|Shadow Ball|p2a: Glimmora\n|-damage|p2a: Glimmora|0 fnt\n|faint|p2a: Glimmora\n|\n|upkeep\n|inactive|Mr.X&Y97 has 120 seconds left.\n|\n|t:|1700445065\n|switch|p2a: Garchomp|Garchomp, F|100\/100\n|turn|3\n|\n|t:|1700445082\n|switch|p1a: Corviknight|Corviknight, M, shiny|100\/100\n|-damage|p1a: Corviknight|88\/100|[from] Stealth Rock\n|-ability|p1a: Corviknight|Pressure\n|move|p2a: Garchomp|Scale Shot|p1a: Corviknight\n|-resisted|p1a: Corviknight\n|-damage|p1a: Corviknight|83\/100\n|-resisted|p1a: Corviknight\n|-damage|p1a: Corviknight|80\/100\n|-hitcount|p1a: Corviknight|2\n|-unboost|p2a: Garchomp|def|1\n|-boost|p2a: Garchomp|spe|1\n|\n|upkeep\n|turn|4\n|\n|t:|1700445095\n|move|p2a: Garchomp|Substitute|p2a: Garchomp\n|-start|p2a: Garchomp|Substitute\n|-damage|p2a: Garchomp|76\/100\n|move|p1a: Corviknight|Brave Bird|p2a: Garchomp\n|-end|p2a: Garchomp|Substitute\n|-damage|p1a: Corviknight|72\/100|[from] Recoil|[of] p2a: Garchomp\n|\n|upkeep\n|turn|5\n|\n|t:|1700445104\n|switch|p2a: Mandibuzz|Mandibuzz, F|100\/100\n|move|p1a: Corviknight|Brave Bird|p2a: Mandibuzz\n|-damage|p2a: Mandibuzz|81\/100\n|-damage|p1a: Corviknight|66\/100|[from] Recoil\n|\n|upkeep\n|turn|6\n|\n|t:|1700445112\n|move|p2a: Mandibuzz|U-turn|p1a: Corviknight\n|-resisted|p1a: Corviknight\n|-damage|p1a: Corviknight|64\/100\n|-damage|p2a: Mandibuzz|65\/100|[from] item: Rocky Helmet|[of] p1a: Corviknight\n|inactive|Mr.X&Y97 has 120 seconds left.\n|\n|t:|1700445126\n|switch|p2a: Garchomp|Garchomp, F|76\/100|[from] U-turn\n|move|p1a: Corviknight|Defog|p2a: Garchomp\n|-unboost|p2a: Garchomp|evasion|1\n|-sideend|p1: Po\u2019 Boi|Stealth Rock|[from] move: Defog|[of] p1a: Corviknight\n|\n|upkeep\n|turn|7\n|\n|t:|1700445135\n|move|p2a: Garchomp|Swords Dance|p2a: Garchomp\n|-boost|p2a: Garchomp|atk|2\n|move|p1a: Corviknight|U-turn|p2a: Garchomp\n|-damage|p2a: Garchomp|62\/100\n|-damage|p1a: Corviknight|51\/100|[from] ability: Rough Skin|[of] p2a: Garchomp\n|\n|t:|1700445143\n|switch|p1a: Zamazenta|Zamazenta, shiny|100\/100|[from] U-turn\n|-ability|p1a: Zamazenta|Dauntless Shield|boost\n|-boost|p1a: Zamazenta|def|1\n|\n|upkeep\n|turn|8\n|\n|t:|1700445152\n|move|p1a: Zamazenta|Close Combat|p2a: Garchomp\n|-damage|p2a: Garchomp|0 fnt\n|-unboost|p1a: Zamazenta|def|1\n|-unboost|p1a: Zamazenta|spd|1\n|-damage|p1a: Zamazenta|88\/100|[from] ability: Rough Skin|[of] p2a: Garchomp\n|faint|p2a: Garchomp\n|\n|upkeep\n|\n|t:|1700445167\n|switch|p2a: Dragapult|Dragapult, F|100\/100\n|turn|9\n|\n|t:|1700445174\n|switch|p1a: Corviknight|Corviknight, M, shiny|51\/100\n|-ability|p1a: Corviknight|Pressure\n|move|p2a: Dragapult|U-turn|p1a: Corviknight\n|-resisted|p1a: Corviknight\n|-crit|p1a: Corviknight\n|-damage|p1a: Corviknight|47\/100\n|-damage|p2a: Dragapult|84\/100|[from] item: Rocky Helmet|[of] p1a: Corviknight\n|\n|t:|1700445180\n|switch|p2a: Weavile|Weavile, F|100\/100|[from] U-turn\n|-ability|p2a: Weavile|Pressure\n|\n|upkeep\n|turn|10\n|\n|t:|1700445187\n|move|p2a: Weavile|Knock Off|p1a: Corviknight\n|-damage|p1a: Corviknight|1\/100\n|-damage|p2a: Weavile|84\/100|[from] item: Rocky Helmet|[of] p1a: Corviknight\n|-enditem|p1a: Corviknight|Rocky Helmet|[from] move: Knock Off|[of] p2a: Weavile\n|move|p1a: Corviknight|U-turn|p2a: Weavile\n|-supereffective|p2a: Weavile\n|-damage|p2a: Weavile|35\/100\n|\n|t:|1700445200\n|switch|p1a: Zamazenta|Zamazenta, shiny|88\/100|[from] U-turn\n|\n|upkeep\n|turn|11\n|\n|t:|1700445211\n|switch|p2a: Mandibuzz|Mandibuzz, F|65\/100\n|move|p1a: Zamazenta|Crunch|p2a: Mandibuzz\n|-resisted|p2a: Mandibuzz\n|-damage|p2a: Mandibuzz|54\/100\n|\n|upkeep\n|turn|12\n|\n|t:|1700445219\n|switch|p1a: Corviknight|Corviknight, M, shiny|1\/100\n|-ability|p1a: Corviknight|Pressure\n|move|p2a: Mandibuzz|Roost|p2a: Mandibuzz\n|-heal|p2a: Mandibuzz|100\/100\n|-singleturn|p2a: Mandibuzz|move: Roost\n|\n|upkeep\n|turn|13\n|\n|t:|1700445228\n|move|p2a: Mandibuzz|U-turn|p1a: Corviknight\n|-resisted|p1a: Corviknight\n|-damage|p1a: Corviknight|0 fnt\n|faint|p1a: Corviknight\n|\n|t:|1700445256\n|switch|p2a: Ogerpon|Ogerpon-Cornerstone, F|100\/100|[from] U-turn\n|\n|upkeep\n|\n|t:|1700445262\n|switch|p1a: Dragapult|Dragapult, M, shiny|100\/100\n|turn|14\n|\n|t:|1700445266\n|move|p1a: Dragapult|U-turn|p2a: Ogerpon\n|-supereffective|p2a: Ogerpon\n|-damage|p2a: Ogerpon|56\/100\n|\n|t:|1700445272\n|switch|p1a: Zamazenta|Zamazenta, shiny|88\/100|[from] U-turn\n|move|p2a: Ogerpon|Ivy Cudgel|p1a: Zamazenta|[anim] Ivy Cudgel Rock\n|-resisted|p1a: Zamazenta\n|-damage|p1a: Zamazenta|61\/100\n|\n|upkeep\n|turn|15\n|\n|t:|1700445286\n|switch|p2a: Mandibuzz|Mandibuzz, F|100\/100\n|move|p1a: Zamazenta|Heavy Slam|p2a: Mandibuzz\n|-damage|p2a: Mandibuzz|66\/100\n|\n|upkeep\n|turn|16\n|\n|t:|1700445294\n|switch|p1a: Slowking|Slowking-Galar, F, shiny|100\/100\n|move|p2a: Mandibuzz|Roost|p2a: Mandibuzz\n|-heal|p2a: Mandibuzz|100\/100\n|-singleturn|p2a: Mandibuzz|move: Roost\n|\n|upkeep\n|turn|17\n|\n|t:|1700445302\n|move|p2a: Mandibuzz|Foul Play|p1a: Slowking\n|-supereffective|p1a: Slowking\n|-damage|p1a: Slowking|74\/100\n|move|p1a: Slowking|Yawn|p2a: Mandibuzz\n|-start|p2a: Mandibuzz|move: Yawn|[of] p1a: Slowking\n|\n|upkeep\n|turn|18\n|\n|t:|1700445311\n|move|p2a: Mandibuzz|U-turn|p1a: Slowking\n|-damage|p1a: Slowking|64\/100\n|\n|t:|1700445317\n|switch|p2a: Dragapult|Dragapult, F|84\/100|[from] U-turn\n|move|p1a: Slowking|Chilly Reception|p1a: Slowking\n|-weather|Snow\n|\n|t:|1700445333\n|switch|p1a: Manaphy|Manaphy|100\/100|[from] Chilly Reception\n|\n|-weather|Snow|[upkeep]\n|upkeep\n|turn|19\n|\n|t:|1700445343\n|move|p2a: Dragapult|Thunderbolt|p1a: Manaphy\n|-supereffective|p1a: Manaphy\n|-damage|p1a: Manaphy|37\/100\n|move|p1a: Manaphy|Scald|p2a: Dragapult\n|-resisted|p2a: Dragapult\n|-damage|p2a: Dragapult|66\/100\n|-status|p2a: Dragapult|brn\n|\n|-weather|Snow|[upkeep]\n|-heal|p1a: Manaphy|43\/100|[from] item: Leftovers\n|-damage|p2a: Dragapult|60\/100 brn|[from] brn\n|upkeep\n|turn|20\n|\n|t:|1700445355\n|move|p2a: Dragapult|Thunderbolt|p1a: Manaphy\n|-supereffective|p1a: Manaphy\n|-crit|p1a: Manaphy\n|-damage|p1a: Manaphy|0 fnt\n|faint|p1a: Manaphy\n|\n|-weather|Snow|[upkeep]\n|-damage|p2a: Dragapult|54\/100 brn|[from] brn\n|upkeep\n|\n|t:|1700445370\n|switch|p1a: Slowking|Slowking-Galar, F, shiny|98\/100\n|turn|21\n|\n|t:|1700445381\n|switch|p2a: Mandibuzz|Mandibuzz, F|100\/100\n|move|p1a: Slowking|Sludge Bomb|p2a: Mandibuzz\n|-damage|p2a: Mandibuzz|73\/100\n|\n|-weather|Snow|[upkeep]\n|upkeep\n|turn|22\n|\n|t:|1700445398\n|-terastallize|p2a: Mandibuzz|Poison\n|move|p2a: Mandibuzz|Roost|p2a: Mandibuzz\n|-heal|p2a: Mandibuzz|100\/100\n|move|p1a: Slowking|Sludge Bomb|p2a: Mandibuzz\n|-resisted|p2a: Mandibuzz\n|-damage|p2a: Mandibuzz|87\/100\n|\n|-weather|Snow|[upkeep]\n|upkeep\n|turn|23\n|\n|t:|1700445408\n|move|p2a: Mandibuzz|Foul Play|p1a: Slowking\n|-supereffective|p1a: Slowking\n|-damage|p1a: Slowking|70\/100\n|move|p1a: Slowking|Future Sight|p2a: Mandibuzz\n|-start|p1a: Slowking|move: Future Sight\n|\n|-weather|Snow|[upkeep]\n|upkeep\n|turn|24\n|\n|t:|1700445415\n|move|p2a: Mandibuzz|Foul Play|p1a: Slowking\n|-supereffective|p1a: Slowking\n|-damage|p1a: Slowking|45\/100\n|move|p1a: Slowking|Chilly Reception|p1a: Slowking\n|\n|t:|1700445431\n|switch|p1a: Cetitan|Cetitan, M, shiny|100\/100|[from] Chilly Reception\n|\n|-weather|Snow|[upkeep]\n|upkeep\n|turn|25\n|\n|t:|1700445444\n|move|p1a: Cetitan|Earthquake|p2a: Mandibuzz\n|-supereffective|p2a: Mandibuzz\n|-damage|p2a: Mandibuzz|46\/100\n|move|p2a: Mandibuzz|U-turn|p1a: Cetitan\n|-damage|p1a: Cetitan|93\/100\n|\n|t:|1700445451\n|switch|p2a: Weavile|Weavile, F|35\/100|[from] U-turn\n|-ability|p2a: Weavile|Pressure\n|\n|-weather|none\n|-end|p2a: Weavile|move: Future Sight\n|-immune|p2a: Weavile\n|upkeep\n|turn|26\n|\n|t:|1700445470\n|switch|p1a: Zamazenta|Zamazenta, shiny|61\/100\n|move|p2a: Weavile|Knock Off|p1a: Zamazenta\n|-resisted|p1a: Zamazenta\n|-damage|p1a: Zamazenta|26\/100\n|-enditem|p1a: Zamazenta|Choice Band|[from] move: Knock Off|[of] p2a: Weavile\n|\n|upkeep\n|turn|27\n|\n|t:|1700445497\n|switch|p2a: Mandibuzz|Mandibuzz, F, tera:Poison|46\/100\n|move|p1a: Zamazenta|Close Combat|p2a: Mandibuzz\n|-resisted|p2a: Mandibuzz\n|-damage|p2a: Mandibuzz|30\/100\n|-unboost|p1a: Zamazenta|def|1\n|-unboost|p1a: Zamazenta|spd|1\n|\n|upkeep\n|turn|28\n|\n|t:|1700445513\n|move|p1a: Zamazenta|Heavy Slam|p2a: Mandibuzz\n|-damage|p2a: Mandibuzz|8\/100\n|move|p2a: Mandibuzz|Roost|p2a: Mandibuzz\n|-heal|p2a: Mandibuzz|58\/100\n|\n|upkeep\n|turn|29\n|\n|t:|1700445522\n|switch|p1a: Slowking|Slowking-Galar, F, shiny|78\/100\n|move|p2a: Mandibuzz|Foul Play|p1a: Slowking\n|-supereffective|p1a: Slowking\n|-damage|p1a: Slowking|53\/100\n|\n|upkeep\n|turn|30\n|\n|t:|1700445531\n|move|p2a: Mandibuzz|Roost|p2a: Mandibuzz\n|-heal|p2a: Mandibuzz|100\/100\n|move|p1a: Slowking|Chilly Reception|p1a: Slowking\n|-weather|Snow\n|\n|t:|1700445537\n|switch|p1a: Cetitan|Cetitan, M, shiny|93\/100|[from] Chilly Reception\n|\n|-weather|Snow|[upkeep]\n|upkeep\n|turn|31\n|\n|t:|1700445566\n|move|p1a: Cetitan|Belly Drum|p1a: Cetitan\n|-damage|p1a: Cetitan|43\/100\n|-setboost|p1a: Cetitan|atk|6|[from] move: Belly Drum\n|-enditem|p1a: Cetitan|Sitrus Berry|[eat]\n|-heal|p1a: Cetitan|68\/100|[from] item: Sitrus Berry\n|move|p2a: Mandibuzz|Foul Play|p1a: Cetitan\n|-damage|p1a: Cetitan|0 fnt\n|faint|p1a: Cetitan\n|\n|-weather|Snow|[upkeep]\n|upkeep\n|-message|Po\u2019 Boi forfeited.\n|\n|win|Mr.X&Y97\n|raw|Po\u2019 Boi's rating: 1637 &rarr; <strong>1611<\/strong><br \/>(-26 for losing)\n|raw|Mr.X&amp;Y97's rating: 1538 &rarr; <strong>1564<\/strong><br \/>(+26 for winning)\n|l|\u2606Po\u2019 Boi\n|c|\u2606Mr.X&Y97|Ggs wp!\n","uploadtime":1700445590,"views":21,"p1id":"poboi","p2id":"mrxy97","formatid":"gen9ou","rating":1564,"private":0,"password":""}