{"id":"gen9ou-1991369494","p1":"coco2stapo","p2":"SDK04","format":"[Gen 9] OU","log":"|j|\u2606coco2stapo\n|j|\u2606SDK04\n|t:|1700071406\n|gametype|singles\n|player|p1|coco2stapo|cynthia-gen4|1599\n|player|p2|SDK04|unknown|1621\n|teamsize|p1|6\n|teamsize|p2|6\n|gen|9\n|tier|[Gen 9] OU\n|rated|\n|rule|Sleep Clause Mod: Limit one foe put to sleep\n|rule|Species Clause: Limit one of each Pok\u00e9mon\n|rule|OHKO Clause: OHKO moves are banned\n|rule|Evasion Items Clause: Evasion items are banned\n|rule|Evasion Moves Clause: Evasion moves are banned\n|rule|Endless Battle Clause: Forcing endless battles is banned\n|rule|HP Percentage Mod: HP is shown in percentages\n|clearpoke\n|poke|p1|Glimmora, F|\n|poke|p1|Gholdengo|\n|poke|p1|Ogerpon-Wellspring, F|\n|poke|p1|Kingambit, F|\n|poke|p1|Iron Moth|\n|poke|p1|Enamorus, F|\n|poke|p2|Ninetales-Alola, M|\n|poke|p2|Ogerpon-Wellspring, F|\n|poke|p2|Mew|\n|poke|p2|Kingambit, M|\n|poke|p2|Gholdengo|\n|poke|p2|Salamence, M|\n|teampreview\n|inactive|Battle timer is ON: inactive players will automatically lose when time's up. (requested by SDK04)\n|\n|t:|1700071432\n|start\n|switch|p1a: Glimmora|Glimmora, F|100\/100\n|switch|p2a: cool window|Ninetales-Alola, M|100\/100\n|-weather|Snow|[from] ability: Snow Warning|[of] p2a: cool window\n|turn|1\n|\n|t:|1700071441\n|move|p2a: cool window|Aurora Veil|p2a: cool window\n|-sidestart|p2: SDK04|move: Aurora Veil\n|move|p1a: Glimmora|Stealth Rock|p2a: cool window\n|-sidestart|p2: SDK04|move: Stealth Rock\n|\n|-weather|Snow|[upkeep]\n|upkeep\n|turn|2\n|\n|t:|1700071446\n|move|p2a: cool window|Encore|p1a: Glimmora\n|-start|p1a: Glimmora|Encore\n|move|p1a: Glimmora|Stealth Rock||[still]\n|-fail|p1a: Glimmora\n|\n|-weather|Snow|[upkeep]\n|upkeep\n|turn|3\n|inactive|coco2stapo has 120 seconds left.\n|\n|t:|1700071491\n|switch|p2a: Cheese Demon|Mew|100\/100\n|-damage|p2a: Cheese Demon|88\/100|[from] Stealth Rock\n|switch|p1a: Iron Moth|Iron Moth|100\/100\n|-enditem|p1a: Iron Moth|Booster Energy\n|-activate|p1a: Iron Moth|ability: Quark Drive|[fromitem]\n|-start|p1a: Iron Moth|quarkdrivespe\n|\n|-weather|Snow|[upkeep]\n|-heal|p2a: Cheese Demon|94\/100|[from] item: Leftovers\n|upkeep\n|turn|4\n|\n|t:|1700071502\n|-end|p1a: Iron Moth|Quark Drive|[silent]\n|switch|p1a: Glimmora|Glimmora, F|100\/100\n|move|p2a: Cheese Demon|Agility|p2a: Cheese Demon\n|-boost|p2a: Cheese Demon|spe|2\n|\n|-weather|Snow|[upkeep]\n|-heal|p2a: Cheese Demon|100\/100|[from] item: Leftovers\n|upkeep\n|turn|5\n|\n|t:|1700071508\n|move|p2a: Cheese Demon|Calm Mind|p2a: Cheese Demon\n|-boost|p2a: Cheese Demon|spa|1\n|-boost|p2a: Cheese Demon|spd|1\n|move|p1a: Glimmora|Mortal Spin|p2a: Cheese Demon\n|-damage|p2a: Cheese Demon|98\/100\n|-status|p2a: Cheese Demon|psn\n|-activate|p2a: Cheese Demon|ability: Synchronize\n|-immune|p1a: Glimmora\n|\n|-weather|none\n|-heal|p2a: Cheese Demon|100\/100 psn|[from] item: Leftovers\n|-damage|p2a: Cheese Demon|88\/100 psn|[from] psn\n|upkeep\n|turn|6\n|inactive|coco2stapo has 120 seconds left.\n|\n|t:|1700071517\n|move|p2a: Cheese Demon|Calm Mind|p2a: Cheese Demon\n|-boost|p2a: Cheese Demon|spa|1\n|-boost|p2a: Cheese Demon|spd|1\n|move|p1a: Glimmora|Power Gem|p2a: Cheese Demon\n|-damage|p2a: Cheese Demon|77\/100 psn\n|\n|-heal|p2a: Cheese Demon|83\/100 psn|[from] item: Leftovers\n|-damage|p2a: Cheese Demon|71\/100 psn|[from] psn\n|upkeep\n|turn|7\n|inactive|coco2stapo has 120 seconds left.\n|\n|t:|1700071533\n|move|p2a: Cheese Demon|Calm Mind|p2a: Cheese Demon\n|-boost|p2a: Cheese Demon|spa|1\n|-boost|p2a: Cheese Demon|spd|1\n|move|p1a: Glimmora|Power Gem|p2a: Cheese Demon\n|-damage|p2a: Cheese Demon|62\/100 psn\n|\n|-heal|p2a: Cheese Demon|68\/100 psn|[from] item: Leftovers\n|-damage|p2a: Cheese Demon|56\/100 psn|[from] psn\n|upkeep\n|turn|8\n|inactive|coco2stapo has 120 seconds left.\n|\n|t:|1700071542\n|move|p2a: Cheese Demon|Stored Power|p1a: Glimmora\n|-supereffective|p1a: Glimmora\n|-enditem|p1a: Glimmora|Focus Sash\n|-damage|p1a: Glimmora|1\/100\n|move|p1a: Glimmora|Power Gem|p2a: Cheese Demon\n|-damage|p2a: Cheese Demon|48\/100 psn\n|\n|-heal|p2a: Cheese Demon|54\/100 psn|[from] item: Leftovers\n|-damage|p2a: Cheese Demon|42\/100 psn|[from] psn\n|-sideend|p2: SDK04|move: Aurora Veil\n|upkeep\n|turn|9\n|inactive|coco2stapo has 120 seconds left.\n|\n|t:|1700071554\n|move|p2a: Cheese Demon|Draining Kiss|p1a: Glimmora\n|-resisted|p1a: Glimmora\n|-damage|p1a: Glimmora|0 fnt\n|-heal|p2a: Cheese Demon|42\/100 psn|[from] drain|[of] p1a: Glimmora\n|faint|p1a: Glimmora\n|\n|-heal|p2a: Cheese Demon|49\/100 psn|[from] item: Leftovers\n|-damage|p2a: Cheese Demon|36\/100 psn|[from] psn\n|upkeep\n|inactive|coco2stapo has 120 seconds left.\n|inactive|coco2stapo has 90 seconds left.\n|inactive|coco2stapo has 60 seconds left.\n|\n|t:|1700071631\n|switch|p1a: Kingambit|Kingambit, F|100\/100\n|-activate|p1a: Kingambit|ability: Supreme Overlord\n|-start|p1a: Kingambit|fallen1|[silent]\n|turn|10\n|\n|t:|1700071638\n|-terastallize|p2a: Cheese Demon|Fairy\n|move|p1a: Kingambit|Sucker Punch|p2a: Cheese Demon\n|-resisted|p2a: Cheese Demon\n|-damage|p2a: Cheese Demon|14\/100 psn\n|move|p2a: Cheese Demon|Draining Kiss|p1a: Kingambit\n|-damage|p1a: Kingambit|33\/100\n|-heal|p2a: Cheese Demon|71\/100 psn|[from] drain|[of] p1a: Kingambit\n|\n|-heal|p2a: Cheese Demon|77\/100 psn|[from] item: Leftovers\n|-damage|p2a: Cheese Demon|65\/100 psn|[from] psn\n|upkeep\n|turn|11\n|inactive|coco2stapo has 60 seconds left.\n|\n|t:|1700071652\n|-terastallize|p1a: Kingambit|Fire\n|move|p2a: Cheese Demon|Draining Kiss|p1a: Kingambit\n|-resisted|p1a: Kingambit\n|-damage|p1a: Kingambit|0 fnt\n|-heal|p2a: Cheese Demon|92\/100 psn|[from] drain|[of] p1a: Kingambit\n|faint|p1a: Kingambit\n|-end|p1a: Kingambit|fallen1|[silent]\n|\n|-heal|p2a: Cheese Demon|98\/100 psn|[from] item: Leftovers\n|-damage|p2a: Cheese Demon|86\/100 psn|[from] psn\n|upkeep\n|\n|t:|1700071664\n|switch|p1a: Gholdengo|Gholdengo|100\/100\n|-item|p1a: Gholdengo|Air Balloon\n|turn|12\n|\n|t:|1700071669\n|move|p2a: Cheese Demon|Calm Mind|p2a: Cheese Demon\n|-boost|p2a: Cheese Demon|spa|1\n|-boost|p2a: Cheese Demon|spd|1\n|move|p1a: Gholdengo|Make It Rain|p2a: Cheese Demon\n|-supereffective|p2a: Cheese Demon\n|-damage|p2a: Cheese Demon|45\/100 psn\n|-unboost|p1a: Gholdengo|spa|1\n|\n|-heal|p2a: Cheese Demon|51\/100 psn|[from] item: Leftovers\n|-damage|p2a: Cheese Demon|39\/100 psn|[from] psn\n|upkeep\n|turn|13\n|\n|t:|1700071678\n|move|p2a: Cheese Demon|Stored Power|p1a: Gholdengo\n|-resisted|p1a: Gholdengo\n|-damage|p1a: Gholdengo|0 fnt\n|-enditem|p1a: Gholdengo|Air Balloon\n|faint|p1a: Gholdengo\n|\n|-heal|p2a: Cheese Demon|45\/100 psn|[from] item: Leftovers\n|-damage|p2a: Cheese Demon|32\/100 psn|[from] psn\n|upkeep\n|-message|coco2stapo forfeited.\n|\n|win|SDK04\n|raw|coco2stapo's rating: 1599 &rarr; <strong>1580<\/strong><br \/>(-19 for losing)\n|raw|SDK04's rating: 1621 &rarr; <strong>1640<\/strong><br \/>(+19 for winning)\n|l|\u2606coco2stapo\n","uploadtime":1700071697,"views":8,"p1id":"coco2stapo","p2id":"sdk04","formatid":"gen9ou","rating":1580,"private":0,"password":""}