{"id":"gen9ou-1993352345","p1":"Zezroy5","p2":"MrManzanilla","format":"[Gen 9] OU","log":"|j|\u2606Zezroy5\n|j|\u2606MrManzanilla\n|t:|1700304213\n|gametype|singles\n|player|p1|Zezroy5|rocket-gen1rb|1198\n|player|p2|MrManzanilla|lucas|1080\n|teamsize|p1|6\n|teamsize|p2|6\n|gen|9\n|tier|[Gen 9] OU\n|rated|\n|rule|Sleep Clause Mod: Limit one foe put to sleep\n|rule|Species Clause: Limit one of each Pok\u00e9mon\n|rule|OHKO Clause: OHKO moves are banned\n|rule|Evasion Items Clause: Evasion items are banned\n|rule|Evasion Moves Clause: Evasion moves are banned\n|rule|Endless Battle Clause: Forcing endless battles is banned\n|rule|HP Percentage Mod: HP is shown in percentages\n|clearpoke\n|poke|p1|Haxorus, M|\n|poke|p1|Dusclops, F|\n|poke|p1|Bisharp, M|\n|poke|p1|Quaquaval, M|\n|poke|p1|Klefki, M|\n|poke|p1|Amoonguss, M|\n|poke|p2|Amoonguss, M|\n|poke|p2|Toxapex, F|\n|poke|p2|Mienshao, F|\n|poke|p2|Tornadus-Therian, M|\n|poke|p2|Slowbro, F|\n|poke|p2|Cyclizar, F|\n|teampreview\n|c|\u2606Zezroy5|gl hf\n|c|\u2606MrManzanilla|gl hf\n|\n|t:|1700304235\n|start\n|switch|p1a: Ragnarok|Haxorus, M, shiny|100\/100\n|switch|p2a: Slowbro|Slowbro, F|100\/100\n|-ability|p1a: Ragnarok|Mold Breaker\n|turn|1\n|\n|t:|1700304240\n|switch|p1a: Key2Ur<3|Klefki, M|100\/100\n|move|p2a: Slowbro|Trick|p1a: Key2Ur<3\n|-activate|p2a: Slowbro|move: Trick|[of] p1a: Key2Ur<3\n|-item|p1a: Key2Ur<3|Lagging Tail|[from] move: Trick\n|-item|p2a: Slowbro|Choice Specs|[from] move: Trick\n|\n|upkeep\n|turn|2\n|\n|t:|1700304251\n|switch|p2a: Amoonguss|Amoonguss, M|100\/100\n|move|p1a: Key2Ur<3|Spikes|p2a: Amoonguss\n|-sidestart|p2: MrManzanilla|Spikes\n|\n|upkeep\n|turn|3\n|\n|t:|1700304287\n|switch|p2a: Tornadus|Tornadus-Therian, M|100\/100\n|move|p1a: Key2Ur<3|Spikes|p2a: Tornadus\n|-sidestart|p2: MrManzanilla|Spikes\n|\n|upkeep\n|turn|4\n|\n|t:|1700304292\n|move|p1a: Key2Ur<3|Switcheroo|p2a: Tornadus\n|-activate|p1a: Key2Ur<3|move: Trick|[of] p2a: Tornadus\n|-item|p2a: Tornadus|Lagging Tail|[from] move: Switcheroo\n|-item|p1a: Key2Ur<3|Heavy-Duty Boots|[from] move: Switcheroo\n|move|p2a: Tornadus|Rain Dance|p2a: Tornadus\n|-weather|RainDance\n|\n|-weather|RainDance|[upkeep]\n|upkeep\n|turn|5\n|\n|t:|1700304301\n|switch|p2a: Slowbro|Slowbro, F|100\/100\n|-damage|p2a: Slowbro|84\/100|[from] Spikes\n|move|p1a: Key2Ur<3|Spikes|p2a: Slowbro\n|-sidestart|p2: MrManzanilla|Spikes\n|\n|-weather|RainDance|[upkeep]\n|upkeep\n|turn|6\n|\n|t:|1700304307\n|switch|p1a: Whistleblower|Amoonguss, M|100\/100\n|move|p2a: Slowbro|Trick|p1a: Whistleblower\n|-activate|p2a: Slowbro|move: Trick|[of] p1a: Whistleblower\n|-item|p1a: Whistleblower|Choice Specs|[from] move: Trick\n|-item|p2a: Slowbro|Leftovers|[from] move: Trick\n|\n|-weather|RainDance|[upkeep]\n|-heal|p2a: Slowbro|90\/100|[from] item: Leftovers\n|upkeep\n|turn|7\n|\n|t:|1700304314\n|switch|p2a: Tornadus|Tornadus-Therian, M|100\/100\n|move|p1a: Whistleblower|Spore|p2a: Tornadus\n|-status|p2a: Tornadus|slp|[from] move: Spore\n|\n|-weather|RainDance|[upkeep]\n|upkeep\n|turn|8\n|\n|t:|1700304338\n|switch|p2a: Toxapex|Toxapex, F|100\/100\n|-damage|p2a: Toxapex|75\/100|[from] Spikes\n|switch|p1a: Ragnarok|Haxorus, M, shiny|100\/100\n|-ability|p1a: Ragnarok|Mold Breaker\n|\n|-weather|none\n|upkeep\n|turn|9\n|\n|t:|1700304347\n|switch|p1a: Key2Ur<3|Klefki, M|100\/100\n|move|p2a: Toxapex|Ice Spinner|p1a: Key2Ur<3\n|-resisted|p1a: Key2Ur<3\n|-damage|p1a: Key2Ur<3|92\/100\n|\n|upkeep\n|turn|10\n|\n|t:|1700304355\n|switch|p1a: Ragnarok|Haxorus, M, shiny|100\/100\n|-ability|p1a: Ragnarok|Mold Breaker\n|switch|p2a: Tornadus|Tornadus-Therian, M|100\/100 slp\n|\n|upkeep\n|turn|11\n|\n|t:|1700304362\n|switch|p2a: Toxapex|Toxapex, F|100\/100\n|-damage|p2a: Toxapex|75\/100|[from] Spikes\n|move|p1a: Ragnarok|Swords Dance|p1a: Ragnarok\n|-boost|p1a: Ragnarok|atk|2\n|\n|upkeep\n|turn|12\n|\n|t:|1700304366\n|move|p1a: Ragnarok|Scale Shot|p2a: Toxapex\n|-damage|p2a: Toxapex|52\/100\n|-damage|p2a: Toxapex|26\/100\n|-damage|p2a: Toxapex|2\/100\n|-damage|p2a: Toxapex|0 fnt\n|faint|p2a: Toxapex\n|-hitcount|p2: Toxapex|4\n|-unboost|p1a: Ragnarok|def|1\n|-boost|p1a: Ragnarok|spe|1\n|\n|upkeep\n|\n|t:|1700304378\n|switch|p2a: Amoonguss|Amoonguss, M|100\/100\n|-damage|p2a: Amoonguss|75\/100|[from] Spikes\n|turn|13\n|\n|t:|1700304387\n|move|p2a: Amoonguss|Protect|p2a: Amoonguss\n|-singleturn|p2a: Amoonguss|Protect\n|move|p1a: Ragnarok|Scale Shot|p2a: Amoonguss\n|-activate|p2a: Amoonguss|move: Protect\n|\n|-heal|p2a: Amoonguss|82\/100|[from] item: Black Sludge\n|upkeep\n|turn|14\n|\n|t:|1700304393\n|move|p1a: Ragnarok|Scale Shot|p2a: Amoonguss\n|-damage|p2a: Amoonguss|57\/100\n|-crit|p2a: Amoonguss\n|-damage|p2a: Amoonguss|21\/100\n|-damage|p2a: Amoonguss|0 fnt\n|faint|p2a: Amoonguss\n|-hitcount|p2: Amoonguss|3\n|-unboost|p1a: Ragnarok|def|1\n|-boost|p1a: Ragnarok|spe|1\n|\n|upkeep\n|\n|t:|1700304407\n|switch|p2a: Slowbro|Slowbro, F|100\/100\n|-damage|p2a: Slowbro|76\/100|[from] Spikes\n|turn|15\n|\n|t:|1700304414\n|move|p1a: Ragnarok|Scale Shot|p2a: Slowbro\n|-damage|p2a: Slowbro|51\/100\n|-damage|p2a: Slowbro|29\/100\n|-damage|p2a: Slowbro|5\/100\n|-damage|p2a: Slowbro|0 fnt\n|faint|p2a: Slowbro\n|-hitcount|p2: Slowbro|4\n|-unboost|p1a: Ragnarok|def|1\n|-boost|p1a: Ragnarok|spe|1\n|\n|upkeep\n|\n|t:|1700304432\n|switch|p2a: Cyclizar|Cyclizar, F|100\/100\n|-damage|p2a: Cyclizar|76\/100|[from] Spikes\n|turn|16\n|\n|t:|1700304449\n|move|p2a: Cyclizar|Protect|p2a: Cyclizar\n|-singleturn|p2a: Cyclizar|Protect\n|move|p1a: Ragnarok|Scale Shot|p2a: Cyclizar\n|-activate|p2a: Cyclizar|move: Protect\n|\n|-heal|p2a: Cyclizar|82\/100|[from] item: Leftovers\n|upkeep\n|turn|17\n|\n|t:|1700304457\n|switch|p2a: Tornadus|Tornadus-Therian, M|100\/100 slp\n|move|p1a: Ragnarok|Close Combat|p2a: Tornadus\n|-resisted|p2a: Tornadus\n|-damage|p2a: Tornadus|55\/100 slp\n|-unboost|p1a: Ragnarok|def|1\n|-unboost|p1a: Ragnarok|spd|1\n|\n|upkeep\n|turn|18\n|\n|t:|1700304465\n|switch|p2a: Mienshao|Mienshao, F|100\/100\n|-damage|p2a: Mienshao|75\/100|[from] Spikes\n|move|p1a: Ragnarok|Scale Shot|p2a: Mienshao\n|-damage|p2a: Mienshao|36\/100\n|-damage|p2a: Mienshao|0 fnt\n|faint|p2a: Mienshao\n|-hitcount|p2: Mienshao|2\n|-unboost|p1a: Ragnarok|def|1\n|-boost|p1a: Ragnarok|spe|1\n|\n|upkeep\n|\n|t:|1700304470\n|switch|p2a: Tornadus|Tornadus-Therian, M|88\/100 slp\n|turn|19\n|\n|t:|1700304483\n|move|p1a: Ragnarok|Scale Shot|p2a: Tornadus\n|-damage|p2a: Tornadus|59\/100 slp\n|-damage|p2a: Tornadus|32\/100 slp\n|-damage|p2a: Tornadus|2\/100 slp\n|-damage|p2a: Tornadus|0 fnt\n|faint|p2a: Tornadus\n|-hitcount|p2: Tornadus|4\n|-unboost|p1a: Ragnarok|def|1\n|-boost|p1a: Ragnarok|spe|1\n|\n|upkeep\n|\n|t:|1700304488\n|switch|p2a: Cyclizar|Cyclizar, F|100\/100\n|-damage|p2a: Cyclizar|76\/100|[from] Spikes\n|turn|20\n|\n|t:|1700304490\n|move|p2a: Cyclizar|Protect|p2a: Cyclizar\n|-singleturn|p2a: Cyclizar|Protect\n|move|p1a: Ragnarok|Close Combat|p2a: Cyclizar\n|-activate|p2a: Cyclizar|move: Protect\n|\n|-heal|p2a: Cyclizar|82\/100|[from] item: Leftovers\n|upkeep\n|turn|21\n|\n|t:|1700304498\n|-terastallize|p2a: Cyclizar|Dragon\n|move|p1a: Ragnarok|Close Combat|p2a: Cyclizar\n|-damage|p2a: Cyclizar|0 fnt\n|-unboost|p1a: Ragnarok|spd|1\n|faint|p2a: Cyclizar\n|\n|win|Zezroy5\n|raw|Zezroy5's rating: 1198 &rarr; <strong>1215<\/strong><br \/>(+17 for winning)\n|raw|MrManzanilla's rating: 1080 &rarr; <strong>1065<\/strong><br \/>(-15 for losing)\n|c|\u2606MrManzanilla|gg\n|c|\u2606Zezroy5|gg\n|l|\u2606MrManzanilla\n","uploadtime":1700304509,"views":18,"p1id":"zezroy5","p2id":"mrmanzanilla","formatid":"gen9ou","rating":1065,"private":0,"password":""}