{"id":"gen9ou-1990184980","p1":"djjevjfvc","p2":"Nati_king","format":"[Gen 9] OU","log":"|j|\u2606djjevjfvc\n|j|\u2606Nati_king\n|t:|1699934306\n|gametype|singles\n|player|p1|djjevjfvc|1|1000\n|player|p2|Nati_king|101|1044\n|teamsize|p1|6\n|teamsize|p2|6\n|gen|9\n|tier|[Gen 9] OU\n|rated|\n|rule|Sleep Clause Mod: Limit one foe put to sleep\n|rule|Species Clause: Limit one of each Pok\u00e9mon\n|rule|OHKO Clause: OHKO moves are banned\n|rule|Evasion Items Clause: Evasion items are banned\n|rule|Evasion Moves Clause: Evasion moves are banned\n|rule|Endless Battle Clause: Forcing endless battles is banned\n|rule|HP Percentage Mod: HP is shown in percentages\n|clearpoke\n|poke|p1|Golem-Alola, M|\n|poke|p1|Pincurchin, M|\n|poke|p1|Ceruledge, M|\n|poke|p1|Hatterene, F|\n|poke|p1|Ninetales-Alola, F|\n|poke|p1|Kingambit, M|\n|poke|p2|Landorus-Therian, M|\n|poke|p2|Garganacl, M|\n|poke|p2|Leavanny, F|\n|poke|p2|Klefki, F|\n|poke|p2|Dragonite, F|\n|poke|p2|Mimikyu, M|\n|teampreview\n|\n|t:|1699934318\n|start\n|switch|p1a: Pincurchin|Pincurchin, M|100\/100\n|switch|p2a: Mimikyu|Mimikyu, M|100\/100\n|-fieldstart|move: Electric Terrain|[from] ability: Electric Surge|[of] p1a: Pincurchin\n|turn|1\n|\n|t:|1699934327\n|move|p2a: Mimikyu|Swords Dance|p2a: Mimikyu\n|-boost|p2a: Mimikyu|atk|2\n|move|p1a: Pincurchin|Curse|p1a: Pincurchin\n|-unboost|p1a: Pincurchin|spe|1\n|-boost|p1a: Pincurchin|atk|1\n|-boost|p1a: Pincurchin|def|1\n|\n|upkeep\n|turn|2\n|\n|t:|1699934335\n|move|p2a: Mimikyu|Swords Dance|p2a: Mimikyu\n|-boost|p2a: Mimikyu|atk|2\n|move|p1a: Pincurchin|Zing Zap|p2a: Mimikyu\n|-activate|p2a: Mimikyu|ability: Disguise\n|-damage|p2a: Mimikyu|100\/100\n|detailschange|p2a: Mimikyu|Mimikyu-Busted, M\n|-damage|p2a: Mimikyu|88\/100|[from] pokemon: Mimikyu-Busted\n|\n|upkeep\n|turn|3\n|\n|t:|1699934347\n|move|p2a: Mimikyu|Play Rough|p1a: Pincurchin\n|-damage|p1a: Pincurchin|0 fnt\n|faint|p1a: Pincurchin\n|-damage|p2a: Mimikyu|78\/100|[from] item: Life Orb\n|\n|upkeep\n|\n|t:|1699934356\n|switch|p1a: Golem|Golem-Alola, M|100\/100\n|turn|4\n|\n|t:|1699934373\n|switch|p2a: Leavanny|Leavanny, F|100\/100\n|move|p1a: Golem|Double-Edge|p2a: Leavanny\n|-resisted|p2a: Leavanny\n|-damage|p2a: Leavanny|31\/100\n|-damage|p1a: Golem|78\/100|[from] Recoil\n|\n|upkeep\n|turn|5\n|\n|t:|1699934381\n|switch|p1a: Ceruledge|Ceruledge, M|100\/100\n|move|p2a: Leavanny|Sticky Web|p1a: Ceruledge\n|-sidestart|p1: djjevjfvc|move: Sticky Web\n|\n|-fieldend|move: Electric Terrain\n|upkeep\n|turn|6\n|\n|t:|1699934390\n|move|p2a: Leavanny|Knock Off|p1a: Ceruledge\n|-supereffective|p1a: Ceruledge\n|-damage|p1a: Ceruledge|15\/100\n|-ability|p1a: Ceruledge|Weak Armor|boost\n|-unboost|p1a: Ceruledge|def|1\n|-boost|p1a: Ceruledge|spe|2\n|-enditem|p1a: Ceruledge|Heavy-Duty Boots|[from] move: Knock Off|[of] p2a: Leavanny\n|move|p1a: Ceruledge|Swords Dance|p1a: Ceruledge\n|-boost|p1a: Ceruledge|atk|2\n|\n|upkeep\n|turn|7\n|\n|t:|1699934401\n|move|p1a: Ceruledge|Bitter Blade|p2a: Leavanny\n|-supereffective|p2a: Leavanny\n|-crit|p2a: Leavanny\n|-damage|p2a: Leavanny|0 fnt\n|-heal|p1a: Ceruledge|30\/100|[from] drain|[of] p2a: Leavanny\n|faint|p2a: Leavanny\n|\n|upkeep\n|\n|t:|1699934409\n|switch|p2a: Mimikyu|Mimikyu-Busted, M|78\/100\n|turn|8\n|\n|t:|1699934415\n|switch|p1a: Kingambit|Kingambit, M|100\/100\n|-activate|p1a: Kingambit|move: Sticky Web\n|-unboost|p1a: Kingambit|spe|1\n|-activate|p1a: Kingambit|ability: Supreme Overlord\n|-start|p1a: Kingambit|fallen1|[silent]\n|move|p2a: Mimikyu|Shadow Sneak|p1a: Kingambit\n|-resisted|p1a: Kingambit\n|-damage|p1a: Kingambit|93\/100\n|-damage|p2a: Mimikyu|68\/100|[from] item: Life Orb\n|\n|upkeep\n|turn|9\n|\n|t:|1699934430\n|switch|p2a: Klefki|Klefki, F|100\/100\n|move|p1a: Kingambit|Iron Head|p2a: Klefki\n|-damage|p2a: Klefki|59\/100\n|\n|upkeep\n|turn|10\n|\n|t:|1699934436\n|move|p2a: Klefki|Reflect|p2a: Klefki\n|-sidestart|p2: Nati_king|Reflect\n|move|p1a: Kingambit|Swords Dance|p1a: Kingambit\n|-boost|p1a: Kingambit|atk|2\n|\n|upkeep\n|turn|11\n|\n|t:|1699934442\n|move|p2a: Klefki|Spikes|p1a: Kingambit\n|-sidestart|p1: djjevjfvc|Spikes\n|move|p1a: Kingambit|Swords Dance|p1a: Kingambit\n|-boost|p1a: Kingambit|atk|2\n|\n|upkeep\n|turn|12\n|\n|t:|1699934447\n|move|p2a: Klefki|Spikes|p1a: Kingambit\n|-sidestart|p1: djjevjfvc|Spikes\n|move|p1a: Kingambit|Swords Dance|p1a: Kingambit\n|-boost|p1a: Kingambit|atk|2\n|\n|upkeep\n|turn|13\n|\n|t:|1699934453\n|move|p2a: Klefki|Spikes|p1a: Kingambit\n|-sidestart|p1: djjevjfvc|Spikes\n|move|p1a: Kingambit|Iron Head|p2a: Klefki\n|-damage|p2a: Klefki|0 fnt\n|faint|p2a: Klefki\n|\n|upkeep\n|\n|t:|1699934463\n|switch|p2a: Landorus|Landorus-Therian, M, shiny|100\/100\n|-ability|p2a: Landorus|Intimidate|boost\n|-unboost|p1a: Kingambit|atk|1\n|turn|14\n|\n|t:|1699934471\n|switch|p2a: Mimikyu|Mimikyu-Busted, M|68\/100\n|-terastallize|p1a: Kingambit|Dark\n|move|p1a: Kingambit|Kowtow Cleave|p2a: Mimikyu\n|-damage|p2a: Mimikyu|0 fnt\n|faint|p2a: Mimikyu\n|\n|upkeep\n|\n|t:|1699934480\n|switch|p2a: Landorus|Landorus-Therian, M, shiny|100\/100\n|-ability|p2a: Landorus|Intimidate|boost\n|-unboost|p1a: Kingambit|atk|1\n|turn|15\n|\n|t:|1699934485\n|move|p2a: Landorus|Earthquake|p1a: Kingambit\n|-damage|p1a: Kingambit|50\/100\n|move|p1a: Kingambit|Kowtow Cleave|p2a: Landorus\n|-damage|p2a: Landorus|0 fnt\n|faint|p2a: Landorus\n|\n|upkeep\n|\n|t:|1699934493\n|switch|p2a: Dragonite|Dragonite, F|100\/100\n|turn|16\n|\n|t:|1699934506\n|move|p2a: Dragonite|Extreme Speed|p1a: Kingambit\n|-damage|p1a: Kingambit|28\/100\n|move|p1a: Kingambit|Kowtow Cleave|p2a: Dragonite\n|-damage|p2a: Dragonite|24\/100\n|\n|upkeep\n|turn|17\n|\n|t:|1699934520\n|move|p2a: Dragonite|Extreme Speed|p1a: Kingambit\n|-damage|p1a: Kingambit|7\/100\n|move|p1a: Kingambit|Kowtow Cleave|p2a: Dragonite\n|-damage|p2a: Dragonite|0 fnt\n|faint|p2a: Dragonite\n|\n|-sideend|p2: Nati_king|Reflect\n|upkeep\n|\n|t:|1699934530\n|switch|p2a: Garganacl|Garganacl, M, shiny|100\/100\n|turn|18\n|\n|t:|1699934536\n|-terastallize|p2a: Garganacl|Water\n|move|p1a: Kingambit|Sucker Punch||[still]\n|-fail|p1a: Kingambit\n|move|p2a: Garganacl|Curse|p2a: Garganacl\n|-unboost|p2a: Garganacl|spe|1\n|-boost|p2a: Garganacl|atk|1\n|-boost|p2a: Garganacl|def|1\n|\n|upkeep\n|turn|19\n|\n|t:|1699934546\n|move|p1a: Kingambit|Kowtow Cleave|p2a: Garganacl\n|-damage|p2a: Garganacl|8\/100\n|move|p2a: Garganacl|Curse|p2a: Garganacl\n|-unboost|p2a: Garganacl|spe|1\n|-boost|p2a: Garganacl|atk|1\n|-boost|p2a: Garganacl|def|1\n|\n|-heal|p2a: Garganacl|15\/100|[from] item: Leftovers\n|upkeep\n|turn|20\n|l|\u2606Nati_king\n|player|p2|\n|inactive|Battle timer is ON: inactive players will automatically lose when time's up. (requested by djjevjfvc)\n|inactive|Nati_king has 30 seconds to reconnect!\n|inactive|Nati_king has 20 seconds to reconnect!\n|inactive|Nati_king has 15 seconds to reconnect!\n|inactive|Nati_king has 10 seconds to reconnect!\n|inactive|Nati_king has 5 seconds to reconnect!\n|-message|Nati_king lost due to inactivity.\n|\n|win|djjevjfvc\n|raw|djjevjfvc's rating: 1000 &rarr; <strong>1045<\/strong><br \/>(+45 for winning)\n|raw|Nati_king's rating: 1044 &rarr; <strong>1025<\/strong><br \/>(-19 for losing)\n","uploadtime":1699934647,"views":16,"p1id":"djjevjfvc","p2id":"natiking","formatid":"gen9ou","rating":1025,"private":0,"password":""}