{"id":"gen9ou-1994656763","p1":"theori147","p2":"lostroncos","format":"[Gen 9] OU","log":"|j|\u2606theori147\n|j|\u2606lostroncos\n|t:|1700476538\n|gametype|singles\n|player|p1|theori147|169|1674\n|player|p2|lostroncos|169|1728\n|teamsize|p1|6\n|teamsize|p2|6\n|gen|9\n|tier|[Gen 9] OU\n|rated|\n|rule|Sleep Clause Mod: Limit one foe put to sleep\n|rule|Species Clause: Limit one of each Pok\u00e9mon\n|rule|OHKO Clause: OHKO moves are banned\n|rule|Evasion Items Clause: Evasion items are banned\n|rule|Evasion Moves Clause: Evasion moves are banned\n|rule|Endless Battle Clause: Forcing endless battles is banned\n|rule|HP Percentage Mod: HP is shown in percentages\n|clearpoke\n|poke|p1|Munkidori, M|\n|poke|p1|Landorus-Therian, M|\n|poke|p1|Zamazenta-*|\n|poke|p1|Clefable, M|\n|poke|p1|Ogerpon-Wellspring, F|\n|poke|p1|Kingambit, F|\n|poke|p2|Torkoal, M|\n|poke|p2|Walking Wake|\n|poke|p2|Great Tusk|\n|poke|p2|Cinderace, M|\n|poke|p2|Charizard, F|\n|poke|p2|Brute Bonnet|\n|teampreview\n|\n|t:|1700476542\n|start\n|switch|p1a: Munkidori|Munkidori, M|100\/100\n|switch|p2a: Torkoal|Torkoal, M|100\/100\n|-weather|SunnyDay|[from] ability: Drought|[of] p2a: Torkoal\n|turn|1\n|\n|t:|1700476549\n|switch|p2a: Brute Bonnet|Brute Bonnet|100\/100\n|-activate|p2a: Brute Bonnet|ability: Protosynthesis\n|-start|p2a: Brute Bonnet|protosynthesisatk\n|move|p1a: Munkidori|Sludge Wave|p2a: Brute Bonnet\n|-supereffective|p2a: Brute Bonnet\n|-damage|p2a: Brute Bonnet|4\/100\n|-status|p2a: Brute Bonnet|psn\n|\n|-weather|SunnyDay|[upkeep]\n|-damage|p2a: Brute Bonnet|0 fnt|[from] psn\n|faint|p2a: Brute Bonnet\n|-end|p2a: Brute Bonnet|Protosynthesis|[silent]\n|upkeep\n|\n|t:|1700476560\n|switch|p2a: Walking Wake|Walking Wake|100\/100\n|-activate|p2a: Walking Wake|ability: Protosynthesis\n|-start|p2a: Walking Wake|protosynthesisspe\n|turn|2\n|j| mew852\n|inactive|Battle timer is ON: inactive players will automatically lose when time's up. (requested by lostroncos)\n|\n|t:|1700476576\n|move|p2a: Walking Wake|Hydro Steam|p1a: Munkidori\n|-damage|p1a: Munkidori|3\/100\n|move|p1a: Munkidori|Sludge Wave|p2a: Walking Wake\n|-damage|p2a: Walking Wake|43\/100\n|-status|p2a: Walking Wake|psn\n|\n|-weather|SunnyDay|[upkeep]\n|-damage|p2a: Walking Wake|31\/100 psn|[from] psn\n|upkeep\n|turn|3\n|\n|t:|1700476594\n|switch|p1a: Clefable|Clefable, M|100\/100\n|move|p2a: Walking Wake|Hydro Steam|p1a: Clefable\n|-damage|p1a: Clefable|42\/100\n|\n|-weather|SunnyDay|[upkeep]\n|-heal|p1a: Clefable|48\/100|[from] item: Leftovers\n|-damage|p2a: Walking Wake|19\/100 psn|[from] psn\n|upkeep\n|turn|4\n|\n|t:|1700476605\n|move|p1a: Clefable|Protect|p1a: Clefable\n|-singleturn|p1a: Clefable|Protect\n|move|p2a: Walking Wake|Hydro Steam|p1a: Clefable\n|-activate|p1a: Clefable|move: Protect\n|\n|-weather|SunnyDay|[upkeep]\n|-heal|p1a: Clefable|54\/100|[from] item: Leftovers\n|-damage|p2a: Walking Wake|6\/100 psn|[from] psn\n|upkeep\n|turn|5\n|\n|t:|1700476618\n|-end|p2a: Walking Wake|Protosynthesis|[silent]\n|switch|p2a: Charizard|Charizard, F|100\/100\n|switch|p1a: Ogerpon|Ogerpon-Wellspring, F|100\/100\n|\n|-weather|SunnyDay|[upkeep]\n|-damage|p2a: Charizard|88\/100|[from] ability: Solar Power|[of] p2a: Charizard\n|upkeep\n|turn|6\n|\n|t:|1700476625\n|move|p1a: Ogerpon|Ivy Cudgel|p2a: Charizard|[anim] Ivy Cudgel Water\n|-supereffective|p2a: Charizard\n|-damage|p2a: Charizard|1\/100\n|move|p2a: Charizard|Weather Ball|p1a: Ogerpon\n|-damage|p1a: Ogerpon|0 fnt\n|faint|p1a: Ogerpon\n|\n|-weather|SunnyDay|[upkeep]\n|-damage|p2a: Charizard|0 fnt|[from] ability: Solar Power|[of] p2a: Charizard\n|faint|p2a: Charizard\n|upkeep\n|\n|t:|1700476646\n|switch|p1a: Clefable|Clefable, M|54\/100\n|switch|p2a: Walking Wake|Walking Wake|6\/100 psn\n|-activate|p2a: Walking Wake|ability: Protosynthesis\n|-start|p2a: Walking Wake|protosynthesisspe\n|turn|7\n|\n|t:|1700476659\n|-end|p2a: Walking Wake|Protosynthesis|[silent]\n|switch|p2a: Cinderace|Cinderace, M|100\/100\n|move|p1a: Clefable|Protect||[still]\n|-fail|p1a: Clefable\n|\n|-weather|SunnyDay|[upkeep]\n|-heal|p1a: Clefable|60\/100|[from] item: Leftovers\n|upkeep\n|turn|8\n|\n|t:|1700476666\n|switch|p1a: Landorus|Landorus-Therian, M|100\/100\n|-ability|p1a: Landorus|Intimidate|boost\n|-unboost|p2a: Cinderace|atk|1\n|move|p2a: Cinderace|Pyro Ball|p1a: Landorus\n|-crit|p1a: Landorus\n|-damage|p1a: Landorus|7\/100\n|\n|-weather|none\n|upkeep\n|turn|9\n|\n|t:|1700476677\n|move|p2a: Cinderace|U-turn|p1a: Landorus\n|-start|p2a: Cinderace|typechange|Bug|[from] ability: Libero\n|-resisted|p1a: Landorus\n|-damage|p1a: Landorus|0 fnt\n|-damage|p2a: Cinderace|84\/100|[from] item: Rocky Helmet|[of] p1a: Landorus\n|faint|p1a: Landorus\n|\n|t:|1700476688\n|switch|p2a: Torkoal|Torkoal, M|100\/100|[from] U-turn\n|-weather|SunnyDay|[from] ability: Drought|[of] p2a: Torkoal\n|\n|-weather|SunnyDay|[upkeep]\n|upkeep\n|\n|t:|1700476694\n|switch|p1a: Munkidori|Munkidori, M|3\/100\n|turn|10\n|\n|t:|1700476700\n|move|p1a: Munkidori|Psychic|p2a: Torkoal\n|-damage|p2a: Torkoal|36\/100\n|-status|p2a: Torkoal|tox|[from] ability: Toxic Chain|[of] p1a: Munkidori\n|move|p2a: Torkoal|Lava Plume|p1a: Munkidori\n|-damage|p1a: Munkidori|0 fnt\n|faint|p1a: Munkidori\n|\n|-weather|SunnyDay|[upkeep]\n|-damage|p2a: Torkoal|30\/100 tox|[from] psn\n|upkeep\n|j| PQPP214\n|\n|t:|1700476710\n|switch|p1a: Clefable|Clefable, M|60\/100\n|turn|11\n|\n|t:|1700476715\n|switch|p2a: Cinderace|Cinderace, M|84\/100\n|move|p1a: Clefable|Wish|p1a: Clefable\n|\n|-weather|SunnyDay|[upkeep]\n|-heal|p1a: Clefable|66\/100|[from] item: Leftovers\n|upkeep\n|turn|12\n|\n|t:|1700476726\n|-terastallize|p1a: Clefable|Water\n|move|p2a: Cinderace|Pyro Ball|p1a: Clefable\n|-resisted|p1a: Clefable\n|-damage|p1a: Clefable|16\/100\n|-status|p1a: Clefable|brn\n|move|p1a: Clefable|Thunder Wave|p2a: Cinderace\n|-status|p2a: Cinderace|par\n|\n|-weather|SunnyDay|[upkeep]\n|-heal|p1a: Clefable|66\/100 brn|[from] move: Wish|[wisher] Clefable\n|-heal|p1a: Clefable|72\/100 brn|[from] item: Leftovers\n|upkeep\n|turn|13\n|\n|t:|1700476739\n|move|p1a: Clefable|Protect|p1a: Clefable\n|-singleturn|p1a: Clefable|Protect\n|move|p2a: Cinderace|U-turn|p1a: Clefable\n|-start|p2a: Cinderace|typechange|Bug|[from] ability: Libero\n|-activate|p1a: Clefable|move: Protect\n|\n|-weather|SunnyDay|[upkeep]\n|-heal|p1a: Clefable|78\/100 brn|[from] item: Leftovers\n|upkeep\n|turn|14\n|\n|t:|1700476748\n|move|p2a: Cinderace|U-turn|p1a: Clefable\n|-damage|p1a: Clefable|42\/100 brn\n|\n|t:|1700476750\n|switch|p2a: Great Tusk|Great Tusk|100\/100|[from] U-turn\n|-activate|p2a: Great Tusk|ability: Protosynthesis\n|-start|p2a: Great Tusk|protosynthesisatk\n|move|p1a: Clefable|Moonblast|p2a: Great Tusk\n|-supereffective|p2a: Great Tusk\n|-damage|p2a: Great Tusk|10\/100\n|\n|-weather|SunnyDay|[upkeep]\n|-heal|p2a: Great Tusk|16\/100|[from] item: Leftovers\n|-heal|p1a: Clefable|48\/100 brn|[from] item: Leftovers\n|upkeep\n|turn|15\n|\n|t:|1700476764\n|move|p1a: Clefable|Protect|p1a: Clefable\n|-singleturn|p1a: Clefable|Protect\n|move|p2a: Great Tusk|Earthquake|p1a: Clefable\n|-activate|p1a: Clefable|move: Protect\n|\n|-weather|SunnyDay|[upkeep]\n|-heal|p2a: Great Tusk|22\/100|[from] item: Leftovers\n|-heal|p1a: Clefable|55\/100 brn|[from] item: Leftovers\n|upkeep\n|turn|16\n|j| hz sbshsbs\n|\n|t:|1700476783\n|move|p1a: Clefable|Protect|p1a: Clefable\n|-singleturn|p1a: Clefable|Protect\n|move|p2a: Great Tusk|Earthquake|p1a: Clefable\n|-activate|p1a: Clefable|move: Protect\n|\n|-weather|none\n|-end|p2a: Great Tusk|Protosynthesis\n|-heal|p2a: Great Tusk|29\/100|[from] item: Leftovers\n|-heal|p1a: Clefable|61\/100 brn|[from] item: Leftovers\n|upkeep\n|turn|17\n|l| PQPP214\n|c|\u2606lostroncos|come on\n|\n|t:|1700476792\n|move|p2a: Great Tusk|Earthquake|p1a: Clefable\n|-damage|p1a: Clefable|0 fnt\n|faint|p1a: Clefable\n|\n|-heal|p2a: Great Tusk|35\/100|[from] item: Leftovers\n|upkeep\n|c|\u2606lostroncos|wtf\n|\n|t:|1700476795\n|switch|p1a: Zamazenta|Zamazenta|100\/100\n|-ability|p1a: Zamazenta|Dauntless Shield|boost\n|-boost|p1a: Zamazenta|def|1\n|turn|18\n|\n|t:|1700476801\n|-end|p2a: Great Tusk|Protosynthesis|[silent]\n|switch|p2a: Torkoal|Torkoal, M|30\/100 tox\n|-weather|SunnyDay|[from] ability: Drought|[of] p2a: Torkoal\n|move|p1a: Zamazenta|Close Combat|p2a: Torkoal\n|-damage|p2a: Torkoal|0 fnt\n|-unboost|p1a: Zamazenta|def|1\n|-unboost|p1a: Zamazenta|spd|1\n|faint|p2a: Torkoal\n|\n|-weather|SunnyDay|[upkeep]\n|upkeep\n|\n|t:|1700476811\n|switch|p2a: Walking Wake|Walking Wake|6\/100 psn\n|-activate|p2a: Walking Wake|ability: Protosynthesis\n|-start|p2a: Walking Wake|protosynthesisspe\n|turn|19\n|inactive|lostroncos has 120 seconds left.\n|j| PantyPhantom\n|\n|t:|1700476858\n|switch|p1a: Kingambit|Kingambit, F|100\/100\n|-activate|p1a: Kingambit|ability: Supreme Overlord\n|-start|p1a: Kingambit|fallen4|[silent]\n|move|p2a: Walking Wake|Hydro Steam|p1a: Kingambit\n|-damage|p1a: Kingambit|16\/100\n|\n|-weather|SunnyDay|[upkeep]\n|-heal|p1a: Kingambit|22\/100|[from] item: Leftovers\n|-damage|p2a: Walking Wake|0 fnt|[from] psn\n|faint|p2a: Walking Wake\n|-end|p2a: Walking Wake|Protosynthesis|[silent]\n|upkeep\n|\n|t:|1700476871\n|switch|p2a: Great Tusk|Great Tusk|35\/100\n|-activate|p2a: Great Tusk|ability: Protosynthesis\n|-start|p2a: Great Tusk|protosynthesisatk\n|turn|20\n|\n|t:|1700476879\n|move|p2a: Great Tusk|Rapid Spin|p1a: Kingambit\n|-resisted|p1a: Kingambit\n|-damage|p1a: Kingambit|13\/100\n|-boost|p2a: Great Tusk|spe|1\n|move|p1a: Kingambit|Swords Dance|p1a: Kingambit\n|-boost|p1a: Kingambit|atk|2\n|\n|-weather|SunnyDay|[upkeep]\n|-heal|p2a: Great Tusk|41\/100|[from] item: Leftovers\n|-heal|p1a: Kingambit|20\/100|[from] item: Leftovers\n|upkeep\n|turn|21\n|\n|t:|1700476888\n|move|p1a: Kingambit|Sucker Punch|p2a: Great Tusk\n|-resisted|p2a: Great Tusk\n|-damage|p2a: Great Tusk|0 fnt\n|faint|p2a: Great Tusk\n|-end|p2a: Great Tusk|Protosynthesis|[silent]\n|\n|-weather|SunnyDay|[upkeep]\n|-heal|p1a: Kingambit|26\/100|[from] item: Leftovers\n|upkeep\n|c|\u2606theori147|gg\n|\n|t:|1700476894\n|switch|p2a: Cinderace|Cinderace, M|84\/100 par\n|turn|22\n|\n|t:|1700476898\n|cant|p2a: Cinderace|par\n|move|p1a: Kingambit|Kowtow Cleave|p2a: Cinderace\n|-crit|p2a: Cinderace\n|-damage|p2a: Cinderace|0 fnt\n|faint|p2a: Cinderace\n|\n|win|theori147\n|raw|theori147's rating: 1674 &rarr; <strong>1697<\/strong><br \/>(+23 for winning)\n|raw|lostroncos's rating: 1728 &rarr; <strong>1705<\/strong><br \/>(-23 for losing)\n|l|\u2606lostroncos\n","uploadtime":1700476911,"views":11,"p1id":"theori147","p2id":"lostroncos","formatid":"gen9ou","rating":1697,"private":0,"password":""}