{"id":"gen9ou-1997013026","p1":"Dizay69","p2":"yyysneasel","format":"[Gen 9] OU","log":"|j|\u2606Dizay69\n|j|\u2606yyysneasel\n|t:|1700755634\n|gametype|singles\n|player|p1|Dizay69|n|1793\n|player|p2|yyysneasel|bugcatcher-gen4dp|1738\n|teamsize|p1|6\n|teamsize|p2|6\n|gen|9\n|tier|[Gen 9] OU\n|rated|\n|rule|Sleep Clause Mod: Limit one foe put to sleep\n|rule|Species Clause: Limit one of each Pok\u00e9mon\n|rule|OHKO Clause: OHKO moves are banned\n|rule|Evasion Items Clause: Evasion items are banned\n|rule|Evasion Moves Clause: Evasion moves are banned\n|rule|Endless Battle Clause: Forcing endless battles is banned\n|rule|HP Percentage Mod: HP is shown in percentages\n|clearpoke\n|poke|p1|Clefable, M|\n|poke|p1|Kingambit, M|\n|poke|p1|Landorus-Therian, M|\n|poke|p1|Cinderace, F|\n|poke|p1|Greninja-*, M|\n|poke|p1|Iron Valiant|\n|poke|p2|Corviknight, M|\n|poke|p2|Toxapex, F|\n|poke|p2|Dondozo, M|\n|poke|p2|Slowking-Galar, M|\n|poke|p2|Blissey, F|\n|poke|p2|Clefable, M|\n|teampreview\n|\n|t:|1700755645\n|start\n|switch|p1a: Clefable|Clefable, M|100\/100\n|switch|p2a: stannin on bihness|Toxapex, F|100\/100\n|turn|1\n|\n|t:|1700755648\n|move|p1a: Clefable|Knock Off|p2a: stannin on bihness\n|-damage|p2a: stannin on bihness|92\/100\n|-enditem|p2a: stannin on bihness|Heavy-Duty Boots|[from] move: Knock Off|[of] p1a: Clefable\n|move|p2a: stannin on bihness|Infestation|p1a: Clefable\n|-resisted|p1a: Clefable\n|-crit|p1a: Clefable\n|-damage|p1a: Clefable|99\/100\n|-activate|p1a: Clefable|move: Infestation|[of] p2a: stannin on bihness\n|\n|-heal|p1a: Clefable|100\/100|[from] item: Leftovers\n|upkeep\n|turn|2\n|\n|t:|1700755659\n|move|p1a: Clefable|Moonblast|p2a: stannin on bihness\n|-resisted|p2a: stannin on bihness\n|-damage|p2a: stannin on bihness|79\/100\n|-unboost|p2a: stannin on bihness|spa|1\n|move|p2a: stannin on bihness|Surf|p1a: Clefable\n|-damage|p1a: Clefable|91\/100\n|\n|-heal|p1a: Clefable|97\/100|[from] item: Leftovers\n|upkeep\n|turn|3\n|\n|t:|1700755667\n|move|p1a: Clefable|Moonblast|p2a: stannin on bihness\n|-resisted|p2a: stannin on bihness\n|-crit|p2a: stannin on bihness\n|-damage|p2a: stannin on bihness|59\/100\n|move|p2a: stannin on bihness|Surf|p1a: Clefable\n|-damage|p1a: Clefable|88\/100\n|\n|-heal|p1a: Clefable|94\/100|[from] item: Leftovers\n|upkeep\n|turn|4\n|\n|t:|1700755672\n|move|p1a: Clefable|Moonblast|p2a: stannin on bihness\n|-resisted|p2a: stannin on bihness\n|-damage|p2a: stannin on bihness|45\/100\n|-unboost|p2a: stannin on bihness|spa|1\n|move|p2a: stannin on bihness|Surf|p1a: Clefable\n|-damage|p1a: Clefable|87\/100\n|\n|-heal|p1a: Clefable|93\/100|[from] item: Leftovers\n|upkeep\n|turn|5\n|\n|t:|1700755675\n|move|p1a: Clefable|Moonblast|p2a: stannin on bihness\n|-resisted|p2a: stannin on bihness\n|-damage|p2a: stannin on bihness|32\/100\n|move|p2a: stannin on bihness|Recover|p2a: stannin on bihness\n|-heal|p2a: stannin on bihness|82\/100\n|\n|-heal|p1a: Clefable|99\/100|[from] item: Leftovers\n|upkeep\n|turn|6\n|\n|t:|1700755680\n|switch|p2a: Slowking|Slowking-Galar, M|100\/100\n|move|p1a: Clefable|Moonblast|p2a: Slowking\n|-resisted|p2a: Slowking\n|-damage|p2a: Slowking|87\/100\n|-unboost|p2a: Slowking|spa|1\n|\n|-heal|p1a: Clefable|100\/100|[from] item: Leftovers\n|-end|p1a: Clefable|Infestation|[partiallytrapped]\n|upkeep\n|turn|7\n|\n|t:|1700755683\n|switch|p2a: stannin on bihness|Toxapex, F|100\/100\n|move|p1a: Clefable|Knock Off|p2a: stannin on bihness\n|-damage|p2a: stannin on bihness|95\/100\n|\n|upkeep\n|turn|8\n|\n|t:|1700755693\n|switch|p1a: Landorus|Landorus-Therian, M|100\/100\n|-ability|p1a: Landorus|Intimidate|boost\n|-unboost|p2a: stannin on bihness|atk|1\n|move|p2a: stannin on bihness|Infestation|p1a: Landorus\n|-resisted|p1a: Landorus\n|-damage|p1a: Landorus|99\/100\n|-activate|p1a: Landorus|move: Infestation|[of] p2a: stannin on bihness\n|-damage|p2a: stannin on bihness|78\/100|[from] item: Rocky Helmet|[of] p1a: Landorus\n|\n|-damage|p1a: Landorus|86\/100|[from] move: Infestation|[partiallytrapped]\n|upkeep\n|turn|9\n|\n|t:|1700755694\n|move|p1a: Landorus|Stealth Rock|p2a: stannin on bihness\n|-sidestart|p2: yyysneasel|move: Stealth Rock\n|move|p2a: stannin on bihness|Toxic|p1a: Landorus\n|-status|p1a: Landorus|tox\n|\n|-damage|p1a: Landorus|80\/100 tox|[from] psn\n|-damage|p1a: Landorus|68\/100 tox|[from] move: Infestation|[partiallytrapped]\n|upkeep\n|turn|10\n|\n|t:|1700755698\n|switch|p2a: FreePalestine\ud83c\uddf5\ud83c\uddf8|Corviknight, M|100\/100\n|-damage|p2a: FreePalestine\ud83c\uddf5\ud83c\uddf8|88\/100|[from] Stealth Rock\n|-ability|p2a: FreePalestine\ud83c\uddf5\ud83c\uddf8|Pressure\n|move|p1a: Landorus|U-turn|p2a: FreePalestine\ud83c\uddf5\ud83c\uddf8\n|-resisted|p2a: FreePalestine\ud83c\uddf5\ud83c\uddf8\n|-damage|p2a: FreePalestine\ud83c\uddf5\ud83c\uddf8|85\/100\n|-damage|p1a: Landorus|52\/100 tox|[from] item: Rocky Helmet|[of] p2a: FreePalestine\ud83c\uddf5\ud83c\uddf8\n|\n|t:|1700755702\n|switch|p1a: Cinderace|Cinderace, F|100\/100|[from] U-turn\n|\n|upkeep\n|turn|11\n|\n|t:|1700755704\n|switch|p2a: stannin on bihness|Toxapex, F|100\/100\n|-damage|p2a: stannin on bihness|88\/100|[from] Stealth Rock\n|move|p1a: Cinderace|Will-O-Wisp|p2a: stannin on bihness\n|-status|p2a: stannin on bihness|brn\n|\n|-damage|p2a: stannin on bihness|82\/100 brn|[from] brn\n|upkeep\n|turn|12\n|\n|t:|1700755708\n|move|p1a: Cinderace|U-turn|p2a: stannin on bihness\n|-start|p1a: Cinderace|typechange|Bug|[from] ability: Libero\n|-resisted|p2a: stannin on bihness\n|-damage|p2a: stannin on bihness|72\/100 brn\n|\n|t:|1700755714\n|switch|p1a: Clefable|Clefable, M|100\/100|[from] U-turn\n|move|p2a: stannin on bihness|Infestation|p1a: Clefable\n|-resisted|p1a: Clefable\n|-damage|p1a: Clefable|99\/100\n|-activate|p1a: Clefable|move: Infestation|[of] p2a: stannin on bihness\n|\n|-heal|p1a: Clefable|100\/100|[from] item: Leftovers\n|-damage|p2a: stannin on bihness|66\/100 brn|[from] brn\n|upkeep\n|turn|13\n|\n|t:|1700755720\n|move|p1a: Clefable|Knock Off|p2a: stannin on bihness\n|-damage|p2a: stannin on bihness|60\/100 brn\n|move|p2a: stannin on bihness|Surf|p1a: Clefable\n|-damage|p1a: Clefable|87\/100\n|\n|-heal|p1a: Clefable|93\/100|[from] item: Leftovers\n|-damage|p2a: stannin on bihness|54\/100 brn|[from] brn\n|upkeep\n|turn|14\n|j| Shurican\n|\n|t:|1700755725\n|move|p1a: Clefable|Moonblast|p2a: stannin on bihness\n|-resisted|p2a: stannin on bihness\n|-damage|p2a: stannin on bihness|41\/100 brn\n|move|p2a: stannin on bihness|Recover|p2a: stannin on bihness\n|-heal|p2a: stannin on bihness|92\/100 brn\n|\n|-heal|p1a: Clefable|99\/100|[from] item: Leftovers\n|-damage|p2a: stannin on bihness|86\/100 brn|[from] brn\n|upkeep\n|turn|15\n|\n|t:|1700755729\n|switch|p2a: FreePalestine\ud83c\uddf5\ud83c\uddf8|Corviknight, M|85\/100\n|-damage|p2a: FreePalestine\ud83c\uddf5\ud83c\uddf8|73\/100|[from] Stealth Rock\n|-ability|p2a: FreePalestine\ud83c\uddf5\ud83c\uddf8|Pressure\n|move|p1a: Clefable|Knock Off|p2a: FreePalestine\ud83c\uddf5\ud83c\uddf8\n|-damage|p2a: FreePalestine\ud83c\uddf5\ud83c\uddf8|64\/100\n|-enditem|p2a: FreePalestine\ud83c\uddf5\ud83c\uddf8|Rocky Helmet|[from] move: Knock Off|[of] p1a: Clefable\n|\n|-heal|p1a: Clefable|100\/100|[from] item: Leftovers\n|-end|p1a: Clefable|Infestation|[partiallytrapped]|[silent]\n|upkeep\n|turn|16\n|\n|t:|1700755734\n|move|p2a: FreePalestine\ud83c\uddf5\ud83c\uddf8|Defog|p1a: Clefable\n|-unboost|p1a: Clefable|evasion|1\n|-sideend|p2: yyysneasel|Stealth Rock|[from] move: Defog|[of] p2a: FreePalestine\ud83c\uddf5\ud83c\uddf8\n|move|p1a: Clefable|Wish|p1a: Clefable\n|\n|upkeep\n|turn|17\n|\n|t:|1700755739\n|switch|p1a: Landorus|Landorus-Therian, M|52\/100 tox\n|-ability|p1a: Landorus|Intimidate|boost\n|-unboost|p2a: FreePalestine\ud83c\uddf5\ud83c\uddf8|atk|1\n|move|p2a: FreePalestine\ud83c\uddf5\ud83c\uddf8|Roost|p2a: FreePalestine\ud83c\uddf5\ud83c\uddf8\n|-heal|p2a: FreePalestine\ud83c\uddf5\ud83c\uddf8|100\/100\n|-singleturn|p2a: FreePalestine\ud83c\uddf5\ud83c\uddf8|move: Roost\n|\n|-heal|p1a: Landorus|100\/100 tox|[from] move: Wish|[wisher] Clefable\n|-damage|p1a: Landorus|94\/100 tox|[from] psn\n|upkeep\n|turn|18\n|\n|t:|1700755741\n|move|p1a: Landorus|Stealth Rock|p2a: FreePalestine\ud83c\uddf5\ud83c\uddf8\n|-sidestart|p2: yyysneasel|move: Stealth Rock\n|move|p2a: FreePalestine\ud83c\uddf5\ud83c\uddf8|Brave Bird|p1a: Landorus\n|-damage|p1a: Landorus|77\/100 tox\n|-damage|p2a: FreePalestine\ud83c\uddf5\ud83c\uddf8|84\/100|[from] item: Rocky Helmet|[of] p1a: Landorus\n|-damage|p2a: FreePalestine\ud83c\uddf5\ud83c\uddf8|78\/100|[from] Recoil\n|\n|-damage|p1a: Landorus|65\/100 tox|[from] psn\n|upkeep\n|turn|19\n|\n|t:|1700755743\n|move|p1a: Landorus|U-turn|p2a: FreePalestine\ud83c\uddf5\ud83c\uddf8\n|-resisted|p2a: FreePalestine\ud83c\uddf5\ud83c\uddf8\n|-damage|p2a: FreePalestine\ud83c\uddf5\ud83c\uddf8|75\/100\n|\n|t:|1700755745\n|switch|p1a: Cinderace|Cinderace, F|100\/100|[from] U-turn\n|move|p2a: FreePalestine\ud83c\uddf5\ud83c\uddf8|Defog|p1a: Cinderace\n|-unboost|p1a: Cinderace|evasion|1\n|-sideend|p2: yyysneasel|Stealth Rock|[from] move: Defog|[of] p2a: FreePalestine\ud83c\uddf5\ud83c\uddf8\n|\n|upkeep\n|turn|20\n|\n|t:|1700755749\n|switch|p2a: stannin on bihness|Toxapex, F|100\/100 brn\n|move|p1a: Cinderace|U-turn|p2a: stannin on bihness\n|-start|p1a: Cinderace|typechange|Bug|[from] ability: Libero\n|-resisted|p2a: stannin on bihness\n|-damage|p2a: stannin on bihness|91\/100 brn\n|\n|t:|1700755753\n|switch|p1a: Kingambit|Kingambit, M|100\/100|[from] U-turn\n|\n|-damage|p2a: stannin on bihness|85\/100 brn|[from] brn\n|upkeep\n|turn|21\n|\n|t:|1700755762\n|-end|p1a: Kingambit|fallenundefined|[silent]\n|switch|p1a: Clefable|Clefable, M|100\/100\n|move|p2a: stannin on bihness|Infestation|p1a: Clefable\n|-resisted|p1a: Clefable\n|-damage|p1a: Clefable|99\/100\n|-activate|p1a: Clefable|move: Infestation|[of] p2a: stannin on bihness\n|\n|-heal|p1a: Clefable|100\/100|[from] item: Leftovers\n|-damage|p2a: stannin on bihness|79\/100 brn|[from] brn\n|upkeep\n|turn|22\n|\n|t:|1700755767\n|switch|p2a: FreePalestine\ud83c\uddf5\ud83c\uddf8|Corviknight, M|75\/100\n|-ability|p2a: FreePalestine\ud83c\uddf5\ud83c\uddf8|Pressure\n|move|p1a: Clefable|Protect||[still]\n|-fail|p1a: Clefable\n|\n|-end|p1a: Clefable|Infestation|[partiallytrapped]|[silent]\n|upkeep\n|turn|23\n|\n|t:|1700755770\n|move|p2a: FreePalestine\ud83c\uddf5\ud83c\uddf8|Brave Bird|p1a: Clefable\n|-damage|p1a: Clefable|58\/100\n|-damage|p2a: FreePalestine\ud83c\uddf5\ud83c\uddf8|61\/100|[from] Recoil\n|move|p1a: Clefable|Moonblast|p2a: FreePalestine\ud83c\uddf5\ud83c\uddf8\n|-resisted|p2a: FreePalestine\ud83c\uddf5\ud83c\uddf8\n|-damage|p2a: FreePalestine\ud83c\uddf5\ud83c\uddf8|47\/100\n|\n|-heal|p1a: Clefable|64\/100|[from] item: Leftovers\n|upkeep\n|turn|24\n|\n|t:|1700755778\n|move|p2a: FreePalestine\ud83c\uddf5\ud83c\uddf8|Roost|p2a: FreePalestine\ud83c\uddf5\ud83c\uddf8\n|-heal|p2a: FreePalestine\ud83c\uddf5\ud83c\uddf8|97\/100\n|-singleturn|p2a: FreePalestine\ud83c\uddf5\ud83c\uddf8|move: Roost\n|move|p1a: Clefable|Wish|p1a: Clefable\n|\n|-heal|p1a: Clefable|70\/100|[from] item: Leftovers\n|upkeep\n|turn|25\n|\n|t:|1700755782\n|switch|p2a: stannin on bihness|Toxapex, F|100\/100 brn\n|switch|p1a: Landorus|Landorus-Therian, M|65\/100 tox\n|-ability|p1a: Landorus|Intimidate|boost\n|-unboost|p2a: stannin on bihness|atk|1\n|\n|-heal|p1a: Landorus|100\/100 tox|[from] move: Wish|[wisher] Clefable\n|-damage|p1a: Landorus|94\/100 tox|[from] psn\n|-damage|p2a: stannin on bihness|95\/100 brn|[from] brn\n|upkeep\n|turn|26\n|\n|t:|1700755789\n|switch|p2a: FreePalestine\ud83c\uddf5\ud83c\uddf8|Corviknight, M|97\/100\n|-ability|p2a: FreePalestine\ud83c\uddf5\ud83c\uddf8|Pressure\n|move|p1a: Landorus|U-turn|p2a: FreePalestine\ud83c\uddf5\ud83c\uddf8\n|-resisted|p2a: FreePalestine\ud83c\uddf5\ud83c\uddf8\n|-damage|p2a: FreePalestine\ud83c\uddf5\ud83c\uddf8|94\/100\n|\n|t:|1700755797\n|switch|p1a: Greninja|Greninja, M|100\/100|[from] U-turn\n|\n|upkeep\n|turn|27\n|\n|t:|1700755806\n|switch|p2a: stannin on bihness|Toxapex, F|100\/100 brn\n|move|p1a: Greninja|Dark Pulse|p2a: stannin on bihness\n|-start|p1a: Greninja|typechange|Dark|[from] ability: Protean\n|-damage|p2a: stannin on bihness|59\/100 brn\n|\n|-damage|p2a: stannin on bihness|53\/100 brn|[from] brn\n|upkeep\n|turn|28\n|\n|t:|1700755814\n|switch|p1a: Landorus|Landorus-Therian, M|94\/100 tox\n|-ability|p1a: Landorus|Intimidate|boost\n|-unboost|p2a: stannin on bihness|atk|1\n|switch|p2a: ban dengo ffs|Blissey, F|100\/100\n|\n|-damage|p1a: Landorus|88\/100 tox|[from] psn\n|upkeep\n|turn|29\n|\n|t:|1700755816\n|switch|p2a: FreePalestine\ud83c\uddf5\ud83c\uddf8|Corviknight, M|94\/100\n|-ability|p2a: FreePalestine\ud83c\uddf5\ud83c\uddf8|Pressure\n|move|p1a: Landorus|Stealth Rock|p2a: FreePalestine\ud83c\uddf5\ud83c\uddf8\n|-sidestart|p2: yyysneasel|move: Stealth Rock\n|\n|-damage|p1a: Landorus|76\/100 tox|[from] psn\n|upkeep\n|turn|30\n|\n|t:|1700755820\n|move|p1a: Landorus|U-turn|p2a: FreePalestine\ud83c\uddf5\ud83c\uddf8\n|-resisted|p2a: FreePalestine\ud83c\uddf5\ud83c\uddf8\n|-damage|p2a: FreePalestine\ud83c\uddf5\ud83c\uddf8|91\/100\n|\n|t:|1700755822\n|switch|p1a: Kingambit|Kingambit, M|100\/100|[from] U-turn\n|move|p2a: FreePalestine\ud83c\uddf5\ud83c\uddf8|Defog|p1a: Kingambit\n|-unboost|p1a: Kingambit|evasion|1\n|-sideend|p2: yyysneasel|Stealth Rock|[from] move: Defog|[of] p2a: FreePalestine\ud83c\uddf5\ud83c\uddf8\n|\n|upkeep\n|turn|31\n|\n|t:|1700755827\n|-end|p1a: Kingambit|fallenundefined|[silent]\n|switch|p1a: Clefable|Clefable, M|70\/100\n|switch|p2a: Ripbozo \ud83d\ude02 \ud83d\ude02|Dondozo, M|100\/100\n|\n|-heal|p1a: Clefable|76\/100|[from] item: Leftovers\n|upkeep\n|turn|32\n|\n|t:|1700755830\n|switch|p2a: stannin on bihness|Toxapex, F|86\/100 brn\n|move|p1a: Clefable|Knock Off|p2a: stannin on bihness\n|-damage|p2a: stannin on bihness|80\/100 brn\n|\n|-heal|p1a: Clefable|82\/100|[from] item: Leftovers\n|-damage|p2a: stannin on bihness|74\/100 brn|[from] brn\n|upkeep\n|turn|33\n|\n|t:|1700755838\n|switch|p2a: FreePalestine\ud83c\uddf5\ud83c\uddf8|Corviknight, M|91\/100\n|-ability|p2a: FreePalestine\ud83c\uddf5\ud83c\uddf8|Pressure\n|move|p1a: Clefable|Wish|p1a: Clefable\n|\n|-heal|p1a: Clefable|88\/100|[from] item: Leftovers\n|upkeep\n|turn|34\n|\n|t:|1700755842\n|switch|p2a: stannin on bihness|Toxapex, F|100\/100 brn\n|switch|p1a: Landorus|Landorus-Therian, M|76\/100 tox\n|-ability|p1a: Landorus|Intimidate|boost\n|-unboost|p2a: stannin on bihness|atk|1\n|\n|-heal|p1a: Landorus|100\/100 tox|[from] move: Wish|[wisher] Clefable\n|-damage|p1a: Landorus|94\/100 tox|[from] psn\n|-damage|p2a: stannin on bihness|95\/100 brn|[from] brn\n|upkeep\n|turn|35\n|\n|t:|1700755845\n|switch|p2a: FreePalestine\ud83c\uddf5\ud83c\uddf8|Corviknight, M|91\/100\n|-ability|p2a: FreePalestine\ud83c\uddf5\ud83c\uddf8|Pressure\n|move|p1a: Landorus|Earthquake|p2a: FreePalestine\ud83c\uddf5\ud83c\uddf8\n|-immune|p2a: FreePalestine\ud83c\uddf5\ud83c\uddf8\n|\n|-damage|p1a: Landorus|82\/100 tox|[from] psn\n|upkeep\n|turn|36\n|\n|t:|1700755851\n|move|p1a: Landorus|U-turn|p2a: FreePalestine\ud83c\uddf5\ud83c\uddf8\n|-resisted|p2a: FreePalestine\ud83c\uddf5\ud83c\uddf8\n|-damage|p2a: FreePalestine\ud83c\uddf5\ud83c\uddf8|88\/100\n|\n|t:|1700755854\n|switch|p1a: Clefable|Clefable, M|88\/100|[from] U-turn\n|move|p2a: FreePalestine\ud83c\uddf5\ud83c\uddf8|Defog|p1a: Clefable\n|-unboost|p1a: Clefable|evasion|1\n|\n|-heal|p1a: Clefable|94\/100|[from] item: Leftovers\n|upkeep\n|turn|37\n|\n|t:|1700755865\n|switch|p2a: stannin on bihness|Toxapex, F|100\/100 brn\n|move|p1a: Clefable|Moonblast|p2a: stannin on bihness\n|-resisted|p2a: stannin on bihness\n|-damage|p2a: stannin on bihness|88\/100 brn\n|\n|-heal|p1a: Clefable|99\/100|[from] item: Leftovers\n|-damage|p2a: stannin on bihness|82\/100 brn|[from] brn\n|upkeep\n|turn|38\n|\n|t:|1700755871\n|switch|p1a: Cinderace|Cinderace, F|100\/100\n|move|p2a: stannin on bihness|Infestation|p1a: Cinderace\n|-resisted|p1a: Cinderace\n|-damage|p1a: Cinderace|99\/100\n|-activate|p1a: Cinderace|move: Infestation|[of] p2a: stannin on bihness\n|\n|-damage|p2a: stannin on bihness|76\/100 brn|[from] brn\n|-damage|p1a: Cinderace|86\/100|[from] move: Infestation|[partiallytrapped]\n|upkeep\n|turn|39\n|\n|t:|1700755875\n|move|p1a: Cinderace|U-turn|p2a: stannin on bihness\n|-start|p1a: Cinderace|typechange|Bug|[from] ability: Libero\n|-resisted|p2a: stannin on bihness\n|-damage|p2a: stannin on bihness|66\/100 brn\n|\n|t:|1700755887\n|switch|p1a: Clefable|Clefable, M|99\/100|[from] U-turn\n|move|p2a: stannin on bihness|Infestation|p1a: Clefable\n|-resisted|p1a: Clefable\n|-damage|p1a: Clefable|99\/100\n|-activate|p1a: Clefable|move: Infestation|[of] p2a: stannin on bihness\n|\n|-heal|p1a: Clefable|100\/100|[from] item: Leftovers\n|-damage|p2a: stannin on bihness|60\/100 brn|[from] brn\n|upkeep\n|turn|40\n|j| qiuw\n|\n|t:|1700755893\n|switch|p2a: FreePalestine\ud83c\uddf5\ud83c\uddf8|Corviknight, M|88\/100\n|-ability|p2a: FreePalestine\ud83c\uddf5\ud83c\uddf8|Pressure\n|move|p1a: Clefable|Moonblast|p2a: FreePalestine\ud83c\uddf5\ud83c\uddf8\n|-resisted|p2a: FreePalestine\ud83c\uddf5\ud83c\uddf8\n|-damage|p2a: FreePalestine\ud83c\uddf5\ud83c\uddf8|73\/100\n|\n|-end|p1a: Clefable|Infestation|[partiallytrapped]|[silent]\n|upkeep\n|turn|41\n|\n|t:|1700755897\n|switch|p2a: stannin on bihness|Toxapex, F|93\/100 brn\n|switch|p1a: Landorus|Landorus-Therian, M|82\/100 tox\n|-ability|p1a: Landorus|Intimidate|boost\n|-unboost|p2a: stannin on bihness|atk|1\n|\n|-damage|p1a: Landorus|76\/100 tox|[from] psn\n|-damage|p2a: stannin on bihness|87\/100 brn|[from] brn\n|upkeep\n|turn|42\n|\n|t:|1700755899\n|switch|p2a: FreePalestine\ud83c\uddf5\ud83c\uddf8|Corviknight, M|73\/100\n|-ability|p2a: FreePalestine\ud83c\uddf5\ud83c\uddf8|Pressure\n|move|p1a: Landorus|Stealth Rock|p2a: FreePalestine\ud83c\uddf5\ud83c\uddf8\n|-sidestart|p2: yyysneasel|move: Stealth Rock\n|\n|-damage|p1a: Landorus|64\/100 tox|[from] psn\n|upkeep\n|turn|43\n|\n|t:|1700755902\n|move|p1a: Landorus|U-turn|p2a: FreePalestine\ud83c\uddf5\ud83c\uddf8\n|-resisted|p2a: FreePalestine\ud83c\uddf5\ud83c\uddf8\n|-damage|p2a: FreePalestine\ud83c\uddf5\ud83c\uddf8|70\/100\n|j| Devilex\n|\n|t:|1700755908\n|switch|p1a: Greninja|Greninja, M|100\/100|[from] U-turn\n|move|p2a: FreePalestine\ud83c\uddf5\ud83c\uddf8|Defog|p1a: Greninja\n|-unboost|p1a: Greninja|evasion|1\n|-sideend|p2: yyysneasel|Stealth Rock|[from] move: Defog|[of] p2a: FreePalestine\ud83c\uddf5\ud83c\uddf8\n|\n|upkeep\n|turn|44\n|\n|t:|1700755921\n|switch|p2a: stannin on bihness|Toxapex, F|100\/100 brn\n|move|p1a: Greninja|Dark Pulse|p2a: stannin on bihness\n|-start|p1a: Greninja|typechange|Dark|[from] ability: Protean\n|-damage|p2a: stannin on bihness|53\/100 brn\n|\n|-damage|p2a: stannin on bihness|47\/100 brn|[from] brn\n|upkeep\n|turn|45\n|l| qiuw\n|\n|t:|1700755934\n|switch|p2a: ban dengo ffs|Blissey, F|100\/100\n|move|p1a: Greninja|Dark Pulse|p2a: ban dengo ffs\n|-damage|p2a: ban dengo ffs|81\/100\n|\n|upkeep\n|turn|46\n|\n|t:|1700755938\n|switch|p1a: Clefable|Clefable, M|100\/100\n|move|p2a: ban dengo ffs|Seismic Toss|p1a: Clefable\n|-damage|p1a: Clefable|75\/100\n|\n|-heal|p1a: Clefable|81\/100|[from] item: Leftovers\n|upkeep\n|turn|47\n|\n|t:|1700755944\n|switch|p1a: Greninja|Greninja, M|100\/100\n|switch|p2a: stannin on bihness|Toxapex, F|80\/100 brn\n|\n|-damage|p2a: stannin on bihness|74\/100 brn|[from] brn\n|upkeep\n|turn|48\n|\n|t:|1700755957\n|switch|p1a: Clefable|Clefable, M|81\/100\n|move|p2a: stannin on bihness|Toxic|p1a: Clefable\n|-status|p1a: Clefable|tox\n|\n|-heal|p1a: Clefable|87\/100 tox|[from] item: Leftovers\n|-damage|p2a: stannin on bihness|68\/100 brn|[from] brn\n|upkeep\n|turn|49\n|\n|t:|1700755965\n|move|p1a: Clefable|Wish|p1a: Clefable\n|move|p2a: stannin on bihness|Infestation|p1a: Clefable\n|-resisted|p1a: Clefable\n|-damage|p1a: Clefable|86\/100 tox\n|-activate|p1a: Clefable|move: Infestation|[of] p2a: stannin on bihness\n|\n|-heal|p1a: Clefable|92\/100 tox|[from] item: Leftovers\n|-damage|p2a: stannin on bihness|63\/100 brn|[from] brn\n|upkeep\n|turn|50\n|\n|t:|1700755970\n|switch|p2a: FreePalestine\ud83c\uddf5\ud83c\uddf8|Corviknight, M|70\/100\n|-ability|p2a: FreePalestine\ud83c\uddf5\ud83c\uddf8|Pressure\n|move|p1a: Clefable|Moonblast|p2a: FreePalestine\ud83c\uddf5\ud83c\uddf8\n|-resisted|p2a: FreePalestine\ud83c\uddf5\ud83c\uddf8\n|-damage|p2a: FreePalestine\ud83c\uddf5\ud83c\uddf8|55\/100\n|\n|-heal|p1a: Clefable|100\/100 tox|[from] move: Wish|[wisher] Clefable\n|-end|p1a: Clefable|Infestation|[partiallytrapped]|[silent]\n|upkeep\n|turn|51\n|\n|t:|1700755973\n|move|p2a: FreePalestine\ud83c\uddf5\ud83c\uddf8|Roost|p2a: FreePalestine\ud83c\uddf5\ud83c\uddf8\n|-heal|p2a: FreePalestine\ud83c\uddf5\ud83c\uddf8|100\/100\n|-singleturn|p2a: FreePalestine\ud83c\uddf5\ud83c\uddf8|move: Roost\n|move|p1a: Clefable|Wish|p1a: Clefable\n|\n|upkeep\n|turn|52\n|\n|t:|1700755977\n|switch|p2a: stannin on bihness|Toxapex, F|96\/100 brn\n|switch|p1a: Landorus|Landorus-Therian, M|64\/100 tox\n|-ability|p1a: Landorus|Intimidate|boost\n|-unboost|p2a: stannin on bihness|atk|1\n|\n|-heal|p1a: Landorus|100\/100 tox|[from] move: Wish|[wisher] Clefable\n|-damage|p1a: Landorus|94\/100 tox|[from] psn\n|-damage|p2a: stannin on bihness|90\/100 brn|[from] brn\n|upkeep\n|turn|53\n|\n|t:|1700755982\n|switch|p2a: FreePalestine\ud83c\uddf5\ud83c\uddf8|Corviknight, M|100\/100\n|-ability|p2a: FreePalestine\ud83c\uddf5\ud83c\uddf8|Pressure\n|move|p1a: Landorus|Stealth Rock|p2a: FreePalestine\ud83c\uddf5\ud83c\uddf8\n|-sidestart|p2: yyysneasel|move: Stealth Rock\n|\n|-damage|p1a: Landorus|82\/100 tox|[from] psn\n|upkeep\n|turn|54\n|\n|t:|1700755986\n|switch|p1a: Cinderace|Cinderace, F|86\/100\n|move|p2a: FreePalestine\ud83c\uddf5\ud83c\uddf8|Defog|p1a: Cinderace\n|-unboost|p1a: Cinderace|evasion|1\n|-sideend|p2: yyysneasel|Stealth Rock|[from] move: Defog|[of] p2a: FreePalestine\ud83c\uddf5\ud83c\uddf8\n|\n|upkeep\n|turn|55\n|\n|t:|1700755993\n|switch|p2a: stannin on bihness|Toxapex, F|100\/100 brn\n|move|p1a: Cinderace|U-turn|p2a: stannin on bihness\n|-start|p1a: Cinderace|typechange|Bug|[from] ability: Libero\n|-resisted|p2a: stannin on bihness\n|-damage|p2a: stannin on bihness|90\/100 brn\n|\n|t:|1700755995\n|switch|p1a: Greninja|Greninja, M|100\/100|[from] U-turn\n|\n|-damage|p2a: stannin on bihness|84\/100 brn|[from] brn\n|upkeep\n|turn|56\n|\n|t:|1700755999\n|switch|p1a: Clefable|Clefable, M|100\/100 tox\n|move|p2a: stannin on bihness|Toxic|p1a: Clefable\n|-fail|p1a: Clefable|tox\n|\n|-damage|p2a: stannin on bihness|78\/100 brn|[from] brn\n|upkeep\n|turn|57\n|\n|t:|1700756008\n|switch|p1a: Landorus|Landorus-Therian, M|82\/100 tox\n|-ability|p1a: Landorus|Intimidate|boost\n|-unboost|p2a: stannin on bihness|atk|1\n|move|p2a: stannin on bihness|Infestation|p1a: Landorus\n|-resisted|p1a: Landorus\n|-damage|p1a: Landorus|81\/100 tox\n|-activate|p1a: Landorus|move: Infestation|[of] p2a: stannin on bihness\n|-damage|p2a: stannin on bihness|62\/100 brn|[from] item: Rocky Helmet|[of] p1a: Landorus\n|\n|-damage|p1a: Landorus|75\/100 tox|[from] psn\n|-damage|p2a: stannin on bihness|56\/100 brn|[from] brn\n|-damage|p1a: Landorus|62\/100 tox|[from] move: Infestation|[partiallytrapped]\n|upkeep\n|turn|58\n|\n|t:|1700756010\n|switch|p2a: FreePalestine\ud83c\uddf5\ud83c\uddf8|Corviknight, M|100\/100\n|-ability|p2a: FreePalestine\ud83c\uddf5\ud83c\uddf8|Pressure\n|move|p1a: Landorus|U-turn|p2a: FreePalestine\ud83c\uddf5\ud83c\uddf8\n|-resisted|p2a: FreePalestine\ud83c\uddf5\ud83c\uddf8\n|-damage|p2a: FreePalestine\ud83c\uddf5\ud83c\uddf8|97\/100\n|\n|t:|1700756015\n|switch|p1a: Greninja|Greninja, M|100\/100|[from] U-turn\n|\n|upkeep\n|turn|59\n|\n|t:|1700756024\n|switch|p2a: stannin on bihness|Toxapex, F|89\/100 brn\n|move|p1a: Greninja|Dark Pulse|p2a: stannin on bihness\n|-start|p1a: Greninja|typechange|Dark|[from] ability: Protean\n|-damage|p2a: stannin on bihness|42\/100 brn\n|\n|-damage|p2a: stannin on bihness|36\/100 brn|[from] brn\n|upkeep\n|turn|60\n|\n|t:|1700756028\n|switch|p2a: ban dengo ffs|Blissey, F|81\/100\n|move|p1a: Greninja|Dark Pulse|p2a: ban dengo ffs\n|-damage|p2a: ban dengo ffs|60\/100\n|\n|upkeep\n|turn|61\n|\n|t:|1700756032\n|move|p1a: Greninja|Dark Pulse|p2a: ban dengo ffs\n|-damage|p2a: ban dengo ffs|40\/100\n|move|p2a: ban dengo ffs|Soft-Boiled|p2a: ban dengo ffs\n|-heal|p2a: ban dengo ffs|90\/100\n|\n|upkeep\n|turn|62\n|\n|t:|1700756037\n|switch|p1a: Clefable|Clefable, M|100\/100 tox\n|move|p2a: ban dengo ffs|Seismic Toss|p1a: Clefable\n|-damage|p1a: Clefable|75\/100 tox\n|\n|-heal|p1a: Clefable|81\/100 tox|[from] item: Leftovers\n|upkeep\n|turn|63\n|\n|t:|1700756045\n|switch|p1a: Cinderace|Cinderace, F|86\/100\n|switch|p2a: stannin on bihness|Toxapex, F|69\/100 brn\n|\n|-damage|p2a: stannin on bihness|63\/100 brn|[from] brn\n|upkeep\n|turn|64\n|\n|t:|1700756048\n|move|p1a: Cinderace|U-turn|p2a: stannin on bihness\n|-start|p1a: Cinderace|typechange|Bug|[from] ability: Libero\n|-resisted|p2a: stannin on bihness\n|-damage|p2a: stannin on bihness|53\/100 brn\n|\n|t:|1700756050\n|switch|p1a: Clefable|Clefable, M|81\/100 tox|[from] U-turn\n|move|p2a: stannin on bihness|Infestation|p1a: Clefable\n|-resisted|p1a: Clefable\n|-damage|p1a: Clefable|80\/100 tox\n|-activate|p1a: Clefable|move: Infestation|[of] p2a: stannin on bihness\n|\n|-heal|p1a: Clefable|86\/100 tox|[from] item: Leftovers\n|-damage|p2a: stannin on bihness|47\/100 brn|[from] brn\n|upkeep\n|turn|65\n|\n|t:|1700756055\n|switch|p2a: FreePalestine\ud83c\uddf5\ud83c\uddf8|Corviknight, M|97\/100\n|-ability|p2a: FreePalestine\ud83c\uddf5\ud83c\uddf8|Pressure\n|move|p1a: Clefable|Knock Off|p2a: FreePalestine\ud83c\uddf5\ud83c\uddf8\n|-damage|p2a: FreePalestine\ud83c\uddf5\ud83c\uddf8|91\/100\n|\n|-heal|p1a: Clefable|92\/100 tox|[from] item: Leftovers\n|-end|p1a: Clefable|Infestation|[partiallytrapped]|[silent]\n|upkeep\n|turn|66\n|\n|t:|1700756060\n|switch|p2a: stannin on bihness|Toxapex, F|81\/100 brn\n|move|p1a: Clefable|Wish|p1a: Clefable\n|\n|-heal|p1a: Clefable|98\/100 tox|[from] item: Leftovers\n|-damage|p2a: stannin on bihness|75\/100 brn|[from] brn\n|upkeep\n|turn|67\n|\n|t:|1700756063\n|switch|p1a: Landorus|Landorus-Therian, M|62\/100 tox\n|-ability|p1a: Landorus|Intimidate|boost\n|-unboost|p2a: stannin on bihness|atk|1\n|move|p2a: stannin on bihness|Infestation|p1a: Landorus\n|-resisted|p1a: Landorus\n|-damage|p1a: Landorus|61\/100 tox\n|-activate|p1a: Landorus|move: Infestation|[of] p2a: stannin on bihness\n|-damage|p2a: stannin on bihness|58\/100 brn|[from] item: Rocky Helmet|[of] p1a: Landorus\n|\n|-heal|p1a: Landorus|100\/100 tox|[from] move: Wish|[wisher] Clefable\n|-damage|p1a: Landorus|94\/100 tox|[from] psn\n|-damage|p2a: stannin on bihness|52\/100 brn|[from] brn\n|-damage|p1a: Landorus|82\/100 tox|[from] move: Infestation|[partiallytrapped]\n|upkeep\n|turn|68\n|\n|t:|1700756071\n|switch|p2a: FreePalestine\ud83c\uddf5\ud83c\uddf8|Corviknight, M|91\/100\n|-ability|p2a: FreePalestine\ud83c\uddf5\ud83c\uddf8|Pressure\n|move|p1a: Landorus|U-turn|p2a: FreePalestine\ud83c\uddf5\ud83c\uddf8\n|-resisted|p2a: FreePalestine\ud83c\uddf5\ud83c\uddf8\n|-damage|p2a: FreePalestine\ud83c\uddf5\ud83c\uddf8|87\/100\n|\n|t:|1700756074\n|switch|p1a: Greninja|Greninja, M|100\/100|[from] U-turn\n|\n|upkeep\n|turn|69\n|\n|t:|1700756077\n|switch|p2a: stannin on bihness|Toxapex, F|86\/100 brn\n|move|p1a: Greninja|Dark Pulse|p2a: stannin on bihness\n|-start|p1a: Greninja|typechange|Dark|[from] ability: Protean\n|-damage|p2a: stannin on bihness|40\/100 brn\n|\n|-damage|p2a: stannin on bihness|34\/100 brn|[from] brn\n|upkeep\n|turn|70\n|\n|t:|1700756081\n|switch|p2a: ban dengo ffs|Blissey, F|90\/100\n|move|p1a: Greninja|Dark Pulse|p2a: ban dengo ffs\n|-damage|p2a: ban dengo ffs|71\/100\n|\n|upkeep\n|turn|71\n|j| xzxzxt\n|\n|t:|1700756086\n|switch|p1a: Kingambit|Kingambit, M|100\/100\n|move|p2a: ban dengo ffs|Seismic Toss|p1a: Kingambit\n|-damage|p1a: Kingambit|73\/100\n|\n|upkeep\n|turn|72\n|\n|t:|1700756094\n|-end|p1a: Kingambit|fallenundefined|[silent]\n|switch|p1a: Greninja|Greninja, M|100\/100\n|switch|p2a: Ripbozo \ud83d\ude02 \ud83d\ude02|Dondozo, M|100\/100\n|\n|upkeep\n|turn|73\n|\n|t:|1700756097\n|switch|p2a: ban dengo ffs|Blissey, F|71\/100\n|move|p1a: Greninja|Dark Pulse|p2a: ban dengo ffs\n|-start|p1a: Greninja|typechange|Dark|[from] ability: Protean\n|-damage|p2a: ban dengo ffs|50\/100\n|\n|upkeep\n|turn|74\n|\n|t:|1700756100\n|move|p1a: Greninja|Dark Pulse|p2a: ban dengo ffs\n|-damage|p2a: ban dengo ffs|32\/100\n|move|p2a: ban dengo ffs|Soft-Boiled|p2a: ban dengo ffs\n|-heal|p2a: ban dengo ffs|82\/100\n|\n|upkeep\n|turn|75\n|\n|t:|1700756104\n|switch|p1a: Clefable|Clefable, M|98\/100 tox\n|move|p2a: ban dengo ffs|Seismic Toss|p1a: Clefable\n|-damage|p1a: Clefable|73\/100 tox\n|\n|-heal|p1a: Clefable|79\/100 tox|[from] item: Leftovers\n|upkeep\n|turn|76\n|\n|t:|1700756115\n|switch|p1a: Landorus|Landorus-Therian, M|82\/100 tox\n|-ability|p1a: Landorus|Intimidate|boost\n|-unboost|p2a: ban dengo ffs|atk|1\n|switch|p2a: stannin on bihness|Toxapex, F|67\/100 brn\n|\n|-damage|p1a: Landorus|76\/100 tox|[from] psn\n|-damage|p2a: stannin on bihness|62\/100 brn|[from] brn\n|upkeep\n|turn|77\n|\n|t:|1700756118\n|switch|p2a: FreePalestine\ud83c\uddf5\ud83c\uddf8|Corviknight, M|87\/100\n|-ability|p2a: FreePalestine\ud83c\uddf5\ud83c\uddf8|Pressure\n|move|p1a: Landorus|Stealth Rock|p2a: FreePalestine\ud83c\uddf5\ud83c\uddf8\n|-sidestart|p2: yyysneasel|move: Stealth Rock\n|\n|-damage|p1a: Landorus|64\/100 tox|[from] psn\n|upkeep\n|turn|78\n|\n|t:|1700756120\n|move|p1a: Landorus|U-turn|p2a: FreePalestine\ud83c\uddf5\ud83c\uddf8\n|-resisted|p2a: FreePalestine\ud83c\uddf5\ud83c\uddf8\n|-damage|p2a: FreePalestine\ud83c\uddf5\ud83c\uddf8|84\/100\n|\n|t:|1700756126\n|switch|p1a: Iron Valiant|Iron Valiant|100\/100|[from] U-turn\n|move|p2a: FreePalestine\ud83c\uddf5\ud83c\uddf8|Defog|p1a: Iron Valiant\n|-unboost|p1a: Iron Valiant|evasion|1\n|-sideend|p2: yyysneasel|Stealth Rock|[from] move: Defog|[of] p2a: FreePalestine\ud83c\uddf5\ud83c\uddf8\n|\n|upkeep\n|turn|79\n|\n|t:|1700756130\n|-end|p1a: Iron Valiant|Quark Drive|[silent]\n|switch|p1a: Clefable|Clefable, M|79\/100 tox\n|switch|p2a: stannin on bihness|Toxapex, F|95\/100 brn\n|\n|-heal|p1a: Clefable|85\/100 tox|[from] item: Leftovers\n|-damage|p2a: stannin on bihness|89\/100 brn|[from] brn\n|upkeep\n|turn|80\n|\n|t:|1700756138\n|move|p1a: Clefable|Knock Off|p2a: stannin on bihness\n|-damage|p2a: stannin on bihness|83\/100 brn\n|move|p2a: stannin on bihness|Infestation|p1a: Clefable\n|-resisted|p1a: Clefable\n|-damage|p1a: Clefable|84\/100 tox\n|-activate|p1a: Clefable|move: Infestation|[of] p2a: stannin on bihness\n|\n|-heal|p1a: Clefable|90\/100 tox|[from] item: Leftovers\n|-damage|p2a: stannin on bihness|77\/100 brn|[from] brn\n|upkeep\n|turn|81\n|\n|t:|1700756141\n|move|p1a: Clefable|Knock Off|p2a: stannin on bihness\n|-damage|p2a: stannin on bihness|70\/100 brn\n|move|p2a: stannin on bihness|Surf|p1a: Clefable\n|-damage|p1a: Clefable|77\/100 tox\n|\n|-heal|p1a: Clefable|83\/100 tox|[from] item: Leftovers\n|-damage|p2a: stannin on bihness|65\/100 brn|[from] brn\n|upkeep\n|turn|82\n|\n|t:|1700756151\n|switch|p2a: FreePalestine\ud83c\uddf5\ud83c\uddf8|Corviknight, M|84\/100\n|-ability|p2a: FreePalestine\ud83c\uddf5\ud83c\uddf8|Pressure\n|move|p1a: Clefable|Wish|p1a: Clefable\n|\n|-heal|p1a: Clefable|89\/100 tox|[from] item: Leftovers\n|-end|p1a: Clefable|Infestation|[partiallytrapped]|[silent]\n|upkeep\n|turn|83\n|\n|t:|1700756155\n|switch|p2a: stannin on bihness|Toxapex, F|98\/100 brn\n|switch|p1a: Landorus|Landorus-Therian, M|64\/100 tox\n|-ability|p1a: Landorus|Intimidate|boost\n|-unboost|p2a: stannin on bihness|atk|1\n|\n|-heal|p1a: Landorus|100\/100 tox|[from] move: Wish|[wisher] Clefable\n|-damage|p1a: Landorus|94\/100 tox|[from] psn\n|-damage|p2a: stannin on bihness|92\/100 brn|[from] brn\n|upkeep\n|turn|84\n|j| hsbs snsb\n|\n|t:|1700756158\n|switch|p2a: FreePalestine\ud83c\uddf5\ud83c\uddf8|Corviknight, M|84\/100\n|-ability|p2a: FreePalestine\ud83c\uddf5\ud83c\uddf8|Pressure\n|move|p1a: Landorus|U-turn|p2a: FreePalestine\ud83c\uddf5\ud83c\uddf8\n|-resisted|p2a: FreePalestine\ud83c\uddf5\ud83c\uddf8\n|-damage|p2a: FreePalestine\ud83c\uddf5\ud83c\uddf8|81\/100\n|\n|t:|1700756160\n|switch|p1a: Cinderace|Cinderace, F|86\/100|[from] U-turn\n|\n|upkeep\n|turn|85\n|\n|t:|1700756162\n|switch|p2a: stannin on bihness|Toxapex, F|100\/100 brn\n|move|p1a: Cinderace|U-turn|p2a: stannin on bihness\n|-start|p1a: Cinderace|typechange|Bug|[from] ability: Libero\n|-resisted|p2a: stannin on bihness\n|-damage|p2a: stannin on bihness|90\/100 brn\n|\n|t:|1700756165\n|switch|p1a: Greninja|Greninja, M|100\/100|[from] U-turn\n|\n|-damage|p2a: stannin on bihness|84\/100 brn|[from] brn\n|upkeep\n|turn|86\n|\n|t:|1700756168\n|switch|p1a: Kingambit|Kingambit, M|73\/100\n|move|p2a: stannin on bihness|Infestation|p1a: Kingambit\n|-damage|p1a: Kingambit|70\/100\n|-activate|p1a: Kingambit|move: Infestation|[of] p2a: stannin on bihness\n|\n|-damage|p2a: stannin on bihness|78\/100 brn|[from] brn\n|-damage|p1a: Kingambit|58\/100|[from] move: Infestation|[partiallytrapped]\n|upkeep\n|turn|87\n|\n|t:|1700756174\n|move|p1a: Kingambit|Kowtow Cleave|p2a: stannin on bihness\n|-damage|p2a: stannin on bihness|47\/100 brn\n|move|p2a: stannin on bihness|Surf|p1a: Kingambit\n|-damage|p1a: Kingambit|38\/100\n|\n|-damage|p2a: stannin on bihness|41\/100 brn|[from] brn\n|-damage|p1a: Kingambit|26\/100|[from] move: Infestation|[partiallytrapped]\n|upkeep\n|turn|88\n|\n|t:|1700756180\n|switch|p2a: Ripbozo \ud83d\ude02 \ud83d\ude02|Dondozo, M|100\/100\n|move|p1a: Kingambit|Iron Head|p2a: Ripbozo \ud83d\ude02 \ud83d\ude02\n|-resisted|p2a: Ripbozo \ud83d\ude02 \ud83d\ude02\n|-damage|p2a: Ripbozo \ud83d\ude02 \ud83d\ude02|90\/100\n|\n|-heal|p2a: Ripbozo \ud83d\ude02 \ud83d\ude02|96\/100|[from] item: Leftovers\n|-end|p1a: Kingambit|Infestation|[partiallytrapped]|[silent]\n|upkeep\n|turn|89\n|\n|t:|1700756187\n|-end|p1a: Kingambit|fallenundefined|[silent]\n|switch|p1a: Clefable|Clefable, M|89\/100 tox\n|move|p2a: Ripbozo \ud83d\ude02 \ud83d\ude02|Wave Crash|p1a: Clefable\n|-damage|p1a: Clefable|40\/100 tox\n|-damage|p2a: Ripbozo \ud83d\ude02 \ud83d\ude02|84\/100|[from] Recoil\n|\n|-heal|p1a: Clefable|46\/100 tox|[from] item: Leftovers\n|-heal|p2a: Ripbozo \ud83d\ude02 \ud83d\ude02|90\/100|[from] item: Leftovers\n|upkeep\n|turn|90\n|\n|t:|1700756192\n|switch|p2a: stannin on bihness|Toxapex, F|75\/100 brn\n|move|p1a: Clefable|Protect||[still]\n|-fail|p1a: Clefable\n|\n|-heal|p1a: Clefable|52\/100 tox|[from] item: Leftovers\n|-damage|p2a: stannin on bihness|69\/100 brn|[from] brn\n|upkeep\n|turn|91\n|\n|t:|1700756196\n|move|p1a: Clefable|Moonblast|p2a: stannin on bihness\n|-resisted|p2a: stannin on bihness\n|-damage|p2a: stannin on bihness|56\/100 brn\n|-unboost|p2a: stannin on bihness|spa|1\n|move|p2a: stannin on bihness|Infestation|p1a: Clefable\n|-resisted|p1a: Clefable\n|-damage|p1a: Clefable|51\/100 tox\n|-activate|p1a: Clefable|move: Infestation|[of] p2a: stannin on bihness\n|\n|-heal|p1a: Clefable|57\/100 tox|[from] item: Leftovers\n|-damage|p2a: stannin on bihness|50\/100 brn|[from] brn\n|upkeep\n|turn|92\n|\n|t:|1700756203\n|switch|p2a: FreePalestine\ud83c\uddf5\ud83c\uddf8|Corviknight, M|81\/100\n|-ability|p2a: FreePalestine\ud83c\uddf5\ud83c\uddf8|Pressure\n|move|p1a: Clefable|Wish|p1a: Clefable\n|\n|-heal|p1a: Clefable|63\/100 tox|[from] item: Leftovers\n|-end|p1a: Clefable|Infestation|[partiallytrapped]|[silent]\n|upkeep\n|turn|93\n|\n|t:|1700756206\n|switch|p2a: stannin on bihness|Toxapex, F|83\/100 brn\n|switch|p1a: Kingambit|Kingambit, M|26\/100\n|\n|-heal|p1a: Kingambit|79\/100|[from] move: Wish|[wisher] Clefable\n|-damage|p2a: stannin on bihness|77\/100 brn|[from] brn\n|upkeep\n|turn|94\n|\n|t:|1700756212\n|move|p1a: Kingambit|Kowtow Cleave|p2a: stannin on bihness\n|-damage|p2a: stannin on bihness|46\/100 brn\n|move|p2a: stannin on bihness|Infestation|p1a: Kingambit\n|-damage|p1a: Kingambit|76\/100\n|-activate|p1a: Kingambit|move: Infestation|[of] p2a: stannin on bihness\n|\n|-damage|p2a: stannin on bihness|40\/100 brn|[from] brn\n|-damage|p1a: Kingambit|64\/100|[from] move: Infestation|[partiallytrapped]\n|upkeep\n|turn|95\n|\n|t:|1700756217\n|switch|p2a: Ripbozo \ud83d\ude02 \ud83d\ude02|Dondozo, M|90\/100\n|move|p1a: Kingambit|Kowtow Cleave|p2a: Ripbozo \ud83d\ude02 \ud83d\ude02\n|-damage|p2a: Ripbozo \ud83d\ude02 \ud83d\ude02|69\/100\n|\n|-heal|p2a: Ripbozo \ud83d\ude02 \ud83d\ude02|75\/100|[from] item: Leftovers\n|-end|p1a: Kingambit|Infestation|[partiallytrapped]|[silent]\n|upkeep\n|turn|96\n|\n|t:|1700756222\n|-end|p1a: Kingambit|fallenundefined|[silent]\n|switch|p1a: Landorus|Landorus-Therian, M|94\/100 tox\n|-ability|p1a: Landorus|Intimidate|boost\n|-unboost|p2a: Ripbozo \ud83d\ude02 \ud83d\ude02|atk|1\n|move|p2a: Ripbozo \ud83d\ude02 \ud83d\ude02|Wave Crash|p1a: Landorus\n|-supereffective|p1a: Landorus\n|-damage|p1a: Landorus|57\/100 tox\n|-damage|p2a: Ripbozo \ud83d\ude02 \ud83d\ude02|59\/100|[from] item: Rocky Helmet|[of] p1a: Landorus\n|-damage|p2a: Ripbozo \ud83d\ude02 \ud83d\ude02|49\/100|[from] Recoil\n|\n|-heal|p2a: Ripbozo \ud83d\ude02 \ud83d\ude02|55\/100|[from] item: Leftovers\n|-damage|p1a: Landorus|51\/100 tox|[from] psn\n|upkeep\n|turn|97\n|\n|t:|1700756226\n|switch|p2a: FreePalestine\ud83c\uddf5\ud83c\uddf8|Corviknight, M|81\/100\n|-ability|p2a: FreePalestine\ud83c\uddf5\ud83c\uddf8|Pressure\n|move|p1a: Landorus|Stealth Rock|p2a: FreePalestine\ud83c\uddf5\ud83c\uddf8\n|-sidestart|p2: yyysneasel|move: Stealth Rock\n|\n|-damage|p1a: Landorus|39\/100 tox|[from] psn\n|upkeep\n|turn|98\n|\n|t:|1700756228\n|move|p1a: Landorus|U-turn|p2a: FreePalestine\ud83c\uddf5\ud83c\uddf8\n|-resisted|p2a: FreePalestine\ud83c\uddf5\ud83c\uddf8\n|-damage|p2a: FreePalestine\ud83c\uddf5\ud83c\uddf8|78\/100\n|\n|t:|1700756231\n|switch|p1a: Greninja|Greninja, M|100\/100|[from] U-turn\n|move|p2a: FreePalestine\ud83c\uddf5\ud83c\uddf8|Defog|p1a: Greninja\n|-unboost|p1a: Greninja|evasion|1\n|-sideend|p2: yyysneasel|Stealth Rock|[from] move: Defog|[of] p2a: FreePalestine\ud83c\uddf5\ud83c\uddf8\n|\n|upkeep\n|turn|99\n|\n|t:|1700756237\n|switch|p2a: ban dengo ffs|Blissey, F|82\/100\n|move|p1a: Greninja|Dark Pulse|p2a: ban dengo ffs\n|-start|p1a: Greninja|typechange|Dark|[from] ability: Protean\n|-damage|p2a: ban dengo ffs|61\/100\n|\n|upkeep\n|turn|100\n|\n|t:|1700756245\n|switch|p1a: Iron Valiant|Iron Valiant|100\/100\n|move|p2a: ban dengo ffs|Soft-Boiled|p2a: ban dengo ffs\n|-heal|p2a: ban dengo ffs|100\/100\n|\n|upkeep\n|turn|101\n|\n|t:|1700756249\n|switch|p2a: stannin on bihness|Toxapex, F|74\/100 brn\n|move|p1a: Iron Valiant|Psyshock|p2a: stannin on bihness\n|-supereffective|p2a: stannin on bihness\n|-damage|p2a: stannin on bihness|42\/100 brn\n|\n|-damage|p2a: stannin on bihness|36\/100 brn|[from] brn\n|upkeep\n|turn|102\n|\n|t:|1700756256\n|-end|p1a: Iron Valiant|Quark Drive|[silent]\n|switch|p1a: Greninja|Greninja, M|100\/100\n|switch|p2a: It's Joever|Clefable, M|100\/100\n|\n|upkeep\n|turn|103\n|\n|t:|1700756263\n|switch|p1a: Clefable|Clefable, M|63\/100 tox\n|move|p2a: It's Joever|Protect||[still]\n|-fail|p2a: It's Joever\n|\n|-heal|p1a: Clefable|70\/100 tox|[from] item: Leftovers\n|upkeep\n|turn|104\n|j| Titantula\n|\n|t:|1700756267\n|switch|p2a: stannin on bihness|Toxapex, F|69\/100 brn\n|move|p1a: Clefable|Knock Off|p2a: stannin on bihness\n|-damage|p2a: stannin on bihness|63\/100 brn\n|\n|-heal|p1a: Clefable|76\/100 tox|[from] item: Leftovers\n|-damage|p2a: stannin on bihness|57\/100 brn|[from] brn\n|upkeep\n|turn|105\n|\n|t:|1700756277\n|switch|p2a: FreePalestine\ud83c\uddf5\ud83c\uddf8|Corviknight, M|78\/100\n|-ability|p2a: FreePalestine\ud83c\uddf5\ud83c\uddf8|Pressure\n|move|p1a: Clefable|Wish|p1a: Clefable\n|\n|-heal|p1a: Clefable|82\/100 tox|[from] item: Leftovers\n|upkeep\n|turn|106\n|\n|t:|1700756281\n|switch|p1a: Landorus|Landorus-Therian, M|39\/100 tox\n|-ability|p1a: Landorus|Intimidate|boost\n|-unboost|p2a: FreePalestine\ud83c\uddf5\ud83c\uddf8|atk|1\n|move|p2a: FreePalestine\ud83c\uddf5\ud83c\uddf8|U-turn|p1a: Landorus\n|-resisted|p1a: Landorus\n|-damage|p1a: Landorus|35\/100 tox\n|-damage|p2a: FreePalestine\ud83c\uddf5\ud83c\uddf8|61\/100|[from] item: Rocky Helmet|[of] p1a: Landorus\n|\n|t:|1700756283\n|switch|p2a: Ripbozo \ud83d\ude02 \ud83d\ude02|Dondozo, M|55\/100|[from] U-turn\n|\n|-heal|p1a: Landorus|87\/100 tox|[from] move: Wish|[wisher] Clefable\n|-heal|p2a: Ripbozo \ud83d\ude02 \ud83d\ude02|62\/100|[from] item: Leftovers\n|-damage|p1a: Landorus|81\/100 tox|[from] psn\n|upkeep\n|turn|107\n|c| Titantula|stall is so fun, woo!!!!\n|\n|t:|1700756292\n|switch|p2a: FreePalestine\ud83c\uddf5\ud83c\uddf8|Corviknight, M|61\/100\n|-ability|p2a: FreePalestine\ud83c\uddf5\ud83c\uddf8|Pressure\n|move|p1a: Landorus|Grass Knot|p2a: FreePalestine\ud83c\uddf5\ud83c\uddf8\n|-resisted|p2a: FreePalestine\ud83c\uddf5\ud83c\uddf8\n|-damage|p2a: FreePalestine\ud83c\uddf5\ud83c\uddf8|57\/100\n|\n|-damage|p1a: Landorus|69\/100 tox|[from] psn\n|upkeep\n|turn|108\n|\n|t:|1700756295\n|move|p1a: Landorus|U-turn|p2a: FreePalestine\ud83c\uddf5\ud83c\uddf8\n|-resisted|p2a: FreePalestine\ud83c\uddf5\ud83c\uddf8\n|-damage|p2a: FreePalestine\ud83c\uddf5\ud83c\uddf8|54\/100\n|c| Devilex|^^\n|\n|t:|1700756304\n|switch|p1a: Cinderace|Cinderace, F|86\/100|[from] U-turn\n|move|p2a: FreePalestine\ud83c\uddf5\ud83c\uddf8|Roost|p2a: FreePalestine\ud83c\uddf5\ud83c\uddf8\n|-heal|p2a: FreePalestine\ud83c\uddf5\ud83c\uddf8|100\/100\n|-singleturn|p2a: FreePalestine\ud83c\uddf5\ud83c\uddf8|move: Roost\n|\n|upkeep\n|turn|109\n|\n|t:|1700756309\n|switch|p2a: stannin on bihness|Toxapex, F|91\/100 brn\n|move|p1a: Cinderace|U-turn|p2a: stannin on bihness\n|-start|p1a: Cinderace|typechange|Bug|[from] ability: Libero\n|-resisted|p2a: stannin on bihness\n|-damage|p2a: stannin on bihness|81\/100 brn\n|\n|t:|1700756317\n|switch|p1a: Landorus|Landorus-Therian, M|69\/100 tox|[from] U-turn\n|-ability|p1a: Landorus|Intimidate|boost\n|-unboost|p2a: stannin on bihness|atk|1\n|\n|-damage|p1a: Landorus|63\/100 tox|[from] psn\n|-damage|p2a: stannin on bihness|75\/100 brn|[from] brn\n|upkeep\n|turn|110\n|\n|t:|1700756322\n|switch|p2a: FreePalestine\ud83c\uddf5\ud83c\uddf8|Corviknight, M|100\/100\n|-ability|p2a: FreePalestine\ud83c\uddf5\ud83c\uddf8|Pressure\n|move|p1a: Landorus|Stealth Rock|p2a: FreePalestine\ud83c\uddf5\ud83c\uddf8\n|-sidestart|p2: yyysneasel|move: Stealth Rock\n|\n|-damage|p1a: Landorus|50\/100 tox|[from] psn\n|upkeep\n|turn|111\n|\n|t:|1700756327\n|move|p1a: Landorus|U-turn|p2a: FreePalestine\ud83c\uddf5\ud83c\uddf8\n|-resisted|p2a: FreePalestine\ud83c\uddf5\ud83c\uddf8\n|-damage|p2a: FreePalestine\ud83c\uddf5\ud83c\uddf8|97\/100\n|j| fuwa the cute\n|\n|t:|1700756331\n|switch|p1a: Cinderace|Cinderace, F|86\/100|[from] U-turn\n|move|p2a: FreePalestine\ud83c\uddf5\ud83c\uddf8|Defog|p1a: Cinderace\n|-unboost|p1a: Cinderace|evasion|1\n|-sideend|p2: yyysneasel|Stealth Rock|[from] move: Defog|[of] p2a: FreePalestine\ud83c\uddf5\ud83c\uddf8\n|\n|upkeep\n|turn|112\n|\n|t:|1700756334\n|switch|p2a: stannin on bihness|Toxapex, F|100\/100 brn\n|move|p1a: Cinderace|U-turn|p2a: stannin on bihness\n|-start|p1a: Cinderace|typechange|Bug|[from] ability: Libero\n|-resisted|p2a: stannin on bihness\n|-damage|p2a: stannin on bihness|91\/100 brn\n|\n|t:|1700756340\n|switch|p1a: Kingambit|Kingambit, M|64\/100|[from] U-turn\n|\n|-damage|p2a: stannin on bihness|85\/100 brn|[from] brn\n|upkeep\n|turn|113\n|\n|t:|1700756344\n|switch|p2a: Ripbozo \ud83d\ude02 \ud83d\ude02|Dondozo, M|62\/100\n|move|p1a: Kingambit|Kowtow Cleave|p2a: Ripbozo \ud83d\ude02 \ud83d\ude02\n|-damage|p2a: Ripbozo \ud83d\ude02 \ud83d\ude02|41\/100\n|\n|-heal|p2a: Ripbozo \ud83d\ude02 \ud83d\ude02|47\/100|[from] item: Leftovers\n|upkeep\n|turn|114\n|\n|t:|1700756349\n|move|p1a: Kingambit|Kowtow Cleave|p2a: Ripbozo \ud83d\ude02 \ud83d\ude02\n|-damage|p2a: Ripbozo \ud83d\ude02 \ud83d\ude02|24\/100\n|move|p2a: Ripbozo \ud83d\ude02 \ud83d\ude02|Rest|p2a: Ripbozo \ud83d\ude02 \ud83d\ude02\n|-status|p2a: Ripbozo \ud83d\ude02 \ud83d\ude02|slp|[from] move: Rest\n|-heal|p2a: Ripbozo \ud83d\ude02 \ud83d\ude02|100\/100 slp|[silent]\n|\n|upkeep\n|turn|115\n|\n|t:|1700756355\n|-end|p1a: Kingambit|fallenundefined|[silent]\n|switch|p1a: Greninja|Greninja, M|100\/100\n|cant|p2a: Ripbozo \ud83d\ude02 \ud83d\ude02|slp\n|move|p2a: Ripbozo \ud83d\ude02 \ud83d\ude02|Sleep Talk|p2a: Ripbozo \ud83d\ude02 \ud83d\ude02\n|move|p2a: Ripbozo \ud83d\ude02 \ud83d\ude02|Curse|p2a: Ripbozo \ud83d\ude02 \ud83d\ude02|[from]move: Sleep Talk\n|-unboost|p2a: Ripbozo \ud83d\ude02 \ud83d\ude02|spe|1\n|-boost|p2a: Ripbozo \ud83d\ude02 \ud83d\ude02|atk|1\n|-boost|p2a: Ripbozo \ud83d\ude02 \ud83d\ude02|def|1\n|\n|upkeep\n|turn|116\n|\n|t:|1700756361\n|switch|p2a: stannin on bihness|Toxapex, F|100\/100 brn\n|move|p1a: Greninja|Ice Beam|p2a: stannin on bihness\n|-start|p1a: Greninja|typechange|Ice|[from] ability: Protean\n|-resisted|p2a: stannin on bihness\n|-damage|p2a: stannin on bihness|78\/100 brn\n|\n|-damage|p2a: stannin on bihness|72\/100 brn|[from] brn\n|upkeep\n|turn|117\n|\n|t:|1700756366\n|switch|p1a: Clefable|Clefable, M|82\/100 tox\n|move|p2a: stannin on bihness|Infestation|p1a: Clefable\n|-resisted|p1a: Clefable\n|-damage|p1a: Clefable|81\/100 tox\n|-activate|p1a: Clefable|move: Infestation|[of] p2a: stannin on bihness\n|\n|-heal|p1a: Clefable|87\/100 tox|[from] item: Leftovers\n|-damage|p2a: stannin on bihness|66\/100 brn|[from] brn\n|upkeep\n|turn|118\n|\n|t:|1700756370\n|switch|p2a: FreePalestine\ud83c\uddf5\ud83c\uddf8|Corviknight, M|97\/100\n|-ability|p2a: FreePalestine\ud83c\uddf5\ud83c\uddf8|Pressure\n|move|p1a: Clefable|Knock Off|p2a: FreePalestine\ud83c\uddf5\ud83c\uddf8\n|-damage|p2a: FreePalestine\ud83c\uddf5\ud83c\uddf8|91\/100\n|\n|-heal|p1a: Clefable|93\/100 tox|[from] item: Leftovers\n|-end|p1a: Clefable|Infestation|[partiallytrapped]|[silent]\n|upkeep\n|turn|119\n|\n|t:|1700756376\n|switch|p2a: stannin on bihness|Toxapex, F|99\/100 brn\n|move|p1a: Clefable|Wish|p1a: Clefable\n|\n|-heal|p1a: Clefable|99\/100 tox|[from] item: Leftovers\n|-damage|p2a: stannin on bihness|93\/100 brn|[from] brn\n|upkeep\n|turn|120\n|\n|t:|1700756385\n|switch|p1a: Kingambit|Kingambit, M|64\/100\n|switch|p2a: FreePalestine\ud83c\uddf5\ud83c\uddf8|Corviknight, M|91\/100\n|-ability|p2a: FreePalestine\ud83c\uddf5\ud83c\uddf8|Pressure\n|\n|-heal|p1a: Kingambit|100\/100|[from] move: Wish|[wisher] Clefable\n|upkeep\n|turn|121\n|\n|t:|1700756394\n|-end|p1a: Kingambit|fallenundefined|[silent]\n|switch|p1a: Greninja|Greninja, M|100\/100\n|switch|p2a: Ripbozo \ud83d\ude02 \ud83d\ude02|Dondozo, M|100\/100 slp\n|\n|upkeep\n|turn|122\n|\n|t:|1700756402\n|switch|p2a: stannin on bihness|Toxapex, F|100\/100 brn\n|move|p1a: Greninja|Dark Pulse|p2a: stannin on bihness\n|-start|p1a: Greninja|typechange|Dark|[from] ability: Protean\n|-damage|p2a: stannin on bihness|56\/100 brn\n|\n|-damage|p2a: stannin on bihness|50\/100 brn|[from] brn\n|upkeep\n|turn|123\n|l| xzxzxt\n|j| Sagiae999\n|j| plutoniumdragon\n|\n|t:|1700756410\n|switch|p1a: Iron Valiant|Iron Valiant|100\/100\n|switch|p2a: ban dengo ffs|Blissey, F|100\/100\n|\n|upkeep\n|turn|124\n|\n|t:|1700756421\n|switch|p2a: stannin on bihness|Toxapex, F|83\/100 brn\n|move|p1a: Iron Valiant|Knock Off|p2a: stannin on bihness\n|-damage|p2a: stannin on bihness|71\/100 brn\n|\n|-damage|p2a: stannin on bihness|66\/100 brn|[from] brn\n|upkeep\n|turn|125\n|\n|t:|1700756432\n|-end|p1a: Iron Valiant|Quark Drive|[silent]\n|switch|p1a: Clefable|Clefable, M|99\/100 tox\n|move|p2a: stannin on bihness|Toxic|p1a: Clefable\n|-fail|p1a: Clefable|tox\n|\n|-heal|p1a: Clefable|100\/100 tox|[from] item: Leftovers\n|-damage|p2a: stannin on bihness|60\/100 brn|[from] brn\n|upkeep\n|turn|126\n|\n|t:|1700756437\n|switch|p1a: Kingambit|Kingambit, M|100\/100\n|switch|p2a: FreePalestine\ud83c\uddf5\ud83c\uddf8|Corviknight, M|91\/100\n|-ability|p2a: FreePalestine\ud83c\uddf5\ud83c\uddf8|Pressure\n|\n|upkeep\n|turn|127\n|\n|t:|1700756446\n|switch|p2a: Ripbozo \ud83d\ude02 \ud83d\ude02|Dondozo, M|100\/100 slp\n|move|p1a: Kingambit|Kowtow Cleave|p2a: Ripbozo \ud83d\ude02 \ud83d\ude02\n|-damage|p2a: Ripbozo \ud83d\ude02 \ud83d\ude02|77\/100 slp\n|\n|-heal|p2a: Ripbozo \ud83d\ude02 \ud83d\ude02|83\/100 slp|[from] item: Leftovers\n|upkeep\n|turn|128\n|\n|t:|1700756448\n|-end|p1a: Kingambit|fallenundefined|[silent]\n|switch|p1a: Greninja|Greninja, M|100\/100\n|cant|p2a: Ripbozo \ud83d\ude02 \ud83d\ude02|slp\n|move|p2a: Ripbozo \ud83d\ude02 \ud83d\ude02|Sleep Talk|p2a: Ripbozo \ud83d\ude02 \ud83d\ude02\n|move|p2a: Ripbozo \ud83d\ude02 \ud83d\ude02|Wave Crash|p1a: Greninja|[from]move: Sleep Talk\n|-resisted|p1a: Greninja\n|-damage|p1a: Greninja|64\/100\n|-damage|p2a: Ripbozo \ud83d\ude02 \ud83d\ude02|76\/100 slp|[from] Recoil\n|\n|-heal|p2a: Ripbozo \ud83d\ude02 \ud83d\ude02|82\/100 slp|[from] item: Leftovers\n|upkeep\n|turn|129\n|\n|t:|1700756463\n|switch|p2a: ban dengo ffs|Blissey, F|100\/100\n|move|p1a: Greninja|Hydro Pump|p2a: ban dengo ffs\n|-start|p1a: Greninja|typechange|Water|[from] ability: Protean\n|-damage|p2a: ban dengo ffs|71\/100\n|\n|upkeep\n|turn|130\n|\n|t:|1700756472\n|switch|p1a: Landorus|Landorus-Therian, M|50\/100 tox\n|-ability|p1a: Landorus|Intimidate|boost\n|-unboost|p2a: ban dengo ffs|atk|1\n|move|p2a: ban dengo ffs|Seismic Toss|p1a: Landorus\n|-damage|p1a: Landorus|24\/100 tox\n|-damage|p2a: ban dengo ffs|55\/100|[from] item: Rocky Helmet|[of] p1a: Landorus\n|\n|-damage|p1a: Landorus|18\/100 tox|[from] psn\n|upkeep\n|turn|131\n|\n|t:|1700756484\n|switch|p2a: FreePalestine\ud83c\uddf5\ud83c\uddf8|Corviknight, M|91\/100\n|-ability|p2a: FreePalestine\ud83c\uddf5\ud83c\uddf8|Pressure\n|move|p1a: Landorus|U-turn|p2a: FreePalestine\ud83c\uddf5\ud83c\uddf8\n|-resisted|p2a: FreePalestine\ud83c\uddf5\ud83c\uddf8\n|-crit|p2a: FreePalestine\ud83c\uddf5\ud83c\uddf8\n|-damage|p2a: FreePalestine\ud83c\uddf5\ud83c\uddf8|86\/100\n|\n|t:|1700756491\n|switch|p1a: Greninja|Greninja, M|64\/100|[from] U-turn\n|\n|upkeep\n|turn|132\n|j| Ran Kob\n|\n|t:|1700756495\n|switch|p2a: stannin on bihness|Toxapex, F|93\/100 brn\n|move|p1a: Greninja|Dark Pulse|p2a: stannin on bihness\n|-start|p1a: Greninja|typechange|Dark|[from] ability: Protean\n|-damage|p2a: stannin on bihness|45\/100 brn\n|\n|-damage|p2a: stannin on bihness|39\/100 brn|[from] brn\n|upkeep\n|turn|133\n|\n|t:|1700756509\n|switch|p1a: Kingambit|Kingambit, M|100\/100\n|switch|p2a: It's Joever|Clefable, M|100\/100\n|\n|upkeep\n|turn|134\n|\n|t:|1700756514\n|-end|p1a: Kingambit|fallenundefined|[silent]\n|switch|p1a: Greninja|Greninja, M|64\/100\n|switch|p2a: Ripbozo \ud83d\ude02 \ud83d\ude02|Dondozo, M|82\/100 slp\n|\n|-heal|p2a: Ripbozo \ud83d\ude02 \ud83d\ude02|88\/100 slp|[from] item: Leftovers\n|upkeep\n|turn|135\n|\n|t:|1700756519\n|switch|p2a: stannin on bihness|Toxapex, F|72\/100 brn\n|move|p1a: Greninja|Dark Pulse|p2a: stannin on bihness\n|-start|p1a: Greninja|typechange|Dark|[from] ability: Protean\n|-damage|p2a: stannin on bihness|30\/100 brn\n|\n|-damage|p2a: stannin on bihness|24\/100 brn|[from] brn\n|upkeep\n|turn|136\n|\n|t:|1700756522\n|switch|p1a: Kingambit|Kingambit, M|100\/100\n|switch|p2a: It's Joever|Clefable, M|100\/100\n|\n|upkeep\n|turn|137\n|\n|t:|1700756528\n|switch|p2a: stannin on bihness|Toxapex, F|57\/100 brn\n|move|p1a: Kingambit|Kowtow Cleave|p2a: stannin on bihness\n|-damage|p2a: stannin on bihness|27\/100 brn\n|\n|-damage|p2a: stannin on bihness|21\/100 brn|[from] brn\n|upkeep\n|turn|138\n|\n|t:|1700756532\n|-end|p1a: Kingambit|fallenundefined|[silent]\n|switch|p1a: Greninja|Greninja, M|64\/100\n|switch|p2a: Ripbozo \ud83d\ude02 \ud83d\ude02|Dondozo, M|88\/100 slp\n|\n|-heal|p2a: Ripbozo \ud83d\ude02 \ud83d\ude02|95\/100 slp|[from] item: Leftovers\n|upkeep\n|turn|139\n|\n|t:|1700756536\n|switch|p2a: ban dengo ffs|Blissey, F|55\/100\n|move|p1a: Greninja|Hydro Pump|p2a: ban dengo ffs|[miss]\n|-start|p1a: Greninja|typechange|Water|[from] ability: Protean\n|-miss|p1a: Greninja|p2a: ban dengo ffs\n|\n|upkeep\n|turn|140\n|\n|t:|1700756543\n|switch|p1a: Clefable|Clefable, M|100\/100 tox\n|move|p2a: ban dengo ffs|Soft-Boiled|p2a: ban dengo ffs\n|-heal|p2a: ban dengo ffs|100\/100\n|\n|upkeep\n|turn|141\n|\n|t:|1700756552\n|switch|p2a: stannin on bihness|Toxapex, F|54\/100 brn\n|move|p1a: Clefable|Moonblast|p2a: stannin on bihness\n|-resisted|p2a: stannin on bihness\n|-damage|p2a: stannin on bihness|42\/100 brn\n|\n|-damage|p2a: stannin on bihness|36\/100 brn|[from] brn\n|upkeep\n|turn|142\n|\n|t:|1700756558\n|switch|p1a: Kingambit|Kingambit, M|100\/100\n|switch|p2a: FreePalestine\ud83c\uddf5\ud83c\uddf8|Corviknight, M|86\/100\n|-ability|p2a: FreePalestine\ud83c\uddf5\ud83c\uddf8|Pressure\n|\n|upkeep\n|turn|143\n|\n|t:|1700756567\n|-end|p1a: Kingambit|fallenundefined|[silent]\n|switch|p1a: Clefable|Clefable, M|100\/100 tox\n|switch|p2a: Ripbozo \ud83d\ude02 \ud83d\ude02|Dondozo, M|95\/100 slp\n|\n|-heal|p2a: Ripbozo \ud83d\ude02 \ud83d\ude02|100\/100 slp|[from] item: Leftovers\n|upkeep\n|turn|144\n|\n|t:|1700756572\n|switch|p1a: Kingambit|Kingambit, M|100\/100\n|switch|p2a: stannin on bihness|Toxapex, F|69\/100 brn\n|\n|-damage|p2a: stannin on bihness|64\/100 brn|[from] brn\n|upkeep\n|turn|145\n|j| qiuw\n|\n|t:|1700756581\n|-end|p1a: Kingambit|fallenundefined|[silent]\n|switch|p1a: Greninja|Greninja, M|64\/100\n|switch|p2a: Ripbozo \ud83d\ude02 \ud83d\ude02|Dondozo, M|100\/100 slp\n|\n|upkeep\n|turn|146\n|\n|t:|1700756586\n|switch|p2a: stannin on bihness|Toxapex, F|97\/100 brn\n|move|p1a: Greninja|Dark Pulse|p2a: stannin on bihness\n|-start|p1a: Greninja|typechange|Dark|[from] ability: Protean\n|-damage|p2a: stannin on bihness|52\/100 brn\n|\n|-damage|p2a: stannin on bihness|46\/100 brn|[from] brn\n|upkeep\n|turn|147\n|\n|t:|1700756592\n|switch|p1a: Iron Valiant|Iron Valiant|100\/100\n|switch|p2a: ban dengo ffs|Blissey, F|100\/100\n|\n|upkeep\n|turn|148\n|\n|t:|1700756603\n|switch|p2a: stannin on bihness|Toxapex, F|79\/100 brn\n|move|p1a: Iron Valiant|Psyshock|p2a: stannin on bihness\n|-supereffective|p2a: stannin on bihness\n|-damage|p2a: stannin on bihness|44\/100 brn\n|\n|-damage|p2a: stannin on bihness|38\/100 brn|[from] brn\n|upkeep\n|turn|149\n|\n|t:|1700756612\n|switch|p2a: It's Joever|Clefable, M|100\/100\n|move|p1a: Iron Valiant|Psyshock|p2a: It's Joever\n|-damage|p2a: It's Joever|71\/100\n|\n|upkeep\n|turn|150\n|j| 654654m\n|\n|t:|1700756618\n|-end|p1a: Iron Valiant|Quark Drive|[silent]\n|switch|p1a: Cinderace|Cinderace, F|86\/100\n|move|p2a: It's Joever|Moonblast|p1a: Cinderace\n|-resisted|p1a: Cinderace\n|-damage|p1a: Cinderace|63\/100\n|\n|upkeep\n|turn|151\n|l| Titantula\n|\n|t:|1700756622\n|move|p2a: It's Joever|Protect|p2a: It's Joever\n|-singleturn|p2a: It's Joever|Protect\n|move|p1a: Cinderace|U-turn|p2a: It's Joever\n|-start|p1a: Cinderace|typechange|Bug|[from] ability: Libero\n|-activate|p2a: It's Joever|move: Protect\n|\n|upkeep\n|turn|152\n|\n|t:|1700756627\n|switch|p2a: stannin on bihness|Toxapex, F|72\/100 brn\n|move|p1a: Cinderace|U-turn|p2a: stannin on bihness\n|-resisted|p2a: stannin on bihness\n|-damage|p2a: stannin on bihness|62\/100 brn\n|\n|t:|1700756635\n|switch|p1a: Greninja|Greninja, M|64\/100|[from] U-turn\n|\n|-damage|p2a: stannin on bihness|56\/100 brn|[from] brn\n|upkeep\n|turn|153\n|\n|t:|1700756639\n|switch|p2a: ban dengo ffs|Blissey, F|100\/100\n|move|p1a: Greninja|Hydro Pump|p2a: ban dengo ffs\n|-start|p1a: Greninja|typechange|Water|[from] ability: Protean\n|-damage|p2a: ban dengo ffs|72\/100\n|\n|upkeep\n|turn|154\n|\n|t:|1700756649\n|switch|p1a: Clefable|Clefable, M|100\/100 tox\n|move|p2a: ban dengo ffs|Seismic Toss|p1a: Clefable\n|-damage|p1a: Clefable|75\/100 tox\n|\n|-heal|p1a: Clefable|81\/100 tox|[from] item: Leftovers\n|upkeep\n|turn|155\n|\n|t:|1700756661\n|switch|p2a: stannin on bihness|Toxapex, F|90\/100 brn\n|move|p1a: Clefable|Wish|p1a: Clefable\n|\n|-heal|p1a: Clefable|87\/100 tox|[from] item: Leftovers\n|-damage|p2a: stannin on bihness|84\/100 brn|[from] brn\n|upkeep\n|turn|156\n|\n|t:|1700756670\n|switch|p1a: Kingambit|Kingambit, M|100\/100\n|move|p2a: stannin on bihness|Infestation|p1a: Kingambit\n|-damage|p1a: Kingambit|97\/100\n|-activate|p1a: Kingambit|move: Infestation|[of] p2a: stannin on bihness\n|\n|-heal|p1a: Kingambit|100\/100|[from] move: Wish|[wisher] Clefable\n|-damage|p2a: stannin on bihness|78\/100 brn|[from] brn\n|-damage|p1a: Kingambit|88\/100|[from] move: Infestation|[partiallytrapped]\n|upkeep\n|turn|157\n|\n|t:|1700756675\n|move|p1a: Kingambit|Kowtow Cleave|p2a: stannin on bihness\n|-damage|p2a: stannin on bihness|48\/100 brn\n|move|p2a: stannin on bihness|Surf|p1a: Kingambit\n|-damage|p1a: Kingambit|68\/100\n|\n|-damage|p2a: stannin on bihness|42\/100 brn|[from] brn\n|-damage|p1a: Kingambit|56\/100|[from] move: Infestation|[partiallytrapped]\n|upkeep\n|turn|158\n|\n|t:|1700756685\n|switch|p2a: Ripbozo \ud83d\ude02 \ud83d\ude02|Dondozo, M|100\/100 slp\n|move|p1a: Kingambit|Kowtow Cleave|p2a: Ripbozo \ud83d\ude02 \ud83d\ude02\n|-damage|p2a: Ripbozo \ud83d\ude02 \ud83d\ude02|77\/100 slp\n|\n|-heal|p2a: Ripbozo \ud83d\ude02 \ud83d\ude02|83\/100 slp|[from] item: Leftovers\n|-end|p1a: Kingambit|Infestation|[partiallytrapped]|[silent]\n|upkeep\n|turn|159\n|\n|t:|1700756700\n|-end|p1a: Kingambit|fallenundefined|[silent]\n|switch|p1a: Iron Valiant|Iron Valiant|100\/100\n|-curestatus|p2a: Ripbozo \ud83d\ude02 \ud83d\ude02|slp|[msg]\n|move|p2a: Ripbozo \ud83d\ude02 \ud83d\ude02|Wave Crash|p1a: Iron Valiant\n|-damage|p1a: Iron Valiant|45\/100\n|-damage|p2a: Ripbozo \ud83d\ude02 \ud83d\ude02|72\/100|[from] Recoil\n|\n|-heal|p2a: Ripbozo \ud83d\ude02 \ud83d\ude02|78\/100|[from] item: Leftovers\n|upkeep\n|turn|160\n|\n|t:|1700756706\n|-end|p1a: Iron Valiant|Quark Drive|[silent]\n|switch|p1a: Clefable|Clefable, M|87\/100 tox\n|switch|p2a: stannin on bihness|Toxapex, F|75\/100 brn\n|\n|-heal|p1a: Clefable|93\/100 tox|[from] item: Leftovers\n|-damage|p2a: stannin on bihness|69\/100 brn|[from] brn\n|upkeep\n|turn|161\n|\n|t:|1700756711\n|move|p1a: Clefable|Wish|p1a: Clefable\n|move|p2a: stannin on bihness|Infestation|p1a: Clefable\n|-resisted|p1a: Clefable\n|-damage|p1a: Clefable|92\/100 tox\n|-activate|p1a: Clefable|move: Infestation|[of] p2a: stannin on bihness\n|\n|-heal|p1a: Clefable|98\/100 tox|[from] item: Leftovers\n|-damage|p2a: stannin on bihness|63\/100 brn|[from] brn\n|upkeep\n|turn|162\n|\n|t:|1700756716\n|switch|p2a: FreePalestine\ud83c\uddf5\ud83c\uddf8|Corviknight, M|86\/100\n|-ability|p2a: FreePalestine\ud83c\uddf5\ud83c\uddf8|Pressure\n|move|p1a: Clefable|Moonblast|p2a: FreePalestine\ud83c\uddf5\ud83c\uddf8\n|-resisted|p2a: FreePalestine\ud83c\uddf5\ud83c\uddf8\n|-damage|p2a: FreePalestine\ud83c\uddf5\ud83c\uddf8|71\/100\n|\n|-heal|p1a: Clefable|100\/100 tox|[from] move: Wish|[wisher] Clefable\n|-end|p1a: Clefable|Infestation|[partiallytrapped]|[silent]\n|upkeep\n|turn|163\n|\n|t:|1700756719\n|switch|p2a: stannin on bihness|Toxapex, F|97\/100 brn\n|move|p1a: Clefable|Wish|p1a: Clefable\n|\n|-damage|p2a: stannin on bihness|91\/100 brn|[from] brn\n|upkeep\n|turn|164\n|\n|t:|1700756724\n|switch|p1a: Landorus|Landorus-Therian, M|18\/100 tox\n|-ability|p1a: Landorus|Intimidate|boost\n|-unboost|p2a: stannin on bihness|atk|1\n|switch|p2a: FreePalestine\ud83c\uddf5\ud83c\uddf8|Corviknight, M|71\/100\n|-ability|p2a: FreePalestine\ud83c\uddf5\ud83c\uddf8|Pressure\n|\n|-heal|p1a: Landorus|70\/100 tox|[from] move: Wish|[wisher] Clefable\n|-damage|p1a: Landorus|64\/100 tox|[from] psn\n|upkeep\n|turn|165\n|\n|t:|1700756737\n|switch|p1a: Kingambit|Kingambit, M|56\/100\n|move|p2a: FreePalestine\ud83c\uddf5\ud83c\uddf8|Roost|p2a: FreePalestine\ud83c\uddf5\ud83c\uddf8\n|-heal|p2a: FreePalestine\ud83c\uddf5\ud83c\uddf8|100\/100\n|-singleturn|p2a: FreePalestine\ud83c\uddf5\ud83c\uddf8|move: Roost\n|\n|upkeep\n|turn|166\n|\n|t:|1700756742\n|-end|p1a: Kingambit|fallenundefined|[silent]\n|switch|p1a: Cinderace|Cinderace, F|63\/100\n|switch|p2a: stannin on bihness|Toxapex, F|100\/100 brn\n|\n|-damage|p2a: stannin on bihness|95\/100 brn|[from] brn\n|upkeep\n|turn|167\n|l| plutoniumdragon\n|j| plutoniumdragon\n|\n|t:|1700756747\n|move|p1a: Cinderace|U-turn|p2a: stannin on bihness\n|-start|p1a: Cinderace|typechange|Bug|[from] ability: Libero\n|-resisted|p2a: stannin on bihness\n|-damage|p2a: stannin on bihness|85\/100 brn\n|\n|t:|1700756750\n|switch|p1a: Clefable|Clefable, M|100\/100 tox|[from] U-turn\n|move|p2a: stannin on bihness|Infestation|p1a: Clefable\n|-resisted|p1a: Clefable\n|-damage|p1a: Clefable|99\/100 tox\n|-activate|p1a: Clefable|move: Infestation|[of] p2a: stannin on bihness\n|\n|-heal|p1a: Clefable|100\/100 tox|[from] item: Leftovers\n|-damage|p2a: stannin on bihness|79\/100 brn|[from] brn\n|upkeep\n|turn|168\n|\n|t:|1700756757\n|move|p1a: Clefable|Wish|p1a: Clefable\n|move|p2a: stannin on bihness|Surf|p1a: Clefable\n|-damage|p1a: Clefable|87\/100 tox\n|\n|-heal|p1a: Clefable|93\/100 tox|[from] item: Leftovers\n|-damage|p2a: stannin on bihness|73\/100 brn|[from] brn\n|upkeep\n|turn|169\n|\n|t:|1700756761\n|move|p1a: Clefable|Moonblast|p2a: stannin on bihness\n|-resisted|p2a: stannin on bihness\n|-damage|p2a: stannin on bihness|59\/100 brn\n|-unboost|p2a: stannin on bihness|spa|1\n|move|p2a: stannin on bihness|Surf|p1a: Clefable\n|-damage|p1a: Clefable|84\/100 tox\n|\n|-heal|p1a: Clefable|100\/100 tox|[from] move: Wish|[wisher] Clefable\n|-damage|p2a: stannin on bihness|53\/100 brn|[from] brn\n|upkeep\n|turn|170\n|\n|t:|1700756770\n|move|p1a: Clefable|Wish|p1a: Clefable\n|move|p2a: stannin on bihness|Surf|p1a: Clefable\n|-damage|p1a: Clefable|91\/100 tox\n|\n|-heal|p1a: Clefable|97\/100 tox|[from] item: Leftovers\n|-damage|p2a: stannin on bihness|47\/100 brn|[from] brn\n|upkeep\n|turn|171\n|\n|t:|1700756776\n|switch|p2a: FreePalestine\ud83c\uddf5\ud83c\uddf8|Corviknight, M|100\/100\n|-ability|p2a: FreePalestine\ud83c\uddf5\ud83c\uddf8|Pressure\n|move|p1a: Clefable|Moonblast|p2a: FreePalestine\ud83c\uddf5\ud83c\uddf8\n|-resisted|p2a: FreePalestine\ud83c\uddf5\ud83c\uddf8\n|-damage|p2a: FreePalestine\ud83c\uddf5\ud83c\uddf8|85\/100\n|\n|-heal|p1a: Clefable|100\/100 tox|[from] move: Wish|[wisher] Clefable\n|-end|p1a: Clefable|Infestation|[partiallytrapped]|[silent]\n|upkeep\n|turn|172\n|\n|t:|1700756785\n|switch|p2a: stannin on bihness|Toxapex, F|80\/100 brn\n|switch|p1a: Kingambit|Kingambit, M|56\/100\n|\n|-damage|p2a: stannin on bihness|74\/100 brn|[from] brn\n|upkeep\n|turn|173\n|\n|t:|1700756789\n|-end|p1a: Kingambit|fallenundefined|[silent]\n|switch|p1a: Greninja|Greninja, M|64\/100\n|move|p2a: stannin on bihness|Infestation|p1a: Greninja\n|-supereffective|p1a: Greninja\n|-damage|p1a: Greninja|54\/100\n|-activate|p1a: Greninja|move: Infestation|[of] p2a: stannin on bihness\n|\n|-damage|p2a: stannin on bihness|68\/100 brn|[from] brn\n|-damage|p1a: Greninja|42\/100|[from] move: Infestation|[partiallytrapped]\n|upkeep\n|turn|174\n|\n|t:|1700756796\n|move|p1a: Greninja|Dark Pulse|p2a: stannin on bihness\n|-start|p1a: Greninja|typechange|Dark|[from] ability: Protean\n|-damage|p2a: stannin on bihness|21\/100 brn\n|move|p2a: stannin on bihness|Toxic|p1a: Greninja\n|-status|p1a: Greninja|tox\n|\n|-damage|p1a: Greninja|36\/100 tox|[from] psn\n|-damage|p2a: stannin on bihness|15\/100 brn|[from] brn\n|-damage|p1a: Greninja|24\/100 tox|[from] move: Infestation|[partiallytrapped]\n|upkeep\n|turn|175\n|\n|t:|1700756799\n|switch|p2a: ban dengo ffs|Blissey, F|72\/100\n|move|p1a: Greninja|Dark Pulse|p2a: ban dengo ffs\n|-damage|p2a: ban dengo ffs|54\/100\n|\n|-damage|p1a: Greninja|12\/100 tox|[from] psn\n|-end|p1a: Greninja|Infestation|[partiallytrapped]|[silent]\n|upkeep\n|turn|176\n|c|\u2606yyysneasel|gg\n|\n|t:|1700756807\n|switch|p1a: Clefable|Clefable, M|100\/100 tox\n|move|p2a: ban dengo ffs|Soft-Boiled|p2a: ban dengo ffs\n|-heal|p2a: ban dengo ffs|100\/100\n|\n|upkeep\n|turn|177\n|\n|t:|1700756816\n|switch|p1a: Cinderace|Cinderace, F|63\/100\n|switch|p2a: stannin on bihness|Toxapex, F|48\/100 brn\n|\n|-damage|p2a: stannin on bihness|42\/100 brn|[from] brn\n|upkeep\n|turn|178\n|\n|t:|1700756824\n|move|p1a: Cinderace|Pyro Ball|p2a: stannin on bihness\n|-resisted|p2a: stannin on bihness\n|-damage|p2a: stannin on bihness|25\/100 brn\n|move|p2a: stannin on bihness|Recover|p2a: stannin on bihness\n|-heal|p2a: stannin on bihness|75\/100 brn\n|\n|-damage|p2a: stannin on bihness|69\/100 brn|[from] brn\n|upkeep\n|turn|179\n|\n|t:|1700756829\n|move|p1a: Cinderace|U-turn|p2a: stannin on bihness\n|-start|p1a: Cinderace|typechange|Bug|[from] ability: Libero\n|-resisted|p2a: stannin on bihness\n|-damage|p2a: stannin on bihness|59\/100 brn\n|\n|t:|1700756832\n|switch|p1a: Clefable|Clefable, M|100\/100 tox|[from] U-turn\n|move|p2a: stannin on bihness|Infestation|p1a: Clefable\n|-resisted|p1a: Clefable\n|-damage|p1a: Clefable|99\/100 tox\n|-activate|p1a: Clefable|move: Infestation|[of] p2a: stannin on bihness\n|\n|-heal|p1a: Clefable|100\/100 tox|[from] item: Leftovers\n|-damage|p2a: stannin on bihness|53\/100 brn|[from] brn\n|upkeep\n|turn|180\n|\n|t:|1700756839\n|switch|p2a: FreePalestine\ud83c\uddf5\ud83c\uddf8|Corviknight, M|85\/100\n|-ability|p2a: FreePalestine\ud83c\uddf5\ud83c\uddf8|Pressure\n|move|p1a: Clefable|Knock Off|p2a: FreePalestine\ud83c\uddf5\ud83c\uddf8\n|-damage|p2a: FreePalestine\ud83c\uddf5\ud83c\uddf8|79\/100\n|\n|-end|p1a: Clefable|Infestation|[partiallytrapped]|[silent]\n|upkeep\n|turn|181\n|\n|t:|1700756844\n|switch|p2a: stannin on bihness|Toxapex, F|87\/100 brn\n|move|p1a: Clefable|Knock Off|p2a: stannin on bihness\n|-damage|p2a: stannin on bihness|80\/100 brn\n|\n|-damage|p2a: stannin on bihness|74\/100 brn|[from] brn\n|upkeep\n|turn|182\n|\n|t:|1700756850\n|move|p1a: Clefable|Knock Off|p2a: stannin on bihness\n|-damage|p2a: stannin on bihness|68\/100 brn\n|move|p2a: stannin on bihness|Infestation|p1a: Clefable\n|-resisted|p1a: Clefable\n|-damage|p1a: Clefable|99\/100 tox\n|-activate|p1a: Clefable|move: Infestation|[of] p2a: stannin on bihness\n|\n|-heal|p1a: Clefable|100\/100 tox|[from] item: Leftovers\n|-damage|p2a: stannin on bihness|62\/100 brn|[from] brn\n|upkeep\n|turn|183\n|\n|t:|1700756853\n|switch|p2a: FreePalestine\ud83c\uddf5\ud83c\uddf8|Corviknight, M|79\/100\n|-ability|p2a: FreePalestine\ud83c\uddf5\ud83c\uddf8|Pressure\n|move|p1a: Clefable|Knock Off|p2a: FreePalestine\ud83c\uddf5\ud83c\uddf8\n|-damage|p2a: FreePalestine\ud83c\uddf5\ud83c\uddf8|72\/100\n|\n|-end|p1a: Clefable|Infestation|[partiallytrapped]|[silent]\n|upkeep\n|turn|184\n|\n|t:|1700756857\n|switch|p2a: stannin on bihness|Toxapex, F|95\/100 brn\n|switch|p1a: Landorus|Landorus-Therian, M|64\/100 tox\n|-ability|p1a: Landorus|Intimidate|boost\n|-unboost|p2a: stannin on bihness|atk|1\n|\n|-damage|p1a: Landorus|58\/100 tox|[from] psn\n|-damage|p2a: stannin on bihness|89\/100 brn|[from] brn\n|upkeep\n|turn|185\n|\n|t:|1700756860\n|switch|p2a: FreePalestine\ud83c\uddf5\ud83c\uddf8|Corviknight, M|72\/100\n|-ability|p2a: FreePalestine\ud83c\uddf5\ud83c\uddf8|Pressure\n|move|p1a: Landorus|Stealth Rock|p2a: FreePalestine\ud83c\uddf5\ud83c\uddf8\n|-sidestart|p2: yyysneasel|move: Stealth Rock\n|\n|-damage|p1a: Landorus|46\/100 tox|[from] psn\n|upkeep\n|turn|186\n|\n|t:|1700756863\n|switch|p1a: Iron Valiant|Iron Valiant|45\/100\n|move|p2a: FreePalestine\ud83c\uddf5\ud83c\uddf8|Defog|p1a: Iron Valiant\n|-unboost|p1a: Iron Valiant|evasion|1\n|-sideend|p2: yyysneasel|Stealth Rock|[from] move: Defog|[of] p2a: FreePalestine\ud83c\uddf5\ud83c\uddf8\n|\n|upkeep\n|turn|187\n|\n|t:|1700756869\n|switch|p2a: stannin on bihness|Toxapex, F|100\/100 brn\n|move|p1a: Iron Valiant|Moonblast|p2a: stannin on bihness\n|-resisted|p2a: stannin on bihness\n|-damage|p2a: stannin on bihness|80\/100 brn\n|-unboost|p2a: stannin on bihness|spa|1\n|\n|-damage|p2a: stannin on bihness|74\/100 brn|[from] brn\n|upkeep\n|turn|188\n|\n|t:|1700756873\n|-end|p1a: Iron Valiant|Quark Drive|[silent]\n|switch|p1a: Clefable|Clefable, M|100\/100 tox\n|move|p2a: stannin on bihness|Infestation|p1a: Clefable\n|-resisted|p1a: Clefable\n|-damage|p1a: Clefable|99\/100 tox\n|-activate|p1a: Clefable|move: Infestation|[of] p2a: stannin on bihness\n|\n|-heal|p1a: Clefable|100\/100 tox|[from] item: Leftovers\n|-damage|p2a: stannin on bihness|68\/100 brn|[from] brn\n|upkeep\n|turn|189\n|\n|t:|1700756881\n|switch|p2a: FreePalestine\ud83c\uddf5\ud83c\uddf8|Corviknight, M|72\/100\n|-ability|p2a: FreePalestine\ud83c\uddf5\ud83c\uddf8|Pressure\n|move|p1a: Clefable|Knock Off|p2a: FreePalestine\ud83c\uddf5\ud83c\uddf8\n|-damage|p2a: FreePalestine\ud83c\uddf5\ud83c\uddf8|66\/100\n|\n|-end|p1a: Clefable|Infestation|[partiallytrapped]|[silent]\n|upkeep\n|turn|190\n|\n|t:|1700756886\n|switch|p2a: stannin on bihness|Toxapex, F|100\/100 brn\n|switch|p1a: Kingambit|Kingambit, M|56\/100\n|\n|-damage|p2a: stannin on bihness|95\/100 brn|[from] brn\n|upkeep\n|turn|191\n|\n|t:|1700756893\n|-end|p1a: Kingambit|fallenundefined|[silent]\n|switch|p1a: Landorus|Landorus-Therian, M|46\/100 tox\n|-ability|p1a: Landorus|Intimidate|boost\n|-unboost|p2a: stannin on bihness|atk|1\n|move|p2a: stannin on bihness|Infestation|p1a: Landorus\n|-resisted|p1a: Landorus\n|-damage|p1a: Landorus|44\/100 tox\n|-activate|p1a: Landorus|move: Infestation|[of] p2a: stannin on bihness\n|-damage|p2a: stannin on bihness|78\/100 brn|[from] item: Rocky Helmet|[of] p1a: Landorus\n|\n|-damage|p1a: Landorus|38\/100 tox|[from] psn\n|-damage|p2a: stannin on bihness|72\/100 brn|[from] brn\n|-damage|p1a: Landorus|26\/100 tox|[from] move: Infestation|[partiallytrapped]\n|upkeep\n|turn|192\n|\n|t:|1700756898\n|switch|p2a: FreePalestine\ud83c\uddf5\ud83c\uddf8|Corviknight, M|66\/100\n|-ability|p2a: FreePalestine\ud83c\uddf5\ud83c\uddf8|Pressure\n|move|p1a: Landorus|U-turn|p2a: FreePalestine\ud83c\uddf5\ud83c\uddf8\n|-resisted|p2a: FreePalestine\ud83c\uddf5\ud83c\uddf8\n|-damage|p2a: FreePalestine\ud83c\uddf5\ud83c\uddf8|63\/100\n|\n|t:|1700756901\n|switch|p1a: Cinderace|Cinderace, F|63\/100|[from] U-turn\n|\n|upkeep\n|turn|193\n|\n|t:|1700756905\n|switch|p2a: stannin on bihness|Toxapex, F|100\/100 brn\n|move|p1a: Cinderace|U-turn|p2a: stannin on bihness\n|-start|p1a: Cinderace|typechange|Bug|[from] ability: Libero\n|-resisted|p2a: stannin on bihness\n|-damage|p2a: stannin on bihness|91\/100 brn\n|\n|t:|1700756921\n|switch|p1a: Kingambit|Kingambit, M|56\/100|[from] U-turn\n|\n|-damage|p2a: stannin on bihness|85\/100 brn|[from] brn\n|upkeep\n|turn|194\n|\n|t:|1700756925\n|-end|p1a: Kingambit|fallenundefined|[silent]\n|switch|p1a: Clefable|Clefable, M|100\/100 tox\n|move|p2a: stannin on bihness|Infestation|p1a: Clefable\n|-resisted|p1a: Clefable\n|-damage|p1a: Clefable|99\/100 tox\n|-activate|p1a: Clefable|move: Infestation|[of] p2a: stannin on bihness\n|\n|-heal|p1a: Clefable|100\/100 tox|[from] item: Leftovers\n|-damage|p2a: stannin on bihness|79\/100 brn|[from] brn\n|upkeep\n|turn|195\n|l| fuwa the cute\n|\n|t:|1700756933\n|switch|p2a: FreePalestine\ud83c\uddf5\ud83c\uddf8|Corviknight, M|63\/100\n|-ability|p2a: FreePalestine\ud83c\uddf5\ud83c\uddf8|Pressure\n|move|p1a: Clefable|Knock Off|p2a: FreePalestine\ud83c\uddf5\ud83c\uddf8\n|-damage|p2a: FreePalestine\ud83c\uddf5\ud83c\uddf8|57\/100\n|\n|-end|p1a: Clefable|Infestation|[partiallytrapped]|[silent]\n|upkeep\n|turn|196\n|\n|t:|1700756937\n|move|p2a: FreePalestine\ud83c\uddf5\ud83c\uddf8|Roost|p2a: FreePalestine\ud83c\uddf5\ud83c\uddf8\n|-heal|p2a: FreePalestine\ud83c\uddf5\ud83c\uddf8|100\/100\n|-singleturn|p2a: FreePalestine\ud83c\uddf5\ud83c\uddf8|move: Roost\n|move|p1a: Clefable|Knock Off|p2a: FreePalestine\ud83c\uddf5\ud83c\uddf8\n|-damage|p2a: FreePalestine\ud83c\uddf5\ud83c\uddf8|95\/100\n|\n|upkeep\n|turn|197\n|\n|t:|1700756941\n|switch|p2a: stannin on bihness|Toxapex, F|100\/100 brn\n|move|p1a: Clefable|Knock Off|p2a: stannin on bihness\n|-damage|p2a: stannin on bihness|94\/100 brn\n|\n|-damage|p2a: stannin on bihness|88\/100 brn|[from] brn\n|upkeep\n|turn|198\n|j| Titantula\n|j| fuwa the cute\n|\n|t:|1700756945\n|move|p1a: Clefable|Knock Off|p2a: stannin on bihness\n|-damage|p2a: stannin on bihness|81\/100 brn\n|move|p2a: stannin on bihness|Infestation|p1a: Clefable\n|-resisted|p1a: Clefable\n|-damage|p1a: Clefable|99\/100 tox\n|-activate|p1a: Clefable|move: Infestation|[of] p2a: stannin on bihness\n|\n|-heal|p1a: Clefable|100\/100 tox|[from] item: Leftovers\n|-damage|p2a: stannin on bihness|75\/100 brn|[from] brn\n|upkeep\n|turn|199\n|\n|t:|1700756948\n|switch|p2a: FreePalestine\ud83c\uddf5\ud83c\uddf8|Corviknight, M|95\/100\n|-ability|p2a: FreePalestine\ud83c\uddf5\ud83c\uddf8|Pressure\n|move|p1a: Clefable|Knock Off|p2a: FreePalestine\ud83c\uddf5\ud83c\uddf8\n|-damage|p2a: FreePalestine\ud83c\uddf5\ud83c\uddf8|89\/100\n|\n|-end|p1a: Clefable|Infestation|[partiallytrapped]|[silent]\n|upkeep\n|turn|200\n|\n|t:|1700756959\n|switch|p2a: stannin on bihness|Toxapex, F|100\/100 brn\n|switch|p1a: Landorus|Landorus-Therian, M|26\/100 tox\n|-ability|p1a: Landorus|Intimidate|boost\n|-unboost|p2a: stannin on bihness|atk|1\n|\n|-damage|p1a: Landorus|20\/100 tox|[from] psn\n|-damage|p2a: stannin on bihness|95\/100 brn|[from] brn\n|upkeep\n|turn|201\n|\n|t:|1700756962\n|switch|p1a: Cinderace|Cinderace, F|63\/100\n|switch|p2a: FreePalestine\ud83c\uddf5\ud83c\uddf8|Corviknight, M|89\/100\n|-ability|p2a: FreePalestine\ud83c\uddf5\ud83c\uddf8|Pressure\n|\n|upkeep\n|turn|202\n|\n|t:|1700756965\n|switch|p1a: Kingambit|Kingambit, M|56\/100\n|switch|p2a: stannin on bihness|Toxapex, F|100\/100 brn\n|\n|-damage|p2a: stannin on bihness|95\/100 brn|[from] brn\n|upkeep\n|turn|203\n|\n|t:|1700756968\n|-end|p1a: Kingambit|fallenundefined|[silent]\n|switch|p1a: Clefable|Clefable, M|100\/100 tox\n|move|p2a: stannin on bihness|Surf|p1a: Clefable\n|-damage|p1a: Clefable|88\/100 tox\n|\n|-heal|p1a: Clefable|94\/100 tox|[from] item: Leftovers\n|-damage|p2a: stannin on bihness|89\/100 brn|[from] brn\n|upkeep\n|turn|204\n|\n|t:|1700756973\n|switch|p1a: Kingambit|Kingambit, M|56\/100\n|switch|p2a: FreePalestine\ud83c\uddf5\ud83c\uddf8|Corviknight, M|89\/100\n|-ability|p2a: FreePalestine\ud83c\uddf5\ud83c\uddf8|Pressure\n|\n|upkeep\n|turn|205\n|\n|t:|1700756976\n|-end|p1a: Kingambit|fallenundefined|[silent]\n|switch|p1a: Clefable|Clefable, M|94\/100 tox\n|switch|p2a: stannin on bihness|Toxapex, F|100\/100 brn\n|\n|-heal|p1a: Clefable|99\/100 tox|[from] item: Leftovers\n|-damage|p2a: stannin on bihness|95\/100 brn|[from] brn\n|upkeep\n|turn|206\n|\n|t:|1700756981\n|move|p1a: Clefable|Protect|p1a: Clefable\n|-singleturn|p1a: Clefable|Protect\n|move|p2a: stannin on bihness|Infestation|p1a: Clefable\n|-activate|p1a: Clefable|move: Protect\n|\n|-heal|p1a: Clefable|100\/100 tox|[from] item: Leftovers\n|-damage|p2a: stannin on bihness|89\/100 brn|[from] brn\n|upkeep\n|turn|207\n|c| Titantula|gawd I hate n.. stall!!\n|\n|t:|1700756989\n|move|p1a: Clefable|Knock Off|p2a: stannin on bihness\n|-damage|p2a: stannin on bihness|82\/100 brn\n|move|p2a: stannin on bihness|Surf|p1a: Clefable\n|-damage|p1a: Clefable|87\/100 tox\n|\n|-heal|p1a: Clefable|93\/100 tox|[from] item: Leftovers\n|-damage|p2a: stannin on bihness|76\/100 brn|[from] brn\n|upkeep\n|turn|208\n|c|\u2606yyysneasel|why r you watching then\n|\n|t:|1700757000\n|switch|p1a: Cinderace|Cinderace, F|63\/100\n|switch|p2a: FreePalestine\ud83c\uddf5\ud83c\uddf8|Corviknight, M|89\/100\n|-ability|p2a: FreePalestine\ud83c\uddf5\ud83c\uddf8|Pressure\n|\n|upkeep\n|turn|209\n|\n|t:|1700757014\n|switch|p2a: stannin on bihness|Toxapex, F|100\/100 brn\n|move|p1a: Cinderace|Pyro Ball|p2a: stannin on bihness\n|-resisted|p2a: stannin on bihness\n|-damage|p2a: stannin on bihness|84\/100 brn\n|\n|-damage|p2a: stannin on bihness|78\/100 brn|[from] brn\n|upkeep\n|turn|210\n|c| Devilex|cos we want to see stall lose lol\n|c| fuwa the cute|you didnt get the joke bruh\n|c| Titantula|hoping Dizay wins\n|\n|t:|1700757027\n|move|p1a: Cinderace|Pyro Ball|p2a: stannin on bihness\n|-resisted|p2a: stannin on bihness\n|-crit|p2a: stannin on bihness\n|-damage|p2a: stannin on bihness|51\/100 brn\n|move|p2a: stannin on bihness|Surf|p1a: Cinderace\n|-supereffective|p1a: Cinderace\n|-damage|p1a: Cinderace|7\/100\n|\n|-damage|p2a: stannin on bihness|45\/100 brn|[from] brn\n|upkeep\n|turn|211\n|\n|t:|1700757031\n|move|p1a: Cinderace|U-turn|p2a: stannin on bihness\n|-start|p1a: Cinderace|typechange|Bug|[from] ability: Libero\n|-resisted|p2a: stannin on bihness\n|-damage|p2a: stannin on bihness|35\/100 brn\n|c|\u2606yyysneasel|he has lost\n|c|\u2606yyysneasel|you can leave\n|c| Titantula|i wont\n|c| fuwa the cute|i love stall tbh lol\n|c| Devilex|nah\n|\n|t:|1700757054\n|switch|p1a: Landorus|Landorus-Therian, M|20\/100 tox|[from] U-turn\n|-ability|p1a: Landorus|Intimidate|boost\n|-unboost|p2a: stannin on bihness|atk|1\n|move|p2a: stannin on bihness|Recover|p2a: stannin on bihness\n|-heal|p2a: stannin on bihness|86\/100 brn\n|\n|-damage|p1a: Landorus|14\/100 tox|[from] psn\n|-damage|p2a: stannin on bihness|80\/100 brn|[from] brn\n|upkeep\n|turn|212\n|\n|t:|1700757057\n|switch|p2a: FreePalestine\ud83c\uddf5\ud83c\uddf8|Corviknight, M|89\/100\n|-ability|p2a: FreePalestine\ud83c\uddf5\ud83c\uddf8|Pressure\n|move|p1a: Landorus|Stealth Rock|p2a: FreePalestine\ud83c\uddf5\ud83c\uddf8\n|-sidestart|p2: yyysneasel|move: Stealth Rock\n|\n|-damage|p1a: Landorus|2\/100 tox|[from] psn\n|upkeep\n|turn|213\n|\n|t:|1700757067\n|move|p1a: Landorus|U-turn|p2a: FreePalestine\ud83c\uddf5\ud83c\uddf8\n|-resisted|p2a: FreePalestine\ud83c\uddf5\ud83c\uddf8\n|-damage|p2a: FreePalestine\ud83c\uddf5\ud83c\uddf8|85\/100\n|c|\u2606yyysneasel|real gs know that stall is the funniest\n|\n|t:|1700757072\n|switch|p1a: Cinderace|Cinderace, F|7\/100|[from] U-turn\n|move|p2a: FreePalestine\ud83c\uddf5\ud83c\uddf8|Defog|p1a: Cinderace\n|-unboost|p1a: Cinderace|evasion|1\n|-sideend|p2: yyysneasel|Stealth Rock|[from] move: Defog|[of] p2a: FreePalestine\ud83c\uddf5\ud83c\uddf8\n|\n|upkeep\n|turn|214\n|c|\u2606yyysneasel|whats the fun in a 30 turns game\n|\n|t:|1700757077\n|switch|p2a: stannin on bihness|Toxapex, F|100\/100 brn\n|move|p1a: Cinderace|U-turn|p2a: stannin on bihness\n|-start|p1a: Cinderace|typechange|Bug|[from] ability: Libero\n|-resisted|p2a: stannin on bihness\n|-damage|p2a: stannin on bihness|91\/100 brn\n|\n|t:|1700757078\n|switch|p1a: Landorus|Landorus-Therian, M|2\/100 tox|[from] U-turn\n|-ability|p1a: Landorus|Intimidate|boost\n|-unboost|p2a: stannin on bihness|atk|1\n|\n|-damage|p1a: Landorus|0 fnt|[from] psn\n|faint|p1a: Landorus\n|-damage|p2a: stannin on bihness|85\/100 brn|[from] brn\n|upkeep\n|\n|t:|1700757083\n|switch|p1a: Kingambit|Kingambit, M|56\/100\n|-activate|p1a: Kingambit|ability: Supreme Overlord\n|-start|p1a: Kingambit|fallen1|[silent]\n|turn|215\n|\n|t:|1700757087\n|move|p1a: Kingambit|Kowtow Cleave|p2a: stannin on bihness\n|-damage|p2a: stannin on bihness|51\/100 brn\n|move|p2a: stannin on bihness|Infestation|p1a: Kingambit\n|-damage|p1a: Kingambit|53\/100\n|-activate|p1a: Kingambit|move: Infestation|[of] p2a: stannin on bihness\n|\n|-damage|p2a: stannin on bihness|45\/100 brn|[from] brn\n|-damage|p1a: Kingambit|40\/100|[from] move: Infestation|[partiallytrapped]\n|upkeep\n|turn|216\n|\n|t:|1700757091\n|switch|p2a: Ripbozo \ud83d\ude02 \ud83d\ude02|Dondozo, M|78\/100\n|move|p1a: Kingambit|Kowtow Cleave|p2a: Ripbozo \ud83d\ude02 \ud83d\ude02\n|-damage|p2a: Ripbozo \ud83d\ude02 \ud83d\ude02|53\/100\n|\n|-heal|p2a: Ripbozo \ud83d\ude02 \ud83d\ude02|59\/100|[from] item: Leftovers\n|-end|p1a: Kingambit|Infestation|[partiallytrapped]|[silent]\n|upkeep\n|turn|217\n|\n|t:|1700757095\n|-end|p1a: Kingambit|fallen1|[silent]\n|switch|p1a: Clefable|Clefable, M|93\/100 tox\n|move|p2a: Ripbozo \ud83d\ude02 \ud83d\ude02|Curse|p2a: Ripbozo \ud83d\ude02 \ud83d\ude02\n|-unboost|p2a: Ripbozo \ud83d\ude02 \ud83d\ude02|spe|1\n|-boost|p2a: Ripbozo \ud83d\ude02 \ud83d\ude02|atk|1\n|-boost|p2a: Ripbozo \ud83d\ude02 \ud83d\ude02|def|1\n|\n|-heal|p1a: Clefable|99\/100 tox|[from] item: Leftovers\n|-heal|p2a: Ripbozo \ud83d\ude02 \ud83d\ude02|66\/100|[from] item: Leftovers\n|upkeep\n|turn|218\n|c| fuwa the cute|its cool you make it work in a hyper offense meta\n|l| 654654m\n|\n|t:|1700757098\n|switch|p2a: stannin on bihness|Toxapex, F|78\/100 brn\n|move|p1a: Clefable|Moonblast|p2a: stannin on bihness\n|-resisted|p2a: stannin on bihness\n|-damage|p2a: stannin on bihness|64\/100 brn\n|\n|-heal|p1a: Clefable|100\/100 tox|[from] item: Leftovers\n|-damage|p2a: stannin on bihness|58\/100 brn|[from] brn\n|upkeep\n|turn|219\n|\n|t:|1700757106\n|switch|p2a: FreePalestine\ud83c\uddf5\ud83c\uddf8|Corviknight, M|85\/100\n|-ability|p2a: FreePalestine\ud83c\uddf5\ud83c\uddf8|Pressure\n|move|p1a: Clefable|Protect||[still]\n|-fail|p1a: Clefable\n|\n|upkeep\n|turn|220\n|j| FULKU\n|\n|t:|1700757114\n|switch|p2a: stannin on bihness|Toxapex, F|92\/100 brn\n|move|p1a: Clefable|Wish|p1a: Clefable\n|\n|-damage|p2a: stannin on bihness|86\/100 brn|[from] brn\n|upkeep\n|turn|221\n|\n|t:|1700757119\n|switch|p1a: Kingambit|Kingambit, M|40\/100\n|-activate|p1a: Kingambit|ability: Supreme Overlord\n|-start|p1a: Kingambit|fallen1|[silent]\n|move|p2a: stannin on bihness|Surf|p1a: Kingambit\n|-damage|p1a: Kingambit|20\/100\n|\n|-heal|p1a: Kingambit|73\/100|[from] move: Wish|[wisher] Clefable\n|-damage|p2a: stannin on bihness|80\/100 brn|[from] brn\n|upkeep\n|turn|222\n|\n|t:|1700757122\n|move|p1a: Kingambit|Swords Dance|p1a: Kingambit\n|-boost|p1a: Kingambit|atk|2\n|move|p2a: stannin on bihness|Infestation|p1a: Kingambit\n|-damage|p1a: Kingambit|70\/100\n|-activate|p1a: Kingambit|move: Infestation|[of] p2a: stannin on bihness\n|\n|-damage|p2a: stannin on bihness|74\/100 brn|[from] brn\n|-damage|p1a: Kingambit|57\/100|[from] move: Infestation|[partiallytrapped]\n|upkeep\n|turn|223\n|l| Ran Kob\n|\n|t:|1700757128\n|switch|p2a: Ripbozo \ud83d\ude02 \ud83d\ude02|Dondozo, M|66\/100\n|move|p1a: Kingambit|Kowtow Cleave|p2a: Ripbozo \ud83d\ude02 \ud83d\ude02\n|-damage|p2a: Ripbozo \ud83d\ude02 \ud83d\ude02|39\/100\n|\n|-heal|p2a: Ripbozo \ud83d\ude02 \ud83d\ude02|45\/100|[from] item: Leftovers\n|-end|p1a: Kingambit|Infestation|[partiallytrapped]|[silent]\n|upkeep\n|turn|224\n|c| Titantula|you\u00b4re right more fun is winning by ppstall and regen spam switching every turn\n|c| Titantula|XD\n|\n|t:|1700757135\n|move|p1a: Kingambit|Iron Head|p2a: Ripbozo \ud83d\ude02 \ud83d\ude02\n|-resisted|p2a: Ripbozo \ud83d\ude02 \ud83d\ude02\n|-damage|p2a: Ripbozo \ud83d\ude02 \ud83d\ude02|33\/100\n|cant|p2a: Ripbozo \ud83d\ude02 \ud83d\ude02|flinch\n|\n|-heal|p2a: Ripbozo \ud83d\ude02 \ud83d\ude02|39\/100|[from] item: Leftovers\n|upkeep\n|turn|225\n|c|\u2606yyysneasel|its a chess game\n|\n|t:|1700757142\n|move|p1a: Kingambit|Iron Head|p2a: Ripbozo \ud83d\ude02 \ud83d\ude02\n|-resisted|p2a: Ripbozo \ud83d\ude02 \ud83d\ude02\n|-damage|p2a: Ripbozo \ud83d\ude02 \ud83d\ude02|28\/100\n|cant|p2a: Ripbozo \ud83d\ude02 \ud83d\ude02|flinch\n|\n|-heal|p2a: Ripbozo \ud83d\ude02 \ud83d\ude02|34\/100|[from] item: Leftovers\n|upkeep\n|turn|226\n|c| Titantula|of course chess\n|c| Shurican|stall is fun tho\n|\n|t:|1700757151\n|move|p1a: Kingambit|Iron Head|p2a: Ripbozo \ud83d\ude02 \ud83d\ude02\n|-resisted|p2a: Ripbozo \ud83d\ude02 \ud83d\ude02\n|-damage|p2a: Ripbozo \ud83d\ude02 \ud83d\ude02|22\/100\n|move|p2a: Ripbozo \ud83d\ude02 \ud83d\ude02|Rest|p2a: Ripbozo \ud83d\ude02 \ud83d\ude02\n|-status|p2a: Ripbozo \ud83d\ude02 \ud83d\ude02|slp|[from] move: Rest\n|-heal|p2a: Ripbozo \ud83d\ude02 \ud83d\ude02|100\/100 slp|[silent]\n|\n|upkeep\n|turn|227\n|\n|t:|1700757161\n|move|p1a: Kingambit|Kowtow Cleave|p2a: Ripbozo \ud83d\ude02 \ud83d\ude02\n|-damage|p2a: Ripbozo \ud83d\ude02 \ud83d\ude02|78\/100 slp\n|cant|p2a: Ripbozo \ud83d\ude02 \ud83d\ude02|slp\n|move|p2a: Ripbozo \ud83d\ude02 \ud83d\ude02|Sleep Talk|p2a: Ripbozo \ud83d\ude02 \ud83d\ude02\n|move|p2a: Ripbozo \ud83d\ude02 \ud83d\ude02|Wave Crash|p1a: Kingambit|[from]move: Sleep Talk\n|-damage|p1a: Kingambit|27\/100\n|-damage|p2a: Ripbozo \ud83d\ude02 \ud83d\ude02|71\/100 slp|[from] Recoil\n|\n|-heal|p2a: Ripbozo \ud83d\ude02 \ud83d\ude02|77\/100 slp|[from] item: Leftovers\n|upkeep\n|turn|228\n|\n|t:|1700757165\n|move|p1a: Kingambit|Kowtow Cleave|p2a: Ripbozo \ud83d\ude02 \ud83d\ude02\n|-damage|p2a: Ripbozo \ud83d\ude02 \ud83d\ude02|51\/100 slp\n|cant|p2a: Ripbozo \ud83d\ude02 \ud83d\ude02|slp\n|move|p2a: Ripbozo \ud83d\ude02 \ud83d\ude02|Sleep Talk|p2a: Ripbozo \ud83d\ude02 \ud83d\ude02\n|move|p2a: Ripbozo \ud83d\ude02 \ud83d\ude02|Curse|p2a: Ripbozo \ud83d\ude02 \ud83d\ude02|[from]move: Sleep Talk\n|-unboost|p2a: Ripbozo \ud83d\ude02 \ud83d\ude02|spe|1\n|-boost|p2a: Ripbozo \ud83d\ude02 \ud83d\ude02|atk|1\n|-boost|p2a: Ripbozo \ud83d\ude02 \ud83d\ude02|def|1\n|\n|-heal|p2a: Ripbozo \ud83d\ude02 \ud83d\ude02|58\/100 slp|[from] item: Leftovers\n|upkeep\n|turn|229\n|c| fuwa the cute|i came here for the teams\n|\n|t:|1700757170\n|-end|p1a: Kingambit|fallen1|[silent]\n|switch|p1a: Cinderace|Cinderace, F|7\/100\n|-curestatus|p2a: Ripbozo \ud83d\ude02 \ud83d\ude02|slp|[msg]\n|move|p2a: Ripbozo \ud83d\ude02 \ud83d\ude02|Rest|p2a: Ripbozo \ud83d\ude02 \ud83d\ude02\n|-status|p2a: Ripbozo \ud83d\ude02 \ud83d\ude02|slp|[from] move: Rest\n|-heal|p2a: Ripbozo \ud83d\ude02 \ud83d\ude02|100\/100 slp|[silent]\n|\n|upkeep\n|turn|230\n|c| FULKU|well stall was never fun\n|c| Shurican|fym\n|\n|t:|1700757176\n|move|p1a: Cinderace|Will-O-Wisp||[still]\n|-fail|p1a: Cinderace\n|cant|p2a: Ripbozo \ud83d\ude02 \ud83d\ude02|slp\n|move|p2a: Ripbozo \ud83d\ude02 \ud83d\ude02|Sleep Talk|p2a: Ripbozo \ud83d\ude02 \ud83d\ude02\n|move|p2a: Ripbozo \ud83d\ude02 \ud83d\ude02|Rest||[from]move: Sleep Talk|[still]\n|-fail|p2a: Ripbozo \ud83d\ude02 \ud83d\ude02\n|\n|upkeep\n|turn|231\n|\n|t:|1700757179\n|move|p1a: Cinderace|Will-O-Wisp||[still]\n|-fail|p1a: Cinderace\n|cant|p2a: Ripbozo \ud83d\ude02 \ud83d\ude02|slp\n|move|p2a: Ripbozo \ud83d\ude02 \ud83d\ude02|Sleep Talk|p2a: Ripbozo \ud83d\ude02 \ud83d\ude02\n|move|p2a: Ripbozo \ud83d\ude02 \ud83d\ude02|Wave Crash|p1a: Cinderace|[from]move: Sleep Talk\n|-supereffective|p1a: Cinderace\n|-damage|p1a: Cinderace|0 fnt\n|faint|p1a: Cinderace\n|-damage|p2a: Ripbozo \ud83d\ude02 \ud83d\ude02|99\/100 slp|[from] Recoil\n|\n|-heal|p2a: Ripbozo \ud83d\ude02 \ud83d\ude02|100\/100 slp|[from] item: Leftovers\n|upkeep\n|\n|t:|1700757181\n|switch|p1a: Greninja|Greninja, M|12\/100 tox\n|turn|232\n|c| Titantula|english opening its stall\n|\n|t:|1700757184\n|switch|p2a: stannin on bihness|Toxapex, F|100\/100 brn\n|-terastallize|p1a: Greninja|Water\n|move|p1a: Greninja|Hydro Pump|p2a: stannin on bihness\n|-resisted|p2a: stannin on bihness\n|-damage|p2a: stannin on bihness|62\/100 brn\n|\n|-damage|p1a: Greninja|6\/100 tox|[from] psn\n|-damage|p2a: stannin on bihness|56\/100 brn|[from] brn\n|upkeep\n|turn|233\n|c| FULKU|and if u have any breaker its more than done\n|\n|t:|1700757190\n|move|p1a: Greninja|Hydro Pump|p2a: stannin on bihness\n|-resisted|p2a: stannin on bihness\n|-damage|p2a: stannin on bihness|14\/100 brn\n|move|p2a: stannin on bihness|Recover|p2a: stannin on bihness\n|-heal|p2a: stannin on bihness|64\/100 brn\n|\n|-damage|p1a: Greninja|0 fnt|[from] psn\n|faint|p1a: Greninja\n|-damage|p2a: stannin on bihness|58\/100 brn|[from] brn\n|upkeep\n|l| plutoniumdragon\n|\n|t:|1700757193\n|switch|p1a: Iron Valiant|Iron Valiant|45\/100\n|turn|234\n|c| FULKU|or just encore\n|\n|t:|1700757198\n|move|p1a: Iron Valiant|Moonblast|p2a: stannin on bihness\n|-resisted|p2a: stannin on bihness\n|-damage|p2a: stannin on bihness|39\/100 brn\n|-unboost|p2a: stannin on bihness|spa|1\n|move|p2a: stannin on bihness|Toxic|p1a: Iron Valiant\n|-status|p1a: Iron Valiant|tox\n|\n|-damage|p1a: Iron Valiant|39\/100 tox|[from] psn\n|-damage|p2a: stannin on bihness|34\/100 brn|[from] brn\n|upkeep\n|turn|235\n|c|\u2606Dizay69|GG\n|\n|t:|1700757206\n|switch|p2a: It's Joever|Clefable, M|71\/100\n|move|p1a: Iron Valiant|Moonblast|p2a: It's Joever\n|-damage|p2a: It's Joever|41\/100\n|-unboost|p2a: It's Joever|spa|1\n|\n|-damage|p1a: Iron Valiant|26\/100 tox|[from] psn\n|upkeep\n|turn|236\n|c|\u2606yyysneasel|gg\n|\n|t:|1700757211\n|move|p1a: Iron Valiant|Moonblast|p2a: It's Joever\n|-damage|p2a: It's Joever|8\/100\n|-unboost|p2a: It's Joever|spa|1\n|move|p2a: It's Joever|Wish|p2a: It's Joever\n|\n|-damage|p1a: Iron Valiant|8\/100 tox|[from] psn\n|upkeep\n|turn|237\n|\n|t:|1700757213\n|move|p2a: It's Joever|Protect|p2a: It's Joever\n|-singleturn|p2a: It's Joever|Protect\n|move|p1a: Iron Valiant|Moonblast|p2a: It's Joever\n|-activate|p2a: It's Joever|move: Protect\n|\n|-heal|p2a: It's Joever|58\/100|[from] move: Wish|[wisher] It's Joever\n|-damage|p1a: Iron Valiant|0 fnt|[from] psn\n|faint|p1a: Iron Valiant\n|-end|p1a: Iron Valiant|Quark Drive|[silent]\n|upkeep\n|\n|t:|1700757215\n|switch|p1a: Clefable|Clefable, M|100\/100 tox\n|turn|238\n|\n|t:|1700757217\n|switch|p2a: stannin on bihness|Toxapex, F|67\/100 brn\n|move|p1a: Clefable|Moonblast|p2a: stannin on bihness\n|-resisted|p2a: stannin on bihness\n|-damage|p2a: stannin on bihness|54\/100 brn\n|\n|-damage|p2a: stannin on bihness|48\/100 brn|[from] brn\n|upkeep\n|turn|239\n|\n|t:|1700757220\n|switch|p2a: FreePalestine\ud83c\uddf5\ud83c\uddf8|Corviknight, M|85\/100\n|-ability|p2a: FreePalestine\ud83c\uddf5\ud83c\uddf8|Pressure\n|move|p1a: Clefable|Moonblast|p2a: FreePalestine\ud83c\uddf5\ud83c\uddf8\n|-resisted|p2a: FreePalestine\ud83c\uddf5\ud83c\uddf8\n|-damage|p2a: FreePalestine\ud83c\uddf5\ud83c\uddf8|71\/100\n|\n|upkeep\n|turn|240\n|\n|t:|1700757224\n|switch|p2a: stannin on bihness|Toxapex, F|82\/100 brn\n|move|p1a: Clefable|Knock Off|p2a: stannin on bihness\n|-damage|p2a: stannin on bihness|76\/100 brn\n|\n|-damage|p2a: stannin on bihness|70\/100 brn|[from] brn\n|upkeep\n|turn|241\n|\n|t:|1700757226\n|move|p1a: Clefable|Knock Off|p2a: stannin on bihness\n|-damage|p2a: stannin on bihness|63\/100 brn\n|move|p2a: stannin on bihness|Infestation|p1a: Clefable\n|-resisted|p1a: Clefable\n|-damage|p1a: Clefable|99\/100 tox\n|-activate|p1a: Clefable|move: Infestation|[of] p2a: stannin on bihness\n|\n|-heal|p1a: Clefable|100\/100 tox|[from] item: Leftovers\n|-damage|p2a: stannin on bihness|57\/100 brn|[from] brn\n|upkeep\n|turn|242\n|c| Titantula|bg\n|\n|t:|1700757232\n|switch|p2a: FreePalestine\ud83c\uddf5\ud83c\uddf8|Corviknight, M|71\/100\n|-ability|p2a: FreePalestine\ud83c\uddf5\ud83c\uddf8|Pressure\n|move|p1a: Clefable|Protect||[still]\n|-fail|p1a: Clefable\n|\n|-end|p1a: Clefable|Infestation|[partiallytrapped]|[silent]\n|upkeep\n|turn|243\n|\n|t:|1700757235\n|move|p1a: Clefable|Protect|p1a: Clefable\n|-singleturn|p1a: Clefable|Protect\n|move|p2a: FreePalestine\ud83c\uddf5\ud83c\uddf8|U-turn|p1a: Clefable\n|-activate|p1a: Clefable|move: Protect\n|\n|upkeep\n|turn|244\n|\n|t:|1700757238\n|move|p1a: Clefable|Protect|p1a: Clefable\n|-singleturn|p1a: Clefable|Protect\n|move|p2a: FreePalestine\ud83c\uddf5\ud83c\uddf8|U-turn|p1a: Clefable\n|-activate|p1a: Clefable|move: Protect\n|\n|upkeep\n|turn|245\n|c| Devilex|yeah bg\n|\n|t:|1700757240\n|move|p1a: Clefable|Protect||[still]\n|-fail|p1a: Clefable\n|move|p2a: FreePalestine\ud83c\uddf5\ud83c\uddf8|U-turn|p1a: Clefable\n|-resisted|p1a: Clefable\n|-damage|p1a: Clefable|93\/100 tox\n|\n|t:|1700757243\n|switch|p2a: It's Joever|Clefable, M|58\/100|[from] U-turn\n|\n|-heal|p1a: Clefable|99\/100 tox|[from] item: Leftovers\n|upkeep\n|turn|246\n|\n|t:|1700757252\n|move|p1a: Clefable|Protect|p1a: Clefable\n|-singleturn|p1a: Clefable|Protect\n|move|p2a: It's Joever|Wish|p2a: It's Joever\n|\n|-heal|p1a: Clefable|100\/100 tox|[from] item: Leftovers\n|upkeep\n|turn|247\n|\n|t:|1700757254\n|move|p1a: Clefable|Protect||[still]\n|-fail|p1a: Clefable\n|move|p2a: It's Joever|Moonblast|p1a: Clefable\n|-damage|p1a: Clefable|80\/100 tox\n|-unboost|p1a: Clefable|spa|1\n|\n|-heal|p2a: It's Joever|100\/100|[from] move: Wish|[wisher] It's Joever\n|-heal|p1a: Clefable|86\/100 tox|[from] item: Leftovers\n|upkeep\n|turn|248\n|\n|t:|1700757256\n|move|p1a: Clefable|Protect|p1a: Clefable\n|-singleturn|p1a: Clefable|Protect\n|move|p2a: It's Joever|Moonblast|p1a: Clefable\n|-activate|p1a: Clefable|move: Protect\n|\n|-heal|p1a: Clefable|92\/100 tox|[from] item: Leftovers\n|upkeep\n|turn|249\n|l| Titantula\n|\n|t:|1700757258\n|move|p1a: Clefable|Protect||[still]\n|-fail|p1a: Clefable\n|move|p2a: It's Joever|Knock Off|p1a: Clefable\n|-resisted|p1a: Clefable\n|-damage|p1a: Clefable|82\/100 tox\n|-enditem|p1a: Clefable|Leftovers|[from] move: Knock Off|[of] p2a: It's Joever\n|\n|upkeep\n|turn|250\n|c| fuwa the cute|gg\n|\n|t:|1700757260\n|move|p1a: Clefable|Protect|p1a: Clefable\n|-singleturn|p1a: Clefable|Protect\n|move|p2a: It's Joever|Moonblast|p1a: Clefable\n|-activate|p1a: Clefable|move: Protect\n|\n|upkeep\n|turn|251\n|\n|t:|1700757262\n|move|p1a: Clefable|Protect||[still]\n|-fail|p1a: Clefable\n|move|p2a: It's Joever|Moonblast|p1a: Clefable\n|-damage|p1a: Clefable|62\/100 tox\n|\n|upkeep\n|turn|252\n|\n|t:|1700757265\n|switch|p2a: stannin on bihness|Toxapex, F|90\/100 brn\n|move|p1a: Clefable|Protect||[still]\n|-fail|p1a: Clefable\n|\n|-damage|p2a: stannin on bihness|84\/100 brn|[from] brn\n|upkeep\n|turn|253\n|\n|t:|1700757268\n|move|p1a: Clefable|Protect|p1a: Clefable\n|-singleturn|p1a: Clefable|Protect\n|move|p2a: stannin on bihness|Infestation|p1a: Clefable\n|-activate|p1a: Clefable|move: Protect\n|\n|-damage|p2a: stannin on bihness|78\/100 brn|[from] brn\n|upkeep\n|turn|254\n|\n|t:|1700757270\n|-activate|p1a: Clefable|move: Struggle\n|move|p1a: Clefable|Struggle|p2a: stannin on bihness\n|-damage|p2a: stannin on bihness|74\/100 brn\n|-damage|p1a: Clefable|37\/100 tox|[from] recoil\n|move|p2a: stannin on bihness|Infestation|p1a: Clefable\n|-resisted|p1a: Clefable\n|-crit|p1a: Clefable\n|-damage|p1a: Clefable|35\/100 tox\n|-activate|p1a: Clefable|move: Infestation|[of] p2a: stannin on bihness\n|\n|-damage|p2a: stannin on bihness|68\/100 brn|[from] brn\n|upkeep\n|turn|255\n|\n|t:|1700757273\n|-activate|p1a: Clefable|move: Struggle\n|move|p1a: Clefable|Struggle|p2a: stannin on bihness\n|-damage|p2a: stannin on bihness|64\/100 brn\n|-damage|p1a: Clefable|10\/100 tox|[from] recoil\n|move|p2a: stannin on bihness|Surf|p1a: Clefable\n|-damage|p1a: Clefable|0 fnt\n|faint|p1a: Clefable\n|\n|-damage|p2a: stannin on bihness|58\/100 brn|[from] brn\n|upkeep\n|\n|t:|1700757276\n|switch|p1a: Kingambit|Kingambit, M|27\/100\n|-activate|p1a: Kingambit|ability: Supreme Overlord\n|-start|p1a: Kingambit|fallen5|[silent]\n|turn|256\n|\n|t:|1700757281\n|switch|p2a: Ripbozo \ud83d\ude02 \ud83d\ude02|Dondozo, M|100\/100 slp\n|move|p1a: Kingambit|Kowtow Cleave|p2a: Ripbozo \ud83d\ude02 \ud83d\ude02\n|-damage|p2a: Ripbozo \ud83d\ude02 \ud83d\ude02|68\/100 slp\n|\n|-heal|p2a: Ripbozo \ud83d\ude02 \ud83d\ude02|74\/100 slp|[from] item: Leftovers\n|upkeep\n|turn|257\n|\n|t:|1700757285\n|move|p1a: Kingambit|Kowtow Cleave|p2a: Ripbozo \ud83d\ude02 \ud83d\ude02\n|-damage|p2a: Ripbozo \ud83d\ude02 \ud83d\ude02|41\/100 slp\n|-curestatus|p2a: Ripbozo \ud83d\ude02 \ud83d\ude02|slp|[msg]\n|move|p2a: Ripbozo \ud83d\ude02 \ud83d\ude02|Curse|p2a: Ripbozo \ud83d\ude02 \ud83d\ude02\n|-unboost|p2a: Ripbozo \ud83d\ude02 \ud83d\ude02|spe|1\n|-boost|p2a: Ripbozo \ud83d\ude02 \ud83d\ude02|atk|1\n|-boost|p2a: Ripbozo \ud83d\ude02 \ud83d\ude02|def|1\n|\n|-heal|p2a: Ripbozo \ud83d\ude02 \ud83d\ude02|47\/100|[from] item: Leftovers\n|upkeep\n|turn|258\n|\n|t:|1700757287\n|move|p1a: Kingambit|Iron Head|p2a: Ripbozo \ud83d\ude02 \ud83d\ude02\n|-resisted|p2a: Ripbozo \ud83d\ude02 \ud83d\ude02\n|-damage|p2a: Ripbozo \ud83d\ude02 \ud83d\ude02|36\/100\n|cant|p2a: Ripbozo \ud83d\ude02 \ud83d\ude02|flinch\n|\n|-heal|p2a: Ripbozo \ud83d\ude02 \ud83d\ude02|43\/100|[from] item: Leftovers\n|upkeep\n|turn|259\n|\n|t:|1700757292\n|move|p1a: Kingambit|Iron Head|p2a: Ripbozo \ud83d\ude02 \ud83d\ude02\n|-resisted|p2a: Ripbozo \ud83d\ude02 \ud83d\ude02\n|-damage|p2a: Ripbozo \ud83d\ude02 \ud83d\ude02|31\/100\n|move|p2a: Ripbozo \ud83d\ude02 \ud83d\ude02|Rest|p2a: Ripbozo \ud83d\ude02 \ud83d\ude02\n|-status|p2a: Ripbozo \ud83d\ude02 \ud83d\ude02|slp|[from] move: Rest\n|-heal|p2a: Ripbozo \ud83d\ude02 \ud83d\ude02|100\/100 slp|[silent]\n|\n|upkeep\n|turn|260\n|\n|t:|1700757295\n|move|p1a: Kingambit|Iron Head|p2a: Ripbozo \ud83d\ude02 \ud83d\ude02\n|-resisted|p2a: Ripbozo \ud83d\ude02 \ud83d\ude02\n|-damage|p2a: Ripbozo \ud83d\ude02 \ud83d\ude02|91\/100 slp\n|cant|p2a: Ripbozo \ud83d\ude02 \ud83d\ude02|slp\n|move|p2a: Ripbozo \ud83d\ude02 \ud83d\ude02|Sleep Talk|p2a: Ripbozo \ud83d\ude02 \ud83d\ude02\n|move|p2a: Ripbozo \ud83d\ude02 \ud83d\ude02|Wave Crash|p1a: Kingambit|[from]move: Sleep Talk\n|-damage|p1a: Kingambit|0 fnt\n|faint|p1a: Kingambit\n|-end|p1a: Kingambit|fallen5|[silent]\n|-damage|p2a: Ripbozo \ud83d\ude02 \ud83d\ude02|84\/100 slp|[from] Recoil\n|\n|win|yyysneasel\n|raw|Dizay69's rating: 1793 &rarr; <strong>1770<\/strong><br \/>(-23 for losing)\n|raw|yyysneasel's rating: 1738 &rarr; <strong>1761<\/strong><br \/>(+23 for winning)\n|l|\u2606Dizay69\n","uploadtime":1700757299,"views":1,"p1id":"dizay69","p2id":"yyysneasel","formatid":"gen9ou","rating":1761,"private":0,"password":""}