{"id":"gen9ou-1990474236","p1":"tap babies","p2":"Manjack","format":"[Gen 9] OU","log":"|j|\u2606tap babies\n|j|\u2606Manjack\n|t:|1699974313\n|gametype|singles\n|player|p1|tap babies|169|1391\n|player|p2|Manjack|preschooler|1475\n|teamsize|p1|6\n|teamsize|p2|6\n|gen|9\n|tier|[Gen 9] OU\n|rated|\n|rule|Sleep Clause Mod: Limit one foe put to sleep\n|rule|Species Clause: Limit one of each Pok\u00e9mon\n|rule|OHKO Clause: OHKO moves are banned\n|rule|Evasion Items Clause: Evasion items are banned\n|rule|Evasion Moves Clause: Evasion moves are banned\n|rule|Endless Battle Clause: Forcing endless battles is banned\n|rule|HP Percentage Mod: HP is shown in percentages\n|clearpoke\n|poke|p1|Cinderace, F|\n|poke|p1|Zapdos|\n|poke|p1|Ogerpon-Wellspring, F|\n|poke|p1|Slowking-Galar, M|\n|poke|p1|Ting-Lu|\n|poke|p1|Dondozo, M|\n|poke|p2|Ogerpon, F|\n|poke|p2|Corviknight, F|\n|poke|p2|Dachsbun, M|\n|poke|p2|Landorus-Therian, M|\n|poke|p2|Rotom-Wash|\n|poke|p2|Blissey, F|\n|teampreview\n|inactive|Battle timer is ON: inactive players will automatically lose when time's up. (requested by tap babies)\n|c|\u2606Manjack|Glhf\n|\n|t:|1699974329\n|start\n|switch|p1a: Ogerpon|Ogerpon-Wellspring, F|100\/100\n|switch|p2a: Rotom|Rotom-Wash|100\/100\n|turn|1\n|\n|t:|1699974336\n|move|p1a: Ogerpon|Power Whip|p2a: Rotom\n|-supereffective|p2a: Rotom\n|-damage|p2a: Rotom|0 fnt\n|faint|p2a: Rotom\n|\n|upkeep\n|\n|t:|1699974339\n|switch|p2a: Ogerpon|Ogerpon, F|100\/100\n|turn|2\n|\n|t:|1699974347\n|switch|p1a: Zapdos|Zapdos|100\/100\n|move|p2a: Ogerpon|Knock Off|p1a: Zapdos\n|-damage|p1a: Zapdos|66\/100\n|-status|p2a: Ogerpon|par|[from] ability: Static|[of] p1a: Zapdos\n|-enditem|p1a: Zapdos|Heavy-Duty Boots|[from] move: Knock Off|[of] p2a: Ogerpon\n|\n|upkeep\n|turn|3\n|\n|t:|1699974353\n|switch|p2a: Blissey|Blissey, F|100\/100\n|move|p1a: Zapdos|Hurricane|p2a: Blissey\n|-damage|p2a: Blissey|84\/100\n|\n|upkeep\n|turn|4\n|\n|t:|1699974356\n|move|p1a: Zapdos|Volt Switch|p2a: Blissey\n|-damage|p2a: Blissey|74\/100\n|\n|t:|1699974360\n|switch|p1a: Ting-Lu|Ting-Lu|100\/100|[from] Volt Switch\n|-ability|p1a: Ting-Lu|Vessel of Ruin\n|move|p2a: Blissey|Heal Bell|p2a: Blissey\n|-activate|p2a: Blissey|move: Heal Bell\n|-curestatus|p2: Ogerpon|par|[msg]\n|\n|upkeep\n|turn|5\n|\n|t:|1699974364\n|switch|p2a: Ogerpon|Ogerpon, F|100\/100\n|move|p1a: Ting-Lu|Stealth Rock|p2a: Ogerpon\n|-sidestart|p2: Manjack|move: Stealth Rock\n|\n|upkeep\n|turn|6\n|\n|t:|1699974370\n|switch|p1a: Slowking|Slowking-Galar, M|100\/100\n|move|p2a: Ogerpon|Swords Dance|p2a: Ogerpon\n|-boost|p2a: Ogerpon|atk|2\n|\n|upkeep\n|turn|7\n|\n|t:|1699974374\n|move|p2a: Ogerpon|Knock Off|p1a: Slowking\n|-supereffective|p1a: Slowking\n|-damage|p1a: Slowking|0 fnt\n|-enditem|p1a: Slowking|Heavy-Duty Boots|[from] move: Knock Off|[of] p2a: Ogerpon\n|faint|p1a: Slowking\n|\n|upkeep\n|\n|t:|1699974378\n|switch|p1a: Cinderace|Cinderace, F|100\/100\n|turn|8\n|\n|t:|1699974382\n|-terastallize|p2a: Ogerpon|Grass\n|detailschange|p2a: Ogerpon|Ogerpon-Teal-Tera, F, tera:Grass\n|-ability|p2a: Ogerpon|Embody Aspect (Teal)|boost\n|-boost|p2a: Ogerpon|spe|1\n|move|p2a: Ogerpon|Superpower|p1a: Cinderace\n|-damage|p1a: Cinderace|0 fnt\n|-unboost|p2a: Ogerpon|atk|1\n|-unboost|p2a: Ogerpon|def|1\n|faint|p1a: Cinderace\n|\n|upkeep\n|\n|t:|1699974387\n|switch|p1a: Dondozo|Dondozo, M|100\/100\n|turn|9\n|\n|t:|1699974393\n|-terastallize|p1a: Dondozo|Fairy\n|move|p2a: Ogerpon|Horn Leech|p1a: Dondozo\n|-damage|p1a: Dondozo|78\/100\n|move|p1a: Dondozo|Avalanche|p2a: Ogerpon\n|-supereffective|p2a: Ogerpon\n|-damage|p2a: Ogerpon|42\/100\n|\n|-heal|p2a: Ogerpon|48\/100|[from] item: Leftovers\n|upkeep\n|turn|10\n|\n|t:|1699974400\n|switch|p2a: Corviknight|Corviknight, F|100\/100\n|-damage|p2a: Corviknight|88\/100|[from] Stealth Rock\n|-ability|p2a: Corviknight|Pressure\n|move|p1a: Dondozo|Avalanche|p2a: Corviknight\n|-damage|p2a: Corviknight|80\/100\n|\n|-heal|p2a: Corviknight|86\/100|[from] item: Leftovers\n|upkeep\n|turn|11\n|\n|t:|1699974405\n|switch|p1a: Zapdos|Zapdos|66\/100\n|move|p2a: Corviknight|Defog|p1a: Zapdos\n|-unboost|p1a: Zapdos|evasion|1\n|-sideend|p2: Manjack|Stealth Rock|[from] move: Defog|[of] p2a: Corviknight\n|\n|-heal|p2a: Corviknight|92\/100|[from] item: Leftovers\n|upkeep\n|turn|12\n|\n|t:|1699974408\n|switch|p2a: Landorus|Landorus-Therian, M|100\/100\n|-ability|p2a: Landorus|Intimidate|boost\n|-unboost|p1a: Zapdos|atk|1\n|move|p1a: Zapdos|Roost|p1a: Zapdos\n|-heal|p1a: Zapdos|100\/100\n|-singleturn|p1a: Zapdos|move: Roost\n|\n|upkeep\n|turn|13\n|\n|t:|1699974413\n|move|p1a: Zapdos|Hurricane|p2a: Landorus\n|-damage|p2a: Landorus|55\/100\n|move|p2a: Landorus|Gravity|p2a: Landorus\n|-fieldstart|move: Gravity\n|\n|-heal|p2a: Landorus|61\/100|[from] item: Leftovers\n|upkeep\n|turn|14\n|\n|t:|1699974420\n|switch|p1a: Ogerpon|Ogerpon-Wellspring, F|100\/100\n|move|p2a: Landorus|Sandsear Storm|p1a: Ogerpon\n|-resisted|p1a: Ogerpon\n|-damage|p1a: Ogerpon|79\/100\n|\n|-heal|p2a: Landorus|68\/100|[from] item: Leftovers\n|upkeep\n|turn|15\n|\n|t:|1699974430\n|switch|p2a: Corviknight|Corviknight, F|92\/100\n|-ability|p2a: Corviknight|Pressure\n|move|p1a: Ogerpon|Ivy Cudgel|p2a: Corviknight|[anim] Ivy Cudgel Water\n|-damage|p2a: Corviknight|55\/100\n|\n|-heal|p2a: Corviknight|61\/100|[from] item: Leftovers\n|upkeep\n|turn|16\n|\n|t:|1699974435\n|move|p1a: Ogerpon|Knock Off|p2a: Corviknight\n|-damage|p2a: Corviknight|38\/100\n|-enditem|p2a: Corviknight|Leftovers|[from] move: Knock Off|[of] p1a: Ogerpon\n|move|p2a: Corviknight|U-turn|p1a: Ogerpon\n|-supereffective|p1a: Ogerpon\n|-damage|p1a: Ogerpon|42\/100\n|\n|t:|1699974440\n|switch|p2a: Ogerpon|Ogerpon-Teal-Tera, F, tera:Grass|48\/100|[from] U-turn\n|-ability|p2a: Ogerpon|Embody Aspect (Teal)|boost\n|-boost|p2a: Ogerpon|spe|1\n|\n|-heal|p2a: Ogerpon|54\/100|[from] item: Leftovers\n|upkeep\n|turn|17\n|\n|t:|1699974444\n|switch|p1a: Zapdos|Zapdos|100\/100\n|move|p2a: Ogerpon|Horn Leech|p1a: Zapdos\n|-resisted|p1a: Zapdos\n|-damage|p1a: Zapdos|74\/100\n|-heal|p2a: Ogerpon|69\/100|[from] drain|[of] p1a: Zapdos\n|\n|-heal|p2a: Ogerpon|75\/100|[from] item: Leftovers\n|-fieldend|move: Gravity\n|upkeep\n|turn|18\n|\n|t:|1699974449\n|switch|p2a: Blissey|Blissey, F|74\/100\n|move|p1a: Zapdos|Roost|p1a: Zapdos\n|-heal|p1a: Zapdos|100\/100\n|-singleturn|p1a: Zapdos|move: Roost\n|\n|upkeep\n|turn|19\n|\n|t:|1699974453\n|move|p1a: Zapdos|Volt Switch|p2a: Blissey\n|-damage|p2a: Blissey|64\/100\n|\n|t:|1699974456\n|switch|p1a: Ting-Lu|Ting-Lu|100\/100|[from] Volt Switch\n|-ability|p1a: Ting-Lu|Vessel of Ruin\n|move|p2a: Blissey|Soft-Boiled|p2a: Blissey\n|-heal|p2a: Blissey|100\/100\n|\n|upkeep\n|turn|20\n|\n|t:|1699974465\n|switch|p2a: Ogerpon|Ogerpon-Teal-Tera, F, tera:Grass|75\/100\n|-ability|p2a: Ogerpon|Embody Aspect (Teal)|boost\n|-boost|p2a: Ogerpon|spe|1\n|move|p1a: Ting-Lu|Stealth Rock|p2a: Ogerpon\n|-sidestart|p2: Manjack|move: Stealth Rock\n|\n|-heal|p2a: Ogerpon|81\/100|[from] item: Leftovers\n|upkeep\n|turn|21\n|\n|t:|1699974468\n|switch|p1a: Zapdos|Zapdos|100\/100\n|move|p2a: Ogerpon|Swords Dance|p2a: Ogerpon\n|-boost|p2a: Ogerpon|atk|2\n|\n|-heal|p2a: Ogerpon|87\/100|[from] item: Leftovers\n|upkeep\n|turn|22\n|\n|t:|1699974473\n|switch|p2a: Blissey|Blissey, F|100\/100\n|move|p1a: Zapdos|Hurricane|p2a: Blissey\n|-damage|p2a: Blissey|83\/100\n|\n|upkeep\n|turn|23\n|\n|t:|1699974478\n|move|p1a: Zapdos|Volt Switch|p2a: Blissey\n|-damage|p2a: Blissey|73\/100\n|\n|t:|1699974483\n|switch|p1a: Ogerpon|Ogerpon-Wellspring, F|42\/100|[from] Volt Switch\n|move|p2a: Blissey|Calm Mind|p2a: Blissey\n|-boost|p2a: Blissey|spa|1\n|-boost|p2a: Blissey|spd|1\n|\n|upkeep\n|turn|24\n|\n|t:|1699974496\n|switch|p2a: Ogerpon|Ogerpon-Teal-Tera, F, tera:Grass|87\/100\n|-damage|p2a: Ogerpon|74\/100|[from] Stealth Rock\n|-ability|p2a: Ogerpon|Embody Aspect (Teal)|boost\n|-boost|p2a: Ogerpon|spe|1\n|move|p1a: Ogerpon|Ivy Cudgel|p2a: Ogerpon|[anim] Ivy Cudgel Water\n|-resisted|p2a: Ogerpon\n|-damage|p2a: Ogerpon|44\/100\n|\n|-heal|p2a: Ogerpon|50\/100|[from] item: Leftovers\n|upkeep\n|turn|25\n|\n|t:|1699974501\n|switch|p1a: Zapdos|Zapdos|100\/100\n|move|p2a: Ogerpon|Horn Leech|p1a: Zapdos\n|-resisted|p1a: Zapdos\n|-damage|p1a: Zapdos|75\/100\n|-heal|p2a: Ogerpon|63\/100|[from] drain|[of] p1a: Zapdos\n|\n|-heal|p2a: Ogerpon|69\/100|[from] item: Leftovers\n|upkeep\n|turn|26\n|\n|t:|1699974509\n|switch|p2a: Landorus|Landorus-Therian, M|68\/100\n|-damage|p2a: Landorus|55\/100|[from] Stealth Rock\n|-ability|p2a: Landorus|Intimidate|boost\n|-unboost|p1a: Zapdos|atk|1\n|move|p1a: Zapdos|Volt Switch|p2a: Landorus\n|-immune|p2a: Landorus\n|\n|-heal|p2a: Landorus|61\/100|[from] item: Leftovers\n|upkeep\n|turn|27\n|\n|t:|1699974515\n|move|p1a: Zapdos|Hurricane|p2a: Landorus\n|-damage|p2a: Landorus|11\/100\n|move|p2a: Landorus|U-turn|p1a: Zapdos\n|-resisted|p1a: Zapdos\n|-damage|p1a: Zapdos|65\/100\n|\n|t:|1699974521\n|switch|p2a: Dachsbun|Dachsbun, M|100\/100|[from] U-turn\n|-damage|p2a: Dachsbun|88\/100|[from] Stealth Rock\n|\n|-heal|p2a: Dachsbun|94\/100|[from] item: Leftovers\n|upkeep\n|turn|28\n|\n|t:|1699974524\n|move|p1a: Zapdos|Roost|p1a: Zapdos\n|-heal|p1a: Zapdos|100\/100\n|-singleturn|p1a: Zapdos|move: Roost\n|move|p2a: Dachsbun|Wish|p2a: Dachsbun\n|\n|-heal|p2a: Dachsbun|99\/100|[from] item: Leftovers\n|upkeep\n|turn|29\n|\n|t:|1699974528\n|move|p1a: Zapdos|Hurricane|p2a: Dachsbun\n|-damage|p2a: Dachsbun|43\/100\n|move|p2a: Dachsbun|Play Rough|p1a: Zapdos\n|-damage|p1a: Zapdos|78\/100\n|\n|-heal|p2a: Dachsbun|93\/100|[from] move: Wish|[wisher] Dachsbun\n|-heal|p2a: Dachsbun|99\/100|[from] item: Leftovers\n|upkeep\n|turn|30\n|\n|t:|1699974534\n|move|p1a: Zapdos|Thunder Wave|p2a: Dachsbun\n|-status|p2a: Dachsbun|par\n|move|p2a: Dachsbun|Wish|p2a: Dachsbun\n|\n|-heal|p2a: Dachsbun|100\/100 par|[from] item: Leftovers\n|upkeep\n|turn|31\n|\n|t:|1699974543\n|move|p1a: Zapdos|Volt Switch|p2a: Dachsbun\n|-crit|p2a: Dachsbun\n|-damage|p2a: Dachsbun|39\/100 par\n|\n|t:|1699974548\n|switch|p1a: Ting-Lu|Ting-Lu|100\/100|[from] Volt Switch\n|-ability|p1a: Ting-Lu|Vessel of Ruin\n|move|p2a: Dachsbun|Play Rough|p1a: Ting-Lu\n|-supereffective|p1a: Ting-Lu\n|-damage|p1a: Ting-Lu|72\/100\n|-unboost|p1a: Ting-Lu|atk|1\n|\n|-heal|p2a: Dachsbun|89\/100 par|[from] move: Wish|[wisher] Dachsbun\n|-heal|p1a: Ting-Lu|78\/100|[from] item: Leftovers\n|-heal|p2a: Dachsbun|95\/100 par|[from] item: Leftovers\n|upkeep\n|turn|32\n|\n|t:|1699974554\n|move|p2a: Dachsbun|Body Press|p1a: Ting-Lu\n|-supereffective|p1a: Ting-Lu\n|-crit|p1a: Ting-Lu\n|-damage|p1a: Ting-Lu|33\/100\n|move|p1a: Ting-Lu|Whirlwind|p2a: Dachsbun\n|drag|p2a: Blissey|Blissey, F|73\/100\n|\n|-heal|p1a: Ting-Lu|39\/100|[from] item: Leftovers\n|upkeep\n|turn|33\n|\n|t:|1699974560\n|move|p2a: Blissey|Water Pulse|p1a: Ting-Lu\n|-supereffective|p1a: Ting-Lu\n|-damage|p1a: Ting-Lu|30\/100\n|move|p1a: Ting-Lu|Rest|p1a: Ting-Lu\n|-status|p1a: Ting-Lu|slp|[from] move: Rest\n|-heal|p1a: Ting-Lu|100\/100 slp|[silent]\n|\n|upkeep\n|turn|34\n|\n|t:|1699974563\n|switch|p2a: Corviknight|Corviknight, F|38\/100\n|-damage|p2a: Corviknight|26\/100|[from] Stealth Rock\n|-ability|p2a: Corviknight|Pressure\n|switch|p1a: Ogerpon|Ogerpon-Wellspring, F|42\/100\n|\n|upkeep\n|turn|35\n|\n|t:|1699974567\n|move|p1a: Ogerpon|Ivy Cudgel|p2a: Corviknight|[anim] Ivy Cudgel Water\n|-damage|p2a: Corviknight|0 fnt\n|faint|p2a: Corviknight\n|\n|upkeep\n|\n|t:|1699974569\n|switch|p2a: Ogerpon|Ogerpon-Teal-Tera, F, tera:Grass|69\/100\n|-damage|p2a: Ogerpon|57\/100|[from] Stealth Rock\n|-ability|p2a: Ogerpon|Embody Aspect (Teal)|boost\n|-boost|p2a: Ogerpon|spe|1\n|turn|36\n|\n|t:|1699974572\n|switch|p1a: Zapdos|Zapdos|78\/100\n|move|p2a: Ogerpon|Swords Dance|p2a: Ogerpon\n|-boost|p2a: Ogerpon|atk|2\n|\n|-heal|p2a: Ogerpon|63\/100|[from] item: Leftovers\n|upkeep\n|turn|37\n|\n|t:|1699974580\n|move|p2a: Ogerpon|Horn Leech|p1a: Zapdos\n|-resisted|p1a: Zapdos\n|-damage|p1a: Zapdos|31\/100\n|-heal|p2a: Ogerpon|88\/100|[from] drain|[of] p1a: Zapdos\n|move|p1a: Zapdos|Hurricane|p2a: Ogerpon\n|-supereffective|p2a: Ogerpon\n|-damage|p2a: Ogerpon|0 fnt\n|faint|p2a: Ogerpon\n|\n|upkeep\n|c|\u2606Manjack|Gg\n|-message|Manjack forfeited.\n|\n|win|tap babies\n|raw|tap babies's rating: 1391 &rarr; <strong>1416<\/strong><br \/>(+25 for winning)\n|raw|Manjack's rating: 1475 &rarr; <strong>1450<\/strong><br \/>(-25 for losing)\n|l|\u2606Manjack\n|c|\u2606tap babies|GG\n|c|\u2606tap babies|\/log tap babies made this room public.\n","uploadtime":1699974604,"views":8,"p1id":"tapbabies","p2id":"manjack","formatid":"gen9ou","rating":1416,"private":0,"password":""}