{"id":"gen9ou-1994795490","p1":"Username momento","p2":"TrepYT","format":"[Gen 9] OU","log":"|j|\u2606Username momento\n|j|\u203dTrepYT\n|t:|1700493524\n|gametype|singles\n|player|p1|Username momento|ninjaboy|1600\n|player|p2|TrepYT|swimmerf|1653\n|teamsize|p1|6\n|teamsize|p2|6\n|gen|9\n|tier|[Gen 9] OU\n|rated|\n|rule|Sleep Clause Mod: Limit one foe put to sleep\n|rule|Species Clause: Limit one of each Pok\u00e9mon\n|rule|OHKO Clause: OHKO moves are banned\n|rule|Evasion Items Clause: Evasion items are banned\n|rule|Evasion Moves Clause: Evasion moves are banned\n|rule|Endless Battle Clause: Forcing endless battles is banned\n|rule|HP Percentage Mod: HP is shown in percentages\n|clearpoke\n|poke|p1|Meowscarada, F|\n|poke|p1|Kingambit, F|\n|poke|p1|Zapdos|\n|poke|p1|Zamazenta-*|\n|poke|p1|Great Tusk|\n|poke|p1|Iron Moth|\n|poke|p2|Samurott-Hisui, F|\n|poke|p2|Cresselia, F|\n|poke|p2|Kingambit, F|\n|poke|p2|Scizor, M|\n|poke|p2|Garchomp, M|\n|poke|p2|Heatran, M|\n|teampreview\n|inactive|Battle timer is ON: inactive players will automatically lose when time's up. (requested by Username momento)\n|\n|t:|1700493548\n|start\n|switch|p1a: Zapdos|Zapdos|100\/100\n|switch|p2a: Heatran|Heatran, M|100\/100\n|turn|1\n|\n|t:|1700493552\n|move|p1a: Zapdos|Discharge|p2a: Heatran\n|-damage|p2a: Heatran|74\/100\n|move|p2a: Heatran|Magma Storm|p1a: Zapdos\n|-damage|p1a: Zapdos|45\/100\n|-activate|p1a: Zapdos|move: Magma Storm|[of] p2a: Heatran\n|\n|-heal|p1a: Zapdos|51\/100|[from] item: Leftovers\n|-heal|p2a: Heatran|80\/100|[from] item: Leftovers\n|-damage|p1a: Zapdos|39\/100|[from] move: Magma Storm|[partiallytrapped]\n|upkeep\n|turn|2\n|\n|t:|1700493558\n|move|p1a: Zapdos|Volt Switch|p2a: Heatran\n|-damage|p2a: Heatran|57\/100\n|\n|t:|1700493566\n|switch|p1a: Iron Moth|Iron Moth|100\/100|[from] Volt Switch\n|-enditem|p1a: Iron Moth|Booster Energy\n|-activate|p1a: Iron Moth|ability: Quark Drive|[fromitem]\n|-start|p1a: Iron Moth|quarkdrivespe\n|move|p2a: Heatran|Substitute|p2a: Heatran\n|-start|p2a: Heatran|Substitute\n|-damage|p2a: Heatran|32\/100\n|\n|-heal|p2a: Heatran|38\/100|[from] item: Leftovers\n|upkeep\n|turn|3\n|\n|t:|1700493575\n|-terastallize|p1a: Iron Moth|Ground\n|move|p1a: Iron Moth|Tera Blast|p2a: Heatran|[anim] Tera Blast Ground\n|-supereffective|p2a: Heatran\n|-end|p2a: Heatran|Substitute\n|move|p2a: Heatran|Earth Power|p1a: Iron Moth\n|-damage|p1a: Iron Moth|67\/100\n|\n|-heal|p2a: Heatran|44\/100|[from] item: Leftovers\n|upkeep\n|turn|4\n|\n|t:|1700493581\n|switch|p2a: Samurott|Samurott-Hisui, F|100\/100\n|move|p1a: Iron Moth|Tera Blast|p2a: Samurott|[anim] Tera Blast Ground\n|-damage|p2a: Samurott|69\/100\n|\n|upkeep\n|turn|5\n|\n|t:|1700493593\n|-end|p1a: Iron Moth|Quark Drive|[silent]\n|switch|p1a: Zapdos|Zapdos|39\/100\n|move|p2a: Samurott|Aqua Cutter|p1a: Zapdos\n|-damage|p1a: Zapdos|0 fnt\n|faint|p1a: Zapdos\n|\n|upkeep\n|\n|t:|1700493599\n|switch|p1a: Meowscarada|Meowscarada, F|100\/100\n|turn|6\n|\n|t:|1700493602\n|switch|p2a: Garchomp|Garchomp, M|100\/100\n|move|p1a: Meowscarada|U-turn|p2a: Garchomp\n|-start|p1a: Meowscarada|typechange|Bug|[from] ability: Protean\n|-damage|p2a: Garchomp|70\/100\n|-damage|p1a: Meowscarada|88\/100|[from] ability: Rough Skin|[of] p2a: Garchomp\n|-damage|p1a: Meowscarada|72\/100|[from] item: Rocky Helmet|[of] p2a: Garchomp\n|\n|t:|1700493606\n|switch|p1a: Great Tusk|Great Tusk|100\/100|[from] U-turn\n|-enditem|p1a: Great Tusk|Booster Energy\n|-activate|p1a: Great Tusk|ability: Protosynthesis|[fromitem]\n|-start|p1a: Great Tusk|protosynthesisatk\n|\n|upkeep\n|turn|7\n|\n|t:|1700493611\n|move|p1a: Great Tusk|Rapid Spin|p2a: Garchomp\n|-damage|p2a: Garchomp|56\/100\n|-boost|p1a: Great Tusk|spe|1\n|-damage|p1a: Great Tusk|88\/100|[from] ability: Rough Skin|[of] p2a: Garchomp\n|-damage|p1a: Great Tusk|71\/100|[from] item: Rocky Helmet|[of] p2a: Garchomp\n|move|p2a: Garchomp|Stealth Rock|p1a: Great Tusk\n|-sidestart|p1: Username momento|move: Stealth Rock\n|\n|upkeep\n|turn|8\n|\n|t:|1700493614\n|move|p1a: Great Tusk|Ice Spinner|p2a: Garchomp\n|-supereffective|p2a: Garchomp\n|-damage|p2a: Garchomp|0 fnt\n|-damage|p1a: Great Tusk|59\/100|[from] ability: Rough Skin|[of] p2a: Garchomp\n|-damage|p1a: Great Tusk|42\/100|[from] item: Rocky Helmet|[of] p2a: Garchomp\n|faint|p2a: Garchomp\n|\n|upkeep\n|\n|t:|1700493620\n|switch|p2a: Samurott|Samurott-Hisui, F|69\/100\n|turn|9\n|\n|t:|1700493632\n|-terastallize|p2a: Samurott|Water\n|move|p2a: Samurott|Aqua Jet|p1a: Great Tusk\n|-supereffective|p1a: Great Tusk\n|-damage|p1a: Great Tusk|0 fnt\n|faint|p1a: Great Tusk\n|-end|p1a: Great Tusk|Protosynthesis|[silent]\n|\n|upkeep\n|\n|t:|1700493640\n|switch|p1a: Meowscarada|Meowscarada, F|72\/100\n|-damage|p1a: Meowscarada|60\/100|[from] Stealth Rock\n|turn|10\n|\n|t:|1700493643\n|switch|p2a: Heatran|Heatran, M|44\/100\n|move|p1a: Meowscarada|U-turn|p2a: Heatran\n|-start|p1a: Meowscarada|typechange|Bug|[from] ability: Protean\n|-resisted|p2a: Heatran\n|-damage|p2a: Heatran|34\/100\n|\n|t:|1700493649\n|switch|p1a: Iron Moth|Iron Moth, tera:Ground|67\/100|[from] U-turn\n|-damage|p1a: Iron Moth|61\/100|[from] Stealth Rock\n|\n|-heal|p2a: Heatran|40\/100|[from] item: Leftovers\n|upkeep\n|turn|11\n|\n|t:|1700493673\n|move|p1a: Iron Moth|Tera Blast|p2a: Heatran|[anim] Tera Blast Ground\n|-supereffective|p2a: Heatran\n|-damage|p2a: Heatran|0 fnt\n|faint|p2a: Heatran\n|\n|upkeep\n|\n|t:|1700493675\n|switch|p2a: Samurott|Samurott-Hisui, F, tera:Water|69\/100\n|turn|12\n|\n|t:|1700493683\n|-end|p1a: Iron Moth|Quark Drive|[silent]\n|switch|p1a: Zamazenta|Zamazenta|100\/100\n|-damage|p1a: Zamazenta|94\/100|[from] Stealth Rock\n|-ability|p1a: Zamazenta|Dauntless Shield|boost\n|-boost|p1a: Zamazenta|def|1\n|move|p2a: Samurott|Aqua Jet|p1a: Zamazenta\n|-damage|p1a: Zamazenta|81\/100\n|\n|-heal|p1a: Zamazenta|88\/100|[from] item: Leftovers\n|upkeep\n|turn|13\n|\n|t:|1700493699\n|switch|p1a: Meowscarada|Meowscarada, F|60\/100\n|-damage|p1a: Meowscarada|47\/100|[from] Stealth Rock\n|switch|p2a: Cresselia|Cresselia, F|100\/100\n|\n|upkeep\n|turn|14\n|\n|t:|1700493720\n|switch|p2a: Kingambit|Kingambit, F|100\/100\n|-activate|p2a: Kingambit|ability: Supreme Overlord\n|-start|p2a: Kingambit|fallen2|[silent]\n|move|p1a: Meowscarada|U-turn|p2a: Kingambit\n|-start|p1a: Meowscarada|typechange|Bug|[from] ability: Protean\n|-damage|p2a: Kingambit|65\/100\n|\n|t:|1700493727\n|switch|p1a: Iron Moth|Iron Moth, tera:Ground|61\/100|[from] U-turn\n|-damage|p1a: Iron Moth|55\/100|[from] Stealth Rock\n|\n|-heal|p2a: Kingambit|71\/100|[from] item: Leftovers\n|upkeep\n|turn|15\n|\n|t:|1700493730\n|move|p1a: Iron Moth|Fiery Dance|p2a: Kingambit\n|-supereffective|p2a: Kingambit\n|-damage|p2a: Kingambit|16\/100\n|move|p2a: Kingambit|Iron Head|p1a: Iron Moth\n|-damage|p1a: Iron Moth|0 fnt\n|faint|p1a: Iron Moth\n|-end|p1a: Iron Moth|Quark Drive|[silent]\n|\n|-heal|p2a: Kingambit|22\/100|[from] item: Leftovers\n|upkeep\n|\n|t:|1700493739\n|switch|p1a: Zamazenta|Zamazenta|88\/100\n|-damage|p1a: Zamazenta|81\/100|[from] Stealth Rock\n|turn|16\n|\n|t:|1700493745\n|move|p1a: Zamazenta|Body Press|p2a: Kingambit\n|-supereffective|p2a: Kingambit\n|-damage|p2a: Kingambit|0 fnt\n|faint|p2a: Kingambit\n|-end|p2a: Kingambit|fallen2|[silent]\n|\n|-heal|p1a: Zamazenta|88\/100|[from] item: Leftovers\n|upkeep\n|\n|t:|1700493746\n|switch|p2a: Cresselia|Cresselia, F|100\/100\n|turn|17\n|\n|t:|1700493750\n|switch|p1a: Kingambit|Kingambit, F|100\/100\n|-damage|p1a: Kingambit|94\/100|[from] Stealth Rock\n|-activate|p1a: Kingambit|ability: Supreme Overlord\n|-start|p1a: Kingambit|fallen3|[silent]\n|switch|p2a: Scizor|Scizor, M|100\/100\n|\n|-heal|p1a: Kingambit|100\/100|[from] item: Leftovers\n|upkeep\n|turn|18\n|\n|t:|1700493753\n|-end|p1a: Kingambit|fallen3|[silent]\n|switch|p1a: Zamazenta|Zamazenta|88\/100\n|-damage|p1a: Zamazenta|81\/100|[from] Stealth Rock\n|move|p2a: Scizor|Close Combat|p1a: Zamazenta\n|-crit|p1a: Zamazenta\n|-damage|p1a: Zamazenta|0 fnt\n|-unboost|p2a: Scizor|def|1\n|-unboost|p2a: Scizor|spd|1\n|faint|p1a: Zamazenta\n|\n|upkeep\n|\n|t:|1700493761\n|switch|p1a: Meowscarada|Meowscarada, F|47\/100\n|-damage|p1a: Meowscarada|35\/100|[from] Stealth Rock\n|turn|19\n|\n|t:|1700493764\n|switch|p2a: Samurott|Samurott-Hisui, F, tera:Water|69\/100\n|move|p1a: Meowscarada|Knock Off|p2a: Samurott\n|-start|p1a: Meowscarada|typechange|Dark|[from] ability: Protean\n|-damage|p2a: Samurott|0 fnt\n|-enditem|p2a: Samurott|Assault Vest|[from] move: Knock Off|[of] p1a: Meowscarada\n|faint|p2a: Samurott\n|\n|upkeep\n|\n|t:|1700493784\n|switch|p2a: Scizor|Scizor, M|100\/100\n|turn|20\n|\n|t:|1700493789\n|switch|p1a: Kingambit|Kingambit, F|100\/100\n|-damage|p1a: Kingambit|94\/100|[from] Stealth Rock\n|-activate|p1a: Kingambit|ability: Supreme Overlord\n|-start|p1a: Kingambit|fallen4|[silent]\n|move|p2a: Scizor|Bullet Punch|p1a: Kingambit\n|-resisted|p1a: Kingambit\n|-damage|p1a: Kingambit|76\/100\n|\n|-heal|p1a: Kingambit|83\/100|[from] item: Leftovers\n|upkeep\n|turn|21\n|\n|t:|1700493793\n|switch|p2a: Cresselia|Cresselia, F|100\/100\n|move|p1a: Kingambit|Kowtow Cleave|p2a: Cresselia\n|-supereffective|p2a: Cresselia\n|-damage|p2a: Cresselia|28\/100\n|-enditem|p2a: Cresselia|Kee Berry|[eat]\n|-boost|p2a: Cresselia|def|1|[from] item: Kee Berry\n|\n|-heal|p1a: Kingambit|89\/100|[from] item: Leftovers\n|upkeep\n|turn|22\n|\n|t:|1700493797\n|move|p2a: Cresselia|Moonblast|p1a: Kingambit\n|-damage|p1a: Kingambit|73\/100\n|move|p1a: Kingambit|Kowtow Cleave|p2a: Cresselia\n|-supereffective|p2a: Cresselia\n|-damage|p2a: Cresselia|0 fnt\n|faint|p2a: Cresselia\n|\n|-heal|p1a: Kingambit|79\/100|[from] item: Leftovers\n|upkeep\n|\n|t:|1700493799\n|switch|p2a: Scizor|Scizor, M|100\/100\n|turn|23\n|\n|t:|1700493810\n|move|p1a: Kingambit|Sucker Punch|p2a: Scizor\n|-damage|p2a: Scizor|38\/100\n|move|p2a: Scizor|U-turn|p1a: Kingambit\n|-damage|p1a: Kingambit|37\/100\n|\n|-heal|p1a: Kingambit|43\/100|[from] item: Leftovers\n|upkeep\n|turn|24\n|inactive|TrepYT has 120 seconds left.\n|j| Cilorad\n|inactive|TrepYT has 90 seconds left.\n|inactive|TrepYT has 60 seconds left.\n|inactive|TrepYT has 30 seconds left.\n|inactive|TrepYT has 20 seconds left.\n|inactive|TrepYT has 15 seconds left.\n|inactive|TrepYT has 10 seconds left.\n|inactive|TrepYT has 5 seconds left.\n|-message|TrepYT lost due to inactivity.\n|\n|win|Username momento\n|raw|Username momento's rating: 1600 &rarr; <strong>1622<\/strong><br \/>(+22 for winning)\n|raw|TrepYT's rating: 1639 &rarr; <strong>1617<\/strong><br \/>(-22 for losing)\n","uploadtime":1700493972,"views":5,"p1id":"usernamemomento","p2id":"trepyt","formatid":"gen9ou","rating":1617,"private":0,"password":""}