{"id":"gen9ou-2000083513","p1":"dogcat123456","p2":"Thehombre","format":"[Gen 9] OU","log":"|j|\u2606dogcat123456\n|j|\u2606Thehombre\n|t:|1701151664\n|gametype|singles\n|player|p1|dogcat123456|101|1236\n|player|p2|Thehombre|265|1243\n|teamsize|p1|6\n|teamsize|p2|6\n|gen|9\n|tier|[Gen 9] OU\n|rated|\n|rule|Sleep Clause Mod: Limit one foe put to sleep\n|rule|Species Clause: Limit one of each Pok\u00e9mon\n|rule|OHKO Clause: OHKO moves are banned\n|rule|Evasion Items Clause: Evasion items are banned\n|rule|Evasion Moves Clause: Evasion moves are banned\n|rule|Endless Battle Clause: Forcing endless battles is banned\n|rule|HP Percentage Mod: HP is shown in percentages\n|clearpoke\n|poke|p1|Toxapex, F|\n|poke|p1|Slowking-Galar, F|\n|poke|p1|Corviknight, F|\n|poke|p1|Dondozo, F|\n|poke|p1|Blissey, F|\n|poke|p1|Ditto|\n|poke|p2|Kingambit, M|\n|poke|p2|Ninetales-Alola, M|\n|poke|p2|Samurott-Hisui, F|\n|poke|p2|Masquerain, M|\n|poke|p2|Manaphy|\n|poke|p2|Maushold-Four|\n|teampreview\n|inactive|Battle timer is ON: inactive players will automatically lose when time's up. (requested by Thehombre)\n|\n|t:|1701151671\n|start\n|switch|p1a: Blissey|Blissey, F|100\/100\n|switch|p2a: Masquerain|Masquerain, M|100\/100\n|-ability|p2a: Masquerain|Intimidate|boost\n|-unboost|p1a: Blissey|atk|1\n|turn|1\n|\n|t:|1701151680\n|move|p2a: Masquerain|Sticky Web|p1a: Blissey\n|-sidestart|p1: dogcat123456|move: Sticky Web\n|move|p1a: Blissey|Stealth Rock|p2a: Masquerain\n|-sidestart|p2: Thehombre|move: Stealth Rock\n|\n|upkeep\n|turn|2\n|\n|t:|1701151683\n|switch|p2a: Samurott|Samurott-Hisui, F|100\/100\n|-damage|p2a: Samurott|88\/100|[from] Stealth Rock\n|move|p1a: Blissey|Ice Beam|p2a: Samurott\n|-resisted|p2a: Samurott\n|-damage|p2a: Samurott|76\/100\n|\n|upkeep\n|turn|3\n|\n|t:|1701151691\n|switch|p1a: Corviknight|Corviknight, F|100\/100\n|move|p2a: Samurott|Ceaseless Edge|p1a: Corviknight\n|-damage|p1a: Corviknight|65\/100\n|-sidestart|p1: dogcat123456|Spikes\n|\n|-heal|p1a: Corviknight|71\/100|[from] item: Leftovers\n|upkeep\n|turn|4\n|\n|t:|1701151697\n|move|p2a: Samurott|Swords Dance|p2a: Samurott\n|-boost|p2a: Samurott|atk|2\n|move|p1a: Corviknight|Iron Defense|p1a: Corviknight\n|-boost|p1a: Corviknight|def|2\n|\n|-heal|p1a: Corviknight|77\/100|[from] item: Leftovers\n|upkeep\n|turn|5\n|\n|t:|1701151702\n|move|p2a: Samurott|Ceaseless Edge|p1a: Corviknight\n|-damage|p1a: Corviknight|39\/100\n|-sidestart|p1: dogcat123456|Spikes\n|move|p1a: Corviknight|Iron Defense|p1a: Corviknight\n|-boost|p1a: Corviknight|def|2\n|\n|-heal|p1a: Corviknight|45\/100|[from] item: Leftovers\n|upkeep\n|turn|6\n|\n|t:|1701151709\n|move|p2a: Samurott|Aqua Cutter|p1a: Corviknight\n|-damage|p1a: Corviknight|19\/100\n|move|p1a: Corviknight|Roost|p1a: Corviknight\n|-heal|p1a: Corviknight|69\/100\n|-singleturn|p1a: Corviknight|move: Roost\n|\n|-heal|p1a: Corviknight|75\/100|[from] item: Leftovers\n|upkeep\n|turn|7\n|\n|t:|1701151714\n|move|p2a: Samurott|Ceaseless Edge|p1a: Corviknight\n|-damage|p1a: Corviknight|47\/100\n|-sidestart|p1: dogcat123456|Spikes\n|move|p1a: Corviknight|Iron Defense|p1a: Corviknight\n|-boost|p1a: Corviknight|def|2\n|\n|-heal|p1a: Corviknight|53\/100|[from] item: Leftovers\n|upkeep\n|turn|8\n|\n|t:|1701151719\n|move|p2a: Samurott|Swords Dance|p2a: Samurott\n|-boost|p2a: Samurott|atk|2\n|move|p1a: Corviknight|Roost|p1a: Corviknight\n|-heal|p1a: Corviknight|100\/100\n|-singleturn|p1a: Corviknight|move: Roost\n|\n|upkeep\n|turn|9\n|\n|t:|1701151723\n|move|p2a: Samurott|Aqua Cutter|p1a: Corviknight\n|-damage|p1a: Corviknight|69\/100\n|move|p1a: Corviknight|Body Press|p2a: Samurott\n|-supereffective|p2a: Samurott\n|-damage|p2a: Samurott|0 fnt\n|faint|p2a: Samurott\n|\n|-heal|p1a: Corviknight|75\/100|[from] item: Leftovers\n|upkeep\n|\n|t:|1701151728\n|switch|p2a: Ninetales|Ninetales-Alola, M|100\/100\n|-damage|p2a: Ninetales|76\/100|[from] Stealth Rock\n|-weather|Snow|[from] ability: Snow Warning|[of] p2a: Ninetales\n|turn|10\n|\n|t:|1701151738\n|move|p2a: Ninetales|Aurora Veil|p2a: Ninetales\n|-sidestart|p2: Thehombre|move: Aurora Veil\n|move|p1a: Corviknight|Defog|p2a: Ninetales\n|-unboost|p2a: Ninetales|evasion|1\n|-sideend|p2: Thehombre|move: Aurora Veil\n|-sideend|p2: Thehombre|Stealth Rock|[from] move: Defog|[of] p1a: Corviknight\n|-sideend|p1: dogcat123456|Spikes|[from] move: Defog|[of] p1a: Corviknight\n|-sideend|p1: dogcat123456|Sticky Web|[from] move: Defog|[of] p1a: Corviknight\n|\n|-weather|Snow|[upkeep]\n|-heal|p1a: Corviknight|81\/100|[from] item: Leftovers\n|upkeep\n|turn|11\n|\n|t:|1701151744\n|move|p2a: Ninetales|Blizzard|p1a: Corviknight\n|-damage|p1a: Corviknight|46\/100\n|move|p1a: Corviknight|Body Press|p2a: Ninetales\n|-damage|p2a: Ninetales|0 fnt\n|faint|p2a: Ninetales\n|\n|-weather|Snow|[upkeep]\n|-heal|p1a: Corviknight|53\/100|[from] item: Leftovers\n|upkeep\n|\n|t:|1701151751\n|switch|p2a: Manaphy|Manaphy|100\/100\n|turn|12\n|\n|t:|1701151759\n|switch|p1a: Slowking|Slowking-Galar, F|100\/100\n|move|p2a: Manaphy|Tail Glow|p2a: Manaphy\n|-boost|p2a: Manaphy|spa|3\n|\n|-weather|Snow|[upkeep]\n|upkeep\n|turn|13\n|\n|t:|1701151769\n|move|p2a: Manaphy|Tail Glow|p2a: Manaphy\n|-boost|p2a: Manaphy|spa|3\n|move|p1a: Slowking|Toxic|p2a: Manaphy\n|-status|p2a: Manaphy|tox\n|\n|-weather|Snow|[upkeep]\n|-damage|p2a: Manaphy|94\/100 tox|[from] psn\n|upkeep\n|turn|14\n|\n|t:|1701151779\n|move|p2a: Manaphy|Take Heart|p2a: Manaphy\n|-boost|p2a: Manaphy|spa|0\n|-boost|p2a: Manaphy|spd|1\n|-curestatus|p2a: Manaphy|tox|[msg]\n|move|p1a: Slowking|Chilly Reception|p1a: Slowking\n|\n|t:|1701151785\n|switch|p1a: Ditto|Ditto|100\/100|[from] Chilly Reception\n|-transform|p1a: Ditto|p2a: Manaphy|[from] ability: Imposter\n|\n|-weather|none\n|-heal|p2a: Manaphy|100\/100|[from] item: Leftovers\n|upkeep\n|turn|15\n|\n|t:|1701151809\n|-terastallize|p2a: Manaphy|Water\n|move|p1a: Ditto|Scald|p2a: Manaphy\n|-resisted|p2a: Manaphy\n|-damage|p2a: Manaphy|52\/100\n|-status|p2a: Manaphy|brn\n|move|p2a: Manaphy|Scald|p1a: Ditto\n|-resisted|p1a: Ditto\n|-damage|p1a: Ditto|33\/100\n|\n|-heal|p2a: Manaphy|58\/100 brn|[from] item: Leftovers\n|-damage|p2a: Manaphy|52\/100 brn|[from] brn\n|upkeep\n|turn|16\n|\n|t:|1701151818\n|move|p1a: Ditto|Scald|p2a: Manaphy\n|-resisted|p2a: Manaphy\n|-damage|p2a: Manaphy|6\/100 brn\n|move|p2a: Manaphy|Scald|p1a: Ditto\n|-resisted|p1a: Ditto\n|-damage|p1a: Ditto|0 fnt\n|faint|p1a: Ditto\n|\n|-heal|p2a: Manaphy|12\/100 brn|[from] item: Leftovers\n|-damage|p2a: Manaphy|6\/100 brn|[from] brn\n|upkeep\n|\n|t:|1701151834\n|switch|p1a: Blissey|Blissey, F|100\/100\n|turn|17\n|\n|t:|1701151836\n|move|p2a: Manaphy|Scald|p1a: Blissey\n|-damage|p1a: Blissey|37\/100\n|move|p1a: Blissey|Ice Beam|p2a: Manaphy\n|-resisted|p2a: Manaphy\n|-damage|p2a: Manaphy|1\/100 brn\n|\n|-heal|p2a: Manaphy|7\/100 brn|[from] item: Leftovers\n|-damage|p2a: Manaphy|1\/100 brn|[from] brn\n|upkeep\n|turn|18\n|\n|t:|1701151846\n|move|p2a: Manaphy|Scald|p1a: Blissey\n|-damage|p1a: Blissey|0 fnt\n|faint|p1a: Blissey\n|\n|-heal|p2a: Manaphy|7\/100 brn|[from] item: Leftovers\n|-damage|p2a: Manaphy|1\/100 brn|[from] brn\n|upkeep\n|\n|t:|1701151855\n|switch|p1a: Toxapex|Toxapex, F|100\/100\n|turn|19\n|\n|t:|1701151859\n|move|p2a: Manaphy|Scald|p1a: Toxapex\n|-resisted|p1a: Toxapex\n|-damage|p1a: Toxapex|26\/100\n|-status|p1a: Toxapex|brn\n|move|p1a: Toxapex|Infestation|p2a: Manaphy\n|-damage|p2a: Manaphy|0 fnt\n|faint|p2a: Manaphy\n|\n|-heal|p1a: Toxapex|32\/100 brn|[from] item: Leftovers\n|-damage|p1a: Toxapex|26\/100 brn|[from] brn\n|upkeep\n|\n|t:|1701151870\n|switch|p2a: Maushold|Maushold-Four|100\/100\n|turn|20\n|\n|t:|1701151877\n|switch|p1a: Dondozo|Dondozo, F|100\/100\n|move|p2a: Maushold|Tidy Up|p2a: Maushold\n|-boost|p2a: Maushold|atk|1\n|-boost|p2a: Maushold|spe|1\n|\n|upkeep\n|turn|21\n|\n|t:|1701151884\n|move|p2a: Maushold|Population Bomb|p1a: Dondozo\n|-damage|p1a: Dondozo|94\/100\n|-damage|p1a: Dondozo|87\/100\n|-damage|p1a: Dondozo|80\/100\n|-damage|p1a: Dondozo|72\/100\n|-damage|p1a: Dondozo|64\/100\n|-crit|p1a: Dondozo\n|-damage|p1a: Dondozo|53\/100\n|-damage|p1a: Dondozo|46\/100\n|-damage|p1a: Dondozo|39\/100\n|-damage|p1a: Dondozo|31\/100\n|-damage|p1a: Dondozo|24\/100\n|-hitcount|p1a: Dondozo|10\n|move|p1a: Dondozo|Wave Crash|p2a: Maushold\n|-damage|p2a: Maushold|35\/100\n|-damage|p1a: Dondozo|10\/100|[from] Recoil\n|\n|upkeep\n|turn|22\n|\n|t:|1701151892\n|move|p2a: Maushold|Low Kick|p1a: Dondozo\n|-damage|p1a: Dondozo|0 fnt\n|faint|p1a: Dondozo\n|\n|upkeep\n|\n|t:|1701151896\n|switch|p1a: Corviknight|Corviknight, F|53\/100\n|turn|23\n|\n|t:|1701151905\n|move|p2a: Maushold|Population Bomb|p1a: Corviknight\n|-resisted|p1a: Corviknight\n|-damage|p1a: Corviknight|45\/100\n|-hitcount|p1a: Corviknight|1\n|move|p1a: Corviknight|Roost|p1a: Corviknight\n|-heal|p1a: Corviknight|95\/100\n|-singleturn|p1a: Corviknight|move: Roost\n|\n|-heal|p1a: Corviknight|100\/100|[from] item: Leftovers\n|upkeep\n|turn|24\n|\n|t:|1701151914\n|move|p2a: Maushold|Population Bomb|p1a: Corviknight\n|-resisted|p1a: Corviknight\n|-damage|p1a: Corviknight|93\/100\n|-resisted|p1a: Corviknight\n|-damage|p1a: Corviknight|85\/100\n|-resisted|p1a: Corviknight\n|-damage|p1a: Corviknight|78\/100\n|-resisted|p1a: Corviknight\n|-damage|p1a: Corviknight|71\/100\n|-resisted|p1a: Corviknight\n|-damage|p1a: Corviknight|64\/100\n|-resisted|p1a: Corviknight\n|-damage|p1a: Corviknight|56\/100\n|-resisted|p1a: Corviknight\n|-damage|p1a: Corviknight|49\/100\n|-resisted|p1a: Corviknight\n|-damage|p1a: Corviknight|42\/100\n|-resisted|p1a: Corviknight\n|-damage|p1a: Corviknight|34\/100\n|-resisted|p1a: Corviknight\n|-damage|p1a: Corviknight|26\/100\n|-hitcount|p1a: Corviknight|10\n|move|p1a: Corviknight|Body Press|p2a: Maushold\n|-supereffective|p2a: Maushold\n|-damage|p2a: Maushold|0 fnt\n|faint|p2a: Maushold\n|\n|-heal|p1a: Corviknight|32\/100|[from] item: Leftovers\n|upkeep\n|\n|t:|1701151918\n|switch|p2a: Kingambit|Kingambit, M|100\/100\n|-activate|p2a: Kingambit|ability: Supreme Overlord\n|-start|p2a: Kingambit|fallen4|[silent]\n|turn|25\n|\n|t:|1701151927\n|move|p1a: Corviknight|Body Press|p2a: Kingambit\n|-supereffective|p2a: Kingambit\n|-damage|p2a: Kingambit|28\/100\n|move|p2a: Kingambit|Swords Dance|p2a: Kingambit\n|-boost|p2a: Kingambit|atk|2\n|\n|-heal|p1a: Corviknight|38\/100|[from] item: Leftovers\n|upkeep\n|turn|26\n|\n|t:|1701151932\n|move|p2a: Kingambit|Sucker Punch|p1a: Corviknight\n|-damage|p1a: Corviknight|0 fnt\n|faint|p1a: Corviknight\n|\n|upkeep\n|\n|t:|1701151939\n|switch|p1a: Toxapex|Toxapex, F|59\/100 brn\n|turn|27\n|\n|t:|1701151942\n|move|p1a: Toxapex|Baneful Bunker|p1a: Toxapex\n|-singleturn|p1a: Toxapex|move: Protect\n|move|p2a: Kingambit|Kowtow Cleave|p1a: Toxapex\n|-activate|p1a: Toxapex|move: Protect\n|\n|-heal|p1a: Toxapex|66\/100 brn|[from] item: Leftovers\n|-damage|p1a: Toxapex|59\/100 brn|[from] brn\n|upkeep\n|turn|28\n|\n|t:|1701151952\n|move|p2a: Kingambit|Kowtow Cleave|p1a: Toxapex\n|-damage|p1a: Toxapex|0 fnt\n|faint|p1a: Toxapex\n|\n|upkeep\n|\n|t:|1701151957\n|switch|p1a: Slowking|Slowking-Galar, F|100\/100\n|turn|29\n|\n|t:|1701151960\n|move|p2a: Kingambit|Kowtow Cleave|p1a: Slowking\n|-supereffective|p1a: Slowking\n|-damage|p1a: Slowking|0 fnt\n|faint|p1a: Slowking\n|\n|win|Thehombre\n|raw|dogcat123456's rating: 1236 &rarr; <strong>1212<\/strong><br \/>(-24 for losing)\n|raw|Thehombre's rating: 1243 &rarr; <strong>1267<\/strong><br \/>(+24 for winning)\n","uploadtime":1701151963,"views":3,"p1id":"dogcat123456","p2id":"thehombre","formatid":"gen9ou","rating":1212,"private":0,"password":""}