{"id":"gen9ou-1991275304","p1":"dilkem","p2":"Damaged_G","format":"[Gen 9] OU","log":"|j|\u203ddilkem\n|j|\u2606Damaged_G\n|t:|1700063443\n|gametype|singles\n|player|p1|dilkem|worker|1386\n|player|p2|Damaged_G|darach-caitlin|1359\n|teamsize|p1|6\n|teamsize|p2|6\n|gen|9\n|tier|[Gen 9] OU\n|rated|\n|rule|Sleep Clause Mod: Limit one foe put to sleep\n|rule|Species Clause: Limit one of each Pok\u00e9mon\n|rule|OHKO Clause: OHKO moves are banned\n|rule|Evasion Items Clause: Evasion items are banned\n|rule|Evasion Moves Clause: Evasion moves are banned\n|rule|Endless Battle Clause: Forcing endless battles is banned\n|rule|HP Percentage Mod: HP is shown in percentages\n|clearpoke\n|poke|p1|Slowbro, M|\n|poke|p1|Diancie|\n|poke|p1|Slither Wing|\n|poke|p1|Donphan, M|\n|poke|p1|Arcanine-Hisui, F|\n|poke|p1|Revavroom, M|\n|poke|p2|Hoopa-Unbound|\n|poke|p2|Arcanine-Hisui, F|\n|poke|p2|Ribombee, M|\n|poke|p2|Gholdengo|\n|poke|p2|Toxapex, M|\n|poke|p2|Corviknight, F|\n|teampreview\n|\n|t:|1700063458\n|start\n|switch|p1a: Revavroom|Revavroom, M|100\/100\n|switch|p2a: Ribombee|Ribombee, M|100\/100\n|turn|1\n|inactive|Battle timer is ON: inactive players will automatically lose when time's up. (requested by dilkem)\n|\n|t:|1700063471\n|switch|p2a: Corviknight|Corviknight, F|100\/100\n|-ability|p2a: Corviknight|Pressure\n|move|p1a: Revavroom|Iron Head|p2a: Corviknight\n|-resisted|p2a: Corviknight\n|-damage|p2a: Corviknight|90\/100\n|-damage|p1a: Revavroom|84\/100|[from] item: Rocky Helmet|[of] p2a: Corviknight\n|\n|-heal|p1a: Revavroom|90\/100|[from] item: Black Sludge\n|upkeep\n|turn|2\n|\n|t:|1700063481\n|move|p1a: Revavroom|Parting Shot|p2a: Corviknight\n|-unboost|p2a: Corviknight|atk|1\n|-unboost|p2a: Corviknight|spa|1\n|\n|t:|1700063497\n|switch|p1a: Slither Wing|Slither Wing|100\/100|[from] Parting Shot\n|move|p2a: Corviknight|U-turn|p1a: Slither Wing\n|-resisted|p1a: Slither Wing\n|-damage|p1a: Slither Wing|95\/100\n|\n|t:|1700063501\n|switch|p2a: Ribombee|Ribombee, M|100\/100|[from] U-turn\n|\n|upkeep\n|turn|3\n|\n|t:|1700063511\n|move|p2a: Ribombee|Sticky Web|p1a: Slither Wing\n|-sidestart|p1: dilkem|move: Sticky Web\n|move|p1a: Slither Wing|U-turn|p2a: Ribombee\n|-resisted|p2a: Ribombee\n|-damage|p2a: Ribombee|49\/100\n|\n|t:|1700063521\n|-end|p1a: Slither Wing|Protosynthesis|[silent]\n|switch|p1a: Revavroom|Revavroom, M|90\/100|[from] U-turn\n|-activate|p1a: Revavroom|move: Sticky Web\n|-unboost|p1a: Revavroom|spe|1\n|\n|-heal|p1a: Revavroom|96\/100|[from] item: Black Sludge\n|upkeep\n|turn|4\n|\n|t:|1700063528\n|switch|p2a: Corviknight|Corviknight, F|90\/100\n|-ability|p2a: Corviknight|Pressure\n|move|p1a: Revavroom|Parting Shot|p2a: Corviknight\n|-unboost|p2a: Corviknight|atk|1\n|-unboost|p2a: Corviknight|spa|1\n|\n|t:|1700063537\n|switch|p1a: Arcanine|Arcanine-Hisui, F|100\/100|[from] Parting Shot\n|-activate|p1a: Arcanine|move: Sticky Web\n|-unboost|p1a: Arcanine|spe|1\n|\n|upkeep\n|turn|5\n|\n|t:|1700063547\n|switch|p2a: Ribombee|Ribombee, M|49\/100\n|move|p1a: Arcanine|Head Smash|p2a: Ribombee\n|-supereffective|p2a: Ribombee\n|-damage|p2a: Ribombee|0 fnt\n|faint|p2a: Ribombee\n|\n|upkeep\n|\n|t:|1700063555\n|switch|p2a: Arcanine|Arcanine-Hisui, F|100\/100\n|turn|6\n|\n|t:|1700063565\n|switch|p1a: Revavroom|Revavroom, M|96\/100\n|-activate|p1a: Revavroom|move: Sticky Web\n|-unboost|p1a: Revavroom|spe|1\n|move|p2a: Arcanine|Head Smash|p1a: Revavroom\n|-resisted|p1a: Revavroom\n|-damage|p1a: Revavroom|39\/100\n|\n|-heal|p1a: Revavroom|45\/100|[from] item: Black Sludge\n|upkeep\n|turn|7\n|\n|t:|1700063576\n|move|p2a: Arcanine|Head Smash|p1a: Revavroom\n|-resisted|p1a: Revavroom\n|-damage|p1a: Revavroom|0 fnt\n|faint|p1a: Revavroom\n|\n|upkeep\n|\n|t:|1700063581\n|switch|p1a: Donphan|Donphan, M|100\/100\n|-activate|p1a: Donphan|move: Sticky Web\n|-unboost|p1a: Donphan|spe|1\n|turn|8\n|\n|t:|1700063592\n|switch|p2a: Corviknight|Corviknight, F|90\/100\n|-ability|p2a: Corviknight|Pressure\n|move|p1a: Donphan|Rapid Spin|p2a: Corviknight\n|-resisted|p2a: Corviknight\n|-damage|p2a: Corviknight|85\/100\n|-boost|p1a: Donphan|spe|1\n|-damage|p1a: Donphan|84\/100|[from] item: Rocky Helmet|[of] p2a: Corviknight\n|-sideend|p1: dilkem|Sticky Web|[from] move: Rapid Spin|[of] p1a: Donphan\n|\n|-heal|p1a: Donphan|90\/100|[from] item: Leftovers\n|upkeep\n|turn|9\n|inactive|Damaged_G has 120 seconds left.\n|\n|t:|1700063622\n|move|p1a: Donphan|Rock Slide|p2a: Corviknight\n|-damage|p2a: Corviknight|68\/100\n|move|p2a: Corviknight|U-turn|p1a: Donphan\n|-damage|p1a: Donphan|76\/100\n|inactive|Damaged_G has 120 seconds left.\n|\n|t:|1700063638\n|switch|p2a: Gholdengo|Gholdengo|100\/100|[from] U-turn\n|-item|p2a: Gholdengo|Air Balloon\n|\n|-heal|p1a: Donphan|82\/100|[from] item: Leftovers\n|upkeep\n|turn|10\n|\n|t:|1700063662\n|move|p1a: Donphan|Ice Shard|p2a: Gholdengo\n|-resisted|p2a: Gholdengo\n|-damage|p2a: Gholdengo|93\/100\n|-enditem|p2a: Gholdengo|Air Balloon\n|move|p2a: Gholdengo|Make It Rain|p1a: Donphan\n|-crit|p1a: Donphan\n|-damage|p1a: Donphan|0 fnt\n|-unboost|p2a: Gholdengo|spa|1\n|faint|p1a: Donphan\n|\n|upkeep\n|\n|t:|1700063674\n|switch|p1a: Arcanine|Arcanine-Hisui, F|100\/100\n|turn|11\n|\n|t:|1700063681\n|switch|p2a: Toxapex|Toxapex, M|100\/100\n|move|p1a: Arcanine|Flare Blitz|p2a: Toxapex\n|-resisted|p2a: Toxapex\n|-damage|p2a: Toxapex|79\/100\n|\n|-heal|p2a: Toxapex|85\/100|[from] item: Leftovers\n|upkeep\n|turn|12\n|\n|t:|1700063689\n|switch|p1a: Slowbro|Slowbro, M, shiny|100\/100\n|move|p2a: Toxapex|Toxic|p1a: Slowbro\n|-status|p1a: Slowbro|tox\n|\n|-heal|p2a: Toxapex|91\/100|[from] item: Leftovers\n|-damage|p1a: Slowbro|94\/100 tox|[from] psn\n|upkeep\n|turn|13\n|\n|t:|1700063698\n|switch|p2a: Hoopa|Hoopa-Unbound|100\/100\n|move|p1a: Slowbro|Trick Room|p1a: Slowbro\n|-fieldstart|move: Trick Room|[of] p1a: Slowbro\n|\n|-damage|p1a: Slowbro|82\/100 tox|[from] psn\n|upkeep\n|turn|14\n|\n|t:|1700063708\n|switch|p1a: Slither Wing|Slither Wing|95\/100\n|move|p2a: Hoopa|Hyperspace Fury|p1a: Slither Wing\n|-resisted|p1a: Slither Wing\n|-damage|p1a: Slither Wing|61\/100\n|-unboost|p2a: Hoopa|def|1\n|\n|upkeep\n|turn|15\n|\n|t:|1700063719\n|switch|p2a: Corviknight|Corviknight, F|68\/100\n|-ability|p2a: Corviknight|Pressure\n|move|p1a: Slither Wing|Earthquake|p2a: Corviknight\n|-immune|p2a: Corviknight\n|\n|upkeep\n|turn|16\n|\n|t:|1700063730\n|move|p2a: Corviknight|Roost|p2a: Corviknight\n|-heal|p2a: Corviknight|100\/100\n|-singleturn|p2a: Corviknight|move: Roost\n|move|p1a: Slither Wing|Close Combat|p2a: Corviknight\n|-supereffective|p2a: Corviknight\n|-damage|p2a: Corviknight|16\/100\n|-unboost|p1a: Slither Wing|def|1\n|-unboost|p1a: Slither Wing|spd|1\n|-damage|p1a: Slither Wing|45\/100|[from] item: Rocky Helmet|[of] p2a: Corviknight\n|\n|upkeep\n|turn|17\n|\n|t:|1700063742\n|move|p2a: Corviknight|Brave Bird|p1a: Slither Wing\n|-supereffective|p1a: Slither Wing\n|-damage|p1a: Slither Wing|0 fnt\n|faint|p1a: Slither Wing\n|-end|p1a: Slither Wing|Protosynthesis|[silent]\n|-damage|p2a: Corviknight|2\/100|[from] Recoil\n|\n|-fieldend|move: Trick Room\n|upkeep\n|\n|t:|1700063749\n|switch|p1a: Arcanine|Arcanine-Hisui, F|100\/100\n|turn|18\n|\n|t:|1700063754\n|move|p1a: Arcanine|Head Smash|p2a: Corviknight\n|-damage|p2a: Corviknight|0 fnt\n|-damage|p1a: Arcanine|84\/100|[from] item: Rocky Helmet|[of] p2a: Corviknight\n|faint|p2a: Corviknight\n|\n|upkeep\n|\n|t:|1700063758\n|switch|p2a: Hoopa|Hoopa-Unbound|100\/100\n|turn|19\n|\n|t:|1700063766\n|move|p1a: Arcanine|Head Smash|p2a: Hoopa\n|-damage|p2a: Hoopa|0 fnt\n|faint|p2a: Hoopa\n|\n|upkeep\n|\n|t:|1700063770\n|switch|p2a: Toxapex|Toxapex, M|100\/100\n|turn|20\n|\n|t:|1700063776\n|switch|p1a: Slowbro|Slowbro, M, shiny|100\/100 tox\n|move|p2a: Toxapex|Chilling Water|p1a: Slowbro\n|-resisted|p1a: Slowbro\n|-crit|p1a: Slowbro\n|-damage|p1a: Slowbro|92\/100 tox\n|-unboost|p1a: Slowbro|atk|1\n|\n|-damage|p1a: Slowbro|86\/100 tox|[from] psn\n|upkeep\n|turn|21\n|\n|t:|1700063784\n|move|p2a: Toxapex|Venoshock|p1a: Slowbro\n|-damage|p1a: Slowbro|59\/100 tox\n|move|p1a: Slowbro|Trick Room|p1a: Slowbro\n|-fieldstart|move: Trick Room|[of] p1a: Slowbro\n|\n|-damage|p1a: Slowbro|46\/100 tox|[from] psn\n|upkeep\n|turn|22\n|\n|t:|1700063798\n|move|p1a: Slowbro|Psychic|p2a: Toxapex\n|-supereffective|p2a: Toxapex\n|-damage|p2a: Toxapex|47\/100\n|move|p2a: Toxapex|Chilling Water|p1a: Slowbro\n|-resisted|p1a: Slowbro\n|-damage|p1a: Slowbro|41\/100 tox\n|-unboost|p1a: Slowbro|atk|1\n|\n|-heal|p2a: Toxapex|53\/100|[from] item: Leftovers\n|-damage|p1a: Slowbro|23\/100 tox|[from] psn\n|upkeep\n|turn|23\n|\n|t:|1700063812\n|switch|p2a: Gholdengo|Gholdengo|93\/100\n|move|p1a: Slowbro|Surf|p2a: Gholdengo\n|-damage|p2a: Gholdengo|43\/100\n|\n|-damage|p1a: Slowbro|0 fnt|[from] psn\n|faint|p1a: Slowbro\n|upkeep\n|\n|t:|1700063819\n|switch|p1a: Diancie|Diancie|100\/100\n|turn|24\n|\n|t:|1700063827\n|move|p1a: Diancie|Earth Power|p2a: Gholdengo\n|-supereffective|p2a: Gholdengo\n|-crit|p2a: Gholdengo\n|-damage|p2a: Gholdengo|0 fnt\n|faint|p2a: Gholdengo\n|\n|upkeep\n|\n|t:|1700063831\n|switch|p2a: Toxapex|Toxapex, M|86\/100\n|turn|25\n|\n|t:|1700063835\n|move|p2a: Toxapex|Toxic|p1a: Diancie\n|-status|p1a: Diancie|tox\n|move|p1a: Diancie|Earth Power|p2a: Toxapex\n|-supereffective|p2a: Toxapex\n|-damage|p2a: Toxapex|47\/100\n|-unboost|p2a: Toxapex|spd|1\n|\n|-heal|p2a: Toxapex|53\/100|[from] item: Leftovers\n|-damage|p1a: Diancie|94\/100 tox|[from] psn\n|-fieldend|move: Trick Room\n|upkeep\n|turn|26\n|\n|t:|1700063845\n|move|p1a: Diancie|Earth Power|p2a: Toxapex\n|-supereffective|p2a: Toxapex\n|-damage|p2a: Toxapex|0 fnt\n|faint|p2a: Toxapex\n|\n|-heal|p1a: Diancie|100\/100 tox|[from] item: Leftovers\n|-damage|p1a: Diancie|88\/100 tox|[from] psn\n|upkeep\n|\n|t:|1700063848\n|switch|p2a: Arcanine|Arcanine-Hisui, F|100\/100\n|turn|27\n|\n|t:|1700063853\n|move|p2a: Arcanine|Head Smash|p1a: Diancie\n|-damage|p1a: Diancie|0 fnt\n|faint|p1a: Diancie\n|\n|upkeep\n|\n|t:|1700063858\n|switch|p1a: Arcanine|Arcanine-Hisui, F|84\/100\n|turn|28\n|\n|t:|1700063862\n|-terastallize|p2a: Arcanine|Grass\n|move|p1a: Arcanine|Head Smash|p2a: Arcanine\n|-damage|p2a: Arcanine|17\/100\n|move|p2a: Arcanine|Head Smash|p1a: Arcanine|[miss]\n|-miss|p2a: Arcanine|p1a: Arcanine\n|\n|upkeep\n|turn|29\n|-message|Damaged_G forfeited.\n|\n|win|dilkem\n|raw|dilkem's rating: 1386 &rarr; <strong>1404<\/strong><br \/>(+18 for winning)\n|raw|Damaged_G's rating: 1359 &rarr; <strong>1341<\/strong><br \/>(-18 for losing)\n|l|\u2606Damaged_G\n","uploadtime":1700063884,"views":6,"p1id":"dilkem","p2id":"damagedg","formatid":"gen9ou","rating":1341,"private":0,"password":""}