{"id":"gen9ou-1994587483","p1":"S Dudebro Maximum","p2":"novice navidad","format":"[Gen 9] OU","log":"|j|\u2606S Dudebro Maximum\n|j|\u2606novice navidad\n|t:|1700464882\n|gametype|singles\n|player|p1|S Dudebro Maximum|linebacker|1281\n|player|p2|novice navidad|scientist-gen1rb|1289\n|teamsize|p1|6\n|teamsize|p2|6\n|gen|9\n|tier|[Gen 9] OU\n|rated|\n|rule|Sleep Clause Mod: Limit one foe put to sleep\n|rule|Species Clause: Limit one of each Pok\u00e9mon\n|rule|OHKO Clause: OHKO moves are banned\n|rule|Evasion Items Clause: Evasion items are banned\n|rule|Evasion Moves Clause: Evasion moves are banned\n|rule|Endless Battle Clause: Forcing endless battles is banned\n|rule|HP Percentage Mod: HP is shown in percentages\n|clearpoke\n|poke|p1|Garchomp, F|\n|poke|p1|Polteageist|\n|poke|p1|Hatterene, F|\n|poke|p1|Golduck, M|\n|poke|p1|Cloyster, M|\n|poke|p1|Beartic, M|\n|poke|p2|Conkeldurr, M|\n|poke|p2|Great Tusk|\n|poke|p2|Skeledirge, M|\n|poke|p2|Rotom-Wash|\n|poke|p2|Ogerpon-Cornerstone, F|\n|poke|p2|Landorus-Therian, M|\n|teampreview\n|inactive|Battle timer is ON: inactive players will automatically lose when time's up. (requested by S Dudebro Maximum)\n|\n|t:|1700464900\n|start\n|switch|p1a: Polteageist|Polteageist|100\/100\n|switch|p2a: Ogerpon|Ogerpon-Cornerstone, F|100\/100\n|turn|1\n|\n|t:|1700464909\n|move|p2a: Ogerpon|Swords Dance|p2a: Ogerpon\n|-boost|p2a: Ogerpon|atk|2\n|move|p1a: Polteageist|Shell Smash|p1a: Polteageist\n|-unboost|p1a: Polteageist|def|1\n|-unboost|p1a: Polteageist|spd|1\n|-boost|p1a: Polteageist|atk|2\n|-boost|p1a: Polteageist|spa|2\n|-boost|p1a: Polteageist|spe|2\n|\n|upkeep\n|turn|2\n|\n|t:|1700464918\n|move|p1a: Polteageist|Stored Power|p2a: Ogerpon\n|-ability|p2a: Ogerpon|Sturdy\n|-damage|p2a: Ogerpon|1\/100\n|move|p2a: Ogerpon|Ivy Cudgel|p1a: Polteageist|[anim] Ivy Cudgel Rock\n|-enditem|p1a: Polteageist|Focus Sash\n|-damage|p1a: Polteageist|1\/100\n|-ability|p1a: Polteageist|Weak Armor|boost\n|-unboost|p1a: Polteageist|def|1\n|-boost|p1a: Polteageist|spe|2\n|\n|upkeep\n|turn|3\n|\n|t:|1700464930\n|move|p1a: Polteageist|Stored Power|p2a: Ogerpon\n|-damage|p2a: Ogerpon|0 fnt\n|faint|p2a: Ogerpon\n|\n|upkeep\n|\n|t:|1700464934\n|switch|p2a: Skeledirge|Skeledirge, M|100\/100\n|turn|4\n|\n|t:|1700464939\n|-terastallize|p1a: Polteageist|Ghost\n|move|p1a: Polteageist|Shadow Ball|p2a: Skeledirge\n|-supereffective|p2a: Skeledirge\n|-damage|p2a: Skeledirge|12\/100\n|move|p2a: Skeledirge|Torch Song|p1a: Polteageist\n|-damage|p1a: Polteageist|0 fnt\n|-boost|p2a: Skeledirge|spa|1\n|faint|p1a: Polteageist\n|\n|upkeep\n|\n|t:|1700464949\n|switch|p1a: Garchomp|Garchomp, F|100\/100\n|turn|5\n|\n|t:|1700464952\n|move|p1a: Garchomp|Earthquake|p2a: Skeledirge\n|-supereffective|p2a: Skeledirge\n|-damage|p2a: Skeledirge|0 fnt\n|faint|p2a: Skeledirge\n|\n|upkeep\n|\n|t:|1700464955\n|switch|p2a: Landorus|Landorus-Therian, M|100\/100\n|-ability|p2a: Landorus|Intimidate|boost\n|-unboost|p1a: Garchomp|atk|1\n|turn|6\n|\n|t:|1700464957\n|move|p1a: Garchomp|Stealth Rock|p2a: Landorus\n|-sidestart|p2: novice navidad|move: Stealth Rock\n|move|p2a: Landorus|Stealth Rock|p1a: Garchomp\n|-sidestart|p1: S Dudebro Maximum|move: Stealth Rock\n|\n|upkeep\n|turn|7\n|\n|t:|1700464962\n|switch|p1a: Beartic|Beartic, M|100\/100\n|move|p2a: Landorus|Earthquake|p1a: Beartic\n|-damage|p1a: Beartic|49\/100\n|\n|upkeep\n|turn|8\n|\n|t:|1700464966\n|move|p2a: Landorus|Earthquake|p1a: Beartic\n|-damage|p1a: Beartic|0 fnt\n|faint|p1a: Beartic\n|\n|upkeep\n|\n|t:|1700464969\n|switch|p1a: Golduck|Golduck, M|100\/100\n|-damage|p1a: Golduck|88\/100|[from] Stealth Rock\n|-ability|p1a: Golduck|Cloud Nine\n|turn|9\n|\n|t:|1700464975\n|switch|p2a: Rotom|Rotom-Wash|100\/100\n|-damage|p2a: Rotom|88\/100|[from] Stealth Rock\n|move|p1a: Golduck|Ice Beam|p2a: Rotom\n|-resisted|p2a: Rotom\n|-damage|p2a: Rotom|75\/100\n|\n|-heal|p2a: Rotom|81\/100|[from] item: Leftovers\n|upkeep\n|turn|10\n|\n|t:|1700464980\n|move|p1a: Golduck|Psychic|p2a: Rotom\n|-damage|p2a: Rotom|53\/100\n|move|p2a: Rotom|Hydro Pump|p1a: Golduck\n|-resisted|p1a: Golduck\n|-crit|p1a: Golduck\n|-damage|p1a: Golduck|60\/100\n|\n|-heal|p2a: Rotom|60\/100|[from] item: Leftovers\n|upkeep\n|turn|11\n|\n|t:|1700464984\n|move|p2a: Rotom|Protect|p2a: Rotom\n|-singleturn|p2a: Rotom|Protect\n|move|p1a: Golduck|Psychic|p2a: Rotom\n|-activate|p2a: Rotom|move: Protect\n|\n|-heal|p2a: Rotom|66\/100|[from] item: Leftovers\n|upkeep\n|turn|12\n|\n|t:|1700464986\n|move|p1a: Golduck|Psychic|p2a: Rotom\n|-crit|p2a: Rotom\n|-damage|p2a: Rotom|23\/100\n|move|p2a: Rotom|Volt Switch|p1a: Golduck\n|-supereffective|p1a: Golduck\n|-damage|p1a: Golduck|15\/100\n|\n|t:|1700464988\n|switch|p2a: Conkeldurr|Conkeldurr, M|100\/100|[from] Volt Switch\n|-damage|p2a: Conkeldurr|94\/100|[from] Stealth Rock\n|\n|-status|p2a: Conkeldurr|brn|[from] item: Flame Orb\n|upkeep\n|turn|13\n|\n|t:|1700464992\n|move|p2a: Conkeldurr|Mach Punch|p1a: Golduck\n|-damage|p1a: Golduck|0 fnt\n|faint|p1a: Golduck\n|\n|-damage|p2a: Conkeldurr|88\/100 brn|[from] brn\n|upkeep\n|\n|t:|1700464996\n|switch|p1a: Hatterene|Hatterene, F|100\/100\n|-damage|p1a: Hatterene|88\/100|[from] Stealth Rock\n|turn|14\n|\n|t:|1700465002\n|move|p2a: Conkeldurr|Facade|p1a: Hatterene\n|-damage|p1a: Hatterene|0 fnt\n|faint|p1a: Hatterene\n|\n|-damage|p2a: Conkeldurr|82\/100 brn|[from] brn\n|upkeep\n|\n|t:|1700465007\n|switch|p1a: Cloyster|Cloyster, M|100\/100\n|-damage|p1a: Cloyster|76\/100|[from] Stealth Rock\n|turn|15\n|\n|t:|1700465012\n|-terastallize|p2a: Conkeldurr|Fighting\n|move|p2a: Conkeldurr|Mach Punch|p1a: Cloyster\n|-supereffective|p1a: Cloyster\n|-damage|p1a: Cloyster|0 fnt\n|faint|p1a: Cloyster\n|\n|-damage|p2a: Conkeldurr|76\/100 brn|[from] brn\n|upkeep\n|\n|t:|1700465017\n|switch|p1a: Garchomp|Garchomp, F|100\/100\n|-damage|p1a: Garchomp|94\/100|[from] Stealth Rock\n|turn|16\n|\n|t:|1700465020\n|move|p1a: Garchomp|Earthquake|p2a: Conkeldurr\n|-damage|p2a: Conkeldurr|36\/100 brn\n|move|p2a: Conkeldurr|Close Combat|p1a: Garchomp\n|-damage|p1a: Garchomp|0 fnt\n|-unboost|p2a: Conkeldurr|def|1\n|-unboost|p2a: Conkeldurr|spd|1\n|-damage|p2a: Conkeldurr|23\/100 brn|[from] ability: Rough Skin|[of] p1a: Garchomp\n|-damage|p2a: Conkeldurr|7\/100 brn|[from] item: Rocky Helmet|[of] p1a: Garchomp\n|faint|p1a: Garchomp\n|\n|win|novice navidad\n|raw|S Dudebro Maximum's rating: 1281 &rarr; <strong>1257<\/strong><br \/>(-24 for losing)\n|raw|novice navidad's rating: 1289 &rarr; <strong>1313<\/strong><br \/>(+24 for winning)\n","uploadtime":1700465024,"views":15,"p1id":"sdudebromaximum","p2id":"novicenavidad","formatid":"gen9ou","rating":1257,"private":0,"password":""}