{"id":"gen9ou-1999491991","p1":"xernn","p2":"mk9999","format":"[Gen 9] OU","log":"|j|\u2606xernn\n|j|\u2606mk9999\n|t:|1701088507\n|gametype|singles\n|player|p1|xernn|iris-gen5bw2|1354\n|player|p2|mk9999|169|1485\n|teamsize|p1|6\n|teamsize|p2|6\n|gen|9\n|tier|[Gen 9] OU\n|rated|\n|rule|Sleep Clause Mod: Limit one foe put to sleep\n|rule|Species Clause: Limit one of each Pok\u00e9mon\n|rule|OHKO Clause: OHKO moves are banned\n|rule|Evasion Items Clause: Evasion items are banned\n|rule|Evasion Moves Clause: Evasion moves are banned\n|rule|Endless Battle Clause: Forcing endless battles is banned\n|rule|HP Percentage Mod: HP is shown in percentages\n|clearpoke\n|poke|p1|Cloyster, F|\n|poke|p1|Polteageist-Antique|\n|poke|p1|Drednaw, F|\n|poke|p1|Cinderace, F|\n|poke|p1|Indeedee, M|\n|poke|p1|Hatterene, F|\n|poke|p2|Enamorus, F|\n|poke|p2|Great Tusk|\n|poke|p2|Kleavor, M|\n|poke|p2|Slowking-Galar, F|\n|poke|p2|Samurott-Hisui, F|\n|poke|p2|Greninja-*, M|\n|teampreview\n|inactive|Battle timer is ON: inactive players will automatically lose when time's up. (requested by xernn)\n|\n|t:|1701088516\n|start\n|switch|p1a: Cinderace|Cinderace, F|100\/100\n|switch|p2a: Kleavor|Kleavor, M|100\/100\n|turn|1\n|c|\u2606xernn|glhf\n|\n|t:|1701088530\n|move|p2a: Kleavor|Stone Axe|p1a: Cinderace\n|-supereffective|p1a: Cinderace\n|-damage|p1a: Cinderace|0 fnt\n|-sidestart|p1: xernn|move: Stealth Rock\n|faint|p1a: Cinderace\n|\n|upkeep\n|\n|t:|1701088555\n|switch|p1a: Hatterene|Hatterene, F|100\/100\n|-damage|p1a: Hatterene|88\/100|[from] Stealth Rock\n|turn|2\n|\n|t:|1701088563\n|switch|p2a: Slowking|Slowking-Galar, F|100\/100\n|move|p1a: Hatterene|Nuzzle|p2a: Slowking\n|-damage|p2a: Slowking|97\/100\n|-status|p2a: Slowking|par\n|\n|upkeep\n|turn|3\n|\n|t:|1701088569\n|move|p1a: Hatterene|Calm Mind|p1a: Hatterene\n|-boost|p1a: Hatterene|spa|1\n|-boost|p1a: Hatterene|spd|1\n|cant|p2a: Slowking|par\n|\n|upkeep\n|turn|4\n|\n|t:|1701088571\n|move|p1a: Hatterene|Stored Power|p2a: Slowking\n|-damage|p2a: Slowking|78\/100 par\n|move|p2a: Slowking|Sludge Bomb|p1a: Hatterene\n|-supereffective|p1a: Hatterene\n|-damage|p1a: Hatterene|37\/100\n|-enditem|p1a: Hatterene|Eject Button\n|\n|t:|1701088577\n|switch|p1a: Indeedee|Indeedee, M|100\/100\n|-damage|p1a: Indeedee|88\/100|[from] Stealth Rock\n|-fieldstart|move: Psychic Terrain|[from] ability: Psychic Surge|[of] p1a: Indeedee\n|\n|upkeep\n|turn|5\n|\n|t:|1701088595\n|switch|p2a: Samurott|Samurott-Hisui, F|100\/100\n|move|p1a: Indeedee|Psyshock|p2a: Samurott\n|-immune|p2a: Samurott\n|\n|upkeep\n|turn|6\n|\n|t:|1701088601\n|switch|p1a: Hatterene|Hatterene, F|37\/100\n|-damage|p1a: Hatterene|25\/100|[from] Stealth Rock\n|move|p2a: Samurott|Ceaseless Edge|p1a: Hatterene\n|-damage|p1a: Hatterene|0 fnt\n|-sidestart|p1: xernn|Spikes\n|faint|p1a: Hatterene\n|\n|upkeep\n|\n|t:|1701088607\n|switch|p1a: Cloyster|Cloyster, F|100\/100\n|turn|7\n|\n|t:|1701088627\n|move|p2a: Samurott|Taunt|p1a: Cloyster\n|-start|p1a: Cloyster|move: Taunt\n|cant|p1a: Cloyster|move: Taunt|Shell Smash\n|\n|upkeep\n|turn|8\n|\n|t:|1701088635\n|move|p2a: Samurott|Ceaseless Edge|p1a: Cloyster\n|-damage|p1a: Cloyster|66\/100\n|-sidestart|p1: xernn|Spikes\n|move|p1a: Cloyster|Icicle Spear|p2a: Samurott\n|-resisted|p2a: Samurott\n|-damage|p2a: Samurott|93\/100\n|-resisted|p2a: Samurott\n|-damage|p2a: Samurott|86\/100\n|-resisted|p2a: Samurott\n|-damage|p2a: Samurott|78\/100\n|-resisted|p2a: Samurott\n|-damage|p2a: Samurott|71\/100\n|-resisted|p2a: Samurott\n|-damage|p2a: Samurott|63\/100\n|-hitcount|p2a: Samurott|5\n|\n|-heal|p2a: Samurott|69\/100|[from] item: Leftovers\n|upkeep\n|turn|9\n|\n|t:|1701088647\n|move|p2a: Samurott|Ceaseless Edge|p1a: Cloyster\n|-damage|p1a: Cloyster|28\/100\n|-sidestart|p1: xernn|Spikes\n|move|p1a: Cloyster|Icicle Spear|p2a: Samurott\n|-resisted|p2a: Samurott\n|-damage|p2a: Samurott|62\/100\n|-resisted|p2a: Samurott\n|-damage|p2a: Samurott|54\/100\n|-resisted|p2a: Samurott\n|-damage|p2a: Samurott|47\/100\n|-resisted|p2a: Samurott\n|-damage|p2a: Samurott|40\/100\n|-resisted|p2a: Samurott\n|-damage|p2a: Samurott|33\/100\n|-hitcount|p2a: Samurott|5\n|\n|-heal|p2a: Samurott|39\/100|[from] item: Leftovers\n|-end|p1a: Cloyster|move: Taunt\n|upkeep\n|turn|10\n|\n|t:|1701088664\n|move|p2a: Samurott|Razor Shell|p1a: Cloyster\n|-resisted|p1a: Cloyster\n|-damage|p1a: Cloyster|6\/100\n|move|p1a: Cloyster|Rock Blast|p2a: Samurott\n|-damage|p2a: Samurott|29\/100\n|-damage|p2a: Samurott|20\/100\n|-damage|p2a: Samurott|10\/100\n|-damage|p2a: Samurott|0 fnt\n|faint|p2a: Samurott\n|-hitcount|p2: Samurott|4\n|\n|upkeep\n|inactive|mk9999 has 120 seconds left.\n|\n|t:|1701088685\n|switch|p2a: Great Tusk|Great Tusk|100\/100\n|turn|11\n|\n|t:|1701088690\n|move|p2a: Great Tusk|Rapid Spin|p1a: Cloyster\n|-damage|p1a: Cloyster|0 fnt\n|-boost|p2a: Great Tusk|spe|1\n|faint|p1a: Cloyster\n|\n|-fieldend|move: Psychic Terrain\n|upkeep\n|\n|t:|1701088693\n|switch|p1a: Indeedee|Indeedee, M|88\/100\n|-damage|p1a: Indeedee|76\/100|[from] Stealth Rock\n|-damage|p1a: Indeedee|51\/100|[from] Spikes\n|-fieldstart|move: Psychic Terrain|[from] ability: Psychic Surge|[of] p1a: Indeedee\n|turn|12\n|\n|t:|1701088700\n|move|p2a: Great Tusk|Headlong Rush|p1a: Indeedee\n|-damage|p1a: Indeedee|0 fnt\n|-unboost|p2a: Great Tusk|def|1\n|-unboost|p2a: Great Tusk|spd|1\n|faint|p1a: Indeedee\n|\n|upkeep\n|\n|t:|1701088703\n|switch|p1a: Polteageist|Polteageist-Antique|100\/100\n|-damage|p1a: Polteageist|88\/100|[from] Stealth Rock\n|-damage|p1a: Polteageist|63\/100|[from] Spikes\n|turn|13\n|\n|t:|1701088710\n|-terastallize|p1a: Polteageist|Grass\n|move|p2a: Great Tusk|Headlong Rush|p1a: Polteageist\n|-resisted|p1a: Polteageist\n|-damage|p1a: Polteageist|10\/100\n|-unboost|p2a: Great Tusk|def|1\n|-unboost|p2a: Great Tusk|spd|1\n|-ability|p1a: Polteageist|Weak Armor|boost\n|-unboost|p1a: Polteageist|def|1\n|-boost|p1a: Polteageist|spe|2\n|move|p1a: Polteageist|Shell Smash|p1a: Polteageist\n|-unboost|p1a: Polteageist|def|1\n|-unboost|p1a: Polteageist|spd|1\n|-boost|p1a: Polteageist|atk|2\n|-boost|p1a: Polteageist|spa|2\n|-boost|p1a: Polteageist|spe|2\n|\n|upkeep\n|turn|14\n|\n|t:|1701088724\n|move|p1a: Polteageist|Giga Drain|p2a: Great Tusk\n|-supereffective|p2a: Great Tusk\n|-damage|p2a: Great Tusk|0 fnt\n|-heal|p1a: Polteageist|81\/100|[from] drain|[of] p2a: Great Tusk\n|faint|p2a: Great Tusk\n|-end|p2a: Great Tusk|Protosynthesis|[silent]\n|\n|upkeep\n|inactive|mk9999 has 120 seconds left.\n|\n|t:|1701088751\n|switch|p2a: Enamorus|Enamorus, F|100\/100\n|turn|15\n|\n|t:|1701088756\n|move|p1a: Polteageist|Stored Power|p2a: Enamorus\n|-damage|p2a: Enamorus|0 fnt\n|faint|p2a: Enamorus\n|\n|upkeep\n|\n|t:|1701088760\n|switch|p2a: Greninja|Greninja, M|100\/100\n|turn|16\n|inactive|xernn has 120 seconds left.\n|\n|t:|1701088794\n|switch|p2a: Slowking|Slowking-Galar, F|100\/100 par\n|move|p1a: Polteageist|Giga Drain|p2a: Slowking\n|-resisted|p2a: Slowking\n|-damage|p2a: Slowking|81\/100 par\n|-heal|p1a: Polteageist|96\/100|[from] drain|[of] p2a: Slowking\n|\n|upkeep\n|turn|17\n|\n|t:|1701088806\n|move|p1a: Polteageist|Shadow Ball|p2a: Slowking\n|-supereffective|p2a: Slowking\n|-damage|p2a: Slowking|0 fnt\n|faint|p2a: Slowking\n|\n|upkeep\n|inactive|mk9999 has 120 seconds left.\n|\n|t:|1701088836\n|switch|p2a: Kleavor|Kleavor, M|100\/100\n|turn|18\n|\n|t:|1701088848\n|move|p1a: Polteageist|Giga Drain|p2a: Kleavor\n|-crit|p2a: Kleavor\n|-damage|p2a: Kleavor|0 fnt\n|-heal|p1a: Polteageist|100\/100|[from] drain|[of] p2a: Kleavor\n|faint|p2a: Kleavor\n|\n|upkeep\n|inactive|mk9999 has 90 seconds left.\n|l|\u2606mk9999\n|inactive|mk9999 disconnected and has a minute to reconnect!\n|player|p2|\n|inactive|mk9999 has 30 seconds to reconnect!\n|inactive|mk9999 has 20 seconds to reconnect!\n|inactive|mk9999 has 15 seconds to reconnect!\n|inactive|mk9999 has 10 seconds to reconnect!\n|inactive|mk9999 has 5 seconds to reconnect!\n|-message|mk9999 lost due to inactivity.\n|\n|win|xernn\n|raw|xernn's rating: 1354 &rarr; <strong>1381<\/strong><br \/>(+27 for winning)\n|raw|mk9999's rating: 1485 &rarr; <strong>1458<\/strong><br \/>(-27 for losing)\n","uploadtime":1701088942,"views":4,"p1id":"xernn","p2id":"mk9999","formatid":"gen9ou","rating":1381,"private":0,"password":""}