{"id":"gen9ou-1994289543","p1":"Fanconni","p2":"Martin80","format":"[Gen 9] OU","log":"|j|\u2606Fanconni\n|j|\u2606Martin80\n|t:|1700427498\n|gametype|singles\n|player|p1|Fanconni|1|1095\n|player|p2|Martin80|steven|1096\n|teamsize|p1|6\n|teamsize|p2|6\n|gen|9\n|tier|[Gen 9] OU\n|rated|\n|rule|Sleep Clause Mod: Limit one foe put to sleep\n|rule|Species Clause: Limit one of each Pok\u00e9mon\n|rule|OHKO Clause: OHKO moves are banned\n|rule|Evasion Items Clause: Evasion items are banned\n|rule|Evasion Moves Clause: Evasion moves are banned\n|rule|Endless Battle Clause: Forcing endless battles is banned\n|rule|HP Percentage Mod: HP is shown in percentages\n|clearpoke\n|poke|p1|Sinistcha|\n|poke|p1|Pelipper, F|\n|poke|p1|Scizor, F|\n|poke|p1|Basculegion-F, F|\n|poke|p1|Tatsugiri, F|\n|poke|p1|Goodra-Hisui, F|\n|poke|p2|Quaquaval, F|\n|poke|p2|Tinkaton, F|\n|poke|p2|Lokix, F|\n|poke|p2|Garganacl, F|\n|poke|p2|Ceruledge, F|\n|poke|p2|Arboliva, F|\n|teampreview\n|inactive|Battle timer is ON: inactive players will automatically lose when time's up. (requested by Fanconni)\n|\n|t:|1700427512\n|start\n|switch|p1a: Pelipper|Pelipper, F|100\/100\n|switch|p2a: Blady|Ceruledge, F, shiny|100\/100\n|-weather|RainDance|[from] ability: Drizzle|[of] p1a: Pelipper\n|turn|1\n|\n|t:|1700427522\n|move|p2a: Blady|Endure|p2a: Blady\n|-singleturn|p2a: Blady|move: Endure\n|move|p1a: Pelipper|Surf|p2a: Blady\n|-supereffective|p2a: Blady\n|-activate|p2a: Blady|move: Endure\n|-damage|p2a: Blady|1\/100\n|-enditem|p2a: Blady|Weakness Policy\n|-boost|p2a: Blady|atk|2|[from] item: Weakness Policy\n|-boost|p2a: Blady|spa|2|[from] item: Weakness Policy\n|\n|-weather|RainDance|[upkeep]\n|upkeep\n|turn|2\n|\n|t:|1700427537\n|switch|p1a: Tatsugiri|Tatsugiri, F|100\/100\n|move|p2a: Blady|Shadow Sneak|p1a: Tatsugiri\n|-damage|p1a: Tatsugiri|30\/100\n|\n|-weather|RainDance|[upkeep]\n|upkeep\n|turn|3\n|\n|t:|1700427545\n|move|p2a: Blady|Shadow Sneak|p1a: Tatsugiri\n|-damage|p1a: Tatsugiri|0 fnt\n|faint|p1a: Tatsugiri\n|\n|-weather|RainDance|[upkeep]\n|upkeep\n|\n|t:|1700427550\n|switch|p1a: Scizor|Scizor, F|100\/100\n|turn|4\n|\n|t:|1700427556\n|move|p2a: Blady|Shadow Sneak|p1a: Scizor\n|-damage|p1a: Scizor|61\/100\n|move|p1a: Scizor|Bullet Punch|p2a: Blady\n|-resisted|p2a: Blady\n|-damage|p2a: Blady|0 fnt\n|faint|p2a: Blady\n|\n|-weather|RainDance|[upkeep]\n|upkeep\n|\n|t:|1700427569\n|switch|p2a: Jolyne|Quaquaval, F, shiny|100\/100\n|turn|5\n|\n|t:|1700427574\n|switch|p1a: Sinistcha|Sinistcha|100\/100\n|move|p2a: Jolyne|Aqua Step|p1a: Sinistcha\n|-resisted|p1a: Sinistcha\n|-damage|p1a: Sinistcha|80\/100\n|-boost|p2a: Jolyne|spe|1\n|\n|-weather|RainDance|[upkeep]\n|-heal|p1a: Sinistcha|86\/100|[from] item: Leftovers\n|upkeep\n|turn|6\n|\n|t:|1700427593\n|switch|p2a: Tinkaton|Tinkaton, F, shiny|100\/100\n|-ability|p2a: Tinkaton|Mold Breaker\n|move|p1a: Sinistcha|Matcha Gotcha|p2a: Tinkaton\n|-resisted|p2a: Tinkaton\n|-damage|p2a: Tinkaton|86\/100\n|-heal|p1a: Sinistcha|94\/100|[from] drain|[of] p2a: Tinkaton\n|\n|-weather|RainDance|[upkeep]\n|-heal|p2a: Tinkaton|92\/100|[from] item: Leftovers\n|-heal|p1a: Sinistcha|99\/100|[from] item: Leftovers\n|upkeep\n|turn|7\n|\n|t:|1700427607\n|move|p2a: Tinkaton|Knock Off|p1a: Sinistcha\n|-supereffective|p1a: Sinistcha\n|-damage|p1a: Sinistcha|76\/100\n|-enditem|p1a: Sinistcha|Leftovers|[from] move: Knock Off|[of] p2a: Tinkaton\n|move|p1a: Sinistcha|Strength Sap|p2a: Tinkaton\n|-unboost|p2a: Tinkaton|atk|1\n|-heal|p1a: Sinistcha|100\/100\n|\n|-weather|RainDance|[upkeep]\n|-heal|p2a: Tinkaton|98\/100|[from] item: Leftovers\n|upkeep\n|turn|8\n|\n|t:|1700427618\n|move|p2a: Tinkaton|Swords Dance|p2a: Tinkaton\n|-boost|p2a: Tinkaton|atk|2\n|move|p1a: Sinistcha|Calm Mind|p1a: Sinistcha\n|-boost|p1a: Sinistcha|spa|1\n|-boost|p1a: Sinistcha|spd|1\n|\n|-weather|none\n|-heal|p2a: Tinkaton|100\/100|[from] item: Leftovers\n|upkeep\n|turn|9\n|\n|t:|1700427630\n|move|p2a: Tinkaton|Swords Dance|p2a: Tinkaton\n|-boost|p2a: Tinkaton|atk|2\n|move|p1a: Sinistcha|Calm Mind|p1a: Sinistcha\n|-boost|p1a: Sinistcha|spa|1\n|-boost|p1a: Sinistcha|spd|1\n|\n|upkeep\n|turn|10\n|\n|t:|1700427637\n|move|p2a: Tinkaton|Gigaton Hammer|p1a: Sinistcha\n|-damage|p1a: Sinistcha|14\/100\n|move|p1a: Sinistcha|Strength Sap|p2a: Tinkaton\n|-unboost|p2a: Tinkaton|atk|1\n|-heal|p1a: Sinistcha|100\/100\n|\n|upkeep\n|turn|11\n|\n|t:|1700427645\n|move|p2a: Tinkaton|Swords Dance|p2a: Tinkaton\n|-boost|p2a: Tinkaton|atk|2\n|move|p1a: Sinistcha|Strength Sap|p2a: Tinkaton\n|-unboost|p2a: Tinkaton|atk|1\n|\n|upkeep\n|turn|12\n|\n|t:|1700427653\n|move|p2a: Tinkaton|Swords Dance|p2a: Tinkaton\n|-boost|p2a: Tinkaton|atk|2\n|move|p1a: Sinistcha|Matcha Gotcha|p2a: Tinkaton\n|-resisted|p2a: Tinkaton\n|-damage|p2a: Tinkaton|73\/100\n|\n|-heal|p2a: Tinkaton|80\/100|[from] item: Leftovers\n|upkeep\n|turn|13\n|\n|t:|1700427663\n|move|p2a: Tinkaton|Gigaton Hammer|p1a: Sinistcha\n|-damage|p1a: Sinistcha|0 fnt\n|faint|p1a: Sinistcha\n|\n|-heal|p2a: Tinkaton|86\/100|[from] item: Leftovers\n|upkeep\n|\n|t:|1700427670\n|switch|p1a: Pelipper|Pelipper, F|100\/100\n|-weather|RainDance|[from] ability: Drizzle|[of] p1a: Pelipper\n|turn|14\n|\n|t:|1700427676\n|-terastallize|p1a: Pelipper|Ground\n|move|p2a: Tinkaton|Knock Off|p1a: Pelipper\n|-damage|p1a: Pelipper|46\/100\n|-enditem|p1a: Pelipper|Damp Rock|[from] move: Knock Off|[of] p2a: Tinkaton\n|move|p1a: Pelipper|Tera Blast|p2a: Tinkaton|[anim] Tera Blast Ground\n|-supereffective|p2a: Tinkaton\n|-damage|p2a: Tinkaton|36\/100\n|\n|-weather|RainDance|[upkeep]\n|-heal|p2a: Tinkaton|42\/100|[from] item: Leftovers\n|upkeep\n|turn|15\n|\n|t:|1700427688\n|move|p2a: Tinkaton|Gigaton Hammer|p1a: Pelipper\n|-damage|p1a: Pelipper|0 fnt\n|faint|p1a: Pelipper\n|\n|-weather|RainDance|[upkeep]\n|-heal|p2a: Tinkaton|48\/100|[from] item: Leftovers\n|upkeep\n|-message|Fanconni forfeited.\n|\n|win|Martin80\n|raw|Fanconni's rating: 1095 &rarr; <strong>1071<\/strong><br \/>(-24 for losing)\n|raw|Martin80's rating: 1096 &rarr; <strong>1122<\/strong><br \/>(+26 for winning)\n|l|\u2606Fanconni\n","uploadtime":1700427818,"views":24,"p1id":"fanconni","p2id":"martin80","formatid":"gen9ou","rating":1071,"private":0,"password":""}