{"id":"gen9ou-1988373878","p1":"Quamnckkk","p2":"alvar03","format":"[Gen 9] OU","log":"|j|\u2606Quamnckkk\n|j|\u2606alvar03\n|t:|1699715551\n|gametype|singles\n|player|p1|Quamnckkk|yellow|1734\n|player|p2|alvar03|alder|1748\n|teamsize|p1|6\n|teamsize|p2|6\n|gen|9\n|tier|[Gen 9] OU\n|rated|\n|rule|Sleep Clause Mod: Limit one foe put to sleep\n|rule|Species Clause: Limit one of each Pok\u00e9mon\n|rule|OHKO Clause: OHKO moves are banned\n|rule|Evasion Items Clause: Evasion items are banned\n|rule|Evasion Moves Clause: Evasion moves are banned\n|rule|Endless Battle Clause: Forcing endless battles is banned\n|rule|HP Percentage Mod: HP is shown in percentages\n|clearpoke\n|poke|p1|Dragapult, F|\n|poke|p1|Great Tusk|\n|poke|p1|Zapdos|\n|poke|p1|Kingambit, M|\n|poke|p1|Slowking-Galar, F|\n|poke|p1|Samurott-Hisui, M|\n|poke|p2|Glimmora, F|\n|poke|p2|Ogerpon-Cornerstone, F|\n|poke|p2|Dragapult, F|\n|poke|p2|Rillaboom, F|\n|poke|p2|Great Tusk|\n|poke|p2|Kingambit, M|\n|teampreview\n|inactive|Battle timer is ON: inactive players will automatically lose when time's up. (requested by Quamnckkk)\n|\n|t:|1699715565\n|start\n|switch|p1a: Dragapult|Dragapult, F|100\/100\n|switch|p2a: Glimmora|Glimmora, F|100\/100\n|turn|1\n|\n|t:|1699715568\n|move|p1a: Dragapult|Shadow Ball|p2a: Glimmora\n|-damage|p2a: Glimmora|27\/100\n|move|p2a: Glimmora|Stealth Rock|p1a: Dragapult\n|-sidestart|p1: Quamnckkk|move: Stealth Rock\n|\n|upkeep\n|turn|2\n|\n|t:|1699715578\n|move|p1a: Dragapult|Shadow Ball|p2a: Glimmora\n|-damage|p2a: Glimmora|0 fnt\n|faint|p2a: Glimmora\n|\n|upkeep\n|\n|t:|1699715582\n|switch|p2a: Kingambit|Kingambit, M|100\/100\n|-activate|p2a: Kingambit|ability: Supreme Overlord\n|-start|p2a: Kingambit|fallen1|[silent]\n|turn|3\n|\n|t:|1699715588\n|switch|p1a: Great Tusk|Great Tusk|100\/100\n|-damage|p1a: Great Tusk|98\/100|[from] Stealth Rock\n|-end|p2a: Kingambit|fallen1|[silent]\n|switch|p2a: Rillaboom|Rillaboom, F|100\/100\n|-fieldstart|move: Grassy Terrain|[from] ability: Grassy Surge|[of] p2a: Rillaboom\n|\n|-heal|p1a: Great Tusk|100\/100|[from] Grassy Terrain\n|upkeep\n|turn|4\n|j| jdbysjwwh\n|\n|t:|1699715597\n|move|p1a: Great Tusk|Ice Spinner|p2a: Rillaboom\n|-supereffective|p2a: Rillaboom\n|-damage|p2a: Rillaboom|38\/100\n|-fieldend|move: Grassy Terrain\n|move|p2a: Rillaboom|Swords Dance|p2a: Rillaboom\n|-boost|p2a: Rillaboom|atk|2\n|\n|upkeep\n|turn|5\n|\n|t:|1699715606\n|move|p1a: Great Tusk|Ice Spinner|p2a: Rillaboom\n|-supereffective|p2a: Rillaboom\n|-damage|p2a: Rillaboom|0 fnt\n|faint|p2a: Rillaboom\n|\n|upkeep\n|\n|t:|1699715608\n|switch|p2a: Ogerpon|Ogerpon-Cornerstone, F|100\/100\n|turn|6\n|\n|t:|1699715611\n|move|p2a: Ogerpon|Power Whip|p1a: Great Tusk\n|-supereffective|p1a: Great Tusk\n|-damage|p1a: Great Tusk|0 fnt\n|-damage|p2a: Ogerpon|84\/100|[from] item: Rocky Helmet|[of] p1a: Great Tusk\n|faint|p1a: Great Tusk\n|-end|p1a: Great Tusk|Protosynthesis|[silent]\n|\n|upkeep\n|l|\u2606Quamnckkk\n|inactive|Quamnckkk disconnected and has a minute to reconnect!\n|player|p1|\n|\n|t:|1699715640\n|switch|p1a: Kingambit|Kingambit, M|100\/100\n|-damage|p1a: Kingambit|94\/100|[from] Stealth Rock\n|-activate|p1a: Kingambit|ability: Supreme Overlord\n|-start|p1a: Kingambit|fallen1|[silent]\n|turn|7\n|j| oRinNeGa7V1\n|j|\u2606Quamnckkk\n|inactive|Quamnckkk reconnected and has 140 seconds left.\n|player|p1|Quamnckkk|yellow\n|\n|t:|1699715653\n|move|p2a: Ogerpon|Low Kick|p1a: Kingambit\n|-supereffective|p1a: Kingambit\n|-damage|p1a: Kingambit|0 fnt\n|faint|p1a: Kingambit\n|-end|p1a: Kingambit|fallen1|[silent]\n|\n|upkeep\n|j| Jan7498\n|j| Shurican\n|\n|t:|1699715665\n|switch|p1a: Dragapult|Dragapult, F|100\/100\n|-damage|p1a: Dragapult|88\/100|[from] Stealth Rock\n|turn|8\n|\n|t:|1699715673\n|move|p1a: Dragapult|Draco Meteor|p2a: Ogerpon\n|-damage|p2a: Ogerpon|0 fnt\n|-unboost|p1a: Dragapult|spa|2\n|faint|p2a: Ogerpon\n|\n|upkeep\n|j| MarburgCOVEbola\n|\n|t:|1699715682\n|switch|p2a: Kingambit|Kingambit, M|100\/100\n|-activate|p2a: Kingambit|ability: Supreme Overlord\n|-start|p2a: Kingambit|fallen3|[silent]\n|turn|9\n|j| Street Fame\n|j| I love Neco Arc\n|\n|t:|1699715687\n|switch|p1a: Samurott|Samurott-Hisui, M|100\/100\n|move|p2a: Kingambit|Kowtow Cleave|p1a: Samurott\n|-resisted|p1a: Samurott\n|-damage|p1a: Samurott|63\/100\n|\n|upkeep\n|turn|10\n|\n|t:|1699715693\n|move|p1a: Samurott|Razor Shell|p2a: Kingambit\n|-damage|p2a: Kingambit|52\/100\n|-unboost|p2a: Kingambit|def|1\n|move|p2a: Kingambit|Kowtow Cleave|p1a: Samurott\n|-resisted|p1a: Samurott\n|-damage|p1a: Samurott|27\/100\n|\n|upkeep\n|turn|11\n|\n|t:|1699715701\n|move|p2a: Kingambit|Sucker Punch|p1a: Samurott\n|-resisted|p1a: Samurott\n|-damage|p1a: Samurott|0 fnt\n|faint|p1a: Samurott\n|\n|upkeep\n|\n|t:|1699715705\n|switch|p1a: Dragapult|Dragapult, F|88\/100\n|-damage|p1a: Dragapult|76\/100|[from] Stealth Rock\n|turn|12\n|j| HotheadIsTheGoat\n|\n|t:|1699715708\n|-terastallize|p1a: Dragapult|Fairy\n|move|p2a: Kingambit|Sucker Punch|p1a: Dragapult\n|-resisted|p1a: Dragapult\n|-damage|p1a: Dragapult|41\/100\n|move|p1a: Dragapult|Flamethrower|p2a: Kingambit\n|-supereffective|p2a: Kingambit\n|-damage|p2a: Kingambit|0 fnt\n|faint|p2a: Kingambit\n|-end|p2a: Kingambit|fallen3|[silent]\n|\n|upkeep\n|l| HotheadIsTheGoat\n|\n|t:|1699715718\n|switch|p2a: Dragapult|Dragapult, F|100\/100\n|turn|13\n|j| HotheadIsTheGoat\n|\n|t:|1699715724\n|move|p2a: Dragapult|Dragon Dance|p2a: Dragapult\n|-boost|p2a: Dragapult|atk|1\n|-boost|p2a: Dragapult|spe|1\n|move|p1a: Dragapult|Flamethrower|p2a: Dragapult\n|-resisted|p2a: Dragapult\n|-damage|p2a: Dragapult|71\/100\n|\n|-heal|p2a: Dragapult|77\/100|[from] item: Leftovers\n|upkeep\n|turn|14\n|l| HotheadIsTheGoat\n|\n|t:|1699715728\n|switch|p1a: Zapdos|Zapdos|100\/100\n|-terastallize|p2a: Dragapult|Fire\n|move|p2a: Dragapult|Dragon Dance|p2a: Dragapult\n|-boost|p2a: Dragapult|atk|1\n|-boost|p2a: Dragapult|spe|1\n|\n|-heal|p2a: Dragapult|83\/100|[from] item: Leftovers\n|upkeep\n|turn|15\n|\n|t:|1699715731\n|move|p2a: Dragapult|Dragon Darts|p1a: Zapdos\n|-damage|p1a: Zapdos|40\/100\n|-anim|p2a: Dragapult|Dragon Darts|p1a: Zapdos\n|-damage|p1a: Zapdos|0 fnt\n|faint|p1a: Zapdos\n|\n|-heal|p2a: Dragapult|89\/100|[from] item: Leftovers\n|upkeep\n|j| FavMon=Garchomp\n|\n|t:|1699715734\n|switch|p1a: Slowking|Slowking-Galar, F|100\/100\n|turn|16\n|\n|t:|1699715739\n|move|p2a: Dragapult|Dragon Darts|p1a: Slowking\n|-damage|p1a: Slowking|45\/100\n|-anim|p2a: Dragapult|Dragon Darts|p1a: Slowking\n|-crit|p1a: Slowking\n|-damage|p1a: Slowking|0 fnt\n|faint|p1a: Slowking\n|\n|-heal|p2a: Dragapult|95\/100|[from] item: Leftovers\n|upkeep\n|c|\u2606alvar03|gg\n|-message|Quamnckkk forfeited.\n|\n|win|alvar03\n|raw|Quamnckkk's rating: 1734 &rarr; <strong>1715<\/strong><br \/>(-19 for losing)\n|raw|alvar03's rating: 1748 &rarr; <strong>1767<\/strong><br \/>(+19 for winning)\n|l|\u2606Quamnckkk\n|l| oRinNeGa7V1\n|l| MarburgCOVEbola\n|l| I love Neco Arc\n|l| Street Fame\n|l| Jan7498\n|j| Jontrendline\n|l|\u2606alvar03\n|l| Shurican\n","uploadtime":1699716434,"views":20,"p1id":"quamnckkk","p2id":"alvar03","formatid":"gen9ou","rating":1715,"private":0,"password":""}