{"id":"gen9ou-1994707657","p1":"For fun sm4sh","p2":"Jaime Francias","format":"[Gen 9] OU","log":"|j|\u2606For fun sm4sh\n|j|\u2606Jaime Francias\n|t:|1700483906\n|gametype|singles\n|player|p1|For fun sm4sh|hoopster|1279\n|player|p2|Jaime Francias|266|1393\n|teamsize|p1|6\n|teamsize|p2|6\n|gen|9\n|tier|[Gen 9] OU\n|rated|\n|rule|Sleep Clause Mod: Limit one foe put to sleep\n|rule|Species Clause: Limit one of each Pok\u00e9mon\n|rule|OHKO Clause: OHKO moves are banned\n|rule|Evasion Items Clause: Evasion items are banned\n|rule|Evasion Moves Clause: Evasion moves are banned\n|rule|Endless Battle Clause: Forcing endless battles is banned\n|rule|HP Percentage Mod: HP is shown in percentages\n|clearpoke\n|poke|p1|Blissey, F|\n|poke|p1|Dondozo, F|\n|poke|p1|Hatterene, F|\n|poke|p1|Ceruledge, F|\n|poke|p1|Meowscarada, F|\n|poke|p1|Zoroark-Hisui, F|\n|poke|p2|Rillaboom, F|\n|poke|p2|Ceruledge, M|\n|poke|p2|Zamazenta-*|\n|poke|p2|Iron Valiant|\n|poke|p2|Landorus-Therian, M|\n|poke|p2|Hawlucha, F|\n|teampreview\n|inactive|Battle timer is ON: inactive players will automatically lose when time's up. (requested by For fun sm4sh)\n|\n|t:|1700483928\n|start\n|switch|p1a: Meowscarada|Meowscarada, F|100\/100\n|switch|p2a: Landorus|Landorus-Therian, M|100\/100\n|-ability|p2a: Landorus|Intimidate|boost\n|-unboost|p1a: Meowscarada|atk|1\n|turn|1\n|\n|t:|1700483939\n|move|p1a: Meowscarada|Flower Trick|p2a: Landorus\n|-start|p1a: Meowscarada|typechange|Grass|[from] ability: Protean\n|-crit|p2a: Landorus\n|-damage|p2a: Landorus|46\/100\n|move|p2a: Landorus|Stealth Rock|p1a: Meowscarada\n|-sidestart|p1: For fun sm4sh|move: Stealth Rock\n|\n|upkeep\n|turn|2\n|\n|t:|1700483958\n|move|p1a: Meowscarada|Flower Trick|p2a: Landorus\n|-crit|p2a: Landorus\n|-damage|p2a: Landorus|0 fnt\n|faint|p2a: Landorus\n|\n|upkeep\n|\n|t:|1700483964\n|switch|p2a: Ceruledge|Ceruledge, M|100\/100\n|turn|3\n|\n|t:|1700483970\n|switch|p1a: Dondozo|Dondozo, F|100\/100\n|-damage|p1a: Dondozo|88\/100|[from] Stealth Rock\n|move|p2a: Ceruledge|Swords Dance|p2a: Ceruledge\n|-boost|p2a: Ceruledge|atk|2\n|\n|upkeep\n|turn|4\n|\n|t:|1700483976\n|move|p2a: Ceruledge|Poltergeist|p1a: Dondozo|[miss]\n|-miss|p2a: Ceruledge|p1a: Dondozo\n|move|p1a: Dondozo|Wave Crash|p2a: Ceruledge\n|-supereffective|p2a: Ceruledge\n|-enditem|p2a: Ceruledge|Focus Sash\n|-damage|p2a: Ceruledge|1\/100\n|-ability|p2a: Ceruledge|Weak Armor|boost\n|-unboost|p2a: Ceruledge|def|1\n|-boost|p2a: Ceruledge|spe|2\n|-damage|p1a: Dondozo|69\/100|[from] Recoil\n|\n|upkeep\n|turn|5\n|\n|t:|1700483980\n|move|p2a: Ceruledge|Poltergeist|p1a: Dondozo\n|-activate|p1a: Dondozo|move: Poltergeist|Rocky Helmet\n|-damage|p1a: Dondozo|40\/100\n|move|p1a: Dondozo|Wave Crash|p2a: Ceruledge\n|-supereffective|p2a: Ceruledge\n|-damage|p2a: Ceruledge|0 fnt\n|faint|p2a: Ceruledge\n|-damage|p1a: Dondozo|40\/100|[from] Recoil\n|\n|upkeep\n|\n|t:|1700483989\n|switch|p2a: Rillaboom|Rillaboom, F|100\/100\n|-fieldstart|move: Grassy Terrain|[from] ability: Grassy Surge|[of] p2a: Rillaboom\n|turn|6\n|\n|t:|1700483996\n|switch|p1a: Ceruledge|Ceruledge, F|100\/100\n|-damage|p1a: Ceruledge|76\/100|[from] Stealth Rock\n|move|p2a: Rillaboom|U-turn|p1a: Ceruledge\n|-resisted|p1a: Ceruledge\n|-damage|p1a: Ceruledge|68\/100\n|\n|t:|1700483999\n|switch|p2a: Hawlucha|Hawlucha, F|100\/100|[from] U-turn\n|-enditem|p2a: Hawlucha|Grassy Seed\n|-boost|p2a: Hawlucha|def|1|[from] item: Grassy Seed\n|\n|-heal|p1a: Ceruledge|74\/100|[from] Grassy Terrain\n|-heal|p1a: Ceruledge|80\/100|[from] item: Leftovers\n|upkeep\n|turn|7\n|\n|t:|1700484008\n|move|p2a: Hawlucha|Substitute|p2a: Hawlucha\n|-start|p2a: Hawlucha|Substitute\n|-damage|p2a: Hawlucha|76\/100\n|move|p1a: Ceruledge|Bitter Blade|p2a: Hawlucha\n|-end|p2a: Hawlucha|Substitute\n|-heal|p1a: Ceruledge|93\/100|[from] drain|[of] p2a: Hawlucha\n|\n|-heal|p1a: Ceruledge|99\/100|[from] Grassy Terrain\n|-heal|p1a: Ceruledge|100\/100|[from] item: Leftovers\n|upkeep\n|turn|8\n|\n|t:|1700484012\n|move|p2a: Hawlucha|Acrobatics|p1a: Ceruledge\n|-damage|p1a: Ceruledge|32\/100\n|move|p1a: Ceruledge|Bitter Blade|p2a: Hawlucha\n|-damage|p2a: Hawlucha|31\/100\n|-heal|p1a: Ceruledge|55\/100|[from] drain|[of] p2a: Hawlucha\n|\n|-heal|p1a: Ceruledge|61\/100|[from] Grassy Terrain\n|-heal|p1a: Ceruledge|67\/100|[from] item: Leftovers\n|upkeep\n|turn|9\n|\n|t:|1700484024\n|move|p2a: Hawlucha|Acrobatics|p1a: Ceruledge\n|-damage|p1a: Ceruledge|1\/100\n|move|p1a: Ceruledge|Bitter Blade|p2a: Hawlucha\n|-damage|p2a: Hawlucha|0 fnt\n|-heal|p1a: Ceruledge|17\/100|[from] drain|[of] p2a: Hawlucha\n|faint|p2a: Hawlucha\n|\n|-heal|p1a: Ceruledge|23\/100|[from] Grassy Terrain\n|-heal|p1a: Ceruledge|29\/100|[from] item: Leftovers\n|upkeep\n|\n|t:|1700484031\n|switch|p2a: Zamazenta|Zamazenta|100\/100\n|-ability|p2a: Zamazenta|Dauntless Shield|boost\n|-boost|p2a: Zamazenta|def|1\n|turn|10\n|\n|t:|1700484037\n|move|p2a: Zamazenta|Howl|p2a: Zamazenta\n|-boost|p2a: Zamazenta|atk|1\n|move|p1a: Ceruledge|Bitter Blade|p2a: Zamazenta\n|-damage|p2a: Zamazenta|71\/100\n|-heal|p1a: Ceruledge|46\/100|[from] drain|[of] p2a: Zamazenta\n|\n|-heal|p2a: Zamazenta|77\/100|[from] Grassy Terrain\n|-heal|p1a: Ceruledge|52\/100|[from] Grassy Terrain\n|-heal|p1a: Ceruledge|58\/100|[from] item: Leftovers\n|-fieldend|move: Grassy Terrain\n|upkeep\n|turn|11\n|\n|t:|1700484046\n|move|p2a: Zamazenta|Wild Charge|p1a: Ceruledge\n|-damage|p1a: Ceruledge|0 fnt\n|faint|p1a: Ceruledge\n|-damage|p2a: Zamazenta|64\/100|[from] Recoil\n|\n|upkeep\n|\n|t:|1700484055\n|switch|p1a: Dondozo|Dondozo, F|100\/100\n|-damage|p1a: Dondozo|88\/100|[from] Stealth Rock\n|turn|12\n|\n|t:|1700484058\n|move|p2a: Zamazenta|Wild Charge|p1a: Dondozo\n|-damage|p1a: Dondozo|0 fnt\n|replace|p1a: Zoroark|Zoroark-Hisui, F\n|-end|p1a: Zoroark|Illusion\n|faint|p1a: Zoroark\n|-damage|p2a: Zamazenta|47\/100|[from] Recoil\n|\n|upkeep\n|\n|t:|1700484066\n|switch|p1a: Meowscarada|Meowscarada, F|100\/100\n|-damage|p1a: Meowscarada|88\/100|[from] Stealth Rock\n|turn|13\n|\n|t:|1700484074\n|-terastallize|p1a: Meowscarada|Grass\n|move|p2a: Zamazenta|Ice Fang|p1a: Meowscarada\n|-supereffective|p1a: Meowscarada\n|-damage|p1a: Meowscarada|0 fnt\n|faint|p1a: Meowscarada\n|\n|upkeep\n|\n|t:|1700484080\n|switch|p1a: Blissey|Blissey, F, shiny|100\/100\n|-damage|p1a: Blissey|88\/100|[from] Stealth Rock\n|turn|14\n|\n|t:|1700484083\n|move|p2a: Zamazenta|Close Combat|p1a: Blissey\n|-supereffective|p1a: Blissey\n|-damage|p1a: Blissey|0 fnt\n|-unboost|p2a: Zamazenta|def|1\n|-unboost|p2a: Zamazenta|spd|1\n|faint|p1a: Blissey\n|\n|upkeep\n|\n|t:|1700484085\n|switch|p1a: Hatterene|Hatterene, F|100\/100\n|-damage|p1a: Hatterene|88\/100|[from] Stealth Rock\n|turn|15\n|\n|t:|1700484090\n|-terastallize|p2a: Zamazenta|Steel\n|move|p2a: Zamazenta|Wild Charge|p1a: Hatterene\n|-damage|p1a: Hatterene|41\/100\n|-damage|p2a: Zamazenta|36\/100|[from] Recoil\n|move|p1a: Hatterene|Draining Kiss|p2a: Zamazenta\n|-resisted|p2a: Zamazenta\n|-damage|p2a: Zamazenta|15\/100\n|-heal|p1a: Hatterene|57\/100|[from] drain|[of] p2a: Zamazenta\n|\n|-heal|p1a: Hatterene|63\/100|[from] item: Leftovers\n|upkeep\n|turn|16\n|\n|t:|1700484095\n|move|p2a: Zamazenta|Wild Charge|p1a: Hatterene\n|-damage|p1a: Hatterene|14\/100\n|-damage|p2a: Zamazenta|3\/100|[from] Recoil\n|move|p1a: Hatterene|Draining Kiss|p2a: Zamazenta\n|-resisted|p2a: Zamazenta\n|-damage|p2a: Zamazenta|0 fnt\n|-heal|p1a: Hatterene|16\/100|[from] drain|[of] p2a: Zamazenta\n|faint|p2a: Zamazenta\n|\n|-heal|p1a: Hatterene|22\/100|[from] item: Leftovers\n|upkeep\n|\n|t:|1700484098\n|switch|p2a: Rillaboom|Rillaboom, F|100\/100\n|-fieldstart|move: Grassy Terrain|[from] ability: Grassy Surge|[of] p2a: Rillaboom\n|turn|17\n|\n|t:|1700484104\n|move|p2a: Rillaboom|Drum Beating|p1a: Hatterene\n|-damage|p1a: Hatterene|0 fnt\n|faint|p1a: Hatterene\n|\n|upkeep\n|\n|t:|1700484106\n|switch|p1a: Dondozo|Dondozo, F|40\/100\n|-damage|p1a: Dondozo|28\/100|[from] Stealth Rock\n|turn|18\n|\n|t:|1700484108\n|move|p2a: Rillaboom|Drum Beating|p1a: Dondozo\n|-supereffective|p1a: Dondozo\n|-damage|p1a: Dondozo|0 fnt\n|faint|p1a: Dondozo\n|\n|win|Jaime Francias\n|raw|For fun sm4sh's rating: 1279 &rarr; <strong>1262<\/strong><br \/>(-17 for losing)\n|raw|Jaime Francias's rating: 1393 &rarr; <strong>1407<\/strong><br \/>(+14 for winning)\n|l|\u2606For fun sm4sh\n|c|\u2606Jaime Francias|gg\n","uploadtime":1700484117,"views":4,"p1id":"forfunsm4sh","p2id":"jaimefrancias","formatid":"gen9ou","rating":1262,"private":0,"password":""}