{"id":"gen9ou-1988527878","p1":"octavalshark696","p2":"anuarw","format":"[Gen 9] OU","log":"|j|\u2606octavalshark696\n|j|\u2606anuarw\n|t:|1699732565\n|gametype|singles\n|player|p1|octavalshark696|169|1113\n|player|p2|anuarw|169|1106\n|teamsize|p1|6\n|teamsize|p2|6\n|gen|9\n|tier|[Gen 9] OU\n|rated|\n|rule|Sleep Clause Mod: Limit one foe put to sleep\n|rule|Species Clause: Limit one of each Pok\u00e9mon\n|rule|OHKO Clause: OHKO moves are banned\n|rule|Evasion Items Clause: Evasion items are banned\n|rule|Evasion Moves Clause: Evasion moves are banned\n|rule|Endless Battle Clause: Forcing endless battles is banned\n|rule|HP Percentage Mod: HP is shown in percentages\n|clearpoke\n|poke|p1|Kingambit, F|\n|poke|p1|Thundurus-Therian, M|\n|poke|p1|Cloyster, M|\n|poke|p1|Kommo-o, F|\n|poke|p1|Dragonite, F|\n|poke|p1|Ribombee, M|\n|poke|p2|Walking Wake|\n|poke|p2|Maushold-Four|\n|poke|p2|Dragonite, M|\n|poke|p2|Weezing-Galar, F|\n|poke|p2|Great Tusk|\n|poke|p2|Muk-Alola, F|\n|teampreview\n|inactive|Battle timer is ON: inactive players will automatically lose when time's up. (requested by anuarw)\n|\n|t:|1699732586\n|start\n|switch|p1a: Ribombee|Ribombee, M|100\/100\n|switch|p2a: Walking Wake|Walking Wake|100\/100\n|turn|1\n|\n|t:|1699732593\n|move|p2a: Walking Wake|Flamethrower|p1a: Ribombee\n|-supereffective|p1a: Ribombee\n|-enditem|p1a: Ribombee|Focus Sash\n|-damage|p1a: Ribombee|1\/100\n|move|p1a: Ribombee|Sticky Web|p2a: Walking Wake\n|-sidestart|p2: anuarw|move: Sticky Web\n|\n|upkeep\n|turn|2\n|\n|t:|1699732600\n|move|p2a: Walking Wake|Flamethrower|p1a: Ribombee\n|-supereffective|p1a: Ribombee\n|-damage|p1a: Ribombee|0 fnt\n|faint|p1a: Ribombee\n|\n|upkeep\n|\n|t:|1699732608\n|switch|p1a: Dragonite|Dragonite, F|100\/100\n|turn|3\n|\n|t:|1699732615\n|-end|p2a: Walking Wake|Protosynthesis|[silent]\n|switch|p2a: Dragonite|Dragonite, M|100\/100\n|move|p1a: Dragonite|Dragon Dance|p1a: Dragonite\n|-boost|p1a: Dragonite|atk|1\n|-boost|p1a: Dragonite|spe|1\n|\n|upkeep\n|turn|4\n|\n|t:|1699732622\n|move|p1a: Dragonite|Dragon Dance|p1a: Dragonite\n|-boost|p1a: Dragonite|atk|1\n|-boost|p1a: Dragonite|spe|1\n|move|p2a: Dragonite|Outrage|p1a: Dragonite\n|-supereffective|p1a: Dragonite\n|-damage|p1a: Dragonite|0 fnt\n|faint|p1a: Dragonite\n|\n|upkeep\n|\n|t:|1699732640\n|switch|p1a: Kingambit|Kingambit, F|100\/100\n|-activate|p1a: Kingambit|ability: Supreme Overlord\n|-start|p1a: Kingambit|fallen2|[silent]\n|turn|5\n|\n|t:|1699732643\n|move|p2a: Dragonite|Outrage|p1a: Kingambit|[from]lockedmove\n|-resisted|p1a: Kingambit\n|-damage|p1a: Kingambit|61\/100\n|-start|p2a: Dragonite|confusion|[fatigue]\n|move|p1a: Kingambit|Swords Dance|p1a: Kingambit\n|-boost|p1a: Kingambit|atk|2\n|\n|upkeep\n|turn|6\n|\n|t:|1699732655\n|switch|p2a: Maushold|Maushold-Four|100\/100\n|-activate|p2a: Maushold|move: Sticky Web\n|-unboost|p2a: Maushold|spe|1\n|move|p1a: Kingambit|Swords Dance|p1a: Kingambit\n|-boost|p1a: Kingambit|atk|2\n|\n|upkeep\n|turn|7\n|\n|t:|1699732663\n|move|p1a: Kingambit|Sucker Punch||[still]\n|-fail|p1a: Kingambit\n|move|p2a: Maushold|Encore|p1a: Kingambit\n|-start|p1a: Kingambit|Encore\n|\n|upkeep\n|turn|8\n|\n|t:|1699732667\n|move|p1a: Kingambit|Sucker Punch||[still]\n|-fail|p1a: Kingambit\n|move|p2a: Maushold|Tidy Up|p2a: Maushold\n|-sideend|p2: anuarw|Sticky Web\n|-activate|p2a: Maushold|move: Tidy Up\n|-boost|p2a: Maushold|atk|1\n|-boost|p2a: Maushold|spe|1\n|\n|upkeep\n|turn|9\n|\n|t:|1699732671\n|move|p1a: Kingambit|Sucker Punch||[still]\n|-fail|p1a: Kingambit\n|move|p2a: Maushold|Tidy Up|p2a: Maushold\n|-boost|p2a: Maushold|atk|1\n|-boost|p2a: Maushold|spe|1\n|\n|upkeep\n|turn|10\n|\n|t:|1699732675\n|move|p1a: Kingambit|Sucker Punch||[still]\n|-fail|p1a: Kingambit\n|move|p2a: Maushold|Tidy Up|p2a: Maushold\n|-boost|p2a: Maushold|atk|1\n|-boost|p2a: Maushold|spe|1\n|\n|-end|p1a: Kingambit|Encore\n|upkeep\n|turn|11\n|\n|t:|1699732679\n|move|p1a: Kingambit|Sucker Punch||[still]\n|-fail|p1a: Kingambit\n|move|p2a: Maushold|Encore|p1a: Kingambit\n|-start|p1a: Kingambit|Encore\n|\n|upkeep\n|turn|12\n|\n|t:|1699732685\n|move|p1a: Kingambit|Sucker Punch||[still]\n|-fail|p1a: Kingambit\n|move|p2a: Maushold|Tidy Up|p2a: Maushold\n|-boost|p2a: Maushold|atk|1\n|-boost|p2a: Maushold|spe|1\n|\n|upkeep\n|turn|13\n|\n|t:|1699732690\n|move|p1a: Kingambit|Sucker Punch||[still]\n|-fail|p1a: Kingambit\n|move|p2a: Maushold|Tidy Up|p2a: Maushold\n|-boost|p2a: Maushold|atk|1\n|-boost|p2a: Maushold|spe|1\n|\n|upkeep\n|turn|14\n|\n|t:|1699732695\n|move|p1a: Kingambit|Sucker Punch||[still]\n|-fail|p1a: Kingambit\n|move|p2a: Maushold|Tidy Up|p2a: Maushold\n|-boost|p2a: Maushold|atk|1\n|-boost|p2a: Maushold|spe|1\n|\n|-end|p1a: Kingambit|Encore\n|upkeep\n|turn|15\n|\n|t:|1699732701\n|move|p2a: Maushold|Population Bomb|p1a: Kingambit\n|-resisted|p1a: Kingambit\n|-damage|p1a: Kingambit|46\/100\n|-resisted|p1a: Kingambit\n|-damage|p1a: Kingambit|32\/100\n|-resisted|p1a: Kingambit\n|-damage|p1a: Kingambit|16\/100\n|-resisted|p1a: Kingambit\n|-damage|p1a: Kingambit|1\/100\n|-resisted|p1a: Kingambit\n|-damage|p1a: Kingambit|0 fnt\n|faint|p1a: Kingambit\n|-end|p1a: Kingambit|fallen2|[silent]\n|-hitcount|p1: Kingambit|5\n|\n|upkeep\n|n|!octavalshark696|octavalshark696\n|-message|octavalshark696 forfeited.\n|\n|win|anuarw\n|raw|octavalshark696's rating: 1113 &rarr; <strong>1087<\/strong><br \/>(-26 for losing)\n|raw|anuarw's rating: 1106 &rarr; <strong>1132<\/strong><br \/>(+26 for winning)\n","uploadtime":1699732719,"views":11,"p1id":"octavalshark696","p2id":"anuarw","formatid":"gen9ou","rating":1087,"private":0,"password":""}