{"id":"gen9ou-1988313671","p1":"bulut","p2":"XerKalm","format":"[Gen 9] OU","log":"|j|\u2606bulut\n|j|\u2606XerKalm\n|t:|1699706873\n|gametype|singles\n|player|p1|bulut|102|1719\n|player|p2|XerKalm|101|1720\n|teamsize|p1|6\n|teamsize|p2|6\n|gen|9\n|tier|[Gen 9] OU\n|rated|\n|rule|Sleep Clause Mod: Limit one foe put to sleep\n|rule|Species Clause: Limit one of each Pok\u00e9mon\n|rule|OHKO Clause: OHKO moves are banned\n|rule|Evasion Items Clause: Evasion items are banned\n|rule|Evasion Moves Clause: Evasion moves are banned\n|rule|Endless Battle Clause: Forcing endless battles is banned\n|rule|HP Percentage Mod: HP is shown in percentages\n|clearpoke\n|poke|p1|Dragapult, M|\n|poke|p1|Slowking-Galar, F|\n|poke|p1|Cinderace, F|\n|poke|p1|Great Tusk|\n|poke|p1|Ting-Lu|\n|poke|p1|Enamorus, F|\n|poke|p2|Indeedee, M|\n|poke|p2|Hatterene, F|\n|poke|p2|Polteageist|\n|poke|p2|Armarouge, F|\n|poke|p2|Cinderace, F|\n|poke|p2|Sneasler, F|\n|teampreview\n|\n|t:|1699706883\n|start\n|switch|p1a: Dragapult|Dragapult, M|100\/100\n|switch|p2a: Indeedee|Indeedee, M|100\/100\n|-fieldstart|move: Psychic Terrain|[from] ability: Psychic Surge|[of] p2a: Indeedee\n|turn|1\n|\n|t:|1699706892\n|switch|p2a: Hatterene|Hatterene, F|100\/100\n|-terastallize|p1a: Dragapult|Ghost\n|move|p1a: Dragapult|Tera Blast|p2a: Hatterene|[anim] Tera Blast Ghost\n|-supereffective|p2a: Hatterene\n|-damage|p2a: Hatterene|0 fnt\n|faint|p2a: Hatterene\n|\n|upkeep\n|\n|t:|1699706898\n|switch|p2a: Sneasler|Sneasler, F|100\/100\n|turn|2\n|\n|t:|1699706900\n|move|p1a: Dragapult|Tera Blast|p2a: Sneasler|[anim] Tera Blast Ghost\n|-enditem|p2a: Sneasler|Focus Sash\n|-damage|p2a: Sneasler|1\/100\n|move|p2a: Sneasler|Swords Dance|p2a: Sneasler\n|-boost|p2a: Sneasler|atk|2\n|\n|upkeep\n|turn|3\n|\n|t:|1699706906\n|switch|p1a: Great Tusk|Great Tusk|100\/100\n|move|p2a: Sneasler|Shadow Claw|p1a: Great Tusk\n|-damage|p1a: Great Tusk|76\/100\n|-damage|p2a: Sneasler|0 fnt|[from] item: Rocky Helmet|[of] p1a: Great Tusk\n|faint|p2a: Sneasler\n|\n|upkeep\n|\n|t:|1699706910\n|switch|p2a: Armarouge|Armarouge, F|100\/100\n|turn|4\n|\n|t:|1699706914\n|-end|p1a: Great Tusk|Protosynthesis|[silent]\n|switch|p1a: Slowking|Slowking-Galar, F|100\/100\n|move|p2a: Armarouge|Armor Cannon|p1a: Slowking\n|-damage|p1a: Slowking|59\/100\n|-unboost|p2a: Armarouge|def|1\n|-unboost|p2a: Armarouge|spd|1\n|\n|upkeep\n|turn|5\n|\n|t:|1699706918\n|move|p2a: Armarouge|Armor Cannon|p1a: Slowking\n|-damage|p1a: Slowking|22\/100\n|-unboost|p2a: Armarouge|def|1\n|-unboost|p2a: Armarouge|spd|1\n|move|p1a: Slowking|Chilly Reception|p1a: Slowking\n|-weather|Snow\n|\n|t:|1699706920\n|switch|p1a: Dragapult|Dragapult, M, tera:Ghost|100\/100|[from] Chilly Reception\n|\n|-weather|Snow|[upkeep]\n|upkeep\n|turn|6\n|\n|t:|1699706924\n|move|p1a: Dragapult|Dragon Darts|p2a: Armarouge\n|-damage|p2a: Armarouge|19\/100\n|-ability|p2a: Armarouge|Weak Armor|boost\n|-unboost|p2a: Armarouge|def|1\n|-boost|p2a: Armarouge|spe|2\n|-anim|p1a: Dragapult|Dragon Darts|p2a: Armarouge\n|-damage|p2a: Armarouge|0 fnt\n|faint|p2a: Armarouge\n|\n|-weather|Snow|[upkeep]\n|upkeep\n|\n|t:|1699706938\n|switch|p2a: Cinderace|Cinderace, F|100\/100\n|turn|7\n|\n|t:|1699706940\n|move|p2a: Cinderace|Pyro Ball|p1a: Dragapult\n|-damage|p1a: Dragapult|22\/100\n|move|p1a: Dragapult|Dragon Darts|p2a: Cinderace\n|-damage|p2a: Cinderace|46\/100\n|-anim|p1a: Dragapult|Dragon Darts|p2a: Cinderace\n|-damage|p2a: Cinderace|0 fnt\n|faint|p2a: Cinderace\n|\n|-weather|Snow|[upkeep]\n|upkeep\n|\n|t:|1699706947\n|switch|p2a: Indeedee|Indeedee, M|100\/100\n|turn|8\n|\n|t:|1699706950\n|move|p1a: Dragapult|Dragon Darts|p2a: Indeedee\n|-damage|p2a: Indeedee|19\/100\n|-anim|p1a: Dragapult|Dragon Darts|p2a: Indeedee\n|-damage|p2a: Indeedee|0 fnt\n|faint|p2a: Indeedee\n|\n|-weather|Snow|[upkeep]\n|-fieldend|move: Psychic Terrain\n|upkeep\n|-message|XerKalm forfeited.\n|\n|win|bulut\n|raw|bulut's rating: 1719 &rarr; <strong>1739<\/strong><br \/>(+20 for winning)\n|raw|XerKalm's rating: 1720 &rarr; <strong>1700<\/strong><br \/>(-20 for losing)\n","uploadtime":1699706959,"views":30,"p1id":"bulut","p2id":"xerkalm","formatid":"gen9ou","rating":1700,"private":0,"password":""}