{"id":"gen9ou-1994156458","p1":"outdated ahh team","p2":"tua94892","format":"[Gen 9] OU","log":"|j|\u2606outdated ahh team\n|j|\u2606tua94892\n|t:|1700413427\n|gametype|singles\n|player|p1|outdated ahh team|bruno-gen2|1508\n|player|p2|tua94892|2|1517\n|teamsize|p1|6\n|teamsize|p2|6\n|gen|9\n|tier|[Gen 9] OU\n|rated|\n|rule|Sleep Clause Mod: Limit one foe put to sleep\n|rule|Species Clause: Limit one of each Pok\u00e9mon\n|rule|OHKO Clause: OHKO moves are banned\n|rule|Evasion Items Clause: Evasion items are banned\n|rule|Evasion Moves Clause: Evasion moves are banned\n|rule|Endless Battle Clause: Forcing endless battles is banned\n|rule|HP Percentage Mod: HP is shown in percentages\n|clearpoke\n|poke|p1|Sinistcha-Masterpiece|\n|poke|p1|Rillaboom, M|\n|poke|p1|Tyranitar, M|\n|poke|p1|Heatran, M|\n|poke|p1|Gholdengo|\n|poke|p1|Muk-Alola, F|\n|poke|p2|Rillaboom, F|\n|poke|p2|Salamence, F|\n|poke|p2|Ursaluna, F|\n|poke|p2|Samurott-Hisui, F|\n|poke|p2|Gholdengo|\n|poke|p2|Noivern, F|\n|teampreview\n|inactive|Battle timer is ON: inactive players will automatically lose when time's up. (requested by outdated ahh team)\n|\n|t:|1700413447\n|start\n|switch|p1a: Zeke \ud83e\udd8d|Rillaboom, M|100\/100\n|switch|p2a: Samurott|Samurott-Hisui, F|100\/100\n|-fieldstart|move: Grassy Terrain|[from] ability: Grassy Surge|[of] p1a: Zeke \ud83e\udd8d\n|turn|1\n|\n|t:|1700413453\n|switch|p2a: Salamence|Salamence, F|100\/100\n|-ability|p2a: Salamence|Intimidate|boost\n|-unboost|p1a: Zeke \ud83e\udd8d|atk|1\n|move|p1a: Zeke \ud83e\udd8d|Grassy Glide|p2a: Salamence\n|-resisted|p2a: Salamence\n|-damage|p2a: Salamence|93\/100\n|-damage|p1a: Zeke \ud83e\udd8d|84\/100|[from] item: Rocky Helmet|[of] p2a: Salamence\n|\n|-heal|p1a: Zeke \ud83e\udd8d|90\/100|[from] Grassy Terrain\n|upkeep\n|turn|2\n|\n|t:|1700413464\n|switch|p1a: Magellan \u2623\ufe0f|Muk-Alola, F|100\/100\n|move|p2a: Salamence|Hurricane|p1a: Magellan \u2623\ufe0f\n|-damage|p1a: Magellan \u2623\ufe0f|78\/100\n|\n|-heal|p1a: Magellan \u2623\ufe0f|84\/100|[from] Grassy Terrain\n|-heal|p1a: Magellan \u2623\ufe0f|91\/100|[from] item: Leftovers\n|upkeep\n|turn|3\n|\n|t:|1700413475\n|switch|p2a: Samurott|Samurott-Hisui, F|100\/100\n|move|p1a: Magellan \u2623\ufe0f|Knock Off|p2a: Samurott\n|-resisted|p2a: Samurott\n|-damage|p2a: Samurott|77\/100\n|-enditem|p2a: Samurott|Focus Sash|[from] move: Knock Off|[of] p1a: Magellan \u2623\ufe0f\n|\n|-heal|p2a: Samurott|84\/100|[from] Grassy Terrain\n|-heal|p1a: Magellan \u2623\ufe0f|97\/100|[from] Grassy Terrain\n|-heal|p1a: Magellan \u2623\ufe0f|100\/100|[from] item: Leftovers\n|upkeep\n|turn|4\n|\n|t:|1700413491\n|move|p2a: Samurott|Ceaseless Edge|p1a: Magellan \u2623\ufe0f\n|-resisted|p1a: Magellan \u2623\ufe0f\n|-damage|p1a: Magellan \u2623\ufe0f|79\/100\n|-sidestart|p1: outdated ahh team|Spikes\n|move|p1a: Magellan \u2623\ufe0f|Drain Punch|p2a: Samurott\n|-supereffective|p2a: Samurott\n|-damage|p2a: Samurott|41\/100\n|-heal|p1a: Magellan \u2623\ufe0f|96\/100|[from] drain|[of] p2a: Samurott\n|-status|p2a: Samurott|psn|[from] ability: Poison Touch|[of] p1a: Magellan \u2623\ufe0f\n|\n|-heal|p2a: Samurott|48\/100 psn|[from] Grassy Terrain\n|-heal|p1a: Magellan \u2623\ufe0f|100\/100|[from] Grassy Terrain\n|-damage|p2a: Samurott|35\/100 psn|[from] psn\n|upkeep\n|turn|5\n|\n|t:|1700413503\n|move|p2a: Samurott|Razor Shell|p1a: Magellan \u2623\ufe0f\n|-damage|p1a: Magellan \u2623\ufe0f|46\/100\n|move|p1a: Magellan \u2623\ufe0f|Drain Punch|p2a: Samurott\n|-supereffective|p2a: Samurott\n|-damage|p2a: Samurott|0 fnt\n|-heal|p1a: Magellan \u2623\ufe0f|60\/100|[from] drain|[of] p2a: Samurott\n|faint|p2a: Samurott\n|\n|-heal|p1a: Magellan \u2623\ufe0f|66\/100|[from] Grassy Terrain\n|-heal|p1a: Magellan \u2623\ufe0f|72\/100|[from] item: Leftovers\n|-fieldend|move: Grassy Terrain\n|upkeep\n|\n|t:|1700413521\n|switch|p2a: Salamence|Salamence, F|93\/100\n|-ability|p2a: Salamence|Intimidate|boost\n|-unboost|p1a: Magellan \u2623\ufe0f|atk|1\n|turn|6\n|\n|t:|1700413525\n|move|p1a: Magellan \u2623\ufe0f|Protect|p1a: Magellan \u2623\ufe0f\n|-singleturn|p1a: Magellan \u2623\ufe0f|Protect\n|move|p2a: Salamence|Earthquake|p1a: Magellan \u2623\ufe0f\n|-activate|p1a: Magellan \u2623\ufe0f|move: Protect\n|\n|-heal|p1a: Magellan \u2623\ufe0f|78\/100|[from] item: Leftovers\n|upkeep\n|turn|7\n|\n|t:|1700413552\n|switch|p1a: Zeke \ud83e\udd8d|Rillaboom, M|90\/100\n|-damage|p1a: Zeke \ud83e\udd8d|78\/100|[from] Spikes\n|-fieldstart|move: Grassy Terrain|[from] ability: Grassy Surge|[of] p1a: Zeke \ud83e\udd8d\n|move|p2a: Salamence|Dragon Tail|p1a: Zeke \ud83e\udd8d\n|-damage|p1a: Zeke \ud83e\udd8d|51\/100\n|drag|p1a: Akainu \ud83c\udf0b|Heatran, M|100\/100\n|-item|p1a: Akainu \ud83c\udf0b|Air Balloon\n|\n|upkeep\n|turn|8\n|\n|t:|1700413562\n|move|p1a: Akainu \ud83c\udf0b|Stealth Rock|p2a: Salamence\n|-sidestart|p2: tua94892|move: Stealth Rock\n|move|p2a: Salamence|Dragon Tail|p1a: Akainu \ud83c\udf0b\n|-resisted|p1a: Akainu \ud83c\udf0b\n|-damage|p1a: Akainu \ud83c\udf0b|87\/100\n|-status|p2a: Salamence|brn|[from] ability: Flame Body|[of] p1a: Akainu \ud83c\udf0b\n|-enditem|p1a: Akainu \ud83c\udf0b|Air Balloon\n|drag|p1a: TracyMinaj \ud83d\udcb0|Gholdengo|100\/100\n|-damage|p1a: TracyMinaj \ud83d\udcb0|88\/100|[from] Spikes\n|\n|-heal|p1a: TracyMinaj \ud83d\udcb0|94\/100|[from] Grassy Terrain\n|-damage|p2a: Salamence|86\/100 brn|[from] brn\n|upkeep\n|turn|9\n|\n|t:|1700413575\n|switch|p2a: Ursaluna|Ursaluna, F|100\/100\n|-damage|p2a: Ursaluna|94\/100|[from] Stealth Rock\n|move|p1a: TracyMinaj \ud83d\udcb0|Make It Rain|p2a: Ursaluna\n|-damage|p2a: Ursaluna|56\/100\n|-unboost|p1a: TracyMinaj \ud83d\udcb0|spa|1\n|\n|-heal|p1a: TracyMinaj \ud83d\udcb0|99\/100|[from] Grassy Terrain\n|-heal|p2a: Ursaluna|62\/100|[from] Grassy Terrain\n|-heal|p2a: Ursaluna|68\/100|[from] item: Leftovers\n|upkeep\n|turn|10\n|\n|t:|1700413589\n|switch|p1a: Cosmo \ud83c\udf75|Sinistcha-Masterpiece|100\/100\n|move|p2a: Ursaluna|Protect||[still]\n|-fail|p2a: Ursaluna\n|\n|-heal|p2a: Ursaluna|75\/100|[from] Grassy Terrain\n|-heal|p2a: Ursaluna|81\/100|[from] item: Leftovers\n|upkeep\n|turn|11\n|\n|t:|1700413603\n|switch|p2a: Noivern|Noivern, F|100\/100\n|-damage|p2a: Noivern|76\/100|[from] Stealth Rock\n|move|p1a: Cosmo \ud83c\udf75|Matcha Gotcha|p2a: Noivern\n|-resisted|p2a: Noivern\n|-damage|p2a: Noivern|63\/100\n|\n|-fieldend|move: Grassy Terrain\n|upkeep\n|turn|12\n|\n|t:|1700413612\n|switch|p1a: Magellan \u2623\ufe0f|Muk-Alola, F|78\/100\n|-damage|p1a: Magellan \u2623\ufe0f|66\/100|[from] Spikes\n|move|p2a: Noivern|Switcheroo|p1a: Magellan \u2623\ufe0f\n|-activate|p2a: Noivern|move: Trick|[of] p1a: Magellan \u2623\ufe0f\n|-item|p1a: Magellan \u2623\ufe0f|Choice Scarf|[from] move: Switcheroo\n|-item|p2a: Noivern|Leftovers|[from] move: Switcheroo\n|\n|-heal|p2a: Noivern|69\/100|[from] item: Leftovers\n|upkeep\n|turn|13\n|\n|t:|1700413627\n|move|p2a: Noivern|Defog|p1a: Magellan \u2623\ufe0f\n|-unboost|p1a: Magellan \u2623\ufe0f|evasion|1\n|-sideend|p1: outdated ahh team|Spikes|[from] move: Defog|[of] p2a: Noivern\n|-sideend|p2: tua94892|Stealth Rock|[from] move: Defog|[of] p2a: Noivern\n|move|p1a: Magellan \u2623\ufe0f|Knock Off|p2a: Noivern\n|-damage|p2a: Noivern|27\/100\n|-enditem|p2a: Noivern|Leftovers|[from] move: Knock Off|[of] p1a: Magellan \u2623\ufe0f\n|\n|upkeep\n|turn|14\n|\n|t:|1700413643\n|switch|p2a: Salamence|Salamence, F|86\/100 brn\n|-ability|p2a: Salamence|Intimidate|boost\n|-unboost|p1a: Magellan \u2623\ufe0f|atk|1\n|move|p1a: Magellan \u2623\ufe0f|Knock Off|p2a: Salamence\n|-damage|p2a: Salamence|69\/100 brn\n|-damage|p1a: Magellan \u2623\ufe0f|49\/100|[from] item: Rocky Helmet|[of] p2a: Salamence\n|-enditem|p2a: Salamence|Rocky Helmet|[from] move: Knock Off|[of] p1a: Magellan \u2623\ufe0f\n|\n|-damage|p2a: Salamence|63\/100 brn|[from] brn\n|upkeep\n|turn|15\n|\n|t:|1700413662\n|switch|p1a: Zeke \ud83e\udd8d|Rillaboom, M|51\/100\n|-fieldstart|move: Grassy Terrain|[from] ability: Grassy Surge|[of] p1a: Zeke \ud83e\udd8d\n|move|p2a: Salamence|Hurricane|p1a: Zeke \ud83e\udd8d\n|-supereffective|p1a: Zeke \ud83e\udd8d\n|-damage|p1a: Zeke \ud83e\udd8d|0 fnt\n|faint|p1a: Zeke \ud83e\udd8d\n|\n|-damage|p2a: Salamence|57\/100 brn|[from] brn\n|upkeep\n|\n|t:|1700413672\n|switch|p1a: Reiner \ud83d\uddff|Tyranitar, M|100\/100\n|-weather|Sandstorm|[from] ability: Sand Stream|[of] p1a: Reiner \ud83d\uddff\n|turn|16\n|\n|t:|1700413685\n|switch|p2a: Noivern|Noivern, F|27\/100\n|move|p1a: Reiner \ud83d\uddff|Ice Beam|p2a: Noivern\n|-supereffective|p2a: Noivern\n|-damage|p2a: Noivern|0 fnt\n|faint|p2a: Noivern\n|\n|-weather|Sandstorm|[upkeep]\n|upkeep\n|\n|t:|1700413692\n|switch|p2a: Rillaboom|Rillaboom, F|100\/100\n|turn|17\n|\n|t:|1700413696\n|-terastallize|p1a: Reiner \ud83d\uddff|Flying\n|move|p2a: Rillaboom|U-turn|p1a: Reiner \ud83d\uddff\n|-resisted|p1a: Reiner \ud83d\uddff\n|-damage|p1a: Reiner \ud83d\uddff|90\/100\n|\n|t:|1700413700\n|switch|p2a: Salamence|Salamence, F|57\/100 brn|[from] U-turn\n|-ability|p2a: Salamence|Intimidate|boost\n|-unboost|p1a: Reiner \ud83d\uddff|atk|1\n|move|p1a: Reiner \ud83d\uddff|Ice Beam|p2a: Salamence\n|-supereffective|p2a: Salamence\n|-damage|p2a: Salamence|0 fnt\n|faint|p2a: Salamence\n|\n|-weather|Sandstorm|[upkeep]\n|-damage|p1a: Reiner \ud83d\uddff|84\/100|[from] Sandstorm\n|upkeep\n|\n|t:|1700413711\n|switch|p2a: Ursaluna|Ursaluna, F|81\/100\n|turn|18\n|\n|t:|1700413723\n|switch|p1a: Cosmo \ud83c\udf75|Sinistcha-Masterpiece|100\/100\n|move|p2a: Ursaluna|Protect||[still]\n|-fail|p2a: Ursaluna\n|\n|-weather|Sandstorm|[upkeep]\n|-damage|p1a: Cosmo \ud83c\udf75|94\/100|[from] Sandstorm\n|-heal|p1a: Cosmo \ud83c\udf75|100\/100|[from] Grassy Terrain\n|-heal|p2a: Ursaluna|87\/100|[from] Grassy Terrain\n|-heal|p2a: Ursaluna|93\/100|[from] item: Leftovers\n|upkeep\n|turn|19\n|\n|t:|1700413733\n|move|p1a: Cosmo \ud83c\udf75|Matcha Gotcha|p2a: Ursaluna\n|-supereffective|p2a: Ursaluna\n|-damage|p2a: Ursaluna|41\/100\n|move|p2a: Ursaluna|Bulk Up|p2a: Ursaluna\n|-boost|p2a: Ursaluna|atk|1\n|-boost|p2a: Ursaluna|def|1\n|\n|-weather|Sandstorm|[upkeep]\n|-damage|p1a: Cosmo \ud83c\udf75|94\/100|[from] Sandstorm\n|-heal|p1a: Cosmo \ud83c\udf75|100\/100|[from] Grassy Terrain\n|-heal|p2a: Ursaluna|47\/100|[from] Grassy Terrain\n|-heal|p2a: Ursaluna|54\/100|[from] item: Leftovers\n|-fieldend|move: Grassy Terrain\n|upkeep\n|turn|20\n|\n|t:|1700413746\n|move|p2a: Ursaluna|Protect|p2a: Ursaluna\n|-singleturn|p2a: Ursaluna|Protect\n|move|p1a: Cosmo \ud83c\udf75|Strength Sap|p2a: Ursaluna\n|-activate|p2a: Ursaluna|move: Protect\n|\n|-weather|none\n|-heal|p2a: Ursaluna|60\/100|[from] item: Leftovers\n|upkeep\n|turn|21\n|\n|t:|1700413757\n|move|p1a: Cosmo \ud83c\udf75|Matcha Gotcha|p2a: Ursaluna\n|-supereffective|p2a: Ursaluna\n|-damage|p2a: Ursaluna|23\/100\n|move|p2a: Ursaluna|Ice Punch|p1a: Cosmo \ud83c\udf75\n|-supereffective|p1a: Cosmo \ud83c\udf75\n|-damage|p1a: Cosmo \ud83c\udf75|56\/100\n|\n|-heal|p2a: Ursaluna|30\/100|[from] item: Leftovers\n|upkeep\n|turn|22\n|\n|t:|1700413772\n|move|p2a: Ursaluna|Protect|p2a: Ursaluna\n|-singleturn|p2a: Ursaluna|Protect\n|move|p1a: Cosmo \ud83c\udf75|Calm Mind|p1a: Cosmo \ud83c\udf75\n|-boost|p1a: Cosmo \ud83c\udf75|spa|1\n|-boost|p1a: Cosmo \ud83c\udf75|spd|1\n|\n|-heal|p2a: Ursaluna|36\/100|[from] item: Leftovers\n|upkeep\n|turn|23\n|\n|t:|1700413782\n|switch|p2a: Rillaboom|Rillaboom, F|100\/100\n|-fieldstart|move: Grassy Terrain|[from] ability: Grassy Surge|[of] p2a: Rillaboom\n|move|p1a: Cosmo \ud83c\udf75|Matcha Gotcha|p2a: Rillaboom|[miss]\n|-miss|p1a: Cosmo \ud83c\udf75|p2a: Rillaboom\n|\n|-heal|p1a: Cosmo \ud83c\udf75|62\/100|[from] Grassy Terrain\n|upkeep\n|turn|24\n|\n|t:|1700413794\n|move|p2a: Rillaboom|Knock Off|p1a: Cosmo \ud83c\udf75\n|-supereffective|p1a: Cosmo \ud83c\udf75\n|-damage|p1a: Cosmo \ud83c\udf75|15\/100\n|-enditem|p1a: Cosmo \ud83c\udf75|Heavy-Duty Boots|[from] move: Knock Off|[of] p2a: Rillaboom\n|move|p1a: Cosmo \ud83c\udf75|Strength Sap|p2a: Rillaboom\n|-unboost|p2a: Rillaboom|atk|1\n|-heal|p1a: Cosmo \ud83c\udf75|100\/100\n|\n|upkeep\n|turn|25\n|\n|t:|1700413802\n|move|p2a: Rillaboom|U-turn|p1a: Cosmo \ud83c\udf75\n|-crit|p1a: Cosmo \ud83c\udf75\n|-damage|p1a: Cosmo \ud83c\udf75|74\/100\n|\n|t:|1700413804\n|switch|p2a: Gholdengo|Gholdengo|100\/100|[from] U-turn\n|move|p1a: Cosmo \ud83c\udf75|Matcha Gotcha|p2a: Gholdengo|[miss]\n|-miss|p1a: Cosmo \ud83c\udf75|p2a: Gholdengo\n|\n|-heal|p1a: Cosmo \ud83c\udf75|80\/100|[from] Grassy Terrain\n|upkeep\n|turn|26\n|\n|t:|1700413813\n|switch|p1a: Magellan \u2623\ufe0f|Muk-Alola, F|49\/100\n|-terastallize|p2a: Gholdengo|Flying\n|move|p2a: Gholdengo|Nasty Plot|p2a: Gholdengo\n|-boost|p2a: Gholdengo|spa|2\n|\n|-heal|p1a: Magellan \u2623\ufe0f|55\/100|[from] Grassy Terrain\n|upkeep\n|turn|27\n|\n|t:|1700413821\n|move|p2a: Gholdengo|Make It Rain|p1a: Magellan \u2623\ufe0f\n|-damage|p1a: Magellan \u2623\ufe0f|0 fnt\n|-unboost|p2a: Gholdengo|spa|1\n|faint|p1a: Magellan \u2623\ufe0f\n|\n|-fieldend|move: Grassy Terrain\n|upkeep\n|\n|t:|1700413832\n|switch|p1a: TracyMinaj \ud83d\udcb0|Gholdengo|99\/100\n|turn|28\n|\n|t:|1700413836\n|move|p1a: TracyMinaj \ud83d\udcb0|Make It Rain|p2a: Gholdengo\n|-damage|p2a: Gholdengo|40\/100\n|-unboost|p1a: TracyMinaj \ud83d\udcb0|spa|1\n|move|p2a: Gholdengo|Shadow Ball|p1a: TracyMinaj \ud83d\udcb0\n|-supereffective|p1a: TracyMinaj \ud83d\udcb0\n|-damage|p1a: TracyMinaj \ud83d\udcb0|0 fnt\n|faint|p1a: TracyMinaj \ud83d\udcb0\n|\n|-heal|p2a: Gholdengo|46\/100|[from] item: Leftovers\n|upkeep\n|\n|t:|1700413843\n|switch|p1a: Akainu \ud83c\udf0b|Heatran, M|87\/100\n|turn|29\n|\n|t:|1700413851\n|switch|p2a: Ursaluna|Ursaluna, F|36\/100\n|move|p1a: Akainu \ud83c\udf0b|Magma Storm|p2a: Ursaluna\n|-damage|p2a: Ursaluna|4\/100\n|-activate|p2a: Ursaluna|move: Magma Storm|[of] p1a: Akainu \ud83c\udf0b\n|\n|-heal|p2a: Ursaluna|10\/100|[from] item: Leftovers\n|-damage|p2a: Ursaluna|0 fnt|[from] move: Magma Storm|[partiallytrapped]\n|faint|p2a: Ursaluna\n|upkeep\n|\n|t:|1700413860\n|switch|p2a: Rillaboom|Rillaboom, F|100\/100\n|-fieldstart|move: Grassy Terrain|[from] ability: Grassy Surge|[of] p2a: Rillaboom\n|turn|30\n|\n|t:|1700413874\n|move|p1a: Akainu \ud83c\udf0b|Magma Storm|p2a: Rillaboom|[miss]\n|-miss|p1a: Akainu \ud83c\udf0b|p2a: Rillaboom\n|move|p2a: Rillaboom|Knock Off|p1a: Akainu \ud83c\udf0b\n|-damage|p1a: Akainu \ud83c\udf0b|63\/100\n|\n|-heal|p1a: Akainu \ud83c\udf0b|69\/100|[from] Grassy Terrain\n|upkeep\n|turn|31\n|\n|t:|1700413881\n|move|p1a: Akainu \ud83c\udf0b|Stealth Rock|p2a: Rillaboom\n|-sidestart|p2: tua94892|move: Stealth Rock\n|move|p2a: Rillaboom|Drain Punch|p1a: Akainu \ud83c\udf0b\n|-supereffective|p1a: Akainu \ud83c\udf0b\n|-damage|p1a: Akainu \ud83c\udf0b|8\/100\n|-status|p2a: Rillaboom|brn|[from] ability: Flame Body|[of] p1a: Akainu \ud83c\udf0b\n|\n|-heal|p1a: Akainu \ud83c\udf0b|14\/100|[from] Grassy Terrain\n|-damage|p2a: Rillaboom|94\/100 brn|[from] brn\n|upkeep\n|turn|32\n|\n|t:|1700413895\n|move|p1a: Akainu \ud83c\udf0b|Magma Storm|p2a: Rillaboom\n|-supereffective|p2a: Rillaboom\n|-crit|p2a: Rillaboom\n|-damage|p2a: Rillaboom|0 fnt\n|faint|p2a: Rillaboom\n|\n|-heal|p1a: Akainu \ud83c\udf0b|20\/100|[from] Grassy Terrain\n|upkeep\n|\n|t:|1700413901\n|switch|p2a: Gholdengo|Gholdengo, tera:Flying|46\/100\n|-damage|p2a: Gholdengo|21\/100|[from] Stealth Rock\n|turn|33\n|\n|t:|1700413905\n|move|p1a: Akainu \ud83c\udf0b|Magma Storm|p2a: Gholdengo\n|-damage|p2a: Gholdengo|0 fnt\n|faint|p2a: Gholdengo\n|\n|win|outdated ahh team\n|raw|outdated ahh team's rating: 1508 &rarr; <strong>1529<\/strong><br \/>(+21 for winning)\n|raw|tua94892's rating: 1517 &rarr; <strong>1496<\/strong><br \/>(-21 for losing)\n|l|\u2606tua94892\n","uploadtime":1700413909,"views":7,"p1id":"outdatedahhteam","p2id":"tua94892","formatid":"gen9ou","rating":1496,"private":0,"password":""}