{"id":"gen9ou-1998243556","p1":"Am I leeroy?","p2":"TheRealMoosposter","format":"[Gen 9] OU","log":"|j|\u2606Am I leeroy?\n|j|\u2606TheRealMoosposter\n|t:|1700918814\n|gametype|singles\n|player|p1|Am I leeroy?|pokemaniac|1427\n|player|p2|TheRealMoosposter|larry|1360\n|teamsize|p1|6\n|teamsize|p2|6\n|gen|9\n|tier|[Gen 9] OU\n|rated|\n|rule|Sleep Clause Mod: Limit one foe put to sleep\n|rule|Species Clause: Limit one of each Pok\u00e9mon\n|rule|OHKO Clause: OHKO moves are banned\n|rule|Evasion Items Clause: Evasion items are banned\n|rule|Evasion Moves Clause: Evasion moves are banned\n|rule|Endless Battle Clause: Forcing endless battles is banned\n|rule|HP Percentage Mod: HP is shown in percentages\n|clearpoke\n|poke|p1|Iron Hands|\n|poke|p1|Toxapex, M|\n|poke|p1|Weezing-Galar, M|\n|poke|p1|Kingambit, F|\n|poke|p1|Sandy Shocks|\n|poke|p1|Iron Valiant|\n|poke|p2|Dragapult, M|\n|poke|p2|Great Tusk|\n|poke|p2|Ceruledge, M|\n|poke|p2|Iron Hands|\n|poke|p2|Ogerpon-Cornerstone, F|\n|poke|p2|Iron Valiant|\n|teampreview\n|inactive|Battle timer is ON: inactive players will automatically lose when time's up. (requested by Am I leeroy?)\n|\n|t:|1700918833\n|start\n|switch|p1a: Sandy Shocks|Sandy Shocks|100\/100\n|switch|p2a: Polizei|Iron Hands|100\/100\n|-enditem|p1a: Sandy Shocks|Booster Energy\n|-activate|p1a: Sandy Shocks|ability: Protosynthesis|[fromitem]\n|-start|p1a: Sandy Shocks|protosynthesisspe\n|turn|1\n|\n|t:|1700918840\n|-terastallize|p2a: Polizei|Flying\n|move|p1a: Sandy Shocks|Earth Power|p2a: Polizei\n|-immune|p2a: Polizei\n|move|p2a: Polizei|Ice Punch|p1a: Sandy Shocks\n|-supereffective|p1a: Sandy Shocks\n|-damage|p1a: Sandy Shocks|31\/100\n|\n|upkeep\n|turn|2\n|\n|t:|1700918849\n|-end|p2a: Polizei|Quark Drive|[silent]\n|switch|p2a: Stinky|Great Tusk|100\/100\n|move|p1a: Sandy Shocks|Thunderbolt|p2a: Stinky\n|-immune|p2a: Stinky\n|\n|upkeep\n|turn|3\n|\n|t:|1700918854\n|move|p1a: Sandy Shocks|Earth Power|p2a: Stinky\n|-damage|p2a: Stinky|40\/100\n|move|p2a: Stinky|Ice Spinner|p1a: Sandy Shocks\n|-supereffective|p1a: Sandy Shocks\n|-damage|p1a: Sandy Shocks|0 fnt\n|faint|p1a: Sandy Shocks\n|-end|p1a: Sandy Shocks|Protosynthesis|[silent]\n|\n|upkeep\n|\n|t:|1700918863\n|switch|p1a: Weezing|Weezing-Galar, M|100\/100\n|turn|4\n|\n|t:|1700918866\n|move|p2a: Stinky|Stealth Rock|p1a: Weezing\n|-sidestart|p1: Am I leeroy?|move: Stealth Rock\n|move|p1a: Weezing|Strange Steam|p2a: Stinky\n|-supereffective|p2a: Stinky\n|-damage|p2a: Stinky|0 fnt\n|faint|p2a: Stinky\n|-end|p2a: Stinky|Protosynthesis|[silent]\n|\n|upkeep\n|\n|t:|1700918873\n|switch|p2a: Polizei|Iron Hands, tera:Flying|100\/100\n|turn|5\n|\n|t:|1700918877\n|move|p1a: Weezing|Will-O-Wisp|p2a: Polizei\n|-status|p2a: Polizei|brn\n|move|p2a: Polizei|Heavy Slam|p1a: Weezing\n|-supereffective|p1a: Weezing\n|-damage|p1a: Weezing|72\/100\n|\n|-heal|p1a: Weezing|78\/100|[from] item: Leftovers\n|-damage|p2a: Polizei|94\/100 brn|[from] brn\n|upkeep\n|turn|6\n|\n|t:|1700918885\n|-end|p2a: Polizei|Quark Drive|[silent]\n|switch|p2a: Trollge|Ceruledge, M|100\/100\n|move|p1a: Weezing|Defog|p2a: Trollge\n|-unboost|p2a: Trollge|evasion|1\n|-sideend|p1: Am I leeroy?|Stealth Rock|[from] move: Defog|[of] p1a: Weezing\n|\n|-heal|p1a: Weezing|84\/100|[from] item: Leftovers\n|upkeep\n|turn|7\n|\n|t:|1700918891\n|move|p2a: Trollge|Poltergeist|p1a: Weezing\n|-activate|p1a: Weezing|move: Poltergeist|Leftovers\n|-damage|p1a: Weezing|48\/100\n|move|p1a: Weezing|Strange Steam|p2a: Trollge\n|-resisted|p2a: Trollge\n|-damage|p2a: Trollge|83\/100\n|\n|-heal|p1a: Weezing|54\/100|[from] item: Leftovers\n|upkeep\n|turn|8\n|\n|t:|1700918899\n|switch|p1a: Kingambit|Kingambit, F|100\/100\n|-activate|p1a: Kingambit|ability: Supreme Overlord\n|-start|p1a: Kingambit|fallen1|[silent]\n|move|p2a: Trollge|Bitter Blade|p1a: Kingambit\n|-supereffective|p1a: Kingambit\n|-damage|p1a: Kingambit|29\/100\n|-heal|p2a: Trollge|100\/100|[from] drain|[of] p1a: Kingambit\n|\n|-heal|p1a: Kingambit|35\/100|[from] item: Leftovers\n|upkeep\n|turn|9\n|\n|t:|1700918906\n|move|p1a: Kingambit|Sucker Punch||[still]\n|-fail|p1a: Kingambit\n|move|p2a: Trollge|Will-O-Wisp|p1a: Kingambit\n|-status|p1a: Kingambit|brn\n|\n|-heal|p1a: Kingambit|41\/100 brn|[from] item: Leftovers\n|-damage|p1a: Kingambit|35\/100 brn|[from] brn\n|upkeep\n|turn|10\n|\n|t:|1700918911\n|move|p1a: Kingambit|Sucker Punch|p2a: Trollge\n|-supereffective|p2a: Trollge\n|-crit|p2a: Trollge\n|-damage|p2a: Trollge|3\/100\n|move|p2a: Trollge|Bitter Blade|p1a: Kingambit\n|-supereffective|p1a: Kingambit\n|-damage|p1a: Kingambit|0 fnt\n|-heal|p2a: Trollge|27\/100|[from] drain|[of] p1a: Kingambit\n|faint|p1a: Kingambit\n|-end|p1a: Kingambit|fallen1|[silent]\n|\n|upkeep\n|\n|t:|1700918921\n|switch|p1a: Iron Valiant|Iron Valiant|100\/100\n|-enditem|p1a: Iron Valiant|Booster Energy\n|-activate|p1a: Iron Valiant|ability: Quark Drive|[fromitem]\n|-start|p1a: Iron Valiant|quarkdrivespe\n|turn|11\n|\n|t:|1700918928\n|move|p2a: Trollge|Shadow Sneak|p1a: Iron Valiant\n|-damage|p1a: Iron Valiant|73\/100\n|move|p1a: Iron Valiant|Thunderbolt|p2a: Trollge\n|-damage|p2a: Trollge|0 fnt\n|faint|p2a: Trollge\n|\n|upkeep\n|\n|t:|1700918936\n|switch|p2a: Stinker|Iron Valiant|100\/100\n|turn|12\n|\n|t:|1700918942\n|move|p2a: Stinker|Moonblast|p1a: Iron Valiant\n|-supereffective|p1a: Iron Valiant\n|-damage|p1a: Iron Valiant|0 fnt\n|faint|p1a: Iron Valiant\n|-end|p1a: Iron Valiant|Quark Drive|[silent]\n|\n|upkeep\n|\n|t:|1700918955\n|switch|p1a: Weezing|Weezing-Galar, M|54\/100\n|turn|13\n|\n|t:|1700918958\n|-end|p2a: Stinker|Quark Drive|[silent]\n|switch|p2a: Polizei|Iron Hands, tera:Flying|94\/100 brn\n|move|p1a: Weezing|Strange Steam|p2a: Polizei\n|-damage|p2a: Polizei|71\/100 brn\n|-start|p2a: Polizei|confusion\n|\n|-heal|p1a: Weezing|60\/100|[from] item: Leftovers\n|-heal|p2a: Polizei|77\/100 brn|[from] item: Leftovers\n|-damage|p2a: Polizei|71\/100 brn|[from] brn\n|upkeep\n|turn|14\n|\n|t:|1700918969\n|move|p1a: Weezing|Pain Split|p2a: Polizei\n|-sethp|p2a: Polizei|55\/100 brn|[from] move: Pain Split|[silent]\n|-sethp|p1a: Weezing|84\/100|[from] move: Pain Split\n|-activate|p2a: Polizei|confusion\n|move|p2a: Polizei|Heavy Slam|p1a: Weezing\n|-supereffective|p1a: Weezing\n|-damage|p1a: Weezing|53\/100\n|\n|-heal|p1a: Weezing|59\/100|[from] item: Leftovers\n|-heal|p2a: Polizei|61\/100 brn|[from] item: Leftovers\n|-damage|p2a: Polizei|55\/100 brn|[from] brn\n|upkeep\n|turn|15\n|\n|t:|1700918978\n|move|p1a: Weezing|Pain Split|p2a: Polizei\n|-sethp|p2a: Polizei|47\/100 brn|[from] move: Pain Split|[silent]\n|-sethp|p1a: Weezing|72\/100|[from] move: Pain Split\n|-activate|p2a: Polizei|confusion\n|move|p2a: Polizei|Heavy Slam|p1a: Weezing\n|-supereffective|p1a: Weezing\n|-damage|p1a: Weezing|41\/100\n|\n|-heal|p1a: Weezing|47\/100|[from] item: Leftovers\n|-heal|p2a: Polizei|53\/100 brn|[from] item: Leftovers\n|-damage|p2a: Polizei|47\/100 brn|[from] brn\n|upkeep\n|turn|16\n|\n|t:|1700918985\n|move|p1a: Weezing|Pain Split|p2a: Polizei\n|-sethp|p2a: Polizei|39\/100 brn|[from] move: Pain Split|[silent]\n|-sethp|p1a: Weezing|59\/100|[from] move: Pain Split\n|-activate|p2a: Polizei|confusion\n|move|p2a: Polizei|Heavy Slam|p1a: Weezing\n|-supereffective|p1a: Weezing\n|-damage|p1a: Weezing|29\/100\n|\n|-heal|p1a: Weezing|35\/100|[from] item: Leftovers\n|-heal|p2a: Polizei|45\/100 brn|[from] item: Leftovers\n|-damage|p2a: Polizei|39\/100 brn|[from] brn\n|upkeep\n|turn|17\n|\n|t:|1700918989\n|switch|p1a: Toxapex|Toxapex, M|100\/100\n|-end|p2a: Polizei|confusion\n|move|p2a: Polizei|Heavy Slam|p1a: Toxapex\n|-resisted|p1a: Toxapex\n|-crit|p1a: Toxapex\n|-damage|p1a: Toxapex|87\/100\n|\n|-heal|p2a: Polizei|45\/100 brn|[from] item: Leftovers\n|-heal|p1a: Toxapex|93\/100|[from] item: Leftovers\n|-damage|p2a: Polizei|39\/100 brn|[from] brn\n|upkeep\n|turn|18\n|\n|t:|1700918994\n|move|p2a: Polizei|Earthquake|p1a: Toxapex\n|-supereffective|p1a: Toxapex\n|-damage|p1a: Toxapex|59\/100\n|move|p1a: Toxapex|Chilling Water|p2a: Polizei\n|-damage|p2a: Polizei|30\/100 brn\n|-unboost|p2a: Polizei|atk|1\n|\n|-heal|p2a: Polizei|36\/100 brn|[from] item: Leftovers\n|-heal|p1a: Toxapex|65\/100|[from] item: Leftovers\n|-damage|p2a: Polizei|30\/100 brn|[from] brn\n|upkeep\n|turn|19\n|\n|t:|1700918999\n|-end|p2a: Polizei|Quark Drive|[silent]\n|switch|p2a: Fuck it we ball \ud83c\udfc0|Dragapult, M|100\/100\n|move|p1a: Toxapex|Chilling Water|p2a: Fuck it we ball \ud83c\udfc0\n|-resisted|p2a: Fuck it we ball \ud83c\udfc0\n|-damage|p2a: Fuck it we ball \ud83c\udfc0|93\/100\n|\n|-heal|p1a: Toxapex|71\/100|[from] item: Leftovers\n|upkeep\n|turn|20\n|\n|t:|1700919015\n|move|p2a: Fuck it we ball \ud83c\udfc0|Draco Meteor|p1a: Toxapex\n|-damage|p1a: Toxapex|36\/100\n|-unboost|p2a: Fuck it we ball \ud83c\udfc0|spa|2\n|-enditem|p2a: Fuck it we ball \ud83c\udfc0|Eject Pack\n|\n|t:|1700919023\n|switch|p2a: Polizei|Iron Hands, tera:Flying|30\/100 brn\n|move|p1a: Toxapex|Recover|p1a: Toxapex\n|-heal|p1a: Toxapex|86\/100\n|\n|-heal|p2a: Polizei|36\/100 brn|[from] item: Leftovers\n|-heal|p1a: Toxapex|92\/100|[from] item: Leftovers\n|-damage|p2a: Polizei|30\/100 brn|[from] brn\n|upkeep\n|turn|21\n|\n|t:|1700919028\n|move|p2a: Polizei|Earthquake|p1a: Toxapex\n|-supereffective|p1a: Toxapex\n|-damage|p1a: Toxapex|59\/100\n|move|p1a: Toxapex|Chilling Water|p2a: Polizei\n|-damage|p2a: Polizei|20\/100 brn\n|-unboost|p2a: Polizei|atk|1\n|\n|-heal|p2a: Polizei|26\/100 brn|[from] item: Leftovers\n|-heal|p1a: Toxapex|65\/100|[from] item: Leftovers\n|-damage|p2a: Polizei|20\/100 brn|[from] brn\n|upkeep\n|turn|22\n|\n|t:|1700919034\n|move|p2a: Polizei|Earthquake|p1a: Toxapex\n|-supereffective|p1a: Toxapex\n|-damage|p1a: Toxapex|43\/100\n|move|p1a: Toxapex|Chilling Water|p2a: Polizei\n|-damage|p2a: Polizei|10\/100 brn\n|-unboost|p2a: Polizei|atk|1\n|\n|-heal|p2a: Polizei|17\/100 brn|[from] item: Leftovers\n|-heal|p1a: Toxapex|49\/100|[from] item: Leftovers\n|-damage|p2a: Polizei|10\/100 brn|[from] brn\n|upkeep\n|turn|23\n|\n|t:|1700919039\n|move|p2a: Polizei|Earthquake|p1a: Toxapex\n|-supereffective|p1a: Toxapex\n|-damage|p1a: Toxapex|34\/100\n|move|p1a: Toxapex|Recover|p1a: Toxapex\n|-heal|p1a: Toxapex|84\/100\n|\n|-heal|p2a: Polizei|17\/100 brn|[from] item: Leftovers\n|-heal|p1a: Toxapex|90\/100|[from] item: Leftovers\n|-damage|p2a: Polizei|10\/100 brn|[from] brn\n|upkeep\n|turn|24\n|\n|t:|1700919044\n|move|p2a: Polizei|Earthquake|p1a: Toxapex\n|-supereffective|p1a: Toxapex\n|-damage|p1a: Toxapex|74\/100\n|move|p1a: Toxapex|Chilling Water|p2a: Polizei\n|-damage|p2a: Polizei|0 fnt\n|faint|p2a: Polizei\n|-end|p2a: Polizei|Quark Drive|[silent]\n|\n|-heal|p1a: Toxapex|80\/100|[from] item: Leftovers\n|upkeep\n|\n|t:|1700919050\n|switch|p2a: Fuck it we ball \ud83c\udfc0|Dragapult, M|93\/100\n|turn|25\n|\n|t:|1700919053\n|move|p2a: Fuck it we ball \ud83c\udfc0|Will-O-Wisp|p1a: Toxapex\n|-status|p1a: Toxapex|brn\n|move|p1a: Toxapex|Sludge Bomb|p2a: Fuck it we ball \ud83c\udfc0\n|-resisted|p2a: Fuck it we ball \ud83c\udfc0\n|-damage|p2a: Fuck it we ball \ud83c\udfc0|81\/100\n|\n|-heal|p1a: Toxapex|86\/100 brn|[from] item: Leftovers\n|-damage|p1a: Toxapex|80\/100 brn|[from] brn\n|upkeep\n|turn|26\n|\n|t:|1700919058\n|move|p2a: Fuck it we ball \ud83c\udfc0|Hex|p1a: Toxapex\n|-damage|p1a: Toxapex|43\/100 brn\n|move|p1a: Toxapex|Sludge Bomb|p2a: Fuck it we ball \ud83c\udfc0\n|-resisted|p2a: Fuck it we ball \ud83c\udfc0\n|-damage|p2a: Fuck it we ball \ud83c\udfc0|69\/100\n|\n|-heal|p1a: Toxapex|49\/100 brn|[from] item: Leftovers\n|-damage|p1a: Toxapex|43\/100 brn|[from] brn\n|upkeep\n|turn|27\n|\n|t:|1700919065\n|move|p2a: Fuck it we ball \ud83c\udfc0|Hex|p1a: Toxapex\n|-damage|p1a: Toxapex|5\/100 brn\n|move|p1a: Toxapex|Recover|p1a: Toxapex\n|-heal|p1a: Toxapex|55\/100 brn\n|\n|-heal|p1a: Toxapex|61\/100 brn|[from] item: Leftovers\n|-damage|p1a: Toxapex|55\/100 brn|[from] brn\n|upkeep\n|turn|28\n|\n|t:|1700919070\n|move|p2a: Fuck it we ball \ud83c\udfc0|Hex|p1a: Toxapex\n|-damage|p1a: Toxapex|17\/100 brn\n|move|p1a: Toxapex|Recover|p1a: Toxapex\n|-heal|p1a: Toxapex|67\/100 brn\n|\n|-heal|p1a: Toxapex|73\/100 brn|[from] item: Leftovers\n|-damage|p1a: Toxapex|67\/100 brn|[from] brn\n|upkeep\n|turn|29\n|\n|t:|1700919075\n|switch|p1a: Weezing|Weezing-Galar, M|35\/100\n|move|p2a: Fuck it we ball \ud83c\udfc0|Hex|p1a: Weezing\n|-damage|p1a: Weezing|0 fnt\n|faint|p1a: Weezing\n|\n|upkeep\n|\n|t:|1700919077\n|switch|p1a: Toxapex|Toxapex, M|99\/100 brn\n|turn|30\n|\n|t:|1700919081\n|move|p2a: Fuck it we ball \ud83c\udfc0|Hex|p1a: Toxapex\n|-damage|p1a: Toxapex|64\/100 brn\n|move|p1a: Toxapex|Sludge Bomb|p2a: Fuck it we ball \ud83c\udfc0\n|-resisted|p2a: Fuck it we ball \ud83c\udfc0\n|-crit|p2a: Fuck it we ball \ud83c\udfc0\n|-damage|p2a: Fuck it we ball \ud83c\udfc0|49\/100\n|\n|-heal|p1a: Toxapex|70\/100 brn|[from] item: Leftovers\n|-damage|p1a: Toxapex|64\/100 brn|[from] brn\n|upkeep\n|turn|31\n|\n|t:|1700919093\n|move|p2a: Fuck it we ball \ud83c\udfc0|Hex|p1a: Toxapex\n|-damage|p1a: Toxapex|27\/100 brn\n|move|p1a: Toxapex|Recover|p1a: Toxapex\n|-heal|p1a: Toxapex|77\/100 brn\n|\n|-heal|p1a: Toxapex|83\/100 brn|[from] item: Leftovers\n|-damage|p1a: Toxapex|77\/100 brn|[from] brn\n|upkeep\n|turn|32\n|\n|t:|1700919096\n|move|p2a: Fuck it we ball \ud83c\udfc0|Hex|p1a: Toxapex\n|-damage|p1a: Toxapex|40\/100 brn\n|move|p1a: Toxapex|Sludge Bomb|p2a: Fuck it we ball \ud83c\udfc0\n|-resisted|p2a: Fuck it we ball \ud83c\udfc0\n|-damage|p2a: Fuck it we ball \ud83c\udfc0|36\/100\n|\n|-heal|p1a: Toxapex|46\/100 brn|[from] item: Leftovers\n|-damage|p1a: Toxapex|40\/100 brn|[from] brn\n|upkeep\n|turn|33\n|\n|t:|1700919104\n|move|p2a: Fuck it we ball \ud83c\udfc0|Hex|p1a: Toxapex\n|-damage|p1a: Toxapex|6\/100 brn\n|move|p1a: Toxapex|Sludge Bomb|p2a: Fuck it we ball \ud83c\udfc0\n|-resisted|p2a: Fuck it we ball \ud83c\udfc0\n|-crit|p2a: Fuck it we ball \ud83c\udfc0\n|-damage|p2a: Fuck it we ball \ud83c\udfc0|15\/100\n|\n|-heal|p1a: Toxapex|12\/100 brn|[from] item: Leftovers\n|-damage|p1a: Toxapex|6\/100 brn|[from] brn\n|upkeep\n|turn|34\n|\n|t:|1700919111\n|switch|p1a: Iron Hands|Iron Hands|100\/100\n|move|p2a: Fuck it we ball \ud83c\udfc0|Hex|p1a: Iron Hands\n|-damage|p1a: Iron Hands|83\/100\n|\n|upkeep\n|turn|35\n|\n|t:|1700919114\n|-end|p1a: Iron Hands|Quark Drive|[silent]\n|switch|p1a: Toxapex|Toxapex, M|40\/100 brn\n|move|p2a: Fuck it we ball \ud83c\udfc0|Will-O-Wisp|p1a: Toxapex|[miss]\n|-miss|p2a: Fuck it we ball \ud83c\udfc0|p1a: Toxapex\n|\n|-heal|p1a: Toxapex|46\/100 brn|[from] item: Leftovers\n|-damage|p1a: Toxapex|40\/100 brn|[from] brn\n|upkeep\n|turn|36\n|\n|t:|1700919117\n|move|p2a: Fuck it we ball \ud83c\udfc0|Hex|p1a: Toxapex\n|-damage|p1a: Toxapex|5\/100 brn\n|move|p1a: Toxapex|Recover|p1a: Toxapex\n|-heal|p1a: Toxapex|55\/100 brn\n|\n|-heal|p1a: Toxapex|61\/100 brn|[from] item: Leftovers\n|-damage|p1a: Toxapex|55\/100 brn|[from] brn\n|upkeep\n|turn|37\n|\n|t:|1700919120\n|move|p2a: Fuck it we ball \ud83c\udfc0|Hex|p1a: Toxapex\n|-damage|p1a: Toxapex|18\/100 brn\n|move|p1a: Toxapex|Sludge Bomb|p2a: Fuck it we ball \ud83c\udfc0\n|-resisted|p2a: Fuck it we ball \ud83c\udfc0\n|-damage|p2a: Fuck it we ball \ud83c\udfc0|2\/100\n|\n|-heal|p1a: Toxapex|24\/100 brn|[from] item: Leftovers\n|-damage|p1a: Toxapex|18\/100 brn|[from] brn\n|upkeep\n|turn|38\n|c|\u2606Am I leeroy?|bro istg this game is ass\n|c|\u2606Am I leeroy?|no poison in 6 turns\n|\n|t:|1700919134\n|switch|p1a: Iron Hands|Iron Hands|83\/100\n|move|p2a: Fuck it we ball \ud83c\udfc0|Hex|p1a: Iron Hands\n|-damage|p1a: Iron Hands|65\/100\n|\n|upkeep\n|turn|39\n|\n|t:|1700919136\n|-end|p1a: Iron Hands|Quark Drive|[silent]\n|switch|p1a: Toxapex|Toxapex, M|51\/100 brn\n|move|p2a: Fuck it we ball \ud83c\udfc0|Hex|p1a: Toxapex\n|-damage|p1a: Toxapex|12\/100 brn\n|\n|-heal|p1a: Toxapex|18\/100 brn|[from] item: Leftovers\n|-damage|p1a: Toxapex|12\/100 brn|[from] brn\n|upkeep\n|turn|40\n|\n|t:|1700919141\n|move|p2a: Fuck it we ball \ud83c\udfc0|Hex|p1a: Toxapex\n|-damage|p1a: Toxapex|0 fnt\n|faint|p1a: Toxapex\n|\n|upkeep\n|\n|t:|1700919143\n|switch|p1a: Iron Hands|Iron Hands|65\/100\n|turn|41\n|\n|t:|1700919148\n|move|p2a: Fuck it we ball \ud83c\udfc0|Will-O-Wisp|p1a: Iron Hands\n|-status|p1a: Iron Hands|brn\n|move|p1a: Iron Hands|Earthquake|p2a: Fuck it we ball \ud83c\udfc0\n|-damage|p2a: Fuck it we ball \ud83c\udfc0|0 fnt\n|faint|p2a: Fuck it we ball \ud83c\udfc0\n|\n|-damage|p1a: Iron Hands|59\/100 brn|[from] brn\n|upkeep\n|\n|t:|1700919157\n|switch|p2a: Stinker|Iron Valiant|100\/100\n|turn|42\n|c|\u2606Am I leeroy?|and your bitch ass keep playing like you not the luckiest person on showdown is isnane\n|c|\u2606TheRealMoosposter|I ain't\n|c|\u2606Am I leeroy?|yea aight\n|c|\u2606Am I leeroy?|you get no para for 6 turns and win the iron val speed tie\n|inactive|TheRealMoosposter has 120 seconds left.\n|c|\u2606Am I leeroy?|must be skill i suposed\n|c|\u2606TheRealMoosposter|41 turns not a single crit\n|c|\u2606TheRealMoosposter|Would have helped me out a shit ton\n|c|\u2606Am I leeroy?|because getting crits is a standard?\n|\n|t:|1700919211\n|-terastallize|p1a: Iron Hands|Electric\n|move|p2a: Stinker|Moonblast|p1a: Iron Hands\n|-damage|p1a: Iron Hands|31\/100 brn\n|move|p1a: Iron Hands|Earthquake|p2a: Stinker\n|-damage|p2a: Stinker|75\/100\n|\n|-damage|p1a: Iron Hands|25\/100 brn|[from] brn\n|upkeep\n|turn|43\n|\n|t:|1700919218\n|move|p2a: Stinker|Moonblast|p1a: Iron Hands\n|-damage|p1a: Iron Hands|0 fnt\n|faint|p1a: Iron Hands\n|-end|p1a: Iron Hands|Quark Drive|[silent]\n|\n|win|TheRealMoosposter\n|raw|Am I leeroy?'s rating: 1427 &rarr; <strong>1403<\/strong><br \/>(-24 for losing)\n|raw|TheRealMoosposter's rating: 1360 &rarr; <strong>1384<\/strong><br \/>(+24 for winning)\n","uploadtime":1700919162,"views":0,"p1id":"amileeroy","p2id":"therealmoosposter","formatid":"gen9ou","rating":1384,"private":0,"password":""}