{"id":"gen9ou-1993373799","p1":"TheWordWasBanned","p2":"FromRussiaWithLove","format":"[Gen 9] OU","log":"|j|\u2606TheWordWasBanned\n|j|\u2606FromRussiaWithLove\n|t:|1700308195\n|gametype|singles\n|player|p1|TheWordWasBanned|1|1077\n|player|p2|FromRussiaWithLove|swimmerf|1076\n|teamsize|p1|6\n|teamsize|p2|6\n|gen|9\n|tier|[Gen 9] OU\n|rated|\n|rule|Sleep Clause Mod: Limit one foe put to sleep\n|rule|Species Clause: Limit one of each Pok\u00e9mon\n|rule|OHKO Clause: OHKO moves are banned\n|rule|Evasion Items Clause: Evasion items are banned\n|rule|Evasion Moves Clause: Evasion moves are banned\n|rule|Endless Battle Clause: Forcing endless battles is banned\n|rule|HP Percentage Mod: HP is shown in percentages\n|clearpoke\n|poke|p1|Goodra-Hisui, F|\n|poke|p1|Polteageist-Antique|\n|poke|p1|Cinderace, F|\n|poke|p1|Salamence, F|\n|poke|p1|Gengar, F|\n|poke|p1|Ting-Lu|\n|poke|p2|Tinkaton, F|\n|poke|p2|Meloetta|\n|poke|p2|Grimmsnarl, M|\n|poke|p2|Lilligant-Hisui, F|\n|poke|p2|Jolteon, M|\n|poke|p2|Arcanine-Hisui, M|\n|teampreview\n|inactive|Battle timer is ON: inactive players will automatically lose when time's up. (requested by FromRussiaWithLove)\n|\n|t:|1700308203\n|start\n|switch|p1a: SCOTLAND FOREVER|Polteageist-Antique|100\/100\n|switch|p2a: DOGGY|Arcanine-Hisui, M|100\/100\n|turn|1\n|\n|t:|1700308211\n|move|p2a: DOGGY|Flare Blitz|p1a: SCOTLAND FOREVER\n|-enditem|p1a: SCOTLAND FOREVER|Focus Sash\n|-damage|p1a: SCOTLAND FOREVER|1\/100\n|-ability|p1a: SCOTLAND FOREVER|Weak Armor|boost\n|-unboost|p1a: SCOTLAND FOREVER|def|1\n|-boost|p1a: SCOTLAND FOREVER|spe|2\n|move|p1a: SCOTLAND FOREVER|Shell Smash|p1a: SCOTLAND FOREVER\n|-unboost|p1a: SCOTLAND FOREVER|def|1\n|-unboost|p1a: SCOTLAND FOREVER|spd|1\n|-boost|p1a: SCOTLAND FOREVER|atk|2\n|-boost|p1a: SCOTLAND FOREVER|spa|2\n|-boost|p1a: SCOTLAND FOREVER|spe|2\n|\n|upkeep\n|turn|2\n|\n|t:|1700308226\n|move|p1a: SCOTLAND FOREVER|Shadow Ball|p2a: DOGGY\n|-damage|p2a: DOGGY|0 fnt\n|faint|p2a: DOGGY\n|\n|upkeep\n|\n|t:|1700308230\n|switch|p2a: GNARLY|Grimmsnarl, M, shiny|100\/100\n|turn|3\n|\n|t:|1700308235\n|move|p2a: GNARLY|Light Screen|p2a: GNARLY\n|-sidestart|p2: FromRussiaWithLove|move: Light Screen\n|move|p1a: SCOTLAND FOREVER|Shadow Ball|p2a: GNARLY\n|-resisted|p2a: GNARLY\n|-damage|p2a: GNARLY|80\/100\n|\n|upkeep\n|turn|4\n|\n|t:|1700308242\n|move|p2a: GNARLY|Parting Shot|p1a: SCOTLAND FOREVER\n|-unboost|p1a: SCOTLAND FOREVER|atk|1\n|-unboost|p1a: SCOTLAND FOREVER|spa|1\n|\n|t:|1700308250\n|switch|p2a: LIGHTNING|Jolteon, M|100\/100|[from] Parting Shot\n|move|p1a: SCOTLAND FOREVER|Shadow Ball|p2a: LIGHTNING\n|-damage|p2a: LIGHTNING|51\/100\n|\n|upkeep\n|turn|5\n|\n|t:|1700308259\n|move|p1a: SCOTLAND FOREVER|Shadow Ball|p2a: LIGHTNING\n|-damage|p2a: LIGHTNING|3\/100\n|move|p2a: LIGHTNING|Volt Switch|p1a: SCOTLAND FOREVER\n|-damage|p1a: SCOTLAND FOREVER|0 fnt\n|faint|p1a: SCOTLAND FOREVER\n|\n|t:|1700308263\n|switch|p2a: GNARLY|Grimmsnarl, M, shiny|80\/100|[from] Volt Switch\n|\n|upkeep\n|\n|t:|1700308274\n|switch|p1a: Carrot coc|Cinderace, F|100\/100\n|turn|6\n|\n|t:|1700308279\n|move|p2a: GNARLY|Reflect|p2a: GNARLY\n|-sidestart|p2: FromRussiaWithLove|Reflect\n|move|p1a: Carrot coc|Flame Charge|p2a: GNARLY\n|-damage|p2a: GNARLY|69\/100\n|-boost|p1a: Carrot coc|spe|1\n|\n|upkeep\n|turn|7\n|\n|t:|1700308284\n|move|p2a: GNARLY|Parting Shot|p1a: Carrot coc\n|-unboost|p1a: Carrot coc|atk|1\n|-unboost|p1a: Carrot coc|spa|1\n|\n|t:|1700308295\n|switch|p2a: LIGHTNING|Jolteon, M|3\/100|[from] Parting Shot\n|move|p1a: Carrot coc|Flame Charge|p2a: LIGHTNING\n|-damage|p2a: LIGHTNING|0 fnt\n|-boost|p1a: Carrot coc|spe|1\n|faint|p2a: LIGHTNING\n|\n|upkeep\n|\n|t:|1700308298\n|switch|p2a: THOR|Tinkaton, F|100\/100\n|-ability|p2a: THOR|Mold Breaker\n|turn|8\n|\n|t:|1700308306\n|move|p1a: Carrot coc|Pyro Ball|p2a: THOR\n|-supereffective|p2a: THOR\n|-damage|p2a: THOR|46\/100\n|move|p2a: THOR|Stone Edge|p1a: Carrot coc\n|-supereffective|p1a: Carrot coc\n|-damage|p1a: Carrot coc|35\/100\n|\n|upkeep\n|turn|9\n|\n|t:|1700308314\n|move|p1a: Carrot coc|Flame Charge|p2a: THOR\n|-supereffective|p2a: THOR\n|-damage|p2a: THOR|24\/100\n|-boost|p1a: Carrot coc|spe|1\n|-enditem|p2a: THOR|Salac Berry|[eat]\n|-boost|p2a: THOR|spe|1|[from] item: Salac Berry\n|move|p2a: THOR|Gigaton Hammer|p1a: Carrot coc\n|-resisted|p1a: Carrot coc\n|-damage|p1a: Carrot coc|0 fnt\n|faint|p1a: Carrot coc\n|\n|upkeep\n|\n|t:|1700308318\n|switch|p1a: Big boi|Ting-Lu|100\/100\n|-ability|p1a: Big boi|Vessel of Ruin\n|turn|10\n|\n|t:|1700308323\n|move|p2a: THOR|Swords Dance|p2a: THOR\n|-boost|p2a: THOR|atk|2\n|move|p1a: Big boi|Stealth Rock|p2a: THOR\n|-sidestart|p2: FromRussiaWithLove|move: Stealth Rock\n|\n|-sideend|p2: FromRussiaWithLove|move: Light Screen\n|upkeep\n|turn|11\n|\n|t:|1700308327\n|move|p2a: THOR|Play Rough|p1a: Big boi\n|-supereffective|p1a: Big boi\n|-damage|p1a: Big boi|47\/100\n|-damage|p2a: THOR|8\/100|[from] item: Rocky Helmet|[of] p1a: Big boi\n|move|p1a: Big boi|Spikes|p2a: THOR\n|-sidestart|p2: FromRussiaWithLove|Spikes\n|\n|upkeep\n|turn|12\n|\n|t:|1700308336\n|move|p2a: THOR|Gigaton Hammer|p1a: Big boi\n|-damage|p1a: Big boi|3\/100\n|move|p1a: Big boi|Earthquake|p2a: THOR\n|-supereffective|p2a: THOR\n|-crit|p2a: THOR\n|-damage|p2a: THOR|0 fnt\n|faint|p2a: THOR\n|\n|upkeep\n|\n|t:|1700308343\n|switch|p2a: SEXY LEGS|Meloetta|100\/100\n|-damage|p2a: SEXY LEGS|88\/100|[from] Stealth Rock\n|-damage|p2a: SEXY LEGS|76\/100|[from] Spikes\n|turn|13\n|\n|t:|1700308351\n|move|p2a: SEXY LEGS|Relic Song|p1a: Big boi\n|-damage|p1a: Big boi|0 fnt\n|faint|p1a: Big boi\n|-formechange|p2a: SEXY LEGS|Meloetta-Pirouette|[msg]\n|\n|-sideend|p2: FromRussiaWithLove|Reflect\n|upkeep\n|\n|t:|1700308361\n|switch|p1a: Flying salami|Salamence, F|100\/100\n|turn|14\n|\n|t:|1700308367\n|move|p2a: SEXY LEGS|Endure|p2a: SEXY LEGS\n|-singleturn|p2a: SEXY LEGS|move: Endure\n|move|p1a: Flying salami|Dragon Claw|p2a: SEXY LEGS\n|-activate|p2a: SEXY LEGS|move: Endure\n|-damage|p2a: SEXY LEGS|1\/100\n|-enditem|p2a: SEXY LEGS|Liechi Berry|[eat]\n|-boost|p2a: SEXY LEGS|atk|1|[from] item: Liechi Berry\n|-damage|p1a: Flying salami|91\/100|[from] item: Life Orb\n|\n|upkeep\n|turn|15\n|\n|t:|1700308376\n|move|p2a: SEXY LEGS|Reversal|p1a: Flying salami\n|-resisted|p1a: Flying salami\n|-damage|p1a: Flying salami|0 fnt\n|faint|p1a: Flying salami\n|\n|upkeep\n|\n|t:|1700308381\n|switch|p1a: Awoop jumpscare|Gengar, F|100\/100\n|turn|16\n|\n|t:|1700308390\n|-terastallize|p1a: Awoop jumpscare|Ghost\n|move|p2a: SEXY LEGS|Relic Song|p1a: Awoop jumpscare\n|-immune|p1a: Awoop jumpscare\n|move|p1a: Awoop jumpscare|Shadow Ball|p2a: SEXY LEGS\n|-immune|p2a: SEXY LEGS\n|\n|upkeep\n|turn|17\n|\n|t:|1700308396\n|switch|p1a: Drunk|Goodra-Hisui, F|100\/100\n|move|p2a: SEXY LEGS|Quick Attack|p1a: Drunk\n|-resisted|p1a: Drunk\n|-damage|p1a: Drunk|87\/100\n|-ability|p1a: Drunk|Gooey\n|-unboost|p2a: SEXY LEGS|spe|1\n|\n|upkeep\n|turn|18\n|\n|t:|1700308403\n|move|p2a: SEXY LEGS|Reversal|p1a: Drunk\n|-supereffective|p1a: Drunk\n|-damage|p1a: Drunk|0 fnt\n|-ability|p1a: Drunk|Gooey\n|-unboost|p2a: SEXY LEGS|spe|1\n|faint|p1a: Drunk\n|\n|upkeep\n|\n|t:|1700308405\n|switch|p1a: Awoop jumpscare|Gengar, F, tera:Ghost|100\/100\n|turn|19\n|\n|t:|1700308416\n|move|p2a: SEXY LEGS|Endure|p2a: SEXY LEGS\n|-singleturn|p2a: SEXY LEGS|move: Endure\n|move|p1a: Awoop jumpscare|Dazzling Gleam|p2a: SEXY LEGS\n|-supereffective|p2a: SEXY LEGS\n|-activate|p2a: SEXY LEGS|move: Endure\n|-damage|p2a: SEXY LEGS|1\/100\n|\n|upkeep\n|turn|20\n|\n|t:|1700308422\n|move|p2a: SEXY LEGS|Quick Attack|p1a: Awoop jumpscare\n|-immune|p1a: Awoop jumpscare\n|move|p1a: Awoop jumpscare|Dazzling Gleam|p2a: SEXY LEGS\n|-supereffective|p2a: SEXY LEGS\n|-crit|p2a: SEXY LEGS\n|-damage|p2a: SEXY LEGS|0 fnt\n|faint|p2a: SEXY LEGS\n|\n|upkeep\n|\n|t:|1700308425\n|switch|p2a: GNARLY|Grimmsnarl, M, shiny|69\/100\n|-damage|p2a: GNARLY|57\/100|[from] Stealth Rock\n|-damage|p2a: GNARLY|44\/100|[from] Spikes\n|turn|21\n|\n|t:|1700308431\n|move|p2a: GNARLY|Light Screen|p2a: GNARLY\n|-sidestart|p2: FromRussiaWithLove|move: Light Screen\n|move|p1a: Awoop jumpscare|Dazzling Gleam|p2a: GNARLY\n|-supereffective|p2a: GNARLY\n|-crit|p2a: GNARLY\n|-damage|p2a: GNARLY|0 fnt\n|faint|p2a: GNARLY\n|\n|upkeep\n|\n|t:|1700308434\n|switch|p2a: ELEGANT|Lilligant-Hisui, F|100\/100\n|-damage|p2a: ELEGANT|94\/100|[from] Stealth Rock\n|-damage|p2a: ELEGANT|82\/100|[from] Spikes\n|turn|22\n|\n|t:|1700308440\n|move|p1a: Awoop jumpscare|Dazzling Gleam|p2a: ELEGANT\n|-supereffective|p2a: ELEGANT\n|-damage|p2a: ELEGANT|20\/100\n|move|p2a: ELEGANT|Victory Dance|p2a: ELEGANT\n|-boost|p2a: ELEGANT|atk|1\n|-boost|p2a: ELEGANT|def|1\n|-boost|p2a: ELEGANT|spe|1\n|\n|upkeep\n|turn|23\n|\n|t:|1700308446\n|move|p2a: ELEGANT|Ice Spinner|p1a: Awoop jumpscare\n|-damage|p1a: Awoop jumpscare|0 fnt\n|faint|p1a: Awoop jumpscare\n|\n|win|FromRussiaWithLove\n|raw|TheWordWasBanned's rating: 1077 &rarr; <strong>1055<\/strong><br \/>(-22 for losing)\n|raw|FromRussiaWithLove's rating: 1076 &rarr; <strong>1105<\/strong><br \/>(+29 for winning)\n","uploadtime":1700308453,"views":9,"p1id":"thewordwasbanned","p2id":"fromrussiawithlove","formatid":"gen9ou","rating":1055,"private":0,"password":""}