{"id":"gen9ou-1992856029","p1":"Cinny69","p2":"Rookie22","format":"[Gen 9] OU","log":"|j|\u2606Cinny69\n|j|\u2606Rookie22\n|t:|1700241353\n|gametype|singles\n|player|p1|Cinny69|rika|1390\n|player|p2|Rookie22|iris-gen5bw2|1349\n|teamsize|p1|6\n|teamsize|p2|6\n|gen|9\n|tier|[Gen 9] OU\n|rated|\n|rule|Sleep Clause Mod: Limit one foe put to sleep\n|rule|Species Clause: Limit one of each Pok\u00e9mon\n|rule|OHKO Clause: OHKO moves are banned\n|rule|Evasion Items Clause: Evasion items are banned\n|rule|Evasion Moves Clause: Evasion moves are banned\n|rule|Endless Battle Clause: Forcing endless battles is banned\n|rule|HP Percentage Mod: HP is shown in percentages\n|clearpoke\n|poke|p1|Revavroom, F|\n|poke|p1|Iron Valiant|\n|poke|p1|Hydreigon, F|\n|poke|p1|Zapdos|\n|poke|p1|Great Tusk|\n|poke|p1|Garganacl, F|\n|poke|p2|Dragapult, M|\n|poke|p2|Great Tusk|\n|poke|p2|Azumarill, M|\n|poke|p2|Kingambit, F|\n|poke|p2|Meowscarada, F|\n|poke|p2|Zapdos|\n|teampreview\n|inactive|Battle timer is ON: inactive players will automatically lose when time's up. (requested by Cinny69)\n|\n|t:|1700241367\n|start\n|switch|p1a: Great Tusk|Great Tusk|100\/100\n|switch|p2a: Dragapult|Dragapult, M|100\/100\n|turn|1\n|\n|t:|1700241374\n|move|p2a: Dragapult|Draco Meteor|p1a: Great Tusk\n|-damage|p1a: Great Tusk|57\/100\n|-unboost|p2a: Dragapult|spa|2\n|move|p1a: Great Tusk|Ice Spinner|p2a: Dragapult\n|-supereffective|p2a: Dragapult\n|-damage|p2a: Dragapult|36\/100\n|\n|upkeep\n|turn|2\n|\n|t:|1700241382\n|switch|p2a: Azumarill|Azumarill, M|100\/100\n|move|p1a: Great Tusk|Headlong Rush|p2a: Azumarill\n|-damage|p2a: Azumarill|48\/100\n|-unboost|p1a: Great Tusk|def|1\n|-unboost|p1a: Great Tusk|spd|1\n|-enditem|p2a: Azumarill|Sitrus Berry|[eat]\n|-heal|p2a: Azumarill|73\/100|[from] item: Sitrus Berry\n|\n|upkeep\n|turn|3\n|\n|t:|1700241396\n|move|p1a: Great Tusk|Headlong Rush|p2a: Azumarill\n|-damage|p2a: Azumarill|20\/100\n|-unboost|p1a: Great Tusk|def|1\n|-unboost|p1a: Great Tusk|spd|1\n|move|p2a: Azumarill|Play Rough|p1a: Great Tusk|[miss]\n|-miss|p2a: Azumarill|p1a: Great Tusk\n|\n|upkeep\n|turn|4\n|\n|t:|1700241405\n|move|p2a: Azumarill|Aqua Jet|p1a: Great Tusk\n|-supereffective|p1a: Great Tusk\n|-damage|p1a: Great Tusk|0 fnt\n|faint|p1a: Great Tusk\n|-end|p1a: Great Tusk|Protosynthesis|[silent]\n|\n|upkeep\n|\n|t:|1700241410\n|switch|p1a: Zapdos|Zapdos|100\/100\n|turn|5\n|\n|t:|1700241417\n|switch|p2a: Meowscarada|Meowscarada, F|100\/100\n|move|p1a: Zapdos|Discharge|p2a: Meowscarada\n|-resisted|p2a: Meowscarada\n|-damage|p2a: Meowscarada|74\/100\n|\n|upkeep\n|turn|6\n|\n|t:|1700241424\n|move|p2a: Meowscarada|Knock Off|p1a: Zapdos\n|-start|p2a: Meowscarada|typechange|Dark|[from] ability: Protean\n|-damage|p1a: Zapdos|55\/100\n|-enditem|p1a: Zapdos|Heavy-Duty Boots|[from] move: Knock Off|[of] p2a: Meowscarada\n|move|p1a: Zapdos|Heat Wave|p2a: Meowscarada\n|-damage|p2a: Meowscarada|32\/100\n|\n|upkeep\n|turn|7\n|\n|t:|1700241433\n|switch|p2a: Zapdos|Zapdos|100\/100\n|move|p1a: Zapdos|Roost|p1a: Zapdos\n|-heal|p1a: Zapdos|100\/100\n|-singleturn|p1a: Zapdos|move: Roost\n|\n|upkeep\n|turn|8\n|\n|t:|1700241441\n|switch|p1a: Hydreigon|Hydreigon, F, shiny|100\/100\n|move|p2a: Zapdos|Thunderbolt|p1a: Hydreigon\n|-resisted|p1a: Hydreigon\n|-damage|p1a: Hydreigon|76\/100\n|\n|-heal|p1a: Hydreigon|82\/100|[from] item: Leftovers\n|upkeep\n|turn|9\n|\n|t:|1700241458\n|switch|p2a: Great Tusk|Great Tusk|100\/100\n|move|p1a: Hydreigon|Nasty Plot|p1a: Hydreigon\n|-boost|p1a: Hydreigon|spa|2\n|\n|-heal|p1a: Hydreigon|88\/100|[from] item: Leftovers\n|upkeep\n|turn|10\n|\n|t:|1700241468\n|-end|p2a: Great Tusk|Protosynthesis|[silent]\n|switch|p2a: Kingambit|Kingambit, F|100\/100\n|move|p1a: Hydreigon|Draco Meteor|p2a: Kingambit\n|-resisted|p2a: Kingambit\n|-damage|p2a: Kingambit|34\/100\n|-unboost|p1a: Hydreigon|spa|2\n|-enditem|p2a: Kingambit|Sitrus Berry|[eat]\n|-heal|p2a: Kingambit|59\/100|[from] item: Sitrus Berry\n|\n|-heal|p1a: Hydreigon|94\/100|[from] item: Leftovers\n|upkeep\n|turn|11\n|\n|t:|1700241479\n|move|p1a: Hydreigon|Nasty Plot|p1a: Hydreigon\n|-boost|p1a: Hydreigon|spa|2\n|move|p2a: Kingambit|Iron Head|p1a: Hydreigon\n|-damage|p1a: Hydreigon|37\/100\n|\n|-heal|p1a: Hydreigon|43\/100|[from] item: Leftovers\n|upkeep\n|turn|12\n|\n|t:|1700241489\n|move|p1a: Hydreigon|Draco Meteor|p2a: Kingambit\n|-resisted|p2a: Kingambit\n|-damage|p2a: Kingambit|0 fnt\n|-unboost|p1a: Hydreigon|spa|2\n|faint|p2a: Kingambit\n|-end|p2a: Kingambit|fallenundefined|[silent]\n|\n|-heal|p1a: Hydreigon|49\/100|[from] item: Leftovers\n|upkeep\n|\n|t:|1700241497\n|switch|p2a: Dragapult|Dragapult, M|36\/100\n|turn|13\n|\n|t:|1700241501\n|move|p2a: Dragapult|Draco Meteor|p1a: Hydreigon|[miss]\n|-miss|p2a: Dragapult|p1a: Hydreigon\n|move|p1a: Hydreigon|Dark Pulse|p2a: Dragapult\n|-supereffective|p2a: Dragapult\n|-damage|p2a: Dragapult|0 fnt\n|faint|p2a: Dragapult\n|\n|-heal|p1a: Hydreigon|55\/100|[from] item: Leftovers\n|upkeep\n|-message|Rookie22 forfeited.\n|\n|win|Cinny69\n|raw|Cinny69's rating: 1390 &rarr; <strong>1408<\/strong><br \/>(+18 for winning)\n|raw|Rookie22's rating: 1349 &rarr; <strong>1331<\/strong><br \/>(-18 for losing)\n|l|\u2606Rookie22\n","uploadtime":1700241522,"views":20,"p1id":"cinny69","p2id":"rookie22","formatid":"gen9ou","rating":1331,"private":0,"password":""}