{"id":"gen9ou-2000065391","p1":"Prav33n","p2":"swumpy mumpus","format":"[Gen 9] OU","log":"|j|\u2606Prav33n\n|j|\u2606swumpy mumpus\n|t:|1701148546\n|gametype|singles\n|player|p1|Prav33n|swimmer-gen4|1616\n|player|p2|swumpy mumpus|170|1713\n|teamsize|p1|6\n|teamsize|p2|6\n|gen|9\n|tier|[Gen 9] OU\n|rated|\n|rule|Sleep Clause Mod: Limit one foe put to sleep\n|rule|Species Clause: Limit one of each Pok\u00e9mon\n|rule|OHKO Clause: OHKO moves are banned\n|rule|Evasion Items Clause: Evasion items are banned\n|rule|Evasion Moves Clause: Evasion moves are banned\n|rule|Endless Battle Clause: Forcing endless battles is banned\n|rule|HP Percentage Mod: HP is shown in percentages\n|clearpoke\n|poke|p1|Cinderace, M|\n|poke|p1|Landorus-Therian, M|\n|poke|p1|Weavile, M|\n|poke|p1|Great Tusk|\n|poke|p1|Gholdengo|\n|poke|p1|Walking Wake|\n|poke|p2|Articuno|\n|poke|p2|Maushold|\n|poke|p2|Weezing-Galar, F|\n|poke|p2|Garchomp, F|\n|poke|p2|Zarude|\n|poke|p2|Zamazenta-*|\n|teampreview\n|j| ouwuo\n|inactive|Battle timer is ON: inactive players will automatically lose when time's up. (requested by Prav33n)\n|\n|t:|1701148567\n|start\n|switch|p1a: Walking Wake|Walking Wake|100\/100\n|switch|p2a: Weezing|Weezing-Galar, F|100\/100\n|-fieldstart|move: Misty Terrain|[from] ability: Misty Surge|[of] p2a: Weezing\n|-enditem|p1a: Walking Wake|Booster Energy\n|-activate|p1a: Walking Wake|ability: Protosynthesis|[fromitem]\n|-start|p1a: Walking Wake|protosynthesisspa\n|turn|1\n|\n|t:|1701148575\n|switch|p2a: Zarude|Zarude|100\/100\n|-enditem|p2a: Zarude|Misty Seed\n|-boost|p2a: Zarude|spd|1|[from] item: Misty Seed\n|move|p1a: Walking Wake|Surf|p2a: Zarude\n|-resisted|p2a: Zarude\n|-damage|p2a: Zarude|79\/100\n|\n|upkeep\n|turn|2\n|\n|t:|1701148602\n|-terastallize|p1a: Walking Wake|Fairy\n|move|p2a: Zarude|Trailblaze|p1a: Walking Wake\n|-damage|p1a: Walking Wake|76\/100\n|-boost|p2a: Zarude|spe|1\n|move|p1a: Walking Wake|Agility|p1a: Walking Wake\n|-boost|p1a: Walking Wake|spe|2\n|\n|upkeep\n|turn|3\n|\n|t:|1701148612\n|move|p1a: Walking Wake|Flamethrower|p2a: Zarude\n|-supereffective|p2a: Zarude\n|-crit|p2a: Zarude\n|-damage|p2a: Zarude|0 fnt\n|faint|p2a: Zarude\n|\n|upkeep\n|inactive|swumpy mumpus has 120 seconds left.\n|l| ouwuo\n|inactive|swumpy mumpus has 90 seconds left.\n|\n|t:|1701148670\n|switch|p2a: Garchomp|Garchomp, F|100\/100\n|turn|4\n|j| ouwuo\n|\n|t:|1701148674\n|move|p1a: Walking Wake|Dragon Pulse|p2a: Garchomp\n|-supereffective|p2a: Garchomp\n|-damage|p2a: Garchomp|41\/100\n|move|p2a: Garchomp|Earthquake|p1a: Walking Wake\n|-damage|p1a: Walking Wake|33\/100\n|\n|upkeep\n|turn|5\n|\n|t:|1701148683\n|-terastallize|p2a: Garchomp|Water\n|move|p1a: Walking Wake|Dragon Pulse|p2a: Garchomp\n|-damage|p2a: Garchomp|11\/100\n|move|p2a: Garchomp|Earthquake|p1a: Walking Wake\n|-damage|p1a: Walking Wake|0 fnt\n|faint|p1a: Walking Wake\n|-end|p1a: Walking Wake|Protosynthesis|[silent]\n|\n|upkeep\n|\n|t:|1701148695\n|switch|p1a: Cinderace|Cinderace, M|100\/100\n|turn|6\n|\n|t:|1701148698\n|move|p1a: Cinderace|U-turn|p2a: Garchomp\n|-start|p1a: Cinderace|typechange|Bug|[from] ability: Libero\n|-damage|p2a: Garchomp|0 fnt\n|-damage|p1a: Cinderace|88\/100|[from] ability: Rough Skin|[of] p2a: Garchomp\n|-damage|p1a: Cinderace|72\/100|[from] item: Rocky Helmet|[of] p2a: Garchomp\n|faint|p2a: Garchomp\n|\n|t:|1701148703\n|switch|p1a: Gholdengo|Gholdengo|100\/100|[from] U-turn\n|-item|p1a: Gholdengo|Air Balloon\n|\n|upkeep\n|inactive|swumpy mumpus has 120 seconds left.\n|\n|t:|1701148710\n|switch|p2a: Zamazenta|Zamazenta|100\/100\n|-ability|p2a: Zamazenta|Dauntless Shield|boost\n|-boost|p2a: Zamazenta|def|1\n|turn|7\n|\n|t:|1701148714\n|switch|p1a: Landorus|Landorus-Therian, M|100\/100\n|-ability|p1a: Landorus|Intimidate|boost\n|-unboost|p2a: Zamazenta|atk|1\n|move|p2a: Zamazenta|Crunch|p1a: Landorus\n|-crit|p1a: Landorus\n|-damage|p1a: Landorus|73\/100\n|-damage|p2a: Zamazenta|84\/100|[from] item: Rocky Helmet|[of] p1a: Landorus\n|\n|-heal|p2a: Zamazenta|90\/100|[from] item: Leftovers\n|upkeep\n|turn|8\n|\n|t:|1701148719\n|switch|p2a: Articuno|Articuno|100\/100\n|-ability|p2a: Articuno|Pressure\n|move|p1a: Landorus|Grass Knot|p2a: Articuno\n|-resisted|p2a: Articuno\n|-damage|p2a: Articuno|94\/100\n|\n|-fieldend|Misty Terrain\n|upkeep\n|turn|9\n|\n|t:|1701148725\n|switch|p1a: Gholdengo|Gholdengo|100\/100\n|-item|p1a: Gholdengo|Air Balloon\n|move|p2a: Articuno|Freeze-Dry|p1a: Gholdengo\n|-resisted|p1a: Gholdengo\n|-damage|p1a: Gholdengo|83\/100\n|-enditem|p1a: Gholdengo|Air Balloon\n|\n|upkeep\n|turn|10\n|\n|t:|1701148729\n|move|p1a: Gholdengo|Nasty Plot|p1a: Gholdengo\n|-boost|p1a: Gholdengo|spa|2\n|move|p2a: Articuno|Freeze-Dry|p1a: Gholdengo\n|-resisted|p1a: Gholdengo\n|-damage|p1a: Gholdengo|61\/100\n|\n|upkeep\n|turn|11\n|\n|t:|1701148733\n|move|p1a: Gholdengo|Recover|p1a: Gholdengo\n|-heal|p1a: Gholdengo|100\/100\n|move|p2a: Articuno|Freeze-Dry|p1a: Gholdengo\n|-resisted|p1a: Gholdengo\n|-damage|p1a: Gholdengo|77\/100\n|\n|upkeep\n|turn|12\n|\n|t:|1701148739\n|move|p1a: Gholdengo|Make It Rain|p2a: Articuno\n|-supereffective|p2a: Articuno\n|-damage|p2a: Articuno|0 fnt\n|-unboost|p1a: Gholdengo|spa|1\n|faint|p2a: Articuno\n|\n|upkeep\n|\n|t:|1701148741\n|switch|p2a: Zamazenta|Zamazenta|90\/100\n|turn|13\n|\n|t:|1701148744\n|move|p2a: Zamazenta|Iron Defense|p2a: Zamazenta\n|-boost|p2a: Zamazenta|def|2\n|move|p1a: Gholdengo|Make It Rain|p2a: Zamazenta\n|-damage|p2a: Zamazenta|0 fnt\n|-unboost|p1a: Gholdengo|spa|1\n|faint|p2a: Zamazenta\n|\n|upkeep\n|\n|t:|1701148748\n|switch|p2a: Maushold|Maushold|100\/100\n|turn|14\n|\n|t:|1701148753\n|switch|p1a: Landorus|Landorus-Therian, M|73\/100\n|-ability|p1a: Landorus|Intimidate|boost\n|-unboost|p2a: Maushold|atk|1\n|move|p2a: Maushold|Bite|p1a: Landorus\n|-damage|p1a: Landorus|64\/100\n|-damage|p2a: Maushold|84\/100|[from] item: Rocky Helmet|[of] p1a: Landorus\n|\n|upkeep\n|turn|15\n|-message|swumpy mumpus forfeited.\n|\n|win|Prav33n\n|raw|Prav33n's rating: 1616 &rarr; <strong>1641<\/strong><br \/>(+25 for winning)\n|raw|swumpy mumpus's rating: 1713 &rarr; <strong>1688<\/strong><br \/>(-25 for losing)\n|l|\u2606swumpy mumpus\n","uploadtime":1701148767,"views":6,"p1id":"prav33n","p2id":"swumpymumpus","formatid":"gen9ou","rating":1641,"private":0,"password":""}