{"id":"gen9ou-1994488923","p1":"burberry bax","p2":"muffinATEthat","format":"[Gen 9] OU","log":"|j|\u2606burberry bax\n|j|\u2606muffinATEthat\n|t:|1700449861\n|gametype|singles\n|player|p1|burberry bax|lucas|\n|player|p2|muffinATEthat|iris-masters|\n|teamsize|p1|6\n|teamsize|p2|6\n|gen|9\n|tier|[Gen 9] OU\n|rule|Sleep Clause Mod: Limit one foe put to sleep\n|rule|Species Clause: Limit one of each Pok\u00e9mon\n|rule|OHKO Clause: OHKO moves are banned\n|rule|Evasion Items Clause: Evasion items are banned\n|rule|Evasion Moves Clause: Evasion moves are banned\n|rule|Endless Battle Clause: Forcing endless battles is banned\n|rule|HP Percentage Mod: HP is shown in percentages\n|clearpoke\n|poke|p1|Quaquaval, M|\n|poke|p1|Whiscash, M|\n|poke|p1|Umbreon, F|\n|poke|p1|Eelektross, M|\n|poke|p1|Salamence, M|\n|poke|p1|Amoonguss, F|\n|poke|p2|Slowbro, F|\n|poke|p2|Breloom, M|\n|poke|p2|Sandy Shocks|\n|poke|p2|Rotom-Heat|\n|poke|p2|Iron Jugulis|\n|poke|p2|Kingambit, M|\n|teampreview\n|j| DomNeedsHelp\n|j| SenketsuThreads\n|j| GymLeader Avery\n|j| acetrainerluck\n|c| DomNeedsHelp|Go!\n|\n|t:|1700449879\n|start\n|switch|p1a: rika|Eelektross, M, shiny|100\/100\n|switch|p2a: FREE CONGO|Sandy Shocks|100\/100\n|turn|1\n|c| acetrainerluck|lets go muffin\n|c| SenketsuThreads|weezy's social standing is on the line\n|\n|t:|1700449895\n|move|p2a: FREE CONGO|Volt Switch|p1a: rika\n|-resisted|p1a: rika\n|-damage|p1a: rika|83\/100\n|c| acetrainerluck|gl spike :)\n|j| TBK Renegades\n|j| CTE World\n|c| GymLeader Avery|AY\n|c| GymLeader Avery|SICK MFER\n|\n|t:|1700449943\n|-end|p2a: FREE CONGO|Protosynthesis|[silent]\n|switch|p2a: FREE SUDAN|Rotom-Heat, shiny|100\/100|[from] Volt Switch\n|move|p1a: rika|Volt Switch|p2a: FREE SUDAN\n|-resisted|p2a: FREE SUDAN\n|-damage|p2a: FREE SUDAN|78\/100\n|\n|t:|1700449947\n|switch|p1a: whisbrook|Whiscash, M|100\/100|[from] Volt Switch\n|\n|upkeep\n|turn|2\n|\n|t:|1700449963\n|switch|p2a: FREE CONGO|Sandy Shocks|100\/100\n|move|p1a: whisbrook|Spikes|p2a: FREE CONGO\n|-sidestart|p2: muffinATEthat|Spikes\n|\n|upkeep\n|turn|3\n|\n|t:|1700449984\n|switch|p1a: rika|Eelektross, M, shiny|83\/100\n|move|p2a: FREE CONGO|Stealth Rock|p1a: rika\n|-sidestart|p1: burberry bax|move: Stealth Rock\n|\n|upkeep\n|turn|4\n|\n|t:|1700450009\n|move|p2a: FREE CONGO|Stealth Rock||[still]\n|-fail|p2a: FREE CONGO\n|move|p1a: rika|Volt Switch|p2a: FREE CONGO\n|-immune|p2a: FREE CONGO\n|\n|upkeep\n|turn|5\n|c|\u2606muffinATEthat|:3\n|\n|t:|1700450017\n|-end|p2a: FREE CONGO|Protosynthesis|[silent]\n|switch|p2a: FREE SUDAN|Rotom-Heat, shiny|78\/100\n|move|p1a: rika|Volt Switch|p2a: FREE SUDAN\n|-resisted|p2a: FREE SUDAN\n|-damage|p2a: FREE SUDAN|59\/100\n|c| CTE World|LMAOOOOOOOOOOO\n|\n|t:|1700450019\n|switch|p1a: whisbrook|Whiscash, M|100\/100|[from] Volt Switch\n|-damage|p1a: whisbrook|94\/100|[from] Stealth Rock\n|\n|-heal|p1a: whisbrook|100\/100|[from] item: Leftovers\n|upkeep\n|turn|6\n|c|\u2606muffinATEthat|LMFAOOOO\n|c| CTE World|#G5Plays\n|c| acetrainerluck|lol\n|\n|t:|1700450065\n|switch|p2a: FREE HAITI|Iron Jugulis|100\/100\n|move|p1a: whisbrook|Stealth Rock|p2a: FREE HAITI\n|-sidestart|p2: muffinATEthat|move: Stealth Rock\n|\n|upkeep\n|turn|7\n|\n|t:|1700450090\n|switch|p1a: rika|Eelektross, M, shiny|83\/100\n|-damage|p1a: rika|70\/100|[from] Stealth Rock\n|move|p2a: FREE HAITI|Knock Off|p1a: rika\n|-damage|p1a: rika|47\/100\n|-enditem|p1a: rika|Assault Vest|[from] move: Knock Off|[of] p2a: FREE HAITI\n|\n|upkeep\n|turn|8\n|\n|t:|1700450144\n|switch|p1a: celty|Umbreon, F, shiny|100\/100\n|move|p2a: FREE HAITI|Dark Pulse|p1a: celty\n|-resisted|p1a: celty\n|-damage|p1a: celty|91\/100\n|\n|upkeep\n|turn|9\n|\n|t:|1700450161\n|move|p2a: FREE HAITI|Knock Off|p1a: celty\n|-resisted|p1a: celty\n|-damage|p1a: celty|82\/100\n|-enditem|p1a: celty|Heavy-Duty Boots|[from] move: Knock Off|[of] p2a: FREE HAITI\n|move|p1a: celty|Wish|p1a: celty\n|\n|upkeep\n|turn|10\n|\n|t:|1700450193\n|move|p2a: FREE HAITI|Dark Pulse|p1a: celty\n|-resisted|p1a: celty\n|-damage|p1a: celty|72\/100\n|cant|p1a: celty|flinch\n|\n|-heal|p1a: celty|100\/100|[from] move: Wish|[wisher] celty\n|upkeep\n|turn|11\n|\n|t:|1700450224\n|-end|p2a: FREE HAITI|Quark Drive|[silent]\n|switch|p2a: FREE TIGRAY|Breloom, M, shiny|100\/100\n|-damage|p2a: FREE TIGRAY|88\/100|[from] Spikes\n|-damage|p2a: FREE TIGRAY|82\/100|[from] Stealth Rock\n|move|p1a: celty|Wish|p1a: celty\n|\n|upkeep\n|turn|12\n|\n|t:|1700450239\n|switch|p1a: ultra headtop|Amoonguss, F, shiny|100\/100\n|move|p2a: FREE TIGRAY|Bullet Seed|p1a: ultra headtop\n|-resisted|p1a: ultra headtop\n|-damage|p1a: ultra headtop|97\/100\n|-resisted|p1a: ultra headtop\n|-damage|p1a: ultra headtop|93\/100\n|-resisted|p1a: ultra headtop\n|-damage|p1a: ultra headtop|89\/100\n|-resisted|p1a: ultra headtop\n|-damage|p1a: ultra headtop|86\/100\n|-hitcount|p1a: ultra headtop|4\n|\n|-heal|p1a: ultra headtop|100\/100|[from] move: Wish|[wisher] celty\n|upkeep\n|turn|13\n|\n|t:|1700450254\n|switch|p2a: FREE HAITI|Iron Jugulis|100\/100\n|move|p1a: ultra headtop|Spore|p2a: FREE HAITI\n|-status|p2a: FREE HAITI|slp|[from] move: Spore\n|\n|upkeep\n|turn|14\n|\n|t:|1700450270\n|-end|p2a: FREE HAITI|Quark Drive|[silent]\n|switch|p2a: FIRE FIST FOREVER|Kingambit, M, shiny|100\/100\n|-damage|p2a: FIRE FIST FOREVER|88\/100|[from] Spikes\n|-damage|p2a: FIRE FIST FOREVER|82\/100|[from] Stealth Rock\n|move|p1a: ultra headtop|Sludge Bomb|p2a: FIRE FIST FOREVER\n|-immune|p2a: FIRE FIST FOREVER\n|\n|upkeep\n|turn|15\n|\n|t:|1700450287\n|switch|p1a: zest lord|Quaquaval, M, shiny|100\/100\n|-damage|p1a: zest lord|94\/100|[from] Stealth Rock\n|move|p2a: FIRE FIST FOREVER|Swords Dance|p2a: FIRE FIST FOREVER\n|-boost|p2a: FIRE FIST FOREVER|atk|2\n|\n|upkeep\n|turn|16\n|\n|t:|1700450325\n|-end|p2a: FIRE FIST FOREVER|fallenundefined|[silent]\n|switch|p2a: FREE PALESTINE|Slowbro, F, shiny|100\/100\n|-damage|p2a: FREE PALESTINE|88\/100|[from] Spikes\n|-damage|p2a: FREE PALESTINE|76\/100|[from] Stealth Rock\n|move|p1a: zest lord|Close Combat|p2a: FREE PALESTINE\n|-resisted|p2a: FREE PALESTINE\n|-damage|p2a: FREE PALESTINE|52\/100\n|-unboost|p1a: zest lord|def|1\n|-unboost|p1a: zest lord|spd|1\n|\n|-heal|p2a: FREE PALESTINE|58\/100|[from] item: Leftovers\n|upkeep\n|turn|17\n|c|\u2606muffinATEthat|bro i was so close\n|c|\u2606muffinATEthat|so close u dont get it\n|c| acetrainerluck|lol\n|\n|t:|1700450363\n|switch|p1a: whisbrook|Whiscash, M|100\/100\n|-damage|p1a: whisbrook|94\/100|[from] Stealth Rock\n|switch|p2a: FREE HAITI|Iron Jugulis|100\/100 slp\n|\n|-heal|p1a: whisbrook|100\/100|[from] item: Leftovers\n|upkeep\n|turn|18\n|\n|t:|1700450377\n|-end|p2a: FREE HAITI|Quark Drive|[silent]\n|switch|p2a: FREE TIGRAY|Breloom, M, shiny|82\/100\n|-damage|p2a: FREE TIGRAY|69\/100|[from] Spikes\n|-damage|p2a: FREE TIGRAY|63\/100|[from] Stealth Rock\n|move|p1a: whisbrook|Spikes|p2a: FREE TIGRAY\n|-sidestart|p2: muffinATEthat|Spikes\n|\n|upkeep\n|turn|19\n|\n|t:|1700450400\n|switch|p2a: FREE HAITI|Iron Jugulis|100\/100 slp\n|switch|p1a: shit trash lmao|Salamence, M, shiny|100\/100\n|-ability|p1a: shit trash lmao|Intimidate|boost\n|-unboost|p2a: FREE HAITI|atk|1\n|\n|upkeep\n|turn|20\n|\n|t:|1700450413\n|move|p1a: shit trash lmao|Draco Meteor|p2a: FREE HAITI\n|-damage|p2a: FREE HAITI|50\/100 slp\n|-unboost|p1a: shit trash lmao|spa|2\n|cant|p2a: FREE HAITI|slp\n|\n|upkeep\n|turn|21\n|\n|t:|1700450425\n|switch|p1a: celty|Umbreon, F, shiny|100\/100\n|-damage|p1a: celty|88\/100|[from] Stealth Rock\n|cant|p2a: FREE HAITI|slp\n|\n|upkeep\n|turn|22\n|\n|t:|1700450433\n|cant|p2a: FREE HAITI|slp\n|move|p1a: celty|Wish|p1a: celty\n|\n|upkeep\n|turn|23\n|\n|t:|1700450438\n|-curestatus|p2a: FREE HAITI|slp|[msg]\n|move|p2a: FREE HAITI|Dark Pulse|p1a: celty\n|-resisted|p1a: celty\n|-damage|p1a: celty|79\/100\n|move|p1a: celty|Toxic|p2a: FREE HAITI\n|-status|p2a: FREE HAITI|tox\n|\n|-heal|p1a: celty|100\/100|[from] move: Wish|[wisher] celty\n|-damage|p2a: FREE HAITI|44\/100 tox|[from] psn\n|upkeep\n|turn|24\n|\n|t:|1700450450\n|move|p2a: FREE HAITI|Hurricane|p1a: celty\n|-damage|p1a: celty|76\/100\n|move|p1a: celty|Wish|p1a: celty\n|\n|-damage|p2a: FREE HAITI|31\/100 tox|[from] psn\n|upkeep\n|turn|25\n|\n|t:|1700450465\n|-end|p2a: FREE HAITI|Quark Drive|[silent]\n|switch|p2a: FREE CONGO|Sandy Shocks|100\/100\n|-damage|p2a: FREE CONGO|84\/100|[from] Spikes\n|-damage|p2a: FREE CONGO|78\/100|[from] Stealth Rock\n|move|p1a: celty|Foul Play|p2a: FREE CONGO\n|-damage|p2a: FREE CONGO|53\/100\n|\n|-heal|p1a: celty|100\/100|[from] move: Wish|[wisher] celty\n|upkeep\n|turn|26\n|\n|t:|1700450494\n|move|p2a: FREE CONGO|Volt Switch|p1a: celty\n|-damage|p1a: celty|67\/100\n|\n|t:|1700450498\n|-end|p2a: FREE CONGO|Protosynthesis|[silent]\n|switch|p2a: FREE TIGRAY|Breloom, M, shiny|63\/100|[from] Volt Switch\n|-damage|p2a: FREE TIGRAY|47\/100|[from] Spikes\n|-damage|p2a: FREE TIGRAY|41\/100|[from] Stealth Rock\n|move|p1a: celty|Toxic|p2a: FREE TIGRAY\n|-status|p2a: FREE TIGRAY|tox\n|\n|-damage|p2a: FREE TIGRAY|35\/100 tox|[from] psn\n|upkeep\n|turn|27\n|\n|t:|1700450509\n|switch|p2a: FREE SUDAN|Rotom-Heat, shiny|59\/100\n|switch|p1a: ultra headtop|Amoonguss, F, shiny|100\/100\n|\n|upkeep\n|turn|28\n|\n|t:|1700450521\n|switch|p2a: FREE HAITI|Iron Jugulis|31\/100 tox\n|switch|p1a: whisbrook|Whiscash, M|100\/100\n|-damage|p1a: whisbrook|94\/100|[from] Stealth Rock\n|\n|-heal|p1a: whisbrook|100\/100|[from] item: Leftovers\n|-damage|p2a: FREE HAITI|25\/100 tox|[from] psn\n|upkeep\n|turn|29\n|\n|t:|1700450563\n|move|p2a: FREE HAITI|Hurricane|p1a: whisbrook\n|-damage|p1a: whisbrook|61\/100\n|move|p1a: whisbrook|Surf|p2a: FREE HAITI\n|-damage|p2a: FREE HAITI|7\/100 tox\n|\n|-heal|p1a: whisbrook|67\/100|[from] item: Leftovers\n|-damage|p2a: FREE HAITI|0 fnt|[from] psn\n|faint|p2a: FREE HAITI\n|-end|p2a: FREE HAITI|Quark Drive|[silent]\n|upkeep\n|\n|t:|1700450593\n|switch|p2a: FREE PALESTINE|Slowbro, F, shiny|91\/100\n|-damage|p2a: FREE PALESTINE|74\/100|[from] Spikes\n|-damage|p2a: FREE PALESTINE|62\/100|[from] Stealth Rock\n|turn|30\n|\n|t:|1700450615\n|switch|p1a: celty|Umbreon, F, shiny|67\/100\n|-damage|p1a: celty|55\/100|[from] Stealth Rock\n|switch|p2a: FREE SUDAN|Rotom-Heat, shiny|59\/100\n|\n|upkeep\n|turn|31\n|\n|t:|1700450641\n|switch|p1a: whisbrook|Whiscash, M|67\/100\n|-damage|p1a: whisbrook|61\/100|[from] Stealth Rock\n|move|p2a: FREE SUDAN|Volt Switch|p1a: whisbrook\n|-immune|p1a: whisbrook\n|\n|-heal|p1a: whisbrook|67\/100|[from] item: Leftovers\n|upkeep\n|turn|32\n|\n|t:|1700450654\n|move|p2a: FREE SUDAN|Nasty Plot|p2a: FREE SUDAN\n|-boost|p2a: FREE SUDAN|spa|2\n|move|p1a: whisbrook|Surf|p2a: FREE SUDAN\n|-supereffective|p2a: FREE SUDAN\n|-damage|p2a: FREE SUDAN|0 fnt\n|faint|p2a: FREE SUDAN\n|\n|-heal|p1a: whisbrook|73\/100|[from] item: Leftovers\n|upkeep\n|\n|t:|1700450662\n|switch|p2a: FREE TIGRAY|Breloom, M, shiny|35\/100 tox\n|-damage|p2a: FREE TIGRAY|18\/100 tox|[from] Spikes\n|-damage|p2a: FREE TIGRAY|12\/100 tox|[from] Stealth Rock\n|turn|33\n|\n|t:|1700450690\n|switch|p1a: ultra headtop|Amoonguss, F, shiny|100\/100\n|move|p2a: FREE TIGRAY|Bullet Seed|p1a: ultra headtop\n|-resisted|p1a: ultra headtop\n|-damage|p1a: ultra headtop|97\/100\n|-resisted|p1a: ultra headtop\n|-damage|p1a: ultra headtop|93\/100\n|-resisted|p1a: ultra headtop\n|-crit|p1a: ultra headtop\n|-damage|p1a: ultra headtop|88\/100\n|-resisted|p1a: ultra headtop\n|-damage|p1a: ultra headtop|84\/100\n|-resisted|p1a: ultra headtop\n|-damage|p1a: ultra headtop|80\/100\n|-hitcount|p1a: ultra headtop|5\n|\n|-damage|p2a: FREE TIGRAY|6\/100 tox|[from] psn\n|upkeep\n|turn|34\n|c|\u2606muffinATEthat|ah jeez\n|\n|t:|1700450706\n|switch|p1a: shit trash lmao|Salamence, M, shiny|100\/100\n|-ability|p1a: shit trash lmao|Intimidate|boost\n|-unboost|p2a: FREE TIGRAY|atk|1\n|move|p2a: FREE TIGRAY|Close Combat|p1a: shit trash lmao\n|-resisted|p1a: shit trash lmao\n|-damage|p1a: shit trash lmao|76\/100\n|-unboost|p2a: FREE TIGRAY|def|1\n|-unboost|p2a: FREE TIGRAY|spd|1\n|\n|-damage|p2a: FREE TIGRAY|0 fnt|[from] psn\n|faint|p2a: FREE TIGRAY\n|upkeep\n|\n|t:|1700450718\n|switch|p2a: FREE PALESTINE|Slowbro, F, shiny|95\/100\n|-damage|p2a: FREE PALESTINE|79\/100|[from] Spikes\n|-damage|p2a: FREE PALESTINE|66\/100|[from] Stealth Rock\n|turn|35\n|\n|t:|1700450728\n|move|p1a: shit trash lmao|Draco Meteor|p2a: FREE PALESTINE\n|-damage|p2a: FREE PALESTINE|2\/100\n|-unboost|p1a: shit trash lmao|spa|2\n|move|p2a: FREE PALESTINE|Scald|p1a: shit trash lmao\n|-resisted|p1a: shit trash lmao\n|-damage|p1a: shit trash lmao|60\/100\n|\n|-heal|p2a: FREE PALESTINE|8\/100|[from] item: Leftovers\n|upkeep\n|turn|36\n|c|\u2606muffinATEthat|oh u wanted her dead so bad omg\n|c| SenketsuThreads|alexa\n|c| SenketsuThreads|play despacito\n|c|\u2606muffinATEthat|LMFAO\n|\n|t:|1700450779\n|switch|p1a: rika|Eelektross, M, shiny|47\/100\n|-damage|p1a: rika|34\/100|[from] Stealth Rock\n|move|p2a: FREE PALESTINE|Slack Off|p2a: FREE PALESTINE\n|-heal|p2a: FREE PALESTINE|58\/100\n|\n|-heal|p2a: FREE PALESTINE|64\/100|[from] item: Leftovers\n|upkeep\n|turn|37\n|\n|t:|1700450801\n|switch|p2a: FIRE FIST FOREVER|Kingambit, M, shiny|82\/100\n|-damage|p2a: FIRE FIST FOREVER|65\/100|[from] Spikes\n|-damage|p2a: FIRE FIST FOREVER|59\/100|[from] Stealth Rock\n|-activate|p2a: FIRE FIST FOREVER|ability: Supreme Overlord\n|-start|p2a: FIRE FIST FOREVER|fallen3|[silent]\n|move|p1a: rika|Volt Switch|p2a: FIRE FIST FOREVER\n|-damage|p2a: FIRE FIST FOREVER|30\/100\n|\n|t:|1700450812\n|switch|p1a: zest lord|Quaquaval, M, shiny|94\/100|[from] Volt Switch\n|-damage|p1a: zest lord|88\/100|[from] Stealth Rock\n|\n|upkeep\n|turn|38\n|\n|t:|1700450821\n|-end|p2a: FIRE FIST FOREVER|fallen3|[silent]\n|switch|p2a: FREE PALESTINE|Slowbro, F, shiny|97\/100\n|-damage|p2a: FREE PALESTINE|81\/100|[from] Spikes\n|-damage|p2a: FREE PALESTINE|69\/100|[from] Stealth Rock\n|move|p1a: zest lord|Close Combat|p2a: FREE PALESTINE\n|-resisted|p2a: FREE PALESTINE\n|-damage|p2a: FREE PALESTINE|44\/100\n|-unboost|p1a: zest lord|def|1\n|-unboost|p1a: zest lord|spd|1\n|\n|-heal|p2a: FREE PALESTINE|50\/100|[from] item: Leftovers\n|upkeep\n|turn|39\n|\n|t:|1700450836\n|switch|p1a: rika|Eelektross, M, shiny|34\/100\n|-damage|p1a: rika|22\/100|[from] Stealth Rock\n|switch|p2a: FREE CONGO|Sandy Shocks|53\/100\n|-damage|p2a: FREE CONGO|36\/100|[from] Spikes\n|-damage|p2a: FREE CONGO|30\/100|[from] Stealth Rock\n|\n|upkeep\n|turn|40\n|\n|t:|1700450850\n|move|p2a: FREE CONGO|Earth Power|p1a: rika\n|-immune|p1a: rika|[from] ability: Levitate\n|move|p1a: rika|Giga Drain|p2a: FREE CONGO\n|-supereffective|p2a: FREE CONGO\n|-damage|p2a: FREE CONGO|0 fnt\n|-heal|p1a: rika|34\/100|[from] drain|[of] p2a: FREE CONGO\n|faint|p2a: FREE CONGO\n|-end|p2a: FREE CONGO|Protosynthesis|[silent]\n|\n|upkeep\n|c|\u2606muffinATEthat|oopsie :3\n|\n|t:|1700450866\n|switch|p2a: FIRE FIST FOREVER|Kingambit, M, shiny|30\/100\n|-damage|p2a: FIRE FIST FOREVER|14\/100|[from] Spikes\n|-damage|p2a: FIRE FIST FOREVER|7\/100|[from] Stealth Rock\n|-activate|p2a: FIRE FIST FOREVER|ability: Supreme Overlord\n|-start|p2a: FIRE FIST FOREVER|fallen4|[silent]\n|turn|41\n|\n|t:|1700450873\n|move|p2a: FIRE FIST FOREVER|Swords Dance|p2a: FIRE FIST FOREVER\n|-boost|p2a: FIRE FIST FOREVER|atk|2\n|move|p1a: rika|Volt Switch|p2a: FIRE FIST FOREVER\n|-damage|p2a: FIRE FIST FOREVER|0 fnt\n|faint|p2a: FIRE FIST FOREVER\n|-end|p2a: FIRE FIST FOREVER|fallen4|[silent]\n|\n|t:|1700450878\n|switch|p1a: celty|Umbreon, F, shiny|55\/100|[from] Volt Switch\n|-damage|p1a: celty|42\/100|[from] Stealth Rock\n|\n|upkeep\n|c| SenketsuThreads|NOOOOOOOOOOOOOOOOOOOOOOOO\n|\n|t:|1700450883\n|switch|p2a: FREE PALESTINE|Slowbro, F, shiny|84\/100\n|-damage|p2a: FREE PALESTINE|67\/100|[from] Spikes\n|-damage|p2a: FREE PALESTINE|55\/100|[from] Stealth Rock\n|turn|42\n|c|\u2606muffinATEthat|ggs spike :D rly scary games\n|\n|t:|1700450892\n|move|p1a: celty|Moonlight|p1a: celty\n|-heal|p1a: celty|92\/100\n|move|p2a: FREE PALESTINE|Ice Beam|p1a: celty\n|-damage|p1a: celty|80\/100\n|\n|-heal|p2a: FREE PALESTINE|61\/100|[from] item: Leftovers\n|upkeep\n|turn|43\n|c| SenketsuThreads|amazing season\n|c|\u2606burberry bax|ggs\n|c| GymLeader Avery|my parl-\n|c|\u2606muffinATEthat|LOL\n|c|\u2606burberry bax|wanted to save the whiscash for potentail g5\n|-message|muffinATEthat forfeited.\n|\n|win|burberry bax\n|l| GymLeader Avery\n|l|\u2606muffinATEthat\n|l| TBK Renegades\n","uploadtime":1700450926,"views":27,"p1id":"burberrybax","p2id":"muffinatethat","formatid":"gen9ou","rating":0,"private":0,"password":""}