{"id":"gen9ou-1994863182","p1":"christmascracker44","p2":"yoissy","format":"[Gen 9] OU","log":"|j|\u2606christmascracker44\n|j|\u2606yoissy\n|t:|1700499673\n|gametype|singles\n|player|p1|christmascracker44|170|1401\n|player|p2|yoissy|lance-lgpe|1328\n|teamsize|p1|6\n|teamsize|p2|6\n|gen|9\n|tier|[Gen 9] OU\n|rated|\n|rule|Sleep Clause Mod: Limit one foe put to sleep\n|rule|Species Clause: Limit one of each Pok\u00e9mon\n|rule|OHKO Clause: OHKO moves are banned\n|rule|Evasion Items Clause: Evasion items are banned\n|rule|Evasion Moves Clause: Evasion moves are banned\n|rule|Endless Battle Clause: Forcing endless battles is banned\n|rule|HP Percentage Mod: HP is shown in percentages\n|clearpoke\n|poke|p1|Ogerpon-Wellspring, F|\n|poke|p1|Corviknight, F|\n|poke|p1|Kingambit, M|\n|poke|p1|Rotom-Wash|\n|poke|p1|Scream Tail|\n|poke|p1|Clodsire, F|\n|poke|p2|Slowking-Galar, F|\n|poke|p2|Amoonguss, M|\n|poke|p2|Kingambit, M|\n|poke|p2|Glimmora, M|\n|poke|p2|Scizor, F|\n|poke|p2|Landorus-Therian, M|\n|teampreview\n|inactive|Battle timer is ON: inactive players will automatically lose when time's up. (requested by christmascracker44)\n|\n|t:|1700499686\n|start\n|switch|p1a: Clodsire|Clodsire, F|100\/100\n|switch|p2a: Glimmora|Glimmora, M|100\/100\n|turn|1\n|\n|t:|1700499690\n|move|p2a: Glimmora|Earth Power|p1a: Clodsire\n|-supereffective|p1a: Clodsire\n|-damage|p1a: Clodsire|69\/100\n|move|p1a: Clodsire|Earthquake|p2a: Glimmora\n|-supereffective|p2a: Glimmora\n|-damage|p2a: Glimmora|0 fnt\n|-activate|p2a: Glimmora|ability: Toxic Debris\n|-sidestart|p1: christmascracker44|move: Toxic Spikes\n|faint|p2a: Glimmora\n|\n|-heal|p1a: Clodsire|75\/100|[from] item: Leftovers\n|upkeep\n|\n|t:|1700499699\n|switch|p2a: Slowking|Slowking-Galar, F|100\/100\n|turn|2\n|\n|t:|1700499706\n|move|p2a: Slowking|Future Sight|p1a: Clodsire\n|-start|p2a: Slowking|move: Future Sight\n|move|p1a: Clodsire|Stealth Rock|p2a: Slowking\n|-sidestart|p2: yoissy|move: Stealth Rock\n|\n|-heal|p1a: Clodsire|81\/100|[from] item: Leftovers\n|upkeep\n|turn|3\n|\n|t:|1700499718\n|switch|p2a: Landorus|Landorus-Therian, M|100\/100\n|-damage|p2a: Landorus|88\/100|[from] Stealth Rock\n|-ability|p2a: Landorus|Intimidate|boost\n|-unboost|p1a: Clodsire|atk|1\n|switch|p1a: Corviknight|Corviknight, F|100\/100\n|-ability|p1a: Corviknight|Pressure\n|\n|-heal|p2a: Landorus|94\/100|[from] item: Leftovers\n|upkeep\n|turn|4\n|\n|t:|1700499725\n|move|p2a: Landorus|Stone Edge|p1a: Corviknight|[miss]\n|-miss|p2a: Landorus|p1a: Corviknight\n|move|p1a: Corviknight|U-turn|p2a: Landorus\n|-resisted|p2a: Landorus\n|-crit|p2a: Landorus\n|-damage|p2a: Landorus|82\/100\n|\n|t:|1700499728\n|switch|p1a: Clodsire|Clodsire, F|81\/100|[from] U-turn\n|-sideend|p1: christmascracker44|move: Toxic Spikes|[of] p1a: Clodsire\n|\n|-end|p1a: Clodsire|move: Future Sight\n|-supereffective|p1a: Clodsire\n|-damage|p1a: Clodsire|32\/100\n|-heal|p2a: Landorus|88\/100|[from] item: Leftovers\n|-heal|p1a: Clodsire|38\/100|[from] item: Leftovers\n|upkeep\n|turn|5\n|\n|t:|1700499739\n|switch|p1a: Corviknight|Corviknight, F|100\/100\n|-ability|p1a: Corviknight|Pressure\n|move|p2a: Landorus|Earthquake|p1a: Corviknight\n|-immune|p1a: Corviknight\n|\n|-heal|p2a: Landorus|94\/100|[from] item: Leftovers\n|upkeep\n|turn|6\n|\n|t:|1700499748\n|move|p2a: Landorus|Stone Edge|p1a: Corviknight\n|-damage|p1a: Corviknight|76\/100\n|move|p1a: Corviknight|U-turn|p2a: Landorus\n|-resisted|p2a: Landorus\n|-damage|p2a: Landorus|86\/100\n|\n|t:|1700499752\n|switch|p1a: Ogerpon|Ogerpon-Wellspring, F|100\/100|[from] U-turn\n|\n|-heal|p2a: Landorus|92\/100|[from] item: Leftovers\n|upkeep\n|turn|7\n|\n|t:|1700499761\n|switch|p1a: Rotom|Rotom-Wash|100\/100\n|switch|p2a: Amoonguss|Amoonguss, M|100\/100\n|-damage|p2a: Amoonguss|88\/100|[from] Stealth Rock\n|\n|upkeep\n|turn|8\n|\n|t:|1700499773\n|move|p1a: Rotom|Trick|p2a: Amoonguss\n|-activate|p1a: Rotom|move: Trick|[of] p2a: Amoonguss\n|-item|p2a: Amoonguss|Choice Scarf|[from] move: Trick\n|-item|p1a: Rotom|Red Card|[from] move: Trick\n|move|p2a: Amoonguss|Spore|p1a: Rotom\n|-status|p1a: Rotom|slp|[from] move: Spore\n|\n|upkeep\n|turn|9\n|\n|t:|1700499784\n|switch|p2a: Kingambit|Kingambit, M|100\/100\n|-activate|p2a: Kingambit|ability: Supreme Overlord\n|-start|p2a: Kingambit|fallen1|[silent]\n|cant|p1a: Rotom|slp\n|\n|upkeep\n|turn|10\n|\n|t:|1700499790\n|cant|p1a: Rotom|slp\n|move|p2a: Kingambit|Swords Dance|p2a: Kingambit\n|-boost|p2a: Kingambit|atk|2\n|\n|upkeep\n|turn|11\n|\n|t:|1700499793\n|cant|p1a: Rotom|slp\n|move|p2a: Kingambit|Kowtow Cleave|p1a: Rotom\n|-damage|p1a: Rotom|0 fnt\n|faint|p1a: Rotom\n|\n|upkeep\n|\n|t:|1700499804\n|switch|p1a: Scream Tail|Scream Tail|100\/100\n|turn|12\n|\n|t:|1700499809\n|move|p1a: Scream Tail|Thunder Wave|p2a: Kingambit\n|-status|p2a: Kingambit|par\n|move|p2a: Kingambit|Iron Head|p1a: Scream Tail\n|-supereffective|p1a: Scream Tail\n|-damage|p1a: Scream Tail|0 fnt\n|faint|p1a: Scream Tail\n|-end|p1a: Scream Tail|Protosynthesis|[silent]\n|\n|upkeep\n|\n|t:|1700499813\n|switch|p1a: Kingambit|Kingambit, M|100\/100\n|-activate|p1a: Kingambit|ability: Supreme Overlord\n|-start|p1a: Kingambit|fallen2|[silent]\n|turn|13\n|\n|t:|1700499818\n|move|p1a: Kingambit|Swords Dance|p1a: Kingambit\n|-boost|p1a: Kingambit|atk|2\n|cant|p2a: Kingambit|par\n|\n|upkeep\n|turn|14\n|\n|t:|1700499825\n|move|p1a: Kingambit|Iron Head|p2a: Kingambit\n|-resisted|p2a: Kingambit\n|-damage|p2a: Kingambit|57\/100 par\n|cant|p2a: Kingambit|flinch\n|\n|upkeep\n|turn|15\n|\n|t:|1700499831\n|-end|p2a: Kingambit|fallen1|[silent]\n|switch|p2a: Landorus|Landorus-Therian, M|92\/100\n|-damage|p2a: Landorus|80\/100|[from] Stealth Rock\n|-ability|p2a: Landorus|Intimidate|boost\n|-unboost|p1a: Kingambit|atk|1\n|move|p1a: Kingambit|Iron Head|p2a: Landorus\n|-damage|p2a: Landorus|0 fnt\n|faint|p2a: Landorus\n|\n|upkeep\n|\n|t:|1700499838\n|switch|p2a: Scizor|Scizor, F|100\/100\n|turn|16\n|\n|t:|1700499841\n|-end|p1a: Kingambit|fallen2|[silent]\n|switch|p1a: Corviknight|Corviknight, F|76\/100\n|-ability|p1a: Corviknight|Pressure\n|move|p2a: Scizor|Close Combat|p1a: Corviknight\n|-damage|p1a: Corviknight|48\/100\n|-unboost|p2a: Scizor|def|1\n|-unboost|p2a: Scizor|spd|1\n|-damage|p2a: Scizor|84\/100|[from] item: Rocky Helmet|[of] p1a: Corviknight\n|\n|upkeep\n|turn|17\n|\n|t:|1700499849\n|switch|p2a: Slowking|Slowking-Galar, F|100\/100\n|-damage|p2a: Slowking|88\/100|[from] Stealth Rock\n|move|p1a: Corviknight|Roost|p1a: Corviknight\n|-heal|p1a: Corviknight|98\/100\n|-singleturn|p1a: Corviknight|move: Roost\n|\n|upkeep\n|turn|18\n|\n|t:|1700499854\n|move|p1a: Corviknight|U-turn|p2a: Slowking\n|-damage|p2a: Slowking|72\/100\n|\n|t:|1700499856\n|switch|p1a: Ogerpon|Ogerpon-Wellspring, F|100\/100|[from] U-turn\n|move|p2a: Slowking|Future Sight|p1a: Ogerpon\n|-start|p2a: Slowking|move: Future Sight\n|\n|upkeep\n|turn|19\n|\n|t:|1700499864\n|switch|p1a: Kingambit|Kingambit, M|100\/100\n|-activate|p1a: Kingambit|ability: Supreme Overlord\n|-start|p1a: Kingambit|fallen2|[silent]\n|switch|p2a: Amoonguss|Amoonguss, M|100\/100\n|-damage|p2a: Amoonguss|88\/100|[from] Stealth Rock\n|\n|upkeep\n|turn|20\n|\n|t:|1700499871\n|-end|p1a: Kingambit|fallen2|[silent]\n|switch|p1a: Ogerpon|Ogerpon-Wellspring, F|100\/100\n|switch|p2a: Scizor|Scizor, F|84\/100\n|\n|-end|p1a: Ogerpon|move: Future Sight\n|-damage|p1a: Ogerpon|38\/100\n|upkeep\n|turn|21\n|\n|t:|1700499881\n|move|p1a: Ogerpon|Ivy Cudgel|p2a: Scizor|[anim] Ivy Cudgel Water\n|-damage|p2a: Scizor|30\/100\n|move|p2a: Scizor|U-turn|p1a: Ogerpon\n|-supereffective|p1a: Ogerpon\n|-damage|p1a: Ogerpon|0 fnt\n|faint|p1a: Ogerpon\n|\n|t:|1700499889\n|switch|p2a: Slowking|Slowking-Galar, F|100\/100|[from] U-turn\n|-damage|p2a: Slowking|88\/100|[from] Stealth Rock\n|\n|upkeep\n|\n|t:|1700499891\n|switch|p1a: Clodsire|Clodsire, F|38\/100\n|turn|22\n|\n|t:|1700499898\n|move|p2a: Slowking|Future Sight|p1a: Clodsire\n|-start|p2a: Slowking|move: Future Sight\n|move|p1a: Clodsire|Recover|p1a: Clodsire\n|-heal|p1a: Clodsire|88\/100\n|\n|-heal|p1a: Clodsire|94\/100|[from] item: Leftovers\n|upkeep\n|turn|23\n|\n|t:|1700499914\n|move|p2a: Slowking|Flamethrower|p1a: Clodsire\n|-damage|p1a: Clodsire|80\/100\n|move|p1a: Clodsire|Earthquake|p2a: Slowking\n|-supereffective|p2a: Slowking\n|-damage|p2a: Slowking|31\/100\n|\n|-heal|p1a: Clodsire|86\/100|[from] item: Leftovers\n|upkeep\n|turn|24\n|\n|t:|1700499921\n|switch|p2a: Amoonguss|Amoonguss, M|100\/100\n|-damage|p2a: Amoonguss|88\/100|[from] Stealth Rock\n|move|p1a: Clodsire|Recover|p1a: Clodsire\n|-heal|p1a: Clodsire|100\/100\n|\n|-end|p1a: Clodsire|move: Future Sight\n|-supereffective|p1a: Clodsire\n|-damage|p1a: Clodsire|44\/100\n|-heal|p1a: Clodsire|51\/100|[from] item: Leftovers\n|upkeep\n|turn|25\n|\n|t:|1700499928\n|switch|p1a: Corviknight|Corviknight, F|98\/100\n|-ability|p1a: Corviknight|Pressure\n|move|p2a: Amoonguss|Spore|p1a: Corviknight\n|-status|p1a: Corviknight|slp|[from] move: Spore\n|\n|upkeep\n|turn|26\n|\n|t:|1700499938\n|switch|p1a: Clodsire|Clodsire, F|51\/100\n|switch|p2a: Slowking|Slowking-Galar, F|64\/100\n|-damage|p2a: Slowking|52\/100|[from] Stealth Rock\n|\n|-heal|p1a: Clodsire|57\/100|[from] item: Leftovers\n|upkeep\n|turn|27\n|\n|t:|1700499944\n|move|p2a: Slowking|Future Sight|p1a: Clodsire\n|-start|p2a: Slowking|move: Future Sight\n|move|p1a: Clodsire|Earthquake|p2a: Slowking\n|-supereffective|p2a: Slowking\n|-damage|p2a: Slowking|0 fnt\n|faint|p2a: Slowking\n|\n|-heal|p1a: Clodsire|63\/100|[from] item: Leftovers\n|upkeep\n|\n|t:|1700499963\n|switch|p2a: Amoonguss|Amoonguss, M|100\/100\n|-damage|p2a: Amoonguss|88\/100|[from] Stealth Rock\n|turn|28\n|\n|t:|1700499969\n|move|p2a: Amoonguss|Giga Drain|p1a: Clodsire\n|-damage|p1a: Clodsire|51\/100\n|-heal|p2a: Amoonguss|95\/100|[from] drain|[of] p1a: Clodsire\n|move|p1a: Clodsire|Recover|p1a: Clodsire\n|-heal|p1a: Clodsire|100\/100\n|\n|upkeep\n|turn|29\n|\n|t:|1700499977\n|move|p2a: Amoonguss|Giga Drain|p1a: Clodsire\n|-damage|p1a: Clodsire|88\/100\n|-heal|p2a: Amoonguss|100\/100|[from] drain|[of] p1a: Clodsire\n|move|p1a: Clodsire|Earthquake|p2a: Amoonguss\n|-damage|p2a: Amoonguss|79\/100\n|\n|-end|p1a: Clodsire|move: Future Sight\n|-supereffective|p1a: Clodsire\n|-damage|p1a: Clodsire|38\/100\n|-heal|p1a: Clodsire|44\/100|[from] item: Leftovers\n|upkeep\n|turn|30\n|\n|t:|1700499982\n|move|p2a: Amoonguss|Giga Drain|p1a: Clodsire\n|-damage|p1a: Clodsire|32\/100\n|-heal|p2a: Amoonguss|85\/100|[from] drain|[of] p1a: Clodsire\n|move|p1a: Clodsire|Recover|p1a: Clodsire\n|-heal|p1a: Clodsire|82\/100\n|\n|-heal|p1a: Clodsire|89\/100|[from] item: Leftovers\n|upkeep\n|turn|31\n|-message|yoissy forfeited.\n|\n|win|christmascracker44\n|raw|christmascracker44's rating: 1401 &rarr; <strong>1417<\/strong><br \/>(+16 for winning)\n|raw|yoissy's rating: 1328 &rarr; <strong>1312<\/strong><br \/>(-16 for losing)\n|l|\u2606yoissy\n","uploadtime":1700499996,"views":15,"p1id":"christmascracker44","p2id":"yoissy","formatid":"gen9ou","rating":1312,"private":0,"password":""}