{"id":"gen9ou-1991248451","p1":"GwpRay","p2":"TergFerb","format":"[Gen 9] OU","log":"|j|\u2606GwpRay\n|j|\u2606TergFerb\n|t:|1700061103\n|gametype|singles\n|player|p1|GwpRay|2|1083\n|player|p2|TergFerb|1|1000\n|teamsize|p1|6\n|teamsize|p2|6\n|gen|9\n|tier|[Gen 9] OU\n|rated|\n|rule|Sleep Clause Mod: Limit one foe put to sleep\n|rule|Species Clause: Limit one of each Pok\u00e9mon\n|rule|OHKO Clause: OHKO moves are banned\n|rule|Evasion Items Clause: Evasion items are banned\n|rule|Evasion Moves Clause: Evasion moves are banned\n|rule|Endless Battle Clause: Forcing endless battles is banned\n|rule|HP Percentage Mod: HP is shown in percentages\n|clearpoke\n|poke|p1|Ditto|\n|poke|p1|Meowscarada, M|\n|poke|p1|Sneasler, F|\n|poke|p1|Zapdos|\n|poke|p1|Slowking, M|\n|poke|p1|Stonjourner, F|\n|poke|p2|Garganacl, F|\n|poke|p2|Dragapult, F|\n|poke|p2|Breloom, F|\n|poke|p2|Corviknight, M|\n|poke|p2|Ninetales-Alola, F|\n|poke|p2|Ursaluna, M|\n|teampreview\n|\n|t:|1700061118\n|start\n|switch|p1a: Zapdos|Zapdos|100\/100\n|switch|p2a: BearlyLegal|Ursaluna, M|100\/100\n|turn|1\n|\n|t:|1700061137\n|move|p1a: Zapdos|Heat Wave|p2a: BearlyLegal\n|-damage|p2a: BearlyLegal|65\/100\n|move|p2a: BearlyLegal|Earthquake|p1a: Zapdos\n|-immune|p1a: Zapdos\n|\n|-status|p2a: BearlyLegal|brn|[from] item: Flame Orb\n|upkeep\n|turn|2\n|\n|t:|1700061147\n|move|p1a: Zapdos|Heat Wave|p2a: BearlyLegal\n|-damage|p2a: BearlyLegal|33\/100 brn\n|move|p2a: BearlyLegal|Facade|p1a: Zapdos\n|-damage|p1a: Zapdos|0 fnt\n|faint|p1a: Zapdos\n|\n|-damage|p2a: BearlyLegal|27\/100 brn|[from] brn\n|upkeep\n|\n|t:|1700061163\n|switch|p1a: Meowscarada|Meowscarada, M|100\/100\n|turn|3\n|\n|t:|1700061167\n|move|p1a: Meowscarada|U-turn|p2a: BearlyLegal\n|-start|p1a: Meowscarada|typechange|Bug|[from] ability: Protean\n|-damage|p2a: BearlyLegal|0 fnt\n|faint|p2a: BearlyLegal\n|\n|t:|1700061177\n|switch|p1a: Slowking|Slowking, M|100\/100|[from] U-turn\n|\n|upkeep\n|\n|t:|1700061183\n|switch|p2a: Cheqm8|Corviknight, M|100\/100\n|-ability|p2a: Cheqm8|Pressure\n|turn|4\n|\n|t:|1700061201\n|move|p2a: Cheqm8|Brave Bird|p1a: Slowking\n|-damage|p1a: Slowking|64\/100\n|-damage|p2a: Cheqm8|88\/100|[from] Recoil\n|move|p1a: Slowking|Future Sight|p2a: Cheqm8\n|-start|p1a: Slowking|move: Future Sight\n|\n|upkeep\n|turn|5\n|\n|t:|1700061213\n|move|p2a: Cheqm8|Defog|p1a: Slowking\n|-unboost|p1a: Slowking|evasion|1\n|move|p1a: Slowking|Chilling Water|p2a: Cheqm8\n|-damage|p2a: Cheqm8|68\/100\n|-unboost|p2a: Cheqm8|atk|1\n|\n|upkeep\n|turn|6\n|\n|t:|1700061221\n|move|p2a: Cheqm8|U-turn|p1a: Slowking\n|-supereffective|p1a: Slowking\n|-damage|p1a: Slowking|43\/100\n|\n|t:|1700061235\n|switch|p2a: Dragula|Dragapult, F, shiny|100\/100|[from] U-turn\n|move|p1a: Slowking|Chilling Water|p2a: Dragula\n|-resisted|p2a: Dragula\n|-damage|p2a: Dragula|83\/100\n|\n|-end|p2a: Dragula|move: Future Sight\n|-damage|p2a: Dragula|3\/100\n|upkeep\n|turn|7\n|\n|t:|1700061249\n|switch|p1a: Meowscarada|Meowscarada, M|100\/100\n|move|p2a: Dragula|U-turn|p1a: Meowscarada\n|-supereffective|p1a: Meowscarada\n|-damage|p1a: Meowscarada|0 fnt\n|faint|p1a: Meowscarada\n|\n|t:|1700061265\n|switch|p2a: Nice-cicles|Ninetales-Alola, F|100\/100|[from] U-turn\n|-weather|Snow|[from] ability: Snow Warning|[of] p2a: Nice-cicles\n|\n|-weather|Snow|[upkeep]\n|upkeep\n|\n|t:|1700061270\n|switch|p1a: Stonjourner|Stonjourner, F|100\/100\n|turn|8\n|\n|t:|1700061274\n|move|p2a: Nice-cicles|Freeze-Dry|p1a: Stonjourner\n|-damage|p1a: Stonjourner|72\/100\n|move|p1a: Stonjourner|Heavy Slam|p2a: Nice-cicles\n|-supereffective|p2a: Nice-cicles\n|-damage|p2a: Nice-cicles|0 fnt\n|faint|p2a: Nice-cicles\n|\n|-weather|Snow|[upkeep]\n|upkeep\n|\n|t:|1700061284\n|switch|p2a: Broloom420|Breloom, F, shiny|100\/100\n|turn|9\n|\n|t:|1700061299\n|move|p2a: Broloom420|Leech Seed|p1a: Stonjourner\n|-start|p1a: Stonjourner|move: Leech Seed\n|move|p1a: Stonjourner|Body Press|p2a: Broloom420\n|-damage|p2a: Broloom420|70\/100\n|\n|-weather|Snow|[upkeep]\n|-damage|p1a: Stonjourner|59\/100|[from] Leech Seed|[of] p2a: Broloom420\n|-heal|p2a: Broloom420|86\/100|[silent]\n|upkeep\n|turn|10\n|\n|t:|1700061331\n|switch|p2a: PoundRocks|Garganacl, F|100\/100\n|switch|p1a: Sneasler|Sneasler, F|100\/100\n|\n|-weather|Snow|[upkeep]\n|upkeep\n|turn|11\n|\n|t:|1700061339\n|move|p1a: Sneasler|Close Combat|p2a: PoundRocks\n|-supereffective|p2a: PoundRocks\n|-damage|p2a: PoundRocks|0 fnt\n|-unboost|p1a: Sneasler|def|1\n|-unboost|p1a: Sneasler|spd|1\n|faint|p2a: PoundRocks\n|-damage|p1a: Sneasler|91\/100|[from] item: Life Orb\n|\n|-weather|none\n|upkeep\n|\n|t:|1700061351\n|switch|p2a: Broloom420|Breloom, F, shiny|86\/100\n|turn|12\n|\n|t:|1700061361\n|-singleturn|p2a: Broloom420|move: Focus Punch\n|move|p1a: Sneasler|Dire Claw|p2a: Broloom420\n|-supereffective|p2a: Broloom420\n|-damage|p2a: Broloom420|0 fnt\n|faint|p2a: Broloom420\n|-damage|p1a: Sneasler|81\/100|[from] item: Life Orb\n|\n|upkeep\n|\n|t:|1700061370\n|switch|p2a: Dragula|Dragapult, F, shiny|3\/100\n|turn|13\n|\n|t:|1700061394\n|switch|p1a: Stonjourner|Stonjourner, F|59\/100\n|move|p2a: Dragula|Hex|p1a: Stonjourner\n|-damage|p1a: Stonjourner|8\/100\n|-enditem|p1a: Stonjourner|Figy Berry|[eat]\n|-heal|p1a: Stonjourner|42\/100|[from] item: Figy Berry\n|\n|upkeep\n|turn|14\n|\n|t:|1700061402\n|move|p2a: Dragula|Hex|p1a: Stonjourner\n|-damage|p1a: Stonjourner|0 fnt\n|faint|p1a: Stonjourner\n|\n|upkeep\n|\n|t:|1700061417\n|switch|p1a: rapiditto|Ditto, shiny|100\/100\n|-transform|p1a: rapiditto|p2a: Dragula|[from] ability: Imposter\n|turn|15\n|\n|t:|1700061426\n|-terastallize|p1a: rapiditto|Normal\n|move|p1a: rapiditto|Hex|p2a: Dragula\n|-supereffective|p2a: Dragula\n|-damage|p2a: Dragula|0 fnt\n|faint|p2a: Dragula\n|\n|upkeep\n|\n|t:|1700061432\n|switch|p2a: Cheqm8|Corviknight, M|68\/100\n|-ability|p2a: Cheqm8|Pressure\n|turn|16\n|\n|t:|1700061440\n|switch|p1a: Slowking|Slowking, M|76\/100\n|-terastallize|p2a: Cheqm8|Flying\n|move|p2a: Cheqm8|Brave Bird|p1a: Slowking\n|-damage|p1a: Slowking|25\/100\n|-damage|p2a: Cheqm8|51\/100|[from] Recoil\n|\n|upkeep\n|turn|17\n|\n|t:|1700061452\n|switch|p1a: rapiditto|Ditto, shiny, tera:Normal|100\/100\n|-transform|p1a: rapiditto|p2a: Cheqm8|[from] ability: Imposter\n|-ability|p1a: rapiditto|Pressure\n|move|p2a: Cheqm8|U-turn|p1a: rapiditto\n|-damage|p1a: rapiditto|87\/100\n|\n|upkeep\n|turn|18\n|\n|t:|1700061463\n|move|p1a: rapiditto|Brave Bird|p2a: Cheqm8\n|-damage|p2a: Cheqm8|29\/100\n|-damage|p1a: rapiditto|70\/100|[from] item: Rocky Helmet|[of] p2a: Cheqm8\n|-damage|p1a: rapiditto|60\/100|[from] Recoil\n|move|p2a: Cheqm8|Roost|p2a: Cheqm8\n|-heal|p2a: Cheqm8|78\/100\n|-hint|If a Flying Terastallized Pokemon uses Roost, it remains Flying-type.\n|\n|upkeep\n|turn|19\n|\n|t:|1700061474\n|move|p1a: rapiditto|Brave Bird|p2a: Cheqm8\n|-damage|p2a: Cheqm8|54\/100\n|-damage|p1a: rapiditto|44\/100|[from] item: Rocky Helmet|[of] p2a: Cheqm8\n|-damage|p1a: rapiditto|33\/100|[from] Recoil\n|move|p2a: Cheqm8|Brave Bird|p1a: rapiditto\n|-damage|p1a: rapiditto|0 fnt\n|faint|p1a: rapiditto\n|-damage|p2a: Cheqm8|46\/100|[from] Recoil\n|\n|upkeep\n|\n|t:|1700061482\n|switch|p1a: Sneasler|Sneasler, F|81\/100\n|turn|20\n|\n|t:|1700061489\n|move|p1a: Sneasler|Fake Out|p2a: Cheqm8\n|-damage|p2a: Cheqm8|35\/100\n|-damage|p1a: Sneasler|64\/100|[from] item: Rocky Helmet|[of] p2a: Cheqm8\n|-damage|p1a: Sneasler|54\/100|[from] item: Life Orb\n|cant|p2a: Cheqm8|flinch\n|\n|upkeep\n|turn|21\n|\n|t:|1700061496\n|move|p1a: Sneasler|U-turn|p2a: Cheqm8\n|-resisted|p2a: Cheqm8\n|-damage|p2a: Cheqm8|25\/100\n|-damage|p1a: Sneasler|37\/100|[from] item: Rocky Helmet|[of] p2a: Cheqm8\n|-damage|p1a: Sneasler|27\/100|[from] item: Life Orb\n|\n|t:|1700061499\n|switch|p1a: Slowking|Slowking, M|58\/100|[from] U-turn\n|move|p2a: Cheqm8|Roost|p2a: Cheqm8\n|-heal|p2a: Cheqm8|75\/100\n|-hint|If a Flying Terastallized Pokemon uses Roost, it remains Flying-type.\n|\n|upkeep\n|turn|22\n|\n|t:|1700061507\n|move|p2a: Cheqm8|Brave Bird|p1a: Slowking\n|-damage|p1a: Slowking|4\/100\n|-damage|p2a: Cheqm8|58\/100|[from] Recoil\n|move|p1a: Slowking|Future Sight|p2a: Cheqm8\n|-start|p1a: Slowking|move: Future Sight\n|\n|upkeep\n|turn|23\n|\n|t:|1700061514\n|move|p2a: Cheqm8|Brave Bird|p1a: Slowking\n|-damage|p1a: Slowking|0 fnt\n|faint|p1a: Slowking\n|-damage|p2a: Cheqm8|57\/100|[from] Recoil\n|\n|upkeep\n|\n|t:|1700061517\n|switch|p1a: Sneasler|Sneasler, F|27\/100\n|turn|24\n|\n|t:|1700061523\n|move|p1a: Sneasler|Fake Out|p2a: Cheqm8\n|-damage|p2a: Cheqm8|46\/100\n|-damage|p1a: Sneasler|11\/100|[from] item: Rocky Helmet|[of] p2a: Cheqm8\n|-damage|p1a: Sneasler|1\/100|[from] item: Life Orb\n|cant|p2a: Cheqm8|flinch\n|\n|-end|p2a: Cheqm8|move: Future Sight\n|-damage|p2a: Cheqm8|0 fnt\n|faint|p2a: Cheqm8\n|\n|win|GwpRay\n|upkeep\n|raw|GwpRay's rating: 1083 &rarr; <strong>1104<\/strong><br \/>(+21 for winning)\n|raw|TergFerb's rating: 1000 &rarr; <strong>1000<\/strong><br \/>(+0 for losing)\n|c|\u2606TergFerb|HOLY SHIT\n|c|\u2606TergFerb|NICE\n|c|\u2606GwpRay|gg\n|c|\u2606GwpRay|XD\n|c|\u2606GwpRay|close\n|l|\u2606TergFerb\n","uploadtime":1700061676,"views":5,"p1id":"gwpray","p2id":"tergferb","formatid":"gen9ou","rating":1000,"private":0,"password":""}