{"id":"gen9ou-1989383634","p1":"xxzfn","p2":"wooloo supremacy","format":"[Gen 9] OU","log":"|j|\u2606xxzfn\n|j|\u2606wooloo supremacy\n|t:|1699843371\n|gametype|singles\n|player|p1|xxzfn|2|1547\n|player|p2|wooloo supremacy|adaman|1648\n|teamsize|p1|6\n|teamsize|p2|6\n|gen|9\n|tier|[Gen 9] OU\n|rated|\n|rule|Sleep Clause Mod: Limit one foe put to sleep\n|rule|Species Clause: Limit one of each Pok\u00e9mon\n|rule|OHKO Clause: OHKO moves are banned\n|rule|Evasion Items Clause: Evasion items are banned\n|rule|Evasion Moves Clause: Evasion moves are banned\n|rule|Endless Battle Clause: Forcing endless battles is banned\n|rule|HP Percentage Mod: HP is shown in percentages\n|clearpoke\n|poke|p1|Dondozo, F|\n|poke|p1|Gholdengo|\n|poke|p1|Kommo-o, M|\n|poke|p1|Landorus-Therian, M|\n|poke|p1|Hatterene, F|\n|poke|p1|Hoopa-Unbound|\n|poke|p2|Great Tusk|\n|poke|p2|Hatterene, F|\n|poke|p2|Dondozo, M|\n|poke|p2|Mandibuzz, F|\n|poke|p2|Heatran, M|\n|poke|p2|Dragapult, M|\n|teampreview\n|inactive|Battle timer is ON: inactive players will automatically lose when time's up. (requested by wooloo supremacy)\n|inactive|xxzfn also wants the timer to be on.\n|inactive|wooloo supremacy has 120 seconds left.\n|\n|t:|1699843418\n|start\n|switch|p1a: Landorus|Landorus-Therian, M|100\/100\n|switch|p2a: Heatran|Heatran, M|100\/100\n|-ability|p1a: Landorus|Intimidate|boost\n|-unboost|p2a: Heatran|atk|1\n|turn|1\n|\n|t:|1699843423\n|switch|p2a: Mandibuzz|Mandibuzz, F|100\/100\n|move|p1a: Landorus|Earthquake|p2a: Mandibuzz\n|-immune|p2a: Mandibuzz\n|\n|upkeep\n|turn|2\n|\n|t:|1699843437\n|switch|p1a: Dondozo|Dondozo, F|100\/100\n|move|p2a: Mandibuzz|Foul Play|p1a: Dondozo\n|-damage|p1a: Dondozo|80\/100\n|\n|-heal|p1a: Dondozo|86\/100|[from] item: Leftovers\n|upkeep\n|turn|3\n|\n|t:|1699843441\n|move|p2a: Mandibuzz|U-turn|p1a: Dondozo\n|-damage|p1a: Dondozo|79\/100\n|\n|t:|1699843444\n|switch|p2a: Dondozo|Dondozo, M|100\/100|[from] U-turn\n|move|p1a: Dondozo|Waterfall|p2a: Dondozo\n|-resisted|p2a: Dondozo\n|-damage|p2a: Dondozo|93\/100\n|\n|-heal|p2a: Dondozo|99\/100|[from] item: Leftovers\n|-heal|p1a: Dondozo|85\/100|[from] item: Leftovers\n|upkeep\n|turn|4\n|\n|t:|1699843453\n|switch|p1a: Gholdengo|Gholdengo|100\/100\n|switch|p2a: Dragapult|Dragapult, M|100\/100\n|\n|upkeep\n|turn|5\n|\n|t:|1699843463\n|switch|p2a: Mandibuzz|Mandibuzz, F|100\/100\n|move|p1a: Gholdengo|Shadow Ball|p2a: Mandibuzz\n|-resisted|p2a: Mandibuzz\n|-damage|p2a: Mandibuzz|80\/100\n|\n|upkeep\n|turn|6\n|\n|t:|1699843468\n|move|p1a: Gholdengo|Nasty Plot|p1a: Gholdengo\n|-boost|p1a: Gholdengo|spa|2\n|move|p2a: Mandibuzz|U-turn|p1a: Gholdengo\n|-resisted|p1a: Gholdengo\n|-damage|p1a: Gholdengo|98\/100\n|\n|t:|1699843474\n|switch|p2a: Heatran|Heatran, M|100\/100|[from] U-turn\n|\n|upkeep\n|turn|7\n|\n|t:|1699843478\n|move|p1a: Gholdengo|Shadow Ball|p2a: Heatran\n|-damage|p2a: Heatran|40\/100\n|move|p2a: Heatran|Magma Storm|p1a: Gholdengo\n|-supereffective|p1a: Gholdengo\n|-damage|p1a: Gholdengo|10\/100\n|-activate|p1a: Gholdengo|move: Magma Storm|[of] p2a: Heatran\n|\n|-heal|p2a: Heatran|47\/100|[from] item: Leftovers\n|-damage|p1a: Gholdengo|0 fnt|[from] move: Magma Storm|[partiallytrapped]\n|faint|p1a: Gholdengo\n|upkeep\n|\n|t:|1699843482\n|switch|p1a: Kommo-o|Kommo-o, M|100\/100\n|turn|8\n|\n|t:|1699843497\n|move|p1a: Kommo-o|Clangorous Soul|p1a: Kommo-o\n|-boost|p1a: Kommo-o|atk|1\n|-boost|p1a: Kommo-o|def|1\n|-boost|p1a: Kommo-o|spa|1\n|-boost|p1a: Kommo-o|spd|1\n|-boost|p1a: Kommo-o|spe|1\n|-damage|p1a: Kommo-o|68\/100\n|move|p2a: Heatran|Magma Storm|p1a: Kommo-o|[miss]\n|-miss|p2a: Heatran|p1a: Kommo-o\n|\n|-heal|p2a: Heatran|53\/100|[from] item: Leftovers\n|upkeep\n|turn|9\n|\n|t:|1699843505\n|move|p2a: Heatran|Protect|p2a: Heatran\n|-singleturn|p2a: Heatran|Protect\n|move|p1a: Kommo-o|Drain Punch|p2a: Heatran\n|-activate|p2a: Heatran|move: Protect\n|\n|-heal|p2a: Heatran|59\/100|[from] item: Leftovers\n|upkeep\n|turn|10\n|\n|t:|1699843511\n|switch|p2a: Hatterene|Hatterene, F|100\/100\n|move|p1a: Kommo-o|Poison Jab|p2a: Hatterene\n|-supereffective|p2a: Hatterene\n|-damage|p2a: Hatterene|54\/100\n|\n|-heal|p2a: Hatterene|60\/100|[from] item: Leftovers\n|upkeep\n|turn|11\n|\n|t:|1699843530\n|-terastallize|p1a: Kommo-o|Fighting\n|move|p1a: Kommo-o|Poison Jab|p2a: Hatterene\n|-supereffective|p2a: Hatterene\n|-crit|p2a: Hatterene\n|-damage|p2a: Hatterene|0 fnt\n|faint|p2a: Hatterene\n|\n|upkeep\n|\n|t:|1699843546\n|switch|p2a: Dondozo|Dondozo, M|99\/100\n|turn|12\n|\n|t:|1699843550\n|move|p1a: Kommo-o|Taunt|p2a: Dondozo\n|-start|p2a: Dondozo|move: Taunt\n|move|p2a: Dondozo|Liquidation|p1a: Kommo-o\n|-damage|p1a: Kommo-o|44\/100\n|\n|-heal|p2a: Dondozo|100\/100|[from] item: Leftovers\n|upkeep\n|turn|13\n|\n|t:|1699843553\n|move|p1a: Kommo-o|Drain Punch|p2a: Dondozo\n|-damage|p2a: Dondozo|78\/100\n|-heal|p1a: Kommo-o|60\/100|[from] drain|[of] p2a: Dondozo\n|move|p2a: Dondozo|Liquidation|p1a: Kommo-o\n|-damage|p1a: Kommo-o|38\/100\n|\n|-heal|p2a: Dondozo|84\/100|[from] item: Leftovers\n|upkeep\n|turn|14\n|\n|t:|1699843557\n|move|p1a: Kommo-o|Drain Punch|p2a: Dondozo\n|-damage|p2a: Dondozo|63\/100\n|-heal|p1a: Kommo-o|53\/100|[from] drain|[of] p2a: Dondozo\n|move|p2a: Dondozo|Liquidation|p1a: Kommo-o\n|-damage|p1a: Kommo-o|30\/100\n|\n|-heal|p2a: Dondozo|69\/100|[from] item: Leftovers\n|-end|p2a: Dondozo|move: Taunt\n|upkeep\n|turn|15\n|\n|t:|1699843565\n|move|p1a: Kommo-o|Poison Jab|p2a: Dondozo\n|-damage|p2a: Dondozo|58\/100\n|-status|p2a: Dondozo|psn\n|move|p2a: Dondozo|Liquidation|p1a: Kommo-o\n|-damage|p1a: Kommo-o|5\/100\n|-enditem|p1a: Kommo-o|Figy Berry|[eat]\n|-heal|p1a: Kommo-o|38\/100|[from] item: Figy Berry\n|\n|-heal|p2a: Dondozo|64\/100 psn|[from] item: Leftovers\n|-damage|p2a: Dondozo|51\/100 psn|[from] psn\n|upkeep\n|turn|16\n|\n|t:|1699843570\n|move|p1a: Kommo-o|Taunt|p2a: Dondozo\n|-start|p2a: Dondozo|move: Taunt\n|cant|p2a: Dondozo|move: Taunt|Rest\n|\n|-heal|p2a: Dondozo|57\/100 psn|[from] item: Leftovers\n|-damage|p2a: Dondozo|45\/100 psn|[from] psn\n|upkeep\n|turn|17\n|\n|t:|1699843572\n|move|p1a: Kommo-o|Drain Punch|p2a: Dondozo\n|-damage|p2a: Dondozo|23\/100 psn\n|-heal|p1a: Kommo-o|54\/100|[from] drain|[of] p2a: Dondozo\n|move|p2a: Dondozo|Liquidation|p1a: Kommo-o\n|-damage|p1a: Kommo-o|32\/100\n|\n|-heal|p2a: Dondozo|29\/100 psn|[from] item: Leftovers\n|-damage|p2a: Dondozo|17\/100 psn|[from] psn\n|upkeep\n|turn|18\n|\n|t:|1699843575\n|move|p1a: Kommo-o|Drain Punch|p2a: Dondozo\n|-damage|p2a: Dondozo|0 fnt\n|-heal|p1a: Kommo-o|44\/100|[from] drain|[of] p2a: Dondozo\n|faint|p2a: Dondozo\n|\n|upkeep\n|\n|t:|1699843578\n|switch|p2a: Dragapult|Dragapult, M|100\/100\n|turn|19\n|\n|t:|1699843583\n|-terastallize|p2a: Dragapult|Ghost\n|move|p1a: Kommo-o|Poison Jab|p2a: Dragapult\n|-resisted|p2a: Dragapult\n|-damage|p2a: Dragapult|81\/100\n|move|p2a: Dragapult|Draco Meteor|p1a: Kommo-o\n|-damage|p1a: Kommo-o|0 fnt\n|-unboost|p2a: Dragapult|spa|2\n|faint|p1a: Kommo-o\n|\n|upkeep\n|\n|t:|1699843593\n|switch|p1a: Hoopa|Hoopa-Unbound|100\/100\n|turn|20\n|\n|t:|1699843599\n|switch|p2a: Mandibuzz|Mandibuzz, F|80\/100\n|move|p1a: Hoopa|Trick|p2a: Mandibuzz\n|-activate|p1a: Hoopa|move: Trick|[of] p2a: Mandibuzz\n|-item|p2a: Mandibuzz|Choice Band|[from] move: Trick\n|-item|p1a: Hoopa|Heavy-Duty Boots|[from] move: Trick\n|\n|upkeep\n|turn|21\n|\n|t:|1699843608\n|switch|p1a: Dondozo|Dondozo, F|85\/100\n|move|p2a: Mandibuzz|U-turn|p1a: Dondozo\n|-damage|p1a: Dondozo|74\/100\n|\n|t:|1699843614\n|switch|p2a: Dragapult|Dragapult, M, tera:Ghost|81\/100|[from] U-turn\n|\n|-heal|p1a: Dondozo|80\/100|[from] item: Leftovers\n|upkeep\n|turn|22\n|\n|t:|1699843619\n|switch|p1a: Hoopa|Hoopa-Unbound|100\/100\n|move|p2a: Dragapult|Shadow Ball|p1a: Hoopa\n|-damage|p1a: Hoopa|25\/100\n|-unboost|p1a: Hoopa|spd|1\n|\n|upkeep\n|turn|23\n|\n|t:|1699843629\n|move|p2a: Dragapult|Shadow Ball|p1a: Hoopa\n|-damage|p1a: Hoopa|0 fnt\n|faint|p1a: Hoopa\n|\n|upkeep\n|\n|t:|1699843631\n|switch|p1a: Landorus|Landorus-Therian, M|100\/100\n|-ability|p1a: Landorus|Intimidate|boost\n|-unboost|p2a: Dragapult|atk|1\n|turn|24\n|\n|t:|1699843635\n|switch|p2a: Great Tusk|Great Tusk|100\/100\n|move|p1a: Landorus|U-turn|p2a: Great Tusk\n|-resisted|p2a: Great Tusk\n|-damage|p2a: Great Tusk|91\/100\n|\n|t:|1699843639\n|switch|p1a: Hatterene|Hatterene, F|100\/100|[from] U-turn\n|\n|upkeep\n|turn|25\n|\n|t:|1699843643\n|-end|p2a: Great Tusk|Protosynthesis|[silent]\n|switch|p2a: Heatran|Heatran, M|59\/100\n|move|p1a: Hatterene|Draining Kiss|p2a: Heatran\n|-resisted|p2a: Heatran\n|-damage|p2a: Heatran|56\/100\n|\n|-heal|p2a: Heatran|62\/100|[from] item: Leftovers\n|upkeep\n|turn|26\n|\n|t:|1699843648\n|move|p2a: Heatran|Magma Storm|p1a: Hatterene|[miss]\n|-miss|p2a: Heatran|p1a: Hatterene\n|move|p1a: Hatterene|Nuzzle|p2a: Heatran\n|-damage|p2a: Heatran|59\/100\n|-status|p2a: Heatran|par\n|\n|-heal|p2a: Heatran|65\/100 par|[from] item: Leftovers\n|upkeep\n|turn|27\n|\n|t:|1699843652\n|move|p2a: Heatran|Magma Storm|p1a: Hatterene\n|-damage|p1a: Hatterene|56\/100\n|-activate|p1a: Hatterene|move: Magma Storm|[of] p2a: Heatran\n|move|p1a: Hatterene|Calm Mind|p1a: Hatterene\n|-boost|p1a: Hatterene|spa|1\n|-boost|p1a: Hatterene|spd|1\n|\n|-heal|p2a: Heatran|71\/100 par|[from] item: Leftovers\n|-heal|p1a: Hatterene|62\/100|[from] item: Leftovers\n|-damage|p1a: Hatterene|50\/100|[from] move: Magma Storm|[partiallytrapped]\n|upkeep\n|turn|28\n|\n|t:|1699843657\n|move|p2a: Heatran|Earth Power|p1a: Hatterene\n|-damage|p1a: Hatterene|30\/100\n|move|p1a: Hatterene|Calm Mind|p1a: Hatterene\n|-boost|p1a: Hatterene|spa|1\n|-boost|p1a: Hatterene|spd|1\n|\n|-heal|p2a: Heatran|77\/100 par|[from] item: Leftovers\n|-heal|p1a: Hatterene|36\/100|[from] item: Leftovers\n|-damage|p1a: Hatterene|24\/100|[from] move: Magma Storm|[partiallytrapped]\n|upkeep\n|turn|29\n|\n|t:|1699843665\n|move|p2a: Heatran|Magma Storm|p1a: Hatterene\n|-damage|p1a: Hatterene|3\/100\n|move|p1a: Hatterene|Psychic|p2a: Heatran\n|-resisted|p2a: Heatran\n|-damage|p2a: Heatran|50\/100 par\n|\n|-heal|p2a: Heatran|56\/100 par|[from] item: Leftovers\n|-heal|p1a: Hatterene|9\/100|[from] item: Leftovers\n|-damage|p1a: Hatterene|0 fnt|[from] move: Magma Storm|[partiallytrapped]\n|faint|p1a: Hatterene\n|upkeep\n|\n|t:|1699843670\n|switch|p1a: Dondozo|Dondozo, F|80\/100\n|turn|30\n|\n|t:|1699843676\n|move|p1a: Dondozo|Curse|p1a: Dondozo\n|-unboost|p1a: Dondozo|spe|1\n|-boost|p1a: Dondozo|atk|1\n|-boost|p1a: Dondozo|def|1\n|move|p2a: Heatran|Taunt|p1a: Dondozo\n|-start|p1a: Dondozo|move: Taunt\n|\n|-heal|p2a: Heatran|62\/100 par|[from] item: Leftovers\n|-heal|p1a: Dondozo|86\/100|[from] item: Leftovers\n|upkeep\n|turn|31\n|\n|t:|1699843681\n|cant|p2a: Heatran|par\n|move|p1a: Dondozo|Waterfall|p2a: Heatran\n|-supereffective|p2a: Heatran\n|-damage|p2a: Heatran|0 fnt\n|faint|p2a: Heatran\n|\n|-heal|p1a: Dondozo|92\/100|[from] item: Leftovers\n|upkeep\n|\n|t:|1699843684\n|switch|p2a: Dragapult|Dragapult, M, tera:Ghost|81\/100\n|turn|32\n|\n|t:|1699843688\n|move|p2a: Dragapult|Shadow Ball|p1a: Dondozo\n|-damage|p1a: Dondozo|45\/100\n|move|p1a: Dondozo|Waterfall|p2a: Dragapult\n|-damage|p2a: Dragapult|23\/100\n|\n|-heal|p1a: Dondozo|52\/100|[from] item: Leftovers\n|upkeep\n|turn|33\n|\n|t:|1699843694\n|move|p2a: Dragapult|Shadow Ball|p1a: Dondozo\n|-damage|p1a: Dondozo|6\/100\n|move|p1a: Dondozo|Waterfall|p2a: Dragapult\n|-damage|p2a: Dragapult|0 fnt\n|faint|p2a: Dragapult\n|\n|-heal|p1a: Dondozo|12\/100|[from] item: Leftovers\n|-end|p1a: Dondozo|move: Taunt\n|upkeep\n|\n|t:|1699843697\n|switch|p2a: Great Tusk|Great Tusk|91\/100\n|turn|34\n|\n|t:|1699843701\n|switch|p1a: Landorus|Landorus-Therian, M|100\/100\n|-ability|p1a: Landorus|Intimidate|boost\n|-unboost|p2a: Great Tusk|atk|1\n|move|p2a: Great Tusk|Close Combat|p1a: Landorus\n|-resisted|p1a: Landorus\n|-crit|p1a: Landorus\n|-damage|p1a: Landorus|21\/100\n|-unboost|p2a: Great Tusk|def|1\n|-unboost|p2a: Great Tusk|spd|1\n|\n|upkeep\n|turn|35\n|\n|t:|1699843707\n|move|p1a: Landorus|Earthquake|p2a: Great Tusk\n|-damage|p2a: Great Tusk|27\/100\n|move|p2a: Great Tusk|Close Combat|p1a: Landorus\n|-resisted|p1a: Landorus\n|-damage|p1a: Landorus|0 fnt\n|-unboost|p2a: Great Tusk|def|1\n|-unboost|p2a: Great Tusk|spd|1\n|faint|p1a: Landorus\n|\n|upkeep\n|\n|t:|1699843710\n|switch|p1a: Dondozo|Dondozo, F|12\/100\n|turn|36\n|\n|t:|1699843713\n|move|p2a: Great Tusk|Close Combat|p1a: Dondozo\n|-damage|p1a: Dondozo|0 fnt\n|-unboost|p2a: Great Tusk|def|1\n|-unboost|p2a: Great Tusk|spd|1\n|faint|p1a: Dondozo\n|\n|win|wooloo supremacy\n|raw|xxzfn's rating: 1547 &rarr; <strong>1534<\/strong><br \/>(-13 for losing)\n|raw|wooloo supremacy's rating: 1671 &rarr; <strong>1684<\/strong><br \/>(+13 for winning)\n","uploadtime":1699843717,"views":20,"p1id":"xxzfn","p2id":"wooloosupremacy","formatid":"gen9ou","rating":1534,"private":0,"password":""}