{"id":"gen9ou-1988748435","p1":"santos_overlord","p2":"trayvor1322","format":"[Gen 9] OU","log":"|j|\u2606santos_overlord\n|j|\u2606trayvor1322\n|t:|1699758116\n|gametype|singles\n|player|p1|santos_overlord|scientist-gen4dp|1659\n|player|p2|trayvor1322|birdkeeper-gen4dp|1634\n|teamsize|p1|6\n|teamsize|p2|6\n|gen|9\n|tier|[Gen 9] OU\n|rated|\n|rule|Sleep Clause Mod: Limit one foe put to sleep\n|rule|Species Clause: Limit one of each Pok\u00e9mon\n|rule|OHKO Clause: OHKO moves are banned\n|rule|Evasion Items Clause: Evasion items are banned\n|rule|Evasion Moves Clause: Evasion moves are banned\n|rule|Endless Battle Clause: Forcing endless battles is banned\n|rule|HP Percentage Mod: HP is shown in percentages\n|clearpoke\n|poke|p1|Samurott-Hisui, M|\n|poke|p1|Ogerpon-Wellspring, F|\n|poke|p1|Gliscor, F|\n|poke|p1|Corviknight, F|\n|poke|p1|Cinderace, F|\n|poke|p1|Dragonite, F|\n|poke|p2|Maushold|\n|poke|p2|Rillaboom, M|\n|poke|p2|Great Tusk|\n|poke|p2|Heatran, M|\n|poke|p2|Enamorus, F|\n|poke|p2|Kingambit, F|\n|teampreview\n|inactive|Battle timer is ON: inactive players will automatically lose when time's up. (requested by santos_overlord)\n|inactive|trayvor1322 also wants the timer to be on.\n|inactive|trayvor1322 has 120 seconds left.\n|\n|t:|1699758159\n|start\n|switch|p1a: Samurott|Samurott-Hisui, M|100\/100\n|switch|p2a: Rillaboom|Rillaboom, M|100\/100\n|-fieldstart|move: Grassy Terrain|[from] ability: Grassy Surge|[of] p2a: Rillaboom\n|turn|1\n|\n|t:|1699758167\n|switch|p1a: Corviknight|Corviknight, F|100\/100\n|move|p2a: Rillaboom|U-turn|p1a: Corviknight\n|-resisted|p1a: Corviknight\n|-damage|p1a: Corviknight|93\/100\n|\n|t:|1699758169\n|switch|p2a: Heatran|Heatran, M|100\/100|[from] U-turn\n|\n|-heal|p1a: Corviknight|99\/100|[from] item: Leftovers\n|upkeep\n|turn|2\n|\n|t:|1699758181\n|switch|p1a: Gliscor|Gliscor, F|100\/100\n|move|p2a: Heatran|Stealth Rock|p1a: Gliscor\n|-sidestart|p1: santos_overlord|move: Stealth Rock\n|\n|-status|p1a: Gliscor|tox|[from] item: Toxic Orb\n|upkeep\n|turn|3\n|\n|t:|1699758186\n|move|p1a: Gliscor|Knock Off|p2a: Heatran\n|-damage|p2a: Heatran|81\/100\n|-enditem|p2a: Heatran|Leftovers|[from] move: Knock Off|[of] p1a: Gliscor\n|move|p2a: Heatran|Taunt|p1a: Gliscor\n|-start|p1a: Gliscor|move: Taunt\n|\n|-heal|p2a: Heatran|87\/100|[from] Grassy Terrain\n|upkeep\n|turn|4\n|\n|t:|1699758207\n|move|p1a: Gliscor|Knock Off|p2a: Heatran\n|-damage|p2a: Heatran|74\/100\n|move|p2a: Heatran|Magma Storm|p1a: Gliscor\n|-damage|p1a: Gliscor|56\/100 tox\n|-activate|p1a: Gliscor|move: Magma Storm|[of] p2a: Heatran\n|\n|-heal|p2a: Heatran|80\/100|[from] Grassy Terrain\n|-heal|p1a: Gliscor|68\/100 tox|[from] ability: Poison Heal\n|-damage|p1a: Gliscor|56\/100 tox|[from] move: Magma Storm|[partiallytrapped]\n|upkeep\n|turn|5\n|\n|t:|1699758222\n|move|p1a: Gliscor|Earthquake|p2a: Heatran\n|-supereffective|p2a: Heatran\n|-damage|p2a: Heatran|23\/100\n|move|p2a: Heatran|Magma Storm|p1a: Gliscor\n|-damage|p1a: Gliscor|7\/100 tox\n|\n|-heal|p2a: Heatran|29\/100|[from] Grassy Terrain\n|-heal|p1a: Gliscor|20\/100 tox|[from] ability: Poison Heal\n|-damage|p1a: Gliscor|7\/100 tox|[from] move: Magma Storm|[partiallytrapped]\n|-fieldend|move: Grassy Terrain\n|upkeep\n|turn|6\n|\n|t:|1699758239\n|switch|p2a: Rillaboom|Rillaboom, M|100\/100\n|-fieldstart|move: Grassy Terrain|[from] ability: Grassy Surge|[of] p2a: Rillaboom\n|move|p1a: Gliscor|Knock Off|p2a: Rillaboom\n|-damage|p2a: Rillaboom|76\/100\n|-enditem|p2a: Rillaboom|Choice Band|[from] move: Knock Off|[of] p1a: Gliscor\n|\n|-heal|p2a: Rillaboom|82\/100|[from] Grassy Terrain\n|-heal|p1a: Gliscor|20\/100 tox|[from] ability: Poison Heal\n|-end|p1a: Gliscor|Magma Storm|[partiallytrapped]|[silent]\n|-end|p1a: Gliscor|move: Taunt\n|upkeep\n|turn|7\n|inactive|trayvor1322 has 120 seconds left.\n|\n|t:|1699758258\n|move|p1a: Gliscor|Protect|p1a: Gliscor\n|-singleturn|p1a: Gliscor|Protect\n|move|p2a: Rillaboom|Grassy Glide|p1a: Gliscor\n|-activate|p1a: Gliscor|move: Protect\n|\n|-heal|p2a: Rillaboom|88\/100|[from] Grassy Terrain\n|-heal|p1a: Gliscor|32\/100 tox|[from] ability: Poison Heal\n|upkeep\n|turn|8\n|\n|t:|1699758263\n|switch|p1a: Corviknight|Corviknight, F|99\/100\n|-damage|p1a: Corviknight|86\/100|[from] Stealth Rock\n|move|p2a: Rillaboom|Wood Hammer|p1a: Corviknight\n|-resisted|p1a: Corviknight\n|-damage|p1a: Corviknight|70\/100\n|-damage|p2a: Rillaboom|81\/100|[from] Recoil\n|\n|-heal|p2a: Rillaboom|88\/100|[from] Grassy Terrain\n|-heal|p1a: Corviknight|76\/100|[from] item: Leftovers\n|upkeep\n|turn|9\n|\n|t:|1699758268\n|move|p2a: Rillaboom|U-turn|p1a: Corviknight\n|-resisted|p1a: Corviknight\n|-damage|p1a: Corviknight|71\/100\n|\n|t:|1699758270\n|switch|p2a: Heatran|Heatran, M|29\/100|[from] U-turn\n|move|p1a: Corviknight|Body Press|p2a: Heatran\n|-supereffective|p2a: Heatran\n|-damage|p2a: Heatran|0 fnt\n|faint|p2a: Heatran\n|\n|-heal|p1a: Corviknight|77\/100|[from] item: Leftovers\n|upkeep\n|\n|t:|1699758278\n|switch|p2a: Enamorus|Enamorus, F|100\/100\n|turn|10\n|\n|t:|1699758301\n|move|p2a: Enamorus|Mystical Fire|p1a: Corviknight\n|-supereffective|p1a: Corviknight\n|-damage|p1a: Corviknight|36\/100\n|-ability|p1a: Corviknight|Mirror Armor\n|-boost|p2a: Enamorus|spa|1\n|move|p1a: Corviknight|Roost|p1a: Corviknight\n|-heal|p1a: Corviknight|86\/100\n|-singleturn|p1a: Corviknight|move: Roost\n|\n|-heal|p1a: Corviknight|93\/100|[from] Grassy Terrain\n|-heal|p1a: Corviknight|99\/100|[from] item: Leftovers\n|-fieldend|move: Grassy Terrain\n|upkeep\n|turn|11\n|\n|t:|1699758314\n|switch|p1a: Samurott|Samurott-Hisui, M|100\/100\n|-damage|p1a: Samurott|88\/100|[from] Stealth Rock\n|move|p2a: Enamorus|Mystical Fire|p1a: Samurott\n|-resisted|p1a: Samurott\n|-damage|p1a: Samurott|75\/100\n|-unboost|p1a: Samurott|spa|1\n|\n|upkeep\n|turn|12\n|\n|t:|1699758333\n|switch|p2a: Rillaboom|Rillaboom, M|88\/100\n|-fieldstart|move: Grassy Terrain|[from] ability: Grassy Surge|[of] p2a: Rillaboom\n|move|p1a: Samurott|Aqua Cutter|p2a: Rillaboom\n|-resisted|p2a: Rillaboom\n|-crit|p2a: Rillaboom\n|-damage|p2a: Rillaboom|56\/100\n|\n|-heal|p2a: Rillaboom|62\/100|[from] Grassy Terrain\n|-heal|p1a: Samurott|81\/100|[from] Grassy Terrain\n|upkeep\n|turn|13\n|\n|t:|1699758342\n|switch|p1a: Corviknight|Corviknight, F|99\/100\n|-damage|p1a: Corviknight|86\/100|[from] Stealth Rock\n|move|p2a: Rillaboom|Knock Off|p1a: Corviknight\n|-damage|p1a: Corviknight|58\/100\n|-enditem|p1a: Corviknight|Leftovers|[from] move: Knock Off|[of] p2a: Rillaboom\n|\n|-heal|p2a: Rillaboom|68\/100|[from] Grassy Terrain\n|upkeep\n|turn|14\n|\n|t:|1699758345\n|move|p2a: Rillaboom|U-turn|p1a: Corviknight\n|-resisted|p1a: Corviknight\n|-damage|p1a: Corviknight|53\/100\n|\n|t:|1699758347\n|switch|p2a: Enamorus|Enamorus, F|100\/100|[from] U-turn\n|move|p1a: Corviknight|Brave Bird|p2a: Enamorus\n|-damage|p2a: Enamorus|43\/100\n|-damage|p1a: Corviknight|39\/100|[from] Recoil\n|\n|upkeep\n|turn|15\n|\n|t:|1699758355\n|switch|p1a: Samurott|Samurott-Hisui, M|81\/100\n|-damage|p1a: Samurott|68\/100|[from] Stealth Rock\n|move|p2a: Enamorus|Mystical Fire|p1a: Samurott\n|-resisted|p1a: Samurott\n|-damage|p1a: Samurott|59\/100\n|-unboost|p1a: Samurott|spa|1\n|\n|-heal|p1a: Samurott|65\/100|[from] Grassy Terrain\n|upkeep\n|turn|16\n|\n|t:|1699758359\n|switch|p2a: Rillaboom|Rillaboom, M|68\/100\n|move|p1a: Samurott|Ceaseless Edge|p2a: Rillaboom\n|-damage|p2a: Rillaboom|28\/100\n|-sidestart|p2: trayvor1322|Spikes\n|\n|-heal|p2a: Rillaboom|35\/100|[from] Grassy Terrain\n|-heal|p1a: Samurott|72\/100|[from] Grassy Terrain\n|-fieldend|move: Grassy Terrain\n|upkeep\n|turn|17\n|\n|t:|1699758364\n|move|p2a: Rillaboom|U-turn|p1a: Samurott\n|-supereffective|p1a: Samurott\n|-damage|p1a: Samurott|17\/100\n|\n|t:|1699758387\n|switch|p2a: Enamorus|Enamorus, F|43\/100|[from] U-turn\n|move|p1a: Samurott|Ceaseless Edge|p2a: Enamorus|[miss]\n|-miss|p1a: Samurott|p2a: Enamorus\n|\n|upkeep\n|turn|18\n|\n|t:|1699758397\n|move|p1a: Samurott|Aqua Jet|p2a: Enamorus\n|-damage|p2a: Enamorus|17\/100\n|move|p2a: Enamorus|Healing Wish|p2a: Enamorus\n|faint|p2a: Enamorus\n|\n|upkeep\n|inactive|trayvor1322 has 120 seconds left.\n|\n|t:|1699758429\n|switch|p2a: Great Tusk|Great Tusk|100\/100\n|-damage|p2a: Great Tusk|88\/100|[from] Spikes\n|turn|19\n|\n|t:|1699758434\n|move|p2a: Great Tusk|Rapid Spin|p1a: Samurott\n|-damage|p1a: Samurott|3\/100\n|-boost|p2a: Great Tusk|spe|1\n|-sideend|p2: trayvor1322|Spikes|[from] move: Rapid Spin|[of] p2a: Great Tusk\n|move|p1a: Samurott|Aqua Cutter|p2a: Great Tusk\n|-supereffective|p2a: Great Tusk\n|-damage|p2a: Great Tusk|39\/100\n|\n|-heal|p2a: Great Tusk|45\/100|[from] item: Leftovers\n|upkeep\n|turn|20\n|inactive|trayvor1322 has 120 seconds left.\n|\n|t:|1699758453\n|-end|p2a: Great Tusk|Protosynthesis|[silent]\n|switch|p2a: devindian|Kingambit, F|100\/100\n|-activate|p2a: devindian|ability: Supreme Overlord\n|-start|p2a: devindian|fallen2|[silent]\n|move|p1a: Samurott|Aqua Jet|p2a: devindian\n|-damage|p2a: devindian|88\/100\n|\n|-heal|p2a: devindian|95\/100|[from] item: Leftovers\n|upkeep\n|turn|21\n|\n|t:|1699758458\n|move|p2a: devindian|Sucker Punch|p1a: Samurott\n|-resisted|p1a: Samurott\n|-damage|p1a: Samurott|0 fnt\n|faint|p1a: Samurott\n|\n|-heal|p2a: devindian|100\/100|[from] item: Leftovers\n|upkeep\n|\n|t:|1699758463\n|switch|p1a: Cinderace|Cinderace, F|100\/100\n|turn|22\n|inactive|trayvor1322 has 120 seconds left.\n|\n|t:|1699758487\n|move|p1a: Cinderace|Pyro Ball|p2a: devindian\n|-supereffective|p2a: devindian\n|-damage|p2a: devindian|9\/100\n|move|p2a: devindian|Kowtow Cleave|p1a: Cinderace\n|-damage|p1a: Cinderace|11\/100\n|\n|-heal|p2a: devindian|15\/100|[from] item: Leftovers\n|upkeep\n|turn|23\n|\n|t:|1699758502\n|move|p1a: Cinderace|Court Change|p1a: Cinderace\n|-start|p1a: Cinderace|typechange|Normal|[from] ability: Libero\n|-swapsideconditions\n|-activate|p1a: Cinderace|move: Court Change\n|move|p2a: devindian|Kowtow Cleave|p1a: Cinderace\n|-damage|p1a: Cinderace|0 fnt\n|faint|p1a: Cinderace\n|\n|-heal|p2a: devindian|21\/100|[from] item: Leftovers\n|upkeep\n|\n|t:|1699758512\n|switch|p1a: Gliscor|Gliscor, F|32\/100 tox\n|turn|24\n|inactive|trayvor1322 has 120 seconds left.\n|\n|t:|1699758528\n|move|p1a: Gliscor|Earthquake|p2a: devindian\n|-supereffective|p2a: devindian\n|-damage|p2a: devindian|0 fnt\n|faint|p2a: devindian\n|-end|p2a: devindian|fallen2|[silent]\n|\n|-heal|p1a: Gliscor|45\/100 tox|[from] ability: Poison Heal\n|upkeep\n|\n|t:|1699758531\n|switch|p2a: Great Tusk|Great Tusk|45\/100\n|-heal|p2a: Great Tusk|100\/100|[from] move: Healing Wish\n|-damage|p2a: Great Tusk|98\/100|[from] Stealth Rock\n|turn|25\n|inactive|trayvor1322 has 120 seconds left.\n|\n|t:|1699758545\n|move|p1a: Gliscor|Protect|p1a: Gliscor\n|-singleturn|p1a: Gliscor|Protect\n|move|p2a: Great Tusk|Bulk Up|p2a: Great Tusk\n|-boost|p2a: Great Tusk|atk|1\n|-boost|p2a: Great Tusk|def|1\n|\n|-heal|p2a: Great Tusk|100\/100|[from] item: Leftovers\n|-heal|p1a: Gliscor|57\/100 tox|[from] ability: Poison Heal\n|upkeep\n|turn|26\n|inactive|trayvor1322 has 120 seconds left.\n|\n|t:|1699758557\n|move|p2a: Great Tusk|Rapid Spin|p1a: Gliscor\n|-damage|p1a: Gliscor|43\/100 tox\n|-boost|p2a: Great Tusk|spe|1\n|-sideend|p2: trayvor1322|Stealth Rock|[from] move: Rapid Spin|[of] p2a: Great Tusk\n|move|p1a: Gliscor|Toxic|p2a: Great Tusk\n|-status|p2a: Great Tusk|tox\n|\n|-damage|p2a: Great Tusk|94\/100 tox|[from] psn\n|-heal|p1a: Gliscor|55\/100 tox|[from] ability: Poison Heal\n|upkeep\n|turn|27\n|j| mklgd\n|\n|t:|1699758561\n|move|p1a: Gliscor|Protect|p1a: Gliscor\n|-singleturn|p1a: Gliscor|Protect\n|move|p2a: Great Tusk|Bulk Up|p2a: Great Tusk\n|-boost|p2a: Great Tusk|atk|1\n|-boost|p2a: Great Tusk|def|1\n|\n|-heal|p2a: Great Tusk|100\/100 tox|[from] item: Leftovers\n|-damage|p2a: Great Tusk|88\/100 tox|[from] psn\n|-heal|p1a: Gliscor|68\/100 tox|[from] ability: Poison Heal\n|upkeep\n|turn|28\n|\n|t:|1699758565\n|switch|p1a: Corviknight|Corviknight, F|39\/100\n|move|p2a: Great Tusk|Ice Spinner|p1a: Corviknight\n|-damage|p1a: Corviknight|3\/100\n|\n|-heal|p2a: Great Tusk|94\/100 tox|[from] item: Leftovers\n|-damage|p2a: Great Tusk|76\/100 tox|[from] psn\n|upkeep\n|turn|29\n|\n|t:|1699758571\n|move|p2a: Great Tusk|Ice Spinner|p1a: Corviknight\n|-damage|p1a: Corviknight|0 fnt\n|faint|p1a: Corviknight\n|\n|-heal|p2a: Great Tusk|82\/100 tox|[from] item: Leftovers\n|-damage|p2a: Great Tusk|57\/100 tox|[from] psn\n|upkeep\n|\n|t:|1699758582\n|switch|p1a: Gliscor|Gliscor, F|68\/100 tox\n|turn|30\n|j| cvcvttty55eeerasw\n|\n|t:|1699758585\n|move|p1a: Gliscor|Protect|p1a: Gliscor\n|-singleturn|p1a: Gliscor|Protect\n|move|p2a: Great Tusk|Ice Spinner|p1a: Gliscor\n|-activate|p1a: Gliscor|move: Protect\n|\n|-heal|p2a: Great Tusk|63\/100 tox|[from] item: Leftovers\n|-damage|p2a: Great Tusk|32\/100 tox|[from] psn\n|-heal|p1a: Gliscor|80\/100 tox|[from] ability: Poison Heal\n|upkeep\n|turn|31\n|\n|t:|1699758591\n|move|p1a: Gliscor|Protect||[still]\n|-fail|p1a: Gliscor\n|move|p2a: Great Tusk|Ice Spinner|p1a: Gliscor\n|-supereffective|p1a: Gliscor\n|-damage|p1a: Gliscor|0 fnt\n|faint|p1a: Gliscor\n|\n|-heal|p2a: Great Tusk|38\/100 tox|[from] item: Leftovers\n|-damage|p2a: Great Tusk|1\/100 tox|[from] psn\n|upkeep\n|\n|t:|1699758594\n|switch|p1a: Dragonite|Dragonite, F|100\/100\n|turn|32\n|\n|t:|1699758600\n|move|p1a: Dragonite|Extreme Speed|p2a: Great Tusk\n|-damage|p2a: Great Tusk|0 fnt\n|faint|p2a: Great Tusk\n|-end|p2a: Great Tusk|Protosynthesis|[silent]\n|\n|upkeep\n|\n|t:|1699758608\n|switch|p2a: Maushold|Maushold|100\/100\n|turn|33\n|\n|t:|1699758610\n|-terastallize|p2a: Maushold|Ghost\n|move|p2a: Maushold|Tidy Up|p2a: Maushold\n|-boost|p2a: Maushold|atk|1\n|-boost|p2a: Maushold|spe|1\n|move|p1a: Dragonite|Earthquake|p2a: Maushold\n|-damage|p2a: Maushold|35\/100\n|\n|upkeep\n|turn|34\n|\n|t:|1699758617\n|move|p2a: Maushold|Population Bomb|p1a: Dragonite\n|-damage|p1a: Dragonite|92\/100\n|-damage|p1a: Dragonite|77\/100\n|-damage|p1a: Dragonite|62\/100\n|-damage|p1a: Dragonite|45\/100\n|-damage|p1a: Dragonite|30\/100\n|-damage|p1a: Dragonite|15\/100\n|-damage|p1a: Dragonite|0 fnt\n|faint|p1a: Dragonite\n|-hitcount|p1: Dragonite|7\n|\n|upkeep\n|\n|t:|1699758619\n|switch|p1a: Ogerpon|Ogerpon-Wellspring, F|100\/100\n|turn|35\n|\n|t:|1699758622\n|move|p2a: Maushold|Population Bomb|p1a: Ogerpon\n|-damage|p1a: Ogerpon|79\/100\n|-damage|p1a: Ogerpon|57\/100\n|-damage|p1a: Ogerpon|36\/100\n|-damage|p1a: Ogerpon|13\/100\n|-damage|p1a: Ogerpon|0 fnt\n|faint|p1a: Ogerpon\n|-hitcount|p1: Ogerpon|5\n|\n|win|trayvor1322\n|raw|santos_overlord's rating: 1659 &rarr; <strong>1638<\/strong><br \/>(-21 for losing)\n|raw|trayvor1322's rating: 1634 &rarr; <strong>1655<\/strong><br \/>(+21 for winning)\n|l|\u2606santos_overlord\n","uploadtime":1699758632,"views":8,"p1id":"santosoverlord","p2id":"trayvor1322","formatid":"gen9ou","rating":1638,"private":0,"password":""}