{"id":"gen9ou-1989139689","p1":"dragonmaster441","p2":"Blueskyrider","format":"[Gen 9] OU","log":"|j|\u2606dragonmaster441\n|j|\u2606Blueskyrider\n|t:|1699816472\n|gametype|singles\n|player|p1|dragonmaster441|bianca|1201\n|player|p2|Blueskyrider|ghetsis|1149\n|teamsize|p1|6\n|teamsize|p2|6\n|gen|9\n|tier|[Gen 9] OU\n|rated|\n|rule|Sleep Clause Mod: Limit one foe put to sleep\n|rule|Species Clause: Limit one of each Pok\u00e9mon\n|rule|OHKO Clause: OHKO moves are banned\n|rule|Evasion Items Clause: Evasion items are banned\n|rule|Evasion Moves Clause: Evasion moves are banned\n|rule|Endless Battle Clause: Forcing endless battles is banned\n|rule|HP Percentage Mod: HP is shown in percentages\n|clearpoke\n|poke|p1|Gholdengo|\n|poke|p1|Ogerpon-Cornerstone, F|\n|poke|p1|Walking Wake|\n|poke|p1|Garchomp, F|\n|poke|p1|Magnezone|\n|poke|p1|Iron Valiant|\n|poke|p2|Pelipper, F|\n|poke|p2|Floatzel, F|\n|poke|p2|Gholdengo|\n|poke|p2|Garchomp, F|\n|poke|p2|Azumarill, M|\n|poke|p2|Amoonguss, M|\n|teampreview\n|inactive|Battle timer is ON: inactive players will automatically lose when time's up. (requested by dragonmaster441)\n|c|\u2606dragonmaster441|hf\n|inactive|Blueskyrider has 120 seconds left.\n|inactive|Blueskyrider has 90 seconds left.\n|\n|t:|1699816548\n|start\n|switch|p1a: Magnezone|Magnezone|100\/100\n|switch|p2a: Pelipper|Pelipper, F|100\/100\n|-weather|RainDance|[from] ability: Drizzle|[of] p2a: Pelipper\n|turn|1\n|\n|t:|1699816569\n|switch|p1a: Walking Wake|Walking Wake|100\/100\n|-terastallize|p2a: Pelipper|Ground\n|move|p2a: Pelipper|U-turn|p1a: Walking Wake\n|-damage|p1a: Walking Wake|92\/100\n|\n|t:|1699816587\n|switch|p2a: Gholdengo|Gholdengo|100\/100|[from] U-turn\n|\n|-weather|RainDance|[upkeep]\n|upkeep\n|turn|2\n|\n|t:|1699816612\n|move|p1a: Walking Wake|Hydro Pump|p2a: Gholdengo\n|-damage|p2a: Gholdengo|5\/100\n|move|p2a: Gholdengo|Thunder|p1a: Walking Wake\n|-damage|p1a: Walking Wake|43\/100\n|\n|-weather|RainDance|[upkeep]\n|upkeep\n|turn|3\n|\n|t:|1699816635\n|switch|p2a: Amoonguss|Amoonguss, M|100\/100\n|move|p1a: Walking Wake|Hydro Pump|p2a: Amoonguss\n|-resisted|p2a: Amoonguss\n|-damage|p2a: Amoonguss|62\/100\n|-enditem|p2a: Amoonguss|Eject Button\n|\n|t:|1699816644\n|switch|p2a: Azumarill|Azumarill, M|100\/100\n|\n|-weather|RainDance|[upkeep]\n|upkeep\n|turn|4\n|inactive|dragonmaster441 has 120 seconds left.\n|\n|t:|1699816679\n|-end|p1a: Walking Wake|Protosynthesis|[silent]\n|switch|p1a: Magnezone|Magnezone|100\/100\n|move|p2a: Azumarill|Liquidation|p1a: Magnezone\n|-damage|p1a: Magnezone|0 fnt\n|faint|p1a: Magnezone\n|\n|-weather|RainDance|[upkeep]\n|upkeep\n|\n|t:|1699816685\n|switch|p1a: Ogerpon|Ogerpon-Cornerstone, F|100\/100\n|turn|5\n|\n|t:|1699816694\n|move|p1a: Ogerpon|Knock Off|p2a: Azumarill\n|-resisted|p2a: Azumarill\n|-damage|p2a: Azumarill|78\/100\n|-enditem|p2a: Azumarill|Choice Band|[from] move: Knock Off|[of] p1a: Ogerpon\n|move|p2a: Azumarill|Liquidation|p1a: Ogerpon\n|-ability|p1a: Ogerpon|Sturdy\n|-damage|p1a: Ogerpon|1\/100\n|\n|-weather|RainDance|[upkeep]\n|upkeep\n|turn|6\n|\n|t:|1699816703\n|move|p2a: Azumarill|Aqua Jet|p1a: Ogerpon\n|-damage|p1a: Ogerpon|0 fnt\n|faint|p1a: Ogerpon\n|\n|-weather|RainDance|[upkeep]\n|upkeep\n|\n|t:|1699816709\n|switch|p1a: Walking Wake|Walking Wake|43\/100\n|turn|7\n|\n|t:|1699816712\n|move|p1a: Walking Wake|Flip Turn|p2a: Azumarill\n|-resisted|p2a: Azumarill\n|-damage|p2a: Azumarill|63\/100\n|\n|t:|1699816717\n|-end|p1a: Walking Wake|Protosynthesis|[silent]\n|switch|p1a: Gholdengo|Gholdengo|100\/100|[from] Flip Turn\n|move|p2a: Azumarill|Play Rough|p1a: Gholdengo\n|-resisted|p1a: Gholdengo\n|-damage|p1a: Gholdengo|66\/100\n|\n|-weather|RainDance|[upkeep]\n|upkeep\n|turn|8\n|inactive|Blueskyrider has 120 seconds left.\n|\n|t:|1699816766\n|switch|p2a: Garchomp|Garchomp, F|100\/100\n|-terastallize|p1a: Gholdengo|Water\n|move|p1a: Gholdengo|Shadow Ball|p2a: Garchomp\n|-damage|p2a: Garchomp|57\/100\n|\n|-weather|none\n|upkeep\n|turn|9\n|\n|t:|1699816782\n|move|p2a: Garchomp|Stealth Rock|p1a: Gholdengo\n|-sidestart|p1: dragonmaster441|move: Stealth Rock\n|move|p1a: Gholdengo|Substitute|p1a: Gholdengo\n|-start|p1a: Gholdengo|Substitute\n|-damage|p1a: Gholdengo|41\/100\n|\n|upkeep\n|turn|10\n|\n|t:|1699816788\n|move|p2a: Garchomp|Earthquake|p1a: Gholdengo\n|-crit|p1a: Gholdengo\n|-end|p1a: Gholdengo|Substitute\n|move|p1a: Gholdengo|Nasty Plot|p1a: Gholdengo\n|-boost|p1a: Gholdengo|spa|2\n|\n|upkeep\n|turn|11\n|\n|t:|1699816794\n|move|p2a: Garchomp|Earthquake|p1a: Gholdengo\n|-crit|p1a: Gholdengo\n|-damage|p1a: Gholdengo|0 fnt\n|faint|p1a: Gholdengo\n|\n|upkeep\n|\n|t:|1699816799\n|switch|p1a: Walking Wake|Walking Wake|43\/100\n|-damage|p1a: Walking Wake|31\/100|[from] Stealth Rock\n|turn|12\n|inactive|Blueskyrider has 120 seconds left.\n|\n|t:|1699816810\n|switch|p2a: Amoonguss|Amoonguss, M|95\/100\n|move|p1a: Walking Wake|Flip Turn|p2a: Amoonguss\n|-resisted|p2a: Amoonguss\n|-damage|p2a: Amoonguss|89\/100\n|\n|t:|1699816813\n|-end|p1a: Walking Wake|Protosynthesis|[silent]\n|switch|p1a: Garchomp|Garchomp, F|100\/100|[from] Flip Turn\n|-damage|p1a: Garchomp|94\/100|[from] Stealth Rock\n|\n|upkeep\n|turn|13\n|\n|t:|1699816820\n|move|p1a: Garchomp|Substitute|p1a: Garchomp\n|-start|p1a: Garchomp|Substitute\n|-damage|p1a: Garchomp|69\/100\n|move|p2a: Amoonguss|Spore||[still]\n|-fail|p2a: Amoonguss\n|\n|upkeep\n|turn|14\n|\n|t:|1699816827\n|move|p1a: Garchomp|Swords Dance|p1a: Garchomp\n|-boost|p1a: Garchomp|atk|2\n|move|p2a: Amoonguss|Giga Drain|p1a: Garchomp\n|-end|p1a: Garchomp|Substitute\n|-heal|p2a: Amoonguss|99\/100|[from] drain|[of] p1a: Garchomp\n|\n|upkeep\n|turn|15\n|\n|t:|1699816833\n|move|p1a: Garchomp|Scale Shot|p2a: Amoonguss\n|-damage|p2a: Amoonguss|80\/100\n|-damage|p2a: Amoonguss|58\/100\n|-damage|p2a: Amoonguss|36\/100\n|-damage|p2a: Amoonguss|18\/100\n|-damage|p2a: Amoonguss|0 fnt\n|faint|p2a: Amoonguss\n|-hitcount|p2: Amoonguss|5\n|-unboost|p1a: Garchomp|def|1\n|-boost|p1a: Garchomp|spe|1\n|\n|upkeep\n|\n|t:|1699816844\n|switch|p2a: Pelipper|Pelipper, F, tera:Ground|100\/100\n|-weather|RainDance|[from] ability: Drizzle|[of] p2a: Pelipper\n|turn|16\n|\n|t:|1699816851\n|move|p1a: Garchomp|Substitute|p1a: Garchomp\n|-start|p1a: Garchomp|Substitute\n|-damage|p1a: Garchomp|44\/100\n|move|p2a: Pelipper|Surf|p1a: Garchomp\n|-end|p1a: Garchomp|Substitute\n|\n|-weather|RainDance|[upkeep]\n|upkeep\n|turn|17\n|\n|t:|1699816858\n|move|p1a: Garchomp|Substitute|p1a: Garchomp\n|-start|p1a: Garchomp|Substitute\n|-damage|p1a: Garchomp|20\/100\n|move|p2a: Pelipper|Surf|p1a: Garchomp\n|-end|p1a: Garchomp|Substitute\n|\n|-weather|RainDance|[upkeep]\n|upkeep\n|turn|18\n|\n|t:|1699816864\n|move|p1a: Garchomp|Scale Shot|p2a: Pelipper\n|-damage|p2a: Pelipper|81\/100\n|-damage|p2a: Pelipper|61\/100\n|-damage|p2a: Pelipper|41\/100\n|-damage|p2a: Pelipper|20\/100\n|-damage|p2a: Pelipper|1\/100\n|-hitcount|p2a: Pelipper|5\n|-unboost|p1a: Garchomp|def|1\n|-boost|p1a: Garchomp|spe|1\n|move|p2a: Pelipper|Surf|p1a: Garchomp\n|-damage|p1a: Garchomp|0 fnt\n|faint|p1a: Garchomp\n|\n|-weather|RainDance|[upkeep]\n|upkeep\n|\n|t:|1699816878\n|switch|p1a: Walking Wake|Walking Wake|31\/100\n|-damage|p1a: Walking Wake|18\/100|[from] Stealth Rock\n|turn|19\n|\n|t:|1699816883\n|move|p1a: Walking Wake|Flip Turn|p2a: Pelipper\n|-supereffective|p2a: Pelipper\n|-damage|p2a: Pelipper|0 fnt\n|faint|p2a: Pelipper\n|\n|t:|1699816884\n|-end|p1a: Walking Wake|Protosynthesis|[silent]\n|switch|p1a: Iron Valiant|Iron Valiant|100\/100|[from] Flip Turn\n|-damage|p1a: Iron Valiant|94\/100|[from] Stealth Rock\n|\n|-weather|RainDance|[upkeep]\n|upkeep\n|\n|t:|1699816895\n|switch|p2a: Azumarill|Azumarill, M|63\/100\n|turn|20\n|\n|t:|1699816900\n|move|p1a: Iron Valiant|Moonblast|p2a: Azumarill\n|-damage|p2a: Azumarill|13\/100\n|move|p2a: Azumarill|Play Rough|p1a: Iron Valiant\n|-supereffective|p1a: Iron Valiant\n|-damage|p1a: Iron Valiant|0 fnt\n|faint|p1a: Iron Valiant\n|-end|p1a: Iron Valiant|Quark Drive|[silent]\n|\n|-weather|RainDance|[upkeep]\n|upkeep\n|\n|t:|1699816905\n|switch|p1a: Walking Wake|Walking Wake|18\/100\n|-damage|p1a: Walking Wake|6\/100|[from] Stealth Rock\n|turn|21\n|\n|t:|1699816910\n|move|p2a: Azumarill|Aqua Jet|p1a: Walking Wake\n|-resisted|p1a: Walking Wake\n|-damage|p1a: Walking Wake|0 fnt\n|faint|p1a: Walking Wake\n|-end|p1a: Walking Wake|Protosynthesis|[silent]\n|\n|win|Blueskyrider\n|raw|dragonmaster441's rating: 1201 &rarr; <strong>1172<\/strong><br \/>(-29 for losing)\n|raw|Blueskyrider's rating: 1149 &rarr; <strong>1178<\/strong><br \/>(+29 for winning)\n","uploadtime":1699816914,"views":9,"p1id":"dragonmaster441","p2id":"blueskyrider","formatid":"gen9ou","rating":1172,"private":0,"password":""}