{"id":"gen9ou-1996410487","p1":"dGGGGG","p2":"Username momento","format":"[Gen 9] OU","log":"|j|\u2606dGGGGG\n|j|\u2606Username momento\n|t:|1700679367\n|gametype|singles\n|player|p1|dGGGGG|169|1410\n|player|p2|Username momento|ninjaboy|1515\n|teamsize|p1|6\n|teamsize|p2|6\n|gen|9\n|tier|[Gen 9] OU\n|rated|\n|rule|Sleep Clause Mod: Limit one foe put to sleep\n|rule|Species Clause: Limit one of each Pok\u00e9mon\n|rule|OHKO Clause: OHKO moves are banned\n|rule|Evasion Items Clause: Evasion items are banned\n|rule|Evasion Moves Clause: Evasion moves are banned\n|rule|Endless Battle Clause: Forcing endless battles is banned\n|rule|HP Percentage Mod: HP is shown in percentages\n|clearpoke\n|poke|p1|Pelipper, M|\n|poke|p1|Barraskewda, M|\n|poke|p1|Thundurus-Therian, M|\n|poke|p1|Overqwil, M|\n|poke|p1|Quaquaval, M|\n|poke|p1|Ting-Lu|\n|poke|p2|Meowscarada, F|\n|poke|p2|Kingambit, F|\n|poke|p2|Zapdos|\n|poke|p2|Zamazenta-*|\n|poke|p2|Great Tusk|\n|poke|p2|Iron Moth|\n|teampreview\n|inactive|Battle timer is ON: inactive players will automatically lose when time's up. (requested by dGGGGG)\n|\n|t:|1700679373\n|start\n|switch|p1a: Barraskewda|Barraskewda, M, shiny|100\/100\n|switch|p2a: Zapdos|Zapdos|100\/100\n|turn|1\n|\n|t:|1700679381\n|switch|p1a: Ting-Lu|Ting-Lu|100\/100\n|-ability|p1a: Ting-Lu|Vessel of Ruin\n|move|p2a: Zapdos|Hurricane|p1a: Ting-Lu|[miss]\n|-miss|p2a: Zapdos|p1a: Ting-Lu\n|\n|upkeep\n|turn|2\n|\n|t:|1700679385\n|move|p2a: Zapdos|Hurricane|p1a: Ting-Lu\n|-damage|p1a: Ting-Lu|74\/100\n|move|p1a: Ting-Lu|Stealth Rock|p2a: Zapdos\n|-sidestart|p2: Username momento|move: Stealth Rock\n|\n|-heal|p1a: Ting-Lu|80\/100|[from] item: Leftovers\n|upkeep\n|turn|3\n|\n|t:|1700679387\n|move|p2a: Zapdos|Hurricane|p1a: Ting-Lu|[miss]\n|-miss|p2a: Zapdos|p1a: Ting-Lu\n|move|p1a: Ting-Lu|Spikes|p2a: Zapdos\n|-sidestart|p2: Username momento|Spikes\n|\n|-heal|p1a: Ting-Lu|87\/100|[from] item: Leftovers\n|upkeep\n|turn|4\n|\n|t:|1700679389\n|move|p2a: Zapdos|Hurricane|p1a: Ting-Lu\n|-damage|p1a: Ting-Lu|60\/100\n|move|p1a: Ting-Lu|Spikes|p2a: Zapdos\n|-sidestart|p2: Username momento|Spikes\n|\n|-heal|p1a: Ting-Lu|66\/100|[from] item: Leftovers\n|upkeep\n|turn|5\n|\n|t:|1700679392\n|move|p2a: Zapdos|Hurricane|p1a: Ting-Lu\n|-damage|p1a: Ting-Lu|37\/100\n|move|p1a: Ting-Lu|Spikes|p2a: Zapdos\n|-sidestart|p2: Username momento|Spikes\n|\n|-heal|p1a: Ting-Lu|43\/100|[from] item: Leftovers\n|upkeep\n|turn|6\n|\n|t:|1700679394\n|move|p2a: Zapdos|Hurricane|p1a: Ting-Lu|[miss]\n|-miss|p2a: Zapdos|p1a: Ting-Lu\n|move|p1a: Ting-Lu|Stealth Rock||[still]\n|-fail|p1a: Ting-Lu\n|\n|-heal|p1a: Ting-Lu|49\/100|[from] item: Leftovers\n|upkeep\n|turn|7\n|\n|t:|1700679397\n|move|p2a: Zapdos|Hurricane|p1a: Ting-Lu\n|-damage|p1a: Ting-Lu|19\/100\n|move|p1a: Ting-Lu|Whirlwind|p2a: Zapdos\n|drag|p2a: Iron Moth|Iron Moth|100\/100\n|-damage|p2a: Iron Moth|76\/100|[from] Stealth Rock\n|-damage|p2a: Iron Moth|51\/100|[from] Spikes\n|-enditem|p2a: Iron Moth|Booster Energy\n|-activate|p2a: Iron Moth|ability: Quark Drive|[fromitem]\n|-start|p2a: Iron Moth|quarkdrivespe\n|\n|-heal|p1a: Ting-Lu|26\/100|[from] item: Leftovers\n|upkeep\n|turn|8\n|\n|t:|1700679406\n|move|p2a: Iron Moth|Fiery Dance|p1a: Ting-Lu\n|-damage|p1a: Ting-Lu|0 fnt\n|-boost|p2a: Iron Moth|spa|1\n|faint|p1a: Ting-Lu\n|\n|upkeep\n|\n|t:|1700679411\n|switch|p1a: Thundurus|Thundurus-Therian, M, shiny|100\/100\n|turn|9\n|\n|t:|1700679418\n|move|p2a: Iron Moth|Sludge Wave|p1a: Thundurus\n|-damage|p1a: Thundurus|0 fnt\n|faint|p1a: Thundurus\n|\n|upkeep\n|\n|t:|1700679420\n|switch|p1a: Pelipper|Pelipper, M, shiny|100\/100\n|-weather|RainDance|[from] ability: Drizzle|[of] p1a: Pelipper\n|turn|10\n|\n|t:|1700679423\n|move|p2a: Iron Moth|Sludge Wave|p1a: Pelipper\n|-damage|p1a: Pelipper|0 fnt\n|faint|p1a: Pelipper\n|\n|-weather|RainDance|[upkeep]\n|upkeep\n|\n|t:|1700679425\n|switch|p1a: Barraskewda|Barraskewda, M, shiny|100\/100\n|turn|11\n|\n|t:|1700679427\n|-terastallize|p1a: Barraskewda|Water\n|move|p1a: Barraskewda|Liquidation|p2a: Iron Moth\n|-supereffective|p2a: Iron Moth\n|-damage|p2a: Iron Moth|0 fnt\n|faint|p2a: Iron Moth\n|-end|p2a: Iron Moth|Quark Drive|[silent]\n|\n|-weather|RainDance|[upkeep]\n|upkeep\n|\n|t:|1700679432\n|switch|p2a: Zapdos|Zapdos|100\/100\n|turn|12\n|\n|t:|1700679435\n|move|p1a: Barraskewda|Liquidation|p2a: Zapdos\n|-damage|p2a: Zapdos|0 fnt\n|faint|p2a: Zapdos\n|\n|-weather|RainDance|[upkeep]\n|upkeep\n|\n|t:|1700679438\n|switch|p2a: Zamazenta|Zamazenta|100\/100\n|-damage|p2a: Zamazenta|94\/100|[from] Stealth Rock\n|-damage|p2a: Zamazenta|70\/100|[from] Spikes\n|-ability|p2a: Zamazenta|Dauntless Shield|boost\n|-boost|p2a: Zamazenta|def|1\n|turn|13\n|\n|t:|1700679441\n|move|p1a: Barraskewda|Liquidation|p2a: Zamazenta\n|-damage|p2a: Zamazenta|1\/100\n|-unboost|p2a: Zamazenta|def|1\n|move|p2a: Zamazenta|Body Press|p1a: Barraskewda\n|-damage|p1a: Barraskewda|26\/100\n|\n|-weather|RainDance|[upkeep]\n|-heal|p2a: Zamazenta|7\/100|[from] item: Leftovers\n|upkeep\n|turn|14\n|\n|t:|1700679444\n|move|p1a: Barraskewda|Liquidation|p2a: Zamazenta\n|-damage|p2a: Zamazenta|0 fnt\n|faint|p2a: Zamazenta\n|\n|-weather|RainDance|[upkeep]\n|upkeep\n|\n|t:|1700679451\n|switch|p2a: Kingambit|Kingambit, F|100\/100\n|-damage|p2a: Kingambit|94\/100|[from] Stealth Rock\n|-damage|p2a: Kingambit|69\/100|[from] Spikes\n|-activate|p2a: Kingambit|ability: Supreme Overlord\n|-start|p2a: Kingambit|fallen3|[silent]\n|turn|15\n|\n|t:|1700679454\n|switch|p1a: Overqwil|Overqwil, M, shiny|100\/100\n|move|p2a: Kingambit|Sucker Punch||[still]\n|-fail|p2a: Kingambit\n|\n|-weather|RainDance|[upkeep]\n|-heal|p2a: Kingambit|75\/100|[from] item: Leftovers\n|upkeep\n|turn|16\n|\n|t:|1700679459\n|move|p1a: Overqwil|Liquidation|p2a: Kingambit\n|-damage|p2a: Kingambit|27\/100\n|move|p2a: Kingambit|Iron Head|p1a: Overqwil\n|-damage|p1a: Overqwil|32\/100\n|\n|-weather|RainDance|[upkeep]\n|-heal|p2a: Kingambit|34\/100|[from] item: Leftovers\n|upkeep\n|turn|17\n|\n|t:|1700679465\n|move|p2a: Kingambit|Sucker Punch|p1a: Overqwil\n|-resisted|p1a: Overqwil\n|-damage|p1a: Overqwil|2\/100\n|move|p1a: Overqwil|Liquidation|p2a: Kingambit\n|-damage|p2a: Kingambit|0 fnt\n|faint|p2a: Kingambit\n|-end|p2a: Kingambit|fallen3|[silent]\n|\n|-weather|none\n|upkeep\n|\n|t:|1700679469\n|switch|p2a: Meowscarada|Meowscarada, F|100\/100\n|-damage|p2a: Meowscarada|88\/100|[from] Stealth Rock\n|-damage|p2a: Meowscarada|63\/100|[from] Spikes\n|turn|18\n|\n|t:|1700679472\n|switch|p1a: Quaquaval|Quaquaval, M, shiny|100\/100\n|move|p2a: Meowscarada|Flower Trick|p1a: Quaquaval\n|-start|p2a: Meowscarada|typechange|Grass|[from] ability: Protean\n|-supereffective|p1a: Quaquaval\n|-crit|p1a: Quaquaval\n|-damage|p1a: Quaquaval|0 fnt\n|faint|p1a: Quaquaval\n|\n|upkeep\n|\n|t:|1700679474\n|switch|p1a: Overqwil|Overqwil, M, shiny|2\/100\n|turn|19\n|\n|t:|1700679476\n|move|p1a: Overqwil|Aqua Jet|p2a: Meowscarada\n|-resisted|p2a: Meowscarada\n|-damage|p2a: Meowscarada|46\/100\n|move|p2a: Meowscarada|Flower Trick|p1a: Overqwil\n|-resisted|p1a: Overqwil\n|-crit|p1a: Overqwil\n|-damage|p1a: Overqwil|0 fnt\n|faint|p1a: Overqwil\n|\n|upkeep\n|\n|t:|1700679481\n|switch|p1a: Barraskewda|Barraskewda, M, shiny, tera:Water|26\/100\n|turn|20\n|\n|t:|1700679484\n|move|p2a: Meowscarada|Flower Trick|p1a: Barraskewda\n|-supereffective|p1a: Barraskewda\n|-crit|p1a: Barraskewda\n|-damage|p1a: Barraskewda|0 fnt\n|faint|p1a: Barraskewda\n|\n|win|Username momento\n|raw|dGGGGG's rating: 1410 &rarr; <strong>1396<\/strong><br \/>(-14 for losing)\n|raw|Username momento's rating: 1515 &rarr; <strong>1529<\/strong><br \/>(+14 for winning)\n|l|\u2606dGGGGG\n","uploadtime":1700679489,"views":0,"p1id":"dggggg","p2id":"usernamemomento","formatid":"gen9ou","rating":1396,"private":0,"password":""}