{"id":"gen9ou-1990045283","p1":"PLAYB0I R0BBIE B","p2":"Speqtor238","format":"[Gen 9] OU","log":"|j|\u2606PLAYB0I R0BBIE B\n|j|\u2606Speqtor238\n|t:|1699918653\n|gametype|singles\n|player|p1|PLAYB0I R0BBIE B|eusine|1433\n|player|p2|Speqtor238|volkner|1504\n|teamsize|p1|6\n|teamsize|p2|6\n|gen|9\n|tier|[Gen 9] OU\n|rated|\n|rule|Sleep Clause Mod: Limit one foe put to sleep\n|rule|Species Clause: Limit one of each Pok\u00e9mon\n|rule|OHKO Clause: OHKO moves are banned\n|rule|Evasion Items Clause: Evasion items are banned\n|rule|Evasion Moves Clause: Evasion moves are banned\n|rule|Endless Battle Clause: Forcing endless battles is banned\n|rule|HP Percentage Mod: HP is shown in percentages\n|clearpoke\n|poke|p1|Glimmora, F|\n|poke|p1|Meowscarada, F|\n|poke|p1|Thundurus-Therian, M|\n|poke|p1|Dragapult, F|\n|poke|p1|Heatran, F|\n|poke|p1|Great Tusk|\n|poke|p2|Ceruledge, M|\n|poke|p2|Dragonite, M|\n|poke|p2|Ogerpon-Wellspring, F|\n|poke|p2|Great Tusk|\n|poke|p2|Iron Moth|\n|poke|p2|Kingambit, M|\n|teampreview\n|inactive|Battle timer is ON: inactive players will automatically lose when time's up. (requested by Speqtor238)\n|\n|t:|1699918662\n|start\n|switch|p1a: Glimmora|Glimmora, F|100\/100\n|switch|p2a: Great Tusk|Great Tusk|100\/100\n|turn|1\n|\n|t:|1699918668\n|move|p1a: Glimmora|Mortal Spin|p2a: Great Tusk\n|-resisted|p2a: Great Tusk\n|-damage|p2a: Great Tusk|99\/100\n|-status|p2a: Great Tusk|psn\n|move|p2a: Great Tusk|Earthquake|p1a: Glimmora\n|-supereffective|p1a: Glimmora\n|-enditem|p1a: Glimmora|Focus Sash\n|-damage|p1a: Glimmora|1\/100\n|-activate|p1a: Glimmora|ability: Toxic Debris\n|-sidestart|p2: Speqtor238|move: Toxic Spikes\n|\n|-heal|p2a: Great Tusk|100\/100 psn|[from] item: Leftovers\n|-damage|p2a: Great Tusk|88\/100 psn|[from] psn\n|upkeep\n|turn|2\n|\n|t:|1699918671\n|move|p1a: Glimmora|Energy Ball|p2a: Great Tusk\n|-supereffective|p2a: Great Tusk\n|-damage|p2a: Great Tusk|12\/100 psn\n|move|p2a: Great Tusk|Rapid Spin|p1a: Glimmora\n|-resisted|p1a: Glimmora\n|-damage|p1a: Glimmora|0 fnt\n|-boost|p2a: Great Tusk|spe|1\n|-activate|p1a: Glimmora|ability: Toxic Debris\n|-sidestart|p2: Speqtor238|move: Toxic Spikes\n|-sideend|p2: Speqtor238|Toxic Spikes|[from] move: Rapid Spin|[of] p2a: Great Tusk\n|faint|p1a: Glimmora\n|\n|-heal|p2a: Great Tusk|19\/100 psn|[from] item: Leftovers\n|-damage|p2a: Great Tusk|6\/100 psn|[from] psn\n|upkeep\n|\n|t:|1699918691\n|switch|p1a: Meowscarada|Meowscarada, F|100\/100\n|turn|3\n|\n|t:|1699918719\n|move|p1a: Meowscarada|U-turn|p2a: Great Tusk\n|-start|p1a: Meowscarada|typechange|Bug|[from] ability: Protean\n|-resisted|p2a: Great Tusk\n|-damage|p2a: Great Tusk|0 fnt\n|faint|p2a: Great Tusk\n|-end|p2a: Great Tusk|Protosynthesis|[silent]\n|\n|t:|1699918728\n|switch|p1a: Heatran|Heatran, F|100\/100|[from] U-turn\n|-item|p1a: Heatran|Air Balloon\n|\n|upkeep\n|\n|t:|1699918734\n|switch|p2a: Ogerpon|Ogerpon-Wellspring, F|100\/100\n|turn|4\n|\n|t:|1699918738\n|switch|p1a: Thundurus|Thundurus-Therian, M|100\/100\n|move|p2a: Ogerpon|Ivy Cudgel|p1a: Thundurus\n|-damage|p1a: Thundurus|2\/100\n|\n|upkeep\n|turn|5\n|\n|t:|1699918746\n|move|p2a: Ogerpon|Trailblaze|p1a: Thundurus\n|-resisted|p1a: Thundurus\n|-damage|p1a: Thundurus|0 fnt\n|-boost|p2a: Ogerpon|spe|1\n|faint|p1a: Thundurus\n|\n|upkeep\n|\n|t:|1699918750\n|switch|p1a: Dragapult|Dragapult, F|100\/100\n|turn|6\n|\n|t:|1699918758\n|move|p2a: Ogerpon|Knock Off|p1a: Dragapult\n|-supereffective|p1a: Dragapult\n|-damage|p1a: Dragapult|0 fnt\n|-enditem|p1a: Dragapult|Heavy-Duty Boots|[from] move: Knock Off|[of] p2a: Ogerpon\n|faint|p1a: Dragapult\n|\n|upkeep\n|\n|t:|1699918762\n|switch|p1a: Meowscarada|Meowscarada, F|100\/100\n|turn|7\n|\n|t:|1699918771\n|move|p2a: Ogerpon|Ivy Cudgel|p1a: Meowscarada\n|-resisted|p1a: Meowscarada\n|-damage|p1a: Meowscarada|56\/100\n|move|p1a: Meowscarada|U-turn|p2a: Ogerpon\n|-start|p1a: Meowscarada|typechange|Bug|[from] ability: Protean\n|-supereffective|p2a: Ogerpon\n|-damage|p2a: Ogerpon|0 fnt\n|faint|p2a: Ogerpon\n|\n|t:|1699918778\n|switch|p1a: Great Tusk|Great Tusk|100\/100|[from] U-turn\n|\n|upkeep\n|inactive|Speqtor238 has 120 seconds left.\n|\n|t:|1699918810\n|switch|p2a: Iron Moth|Iron Moth|100\/100\n|-enditem|p2a: Iron Moth|Booster Energy\n|-activate|p2a: Iron Moth|ability: Quark Drive|[fromitem]\n|-start|p2a: Iron Moth|quarkdrivespe\n|turn|8\n|\n|t:|1699918814\n|-end|p1a: Great Tusk|Protosynthesis|[silent]\n|switch|p1a: Heatran|Heatran, F|100\/100\n|-item|p1a: Heatran|Air Balloon\n|-terastallize|p2a: Iron Moth|Grass\n|move|p2a: Iron Moth|Fiery Dance|p1a: Heatran\n|-start|p1a: Heatran|ability: Flash Fire\n|\n|upkeep\n|turn|9\n|\n|t:|1699918828\n|-end|p2a: Iron Moth|Quark Drive|[silent]\n|switch|p2a: Ceruledge|Ceruledge, M|100\/100\n|move|p1a: Heatran|Magma Storm|p2a: Ceruledge|[miss]\n|-miss|p1a: Heatran|p2a: Ceruledge\n|\n|upkeep\n|turn|10\n|\n|t:|1699918832\n|move|p2a: Ceruledge|Poltergeist|p1a: Heatran\n|-activate|p1a: Heatran|move: Poltergeist|Air Balloon\n|-crit|p1a: Heatran\n|-damage|p1a: Heatran|21\/100\n|-enditem|p1a: Heatran|Air Balloon\n|move|p1a: Heatran|Earth Power|p2a: Ceruledge\n|-supereffective|p2a: Ceruledge\n|-damage|p2a: Ceruledge|17\/100\n|-unboost|p2a: Ceruledge|spd|1\n|\n|upkeep\n|turn|11\n|\n|t:|1699918840\n|-end|p1a: Heatran|ability: Flash Fire|[silent]\n|switch|p1a: Great Tusk|Great Tusk|100\/100\n|move|p2a: Ceruledge|Shadow Sneak|p1a: Great Tusk\n|-damage|p1a: Great Tusk|85\/100\n|\n|upkeep\n|turn|12\n|\n|t:|1699918845\n|move|p1a: Great Tusk|Ice Spinner|p2a: Ceruledge\n|-resisted|p2a: Ceruledge\n|-damage|p2a: Ceruledge|0 fnt\n|faint|p2a: Ceruledge\n|\n|upkeep\n|\n|t:|1699918856\n|switch|p2a: Dragonite|Dragonite, M|100\/100\n|turn|13\n|\n|t:|1699918858\n|move|p1a: Great Tusk|Ice Spinner|p2a: Dragonite\n|-supereffective|p2a: Dragonite\n|-damage|p2a: Dragonite|34\/100\n|move|p2a: Dragonite|Earthquake|p1a: Great Tusk\n|-damage|p1a: Great Tusk|59\/100\n|\n|upkeep\n|turn|14\n|\n|t:|1699918861\n|move|p2a: Dragonite|Extreme Speed|p1a: Great Tusk\n|-damage|p1a: Great Tusk|36\/100\n|move|p1a: Great Tusk|Ice Spinner|p2a: Dragonite\n|-supereffective|p2a: Dragonite\n|-damage|p2a: Dragonite|0 fnt\n|faint|p2a: Dragonite\n|\n|upkeep\n|\n|t:|1699918865\n|switch|p2a: Iron Moth|Iron Moth, tera:Grass|100\/100\n|turn|15\n|\n|t:|1699918868\n|-end|p1a: Great Tusk|Protosynthesis|[silent]\n|switch|p1a: Heatran|Heatran, F|21\/100\n|move|p2a: Iron Moth|Energy Ball|p1a: Heatran\n|-resisted|p1a: Heatran\n|-damage|p1a: Heatran|11\/100\n|\n|upkeep\n|turn|16\n|\n|t:|1699918872\n|move|p2a: Iron Moth|Energy Ball|p1a: Heatran\n|-resisted|p1a: Heatran\n|-damage|p1a: Heatran|0 fnt\n|faint|p1a: Heatran\n|\n|upkeep\n|\n|t:|1699918876\n|switch|p1a: Meowscarada|Meowscarada, F|56\/100\n|turn|17\n|\n|t:|1699918881\n|move|p1a: Meowscarada|U-turn|p2a: Iron Moth\n|-start|p1a: Meowscarada|typechange|Bug|[from] ability: Protean\n|-supereffective|p2a: Iron Moth\n|-damage|p2a: Iron Moth|0 fnt\n|faint|p2a: Iron Moth\n|-end|p2a: Iron Moth|Quark Drive|[silent]\n|\n|t:|1699918885\n|switch|p1a: Great Tusk|Great Tusk|36\/100|[from] U-turn\n|\n|upkeep\n|\n|t:|1699918890\n|switch|p2a: Kingambit|Kingambit, M|100\/100\n|-activate|p2a: Kingambit|ability: Supreme Overlord\n|-start|p2a: Kingambit|fallen5|[silent]\n|turn|18\n|\n|t:|1699918895\n|move|p2a: Kingambit|Sucker Punch|p1a: Great Tusk\n|-resisted|p1a: Great Tusk\n|-damage|p1a: Great Tusk|12\/100\n|move|p1a: Great Tusk|Close Combat|p2a: Kingambit\n|-supereffective|p2a: Kingambit\n|-damage|p2a: Kingambit|0 fnt\n|-unboost|p1a: Great Tusk|def|1\n|-unboost|p1a: Great Tusk|spd|1\n|faint|p2a: Kingambit\n|-end|p2a: Kingambit|fallen5|[silent]\n|\n|win|PLAYB0I R0BBIE B\n|raw|PLAYB0I R0BBIE B's rating: 1433 &rarr; <strong>1457<\/strong><br \/>(+24 for winning)\n|raw|Speqtor238's rating: 1504 &rarr; <strong>1480<\/strong><br \/>(-24 for losing)\n|l|\u2606Speqtor238\n","uploadtime":1699918909,"views":7,"p1id":"playb0ir0bbieb","p2id":"speqtor238","formatid":"gen9ou","rating":1457,"private":0,"password":""}