{"id":"gen9ou-1990998916","p1":"Apoiguespm","p2":"Lardoh","format":"[Gen 9] OU","log":"|j|\u2606Apoiguespm\n|j|\u2606Lardoh\n|t:|1700025571\n|gametype|singles\n|player|p1|Apoiguespm|blackbelt|1684\n|player|p2|Lardoh|2|1766\n|teamsize|p1|6\n|teamsize|p2|6\n|gen|9\n|tier|[Gen 9] OU\n|rated|\n|rule|Sleep Clause Mod: Limit one foe put to sleep\n|rule|Species Clause: Limit one of each Pok\u00e9mon\n|rule|OHKO Clause: OHKO moves are banned\n|rule|Evasion Items Clause: Evasion items are banned\n|rule|Evasion Moves Clause: Evasion moves are banned\n|rule|Endless Battle Clause: Forcing endless battles is banned\n|rule|HP Percentage Mod: HP is shown in percentages\n|clearpoke\n|poke|p1|Gholdengo|\n|poke|p1|Iron Valiant|\n|poke|p1|Great Tusk|\n|poke|p1|Kingambit, F|\n|poke|p1|Dragonite, M|\n|poke|p1|Samurott-Hisui, F|\n|poke|p2|Iron Hands|\n|poke|p2|Mimikyu, F|\n|poke|p2|Hatterene, F|\n|poke|p2|Maushold|\n|poke|p2|Torkoal, M|\n|poke|p2|Hoopa-Unbound|\n|teampreview\n|inactive|Battle timer is ON: inactive players will automatically lose when time's up. (requested by Lardoh)\n|inactive|Apoiguespm also wants the timer to be on.\n|\n|t:|1700025580\n|start\n|switch|p1a: Samurott|Samurott-Hisui, F, shiny|100\/100\n|switch|p2a: Mrs. Cooper|Hatterene, F, shiny|100\/100\n|turn|1\n|\n|t:|1700025591\n|move|p1a: Samurott|Ceaseless Edge|p2a: Mrs. Cooper\n|-damage|p2a: Mrs. Cooper|48\/100\n|-sidestart|p2: Lardoh|Spikes\n|move|p2a: Mrs. Cooper|Trick Room|p2a: Mrs. Cooper\n|-fieldstart|move: Trick Room|[of] p2a: Mrs. Cooper\n|\n|upkeep\n|turn|2\n|\n|t:|1700025595\n|move|p2a: Mrs. Cooper|Tera Blast|p1a: Samurott\n|-damage|p1a: Samurott|52\/100\n|move|p1a: Samurott|Ceaseless Edge|p2a: Mrs. Cooper\n|-damage|p2a: Mrs. Cooper|0 fnt\n|-sidestart|p2: Lardoh|Spikes\n|faint|p2a: Mrs. Cooper\n|\n|upkeep\n|j| OUVTripleAxel\n|\n|t:|1700025600\n|switch|p2a: Young Shelldon|Torkoal, M|100\/100\n|-damage|p2a: Young Shelldon|84\/100|[from] Spikes\n|-weather|SunnyDay|[from] ability: Drought|[of] p2a: Young Shelldon\n|turn|3\n|\n|t:|1700025603\n|move|p2a: Young Shelldon|Eruption|p1a: Samurott\n|-resisted|p1a: Samurott\n|-damage|p1a: Samurott|0 fnt\n|faint|p1a: Samurott\n|\n|-weather|SunnyDay|[upkeep]\n|upkeep\n|\n|t:|1700025607\n|switch|p1a: Dragonite|Dragonite, M, shiny|100\/100\n|turn|4\n|\n|t:|1700025608\n|switch|p2a: Meemawchu|Mimikyu, F|100\/100\n|-damage|p2a: Meemawchu|84\/100|[from] Spikes\n|move|p1a: Dragonite|Earthquake|p2a: Meemawchu\n|-activate|p2a: Meemawchu|ability: Disguise\n|-damage|p2a: Meemawchu|84\/100\n|detailschange|p2a: Meemawchu|Mimikyu-Busted, F\n|-damage|p2a: Meemawchu|72\/100|[from] pokemon: Mimikyu-Busted\n|\n|-weather|SunnyDay|[upkeep]\n|upkeep\n|turn|5\n|\n|t:|1700025613\n|move|p2a: Meemawchu|Destiny Bond|p2a: Meemawchu\n|-singlemove|p2a: Meemawchu|Destiny Bond\n|move|p1a: Dragonite|Dragon Dance|p1a: Dragonite\n|-boost|p1a: Dragonite|atk|1\n|-boost|p1a: Dragonite|spe|1\n|\n|-weather|SunnyDay|[upkeep]\n|-fieldend|move: Trick Room\n|upkeep\n|turn|6\n|\n|t:|1700025616\n|move|p1a: Dragonite|Dragon Dance|p1a: Dragonite\n|-boost|p1a: Dragonite|atk|1\n|-boost|p1a: Dragonite|spe|1\n|move|p2a: Meemawchu|Trick Room|p2a: Meemawchu\n|-fieldstart|move: Trick Room|[of] p2a: Meemawchu\n|\n|-weather|SunnyDay|[upkeep]\n|upkeep\n|turn|7\n|\n|t:|1700025621\n|move|p2a: Meemawchu|Play Rough|p1a: Dragonite\n|-supereffective|p1a: Dragonite\n|-damage|p1a: Dragonite|45\/100\n|-damage|p2a: Meemawchu|62\/100|[from] item: Life Orb\n|move|p1a: Dragonite|Dragon Dance|p1a: Dragonite\n|-boost|p1a: Dragonite|atk|1\n|-boost|p1a: Dragonite|spe|1\n|\n|-weather|none\n|upkeep\n|turn|8\n|j| hd d dbbd d\n|\n|t:|1700025626\n|move|p2a: Meemawchu|Play Rough|p1a: Dragonite\n|-supereffective|p1a: Dragonite\n|-damage|p1a: Dragonite|0 fnt\n|faint|p1a: Dragonite\n|-damage|p2a: Meemawchu|52\/100|[from] item: Life Orb\n|\n|upkeep\n|\n|t:|1700025628\n|switch|p1a: Great Tusk|Great Tusk, shiny|100\/100\n|turn|9\n|\n|t:|1700025632\n|move|p2a: Meemawchu|Destiny Bond|p2a: Meemawchu\n|-singlemove|p2a: Meemawchu|Destiny Bond\n|move|p1a: Great Tusk|Knock Off|p2a: Meemawchu\n|-damage|p2a: Meemawchu|7\/100\n|-enditem|p2a: Meemawchu|Life Orb|[from] move: Knock Off|[of] p1a: Great Tusk\n|\n|upkeep\n|turn|10\n|\n|t:|1700025637\n|move|p1a: Great Tusk|Knock Off|p2a: Meemawchu\n|-damage|p2a: Meemawchu|0 fnt\n|faint|p2a: Meemawchu\n|-activate|p2a: Meemawchu|move: Destiny Bond\n|faint|p1a: Great Tusk\n|-end|p1a: Great Tusk|Protosynthesis|[silent]\n|\n|-fieldend|move: Trick Room\n|upkeep\n|\n|t:|1700025645\n|switch|p1a: Kingambit|Kingambit, F, shiny|100\/100\n|switch|p2a: FamWenSheldonIsOn|Maushold, shiny|100\/100\n|-damage|p2a: FamWenSheldonIsOn|84\/100|[from] Spikes\n|-activate|p1a: Kingambit|ability: Supreme Overlord\n|-start|p1a: Kingambit|fallen3|[silent]\n|turn|11\n|\n|t:|1700025648\n|move|p2a: FamWenSheldonIsOn|Tidy Up|p2a: FamWenSheldonIsOn\n|-sideend|p2: Lardoh|Spikes\n|-activate|p2a: FamWenSheldonIsOn|move: Tidy Up\n|-boost|p2a: FamWenSheldonIsOn|atk|1\n|-boost|p2a: FamWenSheldonIsOn|spe|1\n|move|p1a: Kingambit|Kowtow Cleave|p2a: FamWenSheldonIsOn\n|-damage|p2a: FamWenSheldonIsOn|0 fnt\n|faint|p2a: FamWenSheldonIsOn\n|\n|upkeep\n|\n|t:|1700025650\n|switch|p2a: Mr.Cooper|Iron Hands|100\/100\n|turn|12\n|\n|t:|1700025652\n|-end|p1a: Kingambit|fallen3|[silent]\n|switch|p1a: Iron Valiant|Iron Valiant, shiny|100\/100\n|-enditem|p1a: Iron Valiant|Booster Energy\n|-activate|p1a: Iron Valiant|ability: Quark Drive|[fromitem]\n|-start|p1a: Iron Valiant|quarkdrivespe\n|move|p2a: Mr.Cooper|Swords Dance|p2a: Mr.Cooper\n|-boost|p2a: Mr.Cooper|atk|2\n|\n|upkeep\n|turn|13\n|\n|t:|1700025658\n|move|p1a: Iron Valiant|Moonblast|p2a: Mr.Cooper\n|-supereffective|p2a: Mr.Cooper\n|-damage|p2a: Mr.Cooper|9\/100\n|move|p2a: Mr.Cooper|Thunder Punch|p1a: Iron Valiant\n|-damage|p1a: Iron Valiant|0 fnt\n|faint|p1a: Iron Valiant\n|-end|p1a: Iron Valiant|Quark Drive|[silent]\n|\n|upkeep\n|\n|t:|1700025661\n|switch|p1a: Gholdengo|Gholdengo, shiny|100\/100\n|turn|14\n|\n|t:|1700025666\n|move|p1a: Gholdengo|Shadow Ball|p2a: Mr.Cooper\n|-damage|p2a: Mr.Cooper|0 fnt\n|faint|p2a: Mr.Cooper\n|-end|p2a: Mr.Cooper|Quark Drive|[silent]\n|\n|upkeep\n|\n|t:|1700025668\n|switch|p2a: Georgie|Hoopa-Unbound|100\/100\n|turn|15\n|\n|t:|1700025673\n|move|p1a: Gholdengo|Shadow Ball|p2a: Georgie\n|-damage|p2a: Georgie|55\/100\n|move|p2a: Georgie|Trick Room|p2a: Georgie\n|-fieldstart|move: Trick Room|[of] p2a: Georgie\n|\n|upkeep\n|turn|16\n|\n|t:|1700025676\n|move|p2a: Georgie|Hyperspace Fury|p1a: Gholdengo\n|-supereffective|p1a: Gholdengo\n|-damage|p1a: Gholdengo|0 fnt\n|-unboost|p2a: Georgie|def|1\n|faint|p1a: Gholdengo\n|\n|upkeep\n|\n|t:|1700025678\n|switch|p1a: Kingambit|Kingambit, F, shiny|100\/100\n|-activate|p1a: Kingambit|ability: Supreme Overlord\n|-start|p1a: Kingambit|fallen5|[silent]\n|turn|17\n|\n|t:|1700025696\n|move|p1a: Kingambit|Sucker Punch|p2a: Georgie\n|-damage|p2a: Georgie|0 fnt\n|faint|p2a: Georgie\n|\n|upkeep\n|\n|t:|1700025698\n|switch|p2a: Young Shelldon|Torkoal, M|84\/100\n|-weather|SunnyDay|[from] ability: Drought|[of] p2a: Young Shelldon\n|turn|18\n|j| these mons blow\n|l| these mons blow\n|\n|t:|1700025710\n|-terastallize|p2a: Young Shelldon|Fire\n|-terastallize|p1a: Kingambit|Fairy\n|move|p1a: Kingambit|Sucker Punch|p2a: Young Shelldon\n|-damage|p2a: Young Shelldon|34\/100\n|move|p2a: Young Shelldon|Flamethrower|p1a: Kingambit\n|-damage|p1a: Kingambit|0 fnt\n|faint|p1a: Kingambit\n|-end|p1a: Kingambit|fallen5|[silent]\n|\n|win|Lardoh\n|raw|Apoiguespm's rating: 1684 &rarr; <strong>1669<\/strong><br \/>(-15 for losing)\n|raw|Lardoh's rating: 1766 &rarr; <strong>1781<\/strong><br \/>(+15 for winning)\n|l|\u2606Apoiguespm\n","uploadtime":1700025720,"views":11,"p1id":"apoiguespm","p2id":"lardoh","formatid":"gen9ou","rating":1669,"private":0,"password":""}