{"id":"gen9ou-1995938749","p1":"Esdeath725","p2":"SkeletonStitches","format":"[Gen 9] OU","log":"|j|\u2606Esdeath725\n|j|\u2606SkeletonStitches\n|inactive|Battle timer is ON: inactive players will automatically lose when time's up.\n|t:|1700619673\n|gametype|singles\n|player|p1|Esdeath725|fantina|\n|player|p2|SkeletonStitches|emmet|\n|teamsize|p1|6\n|teamsize|p2|4\n|gen|9\n|tier|[Gen 9] OU\n|rated|Tournament battle\n|rule|Sleep Clause Mod: Limit one foe put to sleep\n|rule|Species Clause: Limit one of each Pok\u00e9mon\n|rule|OHKO Clause: OHKO moves are banned\n|rule|Evasion Items Clause: Evasion items are banned\n|rule|Evasion Moves Clause: Evasion moves are banned\n|rule|Endless Battle Clause: Forcing endless battles is banned\n|rule|HP Percentage Mod: HP is shown in percentages\n|clearpoke\n|poke|p1|Samurott-Hisui, F|\n|poke|p1|Gholdengo|\n|poke|p1|Dragonite, F|\n|poke|p1|Ceruledge, F|\n|poke|p1|Rillaboom, M|\n|poke|p1|Zamazenta-*|\n|poke|p2|Toxapex, M|\n|poke|p2|Slowking-Galar, F|\n|poke|p2|Blissey, F|\n|poke|p2|Corviknight, M|\n|teampreview\n|j|*Lady Monita \u2746\n|inactive|SkeletonStitches also wants the timer to be on.\n|c|\u2606Esdeath725|4 Pok\u00e9mon?\n|c|\u2606SkeletonStitches|As you can see\n|c|\u2606SkeletonStitches|Not done with the team\n|inactive|SkeletonStitches has 120 seconds left.\n|c|\u2606Esdeath725|lmao\n|\n|t:|1700619704\n|start\n|switch|p1a: Samurott|Samurott-Hisui, F|100\/100\n|switch|p2a: Toxapex|Toxapex, M|100\/100\n|turn|1\n|\n|t:|1700619718\n|move|p1a: Samurott|Ceaseless Edge|p2a: Toxapex\n|-damage|p2a: Toxapex|76\/100\n|-sidestart|p2: SkeletonStitches|Spikes\n|move|p2a: Toxapex|Toxic|p1a: Samurott\n|-status|p1a: Samurott|tox\n|\n|-heal|p2a: Toxapex|82\/100|[from] item: Black Sludge\n|-damage|p1a: Samurott|94\/100 tox|[from] psn\n|upkeep\n|turn|2\n|inactive|SkeletonStitches has 120 seconds left.\n|\n|t:|1700619757\n|move|p2a: Toxapex|Baneful Bunker|p2a: Toxapex\n|-singleturn|p2a: Toxapex|move: Protect\n|move|p1a: Samurott|Ceaseless Edge|p2a: Toxapex\n|-activate|p2a: Toxapex|move: Protect\n|\n|-heal|p2a: Toxapex|88\/100|[from] item: Black Sludge\n|-damage|p1a: Samurott|82\/100 tox|[from] psn\n|upkeep\n|turn|3\n|inactive|SkeletonStitches has 120 seconds left.\n|inactive|Esdeath725 has 120 seconds left.\n|\n|t:|1700619787\n|move|p1a: Samurott|Ceaseless Edge|p2a: Toxapex\n|-damage|p2a: Toxapex|61\/100\n|-sidestart|p2: SkeletonStitches|Spikes\n|move|p2a: Toxapex|Toxic Spikes|p1a: Samurott\n|-sidestart|p1: Esdeath725|move: Toxic Spikes\n|\n|-heal|p2a: Toxapex|67\/100|[from] item: Black Sludge\n|-damage|p1a: Samurott|63\/100 tox|[from] psn\n|upkeep\n|turn|4\n|inactive|Esdeath725 has 120 seconds left.\n|inactive|SkeletonStitches has 120 seconds left.\n|\n|t:|1700619826\n|switch|p1a: Zamazenta|Zamazenta, shiny|100\/100\n|-status|p1a: Zamazenta|psn\n|-ability|p1a: Zamazenta|Dauntless Shield|boost\n|-boost|p1a: Zamazenta|def|1\n|switch|p2a: Corviknight|Corviknight, M|100\/100\n|-ability|p2a: Corviknight|Pressure\n|\n|-damage|p1a: Zamazenta|88\/100 psn|[from] psn\n|upkeep\n|turn|5\n|inactive|Esdeath725 has 90 seconds left.\n|\n|t:|1700619853\n|switch|p1a: Dragonite|Dragonite, F, shiny|100\/100\n|move|p2a: Corviknight|Defog|p1a: Dragonite\n|-unboost|p1a: Dragonite|evasion|1\n|-sideend|p1: Esdeath725|Toxic Spikes|[from] move: Defog|[of] p2a: Corviknight\n|-sideend|p2: SkeletonStitches|Spikes|[from] move: Defog|[of] p2a: Corviknight\n|\n|upkeep\n|turn|6\n|\n|t:|1700619864\n|move|p2a: Corviknight|Protect|p2a: Corviknight\n|-singleturn|p2a: Corviknight|Protect\n|move|p1a: Dragonite|Fire Punch|p2a: Corviknight\n|-activate|p2a: Corviknight|move: Protect\n|\n|upkeep\n|turn|7\n|\n|t:|1700619875\n|-terastallize|p1a: Dragonite|Normal\n|move|p1a: Dragonite|Extreme Speed|p2a: Corviknight\n|-resisted|p2a: Corviknight\n|-damage|p2a: Corviknight|88\/100\n|move|p2a: Corviknight|Spite|p1a: Dragonite\n|-activate|p1a: Dragonite|move: Spite|Extreme Speed|4\n|\n|-heal|p2a: Corviknight|94\/100|[from] item: Leftovers\n|upkeep\n|turn|8\n|inactive|Esdeath725 has 90 seconds left.\n|\n|t:|1700619884\n|move|p2a: Corviknight|Protect|p2a: Corviknight\n|-singleturn|p2a: Corviknight|Protect\n|move|p1a: Dragonite|Fire Punch|p2a: Corviknight\n|-activate|p2a: Corviknight|move: Protect\n|\n|-heal|p2a: Corviknight|99\/100|[from] item: Leftovers\n|upkeep\n|turn|9\n|\n|t:|1700619892\n|switch|p2a: Toxapex|Toxapex, M|99\/100\n|move|p1a: Dragonite|Fire Punch|p2a: Toxapex\n|-resisted|p2a: Toxapex\n|-crit|p2a: Toxapex\n|-damage|p2a: Toxapex|87\/100\n|-status|p2a: Toxapex|brn\n|\n|-heal|p2a: Toxapex|93\/100 brn|[from] item: Black Sludge\n|-damage|p2a: Toxapex|87\/100 brn|[from] brn\n|upkeep\n|turn|10\n|inactive|Esdeath725 has 90 seconds left.\n|\n|t:|1700619912\n|switch|p2a: Corviknight|Corviknight, M|99\/100\n|-ability|p2a: Corviknight|Pressure\n|move|p1a: Dragonite|Outrage|p2a: Corviknight\n|-resisted|p2a: Corviknight\n|-damage|p2a: Corviknight|80\/100\n|\n|-heal|p2a: Corviknight|86\/100|[from] item: Leftovers\n|upkeep\n|turn|11\n|inactive|Esdeath725 has 90 seconds left.\n|\n|t:|1700619926\n|move|p1a: Dragonite|Outrage|p2a: Corviknight|[from]lockedmove\n|-resisted|p2a: Corviknight\n|-damage|p2a: Corviknight|67\/100\n|-start|p1a: Dragonite|confusion|[fatigue]\n|move|p2a: Corviknight|Spite|p1a: Dragonite\n|-activate|p1a: Dragonite|move: Spite|Outrage|4\n|\n|-heal|p2a: Corviknight|73\/100|[from] item: Leftovers\n|upkeep\n|turn|12\n|\n|t:|1700619935\n|-activate|p1a: Dragonite|confusion\n|move|p1a: Dragonite|Fire Punch|p2a: Corviknight\n|-supereffective|p2a: Corviknight\n|-damage|p2a: Corviknight|43\/100\n|move|p2a: Corviknight|Spite|p1a: Dragonite\n|-activate|p1a: Dragonite|move: Spite|Fire Punch|4\n|\n|-heal|p2a: Corviknight|49\/100|[from] item: Leftovers\n|upkeep\n|turn|13\n|\n|t:|1700619942\n|-activate|p1a: Dragonite|confusion\n|move|p1a: Dragonite|Fire Punch|p2a: Corviknight\n|-supereffective|p2a: Corviknight\n|-damage|p2a: Corviknight|16\/100\n|move|p2a: Corviknight|Roost|p2a: Corviknight\n|-heal|p2a: Corviknight|66\/100\n|-singleturn|p2a: Corviknight|move: Roost\n|\n|-heal|p2a: Corviknight|72\/100|[from] item: Leftovers\n|upkeep\n|turn|14\n|\n|t:|1700619954\n|-activate|p1a: Dragonite|confusion\n|move|p1a: Dragonite|Fire Punch|p2a: Corviknight\n|-supereffective|p2a: Corviknight\n|-damage|p2a: Corviknight|40\/100\n|move|p2a: Corviknight|Spite|p1a: Dragonite\n|-activate|p1a: Dragonite|move: Spite|Fire Punch|4\n|\n|-heal|p2a: Corviknight|46\/100|[from] item: Leftovers\n|upkeep\n|turn|15\n|\n|t:|1700619961\n|switch|p2a: Toxapex|Toxapex, M|100\/100 brn\n|-activate|p1a: Dragonite|confusion\n|-damage|p1a: Dragonite|84\/100|[from] confusion\n|\n|-damage|p2a: Toxapex|95\/100 brn|[from] brn\n|upkeep\n|turn|16\n|\n|t:|1700619972\n|-end|p1a: Dragonite|confusion\n|move|p1a: Dragonite|Hurricane|p2a: Toxapex\n|-damage|p2a: Toxapex|68\/100 brn\n|move|p2a: Toxapex|Toxic Spikes|p1a: Dragonite\n|-sidestart|p1: Esdeath725|move: Toxic Spikes\n|\n|-heal|p2a: Toxapex|74\/100 brn|[from] item: Black Sludge\n|-damage|p2a: Toxapex|68\/100 brn|[from] brn\n|upkeep\n|turn|17\n|\n|t:|1700619994\n|move|p1a: Dragonite|Extreme Speed|p2a: Toxapex\n|-damage|p2a: Toxapex|41\/100 brn\n|move|p2a: Toxapex|Toxic Spikes|p1a: Dragonite\n|-sidestart|p1: Esdeath725|move: Toxic Spikes\n|\n|-heal|p2a: Toxapex|47\/100 brn|[from] item: Black Sludge\n|-damage|p2a: Toxapex|41\/100 brn|[from] brn\n|upkeep\n|turn|18\n|\n|t:|1700620011\n|switch|p2a: Slowking|Slowking-Galar, F|100\/100\n|move|p1a: Dragonite|Extreme Speed|p2a: Slowking\n|-damage|p2a: Slowking|56\/100\n|\n|upkeep\n|turn|19\n|inactive|Esdeath725 has 90 seconds left.\n|\n|t:|1700620027\n|switch|p2a: Corviknight|Corviknight, M|46\/100\n|-ability|p2a: Corviknight|Pressure\n|move|p1a: Dragonite|Outrage|p2a: Corviknight\n|-resisted|p2a: Corviknight\n|-damage|p2a: Corviknight|25\/100\n|\n|-heal|p2a: Corviknight|31\/100|[from] item: Leftovers\n|upkeep\n|turn|20\n|\n|t:|1700620036\n|move|p2a: Corviknight|Protect|p2a: Corviknight\n|-singleturn|p2a: Corviknight|Protect\n|move|p1a: Dragonite|Outrage|p2a: Corviknight|[from]lockedmove\n|-activate|p2a: Corviknight|move: Protect\n|-start|p1a: Dragonite|confusion|[fatigue]\n|\n|-heal|p2a: Corviknight|37\/100|[from] item: Leftovers\n|upkeep\n|turn|21\n|\n|t:|1700620045\n|-activate|p1a: Dragonite|confusion\n|move|p1a: Dragonite|Fire Punch|p2a: Corviknight\n|-supereffective|p2a: Corviknight\n|-damage|p2a: Corviknight|6\/100\n|move|p2a: Corviknight|Roost|p2a: Corviknight\n|-heal|p2a: Corviknight|56\/100\n|-singleturn|p2a: Corviknight|move: Roost\n|\n|-heal|p2a: Corviknight|62\/100|[from] item: Leftovers\n|upkeep\n|turn|22\n|c|\u2606Esdeath725|Omg this team\n|\n|t:|1700620056\n|-activate|p1a: Dragonite|confusion\n|move|p1a: Dragonite|Fire Punch|p2a: Corviknight\n|-supereffective|p2a: Corviknight\n|-damage|p2a: Corviknight|29\/100\n|move|p2a: Corviknight|Roost|p2a: Corviknight\n|-heal|p2a: Corviknight|79\/100\n|-singleturn|p2a: Corviknight|move: Roost\n|\n|-heal|p2a: Corviknight|85\/100|[from] item: Leftovers\n|upkeep\n|turn|23\n|\n|t:|1700620069\n|move|p2a: Corviknight|Protect|p2a: Corviknight\n|-singleturn|p2a: Corviknight|Protect\n|-end|p1a: Dragonite|confusion\n|move|p1a: Dragonite|Fire Punch|p2a: Corviknight\n|-activate|p2a: Corviknight|move: Protect\n|\n|-heal|p2a: Corviknight|91\/100|[from] item: Leftovers\n|upkeep\n|turn|24\n|c|\u2606Esdeath725|imma start geekin out\n|\n|t:|1700620089\n|move|p1a: Dragonite|Hurricane|p2a: Corviknight|[miss]\n|-miss|p1a: Dragonite|p2a: Corviknight\n|move|p2a: Corviknight|Spite|p1a: Dragonite\n|-activate|p1a: Dragonite|move: Spite|Hurricane|4\n|\n|-heal|p2a: Corviknight|97\/100|[from] item: Leftovers\n|upkeep\n|turn|25\n|c|\u2606SkeletonStitches|?\n|inactive|Esdeath725 has 90 seconds left.\n|\n|t:|1700620107\n|switch|p1a: Samurott|Samurott-Hisui, F|63\/100 tox\n|move|p2a: Corviknight|Spite||[still]\n|-fail|p2a: Corviknight\n|\n|-heal|p2a: Corviknight|100\/100|[from] item: Leftovers\n|-damage|p1a: Samurott|57\/100 tox|[from] psn\n|upkeep\n|turn|26\n|inactive|Esdeath725 has 90 seconds left.\n|\n|t:|1700620117\n|move|p2a: Corviknight|Protect|p2a: Corviknight\n|-singleturn|p2a: Corviknight|Protect\n|move|p1a: Samurott|Knock Off|p2a: Corviknight\n|-activate|p2a: Corviknight|move: Protect\n|\n|-damage|p1a: Samurott|44\/100 tox|[from] psn\n|upkeep\n|turn|27\n|\n|t:|1700620125\n|switch|p2a: Toxapex|Toxapex, M|75\/100 brn\n|move|p1a: Samurott|Knock Off|p2a: Toxapex\n|-crit|p2a: Toxapex\n|-damage|p2a: Toxapex|32\/100 brn\n|-enditem|p2a: Toxapex|Black Sludge|[from] move: Knock Off|[of] p1a: Samurott\n|\n|-damage|p1a: Samurott|26\/100 tox|[from] psn\n|-damage|p2a: Toxapex|26\/100 brn|[from] brn\n|upkeep\n|turn|28\n|inactive|Esdeath725 has 90 seconds left.\n|\n|t:|1700620141\n|move|p2a: Toxapex|Baneful Bunker|p2a: Toxapex\n|-singleturn|p2a: Toxapex|move: Protect\n|move|p1a: Samurott|Ceaseless Edge|p2a: Toxapex\n|-activate|p2a: Toxapex|move: Protect\n|\n|-damage|p1a: Samurott|1\/100 tox|[from] psn\n|-damage|p2a: Toxapex|20\/100 brn|[from] brn\n|upkeep\n|turn|29\n|\n|t:|1700620150\n|switch|p2a: Corviknight|Corviknight, M|100\/100\n|-ability|p2a: Corviknight|Pressure\n|move|p1a: Samurott|Ceaseless Edge|p2a: Corviknight\n|-damage|p2a: Corviknight|75\/100\n|-sidestart|p2: SkeletonStitches|Spikes\n|\n|-heal|p2a: Corviknight|81\/100|[from] item: Leftovers\n|-damage|p1a: Samurott|0 fnt|[from] psn\n|faint|p1a: Samurott\n|upkeep\n|inactive|Esdeath725 has 90 seconds left.\n|\n|t:|1700620177\n|switch|p1a: Zamazenta|Zamazenta, shiny|88\/100 psn\n|turn|30\n|c|\u2606SkeletonStitches|Yeah this is gonna take a while\n|\n|t:|1700620195\n|move|p2a: Corviknight|Protect|p2a: Corviknight\n|-singleturn|p2a: Corviknight|Protect\n|move|p1a: Zamazenta|Close Combat|p2a: Corviknight\n|-activate|p2a: Corviknight|move: Protect\n|\n|-heal|p2a: Corviknight|87\/100|[from] item: Leftovers\n|-damage|p1a: Zamazenta|76\/100 psn|[from] psn\n|upkeep\n|turn|31\n|\n|t:|1700620211\n|move|p2a: Corviknight|Protect|p2a: Corviknight\n|-singleturn|p2a: Corviknight|Protect\n|move|p1a: Zamazenta|Close Combat|p2a: Corviknight\n|-activate|p2a: Corviknight|move: Protect\n|\n|-heal|p2a: Corviknight|93\/100|[from] item: Leftovers\n|-damage|p1a: Zamazenta|64\/100 psn|[from] psn\n|upkeep\n|turn|32\n|\n|t:|1700620231\n|move|p1a: Zamazenta|Close Combat|p2a: Corviknight\n|-damage|p2a: Corviknight|37\/100\n|-unboost|p1a: Zamazenta|def|1\n|-unboost|p1a: Zamazenta|spd|1\n|move|p2a: Corviknight|Roost|p2a: Corviknight\n|-heal|p2a: Corviknight|87\/100\n|-singleturn|p2a: Corviknight|move: Roost\n|\n|-heal|p2a: Corviknight|93\/100|[from] item: Leftovers\n|-damage|p1a: Zamazenta|51\/100 psn|[from] psn\n|upkeep\n|turn|33\n|\n|t:|1700620241\n|move|p2a: Corviknight|Protect|p2a: Corviknight\n|-singleturn|p2a: Corviknight|Protect\n|move|p1a: Zamazenta|Close Combat|p2a: Corviknight\n|-activate|p2a: Corviknight|move: Protect\n|\n|-heal|p2a: Corviknight|99\/100|[from] item: Leftovers\n|-damage|p1a: Zamazenta|39\/100 psn|[from] psn\n|upkeep\n|turn|34\n|inactive|Esdeath725 has 60 seconds left.\n|\n|t:|1700620260\n|switch|p1a: Ceruledge|Ceruledge, F, shiny|100\/100\n|-status|p1a: Ceruledge|tox\n|switch|p2a: Toxapex|Toxapex, M|54\/100 brn\n|-damage|p2a: Toxapex|41\/100 brn|[from] Spikes\n|\n|-damage|p1a: Ceruledge|94\/100 tox|[from] psn\n|-damage|p2a: Toxapex|35\/100 brn|[from] brn\n|upkeep\n|turn|35\n|c|\u2606SkeletonStitches|So choice item zenta\n|inactive|Esdeath725 has 60 seconds left.\n|\n|t:|1700620280\n|switch|p1a: Rillaboom|Rillaboom, M, shiny|100\/100\n|-status|p1a: Rillaboom|tox\n|-fieldstart|move: Grassy Terrain|[from] ability: Grassy Surge|[of] p1a: Rillaboom\n|switch|p2a: Corviknight|Corviknight, M|99\/100\n|-ability|p2a: Corviknight|Pressure\n|\n|-heal|p2a: Corviknight|100\/100|[from] item: Leftovers\n|-damage|p1a: Rillaboom|94\/100 tox|[from] psn\n|upkeep\n|turn|36\n|\n|t:|1700620295\n|move|p1a: Rillaboom|Drain Punch|p2a: Corviknight\n|-damage|p2a: Corviknight|77\/100\n|-heal|p1a: Rillaboom|100\/100 tox|[from] drain|[of] p2a: Corviknight\n|-damage|p1a: Rillaboom|91\/100 tox|[from] item: Life Orb\n|move|p2a: Corviknight|Defog|p1a: Rillaboom\n|-unboost|p1a: Rillaboom|evasion|1\n|-sideend|p1: Esdeath725|Toxic Spikes|[from] move: Defog|[of] p2a: Corviknight\n|-sideend|p2: SkeletonStitches|Spikes|[from] move: Defog|[of] p2a: Corviknight\n|-fieldend|move: Grassy Terrain\n|\n|-heal|p2a: Corviknight|83\/100|[from] item: Leftovers\n|-damage|p1a: Rillaboom|78\/100 tox|[from] psn\n|upkeep\n|turn|37\n|\n|t:|1700620309\n|switch|p1a: Ceruledge|Ceruledge, F, shiny|94\/100 tox\n|switch|p2a: Toxapex|Toxapex, M|69\/100 brn\n|\n|-damage|p1a: Ceruledge|88\/100 tox|[from] psn\n|-damage|p2a: Toxapex|63\/100 brn|[from] brn\n|upkeep\n|turn|38\n|\n|t:|1700620330\n|switch|p2a: Corviknight|Corviknight, M|83\/100\n|-ability|p2a: Corviknight|Pressure\n|move|p1a: Ceruledge|Bitter Blade|p2a: Corviknight\n|-supereffective|p2a: Corviknight\n|-damage|p2a: Corviknight|28\/100\n|-heal|p1a: Ceruledge|100\/100 tox|[from] drain|[of] p2a: Corviknight\n|\n|-heal|p2a: Corviknight|34\/100|[from] item: Leftovers\n|-damage|p1a: Ceruledge|88\/100 tox|[from] psn\n|upkeep\n|turn|39\n|\n|t:|1700620347\n|move|p2a: Corviknight|Protect|p2a: Corviknight\n|-singleturn|p2a: Corviknight|Protect\n|move|p1a: Ceruledge|Bitter Blade|p2a: Corviknight\n|-activate|p2a: Corviknight|move: Protect\n|\n|-heal|p2a: Corviknight|40\/100|[from] item: Leftovers\n|-damage|p1a: Ceruledge|70\/100 tox|[from] psn\n|upkeep\n|turn|40\n|\n|t:|1700620358\n|switch|p2a: Toxapex|Toxapex, M|96\/100 brn\n|move|p1a: Ceruledge|Swords Dance|p1a: Ceruledge\n|-boost|p1a: Ceruledge|atk|2\n|\n|-damage|p1a: Ceruledge|45\/100 tox|[from] psn\n|-damage|p2a: Toxapex|90\/100 brn|[from] brn\n|upkeep\n|turn|41\n|\n|t:|1700620372\n|move|p1a: Ceruledge|Close Combat|p2a: Toxapex\n|-resisted|p2a: Toxapex\n|-damage|p2a: Toxapex|67\/100 brn\n|-unboost|p1a: Ceruledge|def|1\n|-unboost|p1a: Ceruledge|spd|1\n|move|p2a: Toxapex|Haze|p2a: Toxapex\n|-clearallboost\n|\n|-damage|p1a: Ceruledge|14\/100 tox|[from] psn\n|-damage|p2a: Toxapex|61\/100 brn|[from] brn\n|upkeep\n|turn|42\n|\n|t:|1700620387\n|switch|p1a: Dragonite|Dragonite, F, shiny, tera:Normal|84\/100\n|move|p2a: Toxapex|Baneful Bunker||[still]\n|-fail|p2a: Toxapex\n|\n|-damage|p2a: Toxapex|55\/100 brn|[from] brn\n|upkeep\n|turn|43\n|\n|t:|1700620401\n|move|p1a: Dragonite|Hurricane|p2a: Toxapex|[miss]\n|-miss|p1a: Dragonite|p2a: Toxapex\n|move|p2a: Toxapex|Toxic|p1a: Dragonite\n|-status|p1a: Dragonite|tox\n|\n|-damage|p1a: Dragonite|78\/100 tox|[from] psn\n|-damage|p2a: Toxapex|49\/100 brn|[from] brn\n|upkeep\n|turn|44\n|\n|t:|1700620411\n|switch|p2a: Corviknight|Corviknight, M|40\/100\n|-ability|p2a: Corviknight|Pressure\n|move|p1a: Dragonite|Hurricane|p2a: Corviknight\n|-resisted|p2a: Corviknight\n|-damage|p2a: Corviknight|23\/100\n|\n|-heal|p2a: Corviknight|29\/100|[from] item: Leftovers\n|-damage|p1a: Dragonite|66\/100 tox|[from] psn\n|upkeep\n|turn|45\n|\n|t:|1700620421\n|move|p2a: Corviknight|Protect|p2a: Corviknight\n|-singleturn|p2a: Corviknight|Protect\n|move|p1a: Dragonite|Hurricane|p2a: Corviknight\n|-activate|p2a: Corviknight|move: Protect\n|\n|-heal|p2a: Corviknight|35\/100|[from] item: Leftovers\n|-damage|p1a: Dragonite|47\/100 tox|[from] psn\n|upkeep\n|turn|46\n|c| Umbre test|Bro brought 4 Mon stall\n|\n|t:|1700620428\n|move|p1a: Dragonite|Hurricane|p2a: Corviknight|[miss]\n|-miss|p1a: Dragonite|p2a: Corviknight\n|move|p2a: Corviknight|Roost|p2a: Corviknight\n|-heal|p2a: Corviknight|85\/100\n|-singleturn|p2a: Corviknight|move: Roost\n|\n|-heal|p2a: Corviknight|91\/100|[from] item: Leftovers\n|-damage|p1a: Dragonite|22\/100 tox|[from] psn\n|upkeep\n|turn|47\n|c| Umbre test|Funniest shit I've ever seen\n|c|\u2606SkeletonStitches|Couldn't finish the team in time so\n|c| Umbre test|Hilarious\n|c| Umbre test|Respect\n|\n|t:|1700620452\n|move|p2a: Corviknight|Protect|p2a: Corviknight\n|-singleturn|p2a: Corviknight|Protect\n|move|p1a: Dragonite|Hurricane|p2a: Corviknight\n|-activate|p2a: Corviknight|move: Protect\n|\n|-heal|p2a: Corviknight|97\/100|[from] item: Leftovers\n|-damage|p1a: Dragonite|0 fnt|[from] psn\n|faint|p1a: Dragonite\n|upkeep\n|c|\u2606Esdeath725|I\u2019m actually slowly losing it\n|c|\u2606Esdeath725|like in a good way\n|c|\u2606Esdeath725|im just laughing my ass off rn\n|inactive|Esdeath725 has 30 seconds left.\n|c|\u2606Esdeath725|im hazed af rn\n|\n|t:|1700620488\n|switch|p1a: Ceruledge|Ceruledge, F, shiny|14\/100 tox\n|turn|48\n|c| Umbre test|Yeah u lose if it's calm mind miss\n|c| Umbre test|Bliss\n|c| Umbre test|Amazing\n|inactive|SkeletonStitches has 120 seconds left.\n|\n|t:|1700620515\n|move|p1a: Ceruledge|Bitter Blade|p2a: Corviknight\n|-supereffective|p2a: Corviknight\n|-damage|p2a: Corviknight|38\/100\n|-heal|p1a: Ceruledge|54\/100 tox|[from] drain|[of] p2a: Corviknight\n|move|p2a: Corviknight|Spite|p1a: Ceruledge\n|-activate|p1a: Ceruledge|move: Spite|Bitter Blade|4\n|\n|-heal|p2a: Corviknight|44\/100|[from] item: Leftovers\n|-damage|p1a: Ceruledge|48\/100 tox|[from] psn\n|upkeep\n|turn|49\n|inactive|Esdeath725 has 30 seconds left.\n|inactive|Esdeath725 has 20 seconds left.\n|\n|t:|1700620542\n|move|p2a: Corviknight|Protect|p2a: Corviknight\n|-singleturn|p2a: Corviknight|Protect\n|move|p1a: Ceruledge|Bitter Blade|p2a: Corviknight\n|-activate|p2a: Corviknight|move: Protect\n|\n|-heal|p2a: Corviknight|50\/100|[from] item: Leftovers\n|-damage|p1a: Ceruledge|36\/100 tox|[from] psn\n|upkeep\n|turn|50\n|inactive|Esdeath725 has 30 seconds left this turn.\n|c|\u2606SkeletonStitches|It ain't\n|inactive|Esdeath725 has 20 seconds left.\n|\n|t:|1700620552\n|switch|p2a: Toxapex|Toxapex, M|82\/100 brn\n|move|p1a: Ceruledge|Bitter Blade|p2a: Toxapex\n|-resisted|p2a: Toxapex\n|-damage|p2a: Toxapex|68\/100 brn\n|-heal|p1a: Ceruledge|43\/100 tox|[from] drain|[of] p2a: Toxapex\n|\n|-damage|p1a: Ceruledge|25\/100 tox|[from] psn\n|-damage|p2a: Toxapex|62\/100 brn|[from] brn\n|upkeep\n|turn|51\n|inactive|Esdeath725 has 30 seconds left this turn.\n|inactive|Esdeath725 has 20 seconds left.\n|inactive|Esdeath725 has 15 seconds left.\n|inactive|Esdeath725 has 10 seconds left.\n|\n|t:|1700620574\n|switch|p1a: Gholdengo|Gholdengo|100\/100\n|move|p2a: Toxapex|Baneful Bunker||[still]\n|-fail|p2a: Toxapex\n|\n|-damage|p2a: Toxapex|56\/100 brn|[from] brn\n|upkeep\n|turn|52\n|inactive|Esdeath725 has 20 seconds left this turn.\n|c|\u2606SkeletonStitches|Playing on mobile and had no ou team\n|inactive|Esdeath725 has 15 seconds left.\n|inactive|Esdeath725 has 10 seconds left.\n|c| Umbre test|Gl finishing your team next time lmfao\n|inactive|Esdeath725 has 5 seconds left.\n|\n|t:|1700620596\n|switch|p2a: Blissey|Blissey, F|100\/100\n|move|p1a: Gholdengo|Dazzling Gleam|p2a: Blissey\n|-damage|p2a: Blissey|90\/100\n|\n|upkeep\n|turn|53\n|inactive|Esdeath725 has 15 seconds left this turn.\n|inactive|Esdeath725 has 10 seconds left.\n|\n|t:|1700620603\n|switch|p1a: Ceruledge|Ceruledge, F, shiny|25\/100 tox\n|move|p2a: Blissey|Stealth Rock|p1a: Ceruledge\n|-sidestart|p1: Esdeath725|move: Stealth Rock\n|\n|-damage|p1a: Ceruledge|19\/100 tox|[from] psn\n|upkeep\n|turn|54\n|inactive|Esdeath725 has 20 seconds left this turn.\n|inactive|Esdeath725 has 15 seconds left.\n|\n|t:|1700620610\n|move|p2a: Blissey|Protect|p2a: Blissey\n|-singleturn|p2a: Blissey|Protect\n|move|p1a: Ceruledge|Close Combat|p2a: Blissey\n|-activate|p2a: Blissey|move: Protect\n|\n|-damage|p1a: Ceruledge|6\/100 tox|[from] psn\n|upkeep\n|turn|55\n|inactive|Esdeath725 has 25 seconds left this turn.\n|inactive|Esdeath725 has 20 seconds left.\n|\n|t:|1700620617\n|switch|p2a: Toxapex|Toxapex, M|89\/100 brn\n|move|p1a: Ceruledge|Bitter Blade|p2a: Toxapex\n|-resisted|p2a: Toxapex\n|-damage|p2a: Toxapex|75\/100 brn\n|-heal|p1a: Ceruledge|14\/100 tox|[from] drain|[of] p2a: Toxapex\n|\n|-damage|p1a: Ceruledge|0 fnt|[from] psn\n|faint|p1a: Ceruledge\n|-damage|p2a: Toxapex|69\/100 brn|[from] brn\n|upkeep\n|inactive|Esdeath725 has 25 seconds left this turn.\n|inactive|Esdeath725 has 20 seconds left.\n|inactive|Esdeath725 has 15 seconds left.\n|\n|t:|1700620632\n|switch|p1a: Zamazenta|Zamazenta, shiny|39\/100 psn\n|-damage|p1a: Zamazenta|33\/100 psn|[from] Stealth Rock\n|turn|56\n|inactive|Esdeath725 has 25 seconds left this turn.\n|inactive|Esdeath725 has 20 seconds left.\n|\n|t:|1700620639\n|move|p2a: Toxapex|Baneful Bunker|p2a: Toxapex\n|-singleturn|p2a: Toxapex|move: Protect\n|move|p1a: Zamazenta|Psychic Fangs|p2a: Toxapex\n|-activate|p2a: Toxapex|move: Protect\n|\n|-damage|p1a: Zamazenta|21\/100 psn|[from] psn\n|-damage|p2a: Toxapex|64\/100 brn|[from] brn\n|upkeep\n|turn|57\n|inactive|Esdeath725 has 30 seconds left this turn.\n|\n|t:|1700620647\n|switch|p2a: Corviknight|Corviknight, M|50\/100\n|-ability|p2a: Corviknight|Pressure\n|move|p1a: Zamazenta|Psychic Fangs|p2a: Corviknight\n|-resisted|p2a: Corviknight\n|-damage|p2a: Corviknight|37\/100\n|\n|-heal|p2a: Corviknight|43\/100|[from] item: Leftovers\n|-damage|p1a: Zamazenta|8\/100 psn|[from] psn\n|upkeep\n|turn|58\n|inactive|Esdeath725 has 30 seconds left.\n|\n|t:|1700620658\n|move|p1a: Zamazenta|Psychic Fangs|p2a: Corviknight\n|-resisted|p2a: Corviknight\n|-damage|p2a: Corviknight|29\/100\n|move|p2a: Corviknight|Roost|p2a: Corviknight\n|-heal|p2a: Corviknight|79\/100\n|-singleturn|p2a: Corviknight|move: Roost\n|\n|-heal|p2a: Corviknight|85\/100|[from] item: Leftovers\n|-damage|p1a: Zamazenta|0 fnt|[from] psn\n|faint|p1a: Zamazenta\n|upkeep\n|inactive|Esdeath725 has 30 seconds left this turn.\n|\n|t:|1700620667\n|switch|p1a: Gholdengo|Gholdengo|100\/100\n|-damage|p1a: Gholdengo|94\/100|[from] Stealth Rock\n|turn|59\n|inactive|Esdeath725 has 30 seconds left.\n|inactive|Esdeath725 has 20 seconds left.\n|\n|t:|1700620683\n|switch|p2a: Blissey|Blissey, F|90\/100\n|move|p1a: Gholdengo|Shadow Ball|p2a: Blissey\n|-immune|p2a: Blissey\n|\n|upkeep\n|turn|60\n|inactive|Esdeath725 has 30 seconds left this turn.\n|c|\u2606SkeletonStitches|Yup that is choiced I should win this\n|\n|t:|1700620709\n|switch|p1a: Rillaboom|Rillaboom, M, shiny|78\/100 tox\n|-damage|p1a: Rillaboom|66\/100 tox|[from] Stealth Rock\n|-fieldstart|move: Grassy Terrain|[from] ability: Grassy Surge|[of] p1a: Rillaboom\n|move|p2a: Blissey|Seismic Toss|p1a: Rillaboom\n|-damage|p1a: Rillaboom|37\/100 tox\n|\n|-heal|p1a: Rillaboom|43\/100 tox|[from] Grassy Terrain\n|-heal|p2a: Blissey|96\/100|[from] Grassy Terrain\n|-damage|p1a: Rillaboom|37\/100 tox|[from] psn\n|upkeep\n|turn|61\n|inactive|Esdeath725 has 30 seconds left.\n|\n|t:|1700620722\n|switch|p2a: Toxapex|Toxapex, M|97\/100 brn\n|move|p1a: Rillaboom|Drain Punch|p2a: Toxapex\n|-resisted|p2a: Toxapex\n|-damage|p2a: Toxapex|86\/100 brn\n|-heal|p1a: Rillaboom|41\/100 tox|[from] drain|[of] p2a: Toxapex\n|-damage|p1a: Rillaboom|31\/100 tox|[from] item: Life Orb\n|\n|-heal|p1a: Rillaboom|38\/100 tox|[from] Grassy Terrain\n|-heal|p2a: Toxapex|92\/100 brn|[from] Grassy Terrain\n|-damage|p1a: Rillaboom|25\/100 tox|[from] psn\n|-damage|p2a: Toxapex|86\/100 brn|[from] brn\n|upkeep\n|turn|62\n|inactive|Esdeath725 has 30 seconds left.\n|inactive|Esdeath725 has 20 seconds left.\n|\n|t:|1700620739\n|move|p2a: Toxapex|Baneful Bunker|p2a: Toxapex\n|-singleturn|p2a: Toxapex|move: Protect\n|move|p1a: Rillaboom|Grassy Glide|p2a: Toxapex\n|-activate|p2a: Toxapex|move: Protect\n|\n|-heal|p1a: Rillaboom|31\/100 tox|[from] Grassy Terrain\n|-heal|p2a: Toxapex|92\/100 brn|[from] Grassy Terrain\n|-damage|p1a: Rillaboom|13\/100 tox|[from] psn\n|-damage|p2a: Toxapex|86\/100 brn|[from] brn\n|upkeep\n|turn|63\n|inactive|Esdeath725 has 30 seconds left this turn.\n|inactive|Esdeath725 has 20 seconds left.\n|inactive|SkeletonStitches has 120 seconds left.\n|c| Umbre test|Lmao if you need a team for next game I can pass a stall team\n|c|\u2606SkeletonStitches|Nah finished it\n|\n|t:|1700620789\n|move|p2a: Toxapex|Baneful Bunker|p2a: Toxapex\n|-singleturn|p2a: Toxapex|move: Protect\n|move|p1a: Rillaboom|Grassy Glide|p2a: Toxapex\n|-activate|p2a: Toxapex|move: Protect\n|\n|-heal|p1a: Rillaboom|19\/100 tox|[from] Grassy Terrain\n|-heal|p2a: Toxapex|92\/100 brn|[from] Grassy Terrain\n|-damage|p1a: Rillaboom|0 fnt|[from] psn\n|faint|p1a: Rillaboom\n|-damage|p2a: Toxapex|86\/100 brn|[from] brn\n|upkeep\n|inactive|Esdeath725 has 25 seconds left this turn.\n|inactive|Esdeath725 has 20 seconds left.\n|c| Umbre test|Real\n|inactive|Esdeath725 has 15 seconds left.\n|\n|t:|1700620800\n|switch|p1a: Gholdengo|Gholdengo|94\/100\n|-damage|p1a: Gholdengo|88\/100|[from] Stealth Rock\n|turn|64\n|inactive|Esdeath725 has 25 seconds left this turn.\n|inactive|Esdeath725 has 20 seconds left.\n|inactive|Esdeath725 has 15 seconds left.\n|\n|t:|1700620811\n|move|p1a: Gholdengo|Make It Rain|p2a: Toxapex\n|-resisted|p2a: Toxapex\n|-damage|p2a: Toxapex|58\/100 brn\n|-unboost|p1a: Gholdengo|spa|1\n|move|p2a: Toxapex|Toxic Spikes|p1a: Gholdengo\n|-sidestart|p1: Esdeath725|move: Toxic Spikes\n|\n|-heal|p1a: Gholdengo|94\/100|[from] Grassy Terrain\n|-heal|p2a: Toxapex|64\/100 brn|[from] Grassy Terrain\n|-damage|p2a: Toxapex|58\/100 brn|[from] brn\n|-fieldend|move: Grassy Terrain\n|upkeep\n|turn|65\n|inactive|Esdeath725 has 25 seconds left this turn.\n|c| Umbre test|Lmao gl for the next one then\n|inactive|Esdeath725 has 20 seconds left.\n|inactive|Esdeath725 has 15 seconds left.\n|\n|t:|1700620822\n|switch|p2a: Corviknight|Corviknight, M|85\/100\n|-ability|p2a: Corviknight|Pressure\n|move|p1a: Gholdengo|Make It Rain|p2a: Corviknight\n|-resisted|p2a: Corviknight\n|-damage|p2a: Corviknight|64\/100\n|-unboost|p1a: Gholdengo|spa|1\n|\n|-heal|p2a: Corviknight|70\/100|[from] item: Leftovers\n|upkeep\n|turn|66\n|inactive|Esdeath725 has 25 seconds left this turn.\n|inactive|Esdeath725 has 20 seconds left.\n|c|\u2606SkeletonStitches|ggs\n|inactive|Esdeath725 has 15 seconds left.\n|\n|t:|1700620833\n|move|p1a: Gholdengo|Make It Rain|p2a: Corviknight\n|-resisted|p2a: Corviknight\n|-damage|p2a: Corviknight|56\/100\n|-unboost|p1a: Gholdengo|spa|1\n|move|p2a: Corviknight|Spite|p1a: Gholdengo\n|-immune|p1a: Gholdengo|[from] ability: Good as Gold\n|\n|-heal|p2a: Corviknight|62\/100|[from] item: Leftovers\n|upkeep\n|turn|67\n|inactive|Esdeath725 has 25 seconds left this turn.\n|inactive|Esdeath725 has 20 seconds left.\n|inactive|Esdeath725 has 15 seconds left.\n|inactive|SkeletonStitches has 120 seconds left.\n|\n|t:|1700620844\n|move|p1a: Gholdengo|Make It Rain|p2a: Corviknight\n|-resisted|p2a: Corviknight\n|-damage|p2a: Corviknight|50\/100\n|-unboost|p1a: Gholdengo|spa|1\n|move|p2a: Corviknight|Spite|p1a: Gholdengo\n|-immune|p1a: Gholdengo|[from] ability: Good as Gold\n|\n|-heal|p2a: Corviknight|56\/100|[from] item: Leftovers\n|upkeep\n|turn|68\n|inactive|Esdeath725 has 25 seconds left this turn.\n|inactive|Esdeath725 has 20 seconds left.\n|inactive|Esdeath725 has 15 seconds left.\n|\n|t:|1700620855\n|move|p1a: Gholdengo|Make It Rain|p2a: Corviknight\n|-resisted|p2a: Corviknight\n|-damage|p2a: Corviknight|47\/100\n|-unboost|p1a: Gholdengo|spa|1\n|move|p2a: Corviknight|Spite|p1a: Gholdengo\n|-immune|p1a: Gholdengo|[from] ability: Good as Gold\n|\n|-heal|p2a: Corviknight|53\/100|[from] item: Leftovers\n|upkeep\n|turn|69\n|inactive|Esdeath725 has 25 seconds left this turn.\n|inactive|Esdeath725 has 20 seconds left.\n|inactive|Esdeath725 has 15 seconds left.\n|\n|t:|1700620870\n|-activate|p1a: Gholdengo|move: Struggle\n|move|p1a: Gholdengo|Struggle|p2a: Corviknight\n|-damage|p2a: Corviknight|49\/100\n|-damage|p1a: Gholdengo|69\/100|[from] recoil\n|move|p2a: Corviknight|Roost|p2a: Corviknight\n|-heal|p2a: Corviknight|99\/100\n|-singleturn|p2a: Corviknight|move: Roost\n|\n|-heal|p2a: Corviknight|100\/100|[from] item: Leftovers\n|upkeep\n|turn|70\n|inactive|Esdeath725 has 25 seconds left this turn.\n|inactive|Esdeath725 has 20 seconds left.\n|inactive|Esdeath725 has 15 seconds left.\n|\n|t:|1700620880\n|-activate|p1a: Gholdengo|move: Struggle\n|move|p1a: Gholdengo|Struggle|p2a: Corviknight\n|-crit|p2a: Corviknight\n|-damage|p2a: Corviknight|95\/100\n|-damage|p1a: Gholdengo|44\/100|[from] recoil\n|move|p2a: Corviknight|Defog|p1a: Gholdengo\n|-immune|p1a: Gholdengo|[from] ability: Good as Gold\n|\n|-heal|p2a: Corviknight|100\/100|[from] item: Leftovers\n|upkeep\n|turn|71\n|inactive|Esdeath725 has 25 seconds left this turn.\n|inactive|Esdeath725 has 20 seconds left.\n|inactive|Esdeath725 has 15 seconds left.\n|\n|t:|1700620893\n|-activate|p1a: Gholdengo|move: Struggle\n|move|p1a: Gholdengo|Struggle|p2a: Corviknight\n|-damage|p2a: Corviknight|97\/100\n|-damage|p1a: Gholdengo|19\/100|[from] recoil\n|move|p2a: Corviknight|Spite|p1a: Gholdengo\n|-immune|p1a: Gholdengo|[from] ability: Good as Gold\n|\n|-heal|p2a: Corviknight|100\/100|[from] item: Leftovers\n|upkeep\n|turn|72\n|inactive|Esdeath725 has 25 seconds left this turn.\n|inactive|Esdeath725 has 20 seconds left.\n|\n|t:|1700620903\n|-activate|p1a: Gholdengo|move: Struggle\n|move|p1a: Gholdengo|Struggle|p2a: Corviknight\n|-damage|p2a: Corviknight|97\/100\n|-damage|p1a: Gholdengo|0 fnt|[from] recoil\n|faint|p1a: Gholdengo\n|\n|win|SkeletonStitches\n|inactive|Esdeath725 has 25 seconds left this turn.\n|n|\u2606Esdeath725|esdeath725\n|n|\u2606SkeletonStitches|skeletonstitches\n|n|*Lady Monita \u2746|ladymonita\n|n| Umbre test|umbretest\n|l|*Lady Monita \u2746\n","uploadtime":1700620910,"views":14,"p1id":"esdeath725","p2id":"skeletonstitches","formatid":"gen9ou","rating":0,"private":0,"password":""}