{"id":"gen9ou-1997355754","p1":"syco836","p2":"Slurpuff Only Fans","format":"[Gen 9] OU","log":"|j|\u2606syco836\n|j|\u2606Slurpuff Only Fans\n|t:|1700793471\n|gametype|singles\n|player|p1|syco836|dawn-gen4pt|1126\n|player|p2|Slurpuff Only Fans|parasollady|1086\n|teamsize|p1|6\n|teamsize|p2|6\n|gen|9\n|tier|[Gen 9] OU\n|rated|\n|rule|Sleep Clause Mod: Limit one foe put to sleep\n|rule|Species Clause: Limit one of each Pok\u00e9mon\n|rule|OHKO Clause: OHKO moves are banned\n|rule|Evasion Items Clause: Evasion items are banned\n|rule|Evasion Moves Clause: Evasion moves are banned\n|rule|Endless Battle Clause: Forcing endless battles is banned\n|rule|HP Percentage Mod: HP is shown in percentages\n|clearpoke\n|poke|p1|Bombirdier, F|\n|poke|p1|Alomomola, F|\n|poke|p1|Glimmora, M|\n|poke|p1|Great Tusk|\n|poke|p1|Skeledirge, M|\n|poke|p1|Ninetales-Alola, M|\n|poke|p2|Sableye, M|\n|poke|p2|Sandslash-Alola, F|\n|poke|p2|Dragonite, F|\n|poke|p2|Krookodile, M|\n|poke|p2|Volcanion|\n|poke|p2|Ribombee, F|\n|teampreview\n|inactive|Battle timer is ON: inactive players will automatically lose when time's up. (requested by Slurpuff Only Fans)\n|\n|t:|1700793482\n|start\n|switch|p1a: Bombirdier|Bombirdier, F|100\/100\n|switch|p2a: BOOMER|Volcanion|100\/100\n|turn|1\n|\n|t:|1700793490\n|move|p1a: Bombirdier|Hone Claws|p1a: Bombirdier\n|-boost|p1a: Bombirdier|atk|1\n|-boost|p1a: Bombirdier|accuracy|1\n|move|p2a: BOOMER|Steam Eruption|p1a: Bombirdier|[miss]\n|-miss|p2a: BOOMER|p1a: Bombirdier\n|\n|upkeep\n|turn|2\n|\n|t:|1700793498\n|move|p1a: Bombirdier|Stone Edge|p2a: BOOMER\n|-supereffective|p2a: BOOMER\n|-damage|p2a: BOOMER|0 fnt\n|faint|p2a: BOOMER\n|-damage|p1a: Bombirdier|91\/100|[from] item: Life Orb\n|\n|upkeep\n|\n|t:|1700793506\n|switch|p2a: BOO!|Sandslash-Alola, F|100\/100\n|turn|3\n|\n|t:|1700793528\n|move|p1a: Bombirdier|Stone Edge|p2a: BOO!\n|-damage|p2a: BOO!|30\/100\n|-damage|p1a: Bombirdier|81\/100|[from] item: Life Orb\n|move|p2a: BOO!|Ice Spinner|p1a: Bombirdier\n|-supereffective|p1a: Bombirdier\n|-damage|p1a: Bombirdier|0 fnt\n|faint|p1a: Bombirdier\n|\n|-heal|p2a: BOO!|36\/100|[from] item: Leftovers\n|upkeep\n|\n|t:|1700793542\n|switch|p1a: Skeledirge|Skeledirge, M|100\/100\n|turn|4\n|\n|t:|1700793557\n|switch|p2a: Puff|Dragonite, F, shiny|100\/100\n|move|p1a: Skeledirge|Torch Song|p2a: Puff\n|-resisted|p2a: Puff\n|-damage|p2a: Puff|94\/100\n|-boost|p1a: Skeledirge|spa|1\n|-enditem|p1a: Skeledirge|Throat Spray\n|-boost|p1a: Skeledirge|spa|1|[from] item: Throat Spray\n|\n|upkeep\n|turn|5\n|\n|t:|1700793573\n|move|p2a: Puff|Dragon Dance|p2a: Puff\n|-boost|p2a: Puff|atk|1\n|-boost|p2a: Puff|spe|1\n|move|p1a: Skeledirge|Hex|p2a: Puff\n|-damage|p2a: Puff|49\/100\n|\n|upkeep\n|turn|6\n|\n|t:|1700793580\n|move|p2a: Puff|Roost|p2a: Puff\n|-heal|p2a: Puff|99\/100\n|-singleturn|p2a: Puff|move: Roost\n|move|p1a: Skeledirge|Torch Song|p2a: Puff\n|-resisted|p2a: Puff\n|-damage|p2a: Puff|66\/100\n|-boost|p1a: Skeledirge|spa|1\n|\n|upkeep\n|turn|7\n|\n|t:|1700793587\n|move|p2a: Puff|Dragon Dance|p2a: Puff\n|-boost|p2a: Puff|atk|1\n|-boost|p2a: Puff|spe|1\n|move|p1a: Skeledirge|Torch Song|p2a: Puff\n|-resisted|p2a: Puff\n|-damage|p2a: Puff|32\/100\n|-boost|p1a: Skeledirge|spa|1\n|\n|upkeep\n|turn|8\n|\n|t:|1700793590\n|move|p2a: Puff|Outrage|p1a: Skeledirge\n|-damage|p1a: Skeledirge|41\/100\n|move|p1a: Skeledirge|Torch Song|p2a: Puff\n|-resisted|p2a: Puff\n|-damage|p2a: Puff|0 fnt\n|-boost|p1a: Skeledirge|spa|1\n|faint|p2a: Puff\n|\n|upkeep\n|-message|Slurpuff Only Fans forfeited.\n|\n|win|syco836\n|raw|syco836's rating: 1126 &rarr; <strong>1148<\/strong><br \/>(+22 for winning)\n|raw|Slurpuff Only Fans's rating: 1086 &rarr; <strong>1066<\/strong><br \/>(-20 for losing)\n|l|\u2606Slurpuff Only Fans\n","uploadtime":1700793602,"views":7,"p1id":"syco836","p2id":"slurpuffonlyfans","formatid":"gen9ou","rating":1066,"private":0,"password":""}