{"id":"gen9ou-1990079959","p1":"Thefatguinea","p2":"MIRAGEBLAZER","format":"[Gen 9] OU","log":"|j|\u2606Thefatguinea\n|j|\u2606MIRAGEBLAZER\n|t:|1699922382\n|gametype|singles\n|player|p1|Thefatguinea|linebacker|1345\n|player|p2|MIRAGEBLAZER|170|1301\n|teamsize|p1|6\n|teamsize|p2|6\n|gen|9\n|tier|[Gen 9] OU\n|rated|\n|rule|Sleep Clause Mod: Limit one foe put to sleep\n|rule|Species Clause: Limit one of each Pok\u00e9mon\n|rule|OHKO Clause: OHKO moves are banned\n|rule|Evasion Items Clause: Evasion items are banned\n|rule|Evasion Moves Clause: Evasion moves are banned\n|rule|Endless Battle Clause: Forcing endless battles is banned\n|rule|HP Percentage Mod: HP is shown in percentages\n|clearpoke\n|poke|p1|Zapdos-Galar|\n|poke|p1|Ceruledge, F|\n|poke|p1|Manaphy|\n|poke|p1|Lokix, M|\n|poke|p1|Weezing-Galar, F|\n|poke|p1|Clodsire, F|\n|poke|p2|Breloom, F|\n|poke|p2|Gholdengo|\n|poke|p2|Iron Valiant|\n|poke|p2|Dragapult, M|\n|poke|p2|Great Tusk|\n|poke|p2|Volcanion|\n|teampreview\n|\n|t:|1699922398\n|start\n|switch|p1a: Weezing|Weezing-Galar, F|100\/100\n|switch|p2a: Breloom|Breloom, F|100\/100\n|turn|1\n|\n|t:|1699922405\n|move|p2a: Breloom|Spore|p1a: Weezing\n|-status|p1a: Weezing|slp|[from] move: Spore\n|cant|p1a: Weezing|slp\n|\n|upkeep\n|turn|2\n|\n|t:|1699922408\n|move|p2a: Breloom|Bulldoze|p1a: Weezing\n|-immune|p1a: Weezing|[from] ability: Levitate\n|cant|p1a: Weezing|slp\n|\n|upkeep\n|turn|3\n|\n|t:|1699922413\n|switch|p2a: Gholdengo|Gholdengo|100\/100\n|cant|p1a: Weezing|slp\n|\n|upkeep\n|turn|4\n|\n|t:|1699922419\n|switch|p1a: Clodsire|Clodsire, F|100\/100\n|move|p2a: Gholdengo|Make It Rain|p1a: Clodsire\n|-damage|p1a: Clodsire|66\/100\n|-unboost|p2a: Gholdengo|spa|1\n|\n|-heal|p1a: Clodsire|72\/100|[from] item: Leftovers\n|upkeep\n|turn|5\n|\n|t:|1699922427\n|move|p2a: Gholdengo|Substitute|p2a: Gholdengo\n|-start|p2a: Gholdengo|Substitute\n|-damage|p2a: Gholdengo|75\/100\n|move|p1a: Clodsire|Stealth Rock|p2a: Gholdengo\n|-sidestart|p2: MIRAGEBLAZER|move: Stealth Rock\n|\n|-heal|p2a: Gholdengo|82\/100|[from] item: Leftovers\n|-heal|p1a: Clodsire|78\/100|[from] item: Leftovers\n|upkeep\n|turn|6\n|\n|t:|1699922431\n|move|p2a: Gholdengo|Nasty Plot|p2a: Gholdengo\n|-boost|p2a: Gholdengo|spa|2\n|move|p1a: Clodsire|Earthquake|p2a: Gholdengo\n|-supereffective|p2a: Gholdengo\n|-end|p2a: Gholdengo|Substitute\n|\n|-heal|p2a: Gholdengo|88\/100|[from] item: Leftovers\n|-heal|p1a: Clodsire|84\/100|[from] item: Leftovers\n|upkeep\n|turn|7\n|\n|t:|1699922443\n|switch|p2a: Great Tusk|Great Tusk|100\/100\n|-damage|p2a: Great Tusk|98\/100|[from] Stealth Rock\n|-enditem|p2a: Great Tusk|Booster Energy\n|-activate|p2a: Great Tusk|ability: Protosynthesis|[fromitem]\n|-start|p2a: Great Tusk|protosynthesisatk\n|move|p1a: Clodsire|Earthquake|p2a: Great Tusk\n|-damage|p2a: Great Tusk|79\/100\n|\n|-heal|p1a: Clodsire|90\/100|[from] item: Leftovers\n|upkeep\n|turn|8\n|\n|t:|1699922447\n|switch|p1a: Zapdos|Zapdos-Galar|100\/100\n|move|p2a: Great Tusk|Rapid Spin|p1a: Zapdos\n|-damage|p1a: Zapdos|71\/100\n|-boost|p2a: Great Tusk|spe|1\n|-sideend|p2: MIRAGEBLAZER|Stealth Rock|[from] move: Rapid Spin|[of] p2a: Great Tusk\n|\n|-heal|p1a: Zapdos|77\/100|[from] item: Leftovers\n|upkeep\n|turn|9\n|\n|t:|1699922451\n|move|p1a: Zapdos|Protect|p1a: Zapdos\n|-singleturn|p1a: Zapdos|Protect\n|move|p2a: Great Tusk|Ice Spinner|p1a: Zapdos\n|-activate|p1a: Zapdos|move: Protect\n|\n|-heal|p1a: Zapdos|84\/100|[from] item: Leftovers\n|upkeep\n|turn|10\n|\n|t:|1699922457\n|switch|p1a: Weezing|Weezing-Galar, F|100\/100 slp\n|move|p2a: Great Tusk|Ice Spinner|p1a: Weezing\n|-damage|p1a: Weezing|68\/100 slp\n|-damage|p2a: Great Tusk|62\/100|[from] item: Rocky Helmet|[of] p1a: Weezing\n|\n|upkeep\n|turn|11\n|\n|t:|1699922462\n|move|p2a: Great Tusk|Ice Spinner|p1a: Weezing\n|-damage|p1a: Weezing|36\/100 slp\n|-damage|p2a: Great Tusk|46\/100|[from] item: Rocky Helmet|[of] p1a: Weezing\n|-curestatus|p1a: Weezing|slp|[msg]\n|move|p1a: Weezing|Strange Steam|p2a: Great Tusk\n|-supereffective|p2a: Great Tusk\n|-damage|p2a: Great Tusk|0 fnt\n|faint|p2a: Great Tusk\n|-end|p2a: Great Tusk|Protosynthesis|[silent]\n|\n|upkeep\n|inactive|Battle timer is ON: inactive players will automatically lose when time's up. (requested by Thefatguinea)\n|inactive|MIRAGEBLAZER has 120 seconds left.\n|inactive|MIRAGEBLAZER has 90 seconds left.\n|\n|t:|1699922587\n|switch|p2a: Dragapult|Dragapult, M|100\/100\n|turn|12\n|\n|t:|1699922591\n|switch|p1a: Clodsire|Clodsire, F|90\/100\n|move|p2a: Dragapult|Shadow Ball|p1a: Clodsire\n|-damage|p1a: Clodsire|62\/100\n|-unboost|p1a: Clodsire|spd|1\n|\n|-heal|p1a: Clodsire|68\/100|[from] item: Leftovers\n|upkeep\n|turn|13\n|\n|t:|1699922598\n|move|p2a: Dragapult|Shadow Ball|p1a: Clodsire\n|-damage|p1a: Clodsire|29\/100\n|move|p1a: Clodsire|Stealth Rock|p2a: Dragapult\n|-sidestart|p2: MIRAGEBLAZER|move: Stealth Rock\n|\n|-heal|p1a: Clodsire|35\/100|[from] item: Leftovers\n|upkeep\n|turn|14\n|\n|t:|1699922606\n|switch|p1a: Lokix|Lokix, M|100\/100\n|move|p2a: Dragapult|Shadow Ball|p1a: Lokix\n|-resisted|p1a: Lokix\n|-crit|p1a: Lokix\n|-damage|p1a: Lokix|21\/100\n|\n|upkeep\n|turn|15\n|\n|t:|1699922611\n|move|p1a: Lokix|Sucker Punch|p2a: Dragapult\n|-supereffective|p2a: Dragapult\n|-damage|p2a: Dragapult|11\/100\n|move|p2a: Dragapult|Shadow Ball|p1a: Lokix\n|-resisted|p1a: Lokix\n|-damage|p1a: Lokix|0 fnt\n|faint|p1a: Lokix\n|\n|upkeep\n|\n|t:|1699922626\n|switch|p1a: Manaphy|Manaphy, shiny|100\/100\n|turn|16\n|\n|t:|1699922633\n|move|p2a: Dragapult|Shadow Ball|p1a: Manaphy\n|-damage|p1a: Manaphy|48\/100\n|move|p1a: Manaphy|Take Heart|p1a: Manaphy\n|-boost|p1a: Manaphy|spa|1\n|-boost|p1a: Manaphy|spd|1\n|\n|-heal|p1a: Manaphy|55\/100|[from] item: Leftovers\n|upkeep\n|turn|17\n|\n|t:|1699922652\n|move|p2a: Dragapult|Shadow Ball|p1a: Manaphy\n|-damage|p1a: Manaphy|22\/100\n|move|p1a: Manaphy|Scald|p2a: Dragapult\n|-resisted|p2a: Dragapult\n|-damage|p2a: Dragapult|0 fnt\n|faint|p2a: Dragapult\n|\n|-heal|p1a: Manaphy|29\/100|[from] item: Leftovers\n|upkeep\n|\n|t:|1699922660\n|switch|p2a: Iron Valiant|Iron Valiant|100\/100\n|-damage|p2a: Iron Valiant|94\/100|[from] Stealth Rock\n|-enditem|p2a: Iron Valiant|Booster Energy\n|-activate|p2a: Iron Valiant|ability: Quark Drive|[fromitem]\n|-start|p2a: Iron Valiant|quarkdrivespe\n|turn|18\n|\n|t:|1699922664\n|move|p2a: Iron Valiant|Drain Punch|p1a: Manaphy\n|-damage|p1a: Manaphy|0 fnt\n|-heal|p2a: Iron Valiant|100\/100|[from] drain|[of] p1a: Manaphy\n|faint|p1a: Manaphy\n|\n|upkeep\n|\n|t:|1699922669\n|switch|p1a: Weezing|Weezing-Galar, F|36\/100\n|turn|19\n|inactive|MIRAGEBLAZER has 120 seconds left.\n|\n|t:|1699922707\n|move|p2a: Iron Valiant|Spirit Break|p1a: Weezing\n|-resisted|p1a: Weezing\n|-crit|p1a: Weezing\n|-damage|p1a: Weezing|14\/100\n|-unboost|p1a: Weezing|spa|1\n|-damage|p2a: Iron Valiant|84\/100|[from] item: Rocky Helmet|[of] p1a: Weezing\n|move|p1a: Weezing|Pain Split|p2a: Iron Valiant\n|-sethp|p2a: Iron Valiant|49\/100|[from] move: Pain Split|[silent]\n|-sethp|p1a: Weezing|47\/100|[from] move: Pain Split\n|\n|upkeep\n|turn|20\n|inactive|MIRAGEBLAZER has 120 seconds left.\n|\n|t:|1699922716\n|move|p2a: Iron Valiant|Destiny Bond|p2a: Iron Valiant\n|-singlemove|p2a: Iron Valiant|Destiny Bond\n|move|p1a: Weezing|Strange Steam|p2a: Iron Valiant\n|-supereffective|p2a: Iron Valiant\n|-damage|p2a: Iron Valiant|0 fnt\n|faint|p2a: Iron Valiant\n|-activate|p2a: Iron Valiant|move: Destiny Bond\n|-end|p2a: Iron Valiant|Quark Drive|[silent]\n|faint|p1a: Weezing\n|\n|upkeep\n|inactive|MIRAGEBLAZER has 120 seconds left.\n|\n|t:|1699922728\n|switch|p2a: Breloom|Breloom, F|100\/100\n|switch|p1a: Zapdos|Zapdos-Galar|84\/100\n|-damage|p2a: Breloom|94\/100|[from] Stealth Rock\n|turn|21\n|\n|t:|1699922731\n|move|p1a: Zapdos|Protect|p1a: Zapdos\n|-singleturn|p1a: Zapdos|Protect\n|move|p2a: Breloom|Spore|p1a: Zapdos\n|-activate|p1a: Zapdos|move: Protect\n|\n|-heal|p1a: Zapdos|90\/100|[from] item: Leftovers\n|upkeep\n|turn|22\n|\n|t:|1699922741\n|move|p1a: Zapdos|Thunderous Kick|p2a: Breloom\n|-damage|p2a: Breloom|28\/100\n|-unboost|p2a: Breloom|def|1\n|move|p2a: Breloom|Spore|p1a: Zapdos\n|-status|p1a: Zapdos|slp|[from] move: Spore\n|\n|-heal|p1a: Zapdos|96\/100 slp|[from] item: Leftovers\n|upkeep\n|turn|23\n|\n|t:|1699922750\n|cant|p1a: Zapdos|slp\n|move|p2a: Breloom|Bullet Seed|p1a: Zapdos\n|-resisted|p1a: Zapdos\n|-damage|p1a: Zapdos|84\/100 slp\n|-resisted|p1a: Zapdos\n|-damage|p1a: Zapdos|71\/100 slp\n|-resisted|p1a: Zapdos\n|-damage|p1a: Zapdos|58\/100 slp\n|-resisted|p1a: Zapdos\n|-damage|p1a: Zapdos|45\/100 slp\n|-resisted|p1a: Zapdos\n|-damage|p1a: Zapdos|33\/100 slp\n|-hitcount|p1a: Zapdos|5\n|\n|-heal|p1a: Zapdos|39\/100 slp|[from] item: Leftovers\n|upkeep\n|turn|24\n|\n|t:|1699922760\n|-curestatus|p1a: Zapdos|slp|[msg]\n|move|p1a: Zapdos|Thunderous Kick|p2a: Breloom\n|-damage|p2a: Breloom|0 fnt\n|faint|p2a: Breloom\n|\n|-heal|p1a: Zapdos|46\/100|[from] item: Leftovers\n|upkeep\n|\n|t:|1699922763\n|switch|p2a: Volcanion|Volcanion|100\/100\n|-damage|p2a: Volcanion|75\/100|[from] Stealth Rock\n|turn|25\n|\n|t:|1699922767\n|move|p1a: Zapdos|Protect|p1a: Zapdos\n|-singleturn|p1a: Zapdos|Protect\n|move|p2a: Volcanion|Steam Eruption|p1a: Zapdos\n|-activate|p1a: Zapdos|move: Protect\n|\n|-heal|p1a: Zapdos|52\/100|[from] item: Leftovers\n|upkeep\n|turn|26\n|\n|t:|1699922771\n|-terastallize|p1a: Zapdos|Electric\n|move|p1a: Zapdos|Tera Blast|p2a: Volcanion|[anim] Tera Blast Electric\n|-supereffective|p2a: Volcanion\n|-damage|p2a: Volcanion|8\/100\n|move|p2a: Volcanion|Steam Eruption|p1a: Zapdos\n|-damage|p1a: Zapdos|0 fnt\n|faint|p1a: Zapdos\n|\n|upkeep\n|\n|t:|1699922778\n|switch|p1a: Clodsire|Clodsire, F|35\/100\n|turn|27\n|\n|t:|1699922783\n|move|p2a: Volcanion|Earth Power|p1a: Clodsire\n|-supereffective|p1a: Clodsire\n|-damage|p1a: Clodsire|0 fnt\n|faint|p1a: Clodsire\n|\n|upkeep\n|\n|t:|1699922785\n|switch|p1a: Ceruledge|Ceruledge, F|100\/100\n|turn|28\n|\n|t:|1699922787\n|move|p1a: Ceruledge|Bitter Blade|p2a: Volcanion\n|-resisted|p2a: Volcanion\n|-damage|p2a: Volcanion|0 fnt\n|faint|p2a: Volcanion\n|\n|upkeep\n|\n|t:|1699922790\n|switch|p2a: Gholdengo|Gholdengo|88\/100\n|-damage|p2a: Gholdengo|82\/100|[from] Stealth Rock\n|turn|29\n|\n|t:|1699922793\n|move|p2a: Gholdengo|Shadow Ball|p1a: Ceruledge\n|-supereffective|p1a: Ceruledge\n|-damage|p1a: Ceruledge|34\/100\n|move|p1a: Ceruledge|Bitter Blade|p2a: Gholdengo\n|-supereffective|p2a: Gholdengo\n|-damage|p2a: Gholdengo|4\/100\n|-heal|p1a: Ceruledge|75\/100|[from] drain|[of] p2a: Gholdengo\n|\n|-heal|p2a: Gholdengo|10\/100|[from] item: Leftovers\n|upkeep\n|turn|30\n|\n|t:|1699922795\n|move|p2a: Gholdengo|Shadow Ball|p1a: Ceruledge\n|-supereffective|p1a: Ceruledge\n|-damage|p1a: Ceruledge|11\/100\n|move|p1a: Ceruledge|Bitter Blade|p2a: Gholdengo\n|-supereffective|p2a: Gholdengo\n|-damage|p2a: Gholdengo|0 fnt\n|-heal|p1a: Ceruledge|16\/100|[from] drain|[of] p2a: Gholdengo\n|faint|p2a: Gholdengo\n|\n|win|Thefatguinea\n|raw|Thefatguinea's rating: 1345 &rarr; <strong>1362<\/strong><br \/>(+17 for winning)\n|raw|MIRAGEBLAZER's rating: 1301 &rarr; <strong>1284<\/strong><br \/>(-17 for losing)\n|c|\u2606Thefatguinea|gg\n|c|\u2606MIRAGEBLAZER|gg\n|l|\u2606MIRAGEBLAZER\n","uploadtime":1699922812,"views":7,"p1id":"thefatguinea","p2id":"mirageblazer","formatid":"gen9ou","rating":1284,"private":0,"password":""}