{"id":"gen9ou-1995323959","p1":"langtosta","p2":"ajxrdrag","format":"[Gen 9] OU","log":"|j|\u2606langtosta\n|j|\u2606ajxrdrag\n|t:|1700553757\n|gametype|singles\n|player|p1|langtosta|265|1079\n|player|p2|ajxrdrag|265|1046\n|teamsize|p1|6\n|teamsize|p2|6\n|gen|9\n|tier|[Gen 9] OU\n|rated|\n|rule|Sleep Clause Mod: Limit one foe put to sleep\n|rule|Species Clause: Limit one of each Pok\u00e9mon\n|rule|OHKO Clause: OHKO moves are banned\n|rule|Evasion Items Clause: Evasion items are banned\n|rule|Evasion Moves Clause: Evasion moves are banned\n|rule|Endless Battle Clause: Forcing endless battles is banned\n|rule|HP Percentage Mod: HP is shown in percentages\n|clearpoke\n|poke|p1|Zapdos|\n|poke|p1|Slowking-Galar, F|\n|poke|p1|Zamazenta-*|\n|poke|p1|Cinderace, F|\n|poke|p1|Kingambit, F|\n|poke|p1|Ogerpon-Wellspring, F|\n|poke|p2|Garchomp, M|\n|poke|p2|Gholdengo|\n|poke|p2|Amoonguss, F|\n|poke|p2|Skeledirge, M|\n|poke|p2|Gyarados, F|\n|poke|p2|Meowscarada, F|\n|teampreview\n|\n|t:|1700553766\n|start\n|switch|p1a: Zamazenta|Zamazenta, shiny|100\/100\n|switch|p2a: potato sleeper|Garchomp, M|100\/100\n|-ability|p1a: Zamazenta|Dauntless Shield|boost\n|-boost|p1a: Zamazenta|def|1\n|turn|1\n|\n|t:|1700553772\n|move|p1a: Zamazenta|Iron Defense|p1a: Zamazenta\n|-boost|p1a: Zamazenta|def|2\n|move|p2a: potato sleeper|Stealth Rock|p1a: Zamazenta\n|-sidestart|p1: langtosta|move: Stealth Rock\n|\n|upkeep\n|turn|2\n|\n|t:|1700553781\n|move|p1a: Zamazenta|Substitute|p1a: Zamazenta\n|-start|p1a: Zamazenta|Substitute\n|-damage|p1a: Zamazenta|75\/100\n|move|p2a: potato sleeper|Dragon Tail|p1a: Zamazenta\n|-activate|p1a: Zamazenta|move: Substitute|[damage]\n|\n|-heal|p1a: Zamazenta|82\/100|[from] item: Leftovers\n|upkeep\n|turn|3\n|\n|t:|1700553789\n|move|p1a: Zamazenta|Iron Defense|p1a: Zamazenta\n|-boost|p1a: Zamazenta|def|2\n|move|p2a: potato sleeper|Spikes|p1a: Zamazenta\n|-sidestart|p1: langtosta|Spikes\n|\n|-heal|p1a: Zamazenta|88\/100|[from] item: Leftovers\n|upkeep\n|turn|4\n|\n|t:|1700553798\n|move|p1a: Zamazenta|Iron Defense|p1a: Zamazenta\n|-boost|p1a: Zamazenta|def|1\n|move|p2a: potato sleeper|Earthquake|p1a: Zamazenta\n|-activate|p1a: Zamazenta|move: Substitute|[damage]\n|\n|-heal|p1a: Zamazenta|94\/100|[from] item: Leftovers\n|upkeep\n|turn|5\n|\n|t:|1700553808\n|move|p1a: Zamazenta|Body Press|p2a: potato sleeper\n|-damage|p2a: potato sleeper|0 fnt\n|-damage|p1a: Zamazenta|82\/100|[from] ability: Rough Skin|[of] p2a: potato sleeper\n|faint|p2a: potato sleeper\n|\n|-heal|p1a: Zamazenta|88\/100|[from] item: Leftovers\n|upkeep\n|\n|t:|1700553818\n|switch|p2a: potato eater|Gholdengo, shiny|100\/100\n|turn|6\n|\n|t:|1700553823\n|move|p1a: Zamazenta|Crunch|p2a: potato eater\n|-supereffective|p2a: potato eater\n|-damage|p2a: potato eater|48\/100\n|move|p2a: potato eater|Make It Rain|p1a: Zamazenta\n|-end|p1a: Zamazenta|Substitute\n|-unboost|p2a: potato eater|spa|1\n|\n|-heal|p1a: Zamazenta|94\/100|[from] item: Leftovers\n|upkeep\n|turn|7\n|inactive|Battle timer is ON: inactive players will automatically lose when time's up. (requested by langtosta)\n|\n|t:|1700553856\n|move|p1a: Zamazenta|Crunch|p2a: potato eater\n|-supereffective|p2a: potato eater\n|-damage|p2a: potato eater|2\/100\n|move|p2a: potato eater|Shadow Ball|p1a: Zamazenta\n|-damage|p1a: Zamazenta|71\/100\n|\n|-heal|p1a: Zamazenta|77\/100|[from] item: Leftovers\n|upkeep\n|turn|8\n|\n|t:|1700553871\n|move|p1a: Zamazenta|Crunch|p2a: potato eater\n|-supereffective|p2a: potato eater\n|-damage|p2a: potato eater|0 fnt\n|faint|p2a: potato eater\n|\n|-heal|p1a: Zamazenta|83\/100|[from] item: Leftovers\n|upkeep\n|\n|t:|1700553878\n|switch|p2a: sus potato|Amoonguss, F, shiny|100\/100\n|turn|9\n|\n|t:|1700553883\n|move|p1a: Zamazenta|Body Press|p2a: sus potato\n|-resisted|p2a: sus potato\n|-damage|p2a: sus potato|48\/100\n|-enditem|p2a: sus potato|Red Card|[of] p1a: Zamazenta\n|drag|p1a: Slowking|Slowking-Galar, F, shiny|100\/100\n|move|p2a: sus potato|Spore|p1a: Slowking\n|-status|p1a: Slowking|slp|[from] move: Spore\n|\n|upkeep\n|turn|10\n|\n|t:|1700553902\n|switch|p1a: Cinderace|Cinderace, F, shiny|100\/100\n|move|p2a: sus potato|Giga Drain|p1a: Cinderace\n|-resisted|p1a: Cinderace\n|-damage|p1a: Cinderace|84\/100\n|-heal|p2a: sus potato|54\/100|[from] drain|[of] p1a: Cinderace\n|\n|upkeep\n|turn|11\n|\n|t:|1700553921\n|switch|p2a: potato farmer|Gyarados, F, shiny|100\/100\n|move|p1a: Cinderace|Court Change|p1a: Cinderace\n|-start|p1a: Cinderace|typechange|Normal|[from] ability: Libero\n|-swapsideconditions\n|-activate|p1a: Cinderace|move: Court Change\n|\n|upkeep\n|turn|12\n|\n|t:|1700553935\n|move|p1a: Cinderace|Will-O-Wisp|p2a: potato farmer\n|-status|p2a: potato farmer|brn\n|-enditem|p2a: potato farmer|Lum Berry|[eat]\n|-curestatus|p2a: potato farmer|brn|[msg]\n|move|p2a: potato farmer|Waterfall|p1a: Cinderace\n|-damage|p1a: Cinderace|27\/100\n|\n|upkeep\n|turn|13\n|\n|t:|1700553948\n|move|p1a: Cinderace|Will-O-Wisp|p2a: potato farmer\n|-status|p2a: potato farmer|brn\n|move|p2a: potato farmer|Dragon Dance|p2a: potato farmer\n|-boost|p2a: potato farmer|atk|1\n|-boost|p2a: potato farmer|spe|1\n|\n|-damage|p2a: potato farmer|94\/100 brn|[from] brn\n|upkeep\n|turn|14\n|\n|t:|1700553962\n|move|p2a: potato farmer|Waterfall|p1a: Cinderace\n|-damage|p1a: Cinderace|0 fnt\n|faint|p1a: Cinderace\n|-ability|p2a: potato farmer|Moxie|boost\n|-boost|p2a: potato farmer|atk|1\n|\n|-damage|p2a: potato farmer|88\/100 brn|[from] brn\n|upkeep\n|\n|t:|1700553967\n|switch|p1a: Ogerpon|Ogerpon-Wellspring, F|100\/100\n|turn|15\n|\n|t:|1700553980\n|-terastallize|p2a: potato farmer|Flying\n|move|p2a: potato farmer|Tera Blast|p1a: Ogerpon|[anim] Tera Blast Flying\n|-supereffective|p1a: Ogerpon\n|-crit|p1a: Ogerpon\n|-damage|p1a: Ogerpon|0 fnt\n|faint|p1a: Ogerpon\n|-ability|p2a: potato farmer|Moxie|boost\n|-boost|p2a: potato farmer|atk|1\n|\n|-damage|p2a: potato farmer|82\/100 brn|[from] brn\n|upkeep\n|\n|t:|1700553986\n|switch|p1a: Zapdos|Zapdos, shiny|100\/100\n|turn|16\n|\n|t:|1700553990\n|move|p2a: potato farmer|Waterfall|p1a: Zapdos\n|-damage|p1a: Zapdos|63\/100\n|move|p1a: Zapdos|Discharge|p2a: potato farmer\n|-supereffective|p2a: potato farmer\n|-damage|p2a: potato farmer|12\/100 brn\n|\n|-damage|p2a: potato farmer|6\/100 brn|[from] brn\n|upkeep\n|turn|17\n|\n|t:|1700554010\n|move|p2a: potato farmer|Taunt|p1a: Zapdos\n|-start|p1a: Zapdos|move: Taunt\n|move|p1a: Zapdos|Discharge|p2a: potato farmer\n|-supereffective|p2a: potato farmer\n|-damage|p2a: potato farmer|0 fnt\n|faint|p2a: potato farmer\n|\n|upkeep\n|\n|t:|1700554025\n|switch|p2a: roast potato|Skeledirge, M, shiny|100\/100\n|turn|18\n|\n|t:|1700554035\n|move|p1a: Zapdos|Hurricane|p2a: roast potato|[miss]\n|-miss|p1a: Zapdos|p2a: roast potato\n|move|p2a: roast potato|Substitute|p2a: roast potato\n|-start|p2a: roast potato|Substitute\n|-damage|p2a: roast potato|75\/100\n|\n|upkeep\n|turn|19\n|\n|t:|1700554042\n|move|p1a: Zapdos|Hurricane|p2a: roast potato\n|-end|p2a: roast potato|Substitute\n|move|p2a: roast potato|Torch Song|p1a: Zapdos\n|-damage|p1a: Zapdos|37\/100\n|-boost|p2a: roast potato|spa|1\n|\n|-end|p1a: Zapdos|move: Taunt\n|upkeep\n|turn|20\n|\n|t:|1700554051\n|move|p1a: Zapdos|Roost|p1a: Zapdos\n|-heal|p1a: Zapdos|87\/100\n|-singleturn|p1a: Zapdos|move: Roost\n|move|p2a: roast potato|Torch Song|p1a: Zapdos\n|-damage|p1a: Zapdos|44\/100\n|-boost|p2a: roast potato|spa|1\n|\n|upkeep\n|turn|21\n|\n|t:|1700554061\n|move|p1a: Zapdos|Thunder Wave|p2a: roast potato\n|-status|p2a: roast potato|par\n|move|p2a: roast potato|Torch Song|p1a: Zapdos\n|-damage|p1a: Zapdos|0 fnt\n|-boost|p2a: roast potato|spa|1\n|faint|p1a: Zapdos\n|\n|upkeep\n|\n|t:|1700554071\n|switch|p1a: Slowking|Slowking-Galar, F, shiny|100\/100 slp\n|turn|22\n|inactive|langtosta has 120 seconds left.\n|\n|t:|1700554123\n|move|p2a: roast potato|Shadow Ball|p1a: Slowking\n|-supereffective|p1a: Slowking\n|-damage|p1a: Slowking|19\/100 slp\n|cant|p1a: Slowking|slp\n|\n|upkeep\n|turn|23\n|\n|t:|1700554130\n|cant|p2a: roast potato|par\n|-curestatus|p1a: Slowking|slp|[msg]\n|move|p1a: Slowking|Sludge Bomb|p2a: roast potato\n|-resisted|p2a: roast potato\n|-damage|p2a: roast potato|60\/100 par\n|\n|upkeep\n|turn|24\n|\n|t:|1700554141\n|move|p2a: roast potato|Slack Off|p2a: roast potato\n|-heal|p2a: roast potato|100\/100 par\n|move|p1a: Slowking|Future Sight|p2a: roast potato\n|-start|p1a: Slowking|move: Future Sight\n|\n|upkeep\n|turn|25\n|\n|t:|1700554150\n|move|p2a: roast potato|Torch Song|p1a: Slowking\n|-damage|p1a: Slowking|0 fnt\n|-boost|p2a: roast potato|spa|1\n|faint|p1a: Slowking\n|\n|upkeep\n|\n|t:|1700554155\n|switch|p1a: Kingambit|Kingambit, F, shiny|100\/100\n|-activate|p1a: Kingambit|ability: Supreme Overlord\n|-start|p1a: Kingambit|fallen4|[silent]\n|turn|26\n|inactive|langtosta has 120 seconds left.\n|\n|t:|1700554166\n|-terastallize|p1a: Kingambit|Flying\n|move|p1a: Kingambit|Kowtow Cleave|p2a: roast potato\n|-supereffective|p2a: roast potato\n|-damage|p2a: roast potato|1\/100 par\n|move|p2a: roast potato|Torch Song|p1a: Kingambit\n|-damage|p1a: Kingambit|16\/100\n|-boost|p2a: roast potato|spa|1\n|\n|-end|p2a: roast potato|move: Future Sight\n|-damage|p2a: roast potato|0 fnt\n|faint|p2a: roast potato\n|-heal|p1a: Kingambit|22\/100|[from] item: Leftovers\n|upkeep\n|\n|t:|1700554187\n|switch|p2a: potato coverage|Meowscarada, F|100\/100\n|-damage|p2a: potato coverage|88\/100|[from] Stealth Rock\n|-damage|p2a: potato coverage|76\/100|[from] Spikes\n|turn|27\n|\n|t:|1700554196\n|move|p2a: potato coverage|Sucker Punch|p1a: Kingambit\n|-damage|p1a: Kingambit|0 fnt\n|faint|p1a: Kingambit\n|-end|p1a: Kingambit|fallen4|[silent]\n|\n|upkeep\n|\n|t:|1700554199\n|switch|p1a: Zamazenta|Zamazenta, shiny|83\/100\n|turn|28\n|\n|t:|1700554206\n|move|p1a: Zamazenta|Substitute|p1a: Zamazenta\n|-start|p1a: Zamazenta|Substitute\n|-damage|p1a: Zamazenta|58\/100\n|move|p2a: potato coverage|Flower Trick|p1a: Zamazenta\n|-crit|p1a: Zamazenta\n|-end|p1a: Zamazenta|Substitute\n|\n|-heal|p1a: Zamazenta|64\/100|[from] item: Leftovers\n|upkeep\n|turn|29\n|\n|t:|1700554218\n|move|p1a: Zamazenta|Body Press|p2a: potato coverage\n|-supereffective|p2a: potato coverage\n|-enditem|p2a: potato coverage|Chople Berry|[eat]\n|-enditem|p2a: potato coverage|Chople Berry|[weaken]\n|-damage|p2a: potato coverage|17\/100\n|move|p2a: potato coverage|Flower Trick|p1a: Zamazenta\n|-crit|p1a: Zamazenta\n|-damage|p1a: Zamazenta|14\/100\n|\n|-heal|p1a: Zamazenta|20\/100|[from] item: Leftovers\n|upkeep\n|turn|30\n|\n|t:|1700554231\n|move|p2a: potato coverage|Sucker Punch|p1a: Zamazenta\n|-resisted|p1a: Zamazenta\n|-damage|p1a: Zamazenta|7\/100\n|move|p1a: Zamazenta|Body Press|p2a: potato coverage\n|-supereffective|p2a: potato coverage\n|-damage|p2a: potato coverage|0 fnt\n|faint|p2a: potato coverage\n|\n|-heal|p1a: Zamazenta|14\/100|[from] item: Leftovers\n|upkeep\n|\n|t:|1700554239\n|switch|p2a: sus potato|Amoonguss, F, shiny|87\/100\n|-damage|p2a: sus potato|74\/100|[from] Stealth Rock\n|-damage|p2a: sus potato|62\/100|[from] Spikes\n|turn|31\n|\n|t:|1700554253\n|move|p1a: Zamazenta|Crunch|p2a: sus potato\n|-damage|p2a: sus potato|46\/100\n|move|p2a: sus potato|Giga Drain|p1a: Zamazenta\n|-damage|p1a: Zamazenta|0 fnt\n|-heal|p2a: sus potato|52\/100|[from] drain|[of] p1a: Zamazenta\n|faint|p1a: Zamazenta\n|\n|win|ajxrdrag\n|raw|langtosta's rating: 1079 &rarr; <strong>1055<\/strong><br \/>(-24 for losing)\n|raw|ajxrdrag's rating: 1046 &rarr; <strong>1082<\/strong><br \/>(+36 for winning)\n|l|\u2606langtosta\n|c|\u2606ajxrdrag|lmao\n|c|\u2606ajxrdrag|thx\n","uploadtime":1700554275,"views":11,"p1id":"langtosta","p2id":"ajxrdrag","formatid":"gen9ou","rating":1055,"private":0,"password":""}