{"id":"gen9ou-1999985691","p1":"anatomy&physiology","p2":"SinnohStarted","format":"[Gen 9] OU","log":"|j|\u2606anatomy&physiology\n|j|\u2606SinnohStarted\n|t:|1701137825\n|gametype|singles\n|player|p1|anatomy&physiology|101|1172\n|player|p2|SinnohStarted|102|1243\n|teamsize|p1|6\n|teamsize|p2|6\n|gen|9\n|tier|[Gen 9] OU\n|rated|\n|rule|Sleep Clause Mod: Limit one foe put to sleep\n|rule|Species Clause: Limit one of each Pok\u00e9mon\n|rule|OHKO Clause: OHKO moves are banned\n|rule|Evasion Items Clause: Evasion items are banned\n|rule|Evasion Moves Clause: Evasion moves are banned\n|rule|Endless Battle Clause: Forcing endless battles is banned\n|rule|HP Percentage Mod: HP is shown in percentages\n|clearpoke\n|poke|p1|Greninja-*, F|\n|poke|p1|Pelipper, F|\n|poke|p1|Zapdos|\n|poke|p1|Floatzel, F|\n|poke|p1|Amoonguss, F|\n|poke|p1|Kingambit, F|\n|poke|p2|Ribombee, F|\n|poke|p2|Thundurus-Therian, M|\n|poke|p2|Cinderace, F|\n|poke|p2|Kingambit, F|\n|poke|p2|Gholdengo|\n|poke|p2|Clodsire, M|\n|teampreview\n|\n|t:|1701137835\n|start\n|switch|p1a: Amoonguss|Amoonguss, F|100\/100\n|switch|p2a: Ribombee|Ribombee, F|100\/100\n|turn|1\n|\n|t:|1701137840\n|move|p2a: Ribombee|Sticky Web|p1a: Amoonguss\n|-sidestart|p1: anatomy&physiology|move: Sticky Web\n|move|p1a: Amoonguss|Spore|p2a: Ribombee\n|-status|p2a: Ribombee|slp|[from] move: Spore\n|\n|upkeep\n|turn|2\n|\n|t:|1701137843\n|cant|p2a: Ribombee|slp\n|move|p1a: Amoonguss|Sludge Bomb|p2a: Ribombee\n|-supereffective|p2a: Ribombee\n|-damage|p2a: Ribombee|2\/100 slp\n|\n|upkeep\n|turn|3\n|\n|t:|1701137850\n|cant|p2a: Ribombee|slp\n|move|p1a: Amoonguss|Sludge Bomb|p2a: Ribombee\n|-supereffective|p2a: Ribombee\n|-crit|p2a: Ribombee\n|-damage|p2a: Ribombee|0 fnt\n|faint|p2a: Ribombee\n|\n|upkeep\n|\n|t:|1701137862\n|switch|p2a: Thundurus|Thundurus-Therian, M|100\/100\n|turn|4\n|\n|t:|1701137868\n|-terastallize|p2a: Thundurus|Flying\n|move|p2a: Thundurus|Tera Blast|p1a: Amoonguss|[anim] Tera Blast Flying\n|-supereffective|p1a: Amoonguss\n|-damage|p1a: Amoonguss|0 fnt\n|faint|p1a: Amoonguss\n|\n|upkeep\n|\n|t:|1701137875\n|switch|p1a: Pelipper|Pelipper, F|100\/100\n|-weather|RainDance|[from] ability: Drizzle|[of] p1a: Pelipper\n|turn|5\n|\n|t:|1701137882\n|-terastallize|p1a: Pelipper|Ground\n|move|p2a: Thundurus|Tera Blast|p1a: Pelipper|[anim] Tera Blast Flying\n|-damage|p1a: Pelipper|0 fnt\n|faint|p1a: Pelipper\n|\n|-weather|RainDance|[upkeep]\n|upkeep\n|\n|t:|1701137893\n|switch|p1a: Floatzel|Floatzel, F|100\/100\n|-activate|p1a: Floatzel|move: Sticky Web\n|-unboost|p1a: Floatzel|spe|1\n|turn|6\n|l|\u2606SinnohStarted\n|player|p2|\n|j|\u2606SinnohStarted\n|player|p2|SinnohStarted|102\n|\n|t:|1701137927\n|switch|p2a: Gholdengo|Gholdengo|100\/100\n|move|p1a: Floatzel|Wave Crash|p2a: Gholdengo\n|-damage|p2a: Gholdengo|0 fnt\n|faint|p2a: Gholdengo\n|-damage|p1a: Floatzel|66\/100|[from] Recoil\n|\n|-weather|RainDance|[upkeep]\n|upkeep\n|\n|t:|1701137942\n|switch|p2a: Kingambit|Kingambit, F|100\/100\n|-activate|p2a: Kingambit|ability: Supreme Overlord\n|-start|p2a: Kingambit|fallen2|[silent]\n|turn|7\n|\n|t:|1701137957\n|switch|p1a: Greninja|Greninja, F, shiny|100\/100\n|-activate|p1a: Greninja|move: Sticky Web\n|-unboost|p1a: Greninja|spe|1\n|move|p2a: Kingambit|Low Kick|p1a: Greninja\n|-supereffective|p1a: Greninja\n|-damage|p1a: Greninja|9\/100\n|\n|-weather|RainDance|[upkeep]\n|upkeep\n|turn|8\n|\n|t:|1701137971\n|move|p2a: Kingambit|Sucker Punch|p1a: Greninja\n|-resisted|p1a: Greninja\n|-damage|p1a: Greninja|0 fnt\n|faint|p1a: Greninja\n|\n|-weather|RainDance|[upkeep]\n|upkeep\n|\n|t:|1701137978\n|switch|p1a: Zapdos|Zapdos|100\/100\n|turn|9\n|\n|t:|1701137990\n|-end|p2a: Kingambit|fallen2|[silent]\n|switch|p2a: Thundurus|Thundurus-Therian, M, tera:Flying|100\/100\n|move|p1a: Zapdos|Thunder|p2a: Thundurus\n|-immune|p2a: Thundurus|[from] ability: Volt Absorb\n|\n|-weather|RainDance|[upkeep]\n|upkeep\n|turn|10\n|\n|t:|1701137999\n|move|p2a: Thundurus|Volt Switch|p1a: Zapdos\n|-damage|p1a: Zapdos|46\/100\n|\n|t:|1701138007\n|switch|p2a: Clodsire|Clodsire, M, shiny|100\/100|[from] Volt Switch\n|move|p1a: Zapdos|Tailwind|p1a: Zapdos\n|-sidestart|p1: anatomy&physiology|move: Tailwind\n|\n|-weather|RainDance|[upkeep]\n|upkeep\n|turn|11\n|\n|t:|1701138018\n|move|p1a: Zapdos|Hurricane|p2a: Clodsire\n|-damage|p2a: Clodsire|58\/100\n|move|p2a: Clodsire|Yawn|p1a: Zapdos\n|-start|p1a: Zapdos|move: Yawn|[of] p2a: Clodsire\n|\n|-weather|RainDance|[upkeep]\n|-heal|p2a: Clodsire|65\/100|[from] item: Leftovers\n|upkeep\n|turn|12\n|\n|t:|1701138027\n|switch|p1a: Kingambit|Kingambit, F|100\/100\n|-activate|p1a: Kingambit|move: Sticky Web\n|-unboost|p1a: Kingambit|spe|1\n|-activate|p1a: Kingambit|ability: Supreme Overlord\n|-start|p1a: Kingambit|fallen3|[silent]\n|move|p2a: Clodsire|Liquidation|p1a: Kingambit\n|-damage|p1a: Kingambit|83\/100\n|-unboost|p1a: Kingambit|def|1\n|\n|-weather|none\n|-heal|p2a: Clodsire|71\/100|[from] item: Leftovers\n|upkeep\n|turn|13\n|\n|t:|1701138038\n|move|p1a: Kingambit|Kowtow Cleave|p2a: Clodsire\n|-damage|p2a: Clodsire|16\/100\n|move|p2a: Clodsire|Recover|p2a: Clodsire\n|-heal|p2a: Clodsire|66\/100\n|\n|-heal|p2a: Clodsire|73\/100|[from] item: Leftovers\n|-sideend|p1: anatomy&physiology|move: Tailwind\n|upkeep\n|turn|14\n|\n|t:|1701138047\n|move|p1a: Kingambit|Kowtow Cleave|p2a: Clodsire\n|-damage|p2a: Clodsire|21\/100\n|move|p2a: Clodsire|Liquidation|p1a: Kingambit\n|-damage|p1a: Kingambit|72\/100\n|-unboost|p1a: Kingambit|def|1\n|\n|-heal|p2a: Clodsire|27\/100|[from] item: Leftovers\n|upkeep\n|turn|15\n|\n|t:|1701138059\n|move|p1a: Kingambit|Kowtow Cleave|p2a: Clodsire\n|-damage|p2a: Clodsire|0 fnt\n|faint|p2a: Clodsire\n|\n|upkeep\n|\n|t:|1701138064\n|switch|p2a: Thundurus|Thundurus-Therian, M, tera:Flying|100\/100\n|turn|16\n|\n|t:|1701138067\n|move|p1a: Kingambit|Sucker Punch|p2a: Thundurus\n|-damage|p2a: Thundurus|25\/100\n|move|p2a: Thundurus|Thunderbolt|p1a: Kingambit\n|-damage|p1a: Kingambit|26\/100\n|\n|upkeep\n|turn|17\n|\n|t:|1701138075\n|switch|p2a: Kingambit|Kingambit, F|100\/100\n|-activate|p2a: Kingambit|ability: Supreme Overlord\n|-start|p2a: Kingambit|fallen3|[silent]\n|move|p1a: Kingambit|Brick Break|p2a: Kingambit\n|-supereffective|p2a: Kingambit\n|-damage|p2a: Kingambit|0 fnt\n|faint|p2a: Kingambit\n|-end|p2a: Kingambit|fallen3|[silent]\n|\n|upkeep\n|\n|t:|1701138086\n|switch|p2a: Cinderace|Cinderace, F|100\/100\n|turn|18\n|\n|t:|1701138097\n|-end|p1a: Kingambit|fallen3|[silent]\n|switch|p1a: Zapdos|Zapdos|46\/100\n|move|p2a: Cinderace|Will-O-Wisp|p1a: Zapdos\n|-status|p1a: Zapdos|brn\n|\n|-damage|p1a: Zapdos|40\/100 brn|[from] brn\n|upkeep\n|turn|19\n|\n|t:|1701138111\n|move|p2a: Cinderace|Pyro Ball|p1a: Zapdos\n|-damage|p1a: Zapdos|0 fnt\n|faint|p1a: Zapdos\n|\n|upkeep\n|\n|t:|1701138117\n|switch|p1a: Floatzel|Floatzel, F|66\/100\n|-activate|p1a: Floatzel|move: Sticky Web\n|-unboost|p1a: Floatzel|spe|1\n|turn|20\n|\n|t:|1701138129\n|move|p1a: Floatzel|Aqua Jet|p2a: Cinderace\n|-supereffective|p2a: Cinderace\n|-damage|p2a: Cinderace|9\/100\n|move|p2a: Cinderace|Will-O-Wisp|p1a: Floatzel\n|-status|p1a: Floatzel|brn\n|\n|-damage|p1a: Floatzel|60\/100 brn|[from] brn\n|upkeep\n|turn|21\n|\n|t:|1701138134\n|move|p1a: Floatzel|Aqua Jet|p2a: Cinderace\n|-supereffective|p2a: Cinderace\n|-damage|p2a: Cinderace|0 fnt\n|faint|p2a: Cinderace\n|\n|-damage|p1a: Floatzel|54\/100 brn|[from] brn\n|upkeep\n|\n|t:|1701138136\n|switch|p2a: Thundurus|Thundurus-Therian, M, tera:Flying|25\/100\n|turn|22\n|\n|t:|1701138140\n|move|p1a: Floatzel|Aqua Jet|p2a: Thundurus\n|-damage|p2a: Thundurus|3\/100\n|move|p2a: Thundurus|Thunderbolt|p1a: Floatzel\n|-supereffective|p1a: Floatzel\n|-damage|p1a: Floatzel|0 fnt\n|faint|p1a: Floatzel\n|\n|upkeep\n|\n|t:|1701138142\n|switch|p1a: Kingambit|Kingambit, F|26\/100\n|-activate|p1a: Kingambit|move: Sticky Web\n|-unboost|p1a: Kingambit|spe|1\n|-activate|p1a: Kingambit|ability: Supreme Overlord\n|-start|p1a: Kingambit|fallen5|[silent]\n|turn|23\n|\n|t:|1701138144\n|move|p1a: Kingambit|Sucker Punch|p2a: Thundurus\n|-damage|p2a: Thundurus|0 fnt\n|faint|p2a: Thundurus\n|\n|win|anatomy&physiology\n|raw|anatomy&amp;physiology's rating: 1172 &rarr; <strong>1202<\/strong><br \/>(+30 for winning)\n|raw|SinnohStarted's rating: 1243 &rarr; <strong>1213<\/strong><br \/>(-30 for losing)\n|c|\u2606SinnohStarted|gg\n|c|\u2606SinnohStarted|Very well played\n|c|\u2606anatomy&physiology|gg\n|c|\u2606anatomy&physiology|check out this swag\n|l|\u2606SinnohStarted\n","uploadtime":1701138190,"views":13,"p1id":"anatomyphysiology","p2id":"sinnohstarted","formatid":"gen9ou","rating":1202,"private":0,"password":""}