{"id":"gen9ou-1991604353","p1":"02xygen_","p2":"Joltinjoe18","format":"[Gen 9] OU","log":"|j|\u260602xygen_\n|j|\u2606Joltinjoe18\n|t:|1700093255\n|gametype|singles\n|player|p1|02xygen_|265|1723\n|player|p2|Joltinjoe18|2|1976\n|teamsize|p1|6\n|teamsize|p2|6\n|gen|9\n|tier|[Gen 9] OU\n|rated|\n|rule|Sleep Clause Mod: Limit one foe put to sleep\n|rule|Species Clause: Limit one of each Pok\u00e9mon\n|rule|OHKO Clause: OHKO moves are banned\n|rule|Evasion Items Clause: Evasion items are banned\n|rule|Evasion Moves Clause: Evasion moves are banned\n|rule|Endless Battle Clause: Forcing endless battles is banned\n|rule|HP Percentage Mod: HP is shown in percentages\n|clearpoke\n|poke|p1|Ting-Lu|\n|poke|p1|Slowking-Galar, F|\n|poke|p1|Mandibuzz, F|\n|poke|p1|Dragapult, F|\n|poke|p1|Dondozo, F|\n|poke|p1|Kingambit, M|\n|poke|p2|Garganacl, M|\n|poke|p2|Great Tusk|\n|poke|p2|Gholdengo|\n|poke|p2|Iron Valiant|\n|poke|p2|Dragonite, M|\n|poke|p2|Zapdos|\n|teampreview\n|j| fgdgdfdfg\n|\n|t:|1700093301\n|start\n|switch|p1a: Ting-Lu|Ting-Lu|100\/100\n|switch|p2a: Iron Valiant|Iron Valiant|100\/100\n|-ability|p1a: Ting-Lu|Vessel of Ruin\n|turn|1\n|\n|t:|1700093308\n|switch|p1a: Slowking|Slowking-Galar, F|100\/100\n|move|p2a: Iron Valiant|Knock Off|p1a: Slowking\n|-supereffective|p1a: Slowking\n|-damage|p1a: Slowking|61\/100\n|-enditem|p1a: Slowking|Heavy-Duty Boots|[from] move: Knock Off|[of] p2a: Iron Valiant\n|\n|upkeep\n|turn|2\n|\n|t:|1700093314\n|-end|p2a: Iron Valiant|Quark Drive|[silent]\n|switch|p2a: Gholdengo|Gholdengo|100\/100\n|-item|p2a: Gholdengo|Air Balloon\n|move|p1a: Slowking|Sludge Bomb|p2a: Gholdengo\n|-immune|p2a: Gholdengo\n|\n|upkeep\n|turn|3\n|\n|t:|1700093319\n|switch|p1a: Ting-Lu|Ting-Lu|100\/100\n|-ability|p1a: Ting-Lu|Vessel of Ruin\n|move|p2a: Gholdengo|Shadow Ball|p1a: Ting-Lu\n|-resisted|p1a: Ting-Lu\n|-damage|p1a: Ting-Lu|93\/100\n|\n|-heal|p1a: Ting-Lu|99\/100|[from] item: Leftovers\n|upkeep\n|turn|4\n|\n|t:|1700093325\n|move|p2a: Gholdengo|Nasty Plot|p2a: Gholdengo\n|-boost|p2a: Gholdengo|spa|2\n|move|p1a: Ting-Lu|Ruination|p2a: Gholdengo\n|-damage|p2a: Gholdengo|51\/100\n|-enditem|p2a: Gholdengo|Air Balloon\n|\n|-heal|p1a: Ting-Lu|100\/100|[from] item: Leftovers\n|upkeep\n|turn|5\n|\n|t:|1700093329\n|move|p2a: Gholdengo|Recover|p2a: Gholdengo\n|-heal|p2a: Gholdengo|100\/100\n|move|p1a: Ting-Lu|Earthquake|p2a: Gholdengo\n|-supereffective|p2a: Gholdengo\n|-damage|p2a: Gholdengo|44\/100\n|\n|upkeep\n|turn|6\n|\n|t:|1700093331\n|switch|p2a: Great Tusk|Great Tusk|100\/100\n|move|p1a: Ting-Lu|Earthquake|p2a: Great Tusk\n|-damage|p2a: Great Tusk|70\/100\n|\n|upkeep\n|turn|7\n|\n|t:|1700093341\n|switch|p1a: Mandibuzz|Mandibuzz, F|100\/100\n|move|p2a: Great Tusk|Stealth Rock|p1a: Mandibuzz\n|-sidestart|p1: 02xygen_|move: Stealth Rock\n|\n|upkeep\n|turn|8\n|\n|t:|1700093351\n|-end|p2a: Great Tusk|Protosynthesis|[silent]\n|switch|p2a: Gholdengo|Gholdengo|44\/100\n|move|p1a: Mandibuzz|Foul Play|p2a: Gholdengo\n|-supereffective|p2a: Gholdengo\n|-damage|p2a: Gholdengo|23\/100\n|\n|upkeep\n|turn|9\n|j| OUVT spin da bloc\n|l| OUVT spin da bloc\n|\n|t:|1700093356\n|switch|p1a: Ting-Lu|Ting-Lu|100\/100\n|-damage|p1a: Ting-Lu|94\/100|[from] Stealth Rock\n|-ability|p1a: Ting-Lu|Vessel of Ruin\n|move|p2a: Gholdengo|Recover|p2a: Gholdengo\n|-heal|p2a: Gholdengo|73\/100\n|\n|-heal|p1a: Ting-Lu|100\/100|[from] item: Leftovers\n|upkeep\n|turn|10\n|\n|t:|1700093361\n|switch|p2a: Great Tusk|Great Tusk|70\/100\n|move|p1a: Ting-Lu|Stealth Rock|p2a: Great Tusk\n|-sidestart|p2: Joltinjoe18|move: Stealth Rock\n|\n|upkeep\n|turn|11\n|\n|t:|1700093365\n|move|p2a: Great Tusk|Knock Off|p1a: Ting-Lu\n|-resisted|p1a: Ting-Lu\n|-damage|p1a: Ting-Lu|91\/100\n|-enditem|p1a: Ting-Lu|Leftovers|[from] move: Knock Off|[of] p2a: Great Tusk\n|move|p1a: Ting-Lu|Ruination|p2a: Great Tusk|[miss]\n|-miss|p1a: Ting-Lu|p2a: Great Tusk\n|\n|upkeep\n|turn|12\n|\n|t:|1700093371\n|move|p2a: Great Tusk|Headlong Rush|p1a: Ting-Lu\n|-damage|p1a: Ting-Lu|57\/100\n|-unboost|p2a: Great Tusk|def|1\n|-unboost|p2a: Great Tusk|spd|1\n|move|p1a: Ting-Lu|Ruination|p2a: Great Tusk\n|-damage|p2a: Great Tusk|35\/100\n|\n|upkeep\n|turn|13\n|\n|t:|1700093375\n|move|p2a: Great Tusk|Headlong Rush|p1a: Ting-Lu\n|-damage|p1a: Ting-Lu|20\/100\n|-unboost|p2a: Great Tusk|def|1\n|-unboost|p2a: Great Tusk|spd|1\n|move|p1a: Ting-Lu|Earthquake|p2a: Great Tusk\n|-damage|p2a: Great Tusk|0 fnt\n|faint|p2a: Great Tusk\n|-end|p2a: Great Tusk|Protosynthesis|[silent]\n|\n|upkeep\n|\n|t:|1700093386\n|switch|p2a: Dragonite|Dragonite, M|100\/100\n|turn|14\n|\n|t:|1700093418\n|move|p2a: Dragonite|Ice Spinner|p1a: Ting-Lu\n|-supereffective|p1a: Ting-Lu\n|-damage|p1a: Ting-Lu|0 fnt\n|faint|p1a: Ting-Lu\n|\n|upkeep\n|\n|t:|1700093448\n|switch|p1a: Dragapult|Dragapult, F|100\/100\n|-damage|p1a: Dragapult|88\/100|[from] Stealth Rock\n|turn|15\n|\n|t:|1700093452\n|switch|p2a: Zapdos|Zapdos|100\/100\n|move|p1a: Dragapult|U-turn|p2a: Zapdos\n|-resisted|p2a: Zapdos\n|-damage|p2a: Zapdos|92\/100\n|\n|t:|1700093457\n|switch|p1a: Slowking|Slowking-Galar, F|95\/100|[from] U-turn\n|-damage|p1a: Slowking|82\/100|[from] Stealth Rock\n|\n|upkeep\n|turn|16\n|\n|t:|1700093460\n|move|p2a: Zapdos|Discharge|p1a: Slowking\n|-damage|p1a: Slowking|56\/100\n|-status|p1a: Slowking|par\n|move|p1a: Slowking|Flamethrower|p2a: Zapdos\n|-damage|p2a: Zapdos|77\/100\n|\n|upkeep\n|turn|17\n|\n|t:|1700093464\n|switch|p2a: Gholdengo|Gholdengo|73\/100\n|-damage|p2a: Gholdengo|67\/100|[from] Stealth Rock\n|cant|p1a: Slowking|par\n|\n|upkeep\n|turn|18\n|\n|t:|1700093473\n|switch|p1a: Dondozo|Dondozo, F, shiny|100\/100\n|-damage|p1a: Dondozo|88\/100|[from] Stealth Rock\n|move|p2a: Gholdengo|Recover|p2a: Gholdengo\n|-heal|p2a: Gholdengo|100\/100\n|\n|-heal|p1a: Dondozo|94\/100|[from] item: Leftovers\n|upkeep\n|turn|19\n|\n|t:|1700093479\n|move|p2a: Gholdengo|Shadow Ball|p1a: Dondozo\n|-damage|p1a: Dondozo|71\/100\n|move|p1a: Dondozo|Curse|p1a: Dondozo\n|-unboost|p1a: Dondozo|spe|1\n|-boost|p1a: Dondozo|atk|1\n|-boost|p1a: Dondozo|def|1\n|\n|-heal|p1a: Dondozo|77\/100|[from] item: Leftovers\n|upkeep\n|turn|20\n|\n|t:|1700093484\n|move|p2a: Gholdengo|Shadow Ball|p1a: Dondozo\n|-damage|p1a: Dondozo|56\/100\n|move|p1a: Dondozo|Liquidation|p2a: Gholdengo\n|-damage|p2a: Gholdengo|68\/100\n|-unboost|p2a: Gholdengo|def|1\n|\n|-heal|p1a: Dondozo|62\/100|[from] item: Leftovers\n|upkeep\n|turn|21\n|j| isoptera\n|\n|t:|1700093501\n|move|p2a: Gholdengo|Shadow Ball|p1a: Dondozo\n|-damage|p1a: Dondozo|40\/100\n|-unboost|p1a: Dondozo|spd|1\n|move|p1a: Dondozo|Liquidation|p2a: Gholdengo\n|-damage|p2a: Gholdengo|41\/100\n|\n|-heal|p1a: Dondozo|46\/100|[from] item: Leftovers\n|upkeep\n|turn|22\n|\n|t:|1700093506\n|move|p2a: Gholdengo|Recover|p2a: Gholdengo\n|-heal|p2a: Gholdengo|91\/100\n|move|p1a: Dondozo|Rest|p1a: Dondozo\n|-status|p1a: Dondozo|slp|[from] move: Rest\n|-heal|p1a: Dondozo|100\/100 slp|[silent]\n|\n|upkeep\n|turn|23\n|\n|t:|1700093514\n|switch|p2a: Zapdos|Zapdos|77\/100\n|switch|p1a: Kingambit|Kingambit, M|100\/100\n|-damage|p1a: Kingambit|94\/100|[from] Stealth Rock\n|-activate|p1a: Kingambit|ability: Supreme Overlord\n|-start|p1a: Kingambit|fallen1|[silent]\n|\n|-heal|p1a: Kingambit|100\/100|[from] item: Leftovers\n|upkeep\n|turn|24\n|\n|t:|1700093520\n|-end|p1a: Kingambit|fallen1|[silent]\n|switch|p1a: Slowking|Slowking-Galar, F|89\/100 par\n|-damage|p1a: Slowking|76\/100 par|[from] Stealth Rock\n|move|p2a: Zapdos|Heat Wave|p1a: Slowking\n|-damage|p1a: Slowking|54\/100 par\n|\n|upkeep\n|turn|25\n|\n|t:|1700093525\n|switch|p2a: Gholdengo|Gholdengo|91\/100\n|-damage|p2a: Gholdengo|85\/100|[from] Stealth Rock\n|cant|p1a: Slowking|par\n|\n|upkeep\n|turn|26\n|j| OUVT spin da bloc\n|l| OUVT spin da bloc\n|\n|t:|1700093530\n|switch|p1a: Kingambit|Kingambit, M|100\/100\n|-damage|p1a: Kingambit|94\/100|[from] Stealth Rock\n|-activate|p1a: Kingambit|ability: Supreme Overlord\n|-start|p1a: Kingambit|fallen1|[silent]\n|move|p2a: Gholdengo|Shadow Ball|p1a: Kingambit\n|-resisted|p1a: Kingambit\n|-damage|p1a: Kingambit|74\/100\n|\n|-heal|p1a: Kingambit|81\/100|[from] item: Leftovers\n|upkeep\n|turn|27\n|\n|t:|1700093566\n|switch|p2a: Iron Valiant|Iron Valiant|100\/100\n|move|p1a: Kingambit|Iron Head|p2a: Iron Valiant\n|-supereffective|p2a: Iron Valiant\n|-damage|p2a: Iron Valiant|0 fnt\n|faint|p2a: Iron Valiant\n|-end|p2a: Iron Valiant|Quark Drive|[silent]\n|\n|-heal|p1a: Kingambit|87\/100|[from] item: Leftovers\n|upkeep\n|\n|t:|1700093569\n|switch|p2a: Garganacl|Garganacl, M|100\/100\n|-damage|p2a: Garganacl|88\/100|[from] Stealth Rock\n|turn|28\n|\n|t:|1700093593\n|-terastallize|p2a: Garganacl|Water\n|move|p1a: Kingambit|Swords Dance|p1a: Kingambit\n|-boost|p1a: Kingambit|atk|2\n|move|p2a: Garganacl|Salt Cure|p1a: Kingambit\n|-resisted|p1a: Kingambit\n|-damage|p1a: Kingambit|81\/100\n|-start|p1a: Kingambit|Salt Cure\n|\n|-heal|p1a: Kingambit|87\/100|[from] item: Leftovers\n|-heal|p2a: Garganacl|94\/100|[from] item: Leftovers\n|-damage|p1a: Kingambit|63\/100|[from] Salt Cure\n|upkeep\n|turn|29\n|\n|t:|1700093614\n|switch|p2a: Dragonite|Dragonite, M|100\/100\n|move|p1a: Kingambit|Kowtow Cleave|p2a: Dragonite\n|-damage|p2a: Dragonite|38\/100\n|\n|-heal|p1a: Kingambit|69\/100|[from] item: Leftovers\n|-damage|p1a: Kingambit|44\/100|[from] Salt Cure\n|upkeep\n|turn|30\n|\n|t:|1700093619\n|-end|p1a: Kingambit|fallen1|[silent]\n|switch|p1a: Mandibuzz|Mandibuzz, F|100\/100\n|move|p2a: Dragonite|Earthquake|p1a: Mandibuzz\n|-immune|p1a: Mandibuzz\n|\n|upkeep\n|turn|31\n|inactive|Battle timer is ON: inactive players will automatically lose when time's up. (requested by Joltinjoe18)\n|\n|t:|1700093656\n|switch|p1a: Dragapult|Dragapult, F|88\/100\n|-damage|p1a: Dragapult|76\/100|[from] Stealth Rock\n|move|p2a: Dragonite|Ice Spinner|p1a: Dragapult\n|-supereffective|p1a: Dragapult\n|-damage|p1a: Dragapult|0 fnt\n|faint|p1a: Dragapult\n|\n|upkeep\n|\n|t:|1700093663\n|switch|p1a: Dondozo|Dondozo, F, shiny|100\/100 slp\n|-damage|p1a: Dondozo|88\/100 slp|[from] Stealth Rock\n|turn|32\n|\n|t:|1700093674\n|switch|p2a: Garganacl|Garganacl, M, tera:Water|94\/100\n|-damage|p2a: Garganacl|82\/100|[from] Stealth Rock\n|cant|p1a: Dondozo|slp\n|move|p1a: Dondozo|Sleep Talk|p1a: Dondozo\n|move|p1a: Dondozo|Liquidation|p2a: Garganacl|[from]move: Sleep Talk\n|-resisted|p2a: Garganacl\n|-damage|p2a: Garganacl|74\/100\n|\n|-heal|p2a: Garganacl|80\/100|[from] item: Leftovers\n|-heal|p1a: Dondozo|94\/100 slp|[from] item: Leftovers\n|upkeep\n|turn|33\n|\n|t:|1700093683\n|-terastallize|p1a: Dondozo|Dark\n|move|p2a: Garganacl|Curse|p2a: Garganacl\n|-unboost|p2a: Garganacl|spe|1\n|-boost|p2a: Garganacl|atk|1\n|-boost|p2a: Garganacl|def|1\n|cant|p1a: Dondozo|slp\n|move|p1a: Dondozo|Sleep Talk|p1a: Dondozo\n|move|p1a: Dondozo|Liquidation|p2a: Garganacl|[from]move: Sleep Talk\n|-resisted|p2a: Garganacl\n|-damage|p2a: Garganacl|72\/100\n|\n|-heal|p1a: Dondozo|99\/100 slp|[from] item: Leftovers\n|-heal|p2a: Garganacl|78\/100|[from] item: Leftovers\n|upkeep\n|turn|34\n|\n|t:|1700093686\n|-curestatus|p1a: Dondozo|slp|[msg]\n|move|p1a: Dondozo|Curse|p1a: Dondozo\n|-unboost|p1a: Dondozo|spe|1\n|-boost|p1a: Dondozo|atk|1\n|-boost|p1a: Dondozo|def|1\n|move|p2a: Garganacl|Salt Cure|p1a: Dondozo\n|-damage|p1a: Dondozo|94\/100\n|-start|p1a: Dondozo|Salt Cure\n|\n|-heal|p2a: Garganacl|85\/100|[from] item: Leftovers\n|-heal|p1a: Dondozo|100\/100|[from] item: Leftovers\n|-damage|p1a: Dondozo|88\/100|[from] Salt Cure\n|upkeep\n|turn|35\n|\n|t:|1700093688\n|move|p2a: Garganacl|Earthquake|p1a: Dondozo\n|-damage|p1a: Dondozo|79\/100\n|move|p1a: Dondozo|Curse|p1a: Dondozo\n|-unboost|p1a: Dondozo|spe|1\n|-boost|p1a: Dondozo|atk|1\n|-boost|p1a: Dondozo|def|1\n|\n|-heal|p2a: Garganacl|91\/100|[from] item: Leftovers\n|-heal|p1a: Dondozo|86\/100|[from] item: Leftovers\n|-damage|p1a: Dondozo|73\/100|[from] Salt Cure\n|upkeep\n|turn|36\n|\n|t:|1700093691\n|move|p2a: Garganacl|Earthquake|p1a: Dondozo\n|-damage|p1a: Dondozo|67\/100\n|move|p1a: Dondozo|Curse|p1a: Dondozo\n|-unboost|p1a: Dondozo|spe|1\n|-boost|p1a: Dondozo|atk|1\n|-boost|p1a: Dondozo|def|1\n|\n|-heal|p2a: Garganacl|97\/100|[from] item: Leftovers\n|-heal|p1a: Dondozo|73\/100|[from] item: Leftovers\n|-damage|p1a: Dondozo|60\/100|[from] Salt Cure\n|upkeep\n|turn|37\n|\n|t:|1700093694\n|switch|p2a: Zapdos|Zapdos|77\/100\n|move|p1a: Dondozo|Curse|p1a: Dondozo\n|-unboost|p1a: Dondozo|spe|1\n|-boost|p1a: Dondozo|atk|1\n|-boost|p1a: Dondozo|def|1\n|\n|-heal|p1a: Dondozo|66\/100|[from] item: Leftovers\n|-damage|p1a: Dondozo|54\/100|[from] Salt Cure\n|upkeep\n|turn|38\n|\n|t:|1700093699\n|switch|p2a: Dragonite|Dragonite, M|38\/100\n|move|p1a: Dondozo|Rest|p1a: Dondozo\n|-status|p1a: Dondozo|slp|[from] move: Rest\n|-heal|p1a: Dondozo|100\/100 slp|[silent]\n|\n|-damage|p1a: Dondozo|88\/100 slp|[from] Salt Cure\n|upkeep\n|turn|39\n|\n|t:|1700093703\n|switch|p2a: Garganacl|Garganacl, M, tera:Water|97\/100\n|-damage|p2a: Garganacl|85\/100|[from] Stealth Rock\n|cant|p1a: Dondozo|slp\n|move|p1a: Dondozo|Sleep Talk|p1a: Dondozo\n|move|p1a: Dondozo|Rest||[from]move: Sleep Talk|[still]\n|-fail|p1a: Dondozo\n|\n|-heal|p2a: Garganacl|91\/100|[from] item: Leftovers\n|-heal|p1a: Dondozo|94\/100 slp|[from] item: Leftovers\n|-damage|p1a: Dondozo|82\/100 slp|[from] Salt Cure\n|upkeep\n|turn|40\n|\n|t:|1700093707\n|move|p2a: Garganacl|Earthquake|p1a: Dondozo\n|-damage|p1a: Dondozo|77\/100 slp\n|cant|p1a: Dondozo|slp\n|move|p1a: Dondozo|Sleep Talk|p1a: Dondozo\n|move|p1a: Dondozo|Rest||[from]move: Sleep Talk|[still]\n|-fail|p1a: Dondozo\n|\n|-heal|p2a: Garganacl|97\/100|[from] item: Leftovers\n|-heal|p1a: Dondozo|83\/100 slp|[from] item: Leftovers\n|-damage|p1a: Dondozo|71\/100 slp|[from] Salt Cure\n|upkeep\n|turn|41\n|\n|t:|1700093713\n|move|p2a: Garganacl|Curse|p2a: Garganacl\n|-unboost|p2a: Garganacl|spe|1\n|-boost|p2a: Garganacl|atk|1\n|-boost|p2a: Garganacl|def|1\n|-curestatus|p1a: Dondozo|slp|[msg]\n|move|p1a: Dondozo|Liquidation|p2a: Garganacl\n|-resisted|p2a: Garganacl\n|-damage|p2a: Garganacl|71\/100\n|\n|-heal|p2a: Garganacl|77\/100|[from] item: Leftovers\n|-heal|p1a: Dondozo|77\/100|[from] item: Leftovers\n|-damage|p1a: Dondozo|64\/100|[from] Salt Cure\n|upkeep\n|turn|42\n|\n|t:|1700093717\n|move|p2a: Garganacl|Earthquake|p1a: Dondozo\n|-damage|p1a: Dondozo|60\/100\n|move|p1a: Dondozo|Liquidation|p2a: Garganacl\n|-resisted|p2a: Garganacl\n|-damage|p2a: Garganacl|54\/100\n|-unboost|p2a: Garganacl|def|1\n|\n|-heal|p2a: Garganacl|60\/100|[from] item: Leftovers\n|-heal|p1a: Dondozo|66\/100|[from] item: Leftovers\n|-damage|p1a: Dondozo|53\/100|[from] Salt Cure\n|upkeep\n|turn|43\n|\n|t:|1700093721\n|move|p2a: Garganacl|Recover|p2a: Garganacl\n|-heal|p2a: Garganacl|100\/100\n|move|p1a: Dondozo|Rest|p1a: Dondozo\n|-status|p1a: Dondozo|slp|[from] move: Rest\n|-heal|p1a: Dondozo|100\/100 slp|[silent]\n|\n|-damage|p1a: Dondozo|88\/100 slp|[from] Salt Cure\n|upkeep\n|turn|44\n|\n|t:|1700093728\n|move|p2a: Garganacl|Salt Cure|p1a: Dondozo\n|-damage|p1a: Dondozo|85\/100 slp\n|cant|p1a: Dondozo|slp\n|move|p1a: Dondozo|Sleep Talk|p1a: Dondozo\n|move|p1a: Dondozo|Liquidation|p2a: Garganacl|[from]move: Sleep Talk\n|-resisted|p2a: Garganacl\n|-damage|p2a: Garganacl|77\/100\n|\n|-heal|p2a: Garganacl|83\/100|[from] item: Leftovers\n|-heal|p1a: Dondozo|91\/100 slp|[from] item: Leftovers\n|-damage|p1a: Dondozo|79\/100 slp|[from] Salt Cure\n|upkeep\n|turn|45\n|\n|t:|1700093732\n|move|p2a: Garganacl|Curse|p2a: Garganacl\n|-unboost|p2a: Garganacl|spe|1\n|-boost|p2a: Garganacl|atk|1\n|-boost|p2a: Garganacl|def|1\n|cant|p1a: Dondozo|slp\n|move|p1a: Dondozo|Sleep Talk|p1a: Dondozo\n|move|p1a: Dondozo|Rest||[from]move: Sleep Talk|[still]\n|-fail|p1a: Dondozo\n|\n|-heal|p2a: Garganacl|90\/100|[from] item: Leftovers\n|-heal|p1a: Dondozo|85\/100 slp|[from] item: Leftovers\n|-damage|p1a: Dondozo|72\/100 slp|[from] Salt Cure\n|upkeep\n|turn|46\n|\n|t:|1700093736\n|move|p2a: Garganacl|Curse|p2a: Garganacl\n|-unboost|p2a: Garganacl|spe|1\n|-boost|p2a: Garganacl|atk|1\n|-boost|p2a: Garganacl|def|1\n|-curestatus|p1a: Dondozo|slp|[msg]\n|move|p1a: Dondozo|Curse|p1a: Dondozo\n|-unboost|p1a: Dondozo|spe|1\n|-boost|p1a: Dondozo|atk|1\n|-boost|p1a: Dondozo|def|1\n|\n|-heal|p2a: Garganacl|96\/100|[from] item: Leftovers\n|-heal|p1a: Dondozo|78\/100|[from] item: Leftovers\n|-damage|p1a: Dondozo|66\/100|[from] Salt Cure\n|upkeep\n|turn|47\n|\n|t:|1700093741\n|move|p2a: Garganacl|Earthquake|p1a: Dondozo\n|-crit|p1a: Dondozo\n|-damage|p1a: Dondozo|45\/100\n|move|p1a: Dondozo|Curse|p1a: Dondozo\n|-unboost|p1a: Dondozo|spe|1\n|-boost|p1a: Dondozo|atk|1\n|-boost|p1a: Dondozo|def|1\n|\n|-heal|p2a: Garganacl|100\/100|[from] item: Leftovers\n|-heal|p1a: Dondozo|51\/100|[from] item: Leftovers\n|-damage|p1a: Dondozo|38\/100|[from] Salt Cure\n|upkeep\n|turn|48\n|\n|t:|1700093745\n|switch|p2a: Zapdos|Zapdos|77\/100\n|move|p1a: Dondozo|Rest|p1a: Dondozo\n|-status|p1a: Dondozo|slp|[from] move: Rest\n|-heal|p1a: Dondozo|100\/100 slp|[silent]\n|\n|-damage|p1a: Dondozo|88\/100 slp|[from] Salt Cure\n|upkeep\n|turn|49\n|\n|t:|1700093750\n|switch|p2a: Garganacl|Garganacl, M, tera:Water|100\/100\n|-damage|p2a: Garganacl|88\/100|[from] Stealth Rock\n|cant|p1a: Dondozo|slp\n|move|p1a: Dondozo|Sleep Talk|p1a: Dondozo\n|move|p1a: Dondozo|Liquidation|p2a: Garganacl|[from]move: Sleep Talk\n|-resisted|p2a: Garganacl\n|-damage|p2a: Garganacl|57\/100\n|-unboost|p2a: Garganacl|def|1\n|\n|-heal|p2a: Garganacl|64\/100|[from] item: Leftovers\n|-heal|p1a: Dondozo|94\/100 slp|[from] item: Leftovers\n|-damage|p1a: Dondozo|82\/100 slp|[from] Salt Cure\n|upkeep\n|turn|50\n|\n|t:|1700093754\n|move|p2a: Garganacl|Curse|p2a: Garganacl\n|-unboost|p2a: Garganacl|spe|1\n|-boost|p2a: Garganacl|atk|1\n|-boost|p2a: Garganacl|def|1\n|cant|p1a: Dondozo|slp\n|move|p1a: Dondozo|Sleep Talk|p1a: Dondozo\n|move|p1a: Dondozo|Liquidation|p2a: Garganacl|[from]move: Sleep Talk\n|-resisted|p2a: Garganacl\n|-damage|p2a: Garganacl|30\/100\n|-unboost|p2a: Garganacl|def|1\n|\n|-heal|p2a: Garganacl|36\/100|[from] item: Leftovers\n|-heal|p1a: Dondozo|88\/100 slp|[from] item: Leftovers\n|-damage|p1a: Dondozo|75\/100 slp|[from] Salt Cure\n|upkeep\n|turn|51\n|\n|t:|1700093756\n|move|p2a: Garganacl|Recover|p2a: Garganacl\n|-heal|p2a: Garganacl|86\/100\n|-curestatus|p1a: Dondozo|slp|[msg]\n|move|p1a: Dondozo|Liquidation|p2a: Garganacl\n|-resisted|p2a: Garganacl\n|-damage|p2a: Garganacl|52\/100\n|\n|-heal|p2a: Garganacl|58\/100|[from] item: Leftovers\n|-heal|p1a: Dondozo|81\/100|[from] item: Leftovers\n|-damage|p1a: Dondozo|69\/100|[from] Salt Cure\n|upkeep\n|turn|52\n|\n|t:|1700093760\n|move|p2a: Garganacl|Recover|p2a: Garganacl\n|-heal|p2a: Garganacl|100\/100\n|move|p1a: Dondozo|Liquidation|p2a: Garganacl\n|-resisted|p2a: Garganacl\n|-damage|p2a: Garganacl|69\/100\n|\n|-heal|p2a: Garganacl|75\/100|[from] item: Leftovers\n|-heal|p1a: Dondozo|75\/100|[from] item: Leftovers\n|-damage|p1a: Dondozo|63\/100|[from] Salt Cure\n|upkeep\n|turn|53\n|\n|t:|1700093767\n|move|p2a: Garganacl|Earthquake|p1a: Dondozo\n|-damage|p1a: Dondozo|59\/100\n|move|p1a: Dondozo|Liquidation|p2a: Garganacl\n|-resisted|p2a: Garganacl\n|-damage|p2a: Garganacl|47\/100\n|\n|-heal|p2a: Garganacl|53\/100|[from] item: Leftovers\n|-heal|p1a: Dondozo|65\/100|[from] item: Leftovers\n|-damage|p1a: Dondozo|52\/100|[from] Salt Cure\n|upkeep\n|turn|54\n|\n|t:|1700093777\n|move|p2a: Garganacl|Salt Cure|p1a: Dondozo\n|-damage|p1a: Dondozo|50\/100\n|move|p1a: Dondozo|Liquidation|p2a: Garganacl\n|-resisted|p2a: Garganacl\n|-damage|p2a: Garganacl|23\/100\n|-unboost|p2a: Garganacl|def|1\n|\n|-heal|p2a: Garganacl|29\/100|[from] item: Leftovers\n|-heal|p1a: Dondozo|56\/100|[from] item: Leftovers\n|-damage|p1a: Dondozo|44\/100|[from] Salt Cure\n|upkeep\n|turn|55\n|\n|t:|1700093781\n|move|p2a: Garganacl|Recover|p2a: Garganacl\n|-heal|p2a: Garganacl|79\/100\n|move|p1a: Dondozo|Rest|p1a: Dondozo\n|-status|p1a: Dondozo|slp|[from] move: Rest\n|-heal|p1a: Dondozo|100\/100 slp|[silent]\n|\n|-heal|p2a: Garganacl|85\/100|[from] item: Leftovers\n|-damage|p1a: Dondozo|88\/100 slp|[from] Salt Cure\n|upkeep\n|turn|56\n|\n|t:|1700093785\n|move|p2a: Garganacl|Curse|p2a: Garganacl\n|-unboost|p2a: Garganacl|spe|1\n|-boost|p2a: Garganacl|atk|1\n|-boost|p2a: Garganacl|def|1\n|cant|p1a: Dondozo|slp\n|move|p1a: Dondozo|Sleep Talk|p1a: Dondozo\n|move|p1a: Dondozo|Liquidation|p2a: Garganacl|[from]move: Sleep Talk\n|-resisted|p2a: Garganacl\n|-damage|p2a: Garganacl|51\/100\n|\n|-heal|p2a: Garganacl|57\/100|[from] item: Leftovers\n|-heal|p1a: Dondozo|94\/100 slp|[from] item: Leftovers\n|-damage|p1a: Dondozo|82\/100 slp|[from] Salt Cure\n|upkeep\n|turn|57\n|\n|t:|1700093788\n|move|p2a: Garganacl|Curse|p2a: Garganacl\n|-unboost|p2a: Garganacl|spe|1\n|-boost|p2a: Garganacl|atk|1\n|-boost|p2a: Garganacl|def|1\n|cant|p1a: Dondozo|slp\n|move|p1a: Dondozo|Sleep Talk|p1a: Dondozo\n|move|p1a: Dondozo|Rest||[from]move: Sleep Talk|[still]\n|-fail|p1a: Dondozo\n|\n|-heal|p2a: Garganacl|63\/100|[from] item: Leftovers\n|-heal|p1a: Dondozo|88\/100 slp|[from] item: Leftovers\n|-damage|p1a: Dondozo|75\/100 slp|[from] Salt Cure\n|upkeep\n|turn|58\n|\n|t:|1700093792\n|move|p2a: Garganacl|Curse|p2a: Garganacl\n|-unboost|p2a: Garganacl|spe|1\n|-boost|p2a: Garganacl|atk|1\n|-boost|p2a: Garganacl|def|1\n|-curestatus|p1a: Dondozo|slp|[msg]\n|move|p1a: Dondozo|Liquidation|p2a: Garganacl\n|-resisted|p2a: Garganacl\n|-damage|p2a: Garganacl|32\/100\n|\n|-heal|p2a: Garganacl|38\/100|[from] item: Leftovers\n|-heal|p1a: Dondozo|81\/100|[from] item: Leftovers\n|-damage|p1a: Dondozo|69\/100|[from] Salt Cure\n|upkeep\n|turn|59\n|\n|t:|1700093798\n|move|p2a: Garganacl|Recover|p2a: Garganacl\n|-heal|p2a: Garganacl|88\/100\n|move|p1a: Dondozo|Liquidation|p2a: Garganacl\n|-resisted|p2a: Garganacl\n|-damage|p2a: Garganacl|54\/100\n|-unboost|p2a: Garganacl|def|1\n|\n|-heal|p2a: Garganacl|61\/100|[from] item: Leftovers\n|-heal|p1a: Dondozo|75\/100|[from] item: Leftovers\n|-damage|p1a: Dondozo|63\/100|[from] Salt Cure\n|upkeep\n|turn|60\n|\n|t:|1700093802\n|move|p2a: Garganacl|Earthquake|p1a: Dondozo\n|-damage|p1a: Dondozo|59\/100\n|move|p1a: Dondozo|Liquidation|p2a: Garganacl\n|-resisted|p2a: Garganacl\n|-damage|p2a: Garganacl|32\/100\n|\n|-heal|p2a: Garganacl|38\/100|[from] item: Leftovers\n|-heal|p1a: Dondozo|65\/100|[from] item: Leftovers\n|-damage|p1a: Dondozo|53\/100|[from] Salt Cure\n|upkeep\n|turn|61\n|\n|t:|1700093812\n|move|p2a: Garganacl|Recover|p2a: Garganacl\n|-heal|p2a: Garganacl|88\/100\n|move|p1a: Dondozo|Liquidation|p2a: Garganacl\n|-resisted|p2a: Garganacl\n|-damage|p2a: Garganacl|57\/100\n|-unboost|p2a: Garganacl|def|1\n|\n|-heal|p2a: Garganacl|63\/100|[from] item: Leftovers\n|-heal|p1a: Dondozo|59\/100|[from] item: Leftovers\n|-damage|p1a: Dondozo|47\/100|[from] Salt Cure\n|upkeep\n|turn|62\n|\n|t:|1700093816\n|move|p2a: Garganacl|Curse|p2a: Garganacl\n|-unboost|p2a: Garganacl|spe|1\n|-boost|p2a: Garganacl|atk|1\n|-boost|p2a: Garganacl|def|1\n|move|p1a: Dondozo|Sleep Talk||[still]\n|-fail|p1a: Dondozo\n|\n|-heal|p2a: Garganacl|69\/100|[from] item: Leftovers\n|-heal|p1a: Dondozo|53\/100|[from] item: Leftovers\n|-damage|p1a: Dondozo|40\/100|[from] Salt Cure\n|upkeep\n|turn|63\n|\n|t:|1700093819\n|move|p2a: Garganacl|Curse|p2a: Garganacl\n|-unboost|p2a: Garganacl|spe|1\n|-boost|p2a: Garganacl|atk|1\n|-boost|p2a: Garganacl|def|1\n|move|p1a: Dondozo|Rest|p1a: Dondozo\n|-status|p1a: Dondozo|slp|[from] move: Rest\n|-heal|p1a: Dondozo|100\/100 slp|[silent]\n|\n|-heal|p2a: Garganacl|75\/100|[from] item: Leftovers\n|-damage|p1a: Dondozo|88\/100 slp|[from] Salt Cure\n|upkeep\n|turn|64\n|\n|t:|1700093826\n|move|p2a: Garganacl|Curse|p2a: Garganacl\n|-boost|p2a: Garganacl|def|1\n|cant|p1a: Dondozo|slp\n|move|p1a: Dondozo|Sleep Talk|p1a: Dondozo\n|move|p1a: Dondozo|Rest||[from]move: Sleep Talk|[still]\n|-fail|p1a: Dondozo\n|\n|-heal|p1a: Dondozo|94\/100 slp|[from] item: Leftovers\n|-heal|p2a: Garganacl|81\/100|[from] item: Leftovers\n|-damage|p1a: Dondozo|82\/100 slp|[from] Salt Cure\n|upkeep\n|turn|65\n|\n|t:|1700093830\n|move|p2a: Garganacl|Curse|p2a: Garganacl\n|-boost|p2a: Garganacl|def|1\n|cant|p1a: Dondozo|slp\n|move|p1a: Dondozo|Sleep Talk|p1a: Dondozo\n|move|p1a: Dondozo|Curse|p1a: Dondozo|[from]move: Sleep Talk\n|\n|-heal|p2a: Garganacl|88\/100|[from] item: Leftovers\n|-heal|p1a: Dondozo|88\/100 slp|[from] item: Leftovers\n|-damage|p1a: Dondozo|75\/100 slp|[from] Salt Cure\n|upkeep\n|turn|66\n|\n|t:|1700093842\n|move|p2a: Garganacl|Curse|p2a: Garganacl\n|-boost|p2a: Garganacl|def|1\n|-curestatus|p1a: Dondozo|slp|[msg]\n|move|p1a: Dondozo|Liquidation|p2a: Garganacl\n|-resisted|p2a: Garganacl\n|-damage|p2a: Garganacl|54\/100\n|-unboost|p2a: Garganacl|def|1\n|\n|-heal|p2a: Garganacl|61\/100|[from] item: Leftovers\n|-heal|p1a: Dondozo|81\/100|[from] item: Leftovers\n|-damage|p1a: Dondozo|69\/100|[from] Salt Cure\n|upkeep\n|turn|67\n|\n|t:|1700093846\n|move|p1a: Dondozo|Liquidation|p2a: Garganacl\n|-resisted|p2a: Garganacl\n|-damage|p2a: Garganacl|29\/100\n|move|p2a: Garganacl|Salt Cure|p1a: Dondozo\n|-damage|p1a: Dondozo|67\/100\n|\n|-heal|p1a: Dondozo|73\/100|[from] item: Leftovers\n|-heal|p2a: Garganacl|35\/100|[from] item: Leftovers\n|-damage|p1a: Dondozo|60\/100|[from] Salt Cure\n|upkeep\n|turn|68\n|\n|t:|1700093849\n|move|p2a: Garganacl|Recover|p2a: Garganacl\n|-heal|p2a: Garganacl|85\/100\n|move|p1a: Dondozo|Liquidation|p2a: Garganacl\n|-resisted|p2a: Garganacl\n|-damage|p2a: Garganacl|52\/100\n|-unboost|p2a: Garganacl|def|1\n|\n|-heal|p1a: Dondozo|66\/100|[from] item: Leftovers\n|-heal|p2a: Garganacl|58\/100|[from] item: Leftovers\n|-damage|p1a: Dondozo|54\/100|[from] Salt Cure\n|upkeep\n|turn|69\n|\n|t:|1700093853\n|move|p1a: Dondozo|Liquidation|p2a: Garganacl\n|-resisted|p2a: Garganacl\n|-damage|p2a: Garganacl|27\/100\n|move|p2a: Garganacl|Salt Cure|p1a: Dondozo\n|-damage|p1a: Dondozo|52\/100\n|\n|-heal|p1a: Dondozo|58\/100|[from] item: Leftovers\n|-heal|p2a: Garganacl|33\/100|[from] item: Leftovers\n|-damage|p1a: Dondozo|46\/100|[from] Salt Cure\n|upkeep\n|turn|70\n|\n|t:|1700093861\n|switch|p1a: Slowking|Slowking-Galar, F|87\/100 par\n|-damage|p1a: Slowking|75\/100 par|[from] Stealth Rock\n|move|p2a: Garganacl|Curse|p2a: Garganacl\n|-boost|p2a: Garganacl|def|1\n|\n|-heal|p2a: Garganacl|39\/100|[from] item: Leftovers\n|upkeep\n|turn|71\n|\n|t:|1700093867\n|move|p1a: Slowking|Future Sight|p2a: Garganacl\n|-start|p1a: Slowking|move: Future Sight\n|move|p2a: Garganacl|Recover|p2a: Garganacl\n|-heal|p2a: Garganacl|89\/100\n|\n|-heal|p2a: Garganacl|96\/100|[from] item: Leftovers\n|upkeep\n|turn|72\n|\n|t:|1700093869\n|move|p1a: Slowking|Sludge Bomb|p2a: Garganacl\n|-damage|p2a: Garganacl|69\/100\n|move|p2a: Garganacl|Earthquake|p1a: Slowking\n|-supereffective|p1a: Slowking\n|-damage|p1a: Slowking|0 fnt\n|faint|p1a: Slowking\n|\n|-heal|p2a: Garganacl|75\/100|[from] item: Leftovers\n|upkeep\n|\n|t:|1700093873\n|switch|p1a: Kingambit|Kingambit, M|44\/100\n|-damage|p1a: Kingambit|38\/100|[from] Stealth Rock\n|-activate|p1a: Kingambit|ability: Supreme Overlord\n|-start|p1a: Kingambit|fallen3|[silent]\n|turn|73\n|\n|t:|1700093876\n|move|p1a: Kingambit|Iron Head|p2a: Garganacl\n|-resisted|p2a: Garganacl\n|-damage|p2a: Garganacl|68\/100\n|move|p2a: Garganacl|Earthquake|p1a: Kingambit\n|-supereffective|p1a: Kingambit\n|-damage|p1a: Kingambit|0 fnt\n|faint|p1a: Kingambit\n|-end|p1a: Kingambit|fallen3|[silent]\n|\n|-end|p2a: Garganacl|move: Future Sight\n|-damage|p2a: Garganacl|34\/100\n|-heal|p2a: Garganacl|40\/100|[from] item: Leftovers\n|upkeep\n|-message|02xygen_ forfeited.\n|\n|win|Joltinjoe18\n|raw|02xygen_'s rating: 1723 &rarr; <strong>1715<\/strong><br \/>(-8 for losing)\n|raw|Joltinjoe18's rating: 1976 &rarr; <strong>1984<\/strong><br \/>(+8 for winning)\n|l|\u260602xygen_\n","uploadtime":1700093895,"views":150,"p1id":"02xygen","p2id":"joltinjoe18","formatid":"gen9ou","rating":1715,"private":0,"password":""}