{"id":"gen9ou-1995312206","p1":"Atrix MJ","p2":"Chieftaco33","format":"[Gen 9] OU","log":"|j|\u2606Atrix MJ\n|j|\u2606Chieftaco33\n|t:|1700551717\n|gametype|singles\n|player|p1|Atrix MJ|sada-ai|1444\n|player|p2|Chieftaco33|cyclist-gen4|1446\n|teamsize|p1|6\n|teamsize|p2|6\n|gen|9\n|tier|[Gen 9] OU\n|rated|\n|rule|Sleep Clause Mod: Limit one foe put to sleep\n|rule|Species Clause: Limit one of each Pok\u00e9mon\n|rule|OHKO Clause: OHKO moves are banned\n|rule|Evasion Items Clause: Evasion items are banned\n|rule|Evasion Moves Clause: Evasion moves are banned\n|rule|Endless Battle Clause: Forcing endless battles is banned\n|rule|HP Percentage Mod: HP is shown in percentages\n|clearpoke\n|poke|p1|Tinkaton, F|\n|poke|p1|Rillaboom, M|\n|poke|p1|Zapdos|\n|poke|p1|Dragapult, M|\n|poke|p1|Samurott-Hisui, F|\n|poke|p1|Great Tusk|\n|poke|p2|Dragapult, F|\n|poke|p2|Gholdengo|\n|poke|p2|Muk-Alola, F|\n|poke|p2|Great Tusk|\n|poke|p2|Amoonguss, F|\n|poke|p2|Moltres|\n|teampreview\n|inactive|Battle timer is ON: inactive players will automatically lose when time's up. (requested by Chieftaco33)\n|inactive|Atrix MJ has 120 seconds left.\n|inactive|Chieftaco33 has 120 seconds left.\n|\n|t:|1700551765\n|start\n|switch|p1a: Zapdos|Zapdos|100\/100\n|switch|p2a: Amoonguss|Amoonguss, F|100\/100\n|turn|1\n|\n|t:|1700551773\n|switch|p2a: Muk|Muk-Alola, F|100\/100\n|move|p1a: Zapdos|Hurricane|p2a: Muk\n|-damage|p2a: Muk|68\/100\n|\n|-heal|p2a: Muk|74\/100|[from] item: Leftovers\n|upkeep\n|turn|2\n|\n|t:|1700551780\n|move|p1a: Zapdos|Volt Switch|p2a: Muk\n|-damage|p2a: Muk|54\/100\n|\n|t:|1700551793\n|switch|p1a: Tinkaton|Tinkaton, F|100\/100|[from] Volt Switch\n|move|p2a: Muk|Knock Off|p1a: Tinkaton\n|-resisted|p1a: Tinkaton\n|-damage|p1a: Tinkaton|77\/100\n|-enditem|p1a: Tinkaton|Grassy Seed|[from] move: Knock Off|[of] p2a: Muk\n|-enditem|p2a: Muk|Leftovers|[silent]|[from] ability: Pickpocket|[of] p2a: Muk\n|-item|p1a: Tinkaton|Leftovers|[from] ability: Pickpocket|[of] p2a: Muk\n|\n|-heal|p1a: Tinkaton|83\/100|[from] item: Leftovers\n|upkeep\n|turn|3\n|\n|t:|1700551822\n|switch|p2a: Amoonguss|Amoonguss, F|100\/100\n|move|p1a: Tinkaton|Knock Off|p2a: Amoonguss\n|-damage|p2a: Amoonguss|85\/100\n|-enditem|p2a: Amoonguss|Red Card|[from] move: Knock Off|[of] p1a: Tinkaton\n|\n|-heal|p1a: Tinkaton|89\/100|[from] item: Leftovers\n|upkeep\n|turn|4\n|inactive|Atrix MJ has 120 seconds left.\n|\n|t:|1700551856\n|switch|p1a: Rillaboom|Rillaboom, M|100\/100\n|-fieldstart|move: Grassy Terrain|[from] ability: Grassy Surge|[of] p1a: Rillaboom\n|move|p2a: Amoonguss|Spore|p1a: Rillaboom\n|-immune|p1a: Rillaboom\n|\n|-heal|p2a: Amoonguss|91\/100|[from] Grassy Terrain\n|upkeep\n|turn|5\n|\n|t:|1700551875\n|switch|p1a: Dragapult|Dragapult, M|100\/100\n|move|p2a: Amoonguss|Spore|p1a: Dragapult\n|-status|p1a: Dragapult|slp|[from] move: Spore\n|\n|-heal|p2a: Amoonguss|97\/100|[from] Grassy Terrain\n|upkeep\n|turn|6\n|inactive|Atrix MJ has 120 seconds left.\n|\n|t:|1700551892\n|switch|p1a: Tinkaton|Tinkaton, F|89\/100\n|switch|p2a: Muk|Muk-Alola, F|54\/100\n|\n|-heal|p1a: Tinkaton|95\/100|[from] Grassy Terrain\n|-heal|p1a: Tinkaton|100\/100|[from] item: Leftovers\n|-heal|p2a: Muk|60\/100|[from] Grassy Terrain\n|upkeep\n|turn|7\n|\n|t:|1700551901\n|move|p2a: Muk|Protect|p2a: Muk\n|-singleturn|p2a: Muk|Protect\n|move|p1a: Tinkaton|Knock Off|p2a: Muk\n|-activate|p2a: Muk|move: Protect\n|\n|-heal|p2a: Muk|66\/100|[from] Grassy Terrain\n|upkeep\n|turn|8\n|\n|t:|1700551912\n|switch|p2a: Amoonguss|Amoonguss, F|100\/100\n|move|p1a: Tinkaton|Swords Dance|p1a: Tinkaton\n|-boost|p1a: Tinkaton|atk|2\n|\n|upkeep\n|turn|9\n|\n|t:|1700551924\n|move|p1a: Tinkaton|Knock Off|p2a: Amoonguss\n|-damage|p2a: Amoonguss|80\/100\n|move|p2a: Amoonguss|Foul Play|p1a: Tinkaton\n|-resisted|p1a: Tinkaton\n|-damage|p1a: Tinkaton|71\/100\n|\n|-heal|p1a: Tinkaton|77\/100|[from] Grassy Terrain\n|-heal|p1a: Tinkaton|83\/100|[from] item: Leftovers\n|-heal|p2a: Amoonguss|86\/100|[from] Grassy Terrain\n|upkeep\n|turn|10\n|\n|t:|1700551934\n|move|p1a: Tinkaton|Gigaton Hammer|p2a: Amoonguss\n|-damage|p2a: Amoonguss|0 fnt\n|faint|p2a: Amoonguss\n|\n|-heal|p1a: Tinkaton|89\/100|[from] Grassy Terrain\n|-heal|p1a: Tinkaton|95\/100|[from] item: Leftovers\n|upkeep\n|\n|t:|1700551939\n|switch|p2a: Moltres|Moltres|100\/100\n|turn|11\n|\n|t:|1700551953\n|switch|p1a: Dragapult|Dragapult, M|100\/100 slp\n|move|p2a: Moltres|Flamethrower|p1a: Dragapult\n|-resisted|p1a: Dragapult\n|-damage|p1a: Dragapult|74\/100 slp\n|\n|-heal|p1a: Dragapult|80\/100 slp|[from] Grassy Terrain\n|-heal|p1a: Dragapult|86\/100 slp|[from] item: Leftovers\n|-fieldend|move: Grassy Terrain\n|upkeep\n|turn|12\n|\n|t:|1700551961\n|cant|p1a: Dragapult|slp\n|move|p2a: Moltres|Hurricane|p1a: Dragapult\n|-damage|p1a: Dragapult|26\/100 slp\n|-start|p1a: Dragapult|confusion\n|\n|-heal|p1a: Dragapult|32\/100 slp|[from] item: Leftovers\n|upkeep\n|turn|13\n|\n|t:|1700551967\n|switch|p1a: Zapdos|Zapdos|100\/100\n|move|p2a: Moltres|Hurricane|p1a: Zapdos\n|-resisted|p1a: Zapdos\n|-damage|p1a: Zapdos|75\/100\n|\n|upkeep\n|turn|14\n|\n|t:|1700551978\n|switch|p2a: Muk|Muk-Alola, F|66\/100\n|move|p1a: Zapdos|Discharge|p2a: Muk\n|-damage|p2a: Muk|44\/100\n|\n|upkeep\n|turn|15\n|\n|t:|1700551990\n|move|p1a: Zapdos|Volt Switch|p2a: Muk\n|-damage|p2a: Muk|23\/100\n|\n|t:|1700551992\n|switch|p1a: Tinkaton|Tinkaton, F|95\/100|[from] Volt Switch\n|move|p2a: Muk|Drain Punch|p1a: Tinkaton\n|-damage|p1a: Tinkaton|72\/100\n|-heal|p2a: Muk|32\/100|[from] drain|[of] p1a: Tinkaton\n|\n|-heal|p1a: Tinkaton|78\/100|[from] item: Leftovers\n|upkeep\n|turn|16\n|\n|t:|1700552008\n|move|p1a: Tinkaton|Knock Off|p2a: Muk\n|-resisted|p2a: Muk\n|-damage|p2a: Muk|24\/100\n|move|p2a: Muk|Drain Punch|p1a: Tinkaton\n|-damage|p1a: Tinkaton|55\/100\n|-heal|p2a: Muk|32\/100|[from] drain|[of] p1a: Tinkaton\n|\n|-heal|p1a: Tinkaton|61\/100|[from] item: Leftovers\n|upkeep\n|turn|17\n|\n|t:|1700552014\n|move|p1a: Tinkaton|Knock Off|p2a: Muk\n|-resisted|p2a: Muk\n|-damage|p2a: Muk|24\/100\n|move|p2a: Muk|Knock Off|p1a: Tinkaton\n|-resisted|p1a: Tinkaton\n|-damage|p1a: Tinkaton|37\/100\n|-enditem|p1a: Tinkaton|Leftovers|[from] move: Knock Off|[of] p2a: Muk\n|\n|upkeep\n|turn|18\n|\n|t:|1700552017\n|move|p1a: Tinkaton|Gigaton Hammer|p2a: Muk\n|-damage|p2a: Muk|0 fnt\n|faint|p2a: Muk\n|\n|upkeep\n|\n|t:|1700552020\n|switch|p2a: Dragapult|Dragapult, F|100\/100\n|turn|19\n|inactive|Atrix MJ has 120 seconds left.\n|\n|t:|1700552053\n|switch|p1a: Samurott|Samurott-Hisui, F|100\/100\n|-terastallize|p2a: Dragapult|Ghost\n|move|p2a: Dragapult|Tera Blast|p1a: Samurott|[anim] Tera Blast Ghost\n|-resisted|p1a: Samurott\n|-damage|p1a: Samurott|49\/100\n|\n|-heal|p1a: Samurott|56\/100|[from] item: Leftovers\n|upkeep\n|turn|20\n|inactive|Atrix MJ has 120 seconds left.\n|\n|t:|1700552075\n|switch|p2a: Great Tusk|Great Tusk|100\/100\n|move|p1a: Samurott|Flip Turn|p2a: Great Tusk\n|-supereffective|p2a: Great Tusk\n|-damage|p2a: Great Tusk|72\/100\n|l|\u2606Chieftaco33\n|inactive|Chieftaco33 disconnected and has a minute to reconnect!\n|player|p2|\n|\n|t:|1700552086\n|switch|p1a: Zapdos|Zapdos|75\/100|[from] Flip Turn\n|\n|-heal|p2a: Great Tusk|79\/100|[from] item: Leftovers\n|upkeep\n|turn|21\n|j|\u2606Chieftaco33\n|inactive|Chieftaco33 reconnected and has 140 seconds left.\n|player|p2|Chieftaco33|cyclist-gen4\n|\n|t:|1700552103\n|-end|p2a: Great Tusk|Protosynthesis|[silent]\n|switch|p2a: Gholdengo|Gholdengo|100\/100\n|move|p1a: Zapdos|Hurricane|p2a: Gholdengo\n|-resisted|p2a: Gholdengo\n|-damage|p2a: Gholdengo|68\/100\n|\n|upkeep\n|turn|22\n|inactive|Atrix MJ has 120 seconds left.\n|\n|t:|1700552113\n|move|p2a: Gholdengo|Shadow Ball|p1a: Zapdos\n|-damage|p1a: Zapdos|26\/100\n|move|p1a: Zapdos|Volt Switch|p2a: Gholdengo\n|-damage|p2a: Gholdengo|29\/100\n|inactive|Atrix MJ has 120 seconds left.\n|\n|t:|1700552137\n|switch|p1a: Samurott|Samurott-Hisui, F|56\/100|[from] Volt Switch\n|\n|-heal|p1a: Samurott|62\/100|[from] item: Leftovers\n|upkeep\n|turn|23\n|\n|t:|1700552148\n|switch|p2a: Great Tusk|Great Tusk|79\/100\n|move|p1a: Samurott|Ceaseless Edge|p2a: Great Tusk\n|-resisted|p2a: Great Tusk\n|-damage|p2a: Great Tusk|67\/100\n|-sidestart|p2: Chieftaco33|Spikes\n|\n|-heal|p1a: Samurott|68\/100|[from] item: Leftovers\n|-heal|p2a: Great Tusk|73\/100|[from] item: Leftovers\n|upkeep\n|turn|24\n|inactive|Atrix MJ has 120 seconds left.\n|\n|t:|1700552155\n|switch|p1a: Dragapult|Dragapult, M|32\/100 slp\n|move|p2a: Great Tusk|Stealth Rock|p1a: Dragapult\n|-sidestart|p1: Atrix MJ|move: Stealth Rock\n|\n|-heal|p1a: Dragapult|38\/100 slp|[from] item: Leftovers\n|-heal|p2a: Great Tusk|79\/100|[from] item: Leftovers\n|upkeep\n|turn|25\n|\n|t:|1700552160\n|-curestatus|p1a: Dragapult|slp|[msg]\n|move|p1a: Dragapult|Dragon Darts|p2a: Great Tusk\n|-damage|p2a: Great Tusk|68\/100\n|-anim|p1a: Dragapult|Dragon Darts|p2a: Great Tusk\n|-damage|p2a: Great Tusk|57\/100\n|move|p2a: Great Tusk|Knock Off|p1a: Dragapult\n|-supereffective|p1a: Dragapult\n|-damage|p1a: Dragapult|0 fnt\n|-enditem|p1a: Dragapult|Leftovers|[from] move: Knock Off|[of] p2a: Great Tusk\n|faint|p1a: Dragapult\n|\n|-heal|p2a: Great Tusk|64\/100|[from] item: Leftovers\n|upkeep\n|\n|t:|1700552168\n|switch|p1a: Zapdos|Zapdos|26\/100\n|turn|26\n|inactive|Chieftaco33 has 120 seconds left.\n|\n|t:|1700552198\n|move|p1a: Zapdos|Hurricane|p2a: Great Tusk\n|-supereffective|p2a: Great Tusk\n|-damage|p2a: Great Tusk|0 fnt\n|faint|p2a: Great Tusk\n|-end|p2a: Great Tusk|Protosynthesis|[silent]\n|\n|upkeep\n|\n|t:|1700552203\n|switch|p2a: Gholdengo|Gholdengo|29\/100\n|-damage|p2a: Gholdengo|17\/100|[from] Spikes\n|turn|27\n|\n|t:|1700552223\n|switch|p1a: Tinkaton|Tinkaton, F|37\/100\n|-damage|p1a: Tinkaton|31\/100|[from] Stealth Rock\n|move|p2a: Gholdengo|Make It Rain|p1a: Tinkaton\n|-damage|p1a: Tinkaton|0 fnt\n|-unboost|p2a: Gholdengo|spa|1\n|faint|p1a: Tinkaton\n|\n|upkeep\n|inactive|Atrix MJ has 120 seconds left.\n|\n|t:|1700552246\n|switch|p1a: Samurott|Samurott-Hisui, F|68\/100\n|-damage|p1a: Samurott|56\/100|[from] Stealth Rock\n|turn|28\n|inactive|Atrix MJ has 120 seconds left.\n|\n|t:|1700552267\n|move|p2a: Gholdengo|Make It Rain|p1a: Samurott\n|-resisted|p1a: Samurott\n|-damage|p1a: Samurott|22\/100\n|-unboost|p2a: Gholdengo|spa|1\n|move|p1a: Samurott|Flip Turn|p2a: Gholdengo\n|-damage|p2a: Gholdengo|0 fnt\n|faint|p2a: Gholdengo\n|inactive|Atrix MJ has 120 seconds left.\n|\n|t:|1700552282\n|switch|p1a: Great Tusk|Great Tusk|100\/100|[from] Flip Turn\n|-damage|p1a: Great Tusk|98\/100|[from] Stealth Rock\n|\n|-heal|p1a: Great Tusk|100\/100|[from] item: Leftovers\n|upkeep\n|\n|t:|1700552292\n|switch|p2a: Moltres|Moltres|100\/100\n|turn|29\n|\n|t:|1700552297\n|move|p2a: Moltres|Hurricane|p1a: Great Tusk\n|-supereffective|p1a: Great Tusk\n|-damage|p1a: Great Tusk|0 fnt\n|faint|p1a: Great Tusk\n|-end|p1a: Great Tusk|Protosynthesis|[silent]\n|\n|upkeep\n|\n|t:|1700552302\n|switch|p1a: Zapdos|Zapdos|26\/100\n|turn|30\n|\n|t:|1700552308\n|-terastallize|p1a: Zapdos|Electric\n|move|p1a: Zapdos|Discharge|p2a: Moltres\n|-supereffective|p2a: Moltres\n|-damage|p2a: Moltres|16\/100\n|-status|p2a: Moltres|par\n|move|p2a: Moltres|Flamethrower|p1a: Zapdos\n|-damage|p1a: Zapdos|0 fnt\n|faint|p1a: Zapdos\n|\n|upkeep\n|\n|t:|1700552321\n|switch|p1a: Rillaboom|Rillaboom, M|100\/100\n|-damage|p1a: Rillaboom|88\/100|[from] Stealth Rock\n|-fieldstart|move: Grassy Terrain|[from] ability: Grassy Surge|[of] p1a: Rillaboom\n|turn|31\n|\n|t:|1700552326\n|move|p1a: Rillaboom|Knock Off|p2a: Moltres\n|-damage|p2a: Moltres|0 fnt\n|-enditem|p2a: Moltres|Heavy-Duty Boots|[from] move: Knock Off|[of] p1a: Rillaboom\n|faint|p2a: Moltres\n|\n|-heal|p1a: Rillaboom|94\/100|[from] Grassy Terrain\n|upkeep\n|\n|t:|1700552328\n|switch|p2a: Dragapult|Dragapult, F, tera:Ghost|100\/100\n|-damage|p2a: Dragapult|88\/100|[from] Spikes\n|turn|32\n|\n|t:|1700552333\n|move|p1a: Rillaboom|Grassy Glide|p2a: Dragapult\n|-damage|p2a: Dragapult|36\/100\n|move|p2a: Dragapult|Dragon Darts|p1a: Rillaboom\n|-damage|p1a: Rillaboom|53\/100\n|-anim|p2a: Dragapult|Dragon Darts|p1a: Rillaboom\n|-damage|p1a: Rillaboom|10\/100\n|\n|-heal|p2a: Dragapult|42\/100|[from] Grassy Terrain\n|-heal|p1a: Rillaboom|16\/100|[from] Grassy Terrain\n|upkeep\n|turn|33\n|\n|t:|1700552341\n|move|p1a: Rillaboom|Grassy Glide|p2a: Dragapult\n|-damage|p2a: Dragapult|0 fnt\n|faint|p2a: Dragapult\n|\n|win|Atrix MJ\n|raw|Atrix MJ's rating: 1444 &rarr; <strong>1464<\/strong><br \/>(+20 for winning)\n|raw|Chieftaco33's rating: 1446 &rarr; <strong>1426<\/strong><br \/>(-20 for losing)\n|l|\u2606Chieftaco33\n","uploadtime":1700552345,"views":8,"p1id":"atrixmj","p2id":"chieftaco33","formatid":"gen9ou","rating":1426,"private":0,"password":""}