{"id":"gen9ou-1994878483","p1":"DiscoKnight","p2":"mattamus","format":"[Gen 9] OU","log":"|j|\u2606DiscoKnight\n|j|\u2606mattamus\n|t:|1700501045\n|gametype|singles\n|player|p1|DiscoKnight|flannery|1142\n|player|p2|mattamus|zinnia|1222\n|teamsize|p1|6\n|teamsize|p2|6\n|gen|9\n|tier|[Gen 9] OU\n|rated|\n|rule|Sleep Clause Mod: Limit one foe put to sleep\n|rule|Species Clause: Limit one of each Pok\u00e9mon\n|rule|OHKO Clause: OHKO moves are banned\n|rule|Evasion Items Clause: Evasion items are banned\n|rule|Evasion Moves Clause: Evasion moves are banned\n|rule|Endless Battle Clause: Forcing endless battles is banned\n|rule|HP Percentage Mod: HP is shown in percentages\n|clearpoke\n|poke|p1|Crawdaunt, F|\n|poke|p1|Corviknight, F|\n|poke|p1|Cinderace, M|\n|poke|p1|Landorus-Therian, M|\n|poke|p1|Zapdos|\n|poke|p1|Slowking-Galar, F|\n|poke|p2|Zapdos|\n|poke|p2|Overqwil, M|\n|poke|p2|Pelipper, M|\n|poke|p2|Quagsire, M|\n|poke|p2|Frosmoth, M|\n|poke|p2|Lilligant-Hisui, F|\n|teampreview\n|\n|t:|1700501052\n|start\n|switch|p1a: Landorus|Landorus-Therian, M|100\/100\n|switch|p2a: Pelipper|Pelipper, M|100\/100\n|-ability|p1a: Landorus|Intimidate|boost\n|-unboost|p2a: Pelipper|atk|1\n|-weather|RainDance|[from] ability: Drizzle|[of] p2a: Pelipper\n|turn|1\n|\n|t:|1700501063\n|switch|p1a: Slowking|Slowking-Galar, F|100\/100\n|switch|p2a: Quagsire|Quagsire, M|100\/100\n|\n|-weather|RainDance|[upkeep]\n|upkeep\n|turn|2\n|\n|t:|1700501073\n|move|p2a: Quagsire|Earthquake|p1a: Slowking\n|-supereffective|p1a: Slowking\n|-damage|p1a: Slowking|43\/100\n|move|p1a: Slowking|Chilly Reception|p1a: Slowking\n|-weather|Snow\n|\n|t:|1700501076\n|switch|p1a: Landorus|Landorus-Therian, M|100\/100|[from] Chilly Reception\n|-ability|p1a: Landorus|Intimidate|boost\n|-unboost|p2a: Quagsire|atk|1\n|\n|-weather|Snow|[upkeep]\n|upkeep\n|turn|3\n|\n|t:|1700501084\n|move|p1a: Landorus|Grass Knot|p2a: Quagsire\n|-supereffective|p2a: Quagsire\n|-damage|p2a: Quagsire|19\/100\n|move|p2a: Quagsire|Liquidation|p1a: Landorus\n|-supereffective|p1a: Landorus\n|-damage|p1a: Landorus|76\/100\n|-damage|p2a: Quagsire|3\/100|[from] item: Rocky Helmet|[of] p1a: Landorus\n|\n|-weather|Snow|[upkeep]\n|upkeep\n|turn|4\n|\n|t:|1700501093\n|move|p1a: Landorus|U-turn|p2a: Quagsire\n|-damage|p2a: Quagsire|0 fnt\n|faint|p2a: Quagsire\n|\n|t:|1700501098\n|switch|p1a: Cinderace|Cinderace, M|100\/100|[from] U-turn\n|\n|-weather|Snow|[upkeep]\n|upkeep\n|\n|t:|1700501109\n|switch|p2a: Pelipper|Pelipper, M|100\/100\n|-weather|RainDance|[from] ability: Drizzle|[of] p2a: Pelipper\n|turn|5\n|\n|t:|1700501113\n|move|p1a: Cinderace|U-turn|p2a: Pelipper\n|-resisted|p2a: Pelipper\n|-damage|p2a: Pelipper|92\/100\n|\n|t:|1700501115\n|switch|p1a: Slowking|Slowking-Galar, F|76\/100|[from] U-turn\n|move|p2a: Pelipper|Tailwind|p2a: Pelipper\n|-sidestart|p2: mattamus|move: Tailwind\n|\n|-weather|RainDance|[upkeep]\n|-heal|p1a: Slowking|82\/100|[from] item: Black Sludge\n|upkeep\n|turn|6\n|\n|t:|1700501119\n|move|p2a: Pelipper|U-turn|p1a: Slowking\n|-damage|p1a: Slowking|73\/100\n|\n|t:|1700501129\n|switch|p2a: Overqwil|Overqwil, M|100\/100|[from] U-turn\n|move|p1a: Slowking|Chilly Reception|p1a: Slowking\n|-weather|Snow\n|\n|t:|1700501139\n|switch|p1a: Landorus|Landorus-Therian, M|76\/100|[from] Chilly Reception\n|-ability|p1a: Landorus|Intimidate|boost\n|-unboost|p2a: Overqwil|atk|1\n|\n|-weather|Snow|[upkeep]\n|upkeep\n|turn|7\n|\n|t:|1700501147\n|switch|p2a: Pelipper|Pelipper, M|92\/100\n|-weather|RainDance|[from] ability: Drizzle|[of] p2a: Pelipper\n|move|p1a: Landorus|Stealth Rock|p2a: Pelipper\n|-sidestart|p2: mattamus|move: Stealth Rock\n|\n|-weather|RainDance|[upkeep]\n|upkeep\n|turn|8\n|\n|t:|1700501152\n|move|p2a: Pelipper|Hurricane|p1a: Landorus\n|-damage|p1a: Landorus|35\/100\n|move|p1a: Landorus|U-turn|p2a: Pelipper\n|-resisted|p2a: Pelipper\n|-damage|p2a: Pelipper|83\/100\n|\n|t:|1700501157\n|switch|p1a: Zapdos|Zapdos|100\/100|[from] U-turn\n|-ability|p1a: Zapdos|Pressure\n|\n|-weather|RainDance|[upkeep]\n|-sideend|p2: mattamus|move: Tailwind\n|upkeep\n|turn|9\n|\n|t:|1700501165\n|switch|p2a: Lilligant|Lilligant-Hisui, F|100\/100\n|-damage|p2a: Lilligant|94\/100|[from] Stealth Rock\n|move|p1a: Zapdos|Volt Switch|p2a: Lilligant\n|-resisted|p2a: Lilligant\n|-damage|p2a: Lilligant|68\/100\n|\n|t:|1700501169\n|switch|p1a: Cinderace|Cinderace, M|100\/100|[from] Volt Switch\n|\n|-weather|RainDance|[upkeep]\n|upkeep\n|turn|10\n|\n|t:|1700501190\n|move|p1a: Cinderace|U-turn|p2a: Lilligant\n|-damage|p2a: Lilligant|32\/100\n|\n|t:|1700501195\n|switch|p1a: Landorus|Landorus-Therian, M|35\/100|[from] U-turn\n|-ability|p1a: Landorus|Intimidate|boost\n|-unboost|p2a: Lilligant|atk|1\n|move|p2a: Lilligant|Victory Dance|p2a: Lilligant\n|-boost|p2a: Lilligant|atk|1\n|-boost|p2a: Lilligant|def|1\n|-boost|p2a: Lilligant|spe|1\n|\n|-weather|RainDance|[upkeep]\n|upkeep\n|turn|11\n|\n|t:|1700501201\n|move|p2a: Lilligant|Leaf Blade|p1a: Landorus\n|-damage|p1a: Landorus|0 fnt\n|-damage|p2a: Lilligant|16\/100|[from] item: Rocky Helmet|[of] p1a: Landorus\n|faint|p1a: Landorus\n|\n|-weather|RainDance|[upkeep]\n|upkeep\n|\n|t:|1700501220\n|switch|p1a: Terrance|Crawdaunt, F|100\/100\n|turn|12\n|\n|t:|1700501227\n|move|p1a: Terrance|Aqua Jet|p2a: Lilligant\n|-resisted|p2a: Lilligant\n|-damage|p2a: Lilligant|0 fnt\n|faint|p2a: Lilligant\n|\n|-weather|RainDance|[upkeep]\n|upkeep\n|\n|t:|1700501231\n|switch|p2a: Zapdos|Zapdos|100\/100\n|-damage|p2a: Zapdos|76\/100|[from] Stealth Rock\n|turn|13\n|\n|t:|1700501262\n|switch|p1a: Slowking|Slowking-Galar, F|100\/100\n|move|p2a: Zapdos|Thunder|p1a: Slowking\n|-damage|p1a: Slowking|51\/100\n|-status|p1a: Slowking|par\n|\n|-weather|RainDance|[upkeep]\n|-heal|p1a: Slowking|57\/100 par|[from] item: Black Sludge\n|upkeep\n|turn|14\n|\n|t:|1700501291\n|move|p2a: Zapdos|Thunder|p1a: Slowking\n|-damage|p1a: Slowking|5\/100 par\n|move|p1a: Slowking|Chilly Reception|p1a: Slowking\n|-weather|Snow\n|\n|t:|1700501320\n|switch|p1a: Terrance|Crawdaunt, F|100\/100|[from] Chilly Reception\n|\n|-weather|Snow|[upkeep]\n|upkeep\n|turn|15\n|\n|t:|1700501328\n|switch|p2a: Pelipper|Pelipper, M|83\/100\n|-damage|p2a: Pelipper|59\/100|[from] Stealth Rock\n|-weather|RainDance|[from] ability: Drizzle|[of] p2a: Pelipper\n|switch|p1a: Slowking|Slowking-Galar, F|38\/100 par\n|\n|-weather|RainDance|[upkeep]\n|-heal|p1a: Slowking|44\/100 par|[from] item: Black Sludge\n|upkeep\n|turn|16\n|\n|t:|1700501349\n|move|p2a: Pelipper|Surf|p1a: Slowking\n|-damage|p1a: Slowking|18\/100 par\n|move|p1a: Slowking|Chilly Reception|p1a: Slowking\n|-weather|Snow\n|\n|t:|1700501355\n|switch|p1a: Zapdos|Zapdos|100\/100|[from] Chilly Reception\n|-ability|p1a: Zapdos|Pressure\n|\n|-weather|Snow|[upkeep]\n|upkeep\n|turn|17\n|\n|t:|1700501371\n|switch|p2a: Overqwil|Overqwil, M|100\/100\n|-damage|p2a: Overqwil|88\/100|[from] Stealth Rock\n|move|p1a: Zapdos|Volt Switch|p2a: Overqwil\n|-damage|p2a: Overqwil|33\/100\n|\n|t:|1700501396\n|switch|p1a: Cinderace|Cinderace, M|100\/100|[from] Volt Switch\n|\n|-weather|Snow|[upkeep]\n|-heal|p2a: Overqwil|39\/100|[from] item: Leftovers\n|upkeep\n|turn|18\n|\n|t:|1700501407\n|move|p1a: Cinderace|Pyro Ball|p2a: Overqwil\n|-damage|p2a: Overqwil|0 fnt\n|faint|p2a: Overqwil\n|\n|-weather|Snow|[upkeep]\n|upkeep\n|\n|t:|1700501414\n|switch|p2a: Frosmoth|Frosmoth, M|100\/100\n|turn|19\n|\n|t:|1700501417\n|-terastallize|p2a: Frosmoth|Water\n|move|p1a: Cinderace|Pyro Ball|p2a: Frosmoth\n|-resisted|p2a: Frosmoth\n|-damage|p2a: Frosmoth|44\/100\n|move|p2a: Frosmoth|Quiver Dance|p2a: Frosmoth\n|-boost|p2a: Frosmoth|spa|1\n|-boost|p2a: Frosmoth|spd|1\n|-boost|p2a: Frosmoth|spe|1\n|\n|-weather|Snow|[upkeep]\n|upkeep\n|turn|20\n|\n|t:|1700501430\n|move|p1a: Cinderace|Pyro Ball|p2a: Frosmoth\n|-resisted|p2a: Frosmoth\n|-damage|p2a: Frosmoth|0 fnt\n|faint|p2a: Frosmoth\n|\n|-weather|none\n|upkeep\n|\n|t:|1700501434\n|switch|p2a: Pelipper|Pelipper, M|59\/100\n|-damage|p2a: Pelipper|34\/100|[from] Stealth Rock\n|-weather|RainDance|[from] ability: Drizzle|[of] p2a: Pelipper\n|turn|21\n|\n|t:|1700501436\n|move|p1a: Cinderace|U-turn|p2a: Pelipper\n|-resisted|p2a: Pelipper\n|-damage|p2a: Pelipper|26\/100\n|\n|t:|1700501438\n|switch|p1a: Slowking|Slowking-Galar, F|51\/100 par|[from] U-turn\n|move|p2a: Pelipper|Surf|p1a: Slowking\n|-damage|p1a: Slowking|23\/100 par\n|\n|-weather|RainDance|[upkeep]\n|-heal|p1a: Slowking|29\/100 par|[from] item: Black Sludge\n|upkeep\n|turn|22\n|\n|t:|1700501444\n|move|p2a: Pelipper|Hurricane|p1a: Slowking\n|-damage|p1a: Slowking|6\/100 par\n|move|p1a: Slowking|Chilly Reception|p1a: Slowking\n|-weather|Snow\n|\n|t:|1700501448\n|switch|p1a: Zapdos|Zapdos|100\/100|[from] Chilly Reception\n|-ability|p1a: Zapdos|Pressure\n|\n|-weather|Snow|[upkeep]\n|upkeep\n|turn|23\n|\n|t:|1700501453\n|switch|p2a: Zapdos|Zapdos|76\/100\n|-damage|p2a: Zapdos|51\/100|[from] Stealth Rock\n|move|p1a: Zapdos|Volt Switch|p2a: Zapdos\n|-damage|p2a: Zapdos|7\/100\n|\n|t:|1700501455\n|switch|p1a: Terrance|Crawdaunt, F|100\/100|[from] Volt Switch\n|\n|-weather|Snow|[upkeep]\n|upkeep\n|turn|24\n|\n|t:|1700501463\n|move|p1a: Terrance|Aqua Jet|p2a: Zapdos\n|-damage|p2a: Zapdos|0 fnt\n|faint|p2a: Zapdos\n|\n|-weather|Snow|[upkeep]\n|upkeep\n|\n|t:|1700501464\n|switch|p2a: Pelipper|Pelipper, M|26\/100\n|-damage|p2a: Pelipper|1\/100|[from] Stealth Rock\n|-weather|RainDance|[from] ability: Drizzle|[of] p2a: Pelipper\n|turn|25\n|\n|t:|1700501467\n|move|p1a: Terrance|Aqua Jet|p2a: Pelipper\n|-resisted|p2a: Pelipper\n|-damage|p2a: Pelipper|0 fnt\n|faint|p2a: Pelipper\n|\n|win|DiscoKnight\n|raw|DiscoKnight's rating: 1142 &rarr; <strong>1173<\/strong><br \/>(+31 for winning)\n|raw|mattamus's rating: 1222 &rarr; <strong>1191<\/strong><br \/>(-31 for losing)\n","uploadtime":1700501475,"views":13,"p1id":"discoknight","p2id":"mattamus","formatid":"gen9ou","rating":1173,"private":0,"password":""}