{"id":"gen9ou-1997284226","p1":"Heihachi Mishima","p2":"Atomicbevo","format":"[Gen 9] OU","log":"|j|\u2606Heihachi Mishima\n|j|\u2606Atomicbevo\n|t:|1700784520\n|gametype|singles\n|player|p1|Heihachi Mishima|bruno-gen2|1496\n|player|p2|Atomicbevo|zinnia|1422\n|teamsize|p1|6\n|teamsize|p2|6\n|gen|9\n|tier|[Gen 9] OU\n|rated|\n|rule|Sleep Clause Mod: Limit one foe put to sleep\n|rule|Species Clause: Limit one of each Pok\u00e9mon\n|rule|OHKO Clause: OHKO moves are banned\n|rule|Evasion Items Clause: Evasion items are banned\n|rule|Evasion Moves Clause: Evasion moves are banned\n|rule|Endless Battle Clause: Forcing endless battles is banned\n|rule|HP Percentage Mod: HP is shown in percentages\n|clearpoke\n|poke|p1|Brambleghast, M|\n|poke|p1|Azumarill, F|\n|poke|p1|Hoopa-Unbound|\n|poke|p1|Corviknight, M|\n|poke|p1|Tornadus, M|\n|poke|p1|Great Tusk|\n|poke|p2|Gholdengo|\n|poke|p2|Iron Valiant|\n|poke|p2|Samurott-Hisui, F|\n|poke|p2|Great Tusk|\n|poke|p2|Dragonite, M|\n|poke|p2|Kingambit, M|\n|teampreview\n|inactive|Battle timer is ON: inactive players will automatically lose when time's up. (requested by Heihachi Mishima)\n|inactive|Heihachi Mishima has 120 seconds left.\n|inactive|Heihachi Mishima has 90 seconds left.\n|\n|t:|1700784582\n|start\n|switch|p1a: Gan Fall|Tornadus, M, shiny|100\/100\n|switch|p2a: Samurott|Samurott-Hisui, F|100\/100\n|turn|1\n|\n|t:|1700784590\n|move|p1a: Gan Fall|Focus Blast|p2a: Samurott\n|-supereffective|p2a: Samurott\n|-damage|p2a: Samurott|0 fnt\n|faint|p2a: Samurott\n|\n|upkeep\n|\n|t:|1700784597\n|switch|p2a: Dragonite|Dragonite, M|100\/100\n|turn|2\n|\n|t:|1700784617\n|move|p1a: Gan Fall|Taunt|p2a: Dragonite\n|-start|p2a: Dragonite|move: Taunt\n|cant|p2a: Dragonite|move: Taunt|Dragon Dance\n|\n|upkeep\n|turn|3\n|\n|t:|1700784625\n|move|p1a: Gan Fall|Tailwind|p1a: Gan Fall\n|-sidestart|p1: Heihachi Mishima|move: Tailwind\n|move|p2a: Dragonite|Ice Spinner|p1a: Gan Fall\n|-supereffective|p1a: Gan Fall\n|-damage|p1a: Gan Fall|24\/100\n|-enditem|p1a: Gan Fall|Eject Button\n|inactive|Heihachi Mishima has 120 seconds left.\n|\n|t:|1700784656\n|switch|p1a: Carrot|Azumarill, F|100\/100\n|\n|upkeep\n|turn|4\n|\n|t:|1700784663\n|switch|p2a: Gholdengo|Gholdengo|100\/100\n|move|p1a: Carrot|Belly Drum|p1a: Carrot\n|-damage|p1a: Carrot|50\/100\n|-setboost|p1a: Carrot|atk|6|[from] move: Belly Drum\n|-enditem|p1a: Carrot|Sitrus Berry|[eat]\n|-heal|p1a: Carrot|75\/100|[from] item: Sitrus Berry\n|\n|upkeep\n|turn|5\n|\n|t:|1700784670\n|-terastallize|p1a: Carrot|Water\n|move|p1a: Carrot|Aqua Jet|p2a: Gholdengo\n|-damage|p2a: Gholdengo|0 fnt\n|faint|p2a: Gholdengo\n|\n|upkeep\n|\n|t:|1700784691\n|switch|p2a: Great Tusk|Great Tusk|100\/100\n|turn|6\n|inactive|Atomicbevo has 120 seconds left.\n|inactive|Heihachi Mishima has 120 seconds left.\n|\n|t:|1700784721\n|move|p1a: Carrot|Aqua Jet|p2a: Great Tusk\n|-supereffective|p2a: Great Tusk\n|-damage|p2a: Great Tusk|0 fnt\n|faint|p2a: Great Tusk\n|-end|p2a: Great Tusk|Protosynthesis|[silent]\n|\n|-sideend|p1: Heihachi Mishima|move: Tailwind\n|upkeep\n|\n|t:|1700784724\n|switch|p2a: Iron Valiant|Iron Valiant|100\/100\n|-enditem|p2a: Iron Valiant|Booster Energy\n|-activate|p2a: Iron Valiant|ability: Quark Drive|[fromitem]\n|-start|p2a: Iron Valiant|quarkdrivespe\n|turn|7\n|\n|t:|1700784726\n|move|p1a: Carrot|Aqua Jet|p2a: Iron Valiant\n|-damage|p2a: Iron Valiant|0 fnt\n|faint|p2a: Iron Valiant\n|-end|p2a: Iron Valiant|Quark Drive|[silent]\n|\n|upkeep\n|\n|t:|1700784728\n|switch|p2a: Dragonite|Dragonite, M|100\/100\n|turn|8\n|\n|t:|1700784746\n|move|p2a: Dragonite|Earthquake|p1a: Carrot\n|-damage|p1a: Carrot|38\/100\n|move|p1a: Carrot|Play Rough|p2a: Dragonite\n|-supereffective|p2a: Dragonite\n|-damage|p2a: Dragonite|0 fnt\n|faint|p2a: Dragonite\n|\n|upkeep\n|\n|t:|1700784752\n|switch|p2a: Kingambit|Kingambit, M|100\/100\n|-activate|p2a: Kingambit|ability: Supreme Overlord\n|-start|p2a: Kingambit|fallen5|[silent]\n|turn|9\n|\n|t:|1700784756\n|move|p1a: Carrot|Aqua Jet|p2a: Kingambit\n|-damage|p2a: Kingambit|8\/100\n|move|p2a: Kingambit|Sucker Punch||[still]\n|-fail|p2a: Kingambit\n|\n|upkeep\n|turn|10\n|-message|Atomicbevo forfeited.\n|\n|win|Heihachi Mishima\n|raw|Heihachi Mishima's rating: 1477 &rarr; <strong>1494<\/strong><br \/>(+17 for winning)\n|raw|Atomicbevo's rating: 1422 &rarr; <strong>1405<\/strong><br \/>(-17 for losing)\n|l|\u2606Atomicbevo\n","uploadtime":1700784764,"views":3,"p1id":"heihachimishima","p2id":"atomicbevo","formatid":"gen9ou","rating":1405,"private":0,"password":""}