{"id":"gen9ou-1988943623","p1":"kompoppy","p2":"Sniverdrill","format":"[Gen 9] OU","log":"|j|\u2606kompoppy\n|j|\u2606Sniverdrill\n|t:|1699792162\n|gametype|singles\n|player|p1|kompoppy|gentleman|1024\n|player|p2|Sniverdrill|miriam|1133\n|teamsize|p1|6\n|teamsize|p2|6\n|gen|9\n|tier|[Gen 9] OU\n|rated|\n|rule|Sleep Clause Mod: Limit one foe put to sleep\n|rule|Species Clause: Limit one of each Pok\u00e9mon\n|rule|OHKO Clause: OHKO moves are banned\n|rule|Evasion Items Clause: Evasion items are banned\n|rule|Evasion Moves Clause: Evasion moves are banned\n|rule|Endless Battle Clause: Forcing endless battles is banned\n|rule|HP Percentage Mod: HP is shown in percentages\n|clearpoke\n|poke|p1|Torkoal, F|\n|poke|p1|Walking Wake|\n|poke|p1|Gholdengo|\n|poke|p1|Hatterene, F|\n|poke|p1|Blissey, F|\n|poke|p1|Iron Moth|\n|poke|p2|Hatterene, F|\n|poke|p2|Cinderace, F|\n|poke|p2|Ogerpon-Wellspring, F|\n|poke|p2|Kingambit, M|\n|poke|p2|Tyranitar, F|\n|poke|p2|Landorus-Therian, M|\n|teampreview\n|inactive|Battle timer is ON: inactive players will automatically lose when time's up. (requested by Sniverdrill)\n|\n|t:|1699792174\n|start\n|switch|p1a: Hatterene|Hatterene, F|100\/100\n|switch|p2a: Landorus|Landorus-Therian, M|100\/100\n|-ability|p2a: Landorus|Intimidate|boost\n|-unboost|p1a: Hatterene|atk|1\n|turn|1\n|\n|t:|1699792183\n|move|p2a: Landorus|U-turn|p1a: Hatterene\n|-crit|p1a: Hatterene\n|-damage|p1a: Hatterene|66\/100\n|\n|t:|1699792198\n|switch|p2a: Ogerpon|Ogerpon-Wellspring, F|100\/100|[from] U-turn\n|move|p1a: Hatterene|Trick||[still]\n|-fail|p1a: Hatterene\n|\n|-status|p1a: Hatterene|tox|[from] item: Toxic Orb\n|upkeep\n|turn|2\n|\n|t:|1699792211\n|switch|p2a: Kingambit|Kingambit, M, shiny|100\/100\n|move|p1a: Hatterene|Trick|p2a: Kingambit\n|-activate|p1a: Hatterene|move: Trick|[of] p2a: Kingambit\n|-item|p2a: Kingambit|Toxic Orb|[from] move: Trick\n|-item|p1a: Hatterene|Choice Band|[from] move: Trick\n|\n|-damage|p1a: Hatterene|60\/100 tox|[from] psn\n|upkeep\n|turn|3\n|\n|t:|1699792224\n|move|p2a: Kingambit|Kowtow Cleave|p1a: Hatterene\n|-damage|p1a: Hatterene|16\/100 tox\n|move|p1a: Hatterene|Draining Kiss|p2a: Kingambit\n|-damage|p2a: Kingambit|75\/100\n|-heal|p1a: Hatterene|45\/100 tox|[from] drain|[of] p2a: Kingambit\n|\n|-damage|p1a: Hatterene|33\/100 tox|[from] psn\n|upkeep\n|turn|4\n|\n|t:|1699792238\n|move|p2a: Kingambit|Kowtow Cleave|p1a: Hatterene\n|-damage|p1a: Hatterene|0 fnt\n|faint|p1a: Hatterene\n|\n|upkeep\n|\n|t:|1699792242\n|switch|p1a: Blissey|Blissey, F|100\/100\n|turn|5\n|\n|t:|1699792252\n|move|p2a: Kingambit|Low Kick|p1a: Blissey\n|-supereffective|p1a: Blissey\n|-damage|p1a: Blissey|62\/100\n|move|p1a: Blissey|Dazzling Gleam|p2a: Kingambit\n|-damage|p2a: Kingambit|55\/100\n|\n|upkeep\n|turn|6\n|\n|t:|1699792262\n|-end|p2a: Kingambit|fallenundefined|[silent]\n|switch|p2a: Landorus|Landorus-Therian, M|100\/100\n|-ability|p2a: Landorus|Intimidate|boost\n|-unboost|p1a: Blissey|atk|1\n|move|p1a: Blissey|Soft-Boiled|p1a: Blissey\n|-heal|p1a: Blissey|100\/100\n|\n|upkeep\n|turn|7\n|\n|t:|1699792271\n|move|p2a: Landorus|Stealth Rock|p1a: Blissey\n|-sidestart|p1: kompoppy|move: Stealth Rock\n|move|p1a: Blissey|Solar Beam||[still]\n|-prepare|p1a: Blissey|Solar Beam\n|-enditem|p1a: Blissey|Power Herb\n|-anim|p1a: Blissey|Solar Beam|p2a: Landorus\n|-damage|p2a: Landorus|70\/100\n|\n|upkeep\n|turn|8\n|\n|t:|1699792279\n|move|p2a: Landorus|Earthquake|p1a: Blissey\n|-damage|p1a: Blissey|55\/100\n|move|p1a: Blissey|Thief|p2a: Landorus\n|-damage|p2a: Landorus|68\/100\n|-damage|p1a: Blissey|38\/100|[from] item: Rocky Helmet|[of] p2a: Landorus\n|-enditem|p2a: Landorus|Rocky Helmet|[silent]|[from] move: Thief|[of] p1a: Blissey\n|-item|p1a: Blissey|Rocky Helmet|[from] move: Thief|[of] p2a: Landorus\n|\n|upkeep\n|turn|9\n|\n|t:|1699792287\n|move|p2a: Landorus|Earthquake|p1a: Blissey\n|-damage|p1a: Blissey|0 fnt\n|faint|p1a: Blissey\n|\n|upkeep\n|\n|t:|1699792294\n|switch|p1a: Walking Wake|Walking Wake|100\/100\n|-damage|p1a: Walking Wake|88\/100|[from] Stealth Rock\n|turn|10\n|\n|t:|1699792313\n|switch|p2a: Ogerpon|Ogerpon-Wellspring, F|100\/100\n|move|p1a: Walking Wake|Dragon Pulse|p2a: Ogerpon\n|-damage|p2a: Ogerpon|56\/100\n|\n|upkeep\n|turn|11\n|\n|t:|1699792320\n|move|p1a: Walking Wake|Dragon Pulse|p2a: Ogerpon\n|-damage|p2a: Ogerpon|9\/100\n|move|p2a: Ogerpon|Horn Leech|p1a: Walking Wake\n|-damage|p1a: Walking Wake|31\/100\n|-heal|p2a: Ogerpon|39\/100|[from] drain|[of] p1a: Walking Wake\n|\n|upkeep\n|turn|12\n|\n|t:|1699792328\n|switch|p2a: Hatterene|Hatterene, F, shiny|100\/100\n|move|p1a: Walking Wake|Dragon Pulse|p2a: Hatterene\n|-immune|p2a: Hatterene\n|\n|upkeep\n|turn|13\n|\n|t:|1699792341\n|-end|p1a: Walking Wake|Protosynthesis|[silent]\n|switch|p1a: Iron Moth|Iron Moth|100\/100\n|-damage|p1a: Iron Moth|76\/100|[from] Stealth Rock\n|-enditem|p1a: Iron Moth|Booster Energy\n|-activate|p1a: Iron Moth|ability: Quark Drive|[fromitem]\n|-start|p1a: Iron Moth|quarkdrivespa\n|move|p2a: Hatterene|Dazzling Gleam|p1a: Iron Moth\n|-resisted|p1a: Iron Moth\n|-damage|p1a: Iron Moth|57\/100\n|\n|upkeep\n|turn|14\n|\n|t:|1699792359\n|switch|p2a: Landorus|Landorus-Therian, M|68\/100\n|-ability|p2a: Landorus|Intimidate|boost\n|-unboost|p1a: Iron Moth|atk|1\n|move|p1a: Iron Moth|Bug Buzz|p2a: Landorus\n|-resisted|p2a: Landorus\n|-damage|p2a: Landorus|45\/100\n|\n|upkeep\n|turn|15\n|\n|t:|1699792368\n|move|p1a: Iron Moth|Fiery Dance|p2a: Landorus\n|-damage|p2a: Landorus|0 fnt\n|faint|p2a: Landorus\n|\n|upkeep\n|\n|t:|1699792377\n|switch|p2a: Tyranitar|Tyranitar, F|100\/100\n|-weather|Sandstorm|[from] ability: Sand Stream|[of] p2a: Tyranitar\n|turn|16\n|\n|t:|1699792383\n|move|p1a: Iron Moth|Energy Ball|p2a: Tyranitar\n|-supereffective|p2a: Tyranitar\n|-damage|p2a: Tyranitar|61\/100\n|move|p2a: Tyranitar|Dragon Dance|p2a: Tyranitar\n|-boost|p2a: Tyranitar|atk|1\n|-boost|p2a: Tyranitar|spe|1\n|\n|-weather|Sandstorm|[upkeep]\n|-damage|p1a: Iron Moth|51\/100|[from] Sandstorm\n|-heal|p2a: Tyranitar|67\/100|[from] item: Leftovers\n|upkeep\n|turn|17\n|\n|t:|1699792394\n|move|p1a: Iron Moth|Toxic|p2a: Tyranitar\n|-status|p2a: Tyranitar|tox\n|move|p2a: Tyranitar|Rock Slide|p1a: Iron Moth|[miss]\n|-miss|p2a: Tyranitar|p1a: Iron Moth\n|\n|-weather|Sandstorm|[upkeep]\n|-damage|p1a: Iron Moth|45\/100|[from] Sandstorm\n|-heal|p2a: Tyranitar|73\/100 tox|[from] item: Leftovers\n|-damage|p2a: Tyranitar|67\/100 tox|[from] psn\n|upkeep\n|turn|18\n|\n|t:|1699792406\n|move|p1a: Iron Moth|Energy Ball|p2a: Tyranitar\n|-supereffective|p2a: Tyranitar\n|-damage|p2a: Tyranitar|26\/100 tox\n|move|p2a: Tyranitar|Rock Slide|p1a: Iron Moth|[miss]\n|-miss|p2a: Tyranitar|p1a: Iron Moth\n|\n|-weather|Sandstorm|[upkeep]\n|-damage|p1a: Iron Moth|39\/100|[from] Sandstorm\n|-heal|p2a: Tyranitar|32\/100 tox|[from] item: Leftovers\n|-damage|p2a: Tyranitar|20\/100 tox|[from] psn\n|upkeep\n|turn|19\n|c|\u2606Sniverdrill|Bruh\n|\n|t:|1699792419\n|move|p1a: Iron Moth|Energy Ball|p2a: Tyranitar\n|-supereffective|p2a: Tyranitar\n|-damage|p2a: Tyranitar|0 fnt\n|faint|p2a: Tyranitar\n|\n|-weather|Sandstorm|[upkeep]\n|-damage|p1a: Iron Moth|33\/100|[from] Sandstorm\n|upkeep\n|c|\u2606kompoppy|unlucky\n|c|\u2606kompoppy|u shouldve killed\n|\n|t:|1699792427\n|switch|p2a: Kingambit|Kingambit, M, shiny|55\/100\n|-activate|p2a: Kingambit|ability: Supreme Overlord\n|-start|p2a: Kingambit|fallen2|[silent]\n|turn|20\n|\n|t:|1699792433\n|move|p2a: Kingambit|Sucker Punch|p1a: Iron Moth\n|-damage|p1a: Iron Moth|0 fnt\n|faint|p1a: Iron Moth\n|-end|p1a: Iron Moth|Quark Drive|[silent]\n|\n|-weather|none\n|upkeep\n|\n|t:|1699792437\n|switch|p1a: Torkoal|Torkoal, F|100\/100\n|-damage|p1a: Torkoal|76\/100|[from] Stealth Rock\n|-weather|SunnyDay|[from] ability: Drought|[of] p1a: Torkoal\n|turn|21\n|\n|t:|1699792447\n|-end|p2a: Kingambit|fallen2|[silent]\n|switch|p2a: Hatterene|Hatterene, F, shiny|100\/100\n|move|p1a: Torkoal|Body Press|p2a: Hatterene\n|-resisted|p2a: Hatterene\n|-damage|p2a: Hatterene|93\/100\n|\n|-weather|SunnyDay|[upkeep]\n|-heal|p1a: Torkoal|82\/100|[from] item: Leftovers\n|upkeep\n|turn|22\n|\n|t:|1699792460\n|move|p2a: Hatterene|Trick|p1a: Torkoal\n|-activate|p2a: Hatterene|move: Trick|[of] p1a: Torkoal\n|-item|p1a: Torkoal|Choice Specs|[from] move: Trick\n|-item|p2a: Hatterene|Leftovers|[from] move: Trick\n|move|p1a: Torkoal|Clear Smog|p2a: Hatterene\n|-supereffective|p2a: Hatterene\n|-damage|p2a: Hatterene|61\/100\n|-clearboost|p2a: Hatterene\n|\n|-weather|SunnyDay|[upkeep]\n|-heal|p2a: Hatterene|67\/100|[from] item: Leftovers\n|upkeep\n|turn|23\n|\n|t:|1699792473\n|move|p2a: Hatterene|Nuzzle|p1a: Torkoal\n|-damage|p1a: Torkoal|78\/100\n|-status|p1a: Torkoal|par\n|move|p1a: Torkoal|Clear Smog|p2a: Hatterene\n|-supereffective|p2a: Hatterene\n|-damage|p2a: Hatterene|37\/100\n|-clearboost|p2a: Hatterene\n|\n|-weather|SunnyDay|[upkeep]\n|-heal|p2a: Hatterene|43\/100|[from] item: Leftovers\n|upkeep\n|turn|24\n|\n|t:|1699792485\n|switch|p2a: Kingambit|Kingambit, M, shiny|55\/100\n|-activate|p2a: Kingambit|ability: Supreme Overlord\n|-start|p2a: Kingambit|fallen2|[silent]\n|move|p1a: Torkoal|Clear Smog|p2a: Kingambit\n|-immune|p2a: Kingambit\n|\n|-weather|SunnyDay|[upkeep]\n|upkeep\n|turn|25\n|\n|t:|1699792496\n|switch|p1a: Walking Wake|Walking Wake|31\/100\n|-damage|p1a: Walking Wake|19\/100|[from] Stealth Rock\n|-activate|p1a: Walking Wake|ability: Protosynthesis\n|-start|p1a: Walking Wake|protosynthesisspa\n|move|p2a: Kingambit|Kowtow Cleave|p1a: Walking Wake\n|-damage|p1a: Walking Wake|0 fnt\n|faint|p1a: Walking Wake\n|-end|p1a: Walking Wake|Protosynthesis|[silent]\n|\n|-weather|none\n|upkeep\n|\n|t:|1699792508\n|switch|p1a: Gholdengo|Gholdengo|100\/100\n|-damage|p1a: Gholdengo|94\/100|[from] Stealth Rock\n|turn|26\n|\n|t:|1699792517\n|-terastallize|p1a: Gholdengo|Steel\n|move|p1a: Gholdengo|Dazzling Gleam|p2a: Kingambit\n|-damage|p2a: Kingambit|23\/100\n|move|p2a: Kingambit|Kowtow Cleave|p1a: Gholdengo\n|-damage|p1a: Gholdengo|35\/100\n|\n|upkeep\n|turn|27\n|\n|t:|1699792526\n|move|p2a: Kingambit|Sucker Punch|p1a: Gholdengo\n|-damage|p1a: Gholdengo|0 fnt\n|faint|p1a: Gholdengo\n|\n|upkeep\n|\n|t:|1699792530\n|switch|p1a: Torkoal|Torkoal, F|78\/100 par\n|-damage|p1a: Torkoal|53\/100 par|[from] Stealth Rock\n|-weather|SunnyDay|[from] ability: Drought|[of] p1a: Torkoal\n|turn|28\n|\n|t:|1699792542\n|move|p2a: Kingambit|Sucker Punch|p1a: Torkoal\n|-damage|p1a: Torkoal|21\/100 par\n|move|p1a: Torkoal|Clear Smog|p2a: Kingambit\n|-immune|p2a: Kingambit\n|\n|-weather|SunnyDay|[upkeep]\n|upkeep\n|turn|29\n|c|\u2606kompoppy|gg\n|c|\u2606Sniverdrill|Gg\n|\n|t:|1699792556\n|move|p2a: Kingambit|Sucker Punch|p1a: Torkoal\n|-damage|p1a: Torkoal|0 fnt\n|faint|p1a: Torkoal\n|\n|win|Sniverdrill\n|raw|kompoppy's rating: 1024 &rarr; <strong>1015<\/strong><br \/>(-9 for losing)\n|raw|Sniverdrill's rating: 1133 &rarr; <strong>1150<\/strong><br \/>(+17 for winning)\n|l|\u2606kompoppy\n","uploadtime":1699792590,"views":8,"p1id":"kompoppy","p2id":"sniverdrill","formatid":"gen9ou","rating":1015,"private":0,"password":""}