{"id":"gen9ou-1999522495","p1":"boaby","p2":"Eucalipto69!","format":"[Gen 9] OU","log":"|j|\u2606boaby\n|j|\u2606Eucalipto69!\n|t:|1701092184\n|gametype|singles\n|player|p1|boaby|102|1619\n|player|p2|Eucalipto69!|alder|1735\n|teamsize|p1|6\n|teamsize|p2|6\n|gen|9\n|tier|[Gen 9] OU\n|rated|\n|rule|Sleep Clause Mod: Limit one foe put to sleep\n|rule|Species Clause: Limit one of each Pok\u00e9mon\n|rule|OHKO Clause: OHKO moves are banned\n|rule|Evasion Items Clause: Evasion items are banned\n|rule|Evasion Moves Clause: Evasion moves are banned\n|rule|Endless Battle Clause: Forcing endless battles is banned\n|rule|HP Percentage Mod: HP is shown in percentages\n|clearpoke\n|poke|p1|Slowking-Galar, F|\n|poke|p1|Alomomola, M|\n|poke|p1|Cinderace, M|\n|poke|p1|Kingambit, M|\n|poke|p1|Dragapult, F|\n|poke|p1|Thundurus-Therian, M|\n|poke|p2|Scizor, M|\n|poke|p2|Dragapult, F|\n|poke|p2|Kilowattrel, F|\n|poke|p2|Samurott-Hisui, F|\n|poke|p2|Great Tusk|\n|poke|p2|Ogerpon-Cornerstone, F|\n|teampreview\n|\n|t:|1701092193\n|start\n|switch|p1a: Dragapult|Dragapult, F|100\/100\n|switch|p2a: Dragapult|Dragapult, F|100\/100\n|turn|1\n|inactive|Battle timer is ON: inactive players will automatically lose when time's up. (requested by boaby)\n|\n|t:|1701092198\n|move|p2a: Dragapult|Dragon Darts|p1a: Dragapult\n|-supereffective|p1a: Dragapult\n|-damage|p1a: Dragapult|48\/100\n|-anim|p2a: Dragapult|Dragon Darts|p1a: Dragapult\n|-supereffective|p1a: Dragapult\n|-crit|p1a: Dragapult\n|-damage|p1a: Dragapult|0 fnt\n|faint|p1a: Dragapult\n|\n|upkeep\n|\n|t:|1701092208\n|switch|p1a: Kingambit|Kingambit, M|100\/100\n|-activate|p1a: Kingambit|ability: Supreme Overlord\n|-start|p1a: Kingambit|fallen1|[silent]\n|turn|2\n|\n|t:|1701092213\n|move|p2a: Dragapult|Will-O-Wisp|p1a: Kingambit\n|-status|p1a: Kingambit|brn\n|move|p1a: Kingambit|Iron Head|p2a: Dragapult\n|-damage|p2a: Dragapult|68\/100\n|\n|-heal|p2a: Dragapult|74\/100|[from] item: Leftovers\n|-damage|p1a: Kingambit|94\/100 brn|[from] brn\n|upkeep\n|turn|3\n|\n|t:|1701092220\n|switch|p2a: Great Tusk|Great Tusk|100\/100\n|move|p1a: Kingambit|Iron Head|p2a: Great Tusk\n|-damage|p2a: Great Tusk|89\/100\n|-damage|p1a: Kingambit|78\/100 brn|[from] item: Rocky Helmet|[of] p2a: Great Tusk\n|\n|-heal|p1a: Kingambit|84\/100 brn|[from] item: Leftovers\n|-damage|p1a: Kingambit|78\/100 brn|[from] brn\n|upkeep\n|turn|4\n|\n|t:|1701092225\n|-end|p1a: Kingambit|fallen1|[silent]\n|switch|p1a: Alomomola|Alomomola, M|100\/100\n|move|p2a: Great Tusk|Stealth Rock|p1a: Alomomola\n|-sidestart|p1: boaby|move: Stealth Rock\n|\n|upkeep\n|turn|5\n|\n|t:|1701092252\n|-end|p2a: Great Tusk|Protosynthesis|[silent]\n|switch|p2a: Dragapult|Dragapult, F|74\/100\n|move|p1a: Alomomola|Flip Turn|p2a: Dragapult\n|-resisted|p2a: Dragapult\n|-damage|p2a: Dragapult|64\/100\n|\n|t:|1701092262\n|switch|p1a: Kingambit|Kingambit, M|78\/100 brn|[from] Flip Turn\n|-damage|p1a: Kingambit|72\/100 brn|[from] Stealth Rock\n|-activate|p1a: Kingambit|ability: Supreme Overlord\n|-start|p1a: Kingambit|fallen1|[silent]\n|\n|-heal|p2a: Dragapult|70\/100|[from] item: Leftovers\n|-heal|p1a: Kingambit|78\/100 brn|[from] item: Leftovers\n|-damage|p1a: Kingambit|72\/100 brn|[from] brn\n|upkeep\n|turn|6\n|\n|t:|1701092274\n|switch|p2a: Great Tusk|Great Tusk|89\/100\n|move|p1a: Kingambit|Kowtow Cleave|p2a: Great Tusk\n|-resisted|p2a: Great Tusk\n|-damage|p2a: Great Tusk|82\/100\n|-damage|p1a: Kingambit|55\/100 brn|[from] item: Rocky Helmet|[of] p2a: Great Tusk\n|\n|-heal|p1a: Kingambit|61\/100 brn|[from] item: Leftovers\n|-damage|p1a: Kingambit|55\/100 brn|[from] brn\n|upkeep\n|turn|7\n|\n|t:|1701092277\n|-end|p1a: Kingambit|fallen1|[silent]\n|switch|p1a: Alomomola|Alomomola, M|100\/100\n|-damage|p1a: Alomomola|88\/100|[from] Stealth Rock\n|move|p2a: Great Tusk|Ice Spinner|p1a: Alomomola\n|-resisted|p1a: Alomomola\n|-damage|p1a: Alomomola|82\/100\n|-damage|p2a: Great Tusk|65\/100|[from] item: Rocky Helmet|[of] p1a: Alomomola\n|\n|upkeep\n|turn|8\n|\n|t:|1701092284\n|-end|p2a: Great Tusk|Protosynthesis|[silent]\n|switch|p2a: Dragapult|Dragapult, F|70\/100\n|move|p1a: Alomomola|Flip Turn|p2a: Dragapult\n|-resisted|p2a: Dragapult\n|-damage|p2a: Dragapult|61\/100\n|\n|t:|1701092295\n|switch|p1a: Slowking|Slowking-Galar, F|100\/100|[from] Flip Turn\n|-damage|p1a: Slowking|88\/100|[from] Stealth Rock\n|\n|-heal|p2a: Dragapult|67\/100|[from] item: Leftovers\n|-heal|p1a: Slowking|94\/100|[from] item: Leftovers\n|upkeep\n|turn|9\n|\n|t:|1701092305\n|move|p2a: Dragapult|Will-O-Wisp|p1a: Slowking\n|-status|p1a: Slowking|brn\n|move|p1a: Slowking|Toxic|p2a: Dragapult\n|-status|p2a: Dragapult|tox\n|\n|-heal|p2a: Dragapult|74\/100 tox|[from] item: Leftovers\n|-heal|p1a: Slowking|99\/100 brn|[from] item: Leftovers\n|-damage|p2a: Dragapult|67\/100 tox|[from] psn\n|-damage|p1a: Slowking|94\/100 brn|[from] brn\n|upkeep\n|turn|10\n|\n|t:|1701092310\n|move|p2a: Dragapult|Hex|p1a: Slowking\n|-supereffective|p1a: Slowking\n|-damage|p1a: Slowking|30\/100 brn\n|move|p1a: Slowking|Chilly Reception|p1a: Slowking\n|-weather|Snow\n|\n|t:|1701092319\n|switch|p1a: Kingambit|Kingambit, M|55\/100 brn|[from] Chilly Reception\n|-damage|p1a: Kingambit|49\/100 brn|[from] Stealth Rock\n|-activate|p1a: Kingambit|ability: Supreme Overlord\n|-start|p1a: Kingambit|fallen1|[silent]\n|\n|-weather|Snow|[upkeep]\n|-heal|p2a: Dragapult|74\/100 tox|[from] item: Leftovers\n|-heal|p1a: Kingambit|55\/100 brn|[from] item: Leftovers\n|-damage|p2a: Dragapult|61\/100 tox|[from] psn\n|-damage|p1a: Kingambit|49\/100 brn|[from] brn\n|upkeep\n|turn|11\n|\n|t:|1701092333\n|-end|p1a: Kingambit|fallen1|[silent]\n|switch|p1a: Alomomola|Alomomola, M|100\/100\n|-damage|p1a: Alomomola|88\/100|[from] Stealth Rock\n|move|p2a: Dragapult|Hydro Pump|p1a: Alomomola|[miss]\n|-miss|p2a: Dragapult|p1a: Alomomola\n|\n|-weather|Snow|[upkeep]\n|-heal|p2a: Dragapult|67\/100 tox|[from] item: Leftovers\n|-damage|p2a: Dragapult|49\/100 tox|[from] psn\n|upkeep\n|turn|12\n|\n|t:|1701092338\n|move|p2a: Dragapult|Will-O-Wisp|p1a: Alomomola\n|-status|p1a: Alomomola|brn\n|move|p1a: Alomomola|Flip Turn|p2a: Dragapult\n|-resisted|p2a: Dragapult\n|-damage|p2a: Dragapult|44\/100 tox\n|\n|t:|1701092344\n|switch|p1a: Kingambit|Kingambit, M|49\/100 brn|[from] Flip Turn\n|-damage|p1a: Kingambit|43\/100 brn|[from] Stealth Rock\n|-activate|p1a: Kingambit|ability: Supreme Overlord\n|-start|p1a: Kingambit|fallen1|[silent]\n|\n|-weather|Snow|[upkeep]\n|-heal|p2a: Dragapult|50\/100 tox|[from] item: Leftovers\n|-heal|p1a: Kingambit|49\/100 brn|[from] item: Leftovers\n|-damage|p2a: Dragapult|26\/100 tox|[from] psn\n|-damage|p1a: Kingambit|43\/100 brn|[from] brn\n|upkeep\n|turn|13\n|\n|t:|1701092350\n|switch|p2a: Great Tusk|Great Tusk|65\/100\n|-end|p1a: Kingambit|fallen1|[silent]\n|switch|p1a: Alomomola|Alomomola, M|100\/100 brn\n|-damage|p1a: Alomomola|88\/100 brn|[from] Stealth Rock\n|\n|-weather|Snow|[upkeep]\n|-damage|p1a: Alomomola|82\/100 brn|[from] brn\n|upkeep\n|turn|14\n|\n|t:|1701092354\n|-end|p2a: Great Tusk|Protosynthesis|[silent]\n|switch|p2a: Samurott|Samurott-Hisui, F, shiny|100\/100\n|move|p1a: Alomomola|Flip Turn|p2a: Samurott\n|-resisted|p2a: Samurott\n|-damage|p2a: Samurott|97\/100\n|\n|t:|1701092362\n|switch|p1a: Cinderace|Cinderace, M|100\/100|[from] Flip Turn\n|\n|-weather|none\n|upkeep\n|turn|15\n|\n|t:|1701092368\n|switch|p2a: Great Tusk|Great Tusk|65\/100\n|move|p1a: Cinderace|U-turn|p2a: Great Tusk\n|-start|p1a: Cinderace|typechange|Bug|[from] ability: Libero\n|-resisted|p2a: Great Tusk\n|-damage|p2a: Great Tusk|57\/100\n|-damage|p1a: Cinderace|84\/100|[from] item: Rocky Helmet|[of] p2a: Great Tusk\n|\n|t:|1701092376\n|switch|p1a: Alomomola|Alomomola, M|100\/100 brn|[from] U-turn\n|-damage|p1a: Alomomola|88\/100 brn|[from] Stealth Rock\n|\n|-damage|p1a: Alomomola|82\/100 brn|[from] brn\n|upkeep\n|turn|16\n|\n|t:|1701092382\n|-end|p2a: Great Tusk|Protosynthesis|[silent]\n|switch|p2a: Samurott|Samurott-Hisui, F, shiny|97\/100\n|move|p1a: Alomomola|Wish|p1a: Alomomola\n|\n|-damage|p1a: Alomomola|76\/100 brn|[from] brn\n|upkeep\n|turn|17\n|\n|t:|1701092389\n|move|p2a: Samurott|Ceaseless Edge|p1a: Alomomola\n|-damage|p1a: Alomomola|50\/100 brn\n|-damage|p2a: Samurott|80\/100|[from] item: Rocky Helmet|[of] p1a: Alomomola\n|-sidestart|p1: boaby|Spikes\n|move|p1a: Alomomola|Flip Turn|p2a: Samurott\n|-resisted|p2a: Samurott\n|-damage|p2a: Samurott|77\/100\n|\n|t:|1701092405\n|switch|p1a: Kingambit|Kingambit, M|43\/100 brn|[from] Flip Turn\n|-damage|p1a: Kingambit|37\/100 brn|[from] Stealth Rock\n|-damage|p1a: Kingambit|25\/100 brn|[from] Spikes\n|-activate|p1a: Kingambit|ability: Supreme Overlord\n|-start|p1a: Kingambit|fallen1|[silent]\n|\n|-heal|p1a: Kingambit|99\/100 brn|[from] move: Wish|[wisher] Alomomola\n|-heal|p1a: Kingambit|100\/100 brn|[from] item: Leftovers\n|-damage|p1a: Kingambit|94\/100 brn|[from] brn\n|upkeep\n|turn|18\n|\n|t:|1701092418\n|switch|p2a: Scizor|Scizor, M|100\/100\n|-end|p1a: Kingambit|fallen1|[silent]\n|switch|p1a: Alomomola|Alomomola, M|84\/100 brn\n|-damage|p1a: Alomomola|71\/100 brn|[from] Stealth Rock\n|-damage|p1a: Alomomola|59\/100 brn|[from] Spikes\n|\n|-damage|p1a: Alomomola|53\/100 brn|[from] brn\n|upkeep\n|turn|19\n|\n|t:|1701092423\n|move|p1a: Alomomola|Flip Turn|p2a: Scizor\n|-damage|p2a: Scizor|93\/100\n|\n|t:|1701092428\n|switch|p1a: Cinderace|Cinderace, M|84\/100|[from] Flip Turn\n|move|p2a: Scizor|Knock Off|p1a: Cinderace\n|-damage|p1a: Cinderace|33\/100\n|-enditem|p1a: Cinderace|Heavy-Duty Boots|[from] move: Knock Off|[of] p2a: Scizor\n|\n|upkeep\n|turn|20\n|\n|t:|1701092436\n|switch|p2a: Great Tusk|Great Tusk|57\/100\n|move|p1a: Cinderace|Court Change|p1a: Cinderace\n|-start|p1a: Cinderace|typechange|Normal|[from] ability: Libero\n|-swapsideconditions\n|-activate|p1a: Cinderace|move: Court Change\n|\n|upkeep\n|turn|21\n|\n|t:|1701092441\n|move|p1a: Cinderace|U-turn|p2a: Great Tusk\n|-resisted|p2a: Great Tusk\n|-damage|p2a: Great Tusk|53\/100\n|-damage|p1a: Cinderace|16\/100|[from] item: Rocky Helmet|[of] p2a: Great Tusk\n|\n|t:|1701092445\n|switch|p1a: Alomomola|Alomomola, M|86\/100 brn|[from] U-turn\n|move|p2a: Great Tusk|Rapid Spin|p1a: Alomomola\n|-damage|p1a: Alomomola|78\/100 brn\n|-boost|p2a: Great Tusk|spe|1\n|-damage|p2a: Great Tusk|36\/100|[from] item: Rocky Helmet|[of] p1a: Alomomola\n|-sideend|p2: Eucalipto69!|Spikes|[from] move: Rapid Spin|[of] p2a: Great Tusk\n|-sideend|p2: Eucalipto69!|Stealth Rock|[from] move: Rapid Spin|[of] p2a: Great Tusk\n|\n|-damage|p1a: Alomomola|72\/100 brn|[from] brn\n|upkeep\n|turn|22\n|\n|t:|1701092453\n|move|p2a: Great Tusk|Stealth Rock|p1a: Alomomola\n|-sidestart|p1: boaby|move: Stealth Rock\n|move|p1a: Alomomola|Flip Turn|p2a: Great Tusk\n|-supereffective|p2a: Great Tusk\n|-damage|p2a: Great Tusk|28\/100\n|-damage|p1a: Alomomola|55\/100 brn|[from] item: Rocky Helmet|[of] p2a: Great Tusk\n|\n|t:|1701092471\n|switch|p1a: Thundurus|Thundurus-Therian, M|100\/100|[from] Flip Turn\n|-damage|p1a: Thundurus|75\/100|[from] Stealth Rock\n|\n|upkeep\n|turn|23\n|\n|t:|1701092477\n|-end|p2a: Great Tusk|Protosynthesis|[silent]\n|switch|p2a: Kilowattrel|Kilowattrel, F|100\/100\n|-terastallize|p1a: Thundurus|Flying\n|move|p1a: Thundurus|Tera Blast|p2a: Kilowattrel|[anim] Tera Blast Flying\n|-resisted|p2a: Kilowattrel\n|-damage|p2a: Kilowattrel|40\/100\n|\n|upkeep\n|turn|24\n|\n|t:|1701092494\n|-terastallize|p2a: Kilowattrel|Ice\n|move|p2a: Kilowattrel|Tera Blast|p1a: Thundurus|[anim] Tera Blast Ice\n|-supereffective|p1a: Thundurus\n|-damage|p1a: Thundurus|0 fnt\n|faint|p1a: Thundurus\n|\n|upkeep\n|c|\u2606boaby|scarf kilowattrel\n|c|\u2606boaby|damn wasnt expecting that\n|\n|t:|1701092522\n|switch|p1a: Alomomola|Alomomola, M|89\/100 brn\n|-damage|p1a: Alomomola|76\/100 brn|[from] Stealth Rock\n|turn|25\n|\n|t:|1701092532\n|switch|p2a: Dragapult|Dragapult, F|26\/100 tox\n|move|p1a: Alomomola|Flip Turn|p2a: Dragapult\n|-resisted|p2a: Dragapult\n|-damage|p2a: Dragapult|21\/100 tox\n|\n|t:|1701092542\n|switch|p1a: Kingambit|Kingambit, M|94\/100 brn|[from] Flip Turn\n|-damage|p1a: Kingambit|88\/100 brn|[from] Stealth Rock\n|-activate|p1a: Kingambit|ability: Supreme Overlord\n|-start|p1a: Kingambit|fallen2|[silent]\n|\n|-heal|p2a: Dragapult|27\/100 tox|[from] item: Leftovers\n|-heal|p1a: Kingambit|94\/100 brn|[from] item: Leftovers\n|-damage|p2a: Dragapult|21\/100 tox|[from] psn\n|-damage|p1a: Kingambit|88\/100 brn|[from] brn\n|upkeep\n|turn|26\n|\n|t:|1701092553\n|-end|p1a: Kingambit|fallen2|[silent]\n|switch|p1a: Alomomola|Alomomola, M|100\/100 brn\n|-damage|p1a: Alomomola|88\/100 brn|[from] Stealth Rock\n|move|p2a: Dragapult|Hydro Pump|p1a: Alomomola\n|-resisted|p1a: Alomomola\n|-damage|p1a: Alomomola|68\/100 brn\n|\n|-heal|p2a: Dragapult|27\/100 tox|[from] item: Leftovers\n|-damage|p2a: Dragapult|15\/100 tox|[from] psn\n|-damage|p1a: Alomomola|62\/100 brn|[from] brn\n|upkeep\n|turn|27\n|\n|t:|1701092559\n|move|p2a: Dragapult|Hex|p1a: Alomomola\n|-damage|p1a: Alomomola|0 fnt\n|faint|p1a: Alomomola\n|\n|-heal|p2a: Dragapult|21\/100 tox|[from] item: Leftovers\n|-damage|p2a: Dragapult|3\/100 tox|[from] psn\n|upkeep\n|\n|t:|1701092562\n|switch|p1a: Cinderace|Cinderace, M|16\/100\n|-damage|p1a: Cinderace|0 fnt|[from] Stealth Rock\n|faint|p1a: Cinderace\n|-message|boaby forfeited.\n|\n|win|Eucalipto69!\n|raw|boaby's rating: 1619 &rarr; <strong>1605<\/strong><br \/>(-14 for losing)\n|raw|Eucalipto69!'s rating: 1735 &rarr; <strong>1749<\/strong><br \/>(+14 for winning)\n|l|\u2606boaby\n","uploadtime":1701092581,"views":11,"p1id":"boaby","p2id":"eucalipto69","formatid":"gen9ou","rating":1605,"private":0,"password":""}