{"id":"gen9ou-1988719863","p1":"CJCOMIX","p2":"luiscbc","format":"[Gen 9] OU","log":"|j|\u2606CJCOMIX\n|j|\u2606luiscbc\n|t:|1699754610\n|gametype|singles\n|player|p1|CJCOMIX|ingo|1289\n|player|p2|luiscbc|101|1237\n|teamsize|p1|6\n|teamsize|p2|6\n|gen|9\n|tier|[Gen 9] OU\n|rated|\n|rule|Sleep Clause Mod: Limit one foe put to sleep\n|rule|Species Clause: Limit one of each Pok\u00e9mon\n|rule|OHKO Clause: OHKO moves are banned\n|rule|Evasion Items Clause: Evasion items are banned\n|rule|Evasion Moves Clause: Evasion moves are banned\n|rule|Endless Battle Clause: Forcing endless battles is banned\n|rule|HP Percentage Mod: HP is shown in percentages\n|clearpoke\n|poke|p1|Greninja-*, M|\n|poke|p1|Thundurus-Therian, M|\n|poke|p1|Torkoal, M|\n|poke|p1|Great Tusk|\n|poke|p1|Breloom, M|\n|poke|p1|Ceruledge, F|\n|poke|p2|Okidogi, M|\n|poke|p2|Ceruledge, M|\n|poke|p2|Umbreon, M|\n|poke|p2|Munkidori, M|\n|poke|p2|Torkoal, F|\n|poke|p2|Typhlosion-Hisui, F|\n|teampreview\n|inactive|Battle timer is ON: inactive players will automatically lose when time's up. (requested by luiscbc)\n|\n|t:|1699754627\n|start\n|switch|p1a: Devious divinity|Thundurus-Therian, M|100\/100\n|switch|p2a: Okidogi|Okidogi, M|100\/100\n|turn|1\n|\n|t:|1699754636\n|switch|p2a: Umbreon|Umbreon, M|100\/100\n|move|p1a: Devious divinity|Substitute|p1a: Devious divinity\n|-start|p1a: Devious divinity|Substitute\n|-damage|p1a: Devious divinity|76\/100\n|\n|-heal|p1a: Devious divinity|82\/100|[from] item: Leftovers\n|upkeep\n|turn|2\n|\n|t:|1699754646\n|move|p1a: Devious divinity|Nasty Plot|p1a: Devious divinity\n|-boost|p1a: Devious divinity|spa|2\n|move|p2a: Umbreon|Foul Play|p1a: Devious divinity\n|-end|p1a: Devious divinity|Substitute\n|\n|-heal|p1a: Devious divinity|88\/100|[from] item: Leftovers\n|upkeep\n|turn|3\n|\n|t:|1699754658\n|move|p1a: Devious divinity|Thunderbolt|p2a: Umbreon\n|-damage|p2a: Umbreon|50\/100\n|move|p2a: Umbreon|Toxic|p1a: Devious divinity\n|-status|p1a: Devious divinity|tox\n|\n|-heal|p1a: Devious divinity|94\/100 tox|[from] item: Leftovers\n|-heal|p2a: Umbreon|56\/100|[from] item: Leftovers\n|-damage|p1a: Devious divinity|88\/100 tox|[from] psn\n|upkeep\n|turn|4\n|\n|t:|1699754668\n|move|p1a: Devious divinity|Nasty Plot|p1a: Devious divinity\n|-boost|p1a: Devious divinity|spa|2\n|move|p2a: Umbreon|Wish|p2a: Umbreon\n|\n|-heal|p1a: Devious divinity|94\/100 tox|[from] item: Leftovers\n|-heal|p2a: Umbreon|62\/100|[from] item: Leftovers\n|-damage|p1a: Devious divinity|82\/100 tox|[from] psn\n|upkeep\n|turn|5\n|\n|t:|1699754678\n|move|p1a: Devious divinity|Thunderbolt|p2a: Umbreon\n|-damage|p2a: Umbreon|0 fnt\n|faint|p2a: Umbreon\n|\n|-heal|p1a: Devious divinity|88\/100 tox|[from] item: Leftovers\n|-damage|p1a: Devious divinity|70\/100 tox|[from] psn\n|upkeep\n|\n|t:|1699754691\n|switch|p2a: Munkidori|Munkidori, M|100\/100\n|turn|6\n|\n|t:|1699754702\n|move|p2a: Munkidori|Sludge Wave|p1a: Devious divinity\n|-damage|p1a: Devious divinity|6\/100 tox\n|move|p1a: Devious divinity|Thunderbolt|p2a: Munkidori\n|-damage|p2a: Munkidori|0 fnt\n|faint|p2a: Munkidori\n|\n|-heal|p1a: Devious divinity|12\/100 tox|[from] item: Leftovers\n|-damage|p1a: Devious divinity|0 fnt|[from] psn\n|faint|p1a: Devious divinity\n|upkeep\n|\n|t:|1699754719\n|switch|p2a: Ceruledge|Ceruledge, M|100\/100\n|switch|p1a: sweaty balls|Torkoal, M|100\/100\n|-weather|SunnyDay|[from] ability: Drought|[of] p1a: sweaty balls\n|turn|7\n|\n|t:|1699754730\n|move|p2a: Ceruledge|Swords Dance|p2a: Ceruledge\n|-boost|p2a: Ceruledge|atk|2\n|move|p1a: sweaty balls|Stealth Rock|p2a: Ceruledge\n|-sidestart|p2: luiscbc|move: Stealth Rock\n|\n|-weather|SunnyDay|[upkeep]\n|upkeep\n|turn|8\n|\n|t:|1699754737\n|switch|p1a: Convert 2 ISLAM|Great Tusk|100\/100\n|-activate|p1a: Convert 2 ISLAM|ability: Protosynthesis\n|-start|p1a: Convert 2 ISLAM|protosynthesisatk\n|move|p2a: Ceruledge|Bitter Blade|p1a: Convert 2 ISLAM\n|-damage|p1a: Convert 2 ISLAM|0 fnt\n|faint|p1a: Convert 2 ISLAM\n|-end|p1a: Convert 2 ISLAM|Protosynthesis|[silent]\n|\n|-weather|SunnyDay|[upkeep]\n|upkeep\n|\n|t:|1699754742\n|switch|p1a: Ningen|Greninja, M|100\/100\n|turn|9\n|\n|t:|1699754752\n|move|p1a: Ningen|Dark Pulse|p2a: Ceruledge\n|-supereffective|p2a: Ceruledge\n|-damage|p2a: Ceruledge|14\/100\n|move|p2a: Ceruledge|Solar Blade||[still]\n|-prepare|p2a: Ceruledge|Solar Blade\n|-anim|p2a: Ceruledge|Solar Blade|p1a: Ningen\n|-supereffective|p1a: Ningen\n|-damage|p1a: Ningen|0 fnt\n|faint|p1a: Ningen\n|\n|-weather|SunnyDay|[upkeep]\n|upkeep\n|\n|t:|1699754764\n|switch|p1a: black lives matter|Ceruledge, F|100\/100\n|turn|10\n|\n|t:|1699754770\n|move|p2a: Ceruledge|Shadow Sneak|p1a: black lives matter\n|-supereffective|p1a: black lives matter\n|-damage|p1a: black lives matter|0 fnt\n|faint|p1a: black lives matter\n|\n|-weather|SunnyDay|[upkeep]\n|upkeep\n|\n|t:|1699754773\n|switch|p1a: Go to sleep bro|Breloom, M|100\/100\n|turn|11\n|\n|t:|1699754779\n|move|p2a: Ceruledge|Bitter Blade|p1a: Go to sleep bro\n|-supereffective|p1a: Go to sleep bro\n|-damage|p1a: Go to sleep bro|0 fnt\n|-heal|p2a: Ceruledge|59\/100|[from] drain|[of] p1a: Go to sleep bro\n|faint|p1a: Go to sleep bro\n|\n|-weather|none\n|upkeep\n|\n|t:|1699754780\n|switch|p1a: sweaty balls|Torkoal, M|100\/100\n|-weather|SunnyDay|[from] ability: Drought|[of] p1a: sweaty balls\n|turn|12\n|\n|t:|1699754791\n|move|p2a: Ceruledge|Bitter Blade|p1a: sweaty balls\n|-resisted|p1a: sweaty balls\n|-damage|p1a: sweaty balls|56\/100\n|-heal|p2a: Ceruledge|84\/100|[from] drain|[of] p1a: sweaty balls\n|move|p1a: sweaty balls|Lava Plume|p2a: Ceruledge\n|-resisted|p2a: Ceruledge\n|-damage|p2a: Ceruledge|65\/100\n|\n|-weather|SunnyDay|[upkeep]\n|-heal|p1a: sweaty balls|62\/100|[from] item: Leftovers\n|upkeep\n|turn|13\n|\n|t:|1699754802\n|move|p2a: Ceruledge|Bitter Blade|p1a: sweaty balls\n|-resisted|p1a: sweaty balls\n|-crit|p1a: sweaty balls\n|-damage|p1a: sweaty balls|0 fnt\n|-heal|p2a: Ceruledge|99\/100|[from] drain|[of] p1a: sweaty balls\n|faint|p1a: sweaty balls\n|\n|win|luiscbc\n|raw|CJCOMIX's rating: 1289 &rarr; <strong>1260<\/strong><br \/>(-29 for losing)\n|raw|luiscbc's rating: 1237 &rarr; <strong>1266<\/strong><br \/>(+29 for winning)\n|l|\u2606CJCOMIX\n","uploadtime":1699754836,"views":9,"p1id":"cjcomix","p2id":"luiscbc","formatid":"gen9ou","rating":1260,"private":0,"password":""}