{"id":"gen9ou-1996022212","p1":"lieb330","p2":"LuichoX","format":"[Gen 9] OU","log":"|j|\u2606lieb330\n|j|\u2606LuichoX\n|t:|1700630735\n|gametype|singles\n|player|p1|lieb330|169|\n|player|p2|LuichoX|candice|\n|teamsize|p1|6\n|teamsize|p2|6\n|gen|9\n|tier|[Gen 9] OU\n|rule|Sleep Clause Mod: Limit one foe put to sleep\n|rule|Species Clause: Limit one of each Pok\u00e9mon\n|rule|OHKO Clause: OHKO moves are banned\n|rule|Evasion Items Clause: Evasion items are banned\n|rule|Evasion Moves Clause: Evasion moves are banned\n|rule|Endless Battle Clause: Forcing endless battles is banned\n|rule|HP Percentage Mod: HP is shown in percentages\n|clearpoke\n|poke|p1|Alomomola, M|\n|poke|p1|Azelf|\n|poke|p1|Torkoal, M|\n|poke|p1|Volcanion|\n|poke|p1|Lilligant-Hisui, F|\n|poke|p1|Garganacl, M|\n|poke|p2|Uxie|\n|poke|p2|Slaking, F|\n|poke|p2|Sandy Shocks|\n|poke|p2|Munkidori, M|\n|poke|p2|Tyranitar, F|\n|poke|p2|Mandibuzz, F|\n|teampreview\n|inactive|Battle timer is ON: inactive players will automatically lose when time's up. (requested by LuichoX)\n|inactive|LuichoX has 270 seconds left.\n|\n|t:|1700630766\n|start\n|switch|p1a: Torkoal|Torkoal, M|100\/100\n|switch|p2a: Slaking|Slaking, F|100\/100\n|-weather|SunnyDay|[from] ability: Drought|[of] p1a: Torkoal\n|turn|1\n|\n|t:|1700630781\n|switch|p1a: Lilligant|Lilligant-Hisui, F|100\/100\n|move|p2a: Slaking|Knock Off|p1a: Lilligant\n|-resisted|p1a: Lilligant\n|-damage|p1a: Lilligant|54\/100\n|-enditem|p1a: Lilligant|Leftovers|[from] move: Knock Off|[of] p2a: Slaking\n|\n|-weather|SunnyDay|[upkeep]\n|upkeep\n|turn|2\n|\n|t:|1700630801\n|switch|p2a: Uxie|Uxie|100\/100\n|move|p1a: Lilligant|Close Combat|p2a: Uxie\n|-resisted|p2a: Uxie\n|-damage|p2a: Uxie|80\/100\n|-unboost|p1a: Lilligant|def|1\n|-unboost|p1a: Lilligant|spd|1\n|\n|-weather|SunnyDay|[upkeep]\n|-heal|p2a: Uxie|86\/100|[from] item: Leftovers\n|upkeep\n|turn|3\n|\n|t:|1700630828\n|switch|p1a: Azelf|Azelf|100\/100\n|move|p2a: Uxie|Calm Mind|p2a: Uxie\n|-boost|p2a: Uxie|spa|1\n|-boost|p2a: Uxie|spd|1\n|\n|-weather|SunnyDay|[upkeep]\n|-heal|p2a: Uxie|93\/100|[from] item: Leftovers\n|upkeep\n|turn|4\n|\n|t:|1700630843\n|switch|p2a: Tyranitar|Tyranitar, F|100\/100\n|-weather|Sandstorm|[from] ability: Sand Stream|[of] p2a: Tyranitar\n|move|p1a: Azelf|Thunder Wave|p2a: Tyranitar\n|-status|p2a: Tyranitar|par\n|\n|-weather|Sandstorm|[upkeep]\n|-damage|p1a: Azelf|94\/100|[from] Sandstorm\n|upkeep\n|turn|5\n|\n|t:|1700630853\n|cant|p2a: Tyranitar|par\n|move|p1a: Azelf|Trick Room|p1a: Azelf\n|-fieldstart|move: Trick Room|[of] p1a: Azelf\n|\n|-weather|Sandstorm|[upkeep]\n|-damage|p1a: Azelf|88\/100|[from] Sandstorm\n|upkeep\n|turn|6\n|\n|t:|1700630864\n|switch|p1a: Garganacl|Garganacl, M, shiny|100\/100\n|move|p2a: Tyranitar|Knock Off|p1a: Garganacl\n|-damage|p1a: Garganacl|73\/100\n|-enditem|p1a: Garganacl|Choice Band|[from] move: Knock Off|[of] p2a: Tyranitar\n|\n|-weather|Sandstorm|[upkeep]\n|upkeep\n|turn|7\n|\n|t:|1700630881\n|switch|p2a: Mandibuzz|Mandibuzz, F|100\/100\n|move|p1a: Garganacl|Earthquake|p2a: Mandibuzz\n|-immune|p2a: Mandibuzz\n|\n|-weather|Sandstorm|[upkeep]\n|upkeep\n|turn|8\n|inactive|LuichoX has 270 seconds left.\n|\n|t:|1700630914\n|move|p1a: Garganacl|Ice Punch|p2a: Mandibuzz\n|-supereffective|p2a: Mandibuzz\n|-damage|p2a: Mandibuzz|73\/100\n|move|p2a: Mandibuzz|Foul Play|p1a: Garganacl\n|-damage|p1a: Garganacl|40\/100\n|\n|-weather|none\n|upkeep\n|turn|9\n|inactive|LuichoX has 270 seconds left.\n|\n|t:|1700630927\n|move|p1a: Garganacl|Thunder Punch|p2a: Mandibuzz\n|-supereffective|p2a: Mandibuzz\n|-damage|p2a: Mandibuzz|44\/100\n|-status|p2a: Mandibuzz|par\n|move|p2a: Mandibuzz|Foul Play|p1a: Garganacl\n|-damage|p1a: Garganacl|7\/100\n|\n|-fieldend|move: Trick Room\n|upkeep\n|turn|10\n|inactive|LuichoX has 270 seconds left.\n|\n|t:|1700630942\n|switch|p1a: Alomomola|Alomomola, M|100\/100\n|switch|p2a: Uxie|Uxie|93\/100\n|\n|-heal|p2a: Uxie|99\/100|[from] item: Leftovers\n|upkeep\n|turn|11\n|\n|t:|1700630950\n|move|p2a: Uxie|Calm Mind|p2a: Uxie\n|-boost|p2a: Uxie|spa|1\n|-boost|p2a: Uxie|spd|1\n|move|p1a: Alomomola|Wish|p1a: Alomomola\n|\n|-heal|p2a: Uxie|100\/100|[from] item: Leftovers\n|upkeep\n|turn|12\n|\n|t:|1700630960\n|move|p2a: Uxie|Calm Mind|p2a: Uxie\n|-boost|p2a: Uxie|spa|1\n|-boost|p2a: Uxie|spd|1\n|move|p1a: Alomomola|Flip Turn|p2a: Uxie\n|-damage|p2a: Uxie|88\/100\n|\n|t:|1700630965\n|switch|p1a: Garganacl|Garganacl, M, shiny|7\/100|[from] Flip Turn\n|\n|-heal|p1a: Garganacl|74\/100|[from] move: Wish|[wisher] Alomomola\n|-heal|p2a: Uxie|94\/100|[from] item: Leftovers\n|upkeep\n|turn|13\n|\n|t:|1700630971\n|switch|p1a: Torkoal|Torkoal, M|100\/100\n|-weather|SunnyDay|[from] ability: Drought|[of] p1a: Torkoal\n|move|p2a: Uxie|Giga Drain|p1a: Torkoal\n|-resisted|p1a: Torkoal\n|-damage|p1a: Torkoal|76\/100\n|-heal|p2a: Uxie|100\/100|[from] drain|[of] p1a: Torkoal\n|\n|-weather|SunnyDay|[upkeep]\n|upkeep\n|turn|14\n|\n|t:|1700630982\n|move|p2a: Uxie|Calm Mind|p2a: Uxie\n|-boost|p2a: Uxie|spa|1\n|-boost|p2a: Uxie|spd|1\n|move|p1a: Torkoal|Clear Smog|p2a: Uxie\n|-damage|p2a: Uxie|97\/100\n|-clearboost|p2a: Uxie\n|\n|-weather|SunnyDay|[upkeep]\n|-heal|p2a: Uxie|100\/100|[from] item: Leftovers\n|upkeep\n|turn|15\n|\n|t:|1700630997\n|switch|p2a: Sandy Shocks|Sandy Shocks|100\/100\n|-activate|p2a: Sandy Shocks|ability: Protosynthesis\n|-start|p2a: Sandy Shocks|protosynthesisspa\n|move|p1a: Torkoal|Yawn|p2a: Sandy Shocks\n|-start|p2a: Sandy Shocks|move: Yawn|[of] p1a: Torkoal\n|\n|-weather|SunnyDay|[upkeep]\n|upkeep\n|turn|16\n|\n|t:|1700631012\n|switch|p1a: Volcanion|Volcanion|100\/100\n|move|p2a: Sandy Shocks|Volt Switch|p1a: Volcanion\n|-supereffective|p1a: Volcanion\n|-damage|p1a: Volcanion|0 fnt\n|faint|p1a: Volcanion\n|\n|t:|1700631022\n|-end|p2a: Sandy Shocks|Protosynthesis|[silent]\n|switch|p2a: Slaking|Slaking, F|100\/100|[from] Volt Switch\n|\n|-weather|SunnyDay|[upkeep]\n|upkeep\n|\n|t:|1700631037\n|switch|p1a: Azelf|Azelf|88\/100\n|turn|17\n|\n|t:|1700631045\n|move|p1a: Azelf|Thunder Wave|p2a: Slaking\n|-status|p2a: Slaking|par\n|move|p2a: Slaking|Knock Off|p1a: Azelf\n|-supereffective|p1a: Azelf\n|-damage|p1a: Azelf|0 fnt\n|-enditem|p1a: Azelf|Light Clay|[from] move: Knock Off|[of] p2a: Slaking\n|faint|p1a: Azelf\n|\n|-weather|SunnyDay|[upkeep]\n|upkeep\n|\n|t:|1700631063\n|switch|p1a: Lilligant|Lilligant-Hisui, F|54\/100\n|turn|18\n|\n|t:|1700631078\n|switch|p2a: Munkidori|Munkidori, M|100\/100\n|move|p1a: Lilligant|Solar Blade||[still]\n|-prepare|p1a: Lilligant|Solar Blade\n|-anim|p1a: Lilligant|Solar Blade|p2a: Munkidori\n|-resisted|p2a: Munkidori\n|-damage|p2a: Munkidori|64\/100\n|\n|-weather|SunnyDay|[upkeep]\n|upkeep\n|turn|19\n|inactive|lieb330 has 270 seconds left.\n|\n|t:|1700631108\n|-terastallize|p1a: Lilligant|Ghost\n|move|p1a: Lilligant|Ice Spinner|p2a: Munkidori\n|-damage|p2a: Munkidori|31\/100\n|move|p2a: Munkidori|Psychic|p1a: Lilligant\n|-damage|p1a: Lilligant|0 fnt\n|faint|p1a: Lilligant\n|\n|-weather|SunnyDay|[upkeep]\n|upkeep\n|inactive|lieb330 has 270 seconds left.\n|\n|t:|1700631118\n|switch|p1a: Torkoal|Torkoal, M|76\/100\n|turn|20\n|\n|t:|1700631125\n|switch|p2a: Tyranitar|Tyranitar, F|100\/100 par\n|-weather|Sandstorm|[from] ability: Sand Stream|[of] p2a: Tyranitar\n|move|p1a: Torkoal|Yawn||[still]\n|-fail|p1a: Torkoal\n|\n|-weather|Sandstorm|[upkeep]\n|-damage|p1a: Torkoal|70\/100|[from] Sandstorm\n|upkeep\n|turn|21\n|inactive|lieb330 has 270 seconds left.\n|\n|t:|1700631144\n|switch|p2a: Sandy Shocks|Sandy Shocks|100\/100\n|switch|p1a: Garganacl|Garganacl, M, shiny|74\/100\n|\n|-weather|Sandstorm|[upkeep]\n|upkeep\n|turn|22\n|inactive|lieb330 has 270 seconds left.\n|\n|t:|1700631154\n|-terastallize|p2a: Sandy Shocks|Ice\n|move|p2a: Sandy Shocks|Earth Power|p1a: Garganacl\n|-supereffective|p1a: Garganacl\n|-damage|p1a: Garganacl|20\/100\n|move|p1a: Garganacl|Ice Punch|p2a: Sandy Shocks\n|-resisted|p2a: Sandy Shocks\n|-damage|p2a: Sandy Shocks|87\/100\n|\n|-weather|Sandstorm|[upkeep]\n|-damage|p2a: Sandy Shocks|81\/100|[from] Sandstorm\n|upkeep\n|turn|23\n|inactive|lieb330 has 270 seconds left.\n|\n|t:|1700631167\n|move|p2a: Sandy Shocks|Volt Switch|p1a: Garganacl\n|-damage|p1a: Garganacl|0 fnt\n|faint|p1a: Garganacl\n|-message|lieb330 forfeited.\n|\n|win|LuichoX\n|l|\u2606lieb330\n","uploadtime":1700631290,"views":0,"p1id":"lieb330","p2id":"luichox","formatid":"gen9ou","rating":0,"private":0,"password":""}