{"id":"gen9ou-1990706274","p1":"congatf2","p2":"Tsav1","format":"[Gen 9] OU","log":"|j|\u2606congatf2\n|j|\u2606Tsav1\n|t:|1699993445\n|gametype|singles\n|player|p1|congatf2|266|1135\n|player|p2|Tsav1|madame|1043\n|teamsize|p1|6\n|teamsize|p2|6\n|gen|9\n|tier|[Gen 9] OU\n|rated|\n|rule|Sleep Clause Mod: Limit one foe put to sleep\n|rule|Species Clause: Limit one of each Pok\u00e9mon\n|rule|OHKO Clause: OHKO moves are banned\n|rule|Evasion Items Clause: Evasion items are banned\n|rule|Evasion Moves Clause: Evasion moves are banned\n|rule|Endless Battle Clause: Forcing endless battles is banned\n|rule|HP Percentage Mod: HP is shown in percentages\n|clearpoke\n|poke|p1|Corviknight, M|\n|poke|p1|Garganacl, F|\n|poke|p1|Alomomola, F|\n|poke|p1|Dragapult, F|\n|poke|p1|Iron Moth|\n|poke|p1|Toedscruel, M|\n|poke|p2|Haxorus, F|\n|poke|p2|Jirachi|\n|poke|p2|Garchomp, M|\n|poke|p2|Hatterene, F|\n|poke|p2|Gholdengo|\n|poke|p2|Dragonite, F|\n|teampreview\n|\n|t:|1699993452\n|start\n|switch|p1a: Toedscruel|Toedscruel, M|100\/100\n|switch|p2a: Jirachi|Jirachi|100\/100\n|turn|1\n|\n|t:|1699993467\n|switch|p2a: Hatterene|Hatterene, F, shiny|100\/100\n|move|p1a: Toedscruel|Growth|p1a: Toedscruel\n|-boost|p1a: Toedscruel|atk|1\n|-boost|p1a: Toedscruel|spa|1\n|\n|upkeep\n|turn|2\n|\n|t:|1699993486\n|move|p2a: Hatterene|Mystical Fire|p1a: Toedscruel\n|-supereffective|p1a: Toedscruel\n|-damage|p1a: Toedscruel|57\/100\n|-unboost|p1a: Toedscruel|spa|1\n|move|p1a: Toedscruel|Spore|p2a: Hatterene\n|-status|p2a: Hatterene|slp|[from] move: Spore\n|\n|-heal|p1a: Toedscruel|63\/100|[from] item: Leftovers\n|upkeep\n|turn|3\n|\n|t:|1699993499\n|cant|p2a: Hatterene|slp\n|move|p1a: Toedscruel|Growth|p1a: Toedscruel\n|-boost|p1a: Toedscruel|atk|1\n|-boost|p1a: Toedscruel|spa|1\n|\n|-heal|p1a: Toedscruel|69\/100|[from] item: Leftovers\n|upkeep\n|turn|4\n|\n|t:|1699993507\n|move|p1a: Toedscruel|Power Whip|p2a: Hatterene|[miss]\n|-miss|p1a: Toedscruel|p2a: Hatterene\n|cant|p2a: Hatterene|slp\n|\n|-heal|p1a: Toedscruel|75\/100|[from] item: Leftovers\n|upkeep\n|turn|5\n|\n|t:|1699993523\n|move|p1a: Toedscruel|Power Whip|p2a: Hatterene\n|-damage|p2a: Hatterene|21\/100 slp\n|cant|p2a: Hatterene|slp\n|\n|-heal|p1a: Toedscruel|81\/100|[from] item: Leftovers\n|-heal|p2a: Hatterene|27\/100 slp|[from] item: Leftovers\n|upkeep\n|turn|6\n|\n|t:|1699993550\n|switch|p2a: Dragonite|Dragonite, F|100\/100\n|move|p1a: Toedscruel|Earth Power|p2a: Dragonite\n|-immune|p2a: Dragonite\n|\n|-heal|p1a: Toedscruel|87\/100|[from] item: Leftovers\n|upkeep\n|turn|7\n|\n|t:|1699993563\n|switch|p1a: Dragapult|Dragapult, F|100\/100\n|move|p2a: Dragonite|Ice Spinner|p1a: Dragapult\n|-supereffective|p1a: Dragapult\n|-damage|p1a: Dragapult|10\/100\n|\n|upkeep\n|turn|8\n|\n|t:|1699993579\n|-terastallize|p2a: Dragonite|Normal\n|move|p1a: Dragapult|Dragon Darts|p2a: Dragonite\n|-damage|p2a: Dragonite|85\/100\n|-anim|p1a: Dragapult|Dragon Darts|p2a: Dragonite\n|-damage|p2a: Dragonite|54\/100\n|move|p2a: Dragonite|Dragon Dance|p2a: Dragonite\n|-boost|p2a: Dragonite|atk|1\n|-boost|p2a: Dragonite|spe|1\n|\n|upkeep\n|turn|9\n|\n|t:|1699993590\n|move|p2a: Dragonite|Earthquake|p1a: Dragapult\n|-damage|p1a: Dragapult|0 fnt\n|faint|p1a: Dragapult\n|\n|upkeep\n|inactive|Battle timer is ON: inactive players will automatically lose when time's up. (requested by Tsav1)\n|l|\u2606congatf2\n|inactive|congatf2 disconnected and has a minute to reconnect!\n|player|p1|\n|inactive|congatf2 has 30 seconds to reconnect!\n|inactive|congatf2 has 20 seconds to reconnect!\n|inactive|congatf2 has 15 seconds to reconnect!\n|inactive|congatf2 has 10 seconds to reconnect!\n|inactive|congatf2 has 5 seconds to reconnect!\n|j|\u2606congatf2\n|inactive|congatf2 reconnected and has 75 seconds left.\n|player|p1|congatf2|266\n|inactive|congatf2 has 60 seconds left.\n|\n|t:|1699993733\n|switch|p1a: Iron Moth|Iron Moth|100\/100\n|turn|10\n|\n|t:|1699993740\n|move|p1a: Iron Moth|Overheat|p2a: Dragonite\n|-damage|p2a: Dragonite|0 fnt\n|-unboost|p1a: Iron Moth|spa|2\n|faint|p2a: Dragonite\n|\n|upkeep\n|\n|t:|1699993750\n|switch|p2a: Garchomp|Garchomp, M|100\/100\n|turn|11\n|\n|t:|1699993755\n|-end|p1a: Iron Moth|Quark Drive|[silent]\n|switch|p1a: Corviknight|Corviknight, M|100\/100\n|-ability|p1a: Corviknight|Pressure\n|move|p2a: Garchomp|Earthquake|p1a: Corviknight\n|-immune|p1a: Corviknight\n|\n|upkeep\n|turn|12\n|\n|t:|1699993771\n|switch|p2a: Gholdengo|Gholdengo|100\/100\n|move|p1a: Corviknight|U-turn|p2a: Gholdengo\n|-resisted|p2a: Gholdengo\n|-damage|p2a: Gholdengo|96\/100\n|\n|t:|1699993775\n|switch|p1a: Iron Moth|Iron Moth|100\/100|[from] U-turn\n|\n|upkeep\n|turn|13\n|\n|t:|1699993790\n|switch|p2a: Haxorus|Haxorus, F|100\/100\n|-ability|p2a: Haxorus|Mold Breaker\n|move|p1a: Iron Moth|Overheat|p2a: Haxorus\n|-resisted|p2a: Haxorus\n|-damage|p2a: Haxorus|49\/100\n|-unboost|p1a: Iron Moth|spa|2\n|\n|upkeep\n|turn|14\n|\n|t:|1699993800\n|-end|p1a: Iron Moth|Quark Drive|[silent]\n|switch|p1a: Corviknight|Corviknight, M|100\/100\n|-ability|p1a: Corviknight|Pressure\n|move|p2a: Haxorus|Earthquake|p1a: Corviknight\n|-immune|p1a: Corviknight\n|\n|upkeep\n|turn|15\n|\n|t:|1699993808\n|move|p2a: Haxorus|Dragon Dance|p2a: Haxorus\n|-boost|p2a: Haxorus|atk|1\n|-boost|p2a: Haxorus|spe|1\n|move|p1a: Corviknight|U-turn|p2a: Haxorus\n|-damage|p2a: Haxorus|30\/100\n|\n|t:|1699993814\n|switch|p1a: Iron Moth|Iron Moth|100\/100|[from] U-turn\n|\n|upkeep\n|turn|16\n|\n|t:|1699993819\n|move|p1a: Iron Moth|Sludge Wave|p2a: Haxorus\n|-damage|p2a: Haxorus|0 fnt\n|faint|p2a: Haxorus\n|\n|upkeep\n|\n|t:|1699993827\n|switch|p2a: Garchomp|Garchomp, M|100\/100\n|turn|17\n|\n|t:|1699993835\n|-end|p1a: Iron Moth|Quark Drive|[silent]\n|switch|p1a: Corviknight|Corviknight, M|100\/100\n|-ability|p1a: Corviknight|Pressure\n|move|p2a: Garchomp|Swords Dance|p2a: Garchomp\n|-boost|p2a: Garchomp|atk|2\n|\n|upkeep\n|turn|18\n|\n|t:|1699993842\n|move|p2a: Garchomp|Swords Dance|p2a: Garchomp\n|-boost|p2a: Garchomp|atk|2\n|move|p1a: Corviknight|U-turn|p2a: Garchomp\n|-damage|p2a: Garchomp|86\/100\n|-damage|p1a: Corviknight|88\/100|[from] ability: Rough Skin|[of] p2a: Garchomp\n|\n|t:|1699993848\n|switch|p1a: Iron Moth|Iron Moth|100\/100|[from] U-turn\n|\n|upkeep\n|turn|19\n|\n|t:|1699993855\n|move|p1a: Iron Moth|Energy Ball|p2a: Garchomp\n|-damage|p2a: Garchomp|53\/100\n|move|p2a: Garchomp|Earthquake|p1a: Iron Moth\n|-supereffective|p1a: Iron Moth\n|-damage|p1a: Iron Moth|0 fnt\n|faint|p1a: Iron Moth\n|-end|p1a: Iron Moth|Quark Drive|[silent]\n|-damage|p2a: Garchomp|43\/100|[from] item: Life Orb\n|\n|upkeep\n|\n|t:|1699993862\n|switch|p1a: Corviknight|Corviknight, M|88\/100\n|-ability|p1a: Corviknight|Pressure\n|turn|20\n|\n|t:|1699993868\n|move|p2a: Garchomp|Swords Dance|p2a: Garchomp\n|-boost|p2a: Garchomp|atk|2\n|move|p1a: Corviknight|U-turn|p2a: Garchomp\n|-damage|p2a: Garchomp|28\/100\n|-damage|p1a: Corviknight|75\/100|[from] ability: Rough Skin|[of] p2a: Garchomp\n|\n|t:|1699993871\n|switch|p1a: Alomomola|Alomomola, F|100\/100|[from] U-turn\n|\n|upkeep\n|turn|21\n|\n|t:|1699993880\n|move|p1a: Alomomola|Protect|p1a: Alomomola\n|-singleturn|p1a: Alomomola|Protect\n|move|p2a: Garchomp|Outrage|p1a: Alomomola\n|-activate|p1a: Alomomola|move: Protect\n|\n|upkeep\n|turn|22\n|\n|t:|1699993887\n|move|p2a: Garchomp|Outrage|p1a: Alomomola\n|-damage|p1a: Alomomola|0 fnt\n|faint|p1a: Alomomola\n|-damage|p2a: Garchomp|18\/100|[from] item: Life Orb\n|\n|upkeep\n|\n|t:|1699993893\n|switch|p1a: Corviknight|Corviknight, M|75\/100\n|-ability|p1a: Corviknight|Pressure\n|turn|23\n|\n|t:|1699993898\n|move|p2a: Garchomp|Outrage|p1a: Corviknight|[from]lockedmove\n|-resisted|p1a: Corviknight\n|-damage|p1a: Corviknight|0 fnt\n|faint|p1a: Corviknight\n|-damage|p2a: Garchomp|8\/100|[from] item: Life Orb\n|\n|upkeep\n|\n|t:|1699993906\n|switch|p1a: Toedscruel|Toedscruel, M|87\/100\n|turn|24\n|\n|t:|1699993911\n|move|p2a: Garchomp|Outrage|p1a: Toedscruel|[from]lockedmove\n|-damage|p1a: Toedscruel|0 fnt\n|faint|p1a: Toedscruel\n|-damage|p2a: Garchomp|0 fnt|[from] item: Life Orb\n|faint|p2a: Garchomp\n|\n|upkeep\n|\n|t:|1699993921\n|switch|p2a: Gholdengo|Gholdengo|96\/100\n|switch|p1a: Garganacl|Garganacl, F|100\/100\n|turn|25\n|\n|t:|1699993926\n|move|p2a: Gholdengo|Focus Blast|p1a: Garganacl\n|-supereffective|p1a: Garganacl\n|-damage|p1a: Garganacl|41\/100\n|move|p1a: Garganacl|Curse|p1a: Garganacl\n|-unboost|p1a: Garganacl|spe|1\n|-boost|p1a: Garganacl|atk|1\n|-boost|p1a: Garganacl|def|1\n|\n|-heal|p1a: Garganacl|47\/100|[from] item: Leftovers\n|upkeep\n|turn|26\n|\n|t:|1699993936\n|-terastallize|p1a: Garganacl|Ghost\n|move|p2a: Gholdengo|Focus Blast|p1a: Garganacl\n|-immune|p1a: Garganacl\n|move|p1a: Garganacl|Recover|p1a: Garganacl\n|-heal|p1a: Garganacl|97\/100\n|\n|-heal|p1a: Garganacl|100\/100|[from] item: Leftovers\n|upkeep\n|turn|27\n|\n|t:|1699993948\n|switch|p2a: Jirachi|Jirachi|100\/100\n|move|p1a: Garganacl|Salt Cure|p2a: Jirachi\n|-resisted|p2a: Jirachi\n|-damage|p2a: Jirachi|91\/100\n|-start|p2a: Jirachi|Salt Cure\n|\n|-heal|p2a: Jirachi|97\/100|[from] item: Leftovers\n|-damage|p2a: Jirachi|72\/100|[from] Salt Cure\n|upkeep\n|turn|28\n|\n|t:|1699993976\n|switch|p2a: Gholdengo|Gholdengo|96\/100\n|move|p1a: Garganacl|Body Press|p2a: Gholdengo\n|-immune|p2a: Gholdengo\n|\n|upkeep\n|turn|29\n|\n|t:|1699993986\n|move|p2a: Gholdengo|Trick|p1a: Garganacl\n|-activate|p2a: Gholdengo|move: Trick|[of] p1a: Garganacl\n|-item|p1a: Garganacl|Choice Scarf|[from] move: Trick\n|-item|p2a: Gholdengo|Leftovers|[from] move: Trick\n|move|p1a: Garganacl|Salt Cure|p2a: Gholdengo\n|-resisted|p2a: Gholdengo\n|-damage|p2a: Gholdengo|85\/100\n|-start|p2a: Gholdengo|Salt Cure\n|\n|-heal|p2a: Gholdengo|91\/100|[from] item: Leftovers\n|-damage|p2a: Gholdengo|66\/100|[from] Salt Cure\n|upkeep\n|turn|30\n|\n|t:|1699993998\n|switch|p2a: Jirachi|Jirachi|72\/100\n|move|p1a: Garganacl|Salt Cure|p2a: Jirachi\n|-resisted|p2a: Jirachi\n|-damage|p2a: Jirachi|62\/100\n|-start|p2a: Jirachi|Salt Cure\n|\n|-heal|p2a: Jirachi|68\/100|[from] item: Leftovers\n|-damage|p2a: Jirachi|43\/100|[from] Salt Cure\n|upkeep\n|turn|31\n|inactive|Tsav1 has 120 seconds left.\n|\n|t:|1699994015\n|move|p2a: Jirachi|Iron Head|p1a: Garganacl\n|-damage|p1a: Garganacl|88\/100\n|move|p1a: Garganacl|Salt Cure|p2a: Jirachi\n|-resisted|p2a: Jirachi\n|-damage|p2a: Jirachi|32\/100\n|\n|-heal|p2a: Jirachi|39\/100|[from] item: Leftovers\n|-damage|p2a: Jirachi|14\/100|[from] Salt Cure\n|upkeep\n|turn|32\n|\n|t:|1699994024\n|move|p2a: Jirachi|Iron Head|p1a: Garganacl\n|-crit|p1a: Garganacl\n|-damage|p1a: Garganacl|60\/100\n|move|p1a: Garganacl|Salt Cure|p2a: Jirachi\n|-resisted|p2a: Jirachi\n|-damage|p2a: Jirachi|3\/100\n|\n|-heal|p2a: Jirachi|9\/100|[from] item: Leftovers\n|-damage|p2a: Jirachi|0 fnt|[from] Salt Cure\n|faint|p2a: Jirachi\n|upkeep\n|inactive|Tsav1 has 120 seconds left.\n|\n|t:|1699994035\n|switch|p2a: Gholdengo|Gholdengo|66\/100\n|turn|33\n|\n|t:|1699994040\n|move|p2a: Gholdengo|Shadow Ball|p1a: Garganacl\n|-supereffective|p1a: Garganacl\n|-damage|p1a: Garganacl|31\/100\n|move|p1a: Garganacl|Salt Cure|p2a: Gholdengo\n|-resisted|p2a: Gholdengo\n|-damage|p2a: Gholdengo|54\/100\n|-start|p2a: Gholdengo|Salt Cure\n|\n|-heal|p2a: Gholdengo|60\/100|[from] item: Leftovers\n|-damage|p2a: Gholdengo|36\/100|[from] Salt Cure\n|upkeep\n|turn|34\n|\n|t:|1699994051\n|move|p2a: Gholdengo|Shadow Ball|p1a: Garganacl\n|-supereffective|p1a: Garganacl\n|-damage|p1a: Garganacl|2\/100\n|move|p1a: Garganacl|Salt Cure|p2a: Gholdengo\n|-resisted|p2a: Gholdengo\n|-damage|p2a: Gholdengo|24\/100\n|\n|-heal|p2a: Gholdengo|30\/100|[from] item: Leftovers\n|-damage|p2a: Gholdengo|6\/100|[from] Salt Cure\n|upkeep\n|turn|35\n|\n|t:|1699994062\n|move|p2a: Gholdengo|Shadow Ball|p1a: Garganacl\n|-supereffective|p1a: Garganacl\n|-damage|p1a: Garganacl|0 fnt\n|faint|p1a: Garganacl\n|\n|win|Tsav1\n|raw|congatf2's rating: 1135 &rarr; <strong>1104<\/strong><br \/>(-31 for losing)\n|raw|Tsav1's rating: 1043 &rarr; <strong>1085<\/strong><br \/>(+42 for winning)\n|l|\u2606congatf2\n","uploadtime":1699994084,"views":7,"p1id":"congatf2","p2id":"tsav1","formatid":"gen9ou","rating":1085,"private":0,"password":""}