{"id":"gen9ou-1993086638","p1":"Fortune Meow","p2":"BIued","format":"[Gen 9] OU","log":"|j|\u2606Fortune Meow\n|j|\u2606BIued\n|t:|1700263183\n|gametype|singles\n|player|p1|Fortune Meow|burglar|\n|player|p2|BIued|cress|\n|teamsize|p1|6\n|teamsize|p2|6\n|gen|9\n|tier|[Gen 9] OU\n|rule|Sleep Clause Mod: Limit one foe put to sleep\n|rule|Species Clause: Limit one of each Pok\u00e9mon\n|rule|OHKO Clause: OHKO moves are banned\n|rule|Evasion Items Clause: Evasion items are banned\n|rule|Evasion Moves Clause: Evasion moves are banned\n|rule|Endless Battle Clause: Forcing endless battles is banned\n|rule|HP Percentage Mod: HP is shown in percentages\n|clearpoke\n|poke|p1|Kingambit, F|\n|poke|p1|Forretress, M|\n|poke|p1|Gyarados, M|\n|poke|p1|Qwilfish, M|\n|poke|p1|Komala, M|\n|poke|p1|Sawsbuck-Winter, F|\n|poke|p2|Jirachi|\n|poke|p2|Sableye, M|\n|poke|p2|Blissey, F|\n|poke|p2|Snorlax, F|\n|poke|p2|Qwilfish-Hisui, M|\n|poke|p2|Inteleon, F|\n|teampreview\n|inactive|Battle timer is ON: inactive players will automatically lose when time's up. (requested by Fortune Meow)\n|\n|t:|1700263189\n|start\n|switch|p1a: Sawsbuck|Sawsbuck-Winter, F|100\/100\n|switch|p2a: Blissey|Blissey, F|100\/100\n|turn|1\n|j| Yankiken\n|\n|t:|1700263194\n|move|p1a: Sawsbuck|Body Slam|p2a: Blissey\n|-damage|p2a: Blissey|41\/100\n|-status|p2a: Blissey|par\n|move|p2a: Blissey|Stealth Rock|p1a: Sawsbuck\n|-sidestart|p1: Fortune Meow|move: Stealth Rock\n|\n|upkeep\n|turn|2\n|\n|t:|1700263200\n|move|p1a: Sawsbuck|Body Slam|p2a: Blissey\n|-damage|p2a: Blissey|0 fnt\n|faint|p2a: Blissey\n|\n|upkeep\n|\n|t:|1700263204\n|switch|p2a: Sableye|Sableye, M|100\/100\n|turn|3\n|\n|t:|1700263209\n|move|p2a: Sableye|Reflect|p2a: Sableye\n|-sidestart|p2: BIued|Reflect\n|move|p1a: Sawsbuck|Light Screen|p1a: Sawsbuck\n|-sidestart|p1: Fortune Meow|move: Light Screen\n|\n|upkeep\n|turn|4\n|\n|t:|1700263214\n|move|p2a: Sableye|Will-O-Wisp|p1a: Sawsbuck\n|-status|p1a: Sawsbuck|brn\n|move|p1a: Sawsbuck|Bulldoze|p2a: Sableye\n|-damage|p2a: Sableye|96\/100\n|-unboost|p2a: Sableye|spe|1\n|\n|-damage|p1a: Sawsbuck|94\/100 brn|[from] brn\n|upkeep\n|turn|5\n|\n|t:|1700263223\n|switch|p2a: Jirachi|Jirachi|100\/100\n|move|p1a: Sawsbuck|Leech Seed|p2a: Jirachi\n|-start|p2a: Jirachi|move: Leech Seed\n|\n|-damage|p2a: Jirachi|88\/100|[from] Leech Seed|[of] p1a: Sawsbuck\n|-heal|p1a: Sawsbuck|100\/100 brn|[silent]\n|-damage|p1a: Sawsbuck|94\/100 brn|[from] brn\n|upkeep\n|turn|6\n|\n|t:|1700263229\n|switch|p2a: Sableye|Sableye, M|96\/100\n|move|p1a: Sawsbuck|Body Slam|p2a: Sableye\n|-immune|p2a: Sableye\n|\n|-damage|p1a: Sawsbuck|88\/100 brn|[from] brn\n|upkeep\n|turn|7\n|\n|t:|1700263239\n|switch|p1a: Qwilfish|Qwilfish, M|100\/100\n|-damage|p1a: Qwilfish|88\/100|[from] Stealth Rock\n|-ability|p1a: Qwilfish|Intimidate|boost\n|-unboost|p2a: Sableye|atk|1\n|move|p2a: Sableye|Foul Play|p1a: Qwilfish\n|-damage|p1a: Qwilfish|63\/100\n|-damage|p2a: Sableye|80\/100|[from] item: Rocky Helmet|[of] p1a: Qwilfish\n|\n|upkeep\n|turn|8\n|\n|t:|1700263246\n|move|p2a: Sableye|Will-O-Wisp|p1a: Qwilfish\n|-status|p1a: Qwilfish|brn\n|move|p1a: Qwilfish|Thunder Wave|p2a: Sableye\n|-status|p2a: Sableye|par\n|\n|-damage|p1a: Qwilfish|57\/100 brn|[from] brn\n|upkeep\n|turn|9\n|\n|t:|1700263252\n|move|p1a: Qwilfish|Flip Turn|p2a: Sableye\n|-crit|p2a: Sableye\n|-damage|p2a: Sableye|60\/100 par\n|\n|t:|1700263257\n|switch|p1a: Kingambit|Kingambit, F|100\/100|[from] Flip Turn\n|-damage|p1a: Kingambit|94\/100|[from] Stealth Rock\n|move|p2a: Sableye|Foul Play|p1a: Kingambit\n|-resisted|p1a: Kingambit\n|-damage|p1a: Kingambit|73\/100\n|\n|-heal|p1a: Kingambit|79\/100|[from] item: Leftovers\n|upkeep\n|turn|10\n|\n|t:|1700263272\n|switch|p2a: Inteleon|Inteleon, F|100\/100\n|move|p1a: Kingambit|Swords Dance|p1a: Kingambit\n|-boost|p1a: Kingambit|atk|2\n|\n|-heal|p1a: Kingambit|85\/100|[from] item: Leftovers\n|-sideend|p2: BIued|Reflect\n|-sideend|p1: Fortune Meow|move: Light Screen\n|upkeep\n|turn|11\n|\n|t:|1700263285\n|-terastallize|p1a: Kingambit|Water\n|move|p2a: Inteleon|Snipe Shot|p1a: Kingambit\n|-resisted|p1a: Kingambit\n|-damage|p1a: Kingambit|59\/100\n|-damage|p2a: Inteleon|91\/100|[from] item: Life Orb\n|move|p1a: Kingambit|Swords Dance|p1a: Kingambit\n|-boost|p1a: Kingambit|atk|2\n|\n|-heal|p1a: Kingambit|65\/100|[from] item: Leftovers\n|upkeep\n|turn|12\n|\n|t:|1700263294\n|move|p2a: Inteleon|Air Slash|p1a: Kingambit\n|-damage|p1a: Kingambit|33\/100\n|-damage|p2a: Inteleon|81\/100|[from] item: Life Orb\n|move|p1a: Kingambit|Kowtow Cleave|p2a: Inteleon\n|-damage|p2a: Inteleon|0 fnt\n|faint|p2a: Inteleon\n|\n|-heal|p1a: Kingambit|39\/100|[from] item: Leftovers\n|upkeep\n|\n|t:|1700263301\n|switch|p2a: Sableye|Sableye, M|60\/100 par\n|turn|13\n|\n|t:|1700263306\n|move|p2a: Sableye|Reflect|p2a: Sableye\n|-sidestart|p2: BIued|Reflect\n|move|p1a: Kingambit|Kowtow Cleave|p2a: Sableye\n|-damage|p2a: Sableye|0 fnt\n|faint|p2a: Sableye\n|\n|-heal|p1a: Kingambit|45\/100|[from] item: Leftovers\n|upkeep\n|\n|t:|1700263310\n|switch|p2a: Jirachi|Jirachi|88\/100\n|turn|14\n|\n|t:|1700263320\n|move|p2a: Jirachi|Cosmic Power|p2a: Jirachi\n|-boost|p2a: Jirachi|def|1\n|-boost|p2a: Jirachi|spd|1\n|move|p1a: Kingambit|Iron Head|p2a: Jirachi\n|-resisted|p2a: Jirachi\n|-damage|p2a: Jirachi|68\/100\n|\n|-heal|p1a: Kingambit|51\/100|[from] item: Leftovers\n|upkeep\n|turn|15\n|\n|t:|1700263335\n|move|p2a: Jirachi|Encore|p1a: Kingambit\n|-start|p1a: Kingambit|Encore\n|move|p1a: Kingambit|Iron Head|p2a: Jirachi\n|-resisted|p2a: Jirachi\n|-damage|p2a: Jirachi|47\/100\n|\n|-heal|p1a: Kingambit|58\/100|[from] item: Leftovers\n|upkeep\n|turn|16\n|\n|t:|1700263341\n|move|p2a: Jirachi|Stored Power|p1a: Kingambit\n|-damage|p1a: Kingambit|36\/100\n|move|p1a: Kingambit|Iron Head|p2a: Jirachi\n|-resisted|p2a: Jirachi\n|-damage|p2a: Jirachi|27\/100\n|\n|-heal|p1a: Kingambit|43\/100|[from] item: Leftovers\n|upkeep\n|turn|17\n|\n|t:|1700263346\n|move|p2a: Jirachi|Cosmic Power|p2a: Jirachi\n|-boost|p2a: Jirachi|def|1\n|-boost|p2a: Jirachi|spd|1\n|move|p1a: Kingambit|Iron Head|p2a: Jirachi\n|-resisted|p2a: Jirachi\n|-damage|p2a: Jirachi|13\/100\n|\n|-heal|p1a: Kingambit|49\/100|[from] item: Leftovers\n|-end|p1a: Kingambit|Encore\n|upkeep\n|turn|18\n|\n|t:|1700263356\n|move|p2a: Jirachi|Stored Power|p1a: Kingambit\n|-damage|p1a: Kingambit|17\/100\n|move|p1a: Kingambit|Iron Head|p2a: Jirachi\n|-resisted|p2a: Jirachi\n|-damage|p2a: Jirachi|0 fnt\n|faint|p2a: Jirachi\n|\n|-heal|p1a: Kingambit|23\/100|[from] item: Leftovers\n|upkeep\n|l| Yankiken\n|\n|t:|1700263362\n|switch|p2a: Snorlax|Snorlax, F|100\/100\n|turn|19\n|\n|t:|1700263367\n|move|p1a: Kingambit|Sucker Punch|p2a: Snorlax\n|-damage|p2a: Snorlax|62\/100\n|move|p2a: Snorlax|Body Slam|p1a: Kingambit\n|-damage|p1a: Kingambit|1\/100\n|\n|-heal|p1a: Kingambit|8\/100|[from] item: Leftovers\n|-heal|p2a: Snorlax|68\/100|[from] item: Leftovers\n|upkeep\n|turn|20\n|\n|t:|1700263372\n|move|p1a: Kingambit|Kowtow Cleave|p2a: Snorlax\n|-damage|p2a: Snorlax|14\/100\n|move|p2a: Snorlax|Body Slam|p1a: Kingambit\n|-damage|p1a: Kingambit|0 fnt\n|faint|p1a: Kingambit\n|-end|p1a: Kingambit|fallenundefined|[silent]\n|\n|-heal|p2a: Snorlax|20\/100|[from] item: Leftovers\n|-sideend|p2: BIued|Reflect\n|upkeep\n|\n|t:|1700263377\n|switch|p1a: Gyarados|Gyarados, M|100\/100\n|-damage|p1a: Gyarados|76\/100|[from] Stealth Rock\n|turn|21\n|\n|t:|1700263382\n|switch|p2a: Qwilfish|Qwilfish-Hisui, M|100\/100\n|-ability|p2a: Qwilfish|Intimidate|boost\n|-unboost|p1a: Gyarados|atk|1\n|move|p1a: Gyarados|Dragon Dance|p1a: Gyarados\n|-boost|p1a: Gyarados|atk|1\n|-boost|p1a: Gyarados|spe|1\n|\n|-heal|p1a: Gyarados|82\/100|[from] item: Leftovers\n|upkeep\n|turn|22\n|\n|t:|1700263392\n|move|p1a: Gyarados|Earthquake|p2a: Qwilfish\n|-supereffective|p2a: Qwilfish\n|-damage|p2a: Qwilfish|33\/100\n|move|p2a: Qwilfish|Swords Dance|p2a: Qwilfish\n|-boost|p2a: Qwilfish|atk|2\n|\n|-heal|p1a: Gyarados|88\/100|[from] item: Leftovers\n|upkeep\n|turn|23\n|\n|t:|1700263399\n|-terastallize|p2a: Qwilfish|Fairy\n|move|p1a: Gyarados|Earthquake|p2a: Qwilfish\n|-damage|p2a: Qwilfish|0 fnt\n|faint|p2a: Qwilfish\n|-ability|p1a: Gyarados|Moxie|boost\n|-boost|p1a: Gyarados|atk|1\n|\n|-heal|p1a: Gyarados|94\/100|[from] item: Leftovers\n|upkeep\n|\n|t:|1700263404\n|switch|p2a: Snorlax|Snorlax, F|20\/100\n|turn|24\n|\n|t:|1700263406\n|move|p1a: Gyarados|Waterfall|p2a: Snorlax\n|-damage|p2a: Snorlax|0 fnt\n|faint|p2a: Snorlax\n|\n|win|Fortune Meow\n","uploadtime":1700263409,"views":28,"p1id":"fortunemeow","p2id":"biued","formatid":"gen9ou","rating":0,"private":0,"password":""}