{"id":"gen9ou-1989978609","p1":"Jjjjjffi","p2":"mathismathin","format":"[Gen 9] OU","log":"|j|\u2606Jjjjjffi\n|j|\u2606mathismathin\n|t:|1699912023\n|gametype|singles\n|player|p1|Jjjjjffi|266|1608\n|player|p2|mathismathin|nate|1784\n|teamsize|p1|6\n|teamsize|p2|6\n|gen|9\n|tier|[Gen 9] OU\n|rated|\n|rule|Sleep Clause Mod: Limit one foe put to sleep\n|rule|Species Clause: Limit one of each Pok\u00e9mon\n|rule|OHKO Clause: OHKO moves are banned\n|rule|Evasion Items Clause: Evasion items are banned\n|rule|Evasion Moves Clause: Evasion moves are banned\n|rule|Endless Battle Clause: Forcing endless battles is banned\n|rule|HP Percentage Mod: HP is shown in percentages\n|clearpoke\n|poke|p1|Sandy Shocks|\n|poke|p1|Garganacl, F|\n|poke|p1|Zamazenta-*|\n|poke|p1|Ogerpon-Wellspring, F|\n|poke|p1|Skeledirge, F|\n|poke|p1|Tsareena, F|\n|poke|p2|Clefable, F|\n|poke|p2|Alomomola, M|\n|poke|p2|Blissey, F|\n|poke|p2|Clodsire, F|\n|poke|p2|Dondozo, F|\n|poke|p2|Amoonguss, M|\n|teampreview\n|inactive|Battle timer is ON: inactive players will automatically lose when time's up. (requested by Jjjjjffi)\n|j| Porycomingback\n|inactive|mathismathin has 120 seconds left.\n|j| Mooochaaaa\n|c| Mooochaaaa|yooo lets go tsareena\n|c|\u2606Jjjjjffi|Right\n|\n|t:|1699912076\n|start\n|switch|p1a: Tsareena|Tsareena, F|100\/100\n|switch|p2a: Amoonguss|Amoonguss, M|100\/100\n|turn|1\n|\n|t:|1699912080\n|move|p1a: Tsareena|Knock Off|p2a: Amoonguss\n|-damage|p2a: Amoonguss|83\/100\n|-enditem|p2a: Amoonguss|Heavy-Duty Boots|[from] move: Knock Off|[of] p1a: Tsareena\n|move|p2a: Amoonguss|Sludge Bomb|p1a: Tsareena\n|-supereffective|p1a: Tsareena\n|-damage|p1a: Tsareena|63\/100\n|\n|upkeep\n|turn|2\n|\n|t:|1699912087\n|switch|p1a: Garganacl|Garganacl, F|100\/100\n|move|p2a: Amoonguss|Sludge Bomb|p1a: Garganacl\n|-resisted|p1a: Garganacl\n|-damage|p1a: Garganacl|92\/100\n|\n|-heal|p1a: Garganacl|99\/100|[from] item: Leftovers\n|upkeep\n|turn|3\n|\n|t:|1699912089\n|move|p1a: Garganacl|Salt Cure|p2a: Amoonguss\n|-damage|p2a: Amoonguss|72\/100\n|-start|p2a: Amoonguss|Salt Cure\n|move|p2a: Amoonguss|Giga Drain|p1a: Garganacl\n|-supereffective|p1a: Garganacl\n|-damage|p1a: Garganacl|66\/100\n|-heal|p2a: Amoonguss|88\/100|[from] drain|[of] p1a: Garganacl\n|\n|-heal|p1a: Garganacl|72\/100|[from] item: Leftovers\n|-damage|p2a: Amoonguss|75\/100|[from] Salt Cure\n|upkeep\n|turn|4\n|\n|t:|1699912094\n|switch|p2a: Clefable|Clefable, F|100\/100\n|move|p1a: Garganacl|Curse|p1a: Garganacl\n|-unboost|p1a: Garganacl|spe|1\n|-boost|p1a: Garganacl|atk|1\n|-boost|p1a: Garganacl|def|1\n|\n|-heal|p1a: Garganacl|78\/100|[from] item: Leftovers\n|upkeep\n|turn|5\n|\n|t:|1699912099\n|move|p2a: Clefable|Knock Off|p1a: Garganacl\n|-damage|p1a: Garganacl|72\/100\n|-enditem|p1a: Garganacl|Leftovers|[from] move: Knock Off|[of] p2a: Clefable\n|move|p1a: Garganacl|Salt Cure|p2a: Clefable\n|-damage|p2a: Clefable|85\/100\n|-start|p2a: Clefable|Salt Cure\n|\n|-heal|p2a: Clefable|91\/100|[from] item: Leftovers\n|upkeep\n|turn|6\n|\n|t:|1699912103\n|move|p2a: Clefable|Moonblast|p1a: Garganacl\n|-damage|p1a: Garganacl|52\/100\n|-unboost|p1a: Garganacl|spa|1\n|move|p1a: Garganacl|Curse|p1a: Garganacl\n|-unboost|p1a: Garganacl|spe|1\n|-boost|p1a: Garganacl|atk|1\n|-boost|p1a: Garganacl|def|1\n|\n|-heal|p2a: Clefable|97\/100|[from] item: Leftovers\n|upkeep\n|turn|7\n|\n|t:|1699912105\n|move|p2a: Clefable|Moonblast|p1a: Garganacl\n|-damage|p1a: Garganacl|31\/100\n|move|p1a: Garganacl|Recover|p1a: Garganacl\n|-heal|p1a: Garganacl|81\/100\n|\n|-heal|p2a: Clefable|100\/100|[from] item: Leftovers\n|upkeep\n|turn|8\n|\n|t:|1699912107\n|move|p2a: Clefable|Moonblast|p1a: Garganacl\n|-damage|p1a: Garganacl|60\/100\n|move|p1a: Garganacl|Curse|p1a: Garganacl\n|-unboost|p1a: Garganacl|spe|1\n|-boost|p1a: Garganacl|atk|1\n|-boost|p1a: Garganacl|def|1\n|\n|upkeep\n|turn|9\n|\n|t:|1699912109\n|move|p2a: Clefable|Moonblast|p1a: Garganacl\n|-damage|p1a: Garganacl|41\/100\n|-unboost|p1a: Garganacl|spa|1\n|move|p1a: Garganacl|Curse|p1a: Garganacl\n|-unboost|p1a: Garganacl|spe|1\n|-boost|p1a: Garganacl|atk|1\n|-boost|p1a: Garganacl|def|1\n|\n|upkeep\n|turn|10\n|\n|t:|1699912113\n|switch|p2a: Amoonguss|Amoonguss, M|100\/100\n|move|p1a: Garganacl|Recover|p1a: Garganacl\n|-heal|p1a: Garganacl|91\/100\n|\n|upkeep\n|turn|11\n|\n|t:|1699912116\n|move|p2a: Amoonguss|Giga Drain|p1a: Garganacl\n|-supereffective|p1a: Garganacl\n|-damage|p1a: Garganacl|60\/100\n|move|p1a: Garganacl|Salt Cure|p2a: Amoonguss\n|-damage|p2a: Amoonguss|68\/100\n|-start|p2a: Amoonguss|Salt Cure\n|\n|-damage|p2a: Amoonguss|56\/100|[from] Salt Cure\n|upkeep\n|turn|12\n|\n|t:|1699912119\n|move|p2a: Amoonguss|Giga Drain|p1a: Garganacl\n|-supereffective|p1a: Garganacl\n|-damage|p1a: Garganacl|28\/100\n|-heal|p2a: Amoonguss|71\/100|[from] drain|[of] p1a: Garganacl\n|move|p1a: Garganacl|Earthquake|p2a: Amoonguss\n|-damage|p2a: Amoonguss|26\/100\n|\n|-damage|p2a: Amoonguss|14\/100|[from] Salt Cure\n|upkeep\n|turn|13\n|\n|t:|1699912132\n|switch|p1a: Sandy Shocks|Sandy Shocks|100\/100\n|-enditem|p1a: Sandy Shocks|Booster Energy\n|-activate|p1a: Sandy Shocks|ability: Protosynthesis|[fromitem]\n|-start|p1a: Sandy Shocks|protosynthesisspe\n|move|p2a: Amoonguss|Giga Drain|p1a: Sandy Shocks\n|-supereffective|p1a: Sandy Shocks\n|-damage|p1a: Sandy Shocks|48\/100\n|-heal|p2a: Amoonguss|33\/100|[from] drain|[of] p1a: Sandy Shocks\n|\n|-damage|p2a: Amoonguss|21\/100|[from] Salt Cure\n|upkeep\n|turn|14\n|\n|t:|1699912137\n|switch|p2a: Blissey|Blissey, F|100\/100\n|move|p1a: Sandy Shocks|Stealth Rock|p2a: Blissey\n|-sidestart|p2: mathismathin|move: Stealth Rock\n|\n|upkeep\n|turn|15\n|\n|t:|1699912140\n|-end|p1a: Sandy Shocks|Protosynthesis|[silent]\n|switch|p1a: Garganacl|Garganacl, F|28\/100\n|move|p2a: Blissey|Stealth Rock|p1a: Garganacl\n|-sidestart|p1: Jjjjjffi|move: Stealth Rock\n|\n|upkeep\n|turn|16\n|\n|t:|1699912147\n|move|p2a: Blissey|Seismic Toss|p1a: Garganacl\n|-damage|p1a: Garganacl|3\/100\n|move|p1a: Garganacl|Recover|p1a: Garganacl\n|-heal|p1a: Garganacl|53\/100\n|\n|upkeep\n|turn|17\n|\n|t:|1699912152\n|move|p2a: Blissey|Seismic Toss|p1a: Garganacl\n|-damage|p1a: Garganacl|29\/100\n|move|p1a: Garganacl|Recover|p1a: Garganacl\n|-heal|p1a: Garganacl|79\/100\n|\n|upkeep\n|turn|18\n|\n|t:|1699912161\n|switch|p2a: Alomomola|Alomomola, M|100\/100\n|move|p1a: Garganacl|Salt Cure|p2a: Alomomola\n|-damage|p2a: Alomomola|92\/100\n|-start|p2a: Alomomola|Salt Cure\n|\n|-damage|p2a: Alomomola|67\/100|[from] Salt Cure\n|upkeep\n|turn|19\n|\n|t:|1699912165\n|move|p2a: Alomomola|Flip Turn|p1a: Garganacl\n|-supereffective|p1a: Garganacl\n|-damage|p1a: Garganacl|56\/100\n|\n|t:|1699912167\n|switch|p2a: Amoonguss|Amoonguss, M|54\/100|[from] Flip Turn\n|-damage|p2a: Amoonguss|42\/100|[from] Stealth Rock\n|move|p1a: Garganacl|Curse|p1a: Garganacl\n|-unboost|p1a: Garganacl|spe|1\n|-boost|p1a: Garganacl|atk|1\n|-boost|p1a: Garganacl|def|1\n|\n|upkeep\n|turn|20\n|\n|t:|1699912169\n|move|p1a: Garganacl|Earthquake|p2a: Amoonguss\n|-damage|p2a: Amoonguss|17\/100\n|move|p2a: Amoonguss|Giga Drain|p1a: Garganacl\n|-supereffective|p1a: Garganacl\n|-damage|p1a: Garganacl|29\/100\n|-heal|p2a: Amoonguss|30\/100|[from] drain|[of] p1a: Garganacl\n|\n|upkeep\n|turn|21\n|\n|t:|1699912178\n|move|p1a: Garganacl|Recover|p1a: Garganacl\n|-heal|p1a: Garganacl|79\/100\n|move|p2a: Amoonguss|Giga Drain|p1a: Garganacl\n|-supereffective|p1a: Garganacl\n|-damage|p1a: Garganacl|50\/100\n|-heal|p2a: Amoonguss|43\/100|[from] drain|[of] p1a: Garganacl\n|\n|upkeep\n|turn|22\n|\n|t:|1699912182\n|move|p1a: Garganacl|Curse|p1a: Garganacl\n|-unboost|p1a: Garganacl|spe|1\n|-boost|p1a: Garganacl|atk|1\n|-boost|p1a: Garganacl|def|1\n|move|p2a: Amoonguss|Synthesis|p2a: Amoonguss\n|-heal|p2a: Amoonguss|93\/100\n|\n|upkeep\n|turn|23\n|\n|t:|1699912188\n|move|p2a: Amoonguss|Giga Drain|p1a: Garganacl\n|-supereffective|p1a: Garganacl\n|-damage|p1a: Garganacl|23\/100\n|-heal|p2a: Amoonguss|100\/100|[from] drain|[of] p1a: Garganacl\n|move|p1a: Garganacl|Salt Cure|p2a: Amoonguss\n|-damage|p2a: Amoonguss|82\/100\n|-start|p2a: Amoonguss|Salt Cure\n|\n|-damage|p2a: Amoonguss|69\/100|[from] Salt Cure\n|upkeep\n|turn|24\n|\n|t:|1699912193\n|move|p2a: Amoonguss|Giga Drain|p1a: Garganacl\n|-supereffective|p1a: Garganacl\n|-damage|p1a: Garganacl|0 fnt\n|-heal|p2a: Amoonguss|80\/100|[from] drain|[of] p1a: Garganacl\n|faint|p1a: Garganacl\n|\n|-damage|p2a: Amoonguss|68\/100|[from] Salt Cure\n|upkeep\n|\n|t:|1699912204\n|switch|p1a: Skeledirge|Skeledirge, F|100\/100\n|turn|25\n|\n|t:|1699912219\n|switch|p2a: Clodsire|Clodsire, F|100\/100\n|move|p1a: Skeledirge|Torch Song|p2a: Clodsire\n|-damage|p2a: Clodsire|84\/100\n|-boost|p1a: Skeledirge|spa|1\n|\n|upkeep\n|turn|26\n|\n|t:|1699912230\n|move|p1a: Skeledirge|Torch Song|p2a: Clodsire\n|-damage|p2a: Clodsire|67\/100\n|-boost|p1a: Skeledirge|spa|1\n|move|p2a: Clodsire|Spikes|p1a: Skeledirge\n|-sidestart|p1: Jjjjjffi|Spikes\n|\n|upkeep\n|turn|27\n|\n|t:|1699912234\n|move|p1a: Skeledirge|Shadow Ball|p2a: Clodsire\n|-damage|p2a: Clodsire|50\/100\n|move|p2a: Clodsire|Spikes|p1a: Skeledirge\n|-sidestart|p1: Jjjjjffi|Spikes\n|\n|upkeep\n|turn|28\n|\n|t:|1699912237\n|move|p1a: Skeledirge|Torch Song|p2a: Clodsire\n|-damage|p2a: Clodsire|34\/100\n|-boost|p1a: Skeledirge|spa|1\n|move|p2a: Clodsire|Recover|p2a: Clodsire\n|-heal|p2a: Clodsire|84\/100\n|\n|upkeep\n|turn|29\n|\n|t:|1699912239\n|move|p1a: Skeledirge|Will-O-Wisp|p2a: Clodsire\n|-status|p2a: Clodsire|brn\n|move|p2a: Clodsire|Spikes|p1a: Skeledirge\n|-sidestart|p1: Jjjjjffi|Spikes\n|\n|-damage|p2a: Clodsire|78\/100 brn|[from] brn\n|upkeep\n|turn|30\n|\n|t:|1699912241\n|move|p1a: Skeledirge|Torch Song|p2a: Clodsire\n|-damage|p2a: Clodsire|62\/100 brn\n|-boost|p1a: Skeledirge|spa|1\n|move|p2a: Clodsire|Poison Jab|p1a: Skeledirge\n|-resisted|p1a: Skeledirge\n|-damage|p1a: Skeledirge|96\/100\n|\n|-damage|p2a: Clodsire|56\/100 brn|[from] brn\n|upkeep\n|turn|31\n|\n|t:|1699912243\n|move|p1a: Skeledirge|Torch Song|p2a: Clodsire\n|-damage|p2a: Clodsire|38\/100 brn\n|-boost|p1a: Skeledirge|spa|1\n|move|p2a: Clodsire|Recover|p2a: Clodsire\n|-heal|p2a: Clodsire|88\/100 brn\n|\n|-damage|p2a: Clodsire|82\/100 brn|[from] brn\n|upkeep\n|turn|32\n|\n|t:|1699912246\n|move|p1a: Skeledirge|Torch Song|p2a: Clodsire\n|-damage|p2a: Clodsire|67\/100 brn\n|-boost|p1a: Skeledirge|spa|1\n|move|p2a: Clodsire|Poison Jab|p1a: Skeledirge\n|-resisted|p1a: Skeledirge\n|-damage|p1a: Skeledirge|91\/100\n|\n|-damage|p2a: Clodsire|61\/100 brn|[from] brn\n|upkeep\n|turn|33\n|\n|t:|1699912248\n|move|p1a: Skeledirge|Shadow Ball|p2a: Clodsire\n|-damage|p2a: Clodsire|44\/100 brn\n|move|p2a: Clodsire|Poison Jab|p1a: Skeledirge\n|-resisted|p1a: Skeledirge\n|-damage|p1a: Skeledirge|87\/100\n|-status|p1a: Skeledirge|psn\n|\n|-damage|p1a: Skeledirge|74\/100 psn|[from] psn\n|-damage|p2a: Clodsire|38\/100 brn|[from] brn\n|upkeep\n|turn|34\n|\n|t:|1699912251\n|move|p1a: Skeledirge|Shadow Ball|p2a: Clodsire\n|-damage|p2a: Clodsire|23\/100 brn\n|-unboost|p2a: Clodsire|spd|1\n|move|p2a: Clodsire|Recover|p2a: Clodsire\n|-heal|p2a: Clodsire|73\/100 brn\n|\n|-damage|p1a: Skeledirge|62\/100 psn|[from] psn\n|-damage|p2a: Clodsire|67\/100 brn|[from] brn\n|upkeep\n|turn|35\n|\n|t:|1699912254\n|switch|p2a: Blissey|Blissey, F|100\/100\n|move|p1a: Skeledirge|Shadow Ball|p2a: Blissey\n|-immune|p2a: Blissey\n|\n|-damage|p1a: Skeledirge|50\/100 psn|[from] psn\n|upkeep\n|turn|36\n|\n|t:|1699912263\n|switch|p2a: Clodsire|Clodsire, F|67\/100 brn\n|move|p1a: Skeledirge|Torch Song|p2a: Clodsire\n|-damage|p2a: Clodsire|50\/100 brn\n|\n|-damage|p1a: Skeledirge|37\/100 psn|[from] psn\n|-damage|p2a: Clodsire|44\/100 brn|[from] brn\n|upkeep\n|turn|37\n|\n|t:|1699912267\n|move|p1a: Skeledirge|Shadow Ball|p2a: Clodsire\n|-damage|p2a: Clodsire|29\/100 brn\n|move|p2a: Clodsire|Recover|p2a: Clodsire\n|-heal|p2a: Clodsire|79\/100 brn\n|\n|-damage|p1a: Skeledirge|25\/100 psn|[from] psn\n|-damage|p2a: Clodsire|73\/100 brn|[from] brn\n|upkeep\n|turn|38\n|\n|t:|1699912275\n|switch|p2a: Dondozo|Dondozo, F|100\/100\n|move|p1a: Skeledirge|Slack Off|p1a: Skeledirge\n|-heal|p1a: Skeledirge|75\/100 psn\n|\n|-damage|p1a: Skeledirge|63\/100 psn|[from] psn\n|upkeep\n|turn|39\n|\n|t:|1699912282\n|move|p1a: Skeledirge|Shadow Ball|p2a: Dondozo\n|-damage|p2a: Dondozo|70\/100\n|-unboost|p2a: Dondozo|spd|1\n|move|p2a: Dondozo|Waterfall|p1a: Skeledirge\n|-supereffective|p1a: Skeledirge\n|-damage|p1a: Skeledirge|12\/100 psn\n|\n|-damage|p1a: Skeledirge|0 fnt|[from] psn\n|faint|p1a: Skeledirge\n|upkeep\n|\n|t:|1699912285\n|switch|p1a: Sandy Shocks|Sandy Shocks|48\/100\n|-damage|p1a: Sandy Shocks|41\/100|[from] Stealth Rock\n|-damage|p1a: Sandy Shocks|17\/100|[from] Spikes\n|turn|40\n|\n|t:|1699912289\n|switch|p2a: Blissey|Blissey, F|100\/100\n|move|p1a: Sandy Shocks|Earth Power|p2a: Blissey\n|-damage|p2a: Blissey|89\/100\n|\n|upkeep\n|turn|41\n|\n|t:|1699912292\n|move|p1a: Sandy Shocks|Thunderbolt|p2a: Blissey\n|-damage|p2a: Blissey|76\/100\n|move|p2a: Blissey|Seismic Toss|p1a: Sandy Shocks\n|-damage|p1a: Sandy Shocks|0 fnt\n|faint|p1a: Sandy Shocks\n|-end|p1a: Sandy Shocks|Protosynthesis|[silent]\n|\n|upkeep\n|\n|t:|1699912294\n|switch|p1a: Tsareena|Tsareena, F|63\/100\n|-damage|p1a: Tsareena|50\/100|[from] Stealth Rock\n|-damage|p1a: Tsareena|25\/100|[from] Spikes\n|turn|42\n|\n|t:|1699912299\n|move|p1a: Tsareena|Rapid Spin|p2a: Blissey\n|-damage|p2a: Blissey|48\/100\n|-boost|p1a: Tsareena|spe|1\n|-sideend|p1: Jjjjjffi|Spikes|[from] move: Rapid Spin|[of] p1a: Tsareena\n|-sideend|p1: Jjjjjffi|Stealth Rock|[from] move: Rapid Spin|[of] p1a: Tsareena\n|move|p2a: Blissey|Seismic Toss|p1a: Tsareena\n|-damage|p1a: Tsareena|0 fnt\n|faint|p1a: Tsareena\n|\n|upkeep\n|\n|t:|1699912301\n|switch|p1a: Zamazenta|Zamazenta|100\/100\n|-ability|p1a: Zamazenta|Dauntless Shield|boost\n|-boost|p1a: Zamazenta|def|1\n|turn|43\n|inactive|mathismathin has 120 seconds left.\n|inactive|mathismathin has 90 seconds left.\n|\n|t:|1699912362\n|switch|p2a: Clefable|Clefable, F|100\/100\n|move|p1a: Zamazenta|Iron Defense|p1a: Zamazenta\n|-boost|p1a: Zamazenta|def|2\n|\n|upkeep\n|turn|44\n|\n|t:|1699912366\n|-terastallize|p1a: Zamazenta|Steel\n|move|p1a: Zamazenta|Heavy Slam|p2a: Clefable\n|-supereffective|p2a: Clefable\n|-damage|p2a: Clefable|8\/100\n|move|p2a: Clefable|Moonblast|p1a: Zamazenta\n|-resisted|p1a: Zamazenta\n|-damage|p1a: Zamazenta|87\/100\n|\n|-heal|p1a: Zamazenta|93\/100|[from] item: Leftovers\n|-heal|p2a: Clefable|14\/100|[from] item: Leftovers\n|upkeep\n|turn|45\n|\n|t:|1699912370\n|move|p1a: Zamazenta|Heavy Slam|p2a: Clefable\n|-supereffective|p2a: Clefable\n|-damage|p2a: Clefable|0 fnt\n|faint|p2a: Clefable\n|\n|-heal|p1a: Zamazenta|99\/100|[from] item: Leftovers\n|upkeep\n|\n|t:|1699912371\n|switch|p2a: Dondozo|Dondozo, F|70\/100\n|turn|46\n|\n|t:|1699912376\n|switch|p1a: Ogerpon|Ogerpon-Wellspring, F|100\/100\n|move|p2a: Dondozo|Body Press|p1a: Ogerpon\n|-damage|p1a: Ogerpon|63\/100\n|\n|upkeep\n|turn|47\n|\n|t:|1699912382\n|switch|p2a: Amoonguss|Amoonguss, M|100\/100\n|-damage|p2a: Amoonguss|88\/100|[from] Stealth Rock\n|move|p1a: Ogerpon|Trailblaze|p2a: Amoonguss\n|-resisted|p2a: Amoonguss\n|-damage|p2a: Amoonguss|83\/100\n|-boost|p1a: Ogerpon|spe|1\n|\n|upkeep\n|turn|48\n|\n|t:|1699912385\n|move|p1a: Ogerpon|Swords Dance|p1a: Ogerpon\n|-boost|p1a: Ogerpon|atk|2\n|move|p2a: Amoonguss|Giga Drain|p1a: Ogerpon\n|-damage|p1a: Ogerpon|37\/100\n|-heal|p2a: Amoonguss|92\/100|[from] drain|[of] p1a: Ogerpon\n|\n|upkeep\n|turn|49\n|\n|t:|1699912389\n|move|p1a: Ogerpon|Ivy Cudgel|p2a: Amoonguss\n|-resisted|p2a: Amoonguss\n|-damage|p2a: Amoonguss|51\/100\n|move|p2a: Amoonguss|Foul Play|p1a: Ogerpon\n|-crit|p1a: Ogerpon\n|-damage|p1a: Ogerpon|0 fnt\n|faint|p1a: Ogerpon\n|\n|upkeep\n|\n|t:|1699912391\n|switch|p1a: Zamazenta|Zamazenta, tera:Steel|99\/100\n|turn|50\n|\n|t:|1699912397\n|switch|p2a: Alomomola|Alomomola, M|100\/100\n|move|p1a: Zamazenta|Iron Defense|p1a: Zamazenta\n|-boost|p1a: Zamazenta|def|2\n|\n|-heal|p1a: Zamazenta|100\/100|[from] item: Leftovers\n|upkeep\n|turn|51\n|\n|t:|1699912404\n|move|p1a: Zamazenta|Body Press|p2a: Alomomola\n|-damage|p2a: Alomomola|65\/100\n|move|p2a: Alomomola|Wish|p2a: Alomomola\n|\n|upkeep\n|turn|52\n|l| Mooochaaaa\n|\n|t:|1699912410\n|move|p1a: Zamazenta|Iron Defense|p1a: Zamazenta\n|-boost|p1a: Zamazenta|def|2\n|move|p2a: Alomomola|Flip Turn|p1a: Zamazenta\n|-damage|p1a: Zamazenta|95\/100\n|\n|t:|1699912420\n|switch|p2a: Dondozo|Dondozo, F|70\/100|[from] Flip Turn\n|\n|-heal|p2a: Dondozo|100\/100|[from] move: Wish|[wisher] Alomomola\n|-heal|p1a: Zamazenta|100\/100|[from] item: Leftovers\n|upkeep\n|turn|53\n|\n|t:|1699912436\n|move|p1a: Zamazenta|Body Press|p2a: Dondozo\n|-damage|p2a: Dondozo|87\/100\n|move|p2a: Dondozo|Body Press|p1a: Zamazenta\n|-supereffective|p1a: Zamazenta\n|-damage|p1a: Zamazenta|48\/100\n|\n|-heal|p1a: Zamazenta|54\/100|[from] item: Leftovers\n|upkeep\n|turn|54\n|\n|t:|1699912441\n|move|p1a: Zamazenta|Crunch|p2a: Dondozo\n|-damage|p2a: Dondozo|76\/100\n|move|p2a: Dondozo|Body Press|p1a: Zamazenta\n|-supereffective|p1a: Zamazenta\n|-damage|p1a: Zamazenta|8\/100\n|\n|-heal|p1a: Zamazenta|14\/100|[from] item: Leftovers\n|upkeep\n|turn|55\n|j| Ahmidoush\n|\n|t:|1699912444\n|move|p1a: Zamazenta|Crunch|p2a: Dondozo\n|-damage|p2a: Dondozo|64\/100\n|move|p2a: Dondozo|Body Press|p1a: Zamazenta\n|-supereffective|p1a: Zamazenta\n|-damage|p1a: Zamazenta|0 fnt\n|faint|p1a: Zamazenta\n|\n|win|mathismathin\n|raw|Jjjjjffi's rating: 1608 &rarr; <strong>1597<\/strong><br \/>(-11 for losing)\n|raw|mathismathin's rating: 1784 &rarr; <strong>1795<\/strong><br \/>(+11 for winning)\n","uploadtime":1699912447,"views":8,"p1id":"jjjjjffi","p2id":"mathismathin","formatid":"gen9ou","rating":1597,"private":0,"password":""}