{"id":"gen9ou-1995176082","p1":"henny inna cup","p2":"rainydayshere","format":"[Gen 9] OU","log":"|j|\u2606henny inna cup\n|j|\u2606rainydayshere\n|t:|1700531110\n|gametype|singles\n|player|p1|henny inna cup|hiker-gen4|1214\n|player|p2|rainydayshere|fisherman-gen4|1130\n|teamsize|p1|6\n|teamsize|p2|6\n|gen|9\n|tier|[Gen 9] OU\n|rated|\n|rule|Sleep Clause Mod: Limit one foe put to sleep\n|rule|Species Clause: Limit one of each Pok\u00e9mon\n|rule|OHKO Clause: OHKO moves are banned\n|rule|Evasion Items Clause: Evasion items are banned\n|rule|Evasion Moves Clause: Evasion moves are banned\n|rule|Endless Battle Clause: Forcing endless battles is banned\n|rule|HP Percentage Mod: HP is shown in percentages\n|clearpoke\n|poke|p1|Okidogi, M|\n|poke|p1|Ninetales-Alola, F|\n|poke|p1|Manaphy|\n|poke|p1|Kingambit, M|\n|poke|p1|Ditto|\n|poke|p1|Dragapult, M|\n|poke|p2|Swalot, M|\n|poke|p2|Iron Treads|\n|poke|p2|Diancie|\n|poke|p2|Ceruledge, M|\n|poke|p2|Braviary-Hisui, M|\n|poke|p2|Weezing-Galar, F|\n|teampreview\n|\n|t:|1700531130\n|start\n|switch|p1a: Ninetales|Ninetales-Alola, F|100\/100\n|switch|p2a: Swalot|Swalot, M, shiny|100\/100\n|-weather|Snow|[from] ability: Snow Warning|[of] p1a: Ninetales\n|-item|p2a: Swalot|Air Balloon\n|turn|1\n|\n|t:|1700531151\n|move|p1a: Ninetales|Aurora Veil|p1a: Ninetales\n|-sidestart|p1: henny inna cup|move: Aurora Veil\n|move|p2a: Swalot|Gunk Shot|p1a: Ninetales\n|-supereffective|p1a: Ninetales\n|-damage|p1a: Ninetales|58\/100\n|\n|-weather|Snow|[upkeep]\n|upkeep\n|turn|2\n|\n|t:|1700531160\n|switch|p1a: Kingambit|Kingambit, M|100\/100\n|-item|p1a: Kingambit|Air Balloon\n|move|p2a: Swalot|Swords Dance|p2a: Swalot\n|-boost|p2a: Swalot|atk|2\n|\n|-weather|Snow|[upkeep]\n|upkeep\n|turn|3\n|\n|t:|1700531173\n|move|p1a: Kingambit|Swords Dance|p1a: Kingambit\n|-boost|p1a: Kingambit|atk|2\n|move|p2a: Swalot|Knock Off|p1a: Kingambit\n|-resisted|p1a: Kingambit\n|-damage|p1a: Kingambit|91\/100\n|-enditem|p1a: Kingambit|Air Balloon\n|\n|-weather|Snow|[upkeep]\n|upkeep\n|turn|4\n|\n|t:|1700531183\n|move|p1a: Kingambit|Iron Head|p2a: Swalot\n|-damage|p2a: Swalot|2\/100\n|-enditem|p2a: Swalot|Air Balloon\n|cant|p2a: Swalot|flinch\n|\n|-weather|Snow|[upkeep]\n|upkeep\n|turn|5\n|\n|t:|1700531191\n|move|p1a: Kingambit|Iron Head|p2a: Swalot\n|-damage|p2a: Swalot|0 fnt\n|faint|p2a: Swalot\n|\n|-weather|none\n|upkeep\n|\n|t:|1700531200\n|switch|p2a: Ceruledge|Ceruledge, M|100\/100\n|turn|6\n|j| Maxedout9\n|\n|t:|1700531210\n|move|p2a: Ceruledge|Bitter Blade|p1a: Kingambit\n|-supereffective|p1a: Kingambit\n|-damage|p1a: Kingambit|49\/100\n|move|p1a: Kingambit|Kowtow Cleave|p2a: Ceruledge\n|-supereffective|p2a: Ceruledge\n|-enditem|p2a: Ceruledge|Focus Sash\n|-damage|p2a: Ceruledge|1\/100\n|-ability|p2a: Ceruledge|Weak Armor|boost\n|-unboost|p2a: Ceruledge|def|1\n|-boost|p2a: Ceruledge|spe|2\n|\n|upkeep\n|turn|7\n|l| Maxedout9\n|\n|t:|1700531218\n|move|p1a: Kingambit|Sucker Punch|p2a: Ceruledge\n|-supereffective|p2a: Ceruledge\n|-damage|p2a: Ceruledge|0 fnt\n|faint|p2a: Ceruledge\n|\n|upkeep\n|\n|t:|1700531224\n|switch|p2a: Weezing|Weezing-Galar, F|100\/100\n|turn|8\n|j| Maxedout9\n|\n|t:|1700531247\n|move|p1a: Kingambit|Iron Head|p2a: Weezing\n|-supereffective|p2a: Weezing\n|-damage|p2a: Weezing|0 fnt\n|faint|p2a: Weezing\n|\n|-sideend|p1: henny inna cup|move: Aurora Veil\n|upkeep\n|\n|t:|1700531251\n|switch|p2a: Diancie|Diancie|100\/100\n|turn|9\n|\n|t:|1700531260\n|-terastallize|p2a: Diancie|Rock\n|move|p1a: Kingambit|Iron Head|p2a: Diancie\n|-supereffective|p2a: Diancie\n|-damage|p2a: Diancie|0 fnt\n|-damage|p1a: Kingambit|33\/100|[from] item: Rocky Helmet|[of] p2a: Diancie\n|faint|p2a: Diancie\n|\n|upkeep\n|\n|t:|1700531267\n|switch|p2a: Iron Treads|Iron Treads|100\/100\n|turn|10\n|l| Maxedout9\n|\n|t:|1700531287\n|-end|p1a: Kingambit|fallenundefined|[silent]\n|switch|p1a: Ditto|Ditto, shiny|100\/100\n|-transform|p1a: Ditto|p2a: Iron Treads|[from] ability: Imposter\n|move|p2a: Iron Treads|Body Press|p1a: Ditto\n|-supereffective|p1a: Ditto\n|-damage|p1a: Ditto|59\/100\n|\n|upkeep\n|turn|11\n|j| Maxedout9\n|\n|t:|1700531298\n|move|p1a: Ditto|High Horsepower|p2a: Iron Treads\n|-supereffective|p2a: Iron Treads\n|-damage|p2a: Iron Treads|21\/100\n|move|p2a: Iron Treads|Body Press|p1a: Ditto\n|-supereffective|p1a: Ditto\n|-damage|p1a: Ditto|19\/100\n|\n|upkeep\n|turn|12\n|\n|t:|1700531306\n|-end|p2a: Iron Treads|Quark Drive|[silent]\n|switch|p2a: Braviary|Braviary-Hisui, M|100\/100\n|move|p1a: Ditto|High Horsepower|p2a: Braviary\n|-immune|p2a: Braviary\n|\n|upkeep\n|turn|13\n|\n|t:|1700531313\n|-end|p1a: Ditto|Quark Drive|[silent]\n|switch|p1a: Dragapult|Dragapult, M|100\/100\n|move|p2a: Braviary|Calm Mind|p2a: Braviary\n|-boost|p2a: Braviary|spa|1\n|-boost|p2a: Braviary|spd|1\n|\n|upkeep\n|turn|14\n|\n|t:|1700531318\n|move|p1a: Dragapult|Thunder Wave|p2a: Braviary\n|-status|p2a: Braviary|par\n|move|p2a: Braviary|Esper Wing|p1a: Dragapult\n|-damage|p1a: Dragapult|23\/100\n|-boost|p2a: Braviary|spe|1\n|\n|upkeep\n|turn|15\n|\n|t:|1700531328\n|move|p1a: Dragapult|Hex|p2a: Braviary\n|-supereffective|p2a: Braviary\n|-crit|p2a: Braviary\n|-damage|p2a: Braviary|0 fnt\n|faint|p2a: Braviary\n|\n|upkeep\n|l|\u2606rainydayshere\n|player|p2|\n|c| Maxedout9|Lol ez\n|l| Maxedout9\n|inactive|Battle timer is ON: inactive players will automatically lose when time's up. (requested by henny inna cup)\n|j| Maxedout9\n|inactive|rainydayshere has 30 seconds to reconnect!\n|inactive|rainydayshere has 20 seconds to reconnect!\n|inactive|rainydayshere has 15 seconds to reconnect!\n|inactive|rainydayshere has 10 seconds to reconnect!\n|l| Maxedout9\n|inactive|rainydayshere has 5 seconds to reconnect!\n|-message|rainydayshere lost due to inactivity.\n|\n|win|henny inna cup\n|raw|henny inna cup's rating: 1214 &rarr; <strong>1233<\/strong><br \/>(+19 for winning)\n|raw|rainydayshere's rating: 1130 &rarr; <strong>1111<\/strong><br \/>(-19 for losing)\n","uploadtime":1700531661,"views":5,"p1id":"hennyinnacup","p2id":"rainydayshere","formatid":"gen9ou","rating":1111,"private":0,"password":""}