{"id":"gen9ou-1988378886","p1":"The Canceler","p2":"Nero priority","format":"[Gen 9] OU","log":"|j|\u2606The Canceler\n|j|\u2606Nero priority\n|t:|1699716173\n|gametype|singles\n|player|p1|The Canceler|hilbert-wonderlauncher|1135\n|player|p2|Nero priority|lady|1103\n|teamsize|p1|6\n|teamsize|p2|6\n|gen|9\n|tier|[Gen 9] OU\n|rated|\n|rule|Sleep Clause Mod: Limit one foe put to sleep\n|rule|Species Clause: Limit one of each Pok\u00e9mon\n|rule|OHKO Clause: OHKO moves are banned\n|rule|Evasion Items Clause: Evasion items are banned\n|rule|Evasion Moves Clause: Evasion moves are banned\n|rule|Endless Battle Clause: Forcing endless battles is banned\n|rule|HP Percentage Mod: HP is shown in percentages\n|clearpoke\n|poke|p1|Ceruledge, F|\n|poke|p1|Samurott-Hisui, M|\n|poke|p1|Iron Valiant|\n|poke|p1|Vikavolt, F|\n|poke|p1|Great Tusk|\n|poke|p1|Sinistcha|\n|poke|p2|Sneasler, M|\n|poke|p2|Rillaboom, M|\n|poke|p2|Iron Valiant|\n|poke|p2|Ogerpon-Wellspring, F|\n|poke|p2|Gliscor, F|\n|poke|p2|Gholdengo|\n|teampreview\n|inactive|Battle timer is ON: inactive players will automatically lose when time's up. (requested by The Canceler)\n|inactive|The Canceler has 120 seconds left.\n|\n|t:|1699716209\n|start\n|switch|p1a: Great Tusk|Great Tusk|100\/100\n|switch|p2a: Ogerpon|Ogerpon-Wellspring, F|100\/100\n|-enditem|p1a: Great Tusk|Booster Energy\n|-activate|p1a: Great Tusk|ability: Protosynthesis|[fromitem]\n|-start|p1a: Great Tusk|protosynthesisspe\n|turn|1\n|\n|t:|1699716220\n|-end|p1a: Great Tusk|Protosynthesis|[silent]\n|switch|p1a: Sinistcha|Sinistcha|100\/100\n|move|p2a: Ogerpon|Ivy Cudgel|p1a: Sinistcha\n|-resisted|p1a: Sinistcha\n|-damage|p1a: Sinistcha|80\/100\n|\n|-heal|p1a: Sinistcha|86\/100|[from] item: Leftovers\n|upkeep\n|turn|2\n|\n|t:|1699716230\n|move|p2a: Ogerpon|Knock Off|p1a: Sinistcha\n|-supereffective|p1a: Sinistcha\n|-damage|p1a: Sinistcha|36\/100\n|-enditem|p1a: Sinistcha|Leftovers|[from] move: Knock Off|[of] p2a: Ogerpon\n|move|p1a: Sinistcha|Matcha Gotcha|p2a: Ogerpon\n|-damage|p2a: Ogerpon|64\/100\n|-heal|p1a: Sinistcha|52\/100|[from] drain|[of] p2a: Ogerpon\n|-status|p2a: Ogerpon|brn\n|\n|-damage|p2a: Ogerpon|58\/100 brn|[from] brn\n|upkeep\n|turn|3\n|\n|t:|1699716239\n|switch|p2a: Gliscor|Gliscor, F|100\/100\n|move|p1a: Sinistcha|Strength Sap|p2a: Gliscor\n|-unboost|p2a: Gliscor|atk|1\n|-heal|p1a: Sinistcha|100\/100\n|\n|-status|p2a: Gliscor|tox|[from] item: Toxic Orb\n|upkeep\n|turn|4\n|\n|t:|1699716261\n|switch|p1a: Samurott|Samurott-Hisui, M|100\/100\n|move|p2a: Gliscor|Spikes|p1a: Samurott\n|-sidestart|p1: The Canceler|Spikes\n|\n|upkeep\n|turn|5\n|\n|t:|1699716267\n|switch|p2a: Ogerpon|Ogerpon-Wellspring, F|58\/100 brn\n|move|p1a: Samurott|Razor Shell|p2a: Ogerpon\n|-heal|p2a: Ogerpon|83\/100 brn|[from] ability: Water Absorb|[of] p1a: Samurott\n|\n|-damage|p2a: Ogerpon|77\/100 brn|[from] brn\n|upkeep\n|turn|6\n|\n|t:|1699716273\n|move|p2a: Ogerpon|Leech Seed|p1a: Samurott|[miss]\n|-miss|p2a: Ogerpon|p1a: Samurott\n|move|p1a: Samurott|Ceaseless Edge|p2a: Ogerpon\n|-damage|p2a: Ogerpon|19\/100 brn\n|-sidestart|p2: Nero priority|Spikes\n|\n|-damage|p2a: Ogerpon|13\/100 brn|[from] brn\n|upkeep\n|turn|7\n|\n|t:|1699716281\n|move|p2a: Ogerpon|Leech Seed|p1a: Samurott\n|-start|p1a: Samurott|move: Leech Seed\n|move|p1a: Samurott|Ceaseless Edge|p2a: Ogerpon\n|-damage|p2a: Ogerpon|0 fnt\n|-sidestart|p2: Nero priority|Spikes\n|faint|p2a: Ogerpon\n|\n|upkeep\n|\n|t:|1699716290\n|switch|p2a: Rillaboom|Rillaboom, M|100\/100\n|-damage|p2a: Rillaboom|84\/100|[from] Spikes\n|-fieldstart|move: Grassy Terrain|[from] ability: Grassy Surge|[of] p2a: Rillaboom\n|turn|8\n|\n|t:|1699716295\n|switch|p1a: Vikavolt|Vikavolt, F|100\/100\n|move|p2a: Rillaboom|Grassy Glide|p1a: Vikavolt\n|-resisted|p1a: Vikavolt\n|-damage|p1a: Vikavolt|69\/100\n|\n|-heal|p2a: Rillaboom|90\/100|[from] Grassy Terrain\n|upkeep\n|turn|9\n|\n|t:|1699716303\n|switch|p2a: Gliscor|Gliscor, F|100\/100 tox\n|move|p1a: Vikavolt|Sticky Web|p2a: Gliscor\n|-sidestart|p2: Nero priority|move: Sticky Web\n|\n|upkeep\n|turn|10\n|\n|t:|1699716318\n|switch|p1a: Great Tusk|Great Tusk|100\/100\n|-damage|p1a: Great Tusk|88\/100|[from] Spikes\n|move|p2a: Gliscor|Spikes|p1a: Great Tusk\n|-sidestart|p1: The Canceler|Spikes\n|\n|-heal|p1a: Great Tusk|94\/100|[from] Grassy Terrain\n|upkeep\n|turn|11\n|\n|t:|1699716327\n|move|p1a: Great Tusk|Taunt|p2a: Gliscor\n|-start|p2a: Gliscor|move: Taunt\n|cant|p2a: Gliscor|move: Taunt|Toxic\n|\n|-heal|p1a: Great Tusk|100\/100|[from] Grassy Terrain\n|upkeep\n|turn|12\n|\n|t:|1699716335\n|switch|p2a: Rillaboom|Rillaboom, M|90\/100\n|-damage|p2a: Rillaboom|74\/100|[from] Spikes\n|-activate|p2a: Rillaboom|move: Sticky Web\n|-unboost|p2a: Rillaboom|spe|1\n|move|p1a: Great Tusk|Rapid Spin|p2a: Rillaboom\n|-damage|p2a: Rillaboom|57\/100\n|-boost|p1a: Great Tusk|spe|1\n|-sideend|p1: The Canceler|Spikes|[from] move: Rapid Spin|[of] p1a: Great Tusk\n|\n|-heal|p2a: Rillaboom|63\/100|[from] Grassy Terrain\n|-fieldend|move: Grassy Terrain\n|upkeep\n|turn|13\n|\n|t:|1699716342\n|move|p1a: Great Tusk|Knock Off|p2a: Rillaboom\n|-damage|p2a: Rillaboom|30\/100\n|-enditem|p2a: Rillaboom|Choice Band|[from] move: Knock Off|[of] p1a: Great Tusk\n|move|p2a: Rillaboom|U-turn|p1a: Great Tusk\n|-resisted|p1a: Great Tusk\n|-damage|p1a: Great Tusk|93\/100\n|\n|t:|1699716349\n|switch|p2a: Gliscor|Gliscor, F|100\/100 tox|[from] U-turn\n|\n|upkeep\n|turn|14\n|\n|t:|1699716353\n|move|p2a: Gliscor|Protect|p2a: Gliscor\n|-singleturn|p2a: Gliscor|Protect\n|move|p1a: Great Tusk|Knock Off|p2a: Gliscor\n|-activate|p2a: Gliscor|move: Protect\n|\n|upkeep\n|turn|15\n|\n|t:|1699716362\n|move|p1a: Great Tusk|Taunt|p2a: Gliscor\n|-start|p2a: Gliscor|move: Taunt\n|cant|p2a: Gliscor|move: Taunt|Toxic\n|\n|upkeep\n|turn|16\n|\n|t:|1699716367\n|switch|p2a: Rillaboom|Rillaboom, M|30\/100\n|-damage|p2a: Rillaboom|14\/100|[from] Spikes\n|-activate|p2a: Rillaboom|move: Sticky Web\n|-unboost|p2a: Rillaboom|spe|1\n|-fieldstart|move: Grassy Terrain|[from] ability: Grassy Surge|[of] p2a: Rillaboom\n|move|p1a: Great Tusk|Knock Off|p2a: Rillaboom\n|-damage|p2a: Rillaboom|0 fnt\n|faint|p2a: Rillaboom\n|\n|-heal|p1a: Great Tusk|99\/100|[from] Grassy Terrain\n|upkeep\n|\n|t:|1699716370\n|switch|p2a: Sneasler|Sneasler, M|100\/100\n|-damage|p2a: Sneasler|84\/100|[from] Spikes\n|-activate|p2a: Sneasler|move: Sticky Web\n|-unboost|p2a: Sneasler|spe|1\n|-enditem|p2a: Sneasler|Grassy Seed\n|-boost|p2a: Sneasler|def|1|[from] item: Grassy Seed\n|turn|17\n|\n|t:|1699716378\n|-terastallize|p2a: Sneasler|Flying\n|move|p2a: Sneasler|Swords Dance|p2a: Sneasler\n|-boost|p2a: Sneasler|atk|2\n|move|p1a: Great Tusk|Headlong Rush|p2a: Sneasler\n|-immune|p2a: Sneasler\n|\n|-heal|p1a: Great Tusk|100\/100|[from] Grassy Terrain\n|upkeep\n|turn|18\n|inactive|The Canceler has 120 seconds left.\n|\n|t:|1699716409\n|move|p2a: Sneasler|Acrobatics|p1a: Great Tusk\n|-supereffective|p1a: Great Tusk\n|-crit|p1a: Great Tusk\n|-damage|p1a: Great Tusk|0 fnt\n|faint|p1a: Great Tusk\n|-end|p1a: Great Tusk|Protosynthesis|[silent]\n|\n|upkeep\n|\n|t:|1699716412\n|switch|p1a: Vikavolt|Vikavolt, F|69\/100\n|turn|19\n|\n|t:|1699716417\n|-terastallize|p1a: Vikavolt|Steel\n|move|p2a: Sneasler|Acrobatics|p1a: Vikavolt\n|-resisted|p1a: Vikavolt\n|-damage|p1a: Vikavolt|0 fnt\n|faint|p1a: Vikavolt\n|\n|upkeep\n|inactive|The Canceler has 120 seconds left.\n|\n|t:|1699716433\n|switch|p1a: Sinistcha|Sinistcha|100\/100\n|turn|20\n|\n|t:|1699716437\n|move|p2a: Sneasler|Acrobatics|p1a: Sinistcha\n|-supereffective|p1a: Sinistcha\n|-damage|p1a: Sinistcha|0 fnt\n|faint|p1a: Sinistcha\n|\n|-fieldend|move: Grassy Terrain\n|upkeep\n|\n|t:|1699716443\n|switch|p1a: Iron Valiant|Iron Valiant|100\/100\n|-enditem|p1a: Iron Valiant|Booster Energy\n|-activate|p1a: Iron Valiant|ability: Quark Drive|[fromitem]\n|-start|p1a: Iron Valiant|quarkdrivespe\n|turn|21\n|\n|t:|1699716449\n|move|p1a: Iron Valiant|Thunderbolt|p2a: Sneasler\n|-supereffective|p2a: Sneasler\n|-damage|p2a: Sneasler|0 fnt\n|faint|p2a: Sneasler\n|\n|upkeep\n|\n|t:|1699716452\n|switch|p2a: Gholdengo|Gholdengo|100\/100\n|-damage|p2a: Gholdengo|84\/100|[from] Spikes\n|-activate|p2a: Gholdengo|move: Sticky Web\n|-unboost|p2a: Gholdengo|spe|1\n|turn|22\n|\n|t:|1699716458\n|-end|p1a: Iron Valiant|Quark Drive|[silent]\n|switch|p1a: Ceruledge|Ceruledge, F|100\/100\n|move|p2a: Gholdengo|Make It Rain|p1a: Ceruledge\n|-resisted|p1a: Ceruledge\n|-damage|p1a: Ceruledge|78\/100\n|-unboost|p2a: Gholdengo|spa|1\n|\n|upkeep\n|turn|23\n|\n|t:|1699716462\n|switch|p2a: Gliscor|Gliscor, F|100\/100 tox\n|move|p1a: Ceruledge|Bulk Up|p1a: Ceruledge\n|-boost|p1a: Ceruledge|atk|1\n|-boost|p1a: Ceruledge|def|1\n|\n|upkeep\n|turn|24\n|\n|t:|1699716464\n|move|p2a: Gliscor|Toxic|p1a: Ceruledge\n|-status|p1a: Ceruledge|tox\n|move|p1a: Ceruledge|Bitter Blade|p2a: Gliscor\n|-damage|p2a: Gliscor|65\/100 tox\n|-heal|p1a: Ceruledge|96\/100 tox|[from] drain|[of] p2a: Gliscor\n|\n|-heal|p2a: Gliscor|77\/100 tox|[from] ability: Poison Heal\n|-damage|p1a: Ceruledge|89\/100 tox|[from] psn\n|upkeep\n|turn|25\n|\n|t:|1699716471\n|move|p2a: Gliscor|Protect|p2a: Gliscor\n|-singleturn|p2a: Gliscor|Protect\n|move|p1a: Ceruledge|Bulk Up|p1a: Ceruledge\n|-boost|p1a: Ceruledge|atk|1\n|-boost|p1a: Ceruledge|def|1\n|\n|-heal|p2a: Gliscor|89\/100 tox|[from] ability: Poison Heal\n|-damage|p1a: Ceruledge|77\/100 tox|[from] psn\n|upkeep\n|turn|26\n|\n|t:|1699716476\n|move|p2a: Gliscor|Earthquake|p1a: Ceruledge\n|-supereffective|p1a: Ceruledge\n|-damage|p1a: Ceruledge|35\/100 tox\n|move|p1a: Ceruledge|Bitter Blade|p2a: Gliscor\n|-damage|p2a: Gliscor|43\/100 tox\n|-heal|p1a: Ceruledge|58\/100 tox|[from] drain|[of] p2a: Gliscor\n|\n|-heal|p2a: Gliscor|55\/100 tox|[from] ability: Poison Heal\n|-damage|p1a: Ceruledge|39\/100 tox|[from] psn\n|upkeep\n|turn|27\n|\n|t:|1699716483\n|move|p2a: Gliscor|Earthquake|p1a: Ceruledge\n|-supereffective|p1a: Ceruledge\n|-damage|p1a: Ceruledge|0 fnt\n|faint|p1a: Ceruledge\n|\n|-heal|p2a: Gliscor|67\/100 tox|[from] ability: Poison Heal\n|upkeep\n|\n|t:|1699716493\n|switch|p1a: Samurott|Samurott-Hisui, M|100\/100\n|turn|28\n|\n|t:|1699716497\n|move|p2a: Gliscor|Protect|p2a: Gliscor\n|-singleturn|p2a: Gliscor|Protect\n|move|p1a: Samurott|Razor Shell|p2a: Gliscor\n|-activate|p2a: Gliscor|move: Protect\n|\n|-heal|p2a: Gliscor|80\/100 tox|[from] ability: Poison Heal\n|upkeep\n|turn|29\n|\n|t:|1699716503\n|switch|p2a: Gholdengo|Gholdengo|84\/100\n|-damage|p2a: Gholdengo|68\/100|[from] Spikes\n|-activate|p2a: Gholdengo|move: Sticky Web\n|-unboost|p2a: Gholdengo|spe|1\n|move|p1a: Samurott|Encore|p2a: Gholdengo\n|-immune|p2a: Gholdengo|[from] ability: Good as Gold\n|\n|upkeep\n|turn|30\n|\n|t:|1699716514\n|move|p1a: Samurott|Knock Off|p2a: Gholdengo\n|-supereffective|p2a: Gholdengo\n|-damage|p2a: Gholdengo|0 fnt\n|-enditem|p2a: Gholdengo|Choice Scarf|[from] move: Knock Off|[of] p1a: Samurott\n|faint|p2a: Gholdengo\n|\n|upkeep\n|\n|t:|1699716517\n|switch|p2a: Iron Valiant|Iron Valiant|100\/100\n|-damage|p2a: Iron Valiant|84\/100|[from] Spikes\n|-activate|p2a: Iron Valiant|move: Sticky Web\n|-unboost|p2a: Iron Valiant|spe|1\n|-enditem|p2a: Iron Valiant|Booster Energy\n|-activate|p2a: Iron Valiant|ability: Quark Drive|[fromitem]\n|-start|p2a: Iron Valiant|quarkdrivespa\n|turn|31\n|\n|t:|1699716528\n|move|p1a: Samurott|Razor Shell|p2a: Iron Valiant|[miss]\n|-miss|p1a: Samurott|p2a: Iron Valiant\n|move|p2a: Iron Valiant|Moonblast|p1a: Samurott\n|-supereffective|p1a: Samurott\n|-enditem|p1a: Samurott|Focus Sash\n|-damage|p1a: Samurott|1\/100\n|-unboost|p1a: Samurott|spa|1\n|\n|upkeep\n|turn|32\n|\n|t:|1699716535\n|move|p1a: Samurott|Razor Shell|p2a: Iron Valiant\n|-damage|p2a: Iron Valiant|15\/100\n|move|p2a: Iron Valiant|Moonblast|p1a: Samurott\n|-supereffective|p1a: Samurott\n|-damage|p1a: Samurott|0 fnt\n|faint|p1a: Samurott\n|\n|upkeep\n|\n|t:|1699716538\n|switch|p1a: Iron Valiant|Iron Valiant|100\/100\n|turn|33\n|\n|t:|1699716540\n|move|p1a: Iron Valiant|Moonblast|p2a: Iron Valiant\n|-supereffective|p2a: Iron Valiant\n|-damage|p2a: Iron Valiant|0 fnt\n|faint|p2a: Iron Valiant\n|-end|p2a: Iron Valiant|Quark Drive|[silent]\n|\n|upkeep\n|\n|t:|1699716542\n|switch|p2a: Gliscor|Gliscor, F|80\/100 tox\n|turn|34\n|\n|t:|1699716545\n|move|p2a: Gliscor|Protect|p2a: Gliscor\n|-singleturn|p2a: Gliscor|Protect\n|move|p1a: Iron Valiant|Moonblast|p2a: Gliscor\n|-activate|p2a: Gliscor|move: Protect\n|\n|-heal|p2a: Gliscor|92\/100 tox|[from] ability: Poison Heal\n|upkeep\n|turn|35\n|\n|t:|1699716550\n|move|p1a: Iron Valiant|Moonblast|p2a: Gliscor\n|-damage|p2a: Gliscor|39\/100 tox\n|move|p2a: Gliscor|Toxic|p1a: Iron Valiant\n|-status|p1a: Iron Valiant|tox\n|\n|-damage|p1a: Iron Valiant|94\/100 tox|[from] psn\n|-heal|p2a: Gliscor|51\/100 tox|[from] ability: Poison Heal\n|upkeep\n|turn|36\n|\n|t:|1699716554\n|move|p2a: Gliscor|Protect|p2a: Gliscor\n|-singleturn|p2a: Gliscor|Protect\n|move|p1a: Iron Valiant|Moonblast|p2a: Gliscor\n|-activate|p2a: Gliscor|move: Protect\n|\n|-damage|p1a: Iron Valiant|82\/100 tox|[from] psn\n|-heal|p2a: Gliscor|64\/100 tox|[from] ability: Poison Heal\n|upkeep\n|turn|37\n|\n|t:|1699716561\n|move|p1a: Iron Valiant|Moonblast|p2a: Gliscor\n|-damage|p2a: Gliscor|9\/100 tox\n|move|p2a: Gliscor|Earthquake|p1a: Iron Valiant\n|-damage|p1a: Iron Valiant|40\/100 tox\n|\n|-damage|p1a: Iron Valiant|22\/100 tox|[from] psn\n|-heal|p2a: Gliscor|21\/100 tox|[from] ability: Poison Heal\n|upkeep\n|turn|38\n|\n|t:|1699716565\n|move|p2a: Gliscor|Protect|p2a: Gliscor\n|-singleturn|p2a: Gliscor|Protect\n|move|p1a: Iron Valiant|Moonblast|p2a: Gliscor\n|-activate|p2a: Gliscor|move: Protect\n|\n|-damage|p1a: Iron Valiant|0 fnt|[from] psn\n|faint|p1a: Iron Valiant\n|-end|p1a: Iron Valiant|Quark Drive|[silent]\n|\n|win|Nero priority\n|upkeep\n|raw|The Canceler's rating: 1135 &rarr; <strong>1108<\/strong><br \/>(-27 for losing)\n|raw|Nero priority's rating: 1103 &rarr; <strong>1130<\/strong><br \/>(+27 for winning)\n|l|\u2606The Canceler\n|c|\u2606Nero priority|GG\n","uploadtime":1699716582,"views":17,"p1id":"thecanceler","p2id":"neropriority","formatid":"gen9ou","rating":1108,"private":0,"password":""}