{"id":"gen9ou-1997805189","p1":"SDK04","p2":"AKAKingACE","format":"[Gen 9] OU","log":"|j|\u2606SDK04\n|j|\u2606AKAKingACE\n|inactive|Battle timer is ON: inactive players will automatically lose when time's up.\n|t:|1700854593\n|gametype|singles\n|player|p1|SDK04|unknown|\n|player|p2|AKAKingACE|1|\n|teamsize|p1|6\n|teamsize|p2|6\n|gen|9\n|tier|[Gen 9] OU\n|rated|Tournament battle\n|rule|Sleep Clause Mod: Limit one foe put to sleep\n|rule|Species Clause: Limit one of each Pok\u00e9mon\n|rule|OHKO Clause: OHKO moves are banned\n|rule|Evasion Items Clause: Evasion items are banned\n|rule|Evasion Moves Clause: Evasion moves are banned\n|rule|Endless Battle Clause: Forcing endless battles is banned\n|rule|HP Percentage Mod: HP is shown in percentages\n|clearpoke\n|poke|p1|Ninetales-Alola, M|\n|poke|p1|Ogerpon-Wellspring, F|\n|poke|p1|Mew|\n|poke|p1|Kingambit, F|\n|poke|p1|Gholdengo|\n|poke|p1|Salamence, M|\n|poke|p2|Zapdos|\n|poke|p2|Iron Hands|\n|poke|p2|Kingambit, F|\n|poke|p2|Iron Moth|\n|poke|p2|Iron Valiant|\n|poke|p2|Zamazenta-*|\n|teampreview\n|j| StormJet1613\n|\n|t:|1700854600\n|start\n|switch|p1a: cool window|Ninetales-Alola, M|100\/100\n|switch|p2a: Zapdos|Zapdos|100\/100\n|-weather|Snow|[from] ability: Snow Warning|[of] p1a: cool window\n|turn|1\n|\n|t:|1700854602\n|move|p1a: cool window|Aurora Veil|p1a: cool window\n|-sidestart|p1: SDK04|move: Aurora Veil\n|move|p2a: Zapdos|Discharge|p1a: cool window\n|-damage|p1a: cool window|84\/100\n|\n|-weather|Snow|[upkeep]\n|upkeep\n|turn|2\n|c|\u2606AKAKingACE|Glhf\n|\n|t:|1700854609\n|move|p1a: cool window|Freeze-Dry|p2a: Zapdos\n|-supereffective|p2a: Zapdos\n|-crit|p2a: Zapdos\n|-damage|p2a: Zapdos|39\/100\n|move|p2a: Zapdos|Discharge|p1a: cool window\n|-damage|p1a: cool window|68\/100\n|-status|p1a: cool window|par\n|\n|-weather|Snow|[upkeep]\n|upkeep\n|turn|3\n|c|\u2606SDK04|u2\n|j| joosh103\n|c| StormJet1613|SDK04, gl!\n|\n|t:|1700854619\n|move|p2a: Zapdos|Volt Switch|p1a: cool window\n|-damage|p1a: cool window|52\/100 par\n|\n|t:|1700854621\n|switch|p2a: Iron Moth|Iron Moth|100\/100|[from] Volt Switch\n|-enditem|p2a: Iron Moth|Booster Energy\n|-activate|p2a: Iron Moth|ability: Quark Drive|[fromitem]\n|-start|p2a: Iron Moth|quarkdrivespe\n|cant|p1a: cool window|par\n|\n|-weather|Snow|[upkeep]\n|upkeep\n|turn|4\n|\n|t:|1700854624\n|switch|p1a: Cheese Demon|Mew|100\/100\n|move|p2a: Iron Moth|Substitute|p2a: Iron Moth\n|-start|p2a: Iron Moth|Substitute\n|-damage|p2a: Iron Moth|76\/100\n|\n|-weather|Snow|[upkeep]\n|upkeep\n|turn|5\n|\n|t:|1700854628\n|move|p2a: Iron Moth|Fiery Dance|p1a: Cheese Demon\n|-damage|p1a: Cheese Demon|82\/100\n|move|p1a: Cheese Demon|Agility|p1a: Cheese Demon\n|-boost|p1a: Cheese Demon|spe|2\n|\n|-weather|none\n|-heal|p1a: Cheese Demon|88\/100|[from] item: Leftovers\n|upkeep\n|turn|6\n|c|\u2606SDK04|Thanks!\n|\n|t:|1700854634\n|move|p1a: Cheese Demon|Calm Mind|p1a: Cheese Demon\n|-boost|p1a: Cheese Demon|spa|1\n|-boost|p1a: Cheese Demon|spd|1\n|move|p2a: Iron Moth|Fiery Dance|p1a: Cheese Demon\n|-damage|p1a: Cheese Demon|75\/100\n|-boost|p2a: Iron Moth|spa|1\n|\n|-heal|p1a: Cheese Demon|81\/100|[from] item: Leftovers\n|upkeep\n|turn|7\n|\n|t:|1700854636\n|move|p1a: Cheese Demon|Calm Mind|p1a: Cheese Demon\n|-boost|p1a: Cheese Demon|spa|1\n|-boost|p1a: Cheese Demon|spd|1\n|move|p2a: Iron Moth|Fiery Dance|p1a: Cheese Demon\n|-damage|p1a: Cheese Demon|67\/100\n|\n|-heal|p1a: Cheese Demon|73\/100|[from] item: Leftovers\n|upkeep\n|turn|8\n|\n|t:|1700854639\n|move|p1a: Cheese Demon|Stored Power|p2a: Iron Moth\n|-supereffective|p2a: Iron Moth\n|-end|p2a: Iron Moth|Substitute\n|move|p2a: Iron Moth|Fiery Dance|p1a: Cheese Demon\n|-crit|p1a: Cheese Demon\n|-damage|p1a: Cheese Demon|0 fnt\n|-boost|p2a: Iron Moth|spa|1\n|faint|p1a: Cheese Demon\n|\n|-sideend|p1: SDK04|move: Aurora Veil\n|upkeep\n|\n|t:|1700854645\n|switch|p1a: Bannable Offense|Kingambit, F|100\/100\n|-activate|p1a: Bannable Offense|ability: Supreme Overlord\n|-start|p1a: Bannable Offense|fallen1|[silent]\n|turn|9\n|c|\u2606AKAKingACE|Crit mattered\n|\n|t:|1700854649\n|move|p2a: Iron Moth|Fiery Dance|p1a: Bannable Offense\n|-supereffective|p1a: Bannable Offense\n|-damage|p1a: Bannable Offense|0 fnt\n|faint|p1a: Bannable Offense\n|-end|p1a: Bannable Offense|fallen1|[silent]\n|\n|upkeep\n|\n|t:|1700854651\n|switch|p1a: \u201cI win\u201d button|Ogerpon-Wellspring, F|100\/100\n|turn|10\n|\n|t:|1700854654\n|-terastallize|p1a: \u201cI win\u201d button|Water\n|detailschange|p1a: \u201cI win\u201d button|Ogerpon-Wellspring-Tera, F, tera:Water\n|-ability|p1a: \u201cI win\u201d button|Embody Aspect (Wellspring)|boost\n|-boost|p1a: \u201cI win\u201d button|spd|1\n|move|p2a: Iron Moth|Sludge Wave|p1a: \u201cI win\u201d button\n|-damage|p1a: \u201cI win\u201d button|23\/100\n|move|p1a: \u201cI win\u201d button|Ivy Cudgel|p2a: Iron Moth|[anim] Ivy Cudgel Water\n|-supereffective|p2a: Iron Moth\n|-damage|p2a: Iron Moth|0 fnt\n|faint|p2a: Iron Moth\n|-end|p2a: Iron Moth|Quark Drive|[silent]\n|\n|upkeep\n|\n|t:|1700854659\n|switch|p2a: Iron Hands|Iron Hands|100\/100\n|turn|11\n|\n|t:|1700854661\n|switch|p1a: cool window|Ninetales-Alola, M|52\/100 par\n|-weather|Snow|[from] ability: Snow Warning|[of] p1a: cool window\n|move|p2a: Iron Hands|Thunder Punch|p1a: cool window\n|-damage|p1a: cool window|12\/100 par\n|\n|-weather|Snow|[upkeep]\n|upkeep\n|turn|12\n|\n|t:|1700854665\n|move|p1a: cool window|Aurora Veil|p1a: cool window\n|-sidestart|p1: SDK04|move: Aurora Veil\n|move|p2a: Iron Hands|Thunder Punch|p1a: cool window\n|-damage|p1a: cool window|0 fnt\n|faint|p1a: cool window\n|\n|-weather|Snow|[upkeep]\n|upkeep\n|\n|t:|1700854669\n|switch|p1a: I miss Himiko\u2026|Salamence, M|100\/100\n|turn|13\n|\n|t:|1700854671\n|switch|p1a: \u201cI win\u201d button|Ogerpon-Wellspring-Tera, F, tera:Water|23\/100\n|-ability|p1a: \u201cI win\u201d button|Embody Aspect (Wellspring)|boost\n|-boost|p1a: \u201cI win\u201d button|spd|1\n|move|p2a: Iron Hands|Ice Punch|p1a: \u201cI win\u201d button\n|-resisted|p1a: \u201cI win\u201d button\n|-damage|p1a: \u201cI win\u201d button|14\/100\n|\n|-weather|Snow|[upkeep]\n|upkeep\n|turn|14\n|\n|t:|1700854681\n|move|p1a: \u201cI win\u201d button|Encore|p2a: Iron Hands\n|-start|p2a: Iron Hands|Encore\n|move|p2a: Iron Hands|Ice Punch|p1a: \u201cI win\u201d button\n|-resisted|p1a: \u201cI win\u201d button\n|-damage|p1a: \u201cI win\u201d button|4\/100\n|-status|p1a: \u201cI win\u201d button|frz\n|\n|-weather|Snow|[upkeep]\n|upkeep\n|turn|15\n|\n|t:|1700854685\n|switch|p1a: Malicious Charity|Gholdengo|100\/100\n|-item|p1a: Malicious Charity|Air Balloon\n|move|p2a: Iron Hands|Ice Punch|p1a: Malicious Charity\n|-resisted|p1a: Malicious Charity\n|-damage|p1a: Malicious Charity|92\/100\n|-enditem|p1a: Malicious Charity|Air Balloon\n|\n|-weather|none\n|upkeep\n|turn|16\n|\n|t:|1700854688\n|-end|p2a: Iron Hands|Quark Drive|[silent]\n|switch|p2a: Zapdos|Zapdos|39\/100\n|move|p1a: Malicious Charity|Nasty Plot|p1a: Malicious Charity\n|-boost|p1a: Malicious Charity|spa|2\n|\n|upkeep\n|turn|17\n|\n|t:|1700854690\n|move|p2a: Zapdos|Discharge|p1a: Malicious Charity\n|-damage|p1a: Malicious Charity|71\/100\n|move|p1a: Malicious Charity|Shadow Ball|p2a: Zapdos\n|-damage|p2a: Zapdos|0 fnt\n|faint|p2a: Zapdos\n|\n|upkeep\n|\n|t:|1700854697\n|switch|p2a: Zamazenta|Zamazenta|100\/100\n|-ability|p2a: Zamazenta|Dauntless Shield|boost\n|-boost|p2a: Zamazenta|def|1\n|turn|18\n|\n|t:|1700854699\n|move|p2a: Zamazenta|Crunch|p1a: Malicious Charity\n|-supereffective|p1a: Malicious Charity\n|-damage|p1a: Malicious Charity|47\/100\n|move|p1a: Malicious Charity|Dazzling Gleam|p2a: Zamazenta\n|-supereffective|p2a: Zamazenta\n|-crit|p2a: Zamazenta\n|-damage|p2a: Zamazenta|0 fnt\n|faint|p2a: Zamazenta\n|\n|upkeep\n|\n|t:|1700854716\n|switch|p2a: Kingambit|Kingambit, F|100\/100\n|-activate|p2a: Kingambit|ability: Supreme Overlord\n|-start|p2a: Kingambit|fallen3|[silent]\n|turn|19\n|\n|t:|1700854721\n|move|p1a: Malicious Charity|Dazzling Gleam|p2a: Kingambit\n|-damage|p2a: Kingambit|39\/100\n|move|p2a: Kingambit|Kowtow Cleave|p1a: Malicious Charity\n|-supereffective|p1a: Malicious Charity\n|-damage|p1a: Malicious Charity|0 fnt\n|faint|p1a: Malicious Charity\n|\n|-sideend|p1: SDK04|move: Aurora Veil\n|upkeep\n|\n|t:|1700854724\n|switch|p1a: I miss Himiko\u2026|Salamence, M|100\/100\n|turn|20\n|\n|t:|1700854728\n|move|p1a: I miss Himiko\u2026|Earthquake|p2a: Kingambit\n|-supereffective|p2a: Kingambit\n|-damage|p2a: Kingambit|0 fnt\n|faint|p2a: Kingambit\n|-end|p2a: Kingambit|fallen3|[silent]\n|-ability|p1a: I miss Himiko\u2026|Moxie|boost\n|-boost|p1a: I miss Himiko\u2026|atk|1\n|\n|upkeep\n|\n|t:|1700854729\n|switch|p2a: Iron Hands|Iron Hands|100\/100\n|turn|21\n|\n|t:|1700854733\n|-terastallize|p2a: Iron Hands|Flying\n|move|p1a: I miss Himiko\u2026|Earthquake|p2a: Iron Hands\n|-immune|p2a: Iron Hands\n|move|p2a: Iron Hands|Ice Punch|p1a: I miss Himiko\u2026\n|-supereffective|p1a: I miss Himiko\u2026\n|-damage|p1a: I miss Himiko\u2026|0 fnt\n|faint|p1a: I miss Himiko\u2026\n|\n|upkeep\n|\n|t:|1700854735\n|switch|p1a: \u201cI win\u201d button|Ogerpon-Wellspring-Tera, F, tera:Water|4\/100 frz\n|-ability|p1a: \u201cI win\u201d button|Embody Aspect (Wellspring)|boost\n|-boost|p1a: \u201cI win\u201d button|spd|1\n|turn|22\n|\n|t:|1700854737\n|-curestatus|p1a: \u201cI win\u201d button|frz|[msg]\n|move|p1a: \u201cI win\u201d button|Ivy Cudgel|p2a: Iron Hands|[anim] Ivy Cudgel Water\n|-damage|p2a: Iron Hands|50\/100\n|move|p2a: Iron Hands|Ice Punch|p1a: \u201cI win\u201d button\n|-resisted|p1a: \u201cI win\u201d button\n|-damage|p1a: \u201cI win\u201d button|0 fnt\n|faint|p1a: \u201cI win\u201d button\n|\n|win|AKAKingACE\n|n|\u2606SDK04|sdk04\n|n|\u2606AKAKingACE|akakingace\n|n| StormJet1613|stormjet1613\n|n| joosh103|joosh103\n|c|\u2606SDK04|gg\n|c|\u2606SDK04|wp\n|c|\u2606SDK04|Crit mattered\n|c|\u2606AKAKingACE|Gg\n|c|\u2606AKAKingACE|Crit mattered\n|l|\u2606AKAKingACE\n","uploadtime":1700854748,"views":20,"p1id":"sdk04","p2id":"akakingace","formatid":"gen9ou","rating":0,"private":0,"password":""}