{"id":"gen9ou-1988662375","p1":"BEBOSES","p2":"OrigamiPokemonFan","format":"[Gen 9] OU","log":"|j|\u2606BEBOSES\n|j|\u2606OrigamiPokemonFan\n|t:|1699747669\n|gametype|singles\n|player|p1|BEBOSES|lucas|1111\n|player|p2|OrigamiPokemonFan|whitney|1048\n|teamsize|p1|6\n|teamsize|p2|6\n|gen|9\n|tier|[Gen 9] OU\n|rated|\n|rule|Sleep Clause Mod: Limit one foe put to sleep\n|rule|Species Clause: Limit one of each Pok\u00e9mon\n|rule|OHKO Clause: OHKO moves are banned\n|rule|Evasion Items Clause: Evasion items are banned\n|rule|Evasion Moves Clause: Evasion moves are banned\n|rule|Endless Battle Clause: Forcing endless battles is banned\n|rule|HP Percentage Mod: HP is shown in percentages\n|clearpoke\n|poke|p1|Meowscarada, F|\n|poke|p1|Clodsire, M|\n|poke|p1|Iron Treads|\n|poke|p1|Dragapult, F|\n|poke|p1|Zoroark-Hisui, F|\n|poke|p1|Slither Wing|\n|poke|p2|Orthworm, F|\n|poke|p2|Gliscor, F|\n|poke|p2|Cinderace, F|\n|poke|p2|Empoleon, F|\n|poke|p2|Dragapult, M|\n|poke|p2|Ogerpon-Wellspring, F|\n|teampreview\n|inactive|Battle timer is ON: inactive players will automatically lose when time's up. (requested by OrigamiPokemonFan)\n|\n|t:|1699747679\n|start\n|switch|p1a: Clodsire|Clodsire, M|100\/100\n|switch|p2a: Orthworm|Orthworm, F|100\/100\n|turn|1\n|\n|t:|1699747691\n|move|p2a: Orthworm|Substitute|p2a: Orthworm\n|-start|p2a: Orthworm|Substitute\n|-damage|p2a: Orthworm|76\/100\n|move|p1a: Clodsire|Stealth Rock|p2a: Orthworm\n|-sidestart|p2: OrigamiPokemonFan|move: Stealth Rock\n|\n|-heal|p2a: Orthworm|82\/100|[from] item: Leftovers\n|upkeep\n|turn|2\n|\n|t:|1699747704\n|move|p2a: Orthworm|Coil|p2a: Orthworm\n|-boost|p2a: Orthworm|atk|1\n|-boost|p2a: Orthworm|def|1\n|-boost|p2a: Orthworm|accuracy|1\n|move|p1a: Clodsire|Toxic Spikes|p2a: Orthworm\n|-sidestart|p2: OrigamiPokemonFan|move: Toxic Spikes\n|\n|-heal|p2a: Orthworm|88\/100|[from] item: Leftovers\n|upkeep\n|turn|3\n|\n|t:|1699747714\n|move|p2a: Orthworm|Coil|p2a: Orthworm\n|-boost|p2a: Orthworm|atk|1\n|-boost|p2a: Orthworm|def|1\n|-boost|p2a: Orthworm|accuracy|1\n|move|p1a: Clodsire|Toxic Spikes|p2a: Orthworm\n|-sidestart|p2: OrigamiPokemonFan|move: Toxic Spikes\n|\n|-heal|p2a: Orthworm|94\/100|[from] item: Leftovers\n|upkeep\n|turn|4\n|\n|t:|1699747726\n|move|p2a: Orthworm|Coil|p2a: Orthworm\n|-boost|p2a: Orthworm|atk|1\n|-boost|p2a: Orthworm|def|1\n|-boost|p2a: Orthworm|accuracy|1\n|move|p1a: Clodsire|Spikes|p2a: Orthworm\n|-sidestart|p2: OrigamiPokemonFan|Spikes\n|\n|-heal|p2a: Orthworm|99\/100|[from] item: Leftovers\n|upkeep\n|turn|5\n|\n|t:|1699747736\n|move|p2a: Orthworm|Coil|p2a: Orthworm\n|-boost|p2a: Orthworm|atk|1\n|-boost|p2a: Orthworm|def|1\n|-boost|p2a: Orthworm|accuracy|1\n|move|p1a: Clodsire|Spikes|p2a: Orthworm\n|-sidestart|p2: OrigamiPokemonFan|Spikes\n|\n|-heal|p2a: Orthworm|100\/100|[from] item: Leftovers\n|upkeep\n|turn|6\n|\n|t:|1699747748\n|move|p2a: Orthworm|Body Press|p1a: Clodsire\n|-resisted|p1a: Clodsire\n|-damage|p1a: Clodsire|71\/100\n|move|p1a: Clodsire|Spikes|p2a: Orthworm\n|-sidestart|p2: OrigamiPokemonFan|Spikes\n|\n|upkeep\n|turn|7\n|\n|t:|1699747771\n|move|p2a: Orthworm|Iron Tail|p1a: Clodsire\n|-damage|p1a: Clodsire|5\/100\n|-unboost|p1a: Clodsire|def|1\n|move|p1a: Clodsire|Earthquake|p2a: Orthworm\n|-immune|p2a: Orthworm|[from] ability: Earth Eater\n|\n|upkeep\n|turn|8\n|\n|t:|1699747782\n|move|p2a: Orthworm|Iron Tail|p1a: Clodsire\n|-damage|p1a: Clodsire|0 fnt\n|faint|p1a: Clodsire\n|\n|upkeep\n|\n|t:|1699747791\n|switch|p1a: Meowscarada|Meowscarada, F|100\/100\n|turn|9\n|\n|t:|1699747800\n|move|p1a: Meowscarada|Flamethrower|p2a: Orthworm\n|-supereffective|p2a: Orthworm\n|-end|p2a: Orthworm|Substitute\n|move|p2a: Orthworm|Body Press|p1a: Meowscarada\n|-immune|p1a: Meowscarada\n|\n|upkeep\n|turn|10\n|\n|t:|1699747811\n|-terastallize|p2a: Orthworm|Electric\n|move|p1a: Meowscarada|Flamethrower|p2a: Orthworm\n|-damage|p2a: Orthworm|51\/100\n|move|p2a: Orthworm|Iron Tail|p1a: Meowscarada\n|-damage|p1a: Meowscarada|0 fnt\n|replace|p1a: Zoroark|Zoroark-Hisui, F, shiny\n|-end|p1a: Zoroark|Illusion\n|faint|p1a: Zoroark\n|\n|-heal|p2a: Orthworm|57\/100|[from] item: Leftovers\n|upkeep\n|\n|t:|1699747826\n|switch|p1a: Dragapult|Dragapult, F|100\/100\n|turn|11\n|\n|t:|1699747843\n|-terastallize|p1a: Dragapult|Dragon\n|move|p1a: Dragapult|Dragon Darts|p2a: Orthworm\n|-damage|p2a: Orthworm|46\/100\n|-anim|p1a: Dragapult|Dragon Darts|p2a: Orthworm\n|-damage|p2a: Orthworm|34\/100\n|-damage|p1a: Dragapult|91\/100|[from] item: Life Orb\n|move|p2a: Orthworm|Iron Tail|p1a: Dragapult\n|-damage|p1a: Dragapult|0 fnt\n|faint|p1a: Dragapult\n|\n|-heal|p2a: Orthworm|40\/100|[from] item: Leftovers\n|upkeep\n|inactive|BEBOSES has 120 seconds left.\n|\n|t:|1699747859\n|switch|p1a: Iron Treads|Iron Treads|100\/100\n|-enditem|p1a: Iron Treads|Booster Energy\n|-activate|p1a: Iron Treads|ability: Quark Drive|[fromitem]\n|-start|p1a: Iron Treads|quarkdrivespe\n|turn|12\n|inactive|BEBOSES has 120 seconds left.\n|\n|t:|1699747869\n|move|p1a: Iron Treads|Knock Off|p2a: Orthworm\n|-damage|p2a: Orthworm|33\/100\n|-enditem|p2a: Orthworm|Leftovers|[from] move: Knock Off|[of] p1a: Iron Treads\n|move|p2a: Orthworm|Body Press|p1a: Iron Treads\n|-supereffective|p1a: Iron Treads\n|-damage|p1a: Iron Treads|0 fnt\n|faint|p1a: Iron Treads\n|-end|p1a: Iron Treads|Quark Drive|[silent]\n|\n|upkeep\n|inactive|BEBOSES has 120 seconds left.\n|\n|t:|1699747879\n|switch|p1a: Meowscarada|Meowscarada, F|100\/100\n|turn|13\n|\n|t:|1699747883\n|move|p1a: Meowscarada|Flower Trick|p2a: Orthworm\n|-start|p1a: Meowscarada|typechange|Grass|[from] ability: Protean\n|-crit|p2a: Orthworm\n|-damage|p2a: Orthworm|0 fnt\n|faint|p2a: Orthworm\n|\n|upkeep\n|\n|t:|1699747899\n|switch|p2a: Cinderace|Cinderace, F|100\/100\n|turn|14\n|\n|t:|1699747913\n|move|p1a: Meowscarada|Night Slash|p2a: Cinderace\n|-damage|p2a: Cinderace|71\/100\n|move|p2a: Cinderace|Court Change|p2a: Cinderace\n|-swapsideconditions\n|-activate|p2a: Cinderace|move: Court Change\n|\n|upkeep\n|turn|15\n|inactive|BEBOSES has 120 seconds left.\n|inactive|BEBOSES has 90 seconds left.\n|c|\u2606OrigamiPokemonFan|Gg\n|inactive|BEBOSES has 60 seconds left.\n|inactive|BEBOSES has 30 seconds left.\n|inactive|BEBOSES has 20 seconds left.\n|inactive|BEBOSES has 15 seconds left.\n|inactive|BEBOSES has 10 seconds left.\n|inactive|BEBOSES has 5 seconds left.\n|-message|BEBOSES lost due to inactivity.\n|\n|win|OrigamiPokemonFan\n|raw|BEBOSES's rating: 1111 &rarr; <strong>1082<\/strong><br \/>(-29 for losing)\n|raw|OrigamiPokemonFan's rating: 1048 &rarr; <strong>1087<\/strong><br \/>(+39 for winning)\n","uploadtime":1699748061,"views":13,"p1id":"beboses","p2id":"origamipokemonfan","formatid":"gen9ou","rating":1082,"private":0,"password":""}