{"id":"gen9ou-1995396735","p1":"Kylo Reuniclus","p2":"ForgottenMark","format":"[Gen 9] OU","log":"|j|\u2606Kylo Reuniclus\n|j|\u2606ForgottenMark\n|inactive|Battle timer is ON: inactive players will automatically lose when time's up.\n|t:|1700565280\n|gametype|singles\n|player|p1|Kylo Reuniclus|brawly|\n|player|p2|ForgottenMark|janitor|\n|teamsize|p1|3\n|teamsize|p2|3\n|gen|9\n|tier|[Gen 9] OU\n|rated|Tournament battle\n|rule|Sleep Clause Mod: Limit one foe put to sleep\n|rule|Species Clause: Limit one of each Pok\u00e9mon\n|rule|OHKO Clause: OHKO moves are banned\n|rule|Evasion Items Clause: Evasion items are banned\n|rule|Evasion Moves Clause: Evasion moves are banned\n|rule|Endless Battle Clause: Forcing endless battles is banned\n|rule|HP Percentage Mod: HP is shown in percentages\n|clearpoke\n|poke|p1|Toxapex, M|\n|poke|p1|Maushold-Four|\n|poke|p1|Armarouge, M|\n|poke|p2|Lokix, M|\n|poke|p2|Polteageist|\n|poke|p2|Mienshao, M|\n|teampreview\n|j|*Lady Monita \u2746\n|inactive|ForgottenMark also wants the timer to be on.\n|j| TJ799\n|c|\u2606ForgottenMark|damn not stall\n|c|\u2606Kylo Reuniclus|gl\n|j| Blonking\n|\n|t:|1700565296\n|start\n|switch|p1a: Maushold|Maushold-Four|100\/100\n|switch|p2a: Polteageist|Polteageist|100\/100\n|turn|1\n|\n|t:|1700565301\n|move|p1a: Maushold|Shadow Claw|p2a: Polteageist\n|-supereffective|p2a: Polteageist\n|-damage|p2a: Polteageist|42\/100\n|move|p2a: Polteageist|Shell Smash|p2a: Polteageist\n|-unboost|p2a: Polteageist|def|1\n|-unboost|p2a: Polteageist|spd|1\n|-boost|p2a: Polteageist|atk|2\n|-boost|p2a: Polteageist|spa|2\n|-boost|p2a: Polteageist|spe|2\n|\n|upkeep\n|turn|2\n|\n|t:|1700565311\n|move|p2a: Polteageist|Stored Power|p1a: Maushold\n|-damage|p1a: Maushold|0 fnt\n|faint|p1a: Maushold\n|\n|upkeep\n|\n|t:|1700565323\n|switch|p1a: Armarouge|Armarouge, M|100\/100\n|turn|3\n|\n|t:|1700565325\n|move|p2a: Polteageist|Shadow Ball|p1a: Armarouge\n|-supereffective|p1a: Armarouge\n|-enditem|p1a: Armarouge|Focus Sash\n|-damage|p1a: Armarouge|1\/100\n|move|p1a: Armarouge|Shadow Ball|p2a: Polteageist\n|-supereffective|p2a: Polteageist\n|-damage|p2a: Polteageist|0 fnt\n|-start|p1a: Armarouge|Disable|Shadow Ball|[from] ability: Cursed Body|[of] p2a: Polteageist\n|faint|p2a: Polteageist\n|\n|upkeep\n|j| poketough\n|\n|t:|1700565334\n|switch|p2a: Mienshao|Mienshao, M|100\/100\n|turn|4\n|\n|t:|1700565337\n|switch|p1a: Toxapex|Toxapex, M|100\/100\n|move|p2a: Mienshao|Fake Out|p1a: Toxapex\n|-damage|p1a: Toxapex|89\/100\n|-damage|p2a: Mienshao|84\/100|[from] item: Rocky Helmet|[of] p1a: Toxapex\n|-damage|p2a: Mienshao|74\/100|[from] item: Life Orb\n|\n|upkeep\n|turn|5\n|\n|t:|1700565343\n|move|p2a: Mienshao|Knock Off|p1a: Toxapex\n|-damage|p1a: Toxapex|58\/100\n|-damage|p2a: Mienshao|57\/100|[from] item: Rocky Helmet|[of] p1a: Toxapex\n|-enditem|p1a: Toxapex|Rocky Helmet|[from] move: Knock Off|[of] p2a: Mienshao\n|-damage|p2a: Mienshao|47\/100|[from] item: Life Orb\n|move|p1a: Toxapex|Toxic|p2a: Mienshao\n|-status|p2a: Mienshao|tox\n|\n|-damage|p2a: Mienshao|41\/100 tox|[from] psn\n|upkeep\n|turn|6\n|\n|t:|1700565350\n|move|p1a: Toxapex|Baneful Bunker|p1a: Toxapex\n|-singleturn|p1a: Toxapex|move: Protect\n|move|p2a: Mienshao|U-turn|p1a: Toxapex\n|-activate|p1a: Toxapex|move: Protect\n|\n|-damage|p2a: Mienshao|30\/100 tox|[from] psn\n|upkeep\n|turn|7\n|\n|t:|1700565361\n|move|p2a: Mienshao|U-turn|p1a: Toxapex\n|-resisted|p1a: Toxapex\n|-damage|p1a: Toxapex|48\/100\n|-damage|p2a: Mienshao|20\/100 tox|[from] item: Life Orb\n|\n|t:|1700565364\n|switch|p2a: Lokix|Lokix, M|100\/100|[from] U-turn\n|move|p1a: Toxapex|Toxic|p2a: Lokix\n|-status|p2a: Lokix|tox\n|\n|-damage|p2a: Lokix|94\/100 tox|[from] psn\n|upkeep\n|turn|8\n|\n|t:|1700565373\n|-terastallize|p2a: Lokix|Bug\n|move|p1a: Toxapex|Baneful Bunker|p1a: Toxapex\n|-singleturn|p1a: Toxapex|move: Protect\n|move|p2a: Lokix|First Impression|p1a: Toxapex\n|-activate|p1a: Toxapex|move: Protect\n|\n|-damage|p2a: Lokix|82\/100 tox|[from] psn\n|upkeep\n|turn|9\n|\n|t:|1700565384\n|move|p2a: Lokix|Leech Life|p1a: Toxapex\n|-resisted|p1a: Toxapex\n|-damage|p1a: Toxapex|10\/100\n|-heal|p2a: Lokix|100\/100 tox|[from] drain|[of] p1a: Toxapex\n|-damage|p2a: Lokix|91\/100 tox|[from] item: Life Orb\n|move|p1a: Toxapex|Chilling Water|p2a: Lokix\n|-damage|p2a: Lokix|69\/100 tox\n|-unboost|p2a: Lokix|atk|1\n|\n|-damage|p2a: Lokix|51\/100 tox|[from] psn\n|upkeep\n|turn|10\n|\n|t:|1700565395\n|switch|p1a: Armarouge|Armarouge, M|1\/100\n|move|p2a: Lokix|Leech Life|p1a: Armarouge\n|-damage|p1a: Armarouge|0 fnt\n|-heal|p2a: Lokix|52\/100 tox|[from] drain|[of] p1a: Armarouge\n|faint|p1a: Armarouge\n|-damage|p2a: Lokix|42\/100 tox|[from] item: Life Orb\n|\n|-damage|p2a: Lokix|18\/100 tox|[from] psn\n|upkeep\n|\n|t:|1700565401\n|switch|p1a: Toxapex|Toxapex, M|43\/100\n|turn|11\n|\n|t:|1700565406\n|move|p1a: Toxapex|Baneful Bunker|p1a: Toxapex\n|-singleturn|p1a: Toxapex|move: Protect\n|move|p2a: Lokix|Leech Life|p1a: Toxapex\n|-activate|p1a: Toxapex|move: Protect\n|\n|-damage|p2a: Lokix|0 fnt|[from] psn\n|faint|p2a: Lokix\n|upkeep\n|\n|t:|1700565408\n|switch|p2a: Mienshao|Mienshao, M|53\/100 tox\n|turn|12\n|\n|t:|1700565417\n|move|p2a: Mienshao|Fake Out|p1a: Toxapex\n|-damage|p1a: Toxapex|32\/100\n|-damage|p2a: Mienshao|43\/100 tox|[from] item: Life Orb\n|cant|p1a: Toxapex|flinch\n|\n|-damage|p2a: Mienshao|37\/100 tox|[from] psn\n|upkeep\n|turn|13\n|c|\u2606Kylo Reuniclus|lol\n|c|\u2606Kylo Reuniclus|why would you\n|c|\u2606Kylo Reuniclus|ok\n|\n|t:|1700565430\n|move|p1a: Toxapex|Baneful Bunker|p1a: Toxapex\n|-singleturn|p1a: Toxapex|move: Protect\n|move|p2a: Mienshao|Close Combat|p1a: Toxapex\n|-activate|p1a: Toxapex|move: Protect\n|\n|-damage|p2a: Mienshao|25\/100 tox|[from] psn\n|upkeep\n|turn|14\n|c|\u2606ForgottenMark|chip\n|c|\u2606Kylo Reuniclus|but it lets me do that again\n|c| TJ799|he couldnt protect though\n|c|\u2606Kylo Reuniclus|^\n|c|\u2606ForgottenMark|i forgot\n|\n|t:|1700565445\n|move|p2a: Mienshao|Close Combat|p1a: Toxapex\n|-resisted|p1a: Toxapex\n|-damage|p1a: Toxapex|4\/100\n|-unboost|p2a: Mienshao|def|1\n|-unboost|p2a: Mienshao|spd|1\n|-damage|p2a: Mienshao|15\/100 tox|[from] item: Life Orb\n|move|p1a: Toxapex|Chilling Water|p2a: Mienshao\n|-damage|p2a: Mienshao|0 fnt\n|faint|p2a: Mienshao\n|\n|win|Kylo Reuniclus\n|n|\u2606Kylo Reuniclus|kyloreuniclus\n|n|\u2606ForgottenMark|forgottenmark\n|n|*Lady Monita \u2746|ladymonita\n|n| TJ799|tj799\n|n| Blonking|blonking\n|n| poketough|poketough\n","uploadtime":1700565447,"views":4,"p1id":"kyloreuniclus","p2id":"forgottenmark","formatid":"gen9ou","rating":0,"private":0,"password":""}