{"id":"gen9ou-1991522061","p1":"MFDOOMPROPAGANDIST","p2":"Sindicate VI","format":"[Gen 9] OU","log":"|j|\u2606MFDOOMPROPAGANDIST\n|j|\u2606Sindicate VI\n|t:|1700084657\n|gametype|singles\n|player|p1|MFDOOMPROPAGANDIST|brycenman|1384\n|player|p2|Sindicate VI|266|1488\n|teamsize|p1|6\n|teamsize|p2|6\n|gen|9\n|tier|[Gen 9] OU\n|rated|\n|rule|Sleep Clause Mod: Limit one foe put to sleep\n|rule|Species Clause: Limit one of each Pok\u00e9mon\n|rule|OHKO Clause: OHKO moves are banned\n|rule|Evasion Items Clause: Evasion items are banned\n|rule|Evasion Moves Clause: Evasion moves are banned\n|rule|Endless Battle Clause: Forcing endless battles is banned\n|rule|HP Percentage Mod: HP is shown in percentages\n|clearpoke\n|poke|p1|Rillaboom, F|\n|poke|p1|Sneasler, F|\n|poke|p1|Glimmora, M|\n|poke|p1|Iron Moth|\n|poke|p1|Gholdengo|\n|poke|p1|Enamorus, F|\n|poke|p2|Cinderace, F|\n|poke|p2|Hatterene, F|\n|poke|p2|Rillaboom, M|\n|poke|p2|Dragapult, M|\n|poke|p2|Landorus-Therian, M|\n|poke|p2|Milotic, M|\n|teampreview\n|inactive|Battle timer is ON: inactive players will automatically lose when time's up. (requested by Sindicate VI)\n|\n|t:|1700084687\n|start\n|switch|p1a: whyAmIHereFather?|Glimmora, M|100\/100\n|switch|p2a: Dragapult|Dragapult, M|100\/100\n|turn|1\n|\n|t:|1700084691\n|move|p2a: Dragapult|Substitute|p2a: Dragapult\n|-start|p2a: Dragapult|Substitute\n|-damage|p2a: Dragapult|76\/100\n|move|p1a: whyAmIHereFather?|Stealth Rock|p2a: Dragapult\n|-sidestart|p2: Sindicate VI|move: Stealth Rock\n|\n|-heal|p2a: Dragapult|82\/100|[from] item: Leftovers\n|upkeep\n|turn|2\n|\n|t:|1700084698\n|move|p2a: Dragapult|Will-O-Wisp|p1a: whyAmIHereFather?\n|-status|p1a: whyAmIHereFather?|brn\n|move|p1a: whyAmIHereFather?|Earth Power|p2a: Dragapult\n|-end|p2a: Dragapult|Substitute\n|\n|-heal|p2a: Dragapult|88\/100|[from] item: Leftovers\n|-damage|p1a: whyAmIHereFather?|94\/100 brn|[from] brn\n|upkeep\n|turn|3\n|inactive|Sindicate VI has 120 seconds left.\n|\n|t:|1700084747\n|move|p2a: Dragapult|Hex|p1a: whyAmIHereFather?\n|-damage|p1a: whyAmIHereFather?|4\/100 brn\n|move|p1a: whyAmIHereFather?|Earth Power|p2a: Dragapult\n|-damage|p2a: Dragapult|43\/100\n|\n|-heal|p2a: Dragapult|49\/100|[from] item: Leftovers\n|-damage|p1a: whyAmIHereFather?|0 fnt|[from] brn\n|faint|p1a: whyAmIHereFather?\n|upkeep\n|\n|t:|1700084762\n|switch|p1a: MMMMMWA\ud83d\udc8b|Enamorus, F|100\/100\n|turn|4\n|\n|t:|1700084771\n|move|p1a: MMMMMWA\ud83d\udc8b|Moonblast|p2a: Dragapult\n|-supereffective|p2a: Dragapult\n|-damage|p2a: Dragapult|0 fnt\n|faint|p2a: Dragapult\n|\n|upkeep\n|\n|t:|1700084776\n|switch|p2a: Cinderace|Cinderace, F|100\/100\n|turn|5\n|\n|t:|1700084780\n|switch|p1a: The Goth|Iron Moth|100\/100\n|-enditem|p1a: The Goth|Booster Energy\n|-activate|p1a: The Goth|ability: Quark Drive|[fromitem]\n|-start|p1a: The Goth|quarkdrivespe\n|move|p2a: Cinderace|Court Change|p2a: Cinderace\n|-start|p2a: Cinderace|typechange|Normal|[from] ability: Libero\n|-swapsideconditions\n|-activate|p2a: Cinderace|move: Court Change\n|\n|upkeep\n|turn|6\n|\n|t:|1700084790\n|switch|p2a: Milotic|Milotic, M|100\/100\n|move|p1a: The Goth|Fiery Dance|p2a: Milotic\n|-resisted|p2a: Milotic\n|-damage|p2a: Milotic|87\/100\n|\n|-heal|p2a: Milotic|93\/100|[from] item: Leftovers\n|upkeep\n|turn|7\n|\n|t:|1700084795\n|-terastallize|p1a: The Goth|Grass\n|move|p1a: The Goth|Energy Ball|p2a: Milotic\n|-supereffective|p2a: Milotic\n|-damage|p2a: Milotic|34\/100\n|move|p2a: Milotic|Scald|p1a: The Goth\n|-resisted|p1a: The Goth\n|-damage|p1a: The Goth|88\/100\n|\n|-heal|p2a: Milotic|40\/100|[from] item: Leftovers\n|upkeep\n|turn|8\n|\n|t:|1700084816\n|-terastallize|p2a: Milotic|Dark\n|move|p1a: The Goth|Fiery Dance|p2a: Milotic\n|-damage|p2a: Milotic|14\/100\n|move|p2a: Milotic|Recover|p2a: Milotic\n|-heal|p2a: Milotic|64\/100\n|\n|-heal|p2a: Milotic|70\/100|[from] item: Leftovers\n|upkeep\n|turn|9\n|\n|t:|1700084823\n|move|p1a: The Goth|Fiery Dance|p2a: Milotic\n|-damage|p2a: Milotic|44\/100\n|move|p2a: Milotic|Mirror Coat|p1a: The Goth\n|-damage|p1a: The Goth|35\/100\n|\n|-heal|p2a: Milotic|50\/100|[from] item: Leftovers\n|upkeep\n|turn|10\n|\n|t:|1700084828\n|move|p1a: The Goth|Fiery Dance|p2a: Milotic\n|-damage|p2a: Milotic|22\/100\n|-boost|p1a: The Goth|spa|1\n|move|p2a: Milotic|Recover|p2a: Milotic\n|-heal|p2a: Milotic|72\/100\n|\n|-heal|p2a: Milotic|78\/100|[from] item: Leftovers\n|upkeep\n|turn|11\n|\n|t:|1700084834\n|move|p1a: The Goth|Substitute|p1a: The Goth\n|-start|p1a: The Goth|Substitute\n|-damage|p1a: The Goth|10\/100\n|move|p2a: Milotic|Recover|p2a: Milotic\n|-heal|p2a: Milotic|100\/100\n|\n|upkeep\n|turn|12\n|\n|t:|1700084838\n|move|p1a: The Goth|Fiery Dance|p2a: Milotic\n|-damage|p2a: Milotic|59\/100\n|move|p2a: Milotic|Mirror Coat|p1a: The Goth\n|-end|p1a: The Goth|Substitute\n|\n|-heal|p2a: Milotic|65\/100|[from] item: Leftovers\n|upkeep\n|turn|13\n|\n|t:|1700084843\n|move|p1a: The Goth|Fiery Dance|p2a: Milotic\n|-damage|p2a: Milotic|27\/100\n|-boost|p1a: The Goth|spa|1\n|move|p2a: Milotic|Recover|p2a: Milotic\n|-heal|p2a: Milotic|77\/100\n|\n|-heal|p2a: Milotic|83\/100|[from] item: Leftovers\n|upkeep\n|turn|14\n|\n|t:|1700084847\n|move|p1a: The Goth|Fiery Dance|p2a: Milotic\n|-damage|p2a: Milotic|26\/100\n|-boost|p1a: The Goth|spa|1\n|move|p2a: Milotic|Mirror Coat|p1a: The Goth\n|-damage|p1a: The Goth|0 fnt\n|faint|p1a: The Goth\n|-end|p1a: The Goth|Quark Drive|[silent]\n|\n|-heal|p2a: Milotic|32\/100|[from] item: Leftovers\n|upkeep\n|\n|t:|1700084854\n|switch|p1a: MMMMMWA\ud83d\udc8b|Enamorus, F|100\/100\n|-damage|p1a: MMMMMWA\ud83d\udc8b|76\/100|[from] Stealth Rock\n|turn|15\n|\n|t:|1700084862\n|move|p1a: MMMMMWA\ud83d\udc8b|Moonblast|p2a: Milotic\n|-supereffective|p2a: Milotic\n|-damage|p2a: Milotic|0 fnt\n|faint|p2a: Milotic\n|\n|upkeep\n|\n|t:|1700084863\n|switch|p2a: Cinderace|Cinderace, F|100\/100\n|turn|16\n|\n|t:|1700084870\n|move|p1a: MMMMMWA\ud83d\udc8b|Moonblast|p2a: Cinderace\n|-resisted|p2a: Cinderace\n|-damage|p2a: Cinderace|66\/100\n|move|p2a: Cinderace|Pyro Ball|p1a: MMMMMWA\ud83d\udc8b\n|-damage|p1a: MMMMMWA\ud83d\udc8b|0 fnt\n|faint|p1a: MMMMMWA\ud83d\udc8b\n|\n|upkeep\n|\n|t:|1700084872\n|switch|p1a: MF DOOM|Rillaboom, F|100\/100\n|-damage|p1a: MF DOOM|88\/100|[from] Stealth Rock\n|-fieldstart|move: Grassy Terrain|[from] ability: Grassy Surge|[of] p1a: MF DOOM\n|turn|17\n|\n|t:|1700084880\n|move|p2a: Cinderace|Pyro Ball|p1a: MF DOOM\n|-supereffective|p1a: MF DOOM\n|-damage|p1a: MF DOOM|0 fnt\n|faint|p1a: MF DOOM\n|\n|-heal|p2a: Cinderace|72\/100|[from] Grassy Terrain\n|upkeep\n|\n|t:|1700084885\n|switch|p1a: HisNameIsAllCaps|Sneasler, F|100\/100\n|-damage|p1a: HisNameIsAllCaps|95\/100|[from] Stealth Rock\n|-enditem|p1a: HisNameIsAllCaps|Grassy Seed\n|-boost|p1a: HisNameIsAllCaps|def|1|[from] item: Grassy Seed\n|turn|18\n|\n|t:|1700084890\n|move|p1a: HisNameIsAllCaps|Swords Dance|p1a: HisNameIsAllCaps\n|-boost|p1a: HisNameIsAllCaps|atk|2\n|move|p2a: Cinderace|U-turn|p1a: HisNameIsAllCaps\n|-start|p2a: Cinderace|typechange|Bug|[from] ability: Libero\n|-resisted|p1a: HisNameIsAllCaps\n|-damage|p1a: HisNameIsAllCaps|86\/100\n|\n|t:|1700084892\n|switch|p2a: Landorus|Landorus-Therian, M|100\/100|[from] U-turn\n|-ability|p2a: Landorus|Intimidate|boost\n|-unboost|p1a: HisNameIsAllCaps|atk|1\n|\n|-heal|p1a: HisNameIsAllCaps|92\/100|[from] Grassy Terrain\n|upkeep\n|turn|19\n|\n|t:|1700084896\n|move|p1a: HisNameIsAllCaps|Acrobatics|p2a: Landorus\n|-damage|p2a: Landorus|57\/100\n|-damage|p1a: HisNameIsAllCaps|75\/100|[from] item: Rocky Helmet|[of] p2a: Landorus\n|move|p2a: Landorus|Earthquake|p1a: HisNameIsAllCaps\n|-supereffective|p1a: HisNameIsAllCaps\n|-damage|p1a: HisNameIsAllCaps|21\/100\n|\n|-heal|p1a: HisNameIsAllCaps|27\/100|[from] Grassy Terrain\n|upkeep\n|turn|20\n|\n|t:|1700084906\n|move|p1a: HisNameIsAllCaps|Close Combat|p2a: Landorus\n|-resisted|p2a: Landorus\n|-damage|p2a: Landorus|27\/100\n|-unboost|p1a: HisNameIsAllCaps|def|1\n|-unboost|p1a: HisNameIsAllCaps|spd|1\n|-damage|p1a: HisNameIsAllCaps|10\/100|[from] item: Rocky Helmet|[of] p2a: Landorus\n|move|p2a: Landorus|Earthquake|p1a: HisNameIsAllCaps\n|-supereffective|p1a: HisNameIsAllCaps\n|-damage|p1a: HisNameIsAllCaps|0 fnt\n|faint|p1a: HisNameIsAllCaps\n|\n|upkeep\n|-message|MFDOOMPROPAGANDIST forfeited.\n|\n|win|Sindicate VI\n|raw|MFDOOMPROPAGANDIST's rating: 1384 &rarr; <strong>1370<\/strong><br \/>(-14 for losing)\n|raw|Sindicate VI's rating: 1488 &rarr; <strong>1502<\/strong><br \/>(+14 for winning)\n|l|\u2606MFDOOMPROPAGANDIST\n","uploadtime":1700084916,"views":7,"p1id":"mfdoompropagandist","p2id":"sindicatevi","formatid":"gen9ou","rating":1370,"private":0,"password":""}