{"id":"gen9ou-1999767296","p1":"maloc 45","p2":"Vizsla_falconer","format":"[Gen 9] OU","log":"|j|\u2606maloc 45\n|j|\u2606Vizsla_falconer\n|t:|1701114850\n|gametype|singles\n|player|p1|maloc 45|medium|1286\n|player|p2|Vizsla_falconer|265|1276\n|teamsize|p1|6\n|teamsize|p2|6\n|gen|9\n|tier|[Gen 9] OU\n|rated|\n|rule|Sleep Clause Mod: Limit one foe put to sleep\n|rule|Species Clause: Limit one of each Pok\u00e9mon\n|rule|OHKO Clause: OHKO moves are banned\n|rule|Evasion Items Clause: Evasion items are banned\n|rule|Evasion Moves Clause: Evasion moves are banned\n|rule|Endless Battle Clause: Forcing endless battles is banned\n|rule|HP Percentage Mod: HP is shown in percentages\n|clearpoke\n|poke|p1|Gholdengo|\n|poke|p1|Kingambit, F|\n|poke|p1|Ribombee, F|\n|poke|p1|Great Tusk|\n|poke|p1|Ogerpon-Wellspring, F|\n|poke|p1|Dragapult, F|\n|poke|p2|Gholdengo|\n|poke|p2|Dragapult, M|\n|poke|p2|Mimikyu, M|\n|poke|p2|Skeledirge, F|\n|poke|p2|Weezing-Galar, M|\n|poke|p2|Basculegion, M|\n|teampreview\n|inactive|Battle timer is ON: inactive players will automatically lose when time's up. (requested by maloc 45)\n|\n|t:|1701114865\n|start\n|switch|p1a: Ribombee|Ribombee, F, shiny|100\/100\n|switch|p2a: Basculegion|Basculegion, M|100\/100\n|turn|1\n|\n|t:|1701114874\n|move|p2a: Basculegion|Flip Turn|p1a: Ribombee\n|-damage|p1a: Ribombee|31\/100\n|\n|t:|1701114878\n|switch|p2a: Weezing|Weezing-Galar, M|100\/100|[from] Flip Turn\n|move|p1a: Ribombee|Sticky Web|p2a: Weezing\n|-sidestart|p2: Vizsla_falconer|move: Sticky Web\n|\n|upkeep\n|turn|2\n|\n|t:|1701114886\n|move|p1a: Ribombee|Stun Spore|p2a: Weezing\n|-status|p2a: Weezing|par\n|move|p2a: Weezing|Fire Blast|p1a: Ribombee\n|-supereffective|p1a: Ribombee\n|-damage|p1a: Ribombee|0 fnt\n|faint|p1a: Ribombee\n|\n|upkeep\n|\n|t:|1701114900\n|switch|p1a: Kingambit|Kingambit, F|100\/100\n|-activate|p1a: Kingambit|ability: Supreme Overlord\n|-start|p1a: Kingambit|fallen1|[silent]\n|turn|3\n|\n|t:|1701114916\n|move|p1a: Kingambit|Iron Head|p2a: Weezing\n|-supereffective|p2a: Weezing\n|-damage|p2a: Weezing|21\/100 par\n|-enditem|p2a: Weezing|Iapapa Berry|[eat]\n|-heal|p2a: Weezing|55\/100 par|[from] item: Iapapa Berry\n|cant|p2a: Weezing|flinch\n|\n|upkeep\n|turn|4\n|\n|t:|1701114936\n|-terastallize|p2a: Weezing|Ghost\n|move|p1a: Kingambit|Iron Head|p2a: Weezing\n|-damage|p2a: Weezing|12\/100 par\n|move|p2a: Weezing|Defog|p1a: Kingambit\n|-unboost|p1a: Kingambit|evasion|1\n|-sideend|p2: Vizsla_falconer|Sticky Web|[from] move: Defog|[of] p2a: Weezing\n|\n|upkeep\n|turn|5\n|inactive|Vizsla_falconer has 120 seconds left.\n|\n|t:|1701114961\n|move|p1a: Kingambit|Kowtow Cleave|p2a: Weezing\n|-supereffective|p2a: Weezing\n|-damage|p2a: Weezing|0 fnt\n|faint|p2a: Weezing\n|\n|upkeep\n|inactive|Vizsla_falconer has 120 seconds left.\n|\n|t:|1701114970\n|switch|p2a: Mimikyu|Mimikyu, M|100\/100\n|turn|6\n|inactive|Vizsla_falconer has 120 seconds left.\n|\n|t:|1701114980\n|move|p2a: Mimikyu|Drain Punch|p1a: Kingambit\n|-supereffective|p1a: Kingambit\n|-damage|p1a: Kingambit|4\/100\n|-damage|p2a: Mimikyu|91\/100|[from] item: Life Orb\n|move|p1a: Kingambit|Iron Head|p2a: Mimikyu\n|-activate|p2a: Mimikyu|ability: Disguise\n|-damage|p2a: Mimikyu|91\/100\n|detailschange|p2a: Mimikyu|Mimikyu-Busted, M\n|-damage|p2a: Mimikyu|78\/100|[from] pokemon: Mimikyu-Busted\n|\n|upkeep\n|turn|7\n|inactive|Vizsla_falconer has 120 seconds left.\n|\n|t:|1701114994\n|-end|p1a: Kingambit|fallen1|[silent]\n|switch|p1a: Dragapult|Dragapult, F, shiny|100\/100\n|move|p2a: Mimikyu|Shadow Sneak|p1a: Dragapult\n|-supereffective|p1a: Dragapult\n|-crit|p1a: Dragapult\n|-damage|p1a: Dragapult|0 fnt\n|faint|p1a: Dragapult\n|-damage|p2a: Mimikyu|68\/100|[from] item: Life Orb\n|\n|upkeep\n|\n|t:|1701115007\n|switch|p1a: Ogerpon|Ogerpon-Wellspring, F|100\/100\n|turn|8\n|inactive|Vizsla_falconer has 120 seconds left.\n|inactive|Vizsla_falconer has 90 seconds left.\n|\n|t:|1701115056\n|switch|p2a: Skeledirge|Skeledirge, F|100\/100\n|move|p1a: Ogerpon|Knock Off|p2a: Skeledirge\n|-supereffective|p2a: Skeledirge\n|-damage|p2a: Skeledirge|37\/100\n|-enditem|p2a: Skeledirge|Leftovers|[from] move: Knock Off|[of] p1a: Ogerpon\n|\n|upkeep\n|turn|9\n|\n|t:|1701115069\n|move|p1a: Ogerpon|Ivy Cudgel|p2a: Skeledirge|[anim] Ivy Cudgel Water\n|-supereffective|p2a: Skeledirge\n|-damage|p2a: Skeledirge|0 fnt\n|faint|p2a: Skeledirge\n|\n|upkeep\n|\n|t:|1701115078\n|switch|p2a: Dragapult|Dragapult, M|100\/100\n|turn|10\n|\n|t:|1701115089\n|move|p2a: Dragapult|Draco Meteor|p1a: Ogerpon\n|-damage|p1a: Ogerpon|1\/100\n|-unboost|p2a: Dragapult|spa|2\n|-damage|p2a: Dragapult|91\/100|[from] item: Life Orb\n|move|p1a: Ogerpon|Swords Dance|p1a: Ogerpon\n|-boost|p1a: Ogerpon|atk|2\n|\n|upkeep\n|turn|11\n|\n|t:|1701115101\n|move|p2a: Dragapult|Shadow Ball|p1a: Ogerpon\n|-damage|p1a: Ogerpon|0 fnt\n|faint|p1a: Ogerpon\n|-damage|p2a: Dragapult|81\/100|[from] item: Life Orb\n|\n|upkeep\n|\n|t:|1701115107\n|switch|p1a: Kingambit|Kingambit, F|4\/100\n|-activate|p1a: Kingambit|ability: Supreme Overlord\n|-start|p1a: Kingambit|fallen3|[silent]\n|turn|12\n|\n|t:|1701115116\n|switch|p2a: Gholdengo|Gholdengo|100\/100\n|move|p1a: Kingambit|Sucker Punch||[still]\n|-fail|p1a: Kingambit\n|\n|upkeep\n|turn|13\n|\n|t:|1701115123\n|-end|p1a: Kingambit|fallen3|[silent]\n|switch|p1a: Great Tusk|Great Tusk|100\/100\n|move|p2a: Gholdengo|Substitute|p2a: Gholdengo\n|-start|p2a: Gholdengo|Substitute\n|-damage|p2a: Gholdengo|76\/100\n|\n|-heal|p2a: Gholdengo|82\/100|[from] item: Leftovers\n|upkeep\n|turn|14\n|\n|t:|1701115137\n|move|p2a: Gholdengo|Shadow Ball|p1a: Great Tusk\n|-damage|p1a: Great Tusk|45\/100\n|move|p1a: Great Tusk|Earthquake|p2a: Gholdengo\n|-supereffective|p2a: Gholdengo\n|-end|p2a: Gholdengo|Substitute\n|\n|-heal|p2a: Gholdengo|88\/100|[from] item: Leftovers\n|-heal|p1a: Great Tusk|51\/100|[from] item: Leftovers\n|upkeep\n|turn|15\n|\n|t:|1701115152\n|move|p2a: Gholdengo|Substitute|p2a: Gholdengo\n|-start|p2a: Gholdengo|Substitute\n|-damage|p2a: Gholdengo|63\/100\n|move|p1a: Great Tusk|Knock Off|p2a: Gholdengo\n|-supereffective|p2a: Gholdengo\n|-end|p2a: Gholdengo|Substitute\n|\n|-heal|p2a: Gholdengo|69\/100|[from] item: Leftovers\n|-heal|p1a: Great Tusk|57\/100|[from] item: Leftovers\n|upkeep\n|turn|16\n|\n|t:|1701115162\n|move|p2a: Gholdengo|Shadow Ball|p1a: Great Tusk\n|-damage|p1a: Great Tusk|0 fnt\n|faint|p1a: Great Tusk\n|-end|p1a: Great Tusk|Protosynthesis|[silent]\n|\n|-heal|p2a: Gholdengo|75\/100|[from] item: Leftovers\n|upkeep\n|\n|t:|1701115171\n|switch|p1a: Kingambit|Kingambit, F|4\/100\n|-activate|p1a: Kingambit|ability: Supreme Overlord\n|-start|p1a: Kingambit|fallen4|[silent]\n|turn|17\n|inactive|Vizsla_falconer has 120 seconds left.\n|\n|t:|1701115177\n|move|p1a: Kingambit|Sucker Punch||[still]\n|-fail|p1a: Kingambit\n|move|p2a: Gholdengo|Substitute|p2a: Gholdengo\n|-start|p2a: Gholdengo|Substitute\n|-damage|p2a: Gholdengo|50\/100\n|\n|-heal|p2a: Gholdengo|56\/100|[from] item: Leftovers\n|upkeep\n|turn|18\n|-message|maloc 45 forfeited.\n|\n|win|Vizsla_falconer\n|raw|maloc 45's rating: 1286 &rarr; <strong>1260<\/strong><br \/>(-26 for losing)\n|raw|Vizsla_falconer's rating: 1276 &rarr; <strong>1302<\/strong><br \/>(+26 for winning)\n|l|\u2606maloc 45\n","uploadtime":1701115200,"views":17,"p1id":"maloc45","p2id":"vizslafalconer","formatid":"gen9ou","rating":1260,"private":0,"password":""}