{"id":"gen9ou-1990175765","p1":"Sandy C*cks","p2":"Future94","format":"[Gen 9] OU","log":"|j|\u2606Sandy C*cks\n|j|\u2606Future94\n|t:|1699933110\n|gametype|singles\n|player|p1|Sandy C*cks|hugh|1461\n|player|p2|Future94|cyclist|1378\n|teamsize|p1|6\n|teamsize|p2|6\n|gen|9\n|tier|[Gen 9] OU\n|rated|\n|rule|Sleep Clause Mod: Limit one foe put to sleep\n|rule|Species Clause: Limit one of each Pok\u00e9mon\n|rule|OHKO Clause: OHKO moves are banned\n|rule|Evasion Items Clause: Evasion items are banned\n|rule|Evasion Moves Clause: Evasion moves are banned\n|rule|Endless Battle Clause: Forcing endless battles is banned\n|rule|HP Percentage Mod: HP is shown in percentages\n|clearpoke\n|poke|p1|Thundurus-Therian, M|\n|poke|p1|Weezing-Galar, M|\n|poke|p1|Ting-Lu|\n|poke|p1|Gholdengo|\n|poke|p1|Zamazenta-*|\n|poke|p1|Iron Valiant|\n|poke|p2|Rillaboom, F|\n|poke|p2|Sneasler, F|\n|poke|p2|Zamazenta-*|\n|poke|p2|Heatran, F|\n|poke|p2|Hatterene, F|\n|poke|p2|Manaphy|\n|teampreview\n|\n|t:|1699933119\n|start\n|switch|p1a: Thundurus|Thundurus-Therian, M|100\/100\n|switch|p2a: Spezy|Heatran, F|100\/100\n|-item|p2a: Spezy|Air Balloon\n|turn|1\n|\n|t:|1699933125\n|move|p1a: Thundurus|Volt Switch|p2a: Spezy\n|-damage|p2a: Spezy|61\/100\n|-enditem|p2a: Spezy|Air Balloon\n|\n|t:|1699933131\n|switch|p1a: Ting-Lu|Ting-Lu|100\/100|[from] Volt Switch\n|-ability|p1a: Ting-Lu|Vessel of Ruin\n|move|p2a: Spezy|Taunt|p1a: Ting-Lu\n|-start|p1a: Ting-Lu|move: Taunt\n|\n|upkeep\n|turn|2\n|\n|t:|1699933143\n|switch|p2a: Szaf|Rillaboom, F|100\/100\n|-fieldstart|move: Grassy Terrain|[from] ability: Grassy Surge|[of] p2a: Szaf\n|switch|p1a: Thundurus|Thundurus-Therian, M|100\/100\n|\n|upkeep\n|turn|3\n|\n|t:|1699933161\n|switch|p2a: Geordie|Hatterene, F|100\/100\n|-enditem|p2a: Geordie|Grassy Seed\n|-boost|p2a: Geordie|def|1|[from] item: Grassy Seed\n|move|p1a: Thundurus|Volt Switch|p2a: Geordie\n|-crit|p2a: Geordie\n|-damage|p2a: Geordie|9\/100\n|\n|t:|1699933168\n|switch|p1a: Gholdengo|Gholdengo|100\/100|[from] Volt Switch\n|\n|-heal|p2a: Geordie|15\/100|[from] Grassy Terrain\n|upkeep\n|turn|4\n|\n|t:|1699933176\n|move|p1a: Gholdengo|Shadow Ball|p2a: Geordie\n|-supereffective|p2a: Geordie\n|-damage|p2a: Geordie|0 fnt\n|faint|p2a: Geordie\n|\n|upkeep\n|\n|t:|1699933187\n|switch|p2a: Spezy|Heatran, F|61\/100\n|turn|5\n|\n|t:|1699933196\n|switch|p1a: Ting-Lu|Ting-Lu|100\/100\n|-ability|p1a: Ting-Lu|Vessel of Ruin\n|move|p2a: Spezy|Magma Storm|p1a: Ting-Lu\n|-damage|p1a: Ting-Lu|82\/100\n|-activate|p1a: Ting-Lu|move: Magma Storm|[of] p2a: Spezy\n|\n|-heal|p2a: Spezy|67\/100|[from] Grassy Terrain\n|-heal|p1a: Ting-Lu|88\/100|[from] Grassy Terrain\n|-heal|p1a: Ting-Lu|94\/100|[from] item: Leftovers\n|-damage|p1a: Ting-Lu|82\/100|[from] move: Magma Storm|[partiallytrapped]\n|upkeep\n|turn|6\n|\n|t:|1699933208\n|move|p2a: Spezy|Taunt|p1a: Ting-Lu\n|-start|p1a: Ting-Lu|move: Taunt\n|move|p1a: Ting-Lu|Earthquake|p2a: Spezy\n|-supereffective|p2a: Spezy\n|-damage|p2a: Spezy|2\/100\n|\n|-heal|p2a: Spezy|8\/100|[from] Grassy Terrain\n|-heal|p1a: Ting-Lu|88\/100|[from] Grassy Terrain\n|-heal|p1a: Ting-Lu|94\/100|[from] item: Leftovers\n|-damage|p1a: Ting-Lu|82\/100|[from] move: Magma Storm|[partiallytrapped]\n|-fieldend|move: Grassy Terrain\n|upkeep\n|turn|7\n|\n|t:|1699933221\n|move|p2a: Spezy|Will-O-Wisp|p1a: Ting-Lu\n|-status|p1a: Ting-Lu|brn\n|move|p1a: Ting-Lu|Earthquake|p2a: Spezy\n|-supereffective|p2a: Spezy\n|-damage|p2a: Spezy|0 fnt\n|faint|p2a: Spezy\n|\n|-heal|p1a: Ting-Lu|88\/100 brn|[from] item: Leftovers\n|-damage|p1a: Ting-Lu|82\/100 brn|[from] brn\n|-end|p1a: Ting-Lu|Magma Storm|[partiallytrapped]|[silent]\n|upkeep\n|\n|t:|1699933230\n|switch|p2a: Szaf|Rillaboom, F|100\/100\n|-fieldstart|move: Grassy Terrain|[from] ability: Grassy Surge|[of] p2a: Szaf\n|turn|8\n|\n|t:|1699933233\n|switch|p1a: Weezing|Weezing-Galar, M|100\/100\n|-ability|p1a: Weezing|Neutralizing Gas\n|-item|p1a: Weezing|Air Balloon\n|move|p2a: Szaf|U-turn|p1a: Weezing\n|-resisted|p1a: Weezing\n|-damage|p1a: Weezing|93\/100\n|-enditem|p1a: Weezing|Air Balloon\n|\n|t:|1699933249\n|switch|p2a: Peyton|Manaphy|100\/100|[from] U-turn\n|\n|-heal|p1a: Weezing|99\/100|[from] Grassy Terrain\n|upkeep\n|turn|9\n|\n|t:|1699933260\n|-end|p1a: Weezing|ability: Neutralizing Gas\n|switch|p1a: Thundurus|Thundurus-Therian, M|100\/100\n|move|p2a: Peyton|Take Heart|p2a: Peyton\n|-boost|p2a: Peyton|spa|1\n|-boost|p2a: Peyton|spd|1\n|\n|upkeep\n|turn|10\n|\n|t:|1699933267\n|-terastallize|p2a: Peyton|Poison\n|move|p1a: Thundurus|Volt Switch|p2a: Peyton\n|-damage|p2a: Peyton|67\/100\n|\n|t:|1699933273\n|switch|p1a: Iron Valiant|Iron Valiant|100\/100|[from] Volt Switch\n|-enditem|p1a: Iron Valiant|Booster Energy\n|-activate|p1a: Iron Valiant|ability: Quark Drive|[fromitem]\n|-start|p1a: Iron Valiant|quarkdrivespe\n|move|p2a: Peyton|Take Heart|p2a: Peyton\n|-boost|p2a: Peyton|spa|1\n|-boost|p2a: Peyton|spd|1\n|\n|-heal|p2a: Peyton|74\/100|[from] Grassy Terrain\n|-heal|p2a: Peyton|80\/100|[from] item: Leftovers\n|upkeep\n|turn|11\n|\n|t:|1699933284\n|move|p1a: Iron Valiant|Encore|p2a: Peyton\n|-start|p2a: Peyton|Encore\n|move|p2a: Peyton|Take Heart|p2a: Peyton\n|-boost|p2a: Peyton|spa|1\n|-boost|p2a: Peyton|spd|1\n|\n|-heal|p2a: Peyton|86\/100|[from] Grassy Terrain\n|-heal|p2a: Peyton|92\/100|[from] item: Leftovers\n|upkeep\n|turn|12\n|\n|t:|1699933291\n|move|p1a: Iron Valiant|Knock Off|p2a: Peyton\n|-damage|p2a: Peyton|67\/100\n|-enditem|p2a: Peyton|Leftovers|[from] move: Knock Off|[of] p1a: Iron Valiant\n|move|p2a: Peyton|Take Heart|p2a: Peyton\n|-boost|p2a: Peyton|spa|1\n|-boost|p2a: Peyton|spd|1\n|\n|-heal|p2a: Peyton|73\/100|[from] Grassy Terrain\n|-fieldend|move: Grassy Terrain\n|upkeep\n|turn|13\n|\n|t:|1699933304\n|switch|p2a: Szaf|Rillaboom, F|100\/100\n|-fieldstart|move: Grassy Terrain|[from] ability: Grassy Surge|[of] p2a: Szaf\n|move|p1a: Iron Valiant|Knock Off|p2a: Szaf\n|-damage|p2a: Szaf|69\/100\n|-enditem|p2a: Szaf|Choice Band|[from] move: Knock Off|[of] p1a: Iron Valiant\n|\n|-heal|p2a: Szaf|75\/100|[from] Grassy Terrain\n|upkeep\n|turn|14\n|\n|t:|1699933314\n|-end|p1a: Iron Valiant|Quark Drive|[silent]\n|switch|p1a: Weezing|Weezing-Galar, M|99\/100\n|-ability|p1a: Weezing|Neutralizing Gas\n|move|p2a: Szaf|Knock Off|p1a: Weezing\n|-resisted|p1a: Weezing\n|-damage|p1a: Weezing|90\/100\n|\n|-heal|p2a: Szaf|81\/100|[from] Grassy Terrain\n|-heal|p1a: Weezing|96\/100|[from] Grassy Terrain\n|upkeep\n|turn|15\n|\n|t:|1699933324\n|switch|p2a: Peyton|Manaphy, tera:Poison|73\/100\n|move|p1a: Weezing|Will-O-Wisp|p2a: Peyton|[miss]\n|-miss|p1a: Weezing|p2a: Peyton\n|\n|-heal|p2a: Peyton|80\/100|[from] Grassy Terrain\n|-heal|p1a: Weezing|100\/100|[from] Grassy Terrain\n|upkeep\n|turn|16\n|\n|t:|1699933331\n|-end|p1a: Weezing|ability: Neutralizing Gas\n|switch|p1a: Ting-Lu|Ting-Lu|82\/100 brn\n|-ability|p1a: Ting-Lu|Vessel of Ruin\n|move|p2a: Peyton|Scald|p1a: Ting-Lu\n|-supereffective|p1a: Ting-Lu\n|-damage|p1a: Ting-Lu|57\/100 brn\n|\n|-heal|p2a: Peyton|86\/100|[from] Grassy Terrain\n|-heal|p1a: Ting-Lu|63\/100 brn|[from] Grassy Terrain\n|-heal|p1a: Ting-Lu|69\/100 brn|[from] item: Leftovers\n|-damage|p1a: Ting-Lu|63\/100 brn|[from] brn\n|upkeep\n|turn|17\n|\n|t:|1699933346\n|switch|p2a: Szaf|Rillaboom, F|81\/100\n|move|p1a: Ting-Lu|Spikes|p2a: Szaf\n|-sidestart|p2: Future94|Spikes\n|\n|-heal|p2a: Szaf|88\/100|[from] Grassy Terrain\n|-heal|p1a: Ting-Lu|69\/100 brn|[from] Grassy Terrain\n|-heal|p1a: Ting-Lu|76\/100 brn|[from] item: Leftovers\n|-damage|p1a: Ting-Lu|69\/100 brn|[from] brn\n|-fieldend|move: Grassy Terrain\n|upkeep\n|turn|18\n|\n|t:|1699933355\n|switch|p1a: Weezing|Weezing-Galar, M|100\/100\n|-ability|p1a: Weezing|Neutralizing Gas\n|move|p2a: Szaf|U-turn|p1a: Weezing\n|-resisted|p1a: Weezing\n|-damage|p1a: Weezing|95\/100\n|\n|t:|1699933362\n|switch|p2a: Pug|Zamazenta|100\/100|[from] U-turn\n|-damage|p2a: Pug|88\/100|[from] Spikes\n|\n|-heal|p2a: Pug|94\/100|[from] item: Leftovers\n|upkeep\n|turn|19\n|\n|t:|1699933382\n|-end|p1a: Weezing|ability: Neutralizing Gas\n|-ability|p2a: Pug|Dauntless Shield|boost\n|-boost|p2a: Pug|def|1\n|switch|p1a: Thundurus|Thundurus-Therian, M|100\/100\n|move|p2a: Pug|Heavy Slam|p1a: Thundurus\n|-resisted|p1a: Thundurus\n|-damage|p1a: Thundurus|81\/100\n|\n|-heal|p2a: Pug|100\/100|[from] item: Leftovers\n|upkeep\n|turn|20\n|\n|t:|1699933393\n|-terastallize|p1a: Thundurus|Flying\n|move|p2a: Pug|Iron Defense|p2a: Pug\n|-boost|p2a: Pug|def|2\n|move|p1a: Thundurus|Tera Blast|p2a: Pug|[anim] Tera Blast Flying\n|-supereffective|p2a: Pug\n|-damage|p2a: Pug|0 fnt\n|faint|p2a: Pug\n|\n|upkeep\n|\n|t:|1699933402\n|switch|p2a: Szaf|Rillaboom, F|88\/100\n|-damage|p2a: Szaf|75\/100|[from] Spikes\n|-fieldstart|move: Grassy Terrain|[from] ability: Grassy Surge|[of] p2a: Szaf\n|turn|21\n|\n|t:|1699933407\n|move|p1a: Thundurus|Tera Blast|p2a: Szaf|[anim] Tera Blast Flying\n|-supereffective|p2a: Szaf\n|-damage|p2a: Szaf|0 fnt\n|faint|p2a: Szaf\n|\n|upkeep\n|\n|t:|1699933412\n|switch|p2a: Freddie|Sneasler, F|100\/100\n|-damage|p2a: Freddie|88\/100|[from] Spikes\n|-enditem|p2a: Freddie|Grassy Seed\n|-boost|p2a: Freddie|def|1|[from] item: Grassy Seed\n|turn|22\n|\n|t:|1699933417\n|switch|p1a: Gholdengo|Gholdengo|100\/100\n|move|p2a: Freddie|Dire Claw|p1a: Gholdengo\n|-immune|p1a: Gholdengo\n|\n|-heal|p2a: Freddie|94\/100|[from] Grassy Terrain\n|upkeep\n|turn|23\n|\n|t:|1699933427\n|move|p2a: Freddie|Shadow Claw|p1a: Gholdengo\n|-supereffective|p1a: Gholdengo\n|-damage|p1a: Gholdengo|63\/100\n|move|p1a: Gholdengo|Shadow Ball|p2a: Freddie\n|-damage|p2a: Freddie|49\/100\n|\n|-heal|p2a: Freddie|55\/100|[from] Grassy Terrain\n|-heal|p1a: Gholdengo|70\/100|[from] Grassy Terrain\n|-heal|p1a: Gholdengo|76\/100|[from] item: Leftovers\n|upkeep\n|turn|24\n|\n|t:|1699933437\n|move|p2a: Freddie|Swords Dance|p2a: Freddie\n|-boost|p2a: Freddie|atk|2\n|move|p1a: Gholdengo|Make It Rain|p2a: Freddie\n|-damage|p2a: Freddie|0 fnt\n|-unboost|p1a: Gholdengo|spa|1\n|faint|p2a: Freddie\n|\n|-heal|p1a: Gholdengo|82\/100|[from] Grassy Terrain\n|-heal|p1a: Gholdengo|88\/100|[from] item: Leftovers\n|upkeep\n|-message|Future94 forfeited.\n|\n|win|Sandy C*cks\n|raw|Sandy C*cks's rating: 1461 &rarr; <strong>1476<\/strong><br \/>(+15 for winning)\n|raw|Future94's rating: 1378 &rarr; <strong>1363<\/strong><br \/>(-15 for losing)\n|l|\u2606Future94\n","uploadtime":1699933448,"views":18,"p1id":"sandyccks","p2id":"future94","formatid":"gen9ou","rating":1363,"private":0,"password":""}