{"id":"gen9ou-1998377567","p1":"AthenasHe1m","p2":"SirBoogerBrain","format":"[Gen 9] OU","log":"|j|\u2606AthenasHe1m\n|j|\u2606SirBoogerBrain\n|t:|1700935557\n|gametype|singles\n|player|p1|AthenasHe1m|1|1294\n|player|p2|SirBoogerBrain|bellhop|1280\n|teamsize|p1|6\n|teamsize|p2|6\n|gen|9\n|tier|[Gen 9] OU\n|rated|\n|rule|Sleep Clause Mod: Limit one foe put to sleep\n|rule|Species Clause: Limit one of each Pok\u00e9mon\n|rule|OHKO Clause: OHKO moves are banned\n|rule|Evasion Items Clause: Evasion items are banned\n|rule|Evasion Moves Clause: Evasion moves are banned\n|rule|Endless Battle Clause: Forcing endless battles is banned\n|rule|HP Percentage Mod: HP is shown in percentages\n|clearpoke\n|poke|p1|Maushold|\n|poke|p1|Samurott-Hisui, M|\n|poke|p1|Kingambit, M|\n|poke|p1|Garganacl, F|\n|poke|p1|Amoonguss, M|\n|poke|p1|Weavile, F|\n|poke|p2|Iron Valiant|\n|poke|p2|Kingambit, F|\n|poke|p2|Great Tusk|\n|poke|p2|Garchomp, M|\n|poke|p2|Moltres|\n|poke|p2|Amoonguss, M|\n|teampreview\n|inactive|Battle timer is ON: inactive players will automatically lose when time's up. (requested by SirBoogerBrain)\n|inactive|SirBoogerBrain has 120 seconds left.\n|\n|t:|1700935587\n|start\n|switch|p1a: Garganacl|Garganacl, F|100\/100\n|switch|p2a: Abyssal Fin|Garchomp, M|100\/100\n|turn|1\n|\n|t:|1700935592\n|-terastallize|p1a: Garganacl|Fairy\n|move|p2a: Abyssal Fin|Earthquake|p1a: Garganacl\n|-damage|p1a: Garganacl|71\/100\n|move|p1a: Garganacl|Iron Defense|p1a: Garganacl\n|-boost|p1a: Garganacl|def|2\n|\n|-heal|p1a: Garganacl|77\/100|[from] item: Leftovers\n|upkeep\n|turn|2\n|\n|t:|1700935601\n|switch|p2a: Bloom Warden|Amoonguss, M|100\/100\n|move|p1a: Garganacl|Salt Cure|p2a: Bloom Warden\n|-damage|p2a: Bloom Warden|88\/100\n|-start|p2a: Bloom Warden|Salt Cure\n|\n|-heal|p1a: Garganacl|84\/100|[from] item: Leftovers\n|-damage|p2a: Bloom Warden|76\/100|[from] Salt Cure\n|upkeep\n|turn|3\n|\n|t:|1700935608\n|switch|p1a: Kingambit|Kingambit, M|100\/100\n|move|p2a: Bloom Warden|Sludge Bomb|p1a: Kingambit\n|-immune|p1a: Kingambit\n|\n|-damage|p2a: Bloom Warden|63\/100|[from] Salt Cure\n|upkeep\n|turn|4\n|\n|t:|1700935612\n|switch|p2a: Pyre Raptor|Moltres|100\/100\n|move|p1a: Kingambit|Swords Dance|p1a: Kingambit\n|-boost|p1a: Kingambit|atk|2\n|\n|upkeep\n|turn|5\n|\n|t:|1700935622\n|move|p1a: Kingambit|Sucker Punch|p2a: Pyre Raptor\n|-damage|p2a: Pyre Raptor|46\/100\n|-status|p1a: Kingambit|brn|[from] ability: Flame Body|[of] p2a: Pyre Raptor\n|move|p2a: Pyre Raptor|Flamethrower|p1a: Kingambit\n|-supereffective|p1a: Kingambit\n|-damage|p1a: Kingambit|11\/100 brn\n|\n|-heal|p1a: Kingambit|17\/100 brn|[from] item: Leftovers\n|-damage|p1a: Kingambit|11\/100 brn|[from] brn\n|upkeep\n|turn|6\n|\n|t:|1700935635\n|-end|p1a: Kingambit|fallenundefined|[silent]\n|switch|p1a: Garganacl|Garganacl, F, tera:Fairy|84\/100\n|move|p2a: Pyre Raptor|Roost|p2a: Pyre Raptor\n|-heal|p2a: Pyre Raptor|96\/100\n|-singleturn|p2a: Pyre Raptor|move: Roost\n|\n|-heal|p1a: Garganacl|90\/100|[from] item: Leftovers\n|upkeep\n|turn|7\n|\n|t:|1700935645\n|switch|p2a: Bloom Warden|Amoonguss, M|97\/100\n|move|p1a: Garganacl|Salt Cure|p2a: Bloom Warden\n|-damage|p2a: Bloom Warden|86\/100\n|-start|p2a: Bloom Warden|Salt Cure\n|\n|-heal|p1a: Garganacl|96\/100|[from] item: Leftovers\n|-damage|p2a: Bloom Warden|73\/100|[from] Salt Cure\n|upkeep\n|turn|8\n|\n|t:|1700935672\n|switch|p1a: Amoonguss|Amoonguss, M, shiny|100\/100\n|move|p2a: Bloom Warden|Giga Drain|p1a: Amoonguss\n|-resisted|p1a: Amoonguss\n|-damage|p1a: Amoonguss|95\/100\n|-heal|p2a: Bloom Warden|76\/100|[from] drain|[of] p1a: Amoonguss\n|-enditem|p1a: Amoonguss|Red Card|[of] p2a: Bloom Warden\n|drag|p2a: Stonebreaker|Great Tusk|100\/100\n|\n|upkeep\n|turn|9\n|\n|t:|1700935689\n|-end|p2a: Stonebreaker|Protosynthesis|[silent]\n|switch|p2a: Bloom Warden|Amoonguss, M|100\/100\n|move|p1a: Amoonguss|Sludge Bomb|p2a: Bloom Warden\n|-damage|p2a: Bloom Warden|77\/100\n|\n|upkeep\n|turn|10\n|\n|t:|1700935697\n|move|p2a: Bloom Warden|Sludge Bomb|p1a: Amoonguss\n|-damage|p1a: Amoonguss|70\/100\n|move|p1a: Amoonguss|Foul Play|p2a: Bloom Warden\n|-damage|p2a: Bloom Warden|65\/100\n|-damage|p1a: Amoonguss|53\/100|[from] item: Rocky Helmet|[of] p2a: Bloom Warden\n|\n|upkeep\n|turn|11\n|\n|t:|1700935705\n|move|p2a: Bloom Warden|Giga Drain|p1a: Amoonguss\n|-resisted|p1a: Amoonguss\n|-damage|p1a: Amoonguss|48\/100\n|-heal|p2a: Bloom Warden|68\/100|[from] drain|[of] p1a: Amoonguss\n|move|p1a: Amoonguss|Sludge Bomb|p2a: Bloom Warden\n|-damage|p2a: Bloom Warden|47\/100\n|\n|upkeep\n|turn|12\n|\n|t:|1700935707\n|move|p2a: Bloom Warden|Sludge Bomb|p1a: Amoonguss\n|-damage|p1a: Amoonguss|20\/100\n|move|p1a: Amoonguss|Sludge Bomb|p2a: Bloom Warden\n|-damage|p2a: Bloom Warden|25\/100\n|\n|upkeep\n|turn|13\n|\n|t:|1700935712\n|move|p2a: Bloom Warden|Sludge Bomb|p1a: Amoonguss\n|-damage|p1a: Amoonguss|0 fnt\n|faint|p1a: Amoonguss\n|\n|upkeep\n|inactive|AthenasHe1m has 120 seconds left.\n|\n|t:|1700935745\n|switch|p1a: Maushold|Maushold|100\/100\n|turn|14\n|\n|t:|1700935757\n|switch|p2a: Pyre Raptor|Moltres|96\/100\n|move|p1a: Maushold|Tidy Up|p1a: Maushold\n|-boost|p1a: Maushold|atk|1\n|-boost|p1a: Maushold|spe|1\n|\n|upkeep\n|turn|15\n|\n|t:|1700935763\n|move|p1a: Maushold|Population Bomb|p2a: Pyre Raptor\n|-damage|p2a: Pyre Raptor|85\/100\n|-status|p1a: Maushold|brn|[from] ability: Flame Body|[of] p2a: Pyre Raptor\n|-damage|p2a: Pyre Raptor|79\/100\n|-damage|p2a: Pyre Raptor|73\/100\n|-damage|p2a: Pyre Raptor|68\/100\n|-damage|p2a: Pyre Raptor|62\/100\n|-damage|p2a: Pyre Raptor|57\/100\n|-damage|p2a: Pyre Raptor|51\/100\n|-damage|p2a: Pyre Raptor|45\/100\n|-damage|p2a: Pyre Raptor|39\/100\n|-damage|p2a: Pyre Raptor|33\/100\n|-hitcount|p2a: Pyre Raptor|10\n|move|p2a: Pyre Raptor|Will-O-Wisp|p1a: Maushold\n|-fail|p1a: Maushold|brn\n|\n|-damage|p1a: Maushold|94\/100 brn|[from] brn\n|upkeep\n|turn|16\n|\n|t:|1700935772\n|switch|p2a: Bloom Warden|Amoonguss, M|58\/100\n|move|p1a: Maushold|Encore||[still]\n|-fail|p1a: Maushold\n|\n|-damage|p1a: Maushold|88\/100 brn|[from] brn\n|upkeep\n|turn|17\n|\n|t:|1700935784\n|switch|p2a: Abyssal Fin|Garchomp, M|100\/100\n|move|p1a: Maushold|Tidy Up|p1a: Maushold\n|-boost|p1a: Maushold|atk|1\n|-boost|p1a: Maushold|spe|1\n|\n|-damage|p1a: Maushold|82\/100 brn|[from] brn\n|upkeep\n|turn|18\n|\n|t:|1700935789\n|move|p1a: Maushold|Bite|p2a: Abyssal Fin\n|-damage|p2a: Abyssal Fin|81\/100\n|-damage|p1a: Maushold|69\/100 brn|[from] ability: Rough Skin|[of] p2a: Abyssal Fin\n|move|p2a: Abyssal Fin|Earthquake|p1a: Maushold\n|-damage|p1a: Maushold|0 fnt\n|faint|p1a: Maushold\n|\n|-heal|p2a: Abyssal Fin|87\/100|[from] item: Leftovers\n|upkeep\n|\n|t:|1700935797\n|switch|p1a: Kingambit|Kingambit, M|11\/100 brn\n|-activate|p1a: Kingambit|ability: Supreme Overlord\n|-start|p1a: Kingambit|fallen2|[silent]\n|turn|19\n|\n|t:|1700935806\n|move|p1a: Kingambit|Sucker Punch||[still]\n|-fail|p1a: Kingambit\n|move|p2a: Abyssal Fin|Stealth Rock|p1a: Kingambit\n|-sidestart|p1: AthenasHe1m|move: Stealth Rock\n|\n|-heal|p2a: Abyssal Fin|94\/100|[from] item: Leftovers\n|-heal|p1a: Kingambit|17\/100 brn|[from] item: Leftovers\n|-damage|p1a: Kingambit|11\/100 brn|[from] brn\n|upkeep\n|turn|20\n|\n|t:|1700935812\n|move|p2a: Abyssal Fin|Spikes|p1a: Kingambit\n|-sidestart|p1: AthenasHe1m|Spikes\n|move|p1a: Kingambit|Kowtow Cleave|p2a: Abyssal Fin\n|-damage|p2a: Abyssal Fin|69\/100\n|-damage|p1a: Kingambit|0 fnt|[from] ability: Rough Skin|[of] p2a: Abyssal Fin\n|faint|p1a: Kingambit\n|-end|p1a: Kingambit|fallen2|[silent]\n|\n|-heal|p2a: Abyssal Fin|75\/100|[from] item: Leftovers\n|upkeep\n|\n|t:|1700935818\n|switch|p1a: Weavile|Weavile, F|100\/100\n|-ability|p1a: Weavile|Pressure\n|turn|21\n|\n|t:|1700935828\n|move|p1a: Weavile|Swords Dance|p1a: Weavile\n|-boost|p1a: Weavile|atk|2\n|move|p2a: Abyssal Fin|Stone Edge|p1a: Weavile\n|-supereffective|p1a: Weavile\n|-damage|p1a: Weavile|0 fnt\n|faint|p1a: Weavile\n|\n|-heal|p2a: Abyssal Fin|81\/100|[from] item: Leftovers\n|upkeep\n|\n|t:|1700935830\n|switch|p1a: Samurott|Samurott-Hisui, M, shiny|100\/100\n|-damage|p1a: Samurott|88\/100|[from] Stealth Rock\n|-damage|p1a: Samurott|76\/100|[from] Spikes\n|turn|22\n|\n|t:|1700935834\n|move|p1a: Samurott|Aqua Jet|p2a: Abyssal Fin\n|-damage|p2a: Abyssal Fin|63\/100\n|-damage|p1a: Samurott|64\/100|[from] ability: Rough Skin|[of] p2a: Abyssal Fin\n|move|p2a: Abyssal Fin|Earthquake|p1a: Samurott\n|-damage|p1a: Samurott|14\/100\n|\n|-heal|p2a: Abyssal Fin|69\/100|[from] item: Leftovers\n|upkeep\n|turn|23\n|\n|t:|1700935838\n|move|p2a: Abyssal Fin|Earthquake|p1a: Samurott\n|-damage|p1a: Samurott|0 fnt\n|faint|p1a: Samurott\n|\n|-heal|p2a: Abyssal Fin|75\/100|[from] item: Leftovers\n|upkeep\n|\n|t:|1700935839\n|switch|p1a: Garganacl|Garganacl, F, tera:Fairy|96\/100\n|-damage|p1a: Garganacl|84\/100|[from] Stealth Rock\n|-damage|p1a: Garganacl|71\/100|[from] Spikes\n|turn|24\n|\n|t:|1700935848\n|move|p2a: Abyssal Fin|Earthquake|p1a: Garganacl\n|-damage|p1a: Garganacl|42\/100\n|move|p1a: Garganacl|Iron Defense|p1a: Garganacl\n|-boost|p1a: Garganacl|def|2\n|\n|-heal|p2a: Abyssal Fin|81\/100|[from] item: Leftovers\n|-heal|p1a: Garganacl|49\/100|[from] item: Leftovers\n|upkeep\n|turn|25\n|\n|t:|1700935854\n|move|p2a: Abyssal Fin|Earthquake|p1a: Garganacl\n|-damage|p1a: Garganacl|35\/100\n|move|p1a: Garganacl|Recover|p1a: Garganacl\n|-heal|p1a: Garganacl|85\/100\n|\n|-heal|p2a: Abyssal Fin|88\/100|[from] item: Leftovers\n|-heal|p1a: Garganacl|91\/100|[from] item: Leftovers\n|upkeep\n|turn|26\n|\n|t:|1700935858\n|move|p2a: Abyssal Fin|Earthquake|p1a: Garganacl\n|-damage|p1a: Garganacl|75\/100\n|move|p1a: Garganacl|Iron Defense|p1a: Garganacl\n|-boost|p1a: Garganacl|def|2\n|\n|-heal|p2a: Abyssal Fin|94\/100|[from] item: Leftovers\n|-heal|p1a: Garganacl|82\/100|[from] item: Leftovers\n|upkeep\n|turn|27\n|\n|t:|1700935860\n|move|p2a: Abyssal Fin|Earthquake|p1a: Garganacl\n|-damage|p1a: Garganacl|72\/100\n|move|p1a: Garganacl|Iron Defense|p1a: Garganacl\n|-boost|p1a: Garganacl|def|2\n|\n|-heal|p2a: Abyssal Fin|99\/100|[from] item: Leftovers\n|-heal|p1a: Garganacl|78\/100|[from] item: Leftovers\n|upkeep\n|turn|28\n|\n|t:|1700935865\n|move|p2a: Abyssal Fin|Earthquake|p1a: Garganacl\n|-damage|p1a: Garganacl|71\/100\n|move|p1a: Garganacl|Salt Cure|p2a: Abyssal Fin\n|-resisted|p2a: Abyssal Fin\n|-damage|p2a: Abyssal Fin|94\/100\n|-start|p2a: Abyssal Fin|Salt Cure\n|\n|-heal|p2a: Abyssal Fin|100\/100|[from] item: Leftovers\n|-heal|p1a: Garganacl|77\/100|[from] item: Leftovers\n|-damage|p2a: Abyssal Fin|88\/100|[from] Salt Cure\n|upkeep\n|turn|29\n|\n|t:|1700935867\n|move|p2a: Abyssal Fin|Earthquake|p1a: Garganacl\n|-damage|p1a: Garganacl|68\/100\n|move|p1a: Garganacl|Recover|p1a: Garganacl\n|-heal|p1a: Garganacl|100\/100\n|\n|-heal|p2a: Abyssal Fin|94\/100|[from] item: Leftovers\n|-damage|p2a: Abyssal Fin|82\/100|[from] Salt Cure\n|upkeep\n|turn|30\n|\n|t:|1700935869\n|move|p2a: Abyssal Fin|Earthquake|p1a: Garganacl\n|-damage|p1a: Garganacl|94\/100\n|move|p1a: Garganacl|Body Press|p2a: Abyssal Fin\n|-damage|p2a: Abyssal Fin|4\/100\n|-damage|p1a: Garganacl|81\/100|[from] ability: Rough Skin|[of] p2a: Abyssal Fin\n|\n|-heal|p2a: Abyssal Fin|10\/100|[from] item: Leftovers\n|-heal|p1a: Garganacl|87\/100|[from] item: Leftovers\n|-damage|p2a: Abyssal Fin|0 fnt|[from] Salt Cure\n|faint|p2a: Abyssal Fin\n|upkeep\n|\n|t:|1700935884\n|switch|p2a: Stonebreaker|Great Tusk|100\/100\n|turn|31\n|\n|t:|1700935888\n|move|p2a: Stonebreaker|Knock Off|p1a: Garganacl\n|-resisted|p1a: Garganacl\n|-damage|p1a: Garganacl|85\/100\n|-enditem|p1a: Garganacl|Leftovers|[from] move: Knock Off|[of] p2a: Stonebreaker\n|move|p1a: Garganacl|Body Press|p2a: Stonebreaker\n|-damage|p2a: Stonebreaker|59\/100\n|\n|-heal|p2a: Stonebreaker|65\/100|[from] item: Leftovers\n|upkeep\n|turn|32\n|\n|t:|1700935893\n|move|p2a: Stonebreaker|Earthquake|p1a: Garganacl\n|-damage|p1a: Garganacl|77\/100\n|move|p1a: Garganacl|Salt Cure|p2a: Stonebreaker\n|-resisted|p2a: Stonebreaker\n|-damage|p2a: Stonebreaker|63\/100\n|-start|p2a: Stonebreaker|Salt Cure\n|\n|-heal|p2a: Stonebreaker|70\/100|[from] item: Leftovers\n|-damage|p2a: Stonebreaker|57\/100|[from] Salt Cure\n|upkeep\n|turn|33\n|\n|t:|1700935897\n|move|p2a: Stonebreaker|Earthquake|p1a: Garganacl\n|-crit|p1a: Garganacl\n|-damage|p1a: Garganacl|29\/100\n|move|p1a: Garganacl|Body Press|p2a: Stonebreaker\n|-damage|p2a: Stonebreaker|11\/100\n|\n|-heal|p2a: Stonebreaker|17\/100|[from] item: Leftovers\n|-damage|p2a: Stonebreaker|4\/100|[from] Salt Cure\n|upkeep\n|turn|34\n|\n|t:|1700935898\n|move|p2a: Stonebreaker|Earthquake|p1a: Garganacl\n|-damage|p1a: Garganacl|23\/100\n|move|p1a: Garganacl|Body Press|p2a: Stonebreaker\n|-damage|p2a: Stonebreaker|0 fnt\n|faint|p2a: Stonebreaker\n|-end|p2a: Stonebreaker|Protosynthesis|[silent]\n|\n|upkeep\n|\n|t:|1700935908\n|switch|p2a: Star Lance|Iron Valiant|100\/100\n|turn|35\n|\n|t:|1700935911\n|move|p2a: Star Lance|Moonblast|p1a: Garganacl\n|-crit|p1a: Garganacl\n|-damage|p1a: Garganacl|0 fnt\n|faint|p1a: Garganacl\n|\n|win|SirBoogerBrain\n|raw|AthenasHe1m's rating: 1294 &rarr; <strong>1268<\/strong><br \/>(-26 for losing)\n|raw|SirBoogerBrain's rating: 1280 &rarr; <strong>1306<\/strong><br \/>(+26 for winning)\n|c|\u2606SirBoogerBrain|gg\n|l|\u2606AthenasHe1m\n","uploadtime":1700935930,"views":1,"p1id":"athenashe1m","p2id":"sirboogerbrain","formatid":"gen9ou","rating":1268,"private":0,"password":""}