{"id":"gen9ou-1991271419","p1":"Majner","p2":"WorstPath","format":"[Gen 9] OU","log":"|j|\u2606Majner\n|j|\u2606WorstPath\n|t:|1700063112\n|gametype|singles\n|player|p1|Majner|170|1142\n|player|p2|WorstPath|red|1166\n|teamsize|p1|6\n|teamsize|p2|6\n|gen|9\n|tier|[Gen 9] OU\n|rated|\n|rule|Sleep Clause Mod: Limit one foe put to sleep\n|rule|Species Clause: Limit one of each Pok\u00e9mon\n|rule|OHKO Clause: OHKO moves are banned\n|rule|Evasion Items Clause: Evasion items are banned\n|rule|Evasion Moves Clause: Evasion moves are banned\n|rule|Endless Battle Clause: Forcing endless battles is banned\n|rule|HP Percentage Mod: HP is shown in percentages\n|clearpoke\n|poke|p1|Grimmsnarl, M|\n|poke|p1|Indeedee, M|\n|poke|p1|Drifblim, M|\n|poke|p1|Ursaluna, M|\n|poke|p1|Frosmoth, F|\n|poke|p1|Sinistcha-Masterpiece|\n|poke|p2|Rillaboom, F|\n|poke|p2|Torkoal, M|\n|poke|p2|Hatterene, F|\n|poke|p2|Iron Moth|\n|poke|p2|Walking Wake|\n|poke|p2|Great Tusk|\n|teampreview\n|inactive|Battle timer is ON: inactive players will automatically lose when time's up. (requested by WorstPath)\n|\n|t:|1700063125\n|start\n|switch|p1a: Drifblim|Drifblim, M|100\/100\n|switch|p2a: Torkoal|Torkoal, M|100\/100\n|-weather|SunnyDay|[from] ability: Drought|[of] p2a: Torkoal\n|turn|1\n|\n|t:|1700063133\n|move|p1a: Drifblim|Calm Mind|p1a: Drifblim\n|-boost|p1a: Drifblim|spa|1\n|-boost|p1a: Drifblim|spd|1\n|move|p2a: Torkoal|Stealth Rock|p1a: Drifblim\n|-sidestart|p1: Majner|move: Stealth Rock\n|\n|-weather|SunnyDay|[upkeep]\n|upkeep\n|turn|2\n|\n|t:|1700063145\n|switch|p2a: Rillaboom|Rillaboom, F|100\/100\n|-fieldstart|move: Grassy Terrain|[from] ability: Grassy Surge|[of] p2a: Rillaboom\n|move|p1a: Drifblim|Calm Mind|p1a: Drifblim\n|-boost|p1a: Drifblim|spa|1\n|-boost|p1a: Drifblim|spd|1\n|\n|-weather|SunnyDay|[upkeep]\n|upkeep\n|turn|3\n|\n|t:|1700063156\n|-terastallize|p1a: Drifblim|Fairy\n|move|p2a: Rillaboom|Knock Off|p1a: Drifblim\n|-resisted|p1a: Drifblim\n|-damage|p1a: Drifblim|80\/100\n|-enditem|p1a: Drifblim|Red Card|[from] move: Knock Off|[of] p2a: Rillaboom\n|move|p1a: Drifblim|Will-O-Wisp|p2a: Rillaboom\n|-status|p2a: Rillaboom|brn\n|\n|-weather|SunnyDay|[upkeep]\n|-heal|p1a: Drifblim|86\/100|[from] Grassy Terrain\n|-damage|p2a: Rillaboom|94\/100 brn|[from] brn\n|upkeep\n|turn|4\n|\n|t:|1700063173\n|switch|p2a: Hatterene|Hatterene, F|100\/100\n|move|p1a: Drifblim|Calm Mind|p1a: Drifblim\n|-boost|p1a: Drifblim|spa|1\n|-boost|p1a: Drifblim|spd|1\n|\n|-weather|SunnyDay|[upkeep]\n|-heal|p1a: Drifblim|93\/100|[from] Grassy Terrain\n|upkeep\n|turn|5\n|\n|t:|1700063182\n|-terastallize|p2a: Hatterene|Steel\n|move|p1a: Drifblim|Hex|p2a: Hatterene\n|-damage|p2a: Hatterene|48\/100\n|-enditem|p2a: Hatterene|Eject Button\n|\n|t:|1700063190\n|switch|p2a: Rillaboom|Rillaboom, F|94\/100 brn\n|\n|-weather|SunnyDay|[upkeep]\n|-heal|p1a: Drifblim|99\/100|[from] Grassy Terrain\n|-heal|p2a: Rillaboom|100\/100 brn|[from] Grassy Terrain\n|-damage|p2a: Rillaboom|94\/100 brn|[from] brn\n|upkeep\n|turn|6\n|\n|t:|1700063198\n|move|p2a: Rillaboom|Grassy Glide|p1a: Drifblim\n|-damage|p1a: Drifblim|77\/100\n|move|p1a: Drifblim|Calm Mind|p1a: Drifblim\n|-boost|p1a: Drifblim|spa|1\n|-boost|p1a: Drifblim|spd|1\n|\n|-weather|SunnyDay|[upkeep]\n|-heal|p1a: Drifblim|83\/100|[from] Grassy Terrain\n|-heal|p2a: Rillaboom|100\/100 brn|[from] Grassy Terrain\n|-damage|p2a: Rillaboom|94\/100 brn|[from] brn\n|-fieldend|move: Grassy Terrain\n|upkeep\n|turn|7\n|-message|WorstPath forfeited.\n|\n|win|Majner\n|raw|Majner's rating: 1142 &rarr; <strong>1169<\/strong><br \/>(+27 for winning)\n|raw|WorstPath's rating: 1166 &rarr; <strong>1139<\/strong><br \/>(-27 for losing)\n|l|\u2606WorstPath\n","uploadtime":1700063211,"views":15,"p1id":"majner","p2id":"worstpath","formatid":"gen9ou","rating":1139,"private":0,"password":""}