{"id":"gen9ou-1999741067","p1":"Goobcity","p2":"Dinglejohn","format":"[Gen 9] OU","log":"|j|\u2606Goobcity\n|j|\u2606Dinglejohn\n|t:|1701112568\n|gametype|singles\n|player|p1|Goobcity|hilbert|1099\n|player|p2|Dinglejohn|170|1133\n|teamsize|p1|6\n|teamsize|p2|6\n|gen|9\n|tier|[Gen 9] OU\n|rated|\n|rule|Sleep Clause Mod: Limit one foe put to sleep\n|rule|Species Clause: Limit one of each Pok\u00e9mon\n|rule|OHKO Clause: OHKO moves are banned\n|rule|Evasion Items Clause: Evasion items are banned\n|rule|Evasion Moves Clause: Evasion moves are banned\n|rule|Endless Battle Clause: Forcing endless battles is banned\n|rule|HP Percentage Mod: HP is shown in percentages\n|clearpoke\n|poke|p1|Greninja-*, M|\n|poke|p1|Ting-Lu|\n|poke|p1|Slowking-Galar, M|\n|poke|p1|Ogerpon-Wellspring, F|\n|poke|p1|Dragapult, F|\n|poke|p1|Enamorus, F|\n|poke|p2|Iron Valiant|\n|poke|p2|Gholdengo|\n|poke|p2|Samurott-Hisui, M|\n|poke|p2|Thundurus-Therian, M|\n|poke|p2|Grimmsnarl, M|\n|poke|p2|Kommo-o, M|\n|teampreview\n|\n|t:|1701112580\n|start\n|switch|p1a: Dragapult|Dragapult, F, shiny|100\/100\n|switch|p2a: Kommo-o|Kommo-o, M|100\/100\n|turn|1\n|\n|t:|1701112594\n|switch|p2a: Iron Valiant|Iron Valiant|100\/100\n|-enditem|p2a: Iron Valiant|Booster Energy\n|-activate|p2a: Iron Valiant|ability: Quark Drive|[fromitem]\n|-start|p2a: Iron Valiant|quarkdrivespe\n|move|p1a: Dragapult|Dragon Darts|p2a: Iron Valiant\n|-immune|p2a: Iron Valiant\n|\n|upkeep\n|turn|2\n|\n|t:|1701112604\n|switch|p1a: Slowking|Slowking-Galar, M|100\/100\n|move|p2a: Iron Valiant|Knock Off|p1a: Slowking\n|-supereffective|p1a: Slowking\n|-damage|p1a: Slowking|24\/100\n|-enditem|p1a: Slowking|Black Sludge|[from] move: Knock Off|[of] p2a: Iron Valiant\n|\n|upkeep\n|turn|3\n|\n|t:|1701112615\n|switch|p1a: Ting-Lu|Ting-Lu|100\/100\n|-ability|p1a: Ting-Lu|Vessel of Ruin\n|move|p2a: Iron Valiant|Knock Off|p1a: Ting-Lu\n|-resisted|p1a: Ting-Lu\n|-damage|p1a: Ting-Lu|94\/100\n|-enditem|p1a: Ting-Lu|Leftovers|[from] move: Knock Off|[of] p2a: Iron Valiant\n|\n|upkeep\n|turn|4\n|\n|t:|1701112627\n|-terastallize|p1a: Ting-Lu|Poison\n|move|p2a: Iron Valiant|Swords Dance|p2a: Iron Valiant\n|-boost|p2a: Iron Valiant|atk|2\n|move|p1a: Ting-Lu|Stealth Rock|p2a: Iron Valiant\n|-sidestart|p2: Dinglejohn|move: Stealth Rock\n|\n|upkeep\n|turn|5\n|\n|t:|1701112635\n|move|p2a: Iron Valiant|Swords Dance|p2a: Iron Valiant\n|-boost|p2a: Iron Valiant|atk|2\n|move|p1a: Ting-Lu|Whirlwind|p2a: Iron Valiant\n|-end|p2a: Iron Valiant|Quark Drive|[silent]\n|drag|p2a: Samurott|Samurott-Hisui, M|100\/100\n|-damage|p2a: Samurott|88\/100|[from] Stealth Rock\n|\n|upkeep\n|turn|6\n|\n|t:|1701112645\n|move|p2a: Samurott|Aqua Cutter|p1a: Ting-Lu\n|-damage|p1a: Ting-Lu|82\/100\n|move|p1a: Ting-Lu|Whirlwind|p2a: Samurott\n|drag|p2a: Kommo-o|Kommo-o, M|100\/100\n|-damage|p2a: Kommo-o|94\/100|[from] Stealth Rock\n|\n|upkeep\n|turn|7\n|\n|t:|1701112653\n|move|p2a: Kommo-o|Earthquake|p1a: Ting-Lu\n|-supereffective|p1a: Ting-Lu\n|-damage|p1a: Ting-Lu|57\/100\n|move|p1a: Ting-Lu|Whirlwind|p2a: Kommo-o\n|drag|p2a: Iron Valiant|Iron Valiant|100\/100\n|-damage|p2a: Iron Valiant|94\/100|[from] Stealth Rock\n|\n|upkeep\n|turn|8\n|\n|t:|1701112663\n|move|p2a: Iron Valiant|Spirit Break|p1a: Ting-Lu\n|-resisted|p1a: Ting-Lu\n|-crit|p1a: Ting-Lu\n|-damage|p1a: Ting-Lu|45\/100\n|-unboost|p1a: Ting-Lu|spa|1\n|move|p1a: Ting-Lu|Ruination|p2a: Iron Valiant\n|-damage|p2a: Iron Valiant|48\/100\n|\n|upkeep\n|turn|9\n|\n|t:|1701112674\n|-end|p2a: Iron Valiant|Quark Drive|[silent]\n|switch|p2a: Samurott|Samurott-Hisui, M|88\/100\n|-damage|p2a: Samurott|76\/100|[from] Stealth Rock\n|move|p1a: Ting-Lu|Whirlwind|p2a: Samurott\n|drag|p2a: Gholdengo|Gholdengo|100\/100\n|-damage|p2a: Gholdengo|94\/100|[from] Stealth Rock\n|\n|upkeep\n|turn|10\n|\n|t:|1701112683\n|move|p2a: Gholdengo|Nasty Plot|p2a: Gholdengo\n|-boost|p2a: Gholdengo|spa|2\n|move|p1a: Ting-Lu|Throat Chop|p2a: Gholdengo\n|-supereffective|p2a: Gholdengo\n|-damage|p2a: Gholdengo|35\/100\n|\n|upkeep\n|turn|11\n|\n|t:|1701112693\n|switch|p1a: Slowking|Slowking-Galar, M|57\/100\n|move|p2a: Gholdengo|Shadow Ball|p1a: Slowking\n|-supereffective|p1a: Slowking\n|-damage|p1a: Slowking|0 fnt\n|faint|p1a: Slowking\n|\n|upkeep\n|\n|t:|1701112701\n|switch|p1a: Ogerpon|Ogerpon-Wellspring, F|100\/100\n|turn|12\n|c|\u2606Dinglejohn|its gonna be hilarious when u still lose\n|\n|t:|1701112714\n|move|p1a: Ogerpon|Ivy Cudgel|p2a: Gholdengo|[anim] Ivy Cudgel Water\n|-damage|p2a: Gholdengo|0 fnt\n|faint|p2a: Gholdengo\n|\n|upkeep\n|\n|t:|1701112721\n|switch|p2a: Grimmsnarl|Grimmsnarl, M|100\/100\n|-damage|p2a: Grimmsnarl|88\/100|[from] Stealth Rock\n|turn|13\n|\n|t:|1701112729\n|switch|p1a: Ting-Lu|Ting-Lu, tera:Poison|45\/100\n|-ability|p1a: Ting-Lu|Vessel of Ruin\n|move|p2a: Grimmsnarl|Parting Shot|p1a: Ting-Lu\n|-unboost|p1a: Ting-Lu|atk|1\n|-unboost|p1a: Ting-Lu|spa|1\n|\n|t:|1701112735\n|switch|p2a: Thundurus|Thundurus-Therian, M|100\/100|[from] Parting Shot\n|-damage|p2a: Thundurus|76\/100|[from] Stealth Rock\n|\n|upkeep\n|turn|14\n|\n|t:|1701112742\n|-terastallize|p2a: Thundurus|Electric\n|move|p2a: Thundurus|Thunderbolt|p1a: Ting-Lu\n|-damage|p1a: Ting-Lu|3\/100\n|move|p1a: Ting-Lu|Whirlwind|p2a: Thundurus\n|drag|p2a: Iron Valiant|Iron Valiant|48\/100\n|-damage|p2a: Iron Valiant|41\/100|[from] Stealth Rock\n|\n|upkeep\n|turn|15\n|\n|t:|1701112754\n|move|p2a: Iron Valiant|Spirit Break|p1a: Ting-Lu\n|-resisted|p1a: Ting-Lu\n|-damage|p1a: Ting-Lu|0 fnt\n|faint|p1a: Ting-Lu\n|\n|upkeep\n|\n|t:|1701112767\n|switch|p1a: Greninja|Greninja, M|100\/100\n|turn|16\n|\n|t:|1701112775\n|move|p1a: Greninja|Hydro Pump|p2a: Iron Valiant\n|-damage|p2a: Iron Valiant|0 fnt\n|faint|p2a: Iron Valiant\n|-end|p2a: Iron Valiant|Quark Drive|[silent]\n|-ability|p1a: Greninja|Battle Bond|boost\n|-boost|p1a: Greninja|atk|1\n|-boost|p1a: Greninja|spa|1\n|-boost|p1a: Greninja|spe|1\n|-activate|p1a: Greninja|ability: Battle Bond\n|\n|upkeep\n|\n|t:|1701112782\n|switch|p2a: Grimmsnarl|Grimmsnarl, M|88\/100\n|-damage|p2a: Grimmsnarl|76\/100|[from] Stealth Rock\n|turn|17\n|\n|t:|1701112788\n|move|p2a: Grimmsnarl|Light Screen|p2a: Grimmsnarl\n|-sidestart|p2: Dinglejohn|move: Light Screen\n|move|p1a: Greninja|Hydro Pump|p2a: Grimmsnarl\n|-damage|p2a: Grimmsnarl|47\/100\n|\n|upkeep\n|turn|18\n|\n|t:|1701112801\n|move|p2a: Grimmsnarl|Parting Shot|p1a: Greninja\n|-hint|Since gen 7, Dark is immune to Prankster moves.\n|-immune|p1a: Greninja\n|move|p1a: Greninja|Dark Pulse|p2a: Grimmsnarl\n|-resisted|p2a: Grimmsnarl\n|-damage|p2a: Grimmsnarl|42\/100\n|\n|upkeep\n|turn|19\n|\n|t:|1701112813\n|switch|p2a: Samurott|Samurott-Hisui, M|76\/100\n|-damage|p2a: Samurott|63\/100|[from] Stealth Rock\n|move|p1a: Greninja|Dark Pulse|p2a: Samurott\n|-resisted|p2a: Samurott\n|-damage|p2a: Samurott|50\/100\n|\n|upkeep\n|turn|20\n|\n|t:|1701112823\n|switch|p1a: Ogerpon|Ogerpon-Wellspring, F|100\/100\n|move|p2a: Samurott|Sacred Sword|p1a: Ogerpon\n|-damage|p1a: Ogerpon|61\/100\n|\n|upkeep\n|turn|21\n|\n|t:|1701112830\n|move|p1a: Ogerpon|Horn Leech|p2a: Samurott\n|-supereffective|p2a: Samurott\n|-damage|p2a: Samurott|0 fnt\n|-heal|p1a: Ogerpon|88\/100|[from] drain|[of] p2a: Samurott\n|faint|p2a: Samurott\n|\n|upkeep\n|\n|t:|1701112836\n|switch|p2a: Thundurus|Thundurus-Therian, M, tera:Electric|76\/100\n|-damage|p2a: Thundurus|63\/100|[from] Stealth Rock\n|turn|22\n|\n|t:|1701112841\n|move|p1a: Ogerpon|Spiky Shield|p1a: Ogerpon\n|-singleturn|p1a: Ogerpon|move: Protect\n|move|p2a: Thundurus|Thunderbolt|p1a: Ogerpon\n|-activate|p1a: Ogerpon|move: Protect\n|\n|upkeep\n|turn|23\n|\n|t:|1701112852\n|switch|p1a: Dragapult|Dragapult, F, shiny|100\/100\n|move|p2a: Thundurus|Nasty Plot|p2a: Thundurus\n|-boost|p2a: Thundurus|spa|2\n|\n|upkeep\n|turn|24\n|\n|t:|1701112860\n|switch|p2a: Grimmsnarl|Grimmsnarl, M|42\/100\n|-damage|p2a: Grimmsnarl|29\/100|[from] Stealth Rock\n|move|p1a: Dragapult|Dragon Darts|p2a: Grimmsnarl\n|-immune|p2a: Grimmsnarl\n|\n|-sideend|p2: Dinglejohn|move: Light Screen\n|upkeep\n|turn|25\n|\n|t:|1701112870\n|switch|p1a: Greninja|Greninja, M|100\/100\n|move|p2a: Grimmsnarl|Reflect|p2a: Grimmsnarl\n|-sidestart|p2: Dinglejohn|Reflect\n|\n|upkeep\n|turn|26\n|\n|t:|1701112875\n|move|p2a: Grimmsnarl|Light Screen|p2a: Grimmsnarl\n|-sidestart|p2: Dinglejohn|move: Light Screen\n|move|p1a: Greninja|Hydro Pump|p2a: Grimmsnarl\n|-damage|p2a: Grimmsnarl|12\/100\n|\n|upkeep\n|turn|27\n|\n|t:|1701112883\n|move|p2a: Grimmsnarl|Light Screen||[still]\n|-fail|p2a: Grimmsnarl\n|move|p1a: Greninja|Dark Pulse|p2a: Grimmsnarl\n|-resisted|p2a: Grimmsnarl\n|-damage|p2a: Grimmsnarl|9\/100\n|\n|upkeep\n|turn|28\n|\n|t:|1701112893\n|move|p2a: Grimmsnarl|Reflect||[still]\n|-fail|p2a: Grimmsnarl\n|move|p1a: Greninja|Dark Pulse|p2a: Grimmsnarl\n|-resisted|p2a: Grimmsnarl\n|-damage|p2a: Grimmsnarl|5\/100\n|\n|upkeep\n|turn|29\n|\n|t:|1701112901\n|move|p2a: Grimmsnarl|Parting Shot|p1a: Greninja\n|-hint|Since gen 7, Dark is immune to Prankster moves.\n|-immune|p1a: Greninja\n|move|p1a: Greninja|Dark Pulse|p2a: Grimmsnarl\n|-resisted|p2a: Grimmsnarl\n|-damage|p2a: Grimmsnarl|2\/100\n|\n|upkeep\n|turn|30\n|\n|t:|1701112916\n|switch|p2a: Kommo-o|Kommo-o, M|94\/100\n|-damage|p2a: Kommo-o|88\/100|[from] Stealth Rock\n|move|p1a: Greninja|Dark Pulse|p2a: Kommo-o\n|-resisted|p2a: Kommo-o\n|-damage|p2a: Kommo-o|79\/100\n|\n|upkeep\n|turn|31\n|\n|t:|1701112929\n|switch|p1a: Dragapult|Dragapult, F, shiny|100\/100\n|move|p2a: Kommo-o|Clangorous Soul|p2a: Kommo-o\n|-boost|p2a: Kommo-o|atk|1\n|-boost|p2a: Kommo-o|def|1\n|-boost|p2a: Kommo-o|spa|1\n|-boost|p2a: Kommo-o|spd|1\n|-boost|p2a: Kommo-o|spe|1\n|-damage|p2a: Kommo-o|46\/100\n|-enditem|p2a: Kommo-o|Sitrus Berry|[eat]\n|-heal|p2a: Kommo-o|71\/100|[from] item: Sitrus Berry\n|\n|upkeep\n|turn|32\n|\n|t:|1701112940\n|move|p2a: Kommo-o|Dragon Claw|p1a: Dragapult\n|-supereffective|p1a: Dragapult\n|-damage|p1a: Dragapult|0 fnt\n|faint|p1a: Dragapult\n|\n|-sideend|p2: Dinglejohn|Reflect\n|upkeep\n|\n|t:|1701112949\n|switch|p1a: Ogerpon|Ogerpon-Wellspring, F|88\/100\n|turn|33\n|\n|t:|1701112956\n|move|p1a: Ogerpon|Spiky Shield|p1a: Ogerpon\n|-singleturn|p1a: Ogerpon|move: Protect\n|move|p2a: Kommo-o|Dragon Claw|p1a: Ogerpon\n|-activate|p1a: Ogerpon|move: Protect\n|-damage|p2a: Kommo-o|58\/100|[from] Spiky Shield|[of] p1a: Ogerpon\n|\n|-sideend|p2: Dinglejohn|move: Light Screen\n|upkeep\n|turn|34\n|\n|t:|1701112965\n|switch|p1a: Enamorus|Enamorus, F|100\/100\n|move|p2a: Kommo-o|Dragon Claw|p1a: Enamorus\n|-immune|p1a: Enamorus\n|\n|upkeep\n|turn|35\n|\n|t:|1701112975\n|move|p2a: Kommo-o|Close Combat|p1a: Enamorus\n|-resisted|p1a: Enamorus\n|-damage|p1a: Enamorus|65\/100\n|-unboost|p2a: Kommo-o|def|1\n|-unboost|p2a: Kommo-o|spd|1\n|-start|p2a: Kommo-o|Attract|[from] ability: Cute Charm|[of] p1a: Enamorus\n|move|p1a: Enamorus|Moonblast|p2a: Kommo-o\n|-supereffective|p2a: Kommo-o\n|-damage|p2a: Kommo-o|0 fnt\n|faint|p2a: Kommo-o\n|\n|upkeep\n|\n|t:|1701112978\n|switch|p2a: Grimmsnarl|Grimmsnarl, M|2\/100\n|-damage|p2a: Grimmsnarl|0 fnt|[from] Stealth Rock\n|faint|p2a: Grimmsnarl\n|\n|t:|1701112980\n|switch|p2a: Thundurus|Thundurus-Therian, M, tera:Electric|63\/100\n|-damage|p2a: Thundurus|51\/100|[from] Stealth Rock\n|turn|36\n|c|\u2606Goobcity|Nice play\n|c|\u2606Dinglejohn|u play with whirlwind u cannot speak itty bitty bro\n|c|\u2606Goobcity|\u201cIt\u2019s gonna be hilarious when you still lose\u201d\n|c|\u2606Dinglejohn|ohhhh ur a blunder fanboy\n|c|\u2606Dinglejohn|mb \\\n|c|\u2606Goobcity|Close combat on enamerous\n|c|\u2606Goobcity|wow\n|c|\u2606Goobcity|how long did that take you\n|c|\u2606Dinglejohn|u want me to dragon claw it?\n|c|\u2606Goobcity|good play\n|c|\u2606Dinglejohn|now i know why ur shit\n|c|\u2606Goobcity|Maybe use boomburst lil bro\n|c|\u2606Goobcity|why would u use a physical set\n|c|\u2606Dinglejohn|maybe i dont have it blunder fanboy\n|inactive|Battle timer is ON: inactive players will automatically lose when time's up. (requested by Goobcity)\n|c|\u2606Goobcity|Bad set\n|c|\u2606Dinglejohn|based ur name on another man is crazy\n|c|\u2606Dinglejohn|LMAOOO\n|c|\u2606Goobcity|L\n|c|\u2606Dinglejohn|\"L\"\n|inactive|Dinglejohn has 120 seconds left.\n|c|\u2606Goobcity|Physical kommo is wild\n|inactive|Dinglejohn has 90 seconds left.\n|c|\u2606Goobcity|u gonna stall or take ur loss already\n|inactive|Dinglejohn has 60 seconds left.\n|c|\u2606Goobcity|Maybe stick to the single player games\n|c|\u2606Goobcity|i don\u2019t think this is ur style\n|inactive|Dinglejohn has 30 seconds left.\n|inactive|Dinglejohn has 20 seconds left.\n|inactive|Dinglejohn has 15 seconds left.\n|inactive|Dinglejohn has 10 seconds left.\n|inactive|Dinglejohn has 5 seconds left.\n|-message|Dinglejohn lost due to inactivity.\n|\n|win|Goobcity\n|raw|Goobcity's rating: 1099 &rarr; <strong>1127<\/strong><br \/>(+28 for winning)\n|raw|Dinglejohn's rating: 1133 &rarr; <strong>1106<\/strong><br \/>(-27 for losing)\n|l|\u2606Dinglejohn\n|l|\u2606Goobcity\n|j|\u2606Goobcity\n|player|p1|Goobcity|hilbert\n","uploadtime":1701113414,"views":7,"p1id":"goobcity","p2id":"dinglejohn","formatid":"gen9ou","rating":1106,"private":0,"password":""}