{"id":"gen9ou-1995170915","p1":"Swizzlle","p2":"justiceforwah","format":"[Gen 9] OU","log":"|j|\u2606Swizzlle\n|j|\u2606justiceforwah\n|t:|1700530514\n|gametype|singles\n|player|p1|Swizzlle|ingo|1348\n|player|p2|justiceforwah|bianca|1442\n|teamsize|p1|6\n|teamsize|p2|6\n|gen|9\n|tier|[Gen 9] OU\n|rated|\n|rule|Sleep Clause Mod: Limit one foe put to sleep\n|rule|Species Clause: Limit one of each Pok\u00e9mon\n|rule|OHKO Clause: OHKO moves are banned\n|rule|Evasion Items Clause: Evasion items are banned\n|rule|Evasion Moves Clause: Evasion moves are banned\n|rule|Endless Battle Clause: Forcing endless battles is banned\n|rule|HP Percentage Mod: HP is shown in percentages\n|clearpoke\n|poke|p1|Mudsdale, M|\n|poke|p1|Bellibolt, M|\n|poke|p1|Brambleghast, F|\n|poke|p1|Conkeldurr, M|\n|poke|p1|Umbreon, M|\n|poke|p1|Ursaring, F|\n|poke|p2|Ribombee, F|\n|poke|p2|Great Tusk|\n|poke|p2|Bellibolt, M|\n|poke|p2|Gholdengo|\n|poke|p2|Yanmega, F|\n|poke|p2|Clodsire, F|\n|teampreview\n|\n|t:|1700530535\n|start\n|switch|p1a: Ursaring|Ursaring, F|100\/100\n|switch|p2a: Clodsire|Clodsire, F|100\/100\n|turn|1\n|\n|t:|1700530545\n|switch|p2a: Great Tusk|Great Tusk|100\/100\n|move|p1a: Ursaring|Bulk Up|p1a: Ursaring\n|-boost|p1a: Ursaring|atk|1\n|-boost|p1a: Ursaring|def|1\n|\n|upkeep\n|turn|2\n|\n|t:|1700530552\n|move|p2a: Great Tusk|Close Combat|p1a: Ursaring\n|-supereffective|p1a: Ursaring\n|-damage|p1a: Ursaring|37\/100\n|-unboost|p2a: Great Tusk|def|1\n|-unboost|p2a: Great Tusk|spd|1\n|move|p1a: Ursaring|Play Rough|p2a: Great Tusk\n|-supereffective|p2a: Great Tusk\n|-damage|p2a: Great Tusk|17\/100\n|\n|upkeep\n|turn|3\n|\n|t:|1700530562\n|switch|p1a: Brambleghast|Brambleghast, F|100\/100\n|move|p2a: Great Tusk|Close Combat|p1a: Brambleghast\n|-immune|p1a: Brambleghast\n|\n|upkeep\n|turn|4\n|\n|t:|1700530571\n|-end|p2a: Great Tusk|Protosynthesis|[silent]\n|switch|p2a: Ribombee|Ribombee, F|100\/100\n|move|p1a: Brambleghast|Poltergeist|p2a: Ribombee\n|-activate|p2a: Ribombee|move: Poltergeist|Focus Sash\n|-enditem|p2a: Ribombee|Focus Sash\n|-damage|p2a: Ribombee|1\/100\n|\n|upkeep\n|turn|5\n|\n|t:|1700530580\n|move|p1a: Brambleghast|Shadow Sneak|p2a: Ribombee\n|-damage|p2a: Ribombee|0 fnt\n|faint|p2a: Ribombee\n|\n|upkeep\n|\n|t:|1700530583\n|switch|p2a: Bellibolt|Bellibolt, M|100\/100\n|turn|6\n|\n|t:|1700530590\n|switch|p1a: Mudsdale|Mudsdale, M|100\/100\n|move|p2a: Bellibolt|Chilling Water|p1a: Mudsdale\n|-supereffective|p1a: Mudsdale\n|-damage|p1a: Mudsdale|69\/100\n|-unboost|p1a: Mudsdale|atk|1\n|-ability|p1a: Mudsdale|Stamina|boost\n|-boost|p1a: Mudsdale|def|1\n|\n|-heal|p1a: Mudsdale|75\/100|[from] item: Leftovers\n|upkeep\n|turn|7\n|\n|t:|1700530602\n|move|p2a: Bellibolt|Soak|p1a: Mudsdale\n|-start|p1a: Mudsdale|typechange|Water\n|move|p1a: Mudsdale|Stealth Rock|p2a: Bellibolt\n|-sidestart|p2: justiceforwah|move: Stealth Rock\n|\n|-heal|p1a: Mudsdale|81\/100|[from] item: Leftovers\n|upkeep\n|turn|8\n|\n|t:|1700530611\n|switch|p1a: Ursaring|Ursaring, F|37\/100\n|move|p2a: Bellibolt|Substitute|p2a: Bellibolt\n|-start|p2a: Bellibolt|Substitute\n|-damage|p2a: Bellibolt|76\/100\n|\n|upkeep\n|turn|9\n|\n|t:|1700530619\n|move|p1a: Ursaring|Earthquake|p2a: Bellibolt\n|-supereffective|p2a: Bellibolt\n|-end|p2a: Bellibolt|Substitute\n|move|p2a: Bellibolt|Parabolic Charge|p1a: Ursaring\n|-damage|p1a: Ursaring|21\/100\n|-heal|p2a: Bellibolt|83\/100|[from] drain|[of] p1a: Ursaring\n|\n|upkeep\n|turn|10\n|\n|t:|1700530629\n|switch|p2a: Gholdengo|Gholdengo|100\/100\n|-damage|p2a: Gholdengo|94\/100|[from] Stealth Rock\n|-item|p2a: Gholdengo|Air Balloon\n|move|p1a: Ursaring|Bulk Up|p1a: Ursaring\n|-boost|p1a: Ursaring|atk|1\n|-boost|p1a: Ursaring|def|1\n|\n|upkeep\n|turn|11\n|\n|t:|1700530639\n|move|p2a: Gholdengo|Make It Rain|p1a: Ursaring\n|-damage|p1a: Ursaring|0 fnt\n|-unboost|p2a: Gholdengo|spa|1\n|faint|p1a: Ursaring\n|\n|upkeep\n|\n|t:|1700530650\n|switch|p1a: Brambleghast|Brambleghast, F|100\/100\n|turn|12\n|\n|t:|1700530655\n|switch|p2a: Bellibolt|Bellibolt, M|83\/100\n|-damage|p2a: Bellibolt|71\/100|[from] Stealth Rock\n|move|p1a: Brambleghast|Poltergeist|p2a: Bellibolt\n|-activate|p2a: Bellibolt|move: Poltergeist|Rocky Helmet\n|-damage|p2a: Bellibolt|24\/100\n|-start|p2a: Bellibolt|Charge|Poltergeist|[from] ability: Electromorphosis\n|\n|upkeep\n|turn|13\n|\n|t:|1700530673\n|move|p1a: Brambleghast|Poltergeist|p2a: Bellibolt\n|-activate|p2a: Bellibolt|move: Poltergeist|Rocky Helmet\n|-damage|p2a: Bellibolt|0 fnt\n|faint|p2a: Bellibolt\n|\n|upkeep\n|\n|t:|1700530680\n|switch|p2a: Yanmega|Yanmega, F|100\/100\n|-damage|p2a: Yanmega|50\/100|[from] Stealth Rock\n|turn|14\n|\n|t:|1700530694\n|move|p1a: Brambleghast|Shadow Sneak|p2a: Yanmega\n|-crit|p2a: Yanmega\n|-damage|p2a: Yanmega|17\/100\n|move|p2a: Yanmega|Air Slash|p1a: Brambleghast\n|-supereffective|p1a: Brambleghast\n|-damage|p1a: Brambleghast|0 fnt\n|faint|p1a: Brambleghast\n|\n|upkeep\n|\n|t:|1700530714\n|switch|p1a: Bellibolt|Bellibolt, M|100\/100\n|turn|15\n|\n|t:|1700530718\n|switch|p2a: Clodsire|Clodsire, F|100\/100\n|-damage|p2a: Clodsire|94\/100|[from] Stealth Rock\n|move|p1a: Bellibolt|Tera Blast|p2a: Clodsire\n|-crit|p2a: Clodsire\n|-damage|p2a: Clodsire|80\/100\n|\n|-heal|p2a: Clodsire|86\/100|[from] item: Leftovers\n|upkeep\n|turn|16\n|\n|t:|1700530738\n|switch|p1a: Conkeldurr|Conkeldurr, M|100\/100\n|move|p2a: Clodsire|Toxic|p1a: Conkeldurr\n|-status|p1a: Conkeldurr|tox\n|\n|-heal|p2a: Clodsire|92\/100|[from] item: Leftovers\n|-damage|p1a: Conkeldurr|94\/100 tox|[from] psn\n|upkeep\n|turn|17\n|\n|t:|1700530748\n|move|p1a: Conkeldurr|Knock Off|p2a: Clodsire\n|-damage|p2a: Clodsire|28\/100\n|-enditem|p2a: Clodsire|Leftovers|[from] move: Knock Off|[of] p1a: Conkeldurr\n|move|p2a: Clodsire|Stealth Rock|p1a: Conkeldurr\n|-sidestart|p1: Swizzlle|move: Stealth Rock\n|\n|-damage|p1a: Conkeldurr|82\/100 tox|[from] psn\n|upkeep\n|turn|18\n|\n|t:|1700530758\n|move|p1a: Conkeldurr|Knock Off|p2a: Clodsire\n|-damage|p2a: Clodsire|0 fnt\n|faint|p2a: Clodsire\n|\n|-damage|p1a: Conkeldurr|64\/100 tox|[from] psn\n|upkeep\n|\n|t:|1700530760\n|switch|p2a: Great Tusk|Great Tusk|17\/100\n|turn|19\n|\n|t:|1700530767\n|move|p1a: Conkeldurr|Mach Punch|p2a: Great Tusk\n|-damage|p2a: Great Tusk|0 fnt\n|faint|p2a: Great Tusk\n|-end|p2a: Great Tusk|Protosynthesis|[silent]\n|\n|-damage|p1a: Conkeldurr|40\/100 tox|[from] psn\n|upkeep\n|-message|justiceforwah forfeited.\n|\n|win|Swizzlle\n|raw|Swizzlle's rating: 1348 &rarr; <strong>1373<\/strong><br \/>(+25 for winning)\n|raw|justiceforwah's rating: 1442 &rarr; <strong>1417<\/strong><br \/>(-25 for losing)\n|l|\u2606justiceforwah\n","uploadtime":1700530791,"views":6,"p1id":"swizzlle","p2id":"justiceforwah","formatid":"gen9ou","rating":1373,"private":0,"password":""}