{"id":"gen9ou-1995611793","p1":"jec3","p2":"gcy9","format":"[Gen 9] OU","log":"|j|\u2606jec3\n|j|\u2606gcy9\n|t:|1700587409\n|gametype|singles\n|player|p1|jec3|266|1482\n|player|p2|gcy9|266|1535\n|teamsize|p1|6\n|teamsize|p2|6\n|gen|9\n|tier|[Gen 9] OU\n|rated|\n|rule|Sleep Clause Mod: Limit one foe put to sleep\n|rule|Species Clause: Limit one of each Pok\u00e9mon\n|rule|OHKO Clause: OHKO moves are banned\n|rule|Evasion Items Clause: Evasion items are banned\n|rule|Evasion Moves Clause: Evasion moves are banned\n|rule|Endless Battle Clause: Forcing endless battles is banned\n|rule|HP Percentage Mod: HP is shown in percentages\n|clearpoke\n|poke|p1|Breloom, M|\n|poke|p1|Walking Wake|\n|poke|p1|Weavile, M|\n|poke|p1|Cinderace, F|\n|poke|p1|Great Tusk|\n|poke|p1|Iron Moth|\n|poke|p2|Zamazenta-*|\n|poke|p2|Slowking-Galar, M|\n|poke|p2|Kingambit, F|\n|poke|p2|Gholdengo|\n|poke|p2|Dondozo, M|\n|poke|p2|Cinderace, F|\n|teampreview\n|\n|t:|1700587435\n|start\n|switch|p1a: Cinderace|Cinderace, F|100\/100\n|switch|p2a: Cinderace|Cinderace, F|100\/100\n|turn|1\n|\n|t:|1700587447\n|move|p1a: Cinderace|High Jump Kick|p2a: Cinderace\n|-start|p1a: Cinderace|typechange|Fighting|[from] ability: Libero\n|-damage|p2a: Cinderace|9\/100\n|-damage|p1a: Cinderace|91\/100|[from] item: Life Orb\n|move|p2a: Cinderace|Pyro Ball|p1a: Cinderace\n|-damage|p1a: Cinderace|0 fnt\n|faint|p1a: Cinderace\n|\n|upkeep\n|\n|t:|1700587457\n|switch|p1a: Breloom|Breloom, M|100\/100\n|turn|2\n|\n|t:|1700587463\n|move|p1a: Breloom|Mach Punch|p2a: Cinderace\n|-damage|p2a: Cinderace|0 fnt\n|faint|p2a: Cinderace\n|\n|upkeep\n|\n|t:|1700587470\n|switch|p2a: Gholdengo|Gholdengo|100\/100\n|turn|3\n|\n|t:|1700587480\n|move|p1a: Breloom|Bulldoze|p2a: Gholdengo\n|-supereffective|p2a: Gholdengo\n|-damage|p2a: Gholdengo|55\/100\n|-unboost|p2a: Gholdengo|spe|1\n|move|p2a: Gholdengo|Thunder Wave|p1a: Breloom|[miss]\n|-miss|p2a: Gholdengo|p1a: Breloom\n|\n|-heal|p2a: Gholdengo|61\/100|[from] item: Leftovers\n|upkeep\n|turn|4\n|\n|t:|1700587490\n|move|p1a: Breloom|Bulldoze|p2a: Gholdengo\n|-supereffective|p2a: Gholdengo\n|-damage|p2a: Gholdengo|17\/100\n|-unboost|p2a: Gholdengo|spe|1\n|move|p2a: Gholdengo|Thunder Wave|p1a: Breloom\n|-status|p1a: Breloom|par\n|\n|-heal|p2a: Gholdengo|23\/100|[from] item: Leftovers\n|upkeep\n|turn|5\n|\n|t:|1700587503\n|switch|p2a: Zamazenta|Zamazenta|100\/100\n|-ability|p2a: Zamazenta|Dauntless Shield|boost\n|-boost|p2a: Zamazenta|def|1\n|move|p1a: Breloom|Bulldoze|p2a: Zamazenta\n|-damage|p2a: Zamazenta|79\/100\n|-unboost|p2a: Zamazenta|spe|1\n|\n|upkeep\n|turn|6\n|\n|t:|1700587514\n|move|p2a: Zamazenta|Close Combat|p1a: Breloom\n|-enditem|p1a: Breloom|Focus Sash\n|-damage|p1a: Breloom|1\/100 par\n|-unboost|p2a: Zamazenta|def|1\n|-unboost|p2a: Zamazenta|spd|1\n|move|p1a: Breloom|Bullet Seed|p2a: Zamazenta\n|-damage|p2a: Zamazenta|58\/100\n|-damage|p2a: Zamazenta|38\/100\n|-hitcount|p2a: Zamazenta|2\n|\n|upkeep\n|turn|7\n|\n|t:|1700587525\n|cant|p1a: Breloom|par\n|move|p2a: Zamazenta|Close Combat|p1a: Breloom\n|-damage|p1a: Breloom|0 fnt\n|-unboost|p2a: Zamazenta|def|1\n|-unboost|p2a: Zamazenta|spd|1\n|faint|p1a: Breloom\n|\n|upkeep\n|\n|t:|1700587534\n|switch|p1a: Weavile|Weavile, M|100\/100\n|-ability|p1a: Weavile|Pressure\n|turn|8\n|\n|t:|1700587549\n|switch|p2a: Dondozo|Dondozo, M|100\/100\n|move|p1a: Weavile|Icicle Spear|p2a: Dondozo\n|-resisted|p2a: Dondozo\n|-damage|p2a: Dondozo|98\/100\n|-resisted|p2a: Dondozo\n|-damage|p2a: Dondozo|95\/100\n|-resisted|p2a: Dondozo\n|-damage|p2a: Dondozo|93\/100\n|-resisted|p2a: Dondozo\n|-damage|p2a: Dondozo|90\/100\n|-resisted|p2a: Dondozo\n|-damage|p2a: Dondozo|87\/100\n|-hitcount|p2a: Dondozo|5\n|\n|upkeep\n|turn|9\n|\n|t:|1700587561\n|move|p1a: Weavile|Knock Off|p2a: Dondozo\n|-damage|p2a: Dondozo|66\/100\n|-enditem|p2a: Dondozo|Heavy-Duty Boots|[from] move: Knock Off|[of] p1a: Weavile\n|move|p2a: Dondozo|Body Press|p1a: Weavile\n|-supereffective|p1a: Weavile\n|-damage|p1a: Weavile|0 fnt\n|faint|p1a: Weavile\n|\n|upkeep\n|\n|t:|1700587570\n|switch|p1a: Iron Moth|Iron Moth|100\/100\n|turn|10\n|\n|t:|1700587573\n|move|p1a: Iron Moth|Energy Ball|p2a: Dondozo\n|-supereffective|p2a: Dondozo\n|-damage|p2a: Dondozo|0 fnt\n|faint|p2a: Dondozo\n|-damage|p1a: Iron Moth|91\/100|[from] item: Life Orb\n|\n|upkeep\n|\n|t:|1700587577\n|switch|p2a: Slowking|Slowking-Galar, M|100\/100\n|turn|11\n|\n|t:|1700587582\n|move|p1a: Iron Moth|Fiery Dance|p2a: Slowking\n|-damage|p2a: Slowking|69\/100\n|-damage|p1a: Iron Moth|81\/100|[from] item: Life Orb\n|move|p2a: Slowking|Future Sight|p1a: Iron Moth\n|-start|p2a: Slowking|move: Future Sight\n|\n|upkeep\n|turn|12\n|\n|t:|1700587588\n|move|p1a: Iron Moth|Fiery Dance|p2a: Slowking\n|-damage|p2a: Slowking|33\/100\n|-damage|p1a: Iron Moth|71\/100|[from] item: Life Orb\n|move|p2a: Slowking|Thunder Wave|p1a: Iron Moth\n|-status|p1a: Iron Moth|par\n|\n|upkeep\n|turn|13\n|\n|t:|1700587598\n|switch|p2a: Zamazenta|Zamazenta|38\/100\n|move|p1a: Iron Moth|Fiery Dance|p2a: Zamazenta\n|-damage|p2a: Zamazenta|0 fnt\n|faint|p2a: Zamazenta\n|-damage|p1a: Iron Moth|61\/100 par|[from] item: Life Orb\n|\n|-end|p1a: Iron Moth|move: Future Sight\n|-supereffective|p1a: Iron Moth\n|-damage|p1a: Iron Moth|0 fnt\n|faint|p1a: Iron Moth\n|-end|p1a: Iron Moth|Quark Drive|[silent]\n|upkeep\n|\n|t:|1700587619\n|switch|p2a: Slowking|Slowking-Galar, M|66\/100\n|switch|p1a: Walking Wake|Walking Wake|100\/100\n|-enditem|p1a: Walking Wake|Booster Energy\n|-activate|p1a: Walking Wake|ability: Protosynthesis|[fromitem]\n|-start|p1a: Walking Wake|protosynthesisspa\n|turn|14\n|\n|t:|1700587643\n|switch|p2a: Gholdengo|Gholdengo|23\/100\n|move|p1a: Walking Wake|Dragon Pulse|p2a: Gholdengo\n|-resisted|p2a: Gholdengo\n|-crit|p2a: Gholdengo\n|-damage|p2a: Gholdengo|0 fnt\n|faint|p2a: Gholdengo\n|\n|upkeep\n|inactive|Battle timer is ON: inactive players will automatically lose when time's up. (requested by jec3)\n|inactive|gcy9 has 120 seconds left.\n|\n|t:|1700587724\n|switch|p2a: Slowking|Slowking-Galar, M|99\/100\n|turn|15\n|\n|t:|1700587733\n|move|p1a: Walking Wake|Dragon Pulse|p2a: Slowking\n|-damage|p2a: Slowking|66\/100\n|move|p2a: Slowking|Future Sight|p1a: Walking Wake\n|-start|p2a: Slowking|move: Future Sight\n|\n|upkeep\n|turn|16\n|\n|t:|1700587738\n|move|p1a: Walking Wake|Dragon Pulse|p2a: Slowking\n|-damage|p2a: Slowking|35\/100\n|move|p2a: Slowking|Sludge Bomb|p1a: Walking Wake\n|-damage|p1a: Walking Wake|64\/100\n|\n|upkeep\n|turn|17\n|\n|t:|1700587751\n|move|p1a: Walking Wake|Flamethrower|p2a: Slowking\n|-damage|p2a: Slowking|11\/100\n|move|p2a: Slowking|Chilly Reception|p2a: Slowking\n|-weather|Snow\n|\n|t:|1700587756\n|switch|p2a: Kingambit|Kingambit, F|100\/100|[from] Chilly Reception\n|-activate|p2a: Kingambit|ability: Supreme Overlord\n|-start|p2a: Kingambit|fallen4|[silent]\n|\n|-weather|Snow|[upkeep]\n|-end|p1a: Walking Wake|move: Future Sight\n|-damage|p1a: Walking Wake|7\/100\n|upkeep\n|turn|18\n|\n|t:|1700587761\n|-terastallize|p2a: Kingambit|Flying\n|move|p2a: Kingambit|Sucker Punch|p1a: Walking Wake\n|-damage|p1a: Walking Wake|0 fnt\n|faint|p1a: Walking Wake\n|-end|p1a: Walking Wake|Protosynthesis|[silent]\n|\n|-weather|Snow|[upkeep]\n|upkeep\n|\n|t:|1700587769\n|switch|p1a: Great Tusk|Great Tusk|100\/100\n|turn|19\n|\n|t:|1700587783\n|-end|p2a: Kingambit|fallen4|[silent]\n|switch|p2a: Slowking|Slowking-Galar, M|44\/100\n|-terastallize|p1a: Great Tusk|Steel\n|move|p1a: Great Tusk|Ice Spinner|p2a: Slowking\n|-damage|p2a: Slowking|13\/100\n|\n|-weather|Snow|[upkeep]\n|upkeep\n|turn|20\n|\n|t:|1700587791\n|move|p1a: Great Tusk|Ice Spinner|p2a: Slowking\n|-damage|p2a: Slowking|0 fnt\n|faint|p2a: Slowking\n|\n|-weather|Snow|[upkeep]\n|upkeep\n|\n|t:|1700587794\n|switch|p2a: Kingambit|Kingambit, F, tera:Flying|100\/100\n|-activate|p2a: Kingambit|ability: Supreme Overlord\n|-start|p2a: Kingambit|fallen5|[silent]\n|turn|21\n|\n|t:|1700587802\n|move|p1a: Great Tusk|Ice Spinner|p2a: Kingambit\n|-supereffective|p2a: Kingambit\n|-damage|p2a: Kingambit|54\/100\n|move|p2a: Kingambit|Kowtow Cleave|p1a: Great Tusk\n|-damage|p1a: Great Tusk|55\/100\n|\n|-weather|none\n|-heal|p1a: Great Tusk|62\/100|[from] item: Leftovers\n|upkeep\n|turn|22\n|\n|t:|1700587810\n|move|p1a: Great Tusk|Ice Spinner|p2a: Kingambit\n|-supereffective|p2a: Kingambit\n|-damage|p2a: Kingambit|5\/100\n|move|p2a: Kingambit|Kowtow Cleave|p1a: Great Tusk\n|-damage|p1a: Great Tusk|17\/100\n|\n|-heal|p1a: Great Tusk|24\/100|[from] item: Leftovers\n|upkeep\n|turn|23\n|\n|t:|1700587819\n|move|p2a: Kingambit|Sucker Punch|p1a: Great Tusk\n|-damage|p1a: Great Tusk|0 fnt\n|faint|p1a: Great Tusk\n|-end|p1a: Great Tusk|Protosynthesis|[silent]\n|\n|win|gcy9\n|raw|jec3's rating: 1482 &rarr; <strong>1465<\/strong><br \/>(-17 for losing)\n|raw|gcy9's rating: 1535 &rarr; <strong>1552<\/strong><br \/>(+17 for winning)\n|l|\u2606jec3\n","uploadtime":1700587834,"views":2,"p1id":"jec3","p2id":"gcy9","formatid":"gen9ou","rating":1465,"private":0,"password":""}