{"id":"gen9ou-1996054594","p1":"yellowy light","p2":"mrbadd","format":"[Gen 9] OU","log":"|j|\u2606yellowy light\n|j|\u2606mrbadd\n|t:|1700636329\n|gametype|singles\n|player|p1|yellowy light|zinnia|1219\n|player|p2|mrbadd|rocker-gen1rb|1308\n|teamsize|p1|6\n|teamsize|p2|6\n|gen|9\n|tier|[Gen 9] OU\n|rated|\n|rule|Sleep Clause Mod: Limit one foe put to sleep\n|rule|Species Clause: Limit one of each Pok\u00e9mon\n|rule|OHKO Clause: OHKO moves are banned\n|rule|Evasion Items Clause: Evasion items are banned\n|rule|Evasion Moves Clause: Evasion moves are banned\n|rule|Endless Battle Clause: Forcing endless battles is banned\n|rule|HP Percentage Mod: HP is shown in percentages\n|clearpoke\n|poke|p1|Torkoal, F|\n|poke|p1|Walking Wake|\n|poke|p1|Great Tusk|\n|poke|p1|Ceruledge, F|\n|poke|p1|Kingambit, F|\n|poke|p1|Enamorus, F|\n|poke|p2|Dragapult, F|\n|poke|p2|Skeledirge, M|\n|poke|p2|Milotic, F|\n|poke|p2|Clefable, M|\n|poke|p2|Clodsire, F|\n|poke|p2|Mandibuzz, F|\n|teampreview\n|inactive|Battle timer is ON: inactive players will automatically lose when time's up. (requested by yellowy light)\n|\n|t:|1700636344\n|start\n|switch|p1a: Torkoal|Torkoal, F|100\/100\n|switch|p2a: Creep|Dragapult, F, shiny|100\/100\n|-weather|SunnyDay|[from] ability: Drought|[of] p1a: Torkoal\n|turn|1\n|\n|t:|1700636353\n|switch|p1a: Enamorus|Enamorus, F|100\/100\n|move|p2a: Creep|Draco Meteor|p1a: Enamorus\n|-immune|p1a: Enamorus\n|\n|-weather|SunnyDay|[upkeep]\n|upkeep\n|turn|2\n|\n|t:|1700636366\n|switch|p2a: Cytherea|Milotic, F|100\/100\n|move|p1a: Enamorus|Earth Power|p2a: Cytherea\n|-damage|p2a: Cytherea|83\/100\n|\n|-weather|SunnyDay|[upkeep]\n|upkeep\n|turn|3\n|\n|t:|1700636378\n|move|p1a: Enamorus|Moonblast|p2a: Cytherea\n|-damage|p2a: Cytherea|56\/100\n|move|p2a: Cytherea|Scald|p1a: Enamorus\n|-damage|p1a: Enamorus|81\/100\n|\n|-weather|SunnyDay|[upkeep]\n|upkeep\n|turn|4\n|\n|t:|1700636396\n|move|p1a: Enamorus|Moonblast|p2a: Cytherea\n|-damage|p2a: Cytherea|28\/100\n|-unboost|p2a: Cytherea|spa|1\n|move|p2a: Cytherea|Recover|p2a: Cytherea\n|-heal|p2a: Cytherea|78\/100\n|\n|-weather|SunnyDay|[upkeep]\n|upkeep\n|turn|5\n|\n|t:|1700636406\n|move|p1a: Enamorus|Moonblast|p2a: Cytherea\n|-damage|p2a: Cytherea|48\/100\n|move|p2a: Cytherea|Recover|p2a: Cytherea\n|-heal|p2a: Cytherea|98\/100\n|\n|-weather|SunnyDay|[upkeep]\n|upkeep\n|turn|6\n|\n|t:|1700636418\n|move|p1a: Enamorus|Mystical Fire|p2a: Cytherea\n|-resisted|p2a: Cytherea\n|-damage|p2a: Cytherea|86\/100\n|-unboost|p2a: Cytherea|spa|1\n|move|p2a: Cytherea|Mirror Coat|p1a: Enamorus\n|-damage|p1a: Enamorus|48\/100\n|\n|-weather|SunnyDay|[upkeep]\n|upkeep\n|turn|7\n|\n|t:|1700636430\n|switch|p1a: Ceruledge|Ceruledge, F|100\/100\n|move|p2a: Cytherea|Scald|p1a: Ceruledge\n|-supereffective|p1a: Ceruledge\n|-damage|p1a: Ceruledge|86\/100\n|\n|-weather|SunnyDay|[upkeep]\n|upkeep\n|turn|8\n|\n|t:|1700636447\n|switch|p2a: Goth|Mandibuzz, F, shiny|100\/100\n|move|p1a: Ceruledge|Swords Dance|p1a: Ceruledge\n|-boost|p1a: Ceruledge|atk|2\n|\n|-weather|none\n|upkeep\n|turn|9\n|\n|t:|1700636464\n|switch|p1a: Kingambit|Kingambit, F|100\/100\n|move|p2a: Goth|Foul Play|p1a: Kingambit\n|-resisted|p1a: Kingambit\n|-damage|p1a: Kingambit|81\/100\n|\n|upkeep\n|turn|10\n|\n|t:|1700636472\n|-end|p1a: Kingambit|fallenundefined|[silent]\n|switch|p1a: Torkoal|Torkoal, F|100\/100\n|-weather|SunnyDay|[from] ability: Drought|[of] p1a: Torkoal\n|move|p2a: Goth|Iron Defense|p2a: Goth\n|-boost|p2a: Goth|def|2\n|\n|-weather|SunnyDay|[upkeep]\n|upkeep\n|turn|11\n|\n|t:|1700636483\n|switch|p2a: Creep|Dragapult, F, shiny|100\/100\n|switch|p1a: Walking Wake|Walking Wake|100\/100\n|-activate|p1a: Walking Wake|ability: Protosynthesis\n|-start|p1a: Walking Wake|protosynthesisspe\n|\n|-weather|SunnyDay|[upkeep]\n|upkeep\n|turn|12\n|\n|t:|1700636503\n|switch|p2a: Burger Steak|Clodsire, F|100\/100\n|move|p1a: Walking Wake|Dragon Pulse|p2a: Burger Steak\n|-damage|p2a: Burger Steak|52\/100\n|\n|-weather|SunnyDay|[upkeep]\n|-heal|p2a: Burger Steak|58\/100|[from] item: Black Sludge\n|upkeep\n|turn|13\n|\n|t:|1700636511\n|-end|p1a: Walking Wake|Protosynthesis|[silent]\n|switch|p1a: Kingambit|Kingambit, F|81\/100\n|switch|p2a: Archangel|Clefable, M, shiny|100\/100\n|\n|-weather|SunnyDay|[upkeep]\n|upkeep\n|turn|14\n|\n|t:|1700636526\n|switch|p2a: Goth|Mandibuzz, F, shiny|100\/100\n|move|p1a: Kingambit|Kowtow Cleave|p2a: Goth\n|-resisted|p2a: Goth\n|-damage|p2a: Goth|85\/100\n|\n|-weather|SunnyDay|[upkeep]\n|upkeep\n|turn|15\n|\n|t:|1700636537\n|-end|p1a: Kingambit|fallenundefined|[silent]\n|switch|p1a: Walking Wake|Walking Wake|100\/100\n|-activate|p1a: Walking Wake|ability: Protosynthesis\n|-start|p1a: Walking Wake|protosynthesisspe\n|move|p2a: Goth|Knock Off|p1a: Walking Wake\n|-damage|p1a: Walking Wake|77\/100\n|-enditem|p1a: Walking Wake|Choice Specs|[from] move: Knock Off|[of] p2a: Goth\n|\n|-weather|SunnyDay|[upkeep]\n|upkeep\n|turn|16\n|\n|t:|1700636557\n|switch|p2a: Burger Steak|Clodsire, F|58\/100\n|move|p1a: Walking Wake|Draco Meteor|p2a: Burger Steak\n|-damage|p2a: Burger Steak|14\/100\n|-unboost|p1a: Walking Wake|spa|2\n|\n|-weather|SunnyDay|[upkeep]\n|-heal|p2a: Burger Steak|20\/100|[from] item: Black Sludge\n|upkeep\n|turn|17\n|\n|t:|1700636573\n|-end|p1a: Walking Wake|Protosynthesis|[silent]\n|switch|p1a: Kingambit|Kingambit, F|81\/100\n|switch|p2a: Cytherea|Milotic, F|86\/100\n|\n|-weather|none\n|upkeep\n|turn|18\n|\n|t:|1700636587\n|-end|p1a: Kingambit|fallenundefined|[silent]\n|switch|p1a: Torkoal|Torkoal, F|100\/100\n|-weather|SunnyDay|[from] ability: Drought|[of] p1a: Torkoal\n|move|p2a: Cytherea|Scald|p1a: Torkoal\n|-supereffective|p1a: Torkoal\n|-damage|p1a: Torkoal|75\/100\n|\n|-weather|SunnyDay|[upkeep]\n|upkeep\n|turn|19\n|\n|t:|1700636599\n|move|p2a: Cytherea|Scald|p1a: Torkoal\n|-supereffective|p1a: Torkoal\n|-damage|p1a: Torkoal|50\/100\n|move|p1a: Torkoal|Stealth Rock|p2a: Cytherea\n|-sidestart|p2: mrbadd|move: Stealth Rock\n|\n|-weather|SunnyDay|[upkeep]\n|upkeep\n|turn|20\n|\n|t:|1700636614\n|switch|p1a: Walking Wake|Walking Wake|77\/100\n|-activate|p1a: Walking Wake|ability: Protosynthesis\n|-start|p1a: Walking Wake|protosynthesisspe\n|move|p2a: Cytherea|Scald|p1a: Walking Wake\n|-resisted|p1a: Walking Wake\n|-damage|p1a: Walking Wake|73\/100\n|-status|p1a: Walking Wake|brn\n|\n|-weather|SunnyDay|[upkeep]\n|-damage|p1a: Walking Wake|67\/100 brn|[from] brn\n|upkeep\n|turn|21\n|\n|t:|1700636627\n|move|p1a: Walking Wake|Dragon Pulse|p2a: Cytherea\n|-damage|p2a: Cytherea|63\/100\n|move|p2a: Cytherea|Mirror Coat|p1a: Walking Wake\n|-damage|p1a: Walking Wake|14\/100 brn\n|\n|-weather|SunnyDay|[upkeep]\n|-damage|p1a: Walking Wake|8\/100 brn|[from] brn\n|upkeep\n|turn|22\n|\n|t:|1700636641\n|-end|p1a: Walking Wake|Protosynthesis|[silent]\n|switch|p1a: Kingambit|Kingambit, F|81\/100\n|move|p2a: Cytherea|Recover|p2a: Cytherea\n|-heal|p2a: Cytherea|100\/100\n|\n|-weather|SunnyDay|[upkeep]\n|upkeep\n|turn|23\n|\n|t:|1700636657\n|move|p2a: Cytherea|Scald|p1a: Kingambit\n|-damage|p1a: Kingambit|67\/100\n|move|p1a: Kingambit|Swords Dance|p1a: Kingambit\n|-boost|p1a: Kingambit|atk|2\n|\n|-weather|SunnyDay|[upkeep]\n|upkeep\n|turn|24\n|\n|t:|1700636667\n|move|p2a: Cytherea|Haze|p2a: Cytherea\n|-clearallboost\n|move|p1a: Kingambit|Kowtow Cleave|p2a: Cytherea\n|-damage|p2a: Cytherea|51\/100\n|\n|-weather|SunnyDay|[upkeep]\n|upkeep\n|turn|25\n|\n|t:|1700636686\n|switch|p2a: Goth|Mandibuzz, F, shiny|85\/100\n|move|p1a: Kingambit|Kowtow Cleave|p2a: Goth\n|-resisted|p2a: Goth\n|-damage|p2a: Goth|70\/100\n|\n|-weather|none\n|upkeep\n|turn|26\n|\n|t:|1700636699\n|-end|p1a: Kingambit|fallenundefined|[silent]\n|switch|p1a: Great Tusk|Great Tusk|100\/100\n|-enditem|p1a: Great Tusk|Booster Energy\n|-activate|p1a: Great Tusk|ability: Protosynthesis|[fromitem]\n|-start|p1a: Great Tusk|protosynthesisspe\n|move|p2a: Goth|Knock Off|p1a: Great Tusk\n|-resisted|p1a: Great Tusk\n|-damage|p1a: Great Tusk|95\/100\n|\n|upkeep\n|turn|27\n|\n|t:|1700636713\n|move|p1a: Great Tusk|Ice Spinner|p2a: Goth\n|-supereffective|p2a: Goth\n|-damage|p2a: Goth|42\/100\n|move|p2a: Goth|Iron Defense|p2a: Goth\n|-boost|p2a: Goth|def|2\n|\n|upkeep\n|turn|28\n|\n|t:|1700636724\n|move|p1a: Great Tusk|Bulk Up|p1a: Great Tusk\n|-boost|p1a: Great Tusk|atk|1\n|-boost|p1a: Great Tusk|def|1\n|move|p2a: Goth|Roost|p2a: Goth\n|-heal|p2a: Goth|92\/100\n|-singleturn|p2a: Goth|move: Roost\n|\n|upkeep\n|turn|29\n|\n|t:|1700636735\n|move|p1a: Great Tusk|Ice Spinner|p2a: Goth\n|-supereffective|p2a: Goth\n|-damage|p2a: Goth|73\/100\n|move|p2a: Goth|Iron Defense|p2a: Goth\n|-boost|p2a: Goth|def|2\n|\n|upkeep\n|turn|30\n|\n|t:|1700636744\n|-end|p1a: Great Tusk|Protosynthesis|[silent]\n|switch|p1a: Torkoal|Torkoal, F|50\/100\n|-weather|SunnyDay|[from] ability: Drought|[of] p1a: Torkoal\n|move|p2a: Goth|Foul Play|p1a: Torkoal\n|-damage|p1a: Torkoal|32\/100\n|\n|-weather|SunnyDay|[upkeep]\n|upkeep\n|turn|31\n|\n|t:|1700636755\n|switch|p2a: Creep|Dragapult, F, shiny|100\/100\n|-damage|p2a: Creep|88\/100|[from] Stealth Rock\n|move|p1a: Torkoal|Yawn|p2a: Creep\n|-start|p2a: Creep|move: Yawn|[of] p1a: Torkoal\n|\n|-weather|SunnyDay|[upkeep]\n|upkeep\n|turn|32\n|\n|t:|1700636763\n|switch|p1a: Enamorus|Enamorus, F|48\/100\n|move|p2a: Creep|U-turn|p1a: Enamorus\n|-resisted|p1a: Enamorus\n|-damage|p1a: Enamorus|41\/100\n|\n|t:|1700636771\n|switch|p2a: Cytherea|Milotic, F|51\/100|[from] U-turn\n|\n|-weather|SunnyDay|[upkeep]\n|upkeep\n|turn|33\n|\n|t:|1700636787\n|switch|p1a: Ceruledge|Ceruledge, F|86\/100\n|move|p2a: Cytherea|Recover|p2a: Cytherea\n|-heal|p2a: Cytherea|100\/100\n|\n|-weather|SunnyDay|[upkeep]\n|upkeep\n|turn|34\n|\n|t:|1700636795\n|switch|p2a: Goth|Mandibuzz, F, shiny|73\/100\n|move|p1a: Ceruledge|Poltergeist|p2a: Goth\n|-activate|p2a: Goth|move: Poltergeist|Heavy-Duty Boots\n|-resisted|p2a: Goth\n|-crit|p2a: Goth\n|-damage|p2a: Goth|46\/100\n|\n|-weather|SunnyDay|[upkeep]\n|upkeep\n|turn|35\n|\n|t:|1700636814\n|move|p1a: Ceruledge|Bitter Blade|p2a: Goth\n|-damage|p2a: Goth|4\/100\n|-heal|p1a: Ceruledge|100\/100|[from] drain|[of] p2a: Goth\n|move|p2a: Goth|Foul Play|p1a: Ceruledge\n|-supereffective|p1a: Ceruledge\n|-enditem|p1a: Ceruledge|Focus Sash\n|-damage|p1a: Ceruledge|1\/100\n|-ability|p1a: Ceruledge|Weak Armor|boost\n|-unboost|p1a: Ceruledge|def|1\n|-boost|p1a: Ceruledge|spe|2\n|\n|-weather|SunnyDay|[upkeep]\n|upkeep\n|turn|36\n|\n|t:|1700636839\n|switch|p2a: Burger Steak|Clodsire, F|20\/100\n|-damage|p2a: Burger Steak|14\/100|[from] Stealth Rock\n|move|p1a: Ceruledge|Shadow Sneak|p2a: Burger Steak\n|-damage|p2a: Burger Steak|0 fnt\n|faint|p2a: Burger Steak\n|\n|-weather|SunnyDay|[upkeep]\n|upkeep\n|\n|t:|1700636847\n|switch|p2a: Huling El Bimbo|Skeledirge, M, shiny|100\/100\n|turn|37\n|\n|t:|1700636855\n|-terastallize|p2a: Huling El Bimbo|Water\n|move|p1a: Ceruledge|Poltergeist|p2a: Huling El Bimbo\n|-activate|p2a: Huling El Bimbo|move: Poltergeist|Heavy-Duty Boots\n|-damage|p2a: Huling El Bimbo|54\/100\n|move|p2a: Huling El Bimbo|Torch Song|p1a: Ceruledge\n|-resisted|p1a: Ceruledge\n|-damage|p1a: Ceruledge|0 fnt\n|-boost|p2a: Huling El Bimbo|spa|1\n|faint|p1a: Ceruledge\n|\n|-weather|none\n|upkeep\n|inactive|yellowy light has 120 seconds left.\n|\n|t:|1700636901\n|switch|p1a: Walking Wake|Walking Wake|8\/100 brn\n|turn|38\n|\n|t:|1700636908\n|switch|p2a: Archangel|Clefable, M, shiny|100\/100\n|move|p1a: Walking Wake|Draco Meteor|p2a: Archangel\n|-immune|p2a: Archangel\n|\n|-damage|p1a: Walking Wake|2\/100 brn|[from] brn\n|upkeep\n|turn|39\n|inactive|yellowy light has 120 seconds left.\n|\n|t:|1700636918\n|-end|p1a: Walking Wake|Protosynthesis|[silent]\n|switch|p1a: Enamorus|Enamorus, F|41\/100\n|move|p2a: Archangel|Stealth Rock|p1a: Enamorus\n|-sidestart|p1: yellowy light|move: Stealth Rock\n|\n|upkeep\n|turn|40\n|inactive|yellowy light has 120 seconds left.\n|\n|t:|1700636936\n|move|p1a: Enamorus|Moonblast|p2a: Archangel\n|-damage|p2a: Archangel|50\/100\n|move|p2a: Archangel|Encore|p1a: Enamorus\n|-start|p1a: Enamorus|Encore\n|\n|-heal|p2a: Archangel|56\/100|[from] item: Leftovers\n|upkeep\n|turn|41\n|inactive|yellowy light has 120 seconds left.\n|\n|t:|1700636946\n|move|p1a: Enamorus|Moonblast|p2a: Archangel\n|-damage|p2a: Archangel|7\/100\n|move|p2a: Archangel|Moonlight|p2a: Archangel\n|-heal|p2a: Archangel|57\/100\n|\n|-heal|p2a: Archangel|63\/100|[from] item: Leftovers\n|upkeep\n|turn|42\n|\n|t:|1700636955\n|move|p1a: Enamorus|Moonblast|p2a: Archangel\n|-damage|p2a: Archangel|15\/100\n|move|p2a: Archangel|Moonlight|p2a: Archangel\n|-heal|p2a: Archangel|65\/100\n|\n|-heal|p2a: Archangel|71\/100|[from] item: Leftovers\n|upkeep\n|turn|43\n|\n|t:|1700636964\n|switch|p2a: Cytherea|Milotic, F|100\/100\n|move|p1a: Enamorus|Moonblast|p2a: Cytherea\n|-damage|p2a: Cytherea|70\/100\n|\n|-end|p1a: Enamorus|Encore\n|upkeep\n|turn|44\n|\n|t:|1700636974\n|switch|p1a: Great Tusk|Great Tusk|95\/100\n|-damage|p1a: Great Tusk|92\/100|[from] Stealth Rock\n|move|p2a: Cytherea|Scald|p1a: Great Tusk\n|-supereffective|p1a: Great Tusk\n|-damage|p1a: Great Tusk|16\/100\n|\n|upkeep\n|turn|45\n|\n|t:|1700636986\n|switch|p2a: Creep|Dragapult, F, shiny|88\/100\n|-damage|p2a: Creep|76\/100|[from] Stealth Rock\n|move|p1a: Great Tusk|Rapid Spin|p2a: Creep\n|-immune|p2a: Creep\n|\n|upkeep\n|turn|46\n|\n|t:|1700637001\n|move|p2a: Creep|Shadow Ball|p1a: Great Tusk\n|-damage|p1a: Great Tusk|0 fnt\n|faint|p1a: Great Tusk\n|-end|p1a: Great Tusk|Protosynthesis|[silent]\n|\n|upkeep\n|\n|t:|1700637010\n|switch|p1a: Kingambit|Kingambit, F|67\/100\n|-damage|p1a: Kingambit|61\/100|[from] Stealth Rock\n|-activate|p1a: Kingambit|ability: Supreme Overlord\n|-start|p1a: Kingambit|fallen2|[silent]\n|turn|47\n|\n|t:|1700637037\n|switch|p2a: Goth|Mandibuzz, F, shiny|4\/100\n|move|p1a: Kingambit|Kowtow Cleave|p2a: Goth\n|-resisted|p2a: Goth\n|-damage|p2a: Goth|0 fnt\n|faint|p2a: Goth\n|\n|upkeep\n|inactive|mrbadd has 120 seconds left.\n|\n|t:|1700637047\n|switch|p2a: Huling El Bimbo|Skeledirge, M, shiny, tera:Water|54\/100\n|turn|48\n|\n|t:|1700637068\n|-terastallize|p1a: Kingambit|Fairy\n|move|p1a: Kingambit|Sucker Punch||[still]\n|-fail|p1a: Kingambit\n|move|p2a: Huling El Bimbo|Will-O-Wisp|p1a: Kingambit\n|-status|p1a: Kingambit|brn\n|-enditem|p1a: Kingambit|Lum Berry|[eat]\n|-curestatus|p1a: Kingambit|brn|[msg]\n|\n|upkeep\n|turn|49\n|\n|t:|1700637079\n|move|p2a: Huling El Bimbo|Will-O-Wisp|p1a: Kingambit\n|-status|p1a: Kingambit|brn\n|move|p1a: Kingambit|Kowtow Cleave|p2a: Huling El Bimbo\n|-damage|p2a: Huling El Bimbo|27\/100\n|\n|-damage|p1a: Kingambit|54\/100 brn|[from] brn\n|upkeep\n|turn|50\n|\n|t:|1700637097\n|move|p2a: Huling El Bimbo|Slack Off|p2a: Huling El Bimbo\n|-heal|p2a: Huling El Bimbo|77\/100\n|move|p1a: Kingambit|Kowtow Cleave|p2a: Huling El Bimbo\n|-damage|p2a: Huling El Bimbo|51\/100\n|\n|-damage|p1a: Kingambit|48\/100 brn|[from] brn\n|upkeep\n|turn|51\n|\n|t:|1700637107\n|move|p2a: Huling El Bimbo|Slack Off|p2a: Huling El Bimbo\n|-heal|p2a: Huling El Bimbo|100\/100\n|move|p1a: Kingambit|Swords Dance|p1a: Kingambit\n|-boost|p1a: Kingambit|atk|2\n|\n|-damage|p1a: Kingambit|42\/100 brn|[from] brn\n|upkeep\n|turn|52\n|\n|t:|1700637116\n|move|p2a: Huling El Bimbo|Hex|p1a: Kingambit\n|-damage|p1a: Kingambit|0 fnt\n|faint|p1a: Kingambit\n|-end|p1a: Kingambit|fallen2|[silent]\n|\n|upkeep\n|\n|t:|1700637124\n|switch|p1a: Enamorus|Enamorus, F|41\/100\n|turn|53\n|\n|t:|1700637131\n|move|p1a: Enamorus|Healing Wish|p1a: Enamorus\n|faint|p1a: Enamorus\n|move|p2a: Huling El Bimbo|Torch Song|p1: Enamorus|[notarget]\n|-fail|p2a: Huling El Bimbo\n|\n|upkeep\n|\n|t:|1700637136\n|switch|p1a: Walking Wake|Walking Wake|2\/100 brn\n|-heal|p1a: Walking Wake|100\/100|[from] move: Healing Wish\n|-damage|p1a: Walking Wake|88\/100|[from] Stealth Rock\n|turn|54\n|\n|t:|1700637151\n|move|p1a: Walking Wake|Dragon Pulse|p2a: Huling El Bimbo\n|-crit|p2a: Huling El Bimbo\n|-damage|p2a: Huling El Bimbo|55\/100\n|move|p2a: Huling El Bimbo|Torch Song|p1a: Walking Wake\n|-resisted|p1a: Walking Wake\n|-damage|p1a: Walking Wake|79\/100\n|-boost|p2a: Huling El Bimbo|spa|1\n|\n|upkeep\n|turn|55\n|\n|t:|1700637160\n|move|p1a: Walking Wake|Draco Meteor|p2a: Huling El Bimbo\n|-crit|p2a: Huling El Bimbo\n|-damage|p2a: Huling El Bimbo|0 fnt\n|-unboost|p1a: Walking Wake|spa|2\n|faint|p2a: Huling El Bimbo\n|\n|upkeep\n|\n|t:|1700637171\n|switch|p2a: Cytherea|Milotic, F|70\/100\n|turn|56\n|\n|t:|1700637175\n|-end|p1a: Walking Wake|Protosynthesis|[silent]\n|switch|p1a: Torkoal|Torkoal, F|32\/100\n|-damage|p1a: Torkoal|7\/100|[from] Stealth Rock\n|-weather|SunnyDay|[from] ability: Drought|[of] p1a: Torkoal\n|move|p2a: Cytherea|Recover|p2a: Cytherea\n|-heal|p2a: Cytherea|100\/100\n|\n|-weather|SunnyDay|[upkeep]\n|upkeep\n|turn|57\n|\n|t:|1700637186\n|move|p2a: Cytherea|Scald|p1a: Torkoal\n|-supereffective|p1a: Torkoal\n|-damage|p1a: Torkoal|0 fnt\n|faint|p1a: Torkoal\n|\n|-weather|SunnyDay|[upkeep]\n|upkeep\n|\n|t:|1700637189\n|switch|p1a: Walking Wake|Walking Wake|79\/100\n|-damage|p1a: Walking Wake|67\/100|[from] Stealth Rock\n|-activate|p1a: Walking Wake|ability: Protosynthesis\n|-start|p1a: Walking Wake|protosynthesisspe\n|turn|58\n|\n|t:|1700637197\n|move|p1a: Walking Wake|Dragon Pulse|p2a: Cytherea\n|-damage|p2a: Cytherea|78\/100\n|move|p2a: Cytherea|Mirror Coat|p1a: Walking Wake\n|-damage|p1a: Walking Wake|15\/100\n|\n|-weather|SunnyDay|[upkeep]\n|upkeep\n|turn|59\n|\n|t:|1700637205\n|move|p1a: Walking Wake|Dragon Pulse|p2a: Cytherea\n|-damage|p2a: Cytherea|53\/100\n|move|p2a: Cytherea|Mirror Coat|p1a: Walking Wake\n|-damage|p1a: Walking Wake|0 fnt\n|faint|p1a: Walking Wake\n|-end|p1a: Walking Wake|Protosynthesis|[silent]\n|\n|win|mrbadd\n|raw|yellowy light's rating: 1219 &rarr; <strong>1200<\/strong><br \/>(-19 for losing)\n|raw|mrbadd's rating: 1308 &rarr; <strong>1323<\/strong><br \/>(+15 for winning)\n|l|\u2606yellowy light\n","uploadtime":1700637223,"views":6,"p1id":"yellowylight","p2id":"mrbadd","formatid":"gen9ou","rating":1200,"private":0,"password":""}