{"id":"gen9ou-1994397125","p1":"Joker040921","p2":"swoop2123","format":"[Gen 9] OU","log":"|j|\u2606Joker040921\n|j|\u2606swoop2123\n|t:|1700439241\n|gametype|singles\n|player|p1|Joker040921|169|1021\n|player|p2|swoop2123|wallace|1000\n|teamsize|p1|6\n|teamsize|p2|6\n|gen|9\n|tier|[Gen 9] OU\n|rated|\n|rule|Sleep Clause Mod: Limit one foe put to sleep\n|rule|Species Clause: Limit one of each Pok\u00e9mon\n|rule|OHKO Clause: OHKO moves are banned\n|rule|Evasion Items Clause: Evasion items are banned\n|rule|Evasion Moves Clause: Evasion moves are banned\n|rule|Endless Battle Clause: Forcing endless battles is banned\n|rule|HP Percentage Mod: HP is shown in percentages\n|clearpoke\n|poke|p1|Great Tusk|\n|poke|p1|Iron Valiant|\n|poke|p1|Corviknight, F|\n|poke|p1|Gholdengo|\n|poke|p1|Iron Moth|\n|poke|p1|Sandy Shocks|\n|poke|p2|Gyarados, M|\n|poke|p2|Gengar, M|\n|poke|p2|Dragonite, F|\n|poke|p2|Ninetales, M|\n|poke|p2|Victreebel, M|\n|poke|p2|Cloyster, M|\n|teampreview\n|\n|t:|1700439261\n|start\n|switch|p1a: Sandy Shocks|Sandy Shocks|100\/100\n|switch|p2a: Gengar|Gengar, M, shiny|100\/100\n|turn|1\n|\n|t:|1700439270\n|move|p2a: Gengar|Shadow Ball|p1a: Sandy Shocks\n|-damage|p1a: Sandy Shocks|20\/100\n|-unboost|p1a: Sandy Shocks|spd|1\n|move|p1a: Sandy Shocks|Earth Power|p2a: Gengar\n|-supereffective|p2a: Gengar\n|-damage|p2a: Gengar|0 fnt\n|-start|p1a: Sandy Shocks|Disable|Earth Power|[from] ability: Cursed Body|[of] p2a: Gengar\n|faint|p2a: Gengar\n|\n|upkeep\n|inactive|Battle timer is ON: inactive players will automatically lose when time's up. (requested by swoop2123)\n|\n|t:|1700439282\n|switch|p2a: Cloyster|Cloyster, M, shiny|100\/100\n|turn|2\n|-enditem|p1a: Sandy Shocks|Custap Berry|[eat]\n|-activate|p1a: Sandy Shocks|item: Custap Berry|[consumed]\n|\n|t:|1700439285\n|move|p1a: Sandy Shocks|Thunderbolt|p2a: Cloyster\n|-supereffective|p2a: Cloyster\n|-enditem|p2a: Cloyster|Focus Sash\n|-damage|p2a: Cloyster|1\/100\n|move|p2a: Cloyster|Shell Smash|p2a: Cloyster\n|-unboost|p2a: Cloyster|def|1\n|-unboost|p2a: Cloyster|spd|1\n|-boost|p2a: Cloyster|atk|2\n|-boost|p2a: Cloyster|spa|2\n|-boost|p2a: Cloyster|spe|2\n|\n|upkeep\n|turn|3\n|\n|t:|1700439300\n|move|p2a: Cloyster|Icicle Spear|p1a: Sandy Shocks\n|-supereffective|p1a: Sandy Shocks\n|-damage|p1a: Sandy Shocks|0 fnt\n|faint|p1a: Sandy Shocks\n|-end|p1a: Sandy Shocks|Protosynthesis|[silent]\n|-hitcount|p1: Sandy Shocks|1\n|\n|upkeep\n|\n|t:|1700439310\n|switch|p1a: Corviknight|Corviknight, F|100\/100\n|-ability|p1a: Corviknight|Pressure\n|turn|4\n|\n|t:|1700439313\n|move|p2a: Cloyster|Icicle Spear|p1a: Corviknight\n|-damage|p1a: Corviknight|85\/100\n|-damage|p1a: Corviknight|72\/100\n|-damage|p1a: Corviknight|59\/100\n|-damage|p1a: Corviknight|46\/100\n|-damage|p1a: Corviknight|33\/100\n|-hitcount|p1a: Corviknight|5\n|move|p1a: Corviknight|Body Press|p2a: Cloyster\n|-supereffective|p2a: Cloyster\n|-damage|p2a: Cloyster|0 fnt\n|faint|p2a: Cloyster\n|\n|-heal|p1a: Corviknight|39\/100|[from] item: Leftovers\n|upkeep\n|\n|t:|1700439320\n|switch|p2a: Ninetales|Ninetales, M|100\/100\n|-weather|SunnyDay|[from] ability: Drought|[of] p2a: Ninetales\n|turn|5\n|\n|t:|1700439329\n|switch|p1a: Iron Moth|Iron Moth|100\/100\n|move|p2a: Ninetales|Extrasensory|p1a: Iron Moth\n|-supereffective|p1a: Iron Moth\n|-damage|p1a: Iron Moth|61\/100\n|\n|-weather|SunnyDay|[upkeep]\n|upkeep\n|turn|6\n|\n|t:|1700439336\n|-terastallize|p2a: Ninetales|Psychic\n|move|p1a: Iron Moth|Toxic Spikes|p2a: Ninetales\n|-sidestart|p2: swoop2123|move: Toxic Spikes\n|move|p2a: Ninetales|Extrasensory|p1a: Iron Moth\n|-supereffective|p1a: Iron Moth\n|-damage|p1a: Iron Moth|0 fnt\n|faint|p1a: Iron Moth\n|-end|p1a: Iron Moth|Quark Drive|[silent]\n|\n|-weather|SunnyDay|[upkeep]\n|upkeep\n|\n|t:|1700439350\n|switch|p1a: Gholdengo|Gholdengo|100\/100\n|turn|7\n|\n|t:|1700439354\n|switch|p2a: Gyarados|Gyarados, M, shiny|100\/100\n|-ability|p2a: Gyarados|Intimidate|boost\n|-unboost|p1a: Gholdengo|atk|1\n|move|p1a: Gholdengo|Shadow Ball|p2a: Gyarados\n|-damage|p2a: Gyarados|58\/100\n|\n|-weather|SunnyDay|[upkeep]\n|-heal|p2a: Gyarados|64\/100|[from] item: Leftovers\n|upkeep\n|turn|8\n|\n|t:|1700439374\n|switch|p1a: Iron Valiant|Iron Valiant|100\/100\n|move|p2a: Gyarados|Dragon Dance|p2a: Gyarados\n|-boost|p2a: Gyarados|atk|1\n|-boost|p2a: Gyarados|spe|1\n|\n|-weather|SunnyDay|[upkeep]\n|-heal|p2a: Gyarados|70\/100|[from] item: Leftovers\n|upkeep\n|turn|9\n|\n|t:|1700439388\n|move|p1a: Iron Valiant|Moonblast|p2a: Gyarados\n|-damage|p2a: Gyarados|25\/100\n|-unboost|p2a: Gyarados|spa|1\n|move|p2a: Gyarados|Earthquake|p1a: Iron Valiant\n|-damage|p1a: Iron Valiant|24\/100\n|\n|-weather|none\n|-heal|p2a: Gyarados|31\/100|[from] item: Leftovers\n|upkeep\n|turn|10\n|\n|t:|1700439394\n|move|p1a: Iron Valiant|Moonblast|p2a: Gyarados\n|-damage|p2a: Gyarados|0 fnt\n|faint|p2a: Gyarados\n|\n|upkeep\n|\n|t:|1700439400\n|switch|p2a: Dragonite|Dragonite, F|100\/100\n|turn|11\n|\n|t:|1700439412\n|-end|p1a: Iron Valiant|Quark Drive|[silent]\n|switch|p1a: Corviknight|Corviknight, F|39\/100\n|-ability|p1a: Corviknight|Pressure\n|move|p2a: Dragonite|Dragon Dance|p2a: Dragonite\n|-boost|p2a: Dragonite|atk|1\n|-boost|p2a: Dragonite|spe|1\n|\n|-heal|p1a: Corviknight|46\/100|[from] item: Leftovers\n|upkeep\n|turn|12\n|\n|t:|1700439423\n|move|p2a: Dragonite|Dragon Claw|p1a: Corviknight\n|-resisted|p1a: Corviknight\n|-damage|p1a: Corviknight|23\/100\n|move|p1a: Corviknight|Iron Defense|p1a: Corviknight\n|-boost|p1a: Corviknight|def|2\n|\n|-heal|p1a: Corviknight|29\/100|[from] item: Leftovers\n|upkeep\n|turn|13\n|\n|t:|1700439429\n|switch|p2a: Ninetales|Ninetales, M, tera:Psychic|100\/100\n|-weather|SunnyDay|[from] ability: Drought|[of] p2a: Ninetales\n|move|p1a: Corviknight|Roost|p1a: Corviknight\n|-heal|p1a: Corviknight|79\/100\n|-singleturn|p1a: Corviknight|move: Roost\n|\n|-weather|SunnyDay|[upkeep]\n|-heal|p1a: Corviknight|86\/100|[from] item: Leftovers\n|upkeep\n|turn|14\n|\n|t:|1700439452\n|switch|p1a: Great Tusk|Great Tusk|100\/100\n|-activate|p1a: Great Tusk|ability: Protosynthesis\n|-start|p1a: Great Tusk|protosynthesisatk\n|move|p2a: Ninetales|Flamethrower|p1a: Great Tusk\n|-damage|p1a: Great Tusk|31\/100\n|\n|-weather|SunnyDay|[upkeep]\n|-heal|p1a: Great Tusk|37\/100|[from] item: Leftovers\n|upkeep\n|turn|15\n|inactive|Joker040921 has 120 seconds left.\n|\n|t:|1700439474\n|-terastallize|p1a: Great Tusk|Water\n|move|p2a: Ninetales|Flamethrower|p1a: Great Tusk\n|-resisted|p1a: Great Tusk\n|-damage|p1a: Great Tusk|4\/100\n|move|p1a: Great Tusk|Knock Off|p2a: Ninetales\n|-supereffective|p2a: Ninetales\n|-crit|p2a: Ninetales\n|-damage|p2a: Ninetales|0 fnt\n|-enditem|p2a: Ninetales|Heavy-Duty Boots|[from] move: Knock Off|[of] p1a: Great Tusk\n|faint|p2a: Ninetales\n|\n|-weather|SunnyDay|[upkeep]\n|-heal|p1a: Great Tusk|10\/100|[from] item: Leftovers\n|upkeep\n|\n|t:|1700439480\n|switch|p2a: Victreebel|Victreebel, M|100\/100\n|-sideend|p2: swoop2123|move: Toxic Spikes|[of] p2a: Victreebel\n|turn|16\n|\n|t:|1700439490\n|move|p2a: Victreebel|Weather Ball|p1a: Great Tusk\n|-resisted|p1a: Great Tusk\n|-damage|p1a: Great Tusk|0 fnt\n|faint|p1a: Great Tusk\n|-end|p1a: Great Tusk|Protosynthesis|[silent]\n|-damage|p2a: Victreebel|91\/100|[from] item: Life Orb\n|\n|-weather|SunnyDay|[upkeep]\n|upkeep\n|\n|t:|1700439501\n|switch|p1a: Corviknight|Corviknight, F|86\/100\n|-ability|p1a: Corviknight|Pressure\n|turn|17\n|\n|t:|1700439509\n|move|p2a: Victreebel|Weather Ball|p1a: Corviknight\n|-supereffective|p1a: Corviknight\n|-damage|p1a: Corviknight|0 fnt\n|faint|p1a: Corviknight\n|-damage|p2a: Victreebel|81\/100|[from] item: Life Orb\n|\n|-weather|none\n|upkeep\n|\n|t:|1700439514\n|switch|p1a: Iron Valiant|Iron Valiant|24\/100\n|turn|18\n|\n|t:|1700439524\n|move|p1a: Iron Valiant|Psychic|p2a: Victreebel\n|-supereffective|p2a: Victreebel\n|-damage|p2a: Victreebel|0 fnt\n|faint|p2a: Victreebel\n|\n|upkeep\n|\n|t:|1700439526\n|switch|p2a: Dragonite|Dragonite, F|100\/100\n|turn|19\n|\n|t:|1700439533\n|move|p1a: Iron Valiant|Psychic|p2a: Dragonite\n|-damage|p2a: Dragonite|86\/100\n|move|p2a: Dragonite|Dragon Dance|p2a: Dragonite\n|-boost|p2a: Dragonite|atk|1\n|-boost|p2a: Dragonite|spe|1\n|\n|upkeep\n|turn|20\n|\n|t:|1700439540\n|move|p2a: Dragonite|Extreme Speed|p1a: Iron Valiant\n|-damage|p1a: Iron Valiant|0 fnt\n|faint|p1a: Iron Valiant\n|-end|p1a: Iron Valiant|Quark Drive|[silent]\n|\n|upkeep\n|\n|t:|1700439542\n|switch|p1a: Gholdengo|Gholdengo|100\/100\n|turn|21\n|\n|t:|1700439549\n|move|p1a: Gholdengo|Make It Rain|p2a: Dragonite\n|-damage|p2a: Dragonite|18\/100\n|-unboost|p1a: Gholdengo|spa|1\n|move|p2a: Dragonite|Earthquake|p1a: Gholdengo\n|-supereffective|p1a: Gholdengo\n|-damage|p1a: Gholdengo|0 fnt\n|faint|p1a: Gholdengo\n|\n|win|swoop2123\n|raw|Joker040921's rating: 1021 &rarr; <strong>1007<\/strong><br \/>(-14 for losing)\n|raw|swoop2123's rating: 1000 &rarr; <strong>1042<\/strong><br \/>(+42 for winning)\n","uploadtime":1700439556,"views":8,"p1id":"joker040921","p2id":"swoop2123","formatid":"gen9ou","rating":1007,"private":0,"password":""}