{"id":"gen9ou-1995175666","p1":"Bub Testing","p2":"Avg_Godot_fan","format":"[Gen 9] OU","log":"|j|\u2606Bub Testing\n|j|\u2606Avg_Godot_fan\n|t:|1700531061\n|gametype|singles\n|player|p1|Bub Testing|n|1435\n|player|p2|Avg_Godot_fan|buck|1496\n|teamsize|p1|6\n|teamsize|p2|6\n|gen|9\n|tier|[Gen 9] OU\n|rated|\n|rule|Sleep Clause Mod: Limit one foe put to sleep\n|rule|Species Clause: Limit one of each Pok\u00e9mon\n|rule|OHKO Clause: OHKO moves are banned\n|rule|Evasion Items Clause: Evasion items are banned\n|rule|Evasion Moves Clause: Evasion moves are banned\n|rule|Endless Battle Clause: Forcing endless battles is banned\n|rule|HP Percentage Mod: HP is shown in percentages\n|clearpoke\n|poke|p1|Magnezone|\n|poke|p1|Gholdengo|\n|poke|p1|Ogerpon-Wellspring, F|\n|poke|p1|Moltres|\n|poke|p1|Zamazenta-*|\n|poke|p1|Ting-Lu|\n|poke|p2|Glimmora, F|\n|poke|p2|Gholdengo|\n|poke|p2|Kingambit, M|\n|poke|p2|Ogerpon-Wellspring, F|\n|poke|p2|Iron Moth|\n|poke|p2|Enamorus, F|\n|teampreview\n|\n|t:|1700531080\n|start\n|switch|p1a: Gholdengo|Gholdengo|100\/100\n|switch|p2a: Glimmora|Glimmora, F|100\/100\n|turn|1\n|\n|t:|1700531111\n|move|p2a: Glimmora|Stealth Rock|p1a: Gholdengo\n|-sidestart|p1: Bub Testing|move: Stealth Rock\n|move|p1a: Gholdengo|Shadow Ball|p2a: Glimmora\n|-damage|p2a: Glimmora|45\/100\n|\n|upkeep\n|turn|2\n|\n|t:|1700531120\n|move|p2a: Glimmora|Earth Power|p1a: Gholdengo\n|-supereffective|p1a: Gholdengo\n|-damage|p1a: Gholdengo|35\/100\n|move|p1a: Gholdengo|Shadow Ball|p2a: Glimmora\n|-damage|p2a: Glimmora|0 fnt\n|faint|p2a: Glimmora\n|\n|upkeep\n|\n|t:|1700531143\n|switch|p2a: Enamorus|Enamorus, F|100\/100\n|turn|3\n|\n|t:|1700531148\n|switch|p1a: Moltres|Moltres|100\/100\n|move|p2a: Enamorus|Mystical Fire|p1a: Moltres\n|-resisted|p1a: Moltres\n|-damage|p1a: Moltres|91\/100\n|-unboost|p1a: Moltres|spa|1\n|\n|upkeep\n|turn|4\n|\n|t:|1700531164\n|switch|p2a: Ogerpon|Ogerpon-Wellspring, F|100\/100\n|move|p1a: Moltres|U-turn|p2a: Ogerpon\n|-supereffective|p2a: Ogerpon\n|-damage|p2a: Ogerpon|59\/100\n|\n|t:|1700531172\n|switch|p1a: Zamazenta|Zamazenta|100\/100|[from] U-turn\n|-damage|p1a: Zamazenta|94\/100|[from] Stealth Rock\n|-ability|p1a: Zamazenta|Dauntless Shield|boost\n|-boost|p1a: Zamazenta|def|1\n|\n|upkeep\n|turn|5\n|\n|t:|1700531180\n|switch|p2a: Gholdengo|Gholdengo|100\/100\n|-item|p2a: Gholdengo|Air Balloon\n|move|p1a: Zamazenta|Crunch|p2a: Gholdengo\n|-supereffective|p2a: Gholdengo\n|-damage|p2a: Gholdengo|40\/100\n|-enditem|p2a: Gholdengo|Air Balloon\n|\n|upkeep\n|turn|6\n|\n|t:|1700531187\n|move|p1a: Zamazenta|Crunch|p2a: Gholdengo\n|-supereffective|p2a: Gholdengo\n|-damage|p2a: Gholdengo|0 fnt\n|faint|p2a: Gholdengo\n|\n|upkeep\n|\n|t:|1700531193\n|switch|p2a: Enamorus|Enamorus, F|100\/100\n|turn|7\n|\n|t:|1700531208\n|switch|p1a: Moltres|Moltres|91\/100\n|move|p2a: Enamorus|Moonblast|p1a: Moltres\n|-resisted|p1a: Moltres\n|-crit|p1a: Moltres\n|-damage|p1a: Moltres|64\/100\n|\n|upkeep\n|turn|8\n|\n|t:|1700531218\n|move|p2a: Enamorus|Moonblast|p1a: Moltres\n|-resisted|p1a: Moltres\n|-damage|p1a: Moltres|45\/100\n|move|p1a: Moltres|Roost|p1a: Moltres\n|-heal|p1a: Moltres|95\/100\n|-singleturn|p1a: Moltres|move: Roost\n|\n|upkeep\n|turn|9\n|\n|t:|1700531227\n|move|p2a: Enamorus|Moonblast|p1a: Moltres\n|-resisted|p1a: Moltres\n|-damage|p1a: Moltres|76\/100\n|move|p1a: Moltres|Flamethrower|p2a: Enamorus\n|-crit|p2a: Enamorus\n|-damage|p2a: Enamorus|27\/100\n|\n|upkeep\n|turn|10\n|\n|t:|1700531233\n|switch|p2a: Ogerpon|Ogerpon-Wellspring, F|59\/100\n|move|p1a: Moltres|U-turn|p2a: Ogerpon\n|-supereffective|p2a: Ogerpon\n|-damage|p2a: Ogerpon|23\/100\n|\n|t:|1700531237\n|switch|p1a: Zamazenta|Zamazenta|94\/100|[from] U-turn\n|-damage|p1a: Zamazenta|88\/100|[from] Stealth Rock\n|\n|upkeep\n|turn|11\n|\n|t:|1700531244\n|move|p1a: Zamazenta|Crunch|p2a: Ogerpon\n|-damage|p2a: Ogerpon|0 fnt\n|faint|p2a: Ogerpon\n|\n|upkeep\n|\n|t:|1700531253\n|switch|p2a: Enamorus|Enamorus, F|27\/100\n|turn|12\n|\n|t:|1700531261\n|switch|p2a: Iron Moth|Iron Moth|100\/100\n|-enditem|p2a: Iron Moth|Booster Energy\n|-activate|p2a: Iron Moth|ability: Quark Drive|[fromitem]\n|-start|p2a: Iron Moth|quarkdrivespe\n|switch|p1a: Moltres|Moltres|76\/100\n|\n|upkeep\n|turn|13\n|\n|t:|1700531268\n|move|p2a: Iron Moth|Fiery Dance|p1a: Moltres\n|-resisted|p1a: Moltres\n|-damage|p1a: Moltres|62\/100\n|move|p1a: Moltres|U-turn|p2a: Iron Moth\n|-resisted|p2a: Iron Moth\n|-damage|p2a: Iron Moth|95\/100\n|\n|t:|1700531271\n|switch|p1a: Ting-Lu|Ting-Lu|100\/100|[from] U-turn\n|-damage|p1a: Ting-Lu|94\/100|[from] Stealth Rock\n|-ability|p1a: Ting-Lu|Vessel of Ruin\n|\n|-heal|p1a: Ting-Lu|100\/100|[from] item: Leftovers\n|upkeep\n|turn|14\n|\n|t:|1700531282\n|-end|p2a: Iron Moth|Quark Drive|[silent]\n|switch|p2a: Enamorus|Enamorus, F|27\/100\n|move|p1a: Ting-Lu|Stealth Rock|p2a: Enamorus\n|-sidestart|p2: Avg_Godot_fan|move: Stealth Rock\n|\n|upkeep\n|turn|15\n|\n|t:|1700531287\n|switch|p1a: Moltres|Moltres|62\/100\n|move|p2a: Enamorus|Moonblast|p1a: Moltres\n|-resisted|p1a: Moltres\n|-damage|p1a: Moltres|43\/100\n|\n|upkeep\n|turn|16\n|\n|t:|1700531294\n|switch|p2a: Kingambit|Kingambit, M|100\/100\n|-damage|p2a: Kingambit|94\/100|[from] Stealth Rock\n|-activate|p2a: Kingambit|ability: Supreme Overlord\n|-start|p2a: Kingambit|fallen3|[silent]\n|move|p1a: Moltres|Roost|p1a: Moltres\n|-heal|p1a: Moltres|93\/100\n|-singleturn|p1a: Moltres|move: Roost\n|\n|upkeep\n|turn|17\n|\n|t:|1700531309\n|-terastallize|p2a: Kingambit|Fire\n|move|p1a: Moltres|Will-O-Wisp|p2a: Kingambit\n|-immune|p2a: Kingambit\n|move|p2a: Kingambit|Kowtow Cleave|p1a: Moltres\n|-damage|p1a: Moltres|10\/100\n|\n|upkeep\n|turn|18\n|\n|t:|1700531328\n|move|p1a: Moltres|U-turn|p2a: Kingambit\n|-resisted|p2a: Kingambit\n|-damage|p2a: Kingambit|89\/100\n|\n|t:|1700531334\n|switch|p1a: Ting-Lu|Ting-Lu|100\/100|[from] U-turn\n|-damage|p1a: Ting-Lu|94\/100|[from] Stealth Rock\n|-ability|p1a: Ting-Lu|Vessel of Ruin\n|move|p2a: Kingambit|Swords Dance|p2a: Kingambit\n|-boost|p2a: Kingambit|atk|2\n|\n|-heal|p1a: Ting-Lu|100\/100|[from] item: Leftovers\n|upkeep\n|turn|19\n|\n|t:|1700531343\n|move|p2a: Kingambit|Iron Head|p1a: Ting-Lu\n|-damage|p1a: Ting-Lu|37\/100\n|cant|p1a: Ting-Lu|flinch\n|\n|-heal|p1a: Ting-Lu|43\/100|[from] item: Leftovers\n|upkeep\n|turn|20\n|n|!Bub Testing|bubtesting\n|\n|t:|1700531356\n|switch|p1a: Moltres|Moltres|10\/100\n|move|p2a: Kingambit|Iron Head|p1a: Moltres\n|-resisted|p1a: Moltres\n|-damage|p1a: Moltres|0 fnt\n|faint|p1a: Moltres\n|\n|upkeep\n|\n|t:|1700531364\n|switch|p1a: Zamazenta|Zamazenta|88\/100\n|-damage|p1a: Zamazenta|82\/100|[from] Stealth Rock\n|turn|21\n|\n|t:|1700531367\n|move|p1a: Zamazenta|Close Combat|p2a: Kingambit\n|-damage|p2a: Kingambit|48\/100\n|-unboost|p1a: Zamazenta|def|1\n|-unboost|p1a: Zamazenta|spd|1\n|-enditem|p1a: Zamazenta|Eject Pack\n|\n|t:|1700531389\n|switch|p1a: Gholdengo|Gholdengo|35\/100\n|-damage|p1a: Gholdengo|29\/100|[from] Stealth Rock\n|move|p2a: Kingambit|Iron Head|p1a: Gholdengo\n|-resisted|p1a: Gholdengo\n|-damage|p1a: Gholdengo|0 fnt\n|faint|p1a: Gholdengo\n|\n|upkeep\n|\n|t:|1700531393\n|switch|p1a: Zamazenta|Zamazenta|82\/100\n|-damage|p1a: Zamazenta|76\/100|[from] Stealth Rock\n|turn|22\n|\n|t:|1700531413\n|-end|p2a: Kingambit|fallen3|[silent]\n|switch|p2a: Iron Moth|Iron Moth|95\/100\n|-damage|p2a: Iron Moth|70\/100|[from] Stealth Rock\n|move|p1a: Zamazenta|Stone Edge|p2a: Iron Moth\n|-supereffective|p2a: Iron Moth\n|-crit|p2a: Iron Moth\n|-damage|p2a: Iron Moth|0 fnt\n|faint|p2a: Iron Moth\n|-end|p2a: Iron Moth|Quark Drive|[silent]\n|\n|upkeep\n|\n|t:|1700531421\n|switch|p2a: Enamorus|Enamorus, F|27\/100\n|-damage|p2a: Enamorus|2\/100|[from] Stealth Rock\n|turn|23\n|\n|t:|1700531434\n|switch|p1a: Ogerpon|Ogerpon-Wellspring, F|100\/100\n|-damage|p1a: Ogerpon|88\/100|[from] Stealth Rock\n|move|p2a: Enamorus|Healing Wish|p2a: Enamorus\n|faint|p2a: Enamorus\n|\n|upkeep\n|\n|t:|1700531439\n|switch|p2a: Kingambit|Kingambit, M, tera:Fire|48\/100\n|-heal|p2a: Kingambit|100\/100|[from] move: Healing Wish\n|-damage|p2a: Kingambit|75\/100|[from] Stealth Rock\n|-activate|p2a: Kingambit|ability: Supreme Overlord\n|-start|p2a: Kingambit|fallen5|[silent]\n|turn|24\n|\n|t:|1700531446\n|move|p2a: Kingambit|Sucker Punch|p1a: Ogerpon\n|-damage|p1a: Ogerpon|0 fnt\n|faint|p1a: Ogerpon\n|\n|upkeep\n|\n|t:|1700531450\n|switch|p1a: Magnezone|Magnezone|100\/100\n|-damage|p1a: Magnezone|95\/100|[from] Stealth Rock\n|turn|25\n|\n|t:|1700531458\n|move|p1a: Magnezone|Iron Defense|p1a: Magnezone\n|-boost|p1a: Magnezone|def|2\n|move|p2a: Kingambit|Swords Dance|p2a: Kingambit\n|-boost|p2a: Kingambit|atk|2\n|\n|upkeep\n|turn|26\n|\n|t:|1700531463\n|move|p1a: Magnezone|Body Press|p2a: Kingambit\n|-damage|p2a: Kingambit|44\/100\n|move|p2a: Kingambit|Kowtow Cleave|p1a: Magnezone\n|-damage|p1a: Magnezone|14\/100\n|-enditem|p1a: Magnezone|Sitrus Berry|[eat]\n|-heal|p1a: Magnezone|39\/100|[from] item: Sitrus Berry\n|\n|upkeep\n|turn|27\n|\n|t:|1700531472\n|move|p1a: Magnezone|Iron Defense|p1a: Magnezone\n|-boost|p1a: Magnezone|def|2\n|move|p2a: Kingambit|Kowtow Cleave|p1a: Magnezone\n|-damage|p1a: Magnezone|0 fnt\n|faint|p1a: Magnezone\n|\n|upkeep\n|\n|t:|1700531475\n|switch|p1a: Zamazenta|Zamazenta|76\/100\n|-damage|p1a: Zamazenta|70\/100|[from] Stealth Rock\n|turn|28\n|\n|t:|1700531480\n|move|p1a: Zamazenta|Stone Edge|p2a: Kingambit\n|-supereffective|p2a: Kingambit\n|-damage|p2a: Kingambit|0 fnt\n|faint|p2a: Kingambit\n|-end|p2a: Kingambit|fallen5|[silent]\n|\n|win|Bub Testing\n|raw|Bub Testing's rating: 1435 &rarr; <strong>1458<\/strong><br \/>(+23 for winning)\n|raw|Avg_Godot_fan's rating: 1496 &rarr; <strong>1473<\/strong><br \/>(-23 for losing)\n","uploadtime":1700531352,"views":19,"p1id":"bubtesting","p2id":"avggodotfan","formatid":"gen9ou","rating":1458,"private":0,"password":""}