{"id":"gen9ou-1990951518","p1":"liaoya","p2":"FlashAstra","format":"[Gen 9] OU","log":"|j|\u2606liaoya\n|j|\u2606FlashAstra\n|t:|1700018942\n|gametype|singles\n|player|p1|liaoya|petrel|1371\n|player|p2|FlashAstra|brawly|1387\n|teamsize|p1|6\n|teamsize|p2|6\n|gen|9\n|tier|[Gen 9] OU\n|rated|\n|rule|Sleep Clause Mod: Limit one foe put to sleep\n|rule|Species Clause: Limit one of each Pok\u00e9mon\n|rule|OHKO Clause: OHKO moves are banned\n|rule|Evasion Items Clause: Evasion items are banned\n|rule|Evasion Moves Clause: Evasion moves are banned\n|rule|Endless Battle Clause: Forcing endless battles is banned\n|rule|HP Percentage Mod: HP is shown in percentages\n|clearpoke\n|poke|p1|Drifblim, F|\n|poke|p1|Garganacl, F|\n|poke|p1|Umbreon, F|\n|poke|p1|Rotom-Wash|\n|poke|p1|Glimmora, M|\n|poke|p1|Espeon, M|\n|poke|p2|Kingambit, F|\n|poke|p2|Great Tusk|\n|poke|p2|Dragapult, M|\n|poke|p2|Ogerpon-Wellspring, F|\n|poke|p2|Blissey, F|\n|poke|p2|Zapdos|\n|teampreview\n|inactive|Battle timer is ON: inactive players will automatically lose when time's up. (requested by liaoya)\n|inactive|FlashAstra also wants the timer to be on.\n|\n|t:|1700018957\n|start\n|switch|p1a: Rotom|Rotom-Wash|100\/100\n|switch|p2a: Zapdos|Zapdos|100\/100\n|turn|1\n|\n|t:|1700018965\n|move|p1a: Rotom|Trick|p2a: Zapdos\n|-activate|p1a: Rotom|move: Trick|[of] p2a: Zapdos\n|-item|p2a: Zapdos|Choice Scarf|[from] move: Trick\n|-item|p1a: Rotom|Heavy-Duty Boots|[from] move: Trick\n|move|p2a: Zapdos|Volt Switch|p1a: Rotom\n|-damage|p1a: Rotom|68\/100\n|\n|t:|1700018982\n|switch|p2a: Ogerpon|Ogerpon-Wellspring, F|100\/100|[from] Volt Switch\n|\n|upkeep\n|turn|2\n|\n|t:|1700018985\n|move|p2a: Ogerpon|Power Whip|p1a: Rotom\n|-supereffective|p1a: Rotom\n|-damage|p1a: Rotom|0 fnt\n|faint|p1a: Rotom\n|\n|upkeep\n|\n|t:|1700018998\n|switch|p1a: Glimmora|Glimmora, M|100\/100\n|turn|3\n|\n|t:|1700019006\n|-terastallize|p2a: Ogerpon|Water\n|detailschange|p2a: Ogerpon|Ogerpon-Wellspring-Tera, F, tera:Water\n|-ability|p2a: Ogerpon|Embody Aspect (Wellspring)|boost\n|-boost|p2a: Ogerpon|spd|1\n|move|p2a: Ogerpon|Ivy Cudgel|p1a: Glimmora|[anim] Ivy Cudgel Water\n|-supereffective|p1a: Glimmora\n|-enditem|p1a: Glimmora|Focus Sash\n|-damage|p1a: Glimmora|1\/100\n|-activate|p1a: Glimmora|ability: Toxic Debris\n|-sidestart|p2: FlashAstra|move: Toxic Spikes\n|move|p1a: Glimmora|Stealth Rock|p2a: Ogerpon\n|-sidestart|p2: FlashAstra|move: Stealth Rock\n|\n|upkeep\n|turn|4\n|\n|t:|1700019018\n|move|p2a: Ogerpon|U-turn|p1a: Glimmora\n|-resisted|p1a: Glimmora\n|-crit|p1a: Glimmora\n|-damage|p1a: Glimmora|0 fnt\n|-activate|p1a: Glimmora|ability: Toxic Debris\n|-sidestart|p2: FlashAstra|move: Toxic Spikes\n|faint|p1a: Glimmora\n|\n|t:|1700019031\n|switch|p2a: Great Tusk|Great Tusk|100\/100|[from] U-turn\n|-status|p2a: Great Tusk|tox\n|-damage|p2a: Great Tusk|98\/100 tox|[from] Stealth Rock\n|\n|-heal|p2a: Great Tusk|100\/100 tox|[from] item: Leftovers\n|-damage|p2a: Great Tusk|94\/100 tox|[from] psn\n|upkeep\n|\n|t:|1700019035\n|switch|p1a: Garganacl|Garganacl, F, shiny|100\/100\n|turn|5\n|\n|t:|1700019042\n|-terastallize|p1a: Garganacl|Ghost\n|move|p2a: Great Tusk|Rapid Spin|p1a: Garganacl\n|-immune|p1a: Garganacl\n|move|p1a: Garganacl|Iron Defense|p1a: Garganacl\n|-boost|p1a: Garganacl|def|2\n|\n|-heal|p2a: Great Tusk|100\/100 tox|[from] item: Leftovers\n|-damage|p2a: Great Tusk|88\/100 tox|[from] psn\n|upkeep\n|turn|6\n|\n|t:|1700019050\n|move|p2a: Great Tusk|Knock Off|p1a: Garganacl\n|-supereffective|p1a: Garganacl\n|-damage|p1a: Garganacl|82\/100\n|-enditem|p1a: Garganacl|Leftovers|[from] move: Knock Off|[of] p2a: Great Tusk\n|move|p1a: Garganacl|Salt Cure|p2a: Great Tusk\n|-resisted|p2a: Great Tusk\n|-damage|p2a: Great Tusk|86\/100 tox\n|-start|p2a: Great Tusk|Salt Cure\n|\n|-heal|p2a: Great Tusk|92\/100 tox|[from] item: Leftovers\n|-damage|p2a: Great Tusk|74\/100 tox|[from] psn\n|-damage|p2a: Great Tusk|61\/100 tox|[from] Salt Cure\n|upkeep\n|turn|7\n|\n|t:|1700019060\n|-end|p2a: Great Tusk|Protosynthesis|[silent]\n|switch|p2a: Zapdos|Zapdos|100\/100\n|-damage|p2a: Zapdos|75\/100|[from] Stealth Rock\n|move|p1a: Garganacl|Salt Cure|p2a: Zapdos\n|-supereffective|p2a: Zapdos\n|-damage|p2a: Zapdos|52\/100\n|-start|p2a: Zapdos|Salt Cure\n|\n|-damage|p2a: Zapdos|39\/100|[from] Salt Cure\n|upkeep\n|turn|8\n|\n|t:|1700019069\n|move|p2a: Zapdos|Hurricane|p1a: Garganacl\n|-crit|p1a: Garganacl\n|-damage|p1a: Garganacl|40\/100\n|move|p1a: Garganacl|Recover|p1a: Garganacl\n|-heal|p1a: Garganacl|90\/100\n|\n|-damage|p2a: Zapdos|27\/100|[from] Salt Cure\n|upkeep\n|turn|9\n|\n|t:|1700019075\n|move|p2a: Zapdos|Hurricane|p1a: Garganacl\n|-damage|p1a: Garganacl|63\/100\n|move|p1a: Garganacl|Recover|p1a: Garganacl\n|-heal|p1a: Garganacl|100\/100\n|\n|-damage|p2a: Zapdos|14\/100|[from] Salt Cure\n|upkeep\n|turn|10\n|\n|t:|1700019080\n|move|p2a: Zapdos|Hurricane|p1a: Garganacl\n|-damage|p1a: Garganacl|69\/100\n|-start|p1a: Garganacl|confusion\n|-activate|p1a: Garganacl|confusion\n|-damage|p1a: Garganacl|65\/100|[from] confusion\n|\n|-damage|p2a: Zapdos|2\/100|[from] Salt Cure\n|upkeep\n|turn|11\n|\n|t:|1700019088\n|move|p2a: Zapdos|Hurricane|p1a: Garganacl\n|-crit|p1a: Garganacl\n|-damage|p1a: Garganacl|22\/100\n|-activate|p1a: Garganacl|confusion\n|-damage|p1a: Garganacl|19\/100|[from] confusion\n|\n|-damage|p2a: Zapdos|0 fnt|[from] Salt Cure\n|faint|p2a: Zapdos\n|upkeep\n|\n|t:|1700019111\n|switch|p2a: Ogerpon|Ogerpon-Wellspring-Tera, F, tera:Water|100\/100\n|-status|p2a: Ogerpon|tox\n|-damage|p2a: Ogerpon|88\/100 tox|[from] Stealth Rock\n|-ability|p2a: Ogerpon|Embody Aspect (Wellspring)|boost\n|-boost|p2a: Ogerpon|spd|1\n|turn|12\n|\n|t:|1700019115\n|move|p2a: Ogerpon|Ivy Cudgel|p1a: Garganacl|[anim] Ivy Cudgel Water\n|-damage|p1a: Garganacl|0 fnt\n|faint|p1a: Garganacl\n|\n|-damage|p2a: Ogerpon|82\/100 tox|[from] psn\n|upkeep\n|\n|t:|1700019128\n|switch|p1a: Espeon|Espeon, M|100\/100\n|turn|13\n|\n|t:|1700019132\n|move|p1a: Espeon|Psyshock|p2a: Ogerpon\n|-damage|p2a: Ogerpon|39\/100 tox\n|move|p2a: Ogerpon|Ivy Cudgel|p1a: Espeon|[anim] Ivy Cudgel Water\n|-damage|p1a: Espeon|17\/100\n|\n|-damage|p2a: Ogerpon|27\/100 tox|[from] psn\n|upkeep\n|turn|14\n|\n|t:|1700019137\n|move|p1a: Espeon|Psyshock|p2a: Ogerpon\n|-damage|p2a: Ogerpon|0 fnt\n|faint|p2a: Ogerpon\n|\n|upkeep\n|\n|t:|1700019140\n|switch|p2a: Blissey|Blissey, F|100\/100\n|turn|15\n|\n|t:|1700019145\n|switch|p1a: Drifblim|Drifblim, F|100\/100\n|move|p2a: Blissey|Shadow Ball|p1a: Drifblim\n|-supereffective|p1a: Drifblim\n|-damage|p1a: Drifblim|64\/100\n|\n|upkeep\n|turn|16\n|\n|t:|1700019153\n|move|p1a: Drifblim|Trick|p2a: Blissey\n|-activate|p1a: Drifblim|move: Trick|[of] p2a: Blissey\n|-item|p2a: Blissey|Choice Scarf|[from] move: Trick\n|-item|p1a: Drifblim|Heavy-Duty Boots|[from] move: Trick\n|move|p2a: Blissey|Stealth Rock|p1a: Drifblim\n|-sidestart|p1: liaoya|move: Stealth Rock\n|\n|upkeep\n|turn|17\n|\n|t:|1700019167\n|switch|p1a: Espeon|Espeon, M|17\/100\n|-damage|p1a: Espeon|5\/100|[from] Stealth Rock\n|switch|p2a: Great Tusk|Great Tusk|61\/100 tox\n|-damage|p2a: Great Tusk|58\/100 tox|[from] Stealth Rock\n|\n|-heal|p2a: Great Tusk|64\/100 tox|[from] item: Leftovers\n|-damage|p2a: Great Tusk|58\/100 tox|[from] psn\n|upkeep\n|turn|18\n|\n|t:|1700019182\n|switch|p1a: Drifblim|Drifblim, F|64\/100\n|-end|p2a: Great Tusk|Protosynthesis|[silent]\n|switch|p2a: Blissey|Blissey, F|100\/100\n|-status|p2a: Blissey|tox\n|-damage|p2a: Blissey|88\/100 tox|[from] Stealth Rock\n|\n|-damage|p2a: Blissey|82\/100 tox|[from] psn\n|upkeep\n|turn|19\n|\n|t:|1700019197\n|switch|p1a: Umbreon|Umbreon, F, shiny|100\/100\n|-damage|p1a: Umbreon|88\/100|[from] Stealth Rock\n|move|p2a: Blissey|Shadow Ball|p1a: Umbreon\n|-resisted|p1a: Umbreon\n|-damage|p1a: Umbreon|83\/100\n|\n|-heal|p1a: Umbreon|90\/100|[from] item: Leftovers\n|-damage|p2a: Blissey|70\/100 tox|[from] psn\n|upkeep\n|turn|20\n|\n|t:|1700019209\n|-curestatus|p2a: Blissey|tox|[from] ability: Natural Cure\n|switch|p2a: Great Tusk|Great Tusk|58\/100 tox\n|-damage|p2a: Great Tusk|55\/100 tox|[from] Stealth Rock\n|move|p1a: Umbreon|Wish|p1a: Umbreon\n|\n|-heal|p2a: Great Tusk|61\/100 tox|[from] item: Leftovers\n|-heal|p1a: Umbreon|96\/100|[from] item: Leftovers\n|-damage|p2a: Great Tusk|55\/100 tox|[from] psn\n|upkeep\n|turn|21\n|\n|t:|1700019222\n|move|p1a: Umbreon|Protect|p1a: Umbreon\n|-singleturn|p1a: Umbreon|Protect\n|move|p2a: Great Tusk|Knock Off|p1a: Umbreon\n|-activate|p1a: Umbreon|move: Protect\n|\n|-heal|p1a: Umbreon|100\/100|[from] move: Wish|[wisher] Umbreon\n|-heal|p2a: Great Tusk|61\/100 tox|[from] item: Leftovers\n|-damage|p2a: Great Tusk|49\/100 tox|[from] psn\n|upkeep\n|turn|22\n|\n|t:|1700019233\n|switch|p1a: Espeon|Espeon, M|5\/100\n|-damage|p1a: Espeon|0 fnt|[from] Stealth Rock\n|faint|p1a: Espeon\n|move|p2a: Great Tusk|Rapid Spin|p1: Espeon|[notarget]\n|-fail|p2a: Great Tusk\n|\n|-heal|p2a: Great Tusk|55\/100 tox|[from] item: Leftovers\n|-damage|p2a: Great Tusk|36\/100 tox|[from] psn\n|upkeep\n|\n|t:|1700019245\n|switch|p1a: Drifblim|Drifblim, F|64\/100\n|turn|23\n|\n|t:|1700019256\n|move|p2a: Great Tusk|Knock Off|p1a: Drifblim\n|-supereffective|p1a: Drifblim\n|-damage|p1a: Drifblim|0 fnt\n|-damage|p2a: Great Tusk|12\/100 tox|[from] ability: Aftermath|[of] p1a: Drifblim\n|-enditem|p1a: Drifblim|Heavy-Duty Boots|[from] move: Knock Off|[of] p2a: Great Tusk\n|faint|p1a: Drifblim\n|\n|-heal|p2a: Great Tusk|18\/100 tox|[from] item: Leftovers\n|-damage|p2a: Great Tusk|0 fnt|[from] psn\n|faint|p2a: Great Tusk\n|-end|p2a: Great Tusk|Protosynthesis|[silent]\n|upkeep\n|\n|t:|1700019266\n|switch|p2a: Blissey|Blissey, F|70\/100\n|switch|p1a: Umbreon|Umbreon, F, shiny|100\/100\n|-status|p2a: Blissey|tox\n|-damage|p2a: Blissey|57\/100 tox|[from] Stealth Rock\n|-damage|p1a: Umbreon|88\/100|[from] Stealth Rock\n|turn|24\n|\n|t:|1700019274\n|move|p1a: Umbreon|Protect|p1a: Umbreon\n|-singleturn|p1a: Umbreon|Protect\n|move|p2a: Blissey|Seismic Toss|p1a: Umbreon\n|-activate|p1a: Umbreon|move: Protect\n|\n|-heal|p1a: Umbreon|94\/100|[from] item: Leftovers\n|-damage|p2a: Blissey|51\/100 tox|[from] psn\n|upkeep\n|turn|25\n|\n|t:|1700019279\n|move|p2a: Blissey|Seismic Toss|p1a: Umbreon\n|-damage|p1a: Umbreon|69\/100\n|move|p1a: Umbreon|Wish|p1a: Umbreon\n|\n|-heal|p1a: Umbreon|75\/100|[from] item: Leftovers\n|-damage|p2a: Blissey|39\/100 tox|[from] psn\n|upkeep\n|turn|26\n|\n|t:|1700019286\n|move|p2a: Blissey|Seismic Toss|p1a: Umbreon\n|-damage|p1a: Umbreon|49\/100\n|move|p1a: Umbreon|Foul Play|p2a: Blissey\n|-damage|p2a: Blissey|32\/100 tox\n|\n|-heal|p1a: Umbreon|99\/100|[from] move: Wish|[wisher] Umbreon\n|-heal|p1a: Umbreon|100\/100|[from] item: Leftovers\n|-damage|p2a: Blissey|14\/100 tox|[from] psn\n|upkeep\n|turn|27\n|\n|t:|1700019291\n|move|p2a: Blissey|Seismic Toss|p1a: Umbreon\n|-damage|p1a: Umbreon|75\/100\n|move|p1a: Umbreon|Wish|p1a: Umbreon\n|\n|-heal|p1a: Umbreon|81\/100|[from] item: Leftovers\n|-damage|p2a: Blissey|0 fnt|[from] psn\n|faint|p2a: Blissey\n|upkeep\n|\n|t:|1700019302\n|switch|p2a: Dragapult|Dragapult, M|100\/100\n|-status|p2a: Dragapult|tox\n|-damage|p2a: Dragapult|88\/100 tox|[from] Stealth Rock\n|turn|28\n|\n|t:|1700019307\n|move|p2a: Dragapult|Draco Meteor|p1a: Umbreon\n|-damage|p1a: Umbreon|26\/100\n|-unboost|p2a: Dragapult|spa|2\n|move|p1a: Umbreon|Foul Play|p2a: Dragapult\n|-supereffective|p2a: Dragapult\n|-damage|p2a: Dragapult|0 fnt\n|faint|p2a: Dragapult\n|\n|-heal|p1a: Umbreon|76\/100|[from] move: Wish|[wisher] Umbreon\n|-heal|p1a: Umbreon|82\/100|[from] item: Leftovers\n|upkeep\n|\n|t:|1700019312\n|switch|p2a: Kingambit|Kingambit, F|100\/100\n|-damage|p2a: Kingambit|94\/100|[from] Stealth Rock\n|-activate|p2a: Kingambit|ability: Supreme Overlord\n|-start|p2a: Kingambit|fallen5|[silent]\n|turn|29\n|\n|t:|1700019321\n|move|p2a: Kingambit|Swords Dance|p2a: Kingambit\n|-boost|p2a: Kingambit|atk|2\n|move|p1a: Umbreon|Yawn|p2a: Kingambit\n|-start|p2a: Kingambit|move: Yawn|[of] p1a: Umbreon\n|\n|-heal|p1a: Umbreon|88\/100|[from] item: Leftovers\n|upkeep\n|turn|30\n|\n|t:|1700019327\n|move|p1a: Umbreon|Protect|p1a: Umbreon\n|-singleturn|p1a: Umbreon|Protect\n|move|p2a: Kingambit|Iron Head|p1a: Umbreon\n|-activate|p1a: Umbreon|move: Protect\n|\n|-heal|p1a: Umbreon|94\/100|[from] item: Leftovers\n|-end|p2a: Kingambit|move: Yawn|[silent]\n|-status|p2a: Kingambit|slp\n|upkeep\n|turn|31\n|\n|t:|1700019330\n|cant|p2a: Kingambit|slp\n|move|p1a: Umbreon|Foul Play|p2a: Kingambit\n|-resisted|p2a: Kingambit\n|-damage|p2a: Kingambit|48\/100 slp\n|\n|-heal|p1a: Umbreon|99\/100|[from] item: Leftovers\n|upkeep\n|turn|32\n|\n|t:|1700019334\n|cant|p2a: Kingambit|slp\n|move|p1a: Umbreon|Foul Play|p2a: Kingambit\n|-resisted|p2a: Kingambit\n|-damage|p2a: Kingambit|8\/100 slp\n|\n|-heal|p1a: Umbreon|100\/100|[from] item: Leftovers\n|upkeep\n|turn|33\n|\n|t:|1700019338\n|-curestatus|p2a: Kingambit|slp|[msg]\n|move|p2a: Kingambit|Iron Head|p1a: Umbreon\n|-damage|p1a: Umbreon|4\/100\n|move|p1a: Umbreon|Foul Play|p2a: Kingambit\n|-resisted|p2a: Kingambit\n|-damage|p2a: Kingambit|0 fnt\n|faint|p2a: Kingambit\n|-end|p2a: Kingambit|fallen5|[silent]\n|\n|win|liaoya\n|raw|liaoya's rating: 1371 &rarr; <strong>1392<\/strong><br \/>(+21 for winning)\n|raw|FlashAstra's rating: 1387 &rarr; <strong>1366<\/strong><br \/>(-21 for losing)\n","uploadtime":1700019342,"views":11,"p1id":"liaoya","p2id":"flashastra","formatid":"gen9ou","rating":1366,"private":0,"password":""}