{"id":"gen9ou-1993112765","p1":"Lasagana Crustle","p2":"N-Zoroark stan","format":"[Gen 9] OU","log":"|j|\u2606Lasagana Crustle\n|j|\u2606N-Zoroark stan\n|t:|1700266246\n|gametype|singles\n|player|p1|Lasagana Crustle|skyla-masters|\n|player|p2|N-Zoroark stan|riley|\n|teamsize|p1|6\n|teamsize|p2|6\n|gen|9\n|tier|[Gen 9] OU\n|rule|Sleep Clause Mod: Limit one foe put to sleep\n|rule|Species Clause: Limit one of each Pok\u00e9mon\n|rule|OHKO Clause: OHKO moves are banned\n|rule|Evasion Items Clause: Evasion items are banned\n|rule|Evasion Moves Clause: Evasion moves are banned\n|rule|Endless Battle Clause: Forcing endless battles is banned\n|rule|HP Percentage Mod: HP is shown in percentages\n|clearpoke\n|poke|p1|Kingambit, M|\n|poke|p1|Slowking-Galar, F|\n|poke|p1|Iron Leaves|\n|poke|p1|Landorus-Therian, M|\n|poke|p1|Cinderace, M|\n|poke|p1|Dondozo, F|\n|poke|p2|Alomomola, F|\n|poke|p2|Slowking-Galar, M|\n|poke|p2|Zoroark-Hisui, M|\n|poke|p2|Corviknight, M|\n|poke|p2|Ting-Lu|\n|poke|p2|Dragonite, F|\n|teampreview\n|inactive|Battle timer is ON: inactive players will automatically lose when time's up. (requested by N-Zoroark stan)\n|c|\u2606N-Zoroark stan|glhf\n|c|\u2606Lasagana Crustle|u2\n|j| GrunkleConn\n|inactive|N-Zoroark stan has 270 seconds left.\n|j| Zoroark is so cute\n|j| 4R4CH1S\n|c| Zoroark is so cute|lets go\n|\n|t:|1700266292\n|start\n|switch|p1a: Cinderace|Cinderace, M|100\/100\n|switch|p2a: Alomomola|Alomomola, F|100\/100\n|turn|1\n|c| 4R4CH1S|Hi idiots\n|j| Lasagna Crustle\n|c| GrunkleConn|why is that ur name fungal\n|c|\u2606Lasagana Crustle|beesechurger\n|\n|t:|1700266313\n|move|p1a: Cinderace|U-turn|p2a: Alomomola\n|-start|p1a: Cinderace|typechange|Bug|[from] ability: Libero\n|-resisted|p2a: Alomomola\n|-crit|p2a: Alomomola\n|-damage|p2a: Alomomola|52\/100\n|replace|p2a: Zoroark|Zoroark-Hisui, M, shiny\n|-end|p2a: Zoroark|Illusion\n|c| Zoroark is so cute|lmaooo\n|c|\u2606Lasagana Crustle|agency crit!\n|\n|t:|1700266325\n|switch|p1a: Dondozo|Dondozo, F|100\/100|[from] U-turn\n|move|p2a: Zoroark|Focus Blast|p1a: Dondozo\n|-damage|p1a: Dondozo|76\/100\n|\n|-heal|p1a: Dondozo|82\/100|[from] item: Leftovers\n|upkeep\n|turn|2\n|\n|t:|1700266331\n|switch|p1a: Cinderace|Cinderace, M|100\/100\n|move|p2a: Zoroark|Grass Knot|p1a: Cinderace\n|-resisted|p1a: Cinderace\n|-damage|p1a: Cinderace|87\/100\n|\n|upkeep\n|turn|3\n|c| 4R4CH1S|Damn\n|\n|t:|1700266338\n|switch|p2a: Alomomola|Alomomola, F|100\/100\n|move|p1a: Cinderace|U-turn|p2a: Alomomola\n|-start|p1a: Cinderace|typechange|Bug|[from] ability: Libero\n|-damage|p2a: Alomomola|82\/100\n|-enditem|p2a: Alomomola|Red Card|[of] p1a: Cinderace\n|drag|p1a: Kingambit|Kingambit, M|100\/100\n|\n|upkeep\n|turn|4\n|c| GrunkleConn|weakest focus blast I've seen\n|c|\u2606Lasagana Crustle|agency kingambit\n|c|\u2606N-Zoroark stan|that's curse dozo\n|c|\u2606Lasagana Crustle|why is this my set\n|c|\u2606Lasagana Crustle|what the actual fuck\n|inactive|Lasagana Crustle has 270 seconds left.\n|c|\u2606Lasagana Crustle|you're not gonna believe this one\n|c| GrunkleConn|contrarian gambit\n|\n|t:|1700266383\n|move|p2a: Alomomola|Scald|p1a: Kingambit\n|-damage|p1a: Kingambit|91\/100\n|-status|p1a: Kingambit|brn\n|move|p1a: Kingambit|Iron Defense|p1a: Kingambit\n|-boost|p1a: Kingambit|def|2\n|\n|-heal|p1a: Kingambit|98\/100 brn|[from] item: Leftovers\n|-damage|p1a: Kingambit|91\/100 brn|[from] brn\n|upkeep\n|turn|5\n|c|\u2606Lasagana Crustle|NO\n|c|\u2606N-Zoroark stan|bruhhhhh\n|c| GrunkleConn|why did you stay in\n|c| 4R4CH1S|Sucker Punchless Gambit\n|c| 4R4CH1S|Ahahahaha\n|c|\u2606Lasagana Crustle|ykw can i change teams for the next one\n|\n|t:|1700266405\n|move|p2a: Alomomola|Flip Turn|p1a: Kingambit\n|-damage|p1a: Kingambit|85\/100 brn\n|\n|t:|1700266407\n|switch|p2a: Ting-Lu|Ting-Lu|100\/100|[from] Flip Turn\n|-ability|p2a: Ting-Lu|Vessel of Ruin\n|move|p1a: Kingambit|Swords Dance|p1a: Kingambit\n|-boost|p1a: Kingambit|atk|2\n|\n|-heal|p1a: Kingambit|92\/100 brn|[from] item: Leftovers\n|-damage|p1a: Kingambit|85\/100 brn|[from] brn\n|upkeep\n|turn|6\n|\n|t:|1700266410\n|move|p1a: Kingambit|Iron Head|p2a: Ting-Lu\n|-damage|p2a: Ting-Lu|83\/100\n|move|p2a: Ting-Lu|Whirlwind|p1a: Kingambit\n|-end|p1a: Kingambit|fallenundefined|[silent]\n|drag|p1a: Iron Leaves|Iron Leaves|100\/100\n|-enditem|p1a: Iron Leaves|Booster Energy\n|-activate|p1a: Iron Leaves|ability: Quark Drive|[fromitem]\n|-start|p1a: Iron Leaves|quarkdrivespe\n|\n|-heal|p2a: Ting-Lu|89\/100|[from] item: Leftovers\n|upkeep\n|turn|7\n|\n|t:|1700266419\n|switch|p2a: Corviknight|Corviknight, M|100\/100\n|-ability|p2a: Corviknight|Pressure\n|move|p1a: Iron Leaves|Swords Dance|p1a: Iron Leaves\n|-boost|p1a: Iron Leaves|atk|2\n|\n|upkeep\n|turn|8\n|c| GrunkleConn|stored power gambit\n|inactive|Lasagana Crustle has 270 seconds left.\n|\n|t:|1700266456\n|move|p1a: Iron Leaves|Swords Dance|p1a: Iron Leaves\n|-boost|p1a: Iron Leaves|atk|2\n|move|p2a: Corviknight|U-turn|p1a: Iron Leaves\n|-supereffective|p1a: Iron Leaves\n|-damage|p1a: Iron Leaves|37\/100\n|\n|t:|1700266460\n|switch|p2a: Dragonite|Dragonite, F|100\/100|[from] U-turn\n|\n|upkeep\n|turn|9\n|c|\u2606Lasagana Crustle|balls\n|c| 4R4CH1S|Tera Ghost Leaves now\n|c|\u2606Lasagana Crustle|bet\n|\n|t:|1700266487\n|-end|p1a: Iron Leaves|Quark Drive|[silent]\n|switch|p1a: Kingambit|Kingambit, M|85\/100 brn\n|move|p2a: Dragonite|Extreme Speed|p1a: Kingambit\n|-resisted|p1a: Kingambit\n|-damage|p1a: Kingambit|71\/100 brn\n|\n|-heal|p1a: Kingambit|77\/100 brn|[from] item: Leftovers\n|-damage|p1a: Kingambit|71\/100 brn|[from] brn\n|upkeep\n|turn|10\n|\n|t:|1700266494\n|switch|p2a: Corviknight|Corviknight, M|100\/100\n|-ability|p2a: Corviknight|Pressure\n|move|p1a: Kingambit|Kowtow Cleave|p2a: Corviknight\n|-damage|p2a: Corviknight|90\/100\n|-damage|p1a: Kingambit|54\/100 brn|[from] item: Rocky Helmet|[of] p2a: Corviknight\n|\n|-heal|p1a: Kingambit|60\/100 brn|[from] item: Leftovers\n|-damage|p1a: Kingambit|54\/100 brn|[from] brn\n|upkeep\n|turn|11\n|\n|t:|1700266498\n|-end|p1a: Kingambit|fallenundefined|[silent]\n|switch|p1a: Slowking|Slowking-Galar, F|100\/100\n|move|p2a: Corviknight|U-turn|p1a: Slowking\n|-damage|p1a: Slowking|89\/100\n|\n|t:|1700266501\n|switch|p2a: Dragonite|Dragonite, F|100\/100|[from] U-turn\n|\n|upkeep\n|turn|12\n|inactive|Lasagana Crustle has 270 seconds left.\n|\n|t:|1700266510\n|-terastallize|p1a: Slowking|Water\n|move|p2a: Dragonite|Outrage|p1a: Slowking\n|-damage|p1a: Slowking|14\/100\n|move|p1a: Slowking|Ice Beam|p2a: Dragonite\n|-supereffective|p2a: Dragonite\n|-damage|p2a: Dragonite|57\/100\n|\n|upkeep\n|turn|13\n|c|\u2606Lasagana Crustle|ow\n|\n|t:|1700266518\n|switch|p1a: Kingambit|Kingambit, M|54\/100 brn\n|move|p2a: Dragonite|Outrage|p1a: Kingambit|[from]lockedmove\n|-resisted|p1a: Kingambit\n|-damage|p1a: Kingambit|16\/100 brn\n|-start|p2a: Dragonite|confusion|[fatigue]\n|\n|-heal|p1a: Kingambit|23\/100 brn|[from] item: Leftovers\n|-damage|p1a: Kingambit|16\/100 brn|[from] brn\n|upkeep\n|turn|14\n|\n|t:|1700266527\n|switch|p2a: Alomomola|Alomomola, F|100\/100\n|-end|p1a: Kingambit|fallenundefined|[silent]\n|switch|p1a: Slowking|Slowking-Galar, F, tera:Water|48\/100\n|\n|upkeep\n|turn|15\n|\n|t:|1700266533\n|move|p2a: Alomomola|Wish|p2a: Alomomola\n|move|p1a: Slowking|Chilly Reception|p1a: Slowking\n|-weather|Snow\n|\n|t:|1700266535\n|switch|p1a: Iron Leaves|Iron Leaves|37\/100|[from] Chilly Reception\n|\n|-weather|Snow|[upkeep]\n|upkeep\n|turn|16\n|\n|t:|1700266542\n|move|p1a: Iron Leaves|Close Combat|p2a: Alomomola\n|-damage|p2a: Alomomola|81\/100\n|-unboost|p1a: Iron Leaves|def|1\n|-unboost|p1a: Iron Leaves|spd|1\n|move|p2a: Alomomola|Flip Turn|p1a: Iron Leaves\n|-resisted|p1a: Iron Leaves\n|-damage|p1a: Iron Leaves|23\/100\n|\n|t:|1700266545\n|switch|p2a: Dragonite|Dragonite, F|57\/100|[from] Flip Turn\n|\n|-weather|Snow|[upkeep]\n|-heal|p2a: Dragonite|100\/100|[from] move: Wish|[wisher] Alomomola\n|upkeep\n|turn|17\n|\n|t:|1700266549\n|move|p2a: Dragonite|Extreme Speed|p1a: Iron Leaves\n|-damage|p1a: Iron Leaves|0 fnt\n|faint|p1a: Iron Leaves\n|-end|p1a: Iron Leaves|Quark Drive|[silent]\n|\n|-weather|Snow|[upkeep]\n|upkeep\n|\n|t:|1700266553\n|switch|p1a: Landorus|Landorus-Therian, M|100\/100\n|-ability|p1a: Landorus|Intimidate|boost\n|-unboost|p2a: Dragonite|atk|1\n|turn|18\n|\n|t:|1700266560\n|switch|p2a: Corviknight|Corviknight, M|90\/100\n|-ability|p2a: Corviknight|Pressure\n|move|p1a: Landorus|Swords Dance|p1a: Landorus\n|-boost|p1a: Landorus|atk|2\n|\n|-weather|Snow|[upkeep]\n|upkeep\n|turn|19\n|\n|t:|1700266567\n|move|p1a: Landorus|Swords Dance|p1a: Landorus\n|-boost|p1a: Landorus|atk|2\n|move|p2a: Corviknight|U-turn|p1a: Landorus\n|-resisted|p1a: Landorus\n|-damage|p1a: Landorus|92\/100\n|\n|t:|1700266572\n|switch|p2a: Alomomola|Alomomola, F|100\/100|[from] U-turn\n|\n|-weather|none\n|-heal|p1a: Landorus|98\/100|[from] item: Leftovers\n|upkeep\n|turn|20\n|\n|t:|1700266578\n|move|p1a: Landorus|Earthquake|p2a: Alomomola\n|-damage|p2a: Alomomola|14\/100\n|move|p2a: Alomomola|Scald|p1a: Landorus\n|-supereffective|p1a: Landorus\n|-damage|p1a: Landorus|66\/100\n|-status|p1a: Landorus|brn\n|\n|-heal|p1a: Landorus|72\/100 brn|[from] item: Leftovers\n|-damage|p1a: Landorus|66\/100 brn|[from] brn\n|upkeep\n|turn|21\n|c|\u2606Lasagana Crustle|fuck\n|\n|t:|1700266584\n|switch|p2a: Corviknight|Corviknight, M|90\/100\n|-ability|p2a: Corviknight|Pressure\n|move|p1a: Landorus|Swords Dance|p1a: Landorus\n|-boost|p1a: Landorus|atk|2\n|\n|-heal|p1a: Landorus|72\/100 brn|[from] item: Leftovers\n|-damage|p1a: Landorus|66\/100 brn|[from] brn\n|upkeep\n|turn|22\n|c|\u2606N-Zoroark stan|skill\n|\n|t:|1700266590\n|move|p1a: Landorus|Stone Edge|p2a: Corviknight\n|-damage|p2a: Corviknight|45\/100\n|move|p2a: Corviknight|U-turn|p1a: Landorus\n|-resisted|p1a: Landorus\n|-damage|p1a: Landorus|58\/100 brn\n|\n|t:|1700266593\n|switch|p2a: Dragonite|Dragonite, F|100\/100|[from] U-turn\n|\n|-heal|p1a: Landorus|64\/100 brn|[from] item: Leftovers\n|-damage|p1a: Landorus|58\/100 brn|[from] brn\n|upkeep\n|turn|23\n|c| GrunkleConn|skillful burns\n|\n|t:|1700266596\n|-terastallize|p2a: Dragonite|Normal\n|move|p1a: Landorus|Protect|p1a: Landorus\n|-singleturn|p1a: Landorus|Protect\n|move|p2a: Dragonite|Extreme Speed|p1a: Landorus\n|-activate|p1a: Landorus|move: Protect\n|\n|-heal|p1a: Landorus|64\/100 brn|[from] item: Leftovers\n|-damage|p1a: Landorus|58\/100 brn|[from] brn\n|upkeep\n|turn|24\n|c| 4R4CH1S|Skill\n|c|\u2606Lasagana Crustle|agency agency\n|\n|t:|1700266608\n|switch|p1a: Kingambit|Kingambit, M|16\/100 brn\n|-activate|p1a: Kingambit|ability: Supreme Overlord\n|-start|p1a: Kingambit|fallen1|[silent]\n|move|p2a: Dragonite|Extreme Speed|p1a: Kingambit\n|-resisted|p1a: Kingambit\n|-damage|p1a: Kingambit|0 fnt\n|faint|p1a: Kingambit\n|-end|p1a: Kingambit|fallen1|[silent]\n|\n|upkeep\n|\n|t:|1700266614\n|switch|p1a: Dondozo|Dondozo, F|82\/100\n|turn|25\n|\n|t:|1700266620\n|switch|p2a: Slowking|Slowking-Galar, M|100\/100\n|move|p1a: Dondozo|Liquidation|p2a: Slowking\n|-damage|p2a: Slowking|79\/100\n|\n|-heal|p1a: Dondozo|88\/100|[from] item: Leftovers\n|-heal|p2a: Slowking|85\/100|[from] item: Leftovers\n|upkeep\n|turn|26\n|\n|t:|1700266629\n|switch|p1a: Slowking|Slowking-Galar, F, tera:Water|81\/100\n|move|p2a: Slowking|Future Sight|p1a: Slowking\n|-start|p2a: Slowking|move: Future Sight\n|\n|-heal|p2a: Slowking|91\/100|[from] item: Leftovers\n|upkeep\n|turn|27\n|\n|t:|1700266634\n|move|p1a: Slowking|Chilly Reception|p1a: Slowking\n|-weather|Snow\n|c| Zoroark is so cute|not the pressure corv on the zoroark team\n|\n|t:|1700266638\n|switch|p1a: Dondozo|Dondozo, F|88\/100|[from] Chilly Reception\n|move|p2a: Slowking|Chilly Reception|p2a: Slowking\n|\n|t:|1700266648\n|switch|p2a: Slowking|Slowking-Galar, M|52\/100|[from] Chilly Reception\n|\n|-weather|Snow|[upkeep]\n|-heal|p1a: Dondozo|94\/100|[from] item: Leftovers\n|upkeep\n|turn|28\n|c| GrunkleConn|oh now fungal has no mons that resist future sight\n|\n|t:|1700266656\n|switch|p1a: Slowking|Slowking-Galar, F, tera:Water|100\/100\n|move|p2a: Slowking|Grass Knot|p1a: Slowking\n|-supereffective|p1a: Slowking\n|-damage|p1a: Slowking|62\/100\n|\n|-weather|Snow|[upkeep]\n|-end|p1a: Slowking|move: Future Sight\n|-damage|p1a: Slowking|29\/100\n|upkeep\n|turn|29\n|\n|t:|1700266663\n|switch|p1a: Landorus|Landorus-Therian, M|58\/100 brn\n|-ability|p1a: Landorus|Intimidate|boost\n|-unboost|p2a: Slowking|atk|1\n|move|p2a: Slowking|Grass Knot|p1a: Landorus\n|-damage|p1a: Landorus|21\/100 brn\n|\n|-weather|Snow|[upkeep]\n|-heal|p1a: Landorus|27\/100 brn|[from] item: Leftovers\n|-damage|p1a: Landorus|21\/100 brn|[from] brn\n|upkeep\n|turn|30\n|\n|t:|1700266670\n|move|p2a: Slowking|Shadow Ball|p1a: Landorus\n|-damage|p1a: Landorus|0 fnt\n|faint|p1a: Landorus\n|\n|-weather|Snow|[upkeep]\n|upkeep\n|\n|t:|1700266672\n|switch|p1a: Cinderace|Cinderace, M|87\/100\n|turn|31\n|\n|t:|1700266679\n|switch|p2a: Slowking|Slowking-Galar, M|100\/100\n|move|p1a: Cinderace|Pyro Ball|p2a: Slowking\n|-crit|p2a: Slowking\n|-damage|p2a: Slowking|37\/100\n|-status|p2a: Slowking|brn\n|\n|-weather|none\n|-heal|p2a: Slowking|43\/100 brn|[from] item: Leftovers\n|-damage|p2a: Slowking|37\/100 brn|[from] brn\n|upkeep\n|turn|32\n|c|\u2606Lasagana Crustle|agency\n|c| 4R4CH1S|Agency burn\n|\n|t:|1700266693\n|switch|p2a: Ting-Lu|Ting-Lu|89\/100\n|-ability|p2a: Ting-Lu|Vessel of Ruin\n|move|p1a: Cinderace|Pyro Ball|p2a: Ting-Lu\n|-damage|p2a: Ting-Lu|57\/100\n|\n|-heal|p2a: Ting-Lu|63\/100|[from] item: Leftovers\n|upkeep\n|turn|33\n|\n|t:|1700266701\n|move|p1a: Cinderace|U-turn|p2a: Ting-Lu\n|-start|p1a: Cinderace|typechange|Bug|[from] ability: Libero\n|-supereffective|p2a: Ting-Lu\n|-damage|p2a: Ting-Lu|27\/100\n|\n|t:|1700266703\n|switch|p1a: Dondozo|Dondozo, F|94\/100|[from] U-turn\n|move|p2a: Ting-Lu|Ruination|p1a: Dondozo\n|-damage|p1a: Dondozo|48\/100\n|\n|-heal|p2a: Ting-Lu|33\/100|[from] item: Leftovers\n|-heal|p1a: Dondozo|54\/100|[from] item: Leftovers\n|upkeep\n|turn|34\n|\n|t:|1700266710\n|switch|p2a: Alomomola|Alomomola, F|47\/100\n|move|p1a: Dondozo|Liquidation|p2a: Alomomola\n|-resisted|p2a: Alomomola\n|-damage|p2a: Alomomola|40\/100\n|\n|-heal|p1a: Dondozo|60\/100|[from] item: Leftovers\n|upkeep\n|turn|35\n|\n|t:|1700266716\n|move|p2a: Alomomola|Wish|p2a: Alomomola\n|move|p1a: Dondozo|Curse|p1a: Dondozo\n|-unboost|p1a: Dondozo|spe|1\n|-boost|p1a: Dondozo|atk|1\n|-boost|p1a: Dondozo|def|1\n|\n|-heal|p1a: Dondozo|66\/100|[from] item: Leftovers\n|upkeep\n|turn|36\n|\n|t:|1700266719\n|move|p2a: Alomomola|Scald|p1a: Dondozo\n|-resisted|p1a: Dondozo\n|-damage|p1a: Dondozo|62\/100\n|-status|p1a: Dondozo|brn\n|move|p1a: Dondozo|Liquidation|p2a: Alomomola\n|-resisted|p2a: Alomomola\n|-damage|p2a: Alomomola|34\/100\n|\n|-heal|p2a: Alomomola|84\/100|[from] move: Wish|[wisher] Alomomola\n|-heal|p1a: Dondozo|68\/100 brn|[from] item: Leftovers\n|-damage|p1a: Dondozo|62\/100 brn|[from] brn\n|upkeep\n|turn|37\n|c|\u2606Lasagana Crustle|STOP\n|\n|t:|1700266726\n|move|p2a: Alomomola|Flip Turn|p1a: Dondozo\n|-resisted|p1a: Dondozo\n|-damage|p1a: Dondozo|58\/100 brn\n|c|\u2606N-Zoroark stan|100% burn rate\n|\n|t:|1700266734\n|switch|p2a: Alomomola|Alomomola, F|52\/100|[from] Flip Turn\n|move|p1a: Dondozo|Rest|p1a: Dondozo\n|-status|p1a: Dondozo|slp|[from] move: Rest\n|-heal|p1a: Dondozo|100\/100 slp|[silent]\n|\n|upkeep\n|turn|38\n|c| GrunkleConn|that one isn't as bad\n|\n|t:|1700266737\n|switch|p1a: Cinderace|Cinderace, M|87\/100\n|move|p2a: Alomomola|Grass Knot|p1a: Cinderace\n|-resisted|p1a: Cinderace\n|-damage|p1a: Cinderace|71\/100\n|\n|upkeep\n|turn|39\n|c| GrunkleConn|see\n|\n|t:|1700266741\n|switch|p2a: Alomomola|Alomomola, F|100\/100\n|move|p1a: Cinderace|U-turn|p2a: Alomomola\n|-start|p1a: Cinderace|typechange|Bug|[from] ability: Libero\n|-damage|p2a: Alomomola|81\/100\n|\n|t:|1700266743\n|switch|p1a: Dondozo|Dondozo, F|100\/100 slp|[from] U-turn\n|\n|upkeep\n|turn|40\n|c| GrunkleConn|just sleep\n|\n|t:|1700266753\n|move|p2a: Alomomola|Flip Turn|p1a: Dondozo\n|-resisted|p1a: Dondozo\n|-damage|p1a: Dondozo|96\/100 slp\n|c| Zoroark is so cute|is it the tera ghost curse dozo\n|\n|t:|1700266755\n|switch|p2a: Slowking|Slowking-Galar, M|71\/100 brn|[from] Flip Turn\n|cant|p1a: Dondozo|slp\n|move|p1a: Dondozo|Sleep Talk|p1a: Dondozo\n|move|p1a: Dondozo|Rest||[from]move: Sleep Talk|[still]\n|-fail|p1a: Dondozo\n|\n|-heal|p1a: Dondozo|100\/100 slp|[from] item: Leftovers\n|-heal|p2a: Slowking|77\/100 brn|[from] item: Leftovers\n|-damage|p2a: Slowking|71\/100 brn|[from] brn\n|upkeep\n|turn|41\n|\n|t:|1700266759\n|cant|p1a: Dondozo|slp\n|move|p2a: Slowking|Future Sight|p1a: Dondozo\n|-start|p2a: Slowking|move: Future Sight\n|\n|-heal|p2a: Slowking|77\/100 brn|[from] item: Leftovers\n|-damage|p2a: Slowking|71\/100 brn|[from] brn\n|upkeep\n|turn|42\n|\n|t:|1700266772\n|switch|p1a: Slowking|Slowking-Galar, F, tera:Water|63\/100\n|move|p2a: Slowking|Chilly Reception|p2a: Slowking\n|-weather|Snow\n|c| GrunkleConn|why tera ghost?\n|\n|t:|1700266775\n|switch|p2a: Dragonite|Dragonite, F, tera:Normal|100\/100|[from] Chilly Reception\n|\n|-weather|Snow|[upkeep]\n|upkeep\n|turn|43\n|\n|t:|1700266783\n|move|p2a: Dragonite|Outrage|p1a: Slowking\n|-damage|p1a: Slowking|0 fnt\n|faint|p1a: Slowking\n|\n|-weather|Snow|[upkeep]\n|-hint|Future Sight did not hit because the target is fainted.\n|upkeep\n|\n|t:|1700266785\n|switch|p1a: Dondozo|Dondozo, F|100\/100 slp\n|turn|44\n|\n|t:|1700266789\n|move|p2a: Dragonite|Outrage|p1a: Dondozo|[from]lockedmove\n|-damage|p1a: Dondozo|37\/100 slp\n|-start|p2a: Dragonite|confusion|[fatigue]\n|-curestatus|p1a: Dondozo|slp|[msg]\n|move|p1a: Dondozo|Curse|p1a: Dondozo\n|-unboost|p1a: Dondozo|spe|1\n|-boost|p1a: Dondozo|atk|1\n|-boost|p1a: Dondozo|def|1\n|\n|-weather|Snow|[upkeep]\n|-heal|p1a: Dondozo|43\/100|[from] item: Leftovers\n|upkeep\n|turn|45\n|c| Zoroark is so cute|for the curse tech\n|\n|t:|1700266797\n|switch|p2a: Dragonite|Dragonite, F|52\/100\n|move|p1a: Dondozo|Liquidation|p2a: Dragonite\n|-damage|p2a: Dragonite|0 fnt\n|replace|p2a: Zoroark|Zoroark-Hisui, M, shiny\n|-end|p2a: Zoroark|Illusion\n|faint|p2a: Zoroark\n|\n|-weather|Snow|[upkeep]\n|-heal|p1a: Dondozo|50\/100|[from] item: Leftovers\n|upkeep\n|\n|t:|1700266803\n|switch|p2a: Slowking|Slowking-Galar, M|100\/100 brn\n|turn|46\n|c| 4R4CH1S|L\n|\n|t:|1700266806\n|move|p1a: Dondozo|Rest|p1a: Dondozo\n|-status|p1a: Dondozo|slp|[from] move: Rest\n|-heal|p1a: Dondozo|100\/100 slp|[silent]\n|move|p2a: Slowking|Sludge Bomb|p1a: Dondozo\n|-damage|p1a: Dondozo|81\/100 slp\n|\n|-weather|none\n|-heal|p1a: Dondozo|87\/100 slp|[from] item: Leftovers\n|-damage|p2a: Slowking|94\/100 brn|[from] brn\n|upkeep\n|turn|47\n|c| GrunkleConn|sure ig\n|\n|t:|1700266812\n|cant|p1a: Dondozo|slp\n|move|p1a: Dondozo|Sleep Talk|p1a: Dondozo\n|move|p1a: Dondozo|Curse|p1a: Dondozo|[from]move: Sleep Talk\n|-unboost|p1a: Dondozo|spe|1\n|-boost|p1a: Dondozo|atk|1\n|-boost|p1a: Dondozo|def|1\n|move|p2a: Slowking|Future Sight|p1a: Dondozo\n|-start|p2a: Slowking|move: Future Sight\n|\n|-heal|p2a: Slowking|100\/100 brn|[from] item: Leftovers\n|-heal|p1a: Dondozo|93\/100 slp|[from] item: Leftovers\n|-damage|p2a: Slowking|94\/100 brn|[from] brn\n|upkeep\n|turn|48\n|\n|t:|1700266821\n|move|p2a: Slowking|Chilly Reception|p2a: Slowking\n|-weather|Snow\n|\n|t:|1700266831\n|switch|p2a: Alomomola|Alomomola, F|100\/100|[from] Chilly Reception\n|cant|p1a: Dondozo|slp\n|move|p1a: Dondozo|Sleep Talk|p1a: Dondozo\n|move|p1a: Dondozo|Curse|p1a: Dondozo|[from]move: Sleep Talk\n|-unboost|p1a: Dondozo|spe|1\n|-boost|p1a: Dondozo|atk|1\n|-boost|p1a: Dondozo|def|1\n|\n|-weather|Snow|[upkeep]\n|-heal|p1a: Dondozo|99\/100 slp|[from] item: Leftovers\n|upkeep\n|turn|49\n|\n|t:|1700266838\n|move|p2a: Alomomola|Wish|p2a: Alomomola\n|-curestatus|p1a: Dondozo|slp|[msg]\n|move|p1a: Dondozo|Liquidation|p2a: Alomomola\n|-resisted|p2a: Alomomola\n|-damage|p2a: Alomomola|81\/100\n|\n|-weather|Snow|[upkeep]\n|-end|p1a: Dondozo|move: Future Sight\n|-damage|p1a: Dondozo|69\/100\n|-heal|p1a: Dondozo|75\/100|[from] item: Leftovers\n|upkeep\n|turn|50\n|\n|t:|1700266845\n|move|p2a: Alomomola|Scald|p1a: Dondozo\n|-resisted|p1a: Dondozo\n|-damage|p1a: Dondozo|72\/100\n|move|p1a: Dondozo|Curse|p1a: Dondozo\n|-unboost|p1a: Dondozo|spe|1\n|-boost|p1a: Dondozo|atk|1\n|-boost|p1a: Dondozo|def|1\n|\n|-weather|Snow|[upkeep]\n|-heal|p2a: Alomomola|100\/100|[from] move: Wish|[wisher] Alomomola\n|-heal|p1a: Dondozo|78\/100|[from] item: Leftovers\n|upkeep\n|turn|51\n|\n|t:|1700266852\n|move|p2a: Alomomola|Scald|p1a: Dondozo\n|-resisted|p1a: Dondozo\n|-damage|p1a: Dondozo|74\/100\n|-status|p1a: Dondozo|brn\n|move|p1a: Dondozo|Curse|p1a: Dondozo\n|-unboost|p1a: Dondozo|spe|1\n|-boost|p1a: Dondozo|atk|1\n|-boost|p1a: Dondozo|def|1\n|\n|-weather|Snow|[upkeep]\n|-heal|p1a: Dondozo|80\/100 brn|[from] item: Leftovers\n|-damage|p1a: Dondozo|74\/100 brn|[from] brn\n|upkeep\n|turn|52\n|\n|t:|1700266861\n|move|p2a: Alomomola|Wish|p2a: Alomomola\n|move|p1a: Dondozo|Rest|p1a: Dondozo\n|-status|p1a: Dondozo|slp|[from] move: Rest\n|-heal|p1a: Dondozo|100\/100 slp|[silent]\n|\n|-weather|none\n|upkeep\n|turn|53\n|c| GrunkleConn|damn\n|\n|t:|1700266866\n|move|p2a: Alomomola|Flip Turn|p1a: Dondozo\n|-resisted|p1a: Dondozo\n|-damage|p1a: Dondozo|99\/100 slp\n|\n|t:|1700266868\n|switch|p2a: Ting-Lu|Ting-Lu|33\/100|[from] Flip Turn\n|-ability|p2a: Ting-Lu|Vessel of Ruin\n|cant|p1a: Dondozo|slp\n|move|p1a: Dondozo|Sleep Talk|p1a: Dondozo\n|move|p1a: Dondozo|Rest||[from]move: Sleep Talk|[still]\n|-fail|p1a: Dondozo\n|\n|-heal|p2a: Ting-Lu|85\/100|[from] move: Wish|[wisher] Alomomola\n|-heal|p2a: Ting-Lu|91\/100|[from] item: Leftovers\n|-heal|p1a: Dondozo|100\/100 slp|[from] item: Leftovers\n|upkeep\n|turn|54\n|c|\u2606Lasagana Crustle|dozo\n|c|\u2606Lasagana Crustle|see that moose\n|l| Lasagna Crustle\n|c|\u2606Lasagana Crustle|kill it in your sleep\n|\n|t:|1700266889\n|cant|p1a: Dondozo|slp\n|move|p1a: Dondozo|Sleep Talk|p1a: Dondozo\n|move|p1a: Dondozo|Rest||[from]move: Sleep Talk|[still]\n|-fail|p1a: Dondozo\n|move|p2a: Ting-Lu|Whirlwind|p1a: Dondozo\n|drag|p1a: Cinderace|Cinderace, M|71\/100\n|\n|-heal|p2a: Ting-Lu|97\/100|[from] item: Leftovers\n|upkeep\n|turn|55\n|c| GrunkleConn|failure\n|c|\u2606Lasagana Crustle|dozo you idiot\n|\n|t:|1700266899\n|move|p1a: Cinderace|Pyro Ball|p2a: Ting-Lu\n|-damage|p2a: Ting-Lu|65\/100\n|move|p2a: Ting-Lu|Ruination|p1a: Cinderace\n|-damage|p1a: Cinderace|36\/100\n|\n|-heal|p2a: Ting-Lu|71\/100|[from] item: Leftovers\n|upkeep\n|turn|56\n|\n|t:|1700266902\n|switch|p2a: Alomomola|Alomomola, F|100\/100\n|move|p1a: Cinderace|Pyro Ball|p2a: Alomomola\n|-resisted|p2a: Alomomola\n|-damage|p2a: Alomomola|86\/100\n|\n|upkeep\n|turn|57\n|\n|t:|1700266910\n|move|p1a: Cinderace|Pyro Ball|p2a: Alomomola\n|-resisted|p2a: Alomomola\n|-damage|p2a: Alomomola|69\/100\n|move|p2a: Alomomola|Flip Turn|p1a: Cinderace\n|-supereffective|p1a: Cinderace\n|-damage|p1a: Cinderace|0 fnt\n|faint|p1a: Cinderace\n|\n|t:|1700266912\n|switch|p2a: Dragonite|Dragonite, F, tera:Normal|100\/100|[from] Flip Turn\n|\n|upkeep\n|\n|t:|1700266915\n|switch|p1a: Dondozo|Dondozo, F|100\/100 slp\n|turn|58\n|\n|t:|1700266918\n|move|p2a: Dragonite|Outrage|p1a: Dondozo\n|-damage|p1a: Dondozo|33\/100 slp\n|-curestatus|p1a: Dondozo|slp|[msg]\n|move|p1a: Dondozo|Curse|p1a: Dondozo\n|-unboost|p1a: Dondozo|spe|1\n|-boost|p1a: Dondozo|atk|1\n|-boost|p1a: Dondozo|def|1\n|\n|-heal|p1a: Dondozo|39\/100|[from] item: Leftovers\n|upkeep\n|turn|59\n|\n|t:|1700266921\n|move|p2a: Dragonite|Outrage|p1a: Dondozo|[from]lockedmove\n|-damage|p1a: Dondozo|0 fnt\n|faint|p1a: Dondozo\n|\n|win|N-Zoroark stan\n|c|\u2606N-Zoroark stan|ggwp\n|c|\u2606Lasagana Crustle|gg\n|c| GrunkleConn|gg\n|c| 4R4CH1S|gg\n|c| Zoroark is so cute|sata andagi\n|l|\u2606Lasagana Crustle\n|l| Zoroark is so cute\n|l| GrunkleConn\n","uploadtime":1700267515,"views":23,"p1id":"lasaganacrustle","p2id":"nzoroarkstan","formatid":"gen9ou","rating":0,"private":0,"password":""}