{"id":"gen9ou-1993355825","p1":"Vctory76","p2":"draco9746","format":"[Gen 9] OU","log":"|j|\u2606Vctory76\n|j|\u2606draco9746\n|t:|1700304911\n|gametype|singles\n|player|p1|Vctory76|ghetsis-gen5bw|1266\n|player|p2|draco9746|cynthia|1336\n|teamsize|p1|6\n|teamsize|p2|6\n|gen|9\n|tier|[Gen 9] OU\n|rated|\n|rule|Sleep Clause Mod: Limit one foe put to sleep\n|rule|Species Clause: Limit one of each Pok\u00e9mon\n|rule|OHKO Clause: OHKO moves are banned\n|rule|Evasion Items Clause: Evasion items are banned\n|rule|Evasion Moves Clause: Evasion moves are banned\n|rule|Endless Battle Clause: Forcing endless battles is banned\n|rule|HP Percentage Mod: HP is shown in percentages\n|clearpoke\n|poke|p1|Kingambit, M|\n|poke|p1|Great Tusk|\n|poke|p1|Dragapult, F|\n|poke|p1|Ogerpon-Wellspring, F|\n|poke|p1|Blissey, F|\n|poke|p1|Zapdos|\n|poke|p2|Hatterene, F|\n|poke|p2|Kingambit, F|\n|poke|p2|Ogerpon-Wellspring, F|\n|poke|p2|Dragapult, M|\n|poke|p2|Sneasler, M|\n|poke|p2|Rotom-Wash|\n|teampreview\n|inactive|Battle timer is ON: inactive players will automatically lose when time's up. (requested by draco9746)\n|\n|t:|1700304928\n|start\n|switch|p1a: Dragapult|Dragapult, F|100\/100\n|switch|p2a: Hatterene|Hatterene, F|100\/100\n|turn|1\n|\n|t:|1700304939\n|move|p1a: Dragapult|U-turn|p2a: Hatterene\n|-crit|p2a: Hatterene\n|-damage|p2a: Hatterene|79\/100\n|\n|t:|1700304942\n|switch|p1a: Blissey|Blissey, F|100\/100|[from] U-turn\n|move|p2a: Hatterene|Draining Kiss|p1a: Blissey\n|-damage|p1a: Blissey|92\/100\n|-heal|p2a: Hatterene|94\/100|[from] drain|[of] p1a: Blissey\n|\n|-heal|p2a: Hatterene|99\/100|[from] item: Leftovers\n|upkeep\n|turn|2\n|\n|t:|1700304951\n|move|p1a: Blissey|Seismic Toss|p2a: Hatterene\n|-damage|p2a: Hatterene|68\/100\n|move|p2a: Hatterene|Calm Mind|p2a: Hatterene\n|-boost|p2a: Hatterene|spa|1\n|-boost|p2a: Hatterene|spd|1\n|\n|-heal|p2a: Hatterene|74\/100|[from] item: Leftovers\n|upkeep\n|turn|3\n|\n|t:|1700304958\n|move|p1a: Blissey|Seismic Toss|p2a: Hatterene\n|-damage|p2a: Hatterene|43\/100\n|move|p2a: Hatterene|Calm Mind|p2a: Hatterene\n|-boost|p2a: Hatterene|spa|1\n|-boost|p2a: Hatterene|spd|1\n|\n|-heal|p2a: Hatterene|49\/100|[from] item: Leftovers\n|upkeep\n|turn|4\n|\n|t:|1700304965\n|move|p1a: Blissey|Seismic Toss|p2a: Hatterene\n|-damage|p2a: Hatterene|17\/100\n|move|p2a: Hatterene|Draining Kiss|p1a: Blissey\n|-damage|p1a: Blissey|76\/100\n|-heal|p2a: Hatterene|45\/100|[from] drain|[of] p1a: Blissey\n|\n|-heal|p2a: Hatterene|51\/100|[from] item: Leftovers\n|upkeep\n|turn|5\n|\n|t:|1700304973\n|move|p1a: Blissey|Seismic Toss|p2a: Hatterene\n|-damage|p2a: Hatterene|19\/100\n|move|p2a: Hatterene|Draining Kiss|p1a: Blissey\n|-damage|p1a: Blissey|60\/100\n|-heal|p2a: Hatterene|45\/100|[from] drain|[of] p1a: Blissey\n|\n|-heal|p2a: Hatterene|51\/100|[from] item: Leftovers\n|upkeep\n|turn|6\n|\n|t:|1700304980\n|move|p1a: Blissey|Soft-Boiled|p1a: Blissey\n|-heal|p1a: Blissey|100\/100\n|move|p2a: Hatterene|Draining Kiss|p1a: Blissey\n|-damage|p1a: Blissey|83\/100\n|-heal|p2a: Hatterene|81\/100|[from] drain|[of] p1a: Blissey\n|\n|-heal|p2a: Hatterene|87\/100|[from] item: Leftovers\n|upkeep\n|turn|7\n|\n|t:|1700304988\n|move|p1a: Blissey|Seismic Toss|p2a: Hatterene\n|-damage|p2a: Hatterene|56\/100\n|move|p2a: Hatterene|Calm Mind|p2a: Hatterene\n|-boost|p2a: Hatterene|spa|1\n|-boost|p2a: Hatterene|spd|1\n|\n|-heal|p2a: Hatterene|62\/100|[from] item: Leftovers\n|upkeep\n|turn|8\n|\n|t:|1700305000\n|move|p1a: Blissey|Seismic Toss|p2a: Hatterene\n|-damage|p2a: Hatterene|30\/100\n|move|p2a: Hatterene|Calm Mind|p2a: Hatterene\n|-boost|p2a: Hatterene|spa|1\n|-boost|p2a: Hatterene|spd|1\n|\n|-heal|p2a: Hatterene|36\/100|[from] item: Leftovers\n|upkeep\n|turn|9\n|\n|t:|1700305008\n|move|p1a: Blissey|Seismic Toss|p2a: Hatterene\n|-damage|p2a: Hatterene|5\/100\n|move|p2a: Hatterene|Draining Kiss|p1a: Blissey\n|-damage|p1a: Blissey|58\/100\n|-heal|p2a: Hatterene|47\/100|[from] drain|[of] p1a: Blissey\n|\n|-heal|p2a: Hatterene|53\/100|[from] item: Leftovers\n|upkeep\n|turn|10\n|\n|t:|1700305019\n|move|p1a: Blissey|Seismic Toss|p2a: Hatterene\n|-damage|p2a: Hatterene|21\/100\n|move|p2a: Hatterene|Draining Kiss|p1a: Blissey\n|-damage|p1a: Blissey|33\/100\n|-heal|p2a: Hatterene|63\/100|[from] drain|[of] p1a: Blissey\n|\n|-heal|p2a: Hatterene|69\/100|[from] item: Leftovers\n|upkeep\n|turn|11\n|\n|t:|1700305030\n|move|p1a: Blissey|Seismic Toss|p2a: Hatterene\n|-damage|p2a: Hatterene|38\/100\n|move|p2a: Hatterene|Calm Mind|p2a: Hatterene\n|-boost|p2a: Hatterene|spa|1\n|-boost|p2a: Hatterene|spd|1\n|\n|-heal|p2a: Hatterene|44\/100|[from] item: Leftovers\n|upkeep\n|turn|12\n|\n|t:|1700305037\n|move|p1a: Blissey|Seismic Toss|p2a: Hatterene\n|-damage|p2a: Hatterene|12\/100\n|move|p2a: Hatterene|Draining Kiss|p1a: Blissey\n|-damage|p1a: Blissey|2\/100\n|-heal|p2a: Hatterene|65\/100|[from] drain|[of] p1a: Blissey\n|\n|-heal|p2a: Hatterene|71\/100|[from] item: Leftovers\n|upkeep\n|turn|13\n|\n|t:|1700305055\n|move|p1a: Blissey|Seismic Toss|p2a: Hatterene\n|-damage|p2a: Hatterene|39\/100\n|move|p2a: Hatterene|Draining Kiss|p1a: Blissey\n|-damage|p1a: Blissey|0 fnt\n|-heal|p2a: Hatterene|41\/100|[from] drain|[of] p1a: Blissey\n|faint|p1a: Blissey\n|\n|-heal|p2a: Hatterene|47\/100|[from] item: Leftovers\n|upkeep\n|\n|t:|1700305062\n|switch|p1a: Kingambit|Kingambit, M|100\/100\n|-activate|p1a: Kingambit|ability: Supreme Overlord\n|-start|p1a: Kingambit|fallen1|[silent]\n|turn|14\n|\n|t:|1700305072\n|-terastallize|p2a: Hatterene|Water\n|move|p1a: Kingambit|Iron Head|p2a: Hatterene\n|-resisted|p2a: Hatterene\n|-damage|p2a: Hatterene|25\/100\n|cant|p2a: Hatterene|flinch\n|\n|-heal|p2a: Hatterene|31\/100|[from] item: Leftovers\n|upkeep\n|turn|15\n|\n|t:|1700305079\n|move|p1a: Kingambit|Kowtow Cleave|p2a: Hatterene\n|-damage|p2a: Hatterene|0 fnt\n|faint|p2a: Hatterene\n|\n|upkeep\n|\n|t:|1700305097\n|switch|p2a: Rotom|Rotom-Wash|100\/100\n|turn|16\n|\n|t:|1700305102\n|-end|p1a: Kingambit|fallen1|[silent]\n|switch|p1a: Zapdos|Zapdos|100\/100\n|move|p2a: Rotom|Thunder Wave|p1a: Zapdos\n|-immune|p1a: Zapdos\n|\n|upkeep\n|turn|17\n|\n|t:|1700305109\n|move|p1a: Zapdos|Hurricane|p2a: Rotom|[miss]\n|-miss|p1a: Zapdos|p2a: Rotom\n|move|p2a: Rotom|Volt Switch|p1a: Zapdos\n|-crit|p1a: Zapdos\n|-damage|p1a: Zapdos|64\/100\n|\n|t:|1700305115\n|switch|p2a: Dragapult|Dragapult, M|100\/100|[from] Volt Switch\n|\n|upkeep\n|turn|18\n|\n|t:|1700305122\n|move|p2a: Dragapult|Shadow Ball|p1a: Zapdos\n|-damage|p1a: Zapdos|12\/100\n|move|p1a: Zapdos|Volt Switch|p2a: Dragapult\n|-resisted|p2a: Dragapult\n|-damage|p2a: Dragapult|80\/100\n|\n|t:|1700305126\n|switch|p1a: Dragapult|Dragapult, F|100\/100|[from] Volt Switch\n|\n|upkeep\n|turn|19\n|\n|t:|1700305137\n|switch|p2a: Rotom|Rotom-Wash|100\/100\n|move|p1a: Dragapult|Shadow Ball|p2a: Rotom\n|-damage|p2a: Rotom|49\/100\n|-unboost|p2a: Rotom|spd|1\n|\n|-heal|p2a: Rotom|55\/100|[from] item: Leftovers\n|upkeep\n|turn|20\n|\n|t:|1700305150\n|move|p1a: Dragapult|Shadow Ball|p2a: Rotom\n|-damage|p2a: Rotom|0 fnt\n|faint|p2a: Rotom\n|\n|upkeep\n|\n|t:|1700305154\n|switch|p2a: Dragapult|Dragapult, M|80\/100\n|turn|21\n|\n|t:|1700305158\n|move|p2a: Dragapult|Draco Meteor|p1a: Dragapult\n|-supereffective|p1a: Dragapult\n|-damage|p1a: Dragapult|0 fnt\n|-unboost|p2a: Dragapult|spa|2\n|faint|p1a: Dragapult\n|\n|upkeep\n|\n|t:|1700305167\n|switch|p1a: Ogerpon|Ogerpon-Wellspring, F|100\/100\n|turn|22\n|\n|t:|1700305177\n|switch|p2a: Ogerpon|Ogerpon-Wellspring, F|100\/100\n|move|p1a: Ogerpon|U-turn|p2a: Ogerpon\n|-supereffective|p2a: Ogerpon\n|-damage|p2a: Ogerpon|32\/100\n|\n|t:|1700305182\n|switch|p1a: Kingambit|Kingambit, M|100\/100|[from] U-turn\n|-activate|p1a: Kingambit|ability: Supreme Overlord\n|-start|p1a: Kingambit|fallen2|[silent]\n|\n|upkeep\n|turn|23\n|\n|t:|1700305193\n|move|p1a: Kingambit|Sucker Punch||[still]\n|-fail|p1a: Kingambit\n|move|p2a: Ogerpon|Taunt|p1a: Kingambit\n|-start|p1a: Kingambit|move: Taunt\n|-enditem|p1a: Kingambit|Mental Herb\n|-end|p1a: Kingambit|move: Taunt\n|\n|upkeep\n|turn|24\n|\n|t:|1700305202\n|switch|p2a: Kingambit|Kingambit, F|100\/100\n|-activate|p2a: Kingambit|ability: Supreme Overlord\n|-start|p2a: Kingambit|fallen2|[silent]\n|move|p1a: Kingambit|Kowtow Cleave|p2a: Kingambit\n|-resisted|p2a: Kingambit\n|-damage|p2a: Kingambit|73\/100\n|\n|upkeep\n|turn|25\n|\n|t:|1700305212\n|move|p2a: Kingambit|Kowtow Cleave|p1a: Kingambit\n|-resisted|p1a: Kingambit\n|-damage|p1a: Kingambit|78\/100\n|move|p1a: Kingambit|Swords Dance|p1a: Kingambit\n|-boost|p1a: Kingambit|atk|2\n|\n|upkeep\n|turn|26\n|\n|t:|1700305229\n|move|p2a: Kingambit|Swords Dance|p2a: Kingambit\n|-boost|p2a: Kingambit|atk|2\n|move|p1a: Kingambit|Swords Dance|p1a: Kingambit\n|-boost|p1a: Kingambit|atk|2\n|\n|upkeep\n|turn|27\n|\n|t:|1700305235\n|move|p2a: Kingambit|Kowtow Cleave|p1a: Kingambit\n|-resisted|p1a: Kingambit\n|-damage|p1a: Kingambit|34\/100\n|move|p1a: Kingambit|Kowtow Cleave|p2a: Kingambit\n|-resisted|p2a: Kingambit\n|-damage|p2a: Kingambit|0 fnt\n|faint|p2a: Kingambit\n|-end|p2a: Kingambit|fallen2|[silent]\n|\n|upkeep\n|\n|t:|1700305257\n|switch|p2a: Ogerpon|Ogerpon-Wellspring, F|32\/100\n|turn|28\n|\n|t:|1700305260\n|move|p1a: Kingambit|Sucker Punch|p2a: Ogerpon\n|-damage|p2a: Ogerpon|0 fnt\n|faint|p2a: Ogerpon\n|\n|upkeep\n|\n|t:|1700305264\n|switch|p2a: Sneasler|Sneasler, M|100\/100\n|turn|29\n|\n|t:|1700305270\n|move|p2a: Sneasler|Fake Out|p1a: Kingambit\n|-enditem|p2a: Sneasler|Normal Gem|[from] gem\n|-resisted|p1a: Kingambit\n|-damage|p1a: Kingambit|27\/100\n|cant|p1a: Kingambit|flinch\n|\n|upkeep\n|turn|30\n|\n|t:|1700305278\n|move|p1a: Kingambit|Sucker Punch|p2a: Sneasler\n|-resisted|p2a: Sneasler\n|-damage|p2a: Sneasler|0 fnt\n|faint|p2a: Sneasler\n|\n|upkeep\n|\n|t:|1700305282\n|switch|p2a: Dragapult|Dragapult, M|80\/100\n|turn|31\n|\n|t:|1700305285\n|move|p1a: Kingambit|Sucker Punch|p2a: Dragapult\n|-supereffective|p2a: Dragapult\n|-damage|p2a: Dragapult|0 fnt\n|faint|p2a: Dragapult\n|\n|win|Vctory76\n|raw|Vctory76's rating: 1266 &rarr; <strong>1296<\/strong><br \/>(+30 for winning)\n|raw|draco9746's rating: 1336 &rarr; <strong>1312<\/strong><br \/>(-24 for losing)\n","uploadtime":1700305291,"views":9,"p1id":"vctory76","p2id":"draco9746","formatid":"gen9ou","rating":1296,"private":0,"password":""}