{"id":"gen9ou-1989644892","p1":"Power Panpour","p2":"mk334","format":"[Gen 9] OU","log":"|j|\u2606Power Panpour\n|j|\u2606mk334\n|t:|1699882623\n|gametype|singles\n|player|p1|Power Panpour|ingo|1057\n|player|p2|mk334|hilbert|1010\n|teamsize|p1|6\n|teamsize|p2|6\n|gen|9\n|tier|[Gen 9] OU\n|rated|\n|rule|Sleep Clause Mod: Limit one foe put to sleep\n|rule|Species Clause: Limit one of each Pok\u00e9mon\n|rule|OHKO Clause: OHKO moves are banned\n|rule|Evasion Items Clause: Evasion items are banned\n|rule|Evasion Moves Clause: Evasion moves are banned\n|rule|Endless Battle Clause: Forcing endless battles is banned\n|rule|HP Percentage Mod: HP is shown in percentages\n|clearpoke\n|poke|p1|Landorus-Therian, M|\n|poke|p1|Iron Valiant|\n|poke|p1|Blissey, F|\n|poke|p1|Mandibuzz, F|\n|poke|p1|Zapdos|\n|poke|p1|Alomomola, M|\n|poke|p2|Appletun, M|\n|poke|p2|Greninja-*, M|\n|poke|p2|Corviknight, F|\n|poke|p2|Heatran, F|\n|poke|p2|Zapdos|\n|poke|p2|Dragapult, F|\n|teampreview\n|inactive|Battle timer is ON: inactive players will automatically lose when time's up. (requested by Power Panpour)\n|\n|t:|1699882642\n|start\n|switch|p1a: I'm so back baby|Landorus-Therian, M|100\/100\n|switch|p2a: SdKfz. 234\/2 Puma|Greninja, M|100\/100\n|-ability|p1a: I'm so back baby|Intimidate|boost\n|-unboost|p2a: SdKfz. 234\/2 Puma|atk|1\n|turn|1\n|\n|t:|1699882659\n|switch|p1a: Is but a bliss|Blissey, F|100\/100\n|move|p2a: SdKfz. 234\/2 Puma|Ice Punch|p1a: Is but a bliss\n|-damage|p1a: Is but a bliss|88\/100\n|\n|-heal|p1a: Is but a bliss|94\/100|[from] item: Leftovers\n|upkeep\n|turn|2\n|\n|t:|1699882670\n|move|p2a: SdKfz. 234\/2 Puma|Brick Break|p1a: Is but a bliss\n|-supereffective|p1a: Is but a bliss\n|-damage|p1a: Is but a bliss|65\/100\n|move|p1a: Is but a bliss|Calm Mind|p1a: Is but a bliss\n|-boost|p1a: Is but a bliss|spa|1\n|-boost|p1a: Is but a bliss|spd|1\n|\n|-heal|p1a: Is but a bliss|71\/100|[from] item: Leftovers\n|upkeep\n|turn|3\n|\n|t:|1699882683\n|switch|p1a: Coca-Mola|Alomomola, M|100\/100\n|move|p2a: SdKfz. 234\/2 Puma|Brick Break|p1a: Coca-Mola\n|-damage|p1a: Coca-Mola|93\/100\n|\n|-heal|p1a: Coca-Mola|99\/100|[from] item: Leftovers\n|upkeep\n|turn|4\n|\n|t:|1699882693\n|move|p2a: SdKfz. 234\/2 Puma|Ice Punch|p1a: Coca-Mola\n|-resisted|p1a: Coca-Mola\n|-damage|p1a: Coca-Mola|95\/100\n|move|p1a: Coca-Mola|Scald|p2a: SdKfz. 234\/2 Puma\n|-resisted|p2a: SdKfz. 234\/2 Puma\n|-damage|p2a: SdKfz. 234\/2 Puma|90\/100\n|-status|p2a: SdKfz. 234\/2 Puma|brn\n|\n|-heal|p1a: Coca-Mola|100\/100|[from] item: Leftovers\n|-damage|p2a: SdKfz. 234\/2 Puma|84\/100 brn|[from] brn\n|upkeep\n|turn|5\n|\n|t:|1699882717\n|move|p2a: SdKfz. 234\/2 Puma|Dark Pulse|p1a: Coca-Mola\n|-damage|p1a: Coca-Mola|69\/100\n|move|p1a: Coca-Mola|Wish|p1a: Coca-Mola\n|\n|-heal|p1a: Coca-Mola|75\/100|[from] item: Leftovers\n|-damage|p2a: SdKfz. 234\/2 Puma|78\/100 brn|[from] brn\n|upkeep\n|turn|6\n|\n|t:|1699882733\n|switch|p1a: Is but a bliss|Blissey, F|71\/100\n|move|p2a: SdKfz. 234\/2 Puma|Dark Pulse|p1a: Is but a bliss\n|-damage|p1a: Is but a bliss|61\/100\n|\n|-heal|p1a: Is but a bliss|98\/100|[from] move: Wish|[wisher] Coca-Mola\n|-heal|p1a: Is but a bliss|100\/100|[from] item: Leftovers\n|-damage|p2a: SdKfz. 234\/2 Puma|72\/100 brn|[from] brn\n|upkeep\n|turn|7\n|\n|t:|1699882744\n|move|p2a: SdKfz. 234\/2 Puma|Liquidation|p1a: Is but a bliss\n|-damage|p1a: Is but a bliss|90\/100\n|move|p1a: Is but a bliss|Seismic Toss|p2a: SdKfz. 234\/2 Puma\n|-damage|p2a: SdKfz. 234\/2 Puma|37\/100 brn\n|\n|-heal|p1a: Is but a bliss|96\/100|[from] item: Leftovers\n|-damage|p2a: SdKfz. 234\/2 Puma|31\/100 brn|[from] brn\n|upkeep\n|turn|8\n|\n|t:|1699882756\n|move|p2a: SdKfz. 234\/2 Puma|Ice Punch|p1a: Is but a bliss\n|-damage|p1a: Is but a bliss|90\/100\n|move|p1a: Is but a bliss|Seismic Toss|p2a: SdKfz. 234\/2 Puma\n|-damage|p2a: SdKfz. 234\/2 Puma|0 fnt\n|faint|p2a: SdKfz. 234\/2 Puma\n|\n|-heal|p1a: Is but a bliss|97\/100|[from] item: Leftovers\n|upkeep\n|inactive|mk334 has 120 seconds left.\n|\n|t:|1699882776\n|switch|p2a: Bf 109 K-4|Corviknight, F, shiny|100\/100\n|turn|9\n|inactive|mk334 has 120 seconds left.\n|\n|t:|1699882794\n|move|p2a: Bf 109 K-4|Iron Head|p1a: Is but a bliss\n|-damage|p1a: Is but a bliss|60\/100\n|move|p1a: Is but a bliss|Seismic Toss|p2a: Bf 109 K-4\n|-damage|p2a: Bf 109 K-4|75\/100\n|\n|-heal|p1a: Is but a bliss|67\/100|[from] item: Leftovers\n|upkeep\n|turn|10\n|inactive|mk334 has 120 seconds left.\n|\n|t:|1699882804\n|switch|p1a: I'm so back baby|Landorus-Therian, M|100\/100\n|-ability|p1a: I'm so back baby|Intimidate|boost\n|-ability|p2a: Bf 109 K-4|Mirror Armor\n|-unboost|p1a: I'm so back baby|atk|1\n|move|p2a: Bf 109 K-4|Bulk Up|p2a: Bf 109 K-4\n|-boost|p2a: Bf 109 K-4|atk|1\n|-boost|p2a: Bf 109 K-4|def|1\n|\n|upkeep\n|turn|11\n|inactive|mk334 has 120 seconds left.\n|\n|t:|1699882817\n|move|p1a: I'm so back baby|Taunt|p2a: Bf 109 K-4\n|-start|p2a: Bf 109 K-4|move: Taunt\n|move|p2a: Bf 109 K-4|Iron Head|p1a: I'm so back baby\n|-damage|p1a: I'm so back baby|42\/100\n|\n|-heal|p1a: I'm so back baby|48\/100|[from] item: Leftovers\n|upkeep\n|turn|12\n|\n|t:|1699882825\n|move|p1a: I'm so back baby|U-turn|p2a: Bf 109 K-4\n|-resisted|p2a: Bf 109 K-4\n|-damage|p2a: Bf 109 K-4|73\/100\n|\n|t:|1699882829\n|switch|p1a: Boomer Bird|Zapdos|100\/100|[from] U-turn\n|-ability|p1a: Boomer Bird|Pressure\n|move|p2a: Bf 109 K-4|Iron Head|p1a: Boomer Bird\n|-resisted|p1a: Boomer Bird\n|-damage|p1a: Boomer Bird|67\/100\n|\n|-heal|p1a: Boomer Bird|73\/100|[from] item: Leftovers\n|upkeep\n|turn|13\n|\n|t:|1699882843\n|move|p1a: Boomer Bird|Heat Wave|p2a: Bf 109 K-4\n|-supereffective|p2a: Bf 109 K-4\n|-damage|p2a: Bf 109 K-4|4\/100\n|move|p2a: Bf 109 K-4|Body Slam|p1a: Boomer Bird\n|-damage|p1a: Boomer Bird|36\/100\n|\n|-heal|p1a: Boomer Bird|42\/100|[from] item: Leftovers\n|-end|p2a: Bf 109 K-4|move: Taunt\n|upkeep\n|turn|14\n|\n|t:|1699882854\n|move|p1a: Boomer Bird|Heat Wave|p2a: Bf 109 K-4\n|-supereffective|p2a: Bf 109 K-4\n|-crit|p2a: Bf 109 K-4\n|-damage|p2a: Bf 109 K-4|0 fnt\n|faint|p2a: Bf 109 K-4\n|\n|-heal|p1a: Boomer Bird|48\/100|[from] item: Leftovers\n|upkeep\n|inactive|mk334 has 120 seconds left.\n|\n|t:|1699882871\n|switch|p2a: PzKpfw VI Tiger H1|Heatran, F|100\/100\n|turn|15\n|\n|t:|1699882879\n|switch|p1a: Coca-Mola|Alomomola, M|100\/100\n|-terastallize|p2a: PzKpfw VI Tiger H1|Fire\n|move|p2a: PzKpfw VI Tiger H1|Power Gem|p1a: Coca-Mola\n|-damage|p1a: Coca-Mola|67\/100\n|\n|-heal|p1a: Coca-Mola|73\/100|[from] item: Leftovers\n|upkeep\n|turn|16\n|\n|t:|1699882892\n|switch|p2a: Fw 190 A-4|Zapdos|100\/100\n|move|p1a: Coca-Mola|Wish|p1a: Coca-Mola\n|\n|-heal|p1a: Coca-Mola|80\/100|[from] item: Leftovers\n|upkeep\n|turn|17\n|\n|t:|1699882907\n|switch|p1a: Is but a bliss|Blissey, F|67\/100\n|move|p2a: Fw 190 A-4|Thunder|p1a: Is but a bliss\n|-damage|p1a: Is but a bliss|43\/100\n|-status|p1a: Is but a bliss|par\n|\n|-heal|p1a: Is but a bliss|80\/100 par|[from] move: Wish|[wisher] Coca-Mola\n|-heal|p1a: Is but a bliss|86\/100 par|[from] item: Leftovers\n|upkeep\n|turn|18\n|\n|t:|1699882918\n|move|p2a: Fw 190 A-4|Rain Dance|p2a: Fw 190 A-4\n|-weather|RainDance\n|cant|p1a: Is but a bliss|par\n|\n|-weather|RainDance|[upkeep]\n|-heal|p1a: Is but a bliss|93\/100 par|[from] item: Leftovers\n|upkeep\n|turn|19\n|\n|t:|1699882926\n|move|p2a: Fw 190 A-4|Thunder|p1a: Is but a bliss\n|-damage|p1a: Is but a bliss|67\/100 par\n|cant|p1a: Is but a bliss|par\n|\n|-weather|RainDance|[upkeep]\n|-heal|p1a: Is but a bliss|73\/100 par|[from] item: Leftovers\n|upkeep\n|turn|20\n|\n|t:|1699882935\n|move|p2a: Fw 190 A-4|Rain Dance||[still]\n|-fail|p2a: Fw 190 A-4\n|move|p1a: Is but a bliss|Calm Mind|p1a: Is but a bliss\n|-boost|p1a: Is but a bliss|spa|1\n|-boost|p1a: Is but a bliss|spd|1\n|\n|-weather|RainDance|[upkeep]\n|-heal|p1a: Is but a bliss|80\/100 par|[from] item: Leftovers\n|upkeep\n|turn|21\n|\n|t:|1699882945\n|move|p2a: Fw 190 A-4|Hurricane|p1a: Is but a bliss\n|-damage|p1a: Is but a bliss|66\/100 par\n|move|p1a: Is but a bliss|Calm Mind|p1a: Is but a bliss\n|-boost|p1a: Is but a bliss|spa|1\n|-boost|p1a: Is but a bliss|spd|1\n|\n|-weather|RainDance|[upkeep]\n|-heal|p1a: Is but a bliss|72\/100 par|[from] item: Leftovers\n|upkeep\n|turn|22\n|\n|t:|1699882957\n|move|p2a: Fw 190 A-4|Weather Ball|p1a: Is but a bliss\n|-damage|p1a: Is but a bliss|62\/100 par\n|move|p1a: Is but a bliss|Calm Mind|p1a: Is but a bliss\n|-boost|p1a: Is but a bliss|spa|1\n|-boost|p1a: Is but a bliss|spd|1\n|\n|-weather|none\n|-heal|p1a: Is but a bliss|68\/100 par|[from] item: Leftovers\n|upkeep\n|turn|23\n|\n|t:|1699882966\n|move|p2a: Fw 190 A-4|Hurricane|p1a: Is but a bliss|[miss]\n|-miss|p2a: Fw 190 A-4|p1a: Is but a bliss\n|move|p1a: Is but a bliss|Shadow Ball|p2a: Fw 190 A-4\n|-damage|p2a: Fw 190 A-4|61\/100\n|\n|-heal|p1a: Is but a bliss|74\/100 par|[from] item: Leftovers\n|upkeep\n|turn|24\n|\n|t:|1699882975\n|move|p2a: Fw 190 A-4|Rain Dance|p2a: Fw 190 A-4\n|-weather|RainDance\n|move|p1a: Is but a bliss|Calm Mind|p1a: Is but a bliss\n|-boost|p1a: Is but a bliss|spa|1\n|-boost|p1a: Is but a bliss|spd|1\n|\n|-weather|RainDance|[upkeep]\n|-heal|p1a: Is but a bliss|80\/100 par|[from] item: Leftovers\n|upkeep\n|turn|25\n|\n|t:|1699882983\n|move|p2a: Fw 190 A-4|Thunder|p1a: Is but a bliss\n|-damage|p1a: Is but a bliss|72\/100 par\n|move|p1a: Is but a bliss|Shadow Ball|p2a: Fw 190 A-4\n|-damage|p2a: Fw 190 A-4|15\/100\n|-unboost|p2a: Fw 190 A-4|spd|1\n|\n|-weather|RainDance|[upkeep]\n|-heal|p1a: Is but a bliss|79\/100 par|[from] item: Leftovers\n|upkeep\n|turn|26\n|\n|t:|1699882996\n|switch|p2a: Me 262 A-1\/U4|Dragapult, F|100\/100\n|move|p1a: Is but a bliss|Calm Mind|p1a: Is but a bliss\n|-boost|p1a: Is but a bliss|spa|1\n|-boost|p1a: Is but a bliss|spd|1\n|\n|-weather|RainDance|[upkeep]\n|-heal|p1a: Is but a bliss|85\/100 par|[from] item: Leftovers\n|upkeep\n|turn|27\n|\n|t:|1699883007\n|move|p2a: Me 262 A-1\/U4|Phantom Force||[still]\n|-prepare|p2a: Me 262 A-1\/U4|Phantom Force\n|cant|p1a: Is but a bliss|par\n|\n|-weather|RainDance|[upkeep]\n|-heal|p1a: Is but a bliss|91\/100 par|[from] item: Leftovers\n|upkeep\n|turn|28\n|\n|t:|1699883018\n|move|p2a: Me 262 A-1\/U4|Phantom Force|p1a: Is but a bliss|[from]lockedmove\n|-immune|p1a: Is but a bliss\n|move|p1a: Is but a bliss|Shadow Ball|p2a: Me 262 A-1\/U4\n|-supereffective|p2a: Me 262 A-1\/U4\n|-damage|p2a: Me 262 A-1\/U4|0 fnt\n|faint|p2a: Me 262 A-1\/U4\n|\n|-weather|none\n|-heal|p1a: Is but a bliss|97\/100 par|[from] item: Leftovers\n|upkeep\n|c|\u2606Power Panpour|\ud83d\udc80\n|\n|t:|1699883037\n|switch|p2a: PzKpfw IV G|Appletun, M|100\/100\n|turn|29\n|\n|t:|1699883046\n|move|p2a: PzKpfw IV G|Earthquake|p1a: Is but a bliss\n|-damage|p1a: Is but a bliss|79\/100 par\n|cant|p1a: Is but a bliss|par\n|\n|-heal|p1a: Is but a bliss|86\/100 par|[from] item: Leftovers\n|upkeep\n|turn|30\n|\n|t:|1699883057\n|move|p2a: PzKpfw IV G|Iron Head|p1a: Is but a bliss\n|-damage|p1a: Is but a bliss|72\/100 par\n|move|p1a: Is but a bliss|Calm Mind|p1a: Is but a bliss\n|-boost|p1a: Is but a bliss|spa|1\n|-boost|p1a: Is but a bliss|spd|1\n|\n|-heal|p1a: Is but a bliss|79\/100 par|[from] item: Leftovers\n|upkeep\n|turn|31\n|\n|t:|1699883066\n|move|p2a: PzKpfw IV G|Earthquake|p1a: Is but a bliss\n|-damage|p1a: Is but a bliss|61\/100 par\n|cant|p1a: Is but a bliss|par\n|\n|-heal|p1a: Is but a bliss|67\/100 par|[from] item: Leftovers\n|upkeep\n|turn|32\n|\n|t:|1699883076\n|move|p2a: PzKpfw IV G|Apple Acid|p1a: Is but a bliss\n|-damage|p1a: Is but a bliss|62\/100 par\n|-unboost|p1a: Is but a bliss|spd|1\n|cant|p1a: Is but a bliss|par\n|\n|-heal|p1a: Is but a bliss|69\/100 par|[from] item: Leftovers\n|upkeep\n|turn|33\n|\n|t:|1699883086\n|move|p2a: PzKpfw IV G|Apple Acid|p1a: Is but a bliss\n|-damage|p1a: Is but a bliss|64\/100 par\n|-unboost|p1a: Is but a bliss|spd|1\n|move|p1a: Is but a bliss|Shadow Ball|p2a: PzKpfw IV G\n|-damage|p2a: PzKpfw IV G|46\/100\n|-unboost|p2a: PzKpfw IV G|spd|1\n|\n|-heal|p1a: Is but a bliss|70\/100 par|[from] item: Leftovers\n|upkeep\n|turn|34\n|\n|t:|1699883097\n|move|p2a: PzKpfw IV G|Apple Acid|p1a: Is but a bliss\n|-damage|p1a: Is but a bliss|63\/100 par\n|-unboost|p1a: Is but a bliss|spd|1\n|cant|p1a: Is but a bliss|par\n|\n|-heal|p1a: Is but a bliss|70\/100 par|[from] item: Leftovers\n|upkeep\n|turn|35\n|\n|t:|1699883105\n|move|p2a: PzKpfw IV G|Apple Acid|p1a: Is but a bliss\n|-damage|p1a: Is but a bliss|63\/100 par\n|-unboost|p1a: Is but a bliss|spd|1\n|move|p1a: Is but a bliss|Shadow Ball|p2a: PzKpfw IV G\n|-damage|p2a: PzKpfw IV G|0 fnt\n|faint|p2a: PzKpfw IV G\n|\n|-heal|p1a: Is but a bliss|69\/100 par|[from] item: Leftovers\n|upkeep\n|\n|t:|1699883119\n|switch|p2a: PzKpfw VI Tiger H1|Heatran, F, tera:Fire|100\/100\n|turn|36\n|\n|t:|1699883131\n|move|p2a: PzKpfw VI Tiger H1|Magma Storm|p1a: Is but a bliss\n|-damage|p1a: Is but a bliss|53\/100 par\n|-activate|p1a: Is but a bliss|move: Magma Storm|[of] p2a: PzKpfw VI Tiger H1\n|move|p1a: Is but a bliss|Shadow Ball|p2a: PzKpfw VI Tiger H1\n|-damage|p2a: PzKpfw VI Tiger H1|53\/100\n|-unboost|p2a: PzKpfw VI Tiger H1|spd|1\n|\n|-heal|p1a: Is but a bliss|59\/100 par|[from] item: Leftovers\n|-damage|p1a: Is but a bliss|47\/100 par|[from] move: Magma Storm|[partiallytrapped]\n|upkeep\n|turn|37\n|\n|t:|1699883148\n|move|p2a: PzKpfw VI Tiger H1|Flamethrower|p1a: Is but a bliss\n|-damage|p1a: Is but a bliss|33\/100 par\n|cant|p1a: Is but a bliss|par\n|\n|-heal|p1a: Is but a bliss|39\/100 par|[from] item: Leftovers\n|-damage|p1a: Is but a bliss|26\/100 par|[from] move: Magma Storm|[partiallytrapped]\n|upkeep\n|turn|38\n|\n|t:|1699883158\n|move|p2a: PzKpfw VI Tiger H1|Flamethrower|p1a: Is but a bliss\n|-damage|p1a: Is but a bliss|12\/100 par\n|cant|p1a: Is but a bliss|par\n|\n|-heal|p1a: Is but a bliss|18\/100 par|[from] item: Leftovers\n|-damage|p1a: Is but a bliss|5\/100 par|[from] move: Magma Storm|[partiallytrapped]\n|upkeep\n|turn|39\n|\n|t:|1699883168\n|move|p2a: PzKpfw VI Tiger H1|Flamethrower|p1a: Is but a bliss\n|-damage|p1a: Is but a bliss|0 fnt\n|faint|p1a: Is but a bliss\n|\n|upkeep\n|\n|t:|1699883179\n|switch|p1a: I'm so back baby|Landorus-Therian, M|48\/100\n|-ability|p1a: I'm so back baby|Intimidate|boost\n|-unboost|p2a: PzKpfw VI Tiger H1|atk|1\n|turn|40\n|\n|t:|1699883185\n|move|p1a: I'm so back baby|Earthquake|p2a: PzKpfw VI Tiger H1\n|-supereffective|p2a: PzKpfw VI Tiger H1\n|-damage|p2a: PzKpfw VI Tiger H1|0 fnt\n|faint|p2a: PzKpfw VI Tiger H1\n|\n|-heal|p1a: I'm so back baby|54\/100|[from] item: Leftovers\n|upkeep\n|\n|t:|1699883191\n|switch|p2a: Fw 190 A-4|Zapdos|15\/100\n|turn|41\n|\n|t:|1699883196\n|move|p2a: Fw 190 A-4|Rain Dance|p2a: Fw 190 A-4\n|-weather|RainDance\n|move|p1a: I'm so back baby|U-turn|p2a: Fw 190 A-4\n|-resisted|p2a: Fw 190 A-4\n|-damage|p2a: Fw 190 A-4|2\/100\n|-status|p1a: I'm so back baby|par|[from] ability: Static|[of] p2a: Fw 190 A-4\n|\n|t:|1699883203\n|switch|p1a: Pronouns: Activate|Iron Valiant|100\/100|[from] U-turn\n|\n|-weather|RainDance|[upkeep]\n|upkeep\n|turn|42\n|\n|t:|1699883214\n|move|p1a: Pronouns: Activate|Close Combat|p2a: Fw 190 A-4\n|-resisted|p2a: Fw 190 A-4\n|-damage|p2a: Fw 190 A-4|0 fnt\n|-unboost|p1a: Pronouns: Activate|def|1\n|-unboost|p1a: Pronouns: Activate|spd|1\n|faint|p2a: Fw 190 A-4\n|-damage|p1a: Pronouns: Activate|91\/100|[from] item: Life Orb\n|\n|win|Power Panpour\n|raw|Power Panpour's rating: 1057 &rarr; <strong>1083<\/strong><br \/>(+26 for winning)\n|raw|mk334's rating: 1000 &rarr; <strong>1000<\/strong><br \/>(+0 for losing)\n|l|\u2606mk334\n","uploadtime":1699883229,"views":23,"p1id":"powerpanpour","p2id":"mk334","formatid":"gen9ou","rating":1000,"private":0,"password":""}