{"id":"gen9ou-1994155546","p1":"danihottt","p2":"OblivionSmurf","format":"[Gen 9] OU","log":"|j|\u2606danihottt\n|j|\u2606OblivionSmurf\n|t:|1700413321\n|gametype|singles\n|player|p1|danihottt|101|1214\n|player|p2|OblivionSmurf|colress|1148\n|teamsize|p1|6\n|teamsize|p2|6\n|gen|9\n|tier|[Gen 9] OU\n|rated|\n|rule|Sleep Clause Mod: Limit one foe put to sleep\n|rule|Species Clause: Limit one of each Pok\u00e9mon\n|rule|OHKO Clause: OHKO moves are banned\n|rule|Evasion Items Clause: Evasion items are banned\n|rule|Evasion Moves Clause: Evasion moves are banned\n|rule|Endless Battle Clause: Forcing endless battles is banned\n|rule|HP Percentage Mod: HP is shown in percentages\n|clearpoke\n|poke|p1|Blissey, F|\n|poke|p1|Ribombee, F|\n|poke|p1|Jirachi|\n|poke|p1|Grafaiai, F|\n|poke|p1|Zamazenta-*|\n|poke|p1|Gholdengo|\n|poke|p2|Pelipper, F|\n|poke|p2|Ludicolo, M|\n|poke|p2|Barraskewda, M|\n|poke|p2|Beartic, F|\n|poke|p2|Overqwil, M|\n|poke|p2|Landorus-Therian, M|\n|teampreview\n|inactive|Battle timer is ON: inactive players will automatically lose when time's up. (requested by danihottt)\n|\n|t:|1700413326\n|start\n|switch|p1a: Ribombee|Ribombee, F|100\/100\n|switch|p2a: Pelipper|Pelipper, F, shiny|100\/100\n|-weather|RainDance|[from] ability: Drizzle|[of] p2a: Pelipper\n|turn|1\n|\n|t:|1700413343\n|switch|p1a: Blissey|Blissey, F|100\/100\n|move|p2a: Pelipper|Hurricane|p1a: Blissey\n|-damage|p1a: Blissey|90\/100\n|-start|p1a: Blissey|confusion\n|\n|-weather|RainDance|[upkeep]\n|upkeep\n|turn|2\n|\n|t:|1700413348\n|move|p2a: Pelipper|U-turn|p1a: Blissey\n|-damage|p1a: Blissey|72\/100\n|\n|t:|1700413350\n|switch|p2a: Barraskewda|Barraskewda, M, shiny|100\/100|[from] U-turn\n|-activate|p1a: Blissey|confusion\n|-damage|p1a: Blissey|71\/100|[from] confusion\n|\n|-weather|RainDance|[upkeep]\n|upkeep\n|turn|3\n|c|\u2606danihottt|aww, so unlucky\n|\n|t:|1700413373\n|switch|p1a: Ribombee|Ribombee, F|100\/100\n|move|p2a: Barraskewda|Close Combat|p1a: Ribombee\n|-resisted|p1a: Ribombee\n|-damage|p1a: Ribombee|71\/100\n|-unboost|p2a: Barraskewda|def|1\n|-unboost|p2a: Barraskewda|spd|1\n|\n|-weather|RainDance|[upkeep]\n|upkeep\n|turn|4\n|\n|t:|1700413387\n|switch|p2a: Pelipper|Pelipper, F, shiny|100\/100\n|move|p1a: Ribombee|Stun Spore|p2a: Pelipper\n|-status|p2a: Pelipper|par\n|\n|-weather|RainDance|[upkeep]\n|upkeep\n|turn|5\n|\n|t:|1700413397\n|switch|p1a: Blissey|Blissey, F|71\/100\n|move|p2a: Pelipper|Hurricane|p1a: Blissey\n|-damage|p1a: Blissey|60\/100\n|\n|-weather|RainDance|[upkeep]\n|upkeep\n|turn|6\n|\n|t:|1700413403\n|switch|p2a: Barraskewda|Barraskewda, M, shiny|100\/100\n|move|p1a: Blissey|Trick|p2a: Barraskewda\n|-activate|p1a: Blissey|move: Trick|[of] p2a: Barraskewda\n|-item|p2a: Barraskewda|Lagging Tail|[from] move: Trick\n|-item|p1a: Blissey|Choice Band|[from] move: Trick\n|\n|-weather|RainDance|[upkeep]\n|upkeep\n|turn|7\n|\n|t:|1700413424\n|move|p1a: Blissey|Seismic Toss|p2a: Barraskewda\n|-damage|p2a: Barraskewda|63\/100\n|move|p2a: Barraskewda|Crunch|p1a: Blissey\n|-damage|p1a: Blissey|10\/100\n|\n|-weather|RainDance|[upkeep]\n|upkeep\n|turn|8\n|\n|t:|1700413451\n|switch|p1a: Ribombee|Ribombee, F|71\/100\n|move|p2a: Barraskewda|Crunch|p1a: Ribombee\n|-resisted|p1a: Ribombee\n|-damage|p1a: Ribombee|46\/100\n|\n|-weather|none\n|upkeep\n|turn|9\n|\n|t:|1700413463\n|switch|p2a: Pelipper|Pelipper, F, shiny|100\/100 par\n|-weather|RainDance|[from] ability: Drizzle|[of] p2a: Pelipper\n|move|p1a: Ribombee|Sticky Web|p2a: Pelipper\n|-sidestart|p2: OblivionSmurf|move: Sticky Web\n|\n|-weather|RainDance|[upkeep]\n|upkeep\n|turn|10\n|\n|t:|1700413479\n|switch|p2a: Overqwil|Overqwil, M, shiny|100\/100\n|-activate|p2a: Overqwil|move: Sticky Web\n|-unboost|p2a: Overqwil|spe|1\n|move|p1a: Ribombee|Quiver Dance|p1a: Ribombee\n|-boost|p1a: Ribombee|spa|1\n|-boost|p1a: Ribombee|spd|1\n|-boost|p1a: Ribombee|spe|1\n|\n|-weather|RainDance|[upkeep]\n|upkeep\n|turn|11\n|\n|t:|1700413490\n|move|p1a: Ribombee|Stun Spore|p2a: Overqwil\n|-status|p2a: Overqwil|par\n|move|p2a: Overqwil|Gunk Shot|p1a: Ribombee\n|-supereffective|p1a: Ribombee\n|-damage|p1a: Ribombee|0 fnt\n|faint|p1a: Ribombee\n|-damage|p2a: Overqwil|91\/100 par|[from] item: Life Orb\n|\n|-weather|RainDance|[upkeep]\n|upkeep\n|\n|t:|1700413500\n|switch|p1a: Blissey|Blissey, F|10\/100\n|turn|12\n|\n|t:|1700413506\n|move|p2a: Overqwil|Liquidation|p1a: Blissey\n|-damage|p1a: Blissey|0 fnt\n|faint|p1a: Blissey\n|-damage|p2a: Overqwil|81\/100 par|[from] item: Life Orb\n|\n|-weather|RainDance|[upkeep]\n|upkeep\n|\n|t:|1700413523\n|switch|p1a: Zamazenta|Zamazenta|100\/100\n|-ability|p1a: Zamazenta|Dauntless Shield|boost\n|-boost|p1a: Zamazenta|def|1\n|turn|13\n|\n|t:|1700413534\n|move|p1a: Zamazenta|Body Press|p2a: Overqwil\n|-damage|p2a: Overqwil|23\/100 par\n|cant|p2a: Overqwil|par\n|\n|-weather|RainDance|[upkeep]\n|upkeep\n|turn|14\n|\n|t:|1700413543\n|move|p1a: Zamazenta|Body Press|p2a: Overqwil\n|-damage|p2a: Overqwil|0 fnt\n|faint|p2a: Overqwil\n|\n|-weather|RainDance|[upkeep]\n|upkeep\n|\n|t:|1700413555\n|switch|p2a: Ludicolo|Ludicolo, M, shiny|100\/100\n|-activate|p2a: Ludicolo|move: Sticky Web\n|-unboost|p2a: Ludicolo|spe|1\n|turn|15\n|\n|t:|1700413574\n|move|p1a: Zamazenta|Body Press|p2a: Ludicolo\n|-damage|p2a: Ludicolo|45\/100\n|move|p2a: Ludicolo|Surf|p1a: Zamazenta\n|-damage|p1a: Zamazenta|69\/100\n|\n|-weather|RainDance|[upkeep]\n|-heal|p2a: Ludicolo|51\/100|[from] item: Leftovers\n|upkeep\n|turn|16\n|\n|t:|1700413583\n|move|p1a: Zamazenta|Body Press|p2a: Ludicolo\n|-damage|p2a: Ludicolo|0 fnt\n|faint|p2a: Ludicolo\n|\n|-weather|none\n|upkeep\n|\n|t:|1700413592\n|switch|p2a: Pelipper|Pelipper, F, shiny|100\/100 par\n|-weather|RainDance|[from] ability: Drizzle|[of] p2a: Pelipper\n|turn|17\n|\n|t:|1700413604\n|-terastallize|p1a: Zamazenta|Steel\n|move|p1a: Zamazenta|Psychic Fangs|p2a: Pelipper\n|-damage|p2a: Pelipper|72\/100 par\n|move|p2a: Pelipper|Hurricane|p1a: Zamazenta\n|-resisted|p1a: Zamazenta\n|-damage|p1a: Zamazenta|61\/100\n|-start|p1a: Zamazenta|confusion\n|\n|-weather|RainDance|[upkeep]\n|upkeep\n|turn|18\n|\n|t:|1700413620\n|switch|p2a: Landorus|Landorus-Therian, M, shiny|100\/100\n|-ability|p2a: Landorus|Intimidate|boost\n|-unboost|p1a: Zamazenta|atk|1\n|-activate|p1a: Zamazenta|confusion\n|-damage|p1a: Zamazenta|56\/100|[from] confusion\n|\n|-weather|RainDance|[upkeep]\n|upkeep\n|turn|19\n|c|\u2606danihottt|awww so unlucky\n|\n|t:|1700413637\n|switch|p1a: Gholdengo|Gholdengo|100\/100\n|-item|p1a: Gholdengo|Air Balloon\n|move|p2a: Landorus|Sandsear Storm|p1a: Gholdengo\n|-immune|p1a: Gholdengo\n|\n|-weather|RainDance|[upkeep]\n|upkeep\n|turn|20\n|\n|t:|1700413653\n|switch|p2a: Barraskewda|Barraskewda, M, shiny|63\/100\n|-activate|p2a: Barraskewda|move: Sticky Web\n|-unboost|p2a: Barraskewda|spe|1\n|move|p1a: Gholdengo|Nasty Plot|p1a: Gholdengo\n|-boost|p1a: Gholdengo|spa|2\n|\n|-weather|RainDance|[upkeep]\n|upkeep\n|turn|21\n|\n|t:|1700413660\n|move|p1a: Gholdengo|Dazzling Gleam|p2a: Barraskewda\n|-damage|p2a: Barraskewda|0 fnt\n|faint|p2a: Barraskewda\n|\n|-weather|RainDance|[upkeep]\n|upkeep\n|\n|t:|1700413663\n|switch|p2a: Beartic|Beartic, F, shiny|100\/100\n|-activate|p2a: Beartic|move: Sticky Web\n|-unboost|p2a: Beartic|spe|1\n|turn|22\n|\n|t:|1700413671\n|move|p2a: Beartic|Aqua Jet|p1a: Gholdengo\n|-damage|p1a: Gholdengo|78\/100\n|-enditem|p1a: Gholdengo|Air Balloon\n|move|p1a: Gholdengo|Flash Cannon|p2a: Beartic\n|-supereffective|p2a: Beartic\n|-damage|p2a: Beartic|0 fnt\n|faint|p2a: Beartic\n|\n|-weather|RainDance|[upkeep]\n|upkeep\n|\n|t:|1700413678\n|switch|p2a: Landorus|Landorus-Therian, M, shiny|100\/100\n|-ability|p2a: Landorus|Intimidate|boost\n|-unboost|p1a: Gholdengo|atk|1\n|turn|23\n|\n|t:|1700413692\n|move|p2a: Landorus|Sandsear Storm|p1a: Gholdengo\n|-supereffective|p1a: Gholdengo\n|-damage|p1a: Gholdengo|0 fnt\n|faint|p1a: Gholdengo\n|\n|-weather|RainDance|[upkeep]\n|upkeep\n|\n|t:|1700413710\n|switch|p1a: Grafaiai|Grafaiai, F|100\/100\n|turn|24\n|\n|t:|1700413714\n|move|p1a: Grafaiai|Parting Shot|p2a: Landorus\n|-unboost|p2a: Landorus|atk|1\n|-unboost|p2a: Landorus|spa|1\n|\n|t:|1700413718\n|switch|p1a: Jirachi|Jirachi|100\/100|[from] Parting Shot\n|move|p2a: Landorus|Sandsear Storm|p1a: Jirachi\n|-supereffective|p1a: Jirachi\n|-damage|p1a: Jirachi|41\/100\n|-status|p1a: Jirachi|brn\n|\n|-weather|none\n|-heal|p1a: Jirachi|47\/100 brn|[from] item: Leftovers\n|-damage|p1a: Jirachi|41\/100 brn|[from] brn\n|upkeep\n|turn|25\n|\n|t:|1700413732\n|switch|p2a: Pelipper|Pelipper, F, shiny|72\/100 par\n|-weather|RainDance|[from] ability: Drizzle|[of] p2a: Pelipper\n|switch|p1a: Grafaiai|Grafaiai, F|100\/100\n|\n|-weather|RainDance|[upkeep]\n|upkeep\n|turn|26\n|\n|t:|1700413743\n|move|p1a: Grafaiai|Knock Off|p2a: Pelipper\n|-damage|p2a: Pelipper|51\/100 par\n|-enditem|p2a: Pelipper|Damp Rock|[from] move: Knock Off|[of] p1a: Grafaiai\n|move|p2a: Pelipper|Surf|p1a: Grafaiai\n|-damage|p1a: Grafaiai|63\/100\n|\n|-weather|RainDance|[upkeep]\n|-heal|p1a: Grafaiai|69\/100|[from] item: Leftovers\n|upkeep\n|turn|27\n|\n|t:|1700413766\n|move|p1a: Grafaiai|Toxic||[still]\n|-fail|p1a: Grafaiai\n|move|p2a: Pelipper|U-turn|p1a: Grafaiai\n|-resisted|p1a: Grafaiai\n|-damage|p1a: Grafaiai|63\/100\n|\n|t:|1700413769\n|switch|p2a: Landorus|Landorus-Therian, M, shiny|100\/100|[from] U-turn\n|-ability|p2a: Landorus|Intimidate|boost\n|-unboost|p1a: Grafaiai|atk|1\n|\n|-weather|RainDance|[upkeep]\n|-heal|p1a: Grafaiai|69\/100|[from] item: Leftovers\n|upkeep\n|turn|28\n|\n|t:|1700413773\n|move|p1a: Grafaiai|Toxic|p2a: Landorus\n|-status|p2a: Landorus|tox\n|move|p2a: Landorus|Sandsear Storm|p1a: Grafaiai\n|-supereffective|p1a: Grafaiai\n|-damage|p1a: Grafaiai|0 fnt\n|faint|p1a: Grafaiai\n|\n|-weather|RainDance|[upkeep]\n|-damage|p2a: Landorus|94\/100 tox|[from] psn\n|upkeep\n|\n|t:|1700413779\n|switch|p1a: Zamazenta|Zamazenta, tera:Steel|56\/100\n|turn|29\n|\n|t:|1700413783\n|move|p1a: Zamazenta|Heavy Slam|p2a: Landorus\n|-damage|p2a: Landorus|48\/100 tox\n|move|p2a: Landorus|Sandsear Storm|p1a: Zamazenta\n|-supereffective|p1a: Zamazenta\n|-damage|p1a: Zamazenta|0 fnt\n|faint|p1a: Zamazenta\n|\n|-weather|RainDance|[upkeep]\n|-damage|p2a: Landorus|36\/100 tox|[from] psn\n|upkeep\n|\n|t:|1700413788\n|switch|p1a: Jirachi|Jirachi|41\/100 brn\n|turn|30\n|\n|t:|1700413791\n|move|p2a: Landorus|Sandsear Storm|p1a: Jirachi\n|-supereffective|p1a: Jirachi\n|-crit|p1a: Jirachi\n|-damage|p1a: Jirachi|0 fnt\n|faint|p1a: Jirachi\n|\n|win|OblivionSmurf\n|raw|danihottt's rating: 1214 &rarr; <strong>1184<\/strong><br \/>(-30 for losing)\n|raw|OblivionSmurf's rating: 1148 &rarr; <strong>1178<\/strong><br \/>(+30 for winning)\n|c|\u2606danihottt|g\n","uploadtime":1700413795,"views":7,"p1id":"danihottt","p2id":"oblivionsmurf","formatid":"gen9ou","rating":1178,"private":0,"password":""}