{"id":"gen9ou-1993648012","p1":"yomommasbf","p2":"cebollindnefer","format":"[Gen 9] OU","log":"|j|\u2606yomommasbf\n|j|\u2606cebollindnefer\n|inactive|Battle timer is ON: inactive players will automatically lose when time's up.\n|t:|1700341312\n|gametype|singles\n|player|p1|yomommasbf|battlegirl-gen4|\n|player|p2|cebollindnefer|shadowtriad|\n|teamsize|p1|6\n|teamsize|p2|6\n|gen|9\n|tier|[Gen 9] OU\n|rated|Tournament battle\n|rule|Sleep Clause Mod: Limit one foe put to sleep\n|rule|Species Clause: Limit one of each Pok\u00e9mon\n|rule|OHKO Clause: OHKO moves are banned\n|rule|Evasion Items Clause: Evasion items are banned\n|rule|Evasion Moves Clause: Evasion moves are banned\n|rule|Endless Battle Clause: Forcing endless battles is banned\n|rule|HP Percentage Mod: HP is shown in percentages\n|clearpoke\n|poke|p1|Iron Moth|\n|poke|p1|Ogerpon-Cornerstone, F|\n|poke|p1|Great Tusk|\n|poke|p1|Zoroark-Hisui, M|\n|poke|p1|Thundurus-Therian, M|\n|poke|p1|Ninetales-Alola, F|\n|poke|p2|Ribombee, M|\n|poke|p2|Gholdengo|\n|poke|p2|Enamorus, F|\n|poke|p2|Dragapult, F|\n|poke|p2|Iron Valiant|\n|poke|p2|Kingambit, M|\n|teampreview\n|j|*Lady Monita \u2746\n|\n|t:|1700341335\n|start\n|switch|p1a: RAHHH|Ogerpon-Cornerstone, F|100\/100\n|switch|p2a: Ribombee|Ribombee, M|100\/100\n|turn|1\n|j| nodogsaleystay\n|\n|t:|1700341348\n|move|p2a: Ribombee|Sticky Web|p1a: RAHHH\n|-sidestart|p1: yomommasbf|move: Sticky Web\n|move|p1a: RAHHH|Ivy Cudgel|p2a: Ribombee|[anim] Ivy Cudgel Rock\n|-supereffective|p2a: Ribombee\n|-enditem|p2a: Ribombee|Focus Sash\n|-damage|p2a: Ribombee|1\/100\n|\n|upkeep\n|turn|2\n|\n|t:|1700341359\n|move|p2a: Ribombee|Moonblast|p1a: RAHHH\n|-damage|p1a: RAHHH|52\/100\n|move|p1a: RAHHH|Swords Dance|p1a: RAHHH\n|-boost|p1a: RAHHH|atk|2\n|\n|upkeep\n|turn|3\n|\n|t:|1700341366\n|move|p2a: Ribombee|Moonblast|p1a: RAHHH\n|-damage|p1a: RAHHH|8\/100\n|move|p1a: RAHHH|Horn Leech|p2a: Ribombee\n|-resisted|p2a: Ribombee\n|-damage|p2a: Ribombee|0 fnt\n|-heal|p1a: RAHHH|9\/100|[from] drain|[of] p2a: Ribombee\n|faint|p2a: Ribombee\n|\n|upkeep\n|inactive|cebollindnefer has 120 seconds left.\n|\n|t:|1700341402\n|switch|p2a: Dragapult|Dragapult, F|100\/100\n|turn|4\n|\n|t:|1700341407\n|move|p2a: Dragapult|Dragon Darts|p1a: RAHHH\n|-damage|p1a: RAHHH|0 fnt\n|faint|p1a: RAHHH\n|\n|upkeep\n|\n|t:|1700341414\n|switch|p1a: Great Tusk|Great Tusk|100\/100\n|-activate|p1a: Great Tusk|move: Sticky Web\n|-unboost|p1a: Great Tusk|spe|1\n|turn|5\n|\n|t:|1700341420\n|move|p2a: Dragapult|Substitute|p2a: Dragapult\n|-start|p2a: Dragapult|Substitute\n|-damage|p2a: Dragapult|76\/100\n|move|p1a: Great Tusk|Knock Off|p2a: Dragapult\n|-supereffective|p2a: Dragapult\n|-end|p2a: Dragapult|Substitute\n|\n|-heal|p2a: Dragapult|82\/100|[from] item: Leftovers\n|upkeep\n|turn|6\n|\n|t:|1700341429\n|switch|p2a: Iron Valiant|Iron Valiant|100\/100\n|-enditem|p2a: Iron Valiant|Booster Energy\n|-activate|p2a: Iron Valiant|ability: Quark Drive|[fromitem]\n|-start|p2a: Iron Valiant|quarkdrivespe\n|move|p1a: Great Tusk|Knock Off|p2a: Iron Valiant\n|-resisted|p2a: Iron Valiant\n|-damage|p2a: Iron Valiant|95\/100\n|\n|upkeep\n|turn|7\n|\n|t:|1700341443\n|move|p2a: Iron Valiant|Encore|p1a: Great Tusk\n|-start|p1a: Great Tusk|Encore\n|move|p1a: Great Tusk|Knock Off|p2a: Iron Valiant\n|-resisted|p2a: Iron Valiant\n|-damage|p2a: Iron Valiant|89\/100\n|\n|upkeep\n|turn|8\n|\n|t:|1700341450\n|-end|p1a: Great Tusk|Protosynthesis|[silent]\n|switch|p1a: Zeus|Thundurus-Therian, M, shiny|100\/100\n|move|p2a: Iron Valiant|Swords Dance|p2a: Iron Valiant\n|-boost|p2a: Iron Valiant|atk|2\n|\n|upkeep\n|turn|9\n|\n|t:|1700341460\n|move|p2a: Iron Valiant|Knock Off|p1a: Zeus\n|-damage|p1a: Zeus|1\/100\n|-enditem|p1a: Zeus|Heavy-Duty Boots|[from] move: Knock Off|[of] p2a: Iron Valiant\n|move|p1a: Zeus|Discharge|p2a: Iron Valiant\n|-damage|p2a: Iron Valiant|8\/100\n|\n|upkeep\n|turn|10\n|\n|t:|1700341486\n|move|p2a: Iron Valiant|Knock Off|p1a: Zeus\n|-damage|p1a: Zeus|0 fnt\n|faint|p1a: Zeus\n|\n|upkeep\n|\n|t:|1700341502\n|switch|p1a: Great Tusk|Great Tusk|100\/100\n|-activate|p1a: Great Tusk|move: Sticky Web\n|-unboost|p1a: Great Tusk|spe|1\n|turn|11\n|\n|t:|1700341513\n|move|p2a: Iron Valiant|Close Combat|p1a: Great Tusk\n|-damage|p1a: Great Tusk|23\/100\n|-unboost|p2a: Iron Valiant|def|1\n|-unboost|p2a: Iron Valiant|spd|1\n|move|p1a: Great Tusk|Rapid Spin|p2a: Iron Valiant\n|-damage|p2a: Iron Valiant|0 fnt\n|-boost|p1a: Great Tusk|spe|1\n|-sideend|p1: yomommasbf|Sticky Web|[from] move: Rapid Spin|[of] p1a: Great Tusk\n|faint|p2a: Iron Valiant\n|-end|p2a: Iron Valiant|Quark Drive|[silent]\n|\n|upkeep\n|\n|t:|1700341521\n|switch|p2a: Dragapult|Dragapult, F|82\/100\n|turn|12\n|\n|t:|1700341528\n|move|p2a: Dragapult|Dragon Darts|p1a: Great Tusk\n|-damage|p1a: Great Tusk|5\/100\n|-anim|p2a: Dragapult|Dragon Darts|p1a: Great Tusk\n|-damage|p1a: Great Tusk|0 fnt\n|faint|p1a: Great Tusk\n|-end|p1a: Great Tusk|Protosynthesis|[silent]\n|\n|-heal|p2a: Dragapult|88\/100|[from] item: Leftovers\n|upkeep\n|\n|t:|1700341537\n|switch|p1a: snowy|Ninetales-Alola, F, shiny|100\/100\n|-weather|Snow|[from] ability: Snow Warning|[of] p1a: snowy\n|turn|13\n|\n|t:|1700341545\n|switch|p2a: Gholdengo|Gholdengo|100\/100\n|move|p1a: snowy|Encore|p2a: Gholdengo\n|-immune|p2a: Gholdengo|[from] ability: Good as Gold\n|\n|-weather|Snow|[upkeep]\n|upkeep\n|turn|14\n|\n|t:|1700341560\n|move|p2a: Gholdengo|Trick|p1a: snowy\n|-activate|p2a: Gholdengo|move: Trick|[of] p1a: snowy\n|-item|p1a: snowy|Choice Scarf|[from] move: Trick\n|-item|p2a: Gholdengo|Light Clay|[from] move: Trick\n|move|p1a: snowy|Aurora Veil|p1a: snowy\n|-sidestart|p1: yomommasbf|move: Aurora Veil\n|\n|-weather|Snow|[upkeep]\n|upkeep\n|turn|15\n|\n|t:|1700341580\n|switch|p1a: za speed|Iron Moth, shiny|100\/100\n|-enditem|p1a: za speed|Booster Energy\n|-activate|p1a: za speed|ability: Quark Drive|[fromitem]\n|-start|p1a: za speed|quarkdrivespe\n|switch|p2a: Dragapult|Dragapult, F|88\/100\n|\n|-weather|Snow|[upkeep]\n|-heal|p2a: Dragapult|94\/100|[from] item: Leftovers\n|upkeep\n|turn|16\n|\n|t:|1700341592\n|move|p1a: za speed|Fiery Dance|p2a: Dragapult\n|-resisted|p2a: Dragapult\n|-damage|p2a: Dragapult|65\/100\n|move|p2a: Dragapult|Substitute|p2a: Dragapult\n|-start|p2a: Dragapult|Substitute\n|-damage|p2a: Dragapult|40\/100\n|\n|-weather|Snow|[upkeep]\n|-heal|p2a: Dragapult|46\/100|[from] item: Leftovers\n|upkeep\n|turn|17\n|\n|t:|1700341601\n|move|p1a: za speed|Dazzling Gleam|p2a: Dragapult\n|-supereffective|p2a: Dragapult\n|-end|p2a: Dragapult|Substitute\n|move|p2a: Dragapult|Dragon Dance|p2a: Dragapult\n|-boost|p2a: Dragapult|atk|1\n|-boost|p2a: Dragapult|spe|1\n|\n|-weather|none\n|-heal|p2a: Dragapult|52\/100|[from] item: Leftovers\n|upkeep\n|turn|18\n|\n|t:|1700341611\n|move|p2a: Dragapult|Dragon Darts|p1a: za speed\n|-damage|p1a: za speed|38\/100\n|-anim|p2a: Dragapult|Dragon Darts|p1a: za speed\n|-damage|p1a: za speed|0 fnt\n|faint|p1a: za speed\n|-end|p1a: za speed|Quark Drive|[silent]\n|\n|-heal|p2a: Dragapult|58\/100|[from] item: Leftovers\n|-sideend|p1: yomommasbf|move: Aurora Veil\n|upkeep\n|\n|t:|1700341625\n|switch|p1a: snowy|Ninetales-Alola, F, shiny|100\/100\n|-weather|Snow|[from] ability: Snow Warning|[of] p1a: snowy\n|turn|19\n|\n|t:|1700341631\n|move|p2a: Dragapult|Phantom Force||[still]\n|-prepare|p2a: Dragapult|Phantom Force\n|move|p1a: snowy|Moonblast|p2a: Dragapult|[miss]\n|-miss|p1a: snowy|p2a: Dragapult\n|\n|-weather|Snow|[upkeep]\n|-heal|p2a: Dragapult|64\/100|[from] item: Leftovers\n|upkeep\n|turn|20\n|\n|t:|1700341639\n|switch|p1a: snowy|Ninetales-Alola, F, shiny|100\/100\n|move|p2a: Dragapult|Phantom Force|p1a: snowy|[from]lockedmove\n|-immune|p1a: snowy\n|\n|-weather|Snow|[upkeep]\n|-heal|p2a: Dragapult|70\/100|[from] item: Leftovers\n|upkeep\n|turn|21\n|\n|t:|1700341650\n|-terastallize|p1a: snowy|Fairy\n|move|p2a: Dragapult|Dragon Darts|p1a: snowy\n|-immune|p1a: snowy\n|move|p1a: snowy|Bitter Malice|p2a: Dragapult\n|-supereffective|p2a: Dragapult\n|-damage|p2a: Dragapult|0 fnt\n|faint|p2a: Dragapult\n|-damage|p1a: snowy|91\/100|[from] item: Life Orb\n|\n|-weather|Snow|[upkeep]\n|upkeep\n|\n|t:|1700341655\n|switch|p2a: Gholdengo|Gholdengo|100\/100\n|turn|22\n|\n|t:|1700341665\n|move|p1a: snowy|Bitter Malice|p2a: Gholdengo\n|-supereffective|p2a: Gholdengo\n|-damage|p2a: Gholdengo|0 fnt\n|faint|p2a: Gholdengo\n|-damage|p1a: snowy|81\/100|[from] item: Life Orb\n|\n|-weather|Snow|[upkeep]\n|upkeep\n|\n|t:|1700341670\n|switch|p2a: Kingambit|Kingambit, M|100\/100\n|-activate|p2a: Kingambit|ability: Supreme Overlord\n|-start|p2a: Kingambit|fallen4|[silent]\n|turn|23\n|\n|t:|1700341676\n|-terastallize|p2a: Kingambit|Fairy\n|move|p1a: snowy|Flamethrower|p2a: Kingambit\n|-damage|p2a: Kingambit|64\/100\n|-damage|p1a: snowy|71\/100|[from] item: Life Orb\n|move|p2a: Kingambit|Iron Head|p1a: snowy\n|-supereffective|p1a: snowy\n|-damage|p1a: snowy|0 fnt\n|replace|p1a: lmao|Zoroark-Hisui, M, shiny\n|-end|p1a: lmao|Illusion\n|faint|p1a: lmao\n|\n|-weather|none\n|-heal|p2a: Kingambit|70\/100|[from] item: Leftovers\n|upkeep\n|\n|t:|1700341688\n|switch|p1a: snowy|Ninetales-Alola, F, shiny|100\/100\n|-weather|Snow|[from] ability: Snow Warning|[of] p1a: snowy\n|turn|24\n|\n|t:|1700341705\n|move|p2a: Kingambit|Sucker Punch|p1a: snowy\n|-resisted|p1a: snowy\n|-damage|p1a: snowy|78\/100\n|move|p1a: snowy|Moonblast|p2a: Kingambit\n|-damage|p2a: Kingambit|44\/100\n|\n|-weather|Snow|[upkeep]\n|-heal|p2a: Kingambit|50\/100|[from] item: Leftovers\n|upkeep\n|turn|25\n|\n|t:|1700341713\n|move|p1a: snowy|Moonblast|p2a: Kingambit\n|-damage|p2a: Kingambit|25\/100\n|move|p2a: Kingambit|Iron Head|p1a: snowy\n|-supereffective|p1a: snowy\n|-damage|p1a: snowy|0 fnt\n|faint|p1a: snowy\n|\n|win|cebollindnefer\n|n|\u2606yomommasbf|yomommasbf\n|n|\u2606cebollindnefer|cebollindnefer\n|n|*Lady Monita \u2746|ladymonita\n|n| nodogsaleystay|nodogsaleystay\n|l|*Lady Monita \u2746\n","uploadtime":1700341717,"views":8,"p1id":"yomommasbf","p2id":"cebollindnefer","formatid":"gen9ou","rating":0,"private":0,"password":""}