{"id":"gen9ou-1988767939","p1":"ShowdownSaga","p2":"xiezhouqun","format":"[Gen 9] OU","log":"|j|\u2606ShowdownSaga\n|j|\u2606xiezhouqun\n|t:|1699760584\n|gametype|singles\n|player|p1|ShowdownSaga|volo|1168\n|player|p2|xiezhouqun|fisherman-gen4|1173\n|teamsize|p1|6\n|teamsize|p2|6\n|gen|9\n|tier|[Gen 9] OU\n|rated|\n|rule|Sleep Clause Mod: Limit one foe put to sleep\n|rule|Species Clause: Limit one of each Pok\u00e9mon\n|rule|OHKO Clause: OHKO moves are banned\n|rule|Evasion Items Clause: Evasion items are banned\n|rule|Evasion Moves Clause: Evasion moves are banned\n|rule|Endless Battle Clause: Forcing endless battles is banned\n|rule|HP Percentage Mod: HP is shown in percentages\n|clearpoke\n|poke|p1|Ogerpon-Cornerstone, F|\n|poke|p1|Skeledirge, F|\n|poke|p1|Toedscruel, F|\n|poke|p1|Kommo-o, F|\n|poke|p1|Great Tusk|\n|poke|p1|Okidogi, M|\n|poke|p2|Clodsire, F|\n|poke|p2|Ninetales-Alola, F|\n|poke|p2|Cloyster, F|\n|poke|p2|Gholdengo|\n|poke|p2|Breloom, M|\n|poke|p2|Hydreigon, F|\n|teampreview\n|inactive|Battle timer is ON: inactive players will automatically lose when time's up. (requested by ShowdownSaga)\n|\n|t:|1699760588\n|start\n|switch|p1a: \ud83e\udd2d\u2b06\ufe0f\ud83e\udd3d\u200d\u2640\ufe0f\ud83d\ude36\ud83e\udd18\ud83d\udc19\ud83e\udd91|Toedscruel, F, shiny|100\/100\n|switch|p2a: Breloom|Breloom, M|100\/100\n|turn|1\n|\n|t:|1699760599\n|move|p2a: Breloom|Swords Dance|p2a: Breloom\n|-boost|p2a: Breloom|atk|2\n|move|p1a: \ud83e\udd2d\u2b06\ufe0f\ud83e\udd3d\u200d\u2640\ufe0f\ud83d\ude36\ud83e\udd18\ud83d\udc19\ud83e\udd91|Spikes|p2a: Breloom\n|-sidestart|p2: xiezhouqun|Spikes\n|\n|upkeep\n|turn|2\n|\n|t:|1699760608\n|move|p2a: Breloom|Bullet Seed|p1a: \ud83e\udd2d\u2b06\ufe0f\ud83e\udd3d\u200d\u2640\ufe0f\ud83d\ude36\ud83e\udd18\ud83d\udc19\ud83e\udd91\n|-damage|p1a: \ud83e\udd2d\u2b06\ufe0f\ud83e\udd3d\u200d\u2640\ufe0f\ud83d\ude36\ud83e\udd18\ud83d\udc19\ud83e\udd91|46\/100\n|-damage|p1a: \ud83e\udd2d\u2b06\ufe0f\ud83e\udd3d\u200d\u2640\ufe0f\ud83d\ude36\ud83e\udd18\ud83d\udc19\ud83e\udd91|0 fnt\n|faint|p1a: \ud83e\udd2d\u2b06\ufe0f\ud83e\udd3d\u200d\u2640\ufe0f\ud83d\ude36\ud83e\udd18\ud83d\udc19\ud83e\udd91\n|-hitcount|p1: \ud83e\udd2d\u2b06\ufe0f\ud83e\udd3d\u200d\u2640\ufe0f\ud83d\ude36\ud83e\udd18\ud83d\udc19\ud83e\udd91|2\n|\n|upkeep\n|\n|t:|1699760613\n|switch|p1a: Ubers Threat|Skeledirge, F, shiny|100\/100\n|turn|3\n|\n|t:|1699760619\n|move|p2a: Breloom|Spore|p1a: Ubers Threat\n|-status|p1a: Ubers Threat|slp|[from] move: Spore\n|cant|p1a: Ubers Threat|slp\n|\n|upkeep\n|turn|4\n|\n|t:|1699760631\n|switch|p2a: Hydreigon|Hydreigon, F|100\/100\n|cant|p1a: Ubers Threat|slp\n|\n|upkeep\n|turn|5\n|\n|t:|1699760643\n|switch|p1a: Grrrific|Okidogi, M|100\/100\n|move|p2a: Hydreigon|Substitute|p2a: Hydreigon\n|-start|p2a: Hydreigon|Substitute\n|-damage|p2a: Hydreigon|76\/100\n|\n|-heal|p2a: Hydreigon|82\/100|[from] item: Leftovers\n|upkeep\n|turn|6\n|\n|t:|1699760653\n|move|p2a: Hydreigon|Flash Cannon|p1a: Grrrific\n|-damage|p1a: Grrrific|74\/100\n|move|p1a: Grrrific|Knock Off|p2a: Hydreigon\n|-resisted|p2a: Hydreigon\n|-activate|p2a: Hydreigon|move: Substitute|[damage]\n|\n|-heal|p2a: Hydreigon|88\/100|[from] item: Leftovers\n|-heal|p1a: Grrrific|80\/100|[from] item: Leftovers\n|upkeep\n|turn|7\n|\n|t:|1699760664\n|move|p2a: Hydreigon|Nasty Plot|p2a: Hydreigon\n|-boost|p2a: Hydreigon|spa|2\n|move|p1a: Grrrific|Drain Punch|p2a: Hydreigon\n|-supereffective|p2a: Hydreigon\n|-crit|p2a: Hydreigon\n|-end|p2a: Hydreigon|Substitute\n|-heal|p1a: Grrrific|82\/100|[from] drain|[of] p2a: Hydreigon\n|\n|-heal|p2a: Hydreigon|94\/100|[from] item: Leftovers\n|-heal|p1a: Grrrific|88\/100|[from] item: Leftovers\n|upkeep\n|turn|8\n|\n|t:|1699760677\n|move|p2a: Hydreigon|Substitute|p2a: Hydreigon\n|-start|p2a: Hydreigon|Substitute\n|-damage|p2a: Hydreigon|69\/100\n|move|p1a: Grrrific|Drain Punch|p2a: Hydreigon\n|-supereffective|p2a: Hydreigon\n|-end|p2a: Hydreigon|Substitute\n|-heal|p1a: Grrrific|99\/100|[from] drain|[of] p2a: Hydreigon\n|\n|-heal|p2a: Hydreigon|75\/100|[from] item: Leftovers\n|-heal|p1a: Grrrific|100\/100|[from] item: Leftovers\n|upkeep\n|turn|9\n|\n|t:|1699760693\n|switch|p2a: Ninetales|Ninetales-Alola, F|100\/100\n|-damage|p2a: Ninetales|88\/100|[from] Spikes\n|-weather|Snow|[from] ability: Snow Warning|[of] p2a: Ninetales\n|move|p1a: Grrrific|Drain Punch|p2a: Ninetales\n|-damage|p2a: Ninetales|53\/100\n|\n|-weather|Snow|[upkeep]\n|upkeep\n|turn|10\n|\n|t:|1699760707\n|move|p2a: Ninetales|Aurora Veil|p2a: Ninetales\n|-sidestart|p2: xiezhouqun|move: Aurora Veil\n|move|p1a: Grrrific|Poison Jab|p2a: Ninetales\n|-supereffective|p2a: Ninetales\n|-damage|p2a: Ninetales|13\/100\n|-status|p2a: Ninetales|tox|[from] ability: Toxic Chain|[of] p1a: Grrrific\n|\n|-weather|Snow|[upkeep]\n|-damage|p2a: Ninetales|7\/100 tox|[from] psn\n|upkeep\n|turn|11\n|\n|t:|1699760716\n|move|p2a: Ninetales|Hypnosis|p1a: Grrrific|[miss]\n|-miss|p2a: Ninetales|p1a: Grrrific\n|move|p1a: Grrrific|Bulk Up|p1a: Grrrific\n|-boost|p1a: Grrrific|atk|1\n|-boost|p1a: Grrrific|def|1\n|\n|-weather|Snow|[upkeep]\n|-damage|p2a: Ninetales|0 fnt|[from] psn\n|faint|p2a: Ninetales\n|upkeep\n|\n|t:|1699760723\n|switch|p2a: Cloyster|Cloyster, F|100\/100\n|-damage|p2a: Cloyster|88\/100|[from] Spikes\n|turn|12\n|\n|t:|1699760731\n|move|p2a: Cloyster|Shell Smash|p2a: Cloyster\n|-unboost|p2a: Cloyster|def|1\n|-unboost|p2a: Cloyster|spd|1\n|-boost|p2a: Cloyster|atk|2\n|-boost|p2a: Cloyster|spa|2\n|-boost|p2a: Cloyster|spe|2\n|move|p1a: Grrrific|Drain Punch|p2a: Cloyster\n|-supereffective|p2a: Cloyster\n|-damage|p2a: Cloyster|36\/100\n|\n|-weather|Snow|[upkeep]\n|upkeep\n|turn|13\n|\n|t:|1699760747\n|-terastallize|p2a: Cloyster|Ice\n|move|p2a: Cloyster|Icicle Spear|p1a: Grrrific\n|-damage|p1a: Grrrific|82\/100\n|-damage|p1a: Grrrific|64\/100\n|-damage|p1a: Grrrific|47\/100\n|-damage|p1a: Grrrific|28\/100\n|-damage|p1a: Grrrific|11\/100\n|-hitcount|p1a: Grrrific|5\n|move|p1a: Grrrific|Drain Punch|p2a: Cloyster\n|-supereffective|p2a: Cloyster\n|-damage|p2a: Cloyster|0 fnt\n|-heal|p1a: Grrrific|22\/100|[from] drain|[of] p2a: Cloyster\n|faint|p2a: Cloyster\n|\n|-weather|none\n|-heal|p1a: Grrrific|28\/100|[from] item: Leftovers\n|upkeep\n|inactive|xiezhouqun has 120 seconds left.\n|\n|t:|1699760769\n|switch|p2a: Gholdengo|Gholdengo|100\/100\n|-damage|p2a: Gholdengo|88\/100|[from] Spikes\n|turn|14\n|\n|t:|1699760775\n|move|p2a: Gholdengo|Shadow Ball|p1a: Grrrific\n|-damage|p1a: Grrrific|0 fnt\n|faint|p1a: Grrrific\n|\n|-heal|p2a: Gholdengo|94\/100|[from] item: Leftovers\n|upkeep\n|\n|t:|1699760786\n|switch|p1a: dog|Great Tusk, shiny|100\/100\n|turn|15\n|\n|t:|1699760796\n|move|p1a: dog|Earthquake|p2a: Gholdengo\n|-supereffective|p2a: Gholdengo\n|-damage|p2a: Gholdengo|66\/100\n|move|p2a: Gholdengo|Shadow Ball|p1a: dog\n|-damage|p1a: dog|71\/100\n|\n|-heal|p2a: Gholdengo|72\/100|[from] item: Leftovers\n|upkeep\n|turn|16\n|\n|t:|1699760807\n|move|p1a: dog|Earthquake|p2a: Gholdengo\n|-supereffective|p2a: Gholdengo\n|-damage|p2a: Gholdengo|40\/100\n|move|p2a: Gholdengo|Shadow Ball|p1a: dog\n|-damage|p1a: dog|40\/100\n|\n|-heal|p2a: Gholdengo|46\/100|[from] item: Leftovers\n|upkeep\n|turn|17\n|\n|t:|1699760817\n|move|p1a: dog|Earthquake|p2a: Gholdengo\n|-supereffective|p2a: Gholdengo\n|-damage|p2a: Gholdengo|19\/100\n|move|p2a: Gholdengo|Shadow Ball|p1a: dog\n|-damage|p1a: dog|11\/100\n|-unboost|p1a: dog|spd|1\n|\n|-heal|p2a: Gholdengo|25\/100|[from] item: Leftovers\n|-sideend|p2: xiezhouqun|move: Aurora Veil\n|upkeep\n|turn|18\n|\n|t:|1699760828\n|switch|p2a: Breloom|Breloom, M|100\/100\n|-damage|p2a: Breloom|88\/100|[from] Spikes\n|move|p1a: dog|Earthquake|p2a: Breloom\n|-resisted|p2a: Breloom\n|-damage|p2a: Breloom|56\/100\n|\n|upkeep\n|turn|19\n|\n|t:|1699760838\n|move|p2a: Breloom|Mach Punch|p1a: dog\n|-damage|p1a: dog|0 fnt\n|faint|p1a: dog\n|-end|p1a: dog|Protosynthesis|[silent]\n|\n|upkeep\n|\n|t:|1699760845\n|switch|p1a: JoJo's|Kommo-o, F, shiny|100\/100\n|turn|20\n|\n|t:|1699760858\n|move|p1a: JoJo's|Clanging Scales|p2a: Breloom\n|-damage|p2a: Breloom|0 fnt\n|faint|p2a: Breloom\n|-unboost|p1a: JoJo's|def|1\n|-enditem|p1a: JoJo's|Throat Spray\n|-boost|p1a: JoJo's|spa|1|[from] item: Throat Spray\n|\n|upkeep\n|\n|t:|1699760879\n|switch|p2a: Gholdengo|Gholdengo|25\/100\n|-damage|p2a: Gholdengo|13\/100|[from] Spikes\n|turn|21\n|\n|t:|1699760894\n|move|p1a: JoJo's|Clangorous Soul|p1a: JoJo's\n|-boost|p1a: JoJo's|atk|1\n|-boost|p1a: JoJo's|def|1\n|-boost|p1a: JoJo's|spa|1\n|-boost|p1a: JoJo's|spd|1\n|-boost|p1a: JoJo's|spe|1\n|-damage|p1a: JoJo's|68\/100\n|move|p2a: Gholdengo|Recover|p2a: Gholdengo\n|-heal|p2a: Gholdengo|63\/100\n|\n|-heal|p2a: Gholdengo|69\/100|[from] item: Leftovers\n|upkeep\n|turn|22\n|\n|t:|1699760906\n|switch|p2a: Clodsire|Clodsire, F|100\/100\n|-damage|p2a: Clodsire|88\/100|[from] Spikes\n|move|p1a: JoJo's|Clanging Scales|p2a: Clodsire\n|-damage|p2a: Clodsire|60\/100\n|-unboost|p1a: JoJo's|def|1\n|\n|-heal|p2a: Clodsire|66\/100|[from] item: Leftovers\n|upkeep\n|turn|23\n|\n|t:|1699760918\n|move|p1a: JoJo's|Clanging Scales|p2a: Clodsire\n|-damage|p2a: Clodsire|43\/100\n|-unboost|p1a: JoJo's|def|1\n|move|p2a: Clodsire|Stealth Rock|p1a: JoJo's\n|-sidestart|p1: ShowdownSaga|move: Stealth Rock\n|\n|-heal|p2a: Clodsire|49\/100|[from] item: Leftovers\n|upkeep\n|turn|24\n|\n|t:|1699760929\n|move|p1a: JoJo's|Clanging Scales|p2a: Clodsire\n|-damage|p2a: Clodsire|25\/100\n|-unboost|p1a: JoJo's|def|1\n|move|p2a: Clodsire|Recover|p2a: Clodsire\n|-heal|p2a: Clodsire|75\/100\n|\n|-heal|p2a: Clodsire|82\/100|[from] item: Leftovers\n|upkeep\n|turn|25\n|\n|t:|1699760939\n|switch|p1a: Ubers Threat|Skeledirge, F, shiny|100\/100 slp\n|-damage|p1a: Ubers Threat|75\/100 slp|[from] Stealth Rock\n|move|p2a: Clodsire|Recover|p2a: Clodsire\n|-heal|p2a: Clodsire|100\/100\n|\n|-heal|p1a: Ubers Threat|82\/100 slp|[from] item: Leftovers\n|upkeep\n|turn|26\n|\n|t:|1699760948\n|cant|p1a: Ubers Threat|slp\n|move|p2a: Clodsire|Earth Power|p1a: Ubers Threat\n|-supereffective|p1a: Ubers Threat\n|-damage|p1a: Ubers Threat|58\/100 slp\n|\n|-heal|p1a: Ubers Threat|64\/100 slp|[from] item: Leftovers\n|upkeep\n|turn|27\n|\n|t:|1699760957\n|switch|p2a: Hydreigon|Hydreigon, F|75\/100\n|-curestatus|p1a: Ubers Threat|slp|[msg]\n|move|p1a: Ubers Threat|Yawn|p2a: Hydreigon\n|-start|p2a: Hydreigon|move: Yawn|[of] p1a: Ubers Threat\n|\n|-heal|p2a: Hydreigon|81\/100|[from] item: Leftovers\n|-heal|p1a: Ubers Threat|70\/100|[from] item: Leftovers\n|upkeep\n|turn|28\n|\n|t:|1699760976\n|switch|p2a: Gholdengo|Gholdengo|69\/100\n|-damage|p2a: Gholdengo|56\/100|[from] Spikes\n|move|p1a: Ubers Threat|Torch Song|p2a: Gholdengo\n|-supereffective|p2a: Gholdengo\n|-damage|p2a: Gholdengo|0 fnt\n|-boost|p1a: Ubers Threat|spa|1\n|faint|p2a: Gholdengo\n|\n|-heal|p1a: Ubers Threat|76\/100|[from] item: Leftovers\n|upkeep\n|\n|t:|1699760988\n|switch|p2a: Hydreigon|Hydreigon, F|81\/100\n|turn|29\n|\n|t:|1699760994\n|move|p2a: Hydreigon|Substitute|p2a: Hydreigon\n|-start|p2a: Hydreigon|Substitute\n|-damage|p2a: Hydreigon|57\/100\n|move|p1a: Ubers Threat|Torch Song|p2a: Hydreigon\n|-resisted|p2a: Hydreigon\n|-damage|p2a: Hydreigon|31\/100\n|-boost|p1a: Ubers Threat|spa|1\n|\n|-heal|p2a: Hydreigon|37\/100|[from] item: Leftovers\n|-heal|p1a: Ubers Threat|83\/100|[from] item: Leftovers\n|upkeep\n|turn|30\n|\n|t:|1699761008\n|move|p2a: Hydreigon|Dark Pulse|p1a: Ubers Threat\n|-supereffective|p1a: Ubers Threat\n|-damage|p1a: Ubers Threat|28\/100\n|move|p1a: Ubers Threat|Torch Song|p2a: Hydreigon\n|-resisted|p2a: Hydreigon\n|-damage|p2a: Hydreigon|1\/100\n|-boost|p1a: Ubers Threat|spa|1\n|\n|-heal|p2a: Hydreigon|7\/100|[from] item: Leftovers\n|-heal|p1a: Ubers Threat|34\/100|[from] item: Leftovers\n|upkeep\n|turn|31\n|\n|t:|1699761026\n|move|p2a: Hydreigon|Dark Pulse|p1a: Ubers Threat\n|-supereffective|p1a: Ubers Threat\n|-damage|p1a: Ubers Threat|0 fnt\n|faint|p1a: Ubers Threat\n|\n|-heal|p2a: Hydreigon|13\/100|[from] item: Leftovers\n|upkeep\n|\n|t:|1699761029\n|switch|p1a: JoJo's|Kommo-o, F, shiny|68\/100\n|-damage|p1a: JoJo's|61\/100|[from] Stealth Rock\n|turn|32\n|\n|t:|1699761042\n|-terastallize|p1a: JoJo's|Steel\n|move|p2a: Hydreigon|Dark Pulse|p1a: JoJo's\n|-damage|p1a: JoJo's|16\/100\n|move|p1a: JoJo's|Clanging Scales|p2a: Hydreigon\n|-supereffective|p2a: Hydreigon\n|-crit|p2a: Hydreigon\n|-damage|p2a: Hydreigon|0 fnt\n|faint|p2a: Hydreigon\n|-unboost|p1a: JoJo's|def|1\n|\n|upkeep\n|c|\u2606ShowdownSaga|Ggs\n|\n|t:|1699761054\n|switch|p2a: Clodsire|Clodsire, F|100\/100\n|-damage|p2a: Clodsire|88\/100|[from] Spikes\n|turn|33\n|\n|t:|1699761064\n|move|p1a: JoJo's|Clanging Scales|p2a: Clodsire\n|-damage|p2a: Clodsire|63\/100\n|-unboost|p1a: JoJo's|def|1\n|move|p2a: Clodsire|Earth Power|p1a: JoJo's\n|-supereffective|p1a: JoJo's\n|-damage|p1a: JoJo's|0 fnt\n|faint|p1a: JoJo's\n|\n|-heal|p2a: Clodsire|69\/100|[from] item: Leftovers\n|upkeep\n|\n|t:|1699761067\n|switch|p1a: \ud83d\uddff\ud83d\uddff\ud83d\uddff\ud83d\uddff|Ogerpon-Cornerstone, F|100\/100\n|-damage|p1a: \ud83d\uddff\ud83d\uddff\ud83d\uddff\ud83d\uddff|88\/100|[from] Stealth Rock\n|turn|34\n|\n|t:|1699761082\n|move|p1a: \ud83d\uddff\ud83d\uddff\ud83d\uddff\ud83d\uddff|Horn Leech|p2a: Clodsire\n|-damage|p2a: Clodsire|22\/100\n|-heal|p1a: \ud83d\uddff\ud83d\uddff\ud83d\uddff\ud83d\uddff|100\/100|[from] drain|[of] p2a: Clodsire\n|move|p2a: Clodsire|Chilling Water|p1a: \ud83d\uddff\ud83d\uddff\ud83d\uddff\ud83d\uddff\n|-damage|p1a: \ud83d\uddff\ud83d\uddff\ud83d\uddff\ud83d\uddff|93\/100\n|-unboost|p1a: \ud83d\uddff\ud83d\uddff\ud83d\uddff\ud83d\uddff|atk|1\n|\n|-heal|p2a: Clodsire|29\/100|[from] item: Leftovers\n|upkeep\n|turn|35\n|inactive|ShowdownSaga has 120 seconds left.\n|\n|t:|1699761121\n|move|p1a: \ud83d\uddff\ud83d\uddff\ud83d\uddff\ud83d\uddff|Horn Leech|p2a: Clodsire\n|-damage|p2a: Clodsire|0 fnt\n|-heal|p1a: \ud83d\uddff\ud83d\uddff\ud83d\uddff\ud83d\uddff|100\/100|[from] drain|[of] p2a: Clodsire\n|faint|p2a: Clodsire\n|\n|win|ShowdownSaga\n|raw|ShowdownSaga's rating: 1168 &rarr; <strong>1193<\/strong><br \/>(+25 for winning)\n|raw|xiezhouqun's rating: 1173 &rarr; <strong>1148<\/strong><br \/>(-25 for losing)\n|l|\u2606xiezhouqun\n","uploadtime":1699761130,"views":24,"p1id":"showdownsaga","p2id":"xiezhouqun","formatid":"gen9ou","rating":1148,"private":0,"password":""}