{"id":"gen9ou-1989738037","p1":"Dragonitefight","p2":"Purple Aithen","format":"[Gen 9] OU","log":"|j|\u2606Dragonitefight\n|j|\u2606Purple Aithen\n|t:|1699891508\n|gametype|singles\n|player|p1|Dragonitefight|1|1119\n|player|p2|Purple Aithen|102|1164\n|teamsize|p1|6\n|teamsize|p2|6\n|gen|9\n|tier|[Gen 9] OU\n|rated|\n|rule|Sleep Clause Mod: Limit one foe put to sleep\n|rule|Species Clause: Limit one of each Pok\u00e9mon\n|rule|OHKO Clause: OHKO moves are banned\n|rule|Evasion Items Clause: Evasion items are banned\n|rule|Evasion Moves Clause: Evasion moves are banned\n|rule|Endless Battle Clause: Forcing endless battles is banned\n|rule|HP Percentage Mod: HP is shown in percentages\n|clearpoke\n|poke|p1|Arcanine-Hisui, F|\n|poke|p1|Dragonite, F|\n|poke|p1|Zapdos|\n|poke|p1|Yanmega, F|\n|poke|p1|Gengar, M|\n|poke|p1|Toedscruel, M|\n|poke|p2|Corviknight, F|\n|poke|p2|Conkeldurr, M|\n|poke|p2|Sinistcha-Masterpiece|\n|poke|p2|Ogerpon, F|\n|poke|p2|Tyranitar, F|\n|poke|p2|Kommo-o, F|\n|teampreview\n|\n|t:|1699891520\n|start\n|switch|p1a: Gengar|Gengar, M|100\/100\n|switch|p2a: Tyranitar|Tyranitar, F|100\/100\n|-weather|Sandstorm|[from] ability: Sand Stream|[of] p2a: Tyranitar\n|turn|1\n|\n|t:|1699891522\n|move|p1a: Gengar|Trick|p2a: Tyranitar\n|-activate|p1a: Gengar|move: Trick|[of] p2a: Tyranitar\n|-item|p2a: Tyranitar|Choice Specs|[from] move: Trick\n|-item|p1a: Gengar|Assault Vest|[from] move: Trick\n|move|p2a: Tyranitar|Knock Off|p1a: Gengar\n|-supereffective|p1a: Gengar\n|-crit|p1a: Gengar\n|-damage|p1a: Gengar|0 fnt\n|-enditem|p1a: Gengar|Assault Vest|[from] move: Knock Off|[of] p2a: Tyranitar\n|faint|p1a: Gengar\n|\n|-weather|Sandstorm|[upkeep]\n|upkeep\n|\n|t:|1699891531\n|switch|p1a: Toedscruel|Toedscruel, M|100\/100\n|turn|2\n|\n|t:|1699891534\n|move|p1a: Toedscruel|Earth Power|p2a: Tyranitar\n|-supereffective|p2a: Tyranitar\n|-damage|p2a: Tyranitar|75\/100\n|move|p2a: Tyranitar|Knock Off|p1a: Toedscruel\n|-damage|p1a: Toedscruel|30\/100\n|-enditem|p1a: Toedscruel|Assault Vest|[from] move: Knock Off|[of] p2a: Tyranitar\n|\n|-weather|Sandstorm|[upkeep]\n|upkeep\n|turn|3\n|\n|t:|1699891538\n|move|p1a: Toedscruel|Leaf Storm|p2a: Tyranitar\n|-supereffective|p2a: Tyranitar\n|-damage|p2a: Tyranitar|35\/100\n|-unboost|p1a: Toedscruel|spa|2\n|move|p2a: Tyranitar|Knock Off|p1a: Toedscruel\n|-damage|p1a: Toedscruel|0 fnt\n|faint|p1a: Toedscruel\n|\n|-weather|Sandstorm|[upkeep]\n|upkeep\n|\n|t:|1699891542\n|switch|p1a: Yanmega|Yanmega, F|100\/100\n|turn|4\n|\n|t:|1699891545\n|move|p1a: Yanmega|Bug Buzz|p2a: Tyranitar\n|-supereffective|p2a: Tyranitar\n|-damage|p2a: Tyranitar|0 fnt\n|faint|p2a: Tyranitar\n|\n|-weather|Sandstorm|[upkeep]\n|-damage|p1a: Yanmega|94\/100|[from] Sandstorm\n|upkeep\n|\n|t:|1699891550\n|switch|p2a: Kommo-o|Kommo-o, F|100\/100\n|turn|5\n|\n|t:|1699891557\n|switch|p1a: Zapdos|Zapdos|100\/100\n|move|p2a: Kommo-o|Clangorous Soul|p2a: Kommo-o\n|-boost|p2a: Kommo-o|atk|1\n|-boost|p2a: Kommo-o|def|1\n|-boost|p2a: Kommo-o|spa|1\n|-boost|p2a: Kommo-o|spd|1\n|-boost|p2a: Kommo-o|spe|1\n|-damage|p2a: Kommo-o|68\/100\n|-enditem|p2a: Kommo-o|Throat Spray\n|-boost|p2a: Kommo-o|spa|1|[from] item: Throat Spray\n|\n|-weather|none\n|upkeep\n|turn|6\n|\n|t:|1699891559\n|-terastallize|p2a: Kommo-o|Dragon\n|move|p2a: Kommo-o|Clanging Scales|p1a: Zapdos\n|-damage|p1a: Zapdos|0 fnt\n|faint|p1a: Zapdos\n|-unboost|p2a: Kommo-o|def|1\n|\n|upkeep\n|\n|t:|1699891566\n|switch|p1a: Arcanine|Arcanine-Hisui, F|100\/100\n|turn|7\n|c|\u2606Dragonitefight|Gooo\n|c|\u2606Dragonitefight|fuck me this is low tier trash\n|\n|t:|1699891597\n|-terastallize|p1a: Arcanine|Normal\n|move|p1a: Arcanine|Extreme Speed|p2a: Kommo-o\n|-damage|p2a: Kommo-o|11\/100\n|move|p2a: Kommo-o|Clanging Scales|p1a: Arcanine\n|-damage|p1a: Arcanine|0 fnt\n|faint|p1a: Arcanine\n|-unboost|p2a: Kommo-o|def|1\n|\n|upkeep\n|\n|t:|1699891605\n|switch|p1a: Dragonite|Dragonite, F|100\/100\n|turn|8\n|c|\u2606Purple Aithen|what u talking about man\n|\n|t:|1699891608\n|move|p2a: Kommo-o|Clanging Scales|p1a: Dragonite\n|-supereffective|p1a: Dragonite\n|-damage|p1a: Dragonite|0 fnt\n|faint|p1a: Dragonite\n|-unboost|p2a: Kommo-o|def|1\n|\n|upkeep\n|-message|Dragonitefight forfeited.\n|\n|win|Purple Aithen\n|raw|Dragonitefight's rating: 1150 &rarr; <strong>1126<\/strong><br \/>(-24 for losing)\n|raw|Purple Aithen's rating: 1164 &rarr; <strong>1188<\/strong><br \/>(+24 for winning)\n|l|\u2606Dragonitefight\n","uploadtime":1699891594,"views":10,"p1id":"dragonitefight","p2id":"purpleaithen","formatid":"gen9ou","rating":1126,"private":0,"password":""}