{"id":"gen9ou-1993274252","p1":"did it done","p2":"Zixerneas","format":"[Gen 9] OU","log":"|j|\u2606did it done\n|j|\u2606Zixerneas\n|t:|1700288297\n|gametype|singles\n|player|p1|did it done|will-gen2|1429\n|player|p2|Zixerneas|az|1409\n|teamsize|p1|6\n|teamsize|p2|6\n|gen|9\n|tier|[Gen 9] OU\n|rated|\n|rule|Sleep Clause Mod: Limit one foe put to sleep\n|rule|Species Clause: Limit one of each Pok\u00e9mon\n|rule|OHKO Clause: OHKO moves are banned\n|rule|Evasion Items Clause: Evasion items are banned\n|rule|Evasion Moves Clause: Evasion moves are banned\n|rule|Endless Battle Clause: Forcing endless battles is banned\n|rule|HP Percentage Mod: HP is shown in percentages\n|clearpoke\n|poke|p1|Garchomp, M|\n|poke|p1|Corviknight, M|\n|poke|p1|Ninetales-Alola, F|\n|poke|p1|Tyranitar, M|\n|poke|p1|Ceruledge, M|\n|poke|p1|Iron Valiant|\n|poke|p2|Rillaboom, F|\n|poke|p2|Sneasler, M|\n|poke|p2|Gholdengo|\n|poke|p2|Cinderace, F|\n|poke|p2|Kingambit, F|\n|poke|p2|Hatterene, F|\n|teampreview\n|inactive|Battle timer is ON: inactive players will automatically lose when time's up. (requested by Zixerneas)\n|j| BobbyTheFool\n|\n|t:|1700288317\n|start\n|switch|p1a: Corviknight|Corviknight, M, shiny|100\/100\n|switch|p2a: Gholdengo|Gholdengo|100\/100\n|-ability|p1a: Corviknight|Pressure\n|turn|1\n|\n|t:|1700288321\n|move|p2a: Gholdengo|Trick|p1a: Corviknight\n|-activate|p2a: Gholdengo|move: Trick|[of] p1a: Corviknight\n|-item|p1a: Corviknight|Choice Scarf|[from] move: Trick\n|-item|p2a: Gholdengo|Rocky Helmet|[from] move: Trick\n|move|p1a: Corviknight|U-turn|p2a: Gholdengo\n|-resisted|p2a: Gholdengo\n|-damage|p2a: Gholdengo|96\/100\n|-damage|p1a: Corviknight|84\/100|[from] item: Rocky Helmet|[of] p2a: Gholdengo\n|\n|t:|1700288325\n|switch|p1a: Garchomp|Garchomp, M, shiny|100\/100|[from] U-turn\n|\n|upkeep\n|turn|2\n|\n|t:|1700288329\n|switch|p2a: Rillaboom|Rillaboom, F|100\/100\n|-fieldstart|move: Grassy Terrain|[from] ability: Grassy Surge|[of] p2a: Rillaboom\n|move|p1a: Garchomp|Scale Shot|p2a: Rillaboom\n|-damage|p2a: Rillaboom|86\/100\n|-damage|p2a: Rillaboom|71\/100\n|-damage|p2a: Rillaboom|56\/100\n|-damage|p2a: Rillaboom|42\/100\n|-hitcount|p2a: Rillaboom|4\n|-unboost|p1a: Garchomp|def|1\n|-boost|p1a: Garchomp|spe|1\n|\n|-heal|p2a: Rillaboom|48\/100|[from] Grassy Terrain\n|-heal|p2a: Rillaboom|54\/100|[from] item: Leftovers\n|upkeep\n|turn|3\n|\n|t:|1700288353\n|move|p2a: Rillaboom|Grassy Glide|p1a: Garchomp\n|-damage|p1a: Garchomp|39\/100\n|-damage|p2a: Rillaboom|42\/100|[from] ability: Rough Skin|[of] p1a: Garchomp\n|move|p1a: Garchomp|Scale Shot|p2a: Rillaboom\n|-damage|p2a: Rillaboom|29\/100\n|-damage|p2a: Rillaboom|14\/100\n|-damage|p2a: Rillaboom|0 fnt\n|faint|p2a: Rillaboom\n|-hitcount|p2: Rillaboom|3\n|-unboost|p1a: Garchomp|def|1\n|-boost|p1a: Garchomp|spe|1\n|\n|-heal|p1a: Garchomp|45\/100|[from] Grassy Terrain\n|upkeep\n|\n|t:|1700288360\n|switch|p2a: Sneasler|Sneasler, M|100\/100\n|-enditem|p2a: Sneasler|Grassy Seed\n|-boost|p2a: Sneasler|def|1|[from] item: Grassy Seed\n|turn|4\n|inactive|did it done has 120 seconds left.\n|\n|t:|1700288416\n|switch|p1a: Corviknight|Corviknight, M, shiny|84\/100\n|-ability|p1a: Corviknight|Pressure\n|move|p2a: Sneasler|Acrobatics|p1a: Corviknight\n|-resisted|p1a: Corviknight\n|-damage|p1a: Corviknight|72\/100\n|\n|upkeep\n|turn|5\n|\n|t:|1700288435\n|move|p2a: Sneasler|Swords Dance|p2a: Sneasler\n|-boost|p2a: Sneasler|atk|2\n|move|p1a: Corviknight|Brave Bird|p2a: Sneasler\n|-supereffective|p2a: Sneasler\n|-damage|p2a: Sneasler|14\/100\n|-damage|p1a: Corviknight|51\/100|[from] Recoil\n|\n|-heal|p2a: Sneasler|20\/100|[from] Grassy Terrain\n|upkeep\n|turn|6\n|\n|t:|1700288448\n|switch|p1a: Ceruledge|Ceruledge, M, shiny|100\/100\n|move|p2a: Sneasler|Close Combat|p1a: Ceruledge\n|-immune|p1a: Ceruledge\n|\n|-heal|p2a: Sneasler|26\/100|[from] Grassy Terrain\n|-fieldend|move: Grassy Terrain\n|upkeep\n|turn|7\n|\n|t:|1700288459\n|switch|p1a: Corviknight|Corviknight, M, shiny|51\/100\n|-ability|p1a: Corviknight|Pressure\n|move|p2a: Sneasler|Dire Claw|p1a: Corviknight\n|-immune|p1a: Corviknight\n|\n|upkeep\n|turn|8\n|\n|t:|1700288467\n|move|p2a: Sneasler|Close Combat|p1a: Corviknight\n|-damage|p1a: Corviknight|0 fnt\n|-unboost|p2a: Sneasler|def|1\n|-unboost|p2a: Sneasler|spd|1\n|faint|p1a: Corviknight\n|\n|upkeep\n|\n|t:|1700288469\n|switch|p1a: Ceruledge|Ceruledge, M, shiny|100\/100\n|turn|9\n|c|\u2606did it done|stupid grass seed\n|\n|t:|1700288484\n|move|p1a: Ceruledge|Shadow Sneak|p2a: Sneasler\n|-damage|p2a: Sneasler|0 fnt\n|faint|p2a: Sneasler\n|\n|upkeep\n|\n|t:|1700288496\n|switch|p2a: Cinderace|Cinderace, F|100\/100\n|turn|10\n|inactive|did it done has 120 seconds left.\n|\n|t:|1700288517\n|move|p2a: Cinderace|Pyro Ball|p1a: Ceruledge\n|-start|p1a: Ceruledge|ability: Flash Fire\n|move|p1a: Ceruledge|Bulk Up|p1a: Ceruledge\n|-boost|p1a: Ceruledge|atk|1\n|-boost|p1a: Ceruledge|def|1\n|\n|upkeep\n|turn|11\n|-message|Zixerneas forfeited.\n|\n|win|did it done\n|raw|did it done's rating: 1429 &rarr; <strong>1448<\/strong><br \/>(+19 for winning)\n|raw|Zixerneas's rating: 1409 &rarr; <strong>1390<\/strong><br \/>(-19 for losing)\n|l|\u2606Zixerneas\n","uploadtime":1700288529,"views":28,"p1id":"diditdone","p2id":"zixerneas","formatid":"gen9ou","rating":1390,"private":0,"password":""}