{"id":"gen9ou-1991542187","p1":"Dr Hkelg","p2":"Wo-Chielupa Deluxe","format":"[Gen 9] OU","log":"|j|\u2606Dr Hkelg\n|j|\u2606Wo-Chielupa Deluxe\n|t:|1700086609\n|gametype|singles\n|player|p1|Dr Hkelg|scientist-gen4|1322\n|player|p2|Wo-Chielupa Deluxe|ingo|1426\n|teamsize|p1|6\n|teamsize|p2|6\n|gen|9\n|tier|[Gen 9] OU\n|rated|\n|rule|Sleep Clause Mod: Limit one foe put to sleep\n|rule|Species Clause: Limit one of each Pok\u00e9mon\n|rule|OHKO Clause: OHKO moves are banned\n|rule|Evasion Items Clause: Evasion items are banned\n|rule|Evasion Moves Clause: Evasion moves are banned\n|rule|Endless Battle Clause: Forcing endless battles is banned\n|rule|HP Percentage Mod: HP is shown in percentages\n|clearpoke\n|poke|p1|Garganacl, F|\n|poke|p1|Dondozo, M|\n|poke|p1|Blissey, F|\n|poke|p1|Muk-Alola, M|\n|poke|p1|Moltres|\n|poke|p1|Cinderace, F|\n|poke|p2|Torkoal, F|\n|poke|p2|Walking Wake|\n|poke|p2|Sneasler, F|\n|poke|p2|Rillaboom, M|\n|poke|p2|Great Tusk|\n|poke|p2|Tornadus-Therian, M|\n|teampreview\n|inactive|Battle timer is ON: inactive players will automatically lose when time's up. (requested by Dr Hkelg)\n|\n|t:|1700086632\n|start\n|switch|p1a: Muk|Muk-Alola, M, shiny|100\/100\n|switch|p2a: Tornadus|Tornadus-Therian, M|100\/100\n|turn|1\n|\n|t:|1700086651\n|move|p2a: Tornadus|Knock Off|p1a: Muk\n|-resisted|p1a: Muk\n|-damage|p1a: Muk|90\/100\n|-enditem|p1a: Muk|Assault Vest|[from] move: Knock Off|[of] p2a: Tornadus\n|move|p1a: Muk|Knock Off|p2a: Tornadus\n|-damage|p2a: Tornadus|49\/100\n|-enditem|p2a: Tornadus|Heavy-Duty Boots|[from] move: Knock Off|[of] p1a: Muk\n|\n|upkeep\n|turn|2\n|\n|t:|1700086659\n|move|p2a: Tornadus|U-turn|p1a: Muk\n|-damage|p1a: Muk|77\/100\n|\n|t:|1700086666\n|switch|p2a: Torkoal|Torkoal, F|100\/100|[from] U-turn\n|-weather|SunnyDay|[from] ability: Drought|[of] p2a: Torkoal\n|move|p1a: Muk|Ice Punch|p2a: Torkoal\n|-resisted|p2a: Torkoal\n|-damage|p2a: Torkoal|94\/100\n|-status|p2a: Torkoal|psn|[from] ability: Poison Touch|[of] p1a: Muk\n|\n|-weather|SunnyDay|[upkeep]\n|-damage|p2a: Torkoal|82\/100 psn|[from] psn\n|upkeep\n|turn|3\n|\n|t:|1700086670\n|move|p1a: Muk|Knock Off|p2a: Torkoal\n|-crit|p2a: Torkoal\n|-damage|p2a: Torkoal|42\/100 psn\n|-enditem|p2a: Torkoal|Heat Rock|[from] move: Knock Off|[of] p1a: Muk\n|move|p2a: Torkoal|Stealth Rock|p1a: Muk\n|-sidestart|p1: Dr Hkelg|move: Stealth Rock\n|\n|-weather|SunnyDay|[upkeep]\n|-damage|p2a: Torkoal|30\/100 psn|[from] psn\n|upkeep\n|turn|4\n|\n|t:|1700086678\n|move|p1a: Muk|Drain Punch|p2a: Torkoal\n|-damage|p2a: Torkoal|17\/100 psn\n|-heal|p1a: Muk|82\/100|[from] drain|[of] p2a: Torkoal\n|move|p2a: Torkoal|Yawn|p1a: Muk\n|-start|p1a: Muk|move: Yawn|[of] p2a: Torkoal\n|\n|-weather|SunnyDay|[upkeep]\n|-damage|p2a: Torkoal|5\/100 psn|[from] psn\n|upkeep\n|turn|5\n|\n|t:|1700086690\n|switch|p1a: Cinderace|Cinderace, F|100\/100\n|move|p2a: Torkoal|Lava Plume|p1a: Cinderace\n|-resisted|p1a: Cinderace\n|-crit|p1a: Cinderace\n|-damage|p1a: Cinderace|64\/100\n|\n|-weather|SunnyDay|[upkeep]\n|-damage|p2a: Torkoal|0 fnt|[from] psn\n|faint|p2a: Torkoal\n|upkeep\n|\n|t:|1700086710\n|switch|p2a: Walking Wake|Walking Wake|100\/100\n|-activate|p2a: Walking Wake|ability: Protosynthesis\n|-start|p2a: Walking Wake|protosynthesisspe\n|turn|6\n|\n|t:|1700086715\n|move|p2a: Walking Wake|Hydro Steam|p1a: Cinderace\n|-supereffective|p1a: Cinderace\n|-damage|p1a: Cinderace|0 fnt\n|faint|p1a: Cinderace\n|\n|-weather|SunnyDay|[upkeep]\n|upkeep\n|\n|t:|1700086724\n|switch|p1a: Blissey|Blissey, F|100\/100\n|turn|7\n|\n|t:|1700086728\n|-end|p2a: Walking Wake|Protosynthesis|[silent]\n|switch|p2a: Tornadus|Tornadus-Therian, M|83\/100\n|move|p1a: Blissey|Ice Beam|p2a: Tornadus\n|-supereffective|p2a: Tornadus\n|-damage|p2a: Tornadus|24\/100\n|\n|-weather|SunnyDay|[upkeep]\n|upkeep\n|turn|8\n|\n|t:|1700086735\n|move|p2a: Tornadus|Knock Off|p1a: Blissey\n|-damage|p1a: Blissey|77\/100\n|-enditem|p1a: Blissey|Heavy-Duty Boots|[from] move: Knock Off|[of] p2a: Tornadus\n|move|p1a: Blissey|Ice Beam|p2a: Tornadus\n|-supereffective|p2a: Tornadus\n|-damage|p2a: Tornadus|0 fnt\n|faint|p2a: Tornadus\n|\n|-weather|SunnyDay|[upkeep]\n|upkeep\n|\n|t:|1700086740\n|switch|p2a: Rillaboom|Rillaboom, M|100\/100\n|-fieldstart|move: Grassy Terrain|[from] ability: Grassy Surge|[of] p2a: Rillaboom\n|turn|9\n|\n|t:|1700086744\n|switch|p1a: Moltres|Moltres|100\/100\n|move|p2a: Rillaboom|U-turn|p1a: Moltres\n|-resisted|p1a: Moltres\n|-damage|p1a: Moltres|93\/100\n|-status|p2a: Rillaboom|brn|[from] ability: Flame Body|[of] p1a: Moltres\n|\n|t:|1700086748\n|switch|p2a: Walking Wake|Walking Wake|100\/100|[from] U-turn\n|-activate|p2a: Walking Wake|ability: Protosynthesis\n|-start|p2a: Walking Wake|protosynthesisspe\n|\n|-weather|none\n|-end|p2a: Walking Wake|Protosynthesis\n|upkeep\n|turn|10\n|\n|t:|1700086762\n|switch|p1a: Blissey|Blissey, F|77\/100\n|-damage|p1a: Blissey|65\/100|[from] Stealth Rock\n|move|p2a: Walking Wake|Hydro Steam|p1a: Blissey\n|-damage|p1a: Blissey|41\/100\n|\n|-heal|p1a: Blissey|48\/100|[from] Grassy Terrain\n|upkeep\n|turn|11\n|\n|t:|1700086770\n|-end|p2a: Walking Wake|Protosynthesis|[silent]\n|switch|p2a: Rillaboom|Rillaboom, M|100\/100 brn\n|move|p1a: Blissey|Ice Beam|p2a: Rillaboom\n|-supereffective|p2a: Rillaboom\n|-damage|p2a: Rillaboom|40\/100 brn\n|\n|-heal|p2a: Rillaboom|46\/100 brn|[from] Grassy Terrain\n|-heal|p1a: Blissey|54\/100|[from] Grassy Terrain\n|-damage|p2a: Rillaboom|40\/100 brn|[from] brn\n|upkeep\n|turn|12\n|\n|t:|1700086778\n|switch|p1a: Moltres|Moltres|93\/100\n|move|p2a: Rillaboom|U-turn|p1a: Moltres\n|-resisted|p1a: Moltres\n|-damage|p1a: Moltres|89\/100\n|\n|t:|1700086784\n|switch|p2a: Walking Wake|Walking Wake|100\/100|[from] U-turn\n|\n|upkeep\n|turn|13\n|\n|t:|1700086788\n|-end|p2a: Walking Wake|Protosynthesis|[silent]\n|switch|p2a: Rillaboom|Rillaboom, M|40\/100 brn\n|switch|p1a: Muk|Muk-Alola, M, shiny|82\/100\n|-damage|p1a: Muk|70\/100|[from] Stealth Rock\n|\n|-heal|p2a: Rillaboom|46\/100 brn|[from] Grassy Terrain\n|-heal|p1a: Muk|76\/100|[from] Grassy Terrain\n|-damage|p2a: Rillaboom|40\/100 brn|[from] brn\n|-fieldend|move: Grassy Terrain\n|upkeep\n|turn|14\n|\n|t:|1700086796\n|switch|p2a: Great Tusk|Great Tusk|100\/100\n|move|p1a: Muk|Knock Off|p2a: Great Tusk\n|-resisted|p2a: Great Tusk\n|-damage|p2a: Great Tusk|88\/100\n|-enditem|p2a: Great Tusk|Heavy-Duty Boots|[from] move: Knock Off|[of] p1a: Muk\n|\n|upkeep\n|turn|15\n|\n|t:|1700086804\n|switch|p1a: Moltres|Moltres|89\/100\n|move|p2a: Great Tusk|Close Combat|p1a: Moltres\n|-resisted|p1a: Moltres\n|-damage|p1a: Moltres|64\/100\n|-unboost|p2a: Great Tusk|def|1\n|-unboost|p2a: Great Tusk|spd|1\n|-status|p2a: Great Tusk|brn|[from] ability: Flame Body|[of] p1a: Moltres\n|\n|-damage|p2a: Great Tusk|81\/100 brn|[from] brn\n|upkeep\n|turn|16\n|\n|t:|1700086811\n|move|p2a: Great Tusk|Knock Off|p1a: Moltres\n|-damage|p1a: Moltres|51\/100\n|-enditem|p1a: Moltres|Heavy-Duty Boots|[from] move: Knock Off|[of] p2a: Great Tusk\n|move|p1a: Moltres|Roost|p1a: Moltres\n|-heal|p1a: Moltres|100\/100\n|-singleturn|p1a: Moltres|move: Roost\n|\n|-damage|p2a: Great Tusk|75\/100 brn|[from] brn\n|upkeep\n|turn|17\n|\n|t:|1700086815\n|move|p2a: Great Tusk|Headlong Rush|p1a: Moltres\n|-immune|p1a: Moltres\n|move|p1a: Moltres|Hurricane|p2a: Great Tusk\n|-supereffective|p2a: Great Tusk\n|-damage|p2a: Great Tusk|0 fnt\n|faint|p2a: Great Tusk\n|-end|p2a: Great Tusk|Protosynthesis|[silent]\n|\n|upkeep\n|\n|t:|1700086818\n|switch|p2a: Rillaboom|Rillaboom, M|40\/100 brn\n|-fieldstart|move: Grassy Terrain|[from] ability: Grassy Surge|[of] p2a: Rillaboom\n|turn|18\n|\n|t:|1700086823\n|switch|p2a: Walking Wake|Walking Wake|100\/100\n|move|p1a: Moltres|Hurricane|p2a: Walking Wake\n|-damage|p2a: Walking Wake|46\/100\n|-start|p2a: Walking Wake|confusion\n|\n|-heal|p2a: Walking Wake|52\/100|[from] Grassy Terrain\n|upkeep\n|turn|19\n|\n|t:|1700086831\n|-terastallize|p1a: Moltres|Steel\n|-activate|p2a: Walking Wake|confusion\n|move|p2a: Walking Wake|Hydro Steam|p1a: Moltres\n|-damage|p1a: Moltres|49\/100\n|move|p1a: Moltres|Hurricane|p2a: Walking Wake\n|-damage|p2a: Walking Wake|3\/100\n|\n|-heal|p2a: Walking Wake|9\/100|[from] Grassy Terrain\n|-heal|p1a: Moltres|55\/100|[from] Grassy Terrain\n|upkeep\n|turn|20\n|\n|t:|1700086841\n|-activate|p2a: Walking Wake|confusion\n|move|p2a: Walking Wake|Hydro Steam|p1a: Moltres\n|-damage|p1a: Moltres|4\/100\n|move|p1a: Moltres|Roost|p1a: Moltres\n|-heal|p1a: Moltres|54\/100\n|\n|-heal|p2a: Walking Wake|15\/100|[from] Grassy Terrain\n|-heal|p1a: Moltres|60\/100|[from] Grassy Terrain\n|upkeep\n|turn|21\n|\n|t:|1700086851\n|-activate|p2a: Walking Wake|confusion\n|move|p2a: Walking Wake|Hydro Steam|p1a: Moltres\n|-crit|p1a: Moltres\n|-damage|p1a: Moltres|0 fnt\n|faint|p1a: Moltres\n|\n|-heal|p2a: Walking Wake|22\/100|[from] Grassy Terrain\n|upkeep\n|\n|t:|1700086861\n|switch|p1a: Muk|Muk-Alola, M, shiny|76\/100\n|-damage|p1a: Muk|63\/100|[from] Stealth Rock\n|turn|22\n|\n|t:|1700086865\n|-end|p2a: Walking Wake|Protosynthesis|[silent]\n|switch|p2a: Sneasler|Sneasler, F|100\/100\n|-enditem|p2a: Sneasler|Grassy Seed\n|-boost|p2a: Sneasler|def|1|[from] item: Grassy Seed\n|move|p1a: Muk|Knock Off|p2a: Sneasler\n|-resisted|p2a: Sneasler\n|-damage|p2a: Sneasler|89\/100\n|\n|-heal|p2a: Sneasler|95\/100|[from] Grassy Terrain\n|-heal|p1a: Muk|70\/100|[from] Grassy Terrain\n|-fieldend|move: Grassy Terrain\n|upkeep\n|turn|23\n|\n|t:|1700086873\n|switch|p1a: Dondozo|Dondozo, M|100\/100\n|move|p2a: Sneasler|Swords Dance|p2a: Sneasler\n|-boost|p2a: Sneasler|atk|2\n|\n|upkeep\n|turn|24\n|\n|t:|1700086877\n|move|p2a: Sneasler|Dire Claw|p1a: Dondozo\n|-damage|p1a: Dondozo|79\/100\n|-status|p1a: Dondozo|slp\n|cant|p1a: Dondozo|slp\n|\n|upkeep\n|turn|25\n|\n|t:|1700086883\n|move|p2a: Sneasler|Close Combat|p1a: Dondozo\n|-damage|p1a: Dondozo|49\/100 slp\n|-unboost|p2a: Sneasler|def|1\n|-unboost|p2a: Sneasler|spd|1\n|cant|p1a: Dondozo|slp\n|move|p1a: Dondozo|Sleep Talk|p1a: Dondozo\n|move|p1a: Dondozo|Body Press|p2a: Sneasler|[from]move: Sleep Talk\n|-resisted|p2a: Sneasler\n|-damage|p2a: Sneasler|76\/100\n|\n|upkeep\n|turn|26\n|\n|t:|1700086891\n|move|p2a: Sneasler|Close Combat|p1a: Dondozo\n|-damage|p1a: Dondozo|19\/100 slp\n|-unboost|p2a: Sneasler|def|1\n|-unboost|p2a: Sneasler|spd|1\n|-curestatus|p1a: Dondozo|slp|[msg]\n|move|p1a: Dondozo|Rest|p1a: Dondozo\n|-status|p1a: Dondozo|slp|[from] move: Rest\n|-heal|p1a: Dondozo|100\/100 slp|[silent]\n|\n|upkeep\n|turn|27\n|\n|t:|1700086899\n|move|p2a: Sneasler|Close Combat|p1a: Dondozo\n|-damage|p1a: Dondozo|67\/100 slp\n|-unboost|p2a: Sneasler|def|1\n|-unboost|p2a: Sneasler|spd|1\n|cant|p1a: Dondozo|slp\n|move|p1a: Dondozo|Sleep Talk|p1a: Dondozo\n|move|p1a: Dondozo|Rest||[from]move: Sleep Talk|[still]\n|-fail|p1a: Dondozo\n|\n|upkeep\n|turn|28\n|\n|t:|1700086902\n|move|p2a: Sneasler|Close Combat|p1a: Dondozo\n|-damage|p1a: Dondozo|34\/100 slp\n|-unboost|p2a: Sneasler|def|1\n|-unboost|p2a: Sneasler|spd|1\n|cant|p1a: Dondozo|slp\n|move|p1a: Dondozo|Sleep Talk|p1a: Dondozo\n|move|p1a: Dondozo|Rest||[from]move: Sleep Talk|[still]\n|-fail|p1a: Dondozo\n|\n|upkeep\n|turn|29\n|\n|t:|1700086913\n|move|p2a: Sneasler|Close Combat|p1a: Dondozo\n|-damage|p1a: Dondozo|4\/100 slp\n|-unboost|p2a: Sneasler|def|1\n|-unboost|p2a: Sneasler|spd|1\n|-curestatus|p1a: Dondozo|slp|[msg]\n|move|p1a: Dondozo|Rest|p1a: Dondozo\n|-status|p1a: Dondozo|slp|[from] move: Rest\n|-heal|p1a: Dondozo|100\/100 slp|[silent]\n|\n|upkeep\n|turn|30\n|\n|t:|1700086920\n|switch|p2a: Rillaboom|Rillaboom, M|40\/100 brn\n|-fieldstart|move: Grassy Terrain|[from] ability: Grassy Surge|[of] p2a: Rillaboom\n|cant|p1a: Dondozo|slp\n|move|p1a: Dondozo|Sleep Talk|p1a: Dondozo\n|move|p1a: Dondozo|Rest||[from]move: Sleep Talk|[still]\n|-fail|p1a: Dondozo\n|\n|-heal|p2a: Rillaboom|46\/100 brn|[from] Grassy Terrain\n|-damage|p2a: Rillaboom|40\/100 brn|[from] brn\n|upkeep\n|turn|31\n|\n|t:|1700086927\n|move|p2a: Rillaboom|Knock Off|p1a: Dondozo\n|-damage|p1a: Dondozo|88\/100 slp\n|-enditem|p1a: Dondozo|Heavy-Duty Boots|[from] move: Knock Off|[of] p2a: Rillaboom\n|cant|p1a: Dondozo|slp\n|move|p1a: Dondozo|Sleep Talk|p1a: Dondozo\n|move|p1a: Dondozo|Body Press|p2a: Rillaboom|[from]move: Sleep Talk\n|-damage|p2a: Rillaboom|8\/100 brn\n|\n|-heal|p2a: Rillaboom|14\/100 brn|[from] Grassy Terrain\n|-heal|p1a: Dondozo|94\/100 slp|[from] Grassy Terrain\n|-damage|p2a: Rillaboom|8\/100 brn|[from] brn\n|upkeep\n|turn|32\n|\n|t:|1700086940\n|switch|p2a: Walking Wake|Walking Wake|22\/100\n|-curestatus|p1a: Dondozo|slp|[msg]\n|move|p1a: Dondozo|Avalanche|p2a: Walking Wake\n|-damage|p2a: Walking Wake|8\/100\n|\n|-heal|p2a: Walking Wake|14\/100|[from] Grassy Terrain\n|-heal|p1a: Dondozo|99\/100|[from] Grassy Terrain\n|upkeep\n|turn|33\n|\n|t:|1700086948\n|switch|p1a: Blissey|Blissey, F|54\/100\n|-damage|p1a: Blissey|41\/100|[from] Stealth Rock\n|move|p2a: Walking Wake|Draco Meteor|p1a: Blissey\n|-damage|p1a: Blissey|3\/100\n|-unboost|p2a: Walking Wake|spa|2\n|\n|-heal|p2a: Walking Wake|20\/100|[from] Grassy Terrain\n|-heal|p1a: Blissey|9\/100|[from] Grassy Terrain\n|upkeep\n|turn|34\n|\n|t:|1700086954\n|move|p2a: Walking Wake|Draco Meteor|p1a: Blissey\n|-damage|p1a: Blissey|0 fnt\n|-unboost|p2a: Walking Wake|spa|2\n|faint|p1a: Blissey\n|\n|-heal|p2a: Walking Wake|26\/100|[from] Grassy Terrain\n|-fieldend|move: Grassy Terrain\n|upkeep\n|\n|t:|1700086973\n|switch|p1a: Garganacl|Garganacl, F|100\/100\n|-damage|p1a: Garganacl|88\/100|[from] Stealth Rock\n|turn|35\n|\n|t:|1700086979\n|-end|p2a: Walking Wake|Protosynthesis|[silent]\n|switch|p2a: Rillaboom|Rillaboom, M|8\/100 brn\n|-fieldstart|move: Grassy Terrain|[from] ability: Grassy Surge|[of] p2a: Rillaboom\n|move|p1a: Garganacl|Iron Defense|p1a: Garganacl\n|-boost|p1a: Garganacl|def|2\n|\n|-heal|p2a: Rillaboom|14\/100 brn|[from] Grassy Terrain\n|-heal|p1a: Garganacl|94\/100|[from] Grassy Terrain\n|-heal|p1a: Garganacl|100\/100|[from] item: Leftovers\n|-damage|p2a: Rillaboom|8\/100 brn|[from] brn\n|upkeep\n|turn|36\n|\n|t:|1700086983\n|move|p2a: Rillaboom|Wood Hammer|p1a: Garganacl\n|-supereffective|p1a: Garganacl\n|-damage|p1a: Garganacl|68\/100\n|-damage|p2a: Rillaboom|0 fnt|[from] Recoil\n|faint|p2a: Rillaboom\n|move|p1a: Garganacl|Iron Defense|p1a: Garganacl\n|-boost|p1a: Garganacl|def|2\n|\n|-heal|p1a: Garganacl|74\/100|[from] Grassy Terrain\n|-heal|p1a: Garganacl|81\/100|[from] item: Leftovers\n|upkeep\n|\n|t:|1700086986\n|switch|p2a: Walking Wake|Walking Wake|26\/100\n|turn|37\n|\n|t:|1700086997\n|switch|p1a: Muk|Muk-Alola, M, shiny|70\/100\n|-damage|p1a: Muk|57\/100|[from] Stealth Rock\n|-terastallize|p2a: Walking Wake|Water\n|move|p2a: Walking Wake|Hydro Steam|p1a: Muk\n|-damage|p1a: Muk|6\/100\n|\n|-heal|p2a: Walking Wake|32\/100|[from] Grassy Terrain\n|-heal|p1a: Muk|12\/100|[from] Grassy Terrain\n|upkeep\n|turn|38\n|\n|t:|1700087003\n|move|p1a: Muk|Shadow Sneak|p2a: Walking Wake\n|-damage|p2a: Walking Wake|22\/100\n|move|p2a: Walking Wake|Hydro Steam|p1a: Muk\n|-damage|p1a: Muk|0 fnt\n|faint|p1a: Muk\n|\n|-heal|p2a: Walking Wake|28\/100|[from] Grassy Terrain\n|upkeep\n|\n|t:|1700087007\n|switch|p1a: Dondozo|Dondozo, M|99\/100\n|-damage|p1a: Dondozo|88\/100|[from] Stealth Rock\n|turn|39\n|\n|t:|1700087010\n|-end|p2a: Walking Wake|Protosynthesis|[silent]\n|switch|p2a: Sneasler|Sneasler, F|76\/100\n|move|p1a: Dondozo|Rest|p1a: Dondozo\n|-status|p1a: Dondozo|slp|[from] move: Rest\n|-heal|p1a: Dondozo|100\/100 slp|[silent]\n|\n|-heal|p2a: Sneasler|82\/100|[from] Grassy Terrain\n|-fieldend|move: Grassy Terrain\n|upkeep\n|turn|40\n|\n|t:|1700087014\n|move|p2a: Sneasler|Swords Dance|p2a: Sneasler\n|-boost|p2a: Sneasler|atk|2\n|cant|p1a: Dondozo|slp\n|move|p1a: Dondozo|Sleep Talk|p1a: Dondozo\n|move|p1a: Dondozo|Avalanche|p2a: Sneasler|[from]move: Sleep Talk\n|-damage|p2a: Sneasler|63\/100\n|\n|upkeep\n|turn|41\n|\n|t:|1700087016\n|move|p2a: Sneasler|Close Combat|p1a: Dondozo\n|-crit|p1a: Dondozo\n|-damage|p1a: Dondozo|53\/100 slp\n|-unboost|p2a: Sneasler|def|1\n|-unboost|p2a: Sneasler|spd|1\n|cant|p1a: Dondozo|slp\n|move|p1a: Dondozo|Sleep Talk|p1a: Dondozo\n|move|p1a: Dondozo|Rest||[from]move: Sleep Talk|[still]\n|-fail|p1a: Dondozo\n|\n|upkeep\n|turn|42\n|\n|t:|1700087020\n|move|p2a: Sneasler|Close Combat|p1a: Dondozo\n|-damage|p1a: Dondozo|20\/100 slp\n|-unboost|p2a: Sneasler|def|1\n|-unboost|p2a: Sneasler|spd|1\n|-curestatus|p1a: Dondozo|slp|[msg]\n|move|p1a: Dondozo|Rest|p1a: Dondozo\n|-status|p1a: Dondozo|slp|[from] move: Rest\n|-heal|p1a: Dondozo|100\/100 slp|[silent]\n|\n|upkeep\n|turn|43\n|\n|t:|1700087023\n|move|p2a: Sneasler|Close Combat|p1a: Dondozo\n|-damage|p1a: Dondozo|71\/100 slp\n|-unboost|p2a: Sneasler|def|1\n|-unboost|p2a: Sneasler|spd|1\n|cant|p1a: Dondozo|slp\n|move|p1a: Dondozo|Sleep Talk|p1a: Dondozo\n|move|p1a: Dondozo|Rest||[from]move: Sleep Talk|[still]\n|-fail|p1a: Dondozo\n|\n|upkeep\n|turn|44\n|\n|t:|1700087027\n|move|p2a: Sneasler|Dire Claw|p1a: Dondozo\n|-crit|p1a: Dondozo\n|-damage|p1a: Dondozo|41\/100 slp\n|cant|p1a: Dondozo|slp\n|move|p1a: Dondozo|Sleep Talk|p1a: Dondozo\n|move|p1a: Dondozo|Avalanche|p2a: Sneasler|[from]move: Sleep Talk\n|-damage|p2a: Sneasler|26\/100\n|\n|upkeep\n|turn|45\n|\n|t:|1700087030\n|move|p2a: Sneasler|Shadow Claw|p1a: Dondozo\n|-damage|p1a: Dondozo|29\/100 slp\n|-curestatus|p1a: Dondozo|slp|[msg]\n|move|p1a: Dondozo|Rest|p1a: Dondozo\n|-status|p1a: Dondozo|slp|[from] move: Rest\n|-heal|p1a: Dondozo|100\/100 slp|[silent]\n|\n|upkeep\n|turn|46\n|\n|t:|1700087033\n|move|p2a: Sneasler|Dire Claw|p1a: Dondozo\n|-damage|p1a: Dondozo|80\/100 slp\n|cant|p1a: Dondozo|slp\n|move|p1a: Dondozo|Sleep Talk|p1a: Dondozo\n|move|p1a: Dondozo|Rest||[from]move: Sleep Talk|[still]\n|-fail|p1a: Dondozo\n|\n|upkeep\n|turn|47\n|\n|t:|1700087039\n|move|p2a: Sneasler|Dire Claw|p1a: Dondozo\n|-damage|p1a: Dondozo|58\/100 slp\n|cant|p1a: Dondozo|slp\n|move|p1a: Dondozo|Sleep Talk|p1a: Dondozo\n|move|p1a: Dondozo|Avalanche|p2a: Sneasler|[from]move: Sleep Talk\n|-damage|p2a: Sneasler|0 fnt\n|faint|p2a: Sneasler\n|\n|upkeep\n|\n|t:|1700087042\n|switch|p2a: Walking Wake|Walking Wake, tera:Water|28\/100\n|turn|48\n|\n|t:|1700087046\n|move|p2a: Walking Wake|Hydro Steam|p1a: Dondozo\n|-resisted|p1a: Dondozo\n|-damage|p1a: Dondozo|23\/100 slp\n|-curestatus|p1a: Dondozo|slp|[msg]\n|move|p1a: Dondozo|Avalanche|p2a: Walking Wake\n|-resisted|p2a: Walking Wake\n|-damage|p2a: Walking Wake|14\/100\n|\n|upkeep\n|turn|49\n|\n|t:|1700087055\n|move|p2a: Walking Wake|Hydro Steam|p1a: Dondozo\n|-resisted|p1a: Dondozo\n|-damage|p1a: Dondozo|0 fnt\n|faint|p1a: Dondozo\n|\n|upkeep\n|\n|t:|1700087057\n|switch|p1a: Garganacl|Garganacl, F|81\/100\n|-damage|p1a: Garganacl|68\/100|[from] Stealth Rock\n|turn|50\n|\n|t:|1700087062\n|move|p2a: Walking Wake|Hydro Steam|p1a: Garganacl\n|-supereffective|p1a: Garganacl\n|-damage|p1a: Garganacl|0 fnt\n|faint|p1a: Garganacl\n|\n|win|Wo-Chielupa Deluxe\n|raw|Dr Hkelg's rating: 1322 &rarr; <strong>1308<\/strong><br \/>(-14 for losing)\n|raw|Wo-Chielupa Deluxe's rating: 1426 &rarr; <strong>1440<\/strong><br \/>(+14 for winning)\n|l|\u2606Dr Hkelg\n|c|\u2606Wo-Chielupa Deluxe|Ah gottem ggs\n","uploadtime":1700087072,"views":27,"p1id":"drhkelg","p2id":"wochielupadeluxe","formatid":"gen9ou","rating":1308,"private":0,"password":""}