{"id":"gen9ou-1994926646","p1":"thewhaaat","p2":"ok can we not","format":"[Gen 9] OU","log":"|j|\u2606thewhaaat\n|j|\u2606ok can we not\n|t:|1700505326\n|gametype|singles\n|player|p1|thewhaaat|flannery|1135\n|player|p2|ok can we not|169|1030\n|teamsize|p1|6\n|teamsize|p2|6\n|gen|9\n|tier|[Gen 9] OU\n|rated|\n|rule|Sleep Clause Mod: Limit one foe put to sleep\n|rule|Species Clause: Limit one of each Pok\u00e9mon\n|rule|OHKO Clause: OHKO moves are banned\n|rule|Evasion Items Clause: Evasion items are banned\n|rule|Evasion Moves Clause: Evasion moves are banned\n|rule|Endless Battle Clause: Forcing endless battles is banned\n|rule|HP Percentage Mod: HP is shown in percentages\n|clearpoke\n|poke|p1|Maushold|\n|poke|p1|Iron Moth|\n|poke|p1|Weavile, F|\n|poke|p1|Kingambit, F|\n|poke|p1|Great Tusk|\n|poke|p1|Ogerpon-Wellspring, F|\n|poke|p2|Zangoose, M|\n|poke|p2|Wugtrio, M|\n|poke|p2|Wyrdeer, F|\n|poke|p2|Wigglytuff, F|\n|poke|p2|Vespiquen, F|\n|poke|p2|Tropius, M|\n|teampreview\n|inactive|Battle timer is ON: inactive players will automatically lose when time's up. (requested by thewhaaat)\n|\n|t:|1700505349\n|start\n|switch|p1a: Great Tusk|Great Tusk|100\/100\n|switch|p2a: Vespiquen|Vespiquen, F|100\/100\n|-ability|p2a: Vespiquen|Unnerve\n|turn|1\n|\n|t:|1700505354\n|move|p1a: Great Tusk|Ice Spinner|p2a: Vespiquen\n|-supereffective|p2a: Vespiquen\n|-damage|p2a: Vespiquen|45\/100\n|move|p2a: Vespiquen|Toxic|p1a: Great Tusk\n|-status|p1a: Great Tusk|tox\n|\n|-damage|p1a: Great Tusk|94\/100 tox|[from] psn\n|upkeep\n|turn|2\n|\n|t:|1700505370\n|move|p1a: Great Tusk|Ice Spinner|p2a: Vespiquen\n|-supereffective|p2a: Vespiquen\n|-damage|p2a: Vespiquen|0 fnt\n|faint|p2a: Vespiquen\n|\n|-damage|p1a: Great Tusk|82\/100 tox|[from] psn\n|upkeep\n|\n|t:|1700505382\n|switch|p2a: Tropius|Tropius, M|100\/100\n|turn|3\n|\n|t:|1700505389\n|switch|p2a: Wugtrio|Wugtrio, M|100\/100\n|move|p1a: Great Tusk|Ice Spinner|p2a: Wugtrio\n|-resisted|p2a: Wugtrio\n|-damage|p2a: Wugtrio|60\/100\n|\n|-damage|p1a: Great Tusk|63\/100 tox|[from] psn\n|upkeep\n|turn|4\n|\n|t:|1700505397\n|move|p2a: Wugtrio|Liquidation|p1a: Great Tusk\n|-supereffective|p1a: Great Tusk\n|-damage|p1a: Great Tusk|0 fnt\n|faint|p1a: Great Tusk\n|-end|p1a: Great Tusk|Protosynthesis|[silent]\n|\n|upkeep\n|\n|t:|1700505412\n|switch|p1a: Ogerpon|Ogerpon-Wellspring, F|100\/100\n|turn|5\n|\n|t:|1700505420\n|switch|p2a: Zangoose|Zangoose, M|100\/100\n|move|p1a: Ogerpon|Horn Leech|p2a: Zangoose\n|-damage|p2a: Zangoose|35\/100\n|\n|-status|p2a: Zangoose|tox|[from] item: Toxic Orb\n|upkeep\n|turn|6\n|\n|t:|1700505433\n|switch|p2a: Wyrdeer|Wyrdeer, F|100\/100\n|move|p1a: Ogerpon|Horn Leech|p2a: Wyrdeer\n|-ability|p2a: Wyrdeer|Sap Sipper|boost\n|-boost|p2a: Wyrdeer|atk|1\n|\n|upkeep\n|turn|7\n|\n|t:|1700505439\n|move|p1a: Ogerpon|Ivy Cudgel|p2a: Wyrdeer|[anim] Ivy Cudgel Water\n|-damage|p2a: Wyrdeer|41\/100\n|move|p2a: Wyrdeer|Trick Room|p2a: Wyrdeer\n|-fieldstart|move: Trick Room|[of] p2a: Wyrdeer\n|\n|-heal|p2a: Wyrdeer|47\/100|[from] item: Leftovers\n|upkeep\n|turn|8\n|\n|t:|1700505448\n|move|p2a: Wyrdeer|Megahorn|p1a: Ogerpon\n|-supereffective|p1a: Ogerpon\n|-damage|p1a: Ogerpon|0 fnt\n|faint|p1a: Ogerpon\n|\n|-heal|p2a: Wyrdeer|53\/100|[from] item: Leftovers\n|upkeep\n|\n|t:|1700505456\n|switch|p1a: Kingambit|Kingambit, F|100\/100\n|-activate|p1a: Kingambit|ability: Supreme Overlord\n|-start|p1a: Kingambit|fallen2|[silent]\n|turn|9\n|\n|t:|1700505464\n|-terastallize|p2a: Wyrdeer|Ground\n|move|p2a: Wyrdeer|Earthquake|p1a: Kingambit\n|-supereffective|p1a: Kingambit\n|-damage|p1a: Kingambit|0 fnt\n|faint|p1a: Kingambit\n|-end|p1a: Kingambit|fallen2|[silent]\n|\n|-heal|p2a: Wyrdeer|60\/100|[from] item: Leftovers\n|upkeep\n|\n|t:|1700505471\n|switch|p1a: Weavile|Weavile, F|100\/100\n|-ability|p1a: Weavile|Pressure\n|turn|10\n|\n|t:|1700505480\n|move|p1a: Weavile|Ice Shard|p2a: Wyrdeer\n|-supereffective|p2a: Wyrdeer\n|-damage|p2a: Wyrdeer|15\/100\n|move|p2a: Wyrdeer|Megahorn|p1a: Weavile\n|-supereffective|p1a: Weavile\n|-damage|p1a: Weavile|0 fnt\n|faint|p1a: Weavile\n|\n|-heal|p2a: Wyrdeer|21\/100|[from] item: Leftovers\n|upkeep\n|\n|t:|1700505485\n|switch|p1a: Iron Moth|Iron Moth|100\/100\n|-enditem|p1a: Iron Moth|Booster Energy\n|-activate|p1a: Iron Moth|ability: Quark Drive|[fromitem]\n|-start|p1a: Iron Moth|quarkdrivespe\n|turn|11\n|\n|t:|1700505493\n|-terastallize|p1a: Iron Moth|Fairy\n|move|p2a: Wyrdeer|Earthquake|p1a: Iron Moth\n|-damage|p1a: Iron Moth|1\/100\n|move|p1a: Iron Moth|Dazzling Gleam|p2a: Wyrdeer\n|-damage|p2a: Wyrdeer|0 fnt\n|faint|p2a: Wyrdeer\n|\n|-fieldend|move: Trick Room\n|upkeep\n|\n|t:|1700505501\n|switch|p2a: Wugtrio|Wugtrio, M|60\/100\n|turn|12\n|\n|t:|1700505505\n|move|p2a: Wugtrio|Sucker Punch|p1a: Iron Moth\n|-resisted|p1a: Iron Moth\n|-damage|p1a: Iron Moth|0 fnt\n|faint|p1a: Iron Moth\n|-end|p1a: Iron Moth|Quark Drive|[silent]\n|\n|upkeep\n|\n|t:|1700505508\n|switch|p1a: Maushold|Maushold|100\/100\n|turn|13\n|\n|t:|1700505517\n|switch|p2a: Tropius|Tropius, M|100\/100\n|move|p1a: Maushold|Tidy Up|p1a: Maushold\n|-boost|p1a: Maushold|atk|1\n|-boost|p1a: Maushold|spe|1\n|\n|upkeep\n|turn|14\n|\n|t:|1700505525\n|move|p1a: Maushold|Population Bomb|p2a: Tropius\n|-damage|p2a: Tropius|89\/100\n|-damage|p2a: Tropius|78\/100\n|-damage|p2a: Tropius|67\/100\n|-damage|p2a: Tropius|55\/100\n|-damage|p2a: Tropius|44\/100\n|-damage|p2a: Tropius|34\/100\n|-damage|p2a: Tropius|23\/100\n|-enditem|p2a: Tropius|Aguav Berry|[eat]\n|-heal|p2a: Tropius|56\/100|[from] item: Aguav Berry\n|-damage|p2a: Tropius|44\/100\n|-damage|p2a: Tropius|31\/100\n|-damage|p2a: Tropius|20\/100\n|-hitcount|p2a: Tropius|10\n|move|p2a: Tropius|Leech Seed|p1a: Maushold|[miss]\n|-miss|p2a: Tropius|p1a: Maushold\n|\n|upkeep\n|turn|15\n|\n|t:|1700505544\n|move|p1a: Maushold|Population Bomb|p2a: Tropius\n|-damage|p2a: Tropius|9\/100\n|-damage|p2a: Tropius|0 fnt\n|faint|p2a: Tropius\n|-hitcount|p2: Tropius|2\n|\n|upkeep\n|\n|t:|1700505548\n|switch|p2a: Wugtrio|Wugtrio, M|60\/100\n|turn|16\n|\n|t:|1700505551\n|move|p2a: Wugtrio|Sucker Punch|p1a: Maushold\n|-damage|p1a: Maushold|52\/100\n|move|p1a: Maushold|Population Bomb|p2a: Wugtrio\n|-damage|p2a: Wugtrio|16\/100\n|-damage|p2a: Wugtrio|0 fnt\n|faint|p2a: Wugtrio\n|-hitcount|p2: Wugtrio|2\n|\n|upkeep\n|\n|t:|1700505557\n|switch|p2a: Wigglytuff|Wigglytuff, F|100\/100\n|turn|17\n|\n|t:|1700505565\n|move|p1a: Maushold|Population Bomb|p2a: Wigglytuff\n|-damage|p2a: Wigglytuff|78\/100\n|-damage|p2a: Wigglytuff|56\/100\n|-damage|p2a: Wigglytuff|35\/100\n|-damage|p2a: Wigglytuff|12\/100\n|-damage|p2a: Wigglytuff|0 fnt\n|faint|p2a: Wigglytuff\n|-hitcount|p2: Wigglytuff|5\n|\n|upkeep\n|-message|ok can we not forfeited.\n|\n|win|thewhaaat\n|raw|thewhaaat's rating: 1135 &rarr; <strong>1153<\/strong><br \/>(+18 for winning)\n|raw|ok can we not's rating: 1030 &rarr; <strong>1020<\/strong><br \/>(-10 for losing)\n|l|\u2606ok can we not\n|c|\u2606thewhaaat|gg\n","uploadtime":1700505587,"views":7,"p1id":"thewhaaat","p2id":"okcanwenot","formatid":"gen9ou","rating":1020,"private":0,"password":""}