{"id":"gen9ou-1996812439","p1":"dgzdr","p2":"HEAVY-DUTY B0OTY","format":"[Gen 9] OU","log":"|j|\u2606dgzdr\n|j|\u2606HEAVY-DUTY B0OTY\n|inactive|Battle timer is ON: inactive players will automatically lose when time's up.\n|t:|1700729371\n|gametype|singles\n|player|p1|dgzdr|169|\n|player|p2|HEAVY-DUTY B0OTY|swimmerf-gen6|\n|teamsize|p1|4\n|teamsize|p2|4\n|gen|9\n|tier|[Gen 9] OU\n|rated|Tournament battle\n|rule|Sleep Clause Mod: Limit one foe put to sleep\n|rule|Species Clause: Limit one of each Pok\u00e9mon\n|rule|OHKO Clause: OHKO moves are banned\n|rule|Evasion Items Clause: Evasion items are banned\n|rule|Evasion Moves Clause: Evasion moves are banned\n|rule|Endless Battle Clause: Forcing endless battles is banned\n|rule|HP Percentage Mod: HP is shown in percentages\n|clearpoke\n|poke|p1|Carkol, F|\n|poke|p1|Gholdengo|\n|poke|p1|Graveler, F|\n|poke|p1|Yanma, F|\n|poke|p2|Dragapult, F|\n|poke|p2|Vullaby, F|\n|poke|p2|Shellder, F|\n|poke|p2|Bronzor|\n|teampreview\n|j|*Lady Monita \u2746\n|j| tumblezz\n|\n|t:|1700729392\n|start\n|switch|p1a: Libelulo|Yanma, F|100\/100\n|switch|p2a: Shellder|Shellder, F|100\/100\n|turn|1\n|\n|t:|1700729400\n|switch|p2a: Bronzor|Bronzor|100\/100\n|move|p1a: Libelulo|Giga Drain|p2a: Bronzor\n|-resisted|p2a: Bronzor\n|-damage|p2a: Bronzor|88\/100\n|-damage|p1a: Libelulo|91\/100|[from] item: Life Orb\n|\n|-ability|p1a: Libelulo|Speed Boost|boost\n|-boost|p1a: Libelulo|spe|1\n|upkeep\n|turn|2\n|l| tumblezz\n|\n|t:|1700729404\n|move|p1a: Libelulo|Bug Buzz|p2a: Bronzor\n|-damage|p2a: Bronzor|40\/100\n|-damage|p1a: Libelulo|81\/100|[from] item: Life Orb\n|move|p2a: Bronzor|Stealth Rock|p1a: Libelulo\n|-sidestart|p1: dgzdr|move: Stealth Rock\n|\n|-ability|p1a: Libelulo|Speed Boost|boost\n|-boost|p1a: Libelulo|spe|1\n|upkeep\n|turn|3\n|\n|t:|1700729411\n|move|p1a: Libelulo|Bug Buzz|p2a: Bronzor\n|-crit|p2a: Bronzor\n|-damage|p2a: Bronzor|0 fnt\n|faint|p2a: Bronzor\n|-damage|p1a: Libelulo|71\/100|[from] item: Life Orb\n|\n|-ability|p1a: Libelulo|Speed Boost|boost\n|-boost|p1a: Libelulo|spe|1\n|upkeep\n|inactive|HEAVY-DUTY B0OTY has 120 seconds left.\n|\n|t:|1700729456\n|switch|p2a: Vullaby|Vullaby, F|100\/100\n|turn|4\n|\n|t:|1700729470\n|move|p1a: Libelulo|Ancient Power|p2a: Vullaby\n|-supereffective|p2a: Vullaby\n|-damage|p2a: Vullaby|75\/100\n|-boost|p1a: Libelulo|atk|1\n|-boost|p1a: Libelulo|def|1\n|-boost|p1a: Libelulo|spa|1\n|-boost|p1a: Libelulo|spd|1\n|-boost|p1a: Libelulo|spe|1\n|-damage|p1a: Libelulo|61\/100|[from] item: Life Orb\n|move|p2a: Vullaby|Toxic|p1a: Libelulo\n|-status|p1a: Libelulo|tox\n|\n|-damage|p1a: Libelulo|55\/100 tox|[from] psn\n|-ability|p1a: Libelulo|Speed Boost|boost\n|-boost|p1a: Libelulo|spe|1\n|upkeep\n|turn|5\n|\n|t:|1700729475\n|move|p1a: Libelulo|Ancient Power|p2a: Vullaby\n|-supereffective|p2a: Vullaby\n|-damage|p2a: Vullaby|37\/100\n|-damage|p1a: Libelulo|45\/100 tox|[from] item: Life Orb\n|move|p2a: Vullaby|Roost|p2a: Vullaby\n|-heal|p2a: Vullaby|87\/100\n|-singleturn|p2a: Vullaby|move: Roost\n|\n|-damage|p1a: Libelulo|33\/100 tox|[from] psn\n|-ability|p1a: Libelulo|Speed Boost|boost\n|-boost|p1a: Libelulo|spe|1\n|upkeep\n|turn|6\n|\n|t:|1700729481\n|move|p1a: Libelulo|Ancient Power|p2a: Vullaby\n|-supereffective|p2a: Vullaby\n|-damage|p2a: Vullaby|50\/100\n|-damage|p1a: Libelulo|23\/100 tox|[from] item: Life Orb\n|move|p2a: Vullaby|Roost|p2a: Vullaby\n|-heal|p2a: Vullaby|99\/100\n|-singleturn|p2a: Vullaby|move: Roost\n|\n|-damage|p1a: Libelulo|5\/100 tox|[from] psn\n|upkeep\n|turn|7\n|\n|t:|1700729484\n|move|p1a: Libelulo|Ancient Power|p2a: Vullaby\n|-supereffective|p2a: Vullaby\n|-damage|p2a: Vullaby|62\/100\n|-damage|p1a: Libelulo|0 fnt|[from] item: Life Orb\n|faint|p1a: Libelulo\n|move|p2a: Vullaby|Roost|p2a: Vullaby\n|-heal|p2a: Vullaby|100\/100\n|-singleturn|p2a: Vullaby|move: Roost\n|\n|upkeep\n|j| anomalu\n|\n|t:|1700729493\n|switch|p1a: Rocambolesco|Graveler, F|100\/100\n|-damage|p1a: Rocambolesco|94\/100|[from] Stealth Rock\n|turn|8\n|\n|t:|1700729498\n|move|p2a: Vullaby|Iron Defense|p2a: Vullaby\n|-boost|p2a: Vullaby|def|2\n|move|p1a: Rocambolesco|Stone Edge|p2a: Vullaby\n|-supereffective|p2a: Vullaby\n|-damage|p2a: Vullaby|63\/100\n|\n|upkeep\n|turn|9\n|\n|t:|1700729503\n|move|p2a: Vullaby|Toxic|p1a: Rocambolesco|[miss]\n|-miss|p2a: Vullaby|p1a: Rocambolesco\n|move|p1a: Rocambolesco|Stone Edge|p2a: Vullaby\n|-supereffective|p2a: Vullaby\n|-damage|p2a: Vullaby|21\/100\n|\n|upkeep\n|turn|10\n|\n|t:|1700729507\n|move|p2a: Vullaby|Roost|p2a: Vullaby\n|-heal|p2a: Vullaby|71\/100\n|-singleturn|p2a: Vullaby|move: Roost\n|move|p1a: Rocambolesco|Stone Edge|p2a: Vullaby|[miss]\n|-miss|p1a: Rocambolesco|p2a: Vullaby\n|\n|upkeep\n|turn|11\n|\n|t:|1700729510\n|move|p2a: Vullaby|Toxic|p1a: Rocambolesco\n|-status|p1a: Rocambolesco|tox\n|move|p1a: Rocambolesco|Stone Edge|p2a: Vullaby\n|-supereffective|p2a: Vullaby\n|-crit|p2a: Vullaby\n|-damage|p2a: Vullaby|0 fnt\n|faint|p2a: Vullaby\n|\n|-damage|p1a: Rocambolesco|88\/100 tox|[from] psn\n|upkeep\n|\n|t:|1700729516\n|switch|p2a: Shellder|Shellder, F|100\/100\n|turn|12\n|\n|t:|1700729518\n|move|p2a: Shellder|Shell Smash|p2a: Shellder\n|-unboost|p2a: Shellder|def|1\n|-unboost|p2a: Shellder|spd|1\n|-boost|p2a: Shellder|atk|2\n|-boost|p2a: Shellder|spa|2\n|-boost|p2a: Shellder|spe|2\n|move|p1a: Rocambolesco|Explosion|p2a: Shellder\n|-enditem|p2a: Shellder|Focus Sash\n|-damage|p2a: Shellder|1\/100\n|faint|p1a: Rocambolesco\n|\n|upkeep\n|\n|t:|1700729528\n|switch|p1a: Espa\u00f1ita|Gholdengo|100\/100\n|-damage|p1a: Espa\u00f1ita|94\/100|[from] Stealth Rock\n|turn|13\n|\n|t:|1700729533\n|move|p2a: Shellder|Liquidation|p1a: Espa\u00f1ita\n|-damage|p1a: Espa\u00f1ita|26\/100\n|move|p1a: Espa\u00f1ita|Shadow Ball|p2a: Shellder\n|-damage|p2a: Shellder|0 fnt\n|faint|p2a: Shellder\n|\n|upkeep\n|\n|t:|1700729536\n|switch|p2a: Dragapult|Dragapult, F|100\/100\n|turn|14\n|\n|t:|1700729540\n|-terastallize|p1a: Espa\u00f1ita|Fighting\n|move|p2a: Dragapult|Phantom Force||[still]\n|-prepare|p2a: Dragapult|Phantom Force\n|move|p1a: Espa\u00f1ita|Shadow Ball|p2a: Dragapult|[miss]\n|-miss|p1a: Espa\u00f1ita|p2a: Dragapult\n|\n|upkeep\n|turn|15\n|\n|t:|1700729547\n|move|p2a: Dragapult|Phantom Force|p1a: Espa\u00f1ita|[from]lockedmove\n|-damage|p1a: Espa\u00f1ita|0 fnt\n|faint|p1a: Espa\u00f1ita\n|\n|upkeep\n|\n|t:|1700729550\n|switch|p1a: Carbonizador|Carkol, F|100\/100\n|-damage|p1a: Carbonizador|75\/100|[from] Stealth Rock\n|turn|16\n|\n|t:|1700729559\n|move|p2a: Dragapult|Dragon Darts|p1a: Carbonizador\n|-damage|p1a: Carbonizador|63\/100\n|-anim|p2a: Dragapult|Dragon Darts|p1a: Carbonizador\n|-damage|p1a: Carbonizador|50\/100\n|move|p1a: Carbonizador|Will-O-Wisp|p2a: Dragapult\n|-status|p2a: Dragapult|brn\n|\n|-damage|p2a: Dragapult|95\/100 brn|[from] brn\n|upkeep\n|turn|17\n|\n|t:|1700729563\n|move|p2a: Dragapult|Dragon Dance|p2a: Dragapult\n|-boost|p2a: Dragapult|atk|1\n|-boost|p2a: Dragapult|spe|1\n|move|p1a: Carbonizador|Scald|p2a: Dragapult\n|-resisted|p2a: Dragapult\n|-damage|p2a: Dragapult|86\/100 brn\n|\n|-damage|p2a: Dragapult|80\/100 brn|[from] brn\n|upkeep\n|turn|18\n|\n|t:|1700729568\n|move|p2a: Dragapult|Dragon Dance|p2a: Dragapult\n|-boost|p2a: Dragapult|atk|1\n|-boost|p2a: Dragapult|spe|1\n|move|p1a: Carbonizador|Flamethrower|p2a: Dragapult\n|-resisted|p2a: Dragapult\n|-damage|p2a: Dragapult|67\/100 brn\n|\n|-damage|p2a: Dragapult|61\/100 brn|[from] brn\n|upkeep\n|turn|19\n|\n|t:|1700729571\n|move|p2a: Dragapult|Dragon Darts|p1a: Carbonizador\n|-damage|p1a: Carbonizador|37\/100\n|-anim|p2a: Dragapult|Dragon Darts|p1a: Carbonizador\n|-damage|p1a: Carbonizador|23\/100\n|move|p1a: Carbonizador|Flamethrower|p2a: Dragapult\n|-resisted|p2a: Dragapult\n|-damage|p2a: Dragapult|46\/100 brn\n|\n|-damage|p2a: Dragapult|40\/100 brn|[from] brn\n|upkeep\n|turn|20\n|\n|t:|1700729576\n|move|p2a: Dragapult|Dragon Darts|p1a: Carbonizador\n|-damage|p1a: Carbonizador|10\/100\n|-anim|p2a: Dragapult|Dragon Darts|p1a: Carbonizador\n|-damage|p1a: Carbonizador|0 fnt\n|faint|p1a: Carbonizador\n|\n|win|HEAVY-DUTY B0OTY\n|n|\u2606dgzdr|dgzdr\n|n|\u2606HEAVY-DUTY B0OTY|heavydutyb0oty\n|n|*Lady Monita \u2746|ladymonita\n|n| anomalu|anomalu\n","uploadtime":1700729577,"views":4,"p1id":"dgzdr","p2id":"heavydutyb0oty","formatid":"gen9ou","rating":0,"private":0,"password":""}