{"id":"gen9ou-1990025022","p1":"OhiosBestTrainer","p2":"meemawcain","format":"[Gen 9] OU","log":"|j|\u2606OhiosBestTrainer\n|j|\u2606meemawcain\n|t:|1699916560\n|gametype|singles\n|player|p1|OhiosBestTrainer|psychic-gen4|1000\n|player|p2|meemawcain|cheryl|1000\n|teamsize|p1|6\n|teamsize|p2|6\n|gen|9\n|tier|[Gen 9] OU\n|rated|\n|rule|Sleep Clause Mod: Limit one foe put to sleep\n|rule|Species Clause: Limit one of each Pok\u00e9mon\n|rule|OHKO Clause: OHKO moves are banned\n|rule|Evasion Items Clause: Evasion items are banned\n|rule|Evasion Moves Clause: Evasion moves are banned\n|rule|Endless Battle Clause: Forcing endless battles is banned\n|rule|HP Percentage Mod: HP is shown in percentages\n|clearpoke\n|poke|p1|Glimmora, M|\n|poke|p1|Ogerpon-Cornerstone, F|\n|poke|p1|Gholdengo|\n|poke|p1|Blissey, F|\n|poke|p1|Sneasler, F|\n|poke|p1|Kingambit, M|\n|poke|p2|Gholdengo|\n|poke|p2|Glimmora, F|\n|poke|p2|Zapdos|\n|poke|p2|Iron Moth|\n|poke|p2|Ogerpon-Wellspring, F|\n|poke|p2|Cyclizar, M|\n|teampreview\n|\n|t:|1699916577\n|start\n|switch|p1a: Glimmora|Glimmora, M|100\/100\n|switch|p2a: Glimmora|Glimmora, F|100\/100\n|turn|1\n|inactive|Battle timer is ON: inactive players will automatically lose when time's up. (requested by meemawcain)\n|c|\u2606OhiosBestTrainer|why is my gholdengo aalways lik this\n|\n|t:|1699916585\n|move|p1a: Glimmora|Stealth Rock|p2a: Glimmora\n|-sidestart|p2: meemawcain|move: Stealth Rock\n|move|p2a: Glimmora|Stealth Rock|p1a: Glimmora\n|-sidestart|p1: OhiosBestTrainer|move: Stealth Rock\n|\n|upkeep\n|turn|2\n|\n|t:|1699916590\n|move|p2a: Glimmora|Mortal Spin|p1a: Glimmora\n|-resisted|p1a: Glimmora\n|-damage|p1a: Glimmora|99\/100\n|-activate|p1a: Glimmora|ability: Toxic Debris\n|-sidestart|p2: meemawcain|move: Toxic Spikes\n|-sideend|p2: meemawcain|Toxic Spikes|[from] move: Mortal Spin|[of] p2a: Glimmora\n|-sideend|p2: meemawcain|Stealth Rock|[from] move: Mortal Spin|[of] p2a: Glimmora\n|move|p1a: Glimmora|Spikes|p2a: Glimmora\n|-sidestart|p2: meemawcain|Spikes\n|\n|upkeep\n|turn|3\n|\n|t:|1699916598\n|move|p1a: Glimmora|Stealth Rock|p2a: Glimmora\n|-sidestart|p2: meemawcain|move: Stealth Rock\n|move|p2a: Glimmora|Earth Power|p1a: Glimmora\n|-supereffective|p1a: Glimmora\n|-damage|p1a: Glimmora|0 fnt\n|faint|p1a: Glimmora\n|\n|upkeep\n|\n|t:|1699916617\n|switch|p1a: Sneasler|Sneasler, F|100\/100\n|-damage|p1a: Sneasler|95\/100|[from] Stealth Rock\n|turn|4\n|\n|t:|1699916629\n|move|p1a: Sneasler|Close Combat|p2a: Glimmora\n|-damage|p2a: Glimmora|24\/100\n|-unboost|p1a: Sneasler|def|1\n|-unboost|p1a: Sneasler|spd|1\n|-activate|p2a: Glimmora|ability: Toxic Debris\n|-sidestart|p1: OhiosBestTrainer|move: Toxic Spikes\n|move|p2a: Glimmora|Mortal Spin|p1a: Sneasler\n|-resisted|p1a: Sneasler\n|-damage|p1a: Sneasler|85\/100\n|-sideend|p2: meemawcain|Spikes|[from] move: Mortal Spin|[of] p2a: Glimmora\n|-sideend|p2: meemawcain|Stealth Rock|[from] move: Mortal Spin|[of] p2a: Glimmora\n|\n|upkeep\n|turn|5\n|\n|t:|1699916640\n|move|p1a: Sneasler|Dire Claw|p2a: Glimmora\n|-resisted|p2a: Glimmora\n|-damage|p2a: Glimmora|12\/100\n|-status|p2a: Glimmora|slp\n|-activate|p2a: Glimmora|ability: Toxic Debris\n|-sidestart|p1: OhiosBestTrainer|move: Toxic Spikes\n|cant|p2a: Glimmora|slp\n|\n|upkeep\n|turn|6\n|\n|t:|1699916649\n|move|p1a: Sneasler|Venoshock|p2a: Glimmora\n|-resisted|p2a: Glimmora\n|-damage|p2a: Glimmora|8\/100 slp\n|cant|p2a: Glimmora|slp\n|\n|upkeep\n|turn|7\n|\n|t:|1699916655\n|move|p1a: Sneasler|Dire Claw|p2a: Glimmora\n|-resisted|p2a: Glimmora\n|-damage|p2a: Glimmora|0 fnt\n|faint|p2a: Glimmora\n|\n|upkeep\n|\n|t:|1699916669\n|switch|p2a: Gholdengo|Gholdengo|100\/100\n|turn|8\n|\n|t:|1699916679\n|switch|p1a: Ogerpon|Ogerpon-Cornerstone, F|100\/100\n|-damage|p1a: Ogerpon|88\/100|[from] Stealth Rock\n|-status|p1a: Ogerpon|tox\n|move|p2a: Gholdengo|Trick||[still]\n|-fail|p2a: Gholdengo\n|\n|-damage|p1a: Ogerpon|82\/100 tox|[from] psn\n|upkeep\n|turn|9\n|\n|t:|1699916688\n|switch|p2a: Zapdos|Zapdos|100\/100\n|move|p1a: Ogerpon|Swords Dance|p1a: Ogerpon\n|-boost|p1a: Ogerpon|atk|2\n|\n|-damage|p1a: Ogerpon|70\/100 tox|[from] psn\n|upkeep\n|turn|10\n|\n|t:|1699916697\n|-terastallize|p1a: Ogerpon|Rock\n|detailschange|p1a: Ogerpon|Ogerpon-Cornerstone-Tera, F, tera:Rock\n|-ability|p1a: Ogerpon|Embody Aspect (Cornerstone)|boost\n|-boost|p1a: Ogerpon|def|1\n|move|p1a: Ogerpon|Ivy Cudgel|p2a: Zapdos\n|-supereffective|p2a: Zapdos\n|-damage|p2a: Zapdos|0 fnt\n|faint|p2a: Zapdos\n|\n|-damage|p1a: Ogerpon|52\/100 tox|[from] psn\n|upkeep\n|\n|t:|1699916715\n|switch|p2a: Ogerpon|Ogerpon-Wellspring, F|100\/100\n|turn|11\n|\n|t:|1699916720\n|-terastallize|p2a: Ogerpon|Water\n|detailschange|p2a: Ogerpon|Ogerpon-Wellspring-Tera, F, tera:Water\n|-ability|p2a: Ogerpon|Embody Aspect (Wellspring)|boost\n|-boost|p2a: Ogerpon|spd|1\n|move|p2a: Ogerpon|Trailblaze|p1a: Ogerpon\n|-supereffective|p1a: Ogerpon\n|-damage|p1a: Ogerpon|0 fnt\n|-boost|p2a: Ogerpon|spe|1\n|faint|p1a: Ogerpon\n|\n|upkeep\n|\n|t:|1699916733\n|switch|p1a: Sneasler|Sneasler, F|85\/100\n|-damage|p1a: Sneasler|79\/100|[from] Stealth Rock\n|-sideend|p1: OhiosBestTrainer|move: Toxic Spikes|[of] p1a: Sneasler\n|turn|12\n|\n|t:|1699916741\n|move|p2a: Ogerpon|U-turn|p1a: Sneasler\n|-resisted|p1a: Sneasler\n|-damage|p1a: Sneasler|66\/100\n|\n|t:|1699916743\n|switch|p2a: Cyclizar|Cyclizar, M|100\/100|[from] U-turn\n|move|p1a: Sneasler|Close Combat|p2a: Cyclizar\n|-supereffective|p2a: Cyclizar\n|-damage|p2a: Cyclizar|0 fnt\n|-unboost|p1a: Sneasler|def|1\n|-unboost|p1a: Sneasler|spd|1\n|faint|p2a: Cyclizar\n|\n|upkeep\n|\n|t:|1699916751\n|switch|p2a: Gholdengo|Gholdengo|100\/100\n|turn|13\n|\n|t:|1699916757\n|move|p1a: Sneasler|Dire Claw|p2a: Gholdengo\n|-immune|p2a: Gholdengo\n|move|p2a: Gholdengo|Make It Rain|p1a: Sneasler\n|-damage|p1a: Sneasler|0 fnt\n|-unboost|p2a: Gholdengo|spa|1\n|faint|p1a: Sneasler\n|\n|upkeep\n|\n|t:|1699916768\n|switch|p1a: Blissey|Blissey, F|100\/100\n|-damage|p1a: Blissey|88\/100|[from] Stealth Rock\n|turn|14\n|\n|t:|1699916775\n|switch|p2a: Iron Moth|Iron Moth|100\/100\n|move|p1a: Blissey|Light Screen|p1a: Blissey\n|-sidestart|p1: OhiosBestTrainer|move: Light Screen\n|\n|-heal|p1a: Blissey|94\/100|[from] item: Leftovers\n|upkeep\n|turn|15\n|\n|t:|1699916790\n|move|p2a: Iron Moth|U-turn|p1a: Blissey\n|-damage|p1a: Blissey|85\/100\n|\n|t:|1699916792\n|-end|p2a: Iron Moth|Quark Drive|[silent]\n|switch|p2a: Ogerpon|Ogerpon-Wellspring-Tera, F, tera:Water|100\/100|[from] U-turn\n|-ability|p2a: Ogerpon|Embody Aspect (Wellspring)|boost\n|-boost|p2a: Ogerpon|spd|1\n|move|p1a: Blissey|Life Dew|p1a: Blissey\n|-heal|p1a: Blissey|100\/100\n|\n|upkeep\n|turn|16\n|\n|t:|1699916806\n|switch|p1a: Gholdengo|Gholdengo|100\/100\n|-damage|p1a: Gholdengo|94\/100|[from] Stealth Rock\n|move|p2a: Ogerpon|Swords Dance|p2a: Ogerpon\n|-boost|p2a: Ogerpon|atk|2\n|\n|-heal|p1a: Gholdengo|100\/100|[from] item: Leftovers\n|upkeep\n|turn|17\n|c|\u2606OhiosBestTrainer|wanna raise to max\n|inactive|OhiosBestTrainer has 120 seconds left.\n|\n|t:|1699916839\n|move|p2a: Ogerpon|Ivy Cudgel|p1a: Gholdengo\n|-damage|p1a: Gholdengo|0 fnt\n|faint|p1a: Gholdengo\n|\n|upkeep\n|inactive|OhiosBestTrainer has 120 seconds left.\n|\n|t:|1699916846\n|switch|p1a: Blissey|Blissey, F|100\/100\n|-damage|p1a: Blissey|88\/100|[from] Stealth Rock\n|turn|18\n|\n|t:|1699916857\n|move|p2a: Ogerpon|Ivy Cudgel|p1a: Blissey\n|-damage|p1a: Blissey|0 fnt\n|faint|p1a: Blissey\n|\n|-sideend|p1: OhiosBestTrainer|move: Light Screen\n|upkeep\n|c|\u2606OhiosBestTrainer|bruh\n|inactive|OhiosBestTrainer has 120 seconds left.\n|c|\u2606OhiosBestTrainer|thats a max hp ev blissey\n|c|\u2606OhiosBestTrainer|how the hell did that oneshot\n|\n|t:|1699916878\n|switch|p1a: Kingambit|Kingambit, M|100\/100\n|-damage|p1a: Kingambit|94\/100|[from] Stealth Rock\n|-activate|p1a: Kingambit|ability: Supreme Overlord\n|-start|p1a: Kingambit|fallen5|[silent]\n|turn|19\n|\n|t:|1699916886\n|move|p1a: Kingambit|Sucker Punch|p2a: Ogerpon\n|-damage|p2a: Ogerpon|0 fnt\n|faint|p2a: Ogerpon\n|-damage|p1a: Kingambit|84\/100|[from] item: Life Orb\n|\n|upkeep\n|\n|t:|1699916892\n|switch|p2a: Gholdengo|Gholdengo|100\/100\n|turn|20\n|\n|t:|1699916895\n|move|p1a: Kingambit|Sucker Punch||[still]\n|-fail|p1a: Kingambit\n|move|p2a: Gholdengo|Trick|p1a: Kingambit\n|-activate|p2a: Gholdengo|move: Trick|[of] p1a: Kingambit\n|-item|p1a: Kingambit|Choice Specs|[from] move: Trick\n|-item|p2a: Gholdengo|Life Orb|[from] move: Trick\n|\n|upkeep\n|turn|21\n|\n|t:|1699916910\n|switch|p2a: Iron Moth|Iron Moth|100\/100\n|move|p1a: Kingambit|Kowtow Cleave|p2a: Iron Moth\n|-damage|p2a: Iron Moth|0 fnt\n|faint|p2a: Iron Moth\n|-end|p2a: Iron Moth|Quark Drive|[silent]\n|\n|upkeep\n|\n|t:|1699916916\n|switch|p2a: Gholdengo|Gholdengo|100\/100\n|turn|22\n|c|\u2606OhiosBestTrainer|nice try\n|c|\u2606OhiosBestTrainer|ggs\n|\n|t:|1699916923\n|move|p2a: Gholdengo|Thunderbolt|p1a: Kingambit\n|-damage|p1a: Kingambit|47\/100\n|-damage|p2a: Gholdengo|91\/100|[from] item: Life Orb\n|move|p1a: Kingambit|Kowtow Cleave|p2a: Gholdengo\n|-supereffective|p2a: Gholdengo\n|-damage|p2a: Gholdengo|0 fnt\n|faint|p2a: Gholdengo\n|\n|win|OhiosBestTrainer\n|raw|OhiosBestTrainer's rating: 1000 &rarr; <strong>1040<\/strong><br \/>(+40 for winning)\n|raw|meemawcain's rating: 1000 &rarr; <strong>1000<\/strong><br \/>(+0 for losing)\n|l|\u2606meemawcain\n|j| ThatBoyBobby\n|c| ThatBoyBobby|down\n|c| ThatBoyBobby|in\n|c| ThatBoyBobby|ohio\n|c| ThatBoyBobby|swag\n|c| ThatBoyBobby|like\n|c| ThatBoyBobby|ohio\n|l| ThatBoyBobby\n","uploadtime":1699916936,"views":11,"p1id":"ohiosbesttrainer","p2id":"meemawcain","formatid":"gen9ou","rating":1000,"private":0,"password":""}