{"id":"gen9ou-1993617038","p1":"FiveFingerIcePunch","p2":"youngJizzy","format":"[Gen 9] OU","log":"|j|\u2606FiveFingerIcePunch\n|j|\u2606youngJizzy\n|t:|1700337957\n|gametype|singles\n|player|p1|FiveFingerIcePunch|workerice|1207\n|player|p2|youngJizzy|benga|1276\n|teamsize|p1|6\n|teamsize|p2|6\n|gen|9\n|tier|[Gen 9] OU\n|rated|\n|rule|Sleep Clause Mod: Limit one foe put to sleep\n|rule|Species Clause: Limit one of each Pok\u00e9mon\n|rule|OHKO Clause: OHKO moves are banned\n|rule|Evasion Items Clause: Evasion items are banned\n|rule|Evasion Moves Clause: Evasion moves are banned\n|rule|Endless Battle Clause: Forcing endless battles is banned\n|rule|HP Percentage Mod: HP is shown in percentages\n|clearpoke\n|poke|p1|Iron Valiant|\n|poke|p1|Toxapex, F|\n|poke|p1|Corviknight, M|\n|poke|p1|Sneasler, F|\n|poke|p1|Weavile, F|\n|poke|p1|Articuno-Galar|\n|poke|p2|Munkidori, M|\n|poke|p2|Scizor, F|\n|poke|p2|Enamorus, F|\n|poke|p2|Vikavolt, M|\n|poke|p2|Ogerpon-Cornerstone, F|\n|poke|p2|Iron Moth|\n|teampreview\n|\n|t:|1700337975\n|start\n|switch|p1a: Articuno|Articuno-Galar, shiny|100\/100\n|switch|p2a: Enamorus|Enamorus, F|100\/100\n|turn|1\n|\n|t:|1700337984\n|move|p2a: Enamorus|Moonblast|p1a: Articuno\n|-damage|p1a: Articuno|43\/100\n|move|p1a: Articuno|Calm Mind|p1a: Articuno\n|-boost|p1a: Articuno|spa|1\n|-boost|p1a: Articuno|spd|1\n|\n|upkeep\n|turn|2\n|\n|t:|1700337993\n|move|p2a: Enamorus|Moonblast|p1a: Articuno\n|-damage|p1a: Articuno|8\/100\n|move|p1a: Articuno|Hurricane|p2a: Enamorus\n|-damage|p2a: Enamorus|0 fnt\n|faint|p2a: Enamorus\n|\n|upkeep\n|\n|t:|1700338006\n|switch|p2a: Ogerpon|Ogerpon-Cornerstone, F|100\/100\n|turn|3\n|\n|t:|1700338011\n|switch|p1a: Corviknight|Corviknight, M, shiny|100\/100\n|move|p2a: Ogerpon|Horn Leech|p1a: Corviknight\n|-resisted|p1a: Corviknight\n|-damage|p1a: Corviknight|94\/100\n|\n|-heal|p1a: Corviknight|99\/100|[from] item: Leftovers\n|upkeep\n|turn|4\n|\n|t:|1700338044\n|move|p2a: Ogerpon|Leech Seed|p1a: Corviknight\n|-start|p1a: Corviknight|move: Leech Seed\n|move|p1a: Corviknight|U-turn|p2a: Ogerpon\n|-supereffective|p2a: Ogerpon\n|-damage|p2a: Ogerpon|64\/100\n|\n|t:|1700338046\n|switch|p1a: Sneasler|Sneasler, F, shiny|100\/100|[from] U-turn\n|-item|p1a: Sneasler|Air Balloon\n|\n|upkeep\n|turn|5\n|\n|t:|1700338052\n|move|p2a: Ogerpon|Spiky Shield|p2a: Ogerpon\n|-singleturn|p2a: Ogerpon|move: Protect\n|move|p1a: Sneasler|Swords Dance|p1a: Sneasler\n|-boost|p1a: Sneasler|atk|2\n|\n|upkeep\n|turn|6\n|\n|t:|1700338057\n|move|p1a: Sneasler|Dire Claw|p2a: Ogerpon\n|-damage|p2a: Ogerpon|0 fnt\n|faint|p2a: Ogerpon\n|\n|upkeep\n|\n|t:|1700338062\n|switch|p2a: Vikavolt|Vikavolt, M|100\/100\n|turn|7\n|\n|t:|1700338068\n|move|p1a: Sneasler|Dire Claw|p2a: Vikavolt\n|-damage|p2a: Vikavolt|8\/100\n|move|p2a: Vikavolt|Sticky Web|p1a: Sneasler\n|-sidestart|p1: FiveFingerIcePunch|move: Sticky Web\n|\n|upkeep\n|turn|8\n|\n|t:|1700338074\n|move|p1a: Sneasler|Dire Claw|p2a: Vikavolt\n|-damage|p2a: Vikavolt|0 fnt\n|faint|p2a: Vikavolt\n|\n|upkeep\n|\n|t:|1700338078\n|switch|p2a: Scizor|Scizor, F|100\/100\n|turn|9\n|\n|t:|1700338082\n|move|p1a: Sneasler|Close Combat|p2a: Scizor\n|-damage|p2a: Scizor|3\/100\n|-unboost|p1a: Sneasler|def|1\n|-unboost|p1a: Sneasler|spd|1\n|move|p2a: Scizor|U-turn|p1a: Sneasler\n|-resisted|p1a: Sneasler\n|-damage|p1a: Sneasler|79\/100\n|-enditem|p1a: Sneasler|Air Balloon\n|\n|t:|1700338099\n|switch|p2a: Iron Moth|Iron Moth|100\/100|[from] U-turn\n|-enditem|p2a: Iron Moth|Booster Energy\n|-activate|p2a: Iron Moth|ability: Quark Drive|[fromitem]\n|-start|p2a: Iron Moth|quarkdrivespe\n|\n|upkeep\n|turn|10\n|\n|t:|1700338103\n|-terastallize|p1a: Sneasler|Flying\n|move|p1a: Sneasler|Acrobatics|p2a: Iron Moth\n|-damage|p2a: Iron Moth|0 fnt\n|faint|p2a: Iron Moth\n|-end|p2a: Iron Moth|Quark Drive|[silent]\n|\n|upkeep\n|-message|youngJizzy forfeited.\n|\n|win|FiveFingerIcePunch\n|raw|FiveFingerIcePunch's rating: 1207 &rarr; <strong>1237<\/strong><br \/>(+30 for winning)\n|raw|youngJizzy's rating: 1276 &rarr; <strong>1246<\/strong><br \/>(-30 for losing)\n|l|\u2606youngJizzy\n","uploadtime":1700338131,"views":15,"p1id":"fivefingericepunch","p2id":"youngjizzy","formatid":"gen9ou","rating":1237,"private":0,"password":""}