{"id":"gen9ou-2000238979","p1":"TheZilla07","p2":"Underrated123456","format":"[Gen 9] OU","log":"|j|\u2606TheZilla07\n|j|\u2606Underrated123456\n|t:|1701176215\n|gametype|singles\n|player|p1|TheZilla07|petrel|1703\n|player|p2|Underrated123456|kieran-festival|1677\n|teamsize|p1|6\n|teamsize|p2|6\n|gen|9\n|tier|[Gen 9] OU\n|rated|\n|rule|Sleep Clause Mod: Limit one foe put to sleep\n|rule|Species Clause: Limit one of each Pok\u00e9mon\n|rule|OHKO Clause: OHKO moves are banned\n|rule|Evasion Items Clause: Evasion items are banned\n|rule|Evasion Moves Clause: Evasion moves are banned\n|rule|Endless Battle Clause: Forcing endless battles is banned\n|rule|HP Percentage Mod: HP is shown in percentages\n|clearpoke\n|poke|p1|Tyranitar, M|\n|poke|p1|Great Tusk|\n|poke|p1|Ogerpon-Wellspring, F|\n|poke|p1|Zapdos|\n|poke|p1|Dragapult, M|\n|poke|p1|Corviknight, F|\n|poke|p2|Ogerpon, F|\n|poke|p2|Glimmora, F|\n|poke|p2|Dragapult, F|\n|poke|p2|Iron Valiant|\n|poke|p2|Heatran, F|\n|poke|p2|Kingambit, M|\n|teampreview\n|inactive|Battle timer is ON: inactive players will automatically lose when time's up. (requested by Underrated123456)\n|c|\u2606TheZilla07|Glhf\n|c|\u2606Underrated123456|Thx u2\n|\n|t:|1701176231\n|start\n|switch|p1a: Child Abuse|Dragapult, M|100\/100\n|switch|p2a: Glimmora|Glimmora, F|100\/100\n|turn|1\n|\n|t:|1701176237\n|move|p1a: Child Abuse|Shadow Ball|p2a: Glimmora\n|-damage|p2a: Glimmora|19\/100\n|move|p2a: Glimmora|Stealth Rock|p1a: Child Abuse\n|-sidestart|p1: TheZilla07|move: Stealth Rock\n|\n|upkeep\n|turn|2\n|\n|t:|1701176251\n|switch|p1a: Republican|Great Tusk|100\/100\n|-damage|p1a: Republican|98\/100|[from] Stealth Rock\n|move|p2a: Glimmora|Energy Ball|p1a: Republican\n|-supereffective|p1a: Republican\n|-damage|p1a: Republican|0 fnt\n|faint|p1a: Republican\n|-end|p1a: Republican|Protosynthesis|[silent]\n|\n|upkeep\n|\n|t:|1701176262\n|switch|p1a: Child Abuse|Dragapult, M|100\/100\n|-damage|p1a: Child Abuse|88\/100|[from] Stealth Rock\n|turn|3\n|\n|t:|1701176267\n|move|p1a: Child Abuse|Shadow Ball|p2a: Glimmora\n|-damage|p2a: Glimmora|0 fnt\n|faint|p2a: Glimmora\n|\n|upkeep\n|\n|t:|1701176275\n|switch|p2a: Heatran|Heatran, F|100\/100\n|-item|p2a: Heatran|Air Balloon\n|turn|4\n|\n|t:|1701176282\n|switch|p1a: Literally Me|Tyranitar, M|100\/100\n|-damage|p1a: Literally Me|88\/100|[from] Stealth Rock\n|-weather|Sandstorm|[from] ability: Sand Stream|[of] p1a: Literally Me\n|move|p2a: Heatran|Magma Storm|p1a: Literally Me|[miss]\n|-miss|p2a: Heatran|p1a: Literally Me\n|\n|-weather|Sandstorm|[upkeep]\n|-heal|p1a: Literally Me|94\/100|[from] item: Leftovers\n|upkeep\n|turn|5\n|\n|t:|1701176290\n|switch|p2a: Iron Valiant|Iron Valiant|100\/100\n|-enditem|p2a: Iron Valiant|Booster Energy\n|-activate|p2a: Iron Valiant|ability: Quark Drive|[fromitem]\n|-start|p2a: Iron Valiant|quarkdrivespe\n|move|p1a: Literally Me|Thunder Wave|p2a: Iron Valiant\n|-status|p2a: Iron Valiant|par\n|\n|-weather|Sandstorm|[upkeep]\n|-damage|p2a: Iron Valiant|94\/100 par|[from] Sandstorm\n|-heal|p1a: Literally Me|100\/100|[from] item: Leftovers\n|upkeep\n|turn|6\n|\n|t:|1701176298\n|switch|p1a: NO TOUCHING|Zapdos|100\/100\n|cant|p2a: Iron Valiant|par\n|\n|-weather|Sandstorm|[upkeep]\n|-damage|p2a: Iron Valiant|88\/100 par|[from] Sandstorm\n|-damage|p1a: NO TOUCHING|94\/100|[from] Sandstorm\n|upkeep\n|turn|7\n|\n|t:|1701176305\n|move|p2a: Iron Valiant|Moonblast|p1a: NO TOUCHING\n|-damage|p1a: NO TOUCHING|50\/100\n|move|p1a: NO TOUCHING|Volt Switch|p2a: Iron Valiant\n|-damage|p2a: Iron Valiant|39\/100 par\n|\n|t:|1701176321\n|switch|p1a: Child Abuse|Dragapult, M|88\/100|[from] Volt Switch\n|-damage|p1a: Child Abuse|76\/100|[from] Stealth Rock\n|\n|-weather|Sandstorm|[upkeep]\n|-damage|p1a: Child Abuse|70\/100|[from] Sandstorm\n|-damage|p2a: Iron Valiant|33\/100 par|[from] Sandstorm\n|upkeep\n|turn|8\n|\n|t:|1701176330\n|move|p1a: Child Abuse|Shadow Ball|p2a: Iron Valiant\n|-damage|p2a: Iron Valiant|0 fnt\n|faint|p2a: Iron Valiant\n|-end|p2a: Iron Valiant|Quark Drive|[silent]\n|\n|-weather|none\n|upkeep\n|\n|t:|1701176334\n|switch|p2a: Ogerpon|Ogerpon, F|100\/100\n|turn|9\n|\n|t:|1701176339\n|switch|p1a: Tinkaton Bait|Corviknight, F|100\/100\n|-damage|p1a: Tinkaton Bait|88\/100|[from] Stealth Rock\n|-ability|p1a: Tinkaton Bait|Pressure\n|move|p2a: Ogerpon|Knock Off|p1a: Tinkaton Bait\n|-damage|p1a: Tinkaton Bait|59\/100\n|-enditem|p1a: Tinkaton Bait|Covert Cloak|[from] move: Knock Off|[of] p2a: Ogerpon\n|\n|upkeep\n|turn|10\n|\n|t:|1701176348\n|switch|p2a: Dragapult|Dragapult, F|100\/100\n|move|p1a: Tinkaton Bait|U-turn|p2a: Dragapult\n|-resisted|p2a: Dragapult\n|-damage|p2a: Dragapult|91\/100\n|\n|t:|1701176353\n|switch|p1a: Literally Me|Tyranitar, M|100\/100|[from] U-turn\n|-damage|p1a: Literally Me|88\/100|[from] Stealth Rock\n|-weather|Sandstorm|[from] ability: Sand Stream|[of] p1a: Literally Me\n|\n|-weather|Sandstorm|[upkeep]\n|-damage|p2a: Dragapult|85\/100|[from] Sandstorm\n|-heal|p1a: Literally Me|94\/100|[from] item: Leftovers\n|upkeep\n|turn|11\n|\n|t:|1701176358\n|move|p2a: Dragapult|U-turn|p1a: Literally Me\n|-supereffective|p1a: Literally Me\n|-damage|p1a: Literally Me|67\/100\n|\n|t:|1701176363\n|switch|p2a: Heatran|Heatran, F|100\/100|[from] U-turn\n|-item|p2a: Heatran|Air Balloon\n|move|p1a: Literally Me|Knock Off|p2a: Heatran\n|-damage|p2a: Heatran|67\/100\n|-enditem|p2a: Heatran|Air Balloon\n|\n|-weather|Sandstorm|[upkeep]\n|-heal|p1a: Literally Me|73\/100|[from] item: Leftovers\n|upkeep\n|turn|12\n|\n|t:|1701176372\n|move|p2a: Heatran|Taunt|p1a: Literally Me\n|-start|p1a: Literally Me|move: Taunt\n|cant|p1a: Literally Me|move: Taunt|Thunder Wave\n|\n|-weather|Sandstorm|[upkeep]\n|-heal|p1a: Literally Me|79\/100|[from] item: Leftovers\n|upkeep\n|turn|13\n|\n|t:|1701176384\n|switch|p1a: Shrek\u2019s Wife|Ogerpon-Wellspring, F|100\/100\n|-damage|p1a: Shrek\u2019s Wife|88\/100|[from] Stealth Rock\n|move|p2a: Heatran|Earth Power|p1a: Shrek\u2019s Wife\n|-resisted|p1a: Shrek\u2019s Wife\n|-damage|p1a: Shrek\u2019s Wife|72\/100\n|\n|-weather|Sandstorm|[upkeep]\n|-damage|p1a: Shrek\u2019s Wife|66\/100|[from] Sandstorm\n|upkeep\n|turn|14\n|\n|t:|1701176406\n|move|p1a: Shrek\u2019s Wife|Ivy Cudgel|p2a: Heatran|[anim] Ivy Cudgel Water\n|-supereffective|p2a: Heatran\n|-damage|p2a: Heatran|0 fnt\n|faint|p2a: Heatran\n|\n|-weather|none\n|upkeep\n|c|\u2606Underrated123456|Wtum the most adorable creature\n|c|\u2606Underrated123456|Wtdm\n|c|\u2606Underrated123456|Ogerpon is adorable\n|\n|t:|1701176430\n|switch|p2a: Ogerpon|Ogerpon, F|100\/100\n|turn|15\n|\n|t:|1701176435\n|move|p1a: Shrek\u2019s Wife|Ivy Cudgel|p2a: Ogerpon|[anim] Ivy Cudgel Water\n|-resisted|p2a: Ogerpon\n|-damage|p2a: Ogerpon|64\/100\n|move|p2a: Ogerpon|U-turn|p1a: Shrek\u2019s Wife\n|-supereffective|p1a: Shrek\u2019s Wife\n|-damage|p1a: Shrek\u2019s Wife|0 fnt\n|faint|p1a: Shrek\u2019s Wife\n|\n|t:|1701176438\n|switch|p2a: Dragapult|Dragapult, F|85\/100|[from] U-turn\n|\n|upkeep\n|\n|t:|1701176442\n|switch|p1a: Literally Me|Tyranitar, M|79\/100\n|-damage|p1a: Literally Me|67\/100|[from] Stealth Rock\n|-weather|Sandstorm|[from] ability: Sand Stream|[of] p1a: Literally Me\n|turn|16\n|\n|t:|1701176449\n|move|p2a: Dragapult|Draco Meteor|p1a: Literally Me\n|-damage|p1a: Literally Me|34\/100\n|-unboost|p2a: Dragapult|spa|2\n|move|p1a: Literally Me|Thunder Wave|p2a: Dragapult\n|-status|p2a: Dragapult|par\n|\n|-weather|Sandstorm|[upkeep]\n|-damage|p2a: Dragapult|79\/100 par|[from] Sandstorm\n|-heal|p1a: Literally Me|41\/100|[from] item: Leftovers\n|upkeep\n|turn|17\n|\n|t:|1701176460\n|move|p2a: Dragapult|Draco Meteor|p1a: Literally Me|[miss]\n|-miss|p2a: Dragapult|p1a: Literally Me\n|move|p1a: Literally Me|Stealth Rock|p2a: Dragapult\n|-sidestart|p2: Underrated123456|move: Stealth Rock\n|\n|-weather|Sandstorm|[upkeep]\n|-damage|p2a: Dragapult|73\/100 par|[from] Sandstorm\n|-heal|p1a: Literally Me|47\/100|[from] item: Leftovers\n|upkeep\n|turn|18\n|\n|t:|1701176470\n|switch|p2a: Kingambit|Kingambit, M|100\/100\n|-damage|p2a: Kingambit|94\/100|[from] Stealth Rock\n|-activate|p2a: Kingambit|ability: Supreme Overlord\n|-start|p2a: Kingambit|fallen3|[silent]\n|move|p1a: Literally Me|Knock Off|p2a: Kingambit\n|-resisted|p2a: Kingambit\n|-damage|p2a: Kingambit|77\/100\n|-enditem|p2a: Kingambit|Black Glasses|[from] move: Knock Off|[of] p1a: Literally Me\n|\n|-weather|Sandstorm|[upkeep]\n|-heal|p1a: Literally Me|53\/100|[from] item: Leftovers\n|upkeep\n|turn|19\n|\n|t:|1701176494\n|move|p1a: Literally Me|Thunder Wave|p2a: Kingambit|[miss]\n|-miss|p1a: Literally Me|p2a: Kingambit\n|move|p2a: Kingambit|Low Kick|p1a: Literally Me\n|-supereffective|p1a: Literally Me\n|-damage|p1a: Literally Me|0 fnt\n|faint|p1a: Literally Me\n|\n|-weather|Sandstorm|[upkeep]\n|upkeep\n|\n|t:|1701176506\n|switch|p1a: NO TOUCHING|Zapdos|50\/100\n|turn|20\n|\n|t:|1701176510\n|move|p1a: NO TOUCHING|Roost|p1a: NO TOUCHING\n|-heal|p1a: NO TOUCHING|99\/100\n|-singleturn|p1a: NO TOUCHING|move: Roost\n|move|p2a: Kingambit|Kowtow Cleave|p1a: NO TOUCHING\n|-damage|p1a: NO TOUCHING|55\/100\n|\n|-weather|none\n|upkeep\n|turn|21\n|\n|t:|1701176519\n|move|p1a: NO TOUCHING|Heat Wave|p2a: Kingambit\n|-supereffective|p2a: Kingambit\n|-damage|p2a: Kingambit|25\/100\n|move|p2a: Kingambit|Swords Dance|p2a: Kingambit\n|-boost|p2a: Kingambit|atk|2\n|\n|upkeep\n|turn|22\n|\n|t:|1701176533\n|-terastallize|p1a: NO TOUCHING|Fairy\n|move|p2a: Kingambit|Sucker Punch|p1a: NO TOUCHING\n|-resisted|p1a: NO TOUCHING\n|-damage|p1a: NO TOUCHING|19\/100\n|-status|p2a: Kingambit|par|[from] ability: Static|[of] p1a: NO TOUCHING\n|move|p1a: NO TOUCHING|Volt Switch|p2a: Kingambit\n|-crit|p2a: Kingambit\n|-damage|p2a: Kingambit|0 fnt\n|faint|p2a: Kingambit\n|-end|p2a: Kingambit|fallen3|[silent]\n|\n|t:|1701176539\n|switch|p1a: Child Abuse|Dragapult, M|70\/100|[from] Volt Switch\n|-damage|p1a: Child Abuse|58\/100|[from] Stealth Rock\n|\n|upkeep\n|\n|t:|1701176543\n|switch|p2a: Ogerpon|Ogerpon, F|64\/100\n|-damage|p2a: Ogerpon|52\/100|[from] Stealth Rock\n|turn|23\n|\n|t:|1701176556\n|-terastallize|p2a: Ogerpon|Grass\n|detailschange|p2a: Ogerpon|Ogerpon-Teal-Tera, F, tera:Grass\n|-ability|p2a: Ogerpon|Embody Aspect (Teal)|boost\n|-boost|p2a: Ogerpon|spe|1\n|move|p2a: Ogerpon|Knock Off|p1a: Child Abuse\n|-supereffective|p1a: Child Abuse\n|-damage|p1a: Child Abuse|0 fnt\n|-enditem|p1a: Child Abuse|Choice Specs|[from] move: Knock Off|[of] p2a: Ogerpon\n|faint|p1a: Child Abuse\n|\n|upkeep\n|\n|t:|1701176566\n|switch|p1a: Tinkaton Bait|Corviknight, F|59\/100\n|-damage|p1a: Tinkaton Bait|47\/100|[from] Stealth Rock\n|-ability|p1a: Tinkaton Bait|Pressure\n|turn|24\n|\n|t:|1701176575\n|switch|p2a: Dragapult|Dragapult, F|73\/100 par\n|-damage|p2a: Dragapult|60\/100 par|[from] Stealth Rock\n|move|p1a: Tinkaton Bait|Roost|p1a: Tinkaton Bait\n|-heal|p1a: Tinkaton Bait|97\/100\n|-singleturn|p1a: Tinkaton Bait|move: Roost\n|\n|upkeep\n|turn|25\n|\n|t:|1701176584\n|move|p2a: Dragapult|Fire Blast|p1a: Tinkaton Bait\n|-supereffective|p1a: Tinkaton Bait\n|-damage|p1a: Tinkaton Bait|0 fnt\n|faint|p1a: Tinkaton Bait\n|\n|upkeep\n|\n|t:|1701176587\n|switch|p1a: NO TOUCHING|Zapdos, tera:Fairy|19\/100\n|turn|26\n|\n|t:|1701176589\n|move|p1a: NO TOUCHING|Roost|p1a: NO TOUCHING\n|-heal|p1a: NO TOUCHING|69\/100\n|move|p2a: Dragapult|Fire Blast|p1a: NO TOUCHING\n|-damage|p1a: NO TOUCHING|24\/100\n|\n|upkeep\n|turn|27\n|\n|t:|1701176597\n|move|p1a: NO TOUCHING|Roost|p1a: NO TOUCHING\n|-heal|p1a: NO TOUCHING|74\/100\n|move|p2a: Dragapult|Fire Blast|p1a: NO TOUCHING\n|-damage|p1a: NO TOUCHING|31\/100\n|-status|p1a: NO TOUCHING|brn\n|\n|-damage|p1a: NO TOUCHING|25\/100 brn|[from] brn\n|upkeep\n|turn|28\n|\n|t:|1701176603\n|move|p1a: NO TOUCHING|Roost|p1a: NO TOUCHING\n|-heal|p1a: NO TOUCHING|75\/100 brn\n|move|p2a: Dragapult|Fire Blast|p1a: NO TOUCHING\n|-damage|p1a: NO TOUCHING|29\/100 brn\n|\n|-damage|p1a: NO TOUCHING|23\/100 brn|[from] brn\n|upkeep\n|turn|29\n|\n|t:|1701176608\n|move|p1a: NO TOUCHING|Roost|p1a: NO TOUCHING\n|-heal|p1a: NO TOUCHING|73\/100 brn\n|move|p2a: Dragapult|Fire Blast|p1a: NO TOUCHING\n|-damage|p1a: NO TOUCHING|28\/100 brn\n|\n|-damage|p1a: NO TOUCHING|22\/100 brn|[from] brn\n|upkeep\n|turn|30\n|\n|t:|1701176616\n|move|p1a: NO TOUCHING|Roost|p1a: NO TOUCHING\n|-heal|p1a: NO TOUCHING|72\/100 brn\n|move|p2a: Dragapult|Fire Blast|p1a: NO TOUCHING\n|-damage|p1a: NO TOUCHING|29\/100 brn\n|\n|-damage|p1a: NO TOUCHING|23\/100 brn|[from] brn\n|upkeep\n|turn|31\n|\n|t:|1701176621\n|move|p1a: NO TOUCHING|Roost|p1a: NO TOUCHING\n|-heal|p1a: NO TOUCHING|73\/100 brn\n|cant|p2a: Dragapult|par\n|\n|-damage|p1a: NO TOUCHING|67\/100 brn|[from] brn\n|upkeep\n|turn|32\n|\n|t:|1701176626\n|move|p1a: NO TOUCHING|Hurricane|p2a: Dragapult|[miss]\n|-miss|p1a: NO TOUCHING|p2a: Dragapult\n|move|p2a: Dragapult|Fire Blast|p1a: NO TOUCHING\n|-damage|p1a: NO TOUCHING|21\/100 brn\n|\n|-damage|p1a: NO TOUCHING|15\/100 brn|[from] brn\n|upkeep\n|turn|33\n|\n|t:|1701176636\n|move|p1a: NO TOUCHING|Roost|p1a: NO TOUCHING\n|-heal|p1a: NO TOUCHING|65\/100 brn\n|-activate|p2a: Dragapult|move: Struggle\n|move|p2a: Dragapult|Struggle|p1a: NO TOUCHING\n|-damage|p1a: NO TOUCHING|56\/100 brn\n|-damage|p2a: Dragapult|36\/100 par|[from] recoil\n|\n|-damage|p1a: NO TOUCHING|50\/100 brn|[from] brn\n|upkeep\n|turn|34\n|\n|t:|1701176644\n|move|p1a: NO TOUCHING|Hurricane|p2a: Dragapult|[miss]\n|-miss|p1a: NO TOUCHING|p2a: Dragapult\n|-activate|p2a: Dragapult|move: Struggle\n|move|p2a: Dragapult|Struggle|p1a: NO TOUCHING\n|-damage|p1a: NO TOUCHING|41\/100 brn\n|-damage|p2a: Dragapult|11\/100 par|[from] recoil\n|\n|-damage|p1a: NO TOUCHING|35\/100 brn|[from] brn\n|upkeep\n|turn|35\n|\n|t:|1701176647\n|move|p1a: NO TOUCHING|Volt Switch|p2a: Dragapult\n|-resisted|p2a: Dragapult\n|-damage|p2a: Dragapult|0 fnt\n|faint|p2a: Dragapult\n|\n|-damage|p1a: NO TOUCHING|29\/100 brn|[from] brn\n|upkeep\n|\n|t:|1701176665\n|switch|p2a: Ogerpon|Ogerpon-Teal-Tera, F, tera:Grass|52\/100\n|-damage|p2a: Ogerpon|39\/100|[from] Stealth Rock\n|-ability|p2a: Ogerpon|Embody Aspect (Teal)|boost\n|-boost|p2a: Ogerpon|spe|1\n|turn|36\n|j| Ran Kob\n|inactive|TheZilla07 has 120 seconds left.\n|c|\u2606TheZilla07|Oops didn\u2019t see your message on turn 14\n|inactive|TheZilla07 has 90 seconds left.\n|c|\u2606TheZilla07|yeah Ogerpon is pretty cute but the water mask is kinda ugly tbh\n|inactive|TheZilla07 has 60 seconds left.\n|c|\u2606TheZilla07|The name felt fitting to me lol\n|\n|t:|1701176759\n|move|p2a: Ogerpon|Ivy Cudgel|p1a: NO TOUCHING\n|-damage|p1a: NO TOUCHING|0 fnt\n|faint|p1a: NO TOUCHING\n|\n|win|Underrated123456\n|raw|TheZilla07's rating: 1703 &rarr; <strong>1682<\/strong><br \/>(-21 for losing)\n|raw|Underrated123456's rating: 1677 &rarr; <strong>1698<\/strong><br \/>(+21 for winning)\n|c|\u2606TheZilla07|Anyways gg\n","uploadtime":1701176770,"views":16,"p1id":"thezilla07","p2id":"underrated123456","formatid":"gen9ou","rating":1682,"private":0,"password":""}