{"id":"gen9ou-1996186830","p1":"Slankster","p2":"Gyan99","format":"[Gen 9] OU","log":"|j|\u2606Slankster\n|j|\u2606Gyan99\n|t:|1700656677\n|gametype|singles\n|player|p1|Slankster|blackbelt-gen2|1305\n|player|p2|Gyan99|1|1330\n|teamsize|p1|6\n|teamsize|p2|6\n|gen|9\n|tier|[Gen 9] OU\n|rated|\n|rule|Sleep Clause Mod: Limit one foe put to sleep\n|rule|Species Clause: Limit one of each Pok\u00e9mon\n|rule|OHKO Clause: OHKO moves are banned\n|rule|Evasion Items Clause: Evasion items are banned\n|rule|Evasion Moves Clause: Evasion moves are banned\n|rule|Endless Battle Clause: Forcing endless battles is banned\n|rule|HP Percentage Mod: HP is shown in percentages\n|clearpoke\n|poke|p1|Ceruledge, F|\n|poke|p1|Hydreigon, F|\n|poke|p1|Ogerpon-Wellspring, F|\n|poke|p1|Kingambit, M|\n|poke|p1|Great Tusk|\n|poke|p1|Gholdengo|\n|poke|p2|Tyranitar, M|\n|poke|p2|Ogerpon-Cornerstone, F|\n|poke|p2|Gastrodon-East, F|\n|poke|p2|Clodsire, M|\n|poke|p2|Corviknight, M|\n|poke|p2|Clefable, M|\n|teampreview\n|inactive|Battle timer is ON: inactive players will automatically lose when time's up. (requested by Slankster)\n|\n|t:|1700656694\n|start\n|switch|p1a: Gholdengo|Gholdengo|100\/100\n|switch|p2a: Tyranitar|Tyranitar, M|100\/100\n|-weather|Sandstorm|[from] ability: Sand Stream|[of] p2a: Tyranitar\n|turn|1\n|\n|t:|1700656712\n|-terastallize|p1a: Gholdengo|Fighting\n|move|p1a: Gholdengo|Focus Blast|p2a: Tyranitar|[miss]\n|-miss|p1a: Gholdengo|p2a: Tyranitar\n|move|p2a: Tyranitar|Knock Off|p1a: Gholdengo\n|-resisted|p1a: Gholdengo\n|-crit|p1a: Gholdengo\n|-damage|p1a: Gholdengo|52\/100\n|-enditem|p1a: Gholdengo|Choice Scarf|[from] move: Knock Off|[of] p2a: Tyranitar\n|\n|-weather|Sandstorm|[upkeep]\n|-damage|p1a: Gholdengo|46\/100|[from] Sandstorm\n|upkeep\n|turn|2\n|\n|t:|1700656735\n|switch|p2a: Clodsire|Clodsire, M|100\/100\n|move|p1a: Gholdengo|Focus Blast|p2a: Clodsire\n|-resisted|p2a: Clodsire\n|-damage|p2a: Clodsire|83\/100\n|\n|-weather|Sandstorm|[upkeep]\n|-damage|p1a: Gholdengo|40\/100|[from] Sandstorm\n|-heal|p2a: Clodsire|89\/100|[from] item: Leftovers\n|upkeep\n|turn|3\n|inactive|Slankster has 120 seconds left.\n|\n|t:|1700656762\n|switch|p1a: Hydreigon|Hydreigon, F|100\/100\n|move|p2a: Clodsire|Stealth Rock|p1a: Hydreigon\n|-sidestart|p1: Slankster|move: Stealth Rock\n|\n|-weather|Sandstorm|[upkeep]\n|-damage|p1a: Hydreigon|94\/100|[from] Sandstorm\n|-heal|p1a: Hydreigon|100\/100|[from] item: Leftovers\n|-heal|p2a: Clodsire|95\/100|[from] item: Leftovers\n|upkeep\n|turn|4\n|\n|t:|1700656775\n|switch|p2a: Clefable|Clefable, M|100\/100\n|move|p1a: Hydreigon|Substitute|p1a: Hydreigon\n|-start|p1a: Hydreigon|Substitute\n|-damage|p1a: Hydreigon|76\/100\n|\n|-weather|Sandstorm|[upkeep]\n|-damage|p1a: Hydreigon|69\/100|[from] Sandstorm\n|-heal|p1a: Hydreigon|76\/100|[from] item: Leftovers\n|-status|p2a: Clefable|brn|[from] item: Flame Orb\n|upkeep\n|turn|5\n|inactive|Slankster has 120 seconds left.\n|\n|t:|1700656789\n|move|p1a: Hydreigon|Nasty Plot|p1a: Hydreigon\n|-boost|p1a: Hydreigon|spa|2\n|move|p2a: Clefable|Moonblast|p1a: Hydreigon\n|-supereffective|p1a: Hydreigon\n|-end|p1a: Hydreigon|Substitute\n|\n|-weather|none\n|-heal|p1a: Hydreigon|82\/100|[from] item: Leftovers\n|upkeep\n|turn|6\n|inactive|Slankster has 120 seconds left.\n|\n|t:|1700656819\n|move|p1a: Hydreigon|Earth Power|p2a: Clefable\n|-damage|p2a: Clefable|47\/100 brn\n|move|p2a: Clefable|Moonblast|p1a: Hydreigon\n|-supereffective|p1a: Hydreigon\n|-damage|p1a: Hydreigon|0 fnt\n|faint|p1a: Hydreigon\n|\n|upkeep\n|\n|t:|1700656826\n|switch|p1a: Great Tusk|Great Tusk|100\/100\n|turn|7\n|\n|t:|1700656837\n|move|p1a: Great Tusk|Rapid Spin|p2a: Clefable\n|-damage|p2a: Clefable|34\/100 brn\n|-boost|p1a: Great Tusk|spe|1\n|-sideend|p1: Slankster|Stealth Rock|[from] move: Rapid Spin|[of] p1a: Great Tusk\n|move|p2a: Clefable|Trick|p1a: Great Tusk\n|-activate|p2a: Clefable|move: Trick|[of] p1a: Great Tusk\n|-item|p1a: Great Tusk|Flame Orb|[from] move: Trick\n|-item|p2a: Clefable|Heavy-Duty Boots|[from] move: Trick\n|\n|-status|p1a: Great Tusk|brn|[from] item: Flame Orb\n|upkeep\n|turn|8\n|\n|t:|1700656858\n|move|p1a: Great Tusk|Knock Off|p2a: Clefable\n|-resisted|p2a: Clefable\n|-damage|p2a: Clefable|28\/100 brn\n|-enditem|p2a: Clefable|Heavy-Duty Boots|[from] move: Knock Off|[of] p1a: Great Tusk\n|move|p2a: Clefable|Wish|p2a: Clefable\n|\n|-damage|p1a: Great Tusk|94\/100 brn|[from] brn\n|upkeep\n|turn|9\n|\n|t:|1700656864\n|move|p1a: Great Tusk|Headlong Rush|p2a: Clefable\n|-damage|p2a: Clefable|3\/100 brn\n|-unboost|p1a: Great Tusk|def|1\n|-unboost|p1a: Great Tusk|spd|1\n|move|p2a: Clefable|Moonblast|p1a: Great Tusk\n|-supereffective|p1a: Great Tusk\n|-damage|p1a: Great Tusk|0 fnt\n|faint|p1a: Great Tusk\n|-end|p1a: Great Tusk|Protosynthesis|[silent]\n|\n|-heal|p2a: Clefable|53\/100 brn|[from] move: Wish|[wisher] Clefable\n|upkeep\n|\n|t:|1700656881\n|switch|p1a: Gholdengo|Gholdengo, tera:Fighting|40\/100\n|turn|10\n|\n|t:|1700656889\n|switch|p2a: Gastrodon|Gastrodon-East, F|100\/100\n|move|p1a: Gholdengo|Make It Rain|p2a: Gastrodon\n|-resisted|p2a: Gastrodon\n|-damage|p2a: Gastrodon|72\/100\n|-unboost|p1a: Gholdengo|spa|1\n|\n|upkeep\n|turn|11\n|\n|t:|1700656906\n|switch|p1a: Ogerpon|Ogerpon-Wellspring, F|100\/100\n|move|p2a: Gastrodon|Earth Power|p1a: Ogerpon\n|-resisted|p1a: Ogerpon\n|-damage|p1a: Ogerpon|77\/100\n|\n|upkeep\n|turn|12\n|\n|t:|1700656918\n|switch|p2a: Corviknight|Corviknight, M|100\/100\n|move|p1a: Ogerpon|Swords Dance|p1a: Ogerpon\n|-boost|p1a: Ogerpon|atk|2\n|\n|upkeep\n|turn|13\n|\n|t:|1700656934\n|switch|p1a: Gholdengo|Gholdengo, tera:Fighting|40\/100\n|move|p2a: Corviknight|U-turn|p1a: Gholdengo\n|-resisted|p1a: Gholdengo\n|-damage|p1a: Gholdengo|32\/100\n|\n|t:|1700656945\n|switch|p2a: Tyranitar|Tyranitar, M|100\/100|[from] U-turn\n|-weather|Sandstorm|[from] ability: Sand Stream|[of] p2a: Tyranitar\n|\n|-weather|Sandstorm|[upkeep]\n|-damage|p1a: Gholdengo|26\/100|[from] Sandstorm\n|upkeep\n|turn|14\n|\n|t:|1700656958\n|-terastallize|p2a: Tyranitar|Fairy\n|move|p1a: Gholdengo|Focus Blast|p2a: Tyranitar\n|-resisted|p2a: Tyranitar\n|-damage|p2a: Tyranitar|69\/100\n|-unboost|p2a: Tyranitar|spd|1\n|move|p2a: Tyranitar|Dragon Dance|p2a: Tyranitar\n|-boost|p2a: Tyranitar|atk|1\n|-boost|p2a: Tyranitar|spe|1\n|\n|-weather|Sandstorm|[upkeep]\n|-damage|p2a: Tyranitar|63\/100|[from] Sandstorm\n|-damage|p1a: Gholdengo|20\/100|[from] Sandstorm\n|-heal|p2a: Tyranitar|69\/100|[from] item: Leftovers\n|upkeep\n|turn|15\n|inactive|Slankster has 120 seconds left.\n|\n|t:|1700656975\n|move|p2a: Tyranitar|Earthquake|p1a: Gholdengo\n|-damage|p1a: Gholdengo|0 fnt\n|faint|p1a: Gholdengo\n|\n|-weather|Sandstorm|[upkeep]\n|-damage|p2a: Tyranitar|63\/100|[from] Sandstorm\n|-heal|p2a: Tyranitar|69\/100|[from] item: Leftovers\n|upkeep\n|\n|t:|1700656983\n|switch|p1a: Kingambit|Kingambit, M|100\/100\n|-activate|p1a: Kingambit|ability: Supreme Overlord\n|-start|p1a: Kingambit|fallen3|[silent]\n|turn|16\n|inactive|Slankster has 120 seconds left.\n|\n|t:|1700656998\n|move|p2a: Tyranitar|Earthquake|p1a: Kingambit\n|-supereffective|p1a: Kingambit\n|-damage|p1a: Kingambit|0 fnt\n|faint|p1a: Kingambit\n|-end|p1a: Kingambit|fallen3|[silent]\n|\n|-weather|Sandstorm|[upkeep]\n|-damage|p2a: Tyranitar|63\/100|[from] Sandstorm\n|-heal|p2a: Tyranitar|69\/100|[from] item: Leftovers\n|upkeep\n|inactive|Slankster has 120 seconds left.\n|\n|t:|1700657006\n|switch|p1a: Ogerpon|Ogerpon-Wellspring, F|77\/100\n|turn|17\n|\n|t:|1700657016\n|move|p1a: Ogerpon|Ivy Cudgel|p2a: Tyranitar|[anim] Ivy Cudgel Water\n|-damage|p2a: Tyranitar|16\/100\n|move|p2a: Tyranitar|Tera Blast|p1a: Ogerpon|[anim] Tera Blast Fairy\n|-damage|p1a: Ogerpon|0 fnt\n|faint|p1a: Ogerpon\n|\n|-weather|none\n|-heal|p2a: Tyranitar|22\/100|[from] item: Leftovers\n|upkeep\n|\n|t:|1700657024\n|switch|p1a: Ceruledge|Ceruledge, F|100\/100\n|turn|18\n|\n|t:|1700657028\n|move|p2a: Tyranitar|Earthquake|p1a: Ceruledge\n|-supereffective|p1a: Ceruledge\n|-enditem|p1a: Ceruledge|Focus Sash\n|-damage|p1a: Ceruledge|1\/100\n|-ability|p1a: Ceruledge|Weak Armor|boost\n|-unboost|p1a: Ceruledge|def|1\n|-boost|p1a: Ceruledge|spe|2\n|move|p1a: Ceruledge|Poltergeist|p2a: Tyranitar\n|-activate|p2a: Tyranitar|move: Poltergeist|Leftovers\n|-damage|p2a: Tyranitar|0 fnt\n|faint|p2a: Tyranitar\n|\n|upkeep\n|\n|t:|1700657045\n|switch|p2a: Ogerpon|Ogerpon-Cornerstone, F|100\/100\n|turn|19\n|\n|t:|1700657060\n|move|p1a: Ceruledge|Close Combat|p2a: Ogerpon\n|-supereffective|p2a: Ogerpon\n|-ability|p2a: Ogerpon|Sturdy\n|-damage|p2a: Ogerpon|1\/100\n|-unboost|p1a: Ceruledge|def|1\n|-unboost|p1a: Ceruledge|spd|1\n|move|p2a: Ogerpon|Ivy Cudgel|p1a: Ceruledge|[anim] Ivy Cudgel Rock\n|-supereffective|p1a: Ceruledge\n|-damage|p1a: Ceruledge|0 fnt\n|faint|p1a: Ceruledge\n|\n|win|Gyan99\n|raw|Slankster's rating: 1305 &rarr; <strong>1286<\/strong><br \/>(-19 for losing)\n|raw|Gyan99's rating: 1330 &rarr; <strong>1349<\/strong><br \/>(+19 for winning)\n|c|\u2606Slankster|gg\n|c|\u2606Gyan99|Gg\n|l|\u2606Slankster\n","uploadtime":1700657077,"views":5,"p1id":"slankster","p2id":"gyan99","formatid":"gen9ou","rating":1286,"private":0,"password":""}