{"id":"gen9ou-1998367301","p1":"PLAYB0I R0BBIE B","p2":"yomommasbf","format":"[Gen 9] OU","log":"|j|\u2606PLAYB0I R0BBIE B\n|j|\u2606yomommasbf\n|t:|1700934437\n|gametype|singles\n|player|p1|PLAYB0I R0BBIE B|eusine|1333\n|player|p2|yomommasbf|battlegirl-gen4|1405\n|teamsize|p1|6\n|teamsize|p2|6\n|gen|9\n|tier|[Gen 9] OU\n|rated|\n|rule|Sleep Clause Mod: Limit one foe put to sleep\n|rule|Species Clause: Limit one of each Pok\u00e9mon\n|rule|OHKO Clause: OHKO moves are banned\n|rule|Evasion Items Clause: Evasion items are banned\n|rule|Evasion Moves Clause: Evasion moves are banned\n|rule|Endless Battle Clause: Forcing endless battles is banned\n|rule|HP Percentage Mod: HP is shown in percentages\n|clearpoke\n|poke|p1|Meowscarada, F|\n|poke|p1|Heatran, F|\n|poke|p1|Thundurus-Therian, M|\n|poke|p1|Dragapult, F|\n|poke|p1|Great Tusk|\n|poke|p1|Azumarill, F|\n|poke|p2|Iron Moth|\n|poke|p2|Ogerpon-Wellspring, F|\n|poke|p2|Great Tusk|\n|poke|p2|Garganacl, F|\n|poke|p2|Thundurus-Therian, M|\n|poke|p2|Gholdengo|\n|teampreview\n|\n|t:|1700934451\n|start\n|switch|p1a: SICKO MODE|Meowscarada, F|100\/100\n|switch|p2a: Maria Rose Sina|Garganacl, F|100\/100\n|turn|1\n|inactive|Battle timer is ON: inactive players will automatically lose when time's up. (requested by PLAYB0I R0BBIE B)\n|c|\u2606yomommasbf|didnt we fight before\n|c|\u2606PLAYB0I R0BBIE B|no clue\n|c|\u2606yomommasbf|dont u have like album names as pokemon\n|\n|t:|1700934492\n|move|p1a: SICKO MODE|Low Kick|p2a: Maria Rose Sina\n|-start|p1a: SICKO MODE|typechange|Fighting|[from] ability: Protean\n|-supereffective|p2a: Maria Rose Sina\n|-crit|p2a: Maria Rose Sina\n|-damage|p2a: Maria Rose Sina|0 fnt\n|faint|p2a: Maria Rose Sina\n|\n|upkeep\n|c|\u2606PLAYB0I R0BBIE B|yeah\n|\n|t:|1700934500\n|switch|p2a: za speed|Iron Moth, shiny|100\/100\n|-enditem|p2a: za speed|Booster Energy\n|-activate|p2a: za speed|ability: Quark Drive|[fromitem]\n|-start|p2a: za speed|quarkdrivespe\n|turn|2\n|\n|t:|1700934507\n|switch|p1a: 5% TINT|Heatran, F|100\/100\n|-item|p1a: 5% TINT|Air Balloon\n|move|p2a: za speed|Substitute|p2a: za speed\n|-start|p2a: za speed|Substitute\n|-damage|p2a: za speed|76\/100\n|\n|upkeep\n|turn|3\n|\n|t:|1700934514\n|move|p2a: za speed|Psychic|p1a: 5% TINT\n|-resisted|p1a: 5% TINT\n|-damage|p1a: 5% TINT|87\/100\n|-enditem|p1a: 5% TINT|Air Balloon\n|move|p1a: 5% TINT|Earth Power|p2a: za speed\n|-supereffective|p2a: za speed\n|-end|p2a: za speed|Substitute\n|\n|upkeep\n|turn|4\n|\n|t:|1700934527\n|-end|p2a: za speed|Quark Drive|[silent]\n|switch|p2a: RAHHH|Ogerpon-Wellspring, F|100\/100\n|move|p1a: 5% TINT|Earth Power|p2a: RAHHH\n|-resisted|p2a: RAHHH\n|-damage|p2a: RAHHH|80\/100\n|\n|upkeep\n|turn|5\n|\n|t:|1700934534\n|switch|p1a: NO BYSTANDERS|Dragapult, F|100\/100\n|move|p2a: RAHHH|Swords Dance|p2a: RAHHH\n|-boost|p2a: RAHHH|atk|2\n|\n|upkeep\n|turn|6\n|\n|t:|1700934549\n|move|p1a: NO BYSTANDERS|Thunder Wave|p2a: RAHHH\n|-status|p2a: RAHHH|par\n|move|p2a: RAHHH|Ivy Cudgel|p1a: NO BYSTANDERS|[anim] Ivy Cudgel Water\n|-resisted|p1a: NO BYSTANDERS\n|-damage|p1a: NO BYSTANDERS|10\/100\n|\n|upkeep\n|turn|7\n|\n|t:|1700934564\n|move|p1a: NO BYSTANDERS|Hex|p2a: RAHHH\n|-damage|p2a: RAHHH|16\/100 par\n|move|p2a: RAHHH|Horn Leech|p1a: NO BYSTANDERS\n|-resisted|p1a: NO BYSTANDERS\n|-damage|p1a: NO BYSTANDERS|0 fnt\n|-heal|p2a: RAHHH|21\/100 par|[from] drain|[of] p1a: NO BYSTANDERS\n|faint|p1a: NO BYSTANDERS\n|\n|upkeep\n|\n|t:|1700934568\n|switch|p1a: SICKO MODE|Meowscarada, F|100\/100\n|turn|8\n|\n|t:|1700934581\n|switch|p2a: ban him|Gholdengo, shiny|100\/100\n|move|p1a: SICKO MODE|U-turn|p2a: ban him\n|-start|p1a: SICKO MODE|typechange|Bug|[from] ability: Protean\n|-resisted|p2a: ban him\n|-damage|p2a: ban him|86\/100\n|\n|t:|1700934596\n|switch|p1a: YOSEMITE|Great Tusk|100\/100|[from] U-turn\n|\n|upkeep\n|turn|9\n|\n|t:|1700934606\n|-terastallize|p2a: ban him|Fairy\n|move|p2a: ban him|Dazzling Gleam|p1a: YOSEMITE\n|-supereffective|p1a: YOSEMITE\n|-damage|p1a: YOSEMITE|0 fnt\n|faint|p1a: YOSEMITE\n|-end|p1a: YOSEMITE|Protosynthesis|[silent]\n|\n|upkeep\n|\n|t:|1700934612\n|switch|p1a: ASTROTHUNDER|Thundurus-Therian, M|100\/100\n|turn|10\n|\n|t:|1700934619\n|move|p2a: ban him|Dazzling Gleam|p1a: ASTROTHUNDER\n|-damage|p1a: ASTROTHUNDER|39\/100\n|move|p1a: ASTROTHUNDER|Volt Switch|p2a: ban him\n|-damage|p2a: ban him|41\/100\n|\n|t:|1700934625\n|switch|p1a: CAN'T SAY|Azumarill, F|100\/100|[from] Volt Switch\n|\n|upkeep\n|turn|11\n|c|\u2606yomommasbf|astro thunder for thundurus lowkey tuff\n|c|\u2606PLAYB0I R0BBIE B|fr\n|\n|t:|1700934641\n|switch|p2a: Zeus|Thundurus-Therian, M, shiny|100\/100\n|move|p1a: CAN'T SAY|Play Rough|p2a: Zeus\n|-damage|p2a: Zeus|17\/100\n|\n|upkeep\n|turn|12\n|\n|t:|1700934657\n|move|p1a: CAN'T SAY|Aqua Jet|p2a: Zeus\n|-damage|p2a: Zeus|0 fnt\n|faint|p2a: Zeus\n|\n|upkeep\n|\n|t:|1700934675\n|switch|p2a: za speed|Iron Moth, shiny|76\/100\n|turn|13\n|\n|t:|1700934679\n|-end|p2a: za speed|Quark Drive|[silent]\n|switch|p2a: RAHHH|Ogerpon-Wellspring, F|21\/100 par\n|switch|p1a: 5% TINT|Heatran, F|87\/100\n|\n|upkeep\n|turn|14\n|\n|t:|1700934694\n|switch|p1a: ASTROTHUNDER|Thundurus-Therian, M|39\/100\n|move|p2a: RAHHH|Ivy Cudgel|p1a: ASTROTHUNDER|[anim] Ivy Cudgel Water\n|-damage|p1a: ASTROTHUNDER|0 fnt\n|faint|p1a: ASTROTHUNDER\n|\n|upkeep\n|\n|t:|1700934701\n|switch|p1a: SICKO MODE|Meowscarada, F|100\/100\n|turn|15\n|\n|t:|1700934717\n|switch|p2a: za speed|Iron Moth, shiny|76\/100\n|move|p1a: SICKO MODE|U-turn|p2a: za speed\n|-start|p1a: SICKO MODE|typechange|Bug|[from] ability: Protean\n|-resisted|p2a: za speed\n|-damage|p2a: za speed|57\/100\n|\n|t:|1700934719\n|switch|p1a: 5% TINT|Heatran, F|87\/100|[from] U-turn\n|\n|upkeep\n|turn|16\n|\n|t:|1700934730\n|-end|p2a: za speed|Quark Drive|[silent]\n|switch|p2a: Super Task|Great Tusk|100\/100\n|-enditem|p2a: Super Task|Booster Energy\n|-activate|p2a: Super Task|ability: Protosynthesis|[fromitem]\n|-start|p2a: Super Task|protosynthesisspe\n|move|p1a: 5% TINT|Earth Power|p2a: Super Task\n|-damage|p2a: Super Task|64\/100\n|\n|upkeep\n|turn|17\n|\n|t:|1700934759\n|switch|p1a: CAN'T SAY|Azumarill, F|100\/100\n|move|p2a: Super Task|Headlong Rush|p1a: CAN'T SAY\n|-damage|p1a: CAN'T SAY|52\/100\n|-unboost|p2a: Super Task|def|1\n|-unboost|p2a: Super Task|spd|1\n|\n|upkeep\n|turn|18\n|\n|t:|1700934768\n|-end|p2a: Super Task|Protosynthesis|[silent]\n|switch|p2a: RAHHH|Ogerpon-Wellspring, F|21\/100 par\n|move|p1a: CAN'T SAY|Play Rough|p2a: RAHHH\n|-damage|p2a: RAHHH|0 fnt\n|faint|p2a: RAHHH\n|\n|upkeep\n|\n|t:|1700934775\n|switch|p2a: ban him|Gholdengo, shiny, tera:Fairy|41\/100\n|turn|19\n|\n|t:|1700934782\n|move|p2a: ban him|Make It Rain|p1a: CAN'T SAY\n|-damage|p1a: CAN'T SAY|10\/100\n|-unboost|p2a: ban him|spa|1\n|move|p1a: CAN'T SAY|Liquidation|p2a: ban him\n|-damage|p2a: ban him|0 fnt\n|faint|p2a: ban him\n|\n|upkeep\n|\n|t:|1700934792\n|switch|p2a: za speed|Iron Moth, shiny|57\/100\n|turn|20\n|\n|t:|1700934800\n|switch|p1a: 5% TINT|Heatran, F|87\/100\n|move|p2a: za speed|Sludge Wave|p1a: 5% TINT\n|-immune|p1a: 5% TINT\n|\n|upkeep\n|turn|21\n|\n|t:|1700934806\n|-end|p2a: za speed|Quark Drive|[silent]\n|switch|p2a: Super Task|Great Tusk|64\/100\n|move|p1a: 5% TINT|Earth Power|p2a: Super Task\n|-damage|p2a: Super Task|29\/100\n|\n|upkeep\n|turn|22\n|\n|t:|1700934813\n|switch|p1a: CAN'T SAY|Azumarill, F|10\/100\n|move|p2a: Super Task|Headlong Rush|p1a: CAN'T SAY\n|-damage|p1a: CAN'T SAY|0 fnt\n|-unboost|p2a: Super Task|def|1\n|-unboost|p2a: Super Task|spd|1\n|faint|p1a: CAN'T SAY\n|\n|upkeep\n|\n|t:|1700934815\n|switch|p1a: SICKO MODE|Meowscarada, F|100\/100\n|turn|23\n|\n|t:|1700934823\n|move|p1a: SICKO MODE|Flower Trick|p2a: Super Task\n|-start|p1a: SICKO MODE|typechange|Grass|[from] ability: Protean\n|-supereffective|p2a: Super Task\n|-crit|p2a: Super Task\n|-damage|p2a: Super Task|0 fnt\n|faint|p2a: Super Task\n|-end|p2a: Super Task|Protosynthesis|[silent]\n|\n|upkeep\n|c|\u2606yomommasbf|gg\n|\n|t:|1700934833\n|switch|p2a: za speed|Iron Moth, shiny|57\/100\n|turn|24\n|c|\u2606PLAYB0I R0BBIE B|gg\n|\n|t:|1700934838\n|move|p1a: SICKO MODE|Flower Trick|p2a: za speed\n|-resisted|p2a: za speed\n|-crit|p2a: za speed\n|-damage|p2a: za speed|25\/100\n|move|p2a: za speed|Sludge Wave|p1a: SICKO MODE\n|-supereffective|p1a: SICKO MODE\n|-damage|p1a: SICKO MODE|0 fnt\n|faint|p1a: SICKO MODE\n|\n|upkeep\n|\n|t:|1700934841\n|switch|p1a: 5% TINT|Heatran, F|87\/100\n|turn|25\n|\n|t:|1700934849\n|move|p2a: za speed|Psychic|p1a: 5% TINT\n|-resisted|p1a: 5% TINT\n|-damage|p1a: 5% TINT|73\/100\n|-unboost|p1a: 5% TINT|spd|1\n|move|p1a: 5% TINT|Earth Power|p2a: za speed\n|-supereffective|p2a: za speed\n|-damage|p2a: za speed|0 fnt\n|faint|p2a: za speed\n|-end|p2a: za speed|Quark Drive|[silent]\n|\n|win|PLAYB0I R0BBIE B\n|raw|PLAYB0I R0BBIE B's rating: 1333 &rarr; <strong>1357<\/strong><br \/>(+24 for winning)\n|raw|yomommasbf's rating: 1405 &rarr; <strong>1381<\/strong><br \/>(-24 for losing)\n","uploadtime":1700934857,"views":1,"p1id":"playb0ir0bbieb","p2id":"yomommasbf","formatid":"gen9ou","rating":1357,"private":0,"password":""}