{"id":"gen9ou-1995180484","p1":"Godspelmsger","p2":"safety coordinator","format":"[Gen 9] OU","log":"|j|\u2606Godspelmsger\n|j|\u2606safety coordinator\n|t:|1700531605\n|gametype|singles\n|player|p1|Godspelmsger|pokemaniac|1221\n|player|p2|safety coordinator|kamado|1307\n|teamsize|p1|6\n|teamsize|p2|6\n|gen|9\n|tier|[Gen 9] OU\n|rated|\n|rule|Sleep Clause Mod: Limit one foe put to sleep\n|rule|Species Clause: Limit one of each Pok\u00e9mon\n|rule|OHKO Clause: OHKO moves are banned\n|rule|Evasion Items Clause: Evasion items are banned\n|rule|Evasion Moves Clause: Evasion moves are banned\n|rule|Endless Battle Clause: Forcing endless battles is banned\n|rule|HP Percentage Mod: HP is shown in percentages\n|clearpoke\n|poke|p1|Poliwrath, F|\n|poke|p1|Pelipper, F|\n|poke|p1|Basculegion-F, F|\n|poke|p1|Beartic, M|\n|poke|p1|Overqwil, M|\n|poke|p1|Politoed, M|\n|poke|p2|Walking Wake|\n|poke|p2|Corviknight, F|\n|poke|p2|Slowking-Galar, M|\n|poke|p2|Samurott-Hisui, M|\n|poke|p2|Great Tusk|\n|poke|p2|Kingambit, M|\n|teampreview\n|inactive|Battle timer is ON: inactive players will automatically lose when time's up. (requested by Godspelmsger)\n|\n|t:|1700531616\n|start\n|switch|p1a: Pelipper|Pelipper, F|100\/100\n|switch|p2a: Samurott|Samurott-Hisui, M, shiny|100\/100\n|-weather|RainDance|[from] ability: Drizzle|[of] p1a: Pelipper\n|turn|1\n|\n|t:|1700531621\n|move|p2a: Samurott|Ceaseless Edge|p1a: Pelipper\n|-damage|p1a: Pelipper|54\/100\n|-sidestart|p1: Godspelmsger|Spikes\n|-damage|p2a: Samurott|91\/100|[from] item: Life Orb\n|move|p1a: Pelipper|U-turn|p2a: Samurott\n|-supereffective|p2a: Samurott\n|-damage|p2a: Samurott|69\/100\n|\n|t:|1700531633\n|switch|p1a: Poliwrath|Poliwrath, F|100\/100|[from] U-turn\n|-damage|p1a: Poliwrath|88\/100|[from] Spikes\n|\n|-weather|RainDance|[upkeep]\n|upkeep\n|turn|2\n|\n|t:|1700531644\n|switch|p2a: Corviknight|Corviknight, F|100\/100\n|move|p1a: Poliwrath|Belly Drum|p1a: Poliwrath\n|-damage|p1a: Poliwrath|38\/100\n|-setboost|p1a: Poliwrath|atk|6|[from] move: Belly Drum\n|\n|-weather|RainDance|[upkeep]\n|upkeep\n|turn|3\n|\n|t:|1700531656\n|move|p1a: Poliwrath|Liquidation|p2a: Corviknight\n|-damage|p2a: Corviknight|0 fnt\n|faint|p2a: Corviknight\n|\n|-weather|RainDance|[upkeep]\n|upkeep\n|\n|t:|1700531670\n|switch|p2a: Samurott|Samurott-Hisui, M, shiny|69\/100\n|turn|4\n|\n|t:|1700531673\n|move|p2a: Samurott|Sucker Punch|p1a: Poliwrath\n|-resisted|p1a: Poliwrath\n|-damage|p1a: Poliwrath|16\/100\n|-enditem|p1a: Poliwrath|Aguav Berry|[eat]\n|-heal|p1a: Poliwrath|50\/100|[from] item: Aguav Berry\n|-start|p1a: Poliwrath|confusion\n|-damage|p2a: Samurott|59\/100|[from] item: Life Orb\n|-activate|p1a: Poliwrath|confusion\n|move|p1a: Poliwrath|Drain Punch|p2a: Samurott\n|-supereffective|p2a: Samurott\n|-damage|p2a: Samurott|0 fnt\n|-heal|p1a: Poliwrath|79\/100|[from] drain|[of] p2a: Samurott\n|faint|p2a: Samurott\n|\n|-weather|RainDance|[upkeep]\n|upkeep\n|\n|t:|1700531683\n|switch|p2a: Great Tusk|Great Tusk|100\/100\n|turn|5\n|\n|t:|1700531689\n|-activate|p1a: Poliwrath|confusion\n|move|p1a: Poliwrath|Liquidation|p2a: Great Tusk\n|-supereffective|p2a: Great Tusk\n|-damage|p2a: Great Tusk|0 fnt\n|faint|p2a: Great Tusk\n|-end|p2a: Great Tusk|Protosynthesis|[silent]\n|\n|-weather|RainDance|[upkeep]\n|upkeep\n|\n|t:|1700531692\n|switch|p2a: Kingambit|Kingambit, M, shiny|100\/100\n|-activate|p2a: Kingambit|ability: Supreme Overlord\n|-start|p2a: Kingambit|fallen3|[silent]\n|turn|6\n|\n|t:|1700531698\n|-terastallize|p2a: Kingambit|Fighting\n|-activate|p1a: Poliwrath|confusion\n|move|p1a: Poliwrath|Drain Punch|p2a: Kingambit\n|-damage|p2a: Kingambit|0 fnt\n|-heal|p1a: Poliwrath|100\/100|[from] drain|[of] p2a: Kingambit\n|faint|p2a: Kingambit\n|-end|p2a: Kingambit|fallen3|[silent]\n|\n|-weather|RainDance|[upkeep]\n|upkeep\n|\n|t:|1700531703\n|switch|p2a: Slowking|Slowking-Galar, M|100\/100\n|turn|7\n|\n|t:|1700531707\n|-activate|p1a: Poliwrath|confusion\n|move|p1a: Poliwrath|Liquidation|p2a: Slowking\n|-damage|p2a: Slowking|0 fnt\n|faint|p2a: Slowking\n|\n|-weather|RainDance|[upkeep]\n|upkeep\n|\n|t:|1700531710\n|switch|p2a: Walking Wake|Walking Wake|100\/100\n|turn|8\n|\n|t:|1700531713\n|-end|p1a: Poliwrath|confusion\n|move|p1a: Poliwrath|Drain Punch|p2a: Walking Wake\n|-damage|p2a: Walking Wake|0 fnt\n|faint|p2a: Walking Wake\n|-end|p2a: Walking Wake|Protosynthesis|[silent]\n|\n|win|Godspelmsger\n|raw|Godspelmsger's rating: 1221 &rarr; <strong>1252<\/strong><br \/>(+31 for winning)\n|raw|safety coordinator's rating: 1307 &rarr; <strong>1282<\/strong><br \/>(-25 for losing)\n|l|\u2606safety coordinator\n","uploadtime":1700531724,"views":7,"p1id":"godspelmsger","p2id":"safetycoordinator","formatid":"gen9ou","rating":1252,"private":0,"password":""}