{"id":"gen9ou-1993556246","p1":"gcy9","p2":"illneverchooseyou","format":"[Gen 9] OU","log":"|j|\u2606gcy9\n|j|\u2606illneverchooseyou\n|t:|1700331372\n|gametype|singles\n|player|p1|gcy9|170|1493\n|player|p2|illneverchooseyou|psychic-gen4|1548\n|teamsize|p1|6\n|teamsize|p2|6\n|gen|9\n|tier|[Gen 9] OU\n|rated|\n|rule|Sleep Clause Mod: Limit one foe put to sleep\n|rule|Species Clause: Limit one of each Pok\u00e9mon\n|rule|OHKO Clause: OHKO moves are banned\n|rule|Evasion Items Clause: Evasion items are banned\n|rule|Evasion Moves Clause: Evasion moves are banned\n|rule|Endless Battle Clause: Forcing endless battles is banned\n|rule|HP Percentage Mod: HP is shown in percentages\n|clearpoke\n|poke|p1|Dragapult, M|\n|poke|p1|Iron Valiant|\n|poke|p1|Rillaboom, F|\n|poke|p1|Sneasler, F|\n|poke|p1|Great Tusk|\n|poke|p1|Walking Wake|\n|poke|p2|Great Tusk|\n|poke|p2|Ursaluna, M|\n|poke|p2|Dragapult, M|\n|poke|p2|Slowking-Galar, F|\n|poke|p2|Alomomola, F|\n|poke|p2|Mandibuzz, F|\n|teampreview\n|inactive|Battle timer is ON: inactive players will automatically lose when time's up. (requested by gcy9)\n|\n|t:|1700331416\n|start\n|switch|p1a: Dragapult|Dragapult, M|100\/100\n|switch|p2a: Dragapult|Dragapult, M|100\/100\n|turn|1\n|inactive|gcy9 has 120 seconds left.\n|\n|t:|1700331447\n|switch|p2a: Mandibuzz|Mandibuzz, F|100\/100\n|switch|p1a: Iron Valiant|Iron Valiant|100\/100\n|-enditem|p1a: Iron Valiant|Booster Energy\n|-activate|p1a: Iron Valiant|ability: Quark Drive|[fromitem]\n|-start|p1a: Iron Valiant|quarkdrivespe\n|\n|upkeep\n|turn|2\n|inactive|gcy9 has 120 seconds left.\n|\n|t:|1700331458\n|move|p1a: Iron Valiant|Moonblast|p2a: Mandibuzz\n|-supereffective|p2a: Mandibuzz\n|-damage|p2a: Mandibuzz|32\/100\n|move|p2a: Mandibuzz|Toxic|p1a: Iron Valiant\n|-status|p1a: Iron Valiant|tox\n|\n|-damage|p1a: Iron Valiant|94\/100 tox|[from] psn\n|upkeep\n|turn|3\n|\n|t:|1700331465\n|switch|p2a: Slowking|Slowking-Galar, F, shiny|100\/100\n|move|p1a: Iron Valiant|Moonblast|p2a: Slowking\n|-resisted|p2a: Slowking\n|-damage|p2a: Slowking|86\/100\n|-unboost|p2a: Slowking|spa|1\n|\n|-damage|p1a: Iron Valiant|82\/100 tox|[from] psn\n|upkeep\n|turn|4\n|\n|t:|1700331477\n|move|p1a: Iron Valiant|Shadow Ball|p2a: Slowking\n|-supereffective|p2a: Slowking\n|-damage|p2a: Slowking|53\/100\n|move|p2a: Slowking|Future Sight|p1a: Iron Valiant\n|-start|p2a: Slowking|move: Future Sight\n|\n|-damage|p1a: Iron Valiant|63\/100 tox|[from] psn\n|upkeep\n|turn|5\n|\n|t:|1700331484\n|move|p1a: Iron Valiant|Destiny Bond|p1a: Iron Valiant\n|-singlemove|p1a: Iron Valiant|Destiny Bond\n|move|p2a: Slowking|Chilly Reception|p2a: Slowking\n|-weather|Snow\n|\n|t:|1700331497\n|switch|p2a: Dragapult|Dragapult, M|100\/100|[from] Chilly Reception\n|\n|-weather|Snow|[upkeep]\n|-damage|p1a: Iron Valiant|38\/100 tox|[from] psn\n|upkeep\n|turn|6\n|inactive|gcy9 has 120 seconds left.\n|\n|t:|1700331547\n|switch|p2a: Slowking|Slowking-Galar, F, shiny|86\/100\n|move|p1a: Iron Valiant|Shadow Ball|p2a: Slowking\n|-supereffective|p2a: Slowking\n|-damage|p2a: Slowking|53\/100\n|-unboost|p2a: Slowking|spd|1\n|\n|-weather|Snow|[upkeep]\n|-end|p1a: Iron Valiant|move: Future Sight\n|-supereffective|p1a: Iron Valiant\n|-damage|p1a: Iron Valiant|0 fnt\n|faint|p1a: Iron Valiant\n|-end|p1a: Iron Valiant|Quark Drive|[silent]\n|upkeep\n|\n|t:|1700331555\n|switch|p1a: Dragapult|Dragapult, M|100\/100\n|turn|7\n|\n|t:|1700331567\n|switch|p2a: Great Tusk|Great Tusk|100\/100\n|move|p1a: Dragapult|Draco Meteor|p2a: Great Tusk\n|-damage|p2a: Great Tusk|0 fnt\n|-unboost|p1a: Dragapult|spa|2\n|faint|p2a: Great Tusk\n|-end|p2a: Great Tusk|Protosynthesis|[silent]\n|\n|-weather|Snow|[upkeep]\n|upkeep\n|\n|t:|1700331575\n|switch|p2a: Alomomola|Alomomola, F|100\/100\n|turn|8\n|\n|t:|1700331599\n|switch|p1a: Rillaboom|Rillaboom, F|100\/100\n|-fieldstart|move: Grassy Terrain|[from] ability: Grassy Surge|[of] p1a: Rillaboom\n|move|p2a: Alomomola|Wish|p2a: Alomomola\n|\n|-weather|Snow|[upkeep]\n|upkeep\n|turn|9\n|\n|t:|1700331609\n|switch|p2a: Dragapult|Dragapult, M|100\/100\n|move|p1a: Rillaboom|Knock Off|p2a: Dragapult\n|-supereffective|p2a: Dragapult\n|-damage|p2a: Dragapult|0 fnt\n|-enditem|p2a: Dragapult|Leftovers|[from] move: Knock Off|[of] p1a: Rillaboom\n|faint|p2a: Dragapult\n|\n|-weather|none\n|upkeep\n|\n|t:|1700331613\n|switch|p2a: Mandibuzz|Mandibuzz, F|32\/100\n|turn|10\n|\n|t:|1700331626\n|switch|p1a: Sneasler|Sneasler, F|100\/100\n|-enditem|p1a: Sneasler|Grassy Seed\n|-boost|p1a: Sneasler|def|1|[from] item: Grassy Seed\n|move|p2a: Mandibuzz|Roost|p2a: Mandibuzz\n|-heal|p2a: Mandibuzz|82\/100\n|-singleturn|p2a: Mandibuzz|move: Roost\n|\n|-heal|p2a: Mandibuzz|88\/100|[from] Grassy Terrain\n|upkeep\n|turn|11\n|\n|t:|1700331635\n|move|p1a: Sneasler|Swords Dance|p1a: Sneasler\n|-boost|p1a: Sneasler|atk|2\n|move|p2a: Mandibuzz|U-turn|p1a: Sneasler\n|-resisted|p1a: Sneasler\n|-damage|p1a: Sneasler|98\/100\n|\n|t:|1700331637\n|switch|p2a: Alomomola|Alomomola, F|100\/100|[from] U-turn\n|\n|-heal|p1a: Sneasler|100\/100|[from] Grassy Terrain\n|upkeep\n|turn|12\n|\n|t:|1700331646\n|move|p1a: Sneasler|Swords Dance|p1a: Sneasler\n|-boost|p1a: Sneasler|atk|2\n|move|p2a: Alomomola|Flip Turn|p1a: Sneasler\n|-damage|p1a: Sneasler|84\/100\n|\n|t:|1700331649\n|switch|p2a: Mandibuzz|Mandibuzz, F|88\/100|[from] Flip Turn\n|\n|-heal|p1a: Sneasler|90\/100|[from] Grassy Terrain\n|-fieldend|move: Grassy Terrain\n|upkeep\n|turn|13\n|\n|t:|1700331652\n|-terastallize|p1a: Sneasler|Flying\n|-terastallize|p2a: Mandibuzz|Poison\n|move|p1a: Sneasler|Acrobatics|p2a: Mandibuzz\n|-damage|p2a: Mandibuzz|0 fnt\n|faint|p2a: Mandibuzz\n|\n|upkeep\n|c|\u2606illneverchooseyou|Please\n|c|\u2606illneverchooseyou|Can we ban this thing\n|c|\u2606illneverchooseyou|I'm begging the community\n|c|\u2606illneverchooseyou|Holy moly it's such a toxic mon lol\n|inactive|illneverchooseyou has 120 seconds left.\n|c|\u2606illneverchooseyou|God forbid it gets 1 turn of setup then gg\n|\n|t:|1700331692\n|switch|p2a: Alomomola|Alomomola, F|100\/100\n|turn|14\n|\n|t:|1700331701\n|move|p1a: Sneasler|Acrobatics|p2a: Alomomola\n|-damage|p2a: Alomomola|0 fnt\n|-damage|p1a: Sneasler|73\/100|[from] item: Rocky Helmet|[of] p2a: Alomomola\n|faint|p2a: Alomomola\n|\n|upkeep\n|-message|illneverchooseyou forfeited.\n|\n|win|gcy9\n|raw|gcy9's rating: 1493 &rarr; <strong>1516<\/strong><br \/>(+23 for winning)\n|raw|illneverchooseyou's rating: 1548 &rarr; <strong>1525<\/strong><br \/>(-23 for losing)\n|c|\u2606illneverchooseyou|Gg\n","uploadtime":1700331713,"views":13,"p1id":"gcy9","p2id":"illneverchooseyou","formatid":"gen9ou","rating":1516,"private":0,"password":""}