{"id":"gen9ou-1998237195","p1":"adrianan","p2":"TheLargestOne","format":"[Gen 9] OU","log":"|j|\u2606adrianan\n|j|\u2606TheLargestOne\n|t:|1700917788\n|gametype|singles\n|player|p1|adrianan|red|1756\n|player|p2|TheLargestOne|benga|1646\n|teamsize|p1|6\n|teamsize|p2|6\n|gen|9\n|tier|[Gen 9] OU\n|rated|\n|rule|Sleep Clause Mod: Limit one foe put to sleep\n|rule|Species Clause: Limit one of each Pok\u00e9mon\n|rule|OHKO Clause: OHKO moves are banned\n|rule|Evasion Items Clause: Evasion items are banned\n|rule|Evasion Moves Clause: Evasion moves are banned\n|rule|Endless Battle Clause: Forcing endless battles is banned\n|rule|HP Percentage Mod: HP is shown in percentages\n|clearpoke\n|poke|p1|Hariyama, F|\n|poke|p1|Azumarill, F|\n|poke|p1|Goodra-Hisui, F|\n|poke|p1|Glimmora, M|\n|poke|p1|Thundurus-Therian, M|\n|poke|p1|Garchomp, F|\n|poke|p2|Weavile, F|\n|poke|p2|Heatran, F|\n|poke|p2|Great Tusk|\n|poke|p2|Landorus-Therian, M|\n|poke|p2|Ogerpon-Wellspring, F|\n|poke|p2|Gholdengo|\n|teampreview\n|inactive|Battle timer is ON: inactive players will automatically lose when time's up. (requested by TheLargestOne)\n|j| Trippinrightneow\n|j| Ahmidoush\n|c|\u2606TheLargestOne|bro if i keep missing mh moves i\u2019m calling it a day after this one haha\n|c|\u2606TheLargestOne|hf\n|inactive|TheLargestOne has 120 seconds left.\n|inactive|adrianan has 120 seconds left.\n|\n|t:|1700917842\n|start\n|switch|p1a: Garchomp|Garchomp, F|100\/100\n|switch|p2a: Landorus|Landorus-Therian, M|100\/100\n|-ability|p2a: Landorus|Intimidate|boost\n|-unboost|p1a: Garchomp|atk|1\n|turn|1\n|\n|t:|1700917848\n|-terastallize|p2a: Landorus|Ice\n|move|p2a: Landorus|Tera Blast|p1a: Garchomp|[anim] Tera Blast Ice\n|-supereffective|p1a: Garchomp\n|-damage|p1a: Garchomp|0 fnt\n|faint|p1a: Garchomp\n|\n|upkeep\n|\n|t:|1700917855\n|switch|p1a: Hariyama|Hariyama, F|100\/100\n|turn|2\n|\n|t:|1700917870\n|switch|p2a: Great Tusk|Great Tusk|100\/100\n|move|p1a: Hariyama|Knock Off|p2a: Great Tusk\n|-resisted|p2a: Great Tusk\n|-damage|p2a: Great Tusk|89\/100\n|-enditem|p2a: Great Tusk|Heavy-Duty Boots|[from] move: Knock Off|[of] p1a: Hariyama\n|\n|-status|p1a: Hariyama|brn|[from] item: Flame Orb\n|upkeep\n|turn|3\n|\n|t:|1700917880\n|move|p2a: Great Tusk|Stealth Rock|p1a: Hariyama\n|-sidestart|p1: adrianan|move: Stealth Rock\n|move|p1a: Hariyama|Close Combat|p2a: Great Tusk\n|-damage|p2a: Great Tusk|37\/100\n|-unboost|p1a: Hariyama|def|1\n|-unboost|p1a: Hariyama|spd|1\n|\n|-damage|p1a: Hariyama|94\/100 brn|[from] brn\n|upkeep\n|turn|4\n|\n|t:|1700917888\n|switch|p1a: Glimmora|Glimmora, M|100\/100\n|-damage|p1a: Glimmora|88\/100|[from] Stealth Rock\n|move|p2a: Great Tusk|Headlong Rush|p1a: Glimmora\n|-supereffective|p1a: Glimmora\n|-damage|p1a: Glimmora|0 fnt\n|-unboost|p2a: Great Tusk|def|1\n|-unboost|p2a: Great Tusk|spd|1\n|-activate|p1a: Glimmora|ability: Toxic Debris\n|-sidestart|p2: TheLargestOne|move: Toxic Spikes\n|faint|p1a: Glimmora\n|\n|upkeep\n|\n|t:|1700917901\n|switch|p1a: Thundurus|Thundurus-Therian, M|100\/100\n|-damage|p1a: Thundurus|76\/100|[from] Stealth Rock\n|turn|5\n|\n|t:|1700917910\n|-terastallize|p1a: Thundurus|Flying\n|move|p1a: Thundurus|Tera Blast|p2a: Great Tusk|[anim] Tera Blast Flying\n|-supereffective|p2a: Great Tusk\n|-damage|p2a: Great Tusk|0 fnt\n|faint|p2a: Great Tusk\n|-end|p2a: Great Tusk|Protosynthesis|[silent]\n|\n|upkeep\n|\n|t:|1700917921\n|switch|p2a: Heatran|Heatran, F|100\/100\n|turn|6\n|\n|t:|1700917929\n|switch|p1a: Goodra|Goodra-Hisui, F|100\/100\n|-damage|p1a: Goodra|94\/100|[from] Stealth Rock\n|move|p2a: Heatran|Magma Storm|p1a: Goodra\n|-damage|p1a: Goodra|77\/100\n|-activate|p1a: Goodra|move: Magma Storm|[of] p2a: Heatran\n|\n|-damage|p1a: Goodra|65\/100|[from] move: Magma Storm|[partiallytrapped]\n|upkeep\n|turn|7\n|\n|t:|1700917940\n|move|p2a: Heatran|Earth Power|p1a: Goodra\n|-supereffective|p1a: Goodra\n|-damage|p1a: Goodra|45\/100\n|move|p1a: Goodra|Earthquake|p2a: Heatran\n|-supereffective|p2a: Heatran\n|-damage|p2a: Heatran|31\/100\n|\n|-heal|p2a: Heatran|37\/100|[from] item: Leftovers\n|-damage|p1a: Goodra|32\/100|[from] move: Magma Storm|[partiallytrapped]\n|upkeep\n|turn|8\n|\n|t:|1700917950\n|move|p2a: Heatran|Will-O-Wisp|p1a: Goodra\n|-status|p1a: Goodra|brn\n|move|p1a: Goodra|Earthquake|p2a: Heatran\n|-supereffective|p2a: Heatran\n|-damage|p2a: Heatran|1\/100\n|\n|-heal|p2a: Heatran|7\/100|[from] item: Leftovers\n|-damage|p1a: Goodra|26\/100 brn|[from] brn\n|-damage|p1a: Goodra|14\/100 brn|[from] move: Magma Storm|[partiallytrapped]\n|upkeep\n|turn|9\n|\n|t:|1700917958\n|move|p2a: Heatran|Earth Power|p1a: Goodra\n|-supereffective|p1a: Goodra\n|-damage|p1a: Goodra|0 fnt\n|faint|p1a: Goodra\n|\n|-heal|p2a: Heatran|13\/100|[from] item: Leftovers\n|upkeep\n|\n|t:|1700917965\n|switch|p1a: Azumarill|Azumarill, F|100\/100\n|-damage|p1a: Azumarill|88\/100|[from] Stealth Rock\n|turn|10\n|\n|t:|1700917969\n|move|p1a: Azumarill|Aqua Jet|p2a: Heatran\n|-supereffective|p2a: Heatran\n|-damage|p2a: Heatran|0 fnt\n|faint|p2a: Heatran\n|\n|upkeep\n|\n|t:|1700917989\n|switch|p2a: Ogerpon|Ogerpon-Wellspring, F|100\/100\n|-status|p2a: Ogerpon|psn\n|turn|11\n|\n|t:|1700917994\n|switch|p1a: Thundurus|Thundurus-Therian, M, tera:Flying|76\/100\n|-damage|p1a: Thundurus|51\/100|[from] Stealth Rock\n|move|p2a: Ogerpon|Power Whip|p1a: Thundurus\n|-resisted|p1a: Thundurus\n|-damage|p1a: Thundurus|0 fnt\n|faint|p1a: Thundurus\n|\n|-damage|p2a: Ogerpon|88\/100 psn|[from] psn\n|upkeep\n|\n|t:|1700917997\n|switch|p1a: Hariyama|Hariyama, F|94\/100 brn\n|-damage|p1a: Hariyama|88\/100 brn|[from] Stealth Rock\n|turn|12\n|l| Ahmidoush\n|\n|t:|1700918020\n|move|p2a: Ogerpon|Ivy Cudgel|p1a: Hariyama|[anim] Ivy Cudgel Water\n|-damage|p1a: Hariyama|25\/100 brn\n|move|p1a: Hariyama|Knock Off|p2a: Ogerpon\n|-crit|p2a: Ogerpon\n|-damage|p2a: Ogerpon|20\/100 psn\n|\n|-damage|p2a: Ogerpon|8\/100 psn|[from] psn\n|-damage|p1a: Hariyama|19\/100 brn|[from] brn\n|upkeep\n|turn|13\n|\n|t:|1700918028\n|move|p1a: Hariyama|Bullet Punch|p2a: Ogerpon\n|-resisted|p2a: Ogerpon\n|-damage|p2a: Ogerpon|0 fnt\n|faint|p2a: Ogerpon\n|\n|-damage|p1a: Hariyama|12\/100 brn|[from] brn\n|upkeep\n|j| Edward315\n|j| Lets go swinub\n|inactive|TheLargestOne has 120 seconds left.\n|\n|t:|1700918050\n|switch|p2a: Gholdengo|Gholdengo|100\/100\n|turn|14\n|\n|t:|1700918053\n|move|p2a: Gholdengo|Shadow Ball|p1a: Hariyama\n|-damage|p1a: Hariyama|0 fnt\n|faint|p1a: Hariyama\n|\n|upkeep\n|c| Lets go swinub|bros got the knock off iron hands\n|\n|t:|1700918055\n|switch|p1a: Azumarill|Azumarill, F|88\/100\n|-damage|p1a: Azumarill|76\/100|[from] Stealth Rock\n|turn|15\n|\n|t:|1700918059\n|move|p2a: Gholdengo|Shadow Ball|p1a: Azumarill\n|-damage|p1a: Azumarill|39\/100\n|-enditem|p1a: Azumarill|Sitrus Berry|[eat]\n|-heal|p1a: Azumarill|64\/100|[from] item: Sitrus Berry\n|move|p1a: Azumarill|Knock Off|p2a: Gholdengo\n|-supereffective|p2a: Gholdengo\n|-damage|p2a: Gholdengo|44\/100\n|-enditem|p2a: Gholdengo|Covert Cloak|[from] move: Knock Off|[of] p1a: Azumarill\n|\n|upkeep\n|turn|16\n|\n|t:|1700918068\n|move|p2a: Gholdengo|Shadow Ball|p1a: Azumarill\n|-damage|p1a: Azumarill|28\/100\n|move|p1a: Azumarill|Knock Off|p2a: Gholdengo\n|-supereffective|p2a: Gholdengo\n|-damage|p2a: Gholdengo|5\/100\n|\n|upkeep\n|turn|17\n|\n|t:|1700918076\n|move|p1a: Azumarill|Aqua Jet|p2a: Gholdengo\n|-damage|p2a: Gholdengo|0 fnt\n|faint|p2a: Gholdengo\n|\n|upkeep\n|j| one eye ding zhen\n|\n|t:|1700918079\n|switch|p2a: Weavile|Weavile, F|100\/100\n|-status|p2a: Weavile|psn\n|-ability|p2a: Weavile|Pressure\n|turn|18\n|\n|t:|1700918086\n|move|p2a: Weavile|Knock Off|p1a: Azumarill\n|-resisted|p1a: Azumarill\n|-damage|p1a: Azumarill|12\/100\n|move|p1a: Azumarill|Brick Break|p2a: Weavile\n|-supereffective|p2a: Weavile\n|-damage|p2a: Weavile|0 fnt\n|faint|p2a: Weavile\n|\n|upkeep\n|\n|t:|1700918089\n|switch|p2a: Landorus|Landorus-Therian, M, tera:Ice|100\/100\n|-status|p2a: Landorus|psn\n|-ability|p2a: Landorus|Intimidate|boost\n|-unboost|p1a: Azumarill|atk|1\n|turn|19\n|c|\u2606TheLargestOne|gg\n|\n|t:|1700918098\n|move|p2a: Landorus|Earthquake|p1a: Azumarill\n|-damage|p1a: Azumarill|0 fnt\n|faint|p1a: Azumarill\n|\n|win|TheLargestOne\n|raw|adrianan's rating: 1756 &rarr; <strong>1730<\/strong><br \/>(-26 for losing)\n|raw|TheLargestOne's rating: 1646 &rarr; <strong>1672<\/strong><br \/>(+26 for winning)\n|c|\u2606adrianan|gg nice tera\n|l| Lets go swinub\n|l|\u2606adrianan\n|l| Trippinrightneow\n|c|\u2606TheLargestOne|thank you\n","uploadtime":1700918126,"views":0,"p1id":"adrianan","p2id":"thelargestone","formatid":"gen9ou","rating":1672,"private":0,"password":""}