{"id":"gen9ou-1991817176","p1":"Zelcra","p2":"pogchimp970314","format":"[Gen 9] OU","log":"|j|\u2606Zelcra\n|j|\u2606pogchimp970314\n|inactive|Battle timer is ON: inactive players will automatically lose when time's up.\n|t:|1700122728\n|gametype|singles\n|player|p1|Zelcra|piers|\n|player|p2|pogchimp970314|elesa-masters|\n|teamsize|p1|5\n|teamsize|p2|5\n|gen|9\n|tier|[Gen 9] OU\n|rated|Tournament battle\n|rule|Sleep Clause Mod: Limit one foe put to sleep\n|rule|Species Clause: Limit one of each Pok\u00e9mon\n|rule|OHKO Clause: OHKO moves are banned\n|rule|Evasion Items Clause: Evasion items are banned\n|rule|Evasion Moves Clause: Evasion moves are banned\n|rule|Endless Battle Clause: Forcing endless battles is banned\n|rule|HP Percentage Mod: HP is shown in percentages\n|clearpoke\n|poke|p1|Deino, M|\n|poke|p1|Sewaddle, M|\n|poke|p1|Charmander, F|\n|poke|p1|Cacturne, F|\n|poke|p1|Lechonk, L1, F|\n|poke|p2|Nacli, M|\n|poke|p2|Houndour, F|\n|poke|p2|Skrelp, F|\n|poke|p2|Girafarig, M|\n|poke|p2|Bellibolt, M|\n|teampreview\n|j|*Lady Monita \u2746\n|inactive|Zelcra also wants the timer to be on.\n|inactive|pogchimp970314 also wants the timer to be on.\n|c|\u2606Zelcra|gl hf\n|c|\u2606pogchimp970314|gl\n|\n|t:|1700122747\n|start\n|switch|p1a: Sewaddle|Sewaddle, M|100\/100\n|switch|p2a: Skrelp|Skrelp, F|100\/100\n|turn|1\n|\n|t:|1700122753\n|move|p1a: Sewaddle|Sticky Web|p2a: Skrelp\n|-sidestart|p2: pogchimp970314|move: Sticky Web\n|move|p2a: Skrelp|Gunk Shot|p1a: Sewaddle\n|-supereffective|p1a: Sewaddle\n|-enditem|p1a: Sewaddle|Focus Sash\n|-damage|p1a: Sewaddle|1\/100\n|\n|upkeep\n|turn|2\n|\n|t:|1700122763\n|move|p1a: Sewaddle|Switcheroo|p2a: Skrelp\n|-activate|p1a: Sewaddle|move: Trick|[of] p2a: Skrelp\n|-enditem|p2a: Skrelp|Choice Band|[silent]|[from] move: Switcheroo\n|-item|p1a: Sewaddle|Choice Band|[from] move: Switcheroo\n|move|p2a: Skrelp|Gunk Shot|p1a: Sewaddle\n|-supereffective|p1a: Sewaddle\n|-damage|p1a: Sewaddle|0 fnt\n|faint|p1a: Sewaddle\n|\n|upkeep\n|\n|t:|1700122779\n|switch|p1a: Deino|Deino, M|100\/100\n|turn|3\n|\n|t:|1700122787\n|move|p1a: Deino|Crunch|p2a: Skrelp\n|-damage|p2a: Skrelp|0 fnt\n|faint|p2a: Skrelp\n|\n|upkeep\n|\n|t:|1700122793\n|switch|p2a: Houndour|Houndour, F|100\/100\n|-activate|p2a: Houndour|move: Sticky Web\n|-unboost|p2a: Houndour|spe|1\n|turn|4\n|\n|t:|1700122814\n|switch|p1a: Lechonk|Lechonk, L1, F|100\/100\n|move|p2a: Houndour|Fire Blast|p1a: Lechonk|[miss]\n|-miss|p2a: Houndour|p1a: Lechonk\n|\n|upkeep\n|turn|5\n|\n|t:|1700122824\n|move|p2a: Houndour|Dark Pulse|p1a: Lechonk\n|-enditem|p1a: Lechonk|Focus Sash\n|-damage|p1a: Lechonk|9\/100\n|move|p1a: Lechonk|Endeavor|p2a: Houndour\n|-damage|p2a: Houndour|1\/100\n|\n|upkeep\n|turn|6\n|\n|t:|1700122829\n|move|p2a: Houndour|Dark Pulse|p1a: Lechonk\n|-damage|p1a: Lechonk|0 fnt\n|faint|p1a: Lechonk\n|\n|upkeep\n|\n|t:|1700122840\n|switch|p1a: Cacturne|Cacturne, F|100\/100\n|turn|7\n|\n|t:|1700122848\n|move|p1a: Cacturne|Seed Bomb|p2a: Houndour\n|-resisted|p2a: Houndour\n|-damage|p2a: Houndour|0 fnt\n|faint|p2a: Houndour\n|\n|upkeep\n|j| kanishk0612d\n|l| kanishk0612d\n|\n|t:|1700122863\n|switch|p2a: Bellibolt|Bellibolt, M|100\/100\n|-activate|p2a: Bellibolt|move: Sticky Web\n|-unboost|p2a: Bellibolt|spe|1\n|turn|8\n|\n|t:|1700122876\n|switch|p1a: Deino|Deino, M|100\/100\n|move|p2a: Bellibolt|Soak|p1a: Deino\n|-start|p1a: Deino|typechange|Water\n|\n|upkeep\n|turn|9\n|j| M956\n|\n|t:|1700122887\n|move|p1a: Deino|Outrage|p2a: Bellibolt\n|-damage|p2a: Bellibolt|63\/100\n|-start|p2a: Bellibolt|Charge|Outrage|[from] ability: Electromorphosis\n|move|p2a: Bellibolt|Parabolic Charge|p1a: Deino\n|-supereffective|p1a: Deino\n|-damage|p1a: Deino|0 fnt\n|-heal|p2a: Bellibolt|99\/100|[from] drain|[of] p1a: Deino\n|faint|p1a: Deino\n|-end|p2a: Bellibolt|Charge|[silent]\n|\n|-heal|p2a: Bellibolt|100\/100|[from] item: Leftovers\n|upkeep\n|\n|t:|1700122899\n|switch|p1a: Cacturne|Cacturne, F|100\/100\n|turn|10\n|\n|t:|1700122904\n|move|p1a: Cacturne|Swords Dance|p1a: Cacturne\n|-boost|p1a: Cacturne|atk|2\n|move|p2a: Bellibolt|Soak|p1a: Cacturne\n|-immune|p1a: Cacturne|[from] ability: Water Absorb\n|\n|upkeep\n|turn|11\n|\n|t:|1700122912\n|move|p1a: Cacturne|Seed Bomb|p2a: Bellibolt\n|-damage|p2a: Bellibolt|45\/100\n|-start|p2a: Bellibolt|Charge|Seed Bomb|[from] ability: Electromorphosis\n|move|p2a: Bellibolt|Parabolic Charge|p1a: Cacturne\n|-resisted|p1a: Cacturne\n|-damage|p1a: Cacturne|67\/100\n|-heal|p2a: Bellibolt|58\/100|[from] drain|[of] p1a: Cacturne\n|-end|p2a: Bellibolt|Charge|[silent]\n|\n|-heal|p1a: Cacturne|73\/100|[from] item: Leftovers\n|-heal|p2a: Bellibolt|64\/100|[from] item: Leftovers\n|upkeep\n|turn|12\n|\n|t:|1700122932\n|-terastallize|p2a: Bellibolt|Poison\n|move|p1a: Cacturne|Seed Bomb|p2a: Bellibolt\n|-resisted|p2a: Bellibolt\n|-damage|p2a: Bellibolt|37\/100\n|-start|p2a: Bellibolt|Charge|Seed Bomb|[from] ability: Electromorphosis\n|move|p2a: Bellibolt|Parabolic Charge|p1a: Cacturne\n|-resisted|p1a: Cacturne\n|-damage|p1a: Cacturne|37\/100\n|-heal|p2a: Bellibolt|52\/100|[from] drain|[of] p1a: Cacturne\n|-end|p2a: Bellibolt|Charge|[silent]\n|\n|-heal|p1a: Cacturne|43\/100|[from] item: Leftovers\n|-heal|p2a: Bellibolt|58\/100|[from] item: Leftovers\n|upkeep\n|turn|13\n|\n|t:|1700122936\n|move|p1a: Cacturne|Sucker Punch|p2a: Bellibolt\n|-damage|p2a: Bellibolt|12\/100\n|-start|p2a: Bellibolt|Charge|Sucker Punch|[from] ability: Electromorphosis\n|move|p2a: Bellibolt|Parabolic Charge|p1a: Cacturne\n|-resisted|p1a: Cacturne\n|-damage|p1a: Cacturne|12\/100\n|-heal|p2a: Bellibolt|25\/100|[from] drain|[of] p1a: Cacturne\n|-end|p2a: Bellibolt|Charge|[silent]\n|\n|-heal|p1a: Cacturne|18\/100|[from] item: Leftovers\n|-heal|p2a: Bellibolt|31\/100|[from] item: Leftovers\n|upkeep\n|turn|14\n|\n|t:|1700122942\n|move|p1a: Cacturne|Sucker Punch||[still]\n|-fail|p1a: Cacturne\n|move|p2a: Bellibolt|Slack Off|p2a: Bellibolt\n|-heal|p2a: Bellibolt|81\/100\n|\n|-heal|p1a: Cacturne|24\/100|[from] item: Leftovers\n|-heal|p2a: Bellibolt|87\/100|[from] item: Leftovers\n|upkeep\n|turn|15\n|\n|t:|1700122949\n|move|p1a: Cacturne|Swords Dance|p1a: Cacturne\n|-boost|p1a: Cacturne|atk|2\n|move|p2a: Bellibolt|Parabolic Charge|p1a: Cacturne\n|-resisted|p1a: Cacturne\n|-damage|p1a: Cacturne|5\/100\n|-heal|p2a: Bellibolt|95\/100|[from] drain|[of] p1a: Cacturne\n|\n|-heal|p1a: Cacturne|12\/100|[from] item: Leftovers\n|-heal|p2a: Bellibolt|100\/100|[from] item: Leftovers\n|upkeep\n|turn|16\n|j| Blonking\n|\n|t:|1700122958\n|move|p1a: Cacturne|Sucker Punch|p2a: Bellibolt\n|-damage|p2a: Bellibolt|33\/100\n|-start|p2a: Bellibolt|Charge|Sucker Punch|[from] ability: Electromorphosis\n|move|p2a: Bellibolt|Parabolic Charge|p1a: Cacturne\n|-resisted|p1a: Cacturne\n|-damage|p1a: Cacturne|0 fnt\n|-heal|p2a: Bellibolt|38\/100|[from] drain|[of] p1a: Cacturne\n|faint|p1a: Cacturne\n|-end|p2a: Bellibolt|Charge|[silent]\n|\n|-heal|p2a: Bellibolt|44\/100|[from] item: Leftovers\n|upkeep\n|\n|t:|1700122961\n|switch|p1a: Charmander|Charmander, F|100\/100\n|turn|17\n|l| M956\n|c| Blonking|gg\n|\n|t:|1700122972\n|-terastallize|p1a: Charmander|Fire\n|move|p1a: Charmander|Belly Drum|p1a: Charmander\n|-damage|p1a: Charmander|50\/100\n|-setboost|p1a: Charmander|atk|6|[from] move: Belly Drum\n|move|p2a: Bellibolt|Parabolic Charge|p1a: Charmander\n|-damage|p1a: Charmander|0 fnt\n|-heal|p2a: Bellibolt|57\/100|[from] drain|[of] p1a: Charmander\n|faint|p1a: Charmander\n|\n|win|pogchimp970314\n|n|\u2606Zelcra|zelcra\n|n|\u2606pogchimp970314|pogchimp970314\n|n|*Lady Monita \u2746|ladymonita\n|n| Blonking|blonking\n","uploadtime":1700122973,"views":13,"p1id":"zelcra","p2id":"pogchimp970314","formatid":"gen9ou","rating":0,"private":0,"password":""}