{"id":"gen9ou-1996617543","p1":"Andrews Finn2","p2":"StatykBoy","format":"[Gen 9] OU","log":"|j|\u2606Andrews Finn2\n|j|\u2606StatykBoy\n|t:|1700701162\n|gametype|singles\n|player|p1|Andrews Finn2|steven|1137\n|player|p2|StatykBoy|266|1237\n|teamsize|p1|6\n|teamsize|p2|6\n|gen|9\n|tier|[Gen 9] OU\n|rated|\n|rule|Sleep Clause Mod: Limit one foe put to sleep\n|rule|Species Clause: Limit one of each Pok\u00e9mon\n|rule|OHKO Clause: OHKO moves are banned\n|rule|Evasion Items Clause: Evasion items are banned\n|rule|Evasion Moves Clause: Evasion moves are banned\n|rule|Endless Battle Clause: Forcing endless battles is banned\n|rule|HP Percentage Mod: HP is shown in percentages\n|clearpoke\n|poke|p1|Alomomola, F|\n|poke|p1|Slowking-Galar, F|\n|poke|p1|Kingambit, F|\n|poke|p1|Great Tusk|\n|poke|p1|Cinderace, F|\n|poke|p1|Thundurus-Therian, M|\n|poke|p2|Iron Valiant|\n|poke|p2|Gholdengo|\n|poke|p2|Glimmora, F|\n|poke|p2|Samurott-Hisui, F|\n|poke|p2|Dragonite, F|\n|poke|p2|Ogerpon-Cornerstone, F|\n|teampreview\n|j| wookiepizza\n|\n|t:|1700701173\n|start\n|switch|p1a: Great Tusk|Great Tusk|100\/100\n|switch|p2a: Glimmora|Glimmora, F|100\/100\n|turn|1\n|\n|t:|1700701187\n|-terastallize|p2a: Glimmora|Grass\n|move|p1a: Great Tusk|Stealth Rock|p2a: Glimmora\n|-sidestart|p2: StatykBoy|move: Stealth Rock\n|move|p2a: Glimmora|Energy Ball|p1a: Great Tusk\n|-supereffective|p1a: Great Tusk\n|-damage|p1a: Great Tusk|0 fnt\n|faint|p1a: Great Tusk\n|-end|p1a: Great Tusk|Protosynthesis|[silent]\n|\n|upkeep\n|\n|t:|1700701205\n|switch|p1a: Cinderace|Cinderace, F|100\/100\n|turn|2\n|\n|t:|1700701212\n|switch|p2a: Samurott|Samurott-Hisui, F|100\/100\n|-damage|p2a: Samurott|88\/100|[from] Stealth Rock\n|move|p1a: Cinderace|Pyro Ball|p2a: Samurott\n|-resisted|p2a: Samurott\n|-damage|p2a: Samurott|48\/100\n|-status|p2a: Samurott|brn\n|\n|-damage|p2a: Samurott|42\/100 brn|[from] brn\n|upkeep\n|turn|3\n|\n|t:|1700701230\n|move|p1a: Cinderace|U-turn|p2a: Samurott\n|-start|p1a: Cinderace|typechange|Bug|[from] ability: Libero\n|-supereffective|p2a: Samurott\n|-damage|p2a: Samurott|0 fnt\n|faint|p2a: Samurott\n|\n|t:|1700701237\n|switch|p1a: Alomomola|Alomomola, F|100\/100|[from] U-turn\n|\n|upkeep\n|\n|t:|1700701244\n|switch|p2a: Glimmora|Glimmora, F, tera:Grass|100\/100\n|-damage|p2a: Glimmora|88\/100|[from] Stealth Rock\n|turn|4\n|\n|t:|1700701252\n|switch|p1a: Slowking|Slowking-Galar, F|100\/100\n|move|p2a: Glimmora|Stealth Rock|p1a: Slowking\n|-sidestart|p1: Andrews Finn2|move: Stealth Rock\n|\n|upkeep\n|turn|5\n|\n|t:|1700701262\n|move|p2a: Glimmora|Mortal Spin|p1a: Slowking\n|-resisted|p1a: Slowking\n|-damage|p1a: Slowking|97\/100\n|-sideend|p2: StatykBoy|Stealth Rock|[from] move: Mortal Spin|[of] p2a: Glimmora\n|move|p1a: Slowking|Future Sight|p2a: Glimmora\n|-start|p1a: Slowking|move: Future Sight\n|\n|upkeep\n|turn|6\n|\n|t:|1700701277\n|switch|p2a: Gholdengo|Gholdengo|100\/100\n|-item|p2a: Gholdengo|Air Balloon\n|move|p1a: Slowking|Ice Beam|p2a: Gholdengo\n|-resisted|p2a: Gholdengo\n|-damage|p2a: Gholdengo|88\/100\n|-enditem|p2a: Gholdengo|Air Balloon\n|\n|upkeep\n|turn|7\n|\n|t:|1700701296\n|move|p2a: Gholdengo|Shadow Ball|p1a: Slowking\n|-supereffective|p1a: Slowking\n|-damage|p1a: Slowking|46\/100\n|move|p1a: Slowking|Chilly Reception|p1a: Slowking\n|-weather|Snow\n|\n|t:|1700701306\n|switch|p1a: Cinderace|Cinderace, F|100\/100|[from] Chilly Reception\n|\n|-weather|Snow|[upkeep]\n|-end|p2a: Gholdengo|move: Future Sight\n|-resisted|p2a: Gholdengo\n|-damage|p2a: Gholdengo|60\/100\n|upkeep\n|turn|8\n|\n|t:|1700701320\n|switch|p2a: Ogerpon|Ogerpon-Cornerstone, F|100\/100\n|move|p1a: Cinderace|Pyro Ball|p2a: Ogerpon\n|-damage|p2a: Ogerpon|35\/100\n|\n|-weather|Snow|[upkeep]\n|upkeep\n|turn|9\n|\n|t:|1700701330\n|move|p2a: Ogerpon|Spiky Shield|p2a: Ogerpon\n|-singleturn|p2a: Ogerpon|move: Protect\n|move|p1a: Cinderace|U-turn|p2a: Ogerpon\n|-start|p1a: Cinderace|typechange|Bug|[from] ability: Libero\n|-activate|p2a: Ogerpon|move: Protect\n|-damage|p1a: Cinderace|88\/100|[from] Spiky Shield|[of] p2a: Ogerpon\n|\n|-weather|Snow|[upkeep]\n|upkeep\n|turn|10\n|\n|t:|1700701345\n|switch|p2a: Glimmora|Glimmora, F, tera:Grass|88\/100\n|move|p1a: Cinderace|Pyro Ball|p2a: Glimmora\n|-supereffective|p2a: Glimmora\n|-damage|p2a: Glimmora|0 fnt\n|-activate|p2a: Glimmora|ability: Toxic Debris\n|-sidestart|p1: Andrews Finn2|move: Toxic Spikes\n|faint|p2a: Glimmora\n|\n|-weather|Snow|[upkeep]\n|upkeep\n|\n|t:|1700701364\n|switch|p2a: Iron Valiant|Iron Valiant|100\/100\n|-enditem|p2a: Iron Valiant|Booster Energy\n|-activate|p2a: Iron Valiant|ability: Quark Drive|[fromitem]\n|-start|p2a: Iron Valiant|quarkdrivespa\n|turn|11\n|\n|t:|1700701370\n|move|p1a: Cinderace|Court Change|p1a: Cinderace\n|-swapsideconditions\n|-activate|p1a: Cinderace|move: Court Change\n|move|p2a: Iron Valiant|Agility|p2a: Iron Valiant\n|-boost|p2a: Iron Valiant|spe|2\n|\n|-weather|none\n|upkeep\n|turn|12\n|\n|t:|1700701380\n|move|p2a: Iron Valiant|Moonblast|p1a: Cinderace\n|-damage|p1a: Cinderace|0 fnt\n|faint|p1a: Cinderace\n|\n|upkeep\n|\n|t:|1700701392\n|switch|p1a: Slowking|Slowking-Galar, F|80\/100\n|turn|13\n|\n|t:|1700701408\n|move|p2a: Iron Valiant|Moonblast|p1a: Slowking\n|-resisted|p1a: Slowking\n|-damage|p1a: Slowking|61\/100\n|move|p1a: Slowking|Future Sight|p2a: Iron Valiant\n|-start|p1a: Slowking|move: Future Sight\n|\n|upkeep\n|turn|14\n|\n|t:|1700701428\n|-end|p2a: Iron Valiant|Quark Drive|[silent]\n|switch|p2a: Gholdengo|Gholdengo|60\/100\n|-damage|p2a: Gholdengo|54\/100|[from] Stealth Rock\n|move|p1a: Slowking|Sludge Bomb|p2a: Gholdengo\n|-immune|p2a: Gholdengo\n|\n|upkeep\n|turn|15\n|\n|t:|1700701438\n|switch|p1a: Kingambit|Kingambit, F|100\/100\n|-activate|p1a: Kingambit|ability: Supreme Overlord\n|-start|p1a: Kingambit|fallen2|[silent]\n|move|p2a: Gholdengo|Thunder Wave|p1a: Kingambit\n|-status|p1a: Kingambit|par\n|\n|-end|p2a: Gholdengo|move: Future Sight\n|-resisted|p2a: Gholdengo\n|-damage|p2a: Gholdengo|28\/100\n|upkeep\n|turn|16\n|\n|t:|1700701462\n|move|p2a: Gholdengo|Make It Rain|p1a: Kingambit\n|-resisted|p1a: Kingambit\n|-damage|p1a: Kingambit|70\/100 par\n|-unboost|p2a: Gholdengo|spa|1\n|move|p1a: Kingambit|Kowtow Cleave|p2a: Gholdengo\n|-supereffective|p2a: Gholdengo\n|-damage|p2a: Gholdengo|0 fnt\n|faint|p2a: Gholdengo\n|\n|-heal|p1a: Kingambit|76\/100 par|[from] item: Leftovers\n|upkeep\n|\n|t:|1700701479\n|switch|p2a: Dragonite|Dragonite, F|100\/100\n|-damage|p2a: Dragonite|76\/100|[from] Stealth Rock\n|turn|17\n|\n|t:|1700701487\n|move|p2a: Dragonite|Dragon Dance|p2a: Dragonite\n|-boost|p2a: Dragonite|atk|1\n|-boost|p2a: Dragonite|spe|1\n|move|p1a: Kingambit|Kowtow Cleave|p2a: Dragonite\n|-damage|p2a: Dragonite|15\/100\n|\n|-heal|p2a: Dragonite|21\/100|[from] item: Leftovers\n|-heal|p1a: Kingambit|82\/100 par|[from] item: Leftovers\n|upkeep\n|turn|18\n|\n|t:|1700701497\n|move|p1a: Kingambit|Sucker Punch|p2a: Dragonite\n|-damage|p2a: Dragonite|0 fnt\n|faint|p2a: Dragonite\n|\n|-heal|p1a: Kingambit|89\/100 par|[from] item: Leftovers\n|upkeep\n|\n|t:|1700701507\n|switch|p2a: Ogerpon|Ogerpon-Cornerstone, F|35\/100\n|-damage|p2a: Ogerpon|22\/100|[from] Stealth Rock\n|-status|p2a: Ogerpon|psn\n|turn|19\n|\n|t:|1700701520\n|-end|p1a: Kingambit|fallen2|[silent]\n|switch|p1a: Thundurus|Thundurus-Therian, M|100\/100\n|move|p2a: Ogerpon|Leech Seed|p1a: Thundurus\n|-start|p1a: Thundurus|move: Leech Seed\n|\n|-damage|p1a: Thundurus|88\/100|[from] Leech Seed|[of] p2a: Ogerpon\n|-heal|p2a: Ogerpon|32\/100 psn|[silent]\n|-damage|p2a: Ogerpon|20\/100 psn|[from] psn\n|upkeep\n|turn|20\n|\n|t:|1700701530\n|move|p2a: Ogerpon|Spiky Shield|p2a: Ogerpon\n|-singleturn|p2a: Ogerpon|move: Protect\n|move|p1a: Thundurus|Volt Switch|p2a: Ogerpon\n|-activate|p2a: Ogerpon|move: Protect\n|\n|-damage|p1a: Thundurus|76\/100|[from] Leech Seed|[of] p2a: Ogerpon\n|-heal|p2a: Ogerpon|30\/100 psn|[silent]\n|-damage|p2a: Ogerpon|18\/100 psn|[from] psn\n|upkeep\n|turn|21\n|\n|t:|1700701544\n|move|p2a: Ogerpon|Spiky Shield||[still]\n|-fail|p2a: Ogerpon\n|move|p1a: Thundurus|Volt Switch|p2a: Ogerpon\n|-resisted|p2a: Ogerpon\n|-crit|p2a: Ogerpon\n|-damage|p2a: Ogerpon|0 fnt\n|faint|p2a: Ogerpon\n|\n|t:|1700701552\n|switch|p1a: Slowking|Slowking-Galar, F|94\/100|[from] Volt Switch\n|\n|upkeep\n|\n|t:|1700701559\n|switch|p2a: Iron Valiant|Iron Valiant|100\/100\n|-damage|p2a: Iron Valiant|94\/100|[from] Stealth Rock\n|-status|p2a: Iron Valiant|psn\n|turn|22\n|\n|t:|1700701568\n|move|p2a: Iron Valiant|Thunderbolt|p1a: Slowking\n|-damage|p1a: Slowking|76\/100\n|-status|p1a: Slowking|par\n|cant|p1a: Slowking|par\n|\n|-damage|p2a: Iron Valiant|82\/100 psn|[from] psn\n|upkeep\n|turn|23\n|\n|t:|1700701578\n|move|p2a: Iron Valiant|Aura Sphere|p1a: Slowking\n|-resisted|p1a: Slowking\n|-damage|p1a: Slowking|70\/100 par\n|cant|p1a: Slowking|par\n|\n|-damage|p2a: Iron Valiant|69\/100 psn|[from] psn\n|upkeep\n|turn|24\n|\n|t:|1700701587\n|move|p2a: Iron Valiant|Moonblast|p1a: Slowking\n|-resisted|p1a: Slowking\n|-damage|p1a: Slowking|55\/100 par\n|move|p1a: Slowking|Future Sight|p2a: Iron Valiant\n|-start|p1a: Slowking|move: Future Sight\n|\n|-damage|p2a: Iron Valiant|57\/100 psn|[from] psn\n|upkeep\n|turn|25\n|\n|t:|1700701598\n|switch|p1a: Kingambit|Kingambit, F|89\/100 par\n|-activate|p1a: Kingambit|ability: Supreme Overlord\n|-start|p1a: Kingambit|fallen2|[silent]\n|move|p2a: Iron Valiant|Thunderbolt|p1a: Kingambit\n|-damage|p1a: Kingambit|58\/100 par\n|\n|-heal|p1a: Kingambit|65\/100 par|[from] item: Leftovers\n|-damage|p2a: Iron Valiant|44\/100 psn|[from] psn\n|upkeep\n|turn|26\n|\n|t:|1700701612\n|move|p2a: Iron Valiant|Aura Sphere|p1a: Kingambit\n|-supereffective|p1a: Kingambit\n|-damage|p1a: Kingambit|0 fnt\n|faint|p1a: Kingambit\n|-end|p1a: Kingambit|fallen2|[silent]\n|\n|-end|p2a: Iron Valiant|move: Future Sight\n|-supereffective|p2a: Iron Valiant\n|-damage|p2a: Iron Valiant|0 fnt\n|faint|p2a: Iron Valiant\n|-end|p2a: Iron Valiant|Quark Drive|[silent]\n|\n|win|Andrews Finn2\n|upkeep\n|raw|Andrews Finn2's rating: 1137 &rarr; <strong>1169<\/strong><br \/>(+32 for winning)\n|raw|StatykBoy's rating: 1237 &rarr; <strong>1205<\/strong><br \/>(-32 for losing)\n|l|\u2606StatykBoy\n|l| wookiepizza\n","uploadtime":1700701627,"views":4,"p1id":"andrewsfinn2","p2id":"statykboy","formatid":"gen9ou","rating":1169,"private":0,"password":""}