{"id":"gen9ou-1988849520","p1":"Romano RPPLF","p2":"live woch reaction","format":"[Gen 9] OU","log":"|j|\u2606Romano RPPLF\n|j|\u2606live woch reaction\n|t:|1699773428\n|gametype|singles\n|player|p1|Romano RPPLF|101|1206\n|player|p2|live woch reaction|169|1277\n|teamsize|p1|6\n|teamsize|p2|6\n|gen|9\n|tier|[Gen 9] OU\n|rated|\n|rule|Sleep Clause Mod: Limit one foe put to sleep\n|rule|Species Clause: Limit one of each Pok\u00e9mon\n|rule|OHKO Clause: OHKO moves are banned\n|rule|Evasion Items Clause: Evasion items are banned\n|rule|Evasion Moves Clause: Evasion moves are banned\n|rule|Endless Battle Clause: Forcing endless battles is banned\n|rule|HP Percentage Mod: HP is shown in percentages\n|clearpoke\n|poke|p1|Weavile, M|\n|poke|p1|Rillaboom, M|\n|poke|p1|Sneasler, F|\n|poke|p1|Enamorus, F|\n|poke|p1|Hawlucha, M|\n|poke|p1|Jirachi|\n|poke|p2|Heatran, F|\n|poke|p2|Ogerpon-Wellspring, F|\n|poke|p2|Dragapult, F|\n|poke|p2|Glimmora, F|\n|poke|p2|Dondozo, F|\n|poke|p2|Florges-Orange, F|\n|teampreview\n|\n|t:|1699773451\n|start\n|switch|p1a: Hawlucha|Hawlucha, M|100\/100\n|switch|p2a: Florges|Florges-Orange, F|100\/100\n|turn|1\n|\n|t:|1699773460\n|move|p1a: Hawlucha|Mean Look|p2a: Florges\n|-activate|p2a: Florges|trapped\n|move|p2a: Florges|Calm Mind|p2a: Florges\n|-boost|p2a: Florges|spa|1\n|-boost|p2a: Florges|spd|1\n|\n|upkeep\n|turn|2\n|\n|t:|1699773465\n|move|p1a: Hawlucha|Encore|p2a: Florges\n|-start|p2a: Florges|Encore\n|move|p2a: Florges|Calm Mind|p2a: Florges\n|-boost|p2a: Florges|spa|1\n|-boost|p2a: Florges|spd|1\n|\n|upkeep\n|turn|3\n|\n|t:|1699773471\n|move|p1a: Hawlucha|Bulk Up|p1a: Hawlucha\n|-boost|p1a: Hawlucha|atk|1\n|-boost|p1a: Hawlucha|def|1\n|move|p2a: Florges|Calm Mind|p2a: Florges\n|-boost|p2a: Florges|spa|1\n|-boost|p2a: Florges|spd|1\n|\n|upkeep\n|turn|4\n|\n|t:|1699773477\n|move|p1a: Hawlucha|Bulk Up|p1a: Hawlucha\n|-boost|p1a: Hawlucha|atk|1\n|-boost|p1a: Hawlucha|def|1\n|move|p2a: Florges|Calm Mind|p2a: Florges\n|-boost|p2a: Florges|spa|1\n|-boost|p2a: Florges|spd|1\n|\n|-end|p2a: Florges|Encore\n|upkeep\n|turn|5\n|\n|t:|1699773487\n|move|p1a: Hawlucha|Encore|p2a: Florges\n|-start|p2a: Florges|Encore\n|move|p2a: Florges|Calm Mind|p2a: Florges\n|-boost|p2a: Florges|spa|1\n|-boost|p2a: Florges|spd|1\n|\n|upkeep\n|turn|6\n|\n|t:|1699773506\n|move|p1a: Hawlucha|Bulk Up|p1a: Hawlucha\n|-boost|p1a: Hawlucha|atk|1\n|-boost|p1a: Hawlucha|def|1\n|move|p2a: Florges|Calm Mind|p2a: Florges\n|-boost|p2a: Florges|spa|1\n|-boost|p2a: Florges|spd|1\n|\n|upkeep\n|turn|7\n|inactive|Battle timer is ON: inactive players will automatically lose when time's up. (requested by Romano RPPLF)\n|\n|t:|1699773513\n|move|p1a: Hawlucha|Bulk Up|p1a: Hawlucha\n|-boost|p1a: Hawlucha|atk|1\n|-boost|p1a: Hawlucha|def|1\n|move|p2a: Florges|Calm Mind|p2a: Florges\n|-boost|p2a: Florges|spa|0\n|-boost|p2a: Florges|spd|0\n|\n|-end|p2a: Florges|Encore\n|upkeep\n|turn|8\n|\n|t:|1699773537\n|move|p1a: Hawlucha|Encore|p2a: Florges\n|-start|p2a: Florges|Encore\n|move|p2a: Florges|Calm Mind|p2a: Florges\n|-boost|p2a: Florges|spa|0\n|-boost|p2a: Florges|spd|0\n|\n|upkeep\n|turn|9\n|c|\u2606Romano RPPLF|You are locked\n|\n|t:|1699773548\n|move|p1a: Hawlucha|Bulk Up|p1a: Hawlucha\n|-boost|p1a: Hawlucha|atk|1\n|-boost|p1a: Hawlucha|def|1\n|move|p2a: Florges|Calm Mind|p2a: Florges\n|-boost|p2a: Florges|spa|0\n|-boost|p2a: Florges|spd|0\n|\n|upkeep\n|turn|10\n|\n|t:|1699773556\n|move|p1a: Hawlucha|Bulk Up|p1a: Hawlucha\n|-boost|p1a: Hawlucha|atk|1\n|-boost|p1a: Hawlucha|def|1\n|move|p2a: Florges|Calm Mind|p2a: Florges\n|-boost|p2a: Florges|spa|0\n|-boost|p2a: Florges|spd|0\n|\n|-end|p2a: Florges|Encore\n|upkeep\n|turn|11\n|\n|t:|1699773564\n|move|p1a: Hawlucha|Encore|p2a: Florges\n|-start|p2a: Florges|Encore\n|move|p2a: Florges|Calm Mind|p2a: Florges\n|-boost|p2a: Florges|spa|0\n|-boost|p2a: Florges|spd|0\n|\n|upkeep\n|turn|12\n|\n|t:|1699773572\n|move|p1a: Hawlucha|Encore||[still]\n|-fail|p1a: Hawlucha\n|move|p2a: Florges|Calm Mind|p2a: Florges\n|-boost|p2a: Florges|spa|0\n|-boost|p2a: Florges|spd|0\n|\n|upkeep\n|turn|13\n|\n|t:|1699773577\n|move|p1a: Hawlucha|Encore||[still]\n|-fail|p1a: Hawlucha\n|move|p2a: Florges|Calm Mind|p2a: Florges\n|-boost|p2a: Florges|spa|0\n|-boost|p2a: Florges|spd|0\n|\n|-end|p2a: Florges|Encore\n|upkeep\n|turn|14\n|\n|t:|1699773588\n|move|p1a: Hawlucha|Encore|p2a: Florges\n|-start|p2a: Florges|Encore\n|move|p2a: Florges|Calm Mind|p2a: Florges\n|-boost|p2a: Florges|spa|0\n|-boost|p2a: Florges|spd|0\n|\n|upkeep\n|turn|15\n|\n|t:|1699773593\n|move|p1a: Hawlucha|Encore||[still]\n|-fail|p1a: Hawlucha\n|-enditem|p1a: Hawlucha|Leppa Berry|[eat]\n|-activate|p1a: Hawlucha|item: Leppa Berry|Encore|[consumed]\n|move|p2a: Florges|Calm Mind|p2a: Florges\n|-boost|p2a: Florges|spa|0\n|-boost|p2a: Florges|spd|0\n|\n|upkeep\n|turn|16\n|\n|t:|1699773599\n|-terastallize|p1a: Hawlucha|Flying\n|move|p1a: Hawlucha|Acrobatics|p2a: Florges\n|-damage|p2a: Florges|0 fnt\n|faint|p2a: Florges\n|\n|upkeep\n|\n|t:|1699773613\n|switch|p2a: Dondozo|Dondozo, F|100\/100\n|turn|17\n|\n|t:|1699773621\n|move|p1a: Hawlucha|Acrobatics|p2a: Dondozo\n|-damage|p2a: Dondozo|78\/100\n|move|p2a: Dondozo|Liquidation|p1a: Hawlucha\n|-damage|p1a: Hawlucha|64\/100\n|\n|-heal|p2a: Dondozo|84\/100|[from] item: Leftovers\n|upkeep\n|turn|18\n|\n|t:|1699773633\n|move|p1a: Hawlucha|Acrobatics|p2a: Dondozo\n|-damage|p2a: Dondozo|64\/100\n|move|p2a: Dondozo|Liquidation|p1a: Hawlucha\n|-damage|p1a: Hawlucha|26\/100\n|-unboost|p1a: Hawlucha|def|1\n|\n|-heal|p2a: Dondozo|70\/100|[from] item: Leftovers\n|upkeep\n|turn|19\n|\n|t:|1699773642\n|move|p1a: Hawlucha|Acrobatics|p2a: Dondozo\n|-damage|p2a: Dondozo|51\/100\n|move|p2a: Dondozo|Liquidation|p1a: Hawlucha\n|-damage|p1a: Hawlucha|0 fnt\n|faint|p1a: Hawlucha\n|\n|-heal|p2a: Dondozo|57\/100|[from] item: Leftovers\n|upkeep\n|\n|t:|1699773649\n|switch|p1a: Weavile|Weavile, M|100\/100\n|-ability|p1a: Weavile|Pressure\n|turn|20\n|\n|t:|1699773665\n|move|p1a: Weavile|Knock Off|p2a: Dondozo\n|-damage|p2a: Dondozo|37\/100\n|-enditem|p2a: Dondozo|Leftovers|[from] move: Knock Off|[of] p1a: Weavile\n|move|p2a: Dondozo|Body Press|p1a: Weavile\n|-supereffective|p1a: Weavile\n|-enditem|p1a: Weavile|Focus Sash\n|-damage|p1a: Weavile|1\/100\n|\n|upkeep\n|turn|21\n|\n|t:|1699773674\n|move|p1a: Weavile|Icicle Spear|p2a: Dondozo\n|-resisted|p2a: Dondozo\n|-damage|p2a: Dondozo|35\/100\n|-resisted|p2a: Dondozo\n|-damage|p2a: Dondozo|32\/100\n|-hitcount|p2a: Dondozo|2\n|move|p2a: Dondozo|Rest|p2a: Dondozo\n|-status|p2a: Dondozo|slp|[from] move: Rest\n|-heal|p2a: Dondozo|100\/100 slp|[silent]\n|\n|upkeep\n|turn|22\n|\n|t:|1699773682\n|switch|p1a: Rillaboom|Rillaboom, M|100\/100\n|-fieldstart|move: Grassy Terrain|[from] ability: Grassy Surge|[of] p1a: Rillaboom\n|cant|p2a: Dondozo|slp\n|move|p2a: Dondozo|Sleep Talk|p2a: Dondozo\n|move|p2a: Dondozo|Liquidation|p1a: Rillaboom|[from]move: Sleep Talk\n|-resisted|p1a: Rillaboom\n|-damage|p1a: Rillaboom|87\/100\n|\n|-heal|p1a: Rillaboom|93\/100|[from] Grassy Terrain\n|upkeep\n|turn|23\n|\n|t:|1699773707\n|switch|p2a: Heatran|Heatran, F|100\/100\n|move|p1a: Rillaboom|Wood Hammer|p2a: Heatran\n|-resisted|p2a: Heatran\n|-damage|p2a: Heatran|78\/100\n|-damage|p1a: Rillaboom|86\/100|[from] Recoil\n|\n|-heal|p1a: Rillaboom|92\/100|[from] Grassy Terrain\n|-heal|p2a: Heatran|84\/100|[from] Grassy Terrain\n|upkeep\n|turn|24\n|\n|t:|1699773722\n|switch|p1a: Weavile|Weavile, M|1\/100\n|-ability|p1a: Weavile|Pressure\n|move|p2a: Heatran|Stealth Rock|p1a: Weavile\n|-sidestart|p1: Romano RPPLF|move: Stealth Rock\n|\n|-heal|p1a: Weavile|7\/100|[from] Grassy Terrain\n|-heal|p2a: Heatran|91\/100|[from] Grassy Terrain\n|upkeep\n|turn|25\n|inactive|live woch reaction has 120 seconds left.\n|\n|t:|1699773741\n|move|p1a: Weavile|Knock Off|p2a: Heatran\n|-damage|p2a: Heatran|48\/100\n|-enditem|p2a: Heatran|Heavy-Duty Boots|[from] move: Knock Off|[of] p1a: Weavile\n|move|p2a: Heatran|Earth Power|p1a: Weavile\n|-damage|p1a: Weavile|0 fnt\n|faint|p1a: Weavile\n|\n|-heal|p2a: Heatran|55\/100|[from] Grassy Terrain\n|upkeep\n|\n|t:|1699773752\n|switch|p1a: Enamorus|Enamorus, F|100\/100\n|-damage|p1a: Enamorus|76\/100|[from] Stealth Rock\n|turn|26\n|inactive|live woch reaction has 120 seconds left.\n|\n|t:|1699773780\n|move|p1a: Enamorus|Calm Mind|p1a: Enamorus\n|-boost|p1a: Enamorus|spa|1\n|-boost|p1a: Enamorus|spd|1\n|move|p2a: Heatran|Magma Storm|p1a: Enamorus\n|-damage|p1a: Enamorus|19\/100\n|-activate|p1a: Enamorus|move: Magma Storm|[of] p2a: Heatran\n|\n|-heal|p1a: Enamorus|25\/100|[from] item: Leftovers\n|-heal|p2a: Heatran|61\/100|[from] Grassy Terrain\n|-damage|p1a: Enamorus|13\/100|[from] move: Magma Storm|[partiallytrapped]\n|-fieldend|move: Grassy Terrain\n|upkeep\n|turn|27\n|\n|t:|1699773796\n|move|p1a: Enamorus|Moonblast|p2a: Heatran\n|-resisted|p2a: Heatran\n|-damage|p2a: Heatran|45\/100\n|-unboost|p2a: Heatran|spa|1\n|move|p2a: Heatran|Magma Storm|p1a: Enamorus\n|-damage|p1a: Enamorus|0 fnt\n|faint|p1a: Enamorus\n|\n|upkeep\n|\n|t:|1699773807\n|switch|p1a: Rillaboom|Rillaboom, M|92\/100\n|-damage|p1a: Rillaboom|80\/100|[from] Stealth Rock\n|-fieldstart|move: Grassy Terrain|[from] ability: Grassy Surge|[of] p1a: Rillaboom\n|turn|28\n|inactive|live woch reaction has 90 seconds left.\n|\n|t:|1699773843\n|-terastallize|p2a: Heatran|Flying\n|move|p1a: Rillaboom|U-turn|p2a: Heatran\n|-resisted|p2a: Heatran\n|-damage|p2a: Heatran|34\/100\n|\n|t:|1699773853\n|switch|p1a: Jirachi|Jirachi|100\/100|[from] U-turn\n|-damage|p1a: Jirachi|94\/100|[from] Stealth Rock\n|move|p2a: Heatran|Magma Storm|p1a: Jirachi\n|-supereffective|p1a: Jirachi\n|-damage|p1a: Jirachi|24\/100\n|-activate|p1a: Jirachi|move: Magma Storm|[of] p2a: Heatran\n|\n|-heal|p1a: Jirachi|30\/100|[from] Grassy Terrain\n|-damage|p1a: Jirachi|17\/100|[from] move: Magma Storm|[partiallytrapped]\n|upkeep\n|turn|29\n|inactive|live woch reaction has 90 seconds left.\n|\n|t:|1699773863\n|move|p1a: Jirachi|Body Slam|p2a: Heatran\n|-damage|p2a: Heatran|13\/100\n|move|p2a: Heatran|Magma Storm|p1a: Jirachi|[miss]\n|-miss|p2a: Heatran|p1a: Jirachi\n|\n|-heal|p1a: Jirachi|24\/100|[from] Grassy Terrain\n|-damage|p1a: Jirachi|11\/100|[from] move: Magma Storm|[partiallytrapped]\n|upkeep\n|turn|30\n|inactive|live woch reaction has 90 seconds left.\n|\n|t:|1699773874\n|switch|p2a: Dragapult|Dragapult, F|100\/100\n|move|p1a: Jirachi|Body Slam|p2a: Dragapult\n|-immune|p2a: Dragapult\n|\n|-heal|p1a: Jirachi|17\/100|[from] Grassy Terrain\n|-end|p1a: Jirachi|Magma Storm|[partiallytrapped]|[silent]\n|upkeep\n|turn|31\n|inactive|live woch reaction has 90 seconds left.\n|\n|t:|1699773887\n|switch|p1a: Sneasler|Sneasler, F|100\/100\n|-damage|p1a: Sneasler|95\/100|[from] Stealth Rock\n|-enditem|p1a: Sneasler|Grassy Seed\n|-boost|p1a: Sneasler|def|1|[from] item: Grassy Seed\n|move|p2a: Dragapult|Shadow Ball|p1a: Sneasler\n|-damage|p1a: Sneasler|20\/100\n|-unboost|p1a: Sneasler|spd|1\n|\n|-heal|p1a: Sneasler|26\/100|[from] Grassy Terrain\n|upkeep\n|turn|32\n|inactive|live woch reaction has 90 seconds left.\n|\n|t:|1699773902\n|switch|p2a: Heatran|Heatran, F, tera:Flying|13\/100\n|move|p1a: Sneasler|Acrobatics|p2a: Heatran\n|-damage|p2a: Heatran|0 fnt\n|faint|p2a: Heatran\n|\n|-heal|p1a: Sneasler|32\/100|[from] Grassy Terrain\n|-fieldend|move: Grassy Terrain\n|upkeep\n|inactive|live woch reaction has 90 seconds left.\n|\n|t:|1699773911\n|switch|p2a: Glimmora|Glimmora, F|100\/100\n|turn|33\n|\n|t:|1699773916\n|move|p1a: Sneasler|Close Combat|p2a: Glimmora\n|-crit|p2a: Glimmora\n|-enditem|p2a: Glimmora|Focus Sash\n|-damage|p2a: Glimmora|1\/100\n|-unboost|p1a: Sneasler|def|1\n|-unboost|p1a: Sneasler|spd|1\n|-activate|p2a: Glimmora|ability: Toxic Debris\n|-sidestart|p1: Romano RPPLF|move: Toxic Spikes\n|move|p2a: Glimmora|Earth Power|p1a: Sneasler\n|-supereffective|p1a: Sneasler\n|-damage|p1a: Sneasler|0 fnt\n|faint|p1a: Sneasler\n|\n|upkeep\n|\n|t:|1699773920\n|switch|p1a: Jirachi|Jirachi|17\/100\n|-damage|p1a: Jirachi|11\/100|[from] Stealth Rock\n|turn|34\n|\n|t:|1699773932\n|move|p1a: Jirachi|Iron Head|p2a: Glimmora\n|-supereffective|p2a: Glimmora\n|-damage|p2a: Glimmora|0 fnt\n|-activate|p2a: Glimmora|ability: Toxic Debris\n|-sidestart|p1: Romano RPPLF|move: Toxic Spikes\n|faint|p2a: Glimmora\n|\n|upkeep\n|\n|t:|1699773939\n|switch|p2a: Dragapult|Dragapult, F|100\/100\n|turn|35\n|\n|t:|1699773942\n|move|p1a: Jirachi|Iron Head|p2a: Dragapult\n|-damage|p2a: Dragapult|56\/100\n|cant|p2a: Dragapult|flinch\n|\n|upkeep\n|turn|36\n|\n|t:|1699773950\n|move|p1a: Jirachi|Iron Head|p2a: Dragapult\n|-damage|p2a: Dragapult|10\/100\n|move|p2a: Dragapult|Flamethrower|p1a: Jirachi\n|-supereffective|p1a: Jirachi\n|-damage|p1a: Jirachi|0 fnt\n|faint|p1a: Jirachi\n|\n|upkeep\n|\n|t:|1699773955\n|switch|p1a: Rillaboom|Rillaboom, M|80\/100\n|-damage|p1a: Rillaboom|67\/100|[from] Stealth Rock\n|-status|p1a: Rillaboom|tox\n|-fieldstart|move: Grassy Terrain|[from] ability: Grassy Surge|[of] p1a: Rillaboom\n|turn|37\n|\n|t:|1699773961\n|move|p1a: Rillaboom|Grassy Glide|p2a: Dragapult\n|-resisted|p2a: Dragapult\n|-damage|p2a: Dragapult|0 fnt\n|faint|p2a: Dragapult\n|\n|-heal|p1a: Rillaboom|74\/100 tox|[from] Grassy Terrain\n|-damage|p1a: Rillaboom|67\/100 tox|[from] psn\n|upkeep\n|\n|t:|1699773969\n|switch|p2a: Ogerpon|Ogerpon-Wellspring, F|100\/100\n|turn|38\n|\n|t:|1699773985\n|move|p2a: Ogerpon|Ivy Cudgel|p1a: Rillaboom\n|-resisted|p1a: Rillaboom\n|-damage|p1a: Rillaboom|39\/100 tox\n|move|p1a: Rillaboom|Wood Hammer|p2a: Ogerpon\n|-crit|p2a: Ogerpon\n|-damage|p2a: Ogerpon|0 fnt\n|faint|p2a: Ogerpon\n|-damage|p1a: Rillaboom|15\/100 tox|[from] Recoil\n|\n|-heal|p1a: Rillaboom|21\/100 tox|[from] Grassy Terrain\n|-damage|p1a: Rillaboom|9\/100 tox|[from] psn\n|upkeep\n|inactive|live woch reaction has 120 seconds left.\n|\n|t:|1699773996\n|switch|p2a: Dondozo|Dondozo, F|100\/100 slp\n|turn|39\n|\n|t:|1699774002\n|move|p1a: Rillaboom|Wood Hammer|p2a: Dondozo\n|-supereffective|p2a: Dondozo\n|-crit|p2a: Dondozo\n|-damage|p2a: Dondozo|0 fnt\n|faint|p2a: Dondozo\n|-damage|p1a: Rillaboom|0 fnt|[from] Recoil\n|faint|p1a: Rillaboom\n|\n|win|Romano RPPLF\n|raw|Romano RPPLF's rating: 1206 &rarr; <strong>1236<\/strong><br \/>(+30 for winning)\n|raw|live woch reaction's rating: 1277 &rarr; <strong>1247<\/strong><br \/>(-30 for losing)\n","uploadtime":1699774012,"views":15,"p1id":"romanorpplf","p2id":"livewochreaction","formatid":"gen9ou","rating":1236,"private":0,"password":""}