{"id":"gen9ou-1993476904","p1":"pkfire fx","p2":"Azur_le_goat","format":"[Gen 9] OU","log":"|j|\u2606pkfire fx\n|j|\u2606Azur_le_goat\n|t:|1700322591\n|gametype|singles\n|player|p1|pkfire fx|266|1184\n|player|p2|Azur_le_goat|benga|1115\n|teamsize|p1|6\n|teamsize|p2|6\n|gen|9\n|tier|[Gen 9] OU\n|rated|\n|rule|Sleep Clause Mod: Limit one foe put to sleep\n|rule|Species Clause: Limit one of each Pok\u00e9mon\n|rule|OHKO Clause: OHKO moves are banned\n|rule|Evasion Items Clause: Evasion items are banned\n|rule|Evasion Moves Clause: Evasion moves are banned\n|rule|Endless Battle Clause: Forcing endless battles is banned\n|rule|HP Percentage Mod: HP is shown in percentages\n|clearpoke\n|poke|p1|Ogerpon-Wellspring, F|\n|poke|p1|Great Tusk|\n|poke|p1|Scizor, M|\n|poke|p1|Dragapult, F|\n|poke|p1|Iron Jugulis|\n|poke|p1|Iron Moth|\n|poke|p2|Iron Moth|\n|poke|p2|Kingambit, F|\n|poke|p2|Ogerpon-Cornerstone, F|\n|poke|p2|Walking Wake|\n|poke|p2|Zoroark-Hisui, M|\n|poke|p2|Great Tusk|\n|teampreview\n|c|\u2606pkfire fx|ogerpon lead speedtie vs iron moth 50\/50\n|c|\u2606pkfire fx|lets go\n|c|\u2606pkfire fx|peak game play\n|\n|t:|1700322619\n|start\n|switch|p1a: Ogerpon|Ogerpon-Wellspring, F|100\/100\n|switch|p2a: Zobal|Ogerpon-Cornerstone, F|100\/100\n|turn|1\n|\n|t:|1700322637\n|move|p1a: Ogerpon|Power Whip|p2a: Zobal\n|-damage|p2a: Zobal|9\/100\n|move|p2a: Zobal|Power Whip|p1a: Ogerpon\n|-damage|p1a: Ogerpon|0 fnt\n|faint|p1a: Ogerpon\n|\n|upkeep\n|\n|t:|1700322652\n|switch|p1a: Dragapult|Dragapult, F|100\/100\n|turn|2\n|c|\u2606Azur_le_goat|peak gameplay for sure x)\n|c|\u2606pkfire fx|f\n|\n|t:|1700322673\n|move|p1a: Dragapult|U-turn|p2a: Zobal\n|-supereffective|p2a: Zobal\n|-damage|p2a: Zobal|0 fnt\n|faint|p2a: Zobal\n|\n|t:|1700322686\n|switch|p1a: Great Tusk|Great Tusk|100\/100|[from] U-turn\n|\n|upkeep\n|\n|t:|1700322703\n|switch|p2a: alexis unchained|Walking Wake|100\/100\n|-enditem|p2a: alexis unchained|Booster Energy\n|-activate|p2a: alexis unchained|ability: Protosynthesis|[fromitem]\n|-start|p2a: alexis unchained|protosynthesisspa\n|turn|3\n|\n|t:|1700322733\n|move|p2a: alexis unchained|Agility|p2a: alexis unchained\n|-boost|p2a: alexis unchained|spe|2\n|move|p1a: Great Tusk|Close Combat|p2a: alexis unchained\n|-damage|p2a: alexis unchained|22\/100\n|-unboost|p1a: Great Tusk|def|1\n|-unboost|p1a: Great Tusk|spd|1\n|\n|upkeep\n|turn|4\n|\n|t:|1700322762\n|move|p2a: alexis unchained|Dragon Pulse|p1a: Great Tusk\n|-damage|p1a: Great Tusk|0 fnt\n|faint|p1a: Great Tusk\n|-end|p1a: Great Tusk|Protosynthesis|[silent]\n|\n|upkeep\n|\n|t:|1700322768\n|switch|p1a: Scizor|Scizor, M|100\/100\n|turn|5\n|\n|t:|1700322788\n|move|p1a: Scizor|Bullet Punch|p2a: alexis unchained\n|-resisted|p2a: alexis unchained\n|-crit|p2a: alexis unchained\n|-damage|p2a: alexis unchained|0 fnt\n|faint|p2a: alexis unchained\n|-end|p2a: alexis unchained|Protosynthesis|[silent]\n|\n|upkeep\n|\n|t:|1700322805\n|switch|p2a: mite de berlin|Iron Moth, shiny|100\/100\n|-enditem|p2a: mite de berlin|Booster Energy\n|-activate|p2a: mite de berlin|ability: Quark Drive|[fromitem]\n|-start|p2a: mite de berlin|quarkdrivespa\n|turn|6\n|\n|t:|1700322825\n|switch|p1a: Iron Moth|Iron Moth|100\/100\n|-enditem|p1a: Iron Moth|Booster Energy\n|-activate|p1a: Iron Moth|ability: Quark Drive|[fromitem]\n|-start|p1a: Iron Moth|quarkdrivespe\n|move|p2a: mite de berlin|Fiery Dance|p1a: Iron Moth\n|-resisted|p1a: Iron Moth\n|-damage|p1a: Iron Moth|72\/100\n|-boost|p2a: mite de berlin|spa|1\n|\n|upkeep\n|turn|7\n|\n|t:|1700322838\n|-terastallize|p1a: Iron Moth|Ground\n|move|p1a: Iron Moth|Tera Blast|p2a: mite de berlin|[anim] Tera Blast Ground\n|-supereffective|p2a: mite de berlin\n|-damage|p2a: mite de berlin|0 fnt\n|faint|p2a: mite de berlin\n|-end|p2a: mite de berlin|Quark Drive|[silent]\n|\n|upkeep\n|c|\u2606Azur_le_goat|smart\n|c|\u2606pkfire fx|now i lose\n|\n|t:|1700322851\n|switch|p2a: Fallope|Great Tusk, shiny|100\/100\n|turn|8\n|\n|t:|1700322864\n|move|p1a: Iron Moth|Fiery Dance|p2a: Fallope\n|-damage|p2a: Fallope|43\/100\n|-boost|p1a: Iron Moth|spa|1\n|move|p2a: Fallope|Close Combat|p1a: Iron Moth\n|-damage|p1a: Iron Moth|0 fnt\n|-unboost|p2a: Fallope|def|1\n|-unboost|p2a: Fallope|spd|1\n|-enditem|p2a: Fallope|Eject Pack\n|faint|p1a: Iron Moth\n|-end|p1a: Iron Moth|Quark Drive|[silent]\n|c|\u2606pkfire fx|holy hell\n|\n|t:|1700322876\n|-end|p2a: Fallope|Protosynthesis|[silent]\n|switch|p2a: Il chie l\u00e0|Kingambit, F, shiny|100\/100\n|\n|upkeep\n|c|\u2606pkfire fx|wait\n|c|\u2606pkfire fx|this is zoroark because no supreme overlord\n|c|\u2606pkfire fx|or this is 3000iq defiant kingambit\n|c|\u2606pkfire fx|noo\n|c|\u2606Azur_le_goat|eheee\n|\n|t:|1700322915\n|switch|p1a: Dragapult|Dragapult, F|100\/100\n|turn|9\n|\n|t:|1700322922\n|move|p2a: Il chie l\u00e0|Shadow Ball|p1a: Dragapult\n|-supereffective|p1a: Dragapult\n|-damage|p1a: Dragapult|0 fnt\n|faint|p1a: Dragapult\n|\n|upkeep\n|c|\u2606pkfire fx|well fuck\n|\n|t:|1700322931\n|switch|p1a: Iron Jugulis|Iron Jugulis|100\/100\n|-enditem|p1a: Iron Jugulis|Booster Energy\n|-activate|p1a: Iron Jugulis|ability: Quark Drive|[fromitem]\n|-start|p1a: Iron Jugulis|quarkdrivespe\n|turn|10\n|\n|t:|1700322957\n|move|p2a: Il chie l\u00e0|Shadow Ball|p1a: Iron Jugulis\n|-resisted|p1a: Iron Jugulis\n|-damage|p1a: Iron Jugulis|76\/100\n|-unboost|p1a: Iron Jugulis|spd|1\n|move|p1a: Iron Jugulis|Earth Power|p2a: Il chie l\u00e0\n|-damage|p2a: Il chie l\u00e0|40\/100\n|replace|p2a: steak sans sauce|Zoroark-Hisui, M, shiny\n|-end|p2a: steak sans sauce|Illusion\n|\n|upkeep\n|turn|11\n|\n|t:|1700322979\n|move|p2a: steak sans sauce|Shadow Ball|p1a: Iron Jugulis\n|-resisted|p1a: Iron Jugulis\n|-damage|p1a: Iron Jugulis|41\/100\n|move|p1a: Iron Jugulis|Earth Power|p2a: steak sans sauce\n|-damage|p2a: steak sans sauce|0 fnt\n|faint|p2a: steak sans sauce\n|\n|upkeep\n|\n|t:|1700322993\n|switch|p2a: Il chie l\u00e0|Kingambit, F, shiny|100\/100\n|-activate|p2a: Il chie l\u00e0|ability: Supreme Overlord\n|-start|p2a: Il chie l\u00e0|fallen4|[silent]\n|turn|12\n|\n|t:|1700323007\n|-terastallize|p2a: Il chie l\u00e0|Flying\n|move|p1a: Iron Jugulis|Taunt|p2a: Il chie l\u00e0\n|-start|p2a: Il chie l\u00e0|move: Taunt\n|cant|p2a: Il chie l\u00e0|move: Taunt|Swords Dance\n|\n|upkeep\n|turn|13\n|\n|t:|1700323017\n|move|p1a: Iron Jugulis|Hurricane|p2a: Il chie l\u00e0\n|-damage|p2a: Il chie l\u00e0|34\/100\n|move|p2a: Il chie l\u00e0|Iron Head|p1a: Iron Jugulis\n|-damage|p1a: Iron Jugulis|0 fnt\n|faint|p1a: Iron Jugulis\n|-end|p1a: Iron Jugulis|Quark Drive|[silent]\n|\n|-heal|p2a: Il chie l\u00e0|41\/100|[from] item: Leftovers\n|upkeep\n|c|\u2606Azur_le_goat|nice play\n|\n|t:|1700323024\n|switch|p1a: Scizor|Scizor, M|100\/100\n|turn|14\n|\n|t:|1700323029\n|move|p2a: Il chie l\u00e0|Sucker Punch|p1a: Scizor\n|-damage|p1a: Scizor|40\/100\n|move|p1a: Scizor|Bullet Punch|p2a: Il chie l\u00e0\n|-damage|p2a: Il chie l\u00e0|0 fnt\n|faint|p2a: Il chie l\u00e0\n|-end|p2a: Il chie l\u00e0|fallen4|[silent]\n|\n|upkeep\n|\n|t:|1700323035\n|switch|p2a: Fallope|Great Tusk, shiny|43\/100\n|turn|15\n|c|\u2606pkfire fx|kgbt with speed investment?!\n|\n|t:|1700323042\n|move|p1a: Scizor|Bullet Punch|p2a: Fallope\n|-damage|p2a: Fallope|4\/100\n|move|p2a: Fallope|Close Combat|p1a: Scizor\n|-damage|p1a: Scizor|0 fnt\n|-unboost|p2a: Fallope|def|1\n|-unboost|p2a: Fallope|spd|1\n|faint|p1a: Scizor\n|\n|win|Azur_le_goat\n|raw|pkfire fx's rating: 1184 &rarr; <strong>1154<\/strong><br \/>(-30 for losing)\n|raw|Azur_le_goat's rating: 1115 &rarr; <strong>1145<\/strong><br \/>(+30 for winning)\n|c|\u2606pkfire fx|gg\n|c|\u2606pkfire fx|best battle ever\n|l|\u2606pkfire fx\n|c|\u2606Azur_le_goat|rly nice battle gg\n","uploadtime":1700323081,"views":23,"p1id":"pkfirefx","p2id":"azurlegoat","formatid":"gen9ou","rating":1145,"private":0,"password":""}