{"id":"gen9ou-1997221460","p1":"OfTheStars","p2":"tera if u suck","format":"[Gen 9] OU","log":"|j|\u2606OfTheStars\n|j|\u2606tera if u suck\n|t:|1700777148\n|gametype|singles\n|player|p1|OfTheStars|parasollady|1393\n|player|p2|tera if u suck|2|1316\n|teamsize|p1|6\n|teamsize|p2|6\n|gen|9\n|tier|[Gen 9] OU\n|rated|\n|rule|Sleep Clause Mod: Limit one foe put to sleep\n|rule|Species Clause: Limit one of each Pok\u00e9mon\n|rule|OHKO Clause: OHKO moves are banned\n|rule|Evasion Items Clause: Evasion items are banned\n|rule|Evasion Moves Clause: Evasion moves are banned\n|rule|Endless Battle Clause: Forcing endless battles is banned\n|rule|HP Percentage Mod: HP is shown in percentages\n|clearpoke\n|poke|p1|Landorus-Therian, M|\n|poke|p1|Samurott-Hisui, M|\n|poke|p1|Amoonguss, M|\n|poke|p1|Sylveon, F|\n|poke|p1|Cinderace, F|\n|poke|p1|Gholdengo|\n|poke|p2|Torkoal, F|\n|poke|p2|Typhlosion-Hisui, F|\n|poke|p2|Lilligant-Hisui, F|\n|poke|p2|Walking Wake|\n|poke|p2|Hatterene, F|\n|poke|p2|Great Tusk|\n|teampreview\n|inactive|Battle timer is ON: inactive players will automatically lose when time's up. (requested by OfTheStars)\n|\n|t:|1700777157\n|start\n|switch|p1a: Sir Whiskers|Samurott-Hisui, M|100\/100\n|switch|p2a: Walking Wake|Walking Wake|100\/100\n|turn|1\n|\n|t:|1700777161\n|move|p2a: Walking Wake|Dragon Pulse|p1a: Sir Whiskers\n|-damage|p1a: Sir Whiskers|10\/100\n|move|p1a: Sir Whiskers|Ceaseless Edge|p2a: Walking Wake\n|-damage|p2a: Walking Wake|32\/100\n|-sidestart|p2: tera if u suck|Spikes\n|\n|upkeep\n|turn|2\n|\n|t:|1700777171\n|-end|p2a: Walking Wake|Protosynthesis|[silent]\n|switch|p2a: Torkoal|Torkoal, F|100\/100\n|-damage|p2a: Torkoal|88\/100|[from] Spikes\n|-weather|SunnyDay|[from] ability: Drought|[of] p2a: Torkoal\n|switch|p1a: Amber|Sylveon, F|100\/100\n|\n|-weather|SunnyDay|[upkeep]\n|upkeep\n|turn|3\n|\n|t:|1700777187\n|move|p1a: Amber|Hyper Voice|p2a: Torkoal\n|-resisted|p2a: Torkoal\n|-damage|p2a: Torkoal|30\/100\n|move|p2a: Torkoal|Stealth Rock|p1a: Amber\n|-sidestart|p1: OfTheStars|move: Stealth Rock\n|\n|-weather|SunnyDay|[upkeep]\n|upkeep\n|turn|4\n|\n|t:|1700777193\n|switch|p2a: Hatterene|Hatterene, F|100\/100\n|-damage|p2a: Hatterene|88\/100|[from] Spikes\n|move|p1a: Amber|Hyper Voice|p2a: Hatterene\n|-damage|p2a: Hatterene|31\/100\n|\n|-weather|SunnyDay|[upkeep]\n|upkeep\n|turn|5\n|\n|t:|1700777200\n|move|p1a: Amber|Hyper Voice|p2a: Hatterene\n|-damage|p2a: Hatterene|0 fnt\n|faint|p2a: Hatterene\n|\n|-weather|SunnyDay|[upkeep]\n|upkeep\n|\n|t:|1700777204\n|switch|p2a: Walking Wake|Walking Wake|32\/100\n|-damage|p2a: Walking Wake|20\/100|[from] Spikes\n|-activate|p2a: Walking Wake|ability: Protosynthesis\n|-start|p2a: Walking Wake|protosynthesisspe\n|turn|6\n|\n|t:|1700777216\n|switch|p1a: Sir Whiskers|Samurott-Hisui, M|10\/100\n|-damage|p1a: Sir Whiskers|0 fnt|[from] Stealth Rock\n|faint|p1a: Sir Whiskers\n|move|p2a: Walking Wake|Hydro Steam|p1: Sir Whiskers|[notarget]\n|-fail|p2a: Walking Wake\n|\n|-weather|SunnyDay|[upkeep]\n|upkeep\n|\n|t:|1700777225\n|switch|p1a: Scarlett|Cinderace, F|100\/100\n|turn|7\n|\n|t:|1700777228\n|-end|p2a: Walking Wake|Protosynthesis|[silent]\n|switch|p2a: Great Tusk|Great Tusk|100\/100\n|-damage|p2a: Great Tusk|88\/100|[from] Spikes\n|-activate|p2a: Great Tusk|ability: Protosynthesis\n|-start|p2a: Great Tusk|protosynthesisatk\n|move|p1a: Scarlett|Sucker Punch||[still]\n|-fail|p1a: Scarlett\n|\n|-weather|SunnyDay|[upkeep]\n|upkeep\n|turn|8\n|\n|t:|1700777236\n|switch|p1a: Fluffles|Landorus-Therian, M|100\/100\n|-damage|p1a: Fluffles|88\/100|[from] Stealth Rock\n|-ability|p1a: Fluffles|Intimidate|boost\n|-unboost|p2a: Great Tusk|atk|1\n|move|p2a: Great Tusk|Earthquake|p1a: Fluffles\n|-immune|p1a: Fluffles\n|\n|-weather|SunnyDay|[upkeep]\n|-heal|p1a: Fluffles|94\/100|[from] item: Leftovers\n|upkeep\n|turn|9\n|\n|t:|1700777249\n|-end|p2a: Great Tusk|Protosynthesis|[silent]\n|switch|p2a: Walking Wake|Walking Wake|20\/100\n|-damage|p2a: Walking Wake|7\/100|[from] Spikes\n|-activate|p2a: Walking Wake|ability: Protosynthesis\n|-start|p2a: Walking Wake|protosynthesisspe\n|switch|p1a: MushroomMushroom|Amoonguss, M|100\/100\n|-damage|p1a: MushroomMushroom|88\/100|[from] Stealth Rock\n|\n|-weather|none\n|-end|p2a: Walking Wake|Protosynthesis\n|upkeep\n|turn|10\n|\n|t:|1700777256\n|move|p2a: Walking Wake|Draco Meteor|p1a: MushroomMushroom\n|-damage|p1a: MushroomMushroom|3\/100\n|-unboost|p2a: Walking Wake|spa|2\n|move|p1a: MushroomMushroom|Giga Drain|p2a: Walking Wake\n|-damage|p2a: Walking Wake|0 fnt\n|-heal|p1a: MushroomMushroom|6\/100|[from] drain|[of] p2a: Walking Wake\n|faint|p2a: Walking Wake\n|-end|p2a: Walking Wake|Protosynthesis|[silent]\n|\n|upkeep\n|\n|t:|1700777259\n|switch|p2a: Torkoal|Torkoal, F|30\/100\n|-damage|p2a: Torkoal|18\/100|[from] Spikes\n|-weather|SunnyDay|[from] ability: Drought|[of] p2a: Torkoal\n|turn|11\n|\n|t:|1700777269\n|switch|p1a: Scarlett|Cinderace, F|100\/100\n|move|p2a: Torkoal|Rapid Spin|p1a: Scarlett\n|-crit|p1a: Scarlett\n|-damage|p1a: Scarlett|82\/100\n|-boost|p2a: Torkoal|spe|1\n|-sideend|p2: tera if u suck|Spikes|[from] move: Rapid Spin|[of] p2a: Torkoal\n|\n|-weather|SunnyDay|[upkeep]\n|upkeep\n|turn|12\n|\n|t:|1700777276\n|switch|p2a: Great Tusk|Great Tusk|88\/100\n|-activate|p2a: Great Tusk|ability: Protosynthesis\n|-start|p2a: Great Tusk|protosynthesisatk\n|move|p1a: Scarlett|Court Change|p1a: Scarlett\n|-start|p1a: Scarlett|typechange|Normal|[from] ability: Libero\n|-swapsideconditions\n|-activate|p1a: Scarlett|move: Court Change\n|\n|-weather|SunnyDay|[upkeep]\n|upkeep\n|turn|13\n|\n|t:|1700777282\n|move|p2a: Great Tusk|Ice Spinner|p1a: Scarlett\n|-damage|p1a: Scarlett|26\/100\n|move|p1a: Scarlett|U-turn|p2a: Great Tusk\n|-resisted|p2a: Great Tusk\n|-damage|p2a: Great Tusk|79\/100\n|inactive|OfTheStars has 120 seconds left.\n|\n|t:|1700777326\n|switch|p1a: Fluffles|Landorus-Therian, M|94\/100|[from] U-turn\n|-ability|p1a: Fluffles|Intimidate|boost\n|-unboost|p2a: Great Tusk|atk|1\n|\n|-weather|SunnyDay|[upkeep]\n|-heal|p1a: Fluffles|99\/100|[from] item: Leftovers\n|upkeep\n|turn|14\n|\n|t:|1700777333\n|switch|p1a: MushroomMushroom|Amoonguss, M|39\/100\n|move|p2a: Great Tusk|Ice Spinner|p1a: MushroomMushroom\n|-supereffective|p1a: MushroomMushroom\n|-damage|p1a: MushroomMushroom|3\/100\n|-damage|p2a: Great Tusk|63\/100|[from] item: Rocky Helmet|[of] p1a: MushroomMushroom\n|\n|-weather|SunnyDay|[upkeep]\n|upkeep\n|turn|15\n|inactive|OfTheStars has 120 seconds left.\n|\n|t:|1700777349\n|switch|p1a: Gholdengo|Gholdengo|100\/100\n|move|p2a: Great Tusk|Ice Spinner|p1a: Gholdengo\n|-resisted|p1a: Gholdengo\n|-damage|p1a: Gholdengo|88\/100\n|\n|-weather|SunnyDay|[upkeep]\n|upkeep\n|turn|16\n|\n|t:|1700777371\n|-end|p2a: Great Tusk|Protosynthesis|[silent]\n|switch|p2a: Torkoal|Torkoal, F|18\/100\n|-damage|p2a: Torkoal|0 fnt|[from] Stealth Rock\n|faint|p2a: Torkoal\n|switch|p1a: MushroomMushroom|Amoonguss, M|36\/100\n|\n|-weather|SunnyDay|[upkeep]\n|upkeep\n|\n|t:|1700777377\n|switch|p2a: Typhlosion|Typhlosion-Hisui, F|100\/100\n|-damage|p2a: Typhlosion|76\/100|[from] Stealth Rock\n|-item|p1a: MushroomMushroom|Rocky Helmet|[from] ability: Frisk|[of] p2a: Typhlosion|[identify]\n|turn|17\n|\n|t:|1700777385\n|switch|p1a: Scarlett|Cinderace, F|26\/100\n|move|p2a: Typhlosion|Eruption|p1a: Scarlett\n|-resisted|p1a: Scarlett\n|-crit|p1a: Scarlett\n|-damage|p1a: Scarlett|0 fnt\n|faint|p1a: Scarlett\n|\n|-weather|SunnyDay|[upkeep]\n|upkeep\n|\n|t:|1700777405\n|switch|p1a: Gholdengo|Gholdengo|88\/100\n|turn|18\n|\n|t:|1700777408\n|move|p2a: Typhlosion|Eruption|p1a: Gholdengo\n|-supereffective|p1a: Gholdengo\n|-damage|p1a: Gholdengo|0 fnt\n|faint|p1a: Gholdengo\n|\n|-weather|none\n|upkeep\n|\n|t:|1700777417\n|switch|p1a: Fluffles|Landorus-Therian, M|99\/100\n|-ability|p1a: Fluffles|Intimidate|boost\n|-unboost|p2a: Typhlosion|atk|1\n|turn|19\n|\n|t:|1700777423\n|move|p2a: Typhlosion|Eruption|p1a: Fluffles\n|-damage|p1a: Fluffles|61\/100\n|move|p1a: Fluffles|U-turn|p2a: Typhlosion\n|-resisted|p2a: Typhlosion\n|-damage|p2a: Typhlosion|67\/100\n|inactive|OfTheStars has 120 seconds left.\n|\n|t:|1700777433\n|switch|p1a: MushroomMushroom|Amoonguss, M|69\/100|[from] U-turn\n|\n|upkeep\n|turn|20\n|inactive|OfTheStars has 120 seconds left.\n|\n|t:|1700777438\n|switch|p1a: Fluffles|Landorus-Therian, M|61\/100\n|-ability|p1a: Fluffles|Intimidate|boost\n|-unboost|p2a: Typhlosion|atk|1\n|move|p2a: Typhlosion|Eruption|p1a: Fluffles\n|-damage|p1a: Fluffles|25\/100\n|\n|-heal|p1a: Fluffles|31\/100|[from] item: Leftovers\n|upkeep\n|turn|21\n|\n|t:|1700777445\n|move|p2a: Typhlosion|Eruption|p1a: Fluffles\n|-damage|p1a: Fluffles|0 fnt\n|faint|p1a: Fluffles\n|\n|upkeep\n|\n|t:|1700777454\n|switch|p1a: MushroomMushroom|Amoonguss, M|100\/100\n|turn|22\n|\n|t:|1700777464\n|-terastallize|p1a: MushroomMushroom|Water\n|move|p2a: Typhlosion|Eruption|p1a: MushroomMushroom\n|-resisted|p1a: MushroomMushroom\n|-damage|p1a: MushroomMushroom|78\/100\n|move|p1a: MushroomMushroom|Sludge Bomb|p2a: Typhlosion\n|-resisted|p2a: Typhlosion\n|-damage|p2a: Typhlosion|49\/100\n|\n|upkeep\n|turn|23\n|\n|t:|1700777480\n|move|p2a: Typhlosion|Eruption|p1a: MushroomMushroom\n|-resisted|p1a: MushroomMushroom\n|-damage|p1a: MushroomMushroom|63\/100\n|move|p1a: MushroomMushroom|Sludge Bomb|p2a: Typhlosion\n|-resisted|p2a: Typhlosion\n|-damage|p2a: Typhlosion|31\/100\n|\n|upkeep\n|turn|24\n|\n|t:|1700777489\n|switch|p2a: Great Tusk|Great Tusk|63\/100\n|-damage|p2a: Great Tusk|60\/100|[from] Stealth Rock\n|move|p1a: MushroomMushroom|Sludge Bomb|p2a: Great Tusk\n|-resisted|p2a: Great Tusk\n|-damage|p2a: Great Tusk|40\/100\n|-status|p2a: Great Tusk|psn\n|\n|-damage|p2a: Great Tusk|28\/100 psn|[from] psn\n|upkeep\n|turn|25\n|\n|t:|1700777501\n|move|p2a: Great Tusk|Earthquake|p1a: MushroomMushroom\n|-damage|p1a: MushroomMushroom|25\/100\n|move|p1a: MushroomMushroom|Giga Drain|p2a: Great Tusk\n|-supereffective|p2a: Great Tusk\n|-damage|p2a: Great Tusk|0 fnt\n|-heal|p1a: MushroomMushroom|36\/100|[from] drain|[of] p2a: Great Tusk\n|faint|p2a: Great Tusk\n|-end|p2a: Great Tusk|Protosynthesis|[silent]\n|\n|upkeep\n|\n|t:|1700777506\n|switch|p2a: Typhlosion|Typhlosion-Hisui, F|31\/100\n|-damage|p2a: Typhlosion|6\/100|[from] Stealth Rock\n|-item|p1a: MushroomMushroom|Rocky Helmet|[from] ability: Frisk|[of] p2a: Typhlosion|[identify]\n|turn|26\n|\n|t:|1700777512\n|move|p2a: Typhlosion|Infernal Parade|p1a: MushroomMushroom\n|-damage|p1a: MushroomMushroom|9\/100\n|move|p1a: MushroomMushroom|Giga Drain|p2a: Typhlosion\n|-resisted|p2a: Typhlosion\n|-damage|p2a: Typhlosion|0 fnt\n|-heal|p1a: MushroomMushroom|11\/100|[from] drain|[of] p2a: Typhlosion\n|faint|p2a: Typhlosion\n|\n|upkeep\n|\n|t:|1700777516\n|switch|p2a: Lilligant|Lilligant-Hisui, F|100\/100\n|-damage|p2a: Lilligant|94\/100|[from] Stealth Rock\n|turn|27\n|\n|t:|1700777522\n|move|p2a: Lilligant|Leaf Blade|p1a: MushroomMushroom\n|-supereffective|p1a: MushroomMushroom\n|-damage|p1a: MushroomMushroom|0 fnt\n|-damage|p2a: Lilligant|78\/100|[from] item: Rocky Helmet|[of] p1a: MushroomMushroom\n|faint|p1a: MushroomMushroom\n|\n|upkeep\n|\n|t:|1700777525\n|switch|p1a: Amber|Sylveon, F|100\/100\n|turn|28\n|\n|t:|1700777537\n|move|p2a: Lilligant|Leaf Blade|p1a: Amber\n|-damage|p1a: Amber|50\/100\n|move|p1a: Amber|Hyper Beam|p2a: Lilligant|[miss]\n|-miss|p1a: Amber|p2a: Lilligant\n|\n|upkeep\n|turn|29\n|\n|t:|1700777542\n|move|p2a: Lilligant|Leaf Blade|p1a: Amber\n|-damage|p1a: Amber|1\/100\n|move|p1a: Amber|Hyper Beam|p2a: Lilligant\n|-supereffective|p2a: Lilligant\n|-damage|p2a: Lilligant|0 fnt\n|-mustrecharge|p1a: Amber\n|faint|p2a: Lilligant\n|\n|win|OfTheStars\n|raw|OfTheStars's rating: 1393 &rarr; <strong>1409<\/strong><br \/>(+16 for winning)\n|raw|tera if u suck's rating: 1316 &rarr; <strong>1300<\/strong><br \/>(-16 for losing)\n|l|\u2606tera if u suck\n|l|\u2606OfTheStars\n|j|\u2606OfTheStars\n|player|p1|OfTheStars|parasollady\n","uploadtime":1700777608,"views":9,"p1id":"ofthestars","p2id":"teraifusuck","formatid":"gen9ou","rating":1300,"private":0,"password":""}