{"id":"gen9ou-1988583823","p1":"Kubedkuba","p2":"chordoverstreet","format":"[Gen 9] OU","log":"|j|\u2606Kubedkuba\n|j|\u2606chordoverstreet\n|t:|1699738747\n|gametype|singles\n|player|p1|Kubedkuba|iris-gen5bw2|1283\n|player|p2|chordoverstreet|102|1248\n|teamsize|p1|6\n|teamsize|p2|6\n|gen|9\n|tier|[Gen 9] OU\n|rated|\n|rule|Sleep Clause Mod: Limit one foe put to sleep\n|rule|Species Clause: Limit one of each Pok\u00e9mon\n|rule|OHKO Clause: OHKO moves are banned\n|rule|Evasion Items Clause: Evasion items are banned\n|rule|Evasion Moves Clause: Evasion moves are banned\n|rule|Endless Battle Clause: Forcing endless battles is banned\n|rule|HP Percentage Mod: HP is shown in percentages\n|clearpoke\n|poke|p1|Dragapult, M|\n|poke|p1|Great Tusk|\n|poke|p1|Zapdos|\n|poke|p1|Iron Moth|\n|poke|p1|Blissey, F|\n|poke|p1|Gholdengo|\n|poke|p2|Breloom, F|\n|poke|p2|Ting-Lu|\n|poke|p2|Hatterene, F|\n|poke|p2|Dragapult, M|\n|poke|p2|Rotom-Wash|\n|poke|p2|Corviknight, F|\n|teampreview\n|inactive|Battle timer is ON: inactive players will automatically lose when time's up. (requested by Kubedkuba)\n|inactive|chordoverstreet has 120 seconds left.\n|\n|t:|1699738785\n|start\n|switch|p1a: Dragapult|Dragapult, M, shiny|100\/100\n|switch|p2a: snake|Dragapult, M|100\/100\n|turn|1\n|\n|t:|1699738809\n|move|p1a: Dragapult|Sucker Punch|p2a: snake\n|-supereffective|p2a: snake\n|-damage|p2a: snake|9\/100\n|move|p2a: snake|Draco Meteor|p1a: Dragapult\n|-supereffective|p1a: Dragapult\n|-damage|p1a: Dragapult|0 fnt\n|-unboost|p2a: snake|spa|2\n|faint|p1a: Dragapult\n|\n|upkeep\n|\n|t:|1699738817\n|switch|p1a: Iron Moth|Iron Moth|100\/100\n|turn|2\n|\n|t:|1699738822\n|switch|p2a: car battery|Ting-Lu|100\/100\n|-ability|p2a: car battery|Vessel of Ruin\n|move|p1a: Iron Moth|Fiery Dance|p2a: car battery\n|-damage|p2a: car battery|82\/100\n|-boost|p1a: Iron Moth|spa|1\n|\n|-heal|p2a: car battery|89\/100|[from] item: Leftovers\n|upkeep\n|turn|3\n|\n|t:|1699738831\n|-end|p1a: Iron Moth|Quark Drive|[silent]\n|switch|p1a: Great Tusk|Great Tusk|100\/100\n|move|p2a: car battery|Stealth Rock|p1a: Great Tusk\n|-sidestart|p1: Kubedkuba|move: Stealth Rock\n|\n|-heal|p2a: car battery|95\/100|[from] item: Leftovers\n|upkeep\n|turn|4\n|\n|t:|1699738838\n|move|p1a: Great Tusk|Stealth Rock|p2a: car battery\n|-sidestart|p2: chordoverstreet|move: Stealth Rock\n|move|p2a: car battery|Ruination|p1a: Great Tusk\n|-damage|p1a: Great Tusk|51\/100\n|\n|-heal|p1a: Great Tusk|57\/100|[from] item: Leftovers\n|-heal|p2a: car battery|100\/100|[from] item: Leftovers\n|upkeep\n|turn|5\n|\n|t:|1699738855\n|switch|p2a: brundice|Corviknight, F|100\/100\n|-damage|p2a: brundice|88\/100|[from] Stealth Rock\n|move|p1a: Great Tusk|Rapid Spin|p2a: brundice\n|-resisted|p2a: brundice\n|-damage|p2a: brundice|81\/100\n|-boost|p1a: Great Tusk|spe|1\n|-damage|p1a: Great Tusk|40\/100|[from] item: Rocky Helmet|[of] p2a: brundice\n|-sideend|p1: Kubedkuba|Stealth Rock|[from] move: Rapid Spin|[of] p1a: Great Tusk\n|\n|-heal|p1a: Great Tusk|47\/100|[from] item: Leftovers\n|upkeep\n|turn|6\n|\n|t:|1699738868\n|-end|p1a: Great Tusk|Protosynthesis|[silent]\n|switch|p1a: Gholdengo|Gholdengo, shiny|100\/100\n|move|p2a: brundice|U-turn|p1a: Gholdengo\n|-resisted|p1a: Gholdengo\n|-damage|p1a: Gholdengo|96\/100\n|\n|t:|1699738877\n|switch|p2a: car battery|Ting-Lu|100\/100|[from] U-turn\n|-damage|p2a: car battery|94\/100|[from] Stealth Rock\n|-ability|p2a: car battery|Vessel of Ruin\n|\n|-heal|p2a: car battery|100\/100|[from] item: Leftovers\n|upkeep\n|turn|7\n|\n|t:|1699738887\n|move|p1a: Gholdengo|Dazzling Gleam|p2a: car battery\n|-supereffective|p2a: car battery\n|-damage|p2a: car battery|66\/100\n|move|p2a: car battery|Ruination|p1a: Gholdengo\n|-damage|p1a: Gholdengo|48\/100\n|\n|-heal|p2a: car battery|72\/100|[from] item: Leftovers\n|upkeep\n|turn|8\n|\n|t:|1699738898\n|switch|p1a: Blissey|Blissey, F|100\/100\n|move|p2a: car battery|Earthquake|p1a: Blissey\n|-damage|p1a: Blissey|60\/100\n|\n|-heal|p2a: car battery|79\/100|[from] item: Leftovers\n|upkeep\n|turn|9\n|\n|t:|1699738905\n|switch|p1a: Zapdos|Zapdos|100\/100\n|move|p2a: car battery|Earthquake|p1a: Zapdos\n|-immune|p1a: Zapdos\n|\n|-heal|p2a: car battery|85\/100|[from] item: Leftovers\n|upkeep\n|turn|10\n|\n|t:|1699738910\n|move|p1a: Zapdos|Hurricane|p2a: car battery\n|-damage|p2a: car battery|65\/100\n|move|p2a: car battery|Stealth Rock|p1a: Zapdos\n|-sidestart|p1: Kubedkuba|move: Stealth Rock\n|\n|-heal|p2a: car battery|71\/100|[from] item: Leftovers\n|upkeep\n|turn|11\n|\n|t:|1699738919\n|move|p1a: Zapdos|Hurricane|p2a: car battery|[miss]\n|-miss|p1a: Zapdos|p2a: car battery\n|move|p2a: car battery|Ruination|p1a: Zapdos\n|-damage|p1a: Zapdos|51\/100\n|\n|-heal|p2a: car battery|77\/100|[from] item: Leftovers\n|upkeep\n|turn|12\n|\n|t:|1699738924\n|move|p1a: Zapdos|Hurricane|p2a: car battery\n|-damage|p2a: car battery|59\/100\n|-start|p2a: car battery|confusion\n|-activate|p2a: car battery|confusion\n|move|p2a: car battery|Whirlwind|p1a: Zapdos\n|drag|p1a: Blissey|Blissey, F|60\/100\n|\n|-heal|p2a: car battery|65\/100|[from] item: Leftovers\n|upkeep\n|turn|13\n|\n|t:|1699738947\n|switch|p1a: Gholdengo|Gholdengo, shiny|48\/100\n|-damage|p1a: Gholdengo|42\/100|[from] Stealth Rock\n|-activate|p2a: car battery|confusion\n|move|p2a: car battery|Ruination|p1a: Gholdengo\n|-damage|p1a: Gholdengo|21\/100\n|\n|-heal|p2a: car battery|72\/100|[from] item: Leftovers\n|upkeep\n|turn|14\n|\n|t:|1699738963\n|move|p1a: Gholdengo|Make It Rain|p2a: car battery\n|-damage|p2a: car battery|31\/100\n|-unboost|p1a: Gholdengo|spa|1\n|-end|p2a: car battery|confusion\n|move|p2a: car battery|Earthquake|p1a: Gholdengo\n|-supereffective|p1a: Gholdengo\n|-damage|p1a: Gholdengo|0 fnt\n|faint|p1a: Gholdengo\n|\n|-heal|p2a: car battery|38\/100|[from] item: Leftovers\n|upkeep\n|\n|t:|1699738968\n|switch|p1a: Great Tusk|Great Tusk|47\/100\n|-damage|p1a: Great Tusk|44\/100|[from] Stealth Rock\n|turn|15\n|\n|t:|1699738973\n|switch|p2a: brundice|Corviknight, F|81\/100\n|-damage|p2a: brundice|68\/100|[from] Stealth Rock\n|move|p1a: Great Tusk|Rapid Spin|p2a: brundice\n|-resisted|p2a: brundice\n|-damage|p2a: brundice|60\/100\n|-boost|p1a: Great Tusk|spe|1\n|-damage|p1a: Great Tusk|27\/100|[from] item: Rocky Helmet|[of] p2a: brundice\n|-sideend|p1: Kubedkuba|Stealth Rock|[from] move: Rapid Spin|[of] p1a: Great Tusk\n|\n|-heal|p1a: Great Tusk|33\/100|[from] item: Leftovers\n|upkeep\n|turn|16\n|\n|t:|1699738982\n|-end|p1a: Great Tusk|Protosynthesis|[silent]\n|switch|p1a: Zapdos|Zapdos|51\/100\n|move|p2a: brundice|Defog|p1a: Zapdos\n|-unboost|p1a: Zapdos|evasion|1\n|-sideend|p2: chordoverstreet|Stealth Rock|[from] move: Defog|[of] p2a: brundice\n|\n|upkeep\n|turn|17\n|\n|t:|1699738987\n|switch|p2a: car battery|Ting-Lu|38\/100\n|-ability|p2a: car battery|Vessel of Ruin\n|move|p1a: Zapdos|Thunderbolt|p2a: car battery\n|-immune|p2a: car battery\n|\n|-heal|p2a: car battery|44\/100|[from] item: Leftovers\n|upkeep\n|turn|18\n|\n|t:|1699738994\n|switch|p1a: Iron Moth|Iron Moth|100\/100\n|move|p2a: car battery|Stealth Rock|p1a: Iron Moth\n|-sidestart|p1: Kubedkuba|move: Stealth Rock\n|\n|-heal|p2a: car battery|50\/100|[from] item: Leftovers\n|upkeep\n|turn|19\n|\n|t:|1699738999\n|-terastallize|p1a: Iron Moth|Grass\n|move|p1a: Iron Moth|Energy Ball|p2a: car battery\n|-supereffective|p2a: car battery\n|-damage|p2a: car battery|12\/100\n|move|p2a: car battery|Earthquake|p1a: Iron Moth\n|-resisted|p1a: Iron Moth\n|-damage|p1a: Iron Moth|67\/100\n|\n|-heal|p2a: car battery|19\/100|[from] item: Leftovers\n|upkeep\n|turn|20\n|inactive|chordoverstreet has 120 seconds left.\n|\n|t:|1699739048\n|move|p1a: Iron Moth|Energy Ball|p2a: car battery\n|-supereffective|p2a: car battery\n|-crit|p2a: car battery\n|-damage|p2a: car battery|0 fnt\n|faint|p2a: car battery\n|\n|upkeep\n|\n|t:|1699739052\n|switch|p2a: brundice|Corviknight, F|60\/100\n|turn|21\n|inactive|Kubedkuba has 120 seconds left.\n|\n|t:|1699739095\n|-end|p1a: Iron Moth|Quark Drive|[silent]\n|switch|p1a: Zapdos|Zapdos|51\/100\n|-damage|p1a: Zapdos|26\/100|[from] Stealth Rock\n|move|p2a: brundice|U-turn|p1a: Zapdos\n|-resisted|p1a: Zapdos\n|-damage|p1a: Zapdos|20\/100\n|-damage|p2a: brundice|44\/100|[from] item: Rocky Helmet|[of] p1a: Zapdos\n|-status|p2a: brundice|par|[from] ability: Static|[of] p1a: Zapdos\n|inactive|chordoverstreet has 120 seconds left.\n|\n|t:|1699739108\n|switch|p2a: snake|Dragapult, M|9\/100|[from] U-turn\n|\n|upkeep\n|turn|22\n|inactive|Kubedkuba has 120 seconds left.\n|inactive|chordoverstreet has 120 seconds left.\n|\n|t:|1699739118\n|move|p2a: snake|Flamethrower|p1a: Zapdos\n|-damage|p1a: Zapdos|0 fnt\n|faint|p1a: Zapdos\n|\n|upkeep\n|\n|t:|1699739122\n|switch|p1a: Blissey|Blissey, F|60\/100\n|turn|23\n|\n|t:|1699739127\n|switch|p2a: girl|Hatterene, F|100\/100\n|move|p1a: Blissey|Shadow Ball|p2a: girl\n|-supereffective|p2a: girl\n|-damage|p2a: girl|68\/100\n|\n|-heal|p2a: girl|74\/100|[from] item: Leftovers\n|upkeep\n|turn|24\n|\n|t:|1699739136\n|move|p1a: Blissey|Healing Wish|p1a: Blissey\n|faint|p1a: Blissey\n|move|p2a: girl|Calm Mind|p2a: girl\n|-boost|p2a: girl|spa|1\n|-boost|p2a: girl|spd|1\n|\n|-heal|p2a: girl|80\/100|[from] item: Leftovers\n|upkeep\n|\n|t:|1699739144\n|switch|p1a: Iron Moth|Iron Moth, tera:Grass|67\/100\n|-heal|p1a: Iron Moth|100\/100|[from] move: Healing Wish\n|-damage|p1a: Iron Moth|88\/100|[from] Stealth Rock\n|turn|25\n|inactive|chordoverstreet has 120 seconds left.\n|\n|t:|1699739178\n|-terastallize|p2a: girl|Water\n|move|p1a: Iron Moth|Sludge Wave|p2a: girl\n|-damage|p2a: girl|45\/100\n|move|p2a: girl|Mystical Fire|p1a: Iron Moth\n|-supereffective|p1a: Iron Moth\n|-damage|p1a: Iron Moth|25\/100\n|-unboost|p1a: Iron Moth|spa|1\n|\n|-heal|p2a: girl|50\/100|[from] item: Leftovers\n|upkeep\n|turn|26\n|inactive|chordoverstreet has 120 seconds left.\n|\n|t:|1699739195\n|-end|p1a: Iron Moth|Quark Drive|[silent]\n|switch|p1a: Great Tusk|Great Tusk|33\/100\n|-damage|p1a: Great Tusk|30\/100|[from] Stealth Rock\n|move|p2a: girl|Mystical Fire|p1a: Great Tusk\n|-damage|p1a: Great Tusk|0 fnt\n|faint|p1a: Great Tusk\n|-end|p1a: Great Tusk|Protosynthesis|[silent]\n|\n|-heal|p2a: girl|56\/100|[from] item: Leftovers\n|upkeep\n|\n|t:|1699739200\n|switch|p1a: Iron Moth|Iron Moth, tera:Grass|25\/100\n|-damage|p1a: Iron Moth|13\/100|[from] Stealth Rock\n|turn|27\n|c|\u2606Kubedkuba|gg\n|c|\u2606Kubedkuba|wp\n|\n|t:|1699739208\n|move|p1a: Iron Moth|Energy Ball|p2a: girl\n|-supereffective|p2a: girl\n|-damage|p2a: girl|0 fnt\n|faint|p2a: girl\n|\n|upkeep\n|-message|Kubedkuba forfeited.\n|\n|win|chordoverstreet\n|raw|Kubedkuba's rating: 1283 &rarr; <strong>1255<\/strong><br \/>(-28 for losing)\n|raw|chordoverstreet's rating: 1248 &rarr; <strong>1276<\/strong><br \/>(+28 for winning)\n|l|\u2606Kubedkuba\n|c|\u2606chordoverstreet|gg\n","uploadtime":1699739223,"views":18,"p1id":"kubedkuba","p2id":"chordoverstreet","formatid":"gen9ou","rating":1255,"private":0,"password":""}