{"id":"gen9ou-1993416349","p1":"tffffg","p2":"ouvt mario","format":"[Gen 9] OU","log":"|j|\u2606tffffg\n|j|\u2606ouvt mario\n|t:|1700314991\n|gametype|singles\n|player|p1|tffffg|cilan|1031\n|player|p2|ouvt mario|266|1000\n|teamsize|p1|6\n|teamsize|p2|1\n|gen|9\n|tier|[Gen 9] OU\n|rated|\n|rule|Sleep Clause Mod: Limit one foe put to sleep\n|rule|Species Clause: Limit one of each Pok\u00e9mon\n|rule|OHKO Clause: OHKO moves are banned\n|rule|Evasion Items Clause: Evasion items are banned\n|rule|Evasion Moves Clause: Evasion moves are banned\n|rule|Endless Battle Clause: Forcing endless battles is banned\n|rule|HP Percentage Mod: HP is shown in percentages\n|clearpoke\n|poke|p1|Dondozo, F|\n|poke|p1|Magnezone|\n|poke|p1|Weezing-Galar, M|\n|poke|p1|Crawdaunt, F|\n|poke|p1|Ludicolo, F|\n|poke|p1|Toxapex, F|\n|poke|p2|Ting-Lu|\n|teampreview\n|\n|t:|1700315002\n|start\n|switch|p1a: Weezing|Weezing-Galar, M|100\/100\n|switch|p2a: Ting-Lu|Ting-Lu|100\/100\n|-ability|p2a: Ting-Lu|Vessel of Ruin\n|turn|1\n|\n|t:|1700315009\n|move|p1a: Weezing|Explosion|p2a: Ting-Lu\n|-damage|p2a: Ting-Lu|65\/100\n|faint|p1a: Weezing\n|move|p2a: Ting-Lu|Snarl|p1: Weezing|[notarget]\n|-fail|p2a: Ting-Lu\n|\n|-heal|p2a: Ting-Lu|71\/100|[from] item: Leftovers\n|upkeep\n|\n|t:|1700315021\n|switch|p1a: Dondozo|Dondozo, F|100\/100\n|turn|2\n|\n|t:|1700315028\n|move|p2a: Ting-Lu|Rest|p2a: Ting-Lu\n|-status|p2a: Ting-Lu|slp|[from] move: Rest\n|-heal|p2a: Ting-Lu|100\/100 slp|[silent]\n|move|p1a: Dondozo|Hyper Beam|p2a: Ting-Lu\n|-damage|p2a: Ting-Lu|85\/100 slp\n|-mustrecharge|p1a: Dondozo\n|\n|-heal|p2a: Ting-Lu|91\/100 slp|[from] item: Leftovers\n|upkeep\n|turn|3\n|\n|t:|1700315045\n|cant|p2a: Ting-Lu|slp\n|cant|p1a: Dondozo|recharge\n|\n|-heal|p2a: Ting-Lu|97\/100 slp|[from] item: Leftovers\n|upkeep\n|turn|4\n|\n|t:|1700315051\n|switch|p1a: Toxapex|Toxapex, F|100\/100\n|cant|p2a: Ting-Lu|slp\n|move|p2a: Ting-Lu|Sleep Talk|p2a: Ting-Lu\n|move|p2a: Ting-Lu|Ruination|p1a: Toxapex|[from]move: Sleep Talk\n|-damage|p1a: Toxapex|50\/100\n|\n|-heal|p2a: Ting-Lu|100\/100 slp|[from] item: Leftovers\n|-heal|p1a: Toxapex|57\/100|[from] item: Black Sludge\n|upkeep\n|turn|5\n|\n|t:|1700315063\n|-curestatus|p2a: Ting-Lu|slp|[msg]\n|move|p2a: Ting-Lu|Snarl|p1a: Toxapex\n|-damage|p1a: Toxapex|40\/100\n|-unboost|p1a: Toxapex|spa|1\n|move|p1a: Toxapex|Gunk Shot|p2a: Ting-Lu\n|-resisted|p2a: Ting-Lu\n|-damage|p2a: Ting-Lu|91\/100\n|-status|p2a: Ting-Lu|psn\n|\n|-heal|p2a: Ting-Lu|97\/100 psn|[from] item: Leftovers\n|-heal|p1a: Toxapex|46\/100|[from] item: Black Sludge\n|-damage|p2a: Ting-Lu|84\/100 psn|[from] psn\n|upkeep\n|turn|6\n|\n|t:|1700315079\n|move|p2a: Ting-Lu|Ruination|p1a: Toxapex\n|-damage|p1a: Toxapex|23\/100\n|move|p1a: Toxapex|Hydro Pump|p2a: Ting-Lu\n|-supereffective|p2a: Ting-Lu\n|-crit|p2a: Ting-Lu\n|-damage|p2a: Ting-Lu|44\/100 psn\n|\n|-heal|p2a: Ting-Lu|50\/100 psn|[from] item: Leftovers\n|-heal|p1a: Toxapex|29\/100|[from] item: Black Sludge\n|-damage|p2a: Ting-Lu|38\/100 psn|[from] psn\n|upkeep\n|turn|7\n|\n|t:|1700315089\n|move|p2a: Ting-Lu|Rest|p2a: Ting-Lu\n|-status|p2a: Ting-Lu|slp|[from] move: Rest\n|-heal|p2a: Ting-Lu|100\/100 slp|[silent]\n|move|p1a: Toxapex|Gunk Shot|p2a: Ting-Lu|[miss]\n|-miss|p1a: Toxapex|p2a: Ting-Lu\n|\n|-heal|p1a: Toxapex|36\/100|[from] item: Black Sludge\n|upkeep\n|turn|8\n|\n|t:|1700315098\n|cant|p2a: Ting-Lu|slp\n|move|p2a: Ting-Lu|Sleep Talk|p2a: Ting-Lu\n|move|p2a: Ting-Lu|Rest||[from]move: Sleep Talk|[still]\n|-fail|p2a: Ting-Lu\n|move|p1a: Toxapex|Ice Beam|p2a: Ting-Lu\n|-supereffective|p2a: Ting-Lu\n|-damage|p2a: Ting-Lu|90\/100 slp\n|\n|-heal|p2a: Ting-Lu|97\/100 slp|[from] item: Leftovers\n|-heal|p1a: Toxapex|42\/100|[from] item: Black Sludge\n|upkeep\n|turn|9\n|\n|t:|1700315108\n|switch|p1a: Magnezone|Magnezone|100\/100\n|cant|p2a: Ting-Lu|slp\n|move|p2a: Ting-Lu|Sleep Talk|p2a: Ting-Lu\n|move|p2a: Ting-Lu|Ruination|p1a: Magnezone|[from]move: Sleep Talk|[miss]\n|-miss|p2a: Ting-Lu|p1a: Magnezone\n|\n|-heal|p2a: Ting-Lu|100\/100 slp|[from] item: Leftovers\n|upkeep\n|turn|10\n|\n|t:|1700315119\n|move|p1a: Magnezone|Explosion|p2a: Ting-Lu\n|-damage|p2a: Ting-Lu|69\/100 slp\n|faint|p1a: Magnezone\n|-curestatus|p2a: Ting-Lu|slp|[msg]\n|move|p2a: Ting-Lu|Sleep Talk||[still]\n|-fail|p2a: Ting-Lu\n|\n|-heal|p2a: Ting-Lu|76\/100|[from] item: Leftovers\n|upkeep\n|\n|t:|1700315126\n|switch|p1a: Ludicolo|Ludicolo, F|100\/100\n|turn|11\n|\n|t:|1700315135\n|-terastallize|p2a: Ting-Lu|Dark\n|-singleturn|p1a: Ludicolo|move: Focus Punch\n|move|p2a: Ting-Lu|Rest|p2a: Ting-Lu\n|-status|p2a: Ting-Lu|slp|[from] move: Rest\n|-heal|p2a: Ting-Lu|100\/100 slp|[silent]\n|move|p1a: Ludicolo|Focus Punch|p2a: Ting-Lu\n|-supereffective|p2a: Ting-Lu\n|-damage|p2a: Ting-Lu|64\/100 slp\n|\n|-heal|p2a: Ting-Lu|70\/100 slp|[from] item: Leftovers\n|upkeep\n|turn|12\n|\n|t:|1700315185\n|-terastallize|p1a: Ludicolo|Water\n|-singleturn|p1a: Ludicolo|move: Focus Punch\n|cant|p2a: Ting-Lu|slp\n|move|p2a: Ting-Lu|Sleep Talk|p2a: Ting-Lu\n|move|p2a: Ting-Lu|Snarl|p1a: Ludicolo|[from]move: Sleep Talk\n|-damage|p1a: Ludicolo|77\/100\n|-unboost|p1a: Ludicolo|spa|1\n|cant|p1a: Ludicolo|Focus Punch|Focus Punch\n|\n|-heal|p2a: Ting-Lu|76\/100 slp|[from] item: Leftovers\n|upkeep\n|turn|13\n|l|\u2606tffffg\n|player|p1|\n|inactive|Battle timer is ON: inactive players will automatically lose when time's up. (requested by ouvt mario)\n|inactive|tffffg has 30 seconds to reconnect!\n|inactive|tffffg has 20 seconds to reconnect!\n|inactive|tffffg has 15 seconds to reconnect!\n|inactive|tffffg has 10 seconds to reconnect!\n|inactive|tffffg has 5 seconds to reconnect!\n|-message|tffffg lost due to inactivity.\n|\n|win|ouvt mario\n|raw|tffffg's rating: 1031 &rarr; <strong>1015<\/strong><br \/>(-16 for losing)\n|raw|ouvt mario's rating: 1000 &rarr; <strong>1044<\/strong><br \/>(+44 for winning)\n","uploadtime":1700315309,"views":13,"p1id":"tffffg","p2id":"ouvtmario","formatid":"gen9ou","rating":1015,"private":0,"password":""}