{"id":"gen9ou-1992066211","p1":"red violet blue","p2":"Dadben","format":"[Gen 9] OU","log":"|j|\u2606red violet blue\n|j|\u2606Dadben\n|t:|1700152237\n|gametype|singles\n|player|p1|red violet blue|101|1564\n|player|p2|Dadben|fisherman-gen4|1570\n|teamsize|p1|6\n|teamsize|p2|6\n|gen|9\n|tier|[Gen 9] OU\n|rated|\n|rule|Sleep Clause Mod: Limit one foe put to sleep\n|rule|Species Clause: Limit one of each Pok\u00e9mon\n|rule|OHKO Clause: OHKO moves are banned\n|rule|Evasion Items Clause: Evasion items are banned\n|rule|Evasion Moves Clause: Evasion moves are banned\n|rule|Endless Battle Clause: Forcing endless battles is banned\n|rule|HP Percentage Mod: HP is shown in percentages\n|clearpoke\n|poke|p1|Rillaboom, M|\n|poke|p1|Sneasler, F|\n|poke|p1|Samurott-Hisui, F|\n|poke|p1|Ogerpon-Cornerstone, F|\n|poke|p1|Great Tusk|\n|poke|p1|Iron Moth|\n|poke|p2|Pelipper, F|\n|poke|p2|Tyranitar, M|\n|poke|p2|Corviknight, F|\n|poke|p2|Clodsire, M|\n|poke|p2|Barraskewda, F|\n|poke|p2|Basculegion-F, F|\n|teampreview\n|inactive|Battle timer is ON: inactive players will automatically lose when time's up. (requested by red violet blue)\n|inactive|Dadben also wants the timer to be on.\n|\n|t:|1700152254\n|start\n|switch|p1a: Samurott|Samurott-Hisui, F|100\/100\n|switch|p2a: Pelipper|Pelipper, F|100\/100\n|-weather|RainDance|[from] ability: Drizzle|[of] p2a: Pelipper\n|turn|1\n|\n|t:|1700152262\n|move|p2a: Pelipper|U-turn|p1a: Samurott\n|-supereffective|p1a: Samurott\n|-damage|p1a: Samurott|81\/100\n|\n|t:|1700152266\n|switch|p2a: Clodsire|Clodsire, M|100\/100|[from] U-turn\n|move|p1a: Samurott|Ceaseless Edge|p2a: Clodsire\n|-damage|p2a: Clodsire|70\/100\n|-sidestart|p2: Dadben|Spikes\n|\n|-weather|RainDance|[upkeep]\n|-heal|p2a: Clodsire|76\/100|[from] item: Black Sludge\n|upkeep\n|turn|2\n|\n|t:|1700152271\n|move|p1a: Samurott|Taunt|p2a: Clodsire\n|-start|p2a: Clodsire|move: Taunt\n|cant|p2a: Clodsire|move: Taunt|Spikes\n|\n|-weather|RainDance|[upkeep]\n|-heal|p2a: Clodsire|82\/100|[from] item: Black Sludge\n|upkeep\n|turn|3\n|\n|t:|1700152278\n|switch|p2a: Corviknight|Corviknight, F|100\/100\n|-ability|p2a: Corviknight|Pressure\n|move|p1a: Samurott|Ceaseless Edge|p2a: Corviknight\n|-damage|p2a: Corviknight|66\/100\n|-damage|p1a: Samurott|64\/100|[from] item: Rocky Helmet|[of] p2a: Corviknight\n|-sidestart|p2: Dadben|Spikes\n|\n|-weather|RainDance|[upkeep]\n|upkeep\n|turn|4\n|\n|t:|1700152289\n|switch|p2a: Clodsire|Clodsire, M|82\/100\n|-damage|p2a: Clodsire|66\/100|[from] Spikes\n|move|p1a: Samurott|Taunt|p2a: Clodsire\n|-start|p2a: Clodsire|move: Taunt\n|\n|-weather|RainDance|[upkeep]\n|-heal|p2a: Clodsire|72\/100|[from] item: Black Sludge\n|upkeep\n|turn|5\n|\n|t:|1700152317\n|move|p1a: Samurott|Ceaseless Edge|p2a: Clodsire\n|-damage|p2a: Clodsire|38\/100\n|-sidestart|p2: Dadben|Spikes\n|move|p2a: Clodsire|Earthquake|p1a: Samurott\n|-damage|p1a: Samurott|29\/100\n|\n|-weather|none\n|-heal|p2a: Clodsire|45\/100|[from] item: Black Sludge\n|upkeep\n|turn|6\n|inactive|Dadben has 120 seconds left.\n|l|\u2606Dadben\n|inactive|Dadben disconnected and has a minute to reconnect!\n|player|p2|\n|j|\u2606Dadben\n|inactive|Dadben reconnected and has 100 seconds left.\n|player|p2|Dadben|fisherman-gen4\n|inactive|Dadben has 90 seconds left.\n|\n|t:|1700152362\n|move|p1a: Samurott|Ceaseless Edge|p2a: Clodsire\n|-damage|p2a: Clodsire|15\/100\n|move|p2a: Clodsire|Earthquake|p1a: Samurott\n|-damage|p1a: Samurott|0 fnt\n|faint|p1a: Samurott\n|\n|-heal|p2a: Clodsire|22\/100|[from] item: Black Sludge\n|-end|p2a: Clodsire|move: Taunt\n|upkeep\n|\n|t:|1700152376\n|switch|p1a: Ogerpon|Ogerpon-Cornerstone, F|100\/100\n|turn|7\n|\n|t:|1700152383\n|switch|p2a: Corviknight|Corviknight, F|66\/100\n|-ability|p2a: Corviknight|Pressure\n|move|p1a: Ogerpon|Ivy Cudgel|p2a: Corviknight|[anim] Ivy Cudgel Rock\n|-damage|p2a: Corviknight|15\/100\n|\n|upkeep\n|turn|8\n|\n|t:|1700152400\n|switch|p2a: Clodsire|Clodsire, M|22\/100\n|-damage|p2a: Clodsire|0 fnt|[from] Spikes\n|faint|p2a: Clodsire\n|move|p1a: Ogerpon|Ivy Cudgel|p2: Clodsire|[notarget]\n|-fail|p1a: Ogerpon\n|\n|upkeep\n|\n|t:|1700152403\n|switch|p2a: Tyranitar|Tyranitar, M|100\/100\n|-damage|p2a: Tyranitar|75\/100|[from] Spikes\n|-weather|Sandstorm|[from] ability: Sand Stream|[of] p2a: Tyranitar\n|turn|9\n|\n|t:|1700152406\n|-terastallize|p2a: Tyranitar|Steel\n|move|p1a: Ogerpon|Low Kick|p2a: Tyranitar\n|-supereffective|p2a: Tyranitar\n|-damage|p2a: Tyranitar|3\/100\n|move|p2a: Tyranitar|Ice Beam|p1a: Ogerpon\n|-supereffective|p1a: Ogerpon\n|-damage|p1a: Ogerpon|67\/100\n|\n|-weather|Sandstorm|[upkeep]\n|-heal|p2a: Tyranitar|9\/100|[from] item: Leftovers\n|upkeep\n|turn|10\n|inactive|Dadben has 120 seconds left.\n|\n|t:|1700152416\n|switch|p2a: Corviknight|Corviknight, F|15\/100\n|-ability|p2a: Corviknight|Pressure\n|move|p1a: Ogerpon|Ivy Cudgel|p2a: Corviknight|[anim] Ivy Cudgel Rock\n|-damage|p2a: Corviknight|0 fnt\n|faint|p2a: Corviknight\n|\n|-weather|Sandstorm|[upkeep]\n|upkeep\n|inactive|Dadben has 120 seconds left.\n|\n|t:|1700152422\n|switch|p2a: Barraskewda|Barraskewda, F|100\/100\n|turn|11\n|\n|t:|1700152430\n|move|p2a: Barraskewda|Close Combat|p1a: Ogerpon\n|-supereffective|p1a: Ogerpon\n|-damage|p1a: Ogerpon|0 fnt\n|-unboost|p2a: Barraskewda|def|1\n|-unboost|p2a: Barraskewda|spd|1\n|faint|p1a: Ogerpon\n|\n|-weather|Sandstorm|[upkeep]\n|-damage|p2a: Barraskewda|94\/100|[from] Sandstorm\n|upkeep\n|\n|t:|1700152449\n|switch|p1a: Rillaboom|Rillaboom, M|100\/100\n|-fieldstart|move: Grassy Terrain|[from] ability: Grassy Surge|[of] p1a: Rillaboom\n|turn|12\n|\n|t:|1700152456\n|switch|p2a: Tyranitar|Tyranitar, M, tera:Steel|9\/100\n|-damage|p2a: Tyranitar|0 fnt|[from] Spikes\n|faint|p2a: Tyranitar\n|move|p1a: Rillaboom|Grassy Glide|p2: Tyranitar|[notarget]\n|-fail|p1a: Rillaboom\n|\n|-weather|Sandstorm|[upkeep]\n|-damage|p1a: Rillaboom|94\/100|[from] Sandstorm\n|-heal|p1a: Rillaboom|100\/100|[from] Grassy Terrain\n|upkeep\n|\n|t:|1700152459\n|switch|p2a: Pelipper|Pelipper, F|100\/100\n|-weather|RainDance|[from] ability: Drizzle|[of] p2a: Pelipper\n|turn|13\n|\n|t:|1700152469\n|switch|p1a: Iron Moth|Iron Moth|100\/100\n|-enditem|p1a: Iron Moth|Booster Energy\n|-activate|p1a: Iron Moth|ability: Quark Drive|[fromitem]\n|-start|p1a: Iron Moth|quarkdrivespe\n|move|p2a: Pelipper|Hurricane|p1a: Iron Moth\n|-damage|p1a: Iron Moth|56\/100\n|\n|-weather|RainDance|[upkeep]\n|-heal|p1a: Iron Moth|62\/100|[from] Grassy Terrain\n|upkeep\n|turn|14\n|\n|t:|1700152476\n|switch|p2a: Basculegion|Basculegion-F, F|100\/100\n|-damage|p2a: Basculegion|76\/100|[from] Spikes\n|move|p1a: Iron Moth|Substitute|p1a: Iron Moth\n|-start|p1a: Iron Moth|Substitute\n|-damage|p1a: Iron Moth|37\/100\n|\n|-weather|RainDance|[upkeep]\n|-heal|p1a: Iron Moth|43\/100|[from] Grassy Terrain\n|-heal|p2a: Basculegion|82\/100|[from] Grassy Terrain\n|-heal|p2a: Basculegion|88\/100|[from] item: Leftovers\n|upkeep\n|turn|15\n|\n|t:|1700152488\n|move|p1a: Iron Moth|Sludge Wave|p2a: Basculegion\n|-resisted|p2a: Basculegion\n|-crit|p2a: Basculegion\n|-damage|p2a: Basculegion|46\/100\n|move|p2a: Basculegion|Surf|p1a: Iron Moth\n|-supereffective|p1a: Iron Moth\n|-end|p1a: Iron Moth|Substitute\n|\n|-weather|RainDance|[upkeep]\n|-heal|p1a: Iron Moth|49\/100|[from] Grassy Terrain\n|-heal|p2a: Basculegion|52\/100|[from] Grassy Terrain\n|-heal|p2a: Basculegion|58\/100|[from] item: Leftovers\n|upkeep\n|turn|16\n|\n|t:|1700152510\n|move|p1a: Iron Moth|Sludge Wave|p2a: Basculegion\n|-resisted|p2a: Basculegion\n|-damage|p2a: Basculegion|29\/100\n|move|p2a: Basculegion|Surf|p1a: Iron Moth\n|-supereffective|p1a: Iron Moth\n|-damage|p1a: Iron Moth|0 fnt\n|faint|p1a: Iron Moth\n|-end|p1a: Iron Moth|Quark Drive|[silent]\n|\n|-weather|RainDance|[upkeep]\n|-heal|p2a: Basculegion|35\/100|[from] Grassy Terrain\n|-heal|p2a: Basculegion|41\/100|[from] item: Leftovers\n|upkeep\n|\n|t:|1700152520\n|switch|p1a: Sneasler|Sneasler, F|100\/100\n|-enditem|p1a: Sneasler|Grassy Seed\n|-boost|p1a: Sneasler|def|1|[from] item: Grassy Seed\n|turn|17\n|c|\u2606Dadben|Perfect turn\n|\n|t:|1700152536\n|move|p1a: Sneasler|Shadow Claw|p2a: Basculegion\n|-supereffective|p2a: Basculegion\n|-damage|p2a: Basculegion|0 fnt\n|faint|p2a: Basculegion\n|\n|-weather|none\n|upkeep\n|\n|t:|1700152540\n|switch|p2a: Pelipper|Pelipper, F|100\/100\n|-weather|RainDance|[from] ability: Drizzle|[of] p2a: Pelipper\n|turn|18\n|\n|t:|1700152544\n|move|p1a: Sneasler|Dire Claw|p2a: Pelipper\n|-damage|p2a: Pelipper|39\/100\n|move|p2a: Pelipper|Hurricane|p1a: Sneasler\n|-supereffective|p1a: Sneasler\n|-damage|p1a: Sneasler|0 fnt\n|faint|p1a: Sneasler\n|\n|-weather|RainDance|[upkeep]\n|upkeep\n|\n|t:|1700152552\n|switch|p1a: Great Tusk|Great Tusk|100\/100\n|-enditem|p1a: Great Tusk|Booster Energy\n|-activate|p1a: Great Tusk|ability: Protosynthesis|[fromitem]\n|-start|p1a: Great Tusk|protosynthesisspe\n|turn|19\n|\n|t:|1700152561\n|move|p1a: Great Tusk|Bulk Up|p1a: Great Tusk\n|-boost|p1a: Great Tusk|atk|1\n|-boost|p1a: Great Tusk|def|1\n|move|p2a: Pelipper|Hurricane|p1a: Great Tusk\n|-supereffective|p1a: Great Tusk\n|-crit|p1a: Great Tusk\n|-damage|p1a: Great Tusk|0 fnt\n|faint|p1a: Great Tusk\n|-end|p1a: Great Tusk|Protosynthesis|[silent]\n|\n|-weather|RainDance|[upkeep]\n|-fieldend|move: Grassy Terrain\n|upkeep\n|\n|t:|1700152564\n|switch|p1a: Rillaboom|Rillaboom, M|100\/100\n|-fieldstart|move: Grassy Terrain|[from] ability: Grassy Surge|[of] p1a: Rillaboom\n|turn|20\n|-message|Dadben forfeited.\n|\n|win|red violet blue\n|raw|red violet blue's rating: 1564 &rarr; <strong>1584<\/strong><br \/>(+20 for winning)\n|raw|Dadben's rating: 1570 &rarr; <strong>1550<\/strong><br \/>(-20 for losing)\n|l|\u2606Dadben\n","uploadtime":1700152581,"views":13,"p1id":"redvioletblue","p2id":"dadben","formatid":"gen9ou","rating":1550,"private":0,"password":""}