{"id":"gen9ou-1991600540","p1":"CheetosD","p2":"Jay-Arcade6","format":"[Gen 9] OU","log":"|j|\u2606CheetosD\n|j|\u2606Jay-Arcade6\n|t:|1700092818\n|gametype|singles\n|player|p1|CheetosD|skierf|1185\n|player|p2|Jay-Arcade6|volkner|1080\n|teamsize|p1|6\n|teamsize|p2|6\n|gen|9\n|tier|[Gen 9] OU\n|rated|\n|rule|Sleep Clause Mod: Limit one foe put to sleep\n|rule|Species Clause: Limit one of each Pok\u00e9mon\n|rule|OHKO Clause: OHKO moves are banned\n|rule|Evasion Items Clause: Evasion items are banned\n|rule|Evasion Moves Clause: Evasion moves are banned\n|rule|Endless Battle Clause: Forcing endless battles is banned\n|rule|HP Percentage Mod: HP is shown in percentages\n|clearpoke\n|poke|p1|Uxie|\n|poke|p1|Hoopa-Unbound|\n|poke|p1|Zoroark-Hisui, F|\n|poke|p1|Kingambit, F|\n|poke|p1|Jumpluff, M|\n|poke|p1|Talonflame, F|\n|poke|p2|Iron Thorns|\n|poke|p2|Iron Jugulis|\n|poke|p2|Iron Hands|\n|poke|p2|Iron Leaves|\n|poke|p2|Iron Valiant|\n|poke|p2|Iron Moth|\n|teampreview\n|inactive|Battle timer is ON: inactive players will automatically lose when time's up. (requested by CheetosD)\n|\n|t:|1700092840\n|start\n|switch|p1a: Uxie|Uxie|100\/100\n|switch|p2a: IRON CRUDULOUS|Iron Thorns|100\/100\n|turn|1\n|\n|t:|1700092846\n|move|p1a: Uxie|Reflect|p1a: Uxie\n|-sidestart|p1: CheetosD|Reflect\n|move|p2a: IRON CRUDULOUS|Electric Terrain|p2a: IRON CRUDULOUS\n|-fieldstart|move: Electric Terrain\n|-activate|p2a: IRON CRUDULOUS|ability: Quark Drive\n|-start|p2a: IRON CRUDULOUS|quarkdrivedef\n|\n|upkeep\n|turn|2\n|\n|t:|1700092852\n|move|p1a: Uxie|Light Screen|p1a: Uxie\n|-sidestart|p1: CheetosD|move: Light Screen\n|move|p2a: IRON CRUDULOUS|Stealth Rock|p1a: Uxie\n|-sidestart|p1: CheetosD|move: Stealth Rock\n|\n|upkeep\n|turn|3\n|\n|t:|1700092856\n|move|p1a: Uxie|Memento|p2a: IRON CRUDULOUS\n|-unboost|p2a: IRON CRUDULOUS|atk|2\n|-unboost|p2a: IRON CRUDULOUS|spa|2\n|faint|p1a: Uxie\n|move|p2a: IRON CRUDULOUS|Thunder Wave|p1: Uxie|[notarget]\n|-fail|p2a: IRON CRUDULOUS\n|\n|upkeep\n|\n|t:|1700092864\n|switch|p1a: Kingambit|Kingambit, F|100\/100\n|-damage|p1a: Kingambit|94\/100|[from] Stealth Rock\n|-activate|p1a: Kingambit|ability: Supreme Overlord\n|-start|p1a: Kingambit|fallen1|[silent]\n|turn|4\n|\n|t:|1700092871\n|-terastallize|p1a: Kingambit|Fairy\n|move|p1a: Kingambit|Swords Dance|p1a: Kingambit\n|-boost|p1a: Kingambit|atk|2\n|move|p2a: IRON CRUDULOUS|Thunder Wave|p1a: Kingambit\n|-status|p1a: Kingambit|par\n|\n|upkeep\n|turn|5\n|\n|t:|1700092878\n|move|p2a: IRON CRUDULOUS|Wild Charge|p1a: Kingambit\n|-damage|p1a: Kingambit|84\/100 par\n|-damage|p2a: IRON CRUDULOUS|98\/100|[from] Recoil\n|move|p1a: Kingambit|Swords Dance|p1a: Kingambit\n|-boost|p1a: Kingambit|atk|2\n|\n|upkeep\n|turn|6\n|\n|t:|1700092884\n|move|p2a: IRON CRUDULOUS|Wild Charge|p1a: Kingambit\n|-damage|p1a: Kingambit|72\/100 par\n|-damage|p2a: IRON CRUDULOUS|96\/100|[from] Recoil\n|move|p1a: Kingambit|Swords Dance|p1a: Kingambit\n|-boost|p1a: Kingambit|atk|2\n|\n|upkeep\n|turn|7\n|\n|t:|1700092890\n|move|p1a: Kingambit|Sucker Punch|p2a: IRON CRUDULOUS\n|-damage|p2a: IRON CRUDULOUS|10\/100\n|move|p2a: IRON CRUDULOUS|Wild Charge|p1a: Kingambit\n|-damage|p1a: Kingambit|62\/100 par\n|-damage|p2a: IRON CRUDULOUS|8\/100|[from] Recoil\n|\n|upkeep\n|turn|8\n|\n|t:|1700092897\n|move|p2a: IRON CRUDULOUS|Wild Charge|p1a: Kingambit\n|-damage|p1a: Kingambit|50\/100 par\n|-damage|p2a: IRON CRUDULOUS|5\/100|[from] Recoil\n|move|p1a: Kingambit|Iron Head|p2a: IRON CRUDULOUS\n|-damage|p2a: IRON CRUDULOUS|0 fnt\n|faint|p2a: IRON CRUDULOUS\n|-end|p2a: IRON CRUDULOUS|Quark Drive|[silent]\n|\n|-sideend|p1: CheetosD|Reflect\n|-fieldend|move: Electric Terrain\n|upkeep\n|\n|t:|1700092909\n|switch|p2a: IRON THUGULOUS|Iron Hands|100\/100\n|turn|9\n|\n|t:|1700092920\n|move|p2a: IRON THUGULOUS|Drain Punch|p1a: Kingambit\n|-resisted|p1a: Kingambit\n|-damage|p1a: Kingambit|35\/100 par\n|move|p1a: Kingambit|Kowtow Cleave|p2a: IRON THUGULOUS\n|-resisted|p2a: IRON THUGULOUS\n|-damage|p2a: IRON THUGULOUS|37\/100\n|\n|-heal|p2a: IRON THUGULOUS|43\/100|[from] item: Leftovers\n|-sideend|p1: CheetosD|move: Light Screen\n|upkeep\n|turn|10\n|\n|t:|1700092932\n|move|p2a: IRON THUGULOUS|Electric Terrain|p2a: IRON THUGULOUS\n|-fieldstart|move: Electric Terrain\n|-activate|p2a: IRON THUGULOUS|ability: Quark Drive\n|-start|p2a: IRON THUGULOUS|quarkdriveatk\n|cant|p1a: Kingambit|par\n|\n|-heal|p2a: IRON THUGULOUS|49\/100|[from] item: Leftovers\n|upkeep\n|turn|11\n|\n|t:|1700092956\n|move|p2a: IRON THUGULOUS|Drain Punch|p1a: Kingambit\n|-resisted|p1a: Kingambit\n|-damage|p1a: Kingambit|15\/100 par\n|-heal|p2a: IRON THUGULOUS|56\/100|[from] drain|[of] p1a: Kingambit\n|move|p1a: Kingambit|Kowtow Cleave|p2a: IRON THUGULOUS\n|-resisted|p2a: IRON THUGULOUS\n|-damage|p2a: IRON THUGULOUS|0 fnt\n|faint|p2a: IRON THUGULOUS\n|-end|p2a: IRON THUGULOUS|Quark Drive|[silent]\n|\n|upkeep\n|inactive|Jay-Arcade6 has 120 seconds left.\n|\n|t:|1700092978\n|switch|p2a: IRON DRUGULOUS|Iron Jugulis|100\/100\n|-activate|p2a: IRON DRUGULOUS|ability: Quark Drive\n|-start|p2a: IRON DRUGULOUS|quarkdrivespe\n|turn|12\n|inactive|Jay-Arcade6 has 120 seconds left.\n|\n|t:|1700093003\n|move|p1a: Kingambit|Sucker Punch|p2a: IRON DRUGULOUS\n|-resisted|p2a: IRON DRUGULOUS\n|-damage|p2a: IRON DRUGULOUS|0 fnt\n|faint|p2a: IRON DRUGULOUS\n|-end|p2a: IRON DRUGULOUS|Quark Drive|[silent]\n|\n|upkeep\n|\n|t:|1700093016\n|switch|p2a: IRON BUGULOUS|Iron Moth|100\/100\n|-activate|p2a: IRON BUGULOUS|ability: Quark Drive\n|-start|p2a: IRON BUGULOUS|quarkdrivespe\n|turn|13\n|\n|t:|1700093023\n|cant|p1a: Kingambit|par\n|move|p2a: IRON BUGULOUS|Charge Beam|p1a: Kingambit\n|-damage|p1a: Kingambit|0 fnt\n|faint|p1a: Kingambit\n|-end|p1a: Kingambit|fallen1|[silent]\n|\n|upkeep\n|\n|t:|1700093032\n|switch|p1a: Talonflame|Talonflame, F|100\/100\n|turn|14\n|inactive|Jay-Arcade6 has 120 seconds left.\n|\n|t:|1700093042\n|move|p2a: IRON BUGULOUS|Charge Beam|p1a: Talonflame\n|-supereffective|p1a: Talonflame\n|-damage|p1a: Talonflame|33\/100\n|-boost|p2a: IRON BUGULOUS|spa|1\n|move|p1a: Talonflame|Brave Bird|p2a: IRON BUGULOUS\n|-damage|p2a: IRON BUGULOUS|30\/100\n|-damage|p1a: Talonflame|5\/100|[from] Recoil\n|\n|-heal|p2a: IRON BUGULOUS|36\/100|[from] item: Leftovers\n|-fieldend|move: Electric Terrain\n|-end|p2a: IRON BUGULOUS|Quark Drive\n|upkeep\n|turn|15\n|inactive|Jay-Arcade6 has 120 seconds left.\n|\n|t:|1700093053\n|move|p1a: Talonflame|Brave Bird|p2a: IRON BUGULOUS\n|-damage|p2a: IRON BUGULOUS|0 fnt\n|faint|p2a: IRON BUGULOUS\n|-end|p2a: IRON BUGULOUS|Quark Drive|[silent]\n|-damage|p1a: Talonflame|0 fnt|[from] Recoil\n|faint|p1a: Talonflame\n|\n|upkeep\n|inactive|Jay-Arcade6 has 120 seconds left.\n|\n|t:|1700093064\n|switch|p1a: Jumpluff|Jumpluff, M|100\/100\n|switch|p2a: IRON HUGULUS|Iron Valiant|100\/100\n|-damage|p1a: Jumpluff|88\/100|[from] Stealth Rock\n|turn|16\n|\n|t:|1700093073\n|move|p2a: IRON HUGULUS|Swords Dance|p2a: IRON HUGULUS\n|-boost|p2a: IRON HUGULUS|atk|2\n|move|p1a: Jumpluff|Hyper Voice|p2a: IRON HUGULUS\n|-damage|p2a: IRON HUGULUS|2\/100\n|-damage|p1a: Jumpluff|78\/100|[from] item: Life Orb\n|\n|upkeep\n|turn|17\n|\n|t:|1700093084\n|move|p2a: IRON HUGULUS|Spirit Break|p1a: Jumpluff\n|-crit|p1a: Jumpluff\n|-damage|p1a: Jumpluff|0 fnt\n|replace|p1a: Zoroark|Zoroark-Hisui, F\n|-end|p1a: Zoroark|Illusion\n|faint|p1a: Zoroark\n|-damage|p2a: IRON HUGULUS|0 fnt|[from] item: Life Orb\n|faint|p2a: IRON HUGULUS\n|-end|p2a: IRON HUGULUS|Quark Drive|[silent]\n|\n|upkeep\n|inactive|Jay-Arcade6 has 120 seconds left.\n|\n|t:|1700093102\n|switch|p2a: IRON SNUGULOUS|Iron Leaves|100\/100\n|switch|p1a: Hoopa|Hoopa-Unbound|100\/100\n|-damage|p1a: Hoopa|88\/100|[from] Stealth Rock\n|turn|18\n|inactive|Jay-Arcade6 has 120 seconds left.\n|\n|t:|1700093113\n|-terastallize|p2a: IRON SNUGULOUS|Electric\n|move|p2a: IRON SNUGULOUS|Sacred Sword|p1a: Hoopa\n|-damage|p1a: Hoopa|35\/100\n|move|p1a: Hoopa|Fling|p2a: IRON SNUGULOUS\n|-damage|p2a: IRON SNUGULOUS|10\/100\n|-enditem|p2a: IRON SNUGULOUS|Salac Berry|[eat]\n|-boost|p2a: IRON SNUGULOUS|spe|1|[from] item: Salac Berry\n|-enditem|p1a: Hoopa|Big Nugget|[from] move: Fling\n|\n|upkeep\n|turn|19\n|inactive|Jay-Arcade6 has 120 seconds left.\n|\n|t:|1700093128\n|move|p1a: Hoopa|Protect|p1a: Hoopa\n|-singleturn|p1a: Hoopa|Protect\n|move|p2a: IRON SNUGULOUS|Sacred Sword|p1a: Hoopa\n|-activate|p1a: Hoopa|move: Protect\n|\n|upkeep\n|turn|20\n|\n|t:|1700093134\n|move|p2a: IRON SNUGULOUS|Sacred Sword|p1a: Hoopa\n|-damage|p1a: Hoopa|0 fnt\n|faint|p1a: Hoopa\n|\n|upkeep\n|\n|t:|1700093135\n|switch|p1a: Jumpluff|Jumpluff, M|100\/100\n|-damage|p1a: Jumpluff|76\/100|[from] Stealth Rock\n|turn|21\n|\n|t:|1700093145\n|move|p2a: IRON SNUGULOUS|Wild Charge|p1a: Jumpluff\n|-damage|p1a: Jumpluff|12\/100\n|-damage|p2a: IRON SNUGULOUS|0 fnt|[from] Recoil\n|faint|p2a: IRON SNUGULOUS\n|-end|p2a: IRON SNUGULOUS|Quark Drive|[silent]\n|\n|win|CheetosD\n|raw|CheetosD's rating: 1185 &rarr; <strong>1203<\/strong><br \/>(+18 for winning)\n|raw|Jay-Arcade6's rating: 1080 &rarr; <strong>1064<\/strong><br \/>(-16 for losing)\n|c|\u2606Jay-Arcade6|GG\n|l|\u2606Jay-Arcade6\n|c|\u2606CheetosD|gg\n","uploadtime":1700093397,"views":10,"p1id":"cheetosd","p2id":"jayarcade6","formatid":"gen9ou","rating":1064,"private":0,"password":""}