{"id":"gen9ou-1990490318","p1":"wargle blargle","p2":"Aggron","format":"[Gen 9] OU","log":"|j|\u2606wargle blargle\n|j|\u2606Aggron\n|t:|1699975686\n|gametype|singles\n|player|p1|wargle blargle|cynthia|1743\n|player|p2|Aggron|pokefan-gen4|1802\n|teamsize|p1|6\n|teamsize|p2|6\n|gen|9\n|tier|[Gen 9] OU\n|rated|\n|rule|Sleep Clause Mod: Limit one foe put to sleep\n|rule|Species Clause: Limit one of each Pok\u00e9mon\n|rule|OHKO Clause: OHKO moves are banned\n|rule|Evasion Items Clause: Evasion items are banned\n|rule|Evasion Moves Clause: Evasion moves are banned\n|rule|Endless Battle Clause: Forcing endless battles is banned\n|rule|HP Percentage Mod: HP is shown in percentages\n|clearpoke\n|poke|p1|Ogerpon-Wellspring, F|\n|poke|p1|Kingambit, F|\n|poke|p1|Great Tusk|\n|poke|p1|Gholdengo|\n|poke|p1|Ting-Lu|\n|poke|p1|Iron Valiant|\n|poke|p2|Sinistcha-Masterpiece|\n|poke|p2|Tyranitar, F|\n|poke|p2|Heatran, M|\n|poke|p2|Rillaboom, F|\n|poke|p2|Sneasler, F|\n|poke|p2|Samurott-Hisui, F|\n|teampreview\n|inactive|Battle timer is ON: inactive players will automatically lose when time's up. (requested by Aggron)\n|inactive|wargle blargle also wants the timer to be on.\n|\n|t:|1699975696\n|start\n|switch|p1a: Great Tusk|Great Tusk|100\/100\n|switch|p2a: Sneasler|Sneasler, F, shiny|100\/100\n|turn|1\n|\n|t:|1699975701\n|move|p2a: Sneasler|Fake Out|p1a: Great Tusk\n|-damage|p1a: Great Tusk|93\/100\n|cant|p1a: Great Tusk|flinch\n|\n|-heal|p1a: Great Tusk|99\/100|[from] item: Leftovers\n|upkeep\n|turn|2\n|j| Memento Squad\n|\n|t:|1699975706\n|move|p2a: Sneasler|U-turn|p1a: Great Tusk\n|-resisted|p1a: Great Tusk\n|-damage|p1a: Great Tusk|93\/100\n|-status|p1a: Great Tusk|psn|[from] ability: Poison Touch|[of] p2a: Sneasler\n|j| lgang007\n|\n|t:|1699975708\n|switch|p2a: Sinistcha|Sinistcha-Masterpiece|100\/100|[from] U-turn\n|move|p1a: Great Tusk|Knock Off|p2a: Sinistcha\n|-supereffective|p2a: Sinistcha\n|-damage|p2a: Sinistcha|60\/100\n|-enditem|p2a: Sinistcha|Heavy-Duty Boots|[from] move: Knock Off|[of] p1a: Great Tusk\n|\n|-heal|p1a: Great Tusk|99\/100 psn|[from] item: Leftovers\n|-damage|p1a: Great Tusk|87\/100 psn|[from] psn\n|upkeep\n|turn|3\n|\n|t:|1699975719\n|-end|p1a: Great Tusk|Protosynthesis|[silent]\n|switch|p1a: Gholdengo|Gholdengo|100\/100\n|move|p2a: Sinistcha|Shadow Ball|p1a: Gholdengo\n|-supereffective|p1a: Gholdengo\n|-damage|p1a: Gholdengo|37\/100\n|-unboost|p1a: Gholdengo|spd|1\n|\n|-heal|p1a: Gholdengo|44\/100|[from] item: Leftovers\n|upkeep\n|turn|4\n|\n|t:|1699975734\n|switch|p2a: Samurott|Samurott-Hisui, F|100\/100\n|move|p1a: Gholdengo|Thunder Wave|p2a: Samurott\n|-status|p2a: Samurott|par\n|\n|-heal|p1a: Gholdengo|50\/100|[from] item: Leftovers\n|upkeep\n|turn|5\n|\n|t:|1699975739\n|switch|p1a: Great Tusk|Great Tusk|87\/100 psn\n|move|p2a: Samurott|Ceaseless Edge|p1a: Great Tusk\n|-resisted|p1a: Great Tusk\n|-damage|p1a: Great Tusk|76\/100 psn\n|-sidestart|p1: wargle blargle|Spikes\n|\n|-heal|p1a: Great Tusk|83\/100 psn|[from] item: Leftovers\n|-damage|p1a: Great Tusk|70\/100 psn|[from] psn\n|upkeep\n|turn|6\n|\n|t:|1699975751\n|switch|p2a: Rillaboom|Rillaboom, F, shiny|100\/100\n|-fieldstart|move: Grassy Terrain|[from] ability: Grassy Surge|[of] p2a: Rillaboom\n|move|p1a: Great Tusk|Rapid Spin|p2a: Rillaboom\n|-damage|p2a: Rillaboom|84\/100\n|-boost|p1a: Great Tusk|spe|1\n|-sideend|p1: wargle blargle|Spikes|[from] move: Rapid Spin|[of] p1a: Great Tusk\n|\n|-heal|p1a: Great Tusk|76\/100 psn|[from] Grassy Terrain\n|-heal|p1a: Great Tusk|83\/100 psn|[from] item: Leftovers\n|-heal|p2a: Rillaboom|91\/100|[from] Grassy Terrain\n|-damage|p1a: Great Tusk|70\/100 psn|[from] psn\n|upkeep\n|turn|7\n|j| mew852\n|\n|t:|1699975759\n|-end|p1a: Great Tusk|Protosynthesis|[silent]\n|switch|p1a: Gholdengo|Gholdengo|50\/100\n|-terastallize|p2a: Rillaboom|Grass\n|move|p2a: Rillaboom|Grassy Glide|p1a: Gholdengo\n|-resisted|p1a: Gholdengo\n|-damage|p1a: Gholdengo|20\/100\n|\n|-heal|p2a: Rillaboom|97\/100|[from] Grassy Terrain\n|-heal|p1a: Gholdengo|27\/100|[from] Grassy Terrain\n|-heal|p1a: Gholdengo|33\/100|[from] item: Leftovers\n|upkeep\n|turn|8\n|\n|t:|1699975766\n|switch|p2a: Heatran|Heatran, M|100\/100\n|-item|p2a: Heatran|Air Balloon\n|move|p1a: Gholdengo|Recover|p1a: Gholdengo\n|-heal|p1a: Gholdengo|83\/100\n|\n|-heal|p1a: Gholdengo|89\/100|[from] Grassy Terrain\n|-heal|p1a: Gholdengo|95\/100|[from] item: Leftovers\n|upkeep\n|turn|9\n|j| malibou\n|\n|t:|1699975774\n|switch|p1a: Ting-Lu|Ting-Lu|100\/100\n|-ability|p1a: Ting-Lu|Vessel of Ruin\n|move|p2a: Heatran|Magma Storm|p1a: Ting-Lu\n|-damage|p1a: Ting-Lu|78\/100\n|-activate|p1a: Ting-Lu|move: Magma Storm|[of] p2a: Heatran\n|\n|-heal|p1a: Ting-Lu|84\/100|[from] Grassy Terrain\n|-heal|p1a: Ting-Lu|90\/100|[from] item: Leftovers\n|-damage|p1a: Ting-Lu|78\/100|[from] move: Magma Storm|[partiallytrapped]\n|upkeep\n|turn|10\n|inactive|wargle blargle has 120 seconds left.\n|\n|t:|1699975811\n|move|p2a: Heatran|Taunt|p1a: Ting-Lu\n|-start|p1a: Ting-Lu|move: Taunt\n|cant|p1a: Ting-Lu|move: Taunt|Stealth Rock\n|\n|-heal|p1a: Ting-Lu|84\/100|[from] Grassy Terrain\n|-heal|p1a: Ting-Lu|90\/100|[from] item: Leftovers\n|-damage|p1a: Ting-Lu|78\/100|[from] move: Magma Storm|[partiallytrapped]\n|-fieldend|move: Grassy Terrain\n|upkeep\n|turn|11\n|\n|t:|1699975818\n|move|p2a: Heatran|Stealth Rock|p1a: Ting-Lu\n|-sidestart|p1: wargle blargle|move: Stealth Rock\n|move|p1a: Ting-Lu|Earthquake|p2a: Heatran\n|-immune|p2a: Heatran\n|\n|-heal|p1a: Ting-Lu|84\/100|[from] item: Leftovers\n|-damage|p1a: Ting-Lu|72\/100|[from] move: Magma Storm|[partiallytrapped]\n|upkeep\n|turn|12\n|\n|t:|1699975821\n|move|p2a: Heatran|Earth Power|p1a: Ting-Lu\n|-damage|p1a: Ting-Lu|58\/100\n|move|p1a: Ting-Lu|Earthquake|p2a: Heatran\n|-immune|p2a: Heatran\n|\n|-heal|p1a: Ting-Lu|64\/100|[from] item: Leftovers\n|-damage|p1a: Ting-Lu|51\/100|[from] move: Magma Storm|[partiallytrapped]\n|-end|p1a: Ting-Lu|move: Taunt\n|upkeep\n|turn|13\n|\n|t:|1699975824\n|move|p2a: Heatran|Taunt|p1a: Ting-Lu\n|-start|p1a: Ting-Lu|move: Taunt\n|move|p1a: Ting-Lu|Earthquake|p2a: Heatran\n|-immune|p2a: Heatran\n|\n|-heal|p1a: Ting-Lu|58\/100|[from] item: Leftovers\n|-damage|p1a: Ting-Lu|45\/100|[from] move: Magma Storm|[partiallytrapped]\n|upkeep\n|turn|14\n|\n|t:|1699975829\n|move|p2a: Heatran|Magma Storm|p1a: Ting-Lu\n|-damage|p1a: Ting-Lu|24\/100\n|move|p1a: Ting-Lu|Earthquake|p2a: Heatran\n|-immune|p2a: Heatran\n|\n|-heal|p1a: Ting-Lu|30\/100|[from] item: Leftovers\n|-end|p1a: Ting-Lu|Magma Storm|[partiallytrapped]\n|upkeep\n|turn|15\n|\n|t:|1699975833\n|switch|p1a: Ogerpon|Ogerpon-Wellspring, F|100\/100\n|-damage|p1a: Ogerpon|88\/100|[from] Stealth Rock\n|move|p2a: Heatran|Magma Storm|p1a: Ogerpon\n|-damage|p1a: Ogerpon|23\/100\n|-activate|p1a: Ogerpon|move: Magma Storm|[of] p2a: Heatran\n|\n|-damage|p1a: Ogerpon|11\/100|[from] move: Magma Storm|[partiallytrapped]\n|upkeep\n|turn|16\n|\n|t:|1699975840\n|switch|p2a: Sinistcha|Sinistcha-Masterpiece|60\/100\n|move|p1a: Ogerpon|Ivy Cudgel|p2a: Sinistcha|[anim] Ivy Cudgel Water\n|-resisted|p2a: Sinistcha\n|-damage|p2a: Sinistcha|41\/100\n|\n|-end|p1a: Ogerpon|Magma Storm|[partiallytrapped]|[silent]\n|upkeep\n|turn|17\n|\n|t:|1699975855\n|move|p1a: Ogerpon|Ivy Cudgel|p2a: Sinistcha|[anim] Ivy Cudgel Water\n|-resisted|p2a: Sinistcha\n|-damage|p2a: Sinistcha|21\/100\n|move|p2a: Sinistcha|Strength Sap|p1a: Ogerpon\n|-unboost|p1a: Ogerpon|atk|1\n|-heal|p2a: Sinistcha|100\/100\n|\n|upkeep\n|turn|18\n|\n|t:|1699975866\n|switch|p1a: Gholdengo|Gholdengo|95\/100\n|-damage|p1a: Gholdengo|89\/100|[from] Stealth Rock\n|move|p2a: Sinistcha|Shadow Ball|p1a: Gholdengo\n|-supereffective|p1a: Gholdengo\n|-damage|p1a: Gholdengo|24\/100\n|\n|-heal|p1a: Gholdengo|31\/100|[from] item: Leftovers\n|upkeep\n|turn|19\n|\n|t:|1699975874\n|switch|p2a: Heatran|Heatran, M|100\/100\n|-item|p2a: Heatran|Air Balloon\n|move|p1a: Gholdengo|Thunder Wave|p2a: Heatran|[miss]\n|-miss|p1a: Gholdengo|p2a: Heatran\n|\n|-heal|p1a: Gholdengo|37\/100|[from] item: Leftovers\n|upkeep\n|turn|20\n|\n|t:|1699975879\n|switch|p1a: Ogerpon|Ogerpon-Wellspring, F|11\/100\n|-damage|p1a: Ogerpon|0 fnt|[from] Stealth Rock\n|faint|p1a: Ogerpon\n|move|p2a: Heatran|Earth Power|p1: Ogerpon|[notarget]\n|-fail|p2a: Heatran\n|\n|upkeep\n|\n|t:|1699975886\n|switch|p1a: Great Tusk|Great Tusk|70\/100 psn\n|-damage|p1a: Great Tusk|67\/100 psn|[from] Stealth Rock\n|turn|21\n|\n|t:|1699975888\n|switch|p2a: Sinistcha|Sinistcha-Masterpiece|100\/100\n|move|p1a: Great Tusk|Body Press|p2a: Sinistcha\n|-immune|p2a: Sinistcha\n|\n|-heal|p1a: Great Tusk|73\/100 psn|[from] item: Leftovers\n|-damage|p1a: Great Tusk|61\/100 psn|[from] psn\n|upkeep\n|turn|22\n|\n|t:|1699975901\n|-end|p1a: Great Tusk|Protosynthesis|[silent]\n|switch|p1a: Gholdengo|Gholdengo|37\/100\n|-damage|p1a: Gholdengo|31\/100|[from] Stealth Rock\n|move|p2a: Sinistcha|Shadow Ball|p1a: Gholdengo\n|-supereffective|p1a: Gholdengo\n|-damage|p1a: Gholdengo|0 fnt\n|faint|p1a: Gholdengo\n|\n|upkeep\n|\n|t:|1699975904\n|switch|p1a: Ting-Lu|Ting-Lu|30\/100\n|-damage|p1a: Ting-Lu|24\/100|[from] Stealth Rock\n|-ability|p1a: Ting-Lu|Vessel of Ruin\n|turn|23\n|\n|t:|1699975906\n|move|p2a: Sinistcha|Matcha Gotcha|p1a: Ting-Lu\n|-supereffective|p1a: Ting-Lu\n|-damage|p1a: Ting-Lu|0 fnt\n|faint|p1a: Ting-Lu\n|\n|upkeep\n|\n|t:|1699975908\n|switch|p1a: Iron Valiant|Iron Valiant|100\/100\n|-damage|p1a: Iron Valiant|94\/100|[from] Stealth Rock\n|turn|24\n|\n|t:|1699975913\n|switch|p2a: Heatran|Heatran, M|100\/100\n|-item|p2a: Heatran|Air Balloon\n|move|p1a: Iron Valiant|Shadow Ball|p2a: Heatran\n|-damage|p2a: Heatran|58\/100\n|-enditem|p2a: Heatran|Air Balloon\n|\n|upkeep\n|turn|25\n|\n|t:|1699975916\n|-end|p1a: Iron Valiant|Quark Drive|[silent]\n|switch|p1a: Great Tusk|Great Tusk|61\/100 psn\n|-damage|p1a: Great Tusk|58\/100 psn|[from] Stealth Rock\n|move|p2a: Heatran|Magma Storm|p1a: Great Tusk\n|-damage|p1a: Great Tusk|0 fnt\n|faint|p1a: Great Tusk\n|-end|p1a: Great Tusk|Protosynthesis|[silent]\n|\n|upkeep\n|\n|t:|1699975918\n|switch|p1a: Iron Valiant|Iron Valiant|94\/100\n|-damage|p1a: Iron Valiant|88\/100|[from] Stealth Rock\n|turn|26\n|\n|t:|1699975923\n|move|p1a: Iron Valiant|Moonblast|p2a: Heatran\n|-resisted|p2a: Heatran\n|-damage|p2a: Heatran|41\/100\n|move|p2a: Heatran|Magma Storm|p1a: Iron Valiant\n|-damage|p1a: Iron Valiant|0 fnt\n|faint|p1a: Iron Valiant\n|-end|p1a: Iron Valiant|Quark Drive|[silent]\n|\n|upkeep\n|\n|t:|1699975925\n|switch|p1a: Kingambit|Kingambit, F|100\/100\n|-damage|p1a: Kingambit|94\/100|[from] Stealth Rock\n|-activate|p1a: Kingambit|ability: Supreme Overlord\n|-start|p1a: Kingambit|fallen5|[silent]\n|turn|27\n|\n|t:|1699975936\n|move|p2a: Heatran|Taunt|p1a: Kingambit\n|-start|p1a: Kingambit|move: Taunt\n|move|p1a: Kingambit|Kowtow Cleave|p2a: Heatran\n|-damage|p2a: Heatran|0 fnt\n|faint|p2a: Heatran\n|\n|-heal|p1a: Kingambit|100\/100|[from] item: Leftovers\n|upkeep\n|\n|t:|1699975946\n|switch|p2a: Sneasler|Sneasler, F, shiny|100\/100\n|turn|28\n|\n|t:|1699975952\n|-terastallize|p1a: Kingambit|Fairy\n|move|p2a: Sneasler|Close Combat|p1a: Kingambit\n|-resisted|p1a: Kingambit\n|-damage|p1a: Kingambit|74\/100\n|-unboost|p2a: Sneasler|def|1\n|-unboost|p2a: Sneasler|spd|1\n|-status|p1a: Kingambit|psn|[from] ability: Poison Touch|[of] p2a: Sneasler\n|move|p1a: Kingambit|Tera Blast|p2a: Sneasler|[anim] Tera Blast Fairy\n|-damage|p2a: Sneasler|0 fnt\n|faint|p2a: Sneasler\n|\n|-heal|p1a: Kingambit|80\/100 psn|[from] item: Leftovers\n|-damage|p1a: Kingambit|68\/100 psn|[from] psn\n|upkeep\n|\n|t:|1699975956\n|switch|p2a: Rillaboom|Rillaboom, F, shiny, tera:Grass|97\/100\n|-fieldstart|move: Grassy Terrain|[from] ability: Grassy Surge|[of] p2a: Rillaboom\n|turn|29\n|\n|t:|1699975958\n|move|p1a: Kingambit|Sucker Punch|p2a: Rillaboom\n|-damage|p2a: Rillaboom|33\/100\n|move|p2a: Rillaboom|Wood Hammer|p1a: Kingambit\n|-damage|p1a: Kingambit|0 fnt\n|faint|p1a: Kingambit\n|-end|p1a: Kingambit|fallen5|[silent]\n|-damage|p2a: Rillaboom|9\/100|[from] Recoil\n|\n|win|Aggron\n|raw|wargle blargle's rating: 1743 &rarr; <strong>1726<\/strong><br \/>(-17 for losing)\n|raw|Aggron's rating: 1802 &rarr; <strong>1819<\/strong><br \/>(+17 for winning)\n|l|\u2606Aggron\n|l|\u2606wargle blargle\n|l| malibou\n|l| lgang007\n","uploadtime":1699976200,"views":8,"p1id":"wargleblargle","p2id":"aggron","formatid":"gen9ou","rating":1726,"private":0,"password":""}