{"id":"gen9ou-1996401867","p1":"Mobile gex fan","p2":"Something Badass","format":"[Gen 9] OU","log":"|j|\u2606Mobile gex fan\n|j|\u2606Something Badass\n|t:|1700678568\n|gametype|singles\n|player|p1|Mobile gex fan|parasollady|1423\n|player|p2|Something Badass|brycen|1525\n|teamsize|p1|6\n|teamsize|p2|6\n|gen|9\n|tier|[Gen 9] OU\n|rated|\n|rule|Sleep Clause Mod: Limit one foe put to sleep\n|rule|Species Clause: Limit one of each Pok\u00e9mon\n|rule|OHKO Clause: OHKO moves are banned\n|rule|Evasion Items Clause: Evasion items are banned\n|rule|Evasion Moves Clause: Evasion moves are banned\n|rule|Endless Battle Clause: Forcing endless battles is banned\n|rule|HP Percentage Mod: HP is shown in percentages\n|clearpoke\n|poke|p1|Pincurchin, F|\n|poke|p1|Hawlucha, M|\n|poke|p1|Iron Leaves|\n|poke|p1|Hatterene, F|\n|poke|p1|Cetitan, M|\n|poke|p1|Landorus-Therian, M|\n|poke|p2|Greninja-*, F|\n|poke|p2|Mandibuzz, F|\n|poke|p2|Heatran, M|\n|poke|p2|Okidogi, M|\n|poke|p2|Great Tusk|\n|poke|p2|Slowking, M|\n|teampreview\n|inactive|Battle timer is ON: inactive players will automatically lose when time's up. (requested by Mobile gex fan)\n|\n|t:|1700678579\n|start\n|switch|p1a: Pincurchin|Pincurchin, F|100\/100\n|switch|p2a: Great Tusk|Great Tusk|100\/100\n|-fieldstart|move: Electric Terrain|[from] ability: Electric Surge|[of] p1a: Pincurchin\n|turn|1\n|\n|t:|1700678586\n|switch|p1a: Landorus|Landorus-Therian, M|100\/100\n|-ability|p1a: Landorus|Intimidate|boost\n|-unboost|p2a: Great Tusk|atk|1\n|move|p2a: Great Tusk|Headlong Rush|p1a: Landorus\n|-immune|p1a: Landorus\n|\n|upkeep\n|turn|2\n|\n|t:|1700678592\n|-end|p2a: Great Tusk|Protosynthesis|[silent]\n|switch|p2a: Mandibuzz|Mandibuzz, F|100\/100\n|move|p1a: Landorus|Grass Knot|p2a: Mandibuzz\n|-resisted|p2a: Mandibuzz\n|-damage|p2a: Mandibuzz|95\/100\n|\n|upkeep\n|turn|3\n|\n|t:|1700678599\n|move|p1a: Landorus|U-turn|p2a: Mandibuzz\n|-damage|p2a: Mandibuzz|82\/100\n|\n|t:|1700678608\n|switch|p1a: Pincurchin|Pincurchin, F|100\/100|[from] U-turn\n|move|p2a: Mandibuzz|U-turn|p1a: Pincurchin\n|-damage|p1a: Pincurchin|91\/100\n|\n|t:|1700678623\n|switch|p2a: Heatran|Heatran, M|100\/100|[from] U-turn\n|\n|upkeep\n|turn|4\n|\n|t:|1700678639\n|switch|p1a: Philly goat|Cetitan, M|100\/100\n|move|p2a: Heatran|Magma Storm|p1a: Philly goat|[miss]\n|-miss|p2a: Heatran|p1a: Philly goat\n|\n|upkeep\n|turn|5\n|\n|t:|1700678645\n|switch|p2a: Great Tusk|Great Tusk|100\/100\n|move|p1a: Philly goat|Earthquake|p2a: Great Tusk\n|-damage|p2a: Great Tusk|73\/100\n|\n|upkeep\n|turn|6\n|\n|t:|1700678648\n|switch|p1a: Landorus|Landorus-Therian, M|100\/100\n|-ability|p1a: Landorus|Intimidate|boost\n|-unboost|p2a: Great Tusk|atk|1\n|move|p2a: Great Tusk|Knock Off|p1a: Landorus\n|-damage|p1a: Landorus|76\/100\n|-damage|p2a: Great Tusk|57\/100|[from] item: Rocky Helmet|[of] p1a: Landorus\n|-enditem|p1a: Landorus|Rocky Helmet|[from] move: Knock Off|[of] p2a: Great Tusk\n|\n|upkeep\n|turn|7\n|\n|t:|1700678654\n|-end|p2a: Great Tusk|Protosynthesis|[silent]\n|switch|p2a: Mandibuzz|Mandibuzz, F|82\/100\n|move|p1a: Landorus|Grass Knot|p2a: Mandibuzz\n|-resisted|p2a: Mandibuzz\n|-damage|p2a: Mandibuzz|76\/100\n|\n|upkeep\n|turn|8\n|\n|t:|1700678659\n|move|p1a: Landorus|U-turn|p2a: Mandibuzz\n|-damage|p2a: Mandibuzz|64\/100\n|\n|t:|1700678662\n|switch|p1a: Iron Leaves|Iron Leaves|100\/100|[from] U-turn\n|-activate|p1a: Iron Leaves|ability: Quark Drive\n|-start|p1a: Iron Leaves|quarkdrivespe\n|move|p2a: Mandibuzz|U-turn|p1a: Iron Leaves\n|-supereffective|p1a: Iron Leaves\n|-damage|p1a: Iron Leaves|47\/100\n|\n|t:|1700678671\n|switch|p2a: Heatran|Heatran, M|100\/100|[from] U-turn\n|\n|-fieldend|move: Electric Terrain\n|-end|p1a: Iron Leaves|Quark Drive\n|upkeep\n|turn|9\n|\n|t:|1700678679\n|-end|p1a: Iron Leaves|Quark Drive|[silent]\n|switch|p1a: Philly goat|Cetitan, M|100\/100\n|switch|p2a: Mandibuzz|Mandibuzz, F|64\/100\n|\n|upkeep\n|turn|10\n|\n|t:|1700678684\n|switch|p2a: Okidogi|Okidogi, M|100\/100\n|move|p1a: Philly goat|Icicle Crash|p2a: Okidogi\n|-crit|p2a: Okidogi\n|-damage|p2a: Okidogi|47\/100\n|\n|-heal|p2a: Okidogi|53\/100|[from] item: Leftovers\n|upkeep\n|turn|11\n|\n|t:|1700678693\n|switch|p1a: Landorus|Landorus-Therian, M|76\/100\n|-ability|p1a: Landorus|Intimidate|boost\n|-unboost|p2a: Okidogi|atk|1\n|move|p2a: Okidogi|Poison Jab|p1a: Landorus\n|-resisted|p1a: Landorus\n|-damage|p1a: Landorus|69\/100\n|\n|-heal|p2a: Okidogi|59\/100|[from] item: Leftovers\n|upkeep\n|turn|12\n|\n|t:|1700678703\n|switch|p2a: Mandibuzz|Mandibuzz, F|64\/100\n|move|p1a: Landorus|U-turn|p2a: Mandibuzz\n|-damage|p2a: Mandibuzz|51\/100\n|\n|t:|1700678706\n|switch|p1a: Pincurchin|Pincurchin, F|91\/100|[from] U-turn\n|-fieldstart|move: Electric Terrain|[from] ability: Electric Surge|[of] p1a: Pincurchin\n|\n|upkeep\n|turn|13\n|\n|t:|1700678714\n|switch|p1a: Hatterene|Hatterene, F|100\/100\n|-enditem|p1a: Hatterene|Electric Seed\n|-boost|p1a: Hatterene|def|1|[from] item: Electric Seed\n|move|p2a: Mandibuzz|Roost|p2a: Mandibuzz\n|-heal|p2a: Mandibuzz|100\/100\n|-singleturn|p2a: Mandibuzz|move: Roost\n|\n|upkeep\n|turn|14\n|\n|t:|1700678724\n|move|p2a: Mandibuzz|U-turn|p1a: Hatterene\n|-damage|p1a: Hatterene|94\/100\n|\n|t:|1700678729\n|switch|p2a: Heatran|Heatran, M|100\/100|[from] U-turn\n|move|p1a: Hatterene|Calm Mind|p1a: Hatterene\n|-boost|p1a: Hatterene|spa|1\n|-boost|p1a: Hatterene|spd|1\n|\n|upkeep\n|turn|15\n|\n|t:|1700678743\n|-terastallize|p1a: Hatterene|Water\n|move|p2a: Heatran|Magma Storm|p1a: Hatterene\n|-resisted|p1a: Hatterene\n|-damage|p1a: Hatterene|80\/100\n|-activate|p1a: Hatterene|move: Magma Storm|[of] p2a: Heatran\n|move|p1a: Hatterene|Calm Mind|p1a: Hatterene\n|-boost|p1a: Hatterene|spa|1\n|-boost|p1a: Hatterene|spd|1\n|\n|-damage|p1a: Hatterene|67\/100|[from] move: Magma Storm|[partiallytrapped]\n|upkeep\n|turn|16\n|\n|t:|1700678755\n|move|p2a: Heatran|Earth Power|p1a: Hatterene\n|-damage|p1a: Hatterene|55\/100\n|-unboost|p1a: Hatterene|spd|1\n|move|p1a: Hatterene|Psyshock|p2a: Heatran\n|-resisted|p2a: Heatran\n|-damage|p2a: Heatran|68\/100\n|\n|-heal|p2a: Heatran|74\/100|[from] item: Leftovers\n|-damage|p1a: Hatterene|43\/100|[from] move: Magma Storm|[partiallytrapped]\n|upkeep\n|turn|17\n|\n|t:|1700678762\n|move|p2a: Heatran|Earth Power|p1a: Hatterene\n|-damage|p1a: Hatterene|26\/100\n|move|p1a: Hatterene|Psyshock|p2a: Heatran\n|-resisted|p2a: Heatran\n|-damage|p2a: Heatran|45\/100\n|\n|-heal|p2a: Heatran|51\/100|[from] item: Leftovers\n|-damage|p1a: Hatterene|14\/100|[from] move: Magma Storm|[partiallytrapped]\n|upkeep\n|turn|18\n|\n|t:|1700678786\n|move|p2a: Heatran|Earth Power|p1a: Hatterene\n|-damage|p1a: Hatterene|0 fnt\n|faint|p1a: Hatterene\n|\n|-heal|p2a: Heatran|57\/100|[from] item: Leftovers\n|upkeep\n|\n|t:|1700678797\n|switch|p1a: Philly goat|Cetitan, M|100\/100\n|turn|19\n|\n|t:|1700678802\n|switch|p2a: Great Tusk|Great Tusk|57\/100\n|move|p1a: Philly goat|Icicle Crash|p2a: Great Tusk\n|-supereffective|p2a: Great Tusk\n|-crit|p2a: Great Tusk\n|-damage|p2a: Great Tusk|0 fnt\n|faint|p2a: Great Tusk\n|-end|p2a: Great Tusk|Protosynthesis|[silent]\n|\n|-fieldend|move: Electric Terrain\n|upkeep\n|\n|t:|1700678805\n|switch|p2a: Okidogi|Okidogi, M|59\/100\n|turn|20\n|\n|t:|1700678808\n|move|p2a: Okidogi|Bulk Up|p2a: Okidogi\n|-boost|p2a: Okidogi|atk|1\n|-boost|p2a: Okidogi|def|1\n|move|p1a: Philly goat|Earthquake|p2a: Okidogi\n|-supereffective|p2a: Okidogi\n|-damage|p2a: Okidogi|20\/100\n|\n|-heal|p2a: Okidogi|26\/100|[from] item: Leftovers\n|upkeep\n|turn|21\n|\n|t:|1700678816\n|switch|p1a: Landorus|Landorus-Therian, M|69\/100\n|-ability|p1a: Landorus|Intimidate|boost\n|-unboost|p2a: Okidogi|atk|1\n|move|p2a: Okidogi|Drain Punch|p1a: Landorus\n|-resisted|p1a: Landorus\n|-crit|p1a: Landorus\n|-damage|p1a: Landorus|52\/100\n|-heal|p2a: Okidogi|34\/100|[from] drain|[of] p1a: Landorus\n|\n|-heal|p2a: Okidogi|40\/100|[from] item: Leftovers\n|upkeep\n|turn|22\n|\n|t:|1700678823\n|switch|p2a: Mandibuzz|Mandibuzz, F|100\/100\n|move|p1a: Landorus|Earthquake|p2a: Mandibuzz\n|-immune|p2a: Mandibuzz\n|\n|upkeep\n|turn|23\n|\n|t:|1700678838\n|move|p1a: Landorus|U-turn|p2a: Mandibuzz\n|-damage|p2a: Mandibuzz|87\/100\n|\n|t:|1700678852\n|switch|p1a: Pincurchin|Pincurchin, F|91\/100|[from] U-turn\n|-fieldstart|move: Electric Terrain|[from] ability: Electric Surge|[of] p1a: Pincurchin\n|move|p2a: Mandibuzz|U-turn|p1a: Pincurchin\n|-crit|p1a: Pincurchin\n|-damage|p1a: Pincurchin|75\/100\n|\n|t:|1700678865\n|switch|p2a: Okidogi|Okidogi, M|40\/100|[from] U-turn\n|\n|-heal|p2a: Okidogi|46\/100|[from] item: Leftovers\n|upkeep\n|turn|24\n|\n|t:|1700678876\n|move|p2a: Okidogi|Taunt|p1a: Pincurchin\n|-start|p1a: Pincurchin|move: Taunt\n|cant|p1a: Pincurchin|move: Taunt|Memento\n|\n|-heal|p2a: Okidogi|52\/100|[from] item: Leftovers\n|upkeep\n|turn|25\n|\n|t:|1700678879\n|switch|p1a: Iron Leaves|Iron Leaves|47\/100\n|-activate|p1a: Iron Leaves|ability: Quark Drive\n|-start|p1a: Iron Leaves|quarkdrivespe\n|move|p2a: Okidogi|Bulk Up|p2a: Okidogi\n|-boost|p2a: Okidogi|atk|1\n|-boost|p2a: Okidogi|def|1\n|\n|-heal|p2a: Okidogi|58\/100|[from] item: Leftovers\n|upkeep\n|turn|26\n|\n|t:|1700678885\n|switch|p2a: Mandibuzz|Mandibuzz, F|87\/100\n|move|p1a: Iron Leaves|Psyblade|p2a: Mandibuzz\n|-immune|p2a: Mandibuzz\n|\n|upkeep\n|turn|27\n|\n|t:|1700678887\n|move|p1a: Iron Leaves|Wild Charge|p2a: Mandibuzz\n|-supereffective|p2a: Mandibuzz\n|-damage|p2a: Mandibuzz|30\/100\n|-damage|p1a: Iron Leaves|29\/100|[from] Recoil\n|-damage|p1a: Iron Leaves|19\/100|[from] item: Life Orb\n|move|p2a: Mandibuzz|U-turn|p1a: Iron Leaves\n|-supereffective|p1a: Iron Leaves\n|-damage|p1a: Iron Leaves|0 fnt\n|faint|p1a: Iron Leaves\n|-end|p1a: Iron Leaves|Quark Drive|[silent]\n|\n|t:|1700678898\n|switch|p2a: Slowking|Slowking, M|100\/100|[from] U-turn\n|\n|upkeep\n|\n|t:|1700678910\n|switch|p1a: Pincurchin|Pincurchin, F|75\/100\n|turn|28\n|\n|t:|1700678915\n|move|p1a: Pincurchin|Spikes|p2a: Slowking\n|-sidestart|p2: Something Badass|Spikes\n|move|p2a: Slowking|Future Sight|p1a: Pincurchin\n|-start|p2a: Slowking|move: Future Sight\n|\n|upkeep\n|turn|29\n|\n|t:|1700678925\n|move|p1a: Pincurchin|Spikes|p2a: Slowking\n|-sidestart|p2: Something Badass|Spikes\n|move|p2a: Slowking|Nasty Plot|p2a: Slowking\n|-boost|p2a: Slowking|spa|2\n|\n|upkeep\n|turn|30\n|\n|t:|1700678934\n|switch|p1a: Philly goat|Cetitan, M|100\/100\n|move|p2a: Slowking|Nasty Plot|p2a: Slowking\n|-boost|p2a: Slowking|spa|2\n|\n|-end|p1a: Philly goat|move: Future Sight\n|-damage|p1a: Philly goat|33\/100\n|-fieldend|move: Electric Terrain\n|upkeep\n|turn|31\n|\n|t:|1700678944\n|move|p1a: Philly goat|Earthquake|p2a: Slowking\n|-damage|p2a: Slowking|67\/100\n|move|p2a: Slowking|Scald|p1a: Philly goat\n|-damage|p1a: Philly goat|0 fnt\n|faint|p1a: Philly goat\n|\n|upkeep\n|\n|t:|1700678950\n|switch|p1a: Landorus|Landorus-Therian, M|52\/100\n|-ability|p1a: Landorus|Intimidate|boost\n|-unboost|p2a: Slowking|atk|1\n|turn|32\n|\n|t:|1700678961\n|switch|p2a: Mandibuzz|Mandibuzz, F|30\/100\n|move|p1a: Landorus|Earthquake|p2a: Mandibuzz\n|-immune|p2a: Mandibuzz\n|\n|upkeep\n|turn|33\n|\n|t:|1700678966\n|move|p1a: Landorus|U-turn|p2a: Mandibuzz\n|-damage|p2a: Mandibuzz|17\/100\n|\n|t:|1700678968\n|switch|p1a: Pincurchin|Pincurchin, F|75\/100|[from] U-turn\n|-fieldstart|move: Electric Terrain|[from] ability: Electric Surge|[of] p1a: Pincurchin\n|move|p2a: Mandibuzz|Roost|p2a: Mandibuzz\n|-heal|p2a: Mandibuzz|67\/100\n|-singleturn|p2a: Mandibuzz|move: Roost\n|\n|upkeep\n|turn|34\n|\n|t:|1700678973\n|move|p2a: Mandibuzz|Defog|p1a: Pincurchin\n|-unboost|p1a: Pincurchin|evasion|1\n|-sideend|p2: Something Badass|Spikes|[from] move: Defog|[of] p2a: Mandibuzz\n|-fieldend|move: Electric Terrain\n|move|p1a: Pincurchin|Discharge|p2a: Mandibuzz\n|-supereffective|p2a: Mandibuzz\n|-damage|p2a: Mandibuzz|24\/100\n|\n|upkeep\n|turn|35\n|\n|t:|1700678984\n|switch|p1a: Landorus|Landorus-Therian, M|52\/100\n|-ability|p1a: Landorus|Intimidate|boost\n|-unboost|p2a: Mandibuzz|atk|1\n|move|p2a: Mandibuzz|Roost|p2a: Mandibuzz\n|-heal|p2a: Mandibuzz|74\/100\n|-singleturn|p2a: Mandibuzz|move: Roost\n|\n|upkeep\n|turn|36\n|\n|t:|1700678997\n|move|p1a: Landorus|Grass Knot|p2a: Mandibuzz\n|-resisted|p2a: Mandibuzz\n|-damage|p2a: Mandibuzz|69\/100\n|move|p2a: Mandibuzz|Foul Play|p1a: Landorus\n|-damage|p1a: Landorus|21\/100\n|\n|upkeep\n|turn|37\n|\n|t:|1700679003\n|move|p1a: Landorus|U-turn|p2a: Mandibuzz\n|-damage|p2a: Mandibuzz|57\/100\n|\n|t:|1700679004\n|switch|p1a: Pincurchin|Pincurchin, F|75\/100|[from] U-turn\n|-fieldstart|move: Electric Terrain|[from] ability: Electric Surge|[of] p1a: Pincurchin\n|move|p2a: Mandibuzz|Roost|p2a: Mandibuzz\n|-heal|p2a: Mandibuzz|100\/100\n|-singleturn|p2a: Mandibuzz|move: Roost\n|\n|upkeep\n|turn|38\n|\n|t:|1700679031\n|move|p2a: Mandibuzz|U-turn|p1a: Pincurchin\n|-damage|p1a: Pincurchin|68\/100\n|\n|t:|1700679037\n|switch|p2a: Slowking|Slowking, M|100\/100|[from] U-turn\n|move|p1a: Pincurchin|Discharge|p2a: Slowking\n|-supereffective|p2a: Slowking\n|-damage|p2a: Slowking|58\/100\n|-status|p2a: Slowking|par\n|\n|upkeep\n|turn|39\n|\n|t:|1700679043\n|move|p1a: Pincurchin|Discharge|p2a: Slowking\n|-supereffective|p2a: Slowking\n|-damage|p2a: Slowking|18\/100 par\n|move|p2a: Slowking|Future Sight|p1a: Pincurchin\n|-start|p2a: Slowking|move: Future Sight\n|\n|upkeep\n|turn|40\n|\n|t:|1700679067\n|move|p1a: Pincurchin|Discharge|p2a: Slowking\n|-supereffective|p2a: Slowking\n|-damage|p2a: Slowking|0 fnt\n|faint|p2a: Slowking\n|\n|upkeep\n|\n|t:|1700679069\n|switch|p2a: Okidogi|Okidogi, M|58\/100\n|turn|41\n|\n|t:|1700679073\n|switch|p1a: Landorus|Landorus-Therian, M|21\/100\n|-ability|p1a: Landorus|Intimidate|boost\n|-unboost|p2a: Okidogi|atk|1\n|move|p2a: Okidogi|Taunt|p1a: Landorus\n|-start|p1a: Landorus|move: Taunt\n|\n|-end|p1a: Landorus|move: Future Sight\n|-damage|p1a: Landorus|0 fnt\n|faint|p1a: Landorus\n|-heal|p2a: Okidogi|64\/100|[from] item: Leftovers\n|upkeep\n|\n|t:|1700679081\n|switch|p1a: Hawlucha|Hawlucha, M|100\/100\n|-enditem|p1a: Hawlucha|Electric Seed\n|-boost|p1a: Hawlucha|def|1|[from] item: Electric Seed\n|turn|42\n|\n|t:|1700679083\n|move|p1a: Hawlucha|Swords Dance|p1a: Hawlucha\n|-boost|p1a: Hawlucha|atk|2\n|move|p2a: Okidogi|Poison Jab|p1a: Hawlucha\n|-damage|p1a: Hawlucha|78\/100\n|\n|-heal|p2a: Okidogi|70\/100|[from] item: Leftovers\n|upkeep\n|turn|43\n|\n|t:|1700679092\n|move|p1a: Hawlucha|Substitute|p1a: Hawlucha\n|-start|p1a: Hawlucha|Substitute\n|-damage|p1a: Hawlucha|53\/100\n|move|p2a: Okidogi|Poison Jab|p1a: Hawlucha\n|-activate|p1a: Hawlucha|move: Substitute|[damage]\n|\n|-heal|p2a: Okidogi|77\/100|[from] item: Leftovers\n|upkeep\n|turn|44\n|\n|t:|1700679098\n|move|p1a: Hawlucha|Acrobatics|p2a: Okidogi\n|-supereffective|p2a: Okidogi\n|-damage|p2a: Okidogi|0 fnt\n|faint|p2a: Okidogi\n|\n|-fieldend|move: Electric Terrain\n|upkeep\n|\n|t:|1700679102\n|switch|p2a: Mandibuzz|Mandibuzz, F|100\/100\n|turn|45\n|\n|t:|1700679106\n|move|p1a: Hawlucha|Acrobatics|p2a: Mandibuzz\n|-damage|p2a: Mandibuzz|40\/100\n|move|p2a: Mandibuzz|Foul Play|p1a: Hawlucha\n|-resisted|p1a: Hawlucha\n|-end|p1a: Hawlucha|Substitute\n|\n|upkeep\n|turn|46\n|\n|t:|1700679112\n|move|p1a: Hawlucha|Acrobatics|p2a: Mandibuzz\n|-damage|p2a: Mandibuzz|0 fnt\n|faint|p2a: Mandibuzz\n|\n|upkeep\n|\n|t:|1700679113\n|switch|p2a: Heatran|Heatran, M|57\/100\n|turn|47\n|\n|t:|1700679118\n|-terastallize|p2a: Heatran|Fairy\n|move|p1a: Hawlucha|Close Combat|p2a: Heatran\n|-resisted|p2a: Heatran\n|-damage|p2a: Heatran|11\/100\n|-unboost|p1a: Hawlucha|def|1\n|-unboost|p1a: Hawlucha|spd|1\n|move|p2a: Heatran|Tera Blast|p1a: Hawlucha|[anim] Tera Blast Fairy\n|-supereffective|p1a: Hawlucha\n|-crit|p1a: Hawlucha\n|-damage|p1a: Hawlucha|0 fnt\n|faint|p1a: Hawlucha\n|\n|-heal|p2a: Heatran|17\/100|[from] item: Leftovers\n|upkeep\n|\n|t:|1700679121\n|switch|p1a: Pincurchin|Pincurchin, F|68\/100\n|-fieldstart|move: Electric Terrain|[from] ability: Electric Surge|[of] p1a: Pincurchin\n|turn|48\n|-message|Mobile gex fan forfeited.\n|\n|win|Something Badass\n|raw|Mobile gex fan's rating: 1423 &rarr; <strong>1409<\/strong><br \/>(-14 for losing)\n|raw|Something Badass's rating: 1525 &rarr; <strong>1539<\/strong><br \/>(+14 for winning)\n|l|\u2606Mobile gex fan\n|l|\u2606Something Badass\n|j|\u2606Something Badass\n|player|p2|Something Badass|brycen\n","uploadtime":1700679157,"views":22,"p1id":"mobilegexfan","p2id":"somethingbadass","formatid":"gen9ou","rating":1409,"private":0,"password":""}