{"id":"gen9ou-1989919102","p1":"Pierpat","p2":"Jrmoore896","format":"[Gen 9] OU","log":"|j|\u2606Pierpat\n|j|\u2606Jrmoore896\n|t:|1699906720\n|gametype|singles\n|player|p1|Pierpat|101|1435\n|player|p2|Jrmoore896|lucas-gen4pt|1483\n|teamsize|p1|6\n|teamsize|p2|6\n|gen|9\n|tier|[Gen 9] OU\n|rated|\n|rule|Sleep Clause Mod: Limit one foe put to sleep\n|rule|Species Clause: Limit one of each Pok\u00e9mon\n|rule|OHKO Clause: OHKO moves are banned\n|rule|Evasion Items Clause: Evasion items are banned\n|rule|Evasion Moves Clause: Evasion moves are banned\n|rule|Endless Battle Clause: Forcing endless battles is banned\n|rule|HP Percentage Mod: HP is shown in percentages\n|clearpoke\n|poke|p1|Politoed, M|\n|poke|p1|Greninja-*, M|\n|poke|p1|Landorus-Therian, M|\n|poke|p1|Rillaboom, M|\n|poke|p1|Basculegion, M|\n|poke|p1|Iron Jugulis|\n|poke|p2|Sneasler, M|\n|poke|p2|Rillaboom, F|\n|poke|p2|Dondozo, M|\n|poke|p2|Clodsire, M|\n|poke|p2|Great Tusk|\n|poke|p2|Enamorus, F|\n|teampreview\n|\n|t:|1699906726\n|start\n|switch|p1a: Landorus|Landorus-Therian, M|100\/100\n|switch|p2a: Clodsire|Clodsire, M, shiny|100\/100\n|-ability|p1a: Landorus|Intimidate|boost\n|-unboost|p2a: Clodsire|atk|1\n|turn|1\n|\n|t:|1699906734\n|switch|p2a: Rillaboom|Rillaboom, F|100\/100\n|-fieldstart|move: Grassy Terrain|[from] ability: Grassy Surge|[of] p2a: Rillaboom\n|move|p1a: Landorus|Sandsear Storm|p2a: Rillaboom|[miss]\n|-miss|p1a: Landorus|p2a: Rillaboom\n|\n|upkeep\n|turn|2\n|\n|t:|1699906743\n|move|p1a: Landorus|Stealth Rock|p2a: Rillaboom\n|-sidestart|p2: Jrmoore896|move: Stealth Rock\n|move|p2a: Rillaboom|U-turn|p1a: Landorus\n|-resisted|p1a: Landorus\n|-damage|p1a: Landorus|87\/100\n|-damage|p2a: Rillaboom|84\/100|[from] item: Rocky Helmet|[of] p1a: Landorus\n|\n|t:|1699906749\n|switch|p2a: Enamorus|Enamorus, F|100\/100|[from] U-turn\n|-damage|p2a: Enamorus|76\/100|[from] Stealth Rock\n|\n|upkeep\n|turn|3\n|\n|t:|1699906758\n|move|p2a: Enamorus|Moonblast|p1a: Landorus\n|-damage|p1a: Landorus|21\/100\n|-unboost|p1a: Landorus|spa|1\n|move|p1a: Landorus|Smack Down|p2a: Enamorus\n|-supereffective|p2a: Enamorus\n|-damage|p2a: Enamorus|30\/100\n|-start|p2a: Enamorus|Smack Down\n|\n|-heal|p2a: Enamorus|36\/100|[from] Grassy Terrain\n|upkeep\n|turn|4\n|\n|t:|1699906771\n|move|p2a: Enamorus|Moonblast|p1a: Landorus\n|-damage|p1a: Landorus|0 fnt\n|faint|p1a: Landorus\n|\n|-heal|p2a: Enamorus|43\/100|[from] Grassy Terrain\n|upkeep\n|\n|t:|1699906774\n|switch|p1a: Greninja|Greninja, M|100\/100\n|turn|5\n|\n|t:|1699906783\n|move|p1a: Greninja|Water Shuriken|p2a: Enamorus\n|-damage|p2a: Enamorus|30\/100\n|-damage|p2a: Enamorus|16\/100\n|-damage|p2a: Enamorus|4\/100\n|-hitcount|p2a: Enamorus|3\n|-damage|p1a: Greninja|91\/100|[from] item: Life Orb\n|move|p2a: Enamorus|Moonblast|p1a: Greninja\n|-supereffective|p1a: Greninja\n|-damage|p1a: Greninja|0 fnt\n|faint|p1a: Greninja\n|\n|-heal|p2a: Enamorus|10\/100|[from] Grassy Terrain\n|-fieldend|move: Grassy Terrain\n|upkeep\n|\n|t:|1699906794\n|switch|p1a: Basculegion|Basculegion, M, shiny|100\/100\n|turn|6\n|\n|t:|1699906803\n|switch|p2a: Rillaboom|Rillaboom, F|84\/100\n|-damage|p2a: Rillaboom|72\/100|[from] Stealth Rock\n|-fieldstart|move: Grassy Terrain|[from] ability: Grassy Surge|[of] p2a: Rillaboom\n|move|p1a: Basculegion|Aqua Jet|p2a: Rillaboom\n|-resisted|p2a: Rillaboom\n|-damage|p2a: Rillaboom|58\/100\n|\n|-heal|p2a: Rillaboom|64\/100|[from] Grassy Terrain\n|upkeep\n|turn|7\n|\n|t:|1699906820\n|switch|p1a: Politoed|Politoed, M|100\/100\n|-weather|RainDance|[from] ability: Drizzle|[of] p1a: Politoed\n|move|p2a: Rillaboom|Wood Hammer|p1a: Politoed\n|-supereffective|p1a: Politoed\n|-damage|p1a: Politoed|0 fnt\n|faint|p1a: Politoed\n|-damage|p2a: Rillaboom|32\/100|[from] Recoil\n|\n|-weather|RainDance|[upkeep]\n|-heal|p2a: Rillaboom|39\/100|[from] Grassy Terrain\n|upkeep\n|\n|t:|1699906826\n|switch|p1a: Iron Jugulis|Iron Jugulis|100\/100\n|-enditem|p1a: Iron Jugulis|Booster Energy\n|-activate|p1a: Iron Jugulis|ability: Quark Drive|[fromitem]\n|-start|p1a: Iron Jugulis|quarkdrivespe\n|turn|8\n|\n|t:|1699906840\n|switch|p2a: Clodsire|Clodsire, M, shiny|100\/100\n|-damage|p2a: Clodsire|94\/100|[from] Stealth Rock\n|move|p1a: Iron Jugulis|Hurricane|p2a: Clodsire\n|-damage|p2a: Clodsire|68\/100\n|\n|-weather|RainDance|[upkeep]\n|-heal|p2a: Clodsire|74\/100|[from] Grassy Terrain\n|-heal|p2a: Clodsire|80\/100|[from] item: Leftovers\n|upkeep\n|turn|9\n|\n|t:|1699906852\n|move|p1a: Iron Jugulis|Taunt|p2a: Clodsire\n|-start|p2a: Clodsire|move: Taunt\n|cant|p2a: Clodsire|move: Taunt|Toxic\n|\n|-weather|RainDance|[upkeep]\n|-heal|p2a: Clodsire|86\/100|[from] Grassy Terrain\n|-heal|p2a: Clodsire|93\/100|[from] item: Leftovers\n|upkeep\n|turn|10\n|\n|t:|1699906867\n|switch|p2a: Enamorus|Enamorus, F|10\/100\n|-damage|p2a: Enamorus|0 fnt|[from] Stealth Rock\n|faint|p2a: Enamorus\n|move|p1a: Iron Jugulis|Earth Power|p2: Enamorus|[notarget]\n|-fail|p1a: Iron Jugulis\n|\n|-weather|RainDance|[upkeep]\n|-fieldend|move: Grassy Terrain\n|upkeep\n|\n|t:|1699906888\n|switch|p2a: Dondozo|Dondozo, M|100\/100\n|-damage|p2a: Dondozo|88\/100|[from] Stealth Rock\n|turn|11\n|\n|t:|1699906895\n|move|p1a: Iron Jugulis|Hurricane|p2a: Dondozo\n|-damage|p2a: Dondozo|37\/100\n|move|p2a: Dondozo|Liquidation|p1a: Iron Jugulis\n|-damage|p1a: Iron Jugulis|47\/100\n|\n|-weather|RainDance|[upkeep]\n|-heal|p2a: Dondozo|43\/100|[from] item: Leftovers\n|upkeep\n|turn|12\n|\n|t:|1699906905\n|switch|p2a: Clodsire|Clodsire, M, shiny|93\/100\n|-damage|p2a: Clodsire|86\/100|[from] Stealth Rock\n|move|p1a: Iron Jugulis|Hurricane|p2a: Clodsire\n|-damage|p2a: Clodsire|55\/100\n|\n|-weather|RainDance|[upkeep]\n|-heal|p2a: Clodsire|61\/100|[from] item: Leftovers\n|upkeep\n|turn|13\n|\n|t:|1699906920\n|switch|p2a: Dondozo|Dondozo, M|43\/100\n|-damage|p2a: Dondozo|30\/100|[from] Stealth Rock\n|move|p1a: Iron Jugulis|Earth Power|p2a: Dondozo\n|-damage|p2a: Dondozo|2\/100\n|\n|-weather|RainDance|[upkeep]\n|-heal|p2a: Dondozo|8\/100|[from] item: Leftovers\n|upkeep\n|turn|14\n|\n|t:|1699906943\n|switch|p2a: Clodsire|Clodsire, M, shiny|61\/100\n|-damage|p2a: Clodsire|55\/100|[from] Stealth Rock\n|move|p1a: Iron Jugulis|Earth Power|p2a: Clodsire\n|-supereffective|p2a: Clodsire\n|-damage|p2a: Clodsire|21\/100\n|\n|-weather|none\n|-heal|p2a: Clodsire|28\/100|[from] item: Leftovers\n|upkeep\n|turn|15\n|\n|t:|1699906958\n|move|p1a: Iron Jugulis|Earth Power|p2a: Clodsire\n|-supereffective|p2a: Clodsire\n|-damage|p2a: Clodsire|0 fnt\n|faint|p2a: Clodsire\n|\n|upkeep\n|\n|t:|1699906967\n|switch|p2a: Rillaboom|Rillaboom, F|39\/100\n|-damage|p2a: Rillaboom|26\/100|[from] Stealth Rock\n|-fieldstart|move: Grassy Terrain|[from] ability: Grassy Surge|[of] p2a: Rillaboom\n|turn|16\n|\n|t:|1699906975\n|switch|p2a: Dondozo|Dondozo, M|8\/100\n|-damage|p2a: Dondozo|0 fnt|[from] Stealth Rock\n|faint|p2a: Dondozo\n|move|p1a: Iron Jugulis|Hurricane|p2: Dondozo|[notarget]\n|-fail|p1a: Iron Jugulis\n|\n|upkeep\n|\n|t:|1699906983\n|switch|p2a: Sneasler|Sneasler, M, shiny|100\/100\n|-damage|p2a: Sneasler|95\/100|[from] Stealth Rock\n|-enditem|p2a: Sneasler|Grassy Seed\n|-boost|p2a: Sneasler|def|1|[from] item: Grassy Seed\n|turn|17\n|\n|t:|1699906994\n|-terastallize|p2a: Sneasler|Flying\n|move|p2a: Sneasler|Acrobatics|p1a: Iron Jugulis\n|-damage|p1a: Iron Jugulis|0 fnt\n|faint|p1a: Iron Jugulis\n|-end|p1a: Iron Jugulis|Quark Drive|[silent]\n|\n|upkeep\n|\n|t:|1699907000\n|switch|p1a: Basculegion|Basculegion, M, shiny|100\/100\n|turn|18\n|\n|t:|1699907008\n|-terastallize|p1a: Basculegion|Water\n|move|p1a: Basculegion|Aqua Jet|p2a: Sneasler\n|-damage|p2a: Sneasler|51\/100\n|move|p2a: Sneasler|Acrobatics|p1a: Basculegion\n|-damage|p1a: Basculegion|18\/100\n|\n|-heal|p1a: Basculegion|24\/100|[from] Grassy Terrain\n|upkeep\n|turn|19\n|\n|t:|1699907018\n|move|p1a: Basculegion|Aqua Jet|p2a: Sneasler\n|-damage|p2a: Sneasler|10\/100\n|move|p2a: Sneasler|Acrobatics|p1a: Basculegion\n|-damage|p1a: Basculegion|0 fnt\n|faint|p1a: Basculegion\n|\n|upkeep\n|\n|t:|1699907023\n|switch|p1a: Rillaboom|Rillaboom, M, shiny|100\/100\n|turn|20\n|\n|t:|1699907030\n|move|p1a: Rillaboom|Grassy Glide|p2a: Sneasler\n|-resisted|p2a: Sneasler\n|-damage|p2a: Sneasler|0 fnt\n|faint|p2a: Sneasler\n|\n|-fieldend|move: Grassy Terrain\n|upkeep\n|\n|t:|1699907039\n|switch|p2a: Great Tusk|Great Tusk|100\/100\n|turn|21\n|\n|t:|1699907057\n|move|p2a: Great Tusk|Ice Spinner|p1a: Rillaboom\n|-supereffective|p1a: Rillaboom\n|-damage|p1a: Rillaboom|45\/100\n|move|p1a: Rillaboom|Grassy Glide|p2a: Great Tusk\n|-supereffective|p2a: Great Tusk\n|-damage|p2a: Great Tusk|30\/100\n|\n|upkeep\n|turn|22\n|\n|t:|1699907065\n|move|p2a: Great Tusk|Ice Spinner|p1a: Rillaboom\n|-supereffective|p1a: Rillaboom\n|-damage|p1a: Rillaboom|0 fnt\n|faint|p1a: Rillaboom\n|\n|win|Jrmoore896\n|raw|Pierpat's rating: 1435 &rarr; <strong>1416<\/strong><br \/>(-19 for losing)\n|raw|Jrmoore896's rating: 1461 &rarr; <strong>1480<\/strong><br \/>(+19 for winning)\n|l|\u2606Pierpat\n","uploadtime":1699907085,"views":10,"p1id":"pierpat","p2id":"jrmoore896","formatid":"gen9ou","rating":1416,"private":0,"password":""}