{"id":"gen9ou-1989444023","p1":"Garfigi","p2":"Songfossil","format":"[Gen 9] OU","log":"|j|\u2606Garfigi\n|j|\u2606Songfossil\n|t:|1699851336\n|gametype|singles\n|player|p1|Garfigi|101|1094\n|player|p2|Songfossil|2|1080\n|teamsize|p1|6\n|teamsize|p2|6\n|gen|9\n|tier|[Gen 9] OU\n|rated|\n|rule|Sleep Clause Mod: Limit one foe put to sleep\n|rule|Species Clause: Limit one of each Pok\u00e9mon\n|rule|OHKO Clause: OHKO moves are banned\n|rule|Evasion Items Clause: Evasion items are banned\n|rule|Evasion Moves Clause: Evasion moves are banned\n|rule|Endless Battle Clause: Forcing endless battles is banned\n|rule|HP Percentage Mod: HP is shown in percentages\n|clearpoke\n|poke|p1|Dragonite, M|\n|poke|p1|Blissey, F|\n|poke|p1|Magnezone|\n|poke|p1|Gengar, F|\n|poke|p1|Great Tusk|\n|poke|p1|Weavile, M|\n|poke|p2|Iron Moth|\n|poke|p2|Great Tusk|\n|poke|p2|Rillaboom, F|\n|poke|p2|Samurott-Hisui, M|\n|poke|p2|Enamorus-Therian, F|\n|poke|p2|Munkidori, M|\n|teampreview\n|\n|t:|1699851344\n|start\n|switch|p1a: Dragonite|Dragonite, M|100\/100\n|switch|p2a: Samurott|Samurott-Hisui, M|100\/100\n|turn|1\n|\n|t:|1699851358\n|switch|p1a: Magnezone|Magnezone|100\/100\n|move|p2a: Samurott|Flip Turn|p1a: Magnezone\n|-crit|p1a: Magnezone\n|-damage|p1a: Magnezone|53\/100\n|\n|t:|1699851363\n|switch|p2a: Iron Moth|Iron Moth|100\/100|[from] Flip Turn\n|-enditem|p2a: Iron Moth|Booster Energy\n|-activate|p2a: Iron Moth|ability: Quark Drive|[fromitem]\n|-start|p2a: Iron Moth|quarkdrivespe\n|\n|upkeep\n|turn|2\n|\n|t:|1699851387\n|move|p2a: Iron Moth|Fiery Dance|p1a: Magnezone\n|-supereffective|p1a: Magnezone\n|-damage|p1a: Magnezone|0 fnt\n|faint|p1a: Magnezone\n|\n|upkeep\n|\n|t:|1699851403\n|switch|p1a: Dragonite|Dragonite, M|100\/100\n|turn|3\n|\n|t:|1699851417\n|move|p2a: Iron Moth|Sludge Wave|p1a: Dragonite\n|-damage|p1a: Dragonite|75\/100\n|move|p1a: Dragonite|Earthquake|p2a: Iron Moth\n|-supereffective|p2a: Iron Moth\n|-damage|p2a: Iron Moth|0 fnt\n|faint|p2a: Iron Moth\n|-end|p2a: Iron Moth|Quark Drive|[silent]\n|\n|upkeep\n|\n|t:|1699851422\n|switch|p2a: Great Tusk|Great Tusk|100\/100\n|-enditem|p2a: Great Tusk|Booster Energy\n|-activate|p2a: Great Tusk|ability: Protosynthesis|[fromitem]\n|-start|p2a: Great Tusk|protosynthesisatk\n|turn|4\n|inactive|Battle timer is ON: inactive players will automatically lose when time's up. (requested by Songfossil)\n|\n|t:|1699851438\n|move|p2a: Great Tusk|Rapid Spin|p1a: Dragonite\n|-damage|p1a: Dragonite|47\/100\n|-boost|p2a: Great Tusk|spe|1\n|move|p1a: Dragonite|Earthquake|p2a: Great Tusk\n|-damage|p2a: Great Tusk|71\/100\n|\n|upkeep\n|turn|5\n|\n|t:|1699851454\n|switch|p1a: Weavile|Weavile, M|100\/100\n|-ability|p1a: Weavile|Pressure\n|move|p2a: Great Tusk|Ice Spinner|p1a: Weavile\n|-resisted|p1a: Weavile\n|-damage|p1a: Weavile|68\/100\n|\n|upkeep\n|turn|6\n|\n|t:|1699851471\n|move|p1a: Weavile|Icicle Crash|p2a: Great Tusk\n|-supereffective|p2a: Great Tusk\n|-damage|p2a: Great Tusk|1\/100\n|move|p2a: Great Tusk|Earthquake|p1a: Weavile\n|-damage|p1a: Weavile|0 fnt\n|faint|p1a: Weavile\n|\n|upkeep\n|inactive|Garfigi has 120 seconds left.\n|\n|t:|1699851503\n|switch|p1a: Great Tusk|Great Tusk|100\/100\n|turn|7\n|inactive|Garfigi has 120 seconds left.\n|inactive|Songfossil has 120 seconds left.\n|\n|t:|1699851555\n|move|p2a: Great Tusk|Ice Spinner|p1a: Great Tusk\n|-supereffective|p1a: Great Tusk\n|-damage|p1a: Great Tusk|57\/100\n|move|p1a: Great Tusk|Body Slam|p2a: Great Tusk\n|-damage|p2a: Great Tusk|0 fnt\n|faint|p2a: Great Tusk\n|-end|p2a: Great Tusk|Protosynthesis|[silent]\n|\n|upkeep\n|inactive|Songfossil has 90 seconds left.\n|\n|t:|1699851571\n|switch|p2a: Munkidori|Munkidori, M|100\/100\n|turn|8\n|\n|t:|1699851578\n|move|p2a: Munkidori|Psychic|p1a: Great Tusk\n|-supereffective|p1a: Great Tusk\n|-damage|p1a: Great Tusk|0 fnt\n|faint|p1a: Great Tusk\n|-end|p1a: Great Tusk|Protosynthesis|[silent]\n|\n|upkeep\n|\n|t:|1699851587\n|switch|p1a: Gengar|Gengar, F|100\/100\n|turn|9\n|\n|t:|1699851601\n|move|p2a: Munkidori|Psychic|p1a: Gengar\n|-supereffective|p1a: Gengar\n|-enditem|p1a: Gengar|Focus Sash\n|-damage|p1a: Gengar|1\/100\n|move|p1a: Gengar|Shadow Ball|p2a: Munkidori\n|-supereffective|p2a: Munkidori\n|-damage|p2a: Munkidori|0 fnt\n|faint|p2a: Munkidori\n|\n|upkeep\n|\n|t:|1699851607\n|switch|p2a: Samurott|Samurott-Hisui, M|100\/100\n|turn|10\n|\n|t:|1699851619\n|move|p2a: Samurott|Ceaseless Edge|p1a: Gengar\n|-supereffective|p1a: Gengar\n|-damage|p1a: Gengar|0 fnt\n|-sidestart|p1: Garfigi|Spikes\n|faint|p1a: Gengar\n|\n|upkeep\n|\n|t:|1699851631\n|switch|p1a: Blissey|Blissey, F|100\/100\n|-damage|p1a: Blissey|88\/100|[from] Spikes\n|turn|11\n|inactive|Songfossil has 120 seconds left.\n|\n|t:|1699851648\n|move|p2a: Samurott|Ceaseless Edge|p1a: Blissey\n|-damage|p1a: Blissey|0 fnt\n|-sidestart|p1: Garfigi|Spikes\n|faint|p1a: Blissey\n|\n|upkeep\n|\n|t:|1699851654\n|switch|p1a: Dragonite|Dragonite, M|47\/100\n|turn|12\n|\n|t:|1699851661\n|move|p2a: Samurott|Ceaseless Edge|p1a: Dragonite\n|-damage|p1a: Dragonite|0 fnt\n|-sidestart|p1: Garfigi|Spikes\n|faint|p1a: Dragonite\n|\n|win|Songfossil\n|raw|Garfigi's rating: 1094 &rarr; <strong>1073<\/strong><br \/>(-21 for losing)\n|raw|Songfossil's rating: 1132 &rarr; <strong>1154<\/strong><br \/>(+22 for winning)\n","uploadtime":1699851666,"views":13,"p1id":"garfigi","p2id":"songfossil","formatid":"gen9ou","rating":1073,"private":0,"password":""}