{"id":"gen9ou-1988658244","p1":"HermitKrabs","p2":"Lord yottachad","format":"[Gen 9] OU","log":"|j|\u2606HermitKrabs\n|j|\u2606Lord yottachad\n|t:|1699747168\n|gametype|singles\n|player|p1|HermitKrabs|waitress-gen4|1076\n|player|p2|Lord yottachad|hiker-gen4|1101\n|teamsize|p1|6\n|teamsize|p2|6\n|gen|9\n|tier|[Gen 9] OU\n|rated|\n|rule|Sleep Clause Mod: Limit one foe put to sleep\n|rule|Species Clause: Limit one of each Pok\u00e9mon\n|rule|OHKO Clause: OHKO moves are banned\n|rule|Evasion Items Clause: Evasion items are banned\n|rule|Evasion Moves Clause: Evasion moves are banned\n|rule|Endless Battle Clause: Forcing endless battles is banned\n|rule|HP Percentage Mod: HP is shown in percentages\n|clearpoke\n|poke|p1|Greninja-*, M|\n|poke|p1|Ting-Lu|\n|poke|p1|Zapdos|\n|poke|p1|Pelipper, M|\n|poke|p1|Samurott-Hisui, M|\n|poke|p1|Great Tusk|\n|poke|p2|Talonflame, M|\n|poke|p2|Tornadus-Therian, M|\n|poke|p2|Great Tusk|\n|poke|p2|Snorlax, M|\n|poke|p2|Hoopa-Unbound|\n|poke|p2|Bruxish, F|\n|teampreview\n|\n|t:|1699747171\n|start\n|switch|p1a: Pelipper|Pelipper, M|100\/100\n|switch|p2a: Bruxish|Bruxish, F|100\/100\n|-weather|RainDance|[from] ability: Drizzle|[of] p1a: Pelipper\n|turn|1\n|inactive|Battle timer is ON: inactive players will automatically lose when time's up. (requested by Lord yottachad)\n|\n|t:|1699747178\n|move|p2a: Bruxish|Psychic Fangs|p1a: Pelipper\n|-damage|p1a: Pelipper|53\/100\n|move|p1a: Pelipper|U-turn|p2a: Bruxish\n|-supereffective|p2a: Bruxish\n|-damage|p2a: Bruxish|67\/100\n|\n|t:|1699747186\n|switch|p1a: Greninja|Greninja, M|100\/100|[from] U-turn\n|\n|-weather|RainDance|[upkeep]\n|upkeep\n|turn|2\n|\n|t:|1699747191\n|switch|p2a: Tornadus|Tornadus-Therian, M|100\/100\n|move|p1a: Greninja|Dark Pulse|p2a: Tornadus\n|-damage|p2a: Tornadus|48\/100\n|-damage|p1a: Greninja|91\/100|[from] item: Life Orb\n|\n|-weather|RainDance|[upkeep]\n|upkeep\n|turn|3\n|\n|t:|1699747202\n|switch|p2a: Snorlax|Snorlax, M|100\/100\n|move|p1a: Greninja|Ice Beam|p2a: Snorlax\n|-damage|p2a: Snorlax|89\/100\n|-damage|p1a: Greninja|81\/100|[from] item: Life Orb\n|\n|-weather|RainDance|[upkeep]\n|upkeep\n|turn|4\n|\n|t:|1699747209\n|-terastallize|p1a: Greninja|Water\n|move|p1a: Greninja|Liquidation|p2a: Snorlax\n|-damage|p2a: Snorlax|31\/100\n|-damage|p1a: Greninja|71\/100|[from] item: Life Orb\n|move|p2a: Snorlax|Body Slam|p1a: Greninja\n|-damage|p1a: Greninja|10\/100\n|\n|-weather|RainDance|[upkeep]\n|upkeep\n|turn|5\n|\n|t:|1699747219\n|switch|p2a: Tornadus|Tornadus-Therian, M|82\/100\n|move|p1a: Greninja|Liquidation|p2a: Tornadus\n|-crit|p2a: Tornadus\n|-damage|p2a: Tornadus|0 fnt\n|-damage|p1a: Greninja|0 fnt|[from] item: Rocky Helmet|[of] p2a: Tornadus\n|faint|p2a: Tornadus\n|faint|p1a: Greninja\n|\n|-weather|RainDance|[upkeep]\n|upkeep\n|\n|t:|1699747230\n|switch|p1a: Samurott|Samurott-Hisui, M|100\/100\n|switch|p2a: Hoopa|Hoopa-Unbound|100\/100\n|turn|6\n|\n|t:|1699747235\n|move|p1a: Samurott|Swords Dance|p1a: Samurott\n|-boost|p1a: Samurott|atk|2\n|move|p2a: Hoopa|Drain Punch|p1a: Samurott\n|-supereffective|p1a: Samurott\n|-damage|p1a: Samurott|22\/100\n|-item|p2a: Hoopa|Mystic Water|[from] ability: Magician|[of] p1a: Samurott\n|\n|-weather|RainDance|[upkeep]\n|upkeep\n|turn|7\n|\n|t:|1699747243\n|move|p1a: Samurott|Ceaseless Edge|p2a: Hoopa\n|-damage|p2a: Hoopa|0 fnt\n|-sidestart|p2: Lord yottachad|Spikes\n|faint|p2a: Hoopa\n|\n|-weather|RainDance|[upkeep]\n|upkeep\n|\n|t:|1699747247\n|switch|p2a: Bruxish|Bruxish, F|67\/100\n|-damage|p2a: Bruxish|54\/100|[from] Spikes\n|turn|8\n|\n|t:|1699747253\n|move|p2a: Bruxish|Aqua Jet|p1a: Samurott\n|-resisted|p1a: Samurott\n|-damage|p1a: Samurott|3\/100\n|move|p1a: Samurott|Ceaseless Edge|p2a: Bruxish\n|-supereffective|p2a: Bruxish\n|-damage|p2a: Bruxish|0 fnt\n|-sidestart|p2: Lord yottachad|Spikes\n|faint|p2a: Bruxish\n|\n|-weather|none\n|upkeep\n|-message|Lord yottachad forfeited.\n|\n|win|HermitKrabs\n|raw|HermitKrabs's rating: 1076 &rarr; <strong>1107<\/strong><br \/>(+31 for winning)\n|raw|Lord yottachad's rating: 1101 &rarr; <strong>1074<\/strong><br \/>(-27 for losing)\n|l|\u2606Lord yottachad\n","uploadtime":1699747266,"views":25,"p1id":"hermitkrabs","p2id":"lordyottachad","formatid":"gen9ou","rating":1074,"private":0,"password":""}