{"id":"gen9ou-1995589362","p1":"ChillLanturnYT","p2":"Machspeed20","format":"[Gen 9] OU","log":"|j|\u2606ChillLanturnYT\n|j|\u2606Machspeed20\n|t:|1700585432\n|gametype|singles\n|player|p1|ChillLanturnYT|palmer|1189\n|player|p2|Machspeed20|lance|1284\n|teamsize|p1|6\n|teamsize|p2|6\n|gen|9\n|tier|[Gen 9] OU\n|rated|\n|rule|Sleep Clause Mod: Limit one foe put to sleep\n|rule|Species Clause: Limit one of each Pok\u00e9mon\n|rule|OHKO Clause: OHKO moves are banned\n|rule|Evasion Items Clause: Evasion items are banned\n|rule|Evasion Moves Clause: Evasion moves are banned\n|rule|Endless Battle Clause: Forcing endless battles is banned\n|rule|HP Percentage Mod: HP is shown in percentages\n|clearpoke\n|poke|p1|Empoleon, M|\n|poke|p1|Milotic, F|\n|poke|p1|Primeape, F|\n|poke|p1|Great Tusk|\n|poke|p1|Lurantis, F|\n|poke|p1|Goodra-Hisui, F|\n|poke|p2|Weavile, M|\n|poke|p2|Moltres|\n|poke|p2|Ogerpon-Wellspring, F|\n|poke|p2|Dragonite, F|\n|poke|p2|Great Tusk|\n|poke|p2|Gholdengo|\n|teampreview\n|inactive|Battle timer is ON: inactive players will automatically lose when time's up. (requested by Machspeed20)\n|\n|t:|1700585439\n|start\n|switch|p1a: Primeape|Primeape, F|100\/100\n|switch|p2a: lllREDACTEDlll|Ogerpon-Wellspring, F|100\/100\n|turn|1\n|\n|t:|1700585453\n|move|p1a: Primeape|Close Combat|p2a: lllREDACTEDlll\n|-damage|p2a: lllREDACTEDlll|29\/100\n|-unboost|p1a: Primeape|def|1\n|-unboost|p1a: Primeape|spd|1\n|move|p2a: lllREDACTEDlll|U-turn|p1a: Primeape\n|-resisted|p1a: Primeape\n|-damage|p1a: Primeape|63\/100\n|\n|t:|1700585459\n|switch|p2a: RUBBBER CHICKEN|Moltres, shiny|100\/100|[from] U-turn\n|\n|upkeep\n|turn|2\n|\n|t:|1700585467\n|switch|p1a: Goodra|Goodra-Hisui, F|100\/100\n|move|p2a: RUBBBER CHICKEN|Flamethrower|p1a: Goodra\n|-damage|p1a: Goodra|77\/100\n|\n|-heal|p1a: Goodra|83\/100|[from] item: Leftovers\n|upkeep\n|turn|3\n|\n|t:|1700585474\n|move|p2a: RUBBBER CHICKEN|U-turn|p1a: Goodra\n|-resisted|p1a: Goodra\n|-damage|p1a: Goodra|76\/100\n|\n|t:|1700585481\n|switch|p2a: NO HAZARDS|Gholdengo|100\/100|[from] U-turn\n|move|p1a: Goodra|Shelter|p1a: Goodra\n|-boost|p1a: Goodra|def|2\n|\n|-heal|p1a: Goodra|82\/100|[from] item: Leftovers\n|upkeep\n|turn|4\n|\n|t:|1700585486\n|move|p2a: NO HAZARDS|Focus Blast|p1a: Goodra\n|-supereffective|p1a: Goodra\n|-damage|p1a: Goodra|21\/100\n|move|p1a: Goodra|Dragon Tail|p2a: NO HAZARDS|[miss]\n|-miss|p1a: Goodra|p2a: NO HAZARDS\n|\n|-heal|p1a: Goodra|27\/100|[from] item: Leftovers\n|upkeep\n|turn|5\n|\n|t:|1700585494\n|move|p2a: NO HAZARDS|Focus Blast|p1a: Goodra\n|-supereffective|p1a: Goodra\n|-damage|p1a: Goodra|0 fnt\n|faint|p1a: Goodra\n|\n|upkeep\n|\n|t:|1700585506\n|switch|p1a: Great Tusk|Great Tusk|100\/100\n|turn|6\n|\n|t:|1700585513\n|switch|p2a: RUBBBER CHICKEN|Moltres, shiny|100\/100\n|move|p1a: Great Tusk|Rapid Spin|p2a: RUBBBER CHICKEN\n|-damage|p2a: RUBBBER CHICKEN|89\/100\n|-boost|p1a: Great Tusk|spe|1\n|\n|upkeep\n|turn|7\n|\n|t:|1700585520\n|-end|p1a: Great Tusk|Protosynthesis|[silent]\n|switch|p1a: Empoleon|Empoleon, M|100\/100\n|move|p2a: RUBBBER CHICKEN|Will-O-Wisp|p1a: Empoleon\n|-status|p1a: Empoleon|brn\n|\n|-damage|p1a: Empoleon|94\/100 brn|[from] brn\n|upkeep\n|turn|8\n|\n|t:|1700585528\n|move|p2a: RUBBBER CHICKEN|U-turn|p1a: Empoleon\n|-resisted|p1a: Empoleon\n|-crit|p1a: Empoleon\n|-damage|p1a: Empoleon|84\/100 brn\n|\n|t:|1700585530\n|switch|p2a: lllREDACTEDlll|Ogerpon-Wellspring, F|29\/100|[from] U-turn\n|move|p1a: Empoleon|Surf|p2a: lllREDACTEDlll\n|-heal|p2a: lllREDACTEDlll|54\/100|[from] ability: Water Absorb|[of] p1a: Empoleon\n|\n|-heal|p1a: Empoleon|90\/100 brn|[from] item: Leftovers\n|-damage|p1a: Empoleon|84\/100 brn|[from] brn\n|upkeep\n|turn|9\n|\n|t:|1700585540\n|switch|p1a: Lurantis|Lurantis, F|100\/100\n|move|p2a: lllREDACTEDlll|Horn Leech|p1a: Lurantis\n|-resisted|p1a: Lurantis\n|-damage|p1a: Lurantis|78\/100\n|-heal|p2a: lllREDACTEDlll|67\/100|[from] drain|[of] p1a: Lurantis\n|\n|upkeep\n|turn|10\n|\n|t:|1700585546\n|move|p2a: lllREDACTEDlll|U-turn|p1a: Lurantis\n|-supereffective|p1a: Lurantis\n|-damage|p1a: Lurantis|14\/100\n|\n|t:|1700585552\n|switch|p2a: Overlooked|Weavile, M|100\/100|[from] U-turn\n|-ability|p2a: Overlooked|Pressure\n|move|p1a: Lurantis|Leaf Storm|p2a: Overlooked\n|-damage|p2a: Overlooked|46\/100\n|-boost|p1a: Lurantis|spa|2\n|\n|upkeep\n|turn|11\n|\n|t:|1700585559\n|move|p2a: Overlooked|Ice Shard|p1a: Lurantis\n|-supereffective|p1a: Lurantis\n|-damage|p1a: Lurantis|0 fnt\n|faint|p1a: Lurantis\n|-damage|p2a: Overlooked|36\/100|[from] item: Life Orb\n|\n|upkeep\n|\n|t:|1700585562\n|switch|p1a: Empoleon|Empoleon, M|84\/100 brn\n|turn|12\n|\n|t:|1700585568\n|switch|p2a: lllREDACTEDlll|Ogerpon-Wellspring, F|67\/100\n|move|p1a: Empoleon|Ice Beam|p2a: lllREDACTEDlll\n|-damage|p2a: lllREDACTEDlll|31\/100\n|-status|p2a: lllREDACTEDlll|frz\n|\n|-heal|p1a: Empoleon|90\/100 brn|[from] item: Leftovers\n|-damage|p1a: Empoleon|84\/100 brn|[from] brn\n|upkeep\n|turn|13\n|\n|t:|1700585576\n|cant|p2a: lllREDACTEDlll|frz\n|move|p1a: Empoleon|Ice Beam|p2a: lllREDACTEDlll\n|-damage|p2a: lllREDACTEDlll|0 fnt\n|faint|p2a: lllREDACTEDlll\n|\n|-heal|p1a: Empoleon|90\/100 brn|[from] item: Leftovers\n|-damage|p1a: Empoleon|84\/100 brn|[from] brn\n|upkeep\n|\n|t:|1700585586\n|switch|p2a: BROKEN|Dragonite, F|100\/100\n|turn|14\n|\n|t:|1700585591\n|-terastallize|p2a: BROKEN|Ground\n|move|p2a: BROKEN|Dragon Dance|p2a: BROKEN\n|-boost|p2a: BROKEN|atk|1\n|-boost|p2a: BROKEN|spe|1\n|move|p1a: Empoleon|Ice Beam|p2a: BROKEN\n|-supereffective|p2a: BROKEN\n|-damage|p2a: BROKEN|69\/100\n|-status|p2a: BROKEN|frz\n|-enditem|p2a: BROKEN|Weakness Policy\n|-boost|p2a: BROKEN|atk|2|[from] item: Weakness Policy\n|-boost|p2a: BROKEN|spa|2|[from] item: Weakness Policy\n|\n|-heal|p1a: Empoleon|90\/100 brn|[from] item: Leftovers\n|-damage|p1a: Empoleon|84\/100 brn|[from] brn\n|upkeep\n|turn|15\n|c|\u2606ChillLanturnYT|Wow! 2 freezes!\n|c|\u2606Machspeed20|all around me are familiar faces\n|\n|t:|1700585613\n|cant|p2a: BROKEN|frz\n|move|p1a: Empoleon|Surf|p2a: BROKEN\n|-supereffective|p2a: BROKEN\n|-damage|p2a: BROKEN|0 fnt\n|faint|p2a: BROKEN\n|\n|-heal|p1a: Empoleon|90\/100 brn|[from] item: Leftovers\n|-damage|p1a: Empoleon|84\/100 brn|[from] brn\n|upkeep\n|\n|t:|1700585617\n|switch|p2a: Overlooked|Weavile, M|36\/100\n|-ability|p2a: Overlooked|Pressure\n|turn|16\n|c|\u2606ChillLanturnYT|Hurt\n|\n|t:|1700585626\n|move|p2a: Overlooked|Brick Break|p1a: Empoleon\n|-supereffective|p1a: Empoleon\n|-damage|p1a: Empoleon|16\/100 brn\n|-damage|p2a: Overlooked|26\/100|[from] item: Life Orb\n|move|p1a: Empoleon|Surf|p2a: Overlooked\n|-damage|p2a: Overlooked|0 fnt\n|faint|p2a: Overlooked\n|\n|-heal|p1a: Empoleon|23\/100 brn|[from] item: Leftovers\n|-damage|p1a: Empoleon|16\/100 brn|[from] brn\n|upkeep\n|\n|t:|1700585637\n|switch|p2a: E|Great Tusk|100\/100\n|turn|17\n|\n|t:|1700585645\n|move|p2a: E|Rapid Spin|p1a: Empoleon\n|-resisted|p1a: Empoleon\n|-damage|p1a: Empoleon|6\/100 brn\n|-boost|p2a: E|spe|1\n|move|p1a: Empoleon|Surf|p2a: E\n|-supereffective|p2a: E\n|-damage|p2a: E|24\/100\n|\n|-heal|p1a: Empoleon|13\/100 brn|[from] item: Leftovers\n|-damage|p1a: Empoleon|6\/100 brn|[from] brn\n|upkeep\n|turn|18\n|\n|t:|1700585649\n|move|p2a: E|Knock Off|p1a: Empoleon\n|-damage|p1a: Empoleon|0 fnt\n|-enditem|p1a: Empoleon|Leftovers|[from] move: Knock Off|[of] p2a: E\n|faint|p1a: Empoleon\n|\n|upkeep\n|\n|t:|1700585653\n|switch|p1a: Primeape|Primeape, F|63\/100\n|turn|19\n|\n|t:|1700585657\n|move|p1a: Primeape|Close Combat|p2a: E\n|-damage|p2a: E|0 fnt\n|-unboost|p1a: Primeape|def|1\n|-unboost|p1a: Primeape|spd|1\n|faint|p2a: E\n|-end|p2a: E|Protosynthesis|[silent]\n|\n|upkeep\n|\n|t:|1700585661\n|switch|p2a: RUBBBER CHICKEN|Moltres, shiny|89\/100\n|turn|20\n|\n|t:|1700585666\n|switch|p1a: Milotic|Milotic, F|100\/100\n|move|p2a: RUBBBER CHICKEN|Hurricane|p1a: Milotic\n|-damage|p1a: Milotic|73\/100\n|\n|-heal|p1a: Milotic|79\/100|[from] item: Leftovers\n|upkeep\n|turn|21\n|\n|t:|1700585672\n|switch|p2a: NO HAZARDS|Gholdengo|100\/100\n|move|p1a: Milotic|Coil|p1a: Milotic\n|-boost|p1a: Milotic|atk|1\n|-boost|p1a: Milotic|def|1\n|-boost|p1a: Milotic|accuracy|1\n|\n|-heal|p1a: Milotic|85\/100|[from] item: Leftovers\n|upkeep\n|turn|22\n|\n|t:|1700585678\n|move|p2a: NO HAZARDS|Thunder|p1a: Milotic\n|-supereffective|p1a: Milotic\n|-damage|p1a: Milotic|35\/100\n|-status|p1a: Milotic|par\n|move|p1a: Milotic|Coil|p1a: Milotic\n|-boost|p1a: Milotic|atk|1\n|-boost|p1a: Milotic|def|1\n|-boost|p1a: Milotic|accuracy|1\n|\n|-heal|p1a: Milotic|41\/100 par|[from] item: Leftovers\n|upkeep\n|turn|23\n|\n|t:|1700585683\n|move|p2a: NO HAZARDS|Thunder|p1a: Milotic\n|-supereffective|p1a: Milotic\n|-damage|p1a: Milotic|0 fnt\n|faint|p1a: Milotic\n|\n|upkeep\n|c|\u2606ChillLanturnYT|Is that wide lens?\n|c|\u2606Machspeed20|no\n|c|\u2606Machspeed20|assault vest\n|inactive|ChillLanturnYT has 120 seconds left.\n|c|\u2606Machspeed20|good idea though\n|c|\u2606ChillLanturnYT|I mean I got 2 freezes so can\u2019t complain that you 2 focus blasts and 2 thunders \ud83d\ude02\n|\n|t:|1700585739\n|switch|p1a: Great Tusk|Great Tusk|100\/100\n|turn|24\n|\n|t:|1700585746\n|move|p1a: Great Tusk|Knock Off|p2a: NO HAZARDS\n|-supereffective|p2a: NO HAZARDS\n|-damage|p2a: NO HAZARDS|26\/100\n|-enditem|p2a: NO HAZARDS|Assault Vest|[from] move: Knock Off|[of] p1a: Great Tusk\n|move|p2a: NO HAZARDS|Shadow Ball|p1a: Great Tusk\n|-damage|p1a: Great Tusk|31\/100\n|\n|upkeep\n|turn|25\n|\n|t:|1700585754\n|move|p1a: Great Tusk|Knock Off|p2a: NO HAZARDS\n|-supereffective|p2a: NO HAZARDS\n|-damage|p2a: NO HAZARDS|0 fnt\n|faint|p2a: NO HAZARDS\n|\n|upkeep\n|\n|t:|1700585757\n|switch|p2a: RUBBBER CHICKEN|Moltres, shiny|89\/100\n|turn|26\n|\n|t:|1700585762\n|move|p1a: Great Tusk|Knock Off|p2a: RUBBBER CHICKEN\n|-damage|p2a: RUBBBER CHICKEN|64\/100\n|-enditem|p2a: RUBBBER CHICKEN|Heavy-Duty Boots|[from] move: Knock Off|[of] p1a: Great Tusk\n|move|p2a: RUBBBER CHICKEN|Hurricane|p1a: Great Tusk\n|-supereffective|p1a: Great Tusk\n|-damage|p1a: Great Tusk|0 fnt\n|faint|p1a: Great Tusk\n|-end|p1a: Great Tusk|Protosynthesis|[silent]\n|\n|upkeep\n|inactive|ChillLanturnYT has 120 seconds left.\n|\n|t:|1700585769\n|switch|p1a: Primeape|Primeape, F|63\/100\n|turn|27\n|\n|t:|1700585772\n|move|p1a: Primeape|Thunder Punch|p2a: RUBBBER CHICKEN\n|-supereffective|p2a: RUBBBER CHICKEN\n|-damage|p2a: RUBBBER CHICKEN|32\/100\n|move|p2a: RUBBBER CHICKEN|Hurricane|p1a: Primeape\n|-supereffective|p1a: Primeape\n|-damage|p1a: Primeape|0 fnt\n|faint|p1a: Primeape\n|\n|win|Machspeed20\n|raw|ChillLanturnYT's rating: 1189 &rarr; <strong>1171<\/strong><br \/>(-18 for losing)\n|raw|Machspeed20's rating: 1284 &rarr; <strong>1302<\/strong><br \/>(+18 for winning)\n|c|\u2606Machspeed20|gg\n|c|\u2606ChillLanturnYT|Gg :)\n|l|\u2606Machspeed20\n","uploadtime":1700585788,"views":5,"p1id":"chilllanturnyt","p2id":"machspeed20","formatid":"gen9ou","rating":1171,"private":0,"password":""}