{"id":"gen9ou-1998248792","p1":"SonettoVertin","p2":"Yankiken","format":"[Gen 9] OU","log":"|j|\u2606SonettoVertin\n|j|\u2606Yankiken\n|t:|1700919621\n|gametype|singles\n|player|p1|SonettoVertin|170|\n|player|p2|Yankiken|lady-gen4|\n|teamsize|p1|6\n|teamsize|p2|6\n|gen|9\n|tier|[Gen 9] OU\n|rule|Sleep Clause Mod: Limit one foe put to sleep\n|rule|Species Clause: Limit one of each Pok\u00e9mon\n|rule|OHKO Clause: OHKO moves are banned\n|rule|Evasion Items Clause: Evasion items are banned\n|rule|Evasion Moves Clause: Evasion moves are banned\n|rule|Endless Battle Clause: Forcing endless battles is banned\n|rule|HP Percentage Mod: HP is shown in percentages\n|clearpoke\n|poke|p1|Kingambit, M|\n|poke|p1|Moltres|\n|poke|p1|Tornadus, M|\n|poke|p1|Electrode-Hisui|\n|poke|p1|Naclstack, F|\n|poke|p1|Ditto|\n|poke|p2|Gyarados, F|\n|poke|p2|Heatran, M|\n|poke|p2|Vikavolt, M|\n|poke|p2|Mismagius, M|\n|poke|p2|Tauros-Paldea-Blaze, M|\n|poke|p2|Mamoswine, F|\n|teampreview\n|\n|t:|1700919667\n|start\n|switch|p1a: Naclstack|Naclstack, F|100\/100\n|switch|p2a: Vikavolt|Vikavolt, M|100\/100\n|turn|1\n|\n|t:|1700919676\n|move|p2a: Vikavolt|Energy Ball|p1a: Naclstack\n|-supereffective|p1a: Naclstack\n|-damage|p1a: Naclstack|22\/100\n|move|p1a: Naclstack|Stealth Rock|p2a: Vikavolt\n|-sidestart|p2: Yankiken|move: Stealth Rock\n|\n|upkeep\n|turn|2\n|\n|t:|1700919696\n|move|p2a: Vikavolt|Thunderbolt|p1a: Naclstack\n|-damage|p1a: Naclstack|0 fnt\n|faint|p1a: Naclstack\n|\n|upkeep\n|\n|t:|1700919702\n|switch|p1a: Tornadus|Tornadus, M|100\/100\n|turn|3\n|\n|t:|1700919706\n|move|p1a: Tornadus|Substitute|p1a: Tornadus\n|-start|p1a: Tornadus|Substitute\n|-damage|p1a: Tornadus|75\/100\n|move|p2a: Vikavolt|Sticky Web|p1a: Tornadus\n|-sidestart|p1: SonettoVertin|move: Sticky Web\n|\n|upkeep\n|turn|4\n|\n|t:|1700919711\n|move|p1a: Tornadus|Bulk Up|p1a: Tornadus\n|-boost|p1a: Tornadus|atk|1\n|-boost|p1a: Tornadus|def|1\n|move|p2a: Vikavolt|Thunderbolt|p1a: Tornadus\n|-supereffective|p1a: Tornadus\n|-end|p1a: Tornadus|Substitute\n|\n|upkeep\n|turn|5\n|\n|t:|1700919717\n|move|p1a: Tornadus|Substitute|p1a: Tornadus\n|-start|p1a: Tornadus|Substitute\n|-damage|p1a: Tornadus|50\/100\n|move|p2a: Vikavolt|Thunderbolt|p1a: Tornadus\n|-supereffective|p1a: Tornadus\n|-end|p1a: Tornadus|Substitute\n|\n|upkeep\n|turn|6\n|\n|t:|1700919723\n|move|p1a: Tornadus|Acrobatics|p2a: Vikavolt\n|-damage|p2a: Vikavolt|62\/100\n|move|p2a: Vikavolt|Bug Buzz|p1a: Tornadus\n|-resisted|p1a: Tornadus\n|-damage|p1a: Tornadus|15\/100\n|-enditem|p1a: Tornadus|Liechi Berry|[eat]\n|-boost|p1a: Tornadus|atk|1|[from] item: Liechi Berry\n|\n|upkeep\n|turn|7\n|\n|t:|1700919733\n|move|p1a: Tornadus|Acrobatics|p2a: Vikavolt\n|-damage|p2a: Vikavolt|0 fnt\n|faint|p2a: Vikavolt\n|\n|upkeep\n|\n|t:|1700919745\n|switch|p2a: Mamoswine|Mamoswine, F|100\/100\n|-damage|p2a: Mamoswine|88\/100|[from] Stealth Rock\n|turn|8\n|\n|t:|1700919771\n|move|p2a: Mamoswine|Ice Shard|p1a: Tornadus\n|-supereffective|p1a: Tornadus\n|-crit|p1a: Tornadus\n|-damage|p1a: Tornadus|0 fnt\n|faint|p1a: Tornadus\n|\n|upkeep\n|\n|t:|1700919794\n|switch|p1a: Electrode|Electrode-Hisui|100\/100\n|-activate|p1a: Electrode|move: Sticky Web\n|-unboost|p1a: Electrode|spe|1\n|turn|9\n|\n|t:|1700919807\n|move|p2a: Mamoswine|Ice Shard|p1a: Electrode\n|-supereffective|p1a: Electrode\n|-damage|p1a: Electrode|26\/100\n|move|p1a: Electrode|Leaf Storm|p2a: Mamoswine\n|-supereffective|p2a: Mamoswine\n|-damage|p2a: Mamoswine|0 fnt\n|-unboost|p1a: Electrode|spa|2\n|faint|p2a: Mamoswine\n|\n|-heal|p1a: Electrode|32\/100|[from] item: Leftovers\n|upkeep\n|\n|t:|1700919817\n|switch|p2a: Gyarados|Gyarados, F|100\/100\n|-damage|p2a: Gyarados|76\/100|[from] Stealth Rock\n|turn|10\n|\n|t:|1700919827\n|move|p2a: Gyarados|Waterfall|p1a: Electrode\n|-resisted|p1a: Electrode\n|-damage|p1a: Electrode|0 fnt\n|faint|p1a: Electrode\n|-ability|p2a: Gyarados|Moxie|boost\n|-boost|p2a: Gyarados|atk|1\n|\n|-heal|p2a: Gyarados|82\/100|[from] item: Leftovers\n|upkeep\n|\n|t:|1700919836\n|switch|p1a: Moltres|Moltres|100\/100\n|turn|11\n|\n|t:|1700919840\n|move|p2a: Gyarados|Substitute|p2a: Gyarados\n|-start|p2a: Gyarados|Substitute\n|-damage|p2a: Gyarados|57\/100\n|move|p1a: Moltres|Will-O-Wisp||[still]\n|-fail|p1a: Moltres\n|\n|-heal|p2a: Gyarados|63\/100|[from] item: Leftovers\n|upkeep\n|turn|12\n|\n|t:|1700919843\n|move|p2a: Gyarados|Waterfall|p1a: Moltres\n|-supereffective|p1a: Moltres\n|-damage|p1a: Moltres|24\/100\n|move|p1a: Moltres|Flamethrower|p2a: Gyarados\n|-resisted|p2a: Gyarados\n|-activate|p2a: Gyarados|move: Substitute|[damage]\n|\n|-heal|p2a: Gyarados|69\/100|[from] item: Leftovers\n|upkeep\n|turn|13\n|\n|t:|1700919849\n|move|p2a: Gyarados|Waterfall|p1a: Moltres\n|-supereffective|p1a: Moltres\n|-damage|p1a: Moltres|0 fnt\n|faint|p1a: Moltres\n|-ability|p2a: Gyarados|Moxie|boost\n|-boost|p2a: Gyarados|atk|1\n|\n|-heal|p2a: Gyarados|75\/100|[from] item: Leftovers\n|upkeep\n|\n|t:|1700919852\n|switch|p1a: Kingambit|Kingambit, M|100\/100\n|-activate|p1a: Kingambit|move: Sticky Web\n|-unboost|p1a: Kingambit|spe|1\n|-activate|p1a: Kingambit|ability: Supreme Overlord\n|-start|p1a: Kingambit|fallen4|[silent]\n|turn|14\n|\n|t:|1700919872\n|move|p2a: Gyarados|Earthquake|p1a: Kingambit\n|-supereffective|p1a: Kingambit\n|-damage|p1a: Kingambit|0 fnt\n|faint|p1a: Kingambit\n|-end|p1a: Kingambit|fallen4|[silent]\n|-ability|p2a: Gyarados|Moxie|boost\n|-boost|p2a: Gyarados|atk|1\n|\n|-heal|p2a: Gyarados|81\/100|[from] item: Leftovers\n|upkeep\n|\n|t:|1700919875\n|switch|p1a: Ditto|Ditto|100\/100\n|-activate|p1a: Ditto|move: Sticky Web\n|-unboost|p1a: Ditto|spe|1\n|turn|15\n|\n|t:|1700919879\n|move|p2a: Gyarados|Waterfall|p1a: Ditto\n|-damage|p1a: Ditto|0 fnt\n|faint|p1a: Ditto\n|\n|win|Yankiken\n|player|p2|Yankiken|lady-gen4\n","uploadtime":1700919897,"views":18,"p1id":"sonettovertin","p2id":"yankiken","formatid":"gen9ou","rating":0,"private":0,"password":""}