{"id":"gen9ou-1995223682","p1":"Chris_Captain","p2":"BoltThief","format":"[Gen 9] OU","log":"|j|\u2606Chris_Captain\n|j|\u2606BoltThief\n|t:|1700536621\n|gametype|singles\n|player|p1|Chris_Captain|candice|\n|player|p2|BoltThief|101|\n|teamsize|p1|6\n|teamsize|p2|6\n|gen|9\n|tier|[Gen 9] OU\n|rule|Sleep Clause Mod: Limit one foe put to sleep\n|rule|Species Clause: Limit one of each Pok\u00e9mon\n|rule|OHKO Clause: OHKO moves are banned\n|rule|Evasion Items Clause: Evasion items are banned\n|rule|Evasion Moves Clause: Evasion moves are banned\n|rule|Endless Battle Clause: Forcing endless battles is banned\n|rule|HP Percentage Mod: HP is shown in percentages\n|clearpoke\n|poke|p1|Iron Treads|\n|poke|p1|Iron Valiant|\n|poke|p1|Rotom-Wash|\n|poke|p1|Talonflame, F|\n|poke|p1|Maushold-Four|\n|poke|p1|Toedscruel, F|\n|poke|p2|Glimmora, F|\n|poke|p2|Cloyster, M|\n|poke|p2|Dragapult, M|\n|poke|p2|Iron Jugulis|\n|poke|p2|Amoonguss, F|\n|poke|p2|Quagsire, M|\n|teampreview\n|\n|t:|1700536642\n|start\n|switch|p1a: Deez|Rotom-Wash|100\/100\n|switch|p2a: Iron Jugulis|Iron Jugulis|100\/100\n|-enditem|p2a: Iron Jugulis|Booster Energy\n|-activate|p2a: Iron Jugulis|ability: Quark Drive|[fromitem]\n|-start|p2a: Iron Jugulis|quarkdrivespa\n|turn|1\n|\n|t:|1700536658\n|move|p2a: Iron Jugulis|Dark Pulse|p1a: Deez\n|-damage|p1a: Deez|22\/100\n|move|p1a: Deez|Volt Switch|p2a: Iron Jugulis\n|-supereffective|p2a: Iron Jugulis\n|-damage|p2a: Iron Jugulis|0 fnt\n|faint|p2a: Iron Jugulis\n|-end|p2a: Iron Jugulis|Quark Drive|[silent]\n|c|\u2606BoltThief|dang\n|\n|t:|1700536684\n|switch|p1a: Ligma|Talonflame, F|100\/100|[from] Volt Switch\n|\n|upkeep\n|\n|t:|1700536713\n|switch|p2a: Quagsire|Quagsire, M|100\/100\n|turn|2\n|\n|t:|1700536719\n|move|p1a: Ligma|Taunt|p2a: Quagsire\n|-start|p2a: Quagsire|move: Taunt\n|move|p2a: Quagsire|Surf|p1a: Ligma\n|-supereffective|p1a: Ligma\n|-damage|p1a: Ligma|45\/100\n|\n|upkeep\n|turn|3\n|\n|t:|1700536733\n|switch|p1a: Horny|Maushold-Four|100\/100\n|move|p2a: Quagsire|Surf|p1a: Horny\n|-damage|p1a: Horny|65\/100\n|\n|upkeep\n|turn|4\n|\n|t:|1700536748\n|switch|p2a: Dragapult|Dragapult, M|100\/100\n|move|p1a: Horny|Bite|p2a: Dragapult\n|-supereffective|p2a: Dragapult\n|-damage|p2a: Dragapult|45\/100\n|\n|upkeep\n|turn|5\n|c|\u2606BoltThief|smart\n|\n|t:|1700536788\n|move|p2a: Dragapult|Phantom Force||[still]\n|-prepare|p2a: Dragapult|Phantom Force\n|move|p1a: Horny|Bite|p2a: Dragapult|[miss]\n|-miss|p1a: Horny|p2a: Dragapult\n|\n|upkeep\n|turn|6\n|c|\u2606BoltThief|crap...\n|c|\u2606Chris_Captain|well then\n|c|\u2606BoltThief|I expected swap to fairy there\n|c|\u2606Chris_Captain|goodbye dragapult\n|\n|t:|1700536820\n|move|p2a: Dragapult|Phantom Force|p1a: Horny|[from]lockedmove\n|-immune|p1a: Horny\n|move|p1a: Horny|Bite|p2a: Dragapult\n|-supereffective|p2a: Dragapult\n|-damage|p2a: Dragapult|0 fnt\n|faint|p2a: Dragapult\n|\n|upkeep\n|\n|t:|1700536848\n|switch|p2a: Glimmora|Glimmora, F|100\/100\n|turn|7\n|\n|t:|1700536871\n|switch|p1a: Joe|Iron Treads|100\/100\n|move|p2a: Glimmora|Power Gem|p1a: Joe\n|-resisted|p1a: Joe\n|-damage|p1a: Joe|87\/100\n|\n|-heal|p1a: Joe|93\/100|[from] item: Leftovers\n|upkeep\n|turn|8\n|\n|t:|1700536886\n|switch|p2a: Quagsire|Quagsire, M|100\/100\n|move|p1a: Joe|Stealth Rock|p2a: Quagsire\n|-sidestart|p2: BoltThief|move: Stealth Rock\n|\n|-heal|p1a: Joe|99\/100|[from] item: Leftovers\n|upkeep\n|turn|9\n|\n|t:|1700536922\n|-end|p1a: Joe|Quark Drive|[silent]\n|switch|p1a: Toedscruel|Toedscruel, F|100\/100\n|move|p2a: Quagsire|Surf|p1a: Toedscruel\n|-damage|p1a: Toedscruel|86\/100\n|\n|-heal|p1a: Toedscruel|92\/100|[from] item: Leftovers\n|upkeep\n|turn|10\n|\n|t:|1700536946\n|switch|p2a: Amoonguss|Amoonguss, F|100\/100\n|-damage|p2a: Amoonguss|88\/100|[from] Stealth Rock\n|move|p1a: Toedscruel|Spikes|p2a: Amoonguss\n|-sidestart|p2: BoltThief|Spikes\n|\n|-heal|p1a: Toedscruel|98\/100|[from] item: Leftovers\n|-heal|p2a: Amoonguss|94\/100|[from] item: Leftovers\n|upkeep\n|turn|11\n|\n|t:|1700536955\n|move|p2a: Amoonguss|Toxic|p1a: Toedscruel\n|-status|p1a: Toedscruel|tox\n|move|p1a: Toedscruel|Spikes|p2a: Amoonguss\n|-sidestart|p2: BoltThief|Spikes\n|\n|-heal|p1a: Toedscruel|100\/100 tox|[from] item: Leftovers\n|-heal|p2a: Amoonguss|100\/100|[from] item: Leftovers\n|-damage|p1a: Toedscruel|94\/100 tox|[from] psn\n|upkeep\n|turn|12\n|c|\u2606BoltThief|Welp this is gg I think\n|\n|t:|1700537019\n|switch|p2a: Cloyster|Cloyster, M|100\/100\n|-damage|p2a: Cloyster|76\/100|[from] Stealth Rock\n|-damage|p2a: Cloyster|59\/100|[from] Spikes\n|move|p1a: Toedscruel|Spikes|p2a: Cloyster\n|-sidestart|p2: BoltThief|Spikes\n|\n|-heal|p1a: Toedscruel|100\/100 tox|[from] item: Leftovers\n|-damage|p1a: Toedscruel|88\/100 tox|[from] psn\n|upkeep\n|turn|13\n|\n|t:|1700537046\n|move|p2a: Cloyster|Icicle Spear|p1a: Toedscruel\n|-supereffective|p1a: Toedscruel\n|-damage|p1a: Toedscruel|28\/100 tox\n|-supereffective|p1a: Toedscruel\n|-damage|p1a: Toedscruel|0 fnt\n|faint|p1a: Toedscruel\n|-hitcount|p1: Toedscruel|2\n|\n|upkeep\n|\n|t:|1700537085\n|switch|p1a: Gender?|Iron Valiant|100\/100\n|-enditem|p1a: Gender?|Booster Energy\n|-activate|p1a: Gender?|ability: Quark Drive|[fromitem]\n|-start|p1a: Gender?|quarkdrivespe\n|turn|14\n|\n|t:|1700537109\n|switch|p2a: Glimmora|Glimmora, F|100\/100\n|-damage|p2a: Glimmora|88\/100|[from] Stealth Rock\n|-damage|p2a: Glimmora|63\/100|[from] Spikes\n|move|p1a: Gender?|Aura Sphere|p2a: Glimmora\n|-damage|p2a: Glimmora|12\/100\n|\n|upkeep\n|turn|15\n|\n|t:|1700537124\n|move|p1a: Gender?|Aura Sphere|p2a: Glimmora\n|-damage|p2a: Glimmora|0 fnt\n|faint|p2a: Glimmora\n|\n|upkeep\n|\n|t:|1700537130\n|switch|p2a: Amoonguss|Amoonguss, F|100\/100\n|-damage|p2a: Amoonguss|88\/100|[from] Stealth Rock\n|-damage|p2a: Amoonguss|63\/100|[from] Spikes\n|turn|16\n|\n|t:|1700537137\n|-terastallize|p1a: Gender?|Psychic\n|move|p1a: Gender?|Psyshock|p2a: Amoonguss\n|-supereffective|p2a: Amoonguss\n|-damage|p2a: Amoonguss|0 fnt\n|faint|p2a: Amoonguss\n|\n|upkeep\n|\n|t:|1700537147\n|switch|p2a: Quagsire|Quagsire, M|100\/100\n|-damage|p2a: Quagsire|94\/100|[from] Stealth Rock\n|-damage|p2a: Quagsire|70\/100|[from] Spikes\n|turn|17\n|\n|t:|1700537155\n|-terastallize|p2a: Quagsire|Water\n|move|p1a: Gender?|Moonblast|p2a: Quagsire\n|-damage|p2a: Quagsire|9\/100\n|move|p2a: Quagsire|Surf|p1a: Gender?\n|-damage|p1a: Gender?|47\/100\n|\n|-heal|p2a: Quagsire|15\/100|[from] item: Leftovers\n|upkeep\n|turn|18\n|\n|t:|1700537165\n|move|p1a: Gender?|Moonblast|p2a: Quagsire\n|-damage|p2a: Quagsire|0 fnt\n|faint|p2a: Quagsire\n|\n|upkeep\n|\n|t:|1700537169\n|switch|p2a: Cloyster|Cloyster, M|59\/100\n|-damage|p2a: Cloyster|34\/100|[from] Stealth Rock\n|-damage|p2a: Cloyster|9\/100|[from] Spikes\n|turn|19\n|\n|t:|1700537176\n|move|p2a: Cloyster|Ice Shard|p1a: Gender?\n|-damage|p1a: Gender?|23\/100\n|move|p1a: Gender?|Aura Sphere|p2a: Cloyster\n|-supereffective|p2a: Cloyster\n|-damage|p2a: Cloyster|0 fnt\n|faint|p2a: Cloyster\n|\n|win|Chris_Captain\n|c|\u2606Chris_Captain|gg\n|c|\u2606BoltThief|gg\n","uploadtime":1700537187,"views":16,"p1id":"chriscaptain","p2id":"boltthief","formatid":"gen9ou","rating":0,"private":0,"password":""}