{"id":"gen9ou-1995881348","p1":"Riyad Mahrez","p2":"andymaury","format":"[Gen 9] OU","log":"|j|\u2606Riyad Mahrez\n|j|\u2606andymaury\n|t:|1700613042\n|gametype|singles\n|player|p1|Riyad Mahrez|will-gen2|1582\n|player|p2|andymaury|101|1482\n|teamsize|p1|6\n|teamsize|p2|6\n|gen|9\n|tier|[Gen 9] OU\n|rated|\n|rule|Sleep Clause Mod: Limit one foe put to sleep\n|rule|Species Clause: Limit one of each Pok\u00e9mon\n|rule|OHKO Clause: OHKO moves are banned\n|rule|Evasion Items Clause: Evasion items are banned\n|rule|Evasion Moves Clause: Evasion moves are banned\n|rule|Endless Battle Clause: Forcing endless battles is banned\n|rule|HP Percentage Mod: HP is shown in percentages\n|clearpoke\n|poke|p1|Sinistcha-Masterpiece|\n|poke|p1|Ogerpon-Wellspring, F|\n|poke|p1|Heatran, M|\n|poke|p1|Kingambit, M|\n|poke|p1|Iron Valiant|\n|poke|p1|Great Tusk|\n|poke|p2|Great Tusk|\n|poke|p2|Iron Moth|\n|poke|p2|Ogerpon-Wellspring, F|\n|poke|p2|Dragapult, M|\n|poke|p2|Tyranitar, F|\n|poke|p2|Corviknight, F|\n|teampreview\n|inactive|Battle timer is ON: inactive players will automatically lose when time's up. (requested by Riyad Mahrez)\n|\n|t:|1700613060\n|start\n|switch|p1a: Akainu \ud83c\udf0b|Heatran, M|100\/100\n|switch|p2a: Tyranitar|Tyranitar, F|100\/100\n|-weather|Sandstorm|[from] ability: Sand Stream|[of] p2a: Tyranitar\n|turn|1\n|\n|t:|1700613069\n|switch|p1a: Twilight Suzuka\u2694\ufe0f|Ogerpon-Wellspring, F|100\/100\n|move|p2a: Tyranitar|Thunder Wave|p1a: Twilight Suzuka\u2694\ufe0f\n|-status|p1a: Twilight Suzuka\u2694\ufe0f|par\n|\n|-weather|Sandstorm|[upkeep]\n|-damage|p1a: Twilight Suzuka\u2694\ufe0f|95\/100 par|[from] Sandstorm\n|upkeep\n|turn|2\n|\n|t:|1700613081\n|switch|p2a: Dragapult|Dragapult, M|100\/100\n|move|p1a: Twilight Suzuka\u2694\ufe0f|Horn Leech|p2a: Dragapult\n|-resisted|p2a: Dragapult\n|-damage|p2a: Dragapult|72\/100\n|-heal|p1a: Twilight Suzuka\u2694\ufe0f|100\/100 par|[from] drain|[of] p2a: Dragapult\n|\n|-weather|Sandstorm|[upkeep]\n|-damage|p2a: Dragapult|66\/100|[from] Sandstorm\n|-damage|p1a: Twilight Suzuka\u2694\ufe0f|95\/100 par|[from] Sandstorm\n|upkeep\n|turn|3\n|\n|t:|1700613087\n|switch|p1a: Akainu \ud83c\udf0b|Heatran, M|100\/100\n|move|p2a: Dragapult|U-turn|p1a: Akainu \ud83c\udf0b\n|-resisted|p1a: Akainu \ud83c\udf0b\n|-damage|p1a: Akainu \ud83c\udf0b|97\/100\n|\n|t:|1700613096\n|switch|p2a: Great Tusk|Great Tusk|100\/100|[from] U-turn\n|-enditem|p2a: Great Tusk|Booster Energy\n|-activate|p2a: Great Tusk|ability: Protosynthesis|[fromitem]\n|-start|p2a: Great Tusk|protosynthesisatk\n|\n|-weather|Sandstorm|[upkeep]\n|-heal|p1a: Akainu \ud83c\udf0b|100\/100|[from] item: Leftovers\n|upkeep\n|turn|4\n|\n|t:|1700613102\n|switch|p1a: Cosmo \ud83c\udf75|Sinistcha-Masterpiece|100\/100\n|move|p2a: Great Tusk|Ice Spinner|p1a: Cosmo \ud83c\udf75\n|-supereffective|p1a: Cosmo \ud83c\udf75\n|-damage|p1a: Cosmo \ud83c\udf75|53\/100\n|\n|-weather|Sandstorm|[upkeep]\n|-damage|p1a: Cosmo \ud83c\udf75|46\/100|[from] Sandstorm\n|-heal|p1a: Cosmo \ud83c\udf75|53\/100|[from] item: Leftovers\n|upkeep\n|turn|5\n|\n|t:|1700613114\n|-end|p2a: Great Tusk|Protosynthesis|[silent]\n|switch|p2a: Dragapult|Dragapult, M|66\/100\n|move|p1a: Cosmo \ud83c\udf75|Strength Sap|p2a: Dragapult\n|-unboost|p2a: Dragapult|atk|1\n|-heal|p1a: Cosmo \ud83c\udf75|100\/100\n|\n|-weather|none\n|upkeep\n|turn|6\n|\n|t:|1700613119\n|switch|p1a: Akainu \ud83c\udf0b|Heatran, M|100\/100\n|move|p2a: Dragapult|Shadow Ball|p1a: Akainu \ud83c\udf0b\n|-crit|p1a: Akainu \ud83c\udf0b\n|-damage|p1a: Akainu \ud83c\udf0b|50\/100\n|\n|-heal|p1a: Akainu \ud83c\udf0b|57\/100|[from] item: Leftovers\n|upkeep\n|turn|7\n|\n|t:|1700613128\n|move|p2a: Dragapult|Shadow Ball|p1a: Akainu \ud83c\udf0b\n|-damage|p1a: Akainu \ud83c\udf0b|26\/100\n|move|p1a: Akainu \ud83c\udf0b|Stealth Rock|p2a: Dragapult\n|-sidestart|p2: andymaury|move: Stealth Rock\n|\n|-heal|p1a: Akainu \ud83c\udf0b|32\/100|[from] item: Leftovers\n|upkeep\n|turn|8\n|\n|t:|1700613139\n|switch|p1a: Twilight Suzuka\u2694\ufe0f|Ogerpon-Wellspring, F|95\/100 par\n|move|p2a: Dragapult|Shadow Ball|p1a: Twilight Suzuka\u2694\ufe0f\n|-damage|p1a: Twilight Suzuka\u2694\ufe0f|32\/100 par\n|\n|upkeep\n|turn|9\n|\n|t:|1700613153\n|switch|p1a: Gene Starwind|Kingambit, M|100\/100\n|move|p2a: Dragapult|Shadow Ball|p1a: Gene Starwind\n|-resisted|p1a: Gene Starwind\n|-damage|p1a: Gene Starwind|74\/100\n|\n|-heal|p1a: Gene Starwind|80\/100|[from] item: Leftovers\n|upkeep\n|turn|10\n|\n|t:|1700613161\n|switch|p2a: Great Tusk|Great Tusk|100\/100\n|-damage|p2a: Great Tusk|98\/100|[from] Stealth Rock\n|move|p1a: Gene Starwind|Swords Dance|p1a: Gene Starwind\n|-boost|p1a: Gene Starwind|atk|2\n|\n|-heal|p1a: Gene Starwind|87\/100|[from] item: Leftovers\n|upkeep\n|turn|11\n|\n|t:|1700613171\n|-terastallize|p1a: Gene Starwind|Fairy\n|move|p2a: Great Tusk|Rapid Spin|p1a: Gene Starwind\n|-damage|p1a: Gene Starwind|73\/100\n|-boost|p2a: Great Tusk|spe|1\n|-sideend|p2: andymaury|Stealth Rock|[from] move: Rapid Spin|[of] p2a: Great Tusk\n|move|p1a: Gene Starwind|Tera Blast|p2a: Great Tusk|[anim] Tera Blast Fairy\n|-supereffective|p2a: Great Tusk\n|-damage|p2a: Great Tusk|0 fnt\n|faint|p2a: Great Tusk\n|-end|p2a: Great Tusk|Protosynthesis|[silent]\n|\n|-heal|p1a: Gene Starwind|79\/100|[from] item: Leftovers\n|upkeep\n|\n|t:|1700613180\n|switch|p2a: Corviknight|Corviknight, F|100\/100\n|turn|12\n|\n|t:|1700613184\n|move|p1a: Gene Starwind|Kowtow Cleave|p2a: Corviknight\n|-damage|p2a: Corviknight|46\/100\n|-damage|p1a: Gene Starwind|62\/100|[from] item: Rocky Helmet|[of] p2a: Corviknight\n|move|p2a: Corviknight|Brave Bird|p1a: Gene Starwind\n|-damage|p1a: Gene Starwind|35\/100\n|-damage|p2a: Corviknight|37\/100|[from] Recoil\n|\n|-heal|p1a: Gene Starwind|41\/100|[from] item: Leftovers\n|upkeep\n|turn|13\n|\n|t:|1700613194\n|move|p1a: Gene Starwind|Kowtow Cleave|p2a: Corviknight\n|-damage|p2a: Corviknight|0 fnt\n|-damage|p1a: Gene Starwind|25\/100|[from] item: Rocky Helmet|[of] p2a: Corviknight\n|faint|p2a: Corviknight\n|\n|-heal|p1a: Gene Starwind|31\/100|[from] item: Leftovers\n|upkeep\n|\n|t:|1700613199\n|switch|p2a: Ogerpon|Ogerpon-Wellspring, F|100\/100\n|turn|14\n|\n|t:|1700613203\n|move|p1a: Gene Starwind|Sucker Punch|p2a: Ogerpon\n|-damage|p2a: Ogerpon|0 fnt\n|faint|p2a: Ogerpon\n|\n|-heal|p1a: Gene Starwind|37\/100|[from] item: Leftovers\n|upkeep\n|-message|andymaury forfeited.\n|\n|win|Riyad Mahrez\n|raw|Riyad Mahrez's rating: 1582 &rarr; <strong>1596<\/strong><br \/>(+14 for winning)\n|raw|andymaury's rating: 1482 &rarr; <strong>1468<\/strong><br \/>(-14 for losing)\n|l|\u2606andymaury\n","uploadtime":1700613211,"views":8,"p1id":"riyadmahrez","p2id":"andymaury","formatid":"gen9ou","rating":1468,"private":0,"password":""}