{"id":"gen9ou-1992761331","p1":"gbOURsmUrkwz7tvvvC","p2":"YourboooiJ","format":"[Gen 9] OU","log":"|j|\u2606gbOURsmUrkwz7tvvvC\n|j|\u2606YourboooiJ\n|t:|1700233088\n|gametype|singles\n|player|p1|gbOURsmUrkwz7tvvvC|1|1000\n|player|p2|YourboooiJ|janitor|1013\n|teamsize|p1|6\n|teamsize|p2|6\n|gen|9\n|tier|[Gen 9] OU\n|rated|\n|rule|Sleep Clause Mod: Limit one foe put to sleep\n|rule|Species Clause: Limit one of each Pok\u00e9mon\n|rule|OHKO Clause: OHKO moves are banned\n|rule|Evasion Items Clause: Evasion items are banned\n|rule|Evasion Moves Clause: Evasion moves are banned\n|rule|Endless Battle Clause: Forcing endless battles is banned\n|rule|HP Percentage Mod: HP is shown in percentages\n|clearpoke\n|poke|p1|Manaphy|\n|poke|p1|Kingambit, F|\n|poke|p1|Ribombee, M|\n|poke|p1|Gholdengo|\n|poke|p1|Iron Moth|\n|poke|p1|Ogerpon-Wellspring, F|\n|poke|p2|Kingambit, M|\n|poke|p2|Maushold-Four|\n|poke|p2|Ceruledge, F|\n|poke|p2|Greninja-*, M|\n|poke|p2|Dragonite, M|\n|poke|p2|Pawmot, F|\n|teampreview\n|inactive|Battle timer is ON: inactive players will automatically lose when time's up. (requested by gbOURsmUrkwz7tvvvC)\n|\n|t:|1700233109\n|start\n|switch|p1a: Ribombee|Ribombee, M, shiny|100\/100\n|switch|p2a: Dragonite|Dragonite, M|100\/100\n|turn|1\n|inactive|YourboooiJ has 120 seconds left.\n|\n|t:|1700233145\n|switch|p2a: Ceruledge|Ceruledge, F|100\/100\n|move|p1a: Ribombee|Stun Spore|p2a: Ceruledge\n|-status|p2a: Ceruledge|par\n|\n|upkeep\n|turn|2\n|inactive|YourboooiJ has 120 seconds left.\n|inactive|gbOURsmUrkwz7tvvvC has 120 seconds left.\n|inactive|gbOURsmUrkwz7tvvvC has 90 seconds left.\n|inactive|gbOURsmUrkwz7tvvvC has 60 seconds left.\n|\n|t:|1700233256\n|move|p1a: Ribombee|Sticky Web|p2a: Ceruledge\n|-sidestart|p2: YourboooiJ|move: Sticky Web\n|cant|p2a: Ceruledge|par\n|\n|upkeep\n|turn|3\n|inactive|YourboooiJ has 120 seconds left.\n|\n|t:|1700233271\n|switch|p1a: Manaphy|Manaphy|100\/100\n|move|p2a: Ceruledge|Bitter Blade|p1a: Manaphy\n|-resisted|p1a: Manaphy\n|-damage|p1a: Manaphy|72\/100\n|\n|-heal|p1a: Manaphy|78\/100|[from] item: Leftovers\n|upkeep\n|turn|4\n|inactive|YourboooiJ has 120 seconds left.\n|\n|t:|1700233281\n|switch|p2a: Maushold|Maushold-Four|100\/100\n|-activate|p2a: Maushold|move: Sticky Web\n|-unboost|p2a: Maushold|spe|1\n|move|p1a: Manaphy|Acid Armor|p1a: Manaphy\n|-boost|p1a: Manaphy|def|2\n|\n|-heal|p1a: Manaphy|84\/100|[from] item: Leftovers\n|upkeep\n|turn|5\n|inactive|YourboooiJ has 120 seconds left.\n|\n|t:|1700233300\n|move|p1a: Manaphy|Acid Armor|p1a: Manaphy\n|-boost|p1a: Manaphy|def|2\n|move|p2a: Maushold|Tidy Up|p2a: Maushold\n|-sideend|p2: YourboooiJ|Sticky Web\n|-activate|p2a: Maushold|move: Tidy Up\n|-boost|p2a: Maushold|atk|1\n|-boost|p2a: Maushold|spe|1\n|\n|-heal|p1a: Manaphy|90\/100|[from] item: Leftovers\n|upkeep\n|turn|6\n|inactive|YourboooiJ has 120 seconds left.\n|inactive|gbOURsmUrkwz7tvvvC has 60 seconds left.\n|\n|t:|1700233313\n|move|p2a: Maushold|Population Bomb|p1a: Manaphy\n|-damage|p1a: Manaphy|84\/100\n|-damage|p1a: Manaphy|78\/100\n|-damage|p1a: Manaphy|72\/100\n|-damage|p1a: Manaphy|67\/100\n|-damage|p1a: Manaphy|61\/100\n|-damage|p1a: Manaphy|55\/100\n|-damage|p1a: Manaphy|50\/100\n|-hitcount|p1a: Manaphy|7\n|move|p1a: Manaphy|Take Heart|p1a: Manaphy\n|-boost|p1a: Manaphy|spa|1\n|-boost|p1a: Manaphy|spd|1\n|\n|-heal|p1a: Manaphy|56\/100|[from] item: Leftovers\n|upkeep\n|turn|7\n|inactive|YourboooiJ has 120 seconds left.\n|\n|t:|1700233338\n|move|p2a: Maushold|Tidy Up|p2a: Maushold\n|-boost|p2a: Maushold|atk|1\n|-boost|p2a: Maushold|spe|1\n|move|p1a: Manaphy|Stored Power|p2a: Maushold\n|-damage|p2a: Maushold|4\/100\n|\n|-heal|p1a: Manaphy|62\/100|[from] item: Leftovers\n|upkeep\n|turn|8\n|\n|t:|1700233352\n|move|p2a: Maushold|Population Bomb|p1a: Manaphy\n|-damage|p1a: Manaphy|55\/100\n|-damage|p1a: Manaphy|48\/100\n|-damage|p1a: Manaphy|42\/100\n|-damage|p1a: Manaphy|35\/100\n|-damage|p1a: Manaphy|28\/100\n|-damage|p1a: Manaphy|20\/100\n|-hitcount|p1a: Manaphy|6\n|move|p1a: Manaphy|Stored Power|p2a: Maushold\n|-damage|p2a: Maushold|0 fnt\n|faint|p2a: Maushold\n|\n|-heal|p1a: Manaphy|26\/100|[from] item: Leftovers\n|upkeep\n|inactive|YourboooiJ has 90 seconds left.\n|\n|t:|1700233375\n|switch|p2a: Greninja|Greninja, M|100\/100\n|turn|9\n|inactive|YourboooiJ has 90 seconds left.\n|\n|t:|1700233389\n|move|p2a: Greninja|Ice Beam|p1a: Manaphy\n|-resisted|p1a: Manaphy\n|-damage|p1a: Manaphy|18\/100\n|move|p1a: Manaphy|Scald|p2a: Greninja\n|-resisted|p2a: Greninja\n|-damage|p2a: Greninja|57\/100\n|\n|-heal|p1a: Manaphy|24\/100|[from] item: Leftovers\n|upkeep\n|turn|10\n|inactive|YourboooiJ has 90 seconds left.\n|\n|t:|1700233406\n|move|p2a: Greninja|Dark Pulse|p1a: Manaphy\n|-crit|p1a: Manaphy\n|-damage|p1a: Manaphy|0 fnt\n|faint|p1a: Manaphy\n|-ability|p2a: Greninja|Battle Bond|boost\n|-boost|p2a: Greninja|atk|1\n|-boost|p2a: Greninja|spa|1\n|-boost|p2a: Greninja|spe|1\n|-activate|p2a: Greninja|ability: Battle Bond\n|\n|upkeep\n|\n|t:|1700233415\n|switch|p1a: Ogerpon|Ogerpon-Wellspring, F|100\/100\n|turn|11\n|inactive|YourboooiJ has 90 seconds left.\n|\n|t:|1700233438\n|switch|p2a: Ceruledge|Ceruledge, F|100\/100 par\n|move|p1a: Ogerpon|Power Whip|p2a: Ceruledge\n|-resisted|p2a: Ceruledge\n|-damage|p2a: Ceruledge|51\/100 par\n|\n|upkeep\n|turn|12\n|\n|t:|1700233452\n|-terastallize|p2a: Ceruledge|Water\n|move|p1a: Ogerpon|Ivy Cudgel|p2a: Ceruledge|[anim] Ivy Cudgel Water\n|-resisted|p2a: Ceruledge\n|-damage|p2a: Ceruledge|13\/100 par\n|move|p2a: Ceruledge|Swords Dance|p2a: Ceruledge\n|-boost|p2a: Ceruledge|atk|2\n|\n|upkeep\n|turn|13\n|\n|t:|1700233470\n|move|p1a: Ogerpon|Ivy Cudgel|p2a: Ceruledge|[anim] Ivy Cudgel Water\n|-resisted|p2a: Ceruledge\n|-damage|p2a: Ceruledge|0 fnt\n|faint|p2a: Ceruledge\n|\n|upkeep\n|\n|t:|1700233481\n|switch|p2a: Kingambit|Kingambit, M|100\/100\n|-activate|p2a: Kingambit|ability: Supreme Overlord\n|-start|p2a: Kingambit|fallen2|[silent]\n|turn|14\n|\n|t:|1700233488\n|switch|p1a: Ribombee|Ribombee, M, shiny|100\/100\n|move|p2a: Kingambit|Substitute|p2a: Kingambit\n|-start|p2a: Kingambit|Substitute\n|-damage|p2a: Kingambit|76\/100\n|\n|-heal|p2a: Kingambit|82\/100|[from] item: Leftovers\n|upkeep\n|turn|15\n|\n|t:|1700233507\n|move|p1a: Ribombee|Sticky Web|p2a: Kingambit\n|-sidestart|p2: YourboooiJ|move: Sticky Web\n|move|p2a: Kingambit|Swords Dance|p2a: Kingambit\n|-boost|p2a: Kingambit|atk|2\n|\n|-heal|p2a: Kingambit|88\/100|[from] item: Leftovers\n|upkeep\n|turn|16\n|\n|t:|1700233517\n|move|p1a: Ribombee|Moonblast|p2a: Kingambit\n|-end|p2a: Kingambit|Substitute\n|move|p2a: Kingambit|Swords Dance|p2a: Kingambit\n|-boost|p2a: Kingambit|atk|2\n|\n|-heal|p2a: Kingambit|94\/100|[from] item: Leftovers\n|upkeep\n|turn|17\n|\n|t:|1700233534\n|move|p2a: Kingambit|Sucker Punch||[still]\n|-fail|p2a: Kingambit\n|move|p1a: Ribombee|Stun Spore|p2a: Kingambit|[miss]\n|-miss|p1a: Ribombee|p2a: Kingambit\n|\n|-heal|p2a: Kingambit|99\/100|[from] item: Leftovers\n|upkeep\n|turn|18\n|\n|t:|1700233552\n|move|p1a: Ribombee|Stun Spore|p2a: Kingambit\n|-status|p2a: Kingambit|par\n|cant|p2a: Kingambit|par\n|\n|-heal|p2a: Kingambit|100\/100 par|[from] item: Leftovers\n|upkeep\n|turn|19\n|\n|t:|1700233569\n|cant|p2a: Kingambit|par\n|move|p1a: Ribombee|Moonblast|p2a: Kingambit\n|-damage|p2a: Kingambit|62\/100 par\n|-unboost|p2a: Kingambit|spa|1\n|\n|-heal|p2a: Kingambit|68\/100 par|[from] item: Leftovers\n|upkeep\n|turn|20\n|\n|t:|1700233579\n|move|p1a: Ribombee|Moonblast|p2a: Kingambit\n|-damage|p2a: Kingambit|25\/100 par\n|cant|p2a: Kingambit|par\n|\n|-heal|p2a: Kingambit|31\/100 par|[from] item: Leftovers\n|upkeep\n|turn|21\n|\n|t:|1700233595\n|cant|p2a: Kingambit|par\n|move|p1a: Ribombee|Moonblast|p2a: Kingambit\n|-damage|p2a: Kingambit|0 fnt\n|faint|p2a: Kingambit\n|-end|p2a: Kingambit|fallen2|[silent]\n|\n|upkeep\n|inactive|YourboooiJ has 60 seconds left.\n|\n|t:|1700233607\n|switch|p2a: Pawmot|Pawmot, F|100\/100\n|-activate|p2a: Pawmot|move: Sticky Web\n|-unboost|p2a: Pawmot|spe|1\n|turn|22\n|inactive|YourboooiJ has 60 seconds left.\n|\n|t:|1700233619\n|move|p1a: Ribombee|Moonblast|p2a: Pawmot\n|-supereffective|p2a: Pawmot\n|-damage|p2a: Pawmot|0 fnt\n|faint|p2a: Pawmot\n|\n|upkeep\n|inactive|YourboooiJ has 60 seconds left.\n|\n|t:|1700233630\n|switch|p2a: Dragonite|Dragonite, M|100\/100\n|turn|23\n|inactive|YourboooiJ has 60 seconds left.\n|\n|t:|1700233636\n|move|p1a: Ribombee|Moonblast|p2a: Dragonite\n|-supereffective|p2a: Dragonite\n|-damage|p2a: Dragonite|56\/100\n|move|p2a: Dragonite|Dragon Dance|p2a: Dragonite\n|-boost|p2a: Dragonite|atk|1\n|-boost|p2a: Dragonite|spe|1\n|\n|-heal|p2a: Dragonite|62\/100|[from] item: Leftovers\n|upkeep\n|turn|24\n|inactive|YourboooiJ has 60 seconds left.\n|\n|t:|1700233666\n|move|p2a: Dragonite|Extreme Speed|p1a: Ribombee\n|-damage|p1a: Ribombee|9\/100\n|move|p1a: Ribombee|Moonblast|p2a: Dragonite\n|-supereffective|p2a: Dragonite\n|-damage|p2a: Dragonite|0 fnt\n|faint|p2a: Dragonite\n|\n|upkeep\n|\n|t:|1700233680\n|switch|p2a: Greninja|Greninja, M|57\/100\n|-activate|p2a: Greninja|move: Sticky Web\n|-unboost|p2a: Greninja|spe|1\n|turn|25\n|\n|t:|1700233686\n|move|p2a: Greninja|Water Shuriken|p1a: Ribombee\n|-crit|p1a: Ribombee\n|-damage|p1a: Ribombee|0 fnt\n|faint|p1a: Ribombee\n|-hitcount|p1: Ribombee|1\n|\n|upkeep\n|\n|t:|1700233690\n|switch|p1a: Ogerpon|Ogerpon-Wellspring, F|100\/100\n|turn|26\n|\n|t:|1700233698\n|move|p1a: Ogerpon|Power Whip|p2a: Greninja\n|-supereffective|p2a: Greninja\n|-damage|p2a: Greninja|0 fnt\n|faint|p2a: Greninja\n|\n|win|gbOURsmUrkwz7tvvvC\n|raw|gbOURsmUrkwz7tvvvC's rating: 1000 &rarr; <strong>1041<\/strong><br \/>(+41 for winning)\n|raw|YourboooiJ's rating: 1013 &rarr; <strong>1001<\/strong><br \/>(-12 for losing)\n","uploadtime":1700233703,"views":9,"p1id":"gboursmurkwz7tvvvc","p2id":"yourboooij","formatid":"gen9ou","rating":1001,"private":0,"password":""}