{"id":"gen9ou-1995598416","p1":"Kskdkffjjf","p2":"kodzuken77","format":"[Gen 9] OU","log":"|j|\u2606Kskdkffjjf\n|j|\u2606kodzuken77\n|t:|1700586234\n|gametype|singles\n|player|p1|Kskdkffjjf|101|1045\n|player|p2|kodzuken77|li|1000\n|teamsize|p1|6\n|teamsize|p2|6\n|gen|9\n|tier|[Gen 9] OU\n|rated|\n|rule|Sleep Clause Mod: Limit one foe put to sleep\n|rule|Species Clause: Limit one of each Pok\u00e9mon\n|rule|OHKO Clause: OHKO moves are banned\n|rule|Evasion Items Clause: Evasion items are banned\n|rule|Evasion Moves Clause: Evasion moves are banned\n|rule|Endless Battle Clause: Forcing endless battles is banned\n|rule|HP Percentage Mod: HP is shown in percentages\n|clearpoke\n|poke|p1|Pelipper, F|\n|poke|p1|Thundurus-Therian, M|\n|poke|p1|Manaphy|\n|poke|p1|Gholdengo|\n|poke|p1|Dondozo, M|\n|poke|p1|Kingambit, M|\n|poke|p2|Lucario, F|\n|poke|p2|Banette, M|\n|poke|p2|Lycanroc-Dusk, M|\n|poke|p2|Pikachu, M|\n|poke|p2|Mew|\n|poke|p2|Hoopa|\n|teampreview\n|inactive|Battle timer is ON: inactive players will automatically lose when time's up. (requested by Kskdkffjjf)\n|\n|t:|1700586245\n|start\n|switch|p1a: Thundurus|Thundurus-Therian, M, shiny|100\/100\n|switch|p2a: Hajime|Pikachu, M|100\/100\n|turn|1\n|\n|t:|1700586259\n|move|p1a: Thundurus|Volt Switch|p2a: Hajime\n|-resisted|p2a: Hajime\n|-damage|p2a: Hajime|17\/100\n|\n|t:|1700586265\n|switch|p1a: Dondozo|Dondozo, M, shiny|100\/100|[from] Volt Switch\n|move|p2a: Hajime|Brick Break|p1a: Dondozo\n|-damage|p1a: Dondozo|86\/100\n|\n|-heal|p1a: Dondozo|92\/100|[from] item: Leftovers\n|upkeep\n|turn|2\n|\n|t:|1700586275\n|switch|p2a: Itadori|Lucario, F|100\/100\n|-item|p2a: Itadori|Air Balloon\n|switch|p1a: Thundurus|Thundurus-Therian, M, shiny|100\/100\n|\n|upkeep\n|turn|3\n|\n|t:|1700586285\n|-terastallize|p2a: Itadori|Fighting\n|move|p1a: Thundurus|Volt Switch|p2a: Itadori\n|-damage|p2a: Itadori|11\/100\n|-enditem|p2a: Itadori|Air Balloon\n|\n|t:|1700586295\n|switch|p1a: Pelipper|Pelipper, F, shiny|100\/100|[from] Volt Switch\n|-weather|RainDance|[from] ability: Drizzle|[of] p1a: Pelipper\n|move|p2a: Itadori|Close Combat|p1a: Pelipper\n|-resisted|p1a: Pelipper\n|-damage|p1a: Pelipper|73\/100\n|-unboost|p2a: Itadori|def|1\n|-unboost|p2a: Itadori|spd|1\n|\n|-weather|RainDance|[upkeep]\n|upkeep\n|turn|4\n|\n|t:|1700586308\n|switch|p2a: Nobara|Banette, M|100\/100\n|switch|p1a: Dondozo|Dondozo, M, shiny|92\/100\n|\n|-weather|RainDance|[upkeep]\n|-heal|p1a: Dondozo|99\/100|[from] item: Leftovers\n|upkeep\n|turn|5\n|\n|t:|1700586319\n|move|p2a: Nobara|Destiny Bond|p2a: Nobara\n|-singlemove|p2a: Nobara|Destiny Bond\n|move|p1a: Dondozo|Curse|p1a: Dondozo\n|-unboost|p1a: Dondozo|spe|1\n|-boost|p1a: Dondozo|atk|1\n|-boost|p1a: Dondozo|def|1\n|\n|-weather|RainDance|[upkeep]\n|-heal|p1a: Dondozo|100\/100|[from] item: Leftovers\n|upkeep\n|turn|6\n|\n|t:|1700586328\n|move|p1a: Dondozo|Curse|p1a: Dondozo\n|-unboost|p1a: Dondozo|spe|1\n|-boost|p1a: Dondozo|atk|1\n|-boost|p1a: Dondozo|def|1\n|move|p2a: Nobara|Trick Room|p2a: Nobara\n|-fieldstart|move: Trick Room|[of] p2a: Nobara\n|\n|-weather|RainDance|[upkeep]\n|upkeep\n|turn|7\n|\n|t:|1700586336\n|move|p1a: Dondozo|Curse|p1a: Dondozo\n|-unboost|p1a: Dondozo|spe|1\n|-boost|p1a: Dondozo|atk|1\n|-boost|p1a: Dondozo|def|1\n|move|p2a: Nobara|Destiny Bond|p2a: Nobara\n|-singlemove|p2a: Nobara|Destiny Bond\n|\n|-weather|RainDance|[upkeep]\n|upkeep\n|turn|8\n|\n|t:|1700586343\n|move|p1a: Dondozo|Curse|p1a: Dondozo\n|-unboost|p1a: Dondozo|spe|1\n|-boost|p1a: Dondozo|atk|1\n|-boost|p1a: Dondozo|def|1\n|move|p2a: Nobara|Destiny Bond||[still]\n|-fail|p2a: Nobara\n|\n|-weather|RainDance|[upkeep]\n|upkeep\n|turn|9\n|\n|t:|1700586353\n|switch|p2a: Hajime|Pikachu, M|17\/100\n|move|p1a: Dondozo|Wave Crash|p2a: Hajime\n|-damage|p2a: Hajime|0 fnt\n|-status|p1a: Dondozo|par|[from] ability: Static|[of] p2a: Hajime\n|faint|p2a: Hajime\n|-damage|p1a: Dondozo|98\/100 par|[from] Recoil\n|\n|-weather|RainDance|[upkeep]\n|-heal|p1a: Dondozo|100\/100 par|[from] item: Leftovers\n|upkeep\n|\n|t:|1700586363\n|switch|p2a: Nobara|Banette, M|100\/100\n|turn|10\n|\n|t:|1700586367\n|cant|p1a: Dondozo|par\n|move|p2a: Nobara|Destiny Bond|p2a: Nobara\n|-singlemove|p2a: Nobara|Destiny Bond\n|\n|-weather|none\n|-fieldend|move: Trick Room\n|upkeep\n|turn|11\n|\n|t:|1700586373\n|move|p2a: Nobara|Sucker Punch|p1a: Dondozo\n|-damage|p1a: Dondozo|97\/100 par\n|move|p1a: Dondozo|Body Press|p2a: Nobara\n|-immune|p2a: Nobara\n|\n|-heal|p1a: Dondozo|100\/100 par|[from] item: Leftovers\n|upkeep\n|turn|12\n|\n|t:|1700586383\n|move|p1a: Dondozo|Rest|p1a: Dondozo\n|-fail|p1a: Dondozo|heal\n|move|p2a: Nobara|Trick Room|p2a: Nobara\n|-fieldstart|move: Trick Room|[of] p2a: Nobara\n|\n|upkeep\n|turn|13\n|\n|t:|1700586389\n|move|p1a: Dondozo|Wave Crash|p2a: Nobara\n|-enditem|p2a: Nobara|Focus Sash\n|-damage|p2a: Nobara|1\/100\n|-damage|p1a: Dondozo|83\/100 par|[from] Recoil\n|move|p2a: Nobara|Destiny Bond|p2a: Nobara\n|-singlemove|p2a: Nobara|Destiny Bond\n|\n|-heal|p1a: Dondozo|89\/100 par|[from] item: Leftovers\n|upkeep\n|turn|14\n|\n|t:|1700586400\n|move|p1a: Dondozo|Rest|p1a: Dondozo\n|-status|p1a: Dondozo|slp|[from] move: Rest\n|-heal|p1a: Dondozo|100\/100 slp|[silent]\n|move|p2a: Nobara|Destiny Bond||[still]\n|-fail|p2a: Nobara\n|\n|upkeep\n|turn|15\n|\n|t:|1700586408\n|switch|p2a: Gojo|Hoopa|100\/100\n|cant|p1a: Dondozo|slp\n|\n|upkeep\n|turn|16\n|\n|t:|1700586415\n|cant|p1a: Dondozo|slp\n|move|p2a: Gojo|Thunderbolt|p1a: Dondozo\n|-supereffective|p1a: Dondozo\n|-damage|p1a: Dondozo|37\/100 slp\n|\n|-heal|p1a: Dondozo|43\/100 slp|[from] item: Leftovers\n|-fieldend|move: Trick Room\n|upkeep\n|turn|17\n|\n|t:|1700586425\n|-terastallize|p1a: Dondozo|Dragon\n|move|p2a: Gojo|Thunderbolt|p1a: Dondozo\n|-resisted|p1a: Dondozo\n|-damage|p1a: Dondozo|27\/100 slp\n|-curestatus|p1a: Dondozo|slp|[msg]\n|move|p1a: Dondozo|Wave Crash|p2a: Gojo\n|-damage|p2a: Gojo|0 fnt\n|faint|p2a: Gojo\n|-damage|p1a: Dondozo|8\/100|[from] Recoil\n|\n|-heal|p1a: Dondozo|14\/100|[from] item: Leftovers\n|upkeep\n|\n|t:|1700586437\n|switch|p2a: Yuta|Mew|100\/100\n|turn|18\n|\n|t:|1700586442\n|move|p2a: Yuta|Drain Punch|p1a: Dondozo\n|-damage|p1a: Dondozo|10\/100\n|move|p1a: Dondozo|Wave Crash|p2a: Yuta\n|-damage|p2a: Yuta|0 fnt\n|faint|p2a: Yuta\n|-damage|p1a: Dondozo|0 fnt|[from] Recoil\n|faint|p1a: Dondozo\n|\n|upkeep\n|\n|t:|1700586455\n|switch|p2a: Itadori|Lucario, F, tera:Fighting|11\/100\n|switch|p1a: Thundurus|Thundurus-Therian, M, shiny|100\/100\n|turn|19\n|\n|t:|1700586461\n|move|p1a: Thundurus|Volt Switch|p2a: Itadori\n|-damage|p2a: Itadori|0 fnt\n|faint|p2a: Itadori\n|\n|t:|1700586466\n|switch|p1a: Pelipper|Pelipper, F, shiny|73\/100|[from] Volt Switch\n|-weather|RainDance|[from] ability: Drizzle|[of] p1a: Pelipper\n|\n|-weather|RainDance|[upkeep]\n|upkeep\n|\n|t:|1700586472\n|switch|p2a: Megumi|Lycanroc-Dusk, M|100\/100\n|turn|20\n|\n|t:|1700586479\n|switch|p1a: Gholdengo|Gholdengo, shiny|100\/100\n|-item|p1a: Gholdengo|Air Balloon\n|move|p2a: Megumi|Accelerock|p1a: Gholdengo\n|-resisted|p1a: Gholdengo\n|-damage|p1a: Gholdengo|85\/100\n|-enditem|p1a: Gholdengo|Air Balloon\n|-damage|p2a: Megumi|91\/100|[from] item: Life Orb\n|\n|-weather|RainDance|[upkeep]\n|upkeep\n|turn|21\n|\n|t:|1700586489\n|move|p2a: Megumi|Crunch|p1a: Gholdengo\n|-supereffective|p1a: Gholdengo\n|-damage|p1a: Gholdengo|0 fnt\n|faint|p1a: Gholdengo\n|-damage|p2a: Megumi|81\/100|[from] item: Life Orb\n|\n|-weather|RainDance|[upkeep]\n|upkeep\n|\n|t:|1700586493\n|switch|p1a: Thundurus|Thundurus-Therian, M, shiny|100\/100\n|turn|22\n|\n|t:|1700586497\n|move|p1a: Thundurus|Thunder|p2a: Megumi\n|-damage|p2a: Megumi|0 fnt\n|faint|p2a: Megumi\n|\n|-weather|RainDance|[upkeep]\n|upkeep\n|\n|t:|1700586503\n|switch|p2a: Nobara|Banette, M|1\/100\n|turn|23\n|\n|t:|1700586507\n|move|p1a: Thundurus|Thunder|p2a: Nobara\n|-damage|p2a: Nobara|0 fnt\n|faint|p2a: Nobara\n|\n|win|Kskdkffjjf\n|raw|Kskdkffjjf's rating: 1045 &rarr; <strong>1074<\/strong><br \/>(+29 for winning)\n|raw|kodzuken77's rating: 1000 &rarr; <strong>1000<\/strong><br \/>(+0 for losing)\n","uploadtime":1700586515,"views":4,"p1id":"kskdkffjjf","p2id":"kodzuken77","formatid":"gen9ou","rating":1000,"private":0,"password":""}