{"id":"gen9ou-1991192236","p1":"Tar-Minyatur","p2":"malk tyme","format":"[Gen 9] OU","log":"|j|\u2606Tar-Minyatur\n|j|\u2606malk tyme\n|t:|1700055578\n|gametype|singles\n|player|p1|Tar-Minyatur|101|1655\n|player|p2|malk tyme|170|1738\n|teamsize|p1|6\n|teamsize|p2|6\n|gen|9\n|tier|[Gen 9] OU\n|rated|\n|rule|Sleep Clause Mod: Limit one foe put to sleep\n|rule|Species Clause: Limit one of each Pok\u00e9mon\n|rule|OHKO Clause: OHKO moves are banned\n|rule|Evasion Items Clause: Evasion items are banned\n|rule|Evasion Moves Clause: Evasion moves are banned\n|rule|Endless Battle Clause: Forcing endless battles is banned\n|rule|HP Percentage Mod: HP is shown in percentages\n|clearpoke\n|poke|p1|Landorus-Therian, M|\n|poke|p1|Cinderace, F|\n|poke|p1|Zapdos|\n|poke|p1|Rotom-Wash|\n|poke|p1|Zamazenta-*|\n|poke|p1|Dragapult, M|\n|poke|p2|Iron Hands|\n|poke|p2|Thundurus-Therian, M|\n|poke|p2|Hoopa-Unbound|\n|poke|p2|Ursaluna, F|\n|poke|p2|Hatterene, F|\n|poke|p2|Iron Treads|\n|teampreview\n|inactive|Battle timer is ON: inactive players will automatically lose when time's up. (requested by Tar-Minyatur)\n|\n|t:|1700055609\n|start\n|switch|p1a: Rotom|Rotom-Wash|100\/100\n|switch|p2a: Thundurus|Thundurus-Therian, M|100\/100\n|turn|1\n|\n|t:|1700055616\n|move|p2a: Thundurus|Nasty Plot|p2a: Thundurus\n|-boost|p2a: Thundurus|spa|2\n|move|p1a: Rotom|Will-O-Wisp|p2a: Thundurus\n|-status|p2a: Thundurus|brn\n|\n|-damage|p2a: Thundurus|94\/100 brn|[from] brn\n|upkeep\n|turn|2\n|\n|t:|1700055626\n|switch|p1a: Landorus|Landorus-Therian, M|100\/100\n|-ability|p1a: Landorus|Intimidate|boost\n|-unboost|p2a: Thundurus|atk|1\n|move|p2a: Thundurus|Thunderbolt|p1a: Landorus\n|-immune|p1a: Landorus\n|\n|-damage|p2a: Thundurus|88\/100 brn|[from] brn\n|upkeep\n|turn|3\n|\n|t:|1700055640\n|-terastallize|p2a: Thundurus|Flying\n|move|p2a: Thundurus|Tera Blast|p1a: Landorus|[anim] Tera Blast Flying\n|-damage|p1a: Landorus|0 fnt\n|faint|p1a: Landorus\n|\n|-damage|p2a: Thundurus|82\/100 brn|[from] brn\n|upkeep\n|\n|t:|1700055660\n|switch|p1a: Dragapult|Dragapult, M|100\/100\n|turn|4\n|\n|t:|1700055677\n|switch|p2a: Iron Hands|Iron Hands|100\/100\n|move|p1a: Dragapult|Shadow Ball|p2a: Iron Hands\n|-damage|p2a: Iron Hands|54\/100\n|\n|upkeep\n|turn|5\n|\n|t:|1700055688\n|move|p1a: Dragapult|Shadow Ball|p2a: Iron Hands\n|-damage|p2a: Iron Hands|6\/100\n|move|p2a: Iron Hands|Ice Punch|p1a: Dragapult\n|-supereffective|p1a: Dragapult\n|-damage|p1a: Dragapult|12\/100\n|-status|p1a: Dragapult|frz\n|\n|upkeep\n|turn|6\n|\n|t:|1700055697\n|cant|p1a: Dragapult|frz\n|move|p2a: Iron Hands|Ice Punch|p1a: Dragapult\n|-supereffective|p1a: Dragapult\n|-damage|p1a: Dragapult|0 fnt\n|faint|p1a: Dragapult\n|\n|upkeep\n|\n|t:|1700055704\n|switch|p1a: Cinderace|Cinderace, F|100\/100\n|turn|7\n|\n|t:|1700055708\n|move|p1a: Cinderace|Pyro Ball|p2a: Iron Hands\n|-damage|p2a: Iron Hands|0 fnt\n|faint|p2a: Iron Hands\n|-end|p2a: Iron Hands|Quark Drive|[silent]\n|\n|upkeep\n|inactive|malk tyme has 120 seconds left.\n|\n|t:|1700055753\n|switch|p2a: Hatterene|Hatterene, F|100\/100\n|turn|8\n|\n|t:|1700055757\n|move|p1a: Cinderace|Pyro Ball|p2a: Hatterene|[miss]\n|-miss|p1a: Cinderace|p2a: Hatterene\n|move|p2a: Hatterene|Trick Room|p2a: Hatterene\n|-fieldstart|move: Trick Room|[of] p2a: Hatterene\n|\n|upkeep\n|turn|9\n|inactive|malk tyme has 120 seconds left.\n|\n|t:|1700055765\n|switch|p2a: Ursaluna|Ursaluna, F|100\/100\n|move|p1a: Cinderace|Pyro Ball|p2a: Ursaluna\n|-damage|p2a: Ursaluna|62\/100\n|\n|-status|p2a: Ursaluna|brn|[from] item: Flame Orb\n|upkeep\n|turn|10\n|\n|t:|1700055774\n|move|p2a: Ursaluna|Facade|p1a: Cinderace\n|-damage|p1a: Cinderace|0 fnt\n|faint|p1a: Cinderace\n|\n|-damage|p2a: Ursaluna|56\/100 brn|[from] brn\n|upkeep\n|\n|t:|1700055781\n|switch|p1a: Rotom|Rotom-Wash|100\/100\n|turn|11\n|\n|t:|1700055788\n|move|p2a: Ursaluna|Swords Dance|p2a: Ursaluna\n|-boost|p2a: Ursaluna|atk|2\n|move|p1a: Rotom|Hydro Pump|p2a: Ursaluna\n|-supereffective|p2a: Ursaluna\n|-damage|p2a: Ursaluna|0 fnt\n|faint|p2a: Ursaluna\n|\n|upkeep\n|j| Lario\n|\n|t:|1700055794\n|switch|p2a: Hoopa|Hoopa-Unbound|100\/100\n|turn|12\n|\n|t:|1700055800\n|move|p1a: Rotom|Volt Switch|p2a: Hoopa\n|-damage|p2a: Hoopa|77\/100\n|\n|t:|1700055804\n|switch|p1a: Zapdos|Zapdos|100\/100|[from] Volt Switch\n|move|p2a: Hoopa|Nasty Plot|p2a: Hoopa\n|-boost|p2a: Hoopa|spa|2\n|\n|-fieldend|move: Trick Room\n|upkeep\n|turn|13\n|\n|t:|1700055816\n|move|p1a: Zapdos|Hurricane|p2a: Hoopa\n|-damage|p2a: Hoopa|26\/100\n|move|p2a: Hoopa|Psyshock|p1a: Zapdos\n|-damage|p1a: Zapdos|0 fnt\n|faint|p1a: Zapdos\n|\n|upkeep\n|\n|t:|1700055825\n|switch|p1a: Zamazenta|Zamazenta|100\/100\n|-ability|p1a: Zamazenta|Dauntless Shield|boost\n|-boost|p1a: Zamazenta|def|1\n|turn|14\n|\n|t:|1700055833\n|move|p1a: Zamazenta|Crunch|p2a: Hoopa\n|-damage|p2a: Hoopa|0 fnt\n|faint|p2a: Hoopa\n|\n|upkeep\n|\n|t:|1700055838\n|switch|p2a: Hatterene|Hatterene, F|100\/100\n|turn|15\n|\n|t:|1700055849\n|move|p1a: Zamazenta|Heavy Slam|p2a: Hatterene\n|-supereffective|p2a: Hatterene\n|-damage|p2a: Hatterene|19\/100\n|move|p2a: Hatterene|Trick Room|p2a: Hatterene\n|-fieldstart|move: Trick Room|[of] p2a: Hatterene\n|\n|upkeep\n|turn|16\n|\n|t:|1700055862\n|move|p2a: Hatterene|Misty Explosion|p1a: Zamazenta\n|-supereffective|p1a: Zamazenta\n|-damage|p1a: Zamazenta|21\/100\n|faint|p2a: Hatterene\n|move|p1a: Zamazenta|Crunch|p2: Hatterene|[notarget]\n|-fail|p1a: Zamazenta\n|\n|upkeep\n|\n|t:|1700055865\n|switch|p2a: Thundurus|Thundurus-Therian, M, tera:Flying|82\/100 brn\n|turn|17\n|\n|t:|1700055874\n|move|p2a: Thundurus|Nasty Plot|p2a: Thundurus\n|-boost|p2a: Thundurus|spa|2\n|move|p1a: Zamazenta|Heavy Slam|p2a: Thundurus\n|-damage|p2a: Thundurus|43\/100 brn\n|\n|-damage|p2a: Thundurus|37\/100 brn|[from] brn\n|upkeep\n|turn|18\n|\n|t:|1700055884\n|move|p2a: Thundurus|Thunderbolt|p1a: Zamazenta\n|-damage|p1a: Zamazenta|0 fnt\n|faint|p1a: Zamazenta\n|\n|-damage|p2a: Thundurus|31\/100 brn|[from] brn\n|upkeep\n|\n|t:|1700055890\n|switch|p1a: Rotom|Rotom-Wash|100\/100\n|turn|19\n|\n|t:|1700055896\n|move|p1a: Rotom|Hydro Pump|p2a: Thundurus|[miss]\n|-miss|p1a: Rotom|p2a: Thundurus\n|move|p2a: Thundurus|Thunderbolt|p1a: Rotom\n|-damage|p1a: Rotom|0 fnt\n|faint|p1a: Rotom\n|\n|win|malk tyme\n|raw|Tar-Minyatur's rating: 1655 &rarr; <strong>1640<\/strong><br \/>(-15 for losing)\n|raw|malk tyme's rating: 1738 &rarr; <strong>1753<\/strong><br \/>(+15 for winning)\n|l|\u2606malk tyme\n","uploadtime":1700055906,"views":5,"p1id":"tarminyatur","p2id":"malktyme","formatid":"gen9ou","rating":1640,"private":0,"password":""}