{"id":"gen9ou-1993446019","p1":"yyysneasel","p2":"OUVT TOSHI","format":"[Gen 9] OU","log":"|j|\u2606yyysneasel\n|j|\u2606OUVT TOSHI\n|t:|1700318904\n|gametype|singles\n|player|p1|yyysneasel|bugcatcher-gen4dp|1704\n|player|p2|OUVT TOSHI|palmer|1856\n|teamsize|p1|6\n|teamsize|p2|6\n|gen|9\n|tier|[Gen 9] OU\n|rated|\n|rule|Sleep Clause Mod: Limit one foe put to sleep\n|rule|Species Clause: Limit one of each Pok\u00e9mon\n|rule|OHKO Clause: OHKO moves are banned\n|rule|Evasion Items Clause: Evasion items are banned\n|rule|Evasion Moves Clause: Evasion moves are banned\n|rule|Endless Battle Clause: Forcing endless battles is banned\n|rule|HP Percentage Mod: HP is shown in percentages\n|clearpoke\n|poke|p1|Corviknight, M|\n|poke|p1|Toxapex, M|\n|poke|p1|Dondozo, M|\n|poke|p1|Slowking-Galar, M|\n|poke|p1|Blissey, F|\n|poke|p1|Jirachi|\n|poke|p2|Ogerpon-Wellspring, F|\n|poke|p2|Zamazenta-*|\n|poke|p2|Ting-Lu|\n|poke|p2|Iron Moth|\n|poke|p2|Zapdos|\n|poke|p2|Ursaluna, F|\n|teampreview\n|\n|t:|1700318929\n|start\n|switch|p1a: stannin on bihness|Toxapex, M|100\/100\n|switch|p2a: Ogerpon|Ogerpon-Wellspring, F|100\/100\n|turn|1\n|\n|t:|1700318936\n|move|p2a: Ogerpon|U-turn|p1a: stannin on bihness\n|-resisted|p1a: stannin on bihness\n|-damage|p1a: stannin on bihness|92\/100\n|\n|t:|1700318941\n|switch|p2a: Ting-Lu|Ting-Lu|100\/100|[from] U-turn\n|-ability|p2a: Ting-Lu|Vessel of Ruin\n|move|p1a: stannin on bihness|Toxic|p2a: Ting-Lu\n|-status|p2a: Ting-Lu|tox\n|\n|-damage|p2a: Ting-Lu|94\/100 tox|[from] psn\n|upkeep\n|turn|2\n|\n|t:|1700318946\n|move|p2a: Ting-Lu|Stealth Rock|p1a: stannin on bihness\n|-sidestart|p1: yyysneasel|move: Stealth Rock\n|move|p1a: stannin on bihness|Infestation|p2a: Ting-Lu\n|-supereffective|p2a: Ting-Lu\n|-damage|p2a: Ting-Lu|92\/100 tox\n|-activate|p2a: Ting-Lu|move: Infestation|[of] p1a: stannin on bihness\n|\n|-heal|p2a: Ting-Lu|98\/100 tox|[from] item: Leftovers\n|-damage|p2a: Ting-Lu|86\/100 tox|[from] psn\n|-damage|p2a: Ting-Lu|73\/100 tox|[from] move: Infestation|[partiallytrapped]\n|upkeep\n|turn|3\n|\n|t:|1700318951\n|move|p1a: stannin on bihness|Infestation|p2a: Ting-Lu\n|-supereffective|p2a: Ting-Lu\n|-damage|p2a: Ting-Lu|70\/100 tox\n|move|p2a: Ting-Lu|Whirlwind|p1a: stannin on bihness\n|drag|p1a: Joever|Jirachi|100\/100\n|-damage|p1a: Joever|94\/100|[from] Stealth Rock\n|\n|-heal|p2a: Ting-Lu|76\/100 tox|[from] item: Leftovers\n|-damage|p2a: Ting-Lu|58\/100 tox|[from] psn\n|-end|p2a: Ting-Lu|Infestation|[partiallytrapped]|[silent]\n|upkeep\n|turn|4\n|\n|t:|1700318958\n|switch|p2a: Iron Moth|Iron Moth|100\/100\n|-enditem|p2a: Iron Moth|Booster Energy\n|-activate|p2a: Iron Moth|ability: Quark Drive|[fromitem]\n|-start|p2a: Iron Moth|quarkdrivespe\n|move|p1a: Joever|Trick|p2a: Iron Moth\n|-activate|p1a: Joever|move: Trick|[of] p2a: Iron Moth\n|-item|p2a: Iron Moth|Choice Scarf|[from] move: Trick\n|-enditem|p1a: Joever|Choice Scarf|[silent]|[from] move: Trick\n|\n|upkeep\n|turn|5\n|\n|t:|1700318969\n|-end|p2a: Iron Moth|Quark Drive|[silent]\n|switch|p2a: Zapdos|Zapdos|100\/100\n|switch|p1a: Blissey|Blissey, F|100\/100\n|\n|upkeep\n|turn|6\n|\n|t:|1700318975\n|switch|p2a: Ursaluna|Ursaluna, F|100\/100\n|move|p1a: Blissey|Stealth Rock|p2a: Ursaluna\n|-sidestart|p2: OUVT TOSHI|move: Stealth Rock\n|\n|-status|p2a: Ursaluna|brn|[from] item: Flame Orb\n|upkeep\n|turn|7\n|\n|t:|1700318979\n|switch|p1a: FreePalestine\ud83c\uddf5\ud83c\uddf8|Corviknight, M|100\/100\n|-damage|p1a: FreePalestine\ud83c\uddf5\ud83c\uddf8|88\/100|[from] Stealth Rock\n|-ability|p1a: FreePalestine\ud83c\uddf5\ud83c\uddf8|Pressure\n|move|p2a: Ursaluna|Swords Dance|p2a: Ursaluna\n|-boost|p2a: Ursaluna|atk|2\n|\n|-damage|p2a: Ursaluna|94\/100 brn|[from] brn\n|upkeep\n|turn|8\n|\n|t:|1700318986\n|move|p2a: Ursaluna|Fire Punch|p1a: FreePalestine\ud83c\uddf5\ud83c\uddf8\n|-supereffective|p1a: FreePalestine\ud83c\uddf5\ud83c\uddf8\n|-crit|p1a: FreePalestine\ud83c\uddf5\ud83c\uddf8\n|-damage|p1a: FreePalestine\ud83c\uddf5\ud83c\uddf8|0 fnt\n|-damage|p2a: Ursaluna|78\/100 brn|[from] item: Rocky Helmet|[of] p1a: FreePalestine\ud83c\uddf5\ud83c\uddf8\n|faint|p1a: FreePalestine\ud83c\uddf5\ud83c\uddf8\n|\n|-damage|p2a: Ursaluna|72\/100 brn|[from] brn\n|upkeep\n|\n|t:|1700318993\n|switch|p1a: Ripbozo \ud83d\ude02 \ud83d\ude02|Dondozo, M|100\/100\n|-damage|p1a: Ripbozo \ud83d\ude02 \ud83d\ude02|88\/100|[from] Stealth Rock\n|turn|9\n|\n|t:|1700318997\n|move|p2a: Ursaluna|Facade|p1a: Ripbozo \ud83d\ude02 \ud83d\ude02\n|-damage|p1a: Ripbozo \ud83d\ude02 \ud83d\ude02|30\/100\n|move|p1a: Ripbozo \ud83d\ude02 \ud83d\ude02|Wave Crash|p2a: Ursaluna\n|-supereffective|p2a: Ursaluna\n|-damage|p2a: Ursaluna|4\/100 brn\n|-damage|p1a: Ripbozo \ud83d\ude02 \ud83d\ude02|10\/100|[from] Recoil\n|\n|-heal|p1a: Ripbozo \ud83d\ude02 \ud83d\ude02|17\/100|[from] item: Leftovers\n|-damage|p2a: Ursaluna|0 fnt|[from] brn\n|faint|p2a: Ursaluna\n|upkeep\n|\n|t:|1700319002\n|switch|p2a: Ogerpon|Ogerpon-Wellspring, F|100\/100\n|-damage|p2a: Ogerpon|88\/100|[from] Stealth Rock\n|turn|10\n|\n|t:|1700319007\n|switch|p1a: stannin on bihness|Toxapex, M|100\/100\n|move|p2a: Ogerpon|Swords Dance|p2a: Ogerpon\n|-boost|p2a: Ogerpon|atk|2\n|\n|upkeep\n|turn|11\n|\n|t:|1700319013\n|move|p2a: Ogerpon|U-turn|p1a: stannin on bihness\n|-resisted|p1a: stannin on bihness\n|-damage|p1a: stannin on bihness|83\/100\n|\n|t:|1700319019\n|switch|p2a: Iron Moth|Iron Moth|100\/100|[from] U-turn\n|-damage|p2a: Iron Moth|76\/100|[from] Stealth Rock\n|move|p1a: stannin on bihness|Toxic|p2a: Iron Moth\n|-immune|p2a: Iron Moth\n|\n|upkeep\n|turn|12\n|\n|t:|1700319025\n|-end|p2a: Iron Moth|Quark Drive|[silent]\n|switch|p2a: Ting-Lu|Ting-Lu|58\/100 tox\n|-damage|p2a: Ting-Lu|51\/100 tox|[from] Stealth Rock\n|-ability|p2a: Ting-Lu|Vessel of Ruin\n|switch|p1a: Blissey|Blissey, F|100\/100\n|\n|-heal|p2a: Ting-Lu|58\/100 tox|[from] item: Leftovers\n|-damage|p2a: Ting-Lu|51\/100 tox|[from] psn\n|upkeep\n|turn|13\n|\n|t:|1700319032\n|move|p1a: Blissey|Seismic Toss|p2a: Ting-Lu\n|-damage|p2a: Ting-Lu|32\/100 tox\n|move|p2a: Ting-Lu|Ruination|p1a: Blissey\n|-damage|p1a: Blissey|50\/100\n|\n|-heal|p2a: Ting-Lu|38\/100 tox|[from] item: Leftovers\n|-damage|p2a: Ting-Lu|26\/100 tox|[from] psn\n|upkeep\n|turn|14\n|\n|t:|1700319036\n|move|p1a: Blissey|Soft-Boiled|p1a: Blissey\n|-heal|p1a: Blissey|100\/100\n|move|p2a: Ting-Lu|Whirlwind|p1a: Blissey\n|drag|p1a: Ripbozo \ud83d\ude02 \ud83d\ude02|Dondozo, M|17\/100\n|-damage|p1a: Ripbozo \ud83d\ude02 \ud83d\ude02|4\/100|[from] Stealth Rock\n|\n|-heal|p2a: Ting-Lu|32\/100 tox|[from] item: Leftovers\n|-heal|p1a: Ripbozo \ud83d\ude02 \ud83d\ude02|10\/100|[from] item: Leftovers\n|-damage|p2a: Ting-Lu|13\/100 tox|[from] psn\n|upkeep\n|turn|15\n|\n|t:|1700319041\n|move|p2a: Ting-Lu|Earthquake|p1a: Ripbozo \ud83d\ude02 \ud83d\ude02\n|-damage|p1a: Ripbozo \ud83d\ude02 \ud83d\ude02|0 fnt\n|faint|p1a: Ripbozo \ud83d\ude02 \ud83d\ude02\n|\n|-heal|p2a: Ting-Lu|20\/100 tox|[from] item: Leftovers\n|-damage|p2a: Ting-Lu|0 fnt|[from] psn\n|faint|p2a: Ting-Lu\n|upkeep\n|j| D cmxmvkfkg\n|n| D cmxmvkfkg|dcmxmvkfkg\n|\n|t:|1700319056\n|switch|p2a: Zapdos|Zapdos|100\/100\n|switch|p1a: Slowking|Slowking-Galar, M|100\/100\n|-damage|p1a: Slowking|88\/100|[from] Stealth Rock\n|turn|16\n|c| D cmxmvkfkg|I\u2019m h the anti semite is back\n|\n|t:|1700319062\n|move|p2a: Zapdos|Discharge|p1a: Slowking\n|-damage|p1a: Slowking|56\/100\n|-status|p1a: Slowking|par\n|move|p1a: Slowking|Future Sight|p2a: Zapdos\n|-start|p1a: Slowking|move: Future Sight\n|\n|upkeep\n|turn|17\n|c| D cmxmvkfkg|Oh the *\n|c| D cmxmvkfkg|L\n|\n|t:|1700319070\n|switch|p1a: Blissey|Blissey, F|100\/100\n|move|p2a: Zapdos|Hurricane|p1a: Blissey\n|-crit|p1a: Blissey\n|-damage|p1a: Blissey|73\/100\n|-start|p1a: Blissey|confusion\n|\n|upkeep\n|turn|18\n|\n|t:|1700319080\n|move|p2a: Zapdos|Discharge|p1a: Blissey\n|-damage|p1a: Blissey|61\/100\n|-status|p1a: Blissey|par\n|-activate|p1a: Blissey|confusion\n|-damage|p1a: Blissey|60\/100 par|[from] confusion\n|\n|-end|p2a: Zapdos|move: Future Sight\n|-damage|p2a: Zapdos|53\/100\n|upkeep\n|turn|19\n|\n|t:|1700319091\n|switch|p2a: Zamazenta|Zamazenta|100\/100\n|-ability|p2a: Zamazenta|Dauntless Shield|boost\n|-boost|p2a: Zamazenta|def|1\n|-activate|p1a: Blissey|confusion\n|-damage|p1a: Blissey|60\/100 par|[from] confusion\n|\n|upkeep\n|turn|20\n|c| D cmxmvkfkg|Uses words like fascist but doesn\u2019t know what it means\n|c| D cmxmvkfkg|lol\n|\n|t:|1700319101\n|-curestatus|p1a: Blissey|par|[from] ability: Natural Cure\n|switch|p1a: stannin on bihness|Toxapex, M|100\/100\n|move|p2a: Zamazenta|Crunch|p1a: stannin on bihness\n|-damage|p1a: stannin on bihness|83\/100\n|\n|upkeep\n|turn|21\n|j| fgbdfgbdfg\n|c|\u2606yyysneasel|i know about the elon musk propaganda dont worry\n|c|\u2606yyysneasel|i know my history too\n|c|\u2606yyysneasel|and from river to sea is just a geographically and historically fair formula\n|\n|t:|1700319160\n|switch|p2a: Zapdos|Zapdos|53\/100\n|move|p1a: stannin on bihness|Toxic|p2a: Zapdos\n|-status|p2a: Zapdos|tox\n|\n|-damage|p2a: Zapdos|47\/100 tox|[from] psn\n|upkeep\n|turn|22\n|c|\u2606yyysneasel|just go and educate yourself instead of repeating stupid zionist propaganda\n|\n|t:|1700319184\n|switch|p1a: Blissey|Blissey, F|60\/100\n|move|p2a: Zapdos|Discharge|p1a: Blissey\n|-damage|p1a: Blissey|46\/100\n|-status|p1a: Blissey|par\n|\n|-damage|p2a: Zapdos|35\/100 tox|[from] psn\n|upkeep\n|turn|23\n|\n|t:|1700319193\n|switch|p2a: Ogerpon|Ogerpon-Wellspring, F|88\/100\n|-damage|p2a: Ogerpon|76\/100|[from] Stealth Rock\n|cant|p1a: Blissey|par\n|\n|upkeep\n|turn|24\n|j| Dnrmgkdktss\n|\n|t:|1700319196\n|-curestatus|p1a: Blissey|par|[from] ability: Natural Cure\n|switch|p1a: stannin on bihness|Toxapex, M|100\/100\n|move|p2a: Ogerpon|Swords Dance|p2a: Ogerpon\n|-boost|p2a: Ogerpon|atk|2\n|\n|upkeep\n|turn|25\n|n| Dnrmgkdktss|dnrmgkdktss\n|\n|t:|1700319213\n|-terastallize|p2a: Ogerpon|Water\n|detailschange|p2a: Ogerpon|Ogerpon-Wellspring-Tera, F, tera:Water\n|-ability|p2a: Ogerpon|Embody Aspect (Wellspring)|boost\n|-boost|p2a: Ogerpon|spd|1\n|move|p2a: Ogerpon|Horn Leech|p1a: stannin on bihness\n|-damage|p1a: stannin on bihness|49\/100\n|-heal|p2a: Ogerpon|100\/100|[from] drain|[of] p1a: stannin on bihness\n|move|p1a: stannin on bihness|Toxic|p2a: Ogerpon\n|-status|p2a: Ogerpon|tox\n|\n|-damage|p2a: Ogerpon|95\/100 tox|[from] psn\n|upkeep\n|turn|26\n|c| Dnrmgkdktss|You don\u2019t know what fascism is, and you don\u2019t know what Zionism is\n|\n|t:|1700319221\n|switch|p1a: Slowking|Slowking-Galar, M|90\/100 par\n|-damage|p1a: Slowking|77\/100 par|[from] Stealth Rock\n|move|p2a: Ogerpon|Horn Leech|p1a: Slowking\n|-resisted|p1a: Slowking\n|-damage|p1a: Slowking|22\/100 par\n|-heal|p2a: Ogerpon|100\/100 tox|[from] drain|[of] p1a: Slowking\n|\n|-damage|p2a: Ogerpon|89\/100 tox|[from] psn\n|upkeep\n|turn|27\n|j| Ashfak\n|c| Dnrmgkdktss|I know my history too\n|c| Dnrmgkdktss|from\n|c| Dnrmgkdktss|From\n|c|\u2606yyysneasel|i know what zionism is\n|c|\u2606yyysneasel|the initial idea of it was fair\n|c|\u2606yyysneasel|the current idea is not\n|\n|t:|1700319254\n|switch|p1a: stannin on bihness|Toxapex, M|82\/100\n|move|p2a: Ogerpon|Horn Leech|p1a: stannin on bihness\n|-damage|p1a: stannin on bihness|25\/100\n|-heal|p2a: Ogerpon|100\/100 tox|[from] drain|[of] p1a: stannin on bihness\n|\n|-damage|p2a: Ogerpon|83\/100 tox|[from] psn\n|upkeep\n|turn|28\n|\n|t:|1700319258\n|switch|p1a: Slowking|Slowking-Galar, M|55\/100 par\n|-damage|p1a: Slowking|43\/100 par|[from] Stealth Rock\n|move|p2a: Ogerpon|Horn Leech|p1a: Slowking\n|-resisted|p1a: Slowking\n|-damage|p1a: Slowking|0 fnt\n|-heal|p2a: Ogerpon|100\/100 tox|[from] drain|[of] p1a: Slowking\n|faint|p1a: Slowking\n|\n|-damage|p2a: Ogerpon|77\/100 tox|[from] psn\n|upkeep\n|\n|t:|1700319264\n|switch|p1a: Joever|Jirachi|94\/100\n|-damage|p1a: Joever|88\/100|[from] Stealth Rock\n|turn|29\n|\n|t:|1700319269\n|move|p2a: Ogerpon|Ivy Cudgel|p1a: Joever|[anim] Ivy Cudgel Water\n|-damage|p1a: Joever|0 fnt\n|faint|p1a: Joever\n|\n|-damage|p2a: Ogerpon|47\/100 tox|[from] psn\n|upkeep\n|\n|t:|1700319277\n|switch|p1a: stannin on bihness|Toxapex, M|58\/100\n|turn|30\n|\n|t:|1700319280\n|move|p2a: Ogerpon|Horn Leech|p1a: stannin on bihness\n|-damage|p1a: stannin on bihness|7\/100\n|-heal|p2a: Ogerpon|72\/100 tox|[from] drain|[of] p1a: stannin on bihness\n|move|p1a: stannin on bihness|Recover|p1a: stannin on bihness\n|-heal|p1a: stannin on bihness|58\/100\n|\n|-damage|p2a: Ogerpon|36\/100 tox|[from] psn\n|upkeep\n|turn|31\n|\n|t:|1700319298\n|move|p2a: Ogerpon|U-turn|p1a: stannin on bihness\n|-resisted|p1a: stannin on bihness\n|-damage|p1a: stannin on bihness|41\/100\n|\n|t:|1700319301\n|switch|p2a: Zapdos|Zapdos|35\/100 tox|[from] U-turn\n|move|p1a: stannin on bihness|Recover|p1a: stannin on bihness\n|-heal|p1a: stannin on bihness|91\/100\n|\n|-damage|p2a: Zapdos|29\/100 tox|[from] psn\n|upkeep\n|turn|32\n|\n|t:|1700319327\n|switch|p2a: Zamazenta|Zamazenta|100\/100\n|move|p1a: stannin on bihness|Infestation|p2a: Zamazenta\n|-resisted|p2a: Zamazenta\n|-damage|p2a: Zamazenta|99\/100\n|-activate|p2a: Zamazenta|move: Infestation|[of] p1a: stannin on bihness\n|\n|-damage|p2a: Zamazenta|87\/100|[from] move: Infestation|[partiallytrapped]\n|upkeep\n|turn|33\n|\n|t:|1700319333\n|move|p2a: Zamazenta|Crunch|p1a: stannin on bihness\n|-damage|p1a: stannin on bihness|74\/100\n|move|p1a: stannin on bihness|Surf|p2a: Zamazenta\n|-damage|p2a: Zamazenta|71\/100\n|\n|-damage|p2a: Zamazenta|59\/100|[from] move: Infestation|[partiallytrapped]\n|upkeep\n|turn|34\n|\n|t:|1700319337\n|move|p2a: Zamazenta|Crunch|p1a: stannin on bihness\n|-damage|p1a: stannin on bihness|59\/100\n|move|p1a: stannin on bihness|Toxic|p2a: Zamazenta\n|-status|p2a: Zamazenta|tox\n|\n|-damage|p2a: Zamazenta|53\/100 tox|[from] psn\n|-damage|p2a: Zamazenta|41\/100 tox|[from] move: Infestation|[partiallytrapped]\n|upkeep\n|turn|35\n|\n|t:|1700319340\n|move|p2a: Zamazenta|Crunch|p1a: stannin on bihness\n|-damage|p1a: stannin on bihness|42\/100\n|move|p1a: stannin on bihness|Recover|p1a: stannin on bihness\n|-heal|p1a: stannin on bihness|92\/100\n|\n|-damage|p2a: Zamazenta|29\/100 tox|[from] psn\n|-damage|p2a: Zamazenta|17\/100 tox|[from] move: Infestation|[partiallytrapped]\n|upkeep\n|turn|36\n|\n|t:|1700319346\n|move|p2a: Zamazenta|Crunch|p1a: stannin on bihness\n|-damage|p1a: stannin on bihness|76\/100\n|move|p1a: stannin on bihness|Recover|p1a: stannin on bihness\n|-heal|p1a: stannin on bihness|100\/100\n|\n|-damage|p2a: Zamazenta|0 fnt|[from] psn\n|faint|p2a: Zamazenta\n|upkeep\n|j| Skekgkakgmg\n|\n|t:|1700319353\n|switch|p2a: Iron Moth|Iron Moth|76\/100\n|-damage|p2a: Iron Moth|51\/100|[from] Stealth Rock\n|turn|37\n|\n|t:|1700319359\n|move|p2a: Iron Moth|Psychic|p1a: stannin on bihness\n|-supereffective|p1a: stannin on bihness\n|-damage|p1a: stannin on bihness|52\/100\n|move|p1a: stannin on bihness|Infestation|p2a: Iron Moth\n|-resisted|p2a: Iron Moth\n|-damage|p2a: Iron Moth|50\/100\n|-activate|p2a: Iron Moth|move: Infestation|[of] p1a: stannin on bihness\n|\n|-damage|p2a: Iron Moth|38\/100|[from] move: Infestation|[partiallytrapped]\n|upkeep\n|turn|38\n|\n|t:|1700319363\n|switch|p1a: Blissey|Blissey, F|46\/100\n|move|p2a: Iron Moth|Psychic|p1a: Blissey\n|-damage|p1a: Blissey|35\/100\n|\n|-end|p2a: Iron Moth|Infestation|[partiallytrapped]|[silent]\n|upkeep\n|turn|39\n|\n|t:|1700319374\n|move|p2a: Iron Moth|Psychic|p1a: Blissey\n|-damage|p1a: Blissey|25\/100\n|-unboost|p1a: Blissey|spd|1\n|move|p1a: Blissey|Soft-Boiled|p1a: Blissey\n|-heal|p1a: Blissey|75\/100\n|\n|upkeep\n|turn|40\n|\n|t:|1700319379\n|move|p2a: Iron Moth|Psychic|p1a: Blissey\n|-damage|p1a: Blissey|57\/100\n|move|p1a: Blissey|Seismic Toss|p2a: Iron Moth\n|-damage|p2a: Iron Moth|4\/100\n|\n|upkeep\n|turn|41\n|\n|t:|1700319385\n|move|p2a: Iron Moth|Psychic|p1a: Blissey\n|-crit|p1a: Blissey\n|-damage|p1a: Blissey|33\/100\n|move|p1a: Blissey|Soft-Boiled|p1a: Blissey\n|-heal|p1a: Blissey|83\/100\n|\n|upkeep\n|turn|42\n|\n|t:|1700319390\n|move|p2a: Iron Moth|Psychic|p1a: Blissey\n|-damage|p1a: Blissey|68\/100\n|move|p1a: Blissey|Soft-Boiled|p1a: Blissey\n|-heal|p1a: Blissey|100\/100\n|\n|upkeep\n|turn|43\n|\n|t:|1700319396\n|move|p2a: Iron Moth|Psychic|p1a: Blissey\n|-damage|p1a: Blissey|84\/100\n|move|p1a: Blissey|Seismic Toss|p2a: Iron Moth\n|-damage|p2a: Iron Moth|0 fnt\n|faint|p2a: Iron Moth\n|-end|p2a: Iron Moth|Quark Drive|[silent]\n|\n|upkeep\n|\n|t:|1700319402\n|switch|p2a: Ogerpon|Ogerpon-Wellspring-Tera, F, tera:Water|36\/100 tox\n|-damage|p2a: Ogerpon|24\/100 tox|[from] Stealth Rock\n|-ability|p2a: Ogerpon|Embody Aspect (Wellspring)|boost\n|-boost|p2a: Ogerpon|spd|1\n|turn|44\n|\n|t:|1700319407\n|switch|p1a: stannin on bihness|Toxapex, M|86\/100\n|move|p2a: Ogerpon|Horn Leech|p1a: stannin on bihness\n|-damage|p1a: stannin on bihness|58\/100\n|-heal|p2a: Ogerpon|38\/100 tox|[from] drain|[of] p1a: stannin on bihness\n|\n|-damage|p2a: Ogerpon|32\/100 tox|[from] psn\n|upkeep\n|turn|45\n|\n|t:|1700319414\n|move|p2a: Ogerpon|Swords Dance|p2a: Ogerpon\n|-boost|p2a: Ogerpon|atk|2\n|move|p1a: stannin on bihness|Infestation|p2a: Ogerpon\n|-damage|p2a: Ogerpon|30\/100 tox\n|-activate|p2a: Ogerpon|move: Infestation|[of] p1a: stannin on bihness\n|\n|-damage|p2a: Ogerpon|18\/100 tox|[from] psn\n|-damage|p2a: Ogerpon|5\/100 tox|[from] move: Infestation|[partiallytrapped]\n|upkeep\n|turn|46\n|\n|t:|1700319424\n|-terastallize|p1a: stannin on bihness|Flying\n|move|p2a: Ogerpon|Horn Leech|p1a: stannin on bihness\n|-resisted|p1a: stannin on bihness\n|-damage|p1a: stannin on bihness|29\/100\n|-heal|p2a: Ogerpon|20\/100 tox|[from] drain|[of] p1a: stannin on bihness\n|move|p1a: stannin on bihness|Recover|p1a: stannin on bihness\n|-heal|p1a: stannin on bihness|79\/100\n|\n|-damage|p2a: Ogerpon|2\/100 tox|[from] psn\n|-damage|p2a: Ogerpon|0 fnt|[from] move: Infestation|[partiallytrapped]\n|faint|p2a: Ogerpon\n|upkeep\n|\n|t:|1700319436\n|switch|p2a: Zapdos|Zapdos|29\/100 tox\n|turn|47\n|\n|t:|1700319439\n|switch|p1a: Blissey|Blissey, F|84\/100\n|move|p2a: Zapdos|Discharge|p1a: Blissey\n|-damage|p1a: Blissey|72\/100\n|\n|-damage|p2a: Zapdos|23\/100 tox|[from] psn\n|upkeep\n|turn|48\n|c|\u2606OUVT TOSHI|gg wp\n|\n|t:|1700319447\n|move|p2a: Zapdos|Hurricane|p1a: Blissey|[miss]\n|-miss|p2a: Zapdos|p1a: Blissey\n|move|p1a: Blissey|Seismic Toss|p2a: Zapdos\n|-damage|p2a: Zapdos|0 fnt\n|-status|p1a: Blissey|par|[from] ability: Static|[of] p2a: Zapdos\n|faint|p2a: Zapdos\n|\n|win|yyysneasel\n|raw|yyysneasel's rating: 1704 &rarr; <strong>1732<\/strong><br \/>(+28 for winning)\n|raw|OUVT TOSHI's rating: 1856 &rarr; <strong>1828<\/strong><br \/>(-28 for losing)\n","uploadtime":1700319131,"views":12,"p1id":"yyysneasel","p2id":"ouvttoshi","formatid":"gen9ou","rating":1732,"private":0,"password":""}