{"id":"gen9ou-1991685628","p1":"env inspector","p2":"lightoflights","format":"[Gen 9] OU","log":"|j|\u2606env inspector\n|j|\u2606lightoflights\n|t:|1700102518\n|gametype|singles\n|player|p1|env inspector|roark|1532\n|player|p2|lightoflights|lucas|1456\n|teamsize|p1|6\n|teamsize|p2|6\n|gen|9\n|tier|[Gen 9] OU\n|rated|\n|rule|Sleep Clause Mod: Limit one foe put to sleep\n|rule|Species Clause: Limit one of each Pok\u00e9mon\n|rule|OHKO Clause: OHKO moves are banned\n|rule|Evasion Items Clause: Evasion items are banned\n|rule|Evasion Moves Clause: Evasion moves are banned\n|rule|Endless Battle Clause: Forcing endless battles is banned\n|rule|HP Percentage Mod: HP is shown in percentages\n|clearpoke\n|poke|p1|Ribombee, F|\n|poke|p1|Great Tusk|\n|poke|p1|Gholdengo|\n|poke|p1|Manaphy|\n|poke|p1|Kingambit, F|\n|poke|p1|Iron Moth|\n|poke|p2|Cinderace, M|\n|poke|p2|Corviknight, M|\n|poke|p2|Haxorus, M|\n|poke|p2|Enamorus-Therian, F|\n|poke|p2|Iron Moth|\n|poke|p2|Toxapex, M|\n|teampreview\n|inactive|Battle timer is ON: inactive players will automatically lose when time's up. (requested by lightoflights)\n|\n|t:|1700102536\n|start\n|switch|p1a: Ribombee|Ribombee, F|100\/100\n|switch|p2a: Enamorus|Enamorus-Therian, F, shiny|100\/100\n|turn|1\n|\n|t:|1700102540\n|move|p1a: Ribombee|Stun Spore|p2a: Enamorus\n|-immune|p2a: Enamorus|[from] ability: Overcoat\n|move|p2a: Enamorus|Calm Mind|p2a: Enamorus\n|-boost|p2a: Enamorus|spa|1\n|-boost|p2a: Enamorus|spd|1\n|\n|upkeep\n|turn|2\n|\n|t:|1700102547\n|switch|p1a: Kingambit|Kingambit, F|100\/100\n|move|p2a: Enamorus|Calm Mind|p2a: Enamorus\n|-boost|p2a: Enamorus|spa|1\n|-boost|p2a: Enamorus|spd|1\n|\n|upkeep\n|turn|3\n|\n|t:|1700102550\n|-terastallize|p2a: Enamorus|Steel\n|move|p1a: Kingambit|Iron Head|p2a: Enamorus\n|-resisted|p2a: Enamorus\n|-damage|p2a: Enamorus|80\/100\n|cant|p2a: Enamorus|flinch\n|\n|-heal|p2a: Enamorus|86\/100|[from] item: Leftovers\n|upkeep\n|turn|4\n|\n|t:|1700102557\n|move|p1a: Kingambit|Kowtow Cleave|p2a: Enamorus\n|-damage|p2a: Enamorus|46\/100\n|move|p2a: Enamorus|Iron Defense|p2a: Enamorus\n|-boost|p2a: Enamorus|def|2\n|\n|-heal|p2a: Enamorus|52\/100|[from] item: Leftovers\n|upkeep\n|turn|5\n|\n|t:|1700102562\n|-end|p1a: Kingambit|fallenundefined|[silent]\n|switch|p1a: Iron Moth|Iron Moth|100\/100\n|-enditem|p1a: Iron Moth|Booster Energy\n|-activate|p1a: Iron Moth|ability: Quark Drive|[fromitem]\n|-start|p1a: Iron Moth|quarkdrivespe\n|move|p2a: Enamorus|Calm Mind|p2a: Enamorus\n|-boost|p2a: Enamorus|spa|1\n|-boost|p2a: Enamorus|spd|1\n|\n|-heal|p2a: Enamorus|58\/100|[from] item: Leftovers\n|upkeep\n|turn|6\n|\n|t:|1700102565\n|move|p1a: Iron Moth|Fiery Dance|p2a: Enamorus\n|-supereffective|p2a: Enamorus\n|-damage|p2a: Enamorus|27\/100\n|move|p2a: Enamorus|Psychic|p1a: Iron Moth\n|-supereffective|p1a: Iron Moth\n|-damage|p1a: Iron Moth|0 fnt\n|faint|p1a: Iron Moth\n|-end|p1a: Iron Moth|Quark Drive|[silent]\n|\n|-heal|p2a: Enamorus|33\/100|[from] item: Leftovers\n|upkeep\n|\n|t:|1700102571\n|switch|p1a: Great Tusk|Great Tusk|100\/100\n|-enditem|p1a: Great Tusk|Booster Energy\n|-activate|p1a: Great Tusk|ability: Protosynthesis|[fromitem]\n|-start|p1a: Great Tusk|protosynthesisspe\n|turn|7\n|\n|t:|1700102573\n|move|p1a: Great Tusk|Earthquake|p2a: Enamorus\n|-supereffective|p2a: Enamorus\n|-damage|p2a: Enamorus|0 fnt\n|faint|p2a: Enamorus\n|\n|upkeep\n|\n|t:|1700102576\n|switch|p2a: Corviknight|Corviknight, M, shiny|100\/100\n|-ability|p2a: Corviknight|Pressure\n|turn|8\n|\n|t:|1700102581\n|-terastallize|p1a: Great Tusk|Electric\n|move|p1a: Great Tusk|Bulk Up|p1a: Great Tusk\n|-boost|p1a: Great Tusk|atk|1\n|-boost|p1a: Great Tusk|def|1\n|move|p2a: Corviknight|Agility|p2a: Corviknight\n|-boost|p2a: Corviknight|spe|2\n|\n|upkeep\n|turn|9\n|\n|t:|1700102585\n|move|p1a: Great Tusk|Bulk Up|p1a: Great Tusk\n|-boost|p1a: Great Tusk|atk|1\n|-boost|p1a: Great Tusk|def|1\n|move|p2a: Corviknight|Bulk Up|p2a: Corviknight\n|-boost|p2a: Corviknight|atk|1\n|-boost|p2a: Corviknight|def|1\n|\n|upkeep\n|turn|10\n|\n|t:|1700102588\n|move|p1a: Great Tusk|Ice Spinner|p2a: Corviknight\n|-damage|p2a: Corviknight|74\/100\n|move|p2a: Corviknight|Agility|p2a: Corviknight\n|-boost|p2a: Corviknight|spe|2\n|\n|-heal|p2a: Corviknight|80\/100|[from] item: Leftovers\n|upkeep\n|turn|11\n|\n|t:|1700102599\n|-end|p1a: Great Tusk|Protosynthesis|[silent]\n|switch|p1a: Ribombee|Ribombee, F|100\/100\n|move|p2a: Corviknight|Bulk Up|p2a: Corviknight\n|-boost|p2a: Corviknight|atk|1\n|-boost|p2a: Corviknight|def|1\n|\n|-heal|p2a: Corviknight|86\/100|[from] item: Leftovers\n|upkeep\n|turn|12\n|\n|t:|1700102602\n|move|p2a: Corviknight|Power Trip|p1a: Ribombee\n|-resisted|p1a: Ribombee\n|-damage|p1a: Ribombee|24\/100\n|move|p1a: Ribombee|Stun Spore|p2a: Corviknight\n|-status|p2a: Corviknight|par\n|\n|-heal|p2a: Corviknight|92\/100 par|[from] item: Leftovers\n|upkeep\n|turn|13\n|\n|t:|1700102607\n|move|p1a: Ribombee|Sticky Web|p2a: Corviknight\n|-sidestart|p2: lightoflights|move: Sticky Web\n|move|p2a: Corviknight|Agility|p2a: Corviknight\n|-boost|p2a: Corviknight|spe|2\n|\n|-heal|p2a: Corviknight|98\/100 par|[from] item: Leftovers\n|upkeep\n|turn|14\n|\n|t:|1700102610\n|move|p1a: Ribombee|Moonblast|p2a: Corviknight\n|-resisted|p2a: Corviknight\n|-damage|p2a: Corviknight|83\/100 par\n|move|p2a: Corviknight|Bulk Up|p2a: Corviknight\n|-boost|p2a: Corviknight|atk|1\n|-boost|p2a: Corviknight|def|1\n|\n|-heal|p2a: Corviknight|89\/100 par|[from] item: Leftovers\n|upkeep\n|turn|15\n|\n|t:|1700102614\n|move|p1a: Ribombee|Moonblast|p2a: Corviknight\n|-resisted|p2a: Corviknight\n|-crit|p2a: Corviknight\n|-damage|p2a: Corviknight|65\/100 par\n|cant|p2a: Corviknight|par\n|\n|-heal|p2a: Corviknight|72\/100 par|[from] item: Leftovers\n|upkeep\n|turn|16\n|\n|t:|1700102617\n|move|p1a: Ribombee|Moonblast|p2a: Corviknight\n|-resisted|p2a: Corviknight\n|-crit|p2a: Corviknight\n|-damage|p2a: Corviknight|46\/100 par\n|-unboost|p2a: Corviknight|spa|1\n|move|p2a: Corviknight|Bulk Up|p2a: Corviknight\n|-boost|p2a: Corviknight|atk|1\n|-boost|p2a: Corviknight|def|1\n|\n|-heal|p2a: Corviknight|52\/100 par|[from] item: Leftovers\n|upkeep\n|turn|17\n|\n|t:|1700102619\n|move|p1a: Ribombee|Moonblast|p2a: Corviknight\n|-resisted|p2a: Corviknight\n|-damage|p2a: Corviknight|37\/100 par\n|-unboost|p2a: Corviknight|spa|1\n|move|p2a: Corviknight|Roost|p2a: Corviknight\n|-heal|p2a: Corviknight|87\/100 par\n|-singleturn|p2a: Corviknight|move: Roost\n|\n|-heal|p2a: Corviknight|93\/100 par|[from] item: Leftovers\n|upkeep\n|turn|18\n|\n|t:|1700102622\n|move|p1a: Ribombee|Moonblast|p2a: Corviknight\n|-resisted|p2a: Corviknight\n|-damage|p2a: Corviknight|77\/100 par\n|move|p2a: Corviknight|Bulk Up|p2a: Corviknight\n|-boost|p2a: Corviknight|atk|1\n|-boost|p2a: Corviknight|def|1\n|\n|-heal|p2a: Corviknight|84\/100 par|[from] item: Leftovers\n|upkeep\n|turn|19\n|\n|t:|1700102627\n|move|p1a: Ribombee|Moonblast|p2a: Corviknight\n|-resisted|p2a: Corviknight\n|-damage|p2a: Corviknight|67\/100 par\n|-unboost|p2a: Corviknight|spa|1\n|move|p2a: Corviknight|Bulk Up|p2a: Corviknight\n|-boost|p2a: Corviknight|atk|1\n|-boost|p2a: Corviknight|def|1\n|\n|-heal|p2a: Corviknight|73\/100 par|[from] item: Leftovers\n|upkeep\n|turn|20\n|\n|t:|1700102631\n|move|p1a: Ribombee|Moonblast|p2a: Corviknight\n|-resisted|p2a: Corviknight\n|-damage|p2a: Corviknight|57\/100 par\n|-unboost|p2a: Corviknight|spa|1\n|move|p2a: Corviknight|Roost|p2a: Corviknight\n|-heal|p2a: Corviknight|100\/100 par\n|-singleturn|p2a: Corviknight|move: Roost\n|\n|upkeep\n|turn|21\n|\n|t:|1700102636\n|move|p1a: Ribombee|Psychic|p2a: Corviknight\n|-resisted|p2a: Corviknight\n|-damage|p2a: Corviknight|90\/100 par\n|move|p2a: Corviknight|Power Trip|p1a: Ribombee\n|-resisted|p1a: Ribombee\n|-damage|p1a: Ribombee|0 fnt\n|faint|p1a: Ribombee\n|\n|-heal|p2a: Corviknight|96\/100 par|[from] item: Leftovers\n|upkeep\n|\n|t:|1700102643\n|switch|p1a: Manaphy|Manaphy|100\/100\n|turn|22\n|\n|t:|1700102645\n|move|p2a: Corviknight|Power Trip|p1a: Manaphy\n|-damage|p1a: Manaphy|0 fnt\n|faint|p1a: Manaphy\n|\n|-heal|p2a: Corviknight|100\/100 par|[from] item: Leftovers\n|upkeep\n|c|\u2606env inspector|you fucking suck\n|-message|env inspector forfeited.\n|\n|win|lightoflights\n|raw|env inspector's rating: 1532 &rarr; <strong>1508<\/strong><br \/>(-24 for losing)\n|raw|lightoflights's rating: 1456 &rarr; <strong>1480<\/strong><br \/>(+24 for winning)\n|l|\u2606env inspector\n","uploadtime":1700102653,"views":7,"p1id":"envinspector","p2id":"lightoflights","formatid":"gen9ou","rating":1480,"private":0,"password":""}