{"id":"gen9ou-1994439461","p1":"Crolux_Michaels","p2":"Rookie the Wolf","format":"[Gen 9] OU","log":"|j|\u2606Crolux_Michaels\n|j|\u2606Rookie the Wolf\n|t:|1700444093\n|gametype|singles\n|player|p1|Crolux_Michaels|101|\n|player|p2|Rookie the Wolf|benga|\n|teamsize|p1|6\n|teamsize|p2|6\n|gen|9\n|tier|[Gen 9] OU\n|rule|Sleep Clause Mod: Limit one foe put to sleep\n|rule|Species Clause: Limit one of each Pok\u00e9mon\n|rule|OHKO Clause: OHKO moves are banned\n|rule|Evasion Items Clause: Evasion items are banned\n|rule|Evasion Moves Clause: Evasion moves are banned\n|rule|Endless Battle Clause: Forcing endless battles is banned\n|rule|HP Percentage Mod: HP is shown in percentages\n|clearpoke\n|poke|p1|Torkoal, M|\n|poke|p1|Great Tusk|\n|poke|p1|Clodsire, M|\n|poke|p1|Charizard, F|\n|poke|p1|Magnezone|\n|poke|p1|Ludicolo, F|\n|poke|p2|Wo-Chien|\n|poke|p2|Pelipper, F|\n|poke|p2|Tinkaton, F|\n|poke|p2|Zapdos|\n|poke|p2|Spiritomb, F|\n|poke|p2|Glastrier|\n|teampreview\n|j| Anriot\n|j| LuichoX\n|j| LupinoFTW\n|\n|t:|1700444130\n|start\n|switch|p1a: Torkoal|Torkoal, M|100\/100\n|switch|p2a: Tinkaton|Tinkaton, F, shiny|100\/100\n|-ability|p2a: Tinkaton|Mold Breaker\n|-weather|SunnyDay|[from] ability: Drought|[of] p1a: Torkoal\n|turn|1\n|\n|t:|1700444163\n|switch|p2a: Pelipper|Pelipper, F|100\/100\n|-weather|RainDance|[from] ability: Drizzle|[of] p2a: Pelipper\n|move|p1a: Torkoal|Stealth Rock|p2a: Pelipper\n|-sidestart|p2: Rookie the Wolf|move: Stealth Rock\n|\n|-weather|RainDance|[upkeep]\n|upkeep\n|turn|2\n|\n|t:|1700444180\n|switch|p1a: Clodsire|Clodsire, M|100\/100\n|move|p2a: Pelipper|U-turn|p1a: Clodsire\n|-resisted|p1a: Clodsire\n|-damage|p1a: Clodsire|96\/100\n|\n|t:|1700444217\n|switch|p2a: Wo-Chien|Wo-Chien|100\/100|[from] U-turn\n|-damage|p2a: Wo-Chien|88\/100|[from] Stealth Rock\n|-ability|p2a: Wo-Chien|Tablets of Ruin\n|\n|-weather|RainDance|[upkeep]\n|-heal|p2a: Wo-Chien|94\/100|[from] item: Leftovers\n|-heal|p1a: Clodsire|100\/100|[from] item: Leftovers\n|upkeep\n|turn|3\n|\n|t:|1700444231\n|switch|p2a: Tinkaton|Tinkaton, F, shiny|100\/100\n|-damage|p2a: Tinkaton|94\/100|[from] Stealth Rock\n|-ability|p2a: Tinkaton|Mold Breaker\n|move|p1a: Clodsire|Toxic|p2a: Tinkaton\n|-immune|p2a: Tinkaton\n|\n|-weather|RainDance|[upkeep]\n|-heal|p2a: Tinkaton|100\/100|[from] item: Leftovers\n|upkeep\n|turn|4\n|\n|t:|1700444259\n|switch|p1a: Ludicolo|Ludicolo, F|100\/100\n|move|p2a: Tinkaton|Encore||[still]\n|-fail|p2a: Tinkaton\n|\n|-weather|RainDance|[upkeep]\n|upkeep\n|turn|5\n|\n|t:|1700444272\n|move|p1a: Ludicolo|Weather Ball|p2a: Tinkaton\n|-damage|p2a: Tinkaton|65\/100\n|move|p2a: Tinkaton|Thunder Wave|p1a: Ludicolo\n|-status|p1a: Ludicolo|par\n|\n|-weather|none\n|-heal|p2a: Tinkaton|71\/100|[from] item: Leftovers\n|upkeep\n|turn|6\n|\n|t:|1700444312\n|switch|p1a: Magnezone|Magnezone|100\/100\n|move|p2a: Tinkaton|Knock Off|p1a: Magnezone\n|-damage|p1a: Magnezone|86\/100\n|-enditem|p1a: Magnezone|Leftovers|[from] move: Knock Off|[of] p2a: Tinkaton\n|\n|-heal|p2a: Tinkaton|78\/100|[from] item: Leftovers\n|upkeep\n|turn|7\n|\n|t:|1700444336\n|move|p2a: Tinkaton|Encore||[still]\n|-fail|p2a: Tinkaton\n|move|p1a: Magnezone|Thunder Wave|p2a: Tinkaton|[miss]\n|-miss|p1a: Magnezone|p2a: Tinkaton\n|\n|-heal|p2a: Tinkaton|84\/100|[from] item: Leftovers\n|upkeep\n|turn|8\n|\n|t:|1700444346\n|move|p2a: Tinkaton|Gigaton Hammer|p1a: Magnezone\n|-resisted|p1a: Magnezone\n|-damage|p1a: Magnezone|77\/100\n|move|p1a: Magnezone|Thunder Wave|p2a: Tinkaton\n|-status|p2a: Tinkaton|par\n|\n|-heal|p2a: Tinkaton|90\/100 par|[from] item: Leftovers\n|upkeep\n|turn|9\n|c| LuichoX|ES MAGNET PULL???\n|\n|t:|1700444358\n|move|p1a: Magnezone|Volt Switch|p2a: Tinkaton\n|-damage|p2a: Tinkaton|63\/100 par\n|c| Anriot|era\n|\n|t:|1700444386\n|switch|p1a: Great Tusk|Great Tusk|100\/100|[from] Volt Switch\n|cant|p2a: Tinkaton|par\n|\n|-heal|p2a: Tinkaton|69\/100 par|[from] item: Leftovers\n|upkeep\n|turn|10\n|\n|t:|1700444400\n|switch|p2a: Spiritomb|Spiritomb, F|100\/100\n|move|p1a: Great Tusk|Bulk Up|p1a: Great Tusk\n|-boost|p1a: Great Tusk|atk|1\n|-boost|p1a: Great Tusk|def|1\n|\n|upkeep\n|turn|11\n|\n|t:|1700444417\n|-end|p1a: Great Tusk|Protosynthesis|[silent]\n|switch|p1a: Torkoal|Torkoal, M|100\/100\n|-weather|SunnyDay|[from] ability: Drought|[of] p1a: Torkoal\n|move|p2a: Spiritomb|Trick Room|p2a: Spiritomb\n|-fieldstart|move: Trick Room|[of] p2a: Spiritomb\n|\n|-weather|SunnyDay|[upkeep]\n|upkeep\n|turn|12\n|\n|t:|1700444430\n|switch|p2a: Pelipper|Pelipper, F|100\/100\n|-weather|RainDance|[from] ability: Drizzle|[of] p2a: Pelipper\n|move|p1a: Torkoal|Yawn|p2a: Pelipper\n|-start|p2a: Pelipper|move: Yawn|[of] p1a: Torkoal\n|\n|-weather|RainDance|[upkeep]\n|upkeep\n|turn|13\n|j| Iron Myers\n|\n|t:|1700444462\n|switch|p1a: Clodsire|Clodsire, M|100\/100\n|move|p2a: Pelipper|U-turn|p1a: Clodsire\n|-resisted|p1a: Clodsire\n|-damage|p1a: Clodsire|95\/100\n|\n|t:|1700444470\n|switch|p2a: Glastrier|Glastrier|100\/100|[from] U-turn\n|-damage|p2a: Glastrier|75\/100|[from] Stealth Rock\n|\n|-weather|RainDance|[upkeep]\n|-heal|p1a: Clodsire|100\/100|[from] item: Leftovers\n|-heal|p2a: Glastrier|82\/100|[from] item: Leftovers\n|upkeep\n|turn|14\n|c| Anriot|glastritis\n|\n|t:|1700444501\n|move|p1a: Clodsire|Toxic|p2a: Glastrier\n|-status|p2a: Glastrier|tox\n|move|p2a: Glastrier|Icicle Crash|p1a: Clodsire\n|-supereffective|p1a: Clodsire\n|-damage|p1a: Clodsire|14\/100\n|\n|-weather|RainDance|[upkeep]\n|-heal|p1a: Clodsire|20\/100|[from] item: Leftovers\n|-heal|p2a: Glastrier|88\/100 tox|[from] item: Leftovers\n|-damage|p2a: Glastrier|82\/100 tox|[from] psn\n|upkeep\n|turn|15\n|\n|t:|1700444523\n|switch|p1a: Torkoal|Torkoal, M|100\/100\n|-weather|SunnyDay|[from] ability: Drought|[of] p1a: Torkoal\n|move|p2a: Glastrier|Icicle Crash|p1a: Torkoal\n|-resisted|p1a: Torkoal\n|-damage|p1a: Torkoal|90\/100\n|\n|-weather|SunnyDay|[upkeep]\n|-heal|p2a: Glastrier|88\/100 tox|[from] item: Leftovers\n|-damage|p2a: Glastrier|75\/100 tox|[from] psn\n|-fieldend|move: Trick Room\n|upkeep\n|turn|16\n|\n|t:|1700444560\n|switch|p2a: Pelipper|Pelipper, F|100\/100\n|-weather|RainDance|[from] ability: Drizzle|[of] p2a: Pelipper\n|switch|p1a: Magnezone|Magnezone|77\/100\n|\n|-weather|RainDance|[upkeep]\n|upkeep\n|turn|17\n|l| Iron Myers\n|\n|t:|1700444595\n|switch|p2a: Zapdos|Zapdos|100\/100\n|move|p1a: Magnezone|Volt Switch|p2a: Zapdos\n|-damage|p2a: Zapdos|40\/100\n|\n|t:|1700444610\n|switch|p1a: Torkoal|Torkoal, M|90\/100|[from] Volt Switch\n|-weather|SunnyDay|[from] ability: Drought|[of] p1a: Torkoal\n|\n|-weather|SunnyDay|[upkeep]\n|upkeep\n|turn|18\n|\n|t:|1700444623\n|switch|p1a: Magnezone|Magnezone|77\/100\n|move|p2a: Zapdos|Volt Switch|p1a: Magnezone\n|-resisted|p1a: Magnezone\n|-damage|p1a: Magnezone|57\/100\n|\n|t:|1700444653\n|switch|p2a: Spiritomb|Spiritomb, F|100\/100|[from] Volt Switch\n|\n|-weather|SunnyDay|[upkeep]\n|upkeep\n|turn|19\n|\n|t:|1700444670\n|move|p1a: Magnezone|Volt Switch|p2a: Spiritomb\n|-damage|p2a: Spiritomb|57\/100\n|\n|t:|1700444673\n|switch|p1a: Clodsire|Clodsire, M|20\/100|[from] Volt Switch\n|move|p2a: Spiritomb|Will-O-Wisp|p1a: Clodsire\n|-status|p1a: Clodsire|brn\n|\n|-weather|SunnyDay|[upkeep]\n|-heal|p1a: Clodsire|26\/100 brn|[from] item: Leftovers\n|-damage|p1a: Clodsire|20\/100 brn|[from] brn\n|upkeep\n|turn|20\n|\n|t:|1700444696\n|switch|p2a: Tinkaton|Tinkaton, F, shiny|69\/100 par\n|-damage|p2a: Tinkaton|63\/100 par|[from] Stealth Rock\n|-ability|p2a: Tinkaton|Mold Breaker\n|move|p1a: Clodsire|Recover|p1a: Clodsire\n|-heal|p1a: Clodsire|70\/100 brn\n|\n|-weather|SunnyDay|[upkeep]\n|-heal|p2a: Tinkaton|69\/100 par|[from] item: Leftovers\n|-heal|p1a: Clodsire|76\/100 brn|[from] item: Leftovers\n|-damage|p1a: Clodsire|70\/100 brn|[from] brn\n|upkeep\n|turn|21\n|\n|t:|1700444710\n|move|p2a: Tinkaton|Knock Off|p1a: Clodsire\n|-damage|p1a: Clodsire|52\/100 brn\n|-enditem|p1a: Clodsire|Leftovers|[from] move: Knock Off|[of] p2a: Tinkaton\n|move|p1a: Clodsire|Earthquake|p2a: Tinkaton\n|-supereffective|p2a: Tinkaton\n|-damage|p2a: Tinkaton|43\/100 par\n|\n|-weather|SunnyDay|[upkeep]\n|-heal|p2a: Tinkaton|49\/100 par|[from] item: Leftovers\n|-damage|p1a: Clodsire|46\/100 brn|[from] brn\n|upkeep\n|turn|22\n|\n|t:|1700444736\n|cant|p2a: Tinkaton|par\n|move|p1a: Clodsire|Recover|p1a: Clodsire\n|-heal|p1a: Clodsire|96\/100 brn\n|\n|-weather|SunnyDay|[upkeep]\n|-heal|p2a: Tinkaton|55\/100 par|[from] item: Leftovers\n|-damage|p1a: Clodsire|89\/100 brn|[from] brn\n|upkeep\n|turn|23\n|\n|t:|1700444763\n|switch|p1a: Magnezone|Magnezone|57\/100\n|move|p2a: Tinkaton|Encore||[still]\n|-fail|p2a: Tinkaton\n|\n|-weather|SunnyDay|[upkeep]\n|-heal|p2a: Tinkaton|61\/100 par|[from] item: Leftovers\n|upkeep\n|turn|24\n|\n|t:|1700444777\n|move|p1a: Magnezone|Volt Switch|p2a: Tinkaton\n|-damage|p2a: Tinkaton|35\/100 par\n|\n|t:|1700444795\n|switch|p1a: Great Tusk|Great Tusk|100\/100|[from] Volt Switch\n|-activate|p1a: Great Tusk|ability: Protosynthesis\n|-start|p1a: Great Tusk|protosynthesisatk\n|move|p2a: Tinkaton|Knock Off|p1a: Great Tusk\n|-resisted|p1a: Great Tusk\n|-damage|p1a: Great Tusk|95\/100\n|-enditem|p1a: Great Tusk|Leftovers|[from] move: Knock Off|[of] p2a: Tinkaton\n|\n|-weather|none\n|-end|p1a: Great Tusk|Protosynthesis\n|-heal|p2a: Tinkaton|41\/100 par|[from] item: Leftovers\n|upkeep\n|turn|25\n|\n|t:|1700444814\n|switch|p2a: Spiritomb|Spiritomb, F|57\/100\n|move|p1a: Great Tusk|Bulk Up|p1a: Great Tusk\n|-boost|p1a: Great Tusk|atk|1\n|-boost|p1a: Great Tusk|def|1\n|\n|upkeep\n|turn|26\n|\n|t:|1700444851\n|-end|p1a: Great Tusk|Protosynthesis|[silent]\n|switch|p1a: Torkoal|Torkoal, M|90\/100\n|-weather|SunnyDay|[from] ability: Drought|[of] p1a: Torkoal\n|move|p2a: Spiritomb|Trick Room|p2a: Spiritomb\n|-fieldstart|move: Trick Room|[of] p2a: Spiritomb\n|\n|-weather|SunnyDay|[upkeep]\n|upkeep\n|turn|27\n|j| Iron Myers\n|\n|t:|1700444875\n|switch|p2a: Pelipper|Pelipper, F|100\/100\n|-weather|RainDance|[from] ability: Drizzle|[of] p2a: Pelipper\n|move|p1a: Torkoal|Lava Plume|p2a: Pelipper\n|-resisted|p2a: Pelipper\n|-damage|p2a: Pelipper|92\/100\n|-status|p2a: Pelipper|brn\n|\n|-weather|RainDance|[upkeep]\n|-damage|p2a: Pelipper|86\/100 brn|[from] brn\n|upkeep\n|turn|28\n|c| Iron Myers|me fui como 10 minutos y los dos siguen con 6 pokes\n|c| Iron Myers|\ud83d\ude2d\n|\n|t:|1700444901\n|switch|p1a: Magnezone|Magnezone|57\/100\n|move|p2a: Pelipper|Hurricane|p1a: Magnezone\n|-resisted|p1a: Magnezone\n|-damage|p1a: Magnezone|47\/100\n|\n|-weather|RainDance|[upkeep]\n|-damage|p2a: Pelipper|79\/100 brn|[from] brn\n|upkeep\n|turn|29\n|\n|t:|1700444914\n|switch|p2a: Wo-Chien|Wo-Chien|94\/100\n|-damage|p2a: Wo-Chien|82\/100|[from] Stealth Rock\n|-ability|p2a: Wo-Chien|Tablets of Ruin\n|move|p1a: Magnezone|Volt Switch|p2a: Wo-Chien\n|-resisted|p2a: Wo-Chien\n|-damage|p2a: Wo-Chien|68\/100\n|\n|t:|1700444927\n|switch|p1a: Ludicolo|Ludicolo, F|100\/100 par|[from] Volt Switch\n|\n|-weather|RainDance|[upkeep]\n|-heal|p2a: Wo-Chien|74\/100|[from] item: Leftovers\n|upkeep\n|turn|30\n|\n|t:|1700444951\n|move|p1a: Ludicolo|Ice Beam|p2a: Wo-Chien\n|-supereffective|p2a: Wo-Chien\n|-damage|p2a: Wo-Chien|52\/100\n|move|p2a: Wo-Chien|Knock Off|p1a: Ludicolo\n|-damage|p1a: Ludicolo|61\/100 par\n|-enditem|p1a: Ludicolo|Leftovers|[from] move: Knock Off|[of] p2a: Wo-Chien\n|\n|-weather|RainDance|[upkeep]\n|-heal|p2a: Wo-Chien|59\/100|[from] item: Leftovers\n|-fieldend|move: Trick Room\n|upkeep\n|turn|31\n|\n|t:|1700444972\n|switch|p1a: Clodsire|Clodsire, M|89\/100 brn\n|move|p2a: Wo-Chien|Giga Drain|p1a: Clodsire\n|-damage|p1a: Clodsire|77\/100 brn\n|-heal|p2a: Wo-Chien|66\/100|[from] drain|[of] p1a: Clodsire\n|\n|-weather|none\n|-heal|p2a: Wo-Chien|72\/100|[from] item: Leftovers\n|-damage|p1a: Clodsire|71\/100 brn|[from] brn\n|upkeep\n|turn|32\n|\n|t:|1700444989\n|switch|p2a: Glastrier|Glastrier|75\/100 tox\n|-damage|p2a: Glastrier|50\/100 tox|[from] Stealth Rock\n|move|p1a: Clodsire|Toxic|p2a: Glastrier\n|-fail|p2a: Glastrier|tox\n|\n|-heal|p2a: Glastrier|57\/100 tox|[from] item: Leftovers\n|-damage|p2a: Glastrier|50\/100 tox|[from] psn\n|-damage|p1a: Clodsire|65\/100 brn|[from] brn\n|upkeep\n|turn|33\n|l| Iron Myers\n|\n|t:|1700445007\n|switch|p1a: Torkoal|Torkoal, M|90\/100\n|-weather|SunnyDay|[from] ability: Drought|[of] p1a: Torkoal\n|move|p2a: Glastrier|Stomping Tantrum|p1a: Torkoal\n|-supereffective|p1a: Torkoal\n|-damage|p1a: Torkoal|65\/100\n|\n|-weather|SunnyDay|[upkeep]\n|-heal|p2a: Glastrier|57\/100 tox|[from] item: Leftovers\n|-damage|p2a: Glastrier|44\/100 tox|[from] psn\n|upkeep\n|turn|34\n|\n|t:|1700445044\n|switch|p1a: Clodsire|Clodsire, M|65\/100 brn\n|move|p2a: Glastrier|Stomping Tantrum|p1a: Clodsire\n|-supereffective|p1a: Clodsire\n|-damage|p1a: Clodsire|11\/100 brn\n|\n|-weather|SunnyDay|[upkeep]\n|-heal|p2a: Glastrier|50\/100 tox|[from] item: Leftovers\n|-damage|p2a: Glastrier|32\/100 tox|[from] psn\n|-damage|p1a: Clodsire|4\/100 brn|[from] brn\n|upkeep\n|turn|35\n|\n|t:|1700445059\n|move|p2a: Glastrier|Stomping Tantrum|p1a: Clodsire\n|-supereffective|p1a: Clodsire\n|-damage|p1a: Clodsire|0 fnt\n|faint|p1a: Clodsire\n|-ability|p2a: Glastrier|Chilling Neigh|boost\n|-boost|p2a: Glastrier|atk|1\n|\n|-weather|SunnyDay|[upkeep]\n|-heal|p2a: Glastrier|38\/100 tox|[from] item: Leftovers\n|-damage|p2a: Glastrier|13\/100 tox|[from] psn\n|upkeep\n|\n|t:|1700445090\n|switch|p1a: Charizard|Charizard, F|100\/100\n|turn|36\n|\n|t:|1700445096\n|move|p1a: Charizard|Ancient Power|p2a: Glastrier\n|-supereffective|p2a: Glastrier\n|-damage|p2a: Glastrier|0 fnt\n|-boost|p1a: Charizard|atk|1\n|-boost|p1a: Charizard|def|1\n|-boost|p1a: Charizard|spa|1\n|-boost|p1a: Charizard|spd|1\n|-boost|p1a: Charizard|spe|1\n|faint|p2a: Glastrier\n|\n|-weather|SunnyDay|[upkeep]\n|-damage|p1a: Charizard|88\/100|[from] ability: Solar Power|[of] p1a: Charizard\n|upkeep\n|c| LuichoX|pokemon\n|\n|t:|1700445109\n|switch|p2a: Pelipper|Pelipper, F|79\/100 brn\n|-weather|RainDance|[from] ability: Drizzle|[of] p2a: Pelipper\n|turn|37\n|\n|t:|1700445136\n|move|p1a: Charizard|Air Slash|p2a: Pelipper\n|-damage|p2a: Pelipper|12\/100 brn\n|move|p2a: Pelipper|Surf|p1a: Charizard\n|-supereffective|p1a: Charizard\n|-damage|p1a: Charizard|11\/100\n|\n|-weather|RainDance|[upkeep]\n|-damage|p2a: Pelipper|5\/100 brn|[from] brn\n|upkeep\n|turn|38\n|\n|t:|1700445147\n|move|p1a: Charizard|Ancient Power|p2a: Pelipper\n|-supereffective|p2a: Pelipper\n|-damage|p2a: Pelipper|0 fnt\n|faint|p2a: Pelipper\n|\n|-weather|RainDance|[upkeep]\n|upkeep\n|\n|t:|1700445157\n|switch|p2a: Wo-Chien|Wo-Chien|72\/100\n|-damage|p2a: Wo-Chien|60\/100|[from] Stealth Rock\n|-ability|p2a: Wo-Chien|Tablets of Ruin\n|turn|39\n|\n|t:|1700445171\n|move|p1a: Charizard|Air Slash|p2a: Wo-Chien\n|-supereffective|p2a: Wo-Chien\n|-damage|p2a: Wo-Chien|7\/100\n|move|p2a: Wo-Chien|Knock Off|p1a: Charizard\n|-damage|p1a: Charizard|0 fnt\n|-enditem|p1a: Charizard|Heavy-Duty Boots|[from] move: Knock Off|[of] p2a: Wo-Chien\n|faint|p1a: Charizard\n|\n|-weather|RainDance|[upkeep]\n|-heal|p2a: Wo-Chien|13\/100|[from] item: Leftovers\n|upkeep\n|\n|t:|1700445180\n|switch|p1a: Torkoal|Torkoal, M|65\/100\n|-weather|SunnyDay|[from] ability: Drought|[of] p1a: Torkoal\n|turn|40\n|\n|t:|1700445188\n|move|p2a: Wo-Chien|Protect|p2a: Wo-Chien\n|-singleturn|p2a: Wo-Chien|Protect\n|move|p1a: Torkoal|Lava Plume|p2a: Wo-Chien\n|-activate|p2a: Wo-Chien|move: Protect\n|\n|-weather|SunnyDay|[upkeep]\n|-heal|p2a: Wo-Chien|19\/100|[from] item: Leftovers\n|upkeep\n|turn|41\n|\n|t:|1700445204\n|-terastallize|p2a: Wo-Chien|Water\n|move|p2a: Wo-Chien|Leech Seed|p1a: Torkoal\n|-start|p1a: Torkoal|move: Leech Seed\n|move|p1a: Torkoal|Lava Plume|p2a: Wo-Chien\n|-resisted|p2a: Wo-Chien\n|-damage|p2a: Wo-Chien|10\/100\n|-status|p2a: Wo-Chien|brn\n|\n|-weather|SunnyDay|[upkeep]\n|-heal|p2a: Wo-Chien|16\/100 brn|[from] item: Leftovers\n|-damage|p1a: Torkoal|53\/100|[from] Leech Seed|[of] p2a: Wo-Chien\n|-heal|p2a: Wo-Chien|28\/100 brn|[silent]\n|-damage|p2a: Wo-Chien|21\/100 brn|[from] brn\n|upkeep\n|turn|42\n|\n|t:|1700445222\n|move|p2a: Wo-Chien|Giga Drain|p1a: Torkoal\n|-resisted|p1a: Torkoal\n|-damage|p1a: Torkoal|37\/100\n|-heal|p2a: Wo-Chien|29\/100 brn|[from] drain|[of] p1a: Torkoal\n|move|p1a: Torkoal|Rapid Spin|p2a: Wo-Chien\n|-damage|p2a: Wo-Chien|22\/100 brn\n|-boost|p1a: Torkoal|spe|1\n|-end|p1a: Torkoal|Leech Seed|[from] move: Rapid Spin|[of] p1a: Torkoal\n|\n|-weather|SunnyDay|[upkeep]\n|-heal|p2a: Wo-Chien|28\/100 brn|[from] item: Leftovers\n|-damage|p2a: Wo-Chien|22\/100 brn|[from] brn\n|upkeep\n|turn|43\n|\n|t:|1700445242\n|switch|p1a: Magnezone|Magnezone|47\/100\n|move|p2a: Wo-Chien|Protect||[still]\n|-fail|p2a: Wo-Chien\n|\n|-weather|SunnyDay|[upkeep]\n|-heal|p2a: Wo-Chien|28\/100 brn|[from] item: Leftovers\n|-damage|p2a: Wo-Chien|22\/100 brn|[from] brn\n|upkeep\n|turn|44\n|\n|t:|1700445273\n|switch|p2a: Tinkaton|Tinkaton, F, shiny|41\/100 par\n|-damage|p2a: Tinkaton|35\/100 par|[from] Stealth Rock\n|-ability|p2a: Tinkaton|Mold Breaker\n|move|p1a: Magnezone|Volt Switch|p2a: Tinkaton\n|-damage|p2a: Tinkaton|2\/100 par\n|\n|t:|1700445296\n|switch|p1a: Torkoal|Torkoal, M|37\/100|[from] Volt Switch\n|\n|-weather|SunnyDay|[upkeep]\n|-heal|p2a: Tinkaton|8\/100 par|[from] item: Leftovers\n|upkeep\n|turn|45\n|\n|t:|1700445307\n|switch|p1a: Magnezone|Magnezone|47\/100\n|move|p2a: Tinkaton|Thunder Wave|p1a: Magnezone\n|-immune|p1a: Magnezone\n|\n|-weather|SunnyDay|[upkeep]\n|-heal|p2a: Tinkaton|14\/100 par|[from] item: Leftovers\n|upkeep\n|turn|46\n|\n|t:|1700445319\n|move|p2a: Tinkaton|Knock Off|p1a: Magnezone\n|-damage|p1a: Magnezone|36\/100\n|move|p1a: Magnezone|Gyro Ball|p2a: Tinkaton\n|-damage|p2a: Tinkaton|5\/100 par\n|\n|-weather|SunnyDay|[upkeep]\n|-heal|p2a: Tinkaton|11\/100 par|[from] item: Leftovers\n|upkeep\n|turn|47\n|\n|t:|1700445330\n|move|p2a: Tinkaton|Encore|p1a: Magnezone\n|-start|p1a: Magnezone|Encore\n|move|p1a: Magnezone|Gyro Ball|p2a: Tinkaton\n|-damage|p2a: Tinkaton|2\/100 par\n|\n|-weather|none\n|-heal|p2a: Tinkaton|8\/100 par|[from] item: Leftovers\n|upkeep\n|turn|48\n|\n|t:|1700445340\n|move|p1a: Magnezone|Gyro Ball|p2a: Tinkaton\n|-damage|p2a: Tinkaton|0 fnt\n|faint|p2a: Tinkaton\n|\n|upkeep\n|\n|t:|1700445356\n|switch|p2a: Spiritomb|Spiritomb, F|57\/100\n|turn|49\n|\n|t:|1700445364\n|switch|p1a: Torkoal|Torkoal, M|37\/100\n|-weather|SunnyDay|[from] ability: Drought|[of] p1a: Torkoal\n|move|p2a: Spiritomb|Shadow Sneak|p1a: Torkoal\n|-damage|p1a: Torkoal|26\/100\n|\n|-weather|SunnyDay|[upkeep]\n|upkeep\n|turn|50\n|j| Iron Myers\n|l| Iron Myers\n|\n|t:|1700445390\n|move|p2a: Spiritomb|Shadow Sneak|p1a: Torkoal\n|-damage|p1a: Torkoal|15\/100\n|move|p1a: Torkoal|Lava Plume|p2a: Spiritomb\n|-damage|p2a: Spiritomb|17\/100\n|\n|-weather|SunnyDay|[upkeep]\n|upkeep\n|turn|51\n|j| Iron Myers\n|\n|t:|1700445398\n|move|p2a: Spiritomb|Shadow Sneak|p1a: Torkoal\n|-damage|p1a: Torkoal|4\/100\n|move|p1a: Torkoal|Lava Plume|p2a: Spiritomb\n|-damage|p2a: Spiritomb|0 fnt\n|faint|p2a: Spiritomb\n|\n|-weather|SunnyDay|[upkeep]\n|upkeep\n|\n|t:|1700445423\n|switch|p2a: Wo-Chien|Wo-Chien, tera:Water|22\/100 brn\n|-damage|p2a: Wo-Chien|10\/100 brn|[from] Stealth Rock\n|-ability|p2a: Wo-Chien|Tablets of Ruin\n|turn|52\n|\n|t:|1700445433\n|switch|p1a: Ludicolo|Ludicolo, F|61\/100 par\n|move|p2a: Wo-Chien|Giga Drain|p1a: Ludicolo\n|-damage|p1a: Ludicolo|46\/100 par\n|-heal|p2a: Wo-Chien|17\/100 brn|[from] drain|[of] p1a: Ludicolo\n|\n|-weather|SunnyDay|[upkeep]\n|-heal|p2a: Wo-Chien|23\/100 brn|[from] item: Leftovers\n|-damage|p2a: Wo-Chien|17\/100 brn|[from] brn\n|upkeep\n|turn|53\n|\n|t:|1700445448\n|move|p2a: Wo-Chien|Protect|p2a: Wo-Chien\n|-singleturn|p2a: Wo-Chien|Protect\n|move|p1a: Ludicolo|Weather Ball|p2a: Wo-Chien\n|-activate|p2a: Wo-Chien|move: Protect\n|\n|-weather|SunnyDay|[upkeep]\n|-heal|p2a: Wo-Chien|23\/100 brn|[from] item: Leftovers\n|-damage|p2a: Wo-Chien|17\/100 brn|[from] brn\n|upkeep\n|turn|54\n|\n|t:|1700445459\n|move|p2a: Wo-Chien|Giga Drain|p1a: Ludicolo\n|-damage|p1a: Ludicolo|28\/100 par\n|-heal|p2a: Wo-Chien|26\/100 brn|[from] drain|[of] p1a: Ludicolo\n|move|p1a: Ludicolo|Weather Ball|p2a: Wo-Chien\n|-resisted|p2a: Wo-Chien\n|-damage|p2a: Wo-Chien|17\/100 brn\n|\n|-weather|SunnyDay|[upkeep]\n|-heal|p2a: Wo-Chien|23\/100 brn|[from] item: Leftovers\n|-damage|p2a: Wo-Chien|17\/100 brn|[from] brn\n|upkeep\n|turn|55\n|\n|t:|1700445473\n|move|p2a: Wo-Chien|Giga Drain|p1a: Ludicolo\n|-damage|p1a: Ludicolo|13\/100 par\n|-heal|p2a: Wo-Chien|24\/100 brn|[from] drain|[of] p1a: Ludicolo\n|move|p1a: Ludicolo|Weather Ball|p2a: Wo-Chien\n|-resisted|p2a: Wo-Chien\n|-damage|p2a: Wo-Chien|15\/100 brn\n|\n|-weather|SunnyDay|[upkeep]\n|-heal|p2a: Wo-Chien|21\/100 brn|[from] item: Leftovers\n|-damage|p2a: Wo-Chien|15\/100 brn|[from] brn\n|upkeep\n|turn|56\n|\n|t:|1700445492\n|move|p2a: Wo-Chien|Giga Drain|p1a: Ludicolo\n|-damage|p1a: Ludicolo|0 fnt\n|-heal|p2a: Wo-Chien|21\/100 brn|[from] drain|[of] p1a: Ludicolo\n|faint|p1a: Ludicolo\n|\n|-weather|none\n|-heal|p2a: Wo-Chien|27\/100 brn|[from] item: Leftovers\n|-damage|p2a: Wo-Chien|21\/100 brn|[from] brn\n|upkeep\n|\n|t:|1700445500\n|switch|p1a: Magnezone|Magnezone|36\/100\n|turn|57\n|\n|t:|1700445518\n|move|p2a: Wo-Chien|Protect|p2a: Wo-Chien\n|-singleturn|p2a: Wo-Chien|Protect\n|move|p1a: Magnezone|Volt Switch|p2a: Wo-Chien\n|-activate|p2a: Wo-Chien|move: Protect\n|\n|-heal|p2a: Wo-Chien|27\/100 brn|[from] item: Leftovers\n|-damage|p2a: Wo-Chien|21\/100 brn|[from] brn\n|upkeep\n|turn|58\n|\n|t:|1700445527\n|move|p2a: Wo-Chien|Giga Drain|p1a: Magnezone\n|-resisted|p1a: Magnezone\n|-damage|p1a: Magnezone|24\/100\n|-heal|p2a: Wo-Chien|26\/100 brn|[from] drain|[of] p1a: Magnezone\n|move|p1a: Magnezone|Volt Switch|p2a: Wo-Chien\n|-supereffective|p2a: Wo-Chien\n|-damage|p2a: Wo-Chien|0 fnt\n|faint|p2a: Wo-Chien\n|\n|t:|1700445536\n|switch|p1a: Torkoal|Torkoal, M|4\/100|[from] Volt Switch\n|-weather|SunnyDay|[from] ability: Drought|[of] p1a: Torkoal\n|\n|-weather|SunnyDay|[upkeep]\n|upkeep\n|\n|t:|1700445547\n|switch|p2a: Zapdos|Zapdos|40\/100\n|turn|59\n|\n|t:|1700445571\n|move|p2a: Zapdos|Roost|p2a: Zapdos\n|-heal|p2a: Zapdos|90\/100\n|-singleturn|p2a: Zapdos|move: Roost\n|move|p1a: Torkoal|Yawn|p2a: Zapdos\n|-start|p2a: Zapdos|move: Yawn|[of] p1a: Torkoal\n|\n|-weather|SunnyDay|[upkeep]\n|upkeep\n|turn|60\n|l| Iron Myers\n|\n|t:|1700445586\n|move|p2a: Zapdos|Thunderbolt|p1a: Torkoal\n|-damage|p1a: Torkoal|0 fnt\n|faint|p1a: Torkoal\n|\n|-weather|SunnyDay|[upkeep]\n|-end|p2a: Zapdos|move: Yawn|[silent]\n|-status|p2a: Zapdos|slp\n|upkeep\n|\n|t:|1700445592\n|switch|p1a: Great Tusk|Great Tusk|95\/100\n|-activate|p1a: Great Tusk|ability: Protosynthesis\n|-start|p1a: Great Tusk|protosynthesisatk\n|turn|61\n|\n|t:|1700445597\n|cant|p2a: Zapdos|slp\n|move|p1a: Great Tusk|Rapid Spin|p2a: Zapdos\n|-damage|p2a: Zapdos|59\/100 slp\n|-boost|p1a: Great Tusk|spe|1\n|\n|-weather|SunnyDay|[upkeep]\n|upkeep\n|turn|62\n|\n|t:|1700445610\n|-terastallize|p1a: Great Tusk|Fairy\n|cant|p2a: Zapdos|slp\n|move|p1a: Great Tusk|Rapid Spin|p2a: Zapdos\n|-damage|p2a: Zapdos|31\/100 slp\n|-boost|p1a: Great Tusk|spe|1\n|-status|p1a: Great Tusk|par|[from] ability: Static|[of] p2a: Zapdos\n|\n|-weather|SunnyDay|[upkeep]\n|upkeep\n|turn|63\n|\n|t:|1700445625\n|cant|p2a: Zapdos|slp\n|cant|p1a: Great Tusk|par\n|\n|-weather|SunnyDay|[upkeep]\n|upkeep\n|turn|64\n|\n|t:|1700445633\n|-curestatus|p2a: Zapdos|slp|[msg]\n|move|p2a: Zapdos|Roost|p2a: Zapdos\n|-heal|p2a: Zapdos|81\/100\n|-singleturn|p2a: Zapdos|move: Roost\n|move|p1a: Great Tusk|Close Combat|p2a: Zapdos\n|-damage|p2a: Zapdos|0 fnt\n|-unboost|p1a: Great Tusk|def|1\n|-unboost|p1a: Great Tusk|spd|1\n|faint|p2a: Zapdos\n|\n|win|Crolux_Michaels\n|c|\u2606Crolux_Michaels|gg\n","uploadtime":1700445648,"views":10,"p1id":"croluxmichaels","p2id":"rookiethewolf","formatid":"gen9ou","rating":0,"private":0,"password":""}