{"id":"gen9ou-1992407644","p1":"Howard Subwoofer","p2":"LuichoX","format":"[Gen 9] OU","log":"|j|\u2606Howard Subwoofer\n|j|\u2606LuichoX\n|t:|1700184024\n|gametype|singles\n|player|p1|Howard Subwoofer|blaine|\n|player|p2|LuichoX|candice|\n|teamsize|p1|6\n|teamsize|p2|6\n|gen|9\n|tier|[Gen 9] OU\n|rule|Sleep Clause Mod: Limit one foe put to sleep\n|rule|Species Clause: Limit one of each Pok\u00e9mon\n|rule|OHKO Clause: OHKO moves are banned\n|rule|Evasion Items Clause: Evasion items are banned\n|rule|Evasion Moves Clause: Evasion moves are banned\n|rule|Endless Battle Clause: Forcing endless battles is banned\n|rule|HP Percentage Mod: HP is shown in percentages\n|clearpoke\n|poke|p1|Dragonite, M|\n|poke|p1|Fezandipiti, M|\n|poke|p1|Iron Hands|\n|poke|p1|Tinkaton, F|\n|poke|p1|Diancie|\n|poke|p1|Wo-Chien|\n|poke|p2|Quagsire, F|\n|poke|p2|Uxie|\n|poke|p2|Tyranitar, F|\n|poke|p2|Munkidori, M|\n|poke|p2|Tauros-Paldea-Blaze, M|\n|poke|p2|Iron Leaves|\n|teampreview\n|inactive|Battle timer is ON: inactive players will automatically lose when time's up. (requested by LuichoX)\n|j| napg0d\n|j| edicts\n|j| lumpfren\n|inactive|Howard Subwoofer has 270 seconds left.\n|c| edicts|NO TIMER !\n|\n|t:|1700184066\n|start\n|switch|p1a: Curious|Tinkaton, F, shiny|100\/100\n|switch|p2a: Tauros|Tauros-Paldea-Blaze, M|100\/100\n|-ability|p1a: Curious|Mold Breaker\n|-ability|p2a: Tauros|Intimidate|boost\n|-unboost|p1a: Curious|atk|1\n|turn|1\n|inactive|Howard Subwoofer has 270 seconds left.\n|\n|t:|1700184104\n|move|p1a: Curious|Reflect|p1a: Curious\n|-sidestart|p1: Howard Subwoofer|Reflect\n|move|p2a: Tauros|Will-O-Wisp|p1a: Curious\n|-status|p1a: Curious|brn\n|\n|-damage|p1a: Curious|94\/100 brn|[from] brn\n|upkeep\n|turn|2\n|inactive|Howard Subwoofer has 270 seconds left.\n|\n|t:|1700184133\n|move|p1a: Curious|Stealth Rock|p2a: Tauros\n|-sidestart|p2: LuichoX|move: Stealth Rock\n|move|p2a: Tauros|Bulk Up|p2a: Tauros\n|-boost|p2a: Tauros|atk|1\n|-boost|p2a: Tauros|def|1\n|\n|-heal|p1a: Curious|100\/100 brn|[from] item: Leftovers\n|-damage|p1a: Curious|94\/100 brn|[from] brn\n|upkeep\n|turn|3\n|inactive|Howard Subwoofer has 270 seconds left.\n|j| poggerwog\n|inactive|Howard Subwoofer has 240 seconds left.\n|\n|t:|1700184192\n|move|p1a: Curious|Gigaton Hammer|p2a: Tauros\n|-resisted|p2a: Tauros\n|-damage|p2a: Tauros|97\/100\n|move|p2a: Tauros|Bulk Up|p2a: Tauros\n|-boost|p2a: Tauros|atk|1\n|-boost|p2a: Tauros|def|1\n|\n|-heal|p1a: Curious|100\/100 brn|[from] item: Leftovers\n|-heal|p2a: Tauros|100\/100|[from] item: Leftovers\n|-damage|p1a: Curious|94\/100 brn|[from] brn\n|upkeep\n|turn|4\n|\n|t:|1700184207\n|switch|p1a: St.|Dragonite, M|100\/100\n|move|p2a: Tauros|Bulk Up|p2a: Tauros\n|-boost|p2a: Tauros|atk|1\n|-boost|p2a: Tauros|def|1\n|\n|upkeep\n|turn|5\n|\n|t:|1700184217\n|-terastallize|p1a: St.|Normal\n|move|p1a: St.|Dragon Dance|p1a: St.\n|-boost|p1a: St.|atk|1\n|-boost|p1a: St.|spe|1\n|move|p2a: Tauros|Will-O-Wisp|p1a: St.\n|-status|p1a: St.|brn\n|\n|-damage|p1a: St.|94\/100 brn|[from] brn\n|-sideend|p1: Howard Subwoofer|Reflect\n|upkeep\n|turn|6\n|\n|t:|1700184235\n|move|p1a: St.|Dragon Dance|p1a: St.\n|-boost|p1a: St.|atk|1\n|-boost|p1a: St.|spe|1\n|move|p2a: Tauros|Body Press|p1a: St.\n|-supereffective|p1a: St.\n|-damage|p1a: St.|0 fnt\n|faint|p1a: St.\n|\n|upkeep\n|inactive|Howard Subwoofer has 210 seconds left.\n|c| edicts|:(\n|inactive|Howard Subwoofer has 180 seconds left.\n|c| edicts|yo turn timer off both of you\n|\n|t:|1700184288\n|switch|p1a: R.R.Martin|Diancie|100\/100\n|turn|7\n|inactiveoff|Battle timer is now OFF.\n|\n|t:|1700184307\n|move|p2a: Tauros|Body Press|p1a: R.R.Martin\n|-damage|p1a: R.R.Martin|25\/100\n|move|p1a: R.R.Martin|Body Press|p2a: Tauros\n|-damage|p2a: Tauros|93\/100\n|\n|-heal|p2a: Tauros|99\/100|[from] item: Leftovers\n|-heal|p1a: R.R.Martin|31\/100|[from] item: Leftovers\n|upkeep\n|turn|8\n|j| LupinoFTW\n|\n|t:|1700184317\n|move|p2a: Tauros|Body Press|p1a: R.R.Martin\n|-damage|p1a: R.R.Martin|0 fnt\n|faint|p1a: R.R.Martin\n|\n|-heal|p2a: Tauros|100\/100|[from] item: Leftovers\n|upkeep\n|\n|t:|1700184333\n|switch|p1a: Bush|Wo-Chien|100\/100\n|-ability|p1a: Bush|Tablets of Ruin\n|turn|9\n|\n|t:|1700184338\n|move|p2a: Tauros|Body Press|p1a: Bush\n|-supereffective|p1a: Bush\n|-damage|p1a: Bush|0 fnt\n|faint|p1a: Bush\n|\n|upkeep\n|\n|t:|1700184348\n|switch|p1a: Washington|Iron Hands, shiny|100\/100\n|-enditem|p1a: Washington|Booster Energy\n|-activate|p1a: Washington|ability: Quark Drive|[fromitem]\n|-start|p1a: Washington|quarkdriveatk\n|turn|10\n|\n|t:|1700184359\n|move|p2a: Tauros|Body Press|p1a: Washington\n|-damage|p1a: Washington|31\/100\n|move|p1a: Washington|Ice Punch|p2a: Tauros\n|-resisted|p2a: Tauros\n|-damage|p2a: Tauros|96\/100\n|-status|p2a: Tauros|frz\n|\n|-heal|p2a: Tauros|100\/100 frz|[from] item: Leftovers\n|upkeep\n|turn|11\n|\n|t:|1700184371\n|cant|p2a: Tauros|frz\n|move|p1a: Washington|Swords Dance|p1a: Washington\n|-boost|p1a: Washington|atk|2\n|\n|upkeep\n|turn|12\n|\n|t:|1700184378\n|cant|p2a: Tauros|frz\n|move|p1a: Washington|Swords Dance|p1a: Washington\n|-boost|p1a: Washington|atk|2\n|\n|upkeep\n|turn|13\n|c| edicts|SPIRIT BOMB\n|c| lumpfren|I want this to work so badly\n|j| Rookie the Wolf\n|\n|t:|1700184428\n|cant|p2a: Tauros|frz\n|move|p1a: Washington|Swords Dance|p1a: Washington\n|-boost|p1a: Washington|atk|2\n|\n|upkeep\n|turn|14\n|\n|t:|1700184441\n|cant|p2a: Tauros|frz\n|move|p1a: Washington|Drain Punch|p2a: Tauros\n|-damage|p2a: Tauros|43\/100 frz\n|-heal|p1a: Washington|52\/100|[from] drain|[of] p2a: Tauros\n|\n|-heal|p2a: Tauros|49\/100 frz|[from] item: Leftovers\n|upkeep\n|turn|15\n|\n|t:|1700184448\n|-curestatus|p2a: Tauros|frz|[msg]\n|move|p2a: Tauros|Body Press|p1a: Washington\n|-damage|p1a: Washington|0 fnt\n|faint|p1a: Washington\n|-end|p1a: Washington|Quark Drive|[silent]\n|\n|-heal|p2a: Tauros|55\/100|[from] item: Leftovers\n|upkeep\n|\n|t:|1700184456\n|switch|p1a: Costanza|Fezandipiti, M|100\/100\n|turn|16\n|c| lumpfren|nooooooooo\n|\n|t:|1700184473\n|move|p1a: Costanza|U-turn|p2a: Tauros\n|-resisted|p2a: Tauros\n|-damage|p2a: Tauros|54\/100\n|\n|t:|1700184476\n|switch|p1a: Curious|Tinkaton, F, shiny|94\/100 brn|[from] U-turn\n|-ability|p1a: Curious|Mold Breaker\n|move|p2a: Tauros|Raging Bull|p1a: Curious\n|-supereffective|p1a: Curious\n|-damage|p1a: Curious|0 fnt\n|faint|p1a: Curious\n|\n|-heal|p2a: Tauros|61\/100|[from] item: Leftovers\n|upkeep\n|\n|t:|1700184484\n|switch|p1a: Costanza|Fezandipiti, M|100\/100\n|turn|17\n|c| edicts|USE A PSYCHIC MOVE!!!!!!\n|\n|t:|1700184490\n|move|p1a: Costanza|Sludge Bomb|p2a: Tauros\n|-damage|p2a: Tauros|25\/100\n|move|p2a: Tauros|Raging Bull|p1a: Costanza\n|-damage|p1a: Costanza|8\/100\n|\n|-heal|p2a: Tauros|31\/100|[from] item: Leftovers\n|upkeep\n|turn|18\n|\n|t:|1700184504\n|move|p1a: Costanza|Sludge Bomb|p2a: Tauros\n|-damage|p2a: Tauros|0 fnt\n|faint|p2a: Tauros\n|\n|upkeep\n|\n|t:|1700184508\n|switch|p2a: Iron Leaves|Iron Leaves|100\/100\n|-damage|p2a: Iron Leaves|88\/100|[from] Stealth Rock\n|-enditem|p2a: Iron Leaves|Booster Energy\n|-activate|p2a: Iron Leaves|ability: Quark Drive|[fromitem]\n|-start|p2a: Iron Leaves|quarkdrivespe\n|turn|19\n|\n|t:|1700184514\n|move|p2a: Iron Leaves|Psyblade|p1a: Costanza\n|-supereffective|p1a: Costanza\n|-damage|p1a: Costanza|0 fnt\n|faint|p1a: Costanza\n|\n|win|LuichoX\n","uploadtime":1700184520,"views":9,"p1id":"howardsubwoofer","p2id":"luichox","formatid":"gen9ou","rating":0,"private":0,"password":""}