{"id":"gen9ou-1992780474","p1":"273_Kalstor","p2":"alfred1212","format":"[Gen 9] OU","log":"|j|\u2606273_Kalstor\n|j|\u2606alfred1212\n|t:|1700234829\n|gametype|singles\n|player|p1|273_Kalstor|acetrainerf-gen4dp|1026\n|player|p2|alfred1212|102|1099\n|teamsize|p1|6\n|teamsize|p2|6\n|gen|9\n|tier|[Gen 9] OU\n|rated|\n|rule|Sleep Clause Mod: Limit one foe put to sleep\n|rule|Species Clause: Limit one of each Pok\u00e9mon\n|rule|OHKO Clause: OHKO moves are banned\n|rule|Evasion Items Clause: Evasion items are banned\n|rule|Evasion Moves Clause: Evasion moves are banned\n|rule|Endless Battle Clause: Forcing endless battles is banned\n|rule|HP Percentage Mod: HP is shown in percentages\n|clearpoke\n|poke|p1|Chandelure, M|\n|poke|p1|Torkoal, F|\n|poke|p1|Great Tusk|\n|poke|p1|Sneasler, F|\n|poke|p1|Zapdos|\n|poke|p1|Rillaboom, M|\n|poke|p2|Scizor, F|\n|poke|p2|Gholdengo|\n|poke|p2|Dondozo, F|\n|poke|p2|Garchomp, F|\n|poke|p2|Breloom, F|\n|poke|p2|Cyclizar, F|\n|teampreview\n|\n|t:|1700234849\n|start\n|switch|p1a: Chandelure|Chandelure, M|100\/100\n|switch|p2a: Breloom|Breloom, F|100\/100\n|turn|1\n|\n|t:|1700234861\n|switch|p2a: Donbozo|Dondozo, F|100\/100\n|move|p1a: Chandelure|Heat Wave|p2a: Donbozo\n|-resisted|p2a: Donbozo\n|-damage|p2a: Donbozo|79\/100\n|\n|-heal|p2a: Donbozo|85\/100|[from] item: Leftovers\n|upkeep\n|turn|2\n|inactive|Battle timer is ON: inactive players will automatically lose when time's up. (requested by 273_Kalstor)\n|\n|t:|1700234884\n|switch|p1a: Rillaboom|Rillaboom, M|100\/100\n|-fieldstart|move: Grassy Terrain|[from] ability: Grassy Surge|[of] p1a: Rillaboom\n|move|p2a: Donbozo|Liquidation|p1a: Rillaboom\n|-resisted|p1a: Rillaboom\n|-damage|p1a: Rillaboom|86\/100\n|\n|-heal|p1a: Rillaboom|92\/100|[from] Grassy Terrain\n|-heal|p2a: Donbozo|91\/100|[from] Grassy Terrain\n|-heal|p2a: Donbozo|97\/100|[from] item: Leftovers\n|upkeep\n|turn|3\n|\n|t:|1700234901\n|switch|p2a: Gholdengo|Gholdengo|100\/100\n|move|p1a: Rillaboom|Drum Beating|p2a: Gholdengo\n|-resisted|p2a: Gholdengo\n|-crit|p2a: Gholdengo\n|-damage|p2a: Gholdengo|48\/100\n|\n|-heal|p1a: Rillaboom|98\/100|[from] Grassy Terrain\n|-heal|p2a: Gholdengo|54\/100|[from] Grassy Terrain\n|upkeep\n|turn|4\n|\n|t:|1700234915\n|move|p1a: Rillaboom|Grassy Glide|p2a: Gholdengo\n|-resisted|p2a: Gholdengo\n|-damage|p2a: Gholdengo|32\/100\n|move|p2a: Gholdengo|Make It Rain|p1a: Rillaboom\n|-damage|p1a: Rillaboom|0 fnt\n|-unboost|p2a: Gholdengo|spa|1\n|faint|p1a: Rillaboom\n|\n|-heal|p2a: Gholdengo|38\/100|[from] Grassy Terrain\n|upkeep\n|\n|t:|1700234921\n|switch|p1a: Chandelure|Chandelure, M|100\/100\n|turn|5\n|\n|t:|1700234929\n|move|p1a: Chandelure|Shadow Ball|p2a: Gholdengo\n|-supereffective|p2a: Gholdengo\n|-damage|p2a: Gholdengo|0 fnt\n|faint|p2a: Gholdengo\n|\n|upkeep\n|\n|t:|1700234934\n|switch|p2a: Donbozo|Dondozo, F|97\/100\n|turn|6\n|\n|t:|1700234936\n|switch|p1a: Zapdos|Zapdos|100\/100\n|move|p2a: Donbozo|Liquidation|p1a: Zapdos\n|-crit|p1a: Zapdos\n|-damage|p1a: Zapdos|52\/100\n|-unboost|p1a: Zapdos|def|1\n|\n|-heal|p2a: Donbozo|100\/100|[from] Grassy Terrain\n|-fieldend|move: Grassy Terrain\n|upkeep\n|turn|7\n|\n|t:|1700234956\n|move|p1a: Zapdos|Discharge|p2a: Donbozo\n|-supereffective|p2a: Donbozo\n|-crit|p2a: Donbozo\n|-damage|p2a: Donbozo|6\/100\n|move|p2a: Donbozo|Curse|p2a: Donbozo\n|-unboost|p2a: Donbozo|spe|1\n|-boost|p2a: Donbozo|atk|1\n|-boost|p2a: Donbozo|def|1\n|\n|-heal|p2a: Donbozo|12\/100|[from] item: Leftovers\n|upkeep\n|turn|8\n|\n|t:|1700234971\n|switch|p2a: Cyclizar|Cyclizar, F|100\/100\n|move|p1a: Zapdos|Roost|p1a: Zapdos\n|-heal|p1a: Zapdos|100\/100\n|-singleturn|p1a: Zapdos|move: Roost\n|\n|upkeep\n|turn|9\n|inactive|alfred1212 has 120 seconds left.\n|\n|t:|1700234999\n|move|p2a: Cyclizar|Knock Off|p1a: Zapdos\n|-damage|p1a: Zapdos|70\/100\n|-enditem|p1a: Zapdos|Heavy-Duty Boots|[from] move: Knock Off|[of] p2a: Cyclizar\n|move|p1a: Zapdos|Air Cutter|p2a: Cyclizar\n|-damage|p2a: Cyclizar|49\/100\n|\n|upkeep\n|turn|10\n|\n|t:|1700235009\n|move|p2a: Cyclizar|Draco Meteor|p1a: Zapdos\n|-damage|p1a: Zapdos|35\/100\n|-unboost|p2a: Cyclizar|spa|2\n|move|p1a: Zapdos|Air Cutter|p2a: Cyclizar\n|-crit|p2a: Cyclizar\n|-damage|p2a: Cyclizar|0 fnt\n|faint|p2a: Cyclizar\n|\n|upkeep\n|inactive|alfred1212 has 120 seconds left.\n|\n|t:|1700235022\n|switch|p2a: Breloom|Breloom, F|100\/100\n|turn|11\n|\n|t:|1700235026\n|move|p2a: Breloom|Mach Punch|p1a: Zapdos\n|-resisted|p1a: Zapdos\n|-damage|p1a: Zapdos|13\/100\n|-status|p2a: Breloom|par|[from] ability: Static|[of] p1a: Zapdos\n|move|p1a: Zapdos|Roost|p1a: Zapdos\n|-heal|p1a: Zapdos|63\/100\n|-singleturn|p1a: Zapdos|move: Roost\n|\n|upkeep\n|turn|12\n|\n|t:|1700235036\n|move|p1a: Zapdos|Air Cutter|p2a: Breloom\n|-supereffective|p2a: Breloom\n|-crit|p2a: Breloom\n|-enditem|p2a: Breloom|Focus Sash\n|-damage|p2a: Breloom|1\/100 par\n|cant|p2a: Breloom|par\n|\n|upkeep\n|turn|13\n|\n|t:|1700235048\n|switch|p2a: Scizor|Scizor, F|100\/100\n|move|p1a: Zapdos|Air Cutter|p2a: Scizor\n|-damage|p2a: Scizor|60\/100\n|\n|upkeep\n|turn|14\n|\n|t:|1700235072\n|move|p2a: Scizor|Bullet Punch|p1a: Zapdos\n|-resisted|p1a: Zapdos\n|-damage|p1a: Zapdos|20\/100\n|-status|p2a: Scizor|par|[from] ability: Static|[of] p1a: Zapdos\n|move|p1a: Zapdos|Air Cutter|p2a: Scizor\n|-damage|p2a: Scizor|23\/100 par\n|\n|upkeep\n|turn|15\n|\n|t:|1700235080\n|move|p2a: Scizor|Bullet Punch|p1a: Zapdos\n|-resisted|p1a: Zapdos\n|-damage|p1a: Zapdos|0 fnt\n|faint|p1a: Zapdos\n|\n|upkeep\n|\n|t:|1700235089\n|switch|p1a: Sneasler|Sneasler, F|100\/100\n|turn|16\n|inactive|alfred1212 has 120 seconds left.\n|\n|t:|1700235121\n|switch|p2a: Breloom|Breloom, F|1\/100 par\n|move|p1a: Sneasler|Close Combat|p2a: Breloom\n|-damage|p2a: Breloom|0 fnt\n|-unboost|p1a: Sneasler|def|1\n|-unboost|p1a: Sneasler|spd|1\n|faint|p2a: Breloom\n|\n|upkeep\n|\n|t:|1700235132\n|switch|p2a: Donbozo|Dondozo, F|12\/100\n|turn|17\n|\n|t:|1700235150\n|move|p1a: Sneasler|Close Combat|p2a: Donbozo\n|-damage|p2a: Donbozo|0 fnt\n|-unboost|p1a: Sneasler|def|1\n|-unboost|p1a: Sneasler|spd|1\n|faint|p2a: Donbozo\n|\n|upkeep\n|\n|t:|1700235159\n|switch|p2a: Garchomp|Garchomp, F|100\/100\n|turn|18\n|-message|alfred1212 forfeited.\n|\n|win|273_Kalstor\n|raw|273_Kalstor's rating: 1026 &rarr; <strong>1070<\/strong><br \/>(+44 for winning)\n|raw|alfred1212's rating: 1099 &rarr; <strong>1069<\/strong><br \/>(-30 for losing)\n|l|\u2606alfred1212\n","uploadtime":1700235172,"views":9,"p1id":"273kalstor","p2id":"alfred1212","formatid":"gen9ou","rating":1069,"private":0,"password":""}