{"id":"gen9ou-1992259861","p1":"NekroDono","p2":"Turtwigdabest","format":"[Gen 9] OU","log":"|j|\u2606NekroDono\n|j|\u2606Turtwigdabest\n|t:|1700168565\n|gametype|singles\n|player|p1|NekroDono|ingo-masters|1157\n|player|p2|Turtwigdabest|red|1051\n|teamsize|p1|6\n|teamsize|p2|6\n|gen|9\n|tier|[Gen 9] OU\n|rated|\n|rule|Sleep Clause Mod: Limit one foe put to sleep\n|rule|Species Clause: Limit one of each Pok\u00e9mon\n|rule|OHKO Clause: OHKO moves are banned\n|rule|Evasion Items Clause: Evasion items are banned\n|rule|Evasion Moves Clause: Evasion moves are banned\n|rule|Endless Battle Clause: Forcing endless battles is banned\n|rule|HP Percentage Mod: HP is shown in percentages\n|clearpoke\n|poke|p1|Meowscarada, F|\n|poke|p1|Skeledirge, F|\n|poke|p1|Kingambit, F|\n|poke|p1|Corviknight, M|\n|poke|p1|Goodra, F|\n|poke|p1|Chansey, F|\n|poke|p2|Skeledirge, F|\n|poke|p2|Dragonite, M|\n|poke|p2|Zoroark-Hisui, F|\n|poke|p2|Iron Valiant|\n|poke|p2|Torterra, M|\n|poke|p2|Kingambit, M|\n|teampreview\n|\n|t:|1700168570\n|start\n|switch|p1a: Meowscarada|Meowscarada, F, shiny|100\/100\n|switch|p2a: Kingambit|Kingambit, M|100\/100\n|turn|1\n|\n|t:|1700168576\n|move|p2a: Kingambit|Taunt|p1a: Meowscarada\n|-start|p1a: Meowscarada|move: Taunt\n|move|p1a: Meowscarada|Low Kick|p2a: Kingambit\n|-start|p1a: Meowscarada|typechange|Fighting|[from] ability: Protean\n|-immune|p2a: Kingambit\n|\n|upkeep\n|turn|2\n|c|\u2606NekroDono|oh\n|c|\u2606NekroDono|zoroark\n|c|\u2606Turtwigdabest|i think u just missed\n|c|\u2606Turtwigdabest|try again\n|c|\u2606NekroDono|lol\n|inactive|Battle timer is ON: inactive players will automatically lose when time's up. (requested by Turtwigdabest)\n|c|\u2606NekroDono|xD\n|\n|t:|1700168607\n|switch|p1a: Goodra|Goodra, F|100\/100\n|move|p2a: Kingambit|Memento|p1a: Goodra\n|-unboost|p1a: Goodra|atk|2\n|-unboost|p1a: Goodra|spa|2\n|faint|p2a: Kingambit\n|\n|upkeep\n|\n|t:|1700168614\n|switch|p2a: Torterra|Torterra, M|100\/100\n|turn|3\n|\n|t:|1700168619\n|switch|p1a: Skeledirge|Skeledirge, F|100\/100\n|move|p2a: Torterra|Shell Smash|p2a: Torterra\n|-unboost|p2a: Torterra|def|1\n|-unboost|p2a: Torterra|spd|1\n|-boost|p2a: Torterra|atk|2\n|-boost|p2a: Torterra|spa|2\n|-boost|p2a: Torterra|spe|2\n|\n|upkeep\n|turn|4\n|\n|t:|1700168627\n|move|p2a: Torterra|Headlong Rush|p1a: Skeledirge\n|-supereffective|p1a: Skeledirge\n|-damage|p1a: Skeledirge|8\/100\n|-unboost|p2a: Torterra|def|1\n|-unboost|p2a: Torterra|spd|1\n|move|p1a: Skeledirge|Will-O-Wisp|p2a: Torterra\n|-status|p2a: Torterra|brn\n|\n|-damage|p2a: Torterra|94\/100 brn|[from] brn\n|upkeep\n|turn|5\n|\n|t:|1700168639\n|switch|p1a: Corviknight|Corviknight, M|100\/100\n|-ability|p1a: Corviknight|Pressure\n|move|p2a: Torterra|Headlong Rush|p1a: Corviknight\n|-immune|p1a: Corviknight\n|\n|-damage|p2a: Torterra|88\/100 brn|[from] brn\n|upkeep\n|turn|6\n|\n|t:|1700168649\n|move|p2a: Torterra|Rock Blast|p1a: Corviknight\n|-damage|p1a: Corviknight|96\/100\n|-damage|p1a: Corviknight|91\/100\n|-damage|p1a: Corviknight|86\/100\n|-damage|p1a: Corviknight|81\/100\n|-damage|p1a: Corviknight|76\/100\n|-hitcount|p1a: Corviknight|5\n|move|p1a: Corviknight|Body Press|p2a: Torterra\n|-damage|p2a: Torterra|36\/100 brn\n|\n|-damage|p2a: Torterra|30\/100 brn|[from] brn\n|upkeep\n|turn|7\n|\n|t:|1700168662\n|move|p2a: Torterra|Rock Blast|p1a: Corviknight\n|-crit|p1a: Corviknight\n|-damage|p1a: Corviknight|69\/100\n|-damage|p1a: Corviknight|64\/100\n|-damage|p1a: Corviknight|59\/100\n|-damage|p1a: Corviknight|54\/100\n|-hitcount|p1a: Corviknight|4\n|move|p1a: Corviknight|Iron Head|p2a: Torterra\n|-damage|p2a: Torterra|0 fnt\n|faint|p2a: Torterra\n|\n|upkeep\n|\n|t:|1700168671\n|switch|p2a: Skeledirge|Skeledirge, F|100\/100\n|turn|8\n|\n|t:|1700168676\n|switch|p1a: Goodra|Goodra, F|100\/100\n|move|p2a: Skeledirge|Torch Song|p1a: Goodra\n|-resisted|p1a: Goodra\n|-damage|p1a: Goodra|92\/100\n|-boost|p2a: Skeledirge|spa|1\n|-enditem|p2a: Skeledirge|Throat Spray\n|-boost|p2a: Skeledirge|spa|1|[from] item: Throat Spray\n|\n|upkeep\n|turn|9\n|\n|t:|1700168691\n|-terastallize|p2a: Skeledirge|Fairy\n|move|p1a: Goodra|Sludge Bomb|p2a: Skeledirge\n|-supereffective|p2a: Skeledirge\n|-crit|p2a: Skeledirge\n|-damage|p2a: Skeledirge|6\/100\n|move|p2a: Skeledirge|Tera Blast|p1a: Goodra|[anim] Tera Blast Fairy\n|-supereffective|p1a: Goodra\n|-damage|p1a: Goodra|29\/100\n|\n|upkeep\n|turn|10\n|\n|t:|1700168702\n|move|p1a: Goodra|Sludge Bomb|p2a: Skeledirge\n|-supereffective|p2a: Skeledirge\n|-damage|p2a: Skeledirge|0 fnt\n|faint|p2a: Skeledirge\n|\n|upkeep\n|\n|t:|1700168710\n|switch|p2a: Kingambit|Kingambit, M|100\/100\n|-activate|p2a: Kingambit|ability: Supreme Overlord\n|-start|p2a: Kingambit|fallen3|[silent]\n|turn|11\n|\n|t:|1700168718\n|move|p1a: Goodra|Draco Meteor|p2a: Kingambit\n|-resisted|p2a: Kingambit\n|-damage|p2a: Kingambit|67\/100\n|-unboost|p1a: Goodra|spa|2\n|move|p2a: Kingambit|Swords Dance|p2a: Kingambit\n|-boost|p2a: Kingambit|atk|2\n|\n|upkeep\n|turn|12\n|\n|t:|1700168725\n|move|p1a: Goodra|Knock Off|p2a: Kingambit\n|-resisted|p2a: Kingambit\n|-damage|p2a: Kingambit|59\/100\n|-enditem|p2a: Kingambit|Life Orb|[from] move: Knock Off|[of] p1a: Goodra\n|move|p2a: Kingambit|Swords Dance|p2a: Kingambit\n|-boost|p2a: Kingambit|atk|2\n|\n|upkeep\n|turn|13\n|\n|t:|1700168732\n|move|p2a: Kingambit|Sucker Punch|p1a: Goodra\n|-damage|p1a: Goodra|0 fnt\n|-ability|p1a: Goodra|Gooey\n|-unboost|p2a: Kingambit|spe|1\n|faint|p1a: Goodra\n|\n|upkeep\n|\n|t:|1700168734\n|switch|p1a: Skeledirge|Skeledirge, F|8\/100\n|turn|14\n|\n|t:|1700168738\n|move|p2a: Kingambit|Sucker Punch||[still]\n|-fail|p2a: Kingambit\n|move|p1a: Skeledirge|Slack Off|p1a: Skeledirge\n|-heal|p1a: Skeledirge|58\/100\n|\n|upkeep\n|turn|15\n|\n|t:|1700168745\n|move|p2a: Kingambit|Sucker Punch||[still]\n|-fail|p2a: Kingambit\n|move|p1a: Skeledirge|Slack Off|p1a: Skeledirge\n|-heal|p1a: Skeledirge|100\/100\n|\n|upkeep\n|turn|16\n|\n|t:|1700168748\n|move|p2a: Kingambit|Sucker Punch||[still]\n|-fail|p2a: Kingambit\n|move|p1a: Skeledirge|Will-O-Wisp|p2a: Kingambit\n|-status|p2a: Kingambit|brn\n|\n|-damage|p2a: Kingambit|52\/100 brn|[from] brn\n|upkeep\n|turn|17\n|\n|t:|1700168755\n|switch|p1a: Corviknight|Corviknight, M|54\/100\n|-ability|p1a: Corviknight|Pressure\n|move|p2a: Kingambit|Sucker Punch||[still]\n|-fail|p2a: Kingambit\n|\n|-damage|p2a: Kingambit|46\/100 brn|[from] brn\n|upkeep\n|turn|18\n|-message|Turtwigdabest forfeited.\n|\n|win|NekroDono\n|raw|NekroDono's rating: 1157 &rarr; <strong>1175<\/strong><br \/>(+18 for winning)\n|raw|Turtwigdabest's rating: 1051 &rarr; <strong>1039<\/strong><br \/>(-12 for losing)\n|l|\u2606Turtwigdabest\n","uploadtime":1700168785,"views":22,"p1id":"nekrodono","p2id":"turtwigdabest","formatid":"gen9ou","rating":1039,"private":0,"password":""}