{"id":"gen9ou-1994505053","p1":"carpec20","p2":"It's classified","format":"[Gen 9] OU","log":"|j|\u2606carpec20\n|j|\u2606It's classified\n|t:|1700451868\n|gametype|singles\n|player|p1|carpec20|101|1383\n|player|p2|It's classified|pokemonranger-gen4|1494\n|teamsize|p1|6\n|teamsize|p2|6\n|gen|9\n|tier|[Gen 9] OU\n|rated|\n|rule|Sleep Clause Mod: Limit one foe put to sleep\n|rule|Species Clause: Limit one of each Pok\u00e9mon\n|rule|OHKO Clause: OHKO moves are banned\n|rule|Evasion Items Clause: Evasion items are banned\n|rule|Evasion Moves Clause: Evasion moves are banned\n|rule|Endless Battle Clause: Forcing endless battles is banned\n|rule|HP Percentage Mod: HP is shown in percentages\n|clearpoke\n|poke|p1|Manaphy|\n|poke|p1|Great Tusk|\n|poke|p1|Sneasler, M|\n|poke|p1|Heatran, M|\n|poke|p1|Gholdengo|\n|poke|p1|Rillaboom, M|\n|poke|p2|Ceruledge, M|\n|poke|p2|Ninetales-Alola, M|\n|poke|p2|Iron Valiant|\n|poke|p2|Great Tusk|\n|poke|p2|Manaphy|\n|poke|p2|Kingambit, M|\n|teampreview\n|inactive|Battle timer is ON: inactive players will automatically lose when time's up. (requested by It's classified)\n|\n|t:|1700451873\n|start\n|switch|p1a: Rillaboom|Rillaboom, M|100\/100\n|switch|p2a: Ninetales|Ninetales-Alola, M|100\/100\n|-weather|Snow|[from] ability: Snow Warning|[of] p2a: Ninetales\n|-fieldstart|move: Grassy Terrain|[from] ability: Grassy Surge|[of] p1a: Rillaboom\n|turn|1\n|\n|t:|1700451895\n|switch|p1a: Manaphy|Manaphy|100\/100\n|move|p2a: Ninetales|Aurora Veil|p2a: Ninetales\n|-sidestart|p2: It's classified|move: Aurora Veil\n|\n|-weather|Snow|[upkeep]\n|upkeep\n|turn|2\n|\n|t:|1700451902\n|move|p2a: Ninetales|Hypnosis|p1a: Manaphy\n|-status|p1a: Manaphy|slp|[from] move: Hypnosis\n|-enditem|p1a: Manaphy|Chesto Berry|[eat]\n|-curestatus|p1a: Manaphy|slp|[msg]\n|move|p1a: Manaphy|Tail Glow|p1a: Manaphy\n|-boost|p1a: Manaphy|spa|3\n|\n|-weather|Snow|[upkeep]\n|upkeep\n|turn|3\n|\n|t:|1700451911\n|move|p2a: Ninetales|Encore|p1a: Manaphy\n|-start|p1a: Manaphy|Encore\n|move|p1a: Manaphy|Tail Glow|p1a: Manaphy\n|-boost|p1a: Manaphy|spa|3\n|\n|-weather|Snow|[upkeep]\n|upkeep\n|turn|4\n|\n|t:|1700451922\n|move|p2a: Ninetales|Hypnosis|p1a: Manaphy\n|-status|p1a: Manaphy|slp|[from] move: Hypnosis\n|cant|p1a: Manaphy|slp\n|\n|-weather|Snow|[upkeep]\n|upkeep\n|turn|5\n|\n|t:|1700451927\n|switch|p2a: Iron Valiant|Iron Valiant|100\/100\n|-enditem|p2a: Iron Valiant|Booster Energy\n|-activate|p2a: Iron Valiant|ability: Quark Drive|[fromitem]\n|-start|p2a: Iron Valiant|quarkdrivespe\n|cant|p1a: Manaphy|slp\n|\n|-weather|none\n|-end|p1a: Manaphy|Encore\n|-fieldend|move: Grassy Terrain\n|upkeep\n|turn|6\n|\n|t:|1700451937\n|move|p2a: Iron Valiant|Thunderbolt|p1a: Manaphy\n|-supereffective|p1a: Manaphy\n|-damage|p1a: Manaphy|66\/100 slp\n|cant|p1a: Manaphy|slp\n|\n|upkeep\n|turn|7\n|\n|t:|1700451947\n|move|p2a: Iron Valiant|Moonblast|p1a: Manaphy\n|-damage|p1a: Manaphy|37\/100 slp\n|-unboost|p1a: Manaphy|spa|1\n|-curestatus|p1a: Manaphy|slp|[msg]\n|move|p1a: Manaphy|Surf|p2a: Iron Valiant\n|-damage|p2a: Iron Valiant|5\/100\n|\n|upkeep\n|turn|8\n|\n|t:|1700451957\n|move|p2a: Iron Valiant|Thunderbolt|p1a: Manaphy\n|-supereffective|p1a: Manaphy\n|-damage|p1a: Manaphy|1\/100\n|move|p1a: Manaphy|Rest|p1a: Manaphy\n|-status|p1a: Manaphy|slp|[from] move: Rest\n|-heal|p1a: Manaphy|100\/100 slp|[silent]\n|\n|-sideend|p2: It's classified|move: Aurora Veil\n|upkeep\n|turn|9\n|\n|t:|1700451966\n|move|p2a: Iron Valiant|Thunderbolt|p1a: Manaphy\n|-supereffective|p1a: Manaphy\n|-damage|p1a: Manaphy|62\/100 slp\n|cant|p1a: Manaphy|slp\n|\n|upkeep\n|turn|10\n|\n|t:|1700451977\n|-terastallize|p1a: Manaphy|Steel\n|move|p2a: Iron Valiant|Thunderbolt|p1a: Manaphy\n|-damage|p1a: Manaphy|42\/100 slp\n|cant|p1a: Manaphy|slp\n|\n|upkeep\n|turn|11\n|\n|t:|1700451985\n|move|p2a: Iron Valiant|Thunderbolt|p1a: Manaphy\n|-damage|p1a: Manaphy|25\/100 slp\n|-curestatus|p1a: Manaphy|slp|[msg]\n|move|p1a: Manaphy|Surf|p2a: Iron Valiant\n|-damage|p2a: Iron Valiant|0 fnt\n|faint|p2a: Iron Valiant\n|-end|p2a: Iron Valiant|Quark Drive|[silent]\n|\n|upkeep\n|\n|t:|1700451995\n|switch|p2a: Ninetales|Ninetales-Alola, M|100\/100\n|-weather|Snow|[from] ability: Snow Warning|[of] p2a: Ninetales\n|turn|12\n|\n|t:|1700452001\n|move|p2a: Ninetales|Aurora Veil|p2a: Ninetales\n|-sidestart|p2: It's classified|move: Aurora Veil\n|move|p1a: Manaphy|Surf|p2a: Ninetales\n|-damage|p2a: Ninetales|43\/100\n|\n|-weather|Snow|[upkeep]\n|upkeep\n|turn|13\n|\n|t:|1700452006\n|move|p2a: Ninetales|Hypnosis|p1a: Manaphy\n|-status|p1a: Manaphy|slp|[from] move: Hypnosis\n|cant|p1a: Manaphy|slp\n|\n|-weather|Snow|[upkeep]\n|upkeep\n|turn|14\n|c|\u2606carpec20|bro\n|\n|t:|1700452020\n|switch|p2a: Great Tusk|Great Tusk|100\/100\n|-enditem|p2a: Great Tusk|Booster Energy\n|-activate|p2a: Great Tusk|ability: Protosynthesis|[fromitem]\n|-start|p2a: Great Tusk|protosynthesisspe\n|-curestatus|p1a: Manaphy|slp|[msg]\n|move|p1a: Manaphy|Surf|p2a: Great Tusk\n|-supereffective|p2a: Great Tusk\n|-damage|p2a: Great Tusk|0 fnt\n|faint|p2a: Great Tusk\n|-end|p2a: Great Tusk|Protosynthesis|[silent]\n|\n|-weather|Snow|[upkeep]\n|upkeep\n|\n|t:|1700452026\n|switch|p2a: Ceruledge|Ceruledge, M|100\/100\n|-item|p2a: Ceruledge|Air Balloon\n|turn|15\n|c|\u2606carpec20|ok i take it back\n|\n|t:|1700452037\n|move|p2a: Ceruledge|Bitter Blade|p1a: Manaphy\n|-supereffective|p1a: Manaphy\n|-damage|p1a: Manaphy|0 fnt\n|faint|p1a: Manaphy\n|\n|-weather|Snow|[upkeep]\n|upkeep\n|\n|t:|1700452051\n|switch|p1a: Rillaboom|Rillaboom, M|100\/100\n|-fieldstart|move: Grassy Terrain|[from] ability: Grassy Surge|[of] p1a: Rillaboom\n|turn|16\n|\n|t:|1700452058\n|switch|p1a: Sneasler|Sneasler, M|100\/100\n|-enditem|p1a: Sneasler|Grassy Seed\n|-boost|p1a: Sneasler|def|1|[from] item: Grassy Seed\n|move|p2a: Ceruledge|Swords Dance|p2a: Ceruledge\n|-boost|p2a: Ceruledge|atk|2\n|\n|-weather|none\n|upkeep\n|turn|17\n|\n|t:|1700452071\n|move|p1a: Sneasler|Swords Dance|p1a: Sneasler\n|-boost|p1a: Sneasler|atk|2\n|move|p2a: Ceruledge|Bitter Blade|p1a: Sneasler\n|-damage|p1a: Sneasler|3\/100\n|\n|-heal|p1a: Sneasler|9\/100|[from] Grassy Terrain\n|upkeep\n|turn|18\n|\n|t:|1700452080\n|move|p1a: Sneasler|Acrobatics|p2a: Ceruledge\n|-damage|p2a: Ceruledge|38\/100\n|-ability|p2a: Ceruledge|Weak Armor|boost\n|-unboost|p2a: Ceruledge|def|1\n|-boost|p2a: Ceruledge|spe|2\n|-enditem|p2a: Ceruledge|Air Balloon\n|move|p2a: Ceruledge|Bitter Blade|p1a: Sneasler\n|-damage|p1a: Sneasler|0 fnt\n|-heal|p2a: Ceruledge|43\/100|[from] drain|[of] p1a: Sneasler\n|faint|p1a: Sneasler\n|\n|-heal|p2a: Ceruledge|49\/100|[from] Grassy Terrain\n|upkeep\n|\n|t:|1700452099\n|switch|p1a: Great Tusk|Great Tusk|100\/100\n|-enditem|p1a: Great Tusk|Booster Energy\n|-activate|p1a: Great Tusk|ability: Protosynthesis|[fromitem]\n|-start|p1a: Great Tusk|protosynthesisspe\n|turn|19\n|\n|t:|1700452115\n|-terastallize|p2a: Ceruledge|Fighting\n|move|p2a: Ceruledge|Bitter Blade|p1a: Great Tusk\n|-crit|p1a: Great Tusk\n|-damage|p1a: Great Tusk|8\/100\n|-heal|p2a: Ceruledge|100\/100|[from] drain|[of] p1a: Great Tusk\n|move|p1a: Great Tusk|Headlong Rush|p2a: Ceruledge\n|-damage|p2a: Ceruledge|49\/100\n|-unboost|p1a: Great Tusk|def|1\n|-unboost|p1a: Great Tusk|spd|1\n|-ability|p2a: Ceruledge|Weak Armor|boost\n|-unboost|p2a: Ceruledge|def|1\n|-boost|p2a: Ceruledge|spe|2\n|\n|-heal|p2a: Ceruledge|55\/100|[from] Grassy Terrain\n|-heal|p1a: Great Tusk|14\/100|[from] Grassy Terrain\n|-sideend|p2: It's classified|move: Aurora Veil\n|upkeep\n|turn|20\n|\n|t:|1700452130\n|move|p2a: Ceruledge|Bitter Blade|p1a: Great Tusk\n|-damage|p1a: Great Tusk|0 fnt\n|-heal|p2a: Ceruledge|65\/100|[from] drain|[of] p1a: Great Tusk\n|faint|p1a: Great Tusk\n|-end|p1a: Great Tusk|Protosynthesis|[silent]\n|\n|-heal|p2a: Ceruledge|72\/100|[from] Grassy Terrain\n|-fieldend|move: Grassy Terrain\n|upkeep\n|\n|t:|1700452138\n|switch|p1a: Heatran|Heatran, M|100\/100\n|turn|21\n|\n|t:|1700452143\n|move|p2a: Ceruledge|Close Combat|p1a: Heatran\n|-supereffective|p1a: Heatran\n|-damage|p1a: Heatran|0 fnt\n|-unboost|p2a: Ceruledge|def|1\n|-unboost|p2a: Ceruledge|spd|1\n|faint|p1a: Heatran\n|\n|upkeep\n|-message|carpec20 forfeited.\n|\n|win|It's classified\n|raw|carpec20's rating: 1383 &rarr; <strong>1369<\/strong><br \/>(-14 for losing)\n|raw|It&apos;s classified's rating: 1494 &rarr; <strong>1508<\/strong><br \/>(+14 for winning)\n|l|\u2606carpec20\n","uploadtime":1700452163,"views":27,"p1id":"carpec20","p2id":"itsclassified","formatid":"gen9ou","rating":1369,"private":0,"password":""}