{"id":"gen9ou-1991173179","p1":"Manjack","p2":"malk tyme","format":"[Gen 9] OU","log":"|j|\u2606Manjack\n|j|\u2606malk tyme\n|t:|1700053390\n|gametype|singles\n|player|p1|Manjack|preschooler|1630\n|player|p2|malk tyme|170|1763\n|teamsize|p1|6\n|teamsize|p2|6\n|gen|9\n|tier|[Gen 9] OU\n|rated|\n|rule|Sleep Clause Mod: Limit one foe put to sleep\n|rule|Species Clause: Limit one of each Pok\u00e9mon\n|rule|OHKO Clause: OHKO moves are banned\n|rule|Evasion Items Clause: Evasion items are banned\n|rule|Evasion Moves Clause: Evasion moves are banned\n|rule|Endless Battle Clause: Forcing endless battles is banned\n|rule|HP Percentage Mod: HP is shown in percentages\n|clearpoke\n|poke|p1|Ogerpon, F|\n|poke|p1|Corviknight, M|\n|poke|p1|Dachsbun, M|\n|poke|p1|Landorus-Therian, M|\n|poke|p1|Rotom-Wash|\n|poke|p1|Clodsire, F|\n|poke|p2|Mew|\n|poke|p2|Grimmsnarl, M|\n|poke|p2|Kommo-o, M|\n|poke|p2|Veluza, F|\n|poke|p2|Iron Hands|\n|poke|p2|Mamoswine, F|\n|teampreview\n|c|\u2606Manjack|Glhf\n|\n|t:|1700053415\n|start\n|switch|p1a: Landorus|Landorus-Therian, M|100\/100\n|switch|p2a: Grimmsnarl|Grimmsnarl, M|100\/100\n|-ability|p1a: Landorus|Intimidate|boost\n|-unboost|p2a: Grimmsnarl|atk|1\n|turn|1\n|\n|t:|1700053426\n|move|p2a: Grimmsnarl|Reflect|p2a: Grimmsnarl\n|-sidestart|p2: malk tyme|Reflect\n|move|p1a: Landorus|Sandsear Storm|p2a: Grimmsnarl\n|-damage|p2a: Grimmsnarl|73\/100\n|\n|upkeep\n|turn|2\n|\n|t:|1700053435\n|move|p2a: Grimmsnarl|Light Screen|p2a: Grimmsnarl\n|-sidestart|p2: malk tyme|move: Light Screen\n|move|p1a: Landorus|Calm Mind|p1a: Landorus\n|-boost|p1a: Landorus|spa|1\n|-boost|p1a: Landorus|spd|1\n|\n|upkeep\n|turn|3\n|\n|t:|1700053442\n|move|p1a: Landorus|Sandsear Storm|p2a: Grimmsnarl\n|-damage|p2a: Grimmsnarl|50\/100\n|move|p2a: Grimmsnarl|Spirit Break|p1a: Landorus\n|-damage|p1a: Landorus|86\/100\n|-unboost|p1a: Landorus|spa|1\n|\n|-heal|p1a: Landorus|92\/100|[from] item: Leftovers\n|upkeep\n|turn|4\n|\n|t:|1700053450\n|move|p1a: Landorus|Sandsear Storm|p2a: Grimmsnarl\n|-damage|p2a: Grimmsnarl|35\/100\n|move|p2a: Grimmsnarl|Spirit Break|p1a: Landorus\n|-damage|p1a: Landorus|77\/100\n|-unboost|p1a: Landorus|spa|1\n|\n|-heal|p1a: Landorus|83\/100|[from] item: Leftovers\n|upkeep\n|turn|5\n|\n|t:|1700053462\n|switch|p2a: Veluza|Veluza, F|100\/100\n|-ability|p2a: Veluza|Mold Breaker\n|move|p1a: Landorus|U-turn|p2a: Veluza\n|-supereffective|p2a: Veluza\n|-damage|p2a: Veluza|73\/100\n|\n|t:|1700053466\n|switch|p1a: Ogerpon|Ogerpon, F|100\/100|[from] U-turn\n|\n|upkeep\n|turn|6\n|\n|t:|1700053477\n|switch|p2a: Grimmsnarl|Grimmsnarl, M|35\/100\n|move|p1a: Ogerpon|Horn Leech|p2a: Grimmsnarl\n|-damage|p2a: Grimmsnarl|9\/100\n|\n|upkeep\n|turn|7\n|\n|t:|1700053483\n|switch|p1a: Landorus|Landorus-Therian, M|83\/100\n|-ability|p1a: Landorus|Intimidate|boost\n|-unboost|p2a: Grimmsnarl|atk|1\n|move|p2a: Grimmsnarl|Thunder Wave|p1a: Landorus\n|-immune|p1a: Landorus\n|\n|-heal|p1a: Landorus|89\/100|[from] item: Leftovers\n|upkeep\n|turn|8\n|\n|t:|1700053489\n|move|p1a: Landorus|Sandsear Storm|p2a: Grimmsnarl\n|-damage|p2a: Grimmsnarl|0 fnt\n|faint|p2a: Grimmsnarl\n|\n|-heal|p1a: Landorus|95\/100|[from] item: Leftovers\n|-sideend|p2: malk tyme|Reflect\n|upkeep\n|\n|t:|1700053492\n|switch|p2a: Veluza|Veluza, F|73\/100\n|-ability|p2a: Veluza|Mold Breaker\n|turn|9\n|\n|t:|1700053496\n|-terastallize|p2a: Veluza|Fighting\n|move|p2a: Veluza|Fillet Away|p2a: Veluza\n|-boost|p2a: Veluza|atk|2\n|-boost|p2a: Veluza|spa|2\n|-boost|p2a: Veluza|spe|2\n|-damage|p2a: Veluza|23\/100\n|-enditem|p2a: Veluza|Sitrus Berry|[eat]\n|-heal|p2a: Veluza|48\/100|[from] item: Sitrus Berry\n|move|p1a: Landorus|U-turn|p2a: Veluza\n|-resisted|p2a: Veluza\n|-damage|p2a: Veluza|34\/100\n|\n|t:|1700053510\n|switch|p1a: Corviknight|Corviknight, M|100\/100|[from] U-turn\n|-ability|p1a: Corviknight|Pressure\n|\n|-sideend|p2: malk tyme|move: Light Screen\n|upkeep\n|turn|10\n|\n|t:|1700053514\n|move|p2a: Veluza|Recover|p2a: Veluza\n|-heal|p2a: Veluza|84\/100\n|move|p1a: Corviknight|Brave Bird|p2a: Veluza\n|-supereffective|p2a: Veluza\n|-damage|p2a: Veluza|0 fnt\n|faint|p2a: Veluza\n|-damage|p1a: Corviknight|78\/100|[from] Recoil\n|\n|-heal|p1a: Corviknight|84\/100|[from] item: Leftovers\n|upkeep\n|\n|t:|1700053520\n|switch|p2a: Iron Hands|Iron Hands|100\/100\n|turn|11\n|\n|t:|1700053525\n|move|p1a: Corviknight|U-turn|p2a: Iron Hands\n|-resisted|p2a: Iron Hands\n|-damage|p2a: Iron Hands|96\/100\n|\n|t:|1700053526\n|switch|p1a: Rotom|Rotom-Wash|100\/100|[from] U-turn\n|move|p2a: Iron Hands|Swords Dance|p2a: Iron Hands\n|-boost|p2a: Iron Hands|atk|2\n|\n|upkeep\n|turn|12\n|\n|t:|1700053530\n|move|p1a: Rotom|Will-O-Wisp|p2a: Iron Hands\n|-status|p2a: Iron Hands|brn\n|-enditem|p2a: Iron Hands|Lum Berry|[eat]\n|-curestatus|p2a: Iron Hands|brn|[msg]\n|move|p2a: Iron Hands|Wild Charge|p1a: Rotom\n|-damage|p1a: Rotom|12\/100\n|-damage|p2a: Iron Hands|83\/100|[from] Recoil\n|\n|-heal|p1a: Rotom|19\/100|[from] item: Leftovers\n|upkeep\n|turn|13\n|\n|t:|1700053535\n|-end|p2a: Iron Hands|Quark Drive|[silent]\n|switch|p2a: Mew|Mew|100\/100\n|move|p1a: Rotom|Will-O-Wisp|p2a: Mew|[miss]\n|-miss|p1a: Rotom|p2a: Mew\n|\n|-heal|p1a: Rotom|25\/100|[from] item: Leftovers\n|upkeep\n|turn|14\n|\n|t:|1700053544\n|move|p2a: Mew|Iron Defense|p2a: Mew\n|-boost|p2a: Mew|def|2\n|move|p1a: Rotom|Volt Switch|p2a: Mew\n|-damage|p2a: Mew|82\/100\n|\n|t:|1700053553\n|switch|p1a: Clodsire|Clodsire, F|100\/100|[from] Volt Switch\n|\n|-heal|p2a: Mew|88\/100|[from] item: Leftovers\n|upkeep\n|turn|15\n|\n|t:|1700053560\n|move|p2a: Mew|Calm Mind|p2a: Mew\n|-boost|p2a: Mew|spa|1\n|-boost|p2a: Mew|spd|1\n|move|p1a: Clodsire|Toxic|p2a: Mew\n|-status|p2a: Mew|tox\n|-activate|p2a: Mew|ability: Synchronize\n|-immune|p1a: Clodsire\n|\n|-heal|p2a: Mew|94\/100 tox|[from] item: Leftovers\n|-damage|p2a: Mew|88\/100 tox|[from] psn\n|upkeep\n|turn|16\n|\n|t:|1700053567\n|switch|p1a: Dachsbun|Dachsbun, M|100\/100\n|move|p2a: Mew|Calm Mind|p2a: Mew\n|-boost|p2a: Mew|spa|1\n|-boost|p2a: Mew|spd|1\n|\n|-heal|p2a: Mew|94\/100 tox|[from] item: Leftovers\n|-damage|p2a: Mew|82\/100 tox|[from] psn\n|upkeep\n|turn|17\n|\n|t:|1700053570\n|move|p2a: Mew|Stored Power|p1a: Dachsbun\n|-damage|p1a: Dachsbun|16\/100\n|move|p1a: Dachsbun|Copycat|p1a: Dachsbun\n|move|p1a: Dachsbun|Stored Power|p2a: Mew|[from]move: Copycat\n|-resisted|p2a: Mew\n|-damage|p2a: Mew|81\/100 tox\n|\n|-heal|p2a: Mew|87\/100 tox|[from] item: Leftovers\n|-heal|p1a: Dachsbun|22\/100|[from] item: Leftovers\n|-damage|p2a: Mew|69\/100 tox|[from] psn\n|upkeep\n|turn|18\n|\n|t:|1700053576\n|move|p1a: Dachsbun|Protect|p1a: Dachsbun\n|-singleturn|p1a: Dachsbun|Protect\n|move|p2a: Mew|Draining Kiss|p1a: Dachsbun\n|-activate|p1a: Dachsbun|move: Protect\n|\n|-heal|p2a: Mew|75\/100 tox|[from] item: Leftovers\n|-heal|p1a: Dachsbun|28\/100|[from] item: Leftovers\n|-damage|p2a: Mew|50\/100 tox|[from] psn\n|upkeep\n|turn|19\n|\n|t:|1700053583\n|move|p2a: Mew|Draining Kiss|p1a: Dachsbun\n|-damage|p1a: Dachsbun|6\/100\n|-heal|p2a: Mew|63\/100 tox|[from] drain|[of] p1a: Dachsbun\n|move|p1a: Dachsbun|Wish|p1a: Dachsbun\n|\n|-heal|p2a: Mew|70\/100 tox|[from] item: Leftovers\n|-heal|p1a: Dachsbun|12\/100|[from] item: Leftovers\n|-damage|p2a: Mew|39\/100 tox|[from] psn\n|upkeep\n|turn|20\n|\n|t:|1700053589\n|move|p1a: Dachsbun|Protect|p1a: Dachsbun\n|-singleturn|p1a: Dachsbun|Protect\n|move|p2a: Mew|Calm Mind|p2a: Mew\n|-boost|p2a: Mew|spa|1\n|-boost|p2a: Mew|spd|1\n|\n|-heal|p1a: Dachsbun|62\/100|[from] move: Wish|[wisher] Dachsbun\n|-heal|p2a: Mew|45\/100 tox|[from] item: Leftovers\n|-heal|p1a: Dachsbun|68\/100|[from] item: Leftovers\n|-damage|p2a: Mew|8\/100 tox|[from] psn\n|upkeep\n|turn|21\n|\n|t:|1700053597\n|move|p2a: Mew|Stored Power|p1a: Dachsbun\n|-damage|p1a: Dachsbun|0 fnt\n|faint|p1a: Dachsbun\n|\n|-heal|p2a: Mew|14\/100 tox|[from] item: Leftovers\n|-damage|p2a: Mew|0 fnt|[from] psn\n|faint|p2a: Mew\n|upkeep\n|\n|t:|1700053609\n|switch|p2a: Mamoswine|Mamoswine, F|100\/100\n|switch|p1a: Landorus|Landorus-Therian, M|95\/100\n|-ability|p1a: Landorus|Intimidate|boost\n|-unboost|p2a: Mamoswine|atk|1\n|turn|22\n|\n|t:|1700053616\n|switch|p1a: Corviknight|Corviknight, M|84\/100\n|-ability|p1a: Corviknight|Pressure\n|move|p2a: Mamoswine|Icicle Crash|p1a: Corviknight\n|-crit|p1a: Corviknight\n|-damage|p1a: Corviknight|43\/100\n|\n|-heal|p1a: Corviknight|49\/100|[from] item: Leftovers\n|upkeep\n|turn|23\n|\n|t:|1700053624\n|switch|p2a: Iron Hands|Iron Hands|83\/100\n|move|p1a: Corviknight|Roost|p1a: Corviknight\n|-heal|p1a: Corviknight|99\/100\n|-singleturn|p1a: Corviknight|move: Roost\n|\n|-heal|p1a: Corviknight|100\/100|[from] item: Leftovers\n|upkeep\n|turn|24\n|\n|t:|1700053630\n|move|p1a: Corviknight|U-turn|p2a: Iron Hands\n|-resisted|p2a: Iron Hands\n|-damage|p2a: Iron Hands|79\/100\n|\n|t:|1700053631\n|switch|p1a: Landorus|Landorus-Therian, M|95\/100|[from] U-turn\n|-ability|p1a: Landorus|Intimidate|boost\n|-unboost|p2a: Iron Hands|atk|1\n|move|p2a: Iron Hands|Ice Punch|p1a: Landorus\n|-supereffective|p1a: Landorus\n|-damage|p1a: Landorus|37\/100\n|\n|-heal|p1a: Landorus|43\/100|[from] item: Leftovers\n|upkeep\n|turn|25\n|\n|t:|1700053638\n|-end|p2a: Iron Hands|Quark Drive|[silent]\n|switch|p2a: Kommo-o|Kommo-o, M|100\/100\n|move|p1a: Landorus|Sandsear Storm|p2a: Kommo-o\n|-damage|p2a: Kommo-o|55\/100\n|-status|p2a: Kommo-o|brn\n|\n|-heal|p1a: Landorus|49\/100|[from] item: Leftovers\n|-damage|p2a: Kommo-o|49\/100 brn|[from] brn\n|upkeep\n|turn|26\n|\n|t:|1700053648\n|move|p2a: Kommo-o|Swords Dance|p2a: Kommo-o\n|-boost|p2a: Kommo-o|atk|2\n|move|p1a: Landorus|Sandsear Storm|p2a: Kommo-o\n|-damage|p2a: Kommo-o|2\/100 brn\n|\n|-heal|p1a: Landorus|55\/100|[from] item: Leftovers\n|-damage|p2a: Kommo-o|0 fnt|[from] brn\n|faint|p2a: Kommo-o\n|upkeep\n|\n|t:|1700053651\n|switch|p2a: Mamoswine|Mamoswine, F|100\/100\n|turn|27\n|\n|t:|1700053667\n|switch|p1a: Ogerpon|Ogerpon, F|100\/100\n|move|p2a: Mamoswine|Icicle Crash|p1a: Ogerpon|[miss]\n|-miss|p2a: Mamoswine|p1a: Ogerpon\n|\n|upkeep\n|turn|28\n|\n|t:|1700053701\n|move|p2a: Mamoswine|Icicle Crash|p1a: Ogerpon\n|-supereffective|p1a: Ogerpon\n|-damage|p1a: Ogerpon|1\/100\n|cant|p1a: Ogerpon|flinch\n|\n|-heal|p1a: Ogerpon|7\/100|[from] item: Leftovers\n|upkeep\n|turn|29\n|\n|t:|1700053708\n|move|p2a: Mamoswine|Icicle Crash|p1a: Ogerpon\n|-supereffective|p1a: Ogerpon\n|-damage|p1a: Ogerpon|0 fnt\n|faint|p1a: Ogerpon\n|\n|upkeep\n|\n|t:|1700053711\n|switch|p1a: Rotom|Rotom-Wash|25\/100\n|turn|30\n|\n|t:|1700053723\n|move|p2a: Mamoswine|Icicle Crash|p1a: Rotom\n|-resisted|p1a: Rotom\n|-damage|p1a: Rotom|7\/100\n|move|p1a: Rotom|Will-O-Wisp|p2a: Mamoswine|[miss]\n|-miss|p1a: Rotom|p2a: Mamoswine\n|\n|-heal|p1a: Rotom|13\/100|[from] item: Leftovers\n|upkeep\n|turn|31\n|\n|t:|1700053728\n|move|p1a: Rotom|Protect|p1a: Rotom\n|-singleturn|p1a: Rotom|Protect\n|move|p2a: Mamoswine|Icicle Crash|p1a: Rotom\n|-activate|p1a: Rotom|move: Protect\n|\n|-heal|p1a: Rotom|20\/100|[from] item: Leftovers\n|upkeep\n|turn|32\n|\n|t:|1700053733\n|move|p2a: Mamoswine|Icicle Crash|p1a: Rotom\n|-resisted|p1a: Rotom\n|-crit|p1a: Rotom\n|-damage|p1a: Rotom|0 fnt\n|faint|p1a: Rotom\n|\n|upkeep\n|c|\u2606Manjack|Seriously\n|\n|t:|1700053740\n|switch|p1a: Landorus|Landorus-Therian, M|55\/100\n|-ability|p1a: Landorus|Intimidate|boost\n|-unboost|p2a: Mamoswine|atk|1\n|turn|33\n|\n|t:|1700053745\n|switch|p1a: Corviknight|Corviknight, M|100\/100\n|-ability|p1a: Corviknight|Pressure\n|move|p2a: Mamoswine|Icicle Crash|p1a: Corviknight\n|-damage|p1a: Corviknight|81\/100\n|\n|-heal|p1a: Corviknight|87\/100|[from] item: Leftovers\n|upkeep\n|turn|34\n|\n|t:|1700053753\n|move|p2a: Mamoswine|Icicle Crash|p1a: Corviknight\n|-damage|p1a: Corviknight|69\/100\n|move|p1a: Corviknight|Brave Bird|p2a: Mamoswine\n|-damage|p2a: Mamoswine|55\/100\n|-damage|p1a: Corviknight|55\/100|[from] Recoil\n|\n|-heal|p1a: Corviknight|61\/100|[from] item: Leftovers\n|upkeep\n|turn|35\n|\n|t:|1700053757\n|switch|p2a: Iron Hands|Iron Hands|79\/100\n|move|p1a: Corviknight|Roost|p1a: Corviknight\n|-heal|p1a: Corviknight|100\/100\n|-singleturn|p1a: Corviknight|move: Roost\n|\n|upkeep\n|turn|36\n|\n|t:|1700053762\n|move|p1a: Corviknight|Brave Bird|p2a: Iron Hands\n|-damage|p2a: Iron Hands|55\/100\n|-damage|p1a: Corviknight|90\/100|[from] Recoil\n|move|p2a: Iron Hands|Ice Punch|p1a: Corviknight\n|-damage|p1a: Corviknight|73\/100\n|\n|-heal|p1a: Corviknight|79\/100|[from] item: Leftovers\n|upkeep\n|turn|37\n|\n|t:|1700053767\n|move|p1a: Corviknight|U-turn|p2a: Iron Hands\n|-resisted|p2a: Iron Hands\n|-damage|p2a: Iron Hands|50\/100\n|\n|t:|1700053769\n|switch|p1a: Landorus|Landorus-Therian, M|55\/100|[from] U-turn\n|-ability|p1a: Landorus|Intimidate|boost\n|-unboost|p2a: Iron Hands|atk|1\n|move|p2a: Iron Hands|Ice Punch|p1a: Landorus\n|-supereffective|p1a: Landorus\n|-damage|p1a: Landorus|0 fnt\n|faint|p1a: Landorus\n|\n|upkeep\n|\n|t:|1700053773\n|switch|p1a: Clodsire|Clodsire, F|100\/100\n|turn|38\n|\n|t:|1700053788\n|-end|p2a: Iron Hands|Quark Drive|[silent]\n|switch|p2a: Mamoswine|Mamoswine, F|55\/100\n|move|p1a: Clodsire|Toxic|p2a: Mamoswine\n|-status|p2a: Mamoswine|tox\n|\n|-damage|p2a: Mamoswine|49\/100 tox|[from] psn\n|upkeep\n|turn|39\n|j| NaokiS2\n|\n|t:|1700053797\n|switch|p1a: Corviknight|Corviknight, M|79\/100\n|-ability|p1a: Corviknight|Pressure\n|move|p2a: Mamoswine|Icicle Crash|p1a: Corviknight\n|-damage|p1a: Corviknight|53\/100\n|\n|-heal|p1a: Corviknight|59\/100|[from] item: Leftovers\n|-damage|p2a: Mamoswine|37\/100 tox|[from] psn\n|upkeep\n|turn|40\n|\n|t:|1700053810\n|move|p2a: Mamoswine|Icicle Crash|p1a: Corviknight\n|-damage|p1a: Corviknight|33\/100\n|move|p1a: Corviknight|Roost|p1a: Corviknight\n|-heal|p1a: Corviknight|83\/100\n|-singleturn|p1a: Corviknight|move: Roost\n|\n|-heal|p1a: Corviknight|89\/100|[from] item: Leftovers\n|-damage|p2a: Mamoswine|19\/100 tox|[from] psn\n|upkeep\n|turn|41\n|l| NaokiS2\n|\n|t:|1700053818\n|switch|p2a: Iron Hands|Iron Hands|50\/100\n|move|p1a: Corviknight|Roost|p1a: Corviknight\n|-heal|p1a: Corviknight|100\/100\n|-singleturn|p1a: Corviknight|move: Roost\n|\n|upkeep\n|turn|42\n|\n|t:|1700053837\n|move|p1a: Corviknight|Brave Bird|p2a: Iron Hands\n|-damage|p2a: Iron Hands|26\/100\n|-damage|p1a: Corviknight|90\/100|[from] Recoil\n|move|p2a: Iron Hands|Swords Dance|p2a: Iron Hands\n|-boost|p2a: Iron Hands|atk|2\n|\n|-heal|p1a: Corviknight|96\/100|[from] item: Leftovers\n|upkeep\n|turn|43\n|\n|t:|1700053850\n|-terastallize|p1a: Corviknight|Flying\n|move|p1a: Corviknight|Brave Bird|p2a: Iron Hands\n|-damage|p2a: Iron Hands|0 fnt\n|faint|p2a: Iron Hands\n|-end|p2a: Iron Hands|Quark Drive|[silent]\n|-damage|p1a: Corviknight|85\/100|[from] Recoil\n|\n|-heal|p1a: Corviknight|91\/100|[from] item: Leftovers\n|upkeep\n|c|\u2606Manjack|Gg\n|\n|t:|1700053858\n|switch|p2a: Mamoswine|Mamoswine, F|19\/100 tox\n|turn|44\n|\n|t:|1700053861\n|move|p2a: Mamoswine|Knock Off|p1a: Corviknight\n|-crit|p1a: Corviknight\n|-damage|p1a: Corviknight|58\/100\n|-enditem|p1a: Corviknight|Leftovers|[from] move: Knock Off|[of] p2a: Mamoswine\n|move|p1a: Corviknight|Brave Bird|p2a: Mamoswine\n|-damage|p2a: Mamoswine|0 fnt\n|faint|p2a: Mamoswine\n|-damage|p1a: Corviknight|53\/100|[from] Recoil\n|\n|win|Manjack\n|raw|Manjack's rating: 1630 &rarr; <strong>1657<\/strong><br \/>(+27 for winning)\n|raw|malk tyme's rating: 1763 &rarr; <strong>1736<\/strong><br \/>(-27 for losing)\n|l|\u2606malk tyme\n|l|\u2606Manjack\n","uploadtime":1700053913,"views":10,"p1id":"manjack","p2id":"malktyme","formatid":"gen9ou","rating":1657,"private":0,"password":""}