{"id":"gen9ou-2000091774","p1":"TurquoiseLink","p2":"madmage147","format":"[Gen 9] OU","log":"|j|\u2606TurquoiseLink\n|j|\u2606madmage147\n|t:|1701153198\n|gametype|singles\n|player|p1|TurquoiseLink|169|1688\n|player|p2|madmage147|roxie|1597\n|teamsize|p1|6\n|teamsize|p2|6\n|gen|9\n|tier|[Gen 9] OU\n|rated|\n|rule|Sleep Clause Mod: Limit one foe put to sleep\n|rule|Species Clause: Limit one of each Pok\u00e9mon\n|rule|OHKO Clause: OHKO moves are banned\n|rule|Evasion Items Clause: Evasion items are banned\n|rule|Evasion Moves Clause: Evasion moves are banned\n|rule|Endless Battle Clause: Forcing endless battles is banned\n|rule|HP Percentage Mod: HP is shown in percentages\n|clearpoke\n|poke|p1|Alomomola, M|\n|poke|p1|Toedscruel, F|\n|poke|p1|Zamazenta-*|\n|poke|p1|Ursaluna, F|\n|poke|p1|Infernape, F|\n|poke|p1|Mew|\n|poke|p2|Dusclops, F|\n|poke|p2|Ting-Lu|\n|poke|p2|Corviknight, M|\n|poke|p2|Blissey, F|\n|poke|p2|Cyclizar, M|\n|poke|p2|Dragonite, M|\n|teampreview\n|j| gnablownewjerseyup\n|\n|t:|1701153221\n|start\n|switch|p1a: Mew|Mew|100\/100\n|switch|p2a: Cyclizar|Cyclizar, M|100\/100\n|turn|1\n|inactive|Battle timer is ON: inactive players will automatically lose when time's up. (requested by TurquoiseLink)\n|\n|t:|1701153232\n|move|p2a: Cyclizar|U-turn|p1a: Mew\n|-supereffective|p1a: Mew\n|-damage|p1a: Mew|71\/100\n|\n|t:|1701153236\n|switch|p2a: Dusclops|Dusclops, F|100\/100|[from] U-turn\n|-ability|p2a: Dusclops|Pressure\n|move|p1a: Mew|Will-O-Wisp|p2a: Dusclops\n|-status|p2a: Dusclops|brn\n|\n|-damage|p2a: Dusclops|95\/100 brn|[from] brn\n|upkeep\n|turn|2\n|\n|t:|1701153247\n|move|p1a: Mew|Stealth Rock|p2a: Dusclops\n|-sidestart|p2: madmage147|move: Stealth Rock\n|move|p2a: Dusclops|Will-O-Wisp|p1a: Mew|[miss]\n|-miss|p2a: Dusclops|p1a: Mew\n|\n|-damage|p2a: Dusclops|89\/100 brn|[from] brn\n|upkeep\n|turn|3\n|\n|t:|1701153261\n|switch|p1a: Infernape|Infernape, F|100\/100\n|switch|p2a: Cyclizar|Cyclizar, M|100\/100\n|\n|upkeep\n|turn|4\n|\n|t:|1701153275\n|switch|p2a: Ting-Lu|Ting-Lu|100\/100\n|-damage|p2a: Ting-Lu|94\/100|[from] Stealth Rock\n|-ability|p2a: Ting-Lu|Vessel of Ruin\n|move|p1a: Infernape|Vacuum Wave|p2a: Ting-Lu\n|-supereffective|p2a: Ting-Lu\n|-damage|p2a: Ting-Lu|72\/100\n|\n|-heal|p2a: Ting-Lu|78\/100|[from] item: Leftovers\n|upkeep\n|turn|5\n|\n|t:|1701153300\n|switch|p1a: Ursaluna|Ursaluna, F|100\/100\n|-terastallize|p2a: Ting-Lu|Poison\n|move|p2a: Ting-Lu|Earthquake|p1a: Ursaluna\n|-crit|p1a: Ursaluna\n|-damage|p1a: Ursaluna|60\/100\n|\n|-heal|p2a: Ting-Lu|85\/100|[from] item: Leftovers\n|-status|p1a: Ursaluna|brn|[from] item: Flame Orb\n|upkeep\n|turn|6\n|\n|t:|1701153316\n|move|p1a: Ursaluna|Facade|p2a: Ting-Lu\n|-damage|p2a: Ting-Lu|12\/100\n|move|p2a: Ting-Lu|Earthquake|p1a: Ursaluna\n|-crit|p1a: Ursaluna\n|-damage|p1a: Ursaluna|18\/100 brn\n|\n|-heal|p2a: Ting-Lu|18\/100|[from] item: Leftovers\n|-damage|p1a: Ursaluna|12\/100 brn|[from] brn\n|upkeep\n|turn|7\n|\n|t:|1701153329\n|move|p1a: Ursaluna|Facade|p2a: Ting-Lu\n|-damage|p2a: Ting-Lu|0 fnt\n|faint|p2a: Ting-Lu\n|\n|-damage|p1a: Ursaluna|6\/100 brn|[from] brn\n|upkeep\n|\n|t:|1701153331\n|switch|p2a: Cyclizar|Cyclizar, M|100\/100\n|turn|8\n|\n|t:|1701153342\n|switch|p1a: Alomomola|Alomomola, M|100\/100\n|move|p2a: Cyclizar|Rapid Spin|p1a: Alomomola\n|-damage|p1a: Alomomola|91\/100\n|-boost|p2a: Cyclizar|spe|1\n|-sideend|p2: madmage147|Stealth Rock|[from] move: Rapid Spin|[of] p2a: Cyclizar\n|\n|-heal|p1a: Alomomola|98\/100|[from] item: Leftovers\n|upkeep\n|turn|9\n|\n|t:|1701153355\n|move|p2a: Cyclizar|U-turn|p1a: Alomomola\n|-damage|p1a: Alomomola|88\/100\n|\n|t:|1701153358\n|switch|p2a: Blissey|Blissey, F|100\/100|[from] U-turn\n|move|p1a: Alomomola|Wish|p1a: Alomomola\n|\n|-heal|p1a: Alomomola|94\/100|[from] item: Leftovers\n|upkeep\n|turn|10\n|\n|t:|1701153366\n|move|p2a: Blissey|Stealth Rock|p1a: Alomomola\n|-sidestart|p1: TurquoiseLink|move: Stealth Rock\n|move|p1a: Alomomola|Flip Turn|p2a: Blissey\n|-damage|p2a: Blissey|85\/100\n|\n|t:|1701153385\n|switch|p1a: Mew|Mew|71\/100|[from] Flip Turn\n|-damage|p1a: Mew|58\/100|[from] Stealth Rock\n|\n|-heal|p1a: Mew|100\/100|[from] move: Wish|[wisher] Alomomola\n|-heal|p2a: Blissey|91\/100|[from] item: Leftovers\n|upkeep\n|turn|11\n|j| VicBossMG\n|\n|t:|1701153395\n|move|p1a: Mew|Encore|p2a: Blissey\n|-start|p2a: Blissey|Encore\n|move|p2a: Blissey|Stealth Rock||[still]\n|-fail|p2a: Blissey\n|\n|-heal|p2a: Blissey|97\/100|[from] item: Leftovers\n|upkeep\n|turn|12\n|l| VicBossMG\n|\n|t:|1701153403\n|switch|p2a: Cyclizar|Cyclizar, M|100\/100\n|move|p1a: Mew|Stealth Rock|p2a: Cyclizar\n|-sidestart|p2: madmage147|move: Stealth Rock\n|\n|upkeep\n|turn|13\n|\n|t:|1701153410\n|move|p2a: Cyclizar|Rapid Spin|p1a: Mew\n|-damage|p1a: Mew|83\/100\n|-boost|p2a: Cyclizar|spe|1\n|-sideend|p2: madmage147|Stealth Rock|[from] move: Rapid Spin|[of] p2a: Cyclizar\n|move|p1a: Mew|Will-O-Wisp|p2a: Cyclizar\n|-status|p2a: Cyclizar|brn\n|\n|-damage|p2a: Cyclizar|94\/100 brn|[from] brn\n|upkeep\n|turn|14\n|\n|t:|1701153421\n|move|p2a: Cyclizar|Knock Off|p1a: Mew\n|-supereffective|p1a: Mew\n|-damage|p1a: Mew|61\/100\n|-enditem|p1a: Mew|Covert Cloak|[from] move: Knock Off|[of] p2a: Cyclizar\n|move|p1a: Mew|Stealth Rock|p2a: Cyclizar\n|-sidestart|p2: madmage147|move: Stealth Rock\n|\n|-damage|p2a: Cyclizar|88\/100 brn|[from] brn\n|upkeep\n|turn|15\n|\n|t:|1701153432\n|move|p2a: Cyclizar|Rapid Spin|p1a: Mew\n|-crit|p1a: Mew\n|-damage|p1a: Mew|48\/100\n|-boost|p2a: Cyclizar|spe|1\n|-sideend|p2: madmage147|Stealth Rock|[from] move: Rapid Spin|[of] p2a: Cyclizar\n|move|p1a: Mew|Psychic|p2a: Cyclizar\n|-damage|p2a: Cyclizar|34\/100 brn\n|-unboost|p2a: Cyclizar|spd|1\n|\n|-damage|p2a: Cyclizar|28\/100 brn|[from] brn\n|upkeep\n|turn|16\n|\n|t:|1701153443\n|move|p2a: Cyclizar|U-turn|p1a: Mew\n|-supereffective|p1a: Mew\n|-damage|p1a: Mew|31\/100\n|\n|t:|1701153446\n|switch|p2a: Blissey|Blissey, F|97\/100|[from] U-turn\n|move|p1a: Mew|Stealth Rock|p2a: Blissey\n|-sidestart|p2: madmage147|move: Stealth Rock\n|\n|-heal|p2a: Blissey|100\/100|[from] item: Leftovers\n|upkeep\n|turn|17\n|\n|t:|1701153458\n|switch|p1a: Alomomola|Alomomola, M|100\/100\n|-damage|p1a: Alomomola|88\/100|[from] Stealth Rock\n|move|p2a: Blissey|Heal Bell|p2a: Blissey\n|-activate|p2a: Blissey|move: Heal Bell\n|-curestatus|p2: Cyclizar|brn|[msg]\n|-curestatus|p2: Dusclops|brn|[msg]\n|\n|-heal|p1a: Alomomola|94\/100|[from] item: Leftovers\n|upkeep\n|turn|18\n|\n|t:|1701153469\n|switch|p2a: Cyclizar|Cyclizar, M|61\/100\n|move|p1a: Alomomola|Wish|p1a: Alomomola\n|\n|-heal|p1a: Alomomola|99\/100|[from] item: Leftovers\n|upkeep\n|turn|19\n|\n|t:|1701153476\n|move|p2a: Cyclizar|Knock Off|p1a: Alomomola\n|-damage|p1a: Alomomola|88\/100\n|-enditem|p1a: Alomomola|Leftovers|[from] move: Knock Off|[of] p2a: Cyclizar\n|move|p1a: Alomomola|Flip Turn|p2a: Cyclizar\n|-resisted|p2a: Cyclizar\n|-damage|p2a: Cyclizar|48\/100\n|\n|t:|1701153484\n|switch|p1a: Mew|Mew|31\/100|[from] Flip Turn\n|-damage|p1a: Mew|19\/100|[from] Stealth Rock\n|\n|-heal|p1a: Mew|88\/100|[from] move: Wish|[wisher] Alomomola\n|upkeep\n|turn|20\n|\n|t:|1701153500\n|move|p2a: Cyclizar|U-turn|p1a: Mew\n|-supereffective|p1a: Mew\n|-damage|p1a: Mew|54\/100\n|\n|t:|1701153502\n|switch|p2a: Blissey|Blissey, F|100\/100|[from] U-turn\n|-damage|p2a: Blissey|88\/100|[from] Stealth Rock\n|move|p1a: Mew|Psychic|p2a: Blissey\n|-damage|p2a: Blissey|76\/100\n|\n|-heal|p2a: Blissey|83\/100|[from] item: Leftovers\n|upkeep\n|turn|21\n|\n|t:|1701153514\n|switch|p1a: Toedscruel|Toedscruel, F|100\/100\n|-damage|p1a: Toedscruel|94\/100|[from] Stealth Rock\n|move|p2a: Blissey|Seismic Toss|p1a: Toedscruel\n|-damage|p1a: Toedscruel|67\/100\n|\n|-heal|p1a: Toedscruel|73\/100|[from] item: Leftovers\n|-heal|p2a: Blissey|89\/100|[from] item: Leftovers\n|upkeep\n|turn|22\n|\n|t:|1701153527\n|switch|p2a: Dusclops|Dusclops, F|89\/100\n|-damage|p2a: Dusclops|76\/100|[from] Stealth Rock\n|-ability|p2a: Dusclops|Pressure\n|move|p1a: Toedscruel|Rapid Spin|p2a: Dusclops\n|-immune|p2a: Dusclops\n|\n|-heal|p1a: Toedscruel|79\/100|[from] item: Leftovers\n|upkeep\n|turn|23\n|inactive|madmage147 has 120 seconds left.\n|\n|t:|1701153566\n|move|p2a: Dusclops|Substitute|p2a: Dusclops\n|-start|p2a: Dusclops|Substitute\n|-damage|p2a: Dusclops|51\/100\n|move|p1a: Toedscruel|Spore||[still]\n|-fail|p1a: Toedscruel\n|\n|-heal|p1a: Toedscruel|85\/100|[from] item: Leftovers\n|upkeep\n|turn|24\n|\n|t:|1701153586\n|switch|p1a: Alomomola|Alomomola, M|100\/100\n|-damage|p1a: Alomomola|88\/100|[from] Stealth Rock\n|move|p2a: Dusclops|Night Shade|p1a: Alomomola\n|-damage|p1a: Alomomola|67\/100\n|\n|upkeep\n|turn|25\n|\n|t:|1701153597\n|move|p1a: Alomomola|Wish|p1a: Alomomola\n|move|p2a: Dusclops|Will-O-Wisp|p1a: Alomomola\n|-status|p1a: Alomomola|brn\n|\n|-damage|p1a: Alomomola|61\/100 brn|[from] brn\n|upkeep\n|turn|26\n|\n|t:|1701153606\n|move|p2a: Dusclops|Pain Split|p1a: Alomomola\n|-sethp|p1a: Alomomola|46\/100 brn|[from] move: Pain Split|[silent]\n|-sethp|p2a: Dusclops|76\/100|[from] move: Pain Split\n|move|p1a: Alomomola|Mirror Coat||[still]\n|-fail|p1a: Alomomola\n|\n|-heal|p1a: Alomomola|96\/100 brn|[from] move: Wish|[wisher] Alomomola\n|-damage|p1a: Alomomola|90\/100 brn|[from] brn\n|upkeep\n|turn|27\n|\n|t:|1701153618\n|move|p1a: Alomomola|Wish|p1a: Alomomola\n|move|p2a: Dusclops|Night Shade|p1a: Alomomola\n|-damage|p1a: Alomomola|68\/100 brn\n|\n|-damage|p1a: Alomomola|62\/100 brn|[from] brn\n|upkeep\n|turn|28\n|\n|t:|1701153629\n|move|p1a: Alomomola|Flip Turn|p2a: Dusclops\n|-activate|p2a: Dusclops|move: Substitute|[damage]\n|\n|t:|1701153645\n|switch|p1a: Mew|Mew|54\/100|[from] Flip Turn\n|-damage|p1a: Mew|42\/100|[from] Stealth Rock\n|move|p2a: Dusclops|Night Shade|p1a: Mew\n|-damage|p1a: Mew|12\/100\n|\n|-heal|p1a: Mew|81\/100|[from] move: Wish|[wisher] Alomomola\n|upkeep\n|turn|29\n|\n|t:|1701153658\n|move|p1a: Mew|Psychic|p2a: Dusclops\n|-end|p2a: Dusclops|Substitute\n|move|p2a: Dusclops|Night Shade|p1a: Mew\n|-damage|p1a: Mew|52\/100\n|\n|upkeep\n|turn|30\n|\n|t:|1701153665\n|switch|p2a: Cyclizar|Cyclizar, M|81\/100\n|move|p1a: Mew|Psychic|p2a: Cyclizar\n|-damage|p2a: Cyclizar|27\/100\n|\n|upkeep\n|turn|31\n|\n|t:|1701153679\n|switch|p1a: Toedscruel|Toedscruel, F|85\/100\n|-damage|p1a: Toedscruel|79\/100|[from] Stealth Rock\n|move|p2a: Cyclizar|U-turn|p1a: Toedscruel\n|-supereffective|p1a: Toedscruel\n|-damage|p1a: Toedscruel|36\/100\n|\n|t:|1701153682\n|switch|p2a: Dusclops|Dusclops, F|76\/100|[from] U-turn\n|-damage|p2a: Dusclops|64\/100|[from] Stealth Rock\n|-ability|p2a: Dusclops|Pressure\n|\n|-heal|p1a: Toedscruel|42\/100|[from] item: Leftovers\n|upkeep\n|turn|32\n|\n|t:|1701153697\n|move|p2a: Dusclops|Night Shade|p1a: Toedscruel\n|-damage|p1a: Toedscruel|15\/100\n|move|p1a: Toedscruel|Leech Seed|p2a: Dusclops\n|-start|p2a: Dusclops|move: Leech Seed\n|\n|-heal|p1a: Toedscruel|21\/100|[from] item: Leftovers\n|-damage|p2a: Dusclops|51\/100|[from] Leech Seed|[of] p1a: Toedscruel\n|-heal|p1a: Toedscruel|30\/100|[silent]\n|upkeep\n|turn|33\n|\n|t:|1701153715\n|switch|p2a: Cyclizar|Cyclizar, M|60\/100\n|move|p1a: Toedscruel|Spore|p2a: Cyclizar\n|-status|p2a: Cyclizar|slp|[from] move: Spore\n|\n|-heal|p1a: Toedscruel|36\/100|[from] item: Leftovers\n|upkeep\n|turn|34\n|\n|t:|1701153725\n|switch|p2a: Dusclops|Dusclops, F|51\/100\n|-damage|p2a: Dusclops|39\/100|[from] Stealth Rock\n|-ability|p2a: Dusclops|Pressure\n|move|p1a: Toedscruel|Leech Seed|p2a: Dusclops|[miss]\n|-miss|p1a: Toedscruel|p2a: Dusclops\n|\n|-heal|p1a: Toedscruel|42\/100|[from] item: Leftovers\n|upkeep\n|turn|35\n|\n|t:|1701153740\n|move|p1a: Toedscruel|Earth Power|p2a: Dusclops\n|-damage|p2a: Dusclops|22\/100\n|-unboost|p2a: Dusclops|spd|1\n|move|p2a: Dusclops|Night Shade|p1a: Toedscruel\n|-damage|p1a: Toedscruel|15\/100\n|\n|-heal|p1a: Toedscruel|21\/100|[from] item: Leftovers\n|upkeep\n|turn|36\n|\n|t:|1701153755\n|switch|p1a: Alomomola|Alomomola, M|95\/100 brn\n|-damage|p1a: Alomomola|83\/100 brn|[from] Stealth Rock\n|switch|p2a: Corviknight|Corviknight, M|100\/100\n|-damage|p2a: Corviknight|88\/100|[from] Stealth Rock\n|-ability|p2a: Corviknight|Pressure\n|\n|-damage|p1a: Alomomola|77\/100 brn|[from] brn\n|upkeep\n|turn|37\n|\n|t:|1701153767\n|move|p2a: Corviknight|U-turn|p1a: Alomomola\n|-damage|p1a: Alomomola|69\/100 brn\n|\n|t:|1701153770\n|switch|p2a: Dusclops|Dusclops, F|22\/100|[from] U-turn\n|-damage|p2a: Dusclops|10\/100|[from] Stealth Rock\n|-ability|p2a: Dusclops|Pressure\n|move|p1a: Alomomola|Wish|p1a: Alomomola\n|\n|-damage|p1a: Alomomola|63\/100 brn|[from] brn\n|upkeep\n|turn|38\n|\n|t:|1701153782\n|move|p1a: Alomomola|Flip Turn|p2a: Dusclops\n|-damage|p2a: Dusclops|5\/100\n|\n|t:|1701153799\n|switch|p1a: Mew|Mew|52\/100|[from] Flip Turn\n|-damage|p1a: Mew|40\/100|[from] Stealth Rock\n|move|p2a: Dusclops|Pain Split|p1a: Mew\n|-sethp|p1a: Mew|22\/100|[from] move: Pain Split|[silent]\n|-sethp|p2a: Dusclops|27\/100|[from] move: Pain Split\n|\n|-heal|p1a: Mew|91\/100|[from] move: Wish|[wisher] Alomomola\n|upkeep\n|turn|39\n|inactive|TurquoiseLink has 120 seconds left.\n|\n|t:|1701153827\n|move|p1a: Mew|Psychic|p2a: Dusclops\n|-damage|p2a: Dusclops|3\/100\n|move|p2a: Dusclops|Pain Split|p1a: Mew\n|-sethp|p1a: Mew|47\/100|[from] move: Pain Split|[silent]\n|-sethp|p2a: Dusclops|56\/100|[from] move: Pain Split\n|\n|upkeep\n|turn|40\n|inactive|TurquoiseLink has 120 seconds left.\n|\n|t:|1701153835\n|switch|p1a: Alomomola|Alomomola, M|96\/100 brn\n|-damage|p1a: Alomomola|83\/100 brn|[from] Stealth Rock\n|switch|p2a: Blissey|Blissey, F|89\/100\n|-damage|p2a: Blissey|76\/100|[from] Stealth Rock\n|\n|-heal|p2a: Blissey|82\/100|[from] item: Leftovers\n|-damage|p1a: Alomomola|77\/100 brn|[from] brn\n|upkeep\n|turn|41\n|inactive|TurquoiseLink has 120 seconds left.\n|\n|t:|1701153847\n|move|p2a: Blissey|Heal Bell|p2a: Blissey\n|-activate|p2a: Blissey|move: Heal Bell\n|-curestatus|p2: Cyclizar|slp|[msg]\n|move|p1a: Alomomola|Wish|p1a: Alomomola\n|\n|-heal|p2a: Blissey|89\/100|[from] item: Leftovers\n|-damage|p1a: Alomomola|71\/100 brn|[from] brn\n|upkeep\n|turn|42\n|\n|t:|1701153857\n|move|p2a: Blissey|Seismic Toss|p1a: Alomomola\n|-damage|p1a: Alomomola|50\/100 brn\n|move|p1a: Alomomola|Flip Turn|p2a: Blissey\n|-damage|p2a: Blissey|80\/100\n|\n|t:|1701153864\n|switch|p1a: Toedscruel|Toedscruel, F|21\/100|[from] Flip Turn\n|-damage|p1a: Toedscruel|15\/100|[from] Stealth Rock\n|\n|-heal|p1a: Toedscruel|80\/100|[from] move: Wish|[wisher] Alomomola\n|-heal|p1a: Toedscruel|86\/100|[from] item: Leftovers\n|-heal|p2a: Blissey|86\/100|[from] item: Leftovers\n|upkeep\n|turn|43\n|\n|t:|1701153876\n|move|p2a: Blissey|Seismic Toss|p1a: Toedscruel\n|-damage|p1a: Toedscruel|58\/100\n|move|p1a: Toedscruel|Leech Seed|p2a: Blissey\n|-start|p2a: Blissey|move: Leech Seed\n|\n|-heal|p1a: Toedscruel|64\/100|[from] item: Leftovers\n|-heal|p2a: Blissey|92\/100|[from] item: Leftovers\n|-damage|p2a: Blissey|80\/100|[from] Leech Seed|[of] p1a: Toedscruel\n|-heal|p1a: Toedscruel|87\/100|[silent]\n|upkeep\n|turn|44\n|\n|t:|1701153887\n|switch|p2a: Cyclizar|Cyclizar, M|94\/100\n|move|p1a: Toedscruel|Leech Seed|p2a: Cyclizar\n|-start|p2a: Cyclizar|move: Leech Seed\n|\n|-heal|p1a: Toedscruel|93\/100|[from] item: Leftovers\n|-damage|p2a: Cyclizar|81\/100|[from] Leech Seed|[of] p1a: Toedscruel\n|-heal|p1a: Toedscruel|100\/100|[silent]\n|upkeep\n|turn|45\n|\n|t:|1701153897\n|move|p2a: Cyclizar|Rapid Spin|p1a: Toedscruel\n|-damage|p1a: Toedscruel|76\/100\n|-boost|p2a: Cyclizar|spe|1\n|-end|p2a: Cyclizar|Leech Seed|[from] move: Rapid Spin|[of] p2a: Cyclizar\n|-sideend|p2: madmage147|Stealth Rock|[from] move: Rapid Spin|[of] p2a: Cyclizar\n|move|p1a: Toedscruel|Rapid Spin|p2a: Cyclizar\n|-damage|p2a: Cyclizar|69\/100\n|-boost|p1a: Toedscruel|spe|1\n|-sideend|p1: TurquoiseLink|Stealth Rock|[from] move: Rapid Spin|[of] p1a: Toedscruel\n|\n|-heal|p1a: Toedscruel|82\/100|[from] item: Leftovers\n|upkeep\n|turn|46\n|\n|t:|1701153912\n|move|p2a: Cyclizar|Knock Off|p1a: Toedscruel\n|-damage|p1a: Toedscruel|53\/100\n|-enditem|p1a: Toedscruel|Leftovers|[from] move: Knock Off|[of] p2a: Cyclizar\n|move|p1a: Toedscruel|Spore|p2a: Cyclizar\n|-status|p2a: Cyclizar|slp|[from] move: Spore\n|\n|upkeep\n|turn|47\n|\n|t:|1701153921\n|switch|p2a: Blissey|Blissey, F|80\/100\n|switch|p1a: Alomomola|Alomomola, M|83\/100 brn\n|\n|-heal|p2a: Blissey|86\/100|[from] item: Leftovers\n|-damage|p1a: Alomomola|77\/100 brn|[from] brn\n|upkeep\n|turn|48\n|\n|t:|1701153931\n|move|p2a: Blissey|Stealth Rock|p1a: Alomomola\n|-sidestart|p1: TurquoiseLink|move: Stealth Rock\n|move|p1a: Alomomola|Wish|p1a: Alomomola\n|\n|-heal|p2a: Blissey|92\/100|[from] item: Leftovers\n|-damage|p1a: Alomomola|71\/100 brn|[from] brn\n|upkeep\n|turn|49\n|\n|t:|1701153939\n|switch|p2a: Corviknight|Corviknight, M|88\/100\n|-ability|p2a: Corviknight|Pressure\n|move|p1a: Alomomola|Flip Turn|p2a: Corviknight\n|-damage|p2a: Corviknight|83\/100\n|-damage|p1a: Alomomola|54\/100 brn|[from] item: Rocky Helmet|[of] p2a: Corviknight\n|\n|t:|1701153953\n|switch|p1a: Mew|Mew|47\/100|[from] Flip Turn\n|-damage|p1a: Mew|35\/100|[from] Stealth Rock\n|\n|-heal|p1a: Mew|100\/100|[from] move: Wish|[wisher] Alomomola\n|upkeep\n|turn|50\n|\n|t:|1701153965\n|move|p1a: Mew|Will-O-Wisp|p2a: Corviknight\n|-status|p2a: Corviknight|brn\n|move|p2a: Corviknight|U-turn|p1a: Mew\n|-supereffective|p1a: Mew\n|-damage|p1a: Mew|86\/100\n|\n|t:|1701153970\n|switch|p2a: Dusclops|Dusclops, F|56\/100|[from] U-turn\n|-ability|p2a: Dusclops|Pressure\n|\n|upkeep\n|turn|51\n|\n|t:|1701153983\n|move|p1a: Mew|Stealth Rock|p2a: Dusclops\n|-sidestart|p2: madmage147|move: Stealth Rock\n|move|p2a: Dusclops|Will-O-Wisp|p1a: Mew\n|-status|p1a: Mew|brn\n|-activate|p1a: Mew|ability: Synchronize\n|-status|p2a: Dusclops|brn\n|\n|-damage|p1a: Mew|80\/100 brn|[from] brn\n|-damage|p2a: Dusclops|50\/100 brn|[from] brn\n|upkeep\n|turn|52\n|\n|t:|1701153995\n|move|p1a: Mew|Encore|p2a: Dusclops\n|-start|p2a: Dusclops|Encore\n|move|p2a: Dusclops|Will-O-Wisp|p1a: Mew\n|-fail|p1a: Mew|brn\n|\n|-damage|p1a: Mew|74\/100 brn|[from] brn\n|-damage|p2a: Dusclops|45\/100 brn|[from] brn\n|upkeep\n|turn|53\n|\n|t:|1701154018\n|switch|p1a: Zamazenta|Zamazenta|100\/100\n|-damage|p1a: Zamazenta|94\/100|[from] Stealth Rock\n|-ability|p1a: Zamazenta|Dauntless Shield|boost\n|-boost|p1a: Zamazenta|def|1\n|switch|p2a: Blissey|Blissey, F|92\/100\n|-damage|p2a: Blissey|80\/100|[from] Stealth Rock\n|\n|-heal|p1a: Zamazenta|100\/100|[from] item: Leftovers\n|-heal|p2a: Blissey|86\/100|[from] item: Leftovers\n|upkeep\n|turn|54\n|\n|t:|1701154037\n|move|p1a: Zamazenta|Iron Defense|p1a: Zamazenta\n|-boost|p1a: Zamazenta|def|2\n|move|p2a: Blissey|Heal Bell|p2a: Blissey\n|-activate|p2a: Blissey|move: Heal Bell\n|-curestatus|p2: Dusclops|brn|[msg]\n|-curestatus|p2: Cyclizar|slp|[msg]\n|-curestatus|p2: Corviknight|brn|[msg]\n|\n|-heal|p2a: Blissey|92\/100|[from] item: Leftovers\n|upkeep\n|turn|55\n|\n|t:|1701154049\n|switch|p2a: Corviknight|Corviknight, M|83\/100\n|-damage|p2a: Corviknight|71\/100|[from] Stealth Rock\n|-ability|p2a: Corviknight|Pressure\n|move|p1a: Zamazenta|Crunch|p2a: Corviknight\n|-damage|p2a: Corviknight|57\/100\n|-damage|p1a: Zamazenta|84\/100|[from] item: Rocky Helmet|[of] p2a: Corviknight\n|\n|-heal|p1a: Zamazenta|90\/100|[from] item: Leftovers\n|upkeep\n|turn|56\n|\n|t:|1701154061\n|move|p1a: Zamazenta|Body Press|p2a: Corviknight\n|-damage|p2a: Corviknight|0 fnt\n|-damage|p1a: Zamazenta|73\/100|[from] item: Rocky Helmet|[of] p2a: Corviknight\n|faint|p2a: Corviknight\n|\n|-heal|p1a: Zamazenta|80\/100|[from] item: Leftovers\n|upkeep\n|\n|t:|1701154064\n|switch|p2a: Dusclops|Dusclops, F|45\/100\n|-damage|p2a: Dusclops|32\/100|[from] Stealth Rock\n|-ability|p2a: Dusclops|Pressure\n|turn|57\n|\n|t:|1701154074\n|move|p1a: Zamazenta|Crunch|p2a: Dusclops\n|-supereffective|p2a: Dusclops\n|-damage|p2a: Dusclops|12\/100\n|move|p2a: Dusclops|Pain Split|p1a: Zamazenta\n|-sethp|p1a: Zamazenta|45\/100|[from] move: Pain Split|[silent]\n|-sethp|p2a: Dusclops|52\/100|[from] move: Pain Split\n|\n|-heal|p1a: Zamazenta|51\/100|[from] item: Leftovers\n|upkeep\n|turn|58\n|\n|t:|1701154085\n|switch|p1a: Alomomola|Alomomola, M|88\/100 brn\n|-damage|p1a: Alomomola|75\/100 brn|[from] Stealth Rock\n|move|p2a: Dusclops|Will-O-Wisp|p1a: Alomomola\n|-fail|p1a: Alomomola|brn\n|\n|-damage|p1a: Alomomola|69\/100 brn|[from] brn\n|upkeep\n|turn|59\n|\n|t:|1701154096\n|move|p1a: Alomomola|Wish|p1a: Alomomola\n|move|p2a: Dusclops|Pain Split|p1a: Alomomola\n|-sethp|p1a: Alomomola|50\/100 brn|[from] move: Pain Split|[silent]\n|-sethp|p2a: Dusclops|83\/100|[from] move: Pain Split\n|\n|-damage|p1a: Alomomola|44\/100 brn|[from] brn\n|upkeep\n|turn|60\n|\n|t:|1701154104\n|switch|p2a: Cyclizar|Cyclizar, M|100\/100\n|move|p1a: Alomomola|Flip Turn|p2a: Cyclizar\n|-resisted|p2a: Cyclizar\n|-damage|p2a: Cyclizar|93\/100\n|\n|t:|1701154114\n|switch|p1a: Zamazenta|Zamazenta|51\/100|[from] Flip Turn\n|-damage|p1a: Zamazenta|45\/100|[from] Stealth Rock\n|\n|-heal|p1a: Zamazenta|100\/100|[from] move: Wish|[wisher] Alomomola\n|upkeep\n|turn|61\n|\n|t:|1701154123\n|move|p2a: Cyclizar|Rapid Spin|p1a: Zamazenta\n|-damage|p1a: Zamazenta|88\/100\n|-boost|p2a: Cyclizar|spe|1\n|-sideend|p2: madmage147|Stealth Rock|[from] move: Rapid Spin|[of] p2a: Cyclizar\n|move|p1a: Zamazenta|Body Press|p2a: Cyclizar\n|-supereffective|p2a: Cyclizar\n|-damage|p2a: Cyclizar|0 fnt\n|faint|p2a: Cyclizar\n|\n|-heal|p1a: Zamazenta|95\/100|[from] item: Leftovers\n|upkeep\n|\n|t:|1701154131\n|switch|p2a: Dragonite|Dragonite, M|100\/100\n|turn|62\n|\n|t:|1701154141\n|move|p1a: Zamazenta|Iron Defense|p1a: Zamazenta\n|-boost|p1a: Zamazenta|def|2\n|move|p2a: Dragonite|Dragon Dance|p2a: Dragonite\n|-boost|p2a: Dragonite|atk|1\n|-boost|p2a: Dragonite|spe|1\n|\n|-heal|p1a: Zamazenta|100\/100|[from] item: Leftovers\n|upkeep\n|turn|63\n|\n|t:|1701154150\n|move|p2a: Dragonite|Encore|p1a: Zamazenta\n|-start|p1a: Zamazenta|Encore\n|move|p1a: Zamazenta|Iron Defense|p1a: Zamazenta\n|-boost|p1a: Zamazenta|def|2\n|\n|upkeep\n|turn|64\n|\n|t:|1701154157\n|move|p2a: Dragonite|Dragon Dance|p2a: Dragonite\n|-boost|p2a: Dragonite|atk|1\n|-boost|p2a: Dragonite|spe|1\n|move|p1a: Zamazenta|Iron Defense|p1a: Zamazenta\n|-boost|p1a: Zamazenta|def|2\n|\n|upkeep\n|turn|65\n|\n|t:|1701154163\n|move|p2a: Dragonite|Dragon Dance|p2a: Dragonite\n|-boost|p2a: Dragonite|atk|1\n|-boost|p2a: Dragonite|spe|1\n|move|p1a: Zamazenta|Iron Defense|p1a: Zamazenta\n|-boost|p1a: Zamazenta|def|0\n|\n|-end|p1a: Zamazenta|Encore\n|upkeep\n|turn|66\n|\n|t:|1701154172\n|move|p2a: Dragonite|Encore|p1a: Zamazenta\n|-start|p1a: Zamazenta|Encore\n|move|p1a: Zamazenta|Iron Defense|p1a: Zamazenta\n|-boost|p1a: Zamazenta|def|0\n|\n|upkeep\n|turn|67\n|\n|t:|1701154178\n|move|p2a: Dragonite|Dragon Dance|p2a: Dragonite\n|-boost|p2a: Dragonite|atk|1\n|-boost|p2a: Dragonite|spe|1\n|move|p1a: Zamazenta|Iron Defense|p1a: Zamazenta\n|-boost|p1a: Zamazenta|def|0\n|\n|upkeep\n|turn|68\n|\n|t:|1701154184\n|move|p2a: Dragonite|Dragon Dance|p2a: Dragonite\n|-boost|p2a: Dragonite|atk|1\n|-boost|p2a: Dragonite|spe|1\n|move|p1a: Zamazenta|Iron Defense|p1a: Zamazenta\n|-boost|p1a: Zamazenta|def|0\n|\n|-end|p1a: Zamazenta|Encore\n|upkeep\n|turn|69\n|\n|t:|1701154193\n|move|p2a: Dragonite|Encore|p1a: Zamazenta\n|-start|p1a: Zamazenta|Encore\n|move|p1a: Zamazenta|Iron Defense|p1a: Zamazenta\n|-boost|p1a: Zamazenta|def|0\n|\n|upkeep\n|turn|70\n|\n|t:|1701154200\n|move|p2a: Dragonite|Dragon Dance|p2a: Dragonite\n|-boost|p2a: Dragonite|atk|1\n|-boost|p2a: Dragonite|spe|1\n|move|p1a: Zamazenta|Iron Defense|p1a: Zamazenta\n|-boost|p1a: Zamazenta|def|0\n|\n|upkeep\n|turn|71\n|\n|t:|1701154207\n|move|p2a: Dragonite|Earthquake|p1a: Zamazenta\n|-damage|p1a: Zamazenta|72\/100\n|move|p1a: Zamazenta|Iron Defense|p1a: Zamazenta\n|-boost|p1a: Zamazenta|def|0\n|\n|-heal|p1a: Zamazenta|78\/100|[from] item: Leftovers\n|-end|p1a: Zamazenta|Encore\n|upkeep\n|turn|72\n|\n|t:|1701154216\n|move|p2a: Dragonite|Encore|p1a: Zamazenta\n|-start|p1a: Zamazenta|Encore\n|move|p1a: Zamazenta|Iron Defense|p1a: Zamazenta\n|-boost|p1a: Zamazenta|def|0\n|\n|-heal|p1a: Zamazenta|84\/100|[from] item: Leftovers\n|upkeep\n|turn|73\n|\n|t:|1701154224\n|move|p2a: Dragonite|Earthquake|p1a: Zamazenta\n|-damage|p1a: Zamazenta|59\/100\n|move|p1a: Zamazenta|Iron Defense|p1a: Zamazenta\n|-boost|p1a: Zamazenta|def|0\n|\n|-heal|p1a: Zamazenta|65\/100|[from] item: Leftovers\n|upkeep\n|turn|74\n|\n|t:|1701154233\n|move|p2a: Dragonite|Earthquake|p1a: Zamazenta\n|-damage|p1a: Zamazenta|38\/100\n|move|p1a: Zamazenta|Iron Defense|p1a: Zamazenta\n|-boost|p1a: Zamazenta|def|0\n|\n|-heal|p1a: Zamazenta|44\/100|[from] item: Leftovers\n|-end|p1a: Zamazenta|Encore\n|upkeep\n|turn|75\n|\n|t:|1701154242\n|move|p2a: Dragonite|Encore|p1a: Zamazenta\n|-start|p1a: Zamazenta|Encore\n|move|p1a: Zamazenta|Iron Defense|p1a: Zamazenta\n|-boost|p1a: Zamazenta|def|0\n|\n|-heal|p1a: Zamazenta|50\/100|[from] item: Leftovers\n|upkeep\n|turn|76\n|c|\u2606madmage147|gg\n|\n|t:|1701154250\n|move|p2a: Dragonite|Earthquake|p1a: Zamazenta\n|-damage|p1a: Zamazenta|21\/100\n|move|p1a: Zamazenta|Iron Defense|p1a: Zamazenta\n|-boost|p1a: Zamazenta|def|0\n|\n|-heal|p1a: Zamazenta|27\/100|[from] item: Leftovers\n|upkeep\n|turn|77\n|\n|t:|1701154259\n|move|p2a: Dragonite|Earthquake|p1a: Zamazenta\n|-damage|p1a: Zamazenta|3\/100\n|move|p1a: Zamazenta|Iron Defense|p1a: Zamazenta\n|-boost|p1a: Zamazenta|def|0\n|\n|-heal|p1a: Zamazenta|9\/100|[from] item: Leftovers\n|-end|p1a: Zamazenta|Encore\n|upkeep\n|turn|78\n|\n|t:|1701154269\n|move|p2a: Dragonite|Encore|p1a: Zamazenta\n|-start|p1a: Zamazenta|Encore\n|move|p1a: Zamazenta|Iron Defense|p1a: Zamazenta\n|-boost|p1a: Zamazenta|def|0\n|\n|-heal|p1a: Zamazenta|15\/100|[from] item: Leftovers\n|upkeep\n|turn|79\n|-message|TurquoiseLink forfeited.\n|\n|win|madmage147\n|raw|TurquoiseLink's rating: 1688 &rarr; <strong>1663<\/strong><br \/>(-25 for losing)\n|raw|madmage147's rating: 1597 &rarr; <strong>1622<\/strong><br \/>(+25 for winning)\n|l|\u2606TurquoiseLink\n|j|\u2606TurquoiseLink\n|player|p1|TurquoiseLink|169\n","uploadtime":1701154284,"views":11,"p1id":"turquoiselink","p2id":"madmage147","formatid":"gen9ou","rating":1622,"private":0,"password":""}