{"id":"gen9ou-1988296512","p1":"wyverbal","p2":"hheheheheh","format":"[Gen 9] OU","log":"|j|\u2606wyverbal\n|j|\u2606hheheheheh\n|t:|1699703825\n|gametype|singles\n|player|p1|wyverbal|2|1097\n|player|p2|hheheheheh|caitlin|1156\n|teamsize|p1|6\n|teamsize|p2|6\n|gen|9\n|tier|[Gen 9] OU\n|rated|\n|rule|Sleep Clause Mod: Limit one foe put to sleep\n|rule|Species Clause: Limit one of each Pok\u00e9mon\n|rule|OHKO Clause: OHKO moves are banned\n|rule|Evasion Items Clause: Evasion items are banned\n|rule|Evasion Moves Clause: Evasion moves are banned\n|rule|Endless Battle Clause: Forcing endless battles is banned\n|rule|HP Percentage Mod: HP is shown in percentages\n|clearpoke\n|poke|p1|Crabominable, F|\n|poke|p1|Delphox, M|\n|poke|p1|Avalugg-Hisui, M|\n|poke|p1|Vaporeon, M|\n|poke|p1|Grimmsnarl, M|\n|poke|p1|Kommo-o, F|\n|poke|p2|Ninetales-Alola, M|\n|poke|p2|Iron Moth|\n|poke|p2|Hatterene, F|\n|poke|p2|Zamazenta-*|\n|poke|p2|Walking Wake|\n|poke|p2|Mandibuzz, F|\n|teampreview\n|inactive|Battle timer is ON: inactive players will automatically lose when time's up. (requested by hheheheheh)\n|inactive|wyverbal also wants the timer to be on.\n|inactive|wyverbal has 120 seconds left.\n|\n|t:|1699703867\n|start\n|switch|p1a: Kommo-o|Kommo-o, F, shiny|100\/100\n|switch|p2a: Mandibuzz|Mandibuzz, F, shiny|100\/100\n|turn|1\n|\n|t:|1699703878\n|move|p1a: Kommo-o|Clangorous Soul|p1a: Kommo-o\n|-boost|p1a: Kommo-o|atk|1\n|-boost|p1a: Kommo-o|def|1\n|-boost|p1a: Kommo-o|spa|1\n|-boost|p1a: Kommo-o|spd|1\n|-boost|p1a: Kommo-o|spe|1\n|-damage|p1a: Kommo-o|68\/100\n|-enditem|p1a: Kommo-o|Throat Spray\n|-boost|p1a: Kommo-o|spa|1|[from] item: Throat Spray\n|move|p2a: Mandibuzz|Toxic|p1a: Kommo-o\n|-status|p1a: Kommo-o|tox\n|\n|-damage|p1a: Kommo-o|61\/100 tox|[from] psn\n|upkeep\n|turn|2\n|\n|t:|1699703894\n|move|p1a: Kommo-o|Clangorous Soul|p1a: Kommo-o\n|-boost|p1a: Kommo-o|atk|1\n|-boost|p1a: Kommo-o|def|1\n|-boost|p1a: Kommo-o|spa|1\n|-boost|p1a: Kommo-o|spd|1\n|-boost|p1a: Kommo-o|spe|1\n|-damage|p1a: Kommo-o|28\/100 tox\n|move|p2a: Mandibuzz|U-turn|p1a: Kommo-o\n|-resisted|p1a: Kommo-o\n|-damage|p1a: Kommo-o|26\/100 tox\n|\n|t:|1699703907\n|switch|p2a: Hatterene|Hatterene, F, shiny|100\/100|[from] U-turn\n|\n|-damage|p1a: Kommo-o|13\/100 tox|[from] psn\n|upkeep\n|turn|3\n|\n|t:|1699703924\n|move|p1a: Kommo-o|Flamethrower|p2a: Hatterene\n|-damage|p2a: Hatterene|31\/100\n|-status|p2a: Hatterene|brn\n|move|p2a: Hatterene|Trick Room|p2a: Hatterene\n|-fieldstart|move: Trick Room|[of] p2a: Hatterene\n|\n|-heal|p2a: Hatterene|37\/100 brn|[from] item: Leftovers\n|-damage|p1a: Kommo-o|0 fnt|[from] psn\n|faint|p1a: Kommo-o\n|-damage|p2a: Hatterene|31\/100 brn|[from] brn\n|upkeep\n|inactive|wyverbal has 120 seconds left.\n|\n|t:|1699703945\n|switch|p1a: Grimmsnarl|Grimmsnarl, M, shiny|100\/100\n|turn|4\n|\n|t:|1699703962\n|move|p1a: Grimmsnarl|Parting Shot|p2a: Hatterene\n|move|p2a: Hatterene|Parting Shot|p1a: Grimmsnarl|[from]ability: Magic Bounce\n|-unboost|p1a: Grimmsnarl|atk|1\n|-unboost|p1a: Grimmsnarl|spa|1\n|inactive|hheheheheh has 120 seconds left.\n|\n|t:|1699703985\n|switch|p2a: Ninetales|Ninetales-Alola, M, shiny|100\/100|[from] Parting Shot\n|-weather|Snow|[from] ability: Snow Warning|[of] p2a: Ninetales\n|\n|-weather|Snow|[upkeep]\n|upkeep\n|turn|5\n|\n|t:|1699703997\n|switch|p2a: Hatterene|Hatterene, F, shiny|31\/100 brn\n|move|p1a: Grimmsnarl|Parting Shot|p2a: Hatterene\n|move|p2a: Hatterene|Parting Shot|p1a: Grimmsnarl|[from]ability: Magic Bounce\n|-unboost|p1a: Grimmsnarl|atk|1\n|-unboost|p1a: Grimmsnarl|spa|1\n|\n|t:|1699704003\n|switch|p2a: Mandibuzz|Mandibuzz, F, shiny|100\/100|[from] Parting Shot\n|\n|-weather|Snow|[upkeep]\n|upkeep\n|turn|6\n|\n|t:|1699704012\n|switch|p2a: Hatterene|Hatterene, F, shiny|31\/100 brn\n|move|p1a: Grimmsnarl|Reflect|p1a: Grimmsnarl\n|-sidestart|p1: wyverbal|Reflect\n|\n|-weather|Snow|[upkeep]\n|-heal|p2a: Hatterene|37\/100 brn|[from] item: Leftovers\n|-damage|p2a: Hatterene|31\/100 brn|[from] brn\n|upkeep\n|turn|7\n|\n|t:|1699704026\n|move|p1a: Grimmsnarl|Parting Shot|p2a: Hatterene\n|move|p2a: Hatterene|Parting Shot|p1a: Grimmsnarl|[from]ability: Magic Bounce\n|-unboost|p1a: Grimmsnarl|atk|1\n|-unboost|p1a: Grimmsnarl|spa|1\n|\n|t:|1699704042\n|switch|p2a: Mandibuzz|Mandibuzz, F, shiny|100\/100|[from] Parting Shot\n|\n|-weather|Snow|[upkeep]\n|-fieldend|move: Trick Room\n|upkeep\n|turn|8\n|\n|t:|1699704060\n|switch|p1a: Delphox|Delphox, M, shiny|100\/100\n|-item|p1a: Delphox|Air Balloon\n|move|p2a: Mandibuzz|Toxic|p1a: Delphox\n|-status|p1a: Delphox|tox\n|\n|-weather|none\n|-damage|p1a: Delphox|94\/100 tox|[from] psn\n|upkeep\n|turn|9\n|\n|t:|1699704084\n|move|p1a: Delphox|Encore|p2a: Mandibuzz\n|-start|p2a: Mandibuzz|Encore\n|move|p2a: Mandibuzz|Toxic|p1a: Delphox|[miss]\n|-miss|p2a: Mandibuzz|p1a: Delphox\n|\n|-damage|p1a: Delphox|82\/100 tox|[from] psn\n|upkeep\n|turn|10\n|\n|t:|1699704093\n|switch|p2a: Walking Wake|Walking Wake|100\/100\n|move|p1a: Delphox|Calm Mind|p1a: Delphox\n|-boost|p1a: Delphox|spa|1\n|-boost|p1a: Delphox|spd|1\n|\n|-damage|p1a: Delphox|63\/100 tox|[from] psn\n|upkeep\n|turn|11\n|\n|t:|1699704101\n|move|p2a: Walking Wake|Surf|p1a: Delphox\n|-supereffective|p1a: Delphox\n|-damage|p1a: Delphox|0 fnt\n|-enditem|p1a: Delphox|Air Balloon\n|faint|p1a: Delphox\n|\n|upkeep\n|\n|t:|1699704113\n|switch|p1a: Vaporeon|Vaporeon, M, shiny|100\/100\n|turn|12\n|inactive|hheheheheh has 120 seconds left.\n|inactive|hheheheheh has 90 seconds left.\n|inactive|hheheheheh has 60 seconds left.\n|\n|t:|1699704209\n|move|p2a: Walking Wake|Draco Meteor|p1a: Vaporeon\n|-damage|p1a: Vaporeon|50\/100\n|-unboost|p2a: Walking Wake|spa|2\n|move|p1a: Vaporeon|Scald|p2a: Walking Wake\n|-resisted|p2a: Walking Wake\n|-damage|p2a: Walking Wake|94\/100\n|\n|upkeep\n|turn|13\n|inactive|hheheheheh has 60 seconds left.\n|inactive|hheheheheh has 30 seconds left.\n|\n|t:|1699704251\n|-end|p2a: Walking Wake|Protosynthesis|[silent]\n|switch|p2a: Hatterene|Hatterene, F, shiny|31\/100 brn\n|move|p1a: Vaporeon|Wish|p1a: Vaporeon\n|\n|-heal|p2a: Hatterene|37\/100 brn|[from] item: Leftovers\n|-damage|p2a: Hatterene|31\/100 brn|[from] brn\n|-sideend|p1: wyverbal|Reflect\n|upkeep\n|turn|14\n|inactive|hheheheheh has 30 seconds left.\n|inactive|hheheheheh has 20 seconds left.\n|inactive|hheheheheh has 15 seconds left.\n|inactive|hheheheheh has 10 seconds left.\n|inactive|hheheheheh has 5 seconds left.\n|\n|t:|1699704281\n|move|p1a: Vaporeon|Scald|p2a: Hatterene\n|-damage|p2a: Hatterene|0 fnt\n|faint|p2a: Hatterene\n|\n|-heal|p1a: Vaporeon|99\/100|[from] move: Wish|[wisher] Vaporeon\n|upkeep\n|inactive|hheheheheh has 10 seconds left this turn.\n|inactive|hheheheheh has 5 seconds left.\n|-message|hheheheheh forfeited.\n|\n|win|wyverbal\n|inactive|hheheheheh has 10 seconds left this turn.\n|raw|wyverbal's rating: 1097 &rarr; <strong>1127<\/strong><br \/>(+30 for winning)\n|raw|hheheheheh's rating: 1156 &rarr; <strong>1127<\/strong><br \/>(-29 for losing)\n|l|\u2606hheheheheh\n","uploadtime":1699704294,"views":28,"p1id":"wyverbal","p2id":"hheheheheh","formatid":"gen9ou","rating":1127,"private":0,"password":""}