{"id":"gen9ou-1995260998","p1":"Manjack","p2":"R4ffy2","format":"[Gen 9] OU","log":"|j|\u2606Manjack\n|j|\u2606R4ffy2\n|inactive|Battle timer is ON: inactive players will automatically lose when time's up.\n|t:|1700542885\n|gametype|singles\n|player|p1|Manjack|preschooler|\n|player|p2|R4ffy2|maid|\n|teamsize|p1|6\n|teamsize|p2|6\n|gen|9\n|tier|[Gen 9] OU\n|rated|Tournament battle\n|rule|Sleep Clause Mod: Limit one foe put to sleep\n|rule|Species Clause: Limit one of each Pok\u00e9mon\n|rule|OHKO Clause: OHKO moves are banned\n|rule|Evasion Items Clause: Evasion items are banned\n|rule|Evasion Moves Clause: Evasion moves are banned\n|rule|Endless Battle Clause: Forcing endless battles is banned\n|rule|HP Percentage Mod: HP is shown in percentages\n|clearpoke\n|poke|p1|Ogerpon, F|\n|poke|p1|Corviknight, M|\n|poke|p1|Dachsbun, F|\n|poke|p1|Heatran, M|\n|poke|p1|Rotom-Wash|\n|poke|p1|Clodsire, F|\n|poke|p2|Polteageist-Antique|\n|poke|p2|Dragonite, M|\n|poke|p2|Glimmora, F|\n|poke|p2|Iron Valiant|\n|poke|p2|Ting-Lu|\n|poke|p2|Ogerpon-Wellspring, F|\n|teampreview\n|c|\u2606Manjack|Woo! Glhf\n|c|\u2606R4ffy2|glhf too\n|\n|t:|1700542911\n|start\n|switch|p1a: Clodsire|Clodsire, F|100\/100\n|switch|p2a: Ogerpon|Ogerpon-Wellspring, F|100\/100\n|turn|1\n|\n|t:|1700542917\n|switch|p2a: Glimmora|Glimmora, F|100\/100\n|switch|p1a: Corviknight|Corviknight, M|100\/100\n|-ability|p1a: Corviknight|Pressure\n|\n|upkeep\n|turn|2\n|\n|t:|1700542926\n|switch|p2a: Dragonite|Dragonite, M|100\/100\n|move|p1a: Corviknight|U-turn|p2a: Dragonite\n|-resisted|p2a: Dragonite\n|-damage|p2a: Dragonite|97\/100\n|j| Tidy Up Cinccino\n|\n|t:|1700542934\n|switch|p1a: Rotom|Rotom-Wash|100\/100|[from] U-turn\n|\n|upkeep\n|turn|3\n|\n|t:|1700542939\n|move|p2a: Dragonite|Extreme Speed|p1a: Rotom\n|-damage|p1a: Rotom|74\/100\n|move|p1a: Rotom|Will-O-Wisp|p2a: Dragonite\n|-status|p2a: Dragonite|brn\n|\n|-heal|p1a: Rotom|80\/100|[from] item: Leftovers\n|-damage|p2a: Dragonite|91\/100 brn|[from] brn\n|upkeep\n|turn|4\n|\n|t:|1700542952\n|switch|p2a: Ogerpon|Ogerpon-Wellspring, F|100\/100\n|move|p1a: Rotom|Volt Switch|p2a: Ogerpon\n|-damage|p2a: Ogerpon|70\/100\n|\n|t:|1700542959\n|switch|p1a: Corviknight|Corviknight, M|100\/100|[from] Volt Switch\n|-ability|p1a: Corviknight|Pressure\n|\n|upkeep\n|turn|5\n|\n|t:|1700542968\n|switch|p2a: Ting-Lu|Ting-Lu|100\/100\n|-ability|p2a: Ting-Lu|Vessel of Ruin\n|move|p1a: Corviknight|U-turn|p2a: Ting-Lu\n|-supereffective|p2a: Ting-Lu\n|-damage|p2a: Ting-Lu|89\/100\n|\n|t:|1700542972\n|switch|p1a: Ogerpon|Ogerpon, F|100\/100|[from] U-turn\n|\n|-heal|p2a: Ting-Lu|95\/100|[from] item: Leftovers\n|upkeep\n|turn|6\n|\n|t:|1700542983\n|-terastallize|p2a: Ting-Lu|Poison\n|move|p1a: Ogerpon|Swords Dance|p1a: Ogerpon\n|-boost|p1a: Ogerpon|atk|2\n|move|p2a: Ting-Lu|Stealth Rock|p1a: Ogerpon\n|-sidestart|p1: Manjack|move: Stealth Rock\n|\n|-heal|p2a: Ting-Lu|100\/100|[from] item: Leftovers\n|upkeep\n|turn|7\n|\n|t:|1700542991\n|move|p1a: Ogerpon|Knock Off|p2a: Ting-Lu\n|-damage|p2a: Ting-Lu|71\/100\n|-enditem|p2a: Ting-Lu|Leftovers|[from] move: Knock Off|[of] p1a: Ogerpon\n|move|p2a: Ting-Lu|Whirlwind|p1a: Ogerpon\n|drag|p1a: Heatran|Heatran, M|100\/100\n|-damage|p1a: Heatran|88\/100|[from] Stealth Rock\n|\n|-heal|p1a: Heatran|94\/100|[from] item: Leftovers\n|upkeep\n|turn|8\n|\n|t:|1700543001\n|switch|p1a: Dachsbun|Dachsbun, F|100\/100\n|-damage|p1a: Dachsbun|88\/100|[from] Stealth Rock\n|move|p2a: Ting-Lu|Earthquake|p1a: Dachsbun\n|-damage|p1a: Dachsbun|51\/100\n|\n|-heal|p1a: Dachsbun|57\/100|[from] item: Leftovers\n|upkeep\n|turn|9\n|\n|t:|1700543012\n|switch|p2a: Dragonite|Dragonite, M|91\/100 brn\n|move|p1a: Dachsbun|Copycat|p1a: Dachsbun\n|move|p1a: Dachsbun|Earthquake|p2a: Dragonite|[from]move: Copycat\n|-immune|p2a: Dragonite\n|\n|-heal|p1a: Dachsbun|63\/100|[from] item: Leftovers\n|-damage|p2a: Dragonite|85\/100 brn|[from] brn\n|upkeep\n|turn|10\n|\n|t:|1700543021\n|move|p1a: Dachsbun|Wish|p1a: Dachsbun\n|move|p2a: Dragonite|Dragon Dance|p2a: Dragonite\n|-boost|p2a: Dragonite|atk|1\n|-boost|p2a: Dragonite|spe|1\n|\n|-heal|p1a: Dachsbun|69\/100|[from] item: Leftovers\n|-damage|p2a: Dragonite|79\/100 brn|[from] brn\n|upkeep\n|turn|11\n|\n|t:|1700543028\n|move|p1a: Dachsbun|Protect|p1a: Dachsbun\n|-singleturn|p1a: Dachsbun|Protect\n|move|p2a: Dragonite|Dragon Dance|p2a: Dragonite\n|-boost|p2a: Dragonite|atk|1\n|-boost|p2a: Dragonite|spe|1\n|\n|-heal|p1a: Dachsbun|100\/100|[from] move: Wish|[wisher] Dachsbun\n|-damage|p2a: Dragonite|73\/100 brn|[from] brn\n|upkeep\n|turn|12\n|\n|t:|1700543038\n|switch|p1a: Corviknight|Corviknight, M|100\/100\n|-damage|p1a: Corviknight|88\/100|[from] Stealth Rock\n|-ability|p1a: Corviknight|Pressure\n|move|p2a: Dragonite|Extreme Speed|p1a: Corviknight\n|-resisted|p1a: Corviknight\n|-damage|p1a: Corviknight|78\/100\n|\n|-heal|p1a: Corviknight|84\/100|[from] item: Leftovers\n|-damage|p2a: Dragonite|67\/100 brn|[from] brn\n|upkeep\n|turn|13\n|\n|t:|1700543049\n|move|p2a: Dragonite|Dragon Dance|p2a: Dragonite\n|-boost|p2a: Dragonite|atk|1\n|-boost|p2a: Dragonite|spe|1\n|move|p1a: Corviknight|Defog|p2a: Dragonite\n|-unboost|p2a: Dragonite|evasion|1\n|-sideend|p1: Manjack|Stealth Rock|[from] move: Defog|[of] p1a: Corviknight\n|\n|-heal|p1a: Corviknight|90\/100|[from] item: Leftovers\n|-damage|p2a: Dragonite|60\/100 brn|[from] brn\n|upkeep\n|turn|14\n|\n|t:|1700543060\n|move|p2a: Dragonite|Roost|p2a: Dragonite\n|-heal|p2a: Dragonite|100\/100 brn\n|-singleturn|p2a: Dragonite|move: Roost\n|move|p1a: Corviknight|Brave Bird|p2a: Dragonite\n|-damage|p2a: Dragonite|82\/100 brn\n|-damage|p1a: Corviknight|85\/100|[from] Recoil\n|\n|-heal|p1a: Corviknight|91\/100|[from] item: Leftovers\n|-damage|p2a: Dragonite|76\/100 brn|[from] brn\n|upkeep\n|turn|15\n|\n|t:|1700543073\n|move|p2a: Dragonite|Dragon Dance|p2a: Dragonite\n|-boost|p2a: Dragonite|atk|1\n|-boost|p2a: Dragonite|spe|1\n|move|p1a: Corviknight|Brave Bird|p2a: Dragonite\n|-damage|p2a: Dragonite|42\/100 brn\n|-damage|p1a: Corviknight|81\/100|[from] Recoil\n|\n|-heal|p1a: Corviknight|87\/100|[from] item: Leftovers\n|-damage|p2a: Dragonite|36\/100 brn|[from] brn\n|upkeep\n|turn|16\n|\n|t:|1700543082\n|move|p2a: Dragonite|Roost|p2a: Dragonite\n|-heal|p2a: Dragonite|86\/100 brn\n|-singleturn|p2a: Dragonite|move: Roost\n|move|p1a: Corviknight|Brave Bird|p2a: Dragonite\n|-damage|p2a: Dragonite|49\/100 brn\n|-damage|p1a: Corviknight|76\/100|[from] Recoil\n|\n|-heal|p1a: Corviknight|82\/100|[from] item: Leftovers\n|-damage|p2a: Dragonite|43\/100 brn|[from] brn\n|upkeep\n|turn|17\n|\n|t:|1700543092\n|move|p2a: Dragonite|Roost|p2a: Dragonite\n|-heal|p2a: Dragonite|93\/100 brn\n|-singleturn|p2a: Dragonite|move: Roost\n|move|p1a: Corviknight|Brave Bird|p2a: Dragonite\n|-crit|p2a: Dragonite\n|-damage|p2a: Dragonite|41\/100 brn\n|-damage|p1a: Corviknight|66\/100|[from] Recoil\n|\n|-heal|p1a: Corviknight|72\/100|[from] item: Leftovers\n|-damage|p2a: Dragonite|34\/100 brn|[from] brn\n|upkeep\n|turn|18\n|j| shonnywashere\n|\n|t:|1700543104\n|move|p2a: Dragonite|Roost|p2a: Dragonite\n|-heal|p2a: Dragonite|85\/100 brn\n|-singleturn|p2a: Dragonite|move: Roost\n|move|p1a: Corviknight|Brave Bird|p2a: Dragonite\n|-damage|p2a: Dragonite|47\/100 brn\n|-damage|p1a: Corviknight|61\/100|[from] Recoil\n|\n|-heal|p1a: Corviknight|67\/100|[from] item: Leftovers\n|-damage|p2a: Dragonite|41\/100 brn|[from] brn\n|upkeep\n|turn|19\n|\n|t:|1700543115\n|move|p2a: Dragonite|Extreme Speed|p1a: Corviknight\n|-resisted|p1a: Corviknight\n|-damage|p1a: Corviknight|54\/100\n|move|p1a: Corviknight|Brave Bird|p2a: Dragonite\n|-damage|p2a: Dragonite|1\/100 brn\n|-damage|p1a: Corviknight|42\/100|[from] Recoil\n|\n|-heal|p1a: Corviknight|48\/100|[from] item: Leftovers\n|-damage|p2a: Dragonite|0 fnt|[from] brn\n|faint|p2a: Dragonite\n|upkeep\n|\n|t:|1700543140\n|switch|p2a: Ogerpon|Ogerpon-Wellspring, F|70\/100\n|turn|20\n|\n|t:|1700543154\n|move|p2a: Ogerpon|Horn Leech|p1a: Corviknight\n|-resisted|p1a: Corviknight\n|-damage|p1a: Corviknight|41\/100\n|-heal|p2a: Ogerpon|75\/100|[from] drain|[of] p1a: Corviknight\n|move|p1a: Corviknight|Brave Bird|p2a: Ogerpon\n|-supereffective|p2a: Ogerpon\n|-damage|p2a: Ogerpon|0 fnt\n|faint|p2a: Ogerpon\n|-damage|p1a: Corviknight|23\/100|[from] Recoil\n|\n|-heal|p1a: Corviknight|29\/100|[from] item: Leftovers\n|upkeep\n|l| shonnywashere\n|\n|t:|1700543169\n|switch|p2a: Glimmora|Glimmora, F|100\/100\n|turn|21\n|\n|t:|1700543177\n|switch|p1a: Clodsire|Clodsire, F|100\/100\n|move|p2a: Glimmora|Power Gem|p1a: Clodsire\n|-resisted|p1a: Clodsire\n|-damage|p1a: Clodsire|90\/100\n|\n|-heal|p1a: Clodsire|96\/100|[from] item: Leftovers\n|upkeep\n|turn|22\n|\n|t:|1700543185\n|switch|p2a: Ting-Lu|Ting-Lu, tera:Poison|71\/100\n|-ability|p2a: Ting-Lu|Vessel of Ruin\n|move|p1a: Clodsire|Earthquake|p2a: Ting-Lu\n|-supereffective|p2a: Ting-Lu\n|-damage|p2a: Ting-Lu|51\/100\n|\n|-heal|p1a: Clodsire|100\/100|[from] item: Leftovers\n|upkeep\n|turn|23\n|\n|t:|1700543194\n|switch|p1a: Ogerpon|Ogerpon, F|100\/100\n|move|p2a: Ting-Lu|Whirlwind|p1a: Ogerpon\n|drag|p1a: Clodsire|Clodsire, F|100\/100\n|\n|upkeep\n|turn|24\n|\n|t:|1700543200\n|switch|p2a: Polteageist|Polteageist-Antique|100\/100\n|switch|p1a: Rotom|Rotom-Wash|80\/100\n|\n|-heal|p1a: Rotom|87\/100|[from] item: Leftovers\n|upkeep\n|turn|25\n|\n|t:|1700543209\n|move|p2a: Polteageist|Shell Smash|p2a: Polteageist\n|-unboost|p2a: Polteageist|def|1\n|-unboost|p2a: Polteageist|spd|1\n|-boost|p2a: Polteageist|atk|2\n|-boost|p2a: Polteageist|spa|2\n|-boost|p2a: Polteageist|spe|2\n|-enditem|p2a: Polteageist|White Herb\n|-clearnegativeboost|p2a: Polteageist|[silent]\n|move|p1a: Rotom|Volt Switch|p2a: Polteageist\n|-damage|p2a: Polteageist|73\/100\n|\n|t:|1700543214\n|switch|p1a: Clodsire|Clodsire, F|100\/100|[from] Volt Switch\n|\n|upkeep\n|turn|26\n|\n|t:|1700543220\n|move|p2a: Polteageist|Stored Power|p1a: Clodsire\n|-supereffective|p1a: Clodsire\n|-damage|p1a: Clodsire|46\/100\n|move|p1a: Clodsire|Toxic|p2a: Polteageist\n|-status|p2a: Polteageist|tox\n|\n|-heal|p1a: Clodsire|52\/100|[from] item: Leftovers\n|-damage|p2a: Polteageist|67\/100 tox|[from] psn\n|upkeep\n|turn|27\n|\n|t:|1700543230\n|switch|p1a: Heatran|Heatran, M|94\/100\n|move|p2a: Polteageist|Shell Smash|p2a: Polteageist\n|-unboost|p2a: Polteageist|def|1\n|-unboost|p2a: Polteageist|spd|1\n|-boost|p2a: Polteageist|atk|2\n|-boost|p2a: Polteageist|spa|2\n|-boost|p2a: Polteageist|spe|2\n|\n|-heal|p1a: Heatran|100\/100|[from] item: Leftovers\n|-damage|p2a: Polteageist|55\/100 tox|[from] psn\n|upkeep\n|turn|28\n|\n|t:|1700543242\n|switch|p1a: Clodsire|Clodsire, F|52\/100\n|move|p2a: Polteageist|Stored Power|p1a: Clodsire\n|-supereffective|p1a: Clodsire\n|-damage|p1a: Clodsire|0 fnt\n|faint|p1a: Clodsire\n|\n|-damage|p2a: Polteageist|36\/100 tox|[from] psn\n|upkeep\n|\n|t:|1700543246\n|switch|p1a: Dachsbun|Dachsbun, F|100\/100\n|turn|29\n|\n|t:|1700543252\n|move|p1a: Dachsbun|Protect|p1a: Dachsbun\n|-singleturn|p1a: Dachsbun|Protect\n|move|p2a: Polteageist|Stored Power|p1a: Dachsbun\n|-activate|p1a: Dachsbun|move: Protect\n|\n|-damage|p2a: Polteageist|12\/100 tox|[from] psn\n|upkeep\n|turn|30\n|c|\u2606R4ffy2|f\n|c|\u2606R4ffy2|gg\n|c|\u2606Manjack|Gg\n|-message|R4ffy2 forfeited.\n|\n|win|Manjack\n|n|\u2606Manjack|manjack\n|n|\u2606R4ffy2|r4ffy2\n|n| Tidy Up Cinccino|tidyupcinccino\n|l|\u2606R4ffy2\n|l|\u2606Manjack\n","uploadtime":1700543824,"views":2,"p1id":"manjack","p2id":"r4ffy2","formatid":"gen9ou","rating":0,"private":0,"password":""}