{"id":"gen9ou-1997423448","p1":"CosmicPenguin077","p2":"Theimpactassault","format":"[Gen 9] OU","log":"|j|\u2606CosmicPenguin077\n|j|\u2606Theimpactassault\n|t:|1700802800\n|gametype|singles\n|player|p1|CosmicPenguin077|drayden|1451\n|player|p2|Theimpactassault|hilda|1526\n|teamsize|p1|6\n|teamsize|p2|6\n|gen|9\n|tier|[Gen 9] OU\n|rated|\n|rule|Sleep Clause Mod: Limit one foe put to sleep\n|rule|Species Clause: Limit one of each Pok\u00e9mon\n|rule|OHKO Clause: OHKO moves are banned\n|rule|Evasion Items Clause: Evasion items are banned\n|rule|Evasion Moves Clause: Evasion moves are banned\n|rule|Endless Battle Clause: Forcing endless battles is banned\n|rule|HP Percentage Mod: HP is shown in percentages\n|clearpoke\n|poke|p1|Ceruledge, M|\n|poke|p1|Mamoswine, M|\n|poke|p1|Chesnaught, M|\n|poke|p1|Rotom-Wash|\n|poke|p1|Iron Valiant|\n|poke|p1|Greninja-*, M|\n|poke|p2|Samurott-Hisui, F|\n|poke|p2|Arcanine-Hisui, F|\n|poke|p2|Corviknight, F|\n|poke|p2|Clodsire, M|\n|poke|p2|Forretress, M|\n|poke|p2|Meowscarada, F|\n|teampreview\n|inactive|Battle timer is ON: inactive players will automatically lose when time's up. (requested by CosmicPenguin077)\n|\n|t:|1700802807\n|start\n|switch|p1a: Chesnaught|Chesnaught, M, shiny|100\/100\n|switch|p2a: Meowscarada|Meowscarada, F|100\/100\n|turn|1\n|\n|t:|1700802813\n|move|p2a: Meowscarada|U-turn|p1a: Chesnaught\n|-start|p2a: Meowscarada|typechange|Bug|[from] ability: Protean\n|-damage|p1a: Chesnaught|82\/100\n|\n|t:|1700802816\n|switch|p2a: Forretress|Forretress, M|100\/100|[from] U-turn\n|move|p1a: Chesnaught|Leech Seed|p2a: Forretress\n|-start|p2a: Forretress|move: Leech Seed\n|\n|-heal|p1a: Chesnaught|88\/100|[from] item: Leftovers\n|-damage|p2a: Forretress|88\/100|[from] Leech Seed|[of] p1a: Chesnaught\n|-heal|p1a: Chesnaught|99\/100|[silent]\n|upkeep\n|turn|2\n|\n|t:|1700802826\n|move|p1a: Chesnaught|Iron Defense|p1a: Chesnaught\n|-boost|p1a: Chesnaught|def|2\n|move|p2a: Forretress|Stealth Rock|p1a: Chesnaught\n|-sidestart|p1: CosmicPenguin077|move: Stealth Rock\n|\n|-heal|p1a: Chesnaught|100\/100|[from] item: Leftovers\n|-damage|p2a: Forretress|76\/100|[from] Leech Seed|[of] p1a: Chesnaught\n|upkeep\n|turn|3\n|\n|t:|1700802830\n|move|p1a: Chesnaught|Iron Defense|p1a: Chesnaught\n|-boost|p1a: Chesnaught|def|2\n|move|p2a: Forretress|Rapid Spin|p1a: Chesnaught\n|-damage|p1a: Chesnaught|98\/100\n|-boost|p2a: Forretress|spe|1\n|-end|p2a: Forretress|Leech Seed|[from] move: Rapid Spin|[of] p2a: Forretress\n|\n|-heal|p1a: Chesnaught|100\/100|[from] item: Leftovers\n|upkeep\n|turn|4\n|\n|t:|1700802836\n|switch|p2a: Meowscarada|Meowscarada, F|100\/100\n|move|p1a: Chesnaught|Body Press|p2a: Meowscarada\n|-supereffective|p2a: Meowscarada\n|-damage|p2a: Meowscarada|0 fnt\n|faint|p2a: Meowscarada\n|\n|upkeep\n|\n|t:|1700802839\n|switch|p2a: Corviknight|Corviknight, F|100\/100\n|-ability|p2a: Corviknight|Pressure\n|turn|5\n|\n|t:|1700802843\n|move|p2a: Corviknight|Substitute|p2a: Corviknight\n|-start|p2a: Corviknight|Substitute\n|-damage|p2a: Corviknight|75\/100\n|move|p1a: Chesnaught|Body Press|p2a: Corviknight\n|-end|p2a: Corviknight|Substitute\n|\n|-heal|p2a: Corviknight|82\/100|[from] item: Leftovers\n|upkeep\n|turn|6\n|\n|t:|1700802850\n|move|p2a: Corviknight|Iron Defense|p2a: Corviknight\n|-boost|p2a: Corviknight|def|2\n|move|p1a: Chesnaught|Body Press|p2a: Corviknight\n|-damage|p2a: Corviknight|39\/100\n|\n|-heal|p2a: Corviknight|46\/100|[from] item: Leftovers\n|upkeep\n|turn|7\n|\n|t:|1700802857\n|move|p2a: Corviknight|Substitute|p2a: Corviknight\n|-start|p2a: Corviknight|Substitute\n|-damage|p2a: Corviknight|21\/100\n|move|p1a: Chesnaught|Leech Seed|p2a: Corviknight|[miss]\n|-miss|p1a: Chesnaught|p2a: Corviknight\n|\n|-heal|p2a: Corviknight|27\/100|[from] item: Leftovers\n|upkeep\n|turn|8\n|\n|t:|1700802863\n|move|p2a: Corviknight|Iron Defense|p2a: Corviknight\n|-boost|p2a: Corviknight|def|2\n|move|p1a: Chesnaught|Iron Defense|p1a: Chesnaught\n|-boost|p1a: Chesnaught|def|2\n|\n|-heal|p2a: Corviknight|33\/100|[from] item: Leftovers\n|upkeep\n|turn|9\n|\n|t:|1700802865\n|move|p2a: Corviknight|Iron Defense|p2a: Corviknight\n|-boost|p2a: Corviknight|def|2\n|move|p1a: Chesnaught|Body Press|p2a: Corviknight\n|-end|p2a: Corviknight|Substitute\n|\n|-heal|p2a: Corviknight|39\/100|[from] item: Leftovers\n|upkeep\n|turn|10\n|\n|t:|1700802868\n|move|p2a: Corviknight|Substitute|p2a: Corviknight\n|-start|p2a: Corviknight|Substitute\n|-damage|p2a: Corviknight|15\/100\n|move|p1a: Chesnaught|Body Press|p2a: Corviknight\n|-end|p2a: Corviknight|Substitute\n|\n|-heal|p2a: Corviknight|21\/100|[from] item: Leftovers\n|upkeep\n|turn|11\n|\n|t:|1700802872\n|move|p2a: Corviknight|Roost|p2a: Corviknight\n|-heal|p2a: Corviknight|71\/100\n|-singleturn|p2a: Corviknight|move: Roost\n|move|p1a: Chesnaught|Body Press|p2a: Corviknight\n|-supereffective|p2a: Corviknight\n|-damage|p2a: Corviknight|13\/100\n|\n|-heal|p2a: Corviknight|19\/100|[from] item: Leftovers\n|upkeep\n|turn|12\n|\n|t:|1700802878\n|move|p2a: Corviknight|Roost|p2a: Corviknight\n|-heal|p2a: Corviknight|69\/100\n|-singleturn|p2a: Corviknight|move: Roost\n|move|p1a: Chesnaught|Leech Seed|p2a: Corviknight\n|-start|p2a: Corviknight|move: Leech Seed\n|\n|-heal|p2a: Corviknight|76\/100|[from] item: Leftovers\n|-damage|p2a: Corviknight|63\/100|[from] Leech Seed|[of] p1a: Chesnaught\n|upkeep\n|turn|13\n|\n|t:|1700802882\n|move|p2a: Corviknight|Roost|p2a: Corviknight\n|-heal|p2a: Corviknight|100\/100\n|-singleturn|p2a: Corviknight|move: Roost\n|move|p1a: Chesnaught|Body Press|p2a: Corviknight\n|-supereffective|p2a: Corviknight\n|-damage|p2a: Corviknight|42\/100\n|\n|-heal|p2a: Corviknight|48\/100|[from] item: Leftovers\n|-damage|p2a: Corviknight|36\/100|[from] Leech Seed|[of] p1a: Chesnaught\n|upkeep\n|turn|14\n|\n|t:|1700802893\n|move|p2a: Corviknight|Roost|p2a: Corviknight\n|-heal|p2a: Corviknight|86\/100\n|-singleturn|p2a: Corviknight|move: Roost\n|move|p1a: Chesnaught|Wood Hammer|p2a: Corviknight\n|-resisted|p2a: Corviknight\n|-damage|p2a: Corviknight|82\/100\n|-damage|p1a: Chesnaught|99\/100|[from] Recoil\n|\n|-heal|p2a: Corviknight|88\/100|[from] item: Leftovers\n|-heal|p1a: Chesnaught|100\/100|[from] item: Leftovers\n|-damage|p2a: Corviknight|76\/100|[from] Leech Seed|[of] p1a: Chesnaught\n|upkeep\n|turn|15\n|\n|t:|1700802908\n|move|p2a: Corviknight|Substitute|p2a: Corviknight\n|-start|p2a: Corviknight|Substitute\n|-damage|p2a: Corviknight|51\/100\n|move|p1a: Chesnaught|Wood Hammer|p2a: Corviknight\n|-resisted|p2a: Corviknight\n|-activate|p2a: Corviknight|move: Substitute|[damage]\n|-damage|p1a: Chesnaught|99\/100|[from] Recoil|[of] p2a: Corviknight\n|\n|-heal|p2a: Corviknight|57\/100|[from] item: Leftovers\n|-heal|p1a: Chesnaught|100\/100|[from] item: Leftovers\n|-damage|p2a: Corviknight|45\/100|[from] Leech Seed|[of] p1a: Chesnaught\n|upkeep\n|turn|16\n|\n|t:|1700802915\n|move|p2a: Corviknight|Roost|p2a: Corviknight\n|-heal|p2a: Corviknight|95\/100\n|-singleturn|p2a: Corviknight|move: Roost\n|move|p1a: Chesnaught|Wood Hammer|p2a: Corviknight\n|-resisted|p2a: Corviknight\n|-activate|p2a: Corviknight|move: Substitute|[damage]\n|-damage|p1a: Chesnaught|99\/100|[from] Recoil|[of] p2a: Corviknight\n|\n|-heal|p2a: Corviknight|100\/100|[from] item: Leftovers\n|-heal|p1a: Chesnaught|100\/100|[from] item: Leftovers\n|-damage|p2a: Corviknight|88\/100|[from] Leech Seed|[of] p1a: Chesnaught\n|upkeep\n|turn|17\n|\n|t:|1700802921\n|move|p2a: Corviknight|Iron Defense|p2a: Corviknight\n|-boost|p2a: Corviknight|def|0\n|move|p1a: Chesnaught|Iron Defense|p1a: Chesnaught\n|-boost|p1a: Chesnaught|def|0\n|\n|-heal|p2a: Corviknight|94\/100|[from] item: Leftovers\n|-damage|p2a: Corviknight|82\/100|[from] Leech Seed|[of] p1a: Chesnaught\n|upkeep\n|turn|18\n|\n|t:|1700802932\n|move|p2a: Corviknight|Iron Defense|p2a: Corviknight\n|-boost|p2a: Corviknight|def|0\n|move|p1a: Chesnaught|Leech Seed||[still]\n|-fail|p1a: Chesnaught\n|\n|-heal|p2a: Corviknight|88\/100|[from] item: Leftovers\n|-damage|p2a: Corviknight|75\/100|[from] Leech Seed|[of] p1a: Chesnaught\n|upkeep\n|turn|19\n|\n|t:|1700802945\n|move|p2a: Corviknight|Body Press|p1a: Chesnaught\n|-damage|p1a: Chesnaught|87\/100\n|move|p1a: Chesnaught|Body Press|p2a: Corviknight\n|-end|p2a: Corviknight|Substitute\n|\n|-heal|p2a: Corviknight|82\/100|[from] item: Leftovers\n|-heal|p1a: Chesnaught|93\/100|[from] item: Leftovers\n|-damage|p2a: Corviknight|69\/100|[from] Leech Seed|[of] p1a: Chesnaught\n|-heal|p1a: Chesnaught|100\/100|[silent]\n|upkeep\n|turn|20\n|\n|t:|1700802960\n|move|p2a: Corviknight|Substitute|p2a: Corviknight\n|-start|p2a: Corviknight|Substitute\n|-damage|p2a: Corviknight|44\/100\n|move|p1a: Chesnaught|Wood Hammer|p2a: Corviknight\n|-resisted|p2a: Corviknight\n|-activate|p2a: Corviknight|move: Substitute|[damage]\n|-damage|p1a: Chesnaught|99\/100|[from] Recoil|[of] p2a: Corviknight\n|\n|-heal|p2a: Corviknight|50\/100|[from] item: Leftovers\n|-heal|p1a: Chesnaught|100\/100|[from] item: Leftovers\n|-damage|p2a: Corviknight|38\/100|[from] Leech Seed|[of] p1a: Chesnaught\n|upkeep\n|turn|21\n|\n|t:|1700802964\n|move|p2a: Corviknight|Roost|p2a: Corviknight\n|-heal|p2a: Corviknight|88\/100\n|-singleturn|p2a: Corviknight|move: Roost\n|move|p1a: Chesnaught|Wood Hammer|p2a: Corviknight\n|-resisted|p2a: Corviknight\n|-activate|p2a: Corviknight|move: Substitute|[damage]\n|-damage|p1a: Chesnaught|99\/100|[from] Recoil|[of] p2a: Corviknight\n|\n|-heal|p2a: Corviknight|94\/100|[from] item: Leftovers\n|-heal|p1a: Chesnaught|100\/100|[from] item: Leftovers\n|-damage|p2a: Corviknight|82\/100|[from] Leech Seed|[of] p1a: Chesnaught\n|upkeep\n|turn|22\n|\n|t:|1700802970\n|move|p2a: Corviknight|Iron Defense|p2a: Corviknight\n|-boost|p2a: Corviknight|def|0\n|move|p1a: Chesnaught|Body Press|p2a: Corviknight\n|-end|p2a: Corviknight|Substitute\n|\n|-heal|p2a: Corviknight|88\/100|[from] item: Leftovers\n|-damage|p2a: Corviknight|75\/100|[from] Leech Seed|[of] p1a: Chesnaught\n|upkeep\n|turn|23\n|\n|t:|1700802981\n|move|p2a: Corviknight|Substitute|p2a: Corviknight\n|-start|p2a: Corviknight|Substitute\n|-damage|p2a: Corviknight|50\/100\n|move|p1a: Chesnaught|Wood Hammer|p2a: Corviknight\n|-resisted|p2a: Corviknight\n|-activate|p2a: Corviknight|move: Substitute|[damage]\n|-damage|p1a: Chesnaught|99\/100|[from] Recoil|[of] p2a: Corviknight\n|\n|-heal|p2a: Corviknight|57\/100|[from] item: Leftovers\n|-heal|p1a: Chesnaught|100\/100|[from] item: Leftovers\n|-damage|p2a: Corviknight|44\/100|[from] Leech Seed|[of] p1a: Chesnaught\n|upkeep\n|turn|24\n|\n|t:|1700802994\n|move|p2a: Corviknight|Roost|p2a: Corviknight\n|-heal|p2a: Corviknight|94\/100\n|-singleturn|p2a: Corviknight|move: Roost\n|move|p1a: Chesnaught|Leech Seed||[still]\n|-fail|p1a: Chesnaught\n|\n|-heal|p2a: Corviknight|100\/100|[from] item: Leftovers\n|-damage|p2a: Corviknight|88\/100|[from] Leech Seed|[of] p1a: Chesnaught\n|upkeep\n|turn|25\n|\n|t:|1700803022\n|move|p2a: Corviknight|Iron Defense|p2a: Corviknight\n|-boost|p2a: Corviknight|def|0\n|move|p1a: Chesnaught|Iron Defense|p1a: Chesnaught\n|-boost|p1a: Chesnaught|def|0\n|\n|-heal|p2a: Corviknight|94\/100|[from] item: Leftovers\n|-damage|p2a: Corviknight|82\/100|[from] Leech Seed|[of] p1a: Chesnaught\n|upkeep\n|turn|26\n|\n|t:|1700803025\n|move|p2a: Corviknight|Iron Defense|p2a: Corviknight\n|-boost|p2a: Corviknight|def|0\n|move|p1a: Chesnaught|Wood Hammer|p2a: Corviknight\n|-resisted|p2a: Corviknight\n|-activate|p2a: Corviknight|move: Substitute|[damage]\n|-damage|p1a: Chesnaught|99\/100|[from] Recoil|[of] p2a: Corviknight\n|\n|-heal|p2a: Corviknight|88\/100|[from] item: Leftovers\n|-heal|p1a: Chesnaught|100\/100|[from] item: Leftovers\n|-damage|p2a: Corviknight|75\/100|[from] Leech Seed|[of] p1a: Chesnaught\n|upkeep\n|turn|27\n|\n|t:|1700803037\n|move|p2a: Corviknight|Iron Defense|p2a: Corviknight\n|-boost|p2a: Corviknight|def|0\n|move|p1a: Chesnaught|Iron Defense|p1a: Chesnaught\n|-boost|p1a: Chesnaught|def|0\n|\n|-heal|p2a: Corviknight|82\/100|[from] item: Leftovers\n|-damage|p2a: Corviknight|69\/100|[from] Leech Seed|[of] p1a: Chesnaught\n|upkeep\n|turn|28\n|\n|t:|1700803049\n|move|p2a: Corviknight|Iron Defense|p2a: Corviknight\n|-boost|p2a: Corviknight|def|0\n|move|p1a: Chesnaught|Iron Defense|p1a: Chesnaught\n|-boost|p1a: Chesnaught|def|0\n|\n|-heal|p2a: Corviknight|75\/100|[from] item: Leftovers\n|-damage|p2a: Corviknight|63\/100|[from] Leech Seed|[of] p1a: Chesnaught\n|upkeep\n|turn|29\n|inactive|Theimpactassault has 120 seconds left.\n|\n|t:|1700803082\n|move|p2a: Corviknight|Iron Defense|p2a: Corviknight\n|-boost|p2a: Corviknight|def|0\n|move|p1a: Chesnaught|Iron Defense|p1a: Chesnaught\n|-boost|p1a: Chesnaught|def|0\n|\n|-heal|p2a: Corviknight|69\/100|[from] item: Leftovers\n|-damage|p2a: Corviknight|57\/100|[from] Leech Seed|[of] p1a: Chesnaught\n|upkeep\n|turn|30\n|\n|t:|1700803094\n|move|p2a: Corviknight|Iron Defense|p2a: Corviknight\n|-boost|p2a: Corviknight|def|0\n|move|p1a: Chesnaught|Wood Hammer|p2a: Corviknight\n|-resisted|p2a: Corviknight\n|-activate|p2a: Corviknight|move: Substitute|[damage]\n|-damage|p1a: Chesnaught|99\/100|[from] Recoil|[of] p2a: Corviknight\n|\n|-heal|p2a: Corviknight|63\/100|[from] item: Leftovers\n|-heal|p1a: Chesnaught|100\/100|[from] item: Leftovers\n|-damage|p2a: Corviknight|50\/100|[from] Leech Seed|[of] p1a: Chesnaught\n|upkeep\n|turn|31\n|\n|t:|1700803105\n|move|p2a: Corviknight|Roost|p2a: Corviknight\n|-heal|p2a: Corviknight|100\/100\n|-singleturn|p2a: Corviknight|move: Roost\n|move|p1a: Chesnaught|Wood Hammer|p2a: Corviknight\n|-resisted|p2a: Corviknight\n|-activate|p2a: Corviknight|move: Substitute|[damage]\n|-damage|p1a: Chesnaught|99\/100|[from] Recoil|[of] p2a: Corviknight\n|\n|-heal|p1a: Chesnaught|100\/100|[from] item: Leftovers\n|-damage|p2a: Corviknight|88\/100|[from] Leech Seed|[of] p1a: Chesnaught\n|upkeep\n|turn|32\n|\n|t:|1700803115\n|move|p2a: Corviknight|Iron Defense|p2a: Corviknight\n|-boost|p2a: Corviknight|def|0\n|move|p1a: Chesnaught|Wood Hammer|p2a: Corviknight\n|-resisted|p2a: Corviknight\n|-activate|p2a: Corviknight|move: Substitute|[damage]\n|-damage|p1a: Chesnaught|99\/100|[from] Recoil|[of] p2a: Corviknight\n|\n|-heal|p2a: Corviknight|94\/100|[from] item: Leftovers\n|-heal|p1a: Chesnaught|100\/100|[from] item: Leftovers\n|-damage|p2a: Corviknight|82\/100|[from] Leech Seed|[of] p1a: Chesnaught\n|upkeep\n|turn|33\n|\n|t:|1700803128\n|move|p2a: Corviknight|Iron Defense|p2a: Corviknight\n|-boost|p2a: Corviknight|def|0\n|move|p1a: Chesnaught|Wood Hammer|p2a: Corviknight\n|-resisted|p2a: Corviknight\n|-activate|p2a: Corviknight|move: Substitute|[damage]\n|-damage|p1a: Chesnaught|99\/100|[from] Recoil|[of] p2a: Corviknight\n|\n|-heal|p2a: Corviknight|88\/100|[from] item: Leftovers\n|-heal|p1a: Chesnaught|100\/100|[from] item: Leftovers\n|-damage|p2a: Corviknight|75\/100|[from] Leech Seed|[of] p1a: Chesnaught\n|upkeep\n|turn|34\n|\n|t:|1700803135\n|move|p2a: Corviknight|Iron Defense|p2a: Corviknight\n|-boost|p2a: Corviknight|def|0\n|move|p1a: Chesnaught|Wood Hammer|p2a: Corviknight\n|-resisted|p2a: Corviknight\n|-activate|p2a: Corviknight|move: Substitute|[damage]\n|-damage|p1a: Chesnaught|99\/100|[from] Recoil|[of] p2a: Corviknight\n|\n|-heal|p2a: Corviknight|82\/100|[from] item: Leftovers\n|-heal|p1a: Chesnaught|100\/100|[from] item: Leftovers\n|-damage|p2a: Corviknight|69\/100|[from] Leech Seed|[of] p1a: Chesnaught\n|upkeep\n|turn|35\n|\n|t:|1700803147\n|switch|p2a: Clodsire|Clodsire, M|100\/100\n|move|p1a: Chesnaught|Leech Seed|p2a: Clodsire\n|-start|p2a: Clodsire|move: Leech Seed\n|\n|-damage|p2a: Clodsire|88\/100|[from] Leech Seed|[of] p1a: Chesnaught\n|upkeep\n|turn|36\n|\n|t:|1700803153\n|switch|p1a: Mamoswine|Mamoswine, M|100\/100\n|-damage|p1a: Mamoswine|88\/100|[from] Stealth Rock\n|move|p2a: Clodsire|Toxic|p1a: Mamoswine\n|-status|p1a: Mamoswine|tox\n|\n|-heal|p2a: Clodsire|94\/100|[from] item: Black Sludge\n|-damage|p2a: Clodsire|82\/100|[from] Leech Seed|[of] p1a: Mamoswine\n|-heal|p1a: Mamoswine|100\/100 tox|[silent]\n|-damage|p1a: Mamoswine|94\/100 tox|[from] psn\n|upkeep\n|turn|37\n|\n|t:|1700803156\n|switch|p2a: Forretress|Forretress, M|76\/100\n|move|p1a: Mamoswine|Trailblaze|p2a: Forretress\n|-resisted|p2a: Forretress\n|-damage|p2a: Forretress|73\/100\n|-boost|p1a: Mamoswine|spe|1\n|\n|-damage|p1a: Mamoswine|82\/100 tox|[from] psn\n|upkeep\n|turn|38\n|\n|t:|1700803159\n|move|p1a: Mamoswine|Earthquake|p2a: Forretress\n|-damage|p2a: Forretress|43\/100\n|move|p2a: Forretress|Body Press|p1a: Mamoswine\n|-supereffective|p1a: Mamoswine\n|-damage|p1a: Mamoswine|5\/100 tox\n|\n|-damage|p1a: Mamoswine|0 fnt|[from] psn\n|faint|p1a: Mamoswine\n|upkeep\n|\n|t:|1700803179\n|switch|p1a: SawMan|Ceruledge, M|100\/100\n|-damage|p1a: SawMan|76\/100|[from] Stealth Rock\n|turn|39\n|\n|t:|1700803184\n|switch|p2a: Arcanine|Arcanine-Hisui, F|100\/100\n|move|p1a: SawMan|Swords Dance|p1a: SawMan\n|-boost|p1a: SawMan|atk|2\n|\n|upkeep\n|turn|40\n|\n|t:|1700803190\n|switch|p1a: Chesnaught|Chesnaught, M, shiny|100\/100\n|-damage|p1a: Chesnaught|94\/100|[from] Stealth Rock\n|move|p2a: Arcanine|Head Smash|p1a: Chesnaught\n|-resisted|p1a: Chesnaught\n|-damage|p1a: Chesnaught|73\/100\n|\n|-heal|p1a: Chesnaught|79\/100|[from] item: Leftovers\n|upkeep\n|turn|41\n|\n|t:|1700803194\n|switch|p2a: Forretress|Forretress, M|43\/100\n|move|p1a: Chesnaught|Leech Seed|p2a: Forretress\n|-start|p2a: Forretress|move: Leech Seed\n|\n|-heal|p1a: Chesnaught|85\/100|[from] item: Leftovers\n|-damage|p2a: Forretress|31\/100|[from] Leech Seed|[of] p1a: Chesnaught\n|-heal|p1a: Chesnaught|96\/100|[silent]\n|upkeep\n|turn|42\n|\n|t:|1700803198\n|switch|p1a: SawMan|Ceruledge, M|76\/100\n|-damage|p1a: SawMan|51\/100|[from] Stealth Rock\n|move|p2a: Forretress|Rapid Spin|p1a: SawMan\n|-immune|p1a: SawMan\n|\n|-damage|p2a: Forretress|19\/100|[from] Leech Seed|[of] p1a: SawMan\n|-heal|p1a: SawMan|66\/100|[silent]\n|upkeep\n|turn|43\n|\n|t:|1700803204\n|move|p1a: SawMan|Swords Dance|p1a: SawMan\n|-boost|p1a: SawMan|atk|2\n|move|p2a: Forretress|Payback|p1a: SawMan\n|-supereffective|p1a: SawMan\n|-damage|p1a: SawMan|2\/100\n|-ability|p1a: SawMan|Weak Armor|boost\n|-unboost|p1a: SawMan|def|1\n|-boost|p1a: SawMan|spe|2\n|-enditem|p1a: SawMan|Weakness Policy\n|-boost|p1a: SawMan|atk|2|[from] item: Weakness Policy\n|-boost|p1a: SawMan|spa|2|[from] item: Weakness Policy\n|\n|-damage|p2a: Forretress|6\/100|[from] Leech Seed|[of] p1a: SawMan\n|-heal|p1a: SawMan|17\/100|[silent]\n|upkeep\n|turn|44\n|\n|t:|1700803210\n|move|p1a: SawMan|Bitter Blade|p2a: Forretress\n|-supereffective|p2a: Forretress\n|-damage|p2a: Forretress|0 fnt\n|-heal|p1a: SawMan|20\/100|[from] drain|[of] p2a: Forretress\n|faint|p2a: Forretress\n|\n|upkeep\n|\n|t:|1700803212\n|switch|p2a: Samurott|Samurott-Hisui, F, shiny|100\/100\n|turn|45\n|\n|t:|1700803221\n|move|p2a: Samurott|Aqua Jet|p1a: SawMan\n|-supereffective|p1a: SawMan\n|-damage|p1a: SawMan|0 fnt\n|faint|p1a: SawMan\n|\n|upkeep\n|\n|t:|1700803227\n|switch|p1a: Chesnaught|Chesnaught, M, shiny|96\/100\n|-damage|p1a: Chesnaught|90\/100|[from] Stealth Rock\n|turn|46\n|\n|t:|1700803231\n|switch|p2a: Clodsire|Clodsire, M|82\/100\n|move|p1a: Chesnaught|Leech Seed|p2a: Clodsire\n|-start|p2a: Clodsire|move: Leech Seed\n|\n|-heal|p1a: Chesnaught|96\/100|[from] item: Leftovers\n|-heal|p2a: Clodsire|88\/100|[from] item: Black Sludge\n|-damage|p2a: Clodsire|75\/100|[from] Leech Seed|[of] p1a: Chesnaught\n|-heal|p1a: Chesnaught|100\/100|[silent]\n|upkeep\n|turn|47\n|\n|t:|1700803240\n|switch|p1a: Iron Valiant|Iron Valiant|100\/100\n|-damage|p1a: Iron Valiant|94\/100|[from] Stealth Rock\n|-enditem|p1a: Iron Valiant|Booster Energy\n|-activate|p1a: Iron Valiant|ability: Quark Drive|[fromitem]\n|-start|p1a: Iron Valiant|quarkdrivespe\n|move|p2a: Clodsire|Toxic|p1a: Iron Valiant\n|-status|p1a: Iron Valiant|tox\n|\n|-heal|p2a: Clodsire|82\/100|[from] item: Black Sludge\n|-damage|p2a: Clodsire|69\/100|[from] Leech Seed|[of] p1a: Iron Valiant\n|-heal|p1a: Iron Valiant|100\/100 tox|[silent]\n|-damage|p1a: Iron Valiant|94\/100 tox|[from] psn\n|upkeep\n|turn|48\n|\n|t:|1700803245\n|switch|p2a: Corviknight|Corviknight, F|69\/100\n|-ability|p2a: Corviknight|Pressure\n|move|p1a: Iron Valiant|Calm Mind|p1a: Iron Valiant\n|-boost|p1a: Iron Valiant|spa|1\n|-boost|p1a: Iron Valiant|spd|1\n|\n|-heal|p2a: Corviknight|75\/100|[from] item: Leftovers\n|-damage|p1a: Iron Valiant|82\/100 tox|[from] psn\n|upkeep\n|turn|49\n|\n|t:|1700803249\n|move|p1a: Iron Valiant|Aura Sphere|p2a: Corviknight\n|-damage|p2a: Corviknight|26\/100\n|move|p2a: Corviknight|Body Press|p1a: Iron Valiant\n|-resisted|p1a: Iron Valiant\n|-damage|p1a: Iron Valiant|65\/100 tox\n|\n|-heal|p2a: Corviknight|32\/100|[from] item: Leftovers\n|-damage|p1a: Iron Valiant|46\/100 tox|[from] psn\n|upkeep\n|turn|50\n|\n|t:|1700803256\n|move|p1a: Iron Valiant|Aura Sphere|p2a: Corviknight\n|-damage|p2a: Corviknight|0 fnt\n|faint|p2a: Corviknight\n|\n|-damage|p1a: Iron Valiant|22\/100 tox|[from] psn\n|upkeep\n|\n|t:|1700803260\n|switch|p2a: Samurott|Samurott-Hisui, F, shiny|100\/100\n|turn|51\n|\n|t:|1700803265\n|-end|p1a: Iron Valiant|Quark Drive|[silent]\n|switch|p1a: Chesnaught|Chesnaught, M, shiny|100\/100\n|-damage|p1a: Chesnaught|94\/100|[from] Stealth Rock\n|move|p2a: Samurott|Aqua Jet|p1a: Chesnaught\n|-resisted|p1a: Chesnaught\n|-damage|p1a: Chesnaught|89\/100\n|\n|-heal|p1a: Chesnaught|95\/100|[from] item: Leftovers\n|upkeep\n|turn|52\n|\n|t:|1700803268\n|switch|p2a: Clodsire|Clodsire, M|69\/100\n|move|p1a: Chesnaught|Leech Seed|p2a: Clodsire\n|-start|p2a: Clodsire|move: Leech Seed\n|\n|-heal|p1a: Chesnaught|100\/100|[from] item: Leftovers\n|-heal|p2a: Clodsire|75\/100|[from] item: Black Sludge\n|-damage|p2a: Clodsire|63\/100|[from] Leech Seed|[of] p1a: Chesnaught\n|upkeep\n|turn|53\n|\n|t:|1700803274\n|move|p1a: Chesnaught|Iron Defense|p1a: Chesnaught\n|-boost|p1a: Chesnaught|def|2\n|move|p2a: Clodsire|Toxic|p1a: Chesnaught\n|-status|p1a: Chesnaught|tox\n|\n|-heal|p2a: Clodsire|69\/100|[from] item: Black Sludge\n|-damage|p2a: Clodsire|57\/100|[from] Leech Seed|[of] p1a: Chesnaught\n|-damage|p1a: Chesnaught|94\/100 tox|[from] psn\n|upkeep\n|turn|54\n|\n|t:|1700803285\n|switch|p1a: Iron Valiant|Iron Valiant|22\/100 tox\n|-damage|p1a: Iron Valiant|15\/100 tox|[from] Stealth Rock\n|switch|p2a: Samurott|Samurott-Hisui, F, shiny|100\/100\n|\n|-damage|p1a: Iron Valiant|9\/100 tox|[from] psn\n|upkeep\n|turn|55\n|\n|t:|1700803290\n|move|p2a: Samurott|Aqua Jet|p1a: Iron Valiant\n|-damage|p1a: Iron Valiant|0 fnt\n|faint|p1a: Iron Valiant\n|-end|p1a: Iron Valiant|Quark Drive|[silent]\n|\n|upkeep\n|\n|t:|1700803296\n|switch|p1a: Rotom|Rotom-Wash|100\/100\n|-damage|p1a: Rotom|88\/100|[from] Stealth Rock\n|turn|56\n|\n|t:|1700803302\n|switch|p2a: Clodsire|Clodsire, M|57\/100\n|move|p1a: Rotom|Will-O-Wisp|p2a: Clodsire\n|-status|p2a: Clodsire|brn\n|\n|-heal|p1a: Rotom|94\/100|[from] item: Leftovers\n|-heal|p2a: Clodsire|63\/100 brn|[from] item: Black Sludge\n|-damage|p2a: Clodsire|57\/100 brn|[from] brn\n|upkeep\n|turn|57\n|\n|t:|1700803307\n|switch|p1a: Chesnaught|Chesnaught, M, shiny|94\/100 tox\n|-damage|p1a: Chesnaught|88\/100 tox|[from] Stealth Rock\n|move|p2a: Clodsire|Recover|p2a: Clodsire\n|-heal|p2a: Clodsire|100\/100 brn\n|\n|-heal|p1a: Chesnaught|94\/100 tox|[from] item: Leftovers\n|-damage|p1a: Chesnaught|88\/100 tox|[from] psn\n|-damage|p2a: Clodsire|94\/100 brn|[from] brn\n|upkeep\n|turn|58\n|\n|t:|1700803313\n|switch|p2a: Arcanine|Arcanine-Hisui, F|100\/100\n|move|p1a: Chesnaught|Leech Seed|p2a: Arcanine\n|-start|p2a: Arcanine|move: Leech Seed\n|\n|-heal|p1a: Chesnaught|94\/100 tox|[from] item: Leftovers\n|-damage|p2a: Arcanine|88\/100|[from] Leech Seed|[of] p1a: Chesnaught\n|-heal|p1a: Chesnaught|100\/100 tox|[silent]\n|-damage|p1a: Chesnaught|88\/100 tox|[from] psn\n|upkeep\n|turn|59\n|\n|t:|1700803317\n|move|p2a: Arcanine|Head Smash|p1a: Chesnaught\n|-resisted|p1a: Chesnaught\n|-damage|p1a: Chesnaught|66\/100 tox\n|move|p1a: Chesnaught|Iron Defense|p1a: Chesnaught\n|-boost|p1a: Chesnaught|def|2\n|\n|-heal|p1a: Chesnaught|72\/100 tox|[from] item: Leftovers\n|-damage|p2a: Arcanine|76\/100|[from] Leech Seed|[of] p1a: Chesnaught\n|-heal|p1a: Chesnaught|83\/100 tox|[silent]\n|-damage|p1a: Chesnaught|64\/100 tox|[from] psn\n|upkeep\n|turn|60\n|\n|t:|1700803329\n|switch|p2a: Clodsire|Clodsire, M|94\/100 brn\n|move|p1a: Chesnaught|Iron Defense|p1a: Chesnaught\n|-boost|p1a: Chesnaught|def|2\n|\n|-heal|p1a: Chesnaught|70\/100 tox|[from] item: Leftovers\n|-heal|p2a: Clodsire|100\/100 brn|[from] item: Black Sludge\n|-damage|p1a: Chesnaught|46\/100 tox|[from] psn\n|-damage|p2a: Clodsire|94\/100 brn|[from] brn\n|upkeep\n|turn|61\n|\n|t:|1700803331\n|move|p1a: Chesnaught|Leech Seed|p2a: Clodsire\n|-start|p2a: Clodsire|move: Leech Seed\n|move|p2a: Clodsire|Toxic|p1a: Chesnaught\n|-fail|p1a: Chesnaught|tox\n|\n|-heal|p1a: Chesnaught|52\/100 tox|[from] item: Leftovers\n|-heal|p2a: Clodsire|100\/100 brn|[from] item: Black Sludge\n|-damage|p2a: Clodsire|88\/100 brn|[from] Leech Seed|[of] p1a: Chesnaught\n|-heal|p1a: Chesnaught|68\/100 tox|[silent]\n|-damage|p1a: Chesnaught|37\/100 tox|[from] psn\n|-damage|p2a: Clodsire|82\/100 brn|[from] brn\n|upkeep\n|turn|62\n|\n|t:|1700803334\n|move|p1a: Chesnaught|Leech Seed||[still]\n|-fail|p1a: Chesnaught\n|move|p2a: Clodsire|Toxic|p1a: Chesnaught\n|-fail|p1a: Chesnaught|tox\n|\n|-heal|p1a: Chesnaught|43\/100 tox|[from] item: Leftovers\n|-heal|p2a: Clodsire|88\/100 brn|[from] item: Black Sludge\n|-damage|p2a: Clodsire|75\/100 brn|[from] Leech Seed|[of] p1a: Chesnaught\n|-heal|p1a: Chesnaught|59\/100 tox|[silent]\n|-damage|p1a: Chesnaught|22\/100 tox|[from] psn\n|-damage|p2a: Clodsire|69\/100 brn|[from] brn\n|upkeep\n|turn|63\n|\n|t:|1700803337\n|move|p1a: Chesnaught|Iron Defense|p1a: Chesnaught\n|-boost|p1a: Chesnaught|def|2\n|move|p2a: Clodsire|Toxic|p1a: Chesnaught\n|-fail|p1a: Chesnaught|tox\n|\n|-heal|p1a: Chesnaught|28\/100 tox|[from] item: Leftovers\n|-heal|p2a: Clodsire|75\/100 brn|[from] item: Black Sludge\n|-damage|p2a: Clodsire|63\/100 brn|[from] Leech Seed|[of] p1a: Chesnaught\n|-heal|p1a: Chesnaught|44\/100 tox|[silent]\n|-damage|p1a: Chesnaught|1\/100 tox|[from] psn\n|-damage|p2a: Clodsire|57\/100 brn|[from] brn\n|upkeep\n|turn|64\n|\n|t:|1700803342\n|-terastallize|p1a: Chesnaught|Ghost\n|move|p1a: Chesnaught|Iron Defense|p1a: Chesnaught\n|-boost|p1a: Chesnaught|def|0\n|move|p2a: Clodsire|Recover|p2a: Clodsire\n|-heal|p2a: Clodsire|100\/100 brn\n|\n|-heal|p1a: Chesnaught|7\/100 tox|[from] item: Leftovers\n|-damage|p2a: Clodsire|88\/100 brn|[from] Leech Seed|[of] p1a: Chesnaught\n|-heal|p1a: Chesnaught|23\/100 tox|[silent]\n|-damage|p1a: Chesnaught|0 fnt|[from] psn\n|faint|p1a: Chesnaught\n|-damage|p2a: Clodsire|82\/100 brn|[from] brn\n|upkeep\n|\n|t:|1700803354\n|switch|p1a: Greninja|Greninja, M|100\/100\n|-damage|p1a: Greninja|88\/100|[from] Stealth Rock\n|turn|65\n|\n|t:|1700803358\n|move|p1a: Greninja|Dark Pulse|p2a: Clodsire\n|-damage|p2a: Clodsire|57\/100 brn\n|-damage|p1a: Greninja|78\/100|[from] item: Life Orb\n|move|p2a: Clodsire|Toxic|p1a: Greninja\n|-status|p1a: Greninja|tox\n|\n|-heal|p2a: Clodsire|63\/100 brn|[from] item: Black Sludge\n|-damage|p2a: Clodsire|50\/100 brn|[from] Leech Seed|[of] p1a: Greninja\n|-heal|p1a: Greninja|99\/100 tox|[silent]\n|-damage|p1a: Greninja|93\/100 tox|[from] psn\n|-damage|p2a: Clodsire|44\/100 brn|[from] brn\n|upkeep\n|turn|66\n|\n|t:|1700803364\n|switch|p2a: Samurott|Samurott-Hisui, F, shiny|100\/100\n|move|p1a: Greninja|Dark Pulse|p2a: Samurott\n|-resisted|p2a: Samurott\n|-damage|p2a: Samurott|65\/100\n|-damage|p1a: Greninja|83\/100 tox|[from] item: Life Orb\n|\n|-heal|p2a: Samurott|72\/100|[from] item: Leftovers\n|-damage|p1a: Greninja|71\/100 tox|[from] psn\n|upkeep\n|turn|67\n|\n|t:|1700803369\n|move|p1a: Greninja|Dark Pulse|p2a: Samurott\n|-resisted|p2a: Samurott\n|-damage|p2a: Samurott|38\/100\n|-damage|p1a: Greninja|61\/100 tox|[from] item: Life Orb\n|move|p2a: Samurott|Swords Dance|p2a: Samurott\n|-boost|p2a: Samurott|atk|2\n|\n|-heal|p2a: Samurott|44\/100|[from] item: Leftovers\n|-damage|p1a: Greninja|44\/100 tox|[from] psn\n|upkeep\n|turn|68\n|\n|t:|1700803376\n|-terastallize|p2a: Samurott|Water\n|move|p2a: Samurott|Aqua Jet|p1a: Greninja\n|-resisted|p1a: Greninja\n|-damage|p1a: Greninja|5\/100 tox\n|move|p1a: Greninja|Dark Pulse|p2a: Samurott\n|-damage|p2a: Samurott|0 fnt\n|faint|p2a: Samurott\n|-ability|p1a: Greninja|Battle Bond|boost\n|-boost|p1a: Greninja|atk|1\n|-boost|p1a: Greninja|spa|1\n|-boost|p1a: Greninja|spe|1\n|-activate|p1a: Greninja|ability: Battle Bond\n|-damage|p1a: Greninja|0 fnt|[from] item: Life Orb\n|faint|p1a: Greninja\n|\n|upkeep\n|\n|t:|1700803383\n|switch|p1a: Rotom|Rotom-Wash|94\/100\n|switch|p2a: Arcanine|Arcanine-Hisui, F|76\/100\n|-damage|p1a: Rotom|82\/100|[from] Stealth Rock\n|turn|69\n|c|\u2606CosmicPenguin077|Gg\n|-message|CosmicPenguin077 forfeited.\n|\n|win|Theimpactassault\n|raw|CosmicPenguin077's rating: 1451 &rarr; <strong>1435<\/strong><br \/>(-16 for losing)\n|raw|Theimpactassault's rating: 1526 &rarr; <strong>1542<\/strong><br \/>(+16 for winning)\n","uploadtime":1700803405,"views":13,"p1id":"cosmicpenguin077","p2id":"theimpactassault","formatid":"gen9ou","rating":1435,"private":0,"password":""}