{"id":"gen9ou-1991868456","p1":"johaxxxo","p2":"Diatere","format":"[Gen 9] OU","log":"|j|\u2606johaxxxo\n|j|\u2606Diatere\n|t:|1700131066\n|gametype|singles\n|player|p1|johaxxxo|pokekid|1290\n|player|p2|Diatere|mina|1318\n|teamsize|p1|6\n|teamsize|p2|6\n|gen|9\n|tier|[Gen 9] OU\n|rated|\n|rule|Sleep Clause Mod: Limit one foe put to sleep\n|rule|Species Clause: Limit one of each Pok\u00e9mon\n|rule|OHKO Clause: OHKO moves are banned\n|rule|Evasion Items Clause: Evasion items are banned\n|rule|Evasion Moves Clause: Evasion moves are banned\n|rule|Endless Battle Clause: Forcing endless battles is banned\n|rule|HP Percentage Mod: HP is shown in percentages\n|clearpoke\n|poke|p1|Pelipper, M|\n|poke|p1|Amoonguss, F|\n|poke|p1|Kingambit, M|\n|poke|p1|Basculegion, M|\n|poke|p1|Iron Treads|\n|poke|p1|Manaphy|\n|poke|p2|Ninetales-Alola, M|\n|poke|p2|Sneasler, M|\n|poke|p2|Hatterene, F|\n|poke|p2|Manaphy|\n|poke|p2|Ogerpon-Cornerstone, F|\n|poke|p2|Rillaboom, M|\n|teampreview\n|inactive|Battle timer is ON: inactive players will automatically lose when time's up. (requested by johaxxxo)\n|\n|t:|1700131083\n|start\n|switch|p1a: Marga|Pelipper, M|100\/100\n|switch|p2a: Tavros|Ninetales-Alola, M|100\/100\n|-weather|Snow|[from] ability: Snow Warning|[of] p2a: Tavros\n|-weather|RainDance|[from] ability: Drizzle|[of] p1a: Marga\n|turn|1\n|\n|t:|1700131090\n|switch|p1a: Miguel|Iron Treads|100\/100\n|move|p2a: Tavros|Freeze-Dry|p1a: Miguel\n|-damage|p1a: Miguel|75\/100\n|\n|-weather|RainDance|[upkeep]\n|-heal|p1a: Miguel|81\/100|[from] item: Leftovers\n|upkeep\n|turn|2\n|\n|t:|1700131105\n|switch|p2a: Gamzee|Rillaboom, M|100\/100\n|-fieldstart|move: Grassy Terrain|[from] ability: Grassy Surge|[of] p2a: Gamzee\n|move|p1a: Miguel|Knock Off|p2a: Gamzee\n|-damage|p2a: Gamzee|75\/100\n|-enditem|p2a: Gamzee|Choice Band|[from] move: Knock Off|[of] p1a: Miguel\n|\n|-weather|RainDance|[upkeep]\n|-heal|p1a: Miguel|87\/100|[from] Grassy Terrain\n|-heal|p1a: Miguel|93\/100|[from] item: Leftovers\n|-heal|p2a: Gamzee|81\/100|[from] Grassy Terrain\n|upkeep\n|turn|3\n|\n|t:|1700131129\n|-end|p1a: Miguel|Quark Drive|[silent]\n|switch|p1a: Marga|Pelipper, M|100\/100\n|move|p2a: Gamzee|U-turn|p1a: Marga\n|-resisted|p1a: Marga\n|-damage|p1a: Marga|92\/100\n|\n|t:|1700131133\n|switch|p2a: Tavros|Ninetales-Alola, M|100\/100|[from] U-turn\n|-weather|Snow|[from] ability: Snow Warning|[of] p2a: Tavros\n|\n|-weather|Snow|[upkeep]\n|upkeep\n|turn|4\n|\n|t:|1700131145\n|switch|p1a: Miguel|Iron Treads|93\/100\n|move|p2a: Tavros|Aurora Veil|p2a: Tavros\n|-sidestart|p2: Diatere|move: Aurora Veil\n|\n|-weather|Snow|[upkeep]\n|-heal|p1a: Miguel|99\/100|[from] Grassy Terrain\n|-heal|p1a: Miguel|100\/100|[from] item: Leftovers\n|upkeep\n|turn|5\n|\n|t:|1700131151\n|switch|p2a: Karkat|Sneasler, M|100\/100\n|-enditem|p2a: Karkat|Grassy Seed\n|-boost|p2a: Karkat|def|1|[from] item: Grassy Seed\n|move|p1a: Miguel|Stealth Rock|p2a: Karkat\n|-sidestart|p2: Diatere|move: Stealth Rock\n|\n|-weather|Snow|[upkeep]\n|upkeep\n|turn|6\n|\n|t:|1700131159\n|-end|p1a: Miguel|Quark Drive|[silent]\n|switch|p1a: Marga|Pelipper, M|92\/100\n|-weather|RainDance|[from] ability: Drizzle|[of] p1a: Marga\n|-terastallize|p2a: Karkat|Flying\n|move|p2a: Karkat|Swords Dance|p2a: Karkat\n|-boost|p2a: Karkat|atk|2\n|\n|-weather|RainDance|[upkeep]\n|-fieldend|move: Grassy Terrain\n|upkeep\n|turn|7\n|\n|t:|1700131189\n|switch|p1a: Miguel|Iron Treads|100\/100\n|move|p2a: Karkat|Acrobatics|p1a: Miguel\n|-resisted|p1a: Miguel\n|-damage|p1a: Miguel|50\/100\n|\n|-weather|RainDance|[upkeep]\n|-heal|p1a: Miguel|56\/100|[from] item: Leftovers\n|upkeep\n|turn|8\n|\n|t:|1700131199\n|move|p2a: Karkat|Close Combat|p1a: Miguel\n|-supereffective|p1a: Miguel\n|-crit|p1a: Miguel\n|-damage|p1a: Miguel|0 fnt\n|-unboost|p2a: Karkat|def|1\n|-unboost|p2a: Karkat|spd|1\n|faint|p1a: Miguel\n|-end|p1a: Miguel|Quark Drive|[silent]\n|\n|-weather|RainDance|[upkeep]\n|upkeep\n|inactive|johaxxxo has 120 seconds left.\n|\n|t:|1700131220\n|switch|p1a: Lydia|Manaphy, shiny|100\/100\n|turn|9\n|\n|t:|1700131228\n|move|p2a: Karkat|Dire Claw|p1a: Lydia\n|-damage|p1a: Lydia|12\/100\n|move|p1a: Lydia|Surf|p2a: Karkat\n|-damage|p2a: Karkat|42\/100\n|\n|-weather|RainDance|[upkeep]\n|-heal|p1a: Lydia|18\/100|[from] item: Leftovers\n|upkeep\n|turn|10\n|\n|t:|1700131241\n|move|p2a: Karkat|Dire Claw|p1a: Lydia\n|-damage|p1a: Lydia|0 fnt\n|faint|p1a: Lydia\n|\n|-weather|RainDance|[upkeep]\n|upkeep\n|\n|t:|1700131250\n|switch|p1a: Carlos|Kingambit, M, shiny|100\/100\n|-activate|p1a: Carlos|ability: Supreme Overlord\n|-start|p1a: Carlos|fallen2|[silent]\n|turn|11\n|inactive|johaxxxo has 120 seconds left.\n|\n|t:|1700131267\n|-terastallize|p1a: Carlos|Flying\n|move|p2a: Karkat|Close Combat|p1a: Carlos\n|-resisted|p1a: Carlos\n|-damage|p1a: Carlos|47\/100\n|-unboost|p2a: Karkat|def|1\n|-unboost|p2a: Karkat|spd|1\n|move|p1a: Carlos|Kowtow Cleave|p2a: Karkat\n|-damage|p2a: Karkat|0 fnt\n|faint|p2a: Karkat\n|\n|-weather|RainDance|[upkeep]\n|-heal|p1a: Carlos|53\/100|[from] item: Leftovers\n|-sideend|p2: Diatere|move: Aurora Veil\n|upkeep\n|\n|t:|1700131291\n|switch|p2a: Tavros|Ninetales-Alola, M|100\/100\n|-damage|p2a: Tavros|76\/100|[from] Stealth Rock\n|-weather|Snow|[from] ability: Snow Warning|[of] p2a: Tavros\n|turn|12\n|\n|t:|1700131298\n|move|p2a: Tavros|Freeze-Dry|p1a: Carlos\n|-supereffective|p1a: Carlos\n|-damage|p1a: Carlos|5\/100\n|move|p1a: Carlos|Iron Head|p2a: Tavros\n|-supereffective|p2a: Tavros\n|-damage|p2a: Tavros|0 fnt\n|faint|p2a: Tavros\n|\n|-weather|Snow|[upkeep]\n|-heal|p1a: Carlos|11\/100|[from] item: Leftovers\n|upkeep\n|\n|t:|1700131306\n|switch|p2a: Gamzee|Rillaboom, M|81\/100\n|-damage|p2a: Gamzee|69\/100|[from] Stealth Rock\n|-fieldstart|move: Grassy Terrain|[from] ability: Grassy Surge|[of] p2a: Gamzee\n|turn|13\n|\n|t:|1700131314\n|-end|p1a: Carlos|fallen2|[silent]\n|switch|p1a: Carmen|Amoonguss, F, shiny|100\/100\n|move|p2a: Gamzee|Knock Off|p1a: Carmen\n|-crit|p1a: Carmen\n|-damage|p1a: Carmen|61\/100\n|-enditem|p1a: Carmen|Eject Button|[from] move: Knock Off|[of] p2a: Gamzee\n|\n|-weather|Snow|[upkeep]\n|-heal|p2a: Gamzee|75\/100|[from] Grassy Terrain\n|-heal|p1a: Carmen|67\/100|[from] Grassy Terrain\n|upkeep\n|turn|14\n|\n|t:|1700131324\n|move|p2a: Gamzee|U-turn|p1a: Carmen\n|-damage|p1a: Carmen|50\/100\n|\n|t:|1700131330\n|switch|p2a: Kanaya|Hatterene, F|100\/100|[from] U-turn\n|-damage|p2a: Kanaya|88\/100|[from] Stealth Rock\n|-enditem|p2a: Kanaya|Grassy Seed\n|-boost|p2a: Kanaya|def|1|[from] item: Grassy Seed\n|move|p1a: Carmen|Sludge Bomb|p2a: Kanaya\n|-supereffective|p2a: Kanaya\n|-damage|p2a: Kanaya|31\/100\n|\n|-weather|Snow|[upkeep]\n|-heal|p2a: Kanaya|37\/100|[from] Grassy Terrain\n|-heal|p1a: Carmen|56\/100|[from] Grassy Terrain\n|upkeep\n|turn|15\n|\n|t:|1700131341\n|switch|p1a: Marga|Pelipper, M|92\/100\n|-weather|RainDance|[from] ability: Drizzle|[of] p1a: Marga\n|move|p2a: Kanaya|Mystical Fire|p1a: Marga\n|-resisted|p1a: Marga\n|-damage|p1a: Marga|85\/100\n|-unboost|p1a: Marga|spa|1\n|\n|-weather|RainDance|[upkeep]\n|-heal|p2a: Kanaya|43\/100|[from] Grassy Terrain\n|upkeep\n|turn|16\n|\n|t:|1700131347\n|move|p1a: Marga|U-turn|p2a: Kanaya\n|-damage|p2a: Kanaya|38\/100\n|\n|t:|1700131352\n|switch|p1a: Carlos|Kingambit, M, shiny, tera:Flying|11\/100|[from] U-turn\n|-activate|p1a: Carlos|ability: Supreme Overlord\n|-start|p1a: Carlos|fallen2|[silent]\n|move|p2a: Kanaya|Calm Mind|p2a: Kanaya\n|-boost|p2a: Kanaya|spa|1\n|-boost|p2a: Kanaya|spd|1\n|\n|-weather|RainDance|[upkeep]\n|-heal|p1a: Carlos|17\/100|[from] item: Leftovers\n|-heal|p2a: Kanaya|44\/100|[from] Grassy Terrain\n|upkeep\n|turn|17\n|\n|t:|1700131360\n|move|p1a: Carlos|Iron Head|p2a: Kanaya\n|-supereffective|p2a: Kanaya\n|-damage|p2a: Kanaya|0 fnt\n|faint|p2a: Kanaya\n|\n|-weather|RainDance|[upkeep]\n|-heal|p1a: Carlos|24\/100|[from] item: Leftovers\n|-fieldend|move: Grassy Terrain\n|upkeep\n|\n|t:|1700131374\n|switch|p2a: Terezi|Manaphy|100\/100\n|-damage|p2a: Terezi|88\/100|[from] Stealth Rock\n|turn|18\n|\n|t:|1700131382\n|move|p2a: Terezi|Acid Armor|p2a: Terezi\n|-boost|p2a: Terezi|def|2\n|move|p1a: Carlos|Kowtow Cleave|p2a: Terezi\n|-damage|p2a: Terezi|64\/100\n|\n|-weather|RainDance|[upkeep]\n|-heal|p2a: Terezi|70\/100|[from] item: Leftovers\n|-heal|p1a: Carlos|30\/100|[from] item: Leftovers\n|upkeep\n|turn|19\n|\n|t:|1700131389\n|-end|p1a: Carlos|fallen2|[silent]\n|switch|p1a: Marga|Pelipper, M|85\/100\n|move|p2a: Terezi|Take Heart|p2a: Terezi\n|-boost|p2a: Terezi|spa|1\n|-boost|p2a: Terezi|spd|1\n|\n|-weather|RainDance|[upkeep]\n|-heal|p2a: Terezi|76\/100|[from] item: Leftovers\n|upkeep\n|turn|20\n|\n|t:|1700131395\n|move|p2a: Terezi|Take Heart|p2a: Terezi\n|-boost|p2a: Terezi|spa|1\n|-boost|p2a: Terezi|spd|1\n|move|p1a: Marga|Hurricane|p2a: Terezi\n|-crit|p2a: Terezi\n|-damage|p2a: Terezi|33\/100\n|\n|-weather|RainDance|[upkeep]\n|-heal|p2a: Terezi|39\/100|[from] item: Leftovers\n|upkeep\n|turn|21\n|\n|t:|1700131401\n|move|p2a: Terezi|Stored Power|p1a: Marga\n|-damage|p1a: Marga|0 fnt\n|faint|p1a: Marga\n|\n|-weather|RainDance|[upkeep]\n|-heal|p2a: Terezi|45\/100|[from] item: Leftovers\n|upkeep\n|\n|t:|1700131410\n|switch|p1a: Carmen|Amoonguss, F, shiny|90\/100\n|turn|22\n|\n|t:|1700131416\n|move|p2a: Terezi|Stored Power|p1a: Carmen\n|-supereffective|p1a: Carmen\n|-damage|p1a: Carmen|0 fnt\n|faint|p1a: Carmen\n|\n|-weather|none\n|-heal|p2a: Terezi|51\/100|[from] item: Leftovers\n|upkeep\n|\n|t:|1700131421\n|switch|p1a: Carlos|Kingambit, M, shiny, tera:Flying|30\/100\n|-activate|p1a: Carlos|ability: Supreme Overlord\n|-start|p1a: Carlos|fallen4|[silent]\n|turn|23\n|\n|t:|1700131428\n|move|p2a: Terezi|Stored Power|p1a: Carlos\n|-damage|p1a: Carlos|0 fnt\n|faint|p1a: Carlos\n|-end|p1a: Carlos|fallen4|[silent]\n|\n|-heal|p2a: Terezi|57\/100|[from] item: Leftovers\n|upkeep\n|\n|t:|1700131430\n|switch|p1a: Franscisco|Basculegion, M, shiny|100\/100\n|turn|24\n|-message|johaxxxo forfeited.\n|\n|win|Diatere\n|raw|johaxxxo's rating: 1290 &rarr; <strong>1267<\/strong><br \/>(-23 for losing)\n|raw|Diatere's rating: 1318 &rarr; <strong>1336<\/strong><br \/>(+18 for winning)\n|l|\u2606johaxxxo\n","uploadtime":1700131457,"views":11,"p1id":"johaxxxo","p2id":"diatere","formatid":"gen9ou","rating":1267,"private":0,"password":""}