{"id":"gen9ou-1988316673","p1":"JJALEGEND","p2":"DuckBuster135","format":"[Gen 9] OU","log":"|j|\u2606JJALEGEND\n|j|\u2606DuckBuster135\n|t:|1699707365\n|gametype|singles\n|player|p1|JJALEGEND|lyra|1075\n|player|p2|DuckBuster135|youngster-gen4dp|1095\n|teamsize|p1|6\n|teamsize|p2|6\n|gen|9\n|tier|[Gen 9] OU\n|rated|\n|rule|Sleep Clause Mod: Limit one foe put to sleep\n|rule|Species Clause: Limit one of each Pok\u00e9mon\n|rule|OHKO Clause: OHKO moves are banned\n|rule|Evasion Items Clause: Evasion items are banned\n|rule|Evasion Moves Clause: Evasion moves are banned\n|rule|Endless Battle Clause: Forcing endless battles is banned\n|rule|HP Percentage Mod: HP is shown in percentages\n|clearpoke\n|poke|p1|Gogoat, M|\n|poke|p1|Venomoth, F|\n|poke|p1|Lurantis, M|\n|poke|p1|Azumarill, M|\n|poke|p1|Mimikyu, M|\n|poke|p1|Mudsdale, M|\n|poke|p2|Gholdengo|\n|poke|p2|Glimmora, M|\n|poke|p2|Gliscor, M|\n|poke|p2|Ribombee, F|\n|poke|p2|Samurott-Hisui, M|\n|poke|p2|Hatterene, F|\n|teampreview\n|inactive|Battle timer is ON: inactive players will automatically lose when time's up. (requested by DuckBuster135)\n|\n|t:|1699707371\n|start\n|switch|p1a: Mimikyu|Mimikyu, M|100\/100\n|switch|p2a: Ribombee|Ribombee, F|100\/100\n|turn|1\n|\n|t:|1699707378\n|move|p2a: Ribombee|Sticky Web|p1a: Mimikyu\n|-sidestart|p1: JJALEGEND|move: Sticky Web\n|move|p1a: Mimikyu|Swords Dance|p1a: Mimikyu\n|-boost|p1a: Mimikyu|atk|2\n|\n|upkeep\n|turn|2\n|\n|t:|1699707384\n|move|p2a: Ribombee|Moonblast|p1a: Mimikyu\n|-activate|p1a: Mimikyu|ability: Disguise\n|-damage|p1a: Mimikyu|100\/100\n|detailschange|p1a: Mimikyu|Mimikyu-Busted, M\n|-damage|p1a: Mimikyu|88\/100|[from] pokemon: Mimikyu-Busted\n|move|p1a: Mimikyu|Swords Dance|p1a: Mimikyu\n|-boost|p1a: Mimikyu|atk|2\n|\n|upkeep\n|turn|3\n|\n|t:|1699707406\n|move|p1a: Mimikyu|Shadow Sneak|p2a: Ribombee\n|-enditem|p2a: Ribombee|Focus Sash\n|-damage|p2a: Ribombee|1\/100\n|-damage|p1a: Mimikyu|78\/100|[from] item: Life Orb\n|move|p2a: Ribombee|Stun Spore|p1a: Mimikyu|[miss]\n|-miss|p2a: Ribombee|p1a: Mimikyu\n|\n|upkeep\n|turn|4\n|\n|t:|1699707416\n|move|p1a: Mimikyu|Shadow Sneak|p2a: Ribombee\n|-damage|p2a: Ribombee|0 fnt\n|faint|p2a: Ribombee\n|-damage|p1a: Mimikyu|68\/100|[from] item: Life Orb\n|\n|upkeep\n|\n|t:|1699707419\n|switch|p2a: Glimmora|Glimmora, M|100\/100\n|turn|5\n|\n|t:|1699707424\n|move|p1a: Mimikyu|Drain Punch|p2a: Glimmora\n|-damage|p2a: Glimmora|25\/100\n|-heal|p1a: Mimikyu|100\/100|[from] drain|[of] p2a: Glimmora\n|-activate|p2a: Glimmora|ability: Toxic Debris\n|-sidestart|p1: JJALEGEND|move: Toxic Spikes\n|-damage|p1a: Mimikyu|91\/100|[from] item: Life Orb\n|move|p2a: Glimmora|Stealth Rock|p1a: Mimikyu\n|-sidestart|p1: JJALEGEND|move: Stealth Rock\n|\n|upkeep\n|turn|6\n|\n|t:|1699707429\n|move|p1a: Mimikyu|Drain Punch|p2a: Glimmora\n|-damage|p2a: Glimmora|0 fnt\n|-heal|p1a: Mimikyu|100\/100|[from] drain|[of] p2a: Glimmora\n|-activate|p2a: Glimmora|ability: Toxic Debris\n|-sidestart|p1: JJALEGEND|move: Toxic Spikes\n|faint|p2a: Glimmora\n|-damage|p1a: Mimikyu|91\/100|[from] item: Life Orb\n|\n|upkeep\n|\n|t:|1699707435\n|switch|p2a: Samurott|Samurott-Hisui, M|100\/100\n|turn|7\n|\n|t:|1699707439\n|-terastallize|p2a: Samurott|Water\n|move|p2a: Samurott|Razor Shell|p1a: Mimikyu|[miss]\n|-miss|p2a: Samurott|p1a: Mimikyu\n|move|p1a: Mimikyu|Play Rough|p2a: Samurott\n|-damage|p2a: Samurott|0 fnt\n|faint|p2a: Samurott\n|-damage|p1a: Mimikyu|81\/100|[from] item: Life Orb\n|\n|upkeep\n|\n|t:|1699707446\n|switch|p2a: Gliscor|Gliscor, M|100\/100\n|turn|8\n|\n|t:|1699707449\n|move|p1a: Mimikyu|Shadow Sneak|p2a: Gliscor\n|-damage|p2a: Gliscor|66\/100\n|-damage|p1a: Mimikyu|71\/100|[from] item: Life Orb\n|move|p2a: Gliscor|Toxic|p1a: Mimikyu\n|-status|p1a: Mimikyu|tox\n|\n|-damage|p1a: Mimikyu|65\/100 tox|[from] psn\n|-status|p2a: Gliscor|tox|[from] item: Toxic Orb\n|upkeep\n|turn|9\n|\n|t:|1699707457\n|move|p2a: Gliscor|Protect|p2a: Gliscor\n|-singleturn|p2a: Gliscor|Protect\n|move|p1a: Mimikyu|Shadow Sneak|p2a: Gliscor\n|-activate|p2a: Gliscor|move: Protect\n|\n|-damage|p1a: Mimikyu|53\/100 tox|[from] psn\n|-heal|p2a: Gliscor|78\/100 tox|[from] ability: Poison Heal\n|upkeep\n|turn|10\n|\n|t:|1699707462\n|move|p1a: Mimikyu|Play Rough|p2a: Gliscor\n|-damage|p2a: Gliscor|0 fnt\n|faint|p2a: Gliscor\n|-damage|p1a: Mimikyu|43\/100 tox|[from] item: Life Orb\n|\n|-damage|p1a: Mimikyu|25\/100 tox|[from] psn\n|upkeep\n|\n|t:|1699707467\n|switch|p2a: Gholdengo|Gholdengo|100\/100\n|turn|11\n|\n|t:|1699707469\n|move|p1a: Mimikyu|Shadow Sneak|p2a: Gholdengo\n|-supereffective|p2a: Gholdengo\n|-damage|p2a: Gholdengo|0 fnt\n|faint|p2a: Gholdengo\n|-damage|p1a: Mimikyu|15\/100 tox|[from] item: Life Orb\n|\n|-damage|p1a: Mimikyu|0 fnt|[from] psn\n|faint|p1a: Mimikyu\n|upkeep\n|\n|t:|1699707475\n|switch|p1a: Venomoth|Venomoth, F|100\/100\n|switch|p2a: Hatterene|Hatterene, F|100\/100\n|-activate|p1a: Venomoth|move: Sticky Web\n|-unboost|p1a: Venomoth|spe|1\n|-sideend|p1: JJALEGEND|move: Toxic Spikes|[of] p1a: Venomoth\n|-damage|p1a: Venomoth|76\/100|[from] Stealth Rock\n|turn|12\n|-message|DuckBuster135 forfeited.\n|\n|win|JJALEGEND\n|raw|JJALEGEND's rating: 1075 &rarr; <strong>1105<\/strong><br \/>(+30 for winning)\n|raw|DuckBuster135's rating: 1095 &rarr; <strong>1069<\/strong><br \/>(-26 for losing)\n|l|\u2606DuckBuster135\n|c|\u2606JJALEGEND|Gg\n","uploadtime":1699707488,"views":20,"p1id":"jjalegend","p2id":"duckbuster135","formatid":"gen9ou","rating":1069,"private":0,"password":""}