{"id":"gen9ou-2000489938","p1":"pelukas","p2":"byKaitoKid","format":"[Gen 9] OU","log":"|j|\u2606pelukas\n|j|\u2606byKaitoKid\n|t:|1701199162\n|gametype|singles\n|player|p1|pelukas|grimsley|\n|player|p2|byKaitoKid|riley|\n|teamsize|p1|6\n|teamsize|p2|6\n|gen|9\n|tier|[Gen 9] OU\n|rule|Sleep Clause Mod: Limit one foe put to sleep\n|rule|Species Clause: Limit one of each Pok\u00e9mon\n|rule|OHKO Clause: OHKO moves are banned\n|rule|Evasion Items Clause: Evasion items are banned\n|rule|Evasion Moves Clause: Evasion moves are banned\n|rule|Endless Battle Clause: Forcing endless battles is banned\n|rule|HP Percentage Mod: HP is shown in percentages\n|clearpoke\n|poke|p1|Hoopa-Unbound|\n|poke|p1|Hydreigon, M|\n|poke|p1|Moltres-Galar|\n|poke|p1|Ting-Lu|\n|poke|p1|Qwilfish-Hisui, M|\n|poke|p1|Meowscarada, F|\n|poke|p2|Garchomp, F|\n|poke|p2|Lokix, F|\n|poke|p2|Zapdos|\n|poke|p2|Rotom-Wash|\n|poke|p2|Forretress, M|\n|poke|p2|Cresselia, F|\n|teampreview\n|inactive|Battle timer is ON: inactive players will automatically lose when time's up. (requested by pelukas)\n|\n|t:|1701199176\n|start\n|switch|p1a: Meowscarada|Meowscarada, F|100\/100\n|switch|p2a: Rotom|Rotom-Wash|100\/100\n|turn|1\n|\n|t:|1701199186\n|switch|p2a: Forretress|Forretress, M|100\/100\n|move|p1a: Meowscarada|U-turn|p2a: Forretress\n|-start|p1a: Meowscarada|typechange|Bug|[from] ability: Protean\n|-resisted|p2a: Forretress\n|-damage|p2a: Forretress|92\/100\n|-damage|p1a: Meowscarada|84\/100|[from] item: Rocky Helmet|[of] p2a: Forretress\n|\n|t:|1701199194\n|switch|p1a: Hydreigon|Hydreigon, M, shiny|100\/100|[from] U-turn\n|\n|upkeep\n|turn|2\n|\n|t:|1701199199\n|move|p1a: Hydreigon|Nasty Plot|p1a: Hydreigon\n|-boost|p1a: Hydreigon|spa|2\n|move|p2a: Forretress|Body Press|p1a: Hydreigon\n|-supereffective|p1a: Hydreigon\n|-damage|p1a: Hydreigon|32\/100\n|\n|-heal|p1a: Hydreigon|38\/100|[from] item: Leftovers\n|upkeep\n|turn|3\n|\n|t:|1701199207\n|move|p1a: Hydreigon|Flamethrower|p2a: Forretress\n|-supereffective|p2a: Forretress\n|-damage|p2a: Forretress|0 fnt\n|faint|p2a: Forretress\n|\n|-heal|p1a: Hydreigon|44\/100|[from] item: Leftovers\n|upkeep\n|\n|t:|1701199214\n|switch|p2a: Rotom|Rotom-Wash|100\/100\n|turn|4\n|\n|t:|1701199220\n|move|p1a: Hydreigon|Dark Pulse|p2a: Rotom\n|-crit|p2a: Rotom\n|-damage|p2a: Rotom|0 fnt\n|faint|p2a: Rotom\n|\n|-heal|p1a: Hydreigon|50\/100|[from] item: Leftovers\n|upkeep\n|\n|t:|1701199224\n|switch|p2a: Lokix|Lokix, F|100\/100\n|turn|5\n|\n|t:|1701199227\n|-terastallize|p1a: Hydreigon|Steel\n|move|p2a: Lokix|First Impression|p1a: Hydreigon\n|-resisted|p1a: Hydreigon\n|-damage|p1a: Hydreigon|0 fnt\n|faint|p1a: Hydreigon\n|-damage|p2a: Lokix|91\/100|[from] item: Life Orb\n|\n|upkeep\n|\n|t:|1701199234\n|switch|p1a: Qwilfish|Qwilfish-Hisui, M|100\/100\n|-ability|p1a: Qwilfish|Intimidate|boost\n|-unboost|p2a: Lokix|atk|1\n|turn|6\n|\n|t:|1701199245\n|move|p2a: Lokix|U-turn|p1a: Qwilfish\n|-damage|p1a: Qwilfish|85\/100\n|-damage|p2a: Lokix|81\/100|[from] item: Life Orb\n|\n|t:|1701199248\n|switch|p2a: Zapdos|Zapdos, shiny|100\/100|[from] U-turn\n|move|p1a: Qwilfish|Toxic Spikes|p2a: Zapdos\n|-sidestart|p2: byKaitoKid|move: Toxic Spikes\n|\n|upkeep\n|turn|7\n|\n|t:|1701199256\n|move|p2a: Zapdos|Hurricane|p1a: Qwilfish\n|-damage|p1a: Qwilfish|33\/100\n|move|p1a: Qwilfish|Toxic Spikes|p2a: Zapdos\n|-sidestart|p2: byKaitoKid|move: Toxic Spikes\n|\n|upkeep\n|turn|8\n|\n|t:|1701199263\n|switch|p1a: Ting-Lu|Ting-Lu|100\/100\n|-ability|p1a: Ting-Lu|Vessel of Ruin\n|move|p2a: Zapdos|Hurricane|p1a: Ting-Lu|[miss]\n|-miss|p2a: Zapdos|p1a: Ting-Lu\n|\n|upkeep\n|turn|9\n|\n|t:|1701199269\n|move|p2a: Zapdos|Hurricane|p1a: Ting-Lu\n|-damage|p1a: Ting-Lu|81\/100\n|move|p1a: Ting-Lu|Stealth Rock|p2a: Zapdos\n|-sidestart|p2: byKaitoKid|move: Stealth Rock\n|\n|-heal|p1a: Ting-Lu|87\/100|[from] item: Leftovers\n|upkeep\n|turn|10\n|\n|t:|1701199276\n|switch|p2a: Lokix|Lokix, F|81\/100\n|-status|p2a: Lokix|tox\n|-damage|p2a: Lokix|56\/100 tox|[from] Stealth Rock\n|move|p1a: Ting-Lu|Whirlwind|p2a: Lokix\n|drag|p2a: Garchomp|Garchomp, F, shiny|100\/100\n|-status|p2a: Garchomp|tox\n|-damage|p2a: Garchomp|94\/100 tox|[from] Stealth Rock\n|\n|-heal|p1a: Ting-Lu|93\/100|[from] item: Leftovers\n|-damage|p2a: Garchomp|88\/100 tox|[from] psn\n|upkeep\n|turn|11\n|\n|t:|1701199287\n|move|p2a: Garchomp|Draco Meteor|p1a: Ting-Lu\n|-damage|p1a: Ting-Lu|65\/100\n|-unboost|p2a: Garchomp|spa|2\n|-damage|p2a: Garchomp|78\/100 tox|[from] item: Life Orb\n|move|p1a: Ting-Lu|Earthquake|p2a: Garchomp\n|-damage|p2a: Garchomp|39\/100 tox\n|\n|-heal|p1a: Ting-Lu|71\/100|[from] item: Leftovers\n|-damage|p2a: Garchomp|27\/100 tox|[from] psn\n|upkeep\n|turn|12\n|\n|t:|1701199297\n|switch|p1a: Hoopa|Hoopa-Unbound|100\/100\n|move|p2a: Garchomp|Earthquake|p1a: Hoopa\n|-damage|p1a: Hoopa|6\/100\n|-damage|p2a: Garchomp|17\/100 tox|[from] item: Life Orb\n|\n|-damage|p2a: Garchomp|0 fnt|[from] psn\n|faint|p2a: Garchomp\n|upkeep\n|\n|t:|1701199309\n|switch|p2a: Lokix|Lokix, F|56\/100 tox\n|-damage|p2a: Lokix|31\/100 tox|[from] Stealth Rock\n|turn|13\n|\n|t:|1701199315\n|switch|p1a: Qwilfish|Qwilfish-Hisui, M|33\/100\n|-ability|p1a: Qwilfish|Intimidate|boost\n|-unboost|p2a: Lokix|atk|1\n|move|p2a: Lokix|First Impression|p1a: Qwilfish\n|-crit|p1a: Qwilfish\n|-damage|p1a: Qwilfish|0 fnt\n|faint|p1a: Qwilfish\n|-damage|p2a: Lokix|21\/100 tox|[from] item: Life Orb\n|\n|-damage|p2a: Lokix|15\/100 tox|[from] psn\n|upkeep\n|\n|t:|1701199323\n|switch|p1a: Meowscarada|Meowscarada, F|84\/100\n|turn|14\n|\n|t:|1701199327\n|move|p1a: Meowscarada|U-turn|p2a: Lokix\n|-start|p1a: Meowscarada|typechange|Bug|[from] ability: Protean\n|-supereffective|p2a: Lokix\n|-damage|p2a: Lokix|0 fnt\n|faint|p2a: Lokix\n|\n|t:|1701199329\n|switch|p1a: Moltres|Moltres-Galar|100\/100|[from] U-turn\n|\n|upkeep\n|\n|t:|1701199333\n|switch|p2a: Cresselia|Cresselia, F, shiny|100\/100\n|-damage|p2a: Cresselia|88\/100|[from] Stealth Rock\n|turn|15\n|\n|t:|1701199340\n|-terastallize|p2a: Cresselia|Poison\n|move|p1a: Moltres|Fiery Wrath|p2a: Cresselia\n|-damage|p2a: Cresselia|58\/100\n|move|p2a: Cresselia|Calm Mind|p2a: Cresselia\n|-boost|p2a: Cresselia|spa|1\n|-boost|p2a: Cresselia|spd|1\n|\n|-heal|p2a: Cresselia|64\/100|[from] item: Leftovers\n|upkeep\n|turn|16\n|\n|t:|1701199346\n|move|p1a: Moltres|U-turn|p2a: Cresselia\n|-resisted|p2a: Cresselia\n|-damage|p2a: Cresselia|61\/100\n|\n|t:|1701199350\n|switch|p1a: Hoopa|Hoopa-Unbound|6\/100|[from] U-turn\n|move|p2a: Cresselia|Moonlight|p2a: Cresselia\n|-heal|p2a: Cresselia|100\/100\n|\n|upkeep\n|turn|17\n|\n|t:|1701199357\n|move|p1a: Hoopa|Zen Headbutt|p2a: Cresselia\n|-supereffective|p2a: Cresselia\n|-damage|p2a: Cresselia|19\/100\n|move|p2a: Cresselia|Moonblast|p1a: Hoopa\n|-supereffective|p1a: Hoopa\n|-damage|p1a: Hoopa|0 fnt\n|faint|p1a: Hoopa\n|\n|-heal|p2a: Cresselia|25\/100|[from] item: Leftovers\n|upkeep\n|\n|t:|1701199363\n|switch|p1a: Meowscarada|Meowscarada, F|84\/100\n|turn|18\n|\n|t:|1701199368\n|move|p1a: Meowscarada|Knock Off|p2a: Cresselia\n|-start|p1a: Meowscarada|typechange|Dark|[from] ability: Protean\n|-damage|p2a: Cresselia|0 fnt\n|-enditem|p2a: Cresselia|Leftovers|[from] move: Knock Off|[of] p1a: Meowscarada\n|faint|p2a: Cresselia\n|\n|upkeep\n|\n|t:|1701199372\n|switch|p2a: Zapdos|Zapdos, shiny|100\/100\n|turn|19\n|\n|t:|1701199374\n|move|p1a: Meowscarada|Knock Off|p2a: Zapdos\n|-damage|p2a: Zapdos|53\/100\n|-enditem|p2a: Zapdos|Heavy-Duty Boots|[from] move: Knock Off|[of] p1a: Meowscarada\n|move|p2a: Zapdos|Heat Wave|p1a: Meowscarada\n|-damage|p1a: Meowscarada|43\/100\n|\n|upkeep\n|turn|20\n|\n|t:|1701199380\n|switch|p1a: Moltres|Moltres-Galar|100\/100\n|move|p2a: Zapdos|Roost|p2a: Zapdos\n|-heal|p2a: Zapdos|100\/100\n|-singleturn|p2a: Zapdos|move: Roost\n|\n|upkeep\n|turn|21\n|\n|t:|1701199386\n|move|p1a: Moltres|Agility|p1a: Moltres\n|-boost|p1a: Moltres|spe|2\n|move|p2a: Zapdos|Volt Switch|p1a: Moltres\n|-supereffective|p1a: Moltres\n|-damage|p1a: Moltres|48\/100\n|-ability|p1a: Moltres|Berserk|boost\n|-boost|p1a: Moltres|spa|1\n|\n|upkeep\n|turn|22\n|\n|t:|1701199394\n|move|p1a: Moltres|Fiery Wrath|p2a: Zapdos\n|-crit|p2a: Zapdos\n|-damage|p2a: Zapdos|32\/100\n|move|p2a: Zapdos|Volt Switch|p1a: Moltres\n|-supereffective|p1a: Moltres\n|-damage|p1a: Moltres|0 fnt\n|faint|p1a: Moltres\n|\n|upkeep\n|\n|t:|1701199400\n|switch|p1a: Meowscarada|Meowscarada, F|43\/100\n|turn|23\n|\n|t:|1701199405\n|move|p1a: Meowscarada|Flower Trick|p2a: Zapdos\n|-start|p1a: Meowscarada|typechange|Grass|[from] ability: Protean\n|-resisted|p2a: Zapdos\n|-crit|p2a: Zapdos\n|-damage|p2a: Zapdos|4\/100\n|move|p2a: Zapdos|Hurricane|p1a: Meowscarada|[miss]\n|-miss|p2a: Zapdos|p1a: Meowscarada\n|\n|upkeep\n|turn|24\n|\n|t:|1701199414\n|move|p1a: Meowscarada|Flower Trick|p2a: Zapdos\n|-resisted|p2a: Zapdos\n|-crit|p2a: Zapdos\n|-damage|p2a: Zapdos|0 fnt\n|faint|p2a: Zapdos\n|\n|win|pelukas\n|l|\u2606byKaitoKid\n|l|\u2606pelukas\n|j|\u2606pelukas\n|player|p1|pelukas|grimsley\n","uploadtime":1701200115,"views":4,"p1id":"pelukas","p2id":"bykaitokid","formatid":"gen9ou","rating":0,"private":0,"password":""}