{"id":"gen9ou-1992124566","p1":"Azamat1404","p2":"ObsidianCrusader","format":"[Gen 9] OU","log":"|j|\u2606Azamat1404\n|j|\u2606ObsidianCrusader\n|t:|1700157083\n|gametype|singles\n|player|p1|Azamat1404|blue|1147\n|player|p2|ObsidianCrusader|petrel|1218\n|teamsize|p1|6\n|teamsize|p2|6\n|gen|9\n|tier|[Gen 9] OU\n|rated|\n|rule|Sleep Clause Mod: Limit one foe put to sleep\n|rule|Species Clause: Limit one of each Pok\u00e9mon\n|rule|OHKO Clause: OHKO moves are banned\n|rule|Evasion Items Clause: Evasion items are banned\n|rule|Evasion Moves Clause: Evasion moves are banned\n|rule|Endless Battle Clause: Forcing endless battles is banned\n|rule|HP Percentage Mod: HP is shown in percentages\n|clearpoke\n|poke|p1|Weezing-Galar, M|\n|poke|p1|Volbeat, M|\n|poke|p1|Jirachi|\n|poke|p1|Samurott-Hisui, M|\n|poke|p1|Alomomola, F|\n|poke|p1|Thundurus-Therian, M|\n|poke|p2|Samurott-Hisui, M|\n|poke|p2|Slowking, M|\n|poke|p2|Venomoth, M|\n|poke|p2|Hatterene, F|\n|poke|p2|Avalugg, M|\n|poke|p2|Overqwil, F|\n|teampreview\n|c|\u2606ObsidianCrusader|Hello! Best of luck! ^-^\n|c|\u2606ObsidianCrusader|Oh? Volbeat?\n|\n|t:|1700157090\n|start\n|switch|p1a: Weezing|Weezing-Galar, M|100\/100\n|switch|p2a: Oersted|Samurott-Hisui, M|100\/100\n|-ability|p1a: Weezing|Neutralizing Gas\n|turn|1\n|c|\u2606ObsidianCrusader|Nice!\n|\n|t:|1700157098\n|move|p2a: Oersted|Flip Turn|p1a: Weezing\n|-damage|p1a: Weezing|80\/100\n|\n|t:|1700157101\n|switch|p2a: Sticky Barb|Overqwil, F|100\/100|[from] Flip Turn\n|move|p1a: Weezing|Will-O-Wisp|p2a: Sticky Barb\n|-status|p2a: Sticky Barb|brn\n|\n|-heal|p1a: Weezing|86\/100|[from] item: Leftovers\n|-damage|p2a: Sticky Barb|94\/100 brn|[from] brn\n|upkeep\n|turn|2\n|c|\u2606Azamat1404|Yes\n|c|\u2606Azamat1404|It is\n|c|\u2606Azamat1404|Tu)\n|\n|t:|1700157119\n|move|p2a: Sticky Barb|Taunt|p1a: Weezing\n|-start|p1a: Weezing|move: Taunt\n|move|p1a: Weezing|Strange Steam|p2a: Sticky Barb|[miss]\n|-miss|p1a: Weezing|p2a: Sticky Barb\n|\n|-heal|p1a: Weezing|92\/100|[from] item: Leftovers\n|-damage|p2a: Sticky Barb|88\/100 brn|[from] brn\n|upkeep\n|turn|3\n|\n|t:|1700157130\n|move|p2a: Sticky Barb|Barb Barrage|p1a: Weezing\n|-damage|p1a: Weezing|84\/100\n|move|p1a: Weezing|Strange Steam|p2a: Sticky Barb\n|-damage|p2a: Sticky Barb|53\/100 brn\n|\n|-heal|p1a: Weezing|90\/100|[from] item: Leftovers\n|-damage|p2a: Sticky Barb|47\/100 brn|[from] brn\n|upkeep\n|turn|4\n|\n|t:|1700157138\n|move|p2a: Sticky Barb|Barb Barrage|p1a: Weezing\n|-crit|p1a: Weezing\n|-damage|p1a: Weezing|80\/100\n|move|p1a: Weezing|Strange Steam|p2a: Sticky Barb|[miss]\n|-miss|p1a: Weezing|p2a: Sticky Barb\n|\n|-heal|p1a: Weezing|86\/100|[from] item: Leftovers\n|-damage|p2a: Sticky Barb|41\/100 brn|[from] brn\n|-end|p1a: Weezing|move: Taunt\n|upkeep\n|turn|5\n|\n|t:|1700157149\n|move|p2a: Sticky Barb|Barb Barrage|p1a: Weezing\n|-damage|p1a: Weezing|77\/100\n|move|p1a: Weezing|Strange Steam|p2a: Sticky Barb|[miss]\n|-miss|p1a: Weezing|p2a: Sticky Barb\n|\n|-heal|p1a: Weezing|83\/100|[from] item: Leftovers\n|-damage|p2a: Sticky Barb|35\/100 brn|[from] brn\n|upkeep\n|turn|6\n|c|\u2606Azamat1404|This weezing is blind\n|\n|t:|1700157165\n|switch|p2a: SpinningRatOnLoop|Slowking, M|100\/100\n|move|p1a: Weezing|Strange Steam|p2a: SpinningRatOnLoop\n|-damage|p2a: SpinningRatOnLoop|79\/100\n|-start|p2a: SpinningRatOnLoop|confusion\n|\n|-heal|p1a: Weezing|89\/100|[from] item: Leftovers\n|upkeep\n|turn|7\n|c|\u2606ObsidianCrusader|Well yeah, he is his own smokescreen\n|\n|t:|1700157177\n|-end|p1a: Weezing|ability: Neutralizing Gas\n|switch|p1a: Samurott|Samurott-Hisui, M|100\/100\n|-activate|p2a: SpinningRatOnLoop|confusion\n|move|p2a: SpinningRatOnLoop|Chilly Reception|p2a: SpinningRatOnLoop\n|-weather|Snow\n|\n|t:|1700157182\n|switch|p2a: Bulwark|Avalugg, M|100\/100|[from] Chilly Reception\n|\n|-weather|Snow|[upkeep]\n|upkeep\n|turn|8\n|\n|t:|1700157191\n|switch|p1a: Jirachi|Jirachi|100\/100\n|move|p2a: Bulwark|Body Press|p1a: Jirachi\n|-damage|p1a: Jirachi|66\/100\n|\n|-weather|Snow|[upkeep]\n|upkeep\n|turn|9\n|\n|t:|1700157199\n|move|p1a: Jirachi|Iron Head|p2a: Bulwark\n|-supereffective|p2a: Bulwark\n|-damage|p2a: Bulwark|83\/100\n|move|p2a: Bulwark|Earthquake|p1a: Jirachi\n|-supereffective|p1a: Jirachi\n|-damage|p1a: Jirachi|10\/100\n|\n|-weather|Snow|[upkeep]\n|-heal|p2a: Bulwark|89\/100|[from] ability: Ice Body\n|upkeep\n|turn|10\n|\n|t:|1700157209\n|switch|p1a: Volbeat|Volbeat, M|100\/100\n|switch|p2a: SpinningRatOnLoop|Slowking, M|100\/100\n|\n|-weather|Snow|[upkeep]\n|upkeep\n|turn|11\n|\n|t:|1700157217\n|move|p1a: Volbeat|Infestation|p2a: SpinningRatOnLoop\n|-supereffective|p2a: SpinningRatOnLoop\n|-damage|p2a: SpinningRatOnLoop|93\/100\n|-activate|p2a: SpinningRatOnLoop|move: Infestation|[of] p1a: Volbeat\n|-damage|p1a: Volbeat|84\/100|[from] item: Rocky Helmet|[of] p2a: SpinningRatOnLoop\n|move|p2a: SpinningRatOnLoop|Thunder Wave|p1a: Volbeat\n|-status|p1a: Volbeat|par\n|\n|-weather|none\n|-damage|p2a: SpinningRatOnLoop|76\/100|[from] move: Infestation|[partiallytrapped]\n|upkeep\n|turn|12\n|\n|t:|1700157226\n|cant|p1a: Volbeat|par\n|move|p2a: SpinningRatOnLoop|Chilly Reception|p2a: SpinningRatOnLoop\n|-weather|Snow\n|\n|t:|1700157230\n|switch|p2a: Sticky Barb|Overqwil, F|35\/100 brn|[from] Chilly Reception\n|-ability|p2a: Sticky Barb|Intimidate|boost\n|-unboost|p1a: Volbeat|atk|1\n|\n|-weather|Snow|[upkeep]\n|-damage|p2a: Sticky Barb|29\/100 brn|[from] brn\n|upkeep\n|turn|13\n|\n|t:|1700157240\n|switch|p1a: Weezing|Weezing-Galar, M|89\/100\n|-ability|p1a: Weezing|Neutralizing Gas\n|move|p2a: Sticky Barb|Taunt|p1a: Weezing\n|-start|p1a: Weezing|move: Taunt\n|\n|-weather|Snow|[upkeep]\n|-heal|p1a: Weezing|95\/100|[from] item: Leftovers\n|-damage|p2a: Sticky Barb|23\/100 brn|[from] brn\n|upkeep\n|turn|14\n|c|\u2606ObsidianCrusader|I know you're gonna Tail Glow. So I'm sorry for that\n|c|\u2606Azamat1404|N\n|\n|t:|1700157258\n|switch|p2a: SpinningRatOnLoop|Slowking, M|100\/100\n|move|p1a: Weezing|Strange Steam|p2a: SpinningRatOnLoop\n|-damage|p2a: SpinningRatOnLoop|77\/100\n|\n|-weather|Snow|[upkeep]\n|-heal|p1a: Weezing|100\/100|[from] item: Leftovers\n|upkeep\n|turn|15\n|c|\u2606Azamat1404|That ok\n|c|\u2606Azamat1404|Games\n|\n|t:|1700157267\n|move|p1a: Weezing|Sludge Bomb|p2a: SpinningRatOnLoop\n|-damage|p2a: SpinningRatOnLoop|55\/100\n|move|p2a: SpinningRatOnLoop|Scald|p1a: Weezing\n|-damage|p1a: Weezing|65\/100\n|-status|p1a: Weezing|brn\n|\n|-weather|Snow|[upkeep]\n|-heal|p1a: Weezing|71\/100 brn|[from] item: Leftovers\n|-damage|p1a: Weezing|65\/100 brn|[from] brn\n|-end|p1a: Weezing|move: Taunt\n|upkeep\n|turn|16\n|\n|t:|1700157283\n|move|p1a: Weezing|Strange Steam|p2a: SpinningRatOnLoop\n|-damage|p2a: SpinningRatOnLoop|34\/100\n|-start|p2a: SpinningRatOnLoop|confusion\n|-activate|p2a: SpinningRatOnLoop|confusion\n|move|p2a: SpinningRatOnLoop|Chilly Reception|p2a: SpinningRatOnLoop\n|\n|t:|1700157289\n|switch|p2a: Nickel|Venomoth, M|100\/100|[from] Chilly Reception\n|\n|-weather|none\n|-heal|p1a: Weezing|71\/100 brn|[from] item: Leftovers\n|-damage|p1a: Weezing|65\/100 brn|[from] brn\n|upkeep\n|turn|17\n|\n|t:|1700157298\n|-end|p1a: Weezing|ability: Neutralizing Gas\n|switch|p1a: Volbeat|Volbeat, M|84\/100 par\n|move|p2a: Nickel|Quiver Dance|p2a: Nickel\n|-boost|p2a: Nickel|spa|1\n|-boost|p2a: Nickel|spd|1\n|-boost|p2a: Nickel|spe|1\n|\n|upkeep\n|turn|18\n|\n|t:|1700157304\n|cant|p1a: Volbeat|par\n|move|p2a: Nickel|Quiver Dance|p2a: Nickel\n|-boost|p2a: Nickel|spa|1\n|-boost|p2a: Nickel|spd|1\n|-boost|p2a: Nickel|spe|1\n|\n|upkeep\n|turn|19\n|c|\u2606ObsidianCrusader|Huh? It moved first? You have priority?\n|\n|t:|1700157316\n|cant|p1a: Volbeat|par\n|move|p2a: Nickel|Sludge Bomb|p1a: Volbeat\n|-damage|p1a: Volbeat|18\/100 par\n|\n|upkeep\n|turn|20\n|\n|t:|1700157322\n|move|p1a: Volbeat|Thunder Wave|p2a: Nickel\n|-status|p2a: Nickel|par\n|move|p2a: Nickel|Substitute|p2a: Nickel\n|-start|p2a: Nickel|Substitute\n|-damage|p2a: Nickel|76\/100 par\n|\n|upkeep\n|turn|21\n|c|\u2606ObsidianCrusader|...Oh! Prankster!\n|\n|t:|1700157329\n|cant|p1a: Volbeat|par\n|move|p2a: Nickel|Sludge Bomb|p1a: Volbeat\n|-damage|p1a: Volbeat|0 fnt\n|faint|p1a: Volbeat\n|\n|upkeep\n|c|\u2606ObsidianCrusader|Ugh, I'm an idiot\n|\n|t:|1700157344\n|switch|p1a: Jirachi|Jirachi|10\/100\n|turn|22\n|\n|t:|1700157348\n|move|p2a: Nickel|Quiver Dance|p2a: Nickel\n|-boost|p2a: Nickel|spa|1\n|-boost|p2a: Nickel|spd|1\n|-boost|p2a: Nickel|spe|1\n|move|p1a: Jirachi|Fire Punch|p2a: Nickel\n|-supereffective|p2a: Nickel\n|-end|p2a: Nickel|Substitute\n|\n|upkeep\n|turn|23\n|\n|t:|1700157354\n|move|p2a: Nickel|Giga Drain|p1a: Jirachi\n|-resisted|p1a: Jirachi\n|-damage|p1a: Jirachi|0 fnt\n|-heal|p2a: Nickel|82\/100 par|[from] drain|[of] p1a: Jirachi\n|faint|p1a: Jirachi\n|\n|upkeep\n|\n|t:|1700157359\n|switch|p1a: Samurott|Samurott-Hisui, M|100\/100\n|turn|24\n|\n|t:|1700157363\n|-terastallize|p1a: Samurott|Dark\n|move|p1a: Samurott|Sucker Punch|p2a: Nickel\n|-damage|p2a: Nickel|0 fnt\n|faint|p2a: Nickel\n|\n|upkeep\n|\n|t:|1700157368\n|switch|p2a: Oersted|Samurott-Hisui, M|100\/100\n|turn|25\n|\n|t:|1700157373\n|switch|p1a: Weezing|Weezing-Galar, M|65\/100 brn\n|-ability|p1a: Weezing|Neutralizing Gas\n|move|p2a: Oersted|Sacred Sword|p1a: Weezing\n|-resisted|p1a: Weezing\n|-damage|p1a: Weezing|60\/100 brn\n|\n|-heal|p1a: Weezing|66\/100 brn|[from] item: Leftovers\n|-damage|p1a: Weezing|60\/100 brn|[from] brn\n|upkeep\n|turn|26\n|c|\u2606ObsidianCrusader|Ah, denied the 1v1\n|\n|t:|1700157386\n|switch|p2a: SpinningRatOnLoop|Slowking, M|34\/100\n|move|p1a: Weezing|Will-O-Wisp|p2a: SpinningRatOnLoop\n|-status|p2a: SpinningRatOnLoop|brn\n|\n|-heal|p1a: Weezing|66\/100 brn|[from] item: Leftovers\n|-damage|p1a: Weezing|60\/100 brn|[from] brn\n|-damage|p2a: SpinningRatOnLoop|28\/100 brn|[from] brn\n|upkeep\n|turn|27\n|\n|t:|1700157394\n|move|p1a: Weezing|Sludge Bomb|p2a: SpinningRatOnLoop\n|-damage|p2a: SpinningRatOnLoop|5\/100 brn\n|move|p2a: SpinningRatOnLoop|Slack Off|p2a: SpinningRatOnLoop\n|-heal|p2a: SpinningRatOnLoop|55\/100 brn\n|\n|-heal|p1a: Weezing|66\/100 brn|[from] item: Leftovers\n|-damage|p1a: Weezing|60\/100 brn|[from] brn\n|-damage|p2a: SpinningRatOnLoop|49\/100 brn|[from] brn\n|upkeep\n|turn|28\n|\n|t:|1700157402\n|-end|p1a: Weezing|ability: Neutralizing Gas\n|switch|p1a: Samurott|Samurott-Hisui, M, tera:Dark|100\/100\n|move|p2a: SpinningRatOnLoop|Slack Off|p2a: SpinningRatOnLoop\n|-heal|p2a: SpinningRatOnLoop|99\/100 brn\n|\n|-damage|p2a: SpinningRatOnLoop|93\/100 brn|[from] brn\n|upkeep\n|turn|29\n|\n|t:|1700157410\n|move|p1a: Samurott|Swords Dance|p1a: Samurott\n|-boost|p1a: Samurott|atk|2\n|move|p2a: SpinningRatOnLoop|Chilly Reception|p2a: SpinningRatOnLoop\n|-weather|Snow\n|\n|t:|1700157414\n|switch|p2a: Bulwark|Avalugg, M|89\/100|[from] Chilly Reception\n|\n|-weather|Snow|[upkeep]\n|-heal|p2a: Bulwark|95\/100|[from] ability: Ice Body\n|upkeep\n|turn|30\n|\n|t:|1700157421\n|switch|p1a: Alomomola|Alomomola, F|100\/100\n|move|p2a: Bulwark|Body Press|p1a: Alomomola\n|-damage|p1a: Alomomola|80\/100\n|-enditem|p1a: Alomomola|Red Card|[of] p2a: Bulwark\n|drag|p2a: Sticky Barb|Overqwil, F|23\/100 brn\n|-ability|p2a: Sticky Barb|Intimidate|boost\n|-unboost|p1a: Alomomola|atk|1\n|\n|-weather|Snow|[upkeep]\n|-damage|p2a: Sticky Barb|17\/100 brn|[from] brn\n|upkeep\n|turn|31\n|\n|t:|1700157431\n|switch|p2a: SpinningRatOnLoop|Slowking, M|100\/100 brn\n|move|p1a: Alomomola|Wish|p1a: Alomomola\n|\n|-weather|Snow|[upkeep]\n|-damage|p2a: SpinningRatOnLoop|94\/100 brn|[from] brn\n|upkeep\n|turn|32\n|\n|t:|1700157439\n|switch|p1a: Weezing|Weezing-Galar, M|60\/100 brn\n|-ability|p1a: Weezing|Neutralizing Gas\n|move|p2a: SpinningRatOnLoop|Scald|p1a: Weezing\n|-damage|p1a: Weezing|22\/100 brn\n|\n|-weather|Snow|[upkeep]\n|-heal|p1a: Weezing|100\/100 brn|[from] move: Wish|[wisher] Alomomola\n|-damage|p1a: Weezing|95\/100 brn|[from] brn\n|-damage|p2a: SpinningRatOnLoop|88\/100 brn|[from] brn\n|upkeep\n|turn|33\n|\n|t:|1700157449\n|move|p1a: Weezing|Sludge Bomb|p2a: SpinningRatOnLoop\n|-damage|p2a: SpinningRatOnLoop|68\/100 brn\n|move|p2a: SpinningRatOnLoop|Scald|p1a: Weezing\n|-damage|p1a: Weezing|55\/100 brn\n|\n|-weather|none\n|-heal|p1a: Weezing|61\/100 brn|[from] item: Leftovers\n|-damage|p1a: Weezing|55\/100 brn|[from] brn\n|-damage|p2a: SpinningRatOnLoop|62\/100 brn|[from] brn\n|upkeep\n|turn|34\n|\n|t:|1700157458\n|move|p1a: Weezing|Sludge Bomb|p2a: SpinningRatOnLoop\n|-damage|p2a: SpinningRatOnLoop|40\/100 brn\n|move|p2a: SpinningRatOnLoop|Chilly Reception|p2a: SpinningRatOnLoop\n|-weather|Snow\n|\n|t:|1700157463\n|switch|p2a: Sticky Barb|Overqwil, F|17\/100 brn|[from] Chilly Reception\n|\n|-weather|Snow|[upkeep]\n|-heal|p1a: Weezing|61\/100 brn|[from] item: Leftovers\n|-damage|p2a: Sticky Barb|10\/100 brn|[from] brn\n|-damage|p1a: Weezing|55\/100 brn|[from] brn\n|upkeep\n|turn|35\n|c|\u2606ObsidianCrusader|Do or die\n|-enditem|p2a: Sticky Barb|Custap Berry|[eat]\n|-activate|p2a: Sticky Barb|item: Custap Berry|[consumed]\n|\n|t:|1700157470\n|move|p2a: Sticky Barb|Destiny Bond|p2a: Sticky Barb\n|-singlemove|p2a: Sticky Barb|Destiny Bond\n|move|p1a: Weezing|Sludge Bomb|p2a: Sticky Barb\n|-resisted|p2a: Sticky Barb\n|-damage|p2a: Sticky Barb|0 fnt\n|faint|p2a: Sticky Barb\n|-activate|p2a: Sticky Barb|move: Destiny Bond\n|faint|p1a: Weezing\n|-end|p1a: Weezing|ability: Neutralizing Gas\n|\n|-weather|Snow|[upkeep]\n|upkeep\n|\n|t:|1700157481\n|switch|p2a: Bulwark|Avalugg, M|95\/100\n|switch|p1a: Thundurus|Thundurus-Therian, M|100\/100\n|turn|36\n|\n|t:|1700157488\n|switch|p2a: SpinningRatOnLoop|Slowking, M|40\/100 brn\n|move|p1a: Thundurus|Nasty Plot|p1a: Thundurus\n|-boost|p1a: Thundurus|spa|2\n|\n|-weather|Snow|[upkeep]\n|-damage|p2a: SpinningRatOnLoop|34\/100 brn|[from] brn\n|upkeep\n|turn|37\n|\n|t:|1700157495\n|switch|p2a: Yaga|Hatterene, F|100\/100\n|move|p1a: Thundurus|Thunderbolt|p2a: Yaga\n|-damage|p2a: Yaga|29\/100\n|\n|-weather|Snow|[upkeep]\n|upkeep\n|turn|38\n|\n|t:|1700157501\n|move|p1a: Thundurus|Thunderbolt|p2a: Yaga\n|-damage|p2a: Yaga|0 fnt\n|faint|p2a: Yaga\n|\n|-weather|none\n|upkeep\n|\n|t:|1700157507\n|switch|p2a: Oersted|Samurott-Hisui, M|100\/100\n|turn|39\n|\n|t:|1700157513\n|move|p2a: Oersted|Flip Turn|p1a: Thundurus\n|-damage|p1a: Thundurus|56\/100\n|\n|t:|1700157516\n|switch|p2a: SpinningRatOnLoop|Slowking, M|67\/100 brn|[from] Flip Turn\n|move|p1a: Thundurus|Tera Blast|p2a: SpinningRatOnLoop\n|-damage|p2a: SpinningRatOnLoop|20\/100 brn\n|\n|-damage|p2a: SpinningRatOnLoop|13\/100 brn|[from] brn\n|upkeep\n|turn|40\n|\n|t:|1700157523\n|move|p1a: Thundurus|Thunderbolt|p2a: SpinningRatOnLoop\n|-supereffective|p2a: SpinningRatOnLoop\n|-damage|p2a: SpinningRatOnLoop|0 fnt\n|faint|p2a: SpinningRatOnLoop\n|\n|upkeep\n|\n|t:|1700157527\n|switch|p2a: Oersted|Samurott-Hisui, M|100\/100\n|turn|41\n|\n|t:|1700157529\n|switch|p1a: Alomomola|Alomomola, F|100\/100\n|move|p2a: Oersted|Aqua Cutter|p1a: Alomomola\n|-resisted|p1a: Alomomola\n|-damage|p1a: Alomomola|86\/100\n|\n|upkeep\n|turn|42\n|\n|t:|1700157537\n|switch|p2a: Bulwark|Avalugg, M|95\/100\n|move|p1a: Alomomola|Wish|p1a: Alomomola\n|\n|upkeep\n|turn|43\n|c|\u2606ObsidianCrusader|I don't like this fish\n|\n|t:|1700157543\n|move|p1a: Alomomola|Acrobatics|p2a: Bulwark\n|-damage|p2a: Bulwark|86\/100\n|move|p2a: Bulwark|Ice Spinner|p1a: Alomomola\n|-resisted|p1a: Alomomola\n|-damage|p1a: Alomomola|76\/100\n|\n|-heal|p1a: Alomomola|100\/100|[from] move: Wish|[wisher] Alomomola\n|upkeep\n|turn|44\n|\n|t:|1700157551\n|move|p1a: Alomomola|Wish|p1a: Alomomola\n|move|p2a: Bulwark|Ice Spinner|p1a: Alomomola\n|-resisted|p1a: Alomomola\n|-damage|p1a: Alomomola|91\/100\n|\n|upkeep\n|turn|45\n|\n|t:|1700157568\n|move|p1a: Alomomola|Acrobatics|p2a: Bulwark\n|-damage|p2a: Bulwark|76\/100\n|move|p2a: Bulwark|Body Press|p1a: Alomomola\n|-damage|p1a: Alomomola|70\/100\n|\n|-heal|p1a: Alomomola|100\/100|[from] move: Wish|[wisher] Alomomola\n|upkeep\n|turn|46\n|\n|t:|1700157576\n|move|p1a: Alomomola|Acrobatics|p2a: Bulwark\n|-damage|p2a: Bulwark|67\/100\n|move|p2a: Bulwark|Body Press|p1a: Alomomola\n|-damage|p1a: Alomomola|80\/100\n|\n|upkeep\n|turn|47\n|\n|t:|1700157587\n|move|p1a: Alomomola|Flip Turn|p2a: Bulwark\n|-damage|p2a: Bulwark|59\/100\n|\n|t:|1700157590\n|switch|p1a: Samurott|Samurott-Hisui, M, tera:Dark|100\/100|[from] Flip Turn\n|move|p2a: Bulwark|Rapid Spin|p1a: Samurott\n|-damage|p1a: Samurott|81\/100\n|-boost|p2a: Bulwark|spe|1\n|\n|upkeep\n|turn|48\n|\n|t:|1700157598\n|move|p1a: Samurott|Ceaseless Edge|p2a: Bulwark\n|-damage|p2a: Bulwark|27\/100\n|-sidestart|p2: ObsidianCrusader|Spikes\n|move|p2a: Bulwark|Ice Spinner|p1a: Samurott\n|-damage|p1a: Samurott|34\/100\n|\n|upkeep\n|turn|49\n|\n|t:|1700157607\n|move|p1a: Samurott|Ceaseless Edge|p2a: Bulwark\n|-damage|p2a: Bulwark|0 fnt\n|-sidestart|p2: ObsidianCrusader|Spikes\n|faint|p2a: Bulwark\n|\n|upkeep\n|\n|t:|1700157611\n|switch|p2a: Oersted|Samurott-Hisui, M|100\/100\n|-damage|p2a: Oersted|84\/100|[from] Spikes\n|turn|50\n|c|\u2606ObsidianCrusader|Just gotta hope this does it...\n|\n|t:|1700157618\n|move|p1a: Samurott|Sucker Punch|p2a: Oersted\n|-resisted|p2a: Oersted\n|-damage|p2a: Oersted|50\/100\n|move|p2a: Oersted|Ceaseless Edge|p1a: Samurott\n|-resisted|p1a: Samurott\n|-damage|p1a: Samurott|4\/100\n|-sidestart|p1: Azamat1404|Spikes\n|\n|upkeep\n|turn|51\n|c|\u2606ObsidianCrusader|oh\n|\n|t:|1700157627\n|move|p1a: Samurott|Sucker Punch|p2a: Oersted\n|-resisted|p2a: Oersted\n|-damage|p2a: Oersted|15\/100\n|move|p2a: Oersted|Ceaseless Edge|p1a: Samurott\n|-resisted|p1a: Samurott\n|-damage|p1a: Samurott|0 fnt\n|-sidestart|p1: Azamat1404|Spikes\n|faint|p1a: Samurott\n|\n|upkeep\n|\n|t:|1700157631\n|switch|p1a: Alomomola|Alomomola, F|100\/100\n|-damage|p1a: Alomomola|84\/100|[from] Spikes\n|turn|52\n|\n|t:|1700157636\n|move|p2a: Oersted|Ceaseless Edge|p1a: Alomomola\n|-damage|p1a: Alomomola|56\/100\n|-sidestart|p1: Azamat1404|Spikes\n|move|p1a: Alomomola|Acrobatics|p2a: Oersted\n|-damage|p2a: Oersted|0 fnt\n|faint|p2a: Oersted\n|\n|win|Azamat1404\n|raw|Azamat1404's rating: 1147 &rarr; <strong>1177<\/strong><br \/>(+30 for winning)\n|raw|ObsidianCrusader's rating: 1218 &rarr; <strong>1188<\/strong><br \/>(-30 for losing)\n|c|\u2606ObsidianCrusader|Aye...good game\n|c|\u2606Azamat1404|Gg\n","uploadtime":1700157652,"views":6,"p1id":"azamat1404","p2id":"obsidiancrusader","formatid":"gen9ou","rating":1177,"private":0,"password":""}