{"id":"gen9ou-1994676177","p1":"Not_ryuk","p2":"MrCreeperDXD","format":"[Gen 9] OU","log":"|j|\u2606Not_ryuk\n|j|\u2606MrCreeperDXD\n|t:|1700479475\n|gametype|singles\n|player|p1|Not_ryuk|volkner|1016\n|player|p2|MrCreeperDXD|101|1041\n|teamsize|p1|6\n|teamsize|p2|6\n|gen|9\n|tier|[Gen 9] OU\n|rated|\n|rule|Sleep Clause Mod: Limit one foe put to sleep\n|rule|Species Clause: Limit one of each Pok\u00e9mon\n|rule|OHKO Clause: OHKO moves are banned\n|rule|Evasion Items Clause: Evasion items are banned\n|rule|Evasion Moves Clause: Evasion moves are banned\n|rule|Endless Battle Clause: Forcing endless battles is banned\n|rule|HP Percentage Mod: HP is shown in percentages\n|clearpoke\n|poke|p1|Pawmot, F|\n|poke|p1|Dragonite, M|\n|poke|p1|Iron Treads|\n|poke|p1|Amoonguss, M|\n|poke|p1|Quagsire, F|\n|poke|p1|Greninja-*, F|\n|poke|p2|Hydreigon, M|\n|poke|p2|Corviknight, F|\n|poke|p2|Cinderace, M|\n|poke|p2|Clefable, F|\n|poke|p2|Iron Valiant|\n|poke|p2|Dragapult, M|\n|teampreview\n|inactive|Battle timer is ON: inactive players will automatically lose when time's up. (requested by Not_ryuk)\n|\n|t:|1700479483\n|start\n|switch|p1a: Greninja|Greninja, F|100\/100\n|switch|p2a: Cinderace|Cinderace, M|100\/100\n|turn|1\n|\n|t:|1700479492\n|move|p2a: Cinderace|U-turn|p1a: Greninja\n|-start|p2a: Cinderace|typechange|Bug|[from] ability: Libero\n|-supereffective|p1a: Greninja\n|-damage|p1a: Greninja|12\/100\n|\n|t:|1700479503\n|switch|p2a: Hydreigon|Hydreigon, M|100\/100|[from] U-turn\n|move|p1a: Greninja|Gunk Shot|p2a: Hydreigon\n|-damage|p2a: Hydreigon|75\/100\n|\n|-heal|p1a: Greninja|18\/100|[from] item: Leftovers\n|upkeep\n|turn|2\n|\n|t:|1700479516\n|-terastallize|p2a: Hydreigon|Steel\n|move|p1a: Greninja|Ice Beam|p2a: Hydreigon\n|-resisted|p2a: Hydreigon\n|-damage|p2a: Hydreigon|60\/100\n|move|p2a: Hydreigon|Dragon Dance|p2a: Hydreigon\n|-boost|p2a: Hydreigon|atk|1\n|-boost|p2a: Hydreigon|spe|1\n|\n|-heal|p1a: Greninja|24\/100|[from] item: Leftovers\n|upkeep\n|turn|3\n|\n|t:|1700479529\n|move|p2a: Hydreigon|Crunch|p1a: Greninja\n|-resisted|p1a: Greninja\n|-damage|p1a: Greninja|0 fnt\n|faint|p1a: Greninja\n|-damage|p2a: Hydreigon|51\/100|[from] item: Life Orb\n|\n|upkeep\n|\n|t:|1700479538\n|switch|p1a: Excuse me sir.|Quagsire, F|100\/100\n|turn|4\n|\n|t:|1700479548\n|switch|p2a: Iron Valiant|Iron Valiant|100\/100\n|-enditem|p2a: Iron Valiant|Booster Energy\n|-activate|p2a: Iron Valiant|ability: Quark Drive|[fromitem]\n|-start|p2a: Iron Valiant|quarkdrivespe\n|move|p1a: Excuse me sir.|Drain Punch|p2a: Iron Valiant\n|-resisted|p2a: Iron Valiant\n|-damage|p2a: Iron Valiant|90\/100\n|\n|upkeep\n|turn|5\n|\n|t:|1700479570\n|move|p2a: Iron Valiant|Knock Off|p1a: Excuse me sir.\n|-damage|p1a: Excuse me sir.|78\/100\n|-enditem|p1a: Excuse me sir.|Leftovers|[from] move: Knock Off|[of] p2a: Iron Valiant\n|move|p1a: Excuse me sir.|Yawn|p2a: Iron Valiant\n|-start|p2a: Iron Valiant|move: Yawn|[of] p1a: Excuse me sir.\n|\n|upkeep\n|turn|6\n|\n|t:|1700479582\n|-end|p2a: Iron Valiant|Quark Drive|[silent]\n|switch|p2a: Corviknight|Corviknight, F|100\/100\n|-ability|p2a: Corviknight|Pressure\n|move|p1a: Excuse me sir.|Drain Punch|p2a: Corviknight\n|-damage|p2a: Corviknight|91\/100\n|-heal|p1a: Excuse me sir.|83\/100|[from] drain|[of] p2a: Corviknight\n|\n|upkeep\n|turn|7\n|inactive|Not_ryuk has 120 seconds left.\n|\n|t:|1700479617\n|move|p2a: Corviknight|U-turn|p1a: Excuse me sir.\n|-damage|p1a: Excuse me sir.|73\/100\n|inactive|MrCreeperDXD has 120 seconds left.\n|\n|t:|1700479668\n|switch|p2a: Dragapult|Dragapult, M|100\/100|[from] U-turn\n|move|p1a: Excuse me sir.|Yawn|p2a: Dragapult\n|-start|p2a: Dragapult|move: Yawn|[of] p1a: Excuse me sir.\n|\n|upkeep\n|turn|8\n|\n|t:|1700479680\n|move|p2a: Dragapult|Draco Meteor|p1a: Excuse me sir.\n|-damage|p1a: Excuse me sir.|0 fnt\n|-unboost|p2a: Dragapult|spa|2\n|faint|p1a: Excuse me sir.\n|\n|-end|p2a: Dragapult|move: Yawn|[silent]\n|-status|p2a: Dragapult|slp\n|upkeep\n|inactive|Not_ryuk has 120 seconds left.\n|\n|t:|1700479692\n|switch|p1a: corleone|Iron Treads|100\/100\n|turn|9\n|inactive|MrCreeperDXD has 120 seconds left.\n|\n|t:|1700479701\n|switch|p2a: Hydreigon|Hydreigon, M, tera:Steel|51\/100\n|move|p1a: corleone|Knock Off|p2a: Hydreigon\n|-damage|p2a: Hydreigon|24\/100\n|-enditem|p2a: Hydreigon|Life Orb|[from] move: Knock Off|[of] p1a: corleone\n|\n|upkeep\n|turn|10\n|\n|t:|1700479715\n|move|p2a: Hydreigon|Crunch|p1a: corleone\n|-damage|p1a: corleone|81\/100\n|move|p1a: corleone|Body Press|p2a: Hydreigon\n|-supereffective|p2a: Hydreigon\n|-damage|p2a: Hydreigon|0 fnt\n|faint|p2a: Hydreigon\n|\n|-heal|p1a: corleone|87\/100|[from] item: Leftovers\n|upkeep\n|\n|t:|1700479724\n|switch|p2a: Iron Valiant|Iron Valiant|90\/100\n|turn|11\n|\n|t:|1700479731\n|move|p2a: Iron Valiant|Destiny Bond|p2a: Iron Valiant\n|-singlemove|p2a: Iron Valiant|Destiny Bond\n|move|p1a: corleone|Stealth Rock|p2a: Iron Valiant\n|-sidestart|p2: MrCreeperDXD|move: Stealth Rock\n|\n|-heal|p1a: corleone|93\/100|[from] item: Leftovers\n|upkeep\n|turn|12\n|\n|t:|1700479739\n|move|p2a: Iron Valiant|Close Combat|p1a: corleone\n|-supereffective|p1a: corleone\n|-damage|p1a: corleone|22\/100\n|-unboost|p2a: Iron Valiant|def|1\n|-unboost|p2a: Iron Valiant|spd|1\n|move|p1a: corleone|Knock Off|p2a: Iron Valiant\n|-resisted|p2a: Iron Valiant\n|-damage|p2a: Iron Valiant|82\/100\n|\n|-heal|p1a: corleone|29\/100|[from] item: Leftovers\n|upkeep\n|turn|13\n|\n|t:|1700479751\n|move|p2a: Iron Valiant|Ice Punch|p1a: corleone\n|-damage|p1a: corleone|12\/100\n|-status|p1a: corleone|frz\n|cant|p1a: corleone|frz\n|\n|-heal|p1a: corleone|18\/100 frz|[from] item: Leftovers\n|upkeep\n|turn|14\n|\n|t:|1700479756\n|move|p2a: Iron Valiant|Ice Punch|p1a: corleone\n|-damage|p1a: corleone|3\/100 frz\n|cant|p1a: corleone|frz\n|\n|-heal|p1a: corleone|9\/100 frz|[from] item: Leftovers\n|upkeep\n|turn|15\n|\n|t:|1700479759\n|move|p2a: Iron Valiant|Ice Punch|p1a: corleone\n|-damage|p1a: corleone|0 fnt\n|faint|p1a: corleone\n|-end|p1a: corleone|Quark Drive|[silent]\n|\n|upkeep\n|c|\u2606MrCreeperDXD|mb bro\n|\n|t:|1700479768\n|switch|p1a: S U S|Amoonguss, M|100\/100\n|turn|16\n|\n|t:|1700479771\n|move|p2a: Iron Valiant|Ice Punch|p1a: S U S\n|-supereffective|p1a: S U S\n|-damage|p1a: S U S|51\/100\n|move|p1a: S U S|Clear Smog|p2a: Iron Valiant\n|-supereffective|p2a: Iron Valiant\n|-damage|p2a: Iron Valiant|0 fnt\n|-clearboost|p2a: Iron Valiant\n|faint|p2a: Iron Valiant\n|-end|p2a: Iron Valiant|Quark Drive|[silent]\n|\n|upkeep\n|\n|t:|1700479778\n|switch|p2a: Cinderace|Cinderace, M|100\/100\n|turn|17\n|\n|t:|1700479784\n|-terastallize|p1a: S U S|Dark\n|move|p2a: Cinderace|Court Change|p2a: Cinderace\n|-start|p2a: Cinderace|typechange|Normal|[from] ability: Libero\n|-swapsideconditions\n|-activate|p2a: Cinderace|move: Court Change\n|move|p1a: S U S|Stomping Tantrum|p2a: Cinderace\n|-damage|p2a: Cinderace|81\/100\n|\n|upkeep\n|turn|18\n|\n|t:|1700479793\n|move|p2a: Cinderace|U-turn|p1a: S U S\n|-supereffective|p1a: S U S\n|-damage|p1a: S U S|7\/100\n|\n|t:|1700479808\n|switch|p2a: Dragapult|Dragapult, M|100\/100 slp|[from] U-turn\n|move|p1a: S U S|Giga Drain|p2a: Dragapult\n|-resisted|p2a: Dragapult\n|-damage|p2a: Dragapult|85\/100 slp\n|-heal|p1a: S U S|12\/100|[from] drain|[of] p2a: Dragapult\n|\n|upkeep\n|turn|19\n|\n|t:|1700479821\n|cant|p2a: Dragapult|slp\n|move|p1a: S U S|Stomping Tantrum|p2a: Dragapult\n|-damage|p2a: Dragapult|65\/100 slp\n|\n|upkeep\n|turn|20\n|\n|t:|1700479825\n|switch|p1a: Electivire 2.0|Pawmot, F|100\/100\n|-damage|p1a: Electivire 2.0|94\/100|[from] Stealth Rock\n|cant|p2a: Dragapult|slp\n|\n|upkeep\n|turn|21\n|\n|t:|1700479830\n|-curestatus|p2a: Dragapult|slp|[msg]\n|move|p2a: Dragapult|Draco Meteor|p1a: Electivire 2.0\n|-damage|p1a: Electivire 2.0|0 fnt\n|-unboost|p2a: Dragapult|spa|2\n|faint|p1a: Electivire 2.0\n|\n|upkeep\n|\n|t:|1700479835\n|switch|p1a: BUFF|Dragonite, M|100\/100\n|-damage|p1a: BUFF|75\/100|[from] Stealth Rock\n|turn|22\n|\n|t:|1700479841\n|move|p2a: Dragapult|Draco Meteor|p1a: BUFF\n|-supereffective|p1a: BUFF\n|-damage|p1a: BUFF|0 fnt\n|-unboost|p2a: Dragapult|spa|2\n|faint|p1a: BUFF\n|\n|upkeep\n|-message|Not_ryuk forfeited.\n|\n|win|MrCreeperDXD\n|raw|Not_ryuk's rating: 1016 &rarr; <strong>1004<\/strong><br \/>(-12 for losing)\n|raw|MrCreeperDXD's rating: 1041 &rarr; <strong>1072<\/strong><br \/>(+31 for winning)\n|l|\u2606Not_ryuk\n","uploadtime":1700479850,"views":13,"p1id":"notryuk","p2id":"mrcreeperdxd","formatid":"gen9ou","rating":1004,"private":0,"password":""}