{"id":"gen9ou-1989812375","p1":"Bruhmomentous","p2":"sircarroza","format":"[Gen 9] OU","log":"|j|\u2606Bruhmomentous\n|j|\u2606sircarroza\n|t:|1699897802\n|gametype|singles\n|player|p1|Bruhmomentous|steven|1400\n|player|p2|sircarroza|giovanni|1357\n|teamsize|p1|6\n|teamsize|p2|6\n|gen|9\n|tier|[Gen 9] OU\n|rated|\n|rule|Sleep Clause Mod: Limit one foe put to sleep\n|rule|Species Clause: Limit one of each Pok\u00e9mon\n|rule|OHKO Clause: OHKO moves are banned\n|rule|Evasion Items Clause: Evasion items are banned\n|rule|Evasion Moves Clause: Evasion moves are banned\n|rule|Endless Battle Clause: Forcing endless battles is banned\n|rule|HP Percentage Mod: HP is shown in percentages\n|clearpoke\n|poke|p1|Iron Jugulis|\n|poke|p1|Ogerpon-Wellspring, F|\n|poke|p1|Tinkaton, F|\n|poke|p1|Iron Moth|\n|poke|p1|Great Tusk|\n|poke|p1|Dragapult, F|\n|poke|p2|Slowking, M|\n|poke|p2|Iron Treads|\n|poke|p2|Breloom, M|\n|poke|p2|Sinistcha|\n|poke|p2|Iron Valiant|\n|poke|p2|Greninja-*, M|\n|teampreview\n|inactive|Battle timer is ON: inactive players will automatically lose when time's up. (requested by Bruhmomentous)\n|j| Nirvada2000\n|l| Nirvada2000\n|\n|t:|1699897831\n|start\n|switch|p1a: TWINKATON|Tinkaton, F|100\/100\n|switch|p2a: Slowgod|Slowking, M|100\/100\n|-item|p1a: TWINKATON|Air Balloon\n|turn|1\n|\n|t:|1699897850\n|-terastallize|p2a: Slowgod|Water\n|move|p1a: TWINKATON|Stealth Rock|p2a: Slowgod\n|-sidestart|p2: sircarroza|move: Stealth Rock\n|move|p2a: Slowgod|Surf|p1a: TWINKATON\n|-damage|p1a: TWINKATON|66\/100\n|-enditem|p1a: TWINKATON|Air Balloon\n|\n|upkeep\n|turn|2\n|\n|t:|1699897857\n|move|p1a: TWINKATON|Thunder Wave|p2a: Slowgod\n|-status|p2a: Slowgod|par\n|move|p2a: Slowgod|Future Sight|p1a: TWINKATON\n|-start|p2a: Slowgod|move: Future Sight\n|\n|upkeep\n|turn|3\n|\n|t:|1699897866\n|switch|p1a: Ogerpon|Ogerpon-Wellspring, F|100\/100\n|move|p2a: Slowgod|Calm Mind|p2a: Slowgod\n|-boost|p2a: Slowgod|spa|1\n|-boost|p2a: Slowgod|spd|1\n|\n|upkeep\n|turn|4\n|\n|t:|1699897877\n|switch|p2a: Supremo|Sinistcha, shiny|100\/100\n|-damage|p2a: Supremo|88\/100|[from] Stealth Rock\n|move|p1a: Ogerpon|Horn Leech|p2a: Supremo\n|-resisted|p2a: Supremo\n|-damage|p2a: Supremo|74\/100\n|\n|-end|p1a: Ogerpon|move: Future Sight\n|-damage|p1a: Ogerpon|50\/100\n|-heal|p2a: Supremo|80\/100|[from] item: Leftovers\n|upkeep\n|turn|5\n|\n|t:|1699897895\n|switch|p1a: Dragapult|Dragapult, F|100\/100\n|move|p2a: Supremo|Strength Sap|p1a: Dragapult\n|-fail|p1a: Dragapult|unboost|[from] ability: Clear Body|[of] p1a: Dragapult\n|-heal|p2a: Supremo|100\/100\n|\n|upkeep\n|turn|6\n|\n|t:|1699897909\n|switch|p2a: Trompa de Falopio|Iron Treads, shiny|100\/100\n|-damage|p2a: Trompa de Falopio|98\/100|[from] Stealth Rock\n|move|p1a: Dragapult|U-turn|p2a: Trompa de Falopio\n|-resisted|p2a: Trompa de Falopio\n|-damage|p2a: Trompa de Falopio|91\/100\n|\n|t:|1699897917\n|switch|p1a: Ogerpon|Ogerpon-Wellspring, F|50\/100|[from] U-turn\n|\n|-heal|p2a: Trompa de Falopio|97\/100|[from] item: Leftovers\n|upkeep\n|turn|7\n|\n|t:|1699897922\n|-terastallize|p1a: Ogerpon|Water\n|detailschange|p1a: Ogerpon|Ogerpon-Wellspring-Tera, F, tera:Water\n|-ability|p1a: Ogerpon|Embody Aspect (Wellspring)|boost\n|-boost|p1a: Ogerpon|spd|1\n|move|p1a: Ogerpon|Ivy Cudgel|p2a: Trompa de Falopio\n|-supereffective|p2a: Trompa de Falopio\n|-damage|p2a: Trompa de Falopio|0 fnt\n|faint|p2a: Trompa de Falopio\n|-end|p2a: Trompa de Falopio|Quark Drive|[silent]\n|\n|upkeep\n|\n|t:|1699897930\n|switch|p2a: Supremo|Sinistcha, shiny|100\/100\n|-damage|p2a: Supremo|88\/100|[from] Stealth Rock\n|turn|8\n|\n|t:|1699897933\n|move|p1a: Ogerpon|Spikes|p2a: Supremo\n|-sidestart|p2: sircarroza|Spikes\n|move|p2a: Supremo|Matcha Gotcha|p1a: Ogerpon\n|-supereffective|p1a: Ogerpon\n|-damage|p1a: Ogerpon|0 fnt\n|-heal|p2a: Supremo|100\/100|[from] drain|[of] p1a: Ogerpon\n|faint|p1a: Ogerpon\n|\n|upkeep\n|\n|t:|1699897957\n|switch|p1a: Dragapult|Dragapult, F|100\/100\n|turn|9\n|\n|t:|1699897963\n|switch|p2a: Slowgod|Slowking, M, tera:Water|100\/100 par\n|-damage|p2a: Slowgod|88\/100 par|[from] Stealth Rock\n|-damage|p2a: Slowgod|76\/100 par|[from] Spikes\n|move|p1a: Dragapult|Shadow Ball|p2a: Slowgod\n|-damage|p2a: Slowgod|45\/100 par\n|\n|-heal|p2a: Slowgod|51\/100 par|[from] item: Leftovers\n|upkeep\n|turn|10\n|\n|t:|1699897972\n|move|p1a: Dragapult|Shadow Ball|p2a: Slowgod\n|-damage|p2a: Slowgod|21\/100 par\n|move|p2a: Slowgod|Chilly Reception|p2a: Slowgod\n|-weather|Snow\n|\n|t:|1699897978\n|switch|p2a: Greninja|Greninja, M|100\/100|[from] Chilly Reception\n|-damage|p2a: Greninja|88\/100|[from] Stealth Rock\n|-damage|p2a: Greninja|76\/100|[from] Spikes\n|\n|-weather|Snow|[upkeep]\n|upkeep\n|turn|11\n|\n|t:|1699897986\n|switch|p1a: TWINKATON|Tinkaton, F|66\/100\n|move|p2a: Greninja|Surf|p1a: TWINKATON\n|-start|p2a: Greninja|typechange|Water|[from] ability: Protean\n|-damage|p1a: TWINKATON|17\/100\n|\n|-weather|Snow|[upkeep]\n|upkeep\n|turn|12\n|\n|t:|1699897996\n|switch|p1a: Dragapult|Dragapult, F|100\/100\n|move|p2a: Greninja|Surf|p1a: Dragapult\n|-resisted|p1a: Dragapult\n|-damage|p1a: Dragapult|63\/100\n|\n|-weather|Snow|[upkeep]\n|upkeep\n|turn|13\n|\n|t:|1699898008\n|switch|p2a: Valentin|Iron Valiant|100\/100\n|-damage|p2a: Valentin|94\/100|[from] Stealth Rock\n|-damage|p2a: Valentin|82\/100|[from] Spikes\n|move|p1a: Dragapult|Thunderbolt|p2a: Valentin\n|-crit|p2a: Valentin\n|-damage|p2a: Valentin|0 fnt\n|faint|p2a: Valentin\n|-end|p2a: Valentin|Quark Drive|[silent]\n|\n|-weather|Snow|[upkeep]\n|upkeep\n|\n|t:|1699898018\n|switch|p2a: Supremo|Sinistcha, shiny|100\/100\n|-damage|p2a: Supremo|88\/100|[from] Stealth Rock\n|-damage|p2a: Supremo|76\/100|[from] Spikes\n|turn|14\n|\n|t:|1699898022\n|switch|p1a: TWINKATON|Tinkaton, F|17\/100\n|move|p2a: Supremo|Calm Mind|p2a: Supremo\n|-boost|p2a: Supremo|spa|1\n|-boost|p2a: Supremo|spd|1\n|\n|-weather|none\n|-heal|p2a: Supremo|82\/100|[from] item: Leftovers\n|upkeep\n|turn|15\n|\n|t:|1699898029\n|move|p1a: TWINKATON|Encore|p2a: Supremo\n|-start|p2a: Supremo|Encore\n|move|p2a: Supremo|Calm Mind|p2a: Supremo\n|-boost|p2a: Supremo|spa|1\n|-boost|p2a: Supremo|spd|1\n|\n|-heal|p2a: Supremo|88\/100|[from] item: Leftovers\n|upkeep\n|turn|16\n|\n|t:|1699898036\n|move|p1a: TWINKATON|Play Rough|p2a: Supremo\n|-damage|p2a: Supremo|70\/100\n|move|p2a: Supremo|Calm Mind|p2a: Supremo\n|-boost|p2a: Supremo|spa|1\n|-boost|p2a: Supremo|spd|1\n|\n|-heal|p2a: Supremo|76\/100|[from] item: Leftovers\n|upkeep\n|turn|17\n|\n|t:|1699898043\n|move|p1a: TWINKATON|Thunder Wave|p2a: Supremo\n|-status|p2a: Supremo|par\n|cant|p2a: Supremo|par\n|\n|-heal|p2a: Supremo|82\/100 par|[from] item: Leftovers\n|-end|p2a: Supremo|Encore\n|upkeep\n|turn|18\n|\n|t:|1699898056\n|move|p1a: TWINKATON|Encore|p2a: Supremo\n|-start|p2a: Supremo|Encore\n|cant|p2a: Supremo|par\n|\n|-heal|p2a: Supremo|88\/100 par|[from] item: Leftovers\n|upkeep\n|turn|19\n|\n|t:|1699898067\n|move|p1a: TWINKATON|Play Rough|p2a: Supremo\n|-damage|p2a: Supremo|70\/100 par\n|move|p2a: Supremo|Calm Mind|p2a: Supremo\n|-boost|p2a: Supremo|spa|1\n|-boost|p2a: Supremo|spd|1\n|\n|-heal|p2a: Supremo|76\/100 par|[from] item: Leftovers\n|upkeep\n|turn|20\n|\n|t:|1699898075\n|move|p1a: TWINKATON|Play Rough|p2a: Supremo\n|-damage|p2a: Supremo|60\/100 par\n|move|p2a: Supremo|Calm Mind|p2a: Supremo\n|-boost|p2a: Supremo|spa|1\n|-boost|p2a: Supremo|spd|1\n|\n|-heal|p2a: Supremo|66\/100 par|[from] item: Leftovers\n|-end|p2a: Supremo|Encore\n|upkeep\n|turn|21\n|\n|t:|1699898083\n|move|p1a: TWINKATON|Encore|p2a: Supremo\n|-start|p2a: Supremo|Encore\n|move|p2a: Supremo|Calm Mind|p2a: Supremo\n|-boost|p2a: Supremo|spa|1\n|-boost|p2a: Supremo|spd|1\n|\n|-heal|p2a: Supremo|72\/100 par|[from] item: Leftovers\n|upkeep\n|turn|22\n|c|\u2606Bruhmomentous|You will not stop until I tell you to :)\n|\n|t:|1699898104\n|move|p1a: TWINKATON|Play Rough|p2a: Supremo\n|-crit|p2a: Supremo\n|-damage|p2a: Supremo|48\/100 par\n|move|p2a: Supremo|Calm Mind|p2a: Supremo\n|-boost|p2a: Supremo|spa|0\n|-boost|p2a: Supremo|spd|0\n|\n|-heal|p2a: Supremo|54\/100 par|[from] item: Leftovers\n|upkeep\n|turn|23\n|\n|t:|1699898112\n|move|p1a: TWINKATON|Play Rough|p2a: Supremo\n|-damage|p2a: Supremo|35\/100 par\n|move|p2a: Supremo|Calm Mind|p2a: Supremo\n|-boost|p2a: Supremo|spa|0\n|-boost|p2a: Supremo|spd|0\n|\n|-heal|p2a: Supremo|42\/100 par|[from] item: Leftovers\n|-end|p2a: Supremo|Encore\n|upkeep\n|turn|24\n|c|\u2606Bruhmomentous|I wanna see if I can get you to struggle :D\n|\n|t:|1699898137\n|move|p1a: TWINKATON|Encore|p2a: Supremo\n|-start|p2a: Supremo|Encore\n|move|p2a: Supremo|Calm Mind|p2a: Supremo\n|-boost|p2a: Supremo|spa|0\n|-boost|p2a: Supremo|spd|0\n|\n|-heal|p2a: Supremo|48\/100 par|[from] item: Leftovers\n|upkeep\n|turn|25\n|\n|t:|1699898144\n|move|p1a: TWINKATON|Play Rough|p2a: Supremo\n|-damage|p2a: Supremo|29\/100 par\n|move|p2a: Supremo|Calm Mind|p2a: Supremo\n|-boost|p2a: Supremo|spa|0\n|-boost|p2a: Supremo|spd|0\n|\n|-heal|p2a: Supremo|35\/100 par|[from] item: Leftovers\n|upkeep\n|turn|26\n|\n|t:|1699898151\n|move|p1a: TWINKATON|Play Rough|p2a: Supremo\n|-damage|p2a: Supremo|18\/100 par\n|move|p2a: Supremo|Calm Mind|p2a: Supremo\n|-boost|p2a: Supremo|spa|0\n|-boost|p2a: Supremo|spd|0\n|\n|-heal|p2a: Supremo|24\/100 par|[from] item: Leftovers\n|-end|p2a: Supremo|Encore\n|upkeep\n|turn|27\n|\n|t:|1699898161\n|move|p1a: TWINKATON|Encore|p2a: Supremo\n|-start|p2a: Supremo|Encore\n|move|p2a: Supremo|Calm Mind|p2a: Supremo\n|-boost|p2a: Supremo|spa|0\n|-boost|p2a: Supremo|spd|0\n|\n|-heal|p2a: Supremo|30\/100 par|[from] item: Leftovers\n|upkeep\n|turn|28\n|\n|t:|1699898168\n|move|p1a: TWINKATON|Play Rough|p2a: Supremo\n|-damage|p2a: Supremo|12\/100 par\n|-unboost|p2a: Supremo|atk|1\n|move|p2a: Supremo|Calm Mind|p2a: Supremo\n|-boost|p2a: Supremo|spa|0\n|-boost|p2a: Supremo|spd|0\n|\n|-heal|p2a: Supremo|18\/100 par|[from] item: Leftovers\n|upkeep\n|turn|29\n|\n|t:|1699898176\n|move|p1a: TWINKATON|Play Rough|p2a: Supremo\n|-damage|p2a: Supremo|0 fnt\n|faint|p2a: Supremo\n|\n|upkeep\n|\n|t:|1699898181\n|switch|p2a: Freud|Breloom, M|100\/100\n|-damage|p2a: Freud|94\/100|[from] Stealth Rock\n|-damage|p2a: Freud|82\/100|[from] Spikes\n|turn|30\n|\n|t:|1699898186\n|move|p1a: TWINKATON|Play Rough|p2a: Freud\n|-supereffective|p2a: Freud\n|-damage|p2a: Freud|9\/100\n|-unboost|p2a: Freud|atk|1\n|move|p2a: Freud|Swords Dance|p2a: Freud\n|-boost|p2a: Freud|atk|2\n|\n|upkeep\n|turn|31\n|\n|t:|1699898196\n|move|p1a: TWINKATON|Play Rough|p2a: Freud\n|-supereffective|p2a: Freud\n|-damage|p2a: Freud|0 fnt\n|faint|p2a: Freud\n|\n|upkeep\n|c|\u2606Bruhmomentous|gg\n|\n|t:|1699898201\n|switch|p2a: Slowgod|Slowking, M, tera:Water|54\/100 par\n|-damage|p2a: Slowgod|42\/100 par|[from] Stealth Rock\n|-damage|p2a: Slowgod|29\/100 par|[from] Spikes\n|turn|32\n|\n|t:|1699898208\n|move|p1a: TWINKATON|Play Rough|p2a: Slowgod|[miss]\n|-miss|p1a: TWINKATON|p2a: Slowgod\n|move|p2a: Slowgod|Calm Mind|p2a: Slowgod\n|-boost|p2a: Slowgod|spa|1\n|-boost|p2a: Slowgod|spd|1\n|\n|-heal|p2a: Slowgod|35\/100 par|[from] item: Leftovers\n|upkeep\n|turn|33\n|\n|t:|1699898215\n|move|p1a: TWINKATON|Play Rough|p2a: Slowgod\n|-damage|p2a: Slowgod|9\/100 par\n|move|p2a: Slowgod|Calm Mind|p2a: Slowgod\n|-boost|p2a: Slowgod|spa|1\n|-boost|p2a: Slowgod|spd|1\n|\n|-heal|p2a: Slowgod|15\/100 par|[from] item: Leftovers\n|upkeep\n|turn|34\n|\n|t:|1699898222\n|move|p1a: TWINKATON|Play Rough|p2a: Slowgod\n|-damage|p2a: Slowgod|0 fnt\n|faint|p2a: Slowgod\n|\n|upkeep\n|\n|t:|1699898226\n|switch|p2a: Greninja|Greninja, M|76\/100\n|-damage|p2a: Greninja|64\/100|[from] Stealth Rock\n|-damage|p2a: Greninja|51\/100|[from] Spikes\n|turn|35\n|\n|t:|1699898233\n|switch|p1a: Dragapult|Dragapult, F|63\/100\n|move|p2a: Greninja|U-turn|p1a: Dragapult\n|-start|p2a: Greninja|typechange|Bug|[from] ability: Protean\n|-resisted|p1a: Dragapult\n|-damage|p1a: Dragapult|48\/100\n|\n|upkeep\n|turn|36\n|\n|t:|1699898243\n|move|p1a: Dragapult|Draco Meteor|p2a: Greninja\n|-damage|p2a: Greninja|0 fnt\n|-unboost|p1a: Dragapult|spa|2\n|faint|p2a: Greninja\n|\n|win|Bruhmomentous\n|raw|Bruhmomentous's rating: 1400 &rarr; <strong>1418<\/strong><br \/>(+18 for winning)\n|raw|sircarroza's rating: 1357 &rarr; <strong>1339<\/strong><br \/>(-18 for losing)\n|l|\u2606sircarroza\n","uploadtime":1699898263,"views":7,"p1id":"bruhmomentous","p2id":"sircarroza","formatid":"gen9ou","rating":1339,"private":0,"password":""}