{"id":"gen9ou-1991017185","p1":"RayParK_","p2":"Saimasseuh v10","format":"[Gen 9] OU","log":"|j|\u2606RayParK_\n|j|\u2606Saimasseuh v10\n|t:|1700028648\n|gametype|singles\n|player|p1|RayParK_|2|1678\n|player|p2|Saimasseuh v10|102|1897\n|teamsize|p1|6\n|teamsize|p2|6\n|gen|9\n|tier|[Gen 9] OU\n|rated|\n|rule|Sleep Clause Mod: Limit one foe put to sleep\n|rule|Species Clause: Limit one of each Pok\u00e9mon\n|rule|OHKO Clause: OHKO moves are banned\n|rule|Evasion Items Clause: Evasion items are banned\n|rule|Evasion Moves Clause: Evasion moves are banned\n|rule|Endless Battle Clause: Forcing endless battles is banned\n|rule|HP Percentage Mod: HP is shown in percentages\n|clearpoke\n|poke|p1|Great Tusk|\n|poke|p1|Slowking-Galar, M|\n|poke|p1|Kingambit, M|\n|poke|p1|Zamazenta-*|\n|poke|p1|Landorus-Therian, M|\n|poke|p1|Gholdengo|\n|poke|p2|Ting-Lu|\n|poke|p2|Iron Valiant|\n|poke|p2|Clodsire, F|\n|poke|p2|Dragonite, M|\n|poke|p2|Gholdengo|\n|poke|p2|Great Tusk|\n|teampreview\n|inactive|Battle timer is ON: inactive players will automatically lose when time's up. (requested by Saimasseuh v10)\n|j| Frank128\n|\n|t:|1700028674\n|start\n|switch|p1a: Zamazenta|Zamazenta|100\/100\n|switch|p2a: Iron Valiant|Iron Valiant|100\/100\n|-ability|p1a: Zamazenta|Dauntless Shield|boost\n|-boost|p1a: Zamazenta|def|1\n|turn|1\n|\n|t:|1700028690\n|switch|p1a: Gholdengo|Gholdengo|100\/100\n|-end|p2a: Iron Valiant|Quark Drive|[silent]\n|switch|p2a: Clodsire|Clodsire, F|100\/100\n|\n|upkeep\n|turn|2\n|\n|t:|1700028704\n|switch|p1a: Landorus|Landorus-Therian, M, shiny|100\/100\n|-ability|p1a: Landorus|Intimidate|boost\n|-unboost|p2a: Clodsire|atk|1\n|move|p2a: Clodsire|Earthquake|p1a: Landorus\n|-immune|p1a: Landorus\n|\n|upkeep\n|turn|3\n|\n|t:|1700028712\n|switch|p2a: Great Tusk|Great Tusk|100\/100\n|move|p1a: Landorus|Stealth Rock|p2a: Great Tusk\n|-sidestart|p2: Saimasseuh v10|move: Stealth Rock\n|\n|upkeep\n|turn|4\n|\n|t:|1700028716\n|move|p1a: Landorus|Grass Knot|p2a: Great Tusk\n|-supereffective|p2a: Great Tusk\n|-damage|p2a: Great Tusk|35\/100\n|move|p2a: Great Tusk|Ice Spinner|p1a: Landorus\n|-supereffective|p1a: Landorus\n|-enditem|p1a: Landorus|Yache Berry|[eat]\n|-enditem|p1a: Landorus|Yache Berry|[weaken]\n|-damage|p1a: Landorus|70\/100\n|\n|-heal|p2a: Great Tusk|41\/100|[from] item: Leftovers\n|upkeep\n|turn|5\n|\n|t:|1700028733\n|-end|p2a: Great Tusk|Protosynthesis|[silent]\n|switch|p2a: Iron Valiant|Iron Valiant|100\/100\n|-damage|p2a: Iron Valiant|94\/100|[from] Stealth Rock\n|-terastallize|p1a: Landorus|Water\n|move|p1a: Landorus|Grass Knot|p2a: Iron Valiant\n|-damage|p2a: Iron Valiant|71\/100\n|\n|upkeep\n|turn|6\n|\n|t:|1700028745\n|switch|p1a: Slowking|Slowking-Galar, M|100\/100\n|move|p2a: Iron Valiant|Shadow Ball|p1a: Slowking\n|-supereffective|p1a: Slowking\n|-damage|p1a: Slowking|63\/100\n|\n|upkeep\n|turn|7\n|\n|t:|1700028751\n|-end|p2a: Iron Valiant|Quark Drive|[silent]\n|switch|p2a: Ting-Lu|Ting-Lu|100\/100\n|-damage|p2a: Ting-Lu|94\/100|[from] Stealth Rock\n|-ability|p2a: Ting-Lu|Vessel of Ruin\n|move|p1a: Slowking|Psychic|p2a: Ting-Lu\n|-immune|p2a: Ting-Lu\n|\n|-heal|p2a: Ting-Lu|100\/100|[from] item: Leftovers\n|upkeep\n|turn|8\n|\n|t:|1700028763\n|switch|p1a: Zamazenta|Zamazenta|100\/100\n|move|p2a: Ting-Lu|Stealth Rock|p1a: Zamazenta\n|-sidestart|p1: RayParK_|move: Stealth Rock\n|\n|upkeep\n|turn|9\n|\n|t:|1700028775\n|switch|p2a: Gholdengo|Gholdengo|100\/100\n|-damage|p2a: Gholdengo|94\/100|[from] Stealth Rock\n|move|p1a: Zamazenta|Close Combat|p2a: Gholdengo\n|-immune|p2a: Gholdengo\n|\n|upkeep\n|turn|10\n|\n|t:|1700028782\n|switch|p1a: Kingambit|Kingambit, M|100\/100\n|-damage|p1a: Kingambit|94\/100|[from] Stealth Rock\n|move|p2a: Gholdengo|Shadow Ball|p1a: Kingambit\n|-resisted|p1a: Kingambit\n|-damage|p1a: Kingambit|78\/100\n|\n|upkeep\n|turn|11\n|\n|t:|1700028802\n|switch|p2a: Ting-Lu|Ting-Lu|100\/100\n|-damage|p2a: Ting-Lu|94\/100|[from] Stealth Rock\n|-ability|p2a: Ting-Lu|Vessel of Ruin\n|move|p1a: Kingambit|Swords Dance|p1a: Kingambit\n|-boost|p1a: Kingambit|atk|2\n|\n|-heal|p2a: Ting-Lu|100\/100|[from] item: Leftovers\n|upkeep\n|turn|12\n|\n|t:|1700028814\n|switch|p2a: Gholdengo|Gholdengo|94\/100\n|-damage|p2a: Gholdengo|88\/100|[from] Stealth Rock\n|move|p1a: Kingambit|Iron Head|p2a: Gholdengo\n|-resisted|p2a: Gholdengo\n|-damage|p2a: Gholdengo|44\/100\n|\n|upkeep\n|turn|13\n|\n|t:|1700028825\n|move|p1a: Kingambit|Sucker Punch||[still]\n|-fail|p1a: Kingambit\n|move|p2a: Gholdengo|Trick|p1a: Kingambit\n|-activate|p2a: Gholdengo|move: Trick|[of] p1a: Kingambit\n|-item|p1a: Kingambit|Choice Scarf|[from] move: Trick\n|-item|p2a: Gholdengo|Black Glasses|[from] move: Trick\n|\n|upkeep\n|turn|14\n|\n|t:|1700028842\n|move|p2a: Gholdengo|Make It Rain|p1a: Kingambit\n|-resisted|p1a: Kingambit\n|-damage|p1a: Kingambit|52\/100\n|-unboost|p2a: Gholdengo|spa|1\n|move|p1a: Kingambit|Kowtow Cleave|p2a: Gholdengo\n|-supereffective|p2a: Gholdengo\n|-damage|p2a: Gholdengo|0 fnt\n|faint|p2a: Gholdengo\n|\n|upkeep\n|\n|t:|1700028846\n|switch|p2a: Iron Valiant|Iron Valiant|71\/100\n|-damage|p2a: Iron Valiant|65\/100|[from] Stealth Rock\n|turn|15\n|\n|t:|1700028857\n|-end|p1a: Kingambit|fallenundefined|[silent]\n|switch|p1a: Slowking|Slowking-Galar, M|97\/100\n|-damage|p1a: Slowking|84\/100|[from] Stealth Rock\n|move|p2a: Iron Valiant|Moonblast|p1a: Slowking\n|-resisted|p1a: Slowking\n|-damage|p1a: Slowking|69\/100\n|\n|upkeep\n|turn|16\n|\n|t:|1700028867\n|switch|p1a: Great Tusk|Great Tusk|100\/100\n|-damage|p1a: Great Tusk|98\/100|[from] Stealth Rock\n|move|p2a: Iron Valiant|Moonblast|p1a: Great Tusk\n|-supereffective|p1a: Great Tusk\n|-crit|p1a: Great Tusk\n|-damage|p1a: Great Tusk|0 fnt\n|faint|p1a: Great Tusk\n|-end|p1a: Great Tusk|Protosynthesis|[silent]\n|\n|upkeep\n|\n|t:|1700028882\n|switch|p1a: Gholdengo|Gholdengo|100\/100\n|-damage|p1a: Gholdengo|94\/100|[from] Stealth Rock\n|turn|17\n|\n|t:|1700028887\n|-end|p2a: Iron Valiant|Quark Drive|[silent]\n|switch|p2a: Clodsire|Clodsire, F|100\/100\n|-damage|p2a: Clodsire|94\/100|[from] Stealth Rock\n|move|p1a: Gholdengo|Make It Rain|p2a: Clodsire\n|-damage|p2a: Clodsire|48\/100\n|-unboost|p1a: Gholdengo|spa|1\n|\n|-heal|p2a: Clodsire|55\/100|[from] item: Black Sludge\n|upkeep\n|turn|18\n|\n|t:|1700028902\n|switch|p1a: Landorus|Landorus-Therian, M, shiny, tera:Water|70\/100\n|-damage|p1a: Landorus|58\/100|[from] Stealth Rock\n|-ability|p1a: Landorus|Intimidate|boost\n|-unboost|p2a: Clodsire|atk|1\n|switch|p2a: Ting-Lu|Ting-Lu|100\/100\n|-damage|p2a: Ting-Lu|94\/100|[from] Stealth Rock\n|-ability|p2a: Ting-Lu|Vessel of Ruin\n|\n|-heal|p2a: Ting-Lu|100\/100|[from] item: Leftovers\n|upkeep\n|turn|19\n|\n|t:|1700028917\n|switch|p1a: Zamazenta|Zamazenta|100\/100\n|-damage|p1a: Zamazenta|94\/100|[from] Stealth Rock\n|move|p2a: Ting-Lu|Spikes|p1a: Zamazenta\n|-sidestart|p1: RayParK_|Spikes\n|\n|upkeep\n|turn|20\n|\n|t:|1700028927\n|move|p1a: Zamazenta|Close Combat|p2a: Ting-Lu\n|-supereffective|p2a: Ting-Lu\n|-crit|p2a: Ting-Lu\n|-damage|p2a: Ting-Lu|0 fnt\n|-unboost|p1a: Zamazenta|def|1\n|-unboost|p1a: Zamazenta|spd|1\n|faint|p2a: Ting-Lu\n|\n|upkeep\n|\n|t:|1700028940\n|switch|p2a: Iron Valiant|Iron Valiant|65\/100\n|-damage|p2a: Iron Valiant|59\/100|[from] Stealth Rock\n|turn|21\n|\n|t:|1700028945\n|switch|p1a: Slowking|Slowking-Galar, M|100\/100\n|-damage|p1a: Slowking|88\/100|[from] Stealth Rock\n|-damage|p1a: Slowking|76\/100|[from] Spikes\n|move|p2a: Iron Valiant|Shadow Ball|p1a: Slowking\n|-supereffective|p1a: Slowking\n|-damage|p1a: Slowking|43\/100\n|-unboost|p1a: Slowking|spd|1\n|\n|upkeep\n|turn|22\n|\n|t:|1700028955\n|move|p2a: Iron Valiant|Shadow Ball|p1a: Slowking\n|-supereffective|p1a: Slowking\n|-damage|p1a: Slowking|0 fnt\n|faint|p1a: Slowking\n|\n|upkeep\n|\n|t:|1700028962\n|switch|p1a: Gholdengo|Gholdengo|94\/100\n|-damage|p1a: Gholdengo|88\/100|[from] Stealth Rock\n|-damage|p1a: Gholdengo|76\/100|[from] Spikes\n|turn|23\n|\n|t:|1700028980\n|-end|p2a: Iron Valiant|Quark Drive|[silent]\n|switch|p2a: Great Tusk|Great Tusk|41\/100\n|-damage|p2a: Great Tusk|38\/100|[from] Stealth Rock\n|move|p1a: Gholdengo|Make It Rain|p2a: Great Tusk\n|-damage|p2a: Great Tusk|0 fnt\n|-unboost|p1a: Gholdengo|spa|1\n|faint|p2a: Great Tusk\n|-end|p2a: Great Tusk|Protosynthesis|[silent]\n|\n|upkeep\n|\n|t:|1700028982\n|switch|p2a: Dragonite|Dragonite, M|100\/100\n|turn|24\n|\n|t:|1700028995\n|switch|p1a: Landorus|Landorus-Therian, M, shiny, tera:Water|58\/100\n|-damage|p1a: Landorus|46\/100|[from] Stealth Rock\n|-damage|p1a: Landorus|33\/100|[from] Spikes\n|-ability|p1a: Landorus|Intimidate|boost\n|-unboost|p2a: Dragonite|atk|1\n|move|p2a: Dragonite|Dragon Dance|p2a: Dragonite\n|-boost|p2a: Dragonite|atk|1\n|-boost|p2a: Dragonite|spe|1\n|\n|upkeep\n|turn|25\n|\n|t:|1700029006\n|move|p2a: Dragonite|Dragon Dance|p2a: Dragonite\n|-boost|p2a: Dragonite|atk|1\n|-boost|p2a: Dragonite|spe|1\n|move|p1a: Landorus|Stone Edge|p2a: Dragonite\n|-supereffective|p2a: Dragonite\n|-damage|p2a: Dragonite|68\/100\n|\n|upkeep\n|turn|26\n|\n|t:|1700029013\n|move|p2a: Dragonite|Earthquake|p1a: Landorus\n|-damage|p1a: Landorus|0 fnt\n|faint|p1a: Landorus\n|\n|upkeep\n|\n|t:|1700029019\n|switch|p1a: Zamazenta|Zamazenta|94\/100\n|-damage|p1a: Zamazenta|88\/100|[from] Stealth Rock\n|-damage|p1a: Zamazenta|76\/100|[from] Spikes\n|turn|27\n|\n|t:|1700029025\n|move|p2a: Dragonite|Hurricane|p1a: Zamazenta\n|-supereffective|p1a: Zamazenta\n|-damage|p1a: Zamazenta|7\/100\n|move|p1a: Zamazenta|Ice Fang|p2a: Dragonite\n|-supereffective|p2a: Dragonite\n|-damage|p2a: Dragonite|0 fnt\n|faint|p2a: Dragonite\n|\n|upkeep\n|\n|t:|1700029033\n|switch|p2a: Iron Valiant|Iron Valiant|59\/100\n|-damage|p2a: Iron Valiant|53\/100|[from] Stealth Rock\n|turn|28\n|\n|t:|1700029041\n|move|p1a: Zamazenta|Ice Fang|p2a: Iron Valiant\n|-damage|p2a: Iron Valiant|10\/100\n|move|p2a: Iron Valiant|Moonblast|p1a: Zamazenta\n|-supereffective|p1a: Zamazenta\n|-damage|p1a: Zamazenta|0 fnt\n|faint|p1a: Zamazenta\n|\n|upkeep\n|\n|t:|1700029049\n|switch|p1a: Gholdengo|Gholdengo|76\/100\n|-damage|p1a: Gholdengo|70\/100|[from] Stealth Rock\n|-damage|p1a: Gholdengo|58\/100|[from] Spikes\n|turn|29\n|\n|t:|1700029060\n|move|p1a: Gholdengo|Make It Rain|p2a: Iron Valiant\n|-supereffective|p2a: Iron Valiant\n|-damage|p2a: Iron Valiant|0 fnt\n|-unboost|p1a: Gholdengo|spa|1\n|faint|p2a: Iron Valiant\n|-end|p2a: Iron Valiant|Quark Drive|[silent]\n|\n|upkeep\n|\n|t:|1700029062\n|switch|p2a: Clodsire|Clodsire, F|55\/100\n|-damage|p2a: Clodsire|48\/100|[from] Stealth Rock\n|turn|30\n|\n|t:|1700029071\n|switch|p1a: Kingambit|Kingambit, M|52\/100\n|-damage|p1a: Kingambit|46\/100|[from] Stealth Rock\n|-damage|p1a: Kingambit|34\/100|[from] Spikes\n|-activate|p1a: Kingambit|ability: Supreme Overlord\n|-start|p1a: Kingambit|fallen4|[silent]\n|move|p2a: Clodsire|Earthquake|p1a: Kingambit\n|-supereffective|p1a: Kingambit\n|-damage|p1a: Kingambit|0 fnt\n|faint|p1a: Kingambit\n|-end|p1a: Kingambit|fallen4|[silent]\n|\n|-heal|p2a: Clodsire|55\/100|[from] item: Black Sludge\n|upkeep\n|\n|t:|1700029083\n|switch|p1a: Gholdengo|Gholdengo|58\/100\n|-damage|p1a: Gholdengo|52\/100|[from] Stealth Rock\n|-damage|p1a: Gholdengo|39\/100|[from] Spikes\n|turn|31\n|\n|t:|1700029090\n|move|p1a: Gholdengo|Make It Rain|p2a: Clodsire\n|-damage|p2a: Clodsire|11\/100\n|-unboost|p1a: Gholdengo|spa|1\n|move|p2a: Clodsire|Earthquake|p1a: Gholdengo\n|-supereffective|p1a: Gholdengo\n|-damage|p1a: Gholdengo|0 fnt\n|faint|p1a: Gholdengo\n|\n|win|Saimasseuh v10\n|raw|RayParK_'s rating: 1678 &rarr; <strong>1669<\/strong><br \/>(-9 for losing)\n|raw|Saimasseuh v10's rating: 1897 &rarr; <strong>1906<\/strong><br \/>(+9 for winning)\n","uploadtime":1700029098,"views":10,"p1id":"raypark","p2id":"saimasseuhv10","formatid":"gen9ou","rating":1669,"private":0,"password":""}