{"id":"gen9ou-1988917848","p1":"Nikolobstar","p2":"tomisginger","format":"[Gen 9] OU","log":"|j|\u2606Nikolobstar\n|j|\u2606tomisginger\n|t:|1699787501\n|gametype|singles\n|player|p1|Nikolobstar|lucas-gen4pt|\n|player|p2|tomisginger|alder|\n|teamsize|p1|6\n|teamsize|p2|6\n|gen|9\n|tier|[Gen 9] OU\n|rule|Sleep Clause Mod: Limit one foe put to sleep\n|rule|Species Clause: Limit one of each Pok\u00e9mon\n|rule|OHKO Clause: OHKO moves are banned\n|rule|Evasion Items Clause: Evasion items are banned\n|rule|Evasion Moves Clause: Evasion moves are banned\n|rule|Endless Battle Clause: Forcing endless battles is banned\n|rule|HP Percentage Mod: HP is shown in percentages\n|clearpoke\n|poke|p1|Dragapult, F|\n|poke|p1|Infernape, F|\n|poke|p1|Scizor, M|\n|poke|p1|Torterra, M|\n|poke|p1|Scream Tail|\n|poke|p1|Klefki, F|\n|poke|p2|Clefable, F|\n|poke|p2|Lokix, F|\n|poke|p2|Sinistcha|\n|poke|p2|Inteleon, F|\n|poke|p2|Avalugg, F|\n|poke|p2|Espeon, F|\n|teampreview\n|j| F8S\n|j| Corbinc\n|\n|t:|1699787522\n|start\n|switch|p1a: Scizor|Scizor, M|100\/100\n|switch|p2a: Espeon|Espeon, F|100\/100\n|turn|1\n|\n|t:|1699787549\n|switch|p2a: Avalugg|Avalugg, F|100\/100\n|move|p1a: Scizor|Swords Dance|p1a: Scizor\n|-boost|p1a: Scizor|atk|2\n|\n|upkeep\n|turn|2\n|\n|t:|1699787597\n|-terastallize|p2a: Avalugg|Ghost\n|move|p1a: Scizor|Bullet Punch|p2a: Avalugg\n|-damage|p2a: Avalugg|74\/100\n|-damage|p1a: Scizor|84\/100|[from] item: Rocky Helmet|[of] p2a: Avalugg\n|move|p2a: Avalugg|Iron Defense|p2a: Avalugg\n|-boost|p2a: Avalugg|def|2\n|\n|upkeep\n|turn|3\n|\n|t:|1699787636\n|switch|p1a: Dragapult|Dragapult, F, shiny|100\/100\n|move|p2a: Avalugg|Body Press|p1a: Dragapult\n|-immune|p1a: Dragapult\n|\n|upkeep\n|turn|4\n|\n|t:|1699787660\n|switch|p2a: Clefable|Clefable, F|100\/100\n|move|p1a: Dragapult|Shadow Ball|p2a: Clefable\n|-damage|p2a: Clefable|63\/100\n|\n|upkeep\n|turn|5\n|\n|t:|1699787687\n|switch|p1a: Scizor|Scizor, M|84\/100\n|move|p2a: Clefable|Moonlight|p2a: Clefable\n|-heal|p2a: Clefable|100\/100\n|\n|upkeep\n|turn|6\n|\n|t:|1699787722\n|switch|p2a: Avalugg|Avalugg, F, tera:Ghost|74\/100\n|-terastallize|p1a: Scizor|Fire\n|move|p1a: Scizor|Swords Dance|p1a: Scizor\n|-boost|p1a: Scizor|atk|2\n|\n|upkeep\n|turn|7\n|\n|t:|1699787772\n|move|p1a: Scizor|Bullet Punch|p2a: Avalugg\n|-damage|p2a: Avalugg|48\/100\n|-damage|p1a: Scizor|67\/100|[from] item: Rocky Helmet|[of] p2a: Avalugg\n|move|p2a: Avalugg|Body Press|p1a: Scizor\n|-crit|p1a: Scizor\n|-damage|p1a: Scizor|5\/100\n|\n|upkeep\n|turn|8\n|\n|t:|1699787784\n|switch|p1a: Dragapult|Dragapult, F, shiny|100\/100\n|move|p2a: Avalugg|Recover|p2a: Avalugg\n|-heal|p2a: Avalugg|98\/100\n|\n|upkeep\n|turn|9\n|\n|t:|1699787827\n|switch|p2a: Clefable|Clefable, F|100\/100\n|move|p1a: Dragapult|Shadow Ball|p2a: Clefable\n|-damage|p2a: Clefable|62\/100\n|\n|upkeep\n|turn|10\n|\n|t:|1699787866\n|switch|p1a: Scream Tail|Scream Tail|100\/100\n|move|p2a: Clefable|Moonlight|p2a: Clefable\n|-heal|p2a: Clefable|100\/100\n|\n|upkeep\n|turn|11\n|\n|t:|1699787892\n|move|p1a: Scream Tail|Wish|p1a: Scream Tail\n|move|p2a: Clefable|Calm Mind|p2a: Clefable\n|-boost|p2a: Clefable|spa|1\n|-boost|p2a: Clefable|spd|1\n|\n|upkeep\n|turn|12\n|\n|t:|1699787921\n|-end|p1a: Scream Tail|Protosynthesis|[silent]\n|switch|p1a: Scizor|Scizor, M, tera:Fire|5\/100\n|move|p2a: Clefable|Calm Mind|p2a: Clefable\n|-boost|p2a: Clefable|spa|1\n|-boost|p2a: Clefable|spd|1\n|\n|-heal|p1a: Scizor|69\/100|[from] move: Wish|[wisher] Scream Tail\n|upkeep\n|turn|13\n|\n|t:|1699787956\n|switch|p2a: Avalugg|Avalugg, F, tera:Ghost|98\/100\n|move|p1a: Scizor|Bullet Punch|p2a: Avalugg\n|-damage|p2a: Avalugg|83\/100\n|-damage|p1a: Scizor|52\/100|[from] item: Rocky Helmet|[of] p2a: Avalugg\n|\n|upkeep\n|turn|14\n|\n|t:|1699788024\n|switch|p1a: Klefki|Klefki, F|100\/100\n|move|p2a: Avalugg|Avalanche|p1a: Klefki\n|-resisted|p1a: Klefki\n|-damage|p1a: Klefki|89\/100\n|\n|upkeep\n|turn|15\n|\n|t:|1699788032\n|switch|p2a: Espeon|Espeon, F|100\/100\n|move|p1a: Klefki|Reflect|p1a: Klefki\n|-sidestart|p1: Nikolobstar|Reflect\n|\n|upkeep\n|turn|16\n|\n|t:|1699788043\n|move|p1a: Klefki|Light Screen|p1a: Klefki\n|-sidestart|p1: Nikolobstar|move: Light Screen\n|move|p2a: Espeon|Trick|p1a: Klefki\n|-activate|p2a: Espeon|move: Trick|[of] p1a: Klefki\n|-item|p1a: Klefki|Choice Scarf|[from] move: Trick\n|-item|p2a: Espeon|Light Clay|[from] move: Trick\n|\n|upkeep\n|turn|17\n|\n|t:|1699788095\n|switch|p1a: Dragapult|Dragapult, F, shiny|100\/100\n|move|p2a: Espeon|Shadow Ball|p1a: Dragapult\n|-supereffective|p1a: Dragapult\n|-damage|p1a: Dragapult|62\/100\n|-unboost|p1a: Dragapult|spd|1\n|\n|upkeep\n|turn|18\n|\n|t:|1699788134\n|switch|p2a: Clefable|Clefable, F|100\/100\n|move|p1a: Dragapult|Shadow Ball|p2a: Clefable\n|-crit|p2a: Clefable\n|-damage|p2a: Clefable|45\/100\n|-unboost|p2a: Clefable|spd|1\n|\n|upkeep\n|turn|19\n|\n|t:|1699788196\n|move|p1a: Dragapult|Shadow Ball|p2a: Clefable\n|-damage|p2a: Clefable|0 fnt\n|faint|p2a: Clefable\n|\n|upkeep\n|\n|t:|1699788238\n|switch|p2a: Lokix|Lokix, F|100\/100\n|turn|20\n|\n|t:|1699788269\n|switch|p1a: Klefki|Klefki, F|89\/100\n|move|p2a: Lokix|Knock Off|p1a: Klefki\n|-resisted|p1a: Klefki\n|-damage|p1a: Klefki|59\/100\n|-enditem|p1a: Klefki|Choice Scarf|[from] move: Knock Off|[of] p2a: Lokix\n|\n|upkeep\n|turn|21\n|\n|t:|1699788279\n|switch|p2a: Espeon|Espeon, F|100\/100\n|move|p1a: Klefki|Thunder Wave|p2a: Espeon\n|move|p2a: Espeon|Thunder Wave|p1a: Klefki|[from]ability: Magic Bounce\n|-status|p1a: Klefki|par\n|\n|upkeep\n|turn|22\n|\n|t:|1699788329\n|switch|p1a: Scizor|Scizor, M, tera:Fire|52\/100\n|move|p2a: Espeon|Trick|p1a: Scizor\n|-activate|p2a: Espeon|move: Trick|[of] p1a: Scizor\n|-item|p1a: Scizor|Light Clay|[from] move: Trick\n|-item|p2a: Espeon|Heavy-Duty Boots|[from] move: Trick\n|\n|-sideend|p1: Nikolobstar|Reflect\n|upkeep\n|turn|23\n|\n|t:|1699788363\n|switch|p2a: Avalugg|Avalugg, F, tera:Ghost|83\/100\n|switch|p1a: Dragapult|Dragapult, F, shiny|62\/100\n|\n|-sideend|p1: Nikolobstar|move: Light Screen\n|upkeep\n|turn|24\n|\n|t:|1699788453\n|switch|p2a: Lokix|Lokix, F|100\/100\n|move|p1a: Dragapult|Shadow Ball|p2a: Lokix\n|-resisted|p2a: Lokix\n|-damage|p2a: Lokix|47\/100\n|\n|upkeep\n|turn|25\n|\n|t:|1699788488\n|move|p2a: Lokix|First Impression|p1a: Dragapult\n|-resisted|p1a: Dragapult\n|-damage|p1a: Dragapult|0 fnt\n|faint|p1a: Dragapult\n|\n|upkeep\n|\n|t:|1699788513\n|switch|p1a: Infernape|Infernape, F|100\/100\n|turn|26\n|\n|t:|1699788536\n|switch|p2a: Avalugg|Avalugg, F, tera:Ghost|83\/100\n|move|p1a: Infernape|Knock Off|p2a: Avalugg\n|-supereffective|p2a: Avalugg\n|-damage|p2a: Avalugg|60\/100\n|-damage|p1a: Infernape|84\/100|[from] item: Rocky Helmet|[of] p2a: Avalugg\n|-enditem|p2a: Avalugg|Rocky Helmet|[from] move: Knock Off|[of] p1a: Infernape\n|\n|upkeep\n|turn|27\n|\n|t:|1699788607\n|switch|p1a: Scream Tail|Scream Tail|100\/100\n|move|p2a: Avalugg|Iron Defense|p2a: Avalugg\n|-boost|p2a: Avalugg|def|2\n|\n|upkeep\n|turn|28\n|\n|t:|1699788667\n|switch|p2a: Espeon|Espeon, F|100\/100\n|move|p1a: Scream Tail|Encore|p2a: Espeon\n|move|p2a: Espeon|Encore||[from]ability: Magic Bounce|[still]\n|-fail|p2a: Espeon\n|\n|upkeep\n|turn|29\n|\n|t:|1699788717\n|-end|p1a: Scream Tail|Protosynthesis|[silent]\n|switch|p1a: Klefki|Klefki, F|59\/100 par\n|switch|p2a: Avalugg|Avalugg, F, tera:Ghost|60\/100\n|\n|upkeep\n|turn|30\n|\n|t:|1699788735\n|switch|p2a: Espeon|Espeon, F|100\/100\n|move|p1a: Klefki|Thunder Wave|p2a: Espeon\n|move|p2a: Espeon|Thunder Wave|p1a: Klefki|[from]ability: Magic Bounce\n|-fail|p1a: Klefki|par\n|\n|upkeep\n|turn|31\n|\n|t:|1699788752\n|cant|p1a: Klefki|par\n|move|p2a: Espeon|Psychic|p1a: Klefki\n|-resisted|p1a: Klefki\n|-damage|p1a: Klefki|30\/100 par\n|\n|upkeep\n|turn|32\n|\n|t:|1699788777\n|cant|p1a: Klefki|par\n|move|p2a: Espeon|Shadow Ball|p1a: Klefki\n|-damage|p1a: Klefki|0 fnt\n|faint|p1a: Klefki\n|\n|upkeep\n|\n|t:|1699788815\n|switch|p1a: Torterra|Torterra, M|100\/100\n|turn|33\n|\n|t:|1699788830\n|move|p2a: Espeon|Trick|p1a: Torterra\n|-activate|p2a: Espeon|move: Trick|[of] p1a: Torterra\n|-item|p1a: Torterra|Heavy-Duty Boots|[from] move: Trick\n|-item|p2a: Espeon|Loaded Dice|[from] move: Trick\n|move|p1a: Torterra|Shell Smash|p1a: Torterra\n|-unboost|p1a: Torterra|def|1\n|-unboost|p1a: Torterra|spd|1\n|-boost|p1a: Torterra|atk|2\n|-boost|p1a: Torterra|spa|2\n|-boost|p1a: Torterra|spe|2\n|\n|upkeep\n|turn|34\n|\n|t:|1699788882\n|move|p1a: Torterra|Rock Blast|p2a: Espeon\n|-damage|p2a: Espeon|68\/100\n|-damage|p2a: Espeon|35\/100\n|-damage|p2a: Espeon|0 fnt\n|faint|p2a: Espeon\n|-hitcount|p2: Espeon|3\n|\n|upkeep\n|\n|t:|1699788889\n|switch|p2a: Lokix|Lokix, F|47\/100\n|turn|35\n|\n|t:|1699788924\n|switch|p1a: Infernape|Infernape, F|84\/100\n|move|p2a: Lokix|First Impression|p1a: Infernape\n|-resisted|p1a: Infernape\n|-damage|p1a: Infernape|32\/100\n|\n|upkeep\n|turn|36\n|\n|t:|1699788964\n|switch|p2a: Avalugg|Avalugg, F, tera:Ghost|60\/100\n|move|p1a: Infernape|Fire Punch|p2a: Avalugg\n|-crit|p2a: Avalugg\n|-damage|p2a: Avalugg|31\/100\n|-status|p2a: Avalugg|brn\n|\n|-damage|p2a: Avalugg|25\/100 brn|[from] brn\n|upkeep\n|turn|37\n|\n|t:|1699789023\n|move|p1a: Infernape|Knock Off|p2a: Avalugg\n|-supereffective|p2a: Avalugg\n|-damage|p2a: Avalugg|11\/100 brn\n|move|p2a: Avalugg|Recover|p2a: Avalugg\n|-heal|p2a: Avalugg|61\/100 brn\n|\n|-damage|p2a: Avalugg|55\/100 brn|[from] brn\n|upkeep\n|turn|38\n|\n|t:|1699789102\n|switch|p1a: Scizor|Scizor, M, tera:Fire|52\/100\n|switch|p2a: Sinistcha|Sinistcha|100\/100\n|\n|upkeep\n|turn|39\n|\n|t:|1699789131\n|move|p2a: Sinistcha|Strength Sap|p1a: Scizor\n|-unboost|p1a: Scizor|atk|1\n|move|p1a: Scizor|Swords Dance|p1a: Scizor\n|-boost|p1a: Scizor|atk|2\n|\n|upkeep\n|turn|40\n|\n|t:|1699789162\n|move|p2a: Sinistcha|Shadow Ball|p1a: Scizor\n|-damage|p1a: Scizor|16\/100\n|-unboost|p1a: Scizor|spd|1\n|move|p1a: Scizor|Swords Dance|p1a: Scizor\n|-boost|p1a: Scizor|atk|2\n|\n|upkeep\n|turn|41\n|\n|t:|1699789177\n|move|p1a: Scizor|Bullet Punch|p2a: Sinistcha\n|-damage|p2a: Sinistcha|42\/100\n|move|p2a: Sinistcha|Shadow Ball|p1a: Scizor\n|-damage|p1a: Scizor|0 fnt\n|faint|p1a: Scizor\n|\n|-heal|p2a: Sinistcha|48\/100|[from] item: Leftovers\n|upkeep\n|\n|t:|1699789185\n|switch|p1a: Infernape|Infernape, F|32\/100\n|turn|42\n|\n|t:|1699789194\n|switch|p2a: Avalugg|Avalugg, F, tera:Ghost|55\/100 brn\n|move|p1a: Infernape|Fire Punch|p2a: Avalugg\n|-damage|p2a: Avalugg|37\/100 brn\n|\n|-damage|p2a: Avalugg|31\/100 brn|[from] brn\n|upkeep\n|turn|43\n|\n|t:|1699789212\n|move|p1a: Infernape|Fire Punch|p2a: Avalugg\n|-crit|p2a: Avalugg\n|-damage|p2a: Avalugg|6\/100 brn\n|move|p2a: Avalugg|Recover|p2a: Avalugg\n|-heal|p2a: Avalugg|56\/100 brn\n|\n|-damage|p2a: Avalugg|49\/100 brn|[from] brn\n|upkeep\n|turn|44\n|\n|t:|1699789235\n|move|p1a: Infernape|Fire Punch|p2a: Avalugg\n|-damage|p2a: Avalugg|32\/100 brn\n|move|p2a: Avalugg|Recover|p2a: Avalugg\n|-heal|p2a: Avalugg|82\/100 brn\n|\n|-damage|p2a: Avalugg|76\/100 brn|[from] brn\n|upkeep\n|turn|45\n|\n|t:|1699789283\n|move|p1a: Infernape|Fire Punch|p2a: Avalugg\n|-damage|p2a: Avalugg|58\/100 brn\n|move|p2a: Avalugg|Body Press|p1a: Infernape\n|-damage|p1a: Infernape|0 fnt\n|faint|p1a: Infernape\n|\n|-damage|p2a: Avalugg|52\/100 brn|[from] brn\n|upkeep\n|\n|t:|1699789292\n|switch|p1a: Scream Tail|Scream Tail|100\/100\n|turn|46\n|\n|t:|1699789309\n|switch|p2a: Sinistcha|Sinistcha|48\/100\n|move|p1a: Scream Tail|Encore||[still]\n|-fail|p1a: Scream Tail\n|\n|-heal|p2a: Sinistcha|54\/100|[from] item: Leftovers\n|upkeep\n|turn|47\n|\n|t:|1699789317\n|move|p1a: Scream Tail|Wish|p1a: Scream Tail\n|move|p2a: Sinistcha|Shadow Ball|p1a: Scream Tail\n|-supereffective|p1a: Scream Tail\n|-crit|p1a: Scream Tail\n|-damage|p1a: Scream Tail|32\/100\n|\n|-heal|p1a: Scream Tail|39\/100|[from] item: Leftovers\n|-heal|p2a: Sinistcha|60\/100|[from] item: Leftovers\n|upkeep\n|turn|48\n|\n|t:|1699789331\n|-end|p1a: Scream Tail|Protosynthesis|[silent]\n|switch|p1a: Torterra|Torterra, M|100\/100\n|move|p2a: Sinistcha|Shadow Ball|p1a: Torterra\n|-damage|p1a: Torterra|66\/100\n|\n|-heal|p1a: Torterra|100\/100|[from] move: Wish|[wisher] Scream Tail\n|-heal|p2a: Sinistcha|66\/100|[from] item: Leftovers\n|upkeep\n|turn|49\n|\n|t:|1699789343\n|move|p1a: Torterra|Shell Smash|p1a: Torterra\n|-unboost|p1a: Torterra|def|1\n|-unboost|p1a: Torterra|spd|1\n|-boost|p1a: Torterra|atk|2\n|-boost|p1a: Torterra|spa|2\n|-boost|p1a: Torterra|spe|2\n|move|p2a: Sinistcha|Shadow Ball|p1a: Torterra\n|-damage|p1a: Torterra|47\/100\n|\n|-heal|p2a: Sinistcha|72\/100|[from] item: Leftovers\n|upkeep\n|turn|50\n|\n|t:|1699789360\n|move|p1a: Torterra|Rock Blast|p2a: Sinistcha\n|-damage|p2a: Sinistcha|62\/100\n|-damage|p2a: Sinistcha|50\/100\n|-damage|p2a: Sinistcha|38\/100\n|-hitcount|p2a: Sinistcha|3\n|move|p2a: Sinistcha|Shadow Ball|p1a: Torterra\n|-damage|p1a: Torterra|0 fnt\n|faint|p1a: Torterra\n|\n|-heal|p2a: Sinistcha|44\/100|[from] item: Leftovers\n|upkeep\n|\n|t:|1699789370\n|switch|p1a: Scream Tail|Scream Tail|39\/100\n|turn|51\n|\n|t:|1699789383\n|move|p1a: Scream Tail|Wish|p1a: Scream Tail\n|move|p2a: Sinistcha|Shadow Ball|p1a: Scream Tail\n|-supereffective|p1a: Scream Tail\n|-crit|p1a: Scream Tail\n|-damage|p1a: Scream Tail|0 fnt\n|faint|p1a: Scream Tail\n|-end|p1a: Scream Tail|Protosynthesis|[silent]\n|\n|win|tomisginger\n|l|\u2606Nikolobstar\n","uploadtime":1699789394,"views":9,"p1id":"nikolobstar","p2id":"tomisginger","formatid":"gen9ou","rating":0,"private":0,"password":""}