{"id":"gen9ou-1999962782","p1":"mikejohns","p2":"G.L.Borges","format":"[Gen 9] OU","log":"|j|\u2606mikejohns\n|j|\u2606G.L.Borges\n|t:|1701135117\n|gametype|singles\n|player|p1|mikejohns|volkner|1624\n|player|p2|G.L.Borges|veteranf|1658\n|teamsize|p1|6\n|teamsize|p2|6\n|gen|9\n|tier|[Gen 9] OU\n|rated|\n|rule|Sleep Clause Mod: Limit one foe put to sleep\n|rule|Species Clause: Limit one of each Pok\u00e9mon\n|rule|OHKO Clause: OHKO moves are banned\n|rule|Evasion Items Clause: Evasion items are banned\n|rule|Evasion Moves Clause: Evasion moves are banned\n|rule|Endless Battle Clause: Forcing endless battles is banned\n|rule|HP Percentage Mod: HP is shown in percentages\n|clearpoke\n|poke|p1|Corviknight, F|\n|poke|p1|Ting-Lu|\n|poke|p1|Slowking-Galar, F|\n|poke|p1|Great Tusk|\n|poke|p1|Ogerpon, F|\n|poke|p1|Moltres|\n|poke|p2|Maushold|\n|poke|p2|Rillaboom, F|\n|poke|p2|Great Tusk|\n|poke|p2|Heatran, F|\n|poke|p2|Enamorus, F|\n|poke|p2|Kingambit, M|\n|teampreview\n|inactive|Battle timer is ON: inactive players will automatically lose when time's up. (requested by G.L.Borges)\n|inactive|mikejohns also wants the timer to be on.\n|c|\u2606G.L.Borges|glhf\n|c|\u2606mikejohns|u2\n|\n|t:|1701135134\n|start\n|switch|p1a: Great Tusk|Great Tusk|100\/100\n|switch|p2a: Maushold|Maushold|100\/100\n|turn|1\n|\n|t:|1701135141\n|switch|p2a: Great Tusk|Great Tusk|100\/100\n|move|p1a: Great Tusk|Knock Off|p2a: Great Tusk\n|-resisted|p2a: Great Tusk\n|-damage|p2a: Great Tusk|92\/100\n|-enditem|p2a: Great Tusk|Leftovers|[from] move: Knock Off|[of] p1a: Great Tusk\n|\n|upkeep\n|turn|2\n|\n|t:|1701135161\n|-end|p2a: Great Tusk|Protosynthesis|[silent]\n|switch|p2a: Heatran|Heatran, F|100\/100\n|-end|p1a: Great Tusk|Protosynthesis|[silent]\n|switch|p1a: Moltres|Moltres|100\/100\n|\n|upkeep\n|turn|3\n|\n|t:|1701135167\n|move|p2a: Heatran|Magma Storm|p1a: Moltres\n|-resisted|p1a: Moltres\n|-damage|p1a: Moltres|77\/100\n|-activate|p1a: Moltres|move: Magma Storm|[of] p2a: Heatran\n|move|p1a: Moltres|U-turn|p2a: Heatran\n|-resisted|p2a: Heatran\n|-damage|p2a: Heatran|98\/100\n|\n|t:|1701135177\n|switch|p1a: Great Tusk|Great Tusk|100\/100|[from] U-turn\n|\n|-heal|p2a: Heatran|100\/100|[from] item: Leftovers\n|upkeep\n|turn|4\n|\n|t:|1701135186\n|switch|p2a: Rillaboom|Rillaboom, F|100\/100\n|-fieldstart|move: Grassy Terrain|[from] ability: Grassy Surge|[of] p2a: Rillaboom\n|move|p1a: Great Tusk|Headlong Rush|p2a: Rillaboom\n|-resisted|p2a: Rillaboom\n|-damage|p2a: Rillaboom|70\/100\n|-unboost|p1a: Great Tusk|def|1\n|-unboost|p1a: Great Tusk|spd|1\n|\n|-heal|p2a: Rillaboom|76\/100|[from] Grassy Terrain\n|upkeep\n|turn|5\n|\n|t:|1701135191\n|-end|p1a: Great Tusk|Protosynthesis|[silent]\n|switch|p1a: Moltres|Moltres|77\/100\n|move|p2a: Rillaboom|Knock Off|p1a: Moltres\n|-damage|p1a: Moltres|41\/100\n|-enditem|p1a: Moltres|Heavy-Duty Boots|[from] move: Knock Off|[of] p2a: Rillaboom\n|\n|-heal|p2a: Rillaboom|83\/100|[from] Grassy Terrain\n|upkeep\n|turn|6\n|\n|t:|1701135204\n|switch|p2a: Heatran|Heatran, F|100\/100\n|move|p1a: Moltres|Roost|p1a: Moltres\n|-heal|p1a: Moltres|91\/100\n|-singleturn|p1a: Moltres|move: Roost\n|\n|-heal|p1a: Moltres|97\/100|[from] Grassy Terrain\n|upkeep\n|turn|7\n|\n|t:|1701135209\n|move|p2a: Heatran|Stealth Rock|p1a: Moltres\n|-sidestart|p1: mikejohns|move: Stealth Rock\n|move|p1a: Moltres|U-turn|p2a: Heatran\n|-resisted|p2a: Heatran\n|-damage|p2a: Heatran|97\/100\n|\n|t:|1701135212\n|switch|p1a: Great Tusk|Great Tusk|100\/100|[from] U-turn\n|\n|-heal|p2a: Heatran|100\/100|[from] Grassy Terrain\n|upkeep\n|turn|8\n|\n|t:|1701135219\n|switch|p2a: Rillaboom|Rillaboom, F|83\/100\n|move|p1a: Great Tusk|Rapid Spin|p2a: Rillaboom\n|-damage|p2a: Rillaboom|66\/100\n|-boost|p1a: Great Tusk|spe|1\n|-sideend|p1: mikejohns|Stealth Rock|[from] move: Rapid Spin|[of] p1a: Great Tusk\n|\n|-heal|p2a: Rillaboom|72\/100|[from] Grassy Terrain\n|-fieldend|move: Grassy Terrain\n|upkeep\n|turn|9\n|\n|t:|1701135227\n|-end|p1a: Great Tusk|Protosynthesis|[silent]\n|switch|p1a: Corviknight|Corviknight, F|100\/100\n|-ability|p1a: Corviknight|Pressure\n|switch|p2a: Heatran|Heatran, F|100\/100\n|\n|upkeep\n|turn|10\n|\n|t:|1701135236\n|switch|p1a: Slowking|Slowking-Galar, F|100\/100\n|move|p2a: Heatran|Magma Storm|p1a: Slowking\n|-damage|p1a: Slowking|81\/100\n|-activate|p1a: Slowking|move: Magma Storm|[of] p2a: Heatran\n|\n|-damage|p1a: Slowking|69\/100|[from] move: Magma Storm|[partiallytrapped]\n|upkeep\n|turn|11\n|\n|t:|1701135240\n|move|p2a: Heatran|Stealth Rock|p1a: Slowking\n|-sidestart|p1: mikejohns|move: Stealth Rock\n|move|p1a: Slowking|Surf|p2a: Heatran\n|-supereffective|p2a: Heatran\n|-damage|p2a: Heatran|65\/100\n|\n|-heal|p2a: Heatran|71\/100|[from] item: Leftovers\n|-damage|p1a: Slowking|57\/100|[from] move: Magma Storm|[partiallytrapped]\n|upkeep\n|turn|12\n|\n|t:|1701135244\n|move|p2a: Heatran|Earth Power|p1a: Slowking\n|-supereffective|p1a: Slowking\n|-damage|p1a: Slowking|32\/100\n|-unboost|p1a: Slowking|spd|1\n|move|p1a: Slowking|Surf|p2a: Heatran\n|-supereffective|p2a: Heatran\n|-damage|p2a: Heatran|36\/100\n|\n|-heal|p2a: Heatran|42\/100|[from] item: Leftovers\n|-damage|p1a: Slowking|19\/100|[from] move: Magma Storm|[partiallytrapped]\n|upkeep\n|turn|13\n|\n|t:|1701135250\n|move|p2a: Heatran|Earth Power|p1a: Slowking\n|-supereffective|p1a: Slowking\n|-damage|p1a: Slowking|0 fnt\n|faint|p1a: Slowking\n|\n|-heal|p2a: Heatran|49\/100|[from] item: Leftovers\n|upkeep\n|\n|t:|1701135254\n|switch|p1a: Great Tusk|Great Tusk|100\/100\n|turn|14\n|\n|t:|1701135258\n|-terastallize|p2a: Heatran|Grass\n|move|p1a: Great Tusk|Stealth Rock|p2a: Heatran\n|-sidestart|p2: G.L.Borges|move: Stealth Rock\n|move|p2a: Heatran|Magma Storm|p1a: Great Tusk\n|-damage|p1a: Great Tusk|42\/100\n|-activate|p1a: Great Tusk|move: Magma Storm|[of] p2a: Heatran\n|\n|-heal|p2a: Heatran|55\/100|[from] item: Leftovers\n|-damage|p1a: Great Tusk|30\/100|[from] move: Magma Storm|[partiallytrapped]\n|upkeep\n|turn|15\n|\n|t:|1701135265\n|move|p1a: Great Tusk|Knock Off|p2a: Heatran\n|-damage|p2a: Heatran|29\/100\n|-enditem|p2a: Heatran|Leftovers|[from] move: Knock Off|[of] p1a: Great Tusk\n|move|p2a: Heatran|Magma Storm|p1a: Great Tusk|[miss]\n|-miss|p2a: Heatran|p1a: Great Tusk\n|\n|-damage|p1a: Great Tusk|17\/100|[from] move: Magma Storm|[partiallytrapped]\n|upkeep\n|turn|16\n|\n|t:|1701135275\n|move|p1a: Great Tusk|Rapid Spin|p2a: Heatran\n|-damage|p2a: Heatran|16\/100\n|-boost|p1a: Great Tusk|spe|1\n|-sideend|p1: mikejohns|Stealth Rock|[from] move: Rapid Spin|[of] p1a: Great Tusk\n|-end|p1a: Great Tusk|Magma Storm|[partiallytrapped]\n|move|p2a: Heatran|Stealth Rock|p1a: Great Tusk\n|-sidestart|p1: mikejohns|move: Stealth Rock\n|\n|upkeep\n|turn|17\n|\n|t:|1701135283\n|move|p1a: Great Tusk|Knock Off|p2a: Heatran\n|-damage|p2a: Heatran|0 fnt\n|faint|p2a: Heatran\n|\n|upkeep\n|\n|t:|1701135291\n|switch|p2a: Rillaboom|Rillaboom, F|72\/100\n|-damage|p2a: Rillaboom|60\/100|[from] Stealth Rock\n|-fieldstart|move: Grassy Terrain|[from] ability: Grassy Surge|[of] p2a: Rillaboom\n|turn|18\n|\n|t:|1701135296\n|-end|p1a: Great Tusk|Protosynthesis|[silent]\n|switch|p1a: Moltres|Moltres|97\/100\n|-damage|p1a: Moltres|47\/100|[from] Stealth Rock\n|move|p2a: Rillaboom|Grassy Glide|p1a: Moltres\n|-resisted|p1a: Moltres\n|-damage|p1a: Moltres|37\/100\n|\n|-heal|p2a: Rillaboom|66\/100|[from] Grassy Terrain\n|upkeep\n|turn|19\n|\n|t:|1701135300\n|switch|p2a: Maushold|Maushold|100\/100\n|-damage|p2a: Maushold|88\/100|[from] Stealth Rock\n|move|p1a: Moltres|Roost|p1a: Moltres\n|-heal|p1a: Moltres|87\/100\n|-singleturn|p1a: Moltres|move: Roost\n|\n|-heal|p2a: Maushold|94\/100|[from] Grassy Terrain\n|-heal|p1a: Moltres|93\/100|[from] Grassy Terrain\n|upkeep\n|turn|20\n|\n|t:|1701135305\n|move|p2a: Maushold|Encore|p1a: Moltres\n|-start|p1a: Moltres|Encore\n|move|p1a: Moltres|Roost|p1a: Moltres\n|-heal|p1a: Moltres|100\/100\n|-singleturn|p1a: Moltres|move: Roost\n|\n|-heal|p2a: Maushold|100\/100|[from] Grassy Terrain\n|upkeep\n|turn|21\n|\n|t:|1701135313\n|switch|p2a: Great Tusk|Great Tusk|92\/100\n|-damage|p2a: Great Tusk|89\/100|[from] Stealth Rock\n|switch|p1a: Corviknight|Corviknight, F|100\/100\n|-damage|p1a: Corviknight|88\/100|[from] Stealth Rock\n|-ability|p1a: Corviknight|Pressure\n|\n|-heal|p2a: Great Tusk|95\/100|[from] Grassy Terrain\n|upkeep\n|turn|22\n|\n|t:|1701135324\n|move|p2a: Great Tusk|Rapid Spin|p1a: Corviknight\n|-resisted|p1a: Corviknight\n|-damage|p1a: Corviknight|84\/100\n|-boost|p2a: Great Tusk|spe|1\n|-damage|p2a: Great Tusk|78\/100|[from] item: Rocky Helmet|[of] p1a: Corviknight\n|-sideend|p2: G.L.Borges|Stealth Rock|[from] move: Rapid Spin|[of] p2a: Great Tusk\n|move|p1a: Corviknight|U-turn|p2a: Great Tusk\n|-resisted|p2a: Great Tusk\n|-damage|p2a: Great Tusk|74\/100\n|\n|t:|1701135327\n|switch|p1a: Moltres|Moltres|100\/100|[from] U-turn\n|-damage|p1a: Moltres|51\/100|[from] Stealth Rock\n|\n|-heal|p2a: Great Tusk|80\/100|[from] Grassy Terrain\n|-fieldend|move: Grassy Terrain\n|upkeep\n|turn|23\n|\n|t:|1701135334\n|-end|p2a: Great Tusk|Protosynthesis|[silent]\n|switch|p2a: Maushold|Maushold|100\/100\n|move|p1a: Moltres|Will-O-Wisp|p2a: Maushold\n|-status|p2a: Maushold|brn\n|\n|-damage|p2a: Maushold|94\/100 brn|[from] brn\n|upkeep\n|turn|24\n|\n|t:|1701135339\n|move|p2a: Maushold|Encore|p1a: Moltres\n|-start|p1a: Moltres|Encore\n|move|p1a: Moltres|Will-O-Wisp|p2a: Maushold\n|-fail|p2a: Maushold|brn\n|\n|-damage|p2a: Maushold|88\/100 brn|[from] brn\n|upkeep\n|turn|25\n|\n|t:|1701135345\n|switch|p1a: Corviknight|Corviknight, F|84\/100\n|-damage|p1a: Corviknight|71\/100|[from] Stealth Rock\n|-ability|p1a: Corviknight|Pressure\n|move|p2a: Maushold|Population Bomb|p1a: Corviknight\n|-resisted|p1a: Corviknight\n|-damage|p1a: Corviknight|70\/100\n|-damage|p2a: Maushold|71\/100 brn|[from] item: Rocky Helmet|[of] p1a: Corviknight\n|-resisted|p1a: Corviknight\n|-damage|p1a: Corviknight|68\/100\n|-damage|p2a: Maushold|55\/100 brn|[from] item: Rocky Helmet|[of] p1a: Corviknight\n|-resisted|p1a: Corviknight\n|-damage|p1a: Corviknight|67\/100\n|-damage|p2a: Maushold|38\/100 brn|[from] item: Rocky Helmet|[of] p1a: Corviknight\n|-resisted|p1a: Corviknight\n|-damage|p1a: Corviknight|65\/100\n|-damage|p2a: Maushold|22\/100 brn|[from] item: Rocky Helmet|[of] p1a: Corviknight\n|-resisted|p1a: Corviknight\n|-damage|p1a: Corviknight|63\/100\n|-damage|p2a: Maushold|5\/100 brn|[from] item: Rocky Helmet|[of] p1a: Corviknight\n|-resisted|p1a: Corviknight\n|-damage|p1a: Corviknight|62\/100\n|-damage|p2a: Maushold|0 fnt|[from] item: Rocky Helmet|[of] p1a: Corviknight\n|faint|p2a: Maushold\n|-hitcount|p1a: Corviknight|6\n|\n|upkeep\n|\n|t:|1701135351\n|switch|p2a: Rillaboom|Rillaboom, F|66\/100\n|-fieldstart|move: Grassy Terrain|[from] ability: Grassy Surge|[of] p2a: Rillaboom\n|turn|26\n|\n|t:|1701135357\n|move|p2a: Rillaboom|Knock Off|p1a: Corviknight\n|-damage|p1a: Corviknight|31\/100\n|-damage|p2a: Rillaboom|50\/100|[from] item: Rocky Helmet|[of] p1a: Corviknight\n|-enditem|p1a: Corviknight|Rocky Helmet|[from] move: Knock Off|[of] p2a: Rillaboom\n|move|p1a: Corviknight|Roost|p1a: Corviknight\n|-heal|p1a: Corviknight|81\/100\n|-singleturn|p1a: Corviknight|move: Roost\n|\n|-heal|p2a: Rillaboom|56\/100|[from] Grassy Terrain\n|-heal|p1a: Corviknight|87\/100|[from] Grassy Terrain\n|upkeep\n|turn|27\n|\n|t:|1701135361\n|switch|p2a: Great Tusk|Great Tusk|80\/100\n|move|p1a: Corviknight|Brave Bird|p2a: Great Tusk\n|-supereffective|p2a: Great Tusk\n|-damage|p2a: Great Tusk|30\/100\n|-damage|p1a: Corviknight|69\/100|[from] Recoil\n|\n|-heal|p2a: Great Tusk|36\/100|[from] Grassy Terrain\n|upkeep\n|turn|28\n|\n|t:|1701135368\n|move|p2a: Great Tusk|Bulk Up|p2a: Great Tusk\n|-boost|p2a: Great Tusk|atk|1\n|-boost|p2a: Great Tusk|def|1\n|move|p1a: Corviknight|Roost|p1a: Corviknight\n|-heal|p1a: Corviknight|100\/100\n|-singleturn|p1a: Corviknight|move: Roost\n|\n|-heal|p2a: Great Tusk|42\/100|[from] Grassy Terrain\n|upkeep\n|turn|29\n|\n|t:|1701135372\n|move|p2a: Great Tusk|Bulk Up|p2a: Great Tusk\n|-boost|p2a: Great Tusk|atk|1\n|-boost|p2a: Great Tusk|def|1\n|move|p1a: Corviknight|U-turn|p2a: Great Tusk\n|-resisted|p2a: Great Tusk\n|-damage|p2a: Great Tusk|40\/100\n|\n|t:|1701135375\n|switch|p1a: Ogerpon|Ogerpon, F|100\/100|[from] U-turn\n|\n|-heal|p2a: Great Tusk|46\/100|[from] Grassy Terrain\n|upkeep\n|turn|30\n|\n|t:|1701135380\n|move|p1a: Ogerpon|Encore|p2a: Great Tusk\n|-start|p2a: Great Tusk|Encore\n|move|p2a: Great Tusk|Bulk Up|p2a: Great Tusk\n|-boost|p2a: Great Tusk|atk|1\n|-boost|p2a: Great Tusk|def|1\n|\n|-heal|p2a: Great Tusk|53\/100|[from] Grassy Terrain\n|-fieldend|move: Grassy Terrain\n|upkeep\n|turn|31\n|\n|t:|1701135383\n|move|p1a: Ogerpon|Ivy Cudgel|p2a: Great Tusk\n|-supereffective|p2a: Great Tusk\n|-damage|p2a: Great Tusk|28\/100\n|move|p2a: Great Tusk|Bulk Up|p2a: Great Tusk\n|-boost|p2a: Great Tusk|atk|1\n|-boost|p2a: Great Tusk|def|1\n|\n|upkeep\n|turn|32\n|\n|t:|1701135386\n|-end|p2a: Great Tusk|Protosynthesis|[silent]\n|switch|p2a: Rillaboom|Rillaboom, F|56\/100\n|-fieldstart|move: Grassy Terrain|[from] ability: Grassy Surge|[of] p2a: Rillaboom\n|move|p1a: Ogerpon|Ivy Cudgel|p2a: Rillaboom\n|-resisted|p2a: Rillaboom\n|-damage|p2a: Rillaboom|21\/100\n|\n|-heal|p2a: Rillaboom|27\/100|[from] Grassy Terrain\n|upkeep\n|turn|33\n|\n|t:|1701135391\n|switch|p1a: Corviknight|Corviknight, F|100\/100\n|-damage|p1a: Corviknight|88\/100|[from] Stealth Rock\n|-ability|p1a: Corviknight|Pressure\n|switch|p2a: Enamorus|Enamorus, F|100\/100\n|\n|upkeep\n|turn|34\n|\n|t:|1701135397\n|move|p2a: Enamorus|Mystical Fire|p1a: Corviknight\n|-supereffective|p1a: Corviknight\n|-damage|p1a: Corviknight|38\/100\n|-unboost|p1a: Corviknight|spa|1\n|move|p1a: Corviknight|U-turn|p2a: Enamorus\n|-resisted|p2a: Enamorus\n|-damage|p2a: Enamorus|94\/100\n|\n|t:|1701135402\n|switch|p1a: Ting-Lu|Ting-Lu|100\/100|[from] U-turn\n|-damage|p1a: Ting-Lu|94\/100|[from] Stealth Rock\n|-ability|p1a: Ting-Lu|Vessel of Ruin\n|\n|-heal|p1a: Ting-Lu|100\/100|[from] Grassy Terrain\n|upkeep\n|turn|35\n|\n|t:|1701135407\n|switch|p2a: Great Tusk|Great Tusk|28\/100\n|move|p1a: Ting-Lu|Spikes|p2a: Great Tusk\n|-sidestart|p2: G.L.Borges|Spikes\n|\n|-heal|p2a: Great Tusk|34\/100|[from] Grassy Terrain\n|upkeep\n|turn|36\n|\n|t:|1701135412\n|move|p2a: Great Tusk|Rapid Spin|p1a: Ting-Lu\n|-damage|p1a: Ting-Lu|93\/100\n|-boost|p2a: Great Tusk|spe|1\n|-sideend|p2: G.L.Borges|Spikes|[from] move: Rapid Spin|[of] p2a: Great Tusk\n|move|p1a: Ting-Lu|Whirlwind|p2a: Great Tusk\n|-end|p2a: Great Tusk|Protosynthesis|[silent]\n|drag|p2a: Rillaboom|Rillaboom, F|27\/100\n|\n|-heal|p2a: Rillaboom|34\/100|[from] Grassy Terrain\n|-heal|p1a: Ting-Lu|99\/100|[from] Grassy Terrain\n|-heal|p1a: Ting-Lu|100\/100|[from] item: Leftovers\n|-fieldend|move: Grassy Terrain\n|upkeep\n|turn|37\n|\n|t:|1701135418\n|switch|p1a: Corviknight|Corviknight, F|38\/100\n|-damage|p1a: Corviknight|26\/100|[from] Stealth Rock\n|-ability|p1a: Corviknight|Pressure\n|move|p2a: Rillaboom|U-turn|p1a: Corviknight\n|-resisted|p1a: Corviknight\n|-damage|p1a: Corviknight|20\/100\n|\n|t:|1701135423\n|switch|p2a: Enamorus|Enamorus, F|94\/100|[from] U-turn\n|\n|upkeep\n|turn|38\n|\n|t:|1701135431\n|switch|p1a: Ting-Lu|Ting-Lu|100\/100\n|-damage|p1a: Ting-Lu|94\/100|[from] Stealth Rock\n|-ability|p1a: Ting-Lu|Vessel of Ruin\n|move|p2a: Enamorus|Mystical Fire|p1a: Ting-Lu\n|-damage|p1a: Ting-Lu|83\/100\n|-unboost|p1a: Ting-Lu|spa|1\n|\n|-heal|p1a: Ting-Lu|89\/100|[from] item: Leftovers\n|upkeep\n|turn|39\n|\n|t:|1701135447\n|switch|p2a: Great Tusk|Great Tusk|34\/100\n|switch|p1a: Great Tusk|Great Tusk|17\/100\n|\n|upkeep\n|turn|40\n|\n|t:|1701135453\n|move|p1a: Great Tusk|Rapid Spin|p2a: Great Tusk\n|-damage|p2a: Great Tusk|25\/100\n|-boost|p1a: Great Tusk|spe|1\n|-sideend|p1: mikejohns|Stealth Rock|[from] move: Rapid Spin|[of] p1a: Great Tusk\n|move|p2a: Great Tusk|Ice Spinner|p1a: Great Tusk\n|-supereffective|p1a: Great Tusk\n|-damage|p1a: Great Tusk|0 fnt\n|faint|p1a: Great Tusk\n|-end|p1a: Great Tusk|Protosynthesis|[silent]\n|\n|upkeep\n|\n|t:|1701135463\n|switch|p1a: Moltres|Moltres|51\/100\n|turn|41\n|\n|t:|1701135469\n|-end|p2a: Great Tusk|Protosynthesis|[silent]\n|switch|p2a: devindian|Kingambit, M|100\/100\n|-activate|p2a: devindian|ability: Supreme Overlord\n|-start|p2a: devindian|fallen2|[silent]\n|move|p1a: Moltres|Roost|p1a: Moltres\n|-heal|p1a: Moltres|100\/100\n|-singleturn|p1a: Moltres|move: Roost\n|\n|upkeep\n|turn|42\n|\n|t:|1701135474\n|move|p1a: Moltres|Will-O-Wisp|p2a: devindian\n|-status|p2a: devindian|brn\n|move|p2a: devindian|Swords Dance|p2a: devindian\n|-boost|p2a: devindian|atk|2\n|\n|-damage|p2a: devindian|94\/100 brn|[from] brn\n|upkeep\n|turn|43\n|\n|t:|1701135477\n|move|p1a: Moltres|Flamethrower|p2a: devindian\n|-supereffective|p2a: devindian\n|-damage|p2a: devindian|22\/100 brn\n|move|p2a: devindian|Swords Dance|p2a: devindian\n|-boost|p2a: devindian|atk|2\n|\n|-heal|p2a: devindian|29\/100 brn|[from] item: Leftovers\n|-damage|p2a: devindian|22\/100 brn|[from] brn\n|upkeep\n|turn|44\n|\n|t:|1701135490\n|move|p1a: Moltres|Flamethrower|p2a: devindian\n|-supereffective|p2a: devindian\n|-damage|p2a: devindian|0 fnt\n|faint|p2a: devindian\n|-end|p2a: devindian|fallen2|[silent]\n|\n|upkeep\n|\n|t:|1701135498\n|switch|p2a: Enamorus|Enamorus, F|94\/100\n|turn|45\n|\n|t:|1701135506\n|move|p2a: Enamorus|Moonblast|p1a: Moltres\n|-resisted|p1a: Moltres\n|-damage|p1a: Moltres|75\/100\n|move|p1a: Moltres|Flamethrower|p2a: Enamorus\n|-damage|p2a: Enamorus|39\/100\n|-status|p2a: Enamorus|brn\n|\n|-damage|p2a: Enamorus|33\/100 brn|[from] brn\n|upkeep\n|turn|46\n|-message|G.L.Borges forfeited.\n|\n|win|mikejohns\n|raw|mikejohns's rating: 1624 &rarr; <strong>1646<\/strong><br \/>(+22 for winning)\n|raw|G.L.Borges's rating: 1658 &rarr; <strong>1636<\/strong><br \/>(-22 for losing)\n|l|\u2606G.L.Borges\n","uploadtime":1701135538,"views":3,"p1id":"mikejohns","p2id":"glborges","formatid":"gen9ou","rating":1636,"private":0,"password":""}