{"id":"gen9ou-1993272758","p1":"munchkinp","p2":"Gambit_Gamin","format":"[Gen 9] OU","log":"|j|\u2606munchkinp\n|j|\u2606Gambit_Gamin\n|inactive|Battle timer is ON: inactive players will automatically lose when time's up.\n|t:|1700288020\n|gametype|singles\n|player|p1|munchkinp|101|\n|player|p2|Gambit_Gamin|ingo|\n|teamsize|p1|4\n|teamsize|p2|4\n|gen|9\n|tier|[Gen 9] OU\n|rated|Tournament battle\n|rule|Sleep Clause Mod: Limit one foe put to sleep\n|rule|Species Clause: Limit one of each Pok\u00e9mon\n|rule|OHKO Clause: OHKO moves are banned\n|rule|Evasion Items Clause: Evasion items are banned\n|rule|Evasion Moves Clause: Evasion moves are banned\n|rule|Endless Battle Clause: Forcing endless battles is banned\n|rule|HP Percentage Mod: HP is shown in percentages\n|clearpoke\n|poke|p1|Donphan, F|\n|poke|p1|Cufant, M|\n|poke|p1|Shellder, F|\n|poke|p1|Krokorok, F|\n|poke|p2|Growlithe-Hisui, M|\n|poke|p2|Mandibuzz, F|\n|poke|p2|Hatenna, F|\n|poke|p2|Wiglett, M|\n|teampreview\n|j|*Lady Monita \u2746\n|c|\u2606Gambit_Gamin|glhf\n|c|\u2606munchkinp|u2 !\n|\n|t:|1700288035\n|start\n|switch|p1a: Krokorok|Krokorok, F|100\/100\n|switch|p2a: Wiglett|Wiglett, M, shiny|100\/100\n|-ability|p1a: Krokorok|Intimidate|boost\n|-unboost|p2a: Wiglett|atk|1\n|turn|1\n|\n|t:|1700288044\n|move|p2a: Wiglett|Liquidation|p1a: Krokorok\n|-supereffective|p1a: Krokorok\n|-crit|p1a: Krokorok\n|-damage|p1a: Krokorok|0 fnt\n|faint|p1a: Krokorok\n|\n|upkeep\n|\n|t:|1700288050\n|switch|p1a: Cufant|Cufant, M|100\/100\n|turn|2\n|\n|t:|1700288054\n|move|p2a: Wiglett|Stomping Tantrum|p1a: Cufant\n|-supereffective|p1a: Cufant\n|-damage|p1a: Cufant|68\/100\n|move|p1a: Cufant|Earthquake|p2a: Wiglett\n|-enditem|p2a: Wiglett|Focus Sash\n|-damage|p2a: Wiglett|1\/100\n|\n|upkeep\n|turn|3\n|j| bleahey\n|\n|t:|1700288060\n|move|p2a: Wiglett|Memento|p1a: Cufant\n|-unboost|p1a: Cufant|atk|2\n|-unboost|p1a: Cufant|spa|2\n|faint|p2a: Wiglett\n|move|p1a: Cufant|Iron Head|p2: Wiglett|[notarget]\n|-fail|p1a: Cufant\n|\n|upkeep\n|l| bleahey\n|\n|t:|1700288070\n|switch|p2a: Growlithe|Growlithe-Hisui, M, shiny|100\/100\n|turn|4\n|\n|t:|1700288078\n|move|p2a: Growlithe|Flare Blitz|p1a: Cufant\n|-supereffective|p1a: Cufant\n|-damage|p1a: Cufant|0 fnt\n|faint|p1a: Cufant\n|\n|upkeep\n|\n|t:|1700288085\n|switch|p1a: Donphan|Donphan, F|100\/100\n|turn|5\n|\n|t:|1700288090\n|switch|p2a: Mandibuzz|Mandibuzz, F, shiny|100\/100\n|move|p1a: Donphan|Earthquake|p2a: Mandibuzz\n|-immune|p2a: Mandibuzz\n|\n|upkeep\n|turn|6\n|\n|t:|1700288096\n|move|p1a: Donphan|Ice Spinner|p2a: Mandibuzz\n|-supereffective|p2a: Mandibuzz\n|-damage|p2a: Mandibuzz|67\/100\n|move|p2a: Mandibuzz|Toxic|p1a: Donphan\n|-status|p1a: Donphan|tox\n|\n|-heal|p2a: Mandibuzz|73\/100|[from] item: Leftovers\n|-damage|p1a: Donphan|94\/100 tox|[from] psn\n|upkeep\n|turn|7\n|\n|t:|1700288108\n|switch|p1a: Shellder|Shellder, F|100\/100\n|move|p2a: Mandibuzz|Roost|p2a: Mandibuzz\n|-heal|p2a: Mandibuzz|100\/100\n|-singleturn|p2a: Mandibuzz|move: Roost\n|\n|upkeep\n|turn|8\n|\n|t:|1700288115\n|move|p2a: Mandibuzz|Toxic|p1a: Shellder\n|-status|p1a: Shellder|tox\n|move|p1a: Shellder|Shell Smash|p1a: Shellder\n|-unboost|p1a: Shellder|def|1\n|-unboost|p1a: Shellder|spd|1\n|-boost|p1a: Shellder|atk|2\n|-boost|p1a: Shellder|spa|2\n|-boost|p1a: Shellder|spe|2\n|\n|-damage|p1a: Shellder|95\/100 tox|[from] psn\n|upkeep\n|turn|9\n|inactive|Gambit_Gamin has 120 seconds left.\n|\n|t:|1700288147\n|-terastallize|p1a: Shellder|Ice\n|move|p1a: Shellder|Icicle Spear|p2a: Mandibuzz\n|-supereffective|p2a: Mandibuzz\n|-damage|p2a: Mandibuzz|80\/100\n|-supereffective|p2a: Mandibuzz\n|-damage|p2a: Mandibuzz|62\/100\n|-supereffective|p2a: Mandibuzz\n|-damage|p2a: Mandibuzz|43\/100\n|-supereffective|p2a: Mandibuzz\n|-damage|p2a: Mandibuzz|23\/100\n|-supereffective|p2a: Mandibuzz\n|-damage|p2a: Mandibuzz|3\/100\n|-hitcount|p2a: Mandibuzz|5\n|move|p2a: Mandibuzz|Foul Play|p1a: Shellder\n|-damage|p1a: Shellder|0 fnt\n|faint|p1a: Shellder\n|\n|-heal|p2a: Mandibuzz|9\/100|[from] item: Leftovers\n|upkeep\n|\n|t:|1700288159\n|switch|p1a: Donphan|Donphan, F|94\/100 tox\n|turn|10\n|\n|t:|1700288171\n|move|p1a: Donphan|Ice Spinner|p2a: Mandibuzz\n|-supereffective|p2a: Mandibuzz\n|-damage|p2a: Mandibuzz|0 fnt\n|faint|p2a: Mandibuzz\n|\n|-damage|p1a: Donphan|88\/100 tox|[from] psn\n|upkeep\n|\n|t:|1700288176\n|switch|p2a: Growlithe|Growlithe-Hisui, M, shiny|100\/100\n|turn|11\n|\n|t:|1700288185\n|-terastallize|p2a: Growlithe|Water\n|move|p1a: Donphan|Ice Spinner|p2a: Growlithe\n|-resisted|p2a: Growlithe\n|-damage|p2a: Growlithe|81\/100\n|move|p2a: Growlithe|Flare Blitz|p1a: Donphan\n|-damage|p1a: Donphan|47\/100 tox\n|\n|-damage|p1a: Donphan|35\/100 tox|[from] psn\n|upkeep\n|turn|12\n|\n|t:|1700288193\n|move|p1a: Donphan|Earthquake|p2a: Growlithe\n|-damage|p2a: Growlithe|0 fnt\n|faint|p2a: Growlithe\n|\n|-damage|p1a: Donphan|16\/100 tox|[from] psn\n|upkeep\n|\n|t:|1700288198\n|switch|p2a: Hatenna|Hatenna, F, shiny|100\/100\n|turn|13\n|\n|t:|1700288204\n|move|p1a: Donphan|Earthquake|p2a: Hatenna\n|-damage|p2a: Hatenna|10\/100\n|move|p2a: Hatenna|Giga Drain|p1a: Donphan\n|-supereffective|p1a: Donphan\n|-damage|p1a: Donphan|0 fnt\n|-heal|p2a: Hatenna|19\/100|[from] drain|[of] p1a: Donphan\n|faint|p1a: Donphan\n|\n|win|Gambit_Gamin\n|n|\u2606munchkinp|munchkinp\n|n|\u2606Gambit_Gamin|gambitgamin\n|n|*Lady Monita \u2746|ladymonita\n","uploadtime":1700288205,"views":12,"p1id":"munchkinp","p2id":"gambitgamin","formatid":"gen9ou","rating":0,"private":0,"password":""}