{"id":"gen9ou-1997244885","p1":"lostroncos","p2":"Steez Ibanez","format":"[Gen 9] OU","log":"|j|\u2606lostroncos\n|j|\u2606Steez Ibanez\n|t:|1700779797\n|gametype|singles\n|player|p1|lostroncos|266|1873\n|player|p2|Steez Ibanez|lance-gen2|1879\n|teamsize|p1|6\n|teamsize|p2|6\n|gen|9\n|tier|[Gen 9] OU\n|rated|\n|rule|Sleep Clause Mod: Limit one foe put to sleep\n|rule|Species Clause: Limit one of each Pok\u00e9mon\n|rule|OHKO Clause: OHKO moves are banned\n|rule|Evasion Items Clause: Evasion items are banned\n|rule|Evasion Moves Clause: Evasion moves are banned\n|rule|Endless Battle Clause: Forcing endless battles is banned\n|rule|HP Percentage Mod: HP is shown in percentages\n|clearpoke\n|poke|p1|Torkoal, M|\n|poke|p1|Walking Wake|\n|poke|p1|Great Tusk|\n|poke|p1|Cinderace, F|\n|poke|p1|Charizard, F|\n|poke|p1|Brute Bonnet|\n|poke|p2|Samurott-Hisui, M|\n|poke|p2|Ursaluna, M|\n|poke|p2|Weezing-Galar, M|\n|poke|p2|Dragapult, M|\n|poke|p2|Corviknight, M|\n|poke|p2|Ting-Lu|\n|teampreview\n|\n|t:|1700779806\n|start\n|switch|p1a: Torkoal|Torkoal, M|100\/100\n|switch|p2a: Speedwagon|Weezing-Galar, M|100\/100\n|-ability|p2a: Speedwagon|Neutralizing Gas\n|turn|1\n|\n|t:|1700779813\n|move|p2a: Speedwagon|Toxic Spikes|p1a: Torkoal\n|-sidestart|p1: lostroncos|move: Toxic Spikes\n|move|p1a: Torkoal|Stealth Rock|p2a: Speedwagon\n|-sidestart|p2: Steez Ibanez|move: Stealth Rock\n|\n|upkeep\n|turn|2\n|\n|t:|1700779826\n|-end|p2a: Speedwagon|ability: Neutralizing Gas\n|-weather|SunnyDay|[from] ability: Drought|[of] p1a: Torkoal\n|switch|p2a: Toothless|Dragapult, M|100\/100\n|switch|p1a: Cinderace|Cinderace, F|100\/100\n|\n|-weather|SunnyDay|[upkeep]\n|upkeep\n|turn|3\n|\n|t:|1700779834\n|move|p1a: Cinderace|Sucker Punch||[still]\n|-fail|p1a: Cinderace\n|move|p2a: Toothless|Thunder Wave|p1a: Cinderace\n|-status|p1a: Cinderace|par\n|\n|-weather|SunnyDay|[upkeep]\n|upkeep\n|turn|4\n|\n|t:|1700779840\n|switch|p2a: Yogi|Ursaluna, M|100\/100\n|-damage|p2a: Yogi|94\/100|[from] Stealth Rock\n|move|p1a: Cinderace|U-turn|p2a: Yogi\n|-start|p1a: Cinderace|typechange|Bug|[from] ability: Libero\n|-damage|p2a: Yogi|68\/100\n|\n|t:|1700779847\n|switch|p1a: Charizard|Charizard, F|100\/100|[from] U-turn\n|\n|-weather|SunnyDay|[upkeep]\n|-damage|p1a: Charizard|88\/100|[from] ability: Solar Power|[of] p1a: Charizard\n|-status|p2a: Yogi|brn|[from] item: Flame Orb\n|upkeep\n|turn|5\n|\n|t:|1700779861\n|switch|p2a: Speedwagon|Weezing-Galar, M|100\/100\n|-ability|p2a: Speedwagon|Neutralizing Gas\n|move|p1a: Charizard|Weather Ball|p2a: Speedwagon\n|-damage|p2a: Speedwagon|0 fnt\n|faint|p2a: Speedwagon\n|-end|p2a: Speedwagon|ability: Neutralizing Gas\n|\n|-weather|SunnyDay|[upkeep]\n|-damage|p1a: Charizard|76\/100|[from] ability: Solar Power|[of] p1a: Charizard\n|upkeep\n|\n|t:|1700779866\n|switch|p2a: Toothless|Dragapult, M|100\/100\n|turn|6\n|\n|t:|1700779873\n|move|p2a: Toothless|Dragon Darts|p1a: Charizard\n|-damage|p1a: Charizard|46\/100\n|-anim|p2a: Toothless|Dragon Darts|p1a: Charizard\n|-damage|p1a: Charizard|17\/100\n|move|p1a: Charizard|Weather Ball|p2a: Toothless\n|-resisted|p2a: Toothless\n|-damage|p2a: Toothless|2\/100\n|\n|-weather|SunnyDay|[upkeep]\n|-damage|p1a: Charizard|5\/100|[from] ability: Solar Power|[of] p1a: Charizard\n|upkeep\n|turn|7\n|\n|t:|1700779886\n|switch|p1a: Cinderace|Cinderace, F|100\/100 par\n|move|p2a: Toothless|Dragon Darts|p1a: Cinderace\n|-damage|p1a: Cinderace|68\/100 par\n|-anim|p2a: Toothless|Dragon Darts|p1a: Cinderace\n|-damage|p1a: Cinderace|37\/100 par\n|\n|-weather|SunnyDay|[upkeep]\n|upkeep\n|turn|8\n|\n|t:|1700779894\n|switch|p2a: Darth Tyranus|Samurott-Hisui, M|100\/100\n|cant|p1a: Cinderace|par\n|\n|-weather|SunnyDay|[upkeep]\n|upkeep\n|turn|9\n|\n|t:|1700779899\n|move|p2a: Darth Tyranus|Ceaseless Edge|p1a: Cinderace\n|-damage|p1a: Cinderace|0 fnt\n|-sidestart|p1: lostroncos|Spikes\n|faint|p1a: Cinderace\n|\n|-weather|none\n|upkeep\n|c|\u2606lostroncos|lol was u turn\n|c|\u2606lostroncos|fuck hax\n|\n|t:|1700779910\n|switch|p1a: Great Tusk|Great Tusk|100\/100\n|-status|p1a: Great Tusk|psn\n|-damage|p1a: Great Tusk|88\/100 psn|[from] Spikes\n|turn|10\n|\n|t:|1700779915\n|-terastallize|p2a: Darth Tyranus|Ghost\n|move|p1a: Great Tusk|Rapid Spin|p2a: Darth Tyranus\n|-immune|p2a: Darth Tyranus\n|move|p2a: Darth Tyranus|Aqua Cutter|p1a: Great Tusk\n|-supereffective|p1a: Great Tusk\n|-damage|p1a: Great Tusk|13\/100 psn\n|\n|-heal|p1a: Great Tusk|19\/100 psn|[from] item: Leftovers\n|-damage|p1a: Great Tusk|7\/100 psn|[from] psn\n|upkeep\n|turn|11\n|\n|t:|1700779926\n|move|p2a: Darth Tyranus|Sucker Punch|p1a: Great Tusk\n|-resisted|p1a: Great Tusk\n|-damage|p1a: Great Tusk|0 fnt\n|faint|p1a: Great Tusk\n|-end|p1a: Great Tusk|Protosynthesis|[silent]\n|\n|upkeep\n|\n|t:|1700779931\n|switch|p1a: Torkoal|Torkoal, M|100\/100\n|-status|p1a: Torkoal|psn\n|-damage|p1a: Torkoal|88\/100 psn|[from] Spikes\n|-weather|SunnyDay|[from] ability: Drought|[of] p1a: Torkoal\n|turn|12\n|\n|t:|1700779937\n|move|p2a: Darth Tyranus|Ceaseless Edge|p1a: Torkoal\n|-damage|p1a: Torkoal|61\/100 psn\n|-sidestart|p1: lostroncos|Spikes\n|move|p1a: Torkoal|Lava Plume|p2a: Darth Tyranus\n|-damage|p2a: Darth Tyranus|48\/100\n|\n|-weather|SunnyDay|[upkeep]\n|-damage|p1a: Torkoal|49\/100 psn|[from] psn\n|upkeep\n|turn|13\n|\n|t:|1700779949\n|switch|p1a: Brute Bonnet|Brute Bonnet|100\/100\n|-status|p1a: Brute Bonnet|psn\n|-damage|p1a: Brute Bonnet|84\/100 psn|[from] Spikes\n|-activate|p1a: Brute Bonnet|ability: Protosynthesis\n|-start|p1a: Brute Bonnet|protosynthesisatk\n|move|p2a: Darth Tyranus|Ceaseless Edge|p1a: Brute Bonnet\n|-resisted|p1a: Brute Bonnet\n|-damage|p1a: Brute Bonnet|62\/100 psn\n|-sidestart|p1: lostroncos|Spikes\n|\n|-weather|SunnyDay|[upkeep]\n|-damage|p1a: Brute Bonnet|50\/100 psn|[from] psn\n|upkeep\n|turn|14\n|\n|t:|1700779960\n|switch|p2a: Clicker|Ting-Lu|100\/100\n|-damage|p2a: Clicker|94\/100|[from] Stealth Rock\n|-ability|p2a: Clicker|Vessel of Ruin\n|move|p1a: Brute Bonnet|Seed Bomb|p2a: Clicker\n|-supereffective|p2a: Clicker\n|-damage|p2a: Clicker|16\/100\n|-damage|p1a: Brute Bonnet|40\/100 psn|[from] item: Life Orb\n|\n|-weather|SunnyDay|[upkeep]\n|-heal|p2a: Clicker|23\/100|[from] item: Leftovers\n|-damage|p1a: Brute Bonnet|27\/100 psn|[from] psn\n|upkeep\n|turn|15\n|\n|t:|1700779972\n|move|p1a: Brute Bonnet|Close Combat|p2a: Clicker\n|-supereffective|p2a: Clicker\n|-damage|p2a: Clicker|0 fnt\n|-unboost|p1a: Brute Bonnet|def|1\n|-unboost|p1a: Brute Bonnet|spd|1\n|faint|p2a: Clicker\n|-damage|p1a: Brute Bonnet|17\/100 psn|[from] item: Life Orb\n|\n|-weather|SunnyDay|[upkeep]\n|-damage|p1a: Brute Bonnet|5\/100 psn|[from] psn\n|upkeep\n|\n|t:|1700779974\n|switch|p2a: Toothless|Dragapult, M|2\/100\n|turn|16\n|\n|t:|1700779984\n|switch|p2a: Darth Tyranus|Samurott-Hisui, M, tera:Ghost|48\/100\n|move|p1a: Brute Bonnet|Seed Bomb|p2a: Darth Tyranus\n|-crit|p2a: Darth Tyranus\n|-damage|p2a: Darth Tyranus|0 fnt\n|faint|p2a: Darth Tyranus\n|-damage|p1a: Brute Bonnet|0 fnt|[from] item: Life Orb\n|faint|p1a: Brute Bonnet\n|-end|p1a: Brute Bonnet|Protosynthesis|[silent]\n|\n|-weather|SunnyDay|[upkeep]\n|upkeep\n|\n|t:|1700779993\n|switch|p2a: Toothless|Dragapult, M|2\/100\n|switch|p1a: Walking Wake|Walking Wake|100\/100\n|-status|p1a: Walking Wake|psn\n|-damage|p1a: Walking Wake|76\/100 psn|[from] Spikes\n|-activate|p1a: Walking Wake|ability: Protosynthesis\n|-start|p1a: Walking Wake|protosynthesisspe\n|turn|17\n|\n|t:|1700780003\n|switch|p2a: Yogi|Ursaluna, M|68\/100 brn\n|-damage|p2a: Yogi|62\/100 brn|[from] Stealth Rock\n|-terastallize|p1a: Walking Wake|Water\n|move|p1a: Walking Wake|Hydro Steam|p2a: Yogi\n|-supereffective|p2a: Yogi\n|-damage|p2a: Yogi|0 fnt\n|faint|p2a: Yogi\n|\n|-weather|SunnyDay|[upkeep]\n|-damage|p1a: Walking Wake|63\/100 psn|[from] psn\n|upkeep\n|\n|t:|1700780007\n|switch|p2a: Dick Grayson|Corviknight, M|100\/100\n|-damage|p2a: Dick Grayson|88\/100|[from] Stealth Rock\n|-ability|p2a: Dick Grayson|Pressure\n|turn|18\n|j| WhatColorIsThis?\n|\n|t:|1700780017\n|move|p1a: Walking Wake|Hydro Steam|p2a: Dick Grayson\n|-damage|p2a: Dick Grayson|0 fnt\n|faint|p2a: Dick Grayson\n|\n|-weather|SunnyDay|[upkeep]\n|-damage|p1a: Walking Wake|51\/100 psn|[from] psn\n|upkeep\n|\n|t:|1700780021\n|switch|p2a: Toothless|Dragapult, M|2\/100\n|turn|19\n|\n|t:|1700780026\n|move|p1a: Walking Wake|Hydro Steam|p2a: Toothless\n|-resisted|p2a: Toothless\n|-damage|p2a: Toothless|0 fnt\n|faint|p2a: Toothless\n|\n|win|lostroncos\n|raw|lostroncos's rating: 1873 &rarr; <strong>1893<\/strong><br \/>(+20 for winning)\n|raw|Steez Ibanez's rating: 1879 &rarr; <strong>1859<\/strong><br \/>(-20 for losing)\n|l|\u2606Steez Ibanez\n","uploadtime":1700780037,"views":7,"p1id":"lostroncos","p2id":"steezibanez","formatid":"gen9ou","rating":1859,"private":0,"password":""}