{"id":"gen9ou-1992116901","p1":"thetidleypeeps","p2":"keep ttar overused","format":"[Gen 9] OU","log":"|j|\u2606thetidleypeeps\n|j|\u2606keep ttar overused\n|t:|1700156477\n|gametype|singles\n|player|p1|thetidleypeeps|170|1445\n|player|p2|keep ttar overused|unknown|1421\n|teamsize|p1|6\n|teamsize|p2|6\n|gen|9\n|tier|[Gen 9] OU\n|rated|\n|rule|Sleep Clause Mod: Limit one foe put to sleep\n|rule|Species Clause: Limit one of each Pok\u00e9mon\n|rule|OHKO Clause: OHKO moves are banned\n|rule|Evasion Items Clause: Evasion items are banned\n|rule|Evasion Moves Clause: Evasion moves are banned\n|rule|Endless Battle Clause: Forcing endless battles is banned\n|rule|HP Percentage Mod: HP is shown in percentages\n|clearpoke\n|poke|p1|Kingambit, M|\n|poke|p1|Cresselia, F|\n|poke|p1|Dragapult, F|\n|poke|p1|Walking Wake|\n|poke|p1|Torkoal, M|\n|poke|p1|Iron Valiant|\n|poke|p2|Iron Jugulis|\n|poke|p2|Ogerpon-Wellspring, F|\n|poke|p2|Tinkaton, F|\n|poke|p2|Iron Moth|\n|poke|p2|Great Tusk|\n|poke|p2|Dragapult, F|\n|teampreview\n|inactive|Battle timer is ON: inactive players will automatically lose when time's up. (requested by keep ttar overused)\n|\n|t:|1700156496\n|start\n|switch|p1a: Torkoal|Torkoal, M|100\/100\n|switch|p2a: TWINKATON|Tinkaton, F|100\/100\n|-item|p2a: TWINKATON|Air Balloon\n|-weather|SunnyDay|[from] ability: Drought|[of] p1a: Torkoal\n|turn|1\n|\n|t:|1700156505\n|move|p2a: TWINKATON|Stealth Rock|p1a: Torkoal\n|-sidestart|p1: thetidleypeeps|move: Stealth Rock\n|move|p1a: Torkoal|Lava Plume|p2a: TWINKATON\n|-supereffective|p2a: TWINKATON\n|-damage|p2a: TWINKATON|43\/100\n|-enditem|p2a: TWINKATON|Air Balloon\n|\n|-weather|SunnyDay|[upkeep]\n|upkeep\n|turn|2\n|\n|t:|1700156510\n|switch|p2a: Dragapult|Dragapult, F|100\/100\n|move|p1a: Torkoal|Rapid Spin|p2a: Dragapult\n|-immune|p2a: Dragapult\n|\n|-weather|SunnyDay|[upkeep]\n|upkeep\n|turn|3\n|\n|t:|1700156513\n|move|p2a: Dragapult|Shadow Ball|p1a: Torkoal\n|-crit|p1a: Torkoal\n|-damage|p1a: Torkoal|0 fnt\n|faint|p1a: Torkoal\n|\n|-weather|SunnyDay|[upkeep]\n|upkeep\n|\n|t:|1700156521\n|switch|p1a: Iron Valiant|Iron Valiant|100\/100\n|-damage|p1a: Iron Valiant|94\/100|[from] Stealth Rock\n|-enditem|p1a: Iron Valiant|Booster Energy\n|-activate|p1a: Iron Valiant|ability: Quark Drive|[fromitem]\n|-start|p1a: Iron Valiant|quarkdrivespe\n|turn|4\n|\n|t:|1700156543\n|switch|p2a: Iron Moth|Iron Moth|100\/100\n|-enditem|p2a: Iron Moth|Booster Energy\n|-activate|p2a: Iron Moth|ability: Quark Drive|[fromitem]\n|-start|p2a: Iron Moth|quarkdrivespe\n|move|p1a: Iron Valiant|Swords Dance|p1a: Iron Valiant\n|-boost|p1a: Iron Valiant|atk|2\n|\n|-weather|SunnyDay|[upkeep]\n|upkeep\n|turn|5\n|\n|t:|1700156552\n|move|p1a: Iron Valiant|Knock Off|p2a: Iron Moth\n|-damage|p2a: Iron Moth|33\/100\n|move|p2a: Iron Moth|Fiery Dance|p1a: Iron Valiant\n|-damage|p1a: Iron Valiant|0 fnt\n|faint|p1a: Iron Valiant\n|-end|p1a: Iron Valiant|Quark Drive|[silent]\n|\n|-weather|SunnyDay|[upkeep]\n|upkeep\n|\n|t:|1700156557\n|switch|p1a: Walking Wake|Walking Wake|100\/100\n|-damage|p1a: Walking Wake|88\/100|[from] Stealth Rock\n|-activate|p1a: Walking Wake|ability: Protosynthesis\n|-start|p1a: Walking Wake|protosynthesisspa\n|turn|6\n|\n|t:|1700156560\n|move|p2a: Iron Moth|Dazzling Gleam|p1a: Walking Wake\n|-supereffective|p1a: Walking Wake\n|-damage|p1a: Walking Wake|24\/100\n|move|p1a: Walking Wake|Hydro Steam|p2a: Iron Moth\n|-supereffective|p2a: Iron Moth\n|-damage|p2a: Iron Moth|0 fnt\n|faint|p2a: Iron Moth\n|-end|p2a: Iron Moth|Quark Drive|[silent]\n|\n|-weather|SunnyDay|[upkeep]\n|upkeep\n|\n|t:|1700156566\n|switch|p2a: Ogerpon|Ogerpon-Wellspring, F|100\/100\n|turn|7\n|\n|t:|1700156570\n|-end|p1a: Walking Wake|Protosynthesis|[silent]\n|switch|p1a: Cresselia|Cresselia, F|100\/100\n|-damage|p1a: Cresselia|88\/100|[from] Stealth Rock\n|move|p2a: Ogerpon|U-turn|p1a: Cresselia\n|-supereffective|p1a: Cresselia\n|-damage|p1a: Cresselia|56\/100\n|\n|t:|1700156572\n|switch|p2a: Iron Jugulis|Iron Jugulis|100\/100|[from] U-turn\n|-enditem|p2a: Iron Jugulis|Booster Energy\n|-activate|p2a: Iron Jugulis|ability: Quark Drive|[fromitem]\n|-start|p2a: Iron Jugulis|quarkdrivespe\n|\n|-weather|SunnyDay|[upkeep]\n|-heal|p1a: Cresselia|62\/100|[from] item: Leftovers\n|upkeep\n|turn|8\n|\n|t:|1700156584\n|move|p2a: Iron Jugulis|Taunt|p1a: Cresselia\n|-start|p1a: Cresselia|move: Taunt\n|move|p1a: Cresselia|Moonblast|p2a: Iron Jugulis\n|-supereffective|p2a: Iron Jugulis\n|-damage|p2a: Iron Jugulis|48\/100\n|\n|-weather|none\n|-heal|p1a: Cresselia|68\/100|[from] item: Leftovers\n|upkeep\n|turn|9\n|\n|t:|1700156589\n|move|p2a: Iron Jugulis|Knock Off|p1a: Cresselia\n|-supereffective|p1a: Cresselia\n|-damage|p1a: Cresselia|35\/100\n|-enditem|p1a: Cresselia|Leftovers|[from] move: Knock Off|[of] p2a: Iron Jugulis\n|move|p1a: Cresselia|Moonblast|p2a: Iron Jugulis\n|-supereffective|p2a: Iron Jugulis\n|-damage|p2a: Iron Jugulis|0 fnt\n|faint|p2a: Iron Jugulis\n|-end|p2a: Iron Jugulis|Quark Drive|[silent]\n|\n|upkeep\n|\n|t:|1700156592\n|switch|p2a: Dragapult|Dragapult, F|100\/100\n|turn|10\n|\n|t:|1700156594\n|move|p2a: Dragapult|Shadow Ball|p1a: Cresselia\n|-supereffective|p1a: Cresselia\n|-crit|p1a: Cresselia\n|-damage|p1a: Cresselia|0 fnt\n|faint|p1a: Cresselia\n|\n|upkeep\n|\n|t:|1700156599\n|switch|p1a: Walking Wake|Walking Wake|24\/100\n|-damage|p1a: Walking Wake|11\/100|[from] Stealth Rock\n|turn|11\n|\n|t:|1700156602\n|switch|p2a: TWINKATON|Tinkaton, F|43\/100\n|move|p1a: Walking Wake|Draco Meteor|p2a: TWINKATON\n|-immune|p2a: TWINKATON\n|\n|upkeep\n|turn|12\n|\n|t:|1700156605\n|-end|p1a: Walking Wake|Protosynthesis|[silent]\n|switch|p1a: Dragapult|Dragapult, F|100\/100\n|-damage|p1a: Dragapult|88\/100|[from] Stealth Rock\n|move|p2a: TWINKATON|Play Rough|p1a: Dragapult\n|-supereffective|p1a: Dragapult\n|-damage|p1a: Dragapult|25\/100\n|\n|upkeep\n|turn|13\n|\n|t:|1700156608\n|move|p1a: Dragapult|Fire Blast|p2a: TWINKATON\n|-supereffective|p2a: TWINKATON\n|-damage|p2a: TWINKATON|0 fnt\n|faint|p2a: TWINKATON\n|\n|upkeep\n|\n|t:|1700156611\n|switch|p2a: Dragapult|Dragapult, F|100\/100\n|turn|14\n|\n|t:|1700156615\n|switch|p1a: Walking Wake|Walking Wake|11\/100\n|-damage|p1a: Walking Wake|0 fnt|[from] Stealth Rock\n|faint|p1a: Walking Wake\n|-end|p1a: Walking Wake|Protosynthesis|[silent]\n|move|p2a: Dragapult|Shadow Ball|p1: Walking Wake|[notarget]\n|-fail|p2a: Dragapult\n|\n|upkeep\n|\n|t:|1700156617\n|switch|p1a: Dragapult|Dragapult, F|25\/100\n|-damage|p1a: Dragapult|13\/100|[from] Stealth Rock\n|turn|15\n|\n|t:|1700156620\n|move|p2a: Dragapult|Shadow Ball|p1a: Dragapult\n|-supereffective|p1a: Dragapult\n|-damage|p1a: Dragapult|0 fnt\n|faint|p1a: Dragapult\n|\n|upkeep\n|\n|t:|1700156622\n|switch|p1a: Kingambit|Kingambit, M|100\/100\n|-damage|p1a: Kingambit|94\/100|[from] Stealth Rock\n|-activate|p1a: Kingambit|ability: Supreme Overlord\n|-start|p1a: Kingambit|fallen5|[silent]\n|turn|16\n|\n|t:|1700156625\n|switch|p2a: Great Tusk|Great Tusk|100\/100\n|-enditem|p2a: Great Tusk|Booster Energy\n|-activate|p2a: Great Tusk|ability: Protosynthesis|[fromitem]\n|-start|p2a: Great Tusk|protosynthesisspe\n|move|p1a: Kingambit|Swords Dance|p1a: Kingambit\n|-boost|p1a: Kingambit|atk|2\n|\n|upkeep\n|turn|17\n|\n|t:|1700156629\n|-terastallize|p1a: Kingambit|Dark\n|move|p2a: Great Tusk|Bulk Up|p2a: Great Tusk\n|-boost|p2a: Great Tusk|atk|1\n|-boost|p2a: Great Tusk|def|1\n|move|p1a: Kingambit|Kowtow Cleave|p2a: Great Tusk\n|-resisted|p2a: Great Tusk\n|-damage|p2a: Great Tusk|50\/100\n|\n|upkeep\n|turn|18\n|\n|t:|1700156633\n|move|p2a: Great Tusk|Headlong Rush|p1a: Kingambit\n|-damage|p1a: Kingambit|35\/100\n|-unboost|p2a: Great Tusk|def|1\n|-unboost|p2a: Great Tusk|spd|1\n|move|p1a: Kingambit|Kowtow Cleave|p2a: Great Tusk\n|-resisted|p2a: Great Tusk\n|-damage|p2a: Great Tusk|0 fnt\n|faint|p2a: Great Tusk\n|-end|p2a: Great Tusk|Protosynthesis|[silent]\n|\n|upkeep\n|\n|t:|1700156636\n|switch|p2a: Ogerpon|Ogerpon-Wellspring, F|100\/100\n|turn|19\n|\n|t:|1700156644\n|move|p1a: Kingambit|Sucker Punch||[still]\n|-fail|p1a: Kingambit\n|move|p2a: Ogerpon|Spikes|p1a: Kingambit\n|-sidestart|p1: thetidleypeeps|Spikes\n|\n|upkeep\n|turn|20\n|\n|t:|1700156647\n|move|p1a: Kingambit|Sucker Punch|p2a: Ogerpon\n|-damage|p2a: Ogerpon|0 fnt\n|faint|p2a: Ogerpon\n|\n|upkeep\n|-message|keep ttar overused forfeited.\n|\n|win|thetidleypeeps\n|raw|thetidleypeeps's rating: 1445 &rarr; <strong>1464<\/strong><br \/>(+19 for winning)\n|raw|keep ttar overused's rating: 1421 &rarr; <strong>1402<\/strong><br \/>(-19 for losing)\n|l|\u2606keep ttar overused\n","uploadtime":1700156653,"views":12,"p1id":"thetidleypeeps","p2id":"keepttaroverused","formatid":"gen9ou","rating":1402,"private":0,"password":""}