{"id":"gen9ou-1998342058","p1":"dragonbrrr","p2":"WormStepper","format":"[Gen 9] OU","log":"|j|\u2606dragonbrrr\n|j|\u2606WormStepper\n|t:|1700931559\n|gametype|singles\n|player|p1|dragonbrrr|unknownf|1524\n|player|p2|WormStepper|ghetsis|1454\n|teamsize|p1|6\n|teamsize|p2|6\n|gen|9\n|tier|[Gen 9] OU\n|rated|\n|rule|Sleep Clause Mod: Limit one foe put to sleep\n|rule|Species Clause: Limit one of each Pok\u00e9mon\n|rule|OHKO Clause: OHKO moves are banned\n|rule|Evasion Items Clause: Evasion items are banned\n|rule|Evasion Moves Clause: Evasion moves are banned\n|rule|Endless Battle Clause: Forcing endless battles is banned\n|rule|HP Percentage Mod: HP is shown in percentages\n|clearpoke\n|poke|p1|Skeledirge, F|\n|poke|p1|Corviknight, F|\n|poke|p1|Clefable, F|\n|poke|p1|Dragapult, F|\n|poke|p1|Blissey, F|\n|poke|p1|Clodsire, F|\n|poke|p2|Ribombee, F|\n|poke|p2|Kingambit, F|\n|poke|p2|Kommo-o, F|\n|poke|p2|Great Tusk|\n|poke|p2|Iron Valiant|\n|poke|p2|Iron Moth|\n|teampreview\n|inactive|Battle timer is ON: inactive players will automatically lose when time's up. (requested by WormStepper)\n|\n|t:|1700931579\n|start\n|switch|p1a: Blissey|Blissey, F|100\/100\n|switch|p2a: Ribombee|Ribombee, F|100\/100\n|turn|1\n|\n|t:|1700931601\n|move|p1a: Blissey|Protect|p1a: Blissey\n|-singleturn|p1a: Blissey|Protect\n|move|p2a: Ribombee|Sticky Web|p1a: Blissey\n|-sidestart|p1: dragonbrrr|move: Sticky Web\n|\n|upkeep\n|turn|2\n|\n|t:|1700931627\n|switch|p2a: Kommo-o|Kommo-o, F|100\/100\n|move|p1a: Blissey|Stealth Rock|p2a: Kommo-o\n|-sidestart|p2: WormStepper|move: Stealth Rock\n|\n|upkeep\n|turn|3\n|\n|t:|1700931637\n|switch|p1a: Skeledirge|Skeledirge, F|100\/100\n|move|p2a: Kommo-o|Clangorous Soul|p2a: Kommo-o\n|-boost|p2a: Kommo-o|atk|1\n|-boost|p2a: Kommo-o|def|1\n|-boost|p2a: Kommo-o|spa|1\n|-boost|p2a: Kommo-o|spd|1\n|-boost|p2a: Kommo-o|spe|1\n|-damage|p2a: Kommo-o|68\/100\n|-enditem|p2a: Kommo-o|Throat Spray\n|-boost|p2a: Kommo-o|spa|1|[from] item: Throat Spray\n|\n|upkeep\n|turn|4\n|\n|t:|1700931642\n|move|p2a: Kommo-o|Clanging Scales|p1a: Skeledirge\n|-damage|p1a: Skeledirge|49\/100\n|-unboost|p2a: Kommo-o|def|1\n|move|p1a: Skeledirge|Will-O-Wisp|p2a: Kommo-o\n|-status|p2a: Kommo-o|brn\n|\n|-damage|p2a: Kommo-o|61\/100 brn|[from] brn\n|upkeep\n|turn|5\n|\n|t:|1700931671\n|switch|p1a: clefunable|Clefable, F|100\/100\n|-activate|p1a: clefunable|move: Sticky Web\n|-unboost|p1a: clefunable|spe|1\n|move|p2a: Kommo-o|Clanging Scales|p1a: clefunable\n|-immune|p1a: clefunable\n|\n|-damage|p2a: Kommo-o|55\/100 brn|[from] brn\n|upkeep\n|turn|6\n|inactive|WormStepper has 120 seconds left.\n|\n|t:|1700931702\n|-terastallize|p2a: Kommo-o|Normal\n|move|p1a: clefunable|Protect|p1a: clefunable\n|-singleturn|p1a: clefunable|Protect\n|move|p2a: Kommo-o|Boomburst|p1a: clefunable\n|-activate|p1a: clefunable|move: Protect\n|\n|-damage|p2a: Kommo-o|49\/100 brn|[from] brn\n|upkeep\n|turn|7\n|\n|t:|1700931714\n|switch|p1a: Blissey|Blissey, F|100\/100\n|move|p2a: Kommo-o|Boomburst|p1a: Blissey\n|-damage|p1a: Blissey|62\/100\n|\n|-damage|p2a: Kommo-o|43\/100 brn|[from] brn\n|upkeep\n|turn|8\n|\n|t:|1700931728\n|move|p1a: Blissey|Protect|p1a: Blissey\n|-singleturn|p1a: Blissey|Protect\n|move|p2a: Kommo-o|Drain Punch|p1a: Blissey\n|-activate|p1a: Blissey|move: Protect\n|\n|-damage|p2a: Kommo-o|37\/100 brn|[from] brn\n|upkeep\n|turn|9\n|\n|t:|1700931739\n|-terastallize|p1a: Blissey|Ghost\n|move|p2a: Kommo-o|Clanging Scales|p1a: Blissey\n|-crit|p1a: Blissey\n|-damage|p1a: Blissey|11\/100\n|-unboost|p2a: Kommo-o|def|1\n|move|p1a: Blissey|Soft-Boiled|p1a: Blissey\n|-heal|p1a: Blissey|61\/100\n|\n|-damage|p2a: Kommo-o|31\/100 brn|[from] brn\n|upkeep\n|turn|10\n|\n|t:|1700931749\n|move|p2a: Kommo-o|Clanging Scales|p1a: Blissey\n|-damage|p1a: Blissey|30\/100\n|-unboost|p2a: Kommo-o|def|1\n|move|p1a: Blissey|Soft-Boiled|p1a: Blissey\n|-heal|p1a: Blissey|80\/100\n|\n|-damage|p2a: Kommo-o|24\/100 brn|[from] brn\n|upkeep\n|turn|11\n|\n|t:|1700931756\n|switch|p2a: Iron Valiant|Iron Valiant|100\/100\n|-damage|p2a: Iron Valiant|94\/100|[from] Stealth Rock\n|-enditem|p2a: Iron Valiant|Booster Energy\n|-activate|p2a: Iron Valiant|ability: Quark Drive|[fromitem]\n|-start|p2a: Iron Valiant|quarkdrivespe\n|move|p1a: Blissey|Soft-Boiled|p1a: Blissey\n|-heal|p1a: Blissey|100\/100\n|\n|upkeep\n|turn|12\n|\n|t:|1700931760\n|move|p1a: Blissey|Protect|p1a: Blissey\n|-singleturn|p1a: Blissey|Protect\n|move|p2a: Iron Valiant|Knock Off|p1a: Blissey\n|-activate|p1a: Blissey|move: Protect\n|\n|upkeep\n|turn|13\n|\n|t:|1700931766\n|switch|p1a: clefunable|Clefable, F|100\/100\n|-activate|p1a: clefunable|move: Sticky Web\n|-unboost|p1a: clefunable|spe|1\n|move|p2a: Iron Valiant|Knock Off|p1a: clefunable\n|-resisted|p1a: clefunable\n|-damage|p1a: clefunable|89\/100\n|-enditem|p1a: clefunable|Leftovers|[from] move: Knock Off|[of] p2a: Iron Valiant\n|\n|upkeep\n|turn|14\n|\n|t:|1700931772\n|move|p2a: Iron Valiant|Spirit Break|p1a: clefunable\n|-damage|p1a: clefunable|60\/100\n|-unboost|p1a: clefunable|spa|1\n|move|p1a: clefunable|Moonblast|p2a: Iron Valiant\n|-supereffective|p2a: Iron Valiant\n|-damage|p2a: Iron Valiant|22\/100\n|\n|upkeep\n|turn|15\n|\n|t:|1700931786\n|move|p2a: Iron Valiant|Encore|p1a: clefunable\n|-start|p1a: clefunable|Encore\n|move|p1a: clefunable|Moonblast|p2a: Iron Valiant\n|-supereffective|p2a: Iron Valiant\n|-damage|p2a: Iron Valiant|0 fnt\n|faint|p2a: Iron Valiant\n|-end|p2a: Iron Valiant|Quark Drive|[silent]\n|\n|upkeep\n|\n|t:|1700931788\n|switch|p2a: Iron Moth|Iron Moth|100\/100\n|-damage|p2a: Iron Moth|76\/100|[from] Stealth Rock\n|-enditem|p2a: Iron Moth|Booster Energy\n|-activate|p2a: Iron Moth|ability: Quark Drive|[fromitem]\n|-start|p2a: Iron Moth|quarkdrivespe\n|turn|16\n|\n|t:|1700931807\n|switch|p1a: Clodsire|Clodsire, F|100\/100\n|move|p2a: Iron Moth|Sludge Wave|p1a: Clodsire\n|-resisted|p1a: Clodsire\n|-damage|p1a: Clodsire|94\/100\n|\n|upkeep\n|turn|17\n|\n|t:|1700931812\n|move|p2a: Iron Moth|Psychic|p1a: Clodsire\n|-supereffective|p1a: Clodsire\n|-damage|p1a: Clodsire|62\/100\n|move|p1a: Clodsire|Earthquake|p2a: Iron Moth\n|-supereffective|p2a: Iron Moth\n|-damage|p2a: Iron Moth|0 fnt\n|faint|p2a: Iron Moth\n|-end|p2a: Iron Moth|Quark Drive|[silent]\n|\n|upkeep\n|\n|t:|1700931816\n|switch|p2a: Great Tusk|Great Tusk|100\/100\n|-damage|p2a: Great Tusk|98\/100|[from] Stealth Rock\n|-enditem|p2a: Great Tusk|Booster Energy\n|-activate|p2a: Great Tusk|ability: Protosynthesis|[fromitem]\n|-start|p2a: Great Tusk|protosynthesisspe\n|turn|18\n|\n|t:|1700931828\n|switch|p1a: Corviknight|Corviknight, F|100\/100\n|-ability|p1a: Corviknight|Pressure\n|move|p2a: Great Tusk|Bulk Up|p2a: Great Tusk\n|-boost|p2a: Great Tusk|atk|1\n|-boost|p2a: Great Tusk|def|1\n|\n|upkeep\n|turn|19\n|\n|t:|1700931830\n|move|p2a: Great Tusk|Rapid Spin|p1a: Corviknight\n|-resisted|p1a: Corviknight\n|-damage|p1a: Corviknight|94\/100\n|-boost|p2a: Great Tusk|spe|1\n|-sideend|p2: WormStepper|Stealth Rock|[from] move: Rapid Spin|[of] p2a: Great Tusk\n|move|p1a: Corviknight|Iron Defense|p1a: Corviknight\n|-boost|p1a: Corviknight|def|2\n|\n|upkeep\n|turn|20\n|\n|t:|1700931838\n|-end|p2a: Great Tusk|Protosynthesis|[silent]\n|switch|p2a: Ribombee|Ribombee, F|100\/100\n|move|p1a: Corviknight|Taunt|p2a: Ribombee\n|-start|p2a: Ribombee|move: Taunt\n|\n|upkeep\n|turn|21\n|\n|t:|1700931848\n|switch|p2a: Kommo-o|Kommo-o, F, tera:Normal|24\/100 brn\n|switch|p1a: Clodsire|Clodsire, F|62\/100\n|\n|-damage|p2a: Kommo-o|18\/100 brn|[from] brn\n|upkeep\n|turn|22\n|\n|t:|1700931864\n|switch|p1a: Blissey|Blissey, F, tera:Ghost|100\/100\n|move|p2a: Kommo-o|Boomburst|p1a: Blissey\n|-immune|p1a: Blissey\n|\n|-damage|p2a: Kommo-o|12\/100 brn|[from] brn\n|upkeep\n|turn|23\n|\n|t:|1700931870\n|move|p2a: Kommo-o|Clanging Scales|p1a: Blissey\n|-crit|p1a: Blissey\n|-damage|p1a: Blissey|76\/100\n|-unboost|p2a: Kommo-o|def|1\n|move|p1a: Blissey|Stealth Rock|p2a: Kommo-o\n|-sidestart|p2: WormStepper|move: Stealth Rock\n|\n|-damage|p2a: Kommo-o|6\/100 brn|[from] brn\n|upkeep\n|turn|24\n|\n|t:|1700931876\n|move|p2a: Kommo-o|Clanging Scales|p1a: Blissey\n|-damage|p1a: Blissey|59\/100\n|-unboost|p2a: Kommo-o|def|1\n|move|p1a: Blissey|Soft-Boiled|p1a: Blissey\n|-heal|p1a: Blissey|100\/100\n|\n|-damage|p2a: Kommo-o|0 fnt|[from] brn\n|faint|p2a: Kommo-o\n|upkeep\n|\n|t:|1700931884\n|switch|p2a: Kingambit|Kingambit, F|100\/100\n|-damage|p2a: Kingambit|94\/100|[from] Stealth Rock\n|-activate|p2a: Kingambit|ability: Supreme Overlord\n|-start|p2a: Kingambit|fallen3|[silent]\n|turn|25\n|\n|t:|1700931894\n|switch|p1a: Corviknight|Corviknight, F|94\/100\n|-ability|p1a: Corviknight|Pressure\n|move|p2a: Kingambit|Swords Dance|p2a: Kingambit\n|-boost|p2a: Kingambit|atk|2\n|\n|upkeep\n|turn|26\n|\n|t:|1700931899\n|move|p2a: Kingambit|Sucker Punch||[still]\n|-fail|p2a: Kingambit\n|move|p1a: Corviknight|Iron Defense|p1a: Corviknight\n|-boost|p1a: Corviknight|def|2\n|\n|upkeep\n|turn|27\n|\n|t:|1700931902\n|move|p2a: Kingambit|Kowtow Cleave|p1a: Corviknight\n|-damage|p1a: Corviknight|54\/100\n|move|p1a: Corviknight|Taunt|p2a: Kingambit\n|-start|p2a: Kingambit|move: Taunt\n|\n|upkeep\n|turn|28\n|\n|t:|1700931905\n|move|p2a: Kingambit|Kowtow Cleave|p1a: Corviknight\n|-damage|p1a: Corviknight|16\/100\n|move|p1a: Corviknight|Roost|p1a: Corviknight\n|-heal|p1a: Corviknight|66\/100\n|-singleturn|p1a: Corviknight|move: Roost\n|\n|upkeep\n|turn|29\n|\n|t:|1700931912\n|move|p2a: Kingambit|Iron Head|p1a: Corviknight\n|-resisted|p1a: Corviknight\n|-damage|p1a: Corviknight|49\/100\n|move|p1a: Corviknight|Roost|p1a: Corviknight\n|-heal|p1a: Corviknight|99\/100\n|-singleturn|p1a: Corviknight|move: Roost\n|\n|upkeep\n|turn|30\n|\n|t:|1700931917\n|-end|p2a: Kingambit|fallen3|[silent]\n|switch|p2a: Ribombee|Ribombee, F|100\/100\n|-damage|p2a: Ribombee|76\/100|[from] Stealth Rock\n|move|p1a: Corviknight|Iron Defense|p1a: Corviknight\n|-boost|p1a: Corviknight|def|2\n|\n|upkeep\n|turn|31\n|-message|WormStepper forfeited.\n|\n|win|dragonbrrr\n|raw|dragonbrrr's rating: 1524 &rarr; <strong>1540<\/strong><br \/>(+16 for winning)\n|raw|WormStepper's rating: 1454 &rarr; <strong>1438<\/strong><br \/>(-16 for losing)\n|l|\u2606WormStepper\n","uploadtime":1700931924,"views":5,"p1id":"dragonbrrr","p2id":"wormstepper","formatid":"gen9ou","rating":1438,"private":0,"password":""}