{"id":"gen9ou-1990398729","p1":"g0dDley","p2":"oizvuzv","format":"[Gen 9] OU","log":"|j|\u2606g0dDley\n|j|\u2606oizvuzv\n|t:|1699966842\n|gametype|singles\n|player|p1|g0dDley|ethan|1068\n|player|p2|oizvuzv|101|1050\n|teamsize|p1|6\n|teamsize|p2|6\n|gen|9\n|tier|[Gen 9] OU\n|rated|\n|rule|Sleep Clause Mod: Limit one foe put to sleep\n|rule|Species Clause: Limit one of each Pok\u00e9mon\n|rule|OHKO Clause: OHKO moves are banned\n|rule|Evasion Items Clause: Evasion items are banned\n|rule|Evasion Moves Clause: Evasion moves are banned\n|rule|Endless Battle Clause: Forcing endless battles is banned\n|rule|HP Percentage Mod: HP is shown in percentages\n|clearpoke\n|poke|p1|Ogerpon, F|\n|poke|p1|Moltres|\n|poke|p1|Great Tusk|\n|poke|p1|Kingambit, F|\n|poke|p1|Greninja-*, M|\n|poke|p1|Dragapult, M|\n|poke|p2|Torkoal, M|\n|poke|p2|Skeledirge, M|\n|poke|p2|Cinderace, M|\n|poke|p2|Ting-Lu|\n|poke|p2|Brute Bonnet|\n|poke|p2|Walking Wake|\n|teampreview\n|\n|t:|1699966884\n|start\n|switch|p1a: Greninja|Greninja, M|100\/100\n|switch|p2a: Cinderace|Cinderace, M, shiny|100\/100\n|turn|1\n|\n|t:|1699966895\n|move|p1a: Greninja|Spikes|p2a: Cinderace\n|-sidestart|p2: oizvuzv|Spikes\n|move|p2a: Cinderace|U-turn|p1a: Greninja\n|-start|p2a: Cinderace|typechange|Bug|[from] ability: Libero\n|-supereffective|p1a: Greninja\n|-damage|p1a: Greninja|0 fnt\n|faint|p1a: Greninja\n|\n|t:|1699966904\n|switch|p2a: Ting-Lu|Ting-Lu|100\/100|[from] U-turn\n|-damage|p2a: Ting-Lu|88\/100|[from] Spikes\n|-ability|p2a: Ting-Lu|Vessel of Ruin\n|\n|-heal|p2a: Ting-Lu|94\/100|[from] item: Leftovers\n|upkeep\n|inactive|Battle timer is ON: inactive players will automatically lose when time's up. (requested by g0dDley)\n|\n|t:|1699966916\n|switch|p1a: Ogerpon|Ogerpon, F|100\/100\n|turn|2\n|\n|t:|1699966926\n|switch|p2a: Brute Bonnet|Brute Bonnet|100\/100\n|-damage|p2a: Brute Bonnet|88\/100|[from] Spikes\n|move|p1a: Ogerpon|Swords Dance|p1a: Ogerpon\n|-boost|p1a: Ogerpon|atk|2\n|\n|-heal|p2a: Brute Bonnet|94\/100|[from] item: Leftovers\n|upkeep\n|turn|3\n|\n|t:|1699966935\n|move|p1a: Ogerpon|Play Rough|p2a: Brute Bonnet\n|-supereffective|p2a: Brute Bonnet\n|-damage|p2a: Brute Bonnet|0 fnt\n|faint|p2a: Brute Bonnet\n|-end|p2a: Brute Bonnet|Protosynthesis|[silent]\n|\n|upkeep\n|\n|t:|1699966944\n|switch|p2a: Torkoal|Torkoal, M|100\/100\n|-damage|p2a: Torkoal|88\/100|[from] Spikes\n|-weather|SunnyDay|[from] ability: Drought|[of] p2a: Torkoal\n|turn|4\n|\n|t:|1699966966\n|switch|p1a: Moltres|Moltres, shiny|100\/100\n|move|p2a: Torkoal|Rapid Spin|p1a: Moltres\n|-damage|p1a: Moltres|93\/100\n|-boost|p2a: Torkoal|spe|1\n|-sideend|p2: oizvuzv|Spikes|[from] move: Rapid Spin|[of] p2a: Torkoal\n|\n|-weather|SunnyDay|[upkeep]\n|upkeep\n|turn|5\n|\n|t:|1699966976\n|switch|p2a: Walking Wake|Walking Wake|100\/100\n|-activate|p2a: Walking Wake|ability: Protosynthesis\n|-start|p2a: Walking Wake|protosynthesisspa\n|move|p1a: Moltres|Flamethrower|p2a: Walking Wake\n|-resisted|p2a: Walking Wake\n|-damage|p2a: Walking Wake|90\/100\n|\n|-weather|SunnyDay|[upkeep]\n|upkeep\n|turn|6\n|inactive|g0dDley has 120 seconds left.\n|\n|t:|1699967003\n|-terastallize|p1a: Moltres|Fairy\n|move|p2a: Walking Wake|Hydro Steam|p1a: Moltres\n|-damage|p1a: Moltres|20\/100\n|move|p1a: Moltres|U-turn|p2a: Walking Wake\n|-damage|p2a: Walking Wake|75\/100\n|inactive|g0dDley has 120 seconds left.\n|\n|t:|1699967012\n|switch|p1a: Ogerpon|Ogerpon, F|100\/100|[from] U-turn\n|\n|-weather|SunnyDay|[upkeep]\n|upkeep\n|turn|7\n|\n|t:|1699967021\n|-terastallize|p2a: Walking Wake|Fire\n|move|p1a: Ogerpon|Power Whip|p2a: Walking Wake\n|-resisted|p2a: Walking Wake\n|-damage|p2a: Walking Wake|38\/100\n|move|p2a: Walking Wake|Flamethrower|p1a: Ogerpon\n|-supereffective|p1a: Ogerpon\n|-damage|p1a: Ogerpon|0 fnt\n|faint|p1a: Ogerpon\n|\n|-weather|SunnyDay|[upkeep]\n|upkeep\n|\n|t:|1699967028\n|switch|p1a: Dragapult|Dragapult, M|100\/100\n|turn|8\n|\n|t:|1699967034\n|-end|p2a: Walking Wake|Protosynthesis|[silent]\n|switch|p2a: Ting-Lu|Ting-Lu|94\/100\n|-ability|p2a: Ting-Lu|Vessel of Ruin\n|move|p1a: Dragapult|Shadow Ball|p2a: Ting-Lu\n|-resisted|p2a: Ting-Lu\n|-damage|p2a: Ting-Lu|84\/100\n|-unboost|p2a: Ting-Lu|spd|1\n|\n|-weather|SunnyDay|[upkeep]\n|-heal|p2a: Ting-Lu|90\/100|[from] item: Leftovers\n|upkeep\n|turn|9\n|\n|t:|1699967044\n|switch|p1a: Great Tusk|Great Tusk|100\/100\n|-activate|p1a: Great Tusk|ability: Protosynthesis\n|-start|p1a: Great Tusk|protosynthesisatk\n|move|p2a: Ting-Lu|Stealth Rock|p1a: Great Tusk\n|-sidestart|p1: g0dDley|move: Stealth Rock\n|\n|-weather|SunnyDay|[upkeep]\n|-heal|p2a: Ting-Lu|96\/100|[from] item: Leftovers\n|upkeep\n|turn|10\n|\n|t:|1699967052\n|move|p1a: Great Tusk|Stealth Rock|p2a: Ting-Lu\n|-sidestart|p2: oizvuzv|move: Stealth Rock\n|move|p2a: Ting-Lu|Whirlwind|p1a: Great Tusk\n|-end|p1a: Great Tusk|Protosynthesis|[silent]\n|drag|p1a: Moltres|Moltres, shiny, tera:Fairy|20\/100\n|\n|-weather|SunnyDay|[upkeep]\n|-heal|p2a: Ting-Lu|100\/100|[from] item: Leftovers\n|upkeep\n|turn|11\n|\n|t:|1699967061\n|move|p1a: Moltres|Roost|p1a: Moltres\n|-heal|p1a: Moltres|70\/100\n|move|p2a: Ting-Lu|Spikes|p1a: Moltres\n|-sidestart|p1: g0dDley|Spikes\n|\n|-weather|none\n|upkeep\n|turn|12\n|\n|t:|1699967066\n|move|p1a: Moltres|Will-O-Wisp|p2a: Ting-Lu\n|-status|p2a: Ting-Lu|brn\n|move|p2a: Ting-Lu|Spikes|p1a: Moltres\n|-sidestart|p1: g0dDley|Spikes\n|\n|-damage|p2a: Ting-Lu|94\/100 brn|[from] brn\n|upkeep\n|turn|13\n|\n|t:|1699967073\n|move|p1a: Moltres|Roost|p1a: Moltres\n|-heal|p1a: Moltres|100\/100\n|move|p2a: Ting-Lu|Spikes|p1a: Moltres\n|-sidestart|p1: g0dDley|Spikes\n|\n|-heal|p2a: Ting-Lu|100\/100 brn|[from] item: Leftovers\n|-damage|p2a: Ting-Lu|94\/100 brn|[from] brn\n|upkeep\n|turn|14\n|\n|t:|1699967081\n|move|p1a: Moltres|Flamethrower|p2a: Ting-Lu\n|-damage|p2a: Ting-Lu|72\/100 brn\n|move|p2a: Ting-Lu|Whirlwind|p1a: Moltres\n|drag|p1a: Dragapult|Dragapult, M|100\/100\n|-damage|p1a: Dragapult|88\/100|[from] Stealth Rock\n|-damage|p1a: Dragapult|63\/100|[from] Spikes\n|\n|-heal|p2a: Ting-Lu|78\/100 brn|[from] item: Leftovers\n|-damage|p2a: Ting-Lu|72\/100 brn|[from] brn\n|upkeep\n|turn|15\n|\n|t:|1699967091\n|move|p1a: Dragapult|Draco Meteor|p2a: Ting-Lu|[miss]\n|-miss|p1a: Dragapult|p2a: Ting-Lu\n|move|p2a: Ting-Lu|Whirlwind|p1a: Dragapult\n|drag|p1a: Great Tusk|Great Tusk|100\/100\n|-damage|p1a: Great Tusk|98\/100|[from] Stealth Rock\n|-damage|p1a: Great Tusk|73\/100|[from] Spikes\n|\n|-heal|p1a: Great Tusk|79\/100|[from] item: Leftovers\n|-heal|p2a: Ting-Lu|78\/100 brn|[from] item: Leftovers\n|-damage|p2a: Ting-Lu|72\/100 brn|[from] brn\n|upkeep\n|turn|16\n|\n|t:|1699967103\n|switch|p2a: Skeledirge|Skeledirge, M, shiny|100\/100\n|-damage|p2a: Skeledirge|76\/100|[from] Stealth Rock\n|move|p1a: Great Tusk|Rapid Spin|p2a: Skeledirge\n|-immune|p2a: Skeledirge\n|\n|-heal|p1a: Great Tusk|85\/100|[from] item: Leftovers\n|-heal|p2a: Skeledirge|82\/100|[from] item: Leftovers\n|upkeep\n|turn|17\n|\n|t:|1699967113\n|move|p1a: Great Tusk|Earthquake|p2a: Skeledirge\n|-supereffective|p2a: Skeledirge\n|-damage|p2a: Skeledirge|0 fnt\n|faint|p2a: Skeledirge\n|\n|-heal|p1a: Great Tusk|91\/100|[from] item: Leftovers\n|upkeep\n|\n|t:|1699967119\n|switch|p2a: Walking Wake|Walking Wake, tera:Fire|38\/100\n|-damage|p2a: Walking Wake|13\/100|[from] Stealth Rock\n|turn|18\n|\n|t:|1699967128\n|-end|p1a: Great Tusk|Protosynthesis|[silent]\n|switch|p1a: Moltres|Moltres, shiny, tera:Fairy|100\/100\n|move|p2a: Walking Wake|Hydro Steam|p1a: Moltres\n|-damage|p1a: Moltres|61\/100\n|\n|upkeep\n|turn|19\n|\n|t:|1699967141\n|-end|p2a: Walking Wake|Protosynthesis|[silent]\n|switch|p2a: Torkoal|Torkoal, M|88\/100\n|-damage|p2a: Torkoal|63\/100|[from] Stealth Rock\n|-weather|SunnyDay|[from] ability: Drought|[of] p2a: Torkoal\n|move|p1a: Moltres|U-turn|p2a: Torkoal\n|-resisted|p2a: Torkoal\n|-damage|p2a: Torkoal|59\/100\n|\n|t:|1699967150\n|switch|p1a: Great Tusk|Great Tusk|91\/100|[from] U-turn\n|-damage|p1a: Great Tusk|88\/100|[from] Stealth Rock\n|-damage|p1a: Great Tusk|64\/100|[from] Spikes\n|-activate|p1a: Great Tusk|ability: Protosynthesis\n|-start|p1a: Great Tusk|protosynthesisatk\n|\n|-weather|SunnyDay|[upkeep]\n|-heal|p1a: Great Tusk|70\/100|[from] item: Leftovers\n|upkeep\n|turn|20\n|\n|t:|1699967160\n|move|p1a: Great Tusk|Earthquake|p2a: Torkoal\n|-supereffective|p2a: Torkoal\n|-damage|p2a: Torkoal|0 fnt\n|faint|p2a: Torkoal\n|\n|-weather|SunnyDay|[upkeep]\n|-heal|p1a: Great Tusk|76\/100|[from] item: Leftovers\n|upkeep\n|-message|oizvuzv forfeited.\n|\n|win|g0dDley\n|raw|g0dDley's rating: 1068 &rarr; <strong>1096<\/strong><br \/>(+28 for winning)\n|raw|oizvuzv's rating: 1050 &rarr; <strong>1033<\/strong><br \/>(-17 for losing)\n|l|\u2606oizvuzv\n","uploadtime":1699967170,"views":13,"p1id":"g0ddley","p2id":"oizvuzv","formatid":"gen9ou","rating":1033,"private":0,"password":""}