{"id":"gen9ou-1997131016","p1":"hhhet'","p2":"frxstyyy","format":"[Gen 9] OU","log":"|j|\u2606hhhet'\n|j|\u2606frxstyyy\n|t:|1700767624\n|gametype|singles\n|player|p1|hhhet'|psychic-gen4|1101\n|player|p2|frxstyyy|1|1079\n|teamsize|p1|6\n|teamsize|p2|6\n|gen|9\n|tier|[Gen 9] OU\n|rated|\n|rule|Sleep Clause Mod: Limit one foe put to sleep\n|rule|Species Clause: Limit one of each Pok\u00e9mon\n|rule|OHKO Clause: OHKO moves are banned\n|rule|Evasion Items Clause: Evasion items are banned\n|rule|Evasion Moves Clause: Evasion moves are banned\n|rule|Endless Battle Clause: Forcing endless battles is banned\n|rule|HP Percentage Mod: HP is shown in percentages\n|clearpoke\n|poke|p1|Manaphy|\n|poke|p1|Charmeleon, M|\n|poke|p1|Illumise, F|\n|poke|p1|Slowking-Galar, F|\n|poke|p1|Eelektross, F|\n|poke|p1|Arboliva, F|\n|poke|p2|Garganacl, M|\n|poke|p2|Great Tusk|\n|poke|p2|Gholdengo|\n|poke|p2|Iron Valiant|\n|poke|p2|Dragonite, M|\n|poke|p2|Zapdos|\n|teampreview\n|\n|t:|1700767632\n|start\n|switch|p1a: Eelektross|Eelektross, F|100\/100\n|switch|p2a: Great Tusk|Great Tusk|100\/100\n|turn|1\n|\n|t:|1700767669\n|move|p2a: Great Tusk|Knock Off|p1a: Eelektross\n|-damage|p1a: Eelektross|66\/100\n|-enditem|p1a: Eelektross|Assault Vest|[from] move: Knock Off|[of] p2a: Great Tusk\n|move|p1a: Eelektross|Giga Drain|p2a: Great Tusk\n|-supereffective|p2a: Great Tusk\n|-damage|p2a: Great Tusk|38\/100\n|-heal|p1a: Eelektross|99\/100|[from] drain|[of] p2a: Great Tusk\n|\n|upkeep\n|turn|2\n|\n|t:|1700767676\n|move|p2a: Great Tusk|Headlong Rush|p1a: Eelektross\n|-immune|p1a: Eelektross|[from] ability: Levitate\n|move|p1a: Eelektross|Giga Drain|p2a: Great Tusk\n|-supereffective|p2a: Great Tusk\n|-damage|p2a: Great Tusk|0 fnt\n|-heal|p1a: Eelektross|100\/100|[from] drain|[of] p2a: Great Tusk\n|faint|p2a: Great Tusk\n|-end|p2a: Great Tusk|Protosynthesis|[silent]\n|\n|upkeep\n|\n|t:|1700767681\n|switch|p2a: Garganacl|Garganacl, M|100\/100\n|turn|3\n|\n|t:|1700767693\n|move|p1a: Eelektross|Volt Switch|p2a: Garganacl\n|-damage|p2a: Garganacl|78\/100\n|\n|t:|1700767698\n|switch|p1a: Arboliva|Arboliva, F|100\/100|[from] Volt Switch\n|move|p2a: Garganacl|Salt Cure|p1a: Arboliva\n|-damage|p1a: Arboliva|86\/100\n|-start|p1a: Arboliva|Salt Cure\n|-fieldstart|move: Grassy Terrain|[from] ability: Seed Sower|[of] p1a: Arboliva\n|\n|-heal|p1a: Arboliva|92\/100|[from] Grassy Terrain\n|-heal|p1a: Arboliva|98\/100|[from] item: Leftovers\n|-heal|p2a: Garganacl|84\/100|[from] Grassy Terrain\n|-heal|p2a: Garganacl|91\/100|[from] item: Leftovers\n|-damage|p1a: Arboliva|86\/100|[from] Salt Cure\n|upkeep\n|turn|4\n|\n|t:|1700767713\n|move|p1a: Arboliva|Giga Drain|p2a: Garganacl\n|-supereffective|p2a: Garganacl\n|-damage|p2a: Garganacl|14\/100\n|-heal|p1a: Arboliva|100\/100|[from] drain|[of] p2a: Garganacl\n|move|p2a: Garganacl|Curse|p2a: Garganacl\n|-unboost|p2a: Garganacl|spe|1\n|-boost|p2a: Garganacl|atk|1\n|-boost|p2a: Garganacl|def|1\n|\n|-heal|p2a: Garganacl|21\/100|[from] Grassy Terrain\n|-heal|p2a: Garganacl|27\/100|[from] item: Leftovers\n|-damage|p1a: Arboliva|88\/100|[from] Salt Cure\n|upkeep\n|turn|5\n|\n|t:|1700767724\n|switch|p2a: Zapdos|Zapdos|100\/100\n|move|p1a: Arboliva|Earth Power|p2a: Zapdos\n|-immune|p2a: Zapdos\n|\n|-heal|p1a: Arboliva|94\/100|[from] Grassy Terrain\n|-heal|p1a: Arboliva|99\/100|[from] item: Leftovers\n|-damage|p1a: Arboliva|88\/100|[from] Salt Cure\n|upkeep\n|turn|6\n|\n|t:|1700767729\n|switch|p1a: Eelektross|Eelektross, F|100\/100\n|move|p2a: Zapdos|Hurricane|p1a: Eelektross\n|-resisted|p1a: Eelektross\n|-damage|p1a: Eelektross|82\/100\n|\n|upkeep\n|turn|7\n|\n|t:|1700767746\n|switch|p2a: Dragonite|Dragonite, M|100\/100\n|move|p1a: Eelektross|Volt Switch|p2a: Dragonite\n|-damage|p2a: Dragonite|86\/100\n|\n|t:|1700767761\n|switch|p1a: Manaphy|Manaphy|100\/100|[from] Volt Switch\n|\n|-fieldend|move: Grassy Terrain\n|upkeep\n|turn|8\n|\n|t:|1700767774\n|move|p1a: Manaphy|Tail Glow|p1a: Manaphy\n|-boost|p1a: Manaphy|spa|3\n|move|p2a: Dragonite|Dragon Dance|p2a: Dragonite\n|-boost|p2a: Dragonite|atk|1\n|-boost|p2a: Dragonite|spe|1\n|\n|upkeep\n|turn|9\n|\n|t:|1700767781\n|-terastallize|p2a: Dragonite|Normal\n|move|p2a: Dragonite|Dragon Dance|p2a: Dragonite\n|-boost|p2a: Dragonite|atk|1\n|-boost|p2a: Dragonite|spe|1\n|move|p1a: Manaphy|Dazzling Gleam|p2a: Dragonite\n|-damage|p2a: Dragonite|28\/100\n|\n|upkeep\n|turn|10\n|\n|t:|1700767800\n|move|p2a: Dragonite|Extreme Speed|p1a: Manaphy\n|-damage|p1a: Manaphy|11\/100\n|-enditem|p1a: Manaphy|Aguav Berry|[eat]\n|-heal|p1a: Manaphy|44\/100|[from] item: Aguav Berry\n|move|p1a: Manaphy|Surf|p2a: Dragonite\n|-damage|p2a: Dragonite|0 fnt\n|faint|p2a: Dragonite\n|\n|upkeep\n|\n|t:|1700767809\n|switch|p2a: Gholdengo|Gholdengo|100\/100\n|-item|p2a: Gholdengo|Air Balloon\n|turn|11\n|\n|t:|1700767812\n|move|p1a: Manaphy|Surf|p2a: Gholdengo\n|-damage|p2a: Gholdengo|10\/100\n|-enditem|p2a: Gholdengo|Air Balloon\n|move|p2a: Gholdengo|Nasty Plot|p2a: Gholdengo\n|-boost|p2a: Gholdengo|spa|2\n|\n|upkeep\n|turn|12\n|-message|frxstyyy forfeited.\n|\n|win|hhhet'\n|raw|hhhet&apos;'s rating: 1101 &rarr; <strong>1124<\/strong><br \/>(+23 for winning)\n|raw|frxstyyy's rating: 1079 &rarr; <strong>1059<\/strong><br \/>(-20 for losing)\n|l|\u2606frxstyyy\n","uploadtime":1700767819,"views":4,"p1id":"hhhet","p2id":"frxstyyy","formatid":"gen9ou","rating":1059,"private":0,"password":""}