{"id":"gen9ou-1992905690","p1":"Constant_Entity","p2":"geli08","format":"[Gen 9] OU","log":"|j|\u2606Constant_Entity\n|j|\u2606geli08\n|t:|1700245632\n|gametype|singles\n|player|p1|Constant_Entity|lusamine-nihilego|1337\n|player|p2|geli08|colress|1295\n|teamsize|p1|6\n|teamsize|p2|6\n|gen|9\n|tier|[Gen 9] OU\n|rated|\n|rule|Sleep Clause Mod: Limit one foe put to sleep\n|rule|Species Clause: Limit one of each Pok\u00e9mon\n|rule|OHKO Clause: OHKO moves are banned\n|rule|Evasion Items Clause: Evasion items are banned\n|rule|Evasion Moves Clause: Evasion moves are banned\n|rule|Endless Battle Clause: Forcing endless battles is banned\n|rule|HP Percentage Mod: HP is shown in percentages\n|clearpoke\n|poke|p1|Ribombee, F|\n|poke|p1|Grimmsnarl, M|\n|poke|p1|Great Tusk|\n|poke|p1|Dragonite, M|\n|poke|p1|Gholdengo|\n|poke|p1|Rillaboom, M|\n|poke|p2|Ogerpon-Wellspring, F|\n|poke|p2|Corviknight, M|\n|poke|p2|Pelipper, M|\n|poke|p2|Chandelure, F|\n|poke|p2|Shiftry, M|\n|poke|p2|Ribombee, M|\n|teampreview\n|inactive|Battle timer is ON: inactive players will automatically lose when time's up. (requested by Constant_Entity)\n|\n|t:|1700245660\n|start\n|switch|p1a: GreenUVLight|Ribombee, F|100\/100\n|switch|p2a: Winged Fool|Ribombee, M|100\/100\n|turn|1\n|c|\u2606geli08|web\n|c|\u2606geli08|?\n|\n|t:|1700245672\n|move|p2a: Winged Fool|Sticky Web|p1a: GreenUVLight\n|-sidestart|p1: Constant_Entity|move: Sticky Web\n|move|p1a: GreenUVLight|Quiver Dance|p1a: GreenUVLight\n|-boost|p1a: GreenUVLight|spa|1\n|-boost|p1a: GreenUVLight|spd|1\n|-boost|p1a: GreenUVLight|spe|1\n|\n|upkeep\n|turn|2\n|\n|t:|1700245680\n|move|p1a: GreenUVLight|Quiver Dance|p1a: GreenUVLight\n|-boost|p1a: GreenUVLight|spa|1\n|-boost|p1a: GreenUVLight|spd|1\n|-boost|p1a: GreenUVLight|spe|1\n|move|p2a: Winged Fool|Quiver Dance|p2a: Winged Fool\n|-boost|p2a: Winged Fool|spa|1\n|-boost|p2a: Winged Fool|spd|1\n|-boost|p2a: Winged Fool|spe|1\n|\n|upkeep\n|turn|3\n|\n|t:|1700245684\n|move|p1a: GreenUVLight|Quiver Dance|p1a: GreenUVLight\n|-boost|p1a: GreenUVLight|spa|1\n|-boost|p1a: GreenUVLight|spd|1\n|-boost|p1a: GreenUVLight|spe|1\n|move|p2a: Winged Fool|Quiver Dance|p2a: Winged Fool\n|-boost|p2a: Winged Fool|spa|1\n|-boost|p2a: Winged Fool|spd|1\n|-boost|p2a: Winged Fool|spe|1\n|\n|upkeep\n|turn|4\n|\n|t:|1700245689\n|-terastallize|p1a: GreenUVLight|Fire\n|move|p1a: GreenUVLight|Tera Blast|p2a: Winged Fool|[anim] Tera Blast Fire\n|-supereffective|p2a: Winged Fool\n|-enditem|p2a: Winged Fool|Focus Sash\n|-damage|p2a: Winged Fool|1\/100\n|-damage|p1a: GreenUVLight|91\/100|[from] item: Life Orb\n|move|p2a: Winged Fool|Quiver Dance|p2a: Winged Fool\n|-boost|p2a: Winged Fool|spa|1\n|-boost|p2a: Winged Fool|spd|1\n|-boost|p2a: Winged Fool|spe|1\n|\n|upkeep\n|turn|5\n|c|\u2606geli08|!weakness ribombee\n|c| geli08|\/raw <div class=\"infobox\">Ribombee (ignoring abilities):<br \/><span class=\"message-effect-weak\">Weaknesses<\/span>: Fire, Flying, Poison, Rock, Steel<br \/><span class=\"message-effect-resist\">Resistances<\/span>: Bug, Dark, <b>Fighting<\/b>, Grass, Ground<br \/><span class=\"message-effect-immune\">Immunities<\/span>: Dragon<\/div>\n|inactive|geli08 has 120 seconds left.\n|\n|t:|1700245725\n|move|p2a: Winged Fool|Moonblast|p1a: GreenUVLight\n|-resisted|p1a: GreenUVLight\n|-damage|p1a: GreenUVLight|61\/100\n|move|p1a: GreenUVLight|Quiver Dance|p1a: GreenUVLight\n|-boost|p1a: GreenUVLight|spa|1\n|-boost|p1a: GreenUVLight|spd|1\n|-boost|p1a: GreenUVLight|spe|1\n|\n|upkeep\n|turn|6\n|inactive|geli08 has 120 seconds left.\n|\n|t:|1700245731\n|move|p1a: GreenUVLight|Draining Kiss|p2a: Winged Fool\n|-damage|p2a: Winged Fool|0 fnt\n|-heal|p1a: GreenUVLight|61\/100|[from] drain|[of] p2a: Winged Fool\n|faint|p2a: Winged Fool\n|-damage|p1a: GreenUVLight|51\/100|[from] item: Life Orb\n|\n|upkeep\n|inactive|geli08 has 120 seconds left.\n|c|\u2606geli08|well gg\n|\n|t:|1700245748\n|switch|p2a: Corviknight|Corviknight, M|100\/100\n|-ability|p2a: Corviknight|Pressure\n|turn|7\n|\n|t:|1700245764\n|-terastallize|p2a: Corviknight|Fighting\n|move|p1a: GreenUVLight|Stored Power|p2a: Corviknight\n|-supereffective|p2a: Corviknight\n|-damage|p2a: Corviknight|0 fnt\n|faint|p2a: Corviknight\n|-damage|p1a: GreenUVLight|42\/100|[from] item: Life Orb\n|\n|upkeep\n|\n|t:|1700245770\n|switch|p2a: White Cyclone|Pelipper, M|100\/100\n|-weather|RainDance|[from] ability: Drizzle|[of] p2a: White Cyclone\n|turn|8\n|inactive|geli08 has 120 seconds left.\n|c|\u2606Constant_Entity|It helps when you tera into something that is weak against me :)\n|\n|t:|1700245791\n|move|p1a: GreenUVLight|Stored Power|p2a: White Cyclone\n|-damage|p2a: White Cyclone|0 fnt\n|faint|p2a: White Cyclone\n|-damage|p1a: GreenUVLight|32\/100|[from] item: Life Orb\n|\n|-weather|RainDance|[upkeep]\n|upkeep\n|\n|t:|1700245794\n|switch|p2a: Tengu|Shiftry, M|100\/100\n|turn|9\n|\n|t:|1700245796\n|move|p1a: GreenUVLight|Draining Kiss|p2a: Tengu\n|-supereffective|p2a: Tengu\n|-damage|p2a: Tengu|0 fnt\n|-heal|p1a: GreenUVLight|100\/100|[from] drain|[of] p2a: Tengu\n|faint|p2a: Tengu\n|-damage|p1a: GreenUVLight|91\/100|[from] item: Life Orb\n|\n|-weather|RainDance|[upkeep]\n|upkeep\n|\n|t:|1700245800\n|switch|p2a: Kasli the bane|Chandelure, F|100\/100\n|turn|10\n|\n|t:|1700245803\n|move|p1a: GreenUVLight|Stored Power|p2a: Kasli the bane\n|-damage|p2a: Kasli the bane|0 fnt\n|faint|p2a: Kasli the bane\n|-damage|p1a: GreenUVLight|81\/100|[from] item: Life Orb\n|\n|-weather|RainDance|[upkeep]\n|upkeep\n|\n|t:|1700245806\n|switch|p2a: Elder Mask Doron|Ogerpon-Wellspring, F|100\/100\n|turn|11\n|\n|t:|1700245808\n|move|p1a: GreenUVLight|Stored Power|p2a: Elder Mask Doron\n|-damage|p2a: Elder Mask Doron|0 fnt\n|faint|p2a: Elder Mask Doron\n|-damage|p1a: GreenUVLight|71\/100|[from] item: Life Orb\n|\n|win|Constant_Entity\n|raw|Constant_Entity's rating: 1337 &rarr; <strong>1355<\/strong><br \/>(+18 for winning)\n|raw|geli08's rating: 1295 &rarr; <strong>1273<\/strong><br \/>(-22 for losing)\n|l|\u2606geli08\n","uploadtime":1700245821,"views":12,"p1id":"constantentity","p2id":"geli08","formatid":"gen9ou","rating":1273,"private":0,"password":""}