{"id":"gen9ou-1996826896","p1":"Dizay69","p2":"jeanmilapipe","format":"[Gen 9] OU","log":"|j|\u2606Dizay69\n|j|\u2606jeanmilapipe\n|t:|1700731661\n|gametype|singles\n|player|p1|Dizay69|n|1776\n|player|p2|jeanmilapipe|n|1808\n|teamsize|p1|6\n|teamsize|p2|6\n|gen|9\n|tier|[Gen 9] OU\n|rated|\n|rule|Sleep Clause Mod: Limit one foe put to sleep\n|rule|Species Clause: Limit one of each Pok\u00e9mon\n|rule|OHKO Clause: OHKO moves are banned\n|rule|Evasion Items Clause: Evasion items are banned\n|rule|Evasion Moves Clause: Evasion moves are banned\n|rule|Endless Battle Clause: Forcing endless battles is banned\n|rule|HP Percentage Mod: HP is shown in percentages\n|clearpoke\n|poke|p1|Clefable, M|\n|poke|p1|Kingambit, M|\n|poke|p1|Landorus-Therian, M|\n|poke|p1|Cinderace, M|\n|poke|p1|Greninja-*, M|\n|poke|p1|Gholdengo|\n|poke|p2|Ceruledge, M|\n|poke|p2|Samurott-Hisui, F|\n|poke|p2|Dragonite, F|\n|poke|p2|Toxtricity, F|\n|poke|p2|Corviknight, M|\n|poke|p2|Cinderace, M|\n|teampreview\n|\n|t:|1700731681\n|start\n|switch|p1a: Cinderace|Cinderace, M|100\/100\n|switch|p2a: Samurott|Samurott-Hisui, F|100\/100\n|turn|1\n|j| deneme12\n|\n|t:|1700731693\n|switch|p2a: Cinderace|Cinderace, M|100\/100\n|move|p1a: Cinderace|U-turn|p2a: Cinderace\n|-start|p1a: Cinderace|typechange|Bug|[from] ability: Libero\n|-resisted|p2a: Cinderace\n|-damage|p2a: Cinderace|76\/100\n|\n|t:|1700731695\n|switch|p1a: Greninja|Greninja, M|100\/100|[from] U-turn\n|\n|upkeep\n|turn|2\n|\n|t:|1700731706\n|switch|p2a: Dragonite|Dragonite, F|100\/100\n|move|p1a: Greninja|Hydro Pump|p2a: Dragonite\n|-start|p1a: Greninja|typechange|Water|[from] ability: Protean\n|-resisted|p2a: Dragonite\n|-damage|p2a: Dragonite|82\/100\n|\n|upkeep\n|turn|3\n|\n|t:|1700731715\n|switch|p1a: Landorus|Landorus-Therian, M|100\/100\n|-ability|p1a: Landorus|Intimidate|boost\n|-unboost|p2a: Dragonite|atk|1\n|move|p2a: Dragonite|Roost|p2a: Dragonite\n|-heal|p2a: Dragonite|100\/100\n|-singleturn|p2a: Dragonite|move: Roost\n|\n|upkeep\n|turn|4\n|\n|t:|1700731723\n|switch|p2a: Corviknight|Corviknight, M|100\/100\n|-ability|p2a: Corviknight|Pressure\n|move|p1a: Landorus|U-turn|p2a: Corviknight\n|-resisted|p2a: Corviknight\n|-damage|p2a: Corviknight|97\/100\n|-damage|p1a: Landorus|84\/100|[from] item: Rocky Helmet|[of] p2a: Corviknight\n|\n|t:|1700731727\n|switch|p1a: Cinderace|Cinderace, M|100\/100|[from] U-turn\n|\n|upkeep\n|turn|5\n|\n|t:|1700731735\n|switch|p2a: Cinderace|Cinderace, M|76\/100\n|move|p1a: Cinderace|U-turn|p2a: Cinderace\n|-start|p1a: Cinderace|typechange|Bug|[from] ability: Libero\n|-resisted|p2a: Cinderace\n|-damage|p2a: Cinderace|50\/100\n|\n|t:|1700731738\n|switch|p1a: Greninja|Greninja, M|100\/100|[from] U-turn\n|\n|upkeep\n|turn|6\n|\n|t:|1700731751\n|switch|p2a: Dragonite|Dragonite, F|100\/100\n|move|p1a: Greninja|Dark Pulse|p2a: Dragonite\n|-start|p1a: Greninja|typechange|Dark|[from] ability: Protean\n|-damage|p2a: Dragonite|71\/100\n|\n|upkeep\n|turn|7\n|j| atec123\n|\n|t:|1700731762\n|switch|p1a: Landorus|Landorus-Therian, M|84\/100\n|-ability|p1a: Landorus|Intimidate|boost\n|-unboost|p2a: Dragonite|atk|1\n|move|p2a: Dragonite|Extreme Speed|p1a: Landorus\n|-damage|p1a: Landorus|69\/100\n|-damage|p2a: Dragonite|54\/100|[from] item: Rocky Helmet|[of] p1a: Landorus\n|\n|upkeep\n|turn|8\n|\n|t:|1700731770\n|move|p2a: Dragonite|Roost|p2a: Dragonite\n|-heal|p2a: Dragonite|100\/100\n|-singleturn|p2a: Dragonite|move: Roost\n|move|p1a: Landorus|Stealth Rock|p2a: Dragonite\n|-sidestart|p2: jeanmilapipe|move: Stealth Rock\n|\n|upkeep\n|turn|9\n|\n|t:|1700731778\n|switch|p2a: Corviknight|Corviknight, M|97\/100\n|-damage|p2a: Corviknight|85\/100|[from] Stealth Rock\n|-ability|p2a: Corviknight|Pressure\n|move|p1a: Landorus|U-turn|p2a: Corviknight\n|-resisted|p2a: Corviknight\n|-damage|p2a: Corviknight|82\/100\n|-damage|p1a: Landorus|52\/100|[from] item: Rocky Helmet|[of] p2a: Corviknight\n|\n|t:|1700731784\n|switch|p1a: Cinderace|Cinderace, M|100\/100|[from] U-turn\n|\n|upkeep\n|turn|10\n|\n|t:|1700731791\n|switch|p2a: Ceruledge|Ceruledge, M|100\/100\n|move|p1a: Cinderace|U-turn|p2a: Ceruledge\n|-start|p1a: Cinderace|typechange|Bug|[from] ability: Libero\n|-resisted|p2a: Ceruledge\n|-damage|p2a: Ceruledge|90\/100\n|\n|t:|1700731794\n|switch|p1a: Greninja|Greninja, M|100\/100|[from] U-turn\n|\n|upkeep\n|turn|11\n|\n|t:|1700731803\n|switch|p2a: Dragonite|Dragonite, F|100\/100\n|move|p1a: Greninja|Hydro Pump|p2a: Dragonite\n|-start|p1a: Greninja|typechange|Water|[from] ability: Protean\n|-resisted|p2a: Dragonite\n|-damage|p2a: Dragonite|82\/100\n|\n|upkeep\n|turn|12\n|\n|t:|1700731811\n|switch|p1a: Gholdengo|Gholdengo|100\/100\n|-item|p1a: Gholdengo|Air Balloon\n|move|p2a: Dragonite|Roost|p2a: Dragonite\n|-heal|p2a: Dragonite|100\/100\n|-singleturn|p2a: Dragonite|move: Roost\n|\n|upkeep\n|turn|13\n|\n|t:|1700731842\n|switch|p2a: Cinderace|Cinderace, M|50\/100\n|move|p1a: Gholdengo|Focus Blast|p2a: Cinderace\n|-damage|p2a: Cinderace|0 fnt\n|faint|p2a: Cinderace\n|\n|upkeep\n|\n|t:|1700731853\n|switch|p2a: Toxtricity|Toxtricity, F|100\/100\n|-damage|p2a: Toxtricity|88\/100|[from] Stealth Rock\n|turn|14\n|\n|t:|1700731865\n|switch|p1a: Clefable|Clefable, M|100\/100\n|move|p2a: Toxtricity|Shift Gear|p2a: Toxtricity\n|-boost|p2a: Toxtricity|spe|2\n|-boost|p2a: Toxtricity|atk|1\n|\n|upkeep\n|turn|15\n|\n|t:|1700731872\n|move|p2a: Toxtricity|Boomburst|p1a: Clefable\n|-damage|p1a: Clefable|50\/100\n|move|p1a: Clefable|Knock Off|p2a: Toxtricity\n|-damage|p2a: Toxtricity|63\/100\n|-enditem|p2a: Toxtricity|Silk Scarf|[from] move: Knock Off|[of] p1a: Clefable\n|\n|-heal|p1a: Clefable|57\/100|[from] item: Leftovers\n|upkeep\n|turn|16\n|\n|t:|1700731882\n|move|p1a: Clefable|Protect|p1a: Clefable\n|-singleturn|p1a: Clefable|Protect\n|move|p2a: Toxtricity|Overdrive|p1a: Clefable\n|-activate|p1a: Clefable|move: Protect\n|\n|-heal|p1a: Clefable|63\/100|[from] item: Leftovers\n|upkeep\n|turn|17\n|\n|t:|1700731892\n|move|p2a: Toxtricity|Overdrive|p1a: Clefable\n|-damage|p1a: Clefable|27\/100\n|move|p1a: Clefable|Wish|p1a: Clefable\n|\n|-heal|p1a: Clefable|33\/100|[from] item: Leftovers\n|upkeep\n|turn|18\n|\n|t:|1700731899\n|switch|p2a: Ceruledge|Ceruledge, M|90\/100\n|move|p1a: Clefable|Protect||[still]\n|-fail|p1a: Clefable\n|\n|-heal|p1a: Clefable|83\/100|[from] move: Wish|[wisher] Clefable\n|-heal|p1a: Clefable|89\/100|[from] item: Leftovers\n|upkeep\n|turn|19\n|\n|t:|1700731909\n|switch|p1a: Landorus|Landorus-Therian, M|52\/100\n|-ability|p1a: Landorus|Intimidate|boost\n|-unboost|p2a: Ceruledge|atk|1\n|move|p2a: Ceruledge|Poltergeist|p1a: Landorus\n|-activate|p1a: Landorus|move: Poltergeist|Rocky Helmet\n|-damage|p1a: Landorus|26\/100\n|\n|upkeep\n|turn|20\n|\n|t:|1700731919\n|switch|p2a: Corviknight|Corviknight, M|82\/100\n|-damage|p2a: Corviknight|69\/100|[from] Stealth Rock\n|-ability|p2a: Corviknight|Pressure\n|move|p1a: Landorus|U-turn|p2a: Corviknight\n|-resisted|p2a: Corviknight\n|-damage|p2a: Corviknight|66\/100\n|-damage|p1a: Landorus|10\/100|[from] item: Rocky Helmet|[of] p2a: Corviknight\n|\n|t:|1700731924\n|switch|p1a: Greninja|Greninja, M|100\/100|[from] U-turn\n|\n|upkeep\n|turn|21\n|\n|t:|1700731933\n|switch|p2a: Dragonite|Dragonite, F|100\/100\n|move|p1a: Greninja|Dark Pulse|p2a: Dragonite\n|-start|p1a: Greninja|typechange|Dark|[from] ability: Protean\n|-damage|p2a: Dragonite|70\/100\n|\n|upkeep\n|turn|22\n|\n|t:|1700731941\n|switch|p1a: Gholdengo|Gholdengo|100\/100\n|-item|p1a: Gholdengo|Air Balloon\n|move|p2a: Dragonite|Extreme Speed|p1a: Gholdengo\n|-immune|p1a: Gholdengo\n|\n|upkeep\n|turn|23\n|\n|t:|1700731949\n|switch|p2a: Toxtricity|Toxtricity, F|63\/100\n|-damage|p2a: Toxtricity|51\/100|[from] Stealth Rock\n|move|p1a: Gholdengo|Shadow Ball|p2a: Toxtricity\n|-damage|p2a: Toxtricity|0 fnt\n|faint|p2a: Toxtricity\n|\n|upkeep\n|\n|t:|1700731959\n|switch|p2a: Samurott|Samurott-Hisui, F|100\/100\n|-damage|p2a: Samurott|88\/100|[from] Stealth Rock\n|turn|24\n|\n|t:|1700731963\n|switch|p1a: Landorus|Landorus-Therian, M|10\/100\n|-ability|p1a: Landorus|Intimidate|boost\n|-unboost|p2a: Samurott|atk|1\n|move|p2a: Samurott|Swords Dance|p2a: Samurott\n|-boost|p2a: Samurott|atk|2\n|\n|upkeep\n|turn|25\n|\n|t:|1700731971\n|move|p2a: Samurott|Aqua Cutter|p1a: Landorus\n|-supereffective|p1a: Landorus\n|-damage|p1a: Landorus|0 fnt\n|faint|p1a: Landorus\n|\n|upkeep\n|\n|t:|1700731973\n|switch|p1a: Greninja|Greninja, M|100\/100\n|turn|26\n|\n|t:|1700731979\n|switch|p2a: Corviknight|Corviknight, M|66\/100\n|-damage|p2a: Corviknight|54\/100|[from] Stealth Rock\n|-ability|p2a: Corviknight|Pressure\n|move|p1a: Greninja|Grass Knot|p2a: Corviknight\n|-start|p1a: Greninja|typechange|Grass|[from] ability: Protean\n|-resisted|p2a: Corviknight\n|-damage|p2a: Corviknight|42\/100\n|-damage|p1a: Greninja|84\/100|[from] item: Rocky Helmet|[of] p2a: Corviknight\n|\n|upkeep\n|turn|27\n|\n|t:|1700731993\n|switch|p1a: Cinderace|Cinderace, M|100\/100\n|move|p2a: Corviknight|Roost|p2a: Corviknight\n|-heal|p2a: Corviknight|92\/100\n|-singleturn|p2a: Corviknight|move: Roost\n|\n|upkeep\n|turn|28\n|\n|t:|1700732001\n|move|p1a: Cinderace|Pyro Ball|p2a: Corviknight\n|-supereffective|p2a: Corviknight\n|-damage|p2a: Corviknight|27\/100\n|move|p2a: Corviknight|U-turn|p1a: Cinderace\n|-resisted|p1a: Cinderace\n|-damage|p1a: Cinderace|90\/100\n|\n|t:|1700732008\n|switch|p2a: Ceruledge|Ceruledge, M|90\/100|[from] U-turn\n|\n|upkeep\n|turn|29\n|\n|t:|1700732013\n|move|p1a: Cinderace|U-turn|p2a: Ceruledge\n|-start|p1a: Cinderace|typechange|Bug|[from] ability: Libero\n|-resisted|p2a: Ceruledge\n|-damage|p2a: Ceruledge|79\/100\n|\n|t:|1700732016\n|switch|p1a: Greninja|Greninja, M|84\/100|[from] U-turn\n|move|p2a: Ceruledge|Bitter Blade|p1a: Greninja\n|-resisted|p1a: Greninja\n|-damage|p1a: Greninja|43\/100\n|-heal|p2a: Ceruledge|99\/100|[from] drain|[of] p1a: Greninja\n|\n|upkeep\n|turn|30\n|\n|t:|1700732029\n|switch|p2a: Dragonite|Dragonite, F|70\/100\n|move|p1a: Greninja|Hydro Pump|p2a: Dragonite\n|-start|p1a: Greninja|typechange|Water|[from] ability: Protean\n|-resisted|p2a: Dragonite\n|-damage|p2a: Dragonite|31\/100\n|\n|upkeep\n|turn|31\n|\n|t:|1700732038\n|switch|p1a: Gholdengo|Gholdengo|100\/100\n|-item|p1a: Gholdengo|Air Balloon\n|move|p2a: Dragonite|Roost|p2a: Dragonite\n|-heal|p2a: Dragonite|81\/100\n|-singleturn|p2a: Dragonite|move: Roost\n|\n|upkeep\n|turn|32\n|\n|t:|1700732048\n|switch|p2a: Corviknight|Corviknight, M|27\/100\n|-damage|p2a: Corviknight|14\/100|[from] Stealth Rock\n|-ability|p2a: Corviknight|Pressure\n|move|p1a: Gholdengo|Focus Blast|p2a: Corviknight\n|-damage|p2a: Corviknight|0 fnt\n|faint|p2a: Corviknight\n|\n|upkeep\n|\n|t:|1700732058\n|switch|p2a: Samurott|Samurott-Hisui, F|88\/100\n|-damage|p2a: Samurott|76\/100|[from] Stealth Rock\n|turn|33\n|j| t-modesty\n|\n|t:|1700732067\n|switch|p1a: Clefable|Clefable, M|89\/100\n|move|p2a: Samurott|Swords Dance|p2a: Samurott\n|-boost|p2a: Samurott|atk|2\n|\n|-heal|p1a: Clefable|95\/100|[from] item: Leftovers\n|upkeep\n|turn|34\n|\n|t:|1700732075\n|-terastallize|p1a: Clefable|Water\n|move|p2a: Samurott|Aqua Cutter|p1a: Clefable\n|-resisted|p1a: Clefable\n|-damage|p1a: Clefable|25\/100\n|move|p1a: Clefable|Moonblast|p2a: Samurott\n|-supereffective|p2a: Samurott\n|-damage|p2a: Samurott|0 fnt\n|faint|p2a: Samurott\n|\n|-heal|p1a: Clefable|31\/100|[from] item: Leftovers\n|upkeep\n|j| mew852\n|\n|t:|1700732088\n|switch|p2a: Ceruledge|Ceruledge, M|99\/100\n|turn|35\n|\n|t:|1700732092\n|switch|p1a: Greninja|Greninja, M|43\/100\n|move|p2a: Ceruledge|Swords Dance|p2a: Ceruledge\n|-boost|p2a: Ceruledge|atk|2\n|\n|upkeep\n|turn|36\n|\n|t:|1700732100\n|-terastallize|p2a: Ceruledge|Fairy\n|move|p1a: Greninja|Hydro Pump|p2a: Ceruledge\n|-start|p1a: Greninja|typechange|Water|[from] ability: Protean\n|-damage|p2a: Ceruledge|14\/100\n|move|p2a: Ceruledge|Bitter Blade|p1a: Greninja\n|-resisted|p1a: Greninja\n|-damage|p1a: Greninja|0 fnt\n|-heal|p2a: Ceruledge|35\/100|[from] drain|[of] p1a: Greninja\n|faint|p1a: Greninja\n|\n|upkeep\n|\n|t:|1700732112\n|switch|p1a: Gholdengo|Gholdengo|100\/100\n|-item|p1a: Gholdengo|Air Balloon\n|turn|37\n|\n|t:|1700732118\n|move|p2a: Ceruledge|Bitter Blade|p1a: Gholdengo\n|-supereffective|p1a: Gholdengo\n|-damage|p1a: Gholdengo|0 fnt\n|-heal|p2a: Ceruledge|90\/100|[from] drain|[of] p1a: Gholdengo\n|-enditem|p1a: Gholdengo|Air Balloon\n|faint|p1a: Gholdengo\n|\n|upkeep\n|-message|Dizay69 forfeited.\n|\n|win|jeanmilapipe\n|raw|Dizay69's rating: 1776 &rarr; <strong>1758<\/strong><br \/>(-18 for losing)\n|raw|jeanmilapipe's rating: 1808 &rarr; <strong>1826<\/strong><br \/>(+18 for winning)\n|l|\u2606Dizay69\n|l| t-modesty\n|l| atec123\n|l| deneme12\n","uploadtime":1700732263,"views":2,"p1id":"dizay69","p2id":"jeanmilapipe","formatid":"gen9ou","rating":1758,"private":0,"password":""}