{"id":"gen9ou-1996450844","p1":"darkkevo","p2":"thunderdog_32","format":"[Gen 9] OU","log":"|j|\u2606darkkevo\n|j|\u2606thunderdog_32\n|t:|1700683231\n|gametype|singles\n|player|p1|darkkevo|265|1219\n|player|p2|thunderdog_32|2|1206\n|teamsize|p1|6\n|teamsize|p2|6\n|gen|9\n|tier|[Gen 9] OU\n|rated|\n|rule|Sleep Clause Mod: Limit one foe put to sleep\n|rule|Species Clause: Limit one of each Pok\u00e9mon\n|rule|OHKO Clause: OHKO moves are banned\n|rule|Evasion Items Clause: Evasion items are banned\n|rule|Evasion Moves Clause: Evasion moves are banned\n|rule|Endless Battle Clause: Forcing endless battles is banned\n|rule|HP Percentage Mod: HP is shown in percentages\n|clearpoke\n|poke|p1|Manaphy|\n|poke|p1|Kingambit, F|\n|poke|p1|Ribombee, M|\n|poke|p1|Gholdengo|\n|poke|p1|Iron Moth|\n|poke|p1|Passimian, F|\n|poke|p2|Landorus-Therian, M|\n|poke|p2|Heatran, M|\n|poke|p2|Ogerpon-Wellspring, F|\n|poke|p2|Zapdos|\n|poke|p2|Dragapult, M|\n|poke|p2|Ribombee, M|\n|teampreview\n|inactive|Battle timer is ON: inactive players will automatically lose when time's up. (requested by thunderdog_32)\n|\n|t:|1700683248\n|start\n|switch|p1a: Ribombee|Ribombee, M, shiny|100\/100\n|switch|p2a: Heatran|Heatran, M|100\/100\n|turn|1\n|\n|t:|1700683268\n|move|p1a: Ribombee|Sticky Web|p2a: Heatran\n|-sidestart|p2: thunderdog_32|move: Sticky Web\n|move|p2a: Heatran|Stealth Rock|p1a: Ribombee\n|-sidestart|p1: darkkevo|move: Stealth Rock\n|\n|upkeep\n|turn|2\n|\n|t:|1700683273\n|move|p1a: Ribombee|Stun Spore|p2a: Heatran|[miss]\n|-miss|p1a: Ribombee|p2a: Heatran\n|move|p2a: Heatran|Magma Storm|p1a: Ribombee\n|-supereffective|p1a: Ribombee\n|-enditem|p1a: Ribombee|Focus Sash\n|-damage|p1a: Ribombee|1\/100\n|-activate|p1a: Ribombee|move: Magma Storm|[of] p2a: Heatran\n|\n|-damage|p1a: Ribombee|0 fnt|[from] move: Magma Storm|[partiallytrapped]\n|faint|p1a: Ribombee\n|upkeep\n|\n|t:|1700683281\n|switch|p1a: Passimian|Passimian, F|100\/100\n|-damage|p1a: Passimian|94\/100|[from] Stealth Rock\n|turn|3\n|\n|t:|1700683287\n|switch|p2a: Zapdos|Zapdos|100\/100\n|move|p1a: Passimian|U-turn|p2a: Zapdos\n|-resisted|p2a: Zapdos\n|-damage|p2a: Zapdos|86\/100\n|\n|t:|1700683294\n|switch|p1a: Iron Moth|Iron Moth|100\/100|[from] U-turn\n|-damage|p1a: Iron Moth|76\/100|[from] Stealth Rock\n|-enditem|p1a: Iron Moth|Booster Energy\n|-activate|p1a: Iron Moth|ability: Quark Drive|[fromitem]\n|-start|p1a: Iron Moth|quarkdrivespe\n|\n|upkeep\n|turn|4\n|\n|t:|1700683302\n|move|p1a: Iron Moth|Fiery Dance|p2a: Zapdos\n|-damage|p2a: Zapdos|48\/100\n|-boost|p1a: Iron Moth|spa|1\n|move|p2a: Zapdos|Volt Switch|p1a: Iron Moth\n|-damage|p1a: Iron Moth|47\/100\n|\n|t:|1700683310\n|switch|p2a: Landorus|Landorus-Therian, M|100\/100|[from] Volt Switch\n|-ability|p2a: Landorus|Intimidate|boost\n|-unboost|p1a: Iron Moth|atk|1\n|\n|upkeep\n|turn|5\n|\n|t:|1700683328\n|move|p1a: Iron Moth|Fiery Dance|p2a: Landorus\n|-damage|p2a: Landorus|19\/100\n|move|p2a: Landorus|Earthquake|p1a: Iron Moth\n|-supereffective|p1a: Iron Moth\n|-damage|p1a: Iron Moth|0 fnt\n|faint|p1a: Iron Moth\n|-end|p1a: Iron Moth|Quark Drive|[silent]\n|\n|-heal|p2a: Landorus|25\/100|[from] item: Leftovers\n|upkeep\n|\n|t:|1700683335\n|switch|p1a: Manaphy|Manaphy|100\/100\n|-damage|p1a: Manaphy|88\/100|[from] Stealth Rock\n|turn|6\n|\n|t:|1700683350\n|switch|p2a: Ribombee|Ribombee, M|100\/100\n|-activate|p2a: Ribombee|move: Sticky Web\n|-unboost|p2a: Ribombee|spe|1\n|move|p1a: Manaphy|Acid Armor|p1a: Manaphy\n|-boost|p1a: Manaphy|def|2\n|\n|-heal|p1a: Manaphy|94\/100|[from] item: Leftovers\n|upkeep\n|turn|7\n|\n|t:|1700683356\n|move|p1a: Manaphy|Acid Armor|p1a: Manaphy\n|-boost|p1a: Manaphy|def|2\n|move|p2a: Ribombee|Stun Spore|p1a: Manaphy\n|-status|p1a: Manaphy|par\n|\n|-heal|p1a: Manaphy|99\/100 par|[from] item: Leftovers\n|upkeep\n|turn|8\n|\n|t:|1700683364\n|move|p2a: Ribombee|Moonblast|p1a: Manaphy\n|-damage|p1a: Manaphy|61\/100 par\n|-unboost|p1a: Manaphy|spa|1\n|cant|p1a: Manaphy|par\n|\n|-heal|p1a: Manaphy|67\/100 par|[from] item: Leftovers\n|upkeep\n|turn|9\n|\n|t:|1700683368\n|move|p2a: Ribombee|Moonblast|p1a: Manaphy\n|-crit|p1a: Manaphy\n|-damage|p1a: Manaphy|10\/100 par\n|move|p1a: Manaphy|Take Heart|p1a: Manaphy\n|-boost|p1a: Manaphy|spa|1\n|-boost|p1a: Manaphy|spd|1\n|-curestatus|p1a: Manaphy|par|[msg]\n|\n|-heal|p1a: Manaphy|16\/100|[from] item: Leftovers\n|upkeep\n|turn|10\n|\n|t:|1700683375\n|move|p1a: Manaphy|Stored Power|p2a: Ribombee\n|-damage|p2a: Ribombee|35\/100\n|move|p2a: Ribombee|Moonblast|p1a: Manaphy\n|-damage|p1a: Manaphy|0 fnt\n|faint|p1a: Manaphy\n|\n|upkeep\n|\n|t:|1700683386\n|switch|p1a: Gholdengo|Gholdengo|100\/100\n|-damage|p1a: Gholdengo|94\/100|[from] Stealth Rock\n|-item|p1a: Gholdengo|Air Balloon\n|turn|11\n|\n|t:|1700683399\n|switch|p2a: Heatran|Heatran, M|100\/100\n|-activate|p2a: Heatran|move: Sticky Web\n|-unboost|p2a: Heatran|spe|1\n|move|p1a: Gholdengo|Shadow Ball|p2a: Heatran\n|-damage|p2a: Heatran|72\/100\n|\n|-heal|p2a: Heatran|78\/100|[from] item: Leftovers\n|upkeep\n|turn|12\n|\n|t:|1700683421\n|-terastallize|p1a: Gholdengo|Dark\n|move|p1a: Gholdengo|Nasty Plot|p1a: Gholdengo\n|-boost|p1a: Gholdengo|spa|2\n|move|p2a: Heatran|Magma Storm|p1a: Gholdengo\n|-damage|p1a: Gholdengo|47\/100\n|-activate|p1a: Gholdengo|move: Magma Storm|[of] p2a: Heatran\n|-enditem|p1a: Gholdengo|Air Balloon\n|\n|-heal|p2a: Heatran|85\/100|[from] item: Leftovers\n|-damage|p1a: Gholdengo|34\/100|[from] move: Magma Storm|[partiallytrapped]\n|upkeep\n|turn|13\n|\n|t:|1700683436\n|move|p1a: Gholdengo|Shadow Ball|p2a: Heatran\n|-damage|p2a: Heatran|30\/100\n|move|p2a: Heatran|Earth Power|p1a: Gholdengo\n|-damage|p1a: Gholdengo|9\/100\n|\n|-heal|p2a: Heatran|36\/100|[from] item: Leftovers\n|-damage|p1a: Gholdengo|0 fnt|[from] move: Magma Storm|[partiallytrapped]\n|faint|p1a: Gholdengo\n|upkeep\n|\n|t:|1700683445\n|switch|p1a: Passimian|Passimian, F|94\/100\n|-damage|p1a: Passimian|88\/100|[from] Stealth Rock\n|turn|14\n|\n|t:|1700683459\n|switch|p2a: Zapdos|Zapdos|48\/100\n|move|p1a: Passimian|Knock Off|p2a: Zapdos\n|-damage|p2a: Zapdos|2\/100\n|-status|p1a: Passimian|par|[from] ability: Static|[of] p2a: Zapdos\n|-enditem|p2a: Zapdos|Heavy-Duty Boots|[from] move: Knock Off|[of] p1a: Passimian\n|\n|upkeep\n|turn|15\n|\n|t:|1700683462\n|move|p2a: Zapdos|Roost|p2a: Zapdos\n|-heal|p2a: Zapdos|52\/100\n|-singleturn|p2a: Zapdos|move: Roost\n|move|p1a: Passimian|Knock Off|p2a: Zapdos\n|-damage|p2a: Zapdos|24\/100\n|\n|upkeep\n|turn|16\n|\n|t:|1700683465\n|switch|p1a: Kingambit|Kingambit, F|100\/100\n|-damage|p1a: Kingambit|94\/100|[from] Stealth Rock\n|-activate|p1a: Kingambit|ability: Supreme Overlord\n|-start|p1a: Kingambit|fallen4|[silent]\n|move|p2a: Zapdos|Roost|p2a: Zapdos\n|-heal|p2a: Zapdos|74\/100\n|-singleturn|p2a: Zapdos|move: Roost\n|\n|upkeep\n|turn|17\n|\n|t:|1700683472\n|move|p2a: Zapdos|Heat Wave|p1a: Kingambit|[miss]\n|-miss|p2a: Zapdos|p1a: Kingambit\n|move|p1a: Kingambit|Swords Dance|p1a: Kingambit\n|-boost|p1a: Kingambit|atk|2\n|\n|upkeep\n|turn|18\n|\n|t:|1700683486\n|move|p2a: Zapdos|Roost|p2a: Zapdos\n|-heal|p2a: Zapdos|100\/100\n|-singleturn|p2a: Zapdos|move: Roost\n|move|p1a: Kingambit|Kowtow Cleave|p2a: Zapdos\n|-damage|p2a: Zapdos|0 fnt\n|faint|p2a: Zapdos\n|\n|upkeep\n|\n|t:|1700683493\n|switch|p2a: Landorus|Landorus-Therian, M|25\/100\n|-ability|p2a: Landorus|Intimidate|boost\n|-unboost|p1a: Kingambit|atk|1\n|turn|19\n|\n|t:|1700683498\n|switch|p2a: Ribombee|Ribombee, M|35\/100\n|-activate|p2a: Ribombee|move: Sticky Web\n|-unboost|p2a: Ribombee|spe|1\n|move|p1a: Kingambit|Sucker Punch||[still]\n|-fail|p1a: Kingambit\n|\n|upkeep\n|turn|20\n|\n|t:|1700683510\n|-end|p1a: Kingambit|fallen4|[silent]\n|switch|p1a: Passimian|Passimian, F|88\/100 par\n|-damage|p1a: Passimian|82\/100 par|[from] Stealth Rock\n|move|p2a: Ribombee|Moonblast|p1a: Passimian\n|-supereffective|p1a: Passimian\n|-crit|p1a: Passimian\n|-damage|p1a: Passimian|0 fnt\n|faint|p1a: Passimian\n|\n|upkeep\n|\n|t:|1700683513\n|switch|p1a: Kingambit|Kingambit, F|94\/100\n|-damage|p1a: Kingambit|88\/100|[from] Stealth Rock\n|-activate|p1a: Kingambit|ability: Supreme Overlord\n|-start|p1a: Kingambit|fallen5|[silent]\n|turn|21\n|\n|t:|1700683521\n|move|p2a: Ribombee|Moonblast|p1a: Kingambit\n|-damage|p1a: Kingambit|40\/100\n|-unboost|p1a: Kingambit|spa|1\n|move|p1a: Kingambit|Kowtow Cleave|p2a: Ribombee\n|-resisted|p2a: Ribombee\n|-damage|p2a: Ribombee|0 fnt\n|faint|p2a: Ribombee\n|\n|upkeep\n|\n|t:|1700683530\n|switch|p2a: Landorus|Landorus-Therian, M|25\/100\n|-ability|p2a: Landorus|Intimidate|boost\n|-unboost|p1a: Kingambit|atk|1\n|turn|22\n|\n|t:|1700683535\n|switch|p2a: Heatran|Heatran, M|36\/100\n|-activate|p2a: Heatran|move: Sticky Web\n|-unboost|p2a: Heatran|spe|1\n|move|p1a: Kingambit|Sucker Punch||[still]\n|-fail|p1a: Kingambit\n|\n|-heal|p2a: Heatran|42\/100|[from] item: Leftovers\n|upkeep\n|turn|23\n|\n|t:|1700683539\n|switch|p2a: Landorus|Landorus-Therian, M|25\/100\n|-ability|p2a: Landorus|Intimidate|boost\n|-unboost|p1a: Kingambit|atk|1\n|move|p1a: Kingambit|Low Kick|p2a: Landorus\n|-resisted|p2a: Landorus\n|-damage|p2a: Landorus|10\/100\n|\n|-heal|p2a: Landorus|16\/100|[from] item: Leftovers\n|upkeep\n|turn|24\n|\n|t:|1700683551\n|move|p1a: Kingambit|Sucker Punch|p2a: Landorus\n|-damage|p2a: Landorus|0 fnt\n|faint|p2a: Landorus\n|\n|upkeep\n|\n|t:|1700683556\n|switch|p2a: Ogerpon|Ogerpon-Wellspring, F|100\/100\n|-activate|p2a: Ogerpon|move: Sticky Web\n|-unboost|p2a: Ogerpon|spe|1\n|turn|25\n|\n|t:|1700683566\n|-terastallize|p2a: Ogerpon|Water\n|detailschange|p2a: Ogerpon|Ogerpon-Wellspring-Tera, F, tera:Water\n|-ability|p2a: Ogerpon|Embody Aspect (Wellspring)|boost\n|-boost|p2a: Ogerpon|spd|1\n|move|p1a: Kingambit|Sucker Punch|p2a: Ogerpon\n|-damage|p2a: Ogerpon|56\/100\n|move|p2a: Ogerpon|Ivy Cudgel|p1a: Kingambit|[anim] Ivy Cudgel Water\n|-damage|p1a: Kingambit|0 fnt\n|faint|p1a: Kingambit\n|-end|p1a: Kingambit|fallen5|[silent]\n|\n|win|thunderdog_32\n|raw|darkkevo's rating: 1219 &rarr; <strong>1193<\/strong><br \/>(-26 for losing)\n|raw|thunderdog_32's rating: 1206 &rarr; <strong>1232<\/strong><br \/>(+26 for winning)\n|l|\u2606darkkevo\n","uploadtime":1700683578,"views":0,"p1id":"darkkevo","p2id":"thunderdog32","formatid":"gen9ou","rating":1193,"private":0,"password":""}