{"id":"gen9ou-1992641554","p1":"Horrific17","p2":"Tsar dragon","format":"[Gen 9] OU","log":"|j|\u2606Horrific17\n|j|\u2606Tsar dragon\n|t:|1700219150\n|gametype|singles\n|player|p1|Horrific17|acetrainerf-gen4dp|\n|player|p2|Tsar dragon|101|\n|teamsize|p1|6\n|teamsize|p2|6\n|gen|9\n|tier|[Gen 9] OU\n|rule|Sleep Clause Mod: Limit one foe put to sleep\n|rule|Species Clause: Limit one of each Pok\u00e9mon\n|rule|OHKO Clause: OHKO moves are banned\n|rule|Evasion Items Clause: Evasion items are banned\n|rule|Evasion Moves Clause: Evasion moves are banned\n|rule|Endless Battle Clause: Forcing endless battles is banned\n|rule|HP Percentage Mod: HP is shown in percentages\n|clearpoke\n|poke|p1|Zapdos-Galar|\n|poke|p1|Vikavolt, M|\n|poke|p1|Samurott-Hisui, F|\n|poke|p1|Thundurus, M|\n|poke|p1|Fezandipiti, M|\n|poke|p1|Gurdurr, F|\n|poke|p2|Gholdengo|\n|poke|p2|Azumarill, M|\n|poke|p2|Great Tusk|\n|poke|p2|Iron Valiant|\n|poke|p2|Kleavor, F|\n|poke|p2|Krookodile, M|\n|teampreview\n|inactive|Battle timer is ON: inactive players will automatically lose when time's up. (requested by Tsar dragon)\n|j| Prince Smurf\n|\n|t:|1700219170\n|start\n|switch|p1a: MARAUDER|Vikavolt, M, shiny|100\/100\n|switch|p2a: Kleavor|Kleavor, F|100\/100\n|turn|1\n|\n|t:|1700219180\n|move|p2a: Kleavor|Stone Axe|p1a: MARAUDER\n|-supereffective|p1a: MARAUDER\n|-crit|p1a: MARAUDER\n|-enditem|p1a: MARAUDER|Focus Sash\n|-damage|p1a: MARAUDER|1\/100\n|-sidestart|p1: Horrific17|move: Stealth Rock\n|move|p1a: MARAUDER|Volt Switch|p2a: Kleavor\n|-crit|p2a: Kleavor\n|-damage|p2a: Kleavor|0 fnt\n|faint|p2a: Kleavor\n|c|\u2606Tsar dragon|of course\n|c| Prince Smurf|tbh\n|c| Prince Smurf|this works out more in your favor\n|\n|t:|1700219206\n|switch|p1a: Jimmy|Gurdurr, F, shiny|100\/100|[from] Volt Switch\n|-damage|p1a: Jimmy|94\/100|[from] Stealth Rock\n|\n|upkeep\n|inactive|Tsar dragon has 270 seconds left.\n|\n|t:|1700219248\n|switch|p2a: Gholdengo|Gholdengo|100\/100\n|-item|p2a: Gholdengo|Air Balloon\n|turn|2\n|\n|t:|1700219252\n|move|p2a: Gholdengo|Nasty Plot|p2a: Gholdengo\n|-boost|p2a: Gholdengo|spa|2\n|move|p1a: Jimmy|Knock Off|p2a: Gholdengo\n|-supereffective|p2a: Gholdengo\n|-damage|p2a: Gholdengo|31\/100\n|-enditem|p2a: Gholdengo|Air Balloon\n|\n|upkeep\n|turn|3\n|inactive|Tsar dragon has 270 seconds left.\n|inactive|Horrific17 has 270 seconds left.\n|inactive|Tsar dragon has 240 seconds left.\n|\n|t:|1700219303\n|switch|p1a: MARAUDER|Vikavolt, M, shiny|1\/100\n|-damage|p1a: MARAUDER|0 fnt|[from] Stealth Rock\n|faint|p1a: MARAUDER\n|move|p2a: Gholdengo|Make It Rain|p1: MARAUDER|[notarget]\n|-fail|p2a: Gholdengo\n|\n|upkeep\n|c|\u2606Tsar dragon|uh\n|c|\u2606Tsar dragon|ok\n|\n|t:|1700219315\n|switch|p1a: Otterheimer|Samurott-Hisui, F|100\/100\n|-damage|p1a: Otterheimer|88\/100|[from] Stealth Rock\n|turn|4\n|inactive|Tsar dragon has 240 seconds left.\n|inactive|Tsar dragon has 210 seconds left.\n|\n|t:|1700219352\n|switch|p2a: Krookodile|Krookodile, M|100\/100\n|move|p1a: Otterheimer|Ceaseless Edge|p2a: Krookodile|[miss]\n|-miss|p1a: Otterheimer|p2a: Krookodile\n|\n|upkeep\n|turn|5\n|inactive|Tsar dragon has 210 seconds left.\n|c| Prince Smurf|95%\n|c| Prince Smurf|90%*\n|c|\u2606Tsar dragon|90% what\n|inactive|Horrific17 has 240 seconds left.\n|c|\u2606Tsar dragon|oh acc\n|c| Prince Smurf|accuracy\n|c|\u2606Tsar dragon|well he deserves it\n|\n|t:|1700219384\n|switch|p1a: Fezandipidi Toilet|Fezandipiti, M|100\/100\n|-damage|p1a: Fezandipidi Toilet|88\/100|[from] Stealth Rock\n|move|p2a: Krookodile|Close Combat|p1a: Fezandipidi Toilet\n|-resisted|p1a: Fezandipidi Toilet\n|-damage|p1a: Fezandipidi Toilet|79\/100\n|-unboost|p2a: Krookodile|def|1\n|-unboost|p2a: Krookodile|spd|1\n|\n|upkeep\n|turn|6\n|c|\u2606Tsar dragon|4 that crit\n|inactive|Horrific17 has 240 seconds left.\n|inactive|Tsar dragon has 210 seconds left.\n|c| Prince Smurf|BIG BIRD\n|\n|t:|1700219404\n|switch|p2a: Gholdengo|Gholdengo|31\/100\n|move|p1a: Fezandipidi Toilet|U-turn|p2a: Gholdengo\n|-resisted|p2a: Gholdengo\n|-damage|p2a: Gholdengo|27\/100\n|\n|t:|1700219409\n|switch|p1a: Otterheimer|Samurott-Hisui, F|88\/100|[from] U-turn\n|-damage|p1a: Otterheimer|76\/100|[from] Stealth Rock\n|\n|upkeep\n|turn|7\n|inactive|Tsar dragon has 210 seconds left.\n|\n|t:|1700219441\n|switch|p2a: Azumarill|Azumarill, M|100\/100\n|move|p1a: Otterheimer|Flip Turn|p2a: Azumarill\n|-resisted|p2a: Azumarill\n|-damage|p2a: Azumarill|86\/100\n|c|\u2606Tsar dragon|imean this round and around\n|\n|t:|1700219454\n|switch|p1a: Storm Approaching|Thundurus, M|100\/100|[from] Flip Turn\n|-damage|p1a: Storm Approaching|76\/100|[from] Stealth Rock\n|\n|upkeep\n|turn|8\n|c|\u2606Tsar dragon|helps me more with all the\n|c|\u2606Tsar dragon|passive damage\n|c| Prince Smurf|chip!\n|inactive|Horrific17 has 210 seconds left.\n|inactive|Tsar dragon has 180 seconds left.\n|\n|t:|1700219501\n|switch|p2a: Krookodile|Krookodile, M|100\/100\n|-terastallize|p1a: Storm Approaching|Grass\n|move|p1a: Storm Approaching|Grass Knot|p2a: Krookodile\n|-supereffective|p2a: Krookodile\n|-damage|p2a: Krookodile|0 fnt\n|faint|p2a: Krookodile\n|\n|upkeep\n|c|\u2606Tsar dragon|damn\n|inactive|Tsar dragon has 150 seconds left.\n|\n|t:|1700219529\n|switch|p2a: Iron Valiant|Iron Valiant|100\/100\n|-enditem|p2a: Iron Valiant|Booster Energy\n|-activate|p2a: Iron Valiant|ability: Quark Drive|[fromitem]\n|-start|p2a: Iron Valiant|quarkdrivespe\n|turn|9\n|inactive|Horrific17 has 180 seconds left.\n|inactive|Tsar dragon has 120 seconds left.\n|\n|t:|1700219571\n|switch|p1a: Fezandipidi Toilet|Fezandipiti, M|79\/100\n|-damage|p1a: Fezandipidi Toilet|66\/100|[from] Stealth Rock\n|move|p2a: Iron Valiant|Close Combat|p1a: Fezandipidi Toilet\n|-resisted|p1a: Fezandipidi Toilet\n|-damage|p1a: Fezandipidi Toilet|50\/100\n|-unboost|p2a: Iron Valiant|def|1\n|-unboost|p2a: Iron Valiant|spd|1\n|\n|upkeep\n|turn|10\n|inactive|Horrific17 has 180 seconds left.\n|\n|t:|1700219594\n|-end|p2a: Iron Valiant|Quark Drive|[silent]\n|switch|p2a: Gholdengo|Gholdengo|27\/100\n|move|p1a: Fezandipidi Toilet|Moonblast|p2a: Gholdengo\n|-resisted|p2a: Gholdengo\n|-damage|p2a: Gholdengo|9\/100\n|\n|upkeep\n|turn|11\n|\n|t:|1700219600\n|move|p1a: Fezandipidi Toilet|Moonblast|p2a: Gholdengo\n|-resisted|p2a: Gholdengo\n|-damage|p2a: Gholdengo|0 fnt\n|faint|p2a: Gholdengo\n|\n|upkeep\n|inactive|Tsar dragon has 90 seconds left.\n|\n|t:|1700219639\n|switch|p2a: Great Tusk|Great Tusk|100\/100\n|-enditem|p2a: Great Tusk|Booster Energy\n|-activate|p2a: Great Tusk|ability: Protosynthesis|[fromitem]\n|-start|p2a: Great Tusk|protosynthesisspe\n|turn|12\n|inactive|Horrific17 has 180 seconds left.\n|inactive|Tsar dragon has 60 seconds left.\n|c| Prince Smurf|that's crazy\n|\n|t:|1700219688\n|switch|p1a: Geococcyx|Zapdos-Galar|100\/100\n|-damage|p1a: Geococcyx|88\/100|[from] Stealth Rock\n|move|p2a: Great Tusk|Close Combat|p1a: Geococcyx\n|-resisted|p1a: Geococcyx\n|-damage|p1a: Geococcyx|56\/100\n|-unboost|p2a: Great Tusk|def|1\n|-unboost|p2a: Great Tusk|spd|1\n|\n|upkeep\n|turn|13\n|\n|t:|1700219699\n|move|p2a: Great Tusk|Ice Spinner|p1a: Geococcyx\n|-supereffective|p1a: Geococcyx\n|-crit|p1a: Geococcyx\n|-damage|p1a: Geococcyx|0 fnt\n|faint|p1a: Geococcyx\n|\n|upkeep\n|\n|t:|1700219711\n|switch|p1a: Jimmy|Gurdurr, F, shiny|94\/100\n|-damage|p1a: Jimmy|88\/100|[from] Stealth Rock\n|turn|14\n|inactive|Tsar dragon has 60 seconds left.\n|\n|t:|1700219717\n|-terastallize|p2a: Great Tusk|Ground\n|move|p2a: Great Tusk|Headlong Rush|p1a: Jimmy\n|-damage|p1a: Jimmy|43\/100\n|-unboost|p2a: Great Tusk|def|1\n|-unboost|p2a: Great Tusk|spd|1\n|move|p1a: Jimmy|Drain Punch|p2a: Great Tusk\n|-damage|p2a: Great Tusk|49\/100\n|-heal|p1a: Jimmy|73\/100|[from] drain|[of] p2a: Great Tusk\n|\n|upkeep\n|turn|15\n|inactive|Tsar dragon has 60 seconds left.\n|\n|t:|1700219750\n|-end|p2a: Great Tusk|Protosynthesis|[silent]\n|switch|p2a: Iron Valiant|Iron Valiant|100\/100\n|move|p1a: Jimmy|Drain Punch|p2a: Iron Valiant\n|-resisted|p2a: Iron Valiant\n|-damage|p2a: Iron Valiant|71\/100\n|-heal|p1a: Jimmy|84\/100|[from] drain|[of] p2a: Iron Valiant\n|\n|upkeep\n|turn|16\n|inactive|Horrific17 has 180 seconds left.\n|\n|t:|1700219768\n|switch|p1a: Fezandipidi Toilet|Fezandipiti, M|50\/100\n|-damage|p1a: Fezandipidi Toilet|38\/100|[from] Stealth Rock\n|move|p2a: Iron Valiant|Swords Dance|p2a: Iron Valiant\n|-boost|p2a: Iron Valiant|atk|2\n|\n|upkeep\n|turn|17\n|\n|t:|1700219786\n|move|p2a: Iron Valiant|Close Combat|p1a: Fezandipidi Toilet\n|-resisted|p1a: Fezandipidi Toilet\n|-damage|p1a: Fezandipidi Toilet|6\/100\n|-unboost|p2a: Iron Valiant|def|1\n|-unboost|p2a: Iron Valiant|spd|1\n|move|p1a: Fezandipidi Toilet|Roost|p1a: Fezandipidi Toilet\n|-heal|p1a: Fezandipidi Toilet|56\/100\n|-singleturn|p1a: Fezandipidi Toilet|move: Roost\n|\n|upkeep\n|turn|18\n|\n|t:|1700219803\n|move|p2a: Iron Valiant|Knock Off|p1a: Fezandipidi Toilet\n|-resisted|p1a: Fezandipidi Toilet\n|-damage|p1a: Fezandipidi Toilet|24\/100\n|-enditem|p1a: Fezandipidi Toilet|Fairy Feather|[from] move: Knock Off|[of] p2a: Iron Valiant\n|move|p1a: Fezandipidi Toilet|Roost|p1a: Fezandipidi Toilet\n|-heal|p1a: Fezandipidi Toilet|74\/100\n|-singleturn|p1a: Fezandipidi Toilet|move: Roost\n|\n|upkeep\n|turn|19\n|inactive|Tsar dragon has 30 seconds left.\n|\n|t:|1700219824\n|-end|p2a: Iron Valiant|Quark Drive|[silent]\n|switch|p2a: Azumarill|Azumarill, M|86\/100\n|move|p1a: Fezandipidi Toilet|Moonblast|p2a: Azumarill\n|-crit|p2a: Azumarill\n|-damage|p2a: Azumarill|50\/100\n|-enditem|p2a: Azumarill|Sitrus Berry|[eat]\n|-heal|p2a: Azumarill|75\/100|[from] item: Sitrus Berry\n|\n|upkeep\n|turn|20\n|inactive|Tsar dragon has 30 seconds left.\n|\n|t:|1700219838\n|move|p1a: Fezandipidi Toilet|Moonblast|p2a: Azumarill\n|-damage|p2a: Azumarill|50\/100\n|move|p2a: Azumarill|Belly Drum||[still]\n|-fail|p2a: Azumarill\n|\n|upkeep\n|turn|21\n|c|\u2606Tsar dragon|g\n|c|\u2606Tsar dragon|dam it all\n|c| Prince Smurf|me too\n|\n|t:|1700219847\n|move|p1a: Fezandipidi Toilet|U-turn|p2a: Azumarill\n|-resisted|p2a: Azumarill\n|-damage|p2a: Azumarill|43\/100\n|\n|t:|1700219851\n|switch|p1a: Jimmy|Gurdurr, F, shiny|84\/100|[from] U-turn\n|-damage|p1a: Jimmy|78\/100|[from] Stealth Rock\n|move|p2a: Azumarill|Play Rough|p1a: Jimmy\n|-supereffective|p1a: Jimmy\n|-damage|p1a: Jimmy|0 fnt\n|faint|p1a: Jimmy\n|\n|upkeep\n|\n|t:|1700219855\n|switch|p1a: Storm Approaching|Thundurus, M, tera:Grass|76\/100\n|-damage|p1a: Storm Approaching|63\/100|[from] Stealth Rock\n|turn|22\n|\n|t:|1700219870\n|switch|p2a: Iron Valiant|Iron Valiant|71\/100\n|move|p1a: Storm Approaching|Grass Knot|p2a: Iron Valiant\n|-damage|p2a: Iron Valiant|8\/100\n|\n|upkeep\n|turn|23\n|inactive|Horrific17 has 210 seconds left.\n|\n|t:|1700219890\n|move|p2a: Iron Valiant|Close Combat|p1a: Storm Approaching\n|-damage|p1a: Storm Approaching|0 fnt\n|-unboost|p2a: Iron Valiant|def|1\n|-unboost|p2a: Iron Valiant|spd|1\n|faint|p1a: Storm Approaching\n|\n|upkeep\n|\n|t:|1700219893\n|switch|p1a: Fezandipidi Toilet|Fezandipiti, M|74\/100\n|-damage|p1a: Fezandipidi Toilet|62\/100|[from] Stealth Rock\n|turn|24\n|inactive|Horrific17 has 210 seconds left.\n|\n|t:|1700219904\n|move|p2a: Iron Valiant|Close Combat|p1a: Fezandipidi Toilet\n|-resisted|p1a: Fezandipidi Toilet\n|-damage|p1a: Fezandipidi Toilet|46\/100\n|-unboost|p2a: Iron Valiant|def|1\n|-unboost|p2a: Iron Valiant|spd|1\n|move|p1a: Fezandipidi Toilet|Moonblast|p2a: Iron Valiant\n|-supereffective|p2a: Iron Valiant\n|-damage|p2a: Iron Valiant|0 fnt\n|faint|p2a: Iron Valiant\n|-end|p2a: Iron Valiant|Quark Drive|[silent]\n|\n|upkeep\n|\n|t:|1700219924\n|switch|p2a: Great Tusk|Great Tusk, tera:Ground|49\/100\n|turn|25\n|inactive|Horrific17 has 210 seconds left.\n|\n|t:|1700219955\n|move|p1a: Fezandipidi Toilet|U-turn|p2a: Great Tusk\n|-damage|p2a: Great Tusk|40\/100\n|-status|p2a: Great Tusk|tox|[from] ability: Toxic Chain|[of] p1a: Fezandipidi Toilet\n|\n|t:|1700219957\n|switch|p1a: Otterheimer|Samurott-Hisui, F|76\/100|[from] U-turn\n|-damage|p1a: Otterheimer|63\/100|[from] Stealth Rock\n|move|p2a: Great Tusk|Headlong Rush|p1a: Otterheimer\n|-damage|p1a: Otterheimer|0 fnt\n|-unboost|p2a: Great Tusk|def|1\n|-unboost|p2a: Great Tusk|spd|1\n|faint|p1a: Otterheimer\n|\n|-damage|p2a: Great Tusk|34\/100 tox|[from] psn\n|upkeep\n|\n|t:|1700219959\n|switch|p1a: Fezandipidi Toilet|Fezandipiti, M|46\/100\n|-damage|p1a: Fezandipidi Toilet|34\/100|[from] Stealth Rock\n|turn|26\n|\n|t:|1700219967\n|move|p1a: Fezandipidi Toilet|Moonblast|p2a: Great Tusk\n|-damage|p2a: Great Tusk|0 fnt\n|faint|p2a: Great Tusk\n|-end|p2a: Great Tusk|Protosynthesis|[silent]\n|\n|upkeep\n|\n|t:|1700219972\n|switch|p2a: Azumarill|Azumarill, M|43\/100\n|turn|27\n|inactive|Tsar dragon has 60 seconds left.\n|\n|t:|1700219981\n|move|p2a: Azumarill|Aqua Jet|p1a: Fezandipidi Toilet\n|-damage|p1a: Fezandipidi Toilet|6\/100\n|move|p1a: Fezandipidi Toilet|Roost|p1a: Fezandipidi Toilet\n|-heal|p1a: Fezandipidi Toilet|56\/100\n|-singleturn|p1a: Fezandipidi Toilet|move: Roost\n|\n|upkeep\n|turn|28\n|\n|t:|1700219987\n|move|p1a: Fezandipidi Toilet|Roost|p1a: Fezandipidi Toilet\n|-heal|p1a: Fezandipidi Toilet|100\/100\n|-singleturn|p1a: Fezandipidi Toilet|move: Roost\n|move|p2a: Azumarill|Waterfall|p1a: Fezandipidi Toilet\n|-damage|p1a: Fezandipidi Toilet|49\/100\n|\n|upkeep\n|turn|29\n|inactive|Horrific17 has 240 seconds left.\n|inactive|Tsar dragon has 60 seconds left.\n|\n|t:|1700220004\n|move|p1a: Fezandipidi Toilet|Roost|p1a: Fezandipidi Toilet\n|-heal|p1a: Fezandipidi Toilet|99\/100\n|-singleturn|p1a: Fezandipidi Toilet|move: Roost\n|move|p2a: Azumarill|Waterfall|p1a: Fezandipidi Toilet\n|-damage|p1a: Fezandipidi Toilet|52\/100\n|\n|upkeep\n|turn|30\n|inactive|Horrific17 has 240 seconds left.\n|\n|t:|1700220024\n|move|p1a: Fezandipidi Toilet|Moonblast|p2a: Azumarill\n|-damage|p2a: Azumarill|15\/100\n|-unboost|p2a: Azumarill|spa|1\n|-status|p2a: Azumarill|tox|[from] ability: Toxic Chain|[of] p1a: Fezandipidi Toilet\n|move|p2a: Azumarill|Play Rough|p1a: Fezandipidi Toilet\n|-resisted|p1a: Fezandipidi Toilet\n|-damage|p1a: Fezandipidi Toilet|21\/100\n|\n|-damage|p2a: Azumarill|9\/100 tox|[from] psn\n|upkeep\n|turn|31\n|\n|t:|1700220031\n|move|p2a: Azumarill|Aqua Jet|p1a: Fezandipidi Toilet\n|-damage|p1a: Fezandipidi Toilet|0 fnt\n|faint|p1a: Fezandipidi Toilet\n|\n|win|Tsar dragon\n|c|\u2606Horrific17|gg\n|c|\u2606Tsar dragon|phew\n|c| Prince Smurf|me when i almost throw\n|c|\u2606Tsar dragon|jezzums\n","uploadtime":1700220047,"views":24,"p1id":"horrific17","p2id":"tsardragon","formatid":"gen9ou","rating":0,"private":0,"password":""}