{"id":"gen9ou-1992965520","p1":"Kantonian Ash","p2":"vaiber938","format":"[Gen 9] OU","log":"|j|\u2606Kantonian Ash\n|j|\u2606vaiber938\n|t:|1700250954\n|gametype|singles\n|player|p1|Kantonian Ash|misty|1303\n|player|p2|vaiber938|sage|1292\n|teamsize|p1|6\n|teamsize|p2|6\n|gen|9\n|tier|[Gen 9] OU\n|rated|\n|rule|Sleep Clause Mod: Limit one foe put to sleep\n|rule|Species Clause: Limit one of each Pok\u00e9mon\n|rule|OHKO Clause: OHKO moves are banned\n|rule|Evasion Items Clause: Evasion items are banned\n|rule|Evasion Moves Clause: Evasion moves are banned\n|rule|Endless Battle Clause: Forcing endless battles is banned\n|rule|HP Percentage Mod: HP is shown in percentages\n|clearpoke\n|poke|p1|Sneasler, M|\n|poke|p1|Zapdos|\n|poke|p1|Decidueye-Hisui, M|\n|poke|p1|Ceruledge, F|\n|poke|p1|Walking Wake|\n|poke|p1|Great Tusk|\n|poke|p2|Iron Jugulis|\n|poke|p2|Ogerpon-Wellspring, F|\n|poke|p2|Tinkaton, F|\n|poke|p2|Iron Moth|\n|poke|p2|Great Tusk|\n|poke|p2|Dragapult, F|\n|teampreview\n|\n|t:|1700250965\n|start\n|switch|p1a: Walking Wake|Walking Wake|100\/100\n|switch|p2a: TWINKATON|Tinkaton, F|100\/100\n|-item|p2a: TWINKATON|Air Balloon\n|turn|1\n|\n|t:|1700250972\n|move|p1a: Walking Wake|Flamethrower|p2a: TWINKATON\n|-supereffective|p2a: TWINKATON\n|-damage|p2a: TWINKATON|43\/100\n|-enditem|p2a: TWINKATON|Air Balloon\n|move|p2a: TWINKATON|Thunder Wave|p1a: Walking Wake\n|-status|p1a: Walking Wake|par\n|\n|upkeep\n|turn|2\n|\n|t:|1700250983\n|move|p2a: TWINKATON|Stealth Rock|p1a: Walking Wake\n|-sidestart|p1: Kantonian Ash|move: Stealth Rock\n|move|p1a: Walking Wake|Flamethrower|p2a: TWINKATON\n|-supereffective|p2a: TWINKATON\n|-damage|p2a: TWINKATON|0 fnt\n|faint|p2a: TWINKATON\n|\n|upkeep\n|inactive|Battle timer is ON: inactive players will automatically lose when time's up. (requested by Kantonian Ash)\n|\n|t:|1700251001\n|switch|p2a: Dragapult|Dragapult, F|100\/100\n|turn|3\n|\n|t:|1700251006\n|move|p2a: Dragapult|Draco Meteor|p1a: Walking Wake\n|-supereffective|p1a: Walking Wake\n|-damage|p1a: Walking Wake|0 fnt\n|-unboost|p2a: Dragapult|spa|2\n|faint|p1a: Walking Wake\n|-end|p1a: Walking Wake|Protosynthesis|[silent]\n|\n|upkeep\n|\n|t:|1700251011\n|switch|p1a: Great Tusk|Great Tusk|100\/100\n|turn|4\n|\n|t:|1700251029\n|switch|p2a: Ogerpon|Ogerpon-Wellspring, F|100\/100\n|move|p1a: Great Tusk|Rapid Spin|p2a: Ogerpon\n|-damage|p2a: Ogerpon|79\/100\n|-boost|p1a: Great Tusk|spe|1\n|-sideend|p1: Kantonian Ash|Stealth Rock|[from] move: Rapid Spin|[of] p1a: Great Tusk\n|\n|upkeep\n|turn|5\n|\n|t:|1700251055\n|-terastallize|p2a: Ogerpon|Water\n|detailschange|p2a: Ogerpon|Ogerpon-Wellspring-Tera, F, tera:Water\n|-ability|p2a: Ogerpon|Embody Aspect (Wellspring)|boost\n|-boost|p2a: Ogerpon|spd|1\n|move|p1a: Great Tusk|Close Combat|p2a: Ogerpon\n|-damage|p2a: Ogerpon|0 fnt\n|-unboost|p1a: Great Tusk|def|1\n|-unboost|p1a: Great Tusk|spd|1\n|faint|p2a: Ogerpon\n|\n|upkeep\n|\n|t:|1700251071\n|switch|p2a: Iron Moth|Iron Moth|100\/100\n|-enditem|p2a: Iron Moth|Booster Energy\n|-activate|p2a: Iron Moth|ability: Quark Drive|[fromitem]\n|-start|p2a: Iron Moth|quarkdrivespe\n|turn|6\n|\n|t:|1700251085\n|move|p2a: Iron Moth|Dazzling Gleam|p1a: Great Tusk\n|-supereffective|p1a: Great Tusk\n|-damage|p1a: Great Tusk|0 fnt\n|faint|p1a: Great Tusk\n|-end|p1a: Great Tusk|Protosynthesis|[silent]\n|\n|upkeep\n|\n|t:|1700251089\n|switch|p1a: Ceruledge|Ceruledge, F|100\/100\n|turn|7\n|inactive|vaiber938 has 120 seconds left.\n|\n|t:|1700251114\n|-end|p2a: Iron Moth|Quark Drive|[silent]\n|switch|p2a: Great Tusk|Great Tusk|100\/100\n|-enditem|p2a: Great Tusk|Booster Energy\n|-activate|p2a: Great Tusk|ability: Protosynthesis|[fromitem]\n|-start|p2a: Great Tusk|protosynthesisspe\n|move|p1a: Ceruledge|Flame Charge|p2a: Great Tusk\n|-damage|p2a: Great Tusk|82\/100\n|-boost|p1a: Ceruledge|spe|1\n|\n|upkeep\n|turn|8\n|inactive|vaiber938 has 120 seconds left.\n|\n|t:|1700251129\n|-terastallize|p1a: Ceruledge|Bug\n|move|p2a: Great Tusk|Bulk Up|p2a: Great Tusk\n|-boost|p2a: Great Tusk|atk|1\n|-boost|p2a: Great Tusk|def|1\n|move|p1a: Ceruledge|Flame Charge|p2a: Great Tusk\n|-damage|p2a: Great Tusk|70\/100\n|-boost|p1a: Ceruledge|spe|1\n|\n|upkeep\n|turn|9\n|inactive|vaiber938 has 120 seconds left.\n|\n|t:|1700251144\n|move|p1a: Ceruledge|Swords Dance|p1a: Ceruledge\n|-boost|p1a: Ceruledge|atk|2\n|move|p2a: Great Tusk|Headlong Rush|p1a: Ceruledge\n|-resisted|p1a: Ceruledge\n|-crit|p1a: Ceruledge\n|-damage|p1a: Ceruledge|19\/100\n|-unboost|p2a: Great Tusk|def|1\n|-unboost|p2a: Great Tusk|spd|1\n|\n|-heal|p1a: Ceruledge|25\/100|[from] item: Leftovers\n|upkeep\n|turn|10\n|inactive|vaiber938 has 120 seconds left.\n|\n|t:|1700251155\n|move|p1a: Ceruledge|Bitter Blade|p2a: Great Tusk\n|-damage|p2a: Great Tusk|9\/100\n|-heal|p1a: Ceruledge|71\/100|[from] drain|[of] p2a: Great Tusk\n|move|p2a: Great Tusk|Ice Spinner|p1a: Ceruledge\n|-damage|p1a: Ceruledge|23\/100\n|\n|-heal|p1a: Ceruledge|29\/100|[from] item: Leftovers\n|upkeep\n|turn|11\n|\n|t:|1700251166\n|move|p1a: Ceruledge|Bitter Blade|p2a: Great Tusk\n|-damage|p2a: Great Tusk|0 fnt\n|-heal|p1a: Ceruledge|35\/100|[from] drain|[of] p2a: Great Tusk\n|faint|p2a: Great Tusk\n|-end|p2a: Great Tusk|Protosynthesis|[silent]\n|\n|-heal|p1a: Ceruledge|41\/100|[from] item: Leftovers\n|upkeep\n|inactive|vaiber938 has 120 seconds left.\n|\n|t:|1700251191\n|switch|p2a: Iron Moth|Iron Moth|100\/100\n|turn|12\n|\n|t:|1700251208\n|move|p1a: Ceruledge|Bitter Blade|p2a: Iron Moth\n|-resisted|p2a: Iron Moth\n|-crit|p2a: Iron Moth\n|-damage|p2a: Iron Moth|0 fnt\n|-heal|p1a: Ceruledge|93\/100|[from] drain|[of] p2a: Iron Moth\n|faint|p2a: Iron Moth\n|-end|p2a: Iron Moth|Quark Drive|[silent]\n|\n|-heal|p1a: Ceruledge|99\/100|[from] item: Leftovers\n|upkeep\n|inactive|vaiber938 has 120 seconds left.\n|-message|vaiber938 forfeited.\n|\n|win|Kantonian Ash\n|raw|Kantonian Ash's rating: 1303 &rarr; <strong>1322<\/strong><br \/>(+19 for winning)\n|raw|vaiber938's rating: 1292 &rarr; <strong>1268<\/strong><br \/>(-24 for losing)\n|l|\u2606vaiber938\n|l|\u2606Kantonian Ash\n|j|\u2606Kantonian Ash\n|player|p1|Kantonian Ash|misty\n","uploadtime":1700251246,"views":10,"p1id":"kantonianash","p2id":"vaiber938","formatid":"gen9ou","rating":1268,"private":0,"password":""}