{"id":"gen9ou-1996465730","p1":"Nyles Morales","p2":"Nerdiestyt","format":"[Gen 9] OU","log":"|j|\u2606Nyles Morales\n|j|\u2606Nerdiestyt\n|t:|1700684686\n|gametype|singles\n|player|p1|Nyles Morales|carmine|1192\n|player|p2|Nerdiestyt|266|1222\n|teamsize|p1|6\n|teamsize|p2|6\n|gen|9\n|tier|[Gen 9] OU\n|rated|\n|rule|Sleep Clause Mod: Limit one foe put to sleep\n|rule|Species Clause: Limit one of each Pok\u00e9mon\n|rule|OHKO Clause: OHKO moves are banned\n|rule|Evasion Items Clause: Evasion items are banned\n|rule|Evasion Moves Clause: Evasion moves are banned\n|rule|Endless Battle Clause: Forcing endless battles is banned\n|rule|HP Percentage Mod: HP is shown in percentages\n|clearpoke\n|poke|p1|Mimikyu, M|\n|poke|p1|Ribombee, F|\n|poke|p1|Greninja-*, M|\n|poke|p1|Kingambit, M|\n|poke|p1|Dragapult, M|\n|poke|p1|Great Tusk|\n|poke|p2|Qwilfish, F|\n|poke|p2|Blissey, F|\n|poke|p2|Toxapex, M|\n|poke|p2|Great Tusk|\n|poke|p2|Kingambit, F|\n|poke|p2|Iron Moth|\n|teampreview\n|inactive|Battle timer is ON: inactive players will automatically lose when time's up. (requested by Nyles Morales)\n|\n|t:|1700684714\n|start\n|switch|p1a: Ribombee|Ribombee, F|100\/100\n|switch|p2a: Great Tusk|Great Tusk|100\/100\n|turn|1\n|\n|t:|1700684724\n|-terastallize|p2a: Great Tusk|Steel\n|move|p1a: Ribombee|Moonblast|p2a: Great Tusk\n|-resisted|p2a: Great Tusk\n|-damage|p2a: Great Tusk|82\/100\n|-unboost|p2a: Great Tusk|spa|1\n|move|p2a: Great Tusk|Rapid Spin|p1a: Ribombee\n|-damage|p1a: Ribombee|64\/100\n|-boost|p2a: Great Tusk|spe|1\n|\n|-heal|p2a: Great Tusk|88\/100|[from] item: Leftovers\n|upkeep\n|turn|2\n|\n|t:|1700684733\n|move|p1a: Ribombee|Stun Spore|p2a: Great Tusk\n|-status|p2a: Great Tusk|par\n|cant|p2a: Great Tusk|par\n|\n|-heal|p2a: Great Tusk|94\/100 par|[from] item: Leftovers\n|upkeep\n|turn|3\n|\n|t:|1700684738\n|move|p1a: Ribombee|Sticky Web|p2a: Great Tusk\n|-sidestart|p2: Nerdiestyt|move: Sticky Web\n|move|p2a: Great Tusk|Headlong Rush|p1a: Ribombee\n|-resisted|p1a: Ribombee\n|-damage|p1a: Ribombee|4\/100\n|-unboost|p2a: Great Tusk|def|1\n|-unboost|p2a: Great Tusk|spd|1\n|\n|-heal|p2a: Great Tusk|100\/100 par|[from] item: Leftovers\n|upkeep\n|turn|4\n|\n|t:|1700684749\n|move|p1a: Ribombee|U-turn|p2a: Great Tusk\n|-resisted|p2a: Great Tusk\n|-damage|p2a: Great Tusk|93\/100 par\n|\n|t:|1700684755\n|switch|p1a: Mimikyu|Mimikyu, M|100\/100|[from] U-turn\n|move|p2a: Great Tusk|Ice Spinner|p1a: Mimikyu\n|-activate|p1a: Mimikyu|ability: Disguise\n|-damage|p1a: Mimikyu|100\/100\n|detailschange|p1a: Mimikyu|Mimikyu-Busted, M\n|-damage|p1a: Mimikyu|88\/100|[from] pokemon: Mimikyu-Busted\n|\n|-heal|p2a: Great Tusk|99\/100 par|[from] item: Leftovers\n|upkeep\n|turn|5\n|\n|t:|1700684765\n|move|p1a: Mimikyu|Swords Dance|p1a: Mimikyu\n|-boost|p1a: Mimikyu|atk|2\n|cant|p2a: Great Tusk|par\n|\n|-heal|p2a: Great Tusk|100\/100 par|[from] item: Leftovers\n|upkeep\n|turn|6\n|\n|t:|1700684773\n|move|p1a: Mimikyu|Drain Punch|p2a: Great Tusk\n|-supereffective|p2a: Great Tusk\n|-damage|p2a: Great Tusk|0 fnt\n|-heal|p1a: Mimikyu|100\/100|[from] drain|[of] p2a: Great Tusk\n|faint|p2a: Great Tusk\n|-end|p2a: Great Tusk|Protosynthesis|[silent]\n|-damage|p1a: Mimikyu|91\/100|[from] item: Life Orb\n|\n|upkeep\n|\n|t:|1700684780\n|switch|p2a: Toxapex|Toxapex, M|100\/100\n|-activate|p2a: Toxapex|move: Sticky Web\n|-unboost|p2a: Toxapex|spe|1\n|turn|7\n|\n|t:|1700684787\n|switch|p1a: Ribombee|Ribombee, F|4\/100\n|move|p2a: Toxapex|Baneful Bunker||[still]\n|-fail|p2a: Toxapex\n|\n|upkeep\n|turn|8\n|\n|t:|1700684793\n|move|p1a: Ribombee|Stun Spore|p2a: Toxapex|[miss]\n|-miss|p1a: Ribombee|p2a: Toxapex\n|move|p2a: Toxapex|Chilling Water|p1a: Ribombee\n|-crit|p1a: Ribombee\n|-damage|p1a: Ribombee|0 fnt\n|faint|p1a: Ribombee\n|\n|upkeep\n|\n|t:|1700684795\n|switch|p1a: Great Tusk|Great Tusk|100\/100\n|turn|9\n|\n|t:|1700684799\n|move|p1a: Great Tusk|Stealth Rock|p2a: Toxapex\n|-sidestart|p2: Nerdiestyt|move: Stealth Rock\n|move|p2a: Toxapex|Toxic|p1a: Great Tusk\n|-status|p1a: Great Tusk|tox\n|\n|-damage|p1a: Great Tusk|94\/100 tox|[from] psn\n|upkeep\n|turn|10\n|\n|t:|1700684808\n|move|p1a: Great Tusk|Knock Off|p2a: Toxapex\n|-damage|p2a: Toxapex|85\/100\n|-enditem|p2a: Toxapex|Leftovers|[from] move: Knock Off|[of] p1a: Great Tusk\n|move|p2a: Toxapex|Chilling Water|p1a: Great Tusk\n|-supereffective|p1a: Great Tusk\n|-damage|p1a: Great Tusk|66\/100 tox\n|-unboost|p1a: Great Tusk|atk|1\n|\n|-damage|p1a: Great Tusk|54\/100 tox|[from] psn\n|upkeep\n|turn|11\n|\n|t:|1700684812\n|move|p1a: Great Tusk|Earthquake|p2a: Toxapex\n|-supereffective|p2a: Toxapex\n|-damage|p2a: Toxapex|50\/100\n|move|p2a: Toxapex|Chilling Water|p1a: Great Tusk\n|-supereffective|p1a: Great Tusk\n|-damage|p1a: Great Tusk|27\/100 tox\n|-unboost|p1a: Great Tusk|atk|1\n|\n|-damage|p1a: Great Tusk|8\/100 tox|[from] psn\n|upkeep\n|turn|12\n|\n|t:|1700684816\n|move|p1a: Great Tusk|Knock Off|p2a: Toxapex\n|-damage|p2a: Toxapex|44\/100\n|move|p2a: Toxapex|Recover|p2a: Toxapex\n|-heal|p2a: Toxapex|94\/100\n|\n|-damage|p1a: Great Tusk|0 fnt|[from] psn\n|faint|p1a: Great Tusk\n|-end|p1a: Great Tusk|Protosynthesis|[silent]\n|upkeep\n|\n|t:|1700684818\n|switch|p1a: Dragapult|Dragapult, M, shiny|100\/100\n|turn|13\n|\n|t:|1700684825\n|move|p1a: Dragapult|Thunderbolt|p2a: Toxapex\n|-supereffective|p2a: Toxapex\n|-damage|p2a: Toxapex|23\/100\n|move|p2a: Toxapex|Toxic|p1a: Dragapult\n|-status|p1a: Dragapult|tox\n|\n|-damage|p1a: Dragapult|95\/100 tox|[from] psn\n|upkeep\n|turn|14\n|\n|t:|1700684829\n|switch|p2a: Blissey|Blissey, F|100\/100\n|-activate|p2a: Blissey|move: Sticky Web\n|-unboost|p2a: Blissey|spe|1\n|-damage|p2a: Blissey|88\/100|[from] Stealth Rock\n|move|p1a: Dragapult|Thunderbolt|p2a: Blissey\n|-damage|p2a: Blissey|73\/100\n|\n|-heal|p2a: Blissey|79\/100|[from] item: Leftovers\n|-damage|p1a: Dragapult|83\/100 tox|[from] psn\n|upkeep\n|turn|15\n|\n|t:|1700684832\n|switch|p1a: Mimikyu|Mimikyu-Busted, M|91\/100\n|move|p2a: Blissey|Thunder Wave|p1a: Mimikyu\n|-status|p1a: Mimikyu|par\n|\n|-heal|p2a: Blissey|85\/100|[from] item: Leftovers\n|upkeep\n|turn|16\n|\n|t:|1700684837\n|switch|p2a: Toxapex|Toxapex, M|56\/100\n|-activate|p2a: Toxapex|move: Sticky Web\n|-unboost|p2a: Toxapex|spe|1\n|-damage|p2a: Toxapex|44\/100|[from] Stealth Rock\n|cant|p1a: Mimikyu|par\n|\n|upkeep\n|turn|17\n|\n|t:|1700684841\n|move|p1a: Mimikyu|Shadow Sneak|p2a: Toxapex\n|-damage|p2a: Toxapex|29\/100\n|-damage|p1a: Mimikyu|81\/100 par|[from] item: Life Orb\n|move|p2a: Toxapex|Chilling Water|p1a: Mimikyu\n|-damage|p1a: Mimikyu|67\/100 par\n|-unboost|p1a: Mimikyu|atk|1\n|\n|upkeep\n|turn|18\n|\n|t:|1700684844\n|cant|p1a: Mimikyu|par\n|move|p2a: Toxapex|Recover|p2a: Toxapex\n|-heal|p2a: Toxapex|79\/100\n|\n|upkeep\n|turn|19\n|\n|t:|1700684847\n|switch|p1a: Kingambit|Kingambit, M, shiny|100\/100\n|-activate|p1a: Kingambit|ability: Supreme Overlord\n|-start|p1a: Kingambit|fallen2|[silent]\n|move|p2a: Toxapex|Chilling Water|p1a: Kingambit\n|-damage|p1a: Kingambit|89\/100\n|-unboost|p1a: Kingambit|atk|1\n|\n|-heal|p1a: Kingambit|95\/100|[from] item: Leftovers\n|upkeep\n|turn|20\n|\n|t:|1700684850\n|move|p1a: Kingambit|Swords Dance|p1a: Kingambit\n|-boost|p1a: Kingambit|atk|2\n|move|p2a: Toxapex|Chilling Water|p1a: Kingambit\n|-damage|p1a: Kingambit|83\/100\n|-unboost|p1a: Kingambit|atk|1\n|\n|-heal|p1a: Kingambit|89\/100|[from] item: Leftovers\n|upkeep\n|turn|21\n|\n|t:|1700684857\n|move|p1a: Kingambit|Swords Dance|p1a: Kingambit\n|-boost|p1a: Kingambit|atk|2\n|move|p2a: Toxapex|Chilling Water|p1a: Kingambit\n|-damage|p1a: Kingambit|78\/100\n|-unboost|p1a: Kingambit|atk|1\n|\n|-heal|p1a: Kingambit|84\/100|[from] item: Leftovers\n|upkeep\n|turn|22\n|\n|t:|1700684871\n|move|p1a: Kingambit|Swords Dance|p1a: Kingambit\n|-boost|p1a: Kingambit|atk|2\n|move|p2a: Toxapex|Chilling Water|p1a: Kingambit\n|-damage|p1a: Kingambit|72\/100\n|-unboost|p1a: Kingambit|atk|1\n|\n|-heal|p1a: Kingambit|78\/100|[from] item: Leftovers\n|upkeep\n|turn|23\n|\n|t:|1700684878\n|move|p1a: Kingambit|Swords Dance|p1a: Kingambit\n|-boost|p1a: Kingambit|atk|2\n|move|p2a: Toxapex|Chilling Water|p1a: Kingambit\n|-damage|p1a: Kingambit|65\/100\n|-unboost|p1a: Kingambit|atk|1\n|\n|-heal|p1a: Kingambit|71\/100|[from] item: Leftovers\n|upkeep\n|turn|24\n|\n|t:|1700684883\n|switch|p2a: Blissey|Blissey, F|85\/100\n|-activate|p2a: Blissey|move: Sticky Web\n|-unboost|p2a: Blissey|spe|1\n|-damage|p2a: Blissey|72\/100|[from] Stealth Rock\n|move|p1a: Kingambit|Swords Dance|p1a: Kingambit\n|-boost|p1a: Kingambit|atk|2\n|\n|-heal|p1a: Kingambit|77\/100|[from] item: Leftovers\n|-heal|p2a: Blissey|79\/100|[from] item: Leftovers\n|upkeep\n|turn|25\n|\n|t:|1700684888\n|move|p1a: Kingambit|Brick Break|p2a: Blissey\n|-supereffective|p2a: Blissey\n|-damage|p2a: Blissey|0 fnt\n|faint|p2a: Blissey\n|\n|-heal|p1a: Kingambit|83\/100|[from] item: Leftovers\n|upkeep\n|\n|t:|1700684890\n|switch|p2a: Qwilfish|Qwilfish, F|100\/100\n|-activate|p2a: Qwilfish|move: Sticky Web\n|-unboost|p2a: Qwilfish|spe|1\n|-damage|p2a: Qwilfish|88\/100|[from] Stealth Rock\n|-ability|p2a: Qwilfish|Intimidate|boost\n|-unboost|p1a: Kingambit|atk|1\n|turn|26\n|\n|t:|1700684894\n|move|p2a: Qwilfish|Destiny Bond|p2a: Qwilfish\n|-singlemove|p2a: Qwilfish|Destiny Bond\n|move|p1a: Kingambit|Iron Head|p2a: Qwilfish\n|-resisted|p2a: Qwilfish\n|-damage|p2a: Qwilfish|0 fnt\n|faint|p2a: Qwilfish\n|-activate|p2a: Qwilfish|move: Destiny Bond\n|faint|p1a: Kingambit\n|-end|p1a: Kingambit|fallen2|[silent]\n|\n|upkeep\n|\n|t:|1700684910\n|switch|p2a: Toxapex|Toxapex, M|100\/100\n|switch|p1a: Greninja|Greninja, M|100\/100\n|-activate|p2a: Toxapex|move: Sticky Web\n|-unboost|p2a: Toxapex|spe|1\n|-damage|p2a: Toxapex|88\/100|[from] Stealth Rock\n|turn|27\n|\n|t:|1700684915\n|move|p1a: Greninja|Spikes|p2a: Toxapex\n|-start|p1a: Greninja|typechange|Ground|[from] ability: Protean\n|-sidestart|p2: Nerdiestyt|Spikes\n|move|p2a: Toxapex|Toxic|p1a: Greninja\n|-status|p1a: Greninja|tox\n|\n|-damage|p1a: Greninja|95\/100 tox|[from] psn\n|upkeep\n|turn|28\n|\n|t:|1700684917\n|move|p1a: Greninja|Spikes|p2a: Toxapex\n|-sidestart|p2: Nerdiestyt|Spikes\n|move|p2a: Toxapex|Chilling Water|p1a: Greninja\n|-supereffective|p1a: Greninja\n|-damage|p1a: Greninja|62\/100 tox\n|-unboost|p1a: Greninja|atk|1\n|\n|-damage|p1a: Greninja|50\/100 tox|[from] psn\n|upkeep\n|turn|29\n|\n|t:|1700684920\n|move|p1a: Greninja|Spikes|p2a: Toxapex\n|-sidestart|p2: Nerdiestyt|Spikes\n|move|p2a: Toxapex|Chilling Water|p1a: Greninja\n|-supereffective|p1a: Greninja\n|-damage|p1a: Greninja|15\/100 tox\n|-unboost|p1a: Greninja|atk|1\n|\n|-damage|p1a: Greninja|0 fnt|[from] psn\n|faint|p1a: Greninja\n|upkeep\n|\n|t:|1700684923\n|switch|p1a: Dragapult|Dragapult, M, shiny|83\/100 tox\n|turn|30\n|\n|t:|1700684928\n|move|p2a: Toxapex|Baneful Bunker|p2a: Toxapex\n|-singleturn|p2a: Toxapex|move: Protect\n|move|p1a: Dragapult|Thunderbolt|p2a: Toxapex\n|-activate|p2a: Toxapex|move: Protect\n|\n|-damage|p1a: Dragapult|77\/100 tox|[from] psn\n|upkeep\n|turn|31\n|\n|t:|1700684936\n|switch|p2a: Kingambit|Kingambit, F|100\/100\n|-activate|p2a: Kingambit|move: Sticky Web\n|-unboost|p2a: Kingambit|spe|1\n|-damage|p2a: Kingambit|94\/100|[from] Stealth Rock\n|-damage|p2a: Kingambit|69\/100|[from] Spikes\n|-activate|p2a: Kingambit|ability: Supreme Overlord\n|-start|p2a: Kingambit|fallen3|[silent]\n|move|p1a: Dragapult|Thunderbolt|p2a: Kingambit\n|-damage|p2a: Kingambit|27\/100\n|-status|p2a: Kingambit|par\n|\n|-heal|p2a: Kingambit|33\/100 par|[from] item: Leftovers\n|-damage|p1a: Dragapult|65\/100 tox|[from] psn\n|upkeep\n|turn|32\n|\n|t:|1700684942\n|switch|p1a: Mimikyu|Mimikyu-Busted, M|67\/100 par\n|cant|p2a: Kingambit|par\n|\n|-heal|p2a: Kingambit|40\/100 par|[from] item: Leftovers\n|upkeep\n|turn|33\n|\n|t:|1700684947\n|move|p2a: Kingambit|Sucker Punch|p1a: Mimikyu\n|-damage|p1a: Mimikyu|0 fnt\n|faint|p1a: Mimikyu\n|\n|-heal|p2a: Kingambit|46\/100 par|[from] item: Leftovers\n|upkeep\n|\n|t:|1700684949\n|switch|p1a: Dragapult|Dragapult, M, shiny|65\/100 tox\n|turn|34\n|\n|t:|1700684952\n|cant|p2a: Kingambit|par\n|move|p1a: Dragapult|Thunderbolt|p2a: Kingambit\n|-damage|p2a: Kingambit|5\/100 par\n|\n|-heal|p2a: Kingambit|11\/100 par|[from] item: Leftovers\n|-damage|p1a: Dragapult|59\/100 tox|[from] psn\n|upkeep\n|turn|35\n|\n|t:|1700684954\n|move|p2a: Kingambit|Sucker Punch|p1a: Dragapult\n|-supereffective|p1a: Dragapult\n|-damage|p1a: Dragapult|0 fnt\n|faint|p1a: Dragapult\n|\n|win|Nerdiestyt\n|raw|Nyles Morales's rating: 1192 &rarr; <strong>1169<\/strong><br \/>(-23 for losing)\n|raw|Nerdiestyt's rating: 1222 &rarr; <strong>1245<\/strong><br \/>(+23 for winning)\n|l|\u2606Nyles Morales\n","uploadtime":1700684960,"views":1,"p1id":"nylesmorales","p2id":"nerdiestyt","formatid":"gen9ou","rating":1169,"private":0,"password":""}