{"id":"gen9ou-1990125054","p1":"slucin","p2":"Dhrim15","format":"[Gen 9] OU","log":"|j|\u2606slucin\n|j|\u2606Dhrim15\n|t:|1699927230\n|gametype|singles\n|player|p1|slucin|266|\n|player|p2|Dhrim15|pokekid|\n|teamsize|p1|6\n|teamsize|p2|6\n|gen|9\n|tier|[Gen 9] OU\n|rule|Sleep Clause Mod: Limit one foe put to sleep\n|rule|Species Clause: Limit one of each Pok\u00e9mon\n|rule|OHKO Clause: OHKO moves are banned\n|rule|Evasion Items Clause: Evasion items are banned\n|rule|Evasion Moves Clause: Evasion moves are banned\n|rule|Endless Battle Clause: Forcing endless battles is banned\n|rule|HP Percentage Mod: HP is shown in percentages\n|clearpoke\n|poke|p1|Alomomola, F|\n|poke|p1|Slowking-Galar, F|\n|poke|p1|Kingambit, F|\n|poke|p1|Great Tusk|\n|poke|p1|Cinderace, F|\n|poke|p1|Thundurus-Therian, M|\n|poke|p2|Tyranitar, F|\n|poke|p2|Gastrodon, F|\n|poke|p2|Gholdengo|\n|poke|p2|Ogerpon-Cornerstone, F|\n|poke|p2|Glimmora, F|\n|poke|p2|Corviknight, M|\n|teampreview\n|\n|t:|1699927258\n|start\n|switch|p1a: Cinderace|Cinderace, F|100\/100\n|switch|p2a: Gholdengo|Gholdengo|100\/100\n|-item|p2a: Gholdengo|Air Balloon\n|turn|1\n|\n|t:|1699927269\n|switch|p2a: Glimmora|Glimmora, F|100\/100\n|move|p1a: Cinderace|Pyro Ball|p2a: Glimmora\n|-resisted|p2a: Glimmora\n|-damage|p2a: Glimmora|76\/100\n|-status|p2a: Glimmora|brn\n|-activate|p2a: Glimmora|ability: Toxic Debris\n|-sidestart|p1: slucin|move: Toxic Spikes\n|\n|-heal|p2a: Glimmora|82\/100 brn|[from] item: Leftovers\n|-damage|p2a: Glimmora|76\/100 brn|[from] brn\n|upkeep\n|turn|2\n|\n|t:|1699927295\n|move|p1a: Cinderace|U-turn|p2a: Glimmora\n|-start|p1a: Cinderace|typechange|Bug|[from] ability: Libero\n|-resisted|p2a: Glimmora\n|-damage|p2a: Glimmora|60\/100 brn\n|-activate|p2a: Glimmora|ability: Toxic Debris\n|-sidestart|p1: slucin|move: Toxic Spikes\n|\n|t:|1699927299\n|switch|p1a: Slowking|Slowking-Galar, F|100\/100|[from] U-turn\n|-sideend|p1: slucin|move: Toxic Spikes|[of] p1a: Slowking\n|move|p2a: Glimmora|Toxic|p1a: Slowking\n|-immune|p1a: Slowking\n|\n|-heal|p2a: Glimmora|66\/100 brn|[from] item: Leftovers\n|-damage|p2a: Glimmora|60\/100 brn|[from] brn\n|upkeep\n|turn|3\n|\n|t:|1699927308\n|switch|p2a: Gastrodon|Gastrodon, F|100\/100\n|move|p1a: Slowking|Chilly Reception|p1a: Slowking\n|-weather|Snow\n|\n|t:|1699927313\n|switch|p1a: Thundurus|Thundurus-Therian, M|100\/100|[from] Chilly Reception\n|\n|-weather|Snow|[upkeep]\n|upkeep\n|turn|4\n|\n|t:|1699927331\n|switch|p2a: Tyranitar|Tyranitar, F|100\/100\n|-weather|Sandstorm|[from] ability: Sand Stream|[of] p2a: Tyranitar\n|move|p1a: Thundurus|Grass Knot|p2a: Tyranitar\n|-supereffective|p2a: Tyranitar\n|-damage|p2a: Tyranitar|35\/100\n|\n|-weather|Sandstorm|[upkeep]\n|-damage|p1a: Thundurus|94\/100|[from] Sandstorm\n|upkeep\n|turn|5\n|\n|t:|1699927350\n|switch|p2a: Corviknight|Corviknight, M|100\/100\n|-ability|p2a: Corviknight|Pressure\n|move|p1a: Thundurus|Grass Knot|p2a: Corviknight\n|-resisted|p2a: Corviknight\n|-damage|p2a: Corviknight|90\/100\n|-damage|p1a: Thundurus|78\/100|[from] item: Rocky Helmet|[of] p2a: Corviknight\n|\n|-weather|Sandstorm|[upkeep]\n|-damage|p1a: Thundurus|72\/100|[from] Sandstorm\n|upkeep\n|turn|6\n|\n|t:|1699927368\n|switch|p1a: Cinderace|Cinderace, F|100\/100\n|move|p2a: Corviknight|Body Press|p1a: Cinderace\n|-damage|p1a: Cinderace|64\/100\n|\n|-weather|Sandstorm|[upkeep]\n|-damage|p1a: Cinderace|58\/100|[from] Sandstorm\n|upkeep\n|turn|7\n|\n|t:|1699927383\n|switch|p2a: Glimmora|Glimmora, F|60\/100 brn\n|move|p1a: Cinderace|Pyro Ball|p2a: Glimmora\n|-resisted|p2a: Glimmora\n|-damage|p2a: Glimmora|31\/100 brn\n|-activate|p2a: Glimmora|ability: Toxic Debris\n|-sidestart|p1: slucin|move: Toxic Spikes\n|\n|-weather|Sandstorm|[upkeep]\n|-damage|p1a: Cinderace|52\/100|[from] Sandstorm\n|-heal|p2a: Glimmora|37\/100 brn|[from] item: Leftovers\n|-damage|p2a: Glimmora|31\/100 brn|[from] brn\n|upkeep\n|turn|8\n|\n|t:|1699927390\n|move|p1a: Cinderace|U-turn|p2a: Glimmora\n|-start|p1a: Cinderace|typechange|Bug|[from] ability: Libero\n|-resisted|p2a: Glimmora\n|-damage|p2a: Glimmora|16\/100 brn\n|-activate|p2a: Glimmora|ability: Toxic Debris\n|-sidestart|p1: slucin|move: Toxic Spikes\n|\n|t:|1699927392\n|switch|p1a: Slowking|Slowking-Galar, F|100\/100|[from] U-turn\n|-sideend|p1: slucin|move: Toxic Spikes|[of] p1a: Slowking\n|move|p2a: Glimmora|Stealth Rock|p1a: Slowking\n|-sidestart|p1: slucin|move: Stealth Rock\n|\n|-weather|none\n|-heal|p2a: Glimmora|22\/100 brn|[from] item: Leftovers\n|-damage|p2a: Glimmora|16\/100 brn|[from] brn\n|upkeep\n|turn|9\n|\n|t:|1699927400\n|move|p2a: Glimmora|Earth Power|p1a: Slowking\n|-supereffective|p1a: Slowking\n|-damage|p1a: Slowking|73\/100\n|move|p1a: Slowking|Chilly Reception|p1a: Slowking\n|-weather|Snow\n|\n|t:|1699927406\n|switch|p1a: Great Tusk|Great Tusk|100\/100|[from] Chilly Reception\n|-damage|p1a: Great Tusk|98\/100|[from] Stealth Rock\n|\n|-weather|Snow|[upkeep]\n|-heal|p2a: Glimmora|22\/100 brn|[from] item: Leftovers\n|-damage|p2a: Glimmora|16\/100 brn|[from] brn\n|upkeep\n|turn|10\n|\n|t:|1699927421\n|move|p1a: Great Tusk|Ice Spinner|p2a: Glimmora\n|-damage|p2a: Glimmora|0 fnt\n|-activate|p2a: Glimmora|ability: Toxic Debris\n|-sidestart|p1: slucin|move: Toxic Spikes\n|faint|p2a: Glimmora\n|\n|-weather|Snow|[upkeep]\n|upkeep\n|\n|t:|1699927426\n|switch|p2a: Ogerpon|Ogerpon-Cornerstone, F|100\/100\n|turn|11\n|\n|t:|1699927437\n|move|p2a: Ogerpon|Ivy Cudgel|p1a: Great Tusk\n|-resisted|p1a: Great Tusk\n|-damage|p1a: Great Tusk|88\/100\n|move|p1a: Great Tusk|Rapid Spin|p2a: Ogerpon\n|-resisted|p2a: Ogerpon\n|-damage|p2a: Ogerpon|90\/100\n|-boost|p1a: Great Tusk|spe|1\n|-sideend|p1: slucin|Toxic Spikes|[from] move: Rapid Spin|[of] p1a: Great Tusk\n|-sideend|p1: slucin|Stealth Rock|[from] move: Rapid Spin|[of] p1a: Great Tusk\n|\n|-weather|Snow|[upkeep]\n|upkeep\n|turn|12\n|\n|t:|1699927454\n|switch|p2a: Corviknight|Corviknight, M|90\/100\n|-ability|p2a: Corviknight|Pressure\n|move|p1a: Great Tusk|Stealth Rock|p2a: Corviknight\n|-sidestart|p2: Dhrim15|move: Stealth Rock\n|\n|-weather|Snow|[upkeep]\n|upkeep\n|turn|13\n|\n|t:|1699927460\n|-end|p1a: Great Tusk|Protosynthesis|[silent]\n|switch|p1a: Cinderace|Cinderace, F|52\/100\n|move|p2a: Corviknight|Defog|p1a: Cinderace\n|-unboost|p1a: Cinderace|evasion|1\n|-sideend|p2: Dhrim15|Stealth Rock|[from] move: Defog|[of] p2a: Corviknight\n|\n|-weather|none\n|upkeep\n|turn|14\n|\n|t:|1699927475\n|-terastallize|p2a: Corviknight|Dragon\n|move|p1a: Cinderace|Will-O-Wisp|p2a: Corviknight\n|-status|p2a: Corviknight|brn\n|move|p2a: Corviknight|Brave Bird|p1a: Cinderace\n|-damage|p1a: Cinderace|24\/100\n|-damage|p2a: Corviknight|83\/100 brn|[from] Recoil\n|\n|-damage|p2a: Corviknight|77\/100 brn|[from] brn\n|upkeep\n|turn|15\n|\n|t:|1699927481\n|move|p1a: Cinderace|U-turn|p2a: Corviknight\n|-start|p1a: Cinderace|typechange|Bug|[from] ability: Libero\n|-damage|p2a: Corviknight|56\/100 brn\n|-damage|p1a: Cinderace|8\/100|[from] item: Rocky Helmet|[of] p2a: Corviknight\n|\n|t:|1699927490\n|switch|p1a: Alomomola|Alomomola, F|100\/100|[from] U-turn\n|move|p2a: Corviknight|Body Press|p1a: Alomomola\n|-damage|p1a: Alomomola|93\/100\n|-enditem|p1a: Alomomola|Red Card|[of] p2a: Corviknight\n|drag|p2a: Gholdengo|Gholdengo|100\/100\n|-item|p2a: Gholdengo|Air Balloon\n|\n|upkeep\n|turn|16\n|\n|t:|1699927497\n|move|p2a: Gholdengo|Nasty Plot|p2a: Gholdengo\n|-boost|p2a: Gholdengo|spa|2\n|move|p1a: Alomomola|Flip Turn|p2a: Gholdengo\n|-damage|p2a: Gholdengo|80\/100\n|-enditem|p2a: Gholdengo|Air Balloon\n|\n|t:|1699927500\n|switch|p1a: Cinderace|Cinderace, F|8\/100|[from] Flip Turn\n|\n|upkeep\n|turn|17\n|\n|t:|1699927510\n|switch|p2a: Corviknight|Corviknight, M, tera:Dragon|56\/100 brn\n|-ability|p2a: Corviknight|Pressure\n|move|p1a: Cinderace|Pyro Ball|p2a: Corviknight\n|-resisted|p2a: Corviknight\n|-damage|p2a: Corviknight|39\/100 brn\n|\n|-damage|p2a: Corviknight|33\/100 brn|[from] brn\n|upkeep\n|turn|18\n|\n|t:|1699927516\n|switch|p1a: Alomomola|Alomomola, F|100\/100\n|move|p2a: Corviknight|Roost|p2a: Corviknight\n|-heal|p2a: Corviknight|83\/100 brn\n|\n|-damage|p2a: Corviknight|76\/100 brn|[from] brn\n|upkeep\n|turn|19\n|\n|t:|1699927520\n|switch|p2a: Gastrodon|Gastrodon, F|100\/100\n|move|p1a: Alomomola|Wish|p1a: Alomomola\n|\n|upkeep\n|turn|20\n|\n|t:|1699927525\n|switch|p1a: Thundurus|Thundurus-Therian, M|72\/100\n|move|p2a: Gastrodon|Earth Power|p1a: Thundurus\n|-immune|p1a: Thundurus\n|\n|-heal|p1a: Thundurus|100\/100|[from] move: Wish|[wisher] Alomomola\n|upkeep\n|turn|21\n|\n|t:|1699927540\n|switch|p2a: Ogerpon|Ogerpon-Cornerstone, F|90\/100\n|move|p1a: Thundurus|Knock Off|p2a: Ogerpon\n|-damage|p2a: Ogerpon|73\/100\n|\n|upkeep\n|turn|22\n|\n|t:|1699927549\n|switch|p1a: Slowking|Slowking-Galar, F|100\/100\n|move|p2a: Ogerpon|Horn Leech|p1a: Slowking\n|-resisted|p1a: Slowking\n|-damage|p1a: Slowking|79\/100\n|-heal|p2a: Ogerpon|87\/100|[from] drain|[of] p1a: Slowking\n|\n|upkeep\n|turn|23\n|\n|t:|1699927557\n|move|p2a: Ogerpon|Swords Dance|p2a: Ogerpon\n|-boost|p2a: Ogerpon|atk|2\n|move|p1a: Slowking|Chilly Reception|p1a: Slowking\n|-weather|Snow\n|\n|t:|1699927563\n|switch|p1a: Kingambit|Kingambit, F|100\/100|[from] Chilly Reception\n|\n|-weather|Snow|[upkeep]\n|upkeep\n|turn|24\n|\n|t:|1699927566\n|move|p2a: Ogerpon|Low Kick|p1a: Kingambit\n|-supereffective|p1a: Kingambit\n|-damage|p1a: Kingambit|0 fnt\n|faint|p1a: Kingambit\n|-end|p1a: Kingambit|fallenundefined|[silent]\n|\n|-weather|Snow|[upkeep]\n|upkeep\n|\n|t:|1699927573\n|switch|p1a: Cinderace|Cinderace, F|8\/100\n|turn|25\n|\n|t:|1699927578\n|move|p1a: Cinderace|Will-O-Wisp|p2a: Ogerpon\n|-status|p2a: Ogerpon|brn\n|move|p2a: Ogerpon|Ivy Cudgel|p1a: Cinderace\n|-supereffective|p1a: Cinderace\n|-damage|p1a: Cinderace|0 fnt\n|faint|p1a: Cinderace\n|\n|-weather|Snow|[upkeep]\n|-damage|p2a: Ogerpon|81\/100 brn|[from] brn\n|upkeep\n|\n|t:|1699927602\n|switch|p1a: Slowking|Slowking-Galar, F|100\/100\n|turn|26\n|\n|t:|1699927607\n|move|p2a: Ogerpon|Swords Dance|p2a: Ogerpon\n|-boost|p2a: Ogerpon|atk|2\n|move|p1a: Slowking|Ice Beam|p2a: Ogerpon\n|-supereffective|p2a: Ogerpon\n|-damage|p2a: Ogerpon|31\/100 brn\n|\n|-weather|Snow|[upkeep]\n|-damage|p2a: Ogerpon|25\/100 brn|[from] brn\n|upkeep\n|turn|27\n|\n|t:|1699927615\n|move|p2a: Ogerpon|Ivy Cudgel|p1a: Slowking\n|-damage|p1a: Slowking|13\/100\n|move|p1a: Slowking|Ice Beam|p2a: Ogerpon\n|-supereffective|p2a: Ogerpon\n|-damage|p2a: Ogerpon|0 fnt\n|faint|p2a: Ogerpon\n|\n|-weather|none\n|upkeep\n|\n|t:|1699927619\n|switch|p2a: Tyranitar|Tyranitar, F|35\/100\n|-weather|Sandstorm|[from] ability: Sand Stream|[of] p2a: Tyranitar\n|turn|28\n|\n|t:|1699927626\n|switch|p1a: Alomomola|Alomomola, F|100\/100\n|move|p2a: Tyranitar|Knock Off|p1a: Alomomola\n|-damage|p1a: Alomomola|68\/100\n|\n|-weather|Sandstorm|[upkeep]\n|-damage|p1a: Alomomola|62\/100|[from] Sandstorm\n|upkeep\n|turn|29\n|\n|t:|1699927634\n|switch|p2a: Gastrodon|Gastrodon, F|100\/100\n|move|p1a: Alomomola|Wish|p1a: Alomomola\n|\n|-weather|Sandstorm|[upkeep]\n|-damage|p1a: Alomomola|55\/100|[from] Sandstorm\n|upkeep\n|turn|30\n|\n|t:|1699927644\n|switch|p1a: Thundurus|Thundurus-Therian, M|100\/100\n|move|p2a: Gastrodon|Surf|p1a: Thundurus\n|-damage|p1a: Thundurus|57\/100\n|\n|-weather|Sandstorm|[upkeep]\n|-damage|p1a: Thundurus|51\/100|[from] Sandstorm\n|-heal|p1a: Thundurus|100\/100|[from] move: Wish|[wisher] Alomomola\n|upkeep\n|turn|31\n|\n|t:|1699927651\n|switch|p2a: Corviknight|Corviknight, M, tera:Dragon|76\/100 brn\n|-ability|p2a: Corviknight|Pressure\n|-terastallize|p1a: Thundurus|Flying\n|move|p1a: Thundurus|Tera Blast|p2a: Corviknight|[anim] Tera Blast Flying\n|-damage|p2a: Corviknight|0 fnt\n|faint|p2a: Corviknight\n|\n|-weather|Sandstorm|[upkeep]\n|-damage|p1a: Thundurus|94\/100|[from] Sandstorm\n|upkeep\n|\n|t:|1699927667\n|switch|p2a: Gholdengo|Gholdengo|80\/100\n|turn|32\n|\n|t:|1699927675\n|move|p1a: Thundurus|Tera Blast|p2a: Gholdengo|[anim] Tera Blast Flying\n|-resisted|p2a: Gholdengo\n|-crit|p2a: Gholdengo\n|-damage|p2a: Gholdengo|2\/100\n|move|p2a: Gholdengo|Nasty Plot|p2a: Gholdengo\n|-boost|p2a: Gholdengo|spa|2\n|\n|-weather|none\n|upkeep\n|turn|33\n|\n|t:|1699927679\n|move|p1a: Thundurus|Tera Blast|p2a: Gholdengo|[anim] Tera Blast Flying\n|-resisted|p2a: Gholdengo\n|-damage|p2a: Gholdengo|0 fnt\n|faint|p2a: Gholdengo\n|\n|upkeep\n|\n|t:|1699927681\n|switch|p2a: Tyranitar|Tyranitar, F|35\/100\n|-weather|Sandstorm|[from] ability: Sand Stream|[of] p2a: Tyranitar\n|turn|34\n|\n|t:|1699927687\n|switch|p1a: Alomomola|Alomomola, F|89\/100\n|move|p2a: Tyranitar|Stone Edge|p1a: Alomomola\n|-damage|p1a: Alomomola|43\/100\n|\n|-weather|Sandstorm|[upkeep]\n|-damage|p1a: Alomomola|37\/100|[from] Sandstorm\n|upkeep\n|turn|35\n|\n|t:|1699927696\n|move|p2a: Tyranitar|Stone Edge|p1a: Alomomola|[miss]\n|-miss|p2a: Tyranitar|p1a: Alomomola\n|move|p1a: Alomomola|Scald|p2a: Tyranitar\n|-supereffective|p2a: Tyranitar\n|-damage|p2a: Tyranitar|21\/100\n|\n|-weather|Sandstorm|[upkeep]\n|-damage|p1a: Alomomola|31\/100|[from] Sandstorm\n|upkeep\n|turn|36\n|\n|t:|1699927701\n|switch|p1a: Great Tusk|Great Tusk|88\/100\n|move|p2a: Tyranitar|Stone Edge|p1a: Great Tusk\n|-resisted|p1a: Great Tusk\n|-damage|p1a: Great Tusk|74\/100\n|\n|-weather|Sandstorm|[upkeep]\n|upkeep\n|turn|37\n|\n|t:|1699927705\n|switch|p2a: Gastrodon|Gastrodon, F|100\/100\n|move|p1a: Great Tusk|Headlong Rush|p2a: Gastrodon\n|-damage|p2a: Gastrodon|31\/100\n|-unboost|p1a: Great Tusk|def|1\n|-unboost|p1a: Great Tusk|spd|1\n|\n|-weather|Sandstorm|[upkeep]\n|upkeep\n|turn|38\n|\n|t:|1699927710\n|move|p1a: Great Tusk|Headlong Rush|p2a: Gastrodon\n|-damage|p2a: Gastrodon|0 fnt\n|-unboost|p1a: Great Tusk|def|1\n|-unboost|p1a: Great Tusk|spd|1\n|faint|p2a: Gastrodon\n|\n|-weather|none\n|upkeep\n|\n|t:|1699927712\n|switch|p2a: Tyranitar|Tyranitar, F|21\/100\n|-weather|Sandstorm|[from] ability: Sand Stream|[of] p2a: Tyranitar\n|turn|39\n|c|\u2606slucin|gg\n|\n|t:|1699927718\n|move|p1a: Great Tusk|Headlong Rush|p2a: Tyranitar\n|-supereffective|p2a: Tyranitar\n|-damage|p2a: Tyranitar|0 fnt\n|-unboost|p1a: Great Tusk|def|1\n|-unboost|p1a: Great Tusk|spd|1\n|faint|p2a: Tyranitar\n|\n|win|slucin\n|l|\u2606Dhrim15\n","uploadtime":1699927803,"views":16,"p1id":"slucin","p2id":"dhrim15","formatid":"gen9ou","rating":0,"private":0,"password":""}