{"id":"gen9ou-1995768317","p1":"Im dumb srly","p2":"Astronamico","format":"[Gen 9] OU","log":"|j|\u2606Im dumb srly\n|j|\u2606Astronamico\n|inactive|Battle timer is ON: inactive players will automatically lose when time's up.\n|t:|1700601331\n|gametype|singles\n|player|p1|Im dumb srly|cheryl|\n|player|p2|Astronamico|2|\n|teamsize|p1|3\n|teamsize|p2|3\n|gen|9\n|tier|[Gen 9] OU\n|rated|Tournament battle\n|rule|Sleep Clause Mod: Limit one foe put to sleep\n|rule|Species Clause: Limit one of each Pok\u00e9mon\n|rule|OHKO Clause: OHKO moves are banned\n|rule|Evasion Items Clause: Evasion items are banned\n|rule|Evasion Moves Clause: Evasion moves are banned\n|rule|Endless Battle Clause: Forcing endless battles is banned\n|rule|HP Percentage Mod: HP is shown in percentages\n|clearpoke\n|poke|p1|Zoroark-Hisui, F|\n|poke|p1|Dragalge, F|\n|poke|p1|Ribombee, F|\n|poke|p2|Gastrodon, F|\n|poke|p2|Milotic, F|\n|poke|p2|Dragapult, F|\n|teampreview\n|j|*Lady Monita \u2746\n|j| Commander2022\n|j| horseradish2\n|c|\u2606Im dumb srly|I think I lost\n|\n|t:|1700601349\n|start\n|switch|p1a: Ribombee|Ribombee, F, shiny|100\/100\n|switch|p2a: Gastrodon|Gastrodon, F|100\/100\n|turn|1\n|\n|t:|1700601357\n|move|p1a: Ribombee|Sticky Web|p2a: Gastrodon\n|-sidestart|p2: Astronamico|move: Sticky Web\n|move|p2a: Gastrodon|Spikes|p1a: Ribombee\n|-sidestart|p1: Im dumb srly|Spikes\n|\n|upkeep\n|turn|2\n|\n|t:|1700601360\n|move|p1a: Ribombee|Quiver Dance|p1a: Ribombee\n|-boost|p1a: Ribombee|spa|1\n|-boost|p1a: Ribombee|spd|1\n|-boost|p1a: Ribombee|spe|1\n|move|p2a: Gastrodon|Spikes|p1a: Ribombee\n|-sidestart|p1: Im dumb srly|Spikes\n|\n|upkeep\n|turn|3\n|\n|t:|1700601364\n|move|p1a: Ribombee|Quiver Dance|p1a: Ribombee\n|-boost|p1a: Ribombee|spa|1\n|-boost|p1a: Ribombee|spd|1\n|-boost|p1a: Ribombee|spe|1\n|move|p2a: Gastrodon|Ice Beam|p1a: Ribombee\n|-damage|p1a: Ribombee|83\/100\n|\n|upkeep\n|turn|4\n|\n|t:|1700601371\n|move|p1a: Ribombee|Moonblast|p2a: Gastrodon\n|-damage|p2a: Gastrodon|42\/100\n|move|p2a: Gastrodon|Ice Beam|p1a: Ribombee\n|-damage|p1a: Ribombee|67\/100\n|\n|-heal|p2a: Gastrodon|48\/100|[from] item: Leftovers\n|upkeep\n|turn|5\n|\n|t:|1700601378\n|move|p1a: Ribombee|Moonblast|p2a: Gastrodon\n|-damage|p2a: Gastrodon|0 fnt\n|faint|p2a: Gastrodon\n|\n|upkeep\n|\n|t:|1700601385\n|switch|p2a: Milotic|Milotic, F|100\/100\n|-activate|p2a: Milotic|move: Sticky Web\n|-unboost|p2a: Milotic|spe|1\n|-ability|p2a: Milotic|Competitive|boost\n|-boost|p2a: Milotic|spa|2\n|turn|6\n|l| Commander2022\n|\n|t:|1700601398\n|-terastallize|p1a: Ribombee|Fairy\n|move|p1a: Ribombee|Moonblast|p2a: Milotic\n|-damage|p2a: Milotic|38\/100\n|move|p2a: Milotic|Coil|p2a: Milotic\n|-boost|p2a: Milotic|atk|1\n|-boost|p2a: Milotic|def|1\n|-boost|p2a: Milotic|accuracy|1\n|\n|-heal|p2a: Milotic|44\/100|[from] item: Leftovers\n|upkeep\n|turn|7\n|\n|t:|1700601407\n|move|p1a: Ribombee|Moonblast|p2a: Milotic\n|-damage|p2a: Milotic|0 fnt\n|faint|p2a: Milotic\n|\n|upkeep\n|\n|t:|1700601409\n|switch|p2a: Dragapult|Dragapult, F|100\/100\n|-activate|p2a: Dragapult|move: Sticky Web\n|-unboost|p2a: Dragapult|spe|1\n|turn|8\n|\n|t:|1700601416\n|-terastallize|p2a: Dragapult|Ghost\n|move|p1a: Ribombee|Moonblast|p2a: Dragapult\n|-damage|p2a: Dragapult|0 fnt\n|faint|p2a: Dragapult\n|\n|win|Im dumb srly\n|n|\u2606Im dumb srly|imdumbsrly\n|n|\u2606Astronamico|astronamico\n|n|*Lady Monita \u2746|ladymonita\n|n| horseradish2|horseradish2\n|l|*Lady Monita \u2746\n|l|\u2606Astronamico\n|c|\u2606Im dumb srly|Gg\n|j| HunterBear4\n|l| HunterBear4\n","uploadtime":1700601417,"views":18,"p1id":"imdumbsrly","p2id":"astronamico","formatid":"gen9ou","rating":0,"private":0,"password":""}