{"id":"gen9ou-1991065937","p1":"CyberH3","p2":"Polychinol","format":"[Gen 9] OU","log":"|j|\u2606CyberH3\n|j|\u2606Polychinol\n|t:|1700037368\n|gametype|singles\n|player|p1|CyberH3|mars|1202\n|player|p2|Polychinol|102|1124\n|teamsize|p1|6\n|teamsize|p2|6\n|gen|9\n|tier|[Gen 9] OU\n|rated|\n|rule|Sleep Clause Mod: Limit one foe put to sleep\n|rule|Species Clause: Limit one of each Pok\u00e9mon\n|rule|OHKO Clause: OHKO moves are banned\n|rule|Evasion Items Clause: Evasion items are banned\n|rule|Evasion Moves Clause: Evasion moves are banned\n|rule|Endless Battle Clause: Forcing endless battles is banned\n|rule|HP Percentage Mod: HP is shown in percentages\n|clearpoke\n|poke|p1|Goodra-Hisui, F|\n|poke|p1|Scizor, M|\n|poke|p1|Mimikyu, M|\n|poke|p1|Iron Valiant|\n|poke|p1|Talonflame, F|\n|poke|p1|Lokix, F|\n|poke|p2|Samurott-Hisui, M|\n|poke|p2|Great Tusk|\n|poke|p2|Glimmora, M|\n|poke|p2|Chandelure, F|\n|poke|p2|Corviknight, M|\n|poke|p2|Blissey, F|\n|teampreview\n|\n|t:|1700037384\n|start\n|switch|p1a: Snailtare|Goodra-Hisui, F|100\/100\n|switch|p2a: Corviknight|Corviknight, M|100\/100\n|-ability|p2a: Corviknight|Pressure\n|turn|1\n|\n|t:|1700037393\n|move|p2a: Corviknight|U-turn|p1a: Snailtare\n|-resisted|p1a: Snailtare\n|-damage|p1a: Snailtare|93\/100\n|\n|t:|1700037396\n|switch|p2a: Blissey|Blissey, F|100\/100|[from] U-turn\n|move|p1a: Snailtare|Thunderbolt|p2a: Blissey\n|-damage|p2a: Blissey|92\/100\n|\n|-heal|p1a: Snailtare|99\/100|[from] item: Leftovers\n|upkeep\n|turn|2\n|\n|t:|1700037404\n|switch|p1a: Morf LeRosh|Lokix, F|100\/100\n|move|p2a: Blissey|Stealth Rock|p1a: Morf LeRosh\n|-sidestart|p1: CyberH3|move: Stealth Rock\n|\n|upkeep\n|turn|3\n|\n|t:|1700037414\n|switch|p2a: Corviknight|Corviknight, M|100\/100\n|-ability|p2a: Corviknight|Pressure\n|move|p1a: Morf LeRosh|Knock Off|p2a: Corviknight\n|-damage|p2a: Corviknight|58\/100\n|-enditem|p2a: Corviknight|Leftovers|[from] move: Knock Off|[of] p1a: Morf LeRosh\n|-damage|p1a: Morf LeRosh|91\/100|[from] item: Life Orb\n|\n|upkeep\n|turn|4\n|\n|t:|1700037422\n|move|p1a: Morf LeRosh|U-turn|p2a: Corviknight\n|-resisted|p2a: Corviknight\n|-damage|p2a: Corviknight|42\/100\n|-damage|p1a: Morf LeRosh|81\/100|[from] item: Life Orb\n|\n|t:|1700037429\n|switch|p1a: Snailtare|Goodra-Hisui, F|99\/100|[from] U-turn\n|-damage|p1a: Snailtare|93\/100|[from] Stealth Rock\n|move|p2a: Corviknight|Roost|p2a: Corviknight\n|-heal|p2a: Corviknight|92\/100\n|-singleturn|p2a: Corviknight|move: Roost\n|\n|-heal|p1a: Snailtare|99\/100|[from] item: Leftovers\n|upkeep\n|turn|5\n|\n|t:|1700037439\n|switch|p2a: Blissey|Blissey, F|92\/100\n|move|p1a: Snailtare|Hydro Pump|p2a: Blissey\n|-damage|p2a: Blissey|81\/100\n|\n|-heal|p1a: Snailtare|100\/100|[from] item: Leftovers\n|upkeep\n|turn|6\n|\n|t:|1700037448\n|switch|p1a: Morf LeRosh|Lokix, F|81\/100\n|-damage|p1a: Morf LeRosh|56\/100|[from] Stealth Rock\n|move|p2a: Blissey|Thunder Wave|p1a: Morf LeRosh|[miss]\n|-miss|p2a: Blissey|p1a: Morf LeRosh\n|\n|upkeep\n|turn|7\n|\n|t:|1700037455\n|switch|p2a: Great Tusk|Great Tusk|100\/100\n|-enditem|p2a: Great Tusk|Booster Energy\n|-activate|p2a: Great Tusk|ability: Protosynthesis|[fromitem]\n|-start|p2a: Great Tusk|protosynthesisatk\n|move|p1a: Morf LeRosh|Axe Kick|p2a: Great Tusk\n|-damage|p2a: Great Tusk|68\/100\n|-start|p2a: Great Tusk|confusion\n|-damage|p1a: Morf LeRosh|46\/100|[from] item: Life Orb\n|\n|upkeep\n|turn|8\n|\n|t:|1700037467\n|-end|p2a: Great Tusk|Protosynthesis|[silent]\n|switch|p2a: Corviknight|Corviknight, M|92\/100\n|-ability|p2a: Corviknight|Pressure\n|move|p1a: Morf LeRosh|U-turn|p2a: Corviknight\n|-resisted|p2a: Corviknight\n|-damage|p2a: Corviknight|77\/100\n|-damage|p1a: Morf LeRosh|36\/100|[from] item: Life Orb\n|\n|t:|1700037473\n|switch|p1a: Snailtare|Goodra-Hisui, F|100\/100|[from] U-turn\n|-damage|p1a: Snailtare|94\/100|[from] Stealth Rock\n|\n|-heal|p1a: Snailtare|100\/100|[from] item: Leftovers\n|upkeep\n|turn|9\n|\n|t:|1700037480\n|switch|p1a: Eat With Scissors|Scizor, M|100\/100\n|-damage|p1a: Eat With Scissors|88\/100|[from] Stealth Rock\n|move|p2a: Corviknight|U-turn|p1a: Eat With Scissors\n|-resisted|p1a: Eat With Scissors\n|-damage|p1a: Eat With Scissors|81\/100\n|\n|t:|1700037487\n|switch|p2a: Chandelure|Chandelure, F|100\/100|[from] U-turn\n|\n|upkeep\n|turn|10\n|\n|t:|1700037492\n|move|p2a: Chandelure|Flamethrower|p1a: Eat With Scissors\n|-supereffective|p1a: Eat With Scissors\n|-damage|p1a: Eat With Scissors|0 fnt\n|faint|p1a: Eat With Scissors\n|\n|upkeep\n|\n|t:|1700037496\n|switch|p1a: R-TRUS|Iron Valiant|100\/100\n|-damage|p1a: R-TRUS|94\/100|[from] Stealth Rock\n|-enditem|p1a: R-TRUS|Booster Energy\n|-activate|p1a: R-TRUS|ability: Quark Drive|[fromitem]\n|-start|p1a: R-TRUS|quarkdrivespe\n|turn|11\n|\n|t:|1700037503\n|switch|p2a: Corviknight|Corviknight, M|77\/100\n|-ability|p2a: Corviknight|Pressure\n|move|p1a: R-TRUS|Shadow Ball|p2a: Corviknight\n|-damage|p2a: Corviknight|60\/100\n|\n|upkeep\n|turn|12\n|\n|t:|1700037511\n|move|p1a: R-TRUS|Shadow Ball|p2a: Corviknight\n|-damage|p2a: Corviknight|41\/100\n|move|p2a: Corviknight|Roost|p2a: Corviknight\n|-heal|p2a: Corviknight|91\/100\n|-singleturn|p2a: Corviknight|move: Roost\n|\n|upkeep\n|turn|13\n|\n|t:|1700037518\n|move|p1a: R-TRUS|Encore|p2a: Corviknight\n|-start|p2a: Corviknight|Encore\n|move|p2a: Corviknight|Roost|p2a: Corviknight\n|-heal|p2a: Corviknight|100\/100\n|-singleturn|p2a: Corviknight|move: Roost\n|\n|upkeep\n|turn|14\n|\n|t:|1700037536\n|switch|p2a: Blissey|Blissey, F|81\/100\n|move|p1a: R-TRUS|Shadow Ball|p2a: Blissey\n|-immune|p2a: Blissey\n|\n|upkeep\n|turn|15\n|\n|t:|1700037543\n|-end|p1a: R-TRUS|Quark Drive|[silent]\n|switch|p1a: Morf LeRosh|Lokix, F|36\/100\n|-damage|p1a: Morf LeRosh|11\/100|[from] Stealth Rock\n|switch|p2a: Corviknight|Corviknight, M|100\/100\n|-ability|p2a: Corviknight|Pressure\n|\n|upkeep\n|turn|16\n|\n|t:|1700037550\n|move|p1a: Morf LeRosh|Axe Kick|p2a: Corviknight\n|-damage|p2a: Corviknight|66\/100\n|-damage|p1a: Morf LeRosh|2\/100|[from] item: Life Orb\n|move|p2a: Corviknight|U-turn|p1a: Morf LeRosh\n|-supereffective|p1a: Morf LeRosh\n|-damage|p1a: Morf LeRosh|0 fnt\n|faint|p1a: Morf LeRosh\n|\n|t:|1700037559\n|switch|p2a: Samurott|Samurott-Hisui, M|100\/100|[from] U-turn\n|\n|upkeep\n|\n|t:|1700037562\n|switch|p1a: Snailtare|Goodra-Hisui, F|100\/100\n|-damage|p1a: Snailtare|94\/100|[from] Stealth Rock\n|turn|17\n|\n|t:|1700037568\n|move|p2a: Samurott|Ceaseless Edge|p1a: Snailtare\n|-damage|p1a: Snailtare|56\/100\n|-sidestart|p1: CyberH3|Spikes\n|move|p1a: Snailtare|Thunderbolt|p2a: Samurott\n|-supereffective|p2a: Samurott\n|-damage|p2a: Samurott|8\/100\n|\n|-heal|p1a: Snailtare|62\/100|[from] item: Leftovers\n|upkeep\n|turn|18\n|\n|t:|1700037576\n|move|p2a: Samurott|Ceaseless Edge|p1a: Snailtare\n|-damage|p1a: Snailtare|19\/100\n|-sidestart|p1: CyberH3|Spikes\n|move|p1a: Snailtare|Ice Beam|p2a: Samurott\n|-resisted|p2a: Samurott\n|-damage|p2a: Samurott|0 fnt\n|faint|p2a: Samurott\n|\n|-heal|p1a: Snailtare|25\/100|[from] item: Leftovers\n|upkeep\n|\n|t:|1700037586\n|switch|p2a: Glimmora|Glimmora, M|100\/100\n|turn|19\n|\n|t:|1700037589\n|move|p2a: Glimmora|Toxic Spikes|p1a: Snailtare\n|-sidestart|p1: CyberH3|move: Toxic Spikes\n|move|p1a: Snailtare|Hydro Pump|p2a: Glimmora\n|-supereffective|p2a: Glimmora\n|-damage|p2a: Glimmora|0 fnt\n|faint|p2a: Glimmora\n|\n|-heal|p1a: Snailtare|31\/100|[from] item: Leftovers\n|upkeep\n|\n|t:|1700037600\n|switch|p2a: Great Tusk|Great Tusk|68\/100\n|turn|20\n|\n|t:|1700037604\n|move|p1a: Snailtare|Protect|p1a: Snailtare\n|-singleturn|p1a: Snailtare|Protect\n|move|p2a: Great Tusk|Earthquake|p1a: Snailtare\n|-activate|p1a: Snailtare|move: Protect\n|\n|-heal|p1a: Snailtare|37\/100|[from] item: Leftovers\n|upkeep\n|turn|21\n|\n|t:|1700037612\n|move|p2a: Great Tusk|Rapid Spin|p1a: Snailtare\n|-resisted|p1a: Snailtare\n|-damage|p1a: Snailtare|29\/100\n|-boost|p2a: Great Tusk|spe|1\n|move|p1a: Snailtare|Hydro Pump|p2a: Great Tusk\n|-supereffective|p2a: Great Tusk\n|-damage|p2a: Great Tusk|0 fnt\n|faint|p2a: Great Tusk\n|-end|p2a: Great Tusk|Protosynthesis|[silent]\n|\n|-heal|p1a: Snailtare|35\/100|[from] item: Leftovers\n|upkeep\n|\n|t:|1700037622\n|switch|p2a: Chandelure|Chandelure, F|100\/100\n|turn|22\n|\n|t:|1700037655\n|-terastallize|p2a: Chandelure|Fighting\n|move|p2a: Chandelure|Tera Blast|p1a: Snailtare|[anim] Tera Blast Fighting\n|-supereffective|p1a: Snailtare\n|-damage|p1a: Snailtare|0 fnt\n|faint|p1a: Snailtare\n|\n|upkeep\n|\n|t:|1700037662\n|switch|p1a: R-TRUS|Iron Valiant|94\/100\n|-damage|p1a: R-TRUS|88\/100|[from] Stealth Rock\n|-damage|p1a: R-TRUS|71\/100|[from] Spikes\n|-status|p1a: R-TRUS|psn\n|turn|23\n|\n|t:|1700037668\n|switch|p2a: Corviknight|Corviknight, M|66\/100\n|-ability|p2a: Corviknight|Pressure\n|move|p1a: R-TRUS|Moonblast|p2a: Corviknight\n|-resisted|p2a: Corviknight\n|-damage|p2a: Corviknight|49\/100\n|\n|-damage|p1a: R-TRUS|59\/100 psn|[from] psn\n|upkeep\n|turn|24\n|\n|t:|1700037677\n|move|p1a: R-TRUS|Shadow Ball|p2a: Corviknight\n|-damage|p2a: Corviknight|32\/100\n|-unboost|p2a: Corviknight|spd|1\n|move|p2a: Corviknight|Roost|p2a: Corviknight\n|-heal|p2a: Corviknight|82\/100\n|-singleturn|p2a: Corviknight|move: Roost\n|\n|-damage|p1a: R-TRUS|47\/100 psn|[from] psn\n|upkeep\n|turn|25\n|\n|t:|1700037688\n|switch|p2a: Blissey|Blissey, F|81\/100\n|move|p1a: R-TRUS|Shadow Ball|p2a: Blissey\n|-immune|p2a: Blissey\n|\n|-damage|p1a: R-TRUS|34\/100 psn|[from] psn\n|upkeep\n|turn|26\n|\n|t:|1700037696\n|move|p1a: R-TRUS|Aura Sphere|p2a: Blissey\n|-supereffective|p2a: Blissey\n|-damage|p2a: Blissey|54\/100\n|move|p2a: Blissey|Seismic Toss|p1a: R-TRUS\n|-damage|p1a: R-TRUS|0 fnt\n|faint|p1a: R-TRUS\n|-end|p1a: R-TRUS|Quark Drive|[silent]\n|\n|upkeep\n|\n|t:|1700037700\n|switch|p1a: The XO|Talonflame, F|100\/100\n|-damage|p1a: The XO|51\/100|[from] Stealth Rock\n|turn|27\n|\n|t:|1700037710\n|move|p1a: The XO|Flare Blitz|p2a: Blissey\n|-damage|p2a: Blissey|4\/100\n|-damage|p1a: The XO|14\/100|[from] Recoil\n|move|p2a: Blissey|Thunder Wave|p1a: The XO\n|-status|p1a: The XO|par\n|\n|-heal|p1a: The XO|20\/100 par|[from] item: Leftovers\n|upkeep\n|turn|28\n|\n|t:|1700037719\n|cant|p1a: The XO|par\n|move|p2a: Blissey|Soft-Boiled|p2a: Blissey\n|-heal|p2a: Blissey|54\/100\n|\n|-heal|p1a: The XO|26\/100 par|[from] item: Leftovers\n|upkeep\n|turn|29\n|\n|t:|1700037725\n|move|p1a: The XO|Brave Bird|p2a: Blissey\n|-damage|p2a: Blissey|8\/100\n|-damage|p1a: The XO|0 fnt|[from] Recoil\n|faint|p1a: The XO\n|move|p2a: Blissey|Soft-Boiled|p2a: Blissey\n|-heal|p2a: Blissey|58\/100\n|\n|upkeep\n|\n|t:|1700037729\n|switch|p1a: OHAYOLLIE|Mimikyu, M|100\/100\n|-damage|p1a: OHAYOLLIE|88\/100|[from] Stealth Rock\n|-damage|p1a: OHAYOLLIE|72\/100|[from] Spikes\n|-status|p1a: OHAYOLLIE|psn\n|turn|30\n|\n|t:|1700037738\n|move|p1a: OHAYOLLIE|Swords Dance|p1a: OHAYOLLIE\n|-boost|p1a: OHAYOLLIE|atk|2\n|move|p2a: Blissey|Soft-Boiled|p2a: Blissey\n|-heal|p2a: Blissey|100\/100\n|\n|-damage|p1a: OHAYOLLIE|59\/100 psn|[from] psn\n|upkeep\n|turn|31\n|\n|t:|1700037745\n|switch|p2a: Corviknight|Corviknight, M|82\/100\n|-ability|p2a: Corviknight|Pressure\n|move|p1a: OHAYOLLIE|Swords Dance|p1a: OHAYOLLIE\n|-boost|p1a: OHAYOLLIE|atk|2\n|\n|-damage|p1a: OHAYOLLIE|47\/100 psn|[from] psn\n|upkeep\n|turn|32\n|\n|t:|1700037754\n|move|p1a: OHAYOLLIE|Drain Punch|p2a: Corviknight\n|-damage|p2a: Corviknight|22\/100\n|-heal|p1a: OHAYOLLIE|95\/100 psn|[from] drain|[of] p2a: Corviknight\n|-damage|p1a: OHAYOLLIE|85\/100 psn|[from] item: Life Orb\n|move|p2a: Corviknight|Roost|p2a: Corviknight\n|-heal|p2a: Corviknight|72\/100\n|-singleturn|p2a: Corviknight|move: Roost\n|\n|-damage|p1a: OHAYOLLIE|72\/100 psn|[from] psn\n|upkeep\n|turn|33\n|\n|t:|1700037765\n|move|p1a: OHAYOLLIE|Swords Dance|p1a: OHAYOLLIE\n|-boost|p1a: OHAYOLLIE|atk|2\n|move|p2a: Corviknight|Roost|p2a: Corviknight\n|-heal|p2a: Corviknight|100\/100\n|-singleturn|p2a: Corviknight|move: Roost\n|\n|-damage|p1a: OHAYOLLIE|60\/100 psn|[from] psn\n|upkeep\n|turn|34\n|\n|t:|1700037776\n|move|p1a: OHAYOLLIE|Drain Punch|p2a: Corviknight\n|-damage|p2a: Corviknight|16\/100\n|-heal|p1a: OHAYOLLIE|100\/100 psn|[from] drain|[of] p2a: Corviknight\n|-damage|p1a: OHAYOLLIE|91\/100 psn|[from] item: Life Orb\n|move|p2a: Corviknight|Roost|p2a: Corviknight\n|-heal|p2a: Corviknight|66\/100\n|-singleturn|p2a: Corviknight|move: Roost\n|\n|-damage|p1a: OHAYOLLIE|78\/100 psn|[from] psn\n|upkeep\n|turn|35\n|\n|t:|1700037787\n|move|p1a: OHAYOLLIE|Drain Punch|p2a: Corviknight\n|-damage|p2a: Corviknight|0 fnt\n|-heal|p1a: OHAYOLLIE|100\/100 psn|[from] drain|[of] p2a: Corviknight\n|faint|p2a: Corviknight\n|-damage|p1a: OHAYOLLIE|91\/100 psn|[from] item: Life Orb\n|\n|-damage|p1a: OHAYOLLIE|78\/100 psn|[from] psn\n|upkeep\n|\n|t:|1700037795\n|switch|p2a: Chandelure|Chandelure, F, tera:Fighting|100\/100\n|turn|36\n|\n|t:|1700037802\n|move|p2a: Chandelure|Hex|p1a: OHAYOLLIE\n|-activate|p1a: OHAYOLLIE|ability: Disguise\n|-damage|p1a: OHAYOLLIE|78\/100 psn\n|detailschange|p1a: OHAYOLLIE|Mimikyu-Busted, M\n|-damage|p1a: OHAYOLLIE|66\/100 psn|[from] pokemon: Mimikyu-Busted\n|move|p1a: OHAYOLLIE|Play Rough|p2a: Chandelure\n|-supereffective|p2a: Chandelure\n|-damage|p2a: Chandelure|0 fnt\n|faint|p2a: Chandelure\n|-damage|p1a: OHAYOLLIE|56\/100 psn|[from] item: Life Orb\n|\n|-damage|p1a: OHAYOLLIE|44\/100 psn|[from] psn\n|upkeep\n|-message|Polychinol forfeited.\n|\n|win|CyberH3\n|raw|CyberH3's rating: 1202 &rarr; <strong>1221<\/strong><br \/>(+19 for winning)\n|raw|Polychinol's rating: 1124 &rarr; <strong>1105<\/strong><br \/>(-19 for losing)\n|l|\u2606Polychinol\n","uploadtime":1700037815,"views":12,"p1id":"cyberh3","p2id":"polychinol","formatid":"gen9ou","rating":1105,"private":0,"password":""}