{"id":"gen9ou-1999936726","p1":"IDRINKNDRIVE","p2":"LtDuck","format":"[Gen 9] OU","log":"|j|\u2606IDRINKNDRIVE\n|j|\u2606LtDuck\n|t:|1701132094\n|gametype|singles\n|player|p1|IDRINKNDRIVE|ltsurge|1124\n|player|p2|LtDuck|265|1043\n|teamsize|p1|6\n|teamsize|p2|6\n|gen|9\n|tier|[Gen 9] OU\n|rated|\n|rule|Sleep Clause Mod: Limit one foe put to sleep\n|rule|Species Clause: Limit one of each Pok\u00e9mon\n|rule|OHKO Clause: OHKO moves are banned\n|rule|Evasion Items Clause: Evasion items are banned\n|rule|Evasion Moves Clause: Evasion moves are banned\n|rule|Endless Battle Clause: Forcing endless battles is banned\n|rule|HP Percentage Mod: HP is shown in percentages\n|clearpoke\n|poke|p1|Hatterene, F|\n|poke|p1|Ninetales-Alola, F|\n|poke|p1|Greninja-*, M|\n|poke|p1|Kommo-o, M|\n|poke|p1|Samurott-Hisui, M|\n|poke|p1|Gholdengo|\n|poke|p2|Skeledirge, M|\n|poke|p2|Corviknight, F|\n|poke|p2|Great Tusk|\n|poke|p2|Samurott-Hisui, M|\n|poke|p2|Ursaluna, F|\n|poke|p2|Dragapult, F|\n|teampreview\n|\n|t:|1701132106\n|start\n|switch|p1a: Kommo-o|Kommo-o, M|100\/100\n|switch|p2a: Samurott|Samurott-Hisui, M|100\/100\n|turn|1\n|inactive|Battle timer is ON: inactive players will automatically lose when time's up. (requested by IDRINKNDRIVE)\n|\n|t:|1701132121\n|move|p1a: Kommo-o|Clangorous Soul|p1a: Kommo-o\n|-boost|p1a: Kommo-o|atk|1\n|-boost|p1a: Kommo-o|def|1\n|-boost|p1a: Kommo-o|spa|1\n|-boost|p1a: Kommo-o|spd|1\n|-boost|p1a: Kommo-o|spe|1\n|-damage|p1a: Kommo-o|68\/100\n|move|p2a: Samurott|Ceaseless Edge|p1a: Kommo-o\n|-resisted|p1a: Kommo-o\n|-damage|p1a: Kommo-o|51\/100\n|-sidestart|p1: IDRINKNDRIVE|Spikes\n|\n|upkeep\n|turn|2\n|\n|t:|1701132134\n|move|p1a: Kommo-o|Drain Punch|p2a: Samurott\n|-supereffective|p2a: Samurott\n|-enditem|p2a: Samurott|Focus Sash\n|-damage|p2a: Samurott|1\/100\n|-heal|p1a: Kommo-o|100\/100|[from] drain|[of] p2a: Samurott\n|move|p2a: Samurott|Taunt|p1a: Kommo-o\n|-start|p1a: Kommo-o|move: Taunt\n|\n|upkeep\n|turn|3\n|\n|t:|1701132155\n|move|p1a: Kommo-o|Earthquake|p2a: Samurott\n|-damage|p2a: Samurott|0 fnt\n|faint|p2a: Samurott\n|\n|upkeep\n|inactive|LtDuck has 120 seconds left.\n|\n|t:|1701132187\n|switch|p2a: Skeledirge|Skeledirge, M|100\/100\n|turn|4\n|\n|t:|1701132191\n|move|p1a: Kommo-o|Earthquake|p2a: Skeledirge\n|-supereffective|p2a: Skeledirge\n|-damage|p2a: Skeledirge|53\/100\n|move|p2a: Skeledirge|Will-O-Wisp|p1a: Kommo-o\n|-status|p1a: Kommo-o|brn\n|\n|-damage|p1a: Kommo-o|94\/100 brn|[from] brn\n|upkeep\n|turn|5\n|inactive|LtDuck has 120 seconds left.\n|\n|t:|1701132215\n|move|p1a: Kommo-o|Earthquake|p2a: Skeledirge\n|-supereffective|p2a: Skeledirge\n|-damage|p2a: Skeledirge|28\/100\n|move|p2a: Skeledirge|Slack Off|p2a: Skeledirge\n|-heal|p2a: Skeledirge|78\/100\n|\n|-damage|p1a: Kommo-o|88\/100 brn|[from] brn\n|-end|p1a: Kommo-o|move: Taunt\n|upkeep\n|turn|6\n|inactive|LtDuck has 120 seconds left.\n|\n|t:|1701132225\n|move|p1a: Kommo-o|Clangorous Soul|p1a: Kommo-o\n|-boost|p1a: Kommo-o|atk|1\n|-boost|p1a: Kommo-o|def|1\n|-boost|p1a: Kommo-o|spa|1\n|-boost|p1a: Kommo-o|spd|1\n|-boost|p1a: Kommo-o|spe|1\n|-damage|p1a: Kommo-o|55\/100 brn\n|move|p2a: Skeledirge|Hex|p1a: Kommo-o\n|-damage|p1a: Kommo-o|0 fnt\n|faint|p1a: Kommo-o\n|\n|upkeep\n|\n|t:|1701132236\n|switch|p1a: Samurott|Samurott-Hisui, M, shiny|100\/100\n|-damage|p1a: Samurott|88\/100|[from] Spikes\n|turn|7\n|inactive|LtDuck has 120 seconds left.\n|\n|t:|1701132256\n|switch|p2a: Dragapult|Dragapult, F|100\/100\n|move|p1a: Samurott|Ceaseless Edge|p2a: Dragapult\n|-supereffective|p2a: Dragapult\n|-damage|p2a: Dragapult|6\/100\n|-sidestart|p2: LtDuck|Spikes\n|\n|upkeep\n|turn|8\n|inactive|LtDuck has 120 seconds left.\n|\n|t:|1701132274\n|move|p2a: Dragapult|U-turn|p1a: Samurott\n|-supereffective|p1a: Samurott\n|-damage|p1a: Samurott|38\/100\n|inactive|LtDuck has 120 seconds left.\n|\n|t:|1701132294\n|switch|p2a: Corviknight|Corviknight, F, shiny|100\/100|[from] U-turn\n|-ability|p2a: Corviknight|Pressure\n|move|p1a: Samurott|Razor Shell|p2a: Corviknight\n|-damage|p2a: Corviknight|69\/100\n|-damage|p1a: Samurott|21\/100|[from] item: Rocky Helmet|[of] p2a: Corviknight\n|\n|upkeep\n|turn|9\n|\n|t:|1701132312\n|move|p1a: Samurott|Ceaseless Edge|p2a: Corviknight\n|-damage|p2a: Corviknight|44\/100\n|-damage|p1a: Samurott|5\/100|[from] item: Rocky Helmet|[of] p2a: Corviknight\n|-sidestart|p2: LtDuck|Spikes\n|move|p2a: Corviknight|U-turn|p1a: Samurott\n|-supereffective|p1a: Samurott\n|-damage|p1a: Samurott|0 fnt\n|faint|p1a: Samurott\n|\n|t:|1701132330\n|switch|p2a: Dragapult|Dragapult, F|6\/100|[from] U-turn\n|-damage|p2a: Dragapult|0 fnt|[from] Spikes\n|faint|p2a: Dragapult\n|\n|upkeep\n|\n|t:|1701132338\n|switch|p2a: Corviknight|Corviknight, F, shiny|44\/100\n|switch|p1a: Ninetales|Ninetales-Alola, F, shiny|100\/100\n|-damage|p1a: Ninetales|88\/100|[from] Spikes\n|-weather|Snow|[from] ability: Snow Warning|[of] p1a: Ninetales\n|-ability|p2a: Corviknight|Pressure\n|turn|10\n|\n|t:|1701132355\n|switch|p1a: Greninja|Greninja, M, shiny|100\/100\n|-damage|p1a: Greninja|88\/100|[from] Spikes\n|move|p2a: Corviknight|Defog|p1a: Greninja\n|-unboost|p1a: Greninja|evasion|1\n|-sideend|p1: IDRINKNDRIVE|Spikes|[from] move: Defog|[of] p2a: Corviknight\n|-sideend|p2: LtDuck|Spikes|[from] move: Defog|[of] p2a: Corviknight\n|\n|-weather|Snow|[upkeep]\n|upkeep\n|turn|11\n|inactive|LtDuck has 90 seconds left.\n|\n|t:|1701132382\n|move|p1a: Greninja|Blizzard|p2a: Corviknight\n|-start|p1a: Greninja|typechange|Ice|[from] ability: Protean\n|-damage|p2a: Corviknight|0 fnt\n|faint|p2a: Corviknight\n|\n|-weather|Snow|[upkeep]\n|upkeep\n|inactive|LtDuck has 90 seconds left.\n|\n|t:|1701132393\n|switch|p2a: Skeledirge|Skeledirge, M|78\/100\n|turn|12\n|inactive|LtDuck has 90 seconds left.\n|\n|t:|1701132416\n|-terastallize|p2a: Skeledirge|Fairy\n|move|p1a: Greninja|Water Shuriken|p2a: Skeledirge\n|-damage|p2a: Skeledirge|74\/100\n|-damage|p2a: Skeledirge|70\/100\n|-hitcount|p2a: Skeledirge|2\n|move|p2a: Skeledirge|Torch Song|p1a: Greninja\n|-supereffective|p1a: Greninja\n|-damage|p1a: Greninja|0 fnt\n|-boost|p2a: Skeledirge|spa|1\n|faint|p1a: Greninja\n|\n|-weather|Snow|[upkeep]\n|upkeep\n|\n|t:|1701132427\n|switch|p1a: Hatterene|Hatterene, F|100\/100\n|turn|13\n|\n|t:|1701132439\n|move|p2a: Skeledirge|Slack Off|p2a: Skeledirge\n|-heal|p2a: Skeledirge|100\/100\n|move|p1a: Hatterene|Thunder Wave|p2a: Skeledirge\n|-status|p2a: Skeledirge|par\n|\n|-weather|Snow|[upkeep]\n|upkeep\n|turn|14\n|\n|t:|1701132448\n|move|p1a: Hatterene|Draining Kiss|p2a: Skeledirge\n|-damage|p2a: Skeledirge|79\/100 par\n|move|p2a: Skeledirge|Will-O-Wisp|p1a: Hatterene\n|move|p1a: Hatterene|Will-O-Wisp||[from]ability: Magic Bounce|[still]\n|-fail|p1a: Hatterene\n|\n|-weather|Snow|[upkeep]\n|upkeep\n|turn|15\n|\n|t:|1701132461\n|move|p1a: Hatterene|Psychic|p2a: Skeledirge\n|-damage|p2a: Skeledirge|38\/100 par\n|move|p2a: Skeledirge|Torch Song|p1a: Hatterene\n|-crit|p1a: Hatterene\n|-damage|p1a: Hatterene|33\/100\n|-boost|p2a: Skeledirge|spa|1\n|\n|-weather|Snow|[upkeep]\n|-heal|p1a: Hatterene|39\/100|[from] item: Leftovers\n|upkeep\n|turn|16\n|\n|t:|1701132471\n|move|p1a: Hatterene|Draining Kiss|p2a: Skeledirge\n|-damage|p2a: Skeledirge|17\/100 par\n|-heal|p1a: Hatterene|59\/100|[from] drain|[of] p2a: Skeledirge\n|cant|p2a: Skeledirge|par\n|\n|-weather|Snow|[upkeep]\n|-heal|p1a: Hatterene|65\/100|[from] item: Leftovers\n|upkeep\n|turn|17\n|\n|t:|1701132479\n|move|p1a: Hatterene|Draining Kiss|p2a: Skeledirge\n|-damage|p2a: Skeledirge|0 fnt\n|-heal|p1a: Hatterene|81\/100|[from] drain|[of] p2a: Skeledirge\n|faint|p2a: Skeledirge\n|\n|-weather|none\n|-heal|p1a: Hatterene|87\/100|[from] item: Leftovers\n|upkeep\n|\n|t:|1701132496\n|switch|p2a: Ursaluna|Ursaluna, F|100\/100\n|turn|18\n|\n|t:|1701132508\n|move|p2a: Ursaluna|Swords Dance|p2a: Ursaluna\n|-boost|p2a: Ursaluna|atk|2\n|move|p1a: Hatterene|Psychic|p2a: Ursaluna\n|-damage|p2a: Ursaluna|49\/100\n|-unboost|p2a: Ursaluna|spd|1\n|\n|-heal|p1a: Hatterene|93\/100|[from] item: Leftovers\n|-status|p2a: Ursaluna|brn|[from] item: Flame Orb\n|upkeep\n|turn|19\n|\n|t:|1701132518\n|move|p2a: Ursaluna|Facade|p1a: Hatterene\n|-damage|p1a: Hatterene|0 fnt\n|faint|p1a: Hatterene\n|\n|-damage|p2a: Ursaluna|43\/100 brn|[from] brn\n|upkeep\n|\n|t:|1701132524\n|switch|p1a: Gholdengo|Gholdengo|100\/100\n|-item|p1a: Gholdengo|Air Balloon\n|turn|20\n|\n|t:|1701132534\n|move|p1a: Gholdengo|Shadow Ball|p2a: Ursaluna\n|-immune|p2a: Ursaluna\n|move|p2a: Ursaluna|Fire Punch|p1a: Gholdengo\n|-supereffective|p1a: Gholdengo\n|-damage|p1a: Gholdengo|0 fnt\n|-enditem|p1a: Gholdengo|Air Balloon\n|faint|p1a: Gholdengo\n|\n|-damage|p2a: Ursaluna|37\/100 brn|[from] brn\n|upkeep\n|c|\u2606IDRINKNDRIVE|Genius mode\n|\n|t:|1701132549\n|switch|p1a: Ninetales|Ninetales-Alola, F, shiny|88\/100\n|-weather|Snow|[from] ability: Snow Warning|[of] p1a: Ninetales\n|turn|21\n|\n|t:|1701132554\n|move|p1a: Ninetales|Blizzard|p2a: Ursaluna\n|-supereffective|p2a: Ursaluna\n|-damage|p2a: Ursaluna|0 fnt\n|faint|p2a: Ursaluna\n|\n|-weather|Snow|[upkeep]\n|upkeep\n|\n|t:|1701132560\n|switch|p2a: Great Tusk|Great Tusk|100\/100\n|-enditem|p2a: Great Tusk|Booster Energy\n|-activate|p2a: Great Tusk|ability: Protosynthesis|[fromitem]\n|-start|p2a: Great Tusk|protosynthesisspe\n|turn|22\n|\n|t:|1701132567\n|move|p2a: Great Tusk|Earthquake|p1a: Ninetales\n|-damage|p1a: Ninetales|46\/100\n|move|p1a: Ninetales|Moonblast|p2a: Great Tusk\n|-supereffective|p2a: Great Tusk\n|-damage|p2a: Great Tusk|10\/100\n|\n|-weather|Snow|[upkeep]\n|upkeep\n|turn|23\n|\n|t:|1701132579\n|move|p2a: Great Tusk|Close Combat|p1a: Ninetales\n|-crit|p1a: Ninetales\n|-damage|p1a: Ninetales|0 fnt\n|-unboost|p2a: Great Tusk|def|1\n|-unboost|p2a: Great Tusk|spd|1\n|faint|p1a: Ninetales\n|\n|win|LtDuck\n|raw|IDRINKNDRIVE's rating: 1124 &rarr; <strong>1093<\/strong><br \/>(-31 for losing)\n|raw|LtDuck's rating: 1043 &rarr; <strong>1084<\/strong><br \/>(+41 for winning)\n|c|\u2606LtDuck|GG\n|c|\u2606IDRINKNDRIVE|gg\n|l|\u2606IDRINKNDRIVE\n","uploadtime":1701132678,"views":6,"p1id":"idrinkndrive","p2id":"ltduck","formatid":"gen9ou","rating":1084,"private":0,"password":""}