{"id":"gen9ou-1990818541","p1":"Poweryoink","p2":"TurboKaiSM64","format":"[Gen 9] OU","log":"|j|\u2606Poweryoink\n|j|\u2606TurboKaiSM64\n|t:|1700004001\n|gametype|singles\n|player|p1|Poweryoink|266|\n|player|p2|TurboKaiSM64|169|\n|teamsize|p1|6\n|teamsize|p2|6\n|gen|9\n|tier|[Gen 9] OU\n|rule|Sleep Clause Mod: Limit one foe put to sleep\n|rule|Species Clause: Limit one of each Pok\u00e9mon\n|rule|OHKO Clause: OHKO moves are banned\n|rule|Evasion Items Clause: Evasion items are banned\n|rule|Evasion Moves Clause: Evasion moves are banned\n|rule|Endless Battle Clause: Forcing endless battles is banned\n|rule|HP Percentage Mod: HP is shown in percentages\n|clearpoke\n|poke|p1|Samurott-Hisui, M|\n|poke|p1|Gholdengo|\n|poke|p1|Garchomp, M|\n|poke|p1|Slowking-Galar, M|\n|poke|p1|Iron Valiant|\n|poke|p1|Great Tusk|\n|poke|p2|Ogerpon, F|\n|poke|p2|Gholdengo|\n|poke|p2|Glimmora, M|\n|poke|p2|Iron Moth|\n|poke|p2|Great Tusk|\n|poke|p2|Enamorus, F|\n|teampreview\n|\n|t:|1700004033\n|start\n|switch|p1a: Garchomp|Garchomp, M, shiny|100\/100\n|switch|p2a: Glimmora|Glimmora, M|100\/100\n|turn|1\n|\n|t:|1700004058\n|move|p1a: Garchomp|Earthquake|p2a: Glimmora\n|-supereffective|p2a: Glimmora\n|-damage|p2a: Glimmora|0 fnt\n|-activate|p2a: Glimmora|ability: Toxic Debris\n|-sidestart|p1: Poweryoink|move: Toxic Spikes\n|faint|p2a: Glimmora\n|\n|upkeep\n|\n|t:|1700004077\n|switch|p2a: Enamorus|Enamorus, F|100\/100\n|turn|2\n|\n|t:|1700004107\n|switch|p1a: Slowking|Slowking-Galar, M, shiny|100\/100\n|-sideend|p1: Poweryoink|move: Toxic Spikes|[of] p1a: Slowking\n|move|p2a: Enamorus|Focus Blast|p1a: Slowking\n|-resisted|p1a: Slowking\n|-damage|p1a: Slowking|87\/100\n|\n|-heal|p1a: Slowking|93\/100|[from] item: Leftovers\n|upkeep\n|turn|3\n|\n|t:|1700004133\n|switch|p2a: Great Tusk|Great Tusk|100\/100\n|-enditem|p2a: Great Tusk|Booster Energy\n|-activate|p2a: Great Tusk|ability: Protosynthesis|[fromitem]\n|-start|p2a: Great Tusk|protosynthesisatk\n|move|p1a: Slowking|Sludge Bomb|p2a: Great Tusk\n|-resisted|p2a: Great Tusk\n|-damage|p2a: Great Tusk|63\/100\n|-status|p2a: Great Tusk|psn\n|\n|-heal|p1a: Slowking|99\/100|[from] item: Leftovers\n|-damage|p2a: Great Tusk|51\/100 psn|[from] psn\n|upkeep\n|turn|4\n|\n|t:|1700004180\n|move|p2a: Great Tusk|Ice Spinner|p1a: Slowking\n|-damage|p1a: Slowking|60\/100\n|move|p1a: Slowking|Surf|p2a: Great Tusk\n|-supereffective|p2a: Great Tusk\n|-damage|p2a: Great Tusk|0 fnt\n|faint|p2a: Great Tusk\n|-end|p2a: Great Tusk|Protosynthesis|[silent]\n|\n|-heal|p1a: Slowking|66\/100|[from] item: Leftovers\n|upkeep\n|\n|t:|1700004193\n|switch|p2a: Enamorus|Enamorus, F|100\/100\n|turn|5\n|\n|t:|1700004199\n|move|p2a: Enamorus|Earth Power|p1a: Slowking\n|-supereffective|p1a: Slowking\n|-damage|p1a: Slowking|0 fnt\n|faint|p1a: Slowking\n|\n|upkeep\n|\n|t:|1700004211\n|switch|p1a: Iron Valiant|Iron Valiant|100\/100\n|-enditem|p1a: Iron Valiant|Booster Energy\n|-activate|p1a: Iron Valiant|ability: Quark Drive|[fromitem]\n|-start|p1a: Iron Valiant|quarkdrivespe\n|turn|6\n|\n|t:|1700004224\n|move|p1a: Iron Valiant|Ice Punch|p2a: Enamorus\n|-supereffective|p2a: Enamorus\n|-damage|p2a: Enamorus|16\/100\n|move|p2a: Enamorus|Earth Power|p1a: Iron Valiant\n|-damage|p1a: Iron Valiant|4\/100\n|\n|upkeep\n|turn|7\n|\n|t:|1700004236\n|move|p1a: Iron Valiant|Ice Punch|p2a: Enamorus\n|-supereffective|p2a: Enamorus\n|-damage|p2a: Enamorus|0 fnt\n|faint|p2a: Enamorus\n|\n|upkeep\n|\n|t:|1700004253\n|switch|p2a: Gholdengo|Gholdengo|100\/100\n|turn|8\n|\n|t:|1700004288\n|move|p1a: Iron Valiant|Ice Punch|p2a: Gholdengo\n|-resisted|p2a: Gholdengo\n|-damage|p2a: Gholdengo|88\/100\n|move|p2a: Gholdengo|Shadow Ball|p1a: Iron Valiant\n|-damage|p1a: Iron Valiant|0 fnt\n|faint|p1a: Iron Valiant\n|-end|p1a: Iron Valiant|Quark Drive|[silent]\n|\n|upkeep\n|\n|t:|1700004299\n|switch|p1a: Samurott|Samurott-Hisui, M, shiny|100\/100\n|turn|9\n|\n|t:|1700004307\n|move|p1a: Samurott|Ceaseless Edge|p2a: Gholdengo|[miss]\n|-miss|p1a: Samurott|p2a: Gholdengo\n|move|p2a: Gholdengo|Thunderbolt|p1a: Samurott\n|-supereffective|p1a: Samurott\n|-damage|p1a: Samurott|1\/100\n|\n|upkeep\n|turn|10\n|\n|t:|1700004337\n|move|p1a: Samurott|Ceaseless Edge|p2a: Gholdengo\n|-supereffective|p2a: Gholdengo\n|-damage|p2a: Gholdengo|0 fnt\n|-sidestart|p2: TurboKaiSM64|Spikes\n|faint|p2a: Gholdengo\n|\n|upkeep\n|\n|t:|1700004350\n|switch|p2a: Iron Moth|Iron Moth|100\/100\n|-damage|p2a: Iron Moth|88\/100|[from] Spikes\n|-enditem|p2a: Iron Moth|Booster Energy\n|-activate|p2a: Iron Moth|ability: Quark Drive|[fromitem]\n|-start|p2a: Iron Moth|quarkdrivespa\n|turn|11\n|\n|t:|1700004387\n|move|p1a: Samurott|Sucker Punch||[still]\n|-fail|p1a: Samurott\n|move|p2a: Iron Moth|Substitute|p2a: Iron Moth\n|-start|p2a: Iron Moth|Substitute\n|-damage|p2a: Iron Moth|63\/100\n|\n|upkeep\n|turn|12\n|\n|t:|1700004396\n|move|p1a: Samurott|Sucker Punch||[still]\n|-fail|p1a: Samurott\n|move|p2a: Iron Moth|Substitute|p2a: Iron Moth\n|-fail|p2a: Iron Moth|move: Substitute\n|\n|upkeep\n|turn|13\n|\n|t:|1700004404\n|move|p1a: Samurott|Sucker Punch||[still]\n|-fail|p1a: Samurott\n|move|p2a: Iron Moth|Substitute|p2a: Iron Moth\n|-fail|p2a: Iron Moth|move: Substitute\n|\n|upkeep\n|turn|14\n|\n|t:|1700004410\n|move|p1a: Samurott|Sucker Punch||[still]\n|-fail|p1a: Samurott\n|move|p2a: Iron Moth|Substitute|p2a: Iron Moth\n|-fail|p2a: Iron Moth|move: Substitute\n|\n|upkeep\n|turn|15\n|\n|t:|1700004438\n|move|p1a: Samurott|Sucker Punch|p2a: Iron Moth\n|-end|p2a: Iron Moth|Substitute\n|move|p2a: Iron Moth|Fiery Dance|p1a: Samurott\n|-resisted|p1a: Samurott\n|-damage|p1a: Samurott|0 fnt\n|faint|p1a: Samurott\n|\n|upkeep\n|\n|t:|1700004451\n|switch|p1a: Great Tusk|Great Tusk, shiny|100\/100\n|-enditem|p1a: Great Tusk|Booster Energy\n|-activate|p1a: Great Tusk|ability: Protosynthesis|[fromitem]\n|-start|p1a: Great Tusk|protosynthesisatk\n|turn|16\n|\n|t:|1700004463\n|-terastallize|p1a: Great Tusk|Ground\n|move|p2a: Iron Moth|Substitute|p2a: Iron Moth\n|-start|p2a: Iron Moth|Substitute\n|-damage|p2a: Iron Moth|38\/100\n|move|p1a: Great Tusk|Headlong Rush|p2a: Iron Moth\n|-supereffective|p2a: Iron Moth\n|-end|p2a: Iron Moth|Substitute\n|-unboost|p1a: Great Tusk|def|1\n|-unboost|p1a: Great Tusk|spd|1\n|\n|upkeep\n|turn|17\n|\n|t:|1700004475\n|move|p2a: Iron Moth|Substitute|p2a: Iron Moth\n|-start|p2a: Iron Moth|Substitute\n|-damage|p2a: Iron Moth|13\/100\n|move|p1a: Great Tusk|Headlong Rush|p2a: Iron Moth\n|-supereffective|p2a: Iron Moth\n|-end|p2a: Iron Moth|Substitute\n|-unboost|p1a: Great Tusk|def|1\n|-unboost|p1a: Great Tusk|spd|1\n|\n|upkeep\n|turn|18\n|\n|t:|1700004481\n|move|p2a: Iron Moth|Fiery Dance|p1a: Great Tusk\n|-damage|p1a: Great Tusk|0 fnt\n|faint|p1a: Great Tusk\n|-end|p1a: Great Tusk|Protosynthesis|[silent]\n|\n|upkeep\n|\n|t:|1700004488\n|switch|p1a: Garchomp|Garchomp, M, shiny|100\/100\n|turn|19\n|\n|t:|1700004506\n|-terastallize|p2a: Iron Moth|Bug\n|move|p2a: Iron Moth|Bug Buzz|p1a: Garchomp\n|-damage|p1a: Garchomp|27\/100\n|move|p1a: Garchomp|Earthquake|p2a: Iron Moth\n|-resisted|p2a: Iron Moth\n|-damage|p2a: Iron Moth|0 fnt\n|faint|p2a: Iron Moth\n|-end|p2a: Iron Moth|Quark Drive|[silent]\n|\n|upkeep\n|\n|t:|1700004513\n|switch|p2a: Ogerpon|Ogerpon, F|100\/100\n|-damage|p2a: Ogerpon|88\/100|[from] Spikes\n|turn|20\n|\n|t:|1700004550\n|move|p1a: Garchomp|Earthquake|p2a: Ogerpon\n|-resisted|p2a: Ogerpon\n|-damage|p2a: Ogerpon|62\/100\n|move|p2a: Ogerpon|Ivy Cudgel|p1a: Garchomp\n|-damage|p1a: Garchomp|0 fnt\n|faint|p1a: Garchomp\n|-damage|p2a: Ogerpon|52\/100|[from] item: Life Orb\n|\n|upkeep\n|\n|t:|1700004554\n|switch|p1a: Gholdengo|Gholdengo, shiny|100\/100\n|-item|p1a: Gholdengo|Air Balloon\n|turn|21\n|\n|t:|1700004586\n|move|p2a: Ogerpon|Swords Dance|p2a: Ogerpon\n|-boost|p2a: Ogerpon|atk|2\n|move|p1a: Gholdengo|Thunder Wave|p2a: Ogerpon\n|-status|p2a: Ogerpon|par\n|\n|upkeep\n|turn|22\n|\n|t:|1700004607\n|move|p1a: Gholdengo|Make It Rain|p2a: Ogerpon\n|-damage|p2a: Ogerpon|0 fnt\n|-unboost|p1a: Gholdengo|spa|1\n|faint|p2a: Ogerpon\n|\n|win|Poweryoink\n","uploadtime":1700004616,"views":16,"p1id":"poweryoink","p2id":"turbokaism64","formatid":"gen9ou","rating":0,"private":0,"password":""}