{"id":"gen9ou-1999429956","p1":"Rei_darkness","p2":"FemboyShady","format":"[Gen 9] OU","log":"|j|\u2606Rei_darkness\n|j|\u2606FemboyShady\n|inactive|Battle timer is ON: inactive players will automatically lose when time's up.\n|t:|1701079148\n|gametype|singles\n|player|p1|Rei_darkness|drayden|\n|player|p2|FemboyShady|marnie-league|\n|teamsize|p1|3\n|teamsize|p2|3\n|gen|9\n|tier|[Gen 9] OU\n|rated|Tournament battle\n|rule|Sleep Clause Mod: Limit one foe put to sleep\n|rule|Species Clause: Limit one of each Pok\u00e9mon\n|rule|OHKO Clause: OHKO moves are banned\n|rule|Evasion Items Clause: Evasion items are banned\n|rule|Evasion Moves Clause: Evasion moves are banned\n|rule|Endless Battle Clause: Forcing endless battles is banned\n|rule|HP Percentage Mod: HP is shown in percentages\n|clearpoke\n|poke|p1|Rillaboom, M|\n|poke|p1|Skiddo, M|\n|poke|p1|Slaking, M|\n|poke|p2|Skeledirge, F|\n|poke|p2|Hattrem, F|\n|poke|p2|Zoroark-Hisui, M|\n|teampreview\n|j|*Lady Monita \u2746\n|inactive|Rei_darkness also wants the timer to be on.\n|j| Kylo Reuniclus\n|\n|t:|1701079163\n|start\n|switch|p1a: Slaking|Slaking, M|100\/100\n|switch|p2a: Skeledirge|Skeledirge, F|100\/100\n|turn|1\n|\n|t:|1701079168\n|move|p2a: Skeledirge|Hyper Voice|p1a: Slaking\n|-damage|p1a: Slaking|47\/100\n|move|p1a: Slaking|Knock Off|p2a: Skeledirge\n|-supereffective|p2a: Skeledirge\n|-enditem|p2a: Skeledirge|Focus Sash\n|-damage|p2a: Skeledirge|1\/100\n|replace|p2a: Zoroark|Zoroark-Hisui, M\n|-end|p2a: Zoroark|Illusion\n|\n|upkeep\n|turn|2\n|\n|t:|1701079175\n|switch|p1a: Rillaboom|Rillaboom, M|100\/100\n|-fieldstart|move: Grassy Terrain|[from] ability: Grassy Surge|[of] p1a: Rillaboom\n|move|p2a: Zoroark|Hyper Voice|p1a: Rillaboom\n|-damage|p1a: Rillaboom|36\/100\n|\n|-heal|p2a: Zoroark|7\/100|[from] Grassy Terrain\n|-heal|p1a: Rillaboom|42\/100|[from] Grassy Terrain\n|upkeep\n|turn|3\n|\n|t:|1701079182\n|switch|p2a: Hattrem|Hattrem, F|100\/100\n|move|p1a: Rillaboom|Grassy Glide|p2a: Hattrem\n|-damage|p2a: Hattrem|63\/100\n|\n|-heal|p1a: Rillaboom|49\/100|[from] Grassy Terrain\n|-heal|p2a: Hattrem|69\/100|[from] Grassy Terrain\n|upkeep\n|turn|4\n|\n|t:|1701079186\n|switch|p1a: Skiddo|Skiddo, M|100\/100\n|move|p2a: Hattrem|Psychic|p1a: Skiddo\n|-damage|p1a: Skiddo|55\/100\n|\n|-heal|p1a: Skiddo|61\/100|[from] Grassy Terrain\n|-heal|p2a: Hattrem|75\/100|[from] Grassy Terrain\n|upkeep\n|turn|5\n|\n|t:|1701079191\n|move|p1a: Skiddo|Grassy Glide|p2a: Hattrem\n|-damage|p2a: Hattrem|48\/100\n|move|p2a: Hattrem|Mystical Fire|p1a: Skiddo\n|-supereffective|p1a: Skiddo\n|-damage|p1a: Skiddo|14\/100\n|-unboost|p1a: Skiddo|spa|1\n|\n|-heal|p1a: Skiddo|20\/100|[from] Grassy Terrain\n|-heal|p2a: Hattrem|54\/100|[from] Grassy Terrain\n|upkeep\n|turn|6\n|\n|t:|1701079202\n|move|p1a: Skiddo|Grassy Glide|p2a: Hattrem\n|-damage|p2a: Hattrem|25\/100\n|move|p2a: Hattrem|Psychic|p1a: Skiddo\n|-damage|p1a: Skiddo|0 fnt\n|faint|p1a: Skiddo\n|\n|-heal|p2a: Hattrem|31\/100|[from] Grassy Terrain\n|-fieldend|move: Grassy Terrain\n|upkeep\n|\n|t:|1701079205\n|switch|p1a: Slaking|Slaking, M|47\/100\n|turn|7\n|\n|t:|1701079210\n|move|p1a: Slaking|Knock Off|p2a: Hattrem\n|-supereffective|p2a: Hattrem\n|-damage|p2a: Hattrem|0 fnt\n|-enditem|p2a: Hattrem|Eviolite|[from] move: Knock Off|[of] p1a: Slaking\n|faint|p2a: Hattrem\n|\n|upkeep\n|\n|t:|1701079213\n|switch|p2a: Skeledirge|Skeledirge, F|7\/100\n|turn|8\n|\n|t:|1701079219\n|switch|p1a: Rillaboom|Rillaboom, M|49\/100\n|-fieldstart|move: Grassy Terrain|[from] ability: Grassy Surge|[of] p1a: Rillaboom\n|move|p2a: Skeledirge|Hyper Voice|p1a: Rillaboom\n|-damage|p1a: Rillaboom|0 fnt\n|faint|p1a: Rillaboom\n|\n|-heal|p2a: Skeledirge|13\/100|[from] Grassy Terrain\n|upkeep\n|\n|t:|1701079221\n|switch|p1a: Slaking|Slaking, M|47\/100\n|turn|9\n|\n|t:|1701079225\n|move|p2a: Skeledirge|Hyper Voice|p1a: Slaking\n|-damage|p1a: Slaking|0 fnt\n|faint|p1a: Slaking\n|\n|win|FemboyShady\n|n|\u2606Rei_darkness|reidarkness\n|n|\u2606FemboyShady|femboyshady\n|n|*Lady Monita \u2746|ladymonita\n|n| Kylo Reuniclus|kyloreuniclus\n","uploadtime":1701079226,"views":2,"p1id":"reidarkness","p2id":"femboyshady","formatid":"gen9ou","rating":0,"private":0,"password":""}