{"id":"gen9ou-1990072088","p1":"Rexfury84","p2":"thunderdog_32","format":"[Gen 9] OU","log":"|j|\u2606Rexfury84\n|j|\u2606thunderdog_32\n|t:|1699921526\n|gametype|singles\n|player|p1|Rexfury84|benga|1264\n|player|p2|thunderdog_32|266|1325\n|teamsize|p1|6\n|teamsize|p2|6\n|gen|9\n|tier|[Gen 9] OU\n|rated|\n|rule|Sleep Clause Mod: Limit one foe put to sleep\n|rule|Species Clause: Limit one of each Pok\u00e9mon\n|rule|OHKO Clause: OHKO moves are banned\n|rule|Evasion Items Clause: Evasion items are banned\n|rule|Evasion Moves Clause: Evasion moves are banned\n|rule|Endless Battle Clause: Forcing endless battles is banned\n|rule|HP Percentage Mod: HP is shown in percentages\n|clearpoke\n|poke|p1|Sneasler, M|\n|poke|p1|Alomomola, F|\n|poke|p1|Heatran, M|\n|poke|p1|Slowking-Galar, M|\n|poke|p1|Zamazenta-*|\n|poke|p1|Zapdos|\n|poke|p2|Hatterene, F|\n|poke|p2|Landorus-Therian, M|\n|poke|p2|Heatran, F|\n|poke|p2|Ogerpon-Wellspring, F|\n|poke|p2|Iron Hands|\n|poke|p2|Dragapult, F|\n|teampreview\n|inactive|Battle timer is ON: inactive players will automatically lose when time's up. (requested by thunderdog_32)\n|\n|t:|1699921540\n|start\n|switch|p1a: Sneasler|Sneasler, M|100\/100\n|switch|p2a: Dragapult|Dragapult, F|100\/100\n|turn|1\n|\n|t:|1699921555\n|switch|p1a: Alomomola|Alomomola, F|100\/100\n|move|p2a: Dragapult|Reflect|p2a: Dragapult\n|-sidestart|p2: thunderdog_32|Reflect\n|\n|upkeep\n|turn|2\n|\n|t:|1699921568\n|move|p2a: Dragapult|Light Screen|p2a: Dragapult\n|-sidestart|p2: thunderdog_32|move: Light Screen\n|move|p1a: Alomomola|Scald|p2a: Dragapult\n|-resisted|p2a: Dragapult\n|-damage|p2a: Dragapult|97\/100\n|-start|p1a: Alomomola|Disable|Scald|[from] ability: Cursed Body|[of] p2a: Dragapult\n|\n|upkeep\n|turn|3\n|\n|t:|1699921575\n|switch|p2a: Ogerpon|Ogerpon-Wellspring, F|100\/100\n|move|p1a: Alomomola|Flip Turn|p2a: Ogerpon\n|-immune|p2a: Ogerpon|[from] ability: Water Absorb\n|\n|upkeep\n|turn|4\n|inactive|Rexfury84 has 120 seconds left.\n|\n|t:|1699921615\n|switch|p1a: Heatran|Heatran, M|100\/100\n|move|p2a: Ogerpon|Taunt|p1a: Heatran\n|-start|p1a: Heatran|move: Taunt\n|\n|upkeep\n|turn|5\n|inactive|Rexfury84 has 90 seconds left.\n|\n|t:|1699921649\n|switch|p1a: Zamazenta|Zamazenta|100\/100\n|-ability|p1a: Zamazenta|Dauntless Shield|boost\n|-boost|p1a: Zamazenta|def|1\n|move|p2a: Ogerpon|Ivy Cudgel|p1a: Zamazenta\n|-damage|p1a: Zamazenta|64\/100\n|\n|upkeep\n|turn|6\n|\n|t:|1699921668\n|switch|p2a: Iron Hands|Iron Hands|100\/100\n|move|p1a: Zamazenta|Close Combat|p2a: Iron Hands\n|-damage|p2a: Iron Hands|78\/100\n|-unboost|p1a: Zamazenta|def|1\n|-unboost|p1a: Zamazenta|spd|1\n|\n|-heal|p2a: Iron Hands|84\/100|[from] item: Leftovers\n|upkeep\n|turn|7\n|\n|t:|1699921679\n|switch|p1a: Alomomola|Alomomola, F|100\/100\n|move|p2a: Iron Hands|Ice Punch|p1a: Alomomola\n|-resisted|p1a: Alomomola\n|-damage|p1a: Alomomola|92\/100\n|\n|-heal|p2a: Iron Hands|91\/100|[from] item: Leftovers\n|-heal|p1a: Alomomola|99\/100|[from] item: Leftovers\n|upkeep\n|turn|8\n|\n|t:|1699921697\n|switch|p1a: Zamazenta|Zamazenta|64\/100\n|move|p2a: Iron Hands|Swords Dance|p2a: Iron Hands\n|-boost|p2a: Iron Hands|atk|2\n|\n|-heal|p2a: Iron Hands|97\/100|[from] item: Leftovers\n|-sideend|p2: thunderdog_32|Reflect\n|upkeep\n|turn|9\n|\n|t:|1699921705\n|move|p1a: Zamazenta|Close Combat|p2a: Iron Hands\n|-damage|p2a: Iron Hands|52\/100\n|-unboost|p1a: Zamazenta|def|1\n|-unboost|p1a: Zamazenta|spd|1\n|move|p2a: Iron Hands|Thunder Punch|p1a: Zamazenta\n|-damage|p1a: Zamazenta|0 fnt\n|faint|p1a: Zamazenta\n|\n|-heal|p2a: Iron Hands|58\/100|[from] item: Leftovers\n|-sideend|p2: thunderdog_32|move: Light Screen\n|upkeep\n|inactive|Rexfury84 has 90 seconds left.\n|\n|t:|1699921721\n|switch|p1a: Zapdos|Zapdos|100\/100\n|turn|10\n|\n|t:|1699921729\n|move|p1a: Zapdos|Hurricane|p2a: Iron Hands\n|-damage|p2a: Iron Hands|19\/100\n|-start|p2a: Iron Hands|confusion\n|-activate|p2a: Iron Hands|confusion\n|-damage|p2a: Iron Hands|0 fnt|[from] confusion\n|faint|p2a: Iron Hands\n|-end|p2a: Iron Hands|Quark Drive|[silent]\n|\n|upkeep\n|\n|t:|1699921757\n|switch|p2a: Heatran|Heatran, F|100\/100\n|turn|11\n|\n|t:|1699921760\n|move|p1a: Zapdos|Volt Switch|p2a: Heatran\n|-damage|p2a: Heatran|80\/100\n|\n|t:|1699921762\n|switch|p1a: Alomomola|Alomomola, F|100\/100|[from] Volt Switch\n|move|p2a: Heatran|Stealth Rock|p1a: Alomomola\n|-sidestart|p1: Rexfury84|move: Stealth Rock\n|\n|-heal|p2a: Heatran|86\/100|[from] item: Leftovers\n|upkeep\n|turn|12\n|\n|t:|1699921768\n|switch|p2a: Ogerpon|Ogerpon-Wellspring, F|100\/100\n|move|p1a: Alomomola|Flip Turn|p2a: Ogerpon\n|-immune|p2a: Ogerpon|[from] ability: Water Absorb\n|\n|upkeep\n|turn|13\n|\n|t:|1699921787\n|switch|p2a: Landorus|Landorus-Therian, M|100\/100\n|-ability|p2a: Landorus|Intimidate|boost\n|-unboost|p1a: Alomomola|atk|1\n|switch|p1a: Zapdos|Zapdos|100\/100\n|\n|upkeep\n|turn|14\n|\n|t:|1699921795\n|-terastallize|p1a: Zapdos|Ice\n|move|p2a: Landorus|Stone Edge|p1a: Zapdos\n|-supereffective|p1a: Zapdos\n|-damage|p1a: Zapdos|4\/100\n|move|p1a: Zapdos|Tera Blast|p2a: Landorus|[anim] Tera Blast Ice\n|-supereffective|p2a: Landorus\n|-damage|p2a: Landorus|0 fnt\n|faint|p2a: Landorus\n|\n|upkeep\n|\n|t:|1699921816\n|switch|p2a: Heatran|Heatran, F|86\/100\n|turn|15\n|\n|t:|1699921831\n|move|p1a: Zapdos|Volt Switch|p2a: Heatran\n|-damage|p2a: Heatran|64\/100\n|\n|t:|1699921833\n|switch|p1a: Alomomola|Alomomola, F|100\/100|[from] Volt Switch\n|-damage|p1a: Alomomola|88\/100|[from] Stealth Rock\n|move|p2a: Heatran|Earth Power|p1a: Alomomola\n|-damage|p1a: Alomomola|60\/100\n|\n|-heal|p2a: Heatran|70\/100|[from] item: Leftovers\n|-heal|p1a: Alomomola|66\/100|[from] item: Leftovers\n|upkeep\n|turn|16\n|\n|t:|1699921841\n|move|p2a: Heatran|Earth Power|p1a: Alomomola\n|-damage|p1a: Alomomola|33\/100\n|move|p1a: Alomomola|Wish|p1a: Alomomola\n|\n|-heal|p2a: Heatran|77\/100|[from] item: Leftovers\n|-heal|p1a: Alomomola|40\/100|[from] item: Leftovers\n|upkeep\n|turn|17\n|\n|t:|1699921849\n|switch|p2a: Ogerpon|Ogerpon-Wellspring, F|100\/100\n|move|p1a: Alomomola|Flip Turn|p2a: Ogerpon\n|-immune|p2a: Ogerpon|[from] ability: Water Absorb\n|\n|-heal|p1a: Alomomola|90\/100|[from] move: Wish|[wisher] Alomomola\n|-heal|p1a: Alomomola|96\/100|[from] item: Leftovers\n|upkeep\n|turn|18\n|\n|t:|1699921853\n|switch|p1a: Zapdos|Zapdos, tera:Ice|4\/100\n|move|p2a: Ogerpon|Horn Leech|p1a: Zapdos\n|-damage|p1a: Zapdos|0 fnt\n|faint|p1a: Zapdos\n|\n|upkeep\n|\n|t:|1699921860\n|switch|p1a: Sneasler|Sneasler, M|100\/100\n|-damage|p1a: Sneasler|95\/100|[from] Stealth Rock\n|turn|19\n|\n|t:|1699921869\n|switch|p2a: Dragapult|Dragapult, F|97\/100\n|move|p1a: Sneasler|Dire Claw|p2a: Dragapult\n|-resisted|p2a: Dragapult\n|-damage|p2a: Dragapult|72\/100\n|-status|p2a: Dragapult|par\n|\n|upkeep\n|turn|20\n|\n|t:|1699921879\n|move|p1a: Sneasler|U-turn|p2a: Dragapult\n|-resisted|p2a: Dragapult\n|-damage|p2a: Dragapult|57\/100 par\n|\n|t:|1699921882\n|switch|p1a: Slowking|Slowking-Galar, M|100\/100|[from] U-turn\n|-damage|p1a: Slowking|88\/100|[from] Stealth Rock\n|move|p2a: Dragapult|Light Screen|p2a: Dragapult\n|-sidestart|p2: thunderdog_32|move: Light Screen\n|\n|upkeep\n|turn|21\n|\n|t:|1699921887\n|move|p2a: Dragapult|Reflect|p2a: Dragapult\n|-sidestart|p2: thunderdog_32|Reflect\n|move|p1a: Slowking|Future Sight|p2a: Dragapult\n|-start|p1a: Slowking|move: Future Sight\n|\n|upkeep\n|turn|22\n|\n|t:|1699921890\n|move|p2a: Dragapult|Curse|p1a: Slowking\n|-start|p1a: Slowking|Curse|[of] p2a: Dragapult\n|-damage|p2a: Dragapult|7\/100 par\n|move|p1a: Slowking|Ice Beam|p2a: Dragapult\n|-supereffective|p2a: Dragapult\n|-damage|p2a: Dragapult|0 fnt\n|faint|p2a: Dragapult\n|\n|-damage|p1a: Slowking|63\/100|[from] Curse\n|upkeep\n|\n|t:|1699921905\n|switch|p2a: Ogerpon|Ogerpon-Wellspring, F|100\/100\n|turn|23\n|\n|t:|1699921911\n|-terastallize|p2a: Ogerpon|Water\n|detailschange|p2a: Ogerpon|Ogerpon-Wellspring-Tera, F, tera:Water\n|-ability|p2a: Ogerpon|Embody Aspect (Wellspring)|boost\n|-boost|p2a: Ogerpon|spd|1\n|move|p2a: Ogerpon|Ivy Cudgel|p1a: Slowking\n|-damage|p1a: Slowking|0 fnt\n|faint|p1a: Slowking\n|\n|-end|p2a: Ogerpon|move: Future Sight\n|-damage|p2a: Ogerpon|79\/100\n|upkeep\n|\n|t:|1699921926\n|switch|p1a: Heatran|Heatran, M|100\/100\n|-damage|p1a: Heatran|88\/100|[from] Stealth Rock\n|turn|24\n|\n|t:|1699921938\n|switch|p1a: Alomomola|Alomomola, F|100\/100\n|-damage|p1a: Alomomola|88\/100|[from] Stealth Rock\n|move|p2a: Ogerpon|Ivy Cudgel|p1a: Alomomola\n|-resisted|p1a: Alomomola\n|-damage|p1a: Alomomola|66\/100\n|\n|-heal|p1a: Alomomola|72\/100|[from] item: Leftovers\n|upkeep\n|turn|25\n|\n|t:|1699921945\n|move|p2a: Ogerpon|Taunt|p1a: Alomomola\n|-start|p1a: Alomomola|move: Taunt\n|cant|p1a: Alomomola|move: Taunt|Wish\n|\n|-heal|p1a: Alomomola|79\/100|[from] item: Leftovers\n|upkeep\n|turn|26\n|\n|t:|1699921953\n|switch|p1a: Heatran|Heatran, M|88\/100\n|-damage|p1a: Heatran|76\/100|[from] Stealth Rock\n|move|p2a: Ogerpon|Horn Leech|p1a: Heatran\n|-resisted|p1a: Heatran\n|-damage|p1a: Heatran|67\/100\n|-heal|p2a: Ogerpon|84\/100|[from] drain|[of] p1a: Heatran\n|\n|-heal|p1a: Heatran|73\/100|[from] item: Leftovers\n|upkeep\n|turn|27\n|\n|t:|1699921963\n|switch|p1a: Alomomola|Alomomola, F|100\/100\n|-damage|p1a: Alomomola|88\/100|[from] Stealth Rock\n|move|p2a: Ogerpon|Ivy Cudgel|p1a: Alomomola\n|-resisted|p1a: Alomomola\n|-damage|p1a: Alomomola|66\/100\n|\n|-heal|p1a: Alomomola|72\/100|[from] item: Leftovers\n|-sideend|p2: thunderdog_32|move: Light Screen\n|upkeep\n|turn|28\n|\n|t:|1699921975\n|move|p2a: Ogerpon|Horn Leech|p1a: Alomomola\n|-supereffective|p1a: Alomomola\n|-damage|p1a: Alomomola|22\/100\n|-heal|p2a: Ogerpon|100\/100|[from] drain|[of] p1a: Alomomola\n|move|p1a: Alomomola|Wish|p1a: Alomomola\n|\n|-heal|p1a: Alomomola|28\/100|[from] item: Leftovers\n|-sideend|p2: thunderdog_32|Reflect\n|upkeep\n|turn|29\n|\n|t:|1699921999\n|switch|p1a: Heatran|Heatran, M|73\/100\n|-damage|p1a: Heatran|61\/100|[from] Stealth Rock\n|move|p2a: Ogerpon|Ivy Cudgel|p1a: Heatran\n|-supereffective|p1a: Heatran\n|-damage|p1a: Heatran|0 fnt\n|faint|p1a: Heatran\n|\n|upkeep\n|\n|t:|1699922004\n|switch|p1a: Sneasler|Sneasler, M|95\/100\n|-damage|p1a: Sneasler|89\/100|[from] Stealth Rock\n|turn|30\n|\n|t:|1699922017\n|move|p1a: Sneasler|U-turn|p2a: Ogerpon\n|-damage|p2a: Ogerpon|70\/100\n|\n|t:|1699922019\n|switch|p1a: Alomomola|Alomomola, F|62\/100|[from] U-turn\n|-damage|p1a: Alomomola|49\/100|[from] Stealth Rock\n|move|p2a: Ogerpon|Ivy Cudgel|p1a: Alomomola\n|-resisted|p1a: Alomomola\n|-damage|p1a: Alomomola|29\/100\n|\n|-heal|p1a: Alomomola|35\/100|[from] item: Leftovers\n|upkeep\n|turn|31\n|\n|t:|1699922026\n|move|p2a: Ogerpon|Horn Leech|p1a: Alomomola\n|-supereffective|p1a: Alomomola\n|-damage|p1a: Alomomola|0 fnt\n|-heal|p2a: Ogerpon|100\/100|[from] drain|[of] p1a: Alomomola\n|faint|p1a: Alomomola\n|\n|upkeep\n|\n|t:|1699922028\n|switch|p1a: Sneasler|Sneasler, M|89\/100\n|-damage|p1a: Sneasler|83\/100|[from] Stealth Rock\n|turn|32\n|\n|t:|1699922032\n|move|p1a: Sneasler|Dire Claw|p2a: Ogerpon\n|-damage|p2a: Ogerpon|41\/100\n|move|p2a: Ogerpon|Ivy Cudgel|p1a: Sneasler\n|-damage|p1a: Sneasler|0 fnt\n|faint|p1a: Sneasler\n|\n|win|thunderdog_32\n|raw|Rexfury84's rating: 1264 &rarr; <strong>1243<\/strong><br \/>(-21 for losing)\n|raw|thunderdog_32's rating: 1325 &rarr; <strong>1342<\/strong><br \/>(+17 for winning)\n|c|\u2606Rexfury84|gg\n|c|\u2606thunderdog_32|ggs\n|l|\u2606Rexfury84\n","uploadtime":1699922041,"views":8,"p1id":"rexfury84","p2id":"thunderdog32","formatid":"gen9ou","rating":1243,"private":0,"password":""}