{"id":"gen9ou-1996837957","p1":"LuckySalesman","p2":"Phillys","format":"[Gen 9] OU","log":"|j|\u2606LuckySalesman\n|j|\u2606Phillys\n|t:|1700733340\n|gametype|singles\n|player|p1|LuckySalesman|hexmaniac-gen3jp|1216\n|player|p2|Phillys|worker|1163\n|teamsize|p1|6\n|teamsize|p2|6\n|gen|9\n|tier|[Gen 9] OU\n|rated|\n|rule|Sleep Clause Mod: Limit one foe put to sleep\n|rule|Species Clause: Limit one of each Pok\u00e9mon\n|rule|OHKO Clause: OHKO moves are banned\n|rule|Evasion Items Clause: Evasion items are banned\n|rule|Evasion Moves Clause: Evasion moves are banned\n|rule|Endless Battle Clause: Forcing endless battles is banned\n|rule|HP Percentage Mod: HP is shown in percentages\n|clearpoke\n|poke|p1|Hatterene, F|\n|poke|p1|Ursaluna, F|\n|poke|p1|Crawdaunt, F|\n|poke|p1|Rabsca, F|\n|poke|p1|Iron Moth|\n|poke|p1|Kingambit, F|\n|poke|p2|Honchkrow, F|\n|poke|p2|Cramorant, M|\n|poke|p2|Dachsbun, F|\n|poke|p2|Tauros-Paldea-Aqua, M|\n|poke|p2|Dusknoir, F|\n|poke|p2|Yanmega, M|\n|teampreview\n|c|\u2606LuckySalesman|gl hf\n|c|\u2606Phillys|you too\n|c|\u2606LuckySalesman|which tier is this from, RU?\n|c|\u2606Phillys|just whacked some fun mons together\n|c|\u2606LuckySalesman|dachsbund is a pretty based choice tho\n|c|\u2606Phillys|B)\n|\n|t:|1700733393\n|start\n|switch|p1a: Tarma|Hatterene, F|100\/100\n|switch|p2a: Cyclopath|Dusknoir, F|100\/100\n|-item|p1a: Tarma|Focus Sash|[from] ability: Frisk|[of] p2a: Cyclopath|[identify]\n|turn|1\n|\n|t:|1700733408\n|move|p2a: Cyclopath|Leech Life|p1a: Tarma\n|-damage|p1a: Tarma|66\/100\n|move|p1a: Tarma|Trick Room|p1a: Tarma\n|-fieldstart|move: Trick Room|[of] p1a: Tarma\n|\n|upkeep\n|turn|2\n|\n|t:|1700733426\n|switch|p1a: Fazbear|Ursaluna, F|100\/100\n|move|p2a: Cyclopath|Leech Life|p1a: Fazbear\n|-damage|p1a: Fazbear|71\/100\n|\n|-status|p1a: Fazbear|brn|[from] item: Flame Orb\n|upkeep\n|turn|3\n|\n|t:|1700733448\n|switch|p2a: Tauros|Tauros-Paldea-Aqua, M|100\/100\n|-ability|p2a: Tauros|Intimidate|boost\n|-unboost|p1a: Fazbear|atk|1\n|move|p1a: Fazbear|Earthquake|p2a: Tauros\n|-damage|p2a: Tauros|62\/100\n|\n|-heal|p2a: Tauros|68\/100|[from] item: Leftovers\n|-damage|p1a: Fazbear|65\/100 brn|[from] brn\n|upkeep\n|turn|4\n|\n|t:|1700733464\n|-terastallize|p1a: Fazbear|Normal\n|move|p1a: Fazbear|Swords Dance|p1a: Fazbear\n|-boost|p1a: Fazbear|atk|2\n|move|p2a: Tauros|Body Press|p1a: Fazbear\n|-supereffective|p1a: Fazbear\n|-damage|p1a: Fazbear|5\/100 brn\n|\n|-heal|p2a: Tauros|75\/100|[from] item: Leftovers\n|-damage|p1a: Fazbear|0 fnt|[from] brn\n|faint|p1a: Fazbear\n|upkeep\n|c|\u2606LuckySalesman|OOF\n|c|\u2606LuckySalesman|I was expecting an aqua move to deal with the ground type side\n|\n|t:|1700733490\n|switch|p1a: Orb|Rabsca, F|100\/100\n|turn|5\n|c|\u2606Phillys|hahah it happens\n|c|\u2606Phillys|I'm bound to mess up too\n|c|\u2606LuckySalesman|oh I wasn't asking for your forgiveness for that\n|\n|t:|1700733515\n|switch|p2a: Cyclopath|Dusknoir, F|100\/100\n|-item|p1a: Orb|Colbur Berry|[from] ability: Frisk|[of] p2a: Cyclopath|[identify]\n|move|p1a: Orb|Revival Blessing|p1a: Orb\n|c|\u2606LuckySalesman|though I may be asking for forgiveness for what's to come\n|\n|t:|1700733521\n|-heal|p1: Fazbear|50\/100|[from] move: Revival Blessing\n|\n|-fieldend|move: Trick Room\n|upkeep\n|turn|6\n|\n|t:|1700733531\n|move|p2a: Cyclopath|Ice Punch|p1a: Orb\n|-damage|p1a: Orb|71\/100\n|move|p1a: Orb|Trick Room|p1a: Orb\n|-fieldstart|move: Trick Room|[of] p1a: Orb\n|\n|upkeep\n|turn|7\n|\n|t:|1700733544\n|switch|p1a: Brine|Crawdaunt, F|100\/100\n|move|p2a: Cyclopath|Ice Punch|p1a: Brine\n|-resisted|p1a: Brine\n|-damage|p1a: Brine|78\/100\n|\n|upkeep\n|turn|8\n|c|\u2606Phillys|hahahah\n|\n|t:|1700733560\n|switch|p2a: Dachsbun|Dachsbun, F|100\/100\n|move|p1a: Brine|Knock Off|p2a: Dachsbun\n|-resisted|p2a: Dachsbun\n|-damage|p2a: Dachsbun|61\/100\n|-enditem|p2a: Dachsbun|Aguav Berry|[from] move: Knock Off|[of] p1a: Brine\n|-damage|p1a: Brine|68\/100|[from] item: Life Orb\n|\n|upkeep\n|turn|9\n|\n|t:|1700733576\n|move|p1a: Brine|Crabhammer|p2a: Dachsbun\n|-damage|p2a: Dachsbun|0 fnt\n|faint|p2a: Dachsbun\n|-damage|p1a: Brine|58\/100|[from] item: Life Orb\n|\n|upkeep\n|c|\u2606Phillys|oof\n|\n|t:|1700733586\n|switch|p2a: Tauros|Tauros-Paldea-Aqua, M|75\/100\n|-ability|p2a: Tauros|Intimidate|boost\n|-unboost|p1a: Brine|atk|1\n|turn|10\n|\n|t:|1700733598\n|switch|p1a: Orb|Rabsca, F|71\/100\n|move|p2a: Tauros|Protect||[still]\n|-fail|p2a: Tauros\n|\n|-heal|p2a: Tauros|81\/100|[from] item: Leftovers\n|-fieldend|move: Trick Room\n|upkeep\n|turn|11\n|\n|t:|1700733614\n|switch|p2a: Cyclopath|Dusknoir, F|100\/100\n|-item|p1a: Orb|Colbur Berry|[from] ability: Frisk|[of] p2a: Cyclopath|[identify]\n|move|p1a: Orb|Trick Room|p1a: Orb\n|-fieldstart|move: Trick Room|[of] p1a: Orb\n|\n|upkeep\n|turn|12\n|\n|t:|1700733627\n|move|p1a: Orb|Memento|p2a: Cyclopath\n|-unboost|p2a: Cyclopath|atk|2\n|-unboost|p2a: Cyclopath|spa|2\n|faint|p1a: Orb\n|move|p2a: Cyclopath|Fire Punch|p1: Orb|[notarget]\n|-fail|p2a: Cyclopath\n|\n|upkeep\n|\n|t:|1700733636\n|switch|p1a: Brine|Crawdaunt, F|58\/100\n|turn|13\n|\n|t:|1700733640\n|switch|p2a: Tauros|Tauros-Paldea-Aqua, M|81\/100\n|-ability|p2a: Tauros|Intimidate|boost\n|-unboost|p1a: Brine|atk|1\n|move|p1a: Brine|Swords Dance|p1a: Brine\n|-boost|p1a: Brine|atk|2\n|\n|-heal|p2a: Tauros|87\/100|[from] item: Leftovers\n|upkeep\n|turn|14\n|\n|t:|1700733653\n|move|p2a: Tauros|Protect|p2a: Tauros\n|-singleturn|p2a: Tauros|Protect\n|move|p1a: Brine|Crabhammer|p2a: Tauros\n|-activate|p2a: Tauros|move: Protect\n|\n|-heal|p2a: Tauros|93\/100|[from] item: Leftovers\n|upkeep\n|turn|15\n|\n|t:|1700733660\n|move|p1a: Brine|Crabhammer|p2a: Tauros|[miss]\n|-miss|p1a: Brine|p2a: Tauros\n|move|p2a: Tauros|Body Press|p1a: Brine\n|-supereffective|p1a: Brine\n|-damage|p1a: Brine|0 fnt\n|faint|p1a: Brine\n|\n|-heal|p2a: Tauros|99\/100|[from] item: Leftovers\n|-fieldend|move: Trick Room\n|upkeep\n|c|\u2606LuckySalesman|yeah\n|c|\u2606LuckySalesman|been one of those days\n|\n|t:|1700733673\n|switch|p1a: Mecha Mothra|Iron Moth|100\/100\n|-enditem|p1a: Mecha Mothra|Booster Energy\n|-activate|p1a: Mecha Mothra|ability: Quark Drive|[fromitem]\n|-start|p1a: Mecha Mothra|quarkdrivespe\n|turn|16\n|c|\u2606Phillys|rip\n|\n|t:|1700733690\n|switch|p2a: Cyclopath|Dusknoir, F|100\/100\n|move|p1a: Mecha Mothra|Energy Ball|p2a: Cyclopath\n|-damage|p2a: Cyclopath|75\/100\n|\n|upkeep\n|turn|17\n|\n|t:|1700733698\n|move|p1a: Mecha Mothra|Substitute|p1a: Mecha Mothra\n|-start|p1a: Mecha Mothra|Substitute\n|-damage|p1a: Mecha Mothra|76\/100\n|move|p2a: Cyclopath|Earthquake|p1a: Mecha Mothra\n|-supereffective|p1a: Mecha Mothra\n|-end|p1a: Mecha Mothra|Substitute\n|\n|upkeep\n|turn|18\n|\n|t:|1700733714\n|-end|p1a: Mecha Mothra|Quark Drive|[silent]\n|switch|p1a: Vibroblade|Kingambit, F|100\/100\n|-activate|p1a: Vibroblade|ability: Supreme Overlord\n|-start|p1a: Vibroblade|fallen3|[silent]\n|move|p2a: Cyclopath|Earthquake|p1a: Vibroblade\n|-supereffective|p1a: Vibroblade\n|-damage|p1a: Vibroblade|34\/100\n|\n|upkeep\n|turn|19\n|\n|t:|1700733725\n|-terastallize|p2a: Cyclopath|Steel\n|move|p1a: Vibroblade|Sucker Punch|p2a: Cyclopath\n|-damage|p2a: Cyclopath|26\/100\n|move|p2a: Cyclopath|Earthquake|p1a: Vibroblade\n|-supereffective|p1a: Vibroblade\n|-damage|p1a: Vibroblade|0 fnt\n|faint|p1a: Vibroblade\n|-end|p1a: Vibroblade|fallen3|[silent]\n|\n|upkeep\n|\n|t:|1700733733\n|switch|p1a: Mecha Mothra|Iron Moth|76\/100\n|turn|20\n|\n|t:|1700733738\n|move|p1a: Mecha Mothra|Fiery Dance|p2a: Cyclopath\n|-supereffective|p2a: Cyclopath\n|-damage|p2a: Cyclopath|0 fnt\n|faint|p2a: Cyclopath\n|\n|upkeep\n|\n|t:|1700733747\n|switch|p2a: Cecile|Cramorant, M|100\/100\n|turn|21\n|\n|t:|1700733750\n|move|p1a: Mecha Mothra|Substitute|p1a: Mecha Mothra\n|-start|p1a: Mecha Mothra|Substitute\n|-damage|p1a: Mecha Mothra|51\/100\n|move|p2a: Cecile|Surf|p1a: Mecha Mothra\n|-formechange|p2a: Cecile|Cramorant-Gulping|\n|-supereffective|p1a: Mecha Mothra\n|-end|p1a: Mecha Mothra|Substitute\n|\n|upkeep\n|turn|22\n|\n|t:|1700733758\n|move|p1a: Mecha Mothra|Sludge Wave|p2a: Cecile\n|-damage|p2a: Cecile|41\/100\n|-damage|p1a: Mecha Mothra|26\/100|[from] ability: Gulp Missile|[of] p2a: Cecile\n|-unboost|p1a: Mecha Mothra|def|1\n|-formechange|p2a: Cecile|Cramorant|\n|move|p2a: Cecile|Surf|p1a: Mecha Mothra\n|-formechange|p2a: Cecile|Cramorant-Gorging|\n|-supereffective|p1a: Mecha Mothra\n|-damage|p1a: Mecha Mothra|0 fnt\n|faint|p1a: Mecha Mothra\n|-end|p1a: Mecha Mothra|Quark Drive|[silent]\n|\n|upkeep\n|\n|t:|1700733769\n|switch|p1a: Tarma|Hatterene, F|66\/100\n|turn|23\n|\n|t:|1700733774\n|move|p2a: Cecile|Surf|p1a: Tarma\n|-damage|p1a: Tarma|26\/100\n|move|p1a: Tarma|Trick Room|p1a: Tarma\n|-fieldstart|move: Trick Room|[of] p1a: Tarma\n|\n|upkeep\n|turn|24\n|\n|t:|1700733787\n|move|p2a: Cecile|Endure|p2a: Cecile\n|-singleturn|p2a: Cecile|move: Endure\n|move|p1a: Tarma|Healing Wish|p1a: Tarma\n|faint|p1a: Tarma\n|\n|upkeep\n|\n|t:|1700733792\n|switch|p1a: Fazbear|Ursaluna, F|50\/100\n|-heal|p1a: Fazbear|100\/100|[from] move: Healing Wish\n|turn|25\n|\n|t:|1700733804\n|move|p1a: Fazbear|Facade|p2a: Cecile\n|-damage|p2a: Cecile|0 fnt\n|-damage|p1a: Fazbear|76\/100|[from] ability: Gulp Missile|[of] p2a: Cecile\n|-status|p1a: Fazbear|par\n|-formechange|p2a: Cecile|Cramorant|\n|faint|p2a: Cecile\n|\n|upkeep\n|\n|t:|1700733816\n|switch|p2a: Tauros|Tauros-Paldea-Aqua, M|99\/100\n|-ability|p2a: Tauros|Intimidate|boost\n|-unboost|p1a: Fazbear|atk|1\n|turn|26\n|\n|t:|1700733823\n|switch|p2a: Yanmega|Yanmega, M|100\/100\n|move|p1a: Fazbear|Facade|p2a: Yanmega\n|-damage|p2a: Yanmega|0 fnt\n|faint|p2a: Yanmega\n|\n|upkeep\n|\n|t:|1700733830\n|switch|p2a: Tauros|Tauros-Paldea-Aqua, M|99\/100\n|-ability|p2a: Tauros|Intimidate|boost\n|-unboost|p1a: Fazbear|atk|1\n|turn|27\n|\n|t:|1700733836\n|cant|p1a: Fazbear|par\n|move|p2a: Tauros|Body Press|p1a: Fazbear\n|-supereffective|p1a: Fazbear\n|-crit|p1a: Fazbear\n|-damage|p1a: Fazbear|0 fnt\n|faint|p1a: Fazbear\n|\n|win|Phillys\n|raw|LuckySalesman's rating: 1216 &rarr; <strong>1187<\/strong><br \/>(-29 for losing)\n|raw|Phillys's rating: 1163 &rarr; <strong>1192<\/strong><br \/>(+29 for winning)\n|c|\u2606Phillys|gg wp\n|c|\u2606LuckySalesman|ggs\n|l|\u2606LuckySalesman\n","uploadtime":1700733860,"views":7,"p1id":"luckysalesman","p2id":"phillys","formatid":"gen9ou","rating":1187,"private":0,"password":""}