{"id":"gen9ou-1991374799","p1":"SDK04","p2":"apoiguespm","format":"[Gen 9] OU","log":"|j|\u2606SDK04\n|j|\u2606apoiguespm\n|t:|1700071846\n|gametype|singles\n|player|p1|SDK04|unknown|1640\n|player|p2|apoiguespm|cyrus|1699\n|teamsize|p1|6\n|teamsize|p2|6\n|gen|9\n|tier|[Gen 9] OU\n|rated|\n|rule|Sleep Clause Mod: Limit one foe put to sleep\n|rule|Species Clause: Limit one of each Pok\u00e9mon\n|rule|OHKO Clause: OHKO moves are banned\n|rule|Evasion Items Clause: Evasion items are banned\n|rule|Evasion Moves Clause: Evasion moves are banned\n|rule|Endless Battle Clause: Forcing endless battles is banned\n|rule|HP Percentage Mod: HP is shown in percentages\n|clearpoke\n|poke|p1|Ninetales-Alola, M|\n|poke|p1|Ogerpon-Wellspring, F|\n|poke|p1|Mew|\n|poke|p1|Kingambit, F|\n|poke|p1|Gholdengo|\n|poke|p1|Salamence, M|\n|poke|p2|Gholdengo|\n|poke|p2|Iron Valiant|\n|poke|p2|Great Tusk|\n|poke|p2|Kingambit, M|\n|poke|p2|Dragonite, F|\n|poke|p2|Samurott-Hisui, M|\n|teampreview\n|inactive|Battle timer is ON: inactive players will automatically lose when time's up. (requested by apoiguespm)\n|\n|t:|1700071850\n|start\n|switch|p1a: cool window|Ninetales-Alola, M|100\/100\n|switch|p2a: Samurott|Samurott-Hisui, M, shiny|100\/100\n|-weather|Snow|[from] ability: Snow Warning|[of] p1a: cool window\n|turn|1\n|\n|t:|1700071868\n|move|p2a: Samurott|Ceaseless Edge|p1a: cool window\n|-resisted|p1a: cool window\n|-damage|p1a: cool window|81\/100\n|-sidestart|p1: SDK04|Spikes\n|move|p1a: cool window|Aurora Veil|p1a: cool window\n|-sidestart|p1: SDK04|move: Aurora Veil\n|\n|-weather|Snow|[upkeep]\n|upkeep\n|turn|2\n|\n|t:|1700071870\n|move|p2a: Samurott|Ceaseless Edge|p1a: cool window\n|-resisted|p1a: cool window\n|-damage|p1a: cool window|72\/100\n|-sidestart|p1: SDK04|Spikes\n|move|p1a: cool window|Freeze-Dry|p2a: Samurott\n|-supereffective|p2a: Samurott\n|-damage|p2a: Samurott|40\/100\n|\n|-weather|Snow|[upkeep]\n|upkeep\n|turn|3\n|\n|t:|1700071872\n|move|p2a: Samurott|Ceaseless Edge|p1a: cool window\n|-resisted|p1a: cool window\n|-damage|p1a: cool window|63\/100\n|-sidestart|p1: SDK04|Spikes\n|move|p1a: cool window|Freeze-Dry|p2a: Samurott\n|-supereffective|p2a: Samurott\n|-damage|p2a: Samurott|0 fnt\n|faint|p2a: Samurott\n|\n|-weather|Snow|[upkeep]\n|upkeep\n|\n|t:|1700071875\n|switch|p2a: Gholdengo|Gholdengo, shiny|100\/100\n|turn|4\n|\n|t:|1700071877\n|move|p1a: cool window|Freeze-Dry|p2a: Gholdengo\n|-resisted|p2a: Gholdengo\n|-damage|p2a: Gholdengo|89\/100\n|move|p2a: Gholdengo|Make It Rain|p1a: cool window\n|-supereffective|p1a: cool window\n|-damage|p1a: cool window|0 fnt\n|-unboost|p2a: Gholdengo|spa|1\n|faint|p1a: cool window\n|\n|-weather|Snow|[upkeep]\n|upkeep\n|\n|t:|1700071880\n|switch|p1a: I miss Himiko\u2026|Salamence, M|100\/100\n|turn|5\n|\n|t:|1700071882\n|move|p2a: Gholdengo|Make It Rain|p1a: I miss Himiko\u2026\n|-damage|p1a: I miss Himiko\u2026|62\/100\n|-unboost|p2a: Gholdengo|spa|1\n|move|p1a: I miss Himiko\u2026|Dragon Dance|p1a: I miss Himiko\u2026\n|-boost|p1a: I miss Himiko\u2026|atk|1\n|-boost|p1a: I miss Himiko\u2026|spe|1\n|\n|-weather|none\n|upkeep\n|turn|6\n|\n|t:|1700071886\n|switch|p2a: Iron Valiant|Iron Valiant, shiny|100\/100\n|-enditem|p2a: Iron Valiant|Booster Energy\n|-activate|p2a: Iron Valiant|ability: Quark Drive|[fromitem]\n|-start|p2a: Iron Valiant|quarkdrivespe\n|move|p1a: I miss Himiko\u2026|Dragon Dance|p1a: I miss Himiko\u2026\n|-boost|p1a: I miss Himiko\u2026|atk|1\n|-boost|p1a: I miss Himiko\u2026|spe|1\n|\n|upkeep\n|turn|7\n|\n|t:|1700071888\n|move|p1a: I miss Himiko\u2026|Dual Wingbeat|p2a: Iron Valiant\n|-supereffective|p2a: Iron Valiant\n|-crit|p2a: Iron Valiant\n|-damage|p2a: Iron Valiant|0 fnt\n|faint|p2a: Iron Valiant\n|-end|p2a: Iron Valiant|Quark Drive|[silent]\n|-ability|p1a: I miss Himiko\u2026|Moxie|boost\n|-boost|p1a: I miss Himiko\u2026|atk|1\n|-hitcount|p2: Iron Valiant|1\n|\n|upkeep\n|\n|t:|1700071892\n|switch|p2a: Great Tusk|Great Tusk, shiny|100\/100\n|turn|8\n|\n|t:|1700071895\n|-terastallize|p1a: I miss Himiko\u2026|Flying\n|-terastallize|p2a: Great Tusk|Water\n|move|p1a: I miss Himiko\u2026|Dual Wingbeat|p2a: Great Tusk\n|-damage|p2a: Great Tusk|48\/100\n|-damage|p2a: Great Tusk|0 fnt\n|faint|p2a: Great Tusk\n|-end|p2a: Great Tusk|Protosynthesis|[silent]\n|-ability|p1a: I miss Himiko\u2026|Moxie|boost\n|-boost|p1a: I miss Himiko\u2026|atk|1\n|-hitcount|p2: Great Tusk|2\n|\n|-sideend|p1: SDK04|move: Aurora Veil\n|upkeep\n|\n|t:|1700071898\n|switch|p2a: Kingambit|Kingambit, M, shiny|100\/100\n|-activate|p2a: Kingambit|ability: Supreme Overlord\n|-start|p2a: Kingambit|fallen3|[silent]\n|turn|9\n|\n|t:|1700071902\n|move|p2a: Kingambit|Sucker Punch||[still]\n|-fail|p2a: Kingambit\n|move|p1a: I miss Himiko\u2026|Roost|p1a: I miss Himiko\u2026\n|-heal|p1a: I miss Himiko\u2026|100\/100\n|-hint|If a Flying Terastallized Pokemon uses Roost, it remains Flying-type.\n|\n|upkeep\n|turn|10\n|\n|t:|1700071904\n|move|p2a: Kingambit|Sucker Punch|p1a: I miss Himiko\u2026\n|-damage|p1a: I miss Himiko\u2026|44\/100\n|move|p1a: I miss Himiko\u2026|Earthquake|p2a: Kingambit\n|-supereffective|p2a: Kingambit\n|-damage|p2a: Kingambit|0 fnt\n|faint|p2a: Kingambit\n|-end|p2a: Kingambit|fallen3|[silent]\n|-ability|p1a: I miss Himiko\u2026|Moxie|boost\n|-boost|p1a: I miss Himiko\u2026|atk|1\n|\n|upkeep\n|\n|t:|1700071906\n|switch|p2a: Dragonite|Dragonite, F, shiny|100\/100\n|turn|11\n|\n|t:|1700071908\n|move|p2a: Dragonite|Extreme Speed|p1a: I miss Himiko\u2026\n|-damage|p1a: I miss Himiko\u2026|9\/100\n|move|p1a: I miss Himiko\u2026|Dual Wingbeat|p2a: Dragonite\n|-damage|p2a: Dragonite|43\/100\n|-damage|p2a: Dragonite|0 fnt\n|faint|p2a: Dragonite\n|-ability|p1a: I miss Himiko\u2026|Moxie|boost\n|-boost|p1a: I miss Himiko\u2026|atk|1\n|-hitcount|p2: Dragonite|2\n|\n|upkeep\n|-message|apoiguespm forfeited.\n|\n|win|SDK04\n|raw|SDK04's rating: 1640 &rarr; <strong>1663<\/strong><br \/>(+23 for winning)\n|raw|apoiguespm's rating: 1699 &rarr; <strong>1676<\/strong><br \/>(-23 for losing)\n|l|\u2606apoiguespm\n|j|\u2606apoiguespm\n|player|p2|apoiguespm|cyrus\n|l|\u2606apoiguespm\n|player|p2|\n|j| mcdogface\n|l| mcdogface\n","uploadtime":1700071918,"views":9,"p1id":"sdk04","p2id":"apoiguespm","formatid":"gen9ou","rating":1663,"private":0,"password":""}