{"id":"gen9ou-1993752087","p1":"VanhominTesting","p2":"ArionWhat","format":"[Gen 9] OU","log":"|j|\u2606VanhominTesting\n|j|\u2606ArionWhat\n|t:|1700353024\n|gametype|singles\n|player|p1|VanhominTesting|scientist-gen4|1108\n|player|p2|ArionWhat|steven|1085\n|teamsize|p1|6\n|teamsize|p2|6\n|gen|9\n|tier|[Gen 9] OU\n|rated|\n|rule|Sleep Clause Mod: Limit one foe put to sleep\n|rule|Species Clause: Limit one of each Pok\u00e9mon\n|rule|OHKO Clause: OHKO moves are banned\n|rule|Evasion Items Clause: Evasion items are banned\n|rule|Evasion Moves Clause: Evasion moves are banned\n|rule|Endless Battle Clause: Forcing endless battles is banned\n|rule|HP Percentage Mod: HP is shown in percentages\n|clearpoke\n|poke|p1|Zapdos|\n|poke|p1|Ninetales-Alola, M|\n|poke|p1|Garganacl, F|\n|poke|p1|Ursaluna, M|\n|poke|p1|Toxapex, M|\n|poke|p1|Ditto|\n|poke|p2|Bisharp, F|\n|poke|p2|Clodsire, F|\n|poke|p2|Heatran, F|\n|poke|p2|Zapdos|\n|poke|p2|Pelipper, M|\n|poke|p2|Drednaw, M|\n|teampreview\n|inactive|Battle timer is ON: inactive players will automatically lose when time's up. (requested by VanhominTesting)\n|\n|t:|1700353031\n|start\n|switch|p1a: Ninetales|Ninetales-Alola, M|100\/100\n|switch|p2a: Bisharp|Bisharp, F|100\/100\n|-weather|Snow|[from] ability: Snow Warning|[of] p1a: Ninetales\n|turn|1\n|\n|t:|1700353040\n|move|p1a: Ninetales|Aurora Veil|p1a: Ninetales\n|-sidestart|p1: VanhominTesting|move: Aurora Veil\n|move|p2a: Bisharp|Stealth Rock|p1a: Ninetales\n|-sidestart|p1: VanhominTesting|move: Stealth Rock\n|\n|-weather|Snow|[upkeep]\n|upkeep\n|turn|2\n|\n|t:|1700353051\n|switch|p2a: Pelipper|Pelipper, M|100\/100\n|-weather|RainDance|[from] ability: Drizzle|[of] p2a: Pelipper\n|move|p1a: Ninetales|Encore||[still]\n|-fail|p1a: Ninetales\n|\n|-weather|RainDance|[upkeep]\n|upkeep\n|turn|3\n|\n|t:|1700353068\n|switch|p1a: Zapdos|Zapdos|100\/100\n|-damage|p1a: Zapdos|76\/100|[from] Stealth Rock\n|-ability|p1a: Zapdos|Pressure\n|move|p2a: Pelipper|U-turn|p1a: Zapdos\n|-resisted|p1a: Zapdos\n|-damage|p1a: Zapdos|73\/100\n|\n|t:|1700353082\n|switch|p2a: Clodsire|Clodsire, F|100\/100|[from] U-turn\n|\n|-weather|RainDance|[upkeep]\n|-heal|p1a: Zapdos|79\/100|[from] item: Leftovers\n|upkeep\n|turn|4\n|\n|t:|1700353095\n|switch|p1a: Aristotle|Toxapex, M|100\/100\n|-damage|p1a: Aristotle|88\/100|[from] Stealth Rock\n|move|p2a: Clodsire|Toxic Spikes|p1a: Aristotle\n|-sidestart|p1: VanhominTesting|move: Toxic Spikes\n|\n|-weather|RainDance|[upkeep]\n|-heal|p1a: Aristotle|94\/100|[from] item: Black Sludge\n|upkeep\n|turn|5\n|\n|t:|1700353110\n|move|p1a: Aristotle|Chilling Water|p2a: Clodsire\n|-immune|p2a: Clodsire|[from] ability: Water Absorb\n|move|p2a: Clodsire|Toxic Spikes|p1a: Aristotle\n|-sidestart|p1: VanhominTesting|move: Toxic Spikes\n|\n|-weather|RainDance|[upkeep]\n|-heal|p1a: Aristotle|100\/100|[from] item: Black Sludge\n|upkeep\n|turn|6\n|inactive|VanhominTesting has 120 seconds left.\n|\n|t:|1700353158\n|switch|p1a: Catalyst|Garganacl, F|100\/100\n|-damage|p1a: Catalyst|88\/100|[from] Stealth Rock\n|move|p2a: Clodsire|Earthquake|p1a: Catalyst\n|-supereffective|p1a: Catalyst\n|-damage|p1a: Catalyst|71\/100\n|\n|-weather|none\n|-heal|p1a: Catalyst|77\/100|[from] item: Leftovers\n|upkeep\n|turn|7\n|\n|t:|1700353179\n|move|p1a: Catalyst|Curse|p1a: Catalyst\n|-unboost|p1a: Catalyst|spe|1\n|-boost|p1a: Catalyst|atk|1\n|-boost|p1a: Catalyst|def|1\n|move|p2a: Clodsire|Earthquake|p1a: Catalyst\n|-supereffective|p1a: Catalyst\n|-damage|p1a: Catalyst|64\/100\n|\n|-heal|p1a: Catalyst|70\/100|[from] item: Leftovers\n|upkeep\n|turn|8\n|inactive|VanhominTesting has 120 seconds left.\n|inactive|ArionWhat has 120 seconds left.\n|\n|t:|1700353200\n|switch|p2a: Heatran|Heatran, F|100\/100\n|-item|p2a: Heatran|Air Balloon\n|move|p1a: Catalyst|Curse|p1a: Catalyst\n|-unboost|p1a: Catalyst|spe|1\n|-boost|p1a: Catalyst|atk|1\n|-boost|p1a: Catalyst|def|1\n|\n|-heal|p1a: Catalyst|76\/100|[from] item: Leftovers\n|-sideend|p1: VanhominTesting|move: Aurora Veil\n|upkeep\n|turn|9\n|inactive|ArionWhat has 120 seconds left.\n|\n|t:|1700353220\n|-terastallize|p2a: Heatran|Grass\n|move|p2a: Heatran|Tera Blast|p1a: Catalyst|[anim] Tera Blast Grass\n|-supereffective|p1a: Catalyst\n|-damage|p1a: Catalyst|25\/100\n|move|p1a: Catalyst|Salt Cure|p2a: Heatran\n|-crit|p2a: Heatran\n|-damage|p2a: Heatran|76\/100\n|-start|p2a: Heatran|Salt Cure\n|-enditem|p2a: Heatran|Air Balloon\n|\n|-heal|p1a: Catalyst|32\/100|[from] item: Leftovers\n|-damage|p2a: Heatran|63\/100|[from] Salt Cure\n|upkeep\n|turn|10\n|\n|t:|1700353243\n|-terastallize|p1a: Catalyst|Ghost\n|move|p2a: Heatran|Tera Blast|p1a: Catalyst|[anim] Tera Blast Grass\n|-damage|p1a: Catalyst|8\/100\n|move|p1a: Catalyst|Recover|p1a: Catalyst\n|-heal|p1a: Catalyst|59\/100\n|\n|-heal|p1a: Catalyst|65\/100|[from] item: Leftovers\n|-damage|p2a: Heatran|51\/100|[from] Salt Cure\n|upkeep\n|turn|11\n|inactive|VanhominTesting has 90 seconds left.\n|\n|t:|1700353275\n|switch|p2a: Bisharp|Bisharp, F|100\/100\n|move|p1a: Catalyst|Recover|p1a: Catalyst\n|-heal|p1a: Catalyst|100\/100\n|\n|upkeep\n|turn|12\n|\n|t:|1700353285\n|move|p2a: Bisharp|Lash Out|p1a: Catalyst\n|-supereffective|p1a: Catalyst\n|-damage|p1a: Catalyst|72\/100\n|move|p1a: Catalyst|Body Press|p2a: Bisharp\n|-supereffective|p2a: Bisharp\n|-damage|p2a: Bisharp|0 fnt\n|faint|p2a: Bisharp\n|\n|-heal|p1a: Catalyst|78\/100|[from] item: Leftovers\n|upkeep\n|\n|t:|1700353300\n|switch|p2a: Pelipper|Pelipper, M|100\/100\n|-weather|RainDance|[from] ability: Drizzle|[of] p2a: Pelipper\n|turn|13\n|\n|t:|1700353307\n|move|p2a: Pelipper|Hurricane|p1a: Catalyst\n|-damage|p1a: Catalyst|56\/100\n|move|p1a: Catalyst|Salt Cure|p2a: Pelipper\n|-supereffective|p2a: Pelipper\n|-damage|p2a: Pelipper|41\/100\n|-start|p2a: Pelipper|Salt Cure\n|\n|-weather|RainDance|[upkeep]\n|-heal|p1a: Catalyst|62\/100|[from] item: Leftovers\n|-damage|p2a: Pelipper|16\/100|[from] Salt Cure\n|upkeep\n|turn|14\n|\n|t:|1700353322\n|switch|p2a: Clodsire|Clodsire, F|100\/100\n|move|p1a: Catalyst|Recover|p1a: Catalyst\n|-heal|p1a: Catalyst|100\/100\n|\n|-weather|RainDance|[upkeep]\n|upkeep\n|turn|15\n|inactive|VanhominTesting has 120 seconds left.\n|inactive|VanhominTesting has 90 seconds left.\n|-message|ArionWhat forfeited.\n|\n|win|VanhominTesting\n|raw|VanhominTesting's rating: 1108 &rarr; <strong>1131<\/strong><br \/>(+23 for winning)\n|raw|ArionWhat's rating: 1085 &rarr; <strong>1064<\/strong><br \/>(-21 for losing)\n|l|\u2606ArionWhat\n","uploadtime":1700353377,"views":18,"p1id":"vanhomintesting","p2id":"arionwhat","formatid":"gen9ou","rating":1064,"private":0,"password":""}