{"id":"gen9ou-1991905471","p1":"JustFlap","p2":"Flaky Snipe","format":"[Gen 9] OU","log":"|j|\u2606JustFlap\n|j|\u2606Flaky Snipe\n|t:|1700136362\n|gametype|singles\n|player|p1|JustFlap|marley|1086\n|player|p2|Flaky Snipe|bellelba|1094\n|teamsize|p1|6\n|teamsize|p2|6\n|gen|9\n|tier|[Gen 9] OU\n|rated|\n|rule|Sleep Clause Mod: Limit one foe put to sleep\n|rule|Species Clause: Limit one of each Pok\u00e9mon\n|rule|OHKO Clause: OHKO moves are banned\n|rule|Evasion Items Clause: Evasion items are banned\n|rule|Evasion Moves Clause: Evasion moves are banned\n|rule|Endless Battle Clause: Forcing endless battles is banned\n|rule|HP Percentage Mod: HP is shown in percentages\n|clearpoke\n|poke|p1|Walking Wake|\n|poke|p1|Dragapult, F|\n|poke|p1|Enamorus, F|\n|poke|p1|Corviknight, M|\n|poke|p1|Zapdos|\n|poke|p1|Gholdengo|\n|poke|p2|Iron Treads|\n|poke|p2|Iron Valiant|\n|poke|p2|Ninetales-Alola, M|\n|poke|p2|Kingambit, M|\n|poke|p2|Chandelure, M|\n|poke|p2|Dragonite, F|\n|teampreview\n|inactive|Battle timer is ON: inactive players will automatically lose when time's up. (requested by Flaky Snipe)\n|\n|t:|1700136374\n|start\n|switch|p1a: Enamorus|Enamorus, F|100\/100\n|switch|p2a: Iron Valiant|Iron Valiant|100\/100\n|turn|1\n|\n|t:|1700136383\n|move|p2a: Iron Valiant|Knock Off|p1a: Enamorus\n|-resisted|p1a: Enamorus\n|-damage|p1a: Enamorus|64\/100\n|-enditem|p1a: Enamorus|Heavy-Duty Boots|[from] move: Knock Off|[of] p2a: Iron Valiant\n|-damage|p2a: Iron Valiant|90\/100|[from] item: Life Orb\n|move|p1a: Enamorus|Substitute|p1a: Enamorus\n|-start|p1a: Enamorus|Substitute\n|-damage|p1a: Enamorus|39\/100\n|\n|upkeep\n|turn|2\n|\n|t:|1700136396\n|-end|p2a: Iron Valiant|Quark Drive|[silent]\n|switch|p2a: Ninetales|Ninetales-Alola, M|100\/100\n|-weather|Snow|[from] ability: Snow Warning|[of] p2a: Ninetales\n|move|p1a: Enamorus|Springtide Storm|p2a: Ninetales\n|-damage|p2a: Ninetales|35\/100\n|\n|-weather|Snow|[upkeep]\n|upkeep\n|turn|3\n|\n|t:|1700136406\n|move|p2a: Ninetales|Aurora Veil|p2a: Ninetales\n|-sidestart|p2: Flaky Snipe|move: Aurora Veil\n|move|p1a: Enamorus|Superpower|p2a: Ninetales\n|-damage|p2a: Ninetales|19\/100\n|-unboost|p1a: Enamorus|atk|1\n|-unboost|p1a: Enamorus|def|1\n|\n|-weather|Snow|[upkeep]\n|upkeep\n|turn|4\n|\n|t:|1700136420\n|move|p2a: Ninetales|Moonblast|p1a: Enamorus\n|-end|p1a: Enamorus|Substitute\n|move|p1a: Enamorus|Springtide Storm|p2a: Ninetales\n|-damage|p2a: Ninetales|0 fnt\n|faint|p2a: Ninetales\n|\n|-weather|Snow|[upkeep]\n|upkeep\n|\n|t:|1700136426\n|switch|p2a: Iron Treads|Iron Treads|100\/100\n|turn|5\n|\n|t:|1700136430\n|move|p2a: Iron Treads|Iron Head|p1a: Enamorus\n|-supereffective|p1a: Enamorus\n|-damage|p1a: Enamorus|0 fnt\n|faint|p1a: Enamorus\n|\n|-weather|Snow|[upkeep]\n|upkeep\n|\n|t:|1700136453\n|switch|p1a: Dragapult|Dragapult, F|100\/100\n|turn|6\n|\n|t:|1700136461\n|move|p1a: Dragapult|Substitute|p1a: Dragapult\n|-start|p1a: Dragapult|Substitute\n|-damage|p1a: Dragapult|76\/100\n|move|p2a: Iron Treads|Ice Spinner|p1a: Dragapult\n|-supereffective|p1a: Dragapult\n|-end|p1a: Dragapult|Substitute\n|\n|-weather|none\n|-heal|p1a: Dragapult|82\/100|[from] item: Leftovers\n|upkeep\n|turn|7\n|\n|t:|1700136470\n|move|p1a: Dragapult|Phantom Force||[still]\n|-prepare|p1a: Dragapult|Phantom Force\n|move|p2a: Iron Treads|Ice Spinner|p1a: Dragapult|[miss]\n|-miss|p2a: Iron Treads|p1a: Dragapult\n|\n|-heal|p1a: Dragapult|88\/100|[from] item: Leftovers\n|upkeep\n|turn|8\n|\n|t:|1700136481\n|move|p1a: Dragapult|Phantom Force|p2a: Iron Treads|[from]lockedmove\n|-damage|p2a: Iron Treads|55\/100\n|move|p2a: Iron Treads|Iron Head|p1a: Dragapult\n|-damage|p1a: Dragapult|37\/100\n|\n|-heal|p1a: Dragapult|43\/100|[from] item: Leftovers\n|upkeep\n|turn|9\n|\n|t:|1700136492\n|-end|p2a: Iron Treads|Quark Drive|[silent]\n|switch|p2a: Dragonite|Dragonite, F, shiny|100\/100\n|move|p1a: Dragapult|Phantom Force||[still]\n|-prepare|p1a: Dragapult|Phantom Force\n|\n|-heal|p1a: Dragapult|49\/100|[from] item: Leftovers\n|upkeep\n|turn|10\n|\n|t:|1700136500\n|-terastallize|p2a: Dragonite|Normal\n|move|p1a: Dragapult|Phantom Force|p2a: Dragonite|[from]lockedmove\n|-immune|p2a: Dragonite\n|move|p2a: Dragonite|Earthquake|p1a: Dragapult\n|-damage|p1a: Dragapult|0 fnt\n|faint|p1a: Dragapult\n|\n|-sideend|p2: Flaky Snipe|move: Aurora Veil\n|upkeep\n|\n|t:|1700136512\n|switch|p1a: Walking Wake|Walking Wake|100\/100\n|turn|11\n|\n|t:|1700136516\n|move|p1a: Walking Wake|Dragon Pulse|p2a: Dragonite\n|-damage|p2a: Dragonite|69\/100\n|move|p2a: Dragonite|Outrage|p1a: Walking Wake\n|-supereffective|p1a: Walking Wake\n|-damage|p1a: Walking Wake|0 fnt\n|faint|p1a: Walking Wake\n|-end|p1a: Walking Wake|Protosynthesis|[silent]\n|\n|upkeep\n|\n|t:|1700136523\n|switch|p1a: Corviknight|Corviknight, M|100\/100\n|-ability|p1a: Corviknight|Pressure\n|turn|12\n|\n|t:|1700136528\n|move|p2a: Dragonite|Outrage|p1a: Corviknight|[from]lockedmove\n|-resisted|p1a: Corviknight\n|-damage|p1a: Corviknight|80\/100\n|-start|p2a: Dragonite|confusion|[fatigue]\n|move|p1a: Corviknight|Body Press|p2a: Dragonite\n|-supereffective|p2a: Dragonite\n|-damage|p2a: Dragonite|15\/100\n|\n|-heal|p1a: Corviknight|86\/100|[from] item: Leftovers\n|upkeep\n|turn|13\n|\n|t:|1700136554\n|-activate|p2a: Dragonite|confusion\n|move|p2a: Dragonite|Extreme Speed|p1a: Corviknight\n|-resisted|p1a: Corviknight\n|-damage|p1a: Corviknight|68\/100\n|move|p1a: Corviknight|U-turn|p2a: Dragonite\n|-damage|p2a: Dragonite|0 fnt\n|faint|p2a: Dragonite\n|\n|t:|1700136564\n|switch|p1a: Gholdengo|Gholdengo|100\/100|[from] U-turn\n|\n|upkeep\n|\n|t:|1700136570\n|switch|p2a: Kingambit|Kingambit, M|100\/100\n|-activate|p2a: Kingambit|ability: Supreme Overlord\n|-start|p2a: Kingambit|fallen2|[silent]\n|turn|14\n|\n|t:|1700136577\n|-terastallize|p1a: Gholdengo|Fighting\n|move|p1a: Gholdengo|Nasty Plot|p1a: Gholdengo\n|-boost|p1a: Gholdengo|spa|2\n|move|p2a: Kingambit|Swords Dance|p2a: Kingambit\n|-boost|p2a: Kingambit|atk|2\n|\n|upkeep\n|turn|15\n|\n|t:|1700136586\n|move|p1a: Gholdengo|Nasty Plot|p1a: Gholdengo\n|-boost|p1a: Gholdengo|spa|2\n|move|p2a: Kingambit|Kowtow Cleave|p1a: Gholdengo\n|-resisted|p1a: Gholdengo\n|-damage|p1a: Gholdengo|26\/100\n|\n|upkeep\n|turn|16\n|\n|t:|1700136593\n|move|p2a: Kingambit|Sucker Punch||[still]\n|-fail|p2a: Kingambit\n|move|p1a: Gholdengo|Recover|p1a: Gholdengo\n|-heal|p1a: Gholdengo|76\/100\n|\n|upkeep\n|turn|17\n|\n|t:|1700136599\n|move|p2a: Kingambit|Sucker Punch||[still]\n|-fail|p2a: Kingambit\n|move|p1a: Gholdengo|Recover|p1a: Gholdengo\n|-heal|p1a: Gholdengo|100\/100\n|\n|upkeep\n|turn|18\n|\n|t:|1700136616\n|move|p1a: Gholdengo|Nasty Plot|p1a: Gholdengo\n|-boost|p1a: Gholdengo|spa|2\n|move|p2a: Kingambit|Kowtow Cleave|p1a: Gholdengo\n|-resisted|p1a: Gholdengo\n|-damage|p1a: Gholdengo|16\/100\n|\n|upkeep\n|turn|19\n|\n|t:|1700136629\n|move|p2a: Kingambit|Sucker Punch||[still]\n|-fail|p2a: Kingambit\n|move|p1a: Gholdengo|Recover|p1a: Gholdengo\n|-heal|p1a: Gholdengo|66\/100\n|\n|upkeep\n|turn|20\n|\n|t:|1700136641\n|move|p2a: Kingambit|Sucker Punch||[still]\n|-fail|p2a: Kingambit\n|move|p1a: Gholdengo|Recover|p1a: Gholdengo\n|-heal|p1a: Gholdengo|100\/100\n|\n|upkeep\n|turn|21\n|\n|t:|1700136659\n|move|p2a: Kingambit|Sucker Punch|p1a: Gholdengo\n|-resisted|p1a: Gholdengo\n|-damage|p1a: Gholdengo|30\/100\n|move|p1a: Gholdengo|Make It Rain|p2a: Kingambit\n|-resisted|p2a: Kingambit\n|-damage|p2a: Kingambit|0 fnt\n|-unboost|p1a: Gholdengo|spa|1\n|faint|p2a: Kingambit\n|-end|p2a: Kingambit|fallen2|[silent]\n|\n|upkeep\n|\n|t:|1700136672\n|switch|p2a: Iron Valiant|Iron Valiant|90\/100\n|turn|22\n|\n|t:|1700136679\n|move|p2a: Iron Valiant|Knock Off|p1a: Gholdengo\n|-resisted|p1a: Gholdengo\n|-damage|p1a: Gholdengo|6\/100\n|-enditem|p1a: Gholdengo|Covert Cloak|[from] move: Knock Off|[of] p2a: Iron Valiant\n|-damage|p2a: Iron Valiant|80\/100|[from] item: Life Orb\n|move|p1a: Gholdengo|Recover|p1a: Gholdengo\n|-heal|p1a: Gholdengo|56\/100\n|\n|upkeep\n|turn|23\n|\n|t:|1700136688\n|move|p2a: Iron Valiant|Close Combat|p1a: Gholdengo\n|-damage|p1a: Gholdengo|0 fnt\n|-unboost|p2a: Iron Valiant|def|1\n|-unboost|p2a: Iron Valiant|spd|1\n|faint|p1a: Gholdengo\n|-damage|p2a: Iron Valiant|70\/100|[from] item: Life Orb\n|\n|upkeep\n|\n|t:|1700136697\n|switch|p1a: Corviknight|Corviknight, M|68\/100\n|-ability|p1a: Corviknight|Pressure\n|turn|24\n|\n|t:|1700136702\n|move|p2a: Iron Valiant|Close Combat|p1a: Corviknight\n|-damage|p1a: Corviknight|23\/100\n|-unboost|p2a: Iron Valiant|def|1\n|-unboost|p2a: Iron Valiant|spd|1\n|-damage|p2a: Iron Valiant|60\/100|[from] item: Life Orb\n|move|p1a: Corviknight|Brave Bird|p2a: Iron Valiant\n|-supereffective|p2a: Iron Valiant\n|-damage|p2a: Iron Valiant|0 fnt\n|faint|p2a: Iron Valiant\n|-end|p2a: Iron Valiant|Quark Drive|[silent]\n|-damage|p1a: Corviknight|9\/100|[from] Recoil\n|\n|-heal|p1a: Corviknight|15\/100|[from] item: Leftovers\n|upkeep\n|\n|t:|1700136714\n|switch|p2a: Iron Treads|Iron Treads|55\/100\n|turn|25\n|\n|t:|1700136720\n|move|p2a: Iron Treads|Iron Head|p1a: Corviknight\n|-resisted|p1a: Corviknight\n|-damage|p1a: Corviknight|3\/100\n|cant|p1a: Corviknight|flinch\n|\n|-heal|p1a: Corviknight|9\/100|[from] item: Leftovers\n|upkeep\n|turn|26\n|\n|t:|1700136730\n|switch|p1a: Zapdos|Zapdos|100\/100\n|move|p2a: Iron Treads|Iron Head|p1a: Zapdos\n|-resisted|p1a: Zapdos\n|-damage|p1a: Zapdos|76\/100\n|\n|upkeep\n|turn|27\n|\n|t:|1700136740\n|move|p2a: Iron Treads|Ice Spinner|p1a: Zapdos\n|-supereffective|p1a: Zapdos\n|-crit|p1a: Zapdos\n|-damage|p1a: Zapdos|0 fnt\n|faint|p1a: Zapdos\n|\n|upkeep\n|\n|t:|1700136746\n|switch|p1a: Corviknight|Corviknight, M|9\/100\n|-ability|p1a: Corviknight|Pressure\n|turn|28\n|n|!JustFlap|justflap\n|\n|t:|1700136767\n|move|p2a: Iron Treads|Iron Head|p1a: Corviknight\n|-resisted|p1a: Corviknight\n|-damage|p1a: Corviknight|0 fnt\n|faint|p1a: Corviknight\n|\n|win|Flaky Snipe\n|raw|JustFlap's rating: 1086 &rarr; <strong>1064<\/strong><br \/>(-22 for losing)\n|raw|Flaky Snipe's rating: 1094 &rarr; <strong>1119<\/strong><br \/>(+25 for winning)\n","uploadtime":1700136765,"views":15,"p1id":"justflap","p2id":"flakysnipe","formatid":"gen9ou","rating":1064,"private":0,"password":""}