{"id":"gen9ou-1997249341","p1":"Oshwottking","p2":"Sk3sanchez","format":"[Gen 9] OU","log":"|j|\u2606Oshwottking\n|j|\u203dSk3sanchez\n|t:|1700780314\n|gametype|singles\n|player|p1|Oshwottking|silver|1238\n|player|p2|Sk3sanchez|169|1200\n|teamsize|p1|6\n|teamsize|p2|6\n|gen|9\n|tier|[Gen 9] OU\n|rated|\n|rule|Sleep Clause Mod: Limit one foe put to sleep\n|rule|Species Clause: Limit one of each Pok\u00e9mon\n|rule|OHKO Clause: OHKO moves are banned\n|rule|Evasion Items Clause: Evasion items are banned\n|rule|Evasion Moves Clause: Evasion moves are banned\n|rule|Endless Battle Clause: Forcing endless battles is banned\n|rule|HP Percentage Mod: HP is shown in percentages\n|clearpoke\n|poke|p1|Munkidori, M|\n|poke|p1|Garganacl, F|\n|poke|p1|Corviknight, M|\n|poke|p1|Samurott-Hisui, F|\n|poke|p1|Garchomp, M|\n|poke|p1|Cinderace, F|\n|poke|p2|Pelipper, M|\n|poke|p2|Floatzel, F|\n|poke|p2|Ludicolo, M|\n|poke|p2|Zapdos|\n|poke|p2|Walking Wake|\n|poke|p2|Sinistcha|\n|teampreview\n|inactive|Battle timer is ON: inactive players will automatically lose when time's up. (requested by Sk3sanchez)\n|inactive|Oshwottking also wants the timer to be on.\n|\n|t:|1700780334\n|start\n|switch|p1a: Munkidori|Munkidori, M|100\/100\n|switch|p2a: Sinistcha|Sinistcha|100\/100\n|turn|1\n|\n|t:|1700780339\n|move|p1a: Munkidori|Sludge Wave|p2a: Sinistcha\n|-crit|p2a: Sinistcha\n|-damage|p2a: Sinistcha|0 fnt\n|faint|p2a: Sinistcha\n|\n|upkeep\n|\n|t:|1700780344\n|switch|p2a: Pelipper|Pelipper, M|100\/100\n|-weather|RainDance|[from] ability: Drizzle|[of] p2a: Pelipper\n|turn|2\n|\n|t:|1700780354\n|move|p1a: Munkidori|Sludge Wave|p2a: Pelipper\n|-crit|p2a: Pelipper\n|-damage|p2a: Pelipper|0 fnt\n|faint|p2a: Pelipper\n|\n|-weather|RainDance|[upkeep]\n|upkeep\n|\n|t:|1700780366\n|switch|p2a: Floatzel|Floatzel, F|100\/100\n|turn|3\n|\n|t:|1700780380\n|switch|p1a: Corviknight|Corviknight, M|100\/100\n|-ability|p1a: Corviknight|Pressure\n|move|p2a: Floatzel|Wave Crash|p1a: Corviknight\n|-damage|p1a: Corviknight|25\/100\n|-damage|p2a: Floatzel|84\/100|[from] item: Rocky Helmet|[of] p1a: Corviknight\n|-damage|p2a: Floatzel|52\/100|[from] Recoil\n|\n|-weather|RainDance|[upkeep]\n|upkeep\n|turn|4\n|\n|t:|1700780394\n|move|p2a: Floatzel|Wave Crash|p1a: Corviknight\n|-damage|p1a: Corviknight|0 fnt\n|-damage|p2a: Floatzel|36\/100|[from] item: Rocky Helmet|[of] p1a: Corviknight\n|faint|p1a: Corviknight\n|-damage|p2a: Floatzel|25\/100|[from] Recoil\n|\n|-weather|RainDance|[upkeep]\n|upkeep\n|\n|t:|1700780396\n|switch|p1a: Samurott|Samurott-Hisui, F|100\/100\n|turn|5\n|\n|t:|1700780401\n|switch|p2a: Zapdos|Zapdos, shiny|100\/100\n|move|p1a: Samurott|Ceaseless Edge|p2a: Zapdos\n|-damage|p2a: Zapdos|15\/100\n|-sidestart|p2: Sk3sanchez|Spikes\n|\n|-weather|RainDance|[upkeep]\n|upkeep\n|turn|6\n|\n|t:|1700780412\n|switch|p1a: Garchomp|Garchomp, M|100\/100\n|move|p2a: Zapdos|Roost|p2a: Zapdos\n|-heal|p2a: Zapdos|66\/100\n|-singleturn|p2a: Zapdos|move: Roost\n|\n|-weather|RainDance|[upkeep]\n|upkeep\n|turn|7\n|\n|t:|1700780417\n|move|p1a: Garchomp|Scale Shot|p2a: Zapdos\n|-damage|p2a: Zapdos|48\/100\n|-damage|p2a: Zapdos|32\/100\n|-damage|p2a: Zapdos|15\/100\n|-damage|p2a: Zapdos|0 fnt\n|faint|p2a: Zapdos\n|-hitcount|p2: Zapdos|4\n|-unboost|p1a: Garchomp|def|1\n|-boost|p1a: Garchomp|spe|1\n|\n|-weather|RainDance|[upkeep]\n|upkeep\n|\n|t:|1700780420\n|switch|p2a: Ludicolo|Ludicolo, M, shiny|100\/100\n|-damage|p2a: Ludicolo|88\/100|[from] Spikes\n|turn|8\n|\n|t:|1700780428\n|switch|p1a: Garganacl|Garganacl, F|100\/100\n|move|p2a: Ludicolo|Ice Beam|p1a: Garganacl\n|-damage|p1a: Garganacl|74\/100\n|-damage|p2a: Ludicolo|78\/100|[from] item: Life Orb\n|\n|-weather|RainDance|[upkeep]\n|-heal|p1a: Garganacl|80\/100|[from] item: Leftovers\n|upkeep\n|turn|9\n|\n|t:|1700780439\n|move|p2a: Ludicolo|Giga Drain|p1a: Garganacl\n|-supereffective|p1a: Garganacl\n|-damage|p1a: Garganacl|11\/100\n|-heal|p2a: Ludicolo|100\/100|[from] drain|[of] p1a: Garganacl\n|-damage|p2a: Ludicolo|91\/100|[from] item: Life Orb\n|move|p1a: Garganacl|Stealth Rock|p2a: Ludicolo\n|-sidestart|p2: Sk3sanchez|move: Stealth Rock\n|\n|-weather|none\n|-heal|p1a: Garganacl|18\/100|[from] item: Leftovers\n|upkeep\n|turn|10\n|\n|t:|1700780442\n|move|p2a: Ludicolo|Giga Drain|p1a: Garganacl\n|-supereffective|p1a: Garganacl\n|-damage|p1a: Garganacl|0 fnt\n|-heal|p2a: Ludicolo|100\/100|[from] drain|[of] p1a: Garganacl\n|faint|p1a: Garganacl\n|-damage|p2a: Ludicolo|91\/100|[from] item: Life Orb\n|\n|upkeep\n|\n|t:|1700780446\n|switch|p1a: Munkidori|Munkidori, M|100\/100\n|turn|11\n|\n|t:|1700780451\n|-terastallize|p2a: Ludicolo|Ice\n|move|p1a: Munkidori|Sludge Wave|p2a: Ludicolo\n|-damage|p2a: Ludicolo|32\/100\n|move|p2a: Ludicolo|Hydro Pump|p1a: Munkidori|[miss]\n|-miss|p2a: Ludicolo|p1a: Munkidori\n|\n|upkeep\n|turn|12\n|-message|Sk3sanchez forfeited.\n|\n|win|Oshwottking\n|raw|Oshwottking's rating: 1238 &rarr; <strong>1260<\/strong><br \/>(+22 for winning)\n|raw|Sk3sanchez's rating: 1200 &rarr; <strong>1178<\/strong><br \/>(-22 for losing)\n|l|\u203dSk3sanchez\n","uploadtime":1700780461,"views":5,"p1id":"oshwottking","p2id":"sk3sanchez","formatid":"gen9ou","rating":1178,"private":0,"password":""}