{"id":"gen9ou-1991332319","p1":"AikonZ_Test","p2":"knexhawk2","format":"[Gen 9] OU","log":"|j|\u2606AikonZ_Test\n|j|\u2606knexhawk2\n|t:|1700068331\n|gametype|singles\n|player|p1|AikonZ_Test|veteran|1832\n|player|p2|knexhawk2|red-masters|1816\n|teamsize|p1|6\n|teamsize|p2|6\n|gen|9\n|tier|[Gen 9] OU\n|rated|\n|rule|Sleep Clause Mod: Limit one foe put to sleep\n|rule|Species Clause: Limit one of each Pok\u00e9mon\n|rule|OHKO Clause: OHKO moves are banned\n|rule|Evasion Items Clause: Evasion items are banned\n|rule|Evasion Moves Clause: Evasion moves are banned\n|rule|Endless Battle Clause: Forcing endless battles is banned\n|rule|HP Percentage Mod: HP is shown in percentages\n|clearpoke\n|poke|p1|Slowking-Galar, M|\n|poke|p1|Clefable, M|\n|poke|p1|Zamazenta-*|\n|poke|p1|Cinderace, M|\n|poke|p1|Greninja-*, M|\n|poke|p1|Great Tusk|\n|poke|p2|Goodra-Hisui, M|\n|poke|p2|Blissey, F|\n|poke|p2|Dondozo, F|\n|poke|p2|Cyclizar, M|\n|poke|p2|Alomomola, F|\n|poke|p2|Clodsire, M|\n|teampreview\n|j| lgang007\n|j| thedebatablereaper\n|\n|t:|1700068358\n|start\n|switch|p1a: Great Tusk|Great Tusk|100\/100\n|switch|p2a: Alomomola|Alomomola, F|100\/100\n|turn|1\n|j| a1212\n|\n|t:|1700068361\n|move|p1a: Great Tusk|Knock Off|p2a: Alomomola\n|-damage|p2a: Alomomola|86\/100\n|-enditem|p2a: Alomomola|Heavy-Duty Boots|[from] move: Knock Off|[of] p1a: Great Tusk\n|move|p2a: Alomomola|Whirlpool|p1a: Great Tusk|[miss]\n|-miss|p2a: Alomomola|p1a: Great Tusk\n|\n|upkeep\n|turn|2\n|\n|t:|1700068369\n|-end|p1a: Great Tusk|Protosynthesis|[silent]\n|switch|p1a: Slowking|Slowking-Galar, M|100\/100\n|move|p2a: Alomomola|Whirlpool|p1a: Slowking\n|-damage|p1a: Slowking|97\/100\n|-activate|p1a: Slowking|move: Whirlpool|[of] p2a: Alomomola\n|\n|-damage|p1a: Slowking|85\/100|[from] move: Whirlpool|[partiallytrapped]\n|upkeep\n|turn|3\n|c|\u2606knexhawk2|aw that was a dead tusk\n|\n|t:|1700068376\n|switch|p2a: Goodra|Goodra-Hisui, M|100\/100\n|move|p1a: Slowking|Future Sight|p2a: Goodra\n|-start|p1a: Slowking|move: Future Sight\n|\n|-end|p1a: Slowking|Whirlpool|[partiallytrapped]|[silent]\n|upkeep\n|turn|4\n|\n|t:|1700068386\n|switch|p1a: Great Tusk|Great Tusk|100\/100\n|move|p2a: Goodra|Acid Armor|p2a: Goodra\n|-boost|p2a: Goodra|def|2\n|\n|upkeep\n|turn|5\n|\n|t:|1700068395\n|move|p1a: Great Tusk|Earthquake|p2a: Goodra\n|-supereffective|p2a: Goodra\n|-damage|p2a: Goodra|71\/100\n|move|p2a: Goodra|Knock Off|p1a: Great Tusk\n|-resisted|p1a: Great Tusk\n|-damage|p1a: Great Tusk|95\/100\n|-enditem|p1a: Great Tusk|Leftovers|[from] move: Knock Off|[of] p2a: Goodra\n|\n|-end|p2a: Goodra|move: Future Sight\n|-resisted|p2a: Goodra\n|-damage|p2a: Goodra|51\/100\n|upkeep\n|turn|6\n|\n|t:|1700068406\n|move|p1a: Great Tusk|Knock Off|p2a: Goodra\n|-damage|p2a: Goodra|41\/100\n|-enditem|p2a: Goodra|Heavy-Duty Boots|[from] move: Knock Off|[of] p1a: Great Tusk\n|move|p2a: Goodra|Rest|p2a: Goodra\n|-status|p2a: Goodra|slp|[from] move: Rest\n|-heal|p2a: Goodra|100\/100 slp|[silent]\n|\n|upkeep\n|turn|7\n|\n|t:|1700068413\n|-end|p1a: Great Tusk|Protosynthesis|[silent]\n|switch|p1a: Clefable|Clefable, M|100\/100\n|cant|p2a: Goodra|slp\n|\n|upkeep\n|turn|8\n|\n|t:|1700068418\n|cant|p2a: Goodra|slp\n|move|p1a: Clefable|Moonblast|p2a: Goodra\n|-damage|p2a: Goodra|79\/100 slp\n|\n|upkeep\n|turn|9\n|\n|t:|1700068425\n|-curestatus|p2a: Goodra|slp|[msg]\n|move|p2a: Goodra|Knock Off|p1a: Clefable\n|-resisted|p1a: Clefable\n|-damage|p1a: Clefable|93\/100\n|-enditem|p1a: Clefable|Leftovers|[from] move: Knock Off|[of] p2a: Goodra\n|move|p1a: Clefable|Moonblast|p2a: Goodra\n|-damage|p2a: Goodra|57\/100\n|-unboost|p2a: Goodra|spa|1\n|\n|upkeep\n|turn|10\n|l| lgang007\n|\n|t:|1700068431\n|switch|p2a: Clodsire|Clodsire, M|100\/100\n|move|p1a: Clefable|Stealth Rock|p2a: Clodsire\n|-sidestart|p2: knexhawk2|move: Stealth Rock\n|\n|upkeep\n|turn|11\n|\n|t:|1700068437\n|switch|p1a: Great Tusk|Great Tusk|95\/100\n|move|p2a: Clodsire|Spikes|p1a: Great Tusk\n|-sidestart|p1: AikonZ_Test|Spikes\n|\n|upkeep\n|turn|12\n|\n|t:|1700068445\n|switch|p2a: Alomomola|Alomomola, F|100\/100\n|-damage|p2a: Alomomola|88\/100|[from] Stealth Rock\n|move|p1a: Great Tusk|Earthquake|p2a: Alomomola\n|-damage|p2a: Alomomola|63\/100\n|\n|upkeep\n|turn|13\n|\n|t:|1700068449\n|-end|p1a: Great Tusk|Protosynthesis|[silent]\n|switch|p1a: Slowking|Slowking-Galar, M|100\/100\n|-damage|p1a: Slowking|88\/100|[from] Spikes\n|move|p2a: Alomomola|Scald|p1a: Slowking\n|-damage|p1a: Slowking|80\/100\n|\n|upkeep\n|turn|14\n|\n|t:|1700068455\n|switch|p2a: Goodra|Goodra-Hisui, M|57\/100\n|-damage|p2a: Goodra|51\/100|[from] Stealth Rock\n|move|p1a: Slowking|Future Sight|p2a: Goodra\n|-start|p1a: Slowking|move: Future Sight\n|\n|upkeep\n|turn|15\n|\n|t:|1700068464\n|move|p2a: Goodra|Acid Armor|p2a: Goodra\n|-boost|p2a: Goodra|def|2\n|move|p1a: Slowking|Flamethrower|p2a: Goodra\n|-damage|p2a: Goodra|33\/100\n|\n|upkeep\n|turn|16\n|\n|t:|1700068469\n|move|p2a: Goodra|Rest|p2a: Goodra\n|-status|p2a: Goodra|slp|[from] move: Rest\n|-heal|p2a: Goodra|100\/100 slp|[silent]\n|move|p1a: Slowking|Flamethrower|p2a: Goodra\n|-damage|p2a: Goodra|82\/100 slp\n|\n|-end|p2a: Goodra|move: Future Sight\n|-resisted|p2a: Goodra\n|-damage|p2a: Goodra|63\/100 slp\n|upkeep\n|turn|17\n|\n|t:|1700068478\n|switch|p1a: Clefable|Clefable, M|93\/100\n|-damage|p1a: Clefable|81\/100|[from] Spikes\n|cant|p2a: Goodra|slp\n|\n|upkeep\n|turn|18\n|\n|t:|1700068487\n|switch|p2a: Blissey|Blissey, F|100\/100\n|move|p1a: Clefable|Moonblast|p2a: Blissey\n|-damage|p2a: Blissey|92\/100\n|-unboost|p2a: Blissey|spa|1\n|\n|upkeep\n|turn|19\n|\n|t:|1700068494\n|switch|p1a: Cinderace|Cinderace, M|100\/100\n|switch|p2a: Cyclizar|Cyclizar, M|100\/100\n|\n|upkeep\n|turn|20\n|\n|t:|1700068500\n|move|p1a: Cinderace|U-turn|p2a: Cyclizar\n|-start|p1a: Cinderace|typechange|Bug|[from] ability: Libero\n|-damage|p2a: Cyclizar|53\/100\n|\n|t:|1700068506\n|switch|p1a: Great Tusk|Great Tusk|95\/100|[from] U-turn\n|-damage|p1a: Great Tusk|83\/100|[from] Spikes\n|move|p2a: Cyclizar|Knock Off|p1a: Great Tusk\n|-resisted|p1a: Great Tusk\n|-damage|p1a: Great Tusk|79\/100\n|\n|upkeep\n|turn|21\n|\n|t:|1700068514\n|move|p2a: Cyclizar|U-turn|p1a: Great Tusk\n|-resisted|p1a: Great Tusk\n|-damage|p1a: Great Tusk|75\/100\n|\n|t:|1700068525\n|switch|p2a: Alomomola|Alomomola, F|97\/100|[from] U-turn\n|-damage|p2a: Alomomola|84\/100|[from] Stealth Rock\n|move|p1a: Great Tusk|Rapid Spin|p2a: Alomomola\n|-damage|p2a: Alomomola|77\/100\n|-boost|p1a: Great Tusk|spe|1\n|-sideend|p1: AikonZ_Test|Spikes|[from] move: Rapid Spin|[of] p1a: Great Tusk\n|\n|upkeep\n|turn|22\n|j| Etrudeye\n|\n|t:|1700068533\n|-end|p1a: Great Tusk|Protosynthesis|[silent]\n|switch|p1a: Slowking|Slowking-Galar, M|100\/100\n|move|p2a: Alomomola|Wish|p2a: Alomomola\n|\n|upkeep\n|turn|23\n|\n|t:|1700068537\n|switch|p2a: Goodra|Goodra-Hisui, M|63\/100 slp\n|-damage|p2a: Goodra|57\/100 slp|[from] Stealth Rock\n|move|p1a: Slowking|Future Sight|p2a: Goodra\n|-start|p1a: Slowking|move: Future Sight\n|\n|-heal|p2a: Goodra|100\/100 slp|[from] move: Wish|[wisher] Alomomola\n|upkeep\n|turn|24\n|\n|t:|1700068553\n|switch|p2a: Alomomola|Alomomola, F|100\/100\n|-damage|p2a: Alomomola|88\/100|[from] Stealth Rock\n|switch|p1a: Clefable|Clefable, M|81\/100\n|\n|upkeep\n|turn|25\n|\n|t:|1700068556\n|switch|p2a: Blissey|Blissey, F|92\/100\n|move|p1a: Clefable|Moonblast|p2a: Blissey\n|-damage|p2a: Blissey|81\/100\n|\n|-end|p2a: Blissey|move: Future Sight\n|-damage|p2a: Blissey|62\/100\n|upkeep\n|turn|26\n|\n|t:|1700068564\n|switch|p1a: Cinderace|Cinderace, M|100\/100\n|move|p2a: Blissey|Seismic Toss|p1a: Cinderace\n|-damage|p1a: Cinderace|67\/100\n|\n|upkeep\n|turn|27\n|\n|t:|1700068568\n|switch|p2a: Alomomola|Alomomola, F|100\/100\n|-damage|p2a: Alomomola|88\/100|[from] Stealth Rock\n|move|p1a: Cinderace|U-turn|p2a: Alomomola\n|-start|p1a: Cinderace|typechange|Bug|[from] ability: Libero\n|-damage|p2a: Alomomola|71\/100\n|\n|t:|1700068574\n|switch|p1a: Greninja|Greninja, M|100\/100|[from] U-turn\n|\n|upkeep\n|turn|28\n|\n|t:|1700068578\n|switch|p2a: Cyclizar|Cyclizar, M|86\/100\n|move|p1a: Greninja|Switcheroo|p2a: Cyclizar\n|-start|p1a: Greninja|typechange|Dark|[from] ability: Protean\n|-activate|p1a: Greninja|move: Trick|[of] p2a: Cyclizar\n|-item|p2a: Cyclizar|Choice Scarf|[from] move: Switcheroo\n|-item|p1a: Greninja|Heavy-Duty Boots|[from] move: Switcheroo\n|\n|upkeep\n|turn|29\n|\n|t:|1700068586\n|move|p2a: Cyclizar|U-turn|p1a: Greninja\n|-supereffective|p1a: Greninja\n|-damage|p1a: Greninja|51\/100\n|\n|t:|1700068587\n|switch|p2a: Blissey|Blissey, F|62\/100|[from] U-turn\n|move|p1a: Greninja|Ice Beam|p2a: Blissey\n|-damage|p2a: Blissey|54\/100\n|\n|upkeep\n|turn|30\n|\n|t:|1700068598\n|switch|p1a: Great Tusk|Great Tusk|75\/100\n|move|p2a: Blissey|Soft-Boiled|p2a: Blissey\n|-heal|p2a: Blissey|100\/100\n|\n|upkeep\n|turn|31\n|\n|t:|1700068606\n|-end|p1a: Great Tusk|Protosynthesis|[silent]\n|switch|p1a: Slowking|Slowking-Galar, M|100\/100\n|switch|p2a: Alomomola|Alomomola, F|100\/100\n|-damage|p2a: Alomomola|88\/100|[from] Stealth Rock\n|\n|upkeep\n|turn|32\n|\n|t:|1700068610\n|switch|p2a: Goodra|Goodra-Hisui, M|100\/100 slp\n|-damage|p2a: Goodra|94\/100 slp|[from] Stealth Rock\n|move|p1a: Slowking|Future Sight|p2a: Goodra\n|-start|p1a: Slowking|move: Future Sight\n|\n|upkeep\n|turn|33\n|\n|t:|1700068614\n|cant|p2a: Goodra|slp\n|move|p1a: Slowking|Flamethrower|p2a: Goodra\n|-damage|p2a: Goodra|74\/100 slp\n|\n|upkeep\n|turn|34\n|\n|t:|1700068618\n|switch|p2a: Blissey|Blissey, F|100\/100\n|move|p1a: Slowking|Flamethrower|p2a: Blissey\n|-damage|p2a: Blissey|93\/100\n|-status|p2a: Blissey|brn\n|\n|-end|p2a: Blissey|move: Future Sight\n|-damage|p2a: Blissey|75\/100 brn\n|-damage|p2a: Blissey|68\/100 brn|[from] brn\n|upkeep\n|turn|35\n|\n|t:|1700068624\n|move|p2a: Blissey|Stealth Rock|p1a: Slowking\n|-sidestart|p1: AikonZ_Test|move: Stealth Rock\n|move|p1a: Slowking|Future Sight|p2a: Blissey\n|-start|p1a: Slowking|move: Future Sight\n|\n|-damage|p2a: Blissey|62\/100 brn|[from] brn\n|upkeep\n|turn|36\n|j| lgang007\n|l| lgang007\n|\n|t:|1700068630\n|-curestatus|p2a: Blissey|brn|[from] ability: Natural Cure\n|switch|p2a: Alomomola|Alomomola, F|100\/100\n|-damage|p2a: Alomomola|88\/100|[from] Stealth Rock\n|switch|p1a: Great Tusk|Great Tusk|75\/100\n|-damage|p1a: Great Tusk|72\/100|[from] Stealth Rock\n|\n|upkeep\n|turn|37\n|\n|t:|1700068639\n|move|p2a: Alomomola|Protect|p2a: Alomomola\n|-singleturn|p2a: Alomomola|Protect\n|move|p1a: Great Tusk|Rapid Spin|p2a: Alomomola\n|-activate|p2a: Alomomola|move: Protect\n|\n|-end|p2a: Alomomola|move: Future Sight\n|-damage|p2a: Alomomola|15\/100\n|upkeep\n|turn|38\n|\n|t:|1700068648\n|switch|p2a: Dondozo|Dondozo, F|100\/100\n|move|p1a: Great Tusk|Rapid Spin|p2a: Dondozo\n|-damage|p2a: Dondozo|94\/100\n|-boost|p1a: Great Tusk|spe|1\n|-sideend|p1: AikonZ_Test|Stealth Rock|[from] move: Rapid Spin|[of] p1a: Great Tusk\n|\n|upkeep\n|turn|39\n|\n|t:|1700068651\n|move|p1a: Great Tusk|Knock Off|p2a: Dondozo\n|-damage|p2a: Dondozo|82\/100\n|-enditem|p2a: Dondozo|Heavy-Duty Boots|[from] move: Knock Off|[of] p1a: Great Tusk\n|move|p2a: Dondozo|Waterfall|p1a: Great Tusk\n|-supereffective|p1a: Great Tusk\n|-damage|p1a: Great Tusk|46\/100\n|\n|upkeep\n|turn|40\n|\n|t:|1700068662\n|-end|p1a: Great Tusk|Protosynthesis|[silent]\n|switch|p1a: Clefable|Clefable, M|81\/100\n|switch|p2a: Alomomola|Alomomola, F|48\/100\n|-damage|p2a: Alomomola|36\/100|[from] Stealth Rock\n|\n|upkeep\n|turn|41\n|\n|t:|1700068675\n|switch|p2a: Blissey|Blissey, F|62\/100\n|move|p1a: Clefable|Wish|p1a: Clefable\n|\n|upkeep\n|turn|42\n|\n|t:|1700068682\n|switch|p1a: Great Tusk|Great Tusk|46\/100\n|switch|p2a: Alomomola|Alomomola, F|69\/100\n|-damage|p2a: Alomomola|56\/100|[from] Stealth Rock\n|\n|-heal|p1a: Great Tusk|92\/100|[from] move: Wish|[wisher] Clefable\n|upkeep\n|turn|43\n|\n|t:|1700068690\n|-end|p1a: Great Tusk|Protosynthesis|[silent]\n|switch|p1a: Slowking|Slowking-Galar, M|100\/100\n|move|p2a: Alomomola|Scald|p1a: Slowking\n|-damage|p1a: Slowking|94\/100\n|\n|upkeep\n|turn|44\n|\n|t:|1700068694\n|switch|p2a: Goodra|Goodra-Hisui, M|74\/100 slp\n|-damage|p2a: Goodra|68\/100 slp|[from] Stealth Rock\n|move|p1a: Slowking|Future Sight|p2a: Goodra\n|-start|p1a: Slowking|move: Future Sight\n|\n|upkeep\n|turn|45\n|\n|t:|1700068698\n|-curestatus|p2a: Goodra|slp|[msg]\n|move|p2a: Goodra|Acid Armor|p2a: Goodra\n|-boost|p2a: Goodra|def|2\n|move|p1a: Slowking|Flamethrower|p2a: Goodra\n|-damage|p2a: Goodra|48\/100\n|\n|upkeep\n|turn|46\n|\n|t:|1700068708\n|move|p2a: Goodra|Body Press|p1a: Slowking\n|-resisted|p1a: Slowking\n|-damage|p1a: Slowking|80\/100\n|move|p1a: Slowking|Flamethrower|p2a: Goodra\n|-damage|p2a: Goodra|31\/100\n|\n|-end|p2a: Goodra|move: Future Sight\n|-resisted|p2a: Goodra\n|-damage|p2a: Goodra|11\/100\n|upkeep\n|turn|47\n|\n|t:|1700068719\n|move|p2a: Goodra|Rest|p2a: Goodra\n|-status|p2a: Goodra|slp|[from] move: Rest\n|-heal|p2a: Goodra|100\/100 slp|[silent]\n|move|p1a: Slowking|Future Sight|p2a: Goodra\n|-start|p1a: Slowking|move: Future Sight\n|\n|upkeep\n|turn|48\n|\n|t:|1700068725\n|switch|p1a: Clefable|Clefable, M|81\/100\n|cant|p2a: Goodra|slp\n|\n|upkeep\n|turn|49\n|\n|t:|1700068729\n|switch|p2a: Blissey|Blissey, F|62\/100\n|move|p1a: Clefable|Moonblast|p2a: Blissey\n|-damage|p2a: Blissey|53\/100\n|\n|-end|p2a: Blissey|move: Future Sight\n|-damage|p2a: Blissey|36\/100\n|upkeep\n|turn|50\n|\n|t:|1700068735\n|switch|p1a: Cinderace|Cinderace, M|67\/100\n|move|p2a: Blissey|Heal Bell|p2a: Blissey\n|-activate|p2a: Blissey|move: Heal Bell\n|-curestatus|p2: Goodra|slp|[msg]\n|\n|upkeep\n|turn|51\n|\n|t:|1700068742\n|switch|p2a: Alomomola|Alomomola, F|90\/100\n|-damage|p2a: Alomomola|77\/100|[from] Stealth Rock\n|move|p1a: Cinderace|U-turn|p2a: Alomomola\n|-start|p1a: Cinderace|typechange|Bug|[from] ability: Libero\n|-damage|p2a: Alomomola|59\/100\n|\n|t:|1700068760\n|switch|p1a: Slowking|Slowking-Galar, M|100\/100|[from] U-turn\n|\n|upkeep\n|turn|52\n|\n|t:|1700068763\n|switch|p2a: Goodra|Goodra-Hisui, M|100\/100\n|-damage|p2a: Goodra|94\/100|[from] Stealth Rock\n|move|p1a: Slowking|Future Sight|p2a: Goodra\n|-start|p1a: Slowking|move: Future Sight\n|\n|upkeep\n|turn|53\n|\n|t:|1700068769\n|move|p2a: Goodra|Acid Armor|p2a: Goodra\n|-boost|p2a: Goodra|def|2\n|move|p1a: Slowking|Flamethrower|p2a: Goodra\n|-damage|p2a: Goodra|75\/100\n|\n|upkeep\n|turn|54\n|\n|t:|1700068776\n|move|p2a: Goodra|Knock Off|p1a: Slowking\n|-supereffective|p1a: Slowking\n|-damage|p1a: Slowking|62\/100\n|-enditem|p1a: Slowking|Assault Vest|[from] move: Knock Off|[of] p2a: Goodra\n|move|p1a: Slowking|Flamethrower|p2a: Goodra\n|-damage|p2a: Goodra|54\/100\n|\n|-end|p2a: Goodra|move: Future Sight\n|-resisted|p2a: Goodra\n|-damage|p2a: Goodra|37\/100\n|upkeep\n|turn|55\n|\n|t:|1700068794\n|switch|p1a: Clefable|Clefable, M|81\/100\n|move|p2a: Goodra|Knock Off|p1a: Clefable\n|-resisted|p1a: Clefable\n|-damage|p1a: Clefable|76\/100\n|\n|upkeep\n|turn|56\n|\n|t:|1700068803\n|switch|p1a: Cinderace|Cinderace, M|67\/100\n|switch|p2a: Blissey|Blissey, F|36\/100\n|\n|upkeep\n|turn|57\n|\n|t:|1700068808\n|switch|p2a: Alomomola|Alomomola, F|93\/100\n|-damage|p2a: Alomomola|80\/100|[from] Stealth Rock\n|move|p1a: Cinderace|U-turn|p2a: Alomomola\n|-start|p1a: Cinderace|typechange|Bug|[from] ability: Libero\n|-damage|p2a: Alomomola|63\/100\n|\n|t:|1700068818\n|switch|p1a: Slowking|Slowking-Galar, M|95\/100|[from] U-turn\n|\n|upkeep\n|turn|58\n|\n|t:|1700068822\n|move|p2a: Alomomola|Wish|p2a: Alomomola\n|move|p1a: Slowking|Future Sight|p2a: Alomomola\n|-start|p1a: Slowking|move: Future Sight\n|\n|upkeep\n|turn|59\n|\n|t:|1700068829\n|switch|p2a: Goodra|Goodra-Hisui, M|37\/100\n|-damage|p2a: Goodra|31\/100|[from] Stealth Rock\n|switch|p1a: Zamazenta|Zamazenta|100\/100\n|-ability|p1a: Zamazenta|Dauntless Shield|boost\n|-boost|p1a: Zamazenta|def|1\n|\n|-heal|p2a: Goodra|100\/100|[from] move: Wish|[wisher] Alomomola\n|upkeep\n|turn|60\n|\n|t:|1700068850\n|switch|p2a: Dondozo|Dondozo, F|82\/100\n|-damage|p2a: Dondozo|70\/100|[from] Stealth Rock\n|move|p1a: Zamazenta|Body Press|p2a: Dondozo\n|-damage|p2a: Dondozo|54\/100\n|\n|-end|p2a: Dondozo|move: Future Sight\n|-damage|p2a: Dondozo|0 fnt\n|faint|p2a: Dondozo\n|upkeep\n|\n|t:|1700068860\n|switch|p2a: Clodsire|Clodsire, M|100\/100\n|turn|61\n|\n|t:|1700068868\n|move|p1a: Zamazenta|Substitute|p1a: Zamazenta\n|-start|p1a: Zamazenta|Substitute\n|-damage|p1a: Zamazenta|75\/100\n|move|p2a: Clodsire|Spikes|p1a: Zamazenta\n|-sidestart|p1: AikonZ_Test|Spikes\n|\n|-heal|p1a: Zamazenta|82\/100|[from] item: Leftovers\n|upkeep\n|turn|62\n|\n|t:|1700068872\n|move|p1a: Zamazenta|Crunch|p2a: Clodsire\n|-damage|p2a: Clodsire|79\/100\n|move|p2a: Clodsire|Spikes|p1a: Zamazenta\n|-sidestart|p1: AikonZ_Test|Spikes\n|\n|-heal|p1a: Zamazenta|88\/100|[from] item: Leftovers\n|upkeep\n|turn|63\n|j| srtyjj\n|\n|t:|1700068877\n|move|p1a: Zamazenta|Crunch|p2a: Clodsire\n|-damage|p2a: Clodsire|59\/100\n|move|p2a: Clodsire|Spikes|p1a: Zamazenta\n|-sidestart|p1: AikonZ_Test|Spikes\n|\n|-heal|p1a: Zamazenta|94\/100|[from] item: Leftovers\n|upkeep\n|turn|64\n|\n|t:|1700068882\n|switch|p2a: Alomomola|Alomomola, F|97\/100\n|-damage|p2a: Alomomola|84\/100|[from] Stealth Rock\n|move|p1a: Zamazenta|Crunch|p2a: Alomomola\n|-damage|p2a: Alomomola|74\/100\n|-unboost|p2a: Alomomola|def|1\n|\n|-heal|p1a: Zamazenta|99\/100|[from] item: Leftovers\n|upkeep\n|turn|65\n|\n|t:|1700068886\n|move|p1a: Zamazenta|Body Press|p2a: Alomomola\n|-damage|p2a: Alomomola|32\/100\n|move|p2a: Alomomola|Wish|p2a: Alomomola\n|\n|-heal|p1a: Zamazenta|100\/100|[from] item: Leftovers\n|upkeep\n|turn|66\n|\n|t:|1700068897\n|switch|p2a: Clodsire|Clodsire, M|59\/100\n|move|p1a: Zamazenta|Iron Defense|p1a: Zamazenta\n|-boost|p1a: Zamazenta|def|2\n|\n|-heal|p2a: Clodsire|100\/100|[from] move: Wish|[wisher] Alomomola\n|upkeep\n|turn|67\n|\n|t:|1700068900\n|switch|p2a: Alomomola|Alomomola, F|65\/100\n|-damage|p2a: Alomomola|53\/100|[from] Stealth Rock\n|move|p1a: Zamazenta|Crunch|p2a: Alomomola\n|-damage|p2a: Alomomola|42\/100\n|\n|upkeep\n|turn|68\n|\n|t:|1700068906\n|-terastallize|p2a: Alomomola|Flying\n|move|p1a: Zamazenta|Body Press|p2a: Alomomola\n|-resisted|p2a: Alomomola\n|-damage|p2a: Alomomola|18\/100\n|move|p2a: Alomomola|Wish|p2a: Alomomola\n|\n|upkeep\n|turn|69\n|\n|t:|1700068915\n|move|p2a: Alomomola|Protect|p2a: Alomomola\n|-singleturn|p2a: Alomomola|Protect\n|move|p1a: Zamazenta|Crunch|p2a: Alomomola\n|-activate|p2a: Alomomola|move: Protect\n|\n|-heal|p2a: Alomomola|68\/100|[from] move: Wish|[wisher] Alomomola\n|upkeep\n|turn|70\n|\n|t:|1700068921\n|move|p1a: Zamazenta|Crunch|p2a: Alomomola\n|-damage|p2a: Alomomola|56\/100\n|move|p2a: Alomomola|Wish|p2a: Alomomola\n|\n|upkeep\n|turn|71\n|\n|t:|1700068927\n|move|p1a: Zamazenta|Iron Defense|p1a: Zamazenta\n|-boost|p1a: Zamazenta|def|2\n|move|p2a: Alomomola|Scald|p1a: Zamazenta\n|-activate|p1a: Zamazenta|move: Substitute|[damage]\n|\n|-heal|p2a: Alomomola|100\/100|[from] move: Wish|[wisher] Alomomola\n|upkeep\n|turn|72\n|j| InsatiableForMemes\n|\n|t:|1700068932\n|move|p2a: Alomomola|Protect|p2a: Alomomola\n|-singleturn|p2a: Alomomola|Protect\n|move|p1a: Zamazenta|Body Press|p2a: Alomomola\n|-activate|p2a: Alomomola|move: Protect\n|\n|upkeep\n|turn|73\n|\n|t:|1700068934\n|move|p1a: Zamazenta|Body Press|p2a: Alomomola\n|-resisted|p2a: Alomomola\n|-damage|p2a: Alomomola|72\/100\n|move|p2a: Alomomola|Scald|p1a: Zamazenta\n|-activate|p1a: Zamazenta|move: Substitute|[damage]\n|\n|upkeep\n|turn|74\n|\n|t:|1700068944\n|switch|p1a: Slowking|Slowking-Galar, M|100\/100\n|-damage|p1a: Slowking|76\/100|[from] Spikes\n|move|p2a: Alomomola|Scald|p1a: Slowking\n|-damage|p1a: Slowking|65\/100\n|\n|upkeep\n|turn|75\n|\n|t:|1700068949\n|switch|p2a: Goodra|Goodra-Hisui, M|100\/100\n|-damage|p2a: Goodra|94\/100|[from] Stealth Rock\n|move|p1a: Slowking|Future Sight|p2a: Goodra\n|-start|p1a: Slowking|move: Future Sight\n|\n|upkeep\n|turn|76\n|\n|t:|1700068954\n|switch|p1a: Cinderace|Cinderace, M|67\/100\n|move|p2a: Goodra|Acid Armor|p2a: Goodra\n|-boost|p2a: Goodra|def|2\n|\n|upkeep\n|turn|77\n|\n|t:|1700068962\n|switch|p1a: Clefable|Clefable, M|76\/100\n|-damage|p1a: Clefable|51\/100|[from] Spikes\n|move|p2a: Goodra|Body Press|p1a: Clefable\n|-resisted|p1a: Clefable\n|-damage|p1a: Clefable|41\/100\n|\n|-end|p2a: Goodra|move: Future Sight\n|-resisted|p2a: Goodra\n|-damage|p2a: Goodra|75\/100\n|upkeep\n|turn|78\n|\n|t:|1700068974\n|switch|p2a: Blissey|Blissey, F|36\/100\n|move|p1a: Clefable|Wish|p1a: Clefable\n|\n|upkeep\n|turn|79\n|\n|t:|1700068978\n|switch|p1a: Cinderace|Cinderace, M|67\/100\n|move|p2a: Blissey|Soft-Boiled|p2a: Blissey\n|-heal|p2a: Blissey|86\/100\n|\n|-heal|p1a: Cinderace|100\/100|[from] move: Wish|[wisher] Clefable\n|upkeep\n|turn|80\n|\n|t:|1700068983\n|switch|p2a: Alomomola|Alomomola, F, tera:Flying|100\/100\n|-damage|p2a: Alomomola|76\/100|[from] Stealth Rock\n|move|p1a: Cinderace|Court Change|p1a: Cinderace\n|-start|p1a: Cinderace|typechange|Normal|[from] ability: Libero\n|-swapsideconditions\n|-activate|p1a: Cinderace|move: Court Change\n|\n|upkeep\n|turn|81\n|\n|t:|1700068990\n|move|p1a: Cinderace|U-turn|p2a: Alomomola\n|-resisted|p2a: Alomomola\n|-damage|p2a: Alomomola|70\/100\n|j| SwabbyYabby\n|\n|t:|1700068994\n|switch|p1a: Clefable|Clefable, M|41\/100|[from] U-turn\n|-damage|p1a: Clefable|29\/100|[from] Stealth Rock\n|move|p2a: Alomomola|Whirlpool|p1a: Clefable\n|-damage|p1a: Clefable|23\/100\n|-activate|p1a: Clefable|move: Whirlpool|[of] p2a: Alomomola\n|\n|-damage|p1a: Clefable|11\/100|[from] move: Whirlpool|[partiallytrapped]\n|upkeep\n|turn|82\n|\n|t:|1700069011\n|move|p1a: Clefable|Stealth Rock|p2a: Alomomola\n|-sidestart|p2: knexhawk2|move: Stealth Rock\n|move|p2a: Alomomola|Scald|p1a: Clefable\n|-damage|p1a: Clefable|0 fnt\n|faint|p1a: Clefable\n|\n|upkeep\n|\n|t:|1700069018\n|switch|p1a: Greninja|Greninja, M|51\/100\n|turn|83\n|\n|t:|1700069025\n|switch|p1a: Great Tusk|Great Tusk|92\/100\n|-damage|p1a: Great Tusk|89\/100|[from] Stealth Rock\n|switch|p2a: Blissey|Blissey, F|86\/100\n|\n|upkeep\n|turn|84\n|\n|t:|1700069030\n|switch|p2a: Alomomola|Alomomola, F, tera:Flying|100\/100\n|-damage|p2a: Alomomola|76\/100|[from] Stealth Rock\n|move|p1a: Great Tusk|Rapid Spin|p2a: Alomomola\n|-damage|p2a: Alomomola|68\/100\n|-boost|p1a: Great Tusk|spe|1\n|-sideend|p1: AikonZ_Test|Stealth Rock|[from] move: Rapid Spin|[of] p1a: Great Tusk\n|\n|upkeep\n|turn|85\n|\n|t:|1700069051\n|-end|p1a: Great Tusk|Protosynthesis|[silent]\n|switch|p1a: Slowking|Slowking-Galar, M|98\/100\n|switch|p2a: Cyclizar|Cyclizar, M|100\/100\n|-damage|p2a: Cyclizar|75\/100|[from] Spikes\n|-damage|p2a: Cyclizar|63\/100|[from] Stealth Rock\n|\n|upkeep\n|turn|86\n|\n|t:|1700069060\n|move|p2a: Cyclizar|Rapid Spin|p1a: Slowking\n|-damage|p1a: Slowking|81\/100\n|-boost|p2a: Cyclizar|spe|1\n|-sideend|p2: knexhawk2|Spikes|[from] move: Rapid Spin|[of] p2a: Cyclizar\n|-sideend|p2: knexhawk2|Stealth Rock|[from] move: Rapid Spin|[of] p2a: Cyclizar\n|move|p1a: Slowking|Sludge Bomb|p2a: Cyclizar\n|-damage|p2a: Cyclizar|22\/100\n|\n|upkeep\n|turn|87\n|\n|t:|1700069074\n|switch|p2a: Goodra|Goodra-Hisui, M|75\/100\n|switch|p1a: Cinderace|Cinderace, M|100\/100\n|\n|upkeep\n|turn|88\n|\n|t:|1700069082\n|switch|p2a: Alomomola|Alomomola, F, tera:Flying|100\/100\n|move|p1a: Cinderace|Pyro Ball|p2a: Alomomola\n|-damage|p2a: Alomomola|67\/100\n|\n|upkeep\n|turn|89\n|\n|t:|1700069088\n|move|p1a: Cinderace|U-turn|p2a: Alomomola\n|-start|p1a: Cinderace|typechange|Bug|[from] ability: Libero\n|-resisted|p2a: Alomomola\n|-damage|p2a: Alomomola|58\/100\n|\n|t:|1700069096\n|switch|p1a: Slowking|Slowking-Galar, M|100\/100|[from] U-turn\n|move|p2a: Alomomola|Wish|p2a: Alomomola\n|\n|upkeep\n|turn|90\n|\n|t:|1700069102\n|switch|p2a: Cyclizar|Cyclizar, M|55\/100\n|move|p1a: Slowking|Future Sight|p2a: Cyclizar\n|-start|p1a: Slowking|move: Future Sight\n|\n|-heal|p2a: Cyclizar|100\/100|[from] move: Wish|[wisher] Alomomola\n|upkeep\n|turn|91\n|j| Diegogri$\n|\n|t:|1700069112\n|move|p2a: Cyclizar|U-turn|p1a: Slowking\n|-damage|p1a: Slowking|84\/100\n|\n|t:|1700069114\n|switch|p2a: Blissey|Blissey, F|86\/100|[from] U-turn\n|move|p1a: Slowking|Sludge Bomb|p2a: Blissey\n|-damage|p2a: Blissey|72\/100\n|-status|p2a: Blissey|psn\n|\n|-damage|p2a: Blissey|60\/100 psn|[from] psn\n|upkeep\n|turn|92\n|\n|t:|1700069122\n|move|p2a: Blissey|Soft-Boiled|p2a: Blissey\n|-heal|p2a: Blissey|100\/100 psn\n|move|p1a: Slowking|Sludge Bomb|p2a: Blissey\n|-damage|p2a: Blissey|86\/100 psn\n|\n|-end|p2a: Blissey|move: Future Sight\n|-damage|p2a: Blissey|69\/100 psn\n|-damage|p2a: Blissey|56\/100 psn|[from] psn\n|upkeep\n|turn|93\n|\n|t:|1700069126\n|-curestatus|p2a: Blissey|psn|[from] ability: Natural Cure\n|switch|p2a: Goodra|Goodra-Hisui, M|75\/100\n|move|p1a: Slowking|Future Sight|p2a: Goodra\n|-start|p1a: Slowking|move: Future Sight\n|\n|upkeep\n|turn|94\n|\n|t:|1700069130\n|switch|p1a: Zamazenta|Zamazenta|100\/100\n|move|p2a: Goodra|Acid Armor|p2a: Goodra\n|-boost|p2a: Goodra|def|2\n|\n|upkeep\n|turn|95\n|j| Ashitaka0\n|\n|t:|1700069151\n|switch|p2a: Alomomola|Alomomola, F, tera:Flying|91\/100\n|move|p1a: Zamazenta|Substitute|p1a: Zamazenta\n|-start|p1a: Zamazenta|Substitute\n|-damage|p1a: Zamazenta|75\/100\n|\n|-end|p2a: Alomomola|move: Future Sight\n|-crit|p2a: Alomomola\n|-damage|p2a: Alomomola|0 fnt\n|faint|p2a: Alomomola\n|-heal|p1a: Zamazenta|82\/100|[from] item: Leftovers\n|upkeep\n|c|\u2606knexhawk2|wooo\n|-message|knexhawk2 forfeited.\n|\n|win|AikonZ_Test\n|raw|AikonZ_Test's rating: 1832 &rarr; <strong>1851<\/strong><br \/>(+19 for winning)\n|raw|knexhawk2's rating: 1816 &rarr; <strong>1797<\/strong><br \/>(-19 for losing)\n|c|\u2606AikonZ_Test|shit, sorry\n|l| Ashitaka0\n","uploadtime":1700069173,"views":19,"p1id":"aikonztest","p2id":"knexhawk2","formatid":"gen9ou","rating":1797,"private":0,"password":""}