{"id":"gen9ou-1995213033","p1":"Saso035","p2":"brownboy_blackbelt","format":"[Gen 9] OU","log":"|j|\u2606Saso035\n|j|\u2606brownboy_blackbelt\n|t:|1700535327\n|gametype|singles\n|player|p1|Saso035|psychicf-gen4|1053\n|player|p2|brownboy_blackbelt|2|1162\n|teamsize|p1|6\n|teamsize|p2|6\n|gen|9\n|tier|[Gen 9] OU\n|rated|\n|rule|Sleep Clause Mod: Limit one foe put to sleep\n|rule|Species Clause: Limit one of each Pok\u00e9mon\n|rule|OHKO Clause: OHKO moves are banned\n|rule|Evasion Items Clause: Evasion items are banned\n|rule|Evasion Moves Clause: Evasion moves are banned\n|rule|Endless Battle Clause: Forcing endless battles is banned\n|rule|HP Percentage Mod: HP is shown in percentages\n|clearpoke\n|poke|p1|Toxapex, M|\n|poke|p1|Garganacl, M|\n|poke|p1|Snorlax, M|\n|poke|p1|Iron Moth|\n|poke|p1|Ogerpon, F|\n|poke|p1|Zapdos|\n|poke|p2|Azumarill, M|\n|poke|p2|Enamorus, F|\n|poke|p2|Polteageist-Antique|\n|poke|p2|Samurott-Hisui, M|\n|poke|p2|Rillaboom, M|\n|poke|p2|Cinderace, M|\n|teampreview\n|inactive|Battle timer is ON: inactive players will automatically lose when time's up. (requested by brownboy_blackbelt)\n|\n|t:|1700535341\n|start\n|switch|p1a: Toxapex|Toxapex, M, shiny|100\/100\n|switch|p2a: Samurott|Samurott-Hisui, M|100\/100\n|turn|1\n|\n|t:|1700535351\n|move|p2a: Samurott|Ceaseless Edge|p1a: Toxapex\n|-damage|p1a: Toxapex|58\/100\n|-sidestart|p1: Saso035|Spikes\n|-damage|p2a: Samurott|91\/100|[from] item: Life Orb\n|move|p1a: Toxapex|Toxic Spikes|p2a: Samurott\n|-sidestart|p2: brownboy_blackbelt|move: Toxic Spikes\n|\n|-heal|p1a: Toxapex|64\/100|[from] item: Leftovers\n|upkeep\n|turn|2\n|\n|t:|1700535362\n|move|p1a: Toxapex|Baneful Bunker|p1a: Toxapex\n|-singleturn|p1a: Toxapex|move: Protect\n|move|p2a: Samurott|Ceaseless Edge|p1a: Toxapex\n|-activate|p1a: Toxapex|move: Protect\n|-status|p2a: Samurott|psn\n|\n|-heal|p1a: Toxapex|70\/100|[from] item: Leftovers\n|-damage|p2a: Samurott|78\/100 psn|[from] psn\n|upkeep\n|turn|3\n|\n|t:|1700535374\n|move|p2a: Samurott|Ceaseless Edge|p1a: Toxapex\n|-damage|p1a: Toxapex|30\/100\n|-sidestart|p1: Saso035|Spikes\n|-damage|p2a: Samurott|68\/100 psn|[from] item: Life Orb\n|move|p1a: Toxapex|Toxic Spikes|p2a: Samurott\n|-sidestart|p2: brownboy_blackbelt|move: Toxic Spikes\n|\n|-heal|p1a: Toxapex|37\/100|[from] item: Leftovers\n|-damage|p2a: Samurott|56\/100 psn|[from] psn\n|upkeep\n|turn|4\n|\n|t:|1700535386\n|move|p1a: Toxapex|Baneful Bunker|p1a: Toxapex\n|-singleturn|p1a: Toxapex|move: Protect\n|move|p2a: Samurott|Ceaseless Edge|p1a: Toxapex\n|-activate|p1a: Toxapex|move: Protect\n|\n|-heal|p1a: Toxapex|43\/100|[from] item: Leftovers\n|-damage|p2a: Samurott|43\/100 psn|[from] psn\n|upkeep\n|turn|5\n|\n|t:|1700535399\n|move|p2a: Samurott|Ceaseless Edge|p1a: Toxapex\n|-damage|p1a: Toxapex|0 fnt\n|-sidestart|p1: Saso035|Spikes\n|faint|p1a: Toxapex\n|-damage|p2a: Samurott|33\/100 psn|[from] item: Life Orb\n|\n|-damage|p2a: Samurott|21\/100 psn|[from] psn\n|upkeep\n|\n|t:|1700535408\n|switch|p1a: Zapdos|Zapdos|100\/100\n|turn|6\n|\n|t:|1700535415\n|move|p2a: Samurott|Ceaseless Edge|p1a: Zapdos\n|-damage|p1a: Zapdos|58\/100\n|-damage|p2a: Samurott|4\/100 psn|[from] item: Rocky Helmet|[of] p1a: Zapdos\n|-damage|p2a: Samurott|0 fnt|[from] item: Life Orb\n|faint|p2a: Samurott\n|move|p1a: Zapdos|Discharge|p2: Samurott|[notarget]\n|-fail|p1a: Zapdos\n|\n|upkeep\n|\n|t:|1700535432\n|switch|p2a: Polteageist|Polteageist-Antique|100\/100\n|-status|p2a: Polteageist|tox\n|turn|7\n|\n|t:|1700535440\n|move|p1a: Zapdos|Discharge|p2a: Polteageist\n|-damage|p2a: Polteageist|65\/100 tox\n|move|p2a: Polteageist|Shell Smash|p2a: Polteageist\n|-unboost|p2a: Polteageist|def|1\n|-unboost|p2a: Polteageist|spd|1\n|-boost|p2a: Polteageist|atk|2\n|-boost|p2a: Polteageist|spa|2\n|-boost|p2a: Polteageist|spe|2\n|\n|-damage|p2a: Polteageist|59\/100 tox|[from] psn\n|upkeep\n|turn|8\n|\n|t:|1700535455\n|move|p2a: Polteageist|Stored Power|p1a: Zapdos\n|-damage|p1a: Zapdos|0 fnt\n|faint|p1a: Zapdos\n|\n|-damage|p2a: Polteageist|46\/100 tox|[from] psn\n|upkeep\n|\n|t:|1700535466\n|switch|p1a: Garganacl|Garganacl, M|100\/100\n|-damage|p1a: Garganacl|75\/100|[from] Spikes\n|turn|9\n|\n|t:|1700535478\n|move|p2a: Polteageist|Giga Drain|p1a: Garganacl\n|-supereffective|p1a: Garganacl\n|-damage|p1a: Garganacl|0 fnt\n|-heal|p2a: Polteageist|100\/100 tox|[from] drain|[of] p1a: Garganacl\n|faint|p1a: Garganacl\n|\n|-damage|p2a: Polteageist|82\/100 tox|[from] psn\n|upkeep\n|\n|t:|1700535491\n|switch|p1a: Snorlax|Snorlax, M|100\/100\n|-damage|p1a: Snorlax|75\/100|[from] Spikes\n|turn|10\n|\n|t:|1700535498\n|move|p2a: Polteageist|Stored Power|p1a: Snorlax\n|-damage|p1a: Snorlax|21\/100\n|move|p1a: Snorlax|Curse|p1a: Snorlax\n|-unboost|p1a: Snorlax|spe|1\n|-boost|p1a: Snorlax|atk|1\n|-boost|p1a: Snorlax|def|1\n|\n|-heal|p1a: Snorlax|27\/100|[from] item: Leftovers\n|-damage|p2a: Polteageist|58\/100 tox|[from] psn\n|upkeep\n|turn|11\n|\n|t:|1700535510\n|move|p2a: Polteageist|Stored Power|p1a: Snorlax\n|-damage|p1a: Snorlax|0 fnt\n|faint|p1a: Snorlax\n|\n|-damage|p2a: Polteageist|27\/100 tox|[from] psn\n|upkeep\n|\n|t:|1700535518\n|switch|p1a: Ogerpon|Ogerpon, F|100\/100\n|-damage|p1a: Ogerpon|76\/100|[from] Spikes\n|turn|12\n|\n|t:|1700535534\n|move|p2a: Polteageist|Stored Power|p1a: Ogerpon\n|-damage|p1a: Ogerpon|0 fnt\n|faint|p1a: Ogerpon\n|\n|-damage|p2a: Polteageist|0 fnt|[from] psn\n|faint|p2a: Polteageist\n|upkeep\n|\n|t:|1700535547\n|switch|p1a: Iron Moth|Iron Moth|100\/100\n|switch|p2a: Azumarill|Azumarill, M|100\/100\n|-damage|p1a: Iron Moth|76\/100|[from] Spikes\n|-status|p2a: Azumarill|tox\n|-enditem|p1a: Iron Moth|Booster Energy\n|-activate|p1a: Iron Moth|ability: Quark Drive|[fromitem]\n|-start|p1a: Iron Moth|quarkdrivespe\n|turn|13\n|\n|t:|1700535563\n|move|p1a: Iron Moth|Substitute|p1a: Iron Moth\n|-start|p1a: Iron Moth|Substitute\n|-damage|p1a: Iron Moth|51\/100\n|move|p2a: Azumarill|Belly Drum|p2a: Azumarill\n|-damage|p2a: Azumarill|51\/100 tox\n|-setboost|p2a: Azumarill|atk|6|[from] move: Belly Drum\n|\n|-damage|p2a: Azumarill|44\/100 tox|[from] psn\n|upkeep\n|-enditem|p2a: Azumarill|Sitrus Berry|[eat]\n|-heal|p2a: Azumarill|69\/100 tox|[from] item: Sitrus Berry\n|turn|14\n|\n|t:|1700535581\n|move|p1a: Iron Moth|Tera Blast|p2a: Azumarill\n|-damage|p2a: Azumarill|43\/100 tox\n|move|p2a: Azumarill|Belly Drum||[still]\n|-fail|p2a: Azumarill\n|\n|-damage|p2a: Azumarill|31\/100 tox|[from] psn\n|upkeep\n|turn|15\n|\n|t:|1700535595\n|move|p2a: Azumarill|Aqua Jet|p1a: Iron Moth\n|-supereffective|p1a: Iron Moth\n|-end|p1a: Iron Moth|Substitute\n|move|p1a: Iron Moth|Sludge Wave|p2a: Azumarill\n|-supereffective|p2a: Azumarill\n|-damage|p2a: Azumarill|0 fnt\n|faint|p2a: Azumarill\n|\n|upkeep\n|\n|t:|1700535598\n|switch|p2a: Cinderace|Cinderace, M|100\/100\n|-status|p2a: Cinderace|tox\n|turn|16\n|\n|t:|1700535607\n|move|p1a: Iron Moth|Sludge Wave|p2a: Cinderace\n|-damage|p2a: Cinderace|36\/100 tox\n|move|p2a: Cinderace|Iron Head|p1a: Iron Moth\n|-start|p2a: Cinderace|typechange|Steel|[from] ability: Libero\n|-resisted|p1a: Iron Moth\n|-damage|p1a: Iron Moth|16\/100\n|-damage|p2a: Cinderace|26\/100 tox|[from] item: Life Orb\n|\n|-damage|p2a: Cinderace|20\/100 tox|[from] psn\n|upkeep\n|turn|17\n|\n|t:|1700535623\n|move|p2a: Cinderace|Sucker Punch|p1a: Iron Moth\n|-damage|p1a: Iron Moth|0 fnt\n|faint|p1a: Iron Moth\n|-end|p1a: Iron Moth|Quark Drive|[silent]\n|-damage|p2a: Cinderace|10\/100 tox|[from] item: Life Orb\n|\n|win|brownboy_blackbelt\n|raw|Saso035's rating: 1053 &rarr; <strong>1041<\/strong><br \/>(-12 for losing)\n|raw|brownboy_blackbelt's rating: 1162 &rarr; <strong>1179<\/strong><br \/>(+17 for winning)\n|l|\u2606Saso035\n","uploadtime":1700535647,"views":9,"p1id":"saso035","p2id":"brownboyblackbelt","formatid":"gen9ou","rating":1041,"private":0,"password":""}