{"id":"gen9ou-1995838806","p1":"Ryuuguu","p2":"voyeur35","format":"[Gen 9] OU","log":"|j|\u2606Ryuuguu\n|j|\u2606voyeur35\n|t:|1700608280\n|gametype|singles\n|player|p1|Ryuuguu|1|1223\n|player|p2|voyeur35|iris-gen5bw2|1284\n|teamsize|p1|6\n|teamsize|p2|6\n|gen|9\n|tier|[Gen 9] OU\n|rated|\n|rule|Sleep Clause Mod: Limit one foe put to sleep\n|rule|Species Clause: Limit one of each Pok\u00e9mon\n|rule|OHKO Clause: OHKO moves are banned\n|rule|Evasion Items Clause: Evasion items are banned\n|rule|Evasion Moves Clause: Evasion moves are banned\n|rule|Endless Battle Clause: Forcing endless battles is banned\n|rule|HP Percentage Mod: HP is shown in percentages\n|clearpoke\n|poke|p1|Dondozo, M|\n|poke|p1|Slowking-Galar, M|\n|poke|p1|Blissey, F|\n|poke|p1|Clefable, F|\n|poke|p1|Toxapex, F|\n|poke|p1|Corviknight, M|\n|poke|p2|Maushold|\n|poke|p2|Samurott-Hisui, M|\n|poke|p2|Kingambit, M|\n|poke|p2|Garganacl, M|\n|poke|p2|Amoonguss, M|\n|poke|p2|Weavile, F|\n|teampreview\n|inactive|Battle timer is ON: inactive players will automatically lose when time's up. (requested by Ryuuguu)\n|\n|t:|1700608288\n|start\n|switch|p1a: Clefable|Clefable, F|100\/100\n|switch|p2a: Samurott|Samurott-Hisui, M, shiny|100\/100\n|turn|1\n|\n|t:|1700608301\n|move|p2a: Samurott|Aqua Cutter|p1a: Clefable\n|-damage|p1a: Clefable|53\/100\n|move|p1a: Clefable|Encore|p2a: Samurott\n|-start|p2a: Samurott|Encore\n|\n|upkeep\n|turn|2\n|\n|t:|1700608306\n|move|p2a: Samurott|Aqua Cutter|p1a: Clefable\n|-crit|p1a: Clefable\n|-damage|p1a: Clefable|0 fnt\n|faint|p1a: Clefable\n|\n|upkeep\n|\n|t:|1700608312\n|switch|p1a: Toxapex|Toxapex, F|100\/100\n|turn|3\n|\n|t:|1700608318\n|switch|p2a: Amoonguss|Amoonguss, M, shiny|100\/100\n|move|p1a: Toxapex|Infestation|p2a: Amoonguss\n|-damage|p2a: Amoonguss|98\/100\n|-activate|p2a: Amoonguss|move: Infestation|[of] p1a: Toxapex\n|-enditem|p2a: Amoonguss|Red Card|[of] p1a: Toxapex\n|drag|p1a: Dondozo|Dondozo, M|100\/100\n|\n|-end|p2a: Amoonguss|Infestation|[partiallytrapped]|[silent]\n|upkeep\n|turn|4\n|\n|t:|1700608331\n|switch|p1a: Blissey|Blissey, F|100\/100\n|move|p2a: Amoonguss|Spore|p1a: Blissey\n|-status|p1a: Blissey|slp|[from] move: Spore\n|\n|upkeep\n|turn|5\n|\n|t:|1700608341\n|cant|p1a: Blissey|slp\n|move|p2a: Amoonguss|Sludge Bomb|p1a: Blissey\n|-damage|p1a: Blissey|92\/100 slp\n|\n|upkeep\n|turn|6\n|\n|t:|1700608351\n|-curestatus|p1a: Blissey|slp|[from] ability: Natural Cure\n|switch|p1a: Slowking|Slowking-Galar, M|100\/100\n|switch|p2a: Kingambit|Kingambit, M|100\/100\n|\n|upkeep\n|turn|7\n|\n|t:|1700608378\n|switch|p1a: Corviknight|Corviknight, M|100\/100\n|-ability|p1a: Corviknight|Pressure\n|move|p2a: Kingambit|Kowtow Cleave|p1a: Corviknight\n|-damage|p1a: Corviknight|69\/100\n|-damage|p2a: Kingambit|84\/100|[from] item: Rocky Helmet|[of] p1a: Corviknight\n|\n|-heal|p2a: Kingambit|90\/100|[from] item: Leftovers\n|upkeep\n|turn|8\n|\n|t:|1700608389\n|-terastallize|p2a: Kingambit|Fighting\n|move|p2a: Kingambit|Swords Dance|p2a: Kingambit\n|-boost|p2a: Kingambit|atk|2\n|move|p1a: Corviknight|Iron Defense|p1a: Corviknight\n|-boost|p1a: Corviknight|def|2\n|\n|-heal|p2a: Kingambit|96\/100|[from] item: Leftovers\n|upkeep\n|turn|9\n|\n|t:|1700608397\n|move|p2a: Kingambit|Swords Dance|p2a: Kingambit\n|-boost|p2a: Kingambit|atk|2\n|move|p1a: Corviknight|Iron Defense|p1a: Corviknight\n|-boost|p1a: Corviknight|def|2\n|\n|-heal|p2a: Kingambit|100\/100|[from] item: Leftovers\n|upkeep\n|turn|10\n|\n|t:|1700608405\n|move|p2a: Kingambit|Swords Dance|p2a: Kingambit\n|-boost|p2a: Kingambit|atk|2\n|move|p1a: Corviknight|Body Press|p2a: Kingambit\n|-damage|p2a: Kingambit|29\/100\n|\n|-heal|p2a: Kingambit|35\/100|[from] item: Leftovers\n|upkeep\n|turn|11\n|\n|t:|1700608412\n|move|p2a: Kingambit|Kowtow Cleave|p1a: Corviknight\n|-damage|p1a: Corviknight|33\/100\n|-damage|p2a: Kingambit|19\/100|[from] item: Rocky Helmet|[of] p1a: Corviknight\n|move|p1a: Corviknight|Roost|p1a: Corviknight\n|-heal|p1a: Corviknight|83\/100\n|-singleturn|p1a: Corviknight|move: Roost\n|\n|-heal|p2a: Kingambit|25\/100|[from] item: Leftovers\n|upkeep\n|turn|12\n|\n|t:|1700608424\n|move|p2a: Kingambit|Kowtow Cleave|p1a: Corviknight\n|-damage|p1a: Corviknight|46\/100\n|-damage|p2a: Kingambit|8\/100|[from] item: Rocky Helmet|[of] p1a: Corviknight\n|move|p1a: Corviknight|Body Press|p2a: Kingambit\n|-damage|p2a: Kingambit|0 fnt\n|faint|p2a: Kingambit\n|-end|p2a: Kingambit|fallenundefined|[silent]\n|\n|upkeep\n|\n|t:|1700608443\n|switch|p2a: Amoonguss|Amoonguss, M, shiny|100\/100\n|turn|13\n|\n|t:|1700608446\n|move|p1a: Corviknight|Roost|p1a: Corviknight\n|-heal|p1a: Corviknight|96\/100\n|-singleturn|p1a: Corviknight|move: Roost\n|move|p2a: Amoonguss|Spore|p1a: Corviknight\n|-status|p1a: Corviknight|slp|[from] move: Spore\n|\n|upkeep\n|turn|14\n|\n|t:|1700608455\n|switch|p2a: Garganacl|Garganacl, M|100\/100\n|cant|p1a: Corviknight|slp\n|\n|upkeep\n|turn|15\n|\n|t:|1700608461\n|cant|p1a: Corviknight|slp\n|move|p2a: Garganacl|Salt Cure|p1a: Corviknight\n|-damage|p1a: Corviknight|93\/100 slp\n|-start|p1a: Corviknight|Salt Cure\n|\n|-damage|p1a: Corviknight|68\/100 slp|[from] Salt Cure\n|upkeep\n|turn|16\n|\n|t:|1700608469\n|switch|p1a: Toxapex|Toxapex, F|100\/100\n|switch|p2a: Amoonguss|Amoonguss, M, shiny|100\/100\n|\n|upkeep\n|turn|17\n|\n|t:|1700608476\n|move|p1a: Toxapex|Infestation|p2a: Amoonguss\n|-damage|p2a: Amoonguss|98\/100\n|-activate|p2a: Amoonguss|move: Infestation|[of] p1a: Toxapex\n|move|p2a: Amoonguss|Grass Knot|p1a: Toxapex\n|-damage|p1a: Toxapex|90\/100\n|\n|-heal|p1a: Toxapex|97\/100|[from] item: Leftovers\n|-damage|p2a: Amoonguss|86\/100|[from] move: Infestation|[partiallytrapped]\n|upkeep\n|turn|18\n|\n|t:|1700608487\n|move|p1a: Toxapex|Baneful Bunker|p1a: Toxapex\n|-singleturn|p1a: Toxapex|move: Protect\n|move|p2a: Amoonguss|Foul Play|p1a: Toxapex\n|-activate|p1a: Toxapex|move: Protect\n|\n|-heal|p1a: Toxapex|100\/100|[from] item: Leftovers\n|-damage|p2a: Amoonguss|73\/100|[from] move: Infestation|[partiallytrapped]\n|upkeep\n|turn|19\n|\n|t:|1700608496\n|move|p1a: Toxapex|Infestation|p2a: Amoonguss\n|-damage|p2a: Amoonguss|71\/100\n|move|p2a: Amoonguss|Foul Play|p1a: Toxapex\n|-damage|p1a: Toxapex|93\/100\n|\n|-heal|p1a: Toxapex|99\/100|[from] item: Leftovers\n|-damage|p2a: Amoonguss|58\/100|[from] move: Infestation|[partiallytrapped]\n|upkeep\n|turn|20\n|\n|t:|1700608504\n|move|p1a: Toxapex|Infestation|p2a: Amoonguss\n|-damage|p2a: Amoonguss|56\/100\n|move|p2a: Amoonguss|Foul Play|p1a: Toxapex\n|-damage|p1a: Toxapex|92\/100\n|\n|-heal|p1a: Toxapex|99\/100|[from] item: Leftovers\n|-damage|p2a: Amoonguss|44\/100|[from] move: Infestation|[partiallytrapped]\n|upkeep\n|turn|21\n|\n|t:|1700608512\n|move|p1a: Toxapex|Infestation|p2a: Amoonguss\n|-damage|p2a: Amoonguss|41\/100\n|move|p2a: Amoonguss|Foul Play|p1a: Toxapex\n|-damage|p1a: Toxapex|91\/100\n|\n|-heal|p1a: Toxapex|97\/100|[from] item: Leftovers\n|-damage|p2a: Amoonguss|29\/100|[from] move: Infestation|[partiallytrapped]\n|upkeep\n|turn|22\n|\n|t:|1700608520\n|move|p1a: Toxapex|Infestation|p2a: Amoonguss\n|-damage|p2a: Amoonguss|26\/100\n|move|p2a: Amoonguss|Foul Play|p1a: Toxapex\n|-damage|p1a: Toxapex|90\/100\n|\n|-heal|p1a: Toxapex|96\/100|[from] item: Leftovers\n|-end|p2a: Amoonguss|Infestation|[partiallytrapped]\n|upkeep\n|turn|23\n|\n|t:|1700608531\n|switch|p2a: Garganacl|Garganacl, M|100\/100\n|move|p1a: Toxapex|Infestation|p2a: Garganacl\n|-damage|p2a: Garganacl|99\/100\n|-activate|p2a: Garganacl|move: Infestation|[of] p1a: Toxapex\n|\n|-heal|p2a: Garganacl|100\/100|[from] item: Leftovers\n|-heal|p1a: Toxapex|100\/100|[from] item: Leftovers\n|-damage|p2a: Garganacl|88\/100|[from] move: Infestation|[partiallytrapped]\n|upkeep\n|turn|24\n|\n|t:|1700608543\n|move|p1a: Toxapex|Baneful Bunker|p1a: Toxapex\n|-singleturn|p1a: Toxapex|move: Protect\n|move|p2a: Garganacl|Iron Defense|p2a: Garganacl\n|-boost|p2a: Garganacl|def|2\n|\n|-heal|p2a: Garganacl|94\/100|[from] item: Leftovers\n|-damage|p2a: Garganacl|82\/100|[from] move: Infestation|[partiallytrapped]\n|upkeep\n|turn|25\n|\n|t:|1700608551\n|move|p2a: Garganacl|Salt Cure|p1a: Toxapex\n|-damage|p1a: Toxapex|93\/100\n|-start|p1a: Toxapex|Salt Cure\n|move|p1a: Toxapex|Haze|p1a: Toxapex\n|-clearallboost\n|\n|-heal|p2a: Garganacl|88\/100|[from] item: Leftovers\n|-heal|p1a: Toxapex|99\/100|[from] item: Leftovers\n|-damage|p2a: Garganacl|76\/100|[from] move: Infestation|[partiallytrapped]\n|-damage|p1a: Toxapex|74\/100|[from] Salt Cure\n|upkeep\n|turn|26\n|\n|t:|1700608565\n|switch|p1a: Slowking|Slowking-Galar, M|100\/100\n|move|p2a: Garganacl|Iron Defense|p2a: Garganacl\n|-boost|p2a: Garganacl|def|2\n|\n|-heal|p2a: Garganacl|82\/100|[from] item: Leftovers\n|-end|p2a: Garganacl|Infestation|[partiallytrapped]|[silent]\n|upkeep\n|turn|27\n|\n|t:|1700608591\n|switch|p2a: Samurott|Samurott-Hisui, M, shiny|100\/100\n|move|p1a: Slowking|Future Sight|p2a: Samurott\n|-start|p1a: Slowking|move: Future Sight\n|\n|upkeep\n|turn|28\n|\n|t:|1700608598\n|switch|p1a: Toxapex|Toxapex, F|100\/100\n|move|p2a: Samurott|Ceaseless Edge|p1a: Toxapex|[miss]\n|-miss|p2a: Samurott|p1a: Toxapex\n|\n|upkeep\n|turn|29\n|\n|t:|1700608604\n|move|p2a: Samurott|Swords Dance|p2a: Samurott\n|-boost|p2a: Samurott|atk|2\n|move|p1a: Toxapex|Infestation|p2a: Samurott\n|-supereffective|p2a: Samurott\n|-damage|p2a: Samurott|94\/100\n|-activate|p2a: Samurott|move: Infestation|[of] p1a: Toxapex\n|\n|-end|p2a: Samurott|move: Future Sight\n|-immune|p2a: Samurott\n|-damage|p2a: Samurott|81\/100|[from] move: Infestation|[partiallytrapped]\n|upkeep\n|turn|30\n|\n|t:|1700608614\n|move|p2a: Samurott|Ceaseless Edge|p1a: Toxapex\n|-damage|p1a: Toxapex|41\/100\n|-sidestart|p1: Ryuuguu|Spikes\n|move|p1a: Toxapex|Haze|p1a: Toxapex\n|-clearallboost\n|\n|-heal|p1a: Toxapex|47\/100|[from] item: Leftovers\n|-damage|p2a: Samurott|69\/100|[from] move: Infestation|[partiallytrapped]\n|upkeep\n|turn|31\n|\n|t:|1700608623\n|move|p2a: Samurott|Swords Dance|p2a: Samurott\n|-boost|p2a: Samurott|atk|2\n|move|p1a: Toxapex|Recover|p1a: Toxapex\n|-heal|p1a: Toxapex|97\/100\n|\n|-heal|p1a: Toxapex|100\/100|[from] item: Leftovers\n|-damage|p2a: Samurott|57\/100|[from] move: Infestation|[partiallytrapped]\n|upkeep\n|turn|32\n|\n|t:|1700608631\n|move|p1a: Toxapex|Baneful Bunker|p1a: Toxapex\n|-singleturn|p1a: Toxapex|move: Protect\n|move|p2a: Samurott|Ceaseless Edge|p1a: Toxapex\n|-activate|p1a: Toxapex|move: Protect\n|-status|p2a: Samurott|psn\n|\n|-damage|p2a: Samurott|45\/100 psn|[from] psn\n|-damage|p2a: Samurott|32\/100 psn|[from] move: Infestation|[partiallytrapped]\n|upkeep\n|turn|33\n|\n|t:|1700608642\n|switch|p1a: Dondozo|Dondozo, M|100\/100\n|-damage|p1a: Dondozo|88\/100|[from] Spikes\n|move|p2a: Samurott|Ceaseless Edge|p1a: Dondozo\n|-damage|p1a: Dondozo|65\/100\n|-sidestart|p1: Ryuuguu|Spikes\n|\n|-heal|p1a: Dondozo|71\/100|[from] item: Leftovers\n|-damage|p2a: Samurott|20\/100 psn|[from] psn\n|-end|p2a: Samurott|Infestation|[partiallytrapped]|[silent]\n|upkeep\n|turn|34\n|\n|t:|1700608659\n|move|p2a: Samurott|Ceaseless Edge|p1a: Dondozo\n|-damage|p1a: Dondozo|48\/100\n|-sidestart|p1: Ryuuguu|Spikes\n|move|p1a: Dondozo|Earthquake|p2a: Samurott\n|-damage|p2a: Samurott|0 fnt\n|faint|p2a: Samurott\n|\n|-heal|p1a: Dondozo|54\/100|[from] item: Leftovers\n|upkeep\n|\n|t:|1700608670\n|switch|p2a: Maushold|Maushold|100\/100\n|turn|35\n|\n|t:|1700608677\n|move|p2a: Maushold|Population Bomb|p1a: Dondozo\n|-damage|p1a: Dondozo|50\/100\n|-damage|p1a: Dondozo|45\/100\n|-damage|p1a: Dondozo|39\/100\n|-hitcount|p1a: Dondozo|3\n|move|p1a: Dondozo|Rest|p1a: Dondozo\n|-status|p1a: Dondozo|slp|[from] move: Rest\n|-heal|p1a: Dondozo|100\/100 slp|[silent]\n|\n|upkeep\n|turn|36\n|\n|t:|1700608686\n|move|p2a: Maushold|Encore|p1a: Dondozo\n|-start|p1a: Dondozo|Encore\n|cant|p1a: Dondozo|slp\n|\n|upkeep\n|turn|37\n|\n|t:|1700608707\n|switch|p2a: Garganacl|Garganacl, M|82\/100\n|cant|p1a: Dondozo|slp\n|\n|-heal|p2a: Garganacl|88\/100|[from] item: Leftovers\n|upkeep\n|turn|38\n|\n|t:|1700608713\n|switch|p1a: Corviknight|Corviknight, M|68\/100 slp\n|-ability|p1a: Corviknight|Pressure\n|move|p2a: Garganacl|Salt Cure|p1a: Corviknight\n|-damage|p1a: Corviknight|59\/100 slp\n|-start|p1a: Corviknight|Salt Cure\n|\n|-heal|p2a: Garganacl|94\/100|[from] item: Leftovers\n|-damage|p1a: Corviknight|34\/100 slp|[from] Salt Cure\n|upkeep\n|turn|39\n|\n|t:|1700608723\n|-curestatus|p1a: Corviknight|slp|[msg]\n|move|p1a: Corviknight|Roost|p1a: Corviknight\n|-heal|p1a: Corviknight|84\/100\n|-singleturn|p1a: Corviknight|move: Roost\n|move|p2a: Garganacl|Iron Defense|p2a: Garganacl\n|-boost|p2a: Garganacl|def|2\n|\n|-heal|p2a: Garganacl|100\/100|[from] item: Leftovers\n|-damage|p1a: Corviknight|59\/100|[from] Salt Cure\n|upkeep\n|turn|40\n|\n|t:|1700608735\n|move|p1a: Corviknight|Defog|p2a: Garganacl\n|-unboost|p2a: Garganacl|evasion|1\n|-sideend|p1: Ryuuguu|Spikes|[from] move: Defog|[of] p1a: Corviknight\n|move|p2a: Garganacl|Body Press|p1a: Corviknight\n|-damage|p1a: Corviknight|32\/100\n|-damage|p2a: Garganacl|84\/100|[from] item: Rocky Helmet|[of] p1a: Corviknight\n|\n|-heal|p2a: Garganacl|90\/100|[from] item: Leftovers\n|-damage|p1a: Corviknight|8\/100|[from] Salt Cure\n|upkeep\n|turn|41\n|\n|t:|1700608745\n|switch|p1a: Dondozo|Dondozo, M|100\/100 slp\n|move|p2a: Garganacl|Body Press|p1a: Dondozo\n|-damage|p1a: Dondozo|91\/100 slp\n|\n|-heal|p2a: Garganacl|96\/100|[from] item: Leftovers\n|-heal|p1a: Dondozo|97\/100 slp|[from] item: Leftovers\n|upkeep\n|turn|42\n|\n|t:|1700608753\n|move|p2a: Garganacl|Salt Cure|p1a: Dondozo\n|-damage|p1a: Dondozo|91\/100 slp\n|-start|p1a: Dondozo|Salt Cure\n|-curestatus|p1a: Dondozo|slp|[msg]\n|move|p1a: Dondozo|Curse|p1a: Dondozo\n|-unboost|p1a: Dondozo|spe|1\n|-boost|p1a: Dondozo|atk|1\n|-boost|p1a: Dondozo|def|1\n|\n|-heal|p2a: Garganacl|100\/100|[from] item: Leftovers\n|-heal|p1a: Dondozo|97\/100|[from] item: Leftovers\n|-damage|p1a: Dondozo|72\/100|[from] Salt Cure\n|upkeep\n|turn|43\n|\n|t:|1700608765\n|move|p2a: Garganacl|Iron Defense|p2a: Garganacl\n|-boost|p2a: Garganacl|def|2\n|move|p1a: Dondozo|Earthquake|p2a: Garganacl\n|-supereffective|p2a: Garganacl\n|-damage|p2a: Garganacl|53\/100\n|\n|-heal|p2a: Garganacl|60\/100|[from] item: Leftovers\n|-heal|p1a: Dondozo|78\/100|[from] item: Leftovers\n|-damage|p1a: Dondozo|53\/100|[from] Salt Cure\n|upkeep\n|turn|44\n|\n|t:|1700608776\n|move|p2a: Garganacl|Iron Defense|p2a: Garganacl\n|-boost|p2a: Garganacl|def|2\n|move|p1a: Dondozo|Curse|p1a: Dondozo\n|-unboost|p1a: Dondozo|spe|1\n|-boost|p1a: Dondozo|atk|1\n|-boost|p1a: Dondozo|def|1\n|\n|-heal|p2a: Garganacl|66\/100|[from] item: Leftovers\n|-heal|p1a: Dondozo|59\/100|[from] item: Leftovers\n|-damage|p1a: Dondozo|34\/100|[from] Salt Cure\n|upkeep\n|turn|45\n|\n|t:|1700608793\n|move|p2a: Garganacl|Recover|p2a: Garganacl\n|-heal|p2a: Garganacl|100\/100\n|move|p1a: Dondozo|Rest|p1a: Dondozo\n|-status|p1a: Dondozo|slp|[from] move: Rest\n|-heal|p1a: Dondozo|100\/100 slp|[silent]\n|\n|-damage|p1a: Dondozo|75\/100 slp|[from] Salt Cure\n|upkeep\n|turn|46\n|\n|t:|1700608810\n|move|p2a: Garganacl|Body Press|p1a: Dondozo\n|-damage|p1a: Dondozo|70\/100 slp\n|cant|p1a: Dondozo|slp\n|\n|-heal|p1a: Dondozo|76\/100 slp|[from] item: Leftovers\n|-damage|p1a: Dondozo|51\/100 slp|[from] Salt Cure\n|upkeep\n|turn|47\n|\n|t:|1700608821\n|move|p2a: Garganacl|Body Press|p1a: Dondozo\n|-damage|p1a: Dondozo|46\/100 slp\n|cant|p1a: Dondozo|slp\n|\n|-heal|p1a: Dondozo|52\/100 slp|[from] item: Leftovers\n|-damage|p1a: Dondozo|27\/100 slp|[from] Salt Cure\n|upkeep\n|turn|48\n|\n|t:|1700608828\n|move|p2a: Garganacl|Body Press|p1a: Dondozo\n|-damage|p1a: Dondozo|21\/100 slp\n|-curestatus|p1a: Dondozo|slp|[msg]\n|move|p1a: Dondozo|Rest|p1a: Dondozo\n|-status|p1a: Dondozo|slp|[from] move: Rest\n|-heal|p1a: Dondozo|100\/100 slp|[silent]\n|\n|-damage|p1a: Dondozo|75\/100 slp|[from] Salt Cure\n|upkeep\n|turn|49\n|\n|t:|1700608839\n|move|p2a: Garganacl|Body Press|p1a: Dondozo\n|-damage|p1a: Dondozo|70\/100 slp\n|cant|p1a: Dondozo|slp\n|\n|-heal|p1a: Dondozo|76\/100 slp|[from] item: Leftovers\n|-damage|p1a: Dondozo|51\/100 slp|[from] Salt Cure\n|upkeep\n|turn|50\n|\n|t:|1700608846\n|move|p2a: Garganacl|Body Press|p1a: Dondozo\n|-damage|p1a: Dondozo|46\/100 slp\n|cant|p1a: Dondozo|slp\n|\n|-heal|p1a: Dondozo|52\/100 slp|[from] item: Leftovers\n|-damage|p1a: Dondozo|27\/100 slp|[from] Salt Cure\n|upkeep\n|turn|51\n|\n|t:|1700608872\n|move|p2a: Garganacl|Body Press|p1a: Dondozo\n|-damage|p1a: Dondozo|22\/100 slp\n|-curestatus|p1a: Dondozo|slp|[msg]\n|move|p1a: Dondozo|Rest|p1a: Dondozo\n|-status|p1a: Dondozo|slp|[from] move: Rest\n|-heal|p1a: Dondozo|100\/100 slp|[silent]\n|\n|-damage|p1a: Dondozo|75\/100 slp|[from] Salt Cure\n|upkeep\n|turn|52\n|\n|t:|1700608884\n|move|p2a: Garganacl|Body Press|p1a: Dondozo\n|-damage|p1a: Dondozo|70\/100 slp\n|cant|p1a: Dondozo|slp\n|\n|-heal|p1a: Dondozo|76\/100 slp|[from] item: Leftovers\n|-damage|p1a: Dondozo|51\/100 slp|[from] Salt Cure\n|upkeep\n|turn|53\n|\n|t:|1700608895\n|move|p2a: Garganacl|Body Press|p1a: Dondozo\n|-damage|p1a: Dondozo|46\/100 slp\n|cant|p1a: Dondozo|slp\n|\n|-heal|p1a: Dondozo|52\/100 slp|[from] item: Leftovers\n|-damage|p1a: Dondozo|27\/100 slp|[from] Salt Cure\n|upkeep\n|turn|54\n|\n|t:|1700608903\n|move|p2a: Garganacl|Body Press|p1a: Dondozo\n|-damage|p1a: Dondozo|23\/100 slp\n|-curestatus|p1a: Dondozo|slp|[msg]\n|move|p1a: Dondozo|Rest|p1a: Dondozo\n|-status|p1a: Dondozo|slp|[from] move: Rest\n|-heal|p1a: Dondozo|100\/100 slp|[silent]\n|\n|-damage|p1a: Dondozo|75\/100 slp|[from] Salt Cure\n|upkeep\n|turn|55\n|\n|t:|1700608916\n|move|p2a: Garganacl|Salt Cure|p1a: Dondozo\n|-damage|p1a: Dondozo|72\/100 slp\n|cant|p1a: Dondozo|slp\n|\n|-heal|p1a: Dondozo|78\/100 slp|[from] item: Leftovers\n|-damage|p1a: Dondozo|53\/100 slp|[from] Salt Cure\n|upkeep\n|turn|56\n|\n|t:|1700608924\n|move|p2a: Garganacl|Salt Cure|p1a: Dondozo\n|-damage|p1a: Dondozo|50\/100 slp\n|cant|p1a: Dondozo|slp\n|\n|-heal|p1a: Dondozo|57\/100 slp|[from] item: Leftovers\n|-damage|p1a: Dondozo|32\/100 slp|[from] Salt Cure\n|upkeep\n|turn|57\n|\n|t:|1700608932\n|move|p2a: Garganacl|Salt Cure|p1a: Dondozo\n|-damage|p1a: Dondozo|29\/100 slp\n|-curestatus|p1a: Dondozo|slp|[msg]\n|move|p1a: Dondozo|Rest|p1a: Dondozo\n|-status|p1a: Dondozo|slp|[from] move: Rest\n|-heal|p1a: Dondozo|100\/100 slp|[silent]\n|\n|-damage|p1a: Dondozo|75\/100 slp|[from] Salt Cure\n|upkeep\n|turn|58\n|\n|t:|1700608945\n|move|p2a: Garganacl|Salt Cure|p1a: Dondozo\n|-damage|p1a: Dondozo|72\/100 slp\n|cant|p1a: Dondozo|slp\n|\n|-heal|p1a: Dondozo|78\/100 slp|[from] item: Leftovers\n|-damage|p1a: Dondozo|53\/100 slp|[from] Salt Cure\n|upkeep\n|turn|59\n|\n|t:|1700608961\n|move|p2a: Garganacl|Salt Cure|p1a: Dondozo\n|-damage|p1a: Dondozo|50\/100 slp\n|cant|p1a: Dondozo|slp\n|\n|-heal|p1a: Dondozo|56\/100 slp|[from] item: Leftovers\n|-damage|p1a: Dondozo|31\/100 slp|[from] Salt Cure\n|upkeep\n|turn|60\n|\n|t:|1700608980\n|move|p2a: Garganacl|Salt Cure|p1a: Dondozo\n|-damage|p1a: Dondozo|28\/100 slp\n|-curestatus|p1a: Dondozo|slp|[msg]\n|move|p1a: Dondozo|Rest|p1a: Dondozo\n|-status|p1a: Dondozo|slp|[from] move: Rest\n|-heal|p1a: Dondozo|100\/100 slp|[silent]\n|\n|-damage|p1a: Dondozo|75\/100 slp|[from] Salt Cure\n|upkeep\n|turn|61\n|\n|t:|1700608990\n|switch|p1a: Slowking|Slowking-Galar, M|100\/100\n|move|p2a: Garganacl|Salt Cure|p1a: Slowking\n|-damage|p1a: Slowking|87\/100\n|-start|p1a: Slowking|Salt Cure\n|\n|-heal|p1a: Slowking|93\/100|[from] item: Leftovers\n|-damage|p1a: Slowking|80\/100|[from] Salt Cure\n|upkeep\n|turn|62\n|inactive|voyeur35 has 120 seconds left.\n|inactive|voyeur35 has 90 seconds left.\n|\n|t:|1700609055\n|switch|p2a: Amoonguss|Amoonguss, M, shiny|59\/100\n|switch|p1a: Toxapex|Toxapex, F|100\/100\n|\n|upkeep\n|turn|63\n|inactive|Ryuuguu has 120 seconds left.\n|\n|t:|1700609075\n|move|p1a: Toxapex|Infestation|p2a: Amoonguss\n|-damage|p2a: Amoonguss|57\/100\n|-activate|p2a: Amoonguss|move: Infestation|[of] p1a: Toxapex\n|move|p2a: Amoonguss|Spore|p1a: Toxapex\n|-status|p1a: Toxapex|slp|[from] move: Spore\n|\n|-damage|p2a: Amoonguss|44\/100|[from] move: Infestation|[partiallytrapped]\n|upkeep\n|turn|64\n|\n|t:|1700609084\n|cant|p1a: Toxapex|slp\n|move|p2a: Amoonguss|Grass Knot|p1a: Toxapex\n|-damage|p1a: Toxapex|89\/100 slp\n|\n|-heal|p1a: Toxapex|96\/100 slp|[from] item: Leftovers\n|-damage|p2a: Amoonguss|32\/100|[from] move: Infestation|[partiallytrapped]\n|upkeep\n|turn|65\n|inactive|voyeur35 has 90 seconds left.\n|\n|t:|1700609093\n|cant|p1a: Toxapex|slp\n|move|p2a: Amoonguss|Grass Knot|p1a: Toxapex\n|-damage|p1a: Toxapex|86\/100 slp\n|\n|-heal|p1a: Toxapex|92\/100 slp|[from] item: Leftovers\n|-damage|p2a: Amoonguss|19\/100|[from] move: Infestation|[partiallytrapped]\n|upkeep\n|turn|66\n|\n|t:|1700609101\n|-curestatus|p1a: Toxapex|slp|[msg]\n|move|p1a: Toxapex|Infestation|p2a: Amoonguss\n|-damage|p2a: Amoonguss|17\/100\n|move|p2a: Amoonguss|Grass Knot|p1a: Toxapex\n|-damage|p1a: Toxapex|82\/100\n|\n|-heal|p1a: Toxapex|88\/100|[from] item: Leftovers\n|-damage|p2a: Amoonguss|5\/100|[from] move: Infestation|[partiallytrapped]\n|upkeep\n|turn|67\n|\n|t:|1700609113\n|move|p1a: Toxapex|Infestation|p2a: Amoonguss\n|-damage|p2a: Amoonguss|2\/100\n|move|p2a: Amoonguss|Grass Knot|p1a: Toxapex\n|-damage|p1a: Toxapex|78\/100\n|\n|-heal|p1a: Toxapex|85\/100|[from] item: Leftovers\n|-damage|p2a: Amoonguss|0 fnt|[from] move: Infestation|[partiallytrapped]\n|faint|p2a: Amoonguss\n|upkeep\n|inactive|voyeur35 has 90 seconds left.\n|\n|t:|1700609125\n|switch|p2a: Garganacl|Garganacl, M|100\/100\n|turn|68\n|\n|t:|1700609134\n|move|p2a: Garganacl|Salt Cure|p1a: Toxapex\n|-damage|p1a: Toxapex|76\/100\n|-start|p1a: Toxapex|Salt Cure\n|move|p1a: Toxapex|Infestation|p2a: Garganacl\n|-damage|p2a: Garganacl|99\/100\n|-activate|p2a: Garganacl|move: Infestation|[of] p1a: Toxapex\n|\n|-heal|p2a: Garganacl|100\/100|[from] item: Leftovers\n|-heal|p1a: Toxapex|83\/100|[from] item: Leftovers\n|-damage|p2a: Garganacl|88\/100|[from] move: Infestation|[partiallytrapped]\n|-damage|p1a: Toxapex|58\/100|[from] Salt Cure\n|upkeep\n|turn|69\n|\n|t:|1700609148\n|switch|p1a: Slowking|Slowking-Galar, M|100\/100\n|move|p2a: Garganacl|Body Press|p1a: Slowking\n|-resisted|p1a: Slowking\n|-damage|p1a: Slowking|94\/100\n|\n|-heal|p2a: Garganacl|94\/100|[from] item: Leftovers\n|-heal|p1a: Slowking|100\/100|[from] item: Leftovers\n|-end|p2a: Garganacl|Infestation|[partiallytrapped]|[silent]\n|upkeep\n|turn|70\n|\n|t:|1700609157\n|switch|p2a: Maushold|Maushold|100\/100\n|move|p1a: Slowking|Future Sight|p2a: Maushold\n|-start|p1a: Slowking|move: Future Sight\n|\n|upkeep\n|turn|71\n|\n|t:|1700609169\n|switch|p1a: Toxapex|Toxapex, F|91\/100\n|move|p2a: Maushold|Population Bomb|p1a: Toxapex\n|-damage|p1a: Toxapex|84\/100\n|-damage|p1a: Toxapex|76\/100\n|-damage|p1a: Toxapex|69\/100\n|-damage|p1a: Toxapex|62\/100\n|-damage|p1a: Toxapex|55\/100\n|-damage|p1a: Toxapex|48\/100\n|-damage|p1a: Toxapex|41\/100\n|-damage|p1a: Toxapex|34\/100\n|-damage|p1a: Toxapex|27\/100\n|-damage|p1a: Toxapex|20\/100\n|-hitcount|p1a: Toxapex|10\n|\n|-heal|p1a: Toxapex|26\/100|[from] item: Leftovers\n|upkeep\n|turn|72\n|\n|t:|1700609188\n|switch|p2a: Weavile|Weavile, F|100\/100\n|-ability|p2a: Weavile|Pressure\n|move|p1a: Toxapex|Baneful Bunker||[still]\n|-fail|p1a: Toxapex\n|\n|-end|p2a: Weavile|move: Future Sight\n|-immune|p2a: Weavile\n|-heal|p1a: Toxapex|32\/100|[from] item: Leftovers\n|upkeep\n|turn|73\n|\n|t:|1700609218\n|switch|p1a: Corviknight|Corviknight, M|8\/100\n|-ability|p1a: Corviknight|Pressure\n|move|p2a: Weavile|Swords Dance|p2a: Weavile\n|-boost|p2a: Weavile|atk|2\n|\n|upkeep\n|turn|74\n|\n|t:|1700609225\n|move|p2a: Weavile|Knock Off|p1a: Corviknight\n|-crit|p1a: Corviknight\n|-damage|p1a: Corviknight|0 fnt\n|-damage|p2a: Weavile|84\/100|[from] item: Rocky Helmet|[of] p1a: Corviknight\n|-enditem|p1a: Corviknight|Rocky Helmet|[from] move: Knock Off|[of] p2a: Weavile\n|faint|p1a: Corviknight\n|\n|upkeep\n|\n|t:|1700609227\n|switch|p1a: Dondozo|Dondozo, M|75\/100 slp\n|turn|75\n|inactive|voyeur35 has 120 seconds left.\n|\n|t:|1700609235\n|move|p2a: Weavile|Knock Off|p1a: Dondozo\n|-damage|p1a: Dondozo|56\/100 slp\n|-enditem|p1a: Dondozo|Leftovers|[from] move: Knock Off|[of] p2a: Weavile\n|cant|p1a: Dondozo|slp\n|\n|upkeep\n|turn|76\n|inactive|voyeur35 has 120 seconds left.\n|\n|t:|1700609254\n|move|p2a: Weavile|Swords Dance|p2a: Weavile\n|-boost|p2a: Weavile|atk|2\n|cant|p1a: Dondozo|slp\n|\n|upkeep\n|turn|77\n|inactive|voyeur35 has 120 seconds left.\n|\n|t:|1700609259\n|move|p2a: Weavile|Knock Off|p1a: Dondozo\n|-damage|p1a: Dondozo|40\/100 slp\n|-curestatus|p1a: Dondozo|slp|[msg]\n|move|p1a: Dondozo|Curse|p1a: Dondozo\n|-unboost|p1a: Dondozo|spe|1\n|-boost|p1a: Dondozo|atk|1\n|-boost|p1a: Dondozo|def|1\n|\n|upkeep\n|turn|78\n|\n|t:|1700609267\n|switch|p2a: Garganacl|Garganacl, M|94\/100\n|move|p1a: Dondozo|Earthquake|p2a: Garganacl\n|-supereffective|p2a: Garganacl\n|-damage|p2a: Garganacl|51\/100\n|\n|-heal|p2a: Garganacl|57\/100|[from] item: Leftovers\n|upkeep\n|turn|79\n|\n|t:|1700609282\n|switch|p1a: Slowking|Slowking-Galar, M|100\/100\n|move|p2a: Garganacl|Salt Cure|p1a: Slowking\n|-damage|p1a: Slowking|85\/100\n|-start|p1a: Slowking|Salt Cure\n|\n|-heal|p2a: Garganacl|63\/100|[from] item: Leftovers\n|-heal|p1a: Slowking|91\/100|[from] item: Leftovers\n|-damage|p1a: Slowking|79\/100|[from] Salt Cure\n|upkeep\n|turn|80\n|\n|t:|1700609291\n|switch|p1a: Toxapex|Toxapex, F|66\/100\n|move|p2a: Garganacl|Recover|p2a: Garganacl\n|-heal|p2a: Garganacl|100\/100\n|\n|-heal|p1a: Toxapex|72\/100|[from] item: Leftovers\n|upkeep\n|turn|81\n|\n|t:|1700609298\n|switch|p1a: Slowking|Slowking-Galar, M|100\/100\n|move|p2a: Garganacl|Salt Cure|p1a: Slowking\n|-damage|p1a: Slowking|86\/100\n|-start|p1a: Slowking|Salt Cure\n|\n|-heal|p1a: Slowking|92\/100|[from] item: Leftovers\n|-damage|p1a: Slowking|80\/100|[from] Salt Cure\n|upkeep\n|turn|82\n|\n|t:|1700609308\n|switch|p2a: Weavile|Weavile, F|84\/100\n|-ability|p2a: Weavile|Pressure\n|switch|p1a: Toxapex|Toxapex, F|100\/100\n|\n|upkeep\n|turn|83\n|\n|t:|1700609315\n|move|p2a: Weavile|Swords Dance|p2a: Weavile\n|-boost|p2a: Weavile|atk|2\n|move|p1a: Toxapex|Infestation|p2a: Weavile\n|-supereffective|p2a: Weavile\n|-damage|p2a: Weavile|76\/100\n|-activate|p2a: Weavile|move: Infestation|[of] p1a: Toxapex\n|\n|-damage|p2a: Weavile|64\/100|[from] move: Infestation|[partiallytrapped]\n|upkeep\n|turn|84\n|\n|t:|1700609323\n|move|p1a: Toxapex|Baneful Bunker|p1a: Toxapex\n|-singleturn|p1a: Toxapex|move: Protect\n|move|p2a: Weavile|Swords Dance|p2a: Weavile\n|-boost|p2a: Weavile|atk|2\n|\n|-damage|p2a: Weavile|51\/100|[from] move: Infestation|[partiallytrapped]\n|upkeep\n|turn|85\n|\n|t:|1700609335\n|move|p1a: Toxapex|Baneful Bunker|p1a: Toxapex\n|-singleturn|p1a: Toxapex|move: Protect\n|move|p2a: Weavile|Knock Off|p1a: Toxapex\n|-activate|p1a: Toxapex|move: Protect\n|-status|p2a: Weavile|psn\n|\n|-damage|p2a: Weavile|39\/100 psn|[from] psn\n|-damage|p2a: Weavile|26\/100 psn|[from] move: Infestation|[partiallytrapped]\n|upkeep\n|turn|86\n|c|\u2606voyeur35|fdp\n|\n|t:|1700609343\n|switch|p1a: Dondozo|Dondozo, M|40\/100\n|move|p2a: Weavile|Swords Dance|p2a: Weavile\n|-boost|p2a: Weavile|atk|2\n|\n|-damage|p2a: Weavile|14\/100 psn|[from] psn\n|-end|p2a: Weavile|Infestation|[partiallytrapped]|[silent]\n|upkeep\n|turn|87\n|\n|t:|1700609349\n|move|p2a: Weavile|Knock Off|p1a: Dondozo\n|-crit|p1a: Dondozo\n|-damage|p1a: Dondozo|19\/100\n|move|p1a: Dondozo|Earthquake|p2a: Weavile\n|-damage|p2a: Weavile|0 fnt\n|faint|p2a: Weavile\n|\n|upkeep\n|\n|t:|1700609356\n|switch|p2a: Maushold|Maushold|100\/100\n|turn|88\n|\n|t:|1700609364\n|move|p2a: Maushold|Population Bomb|p1a: Dondozo\n|-damage|p1a: Dondozo|14\/100\n|-damage|p1a: Dondozo|9\/100\n|-damage|p1a: Dondozo|4\/100\n|-damage|p1a: Dondozo|0 fnt\n|faint|p1a: Dondozo\n|-hitcount|p1: Dondozo|4\n|\n|upkeep\n|\n|t:|1700609372\n|switch|p1a: Toxapex|Toxapex, F|100\/100\n|turn|89\n|\n|t:|1700609379\n|switch|p2a: Garganacl|Garganacl, M|100\/100\n|move|p1a: Toxapex|Infestation|p2a: Garganacl\n|-damage|p2a: Garganacl|99\/100\n|-activate|p2a: Garganacl|move: Infestation|[of] p1a: Toxapex\n|\n|-heal|p2a: Garganacl|100\/100|[from] item: Leftovers\n|-damage|p2a: Garganacl|88\/100|[from] move: Infestation|[partiallytrapped]\n|upkeep\n|turn|90\n|\n|t:|1700609398\n|move|p2a: Garganacl|Salt Cure|p1a: Toxapex\n|-damage|p1a: Toxapex|92\/100\n|-start|p1a: Toxapex|Salt Cure\n|move|p1a: Toxapex|Infestation|p2a: Garganacl\n|-damage|p2a: Garganacl|86\/100\n|\n|-heal|p2a: Garganacl|93\/100|[from] item: Leftovers\n|-heal|p1a: Toxapex|98\/100|[from] item: Leftovers\n|-damage|p2a: Garganacl|80\/100|[from] move: Infestation|[partiallytrapped]\n|-damage|p1a: Toxapex|73\/100|[from] Salt Cure\n|upkeep\n|turn|91\n|\n|t:|1700609410\n|move|p2a: Garganacl|Salt Cure|p1a: Toxapex\n|-damage|p1a: Toxapex|65\/100\n|move|p1a: Toxapex|Infestation|p2a: Garganacl\n|-damage|p2a: Garganacl|78\/100\n|\n|-heal|p2a: Garganacl|85\/100|[from] item: Leftovers\n|-heal|p1a: Toxapex|71\/100|[from] item: Leftovers\n|-damage|p2a: Garganacl|72\/100|[from] move: Infestation|[partiallytrapped]\n|-damage|p1a: Toxapex|46\/100|[from] Salt Cure\n|upkeep\n|turn|92\n|\n|t:|1700609422\n|switch|p1a: Slowking|Slowking-Galar, M|100\/100\n|move|p2a: Garganacl|Salt Cure|p1a: Slowking\n|-damage|p1a: Slowking|87\/100\n|-start|p1a: Slowking|Salt Cure\n|\n|-heal|p2a: Garganacl|78\/100|[from] item: Leftovers\n|-heal|p1a: Slowking|93\/100|[from] item: Leftovers\n|-end|p2a: Garganacl|Infestation|[partiallytrapped]|[silent]\n|-damage|p1a: Slowking|80\/100|[from] Salt Cure\n|upkeep\n|turn|93\n|\n|t:|1700609433\n|switch|p1a: Toxapex|Toxapex, F|79\/100\n|move|p2a: Garganacl|Salt Cure|p1a: Toxapex\n|-damage|p1a: Toxapex|71\/100\n|-start|p1a: Toxapex|Salt Cure\n|\n|-heal|p2a: Garganacl|85\/100|[from] item: Leftovers\n|-heal|p1a: Toxapex|77\/100|[from] item: Leftovers\n|-damage|p1a: Toxapex|52\/100|[from] Salt Cure\n|upkeep\n|turn|94\n|\n|t:|1700609444\n|switch|p1a: Slowking|Slowking-Galar, M|100\/100\n|move|p2a: Garganacl|Salt Cure|p1a: Slowking\n|-damage|p1a: Slowking|87\/100\n|-start|p1a: Slowking|Salt Cure\n|\n|-heal|p2a: Garganacl|91\/100|[from] item: Leftovers\n|-heal|p1a: Slowking|93\/100|[from] item: Leftovers\n|-damage|p1a: Slowking|80\/100|[from] Salt Cure\n|upkeep\n|turn|95\n|inactive|voyeur35 has 120 seconds left.\n|\n|t:|1700609456\n|switch|p1a: Toxapex|Toxapex, F|85\/100\n|move|p2a: Garganacl|Salt Cure|p1a: Toxapex\n|-damage|p1a: Toxapex|76\/100\n|-start|p1a: Toxapex|Salt Cure\n|\n|-heal|p2a: Garganacl|97\/100|[from] item: Leftovers\n|-heal|p1a: Toxapex|83\/100|[from] item: Leftovers\n|-damage|p1a: Toxapex|58\/100|[from] Salt Cure\n|upkeep\n|turn|96\n|inactive|voyeur35 has 120 seconds left.\n|\n|t:|1700609467\n|switch|p1a: Slowking|Slowking-Galar, M|100\/100\n|move|p2a: Garganacl|Salt Cure|p1a: Slowking\n|-crit|p1a: Slowking\n|-damage|p1a: Slowking|77\/100\n|-start|p1a: Slowking|Salt Cure\n|\n|-heal|p2a: Garganacl|100\/100|[from] item: Leftovers\n|-heal|p1a: Slowking|83\/100|[from] item: Leftovers\n|-damage|p1a: Slowking|71\/100|[from] Salt Cure\n|upkeep\n|turn|97\n|\n|t:|1700609478\n|move|p2a: Garganacl|Salt Cure|p1a: Slowking\n|-damage|p1a: Slowking|56\/100\n|move|p1a: Slowking|Future Sight|p2a: Garganacl\n|-start|p1a: Slowking|move: Future Sight\n|\n|-heal|p1a: Slowking|62\/100|[from] item: Leftovers\n|-damage|p1a: Slowking|50\/100|[from] Salt Cure\n|upkeep\n|turn|98\n|\n|t:|1700609494\n|switch|p1a: Toxapex|Toxapex, F|91\/100\n|move|p2a: Garganacl|Iron Defense|p2a: Garganacl\n|-boost|p2a: Garganacl|def|2\n|\n|-heal|p1a: Toxapex|97\/100|[from] item: Leftovers\n|upkeep\n|turn|99\n|\n|t:|1700609502\n|move|p2a: Garganacl|Body Press|p1a: Toxapex\n|-resisted|p1a: Toxapex\n|-damage|p1a: Toxapex|84\/100\n|move|p1a: Toxapex|Haze|p1a: Toxapex\n|-clearallboost\n|\n|-end|p2a: Garganacl|move: Future Sight\n|-damage|p2a: Garganacl|72\/100\n|-heal|p2a: Garganacl|78\/100|[from] item: Leftovers\n|-heal|p1a: Toxapex|90\/100|[from] item: Leftovers\n|upkeep\n|turn|100\n|inactive|voyeur35 has 90 seconds left.\n|\n|t:|1700609518\n|move|p2a: Garganacl|Body Press|p1a: Toxapex\n|-resisted|p1a: Toxapex\n|-damage|p1a: Toxapex|83\/100\n|move|p1a: Toxapex|Infestation|p2a: Garganacl\n|-damage|p2a: Garganacl|76\/100\n|-activate|p2a: Garganacl|move: Infestation|[of] p1a: Toxapex\n|\n|-heal|p2a: Garganacl|82\/100|[from] item: Leftovers\n|-heal|p1a: Toxapex|89\/100|[from] item: Leftovers\n|-damage|p2a: Garganacl|70\/100|[from] move: Infestation|[partiallytrapped]\n|upkeep\n|turn|101\n|inactive|voyeur35 has 90 seconds left.\n|\n|t:|1700609527\n|move|p2a: Garganacl|Body Press|p1a: Toxapex\n|-resisted|p1a: Toxapex\n|-damage|p1a: Toxapex|82\/100\n|move|p1a: Toxapex|Infestation|p2a: Garganacl\n|-damage|p2a: Garganacl|68\/100\n|\n|-heal|p2a: Garganacl|74\/100|[from] item: Leftovers\n|-heal|p1a: Toxapex|88\/100|[from] item: Leftovers\n|-damage|p2a: Garganacl|62\/100|[from] move: Infestation|[partiallytrapped]\n|upkeep\n|turn|102\n|inactive|voyeur35 has 90 seconds left.\n|\n|t:|1700609540\n|move|p2a: Garganacl|Recover|p2a: Garganacl\n|-heal|p2a: Garganacl|100\/100\n|move|p1a: Toxapex|Recover|p1a: Toxapex\n|-heal|p1a: Toxapex|100\/100\n|\n|-damage|p2a: Garganacl|88\/100|[from] move: Infestation|[partiallytrapped]\n|upkeep\n|turn|103\n|\n|t:|1700609549\n|move|p2a: Garganacl|Recover|p2a: Garganacl\n|-heal|p2a: Garganacl|100\/100\n|move|p1a: Toxapex|Haze|p1a: Toxapex\n|-clearallboost\n|\n|-damage|p2a: Garganacl|88\/100|[from] move: Infestation|[partiallytrapped]\n|upkeep\n|turn|104\n|\n|t:|1700609561\n|move|p2a: Garganacl|Iron Defense|p2a: Garganacl\n|-boost|p2a: Garganacl|def|2\n|move|p1a: Toxapex|Haze|p1a: Toxapex\n|-clearallboost\n|\n|-heal|p2a: Garganacl|94\/100|[from] item: Leftovers\n|-damage|p2a: Garganacl|82\/100|[from] move: Infestation|[partiallytrapped]\n|upkeep\n|turn|105\n|\n|t:|1700609569\n|move|p2a: Garganacl|Iron Defense|p2a: Garganacl\n|-boost|p2a: Garganacl|def|2\n|move|p1a: Toxapex|Haze|p1a: Toxapex\n|-clearallboost\n|\n|-heal|p2a: Garganacl|88\/100|[from] item: Leftovers\n|-end|p2a: Garganacl|Infestation|[partiallytrapped]\n|upkeep\n|turn|106\n|\n|t:|1700609576\n|switch|p2a: Maushold|Maushold|100\/100\n|move|p1a: Toxapex|Infestation|p2a: Maushold\n|-damage|p2a: Maushold|97\/100\n|-activate|p2a: Maushold|move: Infestation|[of] p1a: Toxapex\n|\n|-damage|p2a: Maushold|84\/100|[from] move: Infestation|[partiallytrapped]\n|upkeep\n|turn|107\n|\n|t:|1700609587\n|move|p1a: Toxapex|Baneful Bunker|p1a: Toxapex\n|-singleturn|p1a: Toxapex|move: Protect\n|move|p2a: Maushold|Encore|p1a: Toxapex\n|-activate|p1a: Toxapex|move: Protect\n|\n|-damage|p2a: Maushold|72\/100|[from] move: Infestation|[partiallytrapped]\n|upkeep\n|turn|108\n|\n|t:|1700609593\n|move|p2a: Maushold|Encore|p1a: Toxapex\n|-start|p1a: Toxapex|Encore\n|move|p1a: Toxapex|Baneful Bunker||[still]\n|-fail|p1a: Toxapex\n|\n|-damage|p2a: Maushold|59\/100|[from] move: Infestation|[partiallytrapped]\n|upkeep\n|turn|109\n|\n|t:|1700609600\n|move|p1a: Toxapex|Baneful Bunker|p1a: Toxapex\n|-singleturn|p1a: Toxapex|move: Protect\n|move|p2a: Maushold|Tidy Up|p2a: Maushold\n|-boost|p2a: Maushold|atk|1\n|-boost|p2a: Maushold|spe|1\n|\n|-damage|p2a: Maushold|47\/100|[from] move: Infestation|[partiallytrapped]\n|upkeep\n|turn|110\n|\n|t:|1700609616\n|switch|p1a: Slowking|Slowking-Galar, M|83\/100\n|move|p2a: Maushold|Tidy Up|p2a: Maushold\n|-boost|p2a: Maushold|atk|1\n|-boost|p2a: Maushold|spe|1\n|\n|-heal|p1a: Slowking|89\/100|[from] item: Leftovers\n|-end|p2a: Maushold|Infestation|[partiallytrapped]|[silent]\n|upkeep\n|turn|111\n|\n|t:|1700609624\n|move|p2a: Maushold|Population Bomb|p1a: Slowking\n|-damage|p1a: Slowking|67\/100\n|-damage|p1a: Slowking|45\/100\n|-damage|p1a: Slowking|23\/100\n|-damage|p1a: Slowking|0 fnt\n|faint|p1a: Slowking\n|-hitcount|p1: Slowking|4\n|\n|upkeep\n|\n|t:|1700609628\n|switch|p1a: Toxapex|Toxapex, F|100\/100\n|turn|112\n|\n|t:|1700609640\n|move|p2a: Maushold|Population Bomb|p1a: Toxapex\n|-damage|p1a: Toxapex|86\/100\n|-damage|p1a: Toxapex|73\/100\n|-damage|p1a: Toxapex|59\/100\n|-damage|p1a: Toxapex|45\/100\n|-damage|p1a: Toxapex|31\/100\n|-damage|p1a: Toxapex|18\/100\n|-damage|p1a: Toxapex|4\/100\n|-crit|p1a: Toxapex\n|-damage|p1a: Toxapex|0 fnt\n|faint|p1a: Toxapex\n|-hitcount|p1: Toxapex|8\n|\n|upkeep\n|-message|Ryuuguu forfeited.\n|\n|win|voyeur35\n|raw|Ryuuguu's rating: 1223 &rarr; <strong>1202<\/strong><br \/>(-21 for losing)\n|raw|voyeur35's rating: 1284 &rarr; <strong>1305<\/strong><br \/>(+21 for winning)\n|l|\u2606Ryuuguu\n","uploadtime":1700609665,"views":19,"p1id":"ryuuguu","p2id":"voyeur35","formatid":"gen9ou","rating":1202,"private":0,"password":""}