{"id":"gen9ou-1993335580","p1":"Welcometoearth420","p2":"terryon","format":"[Gen 9] OU","log":"|j|\u2606Welcometoearth420\n|j|\u2606terryon\n|t:|1700300802\n|gametype|singles\n|player|p1|Welcometoearth420|170|1400\n|player|p2|terryon|265|1325\n|teamsize|p1|6\n|teamsize|p2|6\n|gen|9\n|tier|[Gen 9] OU\n|rated|\n|rule|Sleep Clause Mod: Limit one foe put to sleep\n|rule|Species Clause: Limit one of each Pok\u00e9mon\n|rule|OHKO Clause: OHKO moves are banned\n|rule|Evasion Items Clause: Evasion items are banned\n|rule|Evasion Moves Clause: Evasion moves are banned\n|rule|Endless Battle Clause: Forcing endless battles is banned\n|rule|HP Percentage Mod: HP is shown in percentages\n|clearpoke\n|poke|p1|Tornadus-Therian, M|\n|poke|p1|Rillaboom, F|\n|poke|p1|Sneasler, F|\n|poke|p1|Heatran, F|\n|poke|p1|Enamorus, F|\n|poke|p1|Sinistcha|\n|poke|p2|Landorus-Therian, M|\n|poke|p2|Pelipper, F|\n|poke|p2|Kingambit, M|\n|poke|p2|Hatterene, F|\n|poke|p2|Barraskewda, F|\n|poke|p2|Dragapult, F|\n|teampreview\n|inactive|Battle timer is ON: inactive players will automatically lose when time's up. (requested by terryon)\n|\n|t:|1700300893\n|start\n|switch|p1a: Rillaboom|Rillaboom, F|100\/100\n|switch|p2a: Pelipper|Pelipper, F, shiny|100\/100\n|-fieldstart|move: Grassy Terrain|[from] ability: Grassy Surge|[of] p1a: Rillaboom\n|-weather|RainDance|[from] ability: Drizzle|[of] p2a: Pelipper\n|turn|1\n|\n|t:|1700300907\n|move|p1a: Rillaboom|Knock Off|p2a: Pelipper\n|-damage|p2a: Pelipper|67\/100\n|-enditem|p2a: Pelipper|Damp Rock|[from] move: Knock Off|[of] p1a: Rillaboom\n|move|p2a: Pelipper|Hurricane|p1a: Rillaboom\n|-supereffective|p1a: Rillaboom\n|-damage|p1a: Rillaboom|20\/100\n|\n|-weather|RainDance|[upkeep]\n|-heal|p1a: Rillaboom|26\/100|[from] Grassy Terrain\n|upkeep\n|turn|2\n|\n|t:|1700300915\n|switch|p1a: Tornadus|Tornadus-Therian, M|100\/100\n|move|p2a: Pelipper|Hurricane|p1a: Tornadus\n|-damage|p1a: Tornadus|81\/100\n|\n|-weather|RainDance|[upkeep]\n|upkeep\n|turn|3\n|\n|t:|1700300921\n|move|p1a: Tornadus|Hurricane|p2a: Pelipper\n|-damage|p2a: Pelipper|27\/100\n|move|p2a: Pelipper|U-turn|p1a: Tornadus\n|-resisted|p1a: Tornadus\n|-damage|p1a: Tornadus|76\/100\n|\n|t:|1700300930\n|switch|p2a: Barraskewda|Barraskewda, F|100\/100|[from] U-turn\n|\n|-weather|RainDance|[upkeep]\n|upkeep\n|turn|4\n|\n|t:|1700300933\n|switch|p1a: Sinistcha|Sinistcha|100\/100\n|-enditem|p1a: Sinistcha|Grassy Seed\n|-boost|p1a: Sinistcha|def|1|[from] item: Grassy Seed\n|move|p2a: Barraskewda|Liquidation|p1a: Sinistcha\n|-resisted|p1a: Sinistcha\n|-damage|p1a: Sinistcha|76\/100\n|-unboost|p1a: Sinistcha|def|1\n|\n|-weather|RainDance|[upkeep]\n|-heal|p1a: Sinistcha|82\/100|[from] Grassy Terrain\n|upkeep\n|turn|5\n|\n|t:|1700300942\n|switch|p2a: Landorus|Landorus-Therian, M|100\/100\n|-ability|p2a: Landorus|Intimidate|boost\n|-unboost|p1a: Sinistcha|atk|1\n|move|p1a: Sinistcha|Calm Mind|p1a: Sinistcha\n|-boost|p1a: Sinistcha|spa|1\n|-boost|p1a: Sinistcha|spd|1\n|\n|-weather|RainDance|[upkeep]\n|-heal|p1a: Sinistcha|88\/100|[from] Grassy Terrain\n|upkeep\n|turn|6\n|\n|t:|1700300949\n|move|p2a: Landorus|Sludge Bomb|p1a: Sinistcha\n|-damage|p1a: Sinistcha|53\/100\n|-status|p1a: Sinistcha|psn\n|move|p1a: Sinistcha|Calm Mind|p1a: Sinistcha\n|-boost|p1a: Sinistcha|spa|1\n|-boost|p1a: Sinistcha|spd|1\n|\n|-weather|RainDance|[upkeep]\n|-heal|p1a: Sinistcha|59\/100 psn|[from] Grassy Terrain\n|-damage|p1a: Sinistcha|47\/100 psn|[from] psn\n|upkeep\n|turn|7\n|\n|t:|1700300958\n|switch|p2a: Kingambit|Kingambit, M|100\/100\n|move|p1a: Sinistcha|Matcha Gotcha|p2a: Kingambit\n|-resisted|p2a: Kingambit\n|-damage|p2a: Kingambit|54\/100\n|-heal|p1a: Sinistcha|70\/100 psn|[from] drain|[of] p2a: Kingambit\n|-status|p2a: Kingambit|brn\n|\n|-weather|RainDance|[upkeep]\n|-heal|p2a: Kingambit|61\/100 brn|[from] Grassy Terrain\n|-heal|p1a: Sinistcha|76\/100 psn|[from] Grassy Terrain\n|-damage|p1a: Sinistcha|64\/100 psn|[from] psn\n|-damage|p2a: Kingambit|54\/100 brn|[from] brn\n|upkeep\n|turn|8\n|\n|t:|1700300969\n|move|p2a: Kingambit|Kowtow Cleave|p1a: Sinistcha\n|-supereffective|p1a: Sinistcha\n|-damage|p1a: Sinistcha|30\/100 psn\n|move|p1a: Sinistcha|Matcha Gotcha|p2a: Kingambit\n|-resisted|p2a: Kingambit\n|-damage|p2a: Kingambit|7\/100 brn\n|-heal|p1a: Sinistcha|54\/100 psn|[from] drain|[of] p2a: Kingambit\n|\n|-weather|none\n|-heal|p2a: Kingambit|13\/100 brn|[from] Grassy Terrain\n|-heal|p1a: Sinistcha|60\/100 psn|[from] Grassy Terrain\n|-damage|p1a: Sinistcha|48\/100 psn|[from] psn\n|-damage|p2a: Kingambit|7\/100 brn|[from] brn\n|-fieldend|move: Grassy Terrain\n|upkeep\n|turn|9\n|\n|t:|1700300981\n|move|p2a: Kingambit|Kowtow Cleave|p1a: Sinistcha\n|-supereffective|p1a: Sinistcha\n|-damage|p1a: Sinistcha|10\/100 psn\n|move|p1a: Sinistcha|Strength Sap|p2a: Kingambit\n|-unboost|p2a: Kingambit|atk|1\n|-heal|p1a: Sinistcha|100\/100 psn\n|\n|-damage|p1a: Sinistcha|88\/100 psn|[from] psn\n|-damage|p2a: Kingambit|0 fnt|[from] brn\n|faint|p2a: Kingambit\n|-end|p2a: Kingambit|fallenundefined|[silent]\n|upkeep\n|\n|t:|1700300996\n|switch|p2a: Dragapult|Dragapult, F|100\/100\n|turn|10\n|\n|t:|1700300999\n|move|p2a: Dragapult|Shadow Ball|p1a: Sinistcha\n|-supereffective|p1a: Sinistcha\n|-damage|p1a: Sinistcha|24\/100 psn\n|move|p1a: Sinistcha|Shadow Ball|p2a: Dragapult\n|-supereffective|p2a: Dragapult\n|-damage|p2a: Dragapult|0 fnt\n|faint|p2a: Dragapult\n|\n|-damage|p1a: Sinistcha|11\/100 psn|[from] psn\n|upkeep\n|\n|t:|1700301005\n|switch|p2a: Pelipper|Pelipper, F, shiny|27\/100\n|-weather|RainDance|[from] ability: Drizzle|[of] p2a: Pelipper\n|turn|11\n|\n|t:|1700301014\n|move|p1a: Sinistcha|Matcha Gotcha|p2a: Pelipper\n|-damage|p2a: Pelipper|0 fnt\n|-heal|p1a: Sinistcha|24\/100 psn|[from] drain|[of] p2a: Pelipper\n|faint|p2a: Pelipper\n|\n|-weather|RainDance|[upkeep]\n|-damage|p1a: Sinistcha|11\/100 psn|[from] psn\n|upkeep\n|\n|t:|1700301018\n|switch|p2a: Barraskewda|Barraskewda, F|100\/100\n|turn|12\n|\n|t:|1700301020\n|move|p2a: Barraskewda|Liquidation|p1a: Sinistcha\n|-resisted|p1a: Sinistcha\n|-damage|p1a: Sinistcha|0 fnt\n|faint|p1a: Sinistcha\n|\n|-weather|RainDance|[upkeep]\n|upkeep\n|\n|t:|1700301023\n|switch|p1a: Rillaboom|Rillaboom, F|26\/100\n|-fieldstart|move: Grassy Terrain|[from] ability: Grassy Surge|[of] p1a: Rillaboom\n|turn|13\n|\n|t:|1700301025\n|move|p1a: Rillaboom|Grassy Glide|p2a: Barraskewda\n|-supereffective|p2a: Barraskewda\n|-damage|p2a: Barraskewda|0 fnt\n|faint|p2a: Barraskewda\n|\n|-weather|RainDance|[upkeep]\n|-heal|p1a: Rillaboom|33\/100|[from] Grassy Terrain\n|upkeep\n|\n|t:|1700301032\n|switch|p2a: Landorus|Landorus-Therian, M|100\/100\n|-ability|p2a: Landorus|Intimidate|boost\n|-unboost|p1a: Rillaboom|atk|1\n|turn|14\n|\n|t:|1700301038\n|move|p2a: Landorus|Weather Ball|p1a: Rillaboom\n|-resisted|p1a: Rillaboom\n|-damage|p1a: Rillaboom|0 fnt\n|faint|p1a: Rillaboom\n|\n|-weather|RainDance|[upkeep]\n|upkeep\n|\n|t:|1700301045\n|switch|p1a: Tornadus|Tornadus-Therian, M|100\/100\n|turn|15\n|\n|t:|1700301047\n|move|p2a: Landorus|Weather Ball|p1a: Tornadus\n|-damage|p1a: Tornadus|66\/100\n|move|p1a: Tornadus|Knock Off|p2a: Landorus\n|-damage|p2a: Landorus|77\/100\n|-enditem|p2a: Landorus|Choice Specs|[from] move: Knock Off|[of] p1a: Tornadus\n|\n|-weather|none\n|upkeep\n|turn|16\n|-message|terryon forfeited.\n|\n|win|Welcometoearth420\n|raw|Welcometoearth420's rating: 1400 &rarr; <strong>1416<\/strong><br \/>(+16 for winning)\n|raw|terryon's rating: 1325 &rarr; <strong>1309<\/strong><br \/>(-16 for losing)\n|l|\u2606terryon\n","uploadtime":1700301054,"views":9,"p1id":"welcometoearth420","p2id":"terryon","formatid":"gen9ou","rating":1309,"private":0,"password":""}