{"id":"gen9ou-1991567375","p1":"B1RKSY","p2":"dreadway","format":"[Gen 9] OU","log":"|j|\u2606B1RKSY\n|j|\u2606dreadway\n|t:|1700089165\n|gametype|singles\n|player|p1|B1RKSY|cynthia-gen4|1387\n|player|p2|dreadway|2|1324\n|teamsize|p1|6\n|teamsize|p2|6\n|gen|9\n|tier|[Gen 9] OU\n|rated|\n|rule|Sleep Clause Mod: Limit one foe put to sleep\n|rule|Species Clause: Limit one of each Pok\u00e9mon\n|rule|OHKO Clause: OHKO moves are banned\n|rule|Evasion Items Clause: Evasion items are banned\n|rule|Evasion Moves Clause: Evasion moves are banned\n|rule|Endless Battle Clause: Forcing endless battles is banned\n|rule|HP Percentage Mod: HP is shown in percentages\n|clearpoke\n|poke|p1|Torkoal, M|\n|poke|p1|Walking Wake|\n|poke|p1|Glimmora, M|\n|poke|p1|Zoroark-Hisui, M|\n|poke|p1|Great Tusk|\n|poke|p1|Zapdos|\n|poke|p2|Samurott-Hisui, F|\n|poke|p2|Zoroark-Hisui, M|\n|poke|p2|Kingambit, F|\n|poke|p2|Slowking-Galar, M|\n|poke|p2|Rillaboom, F|\n|poke|p2|Sneasler, F|\n|teampreview\n|c|\u2606dreadway|hi\n|c|\u2606B1RKSY|hello\n|\n|t:|1700089198\n|start\n|switch|p1a: Glimmora|Glimmora, M|100\/100\n|switch|p2a: Samurott|Samurott-Hisui, F|100\/100\n|turn|1\n|\n|t:|1700089221\n|move|p1a: Glimmora|Focus Blast|p2a: Samurott\n|-supereffective|p2a: Samurott\n|-damage|p2a: Samurott|0 fnt\n|faint|p2a: Samurott\n|-damage|p1a: Glimmora|91\/100|[from] item: Life Orb\n|\n|upkeep\n|\n|t:|1700089233\n|switch|p2a: Slowking|Slowking-Galar, M|100\/100\n|turn|2\n|\n|t:|1700089240\n|move|p1a: Glimmora|Psychic|p2a: Slowking\n|-damage|p2a: Slowking|83\/100\n|-damage|p1a: Glimmora|81\/100|[from] item: Life Orb\n|move|p2a: Slowking|Future Sight|p1a: Glimmora\n|-start|p2a: Slowking|move: Future Sight\n|\n|upkeep\n|turn|3\n|\n|t:|1700089250\n|move|p1a: Glimmora|Shadow Ball|p2a: Slowking\n|-supereffective|p2a: Slowking\n|-damage|p2a: Slowking|37\/100\n|-damage|p1a: Glimmora|71\/100|[from] item: Life Orb\n|move|p2a: Slowking|Surf|p1a: Glimmora\n|-damage|p1a: Glimmora|24\/100\n|replace|p1a: Zoroark|Zoroark-Hisui, M\n|-end|p1a: Zoroark|Illusion\n|\n|upkeep\n|turn|4\n|\n|t:|1700089263\n|switch|p2a: Kingambit|Kingambit, F|100\/100\n|move|p1a: Zoroark|Shadow Ball|p2a: Kingambit\n|-immune|p2a: Kingambit\n|\n|-end|p1a: Zoroark|move: Future Sight\n|-damage|p1a: Zoroark|0 fnt\n|faint|p1a: Zoroark\n|upkeep\n|c|\u2606dreadway|a fellow zoroark enjoyer\n|c|\u2606B1RKSY|so true bestie\n|\n|t:|1700089294\n|switch|p1a: Torkoal|Torkoal, M|100\/100\n|-weather|SunnyDay|[from] ability: Drought|[of] p1a: Torkoal\n|turn|5\n|\n|t:|1700089300\n|move|p2a: Kingambit|Nasty Plot|p2a: Kingambit\n|-boost|p2a: Kingambit|spa|2\n|move|p1a: Torkoal|Lava Plume|p2a: Kingambit\n|-enditem|p2a: Kingambit|Focus Sash\n|-damage|p2a: Kingambit|1\/100\n|replace|p2a: Zoroark|Zoroark-Hisui, M\n|-end|p2a: Zoroark|Illusion\n|\n|-weather|SunnyDay|[upkeep]\n|upkeep\n|turn|6\n|c|\u2606B1RKSY|It's so fun at the start of a game to pop off with it\n|\n|t:|1700089309\n|move|p2a: Zoroark|Shadow Ball|p1a: Torkoal\n|-damage|p1a: Torkoal|12\/100\n|move|p1a: Torkoal|Lava Plume|p2a: Zoroark\n|-damage|p2a: Zoroark|0 fnt\n|faint|p2a: Zoroark\n|\n|-weather|SunnyDay|[upkeep]\n|upkeep\n|c|\u2606B1RKSY|if you can get a good lead it's so rewarding\n|\n|t:|1700089328\n|switch|p2a: Slowking|Slowking-Galar, M|71\/100\n|turn|7\n|\n|t:|1700089336\n|switch|p1a: Great Tusk|Great Tusk|100\/100\n|-activate|p1a: Great Tusk|ability: Protosynthesis\n|-start|p1a: Great Tusk|protosynthesisatk\n|move|p2a: Slowking|Sludge Bomb|p1a: Great Tusk\n|-resisted|p1a: Great Tusk\n|-damage|p1a: Great Tusk|84\/100\n|-status|p1a: Great Tusk|psn\n|\n|-weather|SunnyDay|[upkeep]\n|-damage|p1a: Great Tusk|71\/100 psn|[from] psn\n|upkeep\n|turn|8\n|\n|t:|1700089346\n|move|p1a: Great Tusk|Earthquake|p2a: Slowking\n|-supereffective|p2a: Slowking\n|-damage|p2a: Slowking|0 fnt\n|faint|p2a: Slowking\n|\n|-weather|SunnyDay|[upkeep]\n|-damage|p1a: Great Tusk|59\/100 psn|[from] psn\n|upkeep\n|\n|t:|1700089349\n|switch|p2a: Rillaboom|Rillaboom, F|100\/100\n|-fieldstart|move: Grassy Terrain|[from] ability: Grassy Surge|[of] p2a: Rillaboom\n|turn|9\n|\n|t:|1700089359\n|move|p2a: Rillaboom|U-turn|p1a: Great Tusk\n|-resisted|p1a: Great Tusk\n|-damage|p1a: Great Tusk|46\/100 psn\n|\n|t:|1700089366\n|switch|p2a: Sneasler|Sneasler, F|100\/100|[from] U-turn\n|-enditem|p2a: Sneasler|Grassy Seed\n|-boost|p2a: Sneasler|def|1|[from] item: Grassy Seed\n|move|p1a: Great Tusk|Ice Spinner|p2a: Sneasler\n|-damage|p2a: Sneasler|58\/100\n|-fieldend|move: Grassy Terrain\n|\n|-weather|none\n|-end|p1a: Great Tusk|Protosynthesis\n|-damage|p1a: Great Tusk|34\/100 psn|[from] psn\n|upkeep\n|turn|10\n|\n|t:|1700089379\n|move|p2a: Sneasler|Close Combat|p1a: Great Tusk\n|-damage|p1a: Great Tusk|0 fnt\n|-unboost|p2a: Sneasler|def|1\n|-unboost|p2a: Sneasler|spd|1\n|faint|p1a: Great Tusk\n|-end|p1a: Great Tusk|Protosynthesis|[silent]\n|\n|upkeep\n|\n|t:|1700089389\n|switch|p1a: Glimmora|Glimmora, M|100\/100\n|turn|11\n|\n|t:|1700089397\n|move|p2a: Sneasler|Lash Out|p1a: Glimmora\n|-damage|p1a: Glimmora|68\/100\n|-activate|p1a: Glimmora|ability: Toxic Debris\n|-sidestart|p2: dreadway|move: Toxic Spikes\n|move|p1a: Glimmora|Earth Power|p2a: Sneasler\n|-supereffective|p2a: Sneasler\n|-damage|p2a: Sneasler|0 fnt\n|faint|p2a: Sneasler\n|\n|upkeep\n|\n|t:|1700089403\n|switch|p2a: Rillaboom|Rillaboom, F|100\/100\n|-status|p2a: Rillaboom|psn\n|-fieldstart|move: Grassy Terrain|[from] ability: Grassy Surge|[of] p2a: Rillaboom\n|turn|12\n|\n|t:|1700089411\n|move|p1a: Glimmora|Sludge Wave|p2a: Rillaboom\n|-supereffective|p2a: Rillaboom\n|-damage|p2a: Rillaboom|0 fnt\n|faint|p2a: Rillaboom\n|\n|-heal|p1a: Glimmora|74\/100|[from] Grassy Terrain\n|upkeep\n|\n|t:|1700089413\n|switch|p2a: Kingambit|Kingambit, F|100\/100\n|-activate|p2a: Kingambit|ability: Supreme Overlord\n|-start|p2a: Kingambit|fallen5|[silent]\n|turn|13\n|\n|t:|1700089422\n|-terastallize|p2a: Kingambit|Dark\n|move|p1a: Glimmora|Earth Power|p2a: Kingambit\n|-damage|p2a: Kingambit|66\/100\n|move|p2a: Kingambit|Swords Dance|p2a: Kingambit\n|-boost|p2a: Kingambit|atk|2\n|\n|-heal|p1a: Glimmora|80\/100|[from] Grassy Terrain\n|-heal|p2a: Kingambit|72\/100|[from] Grassy Terrain\n|upkeep\n|turn|14\n|\n|t:|1700089436\n|move|p2a: Kingambit|Sucker Punch|p1a: Glimmora\n|-damage|p1a: Glimmora|0 fnt\n|-activate|p1a: Glimmora|ability: Toxic Debris\n|-sidestart|p2: dreadway|move: Toxic Spikes\n|faint|p1a: Glimmora\n|\n|-heal|p2a: Kingambit|79\/100|[from] Grassy Terrain\n|upkeep\n|c|\u2606dreadway|gg\n|\n|t:|1700089444\n|switch|p1a: Zapdos|Zapdos|100\/100\n|turn|15\n|\n|t:|1700089453\n|move|p1a: Zapdos|Discharge|p2a: Kingambit\n|-damage|p2a: Kingambit|43\/100\n|-status|p2a: Kingambit|par\n|move|p2a: Kingambit|Kowtow Cleave|p1a: Zapdos\n|-damage|p1a: Zapdos|0 fnt\n|faint|p1a: Zapdos\n|\n|-heal|p2a: Kingambit|49\/100 par|[from] Grassy Terrain\n|upkeep\n|\n|t:|1700089463\n|switch|p1a: Torkoal|Torkoal, M|12\/100\n|-weather|SunnyDay|[from] ability: Drought|[of] p1a: Torkoal\n|turn|16\n|\n|t:|1700089468\n|cant|p2a: Kingambit|par\n|move|p1a: Torkoal|Lava Plume|p2a: Kingambit\n|-damage|p2a: Kingambit|0 fnt\n|faint|p2a: Kingambit\n|-end|p2a: Kingambit|fallen5|[silent]\n|\n|win|B1RKSY\n|raw|B1RKSY's rating: 1387 &rarr; <strong>1403<\/strong><br \/>(+16 for winning)\n|raw|dreadway's rating: 1324 &rarr; <strong>1308<\/strong><br \/>(-16 for losing)\n|c|\u2606B1RKSY|gg\n|c|\u2606B1RKSY|calculated\n|l|\u2606dreadway\n","uploadtime":1700089478,"views":10,"p1id":"b1rksy","p2id":"dreadway","formatid":"gen9ou","rating":1308,"private":0,"password":""}