{"id":"gen9ou-2000185204","p1":"giovanna umbreon","p2":"dddddddqweeee","format":"[Gen 9] OU","log":"|j|\u2606giovanna umbreon\n|j|\u2606dddddddqweeee\n|t:|1701168985\n|gametype|singles\n|player|p1|giovanna umbreon|skyla|1188\n|player|p2|dddddddqweeee|gentleman|1261\n|teamsize|p1|6\n|teamsize|p2|6\n|gen|9\n|tier|[Gen 9] OU\n|rated|\n|rule|Sleep Clause Mod: Limit one foe put to sleep\n|rule|Species Clause: Limit one of each Pok\u00e9mon\n|rule|OHKO Clause: OHKO moves are banned\n|rule|Evasion Items Clause: Evasion items are banned\n|rule|Evasion Moves Clause: Evasion moves are banned\n|rule|Endless Battle Clause: Forcing endless battles is banned\n|rule|HP Percentage Mod: HP is shown in percentages\n|clearpoke\n|poke|p1|Maushold|\n|poke|p1|Samurott-Hisui, M|\n|poke|p1|Kingambit, F|\n|poke|p1|Garganacl, F|\n|poke|p1|Amoonguss, M|\n|poke|p1|Weavile, F|\n|poke|p2|Zapdos|\n|poke|p2|Slowking-Galar, F|\n|poke|p2|Perrserker, F|\n|poke|p2|Great Tusk|\n|poke|p2|Crawdaunt, F|\n|poke|p2|Mandibuzz, F|\n|teampreview\n|\n|t:|1701168999\n|start\n|switch|p1a: Amoonguss|Amoonguss, M, shiny|100\/100\n|switch|p2a: Perrserker|Perrserker, F|100\/100\n|turn|1\n|inactive|Battle timer is ON: inactive players will automatically lose when time's up. (requested by giovanna umbreon)\n|\n|t:|1701169030\n|switch|p2a: Slowking|Slowking-Galar, F|100\/100\n|move|p1a: Amoonguss|Spore|p2a: Slowking\n|-status|p2a: Slowking|slp|[from] move: Spore\n|\n|upkeep\n|turn|2\n|\n|t:|1701169040\n|switch|p1a: Samurott|Samurott-Hisui, M, shiny|100\/100\n|switch|p2a: Zapdos|Zapdos|100\/100\n|\n|upkeep\n|turn|3\n|\n|t:|1701169049\n|switch|p1a: Garganacl|Garganacl, F|100\/100\n|move|p2a: Zapdos|Volt Switch|p1a: Garganacl\n|-damage|p1a: Garganacl|83\/100\n|\n|t:|1701169056\n|switch|p2a: Crawdaunt|Crawdaunt, F|100\/100|[from] Volt Switch\n|\n|-heal|p1a: Garganacl|89\/100|[from] item: Leftovers\n|upkeep\n|turn|4\n|\n|t:|1701169062\n|-terastallize|p1a: Garganacl|Fairy\n|move|p2a: Crawdaunt|Knock Off|p1a: Garganacl\n|-resisted|p1a: Garganacl\n|-damage|p1a: Garganacl|52\/100\n|-enditem|p1a: Garganacl|Leftovers|[from] move: Knock Off|[of] p2a: Crawdaunt\n|move|p1a: Garganacl|Salt Cure|p2a: Crawdaunt\n|-damage|p2a: Crawdaunt|82\/100\n|-start|p2a: Crawdaunt|Salt Cure\n|\n|-damage|p2a: Crawdaunt|57\/100|[from] Salt Cure\n|upkeep\n|turn|5\n|\n|t:|1701169072\n|switch|p2a: Slowking|Slowking-Galar, F|100\/100 slp\n|move|p1a: Garganacl|Recover|p1a: Garganacl\n|-heal|p1a: Garganacl|100\/100\n|\n|upkeep\n|turn|6\n|\n|t:|1701169079\n|move|p1a: Garganacl|Salt Cure|p2a: Slowking\n|-damage|p2a: Slowking|90\/100 slp\n|-start|p2a: Slowking|Salt Cure\n|cant|p2a: Slowking|slp\n|\n|-damage|p2a: Slowking|77\/100 slp|[from] Salt Cure\n|upkeep\n|turn|7\n|\n|t:|1701169104\n|switch|p1a: Maushold|Maushold|100\/100\n|switch|p2a: Zapdos|Zapdos|100\/100\n|\n|upkeep\n|turn|8\n|\n|t:|1701169116\n|move|p1a: Maushold|Population Bomb|p2a: Zapdos\n|-damage|p2a: Zapdos|89\/100\n|-crit|p2a: Zapdos\n|-damage|p2a: Zapdos|73\/100\n|-status|p1a: Maushold|par|[from] ability: Static|[of] p2a: Zapdos\n|-damage|p2a: Zapdos|61\/100\n|-damage|p2a: Zapdos|50\/100\n|-damage|p2a: Zapdos|39\/100\n|-damage|p2a: Zapdos|27\/100\n|-crit|p2a: Zapdos\n|-damage|p2a: Zapdos|11\/100\n|-damage|p2a: Zapdos|0 fnt\n|faint|p2a: Zapdos\n|-hitcount|p2: Zapdos|8\n|\n|upkeep\n|\n|t:|1701169133\n|switch|p2a: Perrserker|Perrserker, F|100\/100\n|turn|9\n|\n|t:|1701169139\n|move|p1a: Maushold|Tidy Up|p1a: Maushold\n|-boost|p1a: Maushold|atk|1\n|-boost|p1a: Maushold|spe|1\n|move|p2a: Perrserker|Gyro Ball|p1a: Maushold\n|-damage|p1a: Maushold|0 fnt\n|faint|p1a: Maushold\n|\n|upkeep\n|\n|t:|1701169151\n|switch|p1a: Kingambit|Kingambit, F|100\/100\n|-activate|p1a: Kingambit|ability: Supreme Overlord\n|-start|p1a: Kingambit|fallen1|[silent]\n|turn|10\n|\n|t:|1701169153\n|move|p1a: Kingambit|Low Kick|p2a: Perrserker\n|-supereffective|p2a: Perrserker\n|-damage|p2a: Perrserker|48\/100\n|move|p2a: Perrserker|Close Combat|p1a: Kingambit\n|-supereffective|p1a: Kingambit\n|-damage|p1a: Kingambit|0 fnt\n|-unboost|p2a: Perrserker|def|1\n|-unboost|p2a: Perrserker|spd|1\n|faint|p1a: Kingambit\n|-end|p1a: Kingambit|fallen1|[silent]\n|\n|upkeep\n|\n|t:|1701169162\n|switch|p1a: Samurott|Samurott-Hisui, M, shiny|100\/100\n|turn|11\n|\n|t:|1701169168\n|switch|p2a: Mandibuzz|Mandibuzz, F|100\/100\n|move|p1a: Samurott|Aqua Cutter|p2a: Mandibuzz\n|-damage|p2a: Mandibuzz|68\/100\n|\n|upkeep\n|turn|12\n|\n|t:|1701169176\n|move|p1a: Samurott|Aqua Cutter|p2a: Mandibuzz\n|-damage|p2a: Mandibuzz|31\/100\n|move|p2a: Mandibuzz|U-turn|p1a: Samurott\n|-supereffective|p1a: Samurott\n|-damage|p1a: Samurott|72\/100\n|\n|t:|1701169184\n|switch|p2a: Great Tusk|Great Tusk, shiny|100\/100|[from] U-turn\n|\n|upkeep\n|turn|13\n|\n|t:|1701169194\n|switch|p1a: Amoonguss|Amoonguss, M, shiny|100\/100\n|-terastallize|p2a: Great Tusk|Water\n|move|p2a: Great Tusk|Earthquake|p1a: Amoonguss\n|-damage|p1a: Amoonguss|69\/100\n|-enditem|p1a: Amoonguss|Red Card|[of] p2a: Great Tusk\n|-end|p2a: Great Tusk|Protosynthesis|[silent]\n|drag|p2a: Slowking|Slowking-Galar, F|100\/100 slp\n|\n|upkeep\n|turn|14\n|\n|t:|1701169209\n|move|p1a: Amoonguss|Foul Play|p2a: Slowking\n|-supereffective|p2a: Slowking\n|-damage|p2a: Slowking|81\/100 slp\n|-curestatus|p2a: Slowking|slp|[msg]\n|move|p2a: Slowking|Chilly Reception|p2a: Slowking\n|-weather|Snow\n|\n|t:|1701169216\n|switch|p2a: Perrserker|Perrserker, F|48\/100|[from] Chilly Reception\n|\n|-weather|Snow|[upkeep]\n|upkeep\n|turn|15\n|\n|t:|1701169224\n|switch|p2a: Mandibuzz|Mandibuzz, F|31\/100\n|move|p1a: Amoonguss|Spore|p2a: Mandibuzz\n|-immune|p2a: Mandibuzz|[from] ability: Overcoat\n|\n|-weather|Snow|[upkeep]\n|upkeep\n|turn|16\n|\n|t:|1701169233\n|switch|p1a: Garganacl|Garganacl, F, tera:Fairy|100\/100\n|move|p2a: Mandibuzz|Roost|p2a: Mandibuzz\n|-heal|p2a: Mandibuzz|81\/100\n|-singleturn|p2a: Mandibuzz|move: Roost\n|\n|-weather|Snow|[upkeep]\n|upkeep\n|turn|17\n|\n|t:|1701169246\n|move|p2a: Mandibuzz|U-turn|p1a: Garganacl\n|-resisted|p1a: Garganacl\n|-crit|p1a: Garganacl\n|-damage|p1a: Garganacl|95\/100\n|\n|t:|1701169249\n|switch|p2a: Slowking|Slowking-Galar, F|100\/100|[from] U-turn\n|move|p1a: Garganacl|Salt Cure|p2a: Slowking\n|-damage|p2a: Slowking|90\/100\n|-start|p2a: Slowking|Salt Cure\n|\n|-weather|Snow|[upkeep]\n|-damage|p2a: Slowking|77\/100|[from] Salt Cure\n|upkeep\n|turn|18\n|\n|t:|1701169260\n|switch|p1a: Amoonguss|Amoonguss, M, shiny|100\/100\n|move|p2a: Slowking|Chilly Reception|p2a: Slowking\n|\n|t:|1701169276\n|switch|p2a: Perrserker|Perrserker, F|48\/100|[from] Chilly Reception\n|\n|-weather|none\n|upkeep\n|turn|19\n|\n|t:|1701169283\n|switch|p2a: Slowking|Slowking-Galar, F|100\/100\n|move|p1a: Amoonguss|Spore|p2a: Slowking\n|-status|p2a: Slowking|slp|[from] move: Spore\n|\n|upkeep\n|turn|20\n|\n|t:|1701169292\n|switch|p1a: Samurott|Samurott-Hisui, M, shiny|72\/100\n|switch|p2a: Mandibuzz|Mandibuzz, F|81\/100\n|\n|upkeep\n|turn|21\n|\n|t:|1701169302\n|move|p1a: Samurott|Ceaseless Edge|p2a: Mandibuzz\n|-resisted|p2a: Mandibuzz\n|-damage|p2a: Mandibuzz|69\/100\n|-sidestart|p2: dddddddqweeee|Spikes\n|move|p2a: Mandibuzz|Foul Play|p1a: Samurott\n|-resisted|p1a: Samurott\n|-damage|p1a: Samurott|46\/100\n|\n|upkeep\n|turn|22\n|\n|t:|1701169311\n|move|p1a: Samurott|Aqua Cutter|p2a: Mandibuzz\n|-damage|p2a: Mandibuzz|35\/100\n|move|p2a: Mandibuzz|Roost|p2a: Mandibuzz\n|-heal|p2a: Mandibuzz|85\/100\n|-singleturn|p2a: Mandibuzz|move: Roost\n|\n|upkeep\n|turn|23\n|\n|t:|1701169316\n|move|p1a: Samurott|Aqua Cutter|p2a: Mandibuzz\n|-damage|p2a: Mandibuzz|48\/100\n|move|p2a: Mandibuzz|Defog|p1a: Samurott\n|-unboost|p1a: Samurott|evasion|1\n|-sideend|p2: dddddddqweeee|Spikes|[from] move: Defog|[of] p2a: Mandibuzz\n|\n|upkeep\n|turn|24\n|\n|t:|1701169322\n|move|p1a: Samurott|Aqua Cutter|p2a: Mandibuzz\n|-damage|p2a: Mandibuzz|11\/100\n|move|p2a: Mandibuzz|Roost|p2a: Mandibuzz\n|-heal|p2a: Mandibuzz|61\/100\n|-singleturn|p2a: Mandibuzz|move: Roost\n|\n|upkeep\n|turn|25\n|\n|t:|1701169329\n|switch|p2a: Great Tusk|Great Tusk, shiny, tera:Water|100\/100\n|move|p1a: Samurott|Aqua Cutter|p2a: Great Tusk\n|-resisted|p2a: Great Tusk\n|-crit|p2a: Great Tusk\n|-damage|p2a: Great Tusk|78\/100\n|\n|-heal|p2a: Great Tusk|85\/100|[from] item: Leftovers\n|upkeep\n|turn|26\n|\n|t:|1701169335\n|switch|p1a: Amoonguss|Amoonguss, M, shiny|100\/100\n|move|p2a: Great Tusk|Earthquake|p1a: Amoonguss\n|-damage|p1a: Amoonguss|70\/100\n|\n|-heal|p2a: Great Tusk|91\/100|[from] item: Leftovers\n|upkeep\n|turn|27\n|\n|t:|1701169342\n|-end|p2a: Great Tusk|Protosynthesis|[silent]\n|switch|p2a: Slowking|Slowking-Galar, F|100\/100 slp\n|move|p1a: Amoonguss|Sludge Bomb|p2a: Slowking\n|-resisted|p2a: Slowking\n|-damage|p2a: Slowking|90\/100 slp\n|\n|upkeep\n|turn|28\n|\n|t:|1701169352\n|switch|p1a: Weavile|Weavile, F|100\/100\n|-ability|p1a: Weavile|Pressure\n|switch|p2a: Mandibuzz|Mandibuzz, F|61\/100\n|\n|upkeep\n|turn|29\n|\n|t:|1701169358\n|switch|p2a: Great Tusk|Great Tusk, shiny, tera:Water|91\/100\n|move|p1a: Weavile|Ice Spinner|p2a: Great Tusk\n|-resisted|p2a: Great Tusk\n|-damage|p2a: Great Tusk|82\/100\n|\n|-heal|p2a: Great Tusk|88\/100|[from] item: Leftovers\n|upkeep\n|turn|30\n|\n|t:|1701169368\n|switch|p1a: Amoonguss|Amoonguss, M, shiny|100\/100\n|move|p2a: Great Tusk|Earthquake|p1a: Amoonguss\n|-damage|p1a: Amoonguss|69\/100\n|\n|-heal|p2a: Great Tusk|94\/100|[from] item: Leftovers\n|upkeep\n|turn|31\n|\n|t:|1701169377\n|-end|p2a: Great Tusk|Protosynthesis|[silent]\n|switch|p2a: Slowking|Slowking-Galar, F|100\/100 slp\n|move|p1a: Amoonguss|Grass Knot|p2a: Slowking\n|-resisted|p2a: Slowking\n|-damage|p2a: Slowking|91\/100 slp\n|\n|upkeep\n|turn|32\n|\n|t:|1701169386\n|switch|p1a: Garganacl|Garganacl, F, tera:Fairy|95\/100\n|cant|p2a: Slowking|slp\n|\n|upkeep\n|turn|33\n|\n|t:|1701169389\n|move|p1a: Garganacl|Salt Cure|p2a: Slowking\n|-damage|p2a: Slowking|80\/100 slp\n|-start|p2a: Slowking|Salt Cure\n|cant|p2a: Slowking|slp\n|\n|-damage|p2a: Slowking|68\/100 slp|[from] Salt Cure\n|upkeep\n|turn|34\n|\n|t:|1701169401\n|switch|p1a: Weavile|Weavile, F|100\/100\n|-ability|p1a: Weavile|Pressure\n|-curestatus|p2a: Slowking|slp|[msg]\n|move|p2a: Slowking|Chilly Reception|p2a: Slowking\n|-weather|Snow\n|\n|t:|1701169407\n|switch|p2a: Great Tusk|Great Tusk, shiny, tera:Water|94\/100|[from] Chilly Reception\n|\n|-weather|Snow|[upkeep]\n|-heal|p2a: Great Tusk|100\/100|[from] item: Leftovers\n|upkeep\n|turn|35\n|\n|t:|1701169413\n|move|p1a: Weavile|Knock Off|p2a: Great Tusk\n|-damage|p2a: Great Tusk|77\/100\n|-enditem|p2a: Great Tusk|Leftovers|[from] move: Knock Off|[of] p1a: Weavile\n|move|p2a: Great Tusk|Stealth Rock|p1a: Weavile\n|-sidestart|p1: giovanna umbreon|move: Stealth Rock\n|\n|-weather|Snow|[upkeep]\n|upkeep\n|turn|36\n|\n|t:|1701169421\n|switch|p1a: Amoonguss|Amoonguss, M, shiny|100\/100\n|-damage|p1a: Amoonguss|88\/100|[from] Stealth Rock\n|move|p2a: Great Tusk|Earthquake|p1a: Amoonguss\n|-damage|p1a: Amoonguss|54\/100\n|\n|-weather|Snow|[upkeep]\n|upkeep\n|turn|37\n|\n|t:|1701169429\n|-end|p2a: Great Tusk|Protosynthesis|[silent]\n|switch|p2a: Slowking|Slowking-Galar, F|100\/100\n|move|p1a: Amoonguss|Spore|p2a: Slowking\n|-status|p2a: Slowking|slp|[from] move: Spore\n|\n|-weather|Snow|[upkeep]\n|upkeep\n|turn|38\n|\n|t:|1701169443\n|switch|p1a: Garganacl|Garganacl, F, tera:Fairy|95\/100\n|-damage|p1a: Garganacl|83\/100|[from] Stealth Rock\n|switch|p2a: Mandibuzz|Mandibuzz, F|61\/100\n|\n|-weather|none\n|upkeep\n|turn|39\n|\n|t:|1701169451\n|move|p2a: Mandibuzz|U-turn|p1a: Garganacl\n|-resisted|p1a: Garganacl\n|-damage|p1a: Garganacl|79\/100\n|\n|t:|1701169454\n|switch|p2a: Slowking|Slowking-Galar, F|100\/100 slp|[from] U-turn\n|move|p1a: Garganacl|Salt Cure|p2a: Slowking\n|-damage|p2a: Slowking|90\/100 slp\n|-start|p2a: Slowking|Salt Cure\n|\n|-damage|p2a: Slowking|77\/100 slp|[from] Salt Cure\n|upkeep\n|turn|40\n|\n|t:|1701169459\n|switch|p2a: Mandibuzz|Mandibuzz, F|61\/100\n|move|p1a: Garganacl|Salt Cure|p2a: Mandibuzz\n|-supereffective|p2a: Mandibuzz\n|-damage|p2a: Mandibuzz|43\/100\n|-start|p2a: Mandibuzz|Salt Cure\n|\n|-damage|p2a: Mandibuzz|31\/100|[from] Salt Cure\n|upkeep\n|turn|41\n|\n|t:|1701169470\n|move|p2a: Mandibuzz|Roost|p2a: Mandibuzz\n|-heal|p2a: Mandibuzz|81\/100\n|-singleturn|p2a: Mandibuzz|move: Roost\n|move|p1a: Garganacl|Iron Defense|p1a: Garganacl\n|-boost|p1a: Garganacl|def|2\n|\n|-damage|p2a: Mandibuzz|69\/100|[from] Salt Cure\n|upkeep\n|turn|42\n|\n|t:|1701169481\n|move|p2a: Mandibuzz|U-turn|p1a: Garganacl\n|-resisted|p1a: Garganacl\n|-damage|p1a: Garganacl|77\/100\n|\n|t:|1701169484\n|switch|p2a: Slowking|Slowking-Galar, F|100\/100 slp|[from] U-turn\n|move|p1a: Garganacl|Salt Cure|p2a: Slowking\n|-damage|p2a: Slowking|90\/100 slp\n|-start|p2a: Slowking|Salt Cure\n|\n|-damage|p2a: Slowking|78\/100 slp|[from] Salt Cure\n|upkeep\n|turn|43\n|\n|t:|1701169493\n|move|p1a: Garganacl|Salt Cure|p2a: Slowking\n|-damage|p2a: Slowking|68\/100 slp\n|cant|p2a: Slowking|slp\n|\n|-damage|p2a: Slowking|55\/100 slp|[from] Salt Cure\n|upkeep\n|turn|44\n|\n|t:|1701169500\n|move|p1a: Garganacl|Salt Cure|p2a: Slowking\n|-damage|p2a: Slowking|45\/100 slp\n|-curestatus|p2a: Slowking|slp|[msg]\n|move|p2a: Slowking|Chilly Reception|p2a: Slowking\n|-weather|Snow\n|\n|t:|1701169506\n|switch|p2a: Perrserker|Perrserker, F|48\/100|[from] Chilly Reception\n|\n|-weather|Snow|[upkeep]\n|upkeep\n|turn|45\n|\n|t:|1701169510\n|switch|p2a: Slowking|Slowking-Galar, F|78\/100\n|move|p1a: Garganacl|Body Press|p2a: Slowking\n|-resisted|p2a: Slowking\n|-damage|p2a: Slowking|69\/100\n|\n|-weather|Snow|[upkeep]\n|upkeep\n|turn|46\n|\n|t:|1701169520\n|move|p1a: Garganacl|Salt Cure|p2a: Slowking\n|-damage|p2a: Slowking|59\/100\n|-start|p2a: Slowking|Salt Cure\n|move|p2a: Slowking|Chilly Reception|p2a: Slowking\n|\n|t:|1701169527\n|switch|p2a: Perrserker|Perrserker, F|48\/100|[from] Chilly Reception\n|\n|-weather|Snow|[upkeep]\n|upkeep\n|turn|47\n|\n|t:|1701169530\n|switch|p2a: Slowking|Slowking-Galar, F|92\/100\n|move|p1a: Garganacl|Salt Cure|p2a: Slowking\n|-damage|p2a: Slowking|81\/100\n|-start|p2a: Slowking|Salt Cure\n|\n|-weather|Snow|[upkeep]\n|-damage|p2a: Slowking|69\/100|[from] Salt Cure\n|upkeep\n|turn|48\n|\n|t:|1701169536\n|move|p1a: Garganacl|Iron Defense|p1a: Garganacl\n|-boost|p1a: Garganacl|def|2\n|move|p2a: Slowking|Future Sight|p1a: Garganacl\n|-start|p2a: Slowking|move: Future Sight\n|\n|-weather|none\n|-damage|p2a: Slowking|56\/100|[from] Salt Cure\n|upkeep\n|turn|49\n|\n|t:|1701169547\n|move|p1a: Garganacl|Iron Defense|p1a: Garganacl\n|-boost|p1a: Garganacl|def|2\n|move|p2a: Slowking|Chilly Reception|p2a: Slowking\n|-weather|Snow\n|\n|t:|1701169551\n|switch|p2a: Perrserker|Perrserker, F|48\/100|[from] Chilly Reception\n|\n|-weather|Snow|[upkeep]\n|upkeep\n|turn|50\n|\n|t:|1701169554\n|switch|p2a: Slowking|Slowking-Galar, F|90\/100\n|move|p1a: Garganacl|Body Press|p2a: Slowking\n|-resisted|p2a: Slowking\n|-damage|p2a: Slowking|74\/100\n|\n|-weather|Snow|[upkeep]\n|-end|p1a: Garganacl|move: Future Sight\n|-damage|p1a: Garganacl|45\/100\n|upkeep\n|turn|51\n|\n|t:|1701169562\n|move|p1a: Garganacl|Recover|p1a: Garganacl\n|-heal|p1a: Garganacl|95\/100\n|move|p2a: Slowking|Future Sight|p1a: Garganacl\n|-start|p2a: Slowking|move: Future Sight\n|\n|-weather|Snow|[upkeep]\n|upkeep\n|turn|52\n|\n|t:|1701169570\n|move|p1a: Garganacl|Salt Cure|p2a: Slowking\n|-damage|p2a: Slowking|64\/100\n|-start|p2a: Slowking|Salt Cure\n|move|p2a: Slowking|Ice Beam|p1a: Garganacl\n|-damage|p1a: Garganacl|80\/100\n|\n|-weather|Snow|[upkeep]\n|-damage|p2a: Slowking|51\/100|[from] Salt Cure\n|upkeep\n|turn|53\n|\n|t:|1701169576\n|move|p1a: Garganacl|Body Press|p2a: Slowking\n|-resisted|p2a: Slowking\n|-damage|p2a: Slowking|33\/100\n|move|p2a: Slowking|Chilly Reception|p2a: Slowking\n|\n|t:|1701169581\n|switch|p2a: Perrserker|Perrserker, F|48\/100|[from] Chilly Reception\n|\n|-weather|none\n|-end|p1a: Garganacl|move: Future Sight\n|-damage|p1a: Garganacl|53\/100\n|upkeep\n|turn|54\n|\n|t:|1701169585\n|switch|p2a: Slowking|Slowking-Galar, F|67\/100\n|move|p1a: Garganacl|Body Press|p2a: Slowking\n|-resisted|p2a: Slowking\n|-damage|p2a: Slowking|48\/100\n|\n|upkeep\n|turn|55\n|\n|t:|1701169594\n|move|p1a: Garganacl|Salt Cure|p2a: Slowking\n|-damage|p2a: Slowking|37\/100\n|-start|p2a: Slowking|Salt Cure\n|move|p2a: Slowking|Future Sight|p1a: Garganacl\n|-start|p2a: Slowking|move: Future Sight\n|\n|-damage|p2a: Slowking|25\/100|[from] Salt Cure\n|upkeep\n|turn|56\n|\n|t:|1701169601\n|move|p1a: Garganacl|Recover|p1a: Garganacl\n|-heal|p1a: Garganacl|100\/100\n|move|p2a: Slowking|Chilly Reception|p2a: Slowking\n|-weather|Snow\n|\n|t:|1701169606\n|switch|p2a: Great Tusk|Great Tusk, shiny, tera:Water|77\/100|[from] Chilly Reception\n|\n|-weather|Snow|[upkeep]\n|upkeep\n|turn|57\n|\n|t:|1701169611\n|-end|p2a: Great Tusk|Protosynthesis|[silent]\n|switch|p2a: Slowking|Slowking-Galar, F|58\/100\n|move|p1a: Garganacl|Body Press|p2a: Slowking\n|-resisted|p2a: Slowking\n|-damage|p2a: Slowking|42\/100\n|\n|-weather|Snow|[upkeep]\n|-end|p1a: Garganacl|move: Future Sight\n|-damage|p1a: Garganacl|73\/100\n|upkeep\n|turn|58\n|\n|t:|1701169621\n|switch|p2a: Mandibuzz|Mandibuzz, F|69\/100\n|move|p1a: Garganacl|Salt Cure|p2a: Mandibuzz\n|-supereffective|p2a: Mandibuzz\n|-damage|p2a: Mandibuzz|52\/100\n|-start|p2a: Mandibuzz|Salt Cure\n|\n|-weather|Snow|[upkeep]\n|-damage|p2a: Mandibuzz|40\/100|[from] Salt Cure\n|upkeep\n|turn|59\n|\n|t:|1701169628\n|switch|p2a: Slowking|Slowking-Galar, F|75\/100\n|move|p1a: Garganacl|Recover|p1a: Garganacl\n|-heal|p1a: Garganacl|100\/100\n|\n|-weather|Snow|[upkeep]\n|upkeep\n|turn|60\n|\n|t:|1701169633\n|move|p1a: Garganacl|Salt Cure|p2a: Slowking\n|-damage|p2a: Slowking|64\/100\n|-start|p2a: Slowking|Salt Cure\n|move|p2a: Slowking|Future Sight|p1a: Garganacl\n|-start|p2a: Slowking|move: Future Sight\n|\n|-weather|none\n|-damage|p2a: Slowking|52\/100|[from] Salt Cure\n|upkeep\n|turn|61\n|\n|t:|1701169639\n|move|p1a: Garganacl|Salt Cure|p2a: Slowking\n|-damage|p2a: Slowking|42\/100\n|move|p2a: Slowking|Chilly Reception|p2a: Slowking\n|-weather|Snow\n|\n|t:|1701169642\n|switch|p2a: Mandibuzz|Mandibuzz, F|40\/100|[from] Chilly Reception\n|\n|-weather|Snow|[upkeep]\n|upkeep\n|turn|62\n|\n|t:|1701169648\n|move|p2a: Mandibuzz|U-turn|p1a: Garganacl\n|-resisted|p1a: Garganacl\n|-damage|p1a: Garganacl|99\/100\n|\n|t:|1701169650\n|switch|p2a: Slowking|Slowking-Galar, F|75\/100|[from] U-turn\n|move|p1a: Garganacl|Salt Cure|p2a: Slowking\n|-damage|p2a: Slowking|63\/100\n|-start|p2a: Slowking|Salt Cure\n|\n|-weather|Snow|[upkeep]\n|-end|p1a: Garganacl|move: Future Sight\n|-damage|p1a: Garganacl|73\/100\n|-damage|p2a: Slowking|51\/100|[from] Salt Cure\n|upkeep\n|turn|63\n|\n|t:|1701169659\n|move|p1a: Garganacl|Body Press|p2a: Slowking\n|-resisted|p2a: Slowking\n|-crit|p2a: Slowking\n|-damage|p2a: Slowking|27\/100\n|move|p2a: Slowking|Future Sight|p1a: Garganacl\n|-start|p2a: Slowking|move: Future Sight\n|\n|-weather|Snow|[upkeep]\n|-damage|p2a: Slowking|14\/100|[from] Salt Cure\n|upkeep\n|turn|64\n|\n|t:|1701169663\n|switch|p2a: Mandibuzz|Mandibuzz, F|40\/100\n|move|p1a: Garganacl|Body Press|p2a: Mandibuzz\n|-damage|p2a: Mandibuzz|0 fnt\n|faint|p2a: Mandibuzz\n|\n|-weather|Snow|[upkeep]\n|upkeep\n|\n|t:|1701169671\n|switch|p2a: Slowking|Slowking-Galar, F|47\/100\n|turn|65\n|\n|t:|1701169677\n|move|p1a: Garganacl|Salt Cure|p2a: Slowking\n|-damage|p2a: Slowking|37\/100\n|-start|p2a: Slowking|Salt Cure\n|move|p2a: Slowking|Chilly Reception|p2a: Slowking\n|\n|t:|1701169684\n|switch|p2a: Perrserker|Perrserker, F|48\/100|[from] Chilly Reception\n|\n|-weather|none\n|-end|p1a: Garganacl|move: Future Sight\n|-damage|p1a: Garganacl|45\/100\n|upkeep\n|turn|66\n|\n|t:|1701169692\n|switch|p2a: Slowking|Slowking-Galar, F|71\/100\n|move|p1a: Garganacl|Body Press|p2a: Slowking\n|-resisted|p2a: Slowking\n|-damage|p2a: Slowking|55\/100\n|\n|upkeep\n|turn|67\n|\n|t:|1701169697\n|move|p1a: Garganacl|Recover|p1a: Garganacl\n|-heal|p1a: Garganacl|95\/100\n|move|p2a: Slowking|Future Sight|p1a: Garganacl\n|-start|p2a: Slowking|move: Future Sight\n|\n|upkeep\n|turn|68\n|\n|t:|1701169707\n|move|p1a: Garganacl|Salt Cure|p2a: Slowking\n|-damage|p2a: Slowking|43\/100\n|-start|p2a: Slowking|Salt Cure\n|move|p2a: Slowking|Ice Beam|p1a: Garganacl\n|-damage|p1a: Garganacl|81\/100\n|\n|-damage|p2a: Slowking|31\/100|[from] Salt Cure\n|upkeep\n|turn|69\n|\n|t:|1701169714\n|move|p1a: Garganacl|Body Press|p2a: Slowking\n|-resisted|p2a: Slowking\n|-damage|p2a: Slowking|13\/100\n|move|p2a: Slowking|Chilly Reception|p2a: Slowking\n|-weather|Snow\n|\n|t:|1701169720\n|switch|p2a: Great Tusk|Great Tusk, shiny, tera:Water|77\/100|[from] Chilly Reception\n|\n|-weather|Snow|[upkeep]\n|-end|p1a: Garganacl|move: Future Sight\n|-damage|p1a: Garganacl|52\/100\n|upkeep\n|turn|70\n|\n|t:|1701169728\n|-end|p2a: Great Tusk|Protosynthesis|[silent]\n|switch|p2a: Slowking|Slowking-Galar, F|46\/100\n|move|p1a: Garganacl|Body Press|p2a: Slowking\n|-resisted|p2a: Slowking\n|-damage|p2a: Slowking|28\/100\n|\n|-weather|Snow|[upkeep]\n|upkeep\n|turn|71\n|\n|t:|1701169735\n|move|p1a: Garganacl|Salt Cure|p2a: Slowking\n|-damage|p2a: Slowking|16\/100\n|-start|p2a: Slowking|Salt Cure\n|move|p2a: Slowking|Chilly Reception|p2a: Slowking\n|\n|t:|1701169738\n|switch|p2a: Great Tusk|Great Tusk, shiny, tera:Water|77\/100|[from] Chilly Reception\n|\n|-weather|Snow|[upkeep]\n|upkeep\n|turn|72\n|\n|t:|1701169751\n|-end|p2a: Great Tusk|Protosynthesis|[silent]\n|switch|p2a: Slowking|Slowking-Galar, F|50\/100\n|move|p1a: Garganacl|Salt Cure|p2a: Slowking\n|-damage|p2a: Slowking|40\/100\n|-start|p2a: Slowking|Salt Cure\n|\n|-weather|Snow|[upkeep]\n|-damage|p2a: Slowking|27\/100|[from] Salt Cure\n|upkeep\n|turn|73\n|\n|t:|1701169763\n|move|p1a: Garganacl|Body Press|p2a: Slowking\n|-resisted|p2a: Slowking\n|-damage|p2a: Slowking|10\/100\n|move|p2a: Slowking|Chilly Reception|p2a: Slowking\n|\n|t:|1701169772\n|switch|p2a: Perrserker|Perrserker, F|48\/100|[from] Chilly Reception\n|\n|-weather|none\n|upkeep\n|turn|74\n|\n|t:|1701169780\n|switch|p2a: Slowking|Slowking-Galar, F|43\/100\n|move|p1a: Garganacl|Salt Cure|p2a: Slowking\n|-damage|p2a: Slowking|33\/100\n|-start|p2a: Slowking|Salt Cure\n|\n|-damage|p2a: Slowking|20\/100|[from] Salt Cure\n|upkeep\n|turn|75\n|\n|t:|1701169786\n|switch|p2a: Perrserker|Perrserker, F|48\/100\n|move|p1a: Garganacl|Body Press|p2a: Perrserker\n|-supereffective|p2a: Perrserker\n|-damage|p2a: Perrserker|0 fnt\n|faint|p2a: Perrserker\n|\n|upkeep\n|\n|t:|1701169794\n|switch|p2a: Slowking|Slowking-Galar, F|54\/100\n|turn|76\n|\n|t:|1701169800\n|move|p1a: Garganacl|Salt Cure|p2a: Slowking\n|-damage|p2a: Slowking|43\/100\n|-start|p2a: Slowking|Salt Cure\n|move|p2a: Slowking|Future Sight|p1a: Garganacl\n|-start|p2a: Slowking|move: Future Sight\n|\n|-damage|p2a: Slowking|30\/100|[from] Salt Cure\n|upkeep\n|turn|77\n|\n|t:|1701169806\n|move|p1a: Garganacl|Recover|p1a: Garganacl\n|-heal|p1a: Garganacl|100\/100\n|move|p2a: Slowking|Chilly Reception|p2a: Slowking\n|-weather|Snow\n|\n|t:|1701169818\n|switch|p2a: Crawdaunt|Crawdaunt, F|57\/100|[from] Chilly Reception\n|\n|-weather|Snow|[upkeep]\n|upkeep\n|turn|78\n|\n|t:|1701169826\n|switch|p2a: Slowking|Slowking-Galar, F|63\/100\n|move|p1a: Garganacl|Body Press|p2a: Slowking\n|-resisted|p2a: Slowking\n|-damage|p2a: Slowking|45\/100\n|\n|-weather|Snow|[upkeep]\n|-end|p1a: Garganacl|move: Future Sight\n|-damage|p1a: Garganacl|72\/100\n|upkeep\n|turn|79\n|\n|t:|1701169835\n|move|p1a: Garganacl|Body Press|p2a: Slowking\n|-resisted|p2a: Slowking\n|-damage|p2a: Slowking|28\/100\n|move|p2a: Slowking|Future Sight|p1a: Garganacl\n|-start|p2a: Slowking|move: Future Sight\n|\n|-weather|Snow|[upkeep]\n|upkeep\n|turn|80\n|\n|t:|1701169857\n|move|p1a: Garganacl|Body Press|p2a: Slowking\n|-resisted|p2a: Slowking\n|-damage|p2a: Slowking|9\/100\n|move|p2a: Slowking|Ice Beam|p1a: Garganacl\n|-damage|p1a: Garganacl|56\/100\n|\n|-weather|Snow|[upkeep]\n|upkeep\n|turn|81\n|\n|t:|1701169862\n|switch|p2a: Crawdaunt|Crawdaunt, F|57\/100\n|move|p1a: Garganacl|Body Press|p2a: Crawdaunt\n|-supereffective|p2a: Crawdaunt\n|-damage|p2a: Crawdaunt|0 fnt\n|faint|p2a: Crawdaunt\n|\n|-weather|none\n|-end|p1a: Garganacl|move: Future Sight\n|-damage|p1a: Garganacl|29\/100\n|upkeep\n|\n|t:|1701169876\n|switch|p2a: Slowking|Slowking-Galar, F|42\/100\n|turn|82\n|\n|t:|1701169882\n|move|p1a: Garganacl|Salt Cure|p2a: Slowking\n|-damage|p2a: Slowking|32\/100\n|-start|p2a: Slowking|Salt Cure\n|move|p2a: Slowking|Future Sight|p1a: Garganacl\n|-start|p2a: Slowking|move: Future Sight\n|\n|-damage|p2a: Slowking|20\/100|[from] Salt Cure\n|upkeep\n|turn|83\n|\n|t:|1701169888\n|move|p1a: Garganacl|Recover|p1a: Garganacl\n|-heal|p1a: Garganacl|79\/100\n|move|p2a: Slowking|Chilly Reception|p2a: Slowking\n|-weather|Snow\n|\n|t:|1701169890\n|switch|p2a: Great Tusk|Great Tusk, shiny, tera:Water|77\/100|[from] Chilly Reception\n|\n|-weather|Snow|[upkeep]\n|upkeep\n|turn|84\n|\n|t:|1701169897\n|move|p2a: Great Tusk|Earthquake|p1a: Garganacl\n|-damage|p1a: Garganacl|71\/100\n|move|p1a: Garganacl|Recover|p1a: Garganacl\n|-heal|p1a: Garganacl|100\/100\n|\n|-weather|Snow|[upkeep]\n|-end|p1a: Garganacl|move: Future Sight\n|-damage|p1a: Garganacl|71\/100\n|upkeep\n|turn|85\n|\n|t:|1701169902\n|move|p2a: Great Tusk|Rapid Spin|p1a: Garganacl\n|-damage|p1a: Garganacl|69\/100\n|-boost|p2a: Great Tusk|spe|1\n|move|p1a: Garganacl|Iron Defense|p1a: Garganacl\n|-boost|p1a: Garganacl|def|0\n|\n|-weather|Snow|[upkeep]\n|upkeep\n|turn|86\n|\n|t:|1701169916\n|switch|p1a: Amoonguss|Amoonguss, M, shiny|88\/100\n|-damage|p1a: Amoonguss|75\/100|[from] Stealth Rock\n|move|p2a: Great Tusk|Ice Spinner|p1a: Amoonguss\n|-supereffective|p1a: Amoonguss\n|-damage|p1a: Amoonguss|41\/100\n|\n|-weather|Snow|[upkeep]\n|upkeep\n|turn|87\n|inactive|dddddddqweeee has 120 seconds left.\n|\n|t:|1701169945\n|move|p2a: Great Tusk|Earthquake|p1a: Amoonguss\n|-damage|p1a: Amoonguss|12\/100\n|move|p1a: Amoonguss|Spore|p2a: Great Tusk\n|-status|p2a: Great Tusk|slp|[from] move: Spore\n|\n|-weather|none\n|upkeep\n|turn|88\n|inactive|dddddddqweeee has 120 seconds left.\n|\n|t:|1701169953\n|cant|p2a: Great Tusk|slp\n|move|p1a: Amoonguss|Grass Knot|p2a: Great Tusk\n|-supereffective|p2a: Great Tusk\n|-damage|p2a: Great Tusk|0 fnt\n|faint|p2a: Great Tusk\n|-end|p2a: Great Tusk|Protosynthesis|[silent]\n|\n|upkeep\n|\n|t:|1701169955\n|switch|p2a: Slowking|Slowking-Galar, F|53\/100\n|turn|89\n|\n|t:|1701169960\n|move|p1a: Amoonguss|Spore|p2a: Slowking\n|-status|p2a: Slowking|slp|[from] move: Spore\n|cant|p2a: Slowking|slp\n|\n|upkeep\n|turn|90\n|-message|dddddddqweeee forfeited.\n|\n|win|giovanna umbreon\n|raw|giovanna umbreon's rating: 1188 &rarr; <strong>1218<\/strong><br \/>(+30 for winning)\n|raw|dddddddqweeee's rating: 1261 &rarr; <strong>1231<\/strong><br \/>(-30 for losing)\n|l|\u2606dddddddqweeee\n|c|\u2606giovanna umbreon|all that for nothing\n|c|\u2606giovanna umbreon|lmao\n","uploadtime":1701169979,"views":29,"p1id":"giovannaumbreon","p2id":"dddddddqweeee","formatid":"gen9ou","rating":1218,"private":0,"password":""}