{"id":"gen9ou-1997277712","p1":"Redboy128","p2":"micktown","format":"[Gen 9] OU","log":"|j|\u2606Redboy128\n|j|\u2606micktown\n|t:|1700783716\n|gametype|singles\n|player|p1|Redboy128|red|1400\n|player|p2|micktown|2|1512\n|teamsize|p1|6\n|teamsize|p2|6\n|gen|9\n|tier|[Gen 9] OU\n|rated|\n|rule|Sleep Clause Mod: Limit one foe put to sleep\n|rule|Species Clause: Limit one of each Pok\u00e9mon\n|rule|OHKO Clause: OHKO moves are banned\n|rule|Evasion Items Clause: Evasion items are banned\n|rule|Evasion Moves Clause: Evasion moves are banned\n|rule|Endless Battle Clause: Forcing endless battles is banned\n|rule|HP Percentage Mod: HP is shown in percentages\n|clearpoke\n|poke|p1|Donphan, M|\n|poke|p1|Azelf|\n|poke|p1|Chesnaught, F|\n|poke|p1|Delphox, F|\n|poke|p1|Kommo-o, F|\n|poke|p1|Vivillon-Pokeball, F|\n|poke|p2|Alomomola, F|\n|poke|p2|Cinderace, F|\n|poke|p2|Goodra-Hisui, M|\n|poke|p2|Landorus-Therian, M|\n|poke|p2|Kingambit, F|\n|poke|p2|Thundurus-Therian, M|\n|teampreview\n|inactive|Battle timer is ON: inactive players will automatically lose when time's up. (requested by Redboy128)\n|\n|t:|1700783732\n|start\n|switch|p1a: Azelf|Azelf|100\/100\n|switch|p2a: Goodra|Goodra-Hisui, M|100\/100\n|turn|1\n|\n|t:|1700783738\n|move|p1a: Azelf|Thunder Wave|p2a: Goodra\n|-status|p2a: Goodra|par\n|move|p2a: Goodra|Draco Meteor|p1a: Azelf\n|-enditem|p1a: Azelf|Focus Sash\n|-damage|p1a: Azelf|1\/100\n|-unboost|p2a: Goodra|spa|2\n|\n|upkeep\n|turn|2\n|\n|t:|1700783747\n|switch|p2a: Landorus|Landorus-Therian, M|100\/100\n|-ability|p2a: Landorus|Intimidate|boost\n|-unboost|p1a: Azelf|atk|1\n|move|p1a: Azelf|Stealth Rock|p2a: Landorus\n|-sidestart|p2: micktown|move: Stealth Rock\n|\n|upkeep\n|turn|3\n|\n|t:|1700783757\n|move|p1a: Azelf|Taunt|p2a: Landorus\n|-start|p2a: Landorus|move: Taunt\n|move|p2a: Landorus|U-turn|p1a: Azelf\n|-supereffective|p1a: Azelf\n|-damage|p1a: Azelf|0 fnt\n|faint|p1a: Azelf\n|\n|t:|1700783763\n|switch|p2a: Cinderace|Cinderace, F|100\/100|[from] U-turn\n|\n|upkeep\n|\n|t:|1700783771\n|switch|p1a: Kommo-o|Kommo-o, F|100\/100\n|turn|4\n|\n|t:|1700783776\n|move|p2a: Cinderace|U-turn|p1a: Kommo-o\n|-start|p2a: Cinderace|typechange|Bug|[from] ability: Libero\n|-resisted|p1a: Kommo-o\n|-damage|p1a: Kommo-o|86\/100\n|\n|t:|1700783785\n|switch|p2a: Goodra|Goodra-Hisui, M|100\/100 par|[from] U-turn\n|-damage|p2a: Goodra|94\/100 par|[from] Stealth Rock\n|move|p1a: Kommo-o|Substitute|p1a: Kommo-o\n|-start|p1a: Kommo-o|Substitute\n|-damage|p1a: Kommo-o|61\/100\n|\n|-heal|p1a: Kommo-o|67\/100|[from] item: Leftovers\n|upkeep\n|turn|5\n|\n|t:|1700783795\n|move|p1a: Kommo-o|Clangorous Soul|p1a: Kommo-o\n|-boost|p1a: Kommo-o|atk|1\n|-boost|p1a: Kommo-o|def|1\n|-boost|p1a: Kommo-o|spa|1\n|-boost|p1a: Kommo-o|spd|1\n|-boost|p1a: Kommo-o|spe|1\n|-damage|p1a: Kommo-o|34\/100\n|cant|p2a: Goodra|par\n|\n|-heal|p1a: Kommo-o|40\/100|[from] item: Leftovers\n|upkeep\n|turn|6\n|\n|t:|1700783805\n|move|p1a: Kommo-o|Drain Punch|p2a: Goodra\n|-supereffective|p2a: Goodra\n|-damage|p2a: Goodra|0 fnt\n|-heal|p1a: Kommo-o|96\/100|[from] drain|[of] p2a: Goodra\n|faint|p2a: Goodra\n|\n|-heal|p1a: Kommo-o|100\/100|[from] item: Leftovers\n|upkeep\n|\n|t:|1700783813\n|switch|p2a: Alomomola|Alomomola, F|100\/100\n|-damage|p2a: Alomomola|88\/100|[from] Stealth Rock\n|turn|7\n|\n|t:|1700783820\n|move|p1a: Kommo-o|Clangorous Soul|p1a: Kommo-o\n|-boost|p1a: Kommo-o|atk|1\n|-boost|p1a: Kommo-o|def|1\n|-boost|p1a: Kommo-o|spa|1\n|-boost|p1a: Kommo-o|spd|1\n|-boost|p1a: Kommo-o|spe|1\n|-damage|p1a: Kommo-o|68\/100\n|move|p2a: Alomomola|Flip Turn|p1a: Kommo-o\n|-resisted|p1a: Kommo-o\n|-activate|p1a: Kommo-o|move: Substitute|[damage]\n|\n|t:|1700783831\n|switch|p2a: Landorus|Landorus-Therian, M|100\/100|[from] Flip Turn\n|-damage|p2a: Landorus|88\/100|[from] Stealth Rock\n|-ability|p2a: Landorus|Intimidate|boost\n|-immune|p1a: Kommo-o\n|\n|-heal|p1a: Kommo-o|74\/100|[from] item: Leftovers\n|upkeep\n|turn|8\n|\n|t:|1700783839\n|-terastallize|p1a: Kommo-o|Water\n|move|p1a: Kommo-o|Tera Blast|p2a: Landorus|[anim] Tera Blast Water\n|-supereffective|p2a: Landorus\n|-damage|p2a: Landorus|0 fnt\n|faint|p2a: Landorus\n|\n|-heal|p1a: Kommo-o|80\/100|[from] item: Leftovers\n|upkeep\n|\n|t:|1700783846\n|switch|p2a: Thundurus|Thundurus-Therian, M|100\/100\n|-damage|p2a: Thundurus|76\/100|[from] Stealth Rock\n|turn|9\n|\n|t:|1700783857\n|-terastallize|p2a: Thundurus|Flying\n|move|p1a: Kommo-o|Tera Blast|p2a: Thundurus|[anim] Tera Blast Water\n|-damage|p2a: Thundurus|0 fnt\n|faint|p2a: Thundurus\n|\n|-heal|p1a: Kommo-o|86\/100|[from] item: Leftovers\n|upkeep\n|\n|t:|1700783864\n|switch|p2a: Alomomola|Alomomola, F|100\/100\n|-damage|p2a: Alomomola|88\/100|[from] Stealth Rock\n|turn|10\n|\n|t:|1700783868\n|move|p1a: Kommo-o|Clangorous Soul|p1a: Kommo-o\n|-boost|p1a: Kommo-o|atk|1\n|-boost|p1a: Kommo-o|def|1\n|-boost|p1a: Kommo-o|spa|1\n|-boost|p1a: Kommo-o|spd|1\n|-boost|p1a: Kommo-o|spe|1\n|-damage|p1a: Kommo-o|53\/100\n|move|p2a: Alomomola|Acrobatics|p1a: Kommo-o\n|-activate|p1a: Kommo-o|move: Substitute|[damage]\n|\n|-heal|p1a: Kommo-o|59\/100|[from] item: Leftovers\n|upkeep\n|turn|11\n|\n|t:|1700783885\n|move|p1a: Kommo-o|Clangorous Soul|p1a: Kommo-o\n|-boost|p1a: Kommo-o|atk|1\n|-boost|p1a: Kommo-o|def|1\n|-boost|p1a: Kommo-o|spa|1\n|-boost|p1a: Kommo-o|spd|1\n|-boost|p1a: Kommo-o|spe|1\n|-damage|p1a: Kommo-o|26\/100\n|move|p2a: Alomomola|Acrobatics|p1a: Kommo-o\n|-activate|p1a: Kommo-o|move: Substitute|[damage]\n|\n|-heal|p1a: Kommo-o|32\/100|[from] item: Leftovers\n|upkeep\n|turn|12\n|\n|t:|1700783895\n|move|p1a: Kommo-o|Substitute|p1a: Kommo-o\n|-fail|p1a: Kommo-o|move: Substitute\n|move|p2a: Alomomola|Acrobatics|p1a: Kommo-o\n|-activate|p1a: Kommo-o|move: Substitute|[damage]\n|\n|-heal|p1a: Kommo-o|39\/100|[from] item: Leftovers\n|upkeep\n|turn|13\n|\n|t:|1700783902\n|move|p1a: Kommo-o|Substitute|p1a: Kommo-o\n|-fail|p1a: Kommo-o|move: Substitute\n|move|p2a: Alomomola|Acrobatics|p1a: Kommo-o\n|-activate|p1a: Kommo-o|move: Substitute|[damage]\n|\n|-heal|p1a: Kommo-o|45\/100|[from] item: Leftovers\n|upkeep\n|turn|14\n|\n|t:|1700783908\n|move|p1a: Kommo-o|Substitute|p1a: Kommo-o\n|-fail|p1a: Kommo-o|move: Substitute\n|move|p2a: Alomomola|Acrobatics|p1a: Kommo-o\n|-activate|p1a: Kommo-o|move: Substitute|[damage]\n|\n|-heal|p1a: Kommo-o|51\/100|[from] item: Leftovers\n|upkeep\n|turn|15\n|\n|t:|1700783917\n|move|p1a: Kommo-o|Clangorous Soul|p1a: Kommo-o\n|-boost|p1a: Kommo-o|atk|1\n|-boost|p1a: Kommo-o|def|1\n|-boost|p1a: Kommo-o|spa|1\n|-boost|p1a: Kommo-o|spd|1\n|-boost|p1a: Kommo-o|spe|1\n|-damage|p1a: Kommo-o|18\/100\n|move|p2a: Alomomola|Acrobatics|p1a: Kommo-o\n|-activate|p1a: Kommo-o|move: Substitute|[damage]\n|\n|-heal|p1a: Kommo-o|24\/100|[from] item: Leftovers\n|upkeep\n|turn|16\n|\n|t:|1700783933\n|move|p1a: Kommo-o|Substitute|p1a: Kommo-o\n|-fail|p1a: Kommo-o|move: Substitute\n|move|p2a: Alomomola|Acrobatics|p1a: Kommo-o\n|-end|p1a: Kommo-o|Substitute\n|\n|-heal|p1a: Kommo-o|30\/100|[from] item: Leftovers\n|upkeep\n|turn|17\n|\n|t:|1700783941\n|move|p1a: Kommo-o|Substitute|p1a: Kommo-o\n|-start|p1a: Kommo-o|Substitute\n|-damage|p1a: Kommo-o|6\/100\n|move|p2a: Alomomola|Acrobatics|p1a: Kommo-o\n|-activate|p1a: Kommo-o|move: Substitute|[damage]\n|\n|-heal|p1a: Kommo-o|12\/100|[from] item: Leftovers\n|upkeep\n|turn|18\n|\n|t:|1700783949\n|move|p1a: Kommo-o|Substitute|p1a: Kommo-o\n|-fail|p1a: Kommo-o|move: Substitute\n|move|p2a: Alomomola|Acrobatics|p1a: Kommo-o\n|-activate|p1a: Kommo-o|move: Substitute|[damage]\n|\n|-heal|p1a: Kommo-o|18\/100|[from] item: Leftovers\n|upkeep\n|turn|19\n|\n|t:|1700783955\n|move|p1a: Kommo-o|Substitute|p1a: Kommo-o\n|-fail|p1a: Kommo-o|move: Substitute\n|move|p2a: Alomomola|Acrobatics|p1a: Kommo-o\n|-activate|p1a: Kommo-o|move: Substitute|[damage]\n|\n|-heal|p1a: Kommo-o|24\/100|[from] item: Leftovers\n|upkeep\n|turn|20\n|\n|t:|1700783963\n|move|p1a: Kommo-o|Substitute|p1a: Kommo-o\n|-fail|p1a: Kommo-o|move: Substitute\n|move|p2a: Alomomola|Acrobatics|p1a: Kommo-o\n|-activate|p1a: Kommo-o|move: Substitute|[damage]\n|\n|-heal|p1a: Kommo-o|30\/100|[from] item: Leftovers\n|upkeep\n|turn|21\n|\n|t:|1700783970\n|move|p1a: Kommo-o|Substitute|p1a: Kommo-o\n|-fail|p1a: Kommo-o|move: Substitute\n|move|p2a: Alomomola|Acrobatics|p1a: Kommo-o\n|-activate|p1a: Kommo-o|move: Substitute|[damage]\n|\n|-heal|p1a: Kommo-o|37\/100|[from] item: Leftovers\n|upkeep\n|turn|22\n|\n|t:|1700783977\n|move|p1a: Kommo-o|Clangorous Soul|p1a: Kommo-o\n|-boost|p1a: Kommo-o|atk|1\n|-boost|p1a: Kommo-o|def|1\n|-boost|p1a: Kommo-o|spa|1\n|-boost|p1a: Kommo-o|spd|1\n|-boost|p1a: Kommo-o|spe|1\n|-damage|p1a: Kommo-o|4\/100\n|move|p2a: Alomomola|Acrobatics|p1a: Kommo-o\n|-activate|p1a: Kommo-o|move: Substitute|[damage]\n|\n|-heal|p1a: Kommo-o|10\/100|[from] item: Leftovers\n|upkeep\n|turn|23\n|\n|t:|1700783987\n|move|p1a: Kommo-o|Drain Punch|p2a: Alomomola\n|-damage|p2a: Alomomola|0 fnt\n|-heal|p1a: Kommo-o|81\/100|[from] drain|[of] p2a: Alomomola\n|faint|p2a: Alomomola\n|\n|-heal|p1a: Kommo-o|87\/100|[from] item: Leftovers\n|upkeep\n|\n|t:|1700783994\n|switch|p2a: Kingambit|Kingambit, F|100\/100\n|-damage|p2a: Kingambit|94\/100|[from] Stealth Rock\n|-activate|p2a: Kingambit|ability: Supreme Overlord\n|-start|p2a: Kingambit|fallen4|[silent]\n|turn|24\n|\n|t:|1700784000\n|move|p2a: Kingambit|Sucker Punch|p1a: Kommo-o\n|-end|p1a: Kommo-o|Substitute\n|move|p1a: Kommo-o|Drain Punch|p2a: Kingambit\n|-supereffective|p2a: Kingambit\n|-damage|p2a: Kingambit|0 fnt\n|-heal|p1a: Kommo-o|100\/100|[from] drain|[of] p2a: Kingambit\n|faint|p2a: Kingambit\n|-end|p2a: Kingambit|fallen4|[silent]\n|\n|upkeep\n|\n|t:|1700784008\n|switch|p2a: Cinderace|Cinderace, F|100\/100\n|turn|25\n|\n|t:|1700784011\n|move|p1a: Kommo-o|Substitute|p1a: Kommo-o\n|-start|p1a: Kommo-o|Substitute\n|-damage|p1a: Kommo-o|76\/100\n|move|p2a: Cinderace|Will-O-Wisp||[still]\n|-fail|p2a: Cinderace\n|\n|-heal|p1a: Kommo-o|82\/100|[from] item: Leftovers\n|upkeep\n|turn|26\n|\n|t:|1700784029\n|move|p1a: Kommo-o|Drain Punch|p2a: Cinderace\n|-damage|p2a: Cinderace|0 fnt\n|-heal|p1a: Kommo-o|100\/100|[from] drain|[of] p2a: Cinderace\n|faint|p2a: Cinderace\n|\n|win|Redboy128\n|raw|Redboy128's rating: 1400 &rarr; <strong>1426<\/strong><br \/>(+26 for winning)\n|raw|micktown's rating: 1512 &rarr; <strong>1486<\/strong><br \/>(-26 for losing)\n","uploadtime":1700784037,"views":7,"p1id":"redboy128","p2id":"micktown","formatid":"gen9ou","rating":1426,"private":0,"password":""}