{"id":"gen9ou-1992668318","p1":"Carbolo","p2":"bruc3wi11is","format":"[Gen 9] OU","log":"|j|\u2606Carbolo\n|j|\u2606bruc3wi11is\n|t:|1700222892\n|gametype|singles\n|player|p1|Carbolo|tate|1296\n|player|p2|bruc3wi11is|169|1257\n|teamsize|p1|6\n|teamsize|p2|6\n|gen|9\n|tier|[Gen 9] OU\n|rated|\n|rule|Sleep Clause Mod: Limit one foe put to sleep\n|rule|Species Clause: Limit one of each Pok\u00e9mon\n|rule|OHKO Clause: OHKO moves are banned\n|rule|Evasion Items Clause: Evasion items are banned\n|rule|Evasion Moves Clause: Evasion moves are banned\n|rule|Endless Battle Clause: Forcing endless battles is banned\n|rule|HP Percentage Mod: HP is shown in percentages\n|clearpoke\n|poke|p1|Dragapult, F|\n|poke|p1|Gholdengo|\n|poke|p1|Sneasler, M|\n|poke|p1|Great Tusk|\n|poke|p1|Meowscarada, F|\n|poke|p1|Iron Valiant|\n|poke|p2|Kingambit, M|\n|poke|p2|Pelipper, F|\n|poke|p2|Manaphy|\n|poke|p2|Iron Valiant|\n|poke|p2|Weezing-Galar, F|\n|poke|p2|Landorus-Therian, M|\n|teampreview\n|inactive|Battle timer is ON: inactive players will automatically lose when time's up. (requested by bruc3wi11is)\n|\n|t:|1700222905\n|start\n|switch|p1a: Dragapult|Dragapult, F|100\/100\n|switch|p2a: Landorus|Landorus-Therian, M|100\/100\n|-ability|p2a: Landorus|Intimidate|boost\n|-unboost|p1a: Dragapult|atk|1\n|turn|1\n|\n|t:|1700222915\n|switch|p1a: Meowscarada|Meowscarada, F|100\/100\n|switch|p2a: Weezing|Weezing-Galar, F|100\/100\n|-ability|p2a: Weezing|Neutralizing Gas\n|\n|upkeep\n|turn|2\n|\n|t:|1700222931\n|switch|p1a: Gholdengo|Gholdengo|100\/100\n|move|p2a: Weezing|Toxic|p1a: Gholdengo\n|-immune|p1a: Gholdengo\n|\n|upkeep\n|turn|3\n|\n|t:|1700222942\n|-end|p2a: Weezing|ability: Neutralizing Gas\n|switch|p2a: Kingambit|Kingambit, M|100\/100\n|move|p1a: Gholdengo|Make It Rain|p2a: Kingambit\n|-resisted|p2a: Kingambit\n|-damage|p2a: Kingambit|62\/100\n|-unboost|p1a: Gholdengo|spa|1\n|\n|upkeep\n|turn|4\n|\n|t:|1700222955\n|switch|p1a: Meowscarada|Meowscarada, F|100\/100\n|move|p2a: Kingambit|Kowtow Cleave|p1a: Meowscarada\n|-resisted|p1a: Meowscarada\n|-damage|p1a: Meowscarada|55\/100\n|\n|upkeep\n|turn|5\n|\n|t:|1700222964\n|-end|p2a: Kingambit|fallenundefined|[silent]\n|switch|p2a: Weezing|Weezing-Galar, F|100\/100\n|-ability|p2a: Weezing|Neutralizing Gas\n|move|p1a: Meowscarada|Play Rough|p2a: Weezing|[miss]\n|-miss|p1a: Meowscarada|p2a: Weezing\n|\n|upkeep\n|turn|6\n|\n|t:|1700222973\n|switch|p1a: Gholdengo|Gholdengo|100\/100\n|-end|p2a: Weezing|ability: Neutralizing Gas\n|switch|p2a: Landorus|Landorus-Therian, M|100\/100\n|-ability|p2a: Landorus|Intimidate|boost\n|-unboost|p1a: Gholdengo|atk|1\n|\n|upkeep\n|turn|7\n|\n|t:|1700222981\n|move|p1a: Gholdengo|Make It Rain|p2a: Landorus\n|-damage|p2a: Landorus|14\/100\n|-unboost|p1a: Gholdengo|spa|1\n|move|p2a: Landorus|Earthquake|p1a: Gholdengo\n|-supereffective|p1a: Gholdengo\n|-damage|p1a: Gholdengo|0 fnt\n|faint|p1a: Gholdengo\n|\n|-heal|p2a: Landorus|20\/100|[from] item: Leftovers\n|upkeep\n|\n|t:|1700222993\n|switch|p1a: Sneasler|Sneasler, M|100\/100\n|-item|p1a: Sneasler|Air Balloon\n|turn|8\n|\n|t:|1700222998\n|move|p1a: Sneasler|Swords Dance|p1a: Sneasler\n|-boost|p1a: Sneasler|atk|2\n|move|p2a: Landorus|Smack Down|p1a: Sneasler\n|-resisted|p1a: Sneasler\n|-damage|p1a: Sneasler|85\/100\n|-enditem|p1a: Sneasler|Air Balloon\n|\n|-heal|p2a: Landorus|26\/100|[from] item: Leftovers\n|upkeep\n|turn|9\n|\n|t:|1700223013\n|-terastallize|p1a: Sneasler|Flying\n|move|p1a: Sneasler|Swords Dance|p1a: Sneasler\n|-boost|p1a: Sneasler|atk|2\n|move|p2a: Landorus|Earthquake|p1a: Sneasler\n|-immune|p1a: Sneasler\n|\n|-heal|p2a: Landorus|32\/100|[from] item: Leftovers\n|upkeep\n|turn|10\n|\n|t:|1700223023\n|move|p1a: Sneasler|Acrobatics|p2a: Landorus\n|-damage|p2a: Landorus|0 fnt\n|faint|p2a: Landorus\n|\n|upkeep\n|\n|t:|1700223031\n|switch|p2a: Weezing|Weezing-Galar, F|100\/100\n|-ability|p2a: Weezing|Neutralizing Gas\n|turn|11\n|\n|t:|1700223038\n|move|p1a: Sneasler|Acrobatics|p2a: Weezing\n|-damage|p2a: Weezing|0 fnt\n|faint|p2a: Weezing\n|-end|p2a: Weezing|ability: Neutralizing Gas\n|\n|upkeep\n|\n|t:|1700223050\n|switch|p2a: Kingambit|Kingambit, M|62\/100\n|-activate|p2a: Kingambit|ability: Supreme Overlord\n|-start|p2a: Kingambit|fallen2|[silent]\n|turn|12\n|\n|t:|1700223056\n|move|p2a: Kingambit|Sucker Punch|p1a: Sneasler\n|-damage|p1a: Sneasler|0 fnt\n|faint|p1a: Sneasler\n|\n|upkeep\n|\n|t:|1700223063\n|switch|p1a: Iron Valiant|Iron Valiant|100\/100\n|-enditem|p1a: Iron Valiant|Booster Energy\n|-activate|p1a: Iron Valiant|ability: Quark Drive|[fromitem]\n|-start|p1a: Iron Valiant|quarkdrivespe\n|turn|13\n|\n|t:|1700223069\n|move|p1a: Iron Valiant|Aura Sphere|p2a: Kingambit\n|-supereffective|p2a: Kingambit\n|-damage|p2a: Kingambit|0 fnt\n|faint|p2a: Kingambit\n|-end|p2a: Kingambit|fallen2|[silent]\n|\n|upkeep\n|\n|t:|1700223075\n|switch|p2a: Pelipper|Pelipper, F|100\/100\n|-weather|RainDance|[from] ability: Drizzle|[of] p2a: Pelipper\n|turn|14\n|\n|t:|1700223091\n|move|p1a: Iron Valiant|Moonblast|p2a: Pelipper\n|-damage|p2a: Pelipper|36\/100\n|move|p2a: Pelipper|Hurricane|p1a: Iron Valiant\n|-supereffective|p1a: Iron Valiant\n|-damage|p1a: Iron Valiant|0 fnt\n|faint|p1a: Iron Valiant\n|-end|p1a: Iron Valiant|Quark Drive|[silent]\n|\n|-weather|RainDance|[upkeep]\n|upkeep\n|inactive|Carbolo has 120 seconds left.\n|\n|t:|1700223124\n|switch|p1a: Dragapult|Dragapult, F|100\/100\n|turn|15\n|\n|t:|1700223131\n|move|p1a: Dragapult|Dragon Dance|p1a: Dragapult\n|-boost|p1a: Dragapult|atk|1\n|-boost|p1a: Dragapult|spe|1\n|move|p2a: Pelipper|Hurricane|p1a: Dragapult\n|-damage|p1a: Dragapult|51\/100\n|-start|p1a: Dragapult|confusion\n|\n|-weather|RainDance|[upkeep]\n|-heal|p1a: Dragapult|57\/100|[from] item: Leftovers\n|upkeep\n|turn|16\n|inactive|Carbolo has 120 seconds left.\n|\n|t:|1700223144\n|-activate|p1a: Dragapult|confusion\n|move|p1a: Dragapult|Dragon Darts|p2a: Pelipper\n|-damage|p2a: Pelipper|9\/100\n|-anim|p1a: Dragapult|Dragon Darts|p2a: Pelipper\n|-damage|p2a: Pelipper|0 fnt\n|faint|p2a: Pelipper\n|\n|-weather|RainDance|[upkeep]\n|-heal|p1a: Dragapult|63\/100|[from] item: Leftovers\n|upkeep\n|\n|t:|1700223151\n|switch|p2a: Manaphy|Manaphy|100\/100\n|turn|17\n|\n|t:|1700223160\n|-activate|p1a: Dragapult|confusion\n|move|p1a: Dragapult|Substitute|p1a: Dragapult\n|-start|p1a: Dragapult|Substitute\n|-damage|p1a: Dragapult|38\/100\n|move|p2a: Manaphy|Dazzling Gleam|p1a: Dragapult\n|-supereffective|p1a: Dragapult\n|-end|p1a: Dragapult|Substitute\n|\n|-weather|RainDance|[upkeep]\n|-heal|p1a: Dragapult|44\/100|[from] item: Leftovers\n|upkeep\n|turn|18\n|\n|t:|1700223170\n|-end|p1a: Dragapult|confusion\n|move|p1a: Dragapult|Dragon Darts|p2a: Manaphy\n|-crit|p2a: Manaphy\n|-damage|p2a: Manaphy|45\/100\n|-anim|p1a: Dragapult|Dragon Darts|p2a: Manaphy\n|-damage|p2a: Manaphy|10\/100\n|move|p2a: Manaphy|Dazzling Gleam|p1a: Dragapult\n|-supereffective|p1a: Dragapult\n|-damage|p1a: Dragapult|0 fnt\n|faint|p1a: Dragapult\n|\n|-weather|RainDance|[upkeep]\n|-heal|p2a: Manaphy|16\/100|[from] item: Leftovers\n|upkeep\n|\n|t:|1700223184\n|switch|p1a: Great Tusk|Great Tusk|100\/100\n|turn|19\n|\n|t:|1700223187\n|move|p2a: Manaphy|Surf|p1a: Great Tusk\n|-supereffective|p1a: Great Tusk\n|-damage|p1a: Great Tusk|0 fnt\n|faint|p1a: Great Tusk\n|-end|p1a: Great Tusk|Protosynthesis|[silent]\n|\n|-weather|RainDance|[upkeep]\n|-heal|p2a: Manaphy|22\/100|[from] item: Leftovers\n|upkeep\n|\n|t:|1700223195\n|switch|p1a: Meowscarada|Meowscarada, F|55\/100\n|turn|20\n|\n|t:|1700223199\n|move|p1a: Meowscarada|Flower Trick|p2a: Manaphy\n|-start|p1a: Meowscarada|typechange|Grass|[from] ability: Protean\n|-supereffective|p2a: Manaphy\n|-crit|p2a: Manaphy\n|-damage|p2a: Manaphy|0 fnt\n|faint|p2a: Manaphy\n|\n|-weather|RainDance|[upkeep]\n|upkeep\n|inactive|bruc3wi11is has 120 seconds left.\n|\n|t:|1700223230\n|switch|p2a: Iron Valiant|Iron Valiant|100\/100\n|-enditem|p2a: Iron Valiant|Booster Energy\n|-activate|p2a: Iron Valiant|ability: Quark Drive|[fromitem]\n|-start|p2a: Iron Valiant|quarkdrivespe\n|turn|21\n|\n|t:|1700223238\n|-terastallize|p2a: Iron Valiant|Steel\n|move|p2a: Iron Valiant|Knock Off|p1a: Meowscarada\n|-damage|p1a: Meowscarada|2\/100\n|-enditem|p1a: Meowscarada|Choice Band|[from] move: Knock Off|[of] p2a: Iron Valiant\n|move|p1a: Meowscarada|Flower Trick|p2a: Iron Valiant\n|-resisted|p2a: Iron Valiant\n|-crit|p2a: Iron Valiant\n|-damage|p2a: Iron Valiant|69\/100\n|\n|-weather|none\n|upkeep\n|turn|22\n|\n|t:|1700223250\n|move|p2a: Iron Valiant|Spirit Break|p1a: Meowscarada\n|-damage|p1a: Meowscarada|0 fnt\n|faint|p1a: Meowscarada\n|\n|win|bruc3wi11is\n|raw|Carbolo's rating: 1296 &rarr; <strong>1268<\/strong><br \/>(-28 for losing)\n|raw|bruc3wi11is's rating: 1257 &rarr; <strong>1285<\/strong><br \/>(+28 for winning)\n|l|\u2606Carbolo\n","uploadtime":1700223266,"views":13,"p1id":"carbolo","p2id":"bruc3wi11is","formatid":"gen9ou","rating":1268,"private":0,"password":""}