{"id":"gen9ou-1989604938","p1":"iknhpo","p2":"wefgrjcnc","format":"[Gen 9] OU","log":"|j|\u2606iknhpo\n|j|\u2606wefgrjcnc\n|t:|1699877813\n|gametype|singles\n|player|p1|iknhpo|102|1000\n|player|p2|wefgrjcnc|101|1000\n|teamsize|p1|6\n|teamsize|p2|6\n|gen|9\n|tier|[Gen 9] OU\n|rated|\n|rule|Sleep Clause Mod: Limit one foe put to sleep\n|rule|Species Clause: Limit one of each Pok\u00e9mon\n|rule|OHKO Clause: OHKO moves are banned\n|rule|Evasion Items Clause: Evasion items are banned\n|rule|Evasion Moves Clause: Evasion moves are banned\n|rule|Endless Battle Clause: Forcing endless battles is banned\n|rule|HP Percentage Mod: HP is shown in percentages\n|clearpoke\n|poke|p1|Clodsire, F|\n|poke|p1|Corviknight, F|\n|poke|p1|Talonflame, F|\n|poke|p1|Dondozo, F|\n|poke|p1|Toxapex, F|\n|poke|p1|Blissey, F|\n|poke|p2|Lycanroc, M|\n|poke|p2|Tyranitar, M|\n|poke|p2|Gholdengo|\n|poke|p2|Great Tusk|\n|poke|p2|Ogerpon-Cornerstone, F|\n|poke|p2|Ting-Lu|\n|teampreview\n|inactive|Battle timer is ON: inactive players will automatically lose when time's up. (requested by iknhpo)\n|\n|t:|1699877816\n|start\n|switch|p1a: Toxapex|Toxapex, F|100\/100\n|switch|p2a: Tyranitar|Tyranitar, M|100\/100\n|-weather|Sandstorm|[from] ability: Sand Stream|[of] p2a: Tyranitar\n|turn|1\n|\n|t:|1699877830\n|switch|p2a: Gholdengo|Gholdengo|100\/100\n|-item|p2a: Gholdengo|Air Balloon\n|move|p1a: Toxapex|Toxic|p2a: Gholdengo\n|-immune|p2a: Gholdengo|[from] ability: Good as Gold\n|\n|-weather|Sandstorm|[upkeep]\n|-damage|p1a: Toxapex|94\/100|[from] Sandstorm\n|upkeep\n|turn|2\n|\n|t:|1699877834\n|move|p2a: Gholdengo|Thunderbolt|p1a: Toxapex\n|-supereffective|p1a: Toxapex\n|-damage|p1a: Toxapex|38\/100\n|move|p1a: Toxapex|Infestation|p2a: Gholdengo\n|-resisted|p2a: Gholdengo\n|-damage|p2a: Gholdengo|99\/100\n|-activate|p2a: Gholdengo|move: Infestation|[of] p1a: Toxapex\n|-enditem|p2a: Gholdengo|Air Balloon\n|\n|-weather|Sandstorm|[upkeep]\n|-damage|p1a: Toxapex|32\/100|[from] Sandstorm\n|-damage|p2a: Gholdengo|87\/100|[from] move: Infestation|[partiallytrapped]\n|upkeep\n|turn|3\n|\n|t:|1699877843\n|switch|p1a: Blissey|Blissey, F, shiny|100\/100\n|move|p2a: Gholdengo|Thunderbolt|p1a: Blissey\n|-crit|p1a: Blissey\n|-damage|p1a: Blissey|87\/100\n|\n|-weather|Sandstorm|[upkeep]\n|-damage|p1a: Blissey|81\/100|[from] Sandstorm\n|-end|p2a: Gholdengo|Infestation|[partiallytrapped]|[silent]\n|upkeep\n|turn|4\n|\n|t:|1699877856\n|switch|p2a: Ting-Lu|Ting-Lu|100\/100\n|-ability|p2a: Ting-Lu|Vessel of Ruin\n|move|p1a: Blissey|Stealth Rock|p2a: Ting-Lu\n|-sidestart|p2: wefgrjcnc|move: Stealth Rock\n|\n|-weather|Sandstorm|[upkeep]\n|-damage|p1a: Blissey|75\/100|[from] Sandstorm\n|upkeep\n|turn|5\n|\n|t:|1699877867\n|switch|p1a: Talonflame|Talonflame, F|100\/100\n|move|p2a: Ting-Lu|Spikes|p1a: Talonflame\n|-sidestart|p1: iknhpo|Spikes\n|\n|-weather|none\n|upkeep\n|turn|6\n|\n|t:|1699877884\n|switch|p2a: Tyranitar|Tyranitar, M|100\/100\n|-damage|p2a: Tyranitar|88\/100|[from] Stealth Rock\n|-weather|Sandstorm|[from] ability: Sand Stream|[of] p2a: Tyranitar\n|move|p1a: Talonflame|Flamethrower|p2a: Tyranitar\n|-resisted|p2a: Tyranitar\n|-crit|p2a: Tyranitar\n|-damage|p2a: Tyranitar|75\/100\n|-status|p2a: Tyranitar|brn\n|\n|-weather|Sandstorm|[upkeep]\n|-damage|p1a: Talonflame|94\/100|[from] Sandstorm\n|-damage|p2a: Tyranitar|69\/100 brn|[from] brn\n|upkeep\n|turn|7\n|\n|t:|1699877889\n|switch|p1a: Toxapex|Toxapex, F|65\/100\n|move|p2a: Tyranitar|Earthquake|p1a: Toxapex\n|-supereffective|p1a: Toxapex\n|-damage|p1a: Toxapex|29\/100\n|\n|-weather|Sandstorm|[upkeep]\n|-damage|p1a: Toxapex|23\/100|[from] Sandstorm\n|-damage|p2a: Tyranitar|63\/100 brn|[from] brn\n|upkeep\n|turn|8\n|\n|t:|1699877895\n|switch|p1a: Corviknight|Corviknight, F|100\/100\n|-ability|p1a: Corviknight|Pressure\n|move|p2a: Tyranitar|Earthquake|p1a: Corviknight\n|-immune|p1a: Corviknight\n|\n|-weather|Sandstorm|[upkeep]\n|-damage|p2a: Tyranitar|57\/100 brn|[from] brn\n|upkeep\n|turn|9\n|\n|t:|1699877902\n|switch|p2a: Lycanroc|Lycanroc, M|100\/100\n|-damage|p2a: Lycanroc|88\/100|[from] Stealth Rock\n|switch|p1a: Toxapex|Toxapex, F|56\/100\n|\n|-weather|Sandstorm|[upkeep]\n|-damage|p1a: Toxapex|50\/100|[from] Sandstorm\n|upkeep\n|turn|10\n|\n|t:|1699877909\n|switch|p1a: Corviknight|Corviknight, F|100\/100\n|-ability|p1a: Corviknight|Pressure\n|move|p2a: Lycanroc|Drill Run|p1a: Corviknight\n|-immune|p1a: Corviknight\n|\n|-weather|none\n|upkeep\n|turn|11\n|\n|t:|1699877917\n|switch|p2a: Ting-Lu|Ting-Lu|100\/100\n|-damage|p2a: Ting-Lu|94\/100|[from] Stealth Rock\n|-ability|p2a: Ting-Lu|Vessel of Ruin\n|move|p1a: Corviknight|U-turn|p2a: Ting-Lu\n|-supereffective|p2a: Ting-Lu\n|-damage|p2a: Ting-Lu|78\/100\n|-enditem|p2a: Ting-Lu|Red Card|[of] p1a: Corviknight\n|drag|p1a: Blissey|Blissey, F, shiny|75\/100\n|\n|upkeep\n|turn|12\n|\n|t:|1699877922\n|switch|p1a: Talonflame|Talonflame, F|94\/100\n|move|p2a: Ting-Lu|Ruination|p1a: Talonflame\n|-damage|p1a: Talonflame|48\/100\n|\n|upkeep\n|turn|13\n|\n|t:|1699877931\n|move|p1a: Talonflame|Flamethrower|p2a: Ting-Lu\n|-damage|p2a: Ting-Lu|67\/100\n|move|p2a: Ting-Lu|Stone Edge|p1a: Talonflame\n|-supereffective|p1a: Talonflame\n|-damage|p1a: Talonflame|0 fnt\n|faint|p1a: Talonflame\n|\n|upkeep\n|\n|t:|1699877941\n|switch|p1a: Corviknight|Corviknight, F|100\/100\n|-ability|p1a: Corviknight|Pressure\n|turn|14\n|\n|t:|1699877948\n|move|p1a: Corviknight|Body Press|p2a: Ting-Lu\n|-supereffective|p2a: Ting-Lu\n|-damage|p2a: Ting-Lu|40\/100\n|move|p2a: Ting-Lu|Ruination|p1a: Corviknight\n|-damage|p1a: Corviknight|51\/100\n|\n|upkeep\n|turn|15\n|\n|t:|1699877955\n|switch|p2a: Tyranitar|Tyranitar, M|57\/100 brn\n|-damage|p2a: Tyranitar|44\/100 brn|[from] Stealth Rock\n|-weather|Sandstorm|[from] ability: Sand Stream|[of] p2a: Tyranitar\n|move|p1a: Corviknight|Body Press|p2a: Tyranitar\n|-supereffective|p2a: Tyranitar\n|-damage|p2a: Tyranitar|0 fnt\n|faint|p2a: Tyranitar\n|\n|-weather|Sandstorm|[upkeep]\n|upkeep\n|\n|t:|1699877965\n|switch|p2a: Ogerpon|Ogerpon-Cornerstone, F|100\/100\n|-damage|p2a: Ogerpon|88\/100|[from] Stealth Rock\n|turn|16\n|\n|t:|1699877969\n|move|p2a: Ogerpon|Ivy Cudgel|p1a: Corviknight\n|-damage|p1a: Corviknight|15\/100\n|move|p1a: Corviknight|U-turn|p2a: Ogerpon\n|-supereffective|p2a: Ogerpon\n|-damage|p2a: Ogerpon|48\/100\n|\n|t:|1699877974\n|switch|p1a: Dondozo|Dondozo, F|100\/100|[from] U-turn\n|\n|-weather|Sandstorm|[upkeep]\n|-damage|p1a: Dondozo|94\/100|[from] Sandstorm\n|upkeep\n|turn|17\n|\n|t:|1699877981\n|move|p2a: Ogerpon|Horn Leech|p1a: Dondozo\n|-supereffective|p1a: Dondozo\n|-damage|p1a: Dondozo|56\/100\n|-heal|p2a: Ogerpon|80\/100|[from] drain|[of] p1a: Dondozo\n|move|p1a: Dondozo|Body Press|p2a: Ogerpon\n|-supereffective|p2a: Ogerpon\n|-damage|p2a: Ogerpon|8\/100\n|\n|-weather|Sandstorm|[upkeep]\n|-damage|p1a: Dondozo|50\/100|[from] Sandstorm\n|upkeep\n|turn|18\n|\n|t:|1699877985\n|move|p2a: Ogerpon|Horn Leech|p1a: Dondozo\n|-supereffective|p1a: Dondozo\n|-damage|p1a: Dondozo|14\/100\n|-heal|p2a: Ogerpon|38\/100|[from] drain|[of] p1a: Dondozo\n|move|p1a: Dondozo|Body Press|p2a: Ogerpon\n|-supereffective|p2a: Ogerpon\n|-damage|p2a: Ogerpon|0 fnt\n|faint|p2a: Ogerpon\n|\n|-weather|Sandstorm|[upkeep]\n|-damage|p1a: Dondozo|8\/100|[from] Sandstorm\n|upkeep\n|\n|t:|1699877991\n|switch|p2a: Lycanroc|Lycanroc, M|88\/100\n|-damage|p2a: Lycanroc|76\/100|[from] Stealth Rock\n|turn|19\n|\n|t:|1699877995\n|move|p2a: Lycanroc|Crunch|p1a: Dondozo\n|-damage|p1a: Dondozo|0 fnt\n|faint|p1a: Dondozo\n|\n|-weather|none\n|upkeep\n|\n|t:|1699877999\n|switch|p1a: Toxapex|Toxapex, F|83\/100\n|turn|20\n|\n|t:|1699878008\n|switch|p2a: Gholdengo|Gholdengo|87\/100\n|-damage|p2a: Gholdengo|81\/100|[from] Stealth Rock\n|move|p1a: Toxapex|Toxic|p2a: Gholdengo\n|-immune|p2a: Gholdengo|[from] ability: Good as Gold\n|\n|upkeep\n|turn|21\n|\n|t:|1699878011\n|switch|p1a: Blissey|Blissey, F, shiny|75\/100\n|move|p2a: Gholdengo|Focus Blast|p1a: Blissey|[miss]\n|-miss|p2a: Gholdengo|p1a: Blissey\n|\n|upkeep\n|turn|22\n|\n|t:|1699878016\n|move|p2a: Gholdengo|Make It Rain|p1a: Blissey\n|-damage|p1a: Blissey|57\/100\n|-unboost|p2a: Gholdengo|spa|1\n|move|p1a: Blissey|Shadow Ball|p2a: Gholdengo\n|-supereffective|p2a: Gholdengo\n|-damage|p2a: Gholdengo|49\/100\n|\n|upkeep\n|turn|23\n|\n|t:|1699878023\n|switch|p2a: Great Tusk|Great Tusk|100\/100\n|move|p1a: Blissey|Seismic Toss|p2a: Great Tusk\n|-damage|p2a: Great Tusk|74\/100\n|\n|upkeep\n|turn|24\n|\n|t:|1699878031\n|switch|p1a: Toxapex|Toxapex, F|100\/100\n|move|p2a: Great Tusk|Rapid Spin|p1a: Toxapex\n|-damage|p1a: Toxapex|89\/100\n|-boost|p2a: Great Tusk|spe|1\n|-sideend|p2: wefgrjcnc|Stealth Rock|[from] move: Rapid Spin|[of] p2a: Great Tusk\n|\n|upkeep\n|turn|25\n|\n|t:|1699878047\n|move|p2a: Great Tusk|Headlong Rush|p1a: Toxapex\n|-supereffective|p1a: Toxapex\n|-damage|p1a: Toxapex|18\/100\n|-unboost|p2a: Great Tusk|def|1\n|-unboost|p2a: Great Tusk|spd|1\n|move|p1a: Toxapex|Toxic|p2a: Great Tusk\n|-status|p2a: Great Tusk|tox\n|\n|-damage|p2a: Great Tusk|67\/100 tox|[from] psn\n|upkeep\n|turn|26\n|\n|t:|1699878053\n|switch|p1a: Clodsire|Clodsire, F|100\/100\n|move|p2a: Great Tusk|Headlong Rush|p1a: Clodsire\n|-supereffective|p1a: Clodsire\n|-damage|p1a: Clodsire|0 fnt\n|-unboost|p2a: Great Tusk|def|1\n|-unboost|p2a: Great Tusk|spd|1\n|faint|p1a: Clodsire\n|\n|-damage|p2a: Great Tusk|55\/100 tox|[from] psn\n|upkeep\n|\n|t:|1699878056\n|switch|p1a: Toxapex|Toxapex, F|51\/100\n|turn|27\n|\n|t:|1699878060\n|switch|p1a: Corviknight|Corviknight, F|15\/100\n|-ability|p1a: Corviknight|Pressure\n|move|p2a: Great Tusk|Headlong Rush|p1a: Corviknight\n|-immune|p1a: Corviknight\n|\n|-damage|p2a: Great Tusk|36\/100 tox|[from] psn\n|upkeep\n|turn|28\n|\n|t:|1699878068\n|switch|p1a: Toxapex|Toxapex, F|84\/100\n|move|p2a: Great Tusk|Ice Spinner|p1a: Toxapex\n|-resisted|p1a: Toxapex\n|-damage|p1a: Toxapex|76\/100\n|\n|-damage|p2a: Great Tusk|12\/100 tox|[from] psn\n|upkeep\n|turn|29\n|\n|t:|1699878086\n|-end|p2a: Great Tusk|Protosynthesis|[silent]\n|switch|p2a: Gholdengo|Gholdengo|49\/100\n|move|p1a: Toxapex|Recover|p1a: Toxapex\n|-heal|p1a: Toxapex|100\/100\n|\n|upkeep\n|turn|30\n|\n|t:|1699878097\n|switch|p2a: Lycanroc|Lycanroc, M|76\/100\n|switch|p1a: Blissey|Blissey, F, shiny|57\/100\n|\n|upkeep\n|turn|31\n|\n|t:|1699878103\n|switch|p1a: Toxapex|Toxapex, F|100\/100\n|move|p2a: Lycanroc|Stone Edge|p1a: Toxapex\n|-damage|p1a: Toxapex|54\/100\n|\n|upkeep\n|turn|32\n|\n|t:|1699878109\n|move|p2a: Lycanroc|Stone Edge|p1a: Toxapex\n|-damage|p1a: Toxapex|14\/100\n|move|p1a: Toxapex|Infestation|p2a: Lycanroc\n|-damage|p2a: Lycanroc|71\/100\n|-activate|p2a: Lycanroc|move: Infestation|[of] p1a: Toxapex\n|\n|-damage|p2a: Lycanroc|58\/100|[from] move: Infestation|[partiallytrapped]\n|upkeep\n|turn|33\n|\n|t:|1699878114\n|switch|p1a: Corviknight|Corviknight, F|15\/100\n|-ability|p1a: Corviknight|Pressure\n|move|p2a: Lycanroc|Stone Edge|p1a: Corviknight\n|-damage|p1a: Corviknight|0 fnt\n|faint|p1a: Corviknight\n|\n|-end|p2a: Lycanroc|Infestation|[partiallytrapped]|[silent]\n|upkeep\n|\n|t:|1699878120\n|switch|p1a: Toxapex|Toxapex, F|47\/100\n|turn|34\n|\n|t:|1699878131\n|switch|p2a: Ting-Lu|Ting-Lu|40\/100\n|-ability|p2a: Ting-Lu|Vessel of Ruin\n|move|p1a: Toxapex|Recover|p1a: Toxapex\n|-heal|p1a: Toxapex|97\/100\n|\n|upkeep\n|turn|35\n|\n|t:|1699878138\n|move|p2a: Ting-Lu|Earthquake|p1a: Toxapex\n|-supereffective|p1a: Toxapex\n|-damage|p1a: Toxapex|53\/100\n|move|p1a: Toxapex|Toxic|p2a: Ting-Lu\n|-status|p2a: Ting-Lu|tox\n|\n|-damage|p2a: Ting-Lu|34\/100 tox|[from] psn\n|upkeep\n|turn|36\n|\n|t:|1699878147\n|switch|p2a: Gholdengo|Gholdengo|49\/100\n|-terastallize|p1a: Toxapex|Grass\n|move|p1a: Toxapex|Infestation|p2a: Gholdengo\n|-resisted|p2a: Gholdengo\n|-damage|p2a: Gholdengo|48\/100\n|-activate|p2a: Gholdengo|move: Infestation|[of] p1a: Toxapex\n|\n|-damage|p2a: Gholdengo|36\/100|[from] move: Infestation|[partiallytrapped]\n|upkeep\n|turn|37\n|\n|t:|1699878157\n|switch|p2a: Great Tusk|Great Tusk|12\/100 tox\n|switch|p1a: Blissey|Blissey, F, shiny|57\/100\n|\n|-damage|p2a: Great Tusk|5\/100 tox|[from] psn\n|upkeep\n|turn|38\n|\n|t:|1699878165\n|switch|p1a: Toxapex|Toxapex, F, tera:Grass|87\/100\n|move|p2a: Great Tusk|Headlong Rush|p1a: Toxapex\n|-resisted|p1a: Toxapex\n|-damage|p1a: Toxapex|66\/100\n|-unboost|p2a: Great Tusk|def|1\n|-unboost|p2a: Great Tusk|spd|1\n|\n|-damage|p2a: Great Tusk|0 fnt|[from] psn\n|faint|p2a: Great Tusk\n|-end|p2a: Great Tusk|Protosynthesis|[silent]\n|upkeep\n|\n|t:|1699878168\n|switch|p2a: Lycanroc|Lycanroc, M|58\/100\n|turn|39\n|\n|t:|1699878176\n|move|p2a: Lycanroc|Close Combat|p1a: Toxapex\n|-damage|p1a: Toxapex|30\/100\n|-unboost|p2a: Lycanroc|def|1\n|-unboost|p2a: Lycanroc|spd|1\n|move|p1a: Toxapex|Recover|p1a: Toxapex\n|-heal|p1a: Toxapex|80\/100\n|\n|upkeep\n|turn|40\n|\n|t:|1699878180\n|move|p2a: Lycanroc|Close Combat|p1a: Toxapex\n|-damage|p1a: Toxapex|46\/100\n|-unboost|p2a: Lycanroc|def|1\n|-unboost|p2a: Lycanroc|spd|1\n|move|p1a: Toxapex|Toxic|p2a: Lycanroc\n|-status|p2a: Lycanroc|tox\n|\n|-damage|p2a: Lycanroc|52\/100 tox|[from] psn\n|upkeep\n|turn|41\n|\n|t:|1699878184\n|move|p2a: Lycanroc|Close Combat|p1a: Toxapex\n|-damage|p1a: Toxapex|12\/100\n|-unboost|p2a: Lycanroc|def|1\n|-unboost|p2a: Lycanroc|spd|1\n|move|p1a: Toxapex|Recover|p1a: Toxapex\n|-heal|p1a: Toxapex|62\/100\n|\n|-damage|p2a: Lycanroc|40\/100 tox|[from] psn\n|upkeep\n|turn|42\n|\n|t:|1699878190\n|move|p2a: Lycanroc|Close Combat|p1a: Toxapex\n|-damage|p1a: Toxapex|28\/100\n|-unboost|p2a: Lycanroc|def|1\n|-unboost|p2a: Lycanroc|spd|1\n|move|p1a: Toxapex|Recover|p1a: Toxapex\n|-heal|p1a: Toxapex|78\/100\n|\n|-damage|p2a: Lycanroc|21\/100 tox|[from] psn\n|upkeep\n|turn|43\n|\n|t:|1699878194\n|switch|p2a: Gholdengo|Gholdengo|36\/100\n|move|p1a: Toxapex|Infestation|p2a: Gholdengo\n|-resisted|p2a: Gholdengo\n|-damage|p2a: Gholdengo|35\/100\n|-activate|p2a: Gholdengo|move: Infestation|[of] p1a: Toxapex\n|\n|-damage|p2a: Gholdengo|23\/100|[from] move: Infestation|[partiallytrapped]\n|upkeep\n|turn|44\n|\n|t:|1699878201\n|switch|p1a: Blissey|Blissey, F, shiny|57\/100\n|move|p2a: Gholdengo|Shadow Ball|p1a: Blissey\n|-immune|p1a: Blissey\n|\n|-end|p2a: Gholdengo|Infestation|[partiallytrapped]|[silent]\n|upkeep\n|turn|45\n|\n|t:|1699878214\n|move|p2a: Gholdengo|Focus Blast|p1a: Blissey\n|-supereffective|p1a: Blissey\n|-damage|p1a: Blissey|34\/100\n|move|p1a: Blissey|Stealth Rock|p2a: Gholdengo\n|-sidestart|p2: wefgrjcnc|move: Stealth Rock\n|\n|upkeep\n|turn|46\n|\n|t:|1699878219\n|move|p2a: Gholdengo|Focus Blast|p1a: Blissey\n|-supereffective|p1a: Blissey\n|-damage|p1a: Blissey|11\/100\n|move|p1a: Blissey|Soft-Boiled|p1a: Blissey\n|-heal|p1a: Blissey|61\/100\n|\n|upkeep\n|turn|47\n|\n|t:|1699878234\n|move|p2a: Gholdengo|Focus Blast|p1a: Blissey\n|-supereffective|p1a: Blissey\n|-damage|p1a: Blissey|38\/100\n|move|p1a: Blissey|Shadow Ball|p2a: Gholdengo\n|-supereffective|p2a: Gholdengo\n|-damage|p2a: Gholdengo|0 fnt\n|faint|p2a: Gholdengo\n|\n|upkeep\n|\n|t:|1699878241\n|switch|p2a: Ting-Lu|Ting-Lu|34\/100 tox\n|-damage|p2a: Ting-Lu|28\/100 tox|[from] Stealth Rock\n|-ability|p2a: Ting-Lu|Vessel of Ruin\n|turn|48\n|-message|wefgrjcnc forfeited.\n|\n|win|iknhpo\n|raw|iknhpo's rating: 1000 &rarr; <strong>1040<\/strong><br \/>(+40 for winning)\n|raw|wefgrjcnc's rating: 1000 &rarr; <strong>1000<\/strong><br \/>(+0 for losing)\n|l|\u2606wefgrjcnc\n","uploadtime":1699878248,"views":15,"p1id":"iknhpo","p2id":"wefgrjcnc","formatid":"gen9ou","rating":1000,"private":0,"password":""}