{"id":"gen9ou-1990465239","p1":"tagordo","p2":"NSolanoV","format":"[Gen 9] OU","log":"|j|\u2606tagordo\n|j|\u2606NSolanoV\n|t:|1699973488\n|gametype|singles\n|player|p1|tagordo|265|1173\n|player|p2|NSolanoV|nate|1124\n|teamsize|p1|6\n|teamsize|p2|6\n|gen|9\n|tier|[Gen 9] OU\n|rated|\n|rule|Sleep Clause Mod: Limit one foe put to sleep\n|rule|Species Clause: Limit one of each Pok\u00e9mon\n|rule|OHKO Clause: OHKO moves are banned\n|rule|Evasion Items Clause: Evasion items are banned\n|rule|Evasion Moves Clause: Evasion moves are banned\n|rule|Endless Battle Clause: Forcing endless battles is banned\n|rule|HP Percentage Mod: HP is shown in percentages\n|clearpoke\n|poke|p1|Toxapex, F|\n|poke|p1|Cresselia, F|\n|poke|p1|Rillaboom, M|\n|poke|p1|Dragapult, M|\n|poke|p1|Great Tusk|\n|poke|p1|Manaphy|\n|poke|p2|Corviknight, M|\n|poke|p2|Breloom, F|\n|poke|p2|Garganacl, M|\n|poke|p2|Samurott-Hisui, M|\n|poke|p2|Mamoswine, F|\n|poke|p2|Iron Moth|\n|teampreview\n|\n|t:|1699973499\n|start\n|switch|p1a: Great Tusk|Great Tusk|100\/100\n|switch|p2a: Hygrogen|Samurott-Hisui, M, shiny|100\/100\n|-enditem|p1a: Great Tusk|Booster Energy\n|-activate|p1a: Great Tusk|ability: Protosynthesis|[fromitem]\n|-start|p1a: Great Tusk|protosynthesisatk\n|turn|1\n|\n|t:|1699973511\n|-end|p1a: Great Tusk|Protosynthesis|[silent]\n|switch|p1a: Rillaboom|Rillaboom, M|100\/100\n|-fieldstart|move: Grassy Terrain|[from] ability: Grassy Surge|[of] p1a: Rillaboom\n|move|p2a: Hygrogen|Aqua Jet|p1a: Rillaboom\n|-resisted|p1a: Rillaboom\n|-damage|p1a: Rillaboom|89\/100\n|\n|-heal|p1a: Rillaboom|96\/100|[from] Grassy Terrain\n|upkeep\n|turn|2\n|\n|t:|1699973519\n|move|p1a: Rillaboom|Knock Off|p2a: Hygrogen\n|-resisted|p2a: Hygrogen\n|-damage|p2a: Hygrogen|64\/100\n|-enditem|p2a: Hygrogen|Focus Sash|[from] move: Knock Off|[of] p1a: Rillaboom\n|move|p2a: Hygrogen|X-Scissor|p1a: Rillaboom\n|-supereffective|p1a: Rillaboom\n|-damage|p1a: Rillaboom|5\/100\n|\n|-heal|p1a: Rillaboom|11\/100|[from] Grassy Terrain\n|-heal|p2a: Hygrogen|71\/100|[from] Grassy Terrain\n|upkeep\n|turn|3\n|\n|t:|1699973545\n|switch|p1a: Dragapult|Dragapult, M|100\/100\n|move|p2a: Hygrogen|X-Scissor|p1a: Dragapult\n|-resisted|p1a: Dragapult\n|-damage|p1a: Dragapult|72\/100\n|\n|-heal|p1a: Dragapult|78\/100|[from] Grassy Terrain\n|-heal|p2a: Hygrogen|77\/100|[from] Grassy Terrain\n|upkeep\n|turn|4\n|\n|t:|1699973557\n|move|p1a: Dragapult|Draco Meteor|p2a: Hygrogen\n|-crit|p2a: Hygrogen\n|-damage|p2a: Hygrogen|0 fnt\n|-unboost|p1a: Dragapult|spa|2\n|faint|p2a: Hygrogen\n|\n|-heal|p1a: Dragapult|84\/100|[from] Grassy Terrain\n|upkeep\n|\n|t:|1699973562\n|switch|p2a: Magnisium|Mamoswine, F, shiny|100\/100\n|turn|5\n|\n|t:|1699973574\n|switch|p1a: Toxapex|Toxapex, F|100\/100\n|move|p2a: Magnisium|Icicle Spear|p1a: Toxapex\n|-resisted|p1a: Toxapex\n|-damage|p1a: Toxapex|97\/100\n|-resisted|p1a: Toxapex\n|-damage|p1a: Toxapex|93\/100\n|-resisted|p1a: Toxapex\n|-damage|p1a: Toxapex|89\/100\n|-resisted|p1a: Toxapex\n|-damage|p1a: Toxapex|86\/100\n|-hitcount|p1a: Toxapex|4\n|\n|-heal|p1a: Toxapex|93\/100|[from] Grassy Terrain\n|-heal|p1a: Toxapex|99\/100|[from] item: Leftovers\n|-fieldend|move: Grassy Terrain\n|upkeep\n|turn|6\n|\n|t:|1699973588\n|switch|p1a: Cresselia|Cresselia, F|100\/100\n|move|p2a: Magnisium|Earthquake|p1a: Cresselia\n|-immune|p1a: Cresselia|[from] ability: Levitate\n|\n|upkeep\n|turn|7\n|\n|t:|1699973609\n|switch|p2a: Rhodium|Corviknight, M, shiny|100\/100\n|move|p1a: Cresselia|Calm Mind|p1a: Cresselia\n|-boost|p1a: Cresselia|spa|1\n|-boost|p1a: Cresselia|spd|1\n|\n|upkeep\n|turn|8\n|\n|t:|1699973618\n|move|p1a: Cresselia|Calm Mind|p1a: Cresselia\n|-boost|p1a: Cresselia|spa|1\n|-boost|p1a: Cresselia|spd|1\n|move|p2a: Rhodium|Iron Head|p1a: Cresselia\n|-damage|p1a: Cresselia|83\/100\n|\n|-heal|p1a: Cresselia|89\/100|[from] item: Leftovers\n|upkeep\n|turn|9\n|\n|t:|1699973624\n|switch|p2a: Oxygen|Breloom, F, shiny|100\/100\n|move|p1a: Cresselia|Calm Mind|p1a: Cresselia\n|-boost|p1a: Cresselia|spa|1\n|-boost|p1a: Cresselia|spd|1\n|\n|-heal|p1a: Cresselia|95\/100|[from] item: Leftovers\n|upkeep\n|turn|10\n|\n|t:|1699973633\n|move|p2a: Oxygen|Spore|p1a: Cresselia\n|-status|p1a: Cresselia|slp|[from] move: Spore\n|cant|p1a: Cresselia|slp\n|\n|-heal|p1a: Cresselia|100\/100 slp|[from] item: Leftovers\n|upkeep\n|turn|11\n|\n|t:|1699973640\n|-terastallize|p1a: Cresselia|Poison\n|move|p2a: Oxygen|Seed Bomb|p1a: Cresselia\n|-resisted|p1a: Cresselia\n|-damage|p1a: Cresselia|86\/100 slp\n|-curestatus|p1a: Cresselia|slp|[msg]\n|move|p1a: Cresselia|Stored Power|p2a: Oxygen\n|-supereffective|p2a: Oxygen\n|-crit|p2a: Oxygen\n|-enditem|p2a: Oxygen|Focus Sash\n|-damage|p2a: Oxygen|1\/100\n|\n|-heal|p1a: Cresselia|92\/100|[from] item: Leftovers\n|upkeep\n|turn|12\n|\n|t:|1699973655\n|move|p2a: Oxygen|Spore|p1a: Cresselia\n|-status|p1a: Cresselia|slp|[from] move: Spore\n|cant|p1a: Cresselia|slp\n|\n|-heal|p1a: Cresselia|98\/100 slp|[from] item: Leftovers\n|upkeep\n|turn|13\n|\n|t:|1699973664\n|move|p2a: Oxygen|Rock Tomb|p1a: Cresselia\n|-damage|p1a: Cresselia|76\/100 slp\n|-unboost|p1a: Cresselia|spe|1\n|-curestatus|p1a: Cresselia|slp|[msg]\n|move|p1a: Cresselia|Stored Power|p2a: Oxygen\n|-supereffective|p2a: Oxygen\n|-damage|p2a: Oxygen|0 fnt\n|faint|p2a: Oxygen\n|\n|-heal|p1a: Cresselia|82\/100|[from] item: Leftovers\n|upkeep\n|\n|t:|1699973674\n|switch|p2a: Sodium|Garganacl, M, shiny|100\/100\n|turn|14\n|\n|t:|1699973688\n|move|p1a: Cresselia|Calm Mind|p1a: Cresselia\n|-boost|p1a: Cresselia|spa|1\n|-boost|p1a: Cresselia|spd|1\n|move|p2a: Sodium|Salt Cure|p1a: Cresselia\n|-damage|p1a: Cresselia|73\/100\n|-start|p1a: Cresselia|Salt Cure\n|\n|-heal|p1a: Cresselia|79\/100|[from] item: Leftovers\n|-damage|p1a: Cresselia|66\/100|[from] Salt Cure\n|upkeep\n|turn|15\n|\n|t:|1699973696\n|switch|p2a: Rhodium|Corviknight, M, shiny|100\/100\n|move|p1a: Cresselia|Moonlight|p1a: Cresselia\n|-heal|p1a: Cresselia|100\/100\n|\n|-damage|p1a: Cresselia|88\/100|[from] Salt Cure\n|upkeep\n|turn|16\n|\n|t:|1699973705\n|switch|p2a: Magnisium|Mamoswine, F, shiny|100\/100\n|move|p1a: Cresselia|Stored Power|p2a: Magnisium\n|-damage|p2a: Magnisium|0 fnt\n|faint|p2a: Magnisium\n|\n|-heal|p1a: Cresselia|94\/100|[from] item: Leftovers\n|-damage|p1a: Cresselia|82\/100|[from] Salt Cure\n|upkeep\n|\n|t:|1699973707\n|switch|p2a: Rhodium|Corviknight, M, shiny|100\/100\n|turn|17\n|\n|t:|1699973716\n|move|p2a: Rhodium|Iron Head|p1a: Cresselia\n|-damage|p1a: Cresselia|63\/100\n|move|p1a: Cresselia|Stored Power|p2a: Rhodium\n|-resisted|p2a: Rhodium\n|-damage|p2a: Rhodium|7\/100\n|\n|-heal|p1a: Cresselia|69\/100|[from] item: Leftovers\n|-damage|p1a: Cresselia|57\/100|[from] Salt Cure\n|upkeep\n|turn|18\n|\n|t:|1699973724\n|move|p2a: Rhodium|Brave Bird|p1a: Cresselia\n|-damage|p1a: Cresselia|30\/100\n|-damage|p2a: Rhodium|0 fnt|[from] Recoil\n|faint|p2a: Rhodium\n|move|p1a: Cresselia|Moonlight|p1a: Cresselia\n|-heal|p1a: Cresselia|80\/100\n|\n|-heal|p1a: Cresselia|86\/100|[from] item: Leftovers\n|-damage|p1a: Cresselia|74\/100|[from] Salt Cure\n|upkeep\n|\n|t:|1699973728\n|switch|p2a: Osmium|Iron Moth, shiny|100\/100\n|-enditem|p2a: Osmium|Booster Energy\n|-activate|p2a: Osmium|ability: Quark Drive|[fromitem]\n|-start|p2a: Osmium|quarkdrivespe\n|turn|19\n|\n|t:|1699973738\n|move|p2a: Osmium|Psychic|p1a: Cresselia\n|-supereffective|p1a: Cresselia\n|-damage|p1a: Cresselia|60\/100\n|move|p1a: Cresselia|Stored Power|p2a: Osmium\n|-supereffective|p2a: Osmium\n|-damage|p2a: Osmium|0 fnt\n|faint|p2a: Osmium\n|-end|p2a: Osmium|Quark Drive|[silent]\n|\n|-heal|p1a: Cresselia|66\/100|[from] item: Leftovers\n|-damage|p1a: Cresselia|54\/100|[from] Salt Cure\n|upkeep\n|\n|t:|1699973748\n|switch|p2a: Sodium|Garganacl, M, shiny|100\/100\n|turn|20\n|\n|t:|1699973753\n|move|p1a: Cresselia|Stored Power|p2a: Sodium\n|-damage|p2a: Sodium|0 fnt\n|faint|p2a: Sodium\n|\n|win|tagordo\n|raw|tagordo's rating: 1173 &rarr; <strong>1194<\/strong><br \/>(+21 for winning)\n|raw|NSolanoV's rating: 1124 &rarr; <strong>1103<\/strong><br \/>(-21 for losing)\n|l|\u2606NSolanoV\n","uploadtime":1699973762,"views":8,"p1id":"tagordo","p2id":"nsolanov","formatid":"gen9ou","rating":1103,"private":0,"password":""}