{"id":"gen9ou-1994286129","p1":"TImAndMobyBrainPop","p2":"Oreca2005","format":"[Gen 9] OU","log":"|j|\u2606TImAndMobyBrainPop\n|j|\u2606Oreca2005\n|t:|1700427145\n|gametype|singles\n|player|p1|TImAndMobyBrainPop|2|\n|player|p2|Oreca2005|riley|\n|teamsize|p1|6\n|teamsize|p2|6\n|gen|9\n|tier|[Gen 9] OU\n|rule|Sleep Clause Mod: Limit one foe put to sleep\n|rule|Species Clause: Limit one of each Pok\u00e9mon\n|rule|OHKO Clause: OHKO moves are banned\n|rule|Evasion Items Clause: Evasion items are banned\n|rule|Evasion Moves Clause: Evasion moves are banned\n|rule|Endless Battle Clause: Forcing endless battles is banned\n|rule|HP Percentage Mod: HP is shown in percentages\n|clearpoke\n|poke|p1|Glimmora, F|\n|poke|p1|Great Tusk|\n|poke|p1|Gyarados, M|\n|poke|p1|Rotom-Wash|\n|poke|p1|Sinistcha|\n|poke|p1|Ogerpon-Wellspring, F|\n|poke|p2|Ninetales-Alola, F|\n|poke|p2|Garchomp, F|\n|poke|p2|Ceruledge, F|\n|poke|p2|Sneasler, M|\n|poke|p2|Ogerpon-Wellspring, F|\n|poke|p2|Iron Valiant|\n|teampreview\n|\n|t:|1700427152\n|start\n|switch|p1a: Glimmora|Glimmora, F|100\/100\n|switch|p2a: Ninetales|Ninetales-Alola, F|100\/100\n|-weather|Snow|[from] ability: Snow Warning|[of] p2a: Ninetales\n|turn|1\n|\n|t:|1700427167\n|move|p2a: Ninetales|Aurora Veil|p2a: Ninetales\n|-sidestart|p2: Oreca2005|move: Aurora Veil\n|move|p1a: Glimmora|Stealth Rock|p2a: Ninetales\n|-sidestart|p2: Oreca2005|move: Stealth Rock\n|\n|-weather|Snow|[upkeep]\n|upkeep\n|turn|2\n|\n|t:|1700427173\n|move|p2a: Ninetales|Blizzard|p1a: Glimmora\n|-damage|p1a: Glimmora|68\/100\n|move|p1a: Glimmora|Spikes|p2a: Ninetales\n|-sidestart|p2: Oreca2005|Spikes\n|\n|-weather|Snow|[upkeep]\n|-heal|p1a: Glimmora|74\/100|[from] item: Leftovers\n|upkeep\n|turn|3\n|\n|t:|1700427180\n|move|p2a: Ninetales|Blizzard|p1a: Glimmora\n|-damage|p1a: Glimmora|40\/100\n|move|p1a: Glimmora|Spikes|p2a: Ninetales\n|-sidestart|p2: Oreca2005|Spikes\n|\n|-weather|Snow|[upkeep]\n|-heal|p1a: Glimmora|47\/100|[from] item: Leftovers\n|upkeep\n|turn|4\n|\n|t:|1700427187\n|move|p2a: Ninetales|Blizzard|p1a: Glimmora\n|-damage|p1a: Glimmora|9\/100\n|move|p1a: Glimmora|Spikes|p2a: Ninetales\n|-sidestart|p2: Oreca2005|Spikes\n|\n|-weather|Snow|[upkeep]\n|-heal|p1a: Glimmora|16\/100|[from] item: Leftovers\n|upkeep\n|turn|5\n|\n|t:|1700427194\n|move|p1a: Glimmora|Spiky Shield|p1a: Glimmora\n|-singleturn|p1a: Glimmora|move: Protect\n|move|p2a: Ninetales|Blizzard|p1a: Glimmora\n|-activate|p1a: Glimmora|move: Protect\n|\n|-weather|none\n|-heal|p1a: Glimmora|22\/100|[from] item: Leftovers\n|upkeep\n|turn|6\n|\n|t:|1700427210\n|move|p2a: Ninetales|Blizzard|p1a: Glimmora|[miss]\n|-miss|p2a: Ninetales|p1a: Glimmora\n|move|p1a: Glimmora|Power Gem|p2a: Ninetales\n|-supereffective|p2a: Ninetales\n|-damage|p2a: Ninetales|63\/100\n|\n|-heal|p1a: Glimmora|28\/100|[from] item: Leftovers\n|upkeep\n|turn|7\n|\n|t:|1700427218\n|move|p1a: Glimmora|Spiky Shield|p1a: Glimmora\n|-singleturn|p1a: Glimmora|move: Protect\n|move|p2a: Ninetales|Blizzard|p1a: Glimmora\n|-activate|p1a: Glimmora|move: Protect\n|\n|-heal|p1a: Glimmora|34\/100|[from] item: Leftovers\n|upkeep\n|turn|8\n|\n|t:|1700427226\n|move|p2a: Ninetales|Blizzard|p1a: Glimmora\n|-damage|p1a: Glimmora|0 fnt\n|faint|p1a: Glimmora\n|\n|-sideend|p2: Oreca2005|move: Aurora Veil\n|upkeep\n|\n|t:|1700427243\n|switch|p1a: Gyarados|Gyarados, M|100\/100\n|turn|9\n|\n|t:|1700427250\n|move|p2a: Ninetales|Moonblast|p1a: Gyarados\n|-damage|p1a: Gyarados|62\/100\n|-unboost|p1a: Gyarados|spa|1\n|move|p1a: Gyarados|Dragon Dance|p1a: Gyarados\n|-boost|p1a: Gyarados|atk|1\n|-boost|p1a: Gyarados|spe|1\n|\n|upkeep\n|turn|10\n|\n|t:|1700427260\n|switch|p2a: Garchomp|Garchomp, F|100\/100\n|-damage|p2a: Garchomp|94\/100|[from] Stealth Rock\n|-damage|p2a: Garchomp|69\/100|[from] Spikes\n|move|p1a: Gyarados|Waterfall|p2a: Garchomp\n|-damage|p2a: Garchomp|0 fnt\n|-damage|p1a: Gyarados|49\/100|[from] ability: Rough Skin|[of] p2a: Garchomp\n|faint|p2a: Garchomp\n|-ability|p1a: Gyarados|Moxie|boost\n|-boost|p1a: Gyarados|atk|1\n|-damage|p1a: Gyarados|39\/100|[from] item: Life Orb\n|\n|upkeep\n|\n|t:|1700427277\n|switch|p2a: Ogerpon|Ogerpon-Wellspring, F|100\/100\n|-damage|p2a: Ogerpon|88\/100|[from] Stealth Rock\n|-damage|p2a: Ogerpon|63\/100|[from] Spikes\n|turn|11\n|\n|t:|1700427284\n|move|p1a: Gyarados|Crunch|p2a: Ogerpon\n|-damage|p2a: Ogerpon|0 fnt\n|faint|p2a: Ogerpon\n|-ability|p1a: Gyarados|Moxie|boost\n|-boost|p1a: Gyarados|atk|1\n|-damage|p1a: Gyarados|29\/100|[from] item: Life Orb\n|\n|upkeep\n|\n|t:|1700427293\n|switch|p2a: Ceruledge|Ceruledge, F|100\/100\n|-damage|p2a: Ceruledge|76\/100|[from] Stealth Rock\n|-damage|p2a: Ceruledge|51\/100|[from] Spikes\n|turn|12\n|\n|t:|1700427299\n|move|p2a: Ceruledge|Shadow Sneak|p1a: Gyarados\n|-damage|p1a: Gyarados|0 fnt\n|faint|p1a: Gyarados\n|-damage|p2a: Ceruledge|41\/100|[from] item: Life Orb\n|\n|upkeep\n|\n|t:|1700427310\n|switch|p1a: Great Tusk|Great Tusk|100\/100\n|turn|13\n|\n|t:|1700427317\n|move|p2a: Ceruledge|Iron Defense|p2a: Ceruledge\n|-boost|p2a: Ceruledge|def|2\n|move|p1a: Great Tusk|Earthquake|p2a: Ceruledge\n|-supereffective|p2a: Ceruledge\n|-damage|p2a: Ceruledge|0 fnt\n|faint|p2a: Ceruledge\n|\n|upkeep\n|\n|t:|1700427324\n|switch|p2a: Sneasler|Sneasler, M|100\/100\n|-damage|p2a: Sneasler|95\/100|[from] Stealth Rock\n|-damage|p2a: Sneasler|70\/100|[from] Spikes\n|turn|14\n|\n|t:|1700427333\n|-terastallize|p2a: Sneasler|Flying\n|move|p2a: Sneasler|Close Combat|p1a: Great Tusk\n|-damage|p1a: Great Tusk|69\/100\n|-unboost|p2a: Sneasler|def|1\n|-unboost|p2a: Sneasler|spd|1\n|-enditem|p2a: Sneasler|White Herb\n|-clearnegativeboost|p2a: Sneasler|[silent]\n|move|p1a: Great Tusk|Earthquake|p2a: Sneasler\n|-immune|p2a: Sneasler\n|\n|upkeep\n|turn|15\n|\n|t:|1700427344\n|move|p2a: Sneasler|Swords Dance|p2a: Sneasler\n|-boost|p2a: Sneasler|atk|2\n|move|p1a: Great Tusk|Knock Off|p2a: Sneasler\n|-damage|p2a: Sneasler|31\/100\n|\n|upkeep\n|turn|16\n|\n|t:|1700427351\n|move|p2a: Sneasler|Acrobatics|p1a: Great Tusk\n|-supereffective|p1a: Great Tusk\n|-damage|p1a: Great Tusk|0 fnt\n|faint|p1a: Great Tusk\n|-end|p1a: Great Tusk|Protosynthesis|[silent]\n|\n|upkeep\n|\n|t:|1700427365\n|switch|p1a: Ogerpon|Ogerpon-Wellspring, F|100\/100\n|turn|17\n|\n|t:|1700427369\n|move|p1a: Ogerpon|Spiky Shield|p1a: Ogerpon\n|-singleturn|p1a: Ogerpon|move: Protect\n|move|p2a: Sneasler|Acrobatics|p1a: Ogerpon\n|-activate|p1a: Ogerpon|move: Protect\n|-damage|p2a: Sneasler|19\/100|[from] Spiky Shield|[of] p1a: Ogerpon\n|\n|upkeep\n|turn|18\n|\n|t:|1700427382\n|-terastallize|p1a: Ogerpon|Water\n|detailschange|p1a: Ogerpon|Ogerpon-Wellspring-Tera, F, tera:Water\n|-ability|p1a: Ogerpon|Embody Aspect (Wellspring)|boost\n|-boost|p1a: Ogerpon|spd|1\n|move|p2a: Sneasler|Dire Claw|p1a: Ogerpon\n|-damage|p1a: Ogerpon|11\/100\n|-status|p1a: Ogerpon|par\n|move|p1a: Ogerpon|Horn Leech|p2a: Sneasler\n|-resisted|p2a: Sneasler\n|-damage|p2a: Sneasler|0 fnt\n|-heal|p1a: Ogerpon|18\/100 par|[from] drain|[of] p2a: Sneasler\n|faint|p2a: Sneasler\n|\n|upkeep\n|\n|t:|1700427397\n|switch|p2a: Ninetales|Ninetales-Alola, F|63\/100\n|-damage|p2a: Ninetales|38\/100|[from] Stealth Rock\n|-damage|p2a: Ninetales|13\/100|[from] Spikes\n|-weather|Snow|[from] ability: Snow Warning|[of] p2a: Ninetales\n|turn|19\n|\n|t:|1700427405\n|move|p2a: Ninetales|Aurora Veil|p2a: Ninetales\n|-sidestart|p2: Oreca2005|move: Aurora Veil\n|move|p1a: Ogerpon|Ivy Cudgel|p2a: Ninetales|[anim] Ivy Cudgel Water\n|-damage|p2a: Ninetales|0 fnt\n|faint|p2a: Ninetales\n|\n|-weather|Snow|[upkeep]\n|upkeep\n|\n|t:|1700427411\n|switch|p2a: Iron Valiant|Iron Valiant|100\/100\n|-damage|p2a: Iron Valiant|94\/100|[from] Stealth Rock\n|-damage|p2a: Iron Valiant|69\/100|[from] Spikes\n|-enditem|p2a: Iron Valiant|Booster Energy\n|-activate|p2a: Iron Valiant|ability: Quark Drive|[fromitem]\n|-start|p2a: Iron Valiant|quarkdrivespe\n|turn|20\n|\n|t:|1700427418\n|move|p1a: Ogerpon|Spiky Shield|p1a: Ogerpon\n|-singleturn|p1a: Ogerpon|move: Protect\n|move|p2a: Iron Valiant|Spirit Break|p1a: Ogerpon\n|-activate|p1a: Ogerpon|move: Protect\n|-damage|p2a: Iron Valiant|57\/100|[from] Spiky Shield|[of] p1a: Ogerpon\n|\n|-weather|Snow|[upkeep]\n|upkeep\n|turn|21\n|\n|t:|1700427427\n|move|p2a: Iron Valiant|Shadow Sneak|p1a: Ogerpon\n|-damage|p1a: Ogerpon|2\/100 par\n|move|p1a: Ogerpon|Leech Seed|p2a: Iron Valiant\n|-start|p2a: Iron Valiant|move: Leech Seed\n|\n|-weather|Snow|[upkeep]\n|-damage|p2a: Iron Valiant|44\/100|[from] Leech Seed|[of] p1a: Ogerpon\n|-heal|p1a: Ogerpon|12\/100 par|[silent]\n|upkeep\n|turn|22\n|\n|t:|1700427433\n|cant|p1a: Ogerpon|par\n|move|p2a: Iron Valiant|Shadow Sneak|p1a: Ogerpon\n|-damage|p1a: Ogerpon|0 fnt\n|faint|p1a: Ogerpon\n|\n|-weather|Snow|[upkeep]\n|upkeep\n|\n|t:|1700427443\n|switch|p1a: Rotom|Rotom-Wash|100\/100\n|turn|23\n|\n|t:|1700427450\n|move|p2a: Iron Valiant|Knock Off|p1a: Rotom\n|-damage|p1a: Rotom|55\/100\n|-enditem|p1a: Rotom|Choice Specs|[from] move: Knock Off|[of] p2a: Iron Valiant\n|move|p1a: Rotom|Shadow Ball|p2a: Iron Valiant\n|-damage|p2a: Iron Valiant|24\/100\n|\n|-weather|none\n|-damage|p2a: Iron Valiant|12\/100|[from] Leech Seed|[of] p1a: Rotom\n|-heal|p1a: Rotom|70\/100|[silent]\n|upkeep\n|turn|24\n|\n|t:|1700427461\n|move|p2a: Iron Valiant|Close Combat|p1a: Rotom\n|-damage|p1a: Rotom|0 fnt\n|-unboost|p2a: Iron Valiant|def|1\n|-unboost|p2a: Iron Valiant|spd|1\n|faint|p1a: Rotom\n|\n|upkeep\n|\n|t:|1700427464\n|switch|p1a: Sinistcha|Sinistcha|100\/100\n|turn|25\n|\n|t:|1700427468\n|move|p1a: Sinistcha|Protect|p1a: Sinistcha\n|-singleturn|p1a: Sinistcha|Protect\n|move|p2a: Iron Valiant|Knock Off|p1a: Sinistcha\n|-activate|p1a: Sinistcha|move: Protect\n|\n|-damage|p2a: Iron Valiant|0 fnt|[from] Leech Seed|[of] p1a: Sinistcha\n|faint|p2a: Iron Valiant\n|-end|p2a: Iron Valiant|Quark Drive|[silent]\n|\n|win|TImAndMobyBrainPop\n|upkeep\n|l|\u2606TImAndMobyBrainPop\n","uploadtime":1700427485,"views":16,"p1id":"timandmobybrainpop","p2id":"oreca2005","formatid":"gen9ou","rating":0,"private":0,"password":""}