{"id":"gen9ou-1994686609","p1":"Zecknomes","p2":"Izhzlzhdudh","format":"[Gen 9] OU","log":"|j|\u2606Zecknomes\n|j|\u2606Izhzlzhdudh\n|t:|1700480983\n|gametype|singles\n|player|p1|Zecknomes|iris|1271\n|player|p2|Izhzlzhdudh|harlequin|1138\n|teamsize|p1|6\n|teamsize|p2|6\n|gen|9\n|tier|[Gen 9] OU\n|rated|\n|rule|Sleep Clause Mod: Limit one foe put to sleep\n|rule|Species Clause: Limit one of each Pok\u00e9mon\n|rule|OHKO Clause: OHKO moves are banned\n|rule|Evasion Items Clause: Evasion items are banned\n|rule|Evasion Moves Clause: Evasion moves are banned\n|rule|Endless Battle Clause: Forcing endless battles is banned\n|rule|HP Percentage Mod: HP is shown in percentages\n|clearpoke\n|poke|p1|Ribombee, F|\n|poke|p1|Great Tusk|\n|poke|p1|Gholdengo|\n|poke|p1|Empoleon, F|\n|poke|p1|Manaphy|\n|poke|p1|Dragapult, F|\n|poke|p2|Meowscarada, M|\n|poke|p2|Dragapult, M|\n|poke|p2|Iron Treads|\n|poke|p2|Scream Tail|\n|poke|p2|Cinderace, M|\n|poke|p2|Zapdos|\n|teampreview\n|\n|t:|1700480992\n|start\n|switch|p1a: Sensualit\u00e9|Ribombee, F|100\/100\n|switch|p2a: Iron Treads|Iron Treads|100\/100\n|turn|1\n|\n|t:|1700480997\n|move|p1a: Sensualit\u00e9|Sticky Web|p2a: Iron Treads\n|-sidestart|p2: Izhzlzhdudh|move: Sticky Web\n|move|p2a: Iron Treads|Rapid Spin|p1a: Sensualit\u00e9\n|-damage|p1a: Sensualit\u00e9|81\/100\n|-boost|p2a: Iron Treads|spe|1\n|-sideend|p2: Izhzlzhdudh|Sticky Web|[from] move: Rapid Spin|[of] p2a: Iron Treads\n|\n|upkeep\n|turn|2\n|\n|t:|1700481000\n|move|p2a: Iron Treads|Stealth Rock|p1a: Sensualit\u00e9\n|-sidestart|p1: Zecknomes|move: Stealth Rock\n|move|p1a: Sensualit\u00e9|Sticky Web|p2a: Iron Treads\n|-sidestart|p2: Izhzlzhdudh|move: Sticky Web\n|\n|upkeep\n|turn|3\n|\n|t:|1700481002\n|switch|p1a: L'homme press\u00e9|Gholdengo|100\/100\n|-damage|p1a: L'homme press\u00e9|94\/100|[from] Stealth Rock\n|-item|p1a: L'homme press\u00e9|Air Balloon\n|move|p2a: Iron Treads|Rapid Spin|p1a: L'homme press\u00e9\n|-immune|p1a: L'homme press\u00e9\n|\n|upkeep\n|turn|4\n|\n|t:|1700481007\n|move|p2a: Iron Treads|Steel Beam|p1a: L'homme press\u00e9\n|-resisted|p1a: L'homme press\u00e9\n|-damage|p1a: L'homme press\u00e9|72\/100\n|-enditem|p1a: L'homme press\u00e9|Air Balloon\n|-damage|p2a: Iron Treads|50\/100|[from] steelbeam\n|move|p1a: L'homme press\u00e9|Shadow Ball|p2a: Iron Treads\n|-damage|p2a: Iron Treads|0 fnt\n|faint|p2a: Iron Treads\n|-end|p2a: Iron Treads|Quark Drive|[silent]\n|\n|upkeep\n|\n|t:|1700481016\n|switch|p2a: Cinderace|Cinderace, M|100\/100\n|turn|5\n|\n|t:|1700481019\n|switch|p1a: My will be done|Great Tusk|100\/100\n|-damage|p1a: My will be done|98\/100|[from] Stealth Rock\n|move|p2a: Cinderace|Pyro Ball|p1a: My will be done\n|-damage|p1a: My will be done|63\/100\n|\n|-heal|p1a: My will be done|70\/100|[from] item: Leftovers\n|upkeep\n|turn|6\n|\n|t:|1700481023\n|switch|p2a: Zapdos|Zapdos|100\/100\n|move|p1a: My will be done|Knock Off|p2a: Zapdos\n|-damage|p2a: Zapdos|79\/100\n|-damage|p1a: My will be done|53\/100|[from] item: Rocky Helmet|[of] p2a: Zapdos\n|-status|p1a: My will be done|par|[from] ability: Static|[of] p2a: Zapdos\n|-enditem|p2a: Zapdos|Rocky Helmet|[from] move: Knock Off|[of] p1a: My will be done\n|\n|-heal|p1a: My will be done|59\/100 par|[from] item: Leftovers\n|upkeep\n|turn|7\n|\n|t:|1700481028\n|-end|p1a: My will be done|Protosynthesis|[silent]\n|switch|p1a: Empoleon|Empoleon, F|100\/100\n|-damage|p1a: Empoleon|94\/100|[from] Stealth Rock\n|move|p2a: Zapdos|Volt Switch|p1a: Empoleon\n|-supereffective|p1a: Empoleon\n|-damage|p1a: Empoleon|59\/100\n|\n|t:|1700481033\n|switch|p2a: Cinderace|Cinderace, M|100\/100|[from] Volt Switch\n|\n|-heal|p1a: Empoleon|65\/100|[from] item: Leftovers\n|upkeep\n|turn|8\n|\n|t:|1700481039\n|switch|p1a: My will be done|Great Tusk|59\/100 par\n|-damage|p1a: My will be done|56\/100 par|[from] Stealth Rock\n|move|p2a: Cinderace|U-turn|p1a: My will be done\n|-start|p2a: Cinderace|typechange|Bug|[from] ability: Libero\n|-resisted|p1a: My will be done\n|-damage|p1a: My will be done|46\/100 par\n|\n|t:|1700481041\n|switch|p2a: Zapdos|Zapdos|79\/100|[from] U-turn\n|\n|-heal|p1a: My will be done|52\/100 par|[from] item: Leftovers\n|upkeep\n|turn|9\n|\n|t:|1700481048\n|move|p2a: Zapdos|Hurricane|p1a: My will be done\n|-supereffective|p1a: My will be done\n|-damage|p1a: My will be done|0 fnt\n|faint|p1a: My will be done\n|-end|p1a: My will be done|Protosynthesis|[silent]\n|\n|upkeep\n|\n|t:|1700481052\n|switch|p1a: Dragapult|Dragapult, F|100\/100\n|-damage|p1a: Dragapult|88\/100|[from] Stealth Rock\n|turn|10\n|\n|t:|1700481058\n|move|p1a: Dragapult|Dragon Darts|p2a: Zapdos\n|-damage|p2a: Zapdos|52\/100\n|-anim|p1a: Dragapult|Dragon Darts|p2a: Zapdos\n|-damage|p2a: Zapdos|23\/100\n|move|p2a: Zapdos|Hurricane|p1a: Dragapult|[miss]\n|-miss|p2a: Zapdos|p1a: Dragapult\n|\n|upkeep\n|turn|11\n|\n|t:|1700481064\n|switch|p2a: Scream Tail|Scream Tail|100\/100\n|-activate|p2a: Scream Tail|move: Sticky Web\n|-unboost|p2a: Scream Tail|spe|1\n|move|p1a: Dragapult|Dragon Darts|p2a: Scream Tail\n|-immune|p2a: Scream Tail\n|\n|upkeep\n|turn|12\n|\n|t:|1700481068\n|switch|p1a: L'homme press\u00e9|Gholdengo|72\/100\n|-damage|p1a: L'homme press\u00e9|66\/100|[from] Stealth Rock\n|move|p2a: Scream Tail|Wish|p2a: Scream Tail\n|\n|upkeep\n|turn|13\n|\n|t:|1700481073\n|-end|p2a: Scream Tail|Protosynthesis|[silent]\n|switch|p2a: Cinderace|Cinderace, M|100\/100\n|move|p1a: L'homme press\u00e9|Shadow Ball|p2a: Cinderace\n|-damage|p2a: Cinderace|37\/100\n|\n|-heal|p2a: Cinderace|100\/100|[from] move: Wish|[wisher] Scream Tail\n|upkeep\n|turn|14\n|\n|t:|1700481078\n|switch|p1a: Manaphy|Manaphy|100\/100\n|-damage|p1a: Manaphy|88\/100|[from] Stealth Rock\n|move|p2a: Cinderace|Pyro Ball|p1a: Manaphy\n|-resisted|p1a: Manaphy\n|-damage|p1a: Manaphy|62\/100\n|\n|-heal|p1a: Manaphy|68\/100|[from] item: Leftovers\n|upkeep\n|turn|15\n|\n|t:|1700481080\n|move|p2a: Cinderace|U-turn|p1a: Manaphy\n|-start|p2a: Cinderace|typechange|Bug|[from] ability: Libero\n|-damage|p1a: Manaphy|39\/100\n|\n|t:|1700481086\n|switch|p2a: Zapdos|Zapdos|23\/100|[from] U-turn\n|move|p1a: Manaphy|Acid Armor|p1a: Manaphy\n|-boost|p1a: Manaphy|def|2\n|\n|-heal|p1a: Manaphy|45\/100|[from] item: Leftovers\n|upkeep\n|turn|16\n|\n|t:|1700481090\n|switch|p1a: L'homme press\u00e9|Gholdengo|66\/100\n|-damage|p1a: L'homme press\u00e9|60\/100|[from] Stealth Rock\n|move|p2a: Zapdos|Volt Switch|p1a: L'homme press\u00e9\n|-damage|p1a: L'homme press\u00e9|31\/100\n|\n|t:|1700481092\n|switch|p2a: Cinderace|Cinderace, M|100\/100|[from] Volt Switch\n|\n|upkeep\n|turn|17\n|\n|t:|1700481096\n|move|p2a: Cinderace|Pyro Ball|p1a: L'homme press\u00e9\n|-supereffective|p1a: L'homme press\u00e9\n|-damage|p1a: L'homme press\u00e9|0 fnt\n|faint|p1a: L'homme press\u00e9\n|\n|upkeep\n|\n|t:|1700481100\n|switch|p1a: Dragapult|Dragapult, F|88\/100\n|-damage|p1a: Dragapult|76\/100|[from] Stealth Rock\n|turn|18\n|\n|t:|1700481104\n|switch|p2a: Zapdos|Zapdos|23\/100\n|move|p1a: Dragapult|Dragon Darts|p2a: Zapdos\n|-damage|p2a: Zapdos|0 fnt\n|faint|p2a: Zapdos\n|\n|upkeep\n|\n|t:|1700481107\n|switch|p2a: Scream Tail|Scream Tail|100\/100\n|-activate|p2a: Scream Tail|move: Sticky Web\n|-unboost|p2a: Scream Tail|spe|1\n|turn|19\n|\n|t:|1700481111\n|switch|p1a: Empoleon|Empoleon, F|65\/100\n|-damage|p1a: Empoleon|59\/100|[from] Stealth Rock\n|move|p2a: Scream Tail|Thunder Wave|p1a: Empoleon\n|-status|p1a: Empoleon|par\n|\n|-heal|p1a: Empoleon|65\/100 par|[from] item: Leftovers\n|upkeep\n|turn|20\n|\n|t:|1700481119\n|-end|p2a: Scream Tail|Protosynthesis|[silent]\n|switch|p2a: Meowscarada|Meowscarada, M|100\/100\n|-activate|p2a: Meowscarada|move: Sticky Web\n|-unboost|p2a: Meowscarada|spe|1\n|move|p1a: Empoleon|Flip Turn|p2a: Meowscarada\n|-resisted|p2a: Meowscarada\n|-damage|p2a: Meowscarada|86\/100\n|\n|t:|1700481125\n|switch|p1a: Dragapult|Dragapult, F|76\/100|[from] Flip Turn\n|-damage|p1a: Dragapult|64\/100|[from] Stealth Rock\n|\n|upkeep\n|turn|21\n|\n|t:|1700481130\n|switch|p2a: Scream Tail|Scream Tail|100\/100\n|-activate|p2a: Scream Tail|move: Sticky Web\n|-unboost|p2a: Scream Tail|spe|1\n|move|p1a: Dragapult|U-turn|p2a: Scream Tail\n|-damage|p2a: Scream Tail|73\/100\n|\n|t:|1700481133\n|switch|p1a: Manaphy|Manaphy|45\/100|[from] U-turn\n|-damage|p1a: Manaphy|33\/100|[from] Stealth Rock\n|\n|-heal|p1a: Manaphy|39\/100|[from] item: Leftovers\n|-heal|p2a: Scream Tail|79\/100|[from] item: Leftovers\n|upkeep\n|turn|22\n|\n|t:|1700481137\n|move|p1a: Manaphy|Take Heart|p1a: Manaphy\n|-boost|p1a: Manaphy|spa|1\n|-boost|p1a: Manaphy|spd|1\n|move|p2a: Scream Tail|Encore|p1a: Manaphy\n|-start|p1a: Manaphy|Encore\n|\n|-heal|p1a: Manaphy|45\/100|[from] item: Leftovers\n|-heal|p2a: Scream Tail|85\/100|[from] item: Leftovers\n|upkeep\n|turn|23\n|\n|t:|1700481142\n|-end|p2a: Scream Tail|Protosynthesis|[silent]\n|switch|p2a: Cinderace|Cinderace, M|100\/100\n|move|p1a: Manaphy|Take Heart|p1a: Manaphy\n|-boost|p1a: Manaphy|spa|1\n|-boost|p1a: Manaphy|spd|1\n|\n|-heal|p1a: Manaphy|51\/100|[from] item: Leftovers\n|upkeep\n|turn|24\n|\n|t:|1700481146\n|move|p2a: Cinderace|Court Change|p2a: Cinderace\n|-start|p2a: Cinderace|typechange|Normal|[from] ability: Libero\n|-swapsideconditions\n|-activate|p2a: Cinderace|move: Court Change\n|move|p1a: Manaphy|Take Heart|p1a: Manaphy\n|-boost|p1a: Manaphy|spa|1\n|-boost|p1a: Manaphy|spd|1\n|\n|-heal|p1a: Manaphy|57\/100|[from] item: Leftovers\n|upkeep\n|turn|25\n|\n|t:|1700481150\n|move|p2a: Cinderace|U-turn|p1a: Manaphy\n|-damage|p1a: Manaphy|40\/100\n|\n|t:|1700481153\n|switch|p2a: Meowscarada|Meowscarada, M|86\/100|[from] U-turn\n|-damage|p2a: Meowscarada|74\/100|[from] Stealth Rock\n|move|p1a: Manaphy|Take Heart|p1a: Manaphy\n|-boost|p1a: Manaphy|spa|1\n|-boost|p1a: Manaphy|spd|1\n|\n|-heal|p1a: Manaphy|46\/100|[from] item: Leftovers\n|-end|p1a: Manaphy|Encore\n|upkeep\n|turn|26\n|\n|t:|1700481157\n|-terastallize|p2a: Meowscarada|Grass\n|-terastallize|p1a: Manaphy|Grass\n|move|p2a: Meowscarada|Flower Trick|p1a: Manaphy\n|-resisted|p1a: Manaphy\n|-crit|p1a: Manaphy\n|-damage|p1a: Manaphy|4\/100\n|move|p1a: Manaphy|Acid Armor|p1a: Manaphy\n|-boost|p1a: Manaphy|def|2\n|\n|-heal|p1a: Manaphy|10\/100|[from] item: Leftovers\n|upkeep\n|turn|27\n|\n|t:|1700481166\n|move|p2a: Meowscarada|Flower Trick|p1a: Manaphy\n|-resisted|p1a: Manaphy\n|-crit|p1a: Manaphy\n|-damage|p1a: Manaphy|0 fnt\n|faint|p1a: Manaphy\n|\n|upkeep\n|\n|t:|1700481168\n|switch|p1a: Dragapult|Dragapult, F|64\/100\n|-activate|p1a: Dragapult|move: Sticky Web\n|-unboost|p1a: Dragapult|spe|1\n|turn|28\n|\n|t:|1700481171\n|move|p1a: Dragapult|Sucker Punch|p2a: Meowscarada\n|-damage|p2a: Meowscarada|22\/100\n|move|p2a: Meowscarada|Flower Trick|p1a: Dragapult\n|-resisted|p1a: Dragapult\n|-crit|p1a: Dragapult\n|-damage|p1a: Dragapult|0 fnt\n|faint|p1a: Dragapult\n|\n|upkeep\n|-message|Zecknomes forfeited.\n|\n|win|Izhzlzhdudh\n|raw|Zecknomes's rating: 1271 &rarr; <strong>1237<\/strong><br \/>(-34 for losing)\n|raw|Izhzlzhdudh's rating: 1138 &rarr; <strong>1172<\/strong><br \/>(+34 for winning)\n|l|\u2606Zecknomes\n","uploadtime":1700481181,"views":11,"p1id":"zecknomes","p2id":"izhzlzhdudh","formatid":"gen9ou","rating":1172,"private":0,"password":""}