{"id":"gen9ou-1992538938","p1":"CrushMeGoodra","p2":"BeardoftheRed","format":"[Gen 9] OU","log":"|j|\u2606CrushMeGoodra\n|j|\u2606BeardoftheRed\n|t:|1700201954\n|gametype|singles\n|player|p1|CrushMeGoodra|poppy|\n|player|p2|BeardoftheRed|170|\n|teamsize|p1|6\n|teamsize|p2|6\n|gen|9\n|tier|[Gen 9] OU\n|rule|Sleep Clause Mod: Limit one foe put to sleep\n|rule|Species Clause: Limit one of each Pok\u00e9mon\n|rule|OHKO Clause: OHKO moves are banned\n|rule|Evasion Items Clause: Evasion items are banned\n|rule|Evasion Moves Clause: Evasion moves are banned\n|rule|Endless Battle Clause: Forcing endless battles is banned\n|rule|HP Percentage Mod: HP is shown in percentages\n|clearpoke\n|poke|p1|Ceruledge, F|\n|poke|p1|Kommo-o, M|\n|poke|p1|Grimmsnarl, M|\n|poke|p1|Gyarados, M|\n|poke|p1|Bisharp, M|\n|poke|p1|Torterra, M|\n|poke|p2|Cinderace, F|\n|poke|p2|Glimmora, F|\n|poke|p2|Breloom, F|\n|poke|p2|Scizor, F|\n|poke|p2|Toedscruel, F|\n|poke|p2|Mimikyu, F|\n|teampreview\n|inactive|Battle timer is ON: inactive players will automatically lose when time's up. (requested by BeardoftheRed)\n|j| S3PP1\n|\n|t:|1700201958\n|start\n|switch|p1a: Rar|Grimmsnarl, M|100\/100\n|switch|p2a: Toedscruel|Toedscruel, F|100\/100\n|turn|1\n|\n|t:|1700201963\n|move|p1a: Rar|Taunt|p2a: Toedscruel\n|-start|p2a: Toedscruel|move: Taunt\n|move|p2a: Toedscruel|Earth Power|p1a: Rar\n|-damage|p1a: Rar|73\/100\n|\n|upkeep\n|turn|2\n|\n|t:|1700201973\n|move|p1a: Rar|Light Screen|p1a: Rar\n|-sidestart|p1: CrushMeGoodra|move: Light Screen\n|move|p2a: Toedscruel|Sludge Bomb|p1a: Rar\n|-supereffective|p1a: Rar\n|-damage|p1a: Rar|55\/100\n|-status|p1a: Rar|psn\n|\n|-damage|p1a: Rar|43\/100 psn|[from] psn\n|upkeep\n|turn|3\n|\n|t:|1700201985\n|move|p1a: Rar|Reflect|p1a: Rar\n|-sidestart|p1: CrushMeGoodra|Reflect\n|move|p2a: Toedscruel|Rapid Spin|p1a: Rar\n|-damage|p1a: Rar|38\/100 psn\n|-boost|p2a: Toedscruel|spe|1\n|\n|-damage|p1a: Rar|25\/100 psn|[from] psn\n|-end|p2a: Toedscruel|move: Taunt\n|upkeep\n|turn|4\n|j| Kireno7\n|\n|t:|1700202001\n|switch|p2a: Mimikyu|Mimikyu, F|100\/100\n|move|p1a: Rar|Parting Shot|p2a: Mimikyu\n|-unboost|p2a: Mimikyu|atk|1\n|-unboost|p2a: Mimikyu|spa|1\n|\n|t:|1700202021\n|switch|p1a: Tree|Torterra, M|100\/100|[from] Parting Shot\n|\n|upkeep\n|turn|5\n|l| Kireno7\n|\n|t:|1700202030\n|-terastallize|p2a: Mimikyu|Ghost\n|move|p2a: Mimikyu|Shadow Sneak|p1a: Tree\n|-damage|p1a: Tree|91\/100\n|-damage|p2a: Mimikyu|91\/100|[from] item: Life Orb\n|move|p1a: Tree|Shell Smash|p1a: Tree\n|-unboost|p1a: Tree|def|1\n|-unboost|p1a: Tree|spd|1\n|-boost|p1a: Tree|atk|2\n|-boost|p1a: Tree|spa|2\n|-boost|p1a: Tree|spe|2\n|\n|upkeep\n|turn|6\n|\n|t:|1700202045\n|move|p1a: Tree|Bullet Seed|p2a: Mimikyu\n|-activate|p2a: Mimikyu|ability: Disguise\n|-damage|p2a: Mimikyu|91\/100\n|detailschange|p2a: Mimikyu|Mimikyu-Busted, F, tera:Ghost\n|-damage|p2a: Mimikyu|78\/100|[from] pokemon: Mimikyu-Busted\n|-damage|p2a: Mimikyu|36\/100\n|-damage|p2a: Mimikyu|0 fnt\n|faint|p2a: Mimikyu\n|-hitcount|p2: Mimikyu|3\n|\n|upkeep\n|\n|t:|1700202057\n|switch|p2a: Glimmora|Glimmora, F|100\/100\n|turn|7\n|\n|t:|1700202065\n|move|p1a: Tree|Bullet Seed|p2a: Glimmora\n|-crit|p2a: Glimmora\n|-damage|p2a: Glimmora|55\/100\n|-activate|p2a: Glimmora|ability: Toxic Debris\n|-sidestart|p1: CrushMeGoodra|move: Toxic Spikes\n|-damage|p2a: Glimmora|26\/100\n|-activate|p2a: Glimmora|ability: Toxic Debris\n|-sidestart|p1: CrushMeGoodra|move: Toxic Spikes\n|-damage|p2a: Glimmora|0 fnt\n|faint|p2a: Glimmora\n|-hitcount|p2: Glimmora|3\n|\n|upkeep\n|\n|t:|1700202076\n|switch|p2a: Scizor|Scizor, F|100\/100\n|turn|8\n|\n|t:|1700202093\n|move|p2a: Scizor|Bullet Punch|p1a: Tree\n|-damage|p1a: Tree|76\/100\n|move|p1a: Tree|Rock Blast|p2a: Scizor\n|-crit|p2a: Scizor\n|-damage|p2a: Scizor|75\/100\n|-damage|p2a: Scizor|59\/100\n|-damage|p2a: Scizor|43\/100\n|-damage|p2a: Scizor|27\/100\n|-damage|p2a: Scizor|10\/100\n|-hitcount|p2a: Scizor|5\n|\n|-heal|p2a: Scizor|16\/100|[from] item: Leftovers\n|upkeep\n|turn|9\n|\n|t:|1700202105\n|move|p1a: Tree|Headlong Rush|p2a: Scizor\n|-damage|p2a: Scizor|0 fnt\n|-unboost|p1a: Tree|def|1\n|-unboost|p1a: Tree|spd|1\n|faint|p2a: Scizor\n|\n|-sideend|p1: CrushMeGoodra|move: Light Screen\n|upkeep\n|\n|t:|1700202111\n|switch|p2a: Toedscruel|Toedscruel, F|100\/100\n|turn|10\n|\n|t:|1700202118\n|move|p1a: Tree|Bullet Seed|p2a: Toedscruel\n|-damage|p2a: Toedscruel|57\/100\n|-damage|p2a: Toedscruel|14\/100\n|-damage|p2a: Toedscruel|0 fnt\n|faint|p2a: Toedscruel\n|-hitcount|p2: Toedscruel|3\n|\n|-sideend|p1: CrushMeGoodra|Reflect\n|upkeep\n|\n|t:|1700202122\n|switch|p2a: Cinderace|Cinderace, F|100\/100\n|turn|11\n|\n|t:|1700202126\n|move|p1a: Tree|Headlong Rush|p2a: Cinderace\n|-supereffective|p2a: Cinderace\n|-damage|p2a: Cinderace|0 fnt\n|-unboost|p1a: Tree|def|1\n|-unboost|p1a: Tree|spd|1\n|faint|p2a: Cinderace\n|\n|upkeep\n|\n|t:|1700202129\n|switch|p2a: Breloom|Breloom, F|100\/100\n|turn|12\n|\n|t:|1700202137\n|move|p1a: Tree|Headlong Rush|p2a: Breloom\n|-resisted|p2a: Breloom\n|-damage|p2a: Breloom|47\/100\n|-unboost|p1a: Tree|def|1\n|-unboost|p1a: Tree|spd|1\n|move|p2a: Breloom|Substitute|p2a: Breloom\n|-start|p2a: Breloom|Substitute\n|-damage|p2a: Breloom|22\/100\n|\n|-status|p2a: Breloom|tox|[from] item: Toxic Orb\n|upkeep\n|turn|13\n|\n|t:|1700202142\n|move|p1a: Tree|Bullet Seed|p2a: Breloom\n|-resisted|p2a: Breloom\n|-activate|p2a: Breloom|move: Substitute|[damage]\n|-resisted|p2a: Breloom\n|-end|p2a: Breloom|Substitute\n|-resisted|p2a: Breloom\n|-damage|p2a: Breloom|9\/100 tox\n|-resisted|p2a: Breloom\n|-damage|p2a: Breloom|0 fnt\n|faint|p2a: Breloom\n|-hitcount|p2: Breloom|4\n|\n|win|CrushMeGoodra\n|l|\u2606BeardoftheRed\n|l| S3PP1\n","uploadtime":1700202172,"views":9,"p1id":"crushmegoodra","p2id":"beardofthered","formatid":"gen9ou","rating":0,"private":0,"password":""}