{"id":"gen9ou-1990478509","p1":"torebi","p2":"bananaszn","format":"[Gen 9] OU","log":"|j|\u2606torebi\n|j|\u2606bananaszn\n|t:|1699974686\n|gametype|singles\n|player|p1|torebi|red|1078\n|player|p2|bananaszn|brycen|1039\n|teamsize|p1|6\n|teamsize|p2|6\n|gen|9\n|tier|[Gen 9] OU\n|rated|\n|rule|Sleep Clause Mod: Limit one foe put to sleep\n|rule|Species Clause: Limit one of each Pok\u00e9mon\n|rule|OHKO Clause: OHKO moves are banned\n|rule|Evasion Items Clause: Evasion items are banned\n|rule|Evasion Moves Clause: Evasion moves are banned\n|rule|Endless Battle Clause: Forcing endless battles is banned\n|rule|HP Percentage Mod: HP is shown in percentages\n|clearpoke\n|poke|p1|Zamazenta-*|\n|poke|p1|Mandibuzz, F|\n|poke|p1|Espeon, M|\n|poke|p1|Mienshao, M|\n|poke|p1|Milotic, F|\n|poke|p1|Lucario, F|\n|poke|p2|Ogerpon-Wellspring, F|\n|poke|p2|Corviknight, M|\n|poke|p2|Heatran, F|\n|poke|p2|Alomomola, F|\n|poke|p2|Ting-Lu|\n|poke|p2|Landorus-Therian, M|\n|teampreview\n|inactive|Battle timer is ON: inactive players will automatically lose when time's up. (requested by torebi)\n|inactive|bananaszn has 120 seconds left.\n|\n|t:|1699974734\n|start\n|switch|p1a: Milotic|Milotic, F|100\/100\n|switch|p2a: Alomomola|Alomomola, F|100\/100\n|turn|1\n|\n|t:|1699974745\n|switch|p1a: Mandibuzz|Mandibuzz, F|100\/100\n|move|p2a: Alomomola|Scald|p1a: Mandibuzz\n|-damage|p1a: Mandibuzz|91\/100\n|\n|-heal|p1a: Mandibuzz|97\/100|[from] item: Leftovers\n|upkeep\n|turn|2\n|\n|t:|1699974754\n|move|p1a: Mandibuzz|Toxic|p2a: Alomomola\n|-status|p2a: Alomomola|tox\n|move|p2a: Alomomola|Scald|p1a: Mandibuzz\n|-damage|p1a: Mandibuzz|87\/100\n|-status|p1a: Mandibuzz|brn\n|\n|-heal|p1a: Mandibuzz|93\/100 brn|[from] item: Leftovers\n|-damage|p2a: Alomomola|94\/100 tox|[from] psn\n|-damage|p1a: Mandibuzz|87\/100 brn|[from] brn\n|upkeep\n|turn|3\n|\n|t:|1699974769\n|switch|p1a: Milotic|Milotic, F|100\/100\n|move|p2a: Alomomola|Rain Dance|p2a: Alomomola\n|-weather|RainDance\n|\n|-weather|RainDance|[upkeep]\n|-activate|p2a: Alomomola|ability: Hydration\n|-curestatus|p2a: Alomomola|tox|[msg]\n|-heal|p2a: Alomomola|100\/100|[from] item: Leftovers\n|-status|p1a: Milotic|brn|[from] item: Flame Orb\n|upkeep\n|turn|4\n|\n|t:|1699974785\n|switch|p1a: Mienshao|Mienshao, M|100\/100\n|move|p2a: Alomomola|Flip Turn|p1a: Mienshao\n|-damage|p1a: Mienshao|60\/100\n|\n|t:|1699974795\n|switch|p2a: RAHHHH|Landorus-Therian, M|100\/100|[from] Flip Turn\n|-ability|p2a: RAHHHH|Intimidate|boost\n|-fail|p1a: Mienshao|unboost|Attack|[from] ability: Inner Focus|[of] p1a: Mienshao\n|\n|-weather|RainDance|[upkeep]\n|upkeep\n|turn|5\n|\n|t:|1699974806\n|move|p1a: Mienshao|Trailblaze|p2a: RAHHHH\n|-damage|p2a: RAHHHH|79\/100\n|-boost|p1a: Mienshao|spe|1\n|move|p2a: RAHHHH|Rock Slide|p1a: Mienshao\n|-resisted|p1a: Mienshao\n|-damage|p1a: Mienshao|16\/100\n|\n|-weather|RainDance|[upkeep]\n|upkeep\n|turn|6\n|\n|t:|1699974820\n|move|p1a: Mienshao|Reversal|p2a: RAHHHH\n|-resisted|p2a: RAHHHH\n|-damage|p2a: RAHHHH|48\/100\n|move|p2a: RAHHHH|Rock Slide|p1a: Mienshao\n|-resisted|p1a: Mienshao\n|-damage|p1a: Mienshao|0 fnt\n|faint|p1a: Mienshao\n|\n|-weather|RainDance|[upkeep]\n|upkeep\n|\n|t:|1699974830\n|switch|p1a: Milotic|Milotic, F|100\/100 brn\n|turn|7\n|\n|t:|1699974833\n|switch|p2a: Kazuma Kiryu|Ogerpon-Wellspring, F|100\/100\n|move|p1a: Milotic|Ice Beam|p2a: Kazuma Kiryu\n|-damage|p2a: Kazuma Kiryu|78\/100\n|\n|-weather|none\n|-damage|p1a: Milotic|94\/100 brn|[from] brn\n|upkeep\n|turn|8\n|\n|t:|1699974846\n|switch|p1a: Zamazenta|Zamazenta, shiny|100\/100\n|-ability|p1a: Zamazenta|Dauntless Shield|boost\n|-boost|p1a: Zamazenta|def|1\n|move|p2a: Kazuma Kiryu|Swords Dance|p2a: Kazuma Kiryu\n|-boost|p2a: Kazuma Kiryu|atk|2\n|\n|upkeep\n|turn|9\n|\n|t:|1699974858\n|move|p2a: Kazuma Kiryu|Spiky Shield|p2a: Kazuma Kiryu\n|-singleturn|p2a: Kazuma Kiryu|move: Protect\n|move|p1a: Zamazenta|Substitute|p1a: Zamazenta\n|-start|p1a: Zamazenta|Substitute\n|-damage|p1a: Zamazenta|76\/100\n|\n|upkeep\n|turn|10\n|\n|t:|1699974865\n|move|p1a: Zamazenta|Crunch|p2a: Kazuma Kiryu\n|-damage|p2a: Kazuma Kiryu|41\/100\n|move|p2a: Kazuma Kiryu|Swords Dance|p2a: Kazuma Kiryu\n|-boost|p2a: Kazuma Kiryu|atk|2\n|\n|upkeep\n|turn|11\n|\n|t:|1699974873\n|move|p2a: Kazuma Kiryu|Spiky Shield|p2a: Kazuma Kiryu\n|-singleturn|p2a: Kazuma Kiryu|move: Protect\n|move|p1a: Zamazenta|Crunch|p2a: Kazuma Kiryu\n|-activate|p2a: Kazuma Kiryu|move: Protect\n|-damage|p1a: Zamazenta|63\/100|[from] Spiky Shield|[of] p2a: Kazuma Kiryu\n|\n|upkeep\n|turn|12\n|\n|t:|1699974888\n|switch|p2a: Claydol^2|Ting-Lu|100\/100\n|-ability|p2a: Claydol^2|Vessel of Ruin\n|move|p1a: Zamazenta|Crunch|p2a: Claydol^2\n|-resisted|p2a: Claydol^2\n|-damage|p2a: Claydol^2|94\/100\n|\n|upkeep\n|turn|13\n|\n|t:|1699974897\n|move|p1a: Zamazenta|Reversal|p2a: Claydol^2\n|-supereffective|p2a: Claydol^2\n|-damage|p2a: Claydol^2|77\/100\n|move|p2a: Claydol^2|Earthquake|p1a: Zamazenta\n|-activate|p1a: Zamazenta|move: Substitute|[damage]\n|\n|upkeep\n|turn|14\n|\n|t:|1699974906\n|move|p1a: Zamazenta|Substitute|p1a: Zamazenta\n|-fail|p1a: Zamazenta|move: Substitute\n|move|p2a: Claydol^2|Earthquake|p1a: Zamazenta\n|-end|p1a: Zamazenta|Substitute\n|\n|upkeep\n|turn|15\n|\n|t:|1699974913\n|move|p1a: Zamazenta|Substitute|p1a: Zamazenta\n|-start|p1a: Zamazenta|Substitute\n|-damage|p1a: Zamazenta|38\/100\n|move|p2a: Claydol^2|Stealth Rock|p1a: Zamazenta\n|-sidestart|p1: torebi|move: Stealth Rock\n|\n|upkeep\n|turn|16\n|\n|t:|1699974921\n|move|p1a: Zamazenta|Reversal|p2a: Claydol^2\n|-supereffective|p2a: Claydol^2\n|-damage|p2a: Claydol^2|59\/100\n|move|p2a: Claydol^2|Earthquake|p1a: Zamazenta\n|-end|p1a: Zamazenta|Substitute\n|\n|upkeep\n|turn|17\n|\n|t:|1699974947\n|move|p1a: Zamazenta|Reversal|p2a: Claydol^2\n|-supereffective|p2a: Claydol^2\n|-damage|p2a: Claydol^2|40\/100\n|move|p2a: Claydol^2|Earthquake|p1a: Zamazenta\n|-damage|p1a: Zamazenta|15\/100\n|-enditem|p1a: Zamazenta|Liechi Berry|[eat]\n|-boost|p1a: Zamazenta|atk|1|[from] item: Liechi Berry\n|\n|upkeep\n|turn|18\n|\n|t:|1699974962\n|move|p1a: Zamazenta|Reversal|p2a: Claydol^2\n|-supereffective|p2a: Claydol^2\n|-damage|p2a: Claydol^2|0 fnt\n|faint|p2a: Claydol^2\n|\n|upkeep\n|\n|t:|1699974967\n|switch|p2a: Kazuma Kiryu|Ogerpon-Wellspring, F|41\/100\n|turn|19\n|\n|t:|1699974973\n|move|p2a: Kazuma Kiryu|Spiky Shield|p2a: Kazuma Kiryu\n|-singleturn|p2a: Kazuma Kiryu|move: Protect\n|move|p1a: Zamazenta|Reversal|p2a: Kazuma Kiryu\n|-activate|p2a: Kazuma Kiryu|move: Protect\n|-damage|p1a: Zamazenta|3\/100|[from] Spiky Shield|[of] p2a: Kazuma Kiryu\n|\n|upkeep\n|turn|20\n|\n|t:|1699974986\n|switch|p2a: RAHHHH|Landorus-Therian, M|48\/100\n|-ability|p2a: RAHHHH|Intimidate|boost\n|-unboost|p1a: Zamazenta|atk|1\n|move|p1a: Zamazenta|Reversal|p2a: RAHHHH\n|-resisted|p2a: RAHHHH\n|-damage|p2a: RAHHHH|0 fnt\n|faint|p2a: RAHHHH\n|\n|upkeep\n|\n|t:|1699974994\n|switch|p2a: Kazuma Kiryu|Ogerpon-Wellspring, F|41\/100\n|turn|21\n|\n|t:|1699974998\n|move|p1a: Zamazenta|Endure|p1a: Zamazenta\n|-singleturn|p1a: Zamazenta|move: Endure\n|move|p2a: Kazuma Kiryu|Spiky Shield||[still]\n|-fail|p2a: Kazuma Kiryu\n|\n|upkeep\n|turn|22\n|\n|t:|1699975003\n|move|p2a: Kazuma Kiryu|Spiky Shield|p2a: Kazuma Kiryu\n|-singleturn|p2a: Kazuma Kiryu|move: Protect\n|move|p1a: Zamazenta|Reversal|p2a: Kazuma Kiryu\n|-activate|p2a: Kazuma Kiryu|move: Protect\n|-damage|p1a: Zamazenta|0 fnt|[from] Spiky Shield|[of] p2a: Kazuma Kiryu\n|faint|p1a: Zamazenta\n|\n|upkeep\n|\n|t:|1699975012\n|switch|p1a: Milotic|Milotic, F|94\/100 brn\n|-damage|p1a: Milotic|82\/100 brn|[from] Stealth Rock\n|turn|23\n|\n|t:|1699975018\n|move|p2a: Kazuma Kiryu|Horn Leech|p1a: Milotic\n|-supereffective|p1a: Milotic\n|-damage|p1a: Milotic|27\/100 brn\n|-heal|p2a: Kazuma Kiryu|76\/100|[from] drain|[of] p1a: Milotic\n|move|p1a: Milotic|Scald|p2a: Kazuma Kiryu\n|-heal|p2a: Kazuma Kiryu|100\/100|[from] ability: Water Absorb|[of] p1a: Milotic\n|\n|-damage|p1a: Milotic|21\/100 brn|[from] brn\n|upkeep\n|turn|24\n|\n|t:|1699975030\n|move|p2a: Kazuma Kiryu|Horn Leech|p1a: Milotic\n|-supereffective|p1a: Milotic\n|-damage|p1a: Milotic|0 fnt\n|faint|p1a: Milotic\n|\n|upkeep\n|\n|t:|1699975036\n|switch|p1a: Lucario|Lucario, F|100\/100\n|-damage|p1a: Lucario|98\/100|[from] Stealth Rock\n|turn|25\n|\n|t:|1699975042\n|move|p2a: Kazuma Kiryu|Swords Dance|p2a: Kazuma Kiryu\n|-boost|p2a: Kazuma Kiryu|atk|2\n|move|p1a: Lucario|Swords Dance|p1a: Lucario\n|-boost|p1a: Lucario|atk|2\n|\n|upkeep\n|turn|26\n|\n|t:|1699975058\n|move|p2a: Kazuma Kiryu|Ivy Cudgel|p1a: Lucario|[anim] Ivy Cudgel Water\n|-damage|p1a: Lucario|0 fnt\n|faint|p1a: Lucario\n|\n|upkeep\n|\n|t:|1699975061\n|switch|p1a: Espeon|Espeon, M|100\/100\n|-damage|p1a: Espeon|88\/100|[from] Stealth Rock\n|turn|27\n|\n|t:|1699975065\n|move|p2a: Kazuma Kiryu|Ivy Cudgel|p1a: Espeon|[anim] Ivy Cudgel Water\n|-damage|p1a: Espeon|0 fnt\n|faint|p1a: Espeon\n|\n|upkeep\n|-message|torebi forfeited.\n|\n|win|bananaszn\n|raw|torebi's rating: 1078 &rarr; <strong>1054<\/strong><br \/>(-24 for losing)\n|raw|bananaszn's rating: 1039 &rarr; <strong>1077<\/strong><br \/>(+38 for winning)\n|l|\u2606torebi\n","uploadtime":1699975072,"views":16,"p1id":"torebi","p2id":"bananaszn","formatid":"gen9ou","rating":1054,"private":0,"password":""}