{"id":"gen9ou-1988523263","p1":"Infernagatr","p2":"Shim","format":"[Gen 9] OU","log":"|j|\u2606Infernagatr\n|j|\u2606Shim\n|t:|1699732060\n|gametype|singles\n|player|p1|Infernagatr|102|1093\n|player|p2|Shim|101|1168\n|teamsize|p1|6\n|teamsize|p2|6\n|gen|9\n|tier|[Gen 9] OU\n|rated|\n|rule|Sleep Clause Mod: Limit one foe put to sleep\n|rule|Species Clause: Limit one of each Pok\u00e9mon\n|rule|OHKO Clause: OHKO moves are banned\n|rule|Evasion Items Clause: Evasion items are banned\n|rule|Evasion Moves Clause: Evasion moves are banned\n|rule|Endless Battle Clause: Forcing endless battles is banned\n|rule|HP Percentage Mod: HP is shown in percentages\n|clearpoke\n|poke|p1|Great Tusk|\n|poke|p1|Spidops, F|\n|poke|p1|Salamence, F|\n|poke|p1|Cresselia, F|\n|poke|p1|Bronzong|\n|poke|p1|Basculin-White-Striped, M|\n|poke|p2|Politoed, F|\n|poke|p2|Greninja-*, M|\n|poke|p2|Landorus-Therian, M|\n|poke|p2|Rillaboom, F|\n|poke|p2|Basculegion, M|\n|poke|p2|Iron Jugulis|\n|teampreview\n|\n|t:|1699732080\n|start\n|switch|p1a: Spidops|Spidops, F|100\/100\n|switch|p2a: Iron Jugulis|Iron Jugulis|100\/100\n|-enditem|p2a: Iron Jugulis|Booster Energy\n|-activate|p2a: Iron Jugulis|ability: Quark Drive|[fromitem]\n|-start|p2a: Iron Jugulis|quarkdrivespe\n|turn|1\n|\n|t:|1699732098\n|move|p2a: Iron Jugulis|Taunt|p1a: Spidops\n|-start|p1a: Spidops|move: Taunt\n|cant|p1a: Spidops|move: Taunt|Sticky Web\n|\n|upkeep\n|turn|2\n|c|\u2606Infernagatr|boo!\n|c|\u2606Infernagatr|not fun!\n|\n|t:|1699732112\n|move|p2a: Iron Jugulis|Knock Off|p1a: Spidops\n|-damage|p1a: Spidops|78\/100\n|-damage|p2a: Iron Jugulis|84\/100|[from] item: Rocky Helmet|[of] p1a: Spidops\n|-enditem|p1a: Spidops|Rocky Helmet|[from] move: Knock Off|[of] p2a: Iron Jugulis\n|move|p1a: Spidops|Circle Throw|p2a: Iron Jugulis\n|-damage|p2a: Iron Jugulis|69\/100\n|-end|p2a: Iron Jugulis|Quark Drive|[silent]\n|drag|p2a: Rillaboom|Rillaboom, F|100\/100\n|-fieldstart|move: Grassy Terrain|[from] ability: Grassy Surge|[of] p2a: Rillaboom\n|\n|-heal|p1a: Spidops|84\/100|[from] Grassy Terrain\n|upkeep\n|turn|3\n|\n|t:|1699732125\n|move|p2a: Rillaboom|U-turn|p1a: Spidops\n|-damage|p1a: Spidops|51\/100\n|\n|t:|1699732134\n|switch|p2a: Iron Jugulis|Iron Jugulis|69\/100|[from] U-turn\n|move|p1a: Spidops|Circle Throw|p2a: Iron Jugulis\n|-damage|p2a: Iron Jugulis|44\/100\n|-end|p2a: Iron Jugulis|Quark Drive|[silent]\n|drag|p2a: Rillaboom|Rillaboom, F|100\/100\n|\n|-heal|p1a: Spidops|57\/100|[from] Grassy Terrain\n|-end|p1a: Spidops|move: Taunt\n|upkeep\n|turn|4\n|\n|t:|1699732145\n|move|p2a: Rillaboom|Wood Hammer|p1a: Spidops\n|-resisted|p1a: Spidops\n|-damage|p1a: Spidops|2\/100\n|-damage|p2a: Rillaboom|85\/100|[from] Recoil\n|move|p1a: Spidops|Sticky Web|p2a: Rillaboom\n|-sidestart|p2: Shim|move: Sticky Web\n|\n|-heal|p2a: Rillaboom|92\/100|[from] Grassy Terrain\n|-heal|p1a: Spidops|8\/100|[from] Grassy Terrain\n|upkeep\n|turn|5\n|\n|t:|1699732159\n|switch|p1a: Bronzong|Bronzong|100\/100\n|move|p2a: Rillaboom|Wood Hammer|p1a: Bronzong\n|-resisted|p1a: Bronzong\n|-damage|p1a: Bronzong|46\/100\n|-damage|p2a: Rillaboom|76\/100|[from] Recoil\n|\n|-heal|p2a: Rillaboom|82\/100|[from] Grassy Terrain\n|-heal|p1a: Bronzong|53\/100|[from] Grassy Terrain\n|upkeep\n|turn|6\n|\n|t:|1699732179\n|move|p2a: Rillaboom|Wood Hammer|p1a: Bronzong\n|-resisted|p1a: Bronzong\n|-damage|p1a: Bronzong|0 fnt\n|faint|p1a: Bronzong\n|-damage|p2a: Rillaboom|68\/100|[from] Recoil\n|\n|-heal|p2a: Rillaboom|74\/100|[from] Grassy Terrain\n|-fieldend|move: Grassy Terrain\n|upkeep\n|\n|t:|1699732193\n|switch|p1a: Salamence|Salamence, F|100\/100\n|turn|7\n|\n|t:|1699732215\n|switch|p2a: Iron Jugulis|Iron Jugulis|44\/100\n|move|p1a: Salamence|Dragon Dance|p1a: Salamence\n|-boost|p1a: Salamence|atk|1\n|-boost|p1a: Salamence|spe|1\n|\n|upkeep\n|turn|8\n|\n|t:|1699732227\n|move|p1a: Salamence|Iron Head|p2a: Iron Jugulis\n|-damage|p2a: Iron Jugulis|0 fnt\n|faint|p2a: Iron Jugulis\n|-end|p2a: Iron Jugulis|Quark Drive|[silent]\n|-ability|p1a: Salamence|Moxie|boost\n|-boost|p1a: Salamence|atk|1\n|\n|upkeep\n|\n|t:|1699732232\n|switch|p2a: Politoed|Politoed, F|100\/100\n|-activate|p2a: Politoed|move: Sticky Web\n|-unboost|p2a: Politoed|spe|1\n|-weather|RainDance|[from] ability: Drizzle|[of] p2a: Politoed\n|turn|9\n|\n|t:|1699732245\n|-terastallize|p1a: Salamence|Flying\n|move|p1a: Salamence|Tera Blast|p2a: Politoed|[anim] Tera Blast Flying\n|-damage|p2a: Politoed|0 fnt\n|faint|p2a: Politoed\n|-ability|p1a: Salamence|Moxie|boost\n|-boost|p1a: Salamence|atk|1\n|\n|-weather|RainDance|[upkeep]\n|upkeep\n|\n|t:|1699732269\n|switch|p2a: Basculegion|Basculegion, M|100\/100\n|-activate|p2a: Basculegion|move: Sticky Web\n|-unboost|p2a: Basculegion|spe|1\n|turn|10\n|\n|t:|1699732276\n|move|p1a: Salamence|Tera Blast|p2a: Basculegion|[anim] Tera Blast Flying\n|-damage|p2a: Basculegion|0 fnt\n|faint|p2a: Basculegion\n|-ability|p1a: Salamence|Moxie|boost\n|-boost|p1a: Salamence|atk|1\n|\n|-weather|RainDance|[upkeep]\n|upkeep\n|\n|t:|1699732290\n|switch|p2a: Greninja|Greninja, M|100\/100\n|-activate|p2a: Greninja|move: Sticky Web\n|-unboost|p2a: Greninja|spe|1\n|turn|11\n|\n|t:|1699732296\n|move|p1a: Salamence|Tera Blast|p2a: Greninja|[anim] Tera Blast Flying\n|-damage|p2a: Greninja|0 fnt\n|faint|p2a: Greninja\n|-ability|p1a: Salamence|Moxie|boost\n|-boost|p1a: Salamence|atk|1\n|\n|-weather|RainDance|[upkeep]\n|upkeep\n|-message|Shim forfeited.\n|\n|win|Infernagatr\n|raw|Infernagatr's rating: 1093 &rarr; <strong>1125<\/strong><br \/>(+32 for winning)\n|raw|Shim's rating: 1168 &rarr; <strong>1138<\/strong><br \/>(-30 for losing)\n|l|\u2606Shim\n","uploadtime":1699732305,"views":11,"p1id":"infernagatr","p2id":"shim","formatid":"gen9ou","rating":1125,"private":0,"password":""}