{"id":"gen9ou-1988709512","p1":"Iceman8911","p2":"Sebas99sevilla","format":"[Gen 9] OU","log":"|j|\u2606Iceman8911\n|j|\u2606Sebas99sevilla\n|t:|1699753374\n|gametype|singles\n|player|p1|Iceman8911|102|1749\n|player|p2|Sebas99sevilla|1|1776\n|teamsize|p1|6\n|teamsize|p2|6\n|gen|9\n|tier|[Gen 9] OU\n|rated|\n|rule|Sleep Clause Mod: Limit one foe put to sleep\n|rule|Species Clause: Limit one of each Pok\u00e9mon\n|rule|OHKO Clause: OHKO moves are banned\n|rule|Evasion Items Clause: Evasion items are banned\n|rule|Evasion Moves Clause: Evasion moves are banned\n|rule|Endless Battle Clause: Forcing endless battles is banned\n|rule|HP Percentage Mod: HP is shown in percentages\n|clearpoke\n|poke|p1|Alomomola, M|\n|poke|p1|Dondozo, F|\n|poke|p1|Blissey, F|\n|poke|p1|Gliscor, F|\n|poke|p1|Corviknight, F|\n|poke|p1|Toxapex, M|\n|poke|p2|Weavile, F|\n|poke|p2|Amoonguss, M|\n|poke|p2|Garganacl, F|\n|poke|p2|Maushold|\n|poke|p2|Kingambit, M|\n|poke|p2|Samurott-Hisui, M|\n|teampreview\n|j| darkrows\n|inactive|Battle timer is ON: inactive players will automatically lose when time's up. (requested by Sebas99sevilla)\n|\n|t:|1699753391\n|start\n|switch|p1a: Gliscor|Gliscor, F, shiny|100\/100\n|switch|p2a: Samurott|Samurott-Hisui, M, shiny|100\/100\n|turn|1\n|j| Burnt Bright\n|\n|t:|1699753399\n|move|p1a: Gliscor|Protect|p1a: Gliscor\n|-singleturn|p1a: Gliscor|Protect\n|move|p2a: Samurott|Swords Dance|p2a: Samurott\n|-boost|p2a: Samurott|atk|2\n|\n|-status|p1a: Gliscor|tox|[from] item: Toxic Orb\n|upkeep\n|turn|2\n|j| Amamoto Rui\n|\n|t:|1699753412\n|switch|p1a: Dondozo|Dondozo, F, shiny|100\/100\n|move|p2a: Samurott|Ceaseless Edge|p1a: Dondozo\n|-damage|p1a: Dondozo|79\/100\n|-sidestart|p1: Iceman8911|Spikes\n|\n|upkeep\n|turn|3\n|\n|t:|1699753421\n|move|p2a: Samurott|Ceaseless Edge|p1a: Dondozo\n|-damage|p1a: Dondozo|59\/100\n|-sidestart|p1: Iceman8911|Spikes\n|move|p1a: Dondozo|Body Press|p2a: Samurott\n|-supereffective|p2a: Samurott\n|-damage|p2a: Samurott|37\/100\n|\n|upkeep\n|turn|4\n|\n|t:|1699753432\n|move|p2a: Samurott|Ceaseless Edge|p1a: Dondozo\n|-damage|p1a: Dondozo|36\/100\n|-sidestart|p1: Iceman8911|Spikes\n|move|p1a: Dondozo|Body Press|p2a: Samurott\n|-supereffective|p2a: Samurott\n|-damage|p2a: Samurott|0 fnt\n|faint|p2a: Samurott\n|\n|upkeep\n|\n|t:|1699753446\n|switch|p2a: Kingambit|Kingambit, M|100\/100\n|-activate|p2a: Kingambit|ability: Supreme Overlord\n|-start|p2a: Kingambit|fallen1|[silent]\n|turn|5\n|inactive|Iceman8911 has 120 seconds left.\n|\n|t:|1699753492\n|switch|p1a: Alomomola|Alomomola, M, shiny|100\/100\n|-terastallize|p2a: Kingambit|Fighting\n|move|p2a: Kingambit|Low Kick|p1a: Alomomola\n|-damage|p1a: Alomomola|78\/100\n|\n|upkeep\n|turn|6\n|\n|t:|1699753499\n|move|p2a: Kingambit|Swords Dance|p2a: Kingambit\n|-boost|p2a: Kingambit|atk|2\n|move|p1a: Alomomola|Wish|p1a: Alomomola\n|\n|upkeep\n|turn|7\n|\n|t:|1699753505\n|move|p2a: Kingambit|Low Kick|p1a: Alomomola\n|-damage|p1a: Alomomola|37\/100\n|move|p1a: Alomomola|Flip Turn|p2a: Kingambit\n|-damage|p2a: Kingambit|87\/100\n|\n|t:|1699753510\n|switch|p1a: Dondozo|Dondozo, F, shiny|36\/100|[from] Flip Turn\n|\n|-heal|p1a: Dondozo|89\/100|[from] move: Wish|[wisher] Alomomola\n|-heal|p2a: Kingambit|93\/100|[from] item: Leftovers\n|upkeep\n|turn|8\n|\n|t:|1699753517\n|move|p2a: Kingambit|Low Kick|p1a: Dondozo\n|-damage|p1a: Dondozo|55\/100\n|move|p1a: Dondozo|Liquidation|p2a: Kingambit\n|-damage|p2a: Kingambit|70\/100\n|\n|-heal|p2a: Kingambit|76\/100|[from] item: Leftovers\n|upkeep\n|turn|9\n|\n|t:|1699753528\n|move|p2a: Kingambit|Low Kick|p1a: Dondozo\n|-damage|p1a: Dondozo|23\/100\n|move|p1a: Dondozo|Rest|p1a: Dondozo\n|-status|p1a: Dondozo|slp|[from] move: Rest\n|-heal|p1a: Dondozo|100\/100 slp|[silent]\n|\n|-heal|p2a: Kingambit|82\/100|[from] item: Leftovers\n|upkeep\n|turn|10\n|\n|t:|1699753534\n|move|p2a: Kingambit|Low Kick|p1a: Dondozo\n|-damage|p1a: Dondozo|69\/100 slp\n|cant|p1a: Dondozo|slp\n|move|p1a: Dondozo|Sleep Talk|p1a: Dondozo\n|move|p1a: Dondozo|Body Press|p2a: Kingambit|[from]move: Sleep Talk\n|-damage|p2a: Kingambit|58\/100\n|\n|-heal|p2a: Kingambit|64\/100|[from] item: Leftovers\n|upkeep\n|turn|11\n|\n|t:|1699753540\n|move|p2a: Kingambit|Low Kick|p1a: Dondozo\n|-damage|p1a: Dondozo|35\/100 slp\n|cant|p1a: Dondozo|slp\n|move|p1a: Dondozo|Sleep Talk|p1a: Dondozo\n|move|p1a: Dondozo|Rest||[from]move: Sleep Talk|[still]\n|-fail|p1a: Dondozo\n|\n|-heal|p2a: Kingambit|70\/100|[from] item: Leftovers\n|upkeep\n|turn|12\n|\n|t:|1699753545\n|move|p2a: Kingambit|Low Kick|p1a: Dondozo\n|-damage|p1a: Dondozo|1\/100 slp\n|-curestatus|p1a: Dondozo|slp|[msg]\n|move|p1a: Dondozo|Rest|p1a: Dondozo\n|-status|p1a: Dondozo|slp|[from] move: Rest\n|-heal|p1a: Dondozo|100\/100 slp|[silent]\n|\n|-heal|p2a: Kingambit|77\/100|[from] item: Leftovers\n|upkeep\n|turn|13\n|\n|t:|1699753552\n|move|p2a: Kingambit|Low Kick|p1a: Dondozo\n|-damage|p1a: Dondozo|66\/100 slp\n|cant|p1a: Dondozo|slp\n|move|p1a: Dondozo|Sleep Talk|p1a: Dondozo\n|move|p1a: Dondozo|Rest||[from]move: Sleep Talk|[still]\n|-fail|p1a: Dondozo\n|\n|-heal|p2a: Kingambit|83\/100|[from] item: Leftovers\n|upkeep\n|turn|14\n|\n|t:|1699753560\n|switch|p1a: Toxapex|Toxapex, M, shiny|100\/100\n|move|p2a: Kingambit|Low Kick|p1a: Toxapex\n|-resisted|p1a: Toxapex\n|-damage|p1a: Toxapex|85\/100\n|\n|-heal|p2a: Kingambit|89\/100|[from] item: Leftovers\n|upkeep\n|turn|15\n|\n|t:|1699753566\n|move|p2a: Kingambit|Kowtow Cleave|p1a: Toxapex\n|-damage|p1a: Toxapex|20\/100\n|move|p1a: Toxapex|Haze|p1a: Toxapex\n|-clearallboost\n|\n|-heal|p2a: Kingambit|95\/100|[from] item: Leftovers\n|upkeep\n|turn|16\n|\n|t:|1699753573\n|switch|p1a: Corviknight|Corviknight, F, shiny|100\/100\n|-ability|p1a: Corviknight|Pressure\n|move|p2a: Kingambit|Swords Dance|p2a: Kingambit\n|-boost|p2a: Kingambit|atk|2\n|\n|-heal|p2a: Kingambit|100\/100|[from] item: Leftovers\n|upkeep\n|turn|17\n|\n|t:|1699753579\n|move|p1a: Corviknight|Iron Defense|p1a: Corviknight\n|-boost|p1a: Corviknight|def|2\n|move|p2a: Kingambit|Kowtow Cleave|p1a: Corviknight\n|-damage|p1a: Corviknight|67\/100\n|\n|-heal|p1a: Corviknight|73\/100|[from] item: Leftovers\n|upkeep\n|turn|18\n|\n|t:|1699753586\n|-end|p2a: Kingambit|fallen1|[silent]\n|switch|p2a: Amoonguss|Amoonguss, M, shiny|100\/100\n|move|p1a: Corviknight|Defog|p2a: Amoonguss\n|-unboost|p2a: Amoonguss|evasion|1\n|-sideend|p1: Iceman8911|Spikes|[from] move: Defog|[of] p1a: Corviknight\n|\n|-heal|p1a: Corviknight|79\/100|[from] item: Leftovers\n|upkeep\n|turn|19\n|\n|t:|1699753593\n|switch|p1a: Gliscor|Gliscor, F, shiny|100\/100 tox\n|move|p2a: Amoonguss|Spore||[still]\n|-fail|p2a: Amoonguss\n|\n|upkeep\n|turn|20\n|\n|t:|1699753599\n|switch|p2a: Weavile|Weavile, F|100\/100\n|-ability|p2a: Weavile|Pressure\n|move|p1a: Gliscor|Knock Off|p2a: Weavile\n|-resisted|p2a: Weavile\n|-damage|p2a: Weavile|83\/100\n|-enditem|p2a: Weavile|Heavy-Duty Boots|[from] move: Knock Off|[of] p1a: Gliscor\n|\n|upkeep\n|turn|21\n|\n|t:|1699753611\n|switch|p1a: Dondozo|Dondozo, F, shiny|66\/100 slp\n|move|p2a: Weavile|Swords Dance|p2a: Weavile\n|-boost|p2a: Weavile|atk|2\n|\n|upkeep\n|turn|22\n|j| carti > emMIDem\n|\n|t:|1699753621\n|move|p2a: Weavile|Knock Off|p1a: Dondozo\n|-damage|p1a: Dondozo|43\/100 slp\n|-enditem|p1a: Dondozo|Heavy-Duty Boots|[from] move: Knock Off|[of] p2a: Weavile\n|cant|p1a: Dondozo|slp\n|move|p1a: Dondozo|Sleep Talk|p1a: Dondozo\n|move|p1a: Dondozo|Liquidation|p2a: Weavile|[from]move: Sleep Talk\n|-damage|p2a: Weavile|34\/100\n|\n|upkeep\n|turn|23\n|j| giant1809\n|\n|t:|1699753631\n|switch|p2a: Maushold|Maushold|100\/100\n|-curestatus|p1a: Dondozo|slp|[msg]\n|move|p1a: Dondozo|Rest|p1a: Dondozo\n|-status|p1a: Dondozo|slp|[from] move: Rest\n|-heal|p1a: Dondozo|100\/100 slp|[silent]\n|\n|upkeep\n|turn|24\n|\n|t:|1699753640\n|switch|p1a: Corviknight|Corviknight, F, shiny|79\/100\n|-ability|p1a: Corviknight|Pressure\n|move|p2a: Maushold|Tidy Up|p2a: Maushold\n|-boost|p2a: Maushold|atk|1\n|-boost|p2a: Maushold|spe|1\n|\n|-heal|p1a: Corviknight|86\/100|[from] item: Leftovers\n|upkeep\n|turn|25\n|\n|t:|1699753645\n|move|p2a: Maushold|Population Bomb|p1a: Corviknight\n|-resisted|p1a: Corviknight\n|-damage|p1a: Corviknight|80\/100\n|-resisted|p1a: Corviknight\n|-damage|p1a: Corviknight|75\/100\n|-resisted|p1a: Corviknight\n|-damage|p1a: Corviknight|70\/100\n|-resisted|p1a: Corviknight\n|-damage|p1a: Corviknight|65\/100\n|-resisted|p1a: Corviknight\n|-damage|p1a: Corviknight|60\/100\n|-resisted|p1a: Corviknight\n|-damage|p1a: Corviknight|55\/100\n|-resisted|p1a: Corviknight\n|-damage|p1a: Corviknight|50\/100\n|-resisted|p1a: Corviknight\n|-damage|p1a: Corviknight|44\/100\n|-resisted|p1a: Corviknight\n|-damage|p1a: Corviknight|39\/100\n|-resisted|p1a: Corviknight\n|-damage|p1a: Corviknight|34\/100\n|-hitcount|p1a: Corviknight|10\n|move|p1a: Corviknight|Body Press|p2a: Maushold\n|-supereffective|p2a: Maushold\n|-damage|p2a: Maushold|15\/100\n|\n|-heal|p1a: Corviknight|40\/100|[from] item: Leftovers\n|upkeep\n|turn|26\n|\n|t:|1699753659\n|switch|p1a: Blissey|Blissey, F, shiny|100\/100\n|move|p2a: Maushold|Population Bomb|p1a: Blissey\n|-damage|p1a: Blissey|74\/100\n|-damage|p1a: Blissey|50\/100\n|-damage|p1a: Blissey|26\/100\n|-damage|p1a: Blissey|2\/100\n|-damage|p1a: Blissey|0 fnt\n|faint|p1a: Blissey\n|-hitcount|p1: Blissey|5\n|\n|upkeep\n|\n|t:|1699753672\n|switch|p1a: Dondozo|Dondozo, F, shiny|100\/100 slp\n|turn|27\n|\n|t:|1699753676\n|move|p2a: Maushold|Population Bomb|p1a: Dondozo\n|-damage|p1a: Dondozo|95\/100 slp\n|-damage|p1a: Dondozo|90\/100 slp\n|-damage|p1a: Dondozo|85\/100 slp\n|-damage|p1a: Dondozo|80\/100 slp\n|-damage|p1a: Dondozo|75\/100 slp\n|-damage|p1a: Dondozo|70\/100 slp\n|-damage|p1a: Dondozo|65\/100 slp\n|-crit|p1a: Dondozo\n|-damage|p1a: Dondozo|59\/100 slp\n|-damage|p1a: Dondozo|54\/100 slp\n|-damage|p1a: Dondozo|49\/100 slp\n|-hitcount|p1a: Dondozo|10\n|cant|p1a: Dondozo|slp\n|move|p1a: Dondozo|Sleep Talk|p1a: Dondozo\n|move|p1a: Dondozo|Liquidation|p2a: Maushold|[from]move: Sleep Talk\n|-damage|p2a: Maushold|0 fnt\n|faint|p2a: Maushold\n|\n|upkeep\n|\n|t:|1699753697\n|switch|p2a: Kingambit|Kingambit, M, tera:Fighting|100\/100\n|-activate|p2a: Kingambit|ability: Supreme Overlord\n|-start|p2a: Kingambit|fallen2|[silent]\n|turn|28\n|\n|t:|1699753703\n|switch|p1a: Corviknight|Corviknight, F, shiny|40\/100\n|-ability|p1a: Corviknight|Pressure\n|move|p2a: Kingambit|Swords Dance|p2a: Kingambit\n|-boost|p2a: Kingambit|atk|2\n|\n|-heal|p1a: Corviknight|46\/100|[from] item: Leftovers\n|upkeep\n|turn|29\n|\n|t:|1699753709\n|move|p1a: Corviknight|Iron Defense|p1a: Corviknight\n|-boost|p1a: Corviknight|def|2\n|move|p2a: Kingambit|Kowtow Cleave|p1a: Corviknight\n|-damage|p1a: Corviknight|9\/100\n|\n|-heal|p1a: Corviknight|16\/100|[from] item: Leftovers\n|upkeep\n|turn|30\n|\n|t:|1699753714\n|move|p1a: Corviknight|Roost|p1a: Corviknight\n|-heal|p1a: Corviknight|66\/100\n|-singleturn|p1a: Corviknight|move: Roost\n|move|p2a: Kingambit|Kowtow Cleave|p1a: Corviknight\n|-damage|p1a: Corviknight|27\/100\n|\n|-heal|p1a: Corviknight|34\/100|[from] item: Leftovers\n|upkeep\n|turn|31\n|\n|t:|1699753717\n|-end|p2a: Kingambit|fallen2|[silent]\n|switch|p2a: Garganacl|Garganacl, F|100\/100\n|move|p1a: Corviknight|Roost|p1a: Corviknight\n|-heal|p1a: Corviknight|84\/100\n|-singleturn|p1a: Corviknight|move: Roost\n|\n|-heal|p1a: Corviknight|90\/100|[from] item: Leftovers\n|upkeep\n|turn|32\n|\n|t:|1699753722\n|switch|p1a: Alomomola|Alomomola, M, shiny|70\/100\n|move|p2a: Garganacl|Iron Defense|p2a: Garganacl\n|-boost|p2a: Garganacl|def|2\n|\n|upkeep\n|turn|33\n|\n|t:|1699753727\n|move|p1a: Alomomola|Wish|p1a: Alomomola\n|move|p2a: Garganacl|Iron Defense|p2a: Garganacl\n|-boost|p2a: Garganacl|def|2\n|\n|upkeep\n|turn|34\n|\n|t:|1699753733\n|switch|p1a: Toxapex|Toxapex, M, shiny|53\/100\n|move|p2a: Garganacl|Salt Cure|p1a: Toxapex\n|-damage|p1a: Toxapex|44\/100\n|-start|p1a: Toxapex|Salt Cure\n|\n|-heal|p1a: Toxapex|100\/100|[from] move: Wish|[wisher] Alomomola\n|-damage|p1a: Toxapex|76\/100|[from] Salt Cure\n|upkeep\n|turn|35\n|\n|t:|1699753738\n|move|p2a: Garganacl|Body Press|p1a: Toxapex\n|-resisted|p1a: Toxapex\n|-damage|p1a: Toxapex|53\/100\n|move|p1a: Toxapex|Haze|p1a: Toxapex\n|-clearallboost\n|\n|-damage|p1a: Toxapex|28\/100|[from] Salt Cure\n|upkeep\n|turn|36\n|\n|t:|1699753743\n|switch|p1a: Alomomola|Alomomola, M, shiny|100\/100\n|move|p2a: Garganacl|Iron Defense|p2a: Garganacl\n|-boost|p2a: Garganacl|def|2\n|\n|upkeep\n|turn|37\n|\n|t:|1699753749\n|move|p1a: Alomomola|Scald|p2a: Garganacl\n|-supereffective|p2a: Garganacl\n|-damage|p2a: Garganacl|82\/100\n|move|p2a: Garganacl|Salt Cure|p1a: Alomomola\n|-damage|p1a: Alomomola|93\/100\n|-start|p1a: Alomomola|Salt Cure\n|\n|-heal|p2a: Garganacl|88\/100|[from] item: Leftovers\n|-damage|p1a: Alomomola|68\/100|[from] Salt Cure\n|upkeep\n|turn|38\n|\n|t:|1699753755\n|move|p1a: Alomomola|Flip Turn|p2a: Garganacl\n|-supereffective|p2a: Garganacl\n|-damage|p2a: Garganacl|76\/100\n|\n|t:|1699753758\n|switch|p1a: Toxapex|Toxapex, M, shiny|61\/100|[from] Flip Turn\n|move|p2a: Garganacl|Body Press|p1a: Toxapex\n|-resisted|p1a: Toxapex\n|-damage|p1a: Toxapex|46\/100\n|\n|-heal|p2a: Garganacl|83\/100|[from] item: Leftovers\n|upkeep\n|turn|39\n|\n|t:|1699753763\n|switch|p1a: Gliscor|Gliscor, F, shiny|100\/100 tox\n|move|p2a: Garganacl|Salt Cure|p1a: Gliscor\n|-damage|p1a: Gliscor|90\/100 tox\n|-start|p1a: Gliscor|Salt Cure\n|\n|-heal|p2a: Garganacl|89\/100|[from] item: Leftovers\n|-heal|p1a: Gliscor|100\/100 tox|[from] ability: Poison Heal\n|-damage|p1a: Gliscor|88\/100 tox|[from] Salt Cure\n|upkeep\n|turn|40\n|\n|t:|1699753767\n|move|p1a: Gliscor|Knock Off|p2a: Garganacl\n|-damage|p2a: Garganacl|81\/100\n|-enditem|p2a: Garganacl|Leftovers|[from] move: Knock Off|[of] p1a: Gliscor\n|move|p2a: Garganacl|Iron Defense|p2a: Garganacl\n|-boost|p2a: Garganacl|def|2\n|\n|-heal|p1a: Gliscor|100\/100 tox|[from] ability: Poison Heal\n|-damage|p1a: Gliscor|88\/100 tox|[from] Salt Cure\n|upkeep\n|turn|41\n|\n|t:|1699753771\n|switch|p1a: Alomomola|Alomomola, M, shiny|100\/100\n|move|p2a: Garganacl|Body Press|p1a: Alomomola\n|-damage|p1a: Alomomola|62\/100\n|\n|upkeep\n|turn|42\n|\n|t:|1699753782\n|move|p1a: Alomomola|Wish|p1a: Alomomola\n|move|p2a: Garganacl|Body Press|p1a: Alomomola\n|-damage|p1a: Alomomola|24\/100\n|\n|upkeep\n|turn|43\n|\n|t:|1699753792\n|switch|p1a: Dondozo|Dondozo, F, shiny|49\/100 slp\n|move|p2a: Garganacl|Salt Cure|p1a: Dondozo\n|-damage|p1a: Dondozo|42\/100 slp\n|-start|p1a: Dondozo|Salt Cure\n|\n|-heal|p1a: Dondozo|95\/100 slp|[from] move: Wish|[wisher] Alomomola\n|-damage|p1a: Dondozo|70\/100 slp|[from] Salt Cure\n|upkeep\n|turn|44\n|\n|t:|1699753799\n|switch|p1a: Toxapex|Toxapex, M, shiny|79\/100\n|move|p2a: Garganacl|Body Press|p1a: Toxapex\n|-resisted|p1a: Toxapex\n|-damage|p1a: Toxapex|56\/100\n|\n|upkeep\n|turn|45\n|\n|t:|1699753803\n|move|p2a: Garganacl|Salt Cure|p1a: Toxapex\n|-damage|p1a: Toxapex|47\/100\n|-start|p1a: Toxapex|Salt Cure\n|move|p1a: Toxapex|Haze|p1a: Toxapex\n|-clearallboost\n|\n|-damage|p1a: Toxapex|22\/100|[from] Salt Cure\n|upkeep\n|turn|46\n|\n|t:|1699753813\n|switch|p1a: Alomomola|Alomomola, M, shiny|57\/100\n|move|p2a: Garganacl|Iron Defense|p2a: Garganacl\n|-boost|p2a: Garganacl|def|2\n|\n|upkeep\n|turn|47\n|\n|t:|1699753819\n|move|p1a: Alomomola|Wish|p1a: Alomomola\n|move|p2a: Garganacl|Salt Cure|p1a: Alomomola\n|-damage|p1a: Alomomola|50\/100\n|-start|p1a: Alomomola|Salt Cure\n|\n|-damage|p1a: Alomomola|25\/100|[from] Salt Cure\n|upkeep\n|turn|48\n|\n|t:|1699753824\n|switch|p1a: Toxapex|Toxapex, M, shiny|56\/100\n|move|p2a: Garganacl|Salt Cure|p1a: Toxapex\n|-damage|p1a: Toxapex|47\/100\n|-start|p1a: Toxapex|Salt Cure\n|\n|-heal|p1a: Toxapex|100\/100|[from] move: Wish|[wisher] Alomomola\n|-damage|p1a: Toxapex|76\/100|[from] Salt Cure\n|upkeep\n|turn|49\n|\n|t:|1699753832\n|switch|p1a: Alomomola|Alomomola, M, shiny|58\/100\n|move|p2a: Garganacl|Body Press|p1a: Alomomola\n|-damage|p1a: Alomomola|34\/100\n|\n|upkeep\n|turn|50\n|\n|t:|1699753835\n|switch|p1a: Toxapex|Toxapex, M, shiny|100\/100\n|move|p2a: Garganacl|Body Press|p1a: Toxapex\n|-resisted|p1a: Toxapex\n|-damage|p1a: Toxapex|84\/100\n|\n|upkeep\n|turn|51\n|\n|t:|1699753839\n|move|p2a: Garganacl|Salt Cure|p1a: Toxapex\n|-damage|p1a: Toxapex|75\/100\n|-start|p1a: Toxapex|Salt Cure\n|move|p1a: Toxapex|Haze|p1a: Toxapex\n|-clearallboost\n|\n|-damage|p1a: Toxapex|51\/100|[from] Salt Cure\n|upkeep\n|turn|52\n|\n|t:|1699753846\n|switch|p2a: Kingambit|Kingambit, M, tera:Fighting|100\/100\n|-activate|p2a: Kingambit|ability: Supreme Overlord\n|-start|p2a: Kingambit|fallen2|[silent]\n|switch|p1a: Alomomola|Alomomola, M, shiny|68\/100\n|\n|upkeep\n|turn|53\n|\n|t:|1699753850\n|switch|p1a: Corviknight|Corviknight, F, shiny|90\/100\n|-ability|p1a: Corviknight|Pressure\n|move|p2a: Kingambit|Swords Dance|p2a: Kingambit\n|-boost|p2a: Kingambit|atk|2\n|\n|-heal|p1a: Corviknight|96\/100|[from] item: Leftovers\n|upkeep\n|turn|54\n|\n|t:|1699753854\n|move|p1a: Corviknight|Iron Defense|p1a: Corviknight\n|-boost|p1a: Corviknight|def|2\n|move|p2a: Kingambit|Kowtow Cleave|p1a: Corviknight\n|-damage|p1a: Corviknight|57\/100\n|\n|-heal|p1a: Corviknight|64\/100|[from] item: Leftovers\n|upkeep\n|turn|55\n|\n|t:|1699753860\n|-end|p2a: Kingambit|fallen2|[silent]\n|switch|p2a: Amoonguss|Amoonguss, M, shiny|100\/100\n|move|p1a: Corviknight|Iron Defense|p1a: Corviknight\n|-boost|p1a: Corviknight|def|2\n|\n|-heal|p1a: Corviknight|70\/100|[from] item: Leftovers\n|upkeep\n|turn|56\n|\n|t:|1699753865\n|switch|p1a: Gliscor|Gliscor, F, shiny|88\/100 tox\n|move|p2a: Amoonguss|Spore||[still]\n|-fail|p2a: Amoonguss\n|\n|-heal|p1a: Gliscor|100\/100 tox|[from] ability: Poison Heal\n|upkeep\n|turn|57\n|\n|t:|1699753873\n|switch|p2a: Garganacl|Garganacl, F|81\/100\n|move|p1a: Gliscor|Spikes|p2a: Garganacl\n|-sidestart|p2: Sebas99sevilla|Spikes\n|\n|upkeep\n|turn|58\n|c|\u2606Sebas99sevilla|Damn Lost to a Guy swtiching between pkms\n|\n|t:|1699753888\n|move|p1a: Gliscor|Spikes|p2a: Garganacl\n|-sidestart|p2: Sebas99sevilla|Spikes\n|move|p2a: Garganacl|Salt Cure|p1a: Gliscor\n|-damage|p1a: Gliscor|89\/100 tox\n|-start|p1a: Gliscor|Salt Cure\n|\n|-heal|p1a: Gliscor|100\/100 tox|[from] ability: Poison Heal\n|-damage|p1a: Gliscor|88\/100 tox|[from] Salt Cure\n|upkeep\n|turn|59\n|c|\u2606Iceman8911|lol\n|\n|t:|1699753894\n|switch|p2a: Weavile|Weavile, F|34\/100\n|-damage|p2a: Weavile|18\/100|[from] Spikes\n|-ability|p2a: Weavile|Pressure\n|move|p1a: Gliscor|Spikes|p2a: Weavile\n|-sidestart|p2: Sebas99sevilla|Spikes\n|\n|-heal|p1a: Gliscor|100\/100 tox|[from] ability: Poison Heal\n|-damage|p1a: Gliscor|88\/100 tox|[from] Salt Cure\n|upkeep\n|turn|60\n|\n|t:|1699753900\n|switch|p1a: Dondozo|Dondozo, F, shiny|70\/100 slp\n|move|p2a: Weavile|Swords Dance|p2a: Weavile\n|-boost|p2a: Weavile|atk|2\n|\n|upkeep\n|turn|61\n|\n|t:|1699753905\n|move|p2a: Weavile|Knock Off|p1a: Dondozo\n|-damage|p1a: Dondozo|55\/100 slp\n|cant|p1a: Dondozo|slp\n|move|p1a: Dondozo|Sleep Talk|p1a: Dondozo\n|move|p1a: Dondozo|Liquidation|p2a: Weavile|[from]move: Sleep Talk\n|-damage|p2a: Weavile|0 fnt\n|faint|p2a: Weavile\n|\n|upkeep\n|c|\u2606Sebas99sevilla|GG man, sad i did not bring a stall destroyer team\n|c|\u2606Iceman8911|unfortunate\n|inactive|Sebas99sevilla has 120 seconds left.\n|-message|Sebas99sevilla forfeited.\n|\n|win|Iceman8911\n|raw|Iceman8911's rating: 1749 &rarr; <strong>1771<\/strong><br \/>(+22 for winning)\n|raw|Sebas99sevilla's rating: 1776 &rarr; <strong>1754<\/strong><br \/>(-22 for losing)\n|l|\u2606Sebas99sevilla\n","uploadtime":1699753941,"views":9,"p1id":"iceman8911","p2id":"sebas99sevilla","formatid":"gen9ou","rating":1754,"private":0,"password":""}