{"id":"gen9ou-1995592982","p1":"PLAYB0I R0BBIE B","p2":"Lohashka","format":"[Gen 9] OU","log":"|j|\u2606PLAYB0I R0BBIE B\n|j|\u2606Lohashka\n|t:|1700585747\n|gametype|singles\n|player|p1|PLAYB0I R0BBIE B|eusine|1353\n|player|p2|Lohashka|elesa-gen5bw2|1352\n|teamsize|p1|6\n|teamsize|p2|6\n|gen|9\n|tier|[Gen 9] OU\n|rated|\n|rule|Sleep Clause Mod: Limit one foe put to sleep\n|rule|Species Clause: Limit one of each Pok\u00e9mon\n|rule|OHKO Clause: OHKO moves are banned\n|rule|Evasion Items Clause: Evasion items are banned\n|rule|Evasion Moves Clause: Evasion moves are banned\n|rule|Endless Battle Clause: Forcing endless battles is banned\n|rule|HP Percentage Mod: HP is shown in percentages\n|clearpoke\n|poke|p1|Meowscarada, F|\n|poke|p1|Heatran, F|\n|poke|p1|Thundurus-Therian, M|\n|poke|p1|Dragapult, F|\n|poke|p1|Great Tusk|\n|poke|p1|Azumarill, F|\n|poke|p2|Samurott-Hisui, M|\n|poke|p2|Landorus-Therian, M|\n|poke|p2|Gholdengo|\n|poke|p2|Zamazenta-*|\n|poke|p2|Iron Valiant|\n|poke|p2|Slowking-Galar, F|\n|teampreview\n|\n|t:|1700585756\n|start\n|switch|p1a: SICKO MODE|Meowscarada, F|100\/100\n|switch|p2a: Landorus|Landorus-Therian, M|100\/100\n|-ability|p2a: Landorus|Intimidate|boost\n|-unboost|p1a: SICKO MODE|atk|1\n|turn|1\n|\n|t:|1700585765\n|switch|p1a: CAN'T SAY|Azumarill, F|100\/100\n|move|p2a: Landorus|U-turn|p1a: CAN'T SAY\n|-resisted|p1a: CAN'T SAY\n|-damage|p1a: CAN'T SAY|90\/100\n|\n|t:|1700585801\n|switch|p2a: Iron Valiant|Iron Valiant|100\/100|[from] U-turn\n|\n|upkeep\n|turn|2\n|\n|t:|1700585808\n|move|p2a: Iron Valiant|Thunderbolt|p1a: CAN'T SAY\n|-supereffective|p1a: CAN'T SAY\n|-damage|p1a: CAN'T SAY|47\/100\n|move|p1a: CAN'T SAY|Play Rough|p2a: Iron Valiant\n|-supereffective|p2a: Iron Valiant\n|-damage|p2a: Iron Valiant|0 fnt\n|faint|p2a: Iron Valiant\n|-end|p2a: Iron Valiant|Quark Drive|[silent]\n|\n|upkeep\n|\n|t:|1700585819\n|switch|p2a: Slowking|Slowking-Galar, F|100\/100\n|turn|3\n|\n|t:|1700585823\n|switch|p1a: 5% TINT|Heatran, F|100\/100\n|-item|p1a: 5% TINT|Air Balloon\n|move|p2a: Slowking|Sludge Bomb|p1a: 5% TINT\n|-immune|p1a: 5% TINT\n|\n|upkeep\n|turn|4\n|\n|t:|1700585832\n|move|p1a: 5% TINT|Magma Storm|p2a: Slowking\n|-damage|p2a: Slowking|66\/100\n|-activate|p2a: Slowking|move: Magma Storm|[of] p1a: 5% TINT\n|move|p2a: Slowking|Surf|p1a: 5% TINT\n|-supereffective|p1a: 5% TINT\n|-damage|p1a: 5% TINT|61\/100\n|-enditem|p1a: 5% TINT|Air Balloon\n|\n|-damage|p2a: Slowking|54\/100|[from] move: Magma Storm|[partiallytrapped]\n|upkeep\n|turn|5\n|\n|t:|1700585843\n|move|p1a: 5% TINT|Taunt|p2a: Slowking\n|-start|p2a: Slowking|move: Taunt\n|cant|p2a: Slowking|move: Taunt|Chilly Reception\n|\n|-damage|p2a: Slowking|41\/100|[from] move: Magma Storm|[partiallytrapped]\n|upkeep\n|turn|6\n|\n|t:|1700585849\n|move|p1a: 5% TINT|Earth Power|p2a: Slowking\n|-supereffective|p2a: Slowking\n|-damage|p2a: Slowking|0 fnt\n|faint|p2a: Slowking\n|\n|upkeep\n|\n|t:|1700585855\n|switch|p2a: Samurott|Samurott-Hisui, M|100\/100\n|turn|7\n|\n|t:|1700585860\n|switch|p1a: CAN'T SAY|Azumarill, F|47\/100\n|move|p2a: Samurott|Ceaseless Edge|p1a: CAN'T SAY\n|-resisted|p1a: CAN'T SAY\n|-damage|p1a: CAN'T SAY|25\/100\n|-sidestart|p1: PLAYB0I R0BBIE B|Spikes\n|\n|upkeep\n|turn|8\n|\n|t:|1700585869\n|move|p2a: Samurott|Razor Shell|p1a: CAN'T SAY\n|-resisted|p1a: CAN'T SAY\n|-damage|p1a: CAN'T SAY|0 fnt\n|faint|p1a: CAN'T SAY\n|\n|upkeep\n|\n|t:|1700585874\n|switch|p1a: SICKO MODE|Meowscarada, F|100\/100\n|-damage|p1a: SICKO MODE|88\/100|[from] Spikes\n|turn|9\n|\n|t:|1700585880\n|switch|p2a: Landorus|Landorus-Therian, M|100\/100\n|-ability|p2a: Landorus|Intimidate|boost\n|-unboost|p1a: SICKO MODE|atk|1\n|move|p1a: SICKO MODE|U-turn|p2a: Landorus\n|-start|p1a: SICKO MODE|typechange|Bug|[from] ability: Protean\n|-resisted|p2a: Landorus\n|-damage|p2a: Landorus|86\/100\n|-damage|p1a: SICKO MODE|72\/100|[from] item: Rocky Helmet|[of] p2a: Landorus\n|\n|t:|1700585890\n|switch|p1a: ASTROTHUNDER|Thundurus-Therian, M|100\/100|[from] U-turn\n|\n|upkeep\n|turn|10\n|\n|t:|1700585898\n|-terastallize|p1a: ASTROTHUNDER|Flying\n|move|p1a: ASTROTHUNDER|Tera Blast|p2a: Landorus|[anim] Tera Blast Flying\n|-damage|p2a: Landorus|0 fnt\n|faint|p2a: Landorus\n|\n|upkeep\n|\n|t:|1700585910\n|switch|p2a: Gholdengo|Gholdengo|100\/100\n|-item|p2a: Gholdengo|Air Balloon\n|turn|11\n|\n|t:|1700585922\n|switch|p1a: 5% TINT|Heatran, F|61\/100\n|-damage|p1a: 5% TINT|49\/100|[from] Spikes\n|move|p2a: Gholdengo|Make It Rain|p1a: 5% TINT\n|-resisted|p1a: 5% TINT\n|-damage|p1a: 5% TINT|35\/100\n|-unboost|p2a: Gholdengo|spa|1\n|\n|upkeep\n|turn|12\n|\n|t:|1700585937\n|switch|p2a: Samurott|Samurott-Hisui, M|100\/100\n|move|p1a: 5% TINT|Magma Storm|p2a: Samurott\n|-resisted|p2a: Samurott\n|-damage|p2a: Samurott|61\/100\n|-activate|p2a: Samurott|move: Magma Storm|[of] p1a: 5% TINT\n|\n|-damage|p2a: Samurott|49\/100|[from] move: Magma Storm|[partiallytrapped]\n|upkeep\n|turn|13\n|\n|t:|1700585945\n|move|p2a: Samurott|Razor Shell|p1a: 5% TINT\n|-supereffective|p1a: 5% TINT\n|-damage|p1a: 5% TINT|0 fnt\n|faint|p1a: 5% TINT\n|\n|-end|p2a: Samurott|Magma Storm|[partiallytrapped]|[silent]\n|upkeep\n|\n|t:|1700585947\n|switch|p1a: SICKO MODE|Meowscarada, F|72\/100\n|-damage|p1a: SICKO MODE|60\/100|[from] Spikes\n|turn|14\n|\n|t:|1700585956\n|switch|p2a: Zamazenta|Zamazenta|100\/100\n|-ability|p2a: Zamazenta|Dauntless Shield|boost\n|-boost|p2a: Zamazenta|def|1\n|move|p1a: SICKO MODE|Flower Trick|p2a: Zamazenta\n|-start|p1a: SICKO MODE|typechange|Grass|[from] ability: Protean\n|-crit|p2a: Zamazenta\n|-damage|p2a: Zamazenta|32\/100\n|\n|upkeep\n|turn|15\n|\n|t:|1700585968\n|switch|p1a: YOSEMITE|Great Tusk|100\/100\n|move|p2a: Zamazenta|Close Combat|p1a: YOSEMITE\n|-damage|p1a: YOSEMITE|60\/100\n|-unboost|p2a: Zamazenta|def|1\n|-unboost|p2a: Zamazenta|spd|1\n|\n|upkeep\n|turn|16\n|\n|t:|1700585978\n|switch|p2a: Gholdengo|Gholdengo|100\/100\n|-item|p2a: Gholdengo|Air Balloon\n|move|p1a: YOSEMITE|Ice Spinner|p2a: Gholdengo\n|-resisted|p2a: Gholdengo\n|-damage|p2a: Gholdengo|85\/100\n|-enditem|p2a: Gholdengo|Air Balloon\n|\n|upkeep\n|turn|17\n|\n|t:|1700585997\n|-terastallize|p2a: Gholdengo|Fairy\n|move|p1a: YOSEMITE|Headlong Rush|p2a: Gholdengo\n|-damage|p2a: Gholdengo|16\/100\n|-unboost|p1a: YOSEMITE|def|1\n|-unboost|p1a: YOSEMITE|spd|1\n|move|p2a: Gholdengo|Make It Rain|p1a: YOSEMITE\n|-damage|p1a: YOSEMITE|0 fnt\n|-unboost|p2a: Gholdengo|spa|1\n|faint|p1a: YOSEMITE\n|-end|p1a: YOSEMITE|Protosynthesis|[silent]\n|\n|upkeep\n|\n|t:|1700586003\n|switch|p1a: ASTROTHUNDER|Thundurus-Therian, M, tera:Flying|100\/100\n|turn|18\n|\n|t:|1700586011\n|move|p1a: ASTROTHUNDER|Volt Switch|p2a: Gholdengo\n|-damage|p2a: Gholdengo|0 fnt\n|faint|p2a: Gholdengo\n|\n|t:|1700586014\n|switch|p1a: NO BYSTANDERS|Dragapult, F|100\/100|[from] Volt Switch\n|\n|upkeep\n|\n|t:|1700586023\n|switch|p2a: Samurott|Samurott-Hisui, M|49\/100\n|turn|19\n|\n|t:|1700586028\n|move|p2a: Samurott|Sucker Punch|p1a: NO BYSTANDERS\n|-supereffective|p1a: NO BYSTANDERS\n|-damage|p1a: NO BYSTANDERS|4\/100\n|move|p1a: NO BYSTANDERS|U-turn|p2a: Samurott\n|-supereffective|p2a: Samurott\n|-damage|p2a: Samurott|6\/100\n|\n|t:|1700586031\n|switch|p1a: SICKO MODE|Meowscarada, F|60\/100|[from] U-turn\n|-damage|p1a: SICKO MODE|47\/100|[from] Spikes\n|\n|upkeep\n|turn|20\n|\n|t:|1700586040\n|move|p2a: Samurott|Sucker Punch|p1a: SICKO MODE\n|-resisted|p1a: SICKO MODE\n|-damage|p1a: SICKO MODE|22\/100\n|move|p1a: SICKO MODE|Flower Trick|p2a: Samurott\n|-start|p1a: SICKO MODE|typechange|Grass|[from] ability: Protean\n|-supereffective|p2a: Samurott\n|-crit|p2a: Samurott\n|-damage|p2a: Samurott|0 fnt\n|faint|p2a: Samurott\n|\n|upkeep\n|\n|t:|1700586049\n|switch|p2a: Zamazenta|Zamazenta|32\/100\n|turn|21\n|\n|t:|1700586067\n|move|p2a: Zamazenta|Close Combat|p1a: SICKO MODE\n|-damage|p1a: SICKO MODE|0 fnt\n|-unboost|p2a: Zamazenta|def|1\n|-unboost|p2a: Zamazenta|spd|1\n|faint|p1a: SICKO MODE\n|\n|upkeep\n|inactive|Battle timer is ON: inactive players will automatically lose when time's up. (requested by PLAYB0I R0BBIE B)\n|\n|t:|1700586071\n|switch|p1a: NO BYSTANDERS|Dragapult, F|4\/100\n|turn|22\n|\n|t:|1700586074\n|move|p1a: NO BYSTANDERS|Hex|p2a: Zamazenta\n|-crit|p2a: Zamazenta\n|-damage|p2a: Zamazenta|0 fnt\n|faint|p2a: Zamazenta\n|\n|win|PLAYB0I R0BBIE B\n|raw|PLAYB0I R0BBIE B's rating: 1353 &rarr; <strong>1373<\/strong><br \/>(+20 for winning)\n|raw|Lohashka's rating: 1352 &rarr; <strong>1332<\/strong><br \/>(-20 for losing)\n","uploadtime":1700586078,"views":1,"p1id":"playb0ir0bbieb","p2id":"lohashka","formatid":"gen9ou","rating":1332,"private":0,"password":""}