{"id":"gen9ou-1998299293","p1":"geoffreybezos","p2":"morlyaur","format":"[Gen 9] OU","log":"|j|\u2606geoffreybezos\n|j|\u2606morlyaur\n|t:|1700926503\n|gametype|singles\n|player|p1|geoffreybezos|depotagent|1068\n|player|p2|morlyaur|artist-gen4|1152\n|teamsize|p1|6\n|teamsize|p2|6\n|gen|9\n|tier|[Gen 9] OU\n|rated|\n|rule|Sleep Clause Mod: Limit one foe put to sleep\n|rule|Species Clause: Limit one of each Pok\u00e9mon\n|rule|OHKO Clause: OHKO moves are banned\n|rule|Evasion Items Clause: Evasion items are banned\n|rule|Evasion Moves Clause: Evasion moves are banned\n|rule|Endless Battle Clause: Forcing endless battles is banned\n|rule|HP Percentage Mod: HP is shown in percentages\n|clearpoke\n|poke|p1|Scovillain, F|\n|poke|p1|Ribombee, F|\n|poke|p1|Mamoswine, M|\n|poke|p1|Quaquaval, F|\n|poke|p1|Goodra-Hisui, M|\n|poke|p1|Ninetales, F|\n|poke|p2|Cinderace, M|\n|poke|p2|Dragapult, M|\n|poke|p2|Iron Valiant|\n|poke|p2|Kingambit, F|\n|poke|p2|Ting-Lu|\n|poke|p2|Gholdengo|\n|teampreview\n|\n|t:|1700926510\n|start\n|switch|p1a: Ribombee|Ribombee, F|100\/100\n|switch|p2a: Dragapult|Dragapult, M|100\/100\n|turn|1\n|\n|t:|1700926512\n|move|p2a: Dragapult|Dragon Darts|p1a: Ribombee\n|-immune|p1a: Ribombee\n|move|p1a: Ribombee|Stun Spore|p2a: Dragapult\n|-status|p2a: Dragapult|par\n|\n|upkeep\n|turn|2\n|\n|t:|1700926517\n|move|p1a: Ribombee|Sticky Web|p2a: Dragapult\n|-sidestart|p2: morlyaur|move: Sticky Web\n|move|p2a: Dragapult|Will-O-Wisp|p1a: Ribombee\n|-status|p1a: Ribombee|brn\n|\n|-damage|p1a: Ribombee|94\/100 brn|[from] brn\n|upkeep\n|turn|3\n|\n|t:|1700926520\n|move|p1a: Ribombee|Tailwind|p1a: Ribombee\n|-sidestart|p1: geoffreybezos|move: Tailwind\n|move|p2a: Dragapult|Hex|p1a: Ribombee\n|-damage|p1a: Ribombee|17\/100 brn\n|\n|-damage|p1a: Ribombee|11\/100 brn|[from] brn\n|upkeep\n|turn|4\n|\n|t:|1700926524\n|move|p1a: Ribombee|U-turn|p2a: Dragapult\n|-resisted|p2a: Dragapult\n|-crit|p2a: Dragapult\n|-damage|p2a: Dragapult|92\/100 par\n|\n|t:|1700926526\n|switch|p1a: Ninetales|Ninetales, F|100\/100|[from] U-turn\n|-weather|SunnyDay|[from] ability: Drought|[of] p1a: Ninetales\n|move|p2a: Dragapult|U-turn|p1a: Ninetales\n|-resisted|p1a: Ninetales\n|-crit|p1a: Ninetales\n|-damage|p1a: Ninetales|83\/100\n|\n|t:|1700926534\n|switch|p2a: Cinderace|Cinderace, M|100\/100|[from] U-turn\n|\n|-weather|SunnyDay|[upkeep]\n|upkeep\n|turn|5\n|\n|t:|1700926540\n|switch|p1a: Quaquaval|Quaquaval, F|100\/100\n|move|p2a: Cinderace|Court Change|p2a: Cinderace\n|-swapsideconditions\n|-activate|p2a: Cinderace|move: Court Change\n|\n|-weather|SunnyDay|[upkeep]\n|upkeep\n|turn|6\n|\n|t:|1700926546\n|move|p2a: Cinderace|Will-O-Wisp|p1a: Quaquaval\n|-status|p1a: Quaquaval|brn\n|move|p1a: Quaquaval|Swords Dance|p1a: Quaquaval\n|-boost|p1a: Quaquaval|atk|2\n|\n|-weather|SunnyDay|[upkeep]\n|-damage|p1a: Quaquaval|94\/100 brn|[from] brn\n|-sideend|p2: morlyaur|move: Tailwind\n|upkeep\n|turn|7\n|\n|t:|1700926551\n|move|p2a: Cinderace|U-turn|p1a: Quaquaval\n|-resisted|p1a: Quaquaval\n|-damage|p1a: Quaquaval|82\/100 brn\n|\n|t:|1700926557\n|switch|p2a: Gholdengo|Gholdengo|100\/100|[from] U-turn\n|-item|p2a: Gholdengo|Air Balloon\n|move|p1a: Quaquaval|Swords Dance|p1a: Quaquaval\n|-boost|p1a: Quaquaval|atk|2\n|\n|-weather|SunnyDay|[upkeep]\n|-heal|p1a: Quaquaval|88\/100 brn|[from] item: Leftovers\n|-damage|p1a: Quaquaval|82\/100 brn|[from] brn\n|upkeep\n|turn|8\n|\n|t:|1700926566\n|move|p1a: Quaquaval|Knock Off|p2a: Gholdengo\n|-supereffective|p2a: Gholdengo\n|-damage|p2a: Gholdengo|0 fnt\n|-enditem|p2a: Gholdengo|Air Balloon\n|faint|p2a: Gholdengo\n|-ability|p1a: Quaquaval|Moxie|boost\n|-boost|p1a: Quaquaval|atk|1\n|\n|-weather|SunnyDay|[upkeep]\n|-heal|p1a: Quaquaval|88\/100 brn|[from] item: Leftovers\n|-damage|p1a: Quaquaval|82\/100 brn|[from] brn\n|upkeep\n|\n|t:|1700926580\n|switch|p2a: Iron Valiant|Iron Valiant|100\/100\n|-enditem|p2a: Iron Valiant|Booster Energy\n|-activate|p2a: Iron Valiant|ability: Quark Drive|[fromitem]\n|-start|p2a: Iron Valiant|quarkdrivespe\n|turn|9\n|\n|t:|1700926585\n|move|p2a: Iron Valiant|Encore|p1a: Quaquaval\n|-start|p1a: Quaquaval|Encore\n|move|p1a: Quaquaval|Knock Off|p2a: Iron Valiant\n|-resisted|p2a: Iron Valiant\n|-crit|p2a: Iron Valiant\n|-damage|p2a: Iron Valiant|83\/100\n|\n|-weather|SunnyDay|[upkeep]\n|-heal|p1a: Quaquaval|88\/100 brn|[from] item: Leftovers\n|-damage|p1a: Quaquaval|82\/100 brn|[from] brn\n|upkeep\n|turn|10\n|\n|t:|1700926598\n|switch|p1a: Ribombee|Ribombee, F|11\/100 brn\n|-activate|p1a: Ribombee|move: Sticky Web\n|-unboost|p1a: Ribombee|spe|1\n|move|p2a: Iron Valiant|Swords Dance|p2a: Iron Valiant\n|-boost|p2a: Iron Valiant|atk|2\n|\n|-weather|SunnyDay|[upkeep]\n|-damage|p1a: Ribombee|5\/100 brn|[from] brn\n|upkeep\n|turn|11\n|\n|t:|1700926602\n|move|p2a: Iron Valiant|Knock Off|p1a: Ribombee\n|-resisted|p1a: Ribombee\n|-damage|p1a: Ribombee|0 fnt\n|-enditem|p1a: Ribombee|Focus Sash|[from] move: Knock Off|[of] p2a: Iron Valiant\n|faint|p1a: Ribombee\n|\n|-weather|none\n|upkeep\n|\n|t:|1700926606\n|switch|p1a: Ninetales|Ninetales, F|83\/100\n|-activate|p1a: Ninetales|move: Sticky Web\n|-unboost|p1a: Ninetales|spe|1\n|-weather|SunnyDay|[from] ability: Drought|[of] p1a: Ninetales\n|turn|12\n|\n|t:|1700926608\n|move|p2a: Iron Valiant|Close Combat|p1a: Ninetales\n|-damage|p1a: Ninetales|0 fnt\n|-unboost|p2a: Iron Valiant|def|1\n|-unboost|p2a: Iron Valiant|spd|1\n|faint|p1a: Ninetales\n|\n|-weather|SunnyDay|[upkeep]\n|upkeep\n|\n|t:|1700926611\n|switch|p1a: Scovillain|Scovillain, F|100\/100\n|-activate|p1a: Scovillain|move: Sticky Web\n|-unboost|p1a: Scovillain|spe|1\n|turn|13\n|\n|t:|1700926614\n|move|p1a: Scovillain|Protect|p1a: Scovillain\n|-singleturn|p1a: Scovillain|Protect\n|move|p2a: Iron Valiant|Close Combat|p1a: Scovillain\n|-activate|p1a: Scovillain|move: Protect\n|\n|-weather|SunnyDay|[upkeep]\n|upkeep\n|turn|14\n|\n|t:|1700926617\n|move|p2a: Iron Valiant|Close Combat|p1a: Scovillain\n|-damage|p1a: Scovillain|0 fnt\n|-unboost|p2a: Iron Valiant|def|1\n|-unboost|p2a: Iron Valiant|spd|1\n|faint|p1a: Scovillain\n|\n|-weather|SunnyDay|[upkeep]\n|upkeep\n|\n|t:|1700926621\n|switch|p1a: Mamoswine|Mamoswine, M|100\/100\n|-activate|p1a: Mamoswine|move: Sticky Web\n|-unboost|p1a: Mamoswine|spe|1\n|turn|15\n|\n|t:|1700926624\n|move|p1a: Mamoswine|Ice Shard|p2a: Iron Valiant\n|-damage|p2a: Iron Valiant|26\/100\n|move|p2a: Iron Valiant|Close Combat|p1a: Mamoswine\n|-supereffective|p1a: Mamoswine\n|-enditem|p1a: Mamoswine|Focus Sash\n|-damage|p1a: Mamoswine|1\/100\n|-unboost|p2a: Iron Valiant|def|1\n|-unboost|p2a: Iron Valiant|spd|1\n|\n|-weather|SunnyDay|[upkeep]\n|upkeep\n|turn|16\n|\n|t:|1700926635\n|move|p1a: Mamoswine|Ice Shard|p2a: Iron Valiant\n|-damage|p2a: Iron Valiant|0 fnt\n|faint|p2a: Iron Valiant\n|-end|p2a: Iron Valiant|Quark Drive|[silent]\n|\n|-weather|SunnyDay|[upkeep]\n|upkeep\n|\n|t:|1700926640\n|switch|p2a: Cinderace|Cinderace, M|100\/100\n|turn|17\n|\n|t:|1700926643\n|move|p2a: Cinderace|U-turn|p1a: Mamoswine\n|-damage|p1a: Mamoswine|0 fnt\n|faint|p1a: Mamoswine\n|\n|t:|1700926651\n|switch|p2a: Dragapult|Dragapult, M|92\/100 par|[from] U-turn\n|\n|-weather|SunnyDay|[upkeep]\n|-heal|p2a: Dragapult|98\/100 par|[from] item: Leftovers\n|upkeep\n|\n|t:|1700926654\n|switch|p1a: Goodra|Goodra-Hisui, M|100\/100\n|-activate|p1a: Goodra|move: Sticky Web\n|-unboost|p1a: Goodra|spe|1\n|turn|18\n|\n|t:|1700926665\n|switch|p2a: Ting-Lu|Ting-Lu|100\/100\n|-ability|p2a: Ting-Lu|Vessel of Ruin\n|move|p1a: Goodra|Draco Meteor|p2a: Ting-Lu\n|-damage|p2a: Ting-Lu|79\/100\n|-unboost|p1a: Goodra|spa|2\n|\n|-weather|SunnyDay|[upkeep]\n|-heal|p2a: Ting-Lu|85\/100|[from] item: Leftovers\n|upkeep\n|turn|19\n|-message|geoffreybezos forfeited.\n|\n|win|morlyaur\n|raw|geoffreybezos's rating: 1068 &rarr; <strong>1051<\/strong><br \/>(-17 for losing)\n|raw|morlyaur's rating: 1131 &rarr; <strong>1152<\/strong><br \/>(+21 for winning)\n","uploadtime":1700926672,"views":1,"p1id":"geoffreybezos","p2id":"morlyaur","formatid":"gen9ou","rating":1051,"private":0,"password":""}