{"id":"gen9ou-1994023755","p1":"liltottofan","p2":"OBY1999","format":"[Gen 9] OU","log":"|j|\u2606liltottofan\n|j|\u2606OBY1999\n|t:|1700395468\n|gametype|singles\n|player|p1|liltottofan|wallace|1151\n|player|p2|OBY1999|may|1118\n|teamsize|p1|6\n|teamsize|p2|6\n|gen|9\n|tier|[Gen 9] OU\n|rated|\n|rule|Sleep Clause Mod: Limit one foe put to sleep\n|rule|Species Clause: Limit one of each Pok\u00e9mon\n|rule|OHKO Clause: OHKO moves are banned\n|rule|Evasion Items Clause: Evasion items are banned\n|rule|Evasion Moves Clause: Evasion moves are banned\n|rule|Endless Battle Clause: Forcing endless battles is banned\n|rule|HP Percentage Mod: HP is shown in percentages\n|clearpoke\n|poke|p1|Amoonguss, F|\n|poke|p1|Weavile, M|\n|poke|p1|Weezing-Galar, F|\n|poke|p1|Grimmsnarl, M|\n|poke|p1|Iron Valiant|\n|poke|p1|Dragapult, M|\n|poke|p2|Golem, F|\n|poke|p2|Gyarados, M|\n|poke|p2|Maushold|\n|poke|p2|Pawmot, F|\n|poke|p2|Shiftry, M|\n|poke|p2|Ditto|\n|teampreview\n|inactive|Battle timer is ON: inactive players will automatically lose when time's up. (requested by OBY1999)\n|\n|t:|1700395474\n|start\n|switch|p1a: Grimmsnarl|Grimmsnarl, M|100\/100\n|switch|p2a: Shiftry|Shiftry, M, shiny|100\/100\n|turn|1\n|\n|t:|1700395482\n|move|p1a: Grimmsnarl|Fake Out|p2a: Shiftry\n|-damage|p2a: Shiftry|85\/100\n|cant|p2a: Shiftry|flinch\n|\n|upkeep\n|turn|2\n|\n|t:|1700395486\n|move|p1a: Grimmsnarl|Light Screen|p1a: Grimmsnarl\n|-sidestart|p1: liltottofan|move: Light Screen\n|move|p2a: Shiftry|Tailwind|p2a: Shiftry\n|-sidestart|p2: OBY1999|move: Tailwind\n|-ability|p2a: Shiftry|Wind Rider|boost\n|-boost|p2a: Shiftry|atk|1\n|\n|upkeep\n|turn|3\n|\n|t:|1700395490\n|move|p1a: Grimmsnarl|Reflect|p1a: Grimmsnarl\n|-sidestart|p1: liltottofan|Reflect\n|move|p2a: Shiftry|Knock Off|p1a: Grimmsnarl\n|-resisted|p1a: Grimmsnarl\n|-damage|p1a: Grimmsnarl|91\/100\n|-enditem|p1a: Grimmsnarl|Light Clay|[from] move: Knock Off|[of] p2a: Shiftry\n|\n|upkeep\n|turn|4\n|\n|t:|1700395494\n|move|p1a: Grimmsnarl|Parting Shot|p2a: Shiftry\n|-hint|Since gen 7, Dark is immune to Prankster moves.\n|-immune|p2a: Shiftry\n|move|p2a: Shiftry|Leaf Blade|p1a: Grimmsnarl\n|-damage|p1a: Grimmsnarl|59\/100\n|\n|upkeep\n|turn|5\n|\n|t:|1700395504\n|switch|p1a: Iron Valiant|Iron Valiant|100\/100\n|-enditem|p1a: Iron Valiant|Booster Energy\n|-activate|p1a: Iron Valiant|ability: Quark Drive|[fromitem]\n|-start|p1a: Iron Valiant|quarkdrivespe\n|move|p2a: Shiftry|Leaf Blade|p1a: Iron Valiant\n|-crit|p1a: Iron Valiant\n|-damage|p1a: Iron Valiant|0 fnt\n|faint|p1a: Iron Valiant\n|-end|p1a: Iron Valiant|Quark Drive|[silent]\n|\n|-sideend|p2: OBY1999|move: Tailwind\n|upkeep\n|c|\u2606liltottofan|girl\n|\n|t:|1700395518\n|switch|p1a: Dragapult|Dragapult, M, shiny|100\/100\n|turn|6\n|c|\u2606OBY1999|im no girl\n|c|\u2606liltottofan|ok cvnt\n|c|\u2606OBY1999|reported\n|\n|t:|1700395538\n|move|p1a: Dragapult|Dragon Darts|p2a: Shiftry\n|-damage|p2a: Shiftry|39\/100\n|-anim|p1a: Dragapult|Dragon Darts|p2a: Shiftry\n|-damage|p2a: Shiftry|0 fnt\n|faint|p2a: Shiftry\n|\n|upkeep\n|c|\u2606liltottofan|yazz\n|c|\u2606liltottofan|GIRL\n|inactive|OBY1999 has 120 seconds left.\n|c|\u2606liltottofan|CAN U PLZ HURRY UP REPORTING\n|inactive|OBY1999 has 90 seconds left.\n|\n|t:|1700395602\n|switch|p2a: Ditto|Ditto, shiny|100\/100\n|-transform|p2a: Ditto|p1a: Dragapult|[from] ability: Imposter\n|turn|7\n|\n|t:|1700395612\n|-terastallize|p2a: Ditto|Steel\n|-terastallize|p1a: Dragapult|Poison\n|move|p2a: Ditto|Dragon Darts|p1a: Dragapult\n|-crit|p1a: Dragapult\n|-damage|p1a: Dragapult|44\/100\n|-anim|p2a: Ditto|Dragon Darts|p1a: Dragapult\n|-damage|p1a: Dragapult|9\/100\n|move|p1a: Dragapult|Dragon Darts|p2a: Ditto\n|-resisted|p2a: Ditto\n|-damage|p2a: Ditto|80\/100\n|-anim|p1a: Dragapult|Dragon Darts|p2a: Ditto\n|-resisted|p2a: Ditto\n|-damage|p2a: Ditto|61\/100\n|\n|upkeep\n|turn|8\n|\n|t:|1700395624\n|move|p2a: Ditto|Dragon Darts|p1a: Dragapult\n|-damage|p1a: Dragapult|0 fnt\n|faint|p1a: Dragapult\n|\n|upkeep\n|inactive|liltottofan has 120 seconds left.\n|c|\u2606liltottofan|I GOT WARN XX\n|\n|t:|1700395666\n|switch|p1a: Weezing|Weezing-Galar, F|100\/100\n|turn|9\n|inactive|OBY1999 has 90 seconds left.\n|\n|t:|1700395687\n|switch|p2a: Gyarados|Gyarados, M, shiny|100\/100\n|move|p1a: Weezing|Will-O-Wisp|p2a: Gyarados\n|-status|p2a: Gyarados|brn\n|\n|-damage|p2a: Gyarados|94\/100 brn|[from] brn\n|-sideend|p1: liltottofan|move: Light Screen\n|upkeep\n|turn|10\n|c|\u2606liltottofan|all my sweepers are gone\n|\n|t:|1700395700\n|switch|p1a: Grimmsnarl|Grimmsnarl, M|59\/100\n|move|p2a: Gyarados|Dragon Dance|p2a: Gyarados\n|-boost|p2a: Gyarados|atk|1\n|-boost|p2a: Gyarados|spe|1\n|\n|-damage|p2a: Gyarados|88\/100 brn|[from] brn\n|-sideend|p1: liltottofan|Reflect\n|upkeep\n|turn|11\n|\n|t:|1700395704\n|move|p1a: Grimmsnarl|Fake Out|p2a: Gyarados\n|-damage|p2a: Gyarados|75\/100 brn\n|cant|p2a: Gyarados|flinch\n|\n|-damage|p2a: Gyarados|69\/100 brn|[from] brn\n|upkeep\n|turn|12\n|\n|t:|1700395710\n|move|p1a: Grimmsnarl|Light Screen|p1a: Grimmsnarl\n|-sidestart|p1: liltottofan|move: Light Screen\n|move|p2a: Gyarados|Dragon Dance|p2a: Gyarados\n|-boost|p2a: Gyarados|atk|1\n|-boost|p2a: Gyarados|spe|1\n|\n|-damage|p2a: Gyarados|63\/100 brn|[from] brn\n|upkeep\n|turn|13\n|c|\u2606OBY1999|why fakeout in singles\n|c|\u2606OBY1999|waste of a move slot tbh\n|\n|t:|1700395717\n|move|p1a: Grimmsnarl|Reflect|p1a: Grimmsnarl\n|-sidestart|p1: liltottofan|Reflect\n|move|p2a: Gyarados|Dragon Dance|p2a: Gyarados\n|-boost|p2a: Gyarados|atk|1\n|-boost|p2a: Gyarados|spe|1\n|\n|-damage|p2a: Gyarados|57\/100 brn|[from] brn\n|upkeep\n|turn|14\n|\n|t:|1700395729\n|move|p1a: Grimmsnarl|Parting Shot|p2a: Gyarados\n|-fail|p2a: Gyarados|unboost|[from] item: Clear Amulet|[of] p2a: Gyarados\n|move|p2a: Gyarados|Waterfall|p1a: Grimmsnarl\n|-damage|p1a: Grimmsnarl|30\/100\n|\n|-damage|p2a: Gyarados|51\/100 brn|[from] brn\n|upkeep\n|turn|15\n|\n|t:|1700395738\n|move|p1a: Grimmsnarl|Parting Shot|p2a: Gyarados\n|-fail|p2a: Gyarados|unboost|[from] item: Clear Amulet|[of] p2a: Gyarados\n|move|p2a: Gyarados|Waterfall|p1a: Grimmsnarl\n|-damage|p1a: Grimmsnarl|0 fnt\n|faint|p1a: Grimmsnarl\n|-ability|p2a: Gyarados|Moxie|boost\n|-boost|p2a: Gyarados|atk|1\n|\n|-damage|p2a: Gyarados|45\/100 brn|[from] brn\n|upkeep\n|c|\u2606OBY1999|lma\n|c|\u2606OBY1999|o\n|c|\u2606OBY1999|you don't know how this item works?\n|\n|t:|1700395748\n|switch|p1a: Weavile|Weavile, M|100\/100\n|-ability|p1a: Weavile|Pressure\n|turn|16\n|\n|t:|1700395753\n|move|p1a: Weavile|Ice Shard|p2a: Gyarados\n|-damage|p2a: Gyarados|7\/100 brn\n|move|p2a: Gyarados|Earthquake|p1a: Weavile\n|-crit|p1a: Weavile\n|-damage|p1a: Weavile|0 fnt\n|faint|p1a: Weavile\n|-ability|p2a: Gyarados|Moxie|boost\n|-boost|p2a: Gyarados|atk|1\n|\n|-damage|p2a: Gyarados|0 fnt|[from] brn\n|faint|p2a: Gyarados\n|-sideend|p1: liltottofan|move: Light Screen\n|upkeep\n|c|\u2606OBY1999|get rekt kid\n|c|\u2606liltottofan|lucky with the crit\n|c|\u2606liltottofan|on my iron val\n|inactive|liltottofan has 120 seconds left.\n|\n|t:|1700395787\n|switch|p1a: Amoonguss|Amoonguss, F, shiny|100\/100\n|switch|p2a: VEGETA|Golem, F, shiny|100\/100\n|turn|17\n|c|\u2606OBY1999|I have four mons what are you talking about\n|c|\u2606OBY1999|this was over when it all started.\n|\n|t:|1700395800\n|switch|p2a: Ditto|Ditto, shiny, tera:Steel|61\/100\n|-transform|p2a: Ditto|p1a: Amoonguss|[from] ability: Imposter\n|move|p1a: Amoonguss|Spore|p2a: Ditto\n|-status|p2a: Ditto|slp|[from] move: Spore\n|\n|-sideend|p1: liltottofan|Reflect\n|upkeep\n|turn|18\n|\n|t:|1700395814\n|cant|p2a: Ditto|slp\n|move|p1a: Amoonguss|Foul Play|p2a: Ditto\n|-damage|p2a: Ditto|35\/100 slp\n|\n|upkeep\n|turn|19\n|\n|t:|1700395820\n|cant|p2a: Ditto|slp\n|move|p1a: Amoonguss|Foul Play|p2a: Ditto\n|-damage|p2a: Ditto|10\/100 slp\n|\n|upkeep\n|turn|20\n|c|\u2606liltottofan|its giving....\n|\n|t:|1700395831\n|cant|p2a: Ditto|slp\n|move|p1a: Amoonguss|Foul Play|p2a: Ditto\n|-crit|p2a: Ditto\n|-damage|p2a: Ditto|0 fnt\n|faint|p2a: Ditto\n|\n|upkeep\n|c|\u2606liltottofan|among-\n|\n|t:|1700395850\n|switch|p2a: Pawmot|Pawmot, F, shiny|100\/100\n|turn|21\n|\n|t:|1700395861\n|move|p2a: Pawmot|Revival Blessing|p2a: Pawmot\n|\n|t:|1700395862\n|-heal|p2: Shiftry|50\/100|[from] move: Revival Blessing\n|move|p1a: Amoonguss|Foul Play|p2a: Pawmot\n|-resisted|p2a: Pawmot\n|-damage|p2a: Pawmot|75\/100\n|\n|upkeep\n|turn|22\n|\n|t:|1700395870\n|move|p2a: Pawmot|Fire Punch|p1a: Amoonguss\n|-supereffective|p1a: Amoonguss\n|-damage|p1a: Amoonguss|50\/100\n|-damage|p2a: Pawmot|58\/100|[from] item: Rocky Helmet|[of] p1a: Amoonguss\n|move|p1a: Amoonguss|Foul Play|p2a: Pawmot\n|-resisted|p2a: Pawmot\n|-damage|p2a: Pawmot|32\/100\n|\n|upkeep\n|turn|23\n|\n|t:|1700395877\n|move|p2a: Pawmot|Fire Punch|p1a: Amoonguss\n|-supereffective|p1a: Amoonguss\n|-damage|p1a: Amoonguss|3\/100\n|-damage|p2a: Pawmot|15\/100|[from] item: Rocky Helmet|[of] p1a: Amoonguss\n|move|p1a: Amoonguss|Spore|p2a: Pawmot\n|-status|p2a: Pawmot|slp|[from] move: Spore\n|\n|upkeep\n|turn|24\n|\n|t:|1700395884\n|switch|p2a: Shiftry|Shiftry, M, shiny|50\/100\n|switch|p1a: Weezing|Weezing-Galar, F|100\/100\n|\n|upkeep\n|turn|25\n|\n|t:|1700395897\n|move|p2a: Shiftry|Knock Off|p1a: Weezing\n|-resisted|p1a: Weezing\n|-damage|p1a: Weezing|84\/100\n|-enditem|p1a: Weezing|Black Sludge|[from] move: Knock Off|[of] p2a: Shiftry\n|move|p1a: Weezing|Sludge Bomb|p2a: Shiftry\n|-supereffective|p2a: Shiftry\n|-damage|p2a: Shiftry|0 fnt\n|faint|p2a: Shiftry\n|\n|upkeep\n|\n|t:|1700395909\n|switch|p2a: VEGETA|Golem, F, shiny|100\/100\n|turn|26\n|\n|t:|1700395914\n|move|p1a: Weezing|Will-O-Wisp|p2a: VEGETA\n|-status|p2a: VEGETA|brn\n|move|p2a: VEGETA|Stone Edge|p1a: Weezing\n|-damage|p1a: Weezing|62\/100\n|\n|-damage|p2a: VEGETA|94\/100 brn|[from] brn\n|upkeep\n|turn|27\n|\n|t:|1700395922\n|move|p1a: Weezing|Strange Steam|p2a: VEGETA\n|-damage|p2a: VEGETA|61\/100 brn\n|move|p2a: VEGETA|Stone Edge|p1a: Weezing\n|-damage|p1a: Weezing|38\/100\n|\n|-damage|p2a: VEGETA|55\/100 brn|[from] brn\n|upkeep\n|turn|28\n|\n|t:|1700395926\n|move|p1a: Weezing|Strange Steam|p2a: VEGETA\n|-damage|p2a: VEGETA|25\/100 brn\n|-start|p2a: VEGETA|confusion\n|-activate|p2a: VEGETA|confusion\n|-damage|p2a: VEGETA|13\/100 brn|[from] confusion\n|\n|-damage|p2a: VEGETA|7\/100 brn|[from] brn\n|upkeep\n|turn|29\n|-enditem|p2a: VEGETA|Custap Berry|[eat]\n|-activate|p2a: VEGETA|item: Custap Berry|[consumed]\n|\n|t:|1700395932\n|-activate|p2a: VEGETA|confusion\n|move|p2a: VEGETA|Explosion|p1a: Weezing\n|-damage|p1a: Weezing|0 fnt\n|faint|p2a: VEGETA\n|faint|p1a: Weezing\n|\n|upkeep\n|\n|t:|1700395940\n|switch|p1a: Amoonguss|Amoonguss, F, shiny|37\/100\n|switch|p2a: Maushold|Maushold, shiny|100\/100\n|turn|30\n|\n|t:|1700395945\n|move|p2a: Maushold|Population Bomb|p1a: Amoonguss\n|-damage|p1a: Amoonguss|26\/100\n|-damage|p2a: Maushold|84\/100|[from] item: Rocky Helmet|[of] p1a: Amoonguss\n|-damage|p1a: Amoonguss|15\/100\n|-damage|p2a: Maushold|67\/100|[from] item: Rocky Helmet|[of] p1a: Amoonguss\n|-damage|p1a: Amoonguss|2\/100\n|-damage|p2a: Maushold|51\/100|[from] item: Rocky Helmet|[of] p1a: Amoonguss\n|-damage|p1a: Amoonguss|0 fnt\n|-damage|p2a: Maushold|34\/100|[from] item: Rocky Helmet|[of] p1a: Amoonguss\n|faint|p1a: Amoonguss\n|-hitcount|p1: Amoonguss|4\n|\n|win|OBY1999\n|raw|liltottofan's rating: 1151 &rarr; <strong>1124<\/strong><br \/>(-27 for losing)\n|raw|OBY1999's rating: 1118 &rarr; <strong>1145<\/strong><br \/>(+27 for winning)\n","uploadtime":1700395596,"views":6,"p1id":"liltottofan","p2id":"oby1999","formatid":"gen9ou","rating":1124,"private":0,"password":""}