{"id":"gen9ou-1992366649","p1":"SnackWasTaken","p2":"poo24","format":"[Gen 9] OU","log":"|j|\u2606SnackWasTaken\n|j|\u2606poo24\n|t:|1700179329\n|gametype|singles\n|player|p1|SnackWasTaken|skyla|1318\n|player|p2|poo24|bellelba|1343\n|teamsize|p1|6\n|teamsize|p2|6\n|gen|9\n|tier|[Gen 9] OU\n|rated|\n|rule|Sleep Clause Mod: Limit one foe put to sleep\n|rule|Species Clause: Limit one of each Pok\u00e9mon\n|rule|OHKO Clause: OHKO moves are banned\n|rule|Evasion Items Clause: Evasion items are banned\n|rule|Evasion Moves Clause: Evasion moves are banned\n|rule|Endless Battle Clause: Forcing endless battles is banned\n|rule|HP Percentage Mod: HP is shown in percentages\n|clearpoke\n|poke|p1|Alomomola, F|\n|poke|p1|Pawmot, F|\n|poke|p1|Cinderace, F|\n|poke|p1|Iron Valiant|\n|poke|p1|Scizor, F|\n|poke|p1|Tornadus-Therian, M|\n|poke|p2|Blissey, F|\n|poke|p2|Ditto|\n|poke|p2|Dondozo, F|\n|poke|p2|Toxapex, F|\n|poke|p2|Alomomola, M|\n|poke|p2|Ting-Lu|\n|teampreview\n|inactive|Battle timer is ON: inactive players will automatically lose when time's up. (requested by poo24)\n|\n|t:|1700179337\n|start\n|switch|p1a: MR BEAST|Cinderace, F, shiny|100\/100\n|switch|p2a: Relic|Ting-Lu|100\/100\n|-ability|p2a: Relic|Vessel of Ruin\n|turn|1\n|\n|t:|1700179340\n|move|p2a: Relic|Protect|p2a: Relic\n|-singleturn|p2a: Relic|Protect\n|move|p1a: MR BEAST|U-turn|p2a: Relic\n|-start|p1a: MR BEAST|typechange|Bug|[from] ability: Libero\n|-activate|p2a: Relic|move: Protect\n|\n|upkeep\n|turn|2\n|\n|t:|1700179346\n|move|p1a: MR BEAST|U-turn|p2a: Relic\n|-supereffective|p2a: Relic\n|-damage|p2a: Relic|62\/100\n|\n|t:|1700179353\n|switch|p1a: Alomomola|Alomomola, F|100\/100|[from] U-turn\n|move|p2a: Relic|Spikes|p1a: Alomomola\n|-sidestart|p1: SnackWasTaken|Spikes\n|\n|upkeep\n|turn|3\n|\n|t:|1700179356\n|move|p2a: Relic|Protect|p2a: Relic\n|-singleturn|p2a: Relic|Protect\n|move|p1a: Alomomola|Scald|p2a: Relic\n|-activate|p2a: Relic|move: Protect\n|\n|upkeep\n|turn|4\n|\n|t:|1700179360\n|switch|p2a: The greatest|Blissey, F, shiny|100\/100\n|move|p1a: Alomomola|Scald|p2a: The greatest\n|-damage|p2a: The greatest|96\/100\n|\n|upkeep\n|turn|5\n|\n|t:|1700179364\n|move|p2a: The greatest|Seismic Toss|p1a: Alomomola\n|-damage|p1a: Alomomola|82\/100\n|-damage|p2a: The greatest|80\/100|[from] item: Rocky Helmet|[of] p1a: Alomomola\n|move|p1a: Alomomola|Scald|p2a: The greatest\n|-damage|p2a: The greatest|75\/100\n|\n|upkeep\n|turn|6\n|\n|t:|1700179371\n|move|p2a: The greatest|Stealth Rock|p1a: Alomomola\n|-sidestart|p1: SnackWasTaken|move: Stealth Rock\n|move|p1a: Alomomola|Flip Turn|p2a: The greatest\n|-crit|p2a: The greatest\n|-damage|p2a: The greatest|50\/100\n|\n|t:|1700179374\n|switch|p1a: MR BEAST|Cinderace, F, shiny|100\/100|[from] Flip Turn\n|\n|upkeep\n|turn|7\n|\n|t:|1700179378\n|switch|p2a: Prickly queen|Toxapex, F, shiny|100\/100\n|move|p1a: MR BEAST|Court Change|p1a: MR BEAST\n|-start|p1a: MR BEAST|typechange|Normal|[from] ability: Libero\n|-swapsideconditions\n|-activate|p1a: MR BEAST|move: Court Change\n|\n|upkeep\n|turn|8\n|\n|t:|1700179381\n|move|p1a: MR BEAST|U-turn|p2a: Prickly queen\n|-resisted|p2a: Prickly queen\n|-damage|p2a: Prickly queen|94\/100\n|\n|t:|1700179390\n|switch|p1a: Pickachu|Pawmot, F|100\/100|[from] U-turn\n|move|p2a: Prickly queen|Toxic|p1a: Pickachu\n|-status|p1a: Pickachu|tox\n|\n|-damage|p1a: Pickachu|94\/100 tox|[from] psn\n|upkeep\n|turn|9\n|\n|t:|1700179396\n|switch|p2a: :)|Ditto, shiny|100\/100\n|-damage|p2a: :)|88\/100|[from] Spikes\n|-damage|p2a: :)|76\/100|[from] Stealth Rock\n|-transform|p2a: :)|p1a: Pickachu|[from] ability: Imposter\n|move|p1a: Pickachu|Knock Off|p2a: :)\n|-resisted|p2a: :)\n|-damage|p2a: :)|46\/100\n|-enditem|p2a: :)|Choice Scarf|[from] move: Knock Off|[of] p1a: Pickachu\n|-damage|p1a: Pickachu|84\/100 tox|[from] item: Life Orb\n|\n|-damage|p1a: Pickachu|72\/100 tox|[from] psn\n|upkeep\n|turn|10\n|\n|t:|1700179410\n|move|p2a: :)|Close Combat|p1a: Pickachu\n|-crit|p1a: Pickachu\n|-damage|p1a: Pickachu|0 fnt\n|-unboost|p2a: :)|def|1\n|-unboost|p2a: :)|spd|1\n|faint|p1a: Pickachu\n|\n|upkeep\n|\n|t:|1700179413\n|switch|p1a: MR BEAST|Cinderace, F, shiny|100\/100\n|turn|11\n|\n|t:|1700179416\n|move|p1a: MR BEAST|Pyro Ball|p2a: :)|[miss]\n|-miss|p1a: MR BEAST|p2a: :)\n|move|p2a: :)|Double Shock|p1a: MR BEAST\n|-crit|p1a: MR BEAST\n|-damage|p1a: MR BEAST|0 fnt\n|-start|p2a: :)|typechange|???\/Fighting|[from] move: Double Shock\n|faint|p1a: MR BEAST\n|\n|upkeep\n|c|\u2606poo24|well\n|\n|t:|1700179426\n|switch|p1a: Scizor|Scizor, F|100\/100\n|turn|12\n|\n|t:|1700179430\n|switch|p2a: Fly me to the moon|Alomomola, M, shiny|100\/100\n|move|p1a: Scizor|Bullet Punch|p2a: Fly me to the moon\n|-resisted|p2a: Fly me to the moon\n|-damage|p2a: Fly me to the moon|92\/100\n|\n|upkeep\n|turn|13\n|\n|t:|1700179435\n|move|p1a: Scizor|Swords Dance|p1a: Scizor\n|-boost|p1a: Scizor|atk|2\n|move|p2a: Fly me to the moon|Whirlpool|p1a: Scizor\n|-damage|p1a: Scizor|93\/100\n|-activate|p1a: Scizor|move: Whirlpool|[of] p2a: Fly me to the moon\n|\n|-heal|p1a: Scizor|99\/100|[from] item: Leftovers\n|-damage|p1a: Scizor|87\/100|[from] move: Whirlpool|[partiallytrapped]\n|upkeep\n|turn|14\n|\n|t:|1700179445\n|move|p1a: Scizor|Dual Wingbeat|p2a: Fly me to the moon\n|-damage|p2a: Fly me to the moon|68\/100\n|-damage|p2a: Fly me to the moon|42\/100\n|-hitcount|p2a: Fly me to the moon|2\n|move|p2a: Fly me to the moon|Chilling Water|p1a: Scizor\n|-damage|p1a: Scizor|77\/100\n|-unboost|p1a: Scizor|atk|1\n|\n|-heal|p1a: Scizor|83\/100|[from] item: Leftovers\n|-damage|p1a: Scizor|70\/100|[from] move: Whirlpool|[partiallytrapped]\n|upkeep\n|turn|15\n|\n|t:|1700179451\n|move|p1a: Scizor|Bullet Punch|p2a: Fly me to the moon\n|-resisted|p2a: Fly me to the moon\n|-damage|p2a: Fly me to the moon|28\/100\n|move|p2a: Fly me to the moon|Wish|p2a: Fly me to the moon\n|\n|-heal|p1a: Scizor|77\/100|[from] item: Leftovers\n|-damage|p1a: Scizor|64\/100|[from] move: Whirlpool|[partiallytrapped]\n|upkeep\n|turn|16\n|\n|t:|1700179454\n|move|p2a: Fly me to the moon|Protect|p2a: Fly me to the moon\n|-singleturn|p2a: Fly me to the moon|Protect\n|move|p1a: Scizor|Swords Dance|p1a: Scizor\n|-boost|p1a: Scizor|atk|2\n|\n|-heal|p2a: Fly me to the moon|78\/100|[from] move: Wish|[wisher] Fly me to the moon\n|-heal|p1a: Scizor|70\/100|[from] item: Leftovers\n|-damage|p1a: Scizor|58\/100|[from] move: Whirlpool|[partiallytrapped]\n|upkeep\n|turn|17\n|\n|t:|1700179456\n|move|p2a: Fly me to the moon|Chilling Water|p1a: Scizor\n|-damage|p1a: Scizor|48\/100\n|-unboost|p1a: Scizor|atk|1\n|move|p1a: Scizor|Swords Dance|p1a: Scizor\n|-boost|p1a: Scizor|atk|2\n|\n|-heal|p1a: Scizor|54\/100|[from] item: Leftovers\n|-end|p1a: Scizor|Whirlpool|[partiallytrapped]\n|upkeep\n|turn|18\n|\n|t:|1700179460\n|switch|p2a: Snorlax fish|Dondozo, F, shiny|100\/100\n|move|p1a: Scizor|Dual Wingbeat|p2a: Snorlax fish\n|-damage|p2a: Snorlax fish|90\/100\n|-damage|p2a: Snorlax fish|80\/100\n|-hitcount|p2a: Snorlax fish|2\n|\n|-heal|p1a: Scizor|61\/100|[from] item: Leftovers\n|upkeep\n|turn|19\n|\n|t:|1700179465\n|move|p1a: Scizor|U-turn|p2a: Snorlax fish\n|-damage|p2a: Snorlax fish|61\/100\n|\n|t:|1700179469\n|switch|p1a: Tornadus|Tornadus-Therian, M|100\/100|[from] U-turn\n|move|p2a: Snorlax fish|Body Press|p1a: Tornadus\n|-resisted|p1a: Tornadus\n|-damage|p1a: Tornadus|81\/100\n|\n|upkeep\n|turn|20\n|\n|t:|1700179472\n|switch|p2a: The greatest|Blissey, F, shiny|50\/100\n|move|p1a: Tornadus|Grass Knot|p2a: The greatest\n|-damage|p2a: The greatest|44\/100\n|\n|upkeep\n|turn|21\n|\n|t:|1700179475\n|move|p1a: Tornadus|U-turn|p2a: The greatest\n|-damage|p2a: The greatest|30\/100\n|\n|t:|1700179477\n|switch|p1a: Scizor|Scizor, F|61\/100|[from] U-turn\n|move|p2a: The greatest|Soft-Boiled|p2a: The greatest\n|-heal|p2a: The greatest|80\/100\n|\n|-heal|p1a: Scizor|67\/100|[from] item: Leftovers\n|upkeep\n|turn|22\n|\n|t:|1700179484\n|switch|p2a: Snorlax fish|Dondozo, F, shiny|61\/100\n|move|p1a: Scizor|U-turn|p2a: Snorlax fish\n|-damage|p2a: Snorlax fish|42\/100\n|\n|t:|1700179490\n|switch|p1a: Tornadus|Tornadus-Therian, M|100\/100|[from] U-turn\n|\n|upkeep\n|turn|23\n|\n|t:|1700179495\n|switch|p2a: The greatest|Blissey, F, shiny|80\/100\n|move|p1a: Tornadus|Grass Knot|p2a: The greatest\n|-damage|p2a: The greatest|73\/100\n|\n|upkeep\n|turn|24\n|\n|t:|1700179498\n|move|p1a: Tornadus|U-turn|p2a: The greatest\n|-damage|p2a: The greatest|57\/100\n|\n|t:|1700179501\n|switch|p1a: Scizor|Scizor, F|67\/100|[from] U-turn\n|move|p2a: The greatest|Seismic Toss|p1a: Scizor\n|-damage|p1a: Scizor|38\/100\n|\n|-heal|p1a: Scizor|44\/100|[from] item: Leftovers\n|upkeep\n|turn|25\n|\n|t:|1700179505\n|switch|p2a: Prickly queen|Toxapex, F, shiny|100\/100\n|move|p1a: Scizor|Dual Wingbeat|p2a: Prickly queen\n|-damage|p2a: Prickly queen|88\/100\n|-damage|p2a: Prickly queen|75\/100\n|-hitcount|p2a: Prickly queen|2\n|\n|-heal|p1a: Scizor|50\/100|[from] item: Leftovers\n|upkeep\n|turn|26\n|\n|t:|1700179513\n|move|p1a: Scizor|U-turn|p2a: Prickly queen\n|-resisted|p2a: Prickly queen\n|-damage|p2a: Prickly queen|63\/100\n|\n|t:|1700179515\n|switch|p1a: Tornadus|Tornadus-Therian, M|100\/100|[from] U-turn\n|move|p2a: Prickly queen|Haze|p2a: Prickly queen\n|-clearallboost\n|\n|upkeep\n|turn|27\n|\n|t:|1700179520\n|move|p1a: Tornadus|Hurricane|p2a: Prickly queen\n|-damage|p2a: Prickly queen|14\/100\n|move|p2a: Prickly queen|Recover|p2a: Prickly queen\n|-heal|p2a: Prickly queen|64\/100\n|\n|upkeep\n|turn|28\n|\n|t:|1700179526\n|switch|p2a: The greatest|Blissey, F, shiny|57\/100\n|move|p1a: Tornadus|Hurricane|p2a: The greatest\n|-damage|p2a: The greatest|41\/100\n|-start|p2a: The greatest|confusion\n|\n|upkeep\n|turn|29\n|\n|t:|1700179531\n|move|p1a: Tornadus|U-turn|p2a: The greatest\n|-damage|p2a: The greatest|27\/100\n|\n|t:|1700179534\n|switch|p1a: Scizor|Scizor, F|50\/100|[from] U-turn\n|-activate|p2a: The greatest|confusion\n|-damage|p2a: The greatest|26\/100|[from] confusion\n|\n|-heal|p1a: Scizor|56\/100|[from] item: Leftovers\n|upkeep\n|turn|30\n|\n|t:|1700179539\n|switch|p2a: Prickly queen|Toxapex, F, shiny|98\/100\n|move|p1a: Scizor|Bullet Punch|p2a: Prickly queen\n|-resisted|p2a: Prickly queen\n|-damage|p2a: Prickly queen|87\/100\n|\n|-heal|p1a: Scizor|62\/100|[from] item: Leftovers\n|upkeep\n|turn|31\n|\n|t:|1700179545\n|move|p1a: Scizor|U-turn|p2a: Prickly queen\n|-resisted|p2a: Prickly queen\n|-damage|p2a: Prickly queen|76\/100\n|\n|t:|1700179571\n|switch|p1a: Tornadus|Tornadus-Therian, M|100\/100|[from] U-turn\n|move|p2a: Prickly queen|Toxic|p1a: Tornadus\n|-status|p1a: Tornadus|tox\n|\n|-damage|p1a: Tornadus|94\/100 tox|[from] psn\n|upkeep\n|turn|32\n|\n|t:|1700179581\n|switch|p2a: The greatest|Blissey, F, shiny|26\/100\n|move|p1a: Tornadus|Hurricane|p2a: The greatest\n|-damage|p2a: The greatest|8\/100\n|-start|p2a: The greatest|confusion\n|\n|-damage|p1a: Tornadus|82\/100 tox|[from] psn\n|upkeep\n|turn|33\n|\n|t:|1700179585\n|move|p1a: Tornadus|U-turn|p2a: The greatest\n|-damage|p2a: The greatest|0 fnt\n|faint|p2a: The greatest\n|\n|t:|1700179591\n|switch|p1a: Scizor|Scizor, F|62\/100|[from] U-turn\n|\n|-heal|p1a: Scizor|68\/100|[from] item: Leftovers\n|upkeep\n|\n|t:|1700179598\n|switch|p2a: Snorlax fish|Dondozo, F, shiny|42\/100\n|turn|34\n|\n|t:|1700179601\n|move|p1a: Scizor|U-turn|p2a: Snorlax fish\n|-damage|p2a: Snorlax fish|24\/100\n|\n|t:|1700179604\n|switch|p1a: Tornadus|Tornadus-Therian, M|100\/100 tox|[from] U-turn\n|move|p2a: Snorlax fish|Avalanche|p1a: Tornadus\n|-supereffective|p1a: Tornadus\n|-damage|p1a: Tornadus|64\/100 tox\n|\n|-damage|p1a: Tornadus|58\/100 tox|[from] psn\n|upkeep\n|turn|35\n|\n|t:|1700179611\n|switch|p2a: Relic|Ting-Lu|62\/100\n|-ability|p2a: Relic|Vessel of Ruin\n|move|p1a: Tornadus|Hurricane|p2a: Relic\n|-damage|p2a: Relic|41\/100\n|\n|-damage|p1a: Tornadus|46\/100 tox|[from] psn\n|upkeep\n|turn|36\n|\n|t:|1700179615\n|move|p2a: Relic|Protect|p2a: Relic\n|-singleturn|p2a: Relic|Protect\n|move|p1a: Tornadus|Grass Knot|p2a: Relic\n|-activate|p2a: Relic|move: Protect\n|\n|-damage|p1a: Tornadus|28\/100 tox|[from] psn\n|upkeep\n|turn|37\n|\n|t:|1700179618\n|switch|p2a: Prickly queen|Toxapex, F, shiny|100\/100\n|move|p1a: Tornadus|U-turn|p2a: Prickly queen\n|-resisted|p2a: Prickly queen\n|-damage|p2a: Prickly queen|96\/100\n|\n|t:|1700179624\n|switch|p1a: Alomomola|Alomomola, F|100\/100|[from] U-turn\n|\n|upkeep\n|turn|38\n|\n|t:|1700179628\n|switch|p2a: Snorlax fish|Dondozo, F, shiny|24\/100\n|move|p1a: Alomomola|Scald|p2a: Snorlax fish\n|-resisted|p2a: Snorlax fish\n|-damage|p2a: Snorlax fish|17\/100\n|\n|upkeep\n|turn|39\n|\n|t:|1700179635\n|move|p1a: Alomomola|Scald|p2a: Snorlax fish\n|-resisted|p2a: Snorlax fish\n|-damage|p2a: Snorlax fish|11\/100\n|move|p2a: Snorlax fish|Rest|p2a: Snorlax fish\n|-status|p2a: Snorlax fish|slp|[from] move: Rest\n|-heal|p2a: Snorlax fish|100\/100 slp|[silent]\n|\n|upkeep\n|turn|40\n|\n|t:|1700179646\n|move|p1a: Alomomola|Flip Turn|p2a: Snorlax fish\n|-resisted|p2a: Snorlax fish\n|-damage|p2a: Snorlax fish|97\/100 slp\n|\n|t:|1700179647\n|switch|p1a: Scizor|Scizor, F|68\/100|[from] Flip Turn\n|cant|p2a: Snorlax fish|slp\n|move|p2a: Snorlax fish|Sleep Talk|p2a: Snorlax fish\n|move|p2a: Snorlax fish|Avalanche|p1a: Scizor|[from]move: Sleep Talk\n|-resisted|p1a: Scizor\n|-damage|p1a: Scizor|61\/100\n|\n|-heal|p1a: Scizor|68\/100|[from] item: Leftovers\n|upkeep\n|turn|41\n|\n|t:|1700179654\n|move|p1a: Scizor|U-turn|p2a: Snorlax fish\n|-damage|p2a: Snorlax fish|78\/100 slp\n|\n|t:|1700179656\n|switch|p1a: Tornadus|Tornadus-Therian, M|61\/100 tox|[from] U-turn\n|cant|p2a: Snorlax fish|slp\n|move|p2a: Snorlax fish|Sleep Talk|p2a: Snorlax fish\n|move|p2a: Snorlax fish|Avalanche|p1a: Tornadus|[from]move: Sleep Talk\n|-supereffective|p1a: Tornadus\n|-damage|p1a: Tornadus|24\/100 tox\n|\n|-damage|p1a: Tornadus|18\/100 tox|[from] psn\n|upkeep\n|turn|42\n|\n|t:|1700179661\n|switch|p2a: Prickly queen|Toxapex, F, shiny|100\/100\n|move|p1a: Tornadus|Grass Knot|p2a: Prickly queen\n|-damage|p2a: Prickly queen|90\/100\n|\n|-damage|p1a: Tornadus|6\/100 tox|[from] psn\n|upkeep\n|turn|43\n|\n|t:|1700179666\n|switch|p1a: Alomomola|Alomomola, F|100\/100\n|move|p2a: Prickly queen|Toxic Spikes|p1a: Alomomola\n|-sidestart|p1: SnackWasTaken|move: Toxic Spikes\n|\n|upkeep\n|turn|44\n|\n|t:|1700179674\n|move|p1a: Alomomola|Wish|p1a: Alomomola\n|move|p2a: Prickly queen|Toxic|p1a: Alomomola\n|-status|p1a: Alomomola|tox\n|\n|-damage|p1a: Alomomola|94\/100 tox|[from] psn\n|upkeep\n|turn|45\n|\n|t:|1700179688\n|move|p1a: Alomomola|Flip Turn|p2a: Prickly queen\n|-resisted|p2a: Prickly queen\n|-damage|p2a: Prickly queen|85\/100\n|\n|t:|1700179692\n|switch|p1a: Tornadus|Tornadus-Therian, M|39\/100 tox|[from] Flip Turn\n|move|p2a: Prickly queen|Toxic Spikes|p1a: Tornadus\n|-sidestart|p1: SnackWasTaken|move: Toxic Spikes\n|\n|-heal|p1a: Tornadus|100\/100 tox|[from] move: Wish|[wisher] Alomomola\n|-damage|p1a: Tornadus|94\/100 tox|[from] psn\n|upkeep\n|turn|46\n|\n|t:|1700179700\n|move|p1a: Tornadus|Grass Knot|p2a: Prickly queen\n|-damage|p2a: Prickly queen|73\/100\n|move|p2a: Prickly queen|Recover|p2a: Prickly queen\n|-heal|p2a: Prickly queen|100\/100\n|\n|-damage|p1a: Tornadus|82\/100 tox|[from] psn\n|upkeep\n|turn|47\n|\n|t:|1700179711\n|switch|p2a: :)|Ditto, shiny|46\/100\n|-damage|p2a: :)|34\/100|[from] Spikes\n|-damage|p2a: :)|22\/100|[from] Stealth Rock\n|-transform|p2a: :)|p1a: Tornadus|[from] ability: Imposter\n|move|p1a: Tornadus|Hurricane|p2a: :)\n|-damage|p2a: :)|0 fnt\n|faint|p2a: :)\n|\n|-damage|p1a: Tornadus|64\/100 tox|[from] psn\n|upkeep\n|\n|t:|1700179715\n|switch|p2a: Relic|Ting-Lu|41\/100\n|-ability|p2a: Relic|Vessel of Ruin\n|turn|48\n|\n|t:|1700179731\n|switch|p1a: Alomomola|Alomomola, F|100\/100 tox\n|-terastallize|p2a: Relic|Steel\n|move|p2a: Relic|Rest|p2a: Relic\n|-status|p2a: Relic|slp|[from] move: Rest\n|-heal|p2a: Relic|100\/100 slp|[silent]\n|\n|-damage|p1a: Alomomola|94\/100 tox|[from] psn\n|upkeep\n|turn|49\n|inactive|SnackWasTaken has 120 seconds left.\n|\n|t:|1700179763\n|cant|p2a: Relic|slp\n|move|p1a: Alomomola|Flip Turn|p2a: Relic\n|-damage|p2a: Relic|91\/100 slp\n|\n|t:|1700179765\n|switch|p1a: Iron Valiant|Iron Valiant|100\/100|[from] Flip Turn\n|-status|p1a: Iron Valiant|tox\n|-enditem|p1a: Iron Valiant|Booster Energy\n|-activate|p1a: Iron Valiant|ability: Quark Drive|[fromitem]\n|-start|p1a: Iron Valiant|quarkdrivespe\n|\n|-damage|p1a: Iron Valiant|94\/100 tox|[from] psn\n|upkeep\n|turn|50\n|\n|t:|1700179773\n|-terastallize|p1a: Iron Valiant|Ground\n|cant|p2a: Relic|slp\n|move|p1a: Iron Valiant|Tera Blast|p2a: Relic|[anim] Tera Blast Ground\n|-supereffective|p2a: Relic\n|-damage|p2a: Relic|56\/100 slp\n|\n|-damage|p1a: Iron Valiant|82\/100 tox|[from] psn\n|upkeep\n|turn|51\n|\n|t:|1700179781\n|-curestatus|p2a: Relic|slp|[msg]\n|move|p2a: Relic|Protect|p2a: Relic\n|-singleturn|p2a: Relic|Protect\n|move|p1a: Iron Valiant|Tera Blast|p2a: Relic|[anim] Tera Blast Ground\n|-activate|p2a: Relic|move: Protect\n|\n|-damage|p1a: Iron Valiant|63\/100 tox|[from] psn\n|upkeep\n|turn|52\n|\n|t:|1700179786\n|switch|p2a: Fly me to the moon|Alomomola, M, shiny|100\/100\n|move|p1a: Iron Valiant|Tera Blast|p2a: Fly me to the moon|[anim] Tera Blast Ground\n|-damage|p2a: Fly me to the moon|53\/100\n|\n|-damage|p1a: Iron Valiant|38\/100 tox|[from] psn\n|upkeep\n|turn|53\n|\n|t:|1700179792\n|move|p2a: Fly me to the moon|Protect|p2a: Fly me to the moon\n|-singleturn|p2a: Fly me to the moon|Protect\n|move|p1a: Iron Valiant|Energy Ball|p2a: Fly me to the moon\n|-activate|p2a: Fly me to the moon|move: Protect\n|\n|-damage|p1a: Iron Valiant|7\/100 tox|[from] psn\n|upkeep\n|turn|54\n|\n|t:|1700179796\n|-end|p1a: Iron Valiant|Quark Drive|[silent]\n|switch|p1a: Alomomola|Alomomola, F|100\/100 tox\n|switch|p2a: Relic|Ting-Lu, tera:Steel|56\/100\n|-ability|p2a: Relic|Vessel of Ruin\n|\n|-damage|p1a: Alomomola|94\/100 tox|[from] psn\n|upkeep\n|turn|55\n|\n|t:|1700179798\n|move|p2a: Relic|Spikes|p1a: Alomomola\n|-sidestart|p1: SnackWasTaken|Spikes\n|move|p1a: Alomomola|Wish|p1a: Alomomola\n|\n|-damage|p1a: Alomomola|82\/100 tox|[from] psn\n|upkeep\n|turn|56\n|\n|t:|1700179807\n|move|p2a: Relic|Spikes|p1a: Alomomola\n|-sidestart|p1: SnackWasTaken|Spikes\n|move|p1a: Alomomola|Flip Turn|p2a: Relic\n|-damage|p2a: Relic|47\/100\n|\n|t:|1700179809\n|switch|p1a: Scizor|Scizor, F|68\/100|[from] Flip Turn\n|-damage|p1a: Scizor|51\/100|[from] Spikes\n|\n|-heal|p1a: Scizor|100\/100|[from] move: Wish|[wisher] Alomomola\n|upkeep\n|turn|57\n|\n|t:|1700179819\n|switch|p1a: Tornadus|Tornadus-Therian, M|97\/100 tox\n|move|p2a: Relic|Earthquake|p1a: Tornadus\n|-immune|p1a: Tornadus\n|\n|-damage|p1a: Tornadus|91\/100 tox|[from] psn\n|upkeep\n|turn|58\n|\n|t:|1700179824\n|move|p2a: Relic|Protect|p2a: Relic\n|-singleturn|p2a: Relic|Protect\n|move|p1a: Tornadus|Hurricane|p2a: Relic\n|-activate|p2a: Relic|move: Protect\n|\n|-damage|p1a: Tornadus|79\/100 tox|[from] psn\n|upkeep\n|turn|59\n|\n|t:|1700179828\n|move|p1a: Tornadus|Hurricane|p2a: Relic\n|-resisted|p2a: Relic\n|-damage|p2a: Relic|36\/100\n|-start|p2a: Relic|confusion\n|-activate|p2a: Relic|confusion\n|move|p2a: Relic|Rest|p2a: Relic\n|-status|p2a: Relic|slp|[from] move: Rest\n|-heal|p2a: Relic|100\/100 slp|[silent]\n|\n|-damage|p1a: Tornadus|61\/100 tox|[from] psn\n|upkeep\n|turn|60\n|\n|t:|1700179838\n|cant|p2a: Relic|slp\n|move|p1a: Tornadus|U-turn|p2a: Relic\n|-resisted|p2a: Relic\n|-damage|p2a: Relic|97\/100 slp\n|\n|t:|1700179847\n|switch|p1a: Alomomola|Alomomola, F|100\/100 tox|[from] U-turn\n|-damage|p1a: Alomomola|84\/100 tox|[from] Spikes\n|\n|-damage|p1a: Alomomola|78\/100 tox|[from] psn\n|upkeep\n|turn|61\n|\n|t:|1700179852\n|cant|p2a: Relic|slp\n|move|p1a: Alomomola|Flip Turn|p2a: Relic\n|-damage|p2a: Relic|88\/100 slp\n|\n|t:|1700179855\n|switch|p1a: Tornadus|Tornadus-Therian, M|94\/100 tox|[from] Flip Turn\n|\n|-damage|p1a: Tornadus|88\/100 tox|[from] psn\n|upkeep\n|turn|62\n|\n|t:|1700179861\n|move|p1a: Tornadus|Grass Knot|p2a: Relic\n|-resisted|p2a: Relic\n|-damage|p2a: Relic|80\/100 slp\n|-curestatus|p2a: Relic|slp|[msg]\n|-activate|p2a: Relic|confusion\n|move|p2a: Relic|Spikes|p1a: Tornadus\n|-sidestart|p1: SnackWasTaken|Spikes\n|\n|-damage|p1a: Tornadus|76\/100 tox|[from] psn\n|upkeep\n|turn|63\n|\n|t:|1700179873\n|switch|p1a: Alomomola|Alomomola, F|100\/100 tox\n|-damage|p1a: Alomomola|76\/100 tox|[from] Spikes\n|-end|p2a: Relic|confusion\n|move|p2a: Relic|Spikes||[still]\n|-fail|p2a: Relic\n|\n|-damage|p1a: Alomomola|69\/100 tox|[from] psn\n|upkeep\n|turn|64\n|\n|t:|1700179887\n|move|p2a: Relic|Earthquake|p1a: Alomomola\n|-damage|p1a: Alomomola|49\/100 tox\n|move|p1a: Alomomola|Wish|p1a: Alomomola\n|\n|-damage|p1a: Alomomola|37\/100 tox|[from] psn\n|upkeep\n|turn|65\n|\n|t:|1700179892\n|move|p2a: Relic|Spikes||[still]\n|-fail|p2a: Relic\n|move|p1a: Alomomola|Scald|p2a: Relic\n|-damage|p2a: Relic|75\/100\n|-status|p2a: Relic|brn\n|\n|-heal|p1a: Alomomola|87\/100 tox|[from] move: Wish|[wisher] Alomomola\n|-damage|p1a: Alomomola|68\/100 tox|[from] psn\n|-damage|p2a: Relic|69\/100 brn|[from] brn\n|upkeep\n|turn|66\n|\n|t:|1700179903\n|move|p2a: Relic|Earthquake|p1a: Alomomola\n|-damage|p1a: Alomomola|58\/100 tox\n|move|p1a: Alomomola|Flip Turn|p2a: Relic\n|-damage|p2a: Relic|60\/100 brn\n|\n|t:|1700179931\n|switch|p1a: Tornadus|Tornadus-Therian, M|100\/100 tox|[from] Flip Turn\n|\n|-damage|p1a: Tornadus|94\/100 tox|[from] psn\n|-damage|p2a: Relic|54\/100 brn|[from] brn\n|upkeep\n|turn|67\n|\n|t:|1700179935\n|move|p1a: Tornadus|Hurricane|p2a: Relic|[miss]\n|-miss|p1a: Tornadus|p2a: Relic\n|move|p2a: Relic|Rest|p2a: Relic\n|-status|p2a: Relic|slp|[from] move: Rest\n|-heal|p2a: Relic|100\/100 slp|[silent]\n|\n|-damage|p1a: Tornadus|82\/100 tox|[from] psn\n|upkeep\n|turn|68\n|\n|t:|1700179944\n|cant|p2a: Relic|slp\n|move|p1a: Tornadus|Hurricane|p2a: Relic\n|-resisted|p2a: Relic\n|-damage|p2a: Relic|88\/100 slp\n|-start|p2a: Relic|confusion\n|\n|-damage|p1a: Tornadus|64\/100 tox|[from] psn\n|upkeep\n|turn|69\n|\n|t:|1700179960\n|move|p1a: Tornadus|U-turn|p2a: Relic\n|-resisted|p2a: Relic\n|-damage|p2a: Relic|84\/100 slp\n|\n|t:|1700179970\n|switch|p1a: Iron Valiant|Iron Valiant, tera:Ground|7\/100 tox|[from] U-turn\n|-damage|p1a: Iron Valiant|0 fnt|[from] Spikes\n|faint|p1a: Iron Valiant\n|-end|p1a: Iron Valiant|Quark Drive|[silent]\n|cant|p2a: Relic|slp\n|\n|upkeep\n|\n|t:|1700179988\n|switch|p1a: Alomomola|Alomomola, F|92\/100 tox\n|-damage|p1a: Alomomola|67\/100 tox|[from] Spikes\n|turn|70\n|\n|t:|1700179991\n|-curestatus|p2a: Relic|slp|[msg]\n|-activate|p2a: Relic|confusion\n|move|p2a: Relic|Earthquake|p1a: Alomomola\n|-damage|p1a: Alomomola|46\/100 tox\n|move|p1a: Alomomola|Flip Turn|p2a: Relic\n|-damage|p2a: Relic|75\/100\n|\n|t:|1700179999\n|switch|p1a: Tornadus|Tornadus-Therian, M|97\/100 tox|[from] Flip Turn\n|\n|-damage|p1a: Tornadus|91\/100 tox|[from] psn\n|upkeep\n|turn|71\n|\n|t:|1700180005\n|switch|p2a: Prickly queen|Toxapex, F, shiny|100\/100\n|move|p1a: Tornadus|U-turn|p2a: Prickly queen\n|-resisted|p2a: Prickly queen\n|-damage|p2a: Prickly queen|96\/100\n|\n|t:|1700180015\n|switch|p1a: Alomomola|Alomomola, F|79\/100 tox|[from] U-turn\n|-damage|p1a: Alomomola|54\/100 tox|[from] Spikes\n|\n|-damage|p1a: Alomomola|48\/100 tox|[from] psn\n|upkeep\n|turn|72\n|\n|t:|1700180022\n|switch|p2a: Snorlax fish|Dondozo, F, shiny|78\/100 slp\n|move|p1a: Alomomola|Scald|p2a: Snorlax fish\n|-resisted|p2a: Snorlax fish\n|-damage|p2a: Snorlax fish|72\/100 slp\n|\n|-damage|p1a: Alomomola|36\/100 tox|[from] psn\n|upkeep\n|turn|73\n|\n|t:|1700180028\n|switch|p1a: Tornadus|Tornadus-Therian, M|100\/100 tox\n|-curestatus|p2a: Snorlax fish|slp|[msg]\n|move|p2a: Snorlax fish|Body Press|p1a: Tornadus\n|-resisted|p1a: Tornadus\n|-damage|p1a: Tornadus|81\/100 tox\n|\n|-damage|p1a: Tornadus|75\/100 tox|[from] psn\n|upkeep\n|turn|74\n|\n|t:|1700180031\n|switch|p2a: Relic|Ting-Lu, tera:Steel|75\/100\n|-ability|p2a: Relic|Vessel of Ruin\n|move|p1a: Tornadus|Grass Knot|p2a: Relic\n|-resisted|p2a: Relic\n|-damage|p2a: Relic|67\/100\n|\n|-damage|p1a: Tornadus|63\/100 tox|[from] psn\n|upkeep\n|turn|75\n|\n|t:|1700180041\n|switch|p1a: Alomomola|Alomomola, F|69\/100 tox\n|-damage|p1a: Alomomola|44\/100 tox|[from] Spikes\n|move|p2a: Relic|Earthquake|p1a: Alomomola\n|-damage|p1a: Alomomola|22\/100 tox\n|\n|-damage|p1a: Alomomola|16\/100 tox|[from] psn\n|upkeep\n|turn|76\n|\n|t:|1700180050\n|switch|p1a: Tornadus|Tornadus-Therian, M|96\/100 tox\n|move|p2a: Relic|Earthquake|p1a: Tornadus\n|-immune|p1a: Tornadus\n|\n|-damage|p1a: Tornadus|90\/100 tox|[from] psn\n|upkeep\n|turn|77\n|\n|t:|1700180057\n|move|p1a: Tornadus|Hurricane|p2a: Relic|[miss]\n|-miss|p1a: Tornadus|p2a: Relic\n|move|p2a: Relic|Earthquake|p1a: Tornadus\n|-immune|p1a: Tornadus\n|\n|-damage|p1a: Tornadus|78\/100 tox|[from] psn\n|upkeep\n|turn|78\n|\n|t:|1700180060\n|move|p1a: Tornadus|Hurricane|p2a: Relic|[miss]\n|-miss|p1a: Tornadus|p2a: Relic\n|move|p2a: Relic|Spikes||[still]\n|-fail|p2a: Relic\n|\n|-damage|p1a: Tornadus|60\/100 tox|[from] psn\n|upkeep\n|turn|79\n|\n|t:|1700180065\n|move|p1a: Tornadus|Grass Knot|p2a: Relic\n|-resisted|p2a: Relic\n|-damage|p2a: Relic|59\/100\n|move|p2a: Relic|Spikes||[still]\n|-fail|p2a: Relic\n|\n|-damage|p1a: Tornadus|36\/100 tox|[from] psn\n|upkeep\n|turn|80\n|\n|t:|1700180068\n|move|p1a: Tornadus|U-turn|p2a: Relic\n|-resisted|p2a: Relic\n|-damage|p2a: Relic|56\/100\n|\n|t:|1700180070\n|switch|p1a: Alomomola|Alomomola, F|49\/100 tox|[from] U-turn\n|-damage|p1a: Alomomola|24\/100 tox|[from] Spikes\n|move|p2a: Relic|Earthquake|p1a: Alomomola\n|-damage|p1a: Alomomola|3\/100 tox\n|\n|-damage|p1a: Alomomola|0 fnt|[from] psn\n|faint|p1a: Alomomola\n|upkeep\n|\n|t:|1700180081\n|switch|p1a: Scizor|Scizor, F|100\/100\n|-damage|p1a: Scizor|76\/100|[from] Spikes\n|turn|81\n|c|\u2606poo24|the first time this thing walls anything\n|\n|t:|1700180091\n|move|p1a: Scizor|Dual Wingbeat|p2a: Relic\n|-resisted|p2a: Relic\n|-damage|p2a: Relic|50\/100\n|-resisted|p2a: Relic\n|-damage|p2a: Relic|43\/100\n|-hitcount|p2a: Relic|2\n|move|p2a: Relic|Earthquake|p1a: Scizor\n|-damage|p1a: Scizor|37\/100\n|\n|-heal|p1a: Scizor|43\/100|[from] item: Leftovers\n|upkeep\n|turn|82\n|\n|t:|1700180096\n|move|p1a: Scizor|Swords Dance|p1a: Scizor\n|-boost|p1a: Scizor|atk|2\n|move|p2a: Relic|Earthquake|p1a: Scizor\n|-damage|p1a: Scizor|4\/100\n|\n|-heal|p1a: Scizor|10\/100|[from] item: Leftovers\n|upkeep\n|turn|83\n|\n|t:|1700180103\n|switch|p2a: Snorlax fish|Dondozo, F, shiny|72\/100\n|move|p1a: Scizor|Dual Wingbeat|p2a: Snorlax fish|[miss]\n|-miss|p1a: Scizor|p2a: Snorlax fish\n|\n|-heal|p1a: Scizor|17\/100|[from] item: Leftovers\n|upkeep\n|turn|84\n|\n|t:|1700180110\n|move|p1a: Scizor|Dual Wingbeat|p2a: Snorlax fish\n|-damage|p2a: Snorlax fish|61\/100\n|-damage|p2a: Snorlax fish|50\/100\n|-hitcount|p2a: Snorlax fish|2\n|move|p2a: Snorlax fish|Body Press|p1a: Scizor\n|-damage|p1a: Scizor|0 fnt\n|faint|p1a: Scizor\n|\n|upkeep\n|\n|t:|1700180117\n|switch|p1a: Tornadus|Tornadus-Therian, M|69\/100 tox\n|turn|85\n|\n|t:|1700180123\n|move|p1a: Tornadus|Grass Knot|p2a: Snorlax fish\n|-supereffective|p2a: Snorlax fish\n|-damage|p2a: Snorlax fish|0 fnt\n|faint|p2a: Snorlax fish\n|\n|-damage|p1a: Tornadus|63\/100 tox|[from] psn\n|upkeep\n|\n|t:|1700180126\n|switch|p2a: Fly me to the moon|Alomomola, M, shiny|86\/100\n|turn|86\n|\n|t:|1700180129\n|move|p2a: Fly me to the moon|Protect|p2a: Fly me to the moon\n|-singleturn|p2a: Fly me to the moon|Protect\n|move|p1a: Tornadus|Grass Knot|p2a: Fly me to the moon\n|-activate|p2a: Fly me to the moon|move: Protect\n|\n|-damage|p1a: Tornadus|51\/100 tox|[from] psn\n|upkeep\n|turn|87\n|c|\u2606SnackWasTaken|Gg\n|c|\u2606poo24|gg\n|\n|t:|1700180139\n|switch|p2a: Prickly queen|Toxapex, F, shiny|100\/100\n|move|p1a: Tornadus|Hurricane|p2a: Prickly queen\n|-crit|p2a: Prickly queen\n|-damage|p2a: Prickly queen|34\/100\n|-start|p2a: Prickly queen|confusion\n|\n|-damage|p1a: Tornadus|33\/100 tox|[from] psn\n|upkeep\n|turn|88\n|\n|t:|1700180145\n|switch|p2a: Fly me to the moon|Alomomola, M, shiny|100\/100\n|move|p1a: Tornadus|Hurricane|p2a: Fly me to the moon\n|-damage|p2a: Fly me to the moon|40\/100\n|-start|p2a: Fly me to the moon|confusion\n|\n|-damage|p1a: Tornadus|9\/100 tox|[from] psn\n|upkeep\n|turn|89\n|\n|t:|1700180154\n|switch|p2a: Relic|Ting-Lu, tera:Steel|43\/100\n|-ability|p2a: Relic|Vessel of Ruin\n|move|p1a: Tornadus|Hurricane|p2a: Relic\n|-resisted|p2a: Relic\n|-crit|p2a: Relic\n|-damage|p2a: Relic|26\/100\n|\n|-damage|p1a: Tornadus|0 fnt|[from] psn\n|faint|p1a: Tornadus\n|\n|win|poo24\n|upkeep\n|raw|SnackWasTaken's rating: 1318 &rarr; <strong>1299<\/strong><br \/>(-19 for losing)\n|raw|poo24's rating: 1343 &rarr; <strong>1362<\/strong><br \/>(+19 for winning)\n|l|\u2606SnackWasTaken\n","uploadtime":1700180168,"views":8,"p1id":"snackwastaken","p2id":"poo24","formatid":"gen9ou","rating":1299,"private":0,"password":""}