{"id":"gen9ou-1990279693","p1":"Torkhar","p2":"jimmynut","format":"[Gen 9] OU","log":"|j|\u2606Torkhar\n|j|\u2606jimmynut\n|t:|1699949802\n|gametype|singles\n|player|p1|Torkhar|266|1209\n|player|p2|jimmynut|janitor|1331\n|teamsize|p1|6\n|teamsize|p2|6\n|gen|9\n|tier|[Gen 9] OU\n|rated|\n|rule|Sleep Clause Mod: Limit one foe put to sleep\n|rule|Species Clause: Limit one of each Pok\u00e9mon\n|rule|OHKO Clause: OHKO moves are banned\n|rule|Evasion Items Clause: Evasion items are banned\n|rule|Evasion Moves Clause: Evasion moves are banned\n|rule|Endless Battle Clause: Forcing endless battles is banned\n|rule|HP Percentage Mod: HP is shown in percentages\n|clearpoke\n|poke|p1|Zapdos|\n|poke|p1|Kingambit, M|\n|poke|p1|Iron Moth|\n|poke|p1|Slowking-Galar, F|\n|poke|p1|Great Tusk|\n|poke|p1|Dragapult, F|\n|poke|p2|Alomomola, F|\n|poke|p2|Corviknight, F|\n|poke|p2|Sneasler, F|\n|poke|p2|Kingambit, F|\n|poke|p2|Weezing-Galar, M|\n|poke|p2|Clodsire, F|\n|teampreview\n|\n|t:|1699949823\n|start\n|switch|p1a: Dragapult|Dragapult, F, shiny|100\/100\n|switch|p2a: Kingambit|Kingambit, F|100\/100\n|-ability|p2a: Kingambit|Pressure\n|turn|1\n|\n|t:|1699949830\n|move|p2a: Kingambit|Protect|p2a: Kingambit\n|-singleturn|p2a: Kingambit|Protect\n|move|p1a: Dragapult|Will-O-Wisp|p2a: Kingambit\n|-activate|p2a: Kingambit|move: Protect\n|\n|upkeep\n|turn|2\n|\n|t:|1699949853\n|switch|p1a: Great Tusk|Great Tusk|100\/100\n|switch|p2a: Alomomola|Alomomola, F|100\/100\n|\n|upkeep\n|turn|3\n|\n|t:|1699949866\n|-end|p1a: Great Tusk|Protosynthesis|[silent]\n|switch|p1a: Slowking|Slowking-Galar, F|100\/100\n|move|p2a: Alomomola|Protect||[still]\n|-fail|p2a: Alomomola\n|\n|upkeep\n|turn|4\n|\n|t:|1699949873\n|move|p2a: Alomomola|Flip Turn|p1a: Slowking\n|-damage|p1a: Slowking|89\/100\n|\n|t:|1699949877\n|switch|p2a: Kingambit|Kingambit, F|100\/100|[from] Flip Turn\n|-ability|p2a: Kingambit|Pressure\n|move|p1a: Slowking|Future Sight|p2a: Kingambit\n|-start|p1a: Slowking|move: Future Sight\n|\n|upkeep\n|turn|5\n|\n|t:|1699949886\n|switch|p2a: Weezing|Weezing-Galar, M|100\/100\n|-ability|p2a: Weezing|Neutralizing Gas\n|move|p1a: Slowking|Chilly Reception|p1a: Slowking\n|-weather|Snow\n|\n|t:|1699949894\n|switch|p1a: Great Tusk|Great Tusk|100\/100|[from] Chilly Reception\n|\n|-weather|Snow|[upkeep]\n|upkeep\n|turn|6\n|\n|t:|1699949900\n|-end|p2a: Weezing|ability: Neutralizing Gas\n|switch|p2a: Corviknight|Corviknight, F|100\/100\n|-ability|p2a: Corviknight|Pressure\n|move|p1a: Great Tusk|Knock Off|p2a: Corviknight\n|-damage|p2a: Corviknight|84\/100\n|-enditem|p2a: Corviknight|Leftovers|[from] move: Knock Off|[of] p1a: Great Tusk\n|\n|-weather|Snow|[upkeep]\n|-end|p2a: Corviknight|move: Future Sight\n|-resisted|p2a: Corviknight\n|-damage|p2a: Corviknight|64\/100\n|upkeep\n|turn|7\n|\n|t:|1699949913\n|-end|p1a: Great Tusk|Protosynthesis|[silent]\n|switch|p1a: Zapdos|Zapdos, shiny|100\/100\n|move|p2a: Corviknight|Iron Defense|p2a: Corviknight\n|-boost|p2a: Corviknight|def|2\n|\n|-weather|Snow|[upkeep]\n|upkeep\n|turn|8\n|\n|t:|1699949924\n|switch|p2a: Clodsire|Clodsire, F|100\/100\n|move|p1a: Zapdos|Hurricane|p2a: Clodsire\n|-damage|p2a: Clodsire|69\/100\n|\n|-weather|Snow|[upkeep]\n|-heal|p2a: Clodsire|75\/100|[from] item: Leftovers\n|upkeep\n|turn|9\n|\n|t:|1699949934\n|switch|p1a: Great Tusk|Great Tusk|100\/100\n|move|p2a: Clodsire|Toxic|p1a: Great Tusk\n|-status|p1a: Great Tusk|tox\n|\n|-weather|none\n|-heal|p2a: Clodsire|81\/100|[from] item: Leftovers\n|-damage|p1a: Great Tusk|94\/100 tox|[from] psn\n|upkeep\n|turn|10\n|\n|t:|1699949947\n|switch|p2a: Corviknight|Corviknight, F|64\/100\n|-ability|p2a: Corviknight|Pressure\n|move|p1a: Great Tusk|Stealth Rock|p2a: Corviknight\n|-sidestart|p2: jimmynut|move: Stealth Rock\n|\n|-heal|p1a: Great Tusk|100\/100 tox|[from] item: Leftovers\n|-damage|p1a: Great Tusk|88\/100 tox|[from] psn\n|upkeep\n|turn|11\n|\n|t:|1699949958\n|-end|p1a: Great Tusk|Protosynthesis|[silent]\n|switch|p1a: Zapdos|Zapdos, shiny|100\/100\n|move|p2a: Corviknight|Roost|p2a: Corviknight\n|-heal|p2a: Corviknight|100\/100\n|-singleturn|p2a: Corviknight|move: Roost\n|\n|upkeep\n|turn|12\n|\n|t:|1699949973\n|switch|p1a: Dragapult|Dragapult, F, shiny|100\/100\n|switch|p2a: Clodsire|Clodsire, F|81\/100\n|-damage|p2a: Clodsire|75\/100|[from] Stealth Rock\n|\n|-heal|p2a: Clodsire|81\/100|[from] item: Leftovers\n|upkeep\n|turn|13\n|\n|t:|1699949985\n|move|p1a: Dragapult|U-turn|p2a: Clodsire\n|-resisted|p2a: Clodsire\n|-damage|p2a: Clodsire|73\/100\n|\n|t:|1699949990\n|switch|p1a: Slowking|Slowking-Galar, F|89\/100|[from] U-turn\n|move|p2a: Clodsire|Toxic|p1a: Slowking\n|-immune|p1a: Slowking\n|\n|-heal|p2a: Clodsire|79\/100|[from] item: Leftovers\n|upkeep\n|turn|14\n|\n|t:|1699949999\n|move|p2a: Clodsire|Earthquake|p1a: Slowking\n|-supereffective|p1a: Slowking\n|-damage|p1a: Slowking|49\/100\n|move|p1a: Slowking|Future Sight|p2a: Clodsire\n|-start|p1a: Slowking|move: Future Sight\n|\n|-heal|p2a: Clodsire|85\/100|[from] item: Leftovers\n|upkeep\n|turn|15\n|\n|t:|1699950008\n|switch|p2a: Weezing|Weezing-Galar, M|100\/100\n|-ability|p2a: Weezing|Neutralizing Gas\n|move|p1a: Slowking|Chilly Reception|p1a: Slowking\n|-weather|Snow\n|\n|t:|1699950025\n|switch|p1a: Zapdos|Zapdos, shiny|100\/100|[from] Chilly Reception\n|\n|-weather|Snow|[upkeep]\n|upkeep\n|turn|16\n|\n|t:|1699950035\n|-end|p2a: Weezing|ability: Neutralizing Gas\n|switch|p2a: Clodsire|Clodsire, F|85\/100\n|-damage|p2a: Clodsire|79\/100|[from] Stealth Rock\n|move|p1a: Zapdos|Volt Switch|p2a: Clodsire\n|-immune|p2a: Clodsire\n|\n|-weather|Snow|[upkeep]\n|-end|p2a: Clodsire|move: Future Sight\n|-supereffective|p2a: Clodsire\n|-damage|p2a: Clodsire|30\/100\n|-heal|p2a: Clodsire|36\/100|[from] item: Leftovers\n|upkeep\n|turn|17\n|\n|t:|1699950047\n|move|p1a: Zapdos|Hurricane|p2a: Clodsire|[miss]\n|-miss|p1a: Zapdos|p2a: Clodsire\n|move|p2a: Clodsire|Recover|p2a: Clodsire\n|-heal|p2a: Clodsire|86\/100\n|\n|-weather|Snow|[upkeep]\n|-heal|p2a: Clodsire|92\/100|[from] item: Leftovers\n|upkeep\n|turn|18\n|\n|t:|1699950058\n|switch|p1a: Slowking|Slowking-Galar, F|49\/100\n|move|p2a: Clodsire|Earthquake|p1a: Slowking\n|-supereffective|p1a: Slowking\n|-damage|p1a: Slowking|7\/100\n|\n|-weather|Snow|[upkeep]\n|-heal|p2a: Clodsire|99\/100|[from] item: Leftovers\n|upkeep\n|turn|19\n|\n|t:|1699950068\n|switch|p1a: Zapdos|Zapdos, shiny|100\/100\n|move|p2a: Clodsire|Earthquake|p1a: Zapdos\n|-immune|p1a: Zapdos\n|\n|-weather|none\n|-heal|p2a: Clodsire|100\/100|[from] item: Leftovers\n|upkeep\n|turn|20\n|\n|t:|1699950077\n|move|p1a: Zapdos|Hurricane|p2a: Clodsire\n|-damage|p2a: Clodsire|67\/100\n|move|p2a: Clodsire|Earthquake|p1a: Zapdos\n|-immune|p1a: Zapdos\n|\n|-heal|p2a: Clodsire|73\/100|[from] item: Leftovers\n|upkeep\n|turn|21\n|\n|t:|1699950086\n|move|p1a: Zapdos|Hurricane|p2a: Clodsire\n|-damage|p2a: Clodsire|40\/100\n|move|p2a: Clodsire|Toxic|p1a: Zapdos\n|-status|p1a: Zapdos|tox\n|\n|-heal|p2a: Clodsire|46\/100|[from] item: Leftovers\n|-damage|p1a: Zapdos|94\/100 tox|[from] psn\n|upkeep\n|turn|22\n|\n|t:|1699950096\n|switch|p1a: Great Tusk|Great Tusk|88\/100 tox\n|move|p2a: Clodsire|Recover|p2a: Clodsire\n|-heal|p2a: Clodsire|96\/100\n|\n|-heal|p1a: Great Tusk|94\/100 tox|[from] item: Leftovers\n|-heal|p2a: Clodsire|100\/100|[from] item: Leftovers\n|-damage|p1a: Great Tusk|88\/100 tox|[from] psn\n|upkeep\n|turn|23\n|\n|t:|1699950105\n|-end|p1a: Great Tusk|Protosynthesis|[silent]\n|switch|p1a: Iron Moth|Iron Moth|100\/100\n|-enditem|p1a: Iron Moth|Booster Energy\n|-activate|p1a: Iron Moth|ability: Quark Drive|[fromitem]\n|-start|p1a: Iron Moth|quarkdrivespe\n|switch|p2a: Corviknight|Corviknight, F|100\/100\n|-damage|p2a: Corviknight|88\/100|[from] Stealth Rock\n|-ability|p2a: Corviknight|Pressure\n|\n|upkeep\n|turn|24\n|\n|t:|1699950116\n|switch|p2a: Clodsire|Clodsire, F|100\/100\n|-damage|p2a: Clodsire|94\/100|[from] Stealth Rock\n|move|p1a: Iron Moth|Substitute|p1a: Iron Moth\n|-start|p1a: Iron Moth|Substitute\n|-damage|p1a: Iron Moth|76\/100\n|\n|-heal|p2a: Clodsire|100\/100|[from] item: Leftovers\n|upkeep\n|turn|25\n|\n|t:|1699950152\n|move|p1a: Iron Moth|Fiery Dance|p2a: Clodsire\n|-damage|p2a: Clodsire|80\/100\n|-boost|p1a: Iron Moth|spa|1\n|move|p2a: Clodsire|Earthquake|p1a: Iron Moth\n|-supereffective|p1a: Iron Moth\n|-end|p1a: Iron Moth|Substitute\n|\n|-heal|p2a: Clodsire|87\/100|[from] item: Leftovers\n|upkeep\n|turn|26\n|\n|t:|1699950170\n|-end|p1a: Iron Moth|Quark Drive|[silent]\n|switch|p1a: Slowking|Slowking-Galar, F|40\/100\n|move|p2a: Clodsire|Earthquake|p1a: Slowking\n|-supereffective|p1a: Slowking\n|-damage|p1a: Slowking|4\/100\n|\n|-heal|p2a: Clodsire|93\/100|[from] item: Leftovers\n|upkeep\n|turn|27\n|\n|t:|1699950181\n|switch|p2a: Kingambit|Kingambit, F|100\/100\n|-damage|p2a: Kingambit|94\/100|[from] Stealth Rock\n|-ability|p2a: Kingambit|Pressure\n|switch|p1a: Zapdos|Zapdos, shiny|94\/100 tox\n|\n|-heal|p2a: Kingambit|100\/100|[from] item: Leftovers\n|-damage|p1a: Zapdos|88\/100 tox|[from] psn\n|upkeep\n|turn|28\n|\n|t:|1699950194\n|switch|p1a: Great Tusk|Great Tusk|88\/100 tox\n|move|p2a: Kingambit|Protect||[still]\n|-fail|p2a: Kingambit\n|\n|-heal|p1a: Great Tusk|94\/100 tox|[from] item: Leftovers\n|-damage|p1a: Great Tusk|88\/100 tox|[from] psn\n|upkeep\n|turn|29\n|c|\u2606jimmynut|misclick ong\n|\n|t:|1699950203\n|move|p2a: Kingambit|Protect|p2a: Kingambit\n|-singleturn|p2a: Kingambit|Protect\n|move|p1a: Great Tusk|Rapid Spin|p2a: Kingambit\n|-activate|p2a: Kingambit|move: Protect\n|\n|-heal|p1a: Great Tusk|94\/100 tox|[from] item: Leftovers\n|-damage|p1a: Great Tusk|82\/100 tox|[from] psn\n|upkeep\n|turn|30\n|\n|t:|1699950216\n|switch|p2a: Corviknight|Corviknight, F|88\/100\n|-damage|p2a: Corviknight|75\/100|[from] Stealth Rock\n|-ability|p2a: Corviknight|Pressure\n|move|p1a: Great Tusk|Earthquake|p2a: Corviknight\n|-immune|p2a: Corviknight\n|\n|-heal|p1a: Great Tusk|88\/100 tox|[from] item: Leftovers\n|-damage|p1a: Great Tusk|69\/100 tox|[from] psn\n|upkeep\n|turn|31\n|\n|t:|1699950230\n|-end|p1a: Great Tusk|Protosynthesis|[silent]\n|switch|p1a: Slowking|Slowking-Galar, F|37\/100\n|move|p2a: Corviknight|Defog|p1a: Slowking\n|-unboost|p1a: Slowking|evasion|1\n|-sideend|p2: jimmynut|Stealth Rock|[from] move: Defog|[of] p2a: Corviknight\n|\n|upkeep\n|turn|32\n|\n|t:|1699950238\n|switch|p2a: Weezing|Weezing-Galar, M|100\/100\n|-ability|p2a: Weezing|Neutralizing Gas\n|move|p1a: Slowking|Thunder Wave|p2a: Weezing\n|-status|p2a: Weezing|par\n|\n|upkeep\n|turn|33\n|\n|t:|1699950249\n|cant|p2a: Weezing|par\n|move|p1a: Slowking|Chilly Reception|p1a: Slowking\n|-weather|Snow\n|\n|t:|1699950257\n|switch|p1a: Dragapult|Dragapult, F, shiny|100\/100|[from] Chilly Reception\n|\n|-weather|Snow|[upkeep]\n|upkeep\n|turn|34\n|\n|t:|1699950270\n|-end|p2a: Weezing|ability: Neutralizing Gas\n|switch|p2a: Kingambit|Kingambit, F|100\/100\n|-ability|p2a: Kingambit|Pressure\n|move|p1a: Dragapult|Hex|p2a: Kingambit\n|-resisted|p2a: Kingambit\n|-damage|p2a: Kingambit|90\/100\n|\n|-weather|Snow|[upkeep]\n|-heal|p2a: Kingambit|96\/100|[from] item: Leftovers\n|upkeep\n|turn|35\n|\n|t:|1699950312\n|switch|p2a: Alomomola|Alomomola, F|100\/100\n|move|p1a: Dragapult|U-turn|p2a: Alomomola\n|-damage|p2a: Alomomola|90\/100\n|\n|t:|1699950325\n|switch|p1a: Slowking|Slowking-Galar, F|37\/100|[from] U-turn\n|\n|-weather|Snow|[upkeep]\n|-heal|p2a: Alomomola|96\/100|[from] item: Leftovers\n|upkeep\n|turn|36\n|\n|t:|1699950332\n|switch|p1a: Zapdos|Zapdos, shiny|88\/100 tox\n|move|p2a: Alomomola|Flip Turn|p1a: Zapdos\n|-damage|p1a: Zapdos|67\/100 tox\n|\n|t:|1699950339\n|switch|p2a: Clodsire|Clodsire, F|93\/100|[from] Flip Turn\n|\n|-weather|Snow|[upkeep]\n|-heal|p2a: Clodsire|99\/100|[from] item: Leftovers\n|-damage|p1a: Zapdos|61\/100 tox|[from] psn\n|upkeep\n|turn|37\n|\n|t:|1699950357\n|switch|p1a: Dragapult|Dragapult, F, shiny|100\/100\n|move|p2a: Clodsire|Earthquake|p1a: Dragapult\n|-damage|p1a: Dragapult|65\/100\n|\n|-weather|none\n|-heal|p2a: Clodsire|100\/100|[from] item: Leftovers\n|upkeep\n|turn|38\n|\n|t:|1699950390\n|switch|p2a: Alomomola|Alomomola, F|100\/100\n|move|p1a: Dragapult|U-turn|p2a: Alomomola\n|-damage|p2a: Alomomola|89\/100\n|\n|t:|1699950453\n|switch|p1a: Zapdos|Zapdos, shiny|61\/100 tox|[from] U-turn\n|\n|-heal|p2a: Alomomola|95\/100|[from] item: Leftovers\n|-damage|p1a: Zapdos|55\/100 tox|[from] psn\n|upkeep\n|turn|39\n|\n|t:|1699950469\n|switch|p2a: Clodsire|Clodsire, F|100\/100\n|move|p1a: Zapdos|Roost|p1a: Zapdos\n|-heal|p1a: Zapdos|100\/100 tox\n|-singleturn|p1a: Zapdos|move: Roost\n|\n|-damage|p1a: Zapdos|88\/100 tox|[from] psn\n|upkeep\n|turn|40\n|\n|t:|1699950539\n|switch|p1a: Slowking|Slowking-Galar, F|70\/100\n|move|p2a: Clodsire|Toxic|p1a: Slowking\n|-immune|p1a: Slowking\n|\n|upkeep\n|turn|41\n|\n|t:|1699950595\n|switch|p2a: Weezing|Weezing-Galar, M|100\/100 par\n|-ability|p2a: Weezing|Neutralizing Gas\n|move|p1a: Slowking|Future Sight|p2a: Weezing\n|-start|p1a: Slowking|move: Future Sight\n|\n|upkeep\n|turn|42\n|\n|t:|1699950608\n|switch|p1a: Zapdos|Zapdos, shiny|88\/100 tox\n|cant|p2a: Weezing|par\n|\n|-damage|p1a: Zapdos|82\/100 tox|[from] psn\n|upkeep\n|turn|43\n|\n|t:|1699950632\n|-end|p2a: Weezing|ability: Neutralizing Gas\n|switch|p2a: Kingambit|Kingambit, F|96\/100\n|-ability|p2a: Kingambit|Pressure\n|move|p1a: Zapdos|Hurricane|p2a: Kingambit\n|-resisted|p2a: Kingambit\n|-damage|p2a: Kingambit|75\/100\n|\n|-end|p2a: Kingambit|move: Future Sight\n|-immune|p2a: Kingambit\n|-heal|p2a: Kingambit|81\/100|[from] item: Leftovers\n|-damage|p1a: Zapdos|69\/100 tox|[from] psn\n|upkeep\n|turn|44\n|\n|t:|1699950656\n|move|p2a: Kingambit|Protect|p2a: Kingambit\n|-singleturn|p2a: Kingambit|Protect\n|move|p1a: Zapdos|Volt Switch|p2a: Kingambit\n|-activate|p2a: Kingambit|move: Protect\n|\n|-heal|p2a: Kingambit|87\/100|[from] item: Leftovers\n|-damage|p1a: Zapdos|51\/100 tox|[from] psn\n|upkeep\n|turn|45\n|\n|t:|1699950670\n|switch|p1a: Slowking|Slowking-Galar, F|70\/100\n|move|p2a: Kingambit|Night Slash|p1a: Slowking\n|-supereffective|p1a: Slowking\n|-crit|p1a: Slowking\n|-damage|p1a: Slowking|0 fnt\n|faint|p1a: Slowking\n|\n|-heal|p2a: Kingambit|94\/100|[from] item: Leftovers\n|upkeep\n|\n|t:|1699950701\n|switch|p1a: Kingambit|Kingambit, M|100\/100\n|-activate|p1a: Kingambit|ability: Supreme Overlord\n|-start|p1a: Kingambit|fallen1|[silent]\n|turn|46\n|\n|t:|1699950769\n|switch|p2a: Weezing|Weezing-Galar, M|100\/100 par\n|-ability|p2a: Weezing|Neutralizing Gas\n|move|p1a: Kingambit|Kowtow Cleave|p2a: Weezing\n|-resisted|p2a: Weezing\n|-damage|p2a: Weezing|86\/100 par\n|\n|upkeep\n|turn|47\n|\n|t:|1699950786\n|move|p1a: Kingambit|Tera Blast|p2a: Weezing\n|-damage|p2a: Weezing|70\/100 par\n|move|p2a: Weezing|Will-O-Wisp|p1a: Kingambit\n|-status|p1a: Kingambit|brn\n|\n|-damage|p1a: Kingambit|94\/100 brn|[from] brn\n|upkeep\n|turn|48\n|\n|t:|1699950849\n|-end|p1a: Kingambit|fallen1|[silent]\n|switch|p1a: Zapdos|Zapdos, shiny|51\/100 tox\n|-end|p2a: Weezing|ability: Neutralizing Gas\n|switch|p2a: Alomomola|Alomomola, F|100\/100\n|\n|-damage|p1a: Zapdos|44\/100 tox|[from] psn\n|upkeep\n|turn|49\n|\n|t:|1699950860\n|move|p2a: Alomomola|Protect|p2a: Alomomola\n|-singleturn|p2a: Alomomola|Protect\n|move|p1a: Zapdos|Roost|p1a: Zapdos\n|-heal|p1a: Zapdos|95\/100 tox\n|-singleturn|p1a: Zapdos|move: Roost\n|\n|-damage|p1a: Zapdos|82\/100 tox|[from] psn\n|upkeep\n|turn|50\n|\n|t:|1699950871\n|switch|p2a: Clodsire|Clodsire, F|100\/100\n|move|p1a: Zapdos|Volt Switch|p2a: Clodsire\n|-immune|p2a: Clodsire\n|\n|-damage|p1a: Zapdos|63\/100 tox|[from] psn\n|upkeep\n|turn|51\n|\n|t:|1699950880\n|switch|p1a: Dragapult|Dragapult, F, shiny|65\/100\n|switch|p2a: Kingambit|Kingambit, F|94\/100\n|-ability|p2a: Kingambit|Pressure\n|\n|-heal|p2a: Kingambit|99\/100|[from] item: Leftovers\n|upkeep\n|turn|52\n|\n|t:|1699950899\n|move|p2a: Kingambit|Protect|p2a: Kingambit\n|-singleturn|p2a: Kingambit|Protect\n|move|p1a: Dragapult|Will-O-Wisp|p2a: Kingambit\n|-activate|p2a: Kingambit|move: Protect\n|\n|-heal|p2a: Kingambit|100\/100|[from] item: Leftovers\n|upkeep\n|turn|53\n|\n|t:|1699950910\n|switch|p2a: Alomomola|Alomomola, F|100\/100\n|move|p1a: Dragapult|Will-O-Wisp|p2a: Alomomola\n|-status|p2a: Alomomola|brn\n|\n|-damage|p2a: Alomomola|94\/100 brn|[from] brn\n|upkeep\n|turn|54\n|\n|t:|1699950920\n|move|p1a: Dragapult|Hex|p2a: Alomomola\n|-damage|p2a: Alomomola|48\/100 brn\n|move|p2a: Alomomola|Mirror Coat|p1a: Dragapult\n|-damage|p1a: Dragapult|0 fnt\n|faint|p1a: Dragapult\n|\n|-heal|p2a: Alomomola|54\/100 brn|[from] item: Leftovers\n|-damage|p2a: Alomomola|48\/100 brn|[from] brn\n|upkeep\n|\n|t:|1699950971\n|switch|p1a: Iron Moth|Iron Moth|76\/100\n|turn|55\n|\n|t:|1699950981\n|-end|p1a: Iron Moth|Quark Drive|[silent]\n|switch|p1a: Zapdos|Zapdos, shiny|63\/100 tox\n|switch|p2a: Clodsire|Clodsire, F|100\/100\n|\n|-damage|p1a: Zapdos|57\/100 tox|[from] psn\n|upkeep\n|turn|56\n|\n|t:|1699951086\n|switch|p1a: Great Tusk|Great Tusk|69\/100 tox\n|move|p2a: Clodsire|Earthquake|p1a: Great Tusk\n|-damage|p1a: Great Tusk|57\/100 tox\n|\n|-heal|p1a: Great Tusk|63\/100 tox|[from] item: Leftovers\n|-damage|p1a: Great Tusk|57\/100 tox|[from] psn\n|upkeep\n|turn|57\n|\n|t:|1699951096\n|switch|p2a: Corviknight|Corviknight, F|75\/100\n|-ability|p2a: Corviknight|Pressure\n|move|p1a: Great Tusk|Earthquake|p2a: Corviknight\n|-immune|p2a: Corviknight\n|\n|-heal|p1a: Great Tusk|63\/100 tox|[from] item: Leftovers\n|-damage|p1a: Great Tusk|50\/100 tox|[from] psn\n|upkeep\n|turn|58\n|\n|t:|1699951112\n|move|p1a: Great Tusk|Stealth Rock|p2a: Corviknight\n|-sidestart|p2: jimmynut|move: Stealth Rock\n|move|p2a: Corviknight|Roost|p2a: Corviknight\n|-heal|p2a: Corviknight|100\/100\n|-singleturn|p2a: Corviknight|move: Roost\n|\n|-heal|p1a: Great Tusk|57\/100 tox|[from] item: Leftovers\n|-damage|p1a: Great Tusk|38\/100 tox|[from] psn\n|upkeep\n|turn|59\n|\n|t:|1699951123\n|-end|p1a: Great Tusk|Protosynthesis|[silent]\n|switch|p1a: Iron Moth|Iron Moth|76\/100\n|move|p2a: Corviknight|Defog|p1a: Iron Moth\n|-unboost|p1a: Iron Moth|evasion|1\n|-sideend|p2: jimmynut|Stealth Rock|[from] move: Defog|[of] p2a: Corviknight\n|\n|upkeep\n|turn|60\n|\n|t:|1699951155\n|switch|p2a: Clodsire|Clodsire, F|100\/100\n|move|p1a: Iron Moth|Fiery Dance|p2a: Clodsire\n|-damage|p2a: Clodsire|80\/100\n|\n|-heal|p2a: Clodsire|86\/100|[from] item: Leftovers\n|upkeep\n|turn|61\n|\n|t:|1699951168\n|move|p1a: Iron Moth|Fiery Dance|p2a: Clodsire\n|-damage|p2a: Clodsire|66\/100\n|-boost|p1a: Iron Moth|spa|1\n|move|p2a: Clodsire|Earthquake|p1a: Iron Moth\n|-supereffective|p1a: Iron Moth\n|-damage|p1a: Iron Moth|0 fnt\n|faint|p1a: Iron Moth\n|-end|p1a: Iron Moth|Quark Drive|[silent]\n|\n|-heal|p2a: Clodsire|73\/100|[from] item: Leftovers\n|upkeep\n|\n|t:|1699951200\n|switch|p1a: Great Tusk|Great Tusk|38\/100 tox\n|turn|62\n|\n|t:|1699951204\n|switch|p2a: Corviknight|Corviknight, F|100\/100\n|-ability|p2a: Corviknight|Pressure\n|move|p1a: Great Tusk|Earthquake|p2a: Corviknight\n|-immune|p2a: Corviknight\n|\n|-heal|p1a: Great Tusk|44\/100 tox|[from] item: Leftovers\n|-damage|p1a: Great Tusk|38\/100 tox|[from] psn\n|upkeep\n|turn|63\n|\n|t:|1699951221\n|move|p1a: Great Tusk|Stealth Rock|p2a: Corviknight\n|-sidestart|p2: jimmynut|move: Stealth Rock\n|move|p2a: Corviknight|Iron Defense|p2a: Corviknight\n|-boost|p2a: Corviknight|def|2\n|\n|-heal|p1a: Great Tusk|44\/100 tox|[from] item: Leftovers\n|-damage|p1a: Great Tusk|32\/100 tox|[from] psn\n|upkeep\n|turn|64\n|\n|t:|1699951247\n|move|p1a: Great Tusk|Knock Off|p2a: Corviknight\n|-damage|p2a: Corviknight|95\/100\n|move|p2a: Corviknight|Body Press|p1a: Great Tusk\n|-damage|p1a: Great Tusk|6\/100 tox\n|\n|-heal|p1a: Great Tusk|12\/100 tox|[from] item: Leftovers\n|-damage|p1a: Great Tusk|0 fnt|[from] psn\n|faint|p1a: Great Tusk\n|-end|p1a: Great Tusk|Protosynthesis|[silent]\n|upkeep\n|\n|t:|1699951267\n|switch|p1a: Zapdos|Zapdos, shiny|57\/100 tox\n|turn|65\n|\n|t:|1699951318\n|switch|p2a: Clodsire|Clodsire, F|73\/100\n|-damage|p2a: Clodsire|66\/100|[from] Stealth Rock\n|move|p1a: Zapdos|Thunderbolt|p2a: Clodsire\n|-immune|p2a: Clodsire\n|\n|-heal|p2a: Clodsire|73\/100|[from] item: Leftovers\n|-damage|p1a: Zapdos|51\/100 tox|[from] psn\n|upkeep\n|turn|66\n|\n|t:|1699951331\n|move|p1a: Zapdos|Hurricane|p2a: Clodsire\n|-damage|p2a: Clodsire|39\/100\n|move|p2a: Clodsire|Earthquake|p1a: Zapdos\n|-immune|p1a: Zapdos\n|\n|-heal|p2a: Clodsire|45\/100|[from] item: Leftovers\n|-damage|p1a: Zapdos|39\/100 tox|[from] psn\n|upkeep\n|turn|67\n|\n|t:|1699951350\n|move|p1a: Zapdos|Hurricane|p2a: Clodsire\n|-damage|p2a: Clodsire|15\/100\n|move|p2a: Clodsire|Recover|p2a: Clodsire\n|-heal|p2a: Clodsire|65\/100\n|\n|-heal|p2a: Clodsire|71\/100|[from] item: Leftovers\n|-damage|p1a: Zapdos|20\/100 tox|[from] psn\n|upkeep\n|turn|68\n|\n|t:|1699951359\n|move|p1a: Zapdos|Hurricane|p2a: Clodsire\n|-damage|p2a: Clodsire|38\/100\n|move|p2a: Clodsire|Earthquake|p1a: Zapdos\n|-immune|p1a: Zapdos\n|\n|-heal|p2a: Clodsire|44\/100|[from] item: Leftovers\n|-damage|p1a: Zapdos|0 fnt|[from] psn\n|faint|p1a: Zapdos\n|upkeep\n|\n|t:|1699951372\n|switch|p1a: Kingambit|Kingambit, M|94\/100 brn\n|-activate|p1a: Kingambit|ability: Supreme Overlord\n|-start|p1a: Kingambit|fallen5|[silent]\n|turn|69\n|\n|t:|1699951393\n|move|p1a: Kingambit|Kowtow Cleave|p2a: Clodsire\n|-damage|p2a: Clodsire|9\/100\n|move|p2a: Clodsire|Counter|p1a: Kingambit\n|-damage|p1a: Kingambit|13\/100 brn\n|\n|-heal|p1a: Kingambit|19\/100 brn|[from] item: Leftovers\n|-heal|p2a: Clodsire|16\/100|[from] item: Leftovers\n|-damage|p1a: Kingambit|13\/100 brn|[from] brn\n|upkeep\n|turn|70\n|c|\u2606Torkhar|stall of shit\n|-message|Torkhar forfeited.\n|\n|win|jimmynut\n|raw|Torkhar's rating: 1209 &rarr; <strong>1192<\/strong><br \/>(-17 for losing)\n|raw|jimmynut's rating: 1331 &rarr; <strong>1344<\/strong><br \/>(+13 for winning)\n|l|\u2606Torkhar\n","uploadtime":1699951593,"views":11,"p1id":"torkhar","p2id":"jimmynut","formatid":"gen9ou","rating":1192,"private":0,"password":""}