{"id":"gen9ou-1988585758","p1":"schizzlestick","p2":"OkJuice100","format":"[Gen 9] OU","log":"|j|\u2606schizzlestick\n|j|\u2606OkJuice100\n|t:|1699738952\n|gametype|singles\n|player|p1|schizzlestick|hiker-gen4|1286\n|player|p2|OkJuice100|266|1361\n|teamsize|p1|6\n|teamsize|p2|6\n|gen|9\n|tier|[Gen 9] OU\n|rated|\n|rule|Sleep Clause Mod: Limit one foe put to sleep\n|rule|Species Clause: Limit one of each Pok\u00e9mon\n|rule|OHKO Clause: OHKO moves are banned\n|rule|Evasion Items Clause: Evasion items are banned\n|rule|Evasion Moves Clause: Evasion moves are banned\n|rule|Endless Battle Clause: Forcing endless battles is banned\n|rule|HP Percentage Mod: HP is shown in percentages\n|clearpoke\n|poke|p1|Gliscor, F|\n|poke|p1|Rotom-Wash|\n|poke|p1|Cinderace, F|\n|poke|p1|Iron Hands|\n|poke|p1|Scizor, F|\n|poke|p1|Volcanion|\n|poke|p2|Cinderace, M|\n|poke|p2|Greninja-*, M|\n|poke|p2|Slowking-Galar, F|\n|poke|p2|Pelipper, M|\n|poke|p2|Barraskewda, M|\n|poke|p2|Rillaboom, M|\n|teampreview\n|\n|t:|1699738964\n|start\n|switch|p1a: Rotom|Rotom-Wash|100\/100\n|switch|p2a: Cinderace|Cinderace, M|100\/100\n|turn|1\n|\n|t:|1699738978\n|switch|p2a: Slowking|Slowking-Galar, F|100\/100\n|move|p1a: Rotom|Will-O-Wisp|p2a: Slowking\n|-status|p2a: Slowking|brn\n|\n|-damage|p2a: Slowking|94\/100 brn|[from] brn\n|upkeep\n|turn|2\n|\n|t:|1699738986\n|move|p1a: Rotom|Volt Switch|p2a: Slowking\n|-damage|p2a: Slowking|80\/100 brn\n|\n|t:|1699739021\n|switch|p1a: Scizor|Scizor, F|100\/100|[from] Volt Switch\n|move|p2a: Slowking|Future Sight|p1a: Scizor\n|-start|p2a: Slowking|move: Future Sight\n|\n|-damage|p2a: Slowking|74\/100 brn|[from] brn\n|upkeep\n|turn|3\n|\n|t:|1699739030\n|switch|p2a: Pelipper|Pelipper, M|100\/100\n|-weather|RainDance|[from] ability: Drizzle|[of] p2a: Pelipper\n|move|p1a: Scizor|Thief|p2a: Pelipper\n|-damage|p2a: Pelipper|63\/100\n|\n|-weather|RainDance|[upkeep]\n|upkeep\n|turn|4\n|\n|t:|1699739060\n|switch|p1a: Volcanion|Volcanion|100\/100\n|move|p2a: Pelipper|U-turn|p1a: Volcanion\n|-resisted|p1a: Volcanion\n|-damage|p1a: Volcanion|96\/100\n|\n|t:|1699739062\n|switch|p2a: Cinderace|Cinderace, M|100\/100|[from] U-turn\n|\n|-weather|RainDance|[upkeep]\n|-end|p1a: Volcanion|move: Future Sight\n|-damage|p1a: Volcanion|47\/100\n|upkeep\n|turn|5\n|\n|t:|1699739076\n|move|p2a: Cinderace|Electro Ball|p1a: Volcanion\n|-start|p2a: Cinderace|typechange|Electric|[from] ability: Libero\n|-supereffective|p1a: Volcanion\n|-crit|p1a: Volcanion\n|-damage|p1a: Volcanion|0 fnt\n|faint|p1a: Volcanion\n|\n|-weather|RainDance|[upkeep]\n|upkeep\n|c|\u2606schizzlestick|what\n|c|\u2606OkJuice100|Shock and ball torture\n|c|\u2606schizzlestick|ok\n|\n|t:|1699739110\n|switch|p1a: Gliscor|Gliscor, F|100\/100\n|turn|6\n|\n|t:|1699739118\n|switch|p2a: Greninja|Greninja, M|100\/100\n|move|p1a: Gliscor|Protect||[still]\n|-fail|p1a: Gliscor\n|\n|-weather|RainDance|[upkeep]\n|-status|p1a: Gliscor|tox|[from] item: Toxic Orb\n|upkeep\n|turn|7\n|\n|t:|1699739131\n|switch|p2a: Rillaboom|Rillaboom, M|100\/100\n|-fieldstart|move: Grassy Terrain|[from] ability: Grassy Surge|[of] p2a: Rillaboom\n|switch|p1a: Rotom|Rotom-Wash|100\/100\n|\n|-weather|RainDance|[upkeep]\n|upkeep\n|turn|8\n|\n|t:|1699739145\n|-terastallize|p1a: Rotom|Steel\n|move|p2a: Rillaboom|Protect|p2a: Rillaboom\n|-singleturn|p2a: Rillaboom|Protect\n|move|p1a: Rotom|Will-O-Wisp|p2a: Rillaboom\n|-activate|p2a: Rillaboom|move: Protect\n|\n|-weather|RainDance|[upkeep]\n|upkeep\n|turn|9\n|-message|schizzlestick forfeited.\n|\n|win|OkJuice100\n|raw|schizzlestick's rating: 1286 &rarr; <strong>1266<\/strong><br \/>(-20 for losing)\n|raw|OkJuice100's rating: 1361 &rarr; <strong>1377<\/strong><br \/>(+16 for winning)\n|l|\u2606schizzlestick\n","uploadtime":1699739156,"views":55,"p1id":"schizzlestick","p2id":"okjuice100","formatid":"gen9ou","rating":1266,"private":0,"password":""}