{"id":"gen9ou-1998351898","p1":"Alayashiki","p2":"dwarfleader","format":"[Gen 9] OU","log":"|j|\u2606Alayashiki\n|j|\u2606dwarfleader\n|t:|1700932688\n|gametype|singles\n|player|p1|Alayashiki|malva|1272\n|player|p2|dwarfleader|101|1219\n|teamsize|p1|6\n|teamsize|p2|6\n|gen|9\n|tier|[Gen 9] OU\n|rated|\n|rule|Sleep Clause Mod: Limit one foe put to sleep\n|rule|Species Clause: Limit one of each Pok\u00e9mon\n|rule|OHKO Clause: OHKO moves are banned\n|rule|Evasion Items Clause: Evasion items are banned\n|rule|Evasion Moves Clause: Evasion moves are banned\n|rule|Endless Battle Clause: Forcing endless battles is banned\n|rule|HP Percentage Mod: HP is shown in percentages\n|clearpoke\n|poke|p1|Samurott-Hisui, F|\n|poke|p1|Zapdos|\n|poke|p1|Kleavor, M|\n|poke|p1|Gholdengo|\n|poke|p1|Kingambit, F|\n|poke|p1|Hatterene, F|\n|poke|p2|Ninetales-Alola, F|\n|poke|p2|Mamoswine, M|\n|poke|p2|Haxorus, M|\n|poke|p2|Ceruledge, F|\n|poke|p2|Ogerpon-Wellspring, F|\n|poke|p2|Gholdengo|\n|teampreview\n|\n|t:|1700932695\n|start\n|switch|p1a: John|Kleavor, M|100\/100\n|switch|p2a: Ninetales|Ninetales-Alola, F|100\/100\n|-weather|Snow|[from] ability: Snow Warning|[of] p2a: Ninetales\n|turn|1\n|\n|t:|1700932716\n|switch|p2a: Gholdengo|Gholdengo|100\/100\n|move|p1a: John|Stone Axe|p2a: Gholdengo\n|-resisted|p2a: Gholdengo\n|-damage|p2a: Gholdengo|71\/100\n|-sidestart|p2: dwarfleader|move: Stealth Rock\n|\n|-weather|Snow|[upkeep]\n|upkeep\n|turn|2\n|\n|t:|1700932732\n|switch|p1a: Muramasa|Samurott-Hisui, F, shiny|100\/100\n|move|p2a: Gholdengo|Nasty Plot|p2a: Gholdengo\n|-boost|p2a: Gholdengo|spa|2\n|\n|-weather|Snow|[upkeep]\n|upkeep\n|turn|3\n|\n|t:|1700932744\n|-terastallize|p2a: Gholdengo|Fighting\n|move|p1a: Muramasa|Ceaseless Edge|p2a: Gholdengo\n|-resisted|p2a: Gholdengo\n|-damage|p2a: Gholdengo|36\/100\n|-sidestart|p2: dwarfleader|Spikes\n|move|p2a: Gholdengo|Make It Rain|p1a: Muramasa\n|-resisted|p1a: Muramasa\n|-damage|p1a: Muramasa|5\/100\n|-unboost|p2a: Gholdengo|spa|1\n|\n|-weather|Snow|[upkeep]\n|upkeep\n|turn|4\n|\n|t:|1700932759\n|move|p1a: Muramasa|Ceaseless Edge|p2a: Gholdengo\n|-resisted|p2a: Gholdengo\n|-damage|p2a: Gholdengo|0 fnt\n|-sidestart|p2: dwarfleader|Spikes\n|faint|p2a: Gholdengo\n|\n|-weather|Snow|[upkeep]\n|upkeep\n|\n|t:|1700932767\n|switch|p2a: Ninetales|Ninetales-Alola, F|100\/100\n|-damage|p2a: Ninetales|76\/100|[from] Stealth Rock\n|-damage|p2a: Ninetales|59\/100|[from] Spikes\n|turn|5\n|\n|t:|1700932773\n|move|p2a: Ninetales|Aurora Veil|p2a: Ninetales\n|-sidestart|p2: dwarfleader|move: Aurora Veil\n|move|p1a: Muramasa|Ceaseless Edge|p2a: Ninetales\n|-resisted|p2a: Ninetales\n|-damage|p2a: Ninetales|46\/100\n|-sidestart|p2: dwarfleader|Spikes\n|\n|-weather|none\n|upkeep\n|turn|6\n|\n|t:|1700932782\n|move|p2a: Ninetales|Moonblast|p1a: Muramasa\n|-supereffective|p1a: Muramasa\n|-damage|p1a: Muramasa|0 fnt\n|faint|p1a: Muramasa\n|\n|upkeep\n|inactive|Battle timer is ON: inactive players will automatically lose when time's up. (requested by dwarfleader)\n|\n|t:|1700932822\n|switch|p1a: Bitch 2|Gholdengo|100\/100\n|turn|7\n|inactive|dwarfleader has 120 seconds left.\n|\n|t:|1700932853\n|move|p2a: Ninetales|Moonblast|p1a: Bitch 2\n|-resisted|p1a: Bitch 2\n|-damage|p1a: Bitch 2|83\/100\n|move|p1a: Bitch 2|Shadow Ball|p2a: Ninetales\n|-damage|p2a: Ninetales|16\/100\n|\n|upkeep\n|turn|8\n|\n|t:|1700932861\n|move|p2a: Ninetales|Moonblast|p1a: Bitch 2\n|-resisted|p1a: Bitch 2\n|-damage|p1a: Bitch 2|66\/100\n|move|p1a: Bitch 2|Shadow Ball|p2a: Ninetales\n|-damage|p2a: Ninetales|0 fnt\n|faint|p2a: Ninetales\n|\n|upkeep\n|\n|t:|1700932871\n|switch|p2a: Haxorus|Haxorus, M|100\/100\n|-damage|p2a: Haxorus|88\/100|[from] Stealth Rock\n|-damage|p2a: Haxorus|63\/100|[from] Spikes\n|-ability|p2a: Haxorus|Mold Breaker\n|turn|9\n|\n|t:|1700932892\n|switch|p1a: Bitch 1|Zapdos|100\/100\n|move|p2a: Haxorus|Dragon Dance|p2a: Haxorus\n|-boost|p2a: Haxorus|atk|1\n|-boost|p2a: Haxorus|spe|1\n|\n|upkeep\n|turn|10\n|\n|t:|1700932909\n|move|p2a: Haxorus|Close Combat|p1a: Bitch 1\n|-resisted|p1a: Bitch 1\n|-damage|p1a: Bitch 1|45\/100\n|-unboost|p2a: Haxorus|def|1\n|-unboost|p2a: Haxorus|spd|1\n|-status|p2a: Haxorus|par|[from] ability: Static|[of] p1a: Bitch 1\n|-damage|p2a: Haxorus|53\/100 par|[from] item: Life Orb\n|move|p1a: Bitch 1|Hurricane|p2a: Haxorus|[miss]\n|-miss|p1a: Bitch 1|p2a: Haxorus\n|\n|upkeep\n|turn|11\n|\n|t:|1700932922\n|move|p1a: Bitch 1|Roost|p1a: Bitch 1\n|-heal|p1a: Bitch 1|95\/100\n|-singleturn|p1a: Bitch 1|move: Roost\n|move|p2a: Haxorus|Close Combat|p1a: Bitch 1\n|-damage|p1a: Bitch 1|0 fnt\n|-unboost|p2a: Haxorus|def|1\n|-unboost|p2a: Haxorus|spd|1\n|faint|p1a: Bitch 1\n|-damage|p2a: Haxorus|44\/100 par|[from] item: Life Orb\n|\n|upkeep\n|inactive|Alayashiki has 120 seconds left.\n|\n|t:|1700932939\n|switch|p1a: John|Kleavor, M|100\/100\n|turn|12\n|inactive|Alayashiki has 120 seconds left.\n|\n|t:|1700932968\n|move|p1a: John|Close Combat|p2a: Haxorus\n|-damage|p2a: Haxorus|0 fnt\n|-unboost|p1a: John|def|1\n|-unboost|p1a: John|spd|1\n|faint|p2a: Haxorus\n|\n|-sideend|p2: dwarfleader|move: Aurora Veil\n|upkeep\n|\n|t:|1700932984\n|switch|p2a: Ogerpon|Ogerpon-Wellspring, F|100\/100\n|-damage|p2a: Ogerpon|88\/100|[from] Stealth Rock\n|-damage|p2a: Ogerpon|63\/100|[from] Spikes\n|turn|13\n|\n|t:|1700932998\n|switch|p1a: En Passant|Kingambit, F|100\/100\n|-activate|p1a: En Passant|ability: Supreme Overlord\n|-start|p1a: En Passant|fallen2|[silent]\n|move|p2a: Ogerpon|U-turn|p1a: En Passant\n|-damage|p1a: En Passant|82\/100\n|\n|t:|1700933006\n|switch|p2a: Ceruledge|Ceruledge, F|100\/100|[from] U-turn\n|-damage|p2a: Ceruledge|76\/100|[from] Stealth Rock\n|-damage|p2a: Ceruledge|51\/100|[from] Spikes\n|\n|-heal|p1a: En Passant|88\/100|[from] item: Leftovers\n|upkeep\n|turn|14\n|\n|t:|1700933017\n|move|p2a: Ceruledge|Shadow Sneak|p1a: En Passant\n|-resisted|p1a: En Passant\n|-damage|p1a: En Passant|80\/100\n|move|p1a: En Passant|Sucker Punch||[still]\n|-fail|p1a: En Passant\n|\n|-heal|p1a: En Passant|86\/100|[from] item: Leftovers\n|upkeep\n|turn|15\n|\n|t:|1700933027\n|move|p1a: En Passant|Sucker Punch|p2a: Ceruledge\n|-supereffective|p2a: Ceruledge\n|-damage|p2a: Ceruledge|0 fnt\n|faint|p2a: Ceruledge\n|\n|-heal|p1a: En Passant|92\/100|[from] item: Leftovers\n|upkeep\n|\n|t:|1700933033\n|switch|p2a: Mamoswine|Mamoswine, M|100\/100\n|-damage|p2a: Mamoswine|88\/100|[from] Stealth Rock\n|-damage|p2a: Mamoswine|63\/100|[from] Spikes\n|turn|16\n|\n|t:|1700933039\n|-end|p1a: En Passant|fallen2|[silent]\n|switch|p1a: Bitch 2|Gholdengo|66\/100\n|move|p2a: Mamoswine|Curse|p2a: Mamoswine\n|-unboost|p2a: Mamoswine|spe|1\n|-boost|p2a: Mamoswine|atk|1\n|-boost|p2a: Mamoswine|def|1\n|\n|upkeep\n|turn|17\n|\n|t:|1700933059\n|move|p1a: Bitch 2|Trick|p2a: Mamoswine\n|-activate|p1a: Bitch 2|move: Trick|[of] p2a: Mamoswine\n|-item|p2a: Mamoswine|Choice Specs|[from] move: Trick\n|-item|p1a: Bitch 2|Sitrus Berry|[from] move: Trick\n|move|p2a: Mamoswine|Earthquake|p1a: Bitch 2\n|-supereffective|p1a: Bitch 2\n|-damage|p1a: Bitch 2|0 fnt\n|faint|p1a: Bitch 2\n|\n|upkeep\n|\n|t:|1700933067\n|switch|p1a: En Passant|Kingambit, F|92\/100\n|-activate|p1a: En Passant|ability: Supreme Overlord\n|-start|p1a: En Passant|fallen3|[silent]\n|turn|18\n|\n|t:|1700933073\n|-terastallize|p1a: En Passant|Flying\n|move|p2a: Mamoswine|Earthquake|p1a: En Passant\n|-immune|p1a: En Passant\n|move|p1a: En Passant|Swords Dance|p1a: En Passant\n|-boost|p1a: En Passant|atk|2\n|\n|-heal|p1a: En Passant|98\/100|[from] item: Leftovers\n|upkeep\n|turn|19\n|\n|t:|1700933084\n|switch|p2a: Ogerpon|Ogerpon-Wellspring, F|63\/100\n|-damage|p2a: Ogerpon|51\/100|[from] Stealth Rock\n|-damage|p2a: Ogerpon|26\/100|[from] Spikes\n|move|p1a: En Passant|Iron Head|p2a: Ogerpon\n|-resisted|p2a: Ogerpon\n|-damage|p2a: Ogerpon|0 fnt\n|faint|p2a: Ogerpon\n|\n|-heal|p1a: En Passant|100\/100|[from] item: Leftovers\n|upkeep\n|\n|t:|1700933087\n|switch|p2a: Mamoswine|Mamoswine, M|63\/100\n|-damage|p2a: Mamoswine|51\/100|[from] Stealth Rock\n|-damage|p2a: Mamoswine|26\/100|[from] Spikes\n|turn|20\n|\n|t:|1700933093\n|move|p2a: Mamoswine|Ice Shard|p1a: En Passant\n|-supereffective|p1a: En Passant\n|-damage|p1a: En Passant|72\/100\n|move|p1a: En Passant|Iron Head|p2a: Mamoswine\n|-supereffective|p2a: Mamoswine\n|-damage|p2a: Mamoswine|0 fnt\n|faint|p2a: Mamoswine\n|\n|win|Alayashiki\n|raw|Alayashiki's rating: 1272 &rarr; <strong>1293<\/strong><br \/>(+21 for winning)\n|raw|dwarfleader's rating: 1219 &rarr; <strong>1198<\/strong><br \/>(-21 for losing)\n|l|\u2606dwarfleader\n|l|\u2606Alayashiki\n|j|\u2606Alayashiki\n|player|p1|Alayashiki|malva\n","uploadtime":1700933104,"views":12,"p1id":"alayashiki","p2id":"dwarfleader","formatid":"gen9ou","rating":1198,"private":0,"password":""}