{"id":"gen9ou-1994509956","p1":"BlueLamentation","p2":"BunspamShio","format":"[Gen 9] OU","log":"|j|\u2606BlueLamentation\n|j|\u2606BunspamShio\n|t:|1700452495\n|gametype|singles\n|player|p1|BlueLamentation|harlequin|1285\n|player|p2|BunspamShio|ilima|1229\n|teamsize|p1|6\n|teamsize|p2|6\n|gen|9\n|tier|[Gen 9] OU\n|rated|\n|rule|Sleep Clause Mod: Limit one foe put to sleep\n|rule|Species Clause: Limit one of each Pok\u00e9mon\n|rule|OHKO Clause: OHKO moves are banned\n|rule|Evasion Items Clause: Evasion items are banned\n|rule|Evasion Moves Clause: Evasion moves are banned\n|rule|Endless Battle Clause: Forcing endless battles is banned\n|rule|HP Percentage Mod: HP is shown in percentages\n|clearpoke\n|poke|p1|Muk-Alola, M|\n|poke|p1|Rillaboom, F|\n|poke|p1|Gholdengo|\n|poke|p1|Gastrodon-East, F|\n|poke|p1|Kilowattrel, M|\n|poke|p1|Conkeldurr, M|\n|poke|p2|Azumarill, M|\n|poke|p2|Politoed, F|\n|poke|p2|Pelipper, F|\n|poke|p2|Basculegion-F, F|\n|poke|p2|Floatzel, F|\n|poke|p2|Glimmora, F|\n|teampreview\n|inactive|Battle timer is ON: inactive players will automatically lose when time's up. (requested by BlueLamentation)\n|\n|t:|1700452522\n|start\n|switch|p1a: Kilowattrel|Kilowattrel, M|100\/100\n|switch|p2a: Glimmora|Glimmora, F|100\/100\n|turn|1\n|\n|t:|1700452526\n|move|p1a: Kilowattrel|Thunderbolt|p2a: Glimmora\n|-damage|p2a: Glimmora|48\/100\n|move|p2a: Glimmora|Stealth Rock|p1a: Kilowattrel\n|-sidestart|p1: BlueLamentation|move: Stealth Rock\n|\n|upkeep\n|turn|2\n|\n|t:|1700452531\n|move|p1a: Kilowattrel|Thunderbolt|p2a: Glimmora\n|-damage|p2a: Glimmora|1\/100\n|move|p2a: Glimmora|Spikes|p1a: Kilowattrel\n|-sidestart|p1: BlueLamentation|Spikes\n|\n|upkeep\n|turn|3\n|\n|t:|1700452534\n|move|p1a: Kilowattrel|Thunderbolt|p2a: Glimmora\n|-damage|p2a: Glimmora|0 fnt\n|faint|p2a: Glimmora\n|\n|upkeep\n|\n|t:|1700452544\n|switch|p2a: Politoed|Politoed, F|100\/100\n|-weather|RainDance|[from] ability: Drizzle|[of] p2a: Politoed\n|turn|4\n|\n|t:|1700452547\n|-terastallize|p2a: Politoed|Grass\n|move|p1a: Kilowattrel|Thunderbolt|p2a: Politoed\n|-resisted|p2a: Politoed\n|-damage|p2a: Politoed|87\/100\n|move|p2a: Politoed|Hypnosis|p1a: Kilowattrel\n|-status|p1a: Kilowattrel|slp|[from] move: Hypnosis\n|\n|-weather|RainDance|[upkeep]\n|upkeep\n|turn|5\n|\n|t:|1700452557\n|switch|p2a: Floatzel|Floatzel, F|100\/100\n|cant|p1a: Kilowattrel|slp\n|\n|-weather|RainDance|[upkeep]\n|upkeep\n|turn|6\n|\n|t:|1700452561\n|move|p2a: Floatzel|Wave Crash|p1a: Kilowattrel\n|-damage|p1a: Kilowattrel|0 fnt\n|faint|p1a: Kilowattrel\n|-damage|p2a: Floatzel|65\/100|[from] Recoil\n|\n|-weather|RainDance|[upkeep]\n|upkeep\n|\n|t:|1700452575\n|switch|p1a: Rillaboom|Rillaboom, F|100\/100\n|-damage|p1a: Rillaboom|88\/100|[from] Stealth Rock\n|-damage|p1a: Rillaboom|76\/100|[from] Spikes\n|-fieldstart|move: Grassy Terrain|[from] ability: Grassy Surge|[of] p1a: Rillaboom\n|turn|7\n|\n|t:|1700452578\n|switch|p2a: Politoed|Politoed, F, tera:Grass|87\/100\n|move|p1a: Rillaboom|Drum Beating|p2a: Politoed\n|-resisted|p2a: Politoed\n|-damage|p2a: Politoed|40\/100\n|-unboost|p2a: Politoed|spe|1\n|\n|-weather|RainDance|[upkeep]\n|-heal|p1a: Rillaboom|82\/100|[from] Grassy Terrain\n|-heal|p2a: Politoed|46\/100|[from] Grassy Terrain\n|upkeep\n|turn|8\n|\n|t:|1700452586\n|switch|p1a: Gholdengo|Gholdengo|100\/100\n|-damage|p1a: Gholdengo|94\/100|[from] Stealth Rock\n|-damage|p1a: Gholdengo|82\/100|[from] Spikes\n|move|p2a: Politoed|Rest|p2a: Politoed\n|-status|p2a: Politoed|slp|[from] move: Rest\n|-heal|p2a: Politoed|100\/100 slp|[silent]\n|\n|-weather|RainDance|[upkeep]\n|-heal|p1a: Gholdengo|88\/100|[from] Grassy Terrain\n|upkeep\n|turn|9\n|\n|t:|1700452601\n|switch|p2a: Floatzel|Floatzel, F|65\/100\n|move|p1a: Gholdengo|Thunderbolt|p2a: Floatzel\n|-supereffective|p2a: Floatzel\n|-damage|p2a: Floatzel|0 fnt\n|faint|p2a: Floatzel\n|\n|-weather|RainDance|[upkeep]\n|-heal|p1a: Gholdengo|94\/100|[from] Grassy Terrain\n|upkeep\n|\n|t:|1700452610\n|switch|p2a: Azumarill|Azumarill, M|100\/100\n|turn|10\n|\n|t:|1700452614\n|switch|p1a: Gastrodon|Gastrodon-East, F|100\/100\n|-damage|p1a: Gastrodon|94\/100|[from] Stealth Rock\n|-damage|p1a: Gastrodon|82\/100|[from] Spikes\n|move|p2a: Azumarill|Belly Drum|p2a: Azumarill\n|-damage|p2a: Azumarill|51\/100\n|-setboost|p2a: Azumarill|atk|6|[from] move: Belly Drum\n|\n|-weather|RainDance|[upkeep]\n|-heal|p2a: Azumarill|57\/100|[from] Grassy Terrain\n|-heal|p1a: Gastrodon|88\/100|[from] Grassy Terrain\n|upkeep\n|turn|11\n|\n|t:|1700452626\n|move|p2a: Azumarill|Play Rough|p1a: Gastrodon\n|-damage|p1a: Gastrodon|0 fnt\n|-damage|p2a: Azumarill|40\/100|[from] item: Rocky Helmet|[of] p1a: Gastrodon\n|-enditem|p2a: Azumarill|Sitrus Berry|[eat]\n|-heal|p2a: Azumarill|65\/100|[from] item: Sitrus Berry\n|faint|p1a: Gastrodon\n|\n|-weather|none\n|-heal|p2a: Azumarill|71\/100|[from] Grassy Terrain\n|-fieldend|move: Grassy Terrain\n|upkeep\n|\n|t:|1700452636\n|switch|p1a: Rillaboom|Rillaboom, F|82\/100\n|-damage|p1a: Rillaboom|70\/100|[from] Stealth Rock\n|-damage|p1a: Rillaboom|58\/100|[from] Spikes\n|-fieldstart|move: Grassy Terrain|[from] ability: Grassy Surge|[of] p1a: Rillaboom\n|turn|12\n|\n|t:|1700452640\n|move|p2a: Azumarill|Aqua Jet|p1a: Rillaboom\n|-resisted|p1a: Rillaboom\n|-damage|p1a: Rillaboom|7\/100\n|move|p1a: Rillaboom|U-turn|p2a: Azumarill\n|-resisted|p2a: Azumarill\n|-damage|p2a: Azumarill|51\/100\n|c|\u2606BlueLamentation|You're insane\n|c|\u2606BlueLamentation|lmao\n|-message|BlueLamentation forfeited.\n|\n|win|BunspamShio\n|raw|BlueLamentation's rating: 1285 &rarr; <strong>1256<\/strong><br \/>(-29 for losing)\n|raw|BunspamShio's rating: 1229 &rarr; <strong>1258<\/strong><br \/>(+29 for winning)\n|l|\u2606BlueLamentation\n","uploadtime":1700452681,"views":13,"p1id":"bluelamentation","p2id":"bunspamshio","formatid":"gen9ou","rating":1256,"private":0,"password":""}