{"id":"gen9ou-1989808983","p1":"MariuszPudzianowsk","p2":"Hazzle6","format":"[Gen 9] OU","log":"|j|\u2606MariuszPudzianowsk\n|j|\u2606Hazzle6\n|t:|1699897523\n|gametype|singles\n|player|p1|MariuszPudzianowsk|bugcatcher-gen4dp|1192\n|player|p2|Hazzle6|102|1182\n|teamsize|p1|6\n|teamsize|p2|6\n|gen|9\n|tier|[Gen 9] OU\n|rated|\n|rule|Sleep Clause Mod: Limit one foe put to sleep\n|rule|Species Clause: Limit one of each Pok\u00e9mon\n|rule|OHKO Clause: OHKO moves are banned\n|rule|Evasion Items Clause: Evasion items are banned\n|rule|Evasion Moves Clause: Evasion moves are banned\n|rule|Endless Battle Clause: Forcing endless battles is banned\n|rule|HP Percentage Mod: HP is shown in percentages\n|clearpoke\n|poke|p1|Lokix, M|\n|poke|p1|Weezing-Galar, M|\n|poke|p1|Dondozo, F|\n|poke|p1|Goodra, F|\n|poke|p1|Thundurus-Therian, M|\n|poke|p1|Slowbro-Galar, F|\n|poke|p2|Samurott-Hisui, M|\n|poke|p2|Zapdos|\n|poke|p2|Iron Treads|\n|poke|p2|Clefable, F|\n|poke|p2|Dragapult, F|\n|poke|p2|Ogerpon, F|\n|teampreview\n|inactive|Battle timer is ON: inactive players will automatically lose when time's up. (requested by MariuszPudzianowsk)\n|\n|t:|1699897540\n|start\n|switch|p1a: Lokix|Lokix, M|100\/100\n|switch|p2a: Samurott|Samurott-Hisui, M|100\/100\n|turn|1\n|\n|t:|1699897550\n|switch|p2a: Zapdos|Zapdos|100\/100\n|-terastallize|p1a: Lokix|Bug\n|move|p1a: Lokix|First Impression|p2a: Zapdos\n|-resisted|p2a: Zapdos\n|-damage|p2a: Zapdos|54\/100\n|-damage|p1a: Lokix|84\/100|[from] item: Rocky Helmet|[of] p2a: Zapdos\n|\n|upkeep\n|turn|2\n|\n|t:|1699897569\n|switch|p1a: Thundurus|Thundurus-Therian, M|100\/100\n|move|p2a: Zapdos|Roost|p2a: Zapdos\n|-heal|p2a: Zapdos|100\/100\n|-singleturn|p2a: Zapdos|move: Roost\n|\n|upkeep\n|turn|3\n|\n|t:|1699897584\n|switch|p2a: Clefable|Clefable, F|100\/100\n|move|p1a: Thundurus|Sludge Bomb|p2a: Clefable\n|-supereffective|p2a: Clefable\n|-damage|p2a: Clefable|52\/100\n|\n|-heal|p2a: Clefable|58\/100|[from] item: Leftovers\n|upkeep\n|turn|4\n|\n|t:|1699897594\n|move|p2a: Clefable|Protect|p2a: Clefable\n|-singleturn|p2a: Clefable|Protect\n|move|p1a: Thundurus|Sludge Bomb|p2a: Clefable\n|-activate|p2a: Clefable|move: Protect\n|\n|-heal|p2a: Clefable|64\/100|[from] item: Leftovers\n|upkeep\n|turn|5\n|\n|t:|1699897600\n|switch|p2a: Iron Treads|Iron Treads|100\/100\n|move|p1a: Thundurus|Sludge Bomb|p2a: Iron Treads\n|-immune|p2a: Iron Treads\n|\n|upkeep\n|turn|6\n|\n|t:|1699897613\n|switch|p1a: Dondozo|Dondozo, F|100\/100\n|move|p2a: Iron Treads|Knock Off|p1a: Dondozo\n|-damage|p1a: Dondozo|85\/100\n|-enditem|p1a: Dondozo|Leftovers|[from] move: Knock Off|[of] p2a: Iron Treads\n|\n|upkeep\n|turn|7\n|\n|t:|1699897629\n|-end|p2a: Iron Treads|Quark Drive|[silent]\n|switch|p2a: Zapdos|Zapdos|100\/100\n|move|p1a: Dondozo|Curse|p1a: Dondozo\n|-unboost|p1a: Dondozo|spe|1\n|-boost|p1a: Dondozo|atk|1\n|-boost|p1a: Dondozo|def|1\n|\n|upkeep\n|turn|8\n|\n|t:|1699897639\n|switch|p1a: Thundurus|Thundurus-Therian, M|100\/100\n|move|p2a: Zapdos|Hurricane|p1a: Thundurus|[miss]\n|-miss|p2a: Zapdos|p1a: Thundurus\n|\n|upkeep\n|turn|9\n|\n|t:|1699897657\n|move|p1a: Thundurus|Dark Pulse|p2a: Zapdos\n|-damage|p2a: Zapdos|72\/100\n|move|p2a: Zapdos|Roost|p2a: Zapdos\n|-heal|p2a: Zapdos|100\/100\n|-singleturn|p2a: Zapdos|move: Roost\n|\n|upkeep\n|turn|10\n|\n|t:|1699897664\n|switch|p2a: Samurott|Samurott-Hisui, M|100\/100\n|move|p1a: Thundurus|Sludge Bomb|p2a: Samurott\n|-crit|p2a: Samurott\n|-damage|p2a: Samurott|21\/100\n|-status|p2a: Samurott|psn\n|\n|-damage|p2a: Samurott|9\/100 psn|[from] psn\n|upkeep\n|turn|11\n|inactive|Hazzle6 has 120 seconds left.\n|\n|t:|1699897696\n|switch|p2a: Zapdos|Zapdos|100\/100\n|move|p1a: Thundurus|Dark Pulse|p2a: Zapdos\n|-damage|p2a: Zapdos|72\/100\n|\n|upkeep\n|turn|12\n|\n|t:|1699897704\n|switch|p2a: Iron Treads|Iron Treads|100\/100\n|move|p1a: Thundurus|Sludge Bomb|p2a: Iron Treads\n|-immune|p2a: Iron Treads\n|\n|upkeep\n|turn|13\n|\n|t:|1699897718\n|move|p1a: Thundurus|Grass Knot|p2a: Iron Treads\n|-damage|p2a: Iron Treads|57\/100\n|move|p2a: Iron Treads|Knock Off|p1a: Thundurus\n|-damage|p1a: Thundurus|49\/100\n|-enditem|p1a: Thundurus|Assault Vest|[from] move: Knock Off|[of] p2a: Iron Treads\n|\n|upkeep\n|turn|14\n|\n|t:|1699897734\n|move|p1a: Thundurus|Grass Knot|p2a: Iron Treads\n|-damage|p2a: Iron Treads|11\/100\n|move|p2a: Iron Treads|Rapid Spin|p1a: Thundurus\n|-damage|p1a: Thundurus|23\/100\n|-boost|p2a: Iron Treads|spe|1\n|\n|upkeep\n|turn|15\n|\n|t:|1699897743\n|switch|p1a: Dondozo|Dondozo, F|85\/100\n|move|p2a: Iron Treads|Iron Head|p1a: Dondozo\n|-resisted|p1a: Dondozo\n|-damage|p1a: Dondozo|77\/100\n|\n|upkeep\n|turn|16\n|\n|t:|1699897748\n|move|p2a: Iron Treads|Earthquake|p1a: Dondozo\n|-damage|p1a: Dondozo|53\/100\n|move|p1a: Dondozo|Wave Crash|p2a: Iron Treads\n|-supereffective|p2a: Iron Treads\n|-damage|p2a: Iron Treads|0 fnt\n|faint|p2a: Iron Treads\n|-end|p2a: Iron Treads|Quark Drive|[silent]\n|-damage|p1a: Dondozo|51\/100|[from] Recoil\n|\n|upkeep\n|\n|t:|1699897752\n|switch|p2a: Samurott|Samurott-Hisui, M|9\/100 psn\n|turn|17\n|\n|t:|1699897761\n|move|p2a: Samurott|Ceaseless Edge|p1a: Dondozo\n|-damage|p1a: Dondozo|25\/100\n|-sidestart|p1: MariuszPudzianowsk|Spikes\n|move|p1a: Dondozo|Rest|p1a: Dondozo\n|-status|p1a: Dondozo|slp|[from] move: Rest\n|-heal|p1a: Dondozo|100\/100 slp|[silent]\n|\n|-damage|p2a: Samurott|0 fnt|[from] psn\n|faint|p2a: Samurott\n|upkeep\n|inactive|Hazzle6 has 120 seconds left.\n|\n|t:|1699897794\n|switch|p2a: Zapdos|Zapdos|72\/100\n|turn|18\n|\n|t:|1699897807\n|switch|p1a: Weezing|Weezing-Galar, M|100\/100\n|-ability|p1a: Weezing|Neutralizing Gas\n|move|p2a: Zapdos|Hurricane|p1a: Weezing\n|-damage|p1a: Weezing|46\/100\n|-start|p1a: Weezing|confusion\n|\n|upkeep\n|turn|19\n|\n|t:|1699897818\n|move|p2a: Zapdos|Hurricane|p1a: Weezing\n|-damage|p1a: Weezing|0 fnt\n|faint|p1a: Weezing\n|-end|p1a: Weezing|ability: Neutralizing Gas\n|\n|upkeep\n|\n|t:|1699897822\n|switch|p1a: Lokix|Lokix, M, tera:Bug|84\/100\n|-damage|p1a: Lokix|72\/100|[from] Spikes\n|turn|20\n|\n|t:|1699897825\n|move|p1a: Lokix|First Impression|p2a: Zapdos\n|-resisted|p2a: Zapdos\n|-damage|p2a: Zapdos|19\/100\n|-damage|p1a: Lokix|55\/100|[from] item: Rocky Helmet|[of] p2a: Zapdos\n|move|p2a: Zapdos|Roost|p2a: Zapdos\n|-heal|p2a: Zapdos|69\/100\n|-singleturn|p2a: Zapdos|move: Roost\n|\n|upkeep\n|turn|21\n|\n|t:|1699897831\n|move|p1a: Lokix|Knock Off|p2a: Zapdos\n|-damage|p2a: Zapdos|34\/100\n|-damage|p1a: Lokix|38\/100|[from] item: Rocky Helmet|[of] p2a: Zapdos\n|-status|p1a: Lokix|par|[from] ability: Static|[of] p2a: Zapdos\n|-enditem|p2a: Zapdos|Rocky Helmet|[from] move: Knock Off|[of] p1a: Lokix\n|move|p2a: Zapdos|Roost|p2a: Zapdos\n|-heal|p2a: Zapdos|85\/100\n|-singleturn|p2a: Zapdos|move: Roost\n|\n|upkeep\n|turn|22\n|\n|t:|1699897851\n|switch|p1a: Goodra|Goodra, F|100\/100\n|-damage|p1a: Goodra|88\/100|[from] Spikes\n|move|p2a: Zapdos|Heat Wave|p1a: Goodra\n|-resisted|p1a: Goodra\n|-damage|p1a: Goodra|80\/100\n|\n|-heal|p1a: Goodra|86\/100|[from] item: Leftovers\n|upkeep\n|turn|23\n|\n|t:|1699897858\n|switch|p2a: Clefable|Clefable, F|64\/100\n|move|p1a: Goodra|Draco Meteor|p2a: Clefable\n|-immune|p2a: Clefable\n|\n|-heal|p1a: Goodra|92\/100|[from] item: Leftovers\n|-heal|p2a: Clefable|70\/100|[from] item: Leftovers\n|upkeep\n|turn|24\n|\n|t:|1699897874\n|switch|p1a: Slowbro|Slowbro-Galar, F|100\/100\n|-damage|p1a: Slowbro|88\/100|[from] Spikes\n|move|p2a: Clefable|Stealth Rock|p1a: Slowbro\n|-sidestart|p1: MariuszPudzianowsk|move: Stealth Rock\n|\n|-heal|p2a: Clefable|76\/100|[from] item: Leftovers\n|-heal|p1a: Slowbro|94\/100|[from] item: Leftovers\n|upkeep\n|turn|25\n|\n|t:|1699897903\n|move|p2a: Clefable|Protect|p2a: Clefable\n|-singleturn|p2a: Clefable|Protect\n|move|p1a: Slowbro|Curse|p1a: Slowbro\n|-unboost|p1a: Slowbro|spe|1\n|-boost|p1a: Slowbro|atk|1\n|-boost|p1a: Slowbro|def|1\n|\n|-heal|p2a: Clefable|82\/100|[from] item: Leftovers\n|-heal|p1a: Slowbro|99\/100|[from] item: Leftovers\n|upkeep\n|turn|26\n|\n|t:|1699897910\n|switch|p2a: Zapdos|Zapdos|85\/100\n|move|p1a: Slowbro|Shell Side Arm|p2a: Zapdos|[anim] Shell Side Arm Physical\n|-damage|p2a: Zapdos|34\/100\n|-hint|Physical Shell Side Arm\n|\n|-heal|p1a: Slowbro|100\/100|[from] item: Leftovers\n|upkeep\n|turn|27\n|-activate|p1a: Slowbro|ability: Quick Draw\n|\n|t:|1699897916\n|move|p1a: Slowbro|Shell Side Arm|p2a: Zapdos|[anim] Shell Side Arm Physical\n|-damage|p2a: Zapdos|0 fnt\n|-hint|Physical Shell Side Arm\n|faint|p2a: Zapdos\n|\n|upkeep\n|\n|t:|1699897920\n|switch|p2a: Dragapult|Dragapult, F|100\/100\n|turn|28\n|\n|t:|1699897939\n|move|p2a: Dragapult|Dragon Dance|p2a: Dragapult\n|-boost|p2a: Dragapult|atk|1\n|-boost|p2a: Dragapult|spe|1\n|move|p1a: Slowbro|Zen Headbutt|p2a: Dragapult\n|-damage|p2a: Dragapult|18\/100\n|\n|upkeep\n|turn|29\n|\n|t:|1699897947\n|move|p2a: Dragapult|Psychic Fangs|p1a: Slowbro\n|-damage|p1a: Slowbro|74\/100\n|move|p1a: Slowbro|Zen Headbutt|p2a: Dragapult|[miss]\n|-miss|p1a: Slowbro|p2a: Dragapult\n|\n|-heal|p1a: Slowbro|80\/100|[from] item: Leftovers\n|upkeep\n|turn|30\n|\n|t:|1699897952\n|move|p2a: Dragapult|Dragon Darts|p1a: Slowbro\n|-damage|p1a: Slowbro|56\/100\n|-anim|p2a: Dragapult|Dragon Darts|p1a: Slowbro\n|-damage|p1a: Slowbro|30\/100\n|move|p1a: Slowbro|Zen Headbutt|p2a: Dragapult\n|-damage|p2a: Dragapult|0 fnt\n|faint|p2a: Dragapult\n|\n|-heal|p1a: Slowbro|36\/100|[from] item: Leftovers\n|upkeep\n|\n|t:|1699897967\n|switch|p2a: Clefable|Clefable, F|82\/100\n|turn|31\n|-activate|p1a: Slowbro|ability: Quick Draw\n|\n|t:|1699897973\n|-terastallize|p2a: Clefable|Steel\n|move|p1a: Slowbro|Shell Side Arm|p2a: Clefable|[anim] Shell Side Arm Physical\n|-immune|p2a: Clefable\n|move|p2a: Clefable|Moonblast|p1a: Slowbro\n|-resisted|p1a: Slowbro\n|-damage|p1a: Slowbro|15\/100\n|\n|-heal|p2a: Clefable|88\/100|[from] item: Leftovers\n|-heal|p1a: Slowbro|21\/100|[from] item: Leftovers\n|upkeep\n|turn|32\n|\n|t:|1699897982\n|move|p2a: Clefable|Moonblast|p1a: Slowbro\n|-resisted|p1a: Slowbro\n|-damage|p1a: Slowbro|0 fnt\n|faint|p1a: Slowbro\n|\n|-heal|p2a: Clefable|94\/100|[from] item: Leftovers\n|upkeep\n|\n|t:|1699897991\n|switch|p1a: Lokix|Lokix, M, tera:Bug|38\/100 par\n|-damage|p1a: Lokix|26\/100 par|[from] Spikes\n|-damage|p1a: Lokix|1\/100 par|[from] Stealth Rock\n|turn|33\n|\n|t:|1699897997\n|move|p1a: Lokix|First Impression|p2a: Clefable\n|-resisted|p2a: Clefable\n|-damage|p2a: Clefable|20\/100\n|move|p2a: Clefable|Wish|p2a: Clefable\n|\n|-heal|p2a: Clefable|26\/100|[from] item: Leftovers\n|upkeep\n|turn|34\n|\n|t:|1699898001\n|move|p2a: Clefable|Protect|p2a: Clefable\n|-singleturn|p2a: Clefable|Protect\n|move|p1a: Lokix|Brick Break|p2a: Clefable\n|-activate|p2a: Clefable|move: Protect\n|\n|-heal|p2a: Clefable|76\/100|[from] move: Wish|[wisher] Clefable\n|-heal|p2a: Clefable|82\/100|[from] item: Leftovers\n|upkeep\n|turn|35\n|\n|t:|1699898009\n|switch|p2a: Ogerpon|Ogerpon, F|100\/100\n|cant|p1a: Lokix|par\n|\n|upkeep\n|turn|36\n|\n|t:|1699898023\n|move|p2a: Ogerpon|Brick Break|p1a: Lokix\n|-resisted|p1a: Lokix\n|-damage|p1a: Lokix|0 fnt\n|faint|p1a: Lokix\n|\n|upkeep\n|\n|t:|1699898034\n|switch|p1a: Dondozo|Dondozo, F|100\/100 slp\n|-damage|p1a: Dondozo|88\/100 slp|[from] Spikes\n|-damage|p1a: Dondozo|75\/100 slp|[from] Stealth Rock\n|turn|37\n|\n|t:|1699898042\n|move|p2a: Ogerpon|Swords Dance|p2a: Ogerpon\n|-boost|p2a: Ogerpon|atk|2\n|cant|p1a: Dondozo|slp\n|\n|upkeep\n|turn|38\n|\n|t:|1699898044\n|move|p2a: Ogerpon|Ivy Cudgel|p1a: Dondozo\n|-supereffective|p1a: Dondozo\n|-damage|p1a: Dondozo|28\/100 slp\n|cant|p1a: Dondozo|slp\n|\n|upkeep\n|turn|39\n|\n|t:|1699898047\n|move|p2a: Ogerpon|Ivy Cudgel|p1a: Dondozo\n|-supereffective|p1a: Dondozo\n|-damage|p1a: Dondozo|0 fnt\n|faint|p1a: Dondozo\n|\n|upkeep\n|\n|t:|1699898051\n|switch|p1a: Thundurus|Thundurus-Therian, M|23\/100\n|-damage|p1a: Thundurus|0 fnt|[from] Stealth Rock\n|faint|p1a: Thundurus\n|\n|t:|1699898052\n|switch|p1a: Goodra|Goodra, F|92\/100\n|-damage|p1a: Goodra|80\/100|[from] Spikes\n|-damage|p1a: Goodra|67\/100|[from] Stealth Rock\n|turn|40\n|\n|t:|1699898057\n|move|p2a: Ogerpon|Play Rough|p1a: Goodra\n|-supereffective|p1a: Goodra\n|-damage|p1a: Goodra|0 fnt\n|faint|p1a: Goodra\n|\n|win|Hazzle6\n|raw|MariuszPudzianowsk's rating: 1192 &rarr; <strong>1166<\/strong><br \/>(-26 for losing)\n|raw|Hazzle6's rating: 1182 &rarr; <strong>1208<\/strong><br \/>(+26 for winning)\n|l|\u2606MariuszPudzianowsk\n","uploadtime":1699898081,"views":52,"p1id":"mariuszpudzianowsk","p2id":"hazzle6","formatid":"gen9ou","rating":1166,"private":0,"password":""}