{"id":"gen9ou-1991321468","p1":"in my waves","p2":"Evannnnnn","format":"[Gen 9] OU","log":"|j|\u2606in my waves\n|j|\u2606Evannnnnn\n|t:|1700067399\n|gametype|singles\n|player|p1|in my waves|169|1472\n|player|p2|Evannnnnn|veteran|1412\n|teamsize|p1|6\n|teamsize|p2|6\n|gen|9\n|tier|[Gen 9] OU\n|rated|\n|rule|Sleep Clause Mod: Limit one foe put to sleep\n|rule|Species Clause: Limit one of each Pok\u00e9mon\n|rule|OHKO Clause: OHKO moves are banned\n|rule|Evasion Items Clause: Evasion items are banned\n|rule|Evasion Moves Clause: Evasion moves are banned\n|rule|Endless Battle Clause: Forcing endless battles is banned\n|rule|HP Percentage Mod: HP is shown in percentages\n|clearpoke\n|poke|p1|Weavile, M|\n|poke|p1|Garchomp, F|\n|poke|p1|Corviknight, F|\n|poke|p1|Toxapex, F|\n|poke|p1|Hatterene, F|\n|poke|p1|Cinderace, F|\n|poke|p2|Kingambit, F|\n|poke|p2|Zamazenta-*|\n|poke|p2|Manaphy|\n|poke|p2|Slowking-Galar, F|\n|poke|p2|Enamorus, F|\n|poke|p2|Great Tusk|\n|teampreview\n|inactive|Battle timer is ON: inactive players will automatically lose when time's up. (requested by Evannnnnn)\n|\n|t:|1700067440\n|start\n|switch|p1a: Single Worse Ever|Cinderace, F, shiny|100\/100\n|switch|p2a: Slowking|Slowking-Galar, F|100\/100\n|turn|1\n|\n|t:|1700067449\n|move|p1a: Single Worse Ever|Pyro Ball|p2a: Slowking\n|-damage|p2a: Slowking|41\/100\n|move|p2a: Slowking|Chilly Reception|p2a: Slowking\n|-weather|Snow\n|\n|t:|1700067457\n|switch|p2a: Manaphy|Manaphy|100\/100|[from] Chilly Reception\n|\n|-weather|Snow|[upkeep]\n|upkeep\n|turn|2\n|\n|t:|1700067463\n|move|p1a: Single Worse Ever|U-turn|p2a: Manaphy\n|-start|p1a: Single Worse Ever|typechange|Bug|[from] ability: Libero\n|-damage|p2a: Manaphy|64\/100\n|\n|t:|1700067477\n|switch|p1a: Toxapex|Toxapex, F, shiny|100\/100|[from] U-turn\n|move|p2a: Manaphy|Scald|p1a: Toxapex\n|-resisted|p1a: Toxapex\n|-damage|p1a: Toxapex|90\/100\n|-enditem|p1a: Toxapex|Eject Button\n|\n|t:|1700067500\n|switch|p1a: Ha|Weavile, M, shiny|100\/100\n|\n|-weather|Snow|[upkeep]\n|-heal|p2a: Manaphy|70\/100|[from] item: Leftovers\n|upkeep\n|turn|3\n|inactive|Evannnnnn has 120 seconds left.\n|\n|t:|1700067534\n|switch|p2a: Zamazenta|Zamazenta|100\/100\n|-ability|p2a: Zamazenta|Dauntless Shield|boost\n|-boost|p2a: Zamazenta|def|1\n|move|p1a: Ha|Knock Off|p2a: Zamazenta\n|-resisted|p2a: Zamazenta\n|-damage|p2a: Zamazenta|83\/100\n|-enditem|p2a: Zamazenta|Leftovers|[from] move: Knock Off|[of] p1a: Ha\n|\n|-weather|Snow|[upkeep]\n|upkeep\n|turn|4\n|inactive|Evannnnnn has 120 seconds left.\n|\n|t:|1700067552\n|switch|p2a: Kingambit|Kingambit, F|100\/100\n|switch|p1a: Nuance|Hatterene, F, shiny|100\/100\n|\n|-weather|Snow|[upkeep]\n|upkeep\n|turn|5\n|inactive|Evannnnnn has 120 seconds left.\n|\n|t:|1700067569\n|switch|p1a: Corviknight|Corviknight, F, shiny|100\/100\n|-ability|p1a: Corviknight|Pressure\n|move|p2a: Kingambit|Swords Dance|p2a: Kingambit\n|-boost|p2a: Kingambit|atk|2\n|\n|-weather|none\n|upkeep\n|turn|6\n|\n|t:|1700067575\n|-terastallize|p2a: Kingambit|Dark\n|move|p1a: Corviknight|U-turn|p2a: Kingambit\n|-supereffective|p2a: Kingambit\n|-damage|p2a: Kingambit|79\/100\n|inactive|in my waves has 120 seconds left.\n|\n|t:|1700067602\n|switch|p1a: Toxapex|Toxapex, F, shiny|100\/100|[from] U-turn\n|move|p2a: Kingambit|Kowtow Cleave|p1a: Toxapex\n|-damage|p1a: Toxapex|9\/100\n|\n|-heal|p2a: Kingambit|85\/100|[from] item: Leftovers\n|upkeep\n|turn|7\n|\n|t:|1700067611\n|move|p2a: Kingambit|Kowtow Cleave|p1a: Toxapex\n|-damage|p1a: Toxapex|0 fnt\n|faint|p1a: Toxapex\n|\n|-heal|p2a: Kingambit|92\/100|[from] item: Leftovers\n|upkeep\n|inactive|in my waves has 120 seconds left.\n|\n|t:|1700067630\n|switch|p1a: Single Worse Ever|Cinderace, F, shiny|100\/100\n|turn|8\n|inactive|in my waves has 120 seconds left.\n|\n|t:|1700067649\n|-end|p2a: Kingambit|fallenundefined|[silent]\n|switch|p2a: Slowking|Slowking-Galar, F|74\/100\n|move|p1a: Single Worse Ever|Will-O-Wisp|p2a: Slowking\n|-status|p2a: Slowking|brn\n|\n|-damage|p2a: Slowking|68\/100 brn|[from] brn\n|upkeep\n|turn|9\n|inactive|in my waves has 120 seconds left.\n|\n|t:|1700067670\n|move|p1a: Single Worse Ever|Pyro Ball|p2a: Slowking\n|-damage|p2a: Slowking|11\/100 brn\n|move|p2a: Slowking|Chilly Reception|p2a: Slowking\n|-weather|Snow\n|\n|t:|1700067676\n|switch|p2a: Manaphy|Manaphy|70\/100|[from] Chilly Reception\n|\n|-weather|Snow|[upkeep]\n|-heal|p2a: Manaphy|76\/100|[from] item: Leftovers\n|upkeep\n|turn|10\n|\n|t:|1700067681\n|move|p1a: Single Worse Ever|U-turn|p2a: Manaphy\n|-start|p1a: Single Worse Ever|typechange|Bug|[from] ability: Libero\n|-damage|p2a: Manaphy|43\/100\n|\n|t:|1700067688\n|switch|p1a: Corviknight|Corviknight, F, shiny|100\/100|[from] U-turn\n|-ability|p1a: Corviknight|Pressure\n|move|p2a: Manaphy|Scald|p1a: Corviknight\n|-damage|p1a: Corviknight|68\/100\n|\n|-weather|Snow|[upkeep]\n|-heal|p2a: Manaphy|49\/100|[from] item: Leftovers\n|upkeep\n|turn|11\n|\n|t:|1700067698\n|move|p2a: Manaphy|Tail Glow|p2a: Manaphy\n|-boost|p2a: Manaphy|spa|3\n|move|p1a: Corviknight|U-turn|p2a: Manaphy\n|-damage|p2a: Manaphy|35\/100\n|\n|t:|1700067708\n|switch|p1a: Ha|Weavile, M, shiny|100\/100|[from] U-turn\n|\n|-weather|Snow|[upkeep]\n|-heal|p2a: Manaphy|41\/100|[from] item: Leftovers\n|upkeep\n|turn|12\n|\n|t:|1700067716\n|move|p1a: Ha|Knock Off|p2a: Manaphy\n|-damage|p2a: Manaphy|0 fnt\n|-enditem|p2a: Manaphy|Leftovers|[from] move: Knock Off|[of] p1a: Ha\n|faint|p2a: Manaphy\n|\n|-weather|Snow|[upkeep]\n|upkeep\n|\n|t:|1700067718\n|switch|p2a: Enamorus|Enamorus, F|100\/100\n|turn|13\n|\n|t:|1700067730\n|switch|p1a: Single Worse Ever|Cinderace, F, shiny|100\/100\n|move|p2a: Enamorus|Mystical Fire|p1a: Single Worse Ever\n|-resisted|p1a: Single Worse Ever\n|-damage|p1a: Single Worse Ever|81\/100\n|-unboost|p1a: Single Worse Ever|spa|1\n|\n|-weather|none\n|upkeep\n|turn|14\n|\n|t:|1700067737\n|switch|p2a: Great Tusk|Great Tusk|100\/100\n|move|p1a: Single Worse Ever|U-turn|p2a: Great Tusk\n|-start|p1a: Single Worse Ever|typechange|Bug|[from] ability: Libero\n|-resisted|p2a: Great Tusk\n|-damage|p2a: Great Tusk|92\/100\n|\n|t:|1700067747\n|switch|p1a: Nuance|Hatterene, F, shiny|100\/100|[from] U-turn\n|\n|-heal|p2a: Great Tusk|98\/100|[from] item: Leftovers\n|upkeep\n|turn|15\n|\n|t:|1700067775\n|-end|p2a: Great Tusk|Protosynthesis|[silent]\n|switch|p2a: Kingambit|Kingambit, F, tera:Dark|92\/100\n|-activate|p2a: Kingambit|ability: Supreme Overlord\n|-start|p2a: Kingambit|fallen1|[silent]\n|switch|p1a: Hot Like A Kettle|Garchomp, F, shiny|100\/100\n|\n|-heal|p2a: Kingambit|98\/100|[from] item: Leftovers\n|upkeep\n|turn|16\n|\n|t:|1700067782\n|move|p1a: Hot Like A Kettle|Fire Blast|p2a: Kingambit\n|-damage|p2a: Kingambit|57\/100\n|-damage|p1a: Hot Like A Kettle|91\/100|[from] item: Life Orb\n|move|p2a: Kingambit|Kowtow Cleave|p1a: Hot Like A Kettle\n|-damage|p1a: Hot Like A Kettle|12\/100\n|-damage|p2a: Kingambit|44\/100|[from] ability: Rough Skin|[of] p1a: Hot Like A Kettle\n|\n|-heal|p2a: Kingambit|51\/100|[from] item: Leftovers\n|upkeep\n|turn|17\n|\n|t:|1700067792\n|move|p2a: Kingambit|Sucker Punch||[still]\n|-fail|p2a: Kingambit\n|move|p1a: Hot Like A Kettle|Stealth Rock|p2a: Kingambit\n|-sidestart|p2: Evannnnnn|move: Stealth Rock\n|\n|-heal|p2a: Kingambit|57\/100|[from] item: Leftovers\n|upkeep\n|turn|18\n|\n|t:|1700067801\n|move|p2a: Kingambit|Sucker Punch|p1a: Hot Like A Kettle\n|-damage|p1a: Hot Like A Kettle|0 fnt\n|-damage|p2a: Kingambit|44\/100|[from] ability: Rough Skin|[of] p1a: Hot Like A Kettle\n|faint|p1a: Hot Like A Kettle\n|\n|-heal|p2a: Kingambit|51\/100|[from] item: Leftovers\n|upkeep\n|\n|t:|1700067814\n|switch|p1a: Ha|Weavile, M, shiny|100\/100\n|turn|19\n|\n|t:|1700067821\n|-end|p2a: Kingambit|fallen1|[silent]\n|switch|p2a: Great Tusk|Great Tusk|98\/100\n|-damage|p2a: Great Tusk|95\/100|[from] Stealth Rock\n|move|p1a: Ha|Icicle Crash|p2a: Great Tusk\n|-supereffective|p2a: Great Tusk\n|-damage|p2a: Great Tusk|36\/100\n|\n|-heal|p2a: Great Tusk|42\/100|[from] item: Leftovers\n|upkeep\n|turn|20\n|\n|t:|1700067827\n|move|p1a: Ha|Icicle Crash|p2a: Great Tusk\n|-supereffective|p2a: Great Tusk\n|-damage|p2a: Great Tusk|0 fnt\n|faint|p2a: Great Tusk\n|-end|p2a: Great Tusk|Protosynthesis|[silent]\n|\n|upkeep\n|\n|t:|1700067830\n|switch|p2a: Zamazenta|Zamazenta|83\/100\n|-damage|p2a: Zamazenta|77\/100|[from] Stealth Rock\n|turn|21\n|\n|t:|1700067840\n|switch|p1a: Nuance|Hatterene, F, shiny|100\/100\n|move|p2a: Zamazenta|Heavy Slam|p1a: Nuance\n|-supereffective|p1a: Nuance\n|-damage|p1a: Nuance|50\/100\n|\n|-heal|p1a: Nuance|56\/100|[from] item: Leftovers\n|upkeep\n|turn|22\n|\n|t:|1700067851\n|move|p2a: Zamazenta|Heavy Slam|p1a: Nuance\n|-supereffective|p1a: Nuance\n|-damage|p1a: Nuance|6\/100\n|move|p1a: Nuance|Draining Kiss|p2a: Zamazenta\n|-supereffective|p2a: Zamazenta\n|-damage|p2a: Zamazenta|39\/100\n|-heal|p1a: Nuance|38\/100|[from] drain|[of] p2a: Zamazenta\n|\n|-heal|p1a: Nuance|44\/100|[from] item: Leftovers\n|upkeep\n|turn|23\n|\n|t:|1700067860\n|-terastallize|p1a: Nuance|Water\n|move|p2a: Zamazenta|Heavy Slam|p1a: Nuance\n|-resisted|p1a: Nuance\n|-damage|p1a: Nuance|32\/100\n|move|p1a: Nuance|Draining Kiss|p2a: Zamazenta\n|-supereffective|p2a: Zamazenta\n|-damage|p2a: Zamazenta|0 fnt\n|-heal|p1a: Nuance|63\/100|[from] drain|[of] p2a: Zamazenta\n|faint|p2a: Zamazenta\n|\n|-heal|p1a: Nuance|69\/100|[from] item: Leftovers\n|upkeep\n|\n|t:|1700067865\n|switch|p2a: Kingambit|Kingambit, F, tera:Dark|51\/100\n|-damage|p2a: Kingambit|38\/100|[from] Stealth Rock\n|-activate|p2a: Kingambit|ability: Supreme Overlord\n|-start|p2a: Kingambit|fallen3|[silent]\n|turn|24\n|\n|t:|1700067874\n|move|p2a: Kingambit|Kowtow Cleave|p1a: Nuance\n|-damage|p1a: Nuance|3\/100\n|move|p1a: Nuance|Draining Kiss|p2a: Kingambit\n|-supereffective|p2a: Kingambit\n|-damage|p2a: Kingambit|0 fnt\n|-heal|p1a: Nuance|39\/100|[from] drain|[of] p2a: Kingambit\n|faint|p2a: Kingambit\n|-end|p2a: Kingambit|fallen3|[silent]\n|\n|-heal|p1a: Nuance|45\/100|[from] item: Leftovers\n|upkeep\n|-message|Evannnnnn forfeited.\n|\n|win|in my waves\n|raw|in my waves's rating: 1472 &rarr; <strong>1489<\/strong><br \/>(+17 for winning)\n|raw|Evannnnnn's rating: 1412 &rarr; <strong>1395<\/strong><br \/>(-17 for losing)\n|l|\u2606Evannnnnn\n","uploadtime":1700067890,"views":6,"p1id":"inmywaves","p2id":"evannnnnn","formatid":"gen9ou","rating":1395,"private":0,"password":""}