{"id":"gen9ou-2000103935","p1":"FRANKBLOCK","p2":"Abzqu","format":"[Gen 9] OU","log":"|j|\u2606FRANKBLOCK\n|j|\u2606Abzqu\n|t:|1701155484\n|gametype|singles\n|player|p1|FRANKBLOCK|ltsurge|1204\n|player|p2|Abzqu|102|1211\n|teamsize|p1|6\n|teamsize|p2|6\n|gen|9\n|tier|[Gen 9] OU\n|rated|\n|rule|Sleep Clause Mod: Limit one foe put to sleep\n|rule|Species Clause: Limit one of each Pok\u00e9mon\n|rule|OHKO Clause: OHKO moves are banned\n|rule|Evasion Items Clause: Evasion items are banned\n|rule|Evasion Moves Clause: Evasion moves are banned\n|rule|Endless Battle Clause: Forcing endless battles is banned\n|rule|HP Percentage Mod: HP is shown in percentages\n|clearpoke\n|poke|p1|Torkoal, F|\n|poke|p1|Walking Wake|\n|poke|p1|Cinderace, F|\n|poke|p1|Sandy Shocks|\n|poke|p1|Slither Wing|\n|poke|p1|Rillaboom, F|\n|poke|p2|Alomomola, F|\n|poke|p2|Iron Valiant|\n|poke|p2|Meowscarada, M|\n|poke|p2|Blissey, F|\n|poke|p2|Thundurus-Therian, M|\n|poke|p2|Cinderace, F|\n|teampreview\n|\n|t:|1701155488\n|start\n|switch|p1a: Cinderace|Cinderace, F|100\/100\n|switch|p2a: Meowscarada|Meowscarada, M|100\/100\n|turn|1\n|\n|t:|1701155495\n|move|p2a: Meowscarada|U-turn|p1a: Cinderace\n|-start|p2a: Meowscarada|typechange|Bug|[from] ability: Protean\n|-resisted|p1a: Cinderace\n|-damage|p1a: Cinderace|78\/100\n|\n|t:|1701155500\n|switch|p2a: Alomomola|Alomomola, F|100\/100|[from] U-turn\n|move|p1a: Cinderace|U-turn|p2a: Alomomola\n|-start|p1a: Cinderace|typechange|Bug|[from] ability: Libero\n|-damage|p2a: Alomomola|75\/100\n|\n|t:|1701155504\n|switch|p1a: Rillaboom|Rillaboom, F|100\/100|[from] U-turn\n|-fieldstart|move: Grassy Terrain|[from] ability: Grassy Surge|[of] p1a: Rillaboom\n|\n|-heal|p2a: Alomomola|81\/100|[from] Grassy Terrain\n|upkeep\n|turn|2\n|\n|t:|1701155511\n|move|p2a: Alomomola|Protect|p2a: Alomomola\n|-singleturn|p2a: Alomomola|Protect\n|move|p1a: Rillaboom|Drum Beating|p2a: Alomomola\n|-activate|p2a: Alomomola|move: Protect\n|\n|-heal|p2a: Alomomola|88\/100|[from] Grassy Terrain\n|upkeep\n|turn|3\n|\n|t:|1701155525\n|switch|p2a: Meowscarada|Meowscarada, M|100\/100\n|move|p1a: Rillaboom|U-turn|p2a: Meowscarada\n|-supereffective|p2a: Meowscarada\n|-damage|p2a: Meowscarada|0 fnt\n|faint|p2a: Meowscarada\n|\n|t:|1701155529\n|switch|p1a: Slither Wing|Slither Wing|100\/100|[from] U-turn\n|\n|upkeep\n|\n|t:|1701155546\n|switch|p2a: Thundurus|Thundurus-Therian, M|100\/100\n|turn|4\n|\n|t:|1701155558\n|move|p2a: Thundurus|Nasty Plot|p2a: Thundurus\n|-boost|p2a: Thundurus|spa|2\n|move|p1a: Slither Wing|U-turn|p2a: Thundurus\n|-resisted|p2a: Thundurus\n|-damage|p2a: Thundurus|58\/100\n|\n|t:|1701155564\n|-end|p1a: Slither Wing|Protosynthesis|[silent]\n|switch|p1a: Cinderace|Cinderace, F|78\/100|[from] U-turn\n|\n|-heal|p1a: Cinderace|84\/100|[from] Grassy Terrain\n|upkeep\n|turn|5\n|\n|t:|1701155575\n|switch|p2a: Alomomola|Alomomola, F|100\/100\n|move|p1a: Cinderace|Pyro Ball|p2a: Alomomola\n|-resisted|p2a: Alomomola\n|-damage|p2a: Alomomola|78\/100\n|\n|-heal|p1a: Cinderace|90\/100|[from] Grassy Terrain\n|-heal|p2a: Alomomola|85\/100|[from] Grassy Terrain\n|upkeep\n|turn|6\n|\n|t:|1701155579\n|switch|p1a: Torkoal|Torkoal, F|100\/100\n|-weather|SunnyDay|[from] ability: Drought|[of] p1a: Torkoal\n|move|p2a: Alomomola|Flip Turn|p1a: Torkoal\n|-supereffective|p1a: Torkoal\n|-damage|p1a: Torkoal|93\/100\n|\n|t:|1701155589\n|switch|p2a: Blissey|Blissey, F|100\/100|[from] Flip Turn\n|\n|-weather|SunnyDay|[upkeep]\n|-heal|p1a: Torkoal|99\/100|[from] Grassy Terrain\n|upkeep\n|turn|7\n|\n|t:|1701155593\n|switch|p1a: Slither Wing|Slither Wing|100\/100\n|-activate|p1a: Slither Wing|ability: Protosynthesis\n|-start|p1a: Slither Wing|protosynthesisatk\n|move|p2a: Blissey|Stealth Rock|p1a: Slither Wing\n|-sidestart|p1: FRANKBLOCK|move: Stealth Rock\n|\n|-weather|SunnyDay|[upkeep]\n|upkeep\n|turn|8\n|\n|t:|1701155603\n|switch|p2a: Alomomola|Alomomola, F|100\/100\n|move|p1a: Slither Wing|Close Combat|p2a: Alomomola\n|-damage|p2a: Alomomola|31\/100\n|-unboost|p1a: Slither Wing|def|1\n|-unboost|p1a: Slither Wing|spd|1\n|\n|-weather|SunnyDay|[upkeep]\n|-heal|p2a: Alomomola|37\/100|[from] Grassy Terrain\n|-fieldend|move: Grassy Terrain\n|upkeep\n|turn|9\n|\n|t:|1701155607\n|move|p2a: Alomomola|Protect|p2a: Alomomola\n|-singleturn|p2a: Alomomola|Protect\n|move|p1a: Slither Wing|Close Combat|p2a: Alomomola\n|-activate|p2a: Alomomola|move: Protect\n|\n|-weather|SunnyDay|[upkeep]\n|upkeep\n|turn|10\n|\n|t:|1701155616\n|switch|p2a: Thundurus|Thundurus-Therian, M|58\/100\n|move|p1a: Slither Wing|Close Combat|p2a: Thundurus\n|-resisted|p2a: Thundurus\n|-damage|p2a: Thundurus|0 fnt\n|-unboost|p1a: Slither Wing|def|1\n|-unboost|p1a: Slither Wing|spd|1\n|faint|p2a: Thundurus\n|\n|-weather|SunnyDay|[upkeep]\n|upkeep\n|\n|t:|1701155623\n|switch|p2a: Cinderace|Cinderace, F|100\/100\n|turn|11\n|\n|t:|1701155628\n|move|p2a: Cinderace|Pyro Ball|p1a: Slither Wing\n|-supereffective|p1a: Slither Wing\n|-damage|p1a: Slither Wing|0 fnt\n|faint|p1a: Slither Wing\n|-end|p1a: Slither Wing|Protosynthesis|[silent]\n|\n|-weather|SunnyDay|[upkeep]\n|upkeep\n|\n|t:|1701155630\n|switch|p1a: Walking Wake|Walking Wake|100\/100\n|-damage|p1a: Walking Wake|88\/100|[from] Stealth Rock\n|-activate|p1a: Walking Wake|ability: Protosynthesis\n|-start|p1a: Walking Wake|protosynthesisspe\n|turn|12\n|\n|t:|1701155640\n|-end|p1a: Walking Wake|Protosynthesis|[silent]\n|switch|p1a: Cinderace|Cinderace, F|90\/100\n|-damage|p1a: Cinderace|65\/100|[from] Stealth Rock\n|switch|p2a: Blissey|Blissey, F|100\/100\n|\n|-weather|SunnyDay|[upkeep]\n|upkeep\n|turn|13\n|\n|t:|1701155646\n|switch|p2a: Alomomola|Alomomola, F|70\/100\n|move|p1a: Cinderace|High Jump Kick|p2a: Alomomola\n|-start|p1a: Cinderace|typechange|Fighting|[from] ability: Libero\n|-damage|p2a: Alomomola|18\/100\n|\n|-weather|none\n|upkeep\n|turn|14\n|\n|t:|1701155651\n|move|p1a: Cinderace|High Jump Kick|p2a: Alomomola\n|-damage|p2a: Alomomola|0 fnt\n|faint|p2a: Alomomola\n|\n|upkeep\n|\n|t:|1701155656\n|switch|p2a: Iron Valiant|Iron Valiant|100\/100\n|-enditem|p2a: Iron Valiant|Booster Energy\n|-activate|p2a: Iron Valiant|ability: Quark Drive|[fromitem]\n|-start|p2a: Iron Valiant|quarkdrivespe\n|turn|15\n|\n|t:|1701155663\n|move|p2a: Iron Valiant|Moonblast|p1a: Cinderace\n|-supereffective|p1a: Cinderace\n|-damage|p1a: Cinderace|0 fnt\n|faint|p1a: Cinderace\n|\n|upkeep\n|\n|t:|1701155667\n|switch|p1a: Rillaboom|Rillaboom, F|100\/100\n|-damage|p1a: Rillaboom|88\/100|[from] Stealth Rock\n|-fieldstart|move: Grassy Terrain|[from] ability: Grassy Surge|[of] p1a: Rillaboom\n|turn|16\n|\n|t:|1701155673\n|-terastallize|p2a: Iron Valiant|Fairy\n|move|p2a: Iron Valiant|Moonblast|p1a: Rillaboom\n|-damage|p1a: Rillaboom|21\/100\n|move|p1a: Rillaboom|Drum Beating|p2a: Iron Valiant\n|-damage|p2a: Iron Valiant|32\/100\n|-unboost|p2a: Iron Valiant|spe|1\n|\n|-heal|p2a: Iron Valiant|38\/100|[from] Grassy Terrain\n|-heal|p1a: Rillaboom|27\/100|[from] Grassy Terrain\n|upkeep\n|turn|17\n|\n|t:|1701155685\n|-end|p2a: Iron Valiant|Quark Drive|[silent]\n|switch|p2a: Cinderace|Cinderace, F|100\/100\n|switch|p1a: Torkoal|Torkoal, F|99\/100\n|-damage|p1a: Torkoal|74\/100|[from] Stealth Rock\n|-weather|SunnyDay|[from] ability: Drought|[of] p1a: Torkoal\n|\n|-weather|SunnyDay|[upkeep]\n|-heal|p1a: Torkoal|80\/100|[from] Grassy Terrain\n|upkeep\n|turn|18\n|\n|t:|1701155693\n|move|p2a: Cinderace|Pyro Ball|p1a: Torkoal\n|-resisted|p1a: Torkoal\n|-damage|p1a: Torkoal|55\/100\n|move|p1a: Torkoal|Rapid Spin|p2a: Cinderace\n|-crit|p2a: Cinderace\n|-damage|p2a: Cinderace|82\/100\n|-boost|p1a: Torkoal|spe|1\n|-sideend|p1: FRANKBLOCK|Stealth Rock|[from] move: Rapid Spin|[of] p1a: Torkoal\n|\n|-weather|SunnyDay|[upkeep]\n|-heal|p2a: Cinderace|88\/100|[from] Grassy Terrain\n|-heal|p1a: Torkoal|61\/100|[from] Grassy Terrain\n|upkeep\n|turn|19\n|\n|t:|1701155701\n|move|p2a: Cinderace|Pyro Ball|p1a: Torkoal\n|-resisted|p1a: Torkoal\n|-damage|p1a: Torkoal|35\/100\n|move|p1a: Torkoal|Yawn|p2a: Cinderace\n|-start|p2a: Cinderace|move: Yawn|[of] p1a: Torkoal\n|\n|-weather|SunnyDay|[upkeep]\n|-heal|p2a: Cinderace|94\/100|[from] Grassy Terrain\n|-heal|p1a: Torkoal|41\/100|[from] Grassy Terrain\n|upkeep\n|turn|20\n|\n|t:|1701155704\n|move|p2a: Cinderace|U-turn|p1a: Torkoal\n|-start|p2a: Cinderace|typechange|Bug|[from] ability: Libero\n|-resisted|p1a: Torkoal\n|-crit|p1a: Torkoal\n|-damage|p1a: Torkoal|28\/100\n|\n|t:|1701155711\n|switch|p2a: Blissey|Blissey, F|100\/100|[from] U-turn\n|move|p1a: Torkoal|Yawn|p2a: Blissey\n|-start|p2a: Blissey|move: Yawn|[of] p1a: Torkoal\n|\n|-weather|SunnyDay|[upkeep]\n|-heal|p1a: Torkoal|34\/100|[from] Grassy Terrain\n|upkeep\n|turn|21\n|\n|t:|1701155718\n|switch|p2a: Cinderace|Cinderace, F|94\/100\n|switch|p1a: Rillaboom|Rillaboom, F|27\/100\n|\n|-weather|SunnyDay|[upkeep]\n|-heal|p2a: Cinderace|99\/100|[from] Grassy Terrain\n|-heal|p1a: Rillaboom|33\/100|[from] Grassy Terrain\n|upkeep\n|turn|22\n|\n|t:|1701155726\n|switch|p1a: Sandy Shocks|Sandy Shocks|100\/100\n|-activate|p1a: Sandy Shocks|ability: Protosynthesis\n|-start|p1a: Sandy Shocks|protosynthesisspe\n|move|p2a: Cinderace|U-turn|p1a: Sandy Shocks\n|-start|p2a: Cinderace|typechange|Bug|[from] ability: Libero\n|-damage|p1a: Sandy Shocks|61\/100\n|\n|t:|1701155731\n|switch|p2a: Blissey|Blissey, F|100\/100|[from] U-turn\n|\n|-weather|SunnyDay|[upkeep]\n|-heal|p1a: Sandy Shocks|67\/100|[from] Grassy Terrain\n|upkeep\n|turn|23\n|\n|t:|1701155737\n|move|p1a: Sandy Shocks|Spikes|p2a: Blissey\n|-sidestart|p2: Abzqu|Spikes\n|move|p2a: Blissey|Seismic Toss|p1a: Sandy Shocks\n|-damage|p1a: Sandy Shocks|36\/100\n|\n|-weather|SunnyDay|[upkeep]\n|-heal|p1a: Sandy Shocks|43\/100|[from] Grassy Terrain\n|-fieldend|move: Grassy Terrain\n|upkeep\n|turn|24\n|\n|t:|1701155744\n|-end|p1a: Sandy Shocks|Protosynthesis|[silent]\n|switch|p1a: Rillaboom|Rillaboom, F|33\/100\n|-fieldstart|move: Grassy Terrain|[from] ability: Grassy Surge|[of] p1a: Rillaboom\n|move|p2a: Blissey|Seismic Toss|p1a: Rillaboom\n|-damage|p1a: Rillaboom|8\/100\n|\n|-weather|none\n|-heal|p1a: Rillaboom|14\/100|[from] Grassy Terrain\n|upkeep\n|turn|25\n|\n|t:|1701155749\n|move|p1a: Rillaboom|Drain Punch|p2a: Blissey\n|-supereffective|p2a: Blissey\n|-damage|p2a: Blissey|55\/100\n|-heal|p1a: Rillaboom|56\/100|[from] drain|[of] p2a: Blissey\n|move|p2a: Blissey|Seismic Toss|p1a: Rillaboom\n|-damage|p1a: Rillaboom|30\/100\n|\n|-heal|p1a: Rillaboom|37\/100|[from] Grassy Terrain\n|-heal|p2a: Blissey|61\/100|[from] Grassy Terrain\n|upkeep\n|turn|26\n|\n|t:|1701155757\n|switch|p2a: Cinderace|Cinderace, F|99\/100\n|move|p1a: Rillaboom|Drum Beating|p2a: Cinderace\n|-resisted|p2a: Cinderace\n|-damage|p2a: Cinderace|62\/100\n|-unboost|p2a: Cinderace|spe|1\n|\n|-heal|p2a: Cinderace|68\/100|[from] Grassy Terrain\n|-heal|p1a: Rillaboom|43\/100|[from] Grassy Terrain\n|upkeep\n|turn|27\n|\n|t:|1701155761\n|switch|p1a: Torkoal|Torkoal, F|34\/100\n|-weather|SunnyDay|[from] ability: Drought|[of] p1a: Torkoal\n|move|p2a: Cinderace|U-turn|p1a: Torkoal\n|-start|p2a: Cinderace|typechange|Bug|[from] ability: Libero\n|-resisted|p1a: Torkoal\n|-damage|p1a: Torkoal|25\/100\n|\n|t:|1701155764\n|switch|p2a: Iron Valiant|Iron Valiant, tera:Fairy|38\/100|[from] U-turn\n|-damage|p2a: Iron Valiant|26\/100|[from] Spikes\n|\n|-weather|SunnyDay|[upkeep]\n|-heal|p2a: Iron Valiant|32\/100|[from] Grassy Terrain\n|-heal|p1a: Torkoal|31\/100|[from] Grassy Terrain\n|upkeep\n|turn|28\n|\n|t:|1701155771\n|move|p2a: Iron Valiant|Moonblast|p1a: Torkoal\n|-resisted|p1a: Torkoal\n|-crit|p1a: Torkoal\n|-damage|p1a: Torkoal|0 fnt\n|faint|p1a: Torkoal\n|\n|-weather|SunnyDay|[upkeep]\n|-heal|p2a: Iron Valiant|38\/100|[from] Grassy Terrain\n|upkeep\n|\n|t:|1701155780\n|switch|p1a: Walking Wake|Walking Wake|88\/100\n|-activate|p1a: Walking Wake|ability: Protosynthesis\n|-start|p1a: Walking Wake|protosynthesisspe\n|turn|29\n|\n|t:|1701155784\n|-end|p2a: Iron Valiant|Quark Drive|[silent]\n|switch|p2a: Blissey|Blissey, F|61\/100\n|move|p1a: Walking Wake|Hydro Steam|p2a: Blissey\n|-damage|p2a: Blissey|29\/100\n|\n|-weather|SunnyDay|[upkeep]\n|-heal|p1a: Walking Wake|94\/100|[from] Grassy Terrain\n|-heal|p2a: Blissey|35\/100|[from] Grassy Terrain\n|upkeep\n|turn|30\n|\n|t:|1701155788\n|-terastallize|p1a: Walking Wake|Water\n|move|p1a: Walking Wake|Hydro Steam|p2a: Blissey\n|-damage|p2a: Blissey|0 fnt\n|faint|p2a: Blissey\n|\n|-weather|SunnyDay|[upkeep]\n|-heal|p1a: Walking Wake|100\/100|[from] Grassy Terrain\n|upkeep\n|\n|t:|1701155802\n|switch|p2a: Cinderace|Cinderace, F|68\/100\n|turn|31\n|\n|t:|1701155811\n|move|p1a: Walking Wake|Hydro Steam|p2a: Cinderace\n|-supereffective|p2a: Cinderace\n|-damage|p2a: Cinderace|0 fnt\n|faint|p2a: Cinderace\n|\n|-weather|SunnyDay|[upkeep]\n|-fieldend|move: Grassy Terrain\n|upkeep\n|\n|t:|1701155813\n|switch|p2a: Iron Valiant|Iron Valiant, tera:Fairy|38\/100\n|-damage|p2a: Iron Valiant|26\/100|[from] Spikes\n|turn|32\n|c|\u2606FRANKBLOCK|gg\n|\n|t:|1701155815\n|move|p1a: Walking Wake|Hydro Steam|p2a: Iron Valiant\n|-damage|p2a: Iron Valiant|0 fnt\n|faint|p2a: Iron Valiant\n|-end|p2a: Iron Valiant|Quark Drive|[silent]\n|\n|win|FRANKBLOCK\n|raw|FRANKBLOCK's rating: 1204 &rarr; <strong>1230<\/strong><br \/>(+26 for winning)\n|raw|Abzqu's rating: 1211 &rarr; <strong>1185<\/strong><br \/>(-26 for losing)\n|l|\u2606Abzqu\n","uploadtime":1701155821,"views":4,"p1id":"frankblock","p2id":"abzqu","formatid":"gen9ou","rating":1185,"private":0,"password":""}