{"id":"gen9ou-1991006956","p1":"Totallyadiamond","p2":"EastMin","format":"[Gen 9] OU","log":"|j|\u2606Totallyadiamond\n|j|\u2606EastMin\n|t:|1700026874\n|gametype|singles\n|player|p1|Totallyadiamond|102|1014\n|player|p2|EastMin|2|1000\n|teamsize|p1|6\n|teamsize|p2|6\n|gen|9\n|tier|[Gen 9] OU\n|rated|\n|rule|Sleep Clause Mod: Limit one foe put to sleep\n|rule|Species Clause: Limit one of each Pok\u00e9mon\n|rule|OHKO Clause: OHKO moves are banned\n|rule|Evasion Items Clause: Evasion items are banned\n|rule|Evasion Moves Clause: Evasion moves are banned\n|rule|Endless Battle Clause: Forcing endless battles is banned\n|rule|HP Percentage Mod: HP is shown in percentages\n|clearpoke\n|poke|p1|Breloom, F|\n|poke|p1|Dragonite, M|\n|poke|p1|Ceruledge, M|\n|poke|p1|Ogerpon-Cornerstone, F|\n|poke|p1|Gholdengo|\n|poke|p1|Jirachi|\n|poke|p2|Numel, M|\n|poke|p2|Gholdengo|\n|poke|p2|Landorus-Therian, M|\n|poke|p2|Ribombee, F|\n|poke|p2|Ting-Lu|\n|poke|p2|Great Tusk|\n|teampreview\n|inactive|Battle timer is ON: inactive players will automatically lose when time's up. (requested by Totallyadiamond)\n|\n|t:|1700026890\n|start\n|switch|p1a: Breloom|Breloom, F, shiny|100\/100\n|switch|p2a: Ribombee|Ribombee, F|100\/100\n|turn|1\n|\n|t:|1700026901\n|-terastallize|p1a: Breloom|Ice\n|move|p2a: Ribombee|Moonblast|p1a: Breloom\n|-damage|p1a: Breloom|40\/100\n|move|p1a: Breloom|Stun Spore|p2a: Ribombee\n|-status|p2a: Ribombee|par\n|\n|-status|p1a: Breloom|tox|[from] item: Toxic Orb\n|upkeep\n|turn|2\n|\n|t:|1700026912\n|move|p1a: Breloom|Leech Seed|p2a: Ribombee|[miss]\n|-miss|p1a: Breloom|p2a: Ribombee\n|move|p2a: Ribombee|Sticky Web|p1a: Breloom\n|-sidestart|p1: Totallyadiamond|move: Sticky Web\n|\n|-heal|p1a: Breloom|53\/100 tox|[from] ability: Poison Heal\n|upkeep\n|turn|3\n|\n|t:|1700026919\n|move|p1a: Breloom|Leech Seed|p2a: Ribombee\n|-start|p2a: Ribombee|move: Leech Seed\n|move|p2a: Ribombee|Moonblast|p1a: Breloom\n|-damage|p1a: Breloom|0 fnt\n|faint|p1a: Breloom\n|\n|upkeep\n|\n|t:|1700026947\n|switch|p1a: Ceruledge|Ceruledge, M, shiny|100\/100\n|-activate|p1a: Ceruledge|move: Sticky Web\n|-unboost|p1a: Ceruledge|spe|1\n|turn|4\n|\n|t:|1700026957\n|cant|p2a: Ribombee|par\n|move|p1a: Ceruledge|Bitter Blade|p2a: Ribombee\n|-supereffective|p2a: Ribombee\n|-enditem|p2a: Ribombee|Focus Sash\n|-damage|p2a: Ribombee|1\/100 par\n|-damage|p1a: Ceruledge|91\/100|[from] item: Life Orb\n|\n|-damage|p2a: Ribombee|0 fnt|[from] Leech Seed|[of] p1a: Ceruledge\n|-heal|p1a: Ceruledge|91\/100|[silent]\n|faint|p2a: Ribombee\n|upkeep\n|\n|t:|1700026978\n|switch|p2a: Ting-Lu|Ting-Lu|100\/100\n|-ability|p2a: Ting-Lu|Vessel of Ruin\n|turn|5\n|\n|t:|1700026995\n|switch|p1a: Ogerpon|Ogerpon-Cornerstone, F|100\/100\n|-activate|p1a: Ogerpon|move: Sticky Web\n|-unboost|p1a: Ogerpon|spe|1\n|move|p2a: Ting-Lu|Stealth Rock|p1a: Ogerpon\n|-sidestart|p1: Totallyadiamond|move: Stealth Rock\n|\n|upkeep\n|turn|6\n|\n|t:|1700027000\n|move|p1a: Ogerpon|Leech Seed|p2a: Ting-Lu|[miss]\n|-miss|p1a: Ogerpon|p2a: Ting-Lu\n|move|p2a: Ting-Lu|Spikes|p1a: Ogerpon\n|-sidestart|p1: Totallyadiamond|Spikes\n|\n|upkeep\n|turn|7\n|\n|t:|1700027004\n|move|p1a: Ogerpon|Leech Seed|p2a: Ting-Lu\n|-start|p2a: Ting-Lu|move: Leech Seed\n|move|p2a: Ting-Lu|Spikes|p1a: Ogerpon\n|-sidestart|p1: Totallyadiamond|Spikes\n|\n|-damage|p2a: Ting-Lu|88\/100|[from] Leech Seed|[of] p1a: Ogerpon\n|upkeep\n|turn|8\n|\n|t:|1700027011\n|move|p1a: Ogerpon|U-turn|p2a: Ting-Lu\n|-supereffective|p2a: Ting-Lu\n|-damage|p2a: Ting-Lu|67\/100\n|\n|t:|1700027014\n|switch|p1a: Dragonite|Dragonite, M, shiny|100\/100|[from] U-turn\n|-damage|p1a: Dragonite|76\/100|[from] Stealth Rock\n|move|p2a: Ting-Lu|Memento|p1a: Dragonite\n|-unboost|p1a: Dragonite|atk|2\n|-unboost|p1a: Dragonite|spa|2\n|faint|p2a: Ting-Lu\n|\n|-heal|p1a: Dragonite|82\/100|[from] item: Leftovers\n|upkeep\n|\n|t:|1700027020\n|switch|p2a: Numel|Numel, M|100\/100\n|turn|9\n|\n|t:|1700027031\n|switch|p1a: Ceruledge|Ceruledge, M, shiny|91\/100\n|-activate|p1a: Ceruledge|move: Sticky Web\n|-unboost|p1a: Ceruledge|spe|1\n|-damage|p1a: Ceruledge|66\/100|[from] Stealth Rock\n|-damage|p1a: Ceruledge|50\/100|[from] Spikes\n|move|p2a: Numel|Flame Charge|p1a: Ceruledge\n|-start|p1a: Ceruledge|ability: Flash Fire\n|\n|upkeep\n|turn|10\n|\n|t:|1700027047\n|move|p2a: Numel|Earthquake|p1a: Ceruledge\n|-supereffective|p1a: Ceruledge\n|-damage|p1a: Ceruledge|0 fnt\n|faint|p1a: Ceruledge\n|\n|upkeep\n|inactive|Totallyadiamond has 120 seconds left.\n|\n|t:|1700027068\n|switch|p1a: Ogerpon|Ogerpon-Cornerstone, F|100\/100\n|-activate|p1a: Ogerpon|move: Sticky Web\n|-unboost|p1a: Ogerpon|spe|1\n|-damage|p1a: Ogerpon|88\/100|[from] Stealth Rock\n|-damage|p1a: Ogerpon|72\/100|[from] Spikes\n|turn|11\n|\n|t:|1700027083\n|-terastallize|p2a: Numel|Rock\n|move|p1a: Ogerpon|Leech Seed|p2a: Numel\n|-start|p2a: Numel|move: Leech Seed\n|move|p2a: Numel|Howl|p2a: Numel\n|-boost|p2a: Numel|atk|2\n|\n|-damage|p2a: Numel|88\/100|[from] Leech Seed|[of] p1a: Ogerpon\n|-heal|p1a: Ogerpon|82\/100|[silent]\n|upkeep\n|turn|12\n|inactive|Totallyadiamond has 120 seconds left.\n|\n|t:|1700027103\n|move|p1a: Ogerpon|U-turn|p2a: Numel\n|-damage|p2a: Numel|22\/100\n|-enditem|p2a: Numel|Liechi Berry|[eat]\n|-boost|p2a: Numel|atk|2|[from] item: Liechi Berry\n|\n|t:|1700027108\n|switch|p1a: Dragonite|Dragonite, M, shiny|82\/100|[from] U-turn\n|-damage|p1a: Dragonite|57\/100|[from] Stealth Rock\n|move|p2a: Numel|Flame Charge|p1a: Dragonite\n|-resisted|p1a: Dragonite\n|-damage|p1a: Dragonite|33\/100\n|-boost|p2a: Numel|spe|2\n|\n|-heal|p1a: Dragonite|39\/100|[from] item: Leftovers\n|-damage|p2a: Numel|10\/100|[from] Leech Seed|[of] p1a: Dragonite\n|-heal|p1a: Dragonite|48\/100|[silent]\n|upkeep\n|turn|13\n|inactive|Totallyadiamond has 120 seconds left.\n|\n|t:|1700027124\n|move|p2a: Numel|Tera Blast|p1a: Dragonite|[anim] Tera Blast Rock\n|-supereffective|p1a: Dragonite\n|-damage|p1a: Dragonite|0 fnt\n|faint|p1a: Dragonite\n|\n|upkeep\n|\n|t:|1700027132\n|switch|p1a: Jirachi|Jirachi|100\/100\n|-activate|p1a: Jirachi|move: Sticky Web\n|-unboost|p1a: Jirachi|spe|1\n|-damage|p1a: Jirachi|94\/100|[from] Stealth Rock\n|-damage|p1a: Jirachi|78\/100|[from] Spikes\n|turn|14\n|\n|t:|1700027139\n|move|p2a: Numel|Earthquake|p1a: Jirachi\n|-supereffective|p1a: Jirachi\n|-damage|p1a: Jirachi|0 fnt\n|faint|p1a: Jirachi\n|\n|upkeep\n|-message|Totallyadiamond forfeited.\n|\n|win|EastMin\n|raw|Totallyadiamond's rating: 1014 &rarr; <strong>1001<\/strong><br \/>(-13 for losing)\n|raw|EastMin's rating: 1000 &rarr; <strong>1042<\/strong><br \/>(+42 for winning)\n|l|\u2606Totallyadiamond\n","uploadtime":1700027147,"views":49,"p1id":"totallyadiamond","p2id":"eastmin","formatid":"gen9ou","rating":1001,"private":0,"password":""}