{"id":"gen9ou-1993782526","p1":"BigSilverBilver","p2":"DumDieCutie","format":"[Gen 9] OU","log":"|j|\u2606BigSilverBilver\n|j|\u2606DumDieCutie\n|inactive|Battle timer is ON: inactive players will automatically lose when time's up.\n|t:|1700356645\n|gametype|singles\n|player|p1|BigSilverBilver|crasherwake|\n|player|p2|DumDieCutie|mira|\n|teamsize|p1|5\n|teamsize|p2|5\n|gen|9\n|tier|[Gen 9] OU\n|rated|Tournament battle\n|rule|Sleep Clause Mod: Limit one foe put to sleep\n|rule|Species Clause: Limit one of each Pok\u00e9mon\n|rule|OHKO Clause: OHKO moves are banned\n|rule|Evasion Items Clause: Evasion items are banned\n|rule|Evasion Moves Clause: Evasion moves are banned\n|rule|Endless Battle Clause: Forcing endless battles is banned\n|rule|HP Percentage Mod: HP is shown in percentages\n|clearpoke\n|poke|p1|Pelipper, M|\n|poke|p1|Sobble, M|\n|poke|p1|Gurdurr, M|\n|poke|p1|Quaxwell, M|\n|poke|p1|Eelektross, M|\n|poke|p2|Hoothoot, F|\n|poke|p2|Capsakid, F|\n|poke|p2|Torterra, M|\n|poke|p2|Sinistea|\n|poke|p2|Ducklett, M|\n|teampreview\n|j|*Lady Monita \u2746\n|c|\u2606DumDieCutie|glhf\n|\n|t:|1700356662\n|start\n|switch|p1a: Capybara Killer|Pelipper, M|100\/100\n|switch|p2a: Hoothoot|Hoothoot, F, shiny|100\/100\n|-weather|RainDance|[from] ability: Drizzle|[of] p1a: Capybara Killer\n|turn|1\n|\n|t:|1700356672\n|move|p1a: Capybara Killer|Ice Beam|p2a: Hoothoot\n|-supereffective|p2a: Hoothoot\n|-damage|p2a: Hoothoot|35\/100\n|move|p2a: Hoothoot|Tailwind|p2a: Hoothoot\n|-sidestart|p2: DumDieCutie|move: Tailwind\n|\n|-weather|RainDance|[upkeep]\n|upkeep\n|turn|2\n|\n|t:|1700356677\n|move|p2a: Hoothoot|Hurricane|p1a: Capybara Killer\n|-damage|p1a: Capybara Killer|59\/100\n|-start|p1a: Capybara Killer|confusion\n|-activate|p1a: Capybara Killer|confusion\n|move|p1a: Capybara Killer|Ice Beam|p2a: Hoothoot\n|-supereffective|p2a: Hoothoot\n|-crit|p2a: Hoothoot\n|-damage|p2a: Hoothoot|0 fnt\n|faint|p2a: Hoothoot\n|\n|-weather|RainDance|[upkeep]\n|-heal|p1a: Capybara Killer|65\/100|[from] item: Leftovers\n|upkeep\n|\n|t:|1700356691\n|switch|p2a: Ducklett|Ducklett, M, shiny|100\/100\n|turn|3\n|\n|t:|1700356695\n|move|p2a: Ducklett|Hurricane|p1a: Capybara Killer\n|-damage|p1a: Capybara Killer|37\/100\n|-activate|p1a: Capybara Killer|confusion\n|-damage|p1a: Capybara Killer|33\/100|[from] confusion\n|\n|-weather|RainDance|[upkeep]\n|-heal|p1a: Capybara Killer|39\/100|[from] item: Leftovers\n|upkeep\n|turn|4\n|\n|t:|1700356700\n|move|p2a: Ducklett|Hurricane|p1a: Capybara Killer\n|-damage|p1a: Capybara Killer|12\/100\n|-activate|p1a: Capybara Killer|confusion\n|move|p1a: Capybara Killer|Roost|p1a: Capybara Killer\n|-heal|p1a: Capybara Killer|62\/100\n|-singleturn|p1a: Capybara Killer|move: Roost\n|\n|-weather|RainDance|[upkeep]\n|-heal|p1a: Capybara Killer|68\/100|[from] item: Leftovers\n|-sideend|p2: DumDieCutie|move: Tailwind\n|upkeep\n|turn|5\n|\n|t:|1700356707\n|-end|p1a: Capybara Killer|confusion\n|move|p1a: Capybara Killer|Roost|p1a: Capybara Killer\n|-heal|p1a: Capybara Killer|100\/100\n|-singleturn|p1a: Capybara Killer|move: Roost\n|move|p2a: Ducklett|Hurricane|p1a: Capybara Killer\n|-damage|p1a: Capybara Killer|71\/100\n|\n|-weather|none\n|-heal|p1a: Capybara Killer|77\/100|[from] item: Leftovers\n|upkeep\n|turn|6\n|\n|t:|1700356720\n|move|p1a: Capybara Killer|Hurricane|p2a: Ducklett|[miss]\n|-miss|p1a: Capybara Killer|p2a: Ducklett\n|move|p2a: Ducklett|Hurricane|p1a: Capybara Killer\n|-damage|p1a: Capybara Killer|50\/100\n|\n|-heal|p1a: Capybara Killer|56\/100|[from] item: Leftovers\n|upkeep\n|turn|7\n|\n|t:|1700356728\n|move|p1a: Capybara Killer|Hurricane|p2a: Ducklett\n|-damage|p2a: Ducklett|45\/100\n|-start|p2a: Ducklett|confusion\n|-activate|p2a: Ducklett|confusion\n|move|p2a: Ducklett|Hurricane|p1a: Capybara Killer|[miss]\n|-miss|p2a: Ducklett|p1a: Capybara Killer\n|\n|-heal|p1a: Capybara Killer|63\/100|[from] item: Leftovers\n|upkeep\n|turn|8\n|\n|t:|1700356732\n|move|p1a: Capybara Killer|Hurricane|p2a: Ducklett\n|-damage|p2a: Ducklett|0 fnt\n|faint|p2a: Ducklett\n|\n|-heal|p1a: Capybara Killer|69\/100|[from] item: Leftovers\n|upkeep\n|\n|t:|1700356746\n|switch|p2a: Capsakid|Capsakid, F|100\/100\n|turn|9\n|\n|t:|1700356752\n|move|p2a: Capsakid|Seed Bomb|p1a: Capybara Killer\n|-damage|p1a: Capybara Killer|36\/100\n|move|p1a: Capybara Killer|Hurricane|p2a: Capsakid|[miss]\n|-miss|p1a: Capybara Killer|p2a: Capsakid\n|\n|-heal|p1a: Capybara Killer|42\/100|[from] item: Leftovers\n|upkeep\n|turn|10\n|\n|t:|1700356757\n|move|p2a: Capsakid|Seed Bomb|p1a: Capybara Killer\n|-damage|p1a: Capybara Killer|11\/100\n|move|p1a: Capybara Killer|Roost|p1a: Capybara Killer\n|-heal|p1a: Capybara Killer|61\/100\n|-singleturn|p1a: Capybara Killer|move: Roost\n|\n|-heal|p1a: Capybara Killer|67\/100|[from] item: Leftovers\n|upkeep\n|turn|11\n|\n|t:|1700356763\n|move|p2a: Capsakid|Seed Bomb|p1a: Capybara Killer\n|-damage|p1a: Capybara Killer|36\/100\n|move|p1a: Capybara Killer|Roost|p1a: Capybara Killer\n|-heal|p1a: Capybara Killer|86\/100\n|-singleturn|p1a: Capybara Killer|move: Roost\n|\n|-heal|p1a: Capybara Killer|92\/100|[from] item: Leftovers\n|upkeep\n|turn|12\n|\n|t:|1700356767\n|move|p2a: Capsakid|Seed Bomb|p1a: Capybara Killer\n|-damage|p1a: Capybara Killer|62\/100\n|move|p1a: Capybara Killer|Hurricane|p2a: Capsakid\n|-supereffective|p2a: Capsakid\n|-damage|p2a: Capsakid|0 fnt\n|faint|p2a: Capsakid\n|\n|-heal|p1a: Capybara Killer|68\/100|[from] item: Leftovers\n|upkeep\n|\n|t:|1700356776\n|switch|p2a: Sinistea|Sinistea, shiny|100\/100\n|turn|13\n|\n|t:|1700356781\n|move|p2a: Sinistea|Shell Smash|p2a: Sinistea\n|-unboost|p2a: Sinistea|def|1\n|-unboost|p2a: Sinistea|spd|1\n|-boost|p2a: Sinistea|atk|2\n|-boost|p2a: Sinistea|spa|2\n|-boost|p2a: Sinistea|spe|2\n|move|p1a: Capybara Killer|Hurricane|p2a: Sinistea\n|-enditem|p2a: Sinistea|Focus Sash\n|-damage|p2a: Sinistea|1\/100\n|\n|-heal|p1a: Capybara Killer|74\/100|[from] item: Leftovers\n|upkeep\n|turn|14\n|\n|t:|1700356807\n|move|p2a: Sinistea|Shadow Ball|p1a: Capybara Killer\n|-damage|p1a: Capybara Killer|0 fnt\n|faint|p1a: Capybara Killer\n|\n|upkeep\n|\n|t:|1700356812\n|switch|p1a: Montrell|Quaxwell, M|100\/100\n|turn|15\n|\n|t:|1700356815\n|move|p1a: Montrell|Aqua Jet|p2a: Sinistea\n|-damage|p2a: Sinistea|0 fnt\n|faint|p2a: Sinistea\n|-ability|p1a: Montrell|Moxie|boost\n|-boost|p1a: Montrell|atk|1\n|\n|upkeep\n|\n|t:|1700356818\n|switch|p2a: Torterra|Torterra, M|100\/100\n|turn|16\n|\n|t:|1700356823\n|move|p2a: Torterra|Seed Bomb|p1a: Montrell\n|-supereffective|p1a: Montrell\n|-damage|p1a: Montrell|30\/100\n|move|p1a: Montrell|Facade|p2a: Torterra\n|-damage|p2a: Torterra|69\/100\n|\n|upkeep\n|turn|17\n|\n|t:|1700356832\n|move|p1a: Montrell|Aqua Jet|p2a: Torterra\n|-damage|p2a: Torterra|44\/100\n|move|p2a: Torterra|Leech Seed|p1a: Montrell\n|-start|p1a: Montrell|move: Leech Seed\n|\n|-damage|p1a: Montrell|18\/100|[from] Leech Seed|[of] p2a: Torterra\n|-heal|p2a: Torterra|56\/100|[silent]\n|upkeep\n|turn|18\n|\n|t:|1700356846\n|move|p2a: Torterra|Shell Smash|p2a: Torterra\n|-unboost|p2a: Torterra|def|1\n|-unboost|p2a: Torterra|spd|1\n|-boost|p2a: Torterra|atk|2\n|-boost|p2a: Torterra|spa|2\n|-boost|p2a: Torterra|spe|2\n|-enditem|p2a: Torterra|White Herb\n|-clearnegativeboost|p2a: Torterra|[silent]\n|move|p1a: Montrell|Liquidation|p2a: Torterra\n|-damage|p2a: Torterra|3\/100\n|\n|-damage|p1a: Montrell|5\/100|[from] Leech Seed|[of] p2a: Torterra\n|-heal|p2a: Torterra|16\/100|[silent]\n|upkeep\n|turn|19\n|\n|t:|1700356854\n|move|p1a: Montrell|Aqua Jet|p2a: Torterra\n|-damage|p2a: Torterra|0 fnt\n|faint|p2a: Torterra\n|\n|win|BigSilverBilver\n|n|\u2606BigSilverBilver|bigsilverbilver\n|n|\u2606DumDieCutie|dumdiecutie\n|n|*Lady Monita \u2746|ladymonita\n","uploadtime":1700356855,"views":8,"p1id":"bigsilverbilver","p2id":"dumdiecutie","formatid":"gen9ou","rating":0,"private":0,"password":""}