{"id":"gen9ou-1995469917","p1":"alt no. 599","p2":"freestylaH","format":"[Gen 9] OU","log":"|j|\u2606alt no. 599\n|j|\u2606freestylaH\n|t:|1700574369\n|gametype|singles\n|player|p1|alt no. 599|acetrainersnowf|1611\n|player|p2|freestylaH|169|1714\n|teamsize|p1|6\n|teamsize|p2|6\n|gen|9\n|tier|[Gen 9] OU\n|rated|\n|rule|Sleep Clause Mod: Limit one foe put to sleep\n|rule|Species Clause: Limit one of each Pok\u00e9mon\n|rule|OHKO Clause: OHKO moves are banned\n|rule|Evasion Items Clause: Evasion items are banned\n|rule|Evasion Moves Clause: Evasion moves are banned\n|rule|Endless Battle Clause: Forcing endless battles is banned\n|rule|HP Percentage Mod: HP is shown in percentages\n|clearpoke\n|poke|p1|Tornadus-Therian, M|\n|poke|p1|Slowking-Galar, F|\n|poke|p1|Great Tusk|\n|poke|p1|Cinderace, F|\n|poke|p1|Ogerpon-Wellspring, F|\n|poke|p1|Gholdengo|\n|poke|p2|Garganacl, F|\n|poke|p2|Moltres|\n|poke|p2|Amoonguss, M|\n|poke|p2|Samurott-Hisui, M|\n|poke|p2|Kingambit, M|\n|poke|p2|Zamazenta-*|\n|teampreview\n|inactive|Battle timer is ON: inactive players will automatically lose when time's up. (requested by freestylaH)\n|\n|t:|1700574387\n|start\n|switch|p1a: Cinderace|Cinderace, F|100\/100\n|switch|p2a: Lynyrd|Moltres|100\/100\n|turn|1\n|\n|t:|1700574395\n|move|p1a: Cinderace|Pyro Ball|p2a: Lynyrd\n|-resisted|p2a: Lynyrd\n|-damage|p2a: Lynyrd|82\/100\n|move|p2a: Lynyrd|U-turn|p1a: Cinderace\n|-resisted|p1a: Cinderace\n|-damage|p1a: Cinderace|90\/100\n|\n|t:|1700574398\n|switch|p2a: Evelyn|Garganacl, F|100\/100|[from] U-turn\n|\n|upkeep\n|turn|2\n|\n|t:|1700574405\n|switch|p1a: Slowking|Slowking-Galar, F|100\/100\n|move|p2a: Evelyn|Protect||[still]\n|-fail|p2a: Evelyn\n|\n|upkeep\n|turn|3\n|\n|t:|1700574409\n|move|p2a: Evelyn|Stealth Rock|p1a: Slowking\n|-sidestart|p1: alt no. 599|move: Stealth Rock\n|move|p1a: Slowking|Future Sight|p2a: Evelyn\n|-start|p1a: Slowking|move: Future Sight\n|\n|upkeep\n|turn|4\n|\n|t:|1700574415\n|move|p2a: Evelyn|Salt Cure|p1a: Slowking\n|-damage|p1a: Slowking|89\/100\n|-start|p1a: Slowking|Salt Cure\n|move|p1a: Slowking|Chilly Reception|p1a: Slowking\n|-weather|Snow\n|\n|t:|1700574425\n|switch|p1a: Tornadus|Tornadus-Therian, M|100\/100|[from] Chilly Reception\n|-damage|p1a: Tornadus|75\/100|[from] Stealth Rock\n|\n|-weather|Snow|[upkeep]\n|upkeep\n|turn|5\n|\n|t:|1700574430\n|switch|p2a: Gillette|Samurott-Hisui, M|100\/100\n|move|p1a: Tornadus|Knock Off|p2a: Gillette\n|-resisted|p2a: Gillette\n|-damage|p2a: Gillette|90\/100\n|-enditem|p2a: Gillette|Assault Vest|[from] move: Knock Off|[of] p1a: Tornadus\n|\n|-weather|Snow|[upkeep]\n|-end|p2a: Gillette|move: Future Sight\n|-immune|p2a: Gillette\n|upkeep\n|turn|6\n|\n|t:|1700574435\n|move|p1a: Tornadus|U-turn|p2a: Gillette\n|-supereffective|p2a: Gillette\n|-damage|p2a: Gillette|61\/100\n|\n|t:|1700574441\n|switch|p1a: Great Tusk|Great Tusk|100\/100|[from] U-turn\n|-damage|p1a: Great Tusk|98\/100|[from] Stealth Rock\n|move|p2a: Gillette|Knock Off|p1a: Great Tusk\n|-resisted|p1a: Great Tusk\n|-damage|p1a: Great Tusk|88\/100\n|-enditem|p1a: Great Tusk|Leftovers|[from] move: Knock Off|[of] p2a: Gillette\n|\n|-weather|Snow|[upkeep]\n|upkeep\n|turn|7\n|\n|t:|1700574451\n|switch|p2a: Lynyrd|Moltres|82\/100\n|move|p1a: Great Tusk|Rapid Spin|p2a: Lynyrd\n|-damage|p2a: Lynyrd|71\/100\n|-boost|p1a: Great Tusk|spe|1\n|-status|p1a: Great Tusk|brn|[from] ability: Flame Body|[of] p2a: Lynyrd\n|-sideend|p1: alt no. 599|Stealth Rock|[from] move: Rapid Spin|[of] p1a: Great Tusk\n|\n|-weather|Snow|[upkeep]\n|-damage|p1a: Great Tusk|82\/100 brn|[from] brn\n|upkeep\n|turn|8\n|\n|t:|1700574467\n|-end|p1a: Great Tusk|Protosynthesis|[silent]\n|switch|p1a: Slowking|Slowking-Galar, F|100\/100\n|move|p2a: Lynyrd|Hurricane|p1a: Slowking\n|-damage|p1a: Slowking|64\/100\n|\n|-weather|none\n|upkeep\n|turn|9\n|\n|t:|1700574474\n|move|p2a: Lynyrd|U-turn|p1a: Slowking\n|-damage|p1a: Slowking|52\/100\n|\n|t:|1700574477\n|switch|p2a: Gillette|Samurott-Hisui, M|61\/100|[from] U-turn\n|move|p1a: Slowking|Chilly Reception|p1a: Slowking\n|-weather|Snow\n|\n|t:|1700574483\n|switch|p1a: Ogerpon|Ogerpon-Wellspring, F|100\/100|[from] Chilly Reception\n|\n|-weather|Snow|[upkeep]\n|upkeep\n|turn|10\n|\n|t:|1700574492\n|switch|p2a: Mike|Amoonguss, M|100\/100\n|move|p1a: Ogerpon|Ivy Cudgel|p2a: Mike|[anim] Ivy Cudgel Water\n|-resisted|p2a: Mike\n|-damage|p2a: Mike|68\/100\n|\n|-weather|Snow|[upkeep]\n|-heal|p2a: Mike|74\/100|[from] item: Leftovers\n|upkeep\n|turn|11\n|\n|t:|1700574500\n|move|p1a: Ogerpon|Ivy Cudgel|p2a: Mike|[anim] Ivy Cudgel Water\n|-resisted|p2a: Mike\n|-damage|p2a: Mike|44\/100\n|move|p2a: Mike|Sludge Bomb|p1a: Ogerpon\n|-supereffective|p1a: Ogerpon\n|-damage|p1a: Ogerpon|35\/100\n|\n|-weather|Snow|[upkeep]\n|-heal|p2a: Mike|50\/100|[from] item: Leftovers\n|upkeep\n|turn|12\n|\n|t:|1700574503\n|switch|p1a: Gholdengo|Gholdengo|100\/100\n|move|p2a: Mike|Sludge Bomb|p1a: Gholdengo\n|-immune|p1a: Gholdengo\n|\n|-weather|Snow|[upkeep]\n|-heal|p2a: Mike|57\/100|[from] item: Leftovers\n|upkeep\n|turn|13\n|\n|t:|1700574517\n|switch|p2a: Gillette|Samurott-Hisui, M|61\/100\n|move|p1a: Gholdengo|Make It Rain|p2a: Gillette\n|-resisted|p2a: Gillette\n|-damage|p2a: Gillette|33\/100\n|-unboost|p1a: Gholdengo|spa|1\n|\n|-weather|none\n|upkeep\n|turn|14\n|\n|t:|1700574527\n|switch|p1a: Tornadus|Tornadus-Therian, M|100\/100\n|move|p2a: Gillette|Razor Shell|p1a: Tornadus\n|-crit|p1a: Tornadus\n|-damage|p1a: Tornadus|40\/100\n|\n|upkeep\n|turn|15\n|\n|t:|1700574536\n|move|p1a: Tornadus|Bleakwind Storm|p2a: Gillette\n|-damage|p2a: Gillette|0 fnt\n|faint|p2a: Gillette\n|\n|upkeep\n|\n|t:|1700574540\n|switch|p2a: Evelyn|Garganacl, F|100\/100\n|turn|16\n|\n|t:|1700574543\n|move|p1a: Tornadus|Knock Off|p2a: Evelyn\n|-damage|p2a: Evelyn|91\/100\n|-enditem|p2a: Evelyn|Leftovers|[from] move: Knock Off|[of] p1a: Tornadus\n|move|p2a: Evelyn|Salt Cure|p1a: Tornadus\n|-supereffective|p1a: Tornadus\n|-damage|p1a: Tornadus|9\/100\n|-start|p1a: Tornadus|Salt Cure\n|\n|-damage|p1a: Tornadus|0 fnt|[from] Salt Cure\n|faint|p1a: Tornadus\n|upkeep\n|\n|t:|1700574549\n|switch|p1a: Slowking|Slowking-Galar, F|86\/100\n|turn|17\n|\n|t:|1700574553\n|move|p2a: Evelyn|Stealth Rock|p1a: Slowking\n|-sidestart|p1: alt no. 599|move: Stealth Rock\n|move|p1a: Slowking|Future Sight|p2a: Evelyn\n|-start|p1a: Slowking|move: Future Sight\n|\n|upkeep\n|turn|18\n|\n|t:|1700574570\n|switch|p2a: Lynyrd|Moltres|71\/100\n|move|p1a: Slowking|Chilly Reception|p1a: Slowking\n|-weather|Snow\n|\n|t:|1700574573\n|switch|p1a: Cinderace|Cinderace, F|90\/100|[from] Chilly Reception\n|\n|-weather|Snow|[upkeep]\n|upkeep\n|turn|19\n|\n|t:|1700574576\n|move|p1a: Cinderace|Court Change|p1a: Cinderace\n|-start|p1a: Cinderace|typechange|Normal|[from] ability: Libero\n|-swapsideconditions\n|-activate|p1a: Cinderace|move: Court Change\n|move|p2a: Lynyrd|Roost|p2a: Lynyrd\n|-heal|p2a: Lynyrd|100\/100\n|-singleturn|p2a: Lynyrd|move: Roost\n|\n|-weather|Snow|[upkeep]\n|-end|p2a: Lynyrd|move: Future Sight\n|-damage|p2a: Lynyrd|58\/100\n|upkeep\n|turn|20\n|\n|t:|1700574583\n|switch|p1a: Slowking|Slowking-Galar, F|100\/100\n|move|p2a: Lynyrd|Roost|p2a: Lynyrd\n|-heal|p2a: Lynyrd|100\/100\n|-singleturn|p2a: Lynyrd|move: Roost\n|\n|-weather|Snow|[upkeep]\n|upkeep\n|turn|21\n|\n|t:|1700574590\n|move|p2a: Lynyrd|U-turn|p1a: Slowking\n|-damage|p1a: Slowking|90\/100\n|\n|t:|1700574594\n|switch|p2a: Henry VIII|Kingambit, M|100\/100|[from] U-turn\n|-damage|p2a: Henry VIII|94\/100|[from] Stealth Rock\n|-activate|p2a: Henry VIII|ability: Supreme Overlord\n|-start|p2a: Henry VIII|fallen1|[silent]\n|move|p1a: Slowking|Chilly Reception|p1a: Slowking\n|\n|t:|1700574599\n|switch|p1a: Cinderace|Cinderace, F|90\/100|[from] Chilly Reception\n|\n|-weather|Snow|[upkeep]\n|-heal|p2a: Henry VIII|100\/100|[from] item: Leftovers\n|upkeep\n|turn|22\n|\n|t:|1700574605\n|-terastallize|p2a: Henry VIII|Fire\n|move|p1a: Cinderace|Pyro Ball|p2a: Henry VIII\n|-resisted|p2a: Henry VIII\n|-crit|p2a: Henry VIII\n|-damage|p2a: Henry VIII|62\/100\n|move|p2a: Henry VIII|Swords Dance|p2a: Henry VIII\n|-boost|p2a: Henry VIII|atk|2\n|\n|-weather|none\n|-heal|p2a: Henry VIII|68\/100|[from] item: Leftovers\n|upkeep\n|turn|23\n|\n|t:|1700574621\n|move|p1a: Cinderace|Pyro Ball|p2a: Henry VIII\n|-resisted|p2a: Henry VIII\n|-damage|p2a: Henry VIII|45\/100\n|move|p2a: Henry VIII|Kowtow Cleave|p1a: Cinderace\n|-damage|p1a: Cinderace|0 fnt\n|faint|p1a: Cinderace\n|\n|-heal|p2a: Henry VIII|51\/100|[from] item: Leftovers\n|upkeep\n|\n|t:|1700574624\n|switch|p1a: Great Tusk|Great Tusk|82\/100 brn\n|turn|24\n|\n|t:|1700574629\n|move|p2a: Henry VIII|Sucker Punch||[still]\n|-fail|p2a: Henry VIII\n|move|p1a: Great Tusk|Bulk Up|p1a: Great Tusk\n|-boost|p1a: Great Tusk|atk|1\n|-boost|p1a: Great Tusk|def|1\n|\n|-heal|p2a: Henry VIII|57\/100|[from] item: Leftovers\n|-damage|p1a: Great Tusk|76\/100 brn|[from] brn\n|upkeep\n|turn|25\n|\n|t:|1700574632\n|move|p1a: Great Tusk|Headlong Rush|p2a: Henry VIII\n|-supereffective|p2a: Henry VIII\n|-damage|p2a: Henry VIII|0 fnt\n|-unboost|p1a: Great Tusk|def|1\n|-unboost|p1a: Great Tusk|spd|1\n|faint|p2a: Henry VIII\n|-end|p2a: Henry VIII|fallen1|[silent]\n|\n|-damage|p1a: Great Tusk|70\/100 brn|[from] brn\n|upkeep\n|\n|t:|1700574641\n|switch|p2a: Lynyrd|Moltres|100\/100\n|turn|26\n|\n|t:|1700574654\n|-end|p1a: Great Tusk|Protosynthesis|[silent]\n|switch|p1a: Slowking|Slowking-Galar, F|100\/100\n|move|p2a: Lynyrd|Flamethrower|p1a: Slowking\n|-damage|p1a: Slowking|71\/100\n|\n|upkeep\n|turn|27\n|\n|t:|1700574660\n|move|p2a: Lynyrd|Flamethrower|p1a: Slowking\n|-damage|p1a: Slowking|42\/100\n|move|p1a: Slowking|Chilly Reception|p1a: Slowking\n|-weather|Snow\n|\n|t:|1700574662\n|switch|p1a: Ogerpon|Ogerpon-Wellspring, F|35\/100|[from] Chilly Reception\n|\n|-weather|Snow|[upkeep]\n|upkeep\n|turn|28\n|\n|t:|1700574676\n|move|p1a: Ogerpon|Ivy Cudgel|p2a: Lynyrd|[anim] Ivy Cudgel Water\n|-supereffective|p2a: Lynyrd\n|-damage|p2a: Lynyrd|16\/100\n|move|p2a: Lynyrd|Flamethrower|p1a: Ogerpon\n|-damage|p1a: Ogerpon|0 fnt\n|faint|p1a: Ogerpon\n|\n|-weather|Snow|[upkeep]\n|upkeep\n|\n|t:|1700574678\n|switch|p1a: Gholdengo|Gholdengo|100\/100\n|turn|29\n|\n|t:|1700574683\n|move|p1a: Gholdengo|Make It Rain|p2a: Lynyrd\n|-resisted|p2a: Lynyrd\n|-damage|p2a: Lynyrd|0 fnt\n|-unboost|p1a: Gholdengo|spa|1\n|faint|p2a: Lynyrd\n|\n|-weather|Snow|[upkeep]\n|upkeep\n|\n|t:|1700574686\n|switch|p2a: Mike|Amoonguss, M|90\/100\n|-damage|p2a: Mike|77\/100|[from] Stealth Rock\n|turn|30\n|\n|t:|1700574690\n|switch|p1a: Great Tusk|Great Tusk|70\/100 brn\n|move|p2a: Mike|Foul Play|p1a: Great Tusk\n|-resisted|p1a: Great Tusk\n|-damage|p1a: Great Tusk|62\/100 brn\n|\n|-weather|Snow|[upkeep]\n|-heal|p2a: Mike|84\/100|[from] item: Leftovers\n|-damage|p1a: Great Tusk|56\/100 brn|[from] brn\n|upkeep\n|turn|31\n|\n|t:|1700574695\n|-end|p1a: Great Tusk|Protosynthesis|[silent]\n|switch|p1a: Gholdengo|Gholdengo|100\/100\n|move|p2a: Mike|Grass Knot|p1a: Gholdengo\n|-resisted|p1a: Gholdengo\n|-damage|p1a: Gholdengo|89\/100\n|\n|-weather|none\n|-heal|p2a: Mike|90\/100|[from] item: Leftovers\n|upkeep\n|turn|32\n|\n|t:|1700574700\n|move|p1a: Gholdengo|Trick|p2a: Mike\n|-activate|p1a: Gholdengo|move: Trick|[of] p2a: Mike\n|-item|p2a: Mike|Choice Scarf|[from] move: Trick\n|-item|p1a: Gholdengo|Leftovers|[from] move: Trick\n|move|p2a: Mike|Foul Play|p1a: Gholdengo\n|-supereffective|p1a: Gholdengo\n|-damage|p1a: Gholdengo|65\/100\n|\n|-heal|p1a: Gholdengo|71\/100|[from] item: Leftovers\n|upkeep\n|turn|33\n|\n|t:|1700574706\n|move|p1a: Gholdengo|Shadow Ball|p2a: Mike\n|-damage|p2a: Mike|64\/100\n|move|p2a: Mike|Foul Play|p1a: Gholdengo\n|-supereffective|p1a: Gholdengo\n|-damage|p1a: Gholdengo|47\/100\n|\n|-heal|p1a: Gholdengo|53\/100|[from] item: Leftovers\n|upkeep\n|turn|34\n|\n|t:|1700574710\n|move|p1a: Gholdengo|Recover|p1a: Gholdengo\n|-heal|p1a: Gholdengo|100\/100\n|move|p2a: Mike|Foul Play|p1a: Gholdengo\n|-supereffective|p1a: Gholdengo\n|-damage|p1a: Gholdengo|76\/100\n|\n|-heal|p1a: Gholdengo|82\/100|[from] item: Leftovers\n|upkeep\n|turn|35\n|\n|t:|1700574712\n|move|p1a: Gholdengo|Shadow Ball|p2a: Mike\n|-damage|p2a: Mike|34\/100\n|move|p2a: Mike|Foul Play|p1a: Gholdengo\n|-supereffective|p1a: Gholdengo\n|-damage|p1a: Gholdengo|57\/100\n|\n|-heal|p1a: Gholdengo|63\/100|[from] item: Leftovers\n|upkeep\n|turn|36\n|\n|t:|1700574716\n|switch|p2a: Zamazenta|Zamazenta|100\/100\n|-damage|p2a: Zamazenta|94\/100|[from] Stealth Rock\n|-ability|p2a: Zamazenta|Dauntless Shield|boost\n|-boost|p2a: Zamazenta|def|1\n|move|p1a: Gholdengo|Recover|p1a: Gholdengo\n|-heal|p1a: Gholdengo|100\/100\n|\n|-heal|p2a: Zamazenta|100\/100|[from] item: Leftovers\n|upkeep\n|turn|37\n|\n|t:|1700574720\n|move|p2a: Zamazenta|Crunch|p1a: Gholdengo\n|-supereffective|p1a: Gholdengo\n|-damage|p1a: Gholdengo|48\/100\n|move|p1a: Gholdengo|Shadow Ball|p2a: Zamazenta\n|-damage|p2a: Zamazenta|64\/100\n|\n|-heal|p2a: Zamazenta|70\/100|[from] item: Leftovers\n|-heal|p1a: Gholdengo|54\/100|[from] item: Leftovers\n|upkeep\n|turn|38\n|\n|t:|1700574728\n|-terastallize|p1a: Gholdengo|Steel\n|move|p2a: Zamazenta|Crunch|p1a: Gholdengo\n|-damage|p1a: Gholdengo|28\/100\n|move|p1a: Gholdengo|Make It Rain|p2a: Zamazenta\n|-damage|p2a: Zamazenta|0 fnt\n|-unboost|p1a: Gholdengo|spa|1\n|faint|p2a: Zamazenta\n|\n|-heal|p1a: Gholdengo|34\/100|[from] item: Leftovers\n|upkeep\n|\n|t:|1700574733\n|switch|p2a: Evelyn|Garganacl, F|91\/100\n|-damage|p2a: Evelyn|78\/100|[from] Stealth Rock\n|turn|39\n|\n|t:|1700574737\n|switch|p1a: Slowking|Slowking-Galar, F|76\/100\n|move|p2a: Evelyn|Salt Cure|p1a: Slowking\n|-damage|p1a: Slowking|66\/100\n|-start|p1a: Slowking|Salt Cure\n|\n|-damage|p1a: Slowking|53\/100|[from] Salt Cure\n|upkeep\n|turn|40\n|\n|t:|1700574742\n|move|p2a: Evelyn|Recover|p2a: Evelyn\n|-heal|p2a: Evelyn|100\/100\n|move|p1a: Slowking|Chilly Reception|p1a: Slowking\n|-weather|Snow\n|\n|t:|1700574744\n|switch|p1a: Great Tusk|Great Tusk|56\/100 brn|[from] Chilly Reception\n|\n|-weather|Snow|[upkeep]\n|-damage|p1a: Great Tusk|49\/100 brn|[from] brn\n|upkeep\n|turn|41\n|\n|t:|1700574750\n|move|p1a: Great Tusk|Headlong Rush|p2a: Evelyn\n|-supereffective|p2a: Evelyn\n|-damage|p2a: Evelyn|73\/100\n|-unboost|p1a: Great Tusk|def|1\n|-unboost|p1a: Great Tusk|spd|1\n|move|p2a: Evelyn|Salt Cure|p1a: Great Tusk\n|-resisted|p1a: Great Tusk\n|-damage|p1a: Great Tusk|46\/100 brn\n|-start|p1a: Great Tusk|Salt Cure\n|\n|-weather|Snow|[upkeep]\n|-damage|p1a: Great Tusk|40\/100 brn|[from] brn\n|-damage|p1a: Great Tusk|28\/100 brn|[from] Salt Cure\n|upkeep\n|turn|42\n|\n|t:|1700574758\n|-end|p1a: Great Tusk|Protosynthesis|[silent]\n|switch|p1a: Slowking|Slowking-Galar, F|87\/100\n|move|p2a: Evelyn|Recover|p2a: Evelyn\n|-heal|p2a: Evelyn|100\/100\n|\n|-weather|Snow|[upkeep]\n|upkeep\n|turn|43\n|\n|t:|1700574762\n|move|p2a: Evelyn|Stealth Rock|p1a: Slowking\n|-sidestart|p1: alt no. 599|move: Stealth Rock\n|move|p1a: Slowking|Future Sight|p2a: Evelyn\n|-start|p1a: Slowking|move: Future Sight\n|\n|-weather|Snow|[upkeep]\n|upkeep\n|turn|44\n|\n|t:|1700574767\n|move|p2a: Evelyn|Salt Cure|p1a: Slowking\n|-damage|p1a: Slowking|76\/100\n|-start|p1a: Slowking|Salt Cure\n|move|p1a: Slowking|Chilly Reception|p1a: Slowking\n|\n|t:|1700574775\n|switch|p1a: Gholdengo|Gholdengo, tera:Steel|34\/100|[from] Chilly Reception\n|-damage|p1a: Gholdengo|28\/100|[from] Stealth Rock\n|\n|-weather|none\n|-heal|p1a: Gholdengo|34\/100|[from] item: Leftovers\n|upkeep\n|turn|45\n|\n|t:|1700574783\n|move|p1a: Gholdengo|Recover|p1a: Gholdengo\n|-heal|p1a: Gholdengo|84\/100\n|move|p2a: Evelyn|Salt Cure|p1a: Gholdengo\n|-resisted|p1a: Gholdengo\n|-damage|p1a: Gholdengo|76\/100\n|-start|p1a: Gholdengo|Salt Cure\n|\n|-end|p2a: Evelyn|move: Future Sight\n|-damage|p2a: Evelyn|63\/100\n|-heal|p1a: Gholdengo|82\/100|[from] item: Leftovers\n|-damage|p1a: Gholdengo|57\/100|[from] Salt Cure\n|upkeep\n|turn|46\n|\n|t:|1700574787\n|move|p2a: Evelyn|Protect|p2a: Evelyn\n|-singleturn|p2a: Evelyn|Protect\n|move|p1a: Gholdengo|Recover|p1a: Gholdengo\n|-heal|p1a: Gholdengo|100\/100\n|\n|-damage|p1a: Gholdengo|76\/100|[from] Salt Cure\n|upkeep\n|turn|47\n|\n|t:|1700574792\n|switch|p2a: Mike|Amoonguss, M|68\/100\n|-damage|p2a: Mike|55\/100|[from] Stealth Rock\n|move|p1a: Gholdengo|Make It Rain|p2a: Mike\n|-damage|p2a: Mike|0 fnt\n|-unboost|p1a: Gholdengo|spa|1\n|faint|p2a: Mike\n|\n|-heal|p1a: Gholdengo|82\/100|[from] item: Leftovers\n|-damage|p1a: Gholdengo|57\/100|[from] Salt Cure\n|upkeep\n|\n|t:|1700574794\n|switch|p2a: Evelyn|Garganacl, F|63\/100\n|-damage|p2a: Evelyn|51\/100|[from] Stealth Rock\n|turn|48\n|\n|t:|1700574800\n|switch|p1a: Great Tusk|Great Tusk|28\/100 brn\n|-damage|p1a: Great Tusk|25\/100 brn|[from] Stealth Rock\n|move|p2a: Evelyn|Recover|p2a: Evelyn\n|-heal|p2a: Evelyn|100\/100\n|\n|-damage|p1a: Great Tusk|18\/100 brn|[from] brn\n|upkeep\n|turn|49\n|\n|t:|1700574808\n|move|p2a: Evelyn|Protect|p2a: Evelyn\n|-singleturn|p2a: Evelyn|Protect\n|move|p1a: Great Tusk|Headlong Rush|p2a: Evelyn\n|-activate|p2a: Evelyn|move: Protect\n|\n|-damage|p1a: Great Tusk|12\/100 brn|[from] brn\n|upkeep\n|turn|50\n|\n|t:|1700574816\n|move|p1a: Great Tusk|Headlong Rush|p2a: Evelyn\n|-supereffective|p2a: Evelyn\n|-damage|p2a: Evelyn|73\/100\n|-unboost|p1a: Great Tusk|def|1\n|-unboost|p1a: Great Tusk|spd|1\n|move|p2a: Evelyn|Stealth Rock||[still]\n|-fail|p2a: Evelyn\n|\n|-damage|p1a: Great Tusk|6\/100 brn|[from] brn\n|upkeep\n|turn|51\n|\n|t:|1700574819\n|move|p1a: Great Tusk|Headlong Rush|p2a: Evelyn\n|-supereffective|p2a: Evelyn\n|-damage|p2a: Evelyn|46\/100\n|-unboost|p1a: Great Tusk|def|1\n|-unboost|p1a: Great Tusk|spd|1\n|move|p2a: Evelyn|Recover|p2a: Evelyn\n|-heal|p2a: Evelyn|96\/100\n|\n|-damage|p1a: Great Tusk|0 fnt|[from] brn\n|faint|p1a: Great Tusk\n|-end|p1a: Great Tusk|Protosynthesis|[silent]\n|upkeep\n|\n|t:|1700574825\n|switch|p1a: Gholdengo|Gholdengo, tera:Steel|57\/100\n|-damage|p1a: Gholdengo|51\/100|[from] Stealth Rock\n|turn|52\n|\n|t:|1700574828\n|move|p1a: Gholdengo|Make It Rain|p2a: Evelyn\n|-supereffective|p2a: Evelyn\n|-damage|p2a: Evelyn|0 fnt\n|-unboost|p1a: Gholdengo|spa|1\n|faint|p2a: Evelyn\n|\n|win|alt no. 599\n|raw|alt no. 599's rating: 1611 &rarr; <strong>1637<\/strong><br \/>(+26 for winning)\n|raw|freestylaH's rating: 1714 &rarr; <strong>1688<\/strong><br \/>(-26 for losing)\n|l|\u2606freestylaH\n","uploadtime":1700574834,"views":3,"p1id":"altno599","p2id":"freestylah","formatid":"gen9ou","rating":1637,"private":0,"password":""}