{"id":"gen9ou-1996677565","p1":"Deezmcnuggetz","p2":"fuwa the cute","format":"[Gen 9] OU","log":"|j|\u2606Deezmcnuggetz\n|j|\u2606fuwa the cute\n|t:|1700708535\n|gametype|singles\n|player|p1|Deezmcnuggetz|102|1289\n|player|p2|fuwa the cute|elesa|1328\n|teamsize|p1|6\n|teamsize|p2|6\n|gen|9\n|tier|[Gen 9] OU\n|rated|\n|rule|Sleep Clause Mod: Limit one foe put to sleep\n|rule|Species Clause: Limit one of each Pok\u00e9mon\n|rule|OHKO Clause: OHKO moves are banned\n|rule|Evasion Items Clause: Evasion items are banned\n|rule|Evasion Moves Clause: Evasion moves are banned\n|rule|Endless Battle Clause: Forcing endless battles is banned\n|rule|HP Percentage Mod: HP is shown in percentages\n|clearpoke\n|poke|p1|Scyther, M|\n|poke|p1|Armarouge, M|\n|poke|p1|Goodra-Hisui, M|\n|poke|p1|Landorus-Therian, M|\n|poke|p1|Iron Treads|\n|poke|p1|Samurott-Hisui, M|\n|poke|p2|Hatterene, F|\n|poke|p2|Ursaluna, M|\n|poke|p2|Iron Hands|\n|poke|p2|Cresselia, F|\n|poke|p2|Hoopa-Unbound|\n|poke|p2|Kingambit, M|\n|teampreview\n|inactive|Battle timer is ON: inactive players will automatically lose when time's up. (requested by Deezmcnuggetz)\n|\n|t:|1700708564\n|start\n|switch|p1a: Samurott|Samurott-Hisui, M|100\/100\n|switch|p2a: Hatterene|Hatterene, F|100\/100\n|turn|1\n|\n|t:|1700708568\n|move|p1a: Samurott|Ceaseless Edge|p2a: Hatterene\n|-damage|p2a: Hatterene|67\/100\n|-sidestart|p2: fuwa the cute|Spikes\n|move|p2a: Hatterene|Trick Room|p2a: Hatterene\n|-fieldstart|move: Trick Room|[of] p2a: Hatterene\n|\n|upkeep\n|turn|2\n|\n|t:|1700708574\n|switch|p2a: Iron Hands|Iron Hands|100\/100\n|-damage|p2a: Iron Hands|88\/100|[from] Spikes\n|move|p1a: Samurott|Ceaseless Edge|p2a: Iron Hands\n|-resisted|p2a: Iron Hands\n|-damage|p2a: Iron Hands|74\/100\n|-sidestart|p2: fuwa the cute|Spikes\n|\n|-heal|p2a: Iron Hands|80\/100|[from] item: Leftovers\n|upkeep\n|turn|3\n|\n|t:|1700708582\n|switch|p1a: Landorus|Landorus-Therian, M, shiny|100\/100\n|-ability|p1a: Landorus|Intimidate|boost\n|-unboost|p2a: Iron Hands|atk|1\n|move|p2a: Iron Hands|Swords Dance|p2a: Iron Hands\n|-boost|p2a: Iron Hands|atk|2\n|\n|-heal|p2a: Iron Hands|86\/100|[from] item: Leftovers\n|upkeep\n|turn|4\n|\n|t:|1700708587\n|move|p2a: Iron Hands|Ice Punch|p1a: Landorus\n|-supereffective|p1a: Landorus\n|-damage|p1a: Landorus|0 fnt\n|-damage|p2a: Iron Hands|70\/100|[from] item: Rocky Helmet|[of] p1a: Landorus\n|faint|p1a: Landorus\n|\n|-heal|p2a: Iron Hands|76\/100|[from] item: Leftovers\n|upkeep\n|\n|t:|1700708601\n|switch|p1a: Armarouge|Armarouge, M|100\/100\n|turn|5\n|\n|t:|1700708615\n|move|p2a: Iron Hands|Wild Charge|p1a: Armarouge\n|-damage|p1a: Armarouge|26\/100\n|-damage|p2a: Iron Hands|62\/100|[from] Recoil\n|move|p1a: Armarouge|Psyshock|p2a: Iron Hands\n|-supereffective|p2a: Iron Hands\n|-damage|p2a: Iron Hands|5\/100\n|\n|-heal|p2a: Iron Hands|11\/100|[from] item: Leftovers\n|-fieldend|move: Trick Room\n|upkeep\n|turn|6\n|\n|t:|1700708627\n|-end|p2a: Iron Hands|Quark Drive|[silent]\n|switch|p2a: Hatterene|Hatterene, F|67\/100\n|-damage|p2a: Hatterene|50\/100|[from] Spikes\n|move|p1a: Armarouge|Armor Cannon|p2a: Hatterene\n|-damage|p2a: Hatterene|0 fnt\n|-unboost|p1a: Armarouge|def|1\n|-unboost|p1a: Armarouge|spd|1\n|faint|p2a: Hatterene\n|\n|upkeep\n|\n|t:|1700708635\n|switch|p2a: Cresselia|Cresselia, F|100\/100\n|turn|7\n|\n|t:|1700708641\n|switch|p1a: Goodra|Goodra-Hisui, M|100\/100\n|move|p2a: Cresselia|Trick Room|p2a: Cresselia\n|-fieldstart|move: Trick Room|[of] p2a: Cresselia\n|\n|upkeep\n|turn|8\n|\n|t:|1700708658\n|switch|p2a: Iron Hands|Iron Hands|11\/100\n|-damage|p2a: Iron Hands|0 fnt|[from] Spikes\n|faint|p2a: Iron Hands\n|-end|p2a: Iron Hands|Quark Drive|[silent]\n|move|p1a: Goodra|Dragon Tail|p2: Iron Hands|[notarget]\n|-fail|p1a: Goodra\n|\n|upkeep\n|\n|t:|1700708671\n|switch|p2a: Hoopa|Hoopa-Unbound|100\/100\n|-damage|p2a: Hoopa|84\/100|[from] Spikes\n|turn|9\n|\n|t:|1700708693\n|move|p2a: Hoopa|Dark Pulse|p1a: Goodra\n|-damage|p1a: Goodra|52\/100\n|move|p1a: Goodra|Dragon Tail|p2a: Hoopa\n|-damage|p2a: Hoopa|57\/100\n|drag|p2a: Cresselia|Cresselia, F|100\/100\n|\n|-heal|p1a: Goodra|58\/100|[from] item: Leftovers\n|upkeep\n|turn|10\n|\n|t:|1700708709\n|move|p1a: Goodra|Draco Meteor|p2a: Cresselia\n|-crit|p2a: Cresselia\n|-damage|p2a: Cresselia|63\/100\n|-unboost|p1a: Goodra|spa|2\n|move|p2a: Cresselia|Psychic|p1a: Goodra\n|-resisted|p1a: Goodra\n|-damage|p1a: Goodra|52\/100\n|\n|-heal|p1a: Goodra|58\/100|[from] item: Leftovers\n|upkeep\n|turn|11\n|\n|t:|1700708725\n|switch|p2a: Ursaluna|Ursaluna, M, shiny|100\/100\n|-damage|p2a: Ursaluna|84\/100|[from] Spikes\n|move|p1a: Goodra|Dragon Tail|p2a: Ursaluna\n|-damage|p2a: Ursaluna|71\/100\n|drag|p2a: Kingambit|Kingambit, M|100\/100\n|-damage|p2a: Kingambit|84\/100|[from] Spikes\n|-activate|p2a: Kingambit|ability: Supreme Overlord\n|-start|p2a: Kingambit|fallen2|[silent]\n|\n|-heal|p1a: Goodra|64\/100|[from] item: Leftovers\n|-fieldend|move: Trick Room\n|upkeep\n|turn|12\n|\n|t:|1700708744\n|move|p2a: Kingambit|Kowtow Cleave|p1a: Goodra\n|-damage|p1a: Goodra|14\/100\n|move|p1a: Goodra|Dragon Tail|p2a: Kingambit|[miss]\n|-miss|p1a: Goodra|p2a: Kingambit\n|\n|-heal|p1a: Goodra|20\/100|[from] item: Leftovers\n|upkeep\n|turn|13\n|\n|t:|1700708752\n|move|p2a: Kingambit|Kowtow Cleave|p1a: Goodra\n|-damage|p1a: Goodra|0 fnt\n|faint|p1a: Goodra\n|\n|upkeep\n|inactive|Deezmcnuggetz has 120 seconds left.\n|\n|t:|1700708768\n|switch|p1a: Iron Treads|Iron Treads|100\/100\n|turn|14\n|inactive|fuwa the cute has 120 seconds left.\n|\n|t:|1700708804\n|-end|p2a: Kingambit|fallen2|[silent]\n|switch|p2a: Cresselia|Cresselia, F|63\/100\n|move|p1a: Iron Treads|Knock Off|p2a: Cresselia\n|-supereffective|p2a: Cresselia\n|-damage|p2a: Cresselia|16\/100\n|-enditem|p2a: Cresselia|Mental Herb|[from] move: Knock Off|[of] p1a: Iron Treads\n|\n|upkeep\n|turn|15\n|inactive|fuwa the cute has 120 seconds left.\n|\n|t:|1700708816\n|move|p1a: Iron Treads|Knock Off|p2a: Cresselia\n|-supereffective|p2a: Cresselia\n|-damage|p2a: Cresselia|0 fnt\n|faint|p2a: Cresselia\n|\n|upkeep\n|\n|t:|1700708818\n|switch|p2a: Ursaluna|Ursaluna, M, shiny|71\/100\n|-damage|p2a: Ursaluna|55\/100|[from] Spikes\n|turn|16\n|\n|t:|1700708828\n|move|p1a: Iron Treads|Earthquake|p2a: Ursaluna\n|-damage|p2a: Ursaluna|23\/100\n|move|p2a: Ursaluna|Headlong Rush|p1a: Iron Treads\n|-supereffective|p1a: Iron Treads\n|-damage|p1a: Iron Treads|0 fnt\n|-unboost|p2a: Ursaluna|def|1\n|-unboost|p2a: Ursaluna|spd|1\n|faint|p1a: Iron Treads\n|-end|p1a: Iron Treads|Quark Drive|[silent]\n|\n|-status|p2a: Ursaluna|brn|[from] item: Flame Orb\n|upkeep\n|\n|t:|1700708835\n|switch|p1a: Scyther|Scyther, M|100\/100\n|turn|17\n|\n|t:|1700708839\n|move|p1a: Scyther|Trailblaze|p2a: Ursaluna\n|-supereffective|p2a: Ursaluna\n|-damage|p2a: Ursaluna|0 fnt\n|-boost|p1a: Scyther|spe|1\n|faint|p2a: Ursaluna\n|\n|upkeep\n|\n|t:|1700708843\n|switch|p2a: Hoopa|Hoopa-Unbound|57\/100\n|-damage|p2a: Hoopa|40\/100|[from] Spikes\n|turn|18\n|\n|t:|1700708850\n|move|p1a: Scyther|Dual Wingbeat|p2a: Hoopa\n|-damage|p2a: Hoopa|2\/100\n|-damage|p2a: Hoopa|0 fnt\n|faint|p2a: Hoopa\n|-hitcount|p2: Hoopa|2\n|\n|upkeep\n|\n|t:|1700708854\n|switch|p2a: Kingambit|Kingambit, M|84\/100\n|-damage|p2a: Kingambit|67\/100|[from] Spikes\n|-activate|p2a: Kingambit|ability: Supreme Overlord\n|-start|p2a: Kingambit|fallen5|[silent]\n|turn|19\n|\n|t:|1700708863\n|-terastallize|p1a: Scyther|Fire\n|move|p2a: Kingambit|Sucker Punch|p1a: Scyther\n|-damage|p1a: Scyther|33\/100\n|move|p1a: Scyther|Tera Blast|p2a: Kingambit|[anim] Tera Blast Fire\n|-supereffective|p2a: Kingambit\n|-damage|p2a: Kingambit|18\/100\n|\n|upkeep\n|turn|20\n|\n|t:|1700708871\n|move|p2a: Kingambit|Sucker Punch|p1a: Scyther\n|-damage|p1a: Scyther|0 fnt\n|faint|p1a: Scyther\n|\n|upkeep\n|\n|t:|1700708873\n|switch|p1a: Samurott|Samurott-Hisui, M|100\/100\n|turn|21\n|\n|t:|1700708894\n|move|p1a: Samurott|Sacred Sword|p2a: Kingambit\n|-supereffective|p2a: Kingambit\n|-damage|p2a: Kingambit|0 fnt\n|faint|p2a: Kingambit\n|-end|p2a: Kingambit|fallen5|[silent]\n|\n|win|Deezmcnuggetz\n|raw|Deezmcnuggetz's rating: 1289 &rarr; <strong>1317<\/strong><br \/>(+28 for winning)\n|raw|fuwa the cute's rating: 1328 &rarr; <strong>1306<\/strong><br \/>(-22 for losing)\n|l|\u2606fuwa the cute\n","uploadtime":1700708913,"views":8,"p1id":"deezmcnuggetz","p2id":"fuwathecute","formatid":"gen9ou","rating":1306,"private":0,"password":""}