{"id":"gen9ou-1991157231","p1":"SaFe Rez","p2":"NatanMarchais","format":"[Gen 9] OU","log":"|j|\u2606SaFe Rez\n|j|\u2606NatanMarchais\n|t:|1700051410\n|gametype|singles\n|player|p1|SaFe Rez|guitarist|1342\n|player|p2|NatanMarchais|rocketgrunt|1382\n|teamsize|p1|6\n|teamsize|p2|6\n|gen|9\n|tier|[Gen 9] OU\n|rated|\n|rule|Sleep Clause Mod: Limit one foe put to sleep\n|rule|Species Clause: Limit one of each Pok\u00e9mon\n|rule|OHKO Clause: OHKO moves are banned\n|rule|Evasion Items Clause: Evasion items are banned\n|rule|Evasion Moves Clause: Evasion moves are banned\n|rule|Endless Battle Clause: Forcing endless battles is banned\n|rule|HP Percentage Mod: HP is shown in percentages\n|clearpoke\n|poke|p1|Samurott-Hisui, F|\n|poke|p1|Ceruledge, F|\n|poke|p1|Thundurus-Therian, M|\n|poke|p1|Amoonguss, M|\n|poke|p1|Great Tusk|\n|poke|p1|Gholdengo|\n|poke|p2|Ogerpon-Wellspring, F|\n|poke|p2|Thundurus-Therian, M|\n|poke|p2|Cramorant, M|\n|poke|p2|Dragonite, F|\n|poke|p2|Kingambit, F|\n|poke|p2|Rotom-Wash|\n|teampreview\n|inactive|Battle timer is ON: inactive players will automatically lose when time's up. (requested by NatanMarchais)\n|\n|t:|1700051440\n|start\n|switch|p1a: Samurott|Samurott-Hisui, F, shiny|100\/100\n|switch|p2a: Rotom|Rotom-Wash|100\/100\n|turn|1\n|\n|t:|1700051452\n|switch|p1a: Amoonguss|Amoonguss, M, shiny|100\/100\n|move|p2a: Rotom|Volt Switch|p1a: Amoonguss\n|-resisted|p1a: Amoonguss\n|-damage|p1a: Amoonguss|92\/100\n|-enditem|p1a: Amoonguss|Red Card|[of] p2a: Rotom\n|drag|p2a: Dragonite|Dragonite, F, shiny|100\/100\n|\n|upkeep\n|turn|2\n|\n|t:|1700051459\n|switch|p2a: Ogerpon|Ogerpon-Wellspring, F|100\/100\n|move|p1a: Amoonguss|Spore|p2a: Ogerpon\n|-immune|p2a: Ogerpon\n|\n|upkeep\n|turn|3\n|\n|t:|1700051466\n|move|p2a: Ogerpon|Knock Off|p1a: Amoonguss\n|-damage|p1a: Amoonguss|67\/100\n|move|p1a: Amoonguss|Sludge Bomb|p2a: Ogerpon\n|-supereffective|p2a: Ogerpon\n|-damage|p2a: Ogerpon|36\/100\n|\n|upkeep\n|turn|4\n|\n|t:|1700051473\n|switch|p2a: Kingambit|Kingambit, F|100\/100\n|move|p1a: Amoonguss|Spore|p2a: Kingambit\n|-status|p2a: Kingambit|slp|[from] move: Spore\n|\n|upkeep\n|turn|5\n|\n|t:|1700051478\n|switch|p1a: Ceruledge|Ceruledge, F, shiny|100\/100\n|cant|p2a: Kingambit|slp\n|\n|upkeep\n|turn|6\n|\n|t:|1700051482\n|-end|p2a: Kingambit|fallenundefined|[silent]\n|switch|p2a: Rotom|Rotom-Wash|100\/100\n|move|p1a: Ceruledge|Swords Dance|p1a: Ceruledge\n|-boost|p1a: Ceruledge|atk|2\n|\n|upkeep\n|turn|7\n|\n|t:|1700051489\n|move|p1a: Ceruledge|Poltergeist|p2a: Rotom\n|-activate|p2a: Rotom|move: Poltergeist|Leftovers\n|-damage|p2a: Rotom|0 fnt\n|faint|p2a: Rotom\n|\n|upkeep\n|\n|t:|1700051499\n|switch|p2a: Thundurus|Thundurus-Therian, M|100\/100\n|turn|8\n|\n|t:|1700051505\n|move|p2a: Thundurus|Volt Switch|p1a: Ceruledge\n|-damage|p1a: Ceruledge|30\/100\n|\n|t:|1700051509\n|switch|p2a: Kingambit|Kingambit, F|100\/100 slp|[from] Volt Switch\n|-activate|p2a: Kingambit|ability: Supreme Overlord\n|-start|p2a: Kingambit|fallen1|[silent]\n|move|p1a: Ceruledge|Poltergeist|p2a: Kingambit|[miss]\n|-miss|p1a: Ceruledge|p2a: Kingambit\n|\n|upkeep\n|turn|9\n|\n|t:|1700051518\n|cant|p2a: Kingambit|slp\n|move|p1a: Ceruledge|Bitter Blade|p2a: Kingambit\n|-supereffective|p2a: Kingambit\n|-damage|p2a: Kingambit|0 fnt\n|-heal|p1a: Ceruledge|99\/100|[from] drain|[of] p2a: Kingambit\n|faint|p2a: Kingambit\n|-end|p2a: Kingambit|fallen1|[silent]\n|\n|upkeep\n|\n|t:|1700051526\n|switch|p2a: Thundurus|Thundurus-Therian, M|100\/100\n|turn|10\n|\n|t:|1700051531\n|move|p2a: Thundurus|Thunderbolt|p1a: Ceruledge\n|-damage|p1a: Ceruledge|5\/100\n|move|p1a: Ceruledge|Bitter Blade|p2a: Thundurus\n|-damage|p2a: Thundurus|0 fnt\n|-heal|p1a: Ceruledge|57\/100|[from] drain|[of] p2a: Thundurus\n|faint|p2a: Thundurus\n|\n|upkeep\n|\n|t:|1700051536\n|switch|p2a: Ogerpon|Ogerpon-Wellspring, F|36\/100\n|turn|11\n|\n|t:|1700051539\n|move|p1a: Ceruledge|Shadow Sneak|p2a: Ogerpon\n|-damage|p2a: Ogerpon|0 fnt\n|faint|p2a: Ogerpon\n|\n|upkeep\n|\n|t:|1700051542\n|switch|p2a: Cramorant|Cramorant, M|100\/100\n|turn|12\n|-message|NatanMarchais forfeited.\n|\n|win|SaFe Rez\n|raw|SaFe Rez's rating: 1342 &rarr; <strong>1364<\/strong><br \/>(+22 for winning)\n|raw|NatanMarchais's rating: 1382 &rarr; <strong>1360<\/strong><br \/>(-22 for losing)\n|l|\u2606NatanMarchais\n","uploadtime":1700051548,"views":15,"p1id":"saferez","p2id":"natanmarchais","formatid":"gen9ou","rating":1360,"private":0,"password":""}