{"id":"gen9ou-1991270792","p1":"Milkylex","p2":"Steez Ibanez","format":"[Gen 9] OU","log":"|j|\u2606Milkylex\n|j|\u2606Steez Ibanez\n|t:|1700063055\n|gametype|singles\n|player|p1|Milkylex|pokemonbreeder-gen6|1644\n|player|p2|Steez Ibanez|lance-gen2|1789\n|teamsize|p1|6\n|teamsize|p2|6\n|gen|9\n|tier|[Gen 9] OU\n|rated|\n|rule|Sleep Clause Mod: Limit one foe put to sleep\n|rule|Species Clause: Limit one of each Pok\u00e9mon\n|rule|OHKO Clause: OHKO moves are banned\n|rule|Evasion Items Clause: Evasion items are banned\n|rule|Evasion Moves Clause: Evasion moves are banned\n|rule|Endless Battle Clause: Forcing endless battles is banned\n|rule|HP Percentage Mod: HP is shown in percentages\n|clearpoke\n|poke|p1|Manaphy|\n|poke|p1|Rillaboom, M|\n|poke|p1|Sneasler, F|\n|poke|p1|Weavile, M|\n|poke|p1|Kingambit, M|\n|poke|p1|Iron Moth|\n|poke|p2|Dragapult, M|\n|poke|p2|Zapdos|\n|poke|p2|Great Tusk|\n|poke|p2|Ogerpon-Wellspring, F|\n|poke|p2|Ting-Lu|\n|poke|p2|Iron Moth|\n|teampreview\n|\n|t:|1700063071\n|start\n|switch|p1a: Weavile|Weavile, M|100\/100\n|switch|p2a: Toothless|Dragapult, M|100\/100\n|-ability|p1a: Weavile|Pressure\n|turn|1\n|\n|t:|1700063077\n|move|p2a: Toothless|U-turn|p1a: Weavile\n|-supereffective|p1a: Weavile\n|-damage|p1a: Weavile|36\/100\n|\n|t:|1700063080\n|switch|p2a: Zeus|Zapdos|100\/100|[from] U-turn\n|move|p1a: Weavile|Beat Up|p2a: Zeus\n|-damage|p2a: Zeus|93\/100\n|-damage|p2a: Zeus|85\/100\n|-damage|p2a: Zeus|77\/100\n|-damage|p2a: Zeus|69\/100\n|-damage|p2a: Zeus|61\/100\n|-damage|p2a: Zeus|56\/100\n|-hitcount|p2a: Zeus|6\n|\n|upkeep\n|turn|2\n|\n|t:|1700063084\n|move|p1a: Weavile|Icicle Crash|p2a: Zeus\n|-supereffective|p2a: Zeus\n|-damage|p2a: Zeus|0 fnt\n|faint|p2a: Zeus\n|\n|upkeep\n|\n|t:|1700063086\n|switch|p2a: Toothless|Dragapult, M|100\/100\n|turn|3\n|\n|t:|1700063095\n|switch|p1a: Kingambit|Kingambit, M|100\/100\n|move|p2a: Toothless|U-turn|p1a: Kingambit\n|-damage|p1a: Kingambit|85\/100\n|\n|t:|1700063098\n|switch|p2a: Amaterasu|Iron Moth|100\/100|[from] U-turn\n|\n|upkeep\n|turn|4\n|\n|t:|1700063104\n|-end|p1a: Kingambit|fallenundefined|[silent]\n|switch|p1a: Iron Moth|Iron Moth|100\/100\n|-enditem|p1a: Iron Moth|Booster Energy\n|-activate|p1a: Iron Moth|ability: Quark Drive|[fromitem]\n|-start|p1a: Iron Moth|quarkdrivespe\n|move|p2a: Amaterasu|Flamethrower|p1a: Iron Moth\n|-resisted|p1a: Iron Moth\n|-damage|p1a: Iron Moth|75\/100\n|\n|upkeep\n|turn|5\n|\n|t:|1700063111\n|-end|p2a: Amaterasu|Quark Drive|[silent]\n|switch|p2a: Clicker|Ting-Lu|100\/100\n|-ability|p2a: Clicker|Vessel of Ruin\n|move|p1a: Iron Moth|Fiery Dance|p2a: Clicker\n|-damage|p2a: Clicker|82\/100\n|\n|-heal|p2a: Clicker|89\/100|[from] item: Leftovers\n|upkeep\n|turn|6\n|\n|t:|1700063114\n|-end|p1a: Iron Moth|Quark Drive|[silent]\n|switch|p1a: Rillaboom|Rillaboom, M|100\/100\n|-fieldstart|move: Grassy Terrain|[from] ability: Grassy Surge|[of] p1a: Rillaboom\n|move|p2a: Clicker|Stealth Rock|p1a: Rillaboom\n|-sidestart|p1: Milkylex|move: Stealth Rock\n|\n|-heal|p2a: Clicker|95\/100|[from] Grassy Terrain\n|-heal|p2a: Clicker|100\/100|[from] item: Leftovers\n|upkeep\n|turn|7\n|\n|t:|1700063122\n|switch|p2a: Amaterasu|Iron Moth|100\/100\n|move|p1a: Rillaboom|Wood Hammer|p2a: Amaterasu\n|-resisted|p2a: Amaterasu\n|-damage|p2a: Amaterasu|63\/100\n|-damage|p1a: Rillaboom|91\/100|[from] Recoil\n|\n|-heal|p2a: Amaterasu|69\/100|[from] Grassy Terrain\n|-heal|p1a: Rillaboom|97\/100|[from] Grassy Terrain\n|upkeep\n|turn|8\n|\n|t:|1700063134\n|switch|p1a: Manaphy|Manaphy|100\/100\n|-damage|p1a: Manaphy|88\/100|[from] Stealth Rock\n|move|p2a: Amaterasu|Sludge Wave|p1a: Manaphy\n|-damage|p1a: Manaphy|33\/100\n|\n|-heal|p2a: Amaterasu|75\/100|[from] Grassy Terrain\n|-heal|p1a: Manaphy|39\/100|[from] Grassy Terrain\n|-heal|p1a: Manaphy|45\/100|[from] item: Leftovers\n|upkeep\n|turn|9\n|\n|t:|1700063140\n|move|p2a: Amaterasu|Sludge Wave|p1a: Manaphy\n|-crit|p1a: Manaphy\n|-damage|p1a: Manaphy|0 fnt\n|faint|p1a: Manaphy\n|\n|-heal|p2a: Amaterasu|81\/100|[from] Grassy Terrain\n|upkeep\n|\n|t:|1700063145\n|switch|p1a: Iron Moth|Iron Moth|75\/100\n|-damage|p1a: Iron Moth|50\/100|[from] Stealth Rock\n|turn|10\n|\n|t:|1700063149\n|-end|p2a: Amaterasu|Quark Drive|[silent]\n|switch|p2a: Clicker|Ting-Lu|100\/100\n|-ability|p2a: Clicker|Vessel of Ruin\n|move|p1a: Iron Moth|Energy Ball|p2a: Clicker\n|-supereffective|p2a: Clicker\n|-damage|p2a: Clicker|67\/100\n|\n|-heal|p1a: Iron Moth|56\/100|[from] Grassy Terrain\n|-heal|p2a: Clicker|73\/100|[from] Grassy Terrain\n|-heal|p2a: Clicker|79\/100|[from] item: Leftovers\n|upkeep\n|turn|11\n|\n|t:|1700063159\n|-end|p1a: Iron Moth|Quark Drive|[silent]\n|switch|p1a: Rillaboom|Rillaboom, M|97\/100\n|-damage|p1a: Rillaboom|85\/100|[from] Stealth Rock\n|move|p2a: Clicker|Earthquake|p1a: Rillaboom\n|-resisted|p1a: Rillaboom\n|-damage|p1a: Rillaboom|76\/100\n|\n|-heal|p1a: Rillaboom|82\/100|[from] Grassy Terrain\n|-heal|p2a: Clicker|86\/100|[from] Grassy Terrain\n|-heal|p2a: Clicker|92\/100|[from] item: Leftovers\n|upkeep\n|turn|12\n|\n|t:|1700063162\n|switch|p2a: Amaterasu|Iron Moth|81\/100\n|move|p1a: Rillaboom|U-turn|p2a: Amaterasu\n|-resisted|p2a: Amaterasu\n|-damage|p2a: Amaterasu|71\/100\n|\n|t:|1700063170\n|switch|p1a: Weavile|Weavile, M|36\/100|[from] U-turn\n|-ability|p1a: Weavile|Pressure\n|\n|-heal|p1a: Weavile|42\/100|[from] Grassy Terrain\n|-heal|p2a: Amaterasu|77\/100|[from] Grassy Terrain\n|upkeep\n|turn|13\n|\n|t:|1700063175\n|move|p1a: Weavile|Beat Up|p2a: Amaterasu\n|-damage|p2a: Amaterasu|62\/100\n|-damage|p2a: Amaterasu|47\/100\n|-damage|p2a: Amaterasu|36\/100\n|-damage|p2a: Amaterasu|22\/100\n|-damage|p2a: Amaterasu|7\/100\n|-hitcount|p2a: Amaterasu|5\n|move|p2a: Amaterasu|Flamethrower|p1a: Weavile\n|-supereffective|p1a: Weavile\n|-damage|p1a: Weavile|0 fnt\n|faint|p1a: Weavile\n|\n|-heal|p2a: Amaterasu|13\/100|[from] Grassy Terrain\n|-fieldend|move: Grassy Terrain\n|upkeep\n|\n|t:|1700063201\n|switch|p1a: Rillaboom|Rillaboom, M|82\/100\n|-damage|p1a: Rillaboom|70\/100|[from] Stealth Rock\n|-fieldstart|move: Grassy Terrain|[from] ability: Grassy Surge|[of] p1a: Rillaboom\n|turn|14\n|\n|t:|1700063207\n|-end|p2a: Amaterasu|Quark Drive|[silent]\n|switch|p2a: Toothless|Dragapult, M|100\/100\n|move|p1a: Rillaboom|Grassy Glide|p2a: Toothless\n|-resisted|p2a: Toothless\n|-damage|p2a: Toothless|70\/100\n|\n|-heal|p2a: Toothless|76\/100|[from] Grassy Terrain\n|-heal|p1a: Rillaboom|76\/100|[from] Grassy Terrain\n|upkeep\n|turn|15\n|\n|t:|1700063211\n|move|p2a: Toothless|U-turn|p1a: Rillaboom\n|-supereffective|p1a: Rillaboom\n|-damage|p1a: Rillaboom|38\/100\n|\n|t:|1700063216\n|switch|p2a: Amaterasu|Iron Moth|13\/100|[from] U-turn\n|move|p1a: Rillaboom|Knock Off|p2a: Amaterasu\n|-damage|p2a: Amaterasu|0 fnt\n|-enditem|p2a: Amaterasu|Heavy-Duty Boots|[from] move: Knock Off|[of] p1a: Rillaboom\n|faint|p2a: Amaterasu\n|-end|p2a: Amaterasu|Quark Drive|[silent]\n|\n|-heal|p1a: Rillaboom|44\/100|[from] Grassy Terrain\n|upkeep\n|\n|t:|1700063219\n|switch|p2a: Toothless|Dragapult, M|76\/100\n|turn|16\n|\n|t:|1700063226\n|switch|p1a: Iron Moth|Iron Moth|56\/100\n|-damage|p1a: Iron Moth|31\/100|[from] Stealth Rock\n|move|p2a: Toothless|Dragon Darts|p1a: Iron Moth\n|-damage|p1a: Iron Moth|0 fnt\n|faint|p1a: Iron Moth\n|-end|p1a: Iron Moth|Quark Drive|[silent]\n|\n|-heal|p2a: Toothless|82\/100|[from] Grassy Terrain\n|upkeep\n|\n|t:|1700063268\n|switch|p1a: Sneasler|Sneasler, F|100\/100\n|-damage|p1a: Sneasler|95\/100|[from] Stealth Rock\n|-enditem|p1a: Sneasler|Grassy Seed\n|-boost|p1a: Sneasler|def|1|[from] item: Grassy Seed\n|turn|17\n|\n|t:|1700063275\n|move|p1a: Sneasler|Swords Dance|p1a: Sneasler\n|-boost|p1a: Sneasler|atk|2\n|move|p2a: Toothless|Thunder Wave|p1a: Sneasler\n|-status|p1a: Sneasler|par\n|\n|-heal|p2a: Toothless|88\/100|[from] Grassy Terrain\n|-heal|p1a: Sneasler|100\/100 par|[from] Grassy Terrain\n|upkeep\n|turn|18\n|j| lgang007\n|l| lgang007\n|\n|t:|1700063280\n|switch|p2a: Clicker|Ting-Lu|92\/100\n|-ability|p2a: Clicker|Vessel of Ruin\n|move|p1a: Sneasler|Acrobatics|p2a: Clicker\n|-damage|p2a: Clicker|48\/100\n|\n|-heal|p2a: Clicker|55\/100|[from] Grassy Terrain\n|-heal|p2a: Clicker|61\/100|[from] item: Leftovers\n|upkeep\n|turn|19\n|\n|t:|1700063284\n|-terastallize|p2a: Clicker|Poison\n|move|p1a: Sneasler|Close Combat|p2a: Clicker\n|-resisted|p2a: Clicker\n|-damage|p2a: Clicker|25\/100\n|-unboost|p1a: Sneasler|def|1\n|-unboost|p1a: Sneasler|spd|1\n|move|p2a: Clicker|Whirlwind|p1a: Sneasler\n|drag|p1a: Rillaboom|Rillaboom, M|44\/100\n|-damage|p1a: Rillaboom|32\/100|[from] Stealth Rock\n|\n|-heal|p1a: Rillaboom|38\/100|[from] Grassy Terrain\n|-heal|p2a: Clicker|31\/100|[from] Grassy Terrain\n|-heal|p2a: Clicker|37\/100|[from] item: Leftovers\n|upkeep\n|turn|20\n|\n|t:|1700063294\n|move|p1a: Rillaboom|Wood Hammer|p2a: Clicker\n|-resisted|p2a: Clicker\n|-damage|p2a: Clicker|13\/100\n|-damage|p1a: Rillaboom|27\/100|[from] Recoil\n|move|p2a: Clicker|Ruination|p1a: Rillaboom\n|-damage|p1a: Rillaboom|14\/100\n|\n|-heal|p1a: Rillaboom|20\/100|[from] Grassy Terrain\n|-heal|p2a: Clicker|19\/100|[from] Grassy Terrain\n|-heal|p2a: Clicker|25\/100|[from] item: Leftovers\n|upkeep\n|turn|21\n|\n|t:|1700063299\n|move|p1a: Rillaboom|Knock Off|p2a: Clicker\n|-damage|p2a: Clicker|5\/100\n|-enditem|p2a: Clicker|Leftovers|[from] move: Knock Off|[of] p1a: Rillaboom\n|move|p2a: Clicker|Earthquake|p1a: Rillaboom\n|-resisted|p1a: Rillaboom\n|-damage|p1a: Rillaboom|12\/100\n|\n|-heal|p1a: Rillaboom|18\/100|[from] Grassy Terrain\n|-heal|p2a: Clicker|11\/100|[from] Grassy Terrain\n|-fieldend|move: Grassy Terrain\n|upkeep\n|turn|22\n|\n|t:|1700063303\n|move|p1a: Rillaboom|Knock Off|p2a: Clicker\n|-damage|p2a: Clicker|0 fnt\n|faint|p2a: Clicker\n|\n|upkeep\n|\n|t:|1700063307\n|switch|p2a: Katara|Ogerpon-Wellspring, F|100\/100\n|turn|23\n|\n|t:|1700063310\n|move|p2a: Katara|Ivy Cudgel|p1a: Rillaboom|[anim] Ivy Cudgel Water\n|-resisted|p1a: Rillaboom\n|-damage|p1a: Rillaboom|0 fnt\n|faint|p1a: Rillaboom\n|\n|upkeep\n|\n|t:|1700063314\n|switch|p1a: Sneasler|Sneasler, F|100\/100 par\n|-damage|p1a: Sneasler|95\/100 par|[from] Stealth Rock\n|turn|24\n|\n|t:|1700063317\n|move|p2a: Katara|Ivy Cudgel|p1a: Sneasler|[anim] Ivy Cudgel Water\n|-damage|p1a: Sneasler|1\/100 par\n|cant|p1a: Sneasler|par\n|\n|upkeep\n|turn|25\n|-message|Milkylex forfeited.\n|\n|win|Steez Ibanez\n|raw|Milkylex's rating: 1644 &rarr; <strong>1632<\/strong><br \/>(-12 for losing)\n|raw|Steez Ibanez's rating: 1789 &rarr; <strong>1801<\/strong><br \/>(+12 for winning)\n|l|\u2606Milkylex\n","uploadtime":1700063328,"views":14,"p1id":"milkylex","p2id":"steezibanez","formatid":"gen9ou","rating":1632,"private":0,"password":""}