{"id":"gen9ou-1996334829","p1":"Winterchillz","p2":"fmfnr","format":"[Gen 9] OU","log":"|j|\u2606Winterchillz\n|j|\u2606fmfnr\n|t:|1700672221\n|gametype|singles\n|player|p1|Winterchillz|teacher|1465\n|player|p2|fmfnr|hilbert|1481\n|teamsize|p1|6\n|teamsize|p2|6\n|gen|9\n|tier|[Gen 9] OU\n|rated|\n|rule|Sleep Clause Mod: Limit one foe put to sleep\n|rule|Species Clause: Limit one of each Pok\u00e9mon\n|rule|OHKO Clause: OHKO moves are banned\n|rule|Evasion Items Clause: Evasion items are banned\n|rule|Evasion Moves Clause: Evasion moves are banned\n|rule|Endless Battle Clause: Forcing endless battles is banned\n|rule|HP Percentage Mod: HP is shown in percentages\n|clearpoke\n|poke|p1|Garganacl, M|\n|poke|p1|Great Tusk|\n|poke|p1|Gholdengo|\n|poke|p1|Iron Valiant|\n|poke|p1|Dragonite, F|\n|poke|p1|Zapdos|\n|poke|p2|Weavile, F|\n|poke|p2|Landorus-Therian, M|\n|poke|p2|Iron Valiant|\n|poke|p2|Skeledirge, M|\n|poke|p2|Toxapex, F|\n|poke|p2|Goodra-Hisui, F|\n|teampreview\n|\n|t:|1700672237\n|start\n|switch|p1a: Zapdos|Zapdos|100\/100\n|switch|p2a: Landorus|Landorus-Therian, M|100\/100\n|-ability|p2a: Landorus|Intimidate|boost\n|-unboost|p1a: Zapdos|atk|1\n|turn|1\n|\n|t:|1700672246\n|move|p2a: Landorus|Smack Down|p1a: Zapdos\n|-supereffective|p1a: Zapdos\n|-damage|p1a: Zapdos|62\/100\n|-start|p1a: Zapdos|Smack Down\n|move|p1a: Zapdos|Hurricane|p2a: Landorus\n|-damage|p2a: Landorus|37\/100\n|-start|p2a: Landorus|confusion\n|-enditem|p2a: Landorus|Sitrus Berry|[eat]\n|-heal|p2a: Landorus|62\/100|[from] item: Sitrus Berry\n|\n|upkeep\n|turn|2\n|\n|t:|1700672254\n|switch|p1a: Great Tusk|Great Tusk|100\/100\n|-activate|p2a: Landorus|confusion\n|move|p2a: Landorus|Earthquake|p1a: Great Tusk\n|-damage|p1a: Great Tusk|58\/100\n|\n|upkeep\n|turn|3\n|\n|t:|1700672262\n|-activate|p2a: Landorus|confusion\n|move|p2a: Landorus|U-turn|p1a: Great Tusk\n|-resisted|p1a: Great Tusk\n|-damage|p1a: Great Tusk|48\/100\n|\n|t:|1700672270\n|switch|p2a: Weavile|Weavile, F|100\/100|[from] U-turn\n|-ability|p2a: Weavile|Pressure\n|move|p1a: Great Tusk|Stealth Rock|p2a: Weavile\n|-sidestart|p2: fmfnr|move: Stealth Rock\n|\n|upkeep\n|turn|4\n|\n|t:|1700672282\n|move|p2a: Weavile|Icicle Crash|p1a: Great Tusk\n|-supereffective|p1a: Great Tusk\n|-damage|p1a: Great Tusk|0 fnt\n|faint|p1a: Great Tusk\n|-end|p1a: Great Tusk|Protosynthesis|[silent]\n|\n|upkeep\n|\n|t:|1700672284\n|switch|p1a: Garganacl|Garganacl, M|100\/100\n|turn|5\n|\n|t:|1700672303\n|switch|p2a: Iron Valiant|Iron Valiant|100\/100\n|-damage|p2a: Iron Valiant|94\/100|[from] Stealth Rock\n|move|p1a: Garganacl|Salt Cure|p2a: Iron Valiant\n|-resisted|p2a: Iron Valiant\n|-damage|p2a: Iron Valiant|85\/100\n|-start|p2a: Iron Valiant|Salt Cure\n|\n|-damage|p2a: Iron Valiant|72\/100|[from] Salt Cure\n|upkeep\n|turn|6\n|\n|t:|1700672310\n|switch|p1a: Zapdos|Zapdos|62\/100\n|move|p2a: Iron Valiant|Aura Sphere|p1a: Zapdos\n|-resisted|p1a: Zapdos\n|-damage|p1a: Zapdos|46\/100\n|-damage|p2a: Iron Valiant|62\/100|[from] item: Life Orb\n|\n|-damage|p2a: Iron Valiant|50\/100|[from] Salt Cure\n|upkeep\n|turn|7\n|\n|t:|1700672318\n|move|p2a: Iron Valiant|Moonblast|p1a: Zapdos\n|-damage|p1a: Zapdos|5\/100\n|-damage|p2a: Iron Valiant|40\/100|[from] item: Life Orb\n|move|p1a: Zapdos|Roost|p1a: Zapdos\n|-heal|p1a: Zapdos|55\/100\n|-singleturn|p1a: Zapdos|move: Roost\n|\n|-damage|p2a: Iron Valiant|28\/100|[from] Salt Cure\n|upkeep\n|turn|8\n|\n|t:|1700672326\n|-end|p2a: Iron Valiant|Quark Drive|[silent]\n|switch|p2a: Goodra|Goodra-Hisui, F|100\/100\n|-damage|p2a: Goodra|94\/100|[from] Stealth Rock\n|move|p1a: Zapdos|Roost|p1a: Zapdos\n|-heal|p1a: Zapdos|100\/100\n|-singleturn|p1a: Zapdos|move: Roost\n|\n|upkeep\n|turn|9\n|\n|t:|1700672339\n|move|p1a: Zapdos|Heat Wave|p2a: Goodra\n|-damage|p2a: Goodra|83\/100\n|move|p2a: Goodra|Dragon Tail|p1a: Zapdos\n|-damage|p1a: Zapdos|79\/100\n|-status|p2a: Goodra|par|[from] ability: Static|[of] p1a: Zapdos\n|drag|p1a: Iron Valiant|Iron Valiant|100\/100\n|\n|upkeep\n|turn|10\n|\n|t:|1700672346\n|move|p1a: Iron Valiant|Close Combat|p2a: Goodra\n|-supereffective|p2a: Goodra\n|-damage|p2a: Goodra|18\/100 par\n|-unboost|p1a: Iron Valiant|def|1\n|-unboost|p1a: Iron Valiant|spd|1\n|-ability|p2a: Goodra|Gooey\n|-unboost|p1a: Iron Valiant|spe|1\n|move|p2a: Goodra|Flash Cannon|p1a: Iron Valiant\n|-supereffective|p1a: Iron Valiant\n|-damage|p1a: Iron Valiant|0 fnt\n|faint|p1a: Iron Valiant\n|-end|p1a: Iron Valiant|Quark Drive|[silent]\n|\n|upkeep\n|\n|t:|1700672352\n|switch|p1a: Garganacl|Garganacl, M|100\/100\n|turn|11\n|\n|t:|1700672367\n|move|p1a: Garganacl|Curse|p1a: Garganacl\n|-unboost|p1a: Garganacl|spe|1\n|-boost|p1a: Garganacl|atk|1\n|-boost|p1a: Garganacl|def|1\n|move|p2a: Goodra|Flash Cannon|p1a: Garganacl\n|-supereffective|p1a: Garganacl\n|-damage|p1a: Garganacl|47\/100\n|\n|-heal|p1a: Garganacl|53\/100|[from] item: Leftovers\n|upkeep\n|turn|12\n|\n|t:|1700672376\n|-terastallize|p1a: Garganacl|Water\n|move|p1a: Garganacl|Recover|p1a: Garganacl\n|-heal|p1a: Garganacl|100\/100\n|move|p2a: Goodra|Flash Cannon|p1a: Garganacl\n|-resisted|p1a: Garganacl\n|-damage|p1a: Garganacl|89\/100\n|\n|-heal|p1a: Garganacl|95\/100|[from] item: Leftovers\n|upkeep\n|turn|13\n|\n|t:|1700672382\n|move|p1a: Garganacl|Curse|p1a: Garganacl\n|-unboost|p1a: Garganacl|spe|1\n|-boost|p1a: Garganacl|atk|1\n|-boost|p1a: Garganacl|def|1\n|move|p2a: Goodra|Dragon Tail|p1a: Garganacl\n|-damage|p1a: Garganacl|89\/100\n|drag|p1a: Zapdos|Zapdos|79\/100\n|\n|upkeep\n|turn|14\n|\n|t:|1700672390\n|switch|p1a: Garganacl|Garganacl, M, tera:Water|89\/100\n|cant|p2a: Goodra|par\n|\n|-heal|p1a: Garganacl|95\/100|[from] item: Leftovers\n|upkeep\n|turn|15\n|\n|t:|1700672395\n|move|p1a: Garganacl|Curse|p1a: Garganacl\n|-unboost|p1a: Garganacl|spe|1\n|-boost|p1a: Garganacl|atk|1\n|-boost|p1a: Garganacl|def|1\n|move|p2a: Goodra|Body Press|p1a: Garganacl\n|-damage|p1a: Garganacl|86\/100\n|\n|-heal|p1a: Garganacl|93\/100|[from] item: Leftovers\n|upkeep\n|turn|16\n|\n|t:|1700672400\n|move|p1a: Garganacl|Earthquake|p2a: Goodra\n|-supereffective|p2a: Goodra\n|-damage|p2a: Goodra|0 fnt\n|faint|p2a: Goodra\n|\n|-heal|p1a: Garganacl|99\/100|[from] item: Leftovers\n|upkeep\n|\n|t:|1700672406\n|switch|p2a: Iron Valiant|Iron Valiant|28\/100\n|-damage|p2a: Iron Valiant|22\/100|[from] Stealth Rock\n|turn|17\n|inactive|Battle timer is ON: inactive players will automatically lose when time's up. (requested by Winterchillz)\n|\n|t:|1700672411\n|move|p2a: Iron Valiant|Thunderbolt|p1a: Garganacl\n|-supereffective|p1a: Garganacl\n|-damage|p1a: Garganacl|39\/100\n|-damage|p2a: Iron Valiant|12\/100|[from] item: Life Orb\n|move|p1a: Garganacl|Earthquake|p2a: Iron Valiant\n|-damage|p2a: Iron Valiant|0 fnt\n|faint|p2a: Iron Valiant\n|-end|p2a: Iron Valiant|Quark Drive|[silent]\n|\n|-heal|p1a: Garganacl|45\/100|[from] item: Leftovers\n|upkeep\n|\n|t:|1700672419\n|switch|p2a: Skeledirge|Skeledirge, M|100\/100\n|-damage|p2a: Skeledirge|75\/100|[from] Stealth Rock\n|turn|18\n|\n|t:|1700672423\n|move|p2a: Skeledirge|Shadow Ball|p1a: Garganacl\n|-damage|p1a: Garganacl|28\/100\n|move|p1a: Garganacl|Recover|p1a: Garganacl\n|-heal|p1a: Garganacl|78\/100\n|\n|-heal|p1a: Garganacl|85\/100|[from] item: Leftovers\n|upkeep\n|turn|19\n|\n|t:|1700672431\n|-terastallize|p2a: Skeledirge|Normal\n|move|p2a: Skeledirge|Torch Song|p1a: Garganacl\n|-resisted|p1a: Garganacl\n|-damage|p1a: Garganacl|69\/100\n|-boost|p2a: Skeledirge|spa|1\n|move|p1a: Garganacl|Salt Cure|p2a: Skeledirge\n|-damage|p2a: Skeledirge|64\/100\n|-start|p2a: Skeledirge|Salt Cure\n|\n|-heal|p1a: Garganacl|75\/100|[from] item: Leftovers\n|-damage|p2a: Skeledirge|52\/100|[from] Salt Cure\n|upkeep\n|turn|20\n|\n|t:|1700672445\n|move|p2a: Skeledirge|Torch Song|p1a: Garganacl\n|-resisted|p1a: Garganacl\n|-damage|p1a: Garganacl|49\/100\n|-boost|p2a: Skeledirge|spa|1\n|move|p1a: Garganacl|Earthquake|p2a: Skeledirge\n|-damage|p2a: Skeledirge|31\/100\n|\n|-heal|p1a: Garganacl|55\/100|[from] item: Leftovers\n|-damage|p2a: Skeledirge|19\/100|[from] Salt Cure\n|upkeep\n|turn|21\n|\n|t:|1700672450\n|move|p2a: Skeledirge|Shadow Ball|p1a: Garganacl\n|-damage|p1a: Garganacl|20\/100\n|-unboost|p1a: Garganacl|spd|1\n|move|p1a: Garganacl|Recover|p1a: Garganacl\n|-heal|p1a: Garganacl|70\/100\n|\n|-heal|p1a: Garganacl|76\/100|[from] item: Leftovers\n|-damage|p2a: Skeledirge|6\/100|[from] Salt Cure\n|upkeep\n|turn|22\n|\n|t:|1700672463\n|move|p2a: Skeledirge|Shadow Ball|p1a: Garganacl\n|-damage|p1a: Garganacl|41\/100\n|move|p1a: Garganacl|Recover|p1a: Garganacl\n|-heal|p1a: Garganacl|91\/100\n|\n|-heal|p1a: Garganacl|98\/100|[from] item: Leftovers\n|-damage|p2a: Skeledirge|0 fnt|[from] Salt Cure\n|faint|p2a: Skeledirge\n|upkeep\n|\n|t:|1700672473\n|switch|p2a: Toxapex|Toxapex, F|100\/100\n|-damage|p2a: Toxapex|88\/100|[from] Stealth Rock\n|turn|23\n|\n|t:|1700672477\n|move|p2a: Toxapex|Toxic|p1a: Garganacl\n|-immune|p1a: Garganacl|[from] ability: Purifying Salt\n|move|p1a: Garganacl|Salt Cure|p2a: Toxapex\n|-crit|p2a: Toxapex\n|-damage|p2a: Toxapex|68\/100\n|-start|p2a: Toxapex|Salt Cure\n|\n|-heal|p1a: Garganacl|100\/100|[from] item: Leftovers\n|-damage|p2a: Toxapex|43\/100|[from] Salt Cure\n|upkeep\n|turn|24\n|\n|t:|1700672484\n|move|p2a: Toxapex|Infestation|p1a: Garganacl\n|-damage|p1a: Garganacl|97\/100\n|-activate|p1a: Garganacl|move: Infestation|[of] p2a: Toxapex\n|move|p1a: Garganacl|Curse|p1a: Garganacl\n|-unboost|p1a: Garganacl|spe|1\n|-boost|p1a: Garganacl|atk|1\n|-boost|p1a: Garganacl|def|1\n|\n|-heal|p1a: Garganacl|100\/100|[from] item: Leftovers\n|-damage|p2a: Toxapex|18\/100|[from] Salt Cure\n|-damage|p1a: Garganacl|88\/100|[from] move: Infestation|[partiallytrapped]\n|upkeep\n|turn|25\n|\n|t:|1700672490\n|move|p2a: Toxapex|Haze|p2a: Toxapex\n|-clearallboost\n|move|p1a: Garganacl|Curse|p1a: Garganacl\n|-unboost|p1a: Garganacl|spe|1\n|-boost|p1a: Garganacl|atk|1\n|-boost|p1a: Garganacl|def|1\n|\n|-heal|p1a: Garganacl|94\/100|[from] item: Leftovers\n|-damage|p2a: Toxapex|0 fnt|[from] Salt Cure\n|faint|p2a: Toxapex\n|-end|p1a: Garganacl|Infestation|[partiallytrapped]|[silent]\n|upkeep\n|\n|t:|1700672500\n|switch|p2a: Weavile|Weavile, F|100\/100\n|-damage|p2a: Weavile|76\/100|[from] Stealth Rock\n|-ability|p2a: Weavile|Pressure\n|turn|26\n|\n|t:|1700672506\n|move|p2a: Weavile|Knock Off|p1a: Garganacl\n|-damage|p1a: Garganacl|67\/100\n|-enditem|p1a: Garganacl|Leftovers|[from] move: Knock Off|[of] p2a: Weavile\n|move|p1a: Garganacl|Salt Cure|p2a: Weavile\n|-supereffective|p2a: Weavile\n|-damage|p2a: Weavile|11\/100\n|-start|p2a: Weavile|Salt Cure\n|\n|-damage|p2a: Weavile|0 fnt|[from] Salt Cure\n|faint|p2a: Weavile\n|upkeep\n|\n|t:|1700672513\n|switch|p2a: Landorus|Landorus-Therian, M|62\/100\n|-damage|p2a: Landorus|50\/100|[from] Stealth Rock\n|-ability|p2a: Landorus|Intimidate|boost\n|-unboost|p1a: Garganacl|atk|1\n|turn|27\n|\n|t:|1700672516\n|move|p2a: Landorus|Earthquake|p1a: Garganacl\n|-damage|p1a: Garganacl|46\/100\n|move|p1a: Garganacl|Salt Cure|p2a: Landorus\n|-damage|p2a: Landorus|34\/100\n|-start|p2a: Landorus|Salt Cure\n|\n|-damage|p2a: Landorus|22\/100|[from] Salt Cure\n|upkeep\n|turn|28\n|\n|t:|1700672522\n|move|p2a: Landorus|Earthquake|p1a: Garganacl\n|-damage|p1a: Garganacl|24\/100\n|move|p1a: Garganacl|Recover|p1a: Garganacl\n|-heal|p1a: Garganacl|74\/100\n|\n|-damage|p2a: Landorus|9\/100|[from] Salt Cure\n|upkeep\n|turn|29\n|\n|t:|1700672528\n|move|p2a: Landorus|U-turn|p1a: Garganacl\n|-damage|p1a: Garganacl|63\/100\n|move|p1a: Garganacl|Salt Cure|p2a: Landorus\n|-crit|p2a: Landorus\n|-damage|p2a: Landorus|0 fnt\n|faint|p2a: Landorus\n|\n|win|Winterchillz\n|raw|Winterchillz's rating: 1465 &rarr; <strong>1486<\/strong><br \/>(+21 for winning)\n|raw|fmfnr's rating: 1481 &rarr; <strong>1460<\/strong><br \/>(-21 for losing)\n","uploadtime":1700672533,"views":0,"p1id":"winterchillz","p2id":"fmfnr","formatid":"gen9ou","rating":1460,"private":0,"password":""}