{"id":"gen9ou-1997482652","p1":"josefinad4","p2":"yunagitsubasa","format":"[Gen 9] OU","log":"|j|\u2606josefinad4\n|j|\u2606yunagitsubasa\n|t:|1700813164\n|gametype|singles\n|player|p1|josefinad4|265|1000\n|player|p2|yunagitsubasa|101|1053\n|teamsize|p1|6\n|teamsize|p2|6\n|gen|9\n|tier|[Gen 9] OU\n|rated|\n|rule|Sleep Clause Mod: Limit one foe put to sleep\n|rule|Species Clause: Limit one of each Pok\u00e9mon\n|rule|OHKO Clause: OHKO moves are banned\n|rule|Evasion Items Clause: Evasion items are banned\n|rule|Evasion Moves Clause: Evasion moves are banned\n|rule|Endless Battle Clause: Forcing endless battles is banned\n|rule|HP Percentage Mod: HP is shown in percentages\n|clearpoke\n|poke|p1|Kingambit, M|\n|poke|p1|Dragapult, M|\n|poke|p1|Mimikyu, F|\n|poke|p1|Glimmora, M|\n|poke|p1|Ogerpon-Wellspring, F|\n|poke|p1|Ampharos, F|\n|poke|p2|Lucario, F|\n|poke|p2|Garchomp, M|\n|poke|p2|Gastrodon, M|\n|poke|p2|Breloom, F|\n|poke|p2|Rotom-Wash|\n|poke|p2|Landorus-Therian, M|\n|teampreview\n|\n|t:|1700813192\n|start\n|switch|p1a: Glimmora|Glimmora, M|100\/100\n|switch|p2a: Breloom|Breloom, F, shiny|100\/100\n|turn|1\n|\n|t:|1700813215\n|move|p2a: Breloom|Spore|p1a: Glimmora\n|-status|p1a: Glimmora|slp|[from] move: Spore\n|cant|p1a: Glimmora|slp\n|\n|upkeep\n|turn|2\n|\n|t:|1700813251\n|move|p2a: Breloom|Mach Punch|p1a: Glimmora\n|-damage|p1a: Glimmora|62\/100 slp\n|-activate|p1a: Glimmora|ability: Toxic Debris\n|-sidestart|p2: yunagitsubasa|move: Toxic Spikes\n|-curestatus|p1a: Glimmora|slp|[msg]\n|move|p1a: Glimmora|Gunk Shot|p2a: Breloom\n|-supereffective|p2a: Breloom\n|-enditem|p2a: Breloom|Focus Sash\n|-damage|p2a: Breloom|1\/100\n|\n|upkeep\n|turn|3\n|\n|t:|1700813268\n|move|p2a: Breloom|Spore|p1a: Glimmora\n|-status|p1a: Glimmora|slp|[from] move: Spore\n|cant|p1a: Glimmora|slp\n|\n|upkeep\n|turn|4\n|\n|t:|1700813276\n|move|p2a: Breloom|Mach Punch|p1a: Glimmora\n|-damage|p1a: Glimmora|28\/100 slp\n|-activate|p1a: Glimmora|ability: Toxic Debris\n|-sidestart|p2: yunagitsubasa|move: Toxic Spikes\n|cant|p1a: Glimmora|slp\n|\n|upkeep\n|turn|5\n|\n|t:|1700813292\n|switch|p1a: Ampharos|Ampharos, F|100\/100\n|move|p2a: Breloom|Mach Punch|p1a: Ampharos\n|-damage|p1a: Ampharos|63\/100\n|-damage|p2a: Breloom|0 fnt|[from] item: Rocky Helmet|[of] p1a: Ampharos\n|faint|p2a: Breloom\n|\n|upkeep\n|\n|t:|1700813306\n|switch|p2a: Gastrodon|Gastrodon, M|100\/100\n|-status|p2a: Gastrodon|tox\n|turn|6\n|\n|t:|1700813319\n|switch|p1a: Mimikyu|Mimikyu, F|100\/100\n|move|p2a: Gastrodon|Earth Power|p1a: Mimikyu\n|-activate|p1a: Mimikyu|ability: Disguise\n|-damage|p1a: Mimikyu|100\/100\n|detailschange|p1a: Mimikyu|Mimikyu-Busted, F\n|-damage|p1a: Mimikyu|88\/100|[from] pokemon: Mimikyu-Busted\n|\n|-damage|p2a: Gastrodon|94\/100 tox|[from] psn\n|upkeep\n|turn|7\n|\n|t:|1700813332\n|move|p1a: Mimikyu|Destiny Bond|p1a: Mimikyu\n|-singlemove|p1a: Mimikyu|Destiny Bond\n|move|p2a: Gastrodon|Earth Power|p1a: Mimikyu\n|-crit|p1a: Mimikyu\n|-damage|p1a: Mimikyu|27\/100\n|\n|-heal|p2a: Gastrodon|100\/100 tox|[from] item: Leftovers\n|-damage|p2a: Gastrodon|88\/100 tox|[from] psn\n|upkeep\n|turn|8\n|\n|t:|1700813347\n|move|p1a: Mimikyu|Play Rough|p2a: Gastrodon\n|-damage|p2a: Gastrodon|62\/100 tox\n|move|p2a: Gastrodon|Recover|p2a: Gastrodon\n|-heal|p2a: Gastrodon|100\/100 tox\n|\n|-damage|p2a: Gastrodon|82\/100 tox|[from] psn\n|upkeep\n|turn|9\n|\n|t:|1700813360\n|move|p1a: Mimikyu|Taunt|p2a: Gastrodon\n|-start|p2a: Gastrodon|move: Taunt\n|cant|p2a: Gastrodon|move: Taunt|Yawn\n|\n|-heal|p2a: Gastrodon|88\/100 tox|[from] item: Leftovers\n|-damage|p2a: Gastrodon|64\/100 tox|[from] psn\n|upkeep\n|turn|10\n|\n|t:|1700813370\n|move|p1a: Mimikyu|Play Rough|p2a: Gastrodon\n|-damage|p2a: Gastrodon|40\/100 tox\n|move|p2a: Gastrodon|Earth Power|p1a: Mimikyu\n|-damage|p1a: Mimikyu|0 fnt\n|faint|p1a: Mimikyu\n|\n|-heal|p2a: Gastrodon|46\/100 tox|[from] item: Leftovers\n|-damage|p2a: Gastrodon|15\/100 tox|[from] psn\n|upkeep\n|\n|t:|1700813380\n|switch|p1a: Ogerpon|Ogerpon-Wellspring, F|100\/100\n|turn|11\n|\n|t:|1700813393\n|move|p1a: Ogerpon|Power Whip|p2a: Gastrodon\n|-supereffective|p2a: Gastrodon\n|-damage|p2a: Gastrodon|0 fnt\n|faint|p2a: Gastrodon\n|\n|upkeep\n|\n|t:|1700813418\n|switch|p2a: Lucario|Lucario, F|100\/100\n|turn|12\n|\n|t:|1700813428\n|move|p1a: Ogerpon|Spiky Shield|p1a: Ogerpon\n|-singleturn|p1a: Ogerpon|move: Protect\n|move|p2a: Lucario|Aura Sphere|p1a: Ogerpon\n|-activate|p1a: Ogerpon|move: Protect\n|\n|upkeep\n|turn|13\n|c|\u2606josefinad4|just wanted to say this is a great battle! great way to end thanksgiving\n|\n|t:|1700813459\n|move|p2a: Lucario|Aura Sphere|p1a: Ogerpon\n|-damage|p1a: Ogerpon|45\/100\n|move|p1a: Ogerpon|Leaf Storm|p2a: Lucario\n|-resisted|p2a: Lucario\n|-damage|p2a: Lucario|67\/100\n|-unboost|p1a: Ogerpon|spa|2\n|\n|upkeep\n|turn|14\n|\n|t:|1700813467\n|move|p1a: Ogerpon|Spiky Shield|p1a: Ogerpon\n|-singleturn|p1a: Ogerpon|move: Protect\n|move|p2a: Lucario|Aura Sphere|p1a: Ogerpon\n|-activate|p1a: Ogerpon|move: Protect\n|\n|upkeep\n|turn|15\n|\n|t:|1700813473\n|move|p2a: Lucario|Aura Sphere|p1a: Ogerpon\n|-damage|p1a: Ogerpon|0 fnt\n|faint|p1a: Ogerpon\n|\n|upkeep\n|\n|t:|1700813478\n|switch|p1a: Dragapult|Dragapult, M|100\/100\n|turn|16\n|\n|t:|1700813489\n|switch|p2a: Rotom|Rotom-Wash|100\/100\n|move|p1a: Dragapult|Agility|p1a: Dragapult\n|-boost|p1a: Dragapult|spe|2\n|\n|upkeep\n|turn|17\n|\n|t:|1700813500\n|move|p1a: Dragapult|Dragon Darts|p2a: Rotom\n|-damage|p2a: Rotom|67\/100\n|-anim|p1a: Dragapult|Dragon Darts|p2a: Rotom\n|-damage|p2a: Rotom|36\/100\n|move|p2a: Rotom|Volt Switch|p1a: Dragapult\n|-resisted|p1a: Dragapult\n|-damage|p1a: Dragapult|80\/100\n|-start|p2a: Rotom|Disable|Volt Switch|[from] ability: Cursed Body|[of] p1a: Dragapult\n|\n|t:|1700813510\n|switch|p2a: Landorus|Landorus-Therian, M|100\/100|[from] Volt Switch\n|-ability|p2a: Landorus|Intimidate|boost\n|-unboost|p1a: Dragapult|atk|1\n|\n|upkeep\n|turn|18\n|\n|t:|1700813519\n|move|p1a: Dragapult|Hydro Pump|p2a: Landorus|[miss]\n|-miss|p1a: Dragapult|p2a: Landorus\n|move|p2a: Landorus|U-turn|p1a: Dragapult\n|-resisted|p1a: Dragapult\n|-damage|p1a: Dragapult|62\/100\n|\n|t:|1700813524\n|switch|p2a: Rotom|Rotom-Wash|36\/100|[from] U-turn\n|\n|upkeep\n|turn|19\n|\n|t:|1700813529\n|move|p1a: Dragapult|Phantom Force||[still]\n|-prepare|p1a: Dragapult|Phantom Force\n|-enditem|p1a: Dragapult|Power Herb\n|-anim|p1a: Dragapult|Phantom Force|p2a: Rotom\n|-damage|p2a: Rotom|0 fnt\n|faint|p2a: Rotom\n|\n|upkeep\n|\n|t:|1700813536\n|switch|p2a: Lucario|Lucario, F|67\/100\n|turn|20\n|\n|t:|1700813551\n|move|p1a: Dragapult|Phantom Force||[still]\n|-prepare|p1a: Dragapult|Phantom Force\n|move|p2a: Lucario|Dark Pulse|p1a: Dragapult|[miss]\n|-miss|p2a: Lucario|p1a: Dragapult\n|\n|upkeep\n|turn|21\n|\n|t:|1700813563\n|switch|p2a: Landorus|Landorus-Therian, M|100\/100\n|-ability|p2a: Landorus|Intimidate|boost\n|-unboost|p1a: Dragapult|atk|1\n|move|p1a: Dragapult|Phantom Force|p2a: Landorus|[from]lockedmove\n|-damage|p2a: Landorus|77\/100\n|\n|upkeep\n|turn|22\n|\n|t:|1700813576\n|move|p1a: Dragapult|Hydro Pump|p2a: Landorus|[miss]\n|-miss|p1a: Dragapult|p2a: Landorus\n|move|p2a: Landorus|Rock Tomb|p1a: Dragapult\n|-damage|p1a: Dragapult|32\/100\n|-unboost|p1a: Dragapult|spe|1\n|\n|upkeep\n|turn|23\n|\n|t:|1700813593\n|move|p1a: Dragapult|Phantom Force||[still]\n|-prepare|p1a: Dragapult|Phantom Force\n|move|p2a: Landorus|Rock Tomb|p1a: Dragapult|[miss]\n|-miss|p2a: Landorus|p1a: Dragapult\n|\n|upkeep\n|turn|24\n|\n|t:|1700813602\n|move|p1a: Dragapult|Phantom Force|p2a: Landorus|[from]lockedmove\n|-damage|p2a: Landorus|53\/100\n|move|p2a: Landorus|Stealth Rock|p1a: Dragapult\n|-sidestart|p1: josefinad4|move: Stealth Rock\n|\n|upkeep\n|turn|25\n|\n|t:|1700813608\n|move|p1a: Dragapult|Hydro Pump|p2a: Landorus\n|-supereffective|p2a: Landorus\n|-damage|p2a: Landorus|0 fnt\n|faint|p2a: Landorus\n|\n|upkeep\n|\n|t:|1700813614\n|switch|p2a: Lucario|Lucario, F|67\/100\n|turn|26\n|\n|t:|1700813626\n|move|p2a: Lucario|Bullet Punch|p1a: Dragapult\n|-damage|p1a: Dragapult|14\/100\n|move|p1a: Dragapult|Dragon Darts|p2a: Lucario\n|-resisted|p2a: Lucario\n|-damage|p2a: Lucario|57\/100\n|-anim|p1a: Dragapult|Dragon Darts|p2a: Lucario\n|-resisted|p2a: Lucario\n|-damage|p2a: Lucario|45\/100\n|\n|upkeep\n|turn|27\n|\n|t:|1700813634\n|move|p2a: Lucario|Bullet Punch|p1a: Dragapult\n|-damage|p1a: Dragapult|0 fnt\n|-start|p2a: Lucario|Disable|Bullet Punch|[from] ability: Cursed Body|[of] p1a: Dragapult\n|faint|p1a: Dragapult\n|\n|upkeep\n|\n|t:|1700813653\n|switch|p1a: Ampharos|Ampharos, F|63\/100\n|-damage|p1a: Ampharos|51\/100|[from] Stealth Rock\n|turn|28\n|\n|t:|1700813671\n|switch|p2a: Garchomp|Garchomp, M|100\/100\n|-status|p2a: Garchomp|tox\n|move|p1a: Ampharos|Thunder Punch|p2a: Garchomp\n|-immune|p2a: Garchomp\n|\n|-damage|p2a: Garchomp|94\/100 tox|[from] psn\n|upkeep\n|turn|29\n|\n|t:|1700813689\n|switch|p1a: Glimmora|Glimmora, M|28\/100 slp\n|-damage|p1a: Glimmora|16\/100 slp|[from] Stealth Rock\n|-terastallize|p2a: Garchomp|Dragon\n|move|p2a: Garchomp|Dragon Claw|p1a: Glimmora\n|-damage|p1a: Glimmora|0 fnt\n|faint|p1a: Glimmora\n|-damage|p2a: Garchomp|85\/100 tox|[from] item: Life Orb\n|\n|-damage|p2a: Garchomp|72\/100 tox|[from] psn\n|upkeep\n|\n|t:|1700813706\n|switch|p1a: Kingambit|Kingambit, M|100\/100\n|-damage|p1a: Kingambit|94\/100|[from] Stealth Rock\n|-activate|p1a: Kingambit|ability: Supreme Overlord\n|-start|p1a: Kingambit|fallen4|[silent]\n|turn|30\n|\n|t:|1700813722\n|move|p2a: Garchomp|Earthquake|p1a: Kingambit\n|-supereffective|p1a: Kingambit\n|-damage|p1a: Kingambit|0 fnt\n|faint|p1a: Kingambit\n|-end|p1a: Kingambit|fallen4|[silent]\n|-damage|p2a: Garchomp|63\/100 tox|[from] item: Life Orb\n|\n|-damage|p2a: Garchomp|44\/100 tox|[from] psn\n|upkeep\n|\n|t:|1700813725\n|switch|p1a: Ampharos|Ampharos, F|51\/100\n|-damage|p1a: Ampharos|38\/100|[from] Stealth Rock\n|turn|31\n|\n|t:|1700813732\n|move|p2a: Garchomp|Earthquake|p1a: Ampharos\n|-supereffective|p1a: Ampharos\n|-damage|p1a: Ampharos|0 fnt\n|faint|p1a: Ampharos\n|-damage|p2a: Garchomp|34\/100 tox|[from] item: Life Orb\n|\n|win|yunagitsubasa\n|raw|josefinad4's rating: 1000 &rarr; <strong>1000<\/strong><br \/>(+0 for losing)\n|raw|yunagitsubasa's rating: 1053 &rarr; <strong>1080<\/strong><br \/>(+27 for winning)\n|c|\u2606josefinad4|gg dude\n|c|\u2606josefinad4|that was great\n|l|\u2606yunagitsubasa\n","uploadtime":1700813748,"views":2,"p1id":"josefinad4","p2id":"yunagitsubasa","formatid":"gen9ou","rating":1000,"private":0,"password":""}