{"id":"gen9ou-1990968019","p1":"Peratest","p2":"TheGr8est2EverDoIt","format":"[Gen 9] OU","log":"|j|\u2606Peratest\n|j|\u2606TheGr8est2EverDoIt\n|t:|1700021079\n|gametype|singles\n|player|p1|Peratest|linebacker|1575\n|player|p2|TheGr8est2EverDoIt|lucas|1575\n|teamsize|p1|6\n|teamsize|p2|6\n|gen|9\n|tier|[Gen 9] OU\n|rated|\n|rule|Sleep Clause Mod: Limit one foe put to sleep\n|rule|Species Clause: Limit one of each Pok\u00e9mon\n|rule|OHKO Clause: OHKO moves are banned\n|rule|Evasion Items Clause: Evasion items are banned\n|rule|Evasion Moves Clause: Evasion moves are banned\n|rule|Endless Battle Clause: Forcing endless battles is banned\n|rule|HP Percentage Mod: HP is shown in percentages\n|clearpoke\n|poke|p1|Ogerpon, F|\n|poke|p1|Dragonite, M|\n|poke|p1|Iron Valiant|\n|poke|p1|Ursaluna, M|\n|poke|p1|Corviknight, M|\n|poke|p1|Zamazenta-*|\n|poke|p2|Golem-Alola, F|\n|poke|p2|Cinderace, M|\n|poke|p2|Landorus-Therian, M|\n|poke|p2|Ogerpon-Wellspring, F|\n|poke|p2|Kingambit, F|\n|poke|p2|Iron Valiant|\n|teampreview\n|\n|t:|1700021093\n|start\n|switch|p1a: Ogerpon|Ogerpon, F|100\/100\n|switch|p2a: Golem|Golem-Alola, F|100\/100\n|turn|1\n|\n|t:|1700021100\n|switch|p2a: Landorus|Landorus-Therian, M|100\/100\n|-ability|p2a: Landorus|Intimidate|boost\n|-unboost|p1a: Ogerpon|atk|1\n|-ability|p1a: Ogerpon|Defiant|boost\n|-boost|p1a: Ogerpon|atk|2\n|move|p1a: Ogerpon|U-turn|p2a: Landorus\n|-resisted|p2a: Landorus\n|-damage|p2a: Landorus|83\/100\n|-damage|p1a: Ogerpon|84\/100|[from] item: Rocky Helmet|[of] p2a: Landorus\n|\n|t:|1700021110\n|switch|p1a: Corviknight|Corviknight, M, shiny|100\/100|[from] U-turn\n|-ability|p1a: Corviknight|Pressure\n|\n|upkeep\n|turn|2\n|\n|t:|1700021116\n|move|p2a: Landorus|Stealth Rock|p1a: Corviknight\n|-sidestart|p1: Peratest|move: Stealth Rock\n|move|p1a: Corviknight|Brave Bird|p2a: Landorus\n|-damage|p2a: Landorus|59\/100\n|-damage|p1a: Corviknight|84\/100|[from] item: Rocky Helmet|[of] p2a: Landorus\n|-damage|p1a: Corviknight|76\/100|[from] Recoil\n|\n|upkeep\n|turn|3\n|\n|t:|1700021139\n|move|p2a: Landorus|Smack Down|p1a: Corviknight\n|-damage|p1a: Corviknight|67\/100\n|-start|p1a: Corviknight|Smack Down\n|move|p1a: Corviknight|Defog|p2a: Landorus\n|-unboost|p2a: Landorus|evasion|1\n|-sideend|p1: Peratest|Stealth Rock|[from] move: Defog|[of] p1a: Corviknight\n|\n|upkeep\n|turn|4\n|inactive|Battle timer is ON: inactive players will automatically lose when time's up. (requested by Peratest)\n|\n|t:|1700021174\n|switch|p1a: Ursaluna|Ursaluna, M, shiny|100\/100\n|move|p2a: Landorus|Earthquake|p1a: Ursaluna\n|-damage|p1a: Ursaluna|64\/100\n|\n|upkeep\n|turn|5\n|\n|t:|1700021195\n|move|p2a: Landorus|U-turn|p1a: Ursaluna\n|-damage|p1a: Ursaluna|46\/100\n|\n|t:|1700021201\n|switch|p2a: Golem|Golem-Alola, F|100\/100|[from] U-turn\n|move|p1a: Ursaluna|Ice Punch|p2a: Golem\n|-damage|p2a: Golem|73\/100\n|\n|upkeep\n|turn|6\n|\n|t:|1700021209\n|move|p2a: Golem|Earthquake|p1a: Ursaluna\n|-damage|p1a: Ursaluna|4\/100\n|move|p1a: Ursaluna|Drain Punch|p2a: Golem\n|-supereffective|p2a: Golem\n|-damage|p2a: Golem|17\/100\n|-heal|p1a: Ursaluna|25\/100|[from] drain|[of] p2a: Golem\n|\n|upkeep\n|turn|7\n|\n|t:|1700021225\n|switch|p2a: Landorus|Landorus-Therian, M|59\/100\n|-ability|p2a: Landorus|Intimidate|boost\n|-unboost|p1a: Ursaluna|atk|1\n|move|p1a: Ursaluna|Ice Punch|p2a: Landorus\n|-supereffective|p2a: Landorus\n|-damage|p2a: Landorus|0 fnt\n|-damage|p1a: Ursaluna|9\/100|[from] item: Rocky Helmet|[of] p2a: Landorus\n|faint|p2a: Landorus\n|\n|upkeep\n|inactive|TheGr8est2EverDoIt has 120 seconds left.\n|\n|t:|1700021266\n|switch|p2a: Cinderace|Cinderace, M|100\/100\n|turn|8\n|\n|t:|1700021275\n|move|p2a: Cinderace|Pyro Ball|p1a: Ursaluna\n|-immune|p1a: Ursaluna|[from] ability: Bulletproof\n|move|p1a: Ursaluna|Earthquake|p2a: Cinderace\n|-supereffective|p2a: Cinderace\n|-damage|p2a: Cinderace|0 fnt\n|faint|p2a: Cinderace\n|\n|upkeep\n|inactive|TheGr8est2EverDoIt has 120 seconds left.\n|c|\u2606TheGr8est2EverDoIt|ggg\n|c|\u2606TheGr8est2EverDoIt|gg*\n|-message|TheGr8est2EverDoIt forfeited.\n|\n|win|Peratest\n|raw|Peratest's rating: 1575 &rarr; <strong>1594<\/strong><br \/>(+19 for winning)\n|raw|TheGr8est2EverDoIt's rating: 1555 &rarr; <strong>1536<\/strong><br \/>(-19 for losing)\n|l|\u2606TheGr8est2EverDoIt\n|c|\u2606Peratest|Gg\n","uploadtime":1700021322,"views":7,"p1id":"peratest","p2id":"thegr8est2everdoit","formatid":"gen9ou","rating":1536,"private":0,"password":""}