{"id":"gen9ou-1993506040","p1":"MoobSai","p2":"BugCatcherN8R1X","format":"[Gen 9] OU","log":"|j|\u2606MoobSai\n|j|\u2606BugCatcherN8R1X\n|t:|1700325894\n|gametype|singles\n|player|p1|MoobSai|266|1171\n|player|p2|BugCatcherN8R1X|bugcatcher-gen4dp|1142\n|teamsize|p1|6\n|teamsize|p2|6\n|gen|9\n|tier|[Gen 9] OU\n|rated|\n|rule|Sleep Clause Mod: Limit one foe put to sleep\n|rule|Species Clause: Limit one of each Pok\u00e9mon\n|rule|OHKO Clause: OHKO moves are banned\n|rule|Evasion Items Clause: Evasion items are banned\n|rule|Evasion Moves Clause: Evasion moves are banned\n|rule|Endless Battle Clause: Forcing endless battles is banned\n|rule|HP Percentage Mod: HP is shown in percentages\n|clearpoke\n|poke|p1|Diancie|\n|poke|p1|Zoroark-Hisui, F|\n|poke|p1|Goodra-Hisui, M|\n|poke|p1|Kommo-o, M|\n|poke|p1|Iron Valiant|\n|poke|p1|Rillaboom, F|\n|poke|p2|Kleavor, M|\n|poke|p2|Lokix, M|\n|poke|p2|Yanmega, M|\n|poke|p2|Slither Wing|\n|poke|p2|Scizor, M|\n|poke|p2|Frosmoth, M|\n|teampreview\n|inactive|Battle timer is ON: inactive players will automatically lose when time's up. (requested by BugCatcherN8R1X)\n|inactive|BugCatcherN8R1X has 120 seconds left.\n|\n|t:|1700325934\n|start\n|switch|p1a: Diancie|Diancie|100\/100\n|switch|p2a: Hachiman|Kleavor, M|100\/100\n|turn|1\n|\n|t:|1700325955\n|move|p1a: Diancie|Bitter Malice|p2a: Hachiman\n|-damage|p2a: Hachiman|42\/100\n|-unboost|p2a: Hachiman|atk|1\n|move|p2a: Hachiman|Stone Axe|p1a: Diancie\n|-damage|p1a: Diancie|16\/100\n|replace|p1a: Zoroark|Zoroark-Hisui, F, shiny\n|-end|p1a: Zoroark|Illusion\n|-sidestart|p1: MoobSai|move: Stealth Rock\n|\n|upkeep\n|turn|2\n|inactive|BugCatcherN8R1X has 120 seconds left.\n|inactive|BugCatcherN8R1X has 90 seconds left.\n|\n|t:|1700326015\n|move|p1a: Zoroark|Bitter Malice|p2a: Hachiman\n|-damage|p2a: Hachiman|0 fnt\n|faint|p2a: Hachiman\n|\n|upkeep\n|\n|t:|1700326043\n|switch|p2a: Nidhogg|Yanmega, M|100\/100\n|turn|3\n|\n|t:|1700326059\n|switch|p1a: Goodra|Goodra-Hisui, M|100\/100\n|-damage|p1a: Goodra|95\/100|[from] Stealth Rock\n|move|p2a: Nidhogg|Protect||[still]\n|-fail|p2a: Nidhogg\n|\n|-heal|p1a: Goodra|100\/100|[from] item: Leftovers\n|-ability|p2a: Nidhogg|Speed Boost|boost\n|-boost|p2a: Nidhogg|spe|1\n|upkeep\n|turn|4\n|\n|t:|1700326070\n|move|p2a: Nidhogg|Air Slash|p1a: Goodra\n|-resisted|p1a: Goodra\n|-damage|p1a: Goodra|88\/100\n|cant|p1a: Goodra|flinch\n|\n|-heal|p1a: Goodra|94\/100|[from] item: Leftovers\n|-ability|p2a: Nidhogg|Speed Boost|boost\n|-boost|p2a: Nidhogg|spe|1\n|upkeep\n|turn|5\n|\n|t:|1700326081\n|switch|p2a: Apollo|Slither Wing|100\/100\n|move|p1a: Goodra|Ice Spinner|p2a: Apollo\n|-damage|p2a: Apollo|82\/100\n|\n|-heal|p1a: Goodra|99\/100|[from] item: Leftovers\n|upkeep\n|turn|6\n|\n|t:|1700326088\n|move|p2a: Apollo|Flame Charge|p1a: Goodra\n|-damage|p1a: Goodra|83\/100\n|-boost|p2a: Apollo|spe|1\n|-ability|p1a: Goodra|Gooey\n|-unboost|p2a: Apollo|spe|1\n|move|p1a: Goodra|Dragon Tail|p2a: Apollo\n|-crit|p2a: Apollo\n|-damage|p2a: Apollo|51\/100\n|-end|p2a: Apollo|Protosynthesis|[silent]\n|drag|p2a: Boreas|Frosmoth, M|100\/100\n|\n|-heal|p1a: Goodra|89\/100|[from] item: Leftovers\n|upkeep\n|turn|7\n|inactive|BugCatcherN8R1X has 90 seconds left.\n|\n|t:|1700326106\n|move|p2a: Boreas|Ice Beam|p1a: Goodra\n|-damage|p1a: Goodra|62\/100\n|move|p1a: Goodra|Dragon Tail|p2a: Boreas\n|-damage|p2a: Boreas|50\/100\n|drag|p2a: Erebus|Lokix, M|100\/100\n|\n|-heal|p1a: Goodra|68\/100|[from] item: Leftovers\n|upkeep\n|turn|8\n|\n|t:|1700326119\n|move|p2a: Erebus|Axe Kick|p1a: Goodra\n|-supereffective|p1a: Goodra\n|-damage|p1a: Goodra|0 fnt\n|-ability|p1a: Goodra|Gooey\n|-unboost|p2a: Erebus|spe|1\n|faint|p1a: Goodra\n|\n|upkeep\n|\n|t:|1700326137\n|switch|p1a: Diancie|Diancie|100\/100\n|-damage|p1a: Diancie|88\/100|[from] Stealth Rock\n|turn|9\n|inactive|BugCatcherN8R1X has 90 seconds left.\n|\n|t:|1700326157\n|-terastallize|p1a: Diancie|Ghost\n|move|p2a: Erebus|Axe Kick|p1a: Diancie\n|-immune|p1a: Diancie\n|-damage|p2a: Erebus|51\/100|[from] highjumpkick\n|move|p1a: Diancie|Diamond Storm|p2a: Erebus\n|-supereffective|p2a: Erebus\n|-damage|p2a: Erebus|0 fnt\n|-boost|p1a: Diancie|def|2\n|faint|p2a: Erebus\n|\n|-heal|p1a: Diancie|94\/100|[from] item: Leftovers\n|upkeep\n|\n|t:|1700326163\n|switch|p2a: Ares|Scizor, M|100\/100\n|turn|10\n|\n|t:|1700326175\n|-terastallize|p2a: Ares|Water\n|move|p2a: Ares|Swords Dance|p2a: Ares\n|-boost|p2a: Ares|atk|2\n|move|p1a: Diancie|Diamond Storm|p2a: Ares\n|-crit|p2a: Ares\n|-damage|p2a: Ares|45\/100\n|\n|-heal|p1a: Diancie|100\/100|[from] item: Leftovers\n|upkeep\n|turn|11\n|\n|t:|1700326186\n|move|p2a: Ares|Knock Off|p1a: Diancie\n|-supereffective|p1a: Diancie\n|-damage|p1a: Diancie|48\/100\n|-enditem|p1a: Diancie|Leftovers|[from] move: Knock Off|[of] p2a: Ares\n|-heal|p2a: Ares|50\/100|[from] item: Shell Bell|[of] p1a: Diancie\n|move|p1a: Diancie|Draining Kiss|p2a: Ares\n|-damage|p2a: Ares|26\/100\n|-heal|p1a: Diancie|74\/100|[from] drain|[of] p2a: Ares\n|\n|upkeep\n|turn|12\n|inactive|BugCatcherN8R1X has 90 seconds left.\n|\n|t:|1700326208\n|move|p2a: Ares|Bullet Punch|p1a: Diancie\n|-damage|p1a: Diancie|46\/100\n|-heal|p2a: Ares|28\/100|[from] item: Shell Bell|[of] p1a: Diancie\n|move|p1a: Diancie|Draining Kiss|p2a: Ares\n|-damage|p2a: Ares|1\/100\n|-heal|p1a: Diancie|76\/100|[from] drain|[of] p2a: Ares\n|\n|upkeep\n|turn|13\n|\n|t:|1700326236\n|move|p2a: Ares|Knock Off|p1a: Diancie\n|-supereffective|p1a: Diancie\n|-damage|p1a: Diancie|36\/100\n|-heal|p2a: Ares|4\/100|[from] item: Shell Bell|[of] p1a: Diancie\n|move|p1a: Diancie|Diamond Storm|p2a: Ares\n|-damage|p2a: Ares|0 fnt\n|faint|p2a: Ares\n|\n|upkeep\n|inactive|BugCatcherN8R1X has 90 seconds left.\n|\n|t:|1700326254\n|switch|p2a: Nidhogg|Yanmega, M|100\/100\n|turn|14\n|inactive|BugCatcherN8R1X has 90 seconds left.\n|\n|t:|1700326261\n|move|p2a: Nidhogg|Air Slash|p1a: Diancie\n|-damage|p1a: Diancie|0 fnt\n|faint|p1a: Diancie\n|\n|-ability|p2a: Nidhogg|Speed Boost|boost\n|-boost|p2a: Nidhogg|spe|1\n|upkeep\n|inactive|MoobSai has 120 seconds left.\n|\n|t:|1700326302\n|switch|p1a: Rillaboom|Rillaboom, F|16\/100\n|-damage|p1a: Rillaboom|4\/100|[from] Stealth Rock\n|turn|15\n|\n|t:|1700326309\n|move|p2a: Nidhogg|Protect|p2a: Nidhogg\n|-singleturn|p2a: Nidhogg|Protect\n|move|p1a: Rillaboom|Trick|p2a: Nidhogg\n|-activate|p2a: Nidhogg|move: Protect\n|\n|-ability|p2a: Nidhogg|Speed Boost|boost\n|-boost|p2a: Nidhogg|spe|1\n|upkeep\n|turn|16\n|inactive|BugCatcherN8R1X has 90 seconds left.\n|\n|t:|1700326345\n|move|p2a: Nidhogg|Bug Buzz|p1a: Rillaboom\n|-resisted|p1a: Rillaboom\n|-damage|p1a: Rillaboom|0 fnt\n|replace|p1a: Zoroark|Zoroark-Hisui, F, shiny\n|-end|p1a: Zoroark|Illusion\n|faint|p1a: Zoroark\n|-enditem|p2a: Nidhogg|Throat Spray\n|-boost|p2a: Nidhogg|spa|1|[from] item: Throat Spray\n|\n|-ability|p2a: Nidhogg|Speed Boost|boost\n|-boost|p2a: Nidhogg|spe|1\n|upkeep\n|inactive|MoobSai has 120 seconds left.\n|\n|t:|1700326368\n|switch|p1a: Iron Valiant|Iron Valiant, shiny|100\/100\n|-damage|p1a: Iron Valiant|94\/100|[from] Stealth Rock\n|-enditem|p1a: Iron Valiant|Booster Energy\n|-activate|p1a: Iron Valiant|ability: Quark Drive|[fromitem]\n|-start|p1a: Iron Valiant|quarkdrivespe\n|turn|17\n|\n|t:|1700326374\n|move|p2a: Nidhogg|Air Slash|p1a: Iron Valiant\n|-supereffective|p1a: Iron Valiant\n|-damage|p1a: Iron Valiant|0 fnt\n|faint|p1a: Iron Valiant\n|-end|p1a: Iron Valiant|Quark Drive|[silent]\n|\n|-ability|p2a: Nidhogg|Speed Boost|boost\n|-boost|p2a: Nidhogg|spe|1\n|upkeep\n|-message|MoobSai forfeited.\n|\n|win|BugCatcherN8R1X\n|raw|MoobSai's rating: 1171 &rarr; <strong>1144<\/strong><br \/>(-27 for losing)\n|raw|BugCatcherN8R1X's rating: 1142 &rarr; <strong>1169<\/strong><br \/>(+27 for winning)\n|l|\u2606MoobSai\n","uploadtime":1700326386,"views":9,"p1id":"moobsai","p2id":"bugcatchern8r1x","formatid":"gen9ou","rating":1144,"private":0,"password":""}