{"id":"gen9ou-1995842282","p1":"Zw1ft","p2":"Fumimico","format":"[Gen 9] OU","log":"|j|\u2606Zw1ft\n|j|\u2606Fumimico\n|t:|1700608645\n|gametype|singles\n|player|p1|Zw1ft|265|1323\n|player|p2|Fumimico|backersf|1391\n|teamsize|p1|6\n|teamsize|p2|6\n|gen|9\n|tier|[Gen 9] OU\n|rated|\n|rule|Sleep Clause Mod: Limit one foe put to sleep\n|rule|Species Clause: Limit one of each Pok\u00e9mon\n|rule|OHKO Clause: OHKO moves are banned\n|rule|Evasion Items Clause: Evasion items are banned\n|rule|Evasion Moves Clause: Evasion moves are banned\n|rule|Endless Battle Clause: Forcing endless battles is banned\n|rule|HP Percentage Mod: HP is shown in percentages\n|clearpoke\n|poke|p1|Barraskewda, M|\n|poke|p1|Jolteon, M|\n|poke|p1|Iron Valiant|\n|poke|p1|Iron Moth|\n|poke|p1|Dragapult, M|\n|poke|p1|Pincurchin, M|\n|poke|p2|Sylveon, F|\n|poke|p2|Meowscarada, F|\n|poke|p2|Iron Moth|\n|poke|p2|Garchomp, M|\n|poke|p2|Iron Treads|\n|poke|p2|Iron Valiant|\n|teampreview\n|inactive|Battle timer is ON: inactive players will automatically lose when time's up. (requested by Fumimico)\n|\n|t:|1700608663\n|start\n|switch|p1a: Barraskewda|Barraskewda, M|100\/100\n|switch|p2a: Garchomp|Garchomp, M|100\/100\n|turn|1\n|\n|t:|1700608670\n|move|p1a: Barraskewda|Flip Turn|p2a: Garchomp\n|-damage|p2a: Garchomp|63\/100\n|-damage|p1a: Barraskewda|88\/100|[from] ability: Rough Skin|[of] p2a: Garchomp\n|-damage|p1a: Barraskewda|72\/100|[from] item: Rocky Helmet|[of] p2a: Garchomp\n|\n|t:|1700608675\n|switch|p1a: Pincurchin|Pincurchin, M|100\/100|[from] Flip Turn\n|-fieldstart|move: Electric Terrain|[from] ability: Electric Surge|[of] p1a: Pincurchin\n|move|p2a: Garchomp|Stealth Rock|p1a: Pincurchin\n|-sidestart|p1: Zw1ft|move: Stealth Rock\n|\n|upkeep\n|turn|2\n|\n|t:|1700608685\n|move|p1a: Pincurchin|Spikes|p2a: Garchomp\n|-sidestart|p2: Fumimico|Spikes\n|move|p2a: Garchomp|Dragon Tail|p1a: Pincurchin|[miss]\n|-miss|p2a: Garchomp|p1a: Pincurchin\n|\n|upkeep\n|turn|3\n|\n|t:|1700608688\n|move|p2a: Garchomp|Spikes|p1a: Pincurchin\n|-sidestart|p1: Zw1ft|Spikes\n|move|p1a: Pincurchin|Spikes|p2a: Garchomp\n|-sidestart|p2: Fumimico|Spikes\n|\n|upkeep\n|turn|4\n|\n|t:|1700608692\n|move|p2a: Garchomp|Spikes|p1a: Pincurchin\n|-sidestart|p1: Zw1ft|Spikes\n|move|p1a: Pincurchin|Spikes|p2a: Garchomp\n|-sidestart|p2: Fumimico|Spikes\n|\n|upkeep\n|turn|5\n|\n|t:|1700608695\n|move|p2a: Garchomp|Spikes|p1a: Pincurchin\n|-sidestart|p1: Zw1ft|Spikes\n|move|p1a: Pincurchin|Spikes||[still]\n|-fail|p1a: Pincurchin\n|\n|upkeep\n|turn|6\n|\n|t:|1700608699\n|move|p1a: Pincurchin|Toxic Spikes|p2a: Garchomp\n|-sidestart|p2: Fumimico|move: Toxic Spikes\n|move|p2a: Garchomp|Dragon Tail|p1a: Pincurchin\n|-damage|p1a: Pincurchin|79\/100\n|drag|p1a: Iron Moth|Iron Moth|100\/100\n|-damage|p1a: Iron Moth|75\/100|[from] Stealth Rock\n|-damage|p1a: Iron Moth|50\/100|[from] Spikes\n|-activate|p1a: Iron Moth|ability: Quark Drive\n|-start|p1a: Iron Moth|quarkdrivespe\n|\n|upkeep\n|turn|7\n|\n|t:|1700608718\n|move|p1a: Iron Moth|Energy Ball|p2a: Garchomp\n|-damage|p2a: Garchomp|34\/100\n|move|p2a: Garchomp|Dragon Tail|p1a: Iron Moth\n|-damage|p1a: Iron Moth|13\/100\n|-end|p1a: Iron Moth|Quark Drive|[silent]\n|drag|p1a: Pincurchin|Pincurchin, M|79\/100\n|-damage|p1a: Pincurchin|67\/100|[from] Stealth Rock\n|-damage|p1a: Pincurchin|42\/100|[from] Spikes\n|\n|upkeep\n|turn|8\n|\n|t:|1700608725\n|move|p2a: Garchomp|Earthquake|p1a: Pincurchin\n|-supereffective|p1a: Pincurchin\n|-damage|p1a: Pincurchin|0 fnt\n|faint|p1a: Pincurchin\n|\n|-fieldend|move: Electric Terrain\n|upkeep\n|\n|t:|1700608733\n|switch|p1a: Barraskewda|Barraskewda, M|72\/100\n|-damage|p1a: Barraskewda|60\/100|[from] Stealth Rock\n|-damage|p1a: Barraskewda|35\/100|[from] Spikes\n|turn|9\n|\n|t:|1700608738\n|move|p1a: Barraskewda|Liquidation|p2a: Garchomp\n|-damage|p2a: Garchomp|0 fnt\n|-damage|p1a: Barraskewda|23\/100|[from] ability: Rough Skin|[of] p2a: Garchomp\n|-damage|p1a: Barraskewda|7\/100|[from] item: Rocky Helmet|[of] p2a: Garchomp\n|faint|p2a: Garchomp\n|\n|upkeep\n|\n|t:|1700608742\n|switch|p2a: Iron Treads|Iron Treads|100\/100\n|-damage|p2a: Iron Treads|75\/100|[from] Spikes\n|turn|10\n|\n|t:|1700608745\n|-terastallize|p2a: Iron Treads|Water\n|move|p1a: Barraskewda|Liquidation|p2a: Iron Treads\n|-resisted|p2a: Iron Treads\n|-damage|p2a: Iron Treads|55\/100\n|move|p2a: Iron Treads|Rapid Spin|p1a: Barraskewda\n|-damage|p1a: Barraskewda|0 fnt\n|-boost|p2a: Iron Treads|spe|1\n|-sideend|p2: Fumimico|Spikes|[from] move: Rapid Spin|[of] p2a: Iron Treads\n|-sideend|p2: Fumimico|Toxic Spikes|[from] move: Rapid Spin|[of] p2a: Iron Treads\n|faint|p1a: Barraskewda\n|\n|-heal|p2a: Iron Treads|61\/100|[from] item: Leftovers\n|upkeep\n|\n|t:|1700608757\n|switch|p1a: Jolteon|Jolteon, M|100\/100\n|-damage|p1a: Jolteon|88\/100|[from] Stealth Rock\n|-damage|p1a: Jolteon|64\/100|[from] Spikes\n|turn|11\n|\n|t:|1700608762\n|move|p2a: Iron Treads|Earthquake|p1a: Jolteon\n|-supereffective|p1a: Jolteon\n|-damage|p1a: Jolteon|0 fnt\n|faint|p1a: Jolteon\n|\n|-heal|p2a: Iron Treads|68\/100|[from] item: Leftovers\n|upkeep\n|-message|Zw1ft forfeited.\n|\n|win|Fumimico\n|raw|Zw1ft's rating: 1323 &rarr; <strong>1307<\/strong><br \/>(-16 for losing)\n|raw|Fumimico's rating: 1391 &rarr; <strong>1407<\/strong><br \/>(+16 for winning)\n|l|\u2606Zw1ft\n","uploadtime":1700608772,"views":6,"p1id":"zw1ft","p2id":"fumimico","formatid":"gen9ou","rating":1307,"private":0,"password":""}