{"id":"gen9ou-1994547139","p1":"Pipi In Diapers","p2":"Redribbonrenegade","format":"[Gen 9] OU","log":"|j|\u2606Pipi In Diapers\n|j|\u2606Redribbonrenegade\n|t:|1700457787\n|gametype|singles\n|player|p1|Pipi In Diapers|1|1251\n|player|p2|Redribbonrenegade|marshal|1320\n|teamsize|p1|6\n|teamsize|p2|6\n|gen|9\n|tier|[Gen 9] OU\n|rated|\n|rule|Sleep Clause Mod: Limit one foe put to sleep\n|rule|Species Clause: Limit one of each Pok\u00e9mon\n|rule|OHKO Clause: OHKO moves are banned\n|rule|Evasion Items Clause: Evasion items are banned\n|rule|Evasion Moves Clause: Evasion moves are banned\n|rule|Endless Battle Clause: Forcing endless battles is banned\n|rule|HP Percentage Mod: HP is shown in percentages\n|clearpoke\n|poke|p1|Clefable, F|\n|poke|p1|Alomomola, M|\n|poke|p1|Blissey, F|\n|poke|p1|Clodsire, M|\n|poke|p1|Dondozo, M|\n|poke|p1|Amoonguss, F|\n|poke|p2|Ursaluna, M|\n|poke|p2|Cresselia, F|\n|poke|p2|Volcanion|\n|poke|p2|Garganacl, F|\n|poke|p2|Sinistcha-Masterpiece|\n|poke|p2|Altaria, F|\n|teampreview\n|j| thraxxedout\n|inactive|Battle timer is ON: inactive players will automatically lose when time's up. (requested by Redribbonrenegade)\n|\n|t:|1700457815\n|start\n|switch|p1a: Clodsire|Clodsire, M|100\/100\n|switch|p2a: Lotus \ud83d\udca3|Altaria, F, shiny|100\/100\n|turn|1\n|\n|t:|1700457822\n|move|p2a: Lotus \ud83d\udca3|Will-O-Wisp|p1a: Clodsire\n|-status|p1a: Clodsire|brn\n|move|p1a: Clodsire|Spikes|p2a: Lotus \ud83d\udca3\n|-sidestart|p2: Redribbonrenegade|Spikes\n|\n|-damage|p1a: Clodsire|94\/100 brn|[from] brn\n|upkeep\n|turn|2\n|\n|t:|1700457829\n|move|p2a: Lotus \ud83d\udca3|Earthquake|p1a: Clodsire\n|-supereffective|p1a: Clodsire\n|-damage|p1a: Clodsire|55\/100 brn\n|move|p1a: Clodsire|Spikes|p2a: Lotus \ud83d\udca3\n|-sidestart|p2: Redribbonrenegade|Spikes\n|\n|-damage|p1a: Clodsire|49\/100 brn|[from] brn\n|upkeep\n|turn|3\n|\n|t:|1700457850\n|switch|p1a: Clefable|Clefable, F|100\/100\n|move|p2a: Lotus \ud83d\udca3|Earthquake|p1a: Clefable\n|-damage|p1a: Clefable|87\/100\n|\n|-heal|p1a: Clefable|93\/100|[from] item: Leftovers\n|upkeep\n|turn|4\n|\n|t:|1700457855\n|move|p2a: Lotus \ud83d\udca3|Defog|p1a: Clefable\n|-unboost|p1a: Clefable|evasion|1\n|-sideend|p2: Redribbonrenegade|Spikes|[from] move: Defog|[of] p2a: Lotus \ud83d\udca3\n|move|p1a: Clefable|Knock Off|p2a: Lotus \ud83d\udca3\n|-damage|p2a: Lotus \ud83d\udca3|84\/100\n|-enditem|p2a: Lotus \ud83d\udca3|Heavy-Duty Boots|[from] move: Knock Off|[of] p1a: Clefable\n|\n|-heal|p1a: Clefable|99\/100|[from] item: Leftovers\n|upkeep\n|turn|5\n|\n|t:|1700457865\n|switch|p2a: Wojbomb \ud83d\udce0|Garganacl, F|100\/100\n|move|p1a: Clefable|Knock Off|p2a: Wojbomb \ud83d\udce0\n|-damage|p2a: Wojbomb \ud83d\udce0|92\/100\n|-enditem|p2a: Wojbomb \ud83d\udce0|Covert Cloak|[from] move: Knock Off|[of] p1a: Clefable\n|\n|-heal|p1a: Clefable|100\/100|[from] item: Leftovers\n|upkeep\n|turn|6\n|\n|t:|1700457875\n|move|p1a: Clefable|Moonblast|p2a: Wojbomb \ud83d\udce0\n|-damage|p2a: Wojbomb \ud83d\udce0|69\/100\n|-unboost|p2a: Wojbomb \ud83d\udce0|spa|1\n|move|p2a: Wojbomb \ud83d\udce0|Salt Cure|p1a: Clefable\n|-damage|p1a: Clefable|90\/100\n|-start|p1a: Clefable|Salt Cure\n|\n|-heal|p1a: Clefable|96\/100|[from] item: Leftovers\n|upkeep\n|turn|7\n|\n|t:|1700457887\n|move|p1a: Clefable|Moonblast|p2a: Wojbomb \ud83d\udce0\n|-damage|p2a: Wojbomb \ud83d\udce0|48\/100\n|-unboost|p2a: Wojbomb \ud83d\udce0|spa|1\n|move|p2a: Wojbomb \ud83d\udce0|Stealth Rock|p1a: Clefable\n|-sidestart|p1: Pipi In Diapers|move: Stealth Rock\n|\n|-heal|p1a: Clefable|100\/100|[from] item: Leftovers\n|upkeep\n|turn|8\n|\n|t:|1700457898\n|move|p1a: Clefable|Moonblast|p2a: Wojbomb \ud83d\udce0\n|-damage|p2a: Wojbomb \ud83d\udce0|25\/100\n|move|p2a: Wojbomb \ud83d\udce0|Recover|p2a: Wojbomb \ud83d\udce0\n|-heal|p2a: Wojbomb \ud83d\udce0|75\/100\n|\n|upkeep\n|turn|9\n|\n|t:|1700457916\n|switch|p2a: Kim Joe Un \u26f0\ufe0f|Ursaluna, M, shiny|100\/100\n|move|p1a: Clefable|Wish|p1a: Clefable\n|\n|upkeep\n|turn|10\n|\n|t:|1700457930\n|move|p1a: Clefable|Knock Off|p2a: Kim Joe Un \u26f0\ufe0f\n|-damage|p2a: Kim Joe Un \u26f0\ufe0f|88\/100\n|-enditem|p2a: Kim Joe Un \u26f0\ufe0f|Assault Vest|[from] move: Knock Off|[of] p1a: Clefable\n|move|p2a: Kim Joe Un \u26f0\ufe0f|Smack Down|p1a: Clefable\n|-damage|p1a: Clefable|85\/100\n|\n|-heal|p1a: Clefable|100\/100|[from] move: Wish|[wisher] Clefable\n|upkeep\n|turn|11\n|\n|t:|1700457944\n|move|p1a: Clefable|Moonblast|p2a: Kim Joe Un \u26f0\ufe0f\n|-crit|p2a: Kim Joe Un \u26f0\ufe0f\n|-damage|p2a: Kim Joe Un \u26f0\ufe0f|52\/100\n|move|p2a: Kim Joe Un \u26f0\ufe0f|Headlong Rush|p1a: Clefable\n|-damage|p1a: Clefable|48\/100\n|-unboost|p2a: Kim Joe Un \u26f0\ufe0f|def|1\n|-unboost|p2a: Kim Joe Un \u26f0\ufe0f|spd|1\n|\n|-heal|p1a: Clefable|54\/100|[from] item: Leftovers\n|upkeep\n|turn|12\n|\n|t:|1700457953\n|switch|p2a: Rennala \ud83c\udf19|Cresselia, F|100\/100\n|move|p1a: Clefable|Protect||[still]\n|-fail|p1a: Clefable\n|\n|-heal|p1a: Clefable|60\/100|[from] item: Leftovers\n|upkeep\n|turn|13\n|\n|t:|1700457957\n|move|p2a: Rennala \ud83c\udf19|Future Sight|p1a: Clefable\n|-start|p2a: Rennala \ud83c\udf19|move: Future Sight\n|move|p1a: Clefable|Knock Off|p2a: Rennala \ud83c\udf19\n|-supereffective|p2a: Rennala \ud83c\udf19\n|-damage|p2a: Rennala \ud83c\udf19|86\/100\n|-enditem|p2a: Rennala \ud83c\udf19|Red Card|[from] move: Knock Off|[of] p1a: Clefable\n|\n|-heal|p1a: Clefable|66\/100|[from] item: Leftovers\n|upkeep\n|turn|14\n|\n|t:|1700457967\n|switch|p2a: Forge \ud83d\ude82|Volcanion|100\/100\n|move|p1a: Clefable|Wish|p1a: Clefable\n|\n|-heal|p1a: Clefable|72\/100|[from] item: Leftovers\n|upkeep\n|turn|15\n|\n|t:|1700457977\n|move|p1a: Clefable|Protect|p1a: Clefable\n|-singleturn|p1a: Clefable|Protect\n|move|p2a: Forge \ud83d\ude82|Sludge Bomb|p1a: Clefable\n|-activate|p1a: Clefable|move: Protect\n|\n|-end|p1a: Clefable|move: Future Sight\n|-damage|p1a: Clefable|42\/100\n|-heal|p1a: Clefable|92\/100|[from] move: Wish|[wisher] Clefable\n|-heal|p1a: Clefable|98\/100|[from] item: Leftovers\n|upkeep\n|turn|16\n|\n|t:|1700457992\n|move|p1a: Clefable|Knock Off|p2a: Forge \ud83d\ude82\n|-damage|p2a: Forge \ud83d\ude82|88\/100\n|-enditem|p2a: Forge \ud83d\ude82|Assault Vest|[from] move: Knock Off|[of] p1a: Clefable\n|move|p2a: Forge \ud83d\ude82|Steam Eruption|p1a: Clefable\n|-damage|p1a: Clefable|46\/100\n|\n|-heal|p1a: Clefable|52\/100|[from] item: Leftovers\n|upkeep\n|turn|17\n|\n|t:|1700458001\n|move|p1a: Clefable|Protect|p1a: Clefable\n|-singleturn|p1a: Clefable|Protect\n|move|p2a: Forge \ud83d\ude82|Steam Eruption|p1a: Clefable\n|-activate|p1a: Clefable|move: Protect\n|\n|-heal|p1a: Clefable|58\/100|[from] item: Leftovers\n|upkeep\n|turn|18\n|\n|t:|1700458010\n|switch|p1a: Blissey|Blissey, F|100\/100\n|move|p2a: Forge \ud83d\ude82|Steam Eruption|p1a: Blissey\n|-damage|p1a: Blissey|83\/100\n|-status|p1a: Blissey|brn\n|\n|-damage|p1a: Blissey|77\/100 brn|[from] brn\n|upkeep\n|turn|19\n|\n|t:|1700458020\n|switch|p2a: Lotus \ud83d\udca3|Altaria, F, shiny|84\/100\n|move|p1a: Blissey|Stealth Rock|p2a: Lotus \ud83d\udca3\n|-sidestart|p2: Redribbonrenegade|move: Stealth Rock\n|\n|-damage|p1a: Blissey|71\/100 brn|[from] brn\n|upkeep\n|turn|20\n|\n|t:|1700458031\n|-curestatus|p1a: Blissey|brn|[from] ability: Natural Cure\n|switch|p1a: Clefable|Clefable, F|58\/100\n|move|p2a: Lotus \ud83d\udca3|Earthquake|p1a: Clefable\n|-damage|p1a: Clefable|45\/100\n|\n|-heal|p1a: Clefable|52\/100|[from] item: Leftovers\n|upkeep\n|turn|21\n|\n|t:|1700458038\n|move|p2a: Lotus \ud83d\udca3|Defog|p1a: Clefable\n|-unboost|p1a: Clefable|evasion|1\n|-sideend|p1: Pipi In Diapers|Stealth Rock|[from] move: Defog|[of] p2a: Lotus \ud83d\udca3\n|-sideend|p2: Redribbonrenegade|Stealth Rock|[from] move: Defog|[of] p2a: Lotus \ud83d\udca3\n|move|p1a: Clefable|Wish|p1a: Clefable\n|\n|-heal|p1a: Clefable|58\/100|[from] item: Leftovers\n|upkeep\n|turn|22\n|\n|t:|1700458048\n|switch|p2a: Forge \ud83d\ude82|Volcanion|88\/100\n|move|p1a: Clefable|Moonblast|p2a: Forge \ud83d\ude82\n|-resisted|p2a: Forge \ud83d\ude82\n|-damage|p2a: Forge \ud83d\ude82|75\/100\n|\n|-heal|p1a: Clefable|100\/100|[from] move: Wish|[wisher] Clefable\n|upkeep\n|turn|23\n|\n|t:|1700458063\n|switch|p1a: Blissey|Blissey, F|71\/100\n|switch|p2a: Kim Joe Un \u26f0\ufe0f|Ursaluna, M, shiny|52\/100\n|\n|upkeep\n|turn|24\n|\n|t:|1700458075\n|switch|p1a: Alomomola|Alomomola, M|100\/100\n|move|p2a: Kim Joe Un \u26f0\ufe0f|Headlong Rush|p1a: Alomomola\n|-damage|p1a: Alomomola|59\/100\n|-unboost|p2a: Kim Joe Un \u26f0\ufe0f|def|1\n|-unboost|p2a: Kim Joe Un \u26f0\ufe0f|spd|1\n|\n|upkeep\n|turn|25\n|\n|t:|1700458090\n|switch|p2a: Forge \ud83d\ude82|Volcanion|75\/100\n|move|p1a: Alomomola|Flip Turn|p2a: Forge \ud83d\ude82\n|-heal|p2a: Forge \ud83d\ude82|99\/100|[from] ability: Water Absorb|[of] p1a: Alomomola\n|\n|upkeep\n|turn|26\n|\n|t:|1700458107\n|-terastallize|p2a: Forge \ud83d\ude82|Ground\n|move|p2a: Forge \ud83d\ude82|Earth Power|p1a: Alomomola\n|-damage|p1a: Alomomola|6\/100\n|move|p1a: Alomomola|Wish|p1a: Alomomola\n|\n|upkeep\n|turn|27\n|inactive|Redribbonrenegade has 120 seconds left.\n|\n|t:|1700458159\n|switch|p2a: Kim Joe Un \u26f0\ufe0f|Ursaluna, M, shiny|52\/100\n|switch|p1a: Blissey|Blissey, F|71\/100\n|\n|-heal|p1a: Blissey|100\/100|[from] move: Wish|[wisher] Alomomola\n|upkeep\n|turn|28\n|\n|t:|1700458174\n|move|p1a: Blissey|Protect|p1a: Blissey\n|-singleturn|p1a: Blissey|Protect\n|move|p2a: Kim Joe Un \u26f0\ufe0f|Headlong Rush|p1a: Blissey\n|-activate|p1a: Blissey|move: Protect\n|\n|upkeep\n|turn|29\n|\n|t:|1700458187\n|switch|p1a: Dondozo|Dondozo, M|100\/100\n|switch|p2a: Wojbomb \ud83d\udce0|Garganacl, F|75\/100\n|\n|upkeep\n|turn|30\n|\n|t:|1700458192\n|switch|p1a: Clefable|Clefable, F|100\/100\n|move|p2a: Wojbomb \ud83d\udce0|Salt Cure|p1a: Clefable\n|-damage|p1a: Clefable|90\/100\n|-start|p1a: Clefable|Salt Cure\n|\n|-heal|p1a: Clefable|96\/100|[from] item: Leftovers\n|upkeep\n|turn|31\n|\n|t:|1700458199\n|move|p1a: Clefable|Moonblast|p2a: Wojbomb \ud83d\udce0\n|-damage|p2a: Wojbomb \ud83d\udce0|53\/100\n|move|p2a: Wojbomb \ud83d\udce0|Stealth Rock|p1a: Clefable\n|-sidestart|p1: Pipi In Diapers|move: Stealth Rock\n|\n|-heal|p1a: Clefable|100\/100|[from] item: Leftovers\n|upkeep\n|turn|32\n|\n|t:|1700458206\n|switch|p1a: Alomomola|Alomomola, M|39\/100\n|move|p2a: Wojbomb \ud83d\udce0|Recover|p2a: Wojbomb \ud83d\udce0\n|-heal|p2a: Wojbomb \ud83d\udce0|100\/100\n|\n|upkeep\n|turn|33\n|\n|t:|1700458212\n|switch|p1a: Blissey|Blissey, F|100\/100\n|switch|p2a: Forge \ud83d\ude82|Volcanion, tera:Ground|99\/100\n|\n|upkeep\n|turn|34\n|\n|t:|1700458220\n|switch|p2a: Chi-Chi \ud83c\udf75|Sinistcha-Masterpiece, shiny|100\/100\n|move|p1a: Blissey|Seismic Toss|p2a: Chi-Chi \ud83c\udf75\n|-immune|p2a: Chi-Chi \ud83c\udf75\n|\n|upkeep\n|turn|35\n|\n|t:|1700458229\n|move|p2a: Chi-Chi \ud83c\udf75|Calm Mind|p2a: Chi-Chi \ud83c\udf75\n|-boost|p2a: Chi-Chi \ud83c\udf75|spa|1\n|-boost|p2a: Chi-Chi \ud83c\udf75|spd|1\n|move|p1a: Blissey|Stealth Rock|p2a: Chi-Chi \ud83c\udf75\n|-sidestart|p2: Redribbonrenegade|move: Stealth Rock\n|\n|upkeep\n|turn|36\n|\n|t:|1700458249\n|switch|p1a: Alomomola|Alomomola, M|72\/100\n|move|p2a: Chi-Chi \ud83c\udf75|Calm Mind|p2a: Chi-Chi \ud83c\udf75\n|-boost|p2a: Chi-Chi \ud83c\udf75|spa|1\n|-boost|p2a: Chi-Chi \ud83c\udf75|spd|1\n|\n|upkeep\n|turn|37\n|\n|t:|1700458252\n|move|p2a: Chi-Chi \ud83c\udf75|Matcha Gotcha|p1a: Alomomola\n|-supereffective|p1a: Alomomola\n|-damage|p1a: Alomomola|0 fnt\n|faint|p1a: Alomomola\n|\n|upkeep\n|\n|t:|1700458257\n|switch|p1a: Clodsire|Clodsire, M|49\/100 brn\n|turn|38\n|\n|t:|1700458278\n|switch|p2a: Lotus \ud83d\udca3|Altaria, F, shiny|84\/100\n|-damage|p2a: Lotus \ud83d\udca3|59\/100|[from] Stealth Rock\n|move|p1a: Clodsire|Recover|p1a: Clodsire\n|-heal|p1a: Clodsire|99\/100 brn\n|\n|-damage|p1a: Clodsire|93\/100 brn|[from] brn\n|upkeep\n|turn|39\n|\n|t:|1700458286\n|move|p2a: Lotus \ud83d\udca3|Defog|p1a: Clodsire\n|-unboost|p1a: Clodsire|evasion|1\n|-sideend|p1: Pipi In Diapers|Stealth Rock|[from] move: Defog|[of] p2a: Lotus \ud83d\udca3\n|-sideend|p2: Redribbonrenegade|Stealth Rock|[from] move: Defog|[of] p2a: Lotus \ud83d\udca3\n|move|p1a: Clodsire|Poison Jab|p2a: Lotus \ud83d\udca3\n|-damage|p2a: Lotus \ud83d\udca3|47\/100\n|\n|-damage|p1a: Clodsire|87\/100 brn|[from] brn\n|upkeep\n|turn|40\n|\n|t:|1700458296\n|switch|p1a: Clefable|Clefable, F|100\/100\n|move|p2a: Lotus \ud83d\udca3|Roost|p2a: Lotus \ud83d\udca3\n|-heal|p2a: Lotus \ud83d\udca3|97\/100\n|-singleturn|p2a: Lotus \ud83d\udca3|move: Roost\n|\n|upkeep\n|turn|41\n|\n|t:|1700458305\n|switch|p2a: Forge \ud83d\ude82|Volcanion, tera:Ground|99\/100\n|move|p1a: Clefable|Knock Off|p2a: Forge \ud83d\ude82\n|-damage|p2a: Forge \ud83d\ude82|91\/100\n|\n|upkeep\n|turn|42\n|\n|t:|1700458313\n|move|p1a: Clefable|Moonblast|p2a: Forge \ud83d\ude82\n|-damage|p2a: Forge \ud83d\ude82|63\/100\n|move|p2a: Forge \ud83d\ude82|Earth Power|p1a: Clefable\n|-damage|p1a: Clefable|55\/100\n|\n|-heal|p1a: Clefable|61\/100|[from] item: Leftovers\n|upkeep\n|turn|43\n|\n|t:|1700458317\n|move|p1a: Clefable|Wish|p1a: Clefable\n|move|p2a: Forge \ud83d\ude82|Sludge Bomb|p1a: Clefable\n|-supereffective|p1a: Clefable\n|-damage|p1a: Clefable|5\/100\n|-status|p1a: Clefable|psn\n|\n|-heal|p1a: Clefable|11\/100 psn|[from] item: Leftovers\n|upkeep\n|turn|44\n|\n|t:|1700458326\n|move|p1a: Clefable|Protect|p1a: Clefable\n|-singleturn|p1a: Clefable|Protect\n|move|p2a: Forge \ud83d\ude82|Sludge Bomb|p1a: Clefable\n|-activate|p1a: Clefable|move: Protect\n|\n|-heal|p1a: Clefable|61\/100 psn|[from] move: Wish|[wisher] Clefable\n|-heal|p1a: Clefable|67\/100 psn|[from] item: Leftovers\n|upkeep\n|turn|45\n|\n|t:|1700458336\n|switch|p1a: Blissey|Blissey, F|100\/100\n|move|p2a: Forge \ud83d\ude82|Sludge Bomb|p1a: Blissey\n|-damage|p1a: Blissey|92\/100\n|\n|upkeep\n|turn|46\n|\n|t:|1700458350\n|switch|p2a: Rennala \ud83c\udf19|Cresselia, F|86\/100\n|move|p1a: Blissey|Stealth Rock|p2a: Rennala \ud83c\udf19\n|-sidestart|p2: Redribbonrenegade|move: Stealth Rock\n|\n|upkeep\n|turn|47\n|\n|t:|1700458355\n|move|p2a: Rennala \ud83c\udf19|Future Sight|p1a: Blissey\n|-start|p2a: Rennala \ud83c\udf19|move: Future Sight\n|move|p1a: Blissey|Seismic Toss|p2a: Rennala \ud83c\udf19\n|-damage|p2a: Rennala \ud83c\udf19|63\/100\n|\n|upkeep\n|turn|48\n|\n|t:|1700458374\n|switch|p2a: Wojbomb \ud83d\udce0|Garganacl, F|100\/100\n|-damage|p2a: Wojbomb \ud83d\udce0|88\/100|[from] Stealth Rock\n|move|p1a: Blissey|Seismic Toss|p2a: Wojbomb \ud83d\udce0\n|-damage|p2a: Wojbomb \ud83d\udce0|63\/100\n|\n|upkeep\n|turn|49\n|\n|t:|1700458381\n|switch|p1a: Clodsire|Clodsire, M|87\/100 brn\n|move|p2a: Wojbomb \ud83d\udce0|Salt Cure|p1a: Clodsire\n|-resisted|p1a: Clodsire\n|-damage|p1a: Clodsire|80\/100 brn\n|-start|p1a: Clodsire|Salt Cure\n|\n|-end|p1a: Clodsire|move: Future Sight\n|-supereffective|p1a: Clodsire\n|-damage|p1a: Clodsire|43\/100 brn\n|-damage|p1a: Clodsire|37\/100 brn|[from] brn\n|-damage|p1a: Clodsire|25\/100 brn|[from] Salt Cure\n|upkeep\n|turn|50\n|-message|Pipi In Diapers forfeited.\n|\n|win|Redribbonrenegade\n|raw|Pipi In Diapers's rating: 1251 &rarr; <strong>1231<\/strong><br \/>(-20 for losing)\n|raw|Redribbonrenegade's rating: 1320 &rarr; <strong>1336<\/strong><br \/>(+16 for winning)\n|l|\u2606Pipi In Diapers\n","uploadtime":1700458405,"views":11,"p1id":"pipiindiapers","p2id":"redribbonrenegade","formatid":"gen9ou","rating":1231,"private":0,"password":""}