{"id":"gen9ou-1995931520","p1":"17 character limit","p2":"bryhmu","format":"[Gen 9] OU","log":"|j|\u260617 character limit\n|j|\u2606bryhmu\n|t:|1700618815\n|gametype|singles\n|player|p1|17 character limit|cilan|1395\n|player|p2|bryhmu|1|1396\n|teamsize|p1|6\n|teamsize|p2|6\n|gen|9\n|tier|[Gen 9] OU\n|rated|\n|rule|Sleep Clause Mod: Limit one foe put to sleep\n|rule|Species Clause: Limit one of each Pok\u00e9mon\n|rule|OHKO Clause: OHKO moves are banned\n|rule|Evasion Items Clause: Evasion items are banned\n|rule|Evasion Moves Clause: Evasion moves are banned\n|rule|Endless Battle Clause: Forcing endless battles is banned\n|rule|HP Percentage Mod: HP is shown in percentages\n|clearpoke\n|poke|p1|Weavile, M|\n|poke|p1|Alomomola, M|\n|poke|p1|Zamazenta-*|\n|poke|p1|Kommo-o, F|\n|poke|p1|Slowking-Galar, M|\n|poke|p1|Landorus-Therian, M|\n|poke|p2|Kingambit, F|\n|poke|p2|Ceruledge, F|\n|poke|p2|Conkeldurr, M|\n|poke|p2|Dragonite, F|\n|poke|p2|Cinderace, M|\n|poke|p2|Slowbro-Galar, M|\n|teampreview\n|inactive|Battle timer is ON: inactive players will automatically lose when time's up. (requested by 17 character limit)\n|\n|t:|1700618818\n|start\n|switch|p1a: Landorus|Landorus-Therian, M|100\/100\n|switch|p2a: Conkeldurr|Conkeldurr, M|100\/100\n|-ability|p1a: Landorus|Intimidate|boost\n|-unboost|p2a: Conkeldurr|atk|1\n|turn|1\n|\n|t:|1700618825\n|move|p1a: Landorus|Stealth Rock|p2a: Conkeldurr\n|-sidestart|p2: bryhmu|move: Stealth Rock\n|move|p2a: Conkeldurr|Ice Punch|p1a: Landorus\n|-supereffective|p1a: Landorus\n|-damage|p1a: Landorus|38\/100\n|-damage|p2a: Conkeldurr|84\/100|[from] item: Rocky Helmet|[of] p1a: Landorus\n|\n|upkeep\n|turn|2\n|\n|t:|1700618831\n|move|p1a: Landorus|U-turn|p2a: Conkeldurr\n|-resisted|p2a: Conkeldurr\n|-damage|p2a: Conkeldurr|74\/100\n|\n|t:|1700618835\n|switch|p1a: Alomomola|Alomomola, M|100\/100|[from] U-turn\n|move|p2a: Conkeldurr|Ice Punch|p1a: Alomomola\n|-resisted|p1a: Alomomola\n|-damage|p1a: Alomomola|95\/100\n|-status|p1a: Alomomola|frz\n|\n|upkeep\n|turn|3\n|\n|t:|1700618844\n|cant|p1a: Alomomola|frz\n|move|p2a: Conkeldurr|Drain Punch|p1a: Alomomola\n|-damage|p1a: Alomomola|77\/100 frz\n|-heal|p2a: Conkeldurr|86\/100|[from] drain|[of] p1a: Alomomola\n|\n|upkeep\n|turn|4\n|\n|t:|1700618854\n|switch|p2a: Cinderace|Cinderace, M|100\/100\n|-curestatus|p1a: Alomomola|frz|[msg]\n|move|p1a: Alomomola|Wish|p1a: Alomomola\n|\n|upkeep\n|turn|5\n|\n|t:|1700618861\n|move|p2a: Cinderace|Court Change|p2a: Cinderace\n|-start|p2a: Cinderace|typechange|Normal|[from] ability: Libero\n|-swapsideconditions\n|-activate|p2a: Cinderace|move: Court Change\n|move|p1a: Alomomola|Flip Turn|p2a: Cinderace\n|-damage|p2a: Cinderace|79\/100\n|\n|t:|1700618867\n|switch|p1a: Landorus|Landorus-Therian, M|38\/100|[from] Flip Turn\n|-damage|p1a: Landorus|25\/100|[from] Stealth Rock\n|-ability|p1a: Landorus|Intimidate|boost\n|-unboost|p2a: Cinderace|atk|1\n|\n|-heal|p1a: Landorus|95\/100|[from] move: Wish|[wisher] Alomomola\n|upkeep\n|turn|6\n|\n|t:|1700618878\n|switch|p2a: Conkeldurr|Conkeldurr, M|86\/100\n|move|p1a: Landorus|Stealth Rock|p2a: Conkeldurr\n|-sidestart|p2: bryhmu|move: Stealth Rock\n|\n|upkeep\n|turn|7\n|\n|t:|1700618881\n|move|p1a: Landorus|U-turn|p2a: Conkeldurr\n|-resisted|p2a: Conkeldurr\n|-damage|p2a: Conkeldurr|76\/100\n|\n|t:|1700618883\n|switch|p1a: Alomomola|Alomomola, M|100\/100|[from] U-turn\n|move|p2a: Conkeldurr|Ice Punch|p1a: Alomomola\n|-resisted|p1a: Alomomola\n|-damage|p1a: Alomomola|92\/100\n|\n|upkeep\n|turn|8\n|\n|t:|1700618891\n|switch|p2a: Dragonite|Dragonite, F|100\/100\n|move|p1a: Alomomola|Wish|p1a: Alomomola\n|\n|upkeep\n|turn|9\n|\n|t:|1700618896\n|switch|p1a: Landorus|Landorus-Therian, M|95\/100\n|-damage|p1a: Landorus|83\/100|[from] Stealth Rock\n|-ability|p1a: Landorus|Intimidate|boost\n|-unboost|p2a: Dragonite|atk|1\n|move|p2a: Dragonite|Encore||[still]\n|-fail|p2a: Dragonite\n|\n|-heal|p1a: Landorus|100\/100|[from] move: Wish|[wisher] Alomomola\n|upkeep\n|turn|10\n|\n|t:|1700618904\n|switch|p2a: Conkeldurr|Conkeldurr, M|76\/100\n|-damage|p2a: Conkeldurr|69\/100|[from] Stealth Rock\n|move|p1a: Landorus|U-turn|p2a: Conkeldurr\n|-resisted|p2a: Conkeldurr\n|-damage|p2a: Conkeldurr|59\/100\n|\n|t:|1700618909\n|switch|p1a: Alomomola|Alomomola, M|100\/100|[from] U-turn\n|\n|upkeep\n|turn|11\n|\n|t:|1700618926\n|move|p1a: Alomomola|Flip Turn|p2a: Conkeldurr\n|-crit|p2a: Conkeldurr\n|-damage|p2a: Conkeldurr|40\/100\n|\n|t:|1700618936\n|switch|p1a: Landorus|Landorus-Therian, M|100\/100|[from] Flip Turn\n|-damage|p1a: Landorus|88\/100|[from] Stealth Rock\n|-ability|p1a: Landorus|Intimidate|boost\n|-unboost|p2a: Conkeldurr|atk|1\n|move|p2a: Conkeldurr|Drain Punch|p1a: Landorus\n|-resisted|p1a: Landorus\n|-crit|p1a: Landorus\n|-damage|p1a: Landorus|61\/100\n|-heal|p2a: Conkeldurr|54\/100|[from] drain|[of] p1a: Landorus\n|-damage|p2a: Conkeldurr|37\/100|[from] item: Rocky Helmet|[of] p1a: Landorus\n|\n|upkeep\n|turn|12\n|\n|t:|1700618942\n|move|p1a: Landorus|U-turn|p2a: Conkeldurr\n|-resisted|p2a: Conkeldurr\n|-crit|p2a: Conkeldurr\n|-damage|p2a: Conkeldurr|21\/100\n|\n|t:|1700618944\n|switch|p1a: Alomomola|Alomomola, M|100\/100|[from] U-turn\n|move|p2a: Conkeldurr|Ice Punch|p1a: Alomomola\n|-resisted|p1a: Alomomola\n|-damage|p1a: Alomomola|94\/100\n|\n|upkeep\n|turn|13\n|\n|t:|1700618951\n|move|p1a: Alomomola|Wish|p1a: Alomomola\n|move|p2a: Conkeldurr|Drain Punch|p1a: Alomomola\n|-damage|p1a: Alomomola|74\/100\n|-heal|p2a: Conkeldurr|35\/100|[from] drain|[of] p1a: Alomomola\n|\n|upkeep\n|turn|14\n|\n|t:|1700618956\n|move|p1a: Alomomola|Flip Turn|p2a: Conkeldurr\n|-damage|p2a: Conkeldurr|22\/100\n|\n|t:|1700618959\n|switch|p1a: Landorus|Landorus-Therian, M|61\/100|[from] Flip Turn\n|-damage|p1a: Landorus|48\/100|[from] Stealth Rock\n|-ability|p1a: Landorus|Intimidate|boost\n|-unboost|p2a: Conkeldurr|atk|1\n|move|p2a: Conkeldurr|Drain Punch|p1a: Landorus\n|-resisted|p1a: Landorus\n|-damage|p1a: Landorus|40\/100\n|-heal|p2a: Conkeldurr|26\/100|[from] drain|[of] p1a: Landorus\n|-damage|p2a: Conkeldurr|10\/100|[from] item: Rocky Helmet|[of] p1a: Landorus\n|\n|-heal|p1a: Landorus|100\/100|[from] move: Wish|[wisher] Alomomola\n|upkeep\n|turn|15\n|\n|t:|1700618967\n|move|p1a: Landorus|U-turn|p2a: Conkeldurr\n|-resisted|p2a: Conkeldurr\n|-damage|p2a: Conkeldurr|0 fnt\n|faint|p2a: Conkeldurr\n|\n|t:|1700618986\n|switch|p1a: Kommo-o|Kommo-o, F|100\/100|[from] U-turn\n|-damage|p1a: Kommo-o|94\/100|[from] Stealth Rock\n|\n|upkeep\n|\n|t:|1700618994\n|switch|p2a: Cinderace|Cinderace, M|79\/100\n|turn|16\n|\n|t:|1700618998\n|move|p2a: Cinderace|Court Change|p2a: Cinderace\n|-start|p2a: Cinderace|typechange|Normal|[from] ability: Libero\n|-swapsideconditions\n|-activate|p2a: Cinderace|move: Court Change\n|move|p1a: Kommo-o|Clangorous Soul|p1a: Kommo-o\n|-boost|p1a: Kommo-o|atk|1\n|-boost|p1a: Kommo-o|def|1\n|-boost|p1a: Kommo-o|spa|1\n|-boost|p1a: Kommo-o|spd|1\n|-boost|p1a: Kommo-o|spe|1\n|-damage|p1a: Kommo-o|61\/100\n|-enditem|p1a: Kommo-o|Throat Spray\n|-boost|p1a: Kommo-o|spa|1|[from] item: Throat Spray\n|\n|upkeep\n|turn|17\n|\n|t:|1700619010\n|switch|p2a: Dragonite|Dragonite, F|100\/100\n|move|p1a: Kommo-o|Boomburst|p2a: Dragonite\n|-damage|p2a: Dragonite|54\/100\n|\n|upkeep\n|turn|18\n|\n|t:|1700619018\n|move|p2a: Dragonite|Extreme Speed|p1a: Kommo-o\n|-damage|p1a: Kommo-o|40\/100\n|move|p1a: Kommo-o|Boomburst|p2a: Dragonite\n|-damage|p2a: Dragonite|0 fnt\n|faint|p2a: Dragonite\n|\n|upkeep\n|\n|t:|1700619029\n|switch|p2a: Slowbro|Slowbro-Galar, M|100\/100\n|-damage|p2a: Slowbro|88\/100|[from] Stealth Rock\n|turn|19\n|\n|t:|1700619032\n|move|p1a: Kommo-o|Earthquake|p2a: Slowbro\n|-supereffective|p2a: Slowbro\n|-damage|p2a: Slowbro|26\/100\n|move|p2a: Slowbro|Nasty Plot|p2a: Slowbro\n|-boost|p2a: Slowbro|spa|2\n|\n|upkeep\n|turn|20\n|-activate|p2a: Slowbro|ability: Quick Draw\n|\n|t:|1700619036\n|move|p2a: Slowbro|Sludge Bomb|p1a: Kommo-o\n|-immune|p1a: Kommo-o|[from] ability: Bulletproof\n|move|p1a: Kommo-o|Earthquake|p2a: Slowbro\n|-supereffective|p2a: Slowbro\n|-damage|p2a: Slowbro|0 fnt\n|faint|p2a: Slowbro\n|\n|upkeep\n|-message|bryhmu forfeited.\n|\n|win|17 character limit\n|raw|17 character limit's rating: 1395 &rarr; <strong>1415<\/strong><br \/>(+20 for winning)\n|raw|bryhmu's rating: 1396 &rarr; <strong>1376<\/strong><br \/>(-20 for losing)\n|l|\u2606bryhmu\n","uploadtime":1700619052,"views":16,"p1id":"17characterlimit","p2id":"bryhmu","formatid":"gen9ou","rating":1376,"private":0,"password":""}