{"id":"gen9ou-1997523608","p1":"DaSizWiz","p2":"iCrowJ","format":"[Gen 9] OU","log":"|j|\u2606DaSizWiz\n|j|\u2606iCrowJ\n|t:|1700819887\n|gametype|singles\n|player|p1|DaSizWiz|blackbelt-gen4dp|1129\n|player|p2|iCrowJ|sada-ai|1050\n|teamsize|p1|6\n|teamsize|p2|6\n|gen|9\n|tier|[Gen 9] OU\n|rated|\n|rule|Sleep Clause Mod: Limit one foe put to sleep\n|rule|Species Clause: Limit one of each Pok\u00e9mon\n|rule|OHKO Clause: OHKO moves are banned\n|rule|Evasion Items Clause: Evasion items are banned\n|rule|Evasion Moves Clause: Evasion moves are banned\n|rule|Endless Battle Clause: Forcing endless battles is banned\n|rule|HP Percentage Mod: HP is shown in percentages\n|clearpoke\n|poke|p1|Maushold-Four|\n|poke|p1|Manaphy|\n|poke|p1|Dragapult, F|\n|poke|p1|Great Tusk|\n|poke|p1|Enamorus, F|\n|poke|p1|Kingambit, M|\n|poke|p2|Dragapult, M|\n|poke|p2|Alomomola, F|\n|poke|p2|Slowking-Galar, F|\n|poke|p2|Kingambit, F|\n|poke|p2|Great Tusk|\n|poke|p2|Cinderace, F|\n|teampreview\n|inactive|Battle timer is ON: inactive players will automatically lose when time's up. (requested by iCrowJ)\n|inactive|DaSizWiz also wants the timer to be on.\n|\n|t:|1700819894\n|start\n|switch|p1a: Ugly ass|Enamorus, F|100\/100\n|switch|p2a: Dragapult|Dragapult, M|100\/100\n|turn|1\n|\n|t:|1700819901\n|move|p2a: Dragapult|U-turn|p1a: Ugly ass\n|-resisted|p1a: Ugly ass\n|-damage|p1a: Ugly ass|94\/100\n|\n|t:|1700819903\n|switch|p2a: Slowking|Slowking-Galar, F|100\/100|[from] U-turn\n|move|p1a: Ugly ass|Superpower|p2a: Slowking\n|-resisted|p2a: Slowking\n|-damage|p2a: Slowking|92\/100\n|-boost|p1a: Ugly ass|atk|1\n|-boost|p1a: Ugly ass|def|1\n|-damage|p1a: Ugly ass|84\/100|[from] item: Life Orb\n|\n|upkeep\n|turn|2\n|\n|t:|1700819919\n|switch|p1a: Now you die|Kingambit, M|100\/100\n|move|p2a: Slowking|Sludge Bomb|p1a: Now you die\n|-immune|p1a: Now you die\n|\n|upkeep\n|turn|3\n|\n|t:|1700819928\n|switch|p2a: Great Tusk|Great Tusk|100\/100\n|move|p1a: Now you die|Taunt|p2a: Great Tusk\n|-start|p2a: Great Tusk|move: Taunt\n|\n|upkeep\n|turn|4\n|\n|t:|1700819939\n|-terastallize|p1a: Now you die|Flying\n|move|p2a: Great Tusk|Headlong Rush|p1a: Now you die\n|-immune|p1a: Now you die\n|move|p1a: Now you die|Tera Blast|p2a: Great Tusk|[anim] Tera Blast Flying\n|-supereffective|p2a: Great Tusk\n|-damage|p2a: Great Tusk|40\/100\n|\n|upkeep\n|turn|5\n|\n|t:|1700819948\n|-end|p2a: Great Tusk|Protosynthesis|[silent]\n|switch|p2a: Alomomola|Alomomola, F|100\/100\n|move|p1a: Now you die|Tera Blast|p2a: Alomomola|[anim] Tera Blast Flying\n|-damage|p2a: Alomomola|74\/100\n|\n|upkeep\n|turn|6\n|\n|t:|1700819959\n|-end|p1a: Now you die|fallenundefined|[silent]\n|switch|p1a: Fucked up mon|Manaphy|100\/100\n|move|p2a: Alomomola|Wish|p2a: Alomomola\n|\n|upkeep\n|turn|7\n|\n|t:|1700819965\n|move|p1a: Fucked up mon|Tail Glow|p1a: Fucked up mon\n|-boost|p1a: Fucked up mon|spa|3\n|move|p2a: Alomomola|Flip Turn|p1a: Fucked up mon\n|-resisted|p1a: Fucked up mon\n|-damage|p1a: Fucked up mon|94\/100\n|\n|t:|1700819982\n|switch|p2a: Slowking|Slowking-Galar, F|100\/100|[from] Flip Turn\n|\n|-heal|p1a: Fucked up mon|99\/100|[from] item: Leftovers\n|upkeep\n|turn|8\n|\n|t:|1700819995\n|move|p1a: Fucked up mon|Scald|p2a: Slowking\n|-damage|p2a: Slowking|49\/100\n|move|p2a: Slowking|Future Sight|p1a: Fucked up mon\n|-start|p2a: Slowking|move: Future Sight\n|\n|-heal|p1a: Fucked up mon|100\/100|[from] item: Leftovers\n|upkeep\n|turn|9\n|\n|t:|1700820002\n|move|p1a: Fucked up mon|Scald|p2a: Slowking\n|-damage|p2a: Slowking|0 fnt\n|faint|p2a: Slowking\n|\n|upkeep\n|\n|t:|1700820005\n|switch|p2a: Dragapult|Dragapult, M|100\/100\n|turn|10\n|\n|t:|1700820009\n|move|p2a: Dragapult|Draco Meteor|p1a: Fucked up mon\n|-damage|p1a: Fucked up mon|28\/100\n|-unboost|p2a: Dragapult|spa|2\n|move|p1a: Fucked up mon|Ice Beam|p2a: Dragapult\n|-supereffective|p2a: Dragapult\n|-damage|p2a: Dragapult|0 fnt\n|faint|p2a: Dragapult\n|\n|-end|p1a: Fucked up mon|move: Future Sight\n|-damage|p1a: Fucked up mon|0 fnt\n|faint|p1a: Fucked up mon\n|upkeep\n|\n|t:|1700820027\n|switch|p2a: Alomomola|Alomomola, F|100\/100\n|switch|p1a: House of Drapion|Dragapult, F, shiny|100\/100\n|turn|11\n|\n|t:|1700820034\n|move|p1a: House of Drapion|Dragon Darts|p2a: Alomomola\n|-damage|p2a: Alomomola|77\/100\n|-anim|p1a: House of Drapion|Dragon Darts|p2a: Alomomola\n|-damage|p2a: Alomomola|54\/100\n|move|p2a: Alomomola|Wish|p2a: Alomomola\n|\n|upkeep\n|turn|12\n|\n|t:|1700820041\n|move|p1a: House of Drapion|Dragon Darts|p2a: Alomomola\n|-damage|p2a: Alomomola|30\/100\n|-anim|p1a: House of Drapion|Dragon Darts|p2a: Alomomola\n|-damage|p2a: Alomomola|7\/100\n|move|p2a: Alomomola|Flip Turn|p1a: House of Drapion\n|-resisted|p1a: House of Drapion\n|-damage|p1a: House of Drapion|90\/100\n|\n|t:|1700820044\n|switch|p2a: Great Tusk|Great Tusk|40\/100|[from] Flip Turn\n|\n|-heal|p2a: Great Tusk|100\/100|[from] move: Wish|[wisher] Alomomola\n|upkeep\n|turn|13\n|\n|t:|1700820055\n|switch|p1a: Ugly ass|Enamorus, F|84\/100\n|move|p2a: Great Tusk|Ice Spinner|p1a: Ugly ass\n|-supereffective|p1a: Ugly ass\n|-damage|p1a: Ugly ass|0 fnt\n|faint|p1a: Ugly ass\n|\n|upkeep\n|\n|t:|1700820065\n|switch|p1a: Great Cuck|Great Tusk|100\/100\n|-enditem|p1a: Great Cuck|Booster Energy\n|-activate|p1a: Great Cuck|ability: Protosynthesis|[fromitem]\n|-start|p1a: Great Cuck|protosynthesisatk\n|turn|14\n|\n|t:|1700820091\n|move|p2a: Great Tusk|Stealth Rock|p1a: Great Cuck\n|-sidestart|p1: DaSizWiz|move: Stealth Rock\n|move|p1a: Great Cuck|Rapid Spin|p2a: Great Tusk\n|-damage|p2a: Great Tusk|82\/100\n|-boost|p1a: Great Cuck|spe|1\n|-damage|p1a: Great Cuck|84\/100|[from] item: Rocky Helmet|[of] p2a: Great Tusk\n|-sideend|p1: DaSizWiz|Stealth Rock|[from] move: Rapid Spin|[of] p1a: Great Cuck\n|\n|upkeep\n|turn|15\n|\n|t:|1700820101\n|move|p1a: Great Cuck|Close Combat|p2a: Great Tusk\n|-damage|p2a: Great Tusk|13\/100\n|-unboost|p1a: Great Cuck|def|1\n|-unboost|p1a: Great Cuck|spd|1\n|-damage|p1a: Great Cuck|67\/100|[from] item: Rocky Helmet|[of] p2a: Great Tusk\n|move|p2a: Great Tusk|Rapid Spin|p1a: Great Cuck\n|-damage|p1a: Great Cuck|52\/100\n|-boost|p2a: Great Tusk|spe|1\n|\n|upkeep\n|turn|16\n|\n|t:|1700820112\n|move|p2a: Great Tusk|Headlong Rush|p1a: Great Cuck\n|-damage|p1a: Great Cuck|0 fnt\n|-unboost|p2a: Great Tusk|def|1\n|-unboost|p2a: Great Tusk|spd|1\n|faint|p1a: Great Cuck\n|-end|p1a: Great Cuck|Protosynthesis|[silent]\n|\n|upkeep\n|\n|t:|1700820121\n|switch|p1a: House of Drapion|Dragapult, F, shiny|90\/100\n|turn|17\n|\n|t:|1700820127\n|move|p2a: Great Tusk|Ice Spinner|p1a: House of Drapion\n|-supereffective|p1a: House of Drapion\n|-damage|p1a: House of Drapion|10\/100\n|move|p1a: House of Drapion|Psychic Fangs|p2a: Great Tusk\n|-supereffective|p2a: Great Tusk\n|-damage|p2a: Great Tusk|0 fnt\n|-damage|p1a: House of Drapion|0 fnt|[from] item: Rocky Helmet|[of] p2a: Great Tusk\n|faint|p2a: Great Tusk\n|-end|p2a: Great Tusk|Protosynthesis|[silent]\n|faint|p1a: House of Drapion\n|\n|upkeep\n|\n|t:|1700820142\n|switch|p1a: The Gang!!!!|Maushold-Four|100\/100\n|switch|p2a: Cinderace|Cinderace, F|100\/100\n|turn|18\n|\n|t:|1700820147\n|move|p2a: Cinderace|Will-O-Wisp|p1a: The Gang!!!!\n|-status|p1a: The Gang!!!!|brn\n|move|p1a: The Gang!!!!|Tidy Up|p1a: The Gang!!!!\n|-boost|p1a: The Gang!!!!|atk|1\n|-boost|p1a: The Gang!!!!|spe|1\n|\n|-damage|p1a: The Gang!!!!|94\/100 brn|[from] brn\n|upkeep\n|turn|19\n|\n|t:|1700820156\n|move|p1a: The Gang!!!!|Tidy Up|p1a: The Gang!!!!\n|-boost|p1a: The Gang!!!!|atk|1\n|-boost|p1a: The Gang!!!!|spe|1\n|move|p2a: Cinderace|Pyro Ball|p1a: The Gang!!!!\n|-damage|p1a: The Gang!!!!|7\/100 brn\n|\n|-damage|p1a: The Gang!!!!|0 fnt|[from] brn\n|faint|p1a: The Gang!!!!\n|upkeep\n|-message|DaSizWiz forfeited.\n|\n|win|iCrowJ\n|raw|DaSizWiz's rating: 1129 &rarr; <strong>1098<\/strong><br \/>(-31 for losing)\n|raw|iCrowJ's rating: 1050 &rarr; <strong>1090<\/strong><br \/>(+40 for winning)\n|l|\u2606DaSizWiz\n","uploadtime":1700820168,"views":11,"p1id":"dasizwiz","p2id":"icrowj","formatid":"gen9ou","rating":1090,"private":0,"password":""}