{"id":"gen9ou-1988241684","p1":"jrbt2023","p2":"jdrick","format":"[Gen 9] OU","log":"|j|\u2606jrbt2023\n|j|\u2606jdrick\n|t:|1699692563\n|gametype|singles\n|player|p1|jrbt2023|harlequin|\n|player|p2|jdrick|clerk|\n|teamsize|p1|6\n|teamsize|p2|6\n|gen|9\n|tier|[Gen 9] OU\n|rule|Sleep Clause Mod: Limit one foe put to sleep\n|rule|Species Clause: Limit one of each Pok\u00e9mon\n|rule|OHKO Clause: OHKO moves are banned\n|rule|Evasion Items Clause: Evasion items are banned\n|rule|Evasion Moves Clause: Evasion moves are banned\n|rule|Endless Battle Clause: Forcing endless battles is banned\n|rule|HP Percentage Mod: HP is shown in percentages\n|clearpoke\n|poke|p1|Alomomola, M|\n|poke|p1|Sneasler, F|\n|poke|p1|Rillaboom, F|\n|poke|p1|Ribombee, F|\n|poke|p1|Great Tusk|\n|poke|p1|Dragapult, F|\n|poke|p2|Dragapult, F|\n|poke|p2|Sneasler, M|\n|poke|p2|Toxapex, M|\n|poke|p2|Empoleon, F|\n|poke|p2|Kingambit, F|\n|poke|p2|Clefable, M|\n|teampreview\n|\n|t:|1699692590\n|start\n|switch|p1a: Great Tusk|Great Tusk|100\/100\n|switch|p2a: Dragapult|Dragapult, F|100\/100\n|-enditem|p1a: Great Tusk|Booster Energy\n|-activate|p1a: Great Tusk|ability: Protosynthesis|[fromitem]\n|-start|p1a: Great Tusk|protosynthesisatk\n|turn|1\n|\n|t:|1699692604\n|move|p2a: Dragapult|Reflect|p2a: Dragapult\n|-sidestart|p2: jdrick|Reflect\n|move|p1a: Great Tusk|Knock Off|p2a: Dragapult\n|-supereffective|p2a: Dragapult\n|-damage|p2a: Dragapult|49\/100\n|-enditem|p2a: Dragapult|Light Clay|[from] move: Knock Off|[of] p1a: Great Tusk\n|\n|upkeep\n|turn|2\n|\n|t:|1699692615\n|move|p2a: Dragapult|Curse|p1a: Great Tusk\n|-start|p1a: Great Tusk|Curse|[of] p2a: Dragapult\n|-damage|p2a: Dragapult|0 fnt\n|faint|p2a: Dragapult\n|move|p1a: Great Tusk|Knock Off|p2: Dragapult|[notarget]\n|-fail|p1a: Great Tusk\n|\n|-damage|p1a: Great Tusk|76\/100|[from] Curse\n|upkeep\n|c|\u2606jrbt2023|damn i forgot youre faster without sticky web\n|c|\u2606jdrick|It's a gamechanger for me as well\n|\n|t:|1699692642\n|switch|p2a: Toxapex|Toxapex, M|100\/100\n|turn|3\n|\n|t:|1699692651\n|-end|p1a: Great Tusk|Protosynthesis|[silent]\n|switch|p1a: Ribombee|Ribombee, F, shiny|100\/100\n|move|p2a: Toxapex|Toxic|p1a: Ribombee\n|-status|p1a: Ribombee|tox\n|\n|-damage|p1a: Ribombee|94\/100 tox|[from] psn\n|upkeep\n|turn|4\n|c|\u2606jrbt2023|wait bat ko yon ginawa\n|\n|t:|1699692674\n|move|p1a: Ribombee|Sticky Web|p2a: Toxapex\n|-sidestart|p2: jdrick|move: Sticky Web\n|move|p2a: Toxapex|Surf|p1a: Ribombee\n|-damage|p1a: Ribombee|63\/100 tox\n|\n|-damage|p1a: Ribombee|51\/100 tox|[from] psn\n|upkeep\n|turn|5\n|c|\u2606jdrick|THERE IT IS\n|\n|t:|1699692686\n|switch|p1a: Alomomola|Alomomola, M, shiny|100\/100\n|move|p2a: Toxapex|Surf|p1a: Alomomola\n|-resisted|p1a: Alomomola\n|-damage|p1a: Alomomola|88\/100\n|-enditem|p1a: Alomomola|Red Card|[of] p2a: Toxapex\n|drag|p2a: Empoleon|Empoleon, F|100\/100\n|-activate|p2a: Empoleon|move: Sticky Web\n|-unboost|p2a: Empoleon|spe|1\n|-ability|p2a: Empoleon|Competitive|boost\n|-boost|p2a: Empoleon|spa|2\n|\n|upkeep\n|turn|6\n|\n|t:|1699692697\n|move|p1a: Alomomola|Wish|p1a: Alomomola\n|move|p2a: Empoleon|Stealth Rock|p1a: Alomomola\n|-sidestart|p1: jrbt2023|move: Stealth Rock\n|\n|upkeep\n|turn|7\n|\n|t:|1699692710\n|switch|p2a: Clefable|Clefable, M|100\/100\n|-activate|p2a: Clefable|move: Sticky Web\n|-unboost|p2a: Clefable|spe|1\n|move|p1a: Alomomola|Scald|p2a: Clefable\n|-damage|p2a: Clefable|88\/100\n|\n|-heal|p1a: Alomomola|100\/100|[from] move: Wish|[wisher] Alomomola\n|-heal|p2a: Clefable|94\/100|[from] item: Leftovers\n|upkeep\n|turn|8\n|\n|t:|1699692721\n|move|p2a: Clefable|Protect|p2a: Clefable\n|-singleturn|p2a: Clefable|Protect\n|move|p1a: Alomomola|Scald|p2a: Clefable\n|-activate|p2a: Clefable|move: Protect\n|\n|-heal|p2a: Clefable|99\/100|[from] item: Leftovers\n|-sideend|p2: jdrick|Reflect\n|upkeep\n|turn|9\n|\n|t:|1699692732\n|switch|p2a: Sneasler|Sneasler, M|100\/100\n|-activate|p2a: Sneasler|move: Sticky Web\n|-unboost|p2a: Sneasler|spe|1\n|move|p1a: Alomomola|Scald|p2a: Sneasler\n|-damage|p2a: Sneasler|83\/100\n|\n|upkeep\n|turn|10\n|\n|t:|1699692753\n|move|p2a: Sneasler|Dire Claw|p1a: Alomomola\n|-damage|p1a: Alomomola|78\/100\n|move|p1a: Alomomola|Wish|p1a: Alomomola\n|\n|upkeep\n|turn|11\n|\n|t:|1699692775\n|move|p2a: Sneasler|U-turn|p1a: Alomomola\n|-damage|p1a: Alomomola|64\/100\n|\n|t:|1699692781\n|switch|p2a: Kingambit|Kingambit, F|100\/100|[from] U-turn\n|-activate|p2a: Kingambit|move: Sticky Web\n|-unboost|p2a: Kingambit|spe|1\n|-activate|p2a: Kingambit|ability: Supreme Overlord\n|-start|p2a: Kingambit|fallen1|[silent]\n|move|p1a: Alomomola|Flip Turn|p2a: Kingambit\n|-damage|p2a: Kingambit|88\/100\n|\n|t:|1699692784\n|switch|p1a: Great Tusk|Great Tusk|76\/100|[from] Flip Turn\n|-damage|p1a: Great Tusk|73\/100|[from] Stealth Rock\n|\n|-heal|p1a: Great Tusk|100\/100|[from] move: Wish|[wisher] Alomomola\n|-heal|p2a: Kingambit|94\/100|[from] item: Leftovers\n|upkeep\n|turn|12\n|\n|t:|1699692800\n|-end|p2a: Kingambit|fallen1|[silent]\n|switch|p2a: Clefable|Clefable, M|99\/100\n|-activate|p2a: Clefable|move: Sticky Web\n|-unboost|p2a: Clefable|spe|1\n|move|p1a: Great Tusk|Close Combat|p2a: Clefable\n|-resisted|p2a: Clefable\n|-damage|p2a: Clefable|76\/100\n|-unboost|p1a: Great Tusk|def|1\n|-unboost|p1a: Great Tusk|spd|1\n|\n|-heal|p2a: Clefable|82\/100|[from] item: Leftovers\n|upkeep\n|turn|13\n|\n|t:|1699692814\n|-end|p1a: Great Tusk|Protosynthesis|[silent]\n|switch|p1a: Rillaboom|Rillaboom, F, shiny|100\/100\n|-damage|p1a: Rillaboom|88\/100|[from] Stealth Rock\n|-fieldstart|move: Grassy Terrain|[from] ability: Grassy Surge|[of] p1a: Rillaboom\n|move|p2a: Clefable|Moonblast|p1a: Rillaboom\n|-damage|p1a: Rillaboom|46\/100\n|\n|-heal|p1a: Rillaboom|52\/100|[from] Grassy Terrain\n|-heal|p2a: Clefable|88\/100|[from] Grassy Terrain\n|-heal|p2a: Clefable|94\/100|[from] item: Leftovers\n|upkeep\n|turn|14\n|\n|t:|1699692829\n|move|p1a: Rillaboom|Knock Off|p2a: Clefable\n|-resisted|p2a: Clefable\n|-damage|p2a: Clefable|81\/100\n|-enditem|p2a: Clefable|Leftovers|[from] move: Knock Off|[of] p1a: Rillaboom\n|move|p2a: Clefable|Moonblast|p1a: Rillaboom\n|-damage|p1a: Rillaboom|9\/100\n|\n|-heal|p1a: Rillaboom|15\/100|[from] Grassy Terrain\n|-heal|p2a: Clefable|87\/100|[from] Grassy Terrain\n|upkeep\n|turn|15\n|\n|t:|1699692840\n|switch|p1a: Alomomola|Alomomola, M, shiny|98\/100\n|-damage|p1a: Alomomola|85\/100|[from] Stealth Rock\n|move|p2a: Clefable|Moonblast|p1a: Alomomola\n|-damage|p1a: Alomomola|50\/100\n|\n|-heal|p1a: Alomomola|57\/100|[from] Grassy Terrain\n|-heal|p2a: Clefable|93\/100|[from] Grassy Terrain\n|upkeep\n|turn|16\n|\n|t:|1699692855\n|move|p1a: Alomomola|Scald|p2a: Clefable\n|-damage|p2a: Clefable|80\/100\n|-status|p2a: Clefable|brn\n|move|p2a: Clefable|Moonblast|p1a: Alomomola\n|-damage|p1a: Alomomola|19\/100\n|\n|-heal|p1a: Alomomola|25\/100|[from] Grassy Terrain\n|-heal|p2a: Clefable|86\/100 brn|[from] Grassy Terrain\n|upkeep\n|turn|17\n|\n|t:|1699692865\n|move|p1a: Alomomola|Wish|p1a: Alomomola\n|move|p2a: Clefable|Moonblast|p1a: Alomomola\n|-damage|p1a: Alomomola|0 fnt\n|faint|p1a: Alomomola\n|\n|-heal|p2a: Clefable|92\/100 brn|[from] Grassy Terrain\n|upkeep\n|\n|t:|1699692878\n|switch|p1a: Great Tusk|Great Tusk|100\/100\n|-damage|p1a: Great Tusk|98\/100|[from] Stealth Rock\n|turn|18\n|\n|t:|1699692885\n|-terastallize|p1a: Great Tusk|Steel\n|move|p1a: Great Tusk|Rapid Spin|p2a: Clefable\n|-damage|p2a: Clefable|78\/100 brn\n|-boost|p1a: Great Tusk|spe|1\n|-sideend|p1: jrbt2023|Stealth Rock|[from] move: Rapid Spin|[of] p1a: Great Tusk\n|move|p2a: Clefable|Moonblast|p1a: Great Tusk\n|-resisted|p1a: Great Tusk\n|-damage|p1a: Great Tusk|75\/100\n|-unboost|p1a: Great Tusk|spa|1\n|\n|-heal|p1a: Great Tusk|100\/100|[from] move: Wish|[wisher] Alomomola\n|-heal|p2a: Clefable|84\/100 brn|[from] Grassy Terrain\n|upkeep\n|turn|19\n|\n|t:|1699692901\n|switch|p2a: Sneasler|Sneasler, M|83\/100\n|-activate|p2a: Sneasler|move: Sticky Web\n|-unboost|p2a: Sneasler|spe|1\n|move|p1a: Great Tusk|Headlong Rush|p2a: Sneasler\n|-supereffective|p2a: Sneasler\n|-damage|p2a: Sneasler|0 fnt\n|-unboost|p1a: Great Tusk|def|1\n|-unboost|p1a: Great Tusk|spd|1\n|faint|p2a: Sneasler\n|\n|upkeep\n|c|\u2606jdrick|CRAP\n|c|\u2606jrbt2023|i think i am focusing\n|c|\u2606jrbt2023|which will make it hurt more\n|c|\u2606jrbt2023|when u win\n|c|\u2606jrbt2023|HAHAHAHAHAHAHA\n|c|\u2606jrbt2023|bfyuwkbfk\n|c|\u2606jdrick|HAHAHHAHA\n|c|\u2606jdrick|caught me off guard\n|\n|t:|1699692961\n|switch|p2a: Empoleon|Empoleon, F|100\/100\n|-activate|p2a: Empoleon|move: Sticky Web\n|-unboost|p2a: Empoleon|spe|1\n|-ability|p2a: Empoleon|Competitive|boost\n|-boost|p2a: Empoleon|spa|2\n|turn|20\n|\n|t:|1699692974\n|move|p1a: Great Tusk|Close Combat|p2a: Empoleon\n|-supereffective|p2a: Empoleon\n|-damage|p2a: Empoleon|0 fnt\n|-unboost|p1a: Great Tusk|def|1\n|-unboost|p1a: Great Tusk|spd|1\n|faint|p2a: Empoleon\n|\n|-fieldend|move: Grassy Terrain\n|upkeep\n|\n|t:|1699692984\n|switch|p2a: Toxapex|Toxapex, M|100\/100\n|-activate|p2a: Toxapex|move: Sticky Web\n|-unboost|p2a: Toxapex|spe|1\n|turn|21\n|c|\u2606jdrick|YUP this is the nightmare I was talking about\n|\n|t:|1699693005\n|move|p1a: Great Tusk|Headlong Rush|p2a: Toxapex\n|-supereffective|p2a: Toxapex\n|-crit|p2a: Toxapex\n|-damage|p2a: Toxapex|0 fnt\n|-unboost|p1a: Great Tusk|def|1\n|-unboost|p1a: Great Tusk|spd|1\n|faint|p2a: Toxapex\n|\n|upkeep\n|c|\u2606jrbt2023|pls\n|\n|t:|1699693011\n|switch|p2a: Clefable|Clefable, M|84\/100 brn\n|-activate|p2a: Clefable|move: Sticky Web\n|-unboost|p2a: Clefable|spe|1\n|turn|22\n|c|\u2606jrbt2023|i honestly dont think i kill yet\n|\n|t:|1699693057\n|-end|p1a: Great Tusk|Protosynthesis|[silent]\n|switch|p1a: Ribombee|Ribombee, F, shiny|51\/100 tox\n|move|p2a: Clefable|Moonblast|p1a: Ribombee\n|-damage|p1a: Ribombee|0 fnt\n|faint|p1a: Ribombee\n|\n|upkeep\n|c|\u2606jdrick|oh dang\n|\n|t:|1699693065\n|switch|p1a: Rillaboom|Rillaboom, F, shiny|15\/100\n|-fieldstart|move: Grassy Terrain|[from] ability: Grassy Surge|[of] p1a: Rillaboom\n|turn|23\n|c|\u2606jdrick|he's going the long setup game\n|\n|t:|1699693073\n|switch|p1a: Sneasler|Sneasler, F|100\/100\n|-enditem|p1a: Sneasler|Grassy Seed\n|-boost|p1a: Sneasler|def|1|[from] item: Grassy Seed\n|move|p2a: Clefable|Stealth Rock|p1a: Sneasler\n|-sidestart|p1: jrbt2023|move: Stealth Rock\n|\n|-heal|p2a: Clefable|90\/100 brn|[from] Grassy Terrain\n|upkeep\n|turn|24\n|\n|t:|1699693086\n|move|p2a: Clefable|Protect|p2a: Clefable\n|-singleturn|p2a: Clefable|Protect\n|move|p1a: Sneasler|Swords Dance|p1a: Sneasler\n|-boost|p1a: Sneasler|atk|2\n|\n|-heal|p2a: Clefable|96\/100 brn|[from] Grassy Terrain\n|upkeep\n|turn|25\n|c|\u2606jrbt2023|ah\n|\n|t:|1699693099\n|move|p1a: Sneasler|Dire Claw|p2a: Clefable\n|-supereffective|p2a: Clefable\n|-crit|p2a: Clefable\n|-damage|p2a: Clefable|0 fnt\n|faint|p2a: Clefable\n|\n|upkeep\n|c|\u2606jdrick|YEP\n|\n|t:|1699693106\n|switch|p2a: Kingambit|Kingambit, F|94\/100\n|-activate|p2a: Kingambit|move: Sticky Web\n|-unboost|p2a: Kingambit|spe|1\n|-activate|p2a: Kingambit|ability: Supreme Overlord\n|-start|p2a: Kingambit|fallen5|[silent]\n|turn|26\n|\n|t:|1699693118\n|move|p1a: Sneasler|Swords Dance|p1a: Sneasler\n|-boost|p1a: Sneasler|atk|2\n|move|p2a: Kingambit|Kowtow Cleave|p1a: Sneasler\n|-resisted|p1a: Sneasler\n|-damage|p1a: Sneasler|57\/100\n|\n|-heal|p1a: Sneasler|63\/100|[from] Grassy Terrain\n|-heal|p2a: Kingambit|99\/100|[from] Grassy Terrain\n|-heal|p2a: Kingambit|100\/100|[from] item: Leftovers\n|upkeep\n|turn|27\n|c|\u2606jrbt2023|hmm\n|c|\u2606jrbt2023|not the end yet\n|\n|t:|1699693142\n|move|p2a: Kingambit|Sucker Punch|p1a: Sneasler\n|-resisted|p1a: Sneasler\n|-damage|p1a: Sneasler|26\/100\n|move|p1a: Sneasler|Close Combat|p2a: Kingambit\n|-supereffective|p2a: Kingambit\n|-damage|p2a: Kingambit|0 fnt\n|-unboost|p1a: Sneasler|def|1\n|-unboost|p1a: Sneasler|spd|1\n|faint|p2a: Kingambit\n|-end|p2a: Kingambit|fallen5|[silent]\n|\n|win|jrbt2023\n|c|\u2606jrbt2023|ah nice bc i still had the defense boost\n|c|\u2606jdrick|WELL PLAYED\n|c|\u2606jdrick|HAHAHAHHAH\n|c|\u2606jrbt2023|ONLY BC U GAVE ME A HINT\n|c|\u2606jdrick|STILL\n|c|\u2606jdrick|IT WAS PLENTY\n|c|\u2606jrbt2023|i didnt know my own best pokemon\n|c|\u2606jrbt2023|until you pointed it out.\n|c|\u2606jrbt2023|truly the man in the chair\n|c|\u2606jdrick|well it wouldn't be fun if we just stayed competitive\n|c|\u2606jdrick|but MAN\n|c|\u2606jrbt2023|ur kingambit was a headache\n|c|\u2606jrbt2023|HAHAHAHAQ]\n|c|\u2606jdrick|I was right, great tusk is SCARY\n|c|\u2606jdrick|I know (speaking from experience)\n|c|\u2606jdrick|I have a few ideas na ngayon\n|c|\u2606jrbt2023|i am personally just happy i didnt go 0-3\n|c|\u2606jrbt2023|INTERESTING\n|c|\u2606jrbt2023|lets do this again sometime\n|c|\u2606jdrick|it's 1-2 now HAHAHHA\n|c|\u2606jrbt2023|aka tomorrow\n|c|\u2606jdrick|HAHAHHAHA\n|c|\u2606jrbt2023|HAHAHAHAHA\n|c|\u2606jdrick|BET\n|c|\u2606jrbt2023|or maybe even later\n|c|\u2606jrbt2023|if u want\n|c|\u2606jdrick|SIGE\n|c|\u2606jrbt2023|we can try out the different\n|c|\u2606jrbt2023|gen OUs\n|c|\u2606jrbt2023|HAHAHAHAHA\n|c|\u2606jrbt2023|like gen 3...\n|c|\u2606jdrick|for now I have to make an announcement sa org namin\n|c|\u2606jrbt2023|GO LANG\n|c|\u2606jdrick|REAL\n|c|\u2606jdrick|sige sige!\n|c|\u2606jdrick|thanks brother\n|c|\u2606jrbt2023|SOUNDS GOOD KING\n|c|\u2606jrbt2023|WELL PLAYED\n|c|\u2606jdrick|that was a banger fight\n|c|\u2606jdrick|WELL PLAYED\n","uploadtime":1699693317,"views":23,"p1id":"jrbt2023","p2id":"jdrick","formatid":"gen9ou","rating":0,"private":0,"password":""}