{"id":"gen9ou-1996825522","p1":"Yankiken","p2":"yyysneasel","format":"[Gen 9] OU","log":"|j|\u2606Yankiken\n|j|\u2606yyysneasel\n|t:|1700731450\n|gametype|singles\n|player|p1|Yankiken|lady-gen4|1696\n|player|p2|yyysneasel|bugcatcher-gen4dp|1773\n|teamsize|p1|6\n|teamsize|p2|6\n|gen|9\n|tier|[Gen 9] OU\n|rated|\n|rule|Sleep Clause Mod: Limit one foe put to sleep\n|rule|Species Clause: Limit one of each Pok\u00e9mon\n|rule|OHKO Clause: OHKO moves are banned\n|rule|Evasion Items Clause: Evasion items are banned\n|rule|Evasion Moves Clause: Evasion moves are banned\n|rule|Endless Battle Clause: Forcing endless battles is banned\n|rule|HP Percentage Mod: HP is shown in percentages\n|clearpoke\n|poke|p1|Samurott-Hisui, F|\n|poke|p1|Slowking-Galar, F|\n|poke|p1|Dragapult, F|\n|poke|p1|Great Tusk|\n|poke|p1|Zapdos|\n|poke|p1|Amoonguss, F|\n|poke|p2|Corviknight, F|\n|poke|p2|Toxapex, M|\n|poke|p2|Dondozo, M|\n|poke|p2|Slowking-Galar, M|\n|poke|p2|Blissey, F|\n|poke|p2|Clefable, M|\n|teampreview\n|\n|t:|1700731460\n|start\n|switch|p1a: Zapdos|Zapdos|100\/100\n|switch|p2a: stannin on bihness|Toxapex, M|100\/100\n|turn|1\n|\n|t:|1700731463\n|-terastallize|p2a: stannin on bihness|Ground\n|move|p1a: Zapdos|Volt Switch|p2a: stannin on bihness\n|-immune|p2a: stannin on bihness\n|move|p2a: stannin on bihness|Infestation|p1a: Zapdos\n|-resisted|p1a: Zapdos\n|-crit|p1a: Zapdos\n|-damage|p1a: Zapdos|98\/100\n|-activate|p1a: Zapdos|move: Infestation|[of] p2a: stannin on bihness\n|\n|-damage|p1a: Zapdos|86\/100|[from] move: Infestation|[partiallytrapped]\n|upkeep\n|turn|2\n|c|\u2606yyysneasel|where you goin\n|\n|t:|1700731470\n|move|p1a: Zapdos|Hurricane|p2a: stannin on bihness|[miss]\n|-miss|p1a: Zapdos|p2a: stannin on bihness\n|move|p2a: stannin on bihness|Toxic|p1a: Zapdos|[miss]\n|-miss|p2a: stannin on bihness|p1a: Zapdos\n|\n|-damage|p1a: Zapdos|73\/100|[from] move: Infestation|[partiallytrapped]\n|upkeep\n|turn|3\n|\n|t:|1700731475\n|move|p1a: Zapdos|Hurricane|p2a: stannin on bihness\n|-damage|p2a: stannin on bihness|54\/100\n|move|p2a: stannin on bihness|Toxic|p1a: Zapdos\n|-status|p1a: Zapdos|tox\n|\n|-damage|p1a: Zapdos|67\/100 tox|[from] psn\n|-damage|p1a: Zapdos|54\/100 tox|[from] move: Infestation|[partiallytrapped]\n|upkeep\n|turn|4\n|\n|t:|1700731479\n|move|p1a: Zapdos|Roost|p1a: Zapdos\n|-heal|p1a: Zapdos|100\/100 tox\n|-singleturn|p1a: Zapdos|move: Roost\n|move|p2a: stannin on bihness|Recover|p2a: stannin on bihness\n|-heal|p2a: stannin on bihness|100\/100\n|\n|-damage|p1a: Zapdos|88\/100 tox|[from] psn\n|-damage|p1a: Zapdos|76\/100 tox|[from] move: Infestation|[partiallytrapped]\n|upkeep\n|turn|5\n|\n|t:|1700731483\n|move|p1a: Zapdos|Hurricane|p2a: stannin on bihness\n|-damage|p2a: stannin on bihness|57\/100\n|move|p2a: stannin on bihness|Surf|p1a: Zapdos\n|-damage|p1a: Zapdos|53\/100 tox\n|\n|-damage|p1a: Zapdos|34\/100 tox|[from] psn\n|-end|p1a: Zapdos|Infestation|[partiallytrapped]\n|upkeep\n|turn|6\n|\n|t:|1700731487\n|switch|p1a: Slowking|Slowking-Galar, F|100\/100\n|move|p2a: stannin on bihness|Infestation|p1a: Slowking\n|-damage|p1a: Slowking|98\/100\n|-activate|p1a: Slowking|move: Infestation|[of] p2a: stannin on bihness\n|\n|-damage|p1a: Slowking|86\/100|[from] move: Infestation|[partiallytrapped]\n|upkeep\n|turn|7\n|\n|t:|1700731495\n|switch|p2a: Slowking|Slowking-Galar, M|100\/100\n|move|p1a: Slowking|Chilly Reception|p1a: Slowking\n|-weather|Snow\n|\n|t:|1700731498\n|switch|p1a: Samurott|Samurott-Hisui, F|100\/100|[from] Chilly Reception\n|\n|-weather|Snow|[upkeep]\n|upkeep\n|turn|8\n|\n|t:|1700731504\n|switch|p2a: FreePalestine\ud83c\uddf5\ud83c\uddf8|Corviknight, F|100\/100\n|-ability|p2a: FreePalestine\ud83c\uddf5\ud83c\uddf8|Pressure\n|move|p1a: Samurott|Ceaseless Edge|p2a: FreePalestine\ud83c\uddf5\ud83c\uddf8\n|-damage|p2a: FreePalestine\ud83c\uddf5\ud83c\uddf8|74\/100\n|-damage|p1a: Samurott|84\/100|[from] item: Rocky Helmet|[of] p2a: FreePalestine\ud83c\uddf5\ud83c\uddf8\n|-sidestart|p2: yyysneasel|Spikes\n|\n|-weather|Snow|[upkeep]\n|upkeep\n|turn|9\n|\n|t:|1700731509\n|move|p1a: Samurott|Aqua Cutter|p2a: FreePalestine\ud83c\uddf5\ud83c\uddf8\n|-damage|p2a: FreePalestine\ud83c\uddf5\ud83c\uddf8|45\/100\n|move|p2a: FreePalestine\ud83c\uddf5\ud83c\uddf8|Defog|p1a: Samurott\n|-unboost|p1a: Samurott|evasion|1\n|-sideend|p2: yyysneasel|Spikes|[from] move: Defog|[of] p2a: FreePalestine\ud83c\uddf5\ud83c\uddf8\n|\n|-weather|Snow|[upkeep]\n|upkeep\n|turn|10\n|\n|t:|1700731523\n|switch|p1a: Great Tusk|Great Tusk|100\/100\n|move|p2a: FreePalestine\ud83c\uddf5\ud83c\uddf8|Roost|p2a: FreePalestine\ud83c\uddf5\ud83c\uddf8\n|-heal|p2a: FreePalestine\ud83c\uddf5\ud83c\uddf8|95\/100\n|-singleturn|p2a: FreePalestine\ud83c\uddf5\ud83c\uddf8|move: Roost\n|\n|-weather|Snow|[upkeep]\n|upkeep\n|turn|11\n|\n|t:|1700731526\n|move|p1a: Great Tusk|Knock Off|p2a: FreePalestine\ud83c\uddf5\ud83c\uddf8\n|-damage|p2a: FreePalestine\ud83c\uddf5\ud83c\uddf8|79\/100\n|-damage|p1a: Great Tusk|84\/100|[from] item: Rocky Helmet|[of] p2a: FreePalestine\ud83c\uddf5\ud83c\uddf8\n|-enditem|p2a: FreePalestine\ud83c\uddf5\ud83c\uddf8|Rocky Helmet|[from] move: Knock Off|[of] p1a: Great Tusk\n|move|p2a: FreePalestine\ud83c\uddf5\ud83c\uddf8|U-turn|p1a: Great Tusk\n|-resisted|p1a: Great Tusk\n|-damage|p1a: Great Tusk|80\/100\n|\n|t:|1700731529\n|switch|p2a: stannin on bihness|Toxapex, M, tera:Ground|90\/100|[from] U-turn\n|\n|-weather|none\n|-heal|p1a: Great Tusk|86\/100|[from] item: Leftovers\n|upkeep\n|turn|12\n|j| AntiDinkus\n|\n|t:|1700731533\n|-end|p1a: Great Tusk|Protosynthesis|[silent]\n|switch|p1a: Slowking|Slowking-Galar, F|100\/100\n|move|p2a: stannin on bihness|Infestation|p1a: Slowking\n|-damage|p1a: Slowking|98\/100\n|-activate|p1a: Slowking|move: Infestation|[of] p2a: stannin on bihness\n|\n|-damage|p1a: Slowking|86\/100|[from] move: Infestation|[partiallytrapped]\n|upkeep\n|turn|13\n|\n|t:|1700731538\n|switch|p2a: Slowking|Slowking-Galar, M|100\/100\n|move|p1a: Slowking|Future Sight|p2a: Slowking\n|-start|p1a: Slowking|move: Future Sight\n|\n|-end|p1a: Slowking|Infestation|[partiallytrapped]|[silent]\n|upkeep\n|turn|14\n|\n|t:|1700731541\n|move|p2a: Slowking|Trick|p1a: Slowking\n|-activate|p2a: Slowking|move: Trick|[of] p1a: Slowking\n|-item|p1a: Slowking|Choice Scarf|[from] move: Trick\n|-item|p2a: Slowking|Heavy-Duty Boots|[from] move: Trick\n|move|p1a: Slowking|Chilly Reception|p1a: Slowking\n|-weather|Snow\n|\n|t:|1700731546\n|switch|p1a: Samurott|Samurott-Hisui, F|84\/100|[from] Chilly Reception\n|\n|-weather|Snow|[upkeep]\n|upkeep\n|turn|15\n|\n|t:|1700731552\n|switch|p2a: FreePalestine\ud83c\uddf5\ud83c\uddf8|Corviknight, F|79\/100\n|-ability|p2a: FreePalestine\ud83c\uddf5\ud83c\uddf8|Pressure\n|move|p1a: Samurott|Ceaseless Edge|p2a: FreePalestine\ud83c\uddf5\ud83c\uddf8\n|-damage|p2a: FreePalestine\ud83c\uddf5\ud83c\uddf8|53\/100\n|-sidestart|p2: yyysneasel|Spikes\n|\n|-weather|Snow|[upkeep]\n|-end|p2a: FreePalestine\ud83c\uddf5\ud83c\uddf8|move: Future Sight\n|-resisted|p2a: FreePalestine\ud83c\uddf5\ud83c\uddf8\n|-damage|p2a: FreePalestine\ud83c\uddf5\ud83c\uddf8|30\/100\n|upkeep\n|turn|16\n|\n|t:|1700731562\n|move|p1a: Samurott|Aqua Cutter|p2a: FreePalestine\ud83c\uddf5\ud83c\uddf8\n|-damage|p2a: FreePalestine\ud83c\uddf5\ud83c\uddf8|2\/100\n|move|p2a: FreePalestine\ud83c\uddf5\ud83c\uddf8|Roost|p2a: FreePalestine\ud83c\uddf5\ud83c\uddf8\n|-heal|p2a: FreePalestine\ud83c\uddf5\ud83c\uddf8|52\/100\n|-singleturn|p2a: FreePalestine\ud83c\uddf5\ud83c\uddf8|move: Roost\n|\n|-weather|Snow|[upkeep]\n|upkeep\n|turn|17\n|c| AntiDinkus|Corviknight more like corviright\n|\n|t:|1700731573\n|switch|p1a: Dragapult|Dragapult, F|100\/100\n|move|p2a: FreePalestine\ud83c\uddf5\ud83c\uddf8|Roost|p2a: FreePalestine\ud83c\uddf5\ud83c\uddf8\n|-heal|p2a: FreePalestine\ud83c\uddf5\ud83c\uddf8|100\/100\n|-singleturn|p2a: FreePalestine\ud83c\uddf5\ud83c\uddf8|move: Roost\n|\n|-weather|Snow|[upkeep]\n|upkeep\n|turn|18\n|\n|t:|1700731582\n|switch|p2a: stannin on bihness|Toxapex, M, tera:Ground|100\/100\n|move|p1a: Dragapult|Will-O-Wisp|p2a: stannin on bihness\n|-status|p2a: stannin on bihness|brn\n|\n|-weather|none\n|-damage|p2a: stannin on bihness|95\/100 brn|[from] brn\n|upkeep\n|turn|19\n|\n|t:|1700731586\n|move|p1a: Dragapult|U-turn|p2a: stannin on bihness\n|-damage|p2a: stannin on bihness|82\/100 brn\n|\n|t:|1700731589\n|switch|p1a: Slowking|Slowking-Galar, F|100\/100|[from] U-turn\n|move|p2a: stannin on bihness|Infestation|p1a: Slowking\n|-damage|p1a: Slowking|98\/100\n|-activate|p1a: Slowking|move: Infestation|[of] p2a: stannin on bihness\n|\n|-damage|p2a: stannin on bihness|76\/100 brn|[from] brn\n|-damage|p1a: Slowking|86\/100|[from] move: Infestation|[partiallytrapped]\n|upkeep\n|turn|20\n|\n|t:|1700731597\n|switch|p2a: FreePalestine\ud83c\uddf5\ud83c\uddf8|Corviknight, F|100\/100\n|-ability|p2a: FreePalestine\ud83c\uddf5\ud83c\uddf8|Pressure\n|move|p1a: Slowking|Future Sight|p2a: FreePalestine\ud83c\uddf5\ud83c\uddf8\n|-start|p1a: Slowking|move: Future Sight\n|\n|-end|p1a: Slowking|Infestation|[partiallytrapped]|[silent]\n|upkeep\n|turn|21\n|\n|t:|1700731608\n|switch|p1a: Great Tusk|Great Tusk|86\/100\n|move|p2a: FreePalestine\ud83c\uddf5\ud83c\uddf8|Defog|p1a: Great Tusk\n|-unboost|p1a: Great Tusk|evasion|1\n|-sideend|p2: yyysneasel|Spikes|[from] move: Defog|[of] p2a: FreePalestine\ud83c\uddf5\ud83c\uddf8\n|\n|-heal|p1a: Great Tusk|92\/100|[from] item: Leftovers\n|upkeep\n|turn|22\n|\n|t:|1700731619\n|move|p1a: Great Tusk|Stealth Rock|p2a: FreePalestine\ud83c\uddf5\ud83c\uddf8\n|-sidestart|p2: yyysneasel|move: Stealth Rock\n|move|p2a: FreePalestine\ud83c\uddf5\ud83c\uddf8|U-turn|p1a: Great Tusk\n|-resisted|p1a: Great Tusk\n|-damage|p1a: Great Tusk|87\/100\n|inactive|Battle timer is ON: inactive players will automatically lose when time's up. (requested by Yankiken)\n|\n|t:|1700731623\n|switch|p2a: Slowking|Slowking-Galar, M|100\/100|[from] U-turn\n|\n|-end|p2a: Slowking|move: Future Sight\n|-damage|p2a: Slowking|59\/100\n|-heal|p1a: Great Tusk|93\/100|[from] item: Leftovers\n|upkeep\n|turn|23\n|\n|t:|1700731628\n|switch|p2a: FreePalestine\ud83c\uddf5\ud83c\uddf8|Corviknight, F|100\/100\n|-damage|p2a: FreePalestine\ud83c\uddf5\ud83c\uddf8|88\/100|[from] Stealth Rock\n|-ability|p2a: FreePalestine\ud83c\uddf5\ud83c\uddf8|Pressure\n|move|p1a: Great Tusk|Knock Off|p2a: FreePalestine\ud83c\uddf5\ud83c\uddf8\n|-damage|p2a: FreePalestine\ud83c\uddf5\ud83c\uddf8|77\/100\n|\n|-heal|p1a: Great Tusk|99\/100|[from] item: Leftovers\n|upkeep\n|turn|24\n|\n|t:|1700731648\n|-end|p1a: Great Tusk|Protosynthesis|[silent]\n|switch|p1a: Dragapult|Dragapult, F|100\/100\n|move|p2a: FreePalestine\ud83c\uddf5\ud83c\uddf8|Defog|p1a: Dragapult\n|-unboost|p1a: Dragapult|evasion|1\n|-sideend|p2: yyysneasel|Stealth Rock|[from] move: Defog|[of] p2a: FreePalestine\ud83c\uddf5\ud83c\uddf8\n|\n|upkeep\n|turn|25\n|l| AntiDinkus\n|j| deneme12\n|inactive|yyysneasel has 120 seconds left.\n|\n|t:|1700731703\n|switch|p2a: ban dengo ffs|Blissey, F|100\/100\n|move|p1a: Dragapult|U-turn|p2a: ban dengo ffs\n|-damage|p2a: ban dengo ffs|82\/100\n|\n|t:|1700731707\n|switch|p1a: Samurott|Samurott-Hisui, F|84\/100|[from] U-turn\n|\n|upkeep\n|turn|26\n|\n|t:|1700731713\n|switch|p2a: stannin on bihness|Toxapex, M, tera:Ground|100\/100 brn\n|move|p1a: Samurott|Ceaseless Edge|p2a: stannin on bihness\n|-damage|p2a: stannin on bihness|74\/100 brn\n|-sidestart|p2: yyysneasel|Spikes\n|\n|-damage|p2a: stannin on bihness|68\/100 brn|[from] brn\n|upkeep\n|turn|27\n|\n|t:|1700731722\n|move|p1a: Samurott|Aqua Cutter|p2a: stannin on bihness\n|-supereffective|p2a: stannin on bihness\n|-damage|p2a: stannin on bihness|12\/100 brn\n|move|p2a: stannin on bihness|Toxic|p1a: Samurott\n|-status|p1a: Samurott|tox\n|\n|-damage|p1a: Samurott|78\/100 tox|[from] psn\n|-damage|p2a: stannin on bihness|6\/100 brn|[from] brn\n|upkeep\n|turn|28\n|\n|t:|1700731736\n|switch|p2a: FreePalestine\ud83c\uddf5\ud83c\uddf8|Corviknight, F|77\/100\n|-ability|p2a: FreePalestine\ud83c\uddf5\ud83c\uddf8|Pressure\n|move|p1a: Samurott|Swords Dance|p1a: Samurott\n|-boost|p1a: Samurott|atk|2\n|\n|-damage|p1a: Samurott|65\/100 tox|[from] psn\n|upkeep\n|turn|29\n|\n|t:|1700731744\n|move|p1a: Samurott|Ceaseless Edge|p2a: FreePalestine\ud83c\uddf5\ud83c\uddf8\n|-damage|p2a: FreePalestine\ud83c\uddf5\ud83c\uddf8|28\/100\n|-sidestart|p2: yyysneasel|Spikes\n|move|p2a: FreePalestine\ud83c\uddf5\ud83c\uddf8|Defog|p1a: Samurott\n|-unboost|p1a: Samurott|evasion|1\n|-sideend|p2: yyysneasel|Spikes|[from] move: Defog|[of] p2a: FreePalestine\ud83c\uddf5\ud83c\uddf8\n|\n|-damage|p1a: Samurott|47\/100 tox|[from] psn\n|upkeep\n|turn|30\n|\n|t:|1700731749\n|switch|p2a: Ripbozo \ud83d\ude02 \ud83d\ude02|Dondozo, M|100\/100\n|move|p1a: Samurott|Ceaseless Edge|p2a: Ripbozo \ud83d\ude02 \ud83d\ude02\n|-crit|p2a: Ripbozo \ud83d\ude02 \ud83d\ude02\n|-damage|p2a: Ripbozo \ud83d\ude02 \ud83d\ude02|70\/100\n|-sidestart|p2: yyysneasel|Spikes\n|\n|-heal|p2a: Ripbozo \ud83d\ude02 \ud83d\ude02|76\/100|[from] item: Leftovers\n|-damage|p1a: Samurott|22\/100 tox|[from] psn\n|upkeep\n|turn|31\n|\n|t:|1700731761\n|switch|p1a: Amoonguss|Amoonguss, F|100\/100\n|move|p2a: Ripbozo \ud83d\ude02 \ud83d\ude02|Rest|p2a: Ripbozo \ud83d\ude02 \ud83d\ude02\n|-status|p2a: Ripbozo \ud83d\ude02 \ud83d\ude02|slp|[from] move: Rest\n|-heal|p2a: Ripbozo \ud83d\ude02 \ud83d\ude02|100\/100 slp|[silent]\n|\n|upkeep\n|turn|32\n|\n|t:|1700731768\n|switch|p2a: ban dengo ffs|Blissey, F|82\/100\n|move|p1a: Amoonguss|Spore|p2a: ban dengo ffs\n|-status|p2a: ban dengo ffs|slp|[from] move: Spore\n|\n|upkeep\n|turn|33\n|\n|t:|1700731788\n|switch|p1a: Samurott|Samurott-Hisui, F|22\/100 tox\n|cant|p2a: ban dengo ffs|slp\n|\n|-damage|p1a: Samurott|15\/100 tox|[from] psn\n|upkeep\n|turn|34\n|\n|t:|1700731796\n|-curestatus|p2a: ban dengo ffs|slp|[from] ability: Natural Cure\n|switch|p2a: Ripbozo \ud83d\ude02 \ud83d\ude02|Dondozo, M|100\/100 slp\n|-damage|p2a: Ripbozo \ud83d\ude02 \ud83d\ude02|88\/100 slp|[from] Spikes\n|move|p1a: Samurott|Ceaseless Edge|p2a: Ripbozo \ud83d\ude02 \ud83d\ude02\n|-damage|p2a: Ripbozo \ud83d\ude02 \ud83d\ude02|68\/100 slp\n|-sidestart|p2: yyysneasel|Spikes\n|\n|-heal|p2a: Ripbozo \ud83d\ude02 \ud83d\ude02|74\/100 slp|[from] item: Leftovers\n|-damage|p1a: Samurott|3\/100 tox|[from] psn\n|upkeep\n|turn|35\n|\n|t:|1700731808\n|switch|p1a: Dragapult|Dragapult, F|100\/100\n|cant|p2a: Ripbozo \ud83d\ude02 \ud83d\ude02|slp\n|move|p2a: Ripbozo \ud83d\ude02 \ud83d\ude02|Sleep Talk|p2a: Ripbozo \ud83d\ude02 \ud83d\ude02\n|move|p2a: Ripbozo \ud83d\ude02 \ud83d\ude02|Curse|p2a: Ripbozo \ud83d\ude02 \ud83d\ude02|[from]move: Sleep Talk\n|-unboost|p2a: Ripbozo \ud83d\ude02 \ud83d\ude02|spe|1\n|-boost|p2a: Ripbozo \ud83d\ude02 \ud83d\ude02|atk|1\n|-boost|p2a: Ripbozo \ud83d\ude02 \ud83d\ude02|def|1\n|\n|-heal|p2a: Ripbozo \ud83d\ude02 \ud83d\ude02|80\/100 slp|[from] item: Leftovers\n|upkeep\n|turn|36\n|\n|t:|1700731816\n|switch|p2a: It's Joever|Clefable, M|100\/100\n|move|p1a: Dragapult|U-turn|p2a: It's Joever\n|-resisted|p2a: It's Joever\n|-damage|p2a: It's Joever|89\/100\n|\n|t:|1700731827\n|switch|p1a: Slowking|Slowking-Galar, F|100\/100|[from] U-turn\n|\n|upkeep\n|turn|37\n|\n|t:|1700731831\n|switch|p2a: FreePalestine\ud83c\uddf5\ud83c\uddf8|Corviknight, F|28\/100\n|-ability|p2a: FreePalestine\ud83c\uddf5\ud83c\uddf8|Pressure\n|move|p1a: Slowking|Chilly Reception|p1a: Slowking\n|-weather|Snow\n|\n|t:|1700731849\n|switch|p1a: Dragapult|Dragapult, F|100\/100|[from] Chilly Reception\n|\n|-weather|Snow|[upkeep]\n|upkeep\n|turn|38\n|\n|t:|1700731858\n|switch|p2a: It's Joever|Clefable, M|89\/100\n|move|p1a: Dragapult|Will-O-Wisp|p2a: It's Joever|[miss]\n|-miss|p1a: Dragapult|p2a: It's Joever\n|\n|-weather|Snow|[upkeep]\n|upkeep\n|turn|39\n|\n|t:|1700731866\n|move|p1a: Dragapult|Will-O-Wisp|p2a: It's Joever\n|-status|p2a: It's Joever|brn\n|move|p2a: It's Joever|Moonblast|p1a: Dragapult\n|-supereffective|p1a: Dragapult\n|-damage|p1a: Dragapult|15\/100\n|\n|-weather|Snow|[upkeep]\n|-damage|p2a: It's Joever|83\/100 brn|[from] brn\n|upkeep\n|turn|40\n|\n|t:|1700731873\n|move|p1a: Dragapult|U-turn|p2a: It's Joever\n|-resisted|p2a: It's Joever\n|-damage|p2a: It's Joever|71\/100 brn\n|\n|t:|1700731883\n|switch|p1a: Amoonguss|Amoonguss, F|100\/100|[from] U-turn\n|move|p2a: It's Joever|Wish|p2a: It's Joever\n|\n|-weather|Snow|[upkeep]\n|-damage|p2a: It's Joever|65\/100 brn|[from] brn\n|upkeep\n|turn|41\n|\n|t:|1700731890\n|switch|p2a: FreePalestine\ud83c\uddf5\ud83c\uddf8|Corviknight, F|28\/100\n|-ability|p2a: FreePalestine\ud83c\uddf5\ud83c\uddf8|Pressure\n|move|p1a: Amoonguss|Spore|p2a: FreePalestine\ud83c\uddf5\ud83c\uddf8\n|-status|p2a: FreePalestine\ud83c\uddf5\ud83c\uddf8|slp|[from] move: Spore\n|\n|-weather|none\n|-heal|p2a: FreePalestine\ud83c\uddf5\ud83c\uddf8|77\/100 slp|[from] move: Wish|[wisher] It's Joever\n|upkeep\n|turn|42\n|\n|t:|1700731901\n|switch|p1a: Dragapult|Dragapult, F|15\/100\n|cant|p2a: FreePalestine\ud83c\uddf5\ud83c\uddf8|slp\n|\n|upkeep\n|turn|43\n|\n|t:|1700731905\n|switch|p2a: ban dengo ffs|Blissey, F|82\/100\n|move|p1a: Dragapult|Hex|p2a: ban dengo ffs\n|-immune|p2a: ban dengo ffs\n|\n|upkeep\n|turn|44\n|\n|t:|1700731910\n|move|p1a: Dragapult|Dragon Darts|p2a: ban dengo ffs\n|-damage|p2a: ban dengo ffs|64\/100\n|-anim|p1a: Dragapult|Dragon Darts|p2a: ban dengo ffs\n|-damage|p2a: ban dengo ffs|45\/100\n|move|p2a: ban dengo ffs|Flamethrower|p1a: Dragapult\n|-resisted|p1a: Dragapult\n|-damage|p1a: Dragapult|4\/100\n|\n|upkeep\n|turn|45\n|\n|t:|1700731920\n|move|p1a: Dragapult|U-turn|p2a: ban dengo ffs\n|-damage|p2a: ban dengo ffs|28\/100\n|\n|t:|1700731923\n|switch|p1a: Great Tusk|Great Tusk|99\/100|[from] U-turn\n|move|p2a: ban dengo ffs|Soft-Boiled|p2a: ban dengo ffs\n|-heal|p2a: ban dengo ffs|78\/100\n|\n|-heal|p1a: Great Tusk|100\/100|[from] item: Leftovers\n|upkeep\n|turn|46\n|\n|t:|1700731932\n|switch|p2a: FreePalestine\ud83c\uddf5\ud83c\uddf8|Corviknight, F|77\/100 slp\n|-ability|p2a: FreePalestine\ud83c\uddf5\ud83c\uddf8|Pressure\n|move|p1a: Great Tusk|Stealth Rock|p2a: FreePalestine\ud83c\uddf5\ud83c\uddf8\n|-sidestart|p2: yyysneasel|move: Stealth Rock\n|\n|upkeep\n|turn|47\n|\n|t:|1700731936\n|-end|p1a: Great Tusk|Protosynthesis|[silent]\n|switch|p1a: Dragapult|Dragapult, F|4\/100\n|cant|p2a: FreePalestine\ud83c\uddf5\ud83c\uddf8|slp\n|\n|upkeep\n|turn|48\n|\n|t:|1700731943\n|switch|p2a: It's Joever|Clefable, M|65\/100 brn\n|move|p1a: Dragapult|Hex|p2a: It's Joever\n|-damage|p2a: It's Joever|32\/100 brn\n|\n|-damage|p2a: It's Joever|26\/100 brn|[from] brn\n|upkeep\n|turn|49\n|\n|t:|1700731949\n|move|p1a: Dragapult|Hex|p2a: It's Joever\n|-damage|p2a: It's Joever|0 fnt\n|faint|p2a: It's Joever\n|\n|upkeep\n|\n|t:|1700731951\n|switch|p2a: ban dengo ffs|Blissey, F|78\/100\n|turn|50\n|\n|t:|1700731954\n|move|p1a: Dragapult|U-turn|p2a: ban dengo ffs\n|-damage|p2a: ban dengo ffs|60\/100\n|\n|t:|1700731960\n|switch|p1a: Slowking|Slowking-Galar, F|100\/100|[from] U-turn\n|move|p2a: ban dengo ffs|Flamethrower|p1a: Slowking\n|-damage|p1a: Slowking|89\/100\n|\n|upkeep\n|turn|51\n|\n|t:|1700731964\n|move|p2a: ban dengo ffs|Soft-Boiled|p2a: ban dengo ffs\n|-heal|p2a: ban dengo ffs|100\/100\n|move|p1a: Slowking|Chilly Reception|p1a: Slowking\n|-weather|Snow\n|\n|t:|1700731982\n|switch|p1a: Zapdos|Zapdos|34\/100 tox|[from] Chilly Reception\n|\n|-weather|Snow|[upkeep]\n|-damage|p1a: Zapdos|28\/100 tox|[from] psn\n|upkeep\n|turn|52\n|\n|t:|1700731987\n|move|p1a: Zapdos|Roost|p1a: Zapdos\n|-heal|p1a: Zapdos|78\/100 tox\n|-singleturn|p1a: Zapdos|move: Roost\n|move|p2a: ban dengo ffs|Stealth Rock|p1a: Zapdos\n|-sidestart|p1: Yankiken|move: Stealth Rock\n|\n|-weather|Snow|[upkeep]\n|-damage|p1a: Zapdos|66\/100 tox|[from] psn\n|upkeep\n|turn|53\n|\n|t:|1700731995\n|switch|p2a: stannin on bihness|Toxapex, M, tera:Ground|39\/100 brn\n|move|p1a: Zapdos|Weather Ball|p2a: stannin on bihness\n|-supereffective|p2a: stannin on bihness\n|-damage|p2a: stannin on bihness|0 fnt\n|faint|p2a: stannin on bihness\n|\n|-weather|Snow|[upkeep]\n|-damage|p1a: Zapdos|47\/100 tox|[from] psn\n|upkeep\n|\n|t:|1700731999\n|switch|p2a: ban dengo ffs|Blissey, F|100\/100\n|turn|54\n|\n|t:|1700732003\n|move|p1a: Zapdos|Volt Switch|p2a: ban dengo ffs\n|-crit|p2a: ban dengo ffs\n|-damage|p2a: ban dengo ffs|80\/100\n|\n|t:|1700732019\n|switch|p1a: Slowking|Slowking-Galar, F|100\/100|[from] Volt Switch\n|-damage|p1a: Slowking|88\/100|[from] Stealth Rock\n|move|p2a: ban dengo ffs|Seismic Toss|p1a: Slowking\n|-damage|p1a: Slowking|63\/100\n|\n|-weather|Snow|[upkeep]\n|upkeep\n|turn|55\n|\n|t:|1700732026\n|switch|p2a: FreePalestine\ud83c\uddf5\ud83c\uddf8|Corviknight, F|77\/100 slp\n|-damage|p2a: FreePalestine\ud83c\uddf5\ud83c\uddf8|65\/100 slp|[from] Stealth Rock\n|-ability|p2a: FreePalestine\ud83c\uddf5\ud83c\uddf8|Pressure\n|move|p1a: Slowking|Chilly Reception|p1a: Slowking\n|\n|t:|1700732030\n|switch|p1a: Zapdos|Zapdos|47\/100 tox|[from] Chilly Reception\n|\n|-weather|none\n|-damage|p1a: Zapdos|41\/100 tox|[from] psn\n|upkeep\n|turn|56\n|\n|t:|1700732036\n|switch|p2a: ban dengo ffs|Blissey, F|80\/100\n|move|p1a: Zapdos|Volt Switch|p2a: ban dengo ffs\n|-damage|p2a: ban dengo ffs|67\/100\n|\n|t:|1700732047\n|switch|p1a: Dragapult|Dragapult, F|4\/100|[from] Volt Switch\n|\n|upkeep\n|turn|57\n|\n|t:|1700732051\n|move|p1a: Dragapult|U-turn|p2a: ban dengo ffs\n|-damage|p2a: ban dengo ffs|49\/100\n|\n|t:|1700732062\n|switch|p1a: Great Tusk|Great Tusk|100\/100|[from] U-turn\n|-damage|p1a: Great Tusk|98\/100|[from] Stealth Rock\n|move|p2a: ban dengo ffs|Soft-Boiled|p2a: ban dengo ffs\n|-heal|p2a: ban dengo ffs|99\/100\n|\n|-heal|p1a: Great Tusk|100\/100|[from] item: Leftovers\n|upkeep\n|turn|58\n|\n|t:|1700732066\n|-end|p1a: Great Tusk|Protosynthesis|[silent]\n|switch|p1a: Dragapult|Dragapult, F|4\/100\n|switch|p2a: FreePalestine\ud83c\uddf5\ud83c\uddf8|Corviknight, F|65\/100 slp\n|-damage|p2a: FreePalestine\ud83c\uddf5\ud83c\uddf8|52\/100 slp|[from] Stealth Rock\n|-ability|p2a: FreePalestine\ud83c\uddf5\ud83c\uddf8|Pressure\n|\n|upkeep\n|turn|59\n|j| mew852\n|\n|t:|1700732077\n|switch|p2a: ban dengo ffs|Blissey, F|99\/100\n|move|p1a: Dragapult|Dragon Darts|p2a: ban dengo ffs\n|-damage|p2a: ban dengo ffs|81\/100\n|-anim|p1a: Dragapult|Dragon Darts|p2a: ban dengo ffs\n|-damage|p2a: ban dengo ffs|63\/100\n|\n|upkeep\n|turn|60\n|\n|t:|1700732080\n|move|p1a: Dragapult|U-turn|p2a: ban dengo ffs\n|-damage|p2a: ban dengo ffs|45\/100\n|c|\u2606yyysneasel|you take so much risk in a game you already dominate\n|\n|t:|1700732099\n|switch|p1a: Great Tusk|Great Tusk|100\/100|[from] U-turn\n|-damage|p1a: Great Tusk|98\/100|[from] Stealth Rock\n|move|p2a: ban dengo ffs|Soft-Boiled|p2a: ban dengo ffs\n|-heal|p2a: ban dengo ffs|95\/100\n|\n|-heal|p1a: Great Tusk|100\/100|[from] item: Leftovers\n|upkeep\n|turn|61\n|c|\u2606yyysneasel|i dont quite get it\n|\n|t:|1700732104\n|switch|p2a: FreePalestine\ud83c\uddf5\ud83c\uddf8|Corviknight, F|52\/100 slp\n|-damage|p2a: FreePalestine\ud83c\uddf5\ud83c\uddf8|40\/100 slp|[from] Stealth Rock\n|-ability|p2a: FreePalestine\ud83c\uddf5\ud83c\uddf8|Pressure\n|move|p1a: Great Tusk|Knock Off|p2a: FreePalestine\ud83c\uddf5\ud83c\uddf8\n|-damage|p2a: FreePalestine\ud83c\uddf5\ud83c\uddf8|30\/100 slp\n|\n|upkeep\n|turn|62\n|\n|t:|1700732111\n|move|p1a: Great Tusk|Knock Off|p2a: FreePalestine\ud83c\uddf5\ud83c\uddf8\n|-damage|p2a: FreePalestine\ud83c\uddf5\ud83c\uddf8|18\/100 slp\n|-curestatus|p2a: FreePalestine\ud83c\uddf5\ud83c\uddf8|slp|[msg]\n|move|p2a: FreePalestine\ud83c\uddf5\ud83c\uddf8|Defog|p1a: Great Tusk\n|-unboost|p1a: Great Tusk|evasion|1\n|-sideend|p1: Yankiken|Stealth Rock|[from] move: Defog|[of] p2a: FreePalestine\ud83c\uddf5\ud83c\uddf8\n|-sideend|p2: yyysneasel|Spikes|[from] move: Defog|[of] p2a: FreePalestine\ud83c\uddf5\ud83c\uddf8\n|-sideend|p2: yyysneasel|Stealth Rock|[from] move: Defog|[of] p2a: FreePalestine\ud83c\uddf5\ud83c\uddf8\n|\n|upkeep\n|turn|63\n|\n|t:|1700732130\n|move|p1a: Great Tusk|Knock Off|p2a: FreePalestine\ud83c\uddf5\ud83c\uddf8\n|-damage|p2a: FreePalestine\ud83c\uddf5\ud83c\uddf8|7\/100\n|move|p2a: FreePalestine\ud83c\uddf5\ud83c\uddf8|Roost|p2a: FreePalestine\ud83c\uddf5\ud83c\uddf8\n|-heal|p2a: FreePalestine\ud83c\uddf5\ud83c\uddf8|57\/100\n|-singleturn|p2a: FreePalestine\ud83c\uddf5\ud83c\uddf8|move: Roost\n|\n|upkeep\n|turn|64\n|\n|t:|1700732134\n|move|p1a: Great Tusk|Stealth Rock|p2a: FreePalestine\ud83c\uddf5\ud83c\uddf8\n|-sidestart|p2: yyysneasel|move: Stealth Rock\n|move|p2a: FreePalestine\ud83c\uddf5\ud83c\uddf8|Roost|p2a: FreePalestine\ud83c\uddf5\ud83c\uddf8\n|-heal|p2a: FreePalestine\ud83c\uddf5\ud83c\uddf8|100\/100\n|-singleturn|p2a: FreePalestine\ud83c\uddf5\ud83c\uddf8|move: Roost\n|\n|upkeep\n|turn|65\n|\n|t:|1700732137\n|-end|p1a: Great Tusk|Protosynthesis|[silent]\n|switch|p1a: Slowking|Slowking-Galar, F|96\/100\n|move|p2a: FreePalestine\ud83c\uddf5\ud83c\uddf8|Defog|p1a: Slowking\n|-unboost|p1a: Slowking|evasion|1\n|-sideend|p2: yyysneasel|Stealth Rock|[from] move: Defog|[of] p2a: FreePalestine\ud83c\uddf5\ud83c\uddf8\n|\n|upkeep\n|turn|66\n|\n|t:|1700732144\n|move|p2a: FreePalestine\ud83c\uddf5\ud83c\uddf8|U-turn|p1a: Slowking\n|-damage|p1a: Slowking|84\/100\n|\n|t:|1700732146\n|switch|p2a: Slowking|Slowking-Galar, M|92\/100|[from] U-turn\n|move|p1a: Slowking|Future Sight|p2a: Slowking\n|-start|p1a: Slowking|move: Future Sight\n|\n|upkeep\n|turn|67\n|\n|t:|1700732151\n|switch|p1a: Amoonguss|Amoonguss, F|100\/100\n|move|p2a: Slowking|Future Sight|p1a: Amoonguss\n|-start|p2a: Slowking|move: Future Sight\n|\n|upkeep\n|turn|68\n|\n|t:|1700732157\n|switch|p2a: ban dengo ffs|Blissey, F|95\/100\n|move|p1a: Amoonguss|Spore|p2a: ban dengo ffs\n|-status|p2a: ban dengo ffs|slp|[from] move: Spore\n|\n|-end|p2a: ban dengo ffs|move: Future Sight\n|-damage|p2a: ban dengo ffs|79\/100 slp\n|upkeep\n|turn|69\n|c|\u2606yyysneasel|you just made a horrendous play\n|\n|t:|1700732166\n|switch|p1a: Slowking|Slowking-Galar, F|100\/100\n|cant|p2a: ban dengo ffs|slp\n|\n|-end|p1a: Slowking|move: Future Sight\n|-damage|p1a: Slowking|62\/100\n|upkeep\n|turn|70\n|\n|t:|1700732174\n|-curestatus|p2a: ban dengo ffs|slp|[from] ability: Natural Cure\n|switch|p2a: Slowking|Slowking-Galar, M|100\/100\n|move|p1a: Slowking|Future Sight|p2a: Slowking\n|-start|p1a: Slowking|move: Future Sight\n|\n|upkeep\n|turn|71\n|c|\u2606yyysneasel|second chance\n|\n|t:|1700732187\n|switch|p1a: Great Tusk|Great Tusk|100\/100\n|move|p2a: Slowking|Future Sight|p1a: Great Tusk\n|-start|p2a: Slowking|move: Future Sight\n|\n|upkeep\n|turn|72\n|\n|t:|1700732194\n|switch|p2a: FreePalestine\ud83c\uddf5\ud83c\uddf8|Corviknight, F|100\/100\n|-ability|p2a: FreePalestine\ud83c\uddf5\ud83c\uddf8|Pressure\n|move|p1a: Great Tusk|Stealth Rock|p2a: FreePalestine\ud83c\uddf5\ud83c\uddf8\n|-sidestart|p2: yyysneasel|move: Stealth Rock\n|\n|-end|p2a: FreePalestine\ud83c\uddf5\ud83c\uddf8|move: Future Sight\n|-resisted|p2a: FreePalestine\ud83c\uddf5\ud83c\uddf8\n|-damage|p2a: FreePalestine\ud83c\uddf5\ud83c\uddf8|79\/100\n|upkeep\n|turn|73\n|\n|t:|1700732201\n|-end|p1a: Great Tusk|Protosynthesis|[silent]\n|switch|p1a: Amoonguss|Amoonguss, F|100\/100\n|move|p2a: FreePalestine\ud83c\uddf5\ud83c\uddf8|Defog|p1a: Amoonguss\n|-unboost|p1a: Amoonguss|evasion|1\n|-sideend|p2: yyysneasel|Stealth Rock|[from] move: Defog|[of] p2a: FreePalestine\ud83c\uddf5\ud83c\uddf8\n|\n|-end|p1a: Amoonguss|move: Future Sight\n|-supereffective|p1a: Amoonguss\n|-damage|p1a: Amoonguss|18\/100\n|upkeep\n|turn|74\n|\n|t:|1700732207\n|switch|p1a: Slowking|Slowking-Galar, F|95\/100\n|move|p2a: FreePalestine\ud83c\uddf5\ud83c\uddf8|Brave Bird|p1a: Slowking\n|-damage|p1a: Slowking|65\/100\n|-damage|p2a: FreePalestine\ud83c\uddf5\ud83c\uddf8|70\/100|[from] Recoil\n|\n|upkeep\n|turn|75\n|\n|t:|1700732210\n|switch|p1a: Amoonguss|Amoonguss, F|51\/100\n|move|p2a: FreePalestine\ud83c\uddf5\ud83c\uddf8|U-turn|p1a: Amoonguss\n|-damage|p1a: Amoonguss|39\/100\n|\n|t:|1700732213\n|switch|p2a: Slowking|Slowking-Galar, M|100\/100|[from] U-turn\n|\n|upkeep\n|turn|76\n|\n|t:|1700732217\n|switch|p2a: ban dengo ffs|Blissey, F|79\/100\n|switch|p1a: Slowking|Slowking-Galar, F|98\/100\n|\n|upkeep\n|turn|77\n|\n|t:|1700732223\n|switch|p2a: Slowking|Slowking-Galar, M|100\/100\n|move|p1a: Slowking|Future Sight|p2a: Slowking\n|-start|p1a: Slowking|move: Future Sight\n|\n|upkeep\n|turn|78\n|\n|t:|1700732225\n|switch|p1a: Great Tusk|Great Tusk|100\/100\n|move|p2a: Slowking|Future Sight|p1a: Great Tusk\n|-start|p2a: Slowking|move: Future Sight\n|\n|upkeep\n|turn|79\n|\n|t:|1700732241\n|switch|p2a: FreePalestine\ud83c\uddf5\ud83c\uddf8|Corviknight, F|70\/100\n|-ability|p2a: FreePalestine\ud83c\uddf5\ud83c\uddf8|Pressure\n|move|p1a: Great Tusk|Stealth Rock|p2a: FreePalestine\ud83c\uddf5\ud83c\uddf8\n|-sidestart|p2: yyysneasel|move: Stealth Rock\n|\n|-end|p2a: FreePalestine\ud83c\uddf5\ud83c\uddf8|move: Future Sight\n|-resisted|p2a: FreePalestine\ud83c\uddf5\ud83c\uddf8\n|-damage|p2a: FreePalestine\ud83c\uddf5\ud83c\uddf8|47\/100\n|upkeep\n|turn|80\n|\n|t:|1700732246\n|-end|p1a: Great Tusk|Protosynthesis|[silent]\n|switch|p1a: Zapdos|Zapdos|41\/100 tox\n|move|p2a: FreePalestine\ud83c\uddf5\ud83c\uddf8|Defog|p1a: Zapdos\n|-unboost|p1a: Zapdos|evasion|1\n|-sideend|p2: yyysneasel|Stealth Rock|[from] move: Defog|[of] p2a: FreePalestine\ud83c\uddf5\ud83c\uddf8\n|\n|-end|p1a: Zapdos|move: Future Sight\n|-damage|p1a: Zapdos|0 fnt\n|faint|p1a: Zapdos\n|upkeep\n|\n|t:|1700732254\n|switch|p1a: Dragapult|Dragapult, F|4\/100\n|turn|81\n|\n|t:|1700732263\n|switch|p2a: ban dengo ffs|Blissey, F|79\/100\n|move|p1a: Dragapult|U-turn|p2a: ban dengo ffs\n|-damage|p2a: ban dengo ffs|62\/100\n|\n|t:|1700732269\n|switch|p1a: Great Tusk|Great Tusk|100\/100|[from] U-turn\n|\n|upkeep\n|turn|82\n|\n|t:|1700732275\n|-end|p1a: Great Tusk|Protosynthesis|[silent]\n|switch|p1a: Dragapult|Dragapult, F|4\/100\n|switch|p2a: FreePalestine\ud83c\uddf5\ud83c\uddf8|Corviknight, F|47\/100\n|-ability|p2a: FreePalestine\ud83c\uddf5\ud83c\uddf8|Pressure\n|\n|upkeep\n|turn|83\n|\n|t:|1700732285\n|move|p1a: Dragapult|U-turn|p2a: FreePalestine\ud83c\uddf5\ud83c\uddf8\n|-resisted|p2a: FreePalestine\ud83c\uddf5\ud83c\uddf8\n|-damage|p2a: FreePalestine\ud83c\uddf5\ud83c\uddf8|44\/100\n|\n|t:|1700732289\n|switch|p1a: Amoonguss|Amoonguss, F|72\/100|[from] U-turn\n|move|p2a: FreePalestine\ud83c\uddf5\ud83c\uddf8|Roost|p2a: FreePalestine\ud83c\uddf5\ud83c\uddf8\n|-heal|p2a: FreePalestine\ud83c\uddf5\ud83c\uddf8|94\/100\n|-singleturn|p2a: FreePalestine\ud83c\uddf5\ud83c\uddf8|move: Roost\n|\n|upkeep\n|turn|84\n|c|\u2606yyysneasel|like wtf are u doin\n|\n|t:|1700732296\n|switch|p2a: ban dengo ffs|Blissey, F|62\/100\n|move|p1a: Amoonguss|Spore|p2a: ban dengo ffs\n|-status|p2a: ban dengo ffs|slp|[from] move: Spore\n|\n|upkeep\n|turn|85\n|\n|t:|1700732305\n|-curestatus|p2a: ban dengo ffs|slp|[from] ability: Natural Cure\n|switch|p2a: FreePalestine\ud83c\uddf5\ud83c\uddf8|Corviknight, F|94\/100\n|-ability|p2a: FreePalestine\ud83c\uddf5\ud83c\uddf8|Pressure\n|switch|p1a: Great Tusk|Great Tusk|100\/100\n|\n|upkeep\n|turn|86\n|\n|t:|1700732310\n|-end|p1a: Great Tusk|Protosynthesis|[silent]\n|switch|p1a: Slowking|Slowking-Galar, F|100\/100\n|move|p2a: FreePalestine\ud83c\uddf5\ud83c\uddf8|Brave Bird|p1a: Slowking\n|-damage|p1a: Slowking|71\/100\n|-damage|p2a: FreePalestine\ud83c\uddf5\ud83c\uddf8|85\/100|[from] Recoil\n|\n|upkeep\n|turn|87\n|\n|t:|1700732317\n|switch|p2a: Slowking|Slowking-Galar, M|100\/100\n|move|p1a: Slowking|Sludge Bomb|p2a: Slowking\n|-resisted|p2a: Slowking\n|-damage|p2a: Slowking|86\/100\n|\n|upkeep\n|turn|88\n|\n|t:|1700732322\n|switch|p1a: Amoonguss|Amoonguss, F|100\/100\n|move|p2a: Slowking|Future Sight|p1a: Amoonguss\n|-start|p2a: Slowking|move: Future Sight\n|\n|upkeep\n|turn|89\n|\n|t:|1700732327\n|switch|p2a: ban dengo ffs|Blissey, F|62\/100\n|switch|p1a: Slowking|Slowking-Galar, F|100\/100\n|\n|upkeep\n|turn|90\n|\n|t:|1700732338\n|move|p2a: ban dengo ffs|Soft-Boiled|p2a: ban dengo ffs\n|-heal|p2a: ban dengo ffs|100\/100\n|move|p1a: Slowking|Sludge Bomb|p2a: ban dengo ffs\n|-damage|p2a: ban dengo ffs|87\/100\n|\n|-end|p1a: Slowking|move: Future Sight\n|-damage|p1a: Slowking|59\/100\n|upkeep\n|turn|91\n|\n|t:|1700732343\n|switch|p2a: FreePalestine\ud83c\uddf5\ud83c\uddf8|Corviknight, F|85\/100\n|-ability|p2a: FreePalestine\ud83c\uddf5\ud83c\uddf8|Pressure\n|switch|p1a: Amoonguss|Amoonguss, F|100\/100\n|\n|upkeep\n|turn|92\n|\n|t:|1700732348\n|switch|p2a: ban dengo ffs|Blissey, F|87\/100\n|switch|p1a: Slowking|Slowking-Galar, F|92\/100\n|\n|upkeep\n|turn|93\n|\n|t:|1700732352\n|switch|p2a: Slowking|Slowking-Galar, M|100\/100\n|switch|p1a: Amoonguss|Amoonguss, F|100\/100\n|\n|upkeep\n|turn|94\n|\n|t:|1700732357\n|switch|p2a: ban dengo ffs|Blissey, F|87\/100\n|move|p1a: Amoonguss|Spore|p2a: ban dengo ffs\n|-status|p2a: ban dengo ffs|slp|[from] move: Spore\n|\n|upkeep\n|turn|95\n|\n|t:|1700732362\n|switch|p1a: Dragapult|Dragapult, F|4\/100\n|cant|p2a: ban dengo ffs|slp\n|\n|upkeep\n|turn|96\n|\n|t:|1700732368\n|move|p1a: Dragapult|Will-O-Wisp||[still]\n|-fail|p1a: Dragapult\n|-curestatus|p2a: ban dengo ffs|slp|[msg]\n|move|p2a: ban dengo ffs|Flamethrower|p1a: Dragapult\n|-resisted|p1a: Dragapult\n|-damage|p1a: Dragapult|0 fnt\n|faint|p1a: Dragapult\n|\n|upkeep\n|c|\u2606yyysneasel|bruh\n|\n|t:|1700732374\n|switch|p1a: Great Tusk|Great Tusk|100\/100\n|turn|97\n|c|\u2606yyysneasel|i guess you want to give it to me for free\n|c|\u2606yyysneasel|thanks but i did not want to\n|\n|t:|1700732389\n|switch|p2a: FreePalestine\ud83c\uddf5\ud83c\uddf8|Corviknight, F|85\/100\n|-ability|p2a: FreePalestine\ud83c\uddf5\ud83c\uddf8|Pressure\n|move|p1a: Great Tusk|Knock Off|p2a: FreePalestine\ud83c\uddf5\ud83c\uddf8\n|-damage|p2a: FreePalestine\ud83c\uddf5\ud83c\uddf8|74\/100\n|\n|upkeep\n|turn|98\n|\n|t:|1700732406\n|-end|p1a: Great Tusk|Protosynthesis|[silent]\n|switch|p1a: Slowking|Slowking-Galar, F|100\/100\n|move|p2a: FreePalestine\ud83c\uddf5\ud83c\uddf8|Brave Bird|p1a: Slowking\n|-damage|p1a: Slowking|71\/100\n|-damage|p2a: FreePalestine\ud83c\uddf5\ud83c\uddf8|65\/100|[from] Recoil\n|\n|upkeep\n|turn|99\n|\n|t:|1700732410\n|switch|p1a: Amoonguss|Amoonguss, F|100\/100\n|move|p2a: FreePalestine\ud83c\uddf5\ud83c\uddf8|Brave Bird|p1a: Amoonguss\n|-supereffective|p1a: Amoonguss\n|-damage|p1a: Amoonguss|37\/100\n|-damage|p2a: FreePalestine\ud83c\uddf5\ud83c\uddf8|42\/100|[from] Recoil\n|\n|upkeep\n|turn|100\n|\n|t:|1700732415\n|switch|p1a: Slowking|Slowking-Galar, F|100\/100\n|move|p2a: FreePalestine\ud83c\uddf5\ud83c\uddf8|Roost|p2a: FreePalestine\ud83c\uddf5\ud83c\uddf8\n|-heal|p2a: FreePalestine\ud83c\uddf5\ud83c\uddf8|92\/100\n|-singleturn|p2a: FreePalestine\ud83c\uddf5\ud83c\uddf8|move: Roost\n|\n|upkeep\n|turn|101\n|\n|t:|1700732419\n|switch|p1a: Amoonguss|Amoonguss, F|70\/100\n|move|p2a: FreePalestine\ud83c\uddf5\ud83c\uddf8|U-turn|p1a: Amoonguss\n|-damage|p1a: Amoonguss|57\/100\n|\n|t:|1700732421\n|switch|p2a: ban dengo ffs|Blissey, F|87\/100|[from] U-turn\n|\n|upkeep\n|turn|102\n|\n|t:|1700732423\n|switch|p1a: Slowking|Slowking-Galar, F|100\/100\n|move|p2a: ban dengo ffs|Stealth Rock|p1a: Slowking\n|-sidestart|p1: Yankiken|move: Stealth Rock\n|\n|upkeep\n|turn|103\n|\n|t:|1700732426\n|switch|p2a: Slowking|Slowking-Galar, M|100\/100\n|switch|p1a: Amoonguss|Amoonguss, F|91\/100\n|\n|upkeep\n|turn|104\n|\n|t:|1700732430\n|switch|p2a: ban dengo ffs|Blissey, F|87\/100\n|move|p1a: Amoonguss|Foul Play|p2a: ban dengo ffs\n|-damage|p2a: ban dengo ffs|85\/100\n|\n|upkeep\n|turn|105\n|\n|t:|1700732435\n|switch|p1a: Slowking|Slowking-Galar, F|100\/100\n|-damage|p1a: Slowking|88\/100|[from] Stealth Rock\n|move|p2a: ban dengo ffs|Flamethrower|p1a: Slowking\n|-damage|p1a: Slowking|76\/100\n|\n|upkeep\n|turn|106\n|\n|t:|1700732438\n|switch|p2a: Slowking|Slowking-Galar, M|100\/100\n|move|p1a: Slowking|Future Sight|p2a: Slowking\n|-start|p1a: Slowking|move: Future Sight\n|\n|upkeep\n|turn|107\n|\n|t:|1700732441\n|switch|p1a: Great Tusk|Great Tusk|100\/100\n|-damage|p1a: Great Tusk|98\/100|[from] Stealth Rock\n|move|p2a: Slowking|Future Sight|p1a: Great Tusk\n|-start|p2a: Slowking|move: Future Sight\n|\n|-heal|p1a: Great Tusk|100\/100|[from] item: Leftovers\n|upkeep\n|turn|108\n|\n|t:|1700732469\n|switch|p2a: FreePalestine\ud83c\uddf5\ud83c\uddf8|Corviknight, F|92\/100\n|-ability|p2a: FreePalestine\ud83c\uddf5\ud83c\uddf8|Pressure\n|move|p1a: Great Tusk|Knock Off|p2a: FreePalestine\ud83c\uddf5\ud83c\uddf8\n|-damage|p2a: FreePalestine\ud83c\uddf5\ud83c\uddf8|80\/100\n|\n|-end|p2a: FreePalestine\ud83c\uddf5\ud83c\uddf8|move: Future Sight\n|-resisted|p2a: FreePalestine\ud83c\uddf5\ud83c\uddf8\n|-damage|p2a: FreePalestine\ud83c\uddf5\ud83c\uddf8|59\/100\n|upkeep\n|turn|109\n|\n|t:|1700732477\n|-end|p1a: Great Tusk|Protosynthesis|[silent]\n|switch|p1a: Slowking|Slowking-Galar, F|100\/100\n|-damage|p1a: Slowking|88\/100|[from] Stealth Rock\n|move|p2a: FreePalestine\ud83c\uddf5\ud83c\uddf8|U-turn|p1a: Slowking\n|-damage|p1a: Slowking|77\/100\n|\n|t:|1700732480\n|switch|p2a: Slowking|Slowking-Galar, M|100\/100|[from] U-turn\n|\n|-end|p1a: Slowking|move: Future Sight\n|-damage|p1a: Slowking|37\/100\n|upkeep\n|turn|110\n|\n|t:|1700732483\n|move|p2a: Slowking|Future Sight|p1a: Slowking\n|-start|p2a: Slowking|move: Future Sight\n|move|p1a: Slowking|Chilly Reception|p1a: Slowking\n|-weather|Snow\n|\n|t:|1700732486\n|switch|p1a: Great Tusk|Great Tusk|100\/100|[from] Chilly Reception\n|-damage|p1a: Great Tusk|98\/100|[from] Stealth Rock\n|\n|-weather|Snow|[upkeep]\n|-heal|p1a: Great Tusk|100\/100|[from] item: Leftovers\n|upkeep\n|turn|111\n|\n|t:|1700732491\n|-end|p1a: Great Tusk|Protosynthesis|[silent]\n|switch|p1a: Slowking|Slowking-Galar, F|70\/100\n|-damage|p1a: Slowking|57\/100|[from] Stealth Rock\n|switch|p2a: FreePalestine\ud83c\uddf5\ud83c\uddf8|Corviknight, F|59\/100\n|-ability|p2a: FreePalestine\ud83c\uddf5\ud83c\uddf8|Pressure\n|\n|-weather|Snow|[upkeep]\n|upkeep\n|turn|112\n|\n|t:|1700732496\n|move|p2a: FreePalestine\ud83c\uddf5\ud83c\uddf8|Brave Bird|p1a: Slowking\n|-damage|p1a: Slowking|28\/100\n|-damage|p2a: FreePalestine\ud83c\uddf5\ud83c\uddf8|49\/100|[from] Recoil\n|move|p1a: Slowking|Slack Off|p1a: Slowking\n|-heal|p1a: Slowking|78\/100\n|\n|-weather|Snow|[upkeep]\n|-end|p1a: Slowking|move: Future Sight\n|-damage|p1a: Slowking|39\/100\n|upkeep\n|turn|113\n|\n|t:|1700732502\n|move|p2a: FreePalestine\ud83c\uddf5\ud83c\uddf8|Roost|p2a: FreePalestine\ud83c\uddf5\ud83c\uddf8\n|-heal|p2a: FreePalestine\ud83c\uddf5\ud83c\uddf8|99\/100\n|-singleturn|p2a: FreePalestine\ud83c\uddf5\ud83c\uddf8|move: Roost\n|move|p1a: Slowking|Slack Off|p1a: Slowking\n|-heal|p1a: Slowking|90\/100\n|\n|-weather|Snow|[upkeep]\n|upkeep\n|turn|114\n|\n|t:|1700732506\n|switch|p1a: Amoonguss|Amoonguss, F|100\/100\n|move|p2a: FreePalestine\ud83c\uddf5\ud83c\uddf8|U-turn|p1a: Amoonguss\n|-damage|p1a: Amoonguss|88\/100\n|\n|t:|1700732509\n|switch|p2a: ban dengo ffs|Blissey, F|85\/100|[from] U-turn\n|\n|-weather|none\n|upkeep\n|turn|115\n|\n|t:|1700732514\n|move|p2a: ban dengo ffs|Flamethrower|p1a: Amoonguss\n|-supereffective|p1a: Amoonguss\n|-damage|p1a: Amoonguss|63\/100\n|move|p1a: Amoonguss|Spore|p2a: ban dengo ffs\n|-status|p2a: ban dengo ffs|slp|[from] move: Spore\n|\n|upkeep\n|turn|116\n|\n|t:|1700732518\n|switch|p1a: Great Tusk|Great Tusk|100\/100\n|-damage|p1a: Great Tusk|98\/100|[from] Stealth Rock\n|cant|p2a: ban dengo ffs|slp\n|\n|-heal|p1a: Great Tusk|100\/100|[from] item: Leftovers\n|upkeep\n|turn|117\n|\n|t:|1700732523\n|-curestatus|p2a: ban dengo ffs|slp|[from] ability: Natural Cure\n|switch|p2a: FreePalestine\ud83c\uddf5\ud83c\uddf8|Corviknight, F|99\/100\n|-ability|p2a: FreePalestine\ud83c\uddf5\ud83c\uddf8|Pressure\n|move|p1a: Great Tusk|Stealth Rock|p2a: FreePalestine\ud83c\uddf5\ud83c\uddf8\n|-sidestart|p2: yyysneasel|move: Stealth Rock\n|\n|upkeep\n|turn|118\n|\n|t:|1700732527\n|move|p1a: Great Tusk|Knock Off|p2a: FreePalestine\ud83c\uddf5\ud83c\uddf8\n|-damage|p2a: FreePalestine\ud83c\uddf5\ud83c\uddf8|88\/100\n|move|p2a: FreePalestine\ud83c\uddf5\ud83c\uddf8|Defog|p1a: Great Tusk\n|-unboost|p1a: Great Tusk|evasion|1\n|-sideend|p1: Yankiken|Stealth Rock|[from] move: Defog|[of] p2a: FreePalestine\ud83c\uddf5\ud83c\uddf8\n|-sideend|p2: yyysneasel|Stealth Rock|[from] move: Defog|[of] p2a: FreePalestine\ud83c\uddf5\ud83c\uddf8\n|\n|upkeep\n|turn|119\n|\n|t:|1700732529\n|-end|p1a: Great Tusk|Protosynthesis|[silent]\n|switch|p1a: Slowking|Slowking-Galar, F|100\/100\n|move|p2a: FreePalestine\ud83c\uddf5\ud83c\uddf8|U-turn|p1a: Slowking\n|-damage|p1a: Slowking|90\/100\n|\n|t:|1700732532\n|switch|p2a: Slowking|Slowking-Galar, M|100\/100|[from] U-turn\n|\n|upkeep\n|turn|120\n|\n|t:|1700732535\n|move|p2a: Slowking|Future Sight|p1a: Slowking\n|-start|p2a: Slowking|move: Future Sight\n|move|p1a: Slowking|Future Sight|p2a: Slowking\n|-start|p1a: Slowking|move: Future Sight\n|\n|upkeep\n|turn|121\n|\n|t:|1700732541\n|switch|p1a: Amoonguss|Amoonguss, F|97\/100\n|move|p2a: Slowking|Sludge Bomb|p1a: Amoonguss\n|-damage|p1a: Amoonguss|70\/100\n|\n|upkeep\n|turn|122\n|\n|t:|1700732552\n|switch|p1a: Slowking|Slowking-Galar, F|100\/100\n|move|p2a: Slowking|Sludge Bomb|p1a: Slowking\n|-resisted|p1a: Slowking\n|-damage|p1a: Slowking|87\/100\n|\n|-end|p2a: Slowking|move: Future Sight\n|-damage|p2a: Slowking|61\/100\n|-end|p1a: Slowking|move: Future Sight\n|-damage|p1a: Slowking|48\/100\n|upkeep\n|turn|123\n|\n|t:|1700732557\n|move|p2a: Slowking|Future Sight|p1a: Slowking\n|-start|p2a: Slowking|move: Future Sight\n|move|p1a: Slowking|Future Sight|p2a: Slowking\n|-start|p1a: Slowking|move: Future Sight\n|\n|upkeep\n|turn|124\n|\n|t:|1700732560\n|switch|p1a: Great Tusk|Great Tusk|100\/100\n|move|p2a: Slowking|Sludge Bomb|p1a: Great Tusk\n|-resisted|p1a: Great Tusk\n|-damage|p1a: Great Tusk|74\/100\n|-status|p1a: Great Tusk|psn\n|\n|-heal|p1a: Great Tusk|80\/100 psn|[from] item: Leftovers\n|-damage|p1a: Great Tusk|68\/100 psn|[from] psn\n|upkeep\n|turn|125\n|\n|t:|1700732564\n|switch|p2a: FreePalestine\ud83c\uddf5\ud83c\uddf8|Corviknight, F|88\/100\n|-ability|p2a: FreePalestine\ud83c\uddf5\ud83c\uddf8|Pressure\n|move|p1a: Great Tusk|Knock Off|p2a: FreePalestine\ud83c\uddf5\ud83c\uddf8\n|-damage|p2a: FreePalestine\ud83c\uddf5\ud83c\uddf8|77\/100\n|\n|-end|p1a: Great Tusk|move: Future Sight\n|-supereffective|p1a: Great Tusk\n|-damage|p1a: Great Tusk|0 fnt\n|faint|p1a: Great Tusk\n|-end|p1a: Great Tusk|Protosynthesis|[silent]\n|-end|p2a: FreePalestine\ud83c\uddf5\ud83c\uddf8|move: Future Sight\n|-resisted|p2a: FreePalestine\ud83c\uddf5\ud83c\uddf8\n|-damage|p2a: FreePalestine\ud83c\uddf5\ud83c\uddf8|54\/100\n|upkeep\n|c|\u2606Yankiken|Skip turn so much\n|-message|Yankiken forfeited.\n|\n|win|yyysneasel\n|raw|Yankiken's rating: 1696 &rarr; <strong>1680<\/strong><br \/>(-16 for losing)\n|raw|yyysneasel's rating: 1773 &rarr; <strong>1789<\/strong><br \/>(+16 for winning)\n|l|\u2606Yankiken\n|l|\u2606yyysneasel\n|l| deneme12\n|j| AntiDinkus\n","uploadtime":1700732598,"views":14,"p1id":"yankiken","p2id":"yyysneasel","formatid":"gen9ou","rating":1680,"private":0,"password":""}