{"id":"gen9ou-2000085042","p1":"platking","p2":"The97th","format":"[Gen 9] OU","log":"|j|\u2606platking\n|j|\u2606The97th\n|t:|1701151951\n|gametype|singles\n|player|p1|platking|266|1069\n|player|p2|The97th|102|1038\n|teamsize|p1|6\n|teamsize|p2|6\n|gen|9\n|tier|[Gen 9] OU\n|rated|\n|rule|Sleep Clause Mod: Limit one foe put to sleep\n|rule|Species Clause: Limit one of each Pok\u00e9mon\n|rule|OHKO Clause: OHKO moves are banned\n|rule|Evasion Items Clause: Evasion items are banned\n|rule|Evasion Moves Clause: Evasion moves are banned\n|rule|Endless Battle Clause: Forcing endless battles is banned\n|rule|HP Percentage Mod: HP is shown in percentages\n|clearpoke\n|poke|p1|Skeledirge, M|\n|poke|p1|Dragapult, M|\n|poke|p1|Kingambit, M|\n|poke|p1|Walking Wake|\n|poke|p1|Glimmora, F|\n|poke|p1|Dondozo, F|\n|poke|p2|Arcanine-Hisui, F|\n|poke|p2|Electrode-Hisui|\n|poke|p2|Ursaluna, M|\n|poke|p2|Mienshao, M|\n|poke|p2|Kingambit, M|\n|poke|p2|Iron Valiant|\n|teampreview\n|inactive|Battle timer is ON: inactive players will automatically lose when time's up. (requested by The97th)\n|\n|t:|1701151961\n|start\n|switch|p1a: Glub Tubbah|Glimmora, F|100\/100\n|switch|p2a: Mienshao|Mienshao, M|100\/100\n|turn|1\n|\n|t:|1701151976\n|move|p2a: Mienshao|High Jump Kick|p1a: Glub Tubbah\n|-damage|p1a: Glub Tubbah|3\/100\n|-activate|p1a: Glub Tubbah|ability: Toxic Debris\n|-sidestart|p2: The97th|move: Toxic Spikes\n|move|p1a: Glub Tubbah|Stealth Rock|p2a: Mienshao\n|-sidestart|p2: The97th|move: Stealth Rock\n|\n|upkeep\n|turn|2\n|\n|t:|1701151984\n|move|p2a: Mienshao|High Jump Kick|p1a: Glub Tubbah\n|-damage|p1a: Glub Tubbah|0 fnt\n|-activate|p1a: Glub Tubbah|ability: Toxic Debris\n|-sidestart|p2: The97th|move: Toxic Spikes\n|faint|p1a: Glub Tubbah\n|\n|upkeep\n|\n|t:|1701151993\n|switch|p1a: Nyoomster|Dragapult, M|100\/100\n|turn|3\n|\n|t:|1701152001\n|switch|p2a: Kingambit|Kingambit, M|100\/100\n|-damage|p2a: Kingambit|94\/100|[from] Stealth Rock\n|move|p1a: Nyoomster|Dragon Darts|p2a: Kingambit\n|-resisted|p2a: Kingambit\n|-damage|p2a: Kingambit|87\/100\n|-anim|p1a: Nyoomster|Dragon Darts|p2a: Kingambit\n|-resisted|p2a: Kingambit\n|-damage|p2a: Kingambit|80\/100\n|\n|upkeep\n|turn|4\n|\n|t:|1701152018\n|switch|p1a: The DON|Dondozo, F|100\/100\n|move|p2a: Kingambit|Sucker Punch||[still]\n|-fail|p2a: Kingambit\n|\n|upkeep\n|turn|5\n|\n|t:|1701152026\n|move|p2a: Kingambit|Grass Knot|p1a: The DON\n|-supereffective|p1a: The DON\n|-damage|p1a: The DON|65\/100\n|move|p1a: The DON|Earthquake|p2a: Kingambit\n|-supereffective|p2a: Kingambit\n|-damage|p2a: Kingambit|49\/100\n|\n|-heal|p1a: The DON|71\/100|[from] item: Leftovers\n|upkeep\n|turn|6\n|\n|t:|1701152042\n|move|p2a: Kingambit|Poison Jab|p1a: The DON\n|-damage|p1a: The DON|56\/100\n|move|p1a: The DON|Earthquake|p2a: Kingambit\n|-supereffective|p2a: Kingambit\n|-damage|p2a: Kingambit|14\/100\n|\n|-heal|p1a: The DON|62\/100|[from] item: Leftovers\n|upkeep\n|turn|7\n|\n|t:|1701152051\n|move|p2a: Kingambit|Poison Jab|p1a: The DON\n|-damage|p1a: The DON|49\/100\n|move|p1a: The DON|Earthquake|p2a: Kingambit\n|-supereffective|p2a: Kingambit\n|-damage|p2a: Kingambit|0 fnt\n|faint|p2a: Kingambit\n|\n|-heal|p1a: The DON|55\/100|[from] item: Leftovers\n|upkeep\n|\n|t:|1701152079\n|switch|p2a: Electrode|Electrode-Hisui, shiny|100\/100\n|-status|p2a: Electrode|tox\n|-damage|p2a: Electrode|88\/100 tox|[from] Stealth Rock\n|turn|8\n|\n|t:|1701152090\n|switch|p1a: Nyoomster|Dragapult, M|100\/100\n|move|p2a: Electrode|Discharge|p1a: Nyoomster\n|-resisted|p1a: Nyoomster\n|-damage|p1a: Nyoomster|76\/100\n|-start|p2a: Electrode|Disable|Discharge|[from] ability: Cursed Body|[of] p1a: Nyoomster\n|\n|-damage|p2a: Electrode|82\/100 tox|[from] psn\n|upkeep\n|turn|9\n|\n|t:|1701152101\n|switch|p2a: Arcanine|Arcanine-Hisui, F, shiny|100\/100\n|-status|p2a: Arcanine|tox\n|-damage|p2a: Arcanine|76\/100 tox|[from] Stealth Rock\n|move|p1a: Nyoomster|Dragon Darts|p2a: Arcanine\n|-damage|p2a: Arcanine|50\/100 tox\n|-anim|p1a: Nyoomster|Dragon Darts|p2a: Arcanine\n|-damage|p2a: Arcanine|24\/100 tox\n|\n|-damage|p2a: Arcanine|18\/100 tox|[from] psn\n|upkeep\n|turn|10\n|\n|t:|1701152112\n|move|p1a: Nyoomster|Dragon Darts|p2a: Arcanine\n|-damage|p2a: Arcanine|0 fnt\n|faint|p2a: Arcanine\n|\n|upkeep\n|\n|t:|1701152126\n|switch|p2a: Iron Valiant|Iron Valiant|100\/100\n|-status|p2a: Iron Valiant|tox\n|-damage|p2a: Iron Valiant|94\/100 tox|[from] Stealth Rock\n|-enditem|p2a: Iron Valiant|Booster Energy\n|-activate|p2a: Iron Valiant|ability: Quark Drive|[fromitem]\n|-start|p2a: Iron Valiant|quarkdriveatk\n|turn|11\n|\n|t:|1701152142\n|move|p1a: Nyoomster|Curse|p2a: Iron Valiant\n|-start|p2a: Iron Valiant|Curse|[of] p1a: Nyoomster\n|-damage|p1a: Nyoomster|26\/100\n|move|p2a: Iron Valiant|Close Combat|p1a: Nyoomster\n|-immune|p1a: Nyoomster\n|\n|-damage|p2a: Iron Valiant|88\/100 tox|[from] psn\n|-damage|p2a: Iron Valiant|63\/100 tox|[from] Curse\n|upkeep\n|turn|12\n|\n|t:|1701152155\n|move|p1a: Nyoomster|Dragon Darts|p2a: Iron Valiant\n|-immune|p2a: Iron Valiant\n|move|p2a: Iron Valiant|Poison Jab|p1a: Nyoomster\n|-resisted|p1a: Nyoomster\n|-damage|p1a: Nyoomster|2\/100\n|\n|-damage|p2a: Iron Valiant|51\/100 tox|[from] psn\n|-damage|p2a: Iron Valiant|26\/100 tox|[from] Curse\n|upkeep\n|turn|13\n|\n|t:|1701152167\n|move|p1a: Nyoomster|Reflect|p1a: Nyoomster\n|-sidestart|p1: platking|Reflect\n|move|p2a: Iron Valiant|Poison Jab|p1a: Nyoomster\n|-resisted|p1a: Nyoomster\n|-damage|p1a: Nyoomster|0 fnt\n|-start|p2a: Iron Valiant|Disable|Poison Jab|[from] ability: Cursed Body|[of] p1a: Nyoomster\n|faint|p1a: Nyoomster\n|\n|-damage|p2a: Iron Valiant|7\/100 tox|[from] psn\n|-damage|p2a: Iron Valiant|0 fnt|[from] Curse\n|faint|p2a: Iron Valiant\n|-end|p2a: Iron Valiant|Quark Drive|[silent]\n|upkeep\n|\n|t:|1701152196\n|switch|p1a: Tepple|Walking Wake|100\/100\n|switch|p2a: Electrode|Electrode-Hisui, shiny|82\/100 tox\n|-damage|p2a: Electrode|70\/100 tox|[from] Stealth Rock\n|turn|14\n|inactive|The97th has 120 seconds left.\n|\n|t:|1701152218\n|move|p2a: Electrode|Giga Drain|p1a: Tepple\n|-damage|p1a: Tepple|54\/100\n|-heal|p2a: Electrode|99\/100 tox|[from] drain|[of] p1a: Tepple\n|move|p1a: Tepple|Dragon Pulse|p2a: Electrode\n|-damage|p2a: Electrode|5\/100 tox\n|\n|-damage|p2a: Electrode|0 fnt|[from] psn\n|faint|p2a: Electrode\n|upkeep\n|\n|t:|1701152225\n|switch|p2a: Mienshao|Mienshao, M|100\/100\n|-status|p2a: Mienshao|tox\n|-damage|p2a: Mienshao|95\/100 tox|[from] Stealth Rock\n|turn|15\n|inactive|The97th has 120 seconds left.\n|\n|t:|1701152233\n|move|p2a: Mienshao|High Jump Kick|p1a: Tepple\n|-damage|p1a: Tepple|11\/100\n|move|p1a: Tepple|Dragon Pulse|p2a: Mienshao\n|-damage|p2a: Mienshao|0 fnt\n|faint|p2a: Mienshao\n|\n|upkeep\n|inactive|The97th has 120 seconds left.\n|inactive|The97th has 90 seconds left.\n|\n|t:|1701152286\n|switch|p2a: Ursaluna|Ursaluna, M|100\/100\n|-status|p2a: Ursaluna|tox\n|-damage|p2a: Ursaluna|94\/100 tox|[from] Stealth Rock\n|turn|16\n|\n|t:|1701152293\n|move|p1a: Tepple|Dragon Pulse|p2a: Ursaluna\n|-damage|p2a: Ursaluna|37\/100 tox\n|move|p2a: Ursaluna|Drain Punch|p1a: Tepple\n|-damage|p1a: Tepple|0 fnt\n|-heal|p2a: Ursaluna|41\/100 tox|[from] drain|[of] p1a: Tepple\n|faint|p1a: Tepple\n|-end|p1a: Tepple|Protosynthesis|[silent]\n|\n|-damage|p2a: Ursaluna|35\/100 tox|[from] psn\n|upkeep\n|\n|t:|1701152304\n|switch|p1a: Leen|Kingambit, M|100\/100\n|turn|17\n|inactive|The97th has 90 seconds left.\n|\n|t:|1701152310\n|move|p1a: Leen|Kowtow Cleave|p2a: Ursaluna\n|-damage|p2a: Ursaluna|1\/100 tox\n|move|p2a: Ursaluna|Drain Punch|p1a: Leen\n|-supereffective|p1a: Leen\n|-damage|p1a: Leen|28\/100\n|-heal|p2a: Ursaluna|27\/100 tox|[from] drain|[of] p1a: Leen\n|\n|-damage|p2a: Ursaluna|15\/100 tox|[from] psn\n|upkeep\n|turn|18\n|\n|t:|1701152318\n|-terastallize|p2a: Ursaluna|Ground\n|move|p1a: Leen|Kowtow Cleave|p2a: Ursaluna\n|-damage|p2a: Ursaluna|0 fnt\n|faint|p2a: Ursaluna\n|\n|win|platking\n|raw|platking's rating: 1069 &rarr; <strong>1096<\/strong><br \/>(+27 for winning)\n|raw|The97th's rating: 1038 &rarr; <strong>1024<\/strong><br \/>(-14 for losing)\n|l|\u2606The97th\n","uploadtime":1701152325,"views":3,"p1id":"platking","p2id":"the97th","formatid":"gen9ou","rating":1024,"private":0,"password":""}