{"id":"gen9ou-2000058433","p1":"Soulreaper 1406","p2":"Champ Bogar","format":"[Gen 9] OU","log":"|j|\u2606Soulreaper 1406\n|j|\u2606Champ Bogar\n|t:|1701147435\n|gametype|singles\n|player|p1|Soulreaper 1406|2|\n|player|p2|Champ Bogar|cynthia|\n|teamsize|p1|6\n|teamsize|p2|6\n|gen|9\n|tier|[Gen 9] OU\n|rule|Sleep Clause Mod: Limit one foe put to sleep\n|rule|Species Clause: Limit one of each Pok\u00e9mon\n|rule|OHKO Clause: OHKO moves are banned\n|rule|Evasion Items Clause: Evasion items are banned\n|rule|Evasion Moves Clause: Evasion moves are banned\n|rule|Endless Battle Clause: Forcing endless battles is banned\n|rule|HP Percentage Mod: HP is shown in percentages\n|clearpoke\n|poke|p1|Lucario, F|\n|poke|p1|Bisharp, M|\n|poke|p1|Corviknight, F|\n|poke|p1|Heatran, F|\n|poke|p1|Gholdengo|\n|poke|p1|Kingambit, F|\n|poke|p2|Infernape, M|\n|poke|p2|Slowking-Galar, M|\n|poke|p2|Great Tusk|\n|poke|p2|Ogerpon-Wellspring, F|\n|poke|p2|Dondozo, M|\n|poke|p2|Ribombee, F|\n|teampreview\n|inactive|Battle timer is ON: inactive players will automatically lose when time's up. (requested by Champ Bogar)\n|\n|t:|1701147452\n|start\n|switch|p1a: Bisharp|Bisharp, M|100\/100\n|switch|p2a: Ribombee|Ribombee, F, shiny|100\/100\n|-ability|p1a: Bisharp|Pressure\n|turn|1\n|\n|t:|1701147462\n|move|p2a: Ribombee|Stun Spore|p1a: Bisharp\n|-status|p1a: Bisharp|par\n|move|p1a: Bisharp|Iron Defense|p1a: Bisharp\n|-boost|p1a: Bisharp|def|2\n|\n|upkeep\n|turn|2\n|\n|t:|1701147472\n|move|p2a: Ribombee|Sticky Web|p1a: Bisharp\n|-sidestart|p1: Soulreaper 1406|move: Sticky Web\n|move|p1a: Bisharp|Iron Head|p2a: Ribombee\n|-supereffective|p2a: Ribombee\n|-enditem|p2a: Ribombee|Focus Sash\n|-damage|p2a: Ribombee|1\/100\n|\n|upkeep\n|turn|3\n|\n|t:|1701147480\n|move|p2a: Ribombee|Switcheroo|p1a: Bisharp\n|-activate|p2a: Ribombee|move: Trick|[of] p1a: Bisharp\n|-enditem|p1a: Bisharp|Eviolite|[silent]|[from] move: Switcheroo\n|-item|p2a: Ribombee|Eviolite|[from] move: Switcheroo\n|cant|p1a: Bisharp|par\n|\n|upkeep\n|turn|4\n|\n|t:|1701147485\n|move|p2a: Ribombee|Moonblast|p1a: Bisharp\n|-damage|p1a: Bisharp|62\/100 par\n|move|p1a: Bisharp|Iron Head|p2a: Ribombee\n|-supereffective|p2a: Ribombee\n|-damage|p2a: Ribombee|0 fnt\n|faint|p2a: Ribombee\n|\n|upkeep\n|\n|t:|1701147494\n|switch|p2a: Infernape|Infernape, M, shiny|100\/100\n|turn|5\n|\n|t:|1701147508\n|move|p2a: Infernape|Focus Energy|p2a: Infernape\n|-start|p2a: Infernape|move: Focus Energy\n|move|p1a: Bisharp|Iron Head|p2a: Infernape\n|-resisted|p2a: Infernape\n|-damage|p2a: Infernape|74\/100\n|\n|upkeep\n|turn|6\n|\n|t:|1701147513\n|move|p2a: Infernape|Overheat|p1a: Bisharp\n|-supereffective|p1a: Bisharp\n|-crit|p1a: Bisharp\n|-damage|p1a: Bisharp|0 fnt\n|-unboost|p2a: Infernape|spa|2\n|faint|p1a: Bisharp\n|\n|upkeep\n|\n|t:|1701147528\n|switch|p1a: Lucario|Lucario, F|100\/100\n|-activate|p1a: Lucario|move: Sticky Web\n|-unboost|p1a: Lucario|spe|1\n|turn|7\n|\n|t:|1701147538\n|move|p2a: Infernape|Overheat|p1a: Lucario\n|-supereffective|p1a: Lucario\n|-crit|p1a: Lucario\n|-damage|p1a: Lucario|0 fnt\n|-unboost|p2a: Infernape|spa|2\n|faint|p1a: Lucario\n|\n|upkeep\n|inactive|Soulreaper 1406 has 270 seconds left.\n|\n|t:|1701147578\n|switch|p1a: Gholdengo|Gholdengo|100\/100\n|-activate|p1a: Gholdengo|move: Sticky Web\n|-unboost|p1a: Gholdengo|spe|1\n|turn|8\n|\n|t:|1701147587\n|move|p2a: Infernape|Overheat|p1a: Gholdengo\n|-supereffective|p1a: Gholdengo\n|-crit|p1a: Gholdengo\n|-damage|p1a: Gholdengo|0 fnt\n|-unboost|p2a: Infernape|spa|2\n|faint|p1a: Gholdengo\n|\n|upkeep\n|\n|t:|1701147590\n|switch|p1a: Corviknight|Corviknight, F|100\/100\n|turn|9\n|inactive|Soulreaper 1406 has 270 seconds left.\n|\n|t:|1701147612\n|move|p2a: Infernape|Overheat|p1a: Corviknight\n|-supereffective|p1a: Corviknight\n|-crit|p1a: Corviknight\n|-damage|p1a: Corviknight|0 fnt\n|faint|p1a: Corviknight\n|\n|upkeep\n|\n|t:|1701147621\n|switch|p1a: Heatran|Heatran, F|100\/100\n|turn|10\n|\n|t:|1701147628\n|move|p2a: Infernape|Focus Blast|p1a: Heatran\n|-supereffective|p1a: Heatran\n|-crit|p1a: Heatran\n|-damage|p1a: Heatran|0 fnt\n|faint|p1a: Heatran\n|\n|upkeep\n|\n|t:|1701147632\n|switch|p1a: Kingambit|Kingambit, F|100\/100\n|-activate|p1a: Kingambit|move: Sticky Web\n|-unboost|p1a: Kingambit|spe|1\n|-activate|p1a: Kingambit|ability: Supreme Overlord\n|-start|p1a: Kingambit|fallen5|[silent]\n|turn|11\n|inactive|Soulreaper 1406 has 270 seconds left.\n|\n|t:|1701147649\n|move|p2a: Infernape|Overheat|p1a: Kingambit\n|-supereffective|p1a: Kingambit\n|-crit|p1a: Kingambit\n|-damage|p1a: Kingambit|0 fnt\n|faint|p1a: Kingambit\n|-end|p1a: Kingambit|fallen5|[silent]\n|\n|win|Champ Bogar\n|l|\u2606Soulreaper 1406\n","uploadtime":1701147656,"views":6,"p1id":"soulreaper1406","p2id":"champbogar","formatid":"gen9ou","rating":0,"private":0,"password":""}