{"id":"gen9ou-1990762825","p1":"CharninjaGamingYT","p2":"FanFanSan2882","format":"[Gen 9] OU","log":"|j|\u2606CharninjaGamingYT\n|j|\u2606FanFanSan2882\n|t:|1699998481\n|gametype|singles\n|player|p1|CharninjaGamingYT|turo-ai|1129\n|player|p2|FanFanSan2882|266|1233\n|teamsize|p1|6\n|teamsize|p2|6\n|gen|9\n|tier|[Gen 9] OU\n|rated|\n|rule|Sleep Clause Mod: Limit one foe put to sleep\n|rule|Species Clause: Limit one of each Pok\u00e9mon\n|rule|OHKO Clause: OHKO moves are banned\n|rule|Evasion Items Clause: Evasion items are banned\n|rule|Evasion Moves Clause: Evasion moves are banned\n|rule|Endless Battle Clause: Forcing endless battles is banned\n|rule|HP Percentage Mod: HP is shown in percentages\n|clearpoke\n|poke|p1|Meowscarada, F|\n|poke|p1|Slowking-Galar, F|\n|poke|p1|Iron Valiant|\n|poke|p1|Landorus-Therian, M|\n|poke|p1|Dragapult, M|\n|poke|p1|Samurott-Hisui, M|\n|poke|p2|Dondozo, F|\n|poke|p2|Iron Moth|\n|poke|p2|Kingambit, M|\n|poke|p2|Dragapult, M|\n|poke|p2|Iron Valiant|\n|poke|p2|Corviknight, M|\n|teampreview\n|inactive|Battle timer is ON: inactive players will automatically lose when time's up. (requested by CharninjaGamingYT)\n|\n|t:|1699998488\n|start\n|switch|p1a: I hate Dondozo|Dragapult, M|100\/100\n|switch|p2a: Dondozo|Dondozo, F|100\/100\n|turn|1\n|\n|t:|1699998494\n|move|p1a: I hate Dondozo|Draco Meteor|p2a: Dondozo\n|-damage|p2a: Dondozo|24\/100\n|-unboost|p1a: I hate Dondozo|spa|2\n|move|p2a: Dondozo|Curse|p2a: Dondozo\n|-unboost|p2a: Dondozo|spe|1\n|-boost|p2a: Dondozo|atk|1\n|-boost|p2a: Dondozo|def|1\n|\n|-heal|p2a: Dondozo|30\/100|[from] item: Leftovers\n|upkeep\n|turn|2\n|\n|t:|1699998506\n|switch|p2a: Iron Valiant|Iron Valiant|100\/100\n|-enditem|p2a: Iron Valiant|Booster Energy\n|-activate|p2a: Iron Valiant|ability: Quark Drive|[fromitem]\n|-start|p2a: Iron Valiant|quarkdrivespe\n|move|p1a: I hate Dondozo|Draco Meteor|p2a: Iron Valiant\n|-immune|p2a: Iron Valiant\n|\n|upkeep\n|turn|3\n|\n|t:|1699998520\n|switch|p1a: I hate Gholdengo|Slowking-Galar, F|100\/100\n|move|p2a: Iron Valiant|Moonblast|p1a: I hate Gholdengo\n|-resisted|p1a: I hate Gholdengo\n|-damage|p1a: I hate Gholdengo|88\/100\n|-unboost|p1a: I hate Gholdengo|spa|1\n|\n|upkeep\n|turn|4\n|inactive|FanFanSan2882 has 120 seconds left.\n|\n|t:|1699998553\n|-terastallize|p2a: Iron Valiant|Ghost\n|move|p2a: Iron Valiant|Shadow Ball|p1a: I hate Gholdengo\n|-supereffective|p1a: I hate Gholdengo\n|-damage|p1a: I hate Gholdengo|48\/100\n|-unboost|p1a: I hate Gholdengo|spd|1\n|move|p1a: I hate Gholdengo|Future Sight|p2a: Iron Valiant\n|-start|p1a: I hate Gholdengo|move: Future Sight\n|\n|upkeep\n|turn|5\n|\n|t:|1699998561\n|switch|p1a: I hate Corviknight|Meowscarada, F|100\/100\n|move|p2a: Iron Valiant|Shadow Ball|p1a: I hate Corviknight\n|-resisted|p1a: I hate Corviknight\n|-damage|p1a: I hate Corviknight|71\/100\n|-unboost|p1a: I hate Corviknight|spd|1\n|\n|upkeep\n|turn|6\n|\n|t:|1699998571\n|switch|p1a: I hate Gholdengo|Slowking-Galar, F|81\/100\n|move|p2a: Iron Valiant|Moonblast|p1a: I hate Gholdengo\n|-resisted|p1a: I hate Gholdengo\n|-damage|p1a: I hate Gholdengo|69\/100\n|\n|-end|p2a: Iron Valiant|move: Future Sight\n|-damage|p2a: Iron Valiant|1\/100\n|upkeep\n|turn|7\n|\n|t:|1699998580\n|move|p2a: Iron Valiant|Shadow Ball|p1a: I hate Gholdengo\n|-supereffective|p1a: I hate Gholdengo\n|-damage|p1a: I hate Gholdengo|30\/100\n|move|p1a: I hate Gholdengo|Sludge Bomb|p2a: Iron Valiant\n|-resisted|p2a: Iron Valiant\n|-damage|p2a: Iron Valiant|0 fnt\n|faint|p2a: Iron Valiant\n|-end|p2a: Iron Valiant|Quark Drive|[silent]\n|\n|upkeep\n|\n|t:|1699998586\n|switch|p2a: Iron Moth|Iron Moth|100\/100\n|-enditem|p2a: Iron Moth|Booster Energy\n|-activate|p2a: Iron Moth|ability: Quark Drive|[fromitem]\n|-start|p2a: Iron Moth|quarkdrivespa\n|turn|8\n|\n|t:|1699998591\n|move|p2a: Iron Moth|Fiery Dance|p1a: I hate Gholdengo\n|-damage|p1a: I hate Gholdengo|0 fnt\n|faint|p1a: I hate Gholdengo\n|\n|upkeep\n|\n|t:|1699998595\n|switch|p1a: I hate RoaringMoon|Samurott-Hisui, M|100\/100\n|turn|9\n|\n|t:|1699998598\n|move|p2a: Iron Moth|Energy Ball|p1a: I hate RoaringMoon\n|-supereffective|p1a: I hate RoaringMoon\n|-damage|p1a: I hate RoaringMoon|8\/100\n|move|p1a: I hate RoaringMoon|Ceaseless Edge|p2a: Iron Moth\n|-damage|p2a: Iron Moth|25\/100\n|-sidestart|p2: FanFanSan2882|Spikes\n|\n|upkeep\n|turn|10\n|\n|t:|1699998604\n|move|p1a: I hate RoaringMoon|Sucker Punch|p2a: Iron Moth\n|-damage|p2a: Iron Moth|0 fnt\n|faint|p2a: Iron Moth\n|-end|p2a: Iron Moth|Quark Drive|[silent]\n|\n|upkeep\n|\n|t:|1699998625\n|switch|p2a: Dragapult|Dragapult, M|100\/100\n|-damage|p2a: Dragapult|88\/100|[from] Spikes\n|turn|11\n|\n|t:|1699998629\n|move|p1a: I hate RoaringMoon|Sucker Punch|p2a: Dragapult\n|-supereffective|p2a: Dragapult\n|-damage|p2a: Dragapult|0 fnt\n|faint|p2a: Dragapult\n|\n|upkeep\n|\n|t:|1699998636\n|switch|p2a: Dondozo|Dondozo, F|30\/100\n|-damage|p2a: Dondozo|17\/100|[from] Spikes\n|turn|12\n|\n|t:|1699998640\n|move|p1a: I hate RoaringMoon|Ceaseless Edge|p2a: Dondozo\n|-damage|p2a: Dondozo|0 fnt\n|-sidestart|p2: FanFanSan2882|Spikes\n|faint|p2a: Dondozo\n|\n|upkeep\n|\n|t:|1699998643\n|switch|p2a: Corviknight|Corviknight, M|100\/100\n|-ability|p2a: Corviknight|Pressure\n|turn|13\n|\n|t:|1699998648\n|move|p1a: I hate RoaringMoon|Ceaseless Edge|p2a: Corviknight\n|-damage|p2a: Corviknight|71\/100\n|-sidestart|p2: FanFanSan2882|Spikes\n|move|p2a: Corviknight|Brave Bird|p1a: I hate RoaringMoon\n|-damage|p1a: I hate RoaringMoon|0 fnt\n|faint|p1a: I hate RoaringMoon\n|-damage|p2a: Corviknight|69\/100|[from] Recoil\n|\n|-heal|p2a: Corviknight|75\/100|[from] item: Leftovers\n|upkeep\n|\n|t:|1699998660\n|switch|p1a: I hate Corviknight|Meowscarada, F|71\/100\n|turn|14\n|\n|t:|1699998663\n|move|p1a: I hate Corviknight|Thunder Punch|p2a: Corviknight\n|-start|p1a: I hate Corviknight|typechange|Electric|[from] ability: Protean\n|-supereffective|p2a: Corviknight\n|-damage|p2a: Corviknight|11\/100\n|-status|p2a: Corviknight|par\n|move|p2a: Corviknight|Iron Defense|p2a: Corviknight\n|-boost|p2a: Corviknight|def|2\n|\n|-heal|p2a: Corviknight|17\/100 par|[from] item: Leftovers\n|upkeep\n|turn|15\n|\n|t:|1699998672\n|move|p1a: I hate Corviknight|Thunder Punch|p2a: Corviknight\n|-supereffective|p2a: Corviknight\n|-damage|p2a: Corviknight|0 fnt\n|faint|p2a: Corviknight\n|\n|upkeep\n|\n|t:|1699998675\n|switch|p2a: Kingambit|Kingambit, M|100\/100\n|-damage|p2a: Kingambit|75\/100|[from] Spikes\n|-activate|p2a: Kingambit|ability: Supreme Overlord\n|-start|p2a: Kingambit|fallen5|[silent]\n|turn|16\n|\n|t:|1699998681\n|switch|p1a: I hate Gliscor|Landorus-Therian, M|100\/100\n|-ability|p1a: I hate Gliscor|Intimidate|boost\n|-unboost|p2a: Kingambit|atk|1\n|move|p2a: Kingambit|Swords Dance|p2a: Kingambit\n|-boost|p2a: Kingambit|atk|2\n|\n|upkeep\n|turn|17\n|\n|t:|1699998690\n|move|p2a: Kingambit|Sucker Punch|p1a: I hate Gliscor\n|-damage|p1a: I hate Gliscor|0 fnt\n|faint|p1a: I hate Gliscor\n|\n|upkeep\n|\n|t:|1699998693\n|switch|p1a: I hate Clodsire|Iron Valiant|100\/100\n|turn|18\n|\n|t:|1699998697\n|move|p1a: I hate Clodsire|Aura Sphere|p2a: Kingambit\n|-supereffective|p2a: Kingambit\n|-damage|p2a: Kingambit|0 fnt\n|faint|p2a: Kingambit\n|-end|p2a: Kingambit|fallen5|[silent]\n|-damage|p1a: I hate Clodsire|91\/100|[from] item: Life Orb\n|\n|win|CharninjaGamingYT\n|raw|CharninjaGamingYT's rating: 1129 &rarr; <strong>1161<\/strong><br \/>(+32 for winning)\n|raw|FanFanSan2882's rating: 1233 &rarr; <strong>1201<\/strong><br \/>(-32 for losing)\n|l|\u2606FanFanSan2882\n","uploadtime":1699998707,"views":7,"p1id":"charninjagamingyt","p2id":"fanfansan2882","formatid":"gen9ou","rating":1161,"private":0,"password":""}