{"id":"gen9ou-2000003215","p1":"BoundbyTheTusklow","p2":"yekom","format":"[Gen 9] OU","log":"|j|\u2606BoundbyTheTusklow\n|j|\u2606yekom\n|t:|1701139931\n|gametype|singles\n|player|p1|BoundbyTheTusklow|galacticgrunt|1223\n|player|p2|yekom|will|1296\n|teamsize|p1|6\n|teamsize|p2|6\n|gen|9\n|tier|[Gen 9] OU\n|rated|\n|rule|Sleep Clause Mod: Limit one foe put to sleep\n|rule|Species Clause: Limit one of each Pok\u00e9mon\n|rule|OHKO Clause: OHKO moves are banned\n|rule|Evasion Items Clause: Evasion items are banned\n|rule|Evasion Moves Clause: Evasion moves are banned\n|rule|Endless Battle Clause: Forcing endless battles is banned\n|rule|HP Percentage Mod: HP is shown in percentages\n|clearpoke\n|poke|p1|Greninja-*, F|\n|poke|p1|Dragonite, M|\n|poke|p1|Amoonguss, F|\n|poke|p1|Florges-White, F|\n|poke|p1|Mandibuzz, F|\n|poke|p1|Kingambit, M|\n|poke|p2|Empoleon, M|\n|poke|p2|Infernape, M|\n|poke|p2|Honchkrow, M|\n|poke|p2|Arcanine-Hisui, M|\n|poke|p2|Wo-Chien|\n|poke|p2|Weezing-Galar, M|\n|teampreview\n|inactive|Battle timer is ON: inactive players will automatically lose when time's up. (requested by yekom)\n|\n|t:|1701139941\n|start\n|switch|p1a: Greninja|Greninja, F, shiny|100\/100\n|switch|p2a: fearless emperor|Empoleon, M|100\/100\n|turn|1\n|\n|t:|1701139951\n|move|p1a: Greninja|U-turn|p2a: fearless emperor\n|-start|p1a: Greninja|typechange|Bug|[from] ability: Protean\n|-resisted|p2a: fearless emperor\n|-damage|p2a: fearless emperor|89\/100\n|\n|t:|1701139958\n|switch|p1a: Kingambit|Kingambit, M|100\/100|[from] U-turn\n|move|p2a: fearless emperor|Hydro Pump|p1a: Kingambit\n|-damage|p1a: Kingambit|35\/100\n|-damage|p2a: fearless emperor|79\/100|[from] item: Life Orb\n|\n|upkeep\n|turn|2\n|\n|t:|1701139967\n|-end|p1a: Kingambit|fallenundefined|[silent]\n|switch|p1a: Amoonguss|Amoonguss, F|100\/100\n|move|p2a: fearless emperor|Roost|p2a: fearless emperor\n|-heal|p2a: fearless emperor|100\/100\n|-singleturn|p2a: fearless emperor|move: Roost\n|\n|upkeep\n|turn|3\n|\n|t:|1701139972\n|switch|p2a: King of nowhere|Wo-Chien|100\/100\n|-ability|p2a: King of nowhere|Tablets of Ruin\n|move|p1a: Amoonguss|Spore|p2a: King of nowhere\n|-immune|p2a: King of nowhere\n|\n|upkeep\n|turn|4\n|\n|t:|1701139979\n|switch|p2a: vapor wave|Weezing-Galar, M|100\/100\n|move|p1a: Amoonguss|Spore|p2a: vapor wave\n|-status|p2a: vapor wave|slp|[from] move: Spore\n|\n|upkeep\n|turn|5\n|\n|t:|1701139986\n|switch|p1a: Greninja|Greninja, F, shiny|100\/100\n|cant|p2a: vapor wave|slp\n|\n|upkeep\n|turn|6\n|\n|t:|1701139992\n|switch|p2a: King of nowhere|Wo-Chien|100\/100\n|-ability|p2a: King of nowhere|Tablets of Ruin\n|move|p1a: Greninja|Surf|p2a: King of nowhere\n|-start|p1a: Greninja|typechange|Water|[from] ability: Protean\n|-resisted|p2a: King of nowhere\n|-damage|p2a: King of nowhere|91\/100\n|\n|-heal|p2a: King of nowhere|97\/100|[from] item: Leftovers\n|upkeep\n|turn|7\n|\n|t:|1701139997\n|switch|p1a: Amoonguss|Amoonguss, F|100\/100\n|switch|p2a: vapor wave|Weezing-Galar, M|100\/100 slp\n|\n|upkeep\n|turn|8\n|\n|t:|1701140003\n|switch|p1a: Greninja|Greninja, F, shiny|100\/100\n|cant|p2a: vapor wave|slp\n|\n|upkeep\n|turn|9\n|\n|t:|1701140008\n|move|p1a: Greninja|U-turn|p2a: vapor wave\n|-start|p1a: Greninja|typechange|Bug|[from] ability: Protean\n|-resisted|p2a: vapor wave\n|-damage|p2a: vapor wave|97\/100 slp\n|inactive|BoundbyTheTusklow has 120 seconds left.\n|\n|t:|1701140042\n|switch|p1a: Kingambit|Kingambit, M|35\/100|[from] U-turn\n|cant|p2a: vapor wave|slp\n|\n|upkeep\n|turn|10\n|\n|t:|1701140055\n|-curestatus|p2a: vapor wave|slp|[msg]\n|move|p2a: vapor wave|Taunt|p1a: Kingambit\n|-start|p1a: Kingambit|move: Taunt\n|move|p1a: Kingambit|Iron Head|p2a: vapor wave\n|-supereffective|p2a: vapor wave\n|-damage|p2a: vapor wave|0 fnt\n|faint|p2a: vapor wave\n|\n|upkeep\n|\n|t:|1701140061\n|switch|p2a: Destructive fists|Infernape, M, shiny|100\/100\n|turn|11\n|\n|t:|1701140064\n|-end|p1a: Kingambit|fallenundefined|[silent]\n|switch|p1a: Mandibuzz|Mandibuzz, F|100\/100\n|move|p2a: Destructive fists|Mach Punch|p1a: Mandibuzz\n|-damage|p1a: Mandibuzz|85\/100\n|-damage|p2a: Destructive fists|91\/100|[from] item: Life Orb\n|\n|upkeep\n|turn|12\n|\n|t:|1701140070\n|switch|p2a: fearless emperor|Empoleon, M|100\/100\n|move|p1a: Mandibuzz|U-turn|p2a: fearless emperor\n|-resisted|p2a: fearless emperor\n|-damage|p2a: fearless emperor|95\/100\n|\n|t:|1701140075\n|switch|p1a: Dragonite|Dragonite, M, shiny|100\/100|[from] U-turn\n|\n|upkeep\n|turn|13\n|\n|t:|1701140078\n|move|p1a: Dragonite|Fire Punch|p2a: fearless emperor\n|-damage|p2a: fearless emperor|67\/100\n|move|p2a: fearless emperor|Ice Beam|p1a: Dragonite\n|-supereffective|p1a: Dragonite\n|-damage|p1a: Dragonite|12\/100\n|-damage|p2a: fearless emperor|57\/100|[from] item: Life Orb\n|\n|upkeep\n|turn|14\n|\n|t:|1701140084\n|move|p1a: Dragonite|Earthquake|p2a: fearless emperor\n|-supereffective|p2a: fearless emperor\n|-damage|p2a: fearless emperor|0 fnt\n|faint|p2a: fearless emperor\n|\n|upkeep\n|\n|t:|1701140087\n|switch|p2a: Destructive fists|Infernape, M, shiny|91\/100\n|turn|15\n|\n|t:|1701140093\n|switch|p1a: Mandibuzz|Mandibuzz, F|85\/100\n|move|p2a: Destructive fists|Fake Out|p1a: Mandibuzz\n|-damage|p1a: Mandibuzz|76\/100\n|-damage|p2a: Destructive fists|81\/100|[from] item: Life Orb\n|\n|upkeep\n|turn|16\n|\n|t:|1701140099\n|switch|p2a: Rock titan|Arcanine-Hisui, M, shiny|100\/100\n|move|p1a: Mandibuzz|Knock Off|p2a: Rock titan\n|-damage|p2a: Rock titan|75\/100\n|-enditem|p2a: Rock titan|Choice Scarf|[from] move: Knock Off|[of] p1a: Mandibuzz\n|\n|upkeep\n|turn|17\n|inactive|BoundbyTheTusklow has 120 seconds left.\n|\n|t:|1701140129\n|switch|p1a: Dragonite|Dragonite, M, shiny|12\/100\n|move|p2a: Rock titan|Head Smash|p1a: Dragonite\n|-supereffective|p1a: Dragonite\n|-damage|p1a: Dragonite|0 fnt\n|faint|p1a: Dragonite\n|\n|upkeep\n|\n|t:|1701140133\n|switch|p1a: Greninja|Greninja, F, shiny|100\/100\n|turn|18\n|\n|t:|1701140140\n|switch|p2a: King of nowhere|Wo-Chien|97\/100\n|-ability|p2a: King of nowhere|Tablets of Ruin\n|move|p1a: Greninja|U-turn|p2a: King of nowhere\n|-start|p1a: Greninja|typechange|Bug|[from] ability: Protean\n|-supereffective|p2a: King of nowhere\n|-damage|p2a: King of nowhere|33\/100\n|\n|t:|1701140146\n|switch|p1a: Kingambit|Kingambit, M|35\/100|[from] U-turn\n|-activate|p1a: Kingambit|ability: Supreme Overlord\n|-start|p1a: Kingambit|fallen1|[silent]\n|\n|-heal|p2a: King of nowhere|39\/100|[from] item: Leftovers\n|upkeep\n|turn|19\n|\n|t:|1701140158\n|move|p2a: King of nowhere|Protect|p2a: King of nowhere\n|-singleturn|p2a: King of nowhere|Protect\n|move|p1a: Kingambit|Low Kick|p2a: King of nowhere\n|-activate|p2a: King of nowhere|move: Protect\n|\n|-heal|p2a: King of nowhere|45\/100|[from] item: Leftovers\n|upkeep\n|turn|20\n|\n|t:|1701140165\n|switch|p2a: Jackpot|Honchkrow, M|100\/100\n|move|p1a: Kingambit|Low Kick|p2a: Jackpot\n|-damage|p2a: Jackpot|42\/100\n|\n|upkeep\n|turn|21\n|\n|t:|1701140171\n|move|p2a: Jackpot|U-turn|p1a: Kingambit\n|-damage|p1a: Kingambit|17\/100\n|\n|t:|1701140178\n|switch|p2a: Destructive fists|Infernape, M, shiny|81\/100|[from] U-turn\n|move|p1a: Kingambit|Low Kick|p2a: Destructive fists\n|-damage|p2a: Destructive fists|0 fnt\n|faint|p2a: Destructive fists\n|\n|upkeep\n|\n|t:|1701140185\n|switch|p2a: Rock titan|Arcanine-Hisui, M, shiny|75\/100\n|turn|22\n|\n|t:|1701140198\n|-end|p1a: Kingambit|fallen1|[silent]\n|switch|p1a: Florges|Florges-White, F, shiny|100\/100\n|move|p2a: Rock titan|Flare Blitz|p1a: Florges\n|-damage|p1a: Florges|42\/100\n|\n|-heal|p1a: Florges|48\/100|[from] item: Leftovers\n|upkeep\n|turn|23\n|\n|t:|1701140209\n|move|p2a: Rock titan|Flare Blitz|p1a: Florges\n|-damage|p1a: Florges|0 fnt\n|faint|p1a: Florges\n|\n|upkeep\n|\n|t:|1701140234\n|switch|p1a: Greninja|Greninja, F, shiny|100\/100\n|turn|24\n|\n|t:|1701140245\n|move|p1a: Greninja|Surf|p2a: Rock titan\n|-start|p1a: Greninja|typechange|Water|[from] ability: Protean\n|-supereffective|p2a: Rock titan\n|-crit|p2a: Rock titan\n|-damage|p2a: Rock titan|0 fnt\n|faint|p2a: Rock titan\n|\n|upkeep\n|\n|t:|1701140249\n|switch|p2a: Jackpot|Honchkrow, M|42\/100\n|turn|25\n|\n|t:|1701140252\n|move|p2a: Jackpot|Sucker Punch|p1a: Greninja\n|-crit|p1a: Greninja\n|-damage|p1a: Greninja|4\/100\n|move|p1a: Greninja|Surf|p2a: Jackpot\n|-damage|p2a: Jackpot|0 fnt\n|faint|p2a: Jackpot\n|\n|upkeep\n|\n|t:|1701140255\n|switch|p2a: King of nowhere|Wo-Chien|45\/100\n|-ability|p2a: King of nowhere|Tablets of Ruin\n|turn|26\n|\n|t:|1701140263\n|-terastallize|p2a: King of nowhere|Poison\n|move|p1a: Greninja|Surf|p2a: King of nowhere\n|-damage|p2a: King of nowhere|22\/100\n|move|p2a: King of nowhere|Leech Seed|p1a: Greninja\n|-start|p1a: Greninja|move: Leech Seed\n|\n|-heal|p2a: King of nowhere|29\/100|[from] item: Leftovers\n|-damage|p1a: Greninja|0 fnt|[from] Leech Seed|[of] p2a: King of nowhere\n|-heal|p2a: King of nowhere|31\/100|[silent]\n|faint|p1a: Greninja\n|upkeep\n|\n|t:|1701140270\n|switch|p1a: Mandibuzz|Mandibuzz, F|76\/100\n|turn|27\n|\n|t:|1701140277\n|move|p1a: Mandibuzz|Knock Off|p2a: King of nowhere\n|-damage|p2a: King of nowhere|17\/100\n|-enditem|p2a: King of nowhere|Leftovers|[from] move: Knock Off|[of] p1a: Mandibuzz\n|move|p2a: King of nowhere|Leech Seed|p1a: Mandibuzz\n|-start|p1a: Mandibuzz|move: Leech Seed\n|\n|-damage|p1a: Mandibuzz|64\/100|[from] Leech Seed|[of] p2a: King of nowhere\n|-heal|p2a: King of nowhere|31\/100|[silent]\n|upkeep\n|turn|28\n|\n|t:|1701140280\n|move|p2a: King of nowhere|Protect|p2a: King of nowhere\n|-singleturn|p2a: King of nowhere|Protect\n|move|p1a: Mandibuzz|U-turn|p2a: King of nowhere\n|-activate|p2a: King of nowhere|move: Protect\n|\n|-damage|p1a: Mandibuzz|51\/100|[from] Leech Seed|[of] p2a: King of nowhere\n|-heal|p2a: King of nowhere|45\/100|[silent]\n|upkeep\n|turn|29\n|\n|t:|1701140287\n|move|p1a: Mandibuzz|U-turn|p2a: King of nowhere\n|-resisted|p2a: King of nowhere\n|-damage|p2a: King of nowhere|42\/100\n|\n|t:|1701140290\n|switch|p1a: Amoonguss|Amoonguss, F|100\/100|[from] U-turn\n|move|p2a: King of nowhere|Knock Off|p1a: Amoonguss\n|-damage|p1a: Amoonguss|69\/100\n|-enditem|p1a: Amoonguss|Red Card|[from] move: Knock Off|[of] p2a: King of nowhere\n|\n|upkeep\n|turn|30\n|inactive|yekom has 120 seconds left.\n|inactive|yekom has 90 seconds left.\n|\n|t:|1701140352\n|move|p2a: King of nowhere|Knock Off|p1a: Amoonguss\n|-damage|p1a: Amoonguss|49\/100\n|move|p1a: Amoonguss|Spore|p2a: King of nowhere\n|-status|p2a: King of nowhere|slp|[from] move: Spore\n|\n|upkeep\n|turn|31\n|\n|t:|1701140356\n|cant|p2a: King of nowhere|slp\n|move|p1a: Amoonguss|Giga Drain|p2a: King of nowhere\n|-resisted|p2a: King of nowhere\n|-damage|p2a: King of nowhere|36\/100 slp\n|-heal|p1a: Amoonguss|51\/100|[from] drain|[of] p2a: King of nowhere\n|\n|upkeep\n|turn|32\n|\n|t:|1701140359\n|cant|p2a: King of nowhere|slp\n|move|p1a: Amoonguss|Giga Drain|p2a: King of nowhere\n|-resisted|p2a: King of nowhere\n|-damage|p2a: King of nowhere|30\/100 slp\n|-heal|p1a: Amoonguss|54\/100|[from] drain|[of] p2a: King of nowhere\n|\n|upkeep\n|turn|33\n|\n|t:|1701140363\n|cant|p2a: King of nowhere|slp\n|move|p1a: Amoonguss|Giga Drain|p2a: King of nowhere\n|-resisted|p2a: King of nowhere\n|-damage|p2a: King of nowhere|24\/100 slp\n|-heal|p1a: Amoonguss|57\/100|[from] drain|[of] p2a: King of nowhere\n|\n|upkeep\n|turn|34\n|\n|t:|1701140367\n|-curestatus|p2a: King of nowhere|slp|[msg]\n|move|p2a: King of nowhere|Ruination|p1a: Amoonguss\n|-damage|p1a: Amoonguss|29\/100\n|move|p1a: Amoonguss|Giga Drain|p2a: King of nowhere\n|-resisted|p2a: King of nowhere\n|-damage|p2a: King of nowhere|18\/100\n|-heal|p1a: Amoonguss|31\/100|[from] drain|[of] p2a: King of nowhere\n|\n|upkeep\n|turn|35\n|\n|t:|1701140373\n|move|p2a: King of nowhere|Protect|p2a: King of nowhere\n|-singleturn|p2a: King of nowhere|Protect\n|move|p1a: Amoonguss|Spore|p2a: King of nowhere\n|-activate|p2a: King of nowhere|move: Protect\n|\n|upkeep\n|turn|36\n|\n|t:|1701140378\n|switch|p1a: Kingambit|Kingambit, M|17\/100\n|-activate|p1a: Kingambit|ability: Supreme Overlord\n|-start|p1a: Kingambit|fallen3|[silent]\n|move|p2a: King of nowhere|Knock Off|p1a: Kingambit\n|-resisted|p1a: Kingambit\n|-damage|p1a: Kingambit|7\/100\n|-enditem|p1a: Kingambit|Choice Band|[from] move: Knock Off|[of] p2a: King of nowhere\n|\n|upkeep\n|turn|37\n|\n|t:|1701140384\n|move|p1a: Kingambit|Sucker Punch|p2a: King of nowhere\n|-damage|p2a: King of nowhere|0 fnt\n|faint|p2a: King of nowhere\n|\n|win|BoundbyTheTusklow\n|raw|BoundbyTheTusklow's rating: 1223 &rarr; <strong>1253<\/strong><br \/>(+30 for winning)\n|raw|yekom's rating: 1296 &rarr; <strong>1266<\/strong><br \/>(-30 for losing)\n|l|\u2606yekom\n","uploadtime":1701140391,"views":3,"p1id":"boundbythetusklow","p2id":"yekom","formatid":"gen9ou","rating":1253,"private":0,"password":""}