{"id":"gen9ou-1991388311","p1":"chordoverstreet","p2":"syah7991","format":"[Gen 9] OU","log":"|j|\u2606chordoverstreet\n|j|\u2606syah7991\n|t:|1700072953\n|gametype|singles\n|player|p1|chordoverstreet|169|1415\n|player|p2|syah7991|brycenman|1507\n|teamsize|p1|6\n|teamsize|p2|6\n|gen|9\n|tier|[Gen 9] OU\n|rated|\n|rule|Sleep Clause Mod: Limit one foe put to sleep\n|rule|Species Clause: Limit one of each Pok\u00e9mon\n|rule|OHKO Clause: OHKO moves are banned\n|rule|Evasion Items Clause: Evasion items are banned\n|rule|Evasion Moves Clause: Evasion moves are banned\n|rule|Endless Battle Clause: Forcing endless battles is banned\n|rule|HP Percentage Mod: HP is shown in percentages\n|clearpoke\n|poke|p1|Ting-Lu|\n|poke|p1|Rillaboom, M|\n|poke|p1|Samurott-Hisui, M|\n|poke|p1|Gholdengo|\n|poke|p1|Hatterene, F|\n|poke|p1|Great Tusk|\n|poke|p2|Slowking-Galar, M|\n|poke|p2|Electrode-Hisui|\n|poke|p2|Hatterene, F|\n|poke|p2|Gastrodon-East, F|\n|poke|p2|Mienshao, F|\n|poke|p2|Corviknight, M|\n|teampreview\n|\n|t:|1700072971\n|start\n|switch|p1a: Samurott|Samurott-Hisui, M|100\/100\n|switch|p2a: Electrode|Electrode-Hisui|100\/100\n|turn|1\n|inactive|Battle timer is ON: inactive players will automatically lose when time's up. (requested by syah7991)\n|\n|t:|1700072983\n|switch|p1a: Ting-Lu|Ting-Lu|100\/100\n|-ability|p1a: Ting-Lu|Vessel of Ruin\n|move|p2a: Electrode|Thunderbolt|p1a: Ting-Lu\n|-immune|p1a: Ting-Lu\n|\n|upkeep\n|turn|2\n|\n|t:|1700072992\n|move|p2a: Electrode|Leech Seed|p1a: Ting-Lu|[miss]\n|-miss|p2a: Electrode|p1a: Ting-Lu\n|move|p1a: Ting-Lu|Ruination|p2a: Electrode\n|-damage|p2a: Electrode|51\/100\n|\n|upkeep\n|turn|3\n|\n|t:|1700072998\n|switch|p2a: Hatterene|Hatterene, F|100\/100\n|move|p1a: Ting-Lu|Whirlwind|p2a: Hatterene\n|move|p2a: Hatterene|Whirlwind|p1a: Ting-Lu|[from]ability: Magic Bounce\n|drag|p1a: Hatterene|Hatterene, F|100\/100\n|\n|upkeep\n|turn|4\n|\n|t:|1700073007\n|switch|p2a: Slowking|Slowking-Galar, M|100\/100\n|move|p1a: Hatterene|Calm Mind|p1a: Hatterene\n|-boost|p1a: Hatterene|spa|1\n|-boost|p1a: Hatterene|spd|1\n|\n|upkeep\n|turn|5\n|\n|t:|1700073019\n|switch|p1a: Gholdengo|Gholdengo|100\/100\n|-item|p1a: Gholdengo|Air Balloon\n|move|p2a: Slowking|Trick|p1a: Gholdengo\n|-immune|p1a: Gholdengo|[from] ability: Good as Gold\n|\n|upkeep\n|turn|6\n|\n|t:|1700073031\n|switch|p2a: Gastrodon|Gastrodon-East, F|100\/100\n|move|p1a: Gholdengo|Nasty Plot|p1a: Gholdengo\n|-boost|p1a: Gholdengo|spa|2\n|\n|upkeep\n|turn|7\n|\n|t:|1700073035\n|move|p1a: Gholdengo|Shadow Ball|p2a: Gastrodon\n|-damage|p2a: Gastrodon|56\/100\n|-unboost|p2a: Gastrodon|spd|1\n|move|p2a: Gastrodon|Chilling Water|p1a: Gholdengo\n|-damage|p1a: Gholdengo|85\/100\n|-unboost|p1a: Gholdengo|atk|1\n|-enditem|p1a: Gholdengo|Air Balloon\n|\n|-heal|p2a: Gastrodon|62\/100|[from] item: Leftovers\n|upkeep\n|turn|8\n|\n|t:|1700073045\n|switch|p2a: Electrode|Electrode-Hisui|51\/100\n|move|p1a: Gholdengo|Shadow Ball|p2a: Electrode\n|-damage|p2a: Electrode|0 fnt\n|faint|p2a: Electrode\n|\n|upkeep\n|\n|t:|1700073050\n|switch|p2a: Mienshao|Mienshao, F|100\/100\n|turn|9\n|\n|t:|1700073068\n|move|p2a: Mienshao|Knock Off|p1a: Gholdengo\n|-supereffective|p1a: Gholdengo\n|-damage|p1a: Gholdengo|58\/100\n|move|p1a: Gholdengo|Shadow Ball|p2a: Mienshao\n|-damage|p2a: Mienshao|29\/100\n|\n|upkeep\n|turn|10\n|\n|t:|1700073072\n|move|p2a: Mienshao|U-turn|p1a: Gholdengo\n|-resisted|p1a: Gholdengo\n|-damage|p1a: Gholdengo|54\/100\n|\n|t:|1700073075\n|switch|p2a: Hatterene|Hatterene, F|100\/100|[from] U-turn\n|move|p1a: Gholdengo|Recover|p1a: Gholdengo\n|-heal|p1a: Gholdengo|100\/100\n|\n|upkeep\n|turn|11\n|\n|t:|1700073082\n|-terastallize|p2a: Hatterene|Water\n|move|p1a: Gholdengo|Nasty Plot|p1a: Gholdengo\n|-boost|p1a: Gholdengo|spa|2\n|move|p2a: Hatterene|Mystical Fire|p1a: Gholdengo\n|-supereffective|p1a: Gholdengo\n|-damage|p1a: Gholdengo|57\/100\n|-unboost|p1a: Gholdengo|spa|1\n|\n|upkeep\n|turn|12\n|\n|t:|1700073091\n|move|p1a: Gholdengo|Shadow Ball|p2a: Hatterene\n|-damage|p2a: Hatterene|0 fnt\n|faint|p2a: Hatterene\n|\n|upkeep\n|-message|syah7991 forfeited.\n|\n|win|chordoverstreet\n|raw|chordoverstreet's rating: 1415 &rarr; <strong>1440<\/strong><br \/>(+25 for winning)\n|raw|syah7991's rating: 1507 &rarr; <strong>1482<\/strong><br \/>(-25 for losing)\n|l|\u2606syah7991\n","uploadtime":1700073108,"views":7,"p1id":"chordoverstreet","p2id":"syah7991","formatid":"gen9ou","rating":1440,"private":0,"password":""}