{"id":"gen9ou-1997290588","p1":"qazniak","p2":"Jazz Ghost 0102","format":"[Gen 9] OU","log":"|j|\u2606qazniak\n|j|\u2606Jazz Ghost 0102\n|t:|1700785308\n|gametype|singles\n|player|p1|qazniak|169|1095\n|player|p2|Jazz Ghost 0102|170|1101\n|teamsize|p1|6\n|teamsize|p2|6\n|gen|9\n|tier|[Gen 9] OU\n|rated|\n|rule|Sleep Clause Mod: Limit one foe put to sleep\n|rule|Species Clause: Limit one of each Pok\u00e9mon\n|rule|OHKO Clause: OHKO moves are banned\n|rule|Evasion Items Clause: Evasion items are banned\n|rule|Evasion Moves Clause: Evasion moves are banned\n|rule|Endless Battle Clause: Forcing endless battles is banned\n|rule|HP Percentage Mod: HP is shown in percentages\n|clearpoke\n|poke|p1|Arcanine-Hisui, M|\n|poke|p1|Chandelure, F|\n|poke|p1|Ceruledge, F|\n|poke|p1|Corviknight, F|\n|poke|p1|Clodsire, F|\n|poke|p1|Ninetales-Alola, M|\n|poke|p2|Zamazenta-*|\n|poke|p2|Gholdengo|\n|poke|p2|Garganacl, F|\n|poke|p2|Garchomp, F|\n|poke|p2|Ogerpon-Wellspring, F|\n|poke|p2|Iron Moth|\n|teampreview\n|\n|t:|1700785312\n|start\n|switch|p1a: Ninetales|Ninetales-Alola, M|100\/100\n|switch|p2a: Garchomp|Garchomp, F|100\/100\n|-weather|Snow|[from] ability: Snow Warning|[of] p1a: Ninetales\n|turn|1\n|\n|t:|1700785323\n|move|p1a: Ninetales|Aurora Veil|p1a: Ninetales\n|-sidestart|p1: qazniak|move: Aurora Veil\n|move|p2a: Garchomp|Stealth Rock|p1a: Ninetales\n|-sidestart|p1: qazniak|move: Stealth Rock\n|\n|-weather|Snow|[upkeep]\n|upkeep\n|turn|2\n|\n|t:|1700785332\n|move|p1a: Ninetales|Freeze-Dry|p2a: Garchomp\n|-supereffective|p2a: Garchomp\n|-damage|p2a: Garchomp|0 fnt\n|faint|p2a: Garchomp\n|\n|-weather|Snow|[upkeep]\n|upkeep\n|\n|t:|1700785343\n|switch|p2a: Iron Moth|Iron Moth|100\/100\n|-enditem|p2a: Iron Moth|Booster Energy\n|-activate|p2a: Iron Moth|ability: Quark Drive|[fromitem]\n|-start|p2a: Iron Moth|quarkdrivespa\n|turn|3\n|\n|t:|1700785350\n|switch|p1a: Ceruledge|Ceruledge, F|100\/100\n|-damage|p1a: Ceruledge|76\/100|[from] Stealth Rock\n|move|p2a: Iron Moth|Fiery Dance|p1a: Ceruledge\n|-start|p1a: Ceruledge|ability: Flash Fire\n|\n|-weather|Snow|[upkeep]\n|upkeep\n|turn|4\n|\n|t:|1700785381\n|-end|p2a: Iron Moth|Quark Drive|[silent]\n|switch|p2a: Zamazenta|Zamazenta|100\/100\n|-ability|p2a: Zamazenta|Dauntless Shield|boost\n|-boost|p2a: Zamazenta|def|1\n|move|p1a: Ceruledge|Bulk Up|p1a: Ceruledge\n|-boost|p1a: Ceruledge|atk|1\n|-boost|p1a: Ceruledge|def|1\n|\n|-weather|Snow|[upkeep]\n|upkeep\n|turn|5\n|\n|t:|1700785394\n|move|p2a: Zamazenta|Crunch|p1a: Ceruledge\n|-supereffective|p1a: Ceruledge\n|-damage|p1a: Ceruledge|43\/100\n|move|p1a: Ceruledge|Bulk Up|p1a: Ceruledge\n|-boost|p1a: Ceruledge|atk|1\n|-boost|p1a: Ceruledge|def|1\n|\n|-weather|none\n|upkeep\n|turn|6\n|\n|t:|1700785406\n|move|p2a: Zamazenta|Crunch|p1a: Ceruledge\n|-supereffective|p1a: Ceruledge\n|-damage|p1a: Ceruledge|20\/100\n|move|p1a: Ceruledge|Bitter Blade|p2a: Zamazenta\n|-damage|p2a: Zamazenta|25\/100\n|-heal|p1a: Ceruledge|65\/100|[from] drain|[of] p2a: Zamazenta\n|\n|upkeep\n|turn|7\n|\n|t:|1700785415\n|move|p2a: Zamazenta|Crunch|p1a: Ceruledge\n|-supereffective|p1a: Ceruledge\n|-damage|p1a: Ceruledge|38\/100\n|move|p1a: Ceruledge|Bulk Up|p1a: Ceruledge\n|-boost|p1a: Ceruledge|atk|1\n|-boost|p1a: Ceruledge|def|1\n|\n|upkeep\n|turn|8\n|\n|t:|1700785424\n|move|p2a: Zamazenta|Crunch|p1a: Ceruledge\n|-supereffective|p1a: Ceruledge\n|-damage|p1a: Ceruledge|18\/100\n|-unboost|p1a: Ceruledge|def|1\n|move|p1a: Ceruledge|Bulk Up|p1a: Ceruledge\n|-boost|p1a: Ceruledge|atk|1\n|-boost|p1a: Ceruledge|def|1\n|\n|-sideend|p1: qazniak|move: Aurora Veil\n|upkeep\n|turn|9\n|\n|t:|1700785434\n|move|p1a: Ceruledge|Shadow Sneak|p2a: Zamazenta\n|-damage|p2a: Zamazenta|0 fnt\n|faint|p2a: Zamazenta\n|\n|upkeep\n|\n|t:|1700785442\n|switch|p2a: Gholdengo|Gholdengo|100\/100\n|turn|10\n|\n|t:|1700785455\n|move|p1a: Ceruledge|Shadow Sneak|p2a: Gholdengo\n|-supereffective|p2a: Gholdengo\n|-damage|p2a: Gholdengo|0 fnt\n|faint|p2a: Gholdengo\n|\n|upkeep\n|\n|t:|1700785462\n|switch|p2a: Iron Moth|Iron Moth|100\/100\n|turn|11\n|\n|t:|1700785471\n|move|p2a: Iron Moth|Sludge Wave|p1a: Ceruledge\n|-resisted|p1a: Ceruledge\n|-damage|p1a: Ceruledge|1\/100\n|-status|p1a: Ceruledge|psn\n|move|p1a: Ceruledge|Bitter Blade|p2a: Iron Moth\n|-resisted|p2a: Iron Moth\n|-damage|p2a: Iron Moth|0 fnt\n|-heal|p1a: Ceruledge|56\/100 psn|[from] drain|[of] p2a: Iron Moth\n|faint|p2a: Iron Moth\n|-end|p2a: Iron Moth|Quark Drive|[silent]\n|\n|-damage|p1a: Ceruledge|44\/100 psn|[from] psn\n|upkeep\n|\n|t:|1700785507\n|switch|p2a: Ogerpon|Ogerpon-Wellspring, F|100\/100\n|turn|12\n|\n|t:|1700785512\n|-terastallize|p1a: Ceruledge|Ghost\n|move|p2a: Ogerpon|Ivy Cudgel|p1a: Ceruledge|[anim] Ivy Cudgel Water\n|-damage|p1a: Ceruledge|15\/100 psn\n|move|p1a: Ceruledge|Bitter Blade|p2a: Ogerpon\n|-damage|p2a: Ogerpon|0 fnt\n|-heal|p1a: Ceruledge|71\/100 psn|[from] drain|[of] p2a: Ogerpon\n|faint|p2a: Ogerpon\n|\n|-damage|p1a: Ceruledge|58\/100 psn|[from] psn\n|upkeep\n|\n|t:|1700785525\n|switch|p2a: Garganacl|Garganacl, F|100\/100\n|turn|13\n|\n|t:|1700785532\n|move|p1a: Ceruledge|Brick Break|p2a: Garganacl\n|-supereffective|p2a: Garganacl\n|-damage|p2a: Garganacl|32\/100\n|move|p2a: Garganacl|Earthquake|p1a: Ceruledge\n|-damage|p1a: Ceruledge|47\/100 psn\n|\n|-heal|p2a: Garganacl|38\/100|[from] item: Leftovers\n|-damage|p1a: Ceruledge|35\/100 psn|[from] psn\n|upkeep\n|turn|14\n|inactive|Battle timer is ON: inactive players will automatically lose when time's up. (requested by qazniak)\n|inactive|Jazz Ghost 0102 has 120 seconds left.\n|inactive|Jazz Ghost 0102 has 90 seconds left.\n|inactive|Jazz Ghost 0102 has 60 seconds left.\n|inactive|Jazz Ghost 0102 has 30 seconds left.\n|inactive|Jazz Ghost 0102 has 20 seconds left.\n|inactive|Jazz Ghost 0102 has 15 seconds left.\n|inactive|Jazz Ghost 0102 has 10 seconds left.\n|inactive|Jazz Ghost 0102 has 5 seconds left.\n|-message|Jazz Ghost 0102 lost due to inactivity.\n|\n|win|qazniak\n|raw|qazniak's rating: 1095 &rarr; <strong>1121<\/strong><br \/>(+26 for winning)\n|raw|Jazz Ghost 0102's rating: 1101 &rarr; <strong>1076<\/strong><br \/>(-25 for losing)\n","uploadtime":1700785739,"views":5,"p1id":"qazniak","p2id":"jazzghost0102","formatid":"gen9ou","rating":1076,"private":0,"password":""}