{"id":"gen9ou-1988434628","p1":"my name is champ","p2":"FrontlineFrags","format":"[Gen 9] OU","log":"|j|\u2606my name is champ\n|j|\u2606FrontlineFrags\n|t:|1699722577\n|gametype|singles\n|player|p1|my name is champ|veteran|1468\n|player|p2|FrontlineFrags|boarder-gen2|1537\n|teamsize|p1|6\n|teamsize|p2|6\n|gen|9\n|tier|[Gen 9] OU\n|rated|\n|rule|Sleep Clause Mod: Limit one foe put to sleep\n|rule|Species Clause: Limit one of each Pok\u00e9mon\n|rule|OHKO Clause: OHKO moves are banned\n|rule|Evasion Items Clause: Evasion items are banned\n|rule|Evasion Moves Clause: Evasion moves are banned\n|rule|Endless Battle Clause: Forcing endless battles is banned\n|rule|HP Percentage Mod: HP is shown in percentages\n|clearpoke\n|poke|p1|Iron Jugulis|\n|poke|p1|Ogerpon-Wellspring, F|\n|poke|p1|Tinkaton, F|\n|poke|p1|Iron Moth|\n|poke|p1|Great Tusk|\n|poke|p1|Dragapult, M|\n|poke|p2|Moltres-Galar|\n|poke|p2|Ogerpon-Wellspring, F|\n|poke|p2|Tinkaton, F|\n|poke|p2|Iron Moth|\n|poke|p2|Great Tusk|\n|poke|p2|Dragapult, M|\n|teampreview\n|c|\u2606FrontlineFrags|spiderman.jpeg\n|inactive|Battle timer is ON: inactive players will automatically lose when time's up. (requested by my name is champ)\n|\n|t:|1699722641\n|start\n|switch|p1a: Iron Moth|Iron Moth|100\/100\n|switch|p2a: Iron Moth|Iron Moth|100\/100\n|-enditem|p1a: Iron Moth|Booster Energy\n|-activate|p1a: Iron Moth|ability: Quark Drive|[fromitem]\n|-start|p1a: Iron Moth|quarkdrivespe\n|-enditem|p2a: Iron Moth|Booster Energy\n|-activate|p2a: Iron Moth|ability: Quark Drive|[fromitem]\n|-start|p2a: Iron Moth|quarkdrivespe\n|turn|1\n|\n|t:|1699722652\n|move|p1a: Iron Moth|Psychic|p2a: Iron Moth\n|-supereffective|p2a: Iron Moth\n|-damage|p2a: Iron Moth|37\/100\n|move|p2a: Iron Moth|Psychic|p1a: Iron Moth\n|-supereffective|p1a: Iron Moth\n|-damage|p1a: Iron Moth|33\/100\n|\n|upkeep\n|turn|2\n|\n|t:|1699722657\n|move|p2a: Iron Moth|Psychic|p1a: Iron Moth\n|-supereffective|p1a: Iron Moth\n|-damage|p1a: Iron Moth|0 fnt\n|faint|p1a: Iron Moth\n|-end|p1a: Iron Moth|Quark Drive|[silent]\n|\n|upkeep\n|\n|t:|1699722670\n|switch|p1a: Dragapult|Dragapult, M|100\/100\n|turn|3\n|\n|t:|1699722687\n|-terastallize|p1a: Dragapult|Ghost\n|move|p2a: Iron Moth|Dazzling Gleam|p1a: Dragapult\n|-damage|p1a: Dragapult|61\/100\n|move|p1a: Dragapult|Shadow Ball|p2a: Iron Moth\n|-damage|p2a: Iron Moth|0 fnt\n|faint|p2a: Iron Moth\n|-end|p2a: Iron Moth|Quark Drive|[silent]\n|\n|upkeep\n|\n|t:|1699722708\n|switch|p2a: TWINKATON|Tinkaton, F|100\/100\n|-item|p2a: TWINKATON|Air Balloon\n|turn|4\n|\n|t:|1699722712\n|move|p1a: Dragapult|Shadow Ball|p2a: TWINKATON\n|-damage|p2a: TWINKATON|41\/100\n|-enditem|p2a: TWINKATON|Air Balloon\n|move|p2a: TWINKATON|Thunder Wave|p1a: Dragapult\n|-status|p1a: Dragapult|par\n|\n|upkeep\n|turn|5\n|\n|t:|1699722718\n|move|p2a: TWINKATON|Play Rough|p1a: Dragapult\n|-damage|p1a: Dragapult|29\/100 par\n|move|p1a: Dragapult|Shadow Ball|p2a: TWINKATON\n|-damage|p2a: TWINKATON|0 fnt\n|faint|p2a: TWINKATON\n|\n|upkeep\n|\n|t:|1699722723\n|switch|p2a: Moltres|Moltres-Galar|100\/100\n|turn|6\n|\n|t:|1699722727\n|move|p2a: Moltres|Agility|p2a: Moltres\n|-boost|p2a: Moltres|spe|2\n|move|p1a: Dragapult|Shadow Ball|p2a: Moltres\n|-resisted|p2a: Moltres\n|-damage|p2a: Moltres|68\/100\n|-unboost|p2a: Moltres|spd|1\n|\n|upkeep\n|turn|7\n|\n|t:|1699722730\n|move|p2a: Moltres|Nasty Plot|p2a: Moltres\n|-boost|p2a: Moltres|spa|2\n|move|p1a: Dragapult|Shadow Ball|p2a: Moltres\n|-resisted|p2a: Moltres\n|-damage|p2a: Moltres|26\/100\n|-ability|p2a: Moltres|Berserk|boost\n|-boost|p2a: Moltres|spa|1\n|\n|upkeep\n|turn|8\n|\n|t:|1699722735\n|move|p2a: Moltres|Fiery Wrath|p1a: Dragapult\n|-supereffective|p1a: Dragapult\n|-damage|p1a: Dragapult|0 fnt\n|faint|p1a: Dragapult\n|\n|upkeep\n|\n|t:|1699722752\n|switch|p1a: Iron Jugulis|Iron Jugulis|100\/100\n|-enditem|p1a: Iron Jugulis|Booster Energy\n|-activate|p1a: Iron Jugulis|ability: Quark Drive|[fromitem]\n|-start|p1a: Iron Jugulis|quarkdrivespe\n|turn|9\n|inactive|FrontlineFrags has 120 seconds left.\n|\n|t:|1699722807\n|-terastallize|p2a: Moltres|Flying\n|move|p2a: Moltres|Tera Blast|p1a: Iron Jugulis|[anim] Tera Blast Flying\n|-damage|p1a: Iron Jugulis|0 fnt\n|faint|p1a: Iron Jugulis\n|-end|p1a: Iron Jugulis|Quark Drive|[silent]\n|\n|upkeep\n|\n|t:|1699722822\n|switch|p1a: TWINKATON|Tinkaton, F|100\/100\n|-item|p1a: TWINKATON|Air Balloon\n|turn|10\n|-message|my name is champ forfeited.\n|\n|win|FrontlineFrags\n|raw|my name is champ's rating: 1468 &rarr; <strong>1452<\/strong><br \/>(-16 for losing)\n|raw|FrontlineFrags's rating: 1537 &rarr; <strong>1553<\/strong><br \/>(+16 for winning)\n|l|\u2606my name is champ\n","uploadtime":1699722843,"views":25,"p1id":"mynameischamp","p2id":"frontlinefrags","formatid":"gen9ou","rating":1452,"private":0,"password":""}