{"id":"gen9ou-1996539416","p1":"ArchenWarrior","p2":"lvcinda","format":"[Gen 9] OU","log":"|j|\u2606ArchenWarrior\n|j|\u2606lvcinda\n|inactive|Battle timer is ON: inactive players will automatically lose when time's up.\n|t:|1700692077\n|gametype|singles\n|player|p1|ArchenWarrior|proton|\n|player|p2|lvcinda|cynthia-anime2|\n|teamsize|p1|6\n|teamsize|p2|6\n|gen|9\n|tier|[Gen 9] OU\n|rated|Tournament battle\n|rule|Sleep Clause Mod: Limit one foe put to sleep\n|rule|Species Clause: Limit one of each Pok\u00e9mon\n|rule|OHKO Clause: OHKO moves are banned\n|rule|Evasion Items Clause: Evasion items are banned\n|rule|Evasion Moves Clause: Evasion moves are banned\n|rule|Endless Battle Clause: Forcing endless battles is banned\n|rule|HP Percentage Mod: HP is shown in percentages\n|clearpoke\n|poke|p1|Munkidori, M|\n|poke|p1|Tornadus, M|\n|poke|p1|Probopass, F|\n|poke|p1|Slither Wing|\n|poke|p1|Regidrago|\n|poke|p1|Kingambit, F|\n|poke|p2|Munkidori, M|\n|poke|p2|Tornadus, M|\n|poke|p2|Probopass, F|\n|poke|p2|Slither Wing|\n|poke|p2|Regidrago|\n|poke|p2|Kingambit, F|\n|teampreview\n|j|*Lady Monita \u2746\n|c|\u2606ArchenWarrior|glhf\n|\n|t:|1700692088\n|start\n|switch|p1a: Probopass|Probopass, F, shiny|100\/100\n|switch|p2a: Probopass|Probopass, F|100\/100\n|turn|1\n|\n|t:|1700692097\n|move|p1a: Probopass|Stealth Rock|p2a: Probopass\n|-sidestart|p2: lvcinda|move: Stealth Rock\n|move|p2a: Probopass|Stealth Rock|p1a: Probopass\n|-sidestart|p1: ArchenWarrior|move: Stealth Rock\n|\n|upkeep\n|turn|2\n|\n|t:|1700692108\n|move|p1a: Probopass|Body Press|p2a: Probopass\n|-supereffective|p2a: Probopass\n|-ability|p2a: Probopass|Sturdy\n|-damage|p2a: Probopass|1\/100\n|move|p2a: Probopass|Discharge|p1a: Probopass\n|-damage|p1a: Probopass|86\/100\n|\n|-heal|p1a: Probopass|92\/100|[from] item: Leftovers\n|upkeep\n|turn|3\n|-enditem|p2a: Probopass|Custap Berry|[eat]\n|-activate|p2a: Probopass|item: Custap Berry|[consumed]\n|\n|t:|1700692119\n|move|p2a: Probopass|Steel Beam|p1a: Probopass\n|-damage|p1a: Probopass|51\/100\n|-damage|p2a: Probopass|0 fnt|[from] steelbeam\n|faint|p2a: Probopass\n|move|p1a: Probopass|Body Press|p2: Probopass|[notarget]\n|-fail|p1a: Probopass\n|\n|-heal|p1a: Probopass|57\/100|[from] item: Leftovers\n|upkeep\n|inactive|lvcinda has 120 seconds left.\n|\n|t:|1700692150\n|switch|p2a: Slither Wing|Slither Wing|100\/100\n|-damage|p2a: Slither Wing|88\/100|[from] Stealth Rock\n|-enditem|p2a: Slither Wing|Booster Energy\n|-activate|p2a: Slither Wing|ability: Protosynthesis|[fromitem]\n|-start|p2a: Slither Wing|protosynthesisatk\n|turn|4\n|\n|t:|1700692163\n|move|p2a: Slither Wing|Close Combat|p1a: Probopass\n|-supereffective|p1a: Probopass\n|-damage|p1a: Probopass|0 fnt\n|-unboost|p2a: Slither Wing|def|1\n|-unboost|p2a: Slither Wing|spd|1\n|faint|p1a: Probopass\n|\n|upkeep\n|\n|t:|1700692174\n|switch|p1a: Tornadus|Tornadus, M|100\/100\n|turn|5\n|\n|t:|1700692182\n|-end|p2a: Slither Wing|Protosynthesis|[silent]\n|switch|p2a: Tornadus|Tornadus, M|100\/100\n|move|p1a: Tornadus|Bleakwind Storm|p2a: Tornadus\n|-damage|p2a: Tornadus|27\/100\n|\n|upkeep\n|turn|6\n|\n|t:|1700692197\n|move|p2a: Tornadus|Tailwind|p2a: Tornadus\n|-sidestart|p2: lvcinda|move: Tailwind\n|move|p1a: Tornadus|Heat Wave|p2a: Tornadus\n|-damage|p2a: Tornadus|0 fnt\n|faint|p2a: Tornadus\n|\n|upkeep\n|\n|t:|1700692202\n|switch|p2a: Regidrago|Regidrago|100\/100\n|-damage|p2a: Regidrago|88\/100|[from] Stealth Rock\n|turn|7\n|j| Gyarikkuho\n|c| Gyarikkuho|gl to both\n|inactive|ArchenWarrior has 120 seconds left.\n|\n|t:|1700692233\n|move|p2a: Regidrago|Dragon Energy|p1a: Tornadus\n|-damage|p1a: Tornadus|0 fnt\n|faint|p1a: Tornadus\n|\n|upkeep\n|\n|t:|1700692237\n|switch|p1a: Munkidori|Munkidori, M|100\/100\n|turn|8\n|\n|t:|1700692240\n|move|p1a: Munkidori|Fake Out|p2a: Regidrago\n|-damage|p2a: Regidrago|81\/100\n|-status|p2a: Regidrago|tox|[from] ability: Toxic Chain|[of] p1a: Munkidori\n|cant|p2a: Regidrago|flinch\n|\n|-damage|p2a: Regidrago|74\/100 tox|[from] psn\n|upkeep\n|turn|9\n|\n|t:|1700692251\n|move|p2a: Regidrago|Dragon Energy|p1a: Munkidori\n|-damage|p1a: Munkidori|9\/100\n|move|p1a: Munkidori|U-turn|p2a: Regidrago\n|-damage|p2a: Regidrago|61\/100 tox\n|inactive|ArchenWarrior has 120 seconds left.\n|\n|t:|1700692283\n|switch|p1a: Kingambit|Kingambit, F|100\/100|[from] U-turn\n|-damage|p1a: Kingambit|94\/100|[from] Stealth Rock\n|-activate|p1a: Kingambit|ability: Supreme Overlord\n|-start|p1a: Kingambit|fallen2|[silent]\n|\n|-heal|p1a: Kingambit|100\/100|[from] item: Leftovers\n|-damage|p2a: Regidrago|48\/100 tox|[from] psn\n|-sideend|p2: lvcinda|move: Tailwind\n|upkeep\n|turn|10\n|\n|t:|1700692303\n|switch|p2a: Slither Wing|Slither Wing|88\/100\n|-damage|p2a: Slither Wing|76\/100|[from] Stealth Rock\n|move|p1a: Kingambit|Sucker Punch||[still]\n|-fail|p1a: Kingambit\n|\n|upkeep\n|turn|11\n|\n|t:|1700692310\n|-end|p1a: Kingambit|fallen2|[silent]\n|switch|p1a: Munkidori|Munkidori, M|9\/100\n|move|p2a: Slither Wing|Close Combat|p1a: Munkidori\n|-resisted|p1a: Munkidori\n|-damage|p1a: Munkidori|0 fnt\n|-unboost|p2a: Slither Wing|def|1\n|-unboost|p2a: Slither Wing|spd|1\n|faint|p1a: Munkidori\n|\n|upkeep\n|inactive|ArchenWarrior has 90 seconds left.\n|j| surging fire\n|inactive|ArchenWarrior has 60 seconds left.\n|l| surging fire\n|\n|t:|1700692382\n|switch|p1a: Slither Wing|Slither Wing|100\/100\n|-damage|p1a: Slither Wing|88\/100|[from] Stealth Rock\n|turn|12\n|inactive|ArchenWarrior has 30 seconds left.\n|inactive|ArchenWarrior has 20 seconds left.\n|\n|t:|1700692420\n|-terastallize|p1a: Slither Wing|Bug\n|move|p1a: Slither Wing|First Impression|p2a: Slither Wing\n|-resisted|p2a: Slither Wing\n|-damage|p2a: Slither Wing|0 fnt\n|faint|p2a: Slither Wing\n|-end|p2a: Slither Wing|Protosynthesis|[silent]\n|\n|upkeep\n|inactive|ArchenWarrior has 25 seconds left this turn.\n|\n|t:|1700692430\n|switch|p2a: Munkidori|Munkidori, M|100\/100\n|-damage|p2a: Munkidori|88\/100|[from] Stealth Rock\n|turn|13\n|inactive|ArchenWarrior has 30 seconds left.\n|inactive|ArchenWarrior has 20 seconds left.\n|inactive|ArchenWarrior has 15 seconds left.\n|\n|t:|1700692451\n|-end|p1a: Slither Wing|Protosynthesis|[silent]\n|switch|p1a: Regidrago|Regidrago|100\/100\n|-damage|p1a: Regidrago|88\/100|[from] Stealth Rock\n|move|p2a: Munkidori|Psychic|p1a: Regidrago\n|-damage|p1a: Regidrago|35\/100\n|\n|upkeep\n|turn|14\n|inactive|ArchenWarrior has 25 seconds left this turn.\n|inactive|ArchenWarrior has 20 seconds left.\n|\n|t:|1700692459\n|move|p2a: Munkidori|Psychic|p1a: Regidrago\n|-damage|p1a: Regidrago|0 fnt\n|faint|p1a: Regidrago\n|\n|upkeep\n|inactive|ArchenWarrior has 25 seconds left this turn.\n|inactive|ArchenWarrior has 20 seconds left.\n|inactive|ArchenWarrior has 15 seconds left.\n|\n|t:|1700692472\n|switch|p1a: Slither Wing|Slither Wing, tera:Bug|88\/100\n|-damage|p1a: Slither Wing|64\/100|[from] Stealth Rock\n|turn|15\n|inactive|ArchenWarrior has 25 seconds left this turn.\n|inactive|ArchenWarrior has 20 seconds left.\n|inactive|ArchenWarrior has 15 seconds left.\n|\n|t:|1700692487\n|switch|p2a: Regidrago|Regidrago|48\/100 tox\n|-damage|p2a: Regidrago|36\/100 tox|[from] Stealth Rock\n|move|p1a: Slither Wing|U-turn|p2a: Regidrago\n|-damage|p2a: Regidrago|0 fnt\n|faint|p2a: Regidrago\n|inactive|ArchenWarrior has 20 seconds left this turn.\n|\n|t:|1700692489\n|-end|p1a: Slither Wing|Protosynthesis|[silent]\n|switch|p1a: Kingambit|Kingambit, F|100\/100|[from] U-turn\n|-damage|p1a: Kingambit|94\/100|[from] Stealth Rock\n|-activate|p1a: Kingambit|ability: Supreme Overlord\n|-start|p1a: Kingambit|fallen4|[silent]\n|\n|-heal|p1a: Kingambit|100\/100|[from] item: Leftovers\n|upkeep\n|inactive|ArchenWarrior has 25 seconds left this turn.\n|\n|t:|1700692497\n|switch|p2a: Kingambit|Kingambit, F|100\/100\n|-damage|p2a: Kingambit|94\/100|[from] Stealth Rock\n|-activate|p2a: Kingambit|ability: Supreme Overlord\n|-start|p2a: Kingambit|fallen4|[silent]\n|turn|16\n|inactive|ArchenWarrior has 30 seconds left.\n|\n|t:|1700692505\n|-end|p1a: Kingambit|fallen4|[silent]\n|switch|p1a: Slither Wing|Slither Wing, tera:Bug|64\/100\n|-damage|p1a: Slither Wing|39\/100|[from] Stealth Rock\n|move|p2a: Kingambit|Low Kick|p1a: Slither Wing\n|-resisted|p1a: Slither Wing\n|-damage|p1a: Slither Wing|0 fnt\n|faint|p1a: Slither Wing\n|-end|p1a: Slither Wing|Protosynthesis|[silent]\n|-damage|p2a: Kingambit|84\/100|[from] item: Life Orb\n|\n|upkeep\n|inactive|ArchenWarrior has 30 seconds left.\n|\n|t:|1700692511\n|switch|p1a: Kingambit|Kingambit, F|100\/100\n|-damage|p1a: Kingambit|94\/100|[from] Stealth Rock\n|-activate|p1a: Kingambit|ability: Supreme Overlord\n|-start|p1a: Kingambit|fallen5|[silent]\n|turn|17\n|\n|t:|1700692518\n|move|p1a: Kingambit|Iron Head|p2a: Kingambit\n|-resisted|p2a: Kingambit\n|-damage|p2a: Kingambit|61\/100\n|move|p2a: Kingambit|Low Kick|p1a: Kingambit\n|-supereffective|p1a: Kingambit\n|-damage|p1a: Kingambit|0 fnt\n|faint|p1a: Kingambit\n|-end|p1a: Kingambit|fallen5|[silent]\n|-damage|p2a: Kingambit|51\/100|[from] item: Life Orb\n|\n|win|lvcinda\n|n|\u2606ArchenWarrior|archenwarrior\n|n|\u2606lvcinda|lvcinda\n|n|*Lady Monita \u2746|ladymonita\n|n| Gyarikkuho|gyarikkuho\n","uploadtime":1700692519,"views":2,"p1id":"archenwarrior","p2id":"lvcinda","formatid":"gen9ou","rating":0,"private":0,"password":""}