{"id":"gen9ou-1998308590","p1":"TY SM MY GUY","p2":"OnionPo","format":"[Gen 9] OU","log":"|j|\u2606TY SM MY GUY\n|j|\u2606OnionPo\n|t:|1700927636\n|gametype|singles\n|player|p1|TY SM MY GUY|hoopster|1326\n|player|p2|OnionPo|266|1397\n|teamsize|p1|6\n|teamsize|p2|6\n|gen|9\n|tier|[Gen 9] OU\n|rated|\n|rule|Sleep Clause Mod: Limit one foe put to sleep\n|rule|Species Clause: Limit one of each Pok\u00e9mon\n|rule|OHKO Clause: OHKO moves are banned\n|rule|Evasion Items Clause: Evasion items are banned\n|rule|Evasion Moves Clause: Evasion moves are banned\n|rule|Endless Battle Clause: Forcing endless battles is banned\n|rule|HP Percentage Mod: HP is shown in percentages\n|clearpoke\n|poke|p1|Glimmora, F|\n|poke|p1|Great Tusk|\n|poke|p1|Hatterene, F|\n|poke|p1|Greninja-*, M|\n|poke|p1|Brambleghast, M|\n|poke|p1|Zoroark-Hisui, M|\n|poke|p2|Arcanine-Hisui, M|\n|poke|p2|Greninja-*, M|\n|poke|p2|Corviknight, M|\n|poke|p2|Iron Hands|\n|poke|p2|Slowking-Galar, M|\n|poke|p2|Landorus-Therian, M|\n|teampreview\n|inactive|Battle timer is ON: inactive players will automatically lose when time's up. (requested by TY SM MY GUY)\n|\n|t:|1700927658\n|start\n|switch|p1a: Hatterene|Hatterene, F, shiny|100\/100\n|switch|p2a: Arcanine|Arcanine-Hisui, M|100\/100\n|turn|1\n|\n|t:|1700927671\n|move|p1a: Hatterene|Trick|p2a: Arcanine\n|-activate|p1a: Hatterene|move: Trick|[of] p2a: Arcanine\n|-item|p2a: Arcanine|Choice Scarf|[from] move: Trick\n|-item|p1a: Hatterene|Choice Band|[from] move: Trick\n|move|p2a: Arcanine|Head Smash|p1a: Hatterene\n|-damage|p1a: Hatterene|0 fnt\n|replace|p1a: Zoroark|Zoroark-Hisui, M, shiny\n|-end|p1a: Zoroark|Illusion\n|faint|p1a: Zoroark\n|\n|upkeep\n|\n|t:|1700927688\n|switch|p1a: Glimmora|Glimmora, F, shiny|100\/100\n|-item|p1a: Glimmora|Air Balloon\n|turn|2\n|\n|t:|1700927695\n|switch|p2a: Corviknight|Corviknight, M|100\/100\n|-ability|p2a: Corviknight|Pressure\n|move|p1a: Glimmora|Earth Power|p2a: Corviknight\n|-immune|p2a: Corviknight\n|\n|upkeep\n|turn|3\n|\n|t:|1700927704\n|move|p1a: Glimmora|Stealth Rock|p2a: Corviknight\n|-sidestart|p2: OnionPo|move: Stealth Rock\n|move|p2a: Corviknight|Body Press|p1a: Glimmora\n|-damage|p1a: Glimmora|75\/100\n|-activate|p1a: Glimmora|ability: Toxic Debris\n|-sidestart|p2: OnionPo|move: Toxic Spikes\n|-enditem|p1a: Glimmora|Air Balloon\n|\n|upkeep\n|turn|4\n|\n|t:|1700927711\n|move|p1a: Glimmora|Power Gem|p2a: Corviknight\n|-damage|p2a: Corviknight|69\/100\n|move|p2a: Corviknight|Roost|p2a: Corviknight\n|-heal|p2a: Corviknight|100\/100\n|-singleturn|p2a: Corviknight|move: Roost\n|\n|upkeep\n|turn|5\n|\n|t:|1700927715\n|move|p1a: Glimmora|Power Gem|p2a: Corviknight\n|-damage|p2a: Corviknight|68\/100\n|move|p2a: Corviknight|Defog|p1a: Glimmora\n|-unboost|p1a: Glimmora|evasion|1\n|-sideend|p2: OnionPo|Toxic Spikes|[from] move: Defog|[of] p2a: Corviknight\n|-sideend|p2: OnionPo|Stealth Rock|[from] move: Defog|[of] p2a: Corviknight\n|\n|upkeep\n|turn|6\n|\n|t:|1700927723\n|move|p1a: Glimmora|Power Gem|p2a: Corviknight\n|-damage|p2a: Corviknight|36\/100\n|move|p2a: Corviknight|Body Press|p1a: Glimmora\n|-damage|p1a: Glimmora|49\/100\n|-activate|p1a: Glimmora|ability: Toxic Debris\n|-sidestart|p2: OnionPo|move: Toxic Spikes\n|\n|upkeep\n|turn|7\n|\n|t:|1700927726\n|move|p1a: Glimmora|Power Gem|p2a: Corviknight\n|-damage|p2a: Corviknight|3\/100\n|move|p2a: Corviknight|Roost|p2a: Corviknight\n|-heal|p2a: Corviknight|53\/100\n|-singleturn|p2a: Corviknight|move: Roost\n|\n|upkeep\n|turn|8\n|\n|t:|1700927729\n|move|p1a: Glimmora|Power Gem|p2a: Corviknight\n|-damage|p2a: Corviknight|18\/100\n|move|p2a: Corviknight|Roost|p2a: Corviknight\n|-heal|p2a: Corviknight|68\/100\n|-singleturn|p2a: Corviknight|move: Roost\n|\n|upkeep\n|turn|9\n|\n|t:|1700927735\n|move|p1a: Glimmora|Power Gem|p2a: Corviknight\n|-damage|p2a: Corviknight|34\/100\n|move|p2a: Corviknight|Body Press|p1a: Glimmora\n|-damage|p1a: Glimmora|22\/100\n|-activate|p1a: Glimmora|ability: Toxic Debris\n|-sidestart|p2: OnionPo|move: Toxic Spikes\n|\n|upkeep\n|turn|10\n|\n|t:|1700927739\n|move|p1a: Glimmora|Power Gem|p2a: Corviknight\n|-damage|p2a: Corviknight|0 fnt\n|faint|p2a: Corviknight\n|\n|upkeep\n|\n|t:|1700927744\n|switch|p2a: Landorus|Landorus-Therian, M|100\/100\n|-ability|p2a: Landorus|Intimidate|boost\n|-unboost|p1a: Glimmora|atk|1\n|turn|11\n|\n|t:|1700927747\n|move|p1a: Glimmora|Stealth Rock|p2a: Landorus\n|-sidestart|p2: OnionPo|move: Stealth Rock\n|move|p2a: Landorus|Stealth Rock|p1a: Glimmora\n|-sidestart|p1: TY SM MY GUY|move: Stealth Rock\n|\n|upkeep\n|turn|12\n|\n|t:|1700927750\n|move|p1a: Glimmora|Power Gem|p2a: Landorus\n|-damage|p2a: Landorus|65\/100\n|move|p2a: Landorus|Earth Power|p1a: Glimmora\n|-supereffective|p1a: Glimmora\n|-damage|p1a: Glimmora|0 fnt\n|faint|p1a: Glimmora\n|\n|-heal|p2a: Landorus|71\/100|[from] item: Leftovers\n|upkeep\n|\n|t:|1700927758\n|switch|p1a: Brambleghast|Brambleghast, M, shiny|100\/100\n|-damage|p1a: Brambleghast|88\/100|[from] Stealth Rock\n|turn|13\n|\n|t:|1700927765\n|move|p1a: Brambleghast|Rapid Spin|p2a: Landorus\n|-damage|p2a: Landorus|58\/100\n|-boost|p1a: Brambleghast|spe|1\n|-sideend|p1: TY SM MY GUY|Stealth Rock|[from] move: Rapid Spin|[of] p1a: Brambleghast\n|move|p2a: Landorus|U-turn|p1a: Brambleghast\n|-damage|p1a: Brambleghast|54\/100\n|\n|t:|1700927774\n|switch|p2a: Arcanine|Arcanine-Hisui, M|100\/100|[from] U-turn\n|-status|p2a: Arcanine|tox\n|-damage|p2a: Arcanine|76\/100 tox|[from] Stealth Rock\n|\n|-damage|p2a: Arcanine|70\/100 tox|[from] psn\n|upkeep\n|turn|14\n|\n|t:|1700927787\n|move|p1a: Brambleghast|Shadow Sneak|p2a: Arcanine\n|-damage|p2a: Arcanine|42\/100 tox\n|move|p2a: Arcanine|Flare Blitz|p1a: Brambleghast\n|-supereffective|p1a: Brambleghast\n|-damage|p1a: Brambleghast|0 fnt\n|faint|p1a: Brambleghast\n|\n|-damage|p2a: Arcanine|30\/100 tox|[from] psn\n|upkeep\n|\n|t:|1700927799\n|switch|p1a: Greninja|Greninja, M|100\/100\n|turn|15\n|\n|t:|1700927806\n|move|p1a: Greninja|Water Shuriken|p2a: Arcanine\n|-supereffective|p2a: Arcanine\n|-damage|p2a: Arcanine|0 fnt\n|faint|p2a: Arcanine\n|-ability|p1a: Greninja|Battle Bond|boost\n|-boost|p1a: Greninja|atk|1\n|-boost|p1a: Greninja|spa|1\n|-boost|p1a: Greninja|spe|1\n|-activate|p1a: Greninja|ability: Battle Bond\n|-hitcount|p2: Arcanine|1\n|-damage|p1a: Greninja|91\/100|[from] item: Life Orb\n|\n|upkeep\n|\n|t:|1700927811\n|switch|p2a: Iron Hands|Iron Hands|100\/100\n|-status|p2a: Iron Hands|tox\n|-damage|p2a: Iron Hands|94\/100 tox|[from] Stealth Rock\n|turn|16\n|\n|t:|1700927814\n|move|p2a: Iron Hands|Fake Out|p1a: Greninja\n|-damage|p1a: Greninja|61\/100\n|cant|p1a: Greninja|flinch\n|\n|-damage|p2a: Iron Hands|88\/100 tox|[from] psn\n|upkeep\n|turn|17\n|\n|t:|1700927820\n|move|p1a: Greninja|Extrasensory|p2a: Iron Hands\n|-supereffective|p2a: Iron Hands\n|-damage|p2a: Iron Hands|32\/100 tox\n|-damage|p1a: Greninja|51\/100|[from] item: Life Orb\n|move|p2a: Iron Hands|Wild Charge|p1a: Greninja\n|-supereffective|p1a: Greninja\n|-damage|p1a: Greninja|0 fnt\n|faint|p1a: Greninja\n|-damage|p2a: Iron Hands|24\/100 tox|[from] Recoil\n|\n|-damage|p2a: Iron Hands|12\/100 tox|[from] psn\n|upkeep\n|\n|t:|1700927826\n|switch|p1a: Great Tusk|Great Tusk|100\/100\n|-enditem|p1a: Great Tusk|Booster Energy\n|-activate|p1a: Great Tusk|ability: Protosynthesis|[fromitem]\n|-start|p1a: Great Tusk|protosynthesisspe\n|turn|18\n|\n|t:|1700927829\n|move|p1a: Great Tusk|Bulk Up|p1a: Great Tusk\n|-boost|p1a: Great Tusk|atk|1\n|-boost|p1a: Great Tusk|def|1\n|move|p2a: Iron Hands|Ice Punch|p1a: Great Tusk\n|-supereffective|p1a: Great Tusk\n|-damage|p1a: Great Tusk|75\/100\n|\n|-damage|p2a: Iron Hands|0 fnt|[from] psn\n|faint|p2a: Iron Hands\n|-end|p2a: Iron Hands|Quark Drive|[silent]\n|upkeep\n|\n|t:|1700927833\n|switch|p2a: Landorus|Landorus-Therian, M|58\/100\n|-damage|p2a: Landorus|46\/100|[from] Stealth Rock\n|-ability|p2a: Landorus|Intimidate|boost\n|-unboost|p1a: Great Tusk|atk|1\n|turn|19\n|\n|t:|1700927837\n|move|p1a: Great Tusk|Ice Spinner|p2a: Landorus\n|-supereffective|p2a: Landorus\n|-damage|p2a: Landorus|0 fnt\n|faint|p2a: Landorus\n|\n|upkeep\n|\n|t:|1700927844\n|switch|p2a: Slowking|Slowking-Galar, M|100\/100\n|-sideend|p2: OnionPo|move: Toxic Spikes|[of] p2a: Slowking\n|turn|20\n|\n|t:|1700927864\n|-terastallize|p1a: Great Tusk|Grass\n|-terastallize|p2a: Slowking|Dark\n|move|p1a: Great Tusk|Bulk Up|p1a: Great Tusk\n|-boost|p1a: Great Tusk|atk|1\n|-boost|p1a: Great Tusk|def|1\n|move|p2a: Slowking|Future Sight|p1a: Great Tusk\n|-start|p2a: Slowking|move: Future Sight\n|\n|upkeep\n|turn|21\n|\n|t:|1700927870\n|move|p1a: Great Tusk|Body Press|p2a: Slowking\n|-supereffective|p2a: Slowking\n|-damage|p2a: Slowking|0 fnt\n|faint|p2a: Slowking\n|\n|upkeep\n|\n|t:|1700927872\n|switch|p2a: Greninja|Greninja, M|100\/100\n|-damage|p2a: Greninja|88\/100|[from] Stealth Rock\n|turn|22\n|\n|t:|1700927875\n|move|p1a: Great Tusk|Body Press|p2a: Greninja\n|-supereffective|p2a: Greninja\n|-damage|p2a: Greninja|0 fnt\n|faint|p2a: Greninja\n|\n|win|TY SM MY GUY\n|raw|TY SM MY GUY's rating: 1326 &rarr; <strong>1350<\/strong><br \/>(+24 for winning)\n|raw|OnionPo's rating: 1397 &rarr; <strong>1373<\/strong><br \/>(-24 for losing)\n|l|\u2606OnionPo\n","uploadtime":1700927884,"views":1,"p1id":"tysmmyguy","p2id":"onionpo","formatid":"gen9ou","rating":1350,"private":0,"password":""}