{"id":"gen9ou-1996879161","p1":"HEAVY-DUTY B0OTY","p2":"ButteryBotBockets","format":"[Gen 9] OU","log":"|j|\u2606HEAVY-DUTY B0OTY\n|j|\u2606ButteryBotBockets\n|inactive|Battle timer is ON: inactive players will automatically lose when time's up.\n|t:|1700739386\n|gametype|singles\n|player|p1|HEAVY-DUTY B0OTY|swimmerf-gen6|\n|player|p2|ButteryBotBockets|unknown|\n|teamsize|p1|3\n|teamsize|p2|3\n|gen|9\n|tier|[Gen 9] OU\n|rated|Tournament battle\n|rule|Sleep Clause Mod: Limit one foe put to sleep\n|rule|Species Clause: Limit one of each Pok\u00e9mon\n|rule|OHKO Clause: OHKO moves are banned\n|rule|Evasion Items Clause: Evasion items are banned\n|rule|Evasion Moves Clause: Evasion moves are banned\n|rule|Endless Battle Clause: Forcing endless battles is banned\n|rule|HP Percentage Mod: HP is shown in percentages\n|clearpoke\n|poke|p1|Skeledirge, F|\n|poke|p1|Staravia, F|\n|poke|p1|Sinistcha|\n|poke|p2|Phantump, M|\n|poke|p2|Torterra, M|\n|poke|p2|Chewtle, M|\n|teampreview\n|j|*Lady Monita \u2746\n|inactive|ButteryBotBockets also wants the timer to be on.\n|c|\u2606ButteryBotBockets|glha\n|c|\u2606HEAVY-DUTY B0OTY|hf\n|\n|t:|1700739398\n|start\n|switch|p1a: Staravia|Staravia, F|100\/100\n|switch|p2a: Phantump|Phantump, M|100\/100\n|-ability|p1a: Staravia|Intimidate|boost\n|-unboost|p2a: Phantump|atk|1\n|-item|p1a: Staravia|Focus Sash|[from] ability: Frisk|[of] p2a: Phantump|[identify]\n|turn|1\n|\n|t:|1700739412\n|move|p1a: Staravia|Acrobatics|p2a: Phantump\n|-supereffective|p2a: Phantump\n|-damage|p2a: Phantump|0 fnt\n|faint|p2a: Phantump\n|\n|upkeep\n|\n|t:|1700739417\n|switch|p2a: Chewtle|Chewtle, M|100\/100\n|turn|2\n|\n|t:|1700739436\n|move|p1a: Staravia|Facade|p2a: Chewtle\n|-damage|p2a: Chewtle|51\/100\n|move|p2a: Chewtle|Shell Smash|p2a: Chewtle\n|-unboost|p2a: Chewtle|def|1\n|-unboost|p2a: Chewtle|spd|1\n|-boost|p2a: Chewtle|atk|2\n|-boost|p2a: Chewtle|spa|2\n|-boost|p2a: Chewtle|spe|2\n|-enditem|p2a: Chewtle|White Herb\n|-clearnegativeboost|p2a: Chewtle|[silent]\n|\n|upkeep\n|turn|3\n|\n|t:|1700739456\n|move|p1a: Staravia|Facade|p2a: Chewtle\n|-damage|p2a: Chewtle|0 fnt\n|faint|p2a: Chewtle\n|\n|upkeep\n|\n|t:|1700739459\n|switch|p2a: Torterra|Torterra, M|100\/100\n|turn|4\n|\n|t:|1700739479\n|-terastallize|p2a: Torterra|Rock\n|move|p1a: Staravia|Acrobatics|p2a: Torterra\n|-resisted|p2a: Torterra\n|-damage|p2a: Torterra|93\/100\n|move|p2a: Torterra|Shell Smash|p2a: Torterra\n|-unboost|p2a: Torterra|def|1\n|-unboost|p2a: Torterra|spd|1\n|-boost|p2a: Torterra|atk|2\n|-boost|p2a: Torterra|spa|2\n|-boost|p2a: Torterra|spe|2\n|-enditem|p2a: Torterra|White Herb\n|-clearnegativeboost|p2a: Torterra|[silent]\n|\n|upkeep\n|turn|5\n|\n|t:|1700739490\n|move|p2a: Torterra|Rock Slide|p1a: Staravia\n|-supereffective|p1a: Staravia\n|-enditem|p1a: Staravia|Focus Sash\n|-damage|p1a: Staravia|1\/100\n|cant|p1a: Staravia|flinch\n|\n|upkeep\n|turn|6\n|c|\u2606HEAVY-DUTY B0OTY|noooooo\n|\n|t:|1700739505\n|move|p1a: Staravia|Quick Attack|p2a: Torterra\n|-resisted|p2a: Torterra\n|-damage|p2a: Torterra|87\/100\n|move|p2a: Torterra|Rock Slide|p1a: Staravia\n|-supereffective|p1a: Staravia\n|-damage|p1a: Staravia|0 fnt\n|faint|p1a: Staravia\n|\n|upkeep\n|\n|t:|1700739509\n|switch|p1a: Skeledirge|Skeledirge, F|100\/100\n|turn|7\n|\n|t:|1700739523\n|-terastallize|p1a: Skeledirge|Fairy\n|move|p2a: Torterra|Rock Slide|p1a: Skeledirge|[miss]\n|-miss|p2a: Torterra|p1a: Skeledirge\n|move|p1a: Skeledirge|Will-O-Wisp|p2a: Torterra|[miss]\n|-miss|p1a: Skeledirge|p2a: Torterra\n|\n|upkeep\n|turn|8\n|\n|t:|1700739531\n|move|p2a: Torterra|Rock Slide|p1a: Skeledirge\n|-damage|p1a: Skeledirge|78\/100\n|cant|p1a: Skeledirge|flinch\n|\n|-heal|p1a: Skeledirge|84\/100|[from] item: Leftovers\n|upkeep\n|turn|9\n|\n|t:|1700739536\n|move|p2a: Torterra|Rock Slide|p1a: Skeledirge\n|-damage|p1a: Skeledirge|64\/100\n|move|p1a: Skeledirge|Will-O-Wisp|p2a: Torterra\n|-status|p2a: Torterra|brn\n|\n|-heal|p1a: Skeledirge|71\/100|[from] item: Leftovers\n|-damage|p2a: Torterra|80\/100 brn|[from] brn\n|upkeep\n|turn|10\n|\n|t:|1700739541\n|move|p2a: Torterra|Rock Slide|p1a: Skeledirge|[miss]\n|-miss|p2a: Torterra|p1a: Skeledirge\n|move|p1a: Skeledirge|Slack Off|p1a: Skeledirge\n|-heal|p1a: Skeledirge|100\/100\n|\n|-damage|p2a: Torterra|74\/100 brn|[from] brn\n|upkeep\n|turn|11\n|c|\u2606HEAVY-DUTY B0OTY|gg\n|\n|t:|1700739552\n|move|p2a: Torterra|Rock Slide|p1a: Skeledirge\n|-damage|p1a: Skeledirge|90\/100\n|move|p1a: Skeledirge|Hex|p2a: Torterra\n|-damage|p2a: Torterra|35\/100 brn\n|\n|-heal|p1a: Skeledirge|96\/100|[from] item: Leftovers\n|-damage|p2a: Torterra|29\/100 brn|[from] brn\n|upkeep\n|turn|12\n|c|\u2606ButteryBotBockets|wow\n|c|\u2606ButteryBotBockets|gg\n|j| poketough\n|c|\u2606HEAVY-DUTY B0OTY|!showteam\n|c| HEAVY-DUTY B0OTY|\/raw <div class=\"infobox\"><details><summary>View team<\/summary>Skeledirge (F) @ Leftovers  <br \/>Ability: Unaware  <br \/>Tera Type: Fairy  <br \/>EVs: 248 HP &#x2f; 16 Def &#x2f; 244 SpD  <br \/>Bold Nature  <br \/>IVs: 0 Atk  <br \/>- Torch Song  <br \/>- Hex  <br \/>- Will-O-Wisp  <br \/>- Slack Off  <br \/><br \/>Staravia (F) @ Focus Sash  <br \/>Ability: Intimidate  <br \/>Tera Type: Normal  <br \/>EVs: 252 Atk &#x2f; 4 SpD &#x2f; 252 Spe  <br \/>Jolly Nature  <br \/>- Acrobatics  <br \/>- Facade  <br \/>- Endeavor  <br \/>- Quick Attack  <br \/><br \/>Sinistcha @ Leftovers  <br \/>Ability: Heatproof  <br \/>Tera Type: Steel  <br \/>EVs: 252 HP &#x2f; 160 Def &#x2f; 96 Spe  <br \/>Bold Nature  <br \/>IVs: 0 Atk  <br \/>- Calm Mind  <br \/>- Matcha Gotcha  <br \/>- Shadow Ball  <br \/>- Strength Sap  <br \/><br \/><\/details><\/div>\n|-message|ButteryBotBockets forfeited.\n|\n|win|HEAVY-DUTY B0OTY\n|n|\u2606HEAVY-DUTY B0OTY|heavydutyb0oty\n|n|\u2606ButteryBotBockets|butterybotbockets\n|n|*Lady Monita \u2746|ladymonita\n|n| poketough|poketough\n","uploadtime":1700739568,"views":1,"p1id":"heavydutyb0oty","p2id":"butterybotbockets","formatid":"gen9ou","rating":0,"private":0,"password":""}