{"id":"gen9ou-2000046635","p1":"kingshere","p2":"RepeatUntilTired4","format":"[Gen 9] OU","log":"|j|\u2606kingshere\n|j|\u2606RepeatUntilTired4\n|t:|1701145666\n|gametype|singles\n|player|p1|kingshere|ethan|1329\n|player|p2|RepeatUntilTired4|marlon|1390\n|teamsize|p1|6\n|teamsize|p2|6\n|gen|9\n|tier|[Gen 9] OU\n|rated|\n|rule|Sleep Clause Mod: Limit one foe put to sleep\n|rule|Species Clause: Limit one of each Pok\u00e9mon\n|rule|OHKO Clause: OHKO moves are banned\n|rule|Evasion Items Clause: Evasion items are banned\n|rule|Evasion Moves Clause: Evasion moves are banned\n|rule|Endless Battle Clause: Forcing endless battles is banned\n|rule|HP Percentage Mod: HP is shown in percentages\n|clearpoke\n|poke|p1|Ribombee, M|\n|poke|p1|Great Tusk|\n|poke|p1|Gholdengo|\n|poke|p1|Kingambit, F|\n|poke|p1|Iron Moth|\n|poke|p1|Greninja-*, M|\n|poke|p2|Basculegion, M|\n|poke|p2|Magnezone|\n|poke|p2|Salamence, M|\n|poke|p2|Pelipper, M|\n|poke|p2|Iron Treads|\n|poke|p2|Samurott-Hisui, M|\n|teampreview\n|inactive|Battle timer is ON: inactive players will automatically lose when time's up. (requested by RepeatUntilTired4)\n|inactive|RepeatUntilTired4 has 120 seconds left.\n|c|\u2606kingshere|?\n|\n|t:|1701145731\n|start\n|switch|p1a: Iron Moth|Iron Moth|100\/100\n|switch|p2a: BigDaddyPel|Pelipper, M|100\/100\n|-weather|RainDance|[from] ability: Drizzle|[of] p2a: BigDaddyPel\n|-enditem|p1a: Iron Moth|Booster Energy\n|-activate|p1a: Iron Moth|ability: Quark Drive|[fromitem]\n|-start|p1a: Iron Moth|quarkdrivespe\n|turn|1\n|\n|t:|1701145745\n|-terastallize|p1a: Iron Moth|Rock\n|move|p1a: Iron Moth|Tera Blast|p2a: BigDaddyPel|[anim] Tera Blast Rock\n|-supereffective|p2a: BigDaddyPel\n|-damage|p2a: BigDaddyPel|29\/100\n|move|p2a: BigDaddyPel|U-turn|p1a: Iron Moth\n|-crit|p1a: Iron Moth\n|-damage|p1a: Iron Moth|77\/100\n|\n|t:|1701145758\n|switch|p2a: KingSalmon|Basculegion, M|100\/100|[from] U-turn\n|\n|-weather|RainDance|[upkeep]\n|upkeep\n|turn|2\n|inactive|kingshere has 120 seconds left.\n|\n|t:|1701145790\n|move|p2a: KingSalmon|Wave Crash|p1a: Iron Moth\n|-supereffective|p1a: Iron Moth\n|-damage|p1a: Iron Moth|0 fnt\n|faint|p1a: Iron Moth\n|-end|p1a: Iron Moth|Quark Drive|[silent]\n|-damage|p2a: KingSalmon|81\/100|[from] Recoil\n|\n|-weather|RainDance|[upkeep]\n|upkeep\n|inactive|kingshere has 120 seconds left.\n|\n|t:|1701145800\n|switch|p1a: Greninja|Greninja, M|100\/100\n|turn|3\n|inactive|kingshere has 120 seconds left.\n|inactive|RepeatUntilTired4 has 120 seconds left.\n|\n|t:|1701145843\n|move|p2a: KingSalmon|Wave Crash|p1a: Greninja\n|-resisted|p1a: Greninja\n|-damage|p1a: Greninja|3\/100\n|-damage|p2a: KingSalmon|56\/100|[from] Recoil\n|move|p1a: Greninja|Grass Knot|p2a: KingSalmon\n|-start|p1a: Greninja|typechange|Grass|[from] ability: Protean\n|-supereffective|p2a: KingSalmon\n|-damage|p2a: KingSalmon|0 fnt\n|faint|p2a: KingSalmon\n|-damage|p1a: Greninja|0 fnt|[from] item: Life Orb\n|faint|p1a: Greninja\n|\n|-weather|RainDance|[upkeep]\n|upkeep\n|inactive|kingshere has 120 seconds left.\n|c|\u2606RepeatUntilTired4|252 Atk Choice Band Basculegion Wave Crash vs. 0 HP \/ 0 Def Greninja in Rain: 275-324 (96.4 - 113.6%) -- guaranteed OHKO\n|c|\u2606RepeatUntilTired4|oh what the fuck\n|c|\u2606kingshere|wait wut\n|\n|t:|1701145872\n|switch|p1a: Ribombee|Ribombee, M|100\/100\n|switch|p2a: ArchFlash|Magnezone|100\/100\n|turn|4\n|\n|t:|1701145886\n|move|p1a: Ribombee|Sticky Web|p2a: ArchFlash\n|-sidestart|p2: RepeatUntilTired4|move: Sticky Web\n|move|p2a: ArchFlash|Flash Cannon|p1a: Ribombee\n|-supereffective|p1a: Ribombee\n|-enditem|p1a: Ribombee|Focus Sash\n|-damage|p1a: Ribombee|1\/100\n|\n|-weather|RainDance|[upkeep]\n|upkeep\n|turn|5\n|\n|t:|1701145894\n|move|p1a: Ribombee|Moonblast|p2a: ArchFlash\n|-resisted|p2a: ArchFlash\n|-damage|p2a: ArchFlash|76\/100\n|move|p2a: ArchFlash|Flash Cannon|p1a: Ribombee\n|-supereffective|p1a: Ribombee\n|-damage|p1a: Ribombee|0 fnt\n|faint|p1a: Ribombee\n|\n|-weather|RainDance|[upkeep]\n|upkeep\n|inactive|kingshere has 120 seconds left.\n|\n|t:|1701145932\n|switch|p1a: Great Tusk|Great Tusk|100\/100\n|-enditem|p1a: Great Tusk|Booster Energy\n|-activate|p1a: Great Tusk|ability: Protosynthesis|[fromitem]\n|-start|p1a: Great Tusk|protosynthesisatk\n|turn|6\n|\n|t:|1701145942\n|switch|p2a: Him|Salamence, M|100\/100\n|-ability|p2a: Him|Intimidate|boost\n|-unboost|p1a: Great Tusk|atk|1\n|move|p1a: Great Tusk|Close Combat|p2a: Him\n|-resisted|p2a: Him\n|-damage|p2a: Him|68\/100\n|-unboost|p1a: Great Tusk|def|1\n|-unboost|p1a: Great Tusk|spd|1\n|\n|-weather|RainDance|[upkeep]\n|upkeep\n|turn|7\n|\n|t:|1701145957\n|-end|p1a: Great Tusk|Protosynthesis|[silent]\n|switch|p1a: Gholdengo|Gholdengo|100\/100\n|-terastallize|p2a: Him|Steel\n|move|p2a: Him|Dragon Dance|p2a: Him\n|-boost|p2a: Him|atk|1\n|-boost|p2a: Him|spe|1\n|\n|-weather|RainDance|[upkeep]\n|upkeep\n|turn|8\n|\n|t:|1701145965\n|move|p2a: Him|Earthquake|p1a: Gholdengo\n|-supereffective|p1a: Gholdengo\n|-damage|p1a: Gholdengo|0 fnt\n|faint|p1a: Gholdengo\n|\n|-weather|none\n|upkeep\n|\n|t:|1701145970\n|switch|p1a: Great Tusk|Great Tusk|100\/100\n|turn|9\n|\n|t:|1701145974\n|move|p2a: Him|Dual Wingbeat|p1a: Great Tusk\n|-supereffective|p1a: Great Tusk\n|-crit|p1a: Great Tusk\n|-damage|p1a: Great Tusk|29\/100\n|-supereffective|p1a: Great Tusk\n|-damage|p1a: Great Tusk|0 fnt\n|faint|p1a: Great Tusk\n|-end|p1a: Great Tusk|Protosynthesis|[silent]\n|-hitcount|p1: Great Tusk|2\n|\n|upkeep\n|inactive|kingshere has 120 seconds left.\n|-message|kingshere forfeited.\n|\n|win|RepeatUntilTired4\n|raw|kingshere's rating: 1329 &rarr; <strong>1312<\/strong><br \/>(-17 for losing)\n|raw|RepeatUntilTired4's rating: 1390 &rarr; <strong>1407<\/strong><br \/>(+17 for winning)\n|l|\u2606kingshere\n","uploadtime":1701145992,"views":15,"p1id":"kingshere","p2id":"repeatuntiltired4","formatid":"gen9ou","rating":1312,"private":0,"password":""}