{"id":"gen9ou-1993105725","p1":"Slime2225","p2":"ochuruls","format":"[Gen 9] OU","log":"|j|\u2606Slime2225\n|j|\u2606ochuruls\n|t:|1700265401\n|gametype|singles\n|player|p1|Slime2225|2|\n|player|p2|ochuruls|n|\n|teamsize|p1|6\n|teamsize|p2|6\n|gen|9\n|tier|[Gen 9] OU\n|rule|Sleep Clause Mod: Limit one foe put to sleep\n|rule|Species Clause: Limit one of each Pok\u00e9mon\n|rule|OHKO Clause: OHKO moves are banned\n|rule|Evasion Items Clause: Evasion items are banned\n|rule|Evasion Moves Clause: Evasion moves are banned\n|rule|Endless Battle Clause: Forcing endless battles is banned\n|rule|HP Percentage Mod: HP is shown in percentages\n|clearpoke\n|poke|p1|Pelipper, F|\n|poke|p1|Basculegion-F, F|\n|poke|p1|Krookodile, M|\n|poke|p1|Floatzel, M|\n|poke|p1|Toxicroak, M|\n|poke|p1|Thundurus-Therian, M|\n|poke|p2|Corviknight, M|\n|poke|p2|Kingambit, M|\n|poke|p2|Rotom-Wash|\n|poke|p2|Thundurus, M|\n|poke|p2|Ceruledge, F|\n|poke|p2|Sylveon, M|\n|teampreview\n|\n|t:|1700265428\n|start\n|switch|p1a: Toxicroak|Toxicroak, M|100\/100\n|switch|p2a: Sylveon|Sylveon, M|100\/100\n|turn|1\n|\n|t:|1700265447\n|switch|p2a: Ceruledge|Ceruledge, F|100\/100\n|move|p1a: Toxicroak|Rock Slide|p2a: Ceruledge\n|-supereffective|p2a: Ceruledge\n|-damage|p2a: Ceruledge|22\/100\n|-ability|p2a: Ceruledge|Weak Armor|boost\n|-unboost|p2a: Ceruledge|def|1\n|-boost|p2a: Ceruledge|spe|2\n|-damage|p1a: Toxicroak|91\/100|[from] item: Life Orb\n|\n|upkeep\n|turn|2\n|\n|t:|1700265467\n|move|p2a: Ceruledge|Bitter Blade|p1a: Toxicroak\n|-damage|p1a: Toxicroak|4\/100\n|-heal|p2a: Ceruledge|68\/100|[from] drain|[of] p1a: Toxicroak\n|move|p1a: Toxicroak|Rock Slide|p2a: Ceruledge\n|-supereffective|p2a: Ceruledge\n|-damage|p2a: Ceruledge|0 fnt\n|faint|p2a: Ceruledge\n|-damage|p1a: Toxicroak|0 fnt|[from] item: Life Orb\n|faint|p1a: Toxicroak\n|\n|upkeep\n|\n|t:|1700265483\n|switch|p1a: Krookodile|Krookodile, M|100\/100\n|switch|p2a: Thundurus|Thundurus, M|100\/100\n|turn|3\n|\n|t:|1700265501\n|move|p2a: Thundurus|Nasty Plot|p2a: Thundurus\n|-boost|p2a: Thundurus|spa|2\n|move|p1a: Krookodile|Bulk Up|p1a: Krookodile\n|-boost|p1a: Krookodile|atk|1\n|-boost|p1a: Krookodile|def|1\n|\n|upkeep\n|turn|4\n|\n|t:|1700265522\n|move|p2a: Thundurus|Grass Knot|p1a: Krookodile\n|-supereffective|p1a: Krookodile\n|-enditem|p1a: Krookodile|Focus Sash\n|-damage|p1a: Krookodile|1\/100\n|move|p1a: Krookodile|Dragon Claw|p2a: Thundurus\n|-damage|p2a: Thundurus|45\/100\n|\n|upkeep\n|turn|5\n|\n|t:|1700265535\n|move|p2a: Thundurus|Grass Knot|p1a: Krookodile\n|-supereffective|p1a: Krookodile\n|-damage|p1a: Krookodile|0 fnt\n|faint|p1a: Krookodile\n|\n|upkeep\n|\n|t:|1700265542\n|switch|p1a: Pelipper|Pelipper, F|100\/100\n|-weather|RainDance|[from] ability: Drizzle|[of] p1a: Pelipper\n|turn|6\n|\n|t:|1700265552\n|move|p2a: Thundurus|Grass Knot|p1a: Pelipper\n|-damage|p1a: Pelipper|44\/100\n|move|p1a: Pelipper|Tailwind|p1a: Pelipper\n|-sidestart|p1: Slime2225|move: Tailwind\n|\n|-weather|RainDance|[upkeep]\n|upkeep\n|turn|7\n|\n|t:|1700265568\n|move|p2a: Thundurus|Grass Knot|p1a: Pelipper\n|-damage|p1a: Pelipper|0 fnt\n|faint|p1a: Pelipper\n|\n|-weather|RainDance|[upkeep]\n|upkeep\n|\n|t:|1700265575\n|switch|p1a: Basculegion|Basculegion-F, F|100\/100\n|turn|8\n|\n|t:|1700265592\n|-terastallize|p1a: Basculegion|Grass\n|move|p1a: Basculegion|Surf|p2a: Thundurus\n|-damage|p2a: Thundurus|0 fnt\n|faint|p2a: Thundurus\n|-damage|p1a: Basculegion|91\/100|[from] item: Life Orb\n|\n|-weather|RainDance|[upkeep]\n|upkeep\n|\n|t:|1700265598\n|switch|p2a: Corviknight|Corviknight, M|100\/100\n|-ability|p2a: Corviknight|Pressure\n|turn|9\n|\n|t:|1700265611\n|move|p1a: Basculegion|Surf|p2a: Corviknight\n|-damage|p2a: Corviknight|17\/100\n|-damage|p1a: Basculegion|81\/100|[from] item: Life Orb\n|move|p2a: Corviknight|Brave Bird|p1a: Basculegion\n|-supereffective|p1a: Basculegion\n|-damage|p1a: Basculegion|0 fnt\n|faint|p1a: Basculegion\n|-damage|p2a: Corviknight|0 fnt|[from] Recoil\n|faint|p2a: Corviknight\n|\n|-weather|RainDance|[upkeep]\n|-sideend|p1: Slime2225|move: Tailwind\n|upkeep\n|\n|t:|1700265631\n|switch|p1a: Floatzel|Floatzel, M|100\/100\n|switch|p2a: Sylveon|Sylveon, M|100\/100\n|turn|10\n|\n|t:|1700265643\n|move|p1a: Floatzel|Bulk Up|p1a: Floatzel\n|-boost|p1a: Floatzel|atk|1\n|-boost|p1a: Floatzel|def|1\n|move|p2a: Sylveon|Calm Mind|p2a: Sylveon\n|-boost|p2a: Sylveon|spa|1\n|-boost|p2a: Sylveon|spd|1\n|\n|-weather|RainDance|[upkeep]\n|upkeep\n|turn|11\n|\n|t:|1700265654\n|move|p1a: Floatzel|Liquidation|p2a: Sylveon\n|-damage|p2a: Sylveon|1\/100\n|-unboost|p2a: Sylveon|def|1\n|move|p2a: Sylveon|Hyper Voice|p1a: Floatzel\n|-damage|p1a: Floatzel|0 fnt\n|faint|p1a: Floatzel\n|\n|-weather|RainDance|[upkeep]\n|-heal|p2a: Sylveon|7\/100|[from] item: Leftovers\n|upkeep\n|\n|t:|1700265665\n|switch|p1a: Thundurus|Thundurus-Therian, M|100\/100\n|turn|12\n|\n|t:|1700265678\n|move|p1a: Thundurus|Thunder|p2a: Sylveon\n|-damage|p2a: Sylveon|0 fnt\n|faint|p2a: Sylveon\n|\n|-weather|RainDance|[upkeep]\n|upkeep\n|\n|t:|1700265688\n|switch|p2a: Kingambit|Kingambit, M|100\/100\n|-activate|p2a: Kingambit|ability: Supreme Overlord\n|-start|p2a: Kingambit|fallen4|[silent]\n|turn|13\n|\n|t:|1700265711\n|move|p1a: Thundurus|Weather Ball|p2a: Kingambit\n|-damage|p2a: Kingambit|37\/100\n|move|p2a: Kingambit|Swords Dance|p2a: Kingambit\n|-boost|p2a: Kingambit|atk|2\n|\n|-weather|none\n|upkeep\n|turn|14\n|\n|t:|1700265730\n|move|p2a: Kingambit|Sucker Punch|p1a: Thundurus\n|-damage|p1a: Thundurus|0 fnt\n|faint|p1a: Thundurus\n|\n|win|ochuruls\n","uploadtime":1700265734,"views":24,"p1id":"slime2225","p2id":"ochuruls","formatid":"gen9ou","rating":0,"private":0,"password":""}