{"id":"gen9ou-1990794140","p1":"gynesisxd","p2":"soy bebe","format":"[Gen 9] OU","log":"|j|\u2606gynesisxd\n|j|\u2606soy bebe\n|t:|1700001494\n|gametype|singles\n|player|p1|gynesisxd|rika|1360\n|player|p2|soy bebe|whitney|1426\n|teamsize|p1|6\n|teamsize|p2|6\n|gen|9\n|tier|[Gen 9] OU\n|rated|\n|rule|Sleep Clause Mod: Limit one foe put to sleep\n|rule|Species Clause: Limit one of each Pok\u00e9mon\n|rule|OHKO Clause: OHKO moves are banned\n|rule|Evasion Items Clause: Evasion items are banned\n|rule|Evasion Moves Clause: Evasion moves are banned\n|rule|Endless Battle Clause: Forcing endless battles is banned\n|rule|HP Percentage Mod: HP is shown in percentages\n|clearpoke\n|poke|p1|Cinderace, F|\n|poke|p1|Torkoal, M|\n|poke|p1|Walking Wake|\n|poke|p1|Landorus-Therian, M|\n|poke|p1|Great Tusk|\n|poke|p1|Sandy Shocks|\n|poke|p2|Politoed, M|\n|poke|p2|Zapdos|\n|poke|p2|Iron Treads|\n|poke|p2|Basculegion-F, F|\n|poke|p2|Quaquaval, F|\n|poke|p2|Meowscarada, F|\n|teampreview\n|\n|t:|1700001517\n|start\n|switch|p1a: Torkoal|Torkoal, M|100\/100\n|switch|p2a: Basculegion|Basculegion-F, F, shiny|100\/100\n|-weather|SunnyDay|[from] ability: Drought|[of] p1a: Torkoal\n|turn|1\n|inactive|Battle timer is ON: inactive players will automatically lose when time's up. (requested by soy bebe)\n|\n|t:|1700001528\n|-terastallize|p2a: Basculegion|Water\n|move|p2a: Basculegion|Surf|p1a: Torkoal\n|-supereffective|p1a: Torkoal\n|-damage|p1a: Torkoal|0 fnt\n|faint|p1a: Torkoal\n|\n|-weather|SunnyDay|[upkeep]\n|upkeep\n|\n|t:|1700001541\n|switch|p1a: Sandy Shocks|Sandy Shocks|100\/100\n|-activate|p1a: Sandy Shocks|ability: Protosynthesis\n|-start|p1a: Sandy Shocks|protosynthesisspa\n|turn|2\n|\n|t:|1700001549\n|switch|p2a: Politoed|Politoed, M, shiny|100\/100\n|-weather|RainDance|[from] ability: Drizzle|[of] p2a: Politoed\n|-end|p1a: Sandy Shocks|Protosynthesis\n|move|p1a: Sandy Shocks|Earth Power|p2a: Politoed\n|-damage|p2a: Politoed|64\/100\n|\n|-weather|RainDance|[upkeep]\n|upkeep\n|turn|3\n|\n|t:|1700001558\n|switch|p2a: Zapdos|Zapdos|100\/100\n|move|p1a: Sandy Shocks|Volt Switch|p2a: Zapdos\n|-damage|p2a: Zapdos|68\/100\n|\n|t:|1700001566\n|-end|p1a: Sandy Shocks|Protosynthesis|[silent]\n|switch|p1a: Walking Wake|Walking Wake|100\/100|[from] Volt Switch\n|\n|-weather|RainDance|[upkeep]\n|upkeep\n|turn|4\n|\n|t:|1700001574\n|move|p1a: Walking Wake|Draco Meteor|p2a: Zapdos|[miss]\n|-miss|p1a: Walking Wake|p2a: Zapdos\n|move|p2a: Zapdos|Volt Switch|p1a: Walking Wake\n|-crit|p1a: Walking Wake\n|-damage|p1a: Walking Wake|48\/100\n|\n|t:|1700001580\n|switch|p2a: Basculegion|Basculegion-F, F, shiny, tera:Water|100\/100|[from] Volt Switch\n|\n|-weather|RainDance|[upkeep]\n|upkeep\n|turn|5\n|c|\u2606gynesisxd|wow.\n|\n|t:|1700001588\n|-end|p1a: Walking Wake|Protosynthesis|[silent]\n|switch|p1a: Sandy Shocks|Sandy Shocks|100\/100\n|move|p2a: Basculegion|Surf|p1a: Sandy Shocks\n|-supereffective|p1a: Sandy Shocks\n|-damage|p1a: Sandy Shocks|0 fnt\n|faint|p1a: Sandy Shocks\n|-end|p1a: Sandy Shocks|Protosynthesis|[silent]\n|\n|-weather|RainDance|[upkeep]\n|upkeep\n|\n|t:|1700001603\n|switch|p1a: Cinderace|Cinderace, F|100\/100\n|turn|6\n|c|\u2606soy bebe|Wym\n|c|\u2606soy bebe|use dragon pulse then\n|\n|t:|1700001627\n|move|p2a: Basculegion|Surf|p1a: Cinderace\n|-supereffective|p1a: Cinderace\n|-crit|p1a: Cinderace\n|-damage|p1a: Cinderace|0 fnt\n|faint|p1a: Cinderace\n|\n|-weather|RainDance|[upkeep]\n|upkeep\n|c|\u2606gynesisxd|bruh its 90%\n|c|\u2606gynesisxd|and u crit\n|\n|t:|1700001638\n|switch|p1a: Landorus|Landorus-Therian, M|100\/100\n|-ability|p1a: Landorus|Intimidate|boost\n|-unboost|p2a: Basculegion|atk|1\n|turn|7\n|c|\u2606soy bebe|Yeah not 100%\n|c|\u2606soy bebe|Crit didn\u2019t matter\n|c|\u2606soy bebe|tera surf kills\n|inactive|soy bebe has 120 seconds left.\n|\n|t:|1700001664\n|move|p2a: Basculegion|Surf|p1a: Landorus\n|-supereffective|p1a: Landorus\n|-damage|p1a: Landorus|0 fnt\n|faint|p1a: Landorus\n|\n|-weather|RainDance|[upkeep]\n|upkeep\n|c|\u2606soy bebe|Send out wake and find out\n|inactive|gynesisxd has 120 seconds left.\n|inactive|gynesisxd has 90 seconds left.\n|c|\u2606gynesisxd|252 SpA Choice Specs Adaptability Tera Water Basculegion-F Surf vs. 12 HP \/ 0 SpD Walking Wake in Rain: 121-142 (35.3 - 41.5%) -- guaranteed 3HKO\n|c|\u2606gynesisxd|??????\n|\n|t:|1700001753\n|switch|p1a: Walking Wake|Walking Wake|48\/100\n|turn|8\n|\n|t:|1700001766\n|move|p2a: Basculegion|Surf|p1a: Walking Wake\n|-resisted|p1a: Walking Wake\n|-damage|p1a: Walking Wake|11\/100\n|move|p1a: Walking Wake|Dragon Pulse|p2a: Basculegion\n|-damage|p2a: Basculegion|21\/100\n|\n|-weather|RainDance|[upkeep]\n|upkeep\n|turn|9\n|\n|t:|1700001774\n|move|p2a: Basculegion|Surf|p1a: Walking Wake\n|-resisted|p1a: Walking Wake\n|-damage|p1a: Walking Wake|0 fnt\n|faint|p1a: Walking Wake\n|-end|p1a: Walking Wake|Protosynthesis|[silent]\n|\n|-weather|none\n|upkeep\n|c|\u2606gynesisxd|ah yes\n|\n|t:|1700001782\n|switch|p1a: Great Tusk|Great Tusk|100\/100\n|turn|10\n|c|\u2606gynesisxd|\"kills\"\n|\n|t:|1700001794\n|switch|p2a: Zapdos|Zapdos|68\/100\n|-terastallize|p1a: Great Tusk|Ice\n|move|p1a: Great Tusk|Bulk Up|p1a: Great Tusk\n|-boost|p1a: Great Tusk|atk|1\n|-boost|p1a: Great Tusk|def|1\n|\n|upkeep\n|turn|11\n|\n|t:|1700001801\n|move|p2a: Zapdos|Hurricane|p1a: Great Tusk|[miss]\n|-miss|p2a: Zapdos|p1a: Great Tusk\n|move|p1a: Great Tusk|Ice Spinner|p2a: Zapdos\n|-supereffective|p2a: Zapdos\n|-damage|p2a: Zapdos|0 fnt\n|-status|p1a: Great Tusk|par|[from] ability: Static|[of] p2a: Zapdos\n|faint|p2a: Zapdos\n|\n|upkeep\n|\n|t:|1700001808\n|switch|p2a: Politoed|Politoed, M, shiny|64\/100\n|-weather|RainDance|[from] ability: Drizzle|[of] p2a: Politoed\n|turn|12\n|\n|t:|1700001814\n|move|p2a: Politoed|Surf|p1a: Great Tusk\n|-crit|p1a: Great Tusk\n|-damage|p1a: Great Tusk|0 fnt\n|faint|p1a: Great Tusk\n|-end|p1a: Great Tusk|Protosynthesis|[silent]\n|\n|win|soy bebe\n|raw|gynesisxd's rating: 1360 &rarr; <strong>1344<\/strong><br \/>(-16 for losing)\n|raw|soy bebe's rating: 1426 &rarr; <strong>1442<\/strong><br \/>(+16 for winning)\n|c|\u2606soy bebe|Gg kid\n|c|\u2606gynesisxd|mmmmm\n|c|\u2606gynesisxd|\"kid\"\n|c|\u2606gynesisxd|keep having the game hold your hand\n|c|\u2606gynesisxd|I feel that\n|l|\u2606gynesisxd\n|c|\u2606soy bebe|Lol\n","uploadtime":1700001860,"views":14,"p1id":"gynesisxd","p2id":"soybebe","formatid":"gen9ou","rating":1344,"private":0,"password":""}