{"id":"gen9ou-1996716531","p1":"TickledYou","p2":"a_tini_anon","format":"[Gen 9] OU","log":"|j|\u2606TickledYou\n|j|\u2606a_tini_anon\n|t:|1700713716\n|gametype|singles\n|player|p1|TickledYou|265|1102\n|player|p2|a_tini_anon|101|1000\n|teamsize|p1|6\n|teamsize|p2|6\n|gen|9\n|tier|[Gen 9] OU\n|rated|\n|rule|Sleep Clause Mod: Limit one foe put to sleep\n|rule|Species Clause: Limit one of each Pok\u00e9mon\n|rule|OHKO Clause: OHKO moves are banned\n|rule|Evasion Items Clause: Evasion items are banned\n|rule|Evasion Moves Clause: Evasion moves are banned\n|rule|Endless Battle Clause: Forcing endless battles is banned\n|rule|HP Percentage Mod: HP is shown in percentages\n|clearpoke\n|poke|p1|Ceruledge, M|\n|poke|p1|Samurott-Hisui, F|\n|poke|p1|Iron Moth|\n|poke|p1|Pincurchin, M|\n|poke|p1|Glimmora, M|\n|poke|p1|Slowking-Galar, F|\n|poke|p2|Ribombee, M|\n|poke|p2|Salazzle, F|\n|poke|p2|Decidueye-Hisui, F|\n|poke|p2|Dragapult, M|\n|poke|p2|Maushold-Four|\n|poke|p2|Empoleon, M|\n|teampreview\n|inactive|Battle timer is ON: inactive players will automatically lose when time's up. (requested by TickledYou)\n|\n|t:|1700713724\n|start\n|switch|p1a: Pincurchin|Pincurchin, M|100\/100\n|switch|p2a: Ribombee|Ribombee, M|100\/100\n|-fieldstart|move: Electric Terrain|[from] ability: Electric Surge|[of] p1a: Pincurchin\n|turn|1\n|\n|t:|1700713734\n|move|p2a: Ribombee|Sticky Web|p1a: Pincurchin\n|-sidestart|p1: TickledYou|move: Sticky Web\n|move|p1a: Pincurchin|Thunder Wave|p2a: Ribombee\n|-status|p2a: Ribombee|par\n|\n|upkeep\n|turn|2\n|\n|t:|1700713749\n|switch|p2a: Empoleon|Empoleon, M|100\/100\n|move|p1a: Pincurchin|Hex|p2a: Empoleon\n|-damage|p2a: Empoleon|93\/100\n|\n|-heal|p2a: Empoleon|99\/100|[from] item: Leftovers\n|upkeep\n|turn|3\n|\n|t:|1700713759\n|switch|p1a: Glimmora|Glimmora, M|100\/100\n|-activate|p1a: Glimmora|move: Sticky Web\n|-unboost|p1a: Glimmora|spe|1\n|move|p2a: Empoleon|Stealth Rock|p1a: Glimmora\n|-sidestart|p1: TickledYou|move: Stealth Rock\n|\n|-heal|p2a: Empoleon|100\/100|[from] item: Leftovers\n|upkeep\n|turn|4\n|\n|t:|1700713773\n|move|p2a: Empoleon|Liquidation|p1a: Glimmora\n|-supereffective|p1a: Glimmora\n|-damage|p1a: Glimmora|63\/100\n|-activate|p1a: Glimmora|ability: Toxic Debris\n|-sidestart|p2: a_tini_anon|move: Toxic Spikes\n|move|p1a: Glimmora|Stealth Rock|p2a: Empoleon\n|-sidestart|p2: a_tini_anon|move: Stealth Rock\n|\n|upkeep\n|turn|5\n|\n|t:|1700713787\n|move|p1a: Glimmora|Mortal Spin|p2a: Empoleon\n|-immune|p2a: Empoleon\n|move|p2a: Empoleon|Roar|p1a: Glimmora\n|drag|p1a: Slowking|Slowking-Galar, F|100\/100\n|-activate|p1a: Slowking|move: Sticky Web\n|-unboost|p1a: Slowking|spe|1\n|-damage|p1a: Slowking|88\/100|[from] Stealth Rock\n|\n|-fieldend|move: Electric Terrain\n|upkeep\n|turn|6\n|\n|t:|1700713798\n|move|p1a: Slowking|Eerie Spell|p2a: Empoleon\n|-resisted|p2a: Empoleon\n|-damage|p2a: Empoleon|90\/100\n|-activate|p2a: Empoleon|move: Eerie Spell|Roar|3\n|move|p2a: Empoleon|Roar|p1a: Slowking\n|drag|p1a: Samurott|Samurott-Hisui, F|100\/100\n|-activate|p1a: Samurott|move: Sticky Web\n|-unboost|p1a: Samurott|spe|1\n|-damage|p1a: Samurott|88\/100|[from] Stealth Rock\n|\n|-heal|p2a: Empoleon|96\/100|[from] item: Leftovers\n|upkeep\n|turn|7\n|\n|t:|1700713812\n|move|p1a: Samurott|Ceaseless Edge|p2a: Empoleon\n|-damage|p2a: Empoleon|52\/100\n|-sidestart|p2: a_tini_anon|Spikes\n|move|p2a: Empoleon|Roar|p1a: Samurott\n|drag|p1a: Iron Moth|Iron Moth|100\/100\n|-activate|p1a: Iron Moth|move: Sticky Web\n|-unboost|p1a: Iron Moth|spe|1\n|-damage|p1a: Iron Moth|76\/100|[from] Stealth Rock\n|\n|-heal|p1a: Iron Moth|82\/100|[from] item: Leftovers\n|-heal|p2a: Empoleon|59\/100|[from] item: Leftovers\n|upkeep\n|turn|8\n|\n|t:|1700713827\n|-terastallize|p2a: Empoleon|Normal\n|move|p1a: Iron Moth|Discharge|p2a: Empoleon\n|-crit|p2a: Empoleon\n|-damage|p2a: Empoleon|30\/100\n|move|p2a: Empoleon|Liquidation|p1a: Iron Moth\n|-supereffective|p1a: Iron Moth\n|-damage|p1a: Iron Moth|0 fnt\n|faint|p1a: Iron Moth\n|-end|p1a: Iron Moth|Quark Drive|[silent]\n|\n|-heal|p2a: Empoleon|36\/100|[from] item: Leftovers\n|upkeep\n|inactive|TickledYou has 120 seconds left.\n|\n|t:|1700713851\n|switch|p1a: Samurott|Samurott-Hisui, F|88\/100\n|-activate|p1a: Samurott|move: Sticky Web\n|-unboost|p1a: Samurott|spe|1\n|-damage|p1a: Samurott|76\/100|[from] Stealth Rock\n|turn|9\n|\n|t:|1700713861\n|move|p1a: Samurott|Aqua Jet|p2a: Empoleon\n|-damage|p2a: Empoleon|18\/100\n|move|p2a: Empoleon|Roar|p1a: Samurott\n|drag|p1a: Ceruledge|Ceruledge, M|100\/100\n|-activate|p1a: Ceruledge|move: Sticky Web\n|-unboost|p1a: Ceruledge|spe|1\n|-damage|p1a: Ceruledge|76\/100|[from] Stealth Rock\n|-enditem|p1a: Ceruledge|White Herb\n|-clearnegativeboost|p1a: Ceruledge|[silent]\n|\n|-heal|p2a: Empoleon|24\/100|[from] item: Leftovers\n|upkeep\n|turn|10\n|\n|t:|1700713871\n|move|p1a: Ceruledge|Brick Break|p2a: Empoleon\n|-supereffective|p2a: Empoleon\n|-damage|p2a: Empoleon|0 fnt\n|faint|p2a: Empoleon\n|\n|upkeep\n|\n|t:|1700713878\n|switch|p2a: Salazzle|Salazzle, F|100\/100\n|-sideend|p2: a_tini_anon|move: Toxic Spikes|[of] p2a: Salazzle\n|-damage|p2a: Salazzle|76\/100|[from] Stealth Rock\n|-damage|p2a: Salazzle|63\/100|[from] Spikes\n|turn|11\n|\n|t:|1700713893\n|switch|p1a: Slowking|Slowking-Galar, F|100\/100\n|-activate|p1a: Slowking|move: Sticky Web\n|-unboost|p1a: Slowking|spe|1\n|-damage|p1a: Slowking|88\/100|[from] Stealth Rock\n|move|p2a: Salazzle|Thunder Wave|p1a: Slowking\n|-status|p1a: Slowking|par\n|\n|-heal|p2a: Salazzle|70\/100|[from] item: Leftovers\n|upkeep\n|turn|12\n|\n|t:|1700713904\n|move|p2a: Salazzle|Substitute|p2a: Salazzle\n|-start|p2a: Salazzle|Substitute\n|-damage|p2a: Salazzle|45\/100\n|cant|p1a: Slowking|par\n|\n|-heal|p2a: Salazzle|51\/100|[from] item: Leftovers\n|upkeep\n|turn|13\n|\n|t:|1700713910\n|move|p2a: Salazzle|Toxic||[still]\n|-fail|p2a: Salazzle\n|move|p1a: Slowking|Rain Dance|p1a: Slowking\n|-weather|RainDance\n|\n|-weather|RainDance|[upkeep]\n|-heal|p2a: Salazzle|57\/100|[from] item: Leftovers\n|upkeep\n|turn|14\n|inactive|a_tini_anon has 120 seconds left.\n|\n|t:|1700713943\n|switch|p2a: Ribombee|Ribombee, M|100\/100 par\n|-damage|p2a: Ribombee|76\/100 par|[from] Stealth Rock\n|-damage|p2a: Ribombee|63\/100 par|[from] Spikes\n|move|p1a: Slowking|Nasty Plot|p1a: Slowking\n|-boost|p1a: Slowking|spa|2\n|\n|-weather|RainDance|[upkeep]\n|upkeep\n|turn|15\n|\n|t:|1700713966\n|cant|p2a: Ribombee|par\n|move|p1a: Slowking|Eerie Spell|p2a: Ribombee\n|-damage|p2a: Ribombee|0 fnt\n|faint|p2a: Ribombee\n|\n|-weather|RainDance|[upkeep]\n|upkeep\n|inactive|a_tini_anon has 120 seconds left.\n|\n|t:|1700713976\n|switch|p2a: Maushold|Maushold-Four|100\/100\n|-damage|p2a: Maushold|88\/100|[from] Stealth Rock\n|-damage|p2a: Maushold|76\/100|[from] Spikes\n|turn|16\n|\n|t:|1700713988\n|move|p2a: Maushold|Substitute|p2a: Maushold\n|-start|p2a: Maushold|Substitute\n|-damage|p2a: Maushold|51\/100\n|move|p1a: Slowking|Eerie Spell|p2a: Maushold\n|-damage|p2a: Maushold|0 fnt\n|faint|p2a: Maushold\n|\n|-weather|RainDance|[upkeep]\n|upkeep\n|\n|t:|1700713997\n|switch|p2a: Dragapult|Dragapult, M|100\/100\n|turn|17\n|\n|t:|1700714026\n|move|p2a: Dragapult|Night Shade|p1a: Slowking\n|-damage|p1a: Slowking|63\/100 par\n|move|p1a: Slowking|Eerie Spell|p2a: Dragapult\n|-damage|p2a: Dragapult|29\/100\n|-activate|p2a: Dragapult|move: Eerie Spell|Night Shade|3\n|\n|-weather|none\n|upkeep\n|turn|18\n|\n|t:|1700714033\n|move|p2a: Dragapult|Dragon Darts|p1a: Slowking\n|-damage|p1a: Slowking|40\/100 par\n|-anim|p2a: Dragapult|Dragon Darts|p1a: Slowking\n|-damage|p1a: Slowking|16\/100 par\n|move|p1a: Slowking|Eerie Spell|p2a: Dragapult\n|-damage|p2a: Dragapult|0 fnt\n|faint|p2a: Dragapult\n|\n|upkeep\n|\n|t:|1700714042\n|switch|p2a: Decidueye|Decidueye-Hisui, F|100\/100\n|-damage|p2a: Decidueye|94\/100|[from] Stealth Rock\n|-damage|p2a: Decidueye|82\/100|[from] Spikes\n|turn|19\n|\n|t:|1700714051\n|move|p2a: Decidueye|Triple Arrows|p1a: Slowking\n|-resisted|p1a: Slowking\n|-damage|p1a: Slowking|5\/100 par\n|move|p1a: Slowking|Eerie Spell|p2a: Decidueye\n|-supereffective|p2a: Decidueye\n|-damage|p2a: Decidueye|0 fnt\n|faint|p2a: Decidueye\n|\n|upkeep\n|\n|t:|1700714060\n|switch|p2a: Salazzle|Salazzle, F|57\/100\n|-damage|p2a: Salazzle|32\/100|[from] Stealth Rock\n|-damage|p2a: Salazzle|20\/100|[from] Spikes\n|turn|20\n|-message|a_tini_anon forfeited.\n|\n|win|TickledYou\n|raw|TickledYou's rating: 1102 &rarr; <strong>1120<\/strong><br \/>(+18 for winning)\n|raw|a_tini_anon's rating: 1000 &rarr; <strong>1000<\/strong><br \/>(+0 for losing)\n|l|\u2606a_tini_anon\n","uploadtime":1700714076,"views":9,"p1id":"tickledyou","p2id":"atinianon","formatid":"gen9ou","rating":1000,"private":0,"password":""}