{"id":"gen9ou-1995157201","p1":"DareDevilHbh","p2":"PLAYB0I R0BBIE B","format":"[Gen 9] OU","log":"|j|\u2606DareDevilHbh\n|j|\u2606PLAYB0I R0BBIE B\n|t:|1700528961\n|gametype|singles\n|player|p1|DareDevilHbh|ethan|1324\n|player|p2|PLAYB0I R0BBIE B|eusine|1283\n|teamsize|p1|6\n|teamsize|p2|6\n|gen|9\n|tier|[Gen 9] OU\n|rated|\n|rule|Sleep Clause Mod: Limit one foe put to sleep\n|rule|Species Clause: Limit one of each Pok\u00e9mon\n|rule|OHKO Clause: OHKO moves are banned\n|rule|Evasion Items Clause: Evasion items are banned\n|rule|Evasion Moves Clause: Evasion moves are banned\n|rule|Endless Battle Clause: Forcing endless battles is banned\n|rule|HP Percentage Mod: HP is shown in percentages\n|clearpoke\n|poke|p1|Great Tusk|\n|poke|p1|Torkoal, F|\n|poke|p1|Ceruledge, F|\n|poke|p1|Hatterene, F|\n|poke|p1|Brute Bonnet|\n|poke|p1|Walking Wake|\n|poke|p2|Meowscarada, F|\n|poke|p2|Heatran, F|\n|poke|p2|Thundurus-Therian, M|\n|poke|p2|Dragapult, F|\n|poke|p2|Azumarill, F|\n|poke|p2|Corviknight, F|\n|teampreview\n|\n|t:|1700528966\n|start\n|switch|p1a: Torkoal|Torkoal, F, shiny|100\/100\n|switch|p2a: 5% TINT|Heatran, F|100\/100\n|-item|p2a: 5% TINT|Air Balloon\n|-weather|SunnyDay|[from] ability: Drought|[of] p1a: Torkoal\n|turn|1\n|\n|t:|1700528975\n|switch|p1a: Hatterene|Hatterene, F|100\/100\n|move|p2a: 5% TINT|Earth Power|p1a: Hatterene\n|-damage|p1a: Hatterene|66\/100\n|-enditem|p1a: Hatterene|Eject Button\n|\n|t:|1700528982\n|switch|p1a: Walking Wake|Walking Wake|100\/100\n|-activate|p1a: Walking Wake|ability: Protosynthesis\n|-start|p1a: Walking Wake|protosynthesisspe\n|\n|-weather|SunnyDay|[upkeep]\n|upkeep\n|turn|2\n|inactive|Battle timer is ON: inactive players will automatically lose when time's up. (requested by DareDevilHbh)\n|\n|t:|1700528989\n|switch|p2a: CAN'T SAY|Azumarill, F|100\/100\n|move|p1a: Walking Wake|Hydro Steam|p2a: CAN'T SAY\n|-resisted|p2a: CAN'T SAY\n|-damage|p2a: CAN'T SAY|76\/100\n|-damage|p1a: Walking Wake|91\/100|[from] item: Life Orb\n|\n|-weather|SunnyDay|[upkeep]\n|upkeep\n|turn|3\n|\n|t:|1700529009\n|-end|p1a: Walking Wake|Protosynthesis|[silent]\n|switch|p1a: Ceruledge|Ceruledge, F, shiny|100\/100\n|move|p2a: CAN'T SAY|Play Rough|p1a: Ceruledge\n|-resisted|p1a: Ceruledge\n|-damage|p1a: Ceruledge|62\/100\n|-ability|p1a: Ceruledge|Weak Armor|boost\n|-unboost|p1a: Ceruledge|def|1\n|-boost|p1a: Ceruledge|spe|2\n|\n|-weather|SunnyDay|[upkeep]\n|upkeep\n|turn|4\n|\n|t:|1700529023\n|switch|p2a: SKELETONS|Corviknight, F|100\/100\n|-ability|p2a: SKELETONS|Pressure\n|move|p1a: Ceruledge|Solar Blade||[still]\n|-prepare|p1a: Ceruledge|Solar Blade\n|-anim|p1a: Ceruledge|Solar Blade|p2a: SKELETONS\n|-resisted|p2a: SKELETONS\n|-damage|p2a: SKELETONS|94\/100\n|\n|-weather|SunnyDay|[upkeep]\n|-heal|p2a: SKELETONS|100\/100|[from] item: Leftovers\n|upkeep\n|turn|5\n|\n|t:|1700529039\n|-terastallize|p2a: SKELETONS|Dragon\n|move|p1a: Ceruledge|Bitter Blade|p2a: SKELETONS\n|-resisted|p2a: SKELETONS\n|-damage|p2a: SKELETONS|79\/100\n|-heal|p1a: Ceruledge|77\/100|[from] drain|[of] p2a: SKELETONS\n|move|p2a: SKELETONS|Brave Bird|p1a: Ceruledge\n|-damage|p1a: Ceruledge|0 fnt\n|faint|p1a: Ceruledge\n|-damage|p2a: SKELETONS|61\/100|[from] Recoil\n|\n|-weather|SunnyDay|[upkeep]\n|-heal|p2a: SKELETONS|67\/100|[from] item: Leftovers\n|upkeep\n|\n|t:|1700529050\n|switch|p1a: Walking Wake|Walking Wake|91\/100\n|-activate|p1a: Walking Wake|ability: Protosynthesis\n|-start|p1a: Walking Wake|protosynthesisspe\n|turn|6\n|\n|t:|1700529056\n|switch|p2a: CAN'T SAY|Azumarill, F|76\/100\n|move|p1a: Walking Wake|Draco Meteor|p2a: CAN'T SAY\n|-immune|p2a: CAN'T SAY\n|\n|-weather|SunnyDay|[upkeep]\n|upkeep\n|turn|7\n|inactive|DareDevilHbh has 120 seconds left.\n|\n|t:|1700529077\n|-end|p1a: Walking Wake|Protosynthesis|[silent]\n|switch|p1a: Hatterene|Hatterene, F|66\/100\n|move|p2a: CAN'T SAY|Play Rough|p1a: Hatterene\n|-damage|p1a: Hatterene|20\/100\n|-unboost|p1a: Hatterene|atk|1\n|\n|-weather|SunnyDay|[upkeep]\n|upkeep\n|turn|8\n|inactive|DareDevilHbh has 120 seconds left.\n|-message|DareDevilHbh forfeited.\n|\n|win|PLAYB0I R0BBIE B\n|raw|DareDevilHbh's rating: 1324 &rarr; <strong>1302<\/strong><br \/>(-22 for losing)\n|raw|PLAYB0I R0BBIE B's rating: 1283 &rarr; <strong>1311<\/strong><br \/>(+28 for winning)\n|l|\u2606DareDevilHbh\n","uploadtime":1700529096,"views":4,"p1id":"daredevilhbh","p2id":"playb0ir0bbieb","formatid":"gen9ou","rating":1302,"private":0,"password":""}