{"id":"gen9ou-1988273702","p1":"LOVEBOOSOO","p2":"Pressure is Cool","format":"[Gen 9] OU","log":"|j|\u2606LOVEBOOSOO\n|j|\u2606Pressure is Cool\n|t:|1699699421\n|gametype|singles\n|player|p1|LOVEBOOSOO|doubleteam|1291\n|player|p2|Pressure is Cool|pokemonbreeder-gen4|1368\n|teamsize|p1|6\n|teamsize|p2|6\n|gen|9\n|tier|[Gen 9] OU\n|rated|\n|rule|Sleep Clause Mod: Limit one foe put to sleep\n|rule|Species Clause: Limit one of each Pok\u00e9mon\n|rule|OHKO Clause: OHKO moves are banned\n|rule|Evasion Items Clause: Evasion items are banned\n|rule|Evasion Moves Clause: Evasion moves are banned\n|rule|Endless Battle Clause: Forcing endless battles is banned\n|rule|HP Percentage Mod: HP is shown in percentages\n|clearpoke\n|poke|p1|Torkoal, F|\n|poke|p1|Walking Wake|\n|poke|p1|Lilligant-Hisui, F|\n|poke|p1|Sandy Shocks|\n|poke|p1|Skeledirge, M|\n|poke|p1|Great Tusk|\n|poke|p2|Ting-Lu|\n|poke|p2|Gliscor, F|\n|poke|p2|Corviknight, F|\n|poke|p2|Clefable, F|\n|poke|p2|Toxapex, F|\n|poke|p2|Tornadus-Therian, M|\n|teampreview\n|inactive|Battle timer is ON: inactive players will automatically lose when time's up. (requested by Pressure is Cool)\n|inactive|LOVEBOOSOO also wants the timer to be on.\n|\n|t:|1699699430\n|start\n|switch|p1a: Riki|Torkoal, F|100\/100\n|switch|p2a: Ting-Lu|Ting-Lu|100\/100\n|-ability|p2a: Ting-Lu|Vessel of Ruin\n|-weather|SunnyDay|[from] ability: Drought|[of] p1a: Riki\n|turn|1\n|\n|t:|1699699440\n|move|p2a: Ting-Lu|Spikes|p1a: Riki\n|-sidestart|p1: LOVEBOOSOO|Spikes\n|move|p1a: Riki|Yawn|p2a: Ting-Lu\n|-start|p2a: Ting-Lu|move: Yawn|[of] p1a: Riki\n|\n|-weather|SunnyDay|[upkeep]\n|upkeep\n|turn|2\n|\n|t:|1699699449\n|switch|p2a: Gliscor|Gliscor, F|100\/100\n|move|p1a: Riki|Rapid Spin|p2a: Gliscor\n|-damage|p2a: Gliscor|92\/100\n|-boost|p1a: Riki|spe|1\n|-sideend|p1: LOVEBOOSOO|Spikes|[from] move: Rapid Spin|[of] p1a: Riki\n|\n|-weather|SunnyDay|[upkeep]\n|-status|p2a: Gliscor|tox|[from] item: Toxic Orb\n|upkeep\n|turn|3\n|\n|t:|1699699459\n|switch|p2a: Ting-Lu|Ting-Lu|100\/100\n|-ability|p2a: Ting-Lu|Vessel of Ruin\n|move|p1a: Riki|Stealth Rock|p2a: Ting-Lu\n|-sidestart|p2: Pressure is Cool|move: Stealth Rock\n|\n|-weather|SunnyDay|[upkeep]\n|upkeep\n|turn|4\n|\n|t:|1699699466\n|switch|p1a: Stella|Lilligant-Hisui, F|100\/100\n|move|p2a: Ting-Lu|Spikes|p1a: Stella\n|-sidestart|p1: LOVEBOOSOO|Spikes\n|\n|-weather|SunnyDay|[upkeep]\n|upkeep\n|turn|5\n|\n|t:|1699699477\n|move|p1a: Stella|Solar Blade||[still]\n|-prepare|p1a: Stella|Solar Blade\n|-anim|p1a: Stella|Solar Blade|p2a: Ting-Lu\n|-supereffective|p2a: Ting-Lu\n|-damage|p2a: Ting-Lu|32\/100\n|-damage|p1a: Stella|91\/100|[from] item: Life Orb\n|move|p2a: Ting-Lu|Memento|p1a: Stella\n|-unboost|p1a: Stella|atk|2\n|-unboost|p1a: Stella|spa|2\n|faint|p2a: Ting-Lu\n|\n|-weather|SunnyDay|[upkeep]\n|upkeep\n|\n|t:|1699699491\n|switch|p2a: Corviknight|Corviknight, F, shiny|100\/100\n|-damage|p2a: Corviknight|88\/100|[from] Stealth Rock\n|turn|6\n|\n|t:|1699699505\n|switch|p1a: Sandy socks|Sandy Shocks|100\/100\n|-activate|p1a: Sandy socks|ability: Protosynthesis\n|-start|p1a: Sandy socks|protosynthesisspe\n|move|p2a: Corviknight|Agility|p2a: Corviknight\n|-boost|p2a: Corviknight|spe|2\n|\n|-weather|SunnyDay|[upkeep]\n|-heal|p2a: Corviknight|94\/100|[from] item: Leftovers\n|upkeep\n|turn|7\n|\n|t:|1699699515\n|move|p1a: Sandy socks|Thunderbolt|p2a: Corviknight\n|-supereffective|p2a: Corviknight\n|-damage|p2a: Corviknight|37\/100\n|move|p2a: Corviknight|Agility|p2a: Corviknight\n|-boost|p2a: Corviknight|spe|2\n|\n|-weather|SunnyDay|[upkeep]\n|-heal|p2a: Corviknight|43\/100|[from] item: Leftovers\n|upkeep\n|turn|8\n|\n|t:|1699699519\n|move|p2a: Corviknight|Roost|p2a: Corviknight\n|-heal|p2a: Corviknight|93\/100\n|-singleturn|p2a: Corviknight|move: Roost\n|move|p1a: Sandy socks|Thunderbolt|p2a: Corviknight\n|-damage|p2a: Corviknight|64\/100\n|\n|-weather|none\n|-end|p1a: Sandy socks|Protosynthesis\n|-heal|p2a: Corviknight|70\/100|[from] item: Leftovers\n|upkeep\n|turn|9\n|\n|t:|1699699524\n|move|p2a: Corviknight|Agility|p2a: Corviknight\n|-boost|p2a: Corviknight|spe|2\n|move|p1a: Sandy socks|Thunderbolt|p2a: Corviknight\n|-supereffective|p2a: Corviknight\n|-damage|p2a: Corviknight|15\/100\n|\n|-heal|p2a: Corviknight|21\/100|[from] item: Leftovers\n|upkeep\n|turn|10\n|\n|t:|1699699527\n|move|p2a: Corviknight|Roost|p2a: Corviknight\n|-heal|p2a: Corviknight|71\/100\n|-singleturn|p2a: Corviknight|move: Roost\n|move|p1a: Sandy socks|Earth Power|p2a: Corviknight\n|-supereffective|p2a: Corviknight\n|-damage|p2a: Corviknight|11\/100\n|\n|-heal|p2a: Corviknight|17\/100|[from] item: Leftovers\n|upkeep\n|turn|11\n|\n|t:|1699699537\n|-terastallize|p2a: Corviknight|Dark\n|move|p2a: Corviknight|Roost|p2a: Corviknight\n|-heal|p2a: Corviknight|67\/100\n|move|p1a: Sandy socks|Thunderbolt|p2a: Corviknight\n|-damage|p2a: Corviknight|40\/100\n|\n|-heal|p2a: Corviknight|46\/100|[from] item: Leftovers\n|upkeep\n|turn|12\n|\n|t:|1699699545\n|move|p2a: Corviknight|Roost|p2a: Corviknight\n|-heal|p2a: Corviknight|96\/100\n|move|p1a: Sandy socks|Thunderbolt|p2a: Corviknight\n|-damage|p2a: Corviknight|64\/100\n|\n|-heal|p2a: Corviknight|71\/100|[from] item: Leftovers\n|upkeep\n|turn|13\n|\n|t:|1699699548\n|move|p2a: Corviknight|Bulk Up|p2a: Corviknight\n|-boost|p2a: Corviknight|atk|1\n|-boost|p2a: Corviknight|def|1\n|move|p1a: Sandy socks|Spikes|p2a: Corviknight\n|-sidestart|p2: Pressure is Cool|Spikes\n|\n|-heal|p2a: Corviknight|77\/100|[from] item: Leftovers\n|upkeep\n|turn|14\n|\n|t:|1699699550\n|move|p2a: Corviknight|Bulk Up|p2a: Corviknight\n|-boost|p2a: Corviknight|atk|1\n|-boost|p2a: Corviknight|def|1\n|move|p1a: Sandy socks|Spikes|p2a: Corviknight\n|-sidestart|p2: Pressure is Cool|Spikes\n|\n|-heal|p2a: Corviknight|83\/100|[from] item: Leftovers\n|upkeep\n|turn|15\n|\n|t:|1699699562\n|-end|p1a: Sandy socks|Protosynthesis|[silent]\n|switch|p1a: Skeledirge|Skeledirge, M|100\/100\n|-damage|p1a: Skeledirge|88\/100|[from] Spikes\n|move|p2a: Corviknight|Bulk Up|p2a: Corviknight\n|-boost|p2a: Corviknight|atk|1\n|-boost|p2a: Corviknight|def|1\n|\n|-heal|p2a: Corviknight|89\/100|[from] item: Leftovers\n|-heal|p1a: Skeledirge|94\/100|[from] item: Leftovers\n|upkeep\n|turn|16\n|\n|t:|1699699570\n|move|p2a: Corviknight|Power Trip|p1a: Skeledirge\n|-supereffective|p1a: Skeledirge\n|-damage|p1a: Skeledirge|0 fnt\n|faint|p1a: Skeledirge\n|\n|-heal|p2a: Corviknight|96\/100|[from] item: Leftovers\n|upkeep\n|\n|t:|1699699578\n|switch|p1a: Riki|Torkoal, F|100\/100\n|-damage|p1a: Riki|88\/100|[from] Spikes\n|-weather|SunnyDay|[from] ability: Drought|[of] p1a: Riki\n|turn|17\n|\n|t:|1699699586\n|move|p2a: Corviknight|Power Trip|p1a: Riki\n|-damage|p1a: Riki|0 fnt\n|faint|p1a: Riki\n|\n|-weather|SunnyDay|[upkeep]\n|-heal|p2a: Corviknight|100\/100|[from] item: Leftovers\n|upkeep\n|\n|t:|1699699590\n|switch|p1a: Walking dead|Walking Wake|100\/100\n|-damage|p1a: Walking dead|88\/100|[from] Spikes\n|-activate|p1a: Walking dead|ability: Protosynthesis\n|-start|p1a: Walking dead|protosynthesisspa\n|turn|18\n|\n|t:|1699699609\n|move|p2a: Corviknight|Power Trip|p1a: Walking dead\n|-damage|p1a: Walking dead|0 fnt\n|faint|p1a: Walking dead\n|-end|p1a: Walking dead|Protosynthesis|[silent]\n|\n|-weather|SunnyDay|[upkeep]\n|upkeep\n|\n|t:|1699699612\n|switch|p1a: Great guy|Great Tusk|100\/100\n|-damage|p1a: Great guy|88\/100|[from] Spikes\n|-activate|p1a: Great guy|ability: Protosynthesis\n|-start|p1a: Great guy|protosynthesisatk\n|turn|19\n|\n|t:|1699699629\n|move|p2a: Corviknight|Power Trip|p1a: Great guy\n|-resisted|p1a: Great guy\n|-damage|p1a: Great guy|25\/100\n|move|p1a: Great guy|Earthquake|p2a: Corviknight\n|-damage|p2a: Corviknight|75\/100\n|\n|-weather|SunnyDay|[upkeep]\n|-heal|p2a: Corviknight|81\/100|[from] item: Leftovers\n|-heal|p1a: Great guy|31\/100|[from] item: Leftovers\n|upkeep\n|turn|20\n|\n|t:|1699699638\n|move|p2a: Corviknight|Bulk Up|p2a: Corviknight\n|-boost|p2a: Corviknight|atk|1\n|-boost|p2a: Corviknight|def|1\n|move|p1a: Great guy|Earthquake|p2a: Corviknight\n|-damage|p2a: Corviknight|59\/100\n|\n|-weather|SunnyDay|[upkeep]\n|-heal|p2a: Corviknight|65\/100|[from] item: Leftovers\n|-heal|p1a: Great guy|38\/100|[from] item: Leftovers\n|upkeep\n|turn|21\n|\n|t:|1699699647\n|move|p2a: Corviknight|Roost|p2a: Corviknight\n|-heal|p2a: Corviknight|100\/100\n|move|p1a: Great guy|Bulk Up|p1a: Great guy\n|-boost|p1a: Great guy|atk|1\n|-boost|p1a: Great guy|def|1\n|\n|-weather|SunnyDay|[upkeep]\n|-heal|p1a: Great guy|44\/100|[from] item: Leftovers\n|upkeep\n|turn|22\n|\n|t:|1699699649\n|move|p2a: Corviknight|Power Trip|p1a: Great guy\n|-resisted|p1a: Great guy\n|-crit|p1a: Great guy\n|-damage|p1a: Great guy|0 fnt\n|faint|p1a: Great guy\n|-end|p1a: Great guy|Protosynthesis|[silent]\n|\n|-weather|SunnyDay|[upkeep]\n|upkeep\n|\n|t:|1699699653\n|switch|p1a: Stella|Lilligant-Hisui, F|91\/100\n|-damage|p1a: Stella|78\/100|[from] Spikes\n|turn|23\n|\n|t:|1699699660\n|move|p2a: Corviknight|Power Trip|p1a: Stella\n|-resisted|p1a: Stella\n|-damage|p1a: Stella|0 fnt\n|faint|p1a: Stella\n|\n|-weather|SunnyDay|[upkeep]\n|upkeep\n|\n|t:|1699699663\n|switch|p1a: Sandy socks|Sandy Shocks|100\/100\n|-activate|p1a: Sandy socks|ability: Protosynthesis\n|-start|p1a: Sandy socks|protosynthesisspe\n|turn|24\n|\n|t:|1699699670\n|-terastallize|p1a: Sandy socks|Ice\n|move|p2a: Corviknight|Power Trip|p1a: Sandy socks\n|-damage|p1a: Sandy socks|0 fnt\n|faint|p1a: Sandy socks\n|-end|p1a: Sandy socks|Protosynthesis|[silent]\n|\n|win|Pressure is Cool\n|raw|LOVEBOOSOO's rating: 1291 &rarr; <strong>1271<\/strong><br \/>(-20 for losing)\n|raw|Pressure is Cool's rating: 1368 &rarr; <strong>1384<\/strong><br \/>(+16 for winning)\n|l|\u2606LOVEBOOSOO\n","uploadtime":1699699681,"views":19,"p1id":"loveboosoo","p2id":"pressureiscool","formatid":"gen9ou","rating":1271,"private":0,"password":""}