{"id":"gen9ou-1992671682","p1":"KyogreF4N","p2":"OUVT Zamorakism","format":"[Gen 9] OU","log":"|j|\u2606KyogreF4N\n|j|\u2606OUVT Zamorakism\n|t:|1700223345\n|gametype|singles\n|player|p1|KyogreF4N|lucas|1794\n|player|p2|OUVT Zamorakism|archer|1827\n|teamsize|p1|6\n|teamsize|p2|6\n|gen|9\n|tier|[Gen 9] OU\n|rated|\n|rule|Sleep Clause Mod: Limit one foe put to sleep\n|rule|Species Clause: Limit one of each Pok\u00e9mon\n|rule|OHKO Clause: OHKO moves are banned\n|rule|Evasion Items Clause: Evasion items are banned\n|rule|Evasion Moves Clause: Evasion moves are banned\n|rule|Endless Battle Clause: Forcing endless battles is banned\n|rule|HP Percentage Mod: HP is shown in percentages\n|clearpoke\n|poke|p1|Great Tusk|\n|poke|p1|Ogerpon-Wellspring, F|\n|poke|p1|Iron Valiant|\n|poke|p1|Slowking-Galar, F|\n|poke|p1|Zamazenta-*|\n|poke|p1|Dragonite, F|\n|poke|p2|Amoonguss, M|\n|poke|p2|Alomomola, M|\n|poke|p2|Cinderace, F|\n|poke|p2|Ogerpon-Wellspring, F|\n|poke|p2|Dondozo, M|\n|poke|p2|Ting-Lu|\n|teampreview\n|inactive|Battle timer is ON: inactive players will automatically lose when time's up. (requested by KyogreF4N)\n|j| yb is better\n|inactive|OUVT Zamorakism has 120 seconds left.\n|\n|t:|1700223390\n|start\n|switch|p1a: Great Tusk|Great Tusk|100\/100\n|switch|p2a: Amoonguss|Amoonguss, M|100\/100\n|turn|1\n|\n|t:|1700223398\n|move|p1a: Great Tusk|Stealth Rock|p2a: Amoonguss\n|-sidestart|p2: OUVT Zamorakism|move: Stealth Rock\n|move|p2a: Amoonguss|Giga Drain|p1a: Great Tusk\n|-supereffective|p1a: Great Tusk\n|-damage|p1a: Great Tusk|34\/100\n|\n|upkeep\n|turn|2\n|\n|t:|1700223407\n|move|p1a: Great Tusk|Headlong Rush|p2a: Amoonguss\n|-damage|p2a: Amoonguss|46\/100\n|-unboost|p1a: Great Tusk|def|1\n|-unboost|p1a: Great Tusk|spd|1\n|move|p2a: Amoonguss|Giga Drain|p1a: Great Tusk\n|-supereffective|p1a: Great Tusk\n|-damage|p1a: Great Tusk|0 fnt\n|-heal|p2a: Amoonguss|60\/100|[from] drain|[of] p1a: Great Tusk\n|faint|p1a: Great Tusk\n|-end|p1a: Great Tusk|Protosynthesis|[silent]\n|\n|-heal|p2a: Amoonguss|66\/100|[from] item: Leftovers\n|upkeep\n|\n|t:|1700223416\n|switch|p1a: Slowking|Slowking-Galar, F|100\/100\n|turn|3\n|\n|t:|1700223420\n|move|p2a: Amoonguss|Spore|p1a: Slowking\n|-status|p1a: Slowking|slp|[from] move: Spore\n|cant|p1a: Slowking|slp\n|\n|-heal|p2a: Amoonguss|72\/100|[from] item: Leftovers\n|upkeep\n|turn|4\n|\n|t:|1700223423\n|switch|p2a: Cinderace|Cinderace, F|100\/100\n|cant|p1a: Slowking|slp\n|\n|upkeep\n|turn|5\n|\n|t:|1700223426\n|move|p2a: Cinderace|Court Change|p2a: Cinderace\n|-swapsideconditions\n|-activate|p2a: Cinderace|move: Court Change\n|-curestatus|p1a: Slowking|slp|[msg]\n|move|p1a: Slowking|Sludge Bomb|p2a: Cinderace\n|-damage|p2a: Cinderace|49\/100\n|\n|upkeep\n|turn|6\n|\n|t:|1700223430\n|move|p2a: Cinderace|U-turn|p1a: Slowking\n|-damage|p1a: Slowking|77\/100\n|\n|t:|1700223431\n|switch|p2a: Amoonguss|Amoonguss, M|100\/100|[from] U-turn\n|move|p1a: Slowking|Future Sight|p2a: Amoonguss\n|-start|p1a: Slowking|move: Future Sight\n|\n|upkeep\n|turn|7\n|\n|t:|1700223439\n|move|p2a: Amoonguss|Spore|p1a: Slowking\n|-status|p1a: Slowking|slp|[from] move: Spore\n|cant|p1a: Slowking|slp\n|\n|upkeep\n|turn|8\n|\n|t:|1700223445\n|switch|p2a: Ting-Lu|Ting-Lu|100\/100\n|-ability|p2a: Ting-Lu|Vessel of Ruin\n|switch|p1a: Ogerpon|Ogerpon-Wellspring, F|100\/100\n|-damage|p1a: Ogerpon|88\/100|[from] Stealth Rock\n|\n|-end|p2a: Ting-Lu|move: Future Sight\n|-immune|p2a: Ting-Lu\n|upkeep\n|turn|9\n|\n|t:|1700223451\n|switch|p2a: Amoonguss|Amoonguss, M|100\/100\n|move|p1a: Ogerpon|Horn Leech|p2a: Amoonguss\n|-resisted|p2a: Amoonguss\n|-damage|p2a: Amoonguss|91\/100\n|-heal|p1a: Ogerpon|95\/100|[from] drain|[of] p2a: Amoonguss\n|\n|-heal|p2a: Amoonguss|98\/100|[from] item: Leftovers\n|upkeep\n|turn|10\n|\n|t:|1700223478\n|switch|p1a: Slowking|Slowking-Galar, F|100\/100 slp\n|move|p2a: Amoonguss|Toxic||[still]\n|-fail|p2a: Amoonguss\n|\n|-heal|p2a: Amoonguss|100\/100|[from] item: Leftovers\n|upkeep\n|turn|11\n|\n|t:|1700223483\n|switch|p2a: Ting-Lu|Ting-Lu|100\/100\n|-ability|p2a: Ting-Lu|Vessel of Ruin\n|cant|p1a: Slowking|slp\n|\n|upkeep\n|turn|12\n|\n|t:|1700223489\n|switch|p1a: Ogerpon|Ogerpon-Wellspring, F|95\/100\n|-damage|p1a: Ogerpon|83\/100|[from] Stealth Rock\n|move|p2a: Ting-Lu|Ruination|p1a: Ogerpon\n|-damage|p1a: Ogerpon|42\/100\n|\n|upkeep\n|turn|13\n|\n|t:|1700223492\n|switch|p2a: Amoonguss|Amoonguss, M|100\/100\n|move|p1a: Ogerpon|Knock Off|p2a: Amoonguss\n|-damage|p2a: Amoonguss|69\/100\n|-enditem|p2a: Amoonguss|Leftovers|[from] move: Knock Off|[of] p1a: Ogerpon\n|\n|upkeep\n|turn|14\n|\n|t:|1700223497\n|switch|p1a: Slowking|Slowking-Galar, F|100\/100 slp\n|move|p2a: Amoonguss|Toxic||[still]\n|-fail|p2a: Amoonguss\n|\n|upkeep\n|turn|15\n|\n|t:|1700223505\n|switch|p2a: Ting-Lu|Ting-Lu|100\/100\n|-ability|p2a: Ting-Lu|Vessel of Ruin\n|-curestatus|p1a: Slowking|slp|[msg]\n|move|p1a: Slowking|Sludge Bomb|p2a: Ting-Lu\n|-resisted|p2a: Ting-Lu\n|-crit|p2a: Ting-Lu\n|-damage|p2a: Ting-Lu|89\/100\n|\n|-heal|p2a: Ting-Lu|95\/100|[from] item: Leftovers\n|upkeep\n|turn|16\n|\n|t:|1700223513\n|move|p2a: Ting-Lu|Ruination|p1a: Slowking\n|-damage|p1a: Slowking|50\/100\n|move|p1a: Slowking|Sludge Bomb|p2a: Ting-Lu\n|-resisted|p2a: Ting-Lu\n|-damage|p2a: Ting-Lu|87\/100\n|\n|-heal|p2a: Ting-Lu|94\/100|[from] item: Leftovers\n|upkeep\n|turn|17\n|\n|t:|1700223519\n|switch|p1a: Ogerpon|Ogerpon-Wellspring, F|42\/100\n|-damage|p1a: Ogerpon|29\/100|[from] Stealth Rock\n|move|p2a: Ting-Lu|Earthquake|p1a: Ogerpon\n|-resisted|p1a: Ogerpon\n|-damage|p1a: Ogerpon|6\/100\n|\n|-heal|p2a: Ting-Lu|99\/100|[from] item: Leftovers\n|upkeep\n|turn|18\n|\n|t:|1700223525\n|switch|p2a: Amoonguss|Amoonguss, M|100\/100\n|move|p1a: Ogerpon|Knock Off|p2a: Amoonguss\n|-damage|p2a: Amoonguss|78\/100\n|\n|upkeep\n|turn|19\n|\n|t:|1700223532\n|switch|p1a: Slowking|Slowking-Galar, F|84\/100\n|move|p2a: Amoonguss|Toxic|p1a: Slowking\n|-immune|p1a: Slowking\n|\n|upkeep\n|turn|20\n|\n|t:|1700223534\n|move|p2a: Amoonguss|Spore|p1a: Slowking\n|-status|p1a: Slowking|slp|[from] move: Spore\n|cant|p1a: Slowking|slp\n|\n|upkeep\n|turn|21\n|j| derl\n|\n|t:|1700223536\n|switch|p2a: Ting-Lu|Ting-Lu|99\/100\n|-ability|p2a: Ting-Lu|Vessel of Ruin\n|cant|p1a: Slowking|slp\n|\n|-heal|p2a: Ting-Lu|100\/100|[from] item: Leftovers\n|upkeep\n|turn|22\n|\n|t:|1700223541\n|switch|p1a: Ogerpon|Ogerpon-Wellspring, F|6\/100\n|-damage|p1a: Ogerpon|0 fnt|[from] Stealth Rock\n|faint|p1a: Ogerpon\n|move|p2a: Ting-Lu|Ruination|p1: Ogerpon|[notarget]\n|-fail|p2a: Ting-Lu\n|\n|upkeep\n|\n|t:|1700223546\n|switch|p1a: Zamazenta|Zamazenta|100\/100\n|-damage|p1a: Zamazenta|94\/100|[from] Stealth Rock\n|-ability|p1a: Zamazenta|Dauntless Shield|boost\n|-boost|p1a: Zamazenta|def|1\n|turn|23\n|\n|t:|1700223550\n|switch|p2a: Dondozo|Dondozo, M|100\/100\n|move|p1a: Zamazenta|Iron Defense|p1a: Zamazenta\n|-boost|p1a: Zamazenta|def|2\n|\n|-heal|p1a: Zamazenta|100\/100|[from] item: Leftovers\n|upkeep\n|turn|24\n|\n|t:|1700223554\n|move|p1a: Zamazenta|Body Press|p2a: Dondozo\n|-damage|p2a: Dondozo|81\/100\n|move|p2a: Dondozo|Liquidation|p1a: Zamazenta\n|-damage|p1a: Zamazenta|81\/100\n|\n|-heal|p1a: Zamazenta|87\/100|[from] item: Leftovers\n|-heal|p2a: Dondozo|87\/100|[from] item: Leftovers\n|upkeep\n|turn|25\n|\n|t:|1700223559\n|switch|p1a: Slowking|Slowking-Galar, F|100\/100 slp\n|move|p2a: Dondozo|Liquidation|p1a: Slowking\n|-crit|p1a: Slowking\n|-damage|p1a: Slowking|54\/100 slp\n|\n|-heal|p2a: Dondozo|93\/100|[from] item: Leftovers\n|upkeep\n|turn|26\n|\n|t:|1700223567\n|switch|p2a: Ting-Lu|Ting-Lu|100\/100\n|-ability|p2a: Ting-Lu|Vessel of Ruin\n|-curestatus|p1a: Slowking|slp|[msg]\n|move|p1a: Slowking|Sludge Bomb|p2a: Ting-Lu\n|-resisted|p2a: Ting-Lu\n|-damage|p2a: Ting-Lu|94\/100\n|-status|p2a: Ting-Lu|psn\n|\n|-heal|p2a: Ting-Lu|99\/100 psn|[from] item: Leftovers\n|-damage|p2a: Ting-Lu|87\/100 psn|[from] psn\n|upkeep\n|turn|27\n|\n|t:|1700223574\n|switch|p1a: Zamazenta|Zamazenta|87\/100\n|-damage|p1a: Zamazenta|81\/100|[from] Stealth Rock\n|move|p2a: Ting-Lu|Ruination|p1a: Zamazenta\n|-damage|p1a: Zamazenta|41\/100\n|\n|-heal|p1a: Zamazenta|47\/100|[from] item: Leftovers\n|-heal|p2a: Ting-Lu|94\/100 psn|[from] item: Leftovers\n|-damage|p2a: Ting-Lu|81\/100 psn|[from] psn\n|upkeep\n|turn|28\n|\n|t:|1700223578\n|switch|p2a: Dondozo|Dondozo, M|93\/100\n|move|p1a: Zamazenta|Crunch|p2a: Dondozo\n|-damage|p2a: Dondozo|83\/100\n|\n|-heal|p1a: Zamazenta|53\/100|[from] item: Leftovers\n|-heal|p2a: Dondozo|90\/100|[from] item: Leftovers\n|upkeep\n|turn|29\n|\n|t:|1700223583\n|switch|p1a: Slowking|Slowking-Galar, F|87\/100\n|switch|p2a: Amoonguss|Amoonguss, M|100\/100\n|\n|upkeep\n|turn|30\n|\n|t:|1700223588\n|move|p2a: Amoonguss|Toxic|p1a: Slowking\n|-immune|p1a: Slowking\n|move|p1a: Slowking|Future Sight|p2a: Amoonguss\n|-start|p1a: Slowking|move: Future Sight\n|\n|upkeep\n|turn|31\n|\n|t:|1700223591\n|move|p2a: Amoonguss|Spore|p1a: Slowking\n|-status|p1a: Slowking|slp|[from] move: Spore\n|cant|p1a: Slowking|slp\n|\n|upkeep\n|turn|32\n|\n|t:|1700223597\n|switch|p2a: Ting-Lu|Ting-Lu|81\/100 psn\n|-ability|p2a: Ting-Lu|Vessel of Ruin\n|cant|p1a: Slowking|slp\n|\n|-end|p2a: Ting-Lu|move: Future Sight\n|-immune|p2a: Ting-Lu\n|-heal|p2a: Ting-Lu|87\/100 psn|[from] item: Leftovers\n|-damage|p2a: Ting-Lu|75\/100 psn|[from] psn\n|upkeep\n|turn|33\n|\n|t:|1700223601\n|move|p2a: Ting-Lu|Earthquake|p1a: Slowking\n|-supereffective|p1a: Slowking\n|-damage|p1a: Slowking|15\/100 slp\n|-curestatus|p1a: Slowking|slp|[msg]\n|move|p1a: Slowking|Future Sight|p2a: Ting-Lu\n|-start|p1a: Slowking|move: Future Sight\n|\n|-heal|p2a: Ting-Lu|81\/100 psn|[from] item: Leftovers\n|-damage|p2a: Ting-Lu|69\/100 psn|[from] psn\n|upkeep\n|turn|34\n|\n|t:|1700223610\n|switch|p1a: Zamazenta|Zamazenta|53\/100\n|-damage|p1a: Zamazenta|47\/100|[from] Stealth Rock\n|move|p2a: Ting-Lu|Ruination|p1a: Zamazenta\n|-damage|p1a: Zamazenta|24\/100\n|\n|-heal|p1a: Zamazenta|30\/100|[from] item: Leftovers\n|-heal|p2a: Ting-Lu|75\/100 psn|[from] item: Leftovers\n|-damage|p2a: Ting-Lu|63\/100 psn|[from] psn\n|upkeep\n|turn|35\n|\n|t:|1700223616\n|switch|p2a: Dondozo|Dondozo, M|90\/100\n|move|p1a: Zamazenta|Body Press|p2a: Dondozo\n|-damage|p2a: Dondozo|70\/100\n|\n|-end|p2a: Dondozo|move: Future Sight\n|-damage|p2a: Dondozo|29\/100\n|-heal|p1a: Zamazenta|36\/100|[from] item: Leftovers\n|-heal|p2a: Dondozo|35\/100|[from] item: Leftovers\n|upkeep\n|turn|36\n|\n|t:|1700223623\n|switch|p1a: Slowking|Slowking-Galar, F|48\/100\n|move|p2a: Dondozo|Rest|p2a: Dondozo\n|-status|p2a: Dondozo|slp|[from] move: Rest\n|-heal|p2a: Dondozo|100\/100 slp|[silent]\n|\n|upkeep\n|turn|37\n|\n|t:|1700223628\n|switch|p2a: Amoonguss|Amoonguss, M|100\/100\n|move|p1a: Slowking|Future Sight|p2a: Amoonguss\n|-start|p1a: Slowking|move: Future Sight\n|\n|upkeep\n|turn|38\n|\n|t:|1700223634\n|move|p2a: Amoonguss|Spore|p1a: Slowking\n|-status|p1a: Slowking|slp|[from] move: Spore\n|cant|p1a: Slowking|slp\n|\n|upkeep\n|turn|39\n|\n|t:|1700223638\n|switch|p2a: Ting-Lu|Ting-Lu|63\/100 psn\n|-ability|p2a: Ting-Lu|Vessel of Ruin\n|switch|p1a: Dragonite|Dragonite, F|100\/100\n|\n|-end|p2a: Ting-Lu|move: Future Sight\n|-immune|p2a: Ting-Lu\n|-heal|p2a: Ting-Lu|69\/100 psn|[from] item: Leftovers\n|-damage|p2a: Ting-Lu|56\/100 psn|[from] psn\n|upkeep\n|turn|40\n|\n|t:|1700223644\n|move|p1a: Dragonite|Ice Spinner|p2a: Ting-Lu\n|-supereffective|p2a: Ting-Lu\n|-damage|p2a: Ting-Lu|27\/100 psn\n|move|p2a: Ting-Lu|Ruination|p1a: Dragonite\n|-damage|p1a: Dragonite|51\/100\n|\n|-heal|p2a: Ting-Lu|33\/100 psn|[from] item: Leftovers\n|-damage|p2a: Ting-Lu|21\/100 psn|[from] psn\n|upkeep\n|turn|41\n|\n|t:|1700223651\n|switch|p2a: Alomomola|Alomomola, M|100\/100\n|move|p1a: Dragonite|Earthquake|p2a: Alomomola\n|-damage|p2a: Alomomola|75\/100\n|\n|-heal|p2a: Alomomola|81\/100|[from] item: Leftovers\n|upkeep\n|turn|42\n|\n|t:|1700223657\n|switch|p1a: Slowking|Slowking-Galar, F|82\/100 slp\n|move|p2a: Alomomola|Wish|p2a: Alomomola\n|\n|-heal|p2a: Alomomola|87\/100|[from] item: Leftovers\n|upkeep\n|turn|43\n|\n|t:|1700223660\n|move|p2a: Alomomola|Flip Turn|p1a: Slowking\n|-damage|p1a: Slowking|66\/100 slp\n|\n|t:|1700223662\n|switch|p2a: Ting-Lu|Ting-Lu|21\/100 psn|[from] Flip Turn\n|-ability|p2a: Ting-Lu|Vessel of Ruin\n|-curestatus|p1a: Slowking|slp|[msg]\n|move|p1a: Slowking|Ice Beam|p2a: Ting-Lu\n|-supereffective|p2a: Ting-Lu\n|-damage|p2a: Ting-Lu|1\/100 psn\n|\n|-heal|p2a: Ting-Lu|53\/100 psn|[from] move: Wish|[wisher] Alomomola\n|-heal|p2a: Ting-Lu|60\/100 psn|[from] item: Leftovers\n|-damage|p2a: Ting-Lu|47\/100 psn|[from] psn\n|upkeep\n|turn|44\n|\n|t:|1700223673\n|-terastallize|p1a: Slowking|Dark\n|move|p2a: Ting-Lu|Earthquake|p1a: Slowking\n|-damage|p1a: Slowking|24\/100\n|move|p1a: Slowking|Ice Beam|p2a: Ting-Lu\n|-supereffective|p2a: Ting-Lu\n|-damage|p2a: Ting-Lu|25\/100 psn\n|\n|-heal|p2a: Ting-Lu|31\/100 psn|[from] item: Leftovers\n|-damage|p2a: Ting-Lu|19\/100 psn|[from] psn\n|upkeep\n|turn|45\n|\n|t:|1700223681\n|switch|p2a: Alomomola|Alomomola, M|100\/100\n|switch|p1a: Dragonite|Dragonite, F|51\/100\n|\n|upkeep\n|turn|46\n|\n|t:|1700223685\n|switch|p1a: Slowking|Slowking-Galar, F, tera:Dark|57\/100\n|move|p2a: Alomomola|Wish|p2a: Alomomola\n|\n|upkeep\n|turn|47\n|\n|t:|1700223694\n|move|p2a: Alomomola|Whirlpool|p1a: Slowking\n|-damage|p1a: Slowking|54\/100\n|-activate|p1a: Slowking|move: Whirlpool|[of] p2a: Alomomola\n|move|p1a: Slowking|Ice Beam|p2a: Alomomola\n|-resisted|p2a: Alomomola\n|-damage|p2a: Alomomola|92\/100\n|-status|p2a: Alomomola|frz\n|\n|-heal|p2a: Alomomola|100\/100 frz|[from] move: Wish|[wisher] Alomomola\n|-damage|p1a: Slowking|41\/100|[from] move: Whirlpool|[partiallytrapped]\n|upkeep\n|turn|48\n|\n|t:|1700223699\n|cant|p2a: Alomomola|frz\n|move|p1a: Slowking|Chilly Reception|p1a: Slowking\n|-weather|Snow\n|\n|t:|1700223708\n|switch|p1a: Iron Valiant|Iron Valiant|100\/100|[from] Chilly Reception\n|-damage|p1a: Iron Valiant|94\/100|[from] Stealth Rock\n|-enditem|p1a: Iron Valiant|Booster Energy\n|-activate|p1a: Iron Valiant|ability: Quark Drive|[fromitem]\n|-start|p1a: Iron Valiant|quarkdrivespe\n|\n|-weather|Snow|[upkeep]\n|upkeep\n|turn|49\n|\n|t:|1700223716\n|switch|p2a: Amoonguss|Amoonguss, M|100\/100\n|move|p1a: Iron Valiant|Calm Mind|p1a: Iron Valiant\n|-boost|p1a: Iron Valiant|spa|1\n|-boost|p1a: Iron Valiant|spd|1\n|\n|-weather|Snow|[upkeep]\n|upkeep\n|turn|50\n|\n|t:|1700223724\n|move|p1a: Iron Valiant|Calm Mind|p1a: Iron Valiant\n|-boost|p1a: Iron Valiant|spa|1\n|-boost|p1a: Iron Valiant|spd|1\n|move|p2a: Amoonguss|Clear Smog|p1a: Iron Valiant\n|-supereffective|p1a: Iron Valiant\n|-damage|p1a: Iron Valiant|63\/100\n|-clearboost|p1a: Iron Valiant\n|\n|-weather|Snow|[upkeep]\n|upkeep\n|turn|51\n|\n|t:|1700223728\n|-end|p1a: Iron Valiant|Quark Drive|[silent]\n|switch|p1a: Slowking|Slowking-Galar, F, tera:Dark|74\/100\n|move|p2a: Amoonguss|Clear Smog|p1a: Slowking\n|-damage|p1a: Slowking|65\/100\n|-clearboost|p1a: Slowking\n|\n|-weather|Snow|[upkeep]\n|upkeep\n|turn|52\n|\n|t:|1700223733\n|move|p2a: Amoonguss|Toxic|p1a: Slowking\n|-status|p1a: Slowking|tox\n|move|p1a: Slowking|Sludge Bomb|p2a: Amoonguss\n|-damage|p2a: Amoonguss|72\/100\n|\n|-weather|none\n|-damage|p1a: Slowking|59\/100 tox|[from] psn\n|upkeep\n|turn|53\n|\n|t:|1700223740\n|switch|p2a: Alomomola|Alomomola, M|100\/100 frz\n|move|p1a: Slowking|Future Sight|p2a: Alomomola\n|-start|p1a: Slowking|move: Future Sight\n|\n|-damage|p1a: Slowking|47\/100 tox|[from] psn\n|upkeep\n|turn|54\n|\n|t:|1700223743\n|-curestatus|p2a: Alomomola|frz|[msg]\n|move|p2a: Alomomola|Flip Turn|p1a: Slowking\n|-damage|p1a: Slowking|29\/100 tox\n|\n|t:|1700223745\n|switch|p2a: Amoonguss|Amoonguss, M|100\/100|[from] Flip Turn\n|move|p1a: Slowking|Chilly Reception|p1a: Slowking\n|-weather|Snow\n|\n|t:|1700223750\n|switch|p1a: Iron Valiant|Iron Valiant|63\/100|[from] Chilly Reception\n|-damage|p1a: Iron Valiant|57\/100|[from] Stealth Rock\n|\n|-weather|Snow|[upkeep]\n|upkeep\n|turn|55\n|\n|t:|1700223753\n|move|p1a: Iron Valiant|Moonblast|p2a: Amoonguss\n|-resisted|p2a: Amoonguss\n|-damage|p2a: Amoonguss|82\/100\n|-unboost|p2a: Amoonguss|spa|1\n|move|p2a: Amoonguss|Clear Smog|p1a: Iron Valiant\n|-supereffective|p1a: Iron Valiant\n|-damage|p1a: Iron Valiant|15\/100\n|-clearboost|p1a: Iron Valiant\n|\n|-weather|Snow|[upkeep]\n|-end|p2a: Amoonguss|move: Future Sight\n|-supereffective|p2a: Amoonguss\n|-damage|p2a: Amoonguss|11\/100\n|upkeep\n|turn|56\n|\n|t:|1700223761\n|switch|p2a: Alomomola|Alomomola, M|100\/100\n|move|p1a: Iron Valiant|Moonblast|p2a: Alomomola\n|-damage|p2a: Alomomola|62\/100\n|-unboost|p2a: Alomomola|spa|1\n|\n|-weather|Snow|[upkeep]\n|-heal|p2a: Alomomola|68\/100|[from] item: Leftovers\n|upkeep\n|turn|57\n|\n|t:|1700223766\n|move|p1a: Iron Valiant|Moonblast|p2a: Alomomola\n|-damage|p2a: Alomomola|31\/100\n|move|p2a: Alomomola|Flip Turn|p1a: Iron Valiant\n|-damage|p1a: Iron Valiant|0 fnt\n|faint|p1a: Iron Valiant\n|-end|p1a: Iron Valiant|Quark Drive|[silent]\n|\n|t:|1700223782\n|switch|p2a: Ogerpon|Ogerpon-Wellspring, F|100\/100|[from] Flip Turn\n|\n|-weather|Snow|[upkeep]\n|upkeep\n|\n|t:|1700223788\n|switch|p1a: Zamazenta|Zamazenta|36\/100\n|-damage|p1a: Zamazenta|30\/100|[from] Stealth Rock\n|turn|58\n|\n|t:|1700223793\n|switch|p2a: Dondozo|Dondozo, M|100\/100 slp\n|move|p1a: Zamazenta|Body Press|p2a: Dondozo\n|-damage|p2a: Dondozo|80\/100 slp\n|\n|-weather|none\n|-heal|p1a: Zamazenta|36\/100|[from] item: Leftovers\n|-heal|p2a: Dondozo|86\/100 slp|[from] item: Leftovers\n|upkeep\n|turn|59\n|\n|t:|1700223803\n|switch|p1a: Slowking|Slowking-Galar, F, tera:Dark|62\/100 tox\n|cant|p2a: Dondozo|slp\n|move|p2a: Dondozo|Sleep Talk|p2a: Dondozo\n|move|p2a: Dondozo|Body Press|p1a: Slowking|[from]move: Sleep Talk\n|-supereffective|p1a: Slowking\n|-damage|p1a: Slowking|0 fnt\n|faint|p1a: Slowking\n|\n|-heal|p2a: Dondozo|92\/100 slp|[from] item: Leftovers\n|upkeep\n|-message|KyogreF4N forfeited.\n|\n|win|OUVT Zamorakism\n|raw|KyogreF4N's rating: 1794 &rarr; <strong>1776<\/strong><br \/>(-18 for losing)\n|raw|OUVT Zamorakism's rating: 1827 &rarr; <strong>1845<\/strong><br \/>(+18 for winning)\n|l|\u2606KyogreF4N\n|c|\u2606OUVT Zamorakism|Ouch\n|l| derl\n","uploadtime":1700223818,"views":8,"p1id":"kyogref4n","p2id":"ouvtzamorakism","formatid":"gen9ou","rating":1776,"private":0,"password":""}