{"id":"gen9ou-1988540506","p1":"RulicarRulicar","p2":"Veck","format":"[Gen 9] OU","log":"|j|\u2606RulicarRulicar\n|j|\u2606Veck\n|t:|1699733947\n|gametype|singles\n|player|p1|RulicarRulicar|101|\n|player|p2|Veck|brendan-gen3|\n|teamsize|p1|6\n|teamsize|p2|6\n|gen|9\n|tier|[Gen 9] OU\n|rule|Sleep Clause Mod: Limit one foe put to sleep\n|rule|Species Clause: Limit one of each Pok\u00e9mon\n|rule|OHKO Clause: OHKO moves are banned\n|rule|Evasion Items Clause: Evasion items are banned\n|rule|Evasion Moves Clause: Evasion moves are banned\n|rule|Endless Battle Clause: Forcing endless battles is banned\n|rule|HP Percentage Mod: HP is shown in percentages\n|clearpoke\n|poke|p1|Maushold|\n|poke|p1|Amoonguss, M|\n|poke|p1|Heatran, M|\n|poke|p1|Zapdos|\n|poke|p1|Landorus-Therian, M|\n|poke|p1|Gholdengo|\n|poke|p2|Garchomp, M|\n|poke|p2|Vikavolt, F|\n|poke|p2|Dragapult, M|\n|poke|p2|Gholdengo|\n|poke|p2|Haxorus, F|\n|poke|p2|Hydreigon, F|\n|teampreview\n|c|\u2606Veck|suerte\n|inactive|Battle timer is ON: inactive players will automatically lose when time's up. (requested by Veck)\n|inactive|RulicarRulicar has 270 seconds left.\n|\n|t:|1699734014\n|start\n|switch|p1a: Landorus|Landorus-Therian, M|100\/100\n|switch|p2a: Hydreigon|Hydreigon, F|100\/100\n|-ability|p1a: Landorus|Intimidate|boost\n|-unboost|p2a: Hydreigon|atk|1\n|turn|1\n|j| Veckwastaken\n|inactive|Veck has 270 seconds left.\n|\n|t:|1699734055\n|move|p2a: Hydreigon|Draco Meteor|p1a: Landorus\n|-damage|p1a: Landorus|5\/100\n|-unboost|p2a: Hydreigon|spa|2\n|-damage|p2a: Hydreigon|91\/100|[from] item: Life Orb\n|move|p1a: Landorus|U-turn|p2a: Hydreigon\n|-supereffective|p2a: Hydreigon\n|-damage|p2a: Hydreigon|35\/100\n|\n|t:|1699734073\n|switch|p1a: Maushold|Maushold|100\/100|[from] U-turn\n|\n|upkeep\n|turn|2\n|inactive|Veck has 270 seconds left.\n|\n|t:|1699734085\n|switch|p2a: Gholdengo|Gholdengo|100\/100\n|-item|p2a: Gholdengo|Air Balloon\n|move|p1a: Maushold|Tidy Up|p1a: Maushold\n|-boost|p1a: Maushold|atk|1\n|-boost|p1a: Maushold|spe|1\n|\n|upkeep\n|turn|3\n|inactive|Veck has 270 seconds left.\n|inactive|Veck has 240 seconds left.\n|\n|t:|1699734129\n|move|p1a: Maushold|Bite|p2a: Gholdengo\n|-supereffective|p2a: Gholdengo\n|-damage|p2a: Gholdengo|35\/100\n|-enditem|p2a: Gholdengo|Air Balloon\n|cant|p2a: Gholdengo|flinch\n|\n|upkeep\n|turn|4\n|inactive|Veck has 240 seconds left.\n|c|\u2606Veck|no me jodas\n|\n|t:|1699734140\n|switch|p2a: Vikavolt|Vikavolt, F|100\/100\n|move|p1a: Maushold|Bite|p2a: Vikavolt\n|-damage|p2a: Vikavolt|68\/100\n|-enditem|p2a: Vikavolt|Red Card|[of] p1a: Maushold\n|drag|p1a: Amoonguss|Amoonguss, M|100\/100\n|\n|upkeep\n|turn|5\n|\n|t:|1699734156\n|switch|p1a: Heatran|Heatran, M|100\/100\n|move|p2a: Vikavolt|Sticky Web|p1a: Heatran\n|-sidestart|p1: RulicarRulicar|move: Sticky Web\n|\n|upkeep\n|turn|6\n|\n|t:|1699734167\n|move|p1a: Heatran|Magma Storm|p2a: Vikavolt\n|-supereffective|p2a: Vikavolt\n|-damage|p2a: Vikavolt|0 fnt\n|faint|p2a: Vikavolt\n|\n|upkeep\n|\n|t:|1699734170\n|switch|p2a: Garchomp|Garchomp, M|100\/100\n|turn|7\n|\n|t:|1699734175\n|switch|p1a: Landorus|Landorus-Therian, M|5\/100\n|-ability|p1a: Landorus|Intimidate|boost\n|-unboost|p2a: Garchomp|atk|1\n|move|p2a: Garchomp|Earthquake|p1a: Landorus\n|-immune|p1a: Landorus\n|\n|upkeep\n|turn|8\n|\n|t:|1699734184\n|move|p2a: Garchomp|Swords Dance|p2a: Garchomp\n|-boost|p2a: Garchomp|atk|2\n|move|p1a: Landorus|Stealth Rock|p2a: Garchomp\n|-sidestart|p2: Veck|move: Stealth Rock\n|\n|upkeep\n|turn|9\n|inactive|Veck has 270 seconds left.\n|\n|t:|1699734196\n|move|p2a: Garchomp|Swords Dance|p2a: Garchomp\n|-boost|p2a: Garchomp|atk|2\n|move|p1a: Landorus|Earthquake|p2a: Garchomp\n|-damage|p2a: Garchomp|53\/100\n|\n|upkeep\n|turn|10\n|\n|t:|1699734212\n|move|p2a: Garchomp|Liquidation|p1a: Landorus\n|-supereffective|p1a: Landorus\n|-damage|p1a: Landorus|0 fnt\n|-damage|p2a: Garchomp|36\/100|[from] item: Rocky Helmet|[of] p1a: Landorus\n|faint|p1a: Landorus\n|\n|upkeep\n|\n|t:|1699734228\n|switch|p1a: Amoonguss|Amoonguss, M|100\/100\n|-activate|p1a: Amoonguss|move: Sticky Web\n|-unboost|p1a: Amoonguss|spe|1\n|turn|11\n|inactive|Veck has 270 seconds left.\n|\n|t:|1699734257\n|move|p2a: Garchomp|Earthquake|p1a: Amoonguss\n|-damage|p1a: Amoonguss|0 fnt\n|faint|p1a: Amoonguss\n|\n|upkeep\n|\n|t:|1699734268\n|switch|p1a: Zapdos|Zapdos|100\/100\n|turn|12\n|\n|t:|1699734278\n|move|p2a: Garchomp|Scale Shot|p1a: Zapdos\n|-damage|p1a: Zapdos|63\/100\n|-damage|p1a: Zapdos|26\/100\n|-damage|p1a: Zapdos|0 fnt\n|faint|p1a: Zapdos\n|-hitcount|p1: Zapdos|3\n|-unboost|p2a: Garchomp|def|1\n|-boost|p2a: Garchomp|spe|1\n|\n|upkeep\n|inactive|RulicarRulicar has 270 seconds left.\n|l| Veckwastaken\n|\n|t:|1699734296\n|switch|p1a: Maushold|Maushold|100\/100\n|-activate|p1a: Maushold|move: Sticky Web\n|-unboost|p1a: Maushold|spe|1\n|turn|13\n|j| Veckwastaken\n|\n|t:|1699734302\n|move|p2a: Garchomp|Earthquake|p1a: Maushold\n|-damage|p1a: Maushold|0 fnt\n|faint|p1a: Maushold\n|\n|upkeep\n|\n|t:|1699734305\n|switch|p1a: Gholdengo|Gholdengo|100\/100\n|-activate|p1a: Gholdengo|move: Sticky Web\n|-unboost|p1a: Gholdengo|spe|1\n|turn|14\n|\n|t:|1699734311\n|move|p2a: Garchomp|Scale Shot|p1a: Gholdengo\n|-resisted|p1a: Gholdengo\n|-damage|p1a: Gholdengo|80\/100\n|-resisted|p1a: Gholdengo\n|-damage|p1a: Gholdengo|61\/100\n|-resisted|p1a: Gholdengo\n|-damage|p1a: Gholdengo|43\/100\n|-resisted|p1a: Gholdengo\n|-damage|p1a: Gholdengo|23\/100\n|-hitcount|p1a: Gholdengo|4\n|-unboost|p2a: Garchomp|def|1\n|-boost|p2a: Garchomp|spe|1\n|move|p1a: Gholdengo|Shadow Ball|p2a: Garchomp\n|-crit|p2a: Garchomp\n|-damage|p2a: Garchomp|0 fnt\n|faint|p2a: Garchomp\n|\n|upkeep\n|\n|t:|1699734325\n|switch|p2a: Hydreigon|Hydreigon, F|35\/100\n|-damage|p2a: Hydreigon|23\/100|[from] Stealth Rock\n|turn|15\n|\n|t:|1699734328\n|move|p2a: Hydreigon|Dark Pulse|p1a: Gholdengo\n|-supereffective|p1a: Gholdengo\n|-damage|p1a: Gholdengo|0 fnt\n|faint|p1a: Gholdengo\n|-damage|p2a: Hydreigon|13\/100|[from] item: Life Orb\n|\n|upkeep\n|\n|t:|1699734332\n|switch|p1a: Heatran|Heatran, M|100\/100\n|-activate|p1a: Heatran|move: Sticky Web\n|-unboost|p1a: Heatran|spe|1\n|turn|16\n|\n|t:|1699734340\n|move|p2a: Hydreigon|Surf|p1a: Heatran\n|-supereffective|p1a: Heatran\n|-damage|p1a: Heatran|46\/100\n|-damage|p2a: Hydreigon|3\/100|[from] item: Life Orb\n|move|p1a: Heatran|Magma Storm|p2a: Hydreigon\n|-resisted|p2a: Hydreigon\n|-damage|p2a: Hydreigon|0 fnt\n|faint|p2a: Hydreigon\n|\n|-heal|p1a: Heatran|52\/100|[from] item: Leftovers\n|upkeep\n|\n|t:|1699734344\n|switch|p2a: Haxorus|Haxorus, F|100\/100\n|-damage|p2a: Haxorus|88\/100|[from] Stealth Rock\n|-ability|p2a: Haxorus|Mold Breaker\n|turn|17\n|\n|t:|1699734352\n|-terastallize|p1a: Heatran|Grass\n|move|p2a: Haxorus|Earthquake|p1a: Heatran\n|-resisted|p1a: Heatran\n|-damage|p1a: Heatran|34\/100\n|move|p1a: Heatran|Magma Storm|p2a: Haxorus\n|-resisted|p2a: Haxorus\n|-damage|p2a: Haxorus|53\/100\n|-activate|p2a: Haxorus|move: Magma Storm|[of] p1a: Heatran\n|\n|-heal|p1a: Heatran|40\/100|[from] item: Leftovers\n|-damage|p2a: Haxorus|41\/100|[from] move: Magma Storm|[partiallytrapped]\n|upkeep\n|turn|18\n|\n|t:|1699734363\n|move|p1a: Heatran|Protect|p1a: Heatran\n|-singleturn|p1a: Heatran|Protect\n|move|p2a: Haxorus|Outrage|p1a: Heatran\n|-activate|p1a: Heatran|move: Protect\n|\n|-heal|p1a: Heatran|46\/100|[from] item: Leftovers\n|-damage|p2a: Haxorus|29\/100|[from] move: Magma Storm|[partiallytrapped]\n|upkeep\n|turn|19\n|\n|t:|1699734385\n|move|p2a: Haxorus|Outrage|p1a: Heatran\n|-damage|p1a: Heatran|0 fnt\n|faint|p1a: Heatran\n|\n|win|Veck\n|c|\u2606Veck|gg\n|c|\u2606Veck|lo paso\n","uploadtime":1699734396,"views":41,"p1id":"rulicarrulicar","p2id":"veck","formatid":"gen9ou","rating":0,"private":0,"password":""}