{"id":"gen9ou-1992610455","p1":"DrowzeeChaperone","p2":"Tboc13","format":"[Gen 9] OU","log":"|j|\u2606DrowzeeChaperone\n|j|\u2606Tboc13\n|t:|1700214327\n|gametype|singles\n|player|p1|DrowzeeChaperone|workerice|1461\n|player|p2|Tboc13|101|1379\n|teamsize|p1|6\n|teamsize|p2|6\n|gen|9\n|tier|[Gen 9] OU\n|rated|\n|rule|Sleep Clause Mod: Limit one foe put to sleep\n|rule|Species Clause: Limit one of each Pok\u00e9mon\n|rule|OHKO Clause: OHKO moves are banned\n|rule|Evasion Items Clause: Evasion items are banned\n|rule|Evasion Moves Clause: Evasion moves are banned\n|rule|Endless Battle Clause: Forcing endless battles is banned\n|rule|HP Percentage Mod: HP is shown in percentages\n|clearpoke\n|poke|p1|Munkidori, M|\n|poke|p1|Kingambit, M|\n|poke|p1|Ogerpon-Wellspring, F|\n|poke|p1|Donphan, M|\n|poke|p1|Rotom-Wash|\n|poke|p1|Chandelure, M|\n|poke|p2|Slowking-Galar, F|\n|poke|p2|Mandibuzz, F|\n|poke|p2|Great Tusk|\n|poke|p2|Iron Valiant|\n|poke|p2|Kingambit, M|\n|poke|p2|Ogerpon-Wellspring, F|\n|teampreview\n|inactive|Battle timer is ON: inactive players will automatically lose when time's up. (requested by Tboc13)\n|inactive|Tboc13 has 120 seconds left.\n|\n|t:|1700214370\n|start\n|switch|p1a: Ogerpon|Ogerpon-Wellspring, F|100\/100\n|switch|p2a: Great Tusk|Great Tusk|100\/100\n|turn|1\n|\n|t:|1700214379\n|-end|p2a: Great Tusk|Protosynthesis|[silent]\n|switch|p2a: Slowking|Slowking-Galar, F|100\/100\n|move|p1a: Ogerpon|Horn Leech|p2a: Slowking\n|-resisted|p2a: Slowking\n|-damage|p2a: Slowking|77\/100\n|\n|upkeep\n|turn|2\n|\n|t:|1700214381\n|move|p1a: Ogerpon|Knock Off|p2a: Slowking\n|-supereffective|p2a: Slowking\n|-damage|p2a: Slowking|0 fnt\n|-enditem|p2a: Slowking|Heavy-Duty Boots|[from] move: Knock Off|[of] p1a: Ogerpon\n|faint|p2a: Slowking\n|\n|upkeep\n|inactive|Tboc13 has 120 seconds left.\n|\n|t:|1700214419\n|switch|p2a: Iron Valiant|Iron Valiant|100\/100\n|-enditem|p2a: Iron Valiant|Booster Energy\n|-activate|p2a: Iron Valiant|ability: Quark Drive|[fromitem]\n|-start|p2a: Iron Valiant|quarkdrivespe\n|turn|3\n|\n|t:|1700214426\n|move|p2a: Iron Valiant|Calm Mind|p2a: Iron Valiant\n|-boost|p2a: Iron Valiant|spa|1\n|-boost|p2a: Iron Valiant|spd|1\n|move|p1a: Ogerpon|U-turn|p2a: Iron Valiant\n|-resisted|p2a: Iron Valiant\n|-damage|p2a: Iron Valiant|92\/100\n|\n|t:|1700214431\n|switch|p1a: Donphan|Donphan, M, shiny|100\/100|[from] U-turn\n|\n|upkeep\n|turn|4\n|\n|t:|1700214434\n|move|p2a: Iron Valiant|Moonblast|p1a: Donphan\n|-ability|p1a: Donphan|Sturdy\n|-damage|p1a: Donphan|1\/100\n|move|p1a: Donphan|Earthquake|p2a: Iron Valiant\n|-damage|p2a: Iron Valiant|26\/100\n|\n|upkeep\n|turn|5\n|\n|t:|1700214439\n|move|p1a: Donphan|Ice Shard|p2a: Iron Valiant\n|-damage|p2a: Iron Valiant|11\/100\n|move|p2a: Iron Valiant|Moonblast|p1a: Donphan\n|-damage|p1a: Donphan|0 fnt\n|faint|p1a: Donphan\n|\n|upkeep\n|\n|t:|1700214443\n|switch|p1a: Kingambit|Kingambit, M|100\/100\n|-activate|p1a: Kingambit|ability: Supreme Overlord\n|-start|p1a: Kingambit|fallen1|[silent]\n|turn|6\n|\n|t:|1700214444\n|move|p2a: Iron Valiant|Vacuum Wave|p1a: Kingambit\n|-supereffective|p1a: Kingambit\n|-damage|p1a: Kingambit|29\/100\n|move|p1a: Kingambit|Sucker Punch||[still]\n|-fail|p1a: Kingambit\n|\n|upkeep\n|turn|7\n|\n|t:|1700214450\n|-end|p1a: Kingambit|fallen1|[silent]\n|switch|p1a: Rotom|Rotom-Wash|100\/100\n|move|p2a: Iron Valiant|Vacuum Wave|p1a: Rotom\n|-damage|p1a: Rotom|77\/100\n|\n|-heal|p1a: Rotom|83\/100|[from] item: Leftovers\n|upkeep\n|turn|8\n|\n|t:|1700214452\n|move|p2a: Iron Valiant|Moonblast|p1a: Rotom\n|-damage|p1a: Rotom|32\/100\n|move|p1a: Rotom|Thunderbolt|p2a: Iron Valiant\n|-damage|p2a: Iron Valiant|0 fnt\n|faint|p2a: Iron Valiant\n|-end|p2a: Iron Valiant|Quark Drive|[silent]\n|\n|-heal|p1a: Rotom|38\/100|[from] item: Leftovers\n|upkeep\n|\n|t:|1700214456\n|switch|p2a: Ogerpon|Ogerpon-Wellspring, F|100\/100\n|turn|9\n|\n|t:|1700214458\n|move|p2a: Ogerpon|Trailblaze|p1a: Rotom\n|-supereffective|p1a: Rotom\n|-damage|p1a: Rotom|0 fnt\n|-boost|p2a: Ogerpon|spe|1\n|faint|p1a: Rotom\n|\n|upkeep\n|\n|t:|1700214468\n|switch|p1a: Munkidori|Munkidori, M|100\/100\n|turn|10\n|\n|t:|1700214478\n|-terastallize|p2a: Ogerpon|Water\n|detailschange|p2a: Ogerpon|Ogerpon-Wellspring-Tera, F, tera:Water\n|-ability|p2a: Ogerpon|Embody Aspect (Wellspring)|boost\n|-boost|p2a: Ogerpon|spd|1\n|move|p2a: Ogerpon|Ivy Cudgel|p1a: Munkidori|[anim] Ivy Cudgel Water\n|-crit|p1a: Munkidori\n|-damage|p1a: Munkidori|0 fnt\n|faint|p1a: Munkidori\n|\n|upkeep\n|\n|t:|1700214485\n|switch|p1a: Ogerpon|Ogerpon-Wellspring, F|100\/100\n|turn|11\n|\n|t:|1700214487\n|switch|p2a: Mandibuzz|Mandibuzz, F|100\/100\n|move|p1a: Ogerpon|Horn Leech|p2a: Mandibuzz\n|-resisted|p2a: Mandibuzz\n|-damage|p2a: Mandibuzz|87\/100\n|\n|upkeep\n|turn|12\n|\n|t:|1700214491\n|move|p1a: Ogerpon|U-turn|p2a: Mandibuzz\n|-damage|p2a: Mandibuzz|73\/100\n|\n|t:|1700214493\n|switch|p1a: Chandelure|Chandelure, M|100\/100|[from] U-turn\n|move|p2a: Mandibuzz|Toxic|p1a: Chandelure\n|-status|p1a: Chandelure|tox\n|\n|-damage|p1a: Chandelure|94\/100 tox|[from] psn\n|upkeep\n|turn|13\n|\n|t:|1700214500\n|move|p1a: Chandelure|Fire Blast|p2a: Mandibuzz\n|-damage|p2a: Mandibuzz|15\/100\n|move|p2a: Mandibuzz|Foul Play|p1a: Chandelure\n|-supereffective|p1a: Chandelure\n|-damage|p1a: Chandelure|51\/100 tox\n|\n|-damage|p1a: Chandelure|38\/100 tox|[from] psn\n|upkeep\n|turn|14\n|\n|t:|1700214507\n|switch|p2a: Ogerpon|Ogerpon-Wellspring-Tera, F, tera:Water|100\/100\n|-ability|p2a: Ogerpon|Embody Aspect (Wellspring)|boost\n|-boost|p2a: Ogerpon|spd|1\n|move|p1a: Chandelure|Fire Blast|p2a: Ogerpon|[miss]\n|-miss|p1a: Chandelure|p2a: Ogerpon\n|\n|-damage|p1a: Chandelure|20\/100 tox|[from] psn\n|upkeep\n|turn|15\n|\n|t:|1700214514\n|move|p1a: Chandelure|Fire Blast|p2a: Ogerpon|[miss]\n|-miss|p1a: Chandelure|p2a: Ogerpon\n|move|p2a: Ogerpon|Trailblaze|p1a: Chandelure\n|-resisted|p1a: Chandelure\n|-damage|p1a: Chandelure|0 fnt\n|-boost|p2a: Ogerpon|spe|1\n|faint|p1a: Chandelure\n|\n|upkeep\n|c|\u2606DrowzeeChaperone|Hax not in my favor lol\n|\n|t:|1700214533\n|switch|p1a: Ogerpon|Ogerpon-Wellspring, F|100\/100\n|turn|16\n|c|\u2606Tboc13|It be like that\n|\n|t:|1700214545\n|move|p2a: Ogerpon|Trailblaze|p1a: Ogerpon\n|-damage|p1a: Ogerpon|60\/100\n|-boost|p2a: Ogerpon|spe|1\n|move|p1a: Ogerpon|Horn Leech|p2a: Ogerpon\n|-supereffective|p2a: Ogerpon\n|-damage|p2a: Ogerpon|0 fnt\n|-heal|p1a: Ogerpon|100\/100|[from] drain|[of] p2a: Ogerpon\n|faint|p2a: Ogerpon\n|\n|upkeep\n|\n|t:|1700214548\n|switch|p2a: Kingambit|Kingambit, M|100\/100\n|-activate|p2a: Kingambit|ability: Supreme Overlord\n|-start|p2a: Kingambit|fallen3|[silent]\n|turn|17\n|\n|t:|1700214561\n|move|p1a: Ogerpon|U-turn|p2a: Kingambit\n|-damage|p2a: Kingambit|80\/100\n|\n|t:|1700214563\n|switch|p1a: Kingambit|Kingambit, M|29\/100|[from] U-turn\n|-activate|p1a: Kingambit|ability: Supreme Overlord\n|-start|p1a: Kingambit|fallen4|[silent]\n|move|p2a: Kingambit|Kowtow Cleave|p1a: Kingambit\n|-resisted|p1a: Kingambit\n|-damage|p1a: Kingambit|6\/100\n|\n|-heal|p2a: Kingambit|86\/100|[from] item: Leftovers\n|upkeep\n|turn|18\n|\n|t:|1700214570\n|move|p1a: Kingambit|Sucker Punch|p2a: Kingambit\n|-resisted|p2a: Kingambit\n|-damage|p2a: Kingambit|67\/100\n|move|p2a: Kingambit|Sucker Punch||[still]\n|-fail|p2a: Kingambit\n|\n|-heal|p2a: Kingambit|73\/100|[from] item: Leftovers\n|upkeep\n|turn|19\n|\n|t:|1700214576\n|move|p1a: Kingambit|Low Kick|p2a: Kingambit\n|-supereffective|p2a: Kingambit\n|-damage|p2a: Kingambit|0 fnt\n|faint|p2a: Kingambit\n|-end|p2a: Kingambit|fallen3|[silent]\n|\n|upkeep\n|\n|t:|1700214584\n|switch|p2a: Mandibuzz|Mandibuzz, F|15\/100\n|turn|20\n|\n|t:|1700214593\n|-terastallize|p1a: Kingambit|Fairy\n|move|p2a: Mandibuzz|Roost|p2a: Mandibuzz\n|-heal|p2a: Mandibuzz|65\/100\n|-singleturn|p2a: Mandibuzz|move: Roost\n|move|p1a: Kingambit|Tera Blast|p2a: Mandibuzz|[anim] Tera Blast Fairy\n|-supereffective|p2a: Mandibuzz\n|-damage|p2a: Mandibuzz|0 fnt\n|faint|p2a: Mandibuzz\n|\n|upkeep\n|\n|t:|1700214596\n|switch|p2a: Great Tusk|Great Tusk|100\/100\n|turn|21\n|\n|t:|1700214600\n|move|p2a: Great Tusk|Rapid Spin|p1a: Kingambit\n|-damage|p1a: Kingambit|0 fnt\n|-boost|p2a: Great Tusk|spe|1\n|faint|p1a: Kingambit\n|-end|p1a: Kingambit|fallen4|[silent]\n|\n|upkeep\n|c|\u2606DrowzeeChaperone|Gg\n|\n|t:|1700214607\n|switch|p1a: Ogerpon|Ogerpon-Wellspring, F|100\/100\n|turn|22\n|\n|t:|1700214613\n|move|p2a: Great Tusk|Earthquake|p1a: Ogerpon\n|-resisted|p1a: Ogerpon\n|-damage|p1a: Ogerpon|73\/100\n|move|p1a: Ogerpon|Horn Leech|p2a: Great Tusk\n|-supereffective|p2a: Great Tusk\n|-damage|p2a: Great Tusk|45\/100\n|-heal|p1a: Ogerpon|100\/100|[from] drain|[of] p2a: Great Tusk\n|-damage|p1a: Ogerpon|84\/100|[from] item: Rocky Helmet|[of] p2a: Great Tusk\n|\n|upkeep\n|turn|23\n|\n|t:|1700214617\n|move|p2a: Great Tusk|Earthquake|p1a: Ogerpon\n|-resisted|p1a: Ogerpon\n|-damage|p1a: Ogerpon|55\/100\n|move|p1a: Ogerpon|Ivy Cudgel|p2a: Great Tusk|[anim] Ivy Cudgel Water\n|-supereffective|p2a: Great Tusk\n|-crit|p2a: Great Tusk\n|-damage|p2a: Great Tusk|0 fnt\n|faint|p2a: Great Tusk\n|-end|p2a: Great Tusk|Protosynthesis|[silent]\n|\n|win|DrowzeeChaperone\n|raw|DrowzeeChaperone's rating: 1461 &rarr; <strong>1476<\/strong><br \/>(+15 for winning)\n|raw|Tboc13's rating: 1379 &rarr; <strong>1364<\/strong><br \/>(-15 for losing)\n|l|\u2606Tboc13\n","uploadtime":1700214842,"views":11,"p1id":"drowzeechaperone","p2id":"tboc13","formatid":"gen9ou","rating":1364,"private":0,"password":""}