{"id":"gen9ou-1989390895","p1":"Monerochan","p2":"AnonymousJon","format":"[Gen 9] OU","log":"|j|\u2606Monerochan\n|j|\u2606AnonymousJon\n|t:|1699844250\n|gametype|singles\n|player|p1|Monerochan|266|1846\n|player|p2|AnonymousJon|workerice|1767\n|teamsize|p1|6\n|teamsize|p2|6\n|gen|9\n|tier|[Gen 9] OU\n|rated|\n|rule|Sleep Clause Mod: Limit one foe put to sleep\n|rule|Species Clause: Limit one of each Pok\u00e9mon\n|rule|OHKO Clause: OHKO moves are banned\n|rule|Evasion Items Clause: Evasion items are banned\n|rule|Evasion Moves Clause: Evasion moves are banned\n|rule|Endless Battle Clause: Forcing endless battles is banned\n|rule|HP Percentage Mod: HP is shown in percentages\n|clearpoke\n|poke|p1|Zamazenta-*|\n|poke|p1|Moltres|\n|poke|p1|Ogerpon-Wellspring, F|\n|poke|p1|Great Tusk|\n|poke|p1|Clefable, M|\n|poke|p1|Ting-Lu|\n|poke|p2|Great Tusk|\n|poke|p2|Ogerpon-Cornerstone, F|\n|poke|p2|Rillaboom, F|\n|poke|p2|Tyranitar, M|\n|poke|p2|Corviknight, F|\n|poke|p2|Dragapult, F|\n|teampreview\n|inactive|Battle timer is ON: inactive players will automatically lose when time's up. (requested by AnonymousJon)\n|\n|t:|1699844266\n|start\n|switch|p1a: Zamazenta|Zamazenta|100\/100\n|switch|p2a: Ogerpon|Ogerpon-Cornerstone, F|100\/100\n|-ability|p1a: Zamazenta|Dauntless Shield|boost\n|-boost|p1a: Zamazenta|def|1\n|turn|1\n|\n|t:|1699844274\n|switch|p2a: Corviknight|Corviknight, F|100\/100\n|-ability|p2a: Corviknight|Pressure\n|move|p1a: Zamazenta|Close Combat|p2a: Corviknight\n|-damage|p2a: Corviknight|63\/100\n|-unboost|p1a: Zamazenta|def|1\n|-unboost|p1a: Zamazenta|spd|1\n|-damage|p1a: Zamazenta|84\/100|[from] item: Rocky Helmet|[of] p2a: Corviknight\n|\n|upkeep\n|turn|2\n|\n|t:|1699844285\n|switch|p1a: Great Tusk|Great Tusk|100\/100\n|switch|p2a: Dragapult|Dragapult, F|100\/100\n|\n|upkeep\n|turn|3\n|\n|t:|1699844287\n|move|p2a: Dragapult|Will-O-Wisp|p1a: Great Tusk\n|-status|p1a: Great Tusk|brn\n|move|p1a: Great Tusk|Knock Off|p2a: Dragapult\n|-supereffective|p2a: Dragapult\n|-damage|p2a: Dragapult|61\/100\n|-enditem|p2a: Dragapult|Leftovers|[from] move: Knock Off|[of] p1a: Great Tusk\n|\n|-damage|p1a: Great Tusk|94\/100 brn|[from] brn\n|upkeep\n|turn|4\n|\n|t:|1699844297\n|-end|p1a: Great Tusk|Protosynthesis|[silent]\n|switch|p1a: Clefable|Clefable, M|100\/100\n|move|p2a: Dragapult|Hex|p1a: Clefable\n|-damage|p1a: Clefable|73\/100\n|\n|-heal|p1a: Clefable|79\/100|[from] item: Leftovers\n|upkeep\n|turn|5\n|\n|t:|1699844305\n|switch|p2a: Tyranitar|Tyranitar, M|100\/100\n|-weather|Sandstorm|[from] ability: Sand Stream|[of] p2a: Tyranitar\n|move|p1a: Clefable|Wish|p1a: Clefable\n|\n|-weather|Sandstorm|[upkeep]\n|-heal|p1a: Clefable|85\/100|[from] item: Leftovers\n|upkeep\n|turn|6\n|\n|t:|1699844309\n|switch|p1a: Zamazenta|Zamazenta|84\/100\n|move|p2a: Tyranitar|Stealth Rock|p1a: Zamazenta\n|-sidestart|p1: Monerochan|move: Stealth Rock\n|\n|-weather|Sandstorm|[upkeep]\n|-damage|p1a: Zamazenta|78\/100|[from] Sandstorm\n|-heal|p1a: Zamazenta|100\/100|[from] move: Wish|[wisher] Clefable\n|upkeep\n|turn|7\n|\n|t:|1699844317\n|switch|p1a: Great Tusk|Great Tusk|94\/100 brn\n|-damage|p1a: Great Tusk|91\/100 brn|[from] Stealth Rock\n|switch|p2a: Great Tusk|Great Tusk|100\/100\n|\n|-weather|Sandstorm|[upkeep]\n|-damage|p1a: Great Tusk|85\/100 brn|[from] brn\n|upkeep\n|turn|8\n|\n|t:|1699844323\n|-end|p2a: Great Tusk|Protosynthesis|[silent]\n|switch|p2a: Dragapult|Dragapult, F|61\/100\n|move|p1a: Great Tusk|Stealth Rock|p2a: Dragapult\n|-sidestart|p2: AnonymousJon|move: Stealth Rock\n|\n|-weather|Sandstorm|[upkeep]\n|-damage|p2a: Dragapult|55\/100|[from] Sandstorm\n|-damage|p1a: Great Tusk|79\/100 brn|[from] brn\n|upkeep\n|turn|9\n|\n|t:|1699844327\n|-end|p1a: Great Tusk|Protosynthesis|[silent]\n|switch|p1a: Clefable|Clefable, M|85\/100\n|move|p2a: Dragapult|Substitute|p2a: Dragapult\n|-start|p2a: Dragapult|Substitute\n|-damage|p2a: Dragapult|30\/100\n|\n|-weather|Sandstorm|[upkeep]\n|-damage|p2a: Dragapult|24\/100|[from] Sandstorm\n|-heal|p1a: Clefable|91\/100|[from] item: Leftovers\n|upkeep\n|turn|10\n|j| greenle\n|\n|t:|1699844332\n|switch|p1a: Ting-Lu|Ting-Lu|100\/100\n|-damage|p1a: Ting-Lu|94\/100|[from] Stealth Rock\n|-ability|p1a: Ting-Lu|Vessel of Ruin\n|move|p2a: Dragapult|Will-O-Wisp|p1a: Ting-Lu\n|-status|p1a: Ting-Lu|brn\n|\n|-weather|Sandstorm|[upkeep]\n|-damage|p2a: Dragapult|17\/100|[from] Sandstorm\n|-heal|p1a: Ting-Lu|100\/100 brn|[from] item: Leftovers\n|-damage|p1a: Ting-Lu|94\/100 brn|[from] brn\n|upkeep\n|turn|11\n|\n|t:|1699844342\n|switch|p2a: Great Tusk|Great Tusk|100\/100\n|-damage|p2a: Great Tusk|98\/100|[from] Stealth Rock\n|move|p1a: Ting-Lu|Spikes|p2a: Great Tusk\n|-sidestart|p2: AnonymousJon|Spikes\n|\n|-weather|Sandstorm|[upkeep]\n|-heal|p1a: Ting-Lu|100\/100 brn|[from] item: Leftovers\n|-damage|p1a: Ting-Lu|94\/100 brn|[from] brn\n|upkeep\n|turn|12\n|\n|t:|1699844345\n|-terastallize|p1a: Ting-Lu|Ghost\n|move|p2a: Great Tusk|Rapid Spin|p1a: Ting-Lu\n|-immune|p1a: Ting-Lu\n|move|p1a: Ting-Lu|Whirlwind|p2a: Great Tusk\n|-end|p2a: Great Tusk|Protosynthesis|[silent]\n|drag|p2a: Rillaboom|Rillaboom, F|100\/100\n|-damage|p2a: Rillaboom|88\/100|[from] Stealth Rock\n|-damage|p2a: Rillaboom|76\/100|[from] Spikes\n|-fieldstart|move: Grassy Terrain|[from] ability: Grassy Surge|[of] p2a: Rillaboom\n|\n|-weather|none\n|-heal|p2a: Rillaboom|82\/100|[from] Grassy Terrain\n|-heal|p1a: Ting-Lu|100\/100 brn|[from] Grassy Terrain\n|-damage|p1a: Ting-Lu|94\/100 brn|[from] brn\n|upkeep\n|turn|13\n|\n|t:|1699844357\n|switch|p1a: Moltres|Moltres|100\/100\n|move|p2a: Rillaboom|Wood Hammer|p1a: Moltres\n|-resisted|p1a: Moltres\n|-damage|p1a: Moltres|67\/100\n|-status|p2a: Rillaboom|brn|[from] ability: Flame Body|[of] p1a: Moltres\n|-damage|p2a: Rillaboom|70\/100 brn|[from] Recoil\n|\n|-heal|p2a: Rillaboom|76\/100 brn|[from] Grassy Terrain\n|-damage|p2a: Rillaboom|70\/100 brn|[from] brn\n|upkeep\n|turn|14\n|\n|t:|1699844365\n|switch|p2a: Tyranitar|Tyranitar, M|100\/100\n|-damage|p2a: Tyranitar|88\/100|[from] Stealth Rock\n|-damage|p2a: Tyranitar|76\/100|[from] Spikes\n|-weather|Sandstorm|[from] ability: Sand Stream|[of] p2a: Tyranitar\n|move|p1a: Moltres|U-turn|p2a: Tyranitar\n|-supereffective|p2a: Tyranitar\n|-damage|p2a: Tyranitar|53\/100\n|\n|t:|1699844376\n|switch|p1a: Ogerpon|Ogerpon-Wellspring, F|100\/100|[from] U-turn\n|-damage|p1a: Ogerpon|88\/100|[from] Stealth Rock\n|\n|-weather|Sandstorm|[upkeep]\n|-damage|p1a: Ogerpon|82\/100|[from] Sandstorm\n|-heal|p1a: Ogerpon|88\/100|[from] Grassy Terrain\n|-heal|p2a: Tyranitar|60\/100|[from] Grassy Terrain\n|upkeep\n|turn|15\n|\n|t:|1699844379\n|switch|p2a: Rillaboom|Rillaboom, F|70\/100 brn\n|-damage|p2a: Rillaboom|57\/100 brn|[from] Stealth Rock\n|-damage|p2a: Rillaboom|45\/100 brn|[from] Spikes\n|move|p1a: Ogerpon|Ivy Cudgel|p2a: Rillaboom\n|-resisted|p2a: Rillaboom\n|-damage|p2a: Rillaboom|13\/100 brn\n|\n|-weather|Sandstorm|[upkeep]\n|-damage|p1a: Ogerpon|82\/100|[from] Sandstorm\n|-damage|p2a: Rillaboom|7\/100 brn|[from] Sandstorm\n|-heal|p1a: Ogerpon|88\/100|[from] Grassy Terrain\n|-heal|p2a: Rillaboom|13\/100 brn|[from] Grassy Terrain\n|-damage|p2a: Rillaboom|7\/100 brn|[from] brn\n|upkeep\n|turn|16\n|\n|t:|1699844386\n|move|p2a: Rillaboom|Grassy Glide|p1a: Ogerpon\n|-damage|p1a: Ogerpon|47\/100\n|move|p1a: Ogerpon|Knock Off|p2a: Rillaboom\n|-damage|p2a: Rillaboom|0 fnt\n|-enditem|p2a: Rillaboom|Choice Band|[from] move: Knock Off|[of] p1a: Ogerpon\n|faint|p2a: Rillaboom\n|\n|-weather|Sandstorm|[upkeep]\n|-damage|p1a: Ogerpon|41\/100|[from] Sandstorm\n|-heal|p1a: Ogerpon|47\/100|[from] Grassy Terrain\n|-fieldend|move: Grassy Terrain\n|upkeep\n|\n|t:|1699844391\n|switch|p2a: Ogerpon|Ogerpon-Cornerstone, F|100\/100\n|-damage|p2a: Ogerpon|88\/100|[from] Stealth Rock\n|-damage|p2a: Ogerpon|76\/100|[from] Spikes\n|turn|17\n|j| bednor\n|\n|t:|1699844397\n|move|p2a: Ogerpon|Horn Leech|p1a: Ogerpon\n|-damage|p1a: Ogerpon|0 fnt\n|-heal|p2a: Ogerpon|99\/100|[from] drain|[of] p1a: Ogerpon\n|faint|p1a: Ogerpon\n|\n|-weather|Sandstorm|[upkeep]\n|upkeep\n|\n|t:|1699844402\n|switch|p1a: Zamazenta|Zamazenta|100\/100\n|turn|18\n|c| bednor|Sick battle broskis\n|\n|t:|1699844409\n|switch|p1a: Moltres|Moltres|67\/100\n|switch|p2a: Dragapult|Dragapult, F|17\/100\n|-damage|p2a: Dragapult|5\/100|[from] Stealth Rock\n|-damage|p2a: Dragapult|0 fnt|[from] Spikes\n|faint|p2a: Dragapult\n|\n|-weather|Sandstorm|[upkeep]\n|-damage|p1a: Moltres|61\/100|[from] Sandstorm\n|upkeep\n|\n|t:|1699844414\n|switch|p2a: Ogerpon|Ogerpon-Cornerstone, F|99\/100\n|-damage|p2a: Ogerpon|87\/100|[from] Stealth Rock\n|-damage|p2a: Ogerpon|75\/100|[from] Spikes\n|turn|19\n|\n|t:|1699844423\n|switch|p1a: Ting-Lu|Ting-Lu, tera:Ghost|94\/100 brn\n|-damage|p1a: Ting-Lu|82\/100 brn|[from] Stealth Rock\n|-ability|p1a: Ting-Lu|Vessel of Ruin\n|move|p2a: Ogerpon|Horn Leech|p1a: Ting-Lu\n|-damage|p1a: Ting-Lu|57\/100 brn\n|-heal|p2a: Ogerpon|96\/100|[from] drain|[of] p1a: Ting-Lu\n|\n|-weather|Sandstorm|[upkeep]\n|-damage|p1a: Ting-Lu|51\/100 brn|[from] Sandstorm\n|-heal|p1a: Ting-Lu|57\/100 brn|[from] item: Leftovers\n|-damage|p1a: Ting-Lu|51\/100 brn|[from] brn\n|upkeep\n|turn|20\n|j| DR NEFARIO MD\n|\n|t:|1699844434\n|move|p2a: Ogerpon|Swords Dance|p2a: Ogerpon\n|-boost|p2a: Ogerpon|atk|2\n|move|p1a: Ting-Lu|Whirlwind|p2a: Ogerpon\n|drag|p2a: Great Tusk|Great Tusk|98\/100\n|-damage|p2a: Great Tusk|95\/100|[from] Stealth Rock\n|-damage|p2a: Great Tusk|82\/100|[from] Spikes\n|\n|-weather|Sandstorm|[upkeep]\n|-damage|p1a: Ting-Lu|45\/100 brn|[from] Sandstorm\n|-heal|p1a: Ting-Lu|51\/100 brn|[from] item: Leftovers\n|-damage|p1a: Ting-Lu|45\/100 brn|[from] brn\n|upkeep\n|turn|21\n|\n|t:|1699844443\n|move|p2a: Great Tusk|Knock Off|p1a: Ting-Lu\n|-supereffective|p1a: Ting-Lu\n|-damage|p1a: Ting-Lu|7\/100 brn\n|-enditem|p1a: Ting-Lu|Leftovers|[from] move: Knock Off|[of] p2a: Great Tusk\n|move|p1a: Ting-Lu|Spikes|p2a: Great Tusk\n|-sidestart|p2: AnonymousJon|Spikes\n|\n|-weather|none\n|-damage|p1a: Ting-Lu|1\/100 brn|[from] brn\n|upkeep\n|turn|22\n|\n|t:|1699844447\n|switch|p1a: Clefable|Clefable, M|91\/100\n|move|p2a: Great Tusk|Knock Off|p1a: Clefable\n|-resisted|p1a: Clefable\n|-damage|p1a: Clefable|79\/100\n|-enditem|p1a: Clefable|Leftovers|[from] move: Knock Off|[of] p2a: Great Tusk\n|\n|upkeep\n|turn|23\n|\n|t:|1699844449\n|move|p2a: Great Tusk|Rapid Spin|p1a: Clefable\n|-damage|p1a: Clefable|68\/100\n|-boost|p2a: Great Tusk|spe|1\n|-sideend|p2: AnonymousJon|Spikes|[from] move: Rapid Spin|[of] p2a: Great Tusk\n|-sideend|p2: AnonymousJon|Stealth Rock|[from] move: Rapid Spin|[of] p2a: Great Tusk\n|move|p1a: Clefable|Moonblast|p2a: Great Tusk\n|-supereffective|p2a: Great Tusk\n|-damage|p2a: Great Tusk|40\/100\n|\n|upkeep\n|turn|24\n|\n|t:|1699844456\n|-end|p2a: Great Tusk|Protosynthesis|[silent]\n|switch|p2a: Corviknight|Corviknight, F|63\/100\n|-ability|p2a: Corviknight|Pressure\n|move|p1a: Clefable|Moonblast|p2a: Corviknight\n|-resisted|p2a: Corviknight\n|-damage|p2a: Corviknight|47\/100\n|-unboost|p2a: Corviknight|spa|1\n|\n|upkeep\n|turn|25\n|\n|t:|1699844458\n|move|p2a: Corviknight|Roost|p2a: Corviknight\n|-heal|p2a: Corviknight|97\/100\n|-singleturn|p2a: Corviknight|move: Roost\n|move|p1a: Clefable|Wish|p1a: Clefable\n|\n|upkeep\n|turn|26\n|\n|t:|1699844464\n|switch|p2a: Ogerpon|Ogerpon-Cornerstone, F|96\/100\n|switch|p1a: Great Tusk|Great Tusk|79\/100 brn\n|-damage|p1a: Great Tusk|76\/100 brn|[from] Stealth Rock\n|\n|-heal|p1a: Great Tusk|100\/100 brn|[from] move: Wish|[wisher] Clefable\n|-damage|p1a: Great Tusk|94\/100 brn|[from] brn\n|upkeep\n|turn|27\n|\n|t:|1699844471\n|move|p2a: Ogerpon|Swords Dance|p2a: Ogerpon\n|-boost|p2a: Ogerpon|atk|2\n|move|p1a: Great Tusk|Stealth Rock|p2a: Ogerpon\n|-sidestart|p2: AnonymousJon|move: Stealth Rock\n|\n|-damage|p1a: Great Tusk|88\/100 brn|[from] brn\n|upkeep\n|turn|28\n|\n|t:|1699844474\n|move|p2a: Ogerpon|Horn Leech|p1a: Great Tusk\n|-supereffective|p1a: Great Tusk\n|-damage|p1a: Great Tusk|6\/100 brn\n|-heal|p2a: Ogerpon|100\/100|[from] drain|[of] p1a: Great Tusk\n|-damage|p2a: Ogerpon|84\/100|[from] item: Rocky Helmet|[of] p1a: Great Tusk\n|move|p1a: Great Tusk|Earthquake|p2a: Ogerpon\n|-crit|p2a: Ogerpon\n|-damage|p2a: Ogerpon|39\/100\n|\n|-damage|p1a: Great Tusk|0 fnt|[from] brn\n|faint|p1a: Great Tusk\n|-end|p1a: Great Tusk|Protosynthesis|[silent]\n|upkeep\n|\n|t:|1699844489\n|switch|p1a: Zamazenta|Zamazenta|100\/100\n|turn|29\n|l| bednor\n|\n|t:|1699844497\n|switch|p2a: Great Tusk|Great Tusk|40\/100\n|-damage|p2a: Great Tusk|37\/100|[from] Stealth Rock\n|move|p1a: Zamazenta|Close Combat|p2a: Great Tusk\n|-damage|p2a: Great Tusk|0 fnt\n|-unboost|p1a: Zamazenta|def|1\n|-unboost|p1a: Zamazenta|spd|1\n|faint|p2a: Great Tusk\n|-end|p2a: Great Tusk|Protosynthesis|[silent]\n|\n|upkeep\n|j| Lush Eagles\n|\n|t:|1699844504\n|switch|p2a: Corviknight|Corviknight, F|97\/100\n|-damage|p2a: Corviknight|85\/100|[from] Stealth Rock\n|-ability|p2a: Corviknight|Pressure\n|turn|30\n|\n|t:|1699844509\n|switch|p1a: Clefable|Clefable, M|68\/100\n|switch|p2a: Ogerpon|Ogerpon-Cornerstone, F|39\/100\n|-damage|p2a: Ogerpon|26\/100|[from] Stealth Rock\n|\n|upkeep\n|turn|31\n|\n|t:|1699844514\n|move|p2a: Ogerpon|Ivy Cudgel|p1a: Clefable\n|-damage|p1a: Clefable|19\/100\n|move|p1a: Clefable|Moonblast|p2a: Ogerpon\n|-damage|p2a: Ogerpon|0 fnt\n|faint|p2a: Ogerpon\n|\n|upkeep\n|\n|t:|1699844516\n|switch|p2a: Tyranitar|Tyranitar, M|60\/100\n|-damage|p2a: Tyranitar|47\/100|[from] Stealth Rock\n|-weather|Sandstorm|[from] ability: Sand Stream|[of] p2a: Tyranitar\n|turn|32\n|\n|t:|1699844521\n|move|p1a: Clefable|Protect|p1a: Clefable\n|-singleturn|p1a: Clefable|Protect\n|move|p2a: Tyranitar|Stone Edge|p1a: Clefable\n|-activate|p1a: Clefable|move: Protect\n|\n|-weather|Sandstorm|[upkeep]\n|upkeep\n|turn|33\n|\n|t:|1699844527\n|switch|p1a: Zamazenta|Zamazenta|100\/100\n|move|p2a: Tyranitar|Stone Edge|p1a: Zamazenta\n|-resisted|p1a: Zamazenta\n|-damage|p1a: Zamazenta|79\/100\n|\n|-weather|Sandstorm|[upkeep]\n|-damage|p1a: Zamazenta|73\/100|[from] Sandstorm\n|upkeep\n|turn|34\n|\n|t:|1699844537\n|-terastallize|p2a: Tyranitar|Ghost\n|move|p1a: Zamazenta|Close Combat|p2a: Tyranitar\n|-immune|p2a: Tyranitar\n|move|p2a: Tyranitar|Stone Edge|p1a: Zamazenta\n|-resisted|p1a: Zamazenta\n|-damage|p1a: Zamazenta|52\/100\n|\n|-weather|Sandstorm|[upkeep]\n|-damage|p1a: Zamazenta|46\/100|[from] Sandstorm\n|-damage|p2a: Tyranitar|41\/100|[from] Sandstorm\n|upkeep\n|turn|35\n|\n|t:|1699844541\n|move|p1a: Zamazenta|Crunch|p2a: Tyranitar\n|-supereffective|p2a: Tyranitar\n|-damage|p2a: Tyranitar|0 fnt\n|faint|p2a: Tyranitar\n|\n|-weather|Sandstorm|[upkeep]\n|-damage|p1a: Zamazenta|40\/100|[from] Sandstorm\n|upkeep\n|c|\u2606AnonymousJon|I thought you were banded RIP\n|c|\u2606AnonymousJon|gg\n|-message|AnonymousJon forfeited.\n|\n|win|Monerochan\n|raw|Monerochan's rating: 1846 &rarr; <strong>1862<\/strong><br \/>(+16 for winning)\n|raw|AnonymousJon's rating: 1767 &rarr; <strong>1751<\/strong><br \/>(-16 for losing)\n|l|\u2606AnonymousJon\n|l| DR NEFARIO MD\n","uploadtime":1699844645,"views":31,"p1id":"monerochan","p2id":"anonymousjon","formatid":"gen9ou","rating":1751,"private":0,"password":""}