{"id":"gen9ou-1998108022","p1":"stargirlkirin","p2":"Prav33n","format":"[Gen 9] OU","log":"|j|\u2606stargirlkirin\n|j|\u2606Prav33n\n|t:|1700892664\n|gametype|singles\n|player|p1|stargirlkirin|hexmaniac-gen6|1600\n|player|p2|Prav33n|swimmer-gen4|1621\n|teamsize|p1|6\n|teamsize|p2|6\n|gen|9\n|tier|[Gen 9] OU\n|rated|\n|rule|Sleep Clause Mod: Limit one foe put to sleep\n|rule|Species Clause: Limit one of each Pok\u00e9mon\n|rule|OHKO Clause: OHKO moves are banned\n|rule|Evasion Items Clause: Evasion items are banned\n|rule|Evasion Moves Clause: Evasion moves are banned\n|rule|Endless Battle Clause: Forcing endless battles is banned\n|rule|HP Percentage Mod: HP is shown in percentages\n|clearpoke\n|poke|p1|Ribombee, F|\n|poke|p1|Ogerpon-Wellspring, F|\n|poke|p1|Iron Moth|\n|poke|p1|Gholdengo|\n|poke|p1|Manaphy|\n|poke|p1|Kingambit, F|\n|poke|p2|Cinderace, F|\n|poke|p2|Landorus-Therian, M|\n|poke|p2|Weavile, F|\n|poke|p2|Great Tusk|\n|poke|p2|Gholdengo|\n|poke|p2|Walking Wake|\n|teampreview\n|inactive|Battle timer is ON: inactive players will automatically lose when time's up. (requested by stargirlkirin)\n|j| Adam Phoenix\n|\n|t:|1700892677\n|start\n|switch|p1a: Daisy|Ribombee, F|100\/100\n|switch|p2a: Cinderace|Cinderace, F|100\/100\n|turn|1\n|\n|t:|1700892686\n|move|p1a: Daisy|Stun Spore|p2a: Cinderace\n|-status|p2a: Cinderace|par\n|move|p2a: Cinderace|Pyro Ball|p1a: Daisy\n|-supereffective|p1a: Daisy\n|-enditem|p1a: Daisy|Focus Sash\n|-damage|p1a: Daisy|1\/100\n|\n|upkeep\n|turn|2\n|\n|t:|1700892703\n|switch|p1a: Solaire|Iron Moth|100\/100\n|-enditem|p1a: Solaire|Booster Energy\n|-activate|p1a: Solaire|ability: Quark Drive|[fromitem]\n|-start|p1a: Solaire|quarkdrivespe\n|move|p2a: Cinderace|Court Change||[still]\n|-start|p2a: Cinderace|typechange|Normal|[from] ability: Libero\n|-swapsideconditions\n|-fail|p2a: Cinderace\n|\n|upkeep\n|turn|3\n|\n|t:|1700892712\n|move|p1a: Solaire|Fiery Dance|p2a: Cinderace\n|-damage|p2a: Cinderace|38\/100 par\n|-boost|p1a: Solaire|spa|1\n|cant|p2a: Cinderace|par\n|\n|upkeep\n|turn|4\n|\n|t:|1700892722\n|switch|p2a: Walking Wake|Walking Wake|100\/100\n|-enditem|p2a: Walking Wake|Booster Energy\n|-activate|p2a: Walking Wake|ability: Protosynthesis|[fromitem]\n|-start|p2a: Walking Wake|protosynthesisspa\n|move|p1a: Solaire|Fiery Dance|p2a: Walking Wake\n|-resisted|p2a: Walking Wake\n|-damage|p2a: Walking Wake|81\/100\n|-boost|p1a: Solaire|spa|1\n|\n|upkeep\n|turn|5\n|\n|t:|1700892727\n|move|p1a: Solaire|Dazzling Gleam|p2a: Walking Wake\n|-supereffective|p2a: Walking Wake\n|-damage|p2a: Walking Wake|0 fnt\n|faint|p2a: Walking Wake\n|-end|p2a: Walking Wake|Protosynthesis|[silent]\n|\n|upkeep\n|j| adyu1\n|\n|t:|1700892740\n|switch|p2a: Landorus|Landorus-Therian, M|100\/100\n|-ability|p2a: Landorus|Intimidate|boost\n|-unboost|p1a: Solaire|atk|1\n|turn|6\n|\n|t:|1700892744\n|-terastallize|p2a: Landorus|Water\n|move|p1a: Solaire|Fiery Dance|p2a: Landorus\n|-resisted|p2a: Landorus\n|-damage|p2a: Landorus|57\/100\n|move|p2a: Landorus|Earthquake|p1a: Solaire\n|-supereffective|p1a: Solaire\n|-damage|p1a: Solaire|0 fnt\n|faint|p1a: Solaire\n|-end|p1a: Solaire|Quark Drive|[silent]\n|\n|upkeep\n|\n|t:|1700892757\n|switch|p1a: Daisy|Ribombee, F|1\/100\n|turn|7\n|\n|t:|1700892762\n|move|p1a: Daisy|Sticky Web|p2a: Landorus\n|-sidestart|p2: Prav33n|move: Sticky Web\n|move|p2a: Landorus|U-turn|p1a: Daisy\n|-resisted|p1a: Daisy\n|-damage|p1a: Daisy|0 fnt\n|faint|p1a: Daisy\n|\n|t:|1700892764\n|switch|p2a: Cinderace|Cinderace, F|38\/100 par|[from] U-turn\n|\n|upkeep\n|\n|t:|1700892769\n|switch|p1a: Marina|Ogerpon-Wellspring, F|100\/100\n|turn|8\n|\n|t:|1700892774\n|switch|p2a: Landorus|Landorus-Therian, M, tera:Water|57\/100\n|-activate|p2a: Landorus|move: Sticky Web\n|-unboost|p2a: Landorus|spe|1\n|-ability|p2a: Landorus|Intimidate|boost\n|-unboost|p1a: Marina|atk|1\n|move|p1a: Marina|Ivy Cudgel|p2a: Landorus|[anim] Ivy Cudgel Water\n|-resisted|p2a: Landorus\n|-damage|p2a: Landorus|44\/100\n|\n|upkeep\n|turn|9\n|\n|t:|1700892778\n|switch|p2a: Cinderace|Cinderace, F|38\/100 par\n|move|p1a: Marina|Power Whip|p2a: Cinderace\n|-resisted|p2a: Cinderace\n|-damage|p2a: Cinderace|3\/100 par\n|\n|upkeep\n|turn|10\n|\n|t:|1700892784\n|switch|p2a: Landorus|Landorus-Therian, M, tera:Water|44\/100\n|-activate|p2a: Landorus|move: Sticky Web\n|-unboost|p2a: Landorus|spe|1\n|-ability|p2a: Landorus|Intimidate|boost\n|-unboost|p1a: Marina|atk|1\n|move|p1a: Marina|Ivy Cudgel|p2a: Landorus|[anim] Ivy Cudgel Water\n|-resisted|p2a: Landorus\n|-damage|p2a: Landorus|34\/100\n|\n|upkeep\n|turn|11\n|\n|t:|1700892787\n|move|p1a: Marina|Power Whip|p2a: Landorus\n|-supereffective|p2a: Landorus\n|-damage|p2a: Landorus|0 fnt\n|-damage|p1a: Marina|84\/100|[from] item: Rocky Helmet|[of] p2a: Landorus\n|faint|p2a: Landorus\n|\n|upkeep\n|\n|t:|1700892793\n|switch|p2a: Great Tusk|Great Tusk|100\/100\n|-activate|p2a: Great Tusk|move: Sticky Web\n|-unboost|p2a: Great Tusk|spe|1\n|-enditem|p2a: Great Tusk|Eject Pack\n|\n|t:|1700892797\n|-end|p2a: Great Tusk|Protosynthesis|[silent]\n|switch|p2a: Cinderace|Cinderace, F|3\/100 par\n|turn|12\n|\n|t:|1700892805\n|move|p1a: Marina|Ivy Cudgel|p2a: Cinderace|[anim] Ivy Cudgel Water\n|-supereffective|p2a: Cinderace\n|-crit|p2a: Cinderace\n|-damage|p2a: Cinderace|0 fnt\n|faint|p2a: Cinderace\n|\n|upkeep\n|\n|t:|1700892806\n|switch|p2a: Great Tusk|Great Tusk|100\/100\n|-activate|p2a: Great Tusk|move: Sticky Web\n|-unboost|p2a: Great Tusk|spe|1\n|turn|13\n|\n|t:|1700892809\n|switch|p1a: Mozzarella|Gholdengo|100\/100\n|-item|p1a: Mozzarella|Air Balloon\n|move|p2a: Great Tusk|Knock Off|p1a: Mozzarella\n|-supereffective|p1a: Mozzarella\n|-damage|p1a: Mozzarella|32\/100\n|-enditem|p1a: Mozzarella|Air Balloon\n|\n|upkeep\n|turn|14\n|\n|t:|1700892820\n|-end|p2a: Great Tusk|Protosynthesis|[silent]\n|switch|p2a: Weavile|Weavile, F|100\/100\n|-activate|p2a: Weavile|move: Sticky Web\n|-unboost|p2a: Weavile|spe|1\n|move|p1a: Mozzarella|Shadow Ball|p2a: Weavile\n|-resisted|p2a: Weavile\n|-damage|p2a: Weavile|71\/100\n|\n|upkeep\n|turn|15\n|\n|t:|1700892826\n|switch|p2a: Gholdengo|Gholdengo|100\/100\n|-item|p2a: Gholdengo|Air Balloon\n|move|p1a: Mozzarella|Focus Blast|p2a: Gholdengo\n|-immune|p2a: Gholdengo\n|\n|upkeep\n|turn|16\n|\n|t:|1700892834\n|switch|p2a: Great Tusk|Great Tusk|100\/100\n|-activate|p2a: Great Tusk|move: Sticky Web\n|-unboost|p2a: Great Tusk|spe|1\n|move|p1a: Mozzarella|Shadow Ball|p2a: Great Tusk\n|-damage|p2a: Great Tusk|40\/100\n|-unboost|p2a: Great Tusk|spd|1\n|\n|upkeep\n|turn|17\n|-message|Prav33n forfeited.\n|\n|win|stargirlkirin\n|raw|stargirlkirin's rating: 1600 &rarr; <strong>1621<\/strong><br \/>(+21 for winning)\n|raw|Prav33n's rating: 1621 &rarr; <strong>1600<\/strong><br \/>(-21 for losing)\n|l|\u2606Prav33n\n|l| adyu1\n|l| Adam Phoenix\n","uploadtime":1700892871,"views":2,"p1id":"stargirlkirin","p2id":"prav33n","formatid":"gen9ou","rating":1600,"private":0,"password":""}