{"id":"gen9ou-1991122964","p1":"gosuBX","p2":"pokewaiter","format":"[Gen 9] OU","log":"|j|\u2606gosuBX\n|j|\u2606pokewaiter\n|t:|1700046436\n|gametype|singles\n|player|p1|gosuBX|102|1188\n|player|p2|pokewaiter|waiter-gen4|1177\n|teamsize|p1|6\n|teamsize|p2|6\n|gen|9\n|tier|[Gen 9] OU\n|rated|\n|rule|Sleep Clause Mod: Limit one foe put to sleep\n|rule|Species Clause: Limit one of each Pok\u00e9mon\n|rule|OHKO Clause: OHKO moves are banned\n|rule|Evasion Items Clause: Evasion items are banned\n|rule|Evasion Moves Clause: Evasion moves are banned\n|rule|Endless Battle Clause: Forcing endless battles is banned\n|rule|HP Percentage Mod: HP is shown in percentages\n|clearpoke\n|poke|p1|Azelf|\n|poke|p1|Wo-Chien|\n|poke|p1|Quagsire, F|\n|poke|p1|Tinkaton, F|\n|poke|p1|Yanmega, F|\n|poke|p1|Iron Thorns|\n|poke|p2|Alomomola, F|\n|poke|p2|Slowking-Galar, F|\n|poke|p2|Kingambit, F|\n|poke|p2|Great Tusk|\n|poke|p2|Cinderace, F|\n|poke|p2|Thundurus-Therian, M|\n|teampreview\n|inactive|Battle timer is ON: inactive players will automatically lose when time's up. (requested by pokewaiter)\n|\n|t:|1700046441\n|start\n|switch|p1a: Azelf|Azelf, shiny|100\/100\n|switch|p2a: Great Tusk|Great Tusk|100\/100\n|turn|1\n|\n|t:|1700046453\n|-end|p2a: Great Tusk|Protosynthesis|[silent]\n|switch|p2a: Kingambit|Kingambit, F|100\/100\n|move|p1a: Azelf|Taunt|p2a: Kingambit\n|-start|p2a: Kingambit|move: Taunt\n|\n|upkeep\n|turn|2\n|\n|t:|1700046473\n|-end|p2a: Kingambit|fallenundefined|[silent]\n|switch|p2a: Thundurus|Thundurus-Therian, M|100\/100\n|-terastallize|p1a: Azelf|Fairy\n|move|p1a: Azelf|Flamethrower|p2a: Thundurus\n|-damage|p2a: Thundurus|59\/100\n|\n|upkeep\n|turn|3\n|\n|t:|1700046484\n|move|p1a: Azelf|Nasty Plot|p1a: Azelf\n|-boost|p1a: Azelf|spa|2\n|move|p2a: Thundurus|Volt Switch|p1a: Azelf\n|-damage|p1a: Azelf|12\/100\n|-enditem|p1a: Azelf|Sitrus Berry|[eat]\n|-heal|p1a: Azelf|37\/100|[from] item: Sitrus Berry\n|\n|t:|1700046492\n|switch|p2a: Cinderace|Cinderace, F|100\/100|[from] Volt Switch\n|\n|upkeep\n|turn|4\n|\n|t:|1700046498\n|move|p2a: Cinderace|Pyro Ball|p1a: Azelf|[miss]\n|-miss|p2a: Cinderace|p1a: Azelf\n|move|p1a: Azelf|Dazzling Gleam|p2a: Cinderace\n|-resisted|p2a: Cinderace\n|-damage|p2a: Cinderace|44\/100\n|\n|upkeep\n|turn|5\n|\n|t:|1700046504\n|move|p2a: Cinderace|Pyro Ball|p1a: Azelf\n|-crit|p1a: Azelf\n|-damage|p1a: Azelf|0 fnt\n|faint|p1a: Azelf\n|\n|upkeep\n|c|\u2606pokewaiter|BRUH\n|\n|t:|1700046522\n|switch|p1a: Iron Thorns|Iron Thorns|100\/100\n|-enditem|p1a: Iron Thorns|Booster Energy\n|-activate|p1a: Iron Thorns|ability: Quark Drive|[fromitem]\n|-start|p1a: Iron Thorns|quarkdriveatk\n|turn|6\n|\n|t:|1700046535\n|move|p2a: Cinderace|U-turn|p1a: Iron Thorns\n|-start|p2a: Cinderace|typechange|Bug|[from] ability: Libero\n|-damage|p1a: Iron Thorns|71\/100\n|\n|t:|1700046544\n|switch|p2a: Alomomola|Alomomola, F|100\/100|[from] U-turn\n|move|p1a: Iron Thorns|Dragon Dance|p1a: Iron Thorns\n|-boost|p1a: Iron Thorns|atk|1\n|-boost|p1a: Iron Thorns|spe|1\n|\n|upkeep\n|turn|7\n|\n|t:|1700046558\n|move|p1a: Iron Thorns|Stone Edge|p2a: Alomomola\n|-damage|p2a: Alomomola|39\/100\n|-enditem|p2a: Alomomola|Red Card|[of] p1a: Iron Thorns\n|-end|p1a: Iron Thorns|Quark Drive|[silent]\n|drag|p1a: Yanmega|Yanmega, F, shiny|100\/100\n|move|p2a: Alomomola|Wish|p2a: Alomomola\n|\n|upkeep\n|turn|8\n|\n|t:|1700046581\n|move|p1a: Yanmega|Detect|p1a: Yanmega\n|-singleturn|p1a: Yanmega|Protect\n|move|p2a: Alomomola|Flip Turn|p1a: Yanmega\n|-activate|p1a: Yanmega|move: Protect\n|\n|-heal|p2a: Alomomola|88\/100|[from] move: Wish|[wisher] Alomomola\n|-ability|p1a: Yanmega|Speed Boost|boost\n|-boost|p1a: Yanmega|spe|1\n|upkeep\n|turn|9\n|\n|t:|1700046593\n|move|p1a: Yanmega|Bug Buzz|p2a: Alomomola\n|-damage|p2a: Alomomola|47\/100\n|-enditem|p1a: Yanmega|Throat Spray\n|-boost|p1a: Yanmega|spa|1|[from] item: Throat Spray\n|move|p2a: Alomomola|Acrobatics|p1a: Yanmega\n|-supereffective|p1a: Yanmega\n|-damage|p1a: Yanmega|48\/100\n|\n|-ability|p1a: Yanmega|Speed Boost|boost\n|-boost|p1a: Yanmega|spe|1\n|upkeep\n|turn|10\n|\n|t:|1700046612\n|switch|p2a: Kingambit|Kingambit, F|100\/100\n|move|p1a: Yanmega|Air Slash|p2a: Kingambit\n|-resisted|p2a: Kingambit\n|-damage|p2a: Kingambit|76\/100\n|\n|-heal|p2a: Kingambit|82\/100|[from] item: Leftovers\n|-ability|p1a: Yanmega|Speed Boost|boost\n|-boost|p1a: Yanmega|spe|1\n|upkeep\n|turn|11\n|\n|t:|1700046628\n|move|p1a: Yanmega|Bug Buzz|p2a: Kingambit\n|-damage|p2a: Kingambit|21\/100\n|move|p2a: Kingambit|Swords Dance|p2a: Kingambit\n|-boost|p2a: Kingambit|atk|2\n|\n|-heal|p2a: Kingambit|27\/100|[from] item: Leftovers\n|-ability|p1a: Yanmega|Speed Boost|boost\n|-boost|p1a: Yanmega|spe|1\n|upkeep\n|turn|12\n|\n|t:|1700046636\n|move|p2a: Kingambit|Sucker Punch|p1a: Yanmega\n|-damage|p1a: Yanmega|0 fnt\n|faint|p1a: Yanmega\n|\n|-heal|p2a: Kingambit|33\/100|[from] item: Leftovers\n|upkeep\n|\n|t:|1700046643\n|switch|p1a: Quagsire|Quagsire, F|100\/100\n|turn|13\n|\n|t:|1700046653\n|-end|p2a: Kingambit|fallenundefined|[silent]\n|switch|p2a: Thundurus|Thundurus-Therian, M|59\/100\n|move|p1a: Quagsire|Toxic|p2a: Thundurus\n|-status|p2a: Thundurus|tox\n|\n|-damage|p2a: Thundurus|53\/100 tox|[from] psn\n|upkeep\n|turn|14\n|\n|t:|1700046660\n|move|p2a: Thundurus|Grass Knot|p1a: Quagsire\n|-supereffective|p1a: Quagsire\n|-damage|p1a: Quagsire|0 fnt\n|faint|p1a: Quagsire\n|\n|-damage|p2a: Thundurus|41\/100 tox|[from] psn\n|upkeep\n|\n|t:|1700046679\n|switch|p1a: Wo-Chien|Wo-Chien|100\/100\n|-ability|p1a: Wo-Chien|Tablets of Ruin\n|turn|15\n|\n|t:|1700046705\n|switch|p2a: Alomomola|Alomomola, F|81\/100\n|move|p1a: Wo-Chien|Substitute|p1a: Wo-Chien\n|-start|p1a: Wo-Chien|Substitute\n|-damage|p1a: Wo-Chien|76\/100\n|\n|-heal|p1a: Wo-Chien|82\/100|[from] item: Leftovers\n|upkeep\n|turn|16\n|\n|t:|1700046715\n|move|p1a: Wo-Chien|Leech Seed|p2a: Alomomola\n|-start|p2a: Alomomola|move: Leech Seed\n|move|p2a: Alomomola|Wish|p2a: Alomomola\n|\n|-heal|p1a: Wo-Chien|88\/100|[from] item: Leftovers\n|-damage|p2a: Alomomola|68\/100|[from] Leech Seed|[of] p1a: Wo-Chien\n|-heal|p1a: Wo-Chien|100\/100|[silent]\n|upkeep\n|turn|17\n|inactive|pokewaiter has 120 seconds left.\n|\n|t:|1700046744\n|switch|p2a: Slowking|Slowking-Galar, F|100\/100\n|move|p1a: Wo-Chien|Ruination|p2a: Slowking\n|-damage|p2a: Slowking|51\/100\n|\n|-heal|p2a: Slowking|100\/100|[from] move: Wish|[wisher] Alomomola\n|upkeep\n|turn|18\n|\n|t:|1700046758\n|move|p1a: Wo-Chien|Leech Seed|p2a: Slowking\n|-start|p2a: Slowking|move: Leech Seed\n|move|p2a: Slowking|Sludge Bomb|p1a: Wo-Chien\n|-supereffective|p1a: Wo-Chien\n|-end|p1a: Wo-Chien|Substitute\n|\n|-damage|p2a: Slowking|88\/100|[from] Leech Seed|[of] p1a: Wo-Chien\n|upkeep\n|turn|19\n|\n|t:|1700046766\n|move|p1a: Wo-Chien|Substitute|p1a: Wo-Chien\n|-start|p1a: Wo-Chien|Substitute\n|-damage|p1a: Wo-Chien|76\/100\n|move|p2a: Slowking|Sludge Bomb|p1a: Wo-Chien\n|-supereffective|p1a: Wo-Chien\n|-end|p1a: Wo-Chien|Substitute\n|\n|-heal|p1a: Wo-Chien|82\/100|[from] item: Leftovers\n|-damage|p2a: Slowking|76\/100|[from] Leech Seed|[of] p1a: Wo-Chien\n|-heal|p1a: Wo-Chien|95\/100|[silent]\n|upkeep\n|turn|20\n|inactive|pokewaiter has 120 seconds left.\n|inactive|pokewaiter has 90 seconds left.\n|\n|t:|1700046801\n|move|p1a: Wo-Chien|Substitute|p1a: Wo-Chien\n|-start|p1a: Wo-Chien|Substitute\n|-damage|p1a: Wo-Chien|70\/100\n|move|p2a: Slowking|Chilly Reception|p2a: Slowking\n|-weather|Snow\n|inactive|pokewaiter has 90 seconds left.\n|\n|t:|1700046807\n|switch|p2a: Alomomola|Alomomola, F|100\/100|[from] Chilly Reception\n|\n|-weather|Snow|[upkeep]\n|-heal|p1a: Wo-Chien|76\/100|[from] item: Leftovers\n|upkeep\n|turn|21\n|inactive|pokewaiter has 90 seconds left.\n|\n|t:|1700046831\n|move|p1a: Wo-Chien|Leech Seed|p2a: Alomomola\n|-start|p2a: Alomomola|move: Leech Seed\n|move|p2a: Alomomola|Acrobatics|p1a: Wo-Chien\n|-supereffective|p1a: Wo-Chien\n|-end|p1a: Wo-Chien|Substitute\n|\n|-weather|Snow|[upkeep]\n|-heal|p1a: Wo-Chien|82\/100|[from] item: Leftovers\n|-damage|p2a: Alomomola|88\/100|[from] Leech Seed|[of] p1a: Wo-Chien\n|-heal|p1a: Wo-Chien|98\/100|[silent]\n|upkeep\n|turn|22\n|\n|t:|1700046841\n|move|p1a: Wo-Chien|Substitute|p1a: Wo-Chien\n|-start|p1a: Wo-Chien|Substitute\n|-damage|p1a: Wo-Chien|73\/100\n|move|p2a: Alomomola|Flip Turn|p1a: Wo-Chien\n|-resisted|p1a: Wo-Chien\n|-activate|p1a: Wo-Chien|move: Substitute|[damage]\n|\n|t:|1700046851\n|switch|p2a: Great Tusk|Great Tusk|100\/100|[from] Flip Turn\n|\n|-weather|Snow|[upkeep]\n|-heal|p1a: Wo-Chien|79\/100|[from] item: Leftovers\n|upkeep\n|turn|23\n|\n|t:|1700046858\n|move|p2a: Great Tusk|Stealth Rock|p1a: Wo-Chien\n|-sidestart|p1: gosuBX|move: Stealth Rock\n|move|p1a: Wo-Chien|Leech Seed|p2a: Great Tusk\n|-start|p2a: Great Tusk|move: Leech Seed\n|\n|-weather|Snow|[upkeep]\n|-heal|p1a: Wo-Chien|85\/100|[from] item: Leftovers\n|-damage|p2a: Great Tusk|88\/100|[from] Leech Seed|[of] p1a: Wo-Chien\n|-heal|p1a: Wo-Chien|98\/100|[silent]\n|upkeep\n|turn|24\n|inactive|pokewaiter has 90 seconds left.\n|\n|t:|1700046867\n|move|p1a: Wo-Chien|Protect|p1a: Wo-Chien\n|-singleturn|p1a: Wo-Chien|Protect\n|move|p2a: Great Tusk|Ice Spinner|p1a: Wo-Chien\n|-activate|p1a: Wo-Chien|move: Protect\n|\n|-weather|none\n|-heal|p1a: Wo-Chien|100\/100|[from] item: Leftovers\n|-damage|p2a: Great Tusk|76\/100|[from] Leech Seed|[of] p1a: Wo-Chien\n|upkeep\n|turn|25\n|\n|t:|1700046877\n|move|p2a: Great Tusk|Ice Spinner|p1a: Wo-Chien\n|-supereffective|p1a: Wo-Chien\n|-end|p1a: Wo-Chien|Substitute\n|move|p1a: Wo-Chien|Leech Seed|p2a: Great Tusk|[miss]\n|-miss|p1a: Wo-Chien|p2a: Great Tusk\n|\n|-damage|p2a: Great Tusk|63\/100|[from] Leech Seed|[of] p1a: Wo-Chien\n|upkeep\n|turn|26\n|\n|t:|1700046885\n|move|p2a: Great Tusk|Ice Spinner|p1a: Wo-Chien\n|-supereffective|p1a: Wo-Chien\n|-damage|p1a: Wo-Chien|59\/100\n|move|p1a: Wo-Chien|Substitute|p1a: Wo-Chien\n|-start|p1a: Wo-Chien|Substitute\n|-damage|p1a: Wo-Chien|34\/100\n|\n|-heal|p1a: Wo-Chien|41\/100|[from] item: Leftovers\n|-damage|p2a: Great Tusk|51\/100|[from] Leech Seed|[of] p1a: Wo-Chien\n|-heal|p1a: Wo-Chien|53\/100|[silent]\n|upkeep\n|turn|27\n|\n|t:|1700046895\n|-end|p2a: Great Tusk|Protosynthesis|[silent]\n|switch|p2a: Alomomola|Alomomola, F|100\/100\n|move|p1a: Wo-Chien|Protect||[still]\n|-fail|p1a: Wo-Chien\n|\n|-heal|p1a: Wo-Chien|59\/100|[from] item: Leftovers\n|upkeep\n|turn|28\n|\n|t:|1700046902\n|move|p1a: Wo-Chien|Leech Seed|p2a: Alomomola\n|-start|p2a: Alomomola|move: Leech Seed\n|move|p2a: Alomomola|Wish|p2a: Alomomola\n|\n|-heal|p1a: Wo-Chien|65\/100|[from] item: Leftovers\n|-damage|p2a: Alomomola|88\/100|[from] Leech Seed|[of] p1a: Wo-Chien\n|-heal|p1a: Wo-Chien|81\/100|[silent]\n|upkeep\n|turn|29\n|\n|t:|1700046910\n|switch|p2a: Great Tusk|Great Tusk|51\/100\n|move|p1a: Wo-Chien|Ruination|p2a: Great Tusk\n|-damage|p2a: Great Tusk|26\/100\n|\n|-heal|p2a: Great Tusk|89\/100|[from] move: Wish|[wisher] Alomomola\n|-heal|p1a: Wo-Chien|87\/100|[from] item: Leftovers\n|upkeep\n|turn|30\n|inactive|pokewaiter has 120 seconds left.\n|\n|t:|1700046924\n|move|p2a: Great Tusk|Ice Spinner|p1a: Wo-Chien\n|-supereffective|p1a: Wo-Chien\n|-end|p1a: Wo-Chien|Substitute\n|move|p1a: Wo-Chien|Leech Seed|p2a: Great Tusk\n|-start|p2a: Great Tusk|move: Leech Seed\n|\n|-heal|p1a: Wo-Chien|93\/100|[from] item: Leftovers\n|-damage|p2a: Great Tusk|77\/100|[from] Leech Seed|[of] p1a: Wo-Chien\n|-heal|p1a: Wo-Chien|100\/100|[silent]\n|upkeep\n|turn|31\n|\n|t:|1700046945\n|switch|p1a: Iron Thorns|Iron Thorns|71\/100\n|-damage|p1a: Iron Thorns|58\/100|[from] Stealth Rock\n|move|p2a: Great Tusk|Ice Spinner|p1a: Iron Thorns\n|-damage|p1a: Iron Thorns|33\/100\n|\n|-damage|p2a: Great Tusk|64\/100|[from] Leech Seed|[of] p1a: Iron Thorns\n|-heal|p1a: Iron Thorns|47\/100|[silent]\n|upkeep\n|turn|32\n|\n|t:|1700046954\n|move|p2a: Great Tusk|Headlong Rush|p1a: Iron Thorns\n|-supereffective|p1a: Iron Thorns\n|-damage|p1a: Iron Thorns|0 fnt\n|-unboost|p2a: Great Tusk|def|1\n|-unboost|p2a: Great Tusk|spd|1\n|faint|p1a: Iron Thorns\n|-end|p1a: Iron Thorns|Quark Drive|[silent]\n|\n|upkeep\n|\n|t:|1700046960\n|switch|p1a: Tinkaton|Tinkaton, F|100\/100\n|-damage|p1a: Tinkaton|94\/100|[from] Stealth Rock\n|-ability|p1a: Tinkaton|Mold Breaker\n|turn|33\n|\n|t:|1700046970\n|move|p1a: Tinkaton|Knock Off|p2a: Great Tusk\n|-resisted|p2a: Great Tusk\n|-damage|p2a: Great Tusk|55\/100\n|-damage|p1a: Tinkaton|78\/100|[from] item: Rocky Helmet|[of] p2a: Great Tusk\n|-enditem|p2a: Great Tusk|Rocky Helmet|[from] move: Knock Off|[of] p1a: Tinkaton\n|move|p2a: Great Tusk|Headlong Rush|p1a: Tinkaton\n|-supereffective|p1a: Tinkaton\n|-damage|p1a: Tinkaton|0 fnt\n|-unboost|p2a: Great Tusk|def|1\n|-unboost|p2a: Great Tusk|spd|1\n|faint|p1a: Tinkaton\n|\n|upkeep\n|-message|gosuBX forfeited.\n|\n|win|pokewaiter\n|raw|gosuBX's rating: 1188 &rarr; <strong>1162<\/strong><br \/>(-26 for losing)\n|raw|pokewaiter's rating: 1177 &rarr; <strong>1203<\/strong><br \/>(+26 for winning)\n|l|\u2606gosuBX\n|c|\u2606pokewaiter|gg\n","uploadtime":1700046985,"views":5,"p1id":"gosubx","p2id":"pokewaiter","formatid":"gen9ou","rating":1162,"private":0,"password":""}