{"id":"gen9ou-1992221128","p1":"CelestialEvolution","p2":"senegal","format":"[Gen 9] OU","log":"|j|\u2606CelestialEvolution\n|j|\u2606senegal\n|inactive|Battle timer is ON: inactive players will automatically lose when time's up.\n|t:|1700165094\n|gametype|singles\n|player|p1|CelestialEvolution|winona|\n|player|p2|senegal|102|\n|teamsize|p1|6\n|teamsize|p2|6\n|gen|9\n|tier|[Gen 9] OU\n|rated|Tournament battle\n|rule|Sleep Clause Mod: Limit one foe put to sleep\n|rule|Species Clause: Limit one of each Pok\u00e9mon\n|rule|OHKO Clause: OHKO moves are banned\n|rule|Evasion Items Clause: Evasion items are banned\n|rule|Evasion Moves Clause: Evasion moves are banned\n|rule|Endless Battle Clause: Forcing endless battles is banned\n|rule|HP Percentage Mod: HP is shown in percentages\n|clearpoke\n|poke|p1|Leafeon, M|\n|poke|p1|Dragalge, M|\n|poke|p1|Florges-Orange, F|\n|poke|p1|Empoleon, F|\n|poke|p1|Golduck, M|\n|poke|p1|Dusknoir, M|\n|poke|p2|Leafeon, F|\n|poke|p2|Dragalge, F|\n|poke|p2|Florges, F|\n|poke|p2|Empoleon, M|\n|poke|p2|Golduck, M|\n|poke|p2|Dusknoir, F|\n|teampreview\n|j|*Lady Monita \u2746\n|\n|t:|1700165098\n|start\n|switch|p1a: Leafeon|Leafeon, M|100\/100\n|switch|p2a: Empoleon|Empoleon, M|100\/100\n|turn|1\n|j| mystiic2812\n|inactive|CelestialEvolution has 120 seconds left.\n|j| DIMU179\n|j| letmein3\n|inactive|CelestialEvolution has 90 seconds left.\n|\n|t:|1700165183\n|switch|p2a: Leafeon|Leafeon, F|100\/100\n|move|p1a: Leafeon|Swords Dance|p1a: Leafeon\n|-boost|p1a: Leafeon|atk|2\n|\n|upkeep\n|turn|2\n|\n|t:|1700165190\n|move|p1a: Leafeon|Knock Off|p2a: Leafeon\n|-damage|p2a: Leafeon|45\/100\n|-damage|p1a: Leafeon|84\/100|[from] item: Rocky Helmet|[of] p2a: Leafeon\n|-enditem|p2a: Leafeon|Rocky Helmet|[from] move: Knock Off|[of] p1a: Leafeon\n|move|p2a: Leafeon|Knock Off|p1a: Leafeon\n|-damage|p1a: Leafeon|49\/100\n|-enditem|p1a: Leafeon|Muscle Band|[from] move: Knock Off|[of] p2a: Leafeon\n|\n|upkeep\n|turn|3\n|inactive|CelestialEvolution has 60 seconds left.\n|\n|t:|1700165221\n|-terastallize|p1a: Leafeon|Fighting\n|move|p1a: Leafeon|Tera Blast|p2a: Leafeon|[anim] Tera Blast Fighting\n|-damage|p2a: Leafeon|0 fnt\n|faint|p2a: Leafeon\n|\n|upkeep\n|c| mystiic2812|huge\n|\n|t:|1700165243\n|switch|p2a: Florges|Florges, F|100\/100\n|turn|4\n|\n|t:|1700165247\n|-terastallize|p2a: Florges|Steel\n|move|p1a: Leafeon|Leaf Blade|p2a: Florges\n|-resisted|p2a: Florges\n|-damage|p2a: Florges|41\/100\n|move|p2a: Florges|Moonblast|p1a: Leafeon\n|-supereffective|p1a: Leafeon\n|-damage|p1a: Leafeon|0 fnt\n|faint|p1a: Leafeon\n|\n|-heal|p2a: Florges|47\/100|[from] item: Leftovers\n|upkeep\n|\n|t:|1700165253\n|switch|p1a: Dusknoir|Dusknoir, M|100\/100\n|-item|p2a: Florges|Leftovers|[from] ability: Frisk|[of] p1a: Dusknoir|[identify]\n|turn|5\n|\n|t:|1700165266\n|move|p2a: Florges|Moonblast|p1a: Dusknoir\n|-damage|p1a: Dusknoir|54\/100\n|-unboost|p1a: Dusknoir|spa|1\n|move|p1a: Dusknoir|Poltergeist|p2a: Florges\n|-activate|p2a: Florges|move: Poltergeist|Leftovers\n|-crit|p2a: Florges\n|-damage|p2a: Florges|0 fnt\n|faint|p2a: Florges\n|\n|-heal|p1a: Dusknoir|60\/100|[from] item: Leftovers\n|upkeep\n|\n|t:|1700165277\n|switch|p2a: Dusknoir|Dusknoir, F|100\/100\n|-item|p1a: Dusknoir|Leftovers|[from] ability: Frisk|[of] p2a: Dusknoir|[identify]\n|turn|6\n|inactive|CelestialEvolution has 90 seconds left.\n|\n|t:|1700165293\n|switch|p1a: Dragalge|Dragalge, M|100\/100\n|move|p2a: Dusknoir|Poltergeist|p1a: Dragalge\n|-activate|p1a: Dragalge|move: Poltergeist|Choice Specs\n|-damage|p1a: Dragalge|38\/100\n|\n|upkeep\n|turn|7\n|\n|t:|1700165301\n|move|p2a: Dusknoir|Earthquake|p1a: Dragalge\n|-supereffective|p1a: Dragalge\n|-damage|p1a: Dragalge|0 fnt\n|faint|p1a: Dragalge\n|\n|upkeep\n|inactive|CelestialEvolution has 90 seconds left.\n|\n|t:|1700165309\n|switch|p1a: Empoleon|Empoleon, F|100\/100\n|turn|8\n|\n|t:|1700165317\n|move|p2a: Dusknoir|Earthquake|p1a: Empoleon\n|-supereffective|p1a: Empoleon\n|-damage|p1a: Empoleon|34\/100\n|move|p1a: Empoleon|Hydro Pump|p2a: Dusknoir\n|-damage|p2a: Dusknoir|48\/100\n|-damage|p1a: Empoleon|24\/100|[from] item: Life Orb\n|\n|upkeep\n|turn|9\n|\n|t:|1700165324\n|switch|p1a: Golduck|Golduck, M|100\/100\n|-ability|p1a: Golduck|Cloud Nine\n|move|p2a: Dusknoir|Earthquake|p1a: Golduck\n|-damage|p1a: Golduck|53\/100\n|\n|upkeep\n|turn|10\n|j| DreamyFleur\n|\n|t:|1700165334\n|move|p1a: Golduck|Hydro Pump|p2a: Dusknoir\n|-damage|p2a: Dusknoir|0 fnt\n|faint|p2a: Dusknoir\n|\n|upkeep\n|\n|t:|1700165340\n|switch|p2a: Empoleon|Empoleon, M|100\/100\n|turn|11\n|\n|t:|1700165343\n|switch|p1a: Empoleon|Empoleon, F|24\/100\n|move|p2a: Empoleon|Knock Off|p1a: Empoleon\n|-damage|p1a: Empoleon|7\/100\n|-enditem|p1a: Empoleon|Life Orb|[from] move: Knock Off|[of] p2a: Empoleon\n|\n|upkeep\n|turn|12\n|\n|t:|1700165354\n|move|p2a: Empoleon|Stealth Rock|p1a: Empoleon\n|-sidestart|p1: CelestialEvolution|move: Stealth Rock\n|move|p1a: Empoleon|Hydro Pump|p2a: Empoleon\n|-resisted|p2a: Empoleon\n|-damage|p2a: Empoleon|81\/100\n|\n|-heal|p2a: Empoleon|87\/100|[from] item: Leftovers\n|upkeep\n|turn|13\n|\n|t:|1700165359\n|move|p2a: Empoleon|Knock Off|p1a: Empoleon\n|-damage|p1a: Empoleon|0 fnt\n|faint|p1a: Empoleon\n|\n|-heal|p2a: Empoleon|94\/100|[from] item: Leftovers\n|upkeep\n|\n|t:|1700165361\n|switch|p1a: Florges|Florges-Orange, F|100\/100\n|-damage|p1a: Florges|88\/100|[from] Stealth Rock\n|turn|14\n|\n|t:|1700165364\n|move|p1a: Florges|Calm Mind|p1a: Florges\n|-boost|p1a: Florges|spa|1\n|-boost|p1a: Florges|spd|1\n|move|p2a: Empoleon|Flash Cannon|p1a: Florges\n|-supereffective|p1a: Florges\n|-damage|p1a: Florges|62\/100\n|\n|-heal|p1a: Florges|69\/100|[from] item: Leftovers\n|-heal|p2a: Empoleon|99\/100|[from] item: Leftovers\n|upkeep\n|turn|15\n|\n|t:|1700165370\n|move|p1a: Florges|Wish|p1a: Florges\n|move|p2a: Empoleon|Flip Turn|p1a: Florges\n|-damage|p1a: Florges|55\/100\n|\n|t:|1700165373\n|switch|p2a: Dragalge|Dragalge, F|100\/100|[from] Flip Turn\n|\n|-heal|p1a: Florges|61\/100|[from] item: Leftovers\n|upkeep\n|turn|16\n|inactive|CelestialEvolution has 120 seconds left.\n|\n|t:|1700165432\n|move|p1a: Florges|Protect|p1a: Florges\n|-singleturn|p1a: Florges|Protect\n|move|p2a: Dragalge|Sludge Bomb|p1a: Florges\n|-activate|p1a: Florges|move: Protect\n|\n|-heal|p1a: Florges|100\/100|[from] move: Wish|[wisher] Florges\n|upkeep\n|turn|17\n|\n|t:|1700165438\n|move|p1a: Florges|Moonblast|p2a: Dragalge\n|-damage|p2a: Dragalge|50\/100\n|move|p2a: Dragalge|Sludge Bomb|p1a: Florges\n|-supereffective|p1a: Florges\n|-damage|p1a: Florges|48\/100\n|\n|-heal|p1a: Florges|54\/100|[from] item: Leftovers\n|-heal|p2a: Dragalge|56\/100|[from] item: Black Sludge\n|upkeep\n|turn|18\n|\n|t:|1700165447\n|move|p1a: Florges|Protect|p1a: Florges\n|-singleturn|p1a: Florges|Protect\n|move|p2a: Dragalge|Sludge Bomb|p1a: Florges\n|-activate|p1a: Florges|move: Protect\n|\n|-heal|p1a: Florges|60\/100|[from] item: Leftovers\n|-heal|p2a: Dragalge|62\/100|[from] item: Black Sludge\n|upkeep\n|turn|19\n|\n|t:|1700165450\n|move|p1a: Florges|Wish|p1a: Florges\n|move|p2a: Dragalge|Sludge Bomb|p1a: Florges\n|-supereffective|p1a: Florges\n|-damage|p1a: Florges|12\/100\n|-status|p1a: Florges|psn\n|\n|-heal|p1a: Florges|18\/100 psn|[from] item: Leftovers\n|-heal|p2a: Dragalge|68\/100|[from] item: Black Sludge\n|-damage|p1a: Florges|5\/100 psn|[from] psn\n|upkeep\n|turn|20\n|\n|t:|1700165457\n|move|p1a: Florges|Protect|p1a: Florges\n|-singleturn|p1a: Florges|Protect\n|move|p2a: Dragalge|Sludge Bomb|p1a: Florges\n|-activate|p1a: Florges|move: Protect\n|\n|-heal|p1a: Florges|55\/100 psn|[from] move: Wish|[wisher] Florges\n|-heal|p1a: Florges|61\/100 psn|[from] item: Leftovers\n|-heal|p2a: Dragalge|74\/100|[from] item: Black Sludge\n|-damage|p1a: Florges|49\/100 psn|[from] psn\n|upkeep\n|turn|21\n|\n|t:|1700165463\n|move|p1a: Florges|Moonblast|p2a: Dragalge\n|-crit|p2a: Dragalge\n|-damage|p2a: Dragalge|7\/100\n|move|p2a: Dragalge|Sludge Bomb|p1a: Florges\n|-supereffective|p1a: Florges\n|-damage|p1a: Florges|0 fnt\n|faint|p1a: Florges\n|\n|-heal|p2a: Dragalge|13\/100|[from] item: Black Sludge\n|upkeep\n|\n|t:|1700165465\n|switch|p1a: Dusknoir|Dusknoir, M|60\/100\n|-damage|p1a: Dusknoir|47\/100|[from] Stealth Rock\n|-item|p2a: Dragalge|Black Sludge|[from] ability: Frisk|[of] p1a: Dusknoir|[identify]\n|turn|22\n|\n|t:|1700165468\n|move|p1a: Dusknoir|Shadow Sneak|p2a: Dragalge\n|-damage|p2a: Dragalge|0 fnt\n|faint|p2a: Dragalge\n|\n|-heal|p1a: Dusknoir|54\/100|[from] item: Leftovers\n|upkeep\n|\n|t:|1700165473\n|switch|p2a: Golduck|Golduck, M|100\/100\n|turn|23\n|\n|t:|1700165482\n|move|p2a: Golduck|Surf|p1a: Dusknoir\n|-damage|p1a: Dusknoir|19\/100\n|move|p1a: Dusknoir|Poltergeist|p2a: Golduck\n|-activate|p2a: Golduck|move: Poltergeist|Rindo Berry\n|-damage|p2a: Golduck|41\/100\n|\n|-heal|p1a: Dusknoir|25\/100|[from] item: Leftovers\n|upkeep\n|turn|24\n|\n|t:|1700165485\n|move|p1a: Dusknoir|Shadow Sneak|p2a: Golduck\n|-damage|p2a: Golduck|20\/100\n|move|p2a: Golduck|Surf|p1a: Dusknoir\n|-damage|p1a: Dusknoir|0 fnt\n|faint|p1a: Dusknoir\n|\n|upkeep\n|\n|t:|1700165487\n|switch|p1a: Golduck|Golduck, M|53\/100\n|-damage|p1a: Golduck|41\/100|[from] Stealth Rock\n|-ability|p1a: Golduck|Cloud Nine\n|turn|25\n|\n|t:|1700165490\n|move|p1a: Golduck|Focus Blast|p2a: Golduck|[miss]\n|-miss|p1a: Golduck|p2a: Golduck\n|move|p2a: Golduck|Surf|p1a: Golduck\n|-resisted|p1a: Golduck\n|-damage|p1a: Golduck|11\/100\n|\n|upkeep\n|turn|26\n|\n|t:|1700165492\n|move|p1a: Golduck|Focus Blast|p2a: Golduck\n|-damage|p2a: Golduck|0 fnt\n|faint|p2a: Golduck\n|\n|upkeep\n|\n|t:|1700165493\n|switch|p2a: Empoleon|Empoleon, M|99\/100\n|turn|27\n|\n|t:|1700165495\n|move|p1a: Golduck|Focus Blast|p2a: Empoleon\n|-supereffective|p2a: Empoleon\n|-damage|p2a: Empoleon|30\/100\n|move|p2a: Empoleon|Knock Off|p1a: Golduck\n|-damage|p1a: Golduck|0 fnt\n|-enditem|p1a: Golduck|Choice Specs|[from] move: Knock Off|[of] p2a: Empoleon\n|faint|p1a: Golduck\n|\n|win|senegal\n|n|\u2606CelestialEvolution|celestialevolution\n|n|\u2606senegal|senegal\n|n|*Lady Monita \u2746|ladymonita\n|n| mystiic2812|mystiic2812\n|n| DIMU179|dimu179\n|n| letmein3|letmein3\n|n| DreamyFleur|dreamyfleur\n","uploadtime":1700165496,"views":9,"p1id":"celestialevolution","p2id":"senegal","formatid":"gen9ou","rating":0,"private":0,"password":""}