{"id":"gen9ou-1990944578","p1":"CrustyCatfood","p2":"Domin0999","format":"[Gen 9] OU","log":"|j|\u2606CrustyCatfood\n|j|\u2606Domin0999\n|t:|1700018071\n|gametype|singles\n|player|p1|CrustyCatfood|roxie|1474\n|player|p2|Domin0999|unknown|1520\n|teamsize|p1|6\n|teamsize|p2|6\n|gen|9\n|tier|[Gen 9] OU\n|rated|\n|rule|Sleep Clause Mod: Limit one foe put to sleep\n|rule|Species Clause: Limit one of each Pok\u00e9mon\n|rule|OHKO Clause: OHKO moves are banned\n|rule|Evasion Items Clause: Evasion items are banned\n|rule|Evasion Moves Clause: Evasion moves are banned\n|rule|Endless Battle Clause: Forcing endless battles is banned\n|rule|HP Percentage Mod: HP is shown in percentages\n|clearpoke\n|poke|p1|Quaquaval, F|\n|poke|p1|Iron Moth|\n|poke|p1|Ting-Lu|\n|poke|p1|Gholdengo|\n|poke|p1|Dragonite, M|\n|poke|p1|Iron Valiant|\n|poke|p2|Cinderace, M|\n|poke|p2|Landorus-Therian, M|\n|poke|p2|Slowking-Galar, F|\n|poke|p2|Ogerpon-Wellspring, F|\n|poke|p2|Dragapult, M|\n|poke|p2|Kingambit, F|\n|teampreview\n|inactive|Battle timer is ON: inactive players will automatically lose when time's up. (requested by CrustyCatfood)\n|\n|t:|1700018087\n|start\n|switch|p1a: Ting-Lu|Ting-Lu|100\/100\n|switch|p2a: Landorus|Landorus-Therian, M|100\/100\n|-ability|p2a: Landorus|Intimidate|boost\n|-unboost|p1a: Ting-Lu|atk|1\n|-ability|p1a: Ting-Lu|Vessel of Ruin\n|turn|1\n|\n|t:|1700018094\n|move|p2a: Landorus|U-turn|p1a: Ting-Lu\n|-supereffective|p1a: Ting-Lu\n|-damage|p1a: Ting-Lu|83\/100\n|\n|t:|1700018096\n|switch|p2a: Pookie|Ogerpon-Wellspring, F|100\/100|[from] U-turn\n|move|p1a: Ting-Lu|Stealth Rock|p2a: Pookie\n|-sidestart|p2: Domin0999|move: Stealth Rock\n|\n|-heal|p1a: Ting-Lu|90\/100|[from] item: Leftovers\n|upkeep\n|turn|2\n|\n|t:|1700018102\n|move|p2a: Pookie|Encore|p1a: Ting-Lu\n|-start|p1a: Ting-Lu|Encore\n|move|p1a: Ting-Lu|Stealth Rock||[still]\n|-fail|p1a: Ting-Lu\n|\n|-heal|p1a: Ting-Lu|96\/100|[from] item: Leftovers\n|upkeep\n|turn|3\n|\n|t:|1700018109\n|switch|p1a: Quaquaval|Quaquaval, F|100\/100\n|move|p2a: Pookie|Swords Dance|p2a: Pookie\n|-boost|p2a: Pookie|atk|2\n|\n|upkeep\n|turn|4\n|\n|t:|1700018117\n|move|p2a: Pookie|Horn Leech|p1a: Quaquaval\n|-supereffective|p1a: Quaquaval\n|-damage|p1a: Quaquaval|0 fnt\n|faint|p1a: Quaquaval\n|\n|upkeep\n|\n|t:|1700018124\n|switch|p1a: Iron Moth|Iron Moth|100\/100\n|-enditem|p1a: Iron Moth|Booster Energy\n|-activate|p1a: Iron Moth|ability: Quark Drive|[fromitem]\n|-start|p1a: Iron Moth|quarkdrivespa\n|turn|5\n|\n|t:|1700018132\n|-terastallize|p1a: Iron Moth|Grass\n|-terastallize|p2a: Pookie|Water\n|detailschange|p2a: Pookie|Ogerpon-Wellspring-Tera, F, tera:Water\n|-ability|p2a: Pookie|Embody Aspect (Wellspring)|boost\n|-boost|p2a: Pookie|spd|1\n|move|p2a: Pookie|Ivy Cudgel|p1a: Iron Moth|[anim] Ivy Cudgel Water\n|-resisted|p1a: Iron Moth\n|-damage|p1a: Iron Moth|0 fnt\n|faint|p1a: Iron Moth\n|-end|p1a: Iron Moth|Quark Drive|[silent]\n|\n|upkeep\n|\n|t:|1700018145\n|switch|p1a: Iron Valiant|Iron Valiant|100\/100\n|-enditem|p1a: Iron Valiant|Booster Energy\n|-activate|p1a: Iron Valiant|ability: Quark Drive|[fromitem]\n|-start|p1a: Iron Valiant|quarkdrivespe\n|turn|6\n|\n|t:|1700018149\n|move|p1a: Iron Valiant|Energy Ball|p2a: Pookie\n|-supereffective|p2a: Pookie\n|-damage|p2a: Pookie|55\/100\n|move|p2a: Pookie|Ivy Cudgel|p1a: Iron Valiant|[anim] Ivy Cudgel Water\n|-damage|p1a: Iron Valiant|0 fnt\n|faint|p1a: Iron Valiant\n|-end|p1a: Iron Valiant|Quark Drive|[silent]\n|\n|upkeep\n|\n|t:|1700018159\n|switch|p1a: Dragonite|Dragonite, M|100\/100\n|turn|7\n|\n|t:|1700018161\n|move|p2a: Pookie|Encore||[still]\n|-fail|p2a: Pookie\n|move|p1a: Dragonite|Outrage|p2a: Pookie\n|-damage|p2a: Pookie|0 fnt\n|faint|p2a: Pookie\n|\n|upkeep\n|\n|t:|1700018172\n|switch|p2a: Kolchak|Kingambit, F|100\/100\n|-damage|p2a: Kolchak|94\/100|[from] Stealth Rock\n|-activate|p2a: Kolchak|ability: Supreme Overlord\n|-start|p2a: Kolchak|fallen1|[silent]\n|turn|8\n|\n|t:|1700018177\n|move|p2a: Kolchak|Sucker Punch|p1a: Dragonite\n|-damage|p1a: Dragonite|74\/100\n|move|p1a: Dragonite|Outrage|p2a: Kolchak|[from]lockedmove\n|-resisted|p2a: Kolchak\n|-damage|p2a: Kolchak|67\/100\n|-start|p1a: Dragonite|confusion|[fatigue]\n|-enditem|p1a: Dragonite|Lum Berry|[eat]\n|-end|p1a: Dragonite|confusion\n|\n|-heal|p2a: Kolchak|73\/100|[from] item: Leftovers\n|upkeep\n|turn|9\n|\n|t:|1700018187\n|move|p1a: Dragonite|Earthquake|p2a: Kolchak\n|-supereffective|p2a: Kolchak\n|-damage|p2a: Kolchak|11\/100\n|move|p2a: Kolchak|Kowtow Cleave|p1a: Dragonite\n|-damage|p1a: Dragonite|10\/100\n|\n|-heal|p2a: Kolchak|18\/100|[from] item: Leftovers\n|upkeep\n|turn|10\n|\n|t:|1700018194\n|move|p1a: Dragonite|Extreme Speed|p2a: Kolchak\n|-resisted|p2a: Kolchak\n|-damage|p2a: Kolchak|6\/100\n|move|p2a: Kolchak|Iron Head|p1a: Dragonite\n|-damage|p1a: Dragonite|0 fnt\n|faint|p1a: Dragonite\n|\n|-heal|p2a: Kolchak|12\/100|[from] item: Leftovers\n|upkeep\n|\n|t:|1700018202\n|switch|p1a: Ting-Lu|Ting-Lu|96\/100\n|-ability|p1a: Ting-Lu|Vessel of Ruin\n|turn|11\n|\n|t:|1700018207\n|-end|p2a: Kolchak|fallen1|[silent]\n|switch|p2a: Landorus|Landorus-Therian, M|100\/100\n|-damage|p2a: Landorus|88\/100|[from] Stealth Rock\n|-ability|p2a: Landorus|Intimidate|boost\n|-unboost|p1a: Ting-Lu|atk|1\n|move|p1a: Ting-Lu|Spikes|p2a: Landorus\n|-sidestart|p2: Domin0999|Spikes\n|\n|-heal|p2a: Landorus|94\/100|[from] item: Leftovers\n|-heal|p1a: Ting-Lu|100\/100|[from] item: Leftovers\n|upkeep\n|turn|12\n|\n|t:|1700018216\n|move|p2a: Landorus|U-turn|p1a: Ting-Lu\n|-supereffective|p1a: Ting-Lu\n|-damage|p1a: Ting-Lu|82\/100\n|\n|t:|1700018221\n|switch|p2a: Bosnian Artillery|Dragapult, M|100\/100|[from] U-turn\n|-damage|p2a: Bosnian Artillery|88\/100|[from] Stealth Rock\n|-damage|p2a: Bosnian Artillery|76\/100|[from] Spikes\n|move|p1a: Ting-Lu|Spikes|p2a: Bosnian Artillery\n|-sidestart|p2: Domin0999|Spikes\n|\n|-heal|p2a: Bosnian Artillery|82\/100|[from] item: Leftovers\n|-heal|p1a: Ting-Lu|88\/100|[from] item: Leftovers\n|upkeep\n|turn|13\n|\n|t:|1700018230\n|move|p2a: Bosnian Artillery|Will-O-Wisp|p1a: Ting-Lu\n|-status|p1a: Ting-Lu|brn\n|move|p1a: Ting-Lu|Whirlwind|p2a: Bosnian Artillery\n|drag|p2a: Landorus|Landorus-Therian, M|94\/100\n|-damage|p2a: Landorus|82\/100|[from] Stealth Rock\n|-ability|p2a: Landorus|Intimidate|boost\n|-unboost|p1a: Ting-Lu|atk|1\n|\n|-heal|p2a: Landorus|88\/100|[from] item: Leftovers\n|-heal|p1a: Ting-Lu|95\/100 brn|[from] item: Leftovers\n|-damage|p1a: Ting-Lu|88\/100 brn|[from] brn\n|upkeep\n|turn|14\n|\n|t:|1700018242\n|move|p2a: Landorus|Grass Knot|p1a: Ting-Lu\n|-supereffective|p1a: Ting-Lu\n|-damage|p1a: Ting-Lu|57\/100 brn\n|move|p1a: Ting-Lu|Whirlwind|p2a: Landorus\n|drag|p2a: Bosnian Artillery|Dragapult, M|82\/100\n|-damage|p2a: Bosnian Artillery|70\/100|[from] Stealth Rock\n|-damage|p2a: Bosnian Artillery|53\/100|[from] Spikes\n|\n|-heal|p2a: Bosnian Artillery|59\/100|[from] item: Leftovers\n|-heal|p1a: Ting-Lu|63\/100 brn|[from] item: Leftovers\n|-damage|p1a: Ting-Lu|57\/100 brn|[from] brn\n|upkeep\n|turn|15\n|\n|t:|1700018253\n|move|p2a: Bosnian Artillery|Dragon Darts|p1a: Ting-Lu\n|-damage|p1a: Ting-Lu|48\/100 brn\n|-anim|p2a: Bosnian Artillery|Dragon Darts|p1a: Ting-Lu\n|-damage|p1a: Ting-Lu|38\/100 brn\n|move|p1a: Ting-Lu|Whirlwind|p2a: Bosnian Artillery\n|drag|p2a: Landorus|Landorus-Therian, M|88\/100\n|-damage|p2a: Landorus|76\/100|[from] Stealth Rock\n|-ability|p2a: Landorus|Intimidate|boost\n|-unboost|p1a: Ting-Lu|atk|1\n|\n|-heal|p2a: Landorus|82\/100|[from] item: Leftovers\n|-heal|p1a: Ting-Lu|45\/100 brn|[from] item: Leftovers\n|-damage|p1a: Ting-Lu|38\/100 brn|[from] brn\n|upkeep\n|turn|16\n|\n|t:|1700018265\n|move|p2a: Landorus|Grass Knot|p1a: Ting-Lu\n|-supereffective|p1a: Ting-Lu\n|-damage|p1a: Ting-Lu|2\/100 brn\n|move|p1a: Ting-Lu|Whirlwind|p2a: Landorus\n|drag|p2a: Kolchak|Kingambit, F|12\/100\n|-damage|p2a: Kolchak|6\/100|[from] Stealth Rock\n|-damage|p2a: Kolchak|0 fnt|[from] Spikes\n|faint|p2a: Kolchak\n|-end|p2a: Kolchak|fallen1|[silent]\n|\n|-heal|p1a: Ting-Lu|8\/100 brn|[from] item: Leftovers\n|-damage|p1a: Ting-Lu|2\/100 brn|[from] brn\n|upkeep\n|\n|t:|1700018275\n|switch|p2a: Socer|Cinderace, M|100\/100\n|turn|17\n|\n|t:|1700018284\n|switch|p1a: Gholdengo|Gholdengo|100\/100\n|-item|p1a: Gholdengo|Air Balloon\n|move|p2a: Socer|Pyro Ball|p1a: Gholdengo\n|-supereffective|p1a: Gholdengo\n|-damage|p1a: Gholdengo|0 fnt\n|-enditem|p1a: Gholdengo|Air Balloon\n|faint|p1a: Gholdengo\n|\n|upkeep\n|-message|CrustyCatfood forfeited.\n|\n|win|Domin0999\n|raw|CrustyCatfood's rating: 1474 &rarr; <strong>1457<\/strong><br \/>(-17 for losing)\n|raw|Domin0999's rating: 1520 &rarr; <strong>1537<\/strong><br \/>(+17 for winning)\n|l|\u2606CrustyCatfood\n","uploadtime":1700018296,"views":12,"p1id":"crustycatfood","p2id":"domin0999","formatid":"gen9ou","rating":1457,"private":0,"password":""}