{"id":"gen9ou-1994699890","p1":"Zulneily","p2":"ZINIO","format":"[Gen 9] OU","log":"|j|\u2606Zulneily\n|j|\u2606ZINIO\n|t:|1700482880\n|gametype|singles\n|player|p1|Zulneily|hilda-wonderlauncher|1075\n|player|p2|ZINIO|101|1159\n|teamsize|p1|6\n|teamsize|p2|6\n|gen|9\n|tier|[Gen 9] OU\n|rated|\n|rule|Sleep Clause Mod: Limit one foe put to sleep\n|rule|Species Clause: Limit one of each Pok\u00e9mon\n|rule|OHKO Clause: OHKO moves are banned\n|rule|Evasion Items Clause: Evasion items are banned\n|rule|Evasion Moves Clause: Evasion moves are banned\n|rule|Endless Battle Clause: Forcing endless battles is banned\n|rule|HP Percentage Mod: HP is shown in percentages\n|clearpoke\n|poke|p1|Garganacl, M|\n|poke|p1|Corviknight, F|\n|poke|p1|Clodsire, M|\n|poke|p1|Cresselia, F|\n|poke|p1|Iron Valiant|\n|poke|p1|Meowscarada, F|\n|poke|p2|Zapdos|\n|poke|p2|Goodra-Hisui, F|\n|poke|p2|Gholdengo|\n|poke|p2|Garchomp, M|\n|poke|p2|Corviknight, F|\n|poke|p2|Cinderace, M|\n|teampreview\n|\n|t:|1700482895\n|start\n|switch|p1a: NMIXX|Meowscarada, F|100\/100\n|switch|p2a: Zapdos|Zapdos|100\/100\n|turn|1\n|\n|t:|1700482905\n|switch|p1a: Twice|Clodsire, M|100\/100\n|move|p2a: Zapdos|Heat Wave|p1a: Twice\n|-damage|p1a: Twice|86\/100\n|\n|-heal|p1a: Twice|93\/100|[from] item: Black Sludge\n|upkeep\n|turn|2\n|\n|t:|1700482919\n|move|p2a: Zapdos|Heat Wave|p1a: Twice\n|-damage|p1a: Twice|79\/100\n|move|p1a: Twice|Toxic|p2a: Zapdos\n|-status|p2a: Zapdos|tox\n|\n|-heal|p1a: Twice|85\/100|[from] item: Black Sludge\n|-damage|p2a: Zapdos|94\/100 tox|[from] psn\n|upkeep\n|turn|3\n|\n|t:|1700482938\n|switch|p2a: Gholdengo|Gholdengo|100\/100\n|-item|p2a: Gholdengo|Air Balloon\n|move|p1a: Twice|Stealth Rock|p2a: Gholdengo\n|-sidestart|p2: ZINIO|move: Stealth Rock\n|\n|-heal|p1a: Twice|91\/100|[from] item: Black Sludge\n|upkeep\n|turn|4\n|\n|t:|1700482968\n|switch|p1a: Dreamcatcher|Corviknight, F|100\/100\n|move|p2a: Gholdengo|Nasty Plot|p2a: Gholdengo\n|-boost|p2a: Gholdengo|spa|2\n|\n|upkeep\n|turn|5\n|\n|t:|1700482984\n|-terastallize|p2a: Gholdengo|Fighting\n|move|p2a: Gholdengo|Tera Blast|p1a: Dreamcatcher|[anim] Tera Blast Fighting\n|-damage|p1a: Dreamcatcher|19\/100\n|move|p1a: Dreamcatcher|U-turn|p2a: Gholdengo\n|-resisted|p2a: Gholdengo\n|-damage|p2a: Gholdengo|93\/100\n|-enditem|p2a: Gholdengo|Air Balloon\n|inactive|Battle timer is ON: inactive players will automatically lose when time's up. (requested by ZINIO)\n|\n|t:|1700483017\n|switch|p1a: Blackpink|Iron Valiant, shiny|100\/100|[from] U-turn\n|-enditem|p1a: Blackpink|Booster Energy\n|-activate|p1a: Blackpink|ability: Quark Drive|[fromitem]\n|-start|p1a: Blackpink|quarkdrivespe\n|\n|upkeep\n|turn|6\n|\n|t:|1700483025\n|move|p1a: Blackpink|Moonblast|p2a: Gholdengo\n|-supereffective|p2a: Gholdengo\n|-damage|p2a: Gholdengo|0 fnt\n|faint|p2a: Gholdengo\n|\n|upkeep\n|\n|t:|1700483038\n|switch|p2a: Goodra|Goodra-Hisui, F|100\/100\n|-damage|p2a: Goodra|94\/100|[from] Stealth Rock\n|turn|7\n|\n|t:|1700483055\n|-end|p1a: Blackpink|Quark Drive|[silent]\n|switch|p1a: Dreamcatcher|Corviknight, F|19\/100\n|move|p2a: Goodra|Sludge Bomb|p1a: Dreamcatcher\n|-immune|p1a: Dreamcatcher\n|\n|upkeep\n|turn|8\n|\n|t:|1700483063\n|move|p2a: Goodra|Flamethrower|p1a: Dreamcatcher\n|-supereffective|p1a: Dreamcatcher\n|-damage|p1a: Dreamcatcher|0 fnt\n|faint|p1a: Dreamcatcher\n|\n|upkeep\n|\n|t:|1700483074\n|switch|p1a: NMIXX|Meowscarada, F|100\/100\n|turn|9\n|\n|t:|1700483080\n|switch|p2a: Corviknight|Corviknight, F|100\/100\n|-damage|p2a: Corviknight|88\/100|[from] Stealth Rock\n|-ability|p2a: Corviknight|Pressure\n|move|p1a: NMIXX|Trick|p2a: Corviknight\n|-start|p1a: NMIXX|typechange|Psychic|[from] ability: Protean\n|-activate|p1a: NMIXX|move: Trick|[of] p2a: Corviknight\n|-item|p2a: Corviknight|Choice Scarf|[from] move: Trick\n|-item|p1a: NMIXX|Rocky Helmet|[from] move: Trick\n|\n|upkeep\n|turn|10\n|\n|t:|1700483091\n|move|p1a: NMIXX|U-turn|p2a: Corviknight\n|-resisted|p2a: Corviknight\n|-damage|p2a: Corviknight|85\/100\n|\n|t:|1700483096\n|switch|p1a: Twice|Clodsire, M|91\/100|[from] U-turn\n|move|p2a: Corviknight|Body Press|p1a: Twice\n|-resisted|p1a: Twice\n|-damage|p1a: Twice|77\/100\n|\n|-heal|p1a: Twice|84\/100|[from] item: Black Sludge\n|upkeep\n|turn|11\n|\n|t:|1700483109\n|switch|p2a: Cinderace|Cinderace, M|100\/100\n|move|p1a: Twice|Recover|p1a: Twice\n|-heal|p1a: Twice|100\/100\n|\n|upkeep\n|turn|12\n|\n|t:|1700483121\n|move|p2a: Cinderace|Court Change|p2a: Cinderace\n|-start|p2a: Cinderace|typechange|Normal|[from] ability: Libero\n|-swapsideconditions\n|-activate|p2a: Cinderace|move: Court Change\n|move|p1a: Twice|Toxic|p2a: Cinderace\n|-status|p2a: Cinderace|tox\n|\n|-damage|p2a: Cinderace|95\/100 tox|[from] psn\n|upkeep\n|turn|13\n|\n|t:|1700483129\n|move|p2a: Cinderace|U-turn|p1a: Twice\n|-resisted|p1a: Twice\n|-damage|p1a: Twice|89\/100\n|\n|t:|1700483132\n|switch|p2a: Garchomp|Garchomp, M|100\/100|[from] U-turn\n|move|p1a: Twice|Stealth Rock|p2a: Garchomp\n|-sidestart|p2: ZINIO|move: Stealth Rock\n|\n|-heal|p1a: Twice|95\/100|[from] item: Black Sludge\n|upkeep\n|turn|14\n|\n|t:|1700483147\n|switch|p1a: Gfriend|Cresselia, F, shiny|100\/100\n|-damage|p1a: Gfriend|88\/100|[from] Stealth Rock\n|move|p2a: Garchomp|Swords Dance|p2a: Garchomp\n|-boost|p2a: Garchomp|atk|2\n|\n|-heal|p1a: Gfriend|94\/100|[from] item: Leftovers\n|upkeep\n|turn|15\n|\n|t:|1700483170\n|move|p2a: Garchomp|Swords Dance|p2a: Garchomp\n|-boost|p2a: Garchomp|atk|2\n|move|p1a: Gfriend|Moonblast|p2a: Garchomp\n|-supereffective|p2a: Garchomp\n|-damage|p2a: Garchomp|57\/100\n|-unboost|p2a: Garchomp|spa|1\n|\n|-heal|p2a: Garchomp|63\/100|[from] item: Leftovers\n|-heal|p1a: Gfriend|99\/100|[from] item: Leftovers\n|upkeep\n|turn|16\n|\n|t:|1700483181\n|switch|p1a: Blackpink|Iron Valiant, shiny|100\/100\n|-damage|p1a: Blackpink|94\/100|[from] Stealth Rock\n|move|p2a: Garchomp|Scale Shot|p1a: Blackpink\n|-immune|p1a: Blackpink\n|\n|-heal|p2a: Garchomp|69\/100|[from] item: Leftovers\n|upkeep\n|turn|17\n|\n|t:|1700483195\n|move|p1a: Blackpink|Moonblast|p2a: Garchomp\n|-supereffective|p2a: Garchomp\n|-damage|p2a: Garchomp|0 fnt\n|faint|p2a: Garchomp\n|\n|upkeep\n|\n|t:|1700483200\n|switch|p2a: Goodra|Goodra-Hisui, F|94\/100\n|-damage|p2a: Goodra|88\/100|[from] Stealth Rock\n|turn|18\n|inactive|ZINIO has 120 seconds left.\n|\n|t:|1700483226\n|move|p1a: Blackpink|Calm Mind|p1a: Blackpink\n|-boost|p1a: Blackpink|spa|1\n|-boost|p1a: Blackpink|spd|1\n|move|p2a: Goodra|Sludge Bomb|p1a: Blackpink\n|-supereffective|p1a: Blackpink\n|-damage|p1a: Blackpink|24\/100\n|-status|p1a: Blackpink|psn\n|\n|-damage|p1a: Blackpink|12\/100 psn|[from] psn\n|upkeep\n|turn|19\n|inactive|ZINIO has 120 seconds left.\n|\n|t:|1700483245\n|switch|p2a: Corviknight|Corviknight, F|85\/100\n|-damage|p2a: Corviknight|73\/100|[from] Stealth Rock\n|-ability|p2a: Corviknight|Pressure\n|move|p1a: Blackpink|Aura Sphere|p2a: Corviknight\n|-damage|p2a: Corviknight|18\/100\n|\n|-damage|p1a: Blackpink|0 fnt|[from] psn\n|faint|p1a: Blackpink\n|-end|p1a: Blackpink|Quark Drive|[silent]\n|upkeep\n|\n|t:|1700483259\n|switch|p1a: NMIXX|Meowscarada, F|100\/100\n|-damage|p1a: NMIXX|88\/100|[from] Stealth Rock\n|turn|20\n|\n|t:|1700483264\n|move|p1a: NMIXX|Knock Off|p2a: Corviknight\n|-start|p1a: NMIXX|typechange|Dark|[from] ability: Protean\n|-damage|p2a: Corviknight|0 fnt\n|-enditem|p2a: Corviknight|Choice Scarf|[from] move: Knock Off|[of] p1a: NMIXX\n|faint|p2a: Corviknight\n|\n|upkeep\n|inactive|ZINIO has 120 seconds left.\n|\n|t:|1700483279\n|switch|p2a: Goodra|Goodra-Hisui, F|88\/100\n|-damage|p2a: Goodra|82\/100|[from] Stealth Rock\n|turn|21\n|\n|t:|1700483287\n|move|p1a: NMIXX|Knock Off|p2a: Goodra\n|-damage|p2a: Goodra|37\/100\n|-enditem|p2a: Goodra|Assault Vest|[from] move: Knock Off|[of] p1a: NMIXX\n|move|p2a: Goodra|Flamethrower|p1a: NMIXX\n|-damage|p1a: NMIXX|43\/100\n|\n|upkeep\n|turn|22\n|\n|t:|1700483302\n|switch|p2a: Zapdos|Zapdos|94\/100 tox\n|move|p1a: NMIXX|U-turn|p2a: Zapdos\n|-resisted|p2a: Zapdos\n|-damage|p2a: Zapdos|85\/100 tox\n|-status|p1a: NMIXX|par|[from] ability: Static|[of] p2a: Zapdos\n|\n|t:|1700483314\n|switch|p1a: Twice|Clodsire, M|95\/100|[from] U-turn\n|-damage|p1a: Twice|89\/100|[from] Stealth Rock\n|\n|-heal|p1a: Twice|95\/100|[from] item: Black Sludge\n|-damage|p2a: Zapdos|79\/100 tox|[from] psn\n|upkeep\n|turn|23\n|\n|t:|1700483328\n|move|p2a: Zapdos|Heat Wave|p1a: Twice\n|-damage|p1a: Twice|81\/100\n|move|p1a: Twice|Earthquake|p2a: Zapdos\n|-immune|p2a: Zapdos\n|\n|-heal|p1a: Twice|88\/100|[from] item: Black Sludge\n|-damage|p2a: Zapdos|66\/100 tox|[from] psn\n|upkeep\n|turn|24\n|\n|t:|1700483337\n|switch|p1a: Les serafim|Garganacl, M|100\/100\n|-damage|p1a: Les serafim|88\/100|[from] Stealth Rock\n|move|p2a: Zapdos|Heat Wave|p1a: Les serafim\n|-resisted|p1a: Les serafim\n|-damage|p1a: Les serafim|80\/100\n|\n|-heal|p1a: Les serafim|86\/100|[from] item: Leftovers\n|-damage|p2a: Zapdos|47\/100 tox|[from] psn\n|upkeep\n|turn|25\n|\n|t:|1700483349\n|switch|p2a: Cinderace|Cinderace, M|95\/100 tox\n|move|p1a: Les serafim|Salt Cure|p2a: Cinderace\n|-supereffective|p2a: Cinderace\n|-damage|p2a: Cinderace|58\/100 tox\n|-start|p2a: Cinderace|Salt Cure\n|\n|-heal|p1a: Les serafim|92\/100|[from] item: Leftovers\n|-damage|p2a: Cinderace|52\/100 tox|[from] psn\n|-damage|p2a: Cinderace|40\/100 tox|[from] Salt Cure\n|upkeep\n|turn|26\n|-message|ZINIO forfeited.\n|\n|win|Zulneily\n|raw|Zulneily's rating: 1075 &rarr; <strong>1111<\/strong><br \/>(+36 for winning)\n|raw|ZINIO's rating: 1159 &rarr; <strong>1128<\/strong><br \/>(-31 for losing)\n|l|\u2606ZINIO\n","uploadtime":1700483368,"views":4,"p1id":"zulneily","p2id":"zinio","formatid":"gen9ou","rating":1111,"private":0,"password":""}