{"id":"gen9ou-1999743881","p1":"LM1502","p2":"averyryryryry","format":"[Gen 9] OU","log":"|j|\u2606LM1502\n|j|\u2606averyryryryry\n|t:|1701112813\n|gametype|singles\n|player|p1|LM1502|cynthia-gen4|1059\n|player|p2|averyryryryry|kieran|1160\n|teamsize|p1|6\n|teamsize|p2|6\n|gen|9\n|tier|[Gen 9] OU\n|rated|\n|rule|Sleep Clause Mod: Limit one foe put to sleep\n|rule|Species Clause: Limit one of each Pok\u00e9mon\n|rule|OHKO Clause: OHKO moves are banned\n|rule|Evasion Items Clause: Evasion items are banned\n|rule|Evasion Moves Clause: Evasion moves are banned\n|rule|Endless Battle Clause: Forcing endless battles is banned\n|rule|HP Percentage Mod: HP is shown in percentages\n|clearpoke\n|poke|p1|Rillaboom, F|\n|poke|p1|Dragonite, F|\n|poke|p1|Iron Moth|\n|poke|p1|Ninetales-Alola, M|\n|poke|p1|Manaphy|\n|poke|p1|Kingambit, M|\n|poke|p2|Ribombee, M|\n|poke|p2|Great Tusk|\n|poke|p2|Landorus-Therian, M|\n|poke|p2|Gholdengo|\n|poke|p2|Ogerpon-Wellspring, F|\n|poke|p2|Kingambit, M|\n|teampreview\n|inactive|Battle timer is ON: inactive players will automatically lose when time's up. (requested by averyryryryry)\n|\n|t:|1701112830\n|start\n|switch|p1a: Manaphy|Manaphy|100\/100\n|switch|p2a: Ribombee|Ribombee, M, shiny|100\/100\n|turn|1\n|\n|t:|1701112837\n|move|p2a: Ribombee|Stun Spore|p1a: Manaphy\n|-status|p1a: Manaphy|par\n|move|p1a: Manaphy|Tail Glow|p1a: Manaphy\n|-boost|p1a: Manaphy|spa|3\n|\n|upkeep\n|turn|2\n|\n|t:|1701112851\n|move|p2a: Ribombee|Sticky Web|p1a: Manaphy\n|-sidestart|p1: LM1502|move: Sticky Web\n|cant|p1a: Manaphy|par\n|\n|upkeep\n|turn|3\n|\n|t:|1701112857\n|move|p2a: Ribombee|Moonblast|p1a: Manaphy\n|-damage|p1a: Manaphy|60\/100 par\n|-unboost|p1a: Manaphy|spa|1\n|move|p1a: Manaphy|Ice Beam|p2a: Ribombee\n|-damage|p2a: Ribombee|7\/100\n|\n|-heal|p1a: Manaphy|66\/100 par|[from] item: Leftovers\n|upkeep\n|turn|4\n|\n|t:|1701112870\n|move|p2a: Ribombee|Moonblast|p1a: Manaphy\n|-damage|p1a: Manaphy|27\/100 par\n|cant|p1a: Manaphy|par\n|\n|-heal|p1a: Manaphy|33\/100 par|[from] item: Leftovers\n|upkeep\n|turn|5\n|\n|t:|1701112876\n|move|p2a: Ribombee|Moonblast|p1a: Manaphy\n|-damage|p1a: Manaphy|0 fnt\n|faint|p1a: Manaphy\n|\n|upkeep\n|inactive|LM1502 has 120 seconds left.\n|\n|t:|1701112914\n|switch|p1a: Rillaboom|Rillaboom, F|100\/100\n|-activate|p1a: Rillaboom|move: Sticky Web\n|-unboost|p1a: Rillaboom|spe|1\n|-fieldstart|move: Grassy Terrain|[from] ability: Grassy Surge|[of] p1a: Rillaboom\n|-enditem|p1a: Rillaboom|Grassy Seed\n|-boost|p1a: Rillaboom|def|1|[from] item: Grassy Seed\n|turn|6\n|inactive|LM1502 has 120 seconds left.\n|\n|t:|1701112926\n|move|p1a: Rillaboom|Grassy Glide|p2a: Ribombee\n|-resisted|p2a: Ribombee\n|-damage|p2a: Ribombee|0 fnt\n|faint|p2a: Ribombee\n|\n|upkeep\n|\n|t:|1701112934\n|switch|p2a: Gholdengo|Gholdengo|100\/100\n|turn|7\n|\n|t:|1701112940\n|move|p2a: Gholdengo|Shadow Ball|p1a: Rillaboom\n|-damage|p1a: Rillaboom|17\/100\n|move|p1a: Rillaboom|Swords Dance|p1a: Rillaboom\n|-boost|p1a: Rillaboom|atk|2\n|\n|-heal|p1a: Rillaboom|23\/100|[from] Grassy Terrain\n|upkeep\n|turn|8\n|\n|t:|1701112956\n|move|p1a: Rillaboom|Grassy Glide|p2a: Gholdengo\n|-resisted|p2a: Gholdengo\n|-damage|p2a: Gholdengo|59\/100\n|move|p2a: Gholdengo|Shadow Ball|p1a: Rillaboom\n|-damage|p1a: Rillaboom|0 fnt\n|faint|p1a: Rillaboom\n|\n|-heal|p2a: Gholdengo|65\/100|[from] Grassy Terrain\n|upkeep\n|inactive|LM1502 has 120 seconds left.\n|\n|t:|1701112991\n|switch|p1a: Ninetales|Ninetales-Alola, M|100\/100\n|-activate|p1a: Ninetales|move: Sticky Web\n|-unboost|p1a: Ninetales|spe|1\n|-weather|Snow|[from] ability: Snow Warning|[of] p1a: Ninetales\n|turn|9\n|\n|t:|1701113005\n|switch|p2a: Kingambit|Kingambit, M|100\/100\n|-activate|p2a: Kingambit|ability: Supreme Overlord\n|-start|p2a: Kingambit|fallen1|[silent]\n|move|p1a: Ninetales|Aurora Veil|p1a: Ninetales\n|-sidestart|p1: LM1502|move: Aurora Veil\n|\n|-weather|Snow|[upkeep]\n|upkeep\n|turn|10\n|\n|t:|1701113013\n|move|p1a: Ninetales|Moonblast|p2a: Kingambit\n|-damage|p2a: Kingambit|66\/100\n|move|p2a: Kingambit|Iron Head|p1a: Ninetales\n|-supereffective|p1a: Ninetales\n|-damage|p1a: Ninetales|0 fnt\n|faint|p1a: Ninetales\n|\n|-weather|Snow|[upkeep]\n|-heal|p2a: Kingambit|72\/100|[from] Grassy Terrain\n|-heal|p2a: Kingambit|78\/100|[from] item: Leftovers\n|-fieldend|move: Grassy Terrain\n|upkeep\n|\n|t:|1701113030\n|switch|p1a: Iron Moth|Iron Moth|100\/100\n|-activate|p1a: Iron Moth|move: Sticky Web\n|-unboost|p1a: Iron Moth|spe|1\n|-enditem|p1a: Iron Moth|Booster Energy\n|-activate|p1a: Iron Moth|ability: Quark Drive|[fromitem]\n|-start|p1a: Iron Moth|quarkdrivespa\n|turn|11\n|\n|t:|1701113038\n|-end|p2a: Kingambit|fallen1|[silent]\n|switch|p2a: Landorus|Landorus-Therian, M, shiny|100\/100\n|-ability|p2a: Landorus|Intimidate|boost\n|-unboost|p1a: Iron Moth|atk|1\n|move|p1a: Iron Moth|Fiery Dance|p2a: Landorus\n|-damage|p2a: Landorus|20\/100\n|\n|-weather|Snow|[upkeep]\n|upkeep\n|turn|12\n|\n|t:|1701113046\n|move|p2a: Landorus|Earthquake|p1a: Iron Moth\n|-supereffective|p1a: Iron Moth\n|-damage|p1a: Iron Moth|0 fnt\n|faint|p1a: Iron Moth\n|-end|p1a: Iron Moth|Quark Drive|[silent]\n|\n|-weather|Snow|[upkeep]\n|upkeep\n|\n|t:|1701113054\n|switch|p1a: Dragonite|Dragonite, F|100\/100\n|turn|13\n|\n|t:|1701113059\n|switch|p2a: Kingambit|Kingambit, M|78\/100\n|-activate|p2a: Kingambit|ability: Supreme Overlord\n|-start|p2a: Kingambit|fallen1|[silent]\n|move|p1a: Dragonite|Dragon Dance|p1a: Dragonite\n|-boost|p1a: Dragonite|atk|1\n|-boost|p1a: Dragonite|spe|1\n|\n|-weather|none\n|-heal|p2a: Kingambit|85\/100|[from] item: Leftovers\n|upkeep\n|turn|14\n|\n|t:|1701113069\n|move|p1a: Dragonite|Dragon Dance|p1a: Dragonite\n|-boost|p1a: Dragonite|atk|1\n|-boost|p1a: Dragonite|spe|1\n|move|p2a: Kingambit|Swords Dance|p2a: Kingambit\n|-boost|p2a: Kingambit|atk|2\n|\n|-heal|p2a: Kingambit|91\/100|[from] item: Leftovers\n|upkeep\n|turn|15\n|\n|t:|1701113083\n|move|p1a: Dragonite|Body Press|p2a: Kingambit\n|-supereffective|p2a: Kingambit\n|-damage|p2a: Kingambit|40\/100\n|move|p2a: Kingambit|Kowtow Cleave|p1a: Dragonite\n|-damage|p1a: Dragonite|68\/100\n|\n|-heal|p2a: Kingambit|47\/100|[from] item: Leftovers\n|upkeep\n|turn|16\n|\n|t:|1701113094\n|move|p2a: Kingambit|Sucker Punch|p1a: Dragonite\n|-damage|p1a: Dragonite|15\/100\n|move|p1a: Dragonite|Body Press|p2a: Kingambit\n|-supereffective|p2a: Kingambit\n|-damage|p2a: Kingambit|0 fnt\n|faint|p2a: Kingambit\n|-end|p2a: Kingambit|fallen1|[silent]\n|\n|-sideend|p1: LM1502|move: Aurora Veil\n|upkeep\n|\n|t:|1701113104\n|switch|p2a: Landorus|Landorus-Therian, M, shiny|20\/100\n|-ability|p2a: Landorus|Intimidate|boost\n|-unboost|p1a: Dragonite|atk|1\n|turn|17\n|\n|t:|1701113108\n|move|p1a: Dragonite|Extreme Speed|p2a: Landorus\n|-damage|p2a: Landorus|0 fnt\n|faint|p2a: Landorus\n|\n|upkeep\n|\n|t:|1701113113\n|switch|p2a: Great Tusk|Great Tusk|100\/100\n|turn|18\n|\n|t:|1701113120\n|-terastallize|p1a: Dragonite|Normal\n|move|p1a: Dragonite|Extreme Speed|p2a: Great Tusk\n|-damage|p2a: Great Tusk|37\/100\n|move|p2a: Great Tusk|Knock Off|p1a: Dragonite\n|-damage|p1a: Dragonite|0 fnt\n|-enditem|p1a: Dragonite|Silk Scarf|[from] move: Knock Off|[of] p2a: Great Tusk\n|faint|p1a: Dragonite\n|\n|upkeep\n|\n|t:|1701113128\n|switch|p1a: Kingambit|Kingambit, M|100\/100\n|-activate|p1a: Kingambit|move: Sticky Web\n|-unboost|p1a: Kingambit|spe|1\n|-activate|p1a: Kingambit|ability: Supreme Overlord\n|-start|p1a: Kingambit|fallen5|[silent]\n|turn|19\n|\n|t:|1701113138\n|-terastallize|p2a: Great Tusk|Fairy\n|move|p1a: Kingambit|Sucker Punch|p2a: Great Tusk\n|-resisted|p2a: Great Tusk\n|-damage|p2a: Great Tusk|9\/100\n|move|p2a: Great Tusk|Close Combat|p1a: Kingambit\n|-supereffective|p1a: Kingambit\n|-damage|p1a: Kingambit|0 fnt\n|-unboost|p2a: Great Tusk|def|1\n|-unboost|p2a: Great Tusk|spd|1\n|faint|p1a: Kingambit\n|-end|p1a: Kingambit|fallen5|[silent]\n|\n|win|averyryryryry\n|raw|LM1502's rating: 1059 &rarr; <strong>1045<\/strong><br \/>(-14 for losing)\n|raw|averyryryryry's rating: 1160 &rarr; <strong>1178<\/strong><br \/>(+18 for winning)\n|l|\u2606LM1502\n","uploadtime":1701113154,"views":8,"p1id":"lm1502","p2id":"averyryryryry","formatid":"gen9ou","rating":1045,"private":0,"password":""}