{"id":"gen9ou-1991637750","p1":"diddlinus","p2":"abcde76543","format":"[Gen 9] OU","log":"|j|\u2606diddlinus\n|j|\u2606abcde76543\n|t:|1700097036\n|gametype|singles\n|player|p1|diddlinus|shauntal|1025\n|player|p2|abcde76543|skierf-gen4dp|1049\n|teamsize|p1|6\n|teamsize|p2|6\n|gen|9\n|tier|[Gen 9] OU\n|rated|\n|rule|Sleep Clause Mod: Limit one foe put to sleep\n|rule|Species Clause: Limit one of each Pok\u00e9mon\n|rule|OHKO Clause: OHKO moves are banned\n|rule|Evasion Items Clause: Evasion items are banned\n|rule|Evasion Moves Clause: Evasion moves are banned\n|rule|Endless Battle Clause: Forcing endless battles is banned\n|rule|HP Percentage Mod: HP is shown in percentages\n|clearpoke\n|poke|p1|Ninetales-Alola, F|\n|poke|p1|Manaphy|\n|poke|p1|Heatran, F|\n|poke|p1|Zamazenta-*|\n|poke|p1|Landorus-Therian, M|\n|poke|p1|Slowking-Galar, M|\n|poke|p2|Kingambit, F|\n|poke|p2|Skeledirge, M|\n|poke|p2|Clefable, F|\n|poke|p2|Alomomola, M|\n|poke|p2|Garchomp, M|\n|poke|p2|Mandibuzz, F|\n|teampreview\n|inactive|Battle timer is ON: inactive players will automatically lose when time's up. (requested by abcde76543)\n|c|\u2606abcde76543|hf\n|\n|t:|1700097066\n|start\n|switch|p1a: Landorus|Landorus-Therian, M|100\/100\n|switch|p2a: Skeledirge|Skeledirge, M|100\/100\n|-ability|p1a: Landorus|Intimidate|boost\n|-unboost|p2a: Skeledirge|atk|1\n|turn|1\n|\n|t:|1700097074\n|switch|p2a: Alomomola|Alomomola, M|100\/100\n|move|p1a: Landorus|Rock Slide|p2a: Alomomola\n|-damage|p2a: Alomomola|83\/100\n|\n|upkeep\n|turn|2\n|\n|t:|1700097096\n|switch|p1a: Ninetales|Ninetales-Alola, F|100\/100\n|-weather|Snow|[from] ability: Snow Warning|[of] p1a: Ninetales\n|move|p2a: Alomomola|Scald|p1a: Ninetales\n|-damage|p1a: Ninetales|86\/100\n|-status|p1a: Ninetales|brn\n|\n|-weather|Snow|[upkeep]\n|-damage|p1a: Ninetales|80\/100 brn|[from] brn\n|upkeep\n|turn|3\n|\n|t:|1700097106\n|move|p2a: Alomomola|Protect|p2a: Alomomola\n|-singleturn|p2a: Alomomola|Protect\n|move|p1a: Ninetales|Aurora Veil|p1a: Ninetales\n|-sidestart|p1: diddlinus|move: Aurora Veil\n|\n|-weather|Snow|[upkeep]\n|-damage|p1a: Ninetales|74\/100 brn|[from] brn\n|upkeep\n|turn|4\n|\n|t:|1700097113\n|switch|p2a: Skeledirge|Skeledirge, M|100\/100\n|move|p1a: Ninetales|Freeze-Dry|p2a: Skeledirge\n|-resisted|p2a: Skeledirge\n|-damage|p2a: Skeledirge|93\/100\n|\n|-weather|Snow|[upkeep]\n|-damage|p1a: Ninetales|68\/100 brn|[from] brn\n|upkeep\n|turn|5\n|\n|t:|1700097125\n|switch|p1a: Heatran|Heatran, F|100\/100\n|move|p2a: Skeledirge|Hex|p1a: Heatran\n|-damage|p1a: Heatran|89\/100\n|\n|-weather|Snow|[upkeep]\n|upkeep\n|turn|6\n|\n|t:|1700097136\n|move|p1a: Heatran|Stealth Rock|p2a: Skeledirge\n|-sidestart|p2: abcde76543|move: Stealth Rock\n|move|p2a: Skeledirge|Torch Song|p1a: Heatran\n|-start|p1a: Heatran|ability: Flash Fire\n|\n|-weather|none\n|upkeep\n|turn|7\n|\n|t:|1700097146\n|move|p1a: Heatran|Earth Power|p2a: Skeledirge\n|-supereffective|p2a: Skeledirge\n|-damage|p2a: Skeledirge|28\/100\n|-damage|p1a: Heatran|79\/100|[from] item: Life Orb\n|move|p2a: Skeledirge|Slack Off|p2a: Skeledirge\n|-heal|p2a: Skeledirge|78\/100\n|\n|upkeep\n|turn|8\n|\n|t:|1700097158\n|switch|p2a: Garchomp|Garchomp, M|100\/100\n|-damage|p2a: Garchomp|94\/100|[from] Stealth Rock\n|move|p1a: Heatran|Lava Plume|p2a: Garchomp\n|-resisted|p2a: Garchomp\n|-damage|p2a: Garchomp|55\/100\n|-damage|p1a: Heatran|69\/100|[from] item: Life Orb\n|\n|upkeep\n|turn|9\n|\n|t:|1700097167\n|-terastallize|p1a: Heatran|Fairy\n|move|p2a: Garchomp|Stealth Rock|p1a: Heatran\n|-sidestart|p1: diddlinus|move: Stealth Rock\n|move|p1a: Heatran|Tera Blast|p2a: Garchomp|[anim] Tera Blast Fairy\n|-supereffective|p2a: Garchomp\n|-damage|p2a: Garchomp|0 fnt\n|faint|p2a: Garchomp\n|-damage|p1a: Heatran|59\/100|[from] item: Life Orb\n|\n|upkeep\n|\n|t:|1700097183\n|switch|p2a: Alomomola|Alomomola, M|100\/100\n|turn|10\n|\n|t:|1700097190\n|-end|p1a: Heatran|ability: Flash Fire|[silent]\n|switch|p1a: Ninetales|Ninetales-Alola, F|68\/100 brn\n|-damage|p1a: Ninetales|44\/100 brn|[from] Stealth Rock\n|-weather|Snow|[from] ability: Snow Warning|[of] p1a: Ninetales\n|move|p2a: Alomomola|Flip Turn|p1a: Ninetales\n|-damage|p1a: Ninetales|37\/100 brn\n|\n|t:|1700097197\n|switch|p2a: Skeledirge|Skeledirge, M|78\/100|[from] Flip Turn\n|\n|-weather|Snow|[upkeep]\n|-damage|p1a: Ninetales|31\/100 brn|[from] brn\n|-sideend|p1: diddlinus|move: Aurora Veil\n|upkeep\n|turn|11\n|\n|t:|1700097204\n|move|p1a: Ninetales|Aurora Veil|p1a: Ninetales\n|-sidestart|p1: diddlinus|move: Aurora Veil\n|move|p2a: Skeledirge|Slack Off|p2a: Skeledirge\n|-heal|p2a: Skeledirge|100\/100\n|\n|-weather|Snow|[upkeep]\n|-damage|p1a: Ninetales|25\/100 brn|[from] brn\n|upkeep\n|turn|12\n|\n|t:|1700097211\n|move|p1a: Ninetales|Moonblast|p2a: Skeledirge\n|-resisted|p2a: Skeledirge\n|-damage|p2a: Skeledirge|90\/100\n|-unboost|p2a: Skeledirge|spa|1\n|move|p2a: Skeledirge|Hex|p1a: Ninetales\n|-damage|p1a: Ninetales|9\/100 brn\n|\n|-weather|Snow|[upkeep]\n|-damage|p1a: Ninetales|3\/100 brn|[from] brn\n|upkeep\n|turn|13\n|\n|t:|1700097220\n|move|p1a: Ninetales|Moonblast|p2a: Skeledirge\n|-resisted|p2a: Skeledirge\n|-damage|p2a: Skeledirge|80\/100\n|move|p2a: Skeledirge|Slack Off|p2a: Skeledirge\n|-heal|p2a: Skeledirge|100\/100\n|\n|-weather|Snow|[upkeep]\n|-damage|p1a: Ninetales|0 fnt|[from] brn\n|faint|p1a: Ninetales\n|upkeep\n|\n|t:|1700097228\n|switch|p1a: Manaphy|Manaphy, shiny|100\/100\n|-damage|p1a: Manaphy|88\/100|[from] Stealth Rock\n|turn|14\n|\n|t:|1700097254\n|-terastallize|p2a: Skeledirge|Fairy\n|move|p1a: Manaphy|Tail Glow|p1a: Manaphy\n|-boost|p1a: Manaphy|spa|3\n|move|p2a: Skeledirge|Will-O-Wisp|p1a: Manaphy\n|-status|p1a: Manaphy|brn\n|\n|-weather|none\n|-heal|p1a: Manaphy|94\/100 brn|[from] item: Leftovers\n|-damage|p1a: Manaphy|88\/100 brn|[from] brn\n|upkeep\n|turn|15\n|\n|t:|1700097266\n|move|p1a: Manaphy|Surf|p2a: Skeledirge\n|-damage|p2a: Skeledirge|71\/100\n|move|p2a: Skeledirge|Hex|p1a: Manaphy\n|-damage|p1a: Manaphy|72\/100 brn\n|\n|-heal|p1a: Manaphy|78\/100 brn|[from] item: Leftovers\n|-damage|p1a: Manaphy|72\/100 brn|[from] brn\n|upkeep\n|turn|16\n|\n|t:|1700097276\n|move|p1a: Manaphy|Tail Glow|p1a: Manaphy\n|-boost|p1a: Manaphy|spa|3\n|move|p2a: Skeledirge|Slack Off|p2a: Skeledirge\n|-heal|p2a: Skeledirge|100\/100\n|\n|-heal|p1a: Manaphy|78\/100 brn|[from] item: Leftovers\n|-damage|p1a: Manaphy|72\/100 brn|[from] brn\n|upkeep\n|turn|17\n|\n|t:|1700097284\n|move|p1a: Manaphy|Surf|p2a: Skeledirge\n|-damage|p2a: Skeledirge|73\/100\n|move|p2a: Skeledirge|Torch Song|p1a: Manaphy\n|-resisted|p1a: Manaphy\n|-damage|p1a: Manaphy|67\/100 brn\n|-boost|p2a: Skeledirge|spa|1\n|\n|-heal|p1a: Manaphy|73\/100 brn|[from] item: Leftovers\n|-damage|p1a: Manaphy|67\/100 brn|[from] brn\n|upkeep\n|turn|18\n|\n|t:|1700097297\n|move|p1a: Manaphy|Surf|p2a: Skeledirge\n|-damage|p2a: Skeledirge|44\/100\n|move|p2a: Skeledirge|Torch Song|p1a: Manaphy\n|-resisted|p1a: Manaphy\n|-damage|p1a: Manaphy|59\/100 brn\n|-boost|p2a: Skeledirge|spa|1\n|\n|-heal|p1a: Manaphy|65\/100 brn|[from] item: Leftovers\n|-damage|p1a: Manaphy|59\/100 brn|[from] brn\n|-sideend|p1: diddlinus|move: Aurora Veil\n|upkeep\n|turn|19\n|\n|t:|1700097306\n|move|p1a: Manaphy|Surf|p2a: Skeledirge\n|-damage|p2a: Skeledirge|17\/100\n|move|p2a: Skeledirge|Slack Off|p2a: Skeledirge\n|-heal|p2a: Skeledirge|67\/100\n|\n|-heal|p1a: Manaphy|65\/100 brn|[from] item: Leftovers\n|-damage|p1a: Manaphy|59\/100 brn|[from] brn\n|upkeep\n|turn|20\n|\n|t:|1700097315\n|switch|p1a: Heatran|Heatran, F, tera:Fairy|59\/100\n|-damage|p1a: Heatran|47\/100|[from] Stealth Rock\n|move|p2a: Skeledirge|Slack Off|p2a: Skeledirge\n|-heal|p2a: Skeledirge|100\/100\n|\n|upkeep\n|turn|21\n|\n|t:|1700097323\n|switch|p2a: Alomomola|Alomomola, M|100\/100\n|move|p1a: Heatran|Earth Power|p2a: Alomomola\n|-damage|p2a: Alomomola|58\/100\n|-damage|p1a: Heatran|37\/100|[from] item: Life Orb\n|\n|upkeep\n|turn|22\n|\n|t:|1700097349\n|move|p1a: Heatran|Tera Blast|p2a: Alomomola|[anim] Tera Blast Fairy\n|-damage|p2a: Alomomola|6\/100\n|-damage|p1a: Heatran|27\/100|[from] item: Life Orb\n|move|p2a: Alomomola|Flip Turn|p1a: Heatran\n|-damage|p1a: Heatran|12\/100\n|\n|t:|1700097353\n|switch|p2a: Kingambit|Kingambit, F|100\/100|[from] Flip Turn\n|-damage|p2a: Kingambit|94\/100|[from] Stealth Rock\n|-activate|p2a: Kingambit|ability: Supreme Overlord\n|-start|p2a: Kingambit|fallen1|[silent]\n|\n|-heal|p2a: Kingambit|100\/100|[from] item: Leftovers\n|upkeep\n|turn|23\n|\n|t:|1700097365\n|move|p2a: Kingambit|Sucker Punch|p1a: Heatran\n|-resisted|p1a: Heatran\n|-damage|p1a: Heatran|0 fnt\n|faint|p1a: Heatran\n|\n|upkeep\n|\n|t:|1700097370\n|switch|p1a: Zamazenta|Zamazenta|100\/100\n|-damage|p1a: Zamazenta|94\/100|[from] Stealth Rock\n|-ability|p1a: Zamazenta|Dauntless Shield|boost\n|-boost|p1a: Zamazenta|def|1\n|turn|24\n|\n|t:|1700097382\n|-end|p2a: Kingambit|fallen1|[silent]\n|switch|p2a: Clefable|Clefable, F|100\/100\n|move|p1a: Zamazenta|Body Press|p2a: Clefable\n|-resisted|p2a: Clefable\n|-damage|p2a: Clefable|88\/100\n|\n|upkeep\n|turn|25\n|\n|t:|1700097396\n|switch|p1a: Slowking|Slowking-Galar, M|100\/100\n|-damage|p1a: Slowking|88\/100|[from] Stealth Rock\n|move|p2a: Clefable|Moonblast|p1a: Slowking\n|-resisted|p1a: Slowking\n|-damage|p1a: Slowking|79\/100\n|\n|-heal|p1a: Slowking|86\/100|[from] item: Black Sludge\n|upkeep\n|turn|26\n|\n|t:|1700097405\n|switch|p2a: Kingambit|Kingambit, F|100\/100\n|-damage|p2a: Kingambit|94\/100|[from] Stealth Rock\n|-activate|p2a: Kingambit|ability: Supreme Overlord\n|-start|p2a: Kingambit|fallen1|[silent]\n|move|p1a: Slowking|Yawn|p2a: Kingambit\n|-start|p2a: Kingambit|move: Yawn|[of] p1a: Slowking\n|\n|-heal|p2a: Kingambit|100\/100|[from] item: Leftovers\n|-heal|p1a: Slowking|92\/100|[from] item: Black Sludge\n|upkeep\n|turn|27\n|\n|t:|1700097417\n|-end|p2a: Kingambit|fallen1|[silent]\n|switch|p2a: Mandibuzz|Mandibuzz, F|100\/100\n|switch|p1a: Zamazenta|Zamazenta|94\/100\n|-damage|p1a: Zamazenta|88\/100|[from] Stealth Rock\n|\n|upkeep\n|turn|28\n|\n|t:|1700097428\n|switch|p2a: Alomomola|Alomomola, M|39\/100\n|move|p1a: Zamazenta|Play Rough|p2a: Alomomola\n|-damage|p2a: Alomomola|22\/100\n|\n|upkeep\n|turn|29\n|\n|t:|1700097437\n|switch|p2a: Clefable|Clefable, F|88\/100\n|move|p1a: Zamazenta|Body Press|p2a: Clefable\n|-resisted|p2a: Clefable\n|-damage|p2a: Clefable|76\/100\n|\n|upkeep\n|turn|30\n|\n|t:|1700097447\n|switch|p1a: Slowking|Slowking-Galar, M|100\/100\n|-damage|p1a: Slowking|88\/100|[from] Stealth Rock\n|move|p2a: Clefable|Knock Off|p1a: Slowking\n|-supereffective|p1a: Slowking\n|-damage|p1a: Slowking|57\/100\n|-enditem|p1a: Slowking|Black Sludge|[from] move: Knock Off|[of] p2a: Clefable\n|\n|upkeep\n|turn|31\n|\n|t:|1700097459\n|switch|p2a: Mandibuzz|Mandibuzz, F|100\/100\n|move|p1a: Slowking|Yawn|p2a: Mandibuzz\n|-start|p2a: Mandibuzz|move: Yawn|[of] p1a: Slowking\n|\n|upkeep\n|turn|32\n|\n|t:|1700097484\n|switch|p2a: Kingambit|Kingambit, F|100\/100\n|-damage|p2a: Kingambit|94\/100|[from] Stealth Rock\n|-activate|p2a: Kingambit|ability: Supreme Overlord\n|-start|p2a: Kingambit|fallen1|[silent]\n|move|p1a: Slowking|Slack Off|p1a: Slowking\n|-heal|p1a: Slowking|100\/100\n|\n|-heal|p2a: Kingambit|100\/100|[from] item: Leftovers\n|upkeep\n|turn|33\n|\n|t:|1700097494\n|switch|p1a: Landorus|Landorus-Therian, M|100\/100\n|-damage|p1a: Landorus|88\/100|[from] Stealth Rock\n|-ability|p1a: Landorus|Intimidate|boost\n|-unboost|p2a: Kingambit|atk|1\n|move|p2a: Kingambit|Kowtow Cleave|p1a: Landorus\n|-damage|p1a: Landorus|45\/100\n|\n|upkeep\n|turn|34\n|\n|t:|1700097513\n|-end|p2a: Kingambit|fallen1|[silent]\n|switch|p2a: Mandibuzz|Mandibuzz, F|100\/100\n|move|p1a: Landorus|Earthquake|p2a: Mandibuzz\n|-immune|p2a: Mandibuzz\n|\n|upkeep\n|turn|35\n|\n|t:|1700097531\n|switch|p1a: Slowking|Slowking-Galar, M|100\/100\n|-damage|p1a: Slowking|88\/100|[from] Stealth Rock\n|move|p2a: Mandibuzz|Foul Play|p1a: Slowking\n|-supereffective|p1a: Slowking\n|-damage|p1a: Slowking|55\/100\n|\n|upkeep\n|turn|36\n|\n|t:|1700097541\n|move|p2a: Mandibuzz|Foul Play|p1a: Slowking\n|-supereffective|p1a: Slowking\n|-damage|p1a: Slowking|21\/100\n|move|p1a: Slowking|Sludge Bomb|p2a: Mandibuzz\n|-damage|p2a: Mandibuzz|81\/100\n|\n|upkeep\n|turn|37\n|\n|t:|1700097550\n|switch|p1a: Zamazenta|Zamazenta|88\/100\n|-damage|p1a: Zamazenta|82\/100|[from] Stealth Rock\n|move|p2a: Mandibuzz|Foul Play|p1a: Zamazenta\n|-resisted|p1a: Zamazenta\n|-damage|p1a: Zamazenta|66\/100\n|\n|upkeep\n|turn|38\n|\n|t:|1700097559\n|switch|p2a: Clefable|Clefable, F|76\/100\n|move|p1a: Zamazenta|Play Rough|p2a: Clefable\n|-damage|p2a: Clefable|54\/100\n|\n|upkeep\n|turn|39\n|\n|t:|1700097565\n|move|p1a: Zamazenta|Psychic Fangs|p2a: Clefable\n|-damage|p2a: Clefable|33\/100\n|move|p2a: Clefable|Moonlight|p2a: Clefable\n|-heal|p2a: Clefable|83\/100\n|\n|upkeep\n|turn|40\n|\n|t:|1700097591\n|switch|p1a: Slowking|Slowking-Galar, M|54\/100\n|-damage|p1a: Slowking|42\/100|[from] Stealth Rock\n|move|p2a: Clefable|Wish|p2a: Clefable\n|\n|upkeep\n|turn|41\n|\n|t:|1700097615\n|switch|p2a: Kingambit|Kingambit, F|100\/100\n|-damage|p2a: Kingambit|94\/100|[from] Stealth Rock\n|-activate|p2a: Kingambit|ability: Supreme Overlord\n|-start|p2a: Kingambit|fallen1|[silent]\n|move|p1a: Slowking|Psyshock|p2a: Kingambit\n|-immune|p2a: Kingambit\n|\n|-heal|p2a: Kingambit|100\/100|[from] move: Wish|[wisher] Clefable\n|upkeep\n|turn|42\n|\n|t:|1700097628\n|switch|p1a: Zamazenta|Zamazenta|66\/100\n|-damage|p1a: Zamazenta|60\/100|[from] Stealth Rock\n|move|p2a: Kingambit|Iron Head|p1a: Zamazenta\n|-damage|p1a: Zamazenta|21\/100\n|\n|upkeep\n|turn|43\n|\n|t:|1700097634\n|-end|p2a: Kingambit|fallen1|[silent]\n|switch|p2a: Clefable|Clefable, F|83\/100\n|move|p1a: Zamazenta|Body Press|p2a: Clefable\n|-resisted|p2a: Clefable\n|-damage|p2a: Clefable|71\/100\n|\n|upkeep\n|turn|44\n|-message|diddlinus forfeited.\n|\n|win|abcde76543\n|raw|diddlinus's rating: 1025 &rarr; <strong>1012<\/strong><br \/>(-13 for losing)\n|raw|abcde76543's rating: 1049 &rarr; <strong>1079<\/strong><br \/>(+30 for winning)\n|l|\u2606diddlinus\n","uploadtime":1700097641,"views":47,"p1id":"diddlinus","p2id":"abcde76543","formatid":"gen9ou","rating":1012,"private":0,"password":""}