{"id":"gen9ou-1994462079","p1":"El noobio","p2":"jvgio","format":"[Gen 9] OU","log":"|j|\u2606El noobio\n|j|\u2606jvgio\n|t:|1700446667\n|gametype|singles\n|player|p1|El noobio|battlegirl-gen4|1000\n|player|p2|jvgio|cynthia|1000\n|teamsize|p1|6\n|teamsize|p2|6\n|gen|9\n|tier|[Gen 9] OU\n|rated|\n|rule|Sleep Clause Mod: Limit one foe put to sleep\n|rule|Species Clause: Limit one of each Pok\u00e9mon\n|rule|OHKO Clause: OHKO moves are banned\n|rule|Evasion Items Clause: Evasion items are banned\n|rule|Evasion Moves Clause: Evasion moves are banned\n|rule|Endless Battle Clause: Forcing endless battles is banned\n|rule|HP Percentage Mod: HP is shown in percentages\n|clearpoke\n|poke|p1|Grimmsnarl, M|\n|poke|p1|Krookodile, M|\n|poke|p1|Gholdengo|\n|poke|p1|Tatsugiri, F|\n|poke|p1|Clodsire, F|\n|poke|p1|Masquerain, F|\n|poke|p2|Dragapult, L85, F|\n|poke|p2|Zoroark-Hisui, L85, F|\n|poke|p2|Ceruledge, L85, M|\n|poke|p2|Corviknight, L85, F|\n|poke|p2|Kingambit, L85, M|\n|poke|p2|Cinderace, L85, F|\n|teampreview\n|\n|t:|1700446680\n|start\n|switch|p1a: Masquerain|Masquerain, F|100\/100\n|switch|p2a: presa de toad|Corviknight, L85, F, shiny|100\/100\n|-ability|p1a: Masquerain|Intimidate|boost\n|-unboost|p2a: presa de toad|atk|1\n|turn|1\n|\n|t:|1700446693\n|switch|p2a: presa de toad|Corviknight, L85, F, shiny|100\/100\n|-ability|p2a: presa de toad|Pressure\n|move|p1a: Masquerain|Sticky Web|p2a: presa de toad\n|-sidestart|p2: jvgio|move: Sticky Web\n|\n|upkeep\n|turn|2\n|\n|t:|1700446713\n|move|p1a: Masquerain|U-turn|p2a: presa de toad\n|-resisted|p2a: presa de toad\n|-damage|p2a: presa de toad|97\/100\n|\n|t:|1700446718\n|switch|p1a: Gholdengo|Gholdengo|100\/100|[from] U-turn\n|move|p2a: presa de toad|U-turn|p1a: Gholdengo\n|-resisted|p1a: Gholdengo\n|-damage|p1a: Gholdengo|99\/100\n|\n|t:|1700446732\n|switch|p2a: marta|Cinderace, L85, F, shiny|100\/100|[from] U-turn\n|\n|-heal|p1a: Gholdengo|100\/100|[from] item: Leftovers\n|upkeep\n|turn|3\n|\n|t:|1700446747\n|switch|p1a: Tatsugiri|Tatsugiri, F, shiny|100\/100\n|move|p2a: marta|Pyro Ball|p1a: Tatsugiri\n|-resisted|p1a: Tatsugiri\n|-damage|p1a: Tatsugiri|81\/100\n|\n|upkeep\n|turn|4\n|\n|t:|1700446758\n|switch|p2a: rei|Kingambit, L85, M, shiny|100\/100\n|-item|p2a: rei|Air Balloon\n|move|p1a: Tatsugiri|Surf|p2a: rei\n|-damage|p2a: rei|43\/100\n|-enditem|p2a: rei|Air Balloon\n|\n|upkeep\n|turn|5\n|\n|t:|1700446767\n|move|p1a: Tatsugiri|Surf|p2a: rei\n|-damage|p2a: rei|0 fnt\n|faint|p2a: rei\n|-end|p2a: rei|fallenundefined|[silent]\n|\n|upkeep\n|\n|t:|1700446777\n|switch|p2a: fantasminha|Dragapult, L85, F, shiny|100\/100\n|-activate|p2a: fantasminha|move: Sticky Web\n|-unboost|p2a: fantasminha|spe|1\n|turn|6\n|\n|t:|1700446783\n|move|p1a: Tatsugiri|Dragon Pulse|p2a: fantasminha\n|-supereffective|p2a: fantasminha\n|-damage|p2a: fantasminha|0 fnt\n|faint|p2a: fantasminha\n|\n|upkeep\n|\n|t:|1700446788\n|switch|p2a: presa de toad|Corviknight, L85, F, shiny|100\/100\n|-activate|p2a: presa de toad|move: Sticky Web\n|-unboost|p2a: presa de toad|spe|1\n|turn|7\n|\n|t:|1700446795\n|switch|p1a: Gholdengo|Gholdengo|100\/100\n|move|p2a: presa de toad|Grass Knot|p1a: Gholdengo\n|-resisted|p1a: Gholdengo\n|-damage|p1a: Gholdengo|91\/100\n|\n|-heal|p1a: Gholdengo|97\/100|[from] item: Leftovers\n|upkeep\n|turn|8\n|\n|t:|1700446806\n|switch|p2a: marta|Cinderace, L85, F, shiny|100\/100\n|move|p1a: Gholdengo|Thunder|p2a: marta\n|-crit|p2a: marta\n|-damage|p2a: marta|13\/100\n|\n|-heal|p1a: Gholdengo|100\/100|[from] item: Leftovers\n|upkeep\n|turn|9\n|\n|t:|1700446818\n|switch|p1a: Tatsugiri|Tatsugiri, F, shiny|81\/100\n|move|p2a: marta|Pyro Ball|p1a: Tatsugiri\n|-resisted|p1a: Tatsugiri\n|-damage|p1a: Tatsugiri|61\/100\n|\n|upkeep\n|turn|10\n|\n|t:|1700446830\n|switch|p2a: foguinho|Ceruledge, L85, M, shiny|100\/100\n|-activate|p2a: foguinho|move: Sticky Web\n|-unboost|p2a: foguinho|spe|1\n|move|p1a: Tatsugiri|Dragon Pulse|p2a: foguinho\n|-damage|p2a: foguinho|47\/100\n|\n|-heal|p2a: foguinho|53\/100|[from] item: Leftovers\n|upkeep\n|turn|11\n|\n|t:|1700446843\n|move|p2a: foguinho|Shadow Sneak|p1a: Tatsugiri\n|-damage|p1a: Tatsugiri|34\/100\n|move|p1a: Tatsugiri|Dragon Pulse|p2a: foguinho\n|-damage|p2a: foguinho|0 fnt\n|faint|p2a: foguinho\n|\n|upkeep\n|\n|t:|1700446850\n|switch|p2a: presa de toad|Corviknight, L85, F, shiny|100\/100\n|-activate|p2a: presa de toad|move: Sticky Web\n|-unboost|p2a: presa de toad|spe|1\n|turn|12\n|\n|t:|1700446856\n|move|p1a: Tatsugiri|Memento|p2a: presa de toad\n|-unboost|p2a: presa de toad|atk|2\n|-unboost|p2a: presa de toad|spa|2\n|faint|p1a: Tatsugiri\n|move|p2a: presa de toad|Grass Knot|p1: Tatsugiri|[notarget]\n|-fail|p2a: presa de toad\n|\n|upkeep\n|\n|t:|1700446863\n|switch|p1a: Gholdengo|Gholdengo|100\/100\n|turn|13\n|\n|t:|1700446870\n|move|p1a: Gholdengo|Make It Rain|p2a: presa de toad\n|-damage|p2a: presa de toad|0 fnt\n|-unboost|p1a: Gholdengo|spa|1\n|replace|p2a: ilusionista|Zoroark-Hisui, L85, F, shiny\n|-end|p2a: ilusionista|Illusion\n|faint|p2a: ilusionista\n|\n|upkeep\n|\n|t:|1700446879\n|switch|p2a: presa de toad|Corviknight, L85, F, shiny|97\/100\n|-ability|p2a: presa de toad|Pressure\n|turn|14\n|\n|t:|1700446886\n|move|p1a: Gholdengo|Hex|p2a: presa de toad\n|-damage|p2a: presa de toad|70\/100\n|move|p2a: presa de toad|U-turn|p1a: Gholdengo\n|-resisted|p1a: Gholdengo\n|-damage|p1a: Gholdengo|99\/100\n|\n|t:|1700446893\n|switch|p2a: marta|Cinderace, L85, F, shiny|13\/100|[from] U-turn\n|\n|-heal|p1a: Gholdengo|100\/100|[from] item: Leftovers\n|upkeep\n|turn|15\n|\n|t:|1700446902\n|move|p2a: marta|Pyro Ball|p1a: Gholdengo\n|-supereffective|p1a: Gholdengo\n|-damage|p1a: Gholdengo|47\/100\n|move|p1a: Gholdengo|Hex|p2a: marta\n|-damage|p2a: marta|0 fnt\n|faint|p2a: marta\n|\n|-heal|p1a: Gholdengo|53\/100|[from] item: Leftovers\n|upkeep\n|\n|t:|1700446910\n|switch|p2a: presa de toad|Corviknight, L85, F, shiny|70\/100\n|-ability|p2a: presa de toad|Pressure\n|turn|16\n|\n|t:|1700446918\n|move|p1a: Gholdengo|Thunder|p2a: presa de toad|[miss]\n|-miss|p1a: Gholdengo|p2a: presa de toad\n|move|p2a: presa de toad|U-turn|p1a: Gholdengo\n|-resisted|p1a: Gholdengo\n|-damage|p1a: Gholdengo|52\/100\n|\n|-heal|p1a: Gholdengo|58\/100|[from] item: Leftovers\n|-heal|p2a: presa de toad|76\/100|[from] item: Leftovers\n|upkeep\n|turn|17\n|\n|t:|1700446931\n|move|p1a: Gholdengo|Thunder|p2a: presa de toad\n|-supereffective|p2a: presa de toad\n|-damage|p2a: presa de toad|19\/100\n|move|p2a: presa de toad|U-turn|p1a: Gholdengo\n|-resisted|p1a: Gholdengo\n|-damage|p1a: Gholdengo|56\/100\n|\n|-heal|p1a: Gholdengo|62\/100|[from] item: Leftovers\n|-heal|p2a: presa de toad|25\/100|[from] item: Leftovers\n|upkeep\n|turn|18\n|\n|t:|1700446941\n|move|p1a: Gholdengo|Thunder|p2a: presa de toad\n|-supereffective|p2a: presa de toad\n|-damage|p2a: presa de toad|0 fnt\n|faint|p2a: presa de toad\n|\n|win|El noobio\n|raw|El noobio's rating: 1000 &rarr; <strong>1040<\/strong><br \/>(+40 for winning)\n|raw|jvgio's rating: 1000 &rarr; <strong>1000<\/strong><br \/>(+0 for losing)\n|l|\u2606jvgio\n","uploadtime":1700446963,"views":36,"p1id":"elnoobio","p2id":"jvgio","formatid":"gen9ou","rating":1000,"private":0,"password":""}