{"id":"gen9ou-1992455452","p1":"SrRayko_1","p2":"Imanjoneser","format":"[Gen 9] OU","log":"|j|\u2606SrRayko_1\n|j|\u2606Imanjoneser\n|t:|1700189679\n|gametype|singles\n|player|p1|SrRayko_1|ethan|1178\n|player|p2|Imanjoneser|bugcatcher-gen4dp|1141\n|teamsize|p1|6\n|teamsize|p2|6\n|gen|9\n|tier|[Gen 9] OU\n|rated|\n|rule|Sleep Clause Mod: Limit one foe put to sleep\n|rule|Species Clause: Limit one of each Pok\u00e9mon\n|rule|OHKO Clause: OHKO moves are banned\n|rule|Evasion Items Clause: Evasion items are banned\n|rule|Evasion Moves Clause: Evasion moves are banned\n|rule|Endless Battle Clause: Forcing endless battles is banned\n|rule|HP Percentage Mod: HP is shown in percentages\n|clearpoke\n|poke|p1|Glimmora, F|\n|poke|p1|Gastrodon-East, M|\n|poke|p1|Ogerpon-Cornerstone, F|\n|poke|p1|Gholdengo|\n|poke|p1|Corviknight, M|\n|poke|p1|Tyranitar, M|\n|poke|p2|Maushold-Four|\n|poke|p2|Ambipom, M|\n|poke|p2|Staraptor, F|\n|poke|p2|Ditto|\n|poke|p2|Farigiraf, F|\n|poke|p2|Sawsbuck, F|\n|teampreview\n|\n|t:|1700189698\n|start\n|switch|p1a: Corvo\u03a9|Corviknight, M, shiny|100\/100\n|switch|p2a: Ambipom|Ambipom, M, shiny|100\/100\n|-ability|p1a: Corvo\u03a9|Pressure\n|turn|1\n|\n|t:|1700189704\n|move|p2a: Ambipom|Fake Out|p1a: Corvo\u03a9\n|-enditem|p2a: Ambipom|Normal Gem|[from] gem\n|-resisted|p1a: Corvo\u03a9\n|-damage|p1a: Corvo\u03a9|90\/100\n|-damage|p2a: Ambipom|84\/100|[from] item: Rocky Helmet|[of] p1a: Corvo\u03a9\n|cant|p1a: Corvo\u03a9|flinch\n|\n|upkeep\n|turn|2\n|\n|t:|1700189711\n|move|p2a: Ambipom|Thief|p1a: Corvo\u03a9\n|-damage|p1a: Corvo\u03a9|72\/100\n|-damage|p2a: Ambipom|68\/100|[from] item: Rocky Helmet|[of] p1a: Corvo\u03a9\n|-enditem|p1a: Corvo\u03a9|Rocky Helmet|[silent]|[from] move: Thief|[of] p2a: Ambipom\n|-item|p2a: Ambipom|Rocky Helmet|[from] move: Thief|[of] p1a: Corvo\u03a9\n|move|p1a: Corvo\u03a9|Body Press|p2a: Ambipom\n|-supereffective|p2a: Ambipom\n|-damage|p2a: Ambipom|0 fnt\n|-damage|p1a: Corvo\u03a9|56\/100|[from] item: Rocky Helmet|[of] p2a: Ambipom\n|faint|p2a: Ambipom\n|\n|upkeep\n|\n|t:|1700189737\n|switch|p2a: Maushold|Maushold-Four, shiny|100\/100\n|turn|3\n|\n|t:|1700189744\n|-terastallize|p2a: Maushold|Ghost\n|move|p2a: Maushold|Tidy Up|p2a: Maushold\n|-boost|p2a: Maushold|atk|1\n|-boost|p2a: Maushold|spe|1\n|move|p1a: Corvo\u03a9|Body Press|p2a: Maushold\n|-immune|p2a: Maushold\n|\n|upkeep\n|turn|4\n|\n|t:|1700189752\n|move|p2a: Maushold|Taunt|p1a: Corvo\u03a9\n|-start|p1a: Corvo\u03a9|move: Taunt\n|cant|p1a: Corvo\u03a9|move: Taunt|Roost\n|\n|upkeep\n|turn|5\n|\n|t:|1700189759\n|switch|p1a: TuPoliticoFavorito|Gholdengo|100\/100\n|-item|p1a: TuPoliticoFavorito|Air Balloon\n|move|p2a: Maushold|Tidy Up|p2a: Maushold\n|-boost|p2a: Maushold|atk|1\n|-boost|p2a: Maushold|spe|1\n|\n|upkeep\n|turn|6\n|\n|t:|1700189767\n|switch|p1a: Corvo\u03a9|Corviknight, M, shiny|56\/100\n|-ability|p1a: Corvo\u03a9|Pressure\n|move|p2a: Maushold|Bite|p1a: Corvo\u03a9\n|-damage|p1a: Corvo\u03a9|26\/100\n|\n|upkeep\n|turn|7\n|\n|t:|1700189780\n|move|p2a: Maushold|Bite|p1a: Corvo\u03a9\n|-crit|p1a: Corvo\u03a9\n|-damage|p1a: Corvo\u03a9|0 fnt\n|faint|p1a: Corvo\u03a9\n|\n|upkeep\n|\n|t:|1700189785\n|switch|p1a: Michael|Gastrodon-East, M|100\/100\n|turn|8\n|\n|t:|1700189792\n|move|p2a: Maushold|Population Bomb|p1a: Michael\n|-damage|p1a: Michael|78\/100\n|-damage|p1a: Michael|58\/100\n|-damage|p1a: Michael|38\/100\n|-damage|p1a: Michael|15\/100\n|-hitcount|p1a: Michael|4\n|move|p1a: Michael|Clear Smog|p2a: Maushold\n|-resisted|p2a: Maushold\n|-damage|p2a: Maushold|93\/100\n|-clearboost|p2a: Maushold\n|\n|upkeep\n|turn|9\n|c|\u2606Imanjoneser|All that glitters is not gold\n|\n|t:|1700189807\n|switch|p1a: Desfl\u00f3rame|Glimmora, F|100\/100\n|move|p2a: Maushold|Taunt|p1a: Desfl\u00f3rame\n|-start|p1a: Desfl\u00f3rame|move: Taunt\n|\n|upkeep\n|turn|10\n|\n|t:|1700189815\n|switch|p2a: Ditto|Ditto, shiny|100\/100\n|-transform|p2a: Ditto|p1a: Desfl\u00f3rame|[from] ability: Imposter\n|move|p1a: Desfl\u00f3rame|Energy Ball|p2a: Ditto\n|-damage|p2a: Ditto|68\/100\n|\n|-heal|p2a: Ditto|74\/100|[from] item: Leftovers\n|upkeep\n|turn|11\n|\n|t:|1700189830\n|switch|p1a: TuPoliticoFavorito|Gholdengo|100\/100\n|-item|p1a: TuPoliticoFavorito|Air Balloon\n|move|p2a: Ditto|Mortal Spin|p1a: TuPoliticoFavorito\n|-immune|p1a: TuPoliticoFavorito\n|\n|-heal|p2a: Ditto|80\/100|[from] item: Leftovers\n|upkeep\n|turn|12\n|\n|t:|1700189843\n|switch|p2a: Sawsbuck|Sawsbuck, F, shiny|100\/100\n|move|p1a: TuPoliticoFavorito|Nasty Plot|p1a: TuPoliticoFavorito\n|-boost|p1a: TuPoliticoFavorito|spa|2\n|\n|upkeep\n|turn|13\n|\n|t:|1700189853\n|move|p2a: Sawsbuck|Horn Leech|p1a: TuPoliticoFavorito\n|-resisted|p1a: TuPoliticoFavorito\n|-damage|p1a: TuPoliticoFavorito|83\/100\n|-enditem|p1a: TuPoliticoFavorito|Air Balloon\n|move|p1a: TuPoliticoFavorito|Make It Rain|p2a: Sawsbuck\n|-damage|p2a: Sawsbuck|0 fnt\n|-unboost|p1a: TuPoliticoFavorito|spa|1\n|faint|p2a: Sawsbuck\n|\n|upkeep\n|\n|t:|1700189863\n|switch|p2a: Ditto|Ditto, shiny|80\/100\n|-transform|p2a: Ditto|p1a: TuPoliticoFavorito|[from] ability: Imposter\n|turn|14\n|\n|t:|1700189875\n|switch|p1a: Michael|Gastrodon-East, M|15\/100\n|move|p2a: Ditto|Hex|p1a: Michael\n|-damage|p1a: Michael|0 fnt\n|faint|p1a: Michael\n|\n|-heal|p2a: Ditto|86\/100|[from] item: Leftovers\n|upkeep\n|\n|t:|1700189891\n|switch|p1a: TioTyttar|Tyranitar, M|100\/100\n|-weather|Sandstorm|[from] ability: Sand Stream|[of] p1a: TioTyttar\n|turn|15\n|\n|t:|1700189899\n|move|p2a: Ditto|Make It Rain|p1a: TioTyttar\n|-supereffective|p1a: TioTyttar\n|-damage|p1a: TioTyttar|0 fnt\n|-unboost|p2a: Ditto|spa|1\n|faint|p1a: TioTyttar\n|\n|-weather|Sandstorm|[upkeep]\n|-heal|p2a: Ditto|92\/100|[from] item: Leftovers\n|upkeep\n|\n|t:|1700189908\n|switch|p1a: Ogerp\u00f3rn|Ogerpon-Cornerstone, F|100\/100\n|turn|16\n|\n|t:|1700189913\n|move|p1a: Ogerp\u00f3rn|Swords Dance|p1a: Ogerp\u00f3rn\n|-boost|p1a: Ogerp\u00f3rn|atk|2\n|move|p2a: Ditto|Make It Rain|p1a: Ogerp\u00f3rn\n|-supereffective|p1a: Ogerp\u00f3rn\n|-damage|p1a: Ogerp\u00f3rn|21\/100\n|-unboost|p2a: Ditto|spa|1\n|\n|-weather|Sandstorm|[upkeep]\n|-heal|p2a: Ditto|98\/100|[from] item: Leftovers\n|upkeep\n|turn|17\n|\n|t:|1700189929\n|move|p1a: Ogerp\u00f3rn|Knock Off|p2a: Ditto\n|-supereffective|p2a: Ditto\n|-damage|p2a: Ditto|0 fnt\n|-enditem|p2a: Ditto|Leftovers|[from] move: Knock Off|[of] p1a: Ogerp\u00f3rn\n|faint|p2a: Ditto\n|\n|-weather|Sandstorm|[upkeep]\n|upkeep\n|\n|t:|1700189936\n|switch|p2a: Maushold|Maushold-Four, shiny, tera:Ghost|93\/100\n|turn|18\n|\n|t:|1700189944\n|-terastallize|p1a: Ogerp\u00f3rn|Rock\n|detailschange|p1a: Ogerp\u00f3rn|Ogerpon-Cornerstone-Tera, F, tera:Rock\n|-ability|p1a: Ogerp\u00f3rn|Embody Aspect (Cornerstone)|boost\n|-boost|p1a: Ogerp\u00f3rn|def|1\n|move|p2a: Maushold|Population Bomb|p1a: Ogerp\u00f3rn\n|-resisted|p1a: Ogerp\u00f3rn\n|-damage|p1a: Ogerp\u00f3rn|18\/100\n|-resisted|p1a: Ogerp\u00f3rn\n|-damage|p1a: Ogerp\u00f3rn|14\/100\n|-resisted|p1a: Ogerp\u00f3rn\n|-damage|p1a: Ogerp\u00f3rn|10\/100\n|-resisted|p1a: Ogerp\u00f3rn\n|-damage|p1a: Ogerp\u00f3rn|7\/100\n|-resisted|p1a: Ogerp\u00f3rn\n|-damage|p1a: Ogerp\u00f3rn|3\/100\n|-resisted|p1a: Ogerp\u00f3rn\n|-damage|p1a: Ogerp\u00f3rn|0 fnt\n|faint|p1a: Ogerp\u00f3rn\n|-hitcount|p1: Ogerp\u00f3rn|6\n|\n|-weather|Sandstorm|[upkeep]\n|-damage|p2a: Maushold|87\/100|[from] Sandstorm\n|upkeep\n|c|\u2606Imanjoneser|OMG\n|-message|SrRayko_1 forfeited.\n|\n|win|Imanjoneser\n|raw|SrRayko_1's rating: 1178 &rarr; <strong>1150<\/strong><br \/>(-28 for losing)\n|raw|Imanjoneser's rating: 1141 &rarr; <strong>1169<\/strong><br \/>(+28 for winning)\n|l|\u2606SrRayko_1\n","uploadtime":1700189967,"views":8,"p1id":"srrayko1","p2id":"imanjoneser","formatid":"gen9ou","rating":1150,"private":0,"password":""}