{"id":"gen9ou-1999417770","p1":"poketough","p2":"sevenwik","format":"[Gen 9] OU","log":"|j|\u2606poketough\n|j|\u2606sevenwik\n|inactive|Battle timer is ON: inactive players will automatically lose when time's up.\n|t:|1701077139\n|gametype|singles\n|player|p1|poketough|emmet|\n|player|p2|sevenwik|2|\n|teamsize|p1|3\n|teamsize|p2|3\n|gen|9\n|tier|[Gen 9] OU\n|rated|Tournament battle\n|rule|Sleep Clause Mod: Limit one foe put to sleep\n|rule|Species Clause: Limit one of each Pok\u00e9mon\n|rule|OHKO Clause: OHKO moves are banned\n|rule|Evasion Items Clause: Evasion items are banned\n|rule|Evasion Moves Clause: Evasion moves are banned\n|rule|Endless Battle Clause: Forcing endless battles is banned\n|rule|HP Percentage Mod: HP is shown in percentages\n|clearpoke\n|poke|p1|Slowbro, F|\n|poke|p1|Chansey, F|\n|poke|p1|Armarouge, F|\n|poke|p2|Medicham, M|\n|poke|p2|Florges, F|\n|poke|p2|Hippopotas, M|\n|teampreview\n|j|*Lady Monita \u2746\n|inactive|poketough also wants the timer to be on.\n|inactive|poketough has 120 seconds left.\n|\n|t:|1701077170\n|start\n|switch|p1a: Slowbro|Slowbro, F|100\/100\n|switch|p2a: Hippopotas|Hippopotas, M|100\/100\n|-weather|Sandstorm|[from] ability: Sand Stream|[of] p2a: Hippopotas\n|turn|1\n|inactive|sevenwik has 120 seconds left.\n|\n|t:|1701077206\n|move|p2a: Hippopotas|Stealth Rock|p1a: Slowbro\n|-sidestart|p1: poketough|move: Stealth Rock\n|move|p1a: Slowbro|Surf|p2a: Hippopotas\n|-supereffective|p2a: Hippopotas\n|-damage|p2a: Hippopotas|32\/100\n|\n|-weather|Sandstorm|[upkeep]\n|-damage|p1a: Slowbro|94\/100|[from] Sandstorm\n|-heal|p1a: Slowbro|100\/100|[from] item: Leftovers\n|upkeep\n|turn|2\n|inactive|sevenwik has 120 seconds left.\n|\n|t:|1701077216\n|switch|p2a: Florges|Florges, F|100\/100\n|move|p1a: Slowbro|Surf|p2a: Florges\n|-damage|p2a: Florges|70\/100\n|\n|-weather|Sandstorm|[upkeep]\n|-damage|p2a: Florges|64\/100|[from] Sandstorm\n|-damage|p1a: Slowbro|94\/100|[from] Sandstorm\n|-heal|p2a: Florges|70\/100|[from] item: Leftovers\n|-heal|p1a: Slowbro|100\/100|[from] item: Leftovers\n|upkeep\n|turn|3\n|inactive|sevenwik has 120 seconds left.\n|\n|t:|1701077227\n|switch|p1a: Chansey|Chansey, F|100\/100\n|-damage|p1a: Chansey|88\/100|[from] Stealth Rock\n|move|p2a: Florges|Calm Mind|p2a: Florges\n|-boost|p2a: Florges|spa|1\n|-boost|p2a: Florges|spd|1\n|\n|-weather|Sandstorm|[upkeep]\n|-damage|p2a: Florges|64\/100|[from] Sandstorm\n|-damage|p1a: Chansey|82\/100|[from] Sandstorm\n|-heal|p2a: Florges|70\/100|[from] item: Leftovers\n|upkeep\n|turn|4\n|inactive|sevenwik has 120 seconds left.\n|\n|t:|1701077241\n|switch|p2a: Hippopotas|Hippopotas, M|32\/100\n|move|p1a: Chansey|Thunder Wave|p2a: Hippopotas\n|-immune|p2a: Hippopotas\n|\n|-weather|Sandstorm|[upkeep]\n|-damage|p1a: Chansey|76\/100|[from] Sandstorm\n|upkeep\n|turn|5\n|\n|t:|1701077249\n|move|p1a: Chansey|Seismic Toss|p2a: Hippopotas\n|-damage|p2a: Hippopotas|2\/100\n|move|p2a: Hippopotas|Slack Off|p2a: Hippopotas\n|-heal|p2a: Hippopotas|52\/100\n|\n|-weather|none\n|upkeep\n|turn|6\n|\n|t:|1701077256\n|switch|p1a: Slowbro|Slowbro, F|100\/100\n|-damage|p1a: Slowbro|88\/100|[from] Stealth Rock\n|move|p2a: Hippopotas|Slack Off|p2a: Hippopotas\n|-heal|p2a: Hippopotas|100\/100\n|\n|-heal|p1a: Slowbro|94\/100|[from] item: Leftovers\n|upkeep\n|turn|7\n|\n|t:|1701077266\n|switch|p2a: Florges|Florges, F|70\/100\n|move|p1a: Slowbro|Surf|p2a: Florges\n|-damage|p2a: Florges|43\/100\n|\n|-heal|p2a: Florges|49\/100|[from] item: Leftovers\n|-heal|p1a: Slowbro|99\/100|[from] item: Leftovers\n|upkeep\n|turn|8\n|\n|t:|1701077274\n|switch|p1a: Chansey|Chansey, F|76\/100\n|-damage|p1a: Chansey|64\/100|[from] Stealth Rock\n|move|p2a: Florges|Synthesis|p2a: Florges\n|-heal|p2a: Florges|99\/100\n|\n|-heal|p2a: Florges|100\/100|[from] item: Leftovers\n|upkeep\n|turn|9\n|\n|t:|1701077283\n|switch|p2a: Hippopotas|Hippopotas, M|100\/100\n|-weather|Sandstorm|[from] ability: Sand Stream|[of] p2a: Hippopotas\n|move|p1a: Chansey|Seismic Toss|p2a: Hippopotas\n|-damage|p2a: Hippopotas|71\/100\n|\n|-weather|Sandstorm|[upkeep]\n|-damage|p1a: Chansey|57\/100|[from] Sandstorm\n|upkeep\n|turn|10\n|\n|t:|1701077296\n|move|p1a: Chansey|Soft-Boiled|p1a: Chansey\n|-heal|p1a: Chansey|100\/100\n|move|p2a: Hippopotas|Whirlwind|p1a: Chansey\n|drag|p1a: Armarouge|Armarouge, F, shiny|100\/100\n|-damage|p1a: Armarouge|76\/100|[from] Stealth Rock\n|\n|-weather|Sandstorm|[upkeep]\n|-damage|p1a: Armarouge|70\/100|[from] Sandstorm\n|upkeep\n|turn|11\n|\n|t:|1701077312\n|-terastallize|p1a: Armarouge|Grass\n|move|p1a: Armarouge|Tera Blast|p2a: Hippopotas|[anim] Tera Blast Grass\n|-supereffective|p2a: Hippopotas\n|-damage|p2a: Hippopotas|6\/100\n|move|p2a: Hippopotas|Earthquake|p1a: Armarouge\n|-resisted|p1a: Armarouge\n|-damage|p1a: Armarouge|54\/100\n|-ability|p1a: Armarouge|Weak Armor|boost\n|-unboost|p1a: Armarouge|def|1\n|-boost|p1a: Armarouge|spe|2\n|\n|-weather|Sandstorm|[upkeep]\n|-damage|p1a: Armarouge|48\/100|[from] Sandstorm\n|upkeep\n|turn|12\n|inactive|sevenwik has 120 seconds left.\n|\n|t:|1701077360\n|move|p1a: Armarouge|Tera Blast|p2a: Hippopotas|[anim] Tera Blast Grass\n|-supereffective|p2a: Hippopotas\n|-damage|p2a: Hippopotas|0 fnt\n|faint|p2a: Hippopotas\n|\n|-weather|Sandstorm|[upkeep]\n|-damage|p1a: Armarouge|42\/100|[from] Sandstorm\n|upkeep\n|\n|t:|1701077380\n|switch|p2a: Medicham|Medicham, M|100\/100\n|turn|13\n|\n|t:|1701077386\n|move|p1a: Armarouge|Armor Cannon|p2a: Medicham\n|-damage|p2a: Medicham|0 fnt\n|-unboost|p1a: Armarouge|def|1\n|-unboost|p1a: Armarouge|spd|1\n|faint|p2a: Medicham\n|\n|-weather|none\n|upkeep\n|\n|t:|1701077393\n|switch|p2a: Florges|Florges, F|100\/100\n|turn|14\n|\n|t:|1701077398\n|move|p1a: Armarouge|Armor Cannon|p2a: Florges\n|-damage|p2a: Florges|59\/100\n|-unboost|p1a: Armarouge|def|1\n|-unboost|p1a: Armarouge|spd|1\n|move|p2a: Florges|Moonblast|p1a: Armarouge\n|-damage|p1a: Armarouge|0 fnt\n|faint|p1a: Armarouge\n|\n|-heal|p2a: Florges|65\/100|[from] item: Leftovers\n|upkeep\n|\n|t:|1701077407\n|switch|p1a: Chansey|Chansey, F|100\/100\n|-damage|p1a: Chansey|88\/100|[from] Stealth Rock\n|turn|15\n|\n|t:|1701077414\n|move|p2a: Florges|Calm Mind|p2a: Florges\n|-boost|p2a: Florges|spa|1\n|-boost|p2a: Florges|spd|1\n|move|p1a: Chansey|Thunder Wave|p2a: Florges\n|-status|p2a: Florges|par\n|\n|-heal|p2a: Florges|72\/100 par|[from] item: Leftovers\n|upkeep\n|turn|16\n|inactive|sevenwik has 120 seconds left.\n|\n|t:|1701077421\n|move|p1a: Chansey|Seismic Toss|p2a: Florges\n|-damage|p2a: Florges|44\/100 par\n|move|p2a: Florges|Calm Mind|p2a: Florges\n|-boost|p2a: Florges|spa|1\n|-boost|p2a: Florges|spd|1\n|\n|-heal|p2a: Florges|50\/100 par|[from] item: Leftovers\n|upkeep\n|turn|17\n|\n|t:|1701077430\n|move|p1a: Chansey|Seismic Toss|p2a: Florges\n|-damage|p2a: Florges|22\/100 par\n|cant|p2a: Florges|par\n|\n|-heal|p2a: Florges|28\/100 par|[from] item: Leftovers\n|upkeep\n|turn|18\n|\n|t:|1701077437\n|move|p1a: Chansey|Seismic Toss|p2a: Florges\n|-damage|p2a: Florges|0 fnt\n|faint|p2a: Florges\n|\n|win|poketough\n|n|\u2606poketough|poketough\n|n|\u2606sevenwik|sevenwik\n|n|*Lady Monita \u2746|ladymonita\n","uploadtime":1701077438,"views":7,"p1id":"poketough","p2id":"sevenwik","formatid":"gen9ou","rating":0,"private":0,"password":""}