{"id":"gen9ou-1993735506","p1":"SDK04","p2":"z123z","format":"[Gen 9] OU","log":"|j|\u2606SDK04\n|j|\u2606z123z\n|inactive|Battle timer is ON: inactive players will automatically lose when time's up.\n|t:|1700351066\n|gametype|singles\n|player|p1|SDK04|unknown|\n|player|p2|z123z|169|\n|teamsize|p1|6\n|teamsize|p2|6\n|gen|9\n|tier|[Gen 9] OU\n|rated|Tournament battle\n|rule|Sleep Clause Mod: Limit one foe put to sleep\n|rule|Species Clause: Limit one of each Pok\u00e9mon\n|rule|OHKO Clause: OHKO moves are banned\n|rule|Evasion Items Clause: Evasion items are banned\n|rule|Evasion Moves Clause: Evasion moves are banned\n|rule|Endless Battle Clause: Forcing endless battles is banned\n|rule|HP Percentage Mod: HP is shown in percentages\n|clearpoke\n|poke|p1|Ribombee, F|\n|poke|p1|Torterra, F|\n|poke|p1|Rillaboom, F|\n|poke|p1|Iron Moth|\n|poke|p1|Manaphy|\n|poke|p1|Gholdengo|\n|poke|p2|Ninetales-Alola, M|\n|poke|p2|Cinderace, M|\n|poke|p2|Kingambit, F|\n|poke|p2|Salamence, M|\n|poke|p2|Iron Moth|\n|poke|p2|Iron Valiant|\n|teampreview\n|\n|t:|1700351072\n|start\n|switch|p1a: I set Sticky Web|Ribombee, F, shiny|100\/100\n|switch|p2a: Salamence|Salamence, M|100\/100\n|-ability|p2a: Salamence|Intimidate|boost\n|-unboost|p1a: I set Sticky Web|atk|1\n|turn|1\n|\n|t:|1700351077\n|-terastallize|p2a: Salamence|Steel\n|move|p1a: I set Sticky Web|Stun Spore|p2a: Salamence\n|-status|p2a: Salamence|par\n|-enditem|p2a: Salamence|Lum Berry|[eat]\n|-curestatus|p2a: Salamence|par|[msg]\n|move|p2a: Salamence|Dragon Dance|p2a: Salamence\n|-boost|p2a: Salamence|atk|1\n|-boost|p2a: Salamence|spe|1\n|\n|upkeep\n|turn|2\n|\n|t:|1700351082\n|move|p2a: Salamence|Dragon Dance|p2a: Salamence\n|-boost|p2a: Salamence|atk|1\n|-boost|p2a: Salamence|spe|1\n|move|p1a: I set Sticky Web|Stun Spore|p2a: Salamence\n|-status|p2a: Salamence|par\n|\n|upkeep\n|turn|3\n|\n|t:|1700351084\n|move|p1a: I set Sticky Web|Sticky Web|p2a: Salamence\n|-sidestart|p2: z123z|move: Sticky Web\n|move|p2a: Salamence|Dual Wingbeat|p1a: I set Sticky Web\n|-supereffective|p1a: I set Sticky Web\n|-enditem|p1a: I set Sticky Web|Focus Sash\n|-damage|p1a: I set Sticky Web|1\/100\n|-supereffective|p1a: I set Sticky Web\n|-damage|p1a: I set Sticky Web|0 fnt\n|faint|p1a: I set Sticky Web\n|-hitcount|p1: I set Sticky Web|2\n|\n|upkeep\n|\n|t:|1700351088\n|switch|p1a: Dyson|Iron Moth|100\/100\n|-enditem|p1a: Dyson|Booster Energy\n|-activate|p1a: Dyson|ability: Quark Drive|[fromitem]\n|-start|p1a: Dyson|quarkdrivespa\n|turn|4\n|\n|t:|1700351093\n|move|p1a: Dyson|Fiery Dance|p2a: Salamence\n|-supereffective|p2a: Salamence\n|-damage|p2a: Salamence|0 fnt\n|faint|p2a: Salamence\n|\n|upkeep\n|\n|t:|1700351096\n|switch|p2a: Cinderace|Cinderace, M|100\/100\n|-activate|p2a: Cinderace|move: Sticky Web\n|-unboost|p2a: Cinderace|spe|1\n|turn|5\n|\n|t:|1700351099\n|move|p1a: Dyson|Sludge Wave|p2a: Cinderace\n|-damage|p2a: Cinderace|15\/100\n|move|p2a: Cinderace|Court Change|p2a: Cinderace\n|-swapsideconditions\n|-activate|p2a: Cinderace|move: Court Change\n|\n|-heal|p2a: Cinderace|21\/100|[from] item: Leftovers\n|upkeep\n|turn|6\n|\n|t:|1700351102\n|move|p1a: Dyson|Fiery Dance|p2a: Cinderace\n|-resisted|p2a: Cinderace\n|-damage|p2a: Cinderace|0 fnt\n|-boost|p1a: Dyson|spa|1\n|faint|p2a: Cinderace\n|\n|upkeep\n|\n|t:|1700351111\n|switch|p2a: Kingambit|Kingambit, F|100\/100\n|-activate|p2a: Kingambit|ability: Supreme Overlord\n|-start|p2a: Kingambit|fallen2|[silent]\n|turn|7\n|\n|t:|1700351113\n|move|p2a: Kingambit|Sucker Punch|p1a: Dyson\n|-damage|p1a: Dyson|13\/100\n|move|p1a: Dyson|Fiery Dance|p2a: Kingambit\n|-supereffective|p2a: Kingambit\n|-damage|p2a: Kingambit|0 fnt\n|-boost|p1a: Dyson|spa|1\n|faint|p2a: Kingambit\n|-end|p2a: Kingambit|fallen2|[silent]\n|\n|upkeep\n|\n|t:|1700351116\n|switch|p2a: Iron Moth|Iron Moth|100\/100\n|-enditem|p2a: Iron Moth|Booster Energy\n|-activate|p2a: Iron Moth|ability: Quark Drive|[fromitem]\n|-start|p2a: Iron Moth|quarkdrivespe\n|turn|8\n|\n|t:|1700351118\n|move|p2a: Iron Moth|Fiery Dance|p1a: Dyson\n|-resisted|p1a: Dyson\n|-damage|p1a: Dyson|0 fnt\n|faint|p1a: Dyson\n|-end|p1a: Dyson|Quark Drive|[silent]\n|\n|upkeep\n|\n|t:|1700351125\n|switch|p1a: click button \u2192 win|Manaphy, shiny|100\/100\n|-activate|p1a: click button \u2192 win|move: Sticky Web\n|-unboost|p1a: click button \u2192 win|spe|1\n|turn|9\n|\n|t:|1700351129\n|move|p2a: Iron Moth|Sludge Wave|p1a: click button \u2192 win\n|-damage|p1a: click button \u2192 win|58\/100\n|move|p1a: click button \u2192 win|Surf|p2a: Iron Moth\n|-supereffective|p2a: Iron Moth\n|-damage|p2a: Iron Moth|14\/100\n|\n|-heal|p1a: click button \u2192 win|64\/100|[from] item: Leftovers\n|upkeep\n|turn|10\n|\n|t:|1700351134\n|move|p2a: Iron Moth|Sludge Wave|p1a: click button \u2192 win\n|-damage|p1a: click button \u2192 win|22\/100\n|move|p1a: click button \u2192 win|Surf|p2a: Iron Moth\n|-supereffective|p2a: Iron Moth\n|-damage|p2a: Iron Moth|0 fnt\n|faint|p2a: Iron Moth\n|-end|p2a: Iron Moth|Quark Drive|[silent]\n|\n|-heal|p1a: click button \u2192 win|28\/100|[from] item: Leftovers\n|upkeep\n|\n|t:|1700351136\n|switch|p2a: Ninetales|Ninetales-Alola, M|100\/100\n|-weather|Snow|[from] ability: Snow Warning|[of] p2a: Ninetales\n|turn|11\n|\n|t:|1700351140\n|switch|p1a: Macaroni Man|Gholdengo|100\/100\n|-item|p1a: Macaroni Man|Air Balloon\n|move|p2a: Ninetales|Aurora Veil|p2a: Ninetales\n|-sidestart|p2: z123z|move: Aurora Veil\n|\n|-weather|Snow|[upkeep]\n|upkeep\n|turn|12\n|\n|t:|1700351143\n|move|p2a: Ninetales|Hypnosis|p1a: Macaroni Man\n|-immune|p1a: Macaroni Man|[from] ability: Good as Gold\n|move|p1a: Macaroni Man|Nasty Plot|p1a: Macaroni Man\n|-boost|p1a: Macaroni Man|spa|2\n|\n|-weather|Snow|[upkeep]\n|upkeep\n|turn|13\n|\n|t:|1700351147\n|move|p2a: Ninetales|Moonblast|p1a: Macaroni Man\n|-resisted|p1a: Macaroni Man\n|-damage|p1a: Macaroni Man|86\/100\n|-enditem|p1a: Macaroni Man|Air Balloon\n|move|p1a: Macaroni Man|Nasty Plot|p1a: Macaroni Man\n|-boost|p1a: Macaroni Man|spa|2\n|\n|-weather|Snow|[upkeep]\n|upkeep\n|turn|14\n|\n|t:|1700351149\n|move|p2a: Ninetales|Moonblast|p1a: Macaroni Man\n|-resisted|p1a: Macaroni Man\n|-damage|p1a: Macaroni Man|71\/100\n|move|p1a: Macaroni Man|Shadow Ball|p2a: Ninetales\n|-damage|p2a: Ninetales|38\/100\n|\n|-weather|Snow|[upkeep]\n|upkeep\n|turn|15\n|\n|t:|1700351150\n|move|p2a: Ninetales|Moonblast|p1a: Macaroni Man\n|-resisted|p1a: Macaroni Man\n|-damage|p1a: Macaroni Man|55\/100\n|move|p1a: Macaroni Man|Shadow Ball|p2a: Ninetales\n|-damage|p2a: Ninetales|0 fnt\n|faint|p2a: Ninetales\n|\n|-weather|none\n|upkeep\n|\n|t:|1700351152\n|switch|p2a: Iron Valiant|Iron Valiant|100\/100\n|-enditem|p2a: Iron Valiant|Booster Energy\n|-activate|p2a: Iron Valiant|ability: Quark Drive|[fromitem]\n|-start|p2a: Iron Valiant|quarkdrivespe\n|turn|16\n|\n|t:|1700351154\n|move|p2a: Iron Valiant|Shadow Ball|p1a: Macaroni Man\n|-supereffective|p1a: Macaroni Man\n|-damage|p1a: Macaroni Man|0 fnt\n|faint|p1a: Macaroni Man\n|\n|upkeep\n|\n|t:|1700351158\n|switch|p1a: Deku|Torterra, F|100\/100\n|-activate|p1a: Deku|move: Sticky Web\n|-unboost|p1a: Deku|spe|1\n|-enditem|p1a: Deku|White Herb\n|-clearnegativeboost|p1a: Deku|[silent]\n|turn|17\n|\n|t:|1700351164\n|move|p2a: Iron Valiant|Calm Mind|p2a: Iron Valiant\n|-boost|p2a: Iron Valiant|spa|1\n|-boost|p2a: Iron Valiant|spd|1\n|move|p1a: Deku|Wood Hammer|p2a: Iron Valiant\n|-damage|p2a: Iron Valiant|66\/100\n|-damage|p1a: Deku|91\/100|[from] Recoil\n|\n|upkeep\n|turn|18\n|\n|t:|1700351169\n|move|p2a: Iron Valiant|Calm Mind|p2a: Iron Valiant\n|-boost|p2a: Iron Valiant|spa|1\n|-boost|p2a: Iron Valiant|spd|1\n|move|p1a: Deku|Wood Hammer|p2a: Iron Valiant\n|-damage|p2a: Iron Valiant|27\/100\n|-damage|p1a: Deku|80\/100|[from] Recoil\n|\n|-sideend|p2: z123z|move: Aurora Veil\n|upkeep\n|turn|19\n|\n|t:|1700351170\n|move|p2a: Iron Valiant|Moonblast|p1a: Deku\n|-damage|p1a: Deku|0 fnt\n|faint|p1a: Deku\n|\n|upkeep\n|\n|t:|1700351172\n|switch|p1a: Nature\u2019s Nuke|Rillaboom, F|100\/100\n|-activate|p1a: Nature\u2019s Nuke|move: Sticky Web\n|-unboost|p1a: Nature\u2019s Nuke|spe|1\n|-fieldstart|move: Grassy Terrain|[from] ability: Grassy Surge|[of] p1a: Nature\u2019s Nuke\n|turn|20\n|\n|t:|1700351174\n|-terastallize|p1a: Nature\u2019s Nuke|Grass\n|move|p1a: Nature\u2019s Nuke|Grassy Glide|p2a: Iron Valiant\n|-damage|p2a: Iron Valiant|0 fnt\n|faint|p2a: Iron Valiant\n|-end|p2a: Iron Valiant|Quark Drive|[silent]\n|\n|win|SDK04\n|n|\u2606SDK04|sdk04\n|n|\u2606z123z|z123z\n|l|\u2606z123z\n|c|\u2606SDK04|gg\n|c|\u2606SDK04|wp\n","uploadtime":1700351190,"views":9,"p1id":"sdk04","p2id":"z123z","formatid":"gen9ou","rating":0,"private":0,"password":""}