{"id":"gen9ou-1996492402","p1":"GforGamer","p2":"mista_meaty","format":"[Gen 9] OU","log":"|j|\u2606GforGamer\n|j|\u2606mista_meaty\n|t:|1700687288\n|gametype|singles\n|player|p1|GforGamer|palmer|1152\n|player|p2|mista_meaty|hiker-gen4|1204\n|teamsize|p1|6\n|teamsize|p2|6\n|gen|9\n|tier|[Gen 9] OU\n|rated|\n|rule|Sleep Clause Mod: Limit one foe put to sleep\n|rule|Species Clause: Limit one of each Pok\u00e9mon\n|rule|OHKO Clause: OHKO moves are banned\n|rule|Evasion Items Clause: Evasion items are banned\n|rule|Evasion Moves Clause: Evasion moves are banned\n|rule|Endless Battle Clause: Forcing endless battles is banned\n|rule|HP Percentage Mod: HP is shown in percentages\n|clearpoke\n|poke|p1|Iron Valiant|\n|poke|p1|Toxapex, F|\n|poke|p1|Mandibuzz, F|\n|poke|p1|Dragapult, F|\n|poke|p1|Ting-Lu|\n|poke|p1|Gholdengo|\n|poke|p2|Slowking-Galar, M|\n|poke|p2|Gholdengo|\n|poke|p2|Ogerpon-Wellspring, F|\n|poke|p2|Iron Moth|\n|poke|p2|Great Tusk|\n|poke|p2|Dragonite, M|\n|teampreview\n|inactive|Battle timer is ON: inactive players will automatically lose when time's up. (requested by GforGamer)\n|\n|t:|1700687294\n|start\n|switch|p1a: Ting-Lu|Ting-Lu|100\/100\n|switch|p2a: Ogerpon|Ogerpon-Wellspring, F|100\/100\n|-ability|p1a: Ting-Lu|Vessel of Ruin\n|turn|1\n|\n|t:|1700687300\n|switch|p1a: Toxapex|Toxapex, F|100\/100\n|move|p2a: Ogerpon|Swords Dance|p2a: Ogerpon\n|-boost|p2a: Ogerpon|atk|2\n|\n|upkeep\n|turn|2\n|\n|t:|1700687306\n|move|p2a: Ogerpon|Horn Leech|p1a: Toxapex\n|-damage|p1a: Toxapex|38\/100\n|-damage|p2a: Ogerpon|84\/100|[from] item: Rocky Helmet|[of] p1a: Toxapex\n|move|p1a: Toxapex|Infestation|p2a: Ogerpon\n|-supereffective|p2a: Ogerpon\n|-damage|p2a: Ogerpon|77\/100\n|-activate|p2a: Ogerpon|move: Infestation|[of] p1a: Toxapex\n|\n|-damage|p2a: Ogerpon|65\/100|[from] move: Infestation|[partiallytrapped]\n|upkeep\n|turn|3\n|\n|t:|1700687314\n|move|p1a: Toxapex|Baneful Bunker|p1a: Toxapex\n|-singleturn|p1a: Toxapex|move: Protect\n|move|p2a: Ogerpon|Horn Leech|p1a: Toxapex\n|-activate|p1a: Toxapex|move: Protect\n|-status|p2a: Ogerpon|psn\n|\n|-damage|p2a: Ogerpon|53\/100 psn|[from] psn\n|-damage|p2a: Ogerpon|40\/100 psn|[from] move: Infestation|[partiallytrapped]\n|upkeep\n|turn|4\n|\n|t:|1700687325\n|switch|p1a: Gholdengo|Gholdengo|100\/100\n|move|p2a: Ogerpon|Horn Leech|p1a: Gholdengo\n|-resisted|p1a: Gholdengo\n|-damage|p1a: Gholdengo|46\/100\n|-heal|p2a: Ogerpon|69\/100 psn|[from] drain|[of] p1a: Gholdengo\n|\n|-damage|p2a: Ogerpon|57\/100 psn|[from] psn\n|-end|p2a: Ogerpon|Infestation|[partiallytrapped]|[silent]\n|upkeep\n|turn|5\n|\n|t:|1700687338\n|switch|p1a: Toxapex|Toxapex, F|72\/100\n|move|p2a: Ogerpon|Horn Leech|p1a: Toxapex\n|-damage|p1a: Toxapex|12\/100\n|-heal|p2a: Ogerpon|87\/100 psn|[from] drain|[of] p1a: Toxapex\n|-damage|p2a: Ogerpon|70\/100 psn|[from] item: Rocky Helmet|[of] p1a: Toxapex\n|\n|-damage|p2a: Ogerpon|58\/100 psn|[from] psn\n|upkeep\n|turn|6\n|\n|t:|1700687349\n|move|p1a: Toxapex|Baneful Bunker|p1a: Toxapex\n|-singleturn|p1a: Toxapex|move: Protect\n|move|p2a: Ogerpon|Swords Dance|p2a: Ogerpon\n|-boost|p2a: Ogerpon|atk|2\n|\n|-damage|p2a: Ogerpon|46\/100 psn|[from] psn\n|upkeep\n|turn|7\n|\n|t:|1700687374\n|switch|p1a: Mandibuzz|Mandibuzz, F|100\/100\n|move|p2a: Ogerpon|Horn Leech|p1a: Mandibuzz\n|-resisted|p1a: Mandibuzz\n|-damage|p1a: Mandibuzz|63\/100\n|-heal|p2a: Ogerpon|72\/100 psn|[from] drain|[of] p1a: Mandibuzz\n|\n|-damage|p2a: Ogerpon|60\/100 psn|[from] psn\n|upkeep\n|turn|8\n|\n|t:|1700687384\n|move|p2a: Ogerpon|Ivy Cudgel|p1a: Mandibuzz|[anim] Ivy Cudgel Water\n|-damage|p1a: Mandibuzz|0 fnt\n|faint|p1a: Mandibuzz\n|\n|-damage|p2a: Ogerpon|48\/100 psn|[from] psn\n|upkeep\n|\n|t:|1700687390\n|switch|p1a: Dragapult|Dragapult, F|100\/100\n|turn|9\n|\n|t:|1700687406\n|move|p1a: Dragapult|U-turn|p2a: Ogerpon\n|-supereffective|p2a: Ogerpon\n|-damage|p2a: Ogerpon|0 fnt\n|faint|p2a: Ogerpon\n|\n|t:|1700687411\n|switch|p1a: Toxapex|Toxapex, F|45\/100|[from] U-turn\n|\n|upkeep\n|\n|t:|1700687430\n|switch|p2a: Iron Moth|Iron Moth, shiny|100\/100\n|-enditem|p2a: Iron Moth|Booster Energy\n|-activate|p2a: Iron Moth|ability: Quark Drive|[fromitem]\n|-start|p2a: Iron Moth|quarkdrivespe\n|turn|10\n|\n|t:|1700687436\n|move|p2a: Iron Moth|Discharge|p1a: Toxapex\n|-supereffective|p1a: Toxapex\n|-damage|p1a: Toxapex|7\/100\n|-status|p1a: Toxapex|par\n|move|p1a: Toxapex|Infestation|p2a: Iron Moth\n|-resisted|p2a: Iron Moth\n|-damage|p2a: Iron Moth|99\/100\n|-activate|p2a: Iron Moth|move: Infestation|[of] p1a: Toxapex\n|\n|-damage|p2a: Iron Moth|88\/100|[from] move: Infestation|[partiallytrapped]\n|upkeep\n|turn|11\n|\n|t:|1700687446\n|switch|p1a: Ting-Lu|Ting-Lu|100\/100\n|-ability|p1a: Ting-Lu|Vessel of Ruin\n|move|p2a: Iron Moth|Discharge|p1a: Ting-Lu\n|-immune|p1a: Ting-Lu\n|\n|-end|p2a: Iron Moth|Infestation|[partiallytrapped]|[silent]\n|upkeep\n|turn|12\n|\n|t:|1700687454\n|-terastallize|p2a: Iron Moth|Water\n|move|p2a: Iron Moth|Tera Blast|p1a: Ting-Lu|[anim] Tera Blast Water\n|-supereffective|p1a: Ting-Lu\n|-damage|p1a: Ting-Lu|51\/100\n|move|p1a: Ting-Lu|Stealth Rock|p2a: Iron Moth\n|-sidestart|p2: mista_meaty|move: Stealth Rock\n|\n|-heal|p1a: Ting-Lu|58\/100|[from] item: Leftovers\n|upkeep\n|turn|13\n|\n|t:|1700687484\n|move|p2a: Iron Moth|Tera Blast|p1a: Ting-Lu|[anim] Tera Blast Water\n|-supereffective|p1a: Ting-Lu\n|-damage|p1a: Ting-Lu|5\/100\n|move|p1a: Ting-Lu|Whirlwind|p2a: Iron Moth\n|-end|p2a: Iron Moth|Quark Drive|[silent]\n|drag|p2a: Dragonite|Dragonite, M|100\/100\n|\n|-heal|p1a: Ting-Lu|11\/100|[from] item: Leftovers\n|upkeep\n|turn|14\n|\n|t:|1700687504\n|switch|p1a: Toxapex|Toxapex, F|40\/100 par\n|move|p2a: Dragonite|Extreme Speed|p1a: Toxapex\n|-damage|p1a: Toxapex|18\/100 par\n|-damage|p2a: Dragonite|84\/100|[from] item: Rocky Helmet|[of] p1a: Toxapex\n|\n|upkeep\n|turn|15\n|\n|t:|1700687513\n|move|p1a: Toxapex|Baneful Bunker|p1a: Toxapex\n|-singleturn|p1a: Toxapex|move: Protect\n|move|p2a: Dragonite|Earthquake|p1a: Toxapex\n|-activate|p1a: Toxapex|move: Protect\n|\n|upkeep\n|turn|16\n|\n|t:|1700687525\n|move|p1a: Toxapex|Baneful Bunker|p1a: Toxapex\n|-singleturn|p1a: Toxapex|move: Protect\n|move|p2a: Dragonite|Earthquake|p1a: Toxapex\n|-activate|p1a: Toxapex|move: Protect\n|\n|upkeep\n|turn|17\n|\n|t:|1700687538\n|switch|p1a: Ting-Lu|Ting-Lu|11\/100\n|-ability|p1a: Ting-Lu|Vessel of Ruin\n|move|p2a: Dragonite|Earthquake|p1a: Ting-Lu\n|-crit|p1a: Ting-Lu\n|-damage|p1a: Ting-Lu|0 fnt\n|faint|p1a: Ting-Lu\n|\n|upkeep\n|\n|t:|1700687544\n|switch|p1a: Dragapult|Dragapult, F|100\/100\n|turn|18\n|inactive|GforGamer has 120 seconds left.\n|\n|t:|1700687571\n|switch|p2a: Slowking|Slowking-Galar, M, shiny|100\/100\n|-damage|p2a: Slowking|88\/100|[from] Stealth Rock\n|move|p1a: Dragapult|Dragon Darts|p2a: Slowking\n|-damage|p2a: Slowking|47\/100\n|-anim|p1a: Dragapult|Dragon Darts|p2a: Slowking\n|-damage|p2a: Slowking|9\/100\n|\n|upkeep\n|turn|19\n|\n|t:|1700687581\n|move|p1a: Dragapult|Dragon Darts|p2a: Slowking\n|-damage|p2a: Slowking|0 fnt\n|faint|p2a: Slowking\n|\n|upkeep\n|\n|t:|1700687590\n|switch|p2a: Great Tusk|Great Tusk|100\/100\n|-damage|p2a: Great Tusk|97\/100|[from] Stealth Rock\n|-enditem|p2a: Great Tusk|Booster Energy\n|-activate|p2a: Great Tusk|ability: Protosynthesis|[fromitem]\n|-start|p2a: Great Tusk|protosynthesisspe\n|turn|20\n|inactive|GforGamer has 120 seconds left.\n|inactive|GforGamer has 90 seconds left.\n|\n|t:|1700687647\n|switch|p1a: Toxapex|Toxapex, F|51\/100 par\n|move|p2a: Great Tusk|Ice Spinner|p1a: Toxapex\n|-resisted|p1a: Toxapex\n|-damage|p1a: Toxapex|43\/100 par\n|-damage|p2a: Great Tusk|81\/100|[from] item: Rocky Helmet|[of] p1a: Toxapex\n|\n|upkeep\n|turn|21\n|inactive|GforGamer has 90 seconds left.\n|\n|t:|1700687657\n|move|p2a: Great Tusk|Earthquake|p1a: Toxapex\n|-supereffective|p1a: Toxapex\n|-crit|p1a: Toxapex\n|-damage|p1a: Toxapex|0 fnt\n|faint|p1a: Toxapex\n|\n|upkeep\n|\n|t:|1700687668\n|switch|p1a: Iron Valiant|Iron Valiant|100\/100\n|-enditem|p1a: Iron Valiant|Booster Energy\n|-activate|p1a: Iron Valiant|ability: Quark Drive|[fromitem]\n|-start|p1a: Iron Valiant|quarkdrivespe\n|turn|22\n|inactive|mista_meaty has 120 seconds left.\n|\n|t:|1700687706\n|-end|p2a: Great Tusk|Protosynthesis|[silent]\n|switch|p2a: Iron Moth|Iron Moth, shiny, tera:Water|88\/100\n|-damage|p2a: Iron Moth|75\/100|[from] Stealth Rock\n|move|p1a: Iron Valiant|Moonblast|p2a: Iron Moth\n|-damage|p2a: Iron Moth|33\/100\n|-unboost|p2a: Iron Moth|spa|1\n|\n|upkeep\n|turn|23\n|inactive|mista_meaty has 120 seconds left.\n|inactive|GforGamer has 90 seconds left.\n|\n|t:|1700687717\n|move|p1a: Iron Valiant|Thunderbolt|p2a: Iron Moth\n|-supereffective|p2a: Iron Moth\n|-damage|p2a: Iron Moth|0 fnt\n|faint|p2a: Iron Moth\n|-end|p2a: Iron Moth|Quark Drive|[silent]\n|\n|upkeep\n|inactive|mista_meaty has 120 seconds left.\n|\n|t:|1700687724\n|switch|p2a: Gholdengo|Gholdengo|100\/100\n|-damage|p2a: Gholdengo|94\/100|[from] Stealth Rock\n|-item|p2a: Gholdengo|Air Balloon\n|turn|24\n|inactive|mista_meaty has 120 seconds left.\n|inactive|GforGamer has 90 seconds left.\n|\n|t:|1700687758\n|-terastallize|p1a: Iron Valiant|Steel\n|move|p1a: Iron Valiant|Calm Mind|p1a: Iron Valiant\n|-boost|p1a: Iron Valiant|spa|1\n|-boost|p1a: Iron Valiant|spd|1\n|move|p2a: Gholdengo|Make It Rain|p1a: Iron Valiant\n|-resisted|p1a: Iron Valiant\n|-damage|p1a: Iron Valiant|62\/100\n|-unboost|p2a: Gholdengo|spa|1\n|\n|upkeep\n|turn|25\n|inactive|GforGamer has 90 seconds left.\n|-message|mista_meaty forfeited.\n|\n|win|GforGamer\n|raw|GforGamer's rating: 1152 &rarr; <strong>1181<\/strong><br \/>(+29 for winning)\n|raw|mista_meaty's rating: 1204 &rarr; <strong>1175<\/strong><br \/>(-29 for losing)\n|l|\u2606mista_meaty\n","uploadtime":1700687774,"views":9,"p1id":"gforgamer","p2id":"mistameaty","formatid":"gen9ou","rating":1175,"private":0,"password":""}