{"id":"gen9ou-1991189893","p1":"Prav33n","p2":"charizard=trash","format":"[Gen 9] OU","log":"|j|\u2606Prav33n\n|j|\u2606charizard=trash\n|t:|1700055317\n|gametype|singles\n|player|p1|Prav33n|swimmer-gen4|1570\n|player|p2|charizard=trash|carmine-festival|1480\n|teamsize|p1|6\n|teamsize|p2|6\n|gen|9\n|tier|[Gen 9] OU\n|rated|\n|rule|Sleep Clause Mod: Limit one foe put to sleep\n|rule|Species Clause: Limit one of each Pok\u00e9mon\n|rule|OHKO Clause: OHKO moves are banned\n|rule|Evasion Items Clause: Evasion items are banned\n|rule|Evasion Moves Clause: Evasion moves are banned\n|rule|Endless Battle Clause: Forcing endless battles is banned\n|rule|HP Percentage Mod: HP is shown in percentages\n|clearpoke\n|poke|p1|Sneasler, F|\n|poke|p1|Rillaboom, F|\n|poke|p1|Manaphy|\n|poke|p1|Gholdengo|\n|poke|p1|Great Tusk|\n|poke|p1|Ogerpon-Cornerstone, F|\n|poke|p2|Ogerpon-Wellspring, F|\n|poke|p2|Heatran, M|\n|poke|p2|Cinderace, F|\n|poke|p2|Gholdengo|\n|poke|p2|Ting-Lu|\n|poke|p2|Rillaboom, F|\n|teampreview\n|inactive|Battle timer is ON: inactive players will automatically lose when time's up. (requested by Prav33n)\n|\n|t:|1700055329\n|start\n|switch|p1a: Ogerpon|Ogerpon-Cornerstone, F|100\/100\n|switch|p2a: Ogerpon|Ogerpon-Wellspring, F|100\/100\n|turn|1\n|\n|t:|1700055337\n|move|p1a: Ogerpon|Horn Leech|p2a: Ogerpon\n|-damage|p2a: Ogerpon|43\/100\n|move|p2a: Ogerpon|U-turn|p1a: Ogerpon\n|-supereffective|p1a: Ogerpon\n|-damage|p1a: Ogerpon|28\/100\n|\n|t:|1700055344\n|switch|p2a: Rillaboom|Rillaboom, F|100\/100|[from] U-turn\n|\n|upkeep\n|turn|2\n|c|\u2606Prav33n|'Overgrow\n|inactive|Prav33n has 120 seconds left.\n|inactive|charizard=trash has 120 seconds left.\n|c|\u2606charizard=trash|I forgot\n|\n|t:|1700055394\n|switch|p1a: Sneasler|Sneasler, F|100\/100\n|move|p2a: Rillaboom|U-turn|p1a: Sneasler\n|-resisted|p1a: Sneasler\n|-damage|p1a: Sneasler|88\/100\n|\n|t:|1700055404\n|switch|p2a: Gholdengo|Gholdengo|100\/100|[from] U-turn\n|\n|upkeep\n|turn|3\n|inactive|Prav33n has 120 seconds left.\n|\n|t:|1700055419\n|switch|p1a: Manaphy|Manaphy|100\/100\n|move|p2a: Gholdengo|Shadow Ball|p1a: Manaphy\n|-damage|p1a: Manaphy|61\/100\n|\n|-heal|p1a: Manaphy|67\/100|[from] item: Leftovers\n|upkeep\n|turn|4\n|inactive|Prav33n has 120 seconds left.\n|\n|t:|1700055430\n|move|p1a: Manaphy|Take Heart|p1a: Manaphy\n|-boost|p1a: Manaphy|spa|1\n|-boost|p1a: Manaphy|spd|1\n|move|p2a: Gholdengo|Nasty Plot|p2a: Gholdengo\n|-boost|p2a: Gholdengo|spa|2\n|\n|-heal|p1a: Manaphy|73\/100|[from] item: Leftovers\n|upkeep\n|turn|5\n|inactive|Prav33n has 120 seconds left.\n|\n|t:|1700055438\n|move|p1a: Manaphy|Take Heart|p1a: Manaphy\n|-boost|p1a: Manaphy|spa|1\n|-boost|p1a: Manaphy|spd|1\n|move|p2a: Gholdengo|Nasty Plot|p2a: Gholdengo\n|-boost|p2a: Gholdengo|spa|2\n|\n|-heal|p1a: Manaphy|79\/100|[from] item: Leftovers\n|upkeep\n|turn|6\n|\n|t:|1700055441\n|move|p1a: Manaphy|Scald|p2a: Gholdengo\n|-damage|p2a: Gholdengo|46\/100\n|move|p2a: Gholdengo|Shadow Ball|p1a: Manaphy\n|-damage|p1a: Manaphy|18\/100\n|\n|-heal|p1a: Manaphy|24\/100|[from] item: Leftovers\n|-heal|p2a: Gholdengo|53\/100|[from] item: Leftovers\n|upkeep\n|turn|7\n|\n|t:|1700055448\n|move|p1a: Manaphy|Stored Power|p2a: Gholdengo\n|-resisted|p2a: Gholdengo\n|-damage|p2a: Gholdengo|31\/100\n|move|p2a: Gholdengo|Shadow Ball|p1a: Manaphy\n|-damage|p1a: Manaphy|0 fnt\n|faint|p1a: Manaphy\n|\n|-heal|p2a: Gholdengo|37\/100|[from] item: Leftovers\n|upkeep\n|\n|t:|1700055453\n|switch|p1a: Ogerpon|Ogerpon-Cornerstone, F|28\/100\n|turn|8\n|\n|t:|1700055459\n|move|p1a: Ogerpon|Knock Off|p2a: Gholdengo\n|-supereffective|p2a: Gholdengo\n|-damage|p2a: Gholdengo|0 fnt\n|-enditem|p2a: Gholdengo|Leftovers|[from] move: Knock Off|[of] p1a: Ogerpon\n|faint|p2a: Gholdengo\n|\n|upkeep\n|\n|t:|1700055465\n|switch|p2a: Cinderace|Cinderace, F|100\/100\n|turn|9\n|\n|t:|1700055474\n|switch|p1a: Tuskity|Great Tusk|100\/100\n|-enditem|p1a: Tuskity|Booster Energy\n|-activate|p1a: Tuskity|ability: Protosynthesis|[fromitem]\n|-start|p1a: Tuskity|protosynthesisspe\n|move|p2a: Cinderace|U-turn|p1a: Tuskity\n|-resisted|p1a: Tuskity\n|-damage|p1a: Tuskity|93\/100\n|\n|t:|1700055481\n|switch|p2a: Rillaboom|Rillaboom, F|100\/100|[from] U-turn\n|\n|upkeep\n|turn|10\n|\n|t:|1700055490\n|move|p1a: Tuskity|Bulk Up|p1a: Tuskity\n|-boost|p1a: Tuskity|atk|1\n|-boost|p1a: Tuskity|def|1\n|move|p2a: Rillaboom|Wood Hammer|p1a: Tuskity\n|-supereffective|p1a: Tuskity\n|-damage|p1a: Tuskity|4\/100\n|-damage|p2a: Rillaboom|63\/100|[from] Recoil\n|\n|upkeep\n|turn|11\n|\n|t:|1700055498\n|move|p1a: Tuskity|Ice Spinner|p2a: Rillaboom\n|-supereffective|p2a: Rillaboom\n|-damage|p2a: Rillaboom|0 fnt\n|faint|p2a: Rillaboom\n|\n|upkeep\n|inactive|charizard=trash has 120 seconds left.\n|\n|t:|1700055548\n|switch|p2a: Ting-Lu|Ting-Lu|100\/100\n|-ability|p2a: Ting-Lu|Vessel of Ruin\n|turn|12\n|\n|t:|1700055551\n|move|p1a: Tuskity|Ice Spinner|p2a: Ting-Lu\n|-supereffective|p2a: Ting-Lu\n|-damage|p2a: Ting-Lu|69\/100\n|move|p2a: Ting-Lu|Earthquake|p1a: Tuskity\n|-damage|p1a: Tuskity|0 fnt\n|faint|p1a: Tuskity\n|-end|p1a: Tuskity|Protosynthesis|[silent]\n|\n|-heal|p2a: Ting-Lu|75\/100|[from] item: Leftovers\n|upkeep\n|\n|t:|1700055561\n|switch|p1a: Ogerpon|Ogerpon-Cornerstone, F|28\/100\n|turn|13\n|inactive|charizard=trash has 120 seconds left.\n|inactive|Prav33n has 120 seconds left.\n|inactive|charizard=trash has 90 seconds left.\n|\n|t:|1700055621\n|move|p1a: Ogerpon|Spikes|p2a: Ting-Lu\n|-sidestart|p2: charizard=trash|Spikes\n|move|p2a: Ting-Lu|Earthquake|p1a: Ogerpon\n|-damage|p1a: Ogerpon|0 fnt\n|faint|p1a: Ogerpon\n|\n|-heal|p2a: Ting-Lu|81\/100|[from] item: Leftovers\n|upkeep\n|\n|t:|1700055626\n|switch|p1a: Exploud the 2nd|Rillaboom, F|100\/100\n|-fieldstart|move: Grassy Terrain|[from] ability: Grassy Surge|[of] p1a: Exploud the 2nd\n|turn|14\n|inactive|Prav33n has 120 seconds left.\n|\n|t:|1700055633\n|move|p1a: Exploud the 2nd|U-turn|p2a: Ting-Lu\n|-supereffective|p2a: Ting-Lu\n|-damage|p2a: Ting-Lu|50\/100\n|\n|t:|1700055635\n|switch|p1a: Sneasler|Sneasler, F|88\/100|[from] U-turn\n|-enditem|p1a: Sneasler|Grassy Seed\n|-boost|p1a: Sneasler|def|1|[from] item: Grassy Seed\n|move|p2a: Ting-Lu|Whirlwind|p1a: Sneasler\n|drag|p1a: Exploud the 2nd|Rillaboom, F|100\/100\n|\n|-heal|p2a: Ting-Lu|56\/100|[from] Grassy Terrain\n|-heal|p2a: Ting-Lu|62\/100|[from] item: Leftovers\n|upkeep\n|turn|15\n|inactive|charizard=trash has 90 seconds left.\n|\n|t:|1700055646\n|move|p1a: Exploud the 2nd|Drain Punch|p2a: Ting-Lu\n|-supereffective|p2a: Ting-Lu\n|-damage|p2a: Ting-Lu|27\/100\n|move|p2a: Ting-Lu|Spikes|p1a: Exploud the 2nd\n|-sidestart|p1: Prav33n|Spikes\n|\n|-heal|p2a: Ting-Lu|33\/100|[from] Grassy Terrain\n|-heal|p2a: Ting-Lu|39\/100|[from] item: Leftovers\n|upkeep\n|turn|16\n|\n|t:|1700055655\n|move|p1a: Exploud the 2nd|Drain Punch|p2a: Ting-Lu\n|-supereffective|p2a: Ting-Lu\n|-damage|p2a: Ting-Lu|4\/100\n|move|p2a: Ting-Lu|Spikes|p1a: Exploud the 2nd\n|-sidestart|p1: Prav33n|Spikes\n|\n|-heal|p2a: Ting-Lu|10\/100|[from] Grassy Terrain\n|-heal|p2a: Ting-Lu|16\/100|[from] item: Leftovers\n|upkeep\n|turn|17\n|\n|t:|1700055659\n|move|p1a: Exploud the 2nd|Drain Punch|p2a: Ting-Lu\n|-supereffective|p2a: Ting-Lu\n|-damage|p2a: Ting-Lu|0 fnt\n|faint|p2a: Ting-Lu\n|\n|upkeep\n|\n|t:|1700055663\n|switch|p2a: Cinderace|Cinderace, F|100\/100\n|turn|18\n|\n|t:|1700055668\n|switch|p1a: Chesstrin'g|Gholdengo|100\/100\n|-item|p1a: Chesstrin'g|Air Balloon\n|move|p2a: Cinderace|Pyro Ball|p1a: Chesstrin'g\n|-supereffective|p1a: Chesstrin'g\n|-damage|p1a: Chesstrin'g|0 fnt\n|-enditem|p1a: Chesstrin'g|Air Balloon\n|faint|p1a: Chesstrin'g\n|\n|-fieldend|move: Grassy Terrain\n|upkeep\n|\n|t:|1700055676\n|switch|p1a: Exploud the 2nd|Rillaboom, F|100\/100\n|-damage|p1a: Exploud the 2nd|84\/100|[from] Spikes\n|-fieldstart|move: Grassy Terrain|[from] ability: Grassy Surge|[of] p1a: Exploud the 2nd\n|turn|19\n|\n|t:|1700055679\n|move|p1a: Exploud the 2nd|Grassy Glide|p2a: Cinderace\n|-resisted|p2a: Cinderace\n|-damage|p2a: Cinderace|61\/100\n|move|p2a: Cinderace|Pyro Ball|p1a: Exploud the 2nd\n|-supereffective|p1a: Exploud the 2nd\n|-damage|p1a: Exploud the 2nd|0 fnt\n|faint|p1a: Exploud the 2nd\n|\n|-heal|p2a: Cinderace|67\/100|[from] Grassy Terrain\n|upkeep\n|\n|t:|1700055682\n|switch|p1a: Sneasler|Sneasler, F|88\/100\n|-damage|p1a: Sneasler|71\/100|[from] Spikes\n|turn|20\n|\n|t:|1700055689\n|move|p2a: Cinderace|Pyro Ball|p1a: Sneasler\n|-damage|p1a: Sneasler|0 fnt\n|faint|p1a: Sneasler\n|\n|win|charizard=trash\n|raw|Prav33n's rating: 1570 &rarr; <strong>1545<\/strong><br \/>(-25 for losing)\n|raw|charizard=trash's rating: 1480 &rarr; <strong>1505<\/strong><br \/>(+25 for winning)\n|l|\u2606charizard=trash\n","uploadtime":1700055776,"views":11,"p1id":"prav33n","p2id":"charizardtrash","formatid":"gen9ou","rating":1505,"private":0,"password":""}