{"id":"gen9ou-2000108823","p1":"JJJsepht","p2":"Cryptic_Brawler","format":"[Gen 9] OU","log":"|j|\u203dJJJsepht\n|j|\u203dCryptic_Brawler\n|t:|1701156403\n|gametype|singles\n|player|p1|JJJsepht|marshal|\n|player|p2|Cryptic_Brawler|ghetsis-gen5bw|\n|teamsize|p1|6\n|teamsize|p2|6\n|gen|9\n|tier|[Gen 9] OU\n|rule|Sleep Clause Mod: Limit one foe put to sleep\n|rule|Species Clause: Limit one of each Pok\u00e9mon\n|rule|OHKO Clause: OHKO moves are banned\n|rule|Evasion Items Clause: Evasion items are banned\n|rule|Evasion Moves Clause: Evasion moves are banned\n|rule|Endless Battle Clause: Forcing endless battles is banned\n|rule|HP Percentage Mod: HP is shown in percentages\n|clearpoke\n|poke|p1|Pelipper, F|\n|poke|p1|Barraskewda, F|\n|poke|p1|Great Tusk|\n|poke|p1|Amoonguss, M|\n|poke|p1|Kingambit, F|\n|poke|p1|Thundurus-Therian, M|\n|poke|p2|Decidueye-Hisui, M|\n|poke|p2|Milotic, M|\n|poke|p2|Ceruledge, F|\n|poke|p2|Thundurus-Therian, M|\n|poke|p2|Garchomp, M|\n|poke|p2|Overqwil, M|\n|teampreview\n|\n|t:|1701156426\n|start\n|switch|p1a: Pelipper|Pelipper, F, shiny|100\/100\n|switch|p2a: Thundurus|Thundurus-Therian, M|100\/100\n|-weather|RainDance|[from] ability: Drizzle|[of] p1a: Pelipper\n|turn|1\n|\n|t:|1701156533\n|switch|p1a: Great Tusk|Great Tusk, shiny|100\/100\n|move|p2a: Thundurus|Volt Switch|p1a: Great Tusk\n|-immune|p1a: Great Tusk\n|\n|-weather|RainDance|[upkeep]\n|upkeep\n|turn|2\n|inactive|Battle timer is ON: inactive players will automatically lose when time's up. (requested by Cryptic_Brawler)\n|inactiveoff|Battle timer is now OFF.\n|\n|t:|1701156769\n|move|p2a: Thundurus|Grass Knot|p1a: Great Tusk\n|-supereffective|p1a: Great Tusk\n|-damage|p1a: Great Tusk|0 fnt\n|-damage|p2a: Thundurus|84\/100|[from] item: Rocky Helmet|[of] p1a: Great Tusk\n|faint|p1a: Great Tusk\n|-end|p1a: Great Tusk|Protosynthesis|[silent]\n|-damage|p2a: Thundurus|74\/100|[from] item: Life Orb\n|\n|-weather|RainDance|[upkeep]\n|upkeep\n|\n|t:|1701156796\n|switch|p1a: Amoonguss|Amoonguss, M, shiny|100\/100\n|turn|3\n|\n|t:|1701156828\n|move|p2a: Thundurus|Volt Switch|p1a: Amoonguss\n|-resisted|p1a: Amoonguss\n|-damage|p1a: Amoonguss|75\/100\n|-damage|p2a: Thundurus|65\/100|[from] item: Life Orb\n|\n|t:|1701156845\n|switch|p2a: Overqwil|Overqwil, M|100\/100|[from] Volt Switch\n|move|p1a: Amoonguss|Sludge Bomb|p2a: Overqwil\n|-resisted|p2a: Overqwil\n|-damage|p2a: Overqwil|70\/100\n|\n|-weather|RainDance|[upkeep]\n|-heal|p2a: Overqwil|76\/100|[from] item: Black Sludge\n|-heal|p1a: Amoonguss|81\/100|[from] item: Black Sludge\n|upkeep\n|turn|4\n|\n|t:|1701156872\n|move|p2a: Overqwil|Protect|p2a: Overqwil\n|-singleturn|p2a: Overqwil|Protect\n|move|p1a: Amoonguss|Grass Knot|p2a: Overqwil\n|-activate|p2a: Overqwil|move: Protect\n|\n|-weather|RainDance|[upkeep]\n|-heal|p2a: Overqwil|82\/100|[from] item: Black Sludge\n|-heal|p1a: Amoonguss|87\/100|[from] item: Black Sludge\n|upkeep\n|turn|5\n|\n|t:|1701156893\n|switch|p1a: Barraskewda|Barraskewda, F, shiny|100\/100\n|move|p2a: Overqwil|Barb Barrage|p1a: Barraskewda\n|-damage|p1a: Barraskewda|40\/100\n|-status|p1a: Barraskewda|psn\n|\n|-weather|RainDance|[upkeep]\n|-heal|p2a: Overqwil|88\/100|[from] item: Black Sludge\n|-damage|p1a: Barraskewda|27\/100 psn|[from] psn\n|upkeep\n|turn|6\n|\n|t:|1701156919\n|move|p1a: Barraskewda|Liquidation|p2a: Overqwil\n|-damage|p2a: Overqwil|0 fnt\n|faint|p2a: Overqwil\n|\n|-weather|RainDance|[upkeep]\n|-damage|p1a: Barraskewda|15\/100 psn|[from] psn\n|upkeep\n|\n|t:|1701156925\n|switch|p2a: Decidueye|Decidueye-Hisui, M|100\/100\n|turn|7\n|\n|t:|1701156932\n|switch|p1a: Kingambit|Kingambit, F, shiny|100\/100\n|move|p2a: Decidueye|Sucker Punch||[still]\n|-fail|p2a: Decidueye\n|\n|-weather|RainDance|[upkeep]\n|upkeep\n|turn|8\n|\n|t:|1701156958\n|move|p2a: Decidueye|Triple Arrows|p1a: Kingambit\n|-supereffective|p1a: Kingambit\n|-damage|p1a: Kingambit|0 fnt\n|faint|p1a: Kingambit\n|\n|-weather|none\n|upkeep\n|\n|t:|1701156964\n|switch|p1a: Pelipper|Pelipper, F, shiny|100\/100\n|-weather|RainDance|[from] ability: Drizzle|[of] p1a: Pelipper\n|turn|9\n|\n|t:|1701156973\n|move|p1a: Pelipper|Hurricane|p2a: Decidueye\n|-supereffective|p2a: Decidueye\n|-damage|p2a: Decidueye|0 fnt\n|faint|p2a: Decidueye\n|\n|-weather|RainDance|[upkeep]\n|upkeep\n|\n|t:|1701156978\n|switch|p2a: Milotic|Milotic, M|100\/100\n|turn|10\n|\n|t:|1701156992\n|switch|p1a: Amoonguss|Amoonguss, M, shiny|87\/100\n|move|p2a: Milotic|Light Screen|p2a: Milotic\n|-sidestart|p2: Cryptic_Brawler|move: Light Screen\n|\n|-weather|RainDance|[upkeep]\n|-heal|p1a: Amoonguss|93\/100|[from] item: Black Sludge\n|-status|p2a: Milotic|brn|[from] item: Flame Orb\n|upkeep\n|turn|11\n|\n|t:|1701157006\n|move|p2a: Milotic|Dragon Pulse|p1a: Amoonguss\n|-damage|p1a: Amoonguss|74\/100\n|move|p1a: Amoonguss|Grass Knot|p2a: Milotic\n|-supereffective|p2a: Milotic\n|-damage|p2a: Milotic|71\/100 brn\n|\n|-weather|RainDance|[upkeep]\n|-heal|p1a: Amoonguss|80\/100|[from] item: Black Sludge\n|-damage|p2a: Milotic|64\/100 brn|[from] brn\n|upkeep\n|turn|12\n|\n|t:|1701157027\n|move|p2a: Milotic|Recover|p2a: Milotic\n|-heal|p2a: Milotic|100\/100 brn\n|move|p1a: Amoonguss|Grass Knot|p2a: Milotic\n|-supereffective|p2a: Milotic\n|-damage|p2a: Milotic|68\/100 brn\n|\n|-weather|RainDance|[upkeep]\n|-heal|p1a: Amoonguss|87\/100|[from] item: Black Sludge\n|-damage|p2a: Milotic|61\/100 brn|[from] brn\n|upkeep\n|turn|13\n|\n|t:|1701157036\n|move|p2a: Milotic|Recover|p2a: Milotic\n|-heal|p2a: Milotic|100\/100 brn\n|move|p1a: Amoonguss|Grass Knot|p2a: Milotic\n|-supereffective|p2a: Milotic\n|-damage|p2a: Milotic|70\/100 brn\n|\n|-weather|RainDance|[upkeep]\n|-heal|p1a: Amoonguss|93\/100|[from] item: Black Sludge\n|-damage|p2a: Milotic|64\/100 brn|[from] brn\n|upkeep\n|turn|14\n|\n|t:|1701157045\n|move|p2a: Milotic|Dragon Pulse|p1a: Amoonguss\n|-damage|p1a: Amoonguss|76\/100\n|move|p1a: Amoonguss|Grass Knot|p2a: Milotic\n|-supereffective|p2a: Milotic\n|-crit|p2a: Milotic\n|-damage|p2a: Milotic|0 fnt\n|faint|p2a: Milotic\n|\n|-weather|RainDance|[upkeep]\n|-heal|p1a: Amoonguss|82\/100|[from] item: Black Sludge\n|-sideend|p2: Cryptic_Brawler|move: Light Screen\n|upkeep\n|\n|t:|1701157069\n|switch|p2a: Ceruledge|Ceruledge, F|100\/100\n|turn|15\n|\n|t:|1701157086\n|move|p2a: Ceruledge|Bitter Blade|p1a: Amoonguss\n|-supereffective|p1a: Amoonguss\n|-damage|p1a: Amoonguss|35\/100\n|-status|p2a: Ceruledge|psn|[from] ability: Effect Spore|[of] p1a: Amoonguss\n|move|p1a: Amoonguss|Foul Play|p2a: Ceruledge\n|-supereffective|p2a: Ceruledge\n|-damage|p2a: Ceruledge|13\/100 psn\n|\n|-weather|RainDance|[upkeep]\n|-heal|p1a: Amoonguss|41\/100|[from] item: Black Sludge\n|-damage|p2a: Ceruledge|0 fnt|[from] psn\n|faint|p2a: Ceruledge\n|upkeep\n|\n|t:|1701157091\n|switch|p2a: Garchomp|Garchomp, M|100\/100\n|turn|16\n|\n|t:|1701157121\n|move|p2a: Garchomp|Stone Edge|p1a: Amoonguss\n|-damage|p1a: Amoonguss|3\/100\n|move|p1a: Amoonguss|Grass Knot|p2a: Garchomp\n|-damage|p2a: Garchomp|62\/100\n|-damage|p1a: Amoonguss|0 fnt|[from] ability: Rough Skin|[of] p2a: Garchomp\n|faint|p1a: Amoonguss\n|\n|-weather|none\n|upkeep\n|\n|t:|1701157131\n|switch|p1a: Pelipper|Pelipper, F, shiny|100\/100\n|-weather|RainDance|[from] ability: Drizzle|[of] p1a: Pelipper\n|turn|17\n|\n|t:|1701157140\n|move|p2a: Garchomp|Stone Edge|p1a: Pelipper\n|-supereffective|p1a: Pelipper\n|-damage|p1a: Pelipper|44\/100\n|move|p1a: Pelipper|Hurricane|p2a: Garchomp\n|-damage|p2a: Garchomp|26\/100\n|\n|-weather|RainDance|[upkeep]\n|upkeep\n|turn|18\n|\n|t:|1701157155\n|move|p2a: Garchomp|Dragon Claw|p1a: Pelipper\n|-damage|p1a: Pelipper|12\/100\n|move|p1a: Pelipper|Roost|p1a: Pelipper\n|-heal|p1a: Pelipper|62\/100\n|-singleturn|p1a: Pelipper|move: Roost\n|\n|-weather|RainDance|[upkeep]\n|upkeep\n|turn|19\n|\n|t:|1701157166\n|move|p2a: Garchomp|Stone Edge|p1a: Pelipper\n|-supereffective|p1a: Pelipper\n|-crit|p1a: Pelipper\n|-damage|p1a: Pelipper|0 fnt\n|faint|p1a: Pelipper\n|\n|-weather|RainDance|[upkeep]\n|upkeep\n|\n|t:|1701157172\n|switch|p1a: Thundurus|Thundurus-Therian, M, shiny|100\/100\n|turn|20\n|\n|t:|1701157184\n|move|p2a: Garchomp|Stone Edge|p1a: Thundurus\n|-supereffective|p1a: Thundurus\n|-damage|p1a: Thundurus|0 fnt\n|faint|p1a: Thundurus\n|\n|-weather|RainDance|[upkeep]\n|upkeep\n|\n|t:|1701157189\n|switch|p1a: Barraskewda|Barraskewda, F, shiny|15\/100 psn\n|turn|21\n|\n|t:|1701157192\n|move|p1a: Barraskewda|Aqua Jet|p2a: Garchomp\n|-damage|p2a: Garchomp|0 fnt\n|-damage|p1a: Barraskewda|3\/100 psn|[from] ability: Rough Skin|[of] p2a: Garchomp\n|-damage|p1a: Barraskewda|0 fnt|[from] item: Rocky Helmet|[of] p2a: Garchomp\n|faint|p2a: Garchomp\n|faint|p1a: Barraskewda\n|\n|win|Cryptic_Brawler\n","uploadtime":1701157202,"views":10,"p1id":"jjjsepht","p2id":"crypticbrawler","formatid":"gen9ou","rating":0,"private":0,"password":""}