{"id":"gen9ou-1995245632","p1":"hooooolyshit","p2":"i love ribombe","format":"[Gen 9] OU","log":"|j|\u2606hooooolyshit\n|j|\u2606i love ribombe\n|t:|1700539501\n|gametype|singles\n|player|p1|hooooolyshit|alec-anime|1126\n|player|p2|i love ribombe|101|1069\n|teamsize|p1|6\n|teamsize|p2|6\n|gen|9\n|tier|[Gen 9] OU\n|rated|\n|rule|Sleep Clause Mod: Limit one foe put to sleep\n|rule|Species Clause: Limit one of each Pok\u00e9mon\n|rule|OHKO Clause: OHKO moves are banned\n|rule|Evasion Items Clause: Evasion items are banned\n|rule|Evasion Moves Clause: Evasion moves are banned\n|rule|Endless Battle Clause: Forcing endless battles is banned\n|rule|HP Percentage Mod: HP is shown in percentages\n|clearpoke\n|poke|p1|Samurott-Hisui, F|\n|poke|p1|Ceruledge, F|\n|poke|p1|Thundurus-Therian, M|\n|poke|p1|Amoonguss, M|\n|poke|p1|Great Tusk|\n|poke|p1|Gholdengo|\n|poke|p2|Articuno-Galar|\n|poke|p2|Pawmot, F|\n|poke|p2|Chansey, F|\n|poke|p2|Ribombee, M|\n|poke|p2|Quaquaval, M|\n|poke|p2|Grimmsnarl, M|\n|teampreview\n|inactive|Battle timer is ON: inactive players will automatically lose when time's up. (requested by hooooolyshit)\n|c|\u2606hooooolyshit|thoughts on rhibombee?\n|\n|t:|1700539516\n|start\n|switch|p1a: :D|Ceruledge, F, shiny|100\/100\n|switch|p2a: Grimmsnarl|Grimmsnarl, M|100\/100\n|turn|1\n|\n|t:|1700539526\n|switch|p1a: :o|Samurott-Hisui, F, shiny|100\/100\n|move|p2a: Grimmsnarl|Taunt|p1a: :o\n|-hint|Since gen 7, Dark is immune to Prankster moves.\n|-immune|p1a: :o\n|\n|upkeep\n|turn|2\n|\n|t:|1700539536\n|move|p2a: Grimmsnarl|Reflect|p2a: Grimmsnarl\n|-sidestart|p2: i love ribombe|Reflect\n|move|p1a: :o|Ceaseless Edge|p2a: Grimmsnarl|[miss]\n|-miss|p1a: :o|p2a: Grimmsnarl\n|\n|upkeep\n|turn|3\n|\n|t:|1700539542\n|move|p2a: Grimmsnarl|Light Screen|p2a: Grimmsnarl\n|-sidestart|p2: i love ribombe|move: Light Screen\n|move|p1a: :o|Ceaseless Edge|p2a: Grimmsnarl\n|-resisted|p2a: Grimmsnarl\n|-damage|p2a: Grimmsnarl|93\/100\n|-sidestart|p2: i love ribombe|Spikes\n|\n|upkeep\n|turn|4\n|\n|t:|1700539551\n|switch|p1a: :\/|Amoonguss, M, shiny|100\/100\n|move|p2a: Grimmsnarl|Parting Shot|p1a: :\/\n|-unboost|p1a: :\/|atk|1\n|-unboost|p1a: :\/|spa|1\n|\n|t:|1700539567\n|switch|p2a: Cvnty bird|Articuno-Galar|100\/100|[from] Parting Shot\n|\n|upkeep\n|turn|5\n|\n|t:|1700539586\n|move|p2a: Cvnty bird|Freezing Glare|p1a: :\/\n|-supereffective|p1a: :\/\n|-damage|p1a: :\/|27\/100\n|-enditem|p1a: :\/|Red Card|[of] p2a: Cvnty bird\n|drag|p2a: Grimmsnarl|Grimmsnarl, M|93\/100\n|-damage|p2a: Grimmsnarl|81\/100|[from] Spikes\n|move|p1a: :\/|Spore|p2a: Grimmsnarl\n|-status|p2a: Grimmsnarl|slp|[from] move: Spore\n|\n|upkeep\n|turn|6\n|\n|t:|1700539609\n|switch|p2a: GAY DUCK :O|Quaquaval, M|100\/100\n|-damage|p2a: GAY DUCK :O|88\/100|[from] Spikes\n|move|p1a: :\/|Sludge Bomb|p2a: GAY DUCK :O\n|-damage|p2a: GAY DUCK :O|76\/100\n|\n|upkeep\n|turn|7\n|\n|t:|1700539622\n|switch|p1a: :o|Samurott-Hisui, F, shiny|100\/100\n|move|p2a: GAY DUCK :O|Rapid Spin|p1a: :o\n|-damage|p1a: :o|75\/100\n|-boost|p2a: GAY DUCK :O|spe|1\n|-sideend|p2: i love ribombe|Spikes|[from] move: Rapid Spin|[of] p2a: GAY DUCK :O\n|-damage|p2a: GAY DUCK :O|67\/100|[from] item: Life Orb\n|\n|upkeep\n|turn|8\n|\n|t:|1700539639\n|switch|p1a: :p|Gholdengo, shiny|100\/100\n|move|p2a: GAY DUCK :O|Brick Break|p1a: :p\n|-immune|p1a: :p\n|\n|upkeep\n|turn|9\n|\n|t:|1700539647\n|move|p2a: GAY DUCK :O|Aqua Step|p1a: :p\n|-damage|p1a: :p|63\/100\n|-boost|p2a: GAY DUCK :O|spe|1\n|-damage|p2a: GAY DUCK :O|57\/100|[from] item: Life Orb\n|move|p1a: :p|Nasty Plot|p1a: :p\n|-boost|p1a: :p|spa|2\n|\n|-heal|p1a: :p|69\/100|[from] item: Leftovers\n|-sideend|p2: i love ribombe|Reflect\n|upkeep\n|turn|10\n|\n|t:|1700539660\n|move|p2a: GAY DUCK :O|Aqua Step|p1a: :p\n|-damage|p1a: :p|36\/100\n|-boost|p2a: GAY DUCK :O|spe|1\n|-damage|p2a: GAY DUCK :O|47\/100|[from] item: Life Orb\n|move|p1a: :p|Shadow Ball|p2a: GAY DUCK :O\n|-damage|p2a: GAY DUCK :O|0 fnt\n|faint|p2a: GAY DUCK :O\n|\n|-heal|p1a: :p|42\/100|[from] item: Leftovers\n|-sideend|p2: i love ribombe|move: Light Screen\n|upkeep\n|\n|t:|1700539673\n|switch|p2a: Slayyyy|Chansey, F|100\/100\n|turn|11\n|\n|t:|1700539679\n|move|p2a: Slayyyy|Heal Bell|p2a: Slayyyy\n|-activate|p2a: Slayyyy|move: Heal Bell\n|-curestatus|p2: Grimmsnarl|slp|[msg]\n|move|p1a: :p|Recover|p1a: :p\n|-heal|p1a: :p|93\/100\n|\n|-heal|p1a: :p|99\/100|[from] item: Leftovers\n|upkeep\n|turn|12\n|\n|t:|1700539694\n|switch|p2a: Grimmsnarl|Grimmsnarl, M|81\/100\n|move|p1a: :p|Nasty Plot|p1a: :p\n|-boost|p1a: :p|spa|2\n|\n|-heal|p1a: :p|100\/100|[from] item: Leftovers\n|upkeep\n|turn|13\n|\n|t:|1700539704\n|move|p2a: Grimmsnarl|Light Screen|p2a: Grimmsnarl\n|-sidestart|p2: i love ribombe|move: Light Screen\n|move|p1a: :p|Make It Rain|p2a: Grimmsnarl\n|-supereffective|p2a: Grimmsnarl\n|-damage|p2a: Grimmsnarl|0 fnt\n|-unboost|p1a: :p|spa|1\n|faint|p2a: Grimmsnarl\n|\n|upkeep\n|\n|t:|1700539713\n|switch|p2a: Fear me (pls)|Ribombee, M, shiny|100\/100\n|turn|14\n|\n|t:|1700539719\n|-terastallize|p2a: Fear me (pls)|Fire\n|move|p2a: Fear me (pls)|Quiver Dance|p2a: Fear me (pls)\n|-boost|p2a: Fear me (pls)|spa|1\n|-boost|p2a: Fear me (pls)|spd|1\n|-boost|p2a: Fear me (pls)|spe|1\n|move|p1a: :p|Make It Rain|p2a: Fear me (pls)\n|-resisted|p2a: Fear me (pls)\n|-damage|p2a: Fear me (pls)|66\/100\n|-unboost|p1a: :p|spa|1\n|\n|-heal|p2a: Fear me (pls)|72\/100|[from] item: Leftovers\n|upkeep\n|turn|15\n|\n|t:|1700539733\n|switch|p1a: :o|Samurott-Hisui, F, shiny|75\/100\n|move|p2a: Fear me (pls)|Quiver Dance|p2a: Fear me (pls)\n|-boost|p2a: Fear me (pls)|spa|1\n|-boost|p2a: Fear me (pls)|spd|1\n|-boost|p2a: Fear me (pls)|spe|1\n|\n|-heal|p2a: Fear me (pls)|78\/100|[from] item: Leftovers\n|upkeep\n|turn|16\n|\n|t:|1700539744\n|-terastallize|p1a: :o|Water\n|move|p2a: Fear me (pls)|Draining Kiss|p1a: :o\n|-crit|p1a: :o\n|-damage|p1a: :o|0 fnt\n|-heal|p2a: Fear me (pls)|100\/100|[from] drain|[of] p1a: :o\n|faint|p1a: :o\n|\n|upkeep\n|\n|t:|1700539755\n|switch|p1a: :D|Ceruledge, F, shiny|100\/100\n|turn|17\n|\n|t:|1700539768\n|move|p2a: Fear me (pls)|Stored Power|p1a: :D\n|-crit|p1a: :D\n|-damage|p1a: :D|0 fnt\n|faint|p1a: :D\n|\n|upkeep\n|\n|t:|1700539772\n|switch|p1a: o_o|Great Tusk, shiny|100\/100\n|turn|18\n|\n|t:|1700539780\n|move|p2a: Fear me (pls)|Draining Kiss|p1a: o_o\n|-supereffective|p1a: o_o\n|-crit|p1a: o_o\n|-damage|p1a: o_o|0 fnt\n|faint|p1a: o_o\n|-end|p1a: o_o|Protosynthesis|[silent]\n|\n|upkeep\n|\n|t:|1700539783\n|switch|p1a: :p|Gholdengo, shiny|100\/100\n|turn|19\n|-message|hooooolyshit forfeited.\n|\n|win|i love ribombe\n|raw|hooooolyshit's rating: 1126 &rarr; <strong>1097<\/strong><br \/>(-29 for losing)\n|raw|i love ribombe's rating: 1069 &rarr; <strong>1103<\/strong><br \/>(+34 for winning)\n|l|\u2606hooooolyshit\n","uploadtime":1700539792,"views":14,"p1id":"hooooolyshit","p2id":"iloveribombe","formatid":"gen9ou","rating":1097,"private":0,"password":""}