{"id":"gen9ou-1996411205","p1":"nopelolno","p2":"PLAYB0I R0BBIE B","format":"[Gen 9] OU","log":"|j|\u203dnopelolno\n|j|\u2606PLAYB0I R0BBIE B\n|t:|1700679433\n|gametype|singles\n|player|p1|nopelolno|cyrus|1405\n|player|p2|PLAYB0I R0BBIE B|eusine|1443\n|teamsize|p1|6\n|teamsize|p2|6\n|gen|9\n|tier|[Gen 9] OU\n|rated|\n|rule|Sleep Clause Mod: Limit one foe put to sleep\n|rule|Species Clause: Limit one of each Pok\u00e9mon\n|rule|OHKO Clause: OHKO moves are banned\n|rule|Evasion Items Clause: Evasion items are banned\n|rule|Evasion Moves Clause: Evasion moves are banned\n|rule|Endless Battle Clause: Forcing endless battles is banned\n|rule|HP Percentage Mod: HP is shown in percentages\n|clearpoke\n|poke|p1|Maushold|\n|poke|p1|Rillaboom, M|\n|poke|p1|Great Tusk|\n|poke|p1|Heatran, F|\n|poke|p1|Enamorus, F|\n|poke|p1|Kingambit, F|\n|poke|p2|Rillaboom, F|\n|poke|p2|Walking Wake|\n|poke|p2|Ceruledge, F|\n|poke|p2|Enamorus, F|\n|poke|p2|Sandy Shocks|\n|poke|p2|Kingambit, F|\n|teampreview\n|\n|t:|1700679444\n|start\n|switch|p1a: Rillaboom|Rillaboom, M|100\/100\n|switch|p2a: Walking Wake|Walking Wake|100\/100\n|-fieldstart|move: Grassy Terrain|[from] ability: Grassy Surge|[of] p1a: Rillaboom\n|turn|1\n|\n|t:|1700679451\n|move|p2a: Walking Wake|Hydro Steam|p1a: Rillaboom\n|-resisted|p1a: Rillaboom\n|-damage|p1a: Rillaboom|59\/100\n|move|p1a: Rillaboom|Knock Off|p2a: Walking Wake\n|-crit|p2a: Walking Wake\n|-damage|p2a: Walking Wake|12\/100\n|-enditem|p2a: Walking Wake|Choice Specs|[from] move: Knock Off|[of] p1a: Rillaboom\n|\n|-heal|p2a: Walking Wake|18\/100|[from] Grassy Terrain\n|-heal|p1a: Rillaboom|65\/100|[from] Grassy Terrain\n|upkeep\n|turn|2\n|\n|t:|1700679458\n|-end|p2a: Walking Wake|Protosynthesis|[silent]\n|switch|p2a: Rillaboom|Rillaboom, F|100\/100\n|switch|p1a: Enamorus|Enamorus, F|100\/100\n|\n|upkeep\n|turn|3\n|\n|t:|1700679466\n|switch|p2a: Ceruledge|Ceruledge, F|100\/100\n|move|p1a: Enamorus|Moonblast|p2a: Ceruledge\n|-resisted|p2a: Ceruledge\n|-damage|p2a: Ceruledge|70\/100\n|\n|-heal|p2a: Ceruledge|76\/100|[from] Grassy Terrain\n|upkeep\n|turn|4\n|\n|t:|1700679472\n|switch|p1a: Great Tusk|Great Tusk|100\/100\n|-terastallize|p2a: Ceruledge|Bug\n|move|p2a: Ceruledge|Swords Dance|p2a: Ceruledge\n|-boost|p2a: Ceruledge|atk|2\n|\n|-heal|p2a: Ceruledge|82\/100|[from] Grassy Terrain\n|upkeep\n|turn|5\n|\n|t:|1700679476\n|move|p1a: Great Tusk|Bulk Up|p1a: Great Tusk\n|-boost|p1a: Great Tusk|atk|1\n|-boost|p1a: Great Tusk|def|1\n|move|p2a: Ceruledge|Swords Dance|p2a: Ceruledge\n|-boost|p2a: Ceruledge|atk|2\n|\n|-heal|p2a: Ceruledge|88\/100|[from] Grassy Terrain\n|-fieldend|move: Grassy Terrain\n|upkeep\n|turn|6\n|\n|t:|1700679480\n|move|p1a: Great Tusk|Bulk Up|p1a: Great Tusk\n|-boost|p1a: Great Tusk|atk|1\n|-boost|p1a: Great Tusk|def|1\n|move|p2a: Ceruledge|Poltergeist|p1a: Great Tusk\n|-activate|p1a: Great Tusk|move: Poltergeist|Leftovers\n|-damage|p1a: Great Tusk|44\/100\n|\n|-heal|p1a: Great Tusk|50\/100|[from] item: Leftovers\n|upkeep\n|turn|7\n|\n|t:|1700679486\n|move|p1a: Great Tusk|Bulk Up|p1a: Great Tusk\n|-boost|p1a: Great Tusk|atk|1\n|-boost|p1a: Great Tusk|def|1\n|move|p2a: Ceruledge|Bitter Blade|p1a: Great Tusk\n|-damage|p1a: Great Tusk|18\/100\n|-heal|p2a: Ceruledge|100\/100|[from] drain|[of] p1a: Great Tusk\n|\n|-heal|p1a: Great Tusk|24\/100|[from] item: Leftovers\n|upkeep\n|turn|8\n|\n|t:|1700679492\n|move|p1a: Great Tusk|Bulk Up|p1a: Great Tusk\n|-boost|p1a: Great Tusk|atk|1\n|-boost|p1a: Great Tusk|def|1\n|move|p2a: Ceruledge|Bitter Blade|p1a: Great Tusk\n|-damage|p1a: Great Tusk|0 fnt\n|faint|p1a: Great Tusk\n|-end|p1a: Great Tusk|Protosynthesis|[silent]\n|\n|upkeep\n|\n|t:|1700679497\n|switch|p1a: Maushold|Maushold|100\/100\n|turn|9\n|\n|t:|1700679498\n|move|p1a: Maushold|Population Bomb|p2a: Ceruledge\n|-damage|p2a: Ceruledge|85\/100\n|-damage|p2a: Ceruledge|70\/100\n|-damage|p2a: Ceruledge|55\/100\n|-damage|p2a: Ceruledge|38\/100\n|-damage|p2a: Ceruledge|22\/100\n|-damage|p2a: Ceruledge|7\/100\n|-hitcount|p2a: Ceruledge|6\n|move|p2a: Ceruledge|Bitter Blade|p1a: Maushold\n|-crit|p1a: Maushold\n|-damage|p1a: Maushold|0 fnt\n|-heal|p2a: Ceruledge|57\/100|[from] drain|[of] p1a: Maushold\n|faint|p1a: Maushold\n|\n|upkeep\n|-message|nopelolno forfeited.\n|\n|win|PLAYB0I R0BBIE B\n|raw|nopelolno's rating: 1405 &rarr; <strong>1387<\/strong><br \/>(-18 for losing)\n|raw|PLAYB0I R0BBIE B's rating: 1443 &rarr; <strong>1461<\/strong><br \/>(+18 for winning)\n|l|\u203dnopelolno\n","uploadtime":1700679510,"views":0,"p1id":"nopelolno","p2id":"playb0ir0bbieb","formatid":"gen9ou","rating":1387,"private":0,"password":""}