{"id":"gen9ou-1988860774","p1":"j3zter","p2":"enrage warrior hs","format":"[Gen 9] OU","log":"|j|\u2606j3zter\n|j|\u2606enrage warrior hs\n|t:|1699775756\n|gametype|singles\n|player|p1|j3zter|ethan|1278\n|player|p2|enrage warrior hs|unknown|1310\n|teamsize|p1|6\n|teamsize|p2|6\n|gen|9\n|tier|[Gen 9] OU\n|rated|\n|rule|Sleep Clause Mod: Limit one foe put to sleep\n|rule|Species Clause: Limit one of each Pok\u00e9mon\n|rule|OHKO Clause: OHKO moves are banned\n|rule|Evasion Items Clause: Evasion items are banned\n|rule|Evasion Moves Clause: Evasion moves are banned\n|rule|Endless Battle Clause: Forcing endless battles is banned\n|rule|HP Percentage Mod: HP is shown in percentages\n|clearpoke\n|poke|p1|Mamoswine, F|\n|poke|p1|Milotic, M|\n|poke|p1|Meowscarada, M|\n|poke|p1|Iron Moth|\n|poke|p1|Corviknight, M|\n|poke|p1|Garchomp, F|\n|poke|p2|Thundurus-Therian, M|\n|poke|p2|Slowking-Galar, F|\n|poke|p2|Great Tusk|\n|poke|p2|Ogerpon-Wellspring, F|\n|poke|p2|Kingambit, F|\n|poke|p2|Skeledirge, F|\n|teampreview\n|\n|t:|1699775766\n|start\n|switch|p1a: Swine Flu|Mamoswine, F|100\/100\n|switch|p2a: Great Tusk|Great Tusk|100\/100\n|turn|1\n|\n|t:|1699775796\n|move|p2a: Great Tusk|Knock Off|p1a: Swine Flu\n|-damage|p1a: Swine Flu|65\/100\n|-enditem|p1a: Swine Flu|Focus Sash|[from] move: Knock Off|[of] p2a: Great Tusk\n|move|p1a: Swine Flu|Icicle Crash|p2a: Great Tusk\n|-supereffective|p2a: Great Tusk\n|-damage|p2a: Great Tusk|41\/100\n|\n|-heal|p2a: Great Tusk|47\/100|[from] item: Leftovers\n|upkeep\n|turn|2\n|\n|t:|1699775804\n|move|p2a: Great Tusk|Headlong Rush|p1a: Swine Flu\n|-damage|p1a: Swine Flu|0 fnt\n|-unboost|p2a: Great Tusk|def|1\n|-unboost|p2a: Great Tusk|spd|1\n|faint|p1a: Swine Flu\n|\n|-heal|p2a: Great Tusk|53\/100|[from] item: Leftovers\n|upkeep\n|\n|t:|1699775809\n|switch|p1a: Phantom|Meowscarada, M|100\/100\n|turn|3\n|\n|t:|1699775818\n|-end|p2a: Great Tusk|Protosynthesis|[silent]\n|switch|p2a: Skeledirge|Skeledirge, F|100\/100\n|move|p1a: Phantom|Flower Trick|p2a: Skeledirge\n|-start|p1a: Phantom|typechange|Grass|[from] ability: Protean\n|-resisted|p2a: Skeledirge\n|-crit|p2a: Skeledirge\n|-damage|p2a: Skeledirge|82\/100\n|\n|upkeep\n|turn|4\n|\n|t:|1699775828\n|switch|p1a: Gorgeous|Milotic, M, shiny|100\/100\n|move|p2a: Skeledirge|Will-O-Wisp|p1a: Gorgeous\n|-status|p1a: Gorgeous|brn\n|\n|-damage|p1a: Gorgeous|94\/100 brn|[from] brn\n|upkeep\n|turn|5\n|\n|t:|1699775841\n|switch|p2a: Ogerpon|Ogerpon-Wellspring, F|100\/100\n|move|p1a: Gorgeous|Dragon Tail|p2a: Ogerpon\n|-damage|p2a: Ogerpon|95\/100\n|drag|p2a: Great Tusk|Great Tusk|53\/100\n|\n|-heal|p2a: Great Tusk|59\/100|[from] item: Leftovers\n|-heal|p1a: Gorgeous|100\/100 brn|[from] item: Leftovers\n|-damage|p1a: Gorgeous|94\/100 brn|[from] brn\n|upkeep\n|turn|6\n|\n|t:|1699775855\n|move|p2a: Great Tusk|Knock Off|p1a: Gorgeous\n|-damage|p1a: Gorgeous|78\/100 brn\n|-enditem|p1a: Gorgeous|Leftovers|[from] move: Knock Off|[of] p2a: Great Tusk\n|move|p1a: Gorgeous|Scald|p2a: Great Tusk\n|-supereffective|p2a: Great Tusk\n|-damage|p2a: Great Tusk|0 fnt\n|faint|p2a: Great Tusk\n|-end|p2a: Great Tusk|Protosynthesis|[silent]\n|\n|-damage|p1a: Gorgeous|72\/100 brn|[from] brn\n|upkeep\n|\n|t:|1699775860\n|switch|p2a: Ogerpon|Ogerpon-Wellspring, F|95\/100\n|turn|7\n|\n|t:|1699775906\n|switch|p1a: Phantom|Meowscarada, M|100\/100\n|move|p2a: Ogerpon|Substitute|p2a: Ogerpon\n|-start|p2a: Ogerpon|Substitute\n|-damage|p2a: Ogerpon|70\/100\n|\n|upkeep\n|turn|8\n|\n|t:|1699775913\n|move|p1a: Phantom|U-turn|p2a: Ogerpon\n|-start|p1a: Phantom|typechange|Bug|[from] ability: Protean\n|-supereffective|p2a: Ogerpon\n|-end|p2a: Ogerpon|Substitute\n|\n|t:|1699775920\n|switch|p1a: M.O.T.H.R.A|Iron Moth|100\/100|[from] U-turn\n|-enditem|p1a: M.O.T.H.R.A|Booster Energy\n|-activate|p1a: M.O.T.H.R.A|ability: Quark Drive|[fromitem]\n|-start|p1a: M.O.T.H.R.A|quarkdrivespa\n|move|p2a: Ogerpon|Ivy Cudgel|p1a: M.O.T.H.R.A\n|-supereffective|p1a: M.O.T.H.R.A\n|-damage|p1a: M.O.T.H.R.A|0 fnt\n|faint|p1a: M.O.T.H.R.A\n|-end|p1a: M.O.T.H.R.A|Quark Drive|[silent]\n|\n|upkeep\n|\n|t:|1699775923\n|switch|p1a: Phantom|Meowscarada, M|100\/100\n|turn|9\n|\n|t:|1699775937\n|switch|p2a: Skeledirge|Skeledirge, F|82\/100\n|move|p1a: Phantom|U-turn|p2a: Skeledirge\n|-start|p1a: Phantom|typechange|Bug|[from] ability: Protean\n|-resisted|p2a: Skeledirge\n|-damage|p2a: Skeledirge|76\/100\n|\n|t:|1699775955\n|switch|p1a: Gorgeous|Milotic, M, shiny|72\/100 brn|[from] U-turn\n|\n|-damage|p1a: Gorgeous|65\/100 brn|[from] brn\n|upkeep\n|turn|10\n|\n|t:|1699775970\n|switch|p2a: Slowking|Slowking-Galar, F|100\/100\n|move|p1a: Gorgeous|Scald|p2a: Slowking\n|-damage|p2a: Slowking|83\/100\n|-status|p2a: Slowking|brn\n|\n|-damage|p1a: Gorgeous|59\/100 brn|[from] brn\n|-damage|p2a: Slowking|77\/100 brn|[from] brn\n|upkeep\n|turn|11\n|\n|t:|1699775989\n|move|p1a: Gorgeous|Recover|p1a: Gorgeous\n|-heal|p1a: Gorgeous|100\/100 brn\n|move|p2a: Slowking|Future Sight|p1a: Gorgeous\n|-start|p2a: Slowking|move: Future Sight\n|\n|-damage|p1a: Gorgeous|94\/100 brn|[from] brn\n|-damage|p2a: Slowking|70\/100 brn|[from] brn\n|upkeep\n|turn|12\n|\n|t:|1699775996\n|move|p2a: Slowking|Sludge Bomb|p1a: Gorgeous\n|-damage|p1a: Gorgeous|71\/100 brn\n|move|p1a: Gorgeous|Dragon Tail|p2a: Slowking\n|-damage|p2a: Slowking|66\/100 brn\n|drag|p2a: Skeledirge|Skeledirge, F|76\/100\n|\n|-damage|p1a: Gorgeous|64\/100 brn|[from] brn\n|upkeep\n|turn|13\n|\n|t:|1699776006\n|switch|p2a: Slowking|Slowking-Galar, F|99\/100 brn\n|move|p1a: Gorgeous|Recover|p1a: Gorgeous\n|-heal|p1a: Gorgeous|100\/100 brn\n|\n|-end|p1a: Gorgeous|move: Future Sight\n|-damage|p1a: Gorgeous|71\/100 brn\n|-damage|p1a: Gorgeous|65\/100 brn|[from] brn\n|-damage|p2a: Slowking|93\/100 brn|[from] brn\n|upkeep\n|turn|14\n|\n|t:|1699776011\n|move|p1a: Gorgeous|Recover|p1a: Gorgeous\n|-heal|p1a: Gorgeous|100\/100 brn\n|move|p2a: Slowking|Future Sight|p1a: Gorgeous\n|-start|p2a: Slowking|move: Future Sight\n|\n|-damage|p1a: Gorgeous|94\/100 brn|[from] brn\n|-damage|p2a: Slowking|87\/100 brn|[from] brn\n|upkeep\n|turn|15\n|\n|t:|1699776015\n|move|p2a: Slowking|Sludge Bomb|p1a: Gorgeous\n|-damage|p1a: Gorgeous|71\/100 brn\n|move|p1a: Gorgeous|Dragon Tail|p2a: Slowking\n|-damage|p2a: Slowking|83\/100 brn\n|drag|p2a: Ogerpon|Ogerpon-Wellspring, F|70\/100\n|\n|-damage|p1a: Gorgeous|65\/100 brn|[from] brn\n|upkeep\n|turn|16\n|\n|t:|1699776024\n|move|p2a: Ogerpon|Horn Leech|p1a: Gorgeous\n|-supereffective|p1a: Gorgeous\n|-damage|p1a: Gorgeous|18\/100 brn\n|-heal|p2a: Ogerpon|100\/100|[from] drain|[of] p1a: Gorgeous\n|move|p1a: Gorgeous|Ice Beam|p2a: Ogerpon\n|-damage|p2a: Ogerpon|76\/100\n|\n|-end|p1a: Gorgeous|move: Future Sight\n|-damage|p1a: Gorgeous|0 fnt\n|faint|p1a: Gorgeous\n|upkeep\n|\n|t:|1699776029\n|switch|p1a: Phantom|Meowscarada, M|100\/100\n|turn|17\n|\n|t:|1699776057\n|switch|p2a: Kingambit|Kingambit, F|100\/100\n|-activate|p2a: Kingambit|ability: Supreme Overlord\n|-start|p2a: Kingambit|fallen1|[silent]\n|move|p1a: Phantom|Knock Off|p2a: Kingambit\n|-start|p1a: Phantom|typechange|Dark|[from] ability: Protean\n|-resisted|p2a: Kingambit\n|-damage|p2a: Kingambit|83\/100\n|-enditem|p2a: Kingambit|Leftovers|[from] move: Knock Off|[of] p1a: Phantom\n|\n|upkeep\n|turn|18\n|\n|t:|1699776065\n|switch|p1a: Cynthia|Garchomp, F|100\/100\n|move|p2a: Kingambit|Swords Dance|p2a: Kingambit\n|-boost|p2a: Kingambit|atk|2\n|\n|upkeep\n|turn|19\n|\n|t:|1699776069\n|-terastallize|p2a: Kingambit|Flying\n|move|p1a: Cynthia|Earthquake|p2a: Kingambit\n|-immune|p2a: Kingambit\n|move|p2a: Kingambit|Kowtow Cleave|p1a: Cynthia\n|-damage|p1a: Cynthia|0 fnt\n|-damage|p2a: Kingambit|71\/100|[from] ability: Rough Skin|[of] p1a: Cynthia\n|faint|p1a: Cynthia\n|\n|upkeep\n|\n|t:|1699776073\n|switch|p1a: BIRD|Corviknight, M|100\/100\n|-ability|p1a: BIRD|Pressure\n|turn|20\n|\n|t:|1699776078\n|move|p1a: BIRD|Brave Bird|p2a: Kingambit\n|-damage|p2a: Kingambit|44\/100\n|-damage|p1a: BIRD|92\/100|[from] Recoil\n|move|p2a: Kingambit|Kowtow Cleave|p1a: BIRD\n|-crit|p1a: BIRD\n|-damage|p1a: BIRD|0 fnt\n|-damage|p2a: Kingambit|28\/100|[from] item: Rocky Helmet|[of] p1a: BIRD\n|faint|p1a: BIRD\n|\n|upkeep\n|-message|j3zter forfeited.\n|\n|win|enrage warrior hs\n|raw|j3zter's rating: 1278 &rarr; <strong>1255<\/strong><br \/>(-23 for losing)\n|raw|enrage warrior hs's rating: 1310 &rarr; <strong>1328<\/strong><br \/>(+18 for winning)\n|l|\u2606j3zter\n","uploadtime":1699776085,"views":12,"p1id":"j3zter","p2id":"enragewarriorhs","formatid":"gen9ou","rating":1255,"private":0,"password":""}