{"id":"gen9ou-1994821866","p1":"mauricio3173","p2":"Home is wild","format":"[Gen 9] OU","log":"|j|\u2606mauricio3173\n|j|\u2606Home is wild\n|t:|1700495969\n|gametype|singles\n|player|p1|mauricio3173|169|1678\n|player|p2|Home is wild|170|1778\n|teamsize|p1|6\n|teamsize|p2|6\n|gen|9\n|tier|[Gen 9] OU\n|rated|\n|rule|Sleep Clause Mod: Limit one foe put to sleep\n|rule|Species Clause: Limit one of each Pok\u00e9mon\n|rule|OHKO Clause: OHKO moves are banned\n|rule|Evasion Items Clause: Evasion items are banned\n|rule|Evasion Moves Clause: Evasion moves are banned\n|rule|Endless Battle Clause: Forcing endless battles is banned\n|rule|HP Percentage Mod: HP is shown in percentages\n|clearpoke\n|poke|p1|Weezing-Galar, F|\n|poke|p1|Ceruledge, F|\n|poke|p1|Dragapult, M|\n|poke|p1|Ogerpon-Wellspring, F|\n|poke|p1|Rillaboom, F|\n|poke|p1|Kingambit, M|\n|poke|p2|Cinderace, M|\n|poke|p2|Muk-Alola, F|\n|poke|p2|Dondozo, M|\n|poke|p2|Landorus-Therian, M|\n|poke|p2|Zamazenta-*|\n|poke|p2|Clefable, F|\n|teampreview\n|inactive|Battle timer is ON: inactive players will automatically lose when time's up. (requested by Home is wild)\n|inactive|mauricio3173 has 120 seconds left.\n|inactive|mauricio3173 has 90 seconds left.\n|j| enrage warrior hs\n|inactive|mauricio3173 has 60 seconds left.\n|inactive|mauricio3173 has 30 seconds left.\n|inactive|mauricio3173 has 20 seconds left.\n|\n|t:|1700496108\n|start\n|switch|p1a: Rillaboom|Rillaboom, F|100\/100\n|switch|p2a: Muk|Muk-Alola, F|100\/100\n|-fieldstart|move: Grassy Terrain|[from] ability: Grassy Surge|[of] p1a: Rillaboom\n|turn|1\n|\n|t:|1700496124\n|move|p1a: Rillaboom|U-turn|p2a: Muk\n|-damage|p2a: Muk|61\/100\n|c|\u2606mauricio3173|you want to win ?\n|inactive|mauricio3173 has 90 seconds left.\n|\n|t:|1700496129\n|switch|p1a: Weezing|Weezing-Galar, F, shiny|100\/100|[from] U-turn\n|-ability|p1a: Weezing|Neutralizing Gas\n|move|p2a: Muk|Poison Jab|p1a: Weezing\n|-damage|p1a: Weezing|81\/100\n|\n|-heal|p1a: Weezing|87\/100|[from] Grassy Terrain\n|-heal|p1a: Weezing|93\/100|[from] item: Leftovers\n|-heal|p2a: Muk|67\/100|[from] Grassy Terrain\n|-heal|p2a: Muk|73\/100|[from] item: Leftovers\n|upkeep\n|turn|2\n|\n|t:|1700496133\n|move|p2a: Muk|Protect|p2a: Muk\n|-singleturn|p2a: Muk|Protect\n|move|p1a: Weezing|Will-O-Wisp|p2a: Muk\n|-activate|p2a: Muk|move: Protect\n|\n|-heal|p1a: Weezing|99\/100|[from] Grassy Terrain\n|-heal|p1a: Weezing|100\/100|[from] item: Leftovers\n|-heal|p2a: Muk|79\/100|[from] Grassy Terrain\n|-heal|p2a: Muk|85\/100|[from] item: Leftovers\n|upkeep\n|turn|3\n|\n|t:|1700496136\n|move|p1a: Weezing|Strange Steam|p2a: Muk\n|-damage|p2a: Muk|69\/100\n|move|p2a: Muk|Knock Off|p1a: Weezing\n|-resisted|p1a: Weezing\n|-damage|p1a: Weezing|88\/100\n|-enditem|p1a: Weezing|Leftovers|[from] move: Knock Off|[of] p2a: Muk\n|\n|-heal|p1a: Weezing|94\/100|[from] Grassy Terrain\n|-heal|p2a: Muk|75\/100|[from] Grassy Terrain\n|-heal|p2a: Muk|81\/100|[from] item: Leftovers\n|upkeep\n|turn|4\n|\n|t:|1700496140\n|move|p2a: Muk|Protect|p2a: Muk\n|-singleturn|p2a: Muk|Protect\n|move|p1a: Weezing|Strange Steam|p2a: Muk\n|-activate|p2a: Muk|move: Protect\n|\n|-heal|p1a: Weezing|100\/100|[from] Grassy Terrain\n|-heal|p2a: Muk|87\/100|[from] Grassy Terrain\n|-heal|p2a: Muk|93\/100|[from] item: Leftovers\n|upkeep\n|turn|5\n|\n|t:|1700496146\n|switch|p2a: Clefable|Clefable, F|100\/100\n|move|p1a: Weezing|Will-O-Wisp|p2a: Clefable\n|-status|p2a: Clefable|brn\n|\n|-damage|p2a: Clefable|94\/100 brn|[from] brn\n|-fieldend|move: Grassy Terrain\n|-damage|p2a: Clefable|82\/100 brn|[from] item: Sticky Barb\n|upkeep\n|turn|6\n|\n|t:|1700496160\n|-end|p1a: Weezing|ability: Neutralizing Gas\n|switch|p1a: Ogerpon|Ogerpon-Wellspring, F|100\/100\n|switch|p2a: Landorus|Landorus-Therian, M|100\/100\n|-ability|p2a: Landorus|Intimidate|boost\n|-unboost|p1a: Ogerpon|atk|1\n|\n|upkeep\n|turn|7\n|\n|t:|1700496170\n|switch|p1a: Weezing|Weezing-Galar, F, shiny|100\/100\n|-ability|p1a: Weezing|Neutralizing Gas\n|move|p2a: Landorus|Stealth Rock|p1a: Weezing\n|-sidestart|p1: mauricio3173|move: Stealth Rock\n|\n|upkeep\n|turn|8\n|\n|t:|1700496172\n|move|p2a: Landorus|Earthquake|p1a: Weezing\n|-supereffective|p1a: Weezing\n|-damage|p1a: Weezing|39\/100\n|move|p1a: Weezing|Will-O-Wisp|p2a: Landorus\n|-status|p2a: Landorus|brn\n|\n|-damage|p2a: Landorus|94\/100 brn|[from] brn\n|upkeep\n|turn|9\n|\n|t:|1700496176\n|move|p2a: Landorus|Earthquake|p1a: Weezing\n|-supereffective|p1a: Weezing\n|-damage|p1a: Weezing|8\/100\n|move|p1a: Weezing|Defog|p2a: Landorus\n|-unboost|p2a: Landorus|evasion|1\n|-sideend|p1: mauricio3173|Stealth Rock|[from] move: Defog|[of] p1a: Weezing\n|\n|-damage|p2a: Landorus|88\/100 brn|[from] brn\n|upkeep\n|turn|10\n|\n|t:|1700496180\n|move|p2a: Landorus|Earthquake|p1a: Weezing\n|-supereffective|p1a: Weezing\n|-damage|p1a: Weezing|0 fnt\n|faint|p1a: Weezing\n|-end|p1a: Weezing|ability: Neutralizing Gas\n|\n|-damage|p2a: Landorus|82\/100 brn|[from] brn\n|upkeep\n|\n|t:|1700496183\n|switch|p1a: Ogerpon|Ogerpon-Wellspring, F|100\/100\n|turn|11\n|\n|t:|1700496186\n|switch|p2a: Dondozo|Dondozo, M|100\/100\n|move|p1a: Ogerpon|Ivy Cudgel|p2a: Dondozo|[anim] Ivy Cudgel Water\n|-resisted|p2a: Dondozo\n|-damage|p2a: Dondozo|88\/100\n|\n|-heal|p2a: Dondozo|94\/100|[from] item: Leftovers\n|upkeep\n|turn|12\n|\n|t:|1700496189\n|-terastallize|p2a: Dondozo|Dragon\n|move|p1a: Ogerpon|Power Whip|p2a: Dondozo|[miss]\n|-miss|p1a: Ogerpon|p2a: Dondozo\n|move|p2a: Dondozo|Curse|p2a: Dondozo\n|-unboost|p2a: Dondozo|spe|1\n|-boost|p2a: Dondozo|atk|1\n|-boost|p2a: Dondozo|def|1\n|\n|-heal|p2a: Dondozo|99\/100|[from] item: Leftovers\n|upkeep\n|turn|13\n|\n|t:|1700496195\n|switch|p1a: Dragapult|Dragapult, M|100\/100\n|move|p2a: Dondozo|Liquidation|p1a: Dragapult\n|-resisted|p1a: Dragapult\n|-damage|p1a: Dragapult|73\/100\n|\n|-heal|p2a: Dondozo|100\/100|[from] item: Leftovers\n|upkeep\n|turn|14\n|\n|t:|1700496198\n|move|p2a: Dondozo|Protect|p2a: Dondozo\n|-singleturn|p2a: Dondozo|Protect\n|move|p1a: Dragapult|Draco Meteor|p2a: Dondozo\n|-activate|p2a: Dondozo|move: Protect\n|\n|upkeep\n|turn|15\n|\n|t:|1700496200\n|switch|p2a: Clefable|Clefable, F|82\/100 brn\n|move|p1a: Dragapult|Draco Meteor|p2a: Clefable\n|-immune|p2a: Clefable\n|\n|upkeep\n|turn|16\n|\n|t:|1700496209\n|switch|p1a: Ogerpon|Ogerpon-Wellspring, F|100\/100\n|move|p2a: Clefable|Wish|p2a: Clefable\n|\n|upkeep\n|turn|17\n|\n|t:|1700496219\n|switch|p2a: Dondozo|Dondozo, M, tera:Dragon|100\/100\n|move|p1a: Ogerpon|Swords Dance|p1a: Ogerpon\n|-boost|p1a: Ogerpon|atk|2\n|\n|upkeep\n|turn|18\n|\n|t:|1700496223\n|move|p1a: Ogerpon|Play Rough|p2a: Dondozo\n|-supereffective|p2a: Dondozo\n|-damage|p2a: Dondozo|71\/100\n|move|p2a: Dondozo|Body Press|p1a: Ogerpon\n|-damage|p1a: Ogerpon|62\/100\n|\n|-heal|p2a: Dondozo|77\/100|[from] item: Leftovers\n|upkeep\n|turn|19\n|\n|t:|1700496227\n|move|p1a: Ogerpon|Play Rough|p2a: Dondozo\n|-supereffective|p2a: Dondozo\n|-damage|p2a: Dondozo|43\/100\n|move|p2a: Dondozo|Body Press|p1a: Ogerpon\n|-damage|p1a: Ogerpon|24\/100\n|\n|-heal|p2a: Dondozo|49\/100|[from] item: Leftovers\n|upkeep\n|turn|20\n|\n|t:|1700496233\n|switch|p1a: Ceruledge|Ceruledge, F|100\/100\n|move|p2a: Dondozo|Body Press|p1a: Ceruledge\n|-immune|p1a: Ceruledge\n|\n|-heal|p2a: Dondozo|55\/100|[from] item: Leftovers\n|upkeep\n|turn|21\n|\n|t:|1700496236\n|move|p2a: Dondozo|Protect|p2a: Dondozo\n|-singleturn|p2a: Dondozo|Protect\n|move|p1a: Ceruledge|Poltergeist|p2a: Dondozo\n|-activate|p2a: Dondozo|move: Protect\n|\n|-heal|p2a: Dondozo|62\/100|[from] item: Leftovers\n|upkeep\n|turn|22\n|\n|t:|1700496239\n|switch|p2a: Landorus|Landorus-Therian, M|82\/100 brn\n|-ability|p2a: Landorus|Intimidate|boost\n|-unboost|p1a: Ceruledge|atk|1\n|move|p1a: Ceruledge|Swords Dance|p1a: Ceruledge\n|-boost|p1a: Ceruledge|atk|2\n|\n|-damage|p2a: Landorus|76\/100 brn|[from] brn\n|upkeep\n|turn|23\n|\n|t:|1700496247\n|move|p1a: Ceruledge|Poltergeist|p2a: Landorus|[miss]\n|-miss|p1a: Ceruledge|p2a: Landorus\n|move|p2a: Landorus|Stealth Rock|p1a: Ceruledge\n|-sidestart|p1: mauricio3173|move: Stealth Rock\n|\n|-damage|p2a: Landorus|70\/100 brn|[from] brn\n|upkeep\n|turn|24\n|\n|t:|1700496250\n|move|p1a: Ceruledge|Swords Dance|p1a: Ceruledge\n|-boost|p1a: Ceruledge|atk|2\n|move|p2a: Landorus|Earthquake|p1a: Ceruledge\n|-supereffective|p1a: Ceruledge\n|-damage|p1a: Ceruledge|36\/100\n|-ability|p1a: Ceruledge|Weak Armor|boost\n|-unboost|p1a: Ceruledge|def|1\n|-boost|p1a: Ceruledge|spe|2\n|\n|-damage|p2a: Landorus|64\/100 brn|[from] brn\n|upkeep\n|turn|25\n|\n|t:|1700496255\n|move|p1a: Ceruledge|Bitter Blade|p2a: Landorus\n|-damage|p2a: Landorus|0 fnt\n|-heal|p1a: Ceruledge|77\/100|[from] drain|[of] p2a: Landorus\n|-damage|p1a: Ceruledge|61\/100|[from] item: Rocky Helmet|[of] p2a: Landorus\n|faint|p2a: Landorus\n|\n|upkeep\n|\n|t:|1700496257\n|switch|p2a: Dondozo|Dondozo, M, tera:Dragon|62\/100\n|turn|26\n|\n|t:|1700496262\n|-terastallize|p1a: Ceruledge|Bug\n|move|p2a: Dondozo|Protect|p2a: Dondozo\n|-singleturn|p2a: Dondozo|Protect\n|move|p1a: Ceruledge|Poltergeist|p2a: Dondozo\n|-activate|p2a: Dondozo|move: Protect\n|\n|-heal|p2a: Dondozo|68\/100|[from] item: Leftovers\n|upkeep\n|turn|27\n|\n|t:|1700496265\n|move|p1a: Ceruledge|Poltergeist|p2a: Dondozo\n|-activate|p2a: Dondozo|move: Poltergeist|Leftovers\n|-damage|p2a: Dondozo|40\/100\n|move|p2a: Dondozo|Curse|p2a: Dondozo\n|-unboost|p2a: Dondozo|spe|1\n|-boost|p2a: Dondozo|atk|1\n|-boost|p2a: Dondozo|def|1\n|\n|-heal|p2a: Dondozo|46\/100|[from] item: Leftovers\n|upkeep\n|turn|28\n|\n|t:|1700496271\n|switch|p1a: Ogerpon|Ogerpon-Wellspring, F|24\/100\n|-damage|p1a: Ogerpon|12\/100|[from] Stealth Rock\n|move|p2a: Dondozo|Liquidation|p1a: Ogerpon\n|-heal|p1a: Ogerpon|37\/100|[from] ability: Water Absorb|[of] p2a: Dondozo\n|\n|-heal|p2a: Dondozo|52\/100|[from] item: Leftovers\n|upkeep\n|turn|29\n|\n|t:|1700496277\n|move|p1a: Ogerpon|Play Rough|p2a: Dondozo\n|-supereffective|p2a: Dondozo\n|-damage|p2a: Dondozo|32\/100\n|move|p2a: Dondozo|Body Press|p1a: Ogerpon\n|-damage|p1a: Ogerpon|0 fnt\n|faint|p1a: Ogerpon\n|\n|-heal|p2a: Dondozo|38\/100|[from] item: Leftovers\n|upkeep\n|\n|t:|1700496288\n|switch|p1a: Dragapult|Dragapult, M|73\/100\n|-damage|p1a: Dragapult|61\/100|[from] Stealth Rock\n|turn|30\n|\n|t:|1700496290\n|move|p2a: Dondozo|Protect|p2a: Dondozo\n|-singleturn|p2a: Dondozo|Protect\n|move|p1a: Dragapult|Draco Meteor|p2a: Dondozo\n|-activate|p2a: Dondozo|move: Protect\n|\n|-heal|p2a: Dondozo|44\/100|[from] item: Leftovers\n|upkeep\n|turn|31\n|\n|t:|1700496293\n|switch|p1a: Rillaboom|Rillaboom, F|100\/100\n|-damage|p1a: Rillaboom|88\/100|[from] Stealth Rock\n|-fieldstart|move: Grassy Terrain|[from] ability: Grassy Surge|[of] p1a: Rillaboom\n|switch|p2a: Clefable|Clefable, F|82\/100 brn\n|\n|-heal|p1a: Rillaboom|94\/100|[from] Grassy Terrain\n|-heal|p2a: Clefable|88\/100 brn|[from] Grassy Terrain\n|upkeep\n|turn|32\n|\n|t:|1700496304\n|move|p2a: Clefable|Protect|p2a: Clefable\n|-singleturn|p2a: Clefable|Protect\n|move|p1a: Rillaboom|Wood Hammer|p2a: Clefable\n|-activate|p2a: Clefable|move: Protect\n|\n|-heal|p1a: Rillaboom|100\/100|[from] Grassy Terrain\n|-heal|p2a: Clefable|94\/100 brn|[from] Grassy Terrain\n|upkeep\n|turn|33\n|c|\u2606mauricio3173|stall team?\n|c|\u2606Home is wild|I'm not sure what you're talking about\n|\n|t:|1700496321\n|switch|p2a: Dondozo|Dondozo, M, tera:Dragon|44\/100\n|move|p1a: Rillaboom|Wood Hammer|p2a: Dondozo\n|-resisted|p2a: Dondozo\n|-damage|p2a: Dondozo|14\/100\n|-damage|p1a: Rillaboom|86\/100|[from] Recoil\n|\n|-heal|p1a: Rillaboom|92\/100|[from] Grassy Terrain\n|-heal|p2a: Dondozo|20\/100|[from] Grassy Terrain\n|-heal|p2a: Dondozo|26\/100|[from] item: Leftovers\n|upkeep\n|turn|34\n|\n|t:|1700496327\n|switch|p1a: Dragapult|Dragapult, M|61\/100\n|-damage|p1a: Dragapult|48\/100|[from] Stealth Rock\n|move|p2a: Dondozo|Protect||[still]\n|-fail|p2a: Dondozo\n|\n|-heal|p1a: Dragapult|54\/100|[from] Grassy Terrain\n|-heal|p2a: Dondozo|33\/100|[from] Grassy Terrain\n|-heal|p2a: Dondozo|39\/100|[from] item: Leftovers\n|upkeep\n|turn|35\n|\n|t:|1700496330\n|move|p2a: Dondozo|Protect|p2a: Dondozo\n|-singleturn|p2a: Dondozo|Protect\n|move|p1a: Dragapult|Shadow Ball|p2a: Dondozo\n|-activate|p2a: Dondozo|move: Protect\n|\n|-heal|p1a: Dragapult|60\/100|[from] Grassy Terrain\n|-heal|p2a: Dondozo|45\/100|[from] Grassy Terrain\n|-heal|p2a: Dondozo|51\/100|[from] item: Leftovers\n|-fieldend|move: Grassy Terrain\n|upkeep\n|turn|36\n|\n|t:|1700496335\n|switch|p1a: Ceruledge|Ceruledge, F, tera:Bug|61\/100\n|-damage|p1a: Ceruledge|36\/100|[from] Stealth Rock\n|switch|p2a: Muk|Muk-Alola, F|93\/100\n|\n|-heal|p2a: Muk|99\/100|[from] item: Leftovers\n|upkeep\n|turn|37\n|\n|t:|1700496339\n|move|p1a: Ceruledge|Bitter Blade|p2a: Muk\n|-crit|p2a: Muk\n|-damage|p2a: Muk|20\/100\n|-heal|p1a: Ceruledge|93\/100|[from] drain|[of] p2a: Muk\n|move|p2a: Muk|Poison Jab|p1a: Ceruledge\n|-damage|p1a: Ceruledge|52\/100\n|-ability|p1a: Ceruledge|Weak Armor|boost\n|-unboost|p1a: Ceruledge|def|1\n|-boost|p1a: Ceruledge|spe|2\n|\n|-heal|p2a: Muk|26\/100|[from] item: Leftovers\n|upkeep\n|turn|38\n|\n|t:|1700496348\n|move|p2a: Muk|Protect|p2a: Muk\n|-singleturn|p2a: Muk|Protect\n|move|p1a: Ceruledge|Poltergeist|p2a: Muk\n|-activate|p2a: Muk|move: Protect\n|\n|-heal|p2a: Muk|32\/100|[from] item: Leftovers\n|upkeep\n|turn|39\n|\n|t:|1700496351\n|switch|p2a: Dondozo|Dondozo, M, tera:Dragon|51\/100\n|move|p1a: Ceruledge|Bitter Blade|p2a: Dondozo\n|-resisted|p2a: Dondozo\n|-damage|p2a: Dondozo|39\/100\n|-heal|p1a: Ceruledge|63\/100|[from] drain|[of] p2a: Dondozo\n|\n|-heal|p2a: Dondozo|46\/100|[from] item: Leftovers\n|upkeep\n|turn|40\n|\n|t:|1700496356\n|move|p1a: Ceruledge|Shadow Sneak|p2a: Dondozo\n|-damage|p2a: Dondozo|36\/100\n|move|p2a: Dondozo|Liquidation|p1a: Ceruledge\n|-damage|p1a: Ceruledge|21\/100\n|-ability|p1a: Ceruledge|Weak Armor|boost\n|-unboost|p1a: Ceruledge|def|1\n|-boost|p1a: Ceruledge|spe|2\n|\n|-heal|p2a: Dondozo|42\/100|[from] item: Leftovers\n|upkeep\n|turn|41\n|j| deneme12\n|\n|t:|1700496360\n|move|p2a: Dondozo|Protect|p2a: Dondozo\n|-singleturn|p2a: Dondozo|Protect\n|move|p1a: Ceruledge|Poltergeist|p2a: Dondozo\n|-activate|p2a: Dondozo|move: Protect\n|\n|-heal|p2a: Dondozo|48\/100|[from] item: Leftovers\n|upkeep\n|turn|42\n|\n|t:|1700496363\n|move|p1a: Ceruledge|Poltergeist|p2a: Dondozo|[miss]\n|-miss|p1a: Ceruledge|p2a: Dondozo\n|move|p2a: Dondozo|Liquidation|p1a: Ceruledge\n|-damage|p1a: Ceruledge|0 fnt\n|faint|p1a: Ceruledge\n|\n|-heal|p2a: Dondozo|54\/100|[from] item: Leftovers\n|upkeep\n|c|\u2606mauricio3173|en\n|c|\u2606mauricio3173|men\n|c|\u2606mauricio3173|your fuckin hax\n|\n|t:|1700496371\n|switch|p1a: Rillaboom|Rillaboom, F|92\/100\n|-damage|p1a: Rillaboom|80\/100|[from] Stealth Rock\n|-fieldstart|move: Grassy Terrain|[from] ability: Grassy Surge|[of] p1a: Rillaboom\n|turn|43\n|c|\u2606Home is wild|You're not making very much sense to me\n|\n|t:|1700496378\n|move|p2a: Dondozo|Protect|p2a: Dondozo\n|-singleturn|p2a: Dondozo|Protect\n|move|p1a: Rillaboom|Knock Off|p2a: Dondozo\n|-activate|p2a: Dondozo|move: Protect\n|\n|-heal|p1a: Rillaboom|86\/100|[from] Grassy Terrain\n|-heal|p2a: Dondozo|60\/100|[from] Grassy Terrain\n|-heal|p2a: Dondozo|67\/100|[from] item: Leftovers\n|upkeep\n|turn|44\n|\n|t:|1700496385\n|switch|p2a: Clefable|Clefable, F|94\/100 brn\n|move|p1a: Rillaboom|Knock Off|p2a: Clefable\n|-resisted|p2a: Clefable\n|-damage|p2a: Clefable|74\/100 brn\n|-enditem|p2a: Clefable|Sticky Barb|[from] move: Knock Off|[of] p1a: Rillaboom\n|\n|-heal|p1a: Rillaboom|92\/100|[from] Grassy Terrain\n|-heal|p2a: Clefable|80\/100 brn|[from] Grassy Terrain\n|upkeep\n|turn|45\n|\n|t:|1700496392\n|switch|p1a: Dragapult|Dragapult, M|60\/100\n|-damage|p1a: Dragapult|48\/100|[from] Stealth Rock\n|move|p2a: Clefable|Knock Off|p1a: Dragapult\n|-supereffective|p1a: Dragapult\n|-damage|p1a: Dragapult|24\/100\n|-enditem|p1a: Dragapult|Choice Specs|[from] move: Knock Off|[of] p2a: Clefable\n|\n|-heal|p1a: Dragapult|30\/100|[from] Grassy Terrain\n|-heal|p2a: Clefable|86\/100 brn|[from] Grassy Terrain\n|upkeep\n|turn|46\n|\n|t:|1700496395\n|move|p1a: Dragapult|Shadow Ball|p2a: Clefable\n|-damage|p2a: Clefable|55\/100 brn\n|move|p2a: Clefable|Moonblast|p1a: Dragapult\n|-supereffective|p1a: Dragapult\n|-crit|p1a: Dragapult\n|-damage|p1a: Dragapult|0 fnt\n|faint|p1a: Dragapult\n|\n|-heal|p2a: Clefable|61\/100 brn|[from] Grassy Terrain\n|upkeep\n|j| Dad hoarder\n|\n|t:|1700496399\n|switch|p1a: Rillaboom|Rillaboom, F|92\/100\n|-damage|p1a: Rillaboom|80\/100|[from] Stealth Rock\n|turn|47\n|\n|t:|1700496404\n|move|p1a: Rillaboom|Wood Hammer|p2a: Clefable\n|-damage|p2a: Clefable|0 fnt\n|faint|p2a: Clefable\n|-damage|p1a: Rillaboom|57\/100|[from] Recoil\n|\n|-heal|p1a: Rillaboom|63\/100|[from] Grassy Terrain\n|-fieldend|move: Grassy Terrain\n|upkeep\n|\n|t:|1700496408\n|switch|p2a: Zamazenta|Zamazenta|100\/100\n|-ability|p2a: Zamazenta|Dauntless Shield|boost\n|-boost|p2a: Zamazenta|def|1\n|turn|48\n|\n|t:|1700496410\n|move|p2a: Zamazenta|Iron Defense|p2a: Zamazenta\n|-boost|p2a: Zamazenta|def|2\n|move|p1a: Rillaboom|Wood Hammer|p2a: Zamazenta\n|-damage|p2a: Zamazenta|72\/100\n|-damage|p1a: Rillaboom|52\/100|[from] Recoil\n|\n|-heal|p2a: Zamazenta|78\/100|[from] item: Leftovers\n|upkeep\n|turn|49\n|-message|mauricio3173 forfeited.\n|\n|win|Home is wild\n|raw|mauricio3173's rating: 1678 &rarr; <strong>1664<\/strong><br \/>(-14 for losing)\n|raw|Home is wild's rating: 1778 &rarr; <strong>1792<\/strong><br \/>(+14 for winning)\n","uploadtime":1700496373,"views":4,"p1id":"mauricio3173","p2id":"homeiswild","formatid":"gen9ou","rating":1664,"private":0,"password":""}