{"id":"gen9ou-1993932684","p1":"Slither Moth 13","p2":"RabbidChinchilla","format":"[Gen 9] OU","log":"|j|\u2606Slither Moth 13\n|j|\u2606RabbidChinchilla\n|t:|1700377843\n|gametype|singles\n|player|p1|Slither Moth 13|biker-gen4|1245\n|player|p2|RabbidChinchilla|blue|1290\n|teamsize|p1|6\n|teamsize|p2|6\n|gen|9\n|tier|[Gen 9] OU\n|rated|\n|rule|Sleep Clause Mod: Limit one foe put to sleep\n|rule|Species Clause: Limit one of each Pok\u00e9mon\n|rule|OHKO Clause: OHKO moves are banned\n|rule|Evasion Items Clause: Evasion items are banned\n|rule|Evasion Moves Clause: Evasion moves are banned\n|rule|Endless Battle Clause: Forcing endless battles is banned\n|rule|HP Percentage Mod: HP is shown in percentages\n|clearpoke\n|poke|p1|Ribombee, F|\n|poke|p1|Samurott-Hisui, F|\n|poke|p1|Glimmora, M|\n|poke|p1|Gholdengo|\n|poke|p1|Iron Treads|\n|poke|p1|Kingambit, F|\n|poke|p2|Skeledirge, M|\n|poke|p2|Altaria, M|\n|poke|p2|Tinkaton, F|\n|poke|p2|Gyarados, F|\n|poke|p2|Jolteon, F|\n|poke|p2|Klefki, M|\n|teampreview\n|\n|t:|1700377865\n|start\n|switch|p1a: WEB META|Ribombee, F|100\/100\n|switch|p2a: Jolteon|Jolteon, F|100\/100\n|turn|1\n|inactive|Battle timer is ON: inactive players will automatically lose when time's up. (requested by Slither Moth 13)\n|\n|t:|1700377876\n|move|p2a: Jolteon|Thunderbolt|p1a: WEB META\n|-damage|p1a: WEB META|29\/100\n|move|p1a: WEB META|Sticky Web|p2a: Jolteon\n|-sidestart|p2: RabbidChinchilla|move: Sticky Web\n|\n|-status|p2a: Jolteon|brn|[from] item: Flame Orb\n|upkeep\n|turn|2\n|inactive|Slither Moth 13 has 120 seconds left.\n|\n|t:|1700377909\n|move|p2a: Jolteon|Volt Switch|p1a: WEB META\n|-damage|p1a: WEB META|0 fnt\n|faint|p1a: WEB META\n|\n|t:|1700377918\n|switch|p2a: Klefki|Klefki, M|100\/100|[from] Volt Switch\n|-activate|p2a: Klefki|move: Sticky Web\n|-unboost|p2a: Klefki|spe|1\n|\n|upkeep\n|\n|t:|1700377922\n|switch|p1a: TSPIKE META|Glimmora, M|100\/100\n|turn|3\n|inactive|RabbidChinchilla has 120 seconds left.\n|\n|t:|1700377956\n|move|p2a: Klefki|Thunder Wave|p1a: TSPIKE META\n|-status|p1a: TSPIKE META|par\n|move|p1a: TSPIKE META|Toxic|p2a: Klefki\n|-status|p2a: Klefki|tox\n|\n|-damage|p2a: Klefki|95\/100 tox|[from] psn\n|upkeep\n|turn|4\n|\n|t:|1700377965\n|switch|p2a: Altaria|Altaria, M|100\/100\n|move|p1a: TSPIKE META|Stealth Rock|p2a: Altaria\n|-sidestart|p2: RabbidChinchilla|move: Stealth Rock\n|\n|upkeep\n|turn|5\n|\n|t:|1700377977\n|switch|p1a: SPIKE META|Samurott-Hisui, F|100\/100\n|move|p2a: Altaria|Earthquake|p1a: SPIKE META\n|-damage|p1a: SPIKE META|75\/100\n|\n|upkeep\n|turn|6\n|j| SDK04\n|c| SDK04|It\u2019s this team again\n|\n|t:|1700377995\n|move|p1a: SPIKE META|Ceaseless Edge|p2a: Altaria\n|-damage|p2a: Altaria|62\/100\n|-sidestart|p2: RabbidChinchilla|Spikes\n|move|p2a: Altaria|Defog|p1a: SPIKE META\n|-unboost|p1a: SPIKE META|evasion|1\n|-sideend|p2: RabbidChinchilla|Spikes|[from] move: Defog|[of] p2a: Altaria\n|-sideend|p2: RabbidChinchilla|Stealth Rock|[from] move: Defog|[of] p2a: Altaria\n|-sideend|p2: RabbidChinchilla|Sticky Web|[from] move: Defog|[of] p2a: Altaria\n|\n|upkeep\n|turn|7\n|c| SDK04|Same guy too\n|c|\u2606Slither Moth 13|wait is this the altaria team I lost to?\n|c|\u2606Slither Moth 13|lol\n|c| SDK04|The exact same one\n|c|\u2606Slither Moth 13|based\n|\n|t:|1700378017\n|move|p1a: SPIKE META|Ceaseless Edge|p2a: Altaria\n|-damage|p2a: Altaria|23\/100\n|-sidestart|p2: RabbidChinchilla|Spikes\n|move|p2a: Altaria|Roost|p2a: Altaria\n|-heal|p2a: Altaria|73\/100\n|-singleturn|p2a: Altaria|move: Roost\n|\n|upkeep\n|turn|8\n|\n|t:|1700378022\n|move|p1a: SPIKE META|Ceaseless Edge|p2a: Altaria\n|-damage|p2a: Altaria|37\/100\n|-sidestart|p2: RabbidChinchilla|Spikes\n|move|p2a: Altaria|Defog|p1a: SPIKE META\n|-unboost|p1a: SPIKE META|evasion|1\n|-sideend|p2: RabbidChinchilla|Spikes|[from] move: Defog|[of] p2a: Altaria\n|\n|upkeep\n|turn|9\n|c| SDK04|How\u2019re you doing RabbidChinchilla?\n|j| qrib\n|c|\u2606RabbidChinchilla|Eh, spending a bit more time on here then I should\n|\n|t:|1700378041\n|switch|p2a: Tinkaton|Tinkaton, F|100\/100\n|-ability|p2a: Tinkaton|Mold Breaker\n|move|p1a: SPIKE META|Ceaseless Edge|p2a: Tinkaton\n|-resisted|p2a: Tinkaton\n|-damage|p2a: Tinkaton|77\/100\n|-sidestart|p2: RabbidChinchilla|Spikes\n|\n|-heal|p2a: Tinkaton|83\/100|[from] item: Leftovers\n|upkeep\n|turn|10\n|c| SDK04|Same lol\n|\n|t:|1700378051\n|switch|p1a: IRON TUSK 69|Iron Treads|100\/100\n|-enditem|p1a: IRON TUSK 69|Booster Energy\n|-activate|p1a: IRON TUSK 69|ability: Quark Drive|[fromitem]\n|-start|p1a: IRON TUSK 69|quarkdrivespe\n|move|p2a: Tinkaton|Knock Off|p1a: IRON TUSK 69\n|-damage|p1a: IRON TUSK 69|86\/100\n|\n|-heal|p2a: Tinkaton|90\/100|[from] item: Leftovers\n|upkeep\n|turn|11\n|\n|t:|1700378056\n|switch|p2a: Klefki|Klefki, M|95\/100 tox\n|-damage|p2a: Klefki|82\/100 tox|[from] Spikes\n|move|p1a: IRON TUSK 69|Stealth Rock|p2a: Klefki\n|-sidestart|p2: RabbidChinchilla|move: Stealth Rock\n|\n|-damage|p2a: Klefki|76\/100 tox|[from] psn\n|upkeep\n|turn|12\n|\n|t:|1700378058\n|move|p2a: Klefki|Reflect|p2a: Klefki\n|-sidestart|p2: RabbidChinchilla|Reflect\n|move|p1a: IRON TUSK 69|Earth Power|p2a: Klefki\n|-supereffective|p2a: Klefki\n|-damage|p2a: Klefki|0 fnt\n|faint|p2a: Klefki\n|\n|upkeep\n|\n|t:|1700378065\n|switch|p2a: Gyarados|Gyarados, F|100\/100\n|-damage|p2a: Gyarados|76\/100|[from] Stealth Rock\n|turn|13\n|\n|t:|1700378079\n|move|p1a: IRON TUSK 69|Rapid Spin|p2a: Gyarados\n|-crit|p2a: Gyarados\n|-damage|p2a: Gyarados|51\/100\n|-boost|p1a: IRON TUSK 69|spe|1\n|move|p2a: Gyarados|Waterfall|p1a: IRON TUSK 69\n|-supereffective|p1a: IRON TUSK 69\n|-damage|p1a: IRON TUSK 69|18\/100\n|\n|-heal|p2a: Gyarados|57\/100|[from] item: Leftovers\n|upkeep\n|turn|14\n|\n|t:|1700378086\n|move|p1a: IRON TUSK 69|Steel Beam|p2a: Gyarados\n|-resisted|p2a: Gyarados\n|-damage|p2a: Gyarados|29\/100\n|-damage|p1a: IRON TUSK 69|0 fnt|[from] steelbeam\n|faint|p1a: IRON TUSK 69\n|-end|p1a: IRON TUSK 69|Quark Drive|[silent]\n|move|p2a: Gyarados|Waterfall|p1: IRON TUSK 69|[notarget]\n|-fail|p2a: Gyarados\n|\n|-heal|p2a: Gyarados|35\/100|[from] item: Leftovers\n|upkeep\n|\n|t:|1700378095\n|switch|p1a: SPIKE META|Samurott-Hisui, F|75\/100\n|turn|15\n|\n|t:|1700378100\n|move|p1a: SPIKE META|Ceaseless Edge|p2a: Gyarados\n|-damage|p2a: Gyarados|9\/100\n|-sidestart|p2: RabbidChinchilla|Spikes\n|move|p2a: Gyarados|Earthquake|p1a: SPIKE META\n|-damage|p1a: SPIKE META|26\/100\n|\n|-heal|p2a: Gyarados|15\/100|[from] item: Leftovers\n|upkeep\n|turn|16\n|\n|t:|1700378110\n|move|p1a: SPIKE META|Ceaseless Edge|p2a: Gyarados\n|-damage|p2a: Gyarados|0 fnt\n|-sidestart|p2: RabbidChinchilla|Spikes\n|faint|p2a: Gyarados\n|\n|upkeep\n|\n|t:|1700378122\n|switch|p2a: Tinkaton|Tinkaton, F|90\/100\n|-damage|p2a: Tinkaton|65\/100|[from] Spikes\n|-damage|p2a: Tinkaton|59\/100|[from] Stealth Rock\n|-ability|p2a: Tinkaton|Mold Breaker\n|turn|17\n|\n|t:|1700378130\n|move|p2a: Tinkaton|Knock Off|p1a: SPIKE META\n|-resisted|p1a: SPIKE META\n|-damage|p1a: SPIKE META|11\/100\n|-enditem|p1a: SPIKE META|Assault Vest|[from] move: Knock Off|[of] p2a: Tinkaton\n|move|p1a: SPIKE META|Surf|p2a: Tinkaton\n|-damage|p2a: Tinkaton|18\/100\n|\n|-heal|p2a: Tinkaton|24\/100|[from] item: Leftovers\n|upkeep\n|turn|18\n|\n|t:|1700378136\n|move|p1a: SPIKE META|Aqua Jet|p2a: Tinkaton\n|-damage|p2a: Tinkaton|14\/100\n|move|p2a: Tinkaton|Gigaton Hammer|p1a: SPIKE META\n|-resisted|p1a: SPIKE META\n|-damage|p1a: SPIKE META|0 fnt\n|faint|p1a: SPIKE META\n|\n|-heal|p2a: Tinkaton|20\/100|[from] item: Leftovers\n|upkeep\n|\n|t:|1700378148\n|switch|p1a: TSPIKE META|Glimmora, M|100\/100 par\n|turn|19\n|\n|t:|1700378153\n|move|p2a: Tinkaton|Knock Off|p1a: TSPIKE META\n|-damage|p1a: TSPIKE META|70\/100 par\n|-enditem|p1a: TSPIKE META|Focus Sash|[from] move: Knock Off|[of] p2a: Tinkaton\n|move|p1a: TSPIKE META|Earth Power|p2a: Tinkaton\n|-supereffective|p2a: Tinkaton\n|-damage|p2a: Tinkaton|0 fnt\n|faint|p2a: Tinkaton\n|\n|-sideend|p2: RabbidChinchilla|Reflect\n|upkeep\n|\n|t:|1700378157\n|switch|p2a: Altaria|Altaria, M|37\/100\n|turn|20\n|\n|t:|1700378186\n|switch|p1a: EVIL META|Gholdengo|100\/100\n|move|p2a: Altaria|Roost|p2a: Altaria\n|-heal|p2a: Altaria|87\/100\n|-singleturn|p2a: Altaria|move: Roost\n|\n|upkeep\n|turn|21\n|\n|t:|1700378194\n|move|p2a: Altaria|Earthquake|p1a: EVIL META\n|-supereffective|p1a: EVIL META\n|-damage|p1a: EVIL META|71\/100\n|move|p1a: EVIL META|Light Screen|p1a: EVIL META\n|-sidestart|p1: Slither Moth 13|move: Light Screen\n|\n|upkeep\n|turn|22\n|\n|t:|1700378198\n|switch|p2a: Skeledirge|Skeledirge, M|100\/100\n|-damage|p2a: Skeledirge|76\/100|[from] Spikes\n|-damage|p2a: Skeledirge|51\/100|[from] Stealth Rock\n|move|p1a: EVIL META|Reflect|p1a: EVIL META\n|-sidestart|p1: Slither Moth 13|Reflect\n|\n|-heal|p2a: Skeledirge|57\/100|[from] item: Leftovers\n|upkeep\n|turn|23\n|\n|t:|1700378203\n|switch|p1a: TSPIKE META|Glimmora, M|70\/100 par\n|move|p2a: Skeledirge|Torch Song|p1a: TSPIKE META\n|-resisted|p1a: TSPIKE META\n|-damage|p1a: TSPIKE META|59\/100 par\n|-boost|p2a: Skeledirge|spa|1\n|\n|-heal|p2a: Skeledirge|63\/100|[from] item: Leftovers\n|upkeep\n|turn|24\n|\n|t:|1700378208\n|switch|p2a: Altaria|Altaria, M|87\/100\n|move|p1a: TSPIKE META|Toxic|p2a: Altaria\n|-status|p2a: Altaria|tox\n|\n|-damage|p2a: Altaria|81\/100 tox|[from] psn\n|upkeep\n|turn|25\n|\n|t:|1700378212\n|switch|p1a: EVIL META|Gholdengo|71\/100\n|move|p2a: Altaria|Defog|p1a: EVIL META\n|-immune|p1a: EVIL META|[from] ability: Good as Gold\n|\n|-damage|p2a: Altaria|69\/100 tox|[from] psn\n|upkeep\n|turn|26\n|\n|t:|1700378216\n|move|p2a: Altaria|Roost|p2a: Altaria\n|-heal|p2a: Altaria|100\/100 tox\n|-singleturn|p2a: Altaria|move: Roost\n|move|p1a: EVIL META|Steel Beam|p2a: Altaria\n|-damage|p2a: Altaria|58\/100 tox\n|-damage|p1a: EVIL META|21\/100|[from] steelbeam\n|\n|-damage|p2a: Altaria|40\/100 tox|[from] psn\n|upkeep\n|turn|27\n|\n|t:|1700378221\n|move|p2a: Altaria|Roost|p2a: Altaria\n|-heal|p2a: Altaria|90\/100 tox\n|-singleturn|p2a: Altaria|move: Roost\n|move|p1a: EVIL META|Steel Beam|p2a: Altaria\n|-damage|p2a: Altaria|45\/100 tox\n|-damage|p1a: EVIL META|0 fnt|[from] steelbeam\n|faint|p1a: EVIL META\n|\n|-damage|p2a: Altaria|21\/100 tox|[from] psn\n|upkeep\n|\n|t:|1700378223\n|switch|p1a: Rigged Suspect|Kingambit, F|100\/100\n|-activate|p1a: Rigged Suspect|ability: Supreme Overlord\n|-start|p1a: Rigged Suspect|fallen4|[silent]\n|turn|28\n|\n|t:|1700378232\n|move|p2a: Altaria|Defog|p1a: Rigged Suspect\n|-unboost|p1a: Rigged Suspect|evasion|1\n|-sideend|p1: Slither Moth 13|Reflect\n|-sideend|p1: Slither Moth 13|move: Light Screen\n|-sideend|p2: RabbidChinchilla|Spikes|[from] move: Defog|[of] p2a: Altaria\n|-sideend|p2: RabbidChinchilla|Stealth Rock|[from] move: Defog|[of] p2a: Altaria\n|move|p1a: Rigged Suspect|Swords Dance|p1a: Rigged Suspect\n|-boost|p1a: Rigged Suspect|atk|2\n|\n|-damage|p2a: Altaria|0 fnt|[from] psn\n|faint|p2a: Altaria\n|upkeep\n|\n|t:|1700378235\n|switch|p2a: Skeledirge|Skeledirge, M|63\/100\n|turn|29\n|\n|t:|1700378240\n|-terastallize|p2a: Skeledirge|Fairy\n|-terastallize|p1a: Rigged Suspect|Fairy\n|move|p2a: Skeledirge|Torch Song|p1a: Rigged Suspect\n|-damage|p1a: Rigged Suspect|71\/100\n|-boost|p2a: Skeledirge|spa|1\n|move|p1a: Rigged Suspect|Kowtow Cleave|p2a: Skeledirge\n|-resisted|p2a: Skeledirge\n|-damage|p2a: Skeledirge|35\/100\n|\n|-heal|p2a: Skeledirge|41\/100|[from] item: Leftovers\n|-heal|p1a: Rigged Suspect|77\/100|[from] item: Leftovers\n|upkeep\n|turn|30\n|\n|t:|1700378258\n|-end|p1a: Rigged Suspect|fallen4|[silent]\n|switch|p1a: TSPIKE META|Glimmora, M|59\/100 par\n|move|p2a: Skeledirge|Torch Song|p1a: TSPIKE META\n|-resisted|p1a: TSPIKE META\n|-damage|p1a: TSPIKE META|26\/100 par\n|-boost|p2a: Skeledirge|spa|1\n|\n|-heal|p2a: Skeledirge|47\/100|[from] item: Leftovers\n|upkeep\n|turn|31\n|\n|t:|1700378263\n|move|p2a: Skeledirge|Torch Song|p1a: TSPIKE META\n|-resisted|p1a: TSPIKE META\n|-damage|p1a: TSPIKE META|0 fnt\n|-boost|p2a: Skeledirge|spa|1\n|faint|p1a: TSPIKE META\n|\n|-heal|p2a: Skeledirge|53\/100|[from] item: Leftovers\n|upkeep\n|\n|t:|1700378265\n|switch|p1a: Rigged Suspect|Kingambit, F, tera:Fairy|77\/100\n|-activate|p1a: Rigged Suspect|ability: Supreme Overlord\n|-start|p1a: Rigged Suspect|fallen5|[silent]\n|turn|32\n|\n|t:|1700378268\n|move|p2a: Skeledirge|Torch Song|p1a: Rigged Suspect\n|-damage|p1a: Rigged Suspect|0 fnt\n|-boost|p2a: Skeledirge|spa|1\n|faint|p1a: Rigged Suspect\n|-end|p1a: Rigged Suspect|fallen5|[silent]\n|\n|win|RabbidChinchilla\n|raw|Slither Moth 13's rating: 1245 &rarr; <strong>1225<\/strong><br \/>(-20 for losing)\n|raw|RabbidChinchilla's rating: 1309 &rarr; <strong>1325<\/strong><br \/>(+16 for winning)\n|c|\u2606Slither Moth 13|wow\n|c|\u2606Slither Moth 13|lol\n|c|\u2606Slither Moth 13|gg\n|c|\u2606RabbidChinchilla|gg\n|c|\u2606RabbidChinchilla|why the switch?\n|c|\u2606Slither Moth 13|toxic\n|c|\u2606Slither Moth 13|idk\n|c|\u2606Slither Moth 13|it was fucked\n|c|\u2606RabbidChinchilla|ah\n|c| SDK04|And you lost again to it lmao\n|c|\u2606Slither Moth 13|my team weak to dirge\n|c|\u2606Slither Moth 13|this time there wasnt even any hax\n|c|\u2606Slither Moth 13|lol\n|l|\u2606RabbidChinchilla\n|j|\u2606RabbidChinchilla\n|player|p2|RabbidChinchilla|blue\n|l|\u2606RabbidChinchilla\n|player|p2|\n|j| xxxdusk\n|l| xxxdusk\n|l| SDK04\n|l| qrib\n|j| SDK04\n","uploadtime":1700378295,"views":31,"p1id":"slithermoth13","p2id":"rabbidchinchilla","formatid":"gen9ou","rating":1225,"private":0,"password":""}