{"id":"gen9ou-1992597921","p1":"ouzd king bandit","p2":"smiley123","format":"[Gen 9] OU","log":"|j|\u2606ouzd king bandit\n|j|\u2606smiley123\n|t:|1700212300\n|gametype|singles\n|player|p1|ouzd king bandit|169|1551\n|player|p2|smiley123|giovanni|1466\n|teamsize|p1|6\n|teamsize|p2|6\n|gen|9\n|tier|[Gen 9] OU\n|rated|\n|rule|Sleep Clause Mod: Limit one foe put to sleep\n|rule|Species Clause: Limit one of each Pok\u00e9mon\n|rule|OHKO Clause: OHKO moves are banned\n|rule|Evasion Items Clause: Evasion items are banned\n|rule|Evasion Moves Clause: Evasion moves are banned\n|rule|Endless Battle Clause: Forcing endless battles is banned\n|rule|HP Percentage Mod: HP is shown in percentages\n|clearpoke\n|poke|p1|Brambleghast, F|\n|poke|p1|Regidrago|\n|poke|p1|Slowking-Galar, M|\n|poke|p1|Meowscarada, M|\n|poke|p1|Zapdos|\n|poke|p1|Iron Valiant|\n|poke|p2|Iron Moth|\n|poke|p2|Cinderace, F|\n|poke|p2|Landorus-Therian, M|\n|poke|p2|Ditto|\n|poke|p2|Greninja-*, M|\n|poke|p2|Hatterene, F|\n|teampreview\n|inactive|Battle timer is ON: inactive players will automatically lose when time's up. (requested by smiley123)\n|\n|t:|1700212318\n|start\n|switch|p1a: Meowscarada|Meowscarada, M|100\/100\n|switch|p2a: Landorus|Landorus-Therian, M|100\/100\n|-ability|p2a: Landorus|Intimidate|boost\n|-unboost|p1a: Meowscarada|atk|1\n|turn|1\n|\n|t:|1700212323\n|switch|p1a: Zapdos|Zapdos|100\/100\n|move|p2a: Landorus|U-turn|p1a: Zapdos\n|-resisted|p1a: Zapdos\n|-damage|p1a: Zapdos|82\/100\n|-status|p2a: Landorus|par|[from] ability: Static|[of] p1a: Zapdos\n|\n|t:|1700212329\n|switch|p2a: Iron Moth|Iron Moth|100\/100|[from] U-turn\n|\n|upkeep\n|turn|2\n|\n|t:|1700212333\n|move|p2a: Iron Moth|Sludge Wave|p1a: Zapdos\n|-damage|p1a: Zapdos|0 fnt\n|faint|p1a: Zapdos\n|\n|upkeep\n|\n|t:|1700212337\n|switch|p1a: Meowscarada|Meowscarada, M|100\/100\n|turn|3\n|\n|t:|1700212341\n|move|p1a: Meowscarada|Knock Off|p2a: Iron Moth\n|-damage|p2a: Iron Moth|2\/100\n|-enditem|p2a: Iron Moth|Choice Specs|[from] move: Knock Off|[of] p1a: Meowscarada\n|-damage|p1a: Meowscarada|91\/100|[from] item: Life Orb\n|move|p2a: Iron Moth|Sludge Wave|p1a: Meowscarada\n|-supereffective|p1a: Meowscarada\n|-damage|p1a: Meowscarada|0 fnt\n|faint|p1a: Meowscarada\n|\n|upkeep\n|\n|t:|1700212355\n|switch|p1a: Slowking|Slowking-Galar, M|100\/100\n|turn|4\n|j| Regimidas\n|\n|t:|1700212359\n|move|p2a: Iron Moth|Psychic|p1a: Slowking\n|-damage|p1a: Slowking|78\/100\n|move|p1a: Slowking|Chilly Reception|p1a: Slowking\n|-weather|Snow\n|\n|t:|1700212366\n|switch|p1a: Regidrago|Regidrago|100\/100|[from] Chilly Reception\n|\n|-weather|Snow|[upkeep]\n|upkeep\n|turn|5\n|\n|t:|1700212371\n|switch|p1a: Slowking|Slowking-Galar, M|100\/100\n|-end|p2a: Iron Moth|Quark Drive|[silent]\n|switch|p2a: Landorus|Landorus-Therian, M|100\/100 par\n|-ability|p2a: Landorus|Intimidate|boost\n|-unboost|p1a: Slowking|atk|1\n|\n|-weather|Snow|[upkeep]\n|upkeep\n|turn|6\n|\n|t:|1700212378\n|cant|p2a: Landorus|par\n|move|p1a: Slowking|Ice Beam|p2a: Landorus\n|-supereffective|p2a: Landorus\n|-damage|p2a: Landorus|0 fnt\n|faint|p2a: Landorus\n|\n|-weather|Snow|[upkeep]\n|upkeep\n|\n|t:|1700212383\n|switch|p2a: Hatterene|Hatterene, F|100\/100\n|turn|7\n|\n|t:|1700212393\n|switch|p2a: Cinderace|Cinderace, F|100\/100\n|move|p1a: Slowking|Sludge Bomb|p2a: Cinderace\n|-damage|p2a: Cinderace|42\/100\n|\n|-weather|Snow|[upkeep]\n|upkeep\n|turn|8\n|\n|t:|1700212404\n|move|p2a: Cinderace|Pyro Ball|p1a: Slowking\n|-damage|p1a: Slowking|30\/100\n|move|p1a: Slowking|Sludge Bomb|p2a: Cinderace\n|-damage|p2a: Cinderace|0 fnt\n|faint|p2a: Cinderace\n|\n|-weather|none\n|upkeep\n|\n|t:|1700212410\n|switch|p2a: Iron Moth|Iron Moth|2\/100\n|turn|9\n|\n|t:|1700212413\n|switch|p1a: Regidrago|Regidrago|100\/100\n|move|p2a: Iron Moth|Fiery Dance|p1a: Regidrago\n|-resisted|p1a: Regidrago\n|-damage|p1a: Regidrago|75\/100\n|-boost|p2a: Iron Moth|spa|1\n|\n|upkeep\n|turn|10\n|\n|t:|1700212428\n|move|p1a: Regidrago|Dragon Energy|p2a: Iron Moth\n|-damage|p2a: Iron Moth|0 fnt\n|faint|p2a: Iron Moth\n|-end|p2a: Iron Moth|Quark Drive|[silent]\n|\n|upkeep\n|\n|t:|1700212430\n|switch|p2a: Hatterene|Hatterene, F|100\/100\n|turn|11\n|\n|t:|1700212436\n|move|p1a: Regidrago|Dragon Energy|p2a: Hatterene\n|-immune|p2a: Hatterene\n|move|p2a: Hatterene|Draining Kiss|p1a: Regidrago\n|-supereffective|p1a: Regidrago\n|-damage|p1a: Regidrago|0 fnt\n|faint|p1a: Regidrago\n|\n|upkeep\n|\n|t:|1700212439\n|switch|p1a: Brambleghast|Brambleghast, F|100\/100\n|turn|12\n|\n|t:|1700212450\n|move|p1a: Brambleghast|Power Whip|p2a: Hatterene\n|-damage|p2a: Hatterene|12\/100\n|-enditem|p2a: Hatterene|Sitrus Berry|[eat]\n|-heal|p2a: Hatterene|36\/100|[from] item: Sitrus Berry\n|move|p2a: Hatterene|Mystical Fire|p1a: Brambleghast\n|-supereffective|p1a: Brambleghast\n|-damage|p1a: Brambleghast|0 fnt\n|faint|p1a: Brambleghast\n|\n|upkeep\n|\n|t:|1700212454\n|switch|p1a: Slowking|Slowking-Galar, M|64\/100\n|turn|13\n|\n|t:|1700212460\n|move|p1a: Slowking|Future Sight|p2a: Hatterene\n|-start|p1a: Slowking|move: Future Sight\n|move|p2a: Hatterene|Psyshock|p1a: Slowking\n|-damage|p1a: Slowking|16\/100\n|\n|upkeep\n|turn|14\n|\n|t:|1700212468\n|switch|p2a: Greninja|Greninja, M|100\/100\n|move|p1a: Slowking|Sludge Bomb|p2a: Greninja\n|-damage|p2a: Greninja|30\/100\n|-status|p2a: Greninja|psn\n|\n|-damage|p2a: Greninja|18\/100 psn|[from] psn\n|upkeep\n|turn|15\n|\n|t:|1700212476\n|move|p2a: Greninja|Dark Pulse|p1a: Slowking\n|-supereffective|p1a: Slowking\n|-damage|p1a: Slowking|0 fnt\n|faint|p1a: Slowking\n|-ability|p2a: Greninja|Battle Bond|boost\n|-boost|p2a: Greninja|atk|1\n|-boost|p2a: Greninja|spa|1\n|-boost|p2a: Greninja|spe|1\n|-activate|p2a: Greninja|ability: Battle Bond\n|-damage|p2a: Greninja|8\/100 psn|[from] item: Life Orb\n|\n|-end|p2a: Greninja|move: Future Sight\n|-immune|p2a: Greninja\n|-damage|p2a: Greninja|0 fnt|[from] psn\n|faint|p2a: Greninja\n|upkeep\n|\n|t:|1700212481\n|switch|p2a: Hatterene|Hatterene, F|36\/100\n|switch|p1a: Iron Valiant|Iron Valiant|100\/100\n|-enditem|p1a: Iron Valiant|Booster Energy\n|-activate|p1a: Iron Valiant|ability: Quark Drive|[fromitem]\n|-start|p1a: Iron Valiant|quarkdrivespa\n|turn|16\n|\n|t:|1700212488\n|move|p1a: Iron Valiant|Moonblast|p2a: Hatterene\n|-damage|p2a: Hatterene|0 fnt\n|faint|p2a: Hatterene\n|\n|upkeep\n|\n|t:|1700212491\n|switch|p2a: Ditto|Ditto|100\/100\n|-transform|p2a: Ditto|p1a: Iron Valiant|[from] ability: Imposter\n|turn|17\n|\n|t:|1700212496\n|-terastallize|p1a: Iron Valiant|Ghost\n|move|p2a: Ditto|Moonblast|p1a: Iron Valiant\n|-damage|p1a: Iron Valiant|13\/100\n|move|p1a: Iron Valiant|Moonblast|p2a: Ditto\n|-supereffective|p2a: Ditto\n|-damage|p2a: Ditto|0 fnt\n|faint|p2a: Ditto\n|-end|p2a: Ditto|Quark Drive|[silent]\n|\n|win|ouzd king bandit\n|raw|ouzd king bandit's rating: 1551 &rarr; <strong>1566<\/strong><br \/>(+15 for winning)\n|raw|smiley123's rating: 1466 &rarr; <strong>1451<\/strong><br \/>(-15 for losing)\n|c|\u2606smiley123|Gg\n|c|\u2606smiley123|Wp\n","uploadtime":1700212504,"views":20,"p1id":"ouzdkingbandit","p2id":"smiley123","formatid":"gen9ou","rating":1451,"private":0,"password":""}