{"id":"gen9ou-1989483777","p1":"potatobodyslam","p2":"Slopandslimeher","format":"[Gen 9] OU","log":"|j|\u2606potatobodyslam\n|j|\u2606Slopandslimeher\n|t:|1699858152\n|gametype|singles\n|player|p1|potatobodyslam|102|1422\n|player|p2|Slopandslimeher|scientist-gen9|1392\n|teamsize|p1|6\n|teamsize|p2|6\n|gen|9\n|tier|[Gen 9] OU\n|rated|\n|rule|Sleep Clause Mod: Limit one foe put to sleep\n|rule|Species Clause: Limit one of each Pok\u00e9mon\n|rule|OHKO Clause: OHKO moves are banned\n|rule|Evasion Items Clause: Evasion items are banned\n|rule|Evasion Moves Clause: Evasion moves are banned\n|rule|Endless Battle Clause: Forcing endless battles is banned\n|rule|HP Percentage Mod: HP is shown in percentages\n|clearpoke\n|poke|p1|Heatran, M|\n|poke|p1|Rillaboom, F|\n|poke|p1|Manaphy|\n|poke|p1|Iron Valiant|\n|poke|p1|Cresselia, F|\n|poke|p1|Great Tusk|\n|poke|p2|Samurott-Hisui, M|\n|poke|p2|Espeon, M|\n|poke|p2|Gholdengo|\n|poke|p2|Landorus-Therian, M|\n|poke|p2|Iron Valiant|\n|poke|p2|Dragonite, M|\n|teampreview\n|inactive|Battle timer is ON: inactive players will automatically lose when time's up. (requested by Slopandslimeher)\n|\n|t:|1699858164\n|start\n|switch|p1a: Rillaboom|Rillaboom, F|100\/100\n|switch|p2a: Landorus|Landorus-Therian, M, shiny|100\/100\n|-ability|p2a: Landorus|Intimidate|boost\n|-unboost|p1a: Rillaboom|atk|1\n|-fieldstart|move: Grassy Terrain|[from] ability: Grassy Surge|[of] p1a: Rillaboom\n|turn|1\n|inactive|Slopandslimeher has 120 seconds left.\n|\n|t:|1699858201\n|move|p2a: Landorus|U-turn|p1a: Rillaboom\n|-supereffective|p1a: Rillaboom\n|-damage|p1a: Rillaboom|13\/100\n|\n|t:|1699858227\n|switch|p2a: Iron Valiant|Iron Valiant|100\/100|[from] U-turn\n|-enditem|p2a: Iron Valiant|Booster Energy\n|-activate|p2a: Iron Valiant|ability: Quark Drive|[fromitem]\n|-start|p2a: Iron Valiant|quarkdrivespe\n|move|p1a: Rillaboom|U-turn|p2a: Iron Valiant\n|-resisted|p2a: Iron Valiant\n|-damage|p2a: Iron Valiant|93\/100\n|\n|t:|1699858240\n|switch|p1a: Cresselia|Cresselia, F|100\/100|[from] U-turn\n|\n|-heal|p2a: Iron Valiant|99\/100|[from] Grassy Terrain\n|upkeep\n|turn|2\n|\n|t:|1699858254\n|move|p2a: Iron Valiant|Knock Off|p1a: Cresselia\n|-supereffective|p1a: Cresselia\n|-damage|p1a: Cresselia|72\/100\n|-enditem|p1a: Cresselia|Leftovers|[from] move: Knock Off|[of] p2a: Iron Valiant\n|move|p1a: Cresselia|Calm Mind|p1a: Cresselia\n|-boost|p1a: Cresselia|spa|1\n|-boost|p1a: Cresselia|spd|1\n|\n|-heal|p2a: Iron Valiant|100\/100|[from] Grassy Terrain\n|upkeep\n|turn|3\n|\n|t:|1699858274\n|-end|p2a: Iron Valiant|Quark Drive|[silent]\n|switch|p2a: Landorus|Landorus-Therian, M, shiny|100\/100\n|-ability|p2a: Landorus|Intimidate|boost\n|-unboost|p1a: Cresselia|atk|1\n|move|p1a: Cresselia|Moonblast|p2a: Landorus\n|-damage|p2a: Landorus|69\/100\n|\n|upkeep\n|turn|4\n|\n|t:|1699858283\n|switch|p1a: Great Tusk|Great Tusk|100\/100\n|move|p2a: Landorus|U-turn|p1a: Great Tusk\n|-resisted|p1a: Great Tusk\n|-damage|p1a: Great Tusk|84\/100\n|-damage|p2a: Landorus|52\/100|[from] item: Rocky Helmet|[of] p1a: Great Tusk\n|\n|t:|1699858293\n|switch|p2a: Espeon|Espeon, M|100\/100|[from] U-turn\n|\n|-heal|p1a: Great Tusk|90\/100|[from] Grassy Terrain\n|upkeep\n|turn|5\n|\n|t:|1699858299\n|-end|p1a: Great Tusk|Protosynthesis|[silent]\n|switch|p1a: Cresselia|Cresselia, F|72\/100\n|move|p2a: Espeon|Trailblaze|p1a: Cresselia\n|-damage|p1a: Cresselia|65\/100\n|-boost|p2a: Espeon|spe|1\n|-damage|p2a: Espeon|91\/100|[from] item: Life Orb\n|\n|-heal|p2a: Espeon|96\/100|[from] Grassy Terrain\n|-fieldend|move: Grassy Terrain\n|upkeep\n|turn|6\n|\n|t:|1699858306\n|-terastallize|p2a: Espeon|Ghost\n|move|p2a: Espeon|Shadow Ball|p1a: Cresselia\n|-supereffective|p1a: Cresselia\n|-damage|p1a: Cresselia|0 fnt\n|faint|p1a: Cresselia\n|-damage|p2a: Espeon|86\/100|[from] item: Life Orb\n|\n|upkeep\n|\n|t:|1699858313\n|switch|p1a: Heatran|Heatran, M|100\/100\n|-item|p1a: Heatran|Air Balloon\n|turn|7\n|\n|t:|1699858322\n|switch|p2a: Samurott|Samurott-Hisui, M, shiny|100\/100\n|move|p1a: Heatran|Magma Storm|p2a: Samurott|[miss]\n|-miss|p1a: Heatran|p2a: Samurott\n|\n|upkeep\n|turn|8\n|\n|t:|1699858333\n|move|p2a: Samurott|Ceaseless Edge|p1a: Heatran\n|-damage|p1a: Heatran|71\/100\n|-enditem|p1a: Heatran|Air Balloon\n|-sidestart|p1: potatobodyslam|Spikes\n|move|p1a: Heatran|Will-O-Wisp|p2a: Samurott|[miss]\n|-miss|p1a: Heatran|p2a: Samurott\n|\n|upkeep\n|turn|9\n|\n|t:|1699858340\n|switch|p1a: Manaphy|Manaphy|100\/100\n|-damage|p1a: Manaphy|88\/100|[from] Spikes\n|move|p2a: Samurott|Flip Turn|p1a: Manaphy\n|-resisted|p1a: Manaphy\n|-damage|p1a: Manaphy|81\/100\n|\n|t:|1699858349\n|switch|p2a: Iron Valiant|Iron Valiant|100\/100|[from] Flip Turn\n|\n|-heal|p1a: Manaphy|87\/100|[from] item: Leftovers\n|upkeep\n|turn|10\n|\n|t:|1699858354\n|move|p2a: Iron Valiant|Thunderbolt|p1a: Manaphy\n|-supereffective|p1a: Manaphy\n|-damage|p1a: Manaphy|37\/100\n|move|p1a: Manaphy|Acid Armor|p1a: Manaphy\n|-boost|p1a: Manaphy|def|2\n|\n|-heal|p1a: Manaphy|43\/100|[from] item: Leftovers\n|upkeep\n|turn|11\n|\n|t:|1699858375\n|-end|p2a: Iron Valiant|Quark Drive|[silent]\n|switch|p2a: Landorus|Landorus-Therian, M, shiny|52\/100\n|-ability|p2a: Landorus|Intimidate|boost\n|-unboost|p1a: Manaphy|atk|1\n|switch|p1a: Heatran|Heatran, M|71\/100\n|-damage|p1a: Heatran|58\/100|[from] Spikes\n|\n|upkeep\n|turn|12\n|\n|t:|1699858383\n|move|p2a: Landorus|U-turn|p1a: Heatran\n|-resisted|p1a: Heatran\n|-damage|p1a: Heatran|49\/100\n|\n|t:|1699858386\n|switch|p2a: Samurott|Samurott-Hisui, M, shiny|100\/100|[from] U-turn\n|move|p1a: Heatran|Magma Storm|p2a: Samurott|[miss]\n|-miss|p1a: Heatran|p2a: Samurott\n|\n|upkeep\n|turn|13\n|\n|t:|1699858398\n|switch|p1a: Iron Valiant|Iron Valiant|100\/100\n|-damage|p1a: Iron Valiant|88\/100|[from] Spikes\n|-enditem|p1a: Iron Valiant|Booster Energy\n|-activate|p1a: Iron Valiant|ability: Quark Drive|[fromitem]\n|-start|p1a: Iron Valiant|quarkdrivespe\n|move|p2a: Samurott|Sacred Sword|p1a: Iron Valiant\n|-resisted|p1a: Iron Valiant\n|-damage|p1a: Iron Valiant|66\/100\n|\n|upkeep\n|turn|14\n|\n|t:|1699858406\n|move|p1a: Iron Valiant|Calm Mind|p1a: Iron Valiant\n|-boost|p1a: Iron Valiant|spa|1\n|-boost|p1a: Iron Valiant|spd|1\n|move|p2a: Samurott|Flip Turn|p1a: Iron Valiant\n|-damage|p1a: Iron Valiant|37\/100\n|\n|t:|1699858411\n|switch|p2a: Dragonite|Dragonite, M|100\/100|[from] Flip Turn\n|\n|upkeep\n|turn|15\n|\n|t:|1699858418\n|move|p2a: Dragonite|Extreme Speed|p1a: Iron Valiant\n|-damage|p1a: Iron Valiant|0 fnt\n|faint|p1a: Iron Valiant\n|-end|p1a: Iron Valiant|Quark Drive|[silent]\n|\n|upkeep\n|-message|potatobodyslam forfeited.\n|\n|win|Slopandslimeher\n|raw|potatobodyslam's rating: 1422 &rarr; <strong>1400<\/strong><br \/>(-22 for losing)\n|raw|Slopandslimeher's rating: 1392 &rarr; <strong>1414<\/strong><br \/>(+22 for winning)\n|l|\u2606potatobodyslam\n","uploadtime":1699858447,"views":14,"p1id":"potatobodyslam","p2id":"slopandslimeher","formatid":"gen9ou","rating":1400,"private":0,"password":""}