{"id":"gen9ou-1996491593","p1":"Seath511","p2":"Apezilla","format":"[Gen 9] OU","log":"|j|\u2606Seath511\n|j|\u2606Apezilla\n|t:|1700687208\n|gametype|singles\n|player|p1|Seath511|1|\n|player|p2|Apezilla|170|\n|teamsize|p1|6\n|teamsize|p2|6\n|gen|9\n|tier|[Gen 9] OU\n|rule|Sleep Clause Mod: Limit one foe put to sleep\n|rule|Species Clause: Limit one of each Pok\u00e9mon\n|rule|OHKO Clause: OHKO moves are banned\n|rule|Evasion Items Clause: Evasion items are banned\n|rule|Evasion Moves Clause: Evasion moves are banned\n|rule|Endless Battle Clause: Forcing endless battles is banned\n|rule|HP Percentage Mod: HP is shown in percentages\n|clearpoke\n|poke|p1|Gholdengo|\n|poke|p1|Tyranitar, F|\n|poke|p1|Lycanroc, M|\n|poke|p1|Iron Treads|\n|poke|p1|Quaquaval, M|\n|poke|p1|Amoonguss, F|\n|poke|p2|Great Tusk|\n|poke|p2|Snorlax, M|\n|poke|p2|Oranguru, M|\n|poke|p2|Rotom-Wash|\n|poke|p2|Dusknoir, M|\n|poke|p2|Iron Moth|\n|teampreview\n|j| kadomatsu\n|inactive|Battle timer is ON: inactive players will automatically lose when time's up. (requested by Apezilla)\n|\n|t:|1700687302\n|start\n|switch|p1a: Tyranitar|Tyranitar, F|100\/100\n|switch|p2a: Dr. Ape|Oranguru, M|100\/100\n|-weather|Sandstorm|[from] ability: Sand Stream|[of] p1a: Tyranitar\n|turn|1\n|inactive|Seath511 has 270 seconds left.\n|inactive|Apezilla has 270 seconds left.\n|\n|t:|1700687350\n|move|p1a: Tyranitar|Stealth Rock|p2a: Dr. Ape\n|-sidestart|p2: Apezilla|move: Stealth Rock\n|move|p2a: Dr. Ape|Trick Room|p2a: Dr. Ape\n|-fieldstart|move: Trick Room|[of] p2a: Dr. Ape\n|\n|-weather|Sandstorm|[upkeep]\n|-damage|p2a: Dr. Ape|94\/100|[from] Sandstorm\n|-status|p2a: Dr. Ape|brn|[from] item: Flame Orb\n|upkeep\n|turn|2\n|inactive|Seath511 has 240 seconds left.\n|\n|t:|1700687397\n|switch|p1a: Gholdengo|Gholdengo|100\/100\n|move|p2a: Dr. Ape|Chilling Water|p1a: Gholdengo\n|-damage|p1a: Gholdengo|89\/100\n|\n|-weather|Sandstorm|[upkeep]\n|-damage|p2a: Dr. Ape|88\/100 brn|[from] Sandstorm\n|-damage|p2a: Dr. Ape|82\/100 brn|[from] brn\n|upkeep\n|turn|3\n|inactive|Seath511 has 210 seconds left.\n|inactive|Apezilla has 240 seconds left.\n|\n|t:|1700687450\n|switch|p2a: C. Claup RN|Dusknoir, M|100\/100\n|-damage|p2a: C. Claup RN|88\/100|[from] Stealth Rock\n|-item|p1a: Gholdengo|Covert Cloak|[from] ability: Frisk|[of] p2a: C. Claup RN|[identify]\n|move|p1a: Gholdengo|Nasty Plot|p1a: Gholdengo\n|-boost|p1a: Gholdengo|spa|2\n|\n|-weather|Sandstorm|[upkeep]\n|-damage|p2a: C. Claup RN|82\/100|[from] Sandstorm\n|upkeep\n|turn|4\n|inactive|Seath511 has 210 seconds left.\n|inactive|Apezilla has 210 seconds left.\n|inactive|Seath511 has 180 seconds left.\n|\n|t:|1700687497\n|move|p2a: C. Claup RN|Shadow Sneak|p1a: Gholdengo\n|-supereffective|p1a: Gholdengo\n|-damage|p1a: Gholdengo|60\/100\n|move|p1a: Gholdengo|Shadow Ball|p2a: C. Claup RN\n|-supereffective|p2a: C. Claup RN\n|-enditem|p2a: C. Claup RN|Kasib Berry|[eat]\n|-enditem|p2a: C. Claup RN|Kasib Berry|[weaken]\n|-damage|p2a: C. Claup RN|12\/100\n|\n|-weather|Sandstorm|[upkeep]\n|-damage|p2a: C. Claup RN|6\/100|[from] Sandstorm\n|upkeep\n|turn|5\n|inactive|Seath511 has 180 seconds left.\n|inactive|Apezilla has 180 seconds left.\n|\n|t:|1700687522\n|move|p2a: C. Claup RN|Shadow Sneak|p1a: Gholdengo\n|-supereffective|p1a: Gholdengo\n|-damage|p1a: Gholdengo|33\/100\n|move|p1a: Gholdengo|Recover|p1a: Gholdengo\n|-heal|p1a: Gholdengo|83\/100\n|\n|-weather|none\n|-fieldend|move: Trick Room\n|upkeep\n|turn|6\n|inactive|Seath511 has 180 seconds left.\n|\n|t:|1700687535\n|move|p2a: C. Claup RN|Shadow Sneak|p1a: Gholdengo\n|-supereffective|p1a: Gholdengo\n|-damage|p1a: Gholdengo|51\/100\n|move|p1a: Gholdengo|Shadow Ball|p2a: C. Claup RN\n|-supereffective|p2a: C. Claup RN\n|-damage|p2a: C. Claup RN|0 fnt\n|faint|p2a: C. Claup RN\n|\n|upkeep\n|inactive|Apezilla has 150 seconds left.\n|inactive|Apezilla has 120 seconds left.\n|\n|t:|1700687620\n|switch|p2a: D. Bugger|Iron Moth|100\/100\n|-damage|p2a: D. Bugger|76\/100|[from] Stealth Rock\n|-enditem|p2a: D. Bugger|Booster Energy\n|-activate|p2a: D. Bugger|ability: Quark Drive|[fromitem]\n|-start|p2a: D. Bugger|quarkdrivespe\n|turn|7\n|inactive|Seath511 has 180 seconds left.\n|inactive|Seath511 has 150 seconds left.\n|\n|t:|1700687680\n|switch|p1a: Tyranitar|Tyranitar, F|100\/100\n|-weather|Sandstorm|[from] ability: Sand Stream|[of] p1a: Tyranitar\n|move|p2a: D. Bugger|Fiery Dance|p1a: Tyranitar\n|-resisted|p1a: Tyranitar\n|-damage|p1a: Tyranitar|92\/100\n|-boost|p2a: D. Bugger|spa|1\n|\n|-weather|Sandstorm|[upkeep]\n|-damage|p2a: D. Bugger|70\/100|[from] Sandstorm\n|-heal|p1a: Tyranitar|98\/100|[from] item: Leftovers\n|upkeep\n|turn|8\n|inactive|Seath511 has 120 seconds left.\n|inactive|Apezilla has 90 seconds left.\n|inactive|Apezilla has 60 seconds left.\n|\n|t:|1700687733\n|-end|p2a: D. Bugger|Quark Drive|[silent]\n|switch|p2a: D. Pachyr|Great Tusk|100\/100\n|-damage|p2a: D. Pachyr|98\/100|[from] Stealth Rock\n|move|p1a: Tyranitar|Substitute|p1a: Tyranitar\n|-start|p1a: Tyranitar|Substitute\n|-damage|p1a: Tyranitar|73\/100\n|\n|-weather|Sandstorm|[upkeep]\n|-heal|p1a: Tyranitar|79\/100|[from] item: Leftovers\n|upkeep\n|turn|9\n|inactive|Seath511 has 120 seconds left.\n|\n|t:|1700687762\n|move|p2a: D. Pachyr|Earthquake|p1a: Tyranitar\n|-supereffective|p1a: Tyranitar\n|-end|p1a: Tyranitar|Substitute\n|move|p1a: Tyranitar|Earthquake|p2a: D. Pachyr\n|-damage|p2a: D. Pachyr|78\/100\n|\n|-weather|Sandstorm|[upkeep]\n|-heal|p1a: Tyranitar|85\/100|[from] item: Leftovers\n|upkeep\n|turn|10\n|inactive|Apezilla has 60 seconds left.\n|\n|t:|1700687782\n|switch|p1a: Amoonguss|Amoonguss, F|100\/100\n|move|p2a: D. Pachyr|Earthquake|p1a: Amoonguss\n|-damage|p1a: Amoonguss|59\/100\n|-enditem|p1a: Amoonguss|Red Card|[of] p2a: D. Pachyr\n|-end|p2a: D. Pachyr|Protosynthesis|[silent]\n|drag|p2a: L.G. Maytag|Rotom-Wash, shiny|100\/100\n|-damage|p2a: L.G. Maytag|88\/100|[from] Stealth Rock\n|\n|-weather|Sandstorm|[upkeep]\n|-damage|p2a: L.G. Maytag|82\/100|[from] Sandstorm\n|-damage|p1a: Amoonguss|53\/100|[from] Sandstorm\n|upkeep\n|turn|11\n|inactive|Apezilla has 60 seconds left.\n|inactive|Seath511 has 90 seconds left.\n|\n|t:|1700687802\n|move|p2a: L.G. Maytag|Volt Switch|p1a: Amoonguss\n|-resisted|p1a: Amoonguss\n|-damage|p1a: Amoonguss|42\/100\n|\n|t:|1700687806\n|switch|p2a: S. Walker|Snorlax, M|100\/100|[from] Volt Switch\n|-damage|p2a: S. Walker|88\/100|[from] Stealth Rock\n|move|p1a: Amoonguss|Spore|p2a: S. Walker\n|-activate|p2a: S. Walker|item: Safety Goggles|Spore\n|\n|-weather|none\n|upkeep\n|turn|12\n|inactive|Apezilla has 60 seconds left.\n|inactive|Seath511 has 90 seconds left.\n|c|\u2606Seath511|great item there bud\n|inactive|Apezilla has 30 seconds left.\n|\n|t:|1700687853\n|switch|p1a: Quaquaval|Quaquaval, M|100\/100\n|-terastallize|p2a: S. Walker|Normal\n|move|p2a: S. Walker|Double-Edge|p1a: Quaquaval\n|-damage|p1a: Quaquaval|0 fnt\n|faint|p1a: Quaquaval\n|-damage|p2a: S. Walker|66\/100|[from] Recoil\n|\n|upkeep\n|inactive|Apezilla has 30 seconds left this turn.\n|\n|t:|1700687865\n|switch|p1a: Tyranitar|Tyranitar, F|85\/100\n|-weather|Sandstorm|[from] ability: Sand Stream|[of] p1a: Tyranitar\n|turn|13\n|inactive|Apezilla has 30 seconds left.\n|inactive|Apezilla has 20 seconds left.\n|inactive|Apezilla has 15 seconds left.\n|\n|t:|1700687891\n|switch|p1a: Amoonguss|Amoonguss, F|76\/100\n|switch|p2a: L.G. Maytag|Rotom-Wash, shiny|82\/100\n|-damage|p2a: L.G. Maytag|70\/100|[from] Stealth Rock\n|\n|-weather|Sandstorm|[upkeep]\n|-damage|p2a: L.G. Maytag|64\/100|[from] Sandstorm\n|-damage|p1a: Amoonguss|69\/100|[from] Sandstorm\n|upkeep\n|turn|14\n|inactive|Apezilla has 25 seconds left this turn.\n|inactive|Apezilla has 20 seconds left.\n|\n|t:|1700687899\n|move|p2a: L.G. Maytag|Volt Switch|p1a: Amoonguss\n|-resisted|p1a: Amoonguss\n|-damage|p1a: Amoonguss|58\/100\n|inactive|Apezilla has 25 seconds left this turn.\n|\n|t:|1700687903\n|switch|p2a: Dr. Ape|Oranguru, M|82\/100 brn|[from] Volt Switch\n|-damage|p2a: Dr. Ape|70\/100 brn|[from] Stealth Rock\n|move|p1a: Amoonguss|Giga Drain|p2a: Dr. Ape\n|-damage|p2a: Dr. Ape|54\/100 brn\n|-heal|p1a: Amoonguss|65\/100|[from] drain|[of] p2a: Dr. Ape\n|\n|-weather|Sandstorm|[upkeep]\n|-damage|p2a: Dr. Ape|48\/100 brn|[from] Sandstorm\n|-damage|p1a: Amoonguss|59\/100|[from] Sandstorm\n|-damage|p2a: Dr. Ape|42\/100 brn|[from] brn\n|upkeep\n|turn|15\n|inactive|Apezilla has 30 seconds left.\n|inactive|Seath511 has 60 seconds left.\n|\n|t:|1700687939\n|switch|p1a: Tyranitar|Tyranitar, F|85\/100\n|move|p2a: Dr. Ape|Trick Room|p2a: Dr. Ape\n|-fieldstart|move: Trick Room|[of] p2a: Dr. Ape\n|\n|-weather|Sandstorm|[upkeep]\n|-damage|p2a: Dr. Ape|36\/100 brn|[from] Sandstorm\n|-heal|p1a: Tyranitar|92\/100|[from] item: Leftovers\n|-damage|p2a: Dr. Ape|30\/100 brn|[from] brn\n|upkeep\n|turn|16\n|inactive|Seath511 has 60 seconds left.\n|inactive|Apezilla has 30 seconds left.\n|\n|t:|1700687951\n|move|p2a: Dr. Ape|Trick|p1a: Tyranitar\n|-activate|p2a: Dr. Ape|move: Trick|[of] p1a: Tyranitar\n|-item|p1a: Tyranitar|Flame Orb|[from] move: Trick\n|-item|p2a: Dr. Ape|Leftovers|[from] move: Trick\n|move|p1a: Tyranitar|Substitute|p1a: Tyranitar\n|-start|p1a: Tyranitar|Substitute\n|-damage|p1a: Tyranitar|67\/100\n|\n|-weather|Sandstorm|[upkeep]\n|-damage|p2a: Dr. Ape|24\/100 brn|[from] Sandstorm\n|-heal|p2a: Dr. Ape|30\/100 brn|[from] item: Leftovers\n|-damage|p2a: Dr. Ape|24\/100 brn|[from] brn\n|-status|p1a: Tyranitar|brn|[from] item: Flame Orb\n|upkeep\n|turn|17\n|inactive|Seath511 has 60 seconds left.\n|inactive|Apezilla has 30 seconds left.\n|\n|t:|1700687970\n|move|p2a: Dr. Ape|Chilling Water|p1a: Tyranitar\n|-supereffective|p1a: Tyranitar\n|-activate|p1a: Tyranitar|move: Substitute|[damage]\n|move|p1a: Tyranitar|Dragon Dance|p1a: Tyranitar\n|-boost|p1a: Tyranitar|atk|1\n|-boost|p1a: Tyranitar|spe|1\n|\n|-weather|none\n|-heal|p2a: Dr. Ape|30\/100 brn|[from] item: Leftovers\n|-damage|p2a: Dr. Ape|24\/100 brn|[from] brn\n|-damage|p1a: Tyranitar|60\/100 brn|[from] brn\n|upkeep\n|turn|18\n|\n|t:|1700687976\n|move|p2a: Dr. Ape|Chilling Water|p1a: Tyranitar\n|-supereffective|p1a: Tyranitar\n|-activate|p1a: Tyranitar|move: Substitute|[damage]\n|move|p1a: Tyranitar|Dragon Dance|p1a: Tyranitar\n|-boost|p1a: Tyranitar|atk|1\n|-boost|p1a: Tyranitar|spe|1\n|\n|-heal|p2a: Dr. Ape|30\/100 brn|[from] item: Leftovers\n|-damage|p2a: Dr. Ape|24\/100 brn|[from] brn\n|-damage|p1a: Tyranitar|54\/100 brn|[from] brn\n|upkeep\n|turn|19\n|\n|t:|1700687986\n|move|p2a: Dr. Ape|Chilling Water|p1a: Tyranitar\n|-supereffective|p1a: Tyranitar\n|-end|p1a: Tyranitar|Substitute\n|move|p1a: Tyranitar|Dragon Dance|p1a: Tyranitar\n|-boost|p1a: Tyranitar|atk|1\n|-boost|p1a: Tyranitar|spe|1\n|\n|-heal|p2a: Dr. Ape|30\/100 brn|[from] item: Leftovers\n|-damage|p2a: Dr. Ape|24\/100 brn|[from] brn\n|-damage|p1a: Tyranitar|48\/100 brn|[from] brn\n|-fieldend|move: Trick Room\n|upkeep\n|turn|20\n|\n|t:|1700687997\n|move|p1a: Tyranitar|Earthquake|p2a: Dr. Ape\n|-damage|p2a: Dr. Ape|0 fnt\n|faint|p2a: Dr. Ape\n|\n|-damage|p1a: Tyranitar|42\/100 brn|[from] brn\n|upkeep\n|inactive|Apezilla has 30 seconds left.\n|\n|t:|1700688008\n|switch|p2a: D. Pachyr|Great Tusk|78\/100\n|-damage|p2a: D. Pachyr|75\/100|[from] Stealth Rock\n|turn|21\n|\n|t:|1700688025\n|switch|p1a: Amoonguss|Amoonguss, F|92\/100\n|move|p2a: D. Pachyr|Earthquake|p1a: Amoonguss\n|-damage|p1a: Amoonguss|50\/100\n|\n|upkeep\n|turn|22\n|\n|t:|1700688038\n|-end|p2a: D. Pachyr|Protosynthesis|[silent]\n|switch|p2a: S. Walker|Snorlax, M, tera:Normal|66\/100\n|-damage|p2a: S. Walker|54\/100|[from] Stealth Rock\n|move|p1a: Amoonguss|Giga Drain|p2a: S. Walker\n|-damage|p2a: S. Walker|40\/100\n|-heal|p1a: Amoonguss|58\/100|[from] drain|[of] p2a: S. Walker\n|\n|upkeep\n|turn|23\n|\n|t:|1700688055\n|move|p1a: Amoonguss|Giga Drain|p2a: S. Walker\n|-damage|p2a: S. Walker|24\/100\n|-heal|p1a: Amoonguss|67\/100|[from] drain|[of] p2a: S. Walker\n|move|p2a: S. Walker|Earthquake|p1a: Amoonguss\n|-damage|p1a: Amoonguss|40\/100\n|\n|upkeep\n|turn|24\n|\n|t:|1700688062\n|move|p1a: Amoonguss|Giga Drain|p2a: S. Walker\n|-damage|p2a: S. Walker|10\/100\n|-heal|p1a: Amoonguss|48\/100|[from] drain|[of] p2a: S. Walker\n|move|p2a: S. Walker|Fire Punch|p1a: Amoonguss\n|-supereffective|p1a: Amoonguss\n|-damage|p1a: Amoonguss|5\/100\n|\n|upkeep\n|turn|25\n|\n|t:|1700688075\n|switch|p1a: Tyranitar|Tyranitar, F|42\/100 brn\n|-weather|Sandstorm|[from] ability: Sand Stream|[of] p1a: Tyranitar\n|move|p2a: S. Walker|Fire Punch|p1a: Tyranitar\n|-resisted|p1a: Tyranitar\n|-damage|p1a: Tyranitar|32\/100 brn\n|\n|-weather|Sandstorm|[upkeep]\n|-damage|p1a: Tyranitar|25\/100 brn|[from] brn\n|upkeep\n|turn|26\n|\n|t:|1700688084\n|move|p1a: Tyranitar|Earthquake|p2a: S. Walker\n|-damage|p2a: S. Walker|0 fnt\n|faint|p2a: S. Walker\n|\n|-weather|Sandstorm|[upkeep]\n|-damage|p1a: Tyranitar|19\/100 brn|[from] brn\n|upkeep\n|\n|t:|1700688094\n|switch|p2a: D. Pachyr|Great Tusk|75\/100\n|-damage|p2a: D. Pachyr|72\/100|[from] Stealth Rock\n|turn|27\n|\n|t:|1700688118\n|move|p2a: D. Pachyr|Earthquake|p1a: Tyranitar\n|-supereffective|p1a: Tyranitar\n|-damage|p1a: Tyranitar|0 fnt\n|faint|p1a: Tyranitar\n|\n|-weather|Sandstorm|[upkeep]\n|upkeep\n|inactive|Seath511 has 60 seconds left.\n|inactive|Seath511 has 30 seconds left.\n|inactive|Seath511 has 20 seconds left.\n|\n|t:|1700688175\n|switch|p1a: Gholdengo|Gholdengo|51\/100\n|turn|28\n|inactive|Seath511 has 30 seconds left this turn.\n|\n|t:|1700688181\n|-end|p2a: D. Pachyr|Protosynthesis|[silent]\n|switch|p2a: L.G. Maytag|Rotom-Wash, shiny|64\/100\n|-damage|p2a: L.G. Maytag|52\/100|[from] Stealth Rock\n|move|p1a: Gholdengo|Make It Rain|p2a: L.G. Maytag\n|-resisted|p2a: L.G. Maytag\n|-damage|p2a: L.G. Maytag|33\/100\n|-unboost|p1a: Gholdengo|spa|1\n|\n|-weather|Sandstorm|[upkeep]\n|-damage|p2a: L.G. Maytag|28\/100|[from] Sandstorm\n|upkeep\n|turn|29\n|inactive|Seath511 has 30 seconds left.\n|inactive|Seath511 has 20 seconds left.\n|\n|t:|1700688200\n|move|p1a: Gholdengo|Shadow Ball|p2a: L.G. Maytag\n|-damage|p2a: L.G. Maytag|0 fnt\n|faint|p2a: L.G. Maytag\n|\n|-weather|none\n|upkeep\n|inactive|Seath511 has 25 seconds left this turn.\n|\n|t:|1700688207\n|switch|p2a: D. Bugger|Iron Moth|70\/100\n|-damage|p2a: D. Bugger|45\/100|[from] Stealth Rock\n|turn|30\n|inactive|Seath511 has 30 seconds left.\n|inactive|Seath511 has 20 seconds left.\n|inactive|Seath511 has 15 seconds left.\n|inactive|Seath511 has 10 seconds left.\n|\n|t:|1700688234\n|switch|p1a: Iron Treads|Iron Treads|100\/100\n|-enditem|p1a: Iron Treads|Booster Energy\n|-activate|p1a: Iron Treads|ability: Quark Drive|[fromitem]\n|-start|p1a: Iron Treads|quarkdrivespe\n|move|p2a: D. Bugger|Fiery Dance|p1a: Iron Treads\n|-supereffective|p1a: Iron Treads\n|-damage|p1a: Iron Treads|9\/100\n|\n|upkeep\n|turn|31\n|inactive|Seath511 has 20 seconds left this turn.\n|inactive|Seath511 has 15 seconds left.\n|inactive|Apezilla has 60 seconds left.\n|\n|t:|1700688254\n|-end|p2a: D. Bugger|Quark Drive|[silent]\n|switch|p2a: D. Pachyr|Great Tusk|72\/100\n|-damage|p2a: D. Pachyr|69\/100|[from] Stealth Rock\n|move|p1a: Iron Treads|Earthquake|p2a: D. Pachyr\n|-damage|p2a: D. Pachyr|45\/100\n|\n|upkeep\n|turn|32\n|inactive|Seath511 has 25 seconds left this turn.\n|inactive|Seath511 has 20 seconds left.\n|inactive|Seath511 has 15 seconds left.\n|\n|t:|1700688266\n|move|p1a: Iron Treads|Earthquake|p2a: D. Pachyr\n|-damage|p2a: D. Pachyr|22\/100\n|move|p2a: D. Pachyr|Earthquake|p1a: Iron Treads\n|-supereffective|p1a: Iron Treads\n|-damage|p1a: Iron Treads|0 fnt\n|faint|p1a: Iron Treads\n|-end|p1a: Iron Treads|Quark Drive|[silent]\n|\n|upkeep\n|inactive|Seath511 has 20 seconds left this turn.\n|inactive|Seath511 has 15 seconds left.\n|inactive|Seath511 has 10 seconds left.\n|inactive|Seath511 has 5 seconds left.\n|\n|t:|1700688282\n|switch|p1a: Lycanroc|Lycanroc, M|100\/100\n|turn|33\n|inactive|Seath511 has 15 seconds left this turn.\n|\n|t:|1700688287\n|-terastallize|p1a: Lycanroc|Fighting\n|move|p1a: Lycanroc|Close Combat|p2a: D. Pachyr\n|-damage|p2a: D. Pachyr|0 fnt\n|-unboost|p1a: Lycanroc|def|1\n|-unboost|p1a: Lycanroc|spd|1\n|faint|p2a: D. Pachyr\n|-end|p2a: D. Pachyr|Protosynthesis|[silent]\n|-damage|p1a: Lycanroc|91\/100|[from] item: Life Orb\n|\n|upkeep\n|inactive|Seath511 has 20 seconds left this turn.\n|\n|t:|1700688296\n|switch|p2a: D. Bugger|Iron Moth|45\/100\n|-damage|p2a: D. Bugger|20\/100|[from] Stealth Rock\n|turn|34\n|inactive|Seath511 has 30 seconds left this turn.\n|\n|t:|1700688302\n|move|p1a: Lycanroc|Accelerock|p2a: D. Bugger\n|-supereffective|p2a: D. Bugger\n|-damage|p2a: D. Bugger|0 fnt\n|faint|p2a: D. Bugger\n|-end|p2a: D. Bugger|Quark Drive|[silent]\n|-damage|p1a: Lycanroc|81\/100|[from] item: Life Orb\n|\n|win|Seath511\n|l|\u2606Seath511\n|l|\u2606Apezilla\n","uploadtime":1700688375,"views":12,"p1id":"seath511","p2id":"apezilla","formatid":"gen9ou","rating":0,"private":0,"password":""}