{"id":"gen9ou-1990620574","p1":"rabootinnit","p2":"Purp testing","format":"[Gen 9] OU","log":"|j|\u2606rabootinnit\n|j|\u2606Purp testing\n|t:|1699986340\n|gametype|singles\n|player|p1|rabootinnit|roughneck-gen4|1374\n|player|p2|Purp testing|170|1423\n|teamsize|p1|6\n|teamsize|p2|6\n|gen|9\n|tier|[Gen 9] OU\n|rated|\n|rule|Sleep Clause Mod: Limit one foe put to sleep\n|rule|Species Clause: Limit one of each Pok\u00e9mon\n|rule|OHKO Clause: OHKO moves are banned\n|rule|Evasion Items Clause: Evasion items are banned\n|rule|Evasion Moves Clause: Evasion moves are banned\n|rule|Endless Battle Clause: Forcing endless battles is banned\n|rule|HP Percentage Mod: HP is shown in percentages\n|clearpoke\n|poke|p1|Slither Wing|\n|poke|p1|Dragapult, F|\n|poke|p1|Rillaboom, M|\n|poke|p1|Enamorus, F|\n|poke|p1|Great Tusk|\n|poke|p1|Ogerpon-Wellspring, F|\n|poke|p2|Maushold-Four|\n|poke|p2|Greninja-*, M|\n|poke|p2|Gholdengo|\n|poke|p2|Ogerpon-Cornerstone, F|\n|poke|p2|Enamorus, F|\n|poke|p2|Dragonite, F|\n|teampreview\n|\n|t:|1699986361\n|start\n|switch|p1a: Slither Wing|Slither Wing|100\/100\n|switch|p2a: Greninja|Greninja, M|100\/100\n|-enditem|p1a: Slither Wing|Booster Energy\n|-activate|p1a: Slither Wing|ability: Protosynthesis|[fromitem]\n|-start|p1a: Slither Wing|protosynthesisatk\n|turn|1\n|\n|t:|1699986369\n|switch|p2a: Enamorus|Enamorus, F|100\/100\n|move|p1a: Slither Wing|Flame Charge|p2a: Enamorus\n|-damage|p2a: Enamorus|64\/100\n|-boost|p1a: Slither Wing|spe|1\n|\n|-heal|p2a: Enamorus|70\/100|[from] item: Leftovers\n|upkeep\n|turn|2\n|\n|t:|1699986378\n|move|p1a: Slither Wing|Flare Blitz|p2a: Enamorus\n|-damage|p2a: Enamorus|0 fnt\n|faint|p2a: Enamorus\n|-damage|p1a: Slither Wing|79\/100|[from] Recoil\n|\n|upkeep\n|\n|t:|1699986387\n|switch|p2a: Dragonite|Dragonite, F|100\/100\n|turn|3\n|\n|t:|1699986391\n|-terastallize|p1a: Slither Wing|Ice\n|move|p1a: Slither Wing|Tera Blast|p2a: Dragonite|[anim] Tera Blast Ice\n|-supereffective|p2a: Dragonite\n|-damage|p2a: Dragonite|0 fnt\n|faint|p2a: Dragonite\n|\n|upkeep\n|\n|t:|1699986397\n|switch|p2a: Greninja|Greninja, M|100\/100\n|turn|4\n|\n|t:|1699986404\n|move|p1a: Slither Wing|Close Combat|p2a: Greninja\n|-supereffective|p2a: Greninja\n|-enditem|p2a: Greninja|Focus Sash\n|-damage|p2a: Greninja|1\/100\n|-unboost|p1a: Slither Wing|def|1\n|-unboost|p1a: Slither Wing|spd|1\n|move|p2a: Greninja|Hydro Pump|p1a: Slither Wing\n|-start|p2a: Greninja|typechange|Water|[from] ability: Protean\n|-damage|p1a: Slither Wing|16\/100\n|\n|upkeep\n|turn|5\n|\n|t:|1699986415\n|move|p1a: Slither Wing|Flame Charge|p2a: Greninja\n|-resisted|p2a: Greninja\n|-damage|p2a: Greninja|0 fnt\n|-boost|p1a: Slither Wing|spe|1\n|faint|p2a: Greninja\n|\n|upkeep\n|\n|t:|1699986416\n|switch|p2a: Ogerpon|Ogerpon-Cornerstone, F|100\/100\n|turn|6\n|\n|t:|1699986426\n|move|p1a: Slither Wing|Flare Blitz|p2a: Ogerpon\n|-damage|p2a: Ogerpon|25\/100\n|-damage|p1a: Slither Wing|0 fnt|[from] Recoil\n|faint|p1a: Slither Wing\n|-end|p1a: Slither Wing|Protosynthesis|[silent]\n|move|p2a: Ogerpon|Trailblaze|p1: Slither Wing|[notarget]\n|-fail|p2a: Ogerpon\n|\n|upkeep\n|\n|t:|1699986440\n|switch|p1a: Dragapult|Dragapult, F|100\/100\n|turn|7\n|\n|t:|1699986447\n|move|p1a: Dragapult|Dragon Darts|p2a: Ogerpon\n|-damage|p2a: Ogerpon|0 fnt\n|faint|p2a: Ogerpon\n|-damage|p1a: Dragapult|91\/100|[from] item: Life Orb\n|\n|upkeep\n|\n|t:|1699986453\n|switch|p2a: Maushold|Maushold-Four|100\/100\n|turn|8\n|\n|t:|1699986456\n|move|p1a: Dragapult|Draco Meteor|p2a: Maushold\n|-damage|p2a: Maushold|0 fnt\n|-unboost|p1a: Dragapult|spa|2\n|faint|p2a: Maushold\n|-damage|p1a: Dragapult|81\/100|[from] item: Life Orb\n|\n|upkeep\n|-message|Purp testing forfeited.\n|\n|win|rabootinnit\n|raw|rabootinnit's rating: 1374 &rarr; <strong>1397<\/strong><br \/>(+23 for winning)\n|raw|Purp testing's rating: 1423 &rarr; <strong>1400<\/strong><br \/>(-23 for losing)\n|l|\u2606Purp testing\n","uploadtime":1699986551,"views":6,"p1id":"rabootinnit","p2id":"purptesting","formatid":"gen9ou","rating":1397,"private":0,"password":""}