{"id":"gen9ou-1992126888","p1":"Fiddlw","p2":"PokeSW","format":"[Gen 9] OU","log":"|j|\u2606Fiddlw\n|j|\u2606PokeSW\n|inactive|Battle timer is ON: inactive players will automatically lose when time's up.\n|t:|1700157272\n|gametype|singles\n|player|p1|Fiddlw|pokekid|\n|player|p2|PokeSW|n|\n|teamsize|p1|5\n|teamsize|p2|5\n|gen|9\n|tier|[Gen 9] OU\n|rated|Tournament battle\n|rule|Sleep Clause Mod: Limit one foe put to sleep\n|rule|Species Clause: Limit one of each Pok\u00e9mon\n|rule|OHKO Clause: OHKO moves are banned\n|rule|Evasion Items Clause: Evasion items are banned\n|rule|Evasion Moves Clause: Evasion moves are banned\n|rule|Endless Battle Clause: Forcing endless battles is banned\n|rule|HP Percentage Mod: HP is shown in percentages\n|rule|350 Cup Mod: If a Pokemon's BST is 350 or lower, all of its stats get doubled.\n|clearpoke\n|poke|p1|Muk, M|\n|poke|p1|Lurantis, F|\n|poke|p1|Numel, M|\n|poke|p1|Zoroark, M|\n|poke|p1|Kingambit, M|\n|poke|p2|Weezing-Galar, F|\n|poke|p2|Mudsdale, F|\n|poke|p2|Dragapult, F|\n|poke|p2|Cinderace, F|\n|poke|p2|Brambleghast, M|\n|teampreview\n|j|*Lady Monita \u2746\n|inactive|Fiddlw also wants the timer to be on.\n|\n|t:|1700157295\n|start\n|switch|p1a: Numel|Numel, M|100\/100\n|switch|p2a: Mudsdale|Mudsdale, F, shiny|100\/100\n|turn|1\n|\n|t:|1700157310\n|move|p1a: Numel|Stockpile|p1a: Numel\n|-start|p1a: Numel|stockpile1\n|-boost|p1a: Numel|def|2\n|-boost|p1a: Numel|spd|2\n|move|p2a: Mudsdale|Stealth Rock|p1a: Numel\n|-sidestart|p1: Fiddlw|move: Stealth Rock\n|\n|upkeep\n|turn|2\n|\n|t:|1700157321\n|move|p1a: Numel|Stockpile|p1a: Numel\n|-start|p1a: Numel|stockpile2\n|-boost|p1a: Numel|def|2\n|-boost|p1a: Numel|spd|2\n|move|p2a: Mudsdale|Earthquake|p1a: Numel\n|-supereffective|p1a: Numel\n|-damage|p1a: Numel|78\/100\n|\n|upkeep\n|turn|3\n|\n|t:|1700157329\n|move|p1a: Numel|Stockpile|p1a: Numel\n|-start|p1a: Numel|stockpile3\n|-boost|p1a: Numel|def|2\n|-boost|p1a: Numel|spd|2\n|move|p2a: Mudsdale|Earthquake|p1a: Numel\n|-supereffective|p1a: Numel\n|-damage|p1a: Numel|61\/100\n|\n|upkeep\n|turn|4\n|\n|t:|1700157333\n|move|p1a: Numel|Heat Wave|p2a: Mudsdale\n|-damage|p2a: Mudsdale|51\/100\n|-ability|p2a: Mudsdale|Stamina|boost\n|-boost|p2a: Mudsdale|def|1\n|move|p2a: Mudsdale|Earthquake|p1a: Numel\n|-supereffective|p1a: Numel\n|-damage|p1a: Numel|43\/100\n|\n|-heal|p2a: Mudsdale|57\/100|[from] item: Leftovers\n|upkeep\n|turn|5\n|\n|t:|1700157340\n|move|p1a: Numel|Ancient Power|p2a: Mudsdale\n|-resisted|p2a: Mudsdale\n|-damage|p2a: Mudsdale|46\/100\n|-ability|p2a: Mudsdale|Stamina|boost\n|-boost|p2a: Mudsdale|def|1\n|move|p2a: Mudsdale|Earthquake|p1a: Numel\n|-supereffective|p1a: Numel\n|-damage|p1a: Numel|27\/100\n|\n|-heal|p2a: Mudsdale|52\/100|[from] item: Leftovers\n|upkeep\n|turn|6\n|\n|t:|1700157348\n|move|p1a: Numel|Heat Wave|p2a: Mudsdale\n|-damage|p2a: Mudsdale|0 fnt\n|faint|p2a: Mudsdale\n|\n|upkeep\n|\n|t:|1700157361\n|switch|p2a: Brambleghast|Brambleghast, M|100\/100\n|turn|7\n|\n|t:|1700157367\n|move|p2a: Brambleghast|Bullet Seed|p1a: Numel\n|-damage|p1a: Numel|25\/100\n|-damage|p1a: Numel|23\/100\n|-damage|p1a: Numel|21\/100\n|-damage|p1a: Numel|18\/100\n|-hitcount|p1a: Numel|4\n|move|p1a: Numel|Heat Wave|p2a: Brambleghast\n|-ability|p2a: Brambleghast|Wind Rider|boost\n|-boost|p2a: Brambleghast|atk|1\n|\n|upkeep\n|turn|8\n|\n|t:|1700157377\n|move|p2a: Brambleghast|Bullet Seed|p1a: Numel\n|-damage|p1a: Numel|15\/100\n|-damage|p1a: Numel|12\/100\n|-damage|p1a: Numel|10\/100\n|-damage|p1a: Numel|7\/100\n|-damage|p1a: Numel|4\/100\n|-hitcount|p1a: Numel|5\n|move|p1a: Numel|Ancient Power|p2a: Brambleghast\n|-damage|p2a: Brambleghast|64\/100\n|\n|upkeep\n|turn|9\n|\n|t:|1700157381\n|move|p2a: Brambleghast|Bullet Seed|p1a: Numel\n|-damage|p1a: Numel|1\/100\n|-damage|p1a: Numel|0 fnt\n|faint|p1a: Numel\n|-hitcount|p1: Numel|2\n|\n|upkeep\n|c|\u2606Fiddlw|well playe\n|c|\u2606Fiddlw|d\n|\n|t:|1700157388\n|switch|p1a: Kingambit|Kingambit, M|100\/100\n|-damage|p1a: Kingambit|88\/100|[from] Stealth Rock\n|turn|10\n|\n|t:|1700157398\n|-terastallize|p2a: Brambleghast|Fairy\n|move|p1a: Kingambit|Dark Pulse|p2a: Brambleghast\n|-resisted|p2a: Brambleghast\n|-damage|p2a: Brambleghast|20\/100\n|move|p2a: Brambleghast|Strength Sap|p1a: Kingambit\n|-unboost|p1a: Kingambit|atk|1\n|-heal|p2a: Brambleghast|87\/100\n|\n|upkeep\n|turn|11\n|j| bendr\n|\n|t:|1700157408\n|switch|p1a: poop|Muk, M|100\/100\n|-damage|p1a: poop|88\/100|[from] Stealth Rock\n|move|p2a: Brambleghast|Tera Blast|p1a: poop|[anim] Tera Blast Fairy\n|-resisted|p1a: poop\n|-damage|p1a: poop|60\/100\n|\n|-heal|p1a: poop|66\/100|[from] item: Black Sludge\n|upkeep\n|turn|12\n|l| bendr\n|j| Cobalt Pink\n|\n|t:|1700157427\n|move|p2a: Brambleghast|Bullet Seed|p1a: poop\n|-resisted|p1a: poop\n|-damage|p1a: poop|58\/100\n|-resisted|p1a: poop\n|-damage|p1a: poop|49\/100\n|-resisted|p1a: poop\n|-damage|p1a: poop|38\/100\n|-resisted|p1a: poop\n|-damage|p1a: poop|29\/100\n|-resisted|p1a: poop\n|-damage|p1a: poop|20\/100\n|-hitcount|p1a: poop|5\n|move|p1a: poop|Poison Jab|p2a: Brambleghast\n|-supereffective|p2a: Brambleghast\n|-damage|p2a: Brambleghast|0 fnt\n|faint|p2a: Brambleghast\n|\n|-heal|p1a: poop|26\/100|[from] item: Black Sludge\n|upkeep\n|inactive|PokeSW has 120 seconds left.\n|l| Cobalt Pink\n|\n|t:|1700157449\n|switch|p2a: Cinderace|Cinderace, F, shiny|100\/100\n|turn|13\n|\n|t:|1700157454\n|move|p2a: Cinderace|Zen Headbutt|p1a: poop\n|-start|p2a: Cinderace|typechange|Psychic|[from] ability: Libero\n|-supereffective|p1a: poop\n|-damage|p1a: poop|0 fnt\n|faint|p1a: poop\n|-damage|p2a: Cinderace|91\/100|[from] item: Life Orb\n|\n|upkeep\n|\n|t:|1700157460\n|switch|p1a: Kingambit|Kingambit, M|88\/100\n|-damage|p1a: Kingambit|76\/100|[from] Stealth Rock\n|turn|14\n|\n|t:|1700157481\n|move|p2a: Cinderace|U-turn|p1a: Kingambit\n|-supereffective|p1a: Kingambit\n|-crit|p1a: Kingambit\n|-damage|p1a: Kingambit|0 fnt\n|replace|p1a: Zoroark|Zoroark, M\n|-end|p1a: Zoroark|Illusion\n|faint|p1a: Zoroark\n|-damage|p2a: Cinderace|81\/100|[from] item: Life Orb\n|\n|t:|1700157486\n|switch|p2a: Dragapult|Dragapult, F|100\/100|[from] U-turn\n|\n|upkeep\n|\n|t:|1700157490\n|switch|p1a: Lurantis|Lurantis, F|100\/100\n|-damage|p1a: Lurantis|88\/100|[from] Stealth Rock\n|turn|15\n|j| Kisuke_on_crack\n|\n|t:|1700157494\n|move|p2a: Dragapult|Flamethrower|p1a: Lurantis\n|-supereffective|p1a: Lurantis\n|-damage|p1a: Lurantis|8\/100\n|move|p1a: Lurantis|Knock Off|p2a: Dragapult\n|-supereffective|p2a: Dragapult\n|-damage|p2a: Dragapult|10\/100\n|-enditem|p2a: Dragapult|Choice Specs|[from] move: Knock Off|[of] p1a: Lurantis\n|\n|-heal|p1a: Lurantis|14\/100|[from] item: Leftovers\n|upkeep\n|turn|16\n|\n|t:|1700157504\n|move|p1a: Lurantis|Protect|p1a: Lurantis\n|-singleturn|p1a: Lurantis|Protect\n|move|p2a: Dragapult|Flamethrower|p1a: Lurantis\n|-activate|p1a: Lurantis|move: Protect\n|\n|-heal|p1a: Lurantis|21\/100|[from] item: Leftovers\n|upkeep\n|turn|17\n|\n|t:|1700157506\n|move|p2a: Dragapult|Flamethrower|p1a: Lurantis\n|-supereffective|p1a: Lurantis\n|-damage|p1a: Lurantis|0 fnt\n|faint|p1a: Lurantis\n|\n|upkeep\n|j| DIMU179\n|\n|t:|1700157508\n|switch|p1a: Kingambit|Kingambit, M|100\/100\n|-damage|p1a: Kingambit|94\/100|[from] Stealth Rock\n|-activate|p1a: Kingambit|ability: Supreme Overlord\n|-start|p1a: Kingambit|fallen4|[silent]\n|turn|18\n|\n|t:|1700157515\n|move|p1a: Kingambit|Sucker Punch|p2a: Dragapult\n|-supereffective|p2a: Dragapult\n|-damage|p2a: Dragapult|0 fnt\n|faint|p2a: Dragapult\n|\n|upkeep\n|\n|t:|1700157517\n|switch|p2a: Cinderace|Cinderace, F, shiny|81\/100\n|turn|19\n|c| Kisuke_on_crack|THE GOAT!\n|\n|t:|1700157527\n|-terastallize|p1a: Kingambit|Dark\n|move|p1a: Kingambit|Sucker Punch|p2a: Cinderace\n|-damage|p2a: Cinderace|0 fnt\n|faint|p2a: Cinderace\n|\n|upkeep\n|j| mikemart\n|\n|t:|1700157532\n|switch|p2a: Weezing|Weezing-Galar, F, shiny|100\/100\n|turn|20\n|c|\u2606Fiddlw|YEAHH BOII\n|\n|t:|1700157539\n|move|p2a: Weezing|Will-O-Wisp|p1a: Kingambit\n|-status|p1a: Kingambit|brn\n|move|p1a: Kingambit|Iron Head|p2a: Weezing\n|-supereffective|p2a: Weezing\n|-damage|p2a: Weezing|30\/100\n|\n|-heal|p2a: Weezing|36\/100|[from] item: Black Sludge\n|-damage|p1a: Kingambit|88\/100 brn|[from] brn\n|upkeep\n|turn|21\n|c| Kisuke_on_crack|THE KING IS WINNING\n|\n|t:|1700157544\n|move|p2a: Weezing|Pain Split|p1a: Kingambit\n|-sethp|p1a: Kingambit|59\/100 brn|[from] move: Pain Split|[silent]\n|-sethp|p2a: Weezing|71\/100|[from] move: Pain Split\n|move|p1a: Kingambit|Iron Head|p2a: Weezing\n|-supereffective|p2a: Weezing\n|-damage|p2a: Weezing|5\/100\n|\n|-heal|p2a: Weezing|11\/100|[from] item: Black Sludge\n|-damage|p1a: Kingambit|53\/100 brn|[from] brn\n|upkeep\n|turn|22\n|\n|t:|1700157550\n|move|p2a: Weezing|Strange Steam|p1a: Kingambit\n|-supereffective|p1a: Kingambit\n|-damage|p1a: Kingambit|5\/100 brn\n|move|p1a: Kingambit|Iron Head|p2a: Weezing\n|-supereffective|p2a: Weezing\n|-damage|p2a: Weezing|0 fnt\n|faint|p2a: Weezing\n|\n|win|Fiddlw\n|n|\u2606Fiddlw|fiddlw\n|n|\u2606PokeSW|pokesw\n|n|*Lady Monita \u2746|ladymonita\n|n| Kisuke_on_crack|kisukeoncrack\n|n| DIMU179|dimu179\n|n| mikemart|mikemart\n|l|*Lady Monita \u2746\n|c|\u2606Fiddlw|gg!\n|c|\u2606PokeSW|gg\n|c| Kisuke_on_crack|GZ!\n|l|\u2606Fiddlw\n|l| mikemart\n|l| DIMU179\n|l| Kisuke_on_crack\n","uploadtime":1700157551,"views":10,"p1id":"fiddlw","p2id":"pokesw","formatid":"gen9ou","rating":0,"private":0,"password":""}