{"id":"gen9ou-1990873718","p1":"ratatta17","p2":"Froste17","format":"[Gen 9] OU","log":"|j|\u2606ratatta17\n|j|\u2606Froste17\n|t:|1700010024\n|gametype|singles\n|player|p1|ratatta17|1|1399\n|player|p2|Froste17|170|1319\n|teamsize|p1|6\n|teamsize|p2|6\n|gen|9\n|tier|[Gen 9] OU\n|rated|\n|rule|Sleep Clause Mod: Limit one foe put to sleep\n|rule|Species Clause: Limit one of each Pok\u00e9mon\n|rule|OHKO Clause: OHKO moves are banned\n|rule|Evasion Items Clause: Evasion items are banned\n|rule|Evasion Moves Clause: Evasion moves are banned\n|rule|Endless Battle Clause: Forcing endless battles is banned\n|rule|HP Percentage Mod: HP is shown in percentages\n|clearpoke\n|poke|p1|Azumarill, M|\n|poke|p1|Staraptor, F|\n|poke|p1|Toedscruel, F|\n|poke|p1|Skeledirge, F|\n|poke|p1|Ninetales-Alola, F|\n|poke|p1|Iron Valiant|\n|poke|p2|Rillaboom, F|\n|poke|p2|Dragapult, M|\n|poke|p2|Clefable, M|\n|poke|p2|Great Tusk|\n|poke|p2|Heatran, F|\n|poke|p2|Manaphy|\n|teampreview\n|inactive|Battle timer is ON: inactive players will automatically lose when time's up. (requested by ratatta17)\n|\n|t:|1700010036\n|start\n|switch|p1a: Staraptor|Staraptor, F|100\/100\n|switch|p2a: Manaphy|Manaphy|100\/100\n|-ability|p1a: Staraptor|Intimidate|boost\n|-unboost|p2a: Manaphy|atk|1\n|turn|1\n|\n|t:|1700010040\n|switch|p2a: Clefable|Clefable, M|100\/100\n|move|p1a: Staraptor|Final Gambit|p2a: Clefable\n|-damage|p2a: Clefable|6\/100\n|faint|p1a: Staraptor\n|\n|upkeep\n|\n|t:|1700010043\n|switch|p1a: Iron Valiant|Iron Valiant|100\/100\n|turn|2\n|\n|t:|1700010046\n|move|p1a: Iron Valiant|Knock Off|p2a: Clefable\n|-resisted|p2a: Clefable\n|-damage|p2a: Clefable|0 fnt\n|-damage|p1a: Iron Valiant|84\/100|[from] item: Rocky Helmet|[of] p2a: Clefable\n|-enditem|p2a: Clefable|Rocky Helmet|[from] move: Knock Off|[of] p1a: Iron Valiant\n|faint|p2a: Clefable\n|-damage|p1a: Iron Valiant|74\/100|[from] item: Life Orb\n|\n|upkeep\n|\n|t:|1700010050\n|switch|p2a: Rillaboom|Rillaboom, F|100\/100\n|-fieldstart|move: Grassy Terrain|[from] ability: Grassy Surge|[of] p2a: Rillaboom\n|turn|3\n|\n|t:|1700010052\n|move|p1a: Iron Valiant|Moonblast|p2a: Rillaboom\n|-damage|p2a: Rillaboom|29\/100\n|-damage|p1a: Iron Valiant|65\/100|[from] item: Life Orb\n|move|p2a: Rillaboom|Knock Off|p1a: Iron Valiant\n|-resisted|p1a: Iron Valiant\n|-damage|p1a: Iron Valiant|46\/100\n|-enditem|p1a: Iron Valiant|Life Orb|[from] move: Knock Off|[of] p2a: Rillaboom\n|\n|-heal|p1a: Iron Valiant|52\/100|[from] Grassy Terrain\n|-heal|p2a: Rillaboom|36\/100|[from] Grassy Terrain\n|upkeep\n|turn|4\n|\n|t:|1700010060\n|switch|p2a: Heatran|Heatran, F|100\/100\n|move|p1a: Iron Valiant|Knock Off|p2a: Heatran\n|-damage|p2a: Heatran|78\/100\n|-enditem|p2a: Heatran|Assault Vest|[from] move: Knock Off|[of] p1a: Iron Valiant\n|\n|-heal|p1a: Iron Valiant|59\/100|[from] Grassy Terrain\n|-heal|p2a: Heatran|84\/100|[from] Grassy Terrain\n|upkeep\n|turn|5\n|\n|t:|1700010062\n|move|p1a: Iron Valiant|Aura Sphere|p2a: Heatran\n|-supereffective|p2a: Heatran\n|-damage|p2a: Heatran|19\/100\n|move|p2a: Heatran|Magma Storm|p1a: Iron Valiant\n|-damage|p1a: Iron Valiant|0 fnt\n|faint|p1a: Iron Valiant\n|-end|p1a: Iron Valiant|Quark Drive|[silent]\n|\n|-heal|p2a: Heatran|25\/100|[from] Grassy Terrain\n|upkeep\n|\n|t:|1700010070\n|switch|p1a: Toedscruel|Toedscruel, F|100\/100\n|turn|6\n|\n|t:|1700010074\n|move|p1a: Toedscruel|Knock Off|p2a: Heatran\n|-damage|p2a: Heatran|16\/100\n|move|p2a: Heatran|Magma Storm|p1a: Toedscruel\n|-supereffective|p1a: Toedscruel\n|-damage|p1a: Toedscruel|14\/100\n|-activate|p1a: Toedscruel|move: Magma Storm|[of] p2a: Heatran\n|\n|-heal|p1a: Toedscruel|20\/100|[from] Grassy Terrain\n|-heal|p1a: Toedscruel|26\/100|[from] item: Leftovers\n|-heal|p2a: Heatran|22\/100|[from] Grassy Terrain\n|-damage|p1a: Toedscruel|14\/100|[from] move: Magma Storm|[partiallytrapped]\n|upkeep\n|turn|7\n|\n|t:|1700010080\n|move|p1a: Toedscruel|Knock Off|p2a: Heatran\n|-damage|p2a: Heatran|13\/100\n|move|p2a: Heatran|Tera Blast|p1a: Toedscruel\n|-damage|p1a: Toedscruel|0 fnt\n|faint|p1a: Toedscruel\n|\n|-heal|p2a: Heatran|19\/100|[from] Grassy Terrain\n|-fieldend|move: Grassy Terrain\n|upkeep\n|\n|t:|1700010087\n|switch|p1a: Azumarill|Azumarill, M|100\/100\n|turn|8\n|\n|t:|1700010091\n|move|p1a: Azumarill|Aqua Jet|p2a: Heatran\n|-supereffective|p2a: Heatran\n|-damage|p2a: Heatran|0 fnt\n|faint|p2a: Heatran\n|\n|upkeep\n|\n|t:|1700010098\n|switch|p2a: Manaphy|Manaphy|100\/100\n|turn|9\n|\n|t:|1700010102\n|switch|p1a: Ninetales|Ninetales-Alola, F|100\/100\n|-weather|Snow|[from] ability: Snow Warning|[of] p1a: Ninetales\n|move|p2a: Manaphy|Acid Armor|p2a: Manaphy\n|-boost|p2a: Manaphy|def|2\n|\n|-weather|Snow|[upkeep]\n|upkeep\n|turn|10\n|\n|t:|1700010107\n|-terastallize|p2a: Manaphy|Fairy\n|move|p2a: Manaphy|Take Heart|p2a: Manaphy\n|-boost|p2a: Manaphy|spa|1\n|-boost|p2a: Manaphy|spd|1\n|move|p1a: Ninetales|Encore|p2a: Manaphy\n|-start|p2a: Manaphy|Encore\n|\n|-weather|Snow|[upkeep]\n|upkeep\n|turn|11\n|\n|t:|1700010111\n|switch|p1a: Azumarill|Azumarill, M|100\/100\n|move|p2a: Manaphy|Take Heart|p2a: Manaphy\n|-boost|p2a: Manaphy|spa|1\n|-boost|p2a: Manaphy|spd|1\n|\n|-weather|Snow|[upkeep]\n|upkeep\n|turn|12\n|\n|t:|1700010114\n|move|p2a: Manaphy|Take Heart|p2a: Manaphy\n|-boost|p2a: Manaphy|spa|1\n|-boost|p2a: Manaphy|spd|1\n|move|p1a: Azumarill|Belly Drum|p1a: Azumarill\n|-damage|p1a: Azumarill|50\/100\n|-setboost|p1a: Azumarill|atk|6|[from] move: Belly Drum\n|-enditem|p1a: Azumarill|Sitrus Berry|[eat]\n|-heal|p1a: Azumarill|75\/100|[from] item: Sitrus Berry\n|\n|-weather|Snow|[upkeep]\n|upkeep\n|turn|13\n|\n|t:|1700010117\n|move|p2a: Manaphy|Take Heart|p2a: Manaphy\n|-boost|p2a: Manaphy|spa|1\n|-boost|p2a: Manaphy|spd|1\n|move|p1a: Azumarill|Play Rough|p2a: Manaphy\n|-damage|p2a: Manaphy|2\/100\n|\n|-weather|none\n|-heal|p2a: Manaphy|9\/100|[from] item: Leftovers\n|-end|p2a: Manaphy|Encore\n|upkeep\n|turn|14\n|\n|t:|1700010123\n|move|p1a: Azumarill|Aqua Jet|p2a: Manaphy\n|-damage|p2a: Manaphy|0 fnt\n|faint|p2a: Manaphy\n|\n|upkeep\n|\n|t:|1700010126\n|switch|p2a: Rillaboom|Rillaboom, F|36\/100\n|-fieldstart|move: Grassy Terrain|[from] ability: Grassy Surge|[of] p2a: Rillaboom\n|turn|15\n|\n|t:|1700010133\n|move|p2a: Rillaboom|Grassy Glide|p1a: Azumarill\n|-supereffective|p1a: Azumarill\n|-damage|p1a: Azumarill|0 fnt\n|faint|p1a: Azumarill\n|\n|-heal|p2a: Rillaboom|42\/100|[from] Grassy Terrain\n|upkeep\n|\n|t:|1700010139\n|switch|p1a: Skeledirge|Skeledirge, F|100\/100\n|turn|16\n|\n|t:|1700010144\n|switch|p2a: Great Tusk|Great Tusk|100\/100\n|move|p1a: Skeledirge|Will-O-Wisp|p2a: Great Tusk\n|-status|p2a: Great Tusk|brn\n|\n|-damage|p2a: Great Tusk|94\/100 brn|[from] brn\n|upkeep\n|turn|17\n|\n|t:|1700010147\n|switch|p1a: Ninetales|Ninetales-Alola, F|100\/100\n|-weather|Snow|[from] ability: Snow Warning|[of] p1a: Ninetales\n|move|p2a: Great Tusk|Knock Off|p1a: Ninetales\n|-resisted|p1a: Ninetales\n|-damage|p1a: Ninetales|94\/100\n|-enditem|p1a: Ninetales|Light Clay|[from] move: Knock Off|[of] p2a: Great Tusk\n|\n|-weather|Snow|[upkeep]\n|-heal|p2a: Great Tusk|100\/100 brn|[from] Grassy Terrain\n|-heal|p1a: Ninetales|99\/100|[from] Grassy Terrain\n|-damage|p2a: Great Tusk|94\/100 brn|[from] brn\n|upkeep\n|turn|18\n|\n|t:|1700010152\n|move|p2a: Great Tusk|Ice Spinner|p1a: Ninetales\n|-resisted|p1a: Ninetales\n|-damage|p1a: Ninetales|94\/100\n|-fieldend|move: Grassy Terrain\n|move|p1a: Ninetales|Aurora Veil|p1a: Ninetales\n|-sidestart|p1: ratatta17|move: Aurora Veil\n|\n|-weather|Snow|[upkeep]\n|-damage|p2a: Great Tusk|88\/100 brn|[from] brn\n|upkeep\n|turn|19\n|\n|t:|1700010156\n|switch|p1a: Skeledirge|Skeledirge, F|100\/100\n|move|p2a: Great Tusk|Earthquake|p1a: Skeledirge\n|-supereffective|p1a: Skeledirge\n|-damage|p1a: Skeledirge|80\/100\n|\n|-weather|Snow|[upkeep]\n|-heal|p1a: Skeledirge|86\/100|[from] item: Leftovers\n|-damage|p2a: Great Tusk|82\/100 brn|[from] brn\n|upkeep\n|turn|20\n|\n|t:|1700010161\n|move|p2a: Great Tusk|Knock Off|p1a: Skeledirge\n|-supereffective|p1a: Skeledirge\n|-damage|p1a: Skeledirge|73\/100\n|-enditem|p1a: Skeledirge|Leftovers|[from] move: Knock Off|[of] p2a: Great Tusk\n|move|p1a: Skeledirge|Torch Song|p2a: Great Tusk\n|-damage|p2a: Great Tusk|34\/100 brn\n|-boost|p1a: Skeledirge|spa|1\n|\n|-weather|Snow|[upkeep]\n|-damage|p2a: Great Tusk|28\/100 brn|[from] brn\n|upkeep\n|turn|21\n|\n|t:|1700010165\n|move|p2a: Great Tusk|Earthquake|p1a: Skeledirge\n|-supereffective|p1a: Skeledirge\n|-damage|p1a: Skeledirge|51\/100\n|move|p1a: Skeledirge|Slack Off|p1a: Skeledirge\n|-heal|p1a: Skeledirge|100\/100\n|\n|-weather|none\n|-damage|p2a: Great Tusk|22\/100 brn|[from] brn\n|upkeep\n|turn|22\n|\n|t:|1700010167\n|move|p2a: Great Tusk|Earthquake|p1a: Skeledirge\n|-supereffective|p1a: Skeledirge\n|-damage|p1a: Skeledirge|80\/100\n|move|p1a: Skeledirge|Torch Song|p2a: Great Tusk\n|-damage|p2a: Great Tusk|0 fnt\n|-boost|p1a: Skeledirge|spa|1\n|faint|p2a: Great Tusk\n|-end|p2a: Great Tusk|Protosynthesis|[silent]\n|\n|-sideend|p1: ratatta17|move: Aurora Veil\n|upkeep\n|\n|t:|1700010170\n|switch|p2a: Dragapult|Dragapult, M|100\/100\n|turn|23\n|\n|t:|1700010172\n|-terastallize|p1a: Skeledirge|Dragon\n|move|p2a: Dragapult|Shadow Ball|p1a: Skeledirge\n|-damage|p1a: Skeledirge|39\/100\n|move|p1a: Skeledirge|Hex|p2a: Dragapult\n|-supereffective|p2a: Dragapult\n|-damage|p2a: Dragapult|0 fnt\n|faint|p2a: Dragapult\n|\n|upkeep\n|\n|t:|1700010175\n|switch|p2a: Rillaboom|Rillaboom, F|42\/100\n|-fieldstart|move: Grassy Terrain|[from] ability: Grassy Surge|[of] p2a: Rillaboom\n|turn|24\n|\n|t:|1700010183\n|move|p2a: Rillaboom|Drain Punch|p1a: Skeledirge\n|-damage|p1a: Skeledirge|3\/100\n|-heal|p2a: Rillaboom|61\/100|[from] drain|[of] p1a: Skeledirge\n|move|p1a: Skeledirge|Torch Song|p2a: Rillaboom\n|-supereffective|p2a: Rillaboom\n|-damage|p2a: Rillaboom|0 fnt\n|-boost|p1a: Skeledirge|spa|1\n|faint|p2a: Rillaboom\n|\n|win|ratatta17\n|raw|ratatta17's rating: 1399 &rarr; <strong>1414<\/strong><br \/>(+15 for winning)\n|raw|Froste17's rating: 1319 &rarr; <strong>1304<\/strong><br \/>(-15 for losing)\n|l|\u2606Froste17\n","uploadtime":1700010194,"views":16,"p1id":"ratatta17","p2id":"froste17","formatid":"gen9ou","rating":1304,"private":0,"password":""}