{"id":"gen9ou-1991477627","p1":"FiveFingerIcePunch","p2":"aabou93","format":"[Gen 9] OU","log":"|j|\u2606FiveFingerIcePunch\n|j|\u2606aabou93\n|t:|1700080565\n|gametype|singles\n|player|p1|FiveFingerIcePunch|workerice|1169\n|player|p2|aabou93|2|1162\n|teamsize|p1|6\n|teamsize|p2|6\n|gen|9\n|tier|[Gen 9] OU\n|rated|\n|rule|Sleep Clause Mod: Limit one foe put to sleep\n|rule|Species Clause: Limit one of each Pok\u00e9mon\n|rule|OHKO Clause: OHKO moves are banned\n|rule|Evasion Items Clause: Evasion items are banned\n|rule|Evasion Moves Clause: Evasion moves are banned\n|rule|Endless Battle Clause: Forcing endless battles is banned\n|rule|HP Percentage Mod: HP is shown in percentages\n|clearpoke\n|poke|p1|Iron Valiant|\n|poke|p1|Toxapex, F|\n|poke|p1|Corviknight, M|\n|poke|p1|Sneasler, F|\n|poke|p1|Weavile, F|\n|poke|p1|Garchomp, M|\n|poke|p2|Ceruledge, F|\n|poke|p2|Ninetales, F|\n|poke|p2|Victreebel, M|\n|poke|p2|Maushold|\n|poke|p2|Heatran, M|\n|poke|p2|Walking Wake|\n|teampreview\n|\n|t:|1700080580\n|start\n|switch|p1a: Bastille|Corviknight, M, shiny|100\/100\n|switch|p2a: Maushold|Maushold|100\/100\n|turn|1\n|inactive|Battle timer is ON: inactive players will automatically lose when time's up. (requested by aabou93)\n|\n|t:|1700080606\n|move|p2a: Maushold|U-turn|p1a: Bastille\n|-resisted|p1a: Bastille\n|-crit|p1a: Bastille\n|-damage|p1a: Bastille|97\/100\n|\n|t:|1700080613\n|switch|p2a: Ceruledge|Ceruledge, F|100\/100|[from] U-turn\n|move|p1a: Bastille|U-turn|p2a: Ceruledge\n|-resisted|p2a: Ceruledge\n|-damage|p2a: Ceruledge|95\/100\n|-ability|p2a: Ceruledge|Weak Armor|boost\n|-unboost|p2a: Ceruledge|def|1\n|-boost|p2a: Ceruledge|spe|2\n|\n|t:|1700080623\n|switch|p1a: Nado|Garchomp, M, shiny|100\/100|[from] U-turn\n|\n|upkeep\n|turn|2\n|\n|t:|1700080635\n|-terastallize|p2a: Ceruledge|Ghost\n|move|p2a: Ceruledge|Swords Dance|p2a: Ceruledge\n|-boost|p2a: Ceruledge|atk|2\n|move|p1a: Nado|Scale Shot|p2a: Ceruledge\n|-damage|p2a: Ceruledge|58\/100\n|-ability|p2a: Ceruledge|Weak Armor|boost\n|-unboost|p2a: Ceruledge|def|1\n|-boost|p2a: Ceruledge|spe|2\n|-damage|p2a: Ceruledge|7\/100\n|-ability|p2a: Ceruledge|Weak Armor|boost\n|-unboost|p2a: Ceruledge|def|1\n|-boost|p2a: Ceruledge|spe|2\n|-damage|p2a: Ceruledge|0 fnt\n|faint|p2a: Ceruledge\n|-hitcount|p2: Ceruledge|3\n|-unboost|p1a: Nado|def|1\n|-boost|p1a: Nado|spe|1\n|-damage|p1a: Nado|91\/100|[from] item: Life Orb\n|\n|upkeep\n|\n|t:|1700080659\n|switch|p2a: Ninetales|Ninetales, F|100\/100\n|-weather|SunnyDay|[from] ability: Drought|[of] p2a: Ninetales\n|turn|3\n|\n|t:|1700080668\n|move|p1a: Nado|Swords Dance|p1a: Nado\n|-boost|p1a: Nado|atk|2\n|move|p2a: Ninetales|Will-O-Wisp|p1a: Nado\n|-status|p1a: Nado|brn\n|\n|-weather|SunnyDay|[upkeep]\n|-damage|p1a: Nado|85\/100 brn|[from] brn\n|upkeep\n|turn|4\n|inactive|aabou93 has 120 seconds left.\n|\n|t:|1700080708\n|move|p1a: Nado|Scale Shot|p2a: Ninetales\n|-damage|p2a: Ninetales|81\/100\n|-damage|p2a: Ninetales|60\/100\n|-hitcount|p2a: Ninetales|2\n|-unboost|p1a: Nado|def|1\n|-boost|p1a: Nado|spe|1\n|-damage|p1a: Nado|75\/100 brn|[from] item: Life Orb\n|move|p2a: Ninetales|Nasty Plot|p2a: Ninetales\n|-boost|p2a: Ninetales|spa|2\n|\n|-weather|SunnyDay|[upkeep]\n|-damage|p1a: Nado|69\/100 brn|[from] brn\n|upkeep\n|turn|5\n|\n|t:|1700080723\n|move|p1a: Nado|Earthquake|p2a: Ninetales\n|-supereffective|p2a: Ninetales\n|-damage|p2a: Ninetales|0 fnt\n|faint|p2a: Ninetales\n|-damage|p1a: Nado|59\/100 brn|[from] item: Life Orb\n|\n|-weather|SunnyDay|[upkeep]\n|-damage|p1a: Nado|53\/100 brn|[from] brn\n|upkeep\n|\n|t:|1700080732\n|switch|p2a: Victreebel|Victreebel, M|100\/100\n|turn|6\n|\n|t:|1700080738\n|-terastallize|p1a: Nado|Fire\n|move|p1a: Nado|Tera Blast|p2a: Victreebel|[anim] Tera Blast Fire\n|-supereffective|p2a: Victreebel\n|-crit|p2a: Victreebel\n|-damage|p2a: Victreebel|0 fnt\n|faint|p2a: Victreebel\n|-damage|p1a: Nado|43\/100 brn|[from] item: Life Orb\n|\n|-weather|SunnyDay|[upkeep]\n|-damage|p1a: Nado|37\/100 brn|[from] brn\n|upkeep\n|\n|t:|1700080750\n|switch|p2a: Walking Wake|Walking Wake|100\/100\n|-activate|p2a: Walking Wake|ability: Protosynthesis\n|-start|p2a: Walking Wake|protosynthesisspa\n|turn|7\n|\n|t:|1700080758\n|move|p1a: Nado|Scale Shot|p2a: Walking Wake\n|-supereffective|p2a: Walking Wake\n|-damage|p2a: Walking Wake|63\/100\n|-supereffective|p2a: Walking Wake\n|-damage|p2a: Walking Wake|28\/100\n|-supereffective|p2a: Walking Wake\n|-damage|p2a: Walking Wake|0 fnt\n|faint|p2a: Walking Wake\n|-end|p2a: Walking Wake|Protosynthesis|[silent]\n|-hitcount|p2: Walking Wake|3\n|-unboost|p1a: Nado|def|1\n|-boost|p1a: Nado|spe|1\n|-damage|p1a: Nado|27\/100 brn|[from] item: Life Orb\n|\n|-weather|SunnyDay|[upkeep]\n|-damage|p1a: Nado|21\/100 brn|[from] brn\n|upkeep\n|-message|aabou93 forfeited.\n|\n|win|FiveFingerIcePunch\n|raw|FiveFingerIcePunch's rating: 1169 &rarr; <strong>1193<\/strong><br \/>(+24 for winning)\n|raw|aabou93's rating: 1162 &rarr; <strong>1138<\/strong><br \/>(-24 for losing)\n|l|\u2606aabou93\n","uploadtime":1700080770,"views":8,"p1id":"fivefingericepunch","p2id":"aabou93","formatid":"gen9ou","rating":1138,"private":0,"password":""}