{"id":"gen9ou-1992641604","p1":"panzershock","p2":"wyverbal","format":"[Gen 9] OU","log":"|j|\u2606panzershock\n|j|\u2606wyverbal\n|t:|1700219158\n|gametype|singles\n|player|p1|panzershock|2|1224\n|player|p2|wyverbal|266|1142\n|teamsize|p1|6\n|teamsize|p2|6\n|gen|9\n|tier|[Gen 9] OU\n|rated|\n|rule|Sleep Clause Mod: Limit one foe put to sleep\n|rule|Species Clause: Limit one of each Pok\u00e9mon\n|rule|OHKO Clause: OHKO moves are banned\n|rule|Evasion Items Clause: Evasion items are banned\n|rule|Evasion Moves Clause: Evasion moves are banned\n|rule|Endless Battle Clause: Forcing endless battles is banned\n|rule|HP Percentage Mod: HP is shown in percentages\n|clearpoke\n|poke|p1|Mabosstiff, F|\n|poke|p1|Houndstone, M|\n|poke|p1|Ursaluna, F|\n|poke|p1|Komala, F|\n|poke|p1|Mimikyu, M|\n|poke|p1|Gengar, M|\n|poke|p2|Dipplin, M|\n|poke|p2|Enamorus-Therian, F|\n|poke|p2|Glimmora, F|\n|poke|p2|Alomomola, F|\n|poke|p2|Grimmsnarl, M|\n|poke|p2|Kommo-o, F|\n|teampreview\n|inactive|Battle timer is ON: inactive players will automatically lose when time's up. (requested by wyverbal)\n|\n|t:|1700219177\n|start\n|switch|p1a: Ursaluna|Ursaluna, F|100\/100\n|switch|p2a: Enamorus|Enamorus-Therian, F, shiny|100\/100\n|turn|1\n|\n|t:|1700219184\n|move|p2a: Enamorus|Moonblast|p1a: Ursaluna\n|-damage|p1a: Ursaluna|80\/100\n|-unboost|p1a: Ursaluna|spa|1\n|move|p1a: Ursaluna|Body Slam|p2a: Enamorus\n|-damage|p2a: Enamorus|59\/100\n|\n|upkeep\n|turn|2\n|\n|t:|1700219192\n|switch|p2a: Alomomola|Alomomola, F, shiny|100\/100\n|move|p1a: Ursaluna|Body Slam|p2a: Alomomola\n|-damage|p2a: Alomomola|79\/100\n|\n|upkeep\n|turn|3\n|\n|t:|1700219203\n|switch|p1a: Gengar|Gengar, M|100\/100\n|move|p2a: Alomomola|Scald|p1a: Gengar\n|-damage|p1a: Gengar|78\/100\n|-start|p2a: Alomomola|Disable|Scald|[from] ability: Cursed Body|[of] p1a: Gengar\n|\n|-heal|p1a: Gengar|84\/100|[from] item: Black Sludge\n|upkeep\n|turn|4\n|\n|t:|1700219214\n|switch|p2a: Kommo-o|Kommo-o, F, shiny|100\/100\n|move|p1a: Gengar|Substitute|p1a: Gengar\n|-start|p1a: Gengar|Substitute\n|-damage|p1a: Gengar|59\/100\n|\n|-heal|p1a: Gengar|65\/100|[from] item: Black Sludge\n|upkeep\n|turn|5\n|\n|t:|1700219224\n|move|p1a: Gengar|Dazzling Gleam|p2a: Kommo-o\n|-supereffective|p2a: Kommo-o\n|-damage|p2a: Kommo-o|36\/100\n|move|p2a: Kommo-o|Clanging Scales|p1a: Gengar\n|-damage|p1a: Gengar|0 fnt\n|faint|p1a: Gengar\n|-unboost|p2a: Kommo-o|def|1\n|\n|upkeep\n|\n|t:|1700219235\n|switch|p1a: Mabosstiff|Mabosstiff, F|100\/100\n|turn|6\n|\n|t:|1700219241\n|move|p1a: Mabosstiff|Play Rough|p2a: Kommo-o\n|-supereffective|p2a: Kommo-o\n|-damage|p2a: Kommo-o|0 fnt\n|faint|p2a: Kommo-o\n|\n|upkeep\n|\n|t:|1700219260\n|switch|p2a: Enamorus|Enamorus-Therian, F, shiny|59\/100\n|turn|7\n|\n|t:|1700219268\n|switch|p1a: Ursaluna|Ursaluna, F|80\/100\n|move|p2a: Enamorus|Moonblast|p1a: Ursaluna\n|-damage|p1a: Ursaluna|57\/100\n|-unboost|p1a: Ursaluna|spa|1\n|\n|upkeep\n|turn|8\n|\n|t:|1700219276\n|switch|p2a: Alomomola|Alomomola, F, shiny|100\/100\n|move|p1a: Ursaluna|Body Slam|p2a: Alomomola\n|-damage|p2a: Alomomola|80\/100\n|\n|upkeep\n|turn|9\n|\n|t:|1700219281\n|move|p2a: Alomomola|Wish|p2a: Alomomola\n|move|p1a: Ursaluna|Body Slam|p2a: Alomomola\n|-damage|p2a: Alomomola|58\/100\n|\n|upkeep\n|turn|10\n|\n|t:|1700219287\n|move|p2a: Alomomola|Scald|p1a: Ursaluna\n|-supereffective|p1a: Ursaluna\n|-damage|p1a: Ursaluna|45\/100\n|move|p1a: Ursaluna|Body Slam|p2a: Alomomola\n|-crit|p2a: Alomomola\n|-damage|p2a: Alomomola|28\/100\n|\n|-heal|p2a: Alomomola|78\/100|[from] move: Wish|[wisher] Alomomola\n|upkeep\n|turn|11\n|\n|t:|1700219296\n|move|p2a: Alomomola|Wish|p2a: Alomomola\n|move|p1a: Ursaluna|Body Slam|p2a: Alomomola\n|-damage|p2a: Alomomola|58\/100\n|\n|upkeep\n|turn|12\n|\n|t:|1700219302\n|move|p2a: Alomomola|Flip Turn|p1a: Ursaluna\n|-supereffective|p1a: Ursaluna\n|-damage|p1a: Ursaluna|25\/100\n|\n|t:|1700219308\n|switch|p2a: Enamorus|Enamorus-Therian, F, shiny|59\/100|[from] Flip Turn\n|move|p1a: Ursaluna|Body Slam|p2a: Enamorus\n|-damage|p2a: Enamorus|15\/100\n|\n|-heal|p2a: Enamorus|100\/100|[from] move: Wish|[wisher] Alomomola\n|upkeep\n|turn|13\n|\n|t:|1700219318\n|move|p2a: Enamorus|Moonblast|p1a: Ursaluna\n|-damage|p1a: Ursaluna|5\/100\n|move|p1a: Ursaluna|Body Slam|p2a: Enamorus\n|-damage|p2a: Enamorus|56\/100\n|\n|upkeep\n|turn|14\n|\n|t:|1700219328\n|move|p2a: Enamorus|Moonblast|p1a: Ursaluna\n|-damage|p1a: Ursaluna|0 fnt\n|faint|p1a: Ursaluna\n|\n|upkeep\n|\n|t:|1700219335\n|switch|p1a: Komala|Komala, F|100\/100\n|-ability|p1a: Komala|Comatose\n|turn|15\n|\n|t:|1700219344\n|switch|p2a: Alomomola|Alomomola, F, shiny|92\/100\n|move|p1a: Komala|Rapid Spin|p2a: Alomomola\n|-damage|p2a: Alomomola|77\/100\n|-boost|p1a: Komala|spe|1\n|\n|upkeep\n|turn|16\n|\n|t:|1700219354\n|move|p1a: Komala|Rapid Spin|p2a: Alomomola\n|-damage|p2a: Alomomola|62\/100\n|-boost|p1a: Komala|spe|1\n|move|p2a: Alomomola|Scald|p1a: Komala\n|-damage|p1a: Komala|87\/100\n|\n|upkeep\n|turn|17\n|\n|t:|1700219363\n|move|p1a: Komala|Rapid Spin|p2a: Alomomola\n|-damage|p2a: Alomomola|48\/100\n|-boost|p1a: Komala|spe|1\n|move|p2a: Alomomola|Wish|p2a: Alomomola\n|\n|upkeep\n|turn|18\n|\n|t:|1700219369\n|move|p1a: Komala|Rapid Spin|p2a: Alomomola\n|-damage|p2a: Alomomola|33\/100\n|-boost|p1a: Komala|spe|1\n|move|p2a: Alomomola|Scald|p1a: Komala\n|-damage|p1a: Komala|73\/100\n|\n|-heal|p2a: Alomomola|83\/100|[from] move: Wish|[wisher] Alomomola\n|upkeep\n|turn|19\n|\n|t:|1700219379\n|move|p1a: Komala|Rapid Spin|p2a: Alomomola\n|-damage|p2a: Alomomola|68\/100\n|-boost|p1a: Komala|spe|1\n|move|p2a: Alomomola|Wish|p2a: Alomomola\n|\n|upkeep\n|turn|20\n|\n|t:|1700219384\n|move|p1a: Komala|Wish|p1a: Komala\n|move|p2a: Alomomola|Scald|p1a: Komala\n|-damage|p1a: Komala|57\/100\n|\n|-heal|p2a: Alomomola|100\/100|[from] move: Wish|[wisher] Alomomola\n|upkeep\n|turn|21\n|\n|t:|1700219405\n|move|p1a: Komala|Rapid Spin|p2a: Alomomola\n|-damage|p2a: Alomomola|86\/100\n|-boost|p1a: Komala|spe|1\n|move|p2a: Alomomola|Flip Turn|p1a: Komala\n|-damage|p1a: Komala|36\/100\n|\n|t:|1700219412\n|switch|p2a: Grimmsnarl|Grimmsnarl, M, shiny|100\/100|[from] Flip Turn\n|\n|-heal|p1a: Komala|86\/100|[from] move: Wish|[wisher] Komala\n|upkeep\n|turn|22\n|\n|t:|1700219418\n|move|p1a: Komala|Rapid Spin|p2a: Grimmsnarl\n|-damage|p2a: Grimmsnarl|66\/100\n|move|p2a: Grimmsnarl|Spirit Break|p1a: Komala\n|-damage|p1a: Komala|32\/100\n|-unboost|p1a: Komala|spa|1\n|\n|upkeep\n|turn|23\n|\n|t:|1700219427\n|move|p1a: Komala|U-turn|p2a: Grimmsnarl\n|-damage|p2a: Grimmsnarl|39\/100\n|\n|t:|1700219432\n|switch|p1a: Houndstone|Houndstone, M|100\/100|[from] U-turn\n|move|p2a: Grimmsnarl|Spirit Break|p1a: Houndstone\n|-damage|p1a: Houndstone|86\/100\n|-unboost|p1a: Houndstone|spa|1\n|\n|-heal|p1a: Houndstone|92\/100|[from] item: Leftovers\n|upkeep\n|turn|24\n|\n|t:|1700219442\n|move|p2a: Grimmsnarl|Parting Shot|p1a: Houndstone\n|-unboost|p1a: Houndstone|atk|1\n|-unboost|p1a: Houndstone|spa|1\n|\n|t:|1700219446\n|switch|p2a: Alomomola|Alomomola, F, shiny|100\/100|[from] Parting Shot\n|move|p1a: Houndstone|Will-O-Wisp|p2a: Alomomola\n|-status|p2a: Alomomola|brn\n|\n|-heal|p1a: Houndstone|98\/100|[from] item: Leftovers\n|-damage|p2a: Alomomola|94\/100 brn|[from] brn\n|upkeep\n|turn|25\n|\n|t:|1700219455\n|switch|p1a: Komala|Komala, F|32\/100\n|-ability|p1a: Komala|Comatose\n|move|p2a: Alomomola|Wish|p2a: Alomomola\n|\n|-damage|p2a: Alomomola|88\/100 brn|[from] brn\n|upkeep\n|turn|26\n|\n|t:|1700219463\n|move|p2a: Alomomola|Flip Turn|p1a: Komala\n|-damage|p1a: Komala|22\/100\n|\n|t:|1700219466\n|switch|p2a: Grimmsnarl|Grimmsnarl, M, shiny|39\/100|[from] Flip Turn\n|move|p1a: Komala|Wish|p1a: Komala\n|\n|-heal|p2a: Grimmsnarl|100\/100|[from] move: Wish|[wisher] Alomomola\n|upkeep\n|turn|27\n|\n|t:|1700219472\n|switch|p1a: Houndstone|Houndstone, M|98\/100\n|move|p2a: Grimmsnarl|Spirit Break|p1a: Houndstone\n|-damage|p1a: Houndstone|84\/100\n|-unboost|p1a: Houndstone|spa|1\n|\n|-heal|p1a: Houndstone|100\/100|[from] move: Wish|[wisher] Komala\n|upkeep\n|turn|28\n|\n|t:|1700219481\n|move|p2a: Grimmsnarl|Parting Shot|p1a: Houndstone\n|-unboost|p1a: Houndstone|atk|1\n|-unboost|p1a: Houndstone|spa|1\n|\n|t:|1700219494\n|switch|p2a: Alomomola|Alomomola, F, shiny|100\/100 brn|[from] Parting Shot\n|move|p1a: Houndstone|Substitute|p1a: Houndstone\n|-start|p1a: Houndstone|Substitute\n|-damage|p1a: Houndstone|76\/100\n|\n|-heal|p1a: Houndstone|82\/100|[from] item: Leftovers\n|-damage|p2a: Alomomola|94\/100 brn|[from] brn\n|upkeep\n|turn|29\n|\n|t:|1700219516\n|move|p1a: Houndstone|Night Shade|p2a: Alomomola\n|-damage|p2a: Alomomola|76\/100 brn\n|move|p2a: Alomomola|Scald|p1a: Houndstone\n|-activate|p1a: Houndstone|move: Substitute|[damage]\n|\n|-heal|p1a: Houndstone|88\/100|[from] item: Leftovers\n|-damage|p2a: Alomomola|69\/100 brn|[from] brn\n|upkeep\n|turn|30\n|\n|t:|1700219527\n|move|p1a: Houndstone|Body Press|p2a: Alomomola\n|-damage|p2a: Alomomola|55\/100 brn\n|move|p2a: Alomomola|Wish|p2a: Alomomola\n|\n|-heal|p1a: Houndstone|94\/100|[from] item: Leftovers\n|-damage|p2a: Alomomola|49\/100 brn|[from] brn\n|upkeep\n|turn|31\n|\n|t:|1700219535\n|move|p1a: Houndstone|Night Shade|p2a: Alomomola\n|-damage|p2a: Alomomola|30\/100 brn\n|move|p2a: Alomomola|Flip Turn|p1a: Houndstone\n|-activate|p1a: Houndstone|move: Substitute|[damage]\n|inactive|wyverbal has 120 seconds left.\n|\n|t:|1700219564\n|switch|p2a: Glimmora|Glimmora, F, shiny|100\/100|[from] Flip Turn\n|-item|p2a: Glimmora|Air Balloon\n|\n|-heal|p1a: Houndstone|99\/100|[from] item: Leftovers\n|upkeep\n|turn|32\n|inactive|wyverbal has 120 seconds left.\n|\n|t:|1700219573\n|move|p2a: Glimmora|Power Gem|p1a: Houndstone\n|-end|p1a: Houndstone|Substitute\n|move|p1a: Houndstone|Will-O-Wisp|p2a: Glimmora\n|-status|p2a: Glimmora|brn\n|\n|-heal|p1a: Houndstone|100\/100|[from] item: Leftovers\n|-damage|p2a: Glimmora|94\/100 brn|[from] brn\n|upkeep\n|turn|33\n|\n|t:|1700219582\n|switch|p1a: Mimikyu|Mimikyu, M|100\/100\n|move|p2a: Glimmora|Toxic|p1a: Mimikyu\n|-status|p1a: Mimikyu|tox\n|\n|-damage|p1a: Mimikyu|95\/100 tox|[from] psn\n|-damage|p2a: Glimmora|88\/100 brn|[from] brn\n|upkeep\n|turn|34\n|\n|t:|1700219593\n|move|p2a: Glimmora|Power Gem|p1a: Mimikyu\n|-activate|p1a: Mimikyu|ability: Disguise\n|-damage|p1a: Mimikyu|95\/100 tox\n|detailschange|p1a: Mimikyu|Mimikyu-Busted, M\n|-damage|p1a: Mimikyu|82\/100 tox|[from] pokemon: Mimikyu-Busted\n|move|p1a: Mimikyu|Curse|p2a: Glimmora\n|-start|p2a: Glimmora|Curse|[of] p1a: Mimikyu\n|-damage|p1a: Mimikyu|32\/100 tox\n|-enditem|p1a: Mimikyu|Sitrus Berry|[eat]\n|-heal|p1a: Mimikyu|57\/100 tox|[from] item: Sitrus Berry\n|\n|-damage|p1a: Mimikyu|45\/100 tox|[from] psn\n|-damage|p2a: Glimmora|82\/100 brn|[from] brn\n|-damage|p2a: Glimmora|57\/100 brn|[from] Curse\n|upkeep\n|turn|35\n|\n|t:|1700219608\n|switch|p2a: Alomomola|Alomomola, F, shiny|64\/100 brn\n|move|p1a: Mimikyu|Pain Split|p2a: Alomomola\n|-sethp|p2a: Alomomola|43\/100 brn|[from] move: Pain Split|[silent]\n|-sethp|p1a: Mimikyu|90\/100 tox|[from] move: Pain Split\n|\n|-damage|p1a: Mimikyu|72\/100 tox|[from] psn\n|-damage|p2a: Alomomola|36\/100 brn|[from] brn\n|upkeep\n|turn|36\n|\n|t:|1700219627\n|move|p1a: Mimikyu|Thief|p2a: Alomomola\n|-damage|p2a: Alomomola|30\/100 brn\n|-enditem|p2a: Alomomola|Covert Cloak|[silent]|[from] move: Thief|[of] p1a: Mimikyu\n|-item|p1a: Mimikyu|Covert Cloak|[from] move: Thief|[of] p2a: Alomomola\n|move|p2a: Alomomola|Wish|p2a: Alomomola\n|\n|-damage|p1a: Mimikyu|48\/100 tox|[from] psn\n|-damage|p2a: Alomomola|23\/100 brn|[from] brn\n|upkeep\n|turn|37\n|\n|t:|1700219645\n|switch|p2a: Enamorus|Enamorus-Therian, F, shiny|56\/100\n|move|p1a: Mimikyu|Will-O-Wisp|p2a: Enamorus\n|-status|p2a: Enamorus|brn\n|\n|-heal|p2a: Enamorus|100\/100 brn|[from] move: Wish|[wisher] Alomomola\n|-damage|p1a: Mimikyu|18\/100 tox|[from] psn\n|-damage|p2a: Enamorus|94\/100 brn|[from] brn\n|upkeep\n|turn|38\n|\n|t:|1700219658\n|switch|p1a: Komala|Komala, F|22\/100\n|-ability|p1a: Komala|Comatose\n|move|p2a: Enamorus|Agility|p2a: Enamorus\n|-boost|p2a: Enamorus|spe|2\n|\n|-damage|p2a: Enamorus|88\/100 brn|[from] brn\n|upkeep\n|turn|39\n|inactive|wyverbal has 120 seconds left.\n|\n|t:|1700219674\n|move|p2a: Enamorus|Moonblast|p1a: Komala\n|-damage|p1a: Komala|0 fnt\n|faint|p1a: Komala\n|\n|-damage|p2a: Enamorus|82\/100 brn|[from] brn\n|upkeep\n|\n|t:|1700219686\n|switch|p1a: Mimikyu|Mimikyu-Busted, M|18\/100 tox\n|turn|40\n|\n|t:|1700219691\n|move|p2a: Enamorus|Moonblast|p1a: Mimikyu\n|-damage|p1a: Mimikyu|0 fnt\n|faint|p1a: Mimikyu\n|\n|-damage|p2a: Enamorus|76\/100 brn|[from] brn\n|upkeep\n|\n|t:|1700219699\n|switch|p1a: Mabosstiff|Mabosstiff, F|100\/100\n|turn|41\n|\n|t:|1700219706\n|-terastallize|p1a: Mabosstiff|Fire\n|move|p2a: Enamorus|Moonblast|p1a: Mabosstiff\n|-resisted|p1a: Mabosstiff\n|-damage|p1a: Mabosstiff|64\/100\n|move|p1a: Mabosstiff|Trailblaze|p2a: Enamorus\n|-resisted|p2a: Enamorus\n|-damage|p2a: Enamorus|67\/100 brn\n|-boost|p1a: Mabosstiff|spe|1\n|\n|-damage|p2a: Enamorus|60\/100 brn|[from] brn\n|upkeep\n|turn|42\n|\n|t:|1700219719\n|move|p1a: Mabosstiff|Ice Fang|p2a: Enamorus\n|-supereffective|p2a: Enamorus\n|-damage|p2a: Enamorus|17\/100 brn\n|-enditem|p2a: Enamorus|Weakness Policy\n|-boost|p2a: Enamorus|atk|2|[from] item: Weakness Policy\n|-boost|p2a: Enamorus|spa|2|[from] item: Weakness Policy\n|move|p2a: Enamorus|Earth Power|p1a: Mabosstiff\n|-supereffective|p1a: Mabosstiff\n|-damage|p1a: Mabosstiff|0 fnt\n|faint|p1a: Mabosstiff\n|\n|-damage|p2a: Enamorus|11\/100 brn|[from] brn\n|upkeep\n|-message|panzershock forfeited.\n|\n|win|wyverbal\n|raw|panzershock's rating: 1224 &rarr; <strong>1193<\/strong><br \/>(-31 for losing)\n|raw|wyverbal's rating: 1142 &rarr; <strong>1173<\/strong><br \/>(+31 for winning)\n|l|\u2606panzershock\n","uploadtime":1700219733,"views":8,"p1id":"panzershock","p2id":"wyverbal","formatid":"gen9ou","rating":1173,"private":0,"password":""}