{"id":"gen9ou-1992491140","p1":"Kingliabus","p2":"gensixer1000","format":"[Gen 9] OU","log":"|j|\u2606Kingliabus\n|j|\u2606gensixer1000\n|t:|1700194304\n|gametype|singles\n|player|p1|Kingliabus|101|1120\n|player|p2|gensixer1000|larry|1038\n|teamsize|p1|6\n|teamsize|p2|6\n|gen|9\n|tier|[Gen 9] OU\n|rated|\n|rule|Sleep Clause Mod: Limit one foe put to sleep\n|rule|Species Clause: Limit one of each Pok\u00e9mon\n|rule|OHKO Clause: OHKO moves are banned\n|rule|Evasion Items Clause: Evasion items are banned\n|rule|Evasion Moves Clause: Evasion moves are banned\n|rule|Endless Battle Clause: Forcing endless battles is banned\n|rule|HP Percentage Mod: HP is shown in percentages\n|clearpoke\n|poke|p1|Braviary-Hisui, M|\n|poke|p1|Rotom-Wash|\n|poke|p1|Basculegion, M|\n|poke|p1|Decidueye-Hisui, M|\n|poke|p1|Goodra, M|\n|poke|p1|Kleavor, M|\n|poke|p2|Rillaboom, F|\n|poke|p2|Ceruledge, F|\n|poke|p2|Iron Moth|\n|poke|p2|Kingambit, F|\n|poke|p2|Heatran, F|\n|poke|p2|Sneasler, F|\n|teampreview\n|\n|t:|1700194323\n|start\n|switch|p1a: Kleavor|Kleavor, M|100\/100\n|switch|p2a: Ceruledge|Ceruledge, F|100\/100\n|turn|1\n|\n|t:|1700194342\n|move|p2a: Ceruledge|Bitter Blade|p1a: Kleavor\n|-damage|p1a: Kleavor|51\/100\n|move|p1a: Kleavor|Stone Axe|p2a: Ceruledge\n|-supereffective|p2a: Ceruledge\n|-enditem|p2a: Ceruledge|Focus Sash\n|-damage|p2a: Ceruledge|1\/100\n|-ability|p2a: Ceruledge|Weak Armor|boost\n|-unboost|p2a: Ceruledge|def|1\n|-boost|p2a: Ceruledge|spe|2\n|-sidestart|p2: gensixer1000|move: Stealth Rock\n|\n|upkeep\n|turn|2\n|\n|t:|1700194356\n|switch|p1a: Rotom|Rotom-Wash|100\/100\n|move|p2a: Ceruledge|Bitter Blade|p1a: Rotom\n|-resisted|p1a: Rotom\n|-damage|p1a: Rotom|83\/100\n|-heal|p2a: Ceruledge|10\/100|[from] drain|[of] p1a: Rotom\n|\n|-heal|p1a: Rotom|89\/100|[from] item: Leftovers\n|upkeep\n|turn|3\n|\n|t:|1700194372\n|move|p2a: Ceruledge|Poltergeist|p1a: Rotom\n|-activate|p1a: Rotom|move: Poltergeist|Leftovers\n|-damage|p1a: Rotom|45\/100\n|move|p1a: Rotom|Thunder Wave|p2a: Ceruledge\n|-status|p2a: Ceruledge|par\n|\n|-heal|p1a: Rotom|51\/100|[from] item: Leftovers\n|upkeep\n|turn|4\n|\n|t:|1700194385\n|move|p2a: Ceruledge|Poltergeist|p1a: Rotom\n|-activate|p1a: Rotom|move: Poltergeist|Leftovers\n|-damage|p1a: Rotom|7\/100\n|move|p1a: Rotom|Volt Switch|p2a: Ceruledge\n|-damage|p2a: Ceruledge|0 fnt\n|faint|p2a: Ceruledge\n|\n|t:|1700194403\n|switch|p1a: Goodra|Goodra, M|100\/100|[from] Volt Switch\n|\n|upkeep\n|\n|t:|1700194444\n|switch|p2a: Heatran|Heatran, F|100\/100\n|-damage|p2a: Heatran|88\/100|[from] Stealth Rock\n|turn|5\n|\n|t:|1700194450\n|move|p2a: Heatran|Taunt|p1a: Goodra\n|-start|p1a: Goodra|move: Taunt\n|cant|p1a: Goodra|move: Taunt|Rain Dance\n|\n|-heal|p2a: Heatran|94\/100|[from] item: Leftovers\n|upkeep\n|turn|6\n|\n|t:|1700194457\n|move|p2a: Heatran|Stealth Rock|p1a: Goodra\n|-sidestart|p1: Kingliabus|move: Stealth Rock\n|move|p1a: Goodra|Dragon Tail|p2a: Heatran\n|-resisted|p2a: Heatran\n|-damage|p2a: Heatran|85\/100\n|drag|p2a: Sneasler|Sneasler, F|100\/100\n|-damage|p2a: Sneasler|94\/100|[from] Stealth Rock\n|\n|upkeep\n|turn|7\n|\n|t:|1700194474\n|move|p2a: Sneasler|Low Kick|p1a: Goodra\n|-damage|p1a: Goodra|31\/100\n|move|p1a: Goodra|Dragon Tail|p2a: Sneasler\n|-damage|p2a: Sneasler|62\/100\n|drag|p2a: Kingambit|Kingambit, F|100\/100\n|-damage|p2a: Kingambit|94\/100|[from] Stealth Rock\n|-activate|p2a: Kingambit|ability: Supreme Overlord\n|-start|p2a: Kingambit|fallen1|[silent]\n|\n|-heal|p2a: Kingambit|100\/100|[from] item: Leftovers\n|-end|p1a: Goodra|move: Taunt\n|upkeep\n|turn|8\n|\n|t:|1700194491\n|move|p2a: Kingambit|Kowtow Cleave|p1a: Goodra\n|-damage|p1a: Goodra|0 fnt\n|faint|p1a: Goodra\n|\n|upkeep\n|\n|t:|1700194499\n|switch|p1a: Rotom|Rotom-Wash|7\/100\n|-damage|p1a: Rotom|0 fnt|[from] Stealth Rock\n|faint|p1a: Rotom\n|\n|t:|1700194515\n|switch|p1a: Decidueye|Decidueye-Hisui, M|100\/100\n|-damage|p1a: Decidueye|94\/100|[from] Stealth Rock\n|turn|9\n|\n|t:|1700194542\n|-end|p2a: Kingambit|fallen1|[silent]\n|switch|p2a: Iron Moth|Iron Moth|100\/100\n|-damage|p2a: Iron Moth|76\/100|[from] Stealth Rock\n|-enditem|p2a: Iron Moth|Booster Energy\n|-activate|p2a: Iron Moth|ability: Quark Drive|[fromitem]\n|-start|p2a: Iron Moth|quarkdrivespe\n|move|p1a: Decidueye|Triple Arrows|p2a: Iron Moth\n|-resisted|p2a: Iron Moth\n|-damage|p2a: Iron Moth|43\/100\n|\n|upkeep\n|turn|10\n|\n|t:|1700194570\n|switch|p1a: Kleavor|Kleavor, M|51\/100\n|-damage|p1a: Kleavor|26\/100|[from] Stealth Rock\n|move|p2a: Iron Moth|Sludge Wave|p1a: Kleavor\n|-resisted|p1a: Kleavor\n|-damage|p1a: Kleavor|5\/100\n|\n|upkeep\n|turn|11\n|\n|t:|1700194581\n|move|p2a: Iron Moth|Sludge Wave|p1a: Kleavor\n|-resisted|p1a: Kleavor\n|-damage|p1a: Kleavor|0 fnt\n|faint|p1a: Kleavor\n|\n|upkeep\n|\n|t:|1700194586\n|switch|p1a: Basculegion|Basculegion, M, shiny|100\/100\n|-damage|p1a: Basculegion|88\/100|[from] Stealth Rock\n|turn|12\n|\n|t:|1700194597\n|-terastallize|p1a: Basculegion|Water\n|move|p2a: Iron Moth|Substitute|p2a: Iron Moth\n|-start|p2a: Iron Moth|Substitute\n|-damage|p2a: Iron Moth|18\/100\n|move|p1a: Basculegion|Flip Turn|p2a: Iron Moth\n|-supereffective|p2a: Iron Moth\n|-end|p2a: Iron Moth|Substitute\n|\n|t:|1700194606\n|switch|p1a: Braviary|Braviary-Hisui, M, shiny|100\/100|[from] Flip Turn\n|\n|upkeep\n|turn|13\n|\n|t:|1700194616\n|move|p2a: Iron Moth|Fiery Dance|p1a: Braviary\n|-damage|p1a: Braviary|51\/100\n|move|p1a: Braviary|Esper Wing|p2a: Iron Moth\n|-supereffective|p2a: Iron Moth\n|-damage|p2a: Iron Moth|0 fnt\n|-boost|p1a: Braviary|spe|1\n|faint|p2a: Iron Moth\n|-end|p2a: Iron Moth|Quark Drive|[silent]\n|\n|upkeep\n|\n|t:|1700194646\n|switch|p2a: Kingambit|Kingambit, F|100\/100\n|-damage|p2a: Kingambit|94\/100|[from] Stealth Rock\n|-activate|p2a: Kingambit|ability: Supreme Overlord\n|-start|p2a: Kingambit|fallen2|[silent]\n|turn|14\n|\n|t:|1700194653\n|move|p1a: Braviary|Roost|p1a: Braviary\n|-heal|p1a: Braviary|100\/100\n|-singleturn|p1a: Braviary|move: Roost\n|move|p2a: Kingambit|Kowtow Cleave|p1a: Braviary\n|-supereffective|p1a: Braviary\n|-damage|p1a: Braviary|0 fnt\n|faint|p1a: Braviary\n|\n|-heal|p2a: Kingambit|100\/100|[from] item: Leftovers\n|upkeep\n|\n|t:|1700194666\n|switch|p1a: Decidueye|Decidueye-Hisui, M|94\/100\n|-damage|p1a: Decidueye|88\/100|[from] Stealth Rock\n|turn|15\n|\n|t:|1700194682\n|-end|p2a: Kingambit|fallen2|[silent]\n|switch|p2a: Sneasler|Sneasler, F|62\/100\n|-damage|p2a: Sneasler|56\/100|[from] Stealth Rock\n|move|p1a: Decidueye|Triple Arrows|p2a: Sneasler\n|-resisted|p2a: Sneasler\n|-crit|p2a: Sneasler\n|-damage|p2a: Sneasler|7\/100\n|\n|upkeep\n|turn|16\n|\n|t:|1700194694\n|move|p2a: Sneasler|Dire Claw|p1a: Decidueye\n|-supereffective|p1a: Decidueye\n|-damage|p1a: Decidueye|0 fnt\n|faint|p1a: Decidueye\n|\n|upkeep\n|-message|Kingliabus forfeited.\n|\n|win|gensixer1000\n|raw|Kingliabus's rating: 1120 &rarr; <strong>1089<\/strong><br \/>(-31 for losing)\n|raw|gensixer1000's rating: 1038 &rarr; <strong>1080<\/strong><br \/>(+42 for winning)\n|l|\u2606Kingliabus\n","uploadtime":1700194707,"views":9,"p1id":"kingliabus","p2id":"gensixer1000","formatid":"gen9ou","rating":1080,"private":0,"password":""}