{"id":"gen9ou-1995438316","p1":"Scootbrum","p2":"faasfaxczeq","format":"[Gen 9] OU","log":"|j|\u2606Scootbrum\n|j|\u203dfaasfaxczeq\n|t:|1700570805\n|gametype|singles\n|player|p1|Scootbrum|170|1000\n|player|p2|faasfaxczeq|lucas|1030\n|teamsize|p1|6\n|teamsize|p2|6\n|gen|9\n|tier|[Gen 9] OU\n|rated|\n|rule|Sleep Clause Mod: Limit one foe put to sleep\n|rule|Species Clause: Limit one of each Pok\u00e9mon\n|rule|OHKO Clause: OHKO moves are banned\n|rule|Evasion Items Clause: Evasion items are banned\n|rule|Evasion Moves Clause: Evasion moves are banned\n|rule|Endless Battle Clause: Forcing endless battles is banned\n|rule|HP Percentage Mod: HP is shown in percentages\n|clearpoke\n|poke|p1|Garchomp, F|\n|poke|p1|Landorus-Therian, M|\n|poke|p1|Chandelure, M|\n|poke|p1|Hoopa-Unbound|\n|poke|p1|Thundurus-Therian, M|\n|poke|p1|Electrode-Hisui|\n|poke|p2|Gholdengo|\n|poke|p2|Iron Moth|\n|poke|p2|Ceruledge, F|\n|poke|p2|Kingambit, F|\n|poke|p2|Rillaboom, F|\n|poke|p2|Heatran, F|\n|teampreview\n|\n|t:|1700570814\n|start\n|switch|p1a: Electrode|Electrode-Hisui|100\/100\n|switch|p2a: Iron Moth|Iron Moth|100\/100\n|-enditem|p2a: Iron Moth|Booster Energy\n|-activate|p2a: Iron Moth|ability: Quark Drive|[fromitem]\n|-start|p2a: Iron Moth|quarkdrivespa\n|turn|1\n|\n|t:|1700570825\n|move|p1a: Electrode|Chloroblast|p2a: Iron Moth\n|-resisted|p2a: Iron Moth\n|-damage|p2a: Iron Moth|90\/100\n|-damage|p1a: Electrode|50\/100|[from] Recoil\n|move|p2a: Iron Moth|Fiery Dance|p1a: Electrode\n|-supereffective|p1a: Electrode\n|-damage|p1a: Electrode|0 fnt\n|-boost|p2a: Iron Moth|spa|1\n|faint|p1a: Electrode\n|\n|upkeep\n|\n|t:|1700570837\n|switch|p1a: Rzadkie gowno|Garchomp, F|100\/100\n|turn|2\n|\n|t:|1700570842\n|move|p2a: Iron Moth|Dazzling Gleam|p1a: Rzadkie gowno\n|-supereffective|p1a: Rzadkie gowno\n|-damage|p1a: Rzadkie gowno|0 fnt\n|faint|p1a: Rzadkie gowno\n|\n|upkeep\n|\n|t:|1700570848\n|switch|p1a: Hoopa|Hoopa-Unbound|100\/100\n|turn|3\n|\n|t:|1700570859\n|move|p2a: Iron Moth|Dazzling Gleam|p1a: Hoopa\n|-supereffective|p1a: Hoopa\n|-damage|p1a: Hoopa|3\/100\n|move|p1a: Hoopa|Calm Mind|p1a: Hoopa\n|-boost|p1a: Hoopa|spa|1\n|-boost|p1a: Hoopa|spd|1\n|\n|upkeep\n|turn|4\n|\n|t:|1700570867\n|-singleturn|p1a: Hoopa|move: Focus Punch\n|move|p2a: Iron Moth|Dazzling Gleam|p1a: Hoopa\n|-supereffective|p1a: Hoopa\n|-damage|p1a: Hoopa|0 fnt\n|faint|p1a: Hoopa\n|\n|upkeep\n|\n|t:|1700570875\n|switch|p1a: Op Gowno|Landorus-Therian, M|100\/100\n|-ability|p1a: Op Gowno|Intimidate|boost\n|-unboost|p2a: Iron Moth|atk|1\n|turn|5\n|\n|t:|1700570892\n|-terastallize|p2a: Iron Moth|Ground\n|move|p2a: Iron Moth|Fiery Dance|p1a: Op Gowno\n|-damage|p1a: Op Gowno|0 fnt\n|-boost|p2a: Iron Moth|spa|1\n|faint|p1a: Op Gowno\n|\n|upkeep\n|\n|t:|1700570902\n|switch|p1a: Thundurus|Thundurus-Therian, M|100\/100\n|turn|6\n|\n|t:|1700570911\n|move|p2a: Iron Moth|Fiery Dance|p1a: Thundurus\n|-damage|p1a: Thundurus|0 fnt\n|-boost|p2a: Iron Moth|spa|1\n|faint|p1a: Thundurus\n|\n|upkeep\n|\n|t:|1700570917\n|switch|p1a: Chandelure|Chandelure, M|100\/100\n|turn|7\n|\n|t:|1700570924\n|move|p2a: Iron Moth|Tera Blast|p1a: Chandelure|[anim] Tera Blast Ground\n|-supereffective|p1a: Chandelure\n|-damage|p1a: Chandelure|0 fnt\n|faint|p1a: Chandelure\n|\n|win|faasfaxczeq\n|raw|Scootbrum's rating: 1000 &rarr; <strong>1000<\/strong><br \/>(+0 for losing)\n|raw|faasfaxczeq's rating: 1030 &rarr; <strong>1062<\/strong><br \/>(+32 for winning)\n|l|\u2606Scootbrum\n","uploadtime":1700570937,"views":5,"p1id":"scootbrum","p2id":"faasfaxczeq","formatid":"gen9ou","rating":1000,"private":0,"password":""}