{"id":"gen9ou-1999354736","p1":"fauda","p2":"reflectelevator322","format":"[Gen 9] OU","log":"|j|\u2606fauda\n|j|\u2606reflectelevator322\n|t:|1701065567\n|gametype|singles\n|player|p1|fauda|169|1331\n|player|p2|reflectelevator322|scientist-gen4dp|1323\n|teamsize|p1|6\n|teamsize|p2|6\n|gen|9\n|tier|[Gen 9] OU\n|rated|\n|rule|Sleep Clause Mod: Limit one foe put to sleep\n|rule|Species Clause: Limit one of each Pok\u00e9mon\n|rule|OHKO Clause: OHKO moves are banned\n|rule|Evasion Items Clause: Evasion items are banned\n|rule|Evasion Moves Clause: Evasion moves are banned\n|rule|Endless Battle Clause: Forcing endless battles is banned\n|rule|HP Percentage Mod: HP is shown in percentages\n|clearpoke\n|poke|p1|Arcanine-Hisui, F|\n|poke|p1|Thundurus-Therian, M|\n|poke|p1|Landorus-Therian, M|\n|poke|p1|Corviknight, M|\n|poke|p1|Ogerpon-Wellspring, F|\n|poke|p1|Garchomp, M|\n|poke|p2|Staraptor, F|\n|poke|p2|Sableye, F|\n|poke|p2|Great Tusk|\n|poke|p2|Clodsire, M|\n|poke|p2|Cloyster, F|\n|poke|p2|Heatran, F|\n|teampreview\n|inactive|Battle timer is ON: inactive players will automatically lose when time's up. (requested by reflectelevator322)\n|\n|t:|1701065589\n|start\n|switch|p1a: Arcanine|Arcanine-Hisui, F|100\/100\n|switch|p2a: Cloyster|Cloyster, F|100\/100\n|turn|1\n|\n|t:|1701065594\n|switch|p2a: Great Tusk|Great Tusk|100\/100\n|move|p1a: Arcanine|Flare Blitz|p2a: Great Tusk\n|-damage|p2a: Great Tusk|73\/100\n|-status|p2a: Great Tusk|brn\n|\n|-heal|p2a: Great Tusk|79\/100 brn|[from] item: Leftovers\n|-damage|p2a: Great Tusk|73\/100 brn|[from] brn\n|upkeep\n|turn|2\n|\n|t:|1701065602\n|switch|p1a: Landorus|Landorus-Therian, M, shiny|100\/100\n|-ability|p1a: Landorus|Intimidate|boost\n|-unboost|p2a: Great Tusk|atk|1\n|move|p2a: Great Tusk|Stealth Rock|p1a: Landorus\n|-sidestart|p1: fauda|move: Stealth Rock\n|\n|-heal|p2a: Great Tusk|79\/100 brn|[from] item: Leftovers\n|-damage|p2a: Great Tusk|73\/100 brn|[from] brn\n|upkeep\n|turn|3\n|\n|t:|1701065610\n|-end|p2a: Great Tusk|Protosynthesis|[silent]\n|switch|p2a: Cloyster|Cloyster, F|100\/100\n|move|p1a: Landorus|U-turn|p2a: Cloyster\n|-damage|p2a: Cloyster|81\/100\n|\n|t:|1701065626\n|switch|p1a: Thundurus|Thundurus-Therian, M|100\/100|[from] U-turn\n|\n|-heal|p2a: Cloyster|87\/100|[from] item: Leftovers\n|upkeep\n|turn|4\n|\n|t:|1701065635\n|switch|p2a: Clodsire|Clodsire, M|100\/100\n|move|p1a: Thundurus|Volt Switch|p2a: Clodsire\n|-immune|p2a: Clodsire\n|\n|upkeep\n|turn|5\n|\n|t:|1701065640\n|switch|p1a: Corviknight|Corviknight, M, shiny|100\/100\n|-damage|p1a: Corviknight|88\/100|[from] Stealth Rock\n|-ability|p1a: Corviknight|Pressure\n|move|p2a: Clodsire|Spikes|p1a: Corviknight\n|-sidestart|p1: fauda|Spikes\n|\n|upkeep\n|turn|6\n|\n|t:|1701065645\n|switch|p2a: Heatran|Heatran, F|100\/100\n|move|p1a: Corviknight|Defog|p2a: Heatran\n|-unboost|p2a: Heatran|evasion|1\n|-sideend|p1: fauda|Spikes|[from] move: Defog|[of] p1a: Corviknight\n|-sideend|p1: fauda|Stealth Rock|[from] move: Defog|[of] p1a: Corviknight\n|\n|upkeep\n|turn|7\n|\n|t:|1701065650\n|switch|p1a: Landorus|Landorus-Therian, M, shiny|100\/100\n|-ability|p1a: Landorus|Intimidate|boost\n|-unboost|p2a: Heatran|atk|1\n|move|p2a: Heatran|Earth Power|p1a: Landorus\n|-immune|p1a: Landorus\n|\n|upkeep\n|turn|8\n|\n|t:|1701065654\n|switch|p2a: Great Tusk|Great Tusk|73\/100 brn\n|move|p1a: Landorus|Earthquake|p2a: Great Tusk\n|-damage|p2a: Great Tusk|50\/100 brn\n|\n|-heal|p2a: Great Tusk|56\/100 brn|[from] item: Leftovers\n|-damage|p2a: Great Tusk|50\/100 brn|[from] brn\n|upkeep\n|turn|9\n|\n|t:|1701065662\n|move|p2a: Great Tusk|Stealth Rock|p1a: Landorus\n|-sidestart|p1: fauda|move: Stealth Rock\n|move|p1a: Landorus|Grass Knot|p2a: Great Tusk\n|-supereffective|p2a: Great Tusk\n|-damage|p2a: Great Tusk|0 fnt\n|faint|p2a: Great Tusk\n|-end|p2a: Great Tusk|Protosynthesis|[silent]\n|\n|upkeep\n|\n|t:|1701065667\n|switch|p2a: Staraptor|Staraptor, F|100\/100\n|turn|10\n|\n|t:|1701065674\n|-terastallize|p2a: Staraptor|Flying\n|move|p2a: Staraptor|Brave Bird|p1a: Landorus\n|-damage|p1a: Landorus|0 fnt\n|faint|p1a: Landorus\n|-damage|p2a: Staraptor|60\/100|[from] Recoil\n|\n|upkeep\n|\n|t:|1701065692\n|switch|p1a: Thundurus|Thundurus-Therian, M|100\/100\n|turn|11\n|\n|t:|1701065695\n|switch|p2a: Clodsire|Clodsire, M|100\/100\n|move|p1a: Thundurus|Volt Switch|p2a: Clodsire\n|-immune|p2a: Clodsire\n|\n|upkeep\n|turn|12\n|\n|t:|1701065699\n|switch|p1a: Corviknight|Corviknight, M, shiny|88\/100\n|-damage|p1a: Corviknight|76\/100|[from] Stealth Rock\n|-ability|p1a: Corviknight|Pressure\n|switch|p2a: Heatran|Heatran, F|100\/100\n|\n|upkeep\n|turn|13\n|\n|t:|1701065707\n|move|p2a: Heatran|Flamethrower|p1a: Corviknight\n|-supereffective|p1a: Corviknight\n|-damage|p1a: Corviknight|0 fnt\n|faint|p1a: Corviknight\n|\n|upkeep\n|\n|t:|1701065712\n|switch|p1a: Garchomp|Garchomp, M|100\/100\n|-damage|p1a: Garchomp|94\/100|[from] Stealth Rock\n|turn|14\n|\n|t:|1701065717\n|switch|p2a: Sableye|Sableye, F|100\/100\n|move|p1a: Garchomp|Substitute|p1a: Garchomp\n|-start|p1a: Garchomp|Substitute\n|-damage|p1a: Garchomp|69\/100\n|\n|upkeep\n|turn|15\n|\n|t:|1701065725\n|move|p2a: Sableye|Encore|p1a: Garchomp\n|-start|p1a: Garchomp|Encore\n|move|p1a: Garchomp|Substitute|p1a: Garchomp\n|-fail|p1a: Garchomp|move: Substitute\n|\n|upkeep\n|turn|16\n|\n|t:|1701065730\n|switch|p1a: Ogerpon|Ogerpon-Wellspring, F|100\/100\n|-damage|p1a: Ogerpon|88\/100|[from] Stealth Rock\n|move|p2a: Sableye|Substitute|p2a: Sableye\n|-start|p2a: Sableye|Substitute\n|-damage|p2a: Sableye|76\/100\n|\n|-heal|p2a: Sableye|82\/100|[from] item: Leftovers\n|upkeep\n|turn|17\n|\n|t:|1701065733\n|move|p1a: Ogerpon|Encore|p2a: Sableye\n|-start|p2a: Sableye|Encore\n|move|p2a: Sableye|Substitute|p2a: Sableye\n|-fail|p2a: Sableye|move: Substitute\n|\n|-heal|p2a: Sableye|88\/100|[from] item: Leftovers\n|upkeep\n|turn|18\n|\n|t:|1701065738\n|switch|p2a: Staraptor|Staraptor, F, tera:Flying|60\/100\n|move|p1a: Ogerpon|Swords Dance|p1a: Ogerpon\n|-boost|p1a: Ogerpon|atk|2\n|\n|upkeep\n|turn|19\n|\n|t:|1701065741\n|-terastallize|p1a: Ogerpon|Water\n|detailschange|p1a: Ogerpon|Ogerpon-Wellspring-Tera, F, tera:Water\n|-ability|p1a: Ogerpon|Embody Aspect (Wellspring)|boost\n|-boost|p1a: Ogerpon|spd|1\n|move|p2a: Staraptor|Brave Bird|p1a: Ogerpon\n|-damage|p1a: Ogerpon|0 fnt\n|faint|p1a: Ogerpon\n|-damage|p2a: Staraptor|32\/100|[from] Recoil\n|\n|upkeep\n|\n|t:|1701065749\n|switch|p1a: Garchomp|Garchomp, M|69\/100\n|-damage|p1a: Garchomp|63\/100|[from] Stealth Rock\n|turn|20\n|\n|t:|1701065752\n|move|p2a: Staraptor|Brave Bird|p1a: Garchomp\n|-damage|p1a: Garchomp|0 fnt\n|-damage|p2a: Staraptor|20\/100|[from] ability: Rough Skin|[of] p1a: Garchomp\n|faint|p1a: Garchomp\n|-damage|p2a: Staraptor|0 fnt|[from] Recoil\n|faint|p2a: Staraptor\n|\n|upkeep\n|-message|fauda forfeited.\n|\n|win|reflectelevator322\n|raw|fauda's rating: 1331 &rarr; <strong>1311<\/strong><br \/>(-20 for losing)\n|raw|reflectelevator322's rating: 1323 &rarr; <strong>1343<\/strong><br \/>(+20 for winning)\n|l|\u2606fauda\n","uploadtime":1701065767,"views":4,"p1id":"fauda","p2id":"reflectelevator322","formatid":"gen9ou","rating":1311,"private":0,"password":""}