{"id":"gen9ou-1992863917","p1":"LegacyShowden","p2":"Adil","format":"[Gen 9] OU","log":"|j|\u2606LegacyShowden\n|j|\u2606Adil\n|t:|1700242032\n|gametype|singles\n|player|p1|LegacyShowden|rosa|1608\n|player|p2|Adil|265|1558\n|teamsize|p1|6\n|teamsize|p2|6\n|gen|9\n|tier|[Gen 9] OU\n|rated|\n|rule|Sleep Clause Mod: Limit one foe put to sleep\n|rule|Species Clause: Limit one of each Pok\u00e9mon\n|rule|OHKO Clause: OHKO moves are banned\n|rule|Evasion Items Clause: Evasion items are banned\n|rule|Evasion Moves Clause: Evasion moves are banned\n|rule|Endless Battle Clause: Forcing endless battles is banned\n|rule|HP Percentage Mod: HP is shown in percentages\n|clearpoke\n|poke|p1|Great Tusk|\n|poke|p1|Samurott-Hisui, M|\n|poke|p1|Dragapult, M|\n|poke|p1|Gholdengo|\n|poke|p1|Heatran, M|\n|poke|p1|Ogerpon-Wellspring, F|\n|poke|p2|Iron Jugulis|\n|poke|p2|Ogerpon-Wellspring, F|\n|poke|p2|Tinkaton, F|\n|poke|p2|Iron Moth|\n|poke|p2|Great Tusk|\n|poke|p2|Dragapult, M|\n|teampreview\n|inactive|Battle timer is ON: inactive players will automatically lose when time's up. (requested by LegacyShowden)\n|inactive|Adil has 120 seconds left.\n|\n|t:|1700242067\n|start\n|switch|p1a: Dragapult|Dragapult, M, shiny|100\/100\n|switch|p2a: TWINKATON|Tinkaton, F|100\/100\n|-item|p2a: TWINKATON|Air Balloon\n|turn|1\n|\n|t:|1700242074\n|move|p1a: Dragapult|U-turn|p2a: TWINKATON\n|-resisted|p2a: TWINKATON\n|-damage|p2a: TWINKATON|96\/100\n|-enditem|p2a: TWINKATON|Air Balloon\n|-enditem|p1a: Dragapult|Choice Specs|[silent]|[from] ability: Pickpocket|[of] p1a: Dragapult\n|-item|p2a: TWINKATON|Choice Specs|[from] ability: Pickpocket|[of] p1a: Dragapult\n|\n|t:|1700242080\n|switch|p1a: Heatran|Heatran, M, shiny|100\/100|[from] U-turn\n|move|p2a: TWINKATON|Stealth Rock|p1a: Heatran\n|-sidestart|p1: LegacyShowden|move: Stealth Rock\n|\n|upkeep\n|turn|2\n|inactive|Adil has 120 seconds left.\n|\n|t:|1700242117\n|switch|p2a: Dragapult|Dragapult, M|100\/100\n|move|p1a: Heatran|Magma Storm|p2a: Dragapult\n|-resisted|p2a: Dragapult\n|-damage|p2a: Dragapult|71\/100\n|-activate|p2a: Dragapult|move: Magma Storm|[of] p1a: Heatran\n|\n|-damage|p2a: Dragapult|58\/100|[from] move: Magma Storm|[partiallytrapped]\n|upkeep\n|turn|3\n|inactive|Adil has 120 seconds left.\n|\n|t:|1700242137\n|move|p2a: Dragapult|Shadow Ball|p1a: Heatran\n|-damage|p1a: Heatran|71\/100\n|move|p1a: Heatran|Stealth Rock|p2a: Dragapult\n|-sidestart|p2: Adil|move: Stealth Rock\n|\n|-heal|p1a: Heatran|77\/100|[from] item: Leftovers\n|-damage|p2a: Dragapult|46\/100|[from] move: Magma Storm|[partiallytrapped]\n|upkeep\n|turn|4\n|\n|t:|1700242142\n|move|p2a: Dragapult|Shadow Ball|p1a: Heatran\n|-damage|p1a: Heatran|48\/100\n|-unboost|p1a: Heatran|spd|1\n|move|p1a: Heatran|Earth Power|p2a: Dragapult\n|-damage|p2a: Dragapult|11\/100\n|\n|-heal|p1a: Heatran|54\/100|[from] item: Leftovers\n|-damage|p2a: Dragapult|0 fnt|[from] move: Magma Storm|[partiallytrapped]\n|faint|p2a: Dragapult\n|upkeep\n|\n|t:|1700242146\n|switch|p2a: Ogerpon|Ogerpon-Wellspring, F|100\/100\n|-damage|p2a: Ogerpon|88\/100|[from] Stealth Rock\n|turn|5\n|\n|t:|1700242150\n|switch|p1a: Ogerpon|Ogerpon-Wellspring, F|100\/100\n|-damage|p1a: Ogerpon|88\/100|[from] Stealth Rock\n|move|p2a: Ogerpon|Ivy Cudgel|p1a: Ogerpon|[anim] Ivy Cudgel Water\n|-heal|p1a: Ogerpon|100\/100|[from] ability: Water Absorb|[of] p2a: Ogerpon\n|\n|upkeep\n|turn|6\n|\n|t:|1700242153\n|move|p2a: Ogerpon|Horn Leech|p1a: Ogerpon\n|-damage|p1a: Ogerpon|46\/100\n|-heal|p2a: Ogerpon|100\/100|[from] drain|[of] p1a: Ogerpon\n|move|p1a: Ogerpon|U-turn|p2a: Ogerpon\n|-supereffective|p2a: Ogerpon\n|-damage|p2a: Ogerpon|24\/100\n|\n|t:|1700242157\n|switch|p1a: Dragapult|Dragapult, M, shiny|100\/100|[from] U-turn\n|-damage|p1a: Dragapult|88\/100|[from] Stealth Rock\n|\n|upkeep\n|turn|7\n|j| dfghhhg\n|inactive|Adil has 120 seconds left.\n|inactive|Adil has 90 seconds left.\n|\n|t:|1700242220\n|switch|p2a: TWINKATON|Tinkaton, F|96\/100\n|-damage|p2a: TWINKATON|90\/100|[from] Stealth Rock\n|move|p1a: Dragapult|U-turn|p2a: TWINKATON\n|-resisted|p2a: TWINKATON\n|-damage|p2a: TWINKATON|85\/100\n|\n|t:|1700242231\n|switch|p1a: Heatran|Heatran, M, shiny|54\/100|[from] U-turn\n|-damage|p1a: Heatran|41\/100|[from] Stealth Rock\n|\n|-heal|p1a: Heatran|48\/100|[from] item: Leftovers\n|upkeep\n|turn|8\n|inactive|Adil has 90 seconds left.\n|\n|t:|1700242252\n|move|p2a: TWINKATON|Thunder Wave|p1a: Heatran|[miss]\n|-miss|p2a: TWINKATON|p1a: Heatran\n|move|p1a: Heatran|Magma Storm|p2a: TWINKATON|[miss]\n|-miss|p1a: Heatran|p2a: TWINKATON\n|\n|-heal|p1a: Heatran|54\/100|[from] item: Leftovers\n|upkeep\n|turn|9\n|\n|t:|1700242260\n|move|p2a: TWINKATON|Thunder Wave|p1a: Heatran\n|-status|p1a: Heatran|par\n|move|p1a: Heatran|Magma Storm|p2a: TWINKATON\n|-supereffective|p2a: TWINKATON\n|-damage|p2a: TWINKATON|13\/100\n|-activate|p2a: TWINKATON|move: Magma Storm|[of] p1a: Heatran\n|\n|-heal|p1a: Heatran|60\/100 par|[from] item: Leftovers\n|-damage|p2a: TWINKATON|1\/100|[from] move: Magma Storm|[partiallytrapped]\n|upkeep\n|turn|10\n|\n|t:|1700242269\n|move|p2a: TWINKATON|Thunder Wave|p1a: Heatran\n|-fail|p1a: Heatran|par\n|move|p1a: Heatran|Earth Power|p2a: TWINKATON\n|-supereffective|p2a: TWINKATON\n|-damage|p2a: TWINKATON|0 fnt\n|faint|p2a: TWINKATON\n|\n|-heal|p1a: Heatran|66\/100 par|[from] item: Leftovers\n|upkeep\n|\n|t:|1700242286\n|switch|p2a: Great Tusk|Great Tusk|100\/100\n|-damage|p2a: Great Tusk|98\/100|[from] Stealth Rock\n|-enditem|p2a: Great Tusk|Booster Energy\n|-activate|p2a: Great Tusk|ability: Protosynthesis|[fromitem]\n|-start|p2a: Great Tusk|protosynthesisspe\n|turn|11\n|\n|t:|1700242289\n|switch|p1a: Gholdengo|Gholdengo|100\/100\n|-damage|p1a: Gholdengo|94\/100|[from] Stealth Rock\n|-item|p1a: Gholdengo|Air Balloon\n|move|p2a: Great Tusk|Headlong Rush|p1a: Gholdengo\n|-immune|p1a: Gholdengo\n|\n|upkeep\n|turn|12\n|\n|t:|1700242292\n|move|p2a: Great Tusk|Ice Spinner|p1a: Gholdengo\n|-resisted|p1a: Gholdengo\n|-damage|p1a: Gholdengo|87\/100\n|-enditem|p1a: Gholdengo|Air Balloon\n|move|p1a: Gholdengo|Hex|p2a: Great Tusk\n|-damage|p2a: Great Tusk|62\/100\n|\n|upkeep\n|turn|13\n|inactive|Adil has 120 seconds left.\n|\n|t:|1700242298\n|move|p2a: Great Tusk|Headlong Rush|p1a: Gholdengo\n|-supereffective|p1a: Gholdengo\n|-damage|p1a: Gholdengo|21\/100\n|-unboost|p2a: Great Tusk|def|1\n|-unboost|p2a: Great Tusk|spd|1\n|move|p1a: Gholdengo|Make It Rain|p2a: Great Tusk\n|-damage|p2a: Great Tusk|0 fnt\n|-unboost|p1a: Gholdengo|spa|1\n|faint|p2a: Great Tusk\n|-end|p2a: Great Tusk|Protosynthesis|[silent]\n|\n|upkeep\n|inactive|Adil has 120 seconds left.\n|\n|t:|1700242306\n|switch|p2a: Ogerpon|Ogerpon-Wellspring, F|24\/100\n|-damage|p2a: Ogerpon|12\/100|[from] Stealth Rock\n|turn|14\n|\n|t:|1700242311\n|switch|p1a: Dragapult|Dragapult, M, shiny|88\/100\n|-damage|p1a: Dragapult|76\/100|[from] Stealth Rock\n|move|p2a: Ogerpon|Spikes|p1a: Dragapult\n|-sidestart|p1: LegacyShowden|Spikes\n|\n|upkeep\n|turn|15\n|\n|t:|1700242330\n|move|p1a: Dragapult|U-turn|p2a: Ogerpon\n|-supereffective|p2a: Ogerpon\n|-damage|p2a: Ogerpon|0 fnt\n|faint|p2a: Ogerpon\n|\n|t:|1700242352\n|switch|p1a: Great Tusk|Great Tusk|100\/100|[from] U-turn\n|-damage|p1a: Great Tusk|98\/100|[from] Stealth Rock\n|-damage|p1a: Great Tusk|85\/100|[from] Spikes\n|\n|upkeep\n|inactive|Adil has 120 seconds left.\n|\n|t:|1700242390\n|switch|p2a: Iron Jugulis|Iron Jugulis|100\/100\n|-damage|p2a: Iron Jugulis|76\/100|[from] Stealth Rock\n|-enditem|p2a: Iron Jugulis|Booster Energy\n|-activate|p2a: Iron Jugulis|ability: Quark Drive|[fromitem]\n|-start|p2a: Iron Jugulis|quarkdrivespe\n|turn|16\n|\n|t:|1700242395\n|move|p2a: Iron Jugulis|Hurricane|p1a: Great Tusk\n|-supereffective|p1a: Great Tusk\n|-damage|p1a: Great Tusk|0 fnt\n|faint|p1a: Great Tusk\n|-end|p1a: Great Tusk|Protosynthesis|[silent]\n|\n|upkeep\n|\n|t:|1700242403\n|switch|p1a: Gholdengo|Gholdengo|21\/100\n|-damage|p1a: Gholdengo|15\/100|[from] Stealth Rock\n|-damage|p1a: Gholdengo|3\/100|[from] Spikes\n|turn|17\n|inactive|Adil has 120 seconds left.\n|\n|t:|1700242409\n|move|p2a: Iron Jugulis|Knock Off|p1a: Gholdengo\n|-supereffective|p1a: Gholdengo\n|-damage|p1a: Gholdengo|0 fnt\n|faint|p1a: Gholdengo\n|\n|upkeep\n|\n|t:|1700242419\n|switch|p1a: Samurott|Samurott-Hisui, M|100\/100\n|-damage|p1a: Samurott|88\/100|[from] Stealth Rock\n|-damage|p1a: Samurott|76\/100|[from] Spikes\n|turn|18\n|inactive|Adil has 120 seconds left.\n|\n|t:|1700242447\n|move|p2a: Iron Jugulis|Hurricane|p1a: Samurott\n|-damage|p1a: Samurott|15\/100\n|move|p1a: Samurott|Aqua Cutter|p2a: Iron Jugulis\n|-crit|p2a: Iron Jugulis\n|-damage|p2a: Iron Jugulis|0 fnt\n|faint|p2a: Iron Jugulis\n|-end|p2a: Iron Jugulis|Quark Drive|[silent]\n|\n|upkeep\n|\n|t:|1700242451\n|switch|p2a: Iron Moth|Iron Moth|100\/100\n|-damage|p2a: Iron Moth|76\/100|[from] Stealth Rock\n|-enditem|p2a: Iron Moth|Booster Energy\n|-activate|p2a: Iron Moth|ability: Quark Drive|[fromitem]\n|-start|p2a: Iron Moth|quarkdrivespe\n|turn|19\n|\n|t:|1700242455\n|switch|p1a: Heatran|Heatran, M, shiny|66\/100 par\n|-damage|p1a: Heatran|54\/100 par|[from] Stealth Rock\n|-damage|p1a: Heatran|41\/100 par|[from] Spikes\n|move|p2a: Iron Moth|Fiery Dance|p1a: Heatran\n|-start|p1a: Heatran|ability: Flash Fire\n|\n|-heal|p1a: Heatran|48\/100 par|[from] item: Leftovers\n|upkeep\n|turn|20\n|\n|t:|1700242460\n|-terastallize|p2a: Iron Moth|Fairy\n|move|p2a: Iron Moth|Psychic|p1a: Heatran\n|-resisted|p1a: Heatran\n|-damage|p1a: Heatran|38\/100 par\n|cant|p1a: Heatran|par\n|\n|-heal|p1a: Heatran|45\/100 par|[from] item: Leftovers\n|upkeep\n|turn|21\n|\n|t:|1700242464\n|move|p2a: Iron Moth|Psychic|p1a: Heatran\n|-resisted|p1a: Heatran\n|-damage|p1a: Heatran|36\/100 par\n|move|p1a: Heatran|Magma Storm|p2a: Iron Moth\n|-damage|p2a: Iron Moth|13\/100\n|-activate|p2a: Iron Moth|move: Magma Storm|[of] p1a: Heatran\n|\n|-heal|p1a: Heatran|42\/100 par|[from] item: Leftovers\n|-damage|p2a: Iron Moth|0 fnt|[from] move: Magma Storm|[partiallytrapped]\n|faint|p2a: Iron Moth\n|-end|p2a: Iron Moth|Quark Drive|[silent]\n|\n|win|LegacyShowden\n|upkeep\n|raw|LegacyShowden's rating: 1608 &rarr; <strong>1626<\/strong><br \/>(+18 for winning)\n|raw|Adil's rating: 1575 &rarr; <strong>1557<\/strong><br \/>(-18 for losing)\n|l|\u2606Adil\n","uploadtime":1700242473,"views":10,"p1id":"legacyshowden","p2id":"adil","formatid":"gen9ou","rating":1557,"private":0,"password":""}