{"id":"gen9ou-1989945516","p1":"jeandonis02","p2":"Mannifest Destiny","format":"[Gen 9] OU","log":"|j|\u2606jeandonis02\n|j|\u2606Mannifest Destiny\n|t:|1699909024\n|gametype|singles\n|player|p1|jeandonis02|169|1705\n|player|p2|Mannifest Destiny|madame-gen4dp|1749\n|teamsize|p1|6\n|teamsize|p2|6\n|gen|9\n|tier|[Gen 9] OU\n|rated|\n|rule|Sleep Clause Mod: Limit one foe put to sleep\n|rule|Species Clause: Limit one of each Pok\u00e9mon\n|rule|OHKO Clause: OHKO moves are banned\n|rule|Evasion Items Clause: Evasion items are banned\n|rule|Evasion Moves Clause: Evasion moves are banned\n|rule|Endless Battle Clause: Forcing endless battles is banned\n|rule|HP Percentage Mod: HP is shown in percentages\n|clearpoke\n|poke|p1|Garchomp, F|\n|poke|p1|Toxapex, F|\n|poke|p1|Ditto|\n|poke|p1|Great Tusk|\n|poke|p1|Dragapult, M|\n|poke|p1|Ceruledge, F|\n|poke|p2|Iron Jugulis|\n|poke|p2|Ogerpon-Wellspring, F|\n|poke|p2|Tinkaton, F|\n|poke|p2|Iron Moth|\n|poke|p2|Great Tusk|\n|poke|p2|Dragapult, F|\n|teampreview\n|inactive|Battle timer is ON: inactive players will automatically lose when time's up. (requested by Mannifest Destiny)\n|j| Whiteout 75\n|inactive|Mannifest Destiny has 120 seconds left.\n|\n|t:|1699909072\n|start\n|switch|p1a: Ditto|Ditto|100\/100\n|switch|p2a: Tinkaton|Tinkaton, F|100\/100\n|-item|p2a: Tinkaton|Air Balloon\n|-transform|p1a: Ditto|p2a: Tinkaton|[from] ability: Imposter\n|turn|1\n|\n|t:|1699909096\n|switch|p1a: Garchomp|Garchomp, F|100\/100\n|move|p2a: Tinkaton|Stealth Rock|p1a: Garchomp\n|-sidestart|p1: jeandonis02|move: Stealth Rock\n|\n|upkeep\n|turn|2\n|\n|t:|1699909104\n|move|p1a: Garchomp|Fire Fang|p2a: Tinkaton\n|-supereffective|p2a: Tinkaton\n|-damage|p2a: Tinkaton|25\/100\n|-enditem|p2a: Tinkaton|Air Balloon\n|-enditem|p1a: Garchomp|Choice Band|[silent]|[from] ability: Pickpocket|[of] p1a: Garchomp\n|-item|p2a: Tinkaton|Choice Band|[from] ability: Pickpocket|[of] p1a: Garchomp\n|move|p2a: Tinkaton|Play Rough|p1a: Garchomp\n|-supereffective|p1a: Garchomp\n|-damage|p1a: Garchomp|32\/100\n|-damage|p2a: Tinkaton|13\/100|[from] ability: Rough Skin|[of] p1a: Garchomp\n|\n|upkeep\n|turn|3\n|\n|t:|1699909113\n|move|p1a: Garchomp|Earthquake|p2a: Tinkaton\n|-supereffective|p2a: Tinkaton\n|-damage|p2a: Tinkaton|0 fnt\n|faint|p2a: Tinkaton\n|\n|upkeep\n|j| Ctannn\n|\n|t:|1699909123\n|switch|p2a: Dragapult|Dragapult, F|100\/100\n|turn|4\n|\n|t:|1699909152\n|switch|p1a: Toxapex|Toxapex, F|100\/100\n|-damage|p1a: Toxapex|88\/100|[from] Stealth Rock\n|move|p2a: Dragapult|Shadow Ball|p1a: Toxapex\n|-damage|p1a: Toxapex|56\/100\n|\n|-heal|p1a: Toxapex|63\/100|[from] item: Black Sludge\n|upkeep\n|turn|5\n|\n|t:|1699909164\n|move|p2a: Dragapult|Shadow Ball|p1a: Toxapex\n|-damage|p1a: Toxapex|29\/100\n|-unboost|p1a: Toxapex|spd|1\n|move|p1a: Toxapex|Toxic|p2a: Dragapult\n|-status|p2a: Dragapult|tox\n|\n|-heal|p1a: Toxapex|35\/100|[from] item: Black Sludge\n|-damage|p2a: Dragapult|95\/100 tox|[from] psn\n|upkeep\n|turn|6\n|\n|t:|1699909169\n|move|p1a: Toxapex|Baneful Bunker|p1a: Toxapex\n|-singleturn|p1a: Toxapex|move: Protect\n|move|p2a: Dragapult|Shadow Ball|p1a: Toxapex\n|-activate|p1a: Toxapex|move: Protect\n|\n|-heal|p1a: Toxapex|42\/100|[from] item: Black Sludge\n|-damage|p2a: Dragapult|83\/100 tox|[from] psn\n|upkeep\n|turn|7\n|\n|t:|1699909173\n|switch|p1a: Garchomp|Garchomp, F|32\/100\n|-damage|p1a: Garchomp|25\/100|[from] Stealth Rock\n|move|p2a: Dragapult|Shadow Ball|p1a: Garchomp\n|-damage|p1a: Garchomp|0 fnt\n|faint|p1a: Garchomp\n|\n|-damage|p2a: Dragapult|65\/100 tox|[from] psn\n|upkeep\n|\n|t:|1699909176\n|switch|p1a: Ditto|Ditto|100\/100\n|-damage|p1a: Ditto|88\/100|[from] Stealth Rock\n|-transform|p1a: Ditto|p2a: Dragapult|[from] ability: Imposter\n|turn|8\n|\n|t:|1699909187\n|switch|p2a: Iron Moth|Iron Moth|100\/100\n|-enditem|p2a: Iron Moth|Booster Energy\n|-activate|p2a: Iron Moth|ability: Quark Drive|[fromitem]\n|-start|p2a: Iron Moth|quarkdrivespe\n|move|p1a: Ditto|Shadow Ball|p2a: Iron Moth\n|-damage|p2a: Iron Moth|66\/100\n|\n|upkeep\n|turn|9\n|j| ceru-edge\n|\n|t:|1699909198\n|move|p1a: Ditto|Shadow Ball|p2a: Iron Moth\n|-damage|p2a: Iron Moth|27\/100\n|move|p2a: Iron Moth|Fiery Dance|p1a: Ditto\n|-resisted|p1a: Ditto\n|-damage|p1a: Ditto|59\/100\n|-boost|p2a: Iron Moth|spa|1\n|\n|upkeep\n|turn|10\n|j| Waddahxd\n|\n|t:|1699909214\n|-end|p2a: Iron Moth|Quark Drive|[silent]\n|switch|p2a: Iron Jugulis|Iron Jugulis|100\/100\n|-enditem|p2a: Iron Jugulis|Booster Energy\n|-activate|p2a: Iron Jugulis|ability: Quark Drive|[fromitem]\n|-start|p2a: Iron Jugulis|quarkdrivespe\n|move|p1a: Ditto|Shadow Ball|p2a: Iron Jugulis\n|-resisted|p2a: Iron Jugulis\n|-damage|p2a: Iron Jugulis|75\/100\n|-unboost|p2a: Iron Jugulis|spd|1\n|\n|upkeep\n|turn|11\n|\n|t:|1699909220\n|switch|p1a: Toxapex|Toxapex, F|75\/100\n|-damage|p1a: Toxapex|62\/100|[from] Stealth Rock\n|move|p2a: Iron Jugulis|Knock Off|p1a: Toxapex\n|-damage|p1a: Toxapex|42\/100\n|-enditem|p1a: Toxapex|Black Sludge|[from] move: Knock Off|[of] p2a: Iron Jugulis\n|\n|upkeep\n|turn|12\n|\n|t:|1699909224\n|move|p1a: Toxapex|Baneful Bunker|p1a: Toxapex\n|-singleturn|p1a: Toxapex|move: Protect\n|move|p2a: Iron Jugulis|Earth Power|p1a: Toxapex\n|-activate|p1a: Toxapex|move: Protect\n|\n|upkeep\n|turn|13\n|\n|t:|1699909227\n|move|p2a: Iron Jugulis|Earth Power|p1a: Toxapex\n|-supereffective|p1a: Toxapex\n|-damage|p1a: Toxapex|7\/100\n|move|p1a: Toxapex|Toxic|p2a: Iron Jugulis\n|-status|p2a: Iron Jugulis|tox\n|\n|-damage|p2a: Iron Jugulis|69\/100 tox|[from] psn\n|upkeep\n|turn|14\n|\n|t:|1699909235\n|-end|p2a: Iron Jugulis|Quark Drive|[silent]\n|switch|p2a: Ogerpon|Ogerpon-Wellspring, F|100\/100\n|move|p1a: Toxapex|Baneful Bunker||[still]\n|-fail|p1a: Toxapex\n|\n|upkeep\n|turn|15\n|\n|t:|1699909237\n|move|p2a: Ogerpon|Spikes|p1a: Toxapex\n|-sidestart|p1: jeandonis02|Spikes\n|move|p1a: Toxapex|Toxic|p2a: Ogerpon\n|-status|p2a: Ogerpon|tox\n|\n|-damage|p2a: Ogerpon|95\/100 tox|[from] psn\n|upkeep\n|turn|16\n|\n|t:|1699909241\n|move|p2a: Ogerpon|Spikes|p1a: Toxapex\n|-sidestart|p1: jeandonis02|Spikes\n|move|p1a: Toxapex|Ice Beam|p2a: Ogerpon\n|-damage|p2a: Ogerpon|81\/100 tox\n|\n|-damage|p2a: Ogerpon|69\/100 tox|[from] psn\n|upkeep\n|turn|17\n|\n|t:|1699909244\n|move|p2a: Ogerpon|Spikes|p1a: Toxapex\n|-sidestart|p1: jeandonis02|Spikes\n|move|p1a: Toxapex|Ice Beam|p2a: Ogerpon\n|-damage|p2a: Ogerpon|53\/100 tox\n|\n|-damage|p2a: Ogerpon|35\/100 tox|[from] psn\n|upkeep\n|turn|18\n|\n|t:|1699909247\n|switch|p2a: Great Tusk|Great Tusk|100\/100\n|-enditem|p2a: Great Tusk|Booster Energy\n|-activate|p2a: Great Tusk|ability: Protosynthesis|[fromitem]\n|-start|p2a: Great Tusk|protosynthesisspe\n|move|p1a: Toxapex|Baneful Bunker||[still]\n|-fail|p1a: Toxapex\n|\n|upkeep\n|turn|19\n|\n|t:|1699909254\n|move|p2a: Great Tusk|Rapid Spin|p1a: Toxapex\n|-damage|p1a: Toxapex|0 fnt\n|-boost|p2a: Great Tusk|spe|1\n|faint|p1a: Toxapex\n|\n|upkeep\n|\n|t:|1699909256\n|switch|p1a: Great Tusk|Great Tusk|100\/100\n|-damage|p1a: Great Tusk|98\/100|[from] Stealth Rock\n|-damage|p1a: Great Tusk|73\/100|[from] Spikes\n|turn|20\n|\n|t:|1699909260\n|move|p2a: Great Tusk|Bulk Up|p2a: Great Tusk\n|-boost|p2a: Great Tusk|atk|1\n|-boost|p2a: Great Tusk|def|1\n|move|p1a: Great Tusk|Rapid Spin|p2a: Great Tusk\n|-damage|p2a: Great Tusk|94\/100\n|-boost|p1a: Great Tusk|spe|1\n|-sideend|p1: jeandonis02|Spikes|[from] move: Rapid Spin|[of] p1a: Great Tusk\n|-sideend|p1: jeandonis02|Stealth Rock|[from] move: Rapid Spin|[of] p1a: Great Tusk\n|\n|-heal|p1a: Great Tusk|79\/100|[from] item: Leftovers\n|upkeep\n|turn|21\n|\n|t:|1699909265\n|move|p2a: Great Tusk|Bulk Up|p2a: Great Tusk\n|-boost|p2a: Great Tusk|atk|1\n|-boost|p2a: Great Tusk|def|1\n|move|p1a: Great Tusk|Earthquake|p2a: Great Tusk\n|-crit|p2a: Great Tusk\n|-damage|p2a: Great Tusk|51\/100\n|\n|-heal|p1a: Great Tusk|85\/100|[from] item: Leftovers\n|upkeep\n|turn|22\n|\n|t:|1699909281\n|move|p2a: Great Tusk|Ice Spinner|p1a: Great Tusk\n|-supereffective|p1a: Great Tusk\n|-damage|p1a: Great Tusk|44\/100\n|move|p1a: Great Tusk|Earthquake|p2a: Great Tusk\n|-damage|p2a: Great Tusk|37\/100\n|\n|-heal|p1a: Great Tusk|50\/100|[from] item: Leftovers\n|upkeep\n|turn|23\n|\n|t:|1699909286\n|move|p2a: Great Tusk|Ice Spinner|p1a: Great Tusk\n|-supereffective|p1a: Great Tusk\n|-damage|p1a: Great Tusk|4\/100\n|move|p1a: Great Tusk|Earthquake|p2a: Great Tusk\n|-crit|p2a: Great Tusk\n|-damage|p2a: Great Tusk|0 fnt\n|faint|p2a: Great Tusk\n|-end|p2a: Great Tusk|Protosynthesis|[silent]\n|\n|-heal|p1a: Great Tusk|10\/100|[from] item: Leftovers\n|upkeep\n|-message|Mannifest Destiny forfeited.\n|\n|win|jeandonis02\n|raw|jeandonis02's rating: 1705 &rarr; <strong>1728<\/strong><br \/>(+23 for winning)\n|raw|Mannifest Destiny's rating: 1749 &rarr; <strong>1726<\/strong><br \/>(-23 for losing)\n|l|\u2606Mannifest Destiny\n","uploadtime":1699909301,"views":8,"p1id":"jeandonis02","p2id":"mannifestdestiny","formatid":"gen9ou","rating":1726,"private":0,"password":""}