{"id":"gen9ou-1990833860","p1":"SDK04","p2":"TheBrocideon","format":"[Gen 9] OU","log":"|j|\u2606SDK04\n|j|\u2606TheBrocideon\n|inactive|Battle timer is ON: inactive players will automatically lose when time's up.\n|t:|1700005629\n|gametype|singles\n|player|p1|SDK04|unknown|\n|player|p2|TheBrocideon|alec-anime|\n|teamsize|p1|6\n|teamsize|p2|6\n|gen|9\n|tier|[Gen 9] OU\n|rated|Tournament battle\n|rule|Sleep Clause Mod: Limit one foe put to sleep\n|rule|Species Clause: Limit one of each Pok\u00e9mon\n|rule|OHKO Clause: OHKO moves are banned\n|rule|Evasion Items Clause: Evasion items are banned\n|rule|Evasion Moves Clause: Evasion moves are banned\n|rule|Endless Battle Clause: Forcing endless battles is banned\n|rule|HP Percentage Mod: HP is shown in percentages\n|clearpoke\n|poke|p1|Ninetales-Alola, M|\n|poke|p1|Ogerpon-Wellspring, F|\n|poke|p1|Mew|\n|poke|p1|Kingambit, F|\n|poke|p1|Gholdengo|\n|poke|p1|Salamence, M|\n|poke|p2|Gholdengo|\n|poke|p2|Garchomp, M|\n|poke|p2|Ribombee, F|\n|poke|p2|Ceruledge, M|\n|poke|p2|Great Tusk|\n|poke|p2|Greninja-*, M|\n|teampreview\n|inactive|TheBrocideon also wants the timer to be on.\n|\n|t:|1700005637\n|start\n|switch|p1a: cool window|Ninetales-Alola, M|100\/100\n|switch|p2a: Garchomp|Garchomp, M|100\/100\n|-weather|Snow|[from] ability: Snow Warning|[of] p1a: cool window\n|turn|1\n|\n|t:|1700005644\n|-terastallize|p2a: Garchomp|Steel\n|move|p1a: cool window|Aurora Veil|p1a: cool window\n|-sidestart|p1: SDK04|move: Aurora Veil\n|move|p2a: Garchomp|Iron Head|p1a: cool window\n|-supereffective|p1a: cool window\n|-damage|p1a: cool window|29\/100\n|\n|-weather|Snow|[upkeep]\n|upkeep\n|turn|2\n|\n|t:|1700005652\n|move|p1a: cool window|Encore|p2a: Garchomp\n|-start|p2a: Garchomp|Encore\n|move|p2a: Garchomp|Iron Head|p1a: cool window\n|-supereffective|p1a: cool window\n|-damage|p1a: cool window|0 fnt\n|faint|p1a: cool window\n|\n|-weather|Snow|[upkeep]\n|upkeep\n|\n|t:|1700005658\n|switch|p1a: I miss Himiko\u2026|Salamence, M|100\/100\n|turn|3\n|\n|t:|1700005666\n|switch|p2a: Ribombee|Ribombee, F|100\/100\n|move|p1a: I miss Himiko\u2026|Dragon Dance|p1a: I miss Himiko\u2026\n|-boost|p1a: I miss Himiko\u2026|atk|1\n|-boost|p1a: I miss Himiko\u2026|spe|1\n|\n|-weather|Snow|[upkeep]\n|upkeep\n|turn|4\n|\n|t:|1700005674\n|move|p1a: I miss Himiko\u2026|Dual Wingbeat|p2a: Ribombee\n|-supereffective|p2a: Ribombee\n|-enditem|p2a: Ribombee|Focus Sash\n|-damage|p2a: Ribombee|1\/100\n|-supereffective|p2a: Ribombee\n|-crit|p2a: Ribombee\n|-damage|p2a: Ribombee|0 fnt\n|faint|p2a: Ribombee\n|-ability|p1a: I miss Himiko\u2026|Moxie|boost\n|-boost|p1a: I miss Himiko\u2026|atk|1\n|-hitcount|p2: Ribombee|2\n|\n|-weather|Snow|[upkeep]\n|upkeep\n|inactive|TheBrocideon has 120 seconds left.\n|\n|t:|1700005708\n|switch|p2a: Garchomp|Garchomp, M, tera:Steel|100\/100\n|turn|5\n|\n|t:|1700005711\n|move|p1a: I miss Himiko\u2026|Earthquake|p2a: Garchomp\n|-supereffective|p2a: Garchomp\n|-damage|p2a: Garchomp|0 fnt\n|faint|p2a: Garchomp\n|-ability|p1a: I miss Himiko\u2026|Moxie|boost\n|-boost|p1a: I miss Himiko\u2026|atk|1\n|\n|-weather|none\n|upkeep\n|\n|t:|1700005721\n|switch|p2a: Greninja|Greninja, M|100\/100\n|turn|6\n|\n|t:|1700005723\n|move|p1a: I miss Himiko\u2026|Dual Wingbeat|p2a: Greninja\n|-damage|p2a: Greninja|0 fnt\n|faint|p2a: Greninja\n|-ability|p1a: I miss Himiko\u2026|Moxie|boost\n|-boost|p1a: I miss Himiko\u2026|atk|1\n|-hitcount|p2: Greninja|1\n|\n|upkeep\n|c|\u2606SDK04|gg\n|c|\u2606SDK04|wp\n|c|\u2606TheBrocideon|gg\n|\n|t:|1700005739\n|switch|p2a: Ceruledge|Ceruledge, M|100\/100\n|turn|7\n|\n|t:|1700005744\n|move|p1a: I miss Himiko\u2026|Dual Wingbeat|p2a: Ceruledge\n|-enditem|p2a: Ceruledge|Focus Sash\n|-damage|p2a: Ceruledge|1\/100\n|-ability|p2a: Ceruledge|Weak Armor|boost\n|-unboost|p2a: Ceruledge|def|1\n|-boost|p2a: Ceruledge|spe|2\n|-damage|p2a: Ceruledge|0 fnt\n|faint|p2a: Ceruledge\n|-ability|p1a: I miss Himiko\u2026|Moxie|boost\n|-boost|p1a: I miss Himiko\u2026|atk|1\n|-hitcount|p2: Ceruledge|2\n|\n|upkeep\n|\n|t:|1700005754\n|switch|p2a: Great Tusk|Great Tusk|100\/100\n|turn|8\n|\n|t:|1700005758\n|-terastallize|p1a: I miss Himiko\u2026|Flying\n|move|p1a: I miss Himiko\u2026|Dual Wingbeat|p2a: Great Tusk\n|-supereffective|p2a: Great Tusk\n|-damage|p2a: Great Tusk|0 fnt\n|faint|p2a: Great Tusk\n|-end|p2a: Great Tusk|Protosynthesis|[silent]\n|-ability|p1a: I miss Himiko\u2026|Moxie|boost\n|-boost|p1a: I miss Himiko\u2026|atk|1\n|-hitcount|p2: Great Tusk|1\n|\n|-sideend|p1: SDK04|move: Aurora Veil\n|upkeep\n|c|\u2606TheBrocideon|ok but like *now* wingbeat misses, right?\n|\n|t:|1700005775\n|switch|p2a: Gholdengo|Gholdengo|100\/100\n|turn|9\n|\n|t:|1700005778\n|move|p1a: I miss Himiko\u2026|Earthquake|p2a: Gholdengo\n|-supereffective|p2a: Gholdengo\n|-damage|p2a: Gholdengo|0 fnt\n|faint|p2a: Gholdengo\n|\n|win|SDK04\n|n|\u2606SDK04|sdk04\n|n|\u2606TheBrocideon|thebrocideon\n","uploadtime":1700005781,"views":17,"p1id":"sdk04","p2id":"thebrocideon","formatid":"gen9ou","rating":0,"private":0,"password":""}