{"id":"gen9ou-1997337890","p1":"cheik777","p2":"tenouttaten123","format":"[Gen 9] OU","log":"|j|\u2606cheik777\n|j|\u2606tenouttaten123\n|t:|1700791210\n|gametype|singles\n|player|p1|cheik777|flint|1573\n|player|p2|tenouttaten123|2|1635\n|teamsize|p1|6\n|teamsize|p2|6\n|gen|9\n|tier|[Gen 9] OU\n|rated|\n|rule|Sleep Clause Mod: Limit one foe put to sleep\n|rule|Species Clause: Limit one of each Pok\u00e9mon\n|rule|OHKO Clause: OHKO moves are banned\n|rule|Evasion Items Clause: Evasion items are banned\n|rule|Evasion Moves Clause: Evasion moves are banned\n|rule|Endless Battle Clause: Forcing endless battles is banned\n|rule|HP Percentage Mod: HP is shown in percentages\n|clearpoke\n|poke|p1|Dragapult, F|\n|poke|p1|Dragonite, M|\n|poke|p1|Cinderace, F|\n|poke|p1|Great Tusk|\n|poke|p1|Zapdos|\n|poke|p1|Hatterene, F|\n|poke|p2|Dragonite, F|\n|poke|p2|Landorus-Therian, M|\n|poke|p2|Garchomp, M|\n|poke|p2|Manaphy|\n|poke|p2|Tinkaton, F|\n|poke|p2|Tyranitar, M|\n|teampreview\n|inactive|Battle timer is ON: inactive players will automatically lose when time's up. (requested by cheik777)\n|\n|t:|1700791246\n|start\n|switch|p1a: Great Tusk|Great Tusk|100\/100\n|switch|p2a: Tyranitar|Tyranitar, M|100\/100\n|-weather|Sandstorm|[from] ability: Sand Stream|[of] p2a: Tyranitar\n|turn|1\n|\n|t:|1700791263\n|switch|p2a: Garchomp|Garchomp, M|100\/100\n|-terastallize|p1a: Great Tusk|Steel\n|move|p1a: Great Tusk|Stealth Rock|p2a: Garchomp\n|-sidestart|p2: tenouttaten123|move: Stealth Rock\n|\n|-weather|Sandstorm|[upkeep]\n|upkeep\n|turn|2\n|\n|t:|1700791270\n|-end|p1a: Great Tusk|Protosynthesis|[silent]\n|switch|p1a: Zapdos|Zapdos|100\/100\n|move|p2a: Garchomp|Fire Blast|p1a: Zapdos\n|-damage|p1a: Zapdos|71\/100\n|-damage|p2a: Garchomp|91\/100|[from] item: Life Orb\n|\n|-weather|Sandstorm|[upkeep]\n|-damage|p1a: Zapdos|64\/100|[from] Sandstorm\n|upkeep\n|turn|3\n|\n|t:|1700791283\n|move|p2a: Garchomp|Draco Meteor|p1a: Zapdos|[miss]\n|-miss|p2a: Garchomp|p1a: Zapdos\n|move|p1a: Zapdos|Hurricane|p2a: Garchomp\n|-damage|p2a: Garchomp|35\/100\n|\n|-weather|Sandstorm|[upkeep]\n|-damage|p1a: Zapdos|58\/100|[from] Sandstorm\n|upkeep\n|turn|4\n|\n|t:|1700791293\n|switch|p1a: Hatterene|Hatterene, F|100\/100\n|move|p2a: Garchomp|Draco Meteor|p1a: Hatterene\n|-immune|p1a: Hatterene\n|\n|-weather|Sandstorm|[upkeep]\n|-damage|p1a: Hatterene|95\/100|[from] Sandstorm\n|-heal|p1a: Hatterene|100\/100|[from] item: Leftovers\n|upkeep\n|turn|5\n|\n|t:|1700791304\n|switch|p2a: Tinkaton|Tinkaton, F|100\/100\n|-ability|p2a: Tinkaton|Mold Breaker\n|move|p1a: Hatterene|Draining Kiss|p2a: Tinkaton\n|-resisted|p2a: Tinkaton\n|-damage|p2a: Tinkaton|90\/100\n|\n|-weather|none\n|upkeep\n|turn|6\n|\n|t:|1700791312\n|switch|p1a: Great Tusk|Great Tusk, tera:Steel|100\/100\n|move|p2a: Tinkaton|Stealth Rock|p1a: Great Tusk\n|-sidestart|p1: cheik777|move: Stealth Rock\n|\n|upkeep\n|turn|7\n|\n|t:|1700791320\n|move|p2a: Tinkaton|Thunder Wave|p1a: Great Tusk\n|-status|p1a: Great Tusk|par\n|cant|p1a: Great Tusk|par\n|\n|upkeep\n|turn|8\n|\n|t:|1700791326\n|switch|p2a: Landorus|Landorus-Therian, M|100\/100\n|-damage|p2a: Landorus|88\/100|[from] Stealth Rock\n|-ability|p2a: Landorus|Intimidate|boost\n|-unboost|p1a: Great Tusk|atk|1\n|move|p1a: Great Tusk|Knock Off|p2a: Landorus\n|-damage|p2a: Landorus|67\/100\n|-enditem|p2a: Landorus|Choice Scarf|[from] move: Knock Off|[of] p1a: Great Tusk\n|\n|upkeep\n|turn|9\n|\n|t:|1700791336\n|move|p2a: Landorus|Earthquake|p1a: Great Tusk\n|-supereffective|p1a: Great Tusk\n|-damage|p1a: Great Tusk|43\/100 par\n|cant|p1a: Great Tusk|par\n|\n|-heal|p1a: Great Tusk|50\/100 par|[from] item: Leftovers\n|upkeep\n|turn|10\n|\n|t:|1700791360\n|-end|p1a: Great Tusk|Protosynthesis|[silent]\n|switch|p1a: Zapdos|Zapdos|58\/100\n|move|p2a: Landorus|Earthquake|p1a: Zapdos\n|-immune|p1a: Zapdos\n|\n|upkeep\n|turn|11\n|\n|t:|1700791367\n|move|p1a: Zapdos|Roost|p1a: Zapdos\n|-heal|p1a: Zapdos|100\/100\n|-singleturn|p1a: Zapdos|move: Roost\n|move|p2a: Landorus|Stone Edge|p1a: Zapdos\n|-damage|p1a: Zapdos|56\/100\n|\n|upkeep\n|turn|12\n|\n|t:|1700791377\n|move|p1a: Zapdos|Hurricane|p2a: Landorus|[miss]\n|-miss|p1a: Zapdos|p2a: Landorus\n|move|p2a: Landorus|Stone Edge|p1a: Zapdos\n|-supereffective|p1a: Zapdos\n|-crit|p1a: Zapdos\n|-damage|p1a: Zapdos|0 fnt\n|faint|p1a: Zapdos\n|\n|upkeep\n|c|\u2606tenouttaten123|justice\n|inactive|cheik777 has 120 seconds left.\n|\n|t:|1700791403\n|switch|p1a: Cinderace|Cinderace, F|100\/100\n|turn|13\n|\n|t:|1700791411\n|switch|p2a: Garchomp|Garchomp, M|35\/100\n|-damage|p2a: Garchomp|29\/100|[from] Stealth Rock\n|move|p1a: Cinderace|U-turn|p2a: Garchomp\n|-start|p1a: Cinderace|typechange|Bug|[from] ability: Libero\n|-damage|p2a: Garchomp|0 fnt\n|-damage|p1a: Cinderace|88\/100|[from] ability: Rough Skin|[of] p2a: Garchomp\n|faint|p2a: Garchomp\n|inactive|cheik777 has 120 seconds left.\n|\n|t:|1700791426\n|switch|p1a: Dragapult|Dragapult, F|100\/100|[from] U-turn\n|-damage|p1a: Dragapult|88\/100|[from] Stealth Rock\n|\n|upkeep\n|\n|t:|1700791432\n|switch|p2a: Tyranitar|Tyranitar, M|100\/100\n|-damage|p2a: Tyranitar|88\/100|[from] Stealth Rock\n|-weather|Sandstorm|[from] ability: Sand Stream|[of] p2a: Tyranitar\n|turn|14\n|\n|t:|1700791438\n|move|p1a: Dragapult|U-turn|p2a: Tyranitar\n|-supereffective|p2a: Tyranitar\n|-damage|p2a: Tyranitar|58\/100\n|\n|t:|1700791444\n|switch|p1a: Great Tusk|Great Tusk, tera:Steel|50\/100 par|[from] U-turn\n|-damage|p1a: Great Tusk|43\/100 par|[from] Stealth Rock\n|move|p2a: Tyranitar|Ice Punch|p1a: Great Tusk\n|-resisted|p1a: Great Tusk\n|-damage|p1a: Great Tusk|33\/100 par\n|\n|-weather|Sandstorm|[upkeep]\n|-heal|p1a: Great Tusk|39\/100 par|[from] item: Leftovers\n|upkeep\n|turn|15\n|\n|t:|1700791457\n|switch|p2a: Landorus|Landorus-Therian, M|67\/100\n|-damage|p2a: Landorus|55\/100|[from] Stealth Rock\n|-ability|p2a: Landorus|Intimidate|boost\n|-unboost|p1a: Great Tusk|atk|1\n|move|p1a: Great Tusk|Rapid Spin|p2a: Landorus\n|-damage|p2a: Landorus|44\/100\n|-boost|p1a: Great Tusk|spe|1\n|-sideend|p1: cheik777|Stealth Rock|[from] move: Rapid Spin|[of] p1a: Great Tusk\n|\n|-weather|Sandstorm|[upkeep]\n|-heal|p1a: Great Tusk|46\/100 par|[from] item: Leftovers\n|upkeep\n|turn|16\n|inactive|cheik777 has 120 seconds left.\n|\n|t:|1700791472\n|move|p2a: Landorus|Earthquake|p1a: Great Tusk\n|-supereffective|p1a: Great Tusk\n|-damage|p1a: Great Tusk|0 fnt\n|faint|p1a: Great Tusk\n|-end|p1a: Great Tusk|Protosynthesis|[silent]\n|\n|-weather|Sandstorm|[upkeep]\n|upkeep\n|inactive|cheik777 has 120 seconds left.\n|\n|t:|1700791479\n|switch|p1a: Cinderace|Cinderace, F|88\/100\n|turn|17\n|\n|t:|1700791483\n|move|p1a: Cinderace|Pyro Ball|p2a: Landorus\n|-damage|p2a: Landorus|0 fnt\n|faint|p2a: Landorus\n|\n|-weather|Sandstorm|[upkeep]\n|-damage|p1a: Cinderace|82\/100|[from] Sandstorm\n|upkeep\n|\n|t:|1700791489\n|switch|p2a: Dragonite|Dragonite, F|100\/100\n|turn|18\n|j| psquad\n|\n|t:|1700791494\n|move|p1a: Cinderace|U-turn|p2a: Dragonite\n|-start|p1a: Cinderace|typechange|Bug|[from] ability: Libero\n|-resisted|p2a: Dragonite\n|-damage|p2a: Dragonite|91\/100\n|\n|t:|1700791500\n|switch|p1a: Dragapult|Dragapult, F|88\/100|[from] U-turn\n|move|p2a: Dragonite|Dragon Dance|p2a: Dragonite\n|-boost|p2a: Dragonite|atk|1\n|-boost|p2a: Dragonite|spe|1\n|\n|-weather|none\n|upkeep\n|turn|19\n|\n|t:|1700791505\n|switch|p2a: Tinkaton|Tinkaton, F|90\/100\n|-ability|p2a: Tinkaton|Mold Breaker\n|move|p1a: Dragapult|Draco Meteor|p2a: Tinkaton\n|-immune|p2a: Tinkaton\n|\n|upkeep\n|turn|20\n|\n|t:|1700791513\n|switch|p1a: Hatterene|Hatterene, F|100\/100\n|move|p2a: Tinkaton|Stealth Rock|p1a: Hatterene\n|-sidestart|p1: cheik777|move: Stealth Rock\n|\n|upkeep\n|turn|21\n|\n|t:|1700791523\n|switch|p1a: Cinderace|Cinderace, F|82\/100\n|move|p2a: Tinkaton|Thunder Wave|p1a: Cinderace\n|-status|p1a: Cinderace|par\n|\n|upkeep\n|turn|22\n|\n|t:|1700791532\n|switch|p2a: Manaphy|Manaphy|100\/100\n|-damage|p2a: Manaphy|88\/100|[from] Stealth Rock\n|move|p1a: Cinderace|U-turn|p2a: Manaphy\n|-start|p1a: Cinderace|typechange|Bug|[from] ability: Libero\n|-damage|p2a: Manaphy|64\/100\n|\n|t:|1700791551\n|switch|p1a: Dragonite|Dragonite, M|100\/100|[from] U-turn\n|-damage|p1a: Dragonite|76\/100|[from] Stealth Rock\n|\n|-heal|p2a: Manaphy|71\/100|[from] item: Leftovers\n|-heal|p1a: Dragonite|82\/100|[from] item: Leftovers\n|upkeep\n|turn|23\n|\n|t:|1700791557\n|move|p1a: Dragonite|Extreme Speed|p2a: Manaphy\n|-damage|p2a: Manaphy|49\/100\n|move|p2a: Manaphy|Acid Armor|p2a: Manaphy\n|-boost|p2a: Manaphy|def|2\n|\n|-heal|p2a: Manaphy|55\/100|[from] item: Leftovers\n|-heal|p1a: Dragonite|88\/100|[from] item: Leftovers\n|upkeep\n|turn|24\n|\n|t:|1700791566\n|switch|p1a: Hatterene|Hatterene, F|100\/100\n|-damage|p1a: Hatterene|88\/100|[from] Stealth Rock\n|move|p2a: Manaphy|Scald|p1a: Hatterene\n|-damage|p1a: Hatterene|59\/100\n|\n|-heal|p2a: Manaphy|62\/100|[from] item: Leftovers\n|-heal|p1a: Hatterene|65\/100|[from] item: Leftovers\n|upkeep\n|turn|25\n|\n|t:|1700791577\n|move|p2a: Manaphy|Take Heart|p2a: Manaphy\n|-boost|p2a: Manaphy|spa|1\n|-boost|p2a: Manaphy|spd|1\n|move|p1a: Hatterene|Nuzzle|p2a: Manaphy\n|-supereffective|p2a: Manaphy\n|-damage|p2a: Manaphy|59\/100\n|-status|p2a: Manaphy|par\n|\n|-heal|p2a: Manaphy|65\/100 par|[from] item: Leftovers\n|-heal|p1a: Hatterene|71\/100|[from] item: Leftovers\n|upkeep\n|turn|26\n|\n|t:|1700791582\n|move|p2a: Manaphy|Take Heart|p2a: Manaphy\n|-boost|p2a: Manaphy|spa|1\n|-boost|p2a: Manaphy|spd|1\n|-curestatus|p2a: Manaphy|par|[msg]\n|move|p1a: Hatterene|Calm Mind|p1a: Hatterene\n|-boost|p1a: Hatterene|spa|1\n|-boost|p1a: Hatterene|spd|1\n|\n|-heal|p2a: Manaphy|71\/100|[from] item: Leftovers\n|-heal|p1a: Hatterene|77\/100|[from] item: Leftovers\n|upkeep\n|turn|27\n|\n|t:|1700791596\n|move|p2a: Manaphy|Take Heart|p2a: Manaphy\n|-boost|p2a: Manaphy|spa|1\n|-boost|p2a: Manaphy|spd|1\n|move|p1a: Hatterene|Calm Mind|p1a: Hatterene\n|-boost|p1a: Hatterene|spa|1\n|-boost|p1a: Hatterene|spd|1\n|\n|-heal|p2a: Manaphy|77\/100|[from] item: Leftovers\n|-heal|p1a: Hatterene|83\/100|[from] item: Leftovers\n|upkeep\n|turn|28\n|\n|t:|1700791607\n|move|p2a: Manaphy|Scald|p1a: Hatterene\n|-damage|p1a: Hatterene|46\/100\n|move|p1a: Hatterene|Calm Mind|p1a: Hatterene\n|-boost|p1a: Hatterene|spa|1\n|-boost|p1a: Hatterene|spd|1\n|\n|-heal|p2a: Manaphy|83\/100|[from] item: Leftovers\n|-heal|p1a: Hatterene|52\/100|[from] item: Leftovers\n|upkeep\n|turn|29\n|\n|t:|1700791616\n|move|p2a: Manaphy|Take Heart|p2a: Manaphy\n|-boost|p2a: Manaphy|spa|1\n|-boost|p2a: Manaphy|spd|1\n|move|p1a: Hatterene|Draining Kiss|p2a: Manaphy\n|-damage|p2a: Manaphy|68\/100\n|-heal|p1a: Hatterene|66\/100|[from] drain|[of] p2a: Manaphy\n|\n|-heal|p2a: Manaphy|75\/100|[from] item: Leftovers\n|-heal|p1a: Hatterene|72\/100|[from] item: Leftovers\n|upkeep\n|turn|30\n|\n|t:|1700791620\n|move|p2a: Manaphy|Take Heart|p2a: Manaphy\n|-boost|p2a: Manaphy|spa|1\n|-boost|p2a: Manaphy|spd|1\n|move|p1a: Hatterene|Calm Mind|p1a: Hatterene\n|-boost|p1a: Hatterene|spa|1\n|-boost|p1a: Hatterene|spd|1\n|\n|-heal|p2a: Manaphy|81\/100|[from] item: Leftovers\n|-heal|p1a: Hatterene|78\/100|[from] item: Leftovers\n|upkeep\n|turn|31\n|\n|t:|1700791622\n|move|p2a: Manaphy|Take Heart|p2a: Manaphy\n|-boost|p2a: Manaphy|spa|1\n|-boost|p2a: Manaphy|spd|1\n|move|p1a: Hatterene|Calm Mind|p1a: Hatterene\n|-boost|p1a: Hatterene|spa|1\n|-boost|p1a: Hatterene|spd|1\n|\n|-heal|p2a: Manaphy|87\/100|[from] item: Leftovers\n|-heal|p1a: Hatterene|84\/100|[from] item: Leftovers\n|upkeep\n|turn|32\n|\n|t:|1700791626\n|move|p2a: Manaphy|Stored Power|p1a: Hatterene\n|-resisted|p1a: Hatterene\n|-damage|p1a: Hatterene|47\/100\n|move|p1a: Hatterene|Calm Mind|p1a: Hatterene\n|-boost|p1a: Hatterene|spa|1\n|-boost|p1a: Hatterene|spd|1\n|\n|-heal|p2a: Manaphy|93\/100|[from] item: Leftovers\n|-heal|p1a: Hatterene|53\/100|[from] item: Leftovers\n|upkeep\n|turn|33\n|\n|t:|1700791628\n|move|p2a: Manaphy|Scald|p1a: Hatterene\n|-damage|p1a: Hatterene|24\/100\n|move|p1a: Hatterene|Draining Kiss|p2a: Manaphy\n|-damage|p2a: Manaphy|74\/100\n|-heal|p1a: Hatterene|42\/100|[from] drain|[of] p2a: Manaphy\n|\n|-heal|p2a: Manaphy|80\/100|[from] item: Leftovers\n|-heal|p1a: Hatterene|48\/100|[from] item: Leftovers\n|upkeep\n|turn|34\n|\n|t:|1700791633\n|move|p2a: Manaphy|Scald|p1a: Hatterene\n|-damage|p1a: Hatterene|20\/100\n|move|p1a: Hatterene|Draining Kiss|p2a: Manaphy\n|-damage|p2a: Manaphy|61\/100\n|-heal|p1a: Hatterene|38\/100|[from] drain|[of] p2a: Manaphy\n|\n|-heal|p2a: Manaphy|67\/100|[from] item: Leftovers\n|-heal|p1a: Hatterene|44\/100|[from] item: Leftovers\n|upkeep\n|turn|35\n|\n|t:|1700791646\n|move|p2a: Manaphy|Stored Power|p1a: Hatterene\n|-resisted|p1a: Hatterene\n|-damage|p1a: Hatterene|5\/100\n|move|p1a: Hatterene|Psyshock|p2a: Manaphy\n|-damage|p2a: Manaphy|17\/100\n|\n|-heal|p2a: Manaphy|24\/100|[from] item: Leftovers\n|-heal|p1a: Hatterene|11\/100|[from] item: Leftovers\n|upkeep\n|turn|36\n|\n|t:|1700791658\n|move|p2a: Manaphy|Stored Power|p1a: Hatterene\n|-resisted|p1a: Hatterene\n|-damage|p1a: Hatterene|0 fnt\n|faint|p1a: Hatterene\n|\n|-heal|p2a: Manaphy|30\/100|[from] item: Leftovers\n|upkeep\n|\n|t:|1700791673\n|switch|p1a: Dragonite|Dragonite, M|88\/100\n|-damage|p1a: Dragonite|63\/100|[from] Stealth Rock\n|turn|37\n|\n|t:|1700791675\n|move|p1a: Dragonite|Extreme Speed|p2a: Manaphy\n|-damage|p2a: Manaphy|19\/100\n|move|p2a: Manaphy|Stored Power|p1a: Dragonite\n|-damage|p1a: Dragonite|0 fnt\n|faint|p1a: Dragonite\n|\n|-heal|p2a: Manaphy|25\/100|[from] item: Leftovers\n|upkeep\n|\n|t:|1700791681\n|switch|p1a: Cinderace|Cinderace, F|82\/100 par\n|turn|38\n|\n|t:|1700791683\n|move|p1a: Cinderace|Sucker Punch|p2a: Manaphy\n|-start|p1a: Cinderace|typechange|Dark|[from] ability: Libero\n|-damage|p2a: Manaphy|12\/100\n|move|p2a: Manaphy|Stored Power|p1a: Cinderace\n|-immune|p1a: Cinderace\n|\n|-heal|p2a: Manaphy|19\/100|[from] item: Leftovers\n|upkeep\n|turn|39\n|\n|t:|1700791697\n|move|p2a: Manaphy|Acid Armor|p2a: Manaphy\n|-boost|p2a: Manaphy|def|2\n|move|p1a: Cinderace|High Jump Kick|p2a: Manaphy\n|-damage|p2a: Manaphy|10\/100\n|\n|-heal|p2a: Manaphy|16\/100|[from] item: Leftovers\n|upkeep\n|turn|40\n|\n|t:|1700791706\n|-terastallize|p2a: Manaphy|Poison\n|move|p1a: Cinderace|Sucker Punch||[still]\n|-fail|p1a: Cinderace\n|move|p2a: Manaphy|Acid Armor|p2a: Manaphy\n|-boost|p2a: Manaphy|def|2\n|\n|-heal|p2a: Manaphy|22\/100|[from] item: Leftovers\n|upkeep\n|turn|41\n|\n|t:|1700791712\n|move|p2a: Manaphy|Scald|p1a: Cinderace\n|-damage|p1a: Cinderace|0 fnt\n|faint|p1a: Cinderace\n|\n|-heal|p2a: Manaphy|28\/100|[from] item: Leftovers\n|upkeep\n|\n|t:|1700791715\n|switch|p1a: Dragapult|Dragapult, F|88\/100\n|-damage|p1a: Dragapult|76\/100|[from] Stealth Rock\n|turn|42\n|\n|t:|1700791733\n|move|p1a: Dragapult|Shadow Ball|p2a: Manaphy\n|-damage|p2a: Manaphy|18\/100\n|move|p2a: Manaphy|Stored Power|p1a: Dragapult\n|-damage|p1a: Dragapult|0 fnt\n|faint|p1a: Dragapult\n|\n|win|tenouttaten123\n|raw|cheik777's rating: 1573 &rarr; <strong>1557<\/strong><br \/>(-16 for losing)\n|raw|tenouttaten123's rating: 1635 &rarr; <strong>1651<\/strong><br \/>(+16 for winning)\n","uploadtime":1700791742,"views":4,"p1id":"cheik777","p2id":"tenouttaten123","formatid":"gen9ou","rating":1557,"private":0,"password":""}