{"id":"gen9ou-1997936093","p1":"Ctannn","p2":"tenouttaten123","format":"[Gen 9] OU","log":"|j|\u2606Ctannn\n|j|\u2606tenouttaten123\n|t:|1700869443\n|gametype|singles\n|player|p1|Ctannn|102|1726\n|player|p2|tenouttaten123|101|1667\n|teamsize|p1|6\n|teamsize|p2|6\n|gen|9\n|tier|[Gen 9] OU\n|rated|\n|rule|Sleep Clause Mod: Limit one foe put to sleep\n|rule|Species Clause: Limit one of each Pok\u00e9mon\n|rule|OHKO Clause: OHKO moves are banned\n|rule|Evasion Items Clause: Evasion items are banned\n|rule|Evasion Moves Clause: Evasion moves are banned\n|rule|Endless Battle Clause: Forcing endless battles is banned\n|rule|HP Percentage Mod: HP is shown in percentages\n|clearpoke\n|poke|p1|Slowking-Galar, M|\n|poke|p1|Greninja-*, M|\n|poke|p1|Weavile, M|\n|poke|p1|Hatterene, F|\n|poke|p1|Cinderace, M|\n|poke|p1|Ceruledge, M|\n|poke|p2|Dragonite, F|\n|poke|p2|Landorus-Therian, M|\n|poke|p2|Garchomp, M|\n|poke|p2|Manaphy|\n|poke|p2|Tinkaton, F|\n|poke|p2|Tyranitar, M|\n|teampreview\n|inactive|Battle timer is ON: inactive players will automatically lose when time's up. (requested by Ctannn)\n|\n|t:|1700869460\n|start\n|switch|p1a: Cinderace|Cinderace, M|100\/100\n|switch|p2a: Tyranitar|Tyranitar, M|100\/100\n|-weather|Sandstorm|[from] ability: Sand Stream|[of] p2a: Tyranitar\n|turn|1\n|\n|t:|1700869467\n|move|p1a: Cinderace|U-turn|p2a: Tyranitar\n|-start|p1a: Cinderace|typechange|Bug|[from] ability: Libero\n|-supereffective|p2a: Tyranitar\n|-damage|p2a: Tyranitar|42\/100\n|\n|t:|1700869478\n|switch|p1a: Hatterene|Hatterene, F|100\/100|[from] U-turn\n|move|p2a: Tyranitar|Knock Off|p1a: Hatterene\n|-damage|p1a: Hatterene|28\/100\n|-enditem|p1a: Hatterene|Leftovers|[from] move: Knock Off|[of] p2a: Tyranitar\n|\n|-weather|Sandstorm|[upkeep]\n|-damage|p1a: Hatterene|23\/100|[from] Sandstorm\n|upkeep\n|turn|2\n|\n|t:|1700869483\n|move|p2a: Tyranitar|Knock Off|p1a: Hatterene\n|-damage|p1a: Hatterene|0 fnt\n|faint|p1a: Hatterene\n|\n|-weather|Sandstorm|[upkeep]\n|upkeep\n|\n|t:|1700869489\n|switch|p1a: Cinderace|Cinderace, M|100\/100\n|turn|3\n|\n|t:|1700869491\n|switch|p2a: Garchomp|Garchomp, M|100\/100\n|move|p1a: Cinderace|Pyro Ball|p2a: Garchomp\n|-resisted|p2a: Garchomp\n|-damage|p2a: Garchomp|72\/100\n|\n|-weather|Sandstorm|[upkeep]\n|-damage|p1a: Cinderace|95\/100|[from] Sandstorm\n|upkeep\n|turn|4\n|\n|t:|1700869498\n|move|p1a: Cinderace|High Jump Kick|p2a: Garchomp\n|-start|p1a: Cinderace|typechange|Fighting|[from] ability: Libero\n|-damage|p2a: Garchomp|6\/100\n|-damage|p1a: Cinderace|82\/100|[from] ability: Rough Skin|[of] p2a: Garchomp\n|move|p2a: Garchomp|Earthquake|p1a: Cinderace\n|-damage|p1a: Cinderace|0 fnt\n|faint|p1a: Cinderace\n|-damage|p2a: Garchomp|0 fnt|[from] item: Life Orb\n|faint|p2a: Garchomp\n|\n|-weather|Sandstorm|[upkeep]\n|upkeep\n|\n|t:|1700869509\n|switch|p1a: Ceruledge|Ceruledge, M|100\/100\n|switch|p2a: Tinkaton|Tinkaton, F|100\/100\n|-ability|p2a: Tinkaton|Mold Breaker\n|turn|5\n|\n|t:|1700869513\n|move|p2a: Tinkaton|Thunder Wave|p1a: Ceruledge\n|-status|p1a: Ceruledge|par\n|move|p1a: Ceruledge|Swords Dance|p1a: Ceruledge\n|-boost|p1a: Ceruledge|atk|2\n|\n|-weather|none\n|upkeep\n|turn|6\n|\n|t:|1700869517\n|move|p2a: Tinkaton|Encore|p1a: Ceruledge\n|-start|p1a: Ceruledge|Encore\n|move|p1a: Ceruledge|Swords Dance|p1a: Ceruledge\n|-boost|p1a: Ceruledge|atk|2\n|\n|upkeep\n|turn|7\n|\n|t:|1700869522\n|switch|p1a: Slowking|Slowking-Galar, M|100\/100\n|move|p2a: Tinkaton|Stealth Rock|p1a: Slowking\n|-sidestart|p1: Ctannn|move: Stealth Rock\n|\n|upkeep\n|turn|8\n|\n|t:|1700869528\n|switch|p2a: Tyranitar|Tyranitar, M|42\/100\n|-weather|Sandstorm|[from] ability: Sand Stream|[of] p2a: Tyranitar\n|move|p1a: Slowking|Trick|p2a: Tyranitar\n|-activate|p1a: Slowking|move: Trick|[of] p2a: Tyranitar\n|-item|p2a: Tyranitar|Black Sludge|[from] move: Trick\n|-item|p1a: Slowking|Choice Band|[from] move: Trick\n|\n|-weather|Sandstorm|[upkeep]\n|-damage|p1a: Slowking|94\/100|[from] Sandstorm\n|-damage|p2a: Tyranitar|30\/100|[from] item: Black Sludge\n|upkeep\n|turn|9\n|j| dfghhhg\n|j| ScrubMan686\n|\n|t:|1700869531\n|move|p2a: Tyranitar|Knock Off|p1a: Slowking\n|-supereffective|p1a: Slowking\n|-crit|p1a: Slowking\n|-damage|p1a: Slowking|0 fnt\n|-enditem|p1a: Slowking|Choice Band|[from] move: Knock Off|[of] p2a: Tyranitar\n|faint|p1a: Slowking\n|\n|-weather|Sandstorm|[upkeep]\n|-damage|p2a: Tyranitar|18\/100|[from] item: Black Sludge\n|upkeep\n|\n|t:|1700869538\n|switch|p1a: Greninja|Greninja, M|100\/100\n|turn|10\n|l| ScrubMan686\n|\n|t:|1700869543\n|move|p1a: Greninja|Surf|p2a: Tyranitar\n|-supereffective|p2a: Tyranitar\n|-damage|p2a: Tyranitar|0 fnt\n|faint|p2a: Tyranitar\n|-ability|p1a: Greninja|Battle Bond|boost\n|-boost|p1a: Greninja|atk|1\n|-boost|p1a: Greninja|spa|1\n|-boost|p1a: Greninja|spe|1\n|-activate|p1a: Greninja|ability: Battle Bond\n|\n|-weather|Sandstorm|[upkeep]\n|-damage|p1a: Greninja|95\/100|[from] Sandstorm\n|upkeep\n|j| antonyp\n|\n|t:|1700869567\n|switch|p2a: Dragonite|Dragonite, F|100\/100\n|turn|11\n|j| SandGetsEverywhere\n|\n|t:|1700869571\n|-terastallize|p2a: Dragonite|Normal\n|move|p2a: Dragonite|Extreme Speed|p1a: Greninja\n|-damage|p1a: Greninja|17\/100\n|move|p1a: Greninja|Blizzard|p2a: Dragonite|[miss]\n|-miss|p1a: Greninja|p2a: Dragonite\n|\n|-weather|Sandstorm|[upkeep]\n|-damage|p1a: Greninja|11\/100|[from] Sandstorm\n|-damage|p2a: Dragonite|94\/100|[from] Sandstorm\n|upkeep\n|turn|12\n|\n|t:|1700869580\n|move|p2a: Dragonite|Extreme Speed|p1a: Greninja\n|-damage|p1a: Greninja|0 fnt\n|faint|p1a: Greninja\n|\n|-weather|none\n|upkeep\n|\n|t:|1700869588\n|switch|p1a: Ceruledge|Ceruledge, M|100\/100 par\n|-damage|p1a: Ceruledge|76\/100 par|[from] Stealth Rock\n|turn|13\n|\n|t:|1700869592\n|move|p2a: Dragonite|Earthquake|p1a: Ceruledge\n|-supereffective|p1a: Ceruledge\n|-damage|p1a: Ceruledge|0 fnt\n|faint|p1a: Ceruledge\n|\n|upkeep\n|\n|t:|1700869594\n|switch|p1a: Weavile|Weavile, M|100\/100\n|-damage|p1a: Weavile|76\/100|[from] Stealth Rock\n|-ability|p1a: Weavile|Pressure\n|turn|14\n|\n|t:|1700869597\n|move|p2a: Dragonite|Extreme Speed|p1a: Weavile\n|-damage|p1a: Weavile|0 fnt\n|faint|p1a: Weavile\n|\n|win|tenouttaten123\n|raw|Ctannn's rating: 1726 &rarr; <strong>1703<\/strong><br \/>(-23 for losing)\n|raw|tenouttaten123's rating: 1667 &rarr; <strong>1690<\/strong><br \/>(+23 for winning)\n|l|\u2606Ctannn\n","uploadtime":1700869605,"views":4,"p1id":"ctannn","p2id":"tenouttaten123","formatid":"gen9ou","rating":1690,"private":0,"password":""}