{"id":"gen9ou-1990975497","p1":"Theglob77","p2":"CyberH3","format":"[Gen 9] OU","log":"|j|\u2606Theglob77\n|j|\u2606CyberH3\n|t:|1700022090\n|gametype|singles\n|player|p1|Theglob77|falkner|1136\n|player|p2|CyberH3|mars|1149\n|teamsize|p1|6\n|teamsize|p2|6\n|gen|9\n|tier|[Gen 9] OU\n|rated|\n|rule|Sleep Clause Mod: Limit one foe put to sleep\n|rule|Species Clause: Limit one of each Pok\u00e9mon\n|rule|OHKO Clause: OHKO moves are banned\n|rule|Evasion Items Clause: Evasion items are banned\n|rule|Evasion Moves Clause: Evasion moves are banned\n|rule|Endless Battle Clause: Forcing endless battles is banned\n|rule|HP Percentage Mod: HP is shown in percentages\n|clearpoke\n|poke|p1|Ceruledge, F|\n|poke|p1|Ribombee, F|\n|poke|p1|Great Tusk|\n|poke|p1|Cresselia, F|\n|poke|p1|Kleavor, M|\n|poke|p1|Gyarados, M|\n|poke|p2|Goodra-Hisui, F|\n|poke|p2|Scizor, M|\n|poke|p2|Mimikyu, M|\n|poke|p2|Iron Valiant|\n|poke|p2|Talonflame, F|\n|poke|p2|Lokix, M|\n|teampreview\n|inactive|Battle timer is ON: inactive players will automatically lose when time's up. (requested by Theglob77)\n|\n|t:|1700022104\n|start\n|switch|p1a: Kleavor|Kleavor, M|100\/100\n|switch|p2a: The XO|Talonflame, F|100\/100\n|turn|1\n|\n|t:|1700022115\n|move|p2a: The XO|Will-O-Wisp|p1a: Kleavor\n|-status|p1a: Kleavor|brn\n|move|p1a: Kleavor|Stone Axe|p2a: The XO\n|-supereffective|p2a: The XO\n|-damage|p2a: The XO|0 fnt\n|-sidestart|p2: CyberH3|move: Stealth Rock\n|faint|p2a: The XO\n|\n|-damage|p1a: Kleavor|94\/100 brn|[from] brn\n|upkeep\n|\n|t:|1700022123\n|switch|p2a: Eat With Scissors|Scizor, M|100\/100\n|-damage|p2a: Eat With Scissors|88\/100|[from] Stealth Rock\n|turn|2\n|\n|t:|1700022127\n|move|p1a: Kleavor|Tailwind|p1a: Kleavor\n|-sidestart|p1: Theglob77|move: Tailwind\n|move|p2a: Eat With Scissors|Knock Off|p1a: Kleavor\n|-crit|p1a: Kleavor\n|-damage|p1a: Kleavor|5\/100 brn\n|-enditem|p1a: Kleavor|Focus Sash|[from] move: Knock Off|[of] p2a: Eat With Scissors\n|-damage|p2a: Eat With Scissors|78\/100|[from] item: Life Orb\n|\n|-damage|p1a: Kleavor|0 fnt|[from] brn\n|faint|p1a: Kleavor\n|upkeep\n|\n|t:|1700022137\n|switch|p1a: Ceruledge|Ceruledge, F|100\/100\n|turn|3\n|\n|t:|1700022154\n|move|p1a: Ceruledge|Endure|p1a: Ceruledge\n|-singleturn|p1a: Ceruledge|move: Endure\n|move|p2a: Eat With Scissors|Knock Off|p1a: Ceruledge\n|-supereffective|p1a: Ceruledge\n|-activate|p1a: Ceruledge|move: Endure\n|-damage|p1a: Ceruledge|1\/100\n|-ability|p1a: Ceruledge|Weak Armor|boost\n|-unboost|p1a: Ceruledge|def|1\n|-boost|p1a: Ceruledge|spe|2\n|-enditem|p1a: Ceruledge|Weakness Policy\n|-boost|p1a: Ceruledge|atk|2|[from] item: Weakness Policy\n|-boost|p1a: Ceruledge|spa|2|[from] item: Weakness Policy\n|-damage|p2a: Eat With Scissors|68\/100|[from] item: Life Orb\n|\n|upkeep\n|turn|4\n|\n|t:|1700022158\n|move|p1a: Ceruledge|Shadow Sneak|p2a: Eat With Scissors\n|-damage|p2a: Eat With Scissors|31\/100\n|move|p2a: Eat With Scissors|Bullet Punch|p1a: Ceruledge\n|-resisted|p1a: Ceruledge\n|-damage|p1a: Ceruledge|0 fnt\n|faint|p1a: Ceruledge\n|-damage|p2a: Eat With Scissors|21\/100|[from] item: Life Orb\n|\n|upkeep\n|\n|t:|1700022165\n|switch|p1a: Gyarados|Gyarados, M|100\/100\n|turn|5\n|\n|t:|1700022172\n|move|p1a: Gyarados|Dragon Dance|p1a: Gyarados\n|-boost|p1a: Gyarados|atk|1\n|-boost|p1a: Gyarados|spe|1\n|move|p2a: Eat With Scissors|Knock Off|p1a: Gyarados\n|-damage|p1a: Gyarados|44\/100\n|-enditem|p1a: Gyarados|Heavy-Duty Boots|[from] move: Knock Off|[of] p2a: Eat With Scissors\n|-damage|p2a: Eat With Scissors|11\/100|[from] item: Life Orb\n|\n|-sideend|p1: Theglob77|move: Tailwind\n|upkeep\n|turn|6\n|\n|t:|1700022184\n|move|p2a: Eat With Scissors|Bullet Punch|p1a: Gyarados\n|-resisted|p1a: Gyarados\n|-damage|p1a: Gyarados|15\/100\n|-damage|p2a: Eat With Scissors|1\/100|[from] item: Life Orb\n|move|p1a: Gyarados|Waterfall|p2a: Eat With Scissors\n|-damage|p2a: Eat With Scissors|0 fnt\n|faint|p2a: Eat With Scissors\n|-ability|p1a: Gyarados|Moxie|boost\n|-boost|p1a: Gyarados|atk|1\n|\n|upkeep\n|\n|t:|1700022192\n|switch|p2a: Morf LeRosh|Lokix, M|100\/100\n|-damage|p2a: Morf LeRosh|76\/100|[from] Stealth Rock\n|turn|7\n|\n|t:|1700022196\n|move|p2a: Morf LeRosh|First Impression|p1a: Gyarados\n|-resisted|p1a: Gyarados\n|-damage|p1a: Gyarados|0 fnt\n|faint|p1a: Gyarados\n|-damage|p2a: Morf LeRosh|66\/100|[from] item: Life Orb\n|\n|upkeep\n|\n|t:|1700022199\n|switch|p1a: Ribombee|Ribombee, F|100\/100\n|turn|8\n|\n|t:|1700022206\n|move|p1a: Ribombee|Sticky Web|p2a: Morf LeRosh\n|-sidestart|p2: CyberH3|move: Sticky Web\n|move|p2a: Morf LeRosh|U-turn|p1a: Ribombee\n|-resisted|p1a: Ribombee\n|-damage|p1a: Ribombee|23\/100\n|-damage|p2a: Morf LeRosh|56\/100|[from] item: Life Orb\n|\n|t:|1700022211\n|switch|p2a: OHAYOLLIE|Mimikyu, M|100\/100|[from] U-turn\n|-damage|p2a: OHAYOLLIE|88\/100|[from] Stealth Rock\n|-activate|p2a: OHAYOLLIE|move: Sticky Web\n|-unboost|p2a: OHAYOLLIE|spe|1\n|\n|upkeep\n|turn|9\n|\n|t:|1700022215\n|move|p2a: OHAYOLLIE|Shadow Sneak|p1a: Ribombee\n|-damage|p1a: Ribombee|0 fnt\n|faint|p1a: Ribombee\n|-damage|p2a: OHAYOLLIE|78\/100|[from] item: Life Orb\n|\n|upkeep\n|\n|t:|1700022218\n|switch|p1a: Great Tusk|Great Tusk|100\/100\n|turn|10\n|\n|t:|1700022224\n|move|p1a: Great Tusk|Headlong Rush|p2a: OHAYOLLIE\n|-activate|p2a: OHAYOLLIE|ability: Disguise\n|-damage|p2a: OHAYOLLIE|78\/100\n|-unboost|p1a: Great Tusk|def|1\n|-unboost|p1a: Great Tusk|spd|1\n|detailschange|p2a: OHAYOLLIE|Mimikyu-Busted, M\n|-damage|p2a: OHAYOLLIE|66\/100|[from] pokemon: Mimikyu-Busted\n|move|p2a: OHAYOLLIE|Play Rough|p1a: Great Tusk\n|-supereffective|p1a: Great Tusk\n|-damage|p1a: Great Tusk|0 fnt\n|faint|p1a: Great Tusk\n|-end|p1a: Great Tusk|Protosynthesis|[silent]\n|-damage|p2a: OHAYOLLIE|56\/100|[from] item: Life Orb\n|\n|upkeep\n|\n|t:|1700022228\n|switch|p1a: Cresselia|Cresselia, F|100\/100\n|turn|11\n|\n|t:|1700022236\n|-terastallize|p2a: OHAYOLLIE|Ghost\n|move|p2a: OHAYOLLIE|Shadow Sneak|p1a: Cresselia\n|-supereffective|p1a: Cresselia\n|-damage|p1a: Cresselia|62\/100\n|-damage|p2a: OHAYOLLIE|46\/100|[from] item: Life Orb\n|move|p1a: Cresselia|Psychic|p2a: OHAYOLLIE\n|-damage|p2a: OHAYOLLIE|10\/100\n|\n|-heal|p1a: Cresselia|68\/100|[from] item: Leftovers\n|upkeep\n|turn|12\n|\n|t:|1700022244\n|move|p2a: OHAYOLLIE|Shadow Sneak|p1a: Cresselia\n|-supereffective|p1a: Cresselia\n|-damage|p1a: Cresselia|33\/100\n|-damage|p2a: OHAYOLLIE|0 fnt|[from] item: Life Orb\n|faint|p2a: OHAYOLLIE\n|move|p1a: Cresselia|Psychic|p2: OHAYOLLIE|[notarget]\n|-fail|p1a: Cresselia\n|\n|-heal|p1a: Cresselia|39\/100|[from] item: Leftovers\n|upkeep\n|\n|t:|1700022249\n|switch|p2a: Morf LeRosh|Lokix, M|56\/100\n|-damage|p2a: Morf LeRosh|31\/100|[from] Stealth Rock\n|-activate|p2a: Morf LeRosh|move: Sticky Web\n|-unboost|p2a: Morf LeRosh|spe|1\n|turn|13\n|\n|t:|1700022260\n|move|p2a: Morf LeRosh|First Impression|p1a: Cresselia\n|-supereffective|p1a: Cresselia\n|-damage|p1a: Cresselia|0 fnt\n|faint|p1a: Cresselia\n|-damage|p2a: Morf LeRosh|21\/100|[from] item: Life Orb\n|\n|win|CyberH3\n|raw|Theglob77's rating: 1136 &rarr; <strong>1112<\/strong><br \/>(-24 for losing)\n|raw|CyberH3's rating: 1149 &rarr; <strong>1173<\/strong><br \/>(+24 for winning)\n|l|\u2606Theglob77\n","uploadtime":1700022268,"views":20,"p1id":"theglob77","p2id":"cyberh3","formatid":"gen9ou","rating":1112,"private":0,"password":""}