{"id":"gen9ou-2000573475","p1":"arielk","p2":"reddo161","format":"[Gen 9] OU","log":"|j|\u2606arielk\n|j|\u2606reddo161\n|t:|1701206617\n|gametype|singles\n|player|p1|arielk|rika|\n|player|p2|reddo161|silver-masters|\n|teamsize|p1|6\n|teamsize|p2|6\n|gen|9\n|tier|[Gen 9] OU\n|rule|Sleep Clause Mod: Limit one foe put to sleep\n|rule|Species Clause: Limit one of each Pok\u00e9mon\n|rule|OHKO Clause: OHKO moves are banned\n|rule|Evasion Items Clause: Evasion items are banned\n|rule|Evasion Moves Clause: Evasion moves are banned\n|rule|Endless Battle Clause: Forcing endless battles is banned\n|rule|HP Percentage Mod: HP is shown in percentages\n|clearpoke\n|poke|p1|Rillaboom, F|\n|poke|p1|Garganacl, F|\n|poke|p1|Ogerpon-Wellspring, F|\n|poke|p1|Iron Moth|\n|poke|p1|Great Tusk|\n|poke|p1|Gholdengo|\n|poke|p2|Clefable, M|\n|poke|p2|Milotic, M|\n|poke|p2|Mandibuzz, F|\n|poke|p2|Skeledirge, M|\n|poke|p2|Dragapult, M|\n|poke|p2|Garchomp, F|\n|teampreview\n|c|\u2606arielk|hf\n|c|\u2606reddo161|gl hf\n|\n|t:|1701206645\n|start\n|switch|p1a: Gholdengo|Gholdengo|100\/100\n|switch|p2a: Clefable|Clefable, M|100\/100\n|-item|p1a: Gholdengo|Air Balloon\n|turn|1\n|\n|t:|1701206657\n|switch|p1a: Ogerpon|Ogerpon-Wellspring, F|100\/100\n|switch|p2a: Milotic|Milotic, M|100\/100\n|\n|upkeep\n|turn|2\n|\n|t:|1701206669\n|switch|p2a: Mandibuzz|Mandibuzz, F|100\/100\n|move|p1a: Ogerpon|Spikes|p2a: Mandibuzz\n|-sidestart|p2: reddo161|Spikes\n|\n|upkeep\n|turn|3\n|\n|t:|1701206674\n|move|p1a: Ogerpon|U-turn|p2a: Mandibuzz\n|-damage|p2a: Mandibuzz|86\/100\n|\n|t:|1701206677\n|switch|p1a: Gholdengo|Gholdengo|100\/100|[from] U-turn\n|-item|p1a: Gholdengo|Air Balloon\n|move|p2a: Mandibuzz|Knock Off|p1a: Gholdengo\n|-supereffective|p1a: Gholdengo\n|-damage|p1a: Gholdengo|67\/100\n|-enditem|p1a: Gholdengo|Air Balloon\n|\n|upkeep\n|turn|4\n|\n|t:|1701206687\n|move|p1a: Gholdengo|Recover|p1a: Gholdengo\n|-heal|p1a: Gholdengo|100\/100\n|move|p2a: Mandibuzz|Roost|p2a: Mandibuzz\n|-heal|p2a: Mandibuzz|100\/100\n|-singleturn|p2a: Mandibuzz|move: Roost\n|\n|upkeep\n|turn|5\n|\n|t:|1701206693\n|switch|p2a: Milotic|Milotic, M|100\/100\n|move|p1a: Gholdengo|Nasty Plot|p1a: Gholdengo\n|-boost|p1a: Gholdengo|spa|2\n|\n|upkeep\n|turn|6\n|\n|t:|1701206701\n|move|p1a: Gholdengo|Nasty Plot|p1a: Gholdengo\n|-boost|p1a: Gholdengo|spa|2\n|move|p2a: Milotic|Mirror Coat||[still]\n|-fail|p2a: Milotic\n|\n|upkeep\n|turn|7\n|\n|t:|1701206718\n|move|p1a: Gholdengo|Shadow Ball|p2a: Milotic\n|-damage|p2a: Milotic|35\/100\n|move|p2a: Milotic|Mirror Coat|p1a: Gholdengo\n|-damage|p1a: Gholdengo|0 fnt\n|faint|p1a: Gholdengo\n|\n|upkeep\n|c|\u2606arielk|i was like\n|c|\u2606arielk|no way he doesnt expect me to plot again\n|c|\u2606arielk|but he di\n|c|\u2606arielk|d\n|c|\u2606arielk|he did expect that\n|c|\u2606reddo161|lmao\n|c|\u2606arielk|i mean\n|c|\u2606arielk|didnt\n|c|\u2606arielk|whatever\n|c|\u2606arielk|english sucks\n|\n|t:|1701206747\n|switch|p1a: Rillaboom|Rillaboom, F|100\/100\n|-fieldstart|move: Grassy Terrain|[from] ability: Grassy Surge|[of] p1a: Rillaboom\n|turn|8\n|\n|t:|1701206764\n|switch|p2a: Clefable|Clefable, M|100\/100\n|move|p1a: Rillaboom|Knock Off|p2a: Clefable\n|-resisted|p2a: Clefable\n|-damage|p2a: Clefable|80\/100\n|-enditem|p2a: Clefable|Sticky Barb|[from] move: Knock Off|[of] p1a: Rillaboom\n|\n|-heal|p2a: Clefable|86\/100|[from] Grassy Terrain\n|upkeep\n|turn|9\n|\n|t:|1701206771\n|switch|p1a: Iron Moth|Iron Moth|100\/100\n|move|p2a: Clefable|Stealth Rock|p1a: Iron Moth\n|-sidestart|p1: arielk|move: Stealth Rock\n|\n|-heal|p2a: Clefable|92\/100|[from] Grassy Terrain\n|upkeep\n|turn|10\n|\n|t:|1701206778\n|switch|p2a: Skeledirge|Skeledirge, M|100\/100\n|move|p1a: Iron Moth|Acid Spray|p2a: Skeledirge\n|-resisted|p2a: Skeledirge\n|-damage|p2a: Skeledirge|92\/100\n|-unboost|p2a: Skeledirge|spd|2\n|\n|-heal|p2a: Skeledirge|98\/100|[from] Grassy Terrain\n|upkeep\n|turn|11\n|\n|t:|1701206788\n|switch|p2a: Garchomp|Garchomp, F|100\/100\n|-damage|p2a: Garchomp|88\/100|[from] Spikes\n|move|p1a: Iron Moth|Acid Spray|p2a: Garchomp\n|-resisted|p2a: Garchomp\n|-damage|p2a: Garchomp|77\/100\n|-unboost|p2a: Garchomp|spd|2\n|\n|-heal|p2a: Garchomp|83\/100|[from] Grassy Terrain\n|-heal|p2a: Garchomp|90\/100|[from] item: Leftovers\n|upkeep\n|turn|12\n|\n|t:|1701206796\n|move|p2a: Garchomp|Protect|p2a: Garchomp\n|-singleturn|p2a: Garchomp|Protect\n|move|p1a: Iron Moth|Dazzling Gleam|p2a: Garchomp\n|-activate|p2a: Garchomp|move: Protect\n|\n|-heal|p2a: Garchomp|96\/100|[from] Grassy Terrain\n|-heal|p2a: Garchomp|100\/100|[from] item: Leftovers\n|-fieldend|move: Grassy Terrain\n|upkeep\n|turn|13\n|\n|t:|1701206802\n|move|p1a: Iron Moth|Acid Spray|p2a: Garchomp\n|-resisted|p2a: Garchomp\n|-damage|p2a: Garchomp|80\/100\n|-unboost|p2a: Garchomp|spd|2\n|move|p2a: Garchomp|Earthquake|p1a: Iron Moth\n|-supereffective|p1a: Iron Moth\n|-damage|p1a: Iron Moth|0 fnt\n|faint|p1a: Iron Moth\n|-end|p1a: Iron Moth|Quark Drive|[silent]\n|\n|-heal|p2a: Garchomp|86\/100|[from] item: Leftovers\n|upkeep\n|c|\u2606reddo161|goat\n|c|\u2606arielk|god im so easy today arent i\n|\n|t:|1701206818\n|switch|p1a: Garganacl|Garganacl, F|100\/100\n|-damage|p1a: Garganacl|88\/100|[from] Stealth Rock\n|turn|14\n|\n|t:|1701206829\n|-terastallize|p1a: Garganacl|Fairy\n|move|p2a: Garchomp|Spikes|p1a: Garganacl\n|-sidestart|p1: arielk|Spikes\n|move|p1a: Garganacl|Curse|p1a: Garganacl\n|-unboost|p1a: Garganacl|spe|1\n|-boost|p1a: Garganacl|atk|1\n|-boost|p1a: Garganacl|def|1\n|\n|-heal|p2a: Garchomp|92\/100|[from] item: Leftovers\n|upkeep\n|turn|15\n|c|\u2606arielk|i sent this out cus i forgot your drops are in spdf and not attacj tbh\n|\n|t:|1701206844\n|switch|p2a: Clefable|Clefable, M|92\/100\n|move|p1a: Garganacl|Curse|p1a: Garganacl\n|-unboost|p1a: Garganacl|spe|1\n|-boost|p1a: Garganacl|atk|1\n|-boost|p1a: Garganacl|def|1\n|\n|upkeep\n|turn|16\n|c|\u2606reddo161|hahaha\n|\n|t:|1701206851\n|move|p2a: Clefable|Encore|p1a: Garganacl\n|-start|p1a: Garganacl|Encore\n|move|p1a: Garganacl|Curse|p1a: Garganacl\n|-unboost|p1a: Garganacl|spe|1\n|-boost|p1a: Garganacl|atk|1\n|-boost|p1a: Garganacl|def|1\n|\n|upkeep\n|turn|17\n|c|\u2606arielk|i have never seen encore clef\n|c|\u2606arielk|in my life\n|c|\u2606reddo161|lmao\n|\n|t:|1701206866\n|switch|p1a: Rillaboom|Rillaboom, F|100\/100\n|-damage|p1a: Rillaboom|88\/100|[from] Stealth Rock\n|-damage|p1a: Rillaboom|76\/100|[from] Spikes\n|-fieldstart|move: Grassy Terrain|[from] ability: Grassy Surge|[of] p1a: Rillaboom\n|move|p2a: Clefable|Moonblast|p1a: Rillaboom\n|-damage|p1a: Rillaboom|37\/100\n|\n|-heal|p1a: Rillaboom|44\/100|[from] Grassy Terrain\n|-heal|p2a: Clefable|98\/100|[from] Grassy Terrain\n|upkeep\n|turn|18\n|\n|t:|1701206879\n|move|p1a: Rillaboom|Wood Hammer|p2a: Clefable\n|-damage|p2a: Clefable|0 fnt\n|faint|p2a: Clefable\n|-damage|p1a: Rillaboom|9\/100|[from] Recoil\n|\n|-heal|p1a: Rillaboom|16\/100|[from] Grassy Terrain\n|upkeep\n|c|\u2606reddo161|oh hello\n|c|\u2606reddo161|new item\n|c|\u2606arielk|no?\n|c|\u2606reddo161|huh\n|c|\u2606arielk|just am not burned\n|c|\u2606arielk|lol\n|c|\u2606reddo161|oh shit\n|\n|t:|1701206905\n|switch|p2a: Dragapult|Dragapult, M|100\/100\n|turn|19\n|\n|t:|1701206911\n|move|p2a: Dragapult|Hex|p1a: Rillaboom\n|-damage|p1a: Rillaboom|0 fnt\n|faint|p1a: Rillaboom\n|\n|upkeep\n|\n|t:|1701206914\n|switch|p1a: Garganacl|Garganacl, F, tera:Fairy|88\/100\n|-damage|p1a: Garganacl|75\/100|[from] Stealth Rock\n|-damage|p1a: Garganacl|63\/100|[from] Spikes\n|turn|20\n|\n|t:|1701206921\n|move|p2a: Dragapult|U-turn|p1a: Garganacl\n|-resisted|p1a: Garganacl\n|-damage|p1a: Garganacl|57\/100\n|\n|t:|1701206943\n|switch|p2a: Skeledirge|Skeledirge, M|98\/100|[from] U-turn\n|move|p1a: Garganacl|Curse|p1a: Garganacl\n|-unboost|p1a: Garganacl|spe|1\n|-boost|p1a: Garganacl|atk|1\n|-boost|p1a: Garganacl|def|1\n|\n|-heal|p2a: Skeledirge|100\/100|[from] Grassy Terrain\n|-heal|p1a: Garganacl|63\/100|[from] Grassy Terrain\n|upkeep\n|turn|21\n|\n|t:|1701206946\n|move|p2a: Skeledirge|Torch Song|p1a: Garganacl\n|-damage|p1a: Garganacl|44\/100\n|-boost|p2a: Skeledirge|spa|1\n|move|p1a: Garganacl|Salt Cure|p2a: Skeledirge\n|-supereffective|p2a: Skeledirge\n|-damage|p2a: Skeledirge|81\/100\n|-start|p2a: Skeledirge|Salt Cure\n|\n|-heal|p2a: Skeledirge|87\/100|[from] Grassy Terrain\n|-heal|p1a: Garganacl|51\/100|[from] Grassy Terrain\n|-damage|p2a: Skeledirge|75\/100|[from] Salt Cure\n|-fieldend|move: Grassy Terrain\n|upkeep\n|turn|22\n|j| FlorenceIris\n|\n|t:|1701206954\n|move|p2a: Skeledirge|Torch Song|p1a: Garganacl\n|-damage|p1a: Garganacl|21\/100\n|-boost|p2a: Skeledirge|spa|1\n|move|p1a: Garganacl|Recover|p1a: Garganacl\n|-heal|p1a: Garganacl|71\/100\n|\n|-damage|p2a: Skeledirge|62\/100|[from] Salt Cure\n|upkeep\n|turn|23\n|\n|t:|1701206963\n|move|p2a: Skeledirge|Torch Song|p1a: Garganacl\n|-damage|p1a: Garganacl|31\/100\n|-boost|p2a: Skeledirge|spa|1\n|move|p1a: Garganacl|Recover|p1a: Garganacl\n|-heal|p1a: Garganacl|81\/100\n|\n|-damage|p2a: Skeledirge|50\/100|[from] Salt Cure\n|upkeep\n|turn|24\n|\n|t:|1701206970\n|switch|p1a: Great Tusk|Great Tusk|100\/100\n|-damage|p1a: Great Tusk|98\/100|[from] Stealth Rock\n|-damage|p1a: Great Tusk|85\/100|[from] Spikes\n|move|p2a: Skeledirge|Slack Off|p2a: Skeledirge\n|-heal|p2a: Skeledirge|99\/100\n|\n|-heal|p1a: Great Tusk|91\/100|[from] item: Leftovers\n|-damage|p2a: Skeledirge|88\/100|[from] Salt Cure\n|upkeep\n|turn|25\n|j| empoleon9000\n|\n|t:|1701206997\n|switch|p2a: Garchomp|Garchomp, F|92\/100\n|-damage|p2a: Garchomp|80\/100|[from] Spikes\n|move|p1a: Great Tusk|Headlong Rush|p2a: Garchomp\n|-damage|p2a: Garchomp|39\/100\n|-unboost|p1a: Great Tusk|def|1\n|-unboost|p1a: Great Tusk|spd|1\n|-damage|p1a: Great Tusk|79\/100|[from] ability: Rough Skin|[of] p2a: Garchomp\n|\n|-heal|p2a: Garchomp|45\/100|[from] item: Leftovers\n|-heal|p1a: Great Tusk|85\/100|[from] item: Leftovers\n|upkeep\n|turn|26\n|l| FlorenceIris\n|\n|t:|1701207011\n|move|p2a: Garchomp|Earthquake|p1a: Great Tusk\n|-damage|p1a: Great Tusk|50\/100\n|move|p1a: Great Tusk|Ice Spinner|p2a: Garchomp\n|-supereffective|p2a: Garchomp\n|-damage|p2a: Garchomp|0 fnt\n|-damage|p1a: Great Tusk|37\/100|[from] ability: Rough Skin|[of] p2a: Garchomp\n|faint|p2a: Garchomp\n|\n|-heal|p1a: Great Tusk|43\/100|[from] item: Leftovers\n|upkeep\n|\n|t:|1701207021\n|switch|p2a: Dragapult|Dragapult, M|100\/100\n|turn|27\n|\n|t:|1701207025\n|-end|p1a: Great Tusk|Protosynthesis|[silent]\n|switch|p1a: Garganacl|Garganacl, F, tera:Fairy|81\/100\n|-damage|p1a: Garganacl|69\/100|[from] Stealth Rock\n|-damage|p1a: Garganacl|57\/100|[from] Spikes\n|move|p2a: Dragapult|Hex|p1a: Garganacl\n|-damage|p1a: Garganacl|46\/100\n|\n|upkeep\n|turn|28\n|\n|t:|1701207032\n|move|p2a: Dragapult|U-turn|p1a: Garganacl\n|-resisted|p1a: Garganacl\n|-crit|p1a: Garganacl\n|-damage|p1a: Garganacl|38\/100\n|\n|t:|1701207036\n|switch|p2a: Skeledirge|Skeledirge, M|88\/100|[from] U-turn\n|move|p1a: Garganacl|Recover|p1a: Garganacl\n|-heal|p1a: Garganacl|88\/100\n|\n|upkeep\n|turn|29\n|\n|t:|1701207043\n|switch|p1a: Ogerpon|Ogerpon-Wellspring, F|100\/100\n|-damage|p1a: Ogerpon|88\/100|[from] Stealth Rock\n|-damage|p1a: Ogerpon|76\/100|[from] Spikes\n|move|p2a: Skeledirge|Torch Song|p1a: Ogerpon\n|-damage|p1a: Ogerpon|42\/100\n|-boost|p2a: Skeledirge|spa|1\n|\n|upkeep\n|turn|30\n|\n|t:|1701207055\n|switch|p2a: Mandibuzz|Mandibuzz, F|100\/100\n|move|p1a: Ogerpon|U-turn|p2a: Mandibuzz\n|-damage|p2a: Mandibuzz|86\/100\n|\n|t:|1701207059\n|switch|p1a: Garganacl|Garganacl, F, tera:Fairy|88\/100|[from] U-turn\n|-damage|p1a: Garganacl|76\/100|[from] Stealth Rock\n|-damage|p1a: Garganacl|63\/100|[from] Spikes\n|\n|upkeep\n|turn|31\n|\n|t:|1701207068\n|move|p2a: Mandibuzz|Knock Off|p1a: Garganacl\n|-resisted|p1a: Garganacl\n|-damage|p1a: Garganacl|56\/100\n|-enditem|p1a: Garganacl|Covert Cloak|[from] move: Knock Off|[of] p2a: Mandibuzz\n|move|p1a: Garganacl|Salt Cure|p2a: Mandibuzz\n|-supereffective|p2a: Mandibuzz\n|-damage|p2a: Mandibuzz|72\/100\n|-start|p2a: Mandibuzz|Salt Cure\n|\n|-damage|p2a: Mandibuzz|59\/100|[from] Salt Cure\n|upkeep\n|turn|32\n|\n|t:|1701207077\n|switch|p2a: Skeledirge|Skeledirge, M|88\/100\n|move|p1a: Garganacl|Salt Cure|p2a: Skeledirge\n|-supereffective|p2a: Skeledirge\n|-damage|p2a: Skeledirge|67\/100\n|-start|p2a: Skeledirge|Salt Cure\n|\n|-damage|p2a: Skeledirge|55\/100|[from] Salt Cure\n|upkeep\n|turn|33\n|\n|t:|1701207086\n|move|p2a: Skeledirge|Torch Song|p1a: Garganacl\n|-damage|p1a: Garganacl|36\/100\n|-boost|p2a: Skeledirge|spa|1\n|move|p1a: Garganacl|Recover|p1a: Garganacl\n|-heal|p1a: Garganacl|86\/100\n|\n|-damage|p2a: Skeledirge|42\/100|[from] Salt Cure\n|upkeep\n|turn|34\n|\n|t:|1701207089\n|move|p2a: Skeledirge|Slack Off|p2a: Skeledirge\n|-heal|p2a: Skeledirge|92\/100\n|move|p1a: Garganacl|Salt Cure|p2a: Skeledirge\n|-supereffective|p2a: Skeledirge\n|-damage|p2a: Skeledirge|73\/100\n|\n|-damage|p2a: Skeledirge|61\/100|[from] Salt Cure\n|upkeep\n|turn|35\n|\n|t:|1701207094\n|move|p2a: Skeledirge|Torch Song|p1a: Garganacl\n|-damage|p1a: Garganacl|57\/100\n|-boost|p2a: Skeledirge|spa|1\n|move|p1a: Garganacl|Salt Cure|p2a: Skeledirge\n|-supereffective|p2a: Skeledirge\n|-damage|p2a: Skeledirge|40\/100\n|\n|-damage|p2a: Skeledirge|28\/100|[from] Salt Cure\n|upkeep\n|turn|36\n|\n|t:|1701207099\n|move|p2a: Skeledirge|Slack Off|p2a: Skeledirge\n|-heal|p2a: Skeledirge|78\/100\n|move|p1a: Garganacl|Salt Cure|p2a: Skeledirge\n|-supereffective|p2a: Skeledirge\n|-damage|p2a: Skeledirge|60\/100\n|\n|-damage|p2a: Skeledirge|47\/100|[from] Salt Cure\n|upkeep\n|turn|37\n|\n|t:|1701207105\n|switch|p1a: Great Tusk|Great Tusk|43\/100\n|-damage|p1a: Great Tusk|40\/100|[from] Stealth Rock\n|-damage|p1a: Great Tusk|28\/100|[from] Spikes\n|move|p2a: Skeledirge|Slack Off|p2a: Skeledirge\n|-heal|p2a: Skeledirge|98\/100\n|\n|-heal|p1a: Great Tusk|34\/100|[from] item: Leftovers\n|-damage|p2a: Skeledirge|85\/100|[from] Salt Cure\n|upkeep\n|turn|38\n|\n|t:|1701207115\n|switch|p2a: Milotic|Milotic, M|35\/100\n|move|p1a: Great Tusk|Rapid Spin|p2a: Milotic\n|-damage|p2a: Milotic|20\/100\n|-boost|p1a: Great Tusk|spe|1\n|-sideend|p1: arielk|Spikes|[from] move: Rapid Spin|[of] p1a: Great Tusk\n|-sideend|p1: arielk|Stealth Rock|[from] move: Rapid Spin|[of] p1a: Great Tusk\n|\n|-heal|p1a: Great Tusk|40\/100|[from] item: Leftovers\n|upkeep\n|turn|39\n|\n|t:|1701207122\n|move|p1a: Great Tusk|Headlong Rush|p2a: Milotic\n|-damage|p2a: Milotic|0 fnt\n|-unboost|p1a: Great Tusk|def|1\n|-unboost|p1a: Great Tusk|spd|1\n|faint|p2a: Milotic\n|\n|-heal|p1a: Great Tusk|47\/100|[from] item: Leftovers\n|upkeep\n|\n|t:|1701207126\n|switch|p2a: Dragapult|Dragapult, M|100\/100\n|turn|40\n|\n|t:|1701207143\n|move|p2a: Dragapult|Hex|p1a: Great Tusk\n|-damage|p1a: Great Tusk|0 fnt\n|faint|p1a: Great Tusk\n|-end|p1a: Great Tusk|Protosynthesis|[silent]\n|\n|upkeep\n|\n|t:|1701207144\n|switch|p1a: Garganacl|Garganacl, F, tera:Fairy|57\/100\n|turn|41\n|\n|t:|1701207153\n|move|p2a: Dragapult|U-turn|p1a: Garganacl\n|-resisted|p1a: Garganacl\n|-damage|p1a: Garganacl|51\/100\n|\n|t:|1701207156\n|switch|p2a: Skeledirge|Skeledirge, M|85\/100|[from] U-turn\n|move|p1a: Garganacl|Salt Cure|p2a: Skeledirge\n|-supereffective|p2a: Skeledirge\n|-damage|p2a: Skeledirge|66\/100\n|-start|p2a: Skeledirge|Salt Cure\n|\n|-damage|p2a: Skeledirge|54\/100|[from] Salt Cure\n|upkeep\n|turn|42\n|\n|t:|1701207161\n|move|p2a: Skeledirge|Torch Song|p1a: Garganacl\n|-damage|p1a: Garganacl|31\/100\n|-boost|p2a: Skeledirge|spa|1\n|move|p1a: Garganacl|Recover|p1a: Garganacl\n|-heal|p1a: Garganacl|81\/100\n|\n|-damage|p2a: Skeledirge|41\/100|[from] Salt Cure\n|upkeep\n|turn|43\n|\n|t:|1701207166\n|move|p2a: Skeledirge|Slack Off|p2a: Skeledirge\n|-heal|p2a: Skeledirge|91\/100\n|move|p1a: Garganacl|Salt Cure|p2a: Skeledirge\n|-supereffective|p2a: Skeledirge\n|-damage|p2a: Skeledirge|71\/100\n|\n|-damage|p2a: Skeledirge|59\/100|[from] Salt Cure\n|upkeep\n|turn|44\n|\n|t:|1701207170\n|switch|p1a: Ogerpon|Ogerpon-Wellspring, F|42\/100\n|move|p2a: Skeledirge|Torch Song|p1a: Ogerpon\n|-damage|p1a: Ogerpon|0 fnt\n|-boost|p2a: Skeledirge|spa|1\n|faint|p1a: Ogerpon\n|\n|-damage|p2a: Skeledirge|46\/100|[from] Salt Cure\n|upkeep\n|\n|t:|1701207173\n|switch|p1a: Garganacl|Garganacl, F, tera:Fairy|81\/100\n|turn|45\n|\n|t:|1701207175\n|move|p2a: Skeledirge|Slack Off|p2a: Skeledirge\n|-heal|p2a: Skeledirge|96\/100\n|move|p1a: Garganacl|Salt Cure|p2a: Skeledirge\n|-supereffective|p2a: Skeledirge\n|-damage|p2a: Skeledirge|77\/100\n|\n|-damage|p2a: Skeledirge|64\/100|[from] Salt Cure\n|upkeep\n|turn|46\n|\n|t:|1701207178\n|move|p2a: Skeledirge|Torch Song|p1a: Garganacl\n|-damage|p1a: Garganacl|41\/100\n|-boost|p2a: Skeledirge|spa|1\n|move|p1a: Garganacl|Salt Cure|p2a: Skeledirge\n|-supereffective|p2a: Skeledirge\n|-damage|p2a: Skeledirge|46\/100\n|\n|-damage|p2a: Skeledirge|34\/100|[from] Salt Cure\n|upkeep\n|turn|47\n|\n|t:|1701207183\n|move|p2a: Skeledirge|Torch Song|p1a: Garganacl\n|-damage|p1a: Garganacl|0 fnt\n|-boost|p2a: Skeledirge|spa|1\n|faint|p1a: Garganacl\n|\n|win|reddo161\n|c|\u2606reddo161|gg\n|c|\u2606arielk|ggs\n|c|\u2606arielk|both the replays should be saved, can you put them in the server?\n|c|\u2606reddo161|i was so worried gt was max speed hahaha\n|c|\u2606arielk|i was so sad it wasnt\n|c|\u2606reddo161|i probs shoulda played it safe and gone mandibuzz\n|c|\u2606reddo161|coz i think it takes an ice spinner\n|c|\u2606arielk|yeah for sure\n|c| empoleon9000|i've got replays so dw\n|c|\u2606reddo161|nicenice\n|c|\u2606arielk|thx\n|l|\u2606arielk\n|c| empoleon9000|can put in the server if you want for specs tho\n|c| empoleon9000|but they can access them through the links\n|c|\u2606reddo161|yeah idm\n|l|\u2606reddo161\n","uploadtime":1701207189,"views":2,"p1id":"arielk","p2id":"reddo161","formatid":"gen9ou","rating":0,"private":0,"password":""}