{"id":"gen9ou-1988420121","p1":"Ceslva34","p2":"PK~Hunter\u2606","format":"[Gen 9] OU","log":"|j|\u2606Ceslva34\n|j|\u2606PK~Hunter\u2606\n|t:|1699720993\n|gametype|singles\n|player|p1|Ceslva34|steven|1094\n|player|p2|PK~Hunter\u2606|steven|1104\n|teamsize|p1|6\n|teamsize|p2|6\n|gen|9\n|tier|[Gen 9] OU\n|rated|\n|rule|Sleep Clause Mod: Limit one foe put to sleep\n|rule|Species Clause: Limit one of each Pok\u00e9mon\n|rule|OHKO Clause: OHKO moves are banned\n|rule|Evasion Items Clause: Evasion items are banned\n|rule|Evasion Moves Clause: Evasion moves are banned\n|rule|Endless Battle Clause: Forcing endless battles is banned\n|rule|HP Percentage Mod: HP is shown in percentages\n|clearpoke\n|poke|p1|Gholdengo|\n|poke|p1|Ogerpon-Cornerstone, F|\n|poke|p1|Ribombee, F|\n|poke|p1|Iron Valiant|\n|poke|p1|Iron Moth|\n|poke|p1|Kingambit, M|\n|poke|p2|Dragapult, F|\n|poke|p2|Gliscor, M|\n|poke|p2|Milotic, M|\n|poke|p2|Iron Valiant|\n|poke|p2|Chandelure, M|\n|poke|p2|Corviknight, M|\n|teampreview\n|inactive|Battle timer is ON: inactive players will automatically lose when time's up. (requested by Ceslva34)\n|\n|t:|1699721007\n|start\n|switch|p1a: Ribombee|Ribombee, F|100\/100\n|switch|p2a: Chandelure|Chandelure, M, shiny|100\/100\n|turn|1\n|\n|t:|1699721017\n|move|p1a: Ribombee|Sticky Web|p2a: Chandelure\n|-sidestart|p2: PK~Hunter\u2606|move: Sticky Web\n|move|p2a: Chandelure|Overheat|p1a: Ribombee\n|-supereffective|p1a: Ribombee\n|-enditem|p1a: Ribombee|Focus Sash\n|-damage|p1a: Ribombee|1\/100\n|-unboost|p2a: Chandelure|spa|2\n|\n|upkeep\n|turn|2\n|\n|t:|1699721026\n|switch|p2a: Corviknight|Corviknight, M|100\/100\n|move|p1a: Ribombee|Moonblast|p2a: Corviknight\n|-resisted|p2a: Corviknight\n|-damage|p2a: Corviknight|85\/100\n|-ability|p2a: Corviknight|Mirror Armor\n|-unboost|p1a: Ribombee|spa|1\n|\n|upkeep\n|turn|3\n|\n|t:|1699721038\n|move|p1a: Ribombee|Quiver Dance|p1a: Ribombee\n|-boost|p1a: Ribombee|spa|1\n|-boost|p1a: Ribombee|spd|1\n|-boost|p1a: Ribombee|spe|1\n|move|p2a: Corviknight|Defog|p1a: Ribombee\n|-unboost|p1a: Ribombee|evasion|1\n|-sideend|p2: PK~Hunter\u2606|Sticky Web|[from] move: Defog|[of] p2a: Corviknight\n|\n|upkeep\n|turn|4\n|\n|t:|1699721047\n|move|p1a: Ribombee|Sticky Web|p2a: Corviknight\n|-sidestart|p2: PK~Hunter\u2606|move: Sticky Web\n|move|p2a: Corviknight|U-turn|p1a: Ribombee\n|-resisted|p1a: Ribombee\n|-damage|p1a: Ribombee|0 fnt\n|faint|p1a: Ribombee\n|\n|t:|1699721055\n|switch|p2a: Gliscor|Gliscor, M, shiny|100\/100|[from] U-turn\n|\n|-status|p2a: Gliscor|tox|[from] item: Toxic Orb\n|upkeep\n|\n|t:|1699721061\n|switch|p1a: Iron Valiant|Iron Valiant|100\/100\n|-enditem|p1a: Iron Valiant|Booster Energy\n|-activate|p1a: Iron Valiant|ability: Quark Drive|[fromitem]\n|-start|p1a: Iron Valiant|quarkdrivespe\n|turn|5\n|\n|t:|1699721068\n|-terastallize|p2a: Gliscor|Water\n|move|p1a: Iron Valiant|Ice Punch|p2a: Gliscor\n|-resisted|p2a: Gliscor\n|-damage|p2a: Gliscor|93\/100 tox\n|move|p2a: Gliscor|Aerial Ace|p1a: Iron Valiant\n|-supereffective|p1a: Iron Valiant\n|-damage|p1a: Iron Valiant|47\/100\n|\n|-heal|p2a: Gliscor|100\/100 tox|[from] ability: Poison Heal\n|upkeep\n|turn|6\n|\n|t:|1699721085\n|switch|p2a: Corviknight|Corviknight, M|85\/100\n|move|p1a: Iron Valiant|Close Combat|p2a: Corviknight\n|-damage|p2a: Corviknight|35\/100\n|-unboost|p1a: Iron Valiant|def|1\n|-unboost|p1a: Iron Valiant|spd|1\n|-damage|p1a: Iron Valiant|30\/100|[from] item: Rocky Helmet|[of] p2a: Corviknight\n|\n|upkeep\n|turn|7\n|\n|t:|1699721091\n|move|p1a: Iron Valiant|Close Combat|p2a: Corviknight\n|-damage|p2a: Corviknight|0 fnt\n|-unboost|p1a: Iron Valiant|def|1\n|-unboost|p1a: Iron Valiant|spd|1\n|-damage|p1a: Iron Valiant|13\/100|[from] item: Rocky Helmet|[of] p2a: Corviknight\n|faint|p2a: Corviknight\n|\n|upkeep\n|\n|t:|1699721097\n|switch|p2a: Gliscor|Gliscor, M, shiny, tera:Water|100\/100 tox\n|-activate|p2a: Gliscor|move: Sticky Web\n|-unboost|p2a: Gliscor|spe|1\n|turn|8\n|\n|t:|1699721101\n|move|p2a: Gliscor|Protect|p2a: Gliscor\n|-singleturn|p2a: Gliscor|Protect\n|move|p1a: Iron Valiant|Close Combat|p2a: Gliscor\n|-activate|p2a: Gliscor|move: Protect\n|\n|upkeep\n|turn|9\n|\n|t:|1699721108\n|move|p1a: Iron Valiant|Close Combat|p2a: Gliscor\n|-damage|p2a: Gliscor|64\/100 tox\n|-unboost|p1a: Iron Valiant|def|1\n|-unboost|p1a: Iron Valiant|spd|1\n|move|p2a: Gliscor|Aerial Ace|p1a: Iron Valiant\n|-supereffective|p1a: Iron Valiant\n|-damage|p1a: Iron Valiant|0 fnt\n|faint|p1a: Iron Valiant\n|-end|p1a: Iron Valiant|Quark Drive|[silent]\n|\n|-heal|p2a: Gliscor|76\/100 tox|[from] ability: Poison Heal\n|upkeep\n|\n|t:|1699721136\n|switch|p1a: Gholdengo|Gholdengo|100\/100\n|-item|p1a: Gholdengo|Air Balloon\n|turn|10\n|inactive|PK~Hunter\u2606 has 120 seconds left.\n|\n|t:|1699721177\n|move|p1a: Gholdengo|Nasty Plot|p1a: Gholdengo\n|-boost|p1a: Gholdengo|spa|2\n|move|p2a: Gliscor|Earthquake|p1a: Gholdengo\n|-immune|p1a: Gholdengo\n|\n|-heal|p2a: Gliscor|89\/100 tox|[from] ability: Poison Heal\n|upkeep\n|turn|11\n|\n|t:|1699721187\n|switch|p2a: Dragapult|Dragapult, F|100\/100\n|-activate|p2a: Dragapult|move: Sticky Web\n|-fail|p2a: Dragapult|unboost|[from] ability: Clear Body|[of] p2a: Dragapult\n|move|p1a: Gholdengo|Nasty Plot|p1a: Gholdengo\n|-boost|p1a: Gholdengo|spa|2\n|\n|upkeep\n|turn|12\n|inactive|PK~Hunter\u2606 has 120 seconds left.\n|\n|t:|1699721194\n|move|p2a: Dragapult|Dragon Darts|p1a: Gholdengo\n|-resisted|p1a: Gholdengo\n|-damage|p1a: Gholdengo|87\/100\n|-enditem|p1a: Gholdengo|Air Balloon\n|-anim|p2a: Dragapult|Dragon Darts|p1a: Gholdengo\n|-resisted|p1a: Gholdengo\n|-damage|p1a: Gholdengo|72\/100\n|move|p1a: Gholdengo|Shadow Ball|p2a: Dragapult\n|-supereffective|p2a: Dragapult\n|-crit|p2a: Dragapult\n|-damage|p2a: Dragapult|0 fnt\n|faint|p2a: Dragapult\n|\n|upkeep\n|inactive|PK~Hunter\u2606 has 120 seconds left.\n|\n|t:|1699721217\n|switch|p2a: Gliscor|Gliscor, M, shiny, tera:Water|89\/100 tox\n|-activate|p2a: Gliscor|move: Sticky Web\n|-unboost|p2a: Gliscor|spe|1\n|turn|13\n|\n|t:|1699721229\n|move|p1a: Gholdengo|Shadow Ball|p2a: Gliscor\n|-damage|p2a: Gliscor|0 fnt\n|faint|p2a: Gliscor\n|\n|upkeep\n|inactive|PK~Hunter\u2606 has 90 seconds left.\n|inactive|PK~Hunter\u2606 has 60 seconds left.\n|inactive|PK~Hunter\u2606 has 30 seconds left.\n|inactive|PK~Hunter\u2606 has 20 seconds left.\n|inactive|PK~Hunter\u2606 has 15 seconds left.\n|inactive|PK~Hunter\u2606 has 10 seconds left.\n|inactive|PK~Hunter\u2606 has 5 seconds left.\n|-message|PK~Hunter\u2606 lost due to inactivity.\n|\n|win|Ceslva34\n|raw|Ceslva34's rating: 1094 &rarr; <strong>1121<\/strong><br \/>(+27 for winning)\n|raw|PK~Hunter\u2606's rating: 1104 &rarr; <strong>1078<\/strong><br \/>(-26 for losing)\n|l|\u2606PK~Hunter\u2606\n","uploadtime":1699721348,"views":19,"p1id":"ceslva34","p2id":"pkhunter","formatid":"gen9ou","rating":1078,"private":0,"password":""}