{"id":"gen9ou-1995946010","p1":"zasdxcfgvhbn","p2":"awkjdbawkjdbjk","format":"[Gen 9] OU","log":"|j|\u2606zasdxcfgvhbn\n|j|\u2606awkjdbawkjdbjk\n|t:|1700620547\n|gametype|singles\n|player|p1|zasdxcfgvhbn|169|1132\n|player|p2|awkjdbawkjdbjk|clown|1157\n|teamsize|p1|6\n|teamsize|p2|6\n|gen|9\n|tier|[Gen 9] OU\n|rated|\n|rule|Sleep Clause Mod: Limit one foe put to sleep\n|rule|Species Clause: Limit one of each Pok\u00e9mon\n|rule|OHKO Clause: OHKO moves are banned\n|rule|Evasion Items Clause: Evasion items are banned\n|rule|Evasion Moves Clause: Evasion moves are banned\n|rule|Endless Battle Clause: Forcing endless battles is banned\n|rule|HP Percentage Mod: HP is shown in percentages\n|clearpoke\n|poke|p1|Weavile, M|\n|poke|p1|Kingambit, M|\n|poke|p1|Great Tusk|\n|poke|p1|Moltres|\n|poke|p1|Iron Valiant|\n|poke|p1|Alomomola, M|\n|poke|p2|Skeledirge, F|\n|poke|p2|Ambipom, F|\n|poke|p2|Glimmora, F|\n|poke|p2|Zoroark-Hisui, F|\n|poke|p2|Ditto|\n|poke|p2|Klawf, M|\n|teampreview\n|inactive|Battle timer is ON: inactive players will automatically lose when time's up. (requested by awkjdbawkjdbjk)\n|\n|t:|1700620566\n|start\n|switch|p1a: Great Tusk|Great Tusk|100\/100\n|switch|p2a: Klawf|Klawf, M|100\/100\n|-enditem|p1a: Great Tusk|Booster Energy\n|-activate|p1a: Great Tusk|ability: Protosynthesis|[fromitem]\n|-start|p1a: Great Tusk|protosynthesisspe\n|turn|1\n|\n|t:|1700620577\n|move|p1a: Great Tusk|Earthquake|p2a: Klawf\n|-supereffective|p2a: Klawf\n|-damage|p2a: Klawf|14\/100\n|-ability|p2a: Klawf|Anger Shell|boost\n|-boost|p2a: Klawf|atk|1\n|-boost|p2a: Klawf|spa|1\n|-boost|p2a: Klawf|spe|1\n|-unboost|p2a: Klawf|def|1\n|-unboost|p2a: Klawf|spd|1\n|move|p2a: Klawf|Swords Dance|p2a: Klawf\n|-boost|p2a: Klawf|atk|2\n|\n|upkeep\n|turn|2\n|\n|t:|1700620598\n|-terastallize|p2a: Klawf|Fairy\n|move|p1a: Great Tusk|Earthquake|p2a: Klawf\n|-damage|p2a: Klawf|0 fnt\n|faint|p2a: Klawf\n|\n|upkeep\n|\n|t:|1700620604\n|switch|p2a: Glimmora|Glimmora, F|100\/100\n|turn|3\n|\n|t:|1700620607\n|move|p1a: Great Tusk|Earthquake|p2a: Glimmora\n|-supereffective|p2a: Glimmora\n|-enditem|p2a: Glimmora|Focus Sash\n|-damage|p2a: Glimmora|1\/100\n|-activate|p2a: Glimmora|ability: Toxic Debris\n|-sidestart|p1: zasdxcfgvhbn|move: Toxic Spikes\n|move|p2a: Glimmora|Stealth Rock|p1a: Great Tusk\n|-sidestart|p1: zasdxcfgvhbn|move: Stealth Rock\n|\n|upkeep\n|turn|4\n|\n|t:|1700620613\n|move|p1a: Great Tusk|Rapid Spin|p2a: Glimmora\n|-resisted|p2a: Glimmora\n|-damage|p2a: Glimmora|0 fnt\n|-boost|p1a: Great Tusk|spe|1\n|-activate|p2a: Glimmora|ability: Toxic Debris\n|-sidestart|p1: zasdxcfgvhbn|move: Toxic Spikes\n|-sideend|p1: zasdxcfgvhbn|Toxic Spikes|[from] move: Rapid Spin|[of] p1a: Great Tusk\n|-sideend|p1: zasdxcfgvhbn|Stealth Rock|[from] move: Rapid Spin|[of] p1a: Great Tusk\n|faint|p2a: Glimmora\n|\n|upkeep\n|\n|t:|1700620619\n|switch|p2a: shiddo|Ditto, shiny|100\/100\n|-transform|p2a: shiddo|p1a: Great Tusk|[from] ability: Imposter\n|turn|5\n|\n|t:|1700620632\n|move|p2a: shiddo|Ice Spinner|p1a: Great Tusk\n|-supereffective|p1a: Great Tusk\n|-damage|p1a: Great Tusk|73\/100\n|move|p1a: Great Tusk|Bulk Up|p1a: Great Tusk\n|-boost|p1a: Great Tusk|atk|1\n|-boost|p1a: Great Tusk|def|1\n|\n|upkeep\n|turn|6\n|\n|t:|1700620656\n|move|p1a: Great Tusk|Ice Spinner|p2a: shiddo\n|-supereffective|p2a: shiddo\n|-damage|p2a: shiddo|41\/100\n|move|p2a: shiddo|Ice Spinner|p1a: Great Tusk\n|-supereffective|p1a: Great Tusk\n|-damage|p1a: Great Tusk|55\/100\n|\n|upkeep\n|turn|7\n|-message|awkjdbawkjdbjk forfeited.\n|\n|win|zasdxcfgvhbn\n|raw|zasdxcfgvhbn's rating: 1132 &rarr; <strong>1159<\/strong><br \/>(+27 for winning)\n|raw|awkjdbawkjdbjk's rating: 1157 &rarr; <strong>1130<\/strong><br \/>(-27 for losing)\n|l|\u2606awkjdbawkjdbjk\n","uploadtime":1700620665,"views":1,"p1id":"zasdxcfgvhbn","p2id":"awkjdbawkjdbjk","formatid":"gen9ou","rating":1130,"private":0,"password":""}