{"id":"gen9ou-1995729000","p1":"Lwkr","p2":"the8nvader","format":"[Gen 9] OU","log":"|j|\u2606Lwkr\n|j|\u2606the8nvader\n|t:|1700597695\n|gametype|singles\n|player|p1|Lwkr|bugsy|1008\n|player|p2|the8nvader|falkner|1026\n|teamsize|p1|4\n|teamsize|p2|6\n|gen|9\n|tier|[Gen 9] OU\n|rated|\n|rule|Sleep Clause Mod: Limit one foe put to sleep\n|rule|Species Clause: Limit one of each Pok\u00e9mon\n|rule|OHKO Clause: OHKO moves are banned\n|rule|Evasion Items Clause: Evasion items are banned\n|rule|Evasion Moves Clause: Evasion moves are banned\n|rule|Endless Battle Clause: Forcing endless battles is banned\n|rule|HP Percentage Mod: HP is shown in percentages\n|clearpoke\n|poke|p1|Maushold|\n|poke|p1|Arbok, M|\n|poke|p1|Polteageist|\n|poke|p1|Ribombee, M|\n|poke|p2|Tyranitar, F|\n|poke|p2|Scizor, F|\n|poke|p2|Garchomp, F|\n|poke|p2|Skeledirge, F|\n|poke|p2|Toxapex, F|\n|poke|p2|Amoonguss, M|\n|teampreview\n|\n|t:|1700597704\n|start\n|switch|p1a: Ribombee|Ribombee, M|100\/100\n|switch|p2a: Toxapex|Toxapex, F, shiny|100\/100\n|turn|1\n|c|\u2606the8nvader|how come team ur teams so small?\n|\n|t:|1700597724\n|move|p1a: Ribombee|Sticky Web|p2a: Toxapex\n|-sidestart|p2: the8nvader|move: Sticky Web\n|move|p2a: Toxapex|Toxic|p1a: Ribombee\n|-status|p1a: Ribombee|tox\n|\n|-damage|p1a: Ribombee|94\/100 tox|[from] psn\n|upkeep\n|turn|2\n|\n|t:|1700597730\n|move|p1a: Ribombee|Reflect|p1a: Ribombee\n|-sidestart|p1: Lwkr|Reflect\n|move|p2a: Toxapex|Infestation|p1a: Ribombee\n|-resisted|p1a: Ribombee\n|-crit|p1a: Ribombee\n|-damage|p1a: Ribombee|91\/100 tox\n|-activate|p1a: Ribombee|move: Infestation|[of] p2a: Toxapex\n|\n|-heal|p1a: Ribombee|97\/100 tox|[from] item: Leftovers\n|-damage|p1a: Ribombee|85\/100 tox|[from] psn\n|-damage|p1a: Ribombee|73\/100 tox|[from] move: Infestation|[partiallytrapped]\n|upkeep\n|turn|3\n|\n|t:|1700597740\n|switch|p2a: Tyranitar|Tyranitar, F|100\/100\n|-activate|p2a: Tyranitar|move: Sticky Web\n|-unboost|p2a: Tyranitar|spe|1\n|-weather|Sandstorm|[from] ability: Sand Stream|[of] p2a: Tyranitar\n|move|p1a: Ribombee|Stun Spore|p2a: Tyranitar\n|-status|p2a: Tyranitar|par\n|\n|-weather|Sandstorm|[upkeep]\n|-damage|p1a: Ribombee|66\/100 tox|[from] Sandstorm\n|-heal|p1a: Ribombee|73\/100 tox|[from] item: Leftovers\n|-damage|p1a: Ribombee|54\/100 tox|[from] psn\n|-end|p1a: Ribombee|Infestation|[partiallytrapped]|[silent]\n|upkeep\n|turn|4\n|\n|t:|1700597752\n|move|p1a: Ribombee|Draining Kiss|p2a: Tyranitar\n|-supereffective|p2a: Tyranitar\n|-damage|p2a: Tyranitar|81\/100 par\n|-heal|p1a: Ribombee|72\/100 tox|[from] drain|[of] p2a: Tyranitar\n|cant|p2a: Tyranitar|par\n|\n|-weather|Sandstorm|[upkeep]\n|-damage|p1a: Ribombee|66\/100 tox|[from] Sandstorm\n|-heal|p1a: Ribombee|72\/100 tox|[from] item: Leftovers\n|-heal|p2a: Tyranitar|87\/100 par|[from] item: Leftovers\n|-damage|p1a: Ribombee|48\/100 tox|[from] psn\n|upkeep\n|turn|5\n|\n|t:|1700597764\n|move|p1a: Ribombee|Draining Kiss|p2a: Tyranitar\n|-supereffective|p2a: Tyranitar\n|-damage|p2a: Tyranitar|70\/100 par\n|-heal|p1a: Ribombee|64\/100 tox|[from] drain|[of] p2a: Tyranitar\n|move|p2a: Tyranitar|Dragon Dance|p2a: Tyranitar\n|-boost|p2a: Tyranitar|atk|1\n|-boost|p2a: Tyranitar|spe|1\n|\n|-weather|Sandstorm|[upkeep]\n|-damage|p1a: Ribombee|58\/100 tox|[from] Sandstorm\n|-heal|p1a: Ribombee|64\/100 tox|[from] item: Leftovers\n|-heal|p2a: Tyranitar|76\/100 par|[from] item: Leftovers\n|-damage|p1a: Ribombee|33\/100 tox|[from] psn\n|upkeep\n|turn|6\n|\n|t:|1700597776\n|move|p1a: Ribombee|Draining Kiss|p2a: Tyranitar\n|-supereffective|p2a: Tyranitar\n|-damage|p2a: Tyranitar|59\/100 par\n|-heal|p1a: Ribombee|49\/100 tox|[from] drain|[of] p2a: Tyranitar\n|move|p2a: Tyranitar|Dragon Dance|p2a: Tyranitar\n|-boost|p2a: Tyranitar|atk|1\n|-boost|p2a: Tyranitar|spe|1\n|\n|-weather|Sandstorm|[upkeep]\n|-damage|p1a: Ribombee|43\/100 tox|[from] Sandstorm\n|-heal|p1a: Ribombee|49\/100 tox|[from] item: Leftovers\n|-heal|p2a: Tyranitar|65\/100 par|[from] item: Leftovers\n|-damage|p1a: Ribombee|12\/100 tox|[from] psn\n|-sideend|p1: Lwkr|Reflect\n|upkeep\n|turn|7\n|\n|t:|1700597790\n|move|p1a: Ribombee|Reflect|p1a: Ribombee\n|-sidestart|p1: Lwkr|Reflect\n|cant|p2a: Tyranitar|par\n|\n|-weather|none\n|-heal|p1a: Ribombee|18\/100 tox|[from] item: Leftovers\n|-heal|p2a: Tyranitar|71\/100 par|[from] item: Leftovers\n|-damage|p1a: Ribombee|0 fnt|[from] psn\n|faint|p1a: Ribombee\n|upkeep\n|\n|t:|1700597792\n|switch|p1a: Arbok|Arbok, M|100\/100\n|-ability|p1a: Arbok|Intimidate|boost\n|-unboost|p2a: Tyranitar|atk|1\n|turn|8\n|\n|t:|1700597801\n|-terastallize|p1a: Arbok|Dragon\n|move|p1a: Arbok|Coil|p1a: Arbok\n|-boost|p1a: Arbok|atk|1\n|-boost|p1a: Arbok|def|1\n|-boost|p1a: Arbok|accuracy|1\n|move|p2a: Tyranitar|Stone Edge|p1a: Arbok|[miss]\n|-miss|p2a: Tyranitar|p1a: Arbok\n|\n|-heal|p2a: Tyranitar|77\/100 par|[from] item: Leftovers\n|upkeep\n|turn|9\n|\n|t:|1700597810\n|move|p1a: Arbok|Coil|p1a: Arbok\n|-boost|p1a: Arbok|atk|1\n|-boost|p1a: Arbok|def|1\n|-boost|p1a: Arbok|accuracy|1\n|cant|p2a: Tyranitar|par\n|\n|-heal|p2a: Tyranitar|84\/100 par|[from] item: Leftovers\n|upkeep\n|turn|10\n|\n|t:|1700597820\n|move|p1a: Arbok|Earthquake|p2a: Tyranitar\n|-supereffective|p2a: Tyranitar\n|-damage|p2a: Tyranitar|0 fnt\n|faint|p2a: Tyranitar\n|\n|upkeep\n|\n|t:|1700597826\n|switch|p2a: Toxapex|Toxapex, F, shiny|100\/100\n|-activate|p2a: Toxapex|move: Sticky Web\n|-unboost|p2a: Toxapex|spe|1\n|turn|11\n|\n|t:|1700597831\n|switch|p2a: Garchomp|Garchomp, F|100\/100\n|-activate|p2a: Garchomp|move: Sticky Web\n|-unboost|p2a: Garchomp|spe|1\n|move|p1a: Arbok|Earthquake|p2a: Garchomp\n|-damage|p2a: Garchomp|46\/100\n|\n|-sideend|p1: Lwkr|Reflect\n|upkeep\n|turn|12\n|\n|t:|1700597839\n|move|p1a: Arbok|Scale Shot|p2a: Garchomp\n|-supereffective|p2a: Garchomp\n|-damage|p2a: Garchomp|4\/100\n|-supereffective|p2a: Garchomp\n|-damage|p2a: Garchomp|0 fnt\n|faint|p2a: Garchomp\n|-hitcount|p2: Garchomp|2\n|-unboost|p1a: Arbok|def|1\n|-boost|p1a: Arbok|spe|1\n|\n|upkeep\n|\n|t:|1700597848\n|switch|p2a: Amoonguss|Amoonguss, M|100\/100\n|-activate|p2a: Amoonguss|move: Sticky Web\n|-unboost|p2a: Amoonguss|spe|1\n|turn|13\n|\n|t:|1700597852\n|move|p1a: Arbok|Scale Shot|p2a: Amoonguss\n|-damage|p2a: Amoonguss|86\/100\n|-damage|p2a: Amoonguss|71\/100\n|-damage|p2a: Amoonguss|56\/100\n|-damage|p2a: Amoonguss|40\/100\n|-hitcount|p2a: Amoonguss|4\n|-unboost|p1a: Arbok|def|1\n|-boost|p1a: Arbok|spe|1\n|move|p2a: Amoonguss|Toxic|p1a: Arbok\n|-status|p1a: Arbok|tox\n|\n|-heal|p2a: Amoonguss|46\/100|[from] item: Black Sludge\n|-damage|p1a: Arbok|94\/100 tox|[from] psn\n|upkeep\n|turn|14\n|\n|t:|1700597865\n|move|p1a: Arbok|Scale Shot|p2a: Amoonguss\n|-damage|p2a: Amoonguss|30\/100\n|-damage|p2a: Amoonguss|15\/100\n|-damage|p2a: Amoonguss|0 fnt\n|faint|p2a: Amoonguss\n|-hitcount|p2: Amoonguss|3\n|-unboost|p1a: Arbok|def|1\n|-boost|p1a: Arbok|spe|1\n|\n|-damage|p1a: Arbok|82\/100 tox|[from] psn\n|upkeep\n|-message|the8nvader forfeited.\n|\n|win|Lwkr\n|raw|Lwkr's rating: 1008 &rarr; <strong>1049<\/strong><br \/>(+41 for winning)\n|raw|the8nvader's rating: 1026 &rarr; <strong>1011<\/strong><br \/>(-15 for losing)\n|l|\u2606the8nvader\n","uploadtime":1700597894,"views":7,"p1id":"lwkr","p2id":"the8nvader","formatid":"gen9ou","rating":1011,"private":0,"password":""}