{"id":"gen9ou-1993935956","p1":"Jjchen101","p2":"Redribbonrenegade","format":"[Gen 9] OU","log":"|j|\u2606Jjchen101\n|j|\u2606Redribbonrenegade\n|t:|1700378465\n|gametype|singles\n|player|p1|Jjchen101|265|1315\n|player|p2|Redribbonrenegade|marshal|1325\n|teamsize|p1|6\n|teamsize|p2|6\n|gen|9\n|tier|[Gen 9] OU\n|rated|\n|rule|Sleep Clause Mod: Limit one foe put to sleep\n|rule|Species Clause: Limit one of each Pok\u00e9mon\n|rule|OHKO Clause: OHKO moves are banned\n|rule|Evasion Items Clause: Evasion items are banned\n|rule|Evasion Moves Clause: Evasion moves are banned\n|rule|Endless Battle Clause: Forcing endless battles is banned\n|rule|HP Percentage Mod: HP is shown in percentages\n|clearpoke\n|poke|p1|Cinderace, F|\n|poke|p1|Kingambit, F|\n|poke|p1|Grimmsnarl, M|\n|poke|p1|Dragapult, F|\n|poke|p1|Rotom-Wash|\n|poke|p1|Vivillon-Fancy, F|\n|poke|p2|Ursaluna, M|\n|poke|p2|Cresselia, F|\n|poke|p2|Volcanion|\n|poke|p2|Garganacl, F|\n|poke|p2|Sinistcha-Masterpiece|\n|poke|p2|Altaria, F|\n|teampreview\n|inactive|Battle timer is ON: inactive players will automatically lose when time's up. (requested by Jjchen101)\n|\n|t:|1700378482\n|start\n|switch|p1a: Grimmsnarl|Grimmsnarl, M|100\/100\n|switch|p2a: Forge \ud83d\ude82|Volcanion|100\/100\n|turn|1\n|\n|t:|1700378485\n|move|p1a: Grimmsnarl|Light Screen|p1a: Grimmsnarl\n|-sidestart|p1: Jjchen101|move: Light Screen\n|move|p2a: Forge \ud83d\ude82|Sludge Bomb|p1a: Grimmsnarl\n|-supereffective|p1a: Grimmsnarl\n|-damage|p1a: Grimmsnarl|76\/100\n|\n|upkeep\n|turn|2\n|\n|t:|1700378492\n|move|p1a: Grimmsnarl|Thunder Wave|p2a: Forge \ud83d\ude82\n|-status|p2a: Forge \ud83d\ude82|par\n|move|p2a: Forge \ud83d\ude82|Sludge Bomb|p1a: Grimmsnarl\n|-supereffective|p1a: Grimmsnarl\n|-damage|p1a: Grimmsnarl|55\/100\n|\n|upkeep\n|turn|3\n|\n|t:|1700378498\n|move|p1a: Grimmsnarl|Parting Shot|p2a: Forge \ud83d\ude82\n|-unboost|p2a: Forge \ud83d\ude82|atk|1\n|-unboost|p2a: Forge \ud83d\ude82|spa|1\n|\n|t:|1700378502\n|switch|p1a: Rotom|Rotom-Wash|100\/100|[from] Parting Shot\n|move|p2a: Forge \ud83d\ude82|Sludge Bomb|p1a: Rotom\n|-damage|p1a: Rotom|88\/100\n|\n|upkeep\n|turn|4\n|\n|t:|1700378510\n|switch|p2a: Kim Joe Un \u26f0\ufe0f|Ursaluna, M, shiny|100\/100\n|move|p1a: Rotom|Volt Switch|p2a: Kim Joe Un \u26f0\ufe0f\n|-immune|p2a: Kim Joe Un \u26f0\ufe0f\n|\n|upkeep\n|turn|5\n|\n|t:|1700378517\n|switch|p1a: Grimmsnarl|Grimmsnarl, M|55\/100\n|switch|p2a: Forge \ud83d\ude82|Volcanion|100\/100 par\n|\n|upkeep\n|turn|6\n|\n|t:|1700378522\n|move|p1a: Grimmsnarl|Parting Shot|p2a: Forge \ud83d\ude82\n|-unboost|p2a: Forge \ud83d\ude82|atk|1\n|-unboost|p2a: Forge \ud83d\ude82|spa|1\n|\n|t:|1700378525\n|switch|p1a: Rotom|Rotom-Wash|88\/100|[from] Parting Shot\n|move|p2a: Forge \ud83d\ude82|Sludge Bomb|p1a: Rotom\n|-damage|p1a: Rotom|74\/100\n|\n|upkeep\n|turn|7\n|\n|t:|1700378531\n|move|p1a: Rotom|Hydro Pump|p2a: Forge \ud83d\ude82\n|-immune|p2a: Forge \ud83d\ude82|[from] ability: Water Absorb\n|move|p2a: Forge \ud83d\ude82|Sludge Bomb|p1a: Rotom\n|-damage|p1a: Rotom|60\/100\n|-status|p1a: Rotom|psn\n|\n|-damage|p1a: Rotom|48\/100 psn|[from] psn\n|upkeep\n|turn|8\n|\n|t:|1700378552\n|switch|p1a: Dragapult|Dragapult, F|100\/100\n|cant|p2a: Forge \ud83d\ude82|par\n|\n|-sideend|p1: Jjchen101|move: Light Screen\n|upkeep\n|turn|9\n|\n|t:|1700378562\n|switch|p1a: Grimmsnarl|Grimmsnarl, M|55\/100\n|switch|p2a: Wojbomb \ud83d\udce0|Garganacl, F|100\/100\n|\n|upkeep\n|turn|10\n|\n|t:|1700378570\n|move|p1a: Grimmsnarl|Reflect|p1a: Grimmsnarl\n|-sidestart|p1: Jjchen101|Reflect\n|move|p2a: Wojbomb \ud83d\udce0|Salt Cure|p1a: Grimmsnarl\n|-damage|p1a: Grimmsnarl|46\/100\n|-start|p1a: Grimmsnarl|Salt Cure\n|\n|-damage|p1a: Grimmsnarl|33\/100|[from] Salt Cure\n|upkeep\n|turn|11\n|\n|t:|1700378580\n|move|p1a: Grimmsnarl|Parting Shot|p2a: Wojbomb \ud83d\udce0\n|-unboost|p2a: Wojbomb \ud83d\udce0|atk|1\n|-unboost|p2a: Wojbomb \ud83d\udce0|spa|1\n|\n|t:|1700378583\n|switch|p1a: Rotom|Rotom-Wash|48\/100 psn|[from] Parting Shot\n|move|p2a: Wojbomb \ud83d\udce0|Salt Cure|p1a: Rotom\n|-damage|p1a: Rotom|41\/100 psn\n|-start|p1a: Rotom|Salt Cure\n|\n|-damage|p1a: Rotom|29\/100 psn|[from] psn\n|-damage|p1a: Rotom|4\/100 psn|[from] Salt Cure\n|upkeep\n|turn|12\n|\n|t:|1700378595\n|move|p2a: Wojbomb \ud83d\udce0|Protect|p2a: Wojbomb \ud83d\udce0\n|-singleturn|p2a: Wojbomb \ud83d\udce0|Protect\n|move|p1a: Rotom|Volt Switch|p2a: Wojbomb \ud83d\udce0\n|-activate|p2a: Wojbomb \ud83d\udce0|move: Protect\n|\n|-damage|p1a: Rotom|0 fnt|[from] psn\n|faint|p1a: Rotom\n|upkeep\n|\n|t:|1700378604\n|switch|p1a: Kingambit|Kingambit, F|100\/100\n|-activate|p1a: Kingambit|ability: Supreme Overlord\n|-start|p1a: Kingambit|fallen1|[silent]\n|turn|13\n|\n|t:|1700378609\n|move|p1a: Kingambit|Swords Dance|p1a: Kingambit\n|-boost|p1a: Kingambit|atk|2\n|move|p2a: Wojbomb \ud83d\udce0|Salt Cure|p1a: Kingambit\n|-resisted|p1a: Kingambit\n|-damage|p1a: Kingambit|99\/100\n|-start|p1a: Kingambit|Salt Cure\n|\n|-damage|p1a: Kingambit|74\/100|[from] Salt Cure\n|upkeep\n|turn|14\n|\n|t:|1700378622\n|switch|p2a: Forge \ud83d\ude82|Volcanion|100\/100 par\n|move|p1a: Kingambit|Iron Head|p2a: Forge \ud83d\ude82\n|-resisted|p2a: Forge \ud83d\ude82\n|-damage|p2a: Forge \ud83d\ude82|74\/100 par\n|-damage|p1a: Kingambit|64\/100|[from] item: Life Orb\n|\n|-damage|p1a: Kingambit|39\/100|[from] Salt Cure\n|upkeep\n|turn|15\n|-message|Jjchen101 forfeited.\n|\n|win|Redribbonrenegade\n|raw|Jjchen101's rating: 1315 &rarr; <strong>1296<\/strong><br \/>(-19 for losing)\n|raw|Redribbonrenegade's rating: 1325 &rarr; <strong>1344<\/strong><br \/>(+19 for winning)\n|l|\u2606Jjchen101\n","uploadtime":1700378642,"views":9,"p1id":"jjchen101","p2id":"redribbonrenegade","formatid":"gen9ou","rating":1296,"private":0,"password":""}