{"id":"gen9ou-1988685884","p1":"Kairak","p2":"pecurto23","format":"[Gen 9] OU","log":"|j|\u2606Kairak\n|j|\u2606pecurto23\n|t:|1699750516\n|gametype|singles\n|player|p1|Kairak|hiker-gen4|1541\n|player|p2|pecurto23|rosa|1632\n|teamsize|p1|6\n|teamsize|p2|6\n|gen|9\n|tier|[Gen 9] OU\n|rated|\n|rule|Sleep Clause Mod: Limit one foe put to sleep\n|rule|Species Clause: Limit one of each Pok\u00e9mon\n|rule|OHKO Clause: OHKO moves are banned\n|rule|Evasion Items Clause: Evasion items are banned\n|rule|Evasion Moves Clause: Evasion moves are banned\n|rule|Endless Battle Clause: Forcing endless battles is banned\n|rule|HP Percentage Mod: HP is shown in percentages\n|clearpoke\n|poke|p1|Kommo-o, F|\n|poke|p1|Ogerpon-Wellspring, F|\n|poke|p1|Ribombee, F|\n|poke|p1|Gholdengo|\n|poke|p1|Rillaboom, F|\n|poke|p1|Iron Moth|\n|poke|p2|Rillaboom, M|\n|poke|p2|Sneasler, M|\n|poke|p2|Zamazenta-*|\n|poke|p2|Manaphy|\n|poke|p2|Heatran, F|\n|poke|p2|Hatterene, F|\n|teampreview\n|c|\u2606pecurto23|no shot\n|c|\u2606pecurto23|LMAO\n|c|\u2606pecurto23|is that kairak from the forge?\n|c|\u2606Kairak|Yeah, who dis\n|c|\u2606pecurto23|p\u00e9\n|c|\u2606pecurto23|LOL\n|c|\u2606Kairak|Oh lol hey\n|\n|t:|1699750584\n|start\n|switch|p1a: Ribombee|Ribombee, F|100\/100\n|switch|p2a: Hatterene|Hatterene, F, shiny|100\/100\n|turn|1\n|\n|t:|1699750603\n|move|p1a: Ribombee|Skill Swap|p2a: Hatterene\n|-activate|p1a: Ribombee|move: Skill Swap|Magic Bounce|Shield Dust|[of] p2a: Hatterene\n|move|p2a: Hatterene|Nuzzle|p1a: Ribombee\n|-damage|p1a: Ribombee|92\/100\n|-status|p1a: Ribombee|par\n|\n|upkeep\n|turn|2\n|\n|t:|1699750615\n|switch|p2a: Heatran|Heatran, F|100\/100\n|-item|p2a: Heatran|Air Balloon\n|move|p1a: Ribombee|Sticky Web|p2a: Heatran\n|-sidestart|p2: pecurto23|move: Sticky Web\n|\n|upkeep\n|turn|3\n|\n|t:|1699750627\n|move|p2a: Heatran|Magma Storm|p1a: Ribombee\n|-supereffective|p1a: Ribombee\n|-damage|p1a: Ribombee|0 fnt\n|faint|p1a: Ribombee\n|\n|upkeep\n|\n|t:|1699750629\n|switch|p1a: Ogerpon|Ogerpon-Wellspring, F|100\/100\n|turn|4\n|c|\u2606pecurto23|webs offense is a bitch for this team\n|c|\u2606pecurto23|this might be an issue\n|\n|t:|1699750661\n|switch|p2a: Rillaboom|Rillaboom, M|100\/100\n|-activate|p2a: Rillaboom|move: Sticky Web\n|-unboost|p2a: Rillaboom|spe|1\n|-fieldstart|move: Grassy Terrain|[from] ability: Grassy Surge|[of] p2a: Rillaboom\n|move|p1a: Ogerpon|Swords Dance|p1a: Ogerpon\n|-boost|p1a: Ogerpon|atk|2\n|\n|upkeep\n|turn|5\n|\n|t:|1699750672\n|move|p2a: Rillaboom|Grassy Glide|p1a: Ogerpon\n|-damage|p1a: Ogerpon|16\/100\n|move|p1a: Ogerpon|Horn Leech|p2a: Rillaboom\n|-resisted|p2a: Rillaboom\n|-damage|p2a: Rillaboom|47\/100\n|-heal|p1a: Ogerpon|49\/100|[from] drain|[of] p2a: Rillaboom\n|\n|-heal|p1a: Ogerpon|55\/100|[from] Grassy Terrain\n|-heal|p2a: Rillaboom|53\/100|[from] Grassy Terrain\n|upkeep\n|turn|6\n|\n|t:|1699750682\n|switch|p1a: Iron Moth|Iron Moth|100\/100\n|-enditem|p1a: Iron Moth|Booster Energy\n|-activate|p1a: Iron Moth|ability: Quark Drive|[fromitem]\n|-start|p1a: Iron Moth|quarkdrivespa\n|move|p2a: Rillaboom|Grassy Glide|p1a: Iron Moth\n|-resisted|p1a: Iron Moth\n|-damage|p1a: Iron Moth|74\/100\n|\n|-heal|p1a: Iron Moth|80\/100|[from] Grassy Terrain\n|-heal|p2a: Rillaboom|59\/100|[from] Grassy Terrain\n|upkeep\n|turn|7\n|\n|t:|1699750689\n|switch|p2a: Heatran|Heatran, F|100\/100\n|-item|p2a: Heatran|Air Balloon\n|move|p1a: Iron Moth|Energy Ball|p2a: Heatran\n|-resisted|p2a: Heatran\n|-damage|p2a: Heatran|92\/100\n|-enditem|p2a: Heatran|Air Balloon\n|\n|-heal|p1a: Iron Moth|86\/100|[from] Grassy Terrain\n|-heal|p2a: Heatran|99\/100|[from] Grassy Terrain\n|upkeep\n|turn|8\n|\n|t:|1699750696\n|switch|p2a: Rillaboom|Rillaboom, M|59\/100\n|-activate|p2a: Rillaboom|move: Sticky Web\n|-unboost|p2a: Rillaboom|spe|1\n|-terastallize|p1a: Iron Moth|Ground\n|move|p1a: Iron Moth|Tera Blast|p2a: Rillaboom|[anim] Tera Blast Ground\n|-resisted|p2a: Rillaboom\n|-damage|p2a: Rillaboom|26\/100\n|\n|-heal|p1a: Iron Moth|92\/100|[from] Grassy Terrain\n|-heal|p2a: Rillaboom|32\/100|[from] Grassy Terrain\n|-fieldend|move: Grassy Terrain\n|upkeep\n|turn|9\n|\n|t:|1699750710\n|switch|p2a: Hatterene|Hatterene, F, shiny|100\/100\n|-activate|p2a: Hatterene|move: Sticky Web\n|-unboost|p2a: Hatterene|spe|1\n|move|p1a: Iron Moth|Tera Blast|p2a: Hatterene|[anim] Tera Blast Ground\n|-damage|p2a: Hatterene|45\/100\n|\n|upkeep\n|turn|10\n|\n|t:|1699750718\n|move|p1a: Iron Moth|Fiery Dance|p2a: Hatterene\n|-crit|p2a: Hatterene\n|-damage|p2a: Hatterene|0 fnt\n|faint|p2a: Hatterene\n|\n|upkeep\n|\n|t:|1699750722\n|switch|p2a: Rillaboom|Rillaboom, M|32\/100\n|-activate|p2a: Rillaboom|move: Sticky Web\n|-unboost|p2a: Rillaboom|spe|1\n|-fieldstart|move: Grassy Terrain|[from] ability: Grassy Surge|[of] p2a: Rillaboom\n|turn|11\n|\n|t:|1699750724\n|-end|p1a: Iron Moth|Quark Drive|[silent]\n|switch|p1a: Rillaboom|Rillaboom, F|100\/100\n|move|p2a: Rillaboom|Grassy Glide|p1a: Rillaboom\n|-resisted|p1a: Rillaboom\n|-damage|p1a: Rillaboom|70\/100\n|\n|-heal|p1a: Rillaboom|76\/100|[from] Grassy Terrain\n|-heal|p2a: Rillaboom|38\/100|[from] Grassy Terrain\n|upkeep\n|turn|12\n|j|+Shellnuts\n|l|+Shellnuts\n|\n|t:|1699750757\n|switch|p1a: Gholdengo|Gholdengo|100\/100\n|-item|p1a: Gholdengo|Air Balloon\n|switch|p2a: Sneasler|Sneasler, M|100\/100\n|-activate|p2a: Sneasler|move: Sticky Web\n|-unboost|p2a: Sneasler|spe|1\n|-enditem|p2a: Sneasler|Grassy Seed\n|-boost|p2a: Sneasler|def|1|[from] item: Grassy Seed\n|\n|upkeep\n|turn|13\n|\n|t:|1699750763\n|move|p2a: Sneasler|Lash Out|p1a: Gholdengo\n|-supereffective|p1a: Gholdengo\n|-damage|p1a: Gholdengo|34\/100\n|-enditem|p1a: Gholdengo|Air Balloon\n|move|p1a: Gholdengo|Make It Rain|p2a: Sneasler\n|-damage|p2a: Sneasler|22\/100\n|-unboost|p1a: Gholdengo|spa|1\n|\n|-heal|p2a: Sneasler|29\/100|[from] Grassy Terrain\n|-heal|p1a: Gholdengo|40\/100|[from] Grassy Terrain\n|upkeep\n|turn|14\n|\n|t:|1699750772\n|move|p2a: Sneasler|Lash Out|p1a: Gholdengo\n|-supereffective|p1a: Gholdengo\n|-damage|p1a: Gholdengo|0 fnt\n|faint|p1a: Gholdengo\n|\n|-heal|p2a: Sneasler|35\/100|[from] Grassy Terrain\n|upkeep\n|\n|t:|1699750775\n|switch|p1a: Kommo-o|Kommo-o, F|100\/100\n|turn|15\n|\n|t:|1699750787\n|move|p2a: Sneasler|Dire Claw|p1a: Kommo-o\n|-damage|p1a: Kommo-o|55\/100\n|move|p1a: Kommo-o|Clanging Scales|p2a: Sneasler\n|-damage|p2a: Sneasler|0 fnt\n|faint|p2a: Sneasler\n|-unboost|p1a: Kommo-o|def|1\n|-enditem|p1a: Kommo-o|Throat Spray\n|-boost|p1a: Kommo-o|spa|1|[from] item: Throat Spray\n|\n|-heal|p1a: Kommo-o|61\/100|[from] Grassy Terrain\n|-fieldend|move: Grassy Terrain\n|upkeep\n|c|\u2606Kairak|I lost anyway haha\n|c|\u2606Kairak|Oh nvm\n|c|\u2606pecurto23|not yet\n|c|\u2606Kairak|I was expecting tera flying acro\n|c|\u2606pecurto23|don't have that no\n|\n|t:|1699750817\n|switch|p2a: Manaphy|Manaphy, shiny|100\/100\n|-activate|p2a: Manaphy|move: Sticky Web\n|-unboost|p2a: Manaphy|spe|1\n|turn|16\n|\n|t:|1699750822\n|move|p1a: Kommo-o|Clangorous Soul|p1a: Kommo-o\n|-boost|p1a: Kommo-o|atk|1\n|-boost|p1a: Kommo-o|def|1\n|-boost|p1a: Kommo-o|spa|1\n|-boost|p1a: Kommo-o|spd|1\n|-boost|p1a: Kommo-o|spe|1\n|-damage|p1a: Kommo-o|28\/100\n|move|p2a: Manaphy|Ice Beam|p1a: Kommo-o\n|-supereffective|p1a: Kommo-o\n|-damage|p1a: Kommo-o|0 fnt\n|faint|p1a: Kommo-o\n|\n|upkeep\n|\n|t:|1699750825\n|switch|p1a: Rillaboom|Rillaboom, F|76\/100\n|-fieldstart|move: Grassy Terrain|[from] ability: Grassy Surge|[of] p1a: Rillaboom\n|turn|17\n|c|\u2606pecurto23|that was shit tho\n|\n|t:|1699750835\n|-terastallize|p2a: Manaphy|Grass\n|move|p1a: Rillaboom|Swords Dance|p1a: Rillaboom\n|-boost|p1a: Rillaboom|atk|2\n|move|p2a: Manaphy|Ice Beam|p1a: Rillaboom\n|-supereffective|p1a: Rillaboom\n|-crit|p1a: Rillaboom\n|-damage|p1a: Rillaboom|0 fnt\n|faint|p1a: Rillaboom\n|\n|upkeep\n|\n|t:|1699750841\n|switch|p1a: Iron Moth|Iron Moth, tera:Ground|92\/100\n|turn|18\n|c|\u2606pecurto23|and so was that\n|\n|t:|1699750847\n|move|p1a: Iron Moth|Sludge Wave|p2a: Manaphy\n|-supereffective|p2a: Manaphy\n|-damage|p2a: Manaphy|13\/100\n|-enditem|p2a: Manaphy|Sitrus Berry|[eat]\n|-heal|p2a: Manaphy|38\/100|[from] item: Sitrus Berry\n|move|p2a: Manaphy|Ice Beam|p1a: Iron Moth\n|-supereffective|p1a: Iron Moth\n|-damage|p1a: Iron Moth|46\/100\n|\n|-heal|p1a: Iron Moth|52\/100|[from] Grassy Terrain\n|-heal|p2a: Manaphy|44\/100|[from] Grassy Terrain\n|upkeep\n|turn|19\n|\n|t:|1699750850\n|move|p1a: Iron Moth|Sludge Wave|p2a: Manaphy\n|-supereffective|p2a: Manaphy\n|-damage|p2a: Manaphy|0 fnt\n|faint|p2a: Manaphy\n|\n|-heal|p1a: Iron Moth|58\/100|[from] Grassy Terrain\n|upkeep\n|\n|t:|1699750860\n|switch|p2a: Zamazenta|Zamazenta, shiny|100\/100\n|-activate|p2a: Zamazenta|move: Sticky Web\n|-unboost|p2a: Zamazenta|spe|1\n|-ability|p2a: Zamazenta|Dauntless Shield|boost\n|-boost|p2a: Zamazenta|def|1\n|turn|20\n|\n|t:|1699750865\n|-end|p1a: Iron Moth|Quark Drive|[silent]\n|switch|p1a: Ogerpon|Ogerpon-Wellspring, F|55\/100\n|move|p2a: Zamazenta|Body Press|p1a: Ogerpon\n|-damage|p1a: Ogerpon|0 fnt\n|faint|p1a: Ogerpon\n|\n|upkeep\n|\n|t:|1699750867\n|switch|p1a: Iron Moth|Iron Moth, tera:Ground|58\/100\n|turn|21\n|c|\u2606pecurto23|gg\n|\n|t:|1699750871\n|move|p1a: Iron Moth|Sludge Wave|p2a: Zamazenta\n|-damage|p2a: Zamazenta|54\/100\n|move|p2a: Zamazenta|Body Press|p1a: Iron Moth\n|-crit|p1a: Iron Moth\n|-damage|p1a: Iron Moth|0 fnt\n|faint|p1a: Iron Moth\n|-end|p1a: Iron Moth|Quark Drive|[silent]\n|\n|win|pecurto23\n|raw|Kairak's rating: 1527 &rarr; <strong>1513<\/strong><br \/>(-14 for losing)\n|raw|pecurto23's rating: 1632 &rarr; <strong>1646<\/strong><br \/>(+14 for winning)\n|l|\u2606Kairak\n","uploadtime":1699750880,"views":17,"p1id":"kairak","p2id":"pecurto23","formatid":"gen9ou","rating":1513,"private":0,"password":""}