{"id":"gen9ou-1994782559","p1":"Lucasrio","p2":"RovaRed","format":"[Gen 9] OU","log":"|j|\u2606Lucasrio\n|j|\u2606RovaRed\n|t:|1700492273\n|gametype|singles\n|player|p1|Lucasrio|lucas|1319\n|player|p2|RovaRed|wicke|1364\n|teamsize|p1|6\n|teamsize|p2|6\n|gen|9\n|tier|[Gen 9] OU\n|rated|\n|rule|Sleep Clause Mod: Limit one foe put to sleep\n|rule|Species Clause: Limit one of each Pok\u00e9mon\n|rule|OHKO Clause: OHKO moves are banned\n|rule|Evasion Items Clause: Evasion items are banned\n|rule|Evasion Moves Clause: Evasion moves are banned\n|rule|Endless Battle Clause: Forcing endless battles is banned\n|rule|HP Percentage Mod: HP is shown in percentages\n|clearpoke\n|poke|p1|Infernape, M|\n|poke|p1|Great Tusk|\n|poke|p1|Dragapult, M|\n|poke|p1|Azumarill, M|\n|poke|p1|Gholdengo|\n|poke|p1|Rotom-Wash|\n|poke|p2|Poliwrath, F|\n|poke|p2|Pelipper, M|\n|poke|p2|Overqwil, M|\n|poke|p2|Rillaboom, F|\n|poke|p2|Iron Treads|\n|poke|p2|Zapdos|\n|teampreview\n|\n|t:|1700492281\n|start\n|switch|p1a: Dragapult|Dragapult, M, shiny|100\/100\n|switch|p2a: Pelipper|Pelipper, M|100\/100\n|-weather|RainDance|[from] ability: Drizzle|[of] p2a: Pelipper\n|turn|1\n|\n|t:|1700492294\n|move|p1a: Dragapult|Draco Meteor|p2a: Pelipper|[miss]\n|-miss|p1a: Dragapult|p2a: Pelipper\n|move|p2a: Pelipper|Roost||[still]\n|-fail|p2a: Pelipper|heal\n|\n|-weather|RainDance|[upkeep]\n|upkeep\n|turn|2\n|\n|t:|1700492301\n|move|p1a: Dragapult|Draco Meteor|p2a: Pelipper\n|-damage|p2a: Pelipper|16\/100\n|-unboost|p1a: Dragapult|spa|2\n|move|p2a: Pelipper|U-turn|p1a: Dragapult\n|-resisted|p1a: Dragapult\n|-damage|p1a: Dragapult|95\/100\n|\n|t:|1700492308\n|switch|p2a: Overqwil|Overqwil, M|100\/100|[from] U-turn\n|\n|-weather|RainDance|[upkeep]\n|upkeep\n|turn|3\n|\n|t:|1700492326\n|switch|p1a: Great Tusk|Great Tusk|100\/100\n|move|p2a: Overqwil|Swords Dance|p2a: Overqwil\n|-boost|p2a: Overqwil|atk|2\n|\n|-weather|RainDance|[upkeep]\n|upkeep\n|turn|4\n|\n|t:|1700492351\n|-terastallize|p2a: Overqwil|Water\n|-terastallize|p1a: Great Tusk|Steel\n|move|p2a: Overqwil|Liquidation|p1a: Great Tusk\n|-damage|p1a: Great Tusk|3\/100\n|-damage|p2a: Overqwil|84\/100|[from] item: Rocky Helmet|[of] p1a: Great Tusk\n|-damage|p2a: Overqwil|74\/100|[from] item: Life Orb\n|move|p1a: Great Tusk|Headlong Rush|p2a: Overqwil\n|-damage|p2a: Overqwil|6\/100\n|-unboost|p1a: Great Tusk|def|1\n|-unboost|p1a: Great Tusk|spd|1\n|\n|-weather|RainDance|[upkeep]\n|upkeep\n|turn|5\n|\n|t:|1700492366\n|move|p2a: Overqwil|Liquidation|p1a: Great Tusk\n|-damage|p1a: Great Tusk|0 fnt\n|-damage|p2a: Overqwil|0 fnt|[from] item: Rocky Helmet|[of] p1a: Great Tusk\n|faint|p1a: Great Tusk\n|-end|p1a: Great Tusk|Protosynthesis|[silent]\n|faint|p2a: Overqwil\n|\n|-weather|RainDance|[upkeep]\n|upkeep\n|\n|t:|1700492382\n|switch|p1a: Dragapult|Dragapult, M, shiny|95\/100\n|switch|p2a: Zapdos|Zapdos|100\/100\n|turn|6\n|\n|t:|1700492395\n|switch|p1a: Gholdengo|Gholdengo|100\/100\n|move|p2a: Zapdos|Hurricane|p1a: Gholdengo\n|-resisted|p1a: Gholdengo\n|-damage|p1a: Gholdengo|79\/100\n|-start|p1a: Gholdengo|confusion\n|\n|-weather|RainDance|[upkeep]\n|upkeep\n|turn|7\n|\n|t:|1700492404\n|switch|p1a: Rotom|Rotom-Wash|100\/100\n|move|p2a: Zapdos|Thunder|p1a: Rotom\n|-damage|p1a: Rotom|45\/100\n|\n|-weather|RainDance|[upkeep]\n|upkeep\n|turn|8\n|\n|t:|1700492413\n|move|p1a: Rotom|Hydro Pump|p2a: Zapdos|[miss]\n|-miss|p1a: Rotom|p2a: Zapdos\n|move|p2a: Zapdos|Thunder|p1a: Rotom\n|-damage|p1a: Rotom|0 fnt\n|faint|p1a: Rotom\n|\n|-weather|none\n|upkeep\n|\n|t:|1700492423\n|switch|p1a: Gholdengo|Gholdengo|79\/100\n|turn|9\n|\n|t:|1700492437\n|switch|p2a: Pelipper|Pelipper, M|16\/100\n|-weather|RainDance|[from] ability: Drizzle|[of] p2a: Pelipper\n|move|p1a: Gholdengo|Shadow Ball|p2a: Pelipper\n|-damage|p2a: Pelipper|0 fnt\n|faint|p2a: Pelipper\n|\n|-weather|RainDance|[upkeep]\n|upkeep\n|\n|t:|1700492447\n|switch|p2a: Poliwrath|Poliwrath, F|100\/100\n|turn|10\n|\n|t:|1700492456\n|move|p2a: Poliwrath|Belly Drum|p2a: Poliwrath\n|-damage|p2a: Poliwrath|50\/100\n|-setboost|p2a: Poliwrath|atk|6|[from] move: Belly Drum\n|-enditem|p2a: Poliwrath|Sitrus Berry|[eat]\n|-heal|p2a: Poliwrath|75\/100|[from] item: Sitrus Berry\n|move|p1a: Gholdengo|Shadow Ball|p2a: Poliwrath\n|-damage|p2a: Poliwrath|31\/100\n|\n|-weather|RainDance|[upkeep]\n|upkeep\n|turn|11\n|\n|t:|1700492474\n|move|p2a: Poliwrath|Liquidation|p1a: Gholdengo\n|-damage|p1a: Gholdengo|0 fnt\n|faint|p1a: Gholdengo\n|\n|-weather|RainDance|[upkeep]\n|upkeep\n|\n|t:|1700492484\n|switch|p1a: Azumarill|Azumarill, M|100\/100\n|turn|12\n|\n|t:|1700492490\n|move|p1a: Azumarill|Aqua Jet|p2a: Poliwrath\n|-resisted|p2a: Poliwrath\n|-damage|p2a: Poliwrath|11\/100\n|move|p2a: Poliwrath|Liquidation|p1a: Azumarill\n|-resisted|p1a: Azumarill\n|-damage|p1a: Azumarill|0 fnt\n|faint|p1a: Azumarill\n|\n|-weather|RainDance|[upkeep]\n|upkeep\n|\n|t:|1700492498\n|switch|p1a: Infernape|Infernape, M|100\/100\n|turn|13\n|\n|t:|1700492502\n|move|p1a: Infernape|Vacuum Wave|p2a: Poliwrath\n|-damage|p2a: Poliwrath|0 fnt\n|faint|p2a: Poliwrath\n|-damage|p1a: Infernape|91\/100|[from] item: Life Orb\n|\n|-weather|RainDance|[upkeep]\n|upkeep\n|\n|t:|1700492506\n|switch|p2a: Zapdos|Zapdos|100\/100\n|turn|14\n|\n|t:|1700492514\n|switch|p1a: Dragapult|Dragapult, M, shiny|95\/100\n|move|p2a: Zapdos|Hurricane|p1a: Dragapult\n|-damage|p1a: Dragapult|12\/100\n|\n|-weather|RainDance|[upkeep]\n|upkeep\n|turn|15\n|\n|t:|1700492523\n|move|p1a: Dragapult|Draco Meteor|p2a: Zapdos\n|-damage|p2a: Zapdos|0 fnt\n|-unboost|p1a: Dragapult|spa|2\n|faint|p2a: Zapdos\n|\n|-weather|RainDance|[upkeep]\n|upkeep\n|\n|t:|1700492531\n|switch|p2a: Iron Treads|Iron Treads|100\/100\n|turn|16\n|\n|t:|1700492537\n|move|p1a: Dragapult|Draco Meteor|p2a: Iron Treads\n|-resisted|p2a: Iron Treads\n|-damage|p2a: Iron Treads|79\/100\n|-unboost|p1a: Dragapult|spa|2\n|move|p2a: Iron Treads|Earth Power|p1a: Dragapult\n|-damage|p1a: Dragapult|0 fnt\n|faint|p1a: Dragapult\n|\n|-weather|none\n|upkeep\n|\n|t:|1700492546\n|switch|p1a: Infernape|Infernape, M|91\/100\n|turn|17\n|\n|t:|1700492553\n|move|p1a: Infernape|Fire Blast|p2a: Iron Treads|[miss]\n|-miss|p1a: Infernape|p2a: Iron Treads\n|move|p2a: Iron Treads|Earth Power|p1a: Infernape\n|-supereffective|p1a: Infernape\n|-crit|p1a: Infernape\n|-damage|p1a: Infernape|0 fnt\n|faint|p1a: Infernape\n|\n|win|RovaRed\n|raw|Lucasrio's rating: 1319 &rarr; <strong>1302<\/strong><br \/>(-17 for losing)\n|raw|RovaRed's rating: 1364 &rarr; <strong>1381<\/strong><br \/>(+17 for winning)\n","uploadtime":1700492562,"views":5,"p1id":"lucasrio","p2id":"rovared","formatid":"gen9ou","rating":1302,"private":0,"password":""}