{"id":"gen9ou-1993363037","p1":"Lasagna Crustle","p2":"abomasnom","format":"[Gen 9] OU","log":"|j|\u2606Lasagna Crustle\n|j|\u2606abomasnom\n|t:|1700306279\n|gametype|singles\n|player|p1|Lasagna Crustle|lady-gen4|1502\n|player|p2|abomasnom|266|1496\n|teamsize|p1|6\n|teamsize|p2|6\n|gen|9\n|tier|[Gen 9] OU\n|rated|\n|rule|Sleep Clause Mod: Limit one foe put to sleep\n|rule|Species Clause: Limit one of each Pok\u00e9mon\n|rule|OHKO Clause: OHKO moves are banned\n|rule|Evasion Items Clause: Evasion items are banned\n|rule|Evasion Moves Clause: Evasion moves are banned\n|rule|Endless Battle Clause: Forcing endless battles is banned\n|rule|HP Percentage Mod: HP is shown in percentages\n|clearpoke\n|poke|p1|Rillaboom, F|\n|poke|p1|Ribombee, F|\n|poke|p1|Sneasler, F|\n|poke|p1|Hatterene, F|\n|poke|p1|Walking Wake|\n|poke|p1|Kingambit, F|\n|poke|p2|Samurott-Hisui, F|\n|poke|p2|Clefable, F|\n|poke|p2|Dondozo, M|\n|poke|p2|Tornadus-Therian, M|\n|poke|p2|Toxapex, M|\n|poke|p2|Blissey, F|\n|teampreview\n|inactive|Battle timer is ON: inactive players will automatically lose when time's up. (requested by Lasagna Crustle)\n|\n|t:|1700306292\n|start\n|switch|p1a: Cheap Webs|Ribombee, F|100\/100\n|switch|p2a: Toxapex|Toxapex, M|100\/100\n|turn|1\n|\n|t:|1700306297\n|move|p1a: Cheap Webs|Sticky Web|p2a: Toxapex\n|-sidestart|p2: abomasnom|move: Sticky Web\n|move|p2a: Toxapex|Toxic Spikes|p1a: Cheap Webs\n|-sidestart|p1: Lasagna Crustle|move: Toxic Spikes\n|\n|upkeep\n|turn|2\n|\n|t:|1700306301\n|move|p1a: Cheap Webs|Stun Spore|p2a: Toxapex\n|-status|p2a: Toxapex|par\n|move|p2a: Toxapex|Infestation|p1a: Cheap Webs\n|-resisted|p1a: Cheap Webs\n|-damage|p1a: Cheap Webs|98\/100\n|-activate|p1a: Cheap Webs|move: Infestation|[of] p2a: Toxapex\n|\n|-damage|p1a: Cheap Webs|86\/100|[from] move: Infestation|[partiallytrapped]\n|upkeep\n|turn|3\n|\n|t:|1700306306\n|move|p1a: Cheap Webs|Psychic|p2a: Toxapex\n|-supereffective|p2a: Toxapex\n|-damage|p2a: Toxapex|70\/100 par\n|cant|p2a: Toxapex|par\n|\n|-damage|p1a: Cheap Webs|73\/100|[from] move: Infestation|[partiallytrapped]\n|upkeep\n|turn|4\n|\n|t:|1700306312\n|switch|p2a: Blissey|Blissey, F|100\/100\n|move|p1a: Cheap Webs|Psychic|p2a: Blissey\n|-damage|p2a: Blissey|93\/100\n|\n|-end|p1a: Cheap Webs|Infestation|[partiallytrapped]|[silent]\n|upkeep\n|turn|5\n|\n|t:|1700306323\n|move|p1a: Cheap Webs|Stun Spore|p2a: Blissey\n|-status|p2a: Blissey|par\n|move|p2a: Blissey|Seismic Toss|p1a: Cheap Webs\n|-damage|p1a: Cheap Webs|35\/100\n|\n|upkeep\n|turn|6\n|\n|t:|1700306330\n|-curestatus|p2a: Blissey|par|[from] ability: Natural Cure\n|switch|p2a: Toxapex|Toxapex, M|100\/100 par\n|move|p1a: Cheap Webs|Moonblast|p2a: Toxapex\n|-resisted|p2a: Toxapex\n|-damage|p2a: Toxapex|88\/100 par\n|\n|upkeep\n|turn|7\n|\n|t:|1700306337\n|move|p1a: Cheap Webs|Psychic|p2a: Toxapex\n|-supereffective|p2a: Toxapex\n|-damage|p2a: Toxapex|55\/100 par\n|cant|p2a: Toxapex|par\n|\n|upkeep\n|turn|8\n|\n|t:|1700306362\n|switch|p2a: Blissey|Blissey, F|93\/100\n|move|p1a: Cheap Webs|Psychic|p2a: Blissey\n|-damage|p2a: Blissey|86\/100\n|\n|upkeep\n|turn|9\n|\n|t:|1700306368\n|move|p1a: Cheap Webs|Moonblast|p2a: Blissey\n|-damage|p2a: Blissey|75\/100\n|move|p2a: Blissey|Seismic Toss|p1a: Cheap Webs\n|-damage|p1a: Cheap Webs|0 fnt\n|faint|p1a: Cheap Webs\n|\n|upkeep\n|\n|t:|1700306373\n|switch|p1a: Cheap Claws|Sneasler, F|100\/100\n|-sideend|p1: Lasagna Crustle|move: Toxic Spikes|[of] p1a: Cheap Claws\n|turn|10\n|\n|t:|1700306376\n|switch|p1a: Cheap Drums|Rillaboom, F|100\/100\n|-fieldstart|move: Grassy Terrain|[from] ability: Grassy Surge|[of] p1a: Cheap Drums\n|switch|p2a: Toxapex|Toxapex, M|88\/100 par\n|\n|-heal|p2a: Toxapex|94\/100 par|[from] Grassy Terrain\n|upkeep\n|turn|11\n|\n|t:|1700306384\n|switch|p2a: Tornadus|Tornadus-Therian, M|100\/100\n|move|p1a: Cheap Drums|High Horsepower|p2a: Tornadus\n|-immune|p2a: Tornadus\n|\n|upkeep\n|turn|12\n|\n|t:|1700306394\n|move|p2a: Tornadus|Knock Off|p1a: Cheap Drums\n|-damage|p1a: Cheap Drums|82\/100\n|-enditem|p1a: Cheap Drums|Assault Vest|[from] move: Knock Off|[of] p2a: Tornadus\n|move|p1a: Cheap Drums|U-turn|p2a: Tornadus\n|-resisted|p2a: Tornadus\n|-damage|p2a: Tornadus|86\/100\n|\n|t:|1700306400\n|switch|p1a: Cheap Fuck You|Hatterene, F, shiny|100\/100|[from] U-turn\n|-enditem|p1a: Cheap Fuck You|Grassy Seed\n|-boost|p1a: Cheap Fuck You|def|1|[from] item: Grassy Seed\n|\n|upkeep\n|turn|13\n|\n|t:|1700306405\n|switch|p2a: Toxapex|Toxapex, M|100\/100 par\n|move|p1a: Cheap Fuck You|Calm Mind|p1a: Cheap Fuck You\n|-boost|p1a: Cheap Fuck You|spa|1\n|-boost|p1a: Cheap Fuck You|spd|1\n|\n|upkeep\n|turn|14\n|\n|t:|1700306407\n|-terastallize|p2a: Toxapex|Steel\n|move|p1a: Cheap Fuck You|Calm Mind|p1a: Cheap Fuck You\n|-boost|p1a: Cheap Fuck You|spa|1\n|-boost|p1a: Cheap Fuck You|spd|1\n|move|p2a: Toxapex|Haze|p2a: Toxapex\n|-clearallboost\n|\n|-fieldend|move: Grassy Terrain\n|upkeep\n|turn|15\n|\n|t:|1700306414\n|switch|p2a: Tornadus|Tornadus-Therian, M|100\/100\n|move|p1a: Cheap Fuck You|Mystical Fire|p2a: Tornadus\n|-damage|p2a: Tornadus|73\/100\n|-unboost|p2a: Tornadus|spa|1\n|\n|upkeep\n|turn|16\n|\n|t:|1700306416\n|move|p2a: Tornadus|U-turn|p1a: Cheap Fuck You\n|-damage|p1a: Cheap Fuck You|84\/100\n|\n|t:|1700306419\n|switch|p2a: Toxapex|Toxapex, M, tera:Steel|100\/100 par|[from] U-turn\n|move|p1a: Cheap Fuck You|Mystical Fire|p2a: Toxapex\n|-supereffective|p2a: Toxapex\n|-damage|p2a: Toxapex|74\/100 par\n|-unboost|p2a: Toxapex|spa|1\n|\n|upkeep\n|turn|17\n|\n|t:|1700306422\n|move|p1a: Cheap Fuck You|Mystical Fire|p2a: Toxapex\n|-supereffective|p2a: Toxapex\n|-damage|p2a: Toxapex|44\/100 par\n|-unboost|p2a: Toxapex|spa|1\n|move|p2a: Toxapex|Infestation|p1a: Cheap Fuck You\n|-damage|p1a: Cheap Fuck You|83\/100\n|-activate|p1a: Cheap Fuck You|move: Infestation|[of] p2a: Toxapex\n|\n|-damage|p1a: Cheap Fuck You|70\/100|[from] move: Infestation|[partiallytrapped]\n|upkeep\n|turn|18\n|\n|t:|1700306427\n|move|p1a: Cheap Fuck You|Mystical Fire|p2a: Toxapex\n|-supereffective|p2a: Toxapex\n|-damage|p2a: Toxapex|17\/100 par\n|-unboost|p2a: Toxapex|spa|1\n|move|p2a: Toxapex|Recover|p2a: Toxapex\n|-heal|p2a: Toxapex|67\/100 par\n|\n|-damage|p1a: Cheap Fuck You|58\/100|[from] move: Infestation|[partiallytrapped]\n|upkeep\n|turn|19\n|\n|t:|1700306436\n|move|p1a: Cheap Fuck You|Mystical Fire|p2a: Toxapex\n|-supereffective|p2a: Toxapex\n|-damage|p2a: Toxapex|37\/100 par\n|-unboost|p2a: Toxapex|spa|1\n|cant|p2a: Toxapex|par\n|\n|-damage|p1a: Cheap Fuck You|46\/100|[from] move: Infestation|[partiallytrapped]\n|upkeep\n|turn|20\n|\n|t:|1700306441\n|move|p1a: Cheap Fuck You|Mystical Fire|p2a: Toxapex\n|-supereffective|p2a: Toxapex\n|-damage|p2a: Toxapex|5\/100 par\n|-unboost|p2a: Toxapex|spa|1\n|cant|p2a: Toxapex|par\n|\n|-damage|p1a: Cheap Fuck You|33\/100|[from] move: Infestation|[partiallytrapped]\n|upkeep\n|turn|21\n|\n|t:|1700306446\n|switch|p2a: Tornadus|Tornadus-Therian, M|100\/100\n|move|p1a: Cheap Fuck You|Mystical Fire|p2a: Tornadus\n|-damage|p2a: Tornadus|71\/100\n|-unboost|p2a: Tornadus|spa|1\n|\n|-end|p1a: Cheap Fuck You|Infestation|[partiallytrapped]\n|upkeep\n|turn|22\n|\n|t:|1700306450\n|move|p2a: Tornadus|U-turn|p1a: Cheap Fuck You\n|-damage|p1a: Cheap Fuck You|18\/100\n|\n|t:|1700306452\n|switch|p2a: Toxapex|Toxapex, M, tera:Steel|38\/100 par|[from] U-turn\n|move|p1a: Cheap Fuck You|Draining Kiss|p2a: Toxapex\n|-resisted|p2a: Toxapex\n|-damage|p2a: Toxapex|31\/100 par\n|-heal|p1a: Cheap Fuck You|24\/100|[from] drain|[of] p2a: Toxapex\n|\n|upkeep\n|turn|23\n|\n|t:|1700306455\n|switch|p2a: Tornadus|Tornadus-Therian, M|100\/100\n|move|p1a: Cheap Fuck You|Mystical Fire|p2a: Tornadus\n|-damage|p2a: Tornadus|74\/100\n|-unboost|p2a: Tornadus|spa|1\n|\n|upkeep\n|turn|24\n|\n|t:|1700306457\n|move|p2a: Tornadus|Bleakwind Storm|p1a: Cheap Fuck You\n|-damage|p1a: Cheap Fuck You|0 fnt\n|faint|p1a: Cheap Fuck You\n|\n|upkeep\n|\n|t:|1700306463\n|switch|p1a: Cheap Drums|Rillaboom, F|82\/100\n|-fieldstart|move: Grassy Terrain|[from] ability: Grassy Surge|[of] p1a: Cheap Drums\n|turn|25\n|\n|t:|1700306465\n|move|p2a: Tornadus|U-turn|p1a: Cheap Drums\n|-supereffective|p1a: Cheap Drums\n|-damage|p1a: Cheap Drums|55\/100\n|\n|t:|1700306469\n|switch|p2a: Samurott|Samurott-Hisui, F|100\/100|[from] U-turn\n|-activate|p2a: Samurott|move: Sticky Web\n|-unboost|p2a: Samurott|spe|1\n|move|p1a: Cheap Drums|U-turn|p2a: Samurott\n|-supereffective|p2a: Samurott\n|-damage|p2a: Samurott|51\/100\n|\n|t:|1700306473\n|switch|p1a: Cheap Claws|Sneasler, F|100\/100|[from] U-turn\n|-enditem|p1a: Cheap Claws|Grassy Seed\n|-boost|p1a: Cheap Claws|def|1|[from] item: Grassy Seed\n|\n|-heal|p2a: Samurott|57\/100|[from] Grassy Terrain\n|upkeep\n|turn|26\n|\n|t:|1700306477\n|switch|p2a: Toxapex|Toxapex, M, tera:Steel|64\/100 par\n|move|p1a: Cheap Claws|Swords Dance|p1a: Cheap Claws\n|-boost|p1a: Cheap Claws|atk|2\n|\n|-heal|p2a: Toxapex|70\/100 par|[from] Grassy Terrain\n|upkeep\n|turn|27\n|\n|t:|1700306480\n|switch|p2a: Dondozo|Dondozo, M|100\/100\n|move|p1a: Cheap Claws|Close Combat|p2a: Dondozo\n|-damage|p2a: Dondozo|68\/100\n|-unboost|p1a: Cheap Claws|def|1\n|-unboost|p1a: Cheap Claws|spd|1\n|\n|-heal|p2a: Dondozo|75\/100|[from] Grassy Terrain\n|upkeep\n|turn|28\n|\n|t:|1700306484\n|move|p1a: Cheap Claws|Dire Claw|p2a: Dondozo\n|-damage|p2a: Dondozo|56\/100\n|move|p2a: Dondozo|Avalanche|p1a: Cheap Claws\n|-damage|p1a: Cheap Claws|57\/100\n|\n|-heal|p1a: Cheap Claws|63\/100|[from] Grassy Terrain\n|-heal|p2a: Dondozo|62\/100|[from] Grassy Terrain\n|upkeep\n|turn|29\n|\n|t:|1700306491\n|move|p1a: Cheap Claws|Dire Claw|p2a: Dondozo\n|-damage|p2a: Dondozo|40\/100\n|-status|p2a: Dondozo|slp\n|cant|p2a: Dondozo|slp\n|\n|-heal|p1a: Cheap Claws|69\/100|[from] Grassy Terrain\n|-heal|p2a: Dondozo|47\/100 slp|[from] Grassy Terrain\n|-fieldend|move: Grassy Terrain\n|upkeep\n|turn|30\n|\n|t:|1700306495\n|move|p1a: Cheap Claws|Dire Claw|p2a: Dondozo\n|-damage|p2a: Dondozo|25\/100 slp\n|cant|p2a: Dondozo|slp\n|move|p2a: Dondozo|Sleep Talk|p2a: Dondozo\n|move|p2a: Dondozo|Rest||[from]move: Sleep Talk|[still]\n|-fail|p2a: Dondozo\n|\n|upkeep\n|turn|31\n|\n|t:|1700306503\n|move|p1a: Cheap Claws|Dire Claw|p2a: Dondozo\n|-damage|p2a: Dondozo|4\/100 slp\n|cant|p2a: Dondozo|slp\n|move|p2a: Dondozo|Sleep Talk|p2a: Dondozo\n|move|p2a: Dondozo|Body Press|p1a: Cheap Claws|[from]move: Sleep Talk\n|-resisted|p1a: Cheap Claws\n|-damage|p1a: Cheap Claws|46\/100\n|\n|upkeep\n|turn|32\n|\n|t:|1700306509\n|move|p1a: Cheap Claws|Dire Claw|p2a: Dondozo\n|-damage|p2a: Dondozo|0 fnt\n|faint|p2a: Dondozo\n|\n|upkeep\n|-message|abomasnom forfeited.\n|\n|win|Lasagna Crustle\n|raw|Lasagna Crustle's rating: 1502 &rarr; <strong>1522<\/strong><br \/>(+20 for winning)\n|raw|abomasnom's rating: 1496 &rarr; <strong>1476<\/strong><br \/>(-20 for losing)\n|l|\u2606abomasnom\n","uploadtime":1700306519,"views":25,"p1id":"lasagnacrustle","p2id":"abomasnom","formatid":"gen9ou","rating":1476,"private":0,"password":""}