{"id":"gen9ou-1993072167","p1":"notnano","p2":"Diavola+Ska","format":"[Gen 9] OU","log":"|j|\u2606notnano\n|j|\u2606Diavola+Ska\n|t:|1700261578\n|gametype|singles\n|player|p1|notnano|ethan-gen2|1152\n|player|p2|Diavola+Ska|2|1069\n|teamsize|p1|6\n|teamsize|p2|6\n|gen|9\n|tier|[Gen 9] OU\n|rated|\n|rule|Sleep Clause Mod: Limit one foe put to sleep\n|rule|Species Clause: Limit one of each Pok\u00e9mon\n|rule|OHKO Clause: OHKO moves are banned\n|rule|Evasion Items Clause: Evasion items are banned\n|rule|Evasion Moves Clause: Evasion moves are banned\n|rule|Endless Battle Clause: Forcing endless battles is banned\n|rule|HP Percentage Mod: HP is shown in percentages\n|clearpoke\n|poke|p1|Kingambit, M|\n|poke|p1|Glimmora, F|\n|poke|p1|Zamazenta-*|\n|poke|p1|Iron Valiant|\n|poke|p1|Iron Moth|\n|poke|p1|Ogerpon-Wellspring, F|\n|poke|p2|Kingambit, F|\n|poke|p2|Glimmora, F|\n|poke|p2|Zamazenta-*|\n|poke|p2|Iron Valiant|\n|poke|p2|Iron Moth|\n|poke|p2|Ogerpon-Wellspring, F|\n|teampreview\n|inactive|Battle timer is ON: inactive players will automatically lose when time's up. (requested by notnano)\n|c|\u2606notnano|looool\n|\n|t:|1700261601\n|start\n|switch|p1a: Glimmora|Glimmora, F|100\/100\n|switch|p2a: Glimmora|Glimmora, F|100\/100\n|turn|1\n|\n|t:|1700261613\n|move|p1a: Glimmora|Earth Power|p2a: Glimmora\n|-supereffective|p2a: Glimmora\n|-enditem|p2a: Glimmora|Focus Sash\n|-damage|p2a: Glimmora|1\/100\n|move|p2a: Glimmora|Earth Power|p1a: Glimmora\n|-supereffective|p1a: Glimmora\n|-enditem|p1a: Glimmora|Focus Sash\n|-damage|p1a: Glimmora|1\/100\n|\n|upkeep\n|turn|2\n|\n|t:|1700261640\n|move|p1a: Glimmora|Earth Power|p2a: Glimmora\n|-supereffective|p2a: Glimmora\n|-damage|p2a: Glimmora|0 fnt\n|faint|p2a: Glimmora\n|\n|upkeep\n|inactive|Diavola+Ska has 120 seconds left.\n|\n|t:|1700261658\n|switch|p2a: Ogerpon|Ogerpon-Wellspring, F|100\/100\n|turn|3\n|inactive|Diavola+Ska has 120 seconds left.\n|\n|t:|1700261669\n|move|p2a: Ogerpon|Power Whip|p1a: Glimmora\n|-damage|p1a: Glimmora|0 fnt\n|-activate|p1a: Glimmora|ability: Toxic Debris\n|-sidestart|p2: Diavola+Ska|move: Toxic Spikes\n|faint|p1a: Glimmora\n|\n|upkeep\n|inactive|notnano has 120 seconds left.\n|\n|t:|1700261709\n|switch|p1a: Iron Moth|Iron Moth|100\/100\n|-enditem|p1a: Iron Moth|Booster Energy\n|-activate|p1a: Iron Moth|ability: Quark Drive|[fromitem]\n|-start|p1a: Iron Moth|quarkdrivespe\n|turn|4\n|\n|t:|1700261720\n|move|p1a: Iron Moth|Sludge Wave|p2a: Ogerpon\n|-supereffective|p2a: Ogerpon\n|-damage|p2a: Ogerpon|0 fnt\n|faint|p2a: Ogerpon\n|\n|upkeep\n|inactive|Diavola+Ska has 120 seconds left.\n|\n|t:|1700261731\n|switch|p2a: Iron Moth|Iron Moth|100\/100\n|-sideend|p2: Diavola+Ska|move: Toxic Spikes|[of] p2a: Iron Moth\n|-enditem|p2a: Iron Moth|Booster Energy\n|-activate|p2a: Iron Moth|ability: Quark Drive|[fromitem]\n|-start|p2a: Iron Moth|quarkdrivespe\n|turn|5\n|inactive|Diavola+Ska has 120 seconds left.\n|\n|t:|1700261761\n|move|p2a: Iron Moth|Substitute|p2a: Iron Moth\n|-start|p2a: Iron Moth|Substitute\n|-damage|p2a: Iron Moth|76\/100\n|move|p1a: Iron Moth|Fiery Dance|p2a: Iron Moth\n|-resisted|p2a: Iron Moth\n|-activate|p2a: Iron Moth|move: Substitute|[damage]\n|\n|upkeep\n|turn|6\n|inactive|Diavola+Ska has 120 seconds left.\n|\n|t:|1700261776\n|move|p2a: Iron Moth|Dazzling Gleam|p1a: Iron Moth\n|-resisted|p1a: Iron Moth\n|-damage|p1a: Iron Moth|93\/100\n|move|p1a: Iron Moth|Fiery Dance|p2a: Iron Moth\n|-resisted|p2a: Iron Moth\n|-end|p2a: Iron Moth|Substitute\n|\n|upkeep\n|turn|7\n|inactive|Diavola+Ska has 120 seconds left.\n|\n|t:|1700261783\n|move|p2a: Iron Moth|Substitute|p2a: Iron Moth\n|-start|p2a: Iron Moth|Substitute\n|-damage|p2a: Iron Moth|51\/100\n|move|p1a: Iron Moth|Fiery Dance|p2a: Iron Moth\n|-resisted|p2a: Iron Moth\n|-activate|p2a: Iron Moth|move: Substitute|[damage]\n|\n|upkeep\n|turn|8\n|\n|t:|1700261790\n|move|p2a: Iron Moth|Fiery Dance|p1a: Iron Moth\n|-resisted|p1a: Iron Moth\n|-damage|p1a: Iron Moth|73\/100\n|-boost|p2a: Iron Moth|spa|1\n|move|p1a: Iron Moth|Fiery Dance|p2a: Iron Moth\n|-resisted|p2a: Iron Moth\n|-end|p2a: Iron Moth|Substitute\n|\n|upkeep\n|turn|9\n|\n|t:|1700261798\n|move|p2a: Iron Moth|Substitute|p2a: Iron Moth\n|-start|p2a: Iron Moth|Substitute\n|-damage|p2a: Iron Moth|26\/100\n|move|p1a: Iron Moth|Fiery Dance|p2a: Iron Moth\n|-resisted|p2a: Iron Moth\n|-activate|p2a: Iron Moth|move: Substitute|[damage]\n|\n|upkeep\n|turn|10\n|inactive|notnano has 120 seconds left.\n|\n|t:|1700261805\n|move|p1a: Iron Moth|Fiery Dance|p2a: Iron Moth\n|-resisted|p2a: Iron Moth\n|-end|p2a: Iron Moth|Substitute\n|-boost|p1a: Iron Moth|spa|1\n|move|p2a: Iron Moth|Fiery Dance|p1a: Iron Moth\n|-resisted|p1a: Iron Moth\n|-damage|p1a: Iron Moth|41\/100\n|\n|upkeep\n|turn|11\n|\n|t:|1700261813\n|move|p2a: Iron Moth|Fiery Dance|p1a: Iron Moth\n|-resisted|p1a: Iron Moth\n|-damage|p1a: Iron Moth|8\/100\n|move|p1a: Iron Moth|Fiery Dance|p2a: Iron Moth\n|-resisted|p2a: Iron Moth\n|-damage|p2a: Iron Moth|0 fnt\n|-boost|p1a: Iron Moth|spa|1\n|faint|p2a: Iron Moth\n|-end|p2a: Iron Moth|Quark Drive|[silent]\n|\n|upkeep\n|\n|t:|1700261821\n|switch|p2a: Kingambit|Kingambit, F|100\/100\n|-activate|p2a: Kingambit|ability: Supreme Overlord\n|-start|p2a: Kingambit|fallen3|[silent]\n|turn|12\n|\n|t:|1700261825\n|move|p2a: Kingambit|Sucker Punch||[still]\n|-fail|p2a: Kingambit\n|move|p1a: Iron Moth|Substitute|p1a: Iron Moth\n|-fail|p1a: Iron Moth|move: Substitute|[weak]\n|\n|upkeep\n|turn|13\n|\n|t:|1700261834\n|move|p1a: Iron Moth|Fiery Dance|p2a: Kingambit\n|-supereffective|p2a: Kingambit\n|-damage|p2a: Kingambit|0 fnt\n|-boost|p1a: Iron Moth|spa|1\n|faint|p2a: Kingambit\n|-end|p2a: Kingambit|fallen3|[silent]\n|\n|upkeep\n|-message|Diavola+Ska forfeited.\n|\n|win|notnano\n|raw|notnano's rating: 1152 &rarr; <strong>1171<\/strong><br \/>(+19 for winning)\n|raw|Diavola+Ska's rating: 1069 &rarr; <strong>1053<\/strong><br \/>(-16 for losing)\n|l|\u2606Diavola+Ska\n|c|\u2606notnano|jogas mt pouco z\u00e9 kkkkkkkk\n","uploadtime":1700261848,"views":13,"p1id":"notnano","p2id":"diavolaska","formatid":"gen9ou","rating":1053,"private":0,"password":""}