{"id":"gen9ou-1994948687","p1":"huyihuiyuih","p2":"FaZe_Herp","format":"[Gen 9] OU","log":"|j|\u2606huyihuiyuih\n|j|\u2606FaZe_Herp\n|t:|1700507267\n|gametype|singles\n|player|p1|huyihuiyuih|102|1000\n|player|p2|FaZe_Herp|101|1021\n|teamsize|p1|6\n|teamsize|p2|6\n|gen|9\n|tier|[Gen 9] OU\n|rated|\n|rule|Sleep Clause Mod: Limit one foe put to sleep\n|rule|Species Clause: Limit one of each Pok\u00e9mon\n|rule|OHKO Clause: OHKO moves are banned\n|rule|Evasion Items Clause: Evasion items are banned\n|rule|Evasion Moves Clause: Evasion moves are banned\n|rule|Endless Battle Clause: Forcing endless battles is banned\n|rule|HP Percentage Mod: HP is shown in percentages\n|clearpoke\n|poke|p1|Garchomp, M|\n|poke|p1|Landorus-Therian, M|\n|poke|p1|Dragapult, F|\n|poke|p1|Ogerpon-Wellspring, F|\n|poke|p1|Weavile, F|\n|poke|p1|Scizor, F|\n|poke|p2|Gholdengo|\n|poke|p2|Great Tusk|\n|poke|p2|Iron Moth|\n|poke|p2|Kingambit, M|\n|poke|p2|Alomomola, F|\n|poke|p2|Enamorus-Therian, F|\n|teampreview\n|inactive|Battle timer is ON: inactive players will automatically lose when time's up. (requested by FaZe_Herp)\n|\n|t:|1700507272\n|start\n|switch|p1a: Landorus|Landorus-Therian, M|100\/100\n|switch|p2a: Enamorus|Enamorus-Therian, F|100\/100\n|-ability|p1a: Landorus|Intimidate|boost\n|-unboost|p2a: Enamorus|atk|1\n|turn|1\n|\n|t:|1700507278\n|-terastallize|p2a: Enamorus|Ice\n|move|p1a: Landorus|Stealth Rock|p2a: Enamorus\n|-sidestart|p2: FaZe_Herp|move: Stealth Rock\n|move|p2a: Enamorus|Tera Blast|p1a: Landorus|[anim] Tera Blast Ice\n|-supereffective|p1a: Landorus\n|-damage|p1a: Landorus|0 fnt\n|faint|p1a: Landorus\n|\n|upkeep\n|\n|t:|1700507287\n|switch|p1a: Scizor|Scizor, F|100\/100\n|turn|2\n|\n|t:|1700507291\n|move|p1a: Scizor|Bullet Punch|p2a: Enamorus\n|-supereffective|p2a: Enamorus\n|-damage|p2a: Enamorus|25\/100\n|-damage|p1a: Scizor|90\/100|[from] item: Life Orb\n|move|p2a: Enamorus|Focus Blast|p1a: Scizor|[miss]\n|-miss|p2a: Enamorus|p1a: Scizor\n|\n|-heal|p2a: Enamorus|31\/100|[from] item: Leftovers\n|upkeep\n|turn|3\n|\n|t:|1700507295\n|move|p1a: Scizor|Bullet Punch|p2a: Enamorus\n|-supereffective|p2a: Enamorus\n|-damage|p2a: Enamorus|0 fnt\n|faint|p2a: Enamorus\n|-damage|p1a: Scizor|80\/100|[from] item: Life Orb\n|\n|upkeep\n|c|\u2606FaZe_Herp|tits\n|\n|t:|1700507300\n|switch|p2a: Great Tusk|Great Tusk|100\/100\n|turn|4\n|\n|t:|1700507303\n|switch|p1a: Dragapult|Dragapult, F|100\/100\n|move|p2a: Great Tusk|Rapid Spin|p1a: Dragapult\n|-immune|p1a: Dragapult\n|\n|upkeep\n|turn|5\n|\n|t:|1700507306\n|move|p1a: Dragapult|Will-O-Wisp|p2a: Great Tusk\n|-status|p2a: Great Tusk|brn\n|move|p2a: Great Tusk|Ice Spinner|p1a: Dragapult\n|-supereffective|p1a: Dragapult\n|-damage|p1a: Dragapult|59\/100\n|\n|-damage|p2a: Great Tusk|94\/100 brn|[from] brn\n|upkeep\n|turn|6\n|\n|t:|1700507311\n|-end|p2a: Great Tusk|Protosynthesis|[silent]\n|switch|p2a: Gholdengo|Gholdengo|100\/100\n|-damage|p2a: Gholdengo|94\/100|[from] Stealth Rock\n|-item|p2a: Gholdengo|Air Balloon\n|move|p1a: Dragapult|Hex|p2a: Gholdengo\n|-supereffective|p2a: Gholdengo\n|-damage|p2a: Gholdengo|32\/100\n|-enditem|p2a: Gholdengo|Air Balloon\n|\n|upkeep\n|turn|7\n|\n|t:|1700507320\n|switch|p2a: Kingambit|Kingambit, M|100\/100\n|-damage|p2a: Kingambit|94\/100|[from] Stealth Rock\n|-activate|p2a: Kingambit|ability: Supreme Overlord\n|-start|p2a: Kingambit|fallen1|[silent]\n|move|p1a: Dragapult|Hex|p2a: Kingambit\n|-resisted|p2a: Kingambit\n|-damage|p2a: Kingambit|79\/100\n|\n|-heal|p2a: Kingambit|85\/100|[from] item: Leftovers\n|upkeep\n|turn|8\n|\n|t:|1700507324\n|move|p2a: Kingambit|Sucker Punch||[still]\n|-fail|p2a: Kingambit\n|move|p1a: Dragapult|Will-O-Wisp|p2a: Kingambit\n|-status|p2a: Kingambit|brn\n|\n|-heal|p2a: Kingambit|91\/100 brn|[from] item: Leftovers\n|-damage|p2a: Kingambit|85\/100 brn|[from] brn\n|upkeep\n|turn|9\n|-message|FaZe_Herp forfeited.\n|\n|win|huyihuiyuih\n|raw|huyihuiyuih's rating: 1000 &rarr; <strong>1042<\/strong><br \/>(+42 for winning)\n|raw|FaZe_Herp's rating: 1021 &rarr; <strong>1007<\/strong><br \/>(-14 for losing)\n|l|\u2606FaZe_Herp\n","uploadtime":1700507434,"views":7,"p1id":"huyihuiyuih","p2id":"fazeherp","formatid":"gen9ou","rating":1007,"private":0,"password":""}