{"id":"gen9ou-1992196474","p1":"alvar03","p2":"The Pokemon Place","format":"[Gen 9] OU","log":"|j|\u2606alvar03\n|j|\u2606The Pokemon Place\n|t:|1700162994\n|gametype|singles\n|player|p1|alvar03|alder|1937\n|player|p2|The Pokemon Place|1|1871\n|teamsize|p1|6\n|teamsize|p2|6\n|gen|9\n|tier|[Gen 9] OU\n|rated|\n|rule|Sleep Clause Mod: Limit one foe put to sleep\n|rule|Species Clause: Limit one of each Pok\u00e9mon\n|rule|OHKO Clause: OHKO moves are banned\n|rule|Evasion Items Clause: Evasion items are banned\n|rule|Evasion Moves Clause: Evasion moves are banned\n|rule|Endless Battle Clause: Forcing endless battles is banned\n|rule|HP Percentage Mod: HP is shown in percentages\n|clearpoke\n|poke|p1|Rillaboom, F|\n|poke|p1|Okidogi, M|\n|poke|p1|Heatran, M|\n|poke|p1|Great Tusk|\n|poke|p1|Mandibuzz, F|\n|poke|p1|Dragapult, F|\n|poke|p2|Cinderace, M|\n|poke|p2|Muk-Alola, M|\n|poke|p2|Dondozo, F|\n|poke|p2|Landorus-Therian, M|\n|poke|p2|Zamazenta-*|\n|poke|p2|Clefable, F|\n|teampreview\n|inactive|Battle timer is ON: inactive players will automatically lose when time's up. (requested by The Pokemon Place)\n|j| mexy mex\n|j| Chesterson Jeffers\n|\n|t:|1700163014\n|start\n|switch|p1a: 142 km\/h|Dragapult, F|100\/100\n|switch|p2a: Muk|Muk-Alola, M|100\/100\n|turn|1\n|\n|t:|1700163019\n|move|p1a: 142 km\/h|U-turn|p2a: Muk\n|-crit|p2a: Muk\n|-damage|p2a: Muk|73\/100\n|\n|t:|1700163022\n|switch|p1a: Perro Sanxe|Okidogi, M|100\/100|[from] U-turn\n|move|p2a: Muk|Knock Off|p1a: Perro Sanxe\n|-resisted|p1a: Perro Sanxe\n|-damage|p1a: Perro Sanxe|87\/100\n|-enditem|p1a: Perro Sanxe|Leftovers|[from] move: Knock Off|[of] p2a: Muk\n|\n|-heal|p2a: Muk|79\/100|[from] item: Leftovers\n|upkeep\n|turn|2\n|\n|t:|1700163024\n|move|p2a: Muk|Protect|p2a: Muk\n|-singleturn|p2a: Muk|Protect\n|move|p1a: Perro Sanxe|Knock Off|p2a: Muk\n|-activate|p2a: Muk|move: Protect\n|\n|-heal|p2a: Muk|86\/100|[from] item: Leftovers\n|upkeep\n|turn|3\n|\n|t:|1700163026\n|switch|p2a: Landorus|Landorus-Therian, M|100\/100\n|-ability|p2a: Landorus|Intimidate|boost\n|-unboost|p1a: Perro Sanxe|atk|1\n|move|p1a: Perro Sanxe|Knock Off|p2a: Landorus\n|-damage|p2a: Landorus|88\/100\n|-damage|p1a: Perro Sanxe|70\/100|[from] item: Rocky Helmet|[of] p2a: Landorus\n|-enditem|p2a: Landorus|Rocky Helmet|[from] move: Knock Off|[of] p1a: Perro Sanxe\n|\n|upkeep\n|turn|4\n|\n|t:|1700163030\n|move|p2a: Landorus|Stealth Rock|p1a: Perro Sanxe\n|-sidestart|p1: alvar03|move: Stealth Rock\n|move|p1a: Perro Sanxe|Ice Punch|p2a: Landorus\n|-supereffective|p2a: Landorus\n|-damage|p2a: Landorus|48\/100\n|\n|upkeep\n|turn|5\n|\n|t:|1700163034\n|switch|p1a: Bully bird|Mandibuzz, F|100\/100\n|move|p2a: Landorus|U-turn|p1a: Bully bird\n|-damage|p1a: Bully bird|89\/100\n|\n|t:|1700163037\n|switch|p2a: Clefable|Clefable, F|100\/100|[from] U-turn\n|\n|upkeep\n|turn|6\n|\n|t:|1700163040\n|move|p1a: Bully bird|U-turn|p2a: Clefable\n|-resisted|p2a: Clefable\n|-damage|p2a: Clefable|96\/100\n|j| danzaburo\n|\n|t:|1700163043\n|switch|p1a: Neat Trans|Heatran, M|100\/100|[from] U-turn\n|-damage|p1a: Neat Trans|88\/100|[from] Stealth Rock\n|move|p2a: Clefable|Wish|p2a: Clefable\n|\n|-heal|p1a: Neat Trans|94\/100|[from] item: Leftovers\n|upkeep\n|turn|7\n|j| point to prove\n|\n|t:|1700163046\n|switch|p2a: Landorus|Landorus-Therian, M|48\/100\n|-ability|p2a: Landorus|Intimidate|boost\n|-unboost|p1a: Neat Trans|atk|1\n|move|p1a: Neat Trans|Stealth Rock|p2a: Landorus\n|-sidestart|p2: The Pokemon Place|move: Stealth Rock\n|\n|-heal|p2a: Landorus|99\/100|[from] move: Wish|[wisher] Clefable\n|-heal|p1a: Neat Trans|100\/100|[from] item: Leftovers\n|upkeep\n|turn|8\n|\n|t:|1700163051\n|switch|p1a: Bully bird|Mandibuzz, F|89\/100\n|move|p2a: Landorus|U-turn|p1a: Bully bird\n|-damage|p1a: Bully bird|76\/100\n|\n|t:|1700163053\n|switch|p2a: Clefable|Clefable, F|96\/100|[from] U-turn\n|\n|upkeep\n|turn|9\n|\n|t:|1700163056\n|move|p1a: Bully bird|U-turn|p2a: Clefable\n|-resisted|p2a: Clefable\n|-damage|p2a: Clefable|92\/100\n|l| point to prove\n|\n|t:|1700163059\n|switch|p1a: Neat Trans|Heatran, M|100\/100|[from] U-turn\n|-damage|p1a: Neat Trans|88\/100|[from] Stealth Rock\n|move|p2a: Clefable|Knock Off|p1a: Neat Trans\n|-damage|p1a: Neat Trans|75\/100\n|-enditem|p1a: Neat Trans|Leftovers|[from] move: Knock Off|[of] p2a: Clefable\n|\n|upkeep\n|turn|10\n|\n|t:|1700163063\n|move|p2a: Clefable|Protect|p2a: Clefable\n|-singleturn|p2a: Clefable|Protect\n|move|p1a: Neat Trans|Magma Storm|p2a: Clefable\n|-activate|p2a: Clefable|move: Protect\n|\n|upkeep\n|turn|11\n|\n|t:|1700163066\n|switch|p2a: Dondozo|Dondozo, F|100\/100\n|-damage|p2a: Dondozo|88\/100|[from] Stealth Rock\n|move|p1a: Neat Trans|Magma Storm|p2a: Dondozo\n|-resisted|p2a: Dondozo\n|-damage|p2a: Dondozo|68\/100\n|-activate|p2a: Dondozo|move: Magma Storm|[of] p1a: Neat Trans\n|\n|-heal|p2a: Dondozo|75\/100|[from] item: Leftovers\n|-damage|p2a: Dondozo|62\/100|[from] move: Magma Storm|[partiallytrapped]\n|upkeep\n|turn|12\n|\n|t:|1700163070\n|move|p1a: Neat Trans|Earth Power|p2a: Dondozo\n|-damage|p2a: Dondozo|36\/100\n|move|p2a: Dondozo|Body Press|p1a: Neat Trans\n|-supereffective|p1a: Neat Trans\n|-damage|p1a: Neat Trans|28\/100\n|\n|-heal|p2a: Dondozo|42\/100|[from] item: Leftovers\n|-damage|p2a: Dondozo|29\/100|[from] move: Magma Storm|[partiallytrapped]\n|upkeep\n|turn|13\n|\n|t:|1700163073\n|move|p1a: Neat Trans|Earth Power|p2a: Dondozo\n|-damage|p2a: Dondozo|6\/100\n|move|p2a: Dondozo|Body Press|p1a: Neat Trans\n|-supereffective|p1a: Neat Trans\n|-damage|p1a: Neat Trans|0 fnt\n|faint|p1a: Neat Trans\n|\n|-heal|p2a: Dondozo|12\/100|[from] item: Leftovers\n|-end|p2a: Dondozo|Magma Storm|[partiallytrapped]|[silent]\n|upkeep\n|\n|t:|1700163085\n|switch|p1a: Treat Gusk|Great Tusk|100\/100\n|turn|14\n|\n|t:|1700163087\n|move|p2a: Dondozo|Protect|p2a: Dondozo\n|-singleturn|p2a: Dondozo|Protect\n|move|p1a: Treat Gusk|Knock Off|p2a: Dondozo\n|-activate|p2a: Dondozo|move: Protect\n|\n|-heal|p2a: Dondozo|18\/100|[from] item: Leftovers\n|upkeep\n|turn|15\n|j| aaape november 16\n|\n|t:|1700163090\n|switch|p2a: Landorus|Landorus-Therian, M|99\/100\n|-damage|p2a: Landorus|87\/100|[from] Stealth Rock\n|-ability|p2a: Landorus|Intimidate|boost\n|-unboost|p1a: Treat Gusk|atk|1\n|move|p1a: Treat Gusk|Close Combat|p2a: Landorus\n|-resisted|p2a: Landorus\n|-damage|p2a: Landorus|73\/100\n|-unboost|p1a: Treat Gusk|def|1\n|-unboost|p1a: Treat Gusk|spd|1\n|\n|upkeep\n|turn|16\n|\n|t:|1700163093\n|move|p1a: Treat Gusk|Rapid Spin|p2a: Landorus\n|-damage|p2a: Landorus|65\/100\n|-boost|p1a: Treat Gusk|spe|1\n|-sideend|p1: alvar03|Stealth Rock|[from] move: Rapid Spin|[of] p1a: Treat Gusk\n|move|p2a: Landorus|Grass Knot|p1a: Treat Gusk\n|-supereffective|p1a: Treat Gusk\n|-damage|p1a: Treat Gusk|0 fnt\n|faint|p1a: Treat Gusk\n|-end|p1a: Treat Gusk|Protosynthesis|[silent]\n|\n|upkeep\n|\n|t:|1700163099\n|switch|p1a: Lord Bongo|Rillaboom, F|100\/100\n|-fieldstart|move: Grassy Terrain|[from] ability: Grassy Surge|[of] p1a: Lord Bongo\n|turn|17\n|\n|t:|1700163102\n|move|p1a: Lord Bongo|Wood Hammer|p2a: Landorus\n|-damage|p2a: Landorus|0 fnt\n|faint|p2a: Landorus\n|-damage|p1a: Lord Bongo|77\/100|[from] Recoil\n|\n|-heal|p1a: Lord Bongo|83\/100|[from] Grassy Terrain\n|upkeep\n|\n|t:|1700163104\n|switch|p2a: Cinderace|Cinderace, M|100\/100\n|turn|18\n|\n|t:|1700163107\n|switch|p1a: Perro Sanxe|Okidogi, M|70\/100\n|move|p2a: Cinderace|Court Change|p2a: Cinderace\n|-swapsideconditions\n|-activate|p2a: Cinderace|move: Court Change\n|\n|-heal|p1a: Perro Sanxe|76\/100|[from] Grassy Terrain\n|upkeep\n|turn|19\n|\n|t:|1700163110\n|switch|p1a: Bully bird|Mandibuzz, F|76\/100\n|move|p2a: Cinderace|Will-O-Wisp|p1a: Bully bird\n|-status|p1a: Bully bird|brn\n|\n|-damage|p1a: Bully bird|70\/100 brn|[from] brn\n|upkeep\n|turn|20\n|\n|t:|1700163113\n|move|p2a: Cinderace|U-turn|p1a: Bully bird\n|-damage|p1a: Bully bird|58\/100 brn\n|\n|t:|1700163114\n|switch|p2a: Dondozo|Dondozo, F|18\/100|[from] U-turn\n|move|p1a: Bully bird|U-turn|p2a: Dondozo\n|-crit|p2a: Dondozo\n|-damage|p2a: Dondozo|14\/100\n|\n|t:|1700163118\n|switch|p1a: Lord Bongo|Rillaboom, F|83\/100|[from] U-turn\n|-damage|p1a: Lord Bongo|71\/100|[from] Stealth Rock\n|\n|-heal|p1a: Lord Bongo|77\/100|[from] Grassy Terrain\n|-heal|p2a: Dondozo|20\/100|[from] Grassy Terrain\n|-heal|p2a: Dondozo|26\/100|[from] item: Leftovers\n|upkeep\n|turn|21\n|\n|t:|1700163120\n|move|p2a: Dondozo|Protect|p2a: Dondozo\n|-singleturn|p2a: Dondozo|Protect\n|move|p1a: Lord Bongo|Wood Hammer|p2a: Dondozo\n|-activate|p2a: Dondozo|move: Protect\n|\n|-heal|p1a: Lord Bongo|83\/100|[from] Grassy Terrain\n|-heal|p2a: Dondozo|32\/100|[from] Grassy Terrain\n|-heal|p2a: Dondozo|39\/100|[from] item: Leftovers\n|-fieldend|move: Grassy Terrain\n|upkeep\n|turn|22\n|\n|t:|1700163126\n|-terastallize|p2a: Dondozo|Dragon\n|move|p1a: Lord Bongo|Wood Hammer|p2a: Dondozo\n|-resisted|p2a: Dondozo\n|-damage|p2a: Dondozo|15\/100\n|-damage|p1a: Lord Bongo|71\/100|[from] Recoil\n|move|p2a: Dondozo|Curse|p2a: Dondozo\n|-unboost|p2a: Dondozo|spe|1\n|-boost|p2a: Dondozo|atk|1\n|-boost|p2a: Dondozo|def|1\n|\n|-heal|p2a: Dondozo|22\/100|[from] item: Leftovers\n|upkeep\n|turn|23\n|j| point to prove\n|\n|t:|1700163134\n|switch|p1a: 142 km\/h|Dragapult, F|100\/100\n|-damage|p1a: 142 km\/h|88\/100|[from] Stealth Rock\n|move|p2a: Dondozo|Liquidation|p1a: 142 km\/h\n|-resisted|p1a: 142 km\/h\n|-damage|p1a: 142 km\/h|59\/100\n|\n|-heal|p1a: 142 km\/h|65\/100|[from] item: Leftovers\n|-heal|p2a: Dondozo|28\/100|[from] item: Leftovers\n|upkeep\n|turn|24\n|\n|t:|1700163138\n|move|p2a: Dondozo|Protect|p2a: Dondozo\n|-singleturn|p2a: Dondozo|Protect\n|move|p1a: 142 km\/h|Thunder Wave|p2a: Dondozo\n|-activate|p2a: Dondozo|move: Protect\n|\n|-heal|p1a: 142 km\/h|71\/100|[from] item: Leftovers\n|-heal|p2a: Dondozo|34\/100|[from] item: Leftovers\n|upkeep\n|turn|25\n|\n|t:|1700163141\n|switch|p2a: Muk|Muk-Alola, M|86\/100\n|move|p1a: 142 km\/h|Thunder Wave|p2a: Muk\n|-status|p2a: Muk|par\n|\n|-heal|p1a: 142 km\/h|77\/100|[from] item: Leftovers\n|-heal|p2a: Muk|92\/100 par|[from] item: Leftovers\n|upkeep\n|turn|26\n|\n|t:|1700163145\n|move|p1a: 142 km\/h|U-turn|p2a: Muk\n|-damage|p2a: Muk|75\/100 par\n|\n|t:|1700163147\n|switch|p1a: Bully bird|Mandibuzz, F|58\/100 brn|[from] U-turn\n|move|p2a: Muk|Knock Off|p1a: Bully bird\n|-resisted|p1a: Bully bird\n|-damage|p1a: Bully bird|49\/100 brn\n|-enditem|p1a: Bully bird|Heavy-Duty Boots|[from] move: Knock Off|[of] p2a: Muk\n|\n|-heal|p2a: Muk|81\/100 par|[from] item: Leftovers\n|-damage|p1a: Bully bird|43\/100 brn|[from] brn\n|upkeep\n|turn|27\n|\n|t:|1700163150\n|switch|p2a: Clefable|Clefable, F|92\/100\n|move|p1a: Bully bird|Roost|p1a: Bully bird\n|-heal|p1a: Bully bird|93\/100 brn\n|-singleturn|p1a: Bully bird|move: Roost\n|\n|-damage|p1a: Bully bird|87\/100 brn|[from] brn\n|upkeep\n|turn|28\n|j| LordJikji\n|l| Chesterson Jeffers\n|\n|t:|1700163157\n|move|p1a: Bully bird|U-turn|p2a: Clefable\n|-resisted|p2a: Clefable\n|-damage|p2a: Clefable|90\/100\n|\n|t:|1700163159\n|switch|p1a: Lord Bongo|Rillaboom, F|71\/100|[from] U-turn\n|-damage|p1a: Lord Bongo|59\/100|[from] Stealth Rock\n|-fieldstart|move: Grassy Terrain|[from] ability: Grassy Surge|[of] p1a: Lord Bongo\n|move|p2a: Clefable|Wish|p2a: Clefable\n|\n|-heal|p1a: Lord Bongo|65\/100|[from] Grassy Terrain\n|-heal|p2a: Clefable|96\/100|[from] Grassy Terrain\n|upkeep\n|turn|29\n|\n|t:|1700163167\n|switch|p2a: Cinderace|Cinderace, M|100\/100\n|move|p1a: Lord Bongo|Wood Hammer|p2a: Cinderace\n|-resisted|p2a: Cinderace\n|-damage|p2a: Cinderace|16\/100\n|-damage|p1a: Lord Bongo|36\/100|[from] Recoil\n|\n|-heal|p2a: Cinderace|72\/100|[from] move: Wish|[wisher] Clefable\n|-heal|p2a: Cinderace|78\/100|[from] Grassy Terrain\n|-heal|p1a: Lord Bongo|42\/100|[from] Grassy Terrain\n|upkeep\n|turn|30\n|\n|t:|1700163172\n|switch|p1a: Bully bird|Mandibuzz, F|87\/100 brn\n|-damage|p1a: Bully bird|62\/100 brn|[from] Stealth Rock\n|move|p2a: Cinderace|U-turn|p1a: Bully bird\n|-crit|p1a: Bully bird\n|-damage|p1a: Bully bird|44\/100 brn\n|\n|t:|1700163176\n|switch|p2a: Dondozo|Dondozo, F, tera:Dragon|34\/100|[from] U-turn\n|\n|-heal|p2a: Dondozo|40\/100|[from] Grassy Terrain\n|-heal|p2a: Dondozo|46\/100|[from] item: Leftovers\n|-damage|p1a: Bully bird|38\/100 brn|[from] brn\n|-damage|p1a: Bully bird|26\/100 brn|[from] item: Sticky Barb\n|upkeep\n|turn|31\n|\n|t:|1700163180\n|move|p1a: Bully bird|Toxic|p2a: Dondozo\n|-status|p2a: Dondozo|tox\n|move|p2a: Dondozo|Curse|p2a: Dondozo\n|-unboost|p2a: Dondozo|spe|1\n|-boost|p2a: Dondozo|atk|1\n|-boost|p2a: Dondozo|def|1\n|\n|-heal|p2a: Dondozo|52\/100 tox|[from] Grassy Terrain\n|-heal|p2a: Dondozo|58\/100 tox|[from] item: Leftovers\n|-damage|p2a: Dondozo|52\/100 tox|[from] psn\n|-damage|p1a: Bully bird|20\/100 brn|[from] brn\n|-damage|p1a: Bully bird|8\/100 brn|[from] item: Sticky Barb\n|upkeep\n|turn|32\n|\n|t:|1700163184\n|move|p1a: Bully bird|Roost|p1a: Bully bird\n|-heal|p1a: Bully bird|58\/100 brn\n|-singleturn|p1a: Bully bird|move: Roost\n|move|p2a: Dondozo|Liquidation|p1a: Bully bird\n|-damage|p1a: Bully bird|31\/100 brn\n|\n|-heal|p1a: Bully bird|37\/100 brn|[from] Grassy Terrain\n|-heal|p2a: Dondozo|58\/100 tox|[from] Grassy Terrain\n|-heal|p2a: Dondozo|65\/100 tox|[from] item: Leftovers\n|-damage|p2a: Dondozo|52\/100 tox|[from] psn\n|-damage|p1a: Bully bird|31\/100 brn|[from] brn\n|-fieldend|move: Grassy Terrain\n|-damage|p1a: Bully bird|19\/100 brn|[from] item: Sticky Barb\n|upkeep\n|turn|33\n|\n|t:|1700163187\n|move|p1a: Bully bird|Roost|p1a: Bully bird\n|-heal|p1a: Bully bird|69\/100 brn\n|-singleturn|p1a: Bully bird|move: Roost\n|move|p2a: Dondozo|Body Press|p1a: Bully bird\n|-supereffective|p1a: Bully bird\n|-damage|p1a: Bully bird|18\/100 brn\n|\n|-heal|p2a: Dondozo|58\/100 tox|[from] item: Leftovers\n|-damage|p2a: Dondozo|40\/100 tox|[from] psn\n|-damage|p1a: Bully bird|12\/100 brn|[from] brn\n|-damage|p1a: Bully bird|0 fnt|[from] item: Sticky Barb\n|faint|p1a: Bully bird\n|upkeep\n|\n|t:|1700163194\n|switch|p1a: 142 km\/h|Dragapult, F|77\/100\n|-damage|p1a: 142 km\/h|65\/100|[from] Stealth Rock\n|turn|34\n|\n|t:|1700163198\n|switch|p2a: Muk|Muk-Alola, M|81\/100 par\n|move|p1a: 142 km\/h|Hex|p2a: Muk\n|-resisted|p2a: Muk\n|-damage|p2a: Muk|63\/100 par\n|\n|-heal|p1a: 142 km\/h|71\/100|[from] item: Leftovers\n|-heal|p2a: Muk|69\/100 par|[from] item: Leftovers\n|upkeep\n|turn|35\n|\n|t:|1700163201\n|move|p1a: 142 km\/h|U-turn|p2a: Muk\n|-damage|p2a: Muk|50\/100 par\n|\n|t:|1700163203\n|switch|p1a: Perro Sanxe|Okidogi, M|76\/100|[from] U-turn\n|-damage|p1a: Perro Sanxe|70\/100|[from] Stealth Rock\n|move|p2a: Muk|Knock Off|p1a: Perro Sanxe\n|-resisted|p1a: Perro Sanxe\n|-damage|p1a: Perro Sanxe|62\/100\n|\n|-heal|p2a: Muk|56\/100 par|[from] item: Leftovers\n|upkeep\n|turn|36\n|\n|t:|1700163208\n|switch|p2a: Clefable|Clefable, F|96\/100\n|move|p1a: Perro Sanxe|Bulk Up|p1a: Perro Sanxe\n|-boost|p1a: Perro Sanxe|atk|1\n|-boost|p1a: Perro Sanxe|def|1\n|\n|upkeep\n|turn|37\n|l| aaape november 16\n|\n|t:|1700163222\n|move|p1a: Perro Sanxe|Bulk Up|p1a: Perro Sanxe\n|-boost|p1a: Perro Sanxe|atk|1\n|-boost|p1a: Perro Sanxe|def|1\n|move|p2a: Clefable|Moonblast|p1a: Perro Sanxe\n|-damage|p1a: Perro Sanxe|41\/100\n|-unboost|p1a: Perro Sanxe|spa|1\n|\n|upkeep\n|turn|38\n|\n|t:|1700163224\n|move|p1a: Perro Sanxe|Bulk Up|p1a: Perro Sanxe\n|-boost|p1a: Perro Sanxe|atk|1\n|-boost|p1a: Perro Sanxe|def|1\n|move|p2a: Clefable|Moonblast|p1a: Perro Sanxe\n|-damage|p1a: Perro Sanxe|17\/100\n|-unboost|p1a: Perro Sanxe|spa|1\n|\n|upkeep\n|turn|39\n|\n|t:|1700163227\n|move|p1a: Perro Sanxe|Drain Punch|p2a: Clefable\n|-resisted|p2a: Clefable\n|-damage|p2a: Clefable|66\/100\n|-heal|p1a: Perro Sanxe|33\/100|[from] drain|[of] p2a: Clefable\n|move|p2a: Clefable|Moonblast|p1a: Perro Sanxe\n|-damage|p1a: Perro Sanxe|10\/100\n|\n|upkeep\n|turn|40\n|\n|t:|1700163231\n|move|p1a: Perro Sanxe|Drain Punch|p2a: Clefable\n|-resisted|p2a: Clefable\n|-crit|p2a: Clefable\n|-damage|p2a: Clefable|18\/100\n|-heal|p1a: Perro Sanxe|35\/100|[from] drain|[of] p2a: Clefable\n|move|p2a: Clefable|Moonblast|p1a: Perro Sanxe\n|-damage|p1a: Perro Sanxe|14\/100\n|-unboost|p1a: Perro Sanxe|spa|1\n|\n|upkeep\n|turn|41\n|\n|t:|1700163235\n|move|p1a: Perro Sanxe|Drain Punch|p2a: Clefable\n|-resisted|p2a: Clefable\n|-damage|p2a: Clefable|0 fnt\n|-heal|p1a: Perro Sanxe|23\/100|[from] drain|[of] p2a: Clefable\n|faint|p2a: Clefable\n|\n|upkeep\n|\n|t:|1700163241\n|switch|p2a: Cinderace|Cinderace, M|78\/100\n|turn|42\n|l| point to prove\n|\n|t:|1700163243\n|move|p2a: Cinderace|Will-O-Wisp|p1a: Perro Sanxe\n|-status|p1a: Perro Sanxe|brn\n|move|p1a: Perro Sanxe|Drain Punch|p2a: Cinderace\n|-damage|p2a: Cinderace|28\/100\n|-heal|p1a: Perro Sanxe|47\/100 brn|[from] drain|[of] p2a: Cinderace\n|\n|-damage|p1a: Perro Sanxe|41\/100 brn|[from] brn\n|upkeep\n|turn|43\n|\n|t:|1700163247\n|move|p2a: Cinderace|Pyro Ball|p1a: Perro Sanxe\n|-damage|p1a: Perro Sanxe|19\/100 brn\n|move|p1a: Perro Sanxe|Drain Punch|p2a: Cinderace\n|-damage|p2a: Cinderace|0 fnt\n|-heal|p1a: Perro Sanxe|32\/100 brn|[from] drain|[of] p2a: Cinderace\n|faint|p2a: Cinderace\n|\n|-damage|p1a: Perro Sanxe|26\/100 brn|[from] brn\n|upkeep\n|j| point to prove\n|\n|t:|1700163250\n|switch|p2a: Dondozo|Dondozo, F, tera:Dragon|40\/100 tox\n|turn|44\n|\n|t:|1700163255\n|move|p1a: Perro Sanxe|Ice Punch|p2a: Dondozo\n|-supereffective|p2a: Dondozo\n|-damage|p2a: Dondozo|30\/100 tox\n|move|p2a: Dondozo|Liquidation|p1a: Perro Sanxe\n|-damage|p1a: Perro Sanxe|3\/100 brn\n|\n|-heal|p2a: Dondozo|36\/100 tox|[from] item: Leftovers\n|-damage|p2a: Dondozo|30\/100 tox|[from] psn\n|-damage|p1a: Perro Sanxe|0 fnt|[from] brn\n|faint|p1a: Perro Sanxe\n|upkeep\n|\n|t:|1700163258\n|switch|p1a: 142 km\/h|Dragapult, F|71\/100\n|-damage|p1a: 142 km\/h|59\/100|[from] Stealth Rock\n|turn|45\n|\n|t:|1700163262\n|move|p1a: 142 km\/h|Hex|p2a: Dondozo\n|-damage|p2a: Dondozo|0 fnt\n|faint|p2a: Dondozo\n|\n|-heal|p1a: 142 km\/h|65\/100|[from] item: Leftovers\n|upkeep\n|\n|t:|1700163265\n|switch|p2a: Muk|Muk-Alola, M|56\/100 par\n|turn|46\n|\n|t:|1700163273\n|-terastallize|p1a: 142 km\/h|Fairy\n|move|p1a: 142 km\/h|Draco Meteor|p2a: Muk\n|-damage|p2a: Muk|21\/100 par\n|-unboost|p1a: 142 km\/h|spa|2\n|move|p2a: Muk|Knock Off|p1a: 142 km\/h\n|-resisted|p1a: 142 km\/h\n|-damage|p1a: 142 km\/h|42\/100\n|-enditem|p1a: 142 km\/h|Leftovers|[from] move: Knock Off|[of] p2a: Muk\n|\n|-heal|p2a: Muk|27\/100 par|[from] item: Leftovers\n|upkeep\n|turn|47\n|j| Espressuuu\n|l| Espressuuu\n|\n|t:|1700163280\n|move|p1a: 142 km\/h|U-turn|p2a: Muk\n|-crit|p2a: Muk\n|-damage|p2a: Muk|2\/100 par\n|\n|t:|1700163282\n|switch|p1a: Lord Bongo|Rillaboom, F|42\/100|[from] U-turn\n|-damage|p1a: Lord Bongo|30\/100|[from] Stealth Rock\n|-fieldstart|move: Grassy Terrain|[from] ability: Grassy Surge|[of] p1a: Lord Bongo\n|move|p2a: Muk|Poison Jab|p1a: Lord Bongo\n|-supereffective|p1a: Lord Bongo\n|-crit|p1a: Lord Bongo\n|-damage|p1a: Lord Bongo|0 fnt\n|faint|p1a: Lord Bongo\n|\n|-heal|p2a: Muk|8\/100 par|[from] Grassy Terrain\n|-heal|p2a: Muk|14\/100 par|[from] item: Leftovers\n|upkeep\n|\n|t:|1700163283\n|switch|p1a: 142 km\/h|Dragapult, F, tera:Fairy|42\/100\n|-damage|p1a: 142 km\/h|30\/100|[from] Stealth Rock\n|turn|48\n|\n|t:|1700163289\n|move|p2a: Muk|Protect|p2a: Muk\n|-singleturn|p2a: Muk|Protect\n|move|p1a: 142 km\/h|Hex|p2a: Muk\n|-activate|p2a: Muk|move: Protect\n|\n|-heal|p1a: 142 km\/h|36\/100|[from] Grassy Terrain\n|-heal|p2a: Muk|20\/100 par|[from] Grassy Terrain\n|-heal|p2a: Muk|26\/100 par|[from] item: Leftovers\n|upkeep\n|turn|49\n|\n|t:|1700163292\n|move|p1a: 142 km\/h|Hex|p2a: Muk\n|-resisted|p2a: Muk\n|-damage|p2a: Muk|10\/100 par\n|move|p2a: Muk|Poison Jab|p1a: 142 km\/h\n|-supereffective|p1a: 142 km\/h\n|-damage|p1a: 142 km\/h|0 fnt\n|faint|p1a: 142 km\/h\n|\n|win|The Pokemon Place\n|raw|alvar03's rating: 1937 &rarr; <strong>1913<\/strong><br \/>(-24 for losing)\n|raw|The Pokemon Place's rating: 1871 &rarr; <strong>1895<\/strong><br \/>(+24 for winning)\n|l|\u2606alvar03\n|c|\u2606The Pokemon Place|gg\n","uploadtime":1700163321,"views":23,"p1id":"alvar03","p2id":"thepokemonplace","formatid":"gen9ou","rating":1895,"private":0,"password":""}