{"id":"gen9ou-1992202910","p1":"pharemiteux","p2":"Cacahead","format":"[Gen 9] OU","log":"|j|\u2606pharemiteux\n|j|\u2606Cacahead\n|t:|1700163539\n|gametype|singles\n|player|p1|pharemiteux|265|1364\n|player|p2|Cacahead|266|1409\n|teamsize|p1|6\n|teamsize|p2|6\n|gen|9\n|tier|[Gen 9] OU\n|rated|\n|rule|Sleep Clause Mod: Limit one foe put to sleep\n|rule|Species Clause: Limit one of each Pok\u00e9mon\n|rule|OHKO Clause: OHKO moves are banned\n|rule|Evasion Items Clause: Evasion items are banned\n|rule|Evasion Moves Clause: Evasion moves are banned\n|rule|Endless Battle Clause: Forcing endless battles is banned\n|rule|HP Percentage Mod: HP is shown in percentages\n|clearpoke\n|poke|p1|Glimmora, F|\n|poke|p1|Great Tusk|\n|poke|p1|Ogerpon-Wellspring, F|\n|poke|p1|Kingambit, M|\n|poke|p1|Thundurus-Therian, M|\n|poke|p1|Iron Valiant|\n|poke|p2|Gholdengo|\n|poke|p2|Decidueye-Hisui, M|\n|poke|p2|Garchomp, M|\n|poke|p2|Heatran, F|\n|poke|p2|Samurott-Hisui, F|\n|poke|p2|Zapdos|\n|teampreview\n|\n|t:|1700163547\n|start\n|switch|p1a: Glimmora|Glimmora, F|100\/100\n|switch|p2a: Gholdengo|Gholdengo|100\/100\n|turn|1\n|\n|t:|1700163553\n|move|p1a: Glimmora|Stealth Rock|p2a: Gholdengo\n|-sidestart|p2: Cacahead|move: Stealth Rock\n|move|p2a: Gholdengo|Thunder Wave|p1a: Glimmora\n|-status|p1a: Glimmora|par\n|\n|upkeep\n|turn|2\n|\n|t:|1700163559\n|move|p2a: Gholdengo|Nasty Plot|p2a: Gholdengo\n|-boost|p2a: Gholdengo|spa|2\n|move|p1a: Glimmora|Spikes|p2a: Gholdengo\n|-sidestart|p2: Cacahead|Spikes\n|\n|upkeep\n|turn|3\n|\n|t:|1700163579\n|move|p2a: Gholdengo|Nasty Plot|p2a: Gholdengo\n|-boost|p2a: Gholdengo|spa|2\n|move|p1a: Glimmora|Spikes|p2a: Gholdengo\n|-sidestart|p2: Cacahead|Spikes\n|\n|upkeep\n|turn|4\n|\n|t:|1700163585\n|move|p2a: Gholdengo|Hex|p1a: Glimmora\n|-enditem|p1a: Glimmora|Focus Sash\n|-damage|p1a: Glimmora|1\/100 par\n|move|p1a: Glimmora|Power Gem|p2a: Gholdengo\n|-resisted|p2a: Gholdengo\n|-damage|p2a: Gholdengo|79\/100\n|\n|-heal|p2a: Gholdengo|85\/100|[from] item: Leftovers\n|upkeep\n|turn|5\n|\n|t:|1700163592\n|move|p2a: Gholdengo|Hex|p1a: Glimmora\n|-damage|p1a: Glimmora|0 fnt\n|faint|p1a: Glimmora\n|\n|-heal|p2a: Gholdengo|91\/100|[from] item: Leftovers\n|upkeep\n|\n|t:|1700163603\n|switch|p1a: Ogerpon|Ogerpon-Wellspring, F|100\/100\n|turn|6\n|\n|t:|1700163609\n|move|p1a: Ogerpon|Knock Off|p2a: Gholdengo\n|-supereffective|p2a: Gholdengo\n|-damage|p2a: Gholdengo|42\/100\n|-enditem|p2a: Gholdengo|Leftovers|[from] move: Knock Off|[of] p1a: Ogerpon\n|move|p2a: Gholdengo|Thunder Wave|p1a: Ogerpon\n|-status|p1a: Ogerpon|par\n|\n|upkeep\n|turn|7\n|\n|t:|1700163617\n|move|p2a: Gholdengo|Hex|p1a: Ogerpon\n|-damage|p1a: Ogerpon|0 fnt\n|faint|p1a: Ogerpon\n|\n|upkeep\n|\n|t:|1700163627\n|switch|p1a: Great Tusk|Great Tusk|100\/100\n|-enditem|p1a: Great Tusk|Booster Energy\n|-activate|p1a: Great Tusk|ability: Protosynthesis|[fromitem]\n|-start|p1a: Great Tusk|protosynthesisspe\n|turn|8\n|\n|t:|1700163634\n|-terastallize|p2a: Gholdengo|Flying\n|move|p1a: Great Tusk|Earthquake|p2a: Gholdengo\n|-immune|p2a: Gholdengo\n|move|p2a: Gholdengo|Hex|p1a: Great Tusk\n|-damage|p1a: Great Tusk|0 fnt\n|faint|p1a: Great Tusk\n|-end|p1a: Great Tusk|Protosynthesis|[silent]\n|\n|upkeep\n|-message|pharemiteux forfeited.\n|\n|win|Cacahead\n|raw|pharemiteux's rating: 1364 &rarr; <strong>1347<\/strong><br \/>(-17 for losing)\n|raw|Cacahead's rating: 1409 &rarr; <strong>1426<\/strong><br \/>(+17 for winning)\n|l|\u2606pharemiteux\n","uploadtime":1700163648,"views":20,"p1id":"pharemiteux","p2id":"cacahead","formatid":"gen9ou","rating":1347,"private":0,"password":""}