{"id":"gen9ou-1994818146","p1":"DartTamarin519","p2":"idunno_honestly","format":"[Gen 9] OU","log":"|j|\u2606DartTamarin519\n|j|\u2606idunno_honestly\n|t:|1700495630\n|gametype|singles\n|player|p1|DartTamarin519|dawn|1215\n|player|p2|idunno_honestly|170|1245\n|teamsize|p1|6\n|teamsize|p2|6\n|gen|9\n|tier|[Gen 9] OU\n|rated|\n|rule|Sleep Clause Mod: Limit one foe put to sleep\n|rule|Species Clause: Limit one of each Pok\u00e9mon\n|rule|OHKO Clause: OHKO moves are banned\n|rule|Evasion Items Clause: Evasion items are banned\n|rule|Evasion Moves Clause: Evasion moves are banned\n|rule|Endless Battle Clause: Forcing endless battles is banned\n|rule|HP Percentage Mod: HP is shown in percentages\n|clearpoke\n|poke|p1|Alomomola, F|\n|poke|p1|Ting-Lu|\n|poke|p1|Great Tusk|\n|poke|p1|Zapdos|\n|poke|p1|Gholdengo|\n|poke|p1|Iron Valiant|\n|poke|p2|Dondozo, M|\n|poke|p2|Blissey, F|\n|poke|p2|Clefable, M|\n|poke|p2|Corviknight, F|\n|poke|p2|Alomomola, F|\n|poke|p2|Clodsire, F|\n|teampreview\n|\n|t:|1700495639\n|start\n|switch|p1a: Zapdos|Zapdos|100\/100\n|switch|p2a: Clefable|Clefable, M|100\/100\n|turn|1\n|inactive|Battle timer is ON: inactive players will automatically lose when time's up. (requested by DartTamarin519)\n|\n|t:|1700495652\n|switch|p2a: Clodsire|Clodsire, F|100\/100\n|move|p1a: Zapdos|Hurricane|p2a: Clodsire\n|-damage|p2a: Clodsire|69\/100\n|\n|upkeep\n|turn|2\n|\n|t:|1700495660\n|switch|p1a: Gholdengo|Gholdengo|100\/100\n|-item|p1a: Gholdengo|Air Balloon\n|move|p2a: Clodsire|Recover|p2a: Clodsire\n|-heal|p2a: Clodsire|100\/100\n|\n|upkeep\n|turn|3\n|\n|t:|1700495674\n|switch|p2a: Corviknight|Corviknight, F|100\/100\n|-ability|p2a: Corviknight|Pressure\n|move|p1a: Gholdengo|Nasty Plot|p1a: Gholdengo\n|-boost|p1a: Gholdengo|spa|2\n|\n|upkeep\n|turn|4\n|\n|t:|1700495679\n|switch|p1a: Zapdos|Zapdos|100\/100\n|move|p2a: Corviknight|U-turn|p1a: Zapdos\n|-resisted|p1a: Zapdos\n|-damage|p1a: Zapdos|93\/100\n|\n|t:|1700495683\n|switch|p2a: Clodsire|Clodsire, F|100\/100|[from] U-turn\n|\n|upkeep\n|turn|5\n|\n|t:|1700495688\n|switch|p1a: Gholdengo|Gholdengo|100\/100\n|-item|p1a: Gholdengo|Air Balloon\n|move|p2a: Clodsire|Spikes|p1a: Gholdengo\n|-sidestart|p1: DartTamarin519|Spikes\n|\n|upkeep\n|turn|6\n|\n|t:|1700495692\n|switch|p2a: Corviknight|Corviknight, F|100\/100\n|-ability|p2a: Corviknight|Pressure\n|move|p1a: Gholdengo|Shadow Ball|p2a: Corviknight\n|-damage|p2a: Corviknight|55\/100\n|\n|upkeep\n|turn|7\n|\n|t:|1700495698\n|switch|p1a: Zapdos|Zapdos|93\/100\n|move|p2a: Corviknight|Roost|p2a: Corviknight\n|-heal|p2a: Corviknight|100\/100\n|-singleturn|p2a: Corviknight|move: Roost\n|\n|upkeep\n|turn|8\n|\n|t:|1700495716\n|switch|p2a: Clodsire|Clodsire, F|100\/100\n|move|p1a: Zapdos|Volt Switch|p2a: Clodsire\n|-immune|p2a: Clodsire\n|\n|upkeep\n|turn|9\n|\n|t:|1700495722\n|switch|p1a: Gholdengo|Gholdengo|100\/100\n|-item|p1a: Gholdengo|Air Balloon\n|move|p2a: Clodsire|Spikes|p1a: Gholdengo\n|-sidestart|p1: DartTamarin519|Spikes\n|\n|upkeep\n|turn|10\n|\n|t:|1700495730\n|switch|p2a: Corviknight|Corviknight, F|100\/100\n|-ability|p2a: Corviknight|Pressure\n|move|p1a: Gholdengo|Shadow Ball|p2a: Corviknight\n|-damage|p2a: Corviknight|55\/100\n|\n|upkeep\n|turn|11\n|\n|t:|1700495740\n|switch|p1a: Zapdos|Zapdos|93\/100\n|move|p2a: Corviknight|Roost|p2a: Corviknight\n|-heal|p2a: Corviknight|100\/100\n|-singleturn|p2a: Corviknight|move: Roost\n|\n|upkeep\n|turn|12\n|\n|t:|1700495743\n|switch|p1a: Great Tusk|Great Tusk|100\/100\n|switch|p2a: Clodsire|Clodsire, F|100\/100\n|\n|upkeep\n|turn|13\n|\n|t:|1700495752\n|switch|p2a: Corviknight|Corviknight, F|100\/100\n|-ability|p2a: Corviknight|Pressure\n|move|p1a: Great Tusk|Rapid Spin|p2a: Corviknight\n|-resisted|p2a: Corviknight\n|-damage|p2a: Corviknight|95\/100\n|-boost|p1a: Great Tusk|spe|1\n|-damage|p1a: Great Tusk|84\/100|[from] item: Rocky Helmet|[of] p2a: Corviknight\n|-sideend|p1: DartTamarin519|Spikes|[from] move: Rapid Spin|[of] p1a: Great Tusk\n|\n|upkeep\n|turn|14\n|\n|t:|1700495758\n|-end|p1a: Great Tusk|Protosynthesis|[silent]\n|switch|p1a: Zapdos|Zapdos|93\/100\n|move|p2a: Corviknight|Taunt|p1a: Zapdos\n|-start|p1a: Zapdos|move: Taunt\n|\n|upkeep\n|turn|15\n|\n|t:|1700495763\n|switch|p1a: Gholdengo|Gholdengo|100\/100\n|-item|p1a: Gholdengo|Air Balloon\n|switch|p2a: Blissey|Blissey, F|100\/100\n|\n|upkeep\n|turn|16\n|\n|t:|1700495773\n|switch|p1a: Ting-Lu|Ting-Lu|100\/100\n|-ability|p1a: Ting-Lu|Vessel of Ruin\n|switch|p2a: Corviknight|Corviknight, F|95\/100\n|-ability|p2a: Corviknight|Pressure\n|\n|upkeep\n|turn|17\n|\n|t:|1700495783\n|move|p2a: Corviknight|U-turn|p1a: Ting-Lu\n|-supereffective|p1a: Ting-Lu\n|-damage|p1a: Ting-Lu|85\/100\n|\n|t:|1700495790\n|switch|p2a: Clefable|Clefable, M|100\/100|[from] U-turn\n|move|p1a: Ting-Lu|Stealth Rock|p2a: Clefable\n|-sidestart|p2: idunno_honestly|move: Stealth Rock\n|\n|-heal|p1a: Ting-Lu|91\/100|[from] item: Leftovers\n|upkeep\n|turn|18\n|\n|t:|1700495806\n|move|p2a: Clefable|Knock Off|p1a: Ting-Lu\n|-resisted|p1a: Ting-Lu\n|-damage|p1a: Ting-Lu|87\/100\n|-enditem|p1a: Ting-Lu|Leftovers|[from] move: Knock Off|[of] p2a: Clefable\n|move|p1a: Ting-Lu|Spikes|p2a: Clefable\n|-sidestart|p2: idunno_honestly|Spikes\n|\n|upkeep\n|turn|19\n|\n|t:|1700495811\n|move|p2a: Clefable|Moonblast|p1a: Ting-Lu\n|-supereffective|p1a: Ting-Lu\n|-damage|p1a: Ting-Lu|59\/100\n|move|p1a: Ting-Lu|Ruination|p2a: Clefable\n|-damage|p2a: Clefable|50\/100\n|\n|-heal|p2a: Clefable|57\/100|[from] item: Leftovers\n|upkeep\n|turn|20\n|\n|t:|1700495818\n|switch|p1a: Alomomola|Alomomola, F|100\/100\n|move|p2a: Clefable|Moonblast|p1a: Alomomola\n|-damage|p1a: Alomomola|71\/100\n|-enditem|p1a: Alomomola|Red Card|[of] p2a: Clefable\n|drag|p2a: Dondozo|Dondozo, M|100\/100\n|\n|upkeep\n|turn|21\n|\n|t:|1700495830\n|switch|p2a: Corviknight|Corviknight, F|95\/100\n|-damage|p2a: Corviknight|83\/100|[from] Stealth Rock\n|-ability|p2a: Corviknight|Pressure\n|move|p1a: Alomomola|Wish|p1a: Alomomola\n|\n|upkeep\n|turn|22\n|\n|t:|1700495835\n|move|p2a: Corviknight|U-turn|p1a: Alomomola\n|-damage|p1a: Alomomola|63\/100\n|\n|t:|1700495840\n|switch|p2a: Dondozo|Dondozo, M|100\/100|[from] U-turn\n|move|p1a: Alomomola|Flip Turn|p2a: Dondozo\n|-resisted|p2a: Dondozo\n|-damage|p2a: Dondozo|97\/100\n|\n|t:|1700495850\n|switch|p1a: Great Tusk|Great Tusk|84\/100|[from] Flip Turn\n|\n|-heal|p1a: Great Tusk|100\/100|[from] move: Wish|[wisher] Alomomola\n|upkeep\n|turn|23\n|\n|t:|1700495853\n|switch|p2a: Corviknight|Corviknight, F|83\/100\n|-damage|p2a: Corviknight|70\/100|[from] Stealth Rock\n|-ability|p2a: Corviknight|Pressure\n|move|p1a: Great Tusk|Knock Off|p2a: Corviknight\n|-damage|p2a: Corviknight|49\/100\n|-damage|p1a: Great Tusk|84\/100|[from] item: Rocky Helmet|[of] p2a: Corviknight\n|-enditem|p2a: Corviknight|Rocky Helmet|[from] move: Knock Off|[of] p1a: Great Tusk\n|\n|upkeep\n|turn|24\n|\n|t:|1700495860\n|-end|p1a: Great Tusk|Protosynthesis|[silent]\n|switch|p1a: Zapdos|Zapdos|93\/100\n|move|p2a: Corviknight|Roost|p2a: Corviknight\n|-heal|p2a: Corviknight|99\/100\n|-singleturn|p2a: Corviknight|move: Roost\n|\n|upkeep\n|turn|25\n|\n|t:|1700495880\n|switch|p2a: Clodsire|Clodsire, F|100\/100\n|move|p1a: Zapdos|Volt Switch|p2a: Clodsire\n|-immune|p2a: Clodsire\n|\n|upkeep\n|turn|26\n|\n|t:|1700495887\n|switch|p1a: Gholdengo|Gholdengo|100\/100\n|-item|p1a: Gholdengo|Air Balloon\n|move|p2a: Clodsire|Spikes|p1a: Gholdengo\n|-sidestart|p1: DartTamarin519|Spikes\n|\n|upkeep\n|turn|27\n|\n|t:|1700495913\n|switch|p2a: Corviknight|Corviknight, F|99\/100\n|-damage|p2a: Corviknight|87\/100|[from] Stealth Rock\n|-ability|p2a: Corviknight|Pressure\n|move|p1a: Gholdengo|Shadow Ball|p2a: Corviknight\n|-damage|p2a: Corviknight|43\/100\n|-unboost|p2a: Corviknight|spd|1\n|\n|upkeep\n|turn|28\n|\n|t:|1700495929\n|switch|p2a: Blissey|Blissey, F|100\/100\n|move|p1a: Gholdengo|Shadow Ball|p2a: Blissey\n|-immune|p2a: Blissey\n|\n|upkeep\n|turn|29\n|\n|t:|1700495937\n|switch|p1a: Great Tusk|Great Tusk|84\/100\n|move|p2a: Blissey|Stealth Rock|p1a: Great Tusk\n|-sidestart|p1: DartTamarin519|move: Stealth Rock\n|\n|upkeep\n|turn|30\n|\n|t:|1700495953\n|switch|p2a: Alomomola|Alomomola, F|100\/100\n|move|p1a: Great Tusk|Rapid Spin|p2a: Alomomola\n|-damage|p2a: Alomomola|91\/100\n|-boost|p1a: Great Tusk|spe|1\n|-sideend|p1: DartTamarin519|Spikes|[from] move: Rapid Spin|[of] p1a: Great Tusk\n|-sideend|p1: DartTamarin519|Stealth Rock|[from] move: Rapid Spin|[of] p1a: Great Tusk\n|\n|upkeep\n|turn|31\n|\n|t:|1700495961\n|-end|p1a: Great Tusk|Protosynthesis|[silent]\n|switch|p1a: Zapdos|Zapdos|93\/100\n|move|p2a: Alomomola|Wish|p2a: Alomomola\n|\n|upkeep\n|turn|32\n|\n|t:|1700495971\n|switch|p2a: Clefable|Clefable, M|57\/100\n|move|p1a: Zapdos|Volt Switch|p2a: Clefable\n|-damage|p2a: Clefable|31\/100\n|inactive|DartTamarin519 has 120 seconds left.\n|\n|t:|1700496011\n|switch|p1a: Great Tusk|Great Tusk|84\/100|[from] Volt Switch\n|\n|-heal|p2a: Clefable|99\/100|[from] move: Wish|[wisher] Alomomola\n|-heal|p2a: Clefable|100\/100|[from] item: Leftovers\n|upkeep\n|turn|33\n|\n|t:|1700496024\n|-terastallize|p1a: Great Tusk|Steel\n|move|p1a: Great Tusk|Knock Off|p2a: Clefable\n|-resisted|p2a: Clefable\n|-damage|p2a: Clefable|81\/100\n|-enditem|p2a: Clefable|Leftovers|[from] move: Knock Off|[of] p1a: Great Tusk\n|move|p2a: Clefable|Wish|p2a: Clefable\n|\n|upkeep\n|turn|34\n|\n|t:|1700496041\n|switch|p2a: Corviknight|Corviknight, F|43\/100\n|-damage|p2a: Corviknight|31\/100|[from] Stealth Rock\n|-ability|p2a: Corviknight|Pressure\n|move|p1a: Great Tusk|Earthquake|p2a: Corviknight\n|-immune|p2a: Corviknight\n|\n|-heal|p2a: Corviknight|80\/100|[from] move: Wish|[wisher] Clefable\n|upkeep\n|turn|35\n|\n|t:|1700496048\n|-end|p1a: Great Tusk|Protosynthesis|[silent]\n|switch|p1a: Zapdos|Zapdos|93\/100\n|move|p2a: Corviknight|U-turn|p1a: Zapdos\n|-resisted|p1a: Zapdos\n|-damage|p1a: Zapdos|85\/100\n|\n|t:|1700496052\n|switch|p2a: Clodsire|Clodsire, F|100\/100|[from] U-turn\n|\n|upkeep\n|turn|36\n|inactive|DartTamarin519 has 120 seconds left.\n|\n|t:|1700496065\n|switch|p1a: Great Tusk|Great Tusk, tera:Steel|84\/100\n|move|p2a: Clodsire|Spikes|p1a: Great Tusk\n|-sidestart|p1: DartTamarin519|Spikes\n|\n|upkeep\n|turn|37\n|inactive|DartTamarin519 has 120 seconds left.\n|\n|t:|1700496080\n|switch|p2a: Corviknight|Corviknight, F|80\/100\n|-damage|p2a: Corviknight|68\/100|[from] Stealth Rock\n|-ability|p2a: Corviknight|Pressure\n|move|p1a: Great Tusk|Knock Off|p2a: Corviknight\n|-damage|p2a: Corviknight|53\/100\n|\n|upkeep\n|turn|38\n|inactive|DartTamarin519 has 120 seconds left.\n|\n|t:|1700496088\n|move|p1a: Great Tusk|Knock Off|p2a: Corviknight\n|-damage|p2a: Corviknight|39\/100\n|move|p2a: Corviknight|Defog|p1a: Great Tusk\n|-unboost|p1a: Great Tusk|evasion|1\n|-sideend|p1: DartTamarin519|Spikes|[from] move: Defog|[of] p2a: Corviknight\n|-sideend|p2: idunno_honestly|Spikes|[from] move: Defog|[of] p2a: Corviknight\n|-sideend|p2: idunno_honestly|Stealth Rock|[from] move: Defog|[of] p2a: Corviknight\n|\n|upkeep\n|turn|39\n|\n|t:|1700496092\n|move|p1a: Great Tusk|Close Combat|p2a: Corviknight\n|-damage|p2a: Corviknight|0 fnt\n|-unboost|p1a: Great Tusk|def|1\n|-unboost|p1a: Great Tusk|spd|1\n|faint|p2a: Corviknight\n|\n|upkeep\n|\n|t:|1700496099\n|switch|p2a: Clefable|Clefable, M|81\/100\n|turn|40\n|\n|t:|1700496107\n|-end|p1a: Great Tusk|Protosynthesis|[silent]\n|switch|p1a: Zapdos|Zapdos|85\/100\n|move|p2a: Clefable|Knock Off|p1a: Zapdos\n|-damage|p1a: Zapdos|69\/100\n|-enditem|p1a: Zapdos|Heavy-Duty Boots|[from] move: Knock Off|[of] p2a: Clefable\n|\n|upkeep\n|turn|41\n|\n|t:|1700496111\n|switch|p2a: Blissey|Blissey, F|100\/100\n|move|p1a: Zapdos|Hurricane|p2a: Blissey\n|-damage|p2a: Blissey|77\/100\n|\n|upkeep\n|turn|42\n|\n|t:|1700496117\n|move|p1a: Zapdos|Volt Switch|p2a: Blissey\n|-damage|p2a: Blissey|63\/100\n|\n|t:|1700496119\n|switch|p1a: Alomomola|Alomomola, F|96\/100|[from] Volt Switch\n|move|p2a: Blissey|Stealth Rock|p1a: Alomomola\n|-sidestart|p1: DartTamarin519|move: Stealth Rock\n|\n|upkeep\n|turn|43\n|\n|t:|1700496126\n|switch|p2a: Clefable|Clefable, M|81\/100\n|move|p1a: Alomomola|Wish|p1a: Alomomola\n|\n|upkeep\n|turn|44\n|\n|t:|1700496129\n|move|p2a: Clefable|Knock Off|p1a: Alomomola\n|-damage|p1a: Alomomola|90\/100\n|move|p1a: Alomomola|Scald|p2a: Clefable\n|-damage|p2a: Clefable|71\/100\n|-status|p2a: Clefable|brn\n|\n|-heal|p1a: Alomomola|100\/100|[from] move: Wish|[wisher] Alomomola\n|upkeep\n|turn|45\n|\n|t:|1700496137\n|move|p2a: Clefable|Knock Off|p1a: Alomomola\n|-damage|p1a: Alomomola|97\/100\n|move|p1a: Alomomola|Wish|p1a: Alomomola\n|\n|upkeep\n|turn|46\n|\n|t:|1700496141\n|move|p2a: Clefable|Knock Off|p1a: Alomomola\n|-damage|p1a: Alomomola|94\/100\n|move|p1a: Alomomola|Flip Turn|p2a: Clefable\n|-damage|p2a: Clefable|53\/100 brn\n|\n|t:|1700496146\n|switch|p1a: Ting-Lu|Ting-Lu|59\/100|[from] Flip Turn\n|-damage|p1a: Ting-Lu|53\/100|[from] Stealth Rock\n|-ability|p1a: Ting-Lu|Vessel of Ruin\n|\n|-heal|p1a: Ting-Lu|99\/100|[from] move: Wish|[wisher] Alomomola\n|upkeep\n|turn|47\n|\n|t:|1700496151\n|move|p2a: Clefable|Wish|p2a: Clefable\n|move|p1a: Ting-Lu|Spikes|p2a: Clefable\n|-sidestart|p2: idunno_honestly|Spikes\n|\n|upkeep\n|turn|48\n|\n|t:|1700496155\n|move|p2a: Clefable|Moonblast|p1a: Ting-Lu\n|-supereffective|p1a: Ting-Lu\n|-damage|p1a: Ting-Lu|71\/100\n|move|p1a: Ting-Lu|Spikes|p2a: Clefable\n|-sidestart|p2: idunno_honestly|Spikes\n|\n|-heal|p2a: Clefable|100\/100 brn|[from] move: Wish|[wisher] Clefable\n|upkeep\n|turn|49\n|\n|t:|1700496170\n|switch|p1a: Alomomola|Alomomola, F|100\/100\n|-damage|p1a: Alomomola|88\/100|[from] Stealth Rock\n|move|p2a: Clefable|Moonblast|p1a: Alomomola\n|-damage|p1a: Alomomola|62\/100\n|-unboost|p1a: Alomomola|spa|1\n|\n|upkeep\n|turn|50\n|\n|t:|1700496174\n|move|p2a: Clefable|Moonblast|p1a: Alomomola\n|-damage|p1a: Alomomola|34\/100\n|-unboost|p1a: Alomomola|spa|1\n|move|p1a: Alomomola|Wish|p1a: Alomomola\n|\n|upkeep\n|turn|51\n|\n|t:|1700496194\n|move|p2a: Clefable|Moonblast|p1a: Alomomola\n|-damage|p1a: Alomomola|5\/100\n|move|p1a: Alomomola|Acrobatics|p2a: Clefable\n|-damage|p2a: Clefable|78\/100 brn\n|\n|-heal|p1a: Alomomola|55\/100|[from] move: Wish|[wisher] Alomomola\n|upkeep\n|turn|52\n|\n|t:|1700496202\n|move|p2a: Clefable|Moonblast|p1a: Alomomola\n|-damage|p1a: Alomomola|25\/100\n|move|p1a: Alomomola|Wish|p1a: Alomomola\n|\n|upkeep\n|turn|53\n|\n|t:|1700496223\n|switch|p1a: Great Tusk|Great Tusk, tera:Steel|84\/100\n|move|p2a: Clefable|Moonblast|p1a: Great Tusk\n|-resisted|p1a: Great Tusk\n|-damage|p1a: Great Tusk|61\/100\n|-unboost|p1a: Great Tusk|spa|1\n|\n|-heal|p1a: Great Tusk|100\/100|[from] move: Wish|[wisher] Alomomola\n|upkeep\n|turn|54\n|\n|t:|1700496231\n|move|p1a: Great Tusk|Rapid Spin|p2a: Clefable\n|-crit|p2a: Clefable\n|-damage|p2a: Clefable|49\/100 brn\n|-boost|p1a: Great Tusk|spe|1\n|-sideend|p1: DartTamarin519|Stealth Rock|[from] move: Rapid Spin|[of] p1a: Great Tusk\n|move|p2a: Clefable|Knock Off|p1a: Great Tusk\n|-damage|p1a: Great Tusk|95\/100\n|-enditem|p1a: Great Tusk|Heavy-Duty Boots|[from] move: Knock Off|[of] p2a: Clefable\n|\n|upkeep\n|turn|55\n|\n|t:|1700496236\n|switch|p2a: Alomomola|Alomomola, F|100\/100\n|move|p1a: Great Tusk|Earthquake|p2a: Alomomola\n|-damage|p2a: Alomomola|75\/100\n|\n|upkeep\n|turn|56\n|\n|t:|1700496242\n|move|p1a: Great Tusk|Knock Off|p2a: Alomomola\n|-damage|p2a: Alomomola|57\/100\n|-enditem|p2a: Alomomola|Heavy-Duty Boots|[from] move: Knock Off|[of] p1a: Great Tusk\n|move|p2a: Alomomola|Wish|p2a: Alomomola\n|\n|upkeep\n|turn|57\n|\n|t:|1700496250\n|-end|p1a: Great Tusk|Protosynthesis|[silent]\n|switch|p1a: Alomomola|Alomomola, F|59\/100\n|move|p2a: Alomomola|Flip Turn|p1a: Alomomola\n|-resisted|p1a: Alomomola\n|-damage|p1a: Alomomola|54\/100\n|\n|t:|1700496252\n|switch|p2a: Clefable|Clefable, M|49\/100 brn|[from] Flip Turn\n|\n|-heal|p2a: Clefable|100\/100 brn|[from] move: Wish|[wisher] Alomomola\n|upkeep\n|turn|58\n|\n|t:|1700496271\n|move|p2a: Clefable|Moonblast|p1a: Alomomola\n|-damage|p1a: Alomomola|23\/100\n|-unboost|p1a: Alomomola|spa|1\n|move|p1a: Alomomola|Wish|p1a: Alomomola\n|\n|upkeep\n|turn|59\n|\n|t:|1700496278\n|switch|p2a: Dondozo|Dondozo, M|97\/100\n|switch|p1a: Zapdos|Zapdos|69\/100\n|\n|-heal|p1a: Zapdos|100\/100|[from] move: Wish|[wisher] Alomomola\n|upkeep\n|turn|60\n|\n|t:|1700496283\n|switch|p2a: Clodsire|Clodsire, F|100\/100\n|move|p1a: Zapdos|Hurricane|p2a: Clodsire\n|-damage|p2a: Clodsire|70\/100\n|\n|upkeep\n|turn|61\n|\n|t:|1700496291\n|switch|p1a: Great Tusk|Great Tusk, tera:Steel|95\/100\n|move|p2a: Clodsire|Spikes|p1a: Great Tusk\n|-sidestart|p1: DartTamarin519|Spikes\n|\n|upkeep\n|turn|62\n|\n|t:|1700496301\n|switch|p2a: Dondozo|Dondozo, M|97\/100\n|move|p1a: Great Tusk|Rapid Spin|p2a: Dondozo\n|-damage|p2a: Dondozo|90\/100\n|-boost|p1a: Great Tusk|spe|1\n|-sideend|p1: DartTamarin519|Spikes|[from] move: Rapid Spin|[of] p1a: Great Tusk\n|\n|upkeep\n|turn|63\n|\n|t:|1700496306\n|move|p1a: Great Tusk|Knock Off|p2a: Dondozo\n|-damage|p2a: Dondozo|74\/100\n|-enditem|p2a: Dondozo|Heavy-Duty Boots|[from] move: Knock Off|[of] p1a: Great Tusk\n|move|p2a: Dondozo|Waterfall|p1a: Great Tusk\n|-crit|p1a: Great Tusk\n|-damage|p1a: Great Tusk|64\/100\n|\n|upkeep\n|turn|64\n|\n|t:|1700496318\n|-end|p1a: Great Tusk|Protosynthesis|[silent]\n|switch|p1a: Zapdos|Zapdos|100\/100\n|move|p2a: Dondozo|Waterfall|p1a: Zapdos\n|-damage|p1a: Zapdos|70\/100\n|\n|upkeep\n|turn|65\n|\n|t:|1700496324\n|switch|p1a: Alomomola|Alomomola, F|57\/100\n|switch|p2a: Clodsire|Clodsire, F|70\/100\n|\n|upkeep\n|turn|66\n|\n|t:|1700496336\n|move|p1a: Alomomola|Wish|p1a: Alomomola\n|move|p2a: Clodsire|Toxic|p1a: Alomomola\n|-status|p1a: Alomomola|tox\n|\n|-damage|p1a: Alomomola|50\/100 tox|[from] psn\n|upkeep\n|turn|67\n|\n|t:|1700496343\n|switch|p1a: Great Tusk|Great Tusk, tera:Steel|64\/100\n|switch|p2a: Alomomola|Alomomola, F|90\/100\n|-damage|p2a: Alomomola|73\/100|[from] Spikes\n|\n|-heal|p1a: Great Tusk|100\/100|[from] move: Wish|[wisher] Alomomola\n|upkeep\n|turn|68\n|\n|t:|1700496358\n|-end|p1a: Great Tusk|Protosynthesis|[silent]\n|switch|p1a: Zapdos|Zapdos|70\/100\n|move|p2a: Alomomola|Wish|p2a: Alomomola\n|\n|upkeep\n|turn|69\n|\n|t:|1700496365\n|switch|p1a: Great Tusk|Great Tusk, tera:Steel|100\/100\n|switch|p2a: Clodsire|Clodsire, F|70\/100\n|\n|-heal|p2a: Clodsire|100\/100|[from] move: Wish|[wisher] Alomomola\n|upkeep\n|turn|70\n|\n|t:|1700496375\n|switch|p2a: Alomomola|Alomomola, F|100\/100\n|-damage|p2a: Alomomola|84\/100|[from] Spikes\n|move|p1a: Great Tusk|Knock Off|p2a: Alomomola\n|-damage|p2a: Alomomola|71\/100\n|\n|upkeep\n|turn|71\n|\n|t:|1700496382\n|move|p1a: Great Tusk|Earthquake|p2a: Alomomola\n|-damage|p2a: Alomomola|43\/100\n|move|p2a: Alomomola|Scald|p1a: Great Tusk\n|-damage|p1a: Great Tusk|82\/100\n|\n|upkeep\n|turn|72\n|\n|t:|1700496390\n|-end|p1a: Great Tusk|Protosynthesis|[silent]\n|switch|p1a: Alomomola|Alomomola, F|84\/100 tox\n|move|p2a: Alomomola|Wish|p2a: Alomomola\n|\n|-damage|p1a: Alomomola|78\/100 tox|[from] psn\n|upkeep\n|turn|73\n|\n|t:|1700496397\n|move|p2a: Alomomola|Protect|p2a: Alomomola\n|-singleturn|p2a: Alomomola|Protect\n|move|p1a: Alomomola|Wish|p1a: Alomomola\n|\n|-heal|p2a: Alomomola|93\/100|[from] move: Wish|[wisher] Alomomola\n|-damage|p1a: Alomomola|65\/100 tox|[from] psn\n|upkeep\n|turn|74\n|\n|t:|1700496400\n|switch|p1a: Ting-Lu|Ting-Lu|71\/100\n|-ability|p1a: Ting-Lu|Vessel of Ruin\n|move|p2a: Alomomola|Wish|p2a: Alomomola\n|\n|-heal|p1a: Ting-Lu|100\/100|[from] move: Wish|[wisher] Alomomola\n|upkeep\n|turn|75\n|\n|t:|1700496403\n|move|p2a: Alomomola|Scald|p1a: Ting-Lu\n|-supereffective|p1a: Ting-Lu\n|-damage|p1a: Ting-Lu|90\/100\n|move|p1a: Ting-Lu|Spikes|p2a: Alomomola\n|-sidestart|p2: idunno_honestly|Spikes\n|\n|-heal|p2a: Alomomola|100\/100|[from] move: Wish|[wisher] Alomomola\n|upkeep\n|turn|76\n|\n|t:|1700496413\n|move|p2a: Alomomola|Scald|p1a: Ting-Lu\n|-supereffective|p1a: Ting-Lu\n|-damage|p1a: Ting-Lu|79\/100\n|move|p1a: Ting-Lu|Stealth Rock|p2a: Alomomola\n|-sidestart|p2: idunno_honestly|move: Stealth Rock\n|\n|upkeep\n|turn|77\n|\n|t:|1700496428\n|switch|p1a: Zapdos|Zapdos|70\/100\n|move|p2a: Alomomola|Scald|p1a: Zapdos\n|-damage|p1a: Zapdos|58\/100\n|\n|upkeep\n|turn|78\n|\n|t:|1700496432\n|switch|p2a: Clodsire|Clodsire, F|100\/100\n|move|p1a: Zapdos|Roost|p1a: Zapdos\n|-heal|p1a: Zapdos|100\/100\n|-singleturn|p1a: Zapdos|move: Roost\n|\n|upkeep\n|turn|79\n|\n|t:|1700496438\n|switch|p1a: Gholdengo|Gholdengo|100\/100\n|-item|p1a: Gholdengo|Air Balloon\n|move|p2a: Clodsire|Spikes|p1a: Gholdengo\n|-sidestart|p1: DartTamarin519|Spikes\n|\n|upkeep\n|turn|80\n|\n|t:|1700496447\n|switch|p1a: Great Tusk|Great Tusk, tera:Steel|82\/100\n|-damage|p1a: Great Tusk|70\/100|[from] Spikes\n|move|p2a: Clodsire|Spikes|p1a: Great Tusk\n|-sidestart|p1: DartTamarin519|Spikes\n|\n|upkeep\n|turn|81\n|\n|t:|1700496451\n|switch|p2a: Dondozo|Dondozo, M|74\/100\n|-damage|p2a: Dondozo|49\/100|[from] Spikes\n|-damage|p2a: Dondozo|37\/100|[from] Stealth Rock\n|move|p1a: Great Tusk|Rapid Spin|p2a: Dondozo\n|-damage|p2a: Dondozo|29\/100\n|-boost|p1a: Great Tusk|spe|1\n|-sideend|p1: DartTamarin519|Spikes|[from] move: Rapid Spin|[of] p1a: Great Tusk\n|\n|upkeep\n|turn|82\n|\n|t:|1700496463\n|move|p1a: Great Tusk|Close Combat|p2a: Dondozo\n|-damage|p2a: Dondozo|2\/100\n|-unboost|p1a: Great Tusk|def|1\n|-unboost|p1a: Great Tusk|spd|1\n|move|p2a: Dondozo|Rest|p2a: Dondozo\n|-status|p2a: Dondozo|slp|[from] move: Rest\n|-heal|p2a: Dondozo|100\/100 slp|[silent]\n|\n|upkeep\n|turn|83\n|\n|t:|1700496473\n|-end|p1a: Great Tusk|Protosynthesis|[silent]\n|switch|p1a: Zapdos|Zapdos|100\/100\n|cant|p2a: Dondozo|slp\n|move|p2a: Dondozo|Sleep Talk|p2a: Dondozo\n|move|p2a: Dondozo|Rest||[from]move: Sleep Talk|[still]\n|-fail|p2a: Dondozo\n|\n|upkeep\n|turn|84\n|\n|t:|1700496480\n|switch|p1a: Great Tusk|Great Tusk, tera:Steel|70\/100\n|switch|p2a: Clodsire|Clodsire, F|100\/100\n|\n|upkeep\n|turn|85\n|inactive|DartTamarin519 has 120 seconds left.\n|\n|t:|1700496522\n|-end|p1a: Great Tusk|Protosynthesis|[silent]\n|switch|p1a: Gholdengo|Gholdengo|100\/100\n|-item|p1a: Gholdengo|Air Balloon\n|switch|p2a: Clefable|Clefable, M|100\/100 brn\n|\n|upkeep\n|turn|86\n|\n|t:|1700496534\n|switch|p2a: Clodsire|Clodsire, F|100\/100\n|move|p1a: Gholdengo|Nasty Plot|p1a: Gholdengo\n|-boost|p1a: Gholdengo|spa|2\n|\n|upkeep\n|turn|87\n|\n|t:|1700496539\n|move|p1a: Gholdengo|Nasty Plot|p1a: Gholdengo\n|-boost|p1a: Gholdengo|spa|2\n|move|p2a: Clodsire|Spikes|p1a: Gholdengo\n|-sidestart|p1: DartTamarin519|Spikes\n|\n|upkeep\n|turn|88\n|\n|t:|1700496543\n|move|p1a: Gholdengo|Shadow Ball|p2a: Clodsire\n|-damage|p2a: Clodsire|77\/100\n|move|p2a: Clodsire|Spikes|p1a: Gholdengo\n|-sidestart|p1: DartTamarin519|Spikes\n|\n|upkeep\n|turn|89\n|\n|t:|1700496548\n|move|p1a: Gholdengo|Shadow Ball|p2a: Clodsire\n|-damage|p2a: Clodsire|51\/100\n|move|p2a: Clodsire|Spikes|p1a: Gholdengo\n|-sidestart|p1: DartTamarin519|Spikes\n|\n|upkeep\n|turn|90\n|\n|t:|1700496555\n|move|p1a: Gholdengo|Shadow Ball|p2a: Clodsire\n|-damage|p2a: Clodsire|24\/100\n|move|p2a: Clodsire|Recover|p2a: Clodsire\n|-heal|p2a: Clodsire|74\/100\n|\n|upkeep\n|turn|91\n|\n|t:|1700496560\n|switch|p2a: Blissey|Blissey, F|63\/100\n|move|p1a: Gholdengo|Shadow Ball|p2a: Blissey\n|-immune|p2a: Blissey\n|\n|upkeep\n|turn|92\n|\n|t:|1700496573\n|switch|p1a: Alomomola|Alomomola, F|99\/100 tox\n|-damage|p1a: Alomomola|74\/100 tox|[from] Spikes\n|switch|p2a: Clodsire|Clodsire, F|74\/100\n|\n|-damage|p1a: Alomomola|68\/100 tox|[from] psn\n|upkeep\n|turn|93\n|\n|t:|1700496582\n|switch|p2a: Clefable|Clefable, M|100\/100 brn\n|move|p1a: Alomomola|Wish|p1a: Alomomola\n|\n|-damage|p1a: Alomomola|55\/100 tox|[from] psn\n|upkeep\n|turn|94\n|\n|t:|1700496587\n|switch|p1a: Great Tusk|Great Tusk, tera:Steel|70\/100\n|-damage|p1a: Great Tusk|45\/100|[from] Spikes\n|move|p2a: Clefable|Wish|p2a: Clefable\n|\n|-heal|p1a: Great Tusk|100\/100|[from] move: Wish|[wisher] Alomomola\n|upkeep\n|turn|95\n|\n|t:|1700496590\n|switch|p2a: Dondozo|Dondozo, M|100\/100 slp\n|-damage|p2a: Dondozo|76\/100 slp|[from] Spikes\n|-damage|p2a: Dondozo|63\/100 slp|[from] Stealth Rock\n|move|p1a: Great Tusk|Rapid Spin|p2a: Dondozo\n|-damage|p2a: Dondozo|55\/100 slp\n|-boost|p1a: Great Tusk|spe|1\n|-sideend|p1: DartTamarin519|Spikes|[from] move: Rapid Spin|[of] p1a: Great Tusk\n|\n|-heal|p2a: Dondozo|94\/100 slp|[from] move: Wish|[wisher] Clefable\n|upkeep\n|turn|96\n|\n|t:|1700496597\n|-end|p1a: Great Tusk|Protosynthesis|[silent]\n|switch|p1a: Zapdos|Zapdos|100\/100\n|cant|p2a: Dondozo|slp\n|move|p2a: Dondozo|Sleep Talk|p2a: Dondozo\n|move|p2a: Dondozo|Waterfall|p1a: Zapdos|[from]move: Sleep Talk\n|-damage|p1a: Zapdos|72\/100\n|\n|upkeep\n|turn|97\n|inactive|DartTamarin519 has 120 seconds left.\n|\n|t:|1700496630\n|switch|p1a: Gholdengo|Gholdengo|100\/100\n|-item|p1a: Gholdengo|Air Balloon\n|switch|p2a: Clodsire|Clodsire, F|74\/100\n|\n|upkeep\n|turn|98\n|inactive|DartTamarin519 has 120 seconds left.\n|\n|t:|1700496641\n|move|p1a: Gholdengo|Shadow Ball|p2a: Clodsire\n|-damage|p2a: Clodsire|50\/100\n|move|p2a: Clodsire|Spikes|p1a: Gholdengo\n|-sidestart|p1: DartTamarin519|Spikes\n|\n|upkeep\n|turn|99\n|\n|t:|1700496646\n|move|p1a: Gholdengo|Shadow Ball|p2a: Clodsire\n|-damage|p2a: Clodsire|26\/100\n|move|p2a: Clodsire|Recover|p2a: Clodsire\n|-heal|p2a: Clodsire|77\/100\n|\n|upkeep\n|turn|100\n|inactive|DartTamarin519 has 120 seconds left.\n|\n|t:|1700496653\n|switch|p2a: Blissey|Blissey, F|63\/100\n|move|p1a: Gholdengo|Shadow Ball|p2a: Blissey\n|-immune|p2a: Blissey\n|\n|upkeep\n|turn|101\n|\n|t:|1700496658\n|move|p1a: Gholdengo|Make It Rain|p2a: Blissey\n|-damage|p2a: Blissey|36\/100\n|-unboost|p1a: Gholdengo|spa|1\n|move|p2a: Blissey|Soft-Boiled|p2a: Blissey\n|-heal|p2a: Blissey|86\/100\n|\n|upkeep\n|turn|102\n|inactive|DartTamarin519 has 120 seconds left.\n|\n|t:|1700496669\n|switch|p1a: Zapdos|Zapdos|72\/100\n|move|p2a: Blissey|Stealth Rock|p1a: Zapdos\n|-sidestart|p1: DartTamarin519|move: Stealth Rock\n|\n|upkeep\n|turn|103\n|inactive|DartTamarin519 has 120 seconds left.\n|\n|t:|1700496676\n|switch|p2a: Clodsire|Clodsire, F|77\/100\n|move|p1a: Zapdos|Volt Switch|p2a: Clodsire\n|-immune|p2a: Clodsire\n|\n|upkeep\n|turn|104\n|\n|t:|1700496682\n|switch|p1a: Great Tusk|Great Tusk, tera:Steel|100\/100\n|-damage|p1a: Great Tusk|88\/100|[from] Spikes\n|-damage|p1a: Great Tusk|82\/100|[from] Stealth Rock\n|move|p2a: Clodsire|Earthquake|p1a: Great Tusk\n|-supereffective|p1a: Great Tusk\n|-damage|p1a: Great Tusk|38\/100\n|\n|upkeep\n|turn|105\n|\n|t:|1700496687\n|switch|p2a: Clefable|Clefable, M|100\/100 brn\n|move|p1a: Great Tusk|Rapid Spin|p2a: Clefable\n|-damage|p2a: Clefable|79\/100 brn\n|-boost|p1a: Great Tusk|spe|1\n|-sideend|p1: DartTamarin519|Spikes|[from] move: Rapid Spin|[of] p1a: Great Tusk\n|-sideend|p1: DartTamarin519|Stealth Rock|[from] move: Rapid Spin|[of] p1a: Great Tusk\n|\n|upkeep\n|turn|106\n|\n|t:|1700496696\n|move|p1a: Great Tusk|Earthquake|p2a: Clefable\n|-damage|p2a: Clefable|20\/100 brn\n|move|p2a: Clefable|Moonblast|p1a: Great Tusk\n|-resisted|p1a: Great Tusk\n|-damage|p1a: Great Tusk|14\/100\n|\n|upkeep\n|turn|107\n|\n|t:|1700496706\n|switch|p2a: Dondozo|Dondozo, M|94\/100 slp\n|-damage|p2a: Dondozo|69\/100 slp|[from] Spikes\n|-damage|p2a: Dondozo|57\/100 slp|[from] Stealth Rock\n|move|p1a: Great Tusk|Earthquake|p2a: Dondozo\n|-damage|p2a: Dondozo|34\/100 slp\n|\n|upkeep\n|turn|108\n|\n|t:|1700496719\n|-end|p1a: Great Tusk|Protosynthesis|[silent]\n|switch|p1a: Alomomola|Alomomola, F|89\/100 tox\n|-curestatus|p2a: Dondozo|slp|[msg]\n|move|p2a: Dondozo|Rest|p2a: Dondozo\n|-status|p2a: Dondozo|slp|[from] move: Rest\n|-heal|p2a: Dondozo|100\/100 slp|[silent]\n|\n|-damage|p1a: Alomomola|82\/100 tox|[from] psn\n|upkeep\n|turn|109\n|\n|t:|1700496724\n|switch|p2a: Clefable|Clefable, M|20\/100 brn\n|move|p1a: Alomomola|Wish|p1a: Alomomola\n|\n|-damage|p1a: Alomomola|70\/100 tox|[from] psn\n|upkeep\n|turn|110\n|\n|t:|1700496728\n|move|p2a: Clefable|Wish|p2a: Clefable\n|move|p1a: Alomomola|Flip Turn|p2a: Clefable\n|-damage|p2a: Clefable|2\/100 brn\n|\n|t:|1700496730\n|switch|p1a: Great Tusk|Great Tusk, tera:Steel|14\/100|[from] Flip Turn\n|\n|-heal|p1a: Great Tusk|77\/100|[from] move: Wish|[wisher] Alomomola\n|upkeep\n|turn|111\n|\n|t:|1700496740\n|move|p2a: Clefable|Protect|p2a: Clefable\n|-singleturn|p2a: Clefable|Protect\n|move|p1a: Great Tusk|Earthquake|p2a: Clefable\n|-activate|p2a: Clefable|move: Protect\n|\n|-heal|p2a: Clefable|52\/100 brn|[from] move: Wish|[wisher] Clefable\n|upkeep\n|turn|112\n|\n|t:|1700496745\n|switch|p2a: Dondozo|Dondozo, M|100\/100 slp\n|-damage|p2a: Dondozo|76\/100 slp|[from] Spikes\n|-damage|p2a: Dondozo|63\/100 slp|[from] Stealth Rock\n|move|p1a: Great Tusk|Earthquake|p2a: Dondozo\n|-damage|p2a: Dondozo|39\/100 slp\n|\n|upkeep\n|turn|113\n|\n|t:|1700496753\n|move|p1a: Great Tusk|Earthquake|p2a: Dondozo\n|-damage|p2a: Dondozo|15\/100 slp\n|cant|p2a: Dondozo|slp\n|move|p2a: Dondozo|Sleep Talk|p2a: Dondozo\n|move|p2a: Dondozo|Curse|p2a: Dondozo|[from]move: Sleep Talk\n|-unboost|p2a: Dondozo|spe|1\n|-boost|p2a: Dondozo|atk|1\n|-boost|p2a: Dondozo|def|1\n|\n|upkeep\n|turn|114\n|\n|t:|1700496765\n|move|p1a: Great Tusk|Earthquake|p2a: Dondozo\n|-damage|p2a: Dondozo|0 fnt\n|faint|p2a: Dondozo\n|\n|upkeep\n|\n|t:|1700496768\n|switch|p2a: Alomomola|Alomomola, F|100\/100\n|-damage|p2a: Alomomola|76\/100|[from] Spikes\n|-damage|p2a: Alomomola|63\/100|[from] Stealth Rock\n|turn|115\n|\n|t:|1700496786\n|-end|p1a: Great Tusk|Protosynthesis|[silent]\n|switch|p1a: Zapdos|Zapdos|72\/100\n|move|p2a: Alomomola|Wish|p2a: Alomomola\n|\n|upkeep\n|turn|116\n|\n|t:|1700496795\n|switch|p2a: Clodsire|Clodsire, F|77\/100\n|move|p1a: Zapdos|Hurricane|p2a: Clodsire\n|-damage|p2a: Clodsire|45\/100\n|\n|-heal|p2a: Clodsire|100\/100|[from] move: Wish|[wisher] Alomomola\n|upkeep\n|turn|117\n|\n|t:|1700496814\n|switch|p1a: Alomomola|Alomomola, F|100\/100 tox\n|move|p2a: Clodsire|Earthquake|p1a: Alomomola\n|-damage|p1a: Alomomola|83\/100 tox\n|\n|-damage|p1a: Alomomola|77\/100 tox|[from] psn\n|upkeep\n|turn|118\n|\n|t:|1700496816\n|move|p1a: Alomomola|Wish|p1a: Alomomola\n|move|p2a: Clodsire|Spikes|p1a: Alomomola\n|-sidestart|p1: DartTamarin519|Spikes\n|\n|-damage|p1a: Alomomola|64\/100 tox|[from] psn\n|upkeep\n|turn|119\n|\n|t:|1700496822\n|move|p1a: Alomomola|Scald|p2a: Clodsire\n|-supereffective|p2a: Clodsire\n|-damage|p2a: Clodsire|85\/100\n|move|p2a: Clodsire|Earthquake|p1a: Alomomola\n|-damage|p1a: Alomomola|48\/100 tox\n|\n|-heal|p1a: Alomomola|98\/100 tox|[from] move: Wish|[wisher] Alomomola\n|-damage|p1a: Alomomola|80\/100 tox|[from] psn\n|upkeep\n|turn|120\n|\n|t:|1700496828\n|move|p1a: Alomomola|Wish|p1a: Alomomola\n|move|p2a: Clodsire|Spikes|p1a: Alomomola\n|-sidestart|p1: DartTamarin519|Spikes\n|\n|-damage|p1a: Alomomola|55\/100 tox|[from] psn\n|upkeep\n|turn|121\n|\n|t:|1700496831\n|switch|p1a: Gholdengo|Gholdengo|100\/100\n|-item|p1a: Gholdengo|Air Balloon\n|move|p2a: Clodsire|Earthquake|p1a: Gholdengo\n|-immune|p1a: Gholdengo\n|\n|upkeep\n|turn|122\n|\n|t:|1700496840\n|switch|p1a: Great Tusk|Great Tusk, tera:Steel|77\/100\n|-damage|p1a: Great Tusk|61\/100|[from] Spikes\n|move|p2a: Clodsire|Spikes|p1a: Great Tusk\n|-sidestart|p1: DartTamarin519|Spikes\n|\n|upkeep\n|turn|123\n|\n|t:|1700496846\n|switch|p2a: Alomomola|Alomomola, F|97\/100\n|-damage|p2a: Alomomola|72\/100|[from] Spikes\n|-damage|p2a: Alomomola|59\/100|[from] Stealth Rock\n|move|p1a: Great Tusk|Rapid Spin|p2a: Alomomola\n|-damage|p2a: Alomomola|50\/100\n|-boost|p1a: Great Tusk|spe|1\n|-sideend|p1: DartTamarin519|Spikes|[from] move: Rapid Spin|[of] p1a: Great Tusk\n|\n|upkeep\n|turn|124\n|\n|t:|1700496853\n|-end|p1a: Great Tusk|Protosynthesis|[silent]\n|switch|p1a: Zapdos|Zapdos|72\/100\n|move|p2a: Alomomola|Wish|p2a: Alomomola\n|\n|upkeep\n|turn|125\n|\n|t:|1700496858\n|move|p2a: Alomomola|Protect|p2a: Alomomola\n|-singleturn|p2a: Alomomola|Protect\n|move|p1a: Zapdos|Hurricane|p2a: Alomomola\n|-activate|p2a: Alomomola|move: Protect\n|\n|-heal|p2a: Alomomola|99\/100|[from] move: Wish|[wisher] Alomomola\n|upkeep\n|turn|126\n|\n|t:|1700496862\n|switch|p2a: Clodsire|Clodsire, F|85\/100\n|move|p1a: Zapdos|Hurricane|p2a: Clodsire\n|-damage|p2a: Clodsire|53\/100\n|\n|upkeep\n|turn|127\n|\n|t:|1700496870\n|switch|p1a: Ting-Lu|Ting-Lu|79\/100\n|-ability|p1a: Ting-Lu|Vessel of Ruin\n|move|p2a: Clodsire|Recover|p2a: Clodsire\n|-heal|p2a: Clodsire|100\/100\n|\n|upkeep\n|turn|128\n|\n|t:|1700496875\n|move|p2a: Clodsire|Toxic|p1a: Ting-Lu\n|-status|p1a: Ting-Lu|tox\n|move|p1a: Ting-Lu|Whirlwind|p2a: Clodsire\n|drag|p2a: Alomomola|Alomomola, F|100\/100\n|-damage|p2a: Alomomola|76\/100|[from] Spikes\n|-damage|p2a: Alomomola|63\/100|[from] Stealth Rock\n|\n|-damage|p1a: Ting-Lu|73\/100 tox|[from] psn\n|upkeep\n|turn|129\n|\n|t:|1700496880\n|switch|p1a: Alomomola|Alomomola, F|88\/100 tox\n|move|p2a: Alomomola|Wish|p2a: Alomomola\n|\n|-damage|p1a: Alomomola|82\/100 tox|[from] psn\n|upkeep\n|turn|130\n|\n|t:|1700496882\n|move|p2a: Alomomola|Flip Turn|p1a: Alomomola\n|-resisted|p1a: Alomomola\n|-damage|p1a: Alomomola|77\/100 tox\n|\n|t:|1700496885\n|switch|p2a: Clefable|Clefable, M|52\/100 brn|[from] Flip Turn\n|move|p1a: Alomomola|Wish|p1a: Alomomola\n|\n|-heal|p2a: Clefable|100\/100 brn|[from] move: Wish|[wisher] Alomomola\n|-damage|p1a: Alomomola|65\/100 tox|[from] psn\n|upkeep\n|turn|131\n|\n|t:|1700496890\n|move|p2a: Clefable|Moonblast|p1a: Alomomola\n|-damage|p1a: Alomomola|35\/100 tox\n|move|p1a: Alomomola|Flip Turn|p2a: Clefable\n|-damage|p2a: Clefable|82\/100 brn\n|\n|t:|1700496896\n|switch|p1a: Great Tusk|Great Tusk, tera:Steel|61\/100|[from] Flip Turn\n|\n|-heal|p1a: Great Tusk|100\/100|[from] move: Wish|[wisher] Alomomola\n|upkeep\n|turn|132\n|\n|t:|1700496903\n|switch|p2a: Alomomola|Alomomola, F|97\/100\n|-damage|p2a: Alomomola|72\/100|[from] Spikes\n|-damage|p2a: Alomomola|59\/100|[from] Stealth Rock\n|move|p1a: Great Tusk|Earthquake|p2a: Alomomola\n|-damage|p2a: Alomomola|31\/100\n|\n|upkeep\n|turn|133\n|inactive|DartTamarin519 has 120 seconds left.\n|\n|t:|1700496935\n|move|p2a: Alomomola|Protect|p2a: Alomomola\n|-singleturn|p2a: Alomomola|Protect\n|move|p1a: Great Tusk|Close Combat|p2a: Alomomola\n|-activate|p2a: Alomomola|move: Protect\n|\n|upkeep\n|turn|134\n|\n|t:|1700496939\n|switch|p2a: Clefable|Clefable, M|82\/100 brn\n|move|p1a: Great Tusk|Close Combat|p2a: Clefable\n|-resisted|p2a: Clefable\n|-damage|p2a: Clefable|48\/100 brn\n|-unboost|p1a: Great Tusk|def|1\n|-unboost|p1a: Great Tusk|spd|1\n|\n|upkeep\n|turn|135\n|\n|t:|1700496948\n|-end|p1a: Great Tusk|Protosynthesis|[silent]\n|switch|p1a: Zapdos|Zapdos|72\/100\n|move|p2a: Clefable|Protect||[still]\n|-fail|p2a: Clefable\n|\n|upkeep\n|turn|136\n|\n|t:|1700496957\n|move|p1a: Zapdos|Volt Switch|p2a: Clefable\n|-damage|p2a: Clefable|23\/100 brn\n|\n|t:|1700496966\n|switch|p1a: Ting-Lu|Ting-Lu|73\/100 tox|[from] Volt Switch\n|-ability|p1a: Ting-Lu|Vessel of Ruin\n|move|p2a: Clefable|Wish|p2a: Clefable\n|\n|-damage|p1a: Ting-Lu|67\/100 tox|[from] psn\n|upkeep\n|turn|137\n|\n|t:|1700496974\n|move|p2a: Clefable|Protect|p2a: Clefable\n|-singleturn|p2a: Clefable|Protect\n|move|p1a: Ting-Lu|Whirlwind|p2a: Clefable\n|drag|p2a: Blissey|Blissey, F|86\/100\n|\n|-heal|p2a: Blissey|100\/100|[from] move: Wish|[wisher] Clefable\n|-damage|p1a: Ting-Lu|55\/100 tox|[from] psn\n|upkeep\n|turn|138\n|\n|t:|1700496981\n|move|p2a: Blissey|Stealth Rock|p1a: Ting-Lu\n|-sidestart|p1: DartTamarin519|move: Stealth Rock\n|move|p1a: Ting-Lu|Ruination|p2a: Blissey\n|-damage|p2a: Blissey|50\/100\n|\n|-damage|p1a: Ting-Lu|36\/100 tox|[from] psn\n|upkeep\n|turn|139\n|\n|t:|1700496987\n|switch|p2a: Clefable|Clefable, M|23\/100 brn\n|switch|p1a: Alomomola|Alomomola, F|68\/100 tox\n|-damage|p1a: Alomomola|56\/100 tox|[from] Stealth Rock\n|\n|-damage|p1a: Alomomola|50\/100 tox|[from] psn\n|upkeep\n|turn|140\n|\n|t:|1700496993\n|move|p2a: Clefable|Wish|p2a: Clefable\n|move|p1a: Alomomola|Wish|p1a: Alomomola\n|\n|-damage|p1a: Alomomola|37\/100 tox|[from] psn\n|upkeep\n|turn|141\n|\n|t:|1700497001\n|move|p2a: Clefable|Moonblast|p1a: Alomomola\n|-damage|p1a: Alomomola|10\/100 tox\n|move|p1a: Alomomola|Acrobatics|p2a: Clefable\n|-damage|p2a: Clefable|0 fnt\n|faint|p2a: Clefable\n|\n|-heal|p1a: Alomomola|60\/100 tox|[from] move: Wish|[wisher] Alomomola\n|-damage|p1a: Alomomola|41\/100 tox|[from] psn\n|upkeep\n|\n|t:|1700497007\n|switch|p2a: Alomomola|Alomomola, F|64\/100\n|-damage|p2a: Alomomola|39\/100|[from] Spikes\n|-damage|p2a: Alomomola|27\/100|[from] Stealth Rock\n|turn|142\n|\n|t:|1700497018\n|move|p2a: Alomomola|Wish|p2a: Alomomola\n|move|p1a: Alomomola|Wish|p1a: Alomomola\n|\n|-damage|p1a: Alomomola|17\/100 tox|[from] psn\n|upkeep\n|turn|143\n|\n|t:|1700497025\n|switch|p1a: Zapdos|Zapdos|72\/100\n|-damage|p1a: Zapdos|47\/100|[from] Stealth Rock\n|move|p2a: Alomomola|Protect||[still]\n|-fail|p2a: Alomomola\n|\n|-heal|p2a: Alomomola|77\/100|[from] move: Wish|[wisher] Alomomola\n|-heal|p1a: Zapdos|100\/100|[from] move: Wish|[wisher] Alomomola\n|upkeep\n|turn|144\n|\n|t:|1700497029\n|switch|p1a: Great Tusk|Great Tusk, tera:Steel|100\/100\n|-damage|p1a: Great Tusk|94\/100|[from] Stealth Rock\n|switch|p2a: Clodsire|Clodsire, F|100\/100\n|\n|upkeep\n|turn|145\n|\n|t:|1700497041\n|switch|p2a: Alomomola|Alomomola, F|100\/100\n|-damage|p2a: Alomomola|76\/100|[from] Spikes\n|-damage|p2a: Alomomola|63\/100|[from] Stealth Rock\n|move|p1a: Great Tusk|Close Combat|p2a: Alomomola\n|-damage|p2a: Alomomola|28\/100\n|-unboost|p1a: Great Tusk|def|1\n|-unboost|p1a: Great Tusk|spd|1\n|\n|upkeep\n|turn|146\n|\n|t:|1700497051\n|move|p2a: Alomomola|Protect|p2a: Alomomola\n|-singleturn|p2a: Alomomola|Protect\n|move|p1a: Great Tusk|Close Combat|p2a: Alomomola\n|-activate|p2a: Alomomola|move: Protect\n|\n|upkeep\n|turn|147\n|\n|t:|1700497054\n|switch|p2a: Clodsire|Clodsire, F|100\/100\n|move|p1a: Great Tusk|Close Combat|p2a: Clodsire\n|-resisted|p2a: Clodsire\n|-damage|p2a: Clodsire|68\/100\n|-unboost|p1a: Great Tusk|def|1\n|-unboost|p1a: Great Tusk|spd|1\n|\n|upkeep\n|turn|148\n|\n|t:|1700497065\n|switch|p2a: Alomomola|Alomomola, F|61\/100\n|-damage|p2a: Alomomola|36\/100|[from] Spikes\n|-damage|p2a: Alomomola|24\/100|[from] Stealth Rock\n|move|p1a: Great Tusk|Earthquake|p2a: Alomomola\n|-damage|p2a: Alomomola|0 fnt\n|faint|p2a: Alomomola\n|\n|upkeep\n|\n|t:|1700497070\n|switch|p2a: Blissey|Blissey, F|50\/100\n|turn|149\n|\n|t:|1700497074\n|move|p1a: Great Tusk|Knock Off|p2a: Blissey\n|-damage|p2a: Blissey|19\/100\n|-enditem|p2a: Blissey|Heavy-Duty Boots|[from] move: Knock Off|[of] p1a: Great Tusk\n|move|p2a: Blissey|Soft-Boiled|p2a: Blissey\n|-heal|p2a: Blissey|69\/100\n|\n|upkeep\n|turn|150\n|\n|t:|1700497086\n|-end|p1a: Great Tusk|Protosynthesis|[silent]\n|switch|p1a: Zapdos|Zapdos|100\/100\n|-damage|p1a: Zapdos|76\/100|[from] Stealth Rock\n|move|p2a: Blissey|Soft-Boiled|p2a: Blissey\n|-heal|p2a: Blissey|100\/100\n|\n|upkeep\n|turn|151\n|\n|t:|1700497099\n|move|p1a: Zapdos|Hurricane|p2a: Blissey\n|-damage|p2a: Blissey|77\/100\n|-start|p2a: Blissey|confusion\n|-activate|p2a: Blissey|confusion\n|move|p2a: Blissey|Seismic Toss|p1a: Zapdos\n|-damage|p1a: Zapdos|50\/100\n|\n|upkeep\n|turn|152\n|\n|t:|1700497106\n|move|p1a: Zapdos|Roost|p1a: Zapdos\n|-heal|p1a: Zapdos|99\/100\n|-singleturn|p1a: Zapdos|move: Roost\n|-activate|p2a: Blissey|confusion\n|move|p2a: Blissey|Seismic Toss|p1a: Zapdos\n|-damage|p1a: Zapdos|74\/100\n|-status|p2a: Blissey|par|[from] ability: Static|[of] p1a: Zapdos\n|\n|upkeep\n|turn|153\n|\n|t:|1700497112\n|switch|p1a: Alomomola|Alomomola, F|50\/100 tox\n|-damage|p1a: Alomomola|38\/100 tox|[from] Stealth Rock\n|-end|p2a: Blissey|confusion\n|move|p2a: Blissey|Heal Bell|p2a: Blissey\n|-activate|p2a: Blissey|move: Heal Bell\n|-curestatus|p2a: Blissey|par|[msg]\n|\n|-damage|p1a: Alomomola|31\/100 tox|[from] psn\n|upkeep\n|turn|154\n|\n|t:|1700497116\n|move|p1a: Alomomola|Wish|p1a: Alomomola\n|move|p2a: Blissey|Seismic Toss|p1a: Alomomola\n|-damage|p1a: Alomomola|10\/100 tox\n|\n|-damage|p1a: Alomomola|0 fnt|[from] psn\n|faint|p1a: Alomomola\n|upkeep\n|\n|t:|1700497124\n|switch|p1a: Ting-Lu|Ting-Lu|36\/100 tox\n|-damage|p1a: Ting-Lu|30\/100 tox|[from] Stealth Rock\n|-ability|p1a: Ting-Lu|Vessel of Ruin\n|turn|155\n|\n|t:|1700497130\n|move|p2a: Blissey|Seismic Toss|p1a: Ting-Lu\n|-damage|p1a: Ting-Lu|10\/100 tox\n|move|p1a: Ting-Lu|Ruination|p2a: Blissey|[miss]\n|-miss|p1a: Ting-Lu|p2a: Blissey\n|\n|-heal|p1a: Ting-Lu|56\/100 tox|[from] move: Wish|[wisher] Alomomola\n|-damage|p1a: Ting-Lu|50\/100 tox|[from] psn\n|upkeep\n|turn|156\n|\n|t:|1700497143\n|switch|p1a: Gholdengo|Gholdengo|100\/100\n|-damage|p1a: Gholdengo|94\/100|[from] Stealth Rock\n|-item|p1a: Gholdengo|Air Balloon\n|move|p2a: Blissey|Seismic Toss|p1a: Gholdengo\n|-immune|p1a: Gholdengo\n|\n|upkeep\n|turn|157\n|\n|t:|1700497147\n|switch|p2a: Clodsire|Clodsire, F|68\/100\n|move|p1a: Gholdengo|Nasty Plot|p1a: Gholdengo\n|-boost|p1a: Gholdengo|spa|2\n|\n|upkeep\n|turn|158\n|\n|t:|1700497152\n|move|p1a: Gholdengo|Nasty Plot|p1a: Gholdengo\n|-boost|p1a: Gholdengo|spa|2\n|move|p2a: Clodsire|Recover|p2a: Clodsire\n|-heal|p2a: Clodsire|100\/100\n|\n|upkeep\n|turn|159\n|\n|t:|1700497155\n|move|p1a: Gholdengo|Nasty Plot|p1a: Gholdengo\n|-boost|p1a: Gholdengo|spa|2\n|move|p2a: Clodsire|Earthquake|p1a: Gholdengo\n|-immune|p1a: Gholdengo\n|\n|upkeep\n|turn|160\n|\n|t:|1700497161\n|move|p1a: Gholdengo|Shadow Ball|p2a: Clodsire\n|-damage|p2a: Clodsire|77\/100\n|move|p2a: Clodsire|Earthquake|p1a: Gholdengo\n|-immune|p1a: Gholdengo\n|\n|upkeep\n|turn|161\n|\n|t:|1700497166\n|move|p1a: Gholdengo|Shadow Ball|p2a: Clodsire\n|-damage|p2a: Clodsire|54\/100\n|move|p2a: Clodsire|Spikes|p1a: Gholdengo\n|-sidestart|p1: DartTamarin519|Spikes\n|\n|upkeep\n|turn|162\n|\n|t:|1700497170\n|move|p1a: Gholdengo|Shadow Ball|p2a: Clodsire\n|-damage|p2a: Clodsire|27\/100\n|move|p2a: Clodsire|Earthquake|p1a: Gholdengo\n|-immune|p1a: Gholdengo\n|\n|upkeep\n|turn|163\n|\n|t:|1700497179\n|move|p1a: Gholdengo|Make It Rain|p2a: Clodsire\n|-crit|p2a: Clodsire\n|-damage|p2a: Clodsire|0 fnt\n|-unboost|p1a: Gholdengo|spa|1\n|faint|p2a: Clodsire\n|\n|upkeep\n|\n|t:|1700497183\n|switch|p2a: Blissey|Blissey, F|77\/100\n|-damage|p2a: Blissey|52\/100|[from] Spikes\n|-damage|p2a: Blissey|40\/100|[from] Stealth Rock\n|turn|164\n|\n|t:|1700497191\n|move|p1a: Gholdengo|Make It Rain|p2a: Blissey\n|-damage|p2a: Blissey|0 fnt\n|-unboost|p1a: Gholdengo|spa|1\n|faint|p2a: Blissey\n|\n|win|DartTamarin519\n|raw|DartTamarin519's rating: 1215 &rarr; <strong>1242<\/strong><br \/>(+27 for winning)\n|raw|idunno_honestly's rating: 1245 &rarr; <strong>1218<\/strong><br \/>(-27 for losing)\n|c|\u2606DartTamarin519|Gg\n|c|\u2606idunno_honestly|gg\n|l|\u2606idunno_honestly\n","uploadtime":1700497211,"views":9,"p1id":"darttamarin519","p2id":"idunnohonestly","formatid":"gen9ou","rating":1218,"private":0,"password":""}