{"id":"gen9ou-1989043934","p1":"High Mighty Weasel","p2":"BattleBlazikenVGC","format":"[Gen 9] OU","log":"|j|\u2606High Mighty Weasel\n|j|\u2606BattleBlazikenVGC\n|t:|1699805876\n|gametype|singles\n|player|p1|High Mighty Weasel|cynthia-gen7|1583\n|player|p2|BattleBlazikenVGC|ltsurge|1470\n|teamsize|p1|6\n|teamsize|p2|6\n|gen|9\n|tier|[Gen 9] OU\n|rated|\n|rule|Sleep Clause Mod: Limit one foe put to sleep\n|rule|Species Clause: Limit one of each Pok\u00e9mon\n|rule|OHKO Clause: OHKO moves are banned\n|rule|Evasion Items Clause: Evasion items are banned\n|rule|Evasion Moves Clause: Evasion moves are banned\n|rule|Endless Battle Clause: Forcing endless battles is banned\n|rule|HP Percentage Mod: HP is shown in percentages\n|clearpoke\n|poke|p1|Garchomp, M|\n|poke|p1|Samurott-Hisui, M|\n|poke|p1|Iron Valiant|\n|poke|p1|Heatran, M|\n|poke|p1|Ogerpon-Cornerstone, F|\n|poke|p1|Scizor, M|\n|poke|p2|Ribombee, F|\n|poke|p2|Gholdengo|\n|poke|p2|Coalossal, F|\n|poke|p2|Kingambit, F|\n|poke|p2|Ogerpon-Wellspring, F|\n|poke|p2|Landorus-Therian, M|\n|teampreview\n|j| Cheesecake9764\n|\n|t:|1699805899\n|start\n|switch|p1a: Scizor|Scizor, M|100\/100\n|switch|p2a: Ribombee|Ribombee, F|100\/100\n|turn|1\n|\n|t:|1699805903\n|switch|p2a: Coalossal|Coalossal, F|100\/100\n|move|p1a: Scizor|Bullet Punch|p2a: Coalossal\n|-crit|p2a: Coalossal\n|-damage|p2a: Coalossal|66\/100\n|\n|upkeep\n|turn|2\n|\n|t:|1699805913\n|switch|p1a: Samurott|Samurott-Hisui, M|100\/100\n|move|p2a: Coalossal|Heat Wave|p1a: Samurott\n|-resisted|p1a: Samurott\n|-damage|p1a: Samurott|82\/100\n|\n|upkeep\n|turn|3\n|\n|t:|1699805919\n|switch|p2a: Ribombee|Ribombee, F|100\/100\n|move|p1a: Samurott|Razor Shell|p2a: Ribombee\n|-damage|p2a: Ribombee|9\/100\n|\n|upkeep\n|turn|4\n|\n|t:|1699805924\n|move|p2a: Ribombee|Sticky Web|p1a: Samurott\n|-sidestart|p1: High Mighty Weasel|move: Sticky Web\n|move|p1a: Samurott|Ceaseless Edge|p2a: Ribombee\n|-resisted|p2a: Ribombee\n|-damage|p2a: Ribombee|0 fnt\n|-sidestart|p2: BattleBlazikenVGC|Spikes\n|faint|p2a: Ribombee\n|\n|upkeep\n|\n|t:|1699805931\n|switch|p2a: Broken|Ogerpon-Wellspring, F|100\/100\n|-damage|p2a: Broken|88\/100|[from] Spikes\n|turn|5\n|\n|t:|1699805976\n|switch|p1a: Garchomp|Garchomp, M|100\/100\n|-activate|p1a: Garchomp|move: Sticky Web\n|-unboost|p1a: Garchomp|spe|1\n|move|p2a: Broken|Horn Leech|p1a: Garchomp\n|-damage|p1a: Garchomp|60\/100\n|-heal|p2a: Broken|100\/100|[from] drain|[of] p1a: Garchomp\n|-damage|p2a: Broken|88\/100|[from] ability: Rough Skin|[of] p1a: Garchomp\n|\n|-heal|p1a: Garchomp|66\/100|[from] item: Leftovers\n|upkeep\n|turn|6\n|\n|t:|1699805985\n|move|p2a: Broken|Swords Dance|p2a: Broken\n|-boost|p2a: Broken|atk|2\n|move|p1a: Garchomp|Spikes|p2a: Broken\n|-sidestart|p2: BattleBlazikenVGC|Spikes\n|\n|-heal|p1a: Garchomp|73\/100|[from] item: Leftovers\n|upkeep\n|turn|7\n|\n|t:|1699805990\n|move|p2a: Broken|Horn Leech|p1a: Garchomp\n|-damage|p1a: Garchomp|0 fnt\n|-heal|p2a: Broken|100\/100|[from] drain|[of] p1a: Garchomp\n|-damage|p2a: Broken|88\/100|[from] ability: Rough Skin|[of] p1a: Garchomp\n|faint|p1a: Garchomp\n|\n|upkeep\n|\n|t:|1699806003\n|switch|p1a: Heatran|Heatran, M|100\/100\n|-activate|p1a: Heatran|move: Sticky Web\n|-unboost|p1a: Heatran|spe|1\n|turn|8\n|\n|t:|1699806007\n|-terastallize|p1a: Heatran|Grass\n|move|p2a: Broken|Ivy Cudgel|p1a: Heatran\n|-resisted|p1a: Heatran\n|-crit|p1a: Heatran\n|-damage|p1a: Heatran|27\/100\n|move|p1a: Heatran|Will-O-Wisp|p2a: Broken\n|-status|p2a: Broken|brn\n|\n|-heal|p1a: Heatran|33\/100|[from] item: Leftovers\n|-damage|p2a: Broken|82\/100 brn|[from] brn\n|upkeep\n|turn|9\n|\n|t:|1699806013\n|move|p2a: Broken|Swords Dance|p2a: Broken\n|-boost|p2a: Broken|atk|2\n|move|p1a: Heatran|Magma Storm|p2a: Broken\n|-damage|p2a: Broken|29\/100 brn\n|-activate|p2a: Broken|move: Magma Storm|[of] p1a: Heatran\n|\n|-heal|p1a: Heatran|39\/100|[from] item: Leftovers\n|-damage|p2a: Broken|23\/100 brn|[from] brn\n|-damage|p2a: Broken|11\/100 brn|[from] move: Magma Storm|[partiallytrapped]\n|upkeep\n|turn|10\n|\n|t:|1699806017\n|move|p2a: Broken|Ivy Cudgel|p1a: Heatran\n|-resisted|p1a: Heatran\n|-damage|p1a: Heatran|2\/100\n|move|p1a: Heatran|Earth Power|p2a: Broken\n|-resisted|p2a: Broken\n|-damage|p2a: Broken|0 fnt\n|faint|p2a: Broken\n|\n|-heal|p1a: Heatran|8\/100|[from] item: Leftovers\n|upkeep\n|\n|t:|1699806026\n|switch|p2a: Landorus|Landorus-Therian, M|100\/100\n|-ability|p2a: Landorus|Intimidate|boost\n|-unboost|p1a: Heatran|atk|1\n|turn|11\n|\n|t:|1699806079\n|move|p2a: Landorus|U-turn|p1a: Heatran\n|-supereffective|p1a: Heatran\n|-damage|p1a: Heatran|0 fnt\n|faint|p1a: Heatran\n|inactive|Battle timer is ON: inactive players will automatically lose when time's up. (requested by High Mighty Weasel)\n|\n|t:|1699806091\n|switch|p2a: Gholdengo|Gholdengo|100\/100|[from] U-turn\n|-damage|p2a: Gholdengo|84\/100|[from] Spikes\n|\n|-heal|p2a: Gholdengo|90\/100|[from] item: Leftovers\n|upkeep\n|\n|t:|1699806095\n|switch|p1a: Samurott|Samurott-Hisui, M|82\/100\n|-activate|p1a: Samurott|move: Sticky Web\n|-unboost|p1a: Samurott|spe|1\n|turn|12\n|\n|t:|1699806111\n|switch|p2a: Landorus|Landorus-Therian, M|100\/100\n|-ability|p2a: Landorus|Intimidate|boost\n|-unboost|p1a: Samurott|atk|1\n|move|p1a: Samurott|Ceaseless Edge|p2a: Landorus\n|-damage|p2a: Landorus|69\/100\n|-sidestart|p2: BattleBlazikenVGC|Spikes\n|\n|-heal|p2a: Landorus|74\/100|[from] item: Leftovers\n|upkeep\n|turn|13\n|\n|t:|1699806124\n|switch|p1a: Scizor|Scizor, M|100\/100\n|move|p2a: Landorus|Earthquake|p1a: Scizor\n|-damage|p1a: Scizor|45\/100\n|\n|-heal|p2a: Landorus|80\/100|[from] item: Leftovers\n|upkeep\n|turn|14\n|\n|t:|1699806129\n|move|p2a: Landorus|Earthquake|p1a: Scizor\n|-damage|p1a: Scizor|0 fnt\n|faint|p1a: Scizor\n|\n|-heal|p2a: Landorus|86\/100|[from] item: Leftovers\n|upkeep\n|\n|t:|1699806150\n|switch|p1a: Samurott|Samurott-Hisui, M|82\/100\n|-activate|p1a: Samurott|move: Sticky Web\n|-unboost|p1a: Samurott|spe|1\n|turn|15\n|\n|t:|1699806154\n|move|p2a: Landorus|U-turn|p1a: Samurott\n|-supereffective|p1a: Samurott\n|-damage|p1a: Samurott|13\/100\n|\n|t:|1699806157\n|switch|p2a: Coalossal|Coalossal, F|66\/100|[from] U-turn\n|-damage|p2a: Coalossal|41\/100|[from] Spikes\n|move|p1a: Samurott|Razor Shell|p2a: Coalossal\n|-supereffective|p2a: Coalossal\n|-damage|p2a: Coalossal|0 fnt\n|faint|p2a: Coalossal\n|\n|upkeep\n|\n|t:|1699806164\n|switch|p2a: Landorus|Landorus-Therian, M|86\/100\n|-ability|p2a: Landorus|Intimidate|boost\n|-unboost|p1a: Samurott|atk|1\n|turn|16\n|\n|t:|1699806168\n|move|p1a: Samurott|Sucker Punch|p2a: Landorus\n|-damage|p2a: Landorus|60\/100\n|move|p2a: Landorus|Earthquake|p1a: Samurott\n|-damage|p1a: Samurott|0 fnt\n|faint|p1a: Samurott\n|\n|-heal|p2a: Landorus|66\/100|[from] item: Leftovers\n|upkeep\n|\n|t:|1699806178\n|switch|p1a: Ogerpon|Ogerpon-Cornerstone, F|100\/100\n|-activate|p1a: Ogerpon|move: Sticky Web\n|-unboost|p1a: Ogerpon|spe|1\n|turn|17\n|\n|t:|1699806183\n|move|p2a: Landorus|U-turn|p1a: Ogerpon\n|-supereffective|p1a: Ogerpon\n|-damage|p1a: Ogerpon|29\/100\n|\n|t:|1699806187\n|switch|p2a: Kingambit|Kingambit, F|100\/100|[from] U-turn\n|-damage|p2a: Kingambit|75\/100|[from] Spikes\n|-activate|p2a: Kingambit|ability: Supreme Overlord\n|-start|p2a: Kingambit|fallen3|[silent]\n|move|p1a: Ogerpon|Power Whip|p2a: Kingambit\n|-resisted|p2a: Kingambit\n|-damage|p2a: Kingambit|48\/100\n|\n|-heal|p2a: Kingambit|54\/100|[from] item: Leftovers\n|upkeep\n|turn|18\n|\n|t:|1699806193\n|move|p2a: Kingambit|Sucker Punch|p1a: Ogerpon\n|-damage|p1a: Ogerpon|0 fnt\n|faint|p1a: Ogerpon\n|\n|-heal|p2a: Kingambit|60\/100|[from] item: Leftovers\n|upkeep\n|\n|t:|1699806195\n|switch|p1a: Iron Valiant|Iron Valiant|100\/100\n|-activate|p1a: Iron Valiant|move: Sticky Web\n|-unboost|p1a: Iron Valiant|spe|1\n|turn|19\n|\n|t:|1699806199\n|-terastallize|p2a: Kingambit|Flying\n|move|p1a: Iron Valiant|Moonblast|p2a: Kingambit\n|-damage|p2a: Kingambit|15\/100\n|move|p2a: Kingambit|Iron Head|p1a: Iron Valiant\n|-supereffective|p1a: Iron Valiant\n|-damage|p1a: Iron Valiant|0 fnt\n|faint|p1a: Iron Valiant\n|-end|p1a: Iron Valiant|Quark Drive|[silent]\n|\n|win|BattleBlazikenVGC\n|raw|High Mighty Weasel's rating: 1583 &rarr; <strong>1557<\/strong><br \/>(-26 for losing)\n|raw|BattleBlazikenVGC's rating: 1470 &rarr; <strong>1496<\/strong><br \/>(+26 for winning)\n|l|\u2606High Mighty Weasel\n|c|\u2606BattleBlazikenVGC|gg\n","uploadtime":1699806209,"views":11,"p1id":"highmightyweasel","p2id":"battleblazikenvgc","formatid":"gen9ou","rating":1496,"private":0,"password":""}