{"id":"gen9ou-1994460046","p1":"Daevank5","p2":"AnonymousJon","format":"[Gen 9] OU","log":"|j|\u2606Daevank5\n|j|\u2606AnonymousJon\n|t:|1700446423\n|gametype|singles\n|player|p1|Daevank5|workerice|1852\n|player|p2|AnonymousJon|workerice|1848\n|teamsize|p1|6\n|teamsize|p2|6\n|gen|9\n|tier|[Gen 9] OU\n|rated|\n|rule|Sleep Clause Mod: Limit one foe put to sleep\n|rule|Species Clause: Limit one of each Pok\u00e9mon\n|rule|OHKO Clause: OHKO moves are banned\n|rule|Evasion Items Clause: Evasion items are banned\n|rule|Evasion Moves Clause: Evasion moves are banned\n|rule|Endless Battle Clause: Forcing endless battles is banned\n|rule|HP Percentage Mod: HP is shown in percentages\n|clearpoke\n|poke|p1|Tornadus-Therian, M|\n|poke|p1|Ogerpon-Wellspring, F|\n|poke|p1|Garchomp, M|\n|poke|p1|Gholdengo|\n|poke|p1|Mandibuzz, F|\n|poke|p1|Slowking-Galar, F|\n|poke|p2|Great Tusk|\n|poke|p2|Ogerpon-Cornerstone, F|\n|poke|p2|Rillaboom, F|\n|poke|p2|Tyranitar, M|\n|poke|p2|Corviknight, F|\n|poke|p2|Dragapult, M|\n|teampreview\n|\n|t:|1700446431\n|start\n|switch|p1a: Tornadus|Tornadus-Therian, M|100\/100\n|switch|p2a: Rillaboom|Rillaboom, F|100\/100\n|-fieldstart|move: Grassy Terrain|[from] ability: Grassy Surge|[of] p2a: Rillaboom\n|turn|1\n|\n|t:|1700446434\n|switch|p2a: Corviknight|Corviknight, F|100\/100\n|-ability|p2a: Corviknight|Pressure\n|move|p1a: Tornadus|Knock Off|p2a: Corviknight\n|-damage|p2a: Corviknight|88\/100\n|-damage|p1a: Tornadus|84\/100|[from] item: Rocky Helmet|[of] p2a: Corviknight\n|-enditem|p2a: Corviknight|Rocky Helmet|[from] move: Knock Off|[of] p1a: Tornadus\n|\n|upkeep\n|turn|2\n|\n|t:|1700446439\n|move|p1a: Tornadus|Knock Off|p2a: Corviknight\n|-damage|p2a: Corviknight|79\/100\n|move|p2a: Corviknight|U-turn|p1a: Tornadus\n|-resisted|p1a: Tornadus\n|-damage|p1a: Tornadus|76\/100\n|\n|t:|1700446445\n|switch|p2a: Tyranitar|Tyranitar, M|100\/100|[from] U-turn\n|-weather|Sandstorm|[from] ability: Sand Stream|[of] p2a: Tyranitar\n|\n|-weather|Sandstorm|[upkeep]\n|-damage|p1a: Tornadus|70\/100|[from] Sandstorm\n|upkeep\n|turn|3\n|\n|t:|1700446450\n|move|p1a: Tornadus|U-turn|p2a: Tyranitar\n|-supereffective|p2a: Tyranitar\n|-damage|p2a: Tyranitar|78\/100\n|\n|t:|1700446453\n|switch|p1a: Garchomp|Garchomp, M|100\/100|[from] U-turn\n|move|p2a: Tyranitar|Stealth Rock|p1a: Garchomp\n|-sidestart|p1: Daevank5|move: Stealth Rock\n|\n|-weather|Sandstorm|[upkeep]\n|-heal|p2a: Tyranitar|84\/100|[from] Grassy Terrain\n|upkeep\n|turn|4\n|\n|t:|1700446469\n|switch|p1a: Ogerpon|Ogerpon-Wellspring, F|100\/100\n|-damage|p1a: Ogerpon|88\/100|[from] Stealth Rock\n|move|p2a: Tyranitar|Dragon Tail|p1a: Ogerpon\n|-damage|p1a: Ogerpon|65\/100\n|drag|p1a: Slowking|Slowking-Galar, F|100\/100\n|\n|-weather|Sandstorm|[upkeep]\n|-damage|p1a: Slowking|94\/100|[from] Sandstorm\n|-heal|p2a: Tyranitar|91\/100|[from] Grassy Terrain\n|-heal|p1a: Slowking|100\/100|[from] Grassy Terrain\n|upkeep\n|turn|5\n|\n|t:|1700446475\n|move|p2a: Tyranitar|Knock Off|p1a: Slowking\n|-supereffective|p1a: Slowking\n|-damage|p1a: Slowking|8\/100\n|-enditem|p1a: Slowking|Heavy-Duty Boots|[from] move: Knock Off|[of] p2a: Tyranitar\n|move|p1a: Slowking|Future Sight|p2a: Tyranitar\n|-start|p1a: Slowking|move: Future Sight\n|\n|-weather|Sandstorm|[upkeep]\n|-damage|p1a: Slowking|2\/100|[from] Sandstorm\n|-heal|p2a: Tyranitar|97\/100|[from] Grassy Terrain\n|-heal|p1a: Slowking|8\/100|[from] Grassy Terrain\n|-fieldend|move: Grassy Terrain\n|upkeep\n|turn|6\n|\n|t:|1700446488\n|switch|p1a: Tornadus|Tornadus-Therian, M|100\/100\n|move|p2a: Tyranitar|Dragon Tail|p1a: Tornadus\n|-damage|p1a: Tornadus|82\/100\n|drag|p1a: Slowking|Slowking-Galar, F|41\/100\n|-damage|p1a: Slowking|28\/100|[from] Stealth Rock\n|\n|-weather|Sandstorm|[upkeep]\n|-damage|p1a: Slowking|22\/100|[from] Sandstorm\n|upkeep\n|turn|7\n|\n|t:|1700446497\n|switch|p1a: Tornadus|Tornadus-Therian, M|100\/100\n|move|p2a: Tyranitar|Dragon Tail|p1a: Tornadus\n|-damage|p1a: Tornadus|83\/100\n|drag|p1a: Mandibuzz|Mandibuzz, F|100\/100\n|\n|-weather|Sandstorm|[upkeep]\n|-end|p2a: Tyranitar|move: Future Sight\n|-immune|p2a: Tyranitar\n|upkeep\n|turn|8\n|\n|t:|1700446505\n|move|p1a: Mandibuzz|U-turn|p2a: Tyranitar\n|-supereffective|p2a: Tyranitar\n|-damage|p2a: Tyranitar|79\/100\n|inactive|Battle timer is ON: inactive players will automatically lose when time's up. (requested by AnonymousJon)\n|\n|t:|1700446506\n|switch|p1a: Garchomp|Garchomp, M|100\/100|[from] U-turn\n|move|p2a: Tyranitar|Knock Off|p1a: Garchomp\n|-damage|p1a: Garchomp|75\/100\n|-damage|p2a: Tyranitar|67\/100|[from] ability: Rough Skin|[of] p1a: Garchomp\n|-enditem|p1a: Garchomp|Heavy-Duty Boots|[from] move: Knock Off|[of] p2a: Tyranitar\n|\n|-weather|Sandstorm|[upkeep]\n|upkeep\n|turn|9\n|\n|t:|1700446515\n|switch|p2a: Rillaboom|Rillaboom, F|100\/100\n|-fieldstart|move: Grassy Terrain|[from] ability: Grassy Surge|[of] p2a: Rillaboom\n|move|p1a: Garchomp|Earthquake|p2a: Rillaboom\n|-resisted|p2a: Rillaboom\n|-damage|p2a: Rillaboom|88\/100\n|\n|-weather|none\n|-heal|p2a: Rillaboom|94\/100|[from] Grassy Terrain\n|-heal|p1a: Garchomp|81\/100|[from] Grassy Terrain\n|upkeep\n|turn|10\n|\n|t:|1700446518\n|move|p2a: Rillaboom|Knock Off|p1a: Garchomp\n|-damage|p1a: Garchomp|59\/100\n|-damage|p2a: Rillaboom|82\/100|[from] ability: Rough Skin|[of] p1a: Garchomp\n|move|p1a: Garchomp|Stealth Rock|p2a: Rillaboom\n|-sidestart|p2: AnonymousJon|move: Stealth Rock\n|\n|-heal|p2a: Rillaboom|88\/100|[from] Grassy Terrain\n|-heal|p1a: Garchomp|65\/100|[from] Grassy Terrain\n|upkeep\n|turn|11\n|\n|t:|1700446522\n|switch|p2a: Ogerpon|Ogerpon-Cornerstone, F|100\/100\n|-damage|p2a: Ogerpon|88\/100|[from] Stealth Rock\n|move|p1a: Garchomp|Spikes|p2a: Ogerpon\n|-sidestart|p2: AnonymousJon|Spikes\n|\n|-heal|p2a: Ogerpon|94\/100|[from] Grassy Terrain\n|-heal|p1a: Garchomp|71\/100|[from] Grassy Terrain\n|upkeep\n|turn|12\n|\n|t:|1700446526\n|move|p2a: Ogerpon|Swords Dance|p2a: Ogerpon\n|-boost|p2a: Ogerpon|atk|2\n|move|p1a: Garchomp|Dragon Tail|p2a: Ogerpon\n|-damage|p2a: Ogerpon|61\/100\n|drag|p2a: Tyranitar|Tyranitar, M|67\/100\n|-damage|p2a: Tyranitar|54\/100|[from] Stealth Rock\n|-damage|p2a: Tyranitar|42\/100|[from] Spikes\n|-weather|Sandstorm|[from] ability: Sand Stream|[of] p2a: Tyranitar\n|\n|-weather|Sandstorm|[upkeep]\n|-heal|p1a: Garchomp|77\/100|[from] Grassy Terrain\n|-heal|p2a: Tyranitar|48\/100|[from] Grassy Terrain\n|upkeep\n|turn|13\n|\n|t:|1700446533\n|move|p1a: Garchomp|Dragon Tail|p2a: Tyranitar\n|-damage|p2a: Tyranitar|28\/100\n|drag|p2a: Rillaboom|Rillaboom, F|88\/100\n|-damage|p2a: Rillaboom|76\/100|[from] Stealth Rock\n|-damage|p2a: Rillaboom|64\/100|[from] Spikes\n|\n|-weather|Sandstorm|[upkeep]\n|-damage|p2a: Rillaboom|57\/100|[from] Sandstorm\n|-heal|p2a: Rillaboom|64\/100|[from] Grassy Terrain\n|-heal|p1a: Garchomp|83\/100|[from] Grassy Terrain\n|-fieldend|move: Grassy Terrain\n|upkeep\n|turn|14\n|\n|t:|1700446536\n|move|p2a: Rillaboom|Wood Hammer|p1a: Garchomp\n|-damage|p1a: Garchomp|24\/100\n|-damage|p2a: Rillaboom|51\/100|[from] ability: Rough Skin|[of] p1a: Garchomp\n|-damage|p2a: Rillaboom|27\/100|[from] Recoil\n|move|p1a: Garchomp|Spikes|p2a: Rillaboom\n|-sidestart|p2: AnonymousJon|Spikes\n|\n|-weather|Sandstorm|[upkeep]\n|-damage|p2a: Rillaboom|21\/100|[from] Sandstorm\n|upkeep\n|turn|15\n|\n|t:|1700446539\n|switch|p1a: Tornadus|Tornadus-Therian, M|100\/100\n|move|p2a: Rillaboom|Wood Hammer|p1a: Tornadus\n|-resisted|p1a: Tornadus\n|-damage|p1a: Tornadus|46\/100\n|-damage|p2a: Rillaboom|2\/100|[from] Recoil\n|\n|-weather|Sandstorm|[upkeep]\n|-damage|p1a: Tornadus|40\/100|[from] Sandstorm\n|-damage|p2a: Rillaboom|0 fnt|[from] Sandstorm\n|faint|p2a: Rillaboom\n|upkeep\n|\n|t:|1700446546\n|switch|p2a: Great Tusk|Great Tusk|100\/100\n|-damage|p2a: Great Tusk|98\/100|[from] Stealth Rock\n|-damage|p2a: Great Tusk|81\/100|[from] Spikes\n|turn|16\n|\n|t:|1700446550\n|-terastallize|p2a: Great Tusk|Fire\n|move|p1a: Tornadus|Bleakwind Storm|p2a: Great Tusk|[miss]\n|-miss|p1a: Tornadus|p2a: Great Tusk\n|move|p2a: Great Tusk|Rapid Spin|p1a: Tornadus\n|-damage|p1a: Tornadus|24\/100\n|-boost|p2a: Great Tusk|spe|1\n|-sideend|p2: AnonymousJon|Spikes|[from] move: Rapid Spin|[of] p2a: Great Tusk\n|-sideend|p2: AnonymousJon|Stealth Rock|[from] move: Rapid Spin|[of] p2a: Great Tusk\n|\n|-weather|Sandstorm|[upkeep]\n|-damage|p1a: Tornadus|18\/100|[from] Sandstorm\n|-damage|p2a: Great Tusk|75\/100|[from] Sandstorm\n|upkeep\n|turn|17\n|\n|t:|1700446560\n|switch|p1a: Mandibuzz|Mandibuzz, F|100\/100\n|move|p2a: Great Tusk|Knock Off|p1a: Mandibuzz\n|-resisted|p1a: Mandibuzz\n|-damage|p1a: Mandibuzz|92\/100\n|-enditem|p1a: Mandibuzz|Heavy-Duty Boots|[from] move: Knock Off|[of] p2a: Great Tusk\n|\n|-weather|Sandstorm|[upkeep]\n|-damage|p2a: Great Tusk|69\/100|[from] Sandstorm\n|upkeep\n|turn|18\n|\n|t:|1700446566\n|move|p2a: Great Tusk|Ice Spinner|p1a: Mandibuzz\n|-supereffective|p1a: Mandibuzz\n|-damage|p1a: Mandibuzz|64\/100\n|move|p1a: Mandibuzz|Knock Off|p2a: Great Tusk\n|-damage|p2a: Great Tusk|51\/100\n|-enditem|p2a: Great Tusk|Assault Vest|[from] move: Knock Off|[of] p1a: Mandibuzz\n|\n|-weather|Sandstorm|[upkeep]\n|-damage|p2a: Great Tusk|45\/100|[from] Sandstorm\n|upkeep\n|turn|19\n|\n|t:|1700446571\n|-end|p2a: Great Tusk|Protosynthesis|[silent]\n|switch|p2a: Ogerpon|Ogerpon-Cornerstone, F|61\/100\n|move|p1a: Mandibuzz|Roost|p1a: Mandibuzz\n|-heal|p1a: Mandibuzz|100\/100\n|-singleturn|p1a: Mandibuzz|move: Roost\n|\n|-weather|none\n|upkeep\n|turn|20\n|\n|t:|1700446577\n|switch|p1a: Gholdengo|Gholdengo|100\/100\n|-damage|p1a: Gholdengo|94\/100|[from] Stealth Rock\n|move|p2a: Ogerpon|Ivy Cudgel|p1a: Gholdengo|[anim] Ivy Cudgel Rock\n|-resisted|p1a: Gholdengo\n|-damage|p1a: Gholdengo|63\/100\n|\n|upkeep\n|turn|21\n|\n|t:|1700446585\n|switch|p2a: Tyranitar|Tyranitar, M|28\/100\n|-weather|Sandstorm|[from] ability: Sand Stream|[of] p2a: Tyranitar\n|move|p1a: Gholdengo|Shadow Ball|p2a: Tyranitar\n|-resisted|p2a: Tyranitar\n|-damage|p2a: Tyranitar|20\/100\n|\n|-weather|Sandstorm|[upkeep]\n|upkeep\n|turn|22\n|\n|t:|1700446597\n|switch|p1a: Garchomp|Garchomp, M|24\/100\n|-damage|p1a: Garchomp|18\/100|[from] Stealth Rock\n|move|p2a: Tyranitar|Dragon Tail|p1a: Garchomp\n|-supereffective|p1a: Garchomp\n|-damage|p1a: Garchomp|0 fnt\n|-damage|p2a: Tyranitar|7\/100|[from] ability: Rough Skin|[of] p1a: Garchomp\n|faint|p1a: Garchomp\n|\n|-weather|Sandstorm|[upkeep]\n|upkeep\n|\n|t:|1700446601\n|switch|p1a: Tornadus|Tornadus-Therian, M|51\/100\n|turn|23\n|\n|t:|1700446604\n|move|p1a: Tornadus|U-turn|p2a: Tyranitar\n|-supereffective|p2a: Tyranitar\n|-damage|p2a: Tyranitar|0 fnt\n|faint|p2a: Tyranitar\n|\n|t:|1700446607\n|switch|p1a: Gholdengo|Gholdengo|63\/100|[from] U-turn\n|-damage|p1a: Gholdengo|57\/100|[from] Stealth Rock\n|\n|-weather|Sandstorm|[upkeep]\n|upkeep\n|\n|t:|1700446611\n|switch|p2a: Great Tusk|Great Tusk, tera:Fire|45\/100\n|turn|24\n|\n|t:|1700446621\n|switch|p1a: Ogerpon|Ogerpon-Wellspring, F|65\/100\n|-damage|p1a: Ogerpon|53\/100|[from] Stealth Rock\n|move|p2a: Great Tusk|Headlong Rush|p1a: Ogerpon\n|-resisted|p1a: Ogerpon\n|-crit|p1a: Ogerpon\n|-damage|p1a: Ogerpon|0 fnt\n|-unboost|p2a: Great Tusk|def|1\n|-unboost|p2a: Great Tusk|spd|1\n|faint|p1a: Ogerpon\n|\n|-weather|Sandstorm|[upkeep]\n|-damage|p2a: Great Tusk|39\/100|[from] Sandstorm\n|upkeep\n|\n|t:|1700446624\n|switch|p1a: Tornadus|Tornadus-Therian, M|84\/100\n|turn|25\n|\n|t:|1700446632\n|-end|p2a: Great Tusk|Protosynthesis|[silent]\n|switch|p2a: Corviknight|Corviknight, F|79\/100\n|-ability|p2a: Corviknight|Pressure\n|move|p1a: Tornadus|Bleakwind Storm|p2a: Corviknight\n|-resisted|p2a: Corviknight\n|-damage|p2a: Corviknight|62\/100\n|\n|-weather|Sandstorm|[upkeep]\n|-damage|p1a: Tornadus|78\/100|[from] Sandstorm\n|upkeep\n|turn|26\n|\n|t:|1700446635\n|move|p1a: Tornadus|Taunt|p2a: Corviknight\n|-start|p2a: Corviknight|move: Taunt\n|move|p2a: Corviknight|U-turn|p1a: Tornadus\n|-resisted|p1a: Tornadus\n|-damage|p1a: Tornadus|71\/100\n|\n|t:|1700446639\n|switch|p2a: Ogerpon|Ogerpon-Cornerstone, F|61\/100|[from] U-turn\n|\n|-weather|Sandstorm|[upkeep]\n|-damage|p1a: Tornadus|65\/100|[from] Sandstorm\n|upkeep\n|turn|27\n|\n|t:|1700446644\n|move|p1a: Tornadus|U-turn|p2a: Ogerpon\n|-supereffective|p2a: Ogerpon\n|-damage|p2a: Ogerpon|25\/100\n|\n|t:|1700446646\n|switch|p1a: Slowking|Slowking-Galar, F|56\/100|[from] U-turn\n|-damage|p1a: Slowking|43\/100|[from] Stealth Rock\n|move|p2a: Ogerpon|Ivy Cudgel|p1a: Slowking|[anim] Ivy Cudgel Rock\n|-damage|p1a: Slowking|0 fnt\n|faint|p1a: Slowking\n|\n|-weather|Sandstorm|[upkeep]\n|upkeep\n|\n|t:|1700446659\n|switch|p1a: Tornadus|Tornadus-Therian, M|98\/100\n|turn|28\n|\n|t:|1700446663\n|switch|p2a: Corviknight|Corviknight, F|62\/100\n|-ability|p2a: Corviknight|Pressure\n|move|p1a: Tornadus|U-turn|p2a: Corviknight\n|-resisted|p2a: Corviknight\n|-damage|p2a: Corviknight|60\/100\n|\n|t:|1700446668\n|switch|p1a: Gholdengo|Gholdengo|57\/100|[from] U-turn\n|-damage|p1a: Gholdengo|51\/100|[from] Stealth Rock\n|\n|-weather|none\n|upkeep\n|turn|29\n|\n|t:|1700446671\n|move|p1a: Gholdengo|Shadow Ball|p2a: Corviknight\n|-damage|p2a: Corviknight|21\/100\n|move|p2a: Corviknight|Roost|p2a: Corviknight\n|-heal|p2a: Corviknight|71\/100\n|-singleturn|p2a: Corviknight|move: Roost\n|\n|upkeep\n|turn|30\n|j| diyuenji\n|\n|t:|1700446674\n|move|p1a: Gholdengo|Shadow Ball|p2a: Corviknight\n|-damage|p2a: Corviknight|32\/100\n|move|p2a: Corviknight|Roost|p2a: Corviknight\n|-heal|p2a: Corviknight|82\/100\n|-singleturn|p2a: Corviknight|move: Roost\n|\n|upkeep\n|turn|31\n|\n|t:|1700446676\n|move|p1a: Gholdengo|Shadow Ball|p2a: Corviknight\n|-damage|p2a: Corviknight|40\/100\n|move|p2a: Corviknight|U-turn|p1a: Gholdengo\n|-resisted|p1a: Gholdengo\n|-crit|p1a: Gholdengo\n|-damage|p1a: Gholdengo|45\/100\n|\n|t:|1700446679\n|switch|p2a: Great Tusk|Great Tusk, tera:Fire|39\/100|[from] U-turn\n|\n|upkeep\n|turn|32\n|\n|t:|1700446683\n|move|p1a: Gholdengo|Shadow Ball|p2a: Great Tusk\n|-damage|p2a: Great Tusk|0 fnt\n|faint|p2a: Great Tusk\n|-end|p2a: Great Tusk|Protosynthesis|[silent]\n|\n|upkeep\n|c|\u2606AnonymousJon|Oh yea I lost my vest oops\n|\n|t:|1700446698\n|switch|p2a: Dragapult|Dragapult, M|100\/100\n|turn|33\n|\n|t:|1700446703\n|switch|p1a: Mandibuzz|Mandibuzz, F|100\/100\n|-damage|p1a: Mandibuzz|76\/100|[from] Stealth Rock\n|move|p2a: Dragapult|Hex|p1a: Mandibuzz\n|-resisted|p1a: Mandibuzz\n|-damage|p1a: Mandibuzz|64\/100\n|\n|upkeep\n|turn|34\n|\n|t:|1700446713\n|switch|p2a: Corviknight|Corviknight, F|40\/100\n|-ability|p2a: Corviknight|Pressure\n|move|p1a: Mandibuzz|Roost|p1a: Mandibuzz\n|-heal|p1a: Mandibuzz|100\/100\n|-singleturn|p1a: Mandibuzz|move: Roost\n|\n|upkeep\n|turn|35\n|\n|t:|1700446716\n|move|p1a: Mandibuzz|U-turn|p2a: Corviknight\n|-resisted|p2a: Corviknight\n|-damage|p2a: Corviknight|39\/100\n|\n|t:|1700446718\n|switch|p1a: Tornadus|Tornadus-Therian, M|100\/100|[from] U-turn\n|move|p2a: Corviknight|Roost|p2a: Corviknight\n|-heal|p2a: Corviknight|89\/100\n|-singleturn|p2a: Corviknight|move: Roost\n|\n|upkeep\n|turn|36\n|\n|t:|1700446722\n|move|p1a: Tornadus|Bleakwind Storm|p2a: Corviknight\n|-resisted|p2a: Corviknight\n|-damage|p2a: Corviknight|70\/100\n|-unboost|p2a: Corviknight|spe|1\n|move|p2a: Corviknight|U-turn|p1a: Tornadus\n|-resisted|p1a: Tornadus\n|-crit|p1a: Tornadus\n|-damage|p1a: Tornadus|90\/100\n|\n|t:|1700446725\n|switch|p2a: Ogerpon|Ogerpon-Cornerstone, F|25\/100|[from] U-turn\n|\n|upkeep\n|turn|37\n|\n|t:|1700446727\n|move|p1a: Tornadus|U-turn|p2a: Ogerpon\n|-supereffective|p2a: Ogerpon\n|-damage|p2a: Ogerpon|0 fnt\n|faint|p2a: Ogerpon\n|\n|t:|1700446731\n|switch|p1a: Mandibuzz|Mandibuzz, F|100\/100|[from] U-turn\n|-damage|p1a: Mandibuzz|76\/100|[from] Stealth Rock\n|\n|upkeep\n|\n|t:|1700446736\n|switch|p2a: Dragapult|Dragapult, M|100\/100\n|turn|38\n|\n|t:|1700446739\n|move|p2a: Dragapult|Will-O-Wisp|p1a: Mandibuzz\n|-status|p1a: Mandibuzz|brn\n|move|p1a: Mandibuzz|Knock Off|p2a: Dragapult\n|-supereffective|p2a: Dragapult\n|-damage|p2a: Dragapult|65\/100\n|-enditem|p2a: Dragapult|Leftovers|[from] move: Knock Off|[of] p1a: Mandibuzz\n|\n|-damage|p1a: Mandibuzz|70\/100 brn|[from] brn\n|upkeep\n|turn|39\n|\n|t:|1700446743\n|switch|p2a: Corviknight|Corviknight, F|70\/100\n|-ability|p2a: Corviknight|Pressure\n|move|p1a: Mandibuzz|Roost|p1a: Mandibuzz\n|-heal|p1a: Mandibuzz|100\/100 brn\n|-singleturn|p1a: Mandibuzz|move: Roost\n|\n|-damage|p1a: Mandibuzz|94\/100 brn|[from] brn\n|upkeep\n|turn|40\n|\n|t:|1700446747\n|move|p1a: Mandibuzz|U-turn|p2a: Corviknight\n|-resisted|p2a: Corviknight\n|-damage|p2a: Corviknight|69\/100\n|\n|t:|1700446754\n|switch|p1a: Gholdengo|Gholdengo|45\/100|[from] U-turn\n|-damage|p1a: Gholdengo|39\/100|[from] Stealth Rock\n|move|p2a: Corviknight|Brave Bird|p1a: Gholdengo\n|-resisted|p1a: Gholdengo\n|-damage|p1a: Gholdengo|19\/100\n|-damage|p2a: Corviknight|64\/100|[from] Recoil\n|\n|upkeep\n|turn|41\n|\n|t:|1700446758\n|move|p1a: Gholdengo|Recover|p1a: Gholdengo\n|-heal|p1a: Gholdengo|69\/100\n|move|p2a: Corviknight|Roost|p2a: Corviknight\n|-heal|p2a: Corviknight|100\/100\n|-singleturn|p2a: Corviknight|move: Roost\n|\n|upkeep\n|turn|42\n|c|\u2606AnonymousJon|gg\n|-message|AnonymousJon forfeited.\n|\n|win|Daevank5\n|raw|Daevank5's rating: 1852 &rarr; <strong>1872<\/strong><br \/>(+20 for winning)\n|raw|AnonymousJon's rating: 1848 &rarr; <strong>1828<\/strong><br \/>(-20 for losing)\n|l|\u2606AnonymousJon\n|c|\u2606Daevank5|Gg\n|l|\u2606Daevank5\n","uploadtime":1700446963,"views":21,"p1id":"daevank5","p2id":"anonymousjon","formatid":"gen9ou","rating":1828,"private":0,"password":""}