{"id":"gen9ou-1997001899","p1":"Pikalol25","p2":"SCHIZODROOLER98","format":"[Gen 9] OU","log":"|j|\u2606Pikalol25\n|j|\u2606SCHIZODROOLER98\n|t:|1700754433\n|gametype|singles\n|player|p1|Pikalol25|tate|1753\n|player|p2|SCHIZODROOLER98|medium|1621\n|teamsize|p1|6\n|teamsize|p2|6\n|gen|9\n|tier|[Gen 9] OU\n|rated|\n|rule|Sleep Clause Mod: Limit one foe put to sleep\n|rule|Species Clause: Limit one of each Pok\u00e9mon\n|rule|OHKO Clause: OHKO moves are banned\n|rule|Evasion Items Clause: Evasion items are banned\n|rule|Evasion Moves Clause: Evasion moves are banned\n|rule|Endless Battle Clause: Forcing endless battles is banned\n|rule|HP Percentage Mod: HP is shown in percentages\n|clearpoke\n|poke|p1|Torkoal, F|\n|poke|p1|Hatterene, F|\n|poke|p1|Walking Wake|\n|poke|p1|Haxorus, M|\n|poke|p1|Scovillain, M|\n|poke|p1|Great Tusk|\n|poke|p2|Ninetales-Alola, F|\n|poke|p2|Slowbro-Galar, M|\n|poke|p2|Enamorus-Therian, F|\n|poke|p2|Iron Hands|\n|poke|p2|Kingambit, M|\n|poke|p2|Ceruledge, M|\n|teampreview\n|inactive|Battle timer is ON: inactive players will automatically lose when time's up. (requested by Pikalol25)\n|c|\u2606Pikalol25|hf\n|\n|t:|1700754450\n|start\n|switch|p1a: Tuskuthy|Great Tusk|100\/100\n|switch|p2a: ASTAGHFIRULLAH|Enamorus-Therian, F, shiny|100\/100\n|turn|1\n|\n|t:|1700754457\n|-end|p1a: Tuskuthy|Protosynthesis|[silent]\n|switch|p1a: Witch joint|Hatterene, F|100\/100\n|move|p2a: ASTAGHFIRULLAH|Calm Mind|p2a: ASTAGHFIRULLAH\n|-boost|p2a: ASTAGHFIRULLAH|spa|1\n|-boost|p2a: ASTAGHFIRULLAH|spd|1\n|\n|upkeep\n|turn|2\n|\n|t:|1700754461\n|move|p2a: ASTAGHFIRULLAH|Moonblast|p1a: Witch joint\n|-damage|p1a: Witch joint|10\/100\n|-enditem|p1a: Witch joint|Eject Button\n|\n|t:|1700754465\n|switch|p1a: Haxorus|Haxorus, M, shiny|100\/100\n|-ability|p1a: Haxorus|Mold Breaker\n|\n|upkeep\n|turn|3\n|\n|t:|1700754467\n|-terastallize|p1a: Haxorus|Steel\n|move|p1a: Haxorus|Iron Head|p2a: ASTAGHFIRULLAH\n|-supereffective|p2a: ASTAGHFIRULLAH\n|-damage|p2a: ASTAGHFIRULLAH|0 fnt\n|faint|p2a: ASTAGHFIRULLAH\n|\n|upkeep\n|\n|t:|1700754473\n|switch|p2a: DEEZ HANDS|Iron Hands|100\/100\n|turn|4\n|\n|t:|1700754476\n|switch|p1a: Sun joint|Torkoal, F|100\/100\n|-weather|SunnyDay|[from] ability: Drought|[of] p1a: Sun joint\n|move|p2a: DEEZ HANDS|Swords Dance|p2a: DEEZ HANDS\n|-boost|p2a: DEEZ HANDS|atk|2\n|\n|-weather|SunnyDay|[upkeep]\n|upkeep\n|turn|5\n|\n|t:|1700754481\n|move|p2a: DEEZ HANDS|Thunder Punch|p1a: Sun joint\n|-damage|p1a: Sun joint|46\/100\n|move|p1a: Sun joint|Lava Plume|p2a: DEEZ HANDS\n|-damage|p2a: DEEZ HANDS|73\/100\n|\n|-weather|SunnyDay|[upkeep]\n|upkeep\n|turn|6\n|-activate|p2a: DEEZ HANDS|item: Quick Claw\n|\n|t:|1700754488\n|switch|p1a: Tuskuthy|Great Tusk|100\/100\n|-activate|p1a: Tuskuthy|ability: Protosynthesis\n|-start|p1a: Tuskuthy|protosynthesisatk\n|move|p2a: DEEZ HANDS|Drain Punch|p1a: Tuskuthy\n|-damage|p1a: Tuskuthy|31\/100\n|-heal|p2a: DEEZ HANDS|99\/100|[from] drain|[of] p1a: Tuskuthy\n|\n|-weather|SunnyDay|[upkeep]\n|upkeep\n|turn|7\n|\n|t:|1700754495\n|-end|p2a: DEEZ HANDS|Quark Drive|[silent]\n|switch|p2a: MIDWEST FURFEST|Ninetales-Alola, F, shiny|100\/100\n|-weather|Snow|[from] ability: Snow Warning|[of] p2a: MIDWEST FURFEST\n|-end|p1a: Tuskuthy|Protosynthesis\n|move|p1a: Tuskuthy|Headlong Rush|p2a: MIDWEST FURFEST\n|-damage|p2a: MIDWEST FURFEST|50\/100\n|-unboost|p1a: Tuskuthy|def|1\n|-unboost|p1a: Tuskuthy|spd|1\n|-enditem|p1a: Tuskuthy|Eject Pack\n|\n|t:|1700754507\n|-end|p1a: Tuskuthy|Protosynthesis|[silent]\n|switch|p1a: Sun joint|Torkoal, F|46\/100\n|-weather|SunnyDay|[from] ability: Drought|[of] p1a: Sun joint\n|\n|-weather|SunnyDay|[upkeep]\n|upkeep\n|turn|8\n|\n|t:|1700754511\n|switch|p2a: JOHN DARKSOULS|Ceruledge, M|100\/100\n|switch|p1a: Witch joint|Hatterene, F|10\/100\n|\n|-weather|SunnyDay|[upkeep]\n|upkeep\n|turn|9\n|\n|t:|1700754518\n|switch|p1a: Siuuuucune|Walking Wake|100\/100\n|-activate|p1a: Siuuuucune|ability: Protosynthesis\n|-start|p1a: Siuuuucune|protosynthesisspe\n|move|p2a: JOHN DARKSOULS|Swords Dance|p2a: JOHN DARKSOULS\n|-boost|p2a: JOHN DARKSOULS|atk|2\n|\n|-weather|SunnyDay|[upkeep]\n|upkeep\n|turn|10\n|-activate|p2a: JOHN DARKSOULS|item: Quick Claw\n|\n|t:|1700754526\n|move|p2a: JOHN DARKSOULS|Destiny Bond|p2a: JOHN DARKSOULS\n|-singlemove|p2a: JOHN DARKSOULS|Destiny Bond\n|move|p1a: Siuuuucune|Hydro Steam|p2a: JOHN DARKSOULS\n|-supereffective|p2a: JOHN DARKSOULS\n|-damage|p2a: JOHN DARKSOULS|0 fnt\n|faint|p2a: JOHN DARKSOULS\n|-activate|p2a: JOHN DARKSOULS|move: Destiny Bond\n|faint|p1a: Siuuuucune\n|-end|p1a: Siuuuucune|Protosynthesis|[silent]\n|\n|-weather|SunnyDay|[upkeep]\n|upkeep\n|\n|t:|1700754534\n|switch|p1a: Habenaro|Scovillain, M|100\/100\n|switch|p2a: MIDWEST FURFEST|Ninetales-Alola, F, shiny|50\/100\n|-weather|Snow|[from] ability: Snow Warning|[of] p2a: MIDWEST FURFEST\n|turn|11\n|\n|t:|1700754538\n|move|p2a: MIDWEST FURFEST|Hypnosis|p1a: Habenaro|[miss]\n|-miss|p2a: MIDWEST FURFEST|p1a: Habenaro\n|move|p1a: Habenaro|Flamethrower|p2a: MIDWEST FURFEST\n|-supereffective|p2a: MIDWEST FURFEST\n|-damage|p2a: MIDWEST FURFEST|0 fnt\n|faint|p2a: MIDWEST FURFEST\n|-damage|p1a: Habenaro|91\/100|[from] item: Life Orb\n|\n|-weather|Snow|[upkeep]\n|upkeep\n|\n|t:|1700754543\n|switch|p2a: SKILL ISSUE|Slowbro-Galar, M, shiny|100\/100\n|turn|12\n|\n|t:|1700754545\n|switch|p1a: Tuskuthy|Great Tusk|31\/100\n|move|p2a: SKILL ISSUE|Nasty Plot|p2a: SKILL ISSUE\n|-boost|p2a: SKILL ISSUE|spa|2\n|\n|-weather|Snow|[upkeep]\n|upkeep\n|turn|13\n|-activate|p2a: SKILL ISSUE|ability: Quick Draw\n|\n|t:|1700754551\n|-terastallize|p2a: SKILL ISSUE|Fighting\n|move|p2a: SKILL ISSUE|Psyshock|p1a: Tuskuthy\n|-supereffective|p1a: Tuskuthy\n|-damage|p1a: Tuskuthy|0 fnt\n|faint|p1a: Tuskuthy\n|-end|p1a: Tuskuthy|Protosynthesis|[silent]\n|\n|-weather|Snow|[upkeep]\n|upkeep\n|\n|t:|1700754555\n|switch|p1a: Sun joint|Torkoal, F|46\/100\n|-weather|SunnyDay|[from] ability: Drought|[of] p1a: Sun joint\n|turn|14\n|-activate|p2a: SKILL ISSUE|item: Quick Claw\n|\n|t:|1700754560\n|switch|p1a: Witch joint|Hatterene, F|10\/100\n|move|p2a: SKILL ISSUE|Surf|p1a: Witch joint\n|-damage|p1a: Witch joint|0 fnt\n|faint|p1a: Witch joint\n|\n|-weather|SunnyDay|[upkeep]\n|upkeep\n|j| FULKU\n|\n|t:|1700754562\n|switch|p1a: Habenaro|Scovillain, M|91\/100\n|turn|15\n|\n|t:|1700754567\n|move|p1a: Habenaro|Flamethrower|p2a: SKILL ISSUE\n|-damage|p2a: SKILL ISSUE|9\/100\n|-damage|p1a: Habenaro|81\/100|[from] item: Life Orb\n|move|p2a: SKILL ISSUE|Psyshock|p1a: Habenaro\n|-damage|p1a: Habenaro|0 fnt\n|faint|p1a: Habenaro\n|\n|-weather|SunnyDay|[upkeep]\n|upkeep\n|\n|t:|1700754572\n|switch|p1a: Haxorus|Haxorus, M, shiny, tera:Steel|100\/100\n|-ability|p1a: Haxorus|Mold Breaker\n|turn|16\n|\n|t:|1700754576\n|move|p1a: Haxorus|Earthquake|p2a: SKILL ISSUE\n|-damage|p2a: SKILL ISSUE|0 fnt\n|faint|p2a: SKILL ISSUE\n|\n|-weather|SunnyDay|[upkeep]\n|upkeep\n|\n|t:|1700754579\n|switch|p2a: DEEZ HANDS|Iron Hands|99\/100\n|turn|17\n|\n|t:|1700754581\n|move|p1a: Haxorus|Earthquake|p2a: DEEZ HANDS\n|-supereffective|p2a: DEEZ HANDS\n|-damage|p2a: DEEZ HANDS|24\/100\n|move|p2a: DEEZ HANDS|Drain Punch|p1a: Haxorus\n|-supereffective|p1a: Haxorus\n|-crit|p1a: Haxorus\n|-damage|p1a: Haxorus|0 fnt\n|-heal|p2a: DEEZ HANDS|54\/100|[from] drain|[of] p1a: Haxorus\n|faint|p1a: Haxorus\n|\n|-weather|SunnyDay|[upkeep]\n|upkeep\n|\n|t:|1700754583\n|switch|p1a: Sun joint|Torkoal, F|46\/100\n|turn|18\n|\n|t:|1700754585\n|move|p2a: DEEZ HANDS|Drain Punch|p1a: Sun joint\n|-damage|p1a: Sun joint|19\/100\n|-heal|p2a: DEEZ HANDS|64\/100|[from] drain|[of] p1a: Sun joint\n|move|p1a: Sun joint|Lava Plume|p2a: DEEZ HANDS\n|-damage|p2a: DEEZ HANDS|34\/100\n|\n|-weather|SunnyDay|[upkeep]\n|upkeep\n|turn|19\n|\n|t:|1700754589\n|move|p2a: DEEZ HANDS|Drain Punch|p1a: Sun joint\n|-damage|p1a: Sun joint|0 fnt\n|-heal|p2a: DEEZ HANDS|40\/100|[from] drain|[of] p1a: Sun joint\n|faint|p1a: Sun joint\n|\n|win|SCHIZODROOLER98\n|raw|Pikalol25's rating: 1753 &rarr; <strong>1726<\/strong><br \/>(-27 for losing)\n|raw|SCHIZODROOLER98's rating: 1621 &rarr; <strong>1648<\/strong><br \/>(+27 for winning)\n|c|\u2606Pikalol25|gg\n|c|\u2606SCHIZODROOLER98|gg\n","uploadtime":1700754597,"views":0,"p1id":"pikalol25","p2id":"schizodrooler98","formatid":"gen9ou","rating":1648,"private":0,"password":""}