{"id":"gen9ou-1991327194","p1":"meliaudass","p2":"ICF_Marin","format":"[Gen 9] OU","log":"|j|\u2606meliaudass\n|j|\u2606ICF_Marin\n|t:|1700067894\n|gametype|singles\n|player|p1|meliaudass|lucas|1419\n|player|p2|ICF_Marin|iris-gen5bw2|1293\n|teamsize|p1|6\n|teamsize|p2|6\n|gen|9\n|tier|[Gen 9] OU\n|rated|\n|rule|Sleep Clause Mod: Limit one foe put to sleep\n|rule|Species Clause: Limit one of each Pok\u00e9mon\n|rule|OHKO Clause: OHKO moves are banned\n|rule|Evasion Items Clause: Evasion items are banned\n|rule|Evasion Moves Clause: Evasion moves are banned\n|rule|Endless Battle Clause: Forcing endless battles is banned\n|rule|HP Percentage Mod: HP is shown in percentages\n|clearpoke\n|poke|p1|Kingambit, M|\n|poke|p1|Great Tusk|\n|poke|p1|Dragapult, M|\n|poke|p1|Ogerpon-Wellspring, F|\n|poke|p1|Blissey, F|\n|poke|p1|Zapdos|\n|poke|p2|Kingambit, M|\n|poke|p2|Great Tusk|\n|poke|p2|Dragapult, M|\n|poke|p2|Ogerpon-Wellspring, F|\n|poke|p2|Blissey, F|\n|poke|p2|Zapdos|\n|teampreview\n|inactive|Battle timer is ON: inactive players will automatically lose when time's up. (requested by ICF_Marin)\n|c|\u2606ICF_Marin|bonne chance\n|\n|t:|1700067918\n|start\n|switch|p1a: Dragapult|Dragapult, M|100\/100\n|switch|p2a: Dragapult|Dragapult, M|100\/100\n|turn|1\n|c|\u2606meliaudass|bonne chance !\n|\n|t:|1700067927\n|move|p1a: Dragapult|Draco Meteor|p2a: Dragapult\n|-supereffective|p2a: Dragapult\n|-damage|p2a: Dragapult|0 fnt\n|-unboost|p1a: Dragapult|spa|2\n|faint|p2a: Dragapult\n|\n|upkeep\n|\n|t:|1700067939\n|switch|p2a: Blissey|Blissey, F|100\/100\n|turn|2\n|\n|t:|1700067956\n|switch|p1a: Ogerpon|Ogerpon-Wellspring, F|100\/100\n|move|p2a: Blissey|Stealth Rock|p1a: Ogerpon\n|-sidestart|p1: meliaudass|move: Stealth Rock\n|\n|upkeep\n|turn|3\n|\n|t:|1700067962\n|switch|p2a: Zapdos|Zapdos|100\/100\n|move|p1a: Ogerpon|Encore||[still]\n|-fail|p1a: Ogerpon\n|\n|upkeep\n|turn|4\n|\n|t:|1700067970\n|switch|p1a: Zapdos|Zapdos|100\/100\n|move|p2a: Zapdos|Volt Switch|p1a: Zapdos\n|-damage|p1a: Zapdos|73\/100\n|\n|t:|1700067981\n|switch|p2a: Blissey|Blissey, F|100\/100|[from] Volt Switch\n|\n|upkeep\n|turn|5\n|\n|t:|1700067986\n|move|p1a: Zapdos|Volt Switch|p2a: Blissey\n|-damage|p2a: Blissey|90\/100\n|\n|t:|1700067989\n|switch|p1a: Blissey|Blissey, F|100\/100|[from] Volt Switch\n|move|p2a: Blissey|Shadow Ball|p1a: Blissey\n|-immune|p1a: Blissey\n|\n|upkeep\n|turn|6\n|\n|t:|1700067998\n|switch|p2a: Great Tusk|Great Tusk|100\/100\n|move|p1a: Blissey|Stealth Rock|p2a: Great Tusk\n|-sidestart|p2: ICF_Marin|move: Stealth Rock\n|\n|upkeep\n|turn|7\n|\n|t:|1700068006\n|switch|p1a: Dragapult|Dragapult, M|100\/100\n|-damage|p1a: Dragapult|88\/100|[from] Stealth Rock\n|move|p2a: Great Tusk|Knock Off|p1a: Dragapult\n|-supereffective|p1a: Dragapult\n|-damage|p1a: Dragapult|14\/100\n|-enditem|p1a: Dragapult|Choice Specs|[from] move: Knock Off|[of] p2a: Great Tusk\n|\n|upkeep\n|turn|8\n|\n|t:|1700068014\n|-end|p2a: Great Tusk|Protosynthesis|[silent]\n|switch|p2a: Blissey|Blissey, F|90\/100\n|move|p1a: Dragapult|Draco Meteor|p2a: Blissey\n|-damage|p2a: Blissey|70\/100\n|-unboost|p1a: Dragapult|spa|2\n|\n|upkeep\n|turn|9\n|\n|t:|1700068020\n|switch|p1a: Great Tusk|Great Tusk|100\/100\n|-damage|p1a: Great Tusk|98\/100|[from] Stealth Rock\n|move|p2a: Blissey|Shadow Ball|p1a: Great Tusk\n|-damage|p1a: Great Tusk|78\/100\n|\n|-heal|p1a: Great Tusk|84\/100|[from] item: Leftovers\n|upkeep\n|turn|10\n|\n|t:|1700068030\n|move|p1a: Great Tusk|Rapid Spin|p2a: Blissey\n|-crit|p2a: Blissey\n|-damage|p2a: Blissey|52\/100\n|-boost|p1a: Great Tusk|spe|1\n|-sideend|p1: meliaudass|Stealth Rock|[from] move: Rapid Spin|[of] p1a: Great Tusk\n|move|p2a: Blissey|Seismic Toss|p1a: Great Tusk\n|-damage|p1a: Great Tusk|61\/100\n|\n|-heal|p1a: Great Tusk|67\/100|[from] item: Leftovers\n|upkeep\n|turn|11\n|\n|t:|1700068044\n|move|p1a: Great Tusk|Bulk Up|p1a: Great Tusk\n|-boost|p1a: Great Tusk|atk|1\n|-boost|p1a: Great Tusk|def|1\n|move|p2a: Blissey|Soft-Boiled|p2a: Blissey\n|-heal|p2a: Blissey|100\/100\n|\n|-heal|p1a: Great Tusk|74\/100|[from] item: Leftovers\n|upkeep\n|turn|12\n|\n|t:|1700068051\n|switch|p2a: Zapdos|Zapdos|100\/100\n|move|p1a: Great Tusk|Bulk Up|p1a: Great Tusk\n|-boost|p1a: Great Tusk|atk|1\n|-boost|p1a: Great Tusk|def|1\n|\n|-heal|p1a: Great Tusk|80\/100|[from] item: Leftovers\n|upkeep\n|turn|13\n|\n|t:|1700068063\n|-terastallize|p1a: Great Tusk|Steel\n|move|p1a: Great Tusk|Bulk Up|p1a: Great Tusk\n|-boost|p1a: Great Tusk|atk|1\n|-boost|p1a: Great Tusk|def|1\n|move|p2a: Zapdos|Hurricane|p1a: Great Tusk|[miss]\n|-miss|p2a: Zapdos|p1a: Great Tusk\n|\n|-heal|p1a: Great Tusk|86\/100|[from] item: Leftovers\n|upkeep\n|turn|14\n|\n|t:|1700068080\n|move|p1a: Great Tusk|Knock Off|p2a: Zapdos\n|-damage|p2a: Zapdos|46\/100\n|-enditem|p2a: Zapdos|Heavy-Duty Boots|[from] move: Knock Off|[of] p1a: Great Tusk\n|move|p2a: Zapdos|Heat Wave|p1a: Great Tusk\n|-supereffective|p1a: Great Tusk\n|-damage|p1a: Great Tusk|16\/100\n|\n|-heal|p1a: Great Tusk|22\/100|[from] item: Leftovers\n|upkeep\n|turn|15\n|\n|t:|1700068100\n|-end|p1a: Great Tusk|Protosynthesis|[silent]\n|switch|p1a: Dragapult|Dragapult, M|14\/100\n|move|p2a: Zapdos|Volt Switch|p1a: Dragapult\n|-resisted|p1a: Dragapult\n|-damage|p1a: Dragapult|0 fnt\n|faint|p1a: Dragapult\n|\n|t:|1700068106\n|switch|p2a: Great Tusk|Great Tusk|100\/100|[from] Volt Switch\n|-damage|p2a: Great Tusk|98\/100|[from] Stealth Rock\n|\n|-heal|p2a: Great Tusk|100\/100|[from] item: Leftovers\n|upkeep\n|\n|t:|1700068111\n|switch|p1a: Zapdos|Zapdos|73\/100\n|turn|16\n|\n|t:|1700068115\n|move|p2a: Great Tusk|Rapid Spin|p1a: Zapdos\n|-damage|p1a: Zapdos|62\/100\n|-boost|p2a: Great Tusk|spe|1\n|-sideend|p2: ICF_Marin|Stealth Rock|[from] move: Rapid Spin|[of] p2a: Great Tusk\n|move|p1a: Zapdos|Roost|p1a: Zapdos\n|-heal|p1a: Zapdos|100\/100\n|-singleturn|p1a: Zapdos|move: Roost\n|\n|upkeep\n|turn|17\n|\n|t:|1700068126\n|-end|p2a: Great Tusk|Protosynthesis|[silent]\n|switch|p2a: Blissey|Blissey, F|100\/100\n|move|p1a: Zapdos|Hurricane|p2a: Blissey|[miss]\n|-miss|p1a: Zapdos|p2a: Blissey\n|\n|upkeep\n|turn|18\n|\n|t:|1700068133\n|switch|p1a: Great Tusk|Great Tusk, tera:Steel|22\/100\n|move|p2a: Blissey|Stealth Rock|p1a: Great Tusk\n|-sidestart|p1: meliaudass|move: Stealth Rock\n|\n|-heal|p1a: Great Tusk|28\/100|[from] item: Leftovers\n|upkeep\n|turn|19\n|\n|t:|1700068140\n|move|p1a: Great Tusk|Rapid Spin|p2a: Blissey\n|-damage|p2a: Blissey|87\/100\n|-boost|p1a: Great Tusk|spe|1\n|-sideend|p1: meliaudass|Stealth Rock|[from] move: Rapid Spin|[of] p1a: Great Tusk\n|move|p2a: Blissey|Seismic Toss|p1a: Great Tusk\n|-damage|p1a: Great Tusk|5\/100\n|\n|-heal|p1a: Great Tusk|12\/100|[from] item: Leftovers\n|upkeep\n|turn|20\n|\n|t:|1700068147\n|move|p1a: Great Tusk|Earthquake|p2a: Blissey\n|-damage|p2a: Blissey|46\/100\n|move|p2a: Blissey|Seismic Toss|p1a: Great Tusk\n|-damage|p1a: Great Tusk|0 fnt\n|faint|p1a: Great Tusk\n|-end|p1a: Great Tusk|Protosynthesis|[silent]\n|\n|upkeep\n|\n|t:|1700068153\n|switch|p1a: Kingambit|Kingambit, M|100\/100\n|-activate|p1a: Kingambit|ability: Supreme Overlord\n|-start|p1a: Kingambit|fallen2|[silent]\n|turn|21\n|\n|t:|1700068162\n|switch|p2a: Zapdos|Zapdos|46\/100\n|move|p1a: Kingambit|Kowtow Cleave|p2a: Zapdos\n|-damage|p2a: Zapdos|0 fnt\n|-status|p1a: Kingambit|par|[from] ability: Static|[of] p2a: Zapdos\n|faint|p2a: Zapdos\n|\n|upkeep\n|\n|t:|1700068187\n|switch|p2a: Ogerpon|Ogerpon-Wellspring, F|100\/100\n|turn|22\n|\n|t:|1700068194\n|move|p2a: Ogerpon|U-turn|p1a: Kingambit\n|-damage|p1a: Kingambit|80\/100 par\n|\n|t:|1700068197\n|switch|p2a: Great Tusk|Great Tusk|100\/100|[from] U-turn\n|move|p1a: Kingambit|Kowtow Cleave|p2a: Great Tusk\n|-resisted|p2a: Great Tusk\n|-damage|p2a: Great Tusk|82\/100\n|\n|-heal|p2a: Great Tusk|88\/100|[from] item: Leftovers\n|upkeep\n|turn|23\n|\n|t:|1700068205\n|-end|p1a: Kingambit|fallen2|[silent]\n|switch|p1a: Zapdos|Zapdos|100\/100\n|move|p2a: Great Tusk|Knock Off|p1a: Zapdos\n|-damage|p1a: Zapdos|78\/100\n|-enditem|p1a: Zapdos|Heavy-Duty Boots|[from] move: Knock Off|[of] p2a: Great Tusk\n|\n|-heal|p2a: Great Tusk|94\/100|[from] item: Leftovers\n|upkeep\n|turn|24\n|\n|t:|1700068212\n|-end|p2a: Great Tusk|Protosynthesis|[silent]\n|switch|p2a: Blissey|Blissey, F|46\/100\n|move|p1a: Zapdos|Hurricane|p2a: Blissey\n|-damage|p2a: Blissey|31\/100\n|\n|upkeep\n|turn|25\n|\n|t:|1700068217\n|switch|p1a: Blissey|Blissey, F|100\/100\n|move|p2a: Blissey|Soft-Boiled|p2a: Blissey\n|-heal|p2a: Blissey|81\/100\n|\n|upkeep\n|turn|26\n|\n|t:|1700068246\n|switch|p2a: Kingambit|Kingambit, M|100\/100\n|-activate|p2a: Kingambit|ability: Supreme Overlord\n|-start|p2a: Kingambit|fallen2|[silent]\n|move|p1a: Blissey|Seismic Toss|p2a: Kingambit\n|-damage|p2a: Kingambit|73\/100\n|\n|upkeep\n|turn|27\n|\n|t:|1700068259\n|move|p2a: Kingambit|Swords Dance|p2a: Kingambit\n|-boost|p2a: Kingambit|atk|2\n|move|p1a: Blissey|Seismic Toss|p2a: Kingambit\n|-damage|p2a: Kingambit|46\/100\n|\n|upkeep\n|turn|28\n|\n|t:|1700068278\n|switch|p1a: Kingambit|Kingambit, M|80\/100 par\n|-activate|p1a: Kingambit|ability: Supreme Overlord\n|-start|p1a: Kingambit|fallen2|[silent]\n|move|p2a: Kingambit|Kowtow Cleave|p1a: Kingambit\n|-resisted|p1a: Kingambit\n|-damage|p1a: Kingambit|30\/100 par\n|\n|upkeep\n|turn|29\n|\n|t:|1700068290\n|move|p2a: Kingambit|Sucker Punch|p1a: Kingambit\n|-resisted|p1a: Kingambit\n|-damage|p1a: Kingambit|0 fnt\n|faint|p1a: Kingambit\n|-end|p1a: Kingambit|fallen2|[silent]\n|\n|upkeep\n|\n|t:|1700068294\n|switch|p1a: Ogerpon|Ogerpon-Wellspring, F|100\/100\n|turn|30\n|\n|t:|1700068302\n|move|p1a: Ogerpon|U-turn|p2a: Kingambit\n|-damage|p2a: Kingambit|26\/100\n|\n|t:|1700068306\n|switch|p1a: Blissey|Blissey, F|100\/100|[from] U-turn\n|move|p2a: Kingambit|Kowtow Cleave|p1a: Blissey\n|-damage|p1a: Blissey|4\/100\n|\n|upkeep\n|turn|31\n|\n|t:|1700068317\n|move|p2a: Kingambit|Kowtow Cleave|p1a: Blissey\n|-damage|p1a: Blissey|0 fnt\n|faint|p1a: Blissey\n|\n|upkeep\n|\n|t:|1700068322\n|switch|p1a: Ogerpon|Ogerpon-Wellspring, F|100\/100\n|turn|32\n|\n|t:|1700068330\n|switch|p1a: Zapdos|Zapdos|78\/100\n|move|p2a: Kingambit|Sucker Punch||[still]\n|-fail|p2a: Kingambit\n|\n|upkeep\n|turn|33\n|inactive|ICF_Marin has 120 seconds left.\n|\n|t:|1700068374\n|move|p2a: Kingambit|Sucker Punch|p1a: Zapdos\n|-damage|p1a: Zapdos|0 fnt\n|-status|p2a: Kingambit|par|[from] ability: Static|[of] p1a: Zapdos\n|faint|p1a: Zapdos\n|\n|upkeep\n|\n|t:|1700068378\n|switch|p1a: Ogerpon|Ogerpon-Wellspring, F|100\/100\n|turn|34\n|\n|t:|1700068385\n|move|p2a: Kingambit|Sucker Punch|p1a: Ogerpon\n|-damage|p1a: Ogerpon|0 fnt\n|faint|p1a: Ogerpon\n|\n|win|ICF_Marin\n|raw|meliaudass's rating: 1419 &rarr; <strong>1392<\/strong><br \/>(-27 for losing)\n|raw|ICF_Marin's rating: 1293 &rarr; <strong>1327<\/strong><br \/>(+34 for winning)\n|l|\u2606meliaudass\n|c|\u2606ICF_Marin|beau match\n","uploadtime":1700068397,"views":12,"p1id":"meliaudass","p2id":"icfmarin","formatid":"gen9ou","rating":1327,"private":0,"password":""}