{"id":"gen9ou-1991377114","p1":"imtheworstbf","p2":"TheLostSaint","format":"[Gen 9] OU","log":"|j|\u2606imtheworstbf\n|j|\u2606TheLostSaint\n|t:|1700072039\n|gametype|singles\n|player|p1|imtheworstbf|ethan|1370\n|player|p2|TheLostSaint|gambler|1393\n|teamsize|p1|6\n|teamsize|p2|6\n|gen|9\n|tier|[Gen 9] OU\n|rated|\n|rule|Sleep Clause Mod: Limit one foe put to sleep\n|rule|Species Clause: Limit one of each Pok\u00e9mon\n|rule|OHKO Clause: OHKO moves are banned\n|rule|Evasion Items Clause: Evasion items are banned\n|rule|Evasion Moves Clause: Evasion moves are banned\n|rule|Endless Battle Clause: Forcing endless battles is banned\n|rule|HP Percentage Mod: HP is shown in percentages\n|clearpoke\n|poke|p1|Shaymin|\n|poke|p1|Enamorus, F|\n|poke|p1|Forretress, F|\n|poke|p1|Gholdengo|\n|poke|p1|Ogerpon-Wellspring, F|\n|poke|p1|Ting-Lu|\n|poke|p2|Rillaboom, M|\n|poke|p2|Heatran, F|\n|poke|p2|Great Tusk|\n|poke|p2|Slowking-Galar, M|\n|poke|p2|Ogerpon-Wellspring, F|\n|poke|p2|Enamorus, F|\n|teampreview\n|\n|t:|1700072064\n|start\n|switch|p1a: Forretress|Forretress, F|100\/100\n|switch|p2a: Enamorus|Enamorus, F|100\/100\n|turn|1\n|\n|t:|1700072078\n|move|p2a: Enamorus|Mystical Fire|p1a: Forretress\n|-supereffective|p1a: Forretress\n|-ability|p1a: Forretress|Sturdy\n|-damage|p1a: Forretress|1\/100\n|-unboost|p1a: Forretress|spa|1\n|move|p1a: Forretress|Thunder Wave|p2a: Enamorus|[miss]\n|-miss|p1a: Forretress|p2a: Enamorus\n|\n|-heal|p1a: Forretress|7\/100|[from] item: Leftovers\n|upkeep\n|turn|2\n|c|\u2606TheLostSaint|G\n|c|\u2606TheLostSaint|F*\n|\n|t:|1700072093\n|switch|p1a: Enamorus|Enamorus, F|100\/100\n|move|p2a: Enamorus|Mystical Fire|p1a: Enamorus\n|-damage|p1a: Enamorus|65\/100\n|-unboost|p1a: Enamorus|spa|1\n|\n|upkeep\n|turn|3\n|\n|t:|1700072097\n|switch|p2a: Slowking|Slowking-Galar, M|100\/100\n|move|p1a: Enamorus|Moonblast|p2a: Slowking\n|-resisted|p2a: Slowking\n|-damage|p2a: Slowking|91\/100\n|\n|-heal|p2a: Slowking|97\/100|[from] item: Black Sludge\n|upkeep\n|turn|4\n|\n|t:|1700072104\n|switch|p1a: Ting-Lu|Ting-Lu|100\/100\n|-ability|p1a: Ting-Lu|Vessel of Ruin\n|move|p2a: Slowking|Chilly Reception|p2a: Slowking\n|-weather|Snow\n|\n|t:|1700072107\n|switch|p2a: Rillaboom|Rillaboom, M|100\/100|[from] Chilly Reception\n|-fieldstart|move: Grassy Terrain|[from] ability: Grassy Surge|[of] p2a: Rillaboom\n|\n|-weather|Snow|[upkeep]\n|upkeep\n|turn|5\n|\n|t:|1700072114\n|move|p2a: Rillaboom|Wood Hammer|p1a: Ting-Lu\n|-supereffective|p1a: Ting-Lu\n|-damage|p1a: Ting-Lu|0 fnt\n|faint|p1a: Ting-Lu\n|-damage|p2a: Rillaboom|51\/100|[from] Recoil\n|\n|-weather|Snow|[upkeep]\n|-heal|p2a: Rillaboom|57\/100|[from] Grassy Terrain\n|upkeep\n|\n|t:|1700072129\n|switch|p1a: Enamorus|Enamorus, F|65\/100\n|turn|6\n|\n|t:|1700072131\n|switch|p2a: Slowking|Slowking-Galar, M|100\/100\n|move|p1a: Enamorus|Mystical Fire|p2a: Slowking\n|-crit|p2a: Slowking\n|-damage|p2a: Slowking|78\/100\n|-unboost|p2a: Slowking|spa|1\n|\n|-weather|Snow|[upkeep]\n|-heal|p2a: Slowking|84\/100|[from] Grassy Terrain\n|-heal|p2a: Slowking|90\/100|[from] item: Black Sludge\n|upkeep\n|turn|7\n|\n|t:|1700072138\n|switch|p1a: Forretress|Forretress, F|7\/100\n|move|p2a: Slowking|Future Sight|p1a: Forretress\n|-start|p2a: Slowking|move: Future Sight\n|\n|-weather|Snow|[upkeep]\n|-heal|p1a: Forretress|13\/100|[from] Grassy Terrain\n|-heal|p1a: Forretress|19\/100|[from] item: Leftovers\n|-heal|p2a: Slowking|96\/100|[from] Grassy Terrain\n|-heal|p2a: Slowking|100\/100|[from] item: Black Sludge\n|upkeep\n|turn|8\n|\n|t:|1700072143\n|switch|p2a: Great Tusk|Great Tusk|100\/100\n|move|p1a: Forretress|Stealth Rock|p2a: Great Tusk\n|-sidestart|p2: TheLostSaint|move: Stealth Rock\n|\n|-weather|none\n|-heal|p1a: Forretress|26\/100|[from] Grassy Terrain\n|-heal|p1a: Forretress|32\/100|[from] item: Leftovers\n|-fieldend|move: Grassy Terrain\n|upkeep\n|turn|9\n|\n|t:|1700072149\n|switch|p1a: Shaymin|Shaymin|100\/100\n|move|p2a: Great Tusk|Knock Off|p1a: Shaymin\n|-damage|p1a: Shaymin|67\/100\n|-enditem|p1a: Shaymin|Choice Specs|[from] move: Knock Off|[of] p2a: Great Tusk\n|\n|-end|p1a: Shaymin|move: Future Sight\n|-damage|p1a: Shaymin|24\/100\n|upkeep\n|turn|10\n|\n|t:|1700072160\n|-end|p2a: Great Tusk|Protosynthesis|[silent]\n|switch|p2a: Slowking|Slowking-Galar, M|100\/100\n|-damage|p2a: Slowking|88\/100|[from] Stealth Rock\n|move|p1a: Shaymin|Giga Drain|p2a: Slowking\n|-resisted|p2a: Slowking\n|-damage|p2a: Slowking|79\/100\n|-heal|p1a: Shaymin|30\/100|[from] drain|[of] p2a: Slowking\n|\n|-heal|p2a: Slowking|85\/100|[from] item: Black Sludge\n|upkeep\n|turn|11\n|\n|t:|1700072172\n|switch|p1a: Forretress|Forretress, F|32\/100\n|move|p2a: Slowking|Future Sight|p1a: Forretress\n|-start|p2a: Slowking|move: Future Sight\n|\n|-heal|p1a: Forretress|38\/100|[from] item: Leftovers\n|-heal|p2a: Slowking|91\/100|[from] item: Black Sludge\n|upkeep\n|turn|12\n|\n|t:|1700072177\n|move|p1a: Forretress|Rapid Spin|p2a: Slowking\n|-damage|p2a: Slowking|80\/100\n|-boost|p1a: Forretress|spe|1\n|move|p2a: Slowking|Chilly Reception|p2a: Slowking\n|-weather|Snow\n|\n|t:|1700072182\n|switch|p2a: Great Tusk|Great Tusk|100\/100|[from] Chilly Reception\n|-damage|p2a: Great Tusk|98\/100|[from] Stealth Rock\n|\n|-weather|Snow|[upkeep]\n|-heal|p2a: Great Tusk|100\/100|[from] item: Leftovers\n|-heal|p1a: Forretress|44\/100|[from] item: Leftovers\n|upkeep\n|turn|13\n|\n|t:|1700072186\n|move|p2a: Great Tusk|Rapid Spin|p1a: Forretress\n|-resisted|p1a: Forretress\n|-crit|p1a: Forretress\n|-damage|p1a: Forretress|38\/100\n|-boost|p2a: Great Tusk|spe|1\n|-sideend|p2: TheLostSaint|Stealth Rock|[from] move: Rapid Spin|[of] p2a: Great Tusk\n|move|p1a: Forretress|Rapid Spin|p2a: Great Tusk\n|-damage|p2a: Great Tusk|94\/100\n|-boost|p1a: Forretress|spe|1\n|\n|-weather|Snow|[upkeep]\n|-end|p1a: Forretress|move: Future Sight\n|-resisted|p1a: Forretress\n|-damage|p1a: Forretress|2\/100\n|-heal|p2a: Great Tusk|100\/100|[from] item: Leftovers\n|-heal|p1a: Forretress|9\/100|[from] item: Leftovers\n|upkeep\n|turn|14\n|\n|t:|1700072190\n|move|p2a: Great Tusk|Earthquake|p1a: Forretress\n|-damage|p1a: Forretress|0 fnt\n|faint|p1a: Forretress\n|\n|-weather|Snow|[upkeep]\n|upkeep\n|\n|t:|1700072208\n|switch|p1a: Shaymin|Shaymin|30\/100\n|turn|15\n|\n|t:|1700072216\n|-end|p2a: Great Tusk|Protosynthesis|[silent]\n|switch|p2a: Slowking|Slowking-Galar, M|100\/100\n|switch|p1a: Ogerpon|Ogerpon-Wellspring, F|100\/100\n|\n|-weather|Snow|[upkeep]\n|upkeep\n|turn|16\n|\n|t:|1700072228\n|-terastallize|p1a: Ogerpon|Water\n|detailschange|p1a: Ogerpon|Ogerpon-Wellspring-Tera, F, tera:Water\n|-ability|p1a: Ogerpon|Embody Aspect (Wellspring)|boost\n|-boost|p1a: Ogerpon|spd|1\n|move|p1a: Ogerpon|Swords Dance|p1a: Ogerpon\n|-boost|p1a: Ogerpon|atk|2\n|move|p2a: Slowking|Sludge Bomb|p1a: Ogerpon\n|-damage|p1a: Ogerpon|73\/100\n|-status|p1a: Ogerpon|psn\n|\n|-weather|none\n|-damage|p1a: Ogerpon|61\/100 psn|[from] psn\n|upkeep\n|turn|17\n|\n|t:|1700072233\n|switch|p2a: Ogerpon|Ogerpon-Wellspring, F|100\/100\n|move|p1a: Ogerpon|Ivy Cudgel|p2a: Ogerpon|[anim] Ivy Cudgel Water\n|-immune|p2a: Ogerpon|[from] ability: Water Absorb\n|\n|-damage|p1a: Ogerpon|49\/100 psn|[from] psn\n|upkeep\n|turn|18\n|\n|t:|1700072239\n|move|p1a: Ogerpon|Horn Leech|p2a: Ogerpon\n|-damage|p2a: Ogerpon|0 fnt\n|-heal|p1a: Ogerpon|99\/100 psn|[from] drain|[of] p2a: Ogerpon\n|faint|p2a: Ogerpon\n|\n|-damage|p1a: Ogerpon|87\/100 psn|[from] psn\n|upkeep\n|\n|t:|1700072242\n|switch|p2a: Rillaboom|Rillaboom, M|57\/100\n|-fieldstart|move: Grassy Terrain|[from] ability: Grassy Surge|[of] p2a: Rillaboom\n|turn|19\n|\n|t:|1700072248\n|-terastallize|p2a: Rillaboom|Grass\n|move|p2a: Rillaboom|Grassy Glide|p1a: Ogerpon\n|-supereffective|p1a: Ogerpon\n|-damage|p1a: Ogerpon|0 fnt\n|faint|p1a: Ogerpon\n|\n|-heal|p2a: Rillaboom|63\/100|[from] Grassy Terrain\n|upkeep\n|\n|t:|1700072259\n|switch|p1a: Enamorus|Enamorus, F|65\/100\n|turn|20\n|\n|t:|1700072262\n|switch|p2a: Slowking|Slowking-Galar, M|100\/100\n|move|p1a: Enamorus|Mystical Fire|p2a: Slowking\n|-damage|p2a: Slowking|85\/100\n|-unboost|p2a: Slowking|spa|1\n|\n|-heal|p2a: Slowking|91\/100|[from] Grassy Terrain\n|-heal|p2a: Slowking|97\/100|[from] item: Black Sludge\n|upkeep\n|turn|21\n|\n|t:|1700072264\n|move|p1a: Enamorus|Earth Power|p2a: Slowking\n|-supereffective|p2a: Slowking\n|-damage|p2a: Slowking|56\/100\n|move|p2a: Slowking|Future Sight|p1a: Enamorus\n|-start|p2a: Slowking|move: Future Sight\n|\n|-heal|p2a: Slowking|62\/100|[from] Grassy Terrain\n|-heal|p2a: Slowking|68\/100|[from] item: Black Sludge\n|upkeep\n|turn|22\n|\n|t:|1700072270\n|move|p1a: Enamorus|Mystical Fire|p2a: Slowking\n|-crit|p2a: Slowking\n|-damage|p2a: Slowking|44\/100\n|-unboost|p2a: Slowking|spa|1\n|move|p2a: Slowking|Chilly Reception|p2a: Slowking\n|-weather|Snow\n|\n|t:|1700072275\n|switch|p2a: Enamorus|Enamorus, F|100\/100|[from] Chilly Reception\n|\n|-weather|Snow|[upkeep]\n|upkeep\n|turn|23\n|\n|t:|1700072280\n|move|p2a: Enamorus|Mystical Fire|p1a: Enamorus\n|-damage|p1a: Enamorus|28\/100\n|-unboost|p1a: Enamorus|spa|1\n|move|p1a: Enamorus|Tailwind|p1a: Enamorus\n|-sidestart|p1: imtheworstbf|move: Tailwind\n|\n|-weather|Snow|[upkeep]\n|-end|p1a: Enamorus|move: Future Sight\n|-crit|p1a: Enamorus\n|-damage|p1a: Enamorus|0 fnt\n|faint|p1a: Enamorus\n|-fieldend|move: Grassy Terrain\n|upkeep\n|\n|t:|1700072285\n|switch|p1a: Gholdengo|Gholdengo|100\/100\n|turn|24\n|\n|t:|1700072287\n|move|p1a: Gholdengo|Trick|p2a: Enamorus\n|-activate|p1a: Gholdengo|move: Trick|[of] p2a: Enamorus\n|-item|p2a: Enamorus|Choice Specs|[from] move: Trick\n|-item|p1a: Gholdengo|Choice Scarf|[from] move: Trick\n|move|p2a: Enamorus|Mystical Fire|p1a: Gholdengo\n|-supereffective|p1a: Gholdengo\n|-damage|p1a: Gholdengo|13\/100\n|-unboost|p1a: Gholdengo|spa|1\n|\n|-weather|Snow|[upkeep]\n|upkeep\n|turn|25\n|c|\u2606imtheworstbf|lol\n|c|\u2606imtheworstbf|gg\n|-message|imtheworstbf forfeited.\n|\n|win|TheLostSaint\n|raw|imtheworstbf's rating: 1370 &rarr; <strong>1351<\/strong><br \/>(-19 for losing)\n|raw|TheLostSaint's rating: 1393 &rarr; <strong>1412<\/strong><br \/>(+19 for winning)\n|c|\u2606TheLostSaint|Whut?\n|c|\u2606imtheworstbf|where's the confusion\n","uploadtime":1700072337,"views":7,"p1id":"imtheworstbf","p2id":"thelostsaint","formatid":"gen9ou","rating":1351,"private":0,"password":""}