{"id":"gen9ou-1996817923","p1":"spicy piquant","p2":"pepsi","format":"[Gen 9] OU","log":"|j|\u2606spicy piquant\n|j|\u2606pepsi\n|t:|1700730269\n|gametype|singles\n|player|p1|spicy piquant|170|1755\n|player|p2|pepsi|169|1640\n|teamsize|p1|6\n|teamsize|p2|6\n|gen|9\n|tier|[Gen 9] OU\n|rated|\n|rule|Sleep Clause Mod: Limit one foe put to sleep\n|rule|Species Clause: Limit one of each Pok\u00e9mon\n|rule|OHKO Clause: OHKO moves are banned\n|rule|Evasion Items Clause: Evasion items are banned\n|rule|Evasion Moves Clause: Evasion moves are banned\n|rule|Endless Battle Clause: Forcing endless battles is banned\n|rule|HP Percentage Mod: HP is shown in percentages\n|clearpoke\n|poke|p1|Iron Valiant|\n|poke|p1|Gholdengo|\n|poke|p1|Cinderace, F|\n|poke|p1|Toxapex, F|\n|poke|p1|Corviknight, M|\n|poke|p1|Ursaluna, M|\n|poke|p2|Thundurus-Therian, M|\n|poke|p2|Ribombee, F|\n|poke|p2|Cinderace, F|\n|poke|p2|Pelipper, F|\n|poke|p2|Kingambit, M|\n|poke|p2|Ogerpon-Cornerstone, F|\n|teampreview\n|inactive|Battle timer is ON: inactive players will automatically lose when time's up. (requested by spicy piquant)\n|\n|t:|1700730282\n|start\n|switch|p1a: Toxapex|Toxapex, F|100\/100\n|switch|p2a: Pelipper|Pelipper, F|100\/100\n|-weather|RainDance|[from] ability: Drizzle|[of] p2a: Pelipper\n|turn|1\n|\n|t:|1700730293\n|move|p2a: Pelipper|Hurricane|p1a: Toxapex\n|-damage|p1a: Toxapex|81\/100\n|move|p1a: Toxapex|Sludge Bomb|p2a: Pelipper\n|-damage|p2a: Pelipper|56\/100\n|-status|p2a: Pelipper|psn\n|\n|-weather|RainDance|[upkeep]\n|-damage|p2a: Pelipper|44\/100 psn|[from] psn\n|upkeep\n|turn|2\n|\n|t:|1700730304\n|move|p2a: Pelipper|U-turn|p1a: Toxapex\n|-resisted|p1a: Toxapex\n|-crit|p1a: Toxapex\n|-damage|p1a: Toxapex|76\/100\n|\n|t:|1700730311\n|switch|p2a: Ribombee|Ribombee, F|100\/100|[from] U-turn\n|move|p1a: Toxapex|Infestation|p2a: Ribombee\n|-resisted|p2a: Ribombee\n|-damage|p2a: Ribombee|97\/100\n|-activate|p2a: Ribombee|move: Infestation|[of] p1a: Toxapex\n|\n|-weather|RainDance|[upkeep]\n|-damage|p2a: Ribombee|84\/100|[from] move: Infestation|[partiallytrapped]\n|upkeep\n|turn|3\n|\n|t:|1700730316\n|move|p2a: Ribombee|Psychic|p1a: Toxapex\n|-supereffective|p1a: Toxapex\n|-damage|p1a: Toxapex|49\/100\n|move|p1a: Toxapex|Sludge Bomb|p2a: Ribombee\n|-supereffective|p2a: Ribombee\n|-damage|p2a: Ribombee|0 fnt\n|faint|p2a: Ribombee\n|\n|-weather|RainDance|[upkeep]\n|upkeep\n|\n|t:|1700730319\n|switch|p2a: Thundurus|Thundurus-Therian, M|100\/100\n|turn|4\n|\n|t:|1700730322\n|switch|p1a: Ursaluna|Ursaluna, M, shiny|100\/100\n|-terastallize|p2a: Thundurus|Flying\n|move|p2a: Thundurus|Tera Blast|p1a: Ursaluna|[anim] Tera Blast Flying\n|-damage|p1a: Ursaluna|5\/100\n|\n|-weather|RainDance|[upkeep]\n|-status|p1a: Ursaluna|brn|[from] item: Flame Orb\n|upkeep\n|turn|5\n|\n|t:|1700730333\n|move|p2a: Thundurus|Tera Blast|p1a: Ursaluna|[anim] Tera Blast Flying\n|-damage|p1a: Ursaluna|0 fnt\n|faint|p1a: Ursaluna\n|\n|-weather|none\n|upkeep\n|\n|t:|1700730346\n|switch|p1a: Gholdengo|Gholdengo|100\/100\n|turn|6\n|\n|t:|1700730362\n|move|p1a: Gholdengo|Make It Rain|p2a: Thundurus\n|-damage|p2a: Thundurus|7\/100\n|-unboost|p1a: Gholdengo|spa|1\n|move|p2a: Thundurus|Tera Blast|p1a: Gholdengo|[anim] Tera Blast Flying\n|-resisted|p1a: Gholdengo\n|-damage|p1a: Gholdengo|45\/100\n|\n|upkeep\n|turn|7\n|\n|t:|1700730368\n|switch|p2a: Cinderace|Cinderace, F|100\/100\n|move|p1a: Gholdengo|Make It Rain|p2a: Cinderace\n|-resisted|p2a: Cinderace\n|-damage|p2a: Cinderace|68\/100\n|-unboost|p1a: Gholdengo|spa|1\n|\n|upkeep\n|turn|8\n|\n|t:|1700730384\n|switch|p1a: Toxapex|Toxapex, F|83\/100\n|switch|p2a: Kingambit|Kingambit, M|100\/100\n|-activate|p2a: Kingambit|ability: Supreme Overlord\n|-start|p2a: Kingambit|fallen1|[silent]\n|-item|p2a: Kingambit|Air Balloon\n|\n|upkeep\n|turn|9\n|\n|t:|1700730396\n|switch|p1a: Corviknight|Corviknight, M|100\/100\n|-ability|p1a: Corviknight|Pressure\n|move|p2a: Kingambit|Kowtow Cleave|p1a: Corviknight\n|-damage|p1a: Corviknight|66\/100\n|-damage|p2a: Kingambit|84\/100|[from] item: Rocky Helmet|[of] p1a: Corviknight\n|\n|upkeep\n|turn|10\n|\n|t:|1700730406\n|-end|p2a: Kingambit|fallen1|[silent]\n|switch|p2a: Pelipper|Pelipper, F|44\/100 psn\n|-weather|RainDance|[from] ability: Drizzle|[of] p2a: Pelipper\n|move|p1a: Corviknight|Body Press|p2a: Pelipper\n|-resisted|p2a: Pelipper\n|-damage|p2a: Pelipper|34\/100 psn\n|\n|-weather|RainDance|[upkeep]\n|-damage|p2a: Pelipper|21\/100 psn|[from] psn\n|upkeep\n|turn|11\n|j| Yuriaa\n|\n|t:|1700730418\n|switch|p1a: Toxapex|Toxapex, F|100\/100\n|move|p2a: Pelipper|Surf|p1a: Toxapex\n|-resisted|p1a: Toxapex\n|-damage|p1a: Toxapex|88\/100\n|\n|-weather|RainDance|[upkeep]\n|-damage|p2a: Pelipper|9\/100 psn|[from] psn\n|upkeep\n|turn|12\n|j| mew852\n|inactive|spicy piquant has 120 seconds left.\n|inactive|pepsi has 120 seconds left.\n|j| Yii3154\n|\n|t:|1700730470\n|move|p2a: Pelipper|Surf|p1a: Toxapex\n|-resisted|p1a: Toxapex\n|-damage|p1a: Toxapex|75\/100\n|move|p1a: Toxapex|Infestation|p2a: Pelipper\n|-resisted|p2a: Pelipper\n|-damage|p2a: Pelipper|6\/100 psn\n|-activate|p2a: Pelipper|move: Infestation|[of] p1a: Toxapex\n|\n|-weather|RainDance|[upkeep]\n|-damage|p2a: Pelipper|0 fnt|[from] psn\n|faint|p2a: Pelipper\n|upkeep\n|inactive|pepsi has 90 seconds left.\n|\n|t:|1700730494\n|switch|p2a: Thundurus|Thundurus-Therian, M, tera:Flying|7\/100\n|turn|13\n|\n|t:|1700730510\n|move|p2a: Thundurus|Volt Switch|p1a: Toxapex\n|-supereffective|p1a: Toxapex\n|-damage|p1a: Toxapex|0 fnt\n|faint|p1a: Toxapex\n|inactive|pepsi has 90 seconds left.\n|\n|t:|1700730521\n|switch|p2a: Cinderace|Cinderace, F|68\/100|[from] Volt Switch\n|\n|-weather|RainDance|[upkeep]\n|upkeep\n|j| t-modesty\n|inactive|spicy piquant has 90 seconds left.\n|\n|t:|1700730541\n|switch|p1a: Iron Valiant|Iron Valiant|100\/100\n|-enditem|p1a: Iron Valiant|Booster Energy\n|-activate|p1a: Iron Valiant|ability: Quark Drive|[fromitem]\n|-start|p1a: Iron Valiant|quarkdrivespe\n|turn|14\n|inactive|pepsi has 90 seconds left.\n|l| Yii3154\n|inactive|pepsi has 60 seconds left.\n|inactive|pepsi has 30 seconds left.\n|inactive|pepsi has 20 seconds left.\n|\n|t:|1700730628\n|move|p2a: Cinderace|Sucker Punch|p1a: Iron Valiant\n|-start|p2a: Cinderace|typechange|Dark|[from] ability: Libero\n|-resisted|p1a: Iron Valiant\n|-damage|p1a: Iron Valiant|90\/100\n|move|p1a: Iron Valiant|Close Combat|p2a: Cinderace\n|-supereffective|p2a: Cinderace\n|-damage|p2a: Cinderace|0 fnt\n|-unboost|p1a: Iron Valiant|def|1\n|-unboost|p1a: Iron Valiant|spd|1\n|faint|p2a: Cinderace\n|\n|-weather|none\n|upkeep\n|inactive|pepsi has 25 seconds left this turn.\n|inactive|pepsi has 20 seconds left.\n|\n|t:|1700730634\n|switch|p2a: Ogerpon|Ogerpon-Cornerstone, F|100\/100\n|turn|15\n|inactive|pepsi has 30 seconds left this turn.\n|inactive|pepsi has 20 seconds left.\n|\n|t:|1700730645\n|move|p1a: Iron Valiant|Close Combat|p2a: Ogerpon\n|-supereffective|p2a: Ogerpon\n|-ability|p2a: Ogerpon|Sturdy\n|-damage|p2a: Ogerpon|1\/100\n|-unboost|p1a: Iron Valiant|def|1\n|-unboost|p1a: Iron Valiant|spd|1\n|move|p2a: Ogerpon|Power Whip|p1a: Iron Valiant\n|-damage|p1a: Iron Valiant|0 fnt\n|faint|p1a: Iron Valiant\n|-end|p1a: Iron Valiant|Quark Drive|[silent]\n|\n|upkeep\n|inactive|pepsi has 25 seconds left this turn.\n|\n|t:|1700730660\n|switch|p1a: Cinderace|Cinderace, F|100\/100\n|turn|16\n|inactive|pepsi has 30 seconds left.\n|\n|t:|1700730675\n|move|p1a: Cinderace|U-turn|p2a: Ogerpon\n|-start|p1a: Cinderace|typechange|Bug|[from] ability: Libero\n|-supereffective|p2a: Ogerpon\n|-damage|p2a: Ogerpon|0 fnt\n|faint|p2a: Ogerpon\n|inactive|pepsi has 30 seconds left this turn.\n|inactive|spicy piquant has 90 seconds left.\n|inactive|spicy piquant has 60 seconds left.\n|\n|t:|1700730739\n|switch|p1a: Gholdengo|Gholdengo|45\/100|[from] U-turn\n|\n|upkeep\n|inactive|pepsi has 30 seconds left.\n|\n|t:|1700730745\n|switch|p2a: Kingambit|Kingambit, M|84\/100\n|-activate|p2a: Kingambit|ability: Supreme Overlord\n|-start|p2a: Kingambit|fallen4|[silent]\n|-item|p2a: Kingambit|Air Balloon\n|turn|17\n|\n|t:|1700730751\n|-end|p2a: Kingambit|fallen4|[silent]\n|switch|p2a: Thundurus|Thundurus-Therian, M, tera:Flying|7\/100\n|move|p1a: Gholdengo|Trick|p2a: Thundurus\n|-activate|p1a: Gholdengo|move: Trick|[of] p2a: Thundurus\n|-item|p2a: Thundurus|Choice Scarf|[from] move: Trick\n|-item|p1a: Gholdengo|Choice Specs|[from] move: Trick\n|\n|upkeep\n|turn|18\n|inactive|pepsi has 30 seconds left.\n|inactive|pepsi has 20 seconds left.\n|inactive|pepsi has 15 seconds left.\n|\n|t:|1700730781\n|move|p2a: Thundurus|Volt Switch|p1a: Gholdengo\n|-damage|p1a: Gholdengo|0 fnt\n|faint|p1a: Gholdengo\n|inactive|pepsi has 20 seconds left this turn.\n|\n|t:|1700730785\n|switch|p2a: Kingambit|Kingambit, M|84\/100|[from] Volt Switch\n|-activate|p2a: Kingambit|ability: Supreme Overlord\n|-start|p2a: Kingambit|fallen4|[silent]\n|-item|p2a: Kingambit|Air Balloon\n|\n|upkeep\n|inactive|pepsi has 25 seconds left this turn.\n|\n|t:|1700730789\n|switch|p1a: Corviknight|Corviknight, M|66\/100\n|-ability|p1a: Corviknight|Pressure\n|turn|19\n|inactive|pepsi has 30 seconds left.\n|\n|t:|1700730799\n|move|p2a: Kingambit|Swords Dance|p2a: Kingambit\n|-boost|p2a: Kingambit|atk|2\n|move|p1a: Corviknight|Body Press|p2a: Kingambit\n|-supereffective|p2a: Kingambit\n|-damage|p2a: Kingambit|0 fnt\n|-enditem|p2a: Kingambit|Air Balloon\n|faint|p2a: Kingambit\n|-end|p2a: Kingambit|fallen4|[silent]\n|\n|upkeep\n|\n|t:|1700730803\n|switch|p2a: Thundurus|Thundurus-Therian, M, tera:Flying|7\/100\n|turn|20\n|j| deneme12\n|l| t-modesty\n|j| t-modesty\n|l| t-modesty\n|inactive|pepsi has 30 seconds left.\n|l| deneme12\n|\n|t:|1700730821\n|move|p2a: Thundurus|Volt Switch|p1a: Corviknight\n|-supereffective|p1a: Corviknight\n|-damage|p1a: Corviknight|0 fnt\n|faint|p1a: Corviknight\n|\n|upkeep\n|\n|t:|1700730823\n|switch|p1a: Cinderace|Cinderace, F|100\/100\n|turn|21\n|\n|t:|1700730825\n|move|p1a: Cinderace|Sucker Punch|p2a: Thundurus\n|-start|p1a: Cinderace|typechange|Dark|[from] ability: Libero\n|-damage|p2a: Thundurus|0 fnt\n|faint|p2a: Thundurus\n|\n|win|spicy piquant\n|raw|spicy piquant's rating: 1743 &rarr; <strong>1757<\/strong><br \/>(+14 for winning)\n|raw|pepsi's rating: 1640 &rarr; <strong>1626<\/strong><br \/>(-14 for losing)\n|l|\u2606pepsi\n|l|\u2606spicy piquant\n|l| Yuriaa\n","uploadtime":1700732056,"views":13,"p1id":"spicypiquant","p2id":"pepsi","formatid":"gen9ou","rating":1626,"private":0,"password":""}