{"id":"gen9ou-1994580805","p1":"KITSUMOX","p2":"Haynaughtie","format":"[Gen 9] OU","log":"|j|\u2606KITSUMOX\n|j|\u2606Haynaughtie\n|t:|1700463648\n|gametype|singles\n|player|p1|KITSUMOX|harlequin|1018\n|player|p2|Haynaughtie|burglar|1043\n|teamsize|p1|5\n|teamsize|p2|6\n|gen|9\n|tier|[Gen 9] OU\n|rated|\n|rule|Sleep Clause Mod: Limit one foe put to sleep\n|rule|Species Clause: Limit one of each Pok\u00e9mon\n|rule|OHKO Clause: OHKO moves are banned\n|rule|Evasion Items Clause: Evasion items are banned\n|rule|Evasion Moves Clause: Evasion moves are banned\n|rule|Endless Battle Clause: Forcing endless battles is banned\n|rule|HP Percentage Mod: HP is shown in percentages\n|clearpoke\n|poke|p1|Heracross, M|\n|poke|p1|Lokix, F|\n|poke|p1|Rabsca, F|\n|poke|p1|Kleavor, F|\n|poke|p1|Forretress, F|\n|poke|p2|Walking Wake|\n|poke|p2|Torkoal, F|\n|poke|p2|Great Tusk|\n|poke|p2|Arcanine-Hisui, M|\n|poke|p2|Moltres-Galar|\n|poke|p2|Dudunsparce-*, F|\n|teampreview\n|\n|t:|1700463659\n|start\n|switch|p1a: Forretress|Forretress, F|100\/100\n|switch|p2a: Torkoal|Torkoal, F, shiny|100\/100\n|-weather|SunnyDay|[from] ability: Drought|[of] p2a: Torkoal\n|turn|1\n|\n|t:|1700463670\n|move|p1a: Forretress|Stealth Rock|p2a: Torkoal\n|-sidestart|p2: Haynaughtie|move: Stealth Rock\n|move|p2a: Torkoal|Eruption|p1a: Forretress\n|-supereffective|p1a: Forretress\n|-ability|p1a: Forretress|Sturdy\n|-damage|p1a: Forretress|1\/100\n|\n|-weather|SunnyDay|[upkeep]\n|upkeep\n|turn|2\n|\n|t:|1700463686\n|switch|p2a: Great Tusk|Great Tusk|100\/100\n|-damage|p2a: Great Tusk|98\/100|[from] Stealth Rock\n|-activate|p2a: Great Tusk|ability: Protosynthesis\n|-start|p2a: Great Tusk|protosynthesisatk\n|move|p1a: Forretress|Toxic Spikes|p2a: Great Tusk\n|-sidestart|p2: Haynaughtie|move: Toxic Spikes\n|\n|-weather|SunnyDay|[upkeep]\n|upkeep\n|turn|3\n|\n|t:|1700463704\n|move|p2a: Great Tusk|Body Press|p1a: Forretress\n|-damage|p1a: Forretress|0 fnt\n|faint|p1a: Forretress\n|\n|-weather|SunnyDay|[upkeep]\n|upkeep\n|\n|t:|1700463714\n|switch|p1a: Heracross|Heracross, M, shiny|100\/100\n|turn|4\n|\n|t:|1700463742\n|move|p2a: Great Tusk|Heavy Slam|p1a: Heracross\n|-damage|p1a: Heracross|40\/100\n|move|p1a: Heracross|Megahorn|p2a: Great Tusk\n|-resisted|p2a: Great Tusk\n|-damage|p2a: Great Tusk|81\/100\n|\n|-weather|SunnyDay|[upkeep]\n|-status|p1a: Heracross|brn|[from] item: Flame Orb\n|upkeep\n|turn|5\n|\n|t:|1700463756\n|move|p2a: Great Tusk|Heavy Slam|p1a: Heracross\n|-damage|p1a: Heracross|0 fnt\n|faint|p1a: Heracross\n|\n|-weather|none\n|-end|p2a: Great Tusk|Protosynthesis\n|upkeep\n|\n|t:|1700463761\n|switch|p1a: Lokix|Lokix, F|100\/100\n|turn|6\n|\n|t:|1700463796\n|move|p1a: Lokix|First Impression|p2a: Great Tusk\n|-resisted|p2a: Great Tusk\n|-damage|p2a: Great Tusk|56\/100\n|move|p2a: Great Tusk|Headlong Rush|p1a: Lokix\n|-resisted|p1a: Lokix\n|-damage|p1a: Lokix|50\/100\n|-unboost|p2a: Great Tusk|def|1\n|-unboost|p2a: Great Tusk|spd|1\n|\n|upkeep\n|turn|7\n|\n|t:|1700463810\n|-end|p2a: Great Tusk|Protosynthesis|[silent]\n|switch|p2a: Walking Wake|Walking Wake|100\/100\n|-damage|p2a: Walking Wake|88\/100|[from] Stealth Rock\n|-status|p2a: Walking Wake|psn\n|move|p1a: Lokix|Sucker Punch||[still]\n|-fail|p1a: Lokix\n|\n|-damage|p2a: Walking Wake|76\/100 psn|[from] psn\n|upkeep\n|turn|8\n|\n|t:|1700463821\n|-end|p2a: Walking Wake|Protosynthesis|[silent]\n|switch|p2a: Moltres|Moltres-Galar|100\/100\n|-damage|p2a: Moltres|76\/100|[from] Stealth Rock\n|move|p1a: Lokix|Sucker Punch||[still]\n|-fail|p1a: Lokix\n|\n|upkeep\n|turn|9\n|\n|t:|1700463841\n|move|p2a: Moltres|Nasty Plot|p2a: Moltres\n|-boost|p2a: Moltres|spa|2\n|move|p1a: Lokix|Axe Kick|p2a: Moltres\n|-damage|p2a: Moltres|29\/100\n|-ability|p2a: Moltres|Berserk|boost\n|-boost|p2a: Moltres|spa|1\n|-enditem|p2a: Moltres|Sitrus Berry|[eat]\n|-heal|p2a: Moltres|54\/100|[from] item: Sitrus Berry\n|\n|upkeep\n|turn|10\n|\n|t:|1700463856\n|move|p2a: Moltres|Air Slash|p1a: Lokix\n|-supereffective|p1a: Lokix\n|-damage|p1a: Lokix|0 fnt\n|faint|p1a: Lokix\n|\n|upkeep\n|\n|t:|1700463861\n|switch|p1a: Kleavor|Kleavor, F|100\/100\n|turn|11\n|\n|t:|1700463869\n|-terastallize|p1a: Kleavor|Normal\n|move|p2a: Moltres|Hurricane|p1a: Kleavor\n|-damage|p1a: Kleavor|0 fnt\n|faint|p1a: Kleavor\n|\n|upkeep\n|\n|t:|1700463874\n|switch|p1a: Rabsca|Rabsca, F|100\/100\n|turn|12\n|\n|t:|1700463879\n|move|p2a: Moltres|Fiery Wrath|p1a: Rabsca\n|-supereffective|p1a: Rabsca\n|-enditem|p1a: Rabsca|Focus Sash\n|-damage|p1a: Rabsca|1\/100\n|move|p1a: Rabsca|Revival Blessing|p1a: Rabsca\n|\n|t:|1700463888\n|-heal|p1: Lokix|50\/100|[from] move: Revival Blessing\n|\n|upkeep\n|turn|13\n|\n|t:|1700463894\n|move|p2a: Moltres|Air Slash|p1a: Rabsca\n|-supereffective|p1a: Rabsca\n|-damage|p1a: Rabsca|0 fnt\n|faint|p1a: Rabsca\n|\n|upkeep\n|\n|t:|1700463898\n|switch|p1a: Lokix|Lokix, F|50\/100\n|turn|14\n|\n|t:|1700463904\n|move|p1a: Lokix|First Impression|p2a: Moltres\n|-damage|p2a: Moltres|1\/100\n|-ability|p2a: Moltres|Berserk|boost\n|-boost|p2a: Moltres|spa|1\n|move|p2a: Moltres|Air Slash|p1a: Lokix\n|-supereffective|p1a: Lokix\n|-damage|p1a: Lokix|0 fnt\n|faint|p1a: Lokix\n|\n|win|Haynaughtie\n|raw|KITSUMOX's rating: 1018 &rarr; <strong>1006<\/strong><br \/>(-12 for losing)\n|raw|Haynaughtie's rating: 1043 &rarr; <strong>1074<\/strong><br \/>(+31 for winning)\n|c|\u2606KITSUMOX|gg\n","uploadtime":1700463939,"views":21,"p1id":"kitsumox","p2id":"haynaughtie","formatid":"gen9ou","rating":1006,"private":0,"password":""}