{"id":"gen9ou-1993417184","p1":"Donquimachette","p2":"CraCraPrr","format":"[Gen 9] OU","log":"|j|\u2606Donquimachette\n|j|\u2606CraCraPrr\n|t:|1700315114\n|gametype|singles\n|player|p1|Donquimachette|2|1274\n|player|p2|CraCraPrr|leon-tower|1334\n|teamsize|p1|6\n|teamsize|p2|6\n|gen|9\n|tier|[Gen 9] OU\n|rated|\n|rule|Sleep Clause Mod: Limit one foe put to sleep\n|rule|Species Clause: Limit one of each Pok\u00e9mon\n|rule|OHKO Clause: OHKO moves are banned\n|rule|Evasion Items Clause: Evasion items are banned\n|rule|Evasion Moves Clause: Evasion moves are banned\n|rule|Endless Battle Clause: Forcing endless battles is banned\n|rule|HP Percentage Mod: HP is shown in percentages\n|clearpoke\n|poke|p1|Ribombee, M|\n|poke|p1|Enamorus, F|\n|poke|p1|Great Tusk|\n|poke|p1|Manaphy|\n|poke|p1|Gholdengo|\n|poke|p1|Dragapult, F|\n|poke|p2|Cinderace, M|\n|poke|p2|Great Tusk|\n|poke|p2|Alomomola, F|\n|poke|p2|Slowking-Galar, F|\n|poke|p2|Yanmega, M|\n|poke|p2|Kingambit, F|\n|teampreview\n|\n|t:|1700315119\n|start\n|switch|p1a: Ribombee|Ribombee, M|100\/100\n|switch|p2a: Cinderace|Cinderace, M|100\/100\n|turn|1\n|\n|t:|1700315126\n|move|p1a: Ribombee|Stun Spore|p2a: Cinderace\n|-status|p2a: Cinderace|par\n|move|p2a: Cinderace|Pyro Ball|p1a: Ribombee\n|-supereffective|p1a: Ribombee\n|-enditem|p1a: Ribombee|Focus Sash\n|-damage|p1a: Ribombee|1\/100\n|\n|upkeep\n|turn|2\n|\n|t:|1700315151\n|move|p1a: Ribombee|Sticky Web|p2a: Cinderace\n|-sidestart|p2: CraCraPrr|move: Sticky Web\n|move|p2a: Cinderace|Court Change|p2a: Cinderace\n|-swapsideconditions\n|-activate|p2a: Cinderace|move: Court Change\n|\n|upkeep\n|turn|3\n|\n|t:|1700315156\n|move|p1a: Ribombee|Sticky Web|p2a: Cinderace\n|-sidestart|p2: CraCraPrr|move: Sticky Web\n|move|p2a: Cinderace|U-turn|p1a: Ribombee\n|-resisted|p1a: Ribombee\n|-damage|p1a: Ribombee|0 fnt\n|faint|p1a: Ribombee\n|\n|t:|1700315166\n|switch|p2a: Alomomola|Alomomola, F|100\/100|[from] U-turn\n|\n|upkeep\n|\n|t:|1700315187\n|switch|p1a: Manaphy|Manaphy|100\/100\n|-activate|p1a: Manaphy|move: Sticky Web\n|-unboost|p1a: Manaphy|spe|1\n|turn|4\n|\n|t:|1700315192\n|move|p1a: Manaphy|Energy Ball|p2a: Alomomola\n|-supereffective|p2a: Alomomola\n|-damage|p2a: Alomomola|40\/100\n|move|p2a: Alomomola|Flip Turn|p1a: Manaphy\n|-resisted|p1a: Manaphy\n|-damage|p1a: Manaphy|93\/100\n|\n|t:|1700315197\n|switch|p2a: Yanmega|Yanmega, M|100\/100|[from] Flip Turn\n|\n|-heal|p1a: Manaphy|99\/100|[from] item: Leftovers\n|upkeep\n|turn|5\n|\n|t:|1700315212\n|switch|p1a: Gholdengo|Gholdengo|100\/100\n|-item|p1a: Gholdengo|Air Balloon\n|move|p2a: Yanmega|Giga Drain|p1a: Gholdengo\n|-resisted|p1a: Gholdengo\n|-damage|p1a: Gholdengo|78\/100\n|-enditem|p1a: Gholdengo|Air Balloon\n|\n|-ability|p2a: Yanmega|Speed Boost|boost\n|-boost|p2a: Yanmega|spe|1\n|upkeep\n|turn|6\n|\n|t:|1700315228\n|switch|p2a: Kingambit|Kingambit, F|100\/100\n|-activate|p2a: Kingambit|move: Sticky Web\n|-unboost|p2a: Kingambit|spe|1\n|move|p1a: Gholdengo|Shadow Ball|p2a: Kingambit\n|-resisted|p2a: Kingambit\n|-damage|p2a: Kingambit|73\/100\n|\n|upkeep\n|turn|7\n|\n|t:|1700315239\n|switch|p1a: Great Tusk|Great Tusk|100\/100\n|-activate|p1a: Great Tusk|move: Sticky Web\n|-unboost|p1a: Great Tusk|spe|1\n|move|p2a: Kingambit|Kowtow Cleave|p1a: Great Tusk\n|-resisted|p1a: Great Tusk\n|-crit|p1a: Great Tusk\n|-damage|p1a: Great Tusk|73\/100\n|\n|-heal|p1a: Great Tusk|79\/100|[from] item: Leftovers\n|upkeep\n|turn|8\n|\n|t:|1700315251\n|-end|p2a: Kingambit|fallenundefined|[silent]\n|switch|p2a: Yanmega|Yanmega, M|100\/100\n|move|p1a: Great Tusk|Rapid Spin|p2a: Yanmega\n|-damage|p2a: Yanmega|77\/100\n|-boost|p1a: Great Tusk|spe|1\n|-sideend|p1: Donquimachette|Sticky Web|[from] move: Rapid Spin|[of] p1a: Great Tusk\n|\n|-heal|p1a: Great Tusk|86\/100|[from] item: Leftovers\n|upkeep\n|turn|9\n|\n|t:|1700315263\n|-end|p1a: Great Tusk|Protosynthesis|[silent]\n|switch|p1a: Gholdengo|Gholdengo|78\/100\n|-terastallize|p2a: Yanmega|Flying\n|move|p2a: Yanmega|Air Slash|p1a: Gholdengo\n|-resisted|p1a: Gholdengo\n|-damage|p1a: Gholdengo|37\/100\n|\n|-ability|p2a: Yanmega|Speed Boost|boost\n|-boost|p2a: Yanmega|spe|1\n|upkeep\n|turn|10\n|\n|t:|1700315276\n|move|p2a: Yanmega|Air Slash|p1a: Gholdengo\n|-resisted|p1a: Gholdengo\n|-damage|p1a: Gholdengo|0 fnt\n|faint|p1a: Gholdengo\n|\n|-ability|p2a: Yanmega|Speed Boost|boost\n|-boost|p2a: Yanmega|spe|1\n|upkeep\n|\n|t:|1700315292\n|switch|p1a: Dragapult|Dragapult, F|100\/100\n|turn|11\n|\n|t:|1700315296\n|move|p2a: Yanmega|Air Slash|p1a: Dragapult\n|-damage|p1a: Dragapult|0 fnt\n|faint|p1a: Dragapult\n|\n|-ability|p2a: Yanmega|Speed Boost|boost\n|-boost|p2a: Yanmega|spe|1\n|upkeep\n|\n|t:|1700315307\n|switch|p1a: Manaphy|Manaphy|99\/100\n|turn|12\n|\n|t:|1700315311\n|-terastallize|p1a: Manaphy|Grass\n|move|p2a: Yanmega|Air Slash|p1a: Manaphy\n|-supereffective|p1a: Manaphy\n|-crit|p1a: Manaphy\n|-damage|p1a: Manaphy|0 fnt\n|faint|p1a: Manaphy\n|\n|-ability|p2a: Yanmega|Speed Boost|boost\n|-boost|p2a: Yanmega|spe|1\n|upkeep\n|-message|Donquimachette forfeited.\n|\n|win|CraCraPrr\n|raw|Donquimachette's rating: 1274 &rarr; <strong>1253<\/strong><br \/>(-21 for losing)\n|raw|CraCraPrr's rating: 1334 &rarr; <strong>1351<\/strong><br \/>(+17 for winning)\n|l|\u2606Donquimachette\n","uploadtime":1700315328,"views":22,"p1id":"donquimachette","p2id":"cracraprr","formatid":"gen9ou","rating":1253,"private":0,"password":""}