{"id":"gen9ou-1991867177","p1":"Jakespeare","p2":"Diatere","format":"[Gen 9] OU","log":"|j|\u2606Jakespeare\n|j|\u2606Diatere\n|t:|1700130876\n|gametype|singles\n|player|p1|Jakespeare|depotagent|1293\n|player|p2|Diatere|mina|1293\n|teamsize|p1|6\n|teamsize|p2|6\n|gen|9\n|tier|[Gen 9] OU\n|rated|\n|rule|Sleep Clause Mod: Limit one foe put to sleep\n|rule|Species Clause: Limit one of each Pok\u00e9mon\n|rule|OHKO Clause: OHKO moves are banned\n|rule|Evasion Items Clause: Evasion items are banned\n|rule|Evasion Moves Clause: Evasion moves are banned\n|rule|Endless Battle Clause: Forcing endless battles is banned\n|rule|HP Percentage Mod: HP is shown in percentages\n|clearpoke\n|poke|p1|Iron Hands|\n|poke|p1|Ogerpon-Wellspring, F|\n|poke|p1|Azumarill, M|\n|poke|p1|Glimmora, M|\n|poke|p1|Iron Valiant|\n|poke|p1|Ceruledge, M|\n|poke|p2|Ninetales-Alola, M|\n|poke|p2|Sneasler, M|\n|poke|p2|Hatterene, F|\n|poke|p2|Manaphy|\n|poke|p2|Ogerpon-Cornerstone, F|\n|poke|p2|Rillaboom, M|\n|teampreview\n|inactive|Battle timer is ON: inactive players will automatically lose when time's up. (requested by Jakespeare)\n|\n|t:|1700130886\n|start\n|switch|p1a: Ceruledge|Ceruledge, M|100\/100\n|switch|p2a: Tavros|Ninetales-Alola, M|100\/100\n|-weather|Snow|[from] ability: Snow Warning|[of] p2a: Tavros\n|turn|1\n|\n|t:|1700130893\n|move|p2a: Tavros|Aurora Veil|p2a: Tavros\n|-sidestart|p2: Diatere|move: Aurora Veil\n|move|p1a: Ceruledge|Swords Dance|p1a: Ceruledge\n|-boost|p1a: Ceruledge|atk|2\n|\n|-weather|Snow|[upkeep]\n|upkeep\n|turn|2\n|\n|t:|1700130899\n|move|p2a: Tavros|Encore|p1a: Ceruledge\n|-start|p1a: Ceruledge|Encore\n|move|p1a: Ceruledge|Swords Dance|p1a: Ceruledge\n|-boost|p1a: Ceruledge|atk|2\n|\n|-weather|Snow|[upkeep]\n|upkeep\n|turn|3\n|\n|t:|1700130903\n|switch|p2a: Gamzee|Rillaboom, M|100\/100\n|-fieldstart|move: Grassy Terrain|[from] ability: Grassy Surge|[of] p2a: Gamzee\n|move|p1a: Ceruledge|Swords Dance|p1a: Ceruledge\n|-boost|p1a: Ceruledge|atk|2\n|\n|-weather|Snow|[upkeep]\n|upkeep\n|turn|4\n|\n|t:|1700130908\n|move|p2a: Gamzee|Knock Off|p1a: Ceruledge\n|-supereffective|p1a: Ceruledge\n|-damage|p1a: Ceruledge|0 fnt\n|-enditem|p1a: Ceruledge|Life Orb|[from] move: Knock Off|[of] p2a: Gamzee\n|faint|p1a: Ceruledge\n|\n|-weather|Snow|[upkeep]\n|upkeep\n|\n|t:|1700130913\n|switch|p1a: Glimmora|Glimmora, M|100\/100\n|turn|5\n|\n|t:|1700130916\n|switch|p2a: Karkat|Sneasler, M|100\/100\n|-enditem|p2a: Karkat|Grassy Seed\n|-boost|p2a: Karkat|def|1|[from] item: Grassy Seed\n|move|p1a: Glimmora|Mortal Spin|p2a: Karkat\n|-resisted|p2a: Karkat\n|-damage|p2a: Karkat|99\/100\n|\n|-weather|none\n|-heal|p2a: Karkat|100\/100|[from] Grassy Terrain\n|upkeep\n|turn|6\n|\n|t:|1700130926\n|move|p2a: Karkat|Swords Dance|p2a: Karkat\n|-boost|p2a: Karkat|atk|2\n|move|p1a: Glimmora|Earth Power|p2a: Karkat\n|-supereffective|p2a: Karkat\n|-damage|p2a: Karkat|56\/100\n|\n|-heal|p2a: Karkat|62\/100|[from] Grassy Terrain\n|upkeep\n|turn|7\n|\n|t:|1700130940\n|-terastallize|p2a: Karkat|Flying\n|move|p2a: Karkat|Dire Claw|p1a: Glimmora\n|-resisted|p1a: Glimmora\n|-damage|p1a: Glimmora|75\/100\n|-activate|p1a: Glimmora|ability: Toxic Debris\n|-sidestart|p2: Diatere|move: Toxic Spikes\n|move|p1a: Glimmora|Earth Power|p2a: Karkat\n|-immune|p2a: Karkat\n|\n|-heal|p1a: Glimmora|81\/100|[from] Grassy Terrain\n|-fieldend|move: Grassy Terrain\n|upkeep\n|turn|8\n|\n|t:|1700130950\n|move|p2a: Karkat|Close Combat|p1a: Glimmora\n|-damage|p1a: Glimmora|0 fnt\n|-unboost|p2a: Karkat|def|1\n|-unboost|p2a: Karkat|spd|1\n|-activate|p1a: Glimmora|ability: Toxic Debris\n|-sidestart|p2: Diatere|move: Toxic Spikes\n|faint|p1a: Glimmora\n|\n|-sideend|p2: Diatere|move: Aurora Veil\n|upkeep\n|\n|t:|1700130957\n|switch|p1a: Azumarill|Azumarill, M|100\/100\n|turn|9\n|\n|t:|1700130966\n|-terastallize|p1a: Azumarill|Water\n|move|p2a: Karkat|Dire Claw|p1a: Azumarill\n|-damage|p1a: Azumarill|1\/100\n|-enditem|p1a: Azumarill|Sitrus Berry|[eat]\n|-heal|p1a: Azumarill|26\/100|[from] item: Sitrus Berry\n|move|p1a: Azumarill|Belly Drum||[still]\n|-fail|p1a: Azumarill\n|\n|upkeep\n|turn|10\n|\n|t:|1700130974\n|move|p1a: Azumarill|Aqua Jet|p2a: Karkat\n|-damage|p2a: Karkat|1\/100\n|move|p2a: Karkat|Dire Claw|p1a: Azumarill\n|-damage|p1a: Azumarill|0 fnt\n|faint|p1a: Azumarill\n|\n|upkeep\n|\n|t:|1700130983\n|switch|p1a: Iron Hands|Iron Hands|100\/100\n|turn|11\n|\n|t:|1700130988\n|move|p2a: Karkat|Acrobatics|p1a: Iron Hands\n|-damage|p1a: Iron Hands|20\/100\n|move|p1a: Iron Hands|Swords Dance|p1a: Iron Hands\n|-boost|p1a: Iron Hands|atk|2\n|\n|-heal|p1a: Iron Hands|26\/100|[from] item: Leftovers\n|upkeep\n|turn|12\n|\n|t:|1700130993\n|move|p2a: Karkat|Dire Claw|p1a: Iron Hands\n|-damage|p1a: Iron Hands|0 fnt\n|faint|p1a: Iron Hands\n|-end|p1a: Iron Hands|Quark Drive|[silent]\n|\n|upkeep\n|\n|t:|1700130995\n|switch|p1a: Iron Valiant|Iron Valiant|100\/100\n|turn|13\n|\n|t:|1700131009\n|move|p2a: Karkat|Dire Claw|p1a: Iron Valiant\n|-supereffective|p1a: Iron Valiant\n|-damage|p1a: Iron Valiant|0 fnt\n|faint|p1a: Iron Valiant\n|-end|p1a: Iron Valiant|Quark Drive|[silent]\n|\n|upkeep\n|\n|t:|1700131012\n|switch|p1a: Ogerpon|Ogerpon-Wellspring, F|100\/100\n|turn|14\n|\n|t:|1700131016\n|move|p2a: Karkat|Dire Claw|p1a: Ogerpon\n|-supereffective|p1a: Ogerpon\n|-damage|p1a: Ogerpon|0 fnt\n|faint|p1a: Ogerpon\n|\n|win|Diatere\n|raw|Jakespeare's rating: 1293 &rarr; <strong>1268<\/strong><br \/>(-25 for losing)\n|raw|Diatere's rating: 1293 &rarr; <strong>1318<\/strong><br \/>(+25 for winning)\n|c|\u2606Jakespeare|gg\n|c|\u2606Jakespeare|wp\n|c|\u2606Diatere|gg\n|l|\u2606Jakespeare\n","uploadtime":1700131033,"views":12,"p1id":"jakespeare","p2id":"diatere","formatid":"gen9ou","rating":1268,"private":0,"password":""}