{"id":"gen9ou-1993682660","p1":"CyberH3","p2":"bloodedgeyama","format":"[Gen 9] OU","log":"|j|\u2606CyberH3\n|j|\u2606bloodedgeyama\n|t:|1700345094\n|gametype|singles\n|player|p1|CyberH3|mars|1444\n|player|p2|bloodedgeyama|adaman|1363\n|teamsize|p1|6\n|teamsize|p2|6\n|gen|9\n|tier|[Gen 9] OU\n|rated|\n|rule|Sleep Clause Mod: Limit one foe put to sleep\n|rule|Species Clause: Limit one of each Pok\u00e9mon\n|rule|OHKO Clause: OHKO moves are banned\n|rule|Evasion Items Clause: Evasion items are banned\n|rule|Evasion Moves Clause: Evasion moves are banned\n|rule|Endless Battle Clause: Forcing endless battles is banned\n|rule|HP Percentage Mod: HP is shown in percentages\n|clearpoke\n|poke|p1|Goodra-Hisui, M|\n|poke|p1|Scizor, F|\n|poke|p1|Mimikyu, F|\n|poke|p1|Iron Valiant|\n|poke|p1|Talonflame, F|\n|poke|p1|Lokix, M|\n|poke|p2|Ribombee, F|\n|poke|p2|Samurott-Hisui, M|\n|poke|p2|Ceruledge, F|\n|poke|p2|Iron Valiant|\n|poke|p2|Iron Moth|\n|poke|p2|Gholdengo|\n|teampreview\n|\n|t:|1700345105\n|start\n|switch|p1a: The XO|Talonflame, F|100\/100\n|switch|p2a: Iron Moth|Iron Moth|100\/100\n|turn|1\n|\n|t:|1700345112\n|move|p1a: The XO|Brave Bird|p2a: Iron Moth\n|-damage|p2a: Iron Moth|20\/100\n|-damage|p1a: The XO|74\/100|[from] Recoil\n|move|p2a: Iron Moth|Sludge Wave|p1a: The XO\n|-damage|p1a: The XO|0 fnt\n|faint|p1a: The XO\n|\n|upkeep\n|\n|t:|1700345119\n|switch|p1a: Eat With Scissors|Scizor, F|100\/100\n|turn|2\n|\n|t:|1700345125\n|-end|p2a: Iron Moth|Quark Drive|[silent]\n|switch|p2a: Samurott|Samurott-Hisui, M|100\/100\n|move|p1a: Eat With Scissors|Bullet Punch|p2a: Samurott\n|-resisted|p2a: Samurott\n|-damage|p2a: Samurott|72\/100\n|-damage|p1a: Eat With Scissors|91\/100|[from] item: Life Orb\n|\n|upkeep\n|turn|3\n|\n|t:|1700345133\n|move|p2a: Samurott|Ceaseless Edge|p1a: Eat With Scissors\n|-damage|p1a: Eat With Scissors|46\/100\n|-sidestart|p1: CyberH3|Spikes\n|move|p1a: Eat With Scissors|U-turn|p2a: Samurott\n|-supereffective|p2a: Samurott\n|-damage|p2a: Samurott|0 fnt\n|faint|p2a: Samurott\n|-damage|p1a: Eat With Scissors|36\/100|[from] item: Life Orb\n|\n|t:|1700345137\n|switch|p1a: Morf LeRosh|Lokix, M|100\/100|[from] U-turn\n|-damage|p1a: Morf LeRosh|88\/100|[from] Spikes\n|\n|upkeep\n|\n|t:|1700345139\n|switch|p2a: Ceruledge|Ceruledge, F|100\/100\n|turn|4\n|\n|t:|1700345148\n|move|p1a: Morf LeRosh|U-turn|p2a: Ceruledge\n|-resisted|p2a: Ceruledge\n|-damage|p2a: Ceruledge|72\/100\n|-damage|p1a: Morf LeRosh|78\/100|[from] item: Life Orb\n|\n|t:|1700345153\n|switch|p1a: R-TRUS|Iron Valiant|100\/100|[from] U-turn\n|-damage|p1a: R-TRUS|88\/100|[from] Spikes\n|-enditem|p1a: R-TRUS|Booster Energy\n|-activate|p1a: R-TRUS|ability: Quark Drive|[fromitem]\n|-start|p1a: R-TRUS|quarkdrivespe\n|move|p2a: Ceruledge|Swords Dance|p2a: Ceruledge\n|-boost|p2a: Ceruledge|atk|2\n|\n|upkeep\n|turn|5\n|\n|t:|1700345167\n|-terastallize|p2a: Ceruledge|Fire\n|move|p1a: R-TRUS|Encore|p2a: Ceruledge\n|-start|p2a: Ceruledge|Encore\n|move|p2a: Ceruledge|Swords Dance|p2a: Ceruledge\n|-boost|p2a: Ceruledge|atk|2\n|\n|upkeep\n|turn|6\n|\n|t:|1700345176\n|switch|p2a: Ribombee|Ribombee, F|100\/100\n|move|p1a: R-TRUS|Aura Sphere|p2a: Ribombee\n|-resisted|p2a: Ribombee\n|-damage|p2a: Ribombee|85\/100\n|\n|upkeep\n|turn|7\n|\n|t:|1700345185\n|move|p1a: R-TRUS|Moonblast|p2a: Ribombee\n|-damage|p2a: Ribombee|4\/100\n|move|p2a: Ribombee|Sticky Web|p1a: R-TRUS\n|-sidestart|p1: CyberH3|move: Sticky Web\n|\n|upkeep\n|turn|8\n|\n|t:|1700345193\n|move|p1a: R-TRUS|Thunderbolt|p2a: Ribombee\n|-damage|p2a: Ribombee|0 fnt\n|faint|p2a: Ribombee\n|\n|upkeep\n|\n|t:|1700345207\n|switch|p2a: Gholdengo|Gholdengo|100\/100\n|-item|p2a: Gholdengo|Air Balloon\n|turn|9\n|\n|t:|1700345212\n|move|p1a: R-TRUS|Thunderbolt|p2a: Gholdengo\n|-damage|p2a: Gholdengo|66\/100\n|-status|p2a: Gholdengo|par\n|-enditem|p2a: Gholdengo|Air Balloon\n|move|p2a: Gholdengo|Make It Rain|p1a: R-TRUS\n|-supereffective|p1a: R-TRUS\n|-damage|p1a: R-TRUS|0 fnt\n|-unboost|p2a: Gholdengo|spa|1\n|faint|p1a: R-TRUS\n|-end|p1a: R-TRUS|Quark Drive|[silent]\n|\n|upkeep\n|\n|t:|1700345217\n|switch|p1a: Eat With Scissors|Scizor, F|36\/100\n|-damage|p1a: Eat With Scissors|24\/100|[from] Spikes\n|-activate|p1a: Eat With Scissors|move: Sticky Web\n|-unboost|p1a: Eat With Scissors|spe|1\n|turn|10\n|\n|t:|1700345230\n|switch|p1a: Snailtare|Goodra-Hisui, M|100\/100\n|-damage|p1a: Snailtare|88\/100|[from] Spikes\n|-activate|p1a: Snailtare|move: Sticky Web\n|-unboost|p1a: Snailtare|spe|1\n|move|p2a: Gholdengo|Recover|p2a: Gholdengo\n|-heal|p2a: Gholdengo|100\/100 par\n|\n|-heal|p1a: Snailtare|94\/100|[from] item: Leftovers\n|upkeep\n|turn|11\n|\n|t:|1700345238\n|move|p2a: Gholdengo|Nasty Plot|p2a: Gholdengo\n|-boost|p2a: Gholdengo|spa|2\n|move|p1a: Snailtare|Flamethrower|p2a: Gholdengo\n|-supereffective|p2a: Gholdengo\n|-damage|p2a: Gholdengo|27\/100 par\n|\n|-heal|p1a: Snailtare|99\/100|[from] item: Leftovers\n|upkeep\n|turn|12\n|\n|t:|1700345242\n|move|p2a: Gholdengo|Shadow Ball|p1a: Snailtare\n|-damage|p1a: Snailtare|58\/100\n|move|p1a: Snailtare|Draco Meteor|p2a: Gholdengo\n|-resisted|p2a: Gholdengo\n|-damage|p2a: Gholdengo|0 fnt\n|-unboost|p1a: Snailtare|spa|2\n|faint|p2a: Gholdengo\n|\n|-heal|p1a: Snailtare|64\/100|[from] item: Leftovers\n|upkeep\n|\n|t:|1700345252\n|switch|p2a: Ceruledge|Ceruledge, F, tera:Fire|72\/100\n|turn|13\n|\n|t:|1700345255\n|move|p2a: Ceruledge|Bitter Blade|p1a: Snailtare\n|-damage|p1a: Snailtare|11\/100\n|-heal|p2a: Ceruledge|100\/100|[from] drain|[of] p1a: Snailtare\n|move|p1a: Snailtare|Draco Meteor|p2a: Ceruledge\n|-damage|p2a: Ceruledge|63\/100\n|-unboost|p1a: Snailtare|spa|2\n|\n|-heal|p1a: Snailtare|18\/100|[from] item: Leftovers\n|upkeep\n|turn|14\n|\n|t:|1700345264\n|move|p2a: Ceruledge|Swords Dance|p2a: Ceruledge\n|-boost|p2a: Ceruledge|atk|2\n|move|p1a: Snailtare|Draco Meteor|p2a: Ceruledge|[miss]\n|-miss|p1a: Snailtare|p2a: Ceruledge\n|\n|-heal|p1a: Snailtare|24\/100|[from] item: Leftovers\n|upkeep\n|turn|15\n|\n|t:|1700345271\n|move|p2a: Ceruledge|Bitter Blade|p1a: Snailtare\n|-damage|p1a: Snailtare|0 fnt\n|-heal|p2a: Ceruledge|77\/100|[from] drain|[of] p1a: Snailtare\n|faint|p1a: Snailtare\n|\n|upkeep\n|\n|t:|1700345275\n|switch|p1a: OHAYOLLIE|Mimikyu, F|100\/100\n|-damage|p1a: OHAYOLLIE|88\/100|[from] Spikes\n|-activate|p1a: OHAYOLLIE|move: Sticky Web\n|-unboost|p1a: OHAYOLLIE|spe|1\n|turn|16\n|\n|t:|1700345290\n|move|p2a: Ceruledge|Shadow Sneak|p1a: OHAYOLLIE\n|-activate|p1a: OHAYOLLIE|ability: Disguise\n|-damage|p1a: OHAYOLLIE|88\/100\n|detailschange|p1a: OHAYOLLIE|Mimikyu-Busted, F\n|-damage|p1a: OHAYOLLIE|76\/100|[from] pokemon: Mimikyu-Busted\n|move|p1a: OHAYOLLIE|Shadow Sneak|p2a: Ceruledge\n|-damage|p2a: Ceruledge|45\/100\n|-damage|p1a: OHAYOLLIE|66\/100|[from] item: Life Orb\n|\n|upkeep\n|turn|17\n|\n|t:|1700345294\n|move|p1a: OHAYOLLIE|Shadow Sneak|p2a: Ceruledge\n|-damage|p2a: Ceruledge|15\/100\n|-damage|p1a: OHAYOLLIE|56\/100|[from] item: Life Orb\n|move|p2a: Ceruledge|Bitter Blade|p1a: OHAYOLLIE\n|-crit|p1a: OHAYOLLIE\n|-damage|p1a: OHAYOLLIE|0 fnt\n|-heal|p2a: Ceruledge|39\/100|[from] drain|[of] p1a: OHAYOLLIE\n|faint|p1a: OHAYOLLIE\n|\n|upkeep\n|\n|t:|1700345298\n|switch|p1a: Morf LeRosh|Lokix, M|78\/100\n|-damage|p1a: Morf LeRosh|66\/100|[from] Spikes\n|-activate|p1a: Morf LeRosh|move: Sticky Web\n|-unboost|p1a: Morf LeRosh|spe|1\n|turn|18\n|\n|t:|1700345313\n|move|p1a: Morf LeRosh|First Impression|p2a: Ceruledge\n|-resisted|p2a: Ceruledge\n|-damage|p2a: Ceruledge|0 fnt\n|faint|p2a: Ceruledge\n|-damage|p1a: Morf LeRosh|56\/100|[from] item: Life Orb\n|\n|upkeep\n|\n|t:|1700345318\n|switch|p2a: Iron Moth|Iron Moth|20\/100\n|turn|19\n|\n|t:|1700345322\n|move|p2a: Iron Moth|Overheat|p1a: Morf LeRosh|[miss]\n|-miss|p2a: Iron Moth|p1a: Morf LeRosh\n|move|p1a: Morf LeRosh|Knock Off|p2a: Iron Moth\n|-damage|p2a: Iron Moth|0 fnt\n|-enditem|p2a: Iron Moth|Choice Specs|[from] move: Knock Off|[of] p1a: Morf LeRosh\n|faint|p2a: Iron Moth\n|-end|p2a: Iron Moth|Quark Drive|[silent]\n|-damage|p1a: Morf LeRosh|46\/100|[from] item: Life Orb\n|\n|upkeep\n|\n|t:|1700345324\n|switch|p2a: Iron Valiant|Iron Valiant|100\/100\n|-enditem|p2a: Iron Valiant|Booster Energy\n|-activate|p2a: Iron Valiant|ability: Quark Drive|[fromitem]\n|-start|p2a: Iron Valiant|quarkdrivespe\n|turn|20\n|\n|t:|1700345331\n|move|p2a: Iron Valiant|Moonblast|p1a: Morf LeRosh\n|-supereffective|p1a: Morf LeRosh\n|-damage|p1a: Morf LeRosh|0 fnt\n|faint|p1a: Morf LeRosh\n|\n|upkeep\n|\n|t:|1700345333\n|switch|p1a: Eat With Scissors|Scizor, F|24\/100\n|-damage|p1a: Eat With Scissors|12\/100|[from] Spikes\n|-activate|p1a: Eat With Scissors|move: Sticky Web\n|-unboost|p1a: Eat With Scissors|spe|1\n|turn|21\n|\n|t:|1700345338\n|-terastallize|p1a: Eat With Scissors|Steel\n|move|p1a: Eat With Scissors|Bullet Punch|p2a: Iron Valiant\n|-supereffective|p2a: Iron Valiant\n|-damage|p2a: Iron Valiant|0 fnt\n|faint|p2a: Iron Valiant\n|-end|p2a: Iron Valiant|Quark Drive|[silent]\n|-damage|p1a: Eat With Scissors|2\/100|[from] item: Life Orb\n|\n|win|CyberH3\n|raw|CyberH3's rating: 1444 &rarr; <strong>1459<\/strong><br \/>(+15 for winning)\n|raw|bloodedgeyama's rating: 1363 &rarr; <strong>1348<\/strong><br \/>(-15 for losing)\n|l|\u2606bloodedgeyama\n","uploadtime":1700345346,"views":8,"p1id":"cyberh3","p2id":"bloodedgeyama","formatid":"gen9ou","rating":1348,"private":0,"password":""}