{"id":"gen9ou-1994564744","p1":"Wylderrr","p2":"Deku475","format":"[Gen 9] OU","log":"|j|\u2606Wylderrr\n|j|\u2606Deku475\n|t:|1700460714\n|gametype|singles\n|player|p1|Wylderrr|colress|1633\n|player|p2|Deku475|hugh|1512\n|teamsize|p1|6\n|teamsize|p2|6\n|gen|9\n|tier|[Gen 9] OU\n|rated|\n|rule|Sleep Clause Mod: Limit one foe put to sleep\n|rule|Species Clause: Limit one of each Pok\u00e9mon\n|rule|OHKO Clause: OHKO moves are banned\n|rule|Evasion Items Clause: Evasion items are banned\n|rule|Evasion Moves Clause: Evasion moves are banned\n|rule|Endless Battle Clause: Forcing endless battles is banned\n|rule|HP Percentage Mod: HP is shown in percentages\n|clearpoke\n|poke|p1|Slowking-Galar, M|\n|poke|p1|Rotom-Wash|\n|poke|p1|Heatran, M|\n|poke|p1|Dragonite, M|\n|poke|p1|Weavile, M|\n|poke|p1|Great Tusk|\n|poke|p2|Ogerpon, F|\n|poke|p2|Moltres|\n|poke|p2|Great Tusk|\n|poke|p2|Kingambit, M|\n|poke|p2|Greninja-*, M|\n|poke|p2|Dragapult, M|\n|teampreview\n|inactive|Battle timer is ON: inactive players will automatically lose when time's up. (requested by Wylderrr)\n|\n|t:|1700460725\n|start\n|switch|p1a: Rotom|Rotom-Wash|100\/100\n|switch|p2a: Ogerpon|Ogerpon, F|100\/100\n|turn|1\n|\n|t:|1700460735\n|move|p1a: Rotom|Will-O-Wisp|p2a: Ogerpon\n|-status|p2a: Ogerpon|brn\n|move|p2a: Ogerpon|Power Whip|p1a: Rotom|[miss]\n|-miss|p2a: Ogerpon|p1a: Rotom\n|\n|-damage|p2a: Ogerpon|95\/100 brn|[from] brn\n|upkeep\n|turn|2\n|\n|t:|1700460742\n|switch|p1a: Slowking|Slowking-Galar, M|100\/100\n|move|p2a: Ogerpon|Knock Off|p1a: Slowking\n|-supereffective|p1a: Slowking\n|-damage|p1a: Slowking|79\/100\n|-enditem|p1a: Slowking|Heavy-Duty Boots|[from] move: Knock Off|[of] p2a: Ogerpon\n|\n|-damage|p2a: Ogerpon|89\/100 brn|[from] brn\n|upkeep\n|turn|3\n|\n|t:|1700460749\n|move|p2a: Ogerpon|Swords Dance|p2a: Ogerpon\n|-boost|p2a: Ogerpon|atk|2\n|move|p1a: Slowking|Future Sight|p2a: Ogerpon\n|-start|p1a: Slowking|move: Future Sight\n|\n|-damage|p2a: Ogerpon|83\/100 brn|[from] brn\n|upkeep\n|turn|4\n|\n|t:|1700460770\n|switch|p2a: Greninja|Greninja, M|100\/100\n|move|p1a: Slowking|Flamethrower|p2a: Greninja\n|-resisted|p2a: Greninja\n|-damage|p2a: Greninja|83\/100\n|\n|upkeep\n|turn|5\n|\n|t:|1700460775\n|move|p2a: Greninja|Dark Pulse|p1a: Slowking\n|-supereffective|p1a: Slowking\n|-crit|p1a: Slowking\n|-damage|p1a: Slowking|0 fnt\n|faint|p1a: Slowking\n|-ability|p2a: Greninja|Battle Bond|boost\n|-boost|p2a: Greninja|atk|1\n|-boost|p2a: Greninja|spa|1\n|-boost|p2a: Greninja|spe|1\n|-activate|p2a: Greninja|ability: Battle Bond\n|-damage|p2a: Greninja|73\/100|[from] item: Life Orb\n|\n|-end|p2a: Greninja|move: Future Sight\n|-immune|p2a: Greninja\n|upkeep\n|\n|t:|1700460782\n|switch|p1a: Rotom|Rotom-Wash|100\/100\n|turn|6\n|\n|t:|1700460794\n|move|p2a: Greninja|Dark Pulse|p1a: Rotom\n|-damage|p1a: Rotom|21\/100\n|-damage|p2a: Greninja|64\/100|[from] item: Life Orb\n|move|p1a: Rotom|Volt Switch|p2a: Greninja\n|-supereffective|p2a: Greninja\n|-damage|p2a: Greninja|0 fnt\n|faint|p2a: Greninja\n|\n|t:|1700460802\n|switch|p1a: Weavile|Weavile, M|100\/100|[from] Volt Switch\n|-ability|p1a: Weavile|Pressure\n|\n|upkeep\n|\n|t:|1700460830\n|switch|p2a: Moltres|Moltres|100\/100\n|turn|7\n|\n|t:|1700460849\n|switch|p1a: Rotom|Rotom-Wash|21\/100\n|move|p2a: Moltres|Flamethrower|p1a: Rotom\n|-resisted|p1a: Rotom\n|-damage|p1a: Rotom|0 fnt\n|faint|p1a: Rotom\n|\n|upkeep\n|\n|t:|1700460853\n|switch|p1a: Heatran|Heatran, M|100\/100\n|turn|8\n|\n|t:|1700460860\n|switch|p2a: Ogerpon|Ogerpon, F|83\/100 brn\n|move|p1a: Heatran|Magma Storm|p2a: Ogerpon\n|-supereffective|p2a: Ogerpon\n|-damage|p2a: Ogerpon|0 fnt\n|faint|p2a: Ogerpon\n|\n|upkeep\n|\n|t:|1700460863\n|switch|p2a: Great Tusk|Great Tusk|100\/100\n|turn|9\n|\n|t:|1700460873\n|-terastallize|p1a: Heatran|Grass\n|move|p2a: Great Tusk|Earthquake|p1a: Heatran\n|-resisted|p1a: Heatran\n|-damage|p1a: Heatran|80\/100\n|move|p1a: Heatran|Magma Storm|p2a: Great Tusk\n|-damage|p2a: Great Tusk|31\/100\n|-activate|p2a: Great Tusk|move: Magma Storm|[of] p1a: Heatran\n|\n|-heal|p2a: Great Tusk|37\/100|[from] item: Leftovers\n|-heal|p1a: Heatran|87\/100|[from] item: Leftovers\n|-damage|p2a: Great Tusk|24\/100|[from] move: Magma Storm|[partiallytrapped]\n|upkeep\n|turn|10\n|\n|t:|1700460879\n|move|p2a: Great Tusk|Stealth Rock|p1a: Heatran\n|-sidestart|p1: Wylderrr|move: Stealth Rock\n|move|p1a: Heatran|Earth Power|p2a: Great Tusk\n|-damage|p2a: Great Tusk|0 fnt\n|faint|p2a: Great Tusk\n|-end|p2a: Great Tusk|Protosynthesis|[silent]\n|\n|-heal|p1a: Heatran|93\/100|[from] item: Leftovers\n|upkeep\n|\n|t:|1700460891\n|switch|p2a: Dragapult|Dragapult, M|100\/100\n|turn|11\n|\n|t:|1700460897\n|switch|p1a: Great Tusk|Great Tusk|100\/100\n|-damage|p1a: Great Tusk|98\/100|[from] Stealth Rock\n|move|p2a: Dragapult|Draco Meteor|p1a: Great Tusk\n|-damage|p1a: Great Tusk|0 fnt\n|-unboost|p2a: Dragapult|spa|2\n|faint|p1a: Great Tusk\n|-end|p1a: Great Tusk|Protosynthesis|[silent]\n|\n|upkeep\n|\n|t:|1700460905\n|switch|p1a: Weavile|Weavile, M|100\/100\n|-damage|p1a: Weavile|76\/100|[from] Stealth Rock\n|-ability|p1a: Weavile|Pressure\n|turn|12\n|\n|t:|1700460917\n|switch|p2a: Kingambit|Kingambit, M|100\/100\n|-activate|p2a: Kingambit|ability: Supreme Overlord\n|-start|p2a: Kingambit|fallen3|[silent]\n|move|p1a: Weavile|Icicle Crash|p2a: Kingambit\n|-resisted|p2a: Kingambit\n|-damage|p2a: Kingambit|74\/100\n|\n|-heal|p2a: Kingambit|80\/100|[from] item: Leftovers\n|upkeep\n|turn|13\n|\n|t:|1700460926\n|switch|p1a: Dragonite|Dragonite, M|100\/100\n|move|p2a: Kingambit|Swords Dance|p2a: Kingambit\n|-boost|p2a: Kingambit|atk|2\n|\n|-heal|p2a: Kingambit|86\/100|[from] item: Leftovers\n|upkeep\n|turn|14\n|\n|t:|1700460932\n|move|p1a: Dragonite|Earthquake|p2a: Kingambit\n|-supereffective|p2a: Kingambit\n|-damage|p2a: Kingambit|18\/100\n|move|p2a: Kingambit|Iron Head|p1a: Dragonite\n|-damage|p1a: Dragonite|31\/100\n|\n|-heal|p2a: Kingambit|25\/100|[from] item: Leftovers\n|upkeep\n|turn|15\n|\n|t:|1700460951\n|-end|p2a: Kingambit|fallen3|[silent]\n|switch|p2a: Moltres|Moltres|100\/100\n|move|p1a: Dragonite|Extreme Speed|p2a: Moltres\n|-damage|p2a: Moltres|78\/100\n|-status|p1a: Dragonite|brn|[from] ability: Flame Body|[of] p2a: Moltres\n|\n|-damage|p1a: Dragonite|25\/100 brn|[from] brn\n|upkeep\n|turn|16\n|\n|t:|1700460959\n|switch|p1a: Heatran|Heatran, M, tera:Grass|93\/100\n|-damage|p1a: Heatran|80\/100|[from] Stealth Rock\n|move|p2a: Moltres|U-turn|p1a: Heatran\n|-supereffective|p1a: Heatran\n|-crit|p1a: Heatran\n|-damage|p1a: Heatran|45\/100\n|\n|t:|1700460966\n|switch|p2a: Dragapult|Dragapult, M|100\/100|[from] U-turn\n|\n|-heal|p1a: Heatran|51\/100|[from] item: Leftovers\n|upkeep\n|turn|17\n|\n|t:|1700460974\n|move|p2a: Dragapult|Draco Meteor|p1a: Heatran|[miss]\n|-miss|p2a: Dragapult|p1a: Heatran\n|move|p1a: Heatran|Magma Storm|p2a: Dragapult|[miss]\n|-miss|p1a: Heatran|p2a: Dragapult\n|\n|-heal|p1a: Heatran|57\/100|[from] item: Leftovers\n|upkeep\n|turn|18\n|\n|t:|1700460977\n|move|p2a: Dragapult|Draco Meteor|p1a: Heatran\n|-crit|p1a: Heatran\n|-damage|p1a: Heatran|0 fnt\n|-unboost|p2a: Dragapult|spa|2\n|faint|p1a: Heatran\n|\n|upkeep\n|\n|t:|1700460985\n|switch|p1a: Weavile|Weavile, M|76\/100\n|-damage|p1a: Weavile|51\/100|[from] Stealth Rock\n|-ability|p1a: Weavile|Pressure\n|turn|19\n|\n|t:|1700460992\n|move|p1a: Weavile|Ice Shard|p2a: Dragapult\n|-supereffective|p2a: Dragapult\n|-damage|p2a: Dragapult|26\/100\n|move|p2a: Dragapult|Draco Meteor|p1a: Weavile\n|-damage|p1a: Weavile|0 fnt\n|-unboost|p2a: Dragapult|spa|2\n|faint|p1a: Weavile\n|\n|upkeep\n|\n|t:|1700460996\n|switch|p1a: Dragonite|Dragonite, M|25\/100 brn\n|turn|20\n|-message|Wylderrr forfeited.\n|\n|win|Deku475\n|raw|Wylderrr's rating: 1633 &rarr; <strong>1606<\/strong><br \/>(-27 for losing)\n|raw|Deku475's rating: 1512 &rarr; <strong>1539<\/strong><br \/>(+27 for winning)\n|l|\u2606Wylderrr\n","uploadtime":1700461012,"views":10,"p1id":"wylderrr","p2id":"deku475","formatid":"gen9ou","rating":1539,"private":0,"password":""}