{"id":"gen9ou-1991737689","p1":"gamb_over","p2":"rgrgreger","format":"[Gen 9] OU","log":"|j|\u2606gamb_over\n|j|\u2606rgrgreger\n|t:|1700109022\n|gametype|singles\n|player|p1|gamb_over|biker-gen4|1356\n|player|p2|rgrgreger|silver|1257\n|teamsize|p1|6\n|teamsize|p2|6\n|gen|9\n|tier|[Gen 9] OU\n|rated|\n|rule|Sleep Clause Mod: Limit one foe put to sleep\n|rule|Species Clause: Limit one of each Pok\u00e9mon\n|rule|OHKO Clause: OHKO moves are banned\n|rule|Evasion Items Clause: Evasion items are banned\n|rule|Evasion Moves Clause: Evasion moves are banned\n|rule|Endless Battle Clause: Forcing endless battles is banned\n|rule|HP Percentage Mod: HP is shown in percentages\n|clearpoke\n|poke|p1|Ninetales-Alola, F|\n|poke|p1|Samurott-Hisui, F|\n|poke|p1|Kingambit, F|\n|poke|p1|Manaphy|\n|poke|p1|Iron Valiant|\n|poke|p1|Zamazenta-*|\n|poke|p2|Mew|\n|poke|p2|Okidogi, M|\n|poke|p2|Gyarados, F|\n|poke|p2|Walking Wake|\n|poke|p2|Ogerpon-Cornerstone, F|\n|poke|p2|Ceruledge, M|\n|teampreview\n|inactive|Battle timer is ON: inactive players will automatically lose when time's up. (requested by rgrgreger)\n|j| Prinplup forever\n|c| Prinplup forever|Iron tusk 69?\n|inactive|gamb_over has 120 seconds left.\n|c|\u2606gamb_over|n-no?\n|c|\u2606gamb_over|how did you kno!\n|inactive|gamb_over has 90 seconds left.\n|\n|t:|1700109083\n|start\n|switch|p1a: Buzz Buzz|Samurott-Hisui, F|100\/100\n|switch|p2a: Mew|Mew|100\/100\n|turn|1\n|\n|t:|1700109087\n|move|p2a: Mew|Stealth Rock|p1a: Buzz Buzz\n|-sidestart|p1: gamb_over|move: Stealth Rock\n|move|p1a: Buzz Buzz|Ceaseless Edge|p2a: Mew\n|-supereffective|p2a: Mew\n|-damage|p2a: Mew|15\/100\n|-sidestart|p2: rgrgreger|Spikes\n|\n|-heal|p2a: Mew|22\/100|[from] item: Leftovers\n|upkeep\n|turn|2\n|c|\u2606gamb_over|I am no longer Iron Tusk 69\n|c| Prinplup forever|Your speech in OU chat sounds like Iron Tusk 69\n|c|\u2606gamb_over|I am TITANIUM TUSK 69\n|c|\u2606gamb_over|that cant be\n|c|\u2606gamb_over|Im much more unhinged than iron tusk 69\n|\n|t:|1700109116\n|move|p2a: Mew|Taunt|p1a: Buzz Buzz\n|-start|p1a: Buzz Buzz|move: Taunt\n|move|p1a: Buzz Buzz|Ceaseless Edge|p2a: Mew|[miss]\n|-miss|p1a: Buzz Buzz|p2a: Mew\n|\n|-heal|p2a: Mew|28\/100|[from] item: Leftovers\n|upkeep\n|turn|3\n|c| Prinplup forever|Hah\n|\n|t:|1700109121\n|move|p1a: Buzz Buzz|Ceaseless Edge|p2a: Mew\n|-supereffective|p2a: Mew\n|-damage|p2a: Mew|0 fnt\n|-sidestart|p2: rgrgreger|Spikes\n|faint|p2a: Mew\n|\n|upkeep\n|c|\u2606gamb_over|Taunting the hrott\n|c|\u2606gamb_over|A+ strategy\n|\n|t:|1700109133\n|switch|p2a: Okidogi|Okidogi, M|100\/100\n|-damage|p2a: Okidogi|84\/100|[from] Spikes\n|turn|4\n|\n|t:|1700109141\n|move|p1a: Buzz Buzz|Knock Off|p2a: Okidogi\n|-resisted|p2a: Okidogi\n|-damage|p2a: Okidogi|65\/100\n|-enditem|p2a: Okidogi|Leftovers|[from] move: Knock Off|[of] p1a: Buzz Buzz\n|move|p2a: Okidogi|Bulk Up|p2a: Okidogi\n|-boost|p2a: Okidogi|atk|1\n|-boost|p2a: Okidogi|def|1\n|\n|-end|p1a: Buzz Buzz|move: Taunt\n|upkeep\n|turn|5\n|\n|t:|1700109148\n|move|p1a: Buzz Buzz|Surf|p2a: Okidogi\n|-damage|p2a: Okidogi|33\/100\n|move|p2a: Okidogi|Drain Punch|p1a: Buzz Buzz\n|-supereffective|p1a: Buzz Buzz\n|-enditem|p1a: Buzz Buzz|Focus Sash\n|-damage|p1a: Buzz Buzz|1\/100\n|-heal|p2a: Okidogi|75\/100|[from] drain|[of] p1a: Buzz Buzz\n|\n|upkeep\n|turn|6\n|\n|t:|1700109156\n|move|p1a: Buzz Buzz|Surf|p2a: Okidogi\n|-damage|p2a: Okidogi|41\/100\n|move|p2a: Okidogi|Drain Punch|p1a: Buzz Buzz\n|-supereffective|p1a: Buzz Buzz\n|-damage|p1a: Buzz Buzz|0 fnt\n|-heal|p2a: Okidogi|41\/100|[from] drain|[of] p1a: Buzz Buzz\n|faint|p1a: Buzz Buzz\n|\n|upkeep\n|\n|t:|1700109174\n|switch|p1a: 69tales|Ninetales-Alola, F|100\/100\n|-damage|p1a: 69tales|76\/100|[from] Stealth Rock\n|-weather|Snow|[from] ability: Snow Warning|[of] p1a: 69tales\n|turn|7\n|\n|t:|1700109179\n|move|p1a: 69tales|Aurora Veil|p1a: 69tales\n|-sidestart|p1: gamb_over|move: Aurora Veil\n|move|p2a: Okidogi|Poison Jab|p1a: 69tales\n|-supereffective|p1a: 69tales\n|-damage|p1a: 69tales|17\/100\n|\n|-weather|Snow|[upkeep]\n|upkeep\n|turn|8\n|\n|t:|1700109183\n|move|p1a: 69tales|Encore|p2a: Okidogi\n|-start|p2a: Okidogi|Encore\n|move|p2a: Okidogi|Poison Jab|p1a: 69tales\n|-supereffective|p1a: 69tales\n|-damage|p1a: 69tales|0 fnt\n|faint|p1a: 69tales\n|\n|-weather|Snow|[upkeep]\n|upkeep\n|\n|t:|1700109188\n|switch|p1a: Rigged Suspect|Kingambit, F|100\/100\n|-damage|p1a: Rigged Suspect|94\/100|[from] Stealth Rock\n|-activate|p1a: Rigged Suspect|ability: Supreme Overlord\n|-start|p1a: Rigged Suspect|fallen2|[silent]\n|turn|9\n|\n|t:|1700109193\n|switch|p2a: Ceruledge|Ceruledge, M|100\/100\n|-damage|p2a: Ceruledge|84\/100|[from] Spikes\n|move|p1a: Rigged Suspect|Swords Dance|p1a: Rigged Suspect\n|-boost|p1a: Rigged Suspect|atk|2\n|\n|-weather|Snow|[upkeep]\n|-heal|p1a: Rigged Suspect|100\/100|[from] item: Leftovers\n|upkeep\n|turn|10\n|\n|t:|1700109203\n|-terastallize|p1a: Rigged Suspect|Fairy\n|move|p2a: Ceruledge|Bitter Blade|p1a: Rigged Suspect\n|-damage|p1a: Rigged Suspect|83\/100\n|-heal|p2a: Ceruledge|96\/100|[from] drain|[of] p1a: Rigged Suspect\n|move|p1a: Rigged Suspect|Kowtow Cleave|p2a: Ceruledge\n|-supereffective|p2a: Ceruledge\n|-damage|p2a: Ceruledge|0 fnt\n|faint|p2a: Ceruledge\n|\n|-weather|Snow|[upkeep]\n|-heal|p1a: Rigged Suspect|89\/100|[from] item: Leftovers\n|upkeep\n|\n|t:|1700109213\n|switch|p2a: Okidogi|Okidogi, M|41\/100\n|-damage|p2a: Okidogi|25\/100|[from] Spikes\n|turn|11\n|\n|t:|1700109217\n|move|p2a: Okidogi|Poison Jab|p1a: Rigged Suspect\n|-supereffective|p1a: Rigged Suspect\n|-damage|p1a: Rigged Suspect|55\/100\n|move|p1a: Rigged Suspect|Tera Blast|p2a: Okidogi|[anim] Tera Blast Fairy\n|-damage|p2a: Okidogi|0 fnt\n|faint|p2a: Okidogi\n|\n|-weather|none\n|-heal|p1a: Rigged Suspect|61\/100|[from] item: Leftovers\n|upkeep\n|\n|t:|1700109226\n|switch|p2a: Walking Wake|Walking Wake|100\/100\n|-damage|p2a: Walking Wake|84\/100|[from] Spikes\n|-enditem|p2a: Walking Wake|Booster Energy\n|-activate|p2a: Walking Wake|ability: Protosynthesis|[fromitem]\n|-start|p2a: Walking Wake|protosynthesisspa\n|turn|12\n|\n|t:|1700109234\n|move|p2a: Walking Wake|Surf|p1a: Rigged Suspect\n|-damage|p1a: Rigged Suspect|31\/100\n|move|p1a: Rigged Suspect|Tera Blast|p2a: Walking Wake|[anim] Tera Blast Fairy\n|-supereffective|p2a: Walking Wake\n|-damage|p2a: Walking Wake|0 fnt\n|faint|p2a: Walking Wake\n|-end|p2a: Walking Wake|Protosynthesis|[silent]\n|\n|-heal|p1a: Rigged Suspect|38\/100|[from] item: Leftovers\n|upkeep\n|\n|t:|1700109245\n|switch|p2a: Gyarados|Gyarados, F|100\/100\n|turn|13\n|\n|t:|1700109252\n|move|p2a: Gyarados|Waterfall|p1a: Rigged Suspect\n|-crit|p1a: Rigged Suspect\n|-damage|p1a: Rigged Suspect|0 fnt\n|faint|p1a: Rigged Suspect\n|-end|p1a: Rigged Suspect|fallen2|[silent]\n|-ability|p2a: Gyarados|Moxie|boost\n|-boost|p2a: Gyarados|atk|1\n|\n|upkeep\n|c|\u2606gamb_over|UNFORTUNATE DOESNT BEGIN TO DESCRIBE MY SERIES\n|\n|t:|1700109268\n|switch|p1a: Ogregone|Iron Valiant|100\/100\n|-damage|p1a: Ogregone|94\/100|[from] Stealth Rock\n|-enditem|p1a: Ogregone|Booster Energy\n|-activate|p1a: Ogregone|ability: Quark Drive|[fromitem]\n|-start|p1a: Ogregone|quarkdrivespe\n|turn|14\n|\n|t:|1700109278\n|-terastallize|p2a: Gyarados|Flying\n|move|p1a: Ogregone|Knock Off|p2a: Gyarados\n|-damage|p2a: Gyarados|55\/100\n|-enditem|p2a: Gyarados|Leftovers|[from] move: Knock Off|[of] p1a: Ogregone\n|move|p2a: Gyarados|Dragon Dance|p2a: Gyarados\n|-boost|p2a: Gyarados|atk|1\n|-boost|p2a: Gyarados|spe|1\n|\n|-sideend|p1: gamb_over|move: Aurora Veil\n|upkeep\n|turn|15\n|\n|t:|1700109287\n|move|p1a: Ogregone|Encore|p2a: Gyarados\n|-start|p2a: Gyarados|Encore\n|move|p2a: Gyarados|Dragon Dance|p2a: Gyarados\n|-boost|p2a: Gyarados|atk|1\n|-boost|p2a: Gyarados|spe|1\n|\n|upkeep\n|turn|16\n|\n|t:|1700109290\n|move|p1a: Ogregone|Knock Off|p2a: Gyarados\n|-damage|p2a: Gyarados|28\/100\n|move|p2a: Gyarados|Dragon Dance|p2a: Gyarados\n|-boost|p2a: Gyarados|atk|1\n|-boost|p2a: Gyarados|spe|1\n|\n|upkeep\n|turn|17\n|\n|t:|1700109292\n|move|p2a: Gyarados|Dragon Dance|p2a: Gyarados\n|-boost|p2a: Gyarados|atk|1\n|-boost|p2a: Gyarados|spe|1\n|move|p1a: Ogregone|Knock Off|p2a: Gyarados\n|-damage|p2a: Gyarados|0 fnt\n|faint|p2a: Gyarados\n|\n|upkeep\n|\n|t:|1700109294\n|switch|p2a: Ogerpon|Ogerpon-Cornerstone, F|100\/100\n|-damage|p2a: Ogerpon|84\/100|[from] Spikes\n|turn|18\n|\n|t:|1700109297\n|move|p1a: Ogregone|Close Combat|p2a: Ogerpon\n|-supereffective|p2a: Ogerpon\n|-damage|p2a: Ogerpon|0 fnt\n|-unboost|p1a: Ogregone|def|1\n|-unboost|p1a: Ogregone|spd|1\n|faint|p2a: Ogerpon\n|\n|win|gamb_over\n|raw|gamb_over's rating: 1356 &rarr; <strong>1370<\/strong><br \/>(+14 for winning)\n|raw|rgrgreger's rating: 1257 &rarr; <strong>1239<\/strong><br \/>(-18 for losing)\n|c|\u2606gamb_over|gg\n|l|\u2606rgrgreger\n","uploadtime":1700109307,"views":9,"p1id":"gambover","p2id":"rgrgreger","formatid":"gen9ou","rating":1239,"private":0,"password":""}