{"id":"gen9ou-1997266915","p1":"parroti77","p2":"upoiuz","format":"[Gen 9] OU","log":"|j|\u2606parroti77\n|j|\u2606upoiuz\n|t:|1700782407\n|gametype|singles\n|player|p1|parroti77|lucas-gen4pt|1065\n|player|p2|upoiuz|hilbert|1016\n|teamsize|p1|6\n|teamsize|p2|6\n|gen|9\n|tier|[Gen 9] OU\n|rated|\n|rule|Sleep Clause Mod: Limit one foe put to sleep\n|rule|Species Clause: Limit one of each Pok\u00e9mon\n|rule|OHKO Clause: OHKO moves are banned\n|rule|Evasion Items Clause: Evasion items are banned\n|rule|Evasion Moves Clause: Evasion moves are banned\n|rule|Endless Battle Clause: Forcing endless battles is banned\n|rule|HP Percentage Mod: HP is shown in percentages\n|clearpoke\n|poke|p1|Dragapult, F|\n|poke|p1|Rillaboom, F|\n|poke|p1|Milotic, F|\n|poke|p1|Kingambit, F|\n|poke|p1|Iron Valiant|\n|poke|p1|Weavile, F|\n|poke|p2|Landorus-Therian, M|\n|poke|p2|Dragapult, F|\n|poke|p2|Corviknight, M|\n|poke|p2|Ribombee, F|\n|poke|p2|Samurott-Hisui, M|\n|poke|p2|Hatterene, F|\n|teampreview\n|inactive|Battle timer is ON: inactive players will automatically lose when time's up. (requested by upoiuz)\n|\n|t:|1700782421\n|start\n|switch|p1a: Weavile|Weavile, F|100\/100\n|switch|p2a: Ribombee|Ribombee, F|100\/100\n|-ability|p1a: Weavile|Pressure\n|turn|1\n|\n|t:|1700782428\n|move|p1a: Weavile|Poison Jab|p2a: Ribombee\n|-supereffective|p2a: Ribombee\n|-enditem|p2a: Ribombee|Focus Sash\n|-damage|p2a: Ribombee|1\/100\n|move|p2a: Ribombee|Sticky Web|p1a: Weavile\n|-sidestart|p1: parroti77|move: Sticky Web\n|\n|upkeep\n|turn|2\n|\n|t:|1700782436\n|switch|p2a: Corviknight|Corviknight, M|100\/100\n|move|p1a: Weavile|Poison Jab|p2a: Corviknight\n|-immune|p2a: Corviknight\n|\n|upkeep\n|turn|3\n|\n|t:|1700782443\n|switch|p1a: Iron Valiant|Iron Valiant|100\/100\n|-activate|p1a: Iron Valiant|move: Sticky Web\n|-unboost|p1a: Iron Valiant|spe|1\n|-enditem|p1a: Iron Valiant|Booster Energy\n|-activate|p1a: Iron Valiant|ability: Quark Drive|[fromitem]\n|-start|p1a: Iron Valiant|quarkdrivespa\n|move|p2a: Corviknight|Iron Head|p1a: Iron Valiant\n|-supereffective|p1a: Iron Valiant\n|-damage|p1a: Iron Valiant|38\/100\n|\n|upkeep\n|turn|4\n|\n|t:|1700782454\n|-end|p1a: Iron Valiant|Quark Drive|[silent]\n|switch|p1a: Milotic|Milotic, F|100\/100\n|-activate|p1a: Milotic|move: Sticky Web\n|-unboost|p1a: Milotic|spe|1\n|move|p2a: Corviknight|Iron Head|p1a: Milotic\n|-resisted|p1a: Milotic\n|-damage|p1a: Milotic|91\/100\n|\n|-heal|p1a: Milotic|97\/100|[from] item: Leftovers\n|upkeep\n|turn|5\n|\n|t:|1700782465\n|move|p2a: Corviknight|U-turn|p1a: Milotic\n|-damage|p1a: Milotic|86\/100\n|\n|t:|1700782468\n|switch|p2a: Hatterene|Hatterene, F|100\/100|[from] U-turn\n|move|p1a: Milotic|Ice Beam|p2a: Hatterene\n|-damage|p2a: Hatterene|78\/100\n|\n|-heal|p1a: Milotic|92\/100|[from] item: Leftovers\n|-heal|p2a: Hatterene|84\/100|[from] item: Leftovers\n|upkeep\n|turn|6\n|\n|t:|1700782476\n|move|p1a: Milotic|Scald|p2a: Hatterene\n|-damage|p2a: Hatterene|54\/100\n|move|p2a: Hatterene|Mystical Fire|p1a: Milotic\n|-resisted|p1a: Milotic\n|-damage|p1a: Milotic|84\/100\n|-unboost|p1a: Milotic|spa|1\n|\n|-heal|p1a: Milotic|90\/100|[from] item: Leftovers\n|-heal|p2a: Hatterene|60\/100|[from] item: Leftovers\n|upkeep\n|turn|7\n|\n|t:|1700782487\n|move|p1a: Milotic|Scald|p2a: Hatterene\n|-damage|p2a: Hatterene|42\/100\n|-status|p2a: Hatterene|brn\n|move|p2a: Hatterene|Calm Mind|p2a: Hatterene\n|-boost|p2a: Hatterene|spa|1\n|-boost|p2a: Hatterene|spd|1\n|\n|-heal|p1a: Milotic|96\/100|[from] item: Leftovers\n|-heal|p2a: Hatterene|48\/100 brn|[from] item: Leftovers\n|-damage|p2a: Hatterene|42\/100 brn|[from] brn\n|upkeep\n|turn|8\n|\n|t:|1700782499\n|move|p1a: Milotic|Scald|p2a: Hatterene\n|-damage|p2a: Hatterene|29\/100 brn\n|move|p2a: Hatterene|Calm Mind|p2a: Hatterene\n|-boost|p2a: Hatterene|spa|1\n|-boost|p2a: Hatterene|spd|1\n|\n|-heal|p1a: Milotic|100\/100|[from] item: Leftovers\n|-heal|p2a: Hatterene|35\/100 brn|[from] item: Leftovers\n|-damage|p2a: Hatterene|29\/100 brn|[from] brn\n|upkeep\n|turn|9\n|\n|t:|1700782509\n|move|p1a: Milotic|Ice Beam|p2a: Hatterene\n|-damage|p2a: Hatterene|21\/100 brn\n|move|p2a: Hatterene|Draining Kiss|p1a: Milotic\n|-damage|p1a: Milotic|66\/100\n|-heal|p2a: Hatterene|53\/100 brn|[from] drain|[of] p1a: Milotic\n|\n|-heal|p1a: Milotic|72\/100|[from] item: Leftovers\n|-heal|p2a: Hatterene|59\/100 brn|[from] item: Leftovers\n|-damage|p2a: Hatterene|53\/100 brn|[from] brn\n|upkeep\n|turn|10\n|\n|t:|1700782524\n|move|p1a: Milotic|Rest|p1a: Milotic\n|-status|p1a: Milotic|slp|[from] move: Rest\n|-heal|p1a: Milotic|100\/100 slp|[silent]\n|move|p2a: Hatterene|Calm Mind|p2a: Hatterene\n|-boost|p2a: Hatterene|spa|1\n|-boost|p2a: Hatterene|spd|1\n|\n|-heal|p2a: Hatterene|59\/100 brn|[from] item: Leftovers\n|-damage|p2a: Hatterene|53\/100 brn|[from] brn\n|upkeep\n|turn|11\n|\n|t:|1700782533\n|cant|p1a: Milotic|slp\n|move|p1a: Milotic|Sleep Talk|p1a: Milotic\n|move|p1a: Milotic|Scald|p2a: Hatterene|[from]move: Sleep Talk\n|-damage|p2a: Hatterene|45\/100 brn\n|move|p2a: Hatterene|Calm Mind|p2a: Hatterene\n|-boost|p2a: Hatterene|spa|1\n|-boost|p2a: Hatterene|spd|1\n|\n|-heal|p2a: Hatterene|51\/100 brn|[from] item: Leftovers\n|-damage|p2a: Hatterene|45\/100 brn|[from] brn\n|upkeep\n|turn|12\n|\n|t:|1700782544\n|cant|p1a: Milotic|slp\n|move|p1a: Milotic|Sleep Talk|p1a: Milotic\n|move|p1a: Milotic|Scald|p2a: Hatterene|[from]move: Sleep Talk\n|-damage|p2a: Hatterene|39\/100 brn\n|move|p2a: Hatterene|Draining Kiss|p1a: Milotic\n|-damage|p1a: Milotic|52\/100 slp\n|-heal|p2a: Hatterene|84\/100 brn|[from] drain|[of] p1a: Milotic\n|\n|-heal|p1a: Milotic|58\/100 slp|[from] item: Leftovers\n|-heal|p2a: Hatterene|90\/100 brn|[from] item: Leftovers\n|-damage|p2a: Hatterene|84\/100 brn|[from] brn\n|upkeep\n|turn|13\n|\n|t:|1700782569\n|switch|p1a: Kingambit|Kingambit, F|100\/100\n|-activate|p1a: Kingambit|move: Sticky Web\n|-unboost|p1a: Kingambit|spe|1\n|move|p2a: Hatterene|Calm Mind|p2a: Hatterene\n|-boost|p2a: Hatterene|spa|1\n|-boost|p2a: Hatterene|spd|1\n|\n|-heal|p2a: Hatterene|90\/100 brn|[from] item: Leftovers\n|-damage|p2a: Hatterene|84\/100 brn|[from] brn\n|upkeep\n|turn|14\n|\n|t:|1700782584\n|-terastallize|p1a: Kingambit|Ghost\n|move|p2a: Hatterene|Mystical Fire|p1a: Kingambit\n|-damage|p1a: Kingambit|4\/100\n|-unboost|p1a: Kingambit|spa|1\n|move|p1a: Kingambit|Iron Head|p2a: Hatterene\n|-supereffective|p2a: Hatterene\n|-damage|p2a: Hatterene|0 fnt\n|faint|p2a: Hatterene\n|-damage|p1a: Kingambit|0 fnt|[from] item: Life Orb\n|faint|p1a: Kingambit\n|-end|p1a: Kingambit|fallenundefined|[silent]\n|\n|upkeep\n|\n|t:|1700782598\n|switch|p1a: Weavile|Weavile, F|100\/100\n|switch|p2a: Dragapult|Dragapult, F|100\/100\n|-activate|p1a: Weavile|move: Sticky Web\n|-unboost|p1a: Weavile|spe|1\n|-ability|p1a: Weavile|Pressure\n|turn|15\n|\n|t:|1700782605\n|move|p1a: Weavile|Ice Shard|p2a: Dragapult\n|-supereffective|p2a: Dragapult\n|-damage|p2a: Dragapult|17\/100\n|move|p2a: Dragapult|U-turn|p1a: Weavile\n|-supereffective|p1a: Weavile\n|-damage|p1a: Weavile|44\/100\n|\n|t:|1700782616\n|switch|p2a: Samurott|Samurott-Hisui, M|100\/100|[from] U-turn\n|\n|upkeep\n|turn|16\n|\n|t:|1700782623\n|switch|p1a: Rillaboom|Rillaboom, F, shiny|100\/100\n|-activate|p1a: Rillaboom|move: Sticky Web\n|-unboost|p1a: Rillaboom|spe|1\n|-fieldstart|move: Grassy Terrain|[from] ability: Grassy Surge|[of] p1a: Rillaboom\n|move|p2a: Samurott|Ceaseless Edge|p1a: Rillaboom\n|-damage|p1a: Rillaboom|55\/100\n|-sidestart|p1: parroti77|Spikes\n|\n|-heal|p1a: Rillaboom|61\/100|[from] Grassy Terrain\n|upkeep\n|turn|17\n|l|\u2606upoiuz\n|inactive|upoiuz disconnected and has a minute to reconnect!\n|player|p2|\n|inactive|upoiuz has 30 seconds to reconnect!\n|inactive|upoiuz has 20 seconds to reconnect!\n|inactive|upoiuz has 15 seconds to reconnect!\n|j|\u2606upoiuz\n|inactive|upoiuz reconnected and has 100 seconds left.\n|player|p2|upoiuz|hilbert\n|\n|t:|1700782683\n|switch|p2a: Corviknight|Corviknight, M|100\/100\n|move|p1a: Rillaboom|Grassy Glide|p2a: Corviknight\n|-resisted|p2a: Corviknight\n|-damage|p2a: Corviknight|92\/100\n|-damage|p1a: Rillaboom|52\/100|[from] item: Life Orb\n|\n|-heal|p1a: Rillaboom|58\/100|[from] Grassy Terrain\n|-heal|p2a: Corviknight|99\/100|[from] item: Leftovers\n|upkeep\n|turn|18\n|\n|t:|1700782696\n|move|p1a: Rillaboom|Knock Off|p2a: Corviknight\n|-damage|p2a: Corviknight|69\/100\n|-enditem|p2a: Corviknight|Leftovers|[from] move: Knock Off|[of] p1a: Rillaboom\n|-damage|p1a: Rillaboom|48\/100|[from] item: Life Orb\n|move|p2a: Corviknight|Iron Head|p1a: Rillaboom\n|-damage|p1a: Rillaboom|19\/100\n|\n|-heal|p1a: Rillaboom|25\/100|[from] Grassy Terrain\n|upkeep\n|turn|19\n|\n|t:|1700782708\n|switch|p1a: Dragapult|Dragapult, F, shiny|100\/100\n|-activate|p1a: Dragapult|move: Sticky Web\n|-unboost|p1a: Dragapult|spe|1\n|-damage|p1a: Dragapult|88\/100|[from] Spikes\n|move|p2a: Corviknight|Iron Head|p1a: Dragapult\n|-damage|p1a: Dragapult|54\/100\n|\n|-heal|p1a: Dragapult|60\/100|[from] Grassy Terrain\n|upkeep\n|turn|20\n|\n|t:|1700782718\n|move|p1a: Dragapult|Flamethrower|p2a: Corviknight\n|-supereffective|p2a: Corviknight\n|-damage|p2a: Corviknight|9\/100\n|-damage|p1a: Dragapult|50\/100|[from] item: Life Orb\n|move|p2a: Corviknight|Iron Head|p1a: Dragapult\n|-damage|p1a: Dragapult|16\/100\n|\n|-heal|p1a: Dragapult|22\/100|[from] Grassy Terrain\n|-fieldend|move: Grassy Terrain\n|upkeep\n|turn|21\n|\n|t:|1700782729\n|switch|p2a: Samurott|Samurott-Hisui, M|100\/100\n|move|p1a: Dragapult|Flamethrower|p2a: Samurott\n|-resisted|p2a: Samurott\n|-damage|p2a: Samurott|74\/100\n|-damage|p1a: Dragapult|12\/100|[from] item: Life Orb\n|\n|upkeep\n|turn|22\n|\n|t:|1700782743\n|switch|p1a: Milotic|Milotic, F|58\/100 slp\n|-activate|p1a: Milotic|move: Sticky Web\n|-unboost|p1a: Milotic|spe|1\n|-damage|p1a: Milotic|45\/100 slp|[from] Spikes\n|move|p2a: Samurott|Knock Off|p1a: Milotic\n|-damage|p1a: Milotic|23\/100 slp\n|-enditem|p1a: Milotic|Leftovers|[from] move: Knock Off|[of] p2a: Samurott\n|\n|upkeep\n|turn|23\n|\n|t:|1700782752\n|move|p2a: Samurott|Knock Off|p1a: Milotic\n|-damage|p1a: Milotic|7\/100 slp\n|-curestatus|p1a: Milotic|slp|[msg]\n|move|p1a: Milotic|Rest|p1a: Milotic\n|-status|p1a: Milotic|slp|[from] move: Rest\n|-heal|p1a: Milotic|100\/100 slp|[silent]\n|\n|upkeep\n|turn|24\n|inactive|upoiuz has 120 seconds left.\n|\n|t:|1700782765\n|switch|p2a: Dragapult|Dragapult, F|17\/100\n|cant|p1a: Milotic|slp\n|move|p1a: Milotic|Sleep Talk|p1a: Milotic\n|move|p1a: Milotic|Scald|p2a: Dragapult|[from]move: Sleep Talk\n|-resisted|p2a: Dragapult\n|-damage|p2a: Dragapult|0 fnt\n|faint|p2a: Dragapult\n|\n|upkeep\n|\n|t:|1700782776\n|switch|p2a: Landorus|Landorus-Therian, M|100\/100\n|-ability|p2a: Landorus|Intimidate|boost\n|-unboost|p1a: Milotic|atk|1\n|turn|25\n|\n|t:|1700782782\n|move|p2a: Landorus|Swords Dance|p2a: Landorus\n|-boost|p2a: Landorus|atk|2\n|cant|p1a: Milotic|slp\n|\n|upkeep\n|turn|26\n|inactive|upoiuz has 120 seconds left.\n|\n|t:|1700782791\n|move|p2a: Landorus|Stone Edge|p1a: Milotic\n|-damage|p1a: Milotic|55\/100 slp\n|-damage|p2a: Landorus|91\/100|[from] item: Life Orb\n|-curestatus|p1a: Milotic|slp|[msg]\n|move|p1a: Milotic|Ice Beam|p2a: Landorus\n|-supereffective|p2a: Landorus\n|-damage|p2a: Landorus|0 fnt\n|faint|p2a: Landorus\n|\n|upkeep\n|inactive|upoiuz has 120 seconds left.\n|\n|t:|1700782801\n|switch|p2a: Samurott|Samurott-Hisui, M|74\/100\n|turn|27\n|\n|t:|1700782805\n|move|p2a: Samurott|Sacred Sword|p1a: Milotic\n|-damage|p1a: Milotic|20\/100\n|move|p1a: Milotic|Rest|p1a: Milotic\n|-status|p1a: Milotic|slp|[from] move: Rest\n|-heal|p1a: Milotic|100\/100 slp|[silent]\n|\n|upkeep\n|turn|28\n|-message|upoiuz forfeited.\n|\n|win|parroti77\n|raw|parroti77's rating: 1065 &rarr; <strong>1091<\/strong><br \/>(+26 for winning)\n|raw|upoiuz's rating: 1016 &rarr; <strong>1005<\/strong><br \/>(-11 for losing)\n|l|\u2606upoiuz\n|c|\u2606parroti77|gg\n","uploadtime":1700782820,"views":14,"p1id":"parroti77","p2id":"upoiuz","formatid":"gen9ou","rating":1005,"private":0,"password":""}