{"id":"gen9ou-1988933896","p1":"taupiquer","p2":"Zkeem1","format":"[Gen 9] OU","log":"|j|\u2606taupiquer\n|j|\u2606Zkeem1\n|t:|1699790470\n|gametype|singles\n|player|p1|taupiquer|102|1331\n|player|p2|Zkeem1|dawn-gen4pt|1302\n|teamsize|p1|6\n|teamsize|p2|6\n|gen|9\n|tier|[Gen 9] OU\n|rated|\n|rule|Sleep Clause Mod: Limit one foe put to sleep\n|rule|Species Clause: Limit one of each Pok\u00e9mon\n|rule|OHKO Clause: OHKO moves are banned\n|rule|Evasion Items Clause: Evasion items are banned\n|rule|Evasion Moves Clause: Evasion moves are banned\n|rule|Endless Battle Clause: Forcing endless battles is banned\n|rule|HP Percentage Mod: HP is shown in percentages\n|clearpoke\n|poke|p1|Enamorus, F|\n|poke|p1|Dragapult, F|\n|poke|p1|Iron Valiant|\n|poke|p1|Gholdengo|\n|poke|p1|Iron Treads|\n|poke|p1|Dragonite, M|\n|poke|p2|Alomomola, M|\n|poke|p2|Ting-Lu|\n|poke|p2|Gholdengo|\n|poke|p2|Weezing-Galar, M|\n|poke|p2|Dragonite, F|\n|poke|p2|Sneasler, M|\n|teampreview\n|\n|t:|1699790479\n|start\n|switch|p1a: Iron Treads|Iron Treads|100\/100\n|switch|p2a: Weezing|Weezing-Galar, M|100\/100\n|-enditem|p1a: Iron Treads|Booster Energy\n|-activate|p1a: Iron Treads|ability: Quark Drive|[fromitem]\n|-start|p1a: Iron Treads|quarkdrivespe\n|turn|1\n|\n|t:|1699790491\n|move|p1a: Iron Treads|Stealth Rock|p2a: Weezing\n|-sidestart|p2: Zkeem1|move: Stealth Rock\n|move|p2a: Weezing|Will-O-Wisp|p1a: Iron Treads\n|-status|p1a: Iron Treads|brn\n|\n|-damage|p1a: Iron Treads|94\/100 brn|[from] brn\n|upkeep\n|turn|2\n|\n|t:|1699790502\n|move|p1a: Iron Treads|Earthquake|p2a: Weezing\n|-immune|p2a: Weezing|[from] ability: Levitate\n|move|p2a: Weezing|Defog|p1a: Iron Treads\n|-unboost|p1a: Iron Treads|evasion|1\n|-sideend|p2: Zkeem1|Stealth Rock|[from] move: Defog|[of] p2a: Weezing\n|\n|-damage|p1a: Iron Treads|88\/100 brn|[from] brn\n|upkeep\n|turn|3\n|\n|t:|1699790511\n|move|p1a: Iron Treads|Stealth Rock|p2a: Weezing\n|-sidestart|p2: Zkeem1|move: Stealth Rock\n|move|p2a: Weezing|Flamethrower|p1a: Iron Treads\n|-supereffective|p1a: Iron Treads\n|-damage|p1a: Iron Treads|45\/100 brn\n|\n|-damage|p1a: Iron Treads|39\/100 brn|[from] brn\n|upkeep\n|turn|4\n|\n|t:|1699790520\n|-end|p1a: Iron Treads|Quark Drive|[silent]\n|switch|p1a: Gholdengo|Gholdengo|100\/100\n|-item|p1a: Gholdengo|Air Balloon\n|move|p2a: Weezing|Flamethrower|p1a: Gholdengo\n|-supereffective|p1a: Gholdengo\n|-damage|p1a: Gholdengo|56\/100\n|-enditem|p1a: Gholdengo|Air Balloon\n|\n|upkeep\n|turn|5\n|\n|t:|1699790531\n|switch|p2a: Alomomola|Alomomola, M, shiny|100\/100\n|-damage|p2a: Alomomola|88\/100|[from] Stealth Rock\n|move|p1a: Gholdengo|Make It Rain|p2a: Alomomola\n|-resisted|p2a: Alomomola\n|-damage|p2a: Alomomola|55\/100\n|-unboost|p1a: Gholdengo|spa|1\n|\n|upkeep\n|turn|6\n|\n|t:|1699790545\n|switch|p1a: Dragapult|Dragapult, F|100\/100\n|move|p2a: Alomomola|Flip Turn|p1a: Dragapult\n|-resisted|p1a: Dragapult\n|-damage|p1a: Dragapult|89\/100\n|\n|t:|1699790552\n|switch|p2a: Ting-Lu|Ting-Lu|100\/100|[from] Flip Turn\n|-damage|p2a: Ting-Lu|94\/100|[from] Stealth Rock\n|-ability|p2a: Ting-Lu|Vessel of Ruin\n|\n|-heal|p2a: Ting-Lu|100\/100|[from] item: Leftovers\n|upkeep\n|turn|7\n|\n|t:|1699790566\n|switch|p1a: Iron Treads|Iron Treads|39\/100 brn\n|move|p2a: Ting-Lu|Stealth Rock|p1a: Iron Treads\n|-sidestart|p1: taupiquer|move: Stealth Rock\n|\n|-damage|p1a: Iron Treads|32\/100 brn|[from] brn\n|upkeep\n|turn|8\n|\n|t:|1699790576\n|switch|p2a: Gholdengo|Gholdengo|100\/100\n|-damage|p2a: Gholdengo|94\/100|[from] Stealth Rock\n|move|p1a: Iron Treads|Knock Off|p2a: Gholdengo\n|-supereffective|p2a: Gholdengo\n|-damage|p2a: Gholdengo|69\/100\n|-enditem|p2a: Gholdengo|Choice Scarf|[from] move: Knock Off|[of] p1a: Iron Treads\n|\n|-damage|p1a: Iron Treads|26\/100 brn|[from] brn\n|upkeep\n|turn|9\n|\n|t:|1699790588\n|move|p1a: Iron Treads|Earthquake|p2a: Gholdengo\n|-supereffective|p2a: Gholdengo\n|-damage|p2a: Gholdengo|24\/100\n|move|p2a: Gholdengo|Shadow Ball|p1a: Iron Treads\n|-damage|p1a: Iron Treads|0 fnt\n|faint|p1a: Iron Treads\n|-end|p1a: Iron Treads|Quark Drive|[silent]\n|\n|upkeep\n|\n|t:|1699790599\n|switch|p1a: Dragapult|Dragapult, F|89\/100\n|-damage|p1a: Dragapult|77\/100|[from] Stealth Rock\n|turn|10\n|\n|t:|1699790605\n|switch|p2a: Ting-Lu|Ting-Lu|100\/100\n|-damage|p2a: Ting-Lu|94\/100|[from] Stealth Rock\n|-ability|p2a: Ting-Lu|Vessel of Ruin\n|move|p1a: Dragapult|Dragon Darts|p2a: Ting-Lu\n|-damage|p2a: Ting-Lu|79\/100\n|-anim|p1a: Dragapult|Dragon Darts|p2a: Ting-Lu\n|-damage|p2a: Ting-Lu|65\/100\n|\n|-heal|p2a: Ting-Lu|71\/100|[from] item: Leftovers\n|upkeep\n|turn|11\n|\n|t:|1699790643\n|switch|p1a: Dragonite|Dragonite, M|100\/100\n|move|p2a: Ting-Lu|Stone Edge|p1a: Dragonite\n|-supereffective|p1a: Dragonite\n|-damage|p1a: Dragonite|75\/100\n|\n|-heal|p2a: Ting-Lu|77\/100|[from] item: Leftovers\n|upkeep\n|turn|12\n|\n|t:|1699790658\n|switch|p2a: Weezing|Weezing-Galar, M|100\/100\n|-damage|p2a: Weezing|88\/100|[from] Stealth Rock\n|move|p1a: Dragonite|Dragon Dance|p1a: Dragonite\n|-boost|p1a: Dragonite|atk|1\n|-boost|p1a: Dragonite|spe|1\n|\n|upkeep\n|turn|13\n|\n|t:|1699790672\n|move|p1a: Dragonite|Extreme Speed|p2a: Weezing\n|-damage|p2a: Weezing|58\/100\n|-damage|p1a: Dragonite|58\/100|[from] item: Rocky Helmet|[of] p2a: Weezing\n|move|p2a: Weezing|Will-O-Wisp|p1a: Dragonite\n|-status|p1a: Dragonite|brn\n|\n|-damage|p1a: Dragonite|52\/100 brn|[from] brn\n|upkeep\n|turn|14\n|\n|t:|1699790690\n|switch|p2a: Alomomola|Alomomola, M, shiny|89\/100\n|-damage|p2a: Alomomola|76\/100|[from] Stealth Rock\n|move|p1a: Dragonite|Extreme Speed|p2a: Alomomola\n|-damage|p2a: Alomomola|64\/100\n|-damage|p1a: Dragonite|36\/100 brn|[from] item: Rocky Helmet|[of] p2a: Alomomola\n|\n|-damage|p1a: Dragonite|30\/100 brn|[from] brn\n|upkeep\n|turn|15\n|\n|t:|1699790706\n|move|p1a: Dragonite|Earthquake|p2a: Alomomola\n|-damage|p2a: Alomomola|47\/100\n|move|p2a: Alomomola|Wish|p2a: Alomomola\n|\n|-damage|p1a: Dragonite|24\/100 brn|[from] brn\n|upkeep\n|turn|16\n|\n|t:|1699790716\n|move|p2a: Alomomola|Protect|p2a: Alomomola\n|-singleturn|p2a: Alomomola|Protect\n|move|p1a: Dragonite|Earthquake|p2a: Alomomola\n|-activate|p2a: Alomomola|move: Protect\n|\n|-heal|p2a: Alomomola|97\/100|[from] move: Wish|[wisher] Alomomola\n|-damage|p1a: Dragonite|18\/100 brn|[from] brn\n|upkeep\n|turn|17\n|\n|t:|1699790727\n|move|p1a: Dragonite|Earthquake|p2a: Alomomola\n|-damage|p2a: Alomomola|82\/100\n|move|p2a: Alomomola|Wish|p2a: Alomomola\n|\n|-damage|p1a: Dragonite|12\/100 brn|[from] brn\n|upkeep\n|turn|18\n|\n|t:|1699790734\n|move|p1a: Dragonite|Earthquake|p2a: Alomomola\n|-damage|p2a: Alomomola|67\/100\n|move|p2a: Alomomola|Flip Turn|p1a: Dragonite\n|-resisted|p1a: Dragonite\n|-damage|p1a: Dragonite|3\/100 brn\n|\n|t:|1699790764\n|switch|p2a: Weezing|Weezing-Galar, M|58\/100|[from] Flip Turn\n|-damage|p2a: Weezing|45\/100|[from] Stealth Rock\n|\n|-heal|p2a: Weezing|100\/100|[from] move: Wish|[wisher] Alomomola\n|-damage|p1a: Dragonite|0 fnt|[from] brn\n|faint|p1a: Dragonite\n|upkeep\n|\n|t:|1699790779\n|switch|p1a: Gholdengo|Gholdengo|56\/100\n|-damage|p1a: Gholdengo|50\/100|[from] Stealth Rock\n|turn|19\n|\n|t:|1699790787\n|switch|p2a: Alomomola|Alomomola, M, shiny|99\/100\n|-damage|p2a: Alomomola|87\/100|[from] Stealth Rock\n|move|p1a: Gholdengo|Shadow Ball|p2a: Alomomola\n|-damage|p2a: Alomomola|41\/100\n|\n|upkeep\n|turn|20\n|\n|t:|1699790795\n|switch|p2a: Ting-Lu|Ting-Lu|77\/100\n|-damage|p2a: Ting-Lu|71\/100|[from] Stealth Rock\n|-ability|p2a: Ting-Lu|Vessel of Ruin\n|move|p1a: Gholdengo|Shadow Ball|p2a: Ting-Lu\n|-resisted|p2a: Ting-Lu\n|-crit|p2a: Ting-Lu\n|-damage|p2a: Ting-Lu|57\/100\n|\n|-heal|p2a: Ting-Lu|63\/100|[from] item: Leftovers\n|upkeep\n|turn|21\n|\n|t:|1699790811\n|switch|p1a: Enamorus|Enamorus, F|100\/100\n|-damage|p1a: Enamorus|76\/100|[from] Stealth Rock\n|move|p2a: Ting-Lu|Whirlwind|p1a: Enamorus\n|drag|p1a: Gholdengo|Gholdengo|50\/100\n|-damage|p1a: Gholdengo|44\/100|[from] Stealth Rock\n|\n|-heal|p2a: Ting-Lu|69\/100|[from] item: Leftovers\n|upkeep\n|turn|22\n|\n|t:|1699790824\n|move|p1a: Gholdengo|Make It Rain|p2a: Ting-Lu\n|-crit|p2a: Ting-Lu\n|-damage|p2a: Ting-Lu|29\/100\n|-unboost|p1a: Gholdengo|spa|1\n|move|p2a: Ting-Lu|Earthquake|p1a: Gholdengo\n|-supereffective|p1a: Gholdengo\n|-damage|p1a: Gholdengo|0 fnt\n|faint|p1a: Gholdengo\n|\n|-heal|p2a: Ting-Lu|35\/100|[from] item: Leftovers\n|upkeep\n|\n|t:|1699790839\n|switch|p1a: Iron Valiant|Iron Valiant|100\/100\n|-damage|p1a: Iron Valiant|94\/100|[from] Stealth Rock\n|-enditem|p1a: Iron Valiant|Booster Energy\n|-activate|p1a: Iron Valiant|ability: Quark Drive|[fromitem]\n|-start|p1a: Iron Valiant|quarkdrivespe\n|turn|23\n|\n|t:|1699790848\n|move|p1a: Iron Valiant|Moonblast|p2a: Ting-Lu\n|-supereffective|p2a: Ting-Lu\n|-damage|p2a: Ting-Lu|0 fnt\n|faint|p2a: Ting-Lu\n|\n|upkeep\n|\n|t:|1699790893\n|switch|p2a: Dragonite|Dragonite, F|100\/100\n|-damage|p2a: Dragonite|76\/100|[from] Stealth Rock\n|turn|24\n|\n|t:|1699790901\n|-terastallize|p2a: Dragonite|Normal\n|move|p2a: Dragonite|Extreme Speed|p1a: Iron Valiant\n|-damage|p1a: Iron Valiant|0 fnt\n|faint|p1a: Iron Valiant\n|-end|p1a: Iron Valiant|Quark Drive|[silent]\n|\n|upkeep\n|\n|t:|1699790908\n|switch|p1a: Dragapult|Dragapult, F|77\/100\n|-damage|p1a: Dragapult|65\/100|[from] Stealth Rock\n|turn|25\n|\n|t:|1699790922\n|switch|p2a: Weezing|Weezing-Galar, M|100\/100\n|-damage|p2a: Weezing|88\/100|[from] Stealth Rock\n|move|p1a: Dragapult|Dragon Darts|p2a: Weezing\n|-immune|p2a: Weezing\n|\n|upkeep\n|turn|26\n|\n|t:|1699790930\n|move|p1a: Dragapult|Phantom Force||[still]\n|-prepare|p1a: Dragapult|Phantom Force\n|move|p2a: Weezing|Will-O-Wisp|p1a: Dragapult|[miss]\n|-miss|p2a: Weezing|p1a: Dragapult\n|\n|upkeep\n|turn|27\n|\n|t:|1699790935\n|move|p1a: Dragapult|Phantom Force|p2a: Weezing|[from]lockedmove\n|-damage|p2a: Weezing|59\/100\n|-damage|p1a: Dragapult|48\/100|[from] item: Rocky Helmet|[of] p2a: Weezing\n|move|p2a: Weezing|Will-O-Wisp|p1a: Dragapult|[miss]\n|-miss|p2a: Weezing|p1a: Dragapult\n|\n|upkeep\n|turn|28\n|\n|t:|1699790947\n|move|p1a: Dragapult|Phantom Force||[still]\n|-prepare|p1a: Dragapult|Phantom Force\n|move|p2a: Weezing|Will-O-Wisp|p1a: Dragapult|[miss]\n|-miss|p2a: Weezing|p1a: Dragapult\n|\n|upkeep\n|turn|29\n|\n|t:|1699790953\n|move|p1a: Dragapult|Phantom Force|p2a: Weezing|[from]lockedmove\n|-damage|p2a: Weezing|27\/100\n|-damage|p1a: Dragapult|32\/100|[from] item: Rocky Helmet|[of] p2a: Weezing\n|move|p2a: Weezing|Will-O-Wisp|p1a: Dragapult\n|-status|p1a: Dragapult|brn\n|\n|-damage|p1a: Dragapult|26\/100 brn|[from] brn\n|upkeep\n|turn|30\n|\n|t:|1699790968\n|switch|p2a: Alomomola|Alomomola, M, shiny|75\/100\n|-damage|p2a: Alomomola|62\/100|[from] Stealth Rock\n|move|p1a: Dragapult|Phantom Force||[still]\n|-prepare|p1a: Dragapult|Phantom Force\n|\n|-damage|p1a: Dragapult|20\/100 brn|[from] brn\n|upkeep\n|turn|31\n|\n|t:|1699790977\n|move|p1a: Dragapult|Phantom Force|p2a: Alomomola|[from]lockedmove\n|-damage|p2a: Alomomola|49\/100\n|-damage|p1a: Dragapult|4\/100 brn|[from] item: Rocky Helmet|[of] p2a: Alomomola\n|move|p2a: Alomomola|Wish|p2a: Alomomola\n|\n|-damage|p1a: Dragapult|0 fnt|[from] brn\n|faint|p1a: Dragapult\n|upkeep\n|\n|t:|1699790982\n|switch|p1a: Enamorus|Enamorus, F|76\/100\n|-damage|p1a: Enamorus|51\/100|[from] Stealth Rock\n|turn|32\n|\n|t:|1699790991\n|move|p2a: Alomomola|Protect|p2a: Alomomola\n|-singleturn|p2a: Alomomola|Protect\n|move|p1a: Enamorus|Substitute|p1a: Enamorus\n|-start|p1a: Enamorus|Substitute\n|-damage|p1a: Enamorus|26\/100\n|\n|-heal|p2a: Alomomola|99\/100|[from] move: Wish|[wisher] Alomomola\n|-heal|p1a: Enamorus|32\/100|[from] item: Leftovers\n|upkeep\n|turn|33\n|\n|t:|1699791014\n|switch|p2a: Dragonite|Dragonite, F, tera:Normal|76\/100\n|-damage|p2a: Dragonite|63\/100|[from] Stealth Rock\n|move|p1a: Enamorus|Calm Mind|p1a: Enamorus\n|-boost|p1a: Enamorus|spa|1\n|-boost|p1a: Enamorus|spd|1\n|\n|-heal|p1a: Enamorus|38\/100|[from] item: Leftovers\n|upkeep\n|turn|34\n|\n|t:|1699791024\n|move|p2a: Dragonite|Extreme Speed|p1a: Enamorus\n|-end|p1a: Enamorus|Substitute\n|move|p1a: Enamorus|Moonblast|p2a: Dragonite\n|-damage|p2a: Dragonite|0 fnt\n|faint|p2a: Dragonite\n|\n|-heal|p1a: Enamorus|44\/100|[from] item: Leftovers\n|upkeep\n|\n|t:|1699791036\n|switch|p2a: Sneasler|Sneasler, M|100\/100\n|-damage|p2a: Sneasler|95\/100|[from] Stealth Rock\n|-item|p2a: Sneasler|Air Balloon\n|turn|35\n|l|\u2606taupiquer\n|player|p1|\n|inactive|Battle timer is ON: inactive players will automatically lose when time's up. (requested by Zkeem1)\n|inactive|taupiquer has 30 seconds to reconnect!\n|inactive|taupiquer has 20 seconds to reconnect!\n|inactive|taupiquer has 15 seconds to reconnect!\n|inactive|taupiquer has 10 seconds to reconnect!\n|inactive|taupiquer has 5 seconds to reconnect!\n|-message|taupiquer lost due to inactivity.\n|\n|win|Zkeem1\n|raw|taupiquer's rating: 1331 &rarr; <strong>1309<\/strong><br \/>(-22 for losing)\n|raw|Zkeem1's rating: 1302 &rarr; <strong>1324<\/strong><br \/>(+22 for winning)\n|j|\u2606taupiquer\n|player|p1|taupiquer|102\n|l|\u2606taupiquer\n|player|p1|\n","uploadtime":1699791225,"views":10,"p1id":"taupiquer","p2id":"zkeem1","formatid":"gen9ou","rating":1309,"private":0,"password":""}