{"id":"gen9ou-1989321773","p1":"ratatta17","p2":"lmisdreavus","format":"[Gen 9] OU","log":"|j|\u2606ratatta17\n|j|\u2606lmisdreavus\n|t:|1699836162\n|gametype|singles\n|player|p1|ratatta17|2|1437\n|player|p2|lmisdreavus|266|1542\n|teamsize|p1|6\n|teamsize|p2|6\n|gen|9\n|tier|[Gen 9] OU\n|rated|\n|rule|Sleep Clause Mod: Limit one foe put to sleep\n|rule|Species Clause: Limit one of each Pok\u00e9mon\n|rule|OHKO Clause: OHKO moves are banned\n|rule|Evasion Items Clause: Evasion items are banned\n|rule|Evasion Moves Clause: Evasion moves are banned\n|rule|Endless Battle Clause: Forcing endless battles is banned\n|rule|HP Percentage Mod: HP is shown in percentages\n|clearpoke\n|poke|p1|Azumarill, F|\n|poke|p1|Staraptor, M|\n|poke|p1|Toedscruel, F|\n|poke|p1|Skeledirge, F|\n|poke|p1|Ninetales-Alola, M|\n|poke|p1|Iron Valiant|\n|poke|p2|Avalugg-Hisui, M|\n|poke|p2|Clefable, M|\n|poke|p2|Dondozo, F|\n|poke|p2|Gholdengo|\n|poke|p2|Toxapex, M|\n|poke|p2|Blissey, F|\n|teampreview\n|inactive|Battle timer is ON: inactive players will automatically lose when time's up. (requested by ratatta17)\n|\n|t:|1699836177\n|start\n|switch|p1a: Toedscruel|Toedscruel, F|100\/100\n|switch|p2a: Clefable|Clefable, M|100\/100\n|turn|1\n|\n|t:|1699836184\n|move|p2a: Clefable|Protect|p2a: Clefable\n|-singleturn|p2a: Clefable|Protect\n|move|p1a: Toedscruel|Spore|p2a: Clefable\n|-activate|p2a: Clefable|move: Protect\n|\n|upkeep\n|turn|2\n|\n|t:|1699836189\n|move|p2a: Clefable|Stealth Rock|p1a: Toedscruel\n|-sidestart|p1: ratatta17|move: Stealth Rock\n|move|p1a: Toedscruel|Spore|p2a: Clefable\n|-status|p2a: Clefable|slp|[from] move: Spore\n|\n|upkeep\n|turn|3\n|\n|t:|1699836198\n|switch|p2a: Blissey|Blissey, F|100\/100\n|move|p1a: Toedscruel|Knock Off|p2a: Blissey\n|-crit|p2a: Blissey\n|-damage|p2a: Blissey|54\/100\n|-enditem|p2a: Blissey|Heavy-Duty Boots|[from] move: Knock Off|[of] p1a: Toedscruel\n|\n|upkeep\n|turn|4\n|\n|t:|1699836203\n|move|p1a: Toedscruel|Rapid Spin|p2a: Blissey\n|-damage|p2a: Blissey|37\/100\n|-boost|p1a: Toedscruel|spe|1\n|-sideend|p1: ratatta17|Stealth Rock|[from] move: Rapid Spin|[of] p1a: Toedscruel\n|move|p2a: Blissey|Soft-Boiled|p2a: Blissey\n|-heal|p2a: Blissey|87\/100\n|\n|upkeep\n|turn|5\n|\n|t:|1699836208\n|move|p2a: Blissey|Shadow Ball|p1a: Toedscruel\n|-damage|p1a: Toedscruel|89\/100\n|move|p1a: Toedscruel|Leech Seed|p2a: Blissey\n|-start|p2a: Blissey|move: Leech Seed\n|\n|-heal|p1a: Toedscruel|95\/100|[from] item: Leftovers\n|-damage|p2a: Blissey|75\/100|[from] Leech Seed|[of] p1a: Toedscruel\n|-heal|p1a: Toedscruel|100\/100|[silent]\n|upkeep\n|turn|6\n|\n|t:|1699836224\n|switch|p2a: Gholdengo|Gholdengo|100\/100\n|move|p1a: Toedscruel|Knock Off|p2a: Gholdengo\n|-supereffective|p2a: Gholdengo\n|-damage|p2a: Gholdengo|79\/100\n|-enditem|p2a: Gholdengo|Heavy-Duty Boots|[from] move: Knock Off|[of] p1a: Toedscruel\n|\n|upkeep\n|turn|7\n|\n|t:|1699836229\n|move|p2a: Gholdengo|Nasty Plot|p2a: Gholdengo\n|-boost|p2a: Gholdengo|spa|2\n|move|p1a: Toedscruel|Leech Seed|p2a: Gholdengo\n|-start|p2a: Gholdengo|move: Leech Seed\n|\n|-damage|p2a: Gholdengo|66\/100|[from] Leech Seed|[of] p1a: Toedscruel\n|upkeep\n|turn|8\n|\n|t:|1699836235\n|move|p1a: Toedscruel|Knock Off|p2a: Gholdengo\n|-supereffective|p2a: Gholdengo\n|-damage|p2a: Gholdengo|50\/100\n|move|p2a: Gholdengo|Psyshock|p1a: Toedscruel\n|-damage|p1a: Toedscruel|60\/100\n|\n|-heal|p1a: Toedscruel|66\/100|[from] item: Leftovers\n|-damage|p2a: Gholdengo|38\/100|[from] Leech Seed|[of] p1a: Toedscruel\n|-heal|p1a: Toedscruel|79\/100|[silent]\n|upkeep\n|turn|9\n|\n|t:|1699836242\n|move|p1a: Toedscruel|Knock Off|p2a: Gholdengo\n|-supereffective|p2a: Gholdengo\n|-damage|p2a: Gholdengo|22\/100\n|move|p2a: Gholdengo|Recover|p2a: Gholdengo\n|-heal|p2a: Gholdengo|72\/100\n|\n|-heal|p1a: Toedscruel|85\/100|[from] item: Leftovers\n|-damage|p2a: Gholdengo|60\/100|[from] Leech Seed|[of] p1a: Toedscruel\n|-heal|p1a: Toedscruel|97\/100|[silent]\n|upkeep\n|turn|10\n|\n|t:|1699836247\n|move|p1a: Toedscruel|Knock Off|p2a: Gholdengo\n|-supereffective|p2a: Gholdengo\n|-crit|p2a: Gholdengo\n|-damage|p2a: Gholdengo|38\/100\n|move|p2a: Gholdengo|Recover|p2a: Gholdengo\n|-heal|p2a: Gholdengo|88\/100\n|\n|-heal|p1a: Toedscruel|100\/100|[from] item: Leftovers\n|-damage|p2a: Gholdengo|76\/100|[from] Leech Seed|[of] p1a: Toedscruel\n|upkeep\n|turn|11\n|\n|t:|1699836254\n|move|p1a: Toedscruel|Knock Off|p2a: Gholdengo\n|-supereffective|p2a: Gholdengo\n|-damage|p2a: Gholdengo|60\/100\n|move|p2a: Gholdengo|Shadow Ball|p1a: Toedscruel\n|-damage|p1a: Toedscruel|43\/100\n|\n|-heal|p1a: Toedscruel|49\/100|[from] item: Leftovers\n|-damage|p2a: Gholdengo|48\/100|[from] Leech Seed|[of] p1a: Toedscruel\n|-heal|p1a: Toedscruel|62\/100|[silent]\n|upkeep\n|turn|12\n|-message|lmisdreavus forfeited.\n|\n|win|ratatta17\n|raw|ratatta17's rating: 1437 &rarr; <strong>1463<\/strong><br \/>(+26 for winning)\n|raw|lmisdreavus's rating: 1542 &rarr; <strong>1516<\/strong><br \/>(-26 for losing)\n|l|\u2606lmisdreavus\n","uploadtime":1699836265,"views":9,"p1id":"ratatta17","p2id":"lmisdreavus","formatid":"gen9ou","rating":1463,"private":0,"password":""}