{"id":"gen9ou-1989106115","p1":"Violet Mask","p2":"GauMongTo","format":"[Gen 9] OU","log":"|j|\u2606Violet Mask\n|j|\u2606GauMongTo\n|t:|1699812842\n|gametype|singles\n|player|p1|Violet Mask|lucian|1375\n|player|p2|GauMongTo|cyclist-gen4|1416\n|teamsize|p1|6\n|teamsize|p2|6\n|gen|9\n|tier|[Gen 9] OU\n|rated|\n|rule|Sleep Clause Mod: Limit one foe put to sleep\n|rule|Species Clause: Limit one of each Pok\u00e9mon\n|rule|OHKO Clause: OHKO moves are banned\n|rule|Evasion Items Clause: Evasion items are banned\n|rule|Evasion Moves Clause: Evasion moves are banned\n|rule|Endless Battle Clause: Forcing endless battles is banned\n|rule|HP Percentage Mod: HP is shown in percentages\n|clearpoke\n|poke|p1|Toxapex, M|\n|poke|p1|Garchomp, F|\n|poke|p1|Heatran, F|\n|poke|p1|Mandibuzz, F|\n|poke|p1|Zamazenta-*|\n|poke|p1|Hoopa-Unbound|\n|poke|p2|Dragapult, F|\n|poke|p2|Great Tusk|\n|poke|p2|Greninja-*, M|\n|poke|p2|Moltres|\n|poke|p2|Clodsire, F|\n|poke|p2|Cresselia, F|\n|teampreview\n|inactive|Battle timer is ON: inactive players will automatically lose when time's up. (requested by GauMongTo)\n|inactive|Violet Mask also wants the timer to be on.\n|inactive|Violet Mask has 120 seconds left.\n|inactive|GauMongTo has 120 seconds left.\n|\n|t:|1699812878\n|start\n|switch|p1a: Quacker|Garchomp, F|100\/100\n|switch|p2a: Genoide|Dragapult, F|100\/100\n|turn|1\n|\n|t:|1699812888\n|switch|p1a: Heatran|Heatran, F|100\/100\n|move|p2a: Genoide|Dragon Darts|p1a: Heatran\n|-resisted|p1a: Heatran\n|-damage|p1a: Heatran|83\/100\n|-anim|p2a: Genoide|Dragon Darts|p1a: Heatran\n|-resisted|p1a: Heatran\n|-damage|p1a: Heatran|67\/100\n|\n|-heal|p1a: Heatran|73\/100|[from] item: Leftovers\n|upkeep\n|turn|2\n|\n|t:|1699812899\n|switch|p2a: A thing.|Clodsire, F|100\/100\n|move|p1a: Heatran|Magma Storm|p2a: A thing.|[miss]\n|-miss|p1a: Heatran|p2a: A thing.\n|\n|-heal|p1a: Heatran|79\/100|[from] item: Leftovers\n|upkeep\n|turn|3\n|\n|t:|1699812907\n|switch|p1a: Toxapex|Toxapex, M|100\/100\n|switch|p2a: Genoide|Dragapult, F|100\/100\n|\n|upkeep\n|turn|4\n|\n|t:|1699812910\n|move|p2a: Genoide|Dragon Darts|p1a: Toxapex\n|-damage|p1a: Toxapex|74\/100\n|-anim|p2a: Genoide|Dragon Darts|p1a: Toxapex\n|-damage|p1a: Toxapex|49\/100\n|move|p1a: Toxapex|Toxic|p2a: Genoide\n|-status|p2a: Genoide|tox\n|\n|-damage|p2a: Genoide|95\/100 tox|[from] psn\n|upkeep\n|turn|5\n|\n|t:|1699812915\n|switch|p1a: Mandibuzz|Mandibuzz, F|100\/100\n|move|p2a: Genoide|Dragon Darts|p1a: Mandibuzz\n|-damage|p1a: Mandibuzz|79\/100\n|-anim|p2a: Genoide|Dragon Darts|p1a: Mandibuzz\n|-damage|p1a: Mandibuzz|56\/100\n|\n|-damage|p2a: Genoide|83\/100 tox|[from] psn\n|upkeep\n|turn|6\n|\n|t:|1699812918\n|switch|p2a: Agency|Great Tusk|100\/100\n|move|p1a: Mandibuzz|Roost|p1a: Mandibuzz\n|-heal|p1a: Mandibuzz|100\/100\n|-singleturn|p1a: Mandibuzz|move: Roost\n|\n|upkeep\n|turn|7\n|\n|t:|1699812922\n|move|p2a: Agency|Knock Off|p1a: Mandibuzz\n|-resisted|p1a: Mandibuzz\n|-damage|p1a: Mandibuzz|92\/100\n|-enditem|p1a: Mandibuzz|Heavy-Duty Boots|[from] move: Knock Off|[of] p2a: Agency\n|move|p1a: Mandibuzz|Toxic|p2a: Agency\n|-status|p2a: Agency|tox\n|\n|-damage|p2a: Agency|94\/100 tox|[from] psn\n|upkeep\n|turn|8\n|\n|t:|1699812931\n|move|p2a: Agency|Stealth Rock|p1a: Mandibuzz\n|-sidestart|p1: Violet Mask|move: Stealth Rock\n|move|p1a: Mandibuzz|Defog|p2a: Agency\n|-unboost|p2a: Agency|evasion|1\n|-sideend|p1: Violet Mask|Stealth Rock|[from] move: Defog|[of] p1a: Mandibuzz\n|\n|-heal|p2a: Agency|100\/100 tox|[from] item: Leftovers\n|-damage|p2a: Agency|88\/100 tox|[from] psn\n|upkeep\n|turn|9\n|\n|t:|1699812935\n|move|p2a: Agency|Stealth Rock|p1a: Mandibuzz\n|-sidestart|p1: Violet Mask|move: Stealth Rock\n|move|p1a: Mandibuzz|Foul Play|p2a: Agency\n|-resisted|p2a: Agency\n|-damage|p2a: Agency|77\/100 tox\n|\n|-heal|p2a: Agency|83\/100 tox|[from] item: Leftovers\n|-damage|p2a: Agency|65\/100 tox|[from] psn\n|upkeep\n|turn|10\n|\n|t:|1699812937\n|-end|p2a: Agency|Protosynthesis|[silent]\n|switch|p2a: A thing.|Clodsire, F|100\/100\n|move|p1a: Mandibuzz|Defog|p2a: A thing.\n|-unboost|p2a: A thing.|evasion|1\n|-sideend|p1: Violet Mask|Stealth Rock|[from] move: Defog|[of] p1a: Mandibuzz\n|\n|upkeep\n|turn|11\n|\n|t:|1699812943\n|switch|p1a: Quacker|Garchomp, F|100\/100\n|move|p2a: A thing.|Spikes|p1a: Quacker\n|-sidestart|p1: Violet Mask|Spikes\n|\n|upkeep\n|turn|12\n|\n|t:|1699812948\n|move|p1a: Quacker|Swords Dance|p1a: Quacker\n|-boost|p1a: Quacker|atk|2\n|move|p2a: A thing.|Toxic|p1a: Quacker\n|-status|p1a: Quacker|tox\n|\n|-damage|p1a: Quacker|94\/100 tox|[from] psn\n|upkeep\n|turn|13\n|\n|t:|1699812959\n|move|p1a: Quacker|Scale Shot|p2a: A thing.\n|-damage|p2a: A thing.|72\/100\n|-damage|p2a: A thing.|43\/100\n|-damage|p2a: A thing.|12\/100\n|-damage|p2a: A thing.|0 fnt\n|faint|p2a: A thing.\n|-hitcount|p2: A thing.|4\n|-unboost|p1a: Quacker|def|1\n|-boost|p1a: Quacker|spe|1\n|\n|-damage|p1a: Quacker|82\/100 tox|[from] psn\n|upkeep\n|\n|t:|1699812965\n|switch|p2a: Agency|Great Tusk|65\/100 tox\n|turn|14\n|\n|t:|1699812968\n|-end|p2a: Agency|Protosynthesis|[silent]\n|switch|p2a: Bonogoat|Cresselia, F|100\/100\n|move|p1a: Quacker|Earthquake|p2a: Bonogoat\n|-immune|p2a: Bonogoat|[from] ability: Levitate\n|\n|-damage|p1a: Quacker|64\/100 tox|[from] psn\n|upkeep\n|turn|15\n|\n|t:|1699812972\n|switch|p2a: Agency|Great Tusk|65\/100 tox\n|move|p1a: Quacker|Scale Shot|p2a: Agency\n|-damage|p2a: Agency|50\/100 tox\n|-damage|p2a: Agency|36\/100 tox\n|-damage|p2a: Agency|21\/100 tox\n|-damage|p2a: Agency|9\/100 tox\n|-hitcount|p2a: Agency|4\n|-unboost|p1a: Quacker|def|1\n|-boost|p1a: Quacker|spe|1\n|\n|-heal|p2a: Agency|15\/100 tox|[from] item: Leftovers\n|-damage|p1a: Quacker|39\/100 tox|[from] psn\n|-damage|p2a: Agency|9\/100 tox|[from] psn\n|upkeep\n|turn|16\n|\n|t:|1699812976\n|move|p1a: Quacker|Scale Shot|p2a: Agency\n|-damage|p2a: Agency|0 fnt\n|faint|p2a: Agency\n|-end|p2a: Agency|Protosynthesis|[silent]\n|-hitcount|p2: Agency|1\n|-unboost|p1a: Quacker|def|1\n|-boost|p1a: Quacker|spe|1\n|\n|-damage|p1a: Quacker|8\/100 tox|[from] psn\n|upkeep\n|\n|t:|1699812978\n|switch|p2a: Gamakishi|Greninja, M|100\/100\n|turn|17\n|\n|t:|1699812980\n|switch|p1a: Toxapex|Toxapex, M|82\/100\n|-damage|p1a: Toxapex|70\/100|[from] Spikes\n|move|p2a: Gamakishi|Water Shuriken|p1a: Toxapex\n|-resisted|p1a: Toxapex\n|-damage|p1a: Toxapex|67\/100\n|-resisted|p1a: Toxapex\n|-crit|p1a: Toxapex\n|-damage|p1a: Toxapex|63\/100\n|-resisted|p1a: Toxapex\n|-damage|p1a: Toxapex|60\/100\n|-hitcount|p1a: Toxapex|3\n|\n|upkeep\n|turn|18\n|\n|t:|1699812984\n|move|p2a: Gamakishi|Dark Pulse|p1a: Toxapex\n|-damage|p1a: Toxapex|34\/100\n|move|p1a: Toxapex|Recover|p1a: Toxapex\n|-heal|p1a: Toxapex|84\/100\n|\n|upkeep\n|turn|19\n|\n|t:|1699812989\n|switch|p2a: Genoide|Dragapult, F|83\/100 tox\n|move|p1a: Toxapex|Toxic|p2a: Genoide\n|-fail|p2a: Genoide|tox\n|\n|-damage|p2a: Genoide|77\/100 tox|[from] psn\n|upkeep\n|turn|20\n|\n|t:|1699812991\n|move|p2a: Genoide|Dragon Darts|p1a: Toxapex\n|-damage|p1a: Toxapex|58\/100\n|-anim|p2a: Genoide|Dragon Darts|p1a: Toxapex\n|-damage|p1a: Toxapex|32\/100\n|move|p1a: Toxapex|Recover|p1a: Toxapex\n|-heal|p1a: Toxapex|82\/100\n|\n|-damage|p2a: Genoide|65\/100 tox|[from] psn\n|upkeep\n|turn|21\n|\n|t:|1699812994\n|switch|p1a: Quacker|Garchomp, F|8\/100 tox\n|-damage|p1a: Quacker|0 fnt|[from] Spikes\n|faint|p1a: Quacker\n|move|p2a: Genoide|Dragon Darts|p1: Quacker|[notarget]\n|-fail|p2a: Genoide\n|\n|-damage|p2a: Genoide|47\/100 tox|[from] psn\n|upkeep\n|\n|t:|1699813000\n|switch|p1a: Heatran|Heatran, F|79\/100\n|-damage|p1a: Heatran|67\/100|[from] Spikes\n|turn|22\n|\n|t:|1699813008\n|move|p2a: Genoide|Dragon Darts|p1a: Heatran\n|-resisted|p1a: Heatran\n|-damage|p1a: Heatran|51\/100\n|-anim|p2a: Genoide|Dragon Darts|p1a: Heatran\n|-resisted|p1a: Heatran\n|-damage|p1a: Heatran|34\/100\n|move|p1a: Heatran|Magma Storm|p2a: Genoide\n|-resisted|p2a: Genoide\n|-damage|p2a: Genoide|15\/100 tox\n|-activate|p2a: Genoide|move: Magma Storm|[of] p1a: Heatran\n|\n|-heal|p1a: Heatran|40\/100|[from] item: Leftovers\n|-damage|p2a: Genoide|0 fnt|[from] psn\n|faint|p2a: Genoide\n|upkeep\n|\n|t:|1699813015\n|switch|p2a: Gamakishi|Greninja, M|100\/100\n|turn|23\n|\n|t:|1699813017\n|switch|p1a: Toxapex|Toxapex, M|100\/100\n|-damage|p1a: Toxapex|88\/100|[from] Spikes\n|move|p2a: Gamakishi|Dark Pulse|p1a: Toxapex\n|-damage|p1a: Toxapex|60\/100\n|\n|upkeep\n|turn|24\n|\n|t:|1699813024\n|move|p2a: Gamakishi|Dark Pulse|p1a: Toxapex\n|-damage|p1a: Toxapex|30\/100\n|move|p1a: Toxapex|Toxic|p2a: Gamakishi\n|-status|p2a: Gamakishi|tox\n|\n|-damage|p2a: Gamakishi|95\/100 tox|[from] psn\n|upkeep\n|turn|25\n|\n|t:|1699813032\n|switch|p1a: Mandibuzz|Mandibuzz, F|92\/100\n|move|p2a: Gamakishi|Dark Pulse|p1a: Mandibuzz\n|-resisted|p1a: Mandibuzz\n|-damage|p1a: Mandibuzz|78\/100\n|\n|-damage|p2a: Gamakishi|83\/100 tox|[from] psn\n|upkeep\n|turn|26\n|\n|t:|1699813037\n|switch|p1a: Toxapex|Toxapex, M|64\/100\n|-damage|p1a: Toxapex|51\/100|[from] Spikes\n|move|p2a: Gamakishi|Surf|p1a: Toxapex\n|-resisted|p1a: Toxapex\n|-damage|p1a: Toxapex|36\/100\n|\n|-damage|p2a: Gamakishi|65\/100 tox|[from] psn\n|upkeep\n|turn|27\n|\n|t:|1699813043\n|move|p2a: Gamakishi|Dark Pulse|p1a: Toxapex\n|-damage|p1a: Toxapex|6\/100\n|move|p1a: Toxapex|Recover|p1a: Toxapex\n|-heal|p1a: Toxapex|56\/100\n|\n|-damage|p2a: Gamakishi|41\/100 tox|[from] psn\n|upkeep\n|turn|28\n|\n|t:|1699813047\n|move|p2a: Gamakishi|Dark Pulse|p1a: Toxapex\n|-damage|p1a: Toxapex|29\/100\n|move|p1a: Toxapex|Recover|p1a: Toxapex\n|-heal|p1a: Toxapex|79\/100\n|\n|-damage|p2a: Gamakishi|11\/100 tox|[from] psn\n|upkeep\n|turn|29\n|\n|t:|1699813061\n|switch|p1a: Mandibuzz|Mandibuzz, F|78\/100\n|move|p2a: Gamakishi|Dark Pulse|p1a: Mandibuzz\n|-resisted|p1a: Mandibuzz\n|-damage|p1a: Mandibuzz|63\/100\n|\n|-damage|p2a: Gamakishi|0 fnt|[from] psn\n|faint|p2a: Gamakishi\n|upkeep\n|\n|t:|1699813067\n|switch|p2a: Bonogoat|Cresselia, F|100\/100\n|turn|30\n|\n|t:|1699813071\n|switch|p1a: Heatran|Heatran, F|40\/100\n|-damage|p1a: Heatran|27\/100|[from] Spikes\n|-terastallize|p2a: Bonogoat|Poison\n|move|p2a: Bonogoat|Calm Mind|p2a: Bonogoat\n|-boost|p2a: Bonogoat|spa|1\n|-boost|p2a: Bonogoat|spd|1\n|\n|-heal|p1a: Heatran|34\/100|[from] item: Leftovers\n|upkeep\n|turn|31\n|\n|t:|1699813074\n|move|p2a: Bonogoat|Calm Mind|p2a: Bonogoat\n|-boost|p2a: Bonogoat|spa|1\n|-boost|p2a: Bonogoat|spd|1\n|move|p1a: Heatran|Taunt|p2a: Bonogoat\n|-start|p2a: Bonogoat|move: Taunt\n|\n|-heal|p1a: Heatran|40\/100|[from] item: Leftovers\n|upkeep\n|turn|32\n|\n|t:|1699813077\n|move|p2a: Bonogoat|Stored Power|p1a: Heatran\n|-resisted|p1a: Heatran\n|-damage|p1a: Heatran|23\/100\n|move|p1a: Heatran|Magma Storm|p2a: Bonogoat\n|-damage|p2a: Bonogoat|87\/100\n|-activate|p2a: Bonogoat|move: Magma Storm|[of] p1a: Heatran\n|\n|-heal|p2a: Bonogoat|93\/100|[from] item: Leftovers\n|-heal|p1a: Heatran|29\/100|[from] item: Leftovers\n|-damage|p2a: Bonogoat|81\/100|[from] move: Magma Storm|[partiallytrapped]\n|upkeep\n|turn|33\n|\n|t:|1699813079\n|move|p2a: Bonogoat|Stored Power|p1a: Heatran\n|-resisted|p1a: Heatran\n|-damage|p1a: Heatran|13\/100\n|move|p1a: Heatran|Magma Storm|p2a: Bonogoat\n|-damage|p2a: Bonogoat|66\/100\n|\n|-heal|p2a: Bonogoat|72\/100|[from] item: Leftovers\n|-heal|p1a: Heatran|20\/100|[from] item: Leftovers\n|-damage|p2a: Bonogoat|60\/100|[from] move: Magma Storm|[partiallytrapped]\n|upkeep\n|turn|34\n|\n|t:|1699813082\n|move|p2a: Bonogoat|Stored Power|p1a: Heatran\n|-resisted|p1a: Heatran\n|-damage|p1a: Heatran|4\/100\n|move|p1a: Heatran|Magma Storm|p2a: Bonogoat\n|-crit|p2a: Bonogoat\n|-damage|p2a: Bonogoat|15\/100\n|\n|-heal|p2a: Bonogoat|21\/100|[from] item: Leftovers\n|-heal|p1a: Heatran|10\/100|[from] item: Leftovers\n|-damage|p2a: Bonogoat|9\/100|[from] move: Magma Storm|[partiallytrapped]\n|-end|p2a: Bonogoat|move: Taunt\n|upkeep\n|turn|35\n|\n|t:|1699813088\n|move|p2a: Bonogoat|Moonlight|p2a: Bonogoat\n|-heal|p2a: Bonogoat|59\/100\n|move|p1a: Heatran|Taunt|p2a: Bonogoat\n|-start|p2a: Bonogoat|move: Taunt\n|\n|-heal|p2a: Bonogoat|65\/100|[from] item: Leftovers\n|-heal|p1a: Heatran|16\/100|[from] item: Leftovers\n|-damage|p2a: Bonogoat|53\/100|[from] move: Magma Storm|[partiallytrapped]\n|upkeep\n|turn|36\n|\n|t:|1699813092\n|move|p2a: Bonogoat|Stored Power|p1a: Heatran\n|-resisted|p1a: Heatran\n|-damage|p1a: Heatran|0 fnt\n|faint|p1a: Heatran\n|\n|-heal|p2a: Bonogoat|59\/100|[from] item: Leftovers\n|-end|p2a: Bonogoat|Magma Storm|[partiallytrapped]|[silent]\n|upkeep\n|\n|t:|1699813095\n|switch|p1a: Hoopa|Hoopa-Unbound|100\/100\n|-damage|p1a: Hoopa|88\/100|[from] Spikes\n|turn|37\n|\n|t:|1699813098\n|-terastallize|p1a: Hoopa|Dark\n|move|p2a: Bonogoat|Moonblast|p1a: Hoopa\n|-supereffective|p1a: Hoopa\n|-damage|p1a: Hoopa|30\/100\n|move|p1a: Hoopa|Hyperspace Fury|p2a: Bonogoat\n|-damage|p2a: Bonogoat|0 fnt\n|-unboost|p1a: Hoopa|def|1\n|faint|p2a: Bonogoat\n|\n|upkeep\n|\n|t:|1699813104\n|switch|p2a: Uno Dos Moltres|Moltres|100\/100\n|turn|38\n|\n|t:|1699813107\n|move|p1a: Hoopa|Hyperspace Fury|p2a: Uno Dos Moltres\n|-damage|p2a: Uno Dos Moltres|12\/100\n|-unboost|p1a: Hoopa|def|1\n|move|p2a: Uno Dos Moltres|U-turn|p1a: Hoopa\n|-supereffective|p1a: Hoopa\n|-damage|p1a: Hoopa|0 fnt\n|faint|p1a: Hoopa\n|\n|upkeep\n|\n|t:|1699813110\n|switch|p1a: Zamazenta|Zamazenta|100\/100\n|-damage|p1a: Zamazenta|88\/100|[from] Spikes\n|-ability|p1a: Zamazenta|Dauntless Shield|boost\n|-boost|p1a: Zamazenta|def|1\n|turn|39\n|c|\u2606Violet Mask|gg\n|c|\u2606GauMongTo|gg\n|c|\u2606GauMongTo|didn't expect to see someone who knows how to play at 1400 lol\n|\n|t:|1699813131\n|move|p1a: Zamazenta|Crunch|p2a: Uno Dos Moltres\n|-damage|p2a: Uno Dos Moltres|0 fnt\n|faint|p2a: Uno Dos Moltres\n|\n|win|Violet Mask\n|raw|Violet Mask's rating: 1375 &rarr; <strong>1397<\/strong><br \/>(+22 for winning)\n|raw|GauMongTo's rating: 1416 &rarr; <strong>1394<\/strong><br \/>(-22 for losing)\n","uploadtime":1699813136,"views":10,"p1id":"violetmask","p2id":"gaumongto","formatid":"gen9ou","rating":1394,"private":0,"password":""}