{"id":"gen9ou-1996307584","p1":"geesegoose","p2":"Oronte","format":"[Gen 9] OU","log":"|j|\u2606geesegoose\n|j|\u2606Oronte\n|t:|1700669655\n|gametype|singles\n|player|p1|geesegoose|102|1119\n|player|p2|Oronte|2|1047\n|teamsize|p1|6\n|teamsize|p2|6\n|gen|9\n|tier|[Gen 9] OU\n|rated|\n|rule|Sleep Clause Mod: Limit one foe put to sleep\n|rule|Species Clause: Limit one of each Pok\u00e9mon\n|rule|OHKO Clause: OHKO moves are banned\n|rule|Evasion Items Clause: Evasion items are banned\n|rule|Evasion Moves Clause: Evasion moves are banned\n|rule|Endless Battle Clause: Forcing endless battles is banned\n|rule|HP Percentage Mod: HP is shown in percentages\n|clearpoke\n|poke|p1|Jirachi|\n|poke|p1|Mandibuzz, F|\n|poke|p1|Zapdos-Galar|\n|poke|p1|Sandy Shocks|\n|poke|p1|Skeledirge, M|\n|poke|p1|Kilowattrel, M|\n|poke|p2|Hoopa-Unbound|\n|poke|p2|Toxapex, F|\n|poke|p2|Ting-Lu|\n|poke|p2|Corviknight, F|\n|poke|p2|Zamazenta-*|\n|poke|p2|Landorus-Therian, M|\n|teampreview\n|\n|t:|1700669683\n|start\n|switch|p1a: Sandy Shocks|Sandy Shocks|100\/100\n|switch|p2a: CancerIsBack|Toxapex, F|100\/100\n|turn|1\n|inactive|Battle timer is ON: inactive players will automatically lose when time's up. (requested by geesegoose)\n|\n|t:|1700669702\n|move|p1a: Sandy Shocks|Earth Power|p2a: CancerIsBack\n|-supereffective|p2a: CancerIsBack\n|-damage|p2a: CancerIsBack|20\/100\n|move|p2a: CancerIsBack|Recover|p2a: CancerIsBack\n|-heal|p2a: CancerIsBack|70\/100\n|\n|upkeep\n|turn|2\n|\n|t:|1700669718\n|move|p1a: Sandy Shocks|Stealth Rock|p2a: CancerIsBack\n|-sidestart|p2: Oronte|move: Stealth Rock\n|move|p2a: CancerIsBack|Surf|p1a: Sandy Shocks\n|-supereffective|p1a: Sandy Shocks\n|-damage|p1a: Sandy Shocks|50\/100\n|\n|upkeep\n|turn|3\n|\n|t:|1700669725\n|move|p1a: Sandy Shocks|Volt Switch|p2a: CancerIsBack\n|-supereffective|p2a: CancerIsBack\n|-damage|p2a: CancerIsBack|10\/100\n|\n|t:|1700669735\n|-end|p1a: Sandy Shocks|Protosynthesis|[silent]\n|switch|p1a: Zapdos|Zapdos-Galar|100\/100|[from] Volt Switch\n|move|p2a: CancerIsBack|Surf|p1a: Zapdos\n|-damage|p1a: Zapdos|81\/100\n|\n|upkeep\n|turn|4\n|\n|t:|1700669747\n|move|p1a: Zapdos|Thunderous Kick|p2a: CancerIsBack\n|-resisted|p2a: CancerIsBack\n|-damage|p2a: CancerIsBack|0 fnt\n|-damage|p1a: Zapdos|64\/100|[from] item: Rocky Helmet|[of] p2a: CancerIsBack\n|faint|p2a: CancerIsBack\n|\n|upkeep\n|\n|t:|1700669757\n|switch|p2a: KFC pirme|Corviknight, F, shiny|100\/100\n|-damage|p2a: KFC pirme|88\/100|[from] Stealth Rock\n|-ability|p2a: KFC pirme|Pressure\n|turn|5\n|\n|t:|1700669766\n|move|p1a: Zapdos|Thunderous Kick|p2a: KFC pirme\n|-damage|p2a: KFC pirme|46\/100\n|-unboost|p2a: KFC pirme|def|1\n|-damage|p1a: Zapdos|48\/100|[from] item: Rocky Helmet|[of] p2a: KFC pirme\n|move|p2a: KFC pirme|Defog|p1a: Zapdos\n|-unboost|p1a: Zapdos|evasion|1\n|-ability|p1a: Zapdos|Defiant|boost\n|-boost|p1a: Zapdos|atk|2\n|-sideend|p2: Oronte|Stealth Rock|[from] move: Defog|[of] p2a: KFC pirme\n|\n|upkeep\n|turn|6\n|\n|t:|1700669778\n|move|p1a: Zapdos|Thunderous Kick|p2a: KFC pirme\n|-damage|p2a: KFC pirme|0 fnt\n|-damage|p1a: Zapdos|31\/100|[from] item: Rocky Helmet|[of] p2a: KFC pirme\n|faint|p2a: KFC pirme\n|\n|upkeep\n|\n|t:|1700669785\n|switch|p2a: Macron|Ting-Lu|100\/100\n|-ability|p2a: Macron|Vessel of Ruin\n|turn|7\n|\n|t:|1700669792\n|move|p1a: Zapdos|Thunderous Kick|p2a: Macron\n|-supereffective|p2a: Macron\n|-damage|p2a: Macron|0 fnt\n|faint|p2a: Macron\n|\n|upkeep\n|\n|t:|1700669798\n|switch|p2a: Trop amusant|Zamazenta|100\/100\n|-ability|p2a: Trop amusant|Dauntless Shield|boost\n|-boost|p2a: Trop amusant|def|1\n|turn|8\n|\n|t:|1700669804\n|move|p2a: Trop amusant|Body Press|p1a: Zapdos\n|-resisted|p1a: Zapdos\n|-damage|p1a: Zapdos|2\/100\n|move|p1a: Zapdos|Thunderous Kick|p2a: Trop amusant\n|-damage|p2a: Trop amusant|31\/100\n|-unboost|p2a: Trop amusant|def|1\n|\n|-heal|p2a: Trop amusant|38\/100|[from] item: Leftovers\n|upkeep\n|turn|9\n|\n|t:|1700669814\n|move|p2a: Trop amusant|Crunch|p1a: Zapdos\n|-resisted|p1a: Zapdos\n|-damage|p1a: Zapdos|0 fnt\n|faint|p1a: Zapdos\n|\n|-heal|p2a: Trop amusant|44\/100|[from] item: Leftovers\n|upkeep\n|\n|t:|1700669838\n|switch|p1a: Jirachi|Jirachi|100\/100\n|turn|10\n|\n|t:|1700669860\n|move|p1a: Jirachi|Iron Head|p2a: Trop amusant\n|-damage|p2a: Trop amusant|17\/100\n|move|p2a: Trop amusant|Body Press|p1a: Jirachi\n|-damage|p1a: Jirachi|66\/100\n|\n|-heal|p2a: Trop amusant|23\/100|[from] item: Leftovers\n|upkeep\n|turn|11\n|\n|t:|1700669868\n|move|p1a: Jirachi|Iron Head|p2a: Trop amusant\n|-damage|p2a: Trop amusant|0 fnt\n|faint|p2a: Trop amusant\n|\n|upkeep\n|\n|t:|1700669878\n|switch|p2a: Tk78 Prime|Hoopa-Unbound|100\/100\n|turn|12\n|\n|t:|1700669888\n|move|p1a: Jirachi|Iron Head|p2a: Tk78 Prime\n|-damage|p2a: Tk78 Prime|42\/100\n|cant|p2a: Tk78 Prime|flinch\n|\n|upkeep\n|turn|13\n|\n|t:|1700669893\n|move|p1a: Jirachi|Iron Head|p2a: Tk78 Prime\n|-damage|p2a: Tk78 Prime|0 fnt\n|faint|p2a: Tk78 Prime\n|\n|upkeep\n|\n|t:|1700669897\n|switch|p2a: DesM\u00e8resTr\u00e8sGros|Landorus-Therian, M|100\/100\n|-ability|p2a: DesM\u00e8resTr\u00e8sGros|Intimidate|boost\n|-unboost|p1a: Jirachi|atk|1\n|turn|14\n|\n|t:|1700669915\n|move|p1a: Jirachi|Iron Head|p2a: DesM\u00e8resTr\u00e8sGros\n|-damage|p2a: DesM\u00e8resTr\u00e8sGros|73\/100\n|move|p2a: DesM\u00e8resTr\u00e8sGros|Stone Edge|p1a: Jirachi\n|-resisted|p1a: Jirachi\n|-damage|p1a: Jirachi|49\/100\n|\n|upkeep\n|turn|15\n|\n|t:|1700669926\n|-terastallize|p2a: DesM\u00e8resTr\u00e8sGros|Ground\n|move|p1a: Jirachi|Iron Head|p2a: DesM\u00e8resTr\u00e8sGros\n|-damage|p2a: DesM\u00e8resTr\u00e8sGros|45\/100\n|cant|p2a: DesM\u00e8resTr\u00e8sGros|flinch\n|\n|upkeep\n|turn|16\n|\n|t:|1700669938\n|move|p1a: Jirachi|Iron Head|p2a: DesM\u00e8resTr\u00e8sGros\n|-damage|p2a: DesM\u00e8resTr\u00e8sGros|16\/100\n|move|p2a: DesM\u00e8resTr\u00e8sGros|Stone Edge|p1a: Jirachi\n|-resisted|p1a: Jirachi\n|-damage|p1a: Jirachi|29\/100\n|\n|upkeep\n|turn|17\n|\n|t:|1700669943\n|move|p1a: Jirachi|Iron Head|p2a: DesM\u00e8resTr\u00e8sGros\n|-damage|p2a: DesM\u00e8resTr\u00e8sGros|0 fnt\n|faint|p2a: DesM\u00e8resTr\u00e8sGros\n|\n|win|geesegoose\n|raw|geesegoose's rating: 1119 &rarr; <strong>1139<\/strong><br \/>(+20 for winning)\n|raw|Oronte's rating: 1047 &rarr; <strong>1033<\/strong><br \/>(-14 for losing)\n|l|\u2606Oronte\n","uploadtime":1700669949,"views":2,"p1id":"geesegoose","p2id":"oronte","formatid":"gen9ou","rating":1033,"private":0,"password":""}