{"id":"gen9ou-1992941026","p1":"Mr.X&Y97","p2":"kev64","format":"[Gen 9] OU","log":"|j|\u2606Mr.X&Y97\n|j|\u2606kev64\n|t:|1700248752\n|gametype|singles\n|player|p1|Mr.X&Y97|blue|1454\n|player|p2|kev64|ethan|1487\n|teamsize|p1|6\n|teamsize|p2|6\n|gen|9\n|tier|[Gen 9] OU\n|rated|\n|rule|Sleep Clause Mod: Limit one foe put to sleep\n|rule|Species Clause: Limit one of each Pok\u00e9mon\n|rule|OHKO Clause: OHKO moves are banned\n|rule|Evasion Items Clause: Evasion items are banned\n|rule|Evasion Moves Clause: Evasion moves are banned\n|rule|Endless Battle Clause: Forcing endless battles is banned\n|rule|HP Percentage Mod: HP is shown in percentages\n|clearpoke\n|poke|p1|Ting-Lu|\n|poke|p1|Conkeldurr, F|\n|poke|p1|Dragonite, F|\n|poke|p1|Corviknight, M|\n|poke|p1|Iron Moth|\n|poke|p1|Weavile, M|\n|poke|p2|Samurott-Hisui, M|\n|poke|p2|Great Tusk|\n|poke|p2|Gholdengo|\n|poke|p2|Slowking-Galar, M|\n|poke|p2|Ogerpon-Cornerstone, F|\n|poke|p2|Dragapult, M|\n|teampreview\n|inactive|Battle timer is ON: inactive players will automatically lose when time's up. (requested by kev64)\n|inactive|Mr.X&Y97 also wants the timer to be on.\n|inactive|kev64 has 120 seconds left.\n|\n|t:|1700248805\n|start\n|switch|p1a: Conkeldurr|Conkeldurr, F|100\/100\n|switch|p2a: Dragapult|Dragapult, M|100\/100\n|turn|1\n|\n|t:|1700248816\n|move|p2a: Dragapult|Thunder Wave|p1a: Conkeldurr\n|-status|p1a: Conkeldurr|par\n|move|p1a: Conkeldurr|Knock Off|p2a: Dragapult\n|-supereffective|p2a: Dragapult\n|-damage|p2a: Dragapult|0 fnt\n|-enditem|p2a: Dragapult|Heavy-Duty Boots|[from] move: Knock Off|[of] p1a: Conkeldurr\n|faint|p2a: Dragapult\n|\n|upkeep\n|\n|t:|1700248822\n|switch|p2a: Great Tusk|Great Tusk|100\/100\n|turn|2\n|\n|t:|1700248843\n|move|p2a: Great Tusk|Stealth Rock|p1a: Conkeldurr\n|-sidestart|p1: Mr.X&Y97|move: Stealth Rock\n|move|p1a: Conkeldurr|Facade|p2a: Great Tusk\n|-damage|p2a: Great Tusk|55\/100\n|\n|-heal|p2a: Great Tusk|61\/100|[from] item: Leftovers\n|upkeep\n|turn|3\n|\n|t:|1700248848\n|move|p2a: Great Tusk|Earthquake|p1a: Conkeldurr\n|-damage|p1a: Conkeldurr|58\/100 par\n|move|p1a: Conkeldurr|Facade|p2a: Great Tusk\n|-damage|p2a: Great Tusk|21\/100\n|\n|-heal|p2a: Great Tusk|27\/100|[from] item: Leftovers\n|upkeep\n|turn|4\n|\n|t:|1700248856\n|move|p2a: Great Tusk|Earthquake|p1a: Conkeldurr\n|-damage|p1a: Conkeldurr|19\/100 par\n|move|p1a: Conkeldurr|Facade|p2a: Great Tusk\n|-damage|p2a: Great Tusk|0 fnt\n|faint|p2a: Great Tusk\n|-end|p2a: Great Tusk|Protosynthesis|[silent]\n|\n|upkeep\n|\n|t:|1700248860\n|switch|p2a: Gholdengo|Gholdengo|100\/100\n|turn|5\n|\n|t:|1700248868\n|move|p2a: Gholdengo|Make It Rain|p1a: Conkeldurr\n|-damage|p1a: Conkeldurr|0 fnt\n|-unboost|p2a: Gholdengo|spa|1\n|faint|p1a: Conkeldurr\n|\n|upkeep\n|\n|t:|1700248883\n|switch|p1a: Corviknight|Corviknight, M|100\/100\n|-damage|p1a: Corviknight|88\/100|[from] Stealth Rock\n|-ability|p1a: Corviknight|Pressure\n|turn|6\n|\n|t:|1700248889\n|move|p2a: Gholdengo|Thunder Wave|p1a: Corviknight\n|-status|p1a: Corviknight|par\n|move|p1a: Corviknight|U-turn|p2a: Gholdengo\n|-resisted|p2a: Gholdengo\n|-damage|p2a: Gholdengo|97\/100\n|\n|t:|1700248894\n|switch|p1a: Iron Moth|Iron Moth|100\/100|[from] U-turn\n|-damage|p1a: Iron Moth|76\/100|[from] Stealth Rock\n|-enditem|p1a: Iron Moth|Booster Energy\n|-activate|p1a: Iron Moth|ability: Quark Drive|[fromitem]\n|-start|p1a: Iron Moth|quarkdrivespe\n|\n|upkeep\n|turn|7\n|\n|t:|1700248900\n|move|p1a: Iron Moth|Fiery Dance|p2a: Gholdengo\n|-supereffective|p2a: Gholdengo\n|-damage|p2a: Gholdengo|21\/100\n|move|p2a: Gholdengo|Thunder Wave|p1a: Iron Moth\n|-status|p1a: Iron Moth|par\n|\n|upkeep\n|turn|8\n|\n|t:|1700248904\n|switch|p2a: Slowking|Slowking-Galar, M|100\/100\n|move|p1a: Iron Moth|Fiery Dance|p2a: Slowking\n|-damage|p2a: Slowking|75\/100\n|\n|upkeep\n|turn|9\n|\n|t:|1700248908\n|move|p1a: Iron Moth|Substitute|p1a: Iron Moth\n|-start|p1a: Iron Moth|Substitute\n|-damage|p1a: Iron Moth|51\/100 par\n|move|p2a: Slowking|Chilly Reception|p2a: Slowking\n|-weather|Snow\n|\n|t:|1700248913\n|switch|p2a: Samurott|Samurott-Hisui, M|100\/100|[from] Chilly Reception\n|\n|-weather|Snow|[upkeep]\n|upkeep\n|turn|10\n|\n|t:|1700248930\n|switch|p2a: Slowking|Slowking-Galar, M|100\/100\n|move|p1a: Iron Moth|Energy Ball|p2a: Slowking\n|-resisted|p2a: Slowking\n|-damage|p2a: Slowking|91\/100\n|\n|-weather|Snow|[upkeep]\n|upkeep\n|turn|11\n|\n|t:|1700248934\n|move|p1a: Iron Moth|Fiery Dance|p2a: Slowking\n|-damage|p2a: Slowking|66\/100\n|move|p2a: Slowking|Future Sight|p1a: Iron Moth\n|-start|p2a: Slowking|move: Future Sight\n|\n|-weather|Snow|[upkeep]\n|upkeep\n|turn|12\n|\n|t:|1700248939\n|move|p1a: Iron Moth|Fiery Dance|p2a: Slowking\n|-damage|p2a: Slowking|39\/100\n|-boost|p1a: Iron Moth|spa|1\n|move|p2a: Slowking|Sludge Bomb|p1a: Iron Moth\n|-resisted|p1a: Iron Moth\n|-activate|p1a: Iron Moth|move: Substitute|[damage]\n|\n|-weather|Snow|[upkeep]\n|upkeep\n|turn|13\n|\n|t:|1700248945\n|move|p1a: Iron Moth|Fiery Dance|p2a: Slowking\n|-damage|p2a: Slowking|3\/100\n|-boost|p1a: Iron Moth|spa|1\n|move|p2a: Slowking|Sludge Bomb|p1a: Iron Moth\n|-resisted|p1a: Iron Moth\n|-end|p1a: Iron Moth|Substitute\n|\n|-weather|none\n|-end|p1a: Iron Moth|move: Future Sight\n|-supereffective|p1a: Iron Moth\n|-damage|p1a: Iron Moth|0 fnt\n|faint|p1a: Iron Moth\n|-end|p1a: Iron Moth|Quark Drive|[silent]\n|upkeep\n|\n|t:|1700248960\n|switch|p1a: Weavile|Weavile, M|100\/100\n|-damage|p1a: Weavile|76\/100|[from] Stealth Rock\n|-ability|p1a: Weavile|Pressure\n|turn|14\n|\n|t:|1700248971\n|-terastallize|p1a: Weavile|Ghost\n|move|p1a: Weavile|Swords Dance|p1a: Weavile\n|-boost|p1a: Weavile|atk|2\n|move|p2a: Slowking|Sludge Bomb|p1a: Weavile\n|-resisted|p1a: Weavile\n|-damage|p1a: Weavile|53\/100\n|-status|p1a: Weavile|psn\n|\n|-damage|p1a: Weavile|41\/100 psn|[from] psn\n|upkeep\n|turn|15\n|\n|t:|1700248982\n|move|p1a: Weavile|Icicle Spear|p2a: Slowking\n|-damage|p2a: Slowking|0 fnt\n|faint|p2a: Slowking\n|-hitcount|p2: Slowking|1\n|\n|-damage|p1a: Weavile|28\/100 psn|[from] psn\n|upkeep\n|\n|t:|1700248985\n|switch|p2a: Samurott|Samurott-Hisui, M|100\/100\n|turn|16\n|\n|t:|1700248990\n|move|p1a: Weavile|Low Kick|p2a: Samurott\n|-supereffective|p2a: Samurott\n|-damage|p2a: Samurott|0 fnt\n|faint|p2a: Samurott\n|\n|-damage|p1a: Weavile|16\/100 psn|[from] psn\n|upkeep\n|\n|t:|1700249000\n|switch|p2a: Ogerpon|Ogerpon-Cornerstone, F|100\/100\n|turn|17\n|\n|t:|1700249004\n|-terastallize|p2a: Ogerpon|Rock\n|detailschange|p2a: Ogerpon|Ogerpon-Cornerstone-Tera, F, tera:Rock\n|-ability|p2a: Ogerpon|Embody Aspect (Cornerstone)|boost\n|-boost|p2a: Ogerpon|def|1\n|move|p1a: Weavile|Icicle Spear|p2a: Ogerpon\n|-damage|p2a: Ogerpon|78\/100\n|-damage|p2a: Ogerpon|58\/100\n|-damage|p2a: Ogerpon|35\/100\n|-damage|p2a: Ogerpon|14\/100\n|-damage|p2a: Ogerpon|0 fnt\n|faint|p2a: Ogerpon\n|-hitcount|p2: Ogerpon|5\n|\n|-damage|p1a: Weavile|3\/100 psn|[from] psn\n|upkeep\n|\n|t:|1700249007\n|switch|p2a: Gholdengo|Gholdengo|21\/100\n|turn|18\n|-message|kev64 forfeited.\n|\n|win|Mr.X&Y97\n|raw|Mr.X&amp;Y97's rating: 1454 &rarr; <strong>1476<\/strong><br \/>(+22 for winning)\n|raw|kev64's rating: 1487 &rarr; <strong>1465<\/strong><br \/>(-22 for losing)\n|l|\u2606kev64\n","uploadtime":1700249019,"views":12,"p1id":"mrxy97","p2id":"kev64","formatid":"gen9ou","rating":1465,"private":0,"password":""}