{"id":"gen9ou-1991804205","p1":"bagsfd","p2":"ShinyStardust","format":"[Gen 9] OU","log":"|j|\u2606bagsfd\n|j|\u2606ShinyStardust\n|t:|1700120447\n|gametype|singles\n|player|p1|bagsfd|102|1050\n|player|p2|ShinyStardust|lucas|1000\n|teamsize|p1|6\n|teamsize|p2|1\n|gen|9\n|tier|[Gen 9] OU\n|rated|\n|rule|Sleep Clause Mod: Limit one foe put to sleep\n|rule|Species Clause: Limit one of each Pok\u00e9mon\n|rule|OHKO Clause: OHKO moves are banned\n|rule|Evasion Items Clause: Evasion items are banned\n|rule|Evasion Moves Clause: Evasion moves are banned\n|rule|Endless Battle Clause: Forcing endless battles is banned\n|rule|HP Percentage Mod: HP is shown in percentages\n|clearpoke\n|poke|p1|Espeon, F|\n|poke|p1|Salamence, F|\n|poke|p1|Pelipper, F|\n|poke|p1|Floatzel, M|\n|poke|p1|Donphan, F|\n|poke|p1|Scizor, M|\n|poke|p2|Mamoswine, F|\n|teampreview\n|inactive|Battle timer is ON: inactive players will automatically lose when time's up. (requested by ShinyStardust)\n|\n|t:|1700120461\n|start\n|switch|p1a: Michelin|Donphan, F|100\/100\n|switch|p2a: Mamoswine|Mamoswine, F|100\/100\n|turn|1\n|\n|t:|1700120471\n|-terastallize|p2a: Mamoswine|Grass\n|move|p2a: Mamoswine|Trailblaze|p1a: Michelin\n|-supereffective|p1a: Michelin\n|-damage|p1a: Michelin|63\/100\n|-boost|p2a: Mamoswine|spe|1\n|-damage|p2a: Mamoswine|84\/100|[from] item: Rocky Helmet|[of] p1a: Michelin\n|move|p1a: Michelin|Stealth Rock|p2a: Mamoswine\n|-sidestart|p2: ShinyStardust|move: Stealth Rock\n|\n|upkeep\n|turn|2\n|\n|t:|1700120493\n|move|p1a: Michelin|Ice Shard|p2a: Mamoswine\n|-supereffective|p2a: Mamoswine\n|-damage|p2a: Mamoswine|72\/100\n|-enditem|p2a: Mamoswine|Weakness Policy\n|-boost|p2a: Mamoswine|atk|2|[from] item: Weakness Policy\n|-boost|p2a: Mamoswine|spa|2|[from] item: Weakness Policy\n|move|p2a: Mamoswine|Trailblaze|p1a: Michelin\n|-supereffective|p1a: Michelin\n|-damage|p1a: Michelin|0 fnt\n|-boost|p2a: Mamoswine|spe|1\n|-damage|p2a: Mamoswine|56\/100|[from] item: Rocky Helmet|[of] p1a: Michelin\n|faint|p1a: Michelin\n|\n|upkeep\n|\n|t:|1700120508\n|switch|p1a: Plopper|Pelipper, F|100\/100\n|-weather|RainDance|[from] ability: Drizzle|[of] p1a: Plopper\n|turn|3\n|\n|t:|1700120512\n|move|p2a: Mamoswine|Stone Edge|p1a: Plopper\n|-supereffective|p1a: Plopper\n|-damage|p1a: Plopper|0 fnt\n|faint|p1a: Plopper\n|\n|-weather|RainDance|[upkeep]\n|upkeep\n|\n|t:|1700120522\n|switch|p1a: Glimmer|Espeon, F|100\/100\n|turn|4\n|\n|t:|1700120529\n|move|p2a: Mamoswine|Earthquake|p1a: Glimmer\n|-damage|p1a: Glimmer|0 fnt\n|faint|p1a: Glimmer\n|\n|-weather|RainDance|[upkeep]\n|upkeep\n|\n|t:|1700120533\n|switch|p1a: Crimsonite|Scizor, M|100\/100\n|turn|5\n|\n|t:|1700120538\n|move|p2a: Mamoswine|Earthquake|p1a: Crimsonite\n|-damage|p1a: Crimsonite|0 fnt\n|faint|p1a: Crimsonite\n|\n|-weather|RainDance|[upkeep]\n|upkeep\n|\n|t:|1700120543\n|switch|p1a: Boomanda|Salamence, F, shiny|100\/100\n|-ability|p1a: Boomanda|Intimidate|boost\n|-unboost|p2a: Mamoswine|atk|1\n|turn|6\n|\n|t:|1700120547\n|switch|p1a: Jetsly|Floatzel, M|100\/100\n|move|p2a: Mamoswine|Icicle Crash|p1a: Jetsly\n|-resisted|p1a: Jetsly\n|-damage|p1a: Jetsly|42\/100\n|\n|-weather|RainDance|[upkeep]\n|upkeep\n|turn|7\n|\n|t:|1700120556\n|move|p1a: Jetsly|Ice Spinner|p2a: Mamoswine\n|-supereffective|p2a: Mamoswine\n|-damage|p2a: Mamoswine|13\/100\n|move|p2a: Mamoswine|Trailblaze|p1a: Jetsly\n|-supereffective|p1a: Jetsly\n|-damage|p1a: Jetsly|0 fnt\n|-boost|p2a: Mamoswine|spe|1\n|faint|p1a: Jetsly\n|\n|-weather|RainDance|[upkeep]\n|upkeep\n|\n|t:|1700120564\n|switch|p1a: Boomanda|Salamence, F, shiny|100\/100\n|-ability|p1a: Boomanda|Intimidate|boost\n|-unboost|p2a: Mamoswine|atk|1\n|turn|8\n|\n|t:|1700120570\n|move|p2a: Mamoswine|Icicle Crash|p1a: Boomanda\n|-supereffective|p1a: Boomanda\n|-damage|p1a: Boomanda|0 fnt\n|faint|p1a: Boomanda\n|\n|win|ShinyStardust\n|raw|bagsfd's rating: 1050 &rarr; <strong>1030<\/strong><br \/>(-20 for losing)\n|raw|ShinyStardust's rating: 1000 &rarr; <strong>1046<\/strong><br \/>(+46 for winning)\n","uploadtime":1700120574,"views":12,"p1id":"bagsfd","p2id":"shinystardust","formatid":"gen9ou","rating":1030,"private":0,"password":""}