{"id":"gen9ou-1994863832","p1":"yoichii","p2":"Kaz2109","format":"[Gen 9] OU","log":"|j|\u2606yoichii\n|j|\u2606Kaz2109\n|t:|1700499732\n|gametype|singles\n|player|p1|yoichii|n|1309\n|player|p2|Kaz2109|policeman-gen4|1333\n|teamsize|p1|6\n|teamsize|p2|6\n|gen|9\n|tier|[Gen 9] OU\n|rated|\n|rule|Sleep Clause Mod: Limit one foe put to sleep\n|rule|Species Clause: Limit one of each Pok\u00e9mon\n|rule|OHKO Clause: OHKO moves are banned\n|rule|Evasion Items Clause: Evasion items are banned\n|rule|Evasion Moves Clause: Evasion moves are banned\n|rule|Endless Battle Clause: Forcing endless battles is banned\n|rule|HP Percentage Mod: HP is shown in percentages\n|clearpoke\n|poke|p1|Ceruledge, F|\n|poke|p1|Slowking-Galar, M|\n|poke|p1|Ting-Lu|\n|poke|p1|Gholdengo|\n|poke|p1|Thundurus-Therian, M|\n|poke|p1|Decidueye-Hisui, F|\n|poke|p2|Arboliva, F|\n|poke|p2|Azumarill, F|\n|poke|p2|Cinderace, F|\n|poke|p2|Iron Valiant|\n|poke|p2|Blissey, F|\n|poke|p2|Great Tusk|\n|teampreview\n|inactive|Battle timer is ON: inactive players will automatically lose when time's up. (requested by yoichii)\n|\n|t:|1700499761\n|start\n|switch|p1a: Ting-Lu|Ting-Lu|100\/100\n|switch|p2a: Cinderace|Cinderace, F|100\/100\n|-ability|p1a: Ting-Lu|Vessel of Ruin\n|turn|1\n|\n|t:|1700499784\n|move|p2a: Cinderace|U-turn|p1a: Ting-Lu\n|-start|p2a: Cinderace|typechange|Bug|[from] ability: Libero\n|-supereffective|p1a: Ting-Lu\n|-damage|p1a: Ting-Lu|64\/100\n|\n|t:|1700499789\n|switch|p2a: Arboliva|Arboliva, F|100\/100|[from] U-turn\n|move|p1a: Ting-Lu|Spikes|p2a: Arboliva\n|-sidestart|p2: Kaz2109|Spikes\n|\n|-heal|p1a: Ting-Lu|71\/100|[from] item: Leftovers\n|upkeep\n|turn|2\n|\n|t:|1700499796\n|move|p1a: Ting-Lu|Protect|p1a: Ting-Lu\n|-singleturn|p1a: Ting-Lu|Protect\n|move|p2a: Arboliva|Leech Seed|p1a: Ting-Lu\n|-activate|p1a: Ting-Lu|move: Protect\n|\n|-heal|p1a: Ting-Lu|77\/100|[from] item: Leftovers\n|upkeep\n|turn|3\n|\n|t:|1700499805\n|switch|p1a: Decidueye|Decidueye-Hisui, F, shiny|100\/100\n|move|p2a: Arboliva|Leech Seed|p1a: Decidueye\n|-immune|p1a: Decidueye\n|\n|upkeep\n|turn|4\n|\n|t:|1700499815\n|switch|p2a: Iron Valiant|Iron Valiant|100\/100\n|-damage|p2a: Iron Valiant|88\/100|[from] Spikes\n|-enditem|p2a: Iron Valiant|Booster Energy\n|-activate|p2a: Iron Valiant|ability: Quark Drive|[fromitem]\n|-start|p2a: Iron Valiant|quarkdrivespe\n|move|p1a: Decidueye|U-turn|p2a: Iron Valiant\n|-resisted|p2a: Iron Valiant\n|-damage|p2a: Iron Valiant|80\/100\n|\n|t:|1700499829\n|switch|p1a: Slowking|Slowking-Galar, M|100\/100|[from] U-turn\n|\n|upkeep\n|turn|5\n|\n|t:|1700499836\n|-terastallize|p2a: Iron Valiant|Electric\n|move|p2a: Iron Valiant|Calm Mind|p2a: Iron Valiant\n|-boost|p2a: Iron Valiant|spa|1\n|-boost|p2a: Iron Valiant|spd|1\n|move|p1a: Slowking|Chilly Reception|p1a: Slowking\n|-weather|Snow\n|\n|t:|1700499857\n|switch|p1a: Gholdengo|Gholdengo, shiny|100\/100|[from] Chilly Reception\n|\n|-weather|Snow|[upkeep]\n|upkeep\n|turn|6\n|\n|t:|1700499871\n|move|p2a: Iron Valiant|Thunderbolt|p1a: Gholdengo\n|-damage|p1a: Gholdengo|25\/100\n|move|p1a: Gholdengo|Make It Rain|p2a: Iron Valiant\n|-resisted|p2a: Iron Valiant\n|-damage|p2a: Iron Valiant|40\/100\n|-unboost|p1a: Gholdengo|spa|1\n|\n|-weather|Snow|[upkeep]\n|upkeep\n|turn|7\n|\n|t:|1700499901\n|move|p2a: Iron Valiant|Thunderbolt|p1a: Gholdengo\n|-damage|p1a: Gholdengo|0 fnt\n|faint|p1a: Gholdengo\n|\n|-weather|Snow|[upkeep]\n|upkeep\n|\n|t:|1700499904\n|switch|p1a: Ceruledge|Ceruledge, F, shiny|100\/100\n|turn|8\n|\n|t:|1700499910\n|move|p2a: Iron Valiant|Thunderbolt|p1a: Ceruledge\n|-damage|p1a: Ceruledge|32\/100\n|move|p1a: Ceruledge|Swords Dance|p1a: Ceruledge\n|-boost|p1a: Ceruledge|atk|2\n|\n|-weather|Snow|[upkeep]\n|upkeep\n|turn|9\n|\n|t:|1700499918\n|move|p1a: Ceruledge|Shadow Sneak|p2a: Iron Valiant\n|-damage|p2a: Iron Valiant|0 fnt\n|faint|p2a: Iron Valiant\n|-end|p2a: Iron Valiant|Quark Drive|[silent]\n|\n|-weather|none\n|upkeep\n|\n|t:|1700499922\n|switch|p2a: Azumarill|Azumarill, F|100\/100\n|-damage|p2a: Azumarill|88\/100|[from] Spikes\n|turn|10\n|\n|t:|1700499928\n|move|p2a: Azumarill|Aqua Jet|p1a: Ceruledge\n|-supereffective|p1a: Ceruledge\n|-damage|p1a: Ceruledge|0 fnt\n|faint|p1a: Ceruledge\n|\n|upkeep\n|\n|t:|1700499931\n|switch|p1a: Decidueye|Decidueye-Hisui, F, shiny|100\/100\n|turn|11\n|\n|t:|1700499940\n|switch|p2a: Cinderace|Cinderace, F|100\/100\n|-damage|p2a: Cinderace|88\/100|[from] Spikes\n|move|p1a: Decidueye|U-turn|p2a: Cinderace\n|-resisted|p2a: Cinderace\n|-damage|p2a: Cinderace|69\/100\n|\n|t:|1700499947\n|switch|p1a: Slowking|Slowking-Galar, M|100\/100|[from] U-turn\n|\n|upkeep\n|turn|12\n|\n|t:|1700499954\n|switch|p2a: Great Tusk|Great Tusk|100\/100\n|-damage|p2a: Great Tusk|88\/100|[from] Spikes\n|move|p1a: Slowking|Future Sight|p2a: Great Tusk\n|-start|p1a: Slowking|move: Future Sight\n|\n|-heal|p2a: Great Tusk|94\/100|[from] item: Leftovers\n|upkeep\n|turn|13\n|\n|t:|1700499961\n|switch|p1a: Ting-Lu|Ting-Lu|77\/100\n|-ability|p1a: Ting-Lu|Vessel of Ruin\n|move|p2a: Great Tusk|Rapid Spin|p1a: Ting-Lu\n|-damage|p1a: Ting-Lu|70\/100\n|-boost|p2a: Great Tusk|spe|1\n|-sideend|p2: Kaz2109|Spikes|[from] move: Rapid Spin|[of] p2a: Great Tusk\n|\n|-heal|p2a: Great Tusk|100\/100|[from] item: Leftovers\n|-heal|p1a: Ting-Lu|76\/100|[from] item: Leftovers\n|upkeep\n|turn|14\n|\n|t:|1700499972\n|-end|p2a: Great Tusk|Protosynthesis|[silent]\n|switch|p2a: Arboliva|Arboliva, F|100\/100\n|move|p1a: Ting-Lu|Protect||[still]\n|-fail|p1a: Ting-Lu\n|\n|-end|p2a: Arboliva|move: Future Sight\n|-damage|p2a: Arboliva|68\/100\n|-heal|p1a: Ting-Lu|82\/100|[from] item: Leftovers\n|upkeep\n|turn|15\n|\n|t:|1700499982\n|move|p1a: Ting-Lu|Taunt|p2a: Arboliva\n|-start|p2a: Arboliva|move: Taunt\n|cant|p2a: Arboliva|move: Taunt|Leech Seed\n|\n|-heal|p1a: Ting-Lu|88\/100|[from] item: Leftovers\n|upkeep\n|turn|16\n|\n|t:|1700499985\n|move|p1a: Ting-Lu|Spikes|p2a: Arboliva\n|-sidestart|p2: Kaz2109|Spikes\n|move|p2a: Arboliva|Giga Drain|p1a: Ting-Lu\n|-supereffective|p1a: Ting-Lu\n|-damage|p1a: Ting-Lu|60\/100\n|-heal|p2a: Arboliva|89\/100|[from] drain|[of] p1a: Ting-Lu\n|\n|-heal|p1a: Ting-Lu|66\/100|[from] item: Leftovers\n|upkeep\n|turn|17\n|\n|t:|1700499989\n|switch|p1a: Slowking|Slowking-Galar, M|100\/100\n|move|p2a: Arboliva|Giga Drain|p1a: Slowking\n|-resisted|p1a: Slowking\n|-damage|p1a: Slowking|92\/100\n|-heal|p2a: Arboliva|94\/100|[from] drain|[of] p1a: Slowking\n|\n|-heal|p1a: Slowking|98\/100|[from] item: Black Sludge\n|-end|p2a: Arboliva|move: Taunt\n|upkeep\n|turn|18\n|\n|t:|1700499993\n|move|p2a: Arboliva|Leech Seed|p1a: Slowking\n|-start|p1a: Slowking|move: Leech Seed\n|move|p1a: Slowking|Future Sight|p2a: Arboliva\n|-start|p1a: Slowking|move: Future Sight\n|\n|-heal|p1a: Slowking|100\/100|[from] item: Black Sludge\n|-damage|p1a: Slowking|88\/100|[from] Leech Seed|[of] p2a: Arboliva\n|-heal|p2a: Arboliva|100\/100|[silent]\n|upkeep\n|turn|19\n|\n|t:|1700500000\n|move|p2a: Arboliva|Earth Power|p1a: Slowking\n|-supereffective|p1a: Slowking\n|-damage|p1a: Slowking|56\/100\n|move|p1a: Slowking|Sludge Bomb|p2a: Arboliva\n|-supereffective|p2a: Arboliva\n|-damage|p2a: Arboliva|46\/100\n|-enditem|p2a: Arboliva|Sitrus Berry|[eat]\n|-heal|p2a: Arboliva|71\/100|[from] item: Sitrus Berry\n|\n|-heal|p1a: Slowking|63\/100|[from] item: Black Sludge\n|-damage|p1a: Slowking|50\/100|[from] Leech Seed|[of] p2a: Arboliva\n|-heal|p2a: Arboliva|85\/100|[silent]\n|-item|p2a: Arboliva|Sitrus Berry|[from] ability: Harvest\n|upkeep\n|turn|20\n|\n|t:|1700500012\n|switch|p1a: Thundurus|Thundurus-Therian, M, shiny|100\/100\n|move|p2a: Arboliva|Earth Power|p1a: Thundurus\n|-immune|p1a: Thundurus\n|\n|-end|p2a: Arboliva|move: Future Sight\n|-damage|p2a: Arboliva|45\/100\n|-enditem|p2a: Arboliva|Sitrus Berry|[eat]\n|-heal|p2a: Arboliva|70\/100|[from] item: Sitrus Berry\n|upkeep\n|turn|21\n|\n|t:|1700500019\n|move|p1a: Thundurus|Volt Switch|p2a: Arboliva\n|-resisted|p2a: Arboliva\n|-damage|p2a: Arboliva|46\/100\n|\n|t:|1700500025\n|switch|p1a: Slowking|Slowking-Galar, M|83\/100|[from] Volt Switch\n|move|p2a: Arboliva|Leech Seed|p1a: Slowking\n|-start|p1a: Slowking|move: Leech Seed\n|\n|-heal|p1a: Slowking|90\/100|[from] item: Black Sludge\n|-damage|p1a: Slowking|77\/100|[from] Leech Seed|[of] p2a: Arboliva\n|-heal|p2a: Arboliva|60\/100|[silent]\n|-item|p2a: Arboliva|Sitrus Berry|[from] ability: Harvest\n|upkeep\n|turn|22\n|\n|t:|1700500038\n|move|p2a: Arboliva|Protect|p2a: Arboliva\n|-singleturn|p2a: Arboliva|Protect\n|move|p1a: Slowking|Sludge Bomb|p2a: Arboliva\n|-activate|p2a: Arboliva|move: Protect\n|\n|-heal|p1a: Slowking|83\/100|[from] item: Black Sludge\n|-damage|p1a: Slowking|71\/100|[from] Leech Seed|[of] p2a: Arboliva\n|-heal|p2a: Arboliva|74\/100|[silent]\n|upkeep\n|turn|23\n|\n|t:|1700500042\n|move|p2a: Arboliva|Earth Power|p1a: Slowking\n|-supereffective|p1a: Slowking\n|-damage|p1a: Slowking|42\/100\n|move|p1a: Slowking|Future Sight|p2a: Arboliva\n|-start|p1a: Slowking|move: Future Sight\n|\n|-heal|p1a: Slowking|48\/100|[from] item: Black Sludge\n|-damage|p1a: Slowking|35\/100|[from] Leech Seed|[of] p2a: Arboliva\n|-heal|p2a: Arboliva|87\/100|[silent]\n|upkeep\n|turn|24\n|\n|t:|1700500054\n|switch|p1a: Thundurus|Thundurus-Therian, M, shiny|100\/100\n|move|p2a: Arboliva|Giga Drain|p1a: Thundurus\n|-resisted|p1a: Thundurus\n|-damage|p1a: Thundurus|79\/100\n|-heal|p2a: Arboliva|96\/100|[from] drain|[of] p1a: Thundurus\n|\n|upkeep\n|turn|25\n|\n|t:|1700500063\n|switch|p1a: Decidueye|Decidueye-Hisui, F, shiny|100\/100\n|switch|p2a: Blissey|Blissey, F|100\/100\n|\n|-end|p2a: Blissey|move: Future Sight\n|-damage|p2a: Blissey|86\/100\n|upkeep\n|turn|26\n|\n|t:|1700500072\n|move|p1a: Decidueye|Triple Arrows|p2a: Blissey\n|-supereffective|p2a: Blissey\n|-damage|p2a: Blissey|0 fnt\n|faint|p2a: Blissey\n|\n|upkeep\n|\n|t:|1700500076\n|switch|p2a: Cinderace|Cinderace, F|69\/100\n|-damage|p2a: Cinderace|57\/100|[from] Spikes\n|turn|27\n|\n|t:|1700500083\n|switch|p1a: Ting-Lu|Ting-Lu|66\/100\n|-ability|p1a: Ting-Lu|Vessel of Ruin\n|move|p2a: Cinderace|Pyro Ball|p1a: Ting-Lu\n|-damage|p1a: Ting-Lu|37\/100\n|\n|-heal|p1a: Ting-Lu|44\/100|[from] item: Leftovers\n|upkeep\n|turn|28\n|\n|t:|1700500092\n|switch|p2a: Azumarill|Azumarill, F|88\/100\n|-damage|p2a: Azumarill|76\/100|[from] Spikes\n|move|p1a: Ting-Lu|Protect||[still]\n|-fail|p1a: Ting-Lu\n|\n|-heal|p1a: Ting-Lu|50\/100|[from] item: Leftovers\n|upkeep\n|turn|29\n|\n|t:|1700500101\n|move|p1a: Ting-Lu|Protect|p1a: Ting-Lu\n|-singleturn|p1a: Ting-Lu|Protect\n|move|p2a: Azumarill|Play Rough|p1a: Ting-Lu\n|-activate|p1a: Ting-Lu|move: Protect\n|\n|-heal|p1a: Ting-Lu|56\/100|[from] item: Leftovers\n|upkeep\n|turn|30\n|\n|t:|1700500105\n|switch|p1a: Slowking|Slowking-Galar, M|69\/100\n|move|p2a: Azumarill|Play Rough|p1a: Slowking\n|-resisted|p1a: Slowking\n|-damage|p1a: Slowking|37\/100\n|\n|-heal|p1a: Slowking|43\/100|[from] item: Black Sludge\n|upkeep\n|turn|31\n|\n|t:|1700500111\n|move|p2a: Azumarill|Knock Off|p1a: Slowking\n|-supereffective|p1a: Slowking\n|-damage|p1a: Slowking|0 fnt\n|-enditem|p1a: Slowking|Black Sludge|[from] move: Knock Off|[of] p2a: Azumarill\n|faint|p1a: Slowking\n|\n|upkeep\n|\n|t:|1700500115\n|switch|p1a: Decidueye|Decidueye-Hisui, F, shiny|100\/100\n|turn|32\n|\n|t:|1700500129\n|switch|p2a: Great Tusk|Great Tusk|100\/100\n|-damage|p2a: Great Tusk|88\/100|[from] Spikes\n|-terastallize|p1a: Decidueye|Grass\n|move|p1a: Decidueye|Leaf Blade|p2a: Great Tusk\n|-supereffective|p2a: Great Tusk\n|-damage|p2a: Great Tusk|8\/100\n|\n|-heal|p2a: Great Tusk|14\/100|[from] item: Leftovers\n|upkeep\n|turn|33\n|\n|t:|1700500138\n|move|p2a: Great Tusk|Ice Spinner|p1a: Decidueye\n|-supereffective|p1a: Decidueye\n|-damage|p1a: Decidueye|54\/100\n|move|p1a: Decidueye|Leaf Blade|p2a: Great Tusk\n|-supereffective|p2a: Great Tusk\n|-damage|p2a: Great Tusk|0 fnt\n|faint|p2a: Great Tusk\n|-end|p2a: Great Tusk|Protosynthesis|[silent]\n|\n|upkeep\n|\n|t:|1700500142\n|switch|p2a: Cinderace|Cinderace, F|57\/100\n|-damage|p2a: Cinderace|45\/100|[from] Spikes\n|turn|34\n|\n|t:|1700500152\n|switch|p1a: Ting-Lu|Ting-Lu|56\/100\n|-ability|p1a: Ting-Lu|Vessel of Ruin\n|move|p2a: Cinderace|Pyro Ball|p1a: Ting-Lu\n|-crit|p1a: Ting-Lu\n|-damage|p1a: Ting-Lu|15\/100\n|\n|-heal|p1a: Ting-Lu|21\/100|[from] item: Leftovers\n|upkeep\n|turn|35\n|\n|t:|1700500161\n|move|p2a: Cinderace|Pyro Ball|p1a: Ting-Lu\n|-damage|p1a: Ting-Lu|0 fnt\n|faint|p1a: Ting-Lu\n|\n|upkeep\n|\n|t:|1700500165\n|switch|p1a: Thundurus|Thundurus-Therian, M, shiny|79\/100\n|turn|36\n|\n|t:|1700500168\n|move|p2a: Cinderace|Pyro Ball|p1a: Thundurus\n|-damage|p1a: Thundurus|0 fnt\n|faint|p1a: Thundurus\n|\n|upkeep\n|\n|t:|1700500170\n|switch|p1a: Decidueye|Decidueye-Hisui, F, shiny, tera:Grass|54\/100\n|turn|37\n|-message|yoichii forfeited.\n|\n|win|Kaz2109\n|raw|yoichii's rating: 1309 &rarr; <strong>1290<\/strong><br \/>(-19 for losing)\n|raw|Kaz2109's rating: 1333 &rarr; <strong>1352<\/strong><br \/>(+19 for winning)\n|l|\u2606yoichii\n","uploadtime":1700500180,"views":5,"p1id":"yoichii","p2id":"kaz2109","formatid":"gen9ou","rating":1290,"private":0,"password":""}