{"id":"gen9ou-2000430110","p1":"SkyPrincess420","p2":"Garganacllover","format":"[Gen 9] OU","log":"|j|\u2606SkyPrincess420\n|j|\u2606Garganacllover\n|t:|1701194128\n|gametype|singles\n|player|p1|SkyPrincess420|caitlin|1503\n|player|p2|Garganacllover|swimmer-gen4|1536\n|teamsize|p1|6\n|teamsize|p2|6\n|gen|9\n|tier|[Gen 9] OU\n|rated|\n|rule|Sleep Clause Mod: Limit one foe put to sleep\n|rule|Species Clause: Limit one of each Pok\u00e9mon\n|rule|OHKO Clause: OHKO moves are banned\n|rule|Evasion Items Clause: Evasion items are banned\n|rule|Evasion Moves Clause: Evasion moves are banned\n|rule|Endless Battle Clause: Forcing endless battles is banned\n|rule|HP Percentage Mod: HP is shown in percentages\n|clearpoke\n|poke|p1|Rillaboom, M|\n|poke|p1|Hawlucha, M|\n|poke|p1|Great Tusk|\n|poke|p1|Landorus-Therian, M|\n|poke|p1|Gholdengo|\n|poke|p1|Milotic, M|\n|poke|p2|Bellibolt, F|\n|poke|p2|Garganacl, M|\n|poke|p2|Hatterene, F|\n|poke|p2|Corviknight, F|\n|poke|p2|Slowking-Galar, M|\n|poke|p2|Iron Valiant|\n|teampreview\n|\n|t:|1701194151\n|start\n|switch|p1a: Rillaboom|Rillaboom, M|100\/100\n|switch|p2a: Bellibolt|Bellibolt, F|100\/100\n|-fieldstart|move: Grassy Terrain|[from] ability: Grassy Surge|[of] p1a: Rillaboom\n|turn|1\n|\n|t:|1701194159\n|move|p1a: Rillaboom|U-turn|p2a: Bellibolt\n|-damage|p2a: Bellibolt|78\/100\n|-start|p2a: Bellibolt|Charge|U-turn|[from] ability: Electromorphosis\n|\n|t:|1701194167\n|switch|p1a: Landorus|Landorus-Therian, M|100\/100|[from] U-turn\n|-ability|p1a: Landorus|Intimidate|boost\n|-unboost|p2a: Bellibolt|atk|1\n|move|p2a: Bellibolt|Toxic|p1a: Landorus\n|-status|p1a: Landorus|tox\n|\n|-heal|p2a: Bellibolt|84\/100|[from] Grassy Terrain\n|-heal|p2a: Bellibolt|90\/100|[from] item: Leftovers\n|-damage|p1a: Landorus|94\/100 tox|[from] psn\n|upkeep\n|turn|2\n|\n|t:|1701194173\n|switch|p2a: Corviknight|Corviknight, F|100\/100\n|-ability|p2a: Corviknight|Pressure\n|move|p1a: Landorus|Stealth Rock|p2a: Corviknight\n|-sidestart|p2: Garganacllover|move: Stealth Rock\n|\n|-heal|p1a: Landorus|100\/100 tox|[from] item: Leftovers\n|-damage|p1a: Landorus|88\/100 tox|[from] psn\n|upkeep\n|turn|3\n|\n|t:|1701194181\n|switch|p1a: Gholdengo|Gholdengo|100\/100\n|move|p2a: Corviknight|U-turn|p1a: Gholdengo\n|-resisted|p1a: Gholdengo\n|-damage|p1a: Gholdengo|97\/100\n|\n|t:|1701194185\n|switch|p2a: Garganacl|Garganacl, M|100\/100|[from] U-turn\n|-damage|p2a: Garganacl|88\/100|[from] Stealth Rock\n|\n|-heal|p1a: Gholdengo|100\/100|[from] Grassy Terrain\n|-heal|p2a: Garganacl|94\/100|[from] Grassy Terrain\n|-heal|p2a: Garganacl|100\/100|[from] item: Leftovers\n|upkeep\n|turn|4\n|\n|t:|1701194192\n|-terastallize|p2a: Garganacl|Water\n|move|p1a: Gholdengo|Make It Rain|p2a: Garganacl\n|-resisted|p2a: Garganacl\n|-damage|p2a: Garganacl|76\/100\n|-unboost|p1a: Gholdengo|spa|1\n|move|p2a: Garganacl|Salt Cure|p1a: Gholdengo\n|-resisted|p1a: Gholdengo\n|-damage|p1a: Gholdengo|92\/100\n|-start|p1a: Gholdengo|Salt Cure\n|\n|-heal|p1a: Gholdengo|98\/100|[from] Grassy Terrain\n|-heal|p2a: Garganacl|82\/100|[from] Grassy Terrain\n|-heal|p2a: Garganacl|88\/100|[from] item: Leftovers\n|-damage|p1a: Gholdengo|73\/100|[from] Salt Cure\n|upkeep\n|turn|5\n|\n|t:|1701194199\n|switch|p1a: Rillaboom|Rillaboom, M|100\/100\n|move|p2a: Garganacl|Salt Cure|p1a: Rillaboom\n|-damage|p1a: Rillaboom|84\/100\n|-start|p1a: Rillaboom|Salt Cure\n|\n|-heal|p1a: Rillaboom|90\/100|[from] Grassy Terrain\n|-heal|p2a: Garganacl|95\/100|[from] Grassy Terrain\n|-heal|p2a: Garganacl|100\/100|[from] item: Leftovers\n|-damage|p1a: Rillaboom|78\/100|[from] Salt Cure\n|-fieldend|move: Grassy Terrain\n|upkeep\n|turn|6\n|\n|t:|1701194205\n|switch|p2a: Corviknight|Corviknight, F|100\/100\n|-damage|p2a: Corviknight|88\/100|[from] Stealth Rock\n|-ability|p2a: Corviknight|Pressure\n|move|p1a: Rillaboom|U-turn|p2a: Corviknight\n|-resisted|p2a: Corviknight\n|-damage|p2a: Corviknight|82\/100\n|\n|t:|1701194213\n|switch|p1a: Gholdengo|Gholdengo|73\/100|[from] U-turn\n|\n|-heal|p2a: Corviknight|88\/100|[from] item: Leftovers\n|upkeep\n|turn|7\n|\n|t:|1701194222\n|switch|p2a: Garganacl|Garganacl, M, tera:Water|100\/100\n|-damage|p2a: Garganacl|88\/100|[from] Stealth Rock\n|move|p1a: Gholdengo|Trick|p2a: Garganacl\n|-activate|p1a: Gholdengo|move: Trick|[of] p2a: Garganacl\n|-item|p2a: Garganacl|Choice Scarf|[from] move: Trick\n|-item|p1a: Gholdengo|Leftovers|[from] move: Trick\n|\n|-heal|p1a: Gholdengo|79\/100|[from] item: Leftovers\n|upkeep\n|turn|8\n|\n|t:|1701194239\n|switch|p1a: Landorus|Landorus-Therian, M|88\/100 tox\n|-ability|p1a: Landorus|Intimidate|boost\n|-unboost|p2a: Garganacl|atk|1\n|move|p2a: Garganacl|Salt Cure|p1a: Landorus\n|-damage|p1a: Landorus|81\/100 tox\n|-start|p1a: Landorus|Salt Cure\n|\n|-heal|p1a: Landorus|87\/100 tox|[from] item: Leftovers\n|-damage|p1a: Landorus|81\/100 tox|[from] psn\n|-damage|p1a: Landorus|69\/100 tox|[from] Salt Cure\n|upkeep\n|turn|9\n|j| Lario\n|\n|t:|1701194249\n|switch|p2a: Corviknight|Corviknight, F|88\/100\n|-damage|p2a: Corviknight|76\/100|[from] Stealth Rock\n|-ability|p2a: Corviknight|Pressure\n|move|p1a: Landorus|U-turn|p2a: Corviknight\n|-resisted|p2a: Corviknight\n|-damage|p2a: Corviknight|73\/100\n|\n|t:|1701194256\n|switch|p1a: Gholdengo|Gholdengo|79\/100|[from] U-turn\n|\n|-heal|p1a: Gholdengo|85\/100|[from] item: Leftovers\n|-heal|p2a: Corviknight|79\/100|[from] item: Leftovers\n|upkeep\n|turn|10\n|inactive|Battle timer is ON: inactive players will automatically lose when time's up. (requested by SkyPrincess420)\n|\n|t:|1701194300\n|move|p1a: Gholdengo|Shadow Ball|p2a: Corviknight\n|-damage|p2a: Corviknight|41\/100\n|move|p2a: Corviknight|U-turn|p1a: Gholdengo\n|-resisted|p1a: Gholdengo\n|-damage|p1a: Gholdengo|81\/100\n|l| Lario\n|\n|t:|1701194309\n|switch|p2a: Bellibolt|Bellibolt, F|90\/100|[from] U-turn\n|-damage|p2a: Bellibolt|78\/100|[from] Stealth Rock\n|\n|-heal|p1a: Gholdengo|87\/100|[from] item: Leftovers\n|-heal|p2a: Bellibolt|84\/100|[from] item: Leftovers\n|upkeep\n|turn|11\n|\n|t:|1701194320\n|switch|p1a: Landorus|Landorus-Therian, M|69\/100 tox\n|-ability|p1a: Landorus|Intimidate|boost\n|-unboost|p2a: Bellibolt|atk|1\n|move|p2a: Bellibolt|Toxic|p1a: Landorus\n|-fail|p1a: Landorus|tox\n|\n|-heal|p1a: Landorus|75\/100 tox|[from] item: Leftovers\n|-heal|p2a: Bellibolt|90\/100|[from] item: Leftovers\n|-damage|p1a: Landorus|69\/100 tox|[from] psn\n|upkeep\n|turn|12\n|\n|t:|1701194332\n|move|p1a: Landorus|Smack Down|p2a: Bellibolt\n|-damage|p2a: Bellibolt|81\/100\n|-start|p2a: Bellibolt|Charge|Smack Down|[from] ability: Electromorphosis\n|move|p2a: Bellibolt|Toxic|p1a: Landorus\n|-fail|p1a: Landorus|tox\n|\n|-heal|p1a: Landorus|75\/100 tox|[from] item: Leftovers\n|-heal|p2a: Bellibolt|87\/100|[from] item: Leftovers\n|-damage|p1a: Landorus|63\/100 tox|[from] psn\n|upkeep\n|turn|13\n|\n|t:|1701194338\n|move|p1a: Landorus|U-turn|p2a: Bellibolt\n|-damage|p2a: Bellibolt|74\/100\n|-start|p2a: Bellibolt|Charge|U-turn|[from] ability: Electromorphosis\n|\n|t:|1701194344\n|switch|p1a: Gholdengo|Gholdengo|87\/100|[from] U-turn\n|move|p2a: Bellibolt|Slack Off|p2a: Bellibolt\n|-heal|p2a: Bellibolt|100\/100\n|\n|-heal|p1a: Gholdengo|94\/100|[from] item: Leftovers\n|upkeep\n|turn|14\n|j| Lario\n|\n|t:|1701194362\n|switch|p1a: Great Tusk|Great Tusk|100\/100\n|move|p2a: Bellibolt|Charge Beam|p1a: Great Tusk\n|-immune|p1a: Great Tusk\n|-end|p2a: Bellibolt|Charge|[silent]\n|\n|upkeep\n|turn|15\n|\n|t:|1701194373\n|move|p1a: Great Tusk|Headlong Rush|p2a: Bellibolt\n|-supereffective|p2a: Bellibolt\n|-damage|p2a: Bellibolt|18\/100\n|-unboost|p1a: Great Tusk|def|1\n|-unboost|p1a: Great Tusk|spd|1\n|-start|p2a: Bellibolt|Charge|Headlong Rush|[from] ability: Electromorphosis\n|move|p2a: Bellibolt|Toxic|p1a: Great Tusk\n|-status|p1a: Great Tusk|tox\n|\n|-heal|p2a: Bellibolt|24\/100|[from] item: Leftovers\n|-damage|p1a: Great Tusk|94\/100 tox|[from] psn\n|upkeep\n|turn|16\n|j| Scope123\n|l| Lario\n|\n|t:|1701194382\n|switch|p2a: Garganacl|Garganacl, M, tera:Water|88\/100\n|-damage|p2a: Garganacl|76\/100|[from] Stealth Rock\n|move|p1a: Great Tusk|Knock Off|p2a: Garganacl\n|-damage|p2a: Garganacl|59\/100\n|-enditem|p2a: Garganacl|Choice Scarf|[from] move: Knock Off|[of] p1a: Great Tusk\n|\n|-heal|p1a: Great Tusk|100\/100 tox|[from] item: Leftovers\n|-damage|p1a: Great Tusk|88\/100 tox|[from] psn\n|upkeep\n|turn|17\n|\n|t:|1701194390\n|move|p1a: Great Tusk|Close Combat|p2a: Garganacl\n|-damage|p2a: Garganacl|23\/100\n|-unboost|p1a: Great Tusk|def|1\n|-unboost|p1a: Great Tusk|spd|1\n|move|p2a: Garganacl|Recover|p2a: Garganacl\n|-heal|p2a: Garganacl|73\/100\n|\n|-heal|p1a: Great Tusk|94\/100 tox|[from] item: Leftovers\n|-damage|p1a: Great Tusk|76\/100 tox|[from] psn\n|upkeep\n|turn|18\n|\n|t:|1701194397\n|-end|p1a: Great Tusk|Protosynthesis|[silent]\n|switch|p1a: Rillaboom|Rillaboom, M|78\/100\n|-fieldstart|move: Grassy Terrain|[from] ability: Grassy Surge|[of] p1a: Rillaboom\n|move|p2a: Garganacl|Recover|p2a: Garganacl\n|-heal|p2a: Garganacl|100\/100\n|\n|-heal|p1a: Rillaboom|84\/100|[from] Grassy Terrain\n|upkeep\n|turn|19\n|\n|t:|1701194409\n|switch|p2a: Corviknight|Corviknight, F|41\/100\n|-damage|p2a: Corviknight|28\/100|[from] Stealth Rock\n|-ability|p2a: Corviknight|Pressure\n|move|p1a: Rillaboom|Wood Hammer|p2a: Corviknight\n|-resisted|p2a: Corviknight\n|-damage|p2a: Corviknight|10\/100\n|-damage|p1a: Rillaboom|77\/100|[from] Recoil\n|\n|-heal|p1a: Rillaboom|83\/100|[from] Grassy Terrain\n|-heal|p2a: Corviknight|16\/100|[from] item: Leftovers\n|upkeep\n|turn|20\n|\n|t:|1701194412\n|move|p1a: Rillaboom|Wood Hammer|p2a: Corviknight\n|-resisted|p2a: Corviknight\n|-damage|p2a: Corviknight|0 fnt\n|faint|p2a: Corviknight\n|-damage|p1a: Rillaboom|77\/100|[from] Recoil\n|\n|-heal|p1a: Rillaboom|83\/100|[from] Grassy Terrain\n|upkeep\n|\n|t:|1701194420\n|switch|p2a: Slowking|Slowking-Galar, M|100\/100\n|turn|21\n|\n|t:|1701194429\n|switch|p1a: Gholdengo|Gholdengo|94\/100\n|move|p2a: Slowking|Future Sight|p1a: Gholdengo\n|-start|p2a: Slowking|move: Future Sight\n|\n|-heal|p1a: Gholdengo|99\/100|[from] Grassy Terrain\n|-heal|p1a: Gholdengo|100\/100|[from] item: Leftovers\n|upkeep\n|turn|22\n|\n|t:|1701194446\n|switch|p1a: Milotic|Milotic, M|100\/100\n|move|p2a: Slowking|Chilly Reception|p2a: Slowking\n|-weather|Snow\n|j| Ruinous Tusk\n|\n|t:|1701194456\n|switch|p2a: Garganacl|Garganacl, M, tera:Water|100\/100|[from] Chilly Reception\n|-damage|p2a: Garganacl|88\/100|[from] Stealth Rock\n|\n|-weather|Snow|[upkeep]\n|-heal|p2a: Garganacl|94\/100|[from] Grassy Terrain\n|-fieldend|move: Grassy Terrain\n|upkeep\n|turn|23\n|\n|t:|1701194465\n|-terastallize|p1a: Milotic|Dragon\n|move|p1a: Milotic|Ice Beam|p2a: Garganacl\n|-resisted|p2a: Garganacl\n|-damage|p2a: Garganacl|86\/100\n|move|p2a: Garganacl|Salt Cure|p1a: Milotic\n|-damage|p1a: Milotic|85\/100\n|-start|p1a: Milotic|Salt Cure\n|\n|-weather|Snow|[upkeep]\n|-end|p1a: Milotic|move: Future Sight\n|-damage|p1a: Milotic|62\/100\n|-heal|p1a: Milotic|68\/100|[from] item: Leftovers\n|-damage|p1a: Milotic|56\/100|[from] Salt Cure\n|upkeep\n|turn|24\n|\n|t:|1701194475\n|move|p1a: Milotic|Flip Turn|p2a: Garganacl\n|-resisted|p2a: Garganacl\n|-damage|p2a: Garganacl|82\/100\n|\n|t:|1701194487\n|switch|p1a: Rillaboom|Rillaboom, M|83\/100|[from] Flip Turn\n|-fieldstart|move: Grassy Terrain|[from] ability: Grassy Surge|[of] p1a: Rillaboom\n|move|p2a: Garganacl|Salt Cure|p1a: Rillaboom\n|-damage|p1a: Rillaboom|68\/100\n|-start|p1a: Rillaboom|Salt Cure\n|\n|-weather|Snow|[upkeep]\n|-heal|p1a: Rillaboom|74\/100|[from] Grassy Terrain\n|-heal|p2a: Garganacl|88\/100|[from] Grassy Terrain\n|-damage|p1a: Rillaboom|62\/100|[from] Salt Cure\n|upkeep\n|turn|25\n|\n|t:|1701194495\n|switch|p2a: Bellibolt|Bellibolt, F|24\/100\n|-damage|p2a: Bellibolt|12\/100|[from] Stealth Rock\n|move|p1a: Rillaboom|Knock Off|p2a: Bellibolt\n|-damage|p2a: Bellibolt|0 fnt\n|-enditem|p2a: Bellibolt|Leftovers|[from] move: Knock Off|[of] p1a: Rillaboom\n|faint|p2a: Bellibolt\n|\n|-weather|Snow|[upkeep]\n|-heal|p1a: Rillaboom|68\/100|[from] Grassy Terrain\n|-damage|p1a: Rillaboom|56\/100|[from] Salt Cure\n|upkeep\n|\n|t:|1701194496\n|switch|p2a: Garganacl|Garganacl, M, tera:Water|88\/100\n|-damage|p2a: Garganacl|76\/100|[from] Stealth Rock\n|turn|26\n|\n|t:|1701194501\n|switch|p1a: Milotic|Milotic, M, tera:Dragon|56\/100\n|switch|p2a: Slowking|Slowking-Galar, M|100\/100\n|\n|-weather|none\n|-heal|p1a: Milotic|62\/100|[from] Grassy Terrain\n|-heal|p1a: Milotic|68\/100|[from] item: Leftovers\n|upkeep\n|turn|27\n|\n|t:|1701194509\n|move|p1a: Milotic|Flip Turn|p2a: Slowking\n|-damage|p2a: Slowking|87\/100\n|\n|t:|1701194520\n|switch|p1a: Landorus|Landorus-Therian, M|63\/100 tox|[from] Flip Turn\n|-ability|p1a: Landorus|Intimidate|boost\n|-unboost|p2a: Slowking|atk|1\n|move|p2a: Slowking|Chilly Reception|p2a: Slowking\n|-weather|Snow\n|\n|t:|1701194532\n|switch|p2a: Garganacl|Garganacl, M, tera:Water|76\/100|[from] Chilly Reception\n|-damage|p2a: Garganacl|63\/100|[from] Stealth Rock\n|\n|-weather|Snow|[upkeep]\n|-heal|p1a: Landorus|69\/100 tox|[from] item: Leftovers\n|-heal|p2a: Garganacl|70\/100|[from] Grassy Terrain\n|-damage|p1a: Landorus|63\/100 tox|[from] psn\n|upkeep\n|turn|28\n|\n|t:|1701194537\n|move|p1a: Landorus|Sandsear Storm|p2a: Garganacl\n|-damage|p2a: Garganacl|40\/100\n|move|p2a: Garganacl|Salt Cure|p1a: Landorus\n|-damage|p1a: Landorus|52\/100 tox\n|-start|p1a: Landorus|Salt Cure\n|\n|-weather|Snow|[upkeep]\n|-heal|p1a: Landorus|58\/100 tox|[from] item: Leftovers\n|-heal|p2a: Garganacl|46\/100|[from] Grassy Terrain\n|-damage|p1a: Landorus|46\/100 tox|[from] psn\n|-damage|p1a: Landorus|34\/100 tox|[from] Salt Cure\n|-fieldend|move: Grassy Terrain\n|upkeep\n|turn|29\n|\n|t:|1701194542\n|move|p1a: Landorus|U-turn|p2a: Garganacl\n|-damage|p2a: Garganacl|35\/100\n|\n|t:|1701194546\n|switch|p1a: Rillaboom|Rillaboom, M|56\/100|[from] U-turn\n|-fieldstart|move: Grassy Terrain|[from] ability: Grassy Surge|[of] p1a: Rillaboom\n|move|p2a: Garganacl|Recover|p2a: Garganacl\n|-heal|p2a: Garganacl|85\/100\n|\n|-weather|Snow|[upkeep]\n|-heal|p1a: Rillaboom|62\/100|[from] Grassy Terrain\n|-heal|p2a: Garganacl|92\/100|[from] Grassy Terrain\n|upkeep\n|turn|30\n|\n|t:|1701194552\n|switch|p2a: Slowking|Slowking-Galar, M|100\/100\n|move|p1a: Rillaboom|Grassy Glide|p2a: Slowking\n|-resisted|p2a: Slowking\n|-damage|p2a: Slowking|72\/100\n|\n|-weather|Snow|[upkeep]\n|-heal|p1a: Rillaboom|68\/100|[from] Grassy Terrain\n|-heal|p2a: Slowking|78\/100|[from] Grassy Terrain\n|upkeep\n|turn|31\n|\n|t:|1701194564\n|switch|p1a: Milotic|Milotic, M, tera:Dragon|68\/100\n|move|p2a: Slowking|Chilly Reception|p2a: Slowking\n|\n|t:|1701194567\n|switch|p2a: Garganacl|Garganacl, M, tera:Water|92\/100|[from] Chilly Reception\n|-damage|p2a: Garganacl|79\/100|[from] Stealth Rock\n|\n|-weather|none\n|-heal|p1a: Milotic|74\/100|[from] Grassy Terrain\n|-heal|p1a: Milotic|80\/100|[from] item: Leftovers\n|-heal|p2a: Garganacl|85\/100|[from] Grassy Terrain\n|upkeep\n|turn|32\n|\n|t:|1701194573\n|move|p1a: Milotic|Ice Beam|p2a: Garganacl\n|-resisted|p2a: Garganacl\n|-damage|p2a: Garganacl|77\/100\n|move|p2a: Garganacl|Curse|p2a: Garganacl\n|-unboost|p2a: Garganacl|spe|1\n|-boost|p2a: Garganacl|atk|1\n|-boost|p2a: Garganacl|def|1\n|\n|-heal|p1a: Milotic|86\/100|[from] Grassy Terrain\n|-heal|p1a: Milotic|92\/100|[from] item: Leftovers\n|-heal|p2a: Garganacl|83\/100|[from] Grassy Terrain\n|upkeep\n|turn|33\n|\n|t:|1701194584\n|move|p1a: Milotic|Flip Turn|p2a: Garganacl\n|-resisted|p2a: Garganacl\n|-damage|p2a: Garganacl|80\/100\n|\n|t:|1701194590\n|switch|p1a: Rillaboom|Rillaboom, M|68\/100|[from] Flip Turn\n|move|p2a: Garganacl|Curse|p2a: Garganacl\n|-unboost|p2a: Garganacl|spe|1\n|-boost|p2a: Garganacl|atk|1\n|-boost|p2a: Garganacl|def|1\n|\n|-heal|p1a: Rillaboom|74\/100|[from] Grassy Terrain\n|-heal|p2a: Garganacl|86\/100|[from] Grassy Terrain\n|-fieldend|move: Grassy Terrain\n|upkeep\n|turn|34\n|\n|t:|1701194598\n|move|p1a: Rillaboom|Wood Hammer|p2a: Garganacl\n|-supereffective|p2a: Garganacl\n|-damage|p2a: Garganacl|34\/100\n|-damage|p1a: Rillaboom|54\/100|[from] Recoil\n|move|p2a: Garganacl|Salt Cure|p1a: Rillaboom\n|-damage|p1a: Rillaboom|23\/100\n|-start|p1a: Rillaboom|Salt Cure\n|\n|-damage|p1a: Rillaboom|11\/100|[from] Salt Cure\n|upkeep\n|turn|35\n|\n|t:|1701194607\n|switch|p2a: Hatterene|Hatterene, F|100\/100\n|-damage|p2a: Hatterene|88\/100|[from] Stealth Rock\n|move|p1a: Rillaboom|Wood Hammer|p2a: Hatterene\n|-damage|p2a: Hatterene|9\/100\n|-damage|p1a: Rillaboom|0 fnt|[from] Recoil\n|faint|p1a: Rillaboom\n|\n|-heal|p2a: Hatterene|15\/100|[from] item: Leftovers\n|upkeep\n|\n|t:|1701194611\n|switch|p1a: Hawlucha|Hawlucha, M|100\/100\n|turn|36\n|\n|t:|1701194616\n|move|p1a: Hawlucha|Acrobatics|p2a: Hatterene\n|-damage|p2a: Hatterene|0 fnt\n|faint|p2a: Hatterene\n|\n|upkeep\n|\n|t:|1701194622\n|switch|p2a: Slowking|Slowking-Galar, M|100\/100\n|turn|37\n|l| Scope123\n|\n|t:|1701194636\n|move|p1a: Hawlucha|Swords Dance|p1a: Hawlucha\n|-boost|p1a: Hawlucha|atk|2\n|move|p2a: Slowking|Future Sight|p1a: Hawlucha\n|-start|p2a: Slowking|move: Future Sight\n|\n|upkeep\n|turn|38\n|\n|t:|1701194646\n|move|p1a: Hawlucha|Acrobatics|p2a: Slowking\n|-crit|p2a: Slowking\n|-damage|p2a: Slowking|20\/100\n|move|p2a: Slowking|Thunder Wave|p1a: Hawlucha\n|-status|p1a: Hawlucha|par\n|\n|upkeep\n|turn|39\n|\n|t:|1701194660\n|move|p1a: Hawlucha|Acrobatics|p2a: Slowking\n|-damage|p2a: Slowking|0 fnt\n|faint|p2a: Slowking\n|\n|-end|p1a: Hawlucha|move: Future Sight\n|-supereffective|p1a: Hawlucha\n|-damage|p1a: Hawlucha|0 fnt\n|faint|p1a: Hawlucha\n|upkeep\n|\n|t:|1701194668\n|switch|p1a: Landorus|Landorus-Therian, M|34\/100 tox\n|switch|p2a: Garganacl|Garganacl, M, tera:Water|34\/100\n|-ability|p1a: Landorus|Intimidate|boost\n|-unboost|p2a: Garganacl|atk|1\n|-damage|p2a: Garganacl|22\/100|[from] Stealth Rock\n|turn|40\n|\n|t:|1701194672\n|move|p1a: Landorus|Sandsear Storm|p2a: Garganacl\n|-damage|p2a: Garganacl|0 fnt\n|faint|p2a: Garganacl\n|\n|-heal|p1a: Landorus|40\/100 tox|[from] item: Leftovers\n|-damage|p1a: Landorus|34\/100 tox|[from] psn\n|upkeep\n|\n|t:|1701194674\n|switch|p2a: Iron Valiant|Iron Valiant|100\/100\n|-damage|p2a: Iron Valiant|94\/100|[from] Stealth Rock\n|-enditem|p2a: Iron Valiant|Booster Energy\n|-activate|p2a: Iron Valiant|ability: Quark Drive|[fromitem]\n|-start|p2a: Iron Valiant|quarkdrivespe\n|turn|41\n|\n|t:|1701194680\n|move|p2a: Iron Valiant|Swords Dance|p2a: Iron Valiant\n|-boost|p2a: Iron Valiant|atk|2\n|move|p1a: Landorus|U-turn|p2a: Iron Valiant\n|-resisted|p2a: Iron Valiant\n|-damage|p2a: Iron Valiant|88\/100\n|\n|t:|1701194685\n|switch|p1a: Gholdengo|Gholdengo|100\/100|[from] U-turn\n|\n|upkeep\n|turn|42\n|\n|t:|1701194689\n|switch|p1a: Landorus|Landorus-Therian, M|34\/100 tox\n|-ability|p1a: Landorus|Intimidate|boost\n|-unboost|p2a: Iron Valiant|atk|1\n|move|p2a: Iron Valiant|Knock Off|p1a: Landorus\n|-damage|p1a: Landorus|0 fnt\n|-enditem|p1a: Landorus|Leftovers|[from] move: Knock Off|[of] p2a: Iron Valiant\n|faint|p1a: Landorus\n|\n|upkeep\n|inactive|SkyPrincess420 has 120 seconds left.\n|\n|t:|1701194721\n|switch|p1a: Milotic|Milotic, M, tera:Dragon|92\/100\n|turn|43\n|\n|t:|1701194727\n|move|p2a: Iron Valiant|Swords Dance|p2a: Iron Valiant\n|-boost|p2a: Iron Valiant|atk|2\n|move|p1a: Milotic|Scald|p2a: Iron Valiant\n|-damage|p2a: Iron Valiant|35\/100\n|-status|p2a: Iron Valiant|brn\n|\n|-heal|p1a: Milotic|98\/100|[from] item: Leftovers\n|-damage|p2a: Iron Valiant|29\/100 brn|[from] brn\n|upkeep\n|turn|44\n|\n|t:|1701194731\n|move|p2a: Iron Valiant|Close Combat|p1a: Milotic\n|-damage|p1a: Milotic|18\/100\n|-unboost|p2a: Iron Valiant|def|1\n|-unboost|p2a: Iron Valiant|spd|1\n|move|p1a: Milotic|Scald|p2a: Iron Valiant\n|-damage|p2a: Iron Valiant|0 fnt\n|faint|p2a: Iron Valiant\n|-end|p2a: Iron Valiant|Quark Drive|[silent]\n|\n|win|SkyPrincess420\n|raw|SkyPrincess420's rating: 1503 &rarr; <strong>1525<\/strong><br \/>(+22 for winning)\n|raw|Garganacllover's rating: 1536 &rarr; <strong>1514<\/strong><br \/>(-22 for losing)\n|c|\u2606Garganacllover|no skill\n|c|\u2606Garganacllover|just luck\n|c|\u2606SkyPrincess420|Lol\n|c|\u2606Garganacllover|u are so pathetic\n|c|\u2606SkyPrincess420|Gg\n|l|\u2606Garganacllover\n|l|\u2606SkyPrincess420\n|j| Lario\n","uploadtime":1701194759,"views":18,"p1id":"skyprincess420","p2id":"garganacllover","formatid":"gen9ou","rating":1514,"private":0,"password":""}