{"id":"gen9ou-1988437388","p1":"jlce","p2":"LandotheRandoPando","format":"[Gen 9] OU","log":"|j|\u2606jlce\n|j|\u2606LandotheRandoPando\n|t:|1699722870\n|gametype|singles\n|player|p1|jlce|101|1355\n|player|p2|LandotheRandoPando|hoopster|1271\n|teamsize|p1|6\n|teamsize|p2|6\n|gen|9\n|tier|[Gen 9] OU\n|rated|\n|rule|Sleep Clause Mod: Limit one foe put to sleep\n|rule|Species Clause: Limit one of each Pok\u00e9mon\n|rule|OHKO Clause: OHKO moves are banned\n|rule|Evasion Items Clause: Evasion items are banned\n|rule|Evasion Moves Clause: Evasion moves are banned\n|rule|Endless Battle Clause: Forcing endless battles is banned\n|rule|HP Percentage Mod: HP is shown in percentages\n|clearpoke\n|poke|p1|Conkeldurr, M|\n|poke|p1|Skeledirge, M|\n|poke|p1|Gliscor, F|\n|poke|p1|Lokix, F|\n|poke|p1|Dragapult, M|\n|poke|p1|Salamence, F|\n|poke|p2|Weavile, M|\n|poke|p2|Gliscor, M|\n|poke|p2|Dondozo, F|\n|poke|p2|Gholdengo|\n|poke|p2|Clefable, M|\n|poke|p2|Zamazenta-*|\n|teampreview\n|\n|t:|1699722884\n|start\n|switch|p1a: Lokix|Lokix, F|100\/100\n|switch|p2a: Weavile|Weavile, M|100\/100\n|-ability|p2a: Weavile|Pressure\n|turn|1\n|\n|t:|1699722892\n|move|p1a: Lokix|First Impression|p2a: Weavile\n|-supereffective|p2a: Weavile\n|-damage|p2a: Weavile|0 fnt\n|faint|p2a: Weavile\n|-damage|p1a: Lokix|91\/100|[from] item: Life Orb\n|\n|upkeep\n|\n|t:|1699722902\n|switch|p2a: Gliscor|Gliscor, M|100\/100\n|turn|2\n|\n|t:|1699722906\n|move|p2a: Gliscor|Protect|p2a: Gliscor\n|-singleturn|p2a: Gliscor|Protect\n|move|p1a: Lokix|Knock Off|p2a: Gliscor\n|-activate|p2a: Gliscor|move: Protect\n|\n|-status|p2a: Gliscor|tox|[from] item: Toxic Orb\n|upkeep\n|turn|3\n|\n|t:|1699722909\n|move|p1a: Lokix|U-turn|p2a: Gliscor\n|-resisted|p2a: Gliscor\n|-damage|p2a: Gliscor|74\/100 tox\n|-damage|p1a: Lokix|81\/100|[from] item: Life Orb\n|\n|t:|1699722913\n|switch|p1a: Gliscor|Gliscor, F|100\/100|[from] U-turn\n|move|p2a: Gliscor|Spikes|p1a: Gliscor\n|-sidestart|p1: jlce|Spikes\n|\n|-heal|p2a: Gliscor|86\/100 tox|[from] ability: Poison Heal\n|-status|p1a: Gliscor|tox|[from] item: Toxic Orb\n|upkeep\n|turn|4\n|\n|t:|1699722926\n|switch|p2a: Clefable|Clefable, M|100\/100\n|move|p1a: Gliscor|Spikes|p2a: Clefable\n|-sidestart|p2: LandotheRandoPando|Spikes\n|\n|upkeep\n|turn|5\n|\n|t:|1699722938\n|move|p1a: Gliscor|Spikes|p2a: Clefable\n|-sidestart|p2: LandotheRandoPando|Spikes\n|move|p2a: Clefable|Stealth Rock|p1a: Gliscor\n|-sidestart|p1: jlce|move: Stealth Rock\n|\n|upkeep\n|turn|6\n|\n|t:|1699722942\n|move|p1a: Gliscor|Spikes|p2a: Clefable\n|-sidestart|p2: LandotheRandoPando|Spikes\n|move|p2a: Clefable|Moonblast|p1a: Gliscor\n|-damage|p1a: Gliscor|64\/100 tox\n|\n|-heal|p1a: Gliscor|76\/100 tox|[from] ability: Poison Heal\n|upkeep\n|turn|7\n|\n|t:|1699722956\n|move|p1a: Gliscor|Protect|p1a: Gliscor\n|-singleturn|p1a: Gliscor|Protect\n|move|p2a: Clefable|Wish|p2a: Clefable\n|\n|-heal|p1a: Gliscor|89\/100 tox|[from] ability: Poison Heal\n|upkeep\n|turn|8\n|\n|t:|1699722962\n|move|p1a: Gliscor|Toxic|p2a: Clefable\n|-status|p2a: Clefable|tox\n|move|p2a: Clefable|Moonblast|p1a: Gliscor\n|-damage|p1a: Gliscor|52\/100 tox\n|\n|-heal|p1a: Gliscor|64\/100 tox|[from] ability: Poison Heal\n|upkeep\n|turn|9\n|\n|t:|1699722972\n|switch|p2a: Dondozo|Dondozo, F|100\/100\n|move|p1a: Gliscor|Protect||[still]\n|-fail|p1a: Gliscor\n|\n|-heal|p1a: Gliscor|77\/100 tox|[from] ability: Poison Heal\n|upkeep\n|turn|10\n|\n|t:|1699722984\n|switch|p1a: Conkeldurr|Conkeldurr, M|100\/100\n|-damage|p1a: Conkeldurr|88\/100|[from] Spikes\n|-damage|p1a: Conkeldurr|82\/100|[from] Stealth Rock\n|move|p2a: Dondozo|Curse|p2a: Dondozo\n|-unboost|p2a: Dondozo|spe|1\n|-boost|p2a: Dondozo|atk|1\n|-boost|p2a: Dondozo|def|1\n|\n|upkeep\n|turn|11\n|\n|t:|1699722994\n|move|p1a: Conkeldurr|Knock Off|p2a: Dondozo\n|-damage|p2a: Dondozo|84\/100\n|-enditem|p2a: Dondozo|Heavy-Duty Boots|[from] move: Knock Off|[of] p1a: Conkeldurr\n|move|p2a: Dondozo|Curse|p2a: Dondozo\n|-unboost|p2a: Dondozo|spe|1\n|-boost|p2a: Dondozo|atk|1\n|-boost|p2a: Dondozo|def|1\n|\n|upkeep\n|turn|12\n|\n|t:|1699722998\n|move|p1a: Conkeldurr|Drain Punch|p2a: Dondozo\n|-damage|p2a: Dondozo|69\/100\n|-heal|p1a: Conkeldurr|91\/100|[from] drain|[of] p2a: Dondozo\n|move|p2a: Dondozo|Liquidation|p1a: Conkeldurr\n|-damage|p1a: Conkeldurr|43\/100\n|\n|upkeep\n|turn|13\n|\n|t:|1699723005\n|move|p1a: Conkeldurr|Drain Punch|p2a: Dondozo\n|-damage|p2a: Dondozo|56\/100\n|-heal|p1a: Conkeldurr|51\/100|[from] drain|[of] p2a: Dondozo\n|move|p2a: Dondozo|Liquidation|p1a: Conkeldurr\n|-damage|p1a: Conkeldurr|0 fnt\n|faint|p1a: Conkeldurr\n|\n|upkeep\n|\n|t:|1699723020\n|switch|p1a: Skeledirge|Skeledirge, M|100\/100\n|turn|14\n|\n|t:|1699723027\n|-terastallize|p1a: Skeledirge|Fairy\n|move|p1a: Skeledirge|Will-O-Wisp|p2a: Dondozo\n|-status|p2a: Dondozo|brn\n|move|p2a: Dondozo|Liquidation|p1a: Skeledirge\n|-damage|p1a: Skeledirge|90\/100\n|\n|-damage|p2a: Dondozo|50\/100 brn|[from] brn\n|upkeep\n|turn|15\n|\n|t:|1699723035\n|move|p1a: Skeledirge|Hex|p2a: Dondozo\n|-crit|p2a: Dondozo\n|-damage|p2a: Dondozo|1\/100 brn\n|move|p2a: Dondozo|Rest|p2a: Dondozo\n|-status|p2a: Dondozo|slp|[from] move: Rest\n|-heal|p2a: Dondozo|100\/100 slp|[silent]\n|\n|upkeep\n|turn|16\n|\n|t:|1699723048\n|switch|p2a: Zamazenta|Zamazenta|100\/100\n|-ability|p2a: Zamazenta|Dauntless Shield|boost\n|-boost|p2a: Zamazenta|def|1\n|move|p1a: Skeledirge|Hex|p2a: Zamazenta\n|-damage|p2a: Zamazenta|76\/100\n|\n|upkeep\n|turn|17\n|\n|t:|1699723059\n|switch|p2a: Gliscor|Gliscor, M|86\/100 tox\n|move|p1a: Skeledirge|Will-O-Wisp||[still]\n|-fail|p1a: Skeledirge\n|\n|-heal|p2a: Gliscor|99\/100 tox|[from] ability: Poison Heal\n|upkeep\n|turn|18\n|\n|t:|1699723067\n|move|p2a: Gliscor|Spikes|p1a: Skeledirge\n|-sidestart|p1: jlce|Spikes\n|move|p1a: Skeledirge|Torch Song|p2a: Gliscor\n|-damage|p2a: Gliscor|63\/100 tox\n|-boost|p1a: Skeledirge|spa|1\n|\n|-heal|p2a: Gliscor|75\/100 tox|[from] ability: Poison Heal\n|upkeep\n|turn|19\n|\n|t:|1699723074\n|move|p2a: Gliscor|Toxic|p1a: Skeledirge\n|-status|p1a: Skeledirge|tox\n|move|p1a: Skeledirge|Torch Song|p2a: Gliscor\n|-damage|p2a: Gliscor|23\/100 tox\n|-boost|p1a: Skeledirge|spa|1\n|\n|-heal|p2a: Gliscor|35\/100 tox|[from] ability: Poison Heal\n|-damage|p1a: Skeledirge|83\/100 tox|[from] psn\n|upkeep\n|turn|20\n|\n|t:|1699723079\n|move|p2a: Gliscor|Protect|p2a: Gliscor\n|-singleturn|p2a: Gliscor|Protect\n|move|p1a: Skeledirge|Slack Off|p1a: Skeledirge\n|-heal|p1a: Skeledirge|100\/100 tox\n|\n|-heal|p2a: Gliscor|48\/100 tox|[from] ability: Poison Heal\n|-damage|p1a: Skeledirge|88\/100 tox|[from] psn\n|upkeep\n|turn|21\n|\n|t:|1699723085\n|switch|p2a: Clefable|Clefable, M|100\/100 tox\n|move|p1a: Skeledirge|Torch Song|p2a: Clefable\n|-damage|p2a: Clefable|59\/100 tox\n|-boost|p1a: Skeledirge|spa|1\n|\n|-damage|p1a: Skeledirge|70\/100 tox|[from] psn\n|upkeep\n|turn|22\n|\n|t:|1699723090\n|move|p1a: Skeledirge|Torch Song|p2a: Clefable\n|-damage|p2a: Clefable|10\/100 tox\n|-boost|p1a: Skeledirge|spa|1\n|move|p2a: Clefable|Wish|p2a: Clefable\n|\n|-damage|p1a: Skeledirge|46\/100 tox|[from] psn\n|upkeep\n|turn|23\n|\n|t:|1699723095\n|move|p2a: Clefable|Protect|p2a: Clefable\n|-singleturn|p2a: Clefable|Protect\n|move|p1a: Skeledirge|Torch Song|p2a: Clefable\n|-activate|p2a: Clefable|move: Protect\n|\n|-heal|p2a: Clefable|60\/100 tox|[from] move: Wish|[wisher] Clefable\n|-damage|p1a: Skeledirge|15\/100 tox|[from] psn\n|upkeep\n|turn|24\n|\n|t:|1699723117\n|switch|p2a: Dondozo|Dondozo, F|100\/100 slp\n|-damage|p2a: Dondozo|75\/100 slp|[from] Spikes\n|move|p1a: Skeledirge|Hex|p2a: Dondozo\n|-damage|p2a: Dondozo|46\/100 slp\n|\n|-damage|p1a: Skeledirge|0 fnt|[from] psn\n|faint|p1a: Skeledirge\n|upkeep\n|\n|t:|1699723125\n|switch|p1a: Dragapult|Dragapult, M|100\/100\n|-damage|p1a: Dragapult|84\/100|[from] Spikes\n|-damage|p1a: Dragapult|72\/100|[from] Stealth Rock\n|turn|25\n|\n|t:|1699723131\n|move|p1a: Dragapult|Hex|p2a: Dondozo\n|-damage|p2a: Dondozo|8\/100 slp\n|cant|p2a: Dondozo|slp\n|move|p2a: Dondozo|Sleep Talk|p2a: Dondozo\n|move|p2a: Dondozo|Curse|p2a: Dondozo|[from]move: Sleep Talk\n|-unboost|p2a: Dondozo|spe|1\n|-boost|p2a: Dondozo|atk|1\n|-boost|p2a: Dondozo|def|1\n|\n|upkeep\n|turn|26\n|\n|t:|1699723136\n|move|p1a: Dragapult|Hex|p2a: Dondozo\n|-damage|p2a: Dondozo|0 fnt\n|faint|p2a: Dondozo\n|\n|upkeep\n|\n|t:|1699723152\n|switch|p2a: Clefable|Clefable, M|60\/100 tox\n|turn|27\n|\n|t:|1699723160\n|switch|p1a: Gliscor|Gliscor, F|77\/100 tox\n|-damage|p1a: Gliscor|64\/100 tox|[from] Stealth Rock\n|move|p2a: Clefable|Wish|p2a: Clefable\n|\n|-heal|p1a: Gliscor|77\/100 tox|[from] ability: Poison Heal\n|upkeep\n|turn|28\n|\n|t:|1699723166\n|move|p1a: Gliscor|Earthquake|p2a: Clefable\n|-damage|p2a: Clefable|27\/100 tox\n|move|p2a: Clefable|Moonblast|p1a: Gliscor\n|-damage|p1a: Gliscor|39\/100 tox\n|-unboost|p1a: Gliscor|spa|1\n|\n|-heal|p2a: Clefable|77\/100 tox|[from] move: Wish|[wisher] Clefable\n|-heal|p1a: Gliscor|52\/100 tox|[from] ability: Poison Heal\n|upkeep\n|turn|29\n|\n|t:|1699723177\n|move|p1a: Gliscor|Earthquake|p2a: Clefable\n|-damage|p2a: Clefable|38\/100 tox\n|move|p2a: Clefable|Wish|p2a: Clefable\n|\n|-heal|p1a: Gliscor|64\/100 tox|[from] ability: Poison Heal\n|upkeep\n|turn|30\n|\n|t:|1699723186\n|move|p2a: Clefable|Protect|p2a: Clefable\n|-singleturn|p2a: Clefable|Protect\n|move|p1a: Gliscor|Earthquake|p2a: Clefable\n|-activate|p2a: Clefable|move: Protect\n|\n|-heal|p2a: Clefable|88\/100 tox|[from] move: Wish|[wisher] Clefable\n|-heal|p1a: Gliscor|77\/100 tox|[from] ability: Poison Heal\n|upkeep\n|turn|31\n|\n|t:|1699723195\n|switch|p2a: Gliscor|Gliscor, M|48\/100 tox\n|move|p1a: Gliscor|Earthquake|p2a: Gliscor\n|-immune|p2a: Gliscor\n|\n|-heal|p1a: Gliscor|89\/100 tox|[from] ability: Poison Heal\n|-heal|p2a: Gliscor|60\/100 tox|[from] ability: Poison Heal\n|upkeep\n|turn|32\n|\n|t:|1699723204\n|switch|p1a: Salamence|Salamence, F|100\/100\n|move|p2a: Gliscor|Spikes|p1a: Salamence\n|-sidestart|p1: jlce|Spikes\n|\n|-heal|p2a: Gliscor|73\/100 tox|[from] ability: Poison Heal\n|upkeep\n|turn|33\n|\n|t:|1699723220\n|move|p1a: Salamence|Dragon Dance|p1a: Salamence\n|-boost|p1a: Salamence|atk|1\n|-boost|p1a: Salamence|spe|1\n|move|p2a: Gliscor|Toxic|p1a: Salamence\n|-status|p1a: Salamence|tox\n|\n|-damage|p1a: Salamence|94\/100 tox|[from] psn\n|-heal|p2a: Gliscor|85\/100 tox|[from] ability: Poison Heal\n|upkeep\n|turn|34\n|\n|t:|1699723237\n|move|p2a: Gliscor|Protect|p2a: Gliscor\n|-singleturn|p2a: Gliscor|Protect\n|move|p1a: Salamence|Dragon Dance|p1a: Salamence\n|-boost|p1a: Salamence|atk|1\n|-boost|p1a: Salamence|spe|1\n|\n|-damage|p1a: Salamence|82\/100 tox|[from] psn\n|-heal|p2a: Gliscor|98\/100 tox|[from] ability: Poison Heal\n|upkeep\n|turn|35\n|\n|t:|1699723241\n|switch|p2a: Clefable|Clefable, M|88\/100 tox\n|move|p1a: Salamence|Dual Wingbeat|p2a: Clefable|[miss]\n|-miss|p1a: Salamence|p2a: Clefable\n|\n|-damage|p1a: Salamence|64\/100 tox|[from] psn\n|upkeep\n|turn|36\n|\n|t:|1699723254\n|move|p1a: Salamence|Dual Wingbeat|p2a: Clefable\n|-damage|p2a: Clefable|38\/100 tox\n|-damage|p2a: Clefable|0 fnt\n|faint|p2a: Clefable\n|-ability|p1a: Salamence|Moxie|boost\n|-boost|p1a: Salamence|atk|1\n|-hitcount|p2: Clefable|2\n|\n|-damage|p1a: Salamence|40\/100 tox|[from] psn\n|upkeep\n|\n|t:|1699723258\n|switch|p2a: Gliscor|Gliscor, M|98\/100 tox\n|turn|37\n|inactive|Battle timer is ON: inactive players will automatically lose when time's up. (requested by jlce)\n|\n|t:|1699723271\n|move|p1a: Salamence|Outrage|p2a: Gliscor\n|-damage|p2a: Gliscor|1\/100 tox\n|move|p2a: Gliscor|Spikes||[still]\n|-fail|p2a: Gliscor\n|\n|-damage|p1a: Salamence|10\/100 tox|[from] psn\n|-heal|p2a: Gliscor|14\/100 tox|[from] ability: Poison Heal\n|upkeep\n|turn|38\n|\n|t:|1699723274\n|move|p2a: Gliscor|Protect|p2a: Gliscor\n|-singleturn|p2a: Gliscor|Protect\n|move|p1a: Salamence|Outrage|p2a: Gliscor|[from]lockedmove\n|-activate|p2a: Gliscor|move: Protect\n|\n|-damage|p1a: Salamence|0 fnt|[from] psn\n|faint|p1a: Salamence\n|-heal|p2a: Gliscor|26\/100 tox|[from] ability: Poison Heal\n|upkeep\n|\n|t:|1699723280\n|switch|p1a: Dragapult|Dragapult, M|72\/100\n|-damage|p1a: Dragapult|47\/100|[from] Spikes\n|-damage|p1a: Dragapult|35\/100|[from] Stealth Rock\n|turn|39\n|\n|t:|1699723291\n|switch|p2a: Zamazenta|Zamazenta|76\/100\n|move|p1a: Dragapult|Shadow Ball|p2a: Zamazenta\n|-damage|p2a: Zamazenta|45\/100\n|\n|upkeep\n|turn|40\n|\n|t:|1699723298\n|move|p1a: Dragapult|Shadow Ball|p2a: Zamazenta\n|-damage|p2a: Zamazenta|14\/100\n|move|p2a: Zamazenta|Crunch|p1a: Dragapult\n|-supereffective|p1a: Dragapult\n|-damage|p1a: Dragapult|0 fnt\n|faint|p1a: Dragapult\n|\n|upkeep\n|\n|t:|1699723306\n|switch|p1a: Gliscor|Gliscor, F|89\/100 tox\n|-damage|p1a: Gliscor|77\/100 tox|[from] Stealth Rock\n|turn|41\n|\n|t:|1699723315\n|-terastallize|p2a: Zamazenta|Ice\n|move|p2a: Zamazenta|Ice Fang|p1a: Gliscor\n|-supereffective|p1a: Gliscor\n|-damage|p1a: Gliscor|0 fnt\n|faint|p1a: Gliscor\n|\n|upkeep\n|\n|t:|1699723318\n|switch|p1a: Lokix|Lokix, F|81\/100\n|-damage|p1a: Lokix|56\/100|[from] Spikes\n|-damage|p1a: Lokix|31\/100|[from] Stealth Rock\n|turn|42\n|\n|t:|1699723323\n|switch|p2a: Gholdengo|Gholdengo|100\/100\n|-item|p2a: Gholdengo|Air Balloon\n|move|p1a: Lokix|First Impression|p2a: Gholdengo\n|-resisted|p2a: Gholdengo\n|-damage|p2a: Gholdengo|83\/100\n|-enditem|p2a: Gholdengo|Air Balloon\n|-damage|p1a: Lokix|21\/100|[from] item: Life Orb\n|\n|upkeep\n|turn|43\n|\n|t:|1699723328\n|move|p1a: Lokix|Knock Off|p2a: Gholdengo\n|-supereffective|p2a: Gholdengo\n|-damage|p2a: Gholdengo|33\/100\n|-damage|p1a: Lokix|11\/100|[from] item: Life Orb\n|move|p2a: Gholdengo|Make It Rain|p1a: Lokix\n|-damage|p1a: Lokix|0 fnt\n|-unboost|p2a: Gholdengo|spa|1\n|faint|p1a: Lokix\n|\n|win|LandotheRandoPando\n|raw|jlce's rating: 1355 &rarr; <strong>1330<\/strong><br \/>(-25 for losing)\n|raw|LandotheRandoPando's rating: 1271 &rarr; <strong>1302<\/strong><br \/>(+31 for winning)\n|l|\u2606jlce\n|c|\u2606LandotheRandoPando|Gg\n","uploadtime":1699723347,"views":17,"p1id":"jlce","p2id":"landotherandopando","formatid":"gen9ou","rating":1302,"private":0,"password":""}