{"id":"gen9ou-1996257906","p1":"DrauzioVrawnelas","p2":"Smoll55","format":"[Gen 9] OU","log":"|j|\u2606DrauzioVrawnelas\n|j|\u2606Smoll55\n|t:|1700664754\n|gametype|singles\n|player|p1|DrauzioVrawnelas|170|1051\n|player|p2|Smoll55|265|1005\n|teamsize|p1|6\n|teamsize|p2|6\n|gen|9\n|tier|[Gen 9] OU\n|rated|\n|rule|Sleep Clause Mod: Limit one foe put to sleep\n|rule|Species Clause: Limit one of each Pok\u00e9mon\n|rule|OHKO Clause: OHKO moves are banned\n|rule|Evasion Items Clause: Evasion items are banned\n|rule|Evasion Moves Clause: Evasion moves are banned\n|rule|Endless Battle Clause: Forcing endless battles is banned\n|rule|HP Percentage Mod: HP is shown in percentages\n|clearpoke\n|poke|p1|Pelipper, M|\n|poke|p1|Quaquaval, F|\n|poke|p1|Amoonguss, F|\n|poke|p1|Gholdengo|\n|poke|p1|Sandy Shocks|\n|poke|p1|Iron Moth|\n|poke|p2|Torkoal, M|\n|poke|p2|Ninetales-Alola, M|\n|poke|p2|Pelipper, M|\n|poke|p2|Great Tusk|\n|poke|p2|Rillaboom, M|\n|poke|p2|Gholdengo|\n|teampreview\n|\n|t:|1700664765\n|start\n|switch|p1a: Sandy Shocks|Sandy Shocks|100\/100\n|switch|p2a: Ninetales|Ninetales-Alola, M|100\/100\n|-weather|Snow|[from] ability: Snow Warning|[of] p2a: Ninetales\n|turn|1\n|\n|t:|1700664773\n|move|p1a: Sandy Shocks|Volt Switch|p2a: Ninetales\n|-damage|p2a: Ninetales|53\/100\n|\n|t:|1700664789\n|-end|p1a: Sandy Shocks|Protosynthesis|[silent]\n|switch|p1a: Iron Moth|Iron Moth|100\/100|[from] Volt Switch\n|-enditem|p1a: Iron Moth|Booster Energy\n|-activate|p1a: Iron Moth|ability: Quark Drive|[fromitem]\n|-start|p1a: Iron Moth|quarkdrivespa\n|move|p2a: Ninetales|Aurora Veil|p2a: Ninetales\n|-sidestart|p2: Smoll55|move: Aurora Veil\n|\n|-weather|Snow|[upkeep]\n|upkeep\n|turn|2\n|\n|t:|1700664821\n|switch|p2a: Torkoal|Torkoal, M|100\/100\n|-weather|SunnyDay|[from] ability: Drought|[of] p2a: Torkoal\n|move|p1a: Iron Moth|Agility|p1a: Iron Moth\n|-boost|p1a: Iron Moth|spe|2\n|\n|-weather|SunnyDay|[upkeep]\n|upkeep\n|turn|3\n|\n|t:|1700664839\n|move|p1a: Iron Moth|Sludge Wave|p2a: Torkoal\n|-damage|p2a: Torkoal|66\/100\n|-status|p2a: Torkoal|psn\n|move|p2a: Torkoal|Yawn|p1a: Iron Moth\n|-start|p1a: Iron Moth|move: Yawn|[of] p2a: Torkoal\n|\n|-weather|SunnyDay|[upkeep]\n|-damage|p2a: Torkoal|54\/100 psn|[from] psn\n|upkeep\n|turn|4\n|\n|t:|1700664856\n|-end|p1a: Iron Moth|Quark Drive|[silent]\n|switch|p1a: Pelipper|Pelipper, M|100\/100\n|-weather|RainDance|[from] ability: Drizzle|[of] p1a: Pelipper\n|switch|p2a: Gholdengo|Gholdengo|100\/100\n|\n|-weather|RainDance|[upkeep]\n|upkeep\n|turn|5\n|\n|t:|1700664870\n|switch|p1a: Sandy Shocks|Sandy Shocks|100\/100\n|move|p2a: Gholdengo|Thunder|p1a: Sandy Shocks\n|-immune|p1a: Sandy Shocks\n|\n|-weather|RainDance|[upkeep]\n|-sideend|p2: Smoll55|move: Aurora Veil\n|upkeep\n|turn|6\n|\n|t:|1700664877\n|switch|p2a: Rillaboom|Rillaboom, M|100\/100\n|-fieldstart|move: Grassy Terrain|[from] ability: Grassy Surge|[of] p2a: Rillaboom\n|-enditem|p2a: Rillaboom|Grassy Seed\n|-boost|p2a: Rillaboom|def|1|[from] item: Grassy Seed\n|move|p1a: Sandy Shocks|Volt Switch|p2a: Rillaboom\n|-resisted|p2a: Rillaboom\n|-damage|p2a: Rillaboom|78\/100\n|\n|t:|1700664888\n|-end|p1a: Sandy Shocks|Protosynthesis|[silent]\n|switch|p1a: Pelipper|Pelipper, M|100\/100|[from] Volt Switch\n|\n|-weather|RainDance|[upkeep]\n|-heal|p2a: Rillaboom|84\/100|[from] Grassy Terrain\n|upkeep\n|turn|7\n|\n|t:|1700664895\n|-terastallize|p2a: Rillaboom|Fire\n|move|p2a: Rillaboom|Energy Ball|p1a: Pelipper\n|-damage|p1a: Pelipper|65\/100\n|move|p1a: Pelipper|Hurricane|p2a: Rillaboom\n|-damage|p2a: Rillaboom|46\/100\n|\n|-weather|RainDance|[upkeep]\n|-heal|p2a: Rillaboom|52\/100|[from] Grassy Terrain\n|upkeep\n|turn|8\n|\n|t:|1700664914\n|switch|p2a: Pelipper|Pelipper, M|100\/100\n|move|p1a: Pelipper|U-turn|p2a: Pelipper\n|-resisted|p2a: Pelipper\n|-damage|p2a: Pelipper|96\/100\n|\n|t:|1700664918\n|switch|p1a: Gholdengo|Gholdengo|100\/100|[from] U-turn\n|\n|-weather|RainDance|[upkeep]\n|upkeep\n|turn|9\n|\n|t:|1700664931\n|switch|p2a: Great Tusk|Great Tusk|100\/100\n|move|p1a: Gholdengo|Dazzling Gleam|p2a: Great Tusk\n|-supereffective|p2a: Great Tusk\n|-damage|p2a: Great Tusk|2\/100\n|\n|-weather|RainDance|[upkeep]\n|-heal|p2a: Great Tusk|8\/100|[from] Grassy Terrain\n|upkeep\n|turn|10\n|\n|t:|1700664960\n|move|p1a: Gholdengo|Dazzling Gleam|p2a: Great Tusk\n|-supereffective|p2a: Great Tusk\n|-damage|p2a: Great Tusk|0 fnt\n|faint|p2a: Great Tusk\n|-end|p2a: Great Tusk|Protosynthesis|[silent]\n|\n|-weather|RainDance|[upkeep]\n|-fieldend|move: Grassy Terrain\n|upkeep\n|\n|t:|1700664969\n|switch|p2a: Pelipper|Pelipper, M|96\/100\n|turn|11\n|\n|t:|1700664983\n|switch|p1a: Amoonguss|Amoonguss, F|100\/100\n|move|p2a: Pelipper|Weather Ball|p1a: Amoonguss\n|-resisted|p1a: Amoonguss\n|-damage|p1a: Amoonguss|84\/100\n|-enditem|p1a: Amoonguss|Eject Button\n|\n|t:|1700664996\n|switch|p1a: Sandy Shocks|Sandy Shocks|100\/100\n|\n|-weather|none\n|upkeep\n|turn|12\n|\n|t:|1700665005\n|switch|p2a: Rillaboom|Rillaboom, M, tera:Fire|52\/100\n|-fieldstart|move: Grassy Terrain|[from] ability: Grassy Surge|[of] p2a: Rillaboom\n|move|p1a: Sandy Shocks|Volt Switch|p2a: Rillaboom\n|-damage|p2a: Rillaboom|11\/100\n|\n|t:|1700665014\n|-end|p1a: Sandy Shocks|Protosynthesis|[silent]\n|switch|p1a: Quaquaval|Quaquaval, F|100\/100|[from] Volt Switch\n|\n|-heal|p2a: Rillaboom|18\/100|[from] Grassy Terrain\n|upkeep\n|turn|13\n|\n|t:|1700665028\n|-terastallize|p1a: Quaquaval|Flying\n|move|p1a: Quaquaval|Aqua Step|p2a: Rillaboom\n|-supereffective|p2a: Rillaboom\n|-damage|p2a: Rillaboom|0 fnt\n|-boost|p1a: Quaquaval|spe|1\n|faint|p2a: Rillaboom\n|-ability|p1a: Quaquaval|Moxie|boost\n|-boost|p1a: Quaquaval|atk|1\n|\n|upkeep\n|\n|t:|1700665036\n|switch|p2a: Ninetales|Ninetales-Alola, M|53\/100\n|-weather|Snow|[from] ability: Snow Warning|[of] p2a: Ninetales\n|turn|14\n|\n|t:|1700665061\n|move|p1a: Quaquaval|Aqua Step|p2a: Ninetales\n|-damage|p2a: Ninetales|0 fnt\n|-boost|p1a: Quaquaval|spe|1\n|faint|p2a: Ninetales\n|-ability|p1a: Quaquaval|Moxie|boost\n|-boost|p1a: Quaquaval|atk|1\n|\n|-weather|Snow|[upkeep]\n|upkeep\n|\n|t:|1700665083\n|switch|p2a: Gholdengo|Gholdengo|100\/100\n|turn|15\n|\n|t:|1700665094\n|move|p1a: Quaquaval|Aqua Step|p2a: Gholdengo\n|-damage|p2a: Gholdengo|14\/100\n|-boost|p1a: Quaquaval|spe|1\n|move|p2a: Gholdengo|Make It Rain|p1a: Quaquaval\n|-enditem|p1a: Quaquaval|Focus Sash\n|-damage|p1a: Quaquaval|1\/100\n|-unboost|p2a: Gholdengo|spa|1\n|\n|-weather|Snow|[upkeep]\n|-heal|p2a: Gholdengo|20\/100|[from] Grassy Terrain\n|upkeep\n|turn|16\n|\n|t:|1700665106\n|move|p1a: Quaquaval|Aqua Jet|p2a: Gholdengo\n|-damage|p2a: Gholdengo|0 fnt\n|faint|p2a: Gholdengo\n|-ability|p1a: Quaquaval|Moxie|boost\n|-boost|p1a: Quaquaval|atk|1\n|\n|-weather|Snow|[upkeep]\n|-fieldend|move: Grassy Terrain\n|upkeep\n|\n|t:|1700665110\n|switch|p2a: Torkoal|Torkoal, M|54\/100 psn\n|-weather|SunnyDay|[from] ability: Drought|[of] p2a: Torkoal\n|turn|17\n|\n|t:|1700665115\n|move|p1a: Quaquaval|Acrobatics|p2a: Torkoal\n|-damage|p2a: Torkoal|0 fnt\n|faint|p2a: Torkoal\n|-ability|p1a: Quaquaval|Moxie|boost\n|-boost|p1a: Quaquaval|atk|1\n|\n|-weather|SunnyDay|[upkeep]\n|upkeep\n|\n|t:|1700665117\n|switch|p2a: Pelipper|Pelipper, M|96\/100\n|-weather|RainDance|[from] ability: Drizzle|[of] p2a: Pelipper\n|turn|18\n|-message|Smoll55 forfeited.\n|\n|win|DrauzioVrawnelas\n|raw|DrauzioVrawnelas's rating: 1051 &rarr; <strong>1079<\/strong><br \/>(+28 for winning)\n|raw|Smoll55's rating: 1005 &rarr; <strong>1000<\/strong><br \/>(-5 for losing)\n|l|\u2606Smoll55\n","uploadtime":1700665137,"views":3,"p1id":"drauziovrawnelas","p2id":"smoll55","formatid":"gen9ou","rating":1000,"private":0,"password":""}