{"id":"gen9ou-1992269061","p1":"oscar2222","p2":"hatakeguy","format":"[Gen 9] OU","log":"|j|\u2606oscar2222\n|j|\u2606hatakeguy\n|t:|1700169406\n|gametype|singles\n|player|p1|oscar2222|1|\n|player|p2|hatakeguy|170|\n|teamsize|p1|6\n|teamsize|p2|6\n|gen|9\n|tier|[Gen 9] OU\n|rule|Sleep Clause Mod: Limit one foe put to sleep\n|rule|Species Clause: Limit one of each Pok\u00e9mon\n|rule|OHKO Clause: OHKO moves are banned\n|rule|Evasion Items Clause: Evasion items are banned\n|rule|Evasion Moves Clause: Evasion moves are banned\n|rule|Endless Battle Clause: Forcing endless battles is banned\n|rule|HP Percentage Mod: HP is shown in percentages\n|clearpoke\n|poke|p1|Manaphy|\n|poke|p1|Kommo-o, F|\n|poke|p1|Corviknight, F|\n|poke|p1|Ceruledge, F|\n|poke|p1|Hatterene, F|\n|poke|p1|Ting-Lu|\n|poke|p2|Torkoal, M|\n|poke|p2|Azumarill, M|\n|poke|p2|Garchomp, F|\n|poke|p2|Ursaluna, M|\n|poke|p2|Hatterene, F|\n|poke|p2|Uxie|\n|teampreview\n|\n|t:|1700169433\n|start\n|switch|p1a: Corviknight|Corviknight, F|100\/100\n|switch|p2a: Azumarill|Azumarill, M|100\/100\n|turn|1\n|\n|t:|1700169483\n|switch|p2a: Hatterene|Hatterene, F|100\/100\n|move|p1a: Corviknight|U-turn|p2a: Hatterene\n|-damage|p2a: Hatterene|84\/100\n|\n|t:|1700169503\n|switch|p1a: Ting-Lu|Ting-Lu|100\/100|[from] U-turn\n|-ability|p1a: Ting-Lu|Vessel of Ruin\n|\n|upkeep\n|turn|2\n|\n|t:|1700169531\n|move|p1a: Ting-Lu|Ruination|p2a: Hatterene\n|-damage|p2a: Hatterene|42\/100\n|move|p2a: Hatterene|Trick Room|p2a: Hatterene\n|-fieldstart|move: Trick Room|[of] p2a: Hatterene\n|\n|upkeep\n|turn|3\n|\n|t:|1700169542\n|move|p2a: Hatterene|Healing Wish|p2a: Hatterene\n|faint|p2a: Hatterene\n|move|p1a: Ting-Lu|Earthquake|p2: Hatterene|[notarget]\n|-fail|p1a: Ting-Lu\n|\n|upkeep\n|\n|t:|1700169551\n|switch|p2a: Torkoal|Torkoal, M|100\/100\n|-weather|SunnyDay|[from] ability: Drought|[of] p2a: Torkoal\n|turn|4\n|\n|t:|1700169577\n|move|p2a: Torkoal|Eruption|p1a: Ting-Lu\n|-damage|p1a: Ting-Lu|42\/100\n|move|p1a: Ting-Lu|Ruination|p2a: Torkoal\n|-damage|p2a: Torkoal|50\/100\n|\n|-weather|SunnyDay|[upkeep]\n|-heal|p1a: Ting-Lu|48\/100|[from] item: Leftovers\n|upkeep\n|turn|5\n|\n|t:|1700169624\n|switch|p2a: Ursaluna|Ursaluna, M|100\/100\n|move|p1a: Ting-Lu|Earthquake|p2a: Ursaluna\n|-damage|p2a: Ursaluna|74\/100\n|\n|-weather|SunnyDay|[upkeep]\n|-heal|p1a: Ting-Lu|55\/100|[from] item: Leftovers\n|-status|p2a: Ursaluna|brn|[from] item: Flame Orb\n|upkeep\n|turn|6\n|\n|t:|1700169660\n|move|p1a: Ting-Lu|Ruination|p2a: Ursaluna|[miss]\n|-miss|p1a: Ting-Lu|p2a: Ursaluna\n|move|p2a: Ursaluna|Facade|p1a: Ting-Lu\n|-damage|p1a: Ting-Lu|0 fnt\n|faint|p1a: Ting-Lu\n|\n|-weather|SunnyDay|[upkeep]\n|-damage|p2a: Ursaluna|68\/100 brn|[from] brn\n|-fieldend|move: Trick Room\n|upkeep\n|\n|t:|1700169671\n|switch|p1a: Corviknight|Corviknight, F|100\/100\n|turn|7\n|\n|t:|1700169681\n|switch|p2a: Garchomp|Garchomp, F|100\/100\n|move|p1a: Corviknight|Body Press|p2a: Garchomp\n|-damage|p2a: Garchomp|75\/100\n|-damage|p1a: Corviknight|88\/100|[from] ability: Rough Skin|[of] p2a: Garchomp\n|\n|-weather|SunnyDay|[upkeep]\n|upkeep\n|turn|8\n|\n|t:|1700169730\n|-terastallize|p2a: Garchomp|Fairy\n|move|p2a: Garchomp|Fire Fang|p1a: Corviknight\n|-supereffective|p1a: Corviknight\n|-damage|p1a: Corviknight|37\/100\n|-damage|p2a: Garchomp|58\/100|[from] item: Rocky Helmet|[of] p1a: Corviknight\n|-damage|p2a: Garchomp|49\/100|[from] item: Life Orb\n|move|p1a: Corviknight|U-turn|p2a: Garchomp\n|-resisted|p2a: Garchomp\n|-crit|p2a: Garchomp\n|-damage|p2a: Garchomp|38\/100\n|-damage|p1a: Corviknight|25\/100|[from] ability: Rough Skin|[of] p2a: Garchomp\n|\n|t:|1700169747\n|switch|p1a: Kommo-o|Kommo-o, F|100\/100|[from] U-turn\n|\n|-weather|none\n|upkeep\n|turn|9\n|\n|t:|1700169762\n|-terastallize|p1a: Kommo-o|Normal\n|move|p2a: Garchomp|Scale Shot|p1a: Kommo-o|[miss]\n|-miss|p2a: Garchomp|p1a: Kommo-o\n|move|p1a: Kommo-o|Clangorous Soul|p1a: Kommo-o\n|-boost|p1a: Kommo-o|atk|1\n|-boost|p1a: Kommo-o|def|1\n|-boost|p1a: Kommo-o|spa|1\n|-boost|p1a: Kommo-o|spd|1\n|-boost|p1a: Kommo-o|spe|1\n|-damage|p1a: Kommo-o|68\/100\n|-enditem|p1a: Kommo-o|Throat Spray\n|-boost|p1a: Kommo-o|spa|1|[from] item: Throat Spray\n|\n|upkeep\n|turn|10\n|\n|t:|1700169778\n|move|p1a: Kommo-o|Boomburst|p2a: Garchomp\n|-damage|p2a: Garchomp|0 fnt\n|faint|p2a: Garchomp\n|\n|upkeep\n|\n|t:|1700169798\n|switch|p2a: Uxie|Uxie|100\/100\n|turn|11\n|\n|t:|1700169805\n|move|p1a: Kommo-o|Boomburst|p2a: Uxie\n|-damage|p2a: Uxie|10\/100\n|move|p2a: Uxie|Encore|p1a: Kommo-o\n|-start|p1a: Kommo-o|Encore\n|\n|upkeep\n|turn|12\n|\n|t:|1700169819\n|move|p1a: Kommo-o|Boomburst|p2a: Uxie\n|-damage|p2a: Uxie|0 fnt\n|faint|p2a: Uxie\n|\n|upkeep\n|\n|t:|1700169849\n|switch|p2a: Ursaluna|Ursaluna, M|68\/100 brn\n|-heal|p2a: Ursaluna|100\/100|[from] move: Healing Wish\n|turn|13\n|\n|t:|1700169859\n|move|p1a: Kommo-o|Boomburst|p2a: Ursaluna\n|-damage|p2a: Ursaluna|0 fnt\n|faint|p2a: Ursaluna\n|\n|upkeep\n|\n|t:|1700169868\n|switch|p2a: Azumarill|Azumarill, M|100\/100\n|turn|14\n|\n|t:|1700169874\n|move|p1a: Kommo-o|Boomburst|p2a: Azumarill\n|-damage|p2a: Azumarill|0 fnt\n|faint|p2a: Azumarill\n|\n|-end|p1a: Kommo-o|Encore\n|upkeep\n|\n|t:|1700169881\n|switch|p2a: Torkoal|Torkoal, M|50\/100\n|-weather|SunnyDay|[from] ability: Drought|[of] p2a: Torkoal\n|turn|15\n|\n|t:|1700169888\n|move|p1a: Kommo-o|Boomburst|p2a: Torkoal\n|-damage|p2a: Torkoal|0 fnt\n|faint|p2a: Torkoal\n|\n|win|oscar2222\n","uploadtime":1700169900,"views":9,"p1id":"oscar2222","p2id":"hatakeguy","formatid":"gen9ou","rating":0,"private":0,"password":""}