{"id":"gen9ou-1988782728","p1":"66arc11","p2":"Chapamaru","format":"[Gen 9] OU","log":"|j|\u260666arc11\n|j|\u2606Chapamaru\n|t:|1699762516\n|gametype|singles\n|player|p1|66arc11|gambler|1132\n|player|p2|Chapamaru|bugcatcher-gen4dp|1186\n|teamsize|p1|6\n|teamsize|p2|6\n|gen|9\n|tier|[Gen 9] OU\n|rated|\n|rule|Sleep Clause Mod: Limit one foe put to sleep\n|rule|Species Clause: Limit one of each Pok\u00e9mon\n|rule|OHKO Clause: OHKO moves are banned\n|rule|Evasion Items Clause: Evasion items are banned\n|rule|Evasion Moves Clause: Evasion moves are banned\n|rule|Endless Battle Clause: Forcing endless battles is banned\n|rule|HP Percentage Mod: HP is shown in percentages\n|clearpoke\n|poke|p1|Ribombee, M|\n|poke|p1|Ceruledge, M|\n|poke|p1|Glimmora, F|\n|poke|p1|Dragonite, F|\n|poke|p1|Great Tusk|\n|poke|p1|Kingambit, F|\n|poke|p2|Gliscor, M|\n|poke|p2|Great Tusk|\n|poke|p2|Iron Hands|\n|poke|p2|Amoonguss, M|\n|poke|p2|Gyarados, M|\n|poke|p2|Goodra-Hisui, M|\n|teampreview\n|\n|t:|1699762521\n|start\n|switch|p1a: Ribombee|Ribombee, M|100\/100\n|switch|p2a: Donphansaurio|Great Tusk|100\/100\n|turn|1\n|\n|t:|1699762532\n|-end|p2a: Donphansaurio|Protosynthesis|[silent]\n|switch|p2a: Vas a dormirte|Amoonguss, M|100\/100\n|move|p1a: Ribombee|Stun Spore|p2a: Vas a dormirte\n|-immune|p2a: Vas a dormirte\n|\n|upkeep\n|turn|2\n|\n|t:|1699762544\n|move|p1a: Ribombee|Sticky Web|p2a: Vas a dormirte\n|-sidestart|p2: Chapamaru|move: Sticky Web\n|move|p2a: Vas a dormirte|Spore|p1a: Ribombee\n|-block|p1a: Ribombee|ability: Sweet Veil|[of] p1a: Ribombee\n|\n|upkeep\n|turn|3\n|\n|t:|1699762553\n|move|p1a: Ribombee|Light Screen|p1a: Ribombee\n|-sidestart|p1: 66arc11|move: Light Screen\n|move|p2a: Vas a dormirte|Sludge Bomb|p1a: Ribombee\n|-supereffective|p1a: Ribombee\n|-damage|p1a: Ribombee|51\/100\n|-status|p1a: Ribombee|psn\n|\n|-damage|p1a: Ribombee|38\/100 psn|[from] psn\n|upkeep\n|turn|4\n|\n|t:|1699762570\n|switch|p1a: Kingambit|Kingambit, F|100\/100\n|move|p2a: Vas a dormirte|Sludge Bomb|p1a: Kingambit\n|-immune|p1a: Kingambit\n|\n|upkeep\n|turn|5\n|\n|t:|1699762581\n|-end|p1a: Kingambit|fallenundefined|[silent]\n|switch|p1a: Ribombee|Ribombee, M|38\/100 psn\n|move|p2a: Vas a dormirte|Spore||[still]\n|-fail|p2a: Vas a dormirte\n|\n|-damage|p1a: Ribombee|26\/100 psn|[from] psn\n|upkeep\n|turn|6\n|\n|t:|1699762598\n|switch|p1a: Ceruledge|Ceruledge, M|100\/100\n|move|p2a: Vas a dormirte|Spore|p1a: Ceruledge\n|-status|p1a: Ceruledge|slp|[from] move: Spore\n|\n|upkeep\n|turn|7\n|\n|t:|1699762611\n|cant|p1a: Ceruledge|slp\n|move|p2a: Vas a dormirte|Foul Play|p1a: Ceruledge\n|-supereffective|p1a: Ceruledge\n|-damage|p1a: Ceruledge|3\/100 slp\n|-ability|p1a: Ceruledge|Weak Armor|boost\n|-unboost|p1a: Ceruledge|def|1\n|-boost|p1a: Ceruledge|spe|2\n|\n|-sideend|p1: 66arc11|move: Light Screen\n|upkeep\n|turn|8\n|\n|t:|1699762622\n|-curestatus|p1a: Ceruledge|slp|[msg]\n|move|p1a: Ceruledge|Bitter Blade|p2a: Vas a dormirte\n|-supereffective|p2a: Vas a dormirte\n|-damage|p2a: Vas a dormirte|21\/100\n|-heal|p1a: Ceruledge|62\/100|[from] drain|[of] p2a: Vas a dormirte\n|-damage|p1a: Ceruledge|45\/100|[from] item: Rocky Helmet|[of] p2a: Vas a dormirte\n|move|p2a: Vas a dormirte|Sludge Bomb|p1a: Ceruledge\n|-resisted|p1a: Ceruledge\n|-damage|p1a: Ceruledge|30\/100\n|\n|upkeep\n|turn|9\n|\n|t:|1699762636\n|switch|p2a: Gyaratrolldos|Gyarados, M, shiny|100\/100\n|-ability|p2a: Gyaratrolldos|Intimidate|boost\n|-unboost|p1a: Ceruledge|atk|1\n|move|p1a: Ceruledge|Bitter Blade|p2a: Gyaratrolldos\n|-resisted|p2a: Gyaratrolldos\n|-damage|p2a: Gyaratrolldos|85\/100\n|-heal|p1a: Ceruledge|40\/100|[from] drain|[of] p2a: Gyaratrolldos\n|\n|-heal|p2a: Gyaratrolldos|91\/100|[from] item: Leftovers\n|upkeep\n|turn|10\n|\n|t:|1699762648\n|switch|p1a: Ribombee|Ribombee, M|26\/100 psn\n|move|p2a: Gyaratrolldos|Thunder Wave||[still]\n|-fail|p2a: Gyaratrolldos\n|\n|-heal|p2a: Gyaratrolldos|98\/100|[from] item: Leftovers\n|-damage|p1a: Ribombee|14\/100 psn|[from] psn\n|upkeep\n|turn|11\n|\n|t:|1699762665\n|switch|p2a: Vas a dormirte|Amoonguss, M|55\/100\n|-activate|p2a: Vas a dormirte|move: Sticky Web\n|-unboost|p2a: Vas a dormirte|spe|1\n|move|p1a: Ribombee|Stun Spore|p2a: Vas a dormirte\n|-immune|p2a: Vas a dormirte\n|\n|-damage|p1a: Ribombee|2\/100 psn|[from] psn\n|upkeep\n|turn|12\n|\n|t:|1699762684\n|switch|p2a: Donphansaurio|Great Tusk|100\/100\n|move|p1a: Ribombee|Light Screen|p1a: Ribombee\n|-sidestart|p1: 66arc11|move: Light Screen\n|\n|-damage|p1a: Ribombee|0 fnt|[from] psn\n|faint|p1a: Ribombee\n|upkeep\n|\n|t:|1699762695\n|switch|p1a: Glimmora|Glimmora, F|100\/100\n|-item|p1a: Glimmora|Air Balloon\n|turn|13\n|\n|t:|1699762710\n|move|p1a: Glimmora|Spiky Shield|p1a: Glimmora\n|-singleturn|p1a: Glimmora|move: Protect\n|move|p2a: Donphansaurio|Headlong Rush|p1a: Glimmora\n|-activate|p1a: Glimmora|move: Protect\n|-damage|p2a: Donphansaurio|88\/100|[from] Spiky Shield|[of] p1a: Glimmora\n|\n|upkeep\n|turn|14\n|\n|t:|1699762720\n|move|p2a: Donphansaurio|Stealth Rock|p1a: Glimmora\n|-sidestart|p1: 66arc11|move: Stealth Rock\n|move|p1a: Glimmora|Sludge Bomb|p2a: Donphansaurio\n|-resisted|p2a: Donphansaurio\n|-damage|p2a: Donphansaurio|51\/100\n|\n|upkeep\n|turn|15\n|\n|t:|1699762733\n|move|p1a: Glimmora|Spiky Shield|p1a: Glimmora\n|-singleturn|p1a: Glimmora|move: Protect\n|move|p2a: Donphansaurio|Headlong Rush|p1a: Glimmora\n|-activate|p1a: Glimmora|move: Protect\n|-damage|p2a: Donphansaurio|39\/100|[from] Spiky Shield|[of] p1a: Glimmora\n|\n|upkeep\n|turn|16\n|\n|t:|1699762744\n|move|p2a: Donphansaurio|Headlong Rush|p1a: Glimmora\n|-immune|p1a: Glimmora\n|move|p1a: Glimmora|Sludge Bomb|p2a: Donphansaurio\n|-resisted|p2a: Donphansaurio\n|-damage|p2a: Donphansaurio|3\/100\n|-status|p2a: Donphansaurio|psn\n|\n|-damage|p2a: Donphansaurio|0 fnt|[from] psn\n|faint|p2a: Donphansaurio\n|-end|p2a: Donphansaurio|Protosynthesis|[silent]\n|-sideend|p1: 66arc11|move: Light Screen\n|upkeep\n|\n|t:|1699762766\n|switch|p2a: Gyaratrolldos|Gyarados, M, shiny|98\/100\n|-ability|p2a: Gyaratrolldos|Intimidate|boost\n|-unboost|p1a: Glimmora|atk|1\n|turn|17\n|\n|t:|1699762777\n|move|p1a: Glimmora|Power Gem|p2a: Gyaratrolldos\n|-supereffective|p2a: Gyaratrolldos\n|-damage|p2a: Gyaratrolldos|35\/100\n|move|p2a: Gyaratrolldos|Thunder Wave|p1a: Glimmora|[miss]\n|-miss|p2a: Gyaratrolldos|p1a: Glimmora\n|\n|-heal|p2a: Gyaratrolldos|41\/100|[from] item: Leftovers\n|upkeep\n|turn|18\n|\n|t:|1699762790\n|switch|p2a: Gordo Mantecoso|Goodra-Hisui, M|100\/100\n|-activate|p2a: Gordo Mantecoso|move: Sticky Web\n|-unboost|p2a: Gordo Mantecoso|spe|1\n|move|p1a: Glimmora|Sludge Bomb|p2a: Gordo Mantecoso\n|-immune|p2a: Gordo Mantecoso\n|\n|upkeep\n|turn|19\n|\n|t:|1699762811\n|move|p1a: Glimmora|Stealth Rock|p2a: Gordo Mantecoso\n|-sidestart|p2: Chapamaru|move: Stealth Rock\n|move|p2a: Gordo Mantecoso|Flash Cannon|p1a: Glimmora\n|-supereffective|p1a: Glimmora\n|-damage|p1a: Glimmora|0 fnt\n|-enditem|p1a: Glimmora|Air Balloon\n|faint|p1a: Glimmora\n|\n|upkeep\n|\n|t:|1699762818\n|switch|p1a: Great Tusk|Great Tusk|100\/100\n|-damage|p1a: Great Tusk|98\/100|[from] Stealth Rock\n|turn|20\n|\n|t:|1699762829\n|switch|p2a: Gyaratrolldos|Gyarados, M, shiny|41\/100\n|-damage|p2a: Gyaratrolldos|16\/100|[from] Stealth Rock\n|-ability|p2a: Gyaratrolldos|Intimidate|boost\n|-unboost|p1a: Great Tusk|atk|1\n|move|p1a: Great Tusk|Rapid Spin|p2a: Gyaratrolldos\n|-crit|p2a: Gyaratrolldos\n|-damage|p2a: Gyaratrolldos|0 fnt\n|-boost|p1a: Great Tusk|spe|1\n|-sideend|p1: 66arc11|Stealth Rock|[from] move: Rapid Spin|[of] p1a: Great Tusk\n|faint|p2a: Gyaratrolldos\n|\n|-heal|p1a: Great Tusk|100\/100|[from] item: Leftovers\n|upkeep\n|\n|t:|1699762842\n|switch|p2a: Batman|Gliscor, M|100\/100\n|-damage|p2a: Batman|88\/100|[from] Stealth Rock\n|turn|21\n|\n|t:|1699762848\n|move|p2a: Batman|Protect|p2a: Batman\n|-singleturn|p2a: Batman|Protect\n|move|p1a: Great Tusk|Taunt|p2a: Batman\n|-activate|p2a: Batman|move: Protect\n|\n|-status|p2a: Batman|tox|[from] item: Toxic Orb\n|upkeep\n|turn|22\n|\n|t:|1699762861\n|-end|p1a: Great Tusk|Protosynthesis|[silent]\n|switch|p1a: Kingambit|Kingambit, F|100\/100\n|-activate|p1a: Kingambit|ability: Supreme Overlord\n|-start|p1a: Kingambit|fallen2|[silent]\n|move|p2a: Batman|Toxic|p1a: Kingambit\n|-immune|p1a: Kingambit\n|\n|-heal|p2a: Batman|100\/100 tox|[from] ability: Poison Heal\n|upkeep\n|turn|23\n|\n|t:|1699762872\n|-terastallize|p1a: Kingambit|Flying\n|move|p2a: Batman|Earthquake|p1a: Kingambit\n|-immune|p1a: Kingambit\n|move|p1a: Kingambit|Swords Dance|p1a: Kingambit\n|-boost|p1a: Kingambit|atk|2\n|\n|upkeep\n|turn|24\n|\n|t:|1699762882\n|move|p2a: Batman|Toxic|p1a: Kingambit\n|-status|p1a: Kingambit|tox\n|move|p1a: Kingambit|Swords Dance|p1a: Kingambit\n|-boost|p1a: Kingambit|atk|2\n|\n|-damage|p1a: Kingambit|94\/100 tox|[from] psn\n|upkeep\n|turn|25\n|\n|t:|1699762894\n|move|p2a: Batman|Knock Off|p1a: Kingambit\n|-damage|p1a: Kingambit|80\/100 tox\n|-enditem|p1a: Kingambit|Focus Sash|[from] move: Knock Off|[of] p2a: Batman\n|move|p1a: Kingambit|Swords Dance|p1a: Kingambit\n|-boost|p1a: Kingambit|atk|2\n|\n|-damage|p1a: Kingambit|67\/100 tox|[from] psn\n|upkeep\n|turn|26\n|\n|t:|1699762905\n|move|p2a: Batman|Protect|p2a: Batman\n|-singleturn|p2a: Batman|Protect\n|move|p1a: Kingambit|Kowtow Cleave|p2a: Batman\n|-activate|p2a: Batman|move: Protect\n|\n|-damage|p1a: Kingambit|49\/100 tox|[from] psn\n|upkeep\n|turn|27\n|\n|t:|1699762925\n|switch|p2a: Gordo Mantecoso|Goodra-Hisui, M|100\/100\n|-activate|p2a: Gordo Mantecoso|move: Sticky Web\n|-unboost|p2a: Gordo Mantecoso|spe|1\n|-damage|p2a: Gordo Mantecoso|94\/100|[from] Stealth Rock\n|move|p1a: Kingambit|Kowtow Cleave|p2a: Gordo Mantecoso\n|-damage|p2a: Gordo Mantecoso|0 fnt\n|faint|p2a: Gordo Mantecoso\n|\n|-damage|p1a: Kingambit|24\/100 tox|[from] psn\n|upkeep\n|\n|t:|1699762940\n|switch|p2a: Batman|Gliscor, M|100\/100 tox\n|-damage|p2a: Batman|88\/100 tox|[from] Stealth Rock\n|turn|28\n|\n|t:|1699762951\n|-end|p1a: Kingambit|fallen2|[silent]\n|switch|p1a: Great Tusk|Great Tusk|100\/100\n|move|p2a: Batman|Protect||[still]\n|-fail|p2a: Batman\n|\n|-heal|p2a: Batman|100\/100 tox|[from] ability: Poison Heal\n|upkeep\n|turn|29\n|\n|t:|1699762959\n|move|p1a: Great Tusk|Taunt|p2a: Batman\n|-start|p2a: Batman|move: Taunt\n|move|p2a: Batman|Earthquake|p1a: Great Tusk\n|-damage|p1a: Great Tusk|75\/100\n|\n|-heal|p1a: Great Tusk|81\/100|[from] item: Leftovers\n|upkeep\n|turn|30\n|\n|t:|1699762969\n|switch|p2a: Vas a dormirte|Amoonguss, M|88\/100\n|-activate|p2a: Vas a dormirte|move: Sticky Web\n|-unboost|p2a: Vas a dormirte|spe|1\n|-damage|p2a: Vas a dormirte|75\/100|[from] Stealth Rock\n|move|p1a: Great Tusk|Rapid Spin|p2a: Vas a dormirte\n|-damage|p2a: Vas a dormirte|63\/100\n|-boost|p1a: Great Tusk|spe|1\n|-damage|p1a: Great Tusk|64\/100|[from] item: Rocky Helmet|[of] p2a: Vas a dormirte\n|\n|-heal|p1a: Great Tusk|71\/100|[from] item: Leftovers\n|upkeep\n|turn|31\n|\n|t:|1699762985\n|move|p1a: Great Tusk|Taunt|p2a: Vas a dormirte\n|-start|p2a: Vas a dormirte|move: Taunt\n|move|p2a: Vas a dormirte|Giga Drain|p1a: Great Tusk\n|-supereffective|p1a: Great Tusk\n|-damage|p1a: Great Tusk|3\/100\n|-heal|p2a: Vas a dormirte|92\/100|[from] drain|[of] p1a: Great Tusk\n|\n|-heal|p1a: Great Tusk|9\/100|[from] item: Leftovers\n|upkeep\n|turn|32\n|\n|t:|1699763004\n|move|p1a: Great Tusk|Earthquake|p2a: Vas a dormirte\n|-damage|p2a: Vas a dormirte|51\/100\n|move|p2a: Vas a dormirte|Sludge Bomb|p1a: Great Tusk\n|-resisted|p1a: Great Tusk\n|-damage|p1a: Great Tusk|0 fnt\n|faint|p1a: Great Tusk\n|-end|p1a: Great Tusk|Protosynthesis|[silent]\n|\n|upkeep\n|inactive|Battle timer is ON: inactive players will automatically lose when time's up. (requested by Chapamaru)\n|inactive|66arc11 has 120 seconds left.\n|inactive|66arc11 has 90 seconds left.\n|inactive|66arc11 has 60 seconds left.\n|inactive|66arc11 has 30 seconds left.\n|inactive|66arc11 has 20 seconds left.\n|inactive|66arc11 has 15 seconds left.\n|inactive|66arc11 has 10 seconds left.\n|inactive|66arc11 has 5 seconds left.\n|-message|66arc11 lost due to inactivity.\n|\n|win|Chapamaru\n|raw|66arc11's rating: 1132 &rarr; <strong>1111<\/strong><br \/>(-21 for losing)\n|raw|Chapamaru's rating: 1186 &rarr; <strong>1207<\/strong><br \/>(+21 for winning)\n","uploadtime":1699763222,"views":9,"p1id":"66arc11","p2id":"chapamaru","formatid":"gen9ou","rating":1111,"private":0,"password":""}