{"id":"gen9ou-1988744606","p1":"viivian","p2":"GamerGenom","format":"[Gen 9] OU","log":"|j|\u203dviivian\n|j|\u2606GamerGenom\n|t:|1699757640\n|gametype|singles\n|player|p1|viivian|iris-gen5bw2|1601\n|player|p2|GamerGenom|169|1620\n|teamsize|p1|6\n|teamsize|p2|6\n|gen|9\n|tier|[Gen 9] OU\n|rated|\n|rule|Sleep Clause Mod: Limit one foe put to sleep\n|rule|Species Clause: Limit one of each Pok\u00e9mon\n|rule|OHKO Clause: OHKO moves are banned\n|rule|Evasion Items Clause: Evasion items are banned\n|rule|Evasion Moves Clause: Evasion moves are banned\n|rule|Endless Battle Clause: Forcing endless battles is banned\n|rule|HP Percentage Mod: HP is shown in percentages\n|clearpoke\n|poke|p1|Ribombee, M|\n|poke|p1|Breloom, M|\n|poke|p1|Gholdengo|\n|poke|p1|Kingambit, F|\n|poke|p1|Great Tusk|\n|poke|p1|Walking Wake|\n|poke|p2|Kommo-o, F|\n|poke|p2|Slowking-Galar, M|\n|poke|p2|Great Tusk|\n|poke|p2|Inteleon, M|\n|poke|p2|Enamorus, F|\n|poke|p2|Corviknight, F|\n|teampreview\n|inactive|Battle timer is ON: inactive players will automatically lose when time's up. (requested by GamerGenom)\n|\n|t:|1699757649\n|start\n|switch|p1a: Ribombee|Ribombee, M|100\/100\n|switch|p2a: Breedable?|Enamorus, F|100\/100\n|turn|1\n|\n|t:|1699757653\n|move|p2a: Breedable?|Moonblast|p1a: Ribombee\n|-damage|p1a: Ribombee|11\/100\n|move|p1a: Ribombee|Sticky Web|p2a: Breedable?\n|-sidestart|p2: GamerGenom|move: Sticky Web\n|\n|upkeep\n|turn|2\n|\n|t:|1699757657\n|move|p2a: Breedable?|Moonblast|p1a: Ribombee\n|-damage|p1a: Ribombee|0 fnt\n|faint|p1a: Ribombee\n|\n|upkeep\n|\n|t:|1699757659\n|switch|p1a: Gholdengo|Gholdengo|100\/100\n|-item|p1a: Gholdengo|Air Balloon\n|turn|3\n|\n|t:|1699757676\n|switch|p2a: Based Bird|Corviknight, F, shiny|100\/100\n|-ability|p2a: Based Bird|Pressure\n|move|p1a: Gholdengo|Shadow Ball|p2a: Based Bird\n|-damage|p2a: Based Bird|65\/100\n|\n|upkeep\n|turn|4\n|\n|t:|1699757682\n|move|p1a: Gholdengo|Nasty Plot|p1a: Gholdengo\n|-boost|p1a: Gholdengo|spa|2\n|move|p2a: Based Bird|U-turn|p1a: Gholdengo\n|-resisted|p1a: Gholdengo\n|-damage|p1a: Gholdengo|98\/100\n|-enditem|p1a: Gholdengo|Air Balloon\n|\n|t:|1699757688\n|switch|p2a: Breedable?|Enamorus, F|100\/100|[from] U-turn\n|\n|upkeep\n|turn|5\n|\n|t:|1699757698\n|move|p2a: Breedable?|Mystical Fire|p1a: Gholdengo\n|-supereffective|p1a: Gholdengo\n|-damage|p1a: Gholdengo|37\/100\n|-unboost|p1a: Gholdengo|spa|1\n|move|p1a: Gholdengo|Make It Rain|p2a: Breedable?\n|-supereffective|p2a: Breedable?\n|-damage|p2a: Breedable?|0 fnt\n|-unboost|p1a: Gholdengo|spa|1\n|faint|p2a: Breedable?\n|\n|upkeep\n|inactive|GamerGenom has 120 seconds left.\n|\n|t:|1699757724\n|switch|p2a: The Sniper|Inteleon, M, shiny|100\/100\n|-activate|p2a: The Sniper|move: Sticky Web\n|-unboost|p2a: The Sniper|spe|1\n|turn|6\n|\n|t:|1699757729\n|move|p2a: The Sniper|Shadow Ball|p1a: Gholdengo\n|-supereffective|p1a: Gholdengo\n|-damage|p1a: Gholdengo|0 fnt\n|faint|p1a: Gholdengo\n|\n|upkeep\n|\n|t:|1699757731\n|switch|p1a: Breloom|Breloom, M|100\/100\n|turn|7\n|j| cvcvttty55eeerasw\n|\n|t:|1699757737\n|switch|p2a: Based Bird|Corviknight, F, shiny|65\/100\n|-ability|p2a: Based Bird|Pressure\n|move|p1a: Breloom|Spore|p2a: Based Bird\n|-status|p2a: Based Bird|slp|[from] move: Spore\n|\n|upkeep\n|turn|8\n|\n|t:|1699757741\n|move|p1a: Breloom|Swords Dance|p1a: Breloom\n|-boost|p1a: Breloom|atk|2\n|cant|p2a: Based Bird|slp\n|\n|upkeep\n|turn|9\n|\n|t:|1699757747\n|move|p1a: Breloom|Mach Punch|p2a: Based Bird\n|-damage|p2a: Based Bird|28\/100 slp\n|-damage|p1a: Breloom|84\/100|[from] item: Rocky Helmet|[of] p2a: Based Bird\n|-curestatus|p2a: Based Bird|slp|[msg]\n|move|p2a: Based Bird|Roost|p2a: Based Bird\n|-heal|p2a: Based Bird|78\/100\n|-singleturn|p2a: Based Bird|move: Roost\n|\n|upkeep\n|turn|10\n|\n|t:|1699757754\n|move|p1a: Breloom|Spore|p2a: Based Bird\n|-status|p2a: Based Bird|slp|[from] move: Spore\n|cant|p2a: Based Bird|slp\n|\n|upkeep\n|turn|11\n|\n|t:|1699757757\n|switch|p1a: Walking Wake|Walking Wake|100\/100\n|-enditem|p1a: Walking Wake|Booster Energy\n|-activate|p1a: Walking Wake|ability: Protosynthesis|[fromitem]\n|-start|p1a: Walking Wake|protosynthesisspa\n|cant|p2a: Based Bird|slp\n|\n|upkeep\n|turn|12\n|\n|t:|1699757761\n|move|p1a: Walking Wake|Flamethrower|p2a: Based Bird\n|-supereffective|p2a: Based Bird\n|-damage|p2a: Based Bird|0 fnt\n|faint|p2a: Based Bird\n|\n|upkeep\n|\n|t:|1699757765\n|switch|p2a: Pinky & The Brain|Slowking-Galar, M, shiny|100\/100\n|turn|13\n|\n|t:|1699757772\n|move|p1a: Walking Wake|Hydro Steam|p2a: Pinky & The Brain\n|-damage|p2a: Pinky & The Brain|65\/100\n|move|p2a: Pinky & The Brain|Thunder Wave|p1a: Walking Wake\n|-status|p1a: Walking Wake|par\n|\n|upkeep\n|turn|14\n|\n|t:|1699757776\n|move|p1a: Walking Wake|Hydro Steam|p2a: Pinky & The Brain\n|-damage|p2a: Pinky & The Brain|30\/100\n|move|p2a: Pinky & The Brain|Future Sight|p1a: Walking Wake\n|-start|p2a: Pinky & The Brain|move: Future Sight\n|\n|upkeep\n|turn|15\n|\n|t:|1699757798\n|move|p1a: Walking Wake|Dragon Pulse|p2a: Pinky & The Brain\n|-damage|p2a: Pinky & The Brain|0 fnt\n|faint|p2a: Pinky & The Brain\n|\n|upkeep\n|inactive|GamerGenom has 120 seconds left.\n|\n|t:|1699757814\n|switch|p2a: Skin Tags|Kommo-o, F, shiny|100\/100\n|-activate|p2a: Skin Tags|move: Sticky Web\n|-unboost|p2a: Skin Tags|spe|1\n|turn|16\n|inactive|GamerGenom has 120 seconds left.\n|\n|t:|1699757826\n|-terastallize|p2a: Skin Tags|Ghost\n|move|p2a: Skin Tags|Substitute|p2a: Skin Tags\n|-start|p2a: Skin Tags|Substitute\n|-damage|p2a: Skin Tags|75\/100\n|move|p1a: Walking Wake|Dragon Pulse|p2a: Skin Tags\n|-end|p2a: Skin Tags|Substitute\n|\n|-end|p1a: Walking Wake|move: Future Sight\n|-damage|p1a: Walking Wake|51\/100 par\n|upkeep\n|turn|17\n|inactive|GamerGenom has 120 seconds left.\n|\n|t:|1699757839\n|move|p2a: Skin Tags|Clangorous Soul|p2a: Skin Tags\n|-boost|p2a: Skin Tags|atk|1\n|-boost|p2a: Skin Tags|def|1\n|-boost|p2a: Skin Tags|spa|1\n|-boost|p2a: Skin Tags|spd|1\n|-boost|p2a: Skin Tags|spe|1\n|-damage|p2a: Skin Tags|43\/100\n|-enditem|p2a: Skin Tags|Sitrus Berry|[eat]\n|-heal|p2a: Skin Tags|68\/100|[from] item: Sitrus Berry\n|move|p1a: Walking Wake|Dragon Pulse|p2a: Skin Tags\n|-damage|p2a: Skin Tags|23\/100\n|\n|upkeep\n|turn|18\n|\n|t:|1699757846\n|move|p2a: Skin Tags|Drain Punch|p1a: Walking Wake\n|-crit|p1a: Walking Wake\n|-damage|p1a: Walking Wake|0 fnt\n|-heal|p2a: Skin Tags|53\/100|[from] drain|[of] p1a: Walking Wake\n|faint|p1a: Walking Wake\n|-end|p1a: Walking Wake|Protosynthesis|[silent]\n|\n|upkeep\n|\n|t:|1699757852\n|switch|p1a: Kingambit|Kingambit, F|100\/100\n|-activate|p1a: Kingambit|ability: Supreme Overlord\n|-start|p1a: Kingambit|fallen3|[silent]\n|turn|19\n|\n|t:|1699757860\n|-terastallize|p1a: Kingambit|Flying\n|move|p2a: Skin Tags|Substitute|p2a: Skin Tags\n|-start|p2a: Skin Tags|Substitute\n|-damage|p2a: Skin Tags|28\/100\n|move|p1a: Kingambit|Kowtow Cleave|p2a: Skin Tags\n|-supereffective|p2a: Skin Tags\n|-end|p2a: Skin Tags|Substitute\n|\n|upkeep\n|turn|20\n|\n|t:|1699757878\n|move|p1a: Kingambit|Sucker Punch||[still]\n|-fail|p1a: Kingambit\n|move|p2a: Skin Tags|Substitute|p2a: Skin Tags\n|-start|p2a: Skin Tags|Substitute\n|-damage|p2a: Skin Tags|3\/100\n|\n|upkeep\n|turn|21\n|\n|t:|1699757883\n|move|p1a: Kingambit|Sucker Punch|p2a: Skin Tags\n|-supereffective|p2a: Skin Tags\n|-end|p2a: Skin Tags|Substitute\n|move|p2a: Skin Tags|Shadow Claw|p1a: Kingambit\n|-damage|p1a: Kingambit|58\/100\n|\n|upkeep\n|turn|22\n|\n|t:|1699757887\n|move|p1a: Kingambit|Sucker Punch||[still]\n|-fail|p1a: Kingambit\n|move|p2a: Skin Tags|Substitute|p2a: Skin Tags\n|-fail|p2a: Skin Tags|move: Substitute|[weak]\n|\n|upkeep\n|turn|23\n|\n|t:|1699757890\n|move|p2a: Skin Tags|Shadow Claw|p1a: Kingambit\n|-damage|p1a: Kingambit|20\/100\n|move|p1a: Kingambit|Kowtow Cleave|p2a: Skin Tags\n|-supereffective|p2a: Skin Tags\n|-damage|p2a: Skin Tags|0 fnt\n|faint|p2a: Skin Tags\n|\n|upkeep\n|\n|t:|1699757894\n|switch|p2a: Tusko Salamanca|Great Tusk|100\/100\n|-activate|p2a: Tusko Salamanca|move: Sticky Web\n|-unboost|p2a: Tusko Salamanca|spe|1\n|turn|24\n|\n|t:|1699757897\n|move|p1a: Kingambit|Iron Head|p2a: Tusko Salamanca\n|-damage|p2a: Tusko Salamanca|70\/100\n|move|p2a: Tusko Salamanca|Rapid Spin|p1a: Kingambit\n|-damage|p1a: Kingambit|8\/100\n|-boost|p2a: Tusko Salamanca|spe|1\n|-sideend|p2: GamerGenom|Sticky Web|[from] move: Rapid Spin|[of] p2a: Tusko Salamanca\n|\n|-heal|p2a: Tusko Salamanca|76\/100|[from] item: Leftovers\n|upkeep\n|turn|25\n|\n|t:|1699757903\n|move|p1a: Kingambit|Sucker Punch|p2a: Tusko Salamanca\n|-resisted|p2a: Tusko Salamanca\n|-damage|p2a: Tusko Salamanca|62\/100\n|move|p2a: Tusko Salamanca|Rapid Spin|p1a: Kingambit\n|-damage|p1a: Kingambit|0 fnt\n|-boost|p2a: Tusko Salamanca|spe|1\n|faint|p1a: Kingambit\n|-end|p1a: Kingambit|fallen3|[silent]\n|\n|-heal|p2a: Tusko Salamanca|68\/100|[from] item: Leftovers\n|upkeep\n|\n|t:|1699757905\n|switch|p1a: Great Tusk|Great Tusk|100\/100\n|-enditem|p1a: Great Tusk|Booster Energy\n|-activate|p1a: Great Tusk|ability: Protosynthesis|[fromitem]\n|-start|p1a: Great Tusk|protosynthesisatk\n|turn|26\n|\n|t:|1699757913\n|move|p2a: Tusko Salamanca|Earthquake|p1a: Great Tusk\n|-damage|p1a: Great Tusk|71\/100\n|move|p1a: Great Tusk|Rapid Spin|p2a: Tusko Salamanca\n|-crit|p2a: Tusko Salamanca\n|-damage|p2a: Tusko Salamanca|53\/100\n|-boost|p1a: Great Tusk|spe|1\n|\n|-heal|p2a: Tusko Salamanca|59\/100|[from] item: Leftovers\n|upkeep\n|turn|27\n|\n|t:|1699757916\n|move|p1a: Great Tusk|Bulk Up|p1a: Great Tusk\n|-boost|p1a: Great Tusk|atk|1\n|-boost|p1a: Great Tusk|def|1\n|move|p2a: Tusko Salamanca|Earthquake|p1a: Great Tusk\n|-damage|p1a: Great Tusk|51\/100\n|\n|-heal|p2a: Tusko Salamanca|65\/100|[from] item: Leftovers\n|upkeep\n|turn|28\n|\n|t:|1699757919\n|move|p1a: Great Tusk|Rapid Spin|p2a: Tusko Salamanca\n|-damage|p2a: Tusko Salamanca|49\/100\n|-boost|p1a: Great Tusk|spe|1\n|move|p2a: Tusko Salamanca|Earthquake|p1a: Great Tusk\n|-damage|p1a: Great Tusk|30\/100\n|\n|-heal|p2a: Tusko Salamanca|56\/100|[from] item: Leftovers\n|upkeep\n|turn|29\n|\n|t:|1699757922\n|move|p1a: Great Tusk|Ice Spinner|p2a: Tusko Salamanca\n|-supereffective|p2a: Tusko Salamanca\n|-damage|p2a: Tusko Salamanca|8\/100\n|move|p2a: Tusko Salamanca|Earthquake|p1a: Great Tusk\n|-damage|p1a: Great Tusk|8\/100\n|\n|-heal|p2a: Tusko Salamanca|14\/100|[from] item: Leftovers\n|upkeep\n|turn|30\n|\n|t:|1699757927\n|move|p1a: Great Tusk|Ice Spinner|p2a: Tusko Salamanca\n|-supereffective|p2a: Tusko Salamanca\n|-damage|p2a: Tusko Salamanca|0 fnt\n|faint|p2a: Tusko Salamanca\n|-end|p2a: Tusko Salamanca|Protosynthesis|[silent]\n|\n|upkeep\n|\n|t:|1699757929\n|switch|p2a: The Sniper|Inteleon, M, shiny|100\/100\n|turn|31\n|\n|t:|1699757931\n|move|p1a: Great Tusk|Earthquake|p2a: The Sniper\n|-damage|p2a: The Sniper|0 fnt\n|faint|p2a: The Sniper\n|\n|win|viivian\n|raw|viivian's rating: 1601 &rarr; <strong>1622<\/strong><br \/>(+21 for winning)\n|raw|GamerGenom's rating: 1620 &rarr; <strong>1599<\/strong><br \/>(-21 for losing)\n|l|\u203dviivian\n|l|\u2606GamerGenom\n","uploadtime":1699757951,"views":8,"p1id":"viivian","p2id":"gamergenom","formatid":"gen9ou","rating":1599,"private":0,"password":""}