{"id":"gen9ou-1989647524","p1":"Prof Soil","p2":"Zkeem1","format":"[Gen 9] OU","log":"|j|\u203dProf Soil\n|j|\u2606Zkeem1\n|t:|1699882904\n|gametype|singles\n|player|p1|Prof Soil|unknown|1294\n|player|p2|Zkeem1|dawn-gen4pt|1396\n|teamsize|p1|6\n|teamsize|p2|6\n|gen|9\n|tier|[Gen 9] OU\n|rated|\n|rule|Sleep Clause Mod: Limit one foe put to sleep\n|rule|Species Clause: Limit one of each Pok\u00e9mon\n|rule|OHKO Clause: OHKO moves are banned\n|rule|Evasion Items Clause: Evasion items are banned\n|rule|Evasion Moves Clause: Evasion moves are banned\n|rule|Endless Battle Clause: Forcing endless battles is banned\n|rule|HP Percentage Mod: HP is shown in percentages\n|clearpoke\n|poke|p1|Greninja-*, M|\n|poke|p1|Kommo-o, F|\n|poke|p1|Gholdengo|\n|poke|p1|Ribombee, M|\n|poke|p1|Great Tusk|\n|poke|p1|Thundurus-Therian, M|\n|poke|p2|Alomomola, F|\n|poke|p2|Ting-Lu|\n|poke|p2|Gholdengo|\n|poke|p2|Weezing-Galar, F|\n|poke|p2|Dragonite, M|\n|poke|p2|Sneasler, F|\n|teampreview\n|inactive|Battle timer is ON: inactive players will automatically lose when time's up. (requested by Prof Soil)\n|\n|t:|1699882911\n|start\n|switch|p1a: Ribombee|Ribombee, M, shiny|100\/100\n|switch|p2a: Weezing|Weezing-Galar, F|100\/100\n|turn|1\n|\n|t:|1699882916\n|move|p1a: Ribombee|Sticky Web|p2a: Weezing\n|-sidestart|p2: Zkeem1|move: Sticky Web\n|move|p2a: Weezing|Flamethrower|p1a: Ribombee\n|-supereffective|p1a: Ribombee\n|-damage|p1a: Ribombee|38\/100\n|\n|upkeep\n|turn|2\n|\n|t:|1699882923\n|move|p1a: Ribombee|Tailwind|p1a: Ribombee\n|-sidestart|p1: Prof Soil|move: Tailwind\n|move|p2a: Weezing|Defog|p1a: Ribombee\n|-unboost|p1a: Ribombee|evasion|1\n|-sideend|p2: Zkeem1|Sticky Web|[from] move: Defog|[of] p2a: Weezing\n|\n|upkeep\n|turn|3\n|\n|t:|1699882929\n|move|p1a: Ribombee|Sticky Web|p2a: Weezing\n|-sidestart|p2: Zkeem1|move: Sticky Web\n|move|p2a: Weezing|Flamethrower|p1a: Ribombee\n|-supereffective|p1a: Ribombee\n|-damage|p1a: Ribombee|0 fnt\n|faint|p1a: Ribombee\n|\n|upkeep\n|\n|t:|1699882933\n|switch|p1a: Gholdengo|Gholdengo|100\/100\n|turn|4\n|\n|t:|1699882937\n|switch|p2a: Alomomola|Alomomola, F|100\/100\n|-activate|p2a: Alomomola|move: Sticky Web\n|-unboost|p2a: Alomomola|spe|1\n|move|p1a: Gholdengo|Trick|p2a: Alomomola\n|-activate|p1a: Gholdengo|move: Trick|[of] p2a: Alomomola\n|-item|p2a: Alomomola|Choice Scarf|[from] move: Trick\n|-item|p1a: Gholdengo|Rocky Helmet|[from] move: Trick\n|\n|upkeep\n|turn|5\n|\n|t:|1699882946\n|move|p1a: Gholdengo|Shadow Ball|p2a: Alomomola\n|-damage|p2a: Alomomola|57\/100\n|move|p2a: Alomomola|Flip Turn|p1a: Gholdengo\n|-damage|p1a: Gholdengo|84\/100\n|-damage|p2a: Alomomola|41\/100|[from] item: Rocky Helmet|[of] p1a: Gholdengo\n|\n|t:|1699882956\n|switch|p2a: Ting-Lu|Ting-Lu|100\/100|[from] Flip Turn\n|-activate|p2a: Ting-Lu|move: Sticky Web\n|-unboost|p2a: Ting-Lu|spe|1\n|-ability|p2a: Ting-Lu|Vessel of Ruin\n|\n|-sideend|p1: Prof Soil|move: Tailwind\n|upkeep\n|turn|6\n|\n|t:|1699882964\n|move|p1a: Gholdengo|Trick|p2a: Ting-Lu\n|-activate|p1a: Gholdengo|move: Trick|[of] p2a: Ting-Lu\n|-item|p2a: Ting-Lu|Rocky Helmet|[from] move: Trick\n|-item|p1a: Gholdengo|Leftovers|[from] move: Trick\n|move|p2a: Ting-Lu|Stealth Rock|p1a: Gholdengo\n|-sidestart|p1: Prof Soil|move: Stealth Rock\n|\n|-heal|p1a: Gholdengo|90\/100|[from] item: Leftovers\n|upkeep\n|turn|7\n|\n|t:|1699882978\n|switch|p1a: Great Tusk|Great Tusk|100\/100\n|-damage|p1a: Great Tusk|98\/100|[from] Stealth Rock\n|move|p2a: Ting-Lu|Earthquake|p1a: Great Tusk\n|-damage|p1a: Great Tusk|77\/100\n|\n|-heal|p1a: Great Tusk|83\/100|[from] item: Leftovers\n|upkeep\n|turn|8\n|\n|t:|1699882988\n|switch|p2a: Gholdengo|Gholdengo|100\/100\n|-activate|p2a: Gholdengo|move: Sticky Web\n|-unboost|p2a: Gholdengo|spe|1\n|move|p1a: Great Tusk|Rapid Spin|p2a: Gholdengo\n|-immune|p2a: Gholdengo\n|\n|-heal|p1a: Great Tusk|89\/100|[from] item: Leftovers\n|upkeep\n|turn|9\n|\n|t:|1699883002\n|move|p2a: Gholdengo|Trick|p1a: Great Tusk\n|-activate|p2a: Gholdengo|move: Trick|[of] p1a: Great Tusk\n|-item|p1a: Great Tusk|Choice Scarf|[from] move: Trick\n|-item|p2a: Gholdengo|Leftovers|[from] move: Trick\n|move|p1a: Great Tusk|Knock Off|p2a: Gholdengo\n|-supereffective|p2a: Gholdengo\n|-damage|p2a: Gholdengo|41\/100\n|-enditem|p2a: Gholdengo|Leftovers|[from] move: Knock Off|[of] p1a: Great Tusk\n|\n|upkeep\n|turn|10\n|\n|t:|1699883012\n|-end|p1a: Great Tusk|Protosynthesis|[silent]\n|switch|p1a: Greninja|Greninja, M|100\/100\n|-damage|p1a: Greninja|88\/100|[from] Stealth Rock\n|switch|p2a: Alomomola|Alomomola, F|74\/100\n|-activate|p2a: Alomomola|move: Sticky Web\n|-unboost|p2a: Alomomola|spe|1\n|\n|upkeep\n|turn|11\n|\n|t:|1699883021\n|move|p1a: Greninja|Grass Knot|p2a: Alomomola\n|-supereffective|p2a: Alomomola\n|-damage|p2a: Alomomola|37\/100\n|move|p2a: Alomomola|Flip Turn|p1a: Greninja\n|-resisted|p1a: Greninja\n|-crit|p1a: Greninja\n|-damage|p1a: Greninja|69\/100\n|\n|t:|1699883036\n|switch|p2a: Dragonite|Dragonite, M|100\/100|[from] Flip Turn\n|\n|upkeep\n|turn|12\n|\n|t:|1699883043\n|move|p2a: Dragonite|Extreme Speed|p1a: Greninja\n|-damage|p1a: Greninja|0 fnt\n|faint|p1a: Greninja\n|\n|upkeep\n|\n|t:|1699883048\n|switch|p1a: Great Tusk|Great Tusk|89\/100\n|-damage|p1a: Great Tusk|86\/100|[from] Stealth Rock\n|turn|13\n|\n|t:|1699883057\n|switch|p2a: Alomomola|Alomomola, F|70\/100\n|-activate|p2a: Alomomola|move: Sticky Web\n|-unboost|p2a: Alomomola|spe|1\n|move|p1a: Great Tusk|Rapid Spin|p2a: Alomomola\n|-damage|p2a: Alomomola|63\/100\n|-boost|p1a: Great Tusk|spe|1\n|-sideend|p1: Prof Soil|Stealth Rock|[from] move: Rapid Spin|[of] p1a: Great Tusk\n|\n|upkeep\n|turn|14\n|\n|t:|1699883065\n|-end|p1a: Great Tusk|Protosynthesis|[silent]\n|switch|p1a: Thundurus|Thundurus-Therian, M, shiny|100\/100\n|move|p2a: Alomomola|Flip Turn|p1a: Thundurus\n|-damage|p1a: Thundurus|79\/100\n|\n|t:|1699883080\n|switch|p2a: Dragonite|Dragonite, M|100\/100|[from] Flip Turn\n|\n|upkeep\n|turn|15\n|\n|t:|1699883098\n|move|p1a: Thundurus|Thunderbolt|p2a: Dragonite\n|-damage|p2a: Dragonite|70\/100\n|-status|p2a: Dragonite|par\n|move|p2a: Dragonite|Ice Spinner|p1a: Thundurus\n|-supereffective|p1a: Thundurus\n|-damage|p1a: Thundurus|0 fnt\n|faint|p1a: Thundurus\n|\n|upkeep\n|\n|t:|1699883105\n|switch|p1a: Great Tusk|Great Tusk|86\/100\n|turn|16\n|\n|t:|1699883110\n|switch|p2a: Alomomola|Alomomola, F|96\/100\n|-activate|p2a: Alomomola|move: Sticky Web\n|-unboost|p2a: Alomomola|spe|1\n|move|p1a: Great Tusk|Stealth Rock|p2a: Alomomola\n|-sidestart|p2: Zkeem1|move: Stealth Rock\n|\n|upkeep\n|turn|17\n|\n|t:|1699883118\n|-end|p1a: Great Tusk|Protosynthesis|[silent]\n|switch|p1a: Gholdengo|Gholdengo|90\/100\n|move|p2a: Alomomola|Flip Turn|p1a: Gholdengo\n|-damage|p1a: Gholdengo|72\/100\n|\n|t:|1699883124\n|switch|p2a: Ting-Lu|Ting-Lu|100\/100|[from] Flip Turn\n|-activate|p2a: Ting-Lu|move: Sticky Web\n|-unboost|p2a: Ting-Lu|spe|1\n|-damage|p2a: Ting-Lu|94\/100|[from] Stealth Rock\n|-ability|p2a: Ting-Lu|Vessel of Ruin\n|\n|-heal|p1a: Gholdengo|78\/100|[from] item: Leftovers\n|upkeep\n|turn|18\n|\n|t:|1699883137\n|move|p1a: Gholdengo|Make It Rain|p2a: Ting-Lu\n|-damage|p2a: Ting-Lu|69\/100\n|-unboost|p1a: Gholdengo|spa|1\n|move|p2a: Ting-Lu|Earthquake|p1a: Gholdengo\n|-supereffective|p1a: Gholdengo\n|-damage|p1a: Gholdengo|0 fnt\n|faint|p1a: Gholdengo\n|\n|upkeep\n|\n|t:|1699883142\n|switch|p1a: Great Tusk|Great Tusk|86\/100\n|turn|19\n|\n|t:|1699883150\n|switch|p2a: Alomomola|Alomomola, F|100\/100\n|-activate|p2a: Alomomola|move: Sticky Web\n|-unboost|p2a: Alomomola|spe|1\n|-damage|p2a: Alomomola|88\/100|[from] Stealth Rock\n|move|p1a: Great Tusk|Knock Off|p2a: Alomomola\n|-damage|p2a: Alomomola|71\/100\n|-enditem|p2a: Alomomola|Choice Scarf|[from] move: Knock Off|[of] p1a: Great Tusk\n|\n|upkeep\n|turn|20\n|\n|t:|1699883161\n|move|p1a: Great Tusk|Knock Off|p2a: Alomomola\n|-damage|p2a: Alomomola|60\/100\n|move|p2a: Alomomola|Flip Turn|p1a: Great Tusk\n|-supereffective|p1a: Great Tusk\n|-damage|p1a: Great Tusk|70\/100\n|\n|t:|1699883167\n|switch|p2a: Weezing|Weezing-Galar, F|100\/100|[from] Flip Turn\n|-damage|p2a: Weezing|88\/100|[from] Stealth Rock\n|\n|upkeep\n|turn|21\n|\n|t:|1699883182\n|-end|p1a: Great Tusk|Protosynthesis|[silent]\n|switch|p1a: Kommo-o|Kommo-o, F, shiny|100\/100\n|move|p2a: Weezing|Will-O-Wisp|p1a: Kommo-o\n|-status|p1a: Kommo-o|brn\n|\n|-damage|p1a: Kommo-o|94\/100 brn|[from] brn\n|upkeep\n|turn|22\n|-message|Prof Soil forfeited.\n|\n|win|Zkeem1\n|raw|Prof Soil's rating: 1304 &rarr; <strong>1289<\/strong><br \/>(-15 for losing)\n|raw|Zkeem1's rating: 1396 &rarr; <strong>1411<\/strong><br \/>(+15 for winning)\n|l|\u203dProf Soil\n","uploadtime":1699883194,"views":14,"p1id":"profsoil","p2id":"zkeem1","formatid":"gen9ou","rating":1289,"private":0,"password":""}