{"id":"gen9ou-1991911866","p1":"Eliprogamer","p2":"darkest lariat yup","format":"[Gen 9] OU","log":"|j|\u2606Eliprogamer\n|j|\u2606darkest lariat yup\n|inactive|Battle timer is ON: inactive players will automatically lose when time's up.\n|t:|1700137215\n|gametype|singles\n|player|p1|Eliprogamer|biker-gen4|\n|player|p2|darkest lariat yup|2|\n|teamsize|p1|6\n|teamsize|p2|6\n|gen|9\n|tier|[Gen 9] OU\n|rated|Tournament battle\n|rule|Sleep Clause Mod: Limit one foe put to sleep\n|rule|Species Clause: Limit one of each Pok\u00e9mon\n|rule|OHKO Clause: OHKO moves are banned\n|rule|Evasion Items Clause: Evasion items are banned\n|rule|Evasion Moves Clause: Evasion moves are banned\n|rule|Endless Battle Clause: Forcing endless battles is banned\n|rule|HP Percentage Mod: HP is shown in percentages\n|clearpoke\n|poke|p1|Empoleon, M|\n|poke|p1|Corviknight, F|\n|poke|p1|Greninja-*, F|\n|poke|p1|Iron Treads|\n|poke|p1|Chandelure, F|\n|poke|p1|Cinderace, F|\n|poke|p2|Spidops, M|\n|poke|p2|Sinistcha-Masterpiece|\n|poke|p2|Sawsbuck, M|\n|poke|p2|Cyclizar, M|\n|poke|p2|Dudunsparce-*, F|\n|poke|p2|Jirachi|\n|teampreview\n|c|\u2606Eliprogamer|ZAMN\n|c|\u2606Eliprogamer|What an unique team\n|\n|t:|1700137228\n|start\n|switch|p1a: Onlyusedcuzgood|Cinderace, F|100\/100\n|switch|p2a: Spidops|Spidops, M, shiny|100\/100\n|turn|1\n|\n|t:|1700137234\n|move|p1a: Onlyusedcuzgood|Pyro Ball|p2a: Spidops\n|-supereffective|p2a: Spidops\n|-enditem|p2a: Spidops|Focus Sash\n|-damage|p2a: Spidops|1\/100\n|move|p2a: Spidops|Circle Throw|p1a: Onlyusedcuzgood\n|-damage|p1a: Onlyusedcuzgood|85\/100\n|drag|p1a: Peni\u00a7infrontofface|Iron Treads|100\/100\n|\n|upkeep\n|turn|2\n|j| SandySubway\n|\n|t:|1700137244\n|move|p2a: Spidops|Silk Trap|p2a: Spidops\n|-singleturn|p2a: Spidops|Protect\n|move|p1a: Peni\u00a7infrontofface|Rapid Spin|p2a: Spidops\n|-activate|p2a: Spidops|move: Protect\n|-unboost|p1a: Peni\u00a7infrontofface|spe|1\n|\n|upkeep\n|turn|3\n|\n|t:|1700137254\n|move|p2a: Spidops|Silk Trap||[still]\n|-fail|p2a: Spidops\n|move|p1a: Peni\u00a7infrontofface|Rapid Spin|p2a: Spidops\n|-damage|p2a: Spidops|0 fnt\n|-boost|p1a: Peni\u00a7infrontofface|spe|1\n|faint|p2a: Spidops\n|\n|upkeep\n|\n|t:|1700137263\n|switch|p2a: Sinistcha|Sinistcha-Masterpiece|100\/100\n|turn|4\n|\n|t:|1700137270\n|-end|p1a: Peni\u00a7infrontofface|Quark Drive|[silent]\n|switch|p1a: Kanye|Chandelure, F, shiny|100\/100\n|move|p2a: Sinistcha|Calm Mind|p2a: Sinistcha\n|-boost|p2a: Sinistcha|spa|1\n|-boost|p2a: Sinistcha|spd|1\n|\n|upkeep\n|turn|5\n|c|\u2606Eliprogamer|ZA SNITCHA\n|\n|t:|1700137285\n|-terastallize|p2a: Sinistcha|Poison\n|move|p1a: Kanye|Overheat|p2a: Sinistcha\n|-damage|p2a: Sinistcha|72\/100\n|-unboost|p1a: Kanye|spa|2\n|move|p2a: Sinistcha|Shadow Ball|p1a: Kanye\n|-supereffective|p1a: Kanye\n|-damage|p1a: Kanye|0 fnt\n|faint|p1a: Kanye\n|\n|-heal|p2a: Sinistcha|78\/100|[from] item: Leftovers\n|upkeep\n|l| SandySubway\n|\n|t:|1700137293\n|switch|p1a: Peni\u00a7infrontofface|Iron Treads|100\/100\n|turn|6\n|\n|t:|1700137298\n|move|p1a: Peni\u00a7infrontofface|Earthquake|p2a: Sinistcha\n|-supereffective|p2a: Sinistcha\n|-damage|p2a: Sinistcha|27\/100\n|move|p2a: Sinistcha|Strength Sap|p1a: Peni\u00a7infrontofface\n|-unboost|p1a: Peni\u00a7infrontofface|atk|1\n|-heal|p2a: Sinistcha|100\/100\n|\n|upkeep\n|turn|7\n|\n|t:|1700137305\n|-end|p1a: Peni\u00a7infrontofface|Quark Drive|[silent]\n|switch|p1a: GOAT WATER BIRD|Empoleon, M|100\/100\n|move|p2a: Sinistcha|Calm Mind|p2a: Sinistcha\n|-boost|p2a: Sinistcha|spa|1\n|-boost|p2a: Sinistcha|spd|1\n|\n|upkeep\n|turn|8\n|\n|t:|1700137312\n|move|p2a: Sinistcha|Matcha Gotcha|p1a: GOAT WATER BIRD\n|-damage|p1a: GOAT WATER BIRD|60\/100\n|-status|p1a: GOAT WATER BIRD|brn\n|move|p1a: GOAT WATER BIRD|Roar|p2a: Sinistcha\n|drag|p2a: Dudunsparce|Dudunsparce-Three-Segment, F|100\/100\n|\n|-heal|p1a: GOAT WATER BIRD|66\/100 brn|[from] item: Leftovers\n|-damage|p1a: GOAT WATER BIRD|60\/100 brn|[from] brn\n|upkeep\n|turn|9\n|j| sheluvsiman\n|\n|t:|1700137322\n|move|p2a: Dudunsparce|Agility|p2a: Dudunsparce\n|-boost|p2a: Dudunsparce|spe|2\n|move|p1a: GOAT WATER BIRD|Stealth Rock|p2a: Dudunsparce\n|-sidestart|p2: darkest lariat yup|move: Stealth Rock\n|\n|-heal|p1a: GOAT WATER BIRD|66\/100 brn|[from] item: Leftovers\n|-damage|p1a: GOAT WATER BIRD|60\/100 brn|[from] brn\n|upkeep\n|turn|10\n|\n|t:|1700137328\n|move|p2a: Dudunsparce|Headbutt|p1a: GOAT WATER BIRD\n|-resisted|p1a: GOAT WATER BIRD\n|-damage|p1a: GOAT WATER BIRD|45\/100 brn\n|cant|p1a: GOAT WATER BIRD|flinch\n|\n|-heal|p1a: GOAT WATER BIRD|51\/100 brn|[from] item: Leftovers\n|-damage|p1a: GOAT WATER BIRD|45\/100 brn|[from] brn\n|upkeep\n|turn|11\n|\n|t:|1700137337\n|move|p2a: Dudunsparce|Headbutt|p1a: GOAT WATER BIRD\n|-resisted|p1a: GOAT WATER BIRD\n|-damage|p1a: GOAT WATER BIRD|29\/100 brn\n|cant|p1a: GOAT WATER BIRD|flinch\n|\n|-heal|p1a: GOAT WATER BIRD|35\/100 brn|[from] item: Leftovers\n|-damage|p1a: GOAT WATER BIRD|29\/100 brn|[from] brn\n|upkeep\n|turn|12\n|\n|t:|1700137342\n|switch|p1a: Larry Bird|Corviknight, F|100\/100\n|-ability|p1a: Larry Bird|Pressure\n|move|p2a: Dudunsparce|Earthquake|p1a: Larry Bird\n|-immune|p1a: Larry Bird\n|\n|upkeep\n|turn|13\n|j| TheNewBrends11\n|\n|t:|1700137346\n|move|p2a: Dudunsparce|Rock Slide|p1a: Larry Bird\n|-damage|p1a: Larry Bird|87\/100\n|cant|p1a: Larry Bird|flinch\n|\n|upkeep\n|turn|14\n|j| SandySubway\n|\n|t:|1700137355\n|move|p2a: Dudunsparce|Rock Slide|p1a: Larry Bird\n|-damage|p1a: Larry Bird|75\/100\n|cant|p1a: Larry Bird|flinch\n|\n|upkeep\n|turn|15\n|\n|t:|1700137360\n|move|p2a: Dudunsparce|Rock Slide|p1a: Larry Bird\n|-damage|p1a: Larry Bird|61\/100\n|cant|p1a: Larry Bird|flinch\n|\n|upkeep\n|turn|16\n|\n|t:|1700137367\n|move|p2a: Dudunsparce|Rock Slide|p1a: Larry Bird\n|-damage|p1a: Larry Bird|48\/100\n|cant|p1a: Larry Bird|flinch\n|\n|upkeep\n|turn|17\n|\n|t:|1700137375\n|move|p2a: Dudunsparce|Rock Slide|p1a: Larry Bird\n|-damage|p1a: Larry Bird|35\/100\n|cant|p1a: Larry Bird|flinch\n|\n|upkeep\n|turn|18\n|\n|t:|1700137379\n|move|p2a: Dudunsparce|Rock Slide|p1a: Larry Bird\n|-damage|p1a: Larry Bird|22\/100\n|cant|p1a: Larry Bird|flinch\n|\n|upkeep\n|turn|19\n|\n|t:|1700137386\n|move|p2a: Dudunsparce|Rock Slide|p1a: Larry Bird|[miss]\n|-miss|p2a: Dudunsparce|p1a: Larry Bird\n|move|p1a: Larry Bird|Body Press|p2a: Dudunsparce\n|-supereffective|p2a: Dudunsparce\n|-damage|p2a: Dudunsparce|48\/100\n|\n|upkeep\n|turn|20\n|c|\u2606Eliprogamer|THATS WHATS IVE BEEN WAIING FOR\n|c| TheNewBrends11|yeah six in a row\n|c| TheNewBrends11|that is one lucky snake\n|\n|t:|1700137399\n|switch|p1a: Peni\u00a7infrontofface|Iron Treads|100\/100\n|move|p2a: Dudunsparce|Headbutt|p1a: Peni\u00a7infrontofface\n|-resisted|p1a: Peni\u00a7infrontofface\n|-damage|p1a: Peni\u00a7infrontofface|90\/100\n|\n|upkeep\n|turn|21\n|\n|t:|1700137411\n|move|p2a: Dudunsparce|Headbutt|p1a: Peni\u00a7infrontofface\n|-resisted|p1a: Peni\u00a7infrontofface\n|-damage|p1a: Peni\u00a7infrontofface|79\/100\n|move|p1a: Peni\u00a7infrontofface|Earthquake|p2a: Dudunsparce\n|-damage|p2a: Dudunsparce|10\/100\n|\n|upkeep\n|turn|22\n|\n|t:|1700137419\n|-end|p1a: Peni\u00a7infrontofface|Quark Drive|[silent]\n|switch|p1a: Larry Bird|Corviknight, F|22\/100\n|-ability|p1a: Larry Bird|Pressure\n|move|p2a: Dudunsparce|Headbutt|p1a: Larry Bird\n|-resisted|p1a: Larry Bird\n|-damage|p1a: Larry Bird|13\/100\n|-damage|p2a: Dudunsparce|0 fnt|[from] item: Rocky Helmet|[of] p1a: Larry Bird\n|faint|p2a: Dudunsparce\n|\n|upkeep\n|\n|t:|1700137435\n|switch|p2a: Cyclizar|Cyclizar, M, shiny|100\/100\n|-damage|p2a: Cyclizar|88\/100|[from] Stealth Rock\n|turn|23\n|\n|t:|1700137441\n|move|p2a: Cyclizar|Knock Off|p1a: Larry Bird\n|-crit|p1a: Larry Bird\n|-damage|p1a: Larry Bird|0 fnt\n|-damage|p2a: Cyclizar|71\/100|[from] item: Rocky Helmet|[of] p1a: Larry Bird\n|-enditem|p1a: Larry Bird|Rocky Helmet|[from] move: Knock Off|[of] p2a: Cyclizar\n|faint|p1a: Larry Bird\n|\n|upkeep\n|\n|t:|1700137446\n|switch|p1a: Gregninjbootylickr|Greninja, F|100\/100\n|turn|24\n|\n|t:|1700137458\n|move|p1a: Gregninjbootylickr|Surf|p2a: Cyclizar\n|-start|p1a: Gregninjbootylickr|typechange|Water|[from] ability: Protean\n|-resisted|p2a: Cyclizar\n|-damage|p2a: Cyclizar|45\/100\n|move|p2a: Cyclizar|U-turn|p1a: Gregninjbootylickr\n|-damage|p1a: Gregninjbootylickr|75\/100\n|\n|t:|1700137469\n|switch|p2a: Sawsbuck|Sawsbuck, M|100\/100|[from] U-turn\n|-damage|p2a: Sawsbuck|88\/100|[from] Stealth Rock\n|\n|upkeep\n|turn|25\n|\n|t:|1700137475\n|switch|p1a: Onlyusedcuzgood|Cinderace, F|85\/100\n|move|p2a: Sawsbuck|Headbutt|p1a: Onlyusedcuzgood\n|-damage|p1a: Onlyusedcuzgood|39\/100\n|\n|upkeep\n|turn|26\n|\n|t:|1700137481\n|move|p2a: Sawsbuck|Headbutt|p1a: Onlyusedcuzgood\n|-damage|p1a: Onlyusedcuzgood|0 fnt\n|faint|p1a: Onlyusedcuzgood\n|\n|upkeep\n|\n|t:|1700137488\n|switch|p1a: GOAT WATER BIRD|Empoleon, M|29\/100 brn\n|turn|27\n|\n|t:|1700137492\n|move|p2a: Sawsbuck|Headbutt|p1a: GOAT WATER BIRD\n|-resisted|p1a: GOAT WATER BIRD\n|-damage|p1a: GOAT WATER BIRD|10\/100 brn\n|cant|p1a: GOAT WATER BIRD|flinch\n|\n|-heal|p1a: GOAT WATER BIRD|17\/100 brn|[from] item: Leftovers\n|-damage|p1a: GOAT WATER BIRD|10\/100 brn|[from] brn\n|upkeep\n|turn|28\n|\n|t:|1700137500\n|switch|p1a: Peni\u00a7infrontofface|Iron Treads|79\/100\n|move|p2a: Sawsbuck|Headbutt|p1a: Peni\u00a7infrontofface\n|-resisted|p1a: Peni\u00a7infrontofface\n|-damage|p1a: Peni\u00a7infrontofface|66\/100\n|\n|upkeep\n|turn|29\n|\n|t:|1700137507\n|move|p2a: Sawsbuck|Headbutt|p1a: Peni\u00a7infrontofface\n|-resisted|p1a: Peni\u00a7infrontofface\n|-damage|p1a: Peni\u00a7infrontofface|54\/100\n|move|p1a: Peni\u00a7infrontofface|Rapid Spin|p2a: Sawsbuck\n|-damage|p2a: Sawsbuck|70\/100\n|-boost|p1a: Peni\u00a7infrontofface|spe|1\n|\n|upkeep\n|turn|30\n|\n|t:|1700137524\n|switch|p2a: Cyclizar|Cyclizar, M, shiny|78\/100\n|-damage|p2a: Cyclizar|66\/100|[from] Stealth Rock\n|move|p1a: Peni\u00a7infrontofface|Ice Spinner|p2a: Cyclizar\n|-supereffective|p2a: Cyclizar\n|-damage|p2a: Cyclizar|5\/100\n|\n|upkeep\n|turn|31\n|\n|t:|1700137534\n|move|p1a: Peni\u00a7infrontofface|Earthquake|p2a: Cyclizar\n|-damage|p2a: Cyclizar|0 fnt\n|faint|p2a: Cyclizar\n|\n|upkeep\n|\n|t:|1700137537\n|switch|p2a: Sinistcha|Sinistcha-Masterpiece, tera:Poison|100\/100\n|-damage|p2a: Sinistcha|88\/100|[from] Stealth Rock\n|turn|32\n|j| Jeffffdd\n|\n|t:|1700137559\n|-end|p1a: Peni\u00a7infrontofface|Quark Drive|[silent]\n|switch|p1a: Gregninjbootylickr|Greninja, F|75\/100\n|move|p2a: Sinistcha|Strength Sap|p1a: Gregninjbootylickr\n|-unboost|p1a: Gregninjbootylickr|atk|1\n|-heal|p2a: Sinistcha|100\/100\n|\n|upkeep\n|turn|33\n|\n|t:|1700137567\n|move|p1a: Gregninjbootylickr|Ice Beam|p2a: Sinistcha\n|-start|p1a: Gregninjbootylickr|typechange|Ice|[from] ability: Protean\n|-damage|p2a: Sinistcha|34\/100\n|move|p2a: Sinistcha|Matcha Gotcha|p1a: Gregninjbootylickr\n|-damage|p1a: Gregninjbootylickr|24\/100\n|-heal|p2a: Sinistcha|54\/100|[from] drain|[of] p1a: Gregninjbootylickr\n|\n|-heal|p2a: Sinistcha|60\/100|[from] item: Leftovers\n|upkeep\n|turn|34\n|\n|t:|1700137580\n|switch|p2a: Jirachi|Jirachi, shiny|100\/100\n|-damage|p2a: Jirachi|94\/100|[from] Stealth Rock\n|move|p1a: Gregninjbootylickr|Ice Beam|p2a: Jirachi\n|-resisted|p2a: Jirachi\n|-damage|p2a: Jirachi|64\/100\n|\n|upkeep\n|turn|35\n|\n|t:|1700137586\n|switch|p1a: GOAT WATER BIRD|Empoleon, M|10\/100 brn\n|move|p2a: Jirachi|Iron Head|p1a: GOAT WATER BIRD\n|-resisted|p1a: GOAT WATER BIRD\n|-damage|p1a: GOAT WATER BIRD|1\/100 brn\n|\n|-heal|p1a: GOAT WATER BIRD|7\/100 brn|[from] item: Leftovers\n|-damage|p1a: GOAT WATER BIRD|1\/100 brn|[from] brn\n|upkeep\n|turn|36\n|\n|t:|1700137591\n|move|p2a: Jirachi|Iron Head|p1a: GOAT WATER BIRD\n|-resisted|p1a: GOAT WATER BIRD\n|-damage|p1a: GOAT WATER BIRD|0 fnt\n|faint|p1a: GOAT WATER BIRD\n|\n|upkeep\n|\n|t:|1700137593\n|switch|p1a: Peni\u00a7infrontofface|Iron Treads|54\/100\n|turn|37\n|\n|t:|1700137598\n|move|p2a: Jirachi|Iron Head|p1a: Peni\u00a7infrontofface\n|-resisted|p1a: Peni\u00a7infrontofface\n|-crit|p1a: Peni\u00a7infrontofface\n|-damage|p1a: Peni\u00a7infrontofface|34\/100\n|move|p1a: Peni\u00a7infrontofface|Earthquake|p2a: Jirachi\n|-supereffective|p2a: Jirachi\n|-damage|p2a: Jirachi|0 fnt\n|faint|p2a: Jirachi\n|\n|upkeep\n|\n|t:|1700137607\n|switch|p2a: Sawsbuck|Sawsbuck, M|70\/100\n|-damage|p2a: Sawsbuck|57\/100|[from] Stealth Rock\n|turn|38\n|\n|t:|1700137616\n|move|p2a: Sawsbuck|Headbutt|p1a: Peni\u00a7infrontofface\n|-resisted|p1a: Peni\u00a7infrontofface\n|-damage|p1a: Peni\u00a7infrontofface|22\/100\n|move|p1a: Peni\u00a7infrontofface|Rapid Spin|p2a: Sawsbuck\n|-damage|p2a: Sawsbuck|39\/100\n|-boost|p1a: Peni\u00a7infrontofface|spe|1\n|\n|upkeep\n|turn|39\n|\n|t:|1700137622\n|switch|p2a: Sinistcha|Sinistcha-Masterpiece, tera:Poison|60\/100\n|-damage|p2a: Sinistcha|48\/100|[from] Stealth Rock\n|move|p1a: Peni\u00a7infrontofface|Ice Spinner|p2a: Sinistcha\n|-damage|p2a: Sinistcha|33\/100\n|\n|-heal|p2a: Sinistcha|39\/100|[from] item: Leftovers\n|upkeep\n|turn|40\n|l| SandySubway\n|\n|t:|1700137625\n|move|p1a: Peni\u00a7infrontofface|Earthquake|p2a: Sinistcha\n|-supereffective|p2a: Sinistcha\n|-damage|p2a: Sinistcha|0 fnt\n|faint|p2a: Sinistcha\n|\n|upkeep\n|\n|t:|1700137627\n|switch|p2a: Sawsbuck|Sawsbuck, M|39\/100\n|-damage|p2a: Sawsbuck|26\/100|[from] Stealth Rock\n|turn|41\n|c|\u2606Eliprogamer|Kumalala kumalala\n|\n|t:|1700137635\n|move|p1a: Peni\u00a7infrontofface|Ice Spinner|p2a: Sawsbuck\n|-supereffective|p2a: Sawsbuck\n|-damage|p2a: Sawsbuck|0 fnt\n|faint|p2a: Sawsbuck\n|\n|win|Eliprogamer\n|n|\u2606Eliprogamer|eliprogamer\n|n|\u2606darkest lariat yup|darkestlariatyup\n|n| sheluvsiman|sheluvsiman\n|n| TheNewBrends11|thenewbrends11\n|n| Jeffffdd|jeffffdd\n|l|\u2606darkest lariat yup\n|c|\u2606Eliprogamer|GG\n|l| Jeffffdd\n|l|\u2606Eliprogamer\n|c| sheluvsiman|savesta\n|l| sheluvsiman\n","uploadtime":1700137851,"views":11,"p1id":"eliprogamer","p2id":"darkestlariatyup","formatid":"gen9ou","rating":0,"private":0,"password":""}