{"id":"gen9ou-1989968854","p1":"joeauthoritys","p2":"MegaJakeEX","format":"[Gen 9] OU","log":"|j|\u2606joeauthoritys\n|j|\u2606MegaJakeEX\n|t:|1699911138\n|gametype|singles\n|player|p1|joeauthoritys|roxanne|1184\n|player|p2|MegaJakeEX|dragontamer|1163\n|teamsize|p1|6\n|teamsize|p2|6\n|gen|9\n|tier|[Gen 9] OU\n|rated|\n|rule|Sleep Clause Mod: Limit one foe put to sleep\n|rule|Species Clause: Limit one of each Pok\u00e9mon\n|rule|OHKO Clause: OHKO moves are banned\n|rule|Evasion Items Clause: Evasion items are banned\n|rule|Evasion Moves Clause: Evasion moves are banned\n|rule|Endless Battle Clause: Forcing endless battles is banned\n|rule|HP Percentage Mod: HP is shown in percentages\n|clearpoke\n|poke|p1|Gholdengo|\n|poke|p1|Zapdos-Galar|\n|poke|p1|Rillaboom, M|\n|poke|p1|Cinderace, M|\n|poke|p1|Greninja-*, M|\n|poke|p1|Hatterene, F|\n|poke|p2|Tsareena, F|\n|poke|p2|Ceruledge, M|\n|poke|p2|Manaphy|\n|poke|p2|Goodra-Hisui, M|\n|poke|p2|Lokix, M|\n|poke|p2|Maushold-Four|\n|teampreview\n|inactive|Battle timer is ON: inactive players will automatically lose when time's up. (requested by joeauthoritys)\n|\n|t:|1699911146\n|start\n|switch|p1a: Greninja|Greninja, M|100\/100\n|switch|p2a: Goodra|Goodra-Hisui, M|100\/100\n|turn|1\n|\n|t:|1699911158\n|switch|p1a: Rillaboom|Rillaboom, M|100\/100\n|-fieldstart|move: Grassy Terrain|[from] ability: Grassy Surge|[of] p1a: Rillaboom\n|move|p2a: Goodra|Shelter|p2a: Goodra\n|-boost|p2a: Goodra|def|2\n|\n|upkeep\n|turn|2\n|\n|t:|1699911168\n|move|p1a: Rillaboom|Swords Dance|p1a: Rillaboom\n|-boost|p1a: Rillaboom|atk|2\n|move|p2a: Goodra|Shelter|p2a: Goodra\n|-boost|p2a: Goodra|def|2\n|\n|upkeep\n|turn|3\n|\n|t:|1699911173\n|move|p1a: Rillaboom|High Horsepower|p2a: Goodra\n|-supereffective|p2a: Goodra\n|-damage|p2a: Goodra|57\/100\n|move|p2a: Goodra|Dragon Tail|p1a: Rillaboom|[miss]\n|-miss|p2a: Goodra|p1a: Rillaboom\n|\n|-heal|p2a: Goodra|63\/100|[from] Grassy Terrain\n|-heal|p2a: Goodra|69\/100|[from] item: Leftovers\n|upkeep\n|turn|4\n|c|\u2606MegaJakeEX|aur naur\n|\n|t:|1699911184\n|move|p1a: Rillaboom|High Horsepower|p2a: Goodra\n|-supereffective|p2a: Goodra\n|-damage|p2a: Goodra|23\/100\n|move|p2a: Goodra|Dragon Tail|p1a: Rillaboom\n|-damage|p1a: Rillaboom|75\/100\n|drag|p1a: Greninja|Greninja, M|100\/100\n|\n|-heal|p2a: Goodra|29\/100|[from] Grassy Terrain\n|-heal|p2a: Goodra|35\/100|[from] item: Leftovers\n|upkeep\n|turn|5\n|\n|t:|1699911196\n|move|p1a: Greninja|Dark Pulse|p2a: Goodra\n|-damage|p2a: Goodra|3\/100\n|-damage|p1a: Greninja|91\/100|[from] item: Life Orb\n|move|p2a: Goodra|Body Press|p1a: Greninja\n|-supereffective|p1a: Greninja\n|-damage|p1a: Greninja|0 fnt\n|faint|p1a: Greninja\n|\n|-heal|p2a: Goodra|9\/100|[from] Grassy Terrain\n|-heal|p2a: Goodra|15\/100|[from] item: Leftovers\n|upkeep\n|\n|t:|1699911206\n|switch|p1a: Cinderace|Cinderace, M|100\/100\n|turn|6\n|\n|t:|1699911213\n|move|p1a: Cinderace|Flare Blitz|p2a: Goodra\n|-damage|p2a: Goodra|0 fnt\n|faint|p2a: Goodra\n|-damage|p1a: Cinderace|95\/100|[from] Recoil\n|\n|-heal|p1a: Cinderace|100\/100|[from] Grassy Terrain\n|upkeep\n|\n|t:|1699911221\n|switch|p2a: Ceruledge|Ceruledge, M|100\/100\n|turn|7\n|\n|t:|1699911228\n|move|p1a: Cinderace|Acrobatics|p2a: Ceruledge\n|-start|p1a: Cinderace|typechange|Flying|[from] ability: Libero\n|-damage|p2a: Ceruledge|22\/100\n|-ability|p2a: Ceruledge|Weak Armor|boost\n|-unboost|p2a: Ceruledge|def|1\n|-boost|p2a: Ceruledge|spe|2\n|move|p2a: Ceruledge|Swords Dance|p2a: Ceruledge\n|-boost|p2a: Ceruledge|atk|2\n|\n|-heal|p2a: Ceruledge|28\/100|[from] Grassy Terrain\n|upkeep\n|turn|8\n|\n|t:|1699911236\n|move|p1a: Cinderace|Sucker Punch|p2a: Ceruledge\n|-supereffective|p2a: Ceruledge\n|-damage|p2a: Ceruledge|0 fnt\n|faint|p2a: Ceruledge\n|\n|-fieldend|move: Grassy Terrain\n|upkeep\n|c|\u2606MegaJakeEX|come onnn\n|c|\u2606joeauthoritys|get recked you fucking chode\n|n|\u203djoeauthoritys|joeauthoritys\n|c|&|\/log joeauthoritys was locked from talking by Artemis. (\u2606joeauthoritys: get recked you fucking chode)\n|c|&|\/raw <small>This action was done automatically. Want to learn more about the AI? <a href=\"https:\/\/www.smogon.com\/forums\/threads\/3570628\/#post-9056769\">Visit the information thread<\/a>.<\/small>\n|c|\u2606MegaJakeEX|golly! arent you naughty\n|\n|t:|1699911266\n|switch|p2a: Manaphy|Manaphy|100\/100\n|turn|9\n|\n|t:|1699911282\n|move|p1a: Cinderace|Acrobatics|p2a: Manaphy\n|-damage|p2a: Manaphy|43\/100\n|move|p2a: Manaphy|Ice Beam|p1a: Cinderace\n|-supereffective|p1a: Cinderace\n|-crit|p1a: Cinderace\n|-damage|p1a: Cinderace|0 fnt\n|faint|p1a: Cinderace\n|\n|-heal|p2a: Manaphy|49\/100|[from] item: Leftovers\n|upkeep\n|\n|t:|1699911288\n|switch|p1a: Rillaboom|Rillaboom, M|75\/100\n|-fieldstart|move: Grassy Terrain|[from] ability: Grassy Surge|[of] p1a: Rillaboom\n|turn|10\n|\n|t:|1699911290\n|switch|p2a: Tsareena|Tsareena, F|100\/100\n|move|p1a: Rillaboom|Grassy Glide||[still]\n|cant|p2a: Tsareena|ability: Queenly Majesty|Grassy Glide|[of] p1a: Rillaboom\n|\n|-heal|p1a: Rillaboom|81\/100|[from] Grassy Terrain\n|upkeep\n|turn|11\n|\n|t:|1699911299\n|switch|p1a: Zapdos|Zapdos-Galar|100\/100\n|move|p2a: Tsareena|Trop Kick|p1a: Zapdos\n|-resisted|p1a: Zapdos\n|-damage|p1a: Zapdos|70\/100\n|-unboost|p1a: Zapdos|atk|1\n|-ability|p1a: Zapdos|Defiant|boost\n|-boost|p1a: Zapdos|atk|2\n|\n|upkeep\n|turn|12\n|\n|t:|1699911305\n|move|p1a: Zapdos|Thunderous Kick|p2a: Tsareena\n|-damage|p2a: Tsareena|27\/100\n|-unboost|p2a: Tsareena|def|1\n|move|p2a: Tsareena|Play Rough|p1a: Zapdos\n|-supereffective|p1a: Zapdos\n|-damage|p1a: Zapdos|0 fnt\n|faint|p1a: Zapdos\n|\n|-heal|p2a: Tsareena|33\/100|[from] Grassy Terrain\n|upkeep\n|\n|t:|1699911310\n|switch|p1a: Hatterene|Hatterene, F|100\/100\n|turn|13\n|\n|t:|1699911321\n|switch|p2a: Lokix|Lokix, M|100\/100\n|move|p1a: Hatterene|Draining Kiss|p2a: Lokix\n|-supereffective|p2a: Lokix\n|-enditem|p2a: Lokix|Focus Sash\n|-damage|p2a: Lokix|1\/100\n|\n|-heal|p2a: Lokix|7\/100|[from] Grassy Terrain\n|upkeep\n|turn|14\n|\n|t:|1699911333\n|move|p2a: Lokix|Leech Life|p1a: Hatterene\n|-damage|p1a: Hatterene|57\/100\n|-heal|p2a: Lokix|27\/100|[from] drain|[of] p1a: Hatterene\n|move|p1a: Hatterene|Draining Kiss|p2a: Lokix\n|-supereffective|p2a: Lokix\n|-damage|p2a: Lokix|0 fnt\n|-heal|p1a: Hatterene|79\/100|[from] drain|[of] p2a: Lokix\n|faint|p2a: Lokix\n|\n|-heal|p1a: Hatterene|84\/100|[from] Grassy Terrain\n|-heal|p1a: Hatterene|90\/100|[from] item: Leftovers\n|upkeep\n|\n|t:|1699911340\n|switch|p2a: Maushold|Maushold-Four|100\/100\n|turn|15\n|\n|t:|1699911344\n|move|p2a: Maushold|Population Bomb|p1a: Hatterene\n|-damage|p1a: Hatterene|77\/100\n|-damage|p1a: Hatterene|65\/100\n|-damage|p1a: Hatterene|52\/100\n|-damage|p1a: Hatterene|39\/100\n|-damage|p1a: Hatterene|27\/100\n|-damage|p1a: Hatterene|14\/100\n|-damage|p1a: Hatterene|2\/100\n|-damage|p1a: Hatterene|0 fnt\n|faint|p1a: Hatterene\n|-hitcount|p1: Hatterene|8\n|\n|upkeep\n|\n|t:|1699911346\n|switch|p1a: Gholdengo|Gholdengo|100\/100\n|turn|16\n|\n|t:|1699911359\n|move|p1a: Gholdengo|Make It Rain|p2a: Maushold\n|-damage|p2a: Maushold|11\/100\n|-unboost|p1a: Gholdengo|spa|1\n|move|p2a: Maushold|Bite|p1a: Gholdengo\n|-supereffective|p1a: Gholdengo\n|-damage|p1a: Gholdengo|54\/100\n|\n|-heal|p1a: Gholdengo|60\/100|[from] Grassy Terrain\n|-heal|p2a: Maushold|17\/100|[from] Grassy Terrain\n|upkeep\n|turn|17\n|\n|t:|1699911367\n|switch|p2a: Manaphy|Manaphy|49\/100\n|move|p1a: Gholdengo|Make It Rain|p2a: Manaphy\n|-resisted|p2a: Manaphy\n|-damage|p2a: Manaphy|27\/100\n|-unboost|p1a: Gholdengo|spa|1\n|\n|-heal|p1a: Gholdengo|66\/100|[from] Grassy Terrain\n|-heal|p2a: Manaphy|34\/100|[from] Grassy Terrain\n|-heal|p2a: Manaphy|40\/100|[from] item: Leftovers\n|-fieldend|move: Grassy Terrain\n|upkeep\n|turn|18\n|\n|t:|1699911376\n|-terastallize|p1a: Gholdengo|Fairy\n|move|p1a: Gholdengo|Make It Rain|p2a: Manaphy\n|-resisted|p2a: Manaphy\n|-damage|p2a: Manaphy|23\/100\n|-unboost|p1a: Gholdengo|spa|1\n|move|p2a: Manaphy|Ice Beam|p1a: Gholdengo\n|-damage|p1a: Gholdengo|37\/100\n|\n|-heal|p2a: Manaphy|29\/100|[from] item: Leftovers\n|upkeep\n|turn|19\n|\n|t:|1699911385\n|switch|p1a: Rillaboom|Rillaboom, M|81\/100\n|-fieldstart|move: Grassy Terrain|[from] ability: Grassy Surge|[of] p1a: Rillaboom\n|move|p2a: Manaphy|Surf|p1a: Rillaboom\n|-resisted|p1a: Rillaboom\n|-damage|p1a: Rillaboom|59\/100\n|\n|-heal|p2a: Manaphy|35\/100|[from] Grassy Terrain\n|-heal|p2a: Manaphy|42\/100|[from] item: Leftovers\n|-heal|p1a: Rillaboom|66\/100|[from] Grassy Terrain\n|upkeep\n|turn|20\n|\n|t:|1699911394\n|move|p1a: Rillaboom|Grassy Glide|p2a: Manaphy\n|-supereffective|p2a: Manaphy\n|-damage|p2a: Manaphy|0 fnt\n|faint|p2a: Manaphy\n|\n|-heal|p1a: Rillaboom|72\/100|[from] Grassy Terrain\n|upkeep\n|\n|t:|1699911396\n|switch|p2a: Tsareena|Tsareena, F|33\/100\n|turn|21\n|\n|t:|1699911398\n|move|p1a: Rillaboom|Drain Punch|p2a: Tsareena\n|-damage|p2a: Tsareena|5\/100\n|-heal|p1a: Rillaboom|84\/100|[from] drain|[of] p2a: Tsareena\n|move|p2a: Tsareena|Trop Kick|p1a: Rillaboom\n|-resisted|p1a: Rillaboom\n|-damage|p1a: Rillaboom|59\/100\n|-unboost|p1a: Rillaboom|atk|1\n|\n|-heal|p1a: Rillaboom|66\/100|[from] Grassy Terrain\n|-heal|p2a: Tsareena|11\/100|[from] Grassy Terrain\n|upkeep\n|turn|22\n|\n|t:|1699911405\n|move|p1a: Rillaboom|Drain Punch|p2a: Tsareena\n|-damage|p2a: Tsareena|0 fnt\n|-heal|p1a: Rillaboom|70\/100|[from] drain|[of] p2a: Tsareena\n|faint|p2a: Tsareena\n|\n|-heal|p1a: Rillaboom|76\/100|[from] Grassy Terrain\n|upkeep\n|\n|t:|1699911406\n|switch|p2a: Maushold|Maushold-Four|17\/100\n|turn|23\n|\n|t:|1699911412\n|move|p1a: Rillaboom|Grassy Glide|p2a: Maushold\n|-damage|p2a: Maushold|0 fnt\n|faint|p2a: Maushold\n|\n|win|joeauthoritys\n|raw|joeauthoritys's rating: 1184 &rarr; <strong>1207<\/strong><br \/>(+23 for winning)\n|raw|MegaJakeEX's rating: 1163 &rarr; <strong>1140<\/strong><br \/>(-23 for losing)\n","uploadtime":1699911243,"views":8,"p1id":"joeauthoritys","p2id":"megajakeex","formatid":"gen9ou","rating":1140,"private":0,"password":""}