{"id":"gen9ou-2000633207","p1":"WongHung","p2":"Mr. Zazazenta","format":"[Gen 9] OU","log":"|j|\u2606WongHung\n|j|\u2606Mr. Zazazenta\n|t:|1701212668\n|gametype|singles\n|player|p1|WongHung|battlegirl|1220\n|player|p2|Mr. Zazazenta|hiker|1187\n|teamsize|p1|6\n|teamsize|p2|6\n|gen|9\n|tier|[Gen 9] OU\n|rated|\n|rule|Sleep Clause Mod: Limit one foe put to sleep\n|rule|Species Clause: Limit one of each Pok\u00e9mon\n|rule|OHKO Clause: OHKO moves are banned\n|rule|Evasion Items Clause: Evasion items are banned\n|rule|Evasion Moves Clause: Evasion moves are banned\n|rule|Endless Battle Clause: Forcing endless battles is banned\n|rule|HP Percentage Mod: HP is shown in percentages\n|clearpoke\n|poke|p1|Greninja-*, M|\n|poke|p1|Walking Wake|\n|poke|p1|Slowking-Galar, M|\n|poke|p1|Garganacl, M|\n|poke|p1|Ting-Lu|\n|poke|p1|Gholdengo|\n|poke|p2|Dragapult, F|\n|poke|p2|Weezing-Galar, M|\n|poke|p2|Kleavor, F|\n|poke|p2|Jirachi|\n|poke|p2|Iron Valiant|\n|poke|p2|Azumarill, F|\n|teampreview\n|inactive|Battle timer is ON: inactive players will automatically lose when time's up. (requested by Mr. Zazazenta)\n|\n|t:|1701212680\n|start\n|switch|p1a: Golden GOD|Gholdengo|100\/100\n|switch|p2a: Kleavor|Kleavor, F|100\/100\n|-item|p1a: Golden GOD|Air Balloon\n|turn|1\n|\n|t:|1701212688\n|move|p2a: Kleavor|U-turn|p1a: Golden GOD\n|-resisted|p1a: Golden GOD\n|-damage|p1a: Golden GOD|91\/100\n|-enditem|p1a: Golden GOD|Air Balloon\n|\n|t:|1701212699\n|switch|p2a: Dragapult|Dragapult, F|100\/100|[from] U-turn\n|move|p1a: Golden GOD|Nasty Plot|p1a: Golden GOD\n|-boost|p1a: Golden GOD|spa|2\n|\n|upkeep\n|turn|2\n|\n|t:|1701212706\n|-terastallize|p1a: Golden GOD|Fighting\n|move|p2a: Dragapult|Draco Meteor|p1a: Golden GOD\n|-damage|p1a: Golden GOD|0 fnt\n|-unboost|p2a: Dragapult|spa|2\n|faint|p1a: Golden GOD\n|\n|upkeep\n|\n|t:|1701212719\n|switch|p1a: Pyramid Face|Garganacl, M|100\/100\n|turn|3\n|\n|t:|1701212736\n|switch|p2a: Jirachi|Jirachi|100\/100\n|move|p1a: Pyramid Face|Stealth Rock|p2a: Jirachi\n|-sidestart|p2: Mr. Zazazenta|move: Stealth Rock\n|\n|upkeep\n|turn|4\n|\n|t:|1701212739\n|move|p2a: Jirachi|Trick|p1a: Pyramid Face\n|-activate|p2a: Jirachi|move: Trick|[of] p1a: Pyramid Face\n|-item|p1a: Pyramid Face|Choice Scarf|[from] move: Trick\n|-item|p2a: Jirachi|Leftovers|[from] move: Trick\n|move|p1a: Pyramid Face|Salt Cure|p2a: Jirachi\n|-resisted|p2a: Jirachi\n|-damage|p2a: Jirachi|93\/100\n|-start|p2a: Jirachi|Salt Cure\n|\n|-heal|p2a: Jirachi|99\/100|[from] item: Leftovers\n|-damage|p2a: Jirachi|75\/100|[from] Salt Cure\n|upkeep\n|turn|5\n|\n|t:|1701212752\n|switch|p1a: Alan|Walking Wake|100\/100\n|-enditem|p1a: Alan|Booster Energy\n|-activate|p1a: Alan|ability: Protosynthesis|[fromitem]\n|-start|p1a: Alan|protosynthesisspa\n|move|p2a: Jirachi|Wish|p2a: Jirachi\n|\n|-heal|p2a: Jirachi|81\/100|[from] item: Leftovers\n|-damage|p2a: Jirachi|56\/100|[from] Salt Cure\n|upkeep\n|turn|6\n|\n|t:|1701212759\n|move|p1a: Alan|Substitute|p1a: Alan\n|-start|p1a: Alan|Substitute\n|-damage|p1a: Alan|76\/100\n|move|p2a: Jirachi|U-turn|p1a: Alan\n|-activate|p1a: Alan|move: Substitute|[damage]\n|\n|t:|1701212764\n|switch|p2a: Kleavor|Kleavor, F|100\/100|[from] U-turn\n|-damage|p2a: Kleavor|76\/100|[from] Stealth Rock\n|\n|-heal|p2a: Kleavor|100\/100|[from] move: Wish|[wisher] Jirachi\n|upkeep\n|turn|7\n|\n|t:|1701212768\n|move|p2a: Kleavor|U-turn|p1a: Alan\n|-end|p1a: Alan|Substitute\n|\n|t:|1701212772\n|switch|p2a: Dragapult|Dragapult, F|100\/100|[from] U-turn\n|-damage|p2a: Dragapult|88\/100|[from] Stealth Rock\n|move|p1a: Alan|Surf|p2a: Dragapult\n|-resisted|p2a: Dragapult\n|-damage|p2a: Dragapult|42\/100\n|\n|upkeep\n|turn|8\n|\n|t:|1701212777\n|move|p2a: Dragapult|Draco Meteor|p1a: Alan|[miss]\n|-miss|p2a: Dragapult|p1a: Alan\n|move|p1a: Alan|Dragon Pulse|p2a: Dragapult\n|-supereffective|p2a: Dragapult\n|-damage|p2a: Dragapult|0 fnt\n|faint|p2a: Dragapult\n|\n|upkeep\n|\n|t:|1701212781\n|switch|p2a: Kleavor|Kleavor, F|100\/100\n|-damage|p2a: Kleavor|76\/100|[from] Stealth Rock\n|turn|9\n|\n|t:|1701212787\n|move|p2a: Kleavor|Stone Axe|p1a: Alan\n|-damage|p1a: Alan|23\/100\n|-sidestart|p1: WongHung|move: Stealth Rock\n|move|p1a: Alan|Surf|p2a: Kleavor\n|-supereffective|p2a: Kleavor\n|-damage|p2a: Kleavor|0 fnt\n|faint|p2a: Kleavor\n|\n|upkeep\n|\n|t:|1701212796\n|switch|p2a: Azumarill|Azumarill, F|100\/100\n|-damage|p2a: Azumarill|88\/100|[from] Stealth Rock\n|turn|10\n|\n|t:|1701212800\n|move|p1a: Alan|Surf|p2a: Azumarill\n|-resisted|p2a: Azumarill\n|-damage|p2a: Azumarill|57\/100\n|move|p2a: Azumarill|Belly Drum|p2a: Azumarill\n|-damage|p2a: Azumarill|7\/100\n|-setboost|p2a: Azumarill|atk|6|[from] move: Belly Drum\n|-enditem|p2a: Azumarill|Sitrus Berry|[eat]\n|-heal|p2a: Azumarill|32\/100|[from] item: Sitrus Berry\n|\n|upkeep\n|turn|11\n|\n|t:|1701212805\n|-terastallize|p2a: Azumarill|Water\n|move|p2a: Azumarill|Aqua Jet|p1a: Alan\n|-resisted|p1a: Alan\n|-damage|p1a: Alan|0 fnt\n|faint|p1a: Alan\n|-end|p1a: Alan|Protosynthesis|[silent]\n|\n|upkeep\n|c|\u2606Mr. Zazazenta|gg\n|\n|t:|1701212810\n|switch|p1a: Pyramid Face|Garganacl, M|100\/100\n|-damage|p1a: Pyramid Face|88\/100|[from] Stealth Rock\n|turn|12\n|\n|t:|1701212815\n|move|p1a: Pyramid Face|Protect|p1a: Pyramid Face\n|-singleturn|p1a: Pyramid Face|Protect\n|move|p2a: Azumarill|Aqua Jet|p1a: Pyramid Face\n|-activate|p1a: Pyramid Face|move: Protect\n|\n|upkeep\n|turn|13\n|\n|t:|1701212824\n|switch|p1a: Greninja|Greninja, M|100\/100\n|-damage|p1a: Greninja|88\/100|[from] Stealth Rock\n|move|p2a: Azumarill|Aqua Jet|p1a: Greninja\n|-resisted|p1a: Greninja\n|-damage|p1a: Greninja|0 fnt\n|faint|p1a: Greninja\n|\n|upkeep\n|\n|t:|1701212827\n|switch|p1a: Pyramid Face|Garganacl, M|88\/100\n|-damage|p1a: Pyramid Face|76\/100|[from] Stealth Rock\n|turn|14\n|\n|t:|1701212829\n|move|p2a: Azumarill|Aqua Jet|p1a: Pyramid Face\n|-supereffective|p1a: Pyramid Face\n|-damage|p1a: Pyramid Face|0 fnt\n|faint|p1a: Pyramid Face\n|\n|upkeep\n|\n|t:|1701212834\n|switch|p1a: Slowking|Slowking-Galar, M|100\/100\n|-damage|p1a: Slowking|88\/100|[from] Stealth Rock\n|turn|15\n|\n|t:|1701212838\n|move|p2a: Azumarill|Liquidation|p1a: Slowking\n|-damage|p1a: Slowking|0 fnt\n|faint|p1a: Slowking\n|\n|upkeep\n|\n|t:|1701212841\n|switch|p1a: King Louise XVIII|Ting-Lu|100\/100\n|-damage|p1a: King Louise XVIII|94\/100|[from] Stealth Rock\n|-ability|p1a: King Louise XVIII|Vessel of Ruin\n|turn|16\n|\n|t:|1701212844\n|move|p2a: Azumarill|Liquidation|p1a: King Louise XVIII\n|-supereffective|p1a: King Louise XVIII\n|-damage|p1a: King Louise XVIII|0 fnt\n|faint|p1a: King Louise XVIII\n|\n|win|Mr. Zazazenta\n|raw|WongHung's rating: 1220 &rarr; <strong>1193<\/strong><br \/>(-27 for losing)\n|raw|Mr. Zazazenta's rating: 1187 &rarr; <strong>1214<\/strong><br \/>(+27 for winning)\n|l|\u2606WongHung\n|c|\u2606Mr. Zazazenta|gg\n","uploadtime":1701212852,"views":9,"p1id":"wonghung","p2id":"mrzazazenta","formatid":"gen9ou","rating":1193,"private":0,"password":""}