{"id":"gen9ou-1989101432","p1":"Vixen 4 Life","p2":"yisus-alto\u00b0","format":"[Gen 9] OU","log":"|j|\u2606Vixen 4 Life\n|j|\u2606yisus-alto\u00b0\n|t:|1699812311\n|gametype|singles\n|player|p1|Vixen 4 Life|penny|1245\n|player|p2|yisus-alto\u00b0|266|1168\n|teamsize|p1|6\n|teamsize|p2|6\n|gen|9\n|tier|[Gen 9] OU\n|rated|\n|rule|Sleep Clause Mod: Limit one foe put to sleep\n|rule|Species Clause: Limit one of each Pok\u00e9mon\n|rule|OHKO Clause: OHKO moves are banned\n|rule|Evasion Items Clause: Evasion items are banned\n|rule|Evasion Moves Clause: Evasion moves are banned\n|rule|Endless Battle Clause: Forcing endless battles is banned\n|rule|HP Percentage Mod: HP is shown in percentages\n|clearpoke\n|poke|p1|Arbok, M|\n|poke|p1|Vikavolt, F|\n|poke|p1|Dusknoir, M|\n|poke|p1|Eelektross, M|\n|poke|p1|Tatsugiri-Droopy, F|\n|poke|p1|Krookodile, M|\n|poke|p2|Ninetales-Alola, M|\n|poke|p2|Corviknight, F|\n|poke|p2|Kingambit, F|\n|poke|p2|Iron Moth|\n|poke|p2|Rotom-Wash|\n|poke|p2|Dragonite, M|\n|teampreview\n|\n|t:|1699812320\n|start\n|switch|p1a: Vikavolt|Vikavolt, F|100\/100\n|switch|p2a: Rotom|Rotom-Wash|100\/100\n|turn|1\n|\n|t:|1699812329\n|move|p2a: Rotom|Trick|p1a: Vikavolt\n|-activate|p2a: Rotom|move: Trick|[of] p1a: Vikavolt\n|-item|p1a: Vikavolt|Choice Scarf|[from] move: Trick\n|-item|p2a: Rotom|Heavy-Duty Boots|[from] move: Trick\n|move|p1a: Vikavolt|Volt Switch|p2a: Rotom\n|-damage|p2a: Rotom|51\/100\n|\n|t:|1699812336\n|switch|p1a: Eelektross|Eelektross, M|100\/100|[from] Volt Switch\n|\n|upkeep\n|turn|2\n|\n|t:|1699812350\n|move|p2a: Rotom|Volt Switch|p1a: Eelektross\n|-resisted|p1a: Eelektross\n|-damage|p1a: Eelektross|92\/100\n|\n|t:|1699812354\n|switch|p2a: Ninetales|Ninetales-Alola, M, shiny|100\/100|[from] Volt Switch\n|-weather|Snow|[from] ability: Snow Warning|[of] p2a: Ninetales\n|move|p1a: Eelektross|Knock Off|p2a: Ninetales\n|-resisted|p2a: Ninetales\n|-damage|p2a: Ninetales|90\/100\n|-enditem|p2a: Ninetales|Light Clay|[from] move: Knock Off|[of] p1a: Eelektross\n|\n|-weather|Snow|[upkeep]\n|upkeep\n|turn|3\n|\n|t:|1699812360\n|move|p2a: Ninetales|Aurora Veil|p2a: Ninetales\n|-sidestart|p2: yisus-alto\u00b0|move: Aurora Veil\n|move|p1a: Eelektross|Volt Switch|p2a: Ninetales\n|-damage|p2a: Ninetales|77\/100\n|\n|t:|1699812372\n|switch|p1a: Arbok|Arbok, M, shiny|100\/100|[from] Volt Switch\n|-ability|p1a: Arbok|Intimidate|boost\n|-unboost|p2a: Ninetales|atk|1\n|\n|-weather|Snow|[upkeep]\n|upkeep\n|turn|4\n|\n|t:|1699812390\n|switch|p2a: Kingambit|Kingambit, F|100\/100\n|move|p1a: Arbok|Gunk Shot|p2a: Kingambit\n|-immune|p2a: Kingambit\n|\n|-weather|Snow|[upkeep]\n|upkeep\n|turn|5\n|\n|t:|1699812395\n|switch|p1a: Krookodile|Krookodile, M|100\/100\n|-ability|p1a: Krookodile|Intimidate|boost\n|-unboost|p2a: Kingambit|atk|1\n|move|p2a: Kingambit|Swords Dance|p2a: Kingambit\n|-boost|p2a: Kingambit|atk|2\n|\n|-weather|Snow|[upkeep]\n|upkeep\n|turn|6\n|\n|t:|1699812412\n|-end|p2a: Kingambit|fallenundefined|[silent]\n|switch|p2a: Corviknight|Corviknight, F|100\/100\n|move|p1a: Krookodile|Brick Break|p2a: Corviknight\n|-sideend|p2: yisus-alto\u00b0|move: Aurora Veil\n|-damage|p2a: Corviknight|88\/100\n|-damage|p1a: Krookodile|84\/100|[from] item: Rocky Helmet|[of] p2a: Corviknight\n|\n|-weather|none\n|upkeep\n|turn|7\n|\n|t:|1699812422\n|move|p1a: Krookodile|Stealth Rock|p2a: Corviknight\n|-sidestart|p2: yisus-alto\u00b0|move: Stealth Rock\n|move|p2a: Corviknight|U-turn|p1a: Krookodile\n|-supereffective|p1a: Krookodile\n|-damage|p1a: Krookodile|58\/100\n|-damage|p2a: Corviknight|72\/100|[from] item: Rocky Helmet|[of] p1a: Krookodile\n|\n|t:|1699812427\n|switch|p2a: Rotom|Rotom-Wash|51\/100|[from] U-turn\n|\n|upkeep\n|turn|8\n|\n|t:|1699812436\n|switch|p1a: Vikavolt|Vikavolt, F|100\/100\n|move|p2a: Rotom|Hydro Pump|p1a: Vikavolt|[miss]\n|-miss|p2a: Rotom|p1a: Vikavolt\n|\n|upkeep\n|turn|9\n|\n|t:|1699812442\n|move|p2a: Rotom|Hydro Pump|p1a: Vikavolt\n|-damage|p1a: Vikavolt|53\/100\n|move|p1a: Vikavolt|Volt Switch|p2a: Rotom\n|-damage|p2a: Rotom|1\/100\n|\n|t:|1699812462\n|switch|p1a: Dusknoir|Dusknoir, M|100\/100|[from] Volt Switch\n|-item|p2a: Rotom|Heavy-Duty Boots|[from] ability: Frisk|[of] p1a: Dusknoir|[identify]\n|\n|upkeep\n|turn|10\n|inactive|Battle timer is ON: inactive players will automatically lose when time's up. (requested by yisus-alto\u00b0)\n|\n|t:|1699812492\n|switch|p2a: Corviknight|Corviknight, F|72\/100\n|-damage|p2a: Corviknight|60\/100|[from] Stealth Rock\n|move|p1a: Dusknoir|Shadow Sneak|p2a: Corviknight\n|-damage|p2a: Corviknight|43\/100\n|-damage|p1a: Dusknoir|84\/100|[from] item: Rocky Helmet|[of] p2a: Corviknight\n|\n|upkeep\n|turn|11\n|\n|t:|1699812500\n|switch|p1a: Vikavolt|Vikavolt, F|53\/100\n|move|p2a: Corviknight|Roost|p2a: Corviknight\n|-heal|p2a: Corviknight|93\/100\n|-singleturn|p2a: Corviknight|move: Roost\n|\n|upkeep\n|turn|12\n|\n|t:|1699812512\n|switch|p2a: Rotom|Rotom-Wash|1\/100\n|move|p1a: Vikavolt|Volt Switch|p2a: Rotom\n|-damage|p2a: Rotom|0 fnt\n|faint|p2a: Rotom\n|\n|t:|1699812519\n|switch|p1a: Dusknoir|Dusknoir, M|84\/100|[from] Volt Switch\n|\n|upkeep\n|\n|t:|1699812534\n|switch|p2a: Corviknight|Corviknight, F|93\/100\n|-damage|p2a: Corviknight|81\/100|[from] Stealth Rock\n|turn|13\n|\n|t:|1699812539\n|-singleturn|p1a: Dusknoir|move: Focus Punch\n|move|p2a: Corviknight|Defog|p1a: Dusknoir\n|-unboost|p1a: Dusknoir|evasion|1\n|-sideend|p2: yisus-alto\u00b0|Stealth Rock|[from] move: Defog|[of] p2a: Corviknight\n|move|p1a: Dusknoir|Focus Punch|p2a: Corviknight\n|-crit|p2a: Corviknight\n|-damage|p2a: Corviknight|19\/100\n|-damage|p1a: Dusknoir|67\/100|[from] item: Rocky Helmet|[of] p2a: Corviknight\n|\n|upkeep\n|turn|14\n|\n|t:|1699812552\n|switch|p1a: Eelektross|Eelektross, M|92\/100\n|move|p2a: Corviknight|U-turn|p1a: Eelektross\n|-damage|p1a: Eelektross|80\/100\n|\n|t:|1699812564\n|switch|p2a: Dragonite|Dragonite, M|100\/100|[from] U-turn\n|\n|upkeep\n|turn|15\n|\n|t:|1699812569\n|move|p2a: Dragonite|Dragon Dance|p2a: Dragonite\n|-boost|p2a: Dragonite|atk|1\n|-boost|p2a: Dragonite|spe|1\n|move|p1a: Eelektross|Volt Switch|p2a: Dragonite\n|-damage|p2a: Dragonite|88\/100\n|\n|t:|1699812575\n|switch|p1a: Krookodile|Krookodile, M|58\/100|[from] Volt Switch\n|-ability|p1a: Krookodile|Intimidate|boost\n|-unboost|p2a: Dragonite|atk|1\n|\n|upkeep\n|turn|16\n|inactive|Vixen 4 Life has 120 seconds left.\n|\n|t:|1699812611\n|move|p2a: Dragonite|Dragon Dance|p2a: Dragonite\n|-boost|p2a: Dragonite|atk|1\n|-boost|p2a: Dragonite|spe|1\n|move|p1a: Krookodile|Stealth Rock|p2a: Dragonite\n|-sidestart|p2: yisus-alto\u00b0|move: Stealth Rock\n|\n|upkeep\n|turn|17\n|inactive|Vixen 4 Life has 120 seconds left.\n|\n|t:|1699812626\n|switch|p1a: Arbok|Arbok, M, shiny|100\/100\n|-ability|p1a: Arbok|Intimidate|boost\n|-unboost|p2a: Dragonite|atk|1\n|move|p2a: Dragonite|Dragon Dance|p2a: Dragonite\n|-boost|p2a: Dragonite|atk|1\n|-boost|p2a: Dragonite|spe|1\n|\n|upkeep\n|turn|18\n|inactive|Vixen 4 Life has 120 seconds left.\n|\n|t:|1699812635\n|switch|p1a: Krookodile|Krookodile, M|58\/100\n|-ability|p1a: Krookodile|Intimidate|boost\n|-unboost|p2a: Dragonite|atk|1\n|move|p2a: Dragonite|Earthquake|p1a: Krookodile\n|-crit|p1a: Krookodile\n|-damage|p1a: Krookodile|9\/100\n|\n|upkeep\n|turn|19\n|\n|t:|1699812643\n|switch|p1a: Arbok|Arbok, M, shiny|100\/100\n|-ability|p1a: Arbok|Intimidate|boost\n|-unboost|p2a: Dragonite|atk|1\n|move|p2a: Dragonite|Dragon Dance|p2a: Dragonite\n|-boost|p2a: Dragonite|atk|1\n|-boost|p2a: Dragonite|spe|1\n|\n|upkeep\n|turn|20\n|\n|t:|1699812650\n|-terastallize|p1a: Arbok|Dragon\n|move|p2a: Dragonite|Dragon Dance|p2a: Dragonite\n|-boost|p2a: Dragonite|atk|1\n|-boost|p2a: Dragonite|spe|1\n|move|p1a: Arbok|Scale Shot|p2a: Dragonite\n|-supereffective|p2a: Dragonite\n|-damage|p2a: Dragonite|67\/100\n|-supereffective|p2a: Dragonite\n|-damage|p2a: Dragonite|47\/100\n|-supereffective|p2a: Dragonite\n|-damage|p2a: Dragonite|25\/100\n|-supereffective|p2a: Dragonite\n|-damage|p2a: Dragonite|4\/100\n|-hitcount|p2a: Dragonite|4\n|-unboost|p1a: Arbok|def|1\n|-boost|p1a: Arbok|spe|1\n|\n|upkeep\n|turn|21\n|\n|t:|1699812664\n|switch|p1a: Krookodile|Krookodile, M|9\/100\n|-ability|p1a: Krookodile|Intimidate|boost\n|-unboost|p2a: Dragonite|atk|1\n|move|p2a: Dragonite|Extreme Speed|p1a: Krookodile\n|-damage|p1a: Krookodile|0 fnt\n|-damage|p2a: Dragonite|0 fnt|[from] item: Rocky Helmet|[of] p1a: Krookodile\n|faint|p1a: Krookodile\n|faint|p2a: Dragonite\n|\n|upkeep\n|\n|t:|1699812680\n|switch|p2a: Ninetales|Ninetales-Alola, M, shiny|77\/100\n|switch|p1a: Dusknoir|Dusknoir, M|67\/100\n|-damage|p2a: Ninetales|52\/100|[from] Stealth Rock\n|-weather|Snow|[from] ability: Snow Warning|[of] p2a: Ninetales\n|turn|22\n|\n|t:|1699812686\n|move|p1a: Dusknoir|Shadow Sneak|p2a: Ninetales\n|-damage|p2a: Ninetales|29\/100\n|move|p2a: Ninetales|Aurora Veil|p2a: Ninetales\n|-sidestart|p2: yisus-alto\u00b0|move: Aurora Veil\n|\n|-weather|Snow|[upkeep]\n|upkeep\n|turn|23\n|\n|t:|1699812695\n|switch|p1a: Tatsugiri|Tatsugiri-Droopy, F|100\/100\n|move|p2a: Ninetales|Moonblast|p1a: Tatsugiri\n|-supereffective|p1a: Tatsugiri\n|-damage|p1a: Tatsugiri|48\/100\n|\n|-weather|Snow|[upkeep]\n|upkeep\n|turn|24\n|\n|t:|1699812704\n|move|p2a: Ninetales|Moonblast|p1a: Tatsugiri\n|-supereffective|p1a: Tatsugiri\n|-damage|p1a: Tatsugiri|0 fnt\n|faint|p1a: Tatsugiri\n|\n|-weather|Snow|[upkeep]\n|upkeep\n|\n|t:|1699812708\n|switch|p1a: Vikavolt|Vikavolt, F|53\/100\n|turn|25\n|\n|t:|1699812713\n|move|p2a: Ninetales|Moonblast|p1a: Vikavolt\n|-damage|p1a: Vikavolt|21\/100\n|move|p1a: Vikavolt|Sticky Web|p2a: Ninetales\n|-sidestart|p2: yisus-alto\u00b0|move: Sticky Web\n|\n|-weather|Snow|[upkeep]\n|upkeep\n|turn|26\n|\n|t:|1699812721\n|move|p2a: Ninetales|Moonblast|p1a: Vikavolt\n|-damage|p1a: Vikavolt|0 fnt\n|faint|p1a: Vikavolt\n|\n|-weather|none\n|-sideend|p2: yisus-alto\u00b0|move: Aurora Veil\n|upkeep\n|\n|t:|1699812727\n|switch|p1a: Eelektross|Eelektross, M|80\/100\n|turn|27\n|\n|t:|1699812732\n|move|p2a: Ninetales|Moonblast|p1a: Eelektross\n|-damage|p1a: Eelektross|63\/100\n|move|p1a: Eelektross|Flamethrower|p2a: Ninetales\n|-supereffective|p2a: Ninetales\n|-damage|p2a: Ninetales|0 fnt\n|faint|p2a: Ninetales\n|\n|upkeep\n|inactive|yisus-alto\u00b0 has 120 seconds left.\n|\n|t:|1699812769\n|switch|p2a: Corviknight|Corviknight, F|19\/100\n|-damage|p2a: Corviknight|7\/100|[from] Stealth Rock\n|turn|28\n|inactive|yisus-alto\u00b0 has 120 seconds left.\n|\n|t:|1699812778\n|move|p2a: Corviknight|Roost|p2a: Corviknight\n|-heal|p2a: Corviknight|57\/100\n|-singleturn|p2a: Corviknight|move: Roost\n|move|p1a: Eelektross|Flamethrower|p2a: Corviknight\n|-supereffective|p2a: Corviknight\n|-damage|p2a: Corviknight|11\/100\n|\n|upkeep\n|turn|29\n|\n|t:|1699812785\n|move|p2a: Corviknight|Body Press|p1a: Eelektross\n|-damage|p1a: Eelektross|38\/100\n|move|p1a: Eelektross|Flamethrower|p2a: Corviknight\n|-supereffective|p2a: Corviknight\n|-damage|p2a: Corviknight|0 fnt\n|faint|p2a: Corviknight\n|\n|upkeep\n|\n|t:|1699812791\n|switch|p2a: Iron Moth|Iron Moth|100\/100\n|-damage|p2a: Iron Moth|76\/100|[from] Stealth Rock\n|-activate|p2a: Iron Moth|move: Sticky Web\n|-unboost|p2a: Iron Moth|spe|1\n|-enditem|p2a: Iron Moth|Booster Energy\n|-activate|p2a: Iron Moth|ability: Quark Drive|[fromitem]\n|-start|p2a: Iron Moth|quarkdrivespa\n|turn|30\n|\n|t:|1699812807\n|move|p2a: Iron Moth|Fiery Dance|p1a: Eelektross\n|-crit|p1a: Eelektross\n|-damage|p1a: Eelektross|0 fnt\n|faint|p1a: Eelektross\n|\n|upkeep\n|\n|t:|1699812810\n|switch|p1a: Dusknoir|Dusknoir, M|67\/100\n|turn|31\n|\n|t:|1699812821\n|move|p1a: Dusknoir|Shadow Sneak|p2a: Iron Moth\n|-damage|p2a: Iron Moth|34\/100\n|move|p2a: Iron Moth|Fiery Dance|p1a: Dusknoir\n|-damage|p1a: Dusknoir|19\/100\n|\n|upkeep\n|turn|32\n|\n|t:|1699812831\n|move|p1a: Dusknoir|Shadow Sneak|p2a: Iron Moth\n|-damage|p2a: Iron Moth|0 fnt\n|faint|p2a: Iron Moth\n|-end|p2a: Iron Moth|Quark Drive|[silent]\n|\n|upkeep\n|\n|t:|1699812836\n|switch|p2a: Kingambit|Kingambit, F|100\/100\n|-damage|p2a: Kingambit|94\/100|[from] Stealth Rock\n|-activate|p2a: Kingambit|move: Sticky Web\n|-unboost|p2a: Kingambit|spe|1\n|-activate|p2a: Kingambit|ability: Supreme Overlord\n|-start|p2a: Kingambit|fallen5|[silent]\n|turn|33\n|\n|t:|1699812852\n|switch|p1a: Arbok|Arbok, M, shiny, tera:Dragon|100\/100\n|-ability|p1a: Arbok|Intimidate|boost\n|-unboost|p2a: Kingambit|atk|1\n|move|p2a: Kingambit|Kowtow Cleave|p1a: Arbok\n|-damage|p1a: Arbok|19\/100\n|\n|-heal|p2a: Kingambit|100\/100|[from] item: Leftovers\n|upkeep\n|turn|34\n|\n|t:|1699812868\n|move|p2a: Kingambit|Sucker Punch|p1a: Arbok\n|-damage|p1a: Arbok|0 fnt\n|faint|p1a: Arbok\n|\n|upkeep\n|\n|t:|1699812870\n|switch|p1a: Dusknoir|Dusknoir, M|19\/100\n|-item|p2a: Kingambit|Leftovers|[from] ability: Frisk|[of] p1a: Dusknoir|[identify]\n|turn|35\n|\n|t:|1699812875\n|-singleturn|p1a: Dusknoir|move: Focus Punch\n|move|p2a: Kingambit|Kowtow Cleave|p1a: Dusknoir\n|-supereffective|p1a: Dusknoir\n|-damage|p1a: Dusknoir|0 fnt\n|faint|p1a: Dusknoir\n|\n|win|yisus-alto\u00b0\n|raw|Vixen 4 Life's rating: 1245 &rarr; <strong>1215<\/strong><br \/>(-30 for losing)\n|raw|yisus-alto\u00b0's rating: 1168 &rarr; <strong>1198<\/strong><br \/>(+30 for winning)\n","uploadtime":1699812882,"views":11,"p1id":"vixen4life","p2id":"yisusalto","formatid":"gen9ou","rating":1198,"private":0,"password":""}