{"id":"gen9ou-1992412170","p1":"Gutoso","p2":"jonon","format":"[Gen 9] OU","log":"|j|\u2606Gutoso\n|j|\u2606jonon\n|t:|1700184541\n|gametype|singles\n|player|p1|Gutoso|blue-gen3two|1375\n|player|p2|jonon|bellelba|1286\n|teamsize|p1|6\n|teamsize|p2|6\n|gen|9\n|tier|[Gen 9] OU\n|rated|\n|rule|Sleep Clause Mod: Limit one foe put to sleep\n|rule|Species Clause: Limit one of each Pok\u00e9mon\n|rule|OHKO Clause: OHKO moves are banned\n|rule|Evasion Items Clause: Evasion items are banned\n|rule|Evasion Moves Clause: Evasion moves are banned\n|rule|Endless Battle Clause: Forcing endless battles is banned\n|rule|HP Percentage Mod: HP is shown in percentages\n|clearpoke\n|poke|p1|Jirachi|\n|poke|p1|Thundurus-Therian, M|\n|poke|p1|Weavile, F|\n|poke|p1|Salazzle, F|\n|poke|p1|Dragonite, M|\n|poke|p1|Hatterene, F|\n|poke|p2|Kommo-o, M|\n|poke|p2|Ribombee, F|\n|poke|p2|Ninetales-Alola, F|\n|poke|p2|Heatran, F|\n|poke|p2|Iron Valiant|\n|poke|p2|Ogerpon-Wellspring, F|\n|teampreview\n|inactive|Battle timer is ON: inactive players will automatically lose when time's up. (requested by jonon)\n|\n|t:|1700184551\n|start\n|switch|p1a: Thundurus|Thundurus-Therian, M|100\/100\n|switch|p2a: Ninetales|Ninetales-Alola, F|100\/100\n|-weather|Snow|[from] ability: Snow Warning|[of] p2a: Ninetales\n|turn|1\n|\n|t:|1700184559\n|move|p2a: Ninetales|Aurora Veil|p2a: Ninetales\n|-sidestart|p2: jonon|move: Aurora Veil\n|move|p1a: Thundurus|Volt Switch|p2a: Ninetales\n|-damage|p2a: Ninetales|78\/100\n|\n|t:|1700184561\n|switch|p1a: Weavile|Weavile, F|100\/100|[from] Volt Switch\n|\n|-weather|Snow|[upkeep]\n|upkeep\n|turn|2\n|\n|t:|1700184564\n|move|p1a: Weavile|Brick Break|p2a: Ninetales\n|-sideend|p2: jonon|move: Aurora Veil\n|-damage|p2a: Ninetales|51\/100\n|move|p2a: Ninetales|Moonblast|p1a: Weavile\n|-supereffective|p1a: Weavile\n|-damage|p1a: Weavile|31\/100\n|\n|-weather|Snow|[upkeep]\n|upkeep\n|turn|3\n|\n|t:|1700184571\n|move|p1a: Weavile|Knock Off|p2a: Ninetales\n|-resisted|p2a: Ninetales\n|-damage|p2a: Ninetales|27\/100\n|-enditem|p2a: Ninetales|Light Clay|[from] move: Knock Off|[of] p1a: Weavile\n|move|p2a: Ninetales|Moonblast|p1a: Weavile\n|-supereffective|p1a: Weavile\n|-damage|p1a: Weavile|0 fnt\n|faint|p1a: Weavile\n|\n|-weather|Snow|[upkeep]\n|upkeep\n|\n|t:|1700184582\n|switch|p1a: Salazzle|Salazzle, F|100\/100\n|turn|4\n|\n|t:|1700184586\n|switch|p2a: Heatran|Heatran, F|100\/100\n|move|p1a: Salazzle|Toxic|p2a: Heatran\n|-status|p2a: Heatran|tox\n|\n|-weather|Snow|[upkeep]\n|-damage|p2a: Heatran|94\/100 tox|[from] psn\n|upkeep\n|turn|5\n|\n|t:|1700184593\n|move|p1a: Salazzle|Substitute|p1a: Salazzle\n|-start|p1a: Salazzle|Substitute\n|-damage|p1a: Salazzle|76\/100\n|move|p2a: Heatran|Magma Storm|p1a: Salazzle\n|-resisted|p1a: Salazzle\n|-crit|p1a: Salazzle\n|-end|p1a: Salazzle|Substitute\n|\n|-weather|none\n|-heal|p1a: Salazzle|82\/100|[from] item: Black Sludge\n|-heal|p2a: Heatran|100\/100 tox|[from] item: Leftovers\n|-damage|p2a: Heatran|88\/100 tox|[from] psn\n|upkeep\n|turn|6\n|\n|t:|1700184608\n|switch|p2a: Ogerpon|Ogerpon-Wellspring, F|100\/100\n|move|p1a: Salazzle|Substitute|p1a: Salazzle\n|-start|p1a: Salazzle|Substitute\n|-damage|p1a: Salazzle|57\/100\n|\n|-heal|p1a: Salazzle|63\/100|[from] item: Black Sludge\n|upkeep\n|turn|7\n|\n|t:|1700184611\n|move|p1a: Salazzle|Toxic|p2a: Ogerpon\n|-status|p2a: Ogerpon|tox\n|move|p2a: Ogerpon|Ivy Cudgel|p1a: Salazzle|[anim] Ivy Cudgel Water\n|-supereffective|p1a: Salazzle\n|-crit|p1a: Salazzle\n|-end|p1a: Salazzle|Substitute\n|\n|-heal|p1a: Salazzle|70\/100|[from] item: Black Sludge\n|-damage|p2a: Ogerpon|95\/100 tox|[from] psn\n|upkeep\n|turn|8\n|\n|t:|1700184618\n|move|p1a: Salazzle|Protect|p1a: Salazzle\n|-singleturn|p1a: Salazzle|Protect\n|move|p2a: Ogerpon|Ivy Cudgel|p1a: Salazzle|[anim] Ivy Cudgel Water\n|-activate|p1a: Salazzle|move: Protect\n|\n|-heal|p1a: Salazzle|76\/100|[from] item: Black Sludge\n|-damage|p2a: Ogerpon|83\/100 tox|[from] psn\n|upkeep\n|turn|9\n|\n|t:|1700184621\n|move|p1a: Salazzle|Substitute|p1a: Salazzle\n|-start|p1a: Salazzle|Substitute\n|-damage|p1a: Salazzle|51\/100\n|move|p2a: Ogerpon|Ivy Cudgel|p1a: Salazzle|[anim] Ivy Cudgel Water\n|-supereffective|p1a: Salazzle\n|-end|p1a: Salazzle|Substitute\n|\n|-heal|p1a: Salazzle|57\/100|[from] item: Black Sludge\n|-damage|p2a: Ogerpon|65\/100 tox|[from] psn\n|upkeep\n|turn|10\n|\n|t:|1700184624\n|move|p1a: Salazzle|Protect|p1a: Salazzle\n|-singleturn|p1a: Salazzle|Protect\n|move|p2a: Ogerpon|Ivy Cudgel|p1a: Salazzle|[anim] Ivy Cudgel Water\n|-activate|p1a: Salazzle|move: Protect\n|\n|-heal|p1a: Salazzle|63\/100|[from] item: Black Sludge\n|-damage|p2a: Ogerpon|41\/100 tox|[from] psn\n|upkeep\n|turn|11\n|-message|jonon forfeited.\n|\n|win|Gutoso\n|raw|Gutoso's rating: 1375 &rarr; <strong>1390<\/strong><br \/>(+15 for winning)\n|raw|jonon's rating: 1286 &rarr; <strong>1267<\/strong><br \/>(-19 for losing)\n|l|\u2606jonon\n","uploadtime":1700184639,"views":7,"p1id":"gutoso","p2id":"jonon","formatid":"gen9ou","rating":1267,"private":0,"password":""}