{"id":"gen9ou-1991233998","p1":"Geekco","p2":"SylverOmega","format":"[Gen 9] OU","log":"|j|\u2606Geekco\n|j|\u2606SylverOmega\n|t:|1700059765\n|gametype|singles\n|player|p1|Geekco|calem-masters|1387\n|player|p2|SylverOmega|palmer|1400\n|teamsize|p1|6\n|teamsize|p2|6\n|gen|9\n|tier|[Gen 9] OU\n|rated|\n|rule|Sleep Clause Mod: Limit one foe put to sleep\n|rule|Species Clause: Limit one of each Pok\u00e9mon\n|rule|OHKO Clause: OHKO moves are banned\n|rule|Evasion Items Clause: Evasion items are banned\n|rule|Evasion Moves Clause: Evasion moves are banned\n|rule|Endless Battle Clause: Forcing endless battles is banned\n|rule|HP Percentage Mod: HP is shown in percentages\n|clearpoke\n|poke|p1|Glimmora, M|\n|poke|p1|Iron Moth|\n|poke|p1|Ogerpon-Wellspring, F|\n|poke|p1|Enamorus, F|\n|poke|p1|Dragonite, F|\n|poke|p1|Gholdengo|\n|poke|p2|Ribombee, M|\n|poke|p2|Enamorus, F|\n|poke|p2|Kingambit, F|\n|poke|p2|Great Tusk|\n|poke|p2|Ogerpon-Wellspring, F|\n|poke|p2|Ceruledge, F|\n|teampreview\n|inactive|Battle timer is ON: inactive players will automatically lose when time's up. (requested by SylverOmega)\n|c|\u2606SylverOmega|Hf\n|c|\u2606Geekco|tk u2\n|\n|t:|1700059783\n|start\n|switch|p1a: Glimmora|Glimmora, M|100\/100\n|switch|p2a: Ribombee|Ribombee, M|100\/100\n|turn|1\n|\n|t:|1700059793\n|move|p2a: Ribombee|Stun Spore|p1a: Glimmora\n|-status|p1a: Glimmora|par\n|move|p1a: Glimmora|Mortal Spin|p2a: Ribombee\n|-supereffective|p2a: Ribombee\n|-damage|p2a: Ribombee|75\/100\n|\n|upkeep\n|turn|2\n|\n|t:|1700059803\n|move|p2a: Ribombee|Sticky Web|p1a: Glimmora\n|-sidestart|p1: Geekco|move: Sticky Web\n|move|p1a: Glimmora|Stealth Rock|p2a: Ribombee\n|-sidestart|p2: SylverOmega|move: Stealth Rock\n|\n|upkeep\n|turn|3\n|\n|t:|1700059809\n|switch|p2a: Kingambit|Kingambit, F|100\/100\n|-damage|p2a: Kingambit|94\/100|[from] Stealth Rock\n|cant|p1a: Glimmora|par\n|\n|-heal|p2a: Kingambit|100\/100|[from] item: Leftovers\n|upkeep\n|turn|4\n|\n|t:|1700059819\n|move|p2a: Kingambit|Kowtow Cleave|p1a: Glimmora\n|-damage|p1a: Glimmora|40\/100 par\n|-activate|p1a: Glimmora|ability: Toxic Debris\n|-sidestart|p2: SylverOmega|move: Toxic Spikes\n|move|p1a: Glimmora|Earth Power|p2a: Kingambit\n|-supereffective|p2a: Kingambit\n|-damage|p2a: Kingambit|30\/100\n|\n|-heal|p2a: Kingambit|36\/100|[from] item: Leftovers\n|upkeep\n|turn|5\n|\n|t:|1700059834\n|move|p2a: Kingambit|Kowtow Cleave|p1a: Glimmora\n|-damage|p1a: Glimmora|0 fnt\n|-activate|p1a: Glimmora|ability: Toxic Debris\n|-sidestart|p2: SylverOmega|move: Toxic Spikes\n|faint|p1a: Glimmora\n|\n|-heal|p2a: Kingambit|42\/100|[from] item: Leftovers\n|upkeep\n|\n|t:|1700059844\n|switch|p1a: Dragonite|Dragonite, F|100\/100\n|turn|6\n|\n|t:|1700059852\n|move|p1a: Dragonite|Earthquake|p2a: Kingambit\n|-supereffective|p2a: Kingambit\n|-damage|p2a: Kingambit|0 fnt\n|faint|p2a: Kingambit\n|-end|p2a: Kingambit|fallenundefined|[silent]\n|\n|upkeep\n|\n|t:|1700059858\n|switch|p2a: Great Tusk|Great Tusk|100\/100\n|-damage|p2a: Great Tusk|98\/100|[from] Stealth Rock\n|-status|p2a: Great Tusk|tox\n|-enditem|p2a: Great Tusk|Booster Energy\n|-activate|p2a: Great Tusk|ability: Protosynthesis|[fromitem]\n|-start|p2a: Great Tusk|protosynthesisspe\n|turn|7\n|\n|t:|1700059867\n|switch|p1a: Gholdengo|Gholdengo|100\/100\n|-activate|p1a: Gholdengo|move: Sticky Web\n|-unboost|p1a: Gholdengo|spe|1\n|move|p2a: Great Tusk|Ice Spinner|p1a: Gholdengo\n|-resisted|p1a: Gholdengo\n|-damage|p1a: Gholdengo|88\/100\n|\n|-damage|p2a: Great Tusk|91\/100 tox|[from] psn\n|upkeep\n|turn|8\n|\n|t:|1700059884\n|-terastallize|p2a: Great Tusk|Poison\n|move|p2a: Great Tusk|Headlong Rush|p1a: Gholdengo\n|-supereffective|p1a: Gholdengo\n|-damage|p1a: Gholdengo|0 fnt\n|-unboost|p2a: Great Tusk|def|1\n|-unboost|p2a: Great Tusk|spd|1\n|faint|p1a: Gholdengo\n|\n|-damage|p2a: Great Tusk|79\/100 tox|[from] psn\n|upkeep\n|\n|t:|1700059893\n|switch|p1a: Enamorus|Enamorus, F|100\/100\n|turn|9\n|\n|t:|1700059902\n|-end|p2a: Great Tusk|Protosynthesis|[silent]\n|switch|p2a: Ribombee|Ribombee, M|75\/100\n|-damage|p2a: Ribombee|50\/100|[from] Stealth Rock\n|-status|p2a: Ribombee|tox\n|-terastallize|p1a: Enamorus|Steel\n|move|p1a: Enamorus|Earth Power|p2a: Ribombee\n|-resisted|p2a: Ribombee\n|-damage|p2a: Ribombee|22\/100 tox\n|\n|-damage|p2a: Ribombee|16\/100 tox|[from] psn\n|upkeep\n|turn|10\n|\n|t:|1700059916\n|move|p2a: Ribombee|Stun Spore|p1a: Enamorus\n|-status|p1a: Enamorus|par\n|move|p1a: Enamorus|Moonblast|p2a: Ribombee\n|-damage|p2a: Ribombee|0 fnt\n|faint|p2a: Ribombee\n|\n|upkeep\n|\n|t:|1700059925\n|switch|p2a: Great Tusk|Great Tusk, tera:Poison|79\/100 tox\n|-damage|p2a: Great Tusk|66\/100 tox|[from] Stealth Rock\n|-sideend|p2: SylverOmega|move: Toxic Spikes|[of] p2a: Great Tusk\n|turn|11\n|\n|t:|1700059937\n|move|p2a: Great Tusk|Headlong Rush|p1a: Enamorus\n|-supereffective|p1a: Enamorus\n|-damage|p1a: Enamorus|0 fnt\n|-unboost|p2a: Great Tusk|def|1\n|-unboost|p2a: Great Tusk|spd|1\n|faint|p1a: Enamorus\n|\n|-damage|p2a: Great Tusk|60\/100 tox|[from] psn\n|upkeep\n|\n|t:|1700059944\n|switch|p1a: Dragonite|Dragonite, F|100\/100\n|turn|12\n|\n|t:|1700059951\n|-end|p2a: Great Tusk|Protosynthesis|[silent]\n|switch|p2a: Enamorus|Enamorus, F|100\/100\n|-damage|p2a: Enamorus|76\/100|[from] Stealth Rock\n|move|p1a: Dragonite|Dragon Dance|p1a: Dragonite\n|-boost|p1a: Dragonite|atk|1\n|-boost|p1a: Dragonite|spe|1\n|\n|upkeep\n|turn|13\n|\n|t:|1700059963\n|move|p1a: Dragonite|Ice Spinner|p2a: Enamorus\n|-supereffective|p2a: Enamorus\n|-damage|p2a: Enamorus|0 fnt\n|faint|p2a: Enamorus\n|\n|upkeep\n|\n|t:|1700059974\n|switch|p2a: Ogerpon|Ogerpon-Wellspring, F|100\/100\n|-damage|p2a: Ogerpon|88\/100|[from] Stealth Rock\n|turn|14\n|\n|t:|1700059982\n|move|p1a: Dragonite|Extreme Speed|p2a: Ogerpon\n|-damage|p2a: Ogerpon|26\/100\n|move|p2a: Ogerpon|Knock Off|p1a: Dragonite\n|-damage|p1a: Dragonite|81\/100\n|-enditem|p1a: Dragonite|Heavy-Duty Boots|[from] move: Knock Off|[of] p2a: Ogerpon\n|\n|upkeep\n|turn|15\n|\n|t:|1700059997\n|move|p1a: Dragonite|Extreme Speed|p2a: Ogerpon\n|-damage|p2a: Ogerpon|0 fnt\n|faint|p2a: Ogerpon\n|\n|upkeep\n|\n|t:|1700060002\n|switch|p2a: Great Tusk|Great Tusk, tera:Poison|60\/100 tox\n|-damage|p2a: Great Tusk|48\/100 tox|[from] Stealth Rock\n|turn|16\n|\n|t:|1700060007\n|move|p1a: Dragonite|Earthquake|p2a: Great Tusk\n|-supereffective|p2a: Great Tusk\n|-damage|p2a: Great Tusk|0 fnt\n|faint|p2a: Great Tusk\n|-end|p2a: Great Tusk|Protosynthesis|[silent]\n|\n|upkeep\n|\n|t:|1700060012\n|switch|p2a: Ceruledge|Ceruledge, F|100\/100\n|-damage|p2a: Ceruledge|76\/100|[from] Stealth Rock\n|turn|17\n|\n|t:|1700060017\n|move|p1a: Dragonite|Earthquake|p2a: Ceruledge\n|-supereffective|p2a: Ceruledge\n|-damage|p2a: Ceruledge|0 fnt\n|faint|p2a: Ceruledge\n|\n|win|Geekco\n|raw|Geekco's rating: 1387 &rarr; <strong>1408<\/strong><br \/>(+21 for winning)\n|raw|SylverOmega's rating: 1400 &rarr; <strong>1379<\/strong><br \/>(-21 for losing)\n|c|\u2606Geekco|gg\n","uploadtime":1700060034,"views":10,"p1id":"geekco","p2id":"sylveromega","formatid":"gen9ou","rating":1379,"private":0,"password":""}