{"id":"gen9ou-1991703498","p1":"finch beat me up","p2":"gamb_over","format":"[Gen 9] OU","log":"|j|\u2606finch beat me up\n|j|\u2606gamb_over\n|t:|1700104630\n|gametype|singles\n|player|p1|finch beat me up|cheren|\n|player|p2|gamb_over|biker-gen4|\n|teamsize|p1|6\n|teamsize|p2|6\n|gen|9\n|tier|[Gen 9] OU\n|rule|Sleep Clause Mod: Limit one foe put to sleep\n|rule|Species Clause: Limit one of each Pok\u00e9mon\n|rule|OHKO Clause: OHKO moves are banned\n|rule|Evasion Items Clause: Evasion items are banned\n|rule|Evasion Moves Clause: Evasion moves are banned\n|rule|Endless Battle Clause: Forcing endless battles is banned\n|rule|HP Percentage Mod: HP is shown in percentages\n|clearpoke\n|poke|p1|Landorus-Therian, M|\n|poke|p1|Heatran, F|\n|poke|p1|Clefable, F|\n|poke|p1|Dondozo, F|\n|poke|p1|Corviknight, F|\n|poke|p1|Toxapex, M|\n|poke|p2|Ribombee, M|\n|poke|p2|Samurott-Hisui, M|\n|poke|p2|Glimmora, M|\n|poke|p2|Ninetales-Alola, F|\n|poke|p2|Iron Treads|\n|poke|p2|Kingambit, F|\n|teampreview\n|j| I am the Candyman\n|\n|t:|1700104659\n|start\n|switch|p1a: Heatran|Heatran, F|100\/100\n|switch|p2a: WEB META|Ribombee, M|100\/100\n|turn|1\n|\n|t:|1700104667\n|switch|p2a: SPIKE META|Samurott-Hisui, M|100\/100\n|move|p1a: Heatran|Magma Storm|p2a: SPIKE META|[miss]\n|-miss|p1a: Heatran|p2a: SPIKE META\n|\n|upkeep\n|turn|2\n|inactive|Battle timer is ON: inactive players will automatically lose when time's up. (requested by gamb_over)\n|\n|t:|1700104679\n|switch|p1a: Clefable|Clefable, F|100\/100\n|move|p2a: SPIKE META|Ceaseless Edge|p1a: Clefable\n|-resisted|p1a: Clefable\n|-damage|p1a: Clefable|87\/100\n|-sidestart|p1: finch beat me up|Spikes\n|\n|-heal|p1a: Clefable|93\/100|[from] item: Leftovers\n|upkeep\n|turn|3\n|\n|t:|1700104687\n|move|p2a: SPIKE META|Flip Turn|p1a: Clefable\n|-damage|p1a: Clefable|76\/100\n|\n|t:|1700104690\n|switch|p2a: IRON TUSK 69|Iron Treads|100\/100|[from] Flip Turn\n|-enditem|p2a: IRON TUSK 69|Booster Energy\n|-activate|p2a: IRON TUSK 69|ability: Quark Drive|[fromitem]\n|-start|p2a: IRON TUSK 69|quarkdrivespe\n|move|p1a: Clefable|Moonblast|p2a: IRON TUSK 69\n|-resisted|p2a: IRON TUSK 69\n|-damage|p2a: IRON TUSK 69|80\/100\n|\n|-heal|p1a: Clefable|82\/100|[from] item: Leftovers\n|upkeep\n|turn|4\n|\n|t:|1700104708\n|-terastallize|p1a: Clefable|Fire\n|move|p2a: IRON TUSK 69|Stealth Rock|p1a: Clefable\n|-sidestart|p1: finch beat me up|move: Stealth Rock\n|move|p1a: Clefable|Flamethrower|p2a: IRON TUSK 69\n|-supereffective|p2a: IRON TUSK 69\n|-damage|p2a: IRON TUSK 69|0 fnt\n|faint|p2a: IRON TUSK 69\n|-end|p2a: IRON TUSK 69|Quark Drive|[silent]\n|\n|-heal|p1a: Clefable|88\/100|[from] item: Leftovers\n|upkeep\n|\n|t:|1700104723\n|switch|p2a: TSPIKE META|Glimmora, M|100\/100\n|turn|5\n|\n|t:|1700104730\n|move|p2a: TSPIKE META|Toxic|p1a: Clefable\n|-status|p1a: Clefable|tox\n|move|p1a: Clefable|Stealth Rock|p2a: TSPIKE META\n|-sidestart|p2: gamb_over|move: Stealth Rock\n|\n|-heal|p1a: Clefable|94\/100 tox|[from] item: Leftovers\n|upkeep\n|turn|6\n|\n|t:|1700104744\n|switch|p1a: Corviknight|Corviknight, F|100\/100\n|-damage|p1a: Corviknight|88\/100|[from] Stealth Rock\n|-ability|p1a: Corviknight|Pressure\n|move|p2a: TSPIKE META|Mortal Spin|p1a: Corviknight\n|-immune|p1a: Corviknight\n|\n|-heal|p1a: Corviknight|94\/100|[from] item: Leftovers\n|upkeep\n|turn|7\n|\n|t:|1700104753\n|move|p2a: TSPIKE META|Toxic|p1a: Corviknight\n|-status|p1a: Corviknight|tox\n|move|p1a: Corviknight|Agility|p1a: Corviknight\n|-boost|p1a: Corviknight|spe|2\n|\n|-heal|p1a: Corviknight|99\/100 tox|[from] item: Leftovers\n|-damage|p1a: Corviknight|94\/100 tox|[from] psn\n|upkeep\n|turn|8\n|c|\u2606finch beat me up|CORROSION\n|\n|t:|1700104774\n|switch|p1a: Dondozo|Dondozo, F|100\/100\n|-damage|p1a: Dondozo|88\/100|[from] Spikes\n|-damage|p1a: Dondozo|76\/100|[from] Stealth Rock\n|switch|p2a: 69tales|Ninetales-Alola, F|100\/100\n|-damage|p2a: 69tales|76\/100|[from] Stealth Rock\n|-weather|Snow|[from] ability: Snow Warning|[of] p2a: 69tales\n|\n|-weather|Snow|[upkeep]\n|-heal|p1a: Dondozo|82\/100|[from] item: Leftovers\n|upkeep\n|turn|9\n|\n|t:|1700104789\n|switch|p1a: Heatran|Heatran, F|100\/100\n|-damage|p1a: Heatran|88\/100|[from] Spikes\n|-damage|p1a: Heatran|76\/100|[from] Stealth Rock\n|move|p2a: 69tales|Freeze-Dry|p1a: Heatran\n|-resisted|p1a: Heatran\n|-damage|p1a: Heatran|70\/100\n|\n|-weather|Snow|[upkeep]\n|-heal|p1a: Heatran|76\/100|[from] item: Leftovers\n|upkeep\n|turn|10\n|\n|t:|1700104796\n|switch|p2a: TSPIKE META|Glimmora, M|100\/100\n|-damage|p2a: TSPIKE META|88\/100|[from] Stealth Rock\n|move|p1a: Heatran|Magma Storm|p2a: TSPIKE META\n|-resisted|p2a: TSPIKE META\n|-damage|p2a: TSPIKE META|54\/100\n|-activate|p2a: TSPIKE META|move: Magma Storm|[of] p1a: Heatran\n|\n|-weather|Snow|[upkeep]\n|-heal|p1a: Heatran|83\/100|[from] item: Leftovers\n|-damage|p2a: TSPIKE META|42\/100|[from] move: Magma Storm|[partiallytrapped]\n|upkeep\n|turn|11\n|\n|t:|1700104804\n|move|p1a: Heatran|Protect|p1a: Heatran\n|-singleturn|p1a: Heatran|Protect\n|move|p2a: TSPIKE META|Earth Power|p1a: Heatran\n|-activate|p1a: Heatran|move: Protect\n|\n|-weather|Snow|[upkeep]\n|-heal|p1a: Heatran|89\/100|[from] item: Leftovers\n|-damage|p2a: TSPIKE META|29\/100|[from] move: Magma Storm|[partiallytrapped]\n|upkeep\n|turn|12\n|\n|t:|1700104811\n|switch|p1a: Corviknight|Corviknight, F|94\/100 tox\n|-damage|p1a: Corviknight|82\/100 tox|[from] Stealth Rock\n|-ability|p1a: Corviknight|Pressure\n|move|p2a: TSPIKE META|Mortal Spin|p1a: Corviknight\n|-immune|p1a: Corviknight\n|\n|-weather|none\n|-heal|p1a: Corviknight|88\/100 tox|[from] item: Leftovers\n|-damage|p1a: Corviknight|82\/100 tox|[from] psn\n|-end|p2a: TSPIKE META|Magma Storm|[partiallytrapped]|[silent]\n|upkeep\n|turn|13\n|\n|t:|1700104823\n|switch|p2a: WEB META|Ribombee, M|100\/100\n|-damage|p2a: WEB META|76\/100|[from] Stealth Rock\n|move|p1a: Corviknight|Power Trip|p2a: WEB META\n|-resisted|p2a: WEB META\n|-damage|p2a: WEB META|71\/100\n|\n|-heal|p1a: Corviknight|88\/100 tox|[from] item: Leftovers\n|-damage|p1a: Corviknight|76\/100 tox|[from] psn\n|upkeep\n|turn|14\n|\n|t:|1700104839\n|switch|p1a: Clefable|Clefable, F, tera:Fire|94\/100 tox\n|move|p2a: WEB META|Quiver Dance|p2a: WEB META\n|-boost|p2a: WEB META|spa|1\n|-boost|p2a: WEB META|spd|1\n|-boost|p2a: WEB META|spe|1\n|\n|-heal|p1a: Clefable|100\/100 tox|[from] item: Leftovers\n|upkeep\n|turn|15\n|\n|t:|1700104848\n|move|p2a: WEB META|Moonblast|p1a: Clefable\n|-resisted|p1a: Clefable\n|-damage|p1a: Clefable|71\/100 tox\n|move|p1a: Clefable|Flamethrower|p2a: WEB META\n|-supereffective|p2a: WEB META\n|-damage|p2a: WEB META|6\/100\n|\n|-heal|p1a: Clefable|77\/100 tox|[from] item: Leftovers\n|upkeep\n|turn|16\n|l| I am the Candyman\n|\n|t:|1700104856\n|move|p2a: WEB META|Moonblast|p1a: Clefable\n|-resisted|p1a: Clefable\n|-damage|p1a: Clefable|49\/100 tox\n|-unboost|p1a: Clefable|spa|1\n|move|p1a: Clefable|Moonlight|p1a: Clefable\n|-heal|p1a: Clefable|99\/100 tox\n|\n|-heal|p1a: Clefable|100\/100 tox|[from] item: Leftovers\n|upkeep\n|turn|17\n|\n|t:|1700104859\n|move|p2a: WEB META|Moonblast|p1a: Clefable\n|-resisted|p1a: Clefable\n|-damage|p1a: Clefable|72\/100 tox\n|move|p1a: Clefable|Flamethrower|p2a: WEB META\n|-supereffective|p2a: WEB META\n|-damage|p2a: WEB META|0 fnt\n|faint|p2a: WEB META\n|\n|-heal|p1a: Clefable|78\/100 tox|[from] item: Leftovers\n|upkeep\n|\n|t:|1700104866\n|switch|p2a: SPIKE META|Samurott-Hisui, M|100\/100\n|-damage|p2a: SPIKE META|88\/100|[from] Stealth Rock\n|turn|18\n|\n|t:|1700104879\n|switch|p1a: Corviknight|Corviknight, F|76\/100 tox\n|-damage|p1a: Corviknight|64\/100 tox|[from] Stealth Rock\n|-ability|p1a: Corviknight|Pressure\n|move|p2a: SPIKE META|Surf|p1a: Corviknight\n|-damage|p1a: Corviknight|38\/100 tox\n|\n|-heal|p1a: Corviknight|44\/100 tox|[from] item: Leftovers\n|-damage|p1a: Corviknight|38\/100 tox|[from] psn\n|upkeep\n|turn|19\n|\n|t:|1700104901\n|move|p2a: SPIKE META|Ceaseless Edge|p1a: Corviknight\n|-damage|p1a: Corviknight|7\/100 tox\n|-sidestart|p1: finch beat me up|Spikes\n|move|p1a: Corviknight|Roost|p1a: Corviknight\n|-heal|p1a: Corviknight|57\/100 tox\n|-singleturn|p1a: Corviknight|move: Roost\n|\n|-heal|p1a: Corviknight|63\/100 tox|[from] item: Leftovers\n|-damage|p1a: Corviknight|51\/100 tox|[from] psn\n|upkeep\n|turn|20\n|\n|t:|1700104908\n|move|p2a: SPIKE META|Ceaseless Edge|p1a: Corviknight\n|-damage|p1a: Corviknight|21\/100 tox\n|-sidestart|p1: finch beat me up|Spikes\n|move|p1a: Corviknight|Roost|p1a: Corviknight\n|-heal|p1a: Corviknight|71\/100 tox\n|-singleturn|p1a: Corviknight|move: Roost\n|\n|-heal|p1a: Corviknight|77\/100 tox|[from] item: Leftovers\n|-damage|p1a: Corviknight|59\/100 tox|[from] psn\n|upkeep\n|turn|21\n|\n|t:|1700104916\n|switch|p1a: Toxapex|Toxapex, M|100\/100\n|-damage|p1a: Toxapex|76\/100|[from] Spikes\n|-damage|p1a: Toxapex|64\/100|[from] Stealth Rock\n|move|p2a: SPIKE META|Surf|p1a: Toxapex\n|-resisted|p1a: Toxapex\n|-damage|p1a: Toxapex|50\/100\n|\n|-heal|p1a: Toxapex|56\/100|[from] item: Leftovers\n|upkeep\n|turn|22\n|\n|t:|1700104927\n|switch|p2a: 69tales|Ninetales-Alola, F|76\/100\n|-damage|p2a: 69tales|51\/100|[from] Stealth Rock\n|-weather|Snow|[from] ability: Snow Warning|[of] p2a: 69tales\n|move|p1a: Toxapex|Toxic Spikes|p2a: 69tales\n|-sidestart|p2: gamb_over|move: Toxic Spikes\n|\n|-weather|Snow|[upkeep]\n|-heal|p1a: Toxapex|62\/100|[from] item: Leftovers\n|upkeep\n|turn|23\n|\n|t:|1700104936\n|move|p2a: 69tales|Freeze-Dry|p1a: Toxapex\n|-supereffective|p1a: Toxapex\n|-damage|p1a: Toxapex|34\/100\n|move|p1a: Toxapex|Toxic|p2a: 69tales\n|-status|p2a: 69tales|tox\n|\n|-weather|Snow|[upkeep]\n|-heal|p1a: Toxapex|39\/100|[from] item: Leftovers\n|-damage|p2a: 69tales|45\/100 tox|[from] psn\n|upkeep\n|turn|24\n|\n|t:|1700104945\n|move|p2a: 69tales|Aurora Veil|p2a: 69tales\n|-sidestart|p2: gamb_over|move: Aurora Veil\n|move|p1a: Toxapex|Toxic Spikes|p2a: 69tales\n|-sidestart|p2: gamb_over|move: Toxic Spikes\n|\n|-weather|Snow|[upkeep]\n|-heal|p1a: Toxapex|45\/100|[from] item: Leftovers\n|-damage|p2a: 69tales|33\/100 tox|[from] psn\n|upkeep\n|turn|25\n|\n|t:|1700104952\n|move|p2a: 69tales|Freeze-Dry|p1a: Toxapex\n|-supereffective|p1a: Toxapex\n|-damage|p1a: Toxapex|17\/100\n|move|p1a: Toxapex|Recover|p1a: Toxapex\n|-heal|p1a: Toxapex|67\/100\n|\n|-weather|Snow|[upkeep]\n|-heal|p1a: Toxapex|73\/100|[from] item: Leftovers\n|-damage|p2a: 69tales|15\/100 tox|[from] psn\n|upkeep\n|turn|26\n|\n|t:|1700104957\n|move|p2a: 69tales|Encore|p1a: Toxapex\n|-start|p1a: Toxapex|Encore\n|move|p1a: Toxapex|Recover|p1a: Toxapex\n|-heal|p1a: Toxapex|100\/100\n|\n|-weather|none\n|-damage|p2a: 69tales|0 fnt|[from] psn\n|faint|p2a: 69tales\n|upkeep\n|\n|t:|1700104959\n|switch|p2a: TSPIKE META|Glimmora, M|29\/100\n|-damage|p2a: TSPIKE META|17\/100|[from] Stealth Rock\n|-sideend|p2: gamb_over|move: Toxic Spikes|[of] p2a: TSPIKE META\n|turn|27\n|\n|t:|1700104985\n|switch|p1a: Corviknight|Corviknight, F|59\/100 tox\n|-damage|p1a: Corviknight|47\/100 tox|[from] Stealth Rock\n|-ability|p1a: Corviknight|Pressure\n|move|p2a: TSPIKE META|Toxic|p1a: Corviknight\n|-fail|p1a: Corviknight|tox\n|\n|-heal|p1a: Corviknight|53\/100 tox|[from] item: Leftovers\n|-damage|p1a: Corviknight|47\/100 tox|[from] psn\n|upkeep\n|turn|28\n|\n|t:|1700104994\n|switch|p2a: SPIKE META|Samurott-Hisui, M|88\/100\n|-damage|p2a: SPIKE META|76\/100|[from] Stealth Rock\n|move|p1a: Corviknight|Roost|p1a: Corviknight\n|-heal|p1a: Corviknight|97\/100 tox\n|-singleturn|p1a: Corviknight|move: Roost\n|\n|-heal|p1a: Corviknight|100\/100 tox|[from] item: Leftovers\n|-damage|p1a: Corviknight|88\/100 tox|[from] psn\n|upkeep\n|turn|29\n|\n|t:|1700105011\n|switch|p1a: Toxapex|Toxapex, M|100\/100\n|-damage|p1a: Toxapex|76\/100|[from] Spikes\n|-damage|p1a: Toxapex|64\/100|[from] Stealth Rock\n|move|p2a: SPIKE META|Surf|p1a: Toxapex\n|-resisted|p1a: Toxapex\n|-damage|p1a: Toxapex|51\/100\n|\n|-heal|p1a: Toxapex|57\/100|[from] item: Leftovers\n|upkeep\n|turn|30\n|\n|t:|1700105021\n|switch|p2a: TSPIKE META|Glimmora, M|17\/100\n|-damage|p2a: TSPIKE META|5\/100|[from] Stealth Rock\n|move|p1a: Toxapex|Toxic Spikes|p2a: TSPIKE META\n|-sidestart|p2: gamb_over|move: Toxic Spikes\n|\n|-heal|p1a: Toxapex|63\/100|[from] item: Leftovers\n|upkeep\n|turn|31\n|\n|t:|1700105027\n|switch|p1a: Corviknight|Corviknight, F|88\/100 tox\n|-damage|p1a: Corviknight|76\/100 tox|[from] Stealth Rock\n|-ability|p1a: Corviknight|Pressure\n|move|p2a: TSPIKE META|Mortal Spin|p1a: Corviknight\n|-immune|p1a: Corviknight\n|\n|-heal|p1a: Corviknight|82\/100 tox|[from] item: Leftovers\n|-damage|p1a: Corviknight|76\/100 tox|[from] psn\n|-sideend|p2: gamb_over|move: Aurora Veil\n|upkeep\n|turn|32\n|\n|t:|1700105037\n|switch|p2a: SPIKE META|Samurott-Hisui, M|76\/100\n|-damage|p2a: SPIKE META|63\/100|[from] Stealth Rock\n|-status|p2a: SPIKE META|psn\n|move|p1a: Corviknight|Power Trip|p2a: SPIKE META\n|-resisted|p2a: SPIKE META\n|-damage|p2a: SPIKE META|60\/100 psn\n|\n|-heal|p1a: Corviknight|82\/100 tox|[from] item: Leftovers\n|-damage|p2a: SPIKE META|48\/100 psn|[from] psn\n|-damage|p1a: Corviknight|70\/100 tox|[from] psn\n|upkeep\n|turn|33\n|\n|t:|1700105055\n|move|p2a: SPIKE META|Ceaseless Edge|p1a: Corviknight\n|-damage|p1a: Corviknight|41\/100 tox\n|move|p1a: Corviknight|Roost|p1a: Corviknight\n|-heal|p1a: Corviknight|91\/100 tox\n|-singleturn|p1a: Corviknight|move: Roost\n|\n|-heal|p1a: Corviknight|97\/100 tox|[from] item: Leftovers\n|-damage|p2a: SPIKE META|35\/100 psn|[from] psn\n|-damage|p1a: Corviknight|79\/100 tox|[from] psn\n|upkeep\n|turn|34\n|\n|t:|1700105060\n|switch|p1a: Toxapex|Toxapex, M|97\/100\n|-damage|p1a: Toxapex|72\/100|[from] Spikes\n|-damage|p1a: Toxapex|60\/100|[from] Stealth Rock\n|move|p2a: SPIKE META|Ceaseless Edge|p1a: Toxapex\n|-damage|p1a: Toxapex|34\/100\n|\n|-heal|p1a: Toxapex|39\/100|[from] item: Leftovers\n|-damage|p2a: SPIKE META|23\/100 psn|[from] psn\n|upkeep\n|turn|35\n|\n|t:|1700105076\n|move|p2a: SPIKE META|Ceaseless Edge|p1a: Toxapex\n|-damage|p1a: Toxapex|14\/100\n|move|p1a: Toxapex|Recover|p1a: Toxapex\n|-heal|p1a: Toxapex|64\/100\n|\n|-heal|p1a: Toxapex|70\/100|[from] item: Leftovers\n|-damage|p2a: SPIKE META|10\/100 psn|[from] psn\n|upkeep\n|turn|36\n|\n|t:|1700105081\n|move|p2a: SPIKE META|Ceaseless Edge|p1a: Toxapex\n|-damage|p1a: Toxapex|46\/100\n|move|p1a: Toxapex|Recover|p1a: Toxapex\n|-heal|p1a: Toxapex|96\/100\n|\n|-heal|p1a: Toxapex|100\/100|[from] item: Leftovers\n|-damage|p2a: SPIKE META|0 fnt|[from] psn\n|faint|p2a: SPIKE META\n|upkeep\n|\n|t:|1700105085\n|switch|p2a: TSPIKE META|Glimmora, M|5\/100\n|-damage|p2a: TSPIKE META|0 fnt|[from] Stealth Rock\n|-sideend|p2: gamb_over|move: Toxic Spikes|[of] p2a: TSPIKE META\n|faint|p2a: TSPIKE META\n|\n|t:|1700105088\n|switch|p2a: Rigged Suspect|Kingambit, F|100\/100\n|-damage|p2a: Rigged Suspect|94\/100|[from] Stealth Rock\n|-activate|p2a: Rigged Suspect|ability: Supreme Overlord\n|-start|p2a: Rigged Suspect|fallen5|[silent]\n|turn|37\n|\n|t:|1700105093\n|move|p2a: Rigged Suspect|Swords Dance|p2a: Rigged Suspect\n|-boost|p2a: Rigged Suspect|atk|2\n|move|p1a: Toxapex|Haze|p1a: Toxapex\n|-clearallboost\n|\n|-heal|p2a: Rigged Suspect|100\/100|[from] item: Leftovers\n|upkeep\n|turn|38\n|\n|t:|1700105097\n|move|p2a: Rigged Suspect|Swords Dance|p2a: Rigged Suspect\n|-boost|p2a: Rigged Suspect|atk|2\n|move|p1a: Toxapex|Haze|p1a: Toxapex\n|-clearallboost\n|\n|upkeep\n|turn|39\n|\n|t:|1700105101\n|move|p2a: Rigged Suspect|Kowtow Cleave|p1a: Toxapex\n|-damage|p1a: Toxapex|47\/100\n|move|p1a: Toxapex|Haze|p1a: Toxapex\n|-clearallboost\n|\n|-heal|p1a: Toxapex|53\/100|[from] item: Leftovers\n|upkeep\n|turn|40\n|\n|t:|1700105105\n|move|p2a: Rigged Suspect|Swords Dance|p2a: Rigged Suspect\n|-boost|p2a: Rigged Suspect|atk|2\n|move|p1a: Toxapex|Haze|p1a: Toxapex\n|-clearallboost\n|\n|-heal|p1a: Toxapex|59\/100|[from] item: Leftovers\n|upkeep\n|turn|41\n|\n|t:|1700105109\n|move|p2a: Rigged Suspect|Kowtow Cleave|p1a: Toxapex\n|-damage|p1a: Toxapex|6\/100\n|move|p1a: Toxapex|Haze|p1a: Toxapex\n|-clearallboost\n|\n|-heal|p1a: Toxapex|12\/100|[from] item: Leftovers\n|upkeep\n|turn|42\n|\n|t:|1700105113\n|move|p2a: Rigged Suspect|Swords Dance|p2a: Rigged Suspect\n|-boost|p2a: Rigged Suspect|atk|2\n|move|p1a: Toxapex|Haze|p1a: Toxapex\n|-clearallboost\n|\n|-heal|p1a: Toxapex|18\/100|[from] item: Leftovers\n|upkeep\n|turn|43\n|\n|t:|1700105115\n|move|p2a: Rigged Suspect|Swords Dance|p2a: Rigged Suspect\n|-boost|p2a: Rigged Suspect|atk|2\n|move|p1a: Toxapex|Haze|p1a: Toxapex\n|-clearallboost\n|\n|-heal|p1a: Toxapex|24\/100|[from] item: Leftovers\n|upkeep\n|turn|44\n|\n|t:|1700105118\n|move|p2a: Rigged Suspect|Swords Dance|p2a: Rigged Suspect\n|-boost|p2a: Rigged Suspect|atk|2\n|move|p1a: Toxapex|Haze|p1a: Toxapex\n|-clearallboost\n|\n|-heal|p1a: Toxapex|30\/100|[from] item: Leftovers\n|upkeep\n|turn|45\n|\n|t:|1700105120\n|move|p2a: Rigged Suspect|Kowtow Cleave|p1a: Toxapex\n|-damage|p1a: Toxapex|0 fnt\n|faint|p1a: Toxapex\n|\n|upkeep\n|\n|t:|1700105131\n|switch|p1a: Heatran|Heatran, F|89\/100\n|-damage|p1a: Heatran|64\/100|[from] Spikes\n|-damage|p1a: Heatran|52\/100|[from] Stealth Rock\n|turn|46\n|\n|t:|1700105137\n|-terastallize|p2a: Rigged Suspect|Fairy\n|move|p1a: Heatran|Magma Storm|p2a: Rigged Suspect\n|-damage|p2a: Rigged Suspect|45\/100\n|-activate|p2a: Rigged Suspect|move: Magma Storm|[of] p1a: Heatran\n|move|p2a: Rigged Suspect|Swords Dance|p2a: Rigged Suspect\n|-boost|p2a: Rigged Suspect|atk|2\n|\n|-heal|p1a: Heatran|58\/100|[from] item: Leftovers\n|-heal|p2a: Rigged Suspect|51\/100|[from] item: Leftovers\n|-damage|p2a: Rigged Suspect|39\/100|[from] move: Magma Storm|[partiallytrapped]\n|upkeep\n|turn|47\n|\n|t:|1700105144\n|move|p1a: Heatran|Protect|p1a: Heatran\n|-singleturn|p1a: Heatran|Protect\n|move|p2a: Rigged Suspect|Sucker Punch||[still]\n|-fail|p2a: Rigged Suspect\n|\n|-heal|p1a: Heatran|64\/100|[from] item: Leftovers\n|-heal|p2a: Rigged Suspect|45\/100|[from] item: Leftovers\n|-damage|p2a: Rigged Suspect|32\/100|[from] move: Magma Storm|[partiallytrapped]\n|upkeep\n|turn|48\n|\n|t:|1700105152\n|move|p1a: Heatran|Earth Power|p2a: Rigged Suspect\n|-damage|p2a: Rigged Suspect|2\/100\n|move|p2a: Rigged Suspect|Kowtow Cleave|p1a: Heatran\n|-damage|p1a: Heatran|0 fnt\n|faint|p1a: Heatran\n|\n|-heal|p2a: Rigged Suspect|8\/100|[from] item: Leftovers\n|-end|p2a: Rigged Suspect|Magma Storm|[partiallytrapped]|[silent]\n|upkeep\n|\n|t:|1700105167\n|switch|p1a: Dondozo|Dondozo, F|82\/100\n|-damage|p1a: Dondozo|57\/100|[from] Spikes\n|-damage|p1a: Dondozo|45\/100|[from] Stealth Rock\n|turn|49\n|\n|t:|1700105172\n|move|p2a: Rigged Suspect|Kowtow Cleave|p1a: Dondozo\n|-crit|p1a: Dondozo\n|-damage|p1a: Dondozo|0 fnt\n|faint|p1a: Dondozo\n|\n|-heal|p2a: Rigged Suspect|15\/100|[from] item: Leftovers\n|upkeep\n|\n|t:|1700105175\n|switch|p1a: Landorus|Landorus-Therian, M|100\/100\n|-damage|p1a: Landorus|88\/100|[from] Stealth Rock\n|-ability|p1a: Landorus|Intimidate|boost\n|-unboost|p2a: Rigged Suspect|atk|1\n|turn|50\n|c|\u2606gamb_over|oof\n|\n|t:|1700105180\n|move|p2a: Rigged Suspect|Sucker Punch|p1a: Landorus\n|-damage|p1a: Landorus|0 fnt\n|faint|p1a: Landorus\n|\n|-heal|p2a: Rigged Suspect|21\/100|[from] item: Leftovers\n|upkeep\n|c|\u2606finch beat me up|Wow\n|\n|t:|1700105192\n|switch|p1a: Clefable|Clefable, F, tera:Fire|78\/100 tox\n|turn|51\n|\n|t:|1700105198\n|move|p2a: Rigged Suspect|Sucker Punch|p1a: Clefable\n|-damage|p1a: Clefable|2\/100 tox\n|move|p1a: Clefable|Flamethrower|p2a: Rigged Suspect\n|-damage|p2a: Rigged Suspect|0 fnt\n|faint|p2a: Rigged Suspect\n|-end|p2a: Rigged Suspect|fallen5|[silent]\n|\n|win|finch beat me up\n|c|\u2606gamb_over|oh\n|c|\u2606gamb_over|that lived\n|c|\u2606gamb_over|lol\n|c|\u2606gamb_over|gg\n|c|\u2606finch beat me up|Ahaha\n|j| The Great Eclipse\n|l| The Great Eclipse\n|j| themightytaint\n|l|\u2606finch beat me up\n|j| env inspector\n","uploadtime":1700105373,"views":10,"p1id":"finchbeatmeup","p2id":"gambover","formatid":"gen9ou","rating":0,"private":0,"password":""}