{"id":"gen9ou-1992498997","p1":"S3PP1","p2":"CrushMeGoodra","format":"[Gen 9] OU","log":"|j|\u2606S3PP1\n|j|\u2606CrushMeGoodra\n|t:|1700195425\n|gametype|singles\n|player|p1|S3PP1|chuck|\n|player|p2|CrushMeGoodra|poppy|\n|teamsize|p1|6\n|teamsize|p2|6\n|gen|9\n|tier|[Gen 9] OU\n|rule|Sleep Clause Mod: Limit one foe put to sleep\n|rule|Species Clause: Limit one of each Pok\u00e9mon\n|rule|OHKO Clause: OHKO moves are banned\n|rule|Evasion Items Clause: Evasion items are banned\n|rule|Evasion Moves Clause: Evasion moves are banned\n|rule|Endless Battle Clause: Forcing endless battles is banned\n|rule|HP Percentage Mod: HP is shown in percentages\n|clearpoke\n|poke|p1|Landorus-Therian, M|\n|poke|p1|Toxapex, M|\n|poke|p1|Conkeldurr, M|\n|poke|p1|Kleavor, M|\n|poke|p1|Chandelure, F|\n|poke|p1|Pawmot, M|\n|poke|p2|Dondozo, F|\n|poke|p2|Enamorus, F|\n|poke|p2|Scizor, M|\n|poke|p2|Sinistcha|\n|poke|p2|Armarouge, F|\n|poke|p2|Bellibolt, M|\n|teampreview\n|inactive|Battle timer is ON: inactive players will automatically lose when time's up. (requested by S3PP1)\n|inactive|S3PP1 has 270 seconds left.\n|inactive|CrushMeGoodra has 270 seconds left.\n|\n|t:|1700195456\n|start\n|switch|p1a: Kleavor|Kleavor, M|100\/100\n|switch|p2a: The DON|Dondozo, F|100\/100\n|turn|1\n|\n|t:|1700195461\n|move|p1a: Kleavor|Stone Axe|p2a: The DON\n|-damage|p2a: The DON|71\/100\n|-sidestart|p2: CrushMeGoodra|move: Stealth Rock\n|move|p2a: The DON|Curse|p2a: The DON\n|-unboost|p2a: The DON|spe|1\n|-boost|p2a: The DON|atk|1\n|-boost|p2a: The DON|def|1\n|\n|-heal|p2a: The DON|77\/100|[from] item: Leftovers\n|upkeep\n|turn|2\n|\n|t:|1700195480\n|switch|p1a: OU: DA PEX|Toxapex, M|100\/100\n|move|p2a: The DON|Curse|p2a: The DON\n|-unboost|p2a: The DON|spe|1\n|-boost|p2a: The DON|atk|1\n|-boost|p2a: The DON|def|1\n|\n|-heal|p2a: The DON|83\/100|[from] item: Leftovers\n|upkeep\n|turn|3\n|\n|t:|1700195487\n|move|p2a: The DON|Protect|p2a: The DON\n|-singleturn|p2a: The DON|Protect\n|move|p1a: OU: DA PEX|Haze|p1a: OU: DA PEX\n|-clearallboost\n|\n|-heal|p2a: The DON|90\/100|[from] item: Leftovers\n|upkeep\n|turn|4\n|\n|t:|1700195501\n|switch|p2a: The Claw|Scizor, M|100\/100\n|move|p1a: OU: DA PEX|Toxic|p2a: The Claw\n|-immune|p2a: The Claw\n|\n|upkeep\n|turn|5\n|\n|t:|1700195509\n|switch|p1a: Lumiere|Chandelure, F|100\/100\n|move|p2a: The Claw|Thief|p1a: Lumiere\n|-supereffective|p1a: Lumiere\n|-damage|p1a: Lumiere|0 fnt\n|faint|p1a: Lumiere\n|\n|upkeep\n|\n|t:|1700195517\n|switch|p1a: Nimbus|Landorus-Therian, M|100\/100\n|-ability|p1a: Nimbus|Intimidate|boost\n|-unboost|p2a: The Claw|atk|1\n|turn|6\n|\n|t:|1700195527\n|switch|p2a: The DON|Dondozo, F|90\/100\n|-damage|p2a: The DON|77\/100|[from] Stealth Rock\n|move|p1a: Nimbus|Earthquake|p2a: The DON\n|-damage|p2a: The DON|41\/100\n|\n|-heal|p2a: The DON|47\/100|[from] item: Leftovers\n|upkeep\n|turn|7\n|\n|t:|1700195531\n|move|p1a: Nimbus|U-turn|p2a: The DON\n|-damage|p2a: The DON|32\/100\n|\n|t:|1700195533\n|switch|p1a: OU: DA PEX|Toxapex, M|100\/100|[from] U-turn\n|move|p2a: The DON|Liquidation|p1a: OU: DA PEX\n|-resisted|p1a: OU: DA PEX\n|-damage|p1a: OU: DA PEX|91\/100\n|\n|-heal|p1a: OU: DA PEX|98\/100|[from] item: Black Sludge\n|-heal|p2a: The DON|38\/100|[from] item: Leftovers\n|upkeep\n|turn|8\n|\n|t:|1700195545\n|switch|p2a: The Claw|Scizor, M|100\/100\n|move|p1a: OU: DA PEX|Toxic|p2a: The Claw\n|-immune|p2a: The Claw\n|\n|-heal|p1a: OU: DA PEX|100\/100|[from] item: Black Sludge\n|upkeep\n|turn|9\n|\n|t:|1700195553\n|move|p2a: The Claw|Thief|p1a: OU: DA PEX\n|-damage|p1a: OU: DA PEX|77\/100\n|move|p1a: OU: DA PEX|Surf|p2a: The Claw\n|-damage|p2a: The Claw|78\/100\n|\n|-heal|p1a: OU: DA PEX|84\/100|[from] item: Black Sludge\n|upkeep\n|turn|10\n|\n|t:|1700195564\n|move|p2a: The Claw|Bullet Punch|p1a: OU: DA PEX\n|-resisted|p1a: OU: DA PEX\n|-damage|p1a: OU: DA PEX|72\/100\n|move|p1a: OU: DA PEX|Surf|p2a: The Claw\n|-damage|p2a: The Claw|57\/100\n|\n|-heal|p1a: OU: DA PEX|78\/100|[from] item: Black Sludge\n|upkeep\n|turn|11\n|\n|t:|1700195569\n|move|p2a: The Claw|U-turn|p1a: OU: DA PEX\n|-resisted|p1a: OU: DA PEX\n|-damage|p1a: OU: DA PEX|66\/100\n|\n|t:|1700195573\n|switch|p2a: Mr.Belli|Bellibolt, M, shiny|100\/100|[from] U-turn\n|move|p1a: OU: DA PEX|Surf|p2a: Mr.Belli\n|-damage|p2a: Mr.Belli|83\/100\n|-start|p2a: Mr.Belli|Charge|Surf|[from] ability: Electromorphosis\n|\n|-heal|p1a: OU: DA PEX|73\/100|[from] item: Black Sludge\n|upkeep\n|turn|12\n|\n|t:|1700195583\n|move|p2a: Mr.Belli|Muddy Water|p1a: OU: DA PEX|[miss]\n|-miss|p2a: Mr.Belli|p1a: OU: DA PEX\n|move|p1a: OU: DA PEX|Toxic|p2a: Mr.Belli\n|-status|p2a: Mr.Belli|tox\n|\n|-heal|p1a: OU: DA PEX|79\/100|[from] item: Black Sludge\n|-damage|p2a: Mr.Belli|77\/100 tox|[from] psn\n|upkeep\n|turn|13\n|\n|t:|1700195590\n|move|p2a: Mr.Belli|Parabolic Charge|p1a: OU: DA PEX\n|-supereffective|p1a: OU: DA PEX\n|-damage|p1a: OU: DA PEX|4\/100\n|-heal|p2a: Mr.Belli|100\/100 tox|[from] drain|[of] p1a: OU: DA PEX\n|-end|p2a: Mr.Belli|Charge|[silent]\n|move|p1a: OU: DA PEX|Recover|p1a: OU: DA PEX\n|-heal|p1a: OU: DA PEX|54\/100\n|\n|-heal|p1a: OU: DA PEX|60\/100|[from] item: Black Sludge\n|-damage|p2a: Mr.Belli|88\/100 tox|[from] psn\n|upkeep\n|turn|14\n|\n|t:|1700195597\n|switch|p1a: Kleavor|Kleavor, M|100\/100\n|move|p2a: Mr.Belli|Charge Beam|p1a: Kleavor\n|-damage|p1a: Kleavor|72\/100\n|\n|-damage|p2a: Mr.Belli|70\/100 tox|[from] psn\n|upkeep\n|turn|15\n|\n|t:|1700195614\n|switch|p2a: The DON|Dondozo, F|38\/100\n|-damage|p2a: The DON|26\/100|[from] Stealth Rock\n|move|p1a: Kleavor|X-Scissor|p2a: The DON\n|-damage|p2a: The DON|0 fnt\n|faint|p2a: The DON\n|\n|upkeep\n|\n|t:|1700195622\n|switch|p2a: Ma'Lady|Armarouge, F|100\/100\n|-damage|p2a: Ma'Lady|76\/100|[from] Stealth Rock\n|turn|16\n|\n|t:|1700195629\n|move|p2a: Ma'Lady|Endure|p2a: Ma'Lady\n|-singleturn|p2a: Ma'Lady|move: Endure\n|move|p1a: Kleavor|X-Scissor|p2a: Ma'Lady\n|-damage|p2a: Ma'Lady|8\/100\n|-ability|p2a: Ma'Lady|Weak Armor|boost\n|-unboost|p2a: Ma'Lady|def|1\n|-boost|p2a: Ma'Lady|spe|2\n|\n|upkeep\n|turn|17\n|\n|t:|1700195643\n|move|p2a: Ma'Lady|Armor Cannon|p1a: Kleavor\n|-damage|p1a: Kleavor|0 fnt\n|-unboost|p2a: Ma'Lady|def|1\n|-unboost|p2a: Ma'Lady|spd|1\n|faint|p1a: Kleavor\n|\n|upkeep\n|\n|t:|1700195648\n|switch|p1a: Buggy|Conkeldurr, M|100\/100\n|turn|18\n|\n|t:|1700195653\n|move|p1a: Buggy|Mach Punch|p2a: Ma'Lady\n|-resisted|p2a: Ma'Lady\n|-crit|p2a: Ma'Lady\n|-damage|p2a: Ma'Lady|0 fnt\n|faint|p2a: Ma'Lady\n|\n|-status|p1a: Buggy|brn|[from] item: Flame Orb\n|upkeep\n|\n|t:|1700195655\n|switch|p2a: Matcha Gotcha :D|Sinistcha|100\/100\n|-damage|p2a: Matcha Gotcha :D|88\/100|[from] Stealth Rock\n|turn|19\n|\n|t:|1700195671\n|-terastallize|p2a: Matcha Gotcha :D|Poison\n|move|p2a: Matcha Gotcha :D|Shadow Ball|p1a: Buggy\n|-damage|p1a: Buggy|64\/100 brn\n|move|p1a: Buggy|Knock Off|p2a: Matcha Gotcha :D\n|-damage|p2a: Matcha Gotcha :D|44\/100\n|-enditem|p2a: Matcha Gotcha :D|Leftovers|[from] move: Knock Off|[of] p1a: Buggy\n|\n|-damage|p1a: Buggy|58\/100 brn|[from] brn\n|upkeep\n|turn|20\n|j| BeardoftheRed\n|\n|t:|1700195684\n|-terastallize|p1a: Buggy|Normal\n|move|p2a: Matcha Gotcha :D|Strength Sap|p1a: Buggy\n|-unboost|p1a: Buggy|atk|1\n|-heal|p2a: Matcha Gotcha :D|100\/100\n|move|p1a: Buggy|Facade|p2a: Matcha Gotcha :D\n|-damage|p2a: Matcha Gotcha :D|38\/100\n|\n|-damage|p1a: Buggy|52\/100 brn|[from] brn\n|upkeep\n|turn|21\n|\n|t:|1700195697\n|move|p2a: Matcha Gotcha :D|Strength Sap|p1a: Buggy\n|-unboost|p1a: Buggy|atk|1\n|-heal|p2a: Matcha Gotcha :D|100\/100\n|move|p1a: Buggy|Facade|p2a: Matcha Gotcha :D\n|-damage|p2a: Matcha Gotcha :D|53\/100\n|\n|-damage|p1a: Buggy|46\/100 brn|[from] brn\n|upkeep\n|turn|22\n|\n|t:|1700195711\n|switch|p1a: Nimbus|Landorus-Therian, M|100\/100\n|-ability|p1a: Nimbus|Intimidate|boost\n|-unboost|p2a: Matcha Gotcha :D|atk|1\n|move|p2a: Matcha Gotcha :D|Matcha Gotcha|p1a: Nimbus\n|-damage|p1a: Nimbus|51\/100\n|-heal|p2a: Matcha Gotcha :D|76\/100|[from] drain|[of] p1a: Nimbus\n|\n|-heal|p1a: Nimbus|57\/100|[from] item: Leftovers\n|upkeep\n|turn|23\n|\n|t:|1700195726\n|switch|p2a: Pink Guy|Enamorus, F|100\/100\n|-damage|p2a: Pink Guy|76\/100|[from] Stealth Rock\n|move|p1a: Nimbus|Earthquake|p2a: Pink Guy\n|-immune|p2a: Pink Guy\n|\n|-heal|p1a: Nimbus|63\/100|[from] item: Leftovers\n|upkeep\n|turn|24\n|\n|t:|1700195737\n|move|p2a: Pink Guy|Moonblast|p1a: Nimbus\n|-damage|p1a: Nimbus|0 fnt\n|faint|p1a: Nimbus\n|\n|upkeep\n|\n|t:|1700195745\n|switch|p1a: Defibulator|Pawmot, M|100\/100\n|turn|25\n|\n|t:|1700195749\n|move|p2a: Pink Guy|Moonblast|p1a: Defibulator\n|-supereffective|p1a: Defibulator\n|-damage|p1a: Defibulator|0 fnt\n|faint|p1a: Defibulator\n|\n|upkeep\n|\n|t:|1700195753\n|switch|p1a: OU: DA PEX|Toxapex, M|93\/100\n|turn|26\n|j| CRIPPYwitdaGRIPPY\n|\n|t:|1700195760\n|switch|p2a: The Claw|Scizor, M|57\/100\n|move|p1a: OU: DA PEX|Toxic|p2a: The Claw\n|-immune|p2a: The Claw\n|\n|-heal|p1a: OU: DA PEX|99\/100|[from] item: Black Sludge\n|upkeep\n|turn|27\n|\n|t:|1700195768\n|move|p2a: The Claw|U-turn|p1a: OU: DA PEX\n|-resisted|p1a: OU: DA PEX\n|-damage|p1a: OU: DA PEX|86\/100\n|j| ArbysDealer23\n|\n|t:|1700195770\n|switch|p2a: Mr.Belli|Bellibolt, M, shiny|70\/100 tox|[from] U-turn\n|move|p1a: OU: DA PEX|Surf|p2a: Mr.Belli\n|-crit|p2a: Mr.Belli\n|-damage|p2a: Mr.Belli|43\/100 tox\n|-start|p2a: Mr.Belli|Charge|Surf|[from] ability: Electromorphosis\n|\n|-heal|p1a: OU: DA PEX|92\/100|[from] item: Black Sludge\n|-damage|p2a: Mr.Belli|37\/100 tox|[from] psn\n|upkeep\n|turn|28\n|\n|t:|1700195775\n|move|p2a: Mr.Belli|Parabolic Charge|p1a: OU: DA PEX\n|-supereffective|p1a: OU: DA PEX\n|-damage|p1a: OU: DA PEX|17\/100\n|-heal|p2a: Mr.Belli|64\/100 tox|[from] drain|[of] p1a: OU: DA PEX\n|-end|p2a: Mr.Belli|Charge|[silent]\n|move|p1a: OU: DA PEX|Recover|p1a: OU: DA PEX\n|-heal|p1a: OU: DA PEX|67\/100\n|\n|-heal|p1a: OU: DA PEX|74\/100|[from] item: Black Sludge\n|-damage|p2a: Mr.Belli|51\/100 tox|[from] psn\n|upkeep\n|turn|29\n|\n|t:|1700195784\n|move|p2a: Mr.Belli|Parabolic Charge|p1a: OU: DA PEX\n|-supereffective|p1a: OU: DA PEX\n|-damage|p1a: OU: DA PEX|37\/100\n|-heal|p2a: Mr.Belli|64\/100 tox|[from] drain|[of] p1a: OU: DA PEX\n|move|p1a: OU: DA PEX|Recover|p1a: OU: DA PEX\n|-heal|p1a: OU: DA PEX|87\/100\n|\n|-heal|p1a: OU: DA PEX|94\/100|[from] item: Black Sludge\n|-damage|p2a: Mr.Belli|46\/100 tox|[from] psn\n|upkeep\n|turn|30\n|\n|t:|1700195801\n|move|p2a: Mr.Belli|Slack Off|p2a: Mr.Belli\n|-heal|p2a: Mr.Belli|96\/100 tox\n|move|p1a: OU: DA PEX|Surf|p2a: Mr.Belli\n|-damage|p2a: Mr.Belli|77\/100 tox\n|-start|p2a: Mr.Belli|Charge|Surf|[from] ability: Electromorphosis\n|\n|-heal|p1a: OU: DA PEX|99\/100|[from] item: Black Sludge\n|-damage|p2a: Mr.Belli|52\/100 tox|[from] psn\n|upkeep\n|turn|31\n|\n|t:|1700195808\n|switch|p2a: The Claw|Scizor, M|57\/100\n|move|p1a: OU: DA PEX|Recover|p1a: OU: DA PEX\n|-heal|p1a: OU: DA PEX|100\/100\n|\n|upkeep\n|turn|32\n|\n|t:|1700195829\n|switch|p1a: Buggy|Conkeldurr, M, tera:Normal|46\/100 brn\n|move|p2a: The Claw|Thief|p1a: Buggy\n|-damage|p1a: Buggy|17\/100 brn\n|\n|-damage|p1a: Buggy|11\/100 brn|[from] brn\n|upkeep\n|turn|33\n|\n|t:|1700195835\n|move|p2a: The Claw|Bullet Punch|p1a: Buggy\n|-damage|p1a: Buggy|0 fnt\n|faint|p1a: Buggy\n|\n|upkeep\n|\n|t:|1700195837\n|switch|p1a: OU: DA PEX|Toxapex, M|100\/100\n|turn|34\n|\n|t:|1700195840\n|move|p2a: The Claw|Close Combat|p1a: OU: DA PEX\n|-resisted|p1a: OU: DA PEX\n|-damage|p1a: OU: DA PEX|86\/100\n|-unboost|p2a: The Claw|def|1\n|-unboost|p2a: The Claw|spd|1\n|move|p1a: OU: DA PEX|Surf|p2a: The Claw\n|-crit|p2a: The Claw\n|-damage|p2a: The Claw|5\/100\n|\n|-heal|p1a: OU: DA PEX|92\/100|[from] item: Black Sludge\n|upkeep\n|turn|35\n|\n|t:|1700195846\n|move|p2a: The Claw|Thief|p1a: OU: DA PEX\n|-damage|p1a: OU: DA PEX|70\/100\n|move|p1a: OU: DA PEX|Surf|p2a: The Claw\n|-damage|p2a: The Claw|0 fnt\n|faint|p2a: The Claw\n|\n|-heal|p1a: OU: DA PEX|76\/100|[from] item: Black Sludge\n|upkeep\n|\n|t:|1700195854\n|switch|p2a: Pink Guy|Enamorus, F|76\/100\n|-damage|p2a: Pink Guy|51\/100|[from] Stealth Rock\n|turn|36\n|\n|t:|1700195862\n|move|p2a: Pink Guy|Earth Power|p1a: OU: DA PEX\n|-supereffective|p1a: OU: DA PEX\n|-damage|p1a: OU: DA PEX|26\/100\n|move|p1a: OU: DA PEX|Toxic|p2a: Pink Guy\n|-status|p2a: Pink Guy|tox\n|\n|-heal|p1a: OU: DA PEX|32\/100|[from] item: Black Sludge\n|-damage|p2a: Pink Guy|44\/100 tox|[from] psn\n|upkeep\n|turn|37\n|\n|t:|1700195865\n|move|p2a: Pink Guy|Earth Power|p1a: OU: DA PEX\n|-supereffective|p1a: OU: DA PEX\n|-damage|p1a: OU: DA PEX|0 fnt\n|faint|p1a: OU: DA PEX\n|\n|win|CrushMeGoodra\n|l|\u2606S3PP1\n","uploadtime":1700195874,"views":8,"p1id":"s3pp1","p2id":"crushmegoodra","formatid":"gen9ou","rating":0,"private":0,"password":""}