{"id":"gen9ou-1997455664","p1":"stallinho","p2":"ratatta17","format":"[Gen 9] OU","log":"|j|\u2606stallinho\n|j|\u2606ratatta17\n|t:|1700808353\n|gametype|singles\n|player|p1|stallinho|marshal|1594\n|player|p2|ratatta17|102|1493\n|teamsize|p1|6\n|teamsize|p2|6\n|gen|9\n|tier|[Gen 9] OU\n|rated|\n|rule|Sleep Clause Mod: Limit one foe put to sleep\n|rule|Species Clause: Limit one of each Pok\u00e9mon\n|rule|OHKO Clause: OHKO moves are banned\n|rule|Evasion Items Clause: Evasion items are banned\n|rule|Evasion Moves Clause: Evasion moves are banned\n|rule|Endless Battle Clause: Forcing endless battles is banned\n|rule|HP Percentage Mod: HP is shown in percentages\n|clearpoke\n|poke|p1|Torkoal, F|\n|poke|p1|Walking Wake|\n|poke|p1|Great Tusk|\n|poke|p1|Lilligant-Hisui, F|\n|poke|p1|Iron Moth|\n|poke|p1|Skeledirge, M|\n|poke|p2|Azumarill, M|\n|poke|p2|Staraptor, F|\n|poke|p2|Toedscruel, F|\n|poke|p2|Skeledirge, M|\n|poke|p2|Ninetales-Alola, F|\n|poke|p2|Iron Valiant|\n|teampreview\n|inactive|Battle timer is ON: inactive players will automatically lose when time's up. (requested by ratatta17)\n|\n|t:|1700808376\n|start\n|switch|p1a: Torkoal|Torkoal, F|100\/100\n|switch|p2a: Staraptor|Staraptor, F|100\/100\n|-ability|p2a: Staraptor|Intimidate|boost\n|-unboost|p1a: Torkoal|atk|1\n|-weather|SunnyDay|[from] ability: Drought|[of] p1a: Torkoal\n|turn|1\n|\n|t:|1700808383\n|move|p2a: Staraptor|Final Gambit|p1a: Torkoal\n|-damage|p1a: Torkoal|0 fnt\n|faint|p2a: Staraptor\n|faint|p1a: Torkoal\n|\n|-weather|SunnyDay|[upkeep]\n|upkeep\n|\n|t:|1700808391\n|switch|p2a: Ninetales|Ninetales-Alola, F|100\/100\n|switch|p1a: Iron Moth|Iron Moth|100\/100\n|-weather|Snow|[from] ability: Snow Warning|[of] p2a: Ninetales\n|turn|2\n|\n|t:|1700808400\n|switch|p2a: Skeledirge|Skeledirge, M|100\/100\n|move|p1a: Iron Moth|Sludge Wave|p2a: Skeledirge\n|-resisted|p2a: Skeledirge\n|-damage|p2a: Skeledirge|71\/100\n|\n|-weather|Snow|[upkeep]\n|-heal|p2a: Skeledirge|77\/100|[from] item: Leftovers\n|upkeep\n|turn|3\n|\n|t:|1700808414\n|move|p1a: Iron Moth|Sludge Wave|p2a: Skeledirge\n|-resisted|p2a: Skeledirge\n|-damage|p2a: Skeledirge|47\/100\n|move|p2a: Skeledirge|Torch Song|p1a: Iron Moth\n|-resisted|p1a: Iron Moth\n|-damage|p1a: Iron Moth|86\/100\n|-boost|p2a: Skeledirge|spa|1\n|\n|-weather|Snow|[upkeep]\n|-heal|p2a: Skeledirge|53\/100|[from] item: Leftovers\n|upkeep\n|turn|4\n|\n|t:|1700808434\n|-end|p1a: Iron Moth|Quark Drive|[silent]\n|switch|p1a: Great Tusk|Great Tusk|100\/100\n|move|p2a: Skeledirge|Slack Off|p2a: Skeledirge\n|-heal|p2a: Skeledirge|100\/100\n|\n|-weather|Snow|[upkeep]\n|upkeep\n|turn|5\n|\n|t:|1700808444\n|switch|p2a: Ninetales|Ninetales-Alola, F|100\/100\n|move|p1a: Great Tusk|Knock Off|p2a: Ninetales\n|-resisted|p2a: Ninetales\n|-damage|p2a: Ninetales|92\/100\n|-enditem|p2a: Ninetales|Light Clay|[from] move: Knock Off|[of] p1a: Great Tusk\n|\n|-weather|Snow|[upkeep]\n|upkeep\n|turn|6\n|\n|t:|1700808453\n|move|p1a: Great Tusk|Close Combat|p2a: Ninetales\n|-damage|p2a: Ninetales|59\/100\n|-unboost|p1a: Great Tusk|def|1\n|-unboost|p1a: Great Tusk|spd|1\n|move|p2a: Ninetales|Aurora Veil|p2a: Ninetales\n|-sidestart|p2: ratatta17|move: Aurora Veil\n|\n|-weather|none\n|upkeep\n|turn|7\n|\n|t:|1700808470\n|-end|p1a: Great Tusk|Protosynthesis|[silent]\n|switch|p1a: Skeledirge|Skeledirge, M, shiny|100\/100\n|move|p2a: Ninetales|Freeze-Dry|p1a: Skeledirge\n|-resisted|p1a: Skeledirge\n|-damage|p1a: Skeledirge|93\/100\n|\n|-heal|p1a: Skeledirge|99\/100|[from] item: Leftovers\n|upkeep\n|turn|8\n|\n|t:|1700808478\n|switch|p2a: Skeledirge|Skeledirge, M|100\/100\n|move|p1a: Skeledirge|Will-O-Wisp|p2a: Skeledirge\n|-immune|p2a: Skeledirge\n|\n|-heal|p1a: Skeledirge|100\/100|[from] item: Leftovers\n|upkeep\n|turn|9\n|\n|t:|1700808506\n|move|p1a: Skeledirge|Yawn|p2a: Skeledirge\n|-start|p2a: Skeledirge|move: Yawn|[of] p1a: Skeledirge\n|move|p2a: Skeledirge|Hex|p1a: Skeledirge\n|-supereffective|p1a: Skeledirge\n|-damage|p1a: Skeledirge|68\/100\n|\n|-heal|p1a: Skeledirge|74\/100|[from] item: Leftovers\n|upkeep\n|turn|10\n|\n|t:|1700808516\n|switch|p2a: Toedscruel|Toedscruel, F|100\/100\n|move|p1a: Skeledirge|Will-O-Wisp|p2a: Toedscruel\n|-status|p2a: Toedscruel|brn\n|\n|-heal|p1a: Skeledirge|80\/100|[from] item: Leftovers\n|-damage|p2a: Toedscruel|94\/100 brn|[from] brn\n|-sideend|p2: ratatta17|move: Aurora Veil\n|upkeep\n|turn|11\n|\n|t:|1700808528\n|switch|p1a: Lilligant|Lilligant-Hisui, F|100\/100\n|move|p2a: Toedscruel|Spore|p1a: Lilligant\n|-immune|p1a: Lilligant\n|\n|-heal|p2a: Toedscruel|100\/100 brn|[from] item: Leftovers\n|-damage|p2a: Toedscruel|94\/100 brn|[from] brn\n|upkeep\n|turn|12\n|\n|t:|1700808537\n|switch|p2a: Skeledirge|Skeledirge, M|100\/100\n|move|p1a: Lilligant|Ice Spinner|p2a: Skeledirge\n|-resisted|p2a: Skeledirge\n|-damage|p2a: Skeledirge|86\/100\n|-damage|p1a: Lilligant|91\/100|[from] item: Life Orb\n|\n|-heal|p2a: Skeledirge|92\/100|[from] item: Leftovers\n|upkeep\n|turn|13\n|\n|t:|1700808547\n|switch|p1a: Walking Wake|Walking Wake|100\/100\n|move|p2a: Skeledirge|Torch Song|p1a: Walking Wake\n|-resisted|p1a: Walking Wake\n|-damage|p1a: Walking Wake|91\/100\n|-boost|p2a: Skeledirge|spa|1\n|\n|-heal|p2a: Skeledirge|99\/100|[from] item: Leftovers\n|upkeep\n|turn|14\n|\n|t:|1700808564\n|switch|p2a: Ninetales|Ninetales-Alola, F|59\/100\n|-weather|Snow|[from] ability: Snow Warning|[of] p2a: Ninetales\n|move|p1a: Walking Wake|Hydro Steam|p2a: Ninetales\n|-damage|p2a: Ninetales|0 fnt\n|faint|p2a: Ninetales\n|\n|-weather|Snow|[upkeep]\n|upkeep\n|\n|t:|1700808571\n|switch|p2a: Iron Valiant|Iron Valiant|100\/100\n|turn|15\n|\n|t:|1700808576\n|-end|p1a: Walking Wake|Protosynthesis|[silent]\n|switch|p1a: Skeledirge|Skeledirge, M, shiny|80\/100\n|move|p2a: Iron Valiant|Moonblast|p1a: Skeledirge\n|-resisted|p1a: Skeledirge\n|-damage|p1a: Skeledirge|59\/100\n|-damage|p2a: Iron Valiant|91\/100|[from] item: Life Orb\n|\n|-weather|Snow|[upkeep]\n|-heal|p1a: Skeledirge|65\/100|[from] item: Leftovers\n|upkeep\n|turn|16\n|\n|t:|1700808585\n|move|p2a: Iron Valiant|Knock Off|p1a: Skeledirge\n|-supereffective|p1a: Skeledirge\n|-damage|p1a: Skeledirge|7\/100\n|-enditem|p1a: Skeledirge|Leftovers|[from] move: Knock Off|[of] p2a: Iron Valiant\n|-damage|p2a: Iron Valiant|81\/100|[from] item: Life Orb\n|move|p1a: Skeledirge|Will-O-Wisp|p2a: Iron Valiant\n|-status|p2a: Iron Valiant|brn\n|\n|-weather|Snow|[upkeep]\n|-damage|p2a: Iron Valiant|75\/100 brn|[from] brn\n|upkeep\n|turn|17\n|\n|t:|1700808603\n|switch|p1a: Iron Moth|Iron Moth|86\/100\n|move|p2a: Iron Valiant|Moonblast|p1a: Iron Moth\n|-resisted|p1a: Iron Moth\n|-damage|p1a: Iron Moth|70\/100\n|-damage|p2a: Iron Valiant|65\/100 brn|[from] item: Life Orb\n|\n|-weather|Snow|[upkeep]\n|-damage|p2a: Iron Valiant|59\/100 brn|[from] brn\n|upkeep\n|turn|18\n|\n|t:|1700808614\n|-end|p2a: Iron Valiant|Quark Drive|[silent]\n|switch|p2a: Skeledirge|Skeledirge, M|99\/100\n|move|p1a: Iron Moth|Sludge Wave|p2a: Skeledirge\n|-resisted|p2a: Skeledirge\n|-damage|p2a: Skeledirge|72\/100\n|\n|-weather|none\n|-heal|p2a: Skeledirge|78\/100|[from] item: Leftovers\n|upkeep\n|turn|19\n|\n|t:|1700808635\n|-end|p1a: Iron Moth|Quark Drive|[silent]\n|switch|p1a: Walking Wake|Walking Wake|91\/100\n|move|p2a: Skeledirge|Torch Song|p1a: Walking Wake\n|-resisted|p1a: Walking Wake\n|-damage|p1a: Walking Wake|83\/100\n|-boost|p2a: Skeledirge|spa|1\n|\n|-heal|p2a: Skeledirge|84\/100|[from] item: Leftovers\n|upkeep\n|turn|20\n|\n|t:|1700808644\n|switch|p2a: Azumarill|Azumarill, M|100\/100\n|move|p1a: Walking Wake|Hydro Steam|p2a: Azumarill\n|-resisted|p2a: Azumarill\n|-crit|p2a: Azumarill\n|-damage|p2a: Azumarill|56\/100\n|\n|upkeep\n|turn|21\n|\n|t:|1700808661\n|-terastallize|p1a: Walking Wake|Water\n|move|p1a: Walking Wake|Hydro Steam|p2a: Azumarill\n|-resisted|p2a: Azumarill\n|-damage|p2a: Azumarill|12\/100\n|-enditem|p2a: Azumarill|Sitrus Berry|[eat]\n|-heal|p2a: Azumarill|37\/100|[from] item: Sitrus Berry\n|move|p2a: Azumarill|Play Rough|p1a: Walking Wake\n|-damage|p1a: Walking Wake|19\/100\n|\n|upkeep\n|turn|22\n|\n|t:|1700808672\n|move|p2a: Azumarill|Aqua Jet|p1a: Walking Wake\n|-resisted|p1a: Walking Wake\n|-damage|p1a: Walking Wake|5\/100\n|move|p1a: Walking Wake|Hydro Steam|p2a: Azumarill\n|-resisted|p2a: Azumarill\n|-damage|p2a: Azumarill|0 fnt\n|faint|p2a: Azumarill\n|\n|upkeep\n|\n|t:|1700808679\n|switch|p2a: Iron Valiant|Iron Valiant|59\/100 brn\n|turn|23\n|\n|t:|1700808687\n|move|p2a: Iron Valiant|Thunderbolt|p1a: Walking Wake\n|-supereffective|p1a: Walking Wake\n|-damage|p1a: Walking Wake|0 fnt\n|faint|p1a: Walking Wake\n|-end|p1a: Walking Wake|Protosynthesis|[silent]\n|-damage|p2a: Iron Valiant|49\/100 brn|[from] item: Life Orb\n|\n|-damage|p2a: Iron Valiant|43\/100 brn|[from] brn\n|upkeep\n|\n|t:|1700808703\n|switch|p1a: Iron Moth|Iron Moth|70\/100\n|turn|24\n|\n|t:|1700808714\n|-end|p2a: Iron Valiant|Quark Drive|[silent]\n|switch|p2a: Skeledirge|Skeledirge, M|84\/100\n|-end|p1a: Iron Moth|Quark Drive|[silent]\n|switch|p1a: Great Tusk|Great Tusk|100\/100\n|\n|-heal|p2a: Skeledirge|90\/100|[from] item: Leftovers\n|upkeep\n|turn|25\n|\n|t:|1700808725\n|switch|p2a: Toedscruel|Toedscruel, F|94\/100 brn\n|move|p1a: Great Tusk|Earthquake|p2a: Toedscruel\n|-resisted|p2a: Toedscruel\n|-crit|p2a: Toedscruel\n|-damage|p2a: Toedscruel|42\/100 brn\n|\n|-heal|p2a: Toedscruel|48\/100 brn|[from] item: Leftovers\n|-damage|p2a: Toedscruel|42\/100 brn|[from] brn\n|upkeep\n|turn|26\n|\n|t:|1700808737\n|-end|p1a: Great Tusk|Protosynthesis|[silent]\n|switch|p1a: Skeledirge|Skeledirge, M, shiny|7\/100\n|move|p2a: Toedscruel|Knock Off|p1a: Skeledirge\n|-supereffective|p1a: Skeledirge\n|-damage|p1a: Skeledirge|0 fnt\n|faint|p1a: Skeledirge\n|\n|-heal|p2a: Toedscruel|48\/100 brn|[from] item: Leftovers\n|-damage|p2a: Toedscruel|42\/100 brn|[from] brn\n|upkeep\n|\n|t:|1700808759\n|switch|p1a: Iron Moth|Iron Moth|70\/100\n|turn|27\n|inactive|ratatta17 has 120 seconds left.\n|\n|t:|1700808799\n|move|p1a: Iron Moth|Fiery Dance|p2a: Toedscruel\n|-supereffective|p2a: Toedscruel\n|-damage|p2a: Toedscruel|0 fnt\n|faint|p2a: Toedscruel\n|\n|upkeep\n|\n|t:|1700808810\n|switch|p2a: Skeledirge|Skeledirge, M|90\/100\n|turn|28\n|\n|t:|1700808826\n|-end|p1a: Iron Moth|Quark Drive|[silent]\n|switch|p1a: Lilligant|Lilligant-Hisui, F|91\/100\n|move|p2a: Skeledirge|Torch Song|p1a: Lilligant\n|-supereffective|p1a: Lilligant\n|-damage|p1a: Lilligant|3\/100\n|-boost|p2a: Skeledirge|spa|1\n|\n|-heal|p2a: Skeledirge|96\/100|[from] item: Leftovers\n|upkeep\n|turn|29\n|\n|t:|1700808837\n|move|p1a: Lilligant|Ice Spinner|p2a: Skeledirge\n|-resisted|p2a: Skeledirge\n|-damage|p2a: Skeledirge|83\/100\n|-damage|p1a: Lilligant|0 fnt|[from] item: Life Orb\n|faint|p1a: Lilligant\n|move|p2a: Skeledirge|Torch Song|p1: Lilligant|[notarget]\n|-fail|p2a: Skeledirge\n|\n|-heal|p2a: Skeledirge|89\/100|[from] item: Leftovers\n|upkeep\n|\n|t:|1700808846\n|switch|p1a: Great Tusk|Great Tusk|100\/100\n|turn|30\n|\n|t:|1700808850\n|-terastallize|p2a: Skeledirge|Dragon\n|move|p1a: Great Tusk|Earthquake|p2a: Skeledirge\n|-damage|p2a: Skeledirge|47\/100\n|move|p2a: Skeledirge|Will-O-Wisp|p1a: Great Tusk|[miss]\n|-miss|p2a: Skeledirge|p1a: Great Tusk\n|\n|-heal|p2a: Skeledirge|53\/100|[from] item: Leftovers\n|upkeep\n|turn|31\n|\n|t:|1700808859\n|move|p1a: Great Tusk|Close Combat|p2a: Skeledirge\n|-damage|p2a: Skeledirge|0 fnt\n|-unboost|p1a: Great Tusk|def|1\n|-unboost|p1a: Great Tusk|spd|1\n|faint|p2a: Skeledirge\n|\n|upkeep\n|\n|t:|1700808863\n|switch|p2a: Iron Valiant|Iron Valiant|43\/100 brn\n|turn|32\n|\n|t:|1700808867\n|move|p2a: Iron Valiant|Moonblast|p1a: Great Tusk\n|-supereffective|p1a: Great Tusk\n|-damage|p1a: Great Tusk|0 fnt\n|faint|p1a: Great Tusk\n|-end|p1a: Great Tusk|Protosynthesis|[silent]\n|-damage|p2a: Iron Valiant|33\/100 brn|[from] item: Life Orb\n|\n|-damage|p2a: Iron Valiant|27\/100 brn|[from] brn\n|upkeep\n|\n|t:|1700808874\n|switch|p1a: Iron Moth|Iron Moth|70\/100\n|turn|33\n|inactive|ratatta17 has 120 seconds left.\n|\n|t:|1700808916\n|move|p2a: Iron Valiant|Thunderbolt|p1a: Iron Moth\n|-damage|p1a: Iron Moth|26\/100\n|-status|p1a: Iron Moth|par\n|-damage|p2a: Iron Valiant|17\/100 brn|[from] item: Life Orb\n|cant|p1a: Iron Moth|par\n|\n|-damage|p2a: Iron Valiant|11\/100 brn|[from] brn\n|upkeep\n|turn|34\n|inactive|stallinho has 120 seconds left.\n|\n|t:|1700808969\n|move|p2a: Iron Valiant|Thunderbolt|p1a: Iron Moth\n|-damage|p1a: Iron Moth|0 fnt\n|faint|p1a: Iron Moth\n|-end|p1a: Iron Moth|Quark Drive|[silent]\n|-damage|p2a: Iron Valiant|2\/100 brn|[from] item: Life Orb\n|\n|win|ratatta17\n|raw|stallinho's rating: 1594 &rarr; <strong>1568<\/strong><br \/>(-26 for losing)\n|raw|ratatta17's rating: 1493 &rarr; <strong>1519<\/strong><br \/>(+26 for winning)\n|l|\u2606stallinho\n","uploadtime":1700809094,"views":3,"p1id":"stallinho","p2id":"ratatta17","formatid":"gen9ou","rating":1519,"private":0,"password":""}