{"id":"gen9ou-1999958392","p1":"Bottiglieri","p2":"AkiDes","format":"[Gen 9] OU","log":"|j|\u2606Bottiglieri\n|j|\u2606AkiDes\n|t:|1701134604\n|gametype|singles\n|player|p1|Bottiglieri|shadowtriad|1095\n|player|p2|AkiDes|volkner|1209\n|teamsize|p1|6\n|teamsize|p2|6\n|gen|9\n|tier|[Gen 9] OU\n|rated|\n|rule|Sleep Clause Mod: Limit one foe put to sleep\n|rule|Species Clause: Limit one of each Pok\u00e9mon\n|rule|OHKO Clause: OHKO moves are banned\n|rule|Evasion Items Clause: Evasion items are banned\n|rule|Evasion Moves Clause: Evasion moves are banned\n|rule|Endless Battle Clause: Forcing endless battles is banned\n|rule|HP Percentage Mod: HP is shown in percentages\n|clearpoke\n|poke|p1|Tyranitar, F|\n|poke|p1|Hippowdon, M|\n|poke|p1|Houndstone, F|\n|poke|p1|Garchomp, F|\n|poke|p1|Lycanroc, F|\n|poke|p1|Goodra-Hisui, F|\n|poke|p2|Dragonite, M|\n|poke|p2|Cinderace, F|\n|poke|p2|Mandibuzz, F|\n|poke|p2|Jolteon, M|\n|poke|p2|Landorus-Therian, M|\n|poke|p2|Greninja-*, M|\n|teampreview\n|\n|t:|1701134611\n|start\n|switch|p1a: Hippowdon|Hippowdon, M|100\/100\n|switch|p2a: Babotas|Greninja, M, shiny|100\/100\n|-weather|Sandstorm|[from] ability: Sand Stream|[of] p1a: Hippowdon\n|turn|1\n|inactive|Battle timer is ON: inactive players will automatically lose when time's up. (requested by Bottiglieri)\n|\n|t:|1701134618\n|switch|p1a: Goodra|Goodra-Hisui, F|100\/100\n|move|p2a: Babotas|Ice Beam|p1a: Goodra\n|-start|p2a: Babotas|typechange|Ice|[from] ability: Protean\n|-damage|p1a: Goodra|82\/100\n|\n|-weather|Sandstorm|[upkeep]\n|-damage|p2a: Babotas|95\/100|[from] Sandstorm\n|upkeep\n|turn|2\n|\n|t:|1701134627\n|switch|p2a: Prueba nomas|Landorus-Therian, M|100\/100\n|-ability|p2a: Prueba nomas|Intimidate|boost\n|-unboost|p1a: Goodra|atk|1\n|move|p1a: Goodra|Flash Cannon|p2a: Prueba nomas\n|-damage|p2a: Prueba nomas|48\/100\n|\n|-weather|Sandstorm|[upkeep]\n|upkeep\n|turn|3\n|\n|t:|1701134642\n|move|p2a: Prueba nomas|Stealth Rock|p1a: Goodra\n|-sidestart|p1: Bottiglieri|move: Stealth Rock\n|move|p1a: Goodra|Flash Cannon|p2a: Prueba nomas\n|-damage|p2a: Prueba nomas|0 fnt\n|faint|p2a: Prueba nomas\n|\n|-weather|Sandstorm|[upkeep]\n|upkeep\n|\n|t:|1701134648\n|switch|p2a: Fuego en la pista|Cinderace, F|100\/100\n|turn|4\n|\n|t:|1701134653\n|switch|p1a: Hippowdon|Hippowdon, M|100\/100\n|-damage|p1a: Hippowdon|94\/100|[from] Stealth Rock\n|move|p2a: Fuego en la pista|High Jump Kick|p1a: Hippowdon\n|-start|p2a: Fuego en la pista|typechange|Fighting|[from] ability: Libero\n|-damage|p1a: Hippowdon|60\/100\n|\n|-weather|Sandstorm|[upkeep]\n|-damage|p2a: Fuego en la pista|95\/100|[from] Sandstorm\n|upkeep\n|turn|5\n|\n|t:|1701134663\n|move|p2a: Fuego en la pista|U-turn|p1a: Hippowdon\n|-damage|p1a: Hippowdon|48\/100\n|\n|t:|1701134668\n|switch|p2a: Cacahuate|Dragonite, M|100\/100|[from] U-turn\n|move|p1a: Hippowdon|Stealth Rock|p2a: Cacahuate\n|-sidestart|p2: AkiDes|move: Stealth Rock\n|\n|-weather|Sandstorm|[upkeep]\n|-damage|p2a: Cacahuate|94\/100|[from] Sandstorm\n|upkeep\n|turn|6\n|\n|t:|1701134675\n|move|p2a: Cacahuate|Dragon Dance|p2a: Cacahuate\n|-boost|p2a: Cacahuate|atk|1\n|-boost|p2a: Cacahuate|spe|1\n|move|p1a: Hippowdon|Whirlwind|p2a: Cacahuate\n|drag|p2a: Jarcres|Jolteon, M|100\/100\n|-damage|p2a: Jarcres|88\/100|[from] Stealth Rock\n|\n|-weather|Sandstorm|[upkeep]\n|-damage|p2a: Jarcres|82\/100|[from] Sandstorm\n|upkeep\n|turn|7\n|\n|t:|1701134683\n|-terastallize|p2a: Jarcres|Ice\n|move|p2a: Jarcres|Tera Blast|p1a: Hippowdon|[anim] Tera Blast Ice\n|-supereffective|p1a: Hippowdon\n|-damage|p1a: Hippowdon|0 fnt\n|faint|p1a: Hippowdon\n|\n|-weather|Sandstorm|[upkeep]\n|-damage|p2a: Jarcres|77\/100|[from] Sandstorm\n|upkeep\n|\n|t:|1701134698\n|switch|p1a: Lycanroc|Lycanroc, F|100\/100\n|-damage|p1a: Lycanroc|88\/100|[from] Stealth Rock\n|turn|8\n|\n|t:|1701134703\n|switch|p2a: Fuego en la pista|Cinderace, F|95\/100\n|-damage|p2a: Fuego en la pista|70\/100|[from] Stealth Rock\n|move|p1a: Lycanroc|Stone Edge|p2a: Fuego en la pista|[miss]\n|-miss|p1a: Lycanroc|p2a: Fuego en la pista\n|\n|-weather|none\n|upkeep\n|turn|9\n|\n|t:|1701134715\n|switch|p1a: Tyranitar|Tyranitar, F|100\/100\n|-damage|p1a: Tyranitar|88\/100|[from] Stealth Rock\n|-weather|Sandstorm|[from] ability: Sand Stream|[of] p1a: Tyranitar\n|move|p2a: Fuego en la pista|High Jump Kick|p1a: Tyranitar\n|-start|p2a: Fuego en la pista|typechange|Fighting|[from] ability: Libero\n|-supereffective|p1a: Tyranitar\n|-damage|p1a: Tyranitar|0 fnt\n|faint|p1a: Tyranitar\n|\n|-weather|Sandstorm|[upkeep]\n|-damage|p2a: Fuego en la pista|64\/100|[from] Sandstorm\n|upkeep\n|\n|t:|1701134728\n|switch|p1a: Lycanroc|Lycanroc, F|88\/100\n|-damage|p1a: Lycanroc|76\/100|[from] Stealth Rock\n|turn|10\n|\n|t:|1701134732\n|move|p1a: Lycanroc|Stone Edge|p2a: Fuego en la pista\n|-resisted|p2a: Fuego en la pista\n|-damage|p2a: Fuego en la pista|15\/100\n|-damage|p1a: Lycanroc|66\/100|[from] item: Life Orb\n|move|p2a: Fuego en la pista|High Jump Kick|p1a: Lycanroc\n|-supereffective|p1a: Lycanroc\n|-damage|p1a: Lycanroc|0 fnt\n|faint|p1a: Lycanroc\n|\n|-weather|Sandstorm|[upkeep]\n|-damage|p2a: Fuego en la pista|9\/100|[from] Sandstorm\n|upkeep\n|\n|t:|1701134743\n|switch|p1a: Houndstone|Houndstone, F|100\/100\n|-damage|p1a: Houndstone|88\/100|[from] Stealth Rock\n|turn|11\n|\n|t:|1701134748\n|move|p2a: Fuego en la pista|Sucker Punch|p1a: Houndstone\n|-supereffective|p1a: Houndstone\n|-damage|p1a: Houndstone|37\/100\n|move|p1a: Houndstone|Crunch|p2a: Fuego en la pista\n|-resisted|p2a: Fuego en la pista\n|-damage|p2a: Fuego en la pista|0 fnt\n|faint|p2a: Fuego en la pista\n|-damage|p1a: Houndstone|27\/100|[from] item: Life Orb\n|\n|-weather|Sandstorm|[upkeep]\n|upkeep\n|\n|t:|1701134759\n|switch|p2a: Babotas|Greninja, M, shiny|95\/100\n|-damage|p2a: Babotas|82\/100|[from] Stealth Rock\n|turn|12\n|-message|Bottiglieri forfeited.\n|\n|win|AkiDes\n|raw|Bottiglieri's rating: 1095 &rarr; <strong>1078<\/strong><br \/>(-17 for losing)\n|raw|AkiDes's rating: 1209 &rarr; <strong>1226<\/strong><br \/>(+17 for winning)\n|l|\u2606Bottiglieri\n","uploadtime":1701134770,"views":2,"p1id":"bottiglieri","p2id":"akides","formatid":"gen9ou","rating":1078,"private":0,"password":""}