{"id":"gen9ou-1996648536","p1":"Spix on YT","p2":"seboniux","format":"[Gen 9] OU","log":"|j|\u2606Spix on YT\n|j|\u2606seboniux\n|t:|1700704973\n|gametype|singles\n|player|p1|Spix on YT|burnet|1108\n|player|p2|seboniux|nate|1000\n|teamsize|p1|6\n|teamsize|p2|6\n|gen|9\n|tier|[Gen 9] OU\n|rated|\n|rule|Sleep Clause Mod: Limit one foe put to sleep\n|rule|Species Clause: Limit one of each Pok\u00e9mon\n|rule|OHKO Clause: OHKO moves are banned\n|rule|Evasion Items Clause: Evasion items are banned\n|rule|Evasion Moves Clause: Evasion moves are banned\n|rule|Endless Battle Clause: Forcing endless battles is banned\n|rule|HP Percentage Mod: HP is shown in percentages\n|clearpoke\n|poke|p1|Moltres-Galar|\n|poke|p1|Great Tusk|\n|poke|p1|Corviknight, M|\n|poke|p1|Typhlosion-Hisui, M|\n|poke|p1|Ogerpon, F|\n|poke|p1|Barraskewda, M|\n|poke|p2|Dragapult, M|\n|poke|p2|Corviknight, F|\n|poke|p2|Samurott-Hisui, M|\n|poke|p2|Iron Valiant|\n|poke|p2|Great Tusk|\n|poke|p2|Arcanine, M|\n|teampreview\n|\n|t:|1700705001\n|start\n|switch|p1a: Ogerpon|Ogerpon, F|100\/100\n|switch|p2a: Arcanine|Arcanine, M|100\/100\n|-ability|p2a: Arcanine|Intimidate|boost\n|-unboost|p1a: Ogerpon|atk|1\n|-ability|p1a: Ogerpon|Defiant|boost\n|-boost|p1a: Ogerpon|atk|2\n|turn|1\n|\n|t:|1700705021\n|move|p1a: Ogerpon|U-turn|p2a: Arcanine\n|-resisted|p2a: Arcanine\n|-damage|p2a: Arcanine|77\/100\n|\n|t:|1700705028\n|switch|p1a: Barraskewda|Barraskewda, M|100\/100|[from] U-turn\n|move|p2a: Arcanine|Wild Charge|p1a: Barraskewda\n|-supereffective|p1a: Barraskewda\n|-damage|p1a: Barraskewda|0 fnt\n|faint|p1a: Barraskewda\n|-damage|p2a: Arcanine|57\/100|[from] Recoil\n|\n|upkeep\n|\n|t:|1700705034\n|switch|p1a: Great Tusk|Great Tusk|100\/100\n|turn|2\n|\n|t:|1700705043\n|-end|p1a: Great Tusk|Protosynthesis|[silent]\n|switch|p1a: Typhlosion|Typhlosion-Hisui, M|100\/100\n|-item|p2a: Arcanine|Assault Vest|[from] ability: Frisk|[of] p1a: Typhlosion|[identify]\n|switch|p2a: Corviknight|Corviknight, F, shiny|100\/100\n|\n|upkeep\n|turn|3\n|\n|t:|1700705051\n|move|p2a: Corviknight|Protect|p2a: Corviknight\n|-singleturn|p2a: Corviknight|Protect\n|move|p1a: Typhlosion|Eruption|p2a: Corviknight\n|-activate|p2a: Corviknight|move: Protect\n|\n|upkeep\n|turn|4\n|\n|t:|1700705061\n|switch|p2a: Arcanine|Arcanine, M|57\/100\n|-ability|p2a: Arcanine|Intimidate|boost\n|-unboost|p1a: Typhlosion|atk|1\n|move|p1a: Typhlosion|Eruption|p2a: Arcanine\n|-resisted|p2a: Arcanine\n|-damage|p2a: Arcanine|24\/100\n|\n|upkeep\n|turn|5\n|\n|t:|1700705076\n|move|p2a: Arcanine|Extreme Speed|p1a: Typhlosion\n|-immune|p1a: Typhlosion\n|move|p1a: Typhlosion|Eruption|p2a: Arcanine\n|-resisted|p2a: Arcanine\n|-damage|p2a: Arcanine|0 fnt\n|faint|p2a: Arcanine\n|\n|upkeep\n|\n|t:|1700705085\n|switch|p2a: Samurott|Samurott-Hisui, M|100\/100\n|turn|6\n|\n|t:|1700705096\n|switch|p1a: Corviknight|Corviknight, M, shiny|100\/100\n|move|p2a: Samurott|Razor Shell|p1a: Corviknight\n|-damage|p1a: Corviknight|58\/100\n|-ability|p1a: Corviknight|Mirror Armor\n|-unboost|p2a: Samurott|def|1\n|\n|-heal|p1a: Corviknight|64\/100|[from] item: Leftovers\n|upkeep\n|turn|7\n|\n|t:|1700705114\n|switch|p2a: Dragapult|Dragapult, M, shiny|100\/100\n|move|p1a: Corviknight|U-turn|p2a: Dragapult\n|-resisted|p2a: Dragapult\n|-damage|p2a: Dragapult|91\/100\n|\n|t:|1700705123\n|switch|p1a: Moltres|Moltres-Galar|100\/100|[from] U-turn\n|\n|upkeep\n|turn|8\n|\n|t:|1700705137\n|move|p2a: Dragapult|U-turn|p1a: Moltres\n|-crit|p1a: Moltres\n|-damage|p1a: Moltres|69\/100\n|\n|t:|1700705145\n|switch|p2a: Iron Valiant|Iron Valiant|100\/100|[from] U-turn\n|move|p1a: Moltres|Agility|p1a: Moltres\n|-boost|p1a: Moltres|spe|2\n|\n|upkeep\n|turn|9\n|\n|t:|1700705154\n|move|p1a: Moltres|Air Slash|p2a: Iron Valiant\n|-supereffective|p2a: Iron Valiant\n|-damage|p2a: Iron Valiant|0 fnt\n|faint|p2a: Iron Valiant\n|-end|p2a: Iron Valiant|Quark Drive|[silent]\n|\n|upkeep\n|\n|t:|1700705159\n|switch|p2a: Great Tusk|Great Tusk|100\/100\n|turn|10\n|\n|t:|1700705164\n|-end|p2a: Great Tusk|Protosynthesis|[silent]\n|switch|p2a: Corviknight|Corviknight, F, shiny|100\/100\n|move|p1a: Moltres|Air Slash|p2a: Corviknight\n|-resisted|p2a: Corviknight\n|-damage|p2a: Corviknight|83\/100\n|\n|-heal|p2a: Corviknight|89\/100|[from] item: Leftovers\n|upkeep\n|turn|11\n|\n|t:|1700705174\n|move|p1a: Moltres|Fiery Wrath|p2a: Corviknight\n|-damage|p2a: Corviknight|47\/100\n|move|p2a: Corviknight|Iron Head|p1a: Moltres\n|-damage|p1a: Moltres|44\/100\n|-ability|p1a: Moltres|Berserk|boost\n|-boost|p1a: Moltres|spa|1\n|\n|-heal|p2a: Corviknight|53\/100|[from] item: Leftovers\n|upkeep\n|turn|12\n|\n|t:|1700705182\n|move|p2a: Corviknight|Protect|p2a: Corviknight\n|-singleturn|p2a: Corviknight|Protect\n|move|p1a: Moltres|Fiery Wrath|p2a: Corviknight\n|-activate|p2a: Corviknight|move: Protect\n|\n|-heal|p2a: Corviknight|60\/100|[from] item: Leftovers\n|upkeep\n|turn|13\n|\n|t:|1700705193\n|-terastallize|p2a: Corviknight|Flying\n|move|p1a: Moltres|Fiery Wrath|p2a: Corviknight\n|-damage|p2a: Corviknight|0 fnt\n|faint|p2a: Corviknight\n|\n|upkeep\n|\n|t:|1700705202\n|switch|p2a: Samurott|Samurott-Hisui, M|100\/100\n|turn|14\n|\n|t:|1700705208\n|move|p1a: Moltres|Air Slash|p2a: Samurott\n|-crit|p2a: Samurott\n|-damage|p2a: Samurott|0 fnt\n|faint|p2a: Samurott\n|\n|upkeep\n|\n|t:|1700705213\n|switch|p2a: Dragapult|Dragapult, M, shiny|91\/100\n|turn|15\n|\n|t:|1700705218\n|move|p1a: Moltres|Fiery Wrath|p2a: Dragapult\n|-supereffective|p2a: Dragapult\n|-damage|p2a: Dragapult|0 fnt\n|faint|p2a: Dragapult\n|\n|upkeep\n|\n|t:|1700705222\n|switch|p2a: Great Tusk|Great Tusk|100\/100\n|turn|16\n|\n|t:|1700705225\n|move|p1a: Moltres|Air Slash|p2a: Great Tusk\n|-supereffective|p2a: Great Tusk\n|-damage|p2a: Great Tusk|0 fnt\n|faint|p2a: Great Tusk\n|-end|p2a: Great Tusk|Protosynthesis|[silent]\n|\n|win|Spix on YT\n|raw|Spix on YT's rating: 1108 &rarr; <strong>1125<\/strong><br \/>(+17 for winning)\n|raw|seboniux's rating: 1000 &rarr; <strong>1000<\/strong><br \/>(+0 for losing)\n|l|\u2606seboniux\n","uploadtime":1700705238,"views":4,"p1id":"spixonyt","p2id":"seboniux","formatid":"gen9ou","rating":1000,"private":0,"password":""}