{"id":"gen9ou-1997048359","p1":"Jojoash1","p2":"Gustav0Z","format":"[Gen 9] OU","log":"|j|\u2606Jojoash1\n|j|\u2606Gustav0Z\n|t:|1700759297\n|gametype|singles\n|player|p1|Jojoash1|170|1524\n|player|p2|Gustav0Z|cynthia|1550\n|teamsize|p1|6\n|teamsize|p2|6\n|gen|9\n|tier|[Gen 9] OU\n|rated|\n|rule|Sleep Clause Mod: Limit one foe put to sleep\n|rule|Species Clause: Limit one of each Pok\u00e9mon\n|rule|OHKO Clause: OHKO moves are banned\n|rule|Evasion Items Clause: Evasion items are banned\n|rule|Evasion Moves Clause: Evasion moves are banned\n|rule|Endless Battle Clause: Forcing endless battles is banned\n|rule|HP Percentage Mod: HP is shown in percentages\n|clearpoke\n|poke|p1|Toxapex, F|\n|poke|p1|Skeledirge, F|\n|poke|p1|Clefable, F|\n|poke|p1|Alomomola, F|\n|poke|p1|Blissey, F|\n|poke|p1|Great Tusk|\n|poke|p2|Glimmora, M|\n|poke|p2|Gholdengo|\n|poke|p2|Dragonite, M|\n|poke|p2|Greninja-*, M|\n|poke|p2|Iron Valiant|\n|poke|p2|Rillaboom, F|\n|teampreview\n|j| Mooncougar\n|l| Mooncougar\n|inactive|Battle timer is ON: inactive players will automatically lose when time's up. (requested by Jojoash1)\n|\n|t:|1700759328\n|start\n|switch|p1a: Blissey|Blissey, F|100\/100\n|switch|p2a: Glimmora|Glimmora, M|100\/100\n|turn|1\n|\n|t:|1700759347\n|move|p2a: Glimmora|Stealth Rock|p1a: Blissey\n|-sidestart|p1: Jojoash1|move: Stealth Rock\n|move|p1a: Blissey|Seismic Toss|p2a: Glimmora\n|-damage|p2a: Glimmora|68\/100\n|-activate|p2a: Glimmora|ability: Toxic Debris\n|-sidestart|p1: Jojoash1|move: Toxic Spikes\n|\n|upkeep\n|turn|2\n|\n|t:|1700759351\n|move|p2a: Glimmora|Spikes|p1a: Blissey\n|-sidestart|p1: Jojoash1|Spikes\n|move|p1a: Blissey|Seismic Toss|p2a: Glimmora\n|-damage|p2a: Glimmora|35\/100\n|-activate|p2a: Glimmora|ability: Toxic Debris\n|-sidestart|p1: Jojoash1|move: Toxic Spikes\n|\n|upkeep\n|turn|3\n|\n|t:|1700759381\n|move|p2a: Glimmora|Spikes|p1a: Blissey\n|-sidestart|p1: Jojoash1|Spikes\n|move|p1a: Blissey|Seismic Toss|p2a: Glimmora\n|-damage|p2a: Glimmora|3\/100\n|\n|upkeep\n|turn|4\n|\n|t:|1700759402\n|move|p2a: Glimmora|Energy Ball|p1a: Blissey\n|-damage|p1a: Blissey|91\/100\n|move|p1a: Blissey|Seismic Toss|p2a: Glimmora\n|-damage|p2a: Glimmora|0 fnt\n|faint|p2a: Glimmora\n|\n|upkeep\n|inactive|Gustav0Z has 120 seconds left.\n|\n|t:|1700759433\n|switch|p2a: Dragonite|Dragonite, M|100\/100\n|turn|5\n|\n|t:|1700759447\n|switch|p1a: Toxapex|Toxapex, F|100\/100\n|-sideend|p1: Jojoash1|move: Toxic Spikes|[of] p1a: Toxapex\n|move|p2a: Dragonite|Earthquake|p1a: Toxapex\n|-supereffective|p1a: Toxapex\n|-damage|p1a: Toxapex|27\/100\n|\n|upkeep\n|turn|6\n|inactive|Gustav0Z has 120 seconds left.\n|\n|t:|1700759455\n|switch|p1a: Alomomola|Alomomola, F, shiny|100\/100\n|-damage|p1a: Alomomola|88\/100|[from] Stealth Rock\n|-damage|p1a: Alomomola|71\/100|[from] Spikes\n|move|p2a: Dragonite|Earthquake|p1a: Alomomola\n|-damage|p1a: Alomomola|42\/100\n|\n|upkeep\n|turn|7\n|inactive|Gustav0Z has 120 seconds left.\n|inactive|Jojoash1 has 120 seconds left.\n|inactive|Gustav0Z has 90 seconds left.\n|inactive|Jojoash1 has 90 seconds left.\n|inactive|Gustav0Z has 60 seconds left.\n|j| Ombre Nomade\n|l| Ombre Nomade\n|inactive|Jojoash1 has 60 seconds left.\n|c|\u2606Jojoash1|Wth\n|inactive|Jojoash1 has 30 seconds left.\n|\n|t:|1700759580\n|switch|p2a: Rillaboom|Rillaboom, F|100\/100\n|-fieldstart|move: Grassy Terrain|[from] ability: Grassy Surge|[of] p2a: Rillaboom\n|move|p1a: Alomomola|Wish|p1a: Alomomola\n|\n|-heal|p1a: Alomomola|48\/100|[from] Grassy Terrain\n|upkeep\n|turn|8\n|inactive|Jojoash1 has 30 seconds left.\n|\n|t:|1700759587\n|switch|p1a: Toxapex|Toxapex, F|61\/100\n|move|p2a: Rillaboom|Swords Dance|p2a: Rillaboom\n|-boost|p2a: Rillaboom|atk|2\n|\n|-heal|p1a: Toxapex|100\/100|[from] move: Wish|[wisher] Alomomola\n|upkeep\n|turn|9\n|\n|t:|1700759595\n|move|p2a: Rillaboom|Knock Off|p1a: Toxapex\n|-damage|p1a: Toxapex|63\/100\n|-enditem|p1a: Toxapex|Heavy-Duty Boots|[from] move: Knock Off|[of] p2a: Rillaboom\n|move|p1a: Toxapex|Haze|p1a: Toxapex\n|-clearallboost\n|\n|-heal|p1a: Toxapex|69\/100|[from] Grassy Terrain\n|upkeep\n|turn|10\n|inactive|Gustav0Z has 60 seconds left.\n|\n|t:|1700759607\n|move|p2a: Rillaboom|Swords Dance|p2a: Rillaboom\n|-boost|p2a: Rillaboom|atk|2\n|move|p1a: Toxapex|Toxic|p2a: Rillaboom\n|-status|p2a: Rillaboom|tox\n|\n|-heal|p1a: Toxapex|75\/100|[from] Grassy Terrain\n|-damage|p2a: Rillaboom|94\/100 tox|[from] psn\n|upkeep\n|turn|11\n|\n|t:|1700759611\n|switch|p1a: Skeledirge|Skeledirge, F|100\/100\n|move|p2a: Rillaboom|Stomping Tantrum|p1a: Skeledirge\n|-supereffective|p1a: Skeledirge\n|-crit|p1a: Skeledirge\n|-damage|p1a: Skeledirge|57\/100\n|\n|-heal|p2a: Rillaboom|100\/100 tox|[from] Grassy Terrain\n|-heal|p1a: Skeledirge|63\/100|[from] Grassy Terrain\n|-damage|p2a: Rillaboom|88\/100 tox|[from] psn\n|-fieldend|move: Grassy Terrain\n|upkeep\n|turn|12\n|inactive|Jojoash1 has 60 seconds left.\n|\n|t:|1700759625\n|move|p2a: Rillaboom|Knock Off|p1a: Skeledirge\n|-supereffective|p1a: Skeledirge\n|-damage|p1a: Skeledirge|20\/100\n|-enditem|p1a: Skeledirge|Heavy-Duty Boots|[from] move: Knock Off|[of] p2a: Rillaboom\n|move|p1a: Skeledirge|Slack Off|p1a: Skeledirge\n|-heal|p1a: Skeledirge|71\/100\n|\n|-damage|p2a: Rillaboom|70\/100 tox|[from] psn\n|upkeep\n|turn|13\n|\n|t:|1700759635\n|switch|p2a: Greninja|Greninja, M|100\/100\n|move|p1a: Skeledirge|Slack Off|p1a: Skeledirge\n|-heal|p1a: Skeledirge|100\/100\n|\n|upkeep\n|turn|14\n|\n|t:|1700759648\n|switch|p1a: Blissey|Blissey, F|91\/100\n|move|p2a: Greninja|Dark Pulse|p1a: Blissey\n|-damage|p1a: Blissey|79\/100\n|-damage|p2a: Greninja|91\/100|[from] item: Life Orb\n|\n|upkeep\n|turn|15\n|inactive|Jojoash1 has 60 seconds left.\n|\n|t:|1700759671\n|switch|p2a: Rillaboom|Rillaboom, F|70\/100 tox\n|-fieldstart|move: Grassy Terrain|[from] ability: Grassy Surge|[of] p2a: Rillaboom\n|move|p1a: Blissey|Stealth Rock|p2a: Rillaboom\n|-sidestart|p2: Gustav0Z|move: Stealth Rock\n|\n|-heal|p2a: Rillaboom|76\/100 tox|[from] Grassy Terrain\n|-heal|p1a: Blissey|85\/100|[from] Grassy Terrain\n|-damage|p2a: Rillaboom|70\/100 tox|[from] psn\n|upkeep\n|turn|16\n|\n|t:|1700759677\n|switch|p1a: Toxapex|Toxapex, F|100\/100\n|-damage|p1a: Toxapex|88\/100|[from] Stealth Rock\n|-damage|p1a: Toxapex|72\/100|[from] Spikes\n|move|p2a: Rillaboom|Knock Off|p1a: Toxapex\n|-damage|p1a: Toxapex|59\/100\n|\n|-heal|p2a: Rillaboom|76\/100 tox|[from] Grassy Terrain\n|-heal|p1a: Toxapex|65\/100|[from] Grassy Terrain\n|-damage|p2a: Rillaboom|64\/100 tox|[from] psn\n|upkeep\n|turn|17\n|inactive|Jojoash1 has 60 seconds left.\n|inactive|Jojoash1 has 30 seconds left.\n|\n|t:|1700759730\n|move|p2a: Rillaboom|Stomping Tantrum|p1a: Toxapex\n|-supereffective|p1a: Toxapex\n|-damage|p1a: Toxapex|35\/100\n|move|p1a: Toxapex|Recover|p1a: Toxapex\n|-heal|p1a: Toxapex|86\/100\n|\n|-heal|p2a: Rillaboom|70\/100 tox|[from] Grassy Terrain\n|-heal|p1a: Toxapex|92\/100|[from] Grassy Terrain\n|-damage|p2a: Rillaboom|51\/100 tox|[from] psn\n|upkeep\n|turn|18\n|inactive|Jojoash1 has 30 seconds left.\n|inactive|Jojoash1 has 20 seconds left.\n|\n|t:|1700759745\n|move|p2a: Rillaboom|Swords Dance|p2a: Rillaboom\n|-boost|p2a: Rillaboom|atk|2\n|move|p1a: Toxapex|Infestation|p2a: Rillaboom\n|-supereffective|p2a: Rillaboom\n|-damage|p2a: Rillaboom|44\/100 tox\n|-activate|p2a: Rillaboom|move: Infestation|[of] p1a: Toxapex\n|\n|-heal|p2a: Rillaboom|50\/100 tox|[from] Grassy Terrain\n|-heal|p1a: Toxapex|98\/100|[from] Grassy Terrain\n|-damage|p2a: Rillaboom|25\/100 tox|[from] psn\n|-damage|p2a: Rillaboom|13\/100 tox|[from] move: Infestation|[partiallytrapped]\n|upkeep\n|turn|19\n|inactive|Jojoash1 has 30 seconds left this turn.\n|\n|t:|1700759751\n|move|p2a: Rillaboom|Grassy Glide|p1a: Toxapex\n|-damage|p1a: Toxapex|46\/100\n|move|p1a: Toxapex|Recover|p1a: Toxapex\n|-heal|p1a: Toxapex|96\/100\n|\n|-heal|p2a: Rillaboom|19\/100 tox|[from] Grassy Terrain\n|-heal|p1a: Toxapex|100\/100|[from] Grassy Terrain\n|-damage|p2a: Rillaboom|0 fnt|[from] psn\n|faint|p2a: Rillaboom\n|-fieldend|move: Grassy Terrain\n|upkeep\n|\n|t:|1700759767\n|switch|p2a: Gholdengo|Gholdengo|100\/100\n|-damage|p2a: Gholdengo|94\/100|[from] Stealth Rock\n|-item|p2a: Gholdengo|Air Balloon\n|turn|20\n|\n|t:|1700759778\n|move|p2a: Gholdengo|Nasty Plot|p2a: Gholdengo\n|-boost|p2a: Gholdengo|spa|2\n|move|p1a: Toxapex|Infestation|p2a: Gholdengo\n|-resisted|p2a: Gholdengo\n|-damage|p2a: Gholdengo|94\/100\n|-activate|p2a: Gholdengo|move: Infestation|[of] p1a: Toxapex\n|-enditem|p2a: Gholdengo|Air Balloon\n|\n|-damage|p2a: Gholdengo|81\/100|[from] move: Infestation|[partiallytrapped]\n|upkeep\n|turn|21\n|\n|t:|1700759782\n|move|p2a: Gholdengo|Nasty Plot|p2a: Gholdengo\n|-boost|p2a: Gholdengo|spa|2\n|move|p1a: Toxapex|Haze|p1a: Toxapex\n|-clearallboost\n|\n|-damage|p2a: Gholdengo|69\/100|[from] move: Infestation|[partiallytrapped]\n|upkeep\n|turn|22\n|\n|t:|1700759793\n|move|p2a: Gholdengo|Nasty Plot|p2a: Gholdengo\n|-boost|p2a: Gholdengo|spa|2\n|move|p1a: Toxapex|Haze|p1a: Toxapex\n|-clearallboost\n|\n|-damage|p2a: Gholdengo|56\/100|[from] move: Infestation|[partiallytrapped]\n|upkeep\n|turn|23\n|\n|t:|1700759804\n|move|p2a: Gholdengo|Shadow Ball|p1a: Toxapex\n|-damage|p1a: Toxapex|64\/100\n|move|p1a: Toxapex|Haze|p1a: Toxapex\n|-clearallboost\n|\n|-damage|p2a: Gholdengo|44\/100|[from] move: Infestation|[partiallytrapped]\n|upkeep\n|turn|24\n|\n|t:|1700759809\n|move|p2a: Gholdengo|Recover|p2a: Gholdengo\n|-heal|p2a: Gholdengo|94\/100\n|move|p1a: Toxapex|Recover|p1a: Toxapex\n|-heal|p1a: Toxapex|100\/100\n|\n|-damage|p2a: Gholdengo|81\/100|[from] move: Infestation|[partiallytrapped]\n|upkeep\n|turn|25\n|inactive|Jojoash1 has 60 seconds left.\n|\n|t:|1700759816\n|switch|p1a: Clefable|Clefable, F|100\/100\n|-damage|p1a: Clefable|88\/100|[from] Stealth Rock\n|-damage|p1a: Clefable|72\/100|[from] Spikes\n|move|p2a: Gholdengo|Shadow Ball|p1a: Clefable\n|-damage|p1a: Clefable|29\/100\n|\n|-heal|p1a: Clefable|35\/100|[from] item: Leftovers\n|-end|p2a: Gholdengo|Infestation|[partiallytrapped]\n|upkeep\n|turn|26\n|\n|t:|1700759824\n|move|p1a: Clefable|Protect|p1a: Clefable\n|-singleturn|p1a: Clefable|Protect\n|move|p2a: Gholdengo|Shadow Ball|p1a: Clefable\n|-activate|p1a: Clefable|move: Protect\n|\n|-heal|p1a: Clefable|41\/100|[from] item: Leftovers\n|upkeep\n|turn|27\n|\n|t:|1700759837\n|-terastallize|p1a: Clefable|Water\n|move|p2a: Gholdengo|Shadow Ball|p1a: Clefable\n|-damage|p1a: Clefable|0 fnt\n|faint|p1a: Clefable\n|\n|upkeep\n|c|\u2606Jojoash1|\ud83d\ude44\n|inactive|Jojoash1 has 60 seconds left.\n|\n|t:|1700759852\n|switch|p1a: Great Tusk|Great Tusk|100\/100\n|-damage|p1a: Great Tusk|98\/100|[from] Stealth Rock\n|-damage|p1a: Great Tusk|81\/100|[from] Spikes\n|turn|28\n|\n|t:|1700759869\n|move|p1a: Great Tusk|Headlong Rush|p2a: Gholdengo\n|-supereffective|p2a: Gholdengo\n|-damage|p2a: Gholdengo|0 fnt\n|-unboost|p1a: Great Tusk|def|1\n|-unboost|p1a: Great Tusk|spd|1\n|faint|p2a: Gholdengo\n|\n|-heal|p1a: Great Tusk|87\/100|[from] item: Leftovers\n|upkeep\n|\n|t:|1700759888\n|switch|p2a: Dragonite|Dragonite, M|100\/100\n|-damage|p2a: Dragonite|76\/100|[from] Stealth Rock\n|turn|29\n|inactive|Gustav0Z has 120 seconds left.\n|\n|t:|1700759905\n|-end|p1a: Great Tusk|Protosynthesis|[silent]\n|switch|p1a: Alomomola|Alomomola, F, shiny|82\/100\n|-damage|p1a: Alomomola|69\/100|[from] Stealth Rock\n|-damage|p1a: Alomomola|53\/100|[from] Spikes\n|move|p2a: Dragonite|Dragon Claw|p1a: Alomomola\n|-damage|p1a: Alomomola|13\/100\n|-damage|p2a: Dragonite|59\/100|[from] item: Rocky Helmet|[of] p1a: Alomomola\n|\n|upkeep\n|turn|30\n|\n|t:|1700759919\n|move|p1a: Alomomola|Protect|p1a: Alomomola\n|-singleturn|p1a: Alomomola|Protect\n|move|p2a: Dragonite|Dragon Claw|p1a: Alomomola\n|-activate|p1a: Alomomola|move: Protect\n|\n|upkeep\n|turn|31\n|\n|t:|1700759926\n|switch|p1a: Toxapex|Toxapex, F|100\/100\n|-damage|p1a: Toxapex|88\/100|[from] Stealth Rock\n|-damage|p1a: Toxapex|72\/100|[from] Spikes\n|move|p2a: Dragonite|Dragon Claw|p1a: Toxapex\n|-damage|p1a: Toxapex|29\/100\n|\n|upkeep\n|turn|32\n|\n|t:|1700759942\n|move|p2a: Dragonite|Dragon Claw|p1a: Toxapex\n|-damage|p1a: Toxapex|0 fnt\n|faint|p1a: Toxapex\n|\n|upkeep\n|\n|t:|1700759943\n|switch|p1a: Great Tusk|Great Tusk|87\/100\n|-damage|p1a: Great Tusk|84\/100|[from] Stealth Rock\n|-damage|p1a: Great Tusk|68\/100|[from] Spikes\n|turn|33\n|\n|t:|1700759960\n|switch|p2a: Iron Valiant|Iron Valiant|100\/100\n|-damage|p2a: Iron Valiant|94\/100|[from] Stealth Rock\n|-enditem|p2a: Iron Valiant|Booster Energy\n|-activate|p2a: Iron Valiant|ability: Quark Drive|[fromitem]\n|-start|p2a: Iron Valiant|quarkdrivespe\n|move|p1a: Great Tusk|Rapid Spin|p2a: Iron Valiant\n|-damage|p2a: Iron Valiant|75\/100\n|-boost|p1a: Great Tusk|spe|1\n|-sideend|p1: Jojoash1|Spikes|[from] move: Rapid Spin|[of] p1a: Great Tusk\n|-sideend|p1: Jojoash1|Stealth Rock|[from] move: Rapid Spin|[of] p1a: Great Tusk\n|\n|-heal|p1a: Great Tusk|74\/100|[from] item: Leftovers\n|upkeep\n|turn|34\n|inactive|Jojoash1 has 90 seconds left.\n|\n|t:|1700759986\n|-end|p1a: Great Tusk|Protosynthesis|[silent]\n|switch|p1a: Skeledirge|Skeledirge, F|100\/100\n|move|p2a: Iron Valiant|Encore||[still]\n|-fail|p2a: Iron Valiant\n|\n|upkeep\n|turn|35\n|\n|t:|1700759994\n|move|p2a: Iron Valiant|Shadow Ball|p1a: Skeledirge\n|-supereffective|p1a: Skeledirge\n|-damage|p1a: Skeledirge|48\/100\n|-unboost|p1a: Skeledirge|spd|1\n|move|p1a: Skeledirge|Will-O-Wisp|p2a: Iron Valiant\n|-status|p2a: Iron Valiant|brn\n|\n|-damage|p2a: Iron Valiant|69\/100 brn|[from] brn\n|upkeep\n|turn|36\n|\n|t:|1700760006\n|switch|p1a: Blissey|Blissey, F|85\/100\n|move|p2a: Iron Valiant|Moonblast|p1a: Blissey\n|-damage|p1a: Blissey|72\/100\n|\n|-damage|p2a: Iron Valiant|63\/100 brn|[from] brn\n|upkeep\n|turn|37\n|\n|t:|1700760028\n|move|p2a: Iron Valiant|Moonblast|p1a: Blissey\n|-damage|p1a: Blissey|58\/100\n|-unboost|p1a: Blissey|spa|1\n|move|p1a: Blissey|Soft-Boiled|p1a: Blissey\n|-heal|p1a: Blissey|100\/100\n|\n|-damage|p2a: Iron Valiant|57\/100 brn|[from] brn\n|upkeep\n|turn|38\n|inactive|Jojoash1 has 90 seconds left.\n|\n|t:|1700760074\n|move|p2a: Iron Valiant|Encore|p1a: Blissey\n|-start|p1a: Blissey|Encore\n|move|p1a: Blissey|Soft-Boiled||[still]\n|-fail|p1a: Blissey|heal\n|\n|-damage|p2a: Iron Valiant|50\/100 brn|[from] brn\n|upkeep\n|turn|39\n|\n|t:|1700760087\n|move|p2a: Iron Valiant|Moonblast|p1a: Blissey\n|-damage|p1a: Blissey|87\/100\n|-unboost|p1a: Blissey|spa|1\n|move|p1a: Blissey|Soft-Boiled|p1a: Blissey\n|-heal|p1a: Blissey|100\/100\n|\n|-damage|p2a: Iron Valiant|44\/100 brn|[from] brn\n|upkeep\n|turn|40\n|\n|t:|1700760092\n|-end|p2a: Iron Valiant|Quark Drive|[silent]\n|switch|p2a: Dragonite|Dragonite, M|59\/100\n|-damage|p2a: Dragonite|34\/100|[from] Stealth Rock\n|move|p1a: Blissey|Soft-Boiled||[still]\n|-fail|p1a: Blissey|heal\n|\n|-end|p1a: Blissey|Encore\n|upkeep\n|turn|41\n|\n|t:|1700760099\n|switch|p1a: Great Tusk|Great Tusk|74\/100\n|move|p2a: Dragonite|Earthquake|p1a: Great Tusk\n|-crit|p1a: Great Tusk\n|-damage|p1a: Great Tusk|32\/100\n|\n|-heal|p1a: Great Tusk|38\/100|[from] item: Leftovers\n|upkeep\n|turn|42\n|inactive|Jojoash1 has 90 seconds left.\n|inactive|Gustav0Z has 120 seconds left.\n|\n|t:|1700760129\n|move|p2a: Dragonite|Earthquake|p1a: Great Tusk\n|-damage|p1a: Great Tusk|9\/100\n|move|p1a: Great Tusk|Rapid Spin|p2a: Dragonite\n|-damage|p2a: Dragonite|20\/100\n|-boost|p1a: Great Tusk|spe|1\n|\n|-heal|p1a: Great Tusk|15\/100|[from] item: Leftovers\n|upkeep\n|turn|43\n|inactive|Gustav0Z has 120 seconds left.\n|\n|t:|1700760146\n|switch|p2a: Greninja|Greninja, M|91\/100\n|-damage|p2a: Greninja|78\/100|[from] Stealth Rock\n|move|p1a: Great Tusk|Knock Off|p2a: Greninja\n|-resisted|p2a: Greninja\n|-damage|p2a: Greninja|56\/100\n|-enditem|p2a: Greninja|Life Orb|[from] move: Knock Off|[of] p1a: Great Tusk\n|\n|-heal|p1a: Great Tusk|22\/100|[from] item: Leftovers\n|upkeep\n|turn|44\n|inactive|Gustav0Z has 120 seconds left.\n|\n|t:|1700760161\n|switch|p2a: Dragonite|Dragonite, M|20\/100\n|-damage|p2a: Dragonite|0 fnt|[from] Stealth Rock\n|faint|p2a: Dragonite\n|-end|p1a: Great Tusk|Protosynthesis|[silent]\n|switch|p1a: Blissey|Blissey, F|100\/100\n|\n|upkeep\n|\n|t:|1700760171\n|switch|p2a: Iron Valiant|Iron Valiant|44\/100 brn\n|-damage|p2a: Iron Valiant|38\/100 brn|[from] Stealth Rock\n|turn|45\n|-message|Gustav0Z forfeited.\n|\n|win|Jojoash1\n|raw|Jojoash1's rating: 1524 &rarr; <strong>1545<\/strong><br \/>(+21 for winning)\n|raw|Gustav0Z's rating: 1550 &rarr; <strong>1529<\/strong><br \/>(-21 for losing)\n|l|\u2606Gustav0Z\n|l|\u2606Jojoash1\n|j|\u2606Jojoash1\n|player|p1|Jojoash1|170\n","uploadtime":1700760411,"views":22,"p1id":"jojoash1","p2id":"gustav0z","formatid":"gen9ou","rating":1529,"private":0,"password":""}