{"id":"gen9ou-1992340467","p1":"FlippySpatula","p2":"PLAYB0I R0BBIE B","format":"[Gen 9] OU","log":"|j|\u2606FlippySpatula\n|j|\u2606PLAYB0I R0BBIE B\n|t:|1700176455\n|gametype|singles\n|player|p1|FlippySpatula|170|1387\n|player|p2|PLAYB0I R0BBIE B|eusine|1312\n|teamsize|p1|6\n|teamsize|p2|6\n|gen|9\n|tier|[Gen 9] OU\n|rated|\n|rule|Sleep Clause Mod: Limit one foe put to sleep\n|rule|Species Clause: Limit one of each Pok\u00e9mon\n|rule|OHKO Clause: OHKO moves are banned\n|rule|Evasion Items Clause: Evasion items are banned\n|rule|Evasion Moves Clause: Evasion moves are banned\n|rule|Endless Battle Clause: Forcing endless battles is banned\n|rule|HP Percentage Mod: HP is shown in percentages\n|clearpoke\n|poke|p1|Kingambit, M|\n|poke|p1|Great Tusk|\n|poke|p1|Iron Valiant|\n|poke|p1|Iron Moth|\n|poke|p1|Ting-Lu|\n|poke|p1|Alomomola, F|\n|poke|p2|Meowscarada, F|\n|poke|p2|Thundurus-Therian, M|\n|poke|p2|Dragapult, F|\n|poke|p2|Heatran, F|\n|poke|p2|Great Tusk|\n|poke|p2|Iron Valiant|\n|teampreview\n|\n|t:|1700176471\n|start\n|switch|p1a: Grandma Sicko Mode|Alomomola, F|100\/100\n|switch|p2a: SICKO MODE|Meowscarada, F|100\/100\n|turn|1\n|\n|t:|1700176477\n|-terastallize|p1a: Grandma Sicko Mode|Flying\n|move|p2a: SICKO MODE|U-turn|p1a: Grandma Sicko Mode\n|-start|p2a: SICKO MODE|typechange|Bug|[from] ability: Protean\n|-resisted|p1a: Grandma Sicko Mode\n|-damage|p1a: Grandma Sicko Mode|88\/100\n|-damage|p2a: SICKO MODE|84\/100|[from] item: Rocky Helmet|[of] p1a: Grandma Sicko Mode\n|c|\u2606FlippySpatula|aaay\n|\n|t:|1700176496\n|switch|p2a: ASTROTHUNDER|Thundurus-Therian, M|100\/100|[from] U-turn\n|move|p1a: Grandma Sicko Mode|Scald|p2a: ASTROTHUNDER\n|-damage|p2a: ASTROTHUNDER|82\/100\n|-status|p2a: ASTROTHUNDER|brn\n|\n|-damage|p2a: ASTROTHUNDER|76\/100 brn|[from] brn\n|upkeep\n|turn|2\n|\n|t:|1700176502\n|switch|p1a: Live Bowl Reaction|Ting-Lu|100\/100\n|-ability|p1a: Live Bowl Reaction|Vessel of Ruin\n|move|p2a: ASTROTHUNDER|Knock Off|p1a: Live Bowl Reaction\n|-resisted|p1a: Live Bowl Reaction\n|-damage|p1a: Live Bowl Reaction|98\/100\n|-enditem|p1a: Live Bowl Reaction|Leftovers|[from] move: Knock Off|[of] p2a: ASTROTHUNDER\n|\n|-damage|p2a: ASTROTHUNDER|70\/100 brn|[from] brn\n|upkeep\n|turn|3\n|\n|t:|1700176510\n|switch|p2a: YOSEMITE|Great Tusk|100\/100\n|move|p1a: Live Bowl Reaction|Stealth Rock|p2a: YOSEMITE\n|-sidestart|p2: PLAYB0I R0BBIE B|move: Stealth Rock\n|\n|upkeep\n|turn|4\n|\n|t:|1700176515\n|switch|p1a: Grandma Sicko Mode|Alomomola, F, tera:Flying|100\/100\n|move|p2a: YOSEMITE|Rapid Spin|p1a: Grandma Sicko Mode\n|-damage|p1a: Grandma Sicko Mode|91\/100\n|-boost|p2a: YOSEMITE|spe|1\n|-damage|p2a: YOSEMITE|84\/100|[from] item: Rocky Helmet|[of] p1a: Grandma Sicko Mode\n|-sideend|p2: PLAYB0I R0BBIE B|Stealth Rock|[from] move: Rapid Spin|[of] p2a: YOSEMITE\n|\n|upkeep\n|turn|5\n|\n|t:|1700176526\n|move|p2a: YOSEMITE|Ice Spinner|p1a: Grandma Sicko Mode\n|-supereffective|p1a: Grandma Sicko Mode\n|-damage|p1a: Grandma Sicko Mode|62\/100\n|-damage|p2a: YOSEMITE|68\/100|[from] item: Rocky Helmet|[of] p1a: Grandma Sicko Mode\n|move|p1a: Grandma Sicko Mode|Flip Turn|p2a: YOSEMITE\n|-supereffective|p2a: YOSEMITE\n|-damage|p2a: YOSEMITE|44\/100\n|\n|t:|1700176534\n|switch|p1a: Medium Tusk|Great Tusk|100\/100|[from] Flip Turn\n|\n|upkeep\n|turn|6\n|\n|t:|1700176544\n|move|p2a: YOSEMITE|Ice Spinner|p1a: Medium Tusk\n|-supereffective|p1a: Medium Tusk\n|-damage|p1a: Medium Tusk|76\/100\n|move|p1a: Medium Tusk|Rapid Spin|p2a: YOSEMITE\n|-damage|p2a: YOSEMITE|33\/100\n|-boost|p1a: Medium Tusk|spe|1\n|\n|-heal|p1a: Medium Tusk|82\/100|[from] item: Leftovers\n|upkeep\n|turn|7\n|\n|t:|1700176547\n|move|p2a: YOSEMITE|Headlong Rush|p1a: Medium Tusk\n|-damage|p1a: Medium Tusk|55\/100\n|-unboost|p2a: YOSEMITE|def|1\n|-unboost|p2a: YOSEMITE|spd|1\n|move|p1a: Medium Tusk|Rapid Spin|p2a: YOSEMITE\n|-damage|p2a: YOSEMITE|19\/100\n|-boost|p1a: Medium Tusk|spe|1\n|\n|-heal|p1a: Medium Tusk|61\/100|[from] item: Leftovers\n|upkeep\n|turn|8\n|\n|t:|1700176550\n|move|p2a: YOSEMITE|Headlong Rush|p1a: Medium Tusk\n|-damage|p1a: Medium Tusk|32\/100\n|-unboost|p2a: YOSEMITE|def|1\n|-unboost|p2a: YOSEMITE|spd|1\n|move|p1a: Medium Tusk|Bulk Up|p1a: Medium Tusk\n|-boost|p1a: Medium Tusk|atk|1\n|-boost|p1a: Medium Tusk|def|1\n|\n|-heal|p1a: Medium Tusk|38\/100|[from] item: Leftovers\n|upkeep\n|turn|9\n|\n|t:|1700176557\n|move|p2a: YOSEMITE|Headlong Rush|p1a: Medium Tusk\n|-damage|p1a: Medium Tusk|19\/100\n|-unboost|p2a: YOSEMITE|def|1\n|-unboost|p2a: YOSEMITE|spd|1\n|move|p1a: Medium Tusk|Rapid Spin|p2a: YOSEMITE\n|-damage|p2a: YOSEMITE|0 fnt\n|-boost|p1a: Medium Tusk|spe|1\n|faint|p2a: YOSEMITE\n|-end|p2a: YOSEMITE|Protosynthesis|[silent]\n|\n|-heal|p1a: Medium Tusk|25\/100|[from] item: Leftovers\n|upkeep\n|\n|t:|1700176587\n|switch|p2a: NC-17|Iron Valiant|100\/100\n|-enditem|p2a: NC-17|Booster Energy\n|-activate|p2a: NC-17|ability: Quark Drive|[fromitem]\n|-start|p2a: NC-17|quarkdrivespe\n|turn|10\n|\n|t:|1700176591\n|-end|p1a: Medium Tusk|Protosynthesis|[silent]\n|switch|p1a: Live Bowl Reaction|Ting-Lu|98\/100\n|-ability|p1a: Live Bowl Reaction|Vessel of Ruin\n|move|p2a: NC-17|Moonblast|p1a: Live Bowl Reaction\n|-supereffective|p1a: Live Bowl Reaction\n|-damage|p1a: Live Bowl Reaction|56\/100\n|\n|upkeep\n|turn|11\n|\n|t:|1700176598\n|move|p2a: NC-17|Moonblast|p1a: Live Bowl Reaction\n|-supereffective|p1a: Live Bowl Reaction\n|-damage|p1a: Live Bowl Reaction|19\/100\n|move|p1a: Live Bowl Reaction|Whirlwind|p2a: NC-17\n|-end|p2a: NC-17|Quark Drive|[silent]\n|drag|p2a: 5% TINT|Heatran, F|100\/100\n|-item|p2a: 5% TINT|Air Balloon\n|\n|upkeep\n|turn|12\n|\n|t:|1700176604\n|move|p2a: 5% TINT|Magma Storm|p1a: Live Bowl Reaction\n|-damage|p1a: Live Bowl Reaction|0 fnt\n|faint|p1a: Live Bowl Reaction\n|\n|upkeep\n|\n|t:|1700176609\n|switch|p1a: Grandma Sicko Mode|Alomomola, F, tera:Flying|95\/100\n|turn|13\n|\n|t:|1700176621\n|switch|p2a: ASTROTHUNDER|Thundurus-Therian, M|70\/100 brn\n|move|p1a: Grandma Sicko Mode|Scald|p2a: ASTROTHUNDER\n|-damage|p2a: ASTROTHUNDER|51\/100 brn\n|\n|-damage|p2a: ASTROTHUNDER|45\/100 brn|[from] brn\n|upkeep\n|turn|14\n|\n|t:|1700176632\n|-terastallize|p2a: ASTROTHUNDER|Flying\n|move|p1a: Grandma Sicko Mode|Protect|p1a: Grandma Sicko Mode\n|-singleturn|p1a: Grandma Sicko Mode|Protect\n|move|p2a: ASTROTHUNDER|Tera Blast|p1a: Grandma Sicko Mode|[anim] Tera Blast Flying\n|-activate|p1a: Grandma Sicko Mode|move: Protect\n|\n|-damage|p2a: ASTROTHUNDER|39\/100 brn|[from] brn\n|upkeep\n|turn|15\n|\n|t:|1700176639\n|switch|p1a: Medium Tusk|Great Tusk|25\/100\n|move|p2a: ASTROTHUNDER|Tera Blast|p1a: Medium Tusk|[anim] Tera Blast Flying\n|-supereffective|p1a: Medium Tusk\n|-damage|p1a: Medium Tusk|0 fnt\n|faint|p1a: Medium Tusk\n|-end|p1a: Medium Tusk|Protosynthesis|[silent]\n|\n|-damage|p2a: ASTROTHUNDER|33\/100 brn|[from] brn\n|upkeep\n|\n|t:|1700176648\n|switch|p1a: Toxigma Male|Kingambit, M|100\/100\n|-activate|p1a: Toxigma Male|ability: Supreme Overlord\n|-start|p1a: Toxigma Male|fallen2|[silent]\n|turn|16\n|\n|t:|1700176661\n|switch|p2a: NO BYSTANDERS|Dragapult, F|100\/100\n|move|p1a: Toxigma Male|Kowtow Cleave|p2a: NO BYSTANDERS\n|-supereffective|p2a: NO BYSTANDERS\n|-damage|p2a: NO BYSTANDERS|0 fnt\n|faint|p2a: NO BYSTANDERS\n|\n|upkeep\n|\n|t:|1700176664\n|switch|p2a: SICKO MODE|Meowscarada, F|84\/100\n|turn|17\n|\n|t:|1700176671\n|move|p2a: SICKO MODE|Low Kick|p1a: Toxigma Male\n|-start|p2a: SICKO MODE|typechange|Fighting|[from] ability: Protean\n|-supereffective|p1a: Toxigma Male\n|-damage|p1a: Toxigma Male|0 fnt\n|faint|p1a: Toxigma Male\n|-end|p1a: Toxigma Male|fallen2|[silent]\n|\n|upkeep\n|\n|t:|1700176676\n|switch|p1a: M'theydy|Iron Valiant|100\/100\n|-enditem|p1a: M'theydy|Booster Energy\n|-activate|p1a: M'theydy|ability: Quark Drive|[fromitem]\n|-start|p1a: M'theydy|quarkdrivespe\n|turn|18\n|\n|t:|1700176693\n|switch|p2a: ASTROTHUNDER|Thundurus-Therian, M, tera:Flying|33\/100 brn\n|move|p1a: M'theydy|Moonblast|p2a: ASTROTHUNDER\n|-damage|p2a: ASTROTHUNDER|0 fnt\n|faint|p2a: ASTROTHUNDER\n|\n|upkeep\n|\n|t:|1700176705\n|switch|p2a: 5% TINT|Heatran, F|100\/100\n|-item|p2a: 5% TINT|Air Balloon\n|turn|19\n|\n|t:|1700176714\n|-end|p1a: M'theydy|Quark Drive|[silent]\n|switch|p1a: Grandma Sicko Mode|Alomomola, F, tera:Flying|100\/100\n|move|p2a: 5% TINT|Magma Storm|p1a: Grandma Sicko Mode\n|-damage|p1a: Grandma Sicko Mode|39\/100\n|-activate|p1a: Grandma Sicko Mode|move: Magma Storm|[of] p2a: 5% TINT\n|\n|-damage|p1a: Grandma Sicko Mode|26\/100|[from] move: Magma Storm|[partiallytrapped]\n|upkeep\n|turn|20\n|\n|t:|1700176722\n|move|p2a: 5% TINT|Magma Storm|p1a: Grandma Sicko Mode\n|-damage|p1a: Grandma Sicko Mode|0 fnt\n|faint|p1a: Grandma Sicko Mode\n|\n|upkeep\n|\n|t:|1700176725\n|switch|p1a: Budget Chi-Yu|Iron Moth|100\/100\n|turn|21\n|-message|FlippySpatula forfeited.\n|\n|win|PLAYB0I R0BBIE B\n|raw|FlippySpatula's rating: 1387 &rarr; <strong>1363<\/strong><br \/>(-24 for losing)\n|raw|PLAYB0I R0BBIE B's rating: 1312 &rarr; <strong>1336<\/strong><br \/>(+24 for winning)\n|l|\u2606FlippySpatula\n","uploadtime":1700176731,"views":7,"p1id":"flippyspatula","p2id":"playb0ir0bbieb","formatid":"gen9ou","rating":1336,"private":0,"password":""}