{"id":"gen9ou-1998235298","p1":"Guy Oh","p2":"sansbeatings","format":"[Gen 9] OU","log":"|j|\u2606Guy Oh\n|j|\u2606sansbeatings\n|t:|1700917477\n|gametype|singles\n|player|p1|Guy Oh|boarder|\n|player|p2|sansbeatings|wallace|\n|teamsize|p1|6\n|teamsize|p2|6\n|gen|9\n|tier|[Gen 9] OU\n|rule|Sleep Clause Mod: Limit one foe put to sleep\n|rule|Species Clause: Limit one of each Pok\u00e9mon\n|rule|OHKO Clause: OHKO moves are banned\n|rule|Evasion Items Clause: Evasion items are banned\n|rule|Evasion Moves Clause: Evasion moves are banned\n|rule|Endless Battle Clause: Forcing endless battles is banned\n|rule|HP Percentage Mod: HP is shown in percentages\n|clearpoke\n|poke|p1|Slowking-Galar, F|\n|poke|p1|Kingambit, M|\n|poke|p1|Great Tusk|\n|poke|p1|Amoonguss, F|\n|poke|p1|Enamorus, F|\n|poke|p1|Gholdengo|\n|poke|p2|Basculegion, M|\n|poke|p2|Pelipper, F|\n|poke|p2|Goodra-Hisui, M|\n|poke|p2|Mandibuzz, F|\n|poke|p2|Arcanine-Hisui, F|\n|poke|p2|Rillaboom, M|\n|teampreview\n|c|\u2606sansbeatings|every meta pokemon\n|c|\u2606sansbeatings|i got 2 battles at once rn\n|c|\u2606Guy Oh|ill wait\n|\n|t:|1700917958\n|start\n|switch|p1a: Great Tusk|Great Tusk|100\/100\n|switch|p2a: Arcanine|Arcanine-Hisui, F, shiny|100\/100\n|-enditem|p1a: Great Tusk|Booster Energy\n|-activate|p1a: Great Tusk|ability: Protosynthesis|[fromitem]\n|-start|p1a: Great Tusk|protosynthesisatk\n|turn|1\n|\n|t:|1700917980\n|move|p2a: Arcanine|Stealth Rock|p1a: Great Tusk\n|-sidestart|p1: Guy Oh|move: Stealth Rock\n|move|p1a: Great Tusk|Headlong Rush|p2a: Arcanine\n|-supereffective|p2a: Arcanine\n|-damage|p2a: Arcanine|0 fnt\n|-unboost|p1a: Great Tusk|def|1\n|-unboost|p1a: Great Tusk|spd|1\n|faint|p2a: Arcanine\n|\n|upkeep\n|\n|t:|1700918009\n|switch|p2a: Pelipper|Pelipper, F|100\/100\n|-weather|RainDance|[from] ability: Drizzle|[of] p2a: Pelipper\n|turn|2\n|\n|t:|1700918023\n|-end|p1a: Great Tusk|Protosynthesis|[silent]\n|switch|p1a: Gholdengo|Gholdengo|100\/100\n|-damage|p1a: Gholdengo|94\/100|[from] Stealth Rock\n|move|p2a: Pelipper|Chilling Water|p1a: Gholdengo\n|-damage|p1a: Gholdengo|66\/100\n|-unboost|p1a: Gholdengo|atk|1\n|\n|-weather|RainDance|[upkeep]\n|upkeep\n|turn|3\n|\n|t:|1700918032\n|move|p1a: Gholdengo|Nasty Plot|p1a: Gholdengo\n|-boost|p1a: Gholdengo|spa|2\n|move|p2a: Pelipper|Hurricane|p1a: Gholdengo\n|-resisted|p1a: Gholdengo\n|-damage|p1a: Gholdengo|46\/100\n|-start|p1a: Gholdengo|confusion\n|\n|-weather|RainDance|[upkeep]\n|upkeep\n|turn|4\n|c|\u2606sansbeatings|rng on top\n|\n|t:|1700918044\n|move|p2a: Pelipper|Protect|p2a: Pelipper\n|-singleturn|p2a: Pelipper|Protect\n|-activate|p1a: Gholdengo|confusion\n|move|p1a: Gholdengo|Recover|p1a: Gholdengo\n|-heal|p1a: Gholdengo|96\/100\n|\n|-weather|RainDance|[upkeep]\n|upkeep\n|turn|5\n|c|\u2606sansbeatings|!weak gholdengo\n|c| sansbeatings|\/raw <div class=\"infobox\">Gholdengo (ignoring abilities):<br \/><span class=\"message-effect-weak\">Weaknesses<\/span>: Dark, Fire, Ghost, Ground<br \/><span class=\"message-effect-resist\">Resistances<\/span>: <b>Bug<\/b>, Dragon, Fairy, Flying, Grass, Ice, Psychic, Rock, Steel<br \/><span class=\"message-effect-immune\">Immunities<\/span>: Fighting, Normal, Poison, Sandstorm damage, Toxic, Trapping<\/div>\n|\n|t:|1700918060\n|switch|p2a: Basculegion|Basculegion, M, shiny|100\/100\n|-activate|p1a: Gholdengo|confusion\n|move|p1a: Gholdengo|Nasty Plot|p1a: Gholdengo\n|-boost|p1a: Gholdengo|spa|2\n|\n|-weather|RainDance|[upkeep]\n|upkeep\n|turn|6\n|\n|t:|1700918071\n|-terastallize|p1a: Gholdengo|Steel\n|move|p2a: Basculegion|Phantom Force||[still]\n|-prepare|p2a: Basculegion|Phantom Force\n|-activate|p1a: Gholdengo|confusion\n|move|p1a: Gholdengo|Make It Rain|p2a: Basculegion|[miss]\n|-miss|p1a: Gholdengo|p2a: Basculegion\n|\n|-weather|none\n|upkeep\n|turn|7\n|\n|t:|1700918082\n|move|p2a: Basculegion|Phantom Force|p1a: Gholdengo|[from]lockedmove\n|-damage|p1a: Gholdengo|28\/100\n|-activate|p1a: Gholdengo|confusion\n|-damage|p1a: Gholdengo|25\/100|[from] confusion\n|-enditem|p1a: Gholdengo|Aguav Berry|[eat]\n|-heal|p1a: Gholdengo|58\/100|[from] item: Aguav Berry\n|\n|upkeep\n|turn|8\n|\n|t:|1700918092\n|switch|p2a: Goodra|Goodra-Hisui, M, shiny|100\/100\n|-end|p1a: Gholdengo|confusion\n|move|p1a: Gholdengo|Shadow Ball|p2a: Goodra\n|-damage|p2a: Goodra|19\/100\n|\n|-heal|p2a: Goodra|25\/100|[from] item: Leftovers\n|upkeep\n|turn|9\n|\n|t:|1700918104\n|move|p1a: Gholdengo|Recover|p1a: Gholdengo\n|-heal|p1a: Gholdengo|100\/100\n|move|p2a: Goodra|Dragon Tail|p1a: Gholdengo\n|-resisted|p1a: Gholdengo\n|-damage|p1a: Gholdengo|91\/100\n|drag|p1a: Kingambit|Kingambit, M|100\/100\n|-damage|p1a: Kingambit|94\/100|[from] Stealth Rock\n|\n|-heal|p2a: Goodra|31\/100|[from] item: Leftovers\n|upkeep\n|turn|10\n|\n|t:|1700918117\n|move|p1a: Kingambit|Swords Dance|p1a: Kingambit\n|-boost|p1a: Kingambit|atk|2\n|move|p2a: Goodra|Flamethrower|p1a: Kingambit\n|-supereffective|p1a: Kingambit\n|-damage|p1a: Kingambit|40\/100\n|\n|-heal|p2a: Goodra|37\/100|[from] item: Leftovers\n|upkeep\n|turn|11\n|c|\u2606Guy Oh|!weak goodra\n|c| Guy Oh|\/raw <div class=\"infobox\">Goodra (ignoring abilities):<br \/><span class=\"message-effect-weak\">Weaknesses<\/span>: Dragon, Fairy, Ice<br \/><span class=\"message-effect-resist\">Resistances<\/span>: Electric, Fire, Grass, Water<br \/><span class=\"message-effect-immune\">Immunities<\/span>: <font color=#999999>None<\/font><\/div>\n|\n|t:|1700918135\n|move|p1a: Kingambit|Kowtow Cleave|p2a: Goodra\n|-damage|p2a: Goodra|0 fnt\n|faint|p2a: Goodra\n|\n|upkeep\n|c|\u2606sansbeatings|!weak kingambit\n|c| sansbeatings|\/raw <div class=\"infobox\">Kingambit (ignoring abilities):<br \/><span class=\"message-effect-weak\">Weaknesses<\/span>: <b>Fighting<\/b>, Fire, Ground<br \/><span class=\"message-effect-resist\">Resistances<\/span>: Dark, Dragon, Flying, Ghost, Grass, Ice, Normal, Rock, Steel<br \/><span class=\"message-effect-immune\">Immunities<\/span>: Poison, Psychic, Prankster, Sandstorm damage, Toxic<\/div>\n|\n|t:|1700918156\n|switch|p2a: Rillaboom|Rillaboom, M, shiny|100\/100\n|-fieldstart|move: Grassy Terrain|[from] ability: Grassy Surge|[of] p2a: Rillaboom\n|turn|12\n|\n|t:|1700918178\n|-end|p1a: Kingambit|fallenundefined|[silent]\n|switch|p1a: Amoonguss|Amoonguss, F|100\/100\n|-damage|p1a: Amoonguss|88\/100|[from] Stealth Rock\n|move|p2a: Rillaboom|Drain Punch|p1a: Amoonguss\n|-resisted|p1a: Amoonguss\n|-damage|p1a: Amoonguss|76\/100\n|-damage|p2a: Rillaboom|91\/100|[from] item: Life Orb\n|\n|-heal|p2a: Rillaboom|97\/100|[from] Grassy Terrain\n|-heal|p1a: Amoonguss|82\/100|[from] Grassy Terrain\n|-heal|p1a: Amoonguss|89\/100|[from] item: Leftovers\n|upkeep\n|turn|13\n|c|\u2606sansbeatings|!weak amoonguss\n|c| sansbeatings|\/raw <div class=\"infobox\">Amoonguss (ignoring abilities):<br \/><span class=\"message-effect-weak\">Weaknesses<\/span>: Fire, Flying, Ice, Psychic<br \/><span class=\"message-effect-resist\">Resistances<\/span>: Electric, Fairy, Fighting, <b>Grass<\/b>, Water<br \/><span class=\"message-effect-immune\">Immunities<\/span>: Powder moves, Toxic<\/div>\n|\n|t:|1700918200\n|switch|p2a: Pelipper|Pelipper, F|100\/100\n|-weather|RainDance|[from] ability: Drizzle|[of] p2a: Pelipper\n|move|p1a: Amoonguss|Sludge Bomb|p2a: Pelipper\n|-damage|p2a: Pelipper|65\/100\n|-status|p2a: Pelipper|psn\n|\n|-weather|RainDance|[upkeep]\n|-heal|p2a: Pelipper|71\/100 psn|[from] item: Leftovers\n|-heal|p1a: Amoonguss|95\/100|[from] Grassy Terrain\n|-heal|p1a: Amoonguss|100\/100|[from] item: Leftovers\n|-damage|p2a: Pelipper|59\/100 psn|[from] psn\n|upkeep\n|turn|14\n|c|\u2606sansbeatings|hurt by poison on the same turn i got it\n|c|\u2606sansbeatings|this didnt happen in gen 1\n|c|\u2606Guy Oh|poison buff\n|c|\u2606Guy Oh|!weak pelipper\n|c| Guy Oh|\/raw <div class=\"infobox\">Pelipper (ignoring abilities):<br \/><span class=\"message-effect-weak\">Weaknesses<\/span>: <b>Electric<\/b>, Rock<br \/><span class=\"message-effect-resist\">Resistances<\/span>: Bug, Fighting, Fire, Steel, Water<br \/><span class=\"message-effect-immune\">Immunities<\/span>: Ground<\/div>\n|\n|t:|1700918248\n|switch|p1a: Gholdengo|Gholdengo, tera:Steel|91\/100\n|-damage|p1a: Gholdengo|85\/100|[from] Stealth Rock\n|move|p2a: Pelipper|Hurricane|p1a: Gholdengo\n|-resisted|p1a: Gholdengo\n|-damage|p1a: Gholdengo|65\/100\n|\n|-weather|RainDance|[upkeep]\n|-heal|p1a: Gholdengo|71\/100|[from] Grassy Terrain\n|-heal|p2a: Pelipper|65\/100 psn|[from] item: Leftovers\n|-damage|p2a: Pelipper|53\/100 psn|[from] psn\n|upkeep\n|turn|15\n|\n|t:|1700918277\n|move|p2a: Pelipper|Protect|p2a: Pelipper\n|-singleturn|p2a: Pelipper|Protect\n|move|p1a: Gholdengo|Nasty Plot|p1a: Gholdengo\n|-boost|p1a: Gholdengo|spa|2\n|\n|-weather|RainDance|[upkeep]\n|-heal|p1a: Gholdengo|77\/100|[from] Grassy Terrain\n|-heal|p2a: Pelipper|59\/100 psn|[from] item: Leftovers\n|-damage|p2a: Pelipper|46\/100 psn|[from] psn\n|upkeep\n|turn|16\n|\n|t:|1700918293\n|-terastallize|p2a: Pelipper|Normal\n|move|p1a: Gholdengo|Nasty Plot|p1a: Gholdengo\n|-boost|p1a: Gholdengo|spa|2\n|move|p2a: Pelipper|Roost|p2a: Pelipper\n|-heal|p2a: Pelipper|96\/100 psn\n|\n|-weather|RainDance|[upkeep]\n|-heal|p1a: Gholdengo|84\/100|[from] Grassy Terrain\n|-heal|p2a: Pelipper|100\/100 psn|[from] Grassy Terrain\n|-damage|p2a: Pelipper|88\/100 psn|[from] psn\n|-fieldend|move: Grassy Terrain\n|upkeep\n|turn|17\n|c|\u2606Guy Oh|normal type tera...\n|\n|t:|1700918316\n|move|p1a: Gholdengo|Nasty Plot|p1a: Gholdengo\n|-boost|p1a: Gholdengo|spa|2\n|move|p2a: Pelipper|Chilling Water|p1a: Gholdengo\n|-damage|p1a: Gholdengo|58\/100\n|-unboost|p1a: Gholdengo|atk|1\n|\n|-weather|none\n|-heal|p2a: Pelipper|94\/100 psn|[from] item: Leftovers\n|-damage|p2a: Pelipper|82\/100 psn|[from] psn\n|upkeep\n|turn|18\n|\n|t:|1700918339\n|move|p1a: Gholdengo|Recover|p1a: Gholdengo\n|-heal|p1a: Gholdengo|100\/100\n|move|p2a: Pelipper|Chilling Water|p1a: Gholdengo\n|-damage|p1a: Gholdengo|83\/100\n|-unboost|p1a: Gholdengo|atk|1\n|\n|-heal|p2a: Pelipper|88\/100 psn|[from] item: Leftovers\n|-damage|p2a: Pelipper|76\/100 psn|[from] psn\n|upkeep\n|turn|19\n|\n|t:|1700918354\n|move|p2a: Pelipper|Protect|p2a: Pelipper\n|-singleturn|p2a: Pelipper|Protect\n|move|p1a: Gholdengo|Make It Rain|p2a: Pelipper\n|-activate|p2a: Pelipper|move: Protect\n|\n|-heal|p2a: Pelipper|82\/100 psn|[from] item: Leftovers\n|-damage|p2a: Pelipper|70\/100 psn|[from] psn\n|upkeep\n|turn|20\n|\n|t:|1700918381\n|move|p2a: Pelipper|Protect||[still]\n|-fail|p2a: Pelipper\n|move|p1a: Gholdengo|Make It Rain|p2a: Pelipper\n|-damage|p2a: Pelipper|0 fnt\n|-unboost|p1a: Gholdengo|spa|1\n|faint|p2a: Pelipper\n|\n|upkeep\n|\n|t:|1700918394\n|switch|p2a: Rillaboom|Rillaboom, M, shiny|97\/100\n|-fieldstart|move: Grassy Terrain|[from] ability: Grassy Surge|[of] p2a: Rillaboom\n|turn|21\n|\n|t:|1700918399\n|move|p2a: Rillaboom|Earthquake|p1a: Gholdengo\n|-supereffective|p1a: Gholdengo\n|-damage|p1a: Gholdengo|40\/100\n|-damage|p2a: Rillaboom|87\/100|[from] item: Life Orb\n|move|p1a: Gholdengo|Shadow Ball|p2a: Rillaboom\n|-damage|p2a: Rillaboom|0 fnt\n|faint|p2a: Rillaboom\n|\n|-heal|p1a: Gholdengo|47\/100|[from] Grassy Terrain\n|upkeep\n|\n|t:|1700918412\n|switch|p2a: Mandibuzz|Mandibuzz, F|100\/100\n|turn|22\n|\n|t:|1700918416\n|move|p1a: Gholdengo|Recover|p1a: Gholdengo\n|-heal|p1a: Gholdengo|97\/100\n|move|p2a: Mandibuzz|Toxic|p1a: Gholdengo\n|-immune|p1a: Gholdengo|[from] ability: Good as Gold\n|\n|-heal|p1a: Gholdengo|100\/100|[from] Grassy Terrain\n|upkeep\n|turn|23\n|\n|t:|1700918430\n|move|p1a: Gholdengo|Make It Rain|p2a: Mandibuzz\n|-damage|p2a: Mandibuzz|0 fnt\n|-unboost|p1a: Gholdengo|spa|1\n|faint|p2a: Mandibuzz\n|\n|upkeep\n|\n|t:|1700918454\n|switch|p2a: Basculegion|Basculegion, M, shiny|100\/100\n|turn|24\n|\n|t:|1700918464\n|move|p2a: Basculegion|Head Smash|p1a: Gholdengo\n|-resisted|p1a: Gholdengo\n|-damage|p1a: Gholdengo|65\/100\n|-damage|p2a: Basculegion|83\/100|[from] Recoil\n|move|p1a: Gholdengo|Shadow Ball|p2a: Basculegion\n|-supereffective|p2a: Basculegion\n|-damage|p2a: Basculegion|0 fnt\n|faint|p2a: Basculegion\n|\n|win|Guy Oh\n|c|\u2606sansbeatings|not too fond of gholdengo\n|l|\u2606sansbeatings\n|c|\u2606Guy Oh|tera steel gholdengo top 1??\n","uploadtime":1700918481,"views":2,"p1id":"guyoh","p2id":"sansbeatings","formatid":"gen9ou","rating":0,"private":0,"password":""}