{"id":"gen9ou-1989477652","p1":"MalachiteOW","p2":"Corvinights","format":"[Gen 9] OU","log":"|j|\u2606MalachiteOW\n|j|\u2606Corvinights\n|t:|1699857002\n|gametype|singles\n|player|p1|MalachiteOW|cynthia-masters|1099\n|player|p2|Corvinights|hiker-gen4|1112\n|teamsize|p1|6\n|teamsize|p2|6\n|gen|9\n|tier|[Gen 9] OU\n|rated|\n|rule|Sleep Clause Mod: Limit one foe put to sleep\n|rule|Species Clause: Limit one of each Pok\u00e9mon\n|rule|OHKO Clause: OHKO moves are banned\n|rule|Evasion Items Clause: Evasion items are banned\n|rule|Evasion Moves Clause: Evasion moves are banned\n|rule|Endless Battle Clause: Forcing endless battles is banned\n|rule|HP Percentage Mod: HP is shown in percentages\n|clearpoke\n|poke|p1|Azelf|\n|poke|p1|Golem-Alola, M|\n|poke|p1|Weezing-Galar, M|\n|poke|p1|Overqwil, F|\n|poke|p1|Gholdengo|\n|poke|p1|Kingambit, M|\n|poke|p2|Goodra-Hisui, F|\n|poke|p2|Grimmsnarl, M|\n|poke|p2|Kommo-o, M|\n|poke|p2|Inteleon, M|\n|poke|p2|Armarouge, M|\n|poke|p2|Torterra, M|\n|teampreview\n|\n|t:|1699857007\n|start\n|switch|p1a: Overqwil|Overqwil, F|100\/100\n|switch|p2a: Loki|Grimmsnarl, M|100\/100\n|-ability|p1a: Overqwil|Intimidate|boost\n|-unboost|p2a: Loki|atk|1\n|turn|1\n|\n|t:|1699857014\n|move|p2a: Loki|Reflect|p2a: Loki\n|-sidestart|p2: Corvinights|Reflect\n|move|p1a: Overqwil|Taunt|p2a: Loki\n|-start|p2a: Loki|move: Taunt\n|\n|upkeep\n|turn|2\n|\n|t:|1699857020\n|switch|p2a: Hulk|Kommo-o, M|100\/100\n|move|p1a: Overqwil|Spikes|p2a: Hulk\n|-sidestart|p2: Corvinights|Spikes\n|\n|upkeep\n|turn|3\n|\n|t:|1699857032\n|move|p2a: Hulk|Dragon Dance|p2a: Hulk\n|-boost|p2a: Hulk|atk|1\n|-boost|p2a: Hulk|spe|1\n|move|p1a: Overqwil|Self-Destruct|p2a: Hulk\n|-damage|p2a: Hulk|65\/100\n|faint|p1a: Overqwil\n|\n|upkeep\n|\n|t:|1699857038\n|switch|p1a: Weezing|Weezing-Galar, M|100\/100\n|-fieldstart|move: Misty Terrain|[from] ability: Misty Surge|[of] p1a: Weezing\n|turn|4\n|\n|t:|1699857057\n|switch|p2a: Iron Heart|Goodra-Hisui, F|100\/100\n|-damage|p2a: Iron Heart|88\/100|[from] Spikes\n|move|p1a: Weezing|Misty Explosion|p2a: Iron Heart\n|-damage|p2a: Iron Heart|55\/100\n|faint|p1a: Weezing\n|\n|upkeep\n|\n|t:|1699857066\n|switch|p1a: Azelf|Azelf|100\/100\n|turn|5\n|\n|t:|1699857076\n|move|p1a: Azelf|Stealth Rock|p2a: Iron Heart\n|-sidestart|p2: Corvinights|move: Stealth Rock\n|move|p2a: Iron Heart|Heavy Slam|p1a: Azelf\n|-damage|p1a: Azelf|44\/100\n|\n|upkeep\n|turn|6\n|\n|t:|1699857082\n|move|p1a: Azelf|Shadow Ball|p2a: Iron Heart\n|-damage|p2a: Iron Heart|46\/100\n|-unboost|p2a: Iron Heart|spd|1\n|move|p2a: Iron Heart|Heavy Slam|p1a: Azelf\n|-damage|p1a: Azelf|0 fnt\n|faint|p1a: Azelf\n|\n|upkeep\n|\n|t:|1699857090\n|switch|p1a: Golem|Golem-Alola, M|100\/100\n|-item|p1a: Golem|Air Balloon\n|turn|7\n|\n|t:|1699857094\n|move|p2a: Iron Heart|Draco Meteor|p1a: Golem|[miss]\n|-miss|p2a: Iron Heart|p1a: Golem\n|move|p1a: Golem|Screech|p2a: Iron Heart\n|-unboost|p2a: Iron Heart|def|2\n|\n|upkeep\n|turn|8\n|\n|t:|1699857100\n|move|p2a: Iron Heart|Surf|p1a: Golem\n|-supereffective|p1a: Golem\n|-damage|p1a: Golem|30\/100\n|-enditem|p1a: Golem|Air Balloon\n|move|p1a: Golem|Explosion|p2a: Iron Heart\n|-resisted|p2a: Iron Heart\n|-damage|p2a: Iron Heart|0 fnt\n|faint|p1a: Golem\n|faint|p2a: Iron Heart\n|\n|-sideend|p2: Corvinights|Reflect\n|-fieldend|Misty Terrain\n|upkeep\n|\n|t:|1699857111\n|switch|p2a: Loki|Grimmsnarl, M|100\/100\n|switch|p1a: Gholdengo|Gholdengo|100\/100\n|-damage|p2a: Loki|88\/100|[from] Spikes\n|-damage|p2a: Loki|76\/100|[from] Stealth Rock\n|turn|9\n|\n|t:|1699857118\n|move|p2a: Loki|Light Screen|p2a: Loki\n|-sidestart|p2: Corvinights|move: Light Screen\n|move|p1a: Gholdengo|Reflect|p1a: Gholdengo\n|-sidestart|p1: MalachiteOW|Reflect\n|\n|upkeep\n|turn|10\n|\n|t:|1699857121\n|move|p2a: Loki|Reflect|p2a: Loki\n|-sidestart|p2: Corvinights|Reflect\n|move|p1a: Gholdengo|Light Screen|p1a: Gholdengo\n|-sidestart|p1: MalachiteOW|move: Light Screen\n|\n|upkeep\n|turn|11\n|\n|t:|1699857130\n|switch|p2a: Hulk|Kommo-o, M|65\/100\n|-damage|p2a: Hulk|53\/100|[from] Spikes\n|-damage|p2a: Hulk|47\/100|[from] Stealth Rock\n|move|p1a: Gholdengo|Memento|p2a: Hulk\n|-unboost|p2a: Hulk|atk|2\n|-unboost|p2a: Hulk|spa|2\n|faint|p1a: Gholdengo\n|\n|upkeep\n|\n|t:|1699857138\n|switch|p1a: Omae wa|Kingambit, M|100\/100\n|-activate|p1a: Omae wa|ability: Supreme Overlord\n|-start|p1a: Omae wa|fallen5|[silent]\n|turn|12\n|\n|t:|1699857143\n|-terastallize|p1a: Omae wa|Dark\n|move|p2a: Hulk|Drain Punch|p1a: Omae wa\n|-supereffective|p1a: Omae wa\n|-damage|p1a: Omae wa|80\/100\n|-heal|p2a: Hulk|59\/100|[from] drain|[of] p1a: Omae wa\n|-damage|p2a: Hulk|49\/100|[from] item: Life Orb\n|move|p1a: Omae wa|Swords Dance|p1a: Omae wa\n|-boost|p1a: Omae wa|atk|2\n|\n|-heal|p1a: Omae wa|86\/100|[from] item: Leftovers\n|upkeep\n|turn|13\n|\n|t:|1699857156\n|move|p2a: Hulk|Dragon Dance|p2a: Hulk\n|-boost|p2a: Hulk|atk|1\n|-boost|p2a: Hulk|spe|1\n|move|p1a: Omae wa|Iron Head|p2a: Hulk\n|-damage|p2a: Hulk|0 fnt\n|faint|p2a: Hulk\n|\n|-heal|p1a: Omae wa|92\/100|[from] item: Leftovers\n|upkeep\n|\n|t:|1699857174\n|switch|p2a: Groot|Torterra, M|100\/100\n|-damage|p2a: Groot|88\/100|[from] Spikes\n|-damage|p2a: Groot|82\/100|[from] Stealth Rock\n|turn|14\n|\n|t:|1699857180\n|move|p2a: Groot|Shell Smash|p2a: Groot\n|-unboost|p2a: Groot|def|1\n|-unboost|p2a: Groot|spd|1\n|-boost|p2a: Groot|atk|2\n|-boost|p2a: Groot|spa|2\n|-boost|p2a: Groot|spe|2\n|-enditem|p2a: Groot|White Herb\n|-clearnegativeboost|p2a: Groot|[silent]\n|move|p1a: Omae wa|Kowtow Cleave|p2a: Groot\n|-damage|p2a: Groot|0 fnt\n|faint|p2a: Groot\n|\n|-heal|p1a: Omae wa|98\/100|[from] item: Leftovers\n|upkeep\n|\n|t:|1699857194\n|switch|p2a: Hawkeye|Inteleon, M|100\/100\n|-damage|p2a: Hawkeye|88\/100|[from] Spikes\n|-damage|p2a: Hawkeye|76\/100|[from] Stealth Rock\n|turn|15\n|\n|t:|1699857201\n|-terastallize|p2a: Hawkeye|Water\n|move|p1a: Omae wa|Sucker Punch|p2a: Hawkeye\n|-damage|p2a: Hawkeye|0 fnt\n|faint|p2a: Hawkeye\n|\n|-heal|p1a: Omae wa|100\/100|[from] item: Leftovers\n|upkeep\n|\n|t:|1699857208\n|switch|p2a: Johnny Storm|Armarouge, M|100\/100\n|-damage|p2a: Johnny Storm|88\/100|[from] Spikes\n|-damage|p2a: Johnny Storm|64\/100|[from] Stealth Rock\n|turn|16\n|\n|t:|1699857213\n|move|p1a: Omae wa|Kowtow Cleave|p2a: Johnny Storm\n|-supereffective|p2a: Johnny Storm\n|-damage|p2a: Johnny Storm|0 fnt\n|faint|p2a: Johnny Storm\n|\n|-sideend|p1: MalachiteOW|Reflect\n|-sideend|p2: Corvinights|move: Light Screen\n|upkeep\n|-message|Corvinights forfeited.\n|\n|win|MalachiteOW\n|raw|MalachiteOW's rating: 1099 &rarr; <strong>1125<\/strong><br \/>(+26 for winning)\n|raw|Corvinights's rating: 1112 &rarr; <strong>1086<\/strong><br \/>(-26 for losing)\n|l|\u2606Corvinights\n","uploadtime":1699857222,"views":32,"p1id":"malachiteow","p2id":"corvinights","formatid":"gen9ou","rating":1086,"private":0,"password":""}