{"id":"gen9ou-1995268764","p1":"liaoya","p2":"actualonion","format":"[Gen 9] OU","log":"|j|\u2606liaoya\n|j|\u2606actualonion\n|t:|1700544143\n|gametype|singles\n|player|p1|liaoya|petrel|1591\n|player|p2|actualonion|allister|1605\n|teamsize|p1|6\n|teamsize|p2|6\n|gen|9\n|tier|[Gen 9] OU\n|rated|\n|rule|Sleep Clause Mod: Limit one foe put to sleep\n|rule|Species Clause: Limit one of each Pok\u00e9mon\n|rule|OHKO Clause: OHKO moves are banned\n|rule|Evasion Items Clause: Evasion items are banned\n|rule|Evasion Moves Clause: Evasion moves are banned\n|rule|Endless Battle Clause: Forcing endless battles is banned\n|rule|HP Percentage Mod: HP is shown in percentages\n|clearpoke\n|poke|p1|Drifblim, M|\n|poke|p1|Garganacl, F|\n|poke|p1|Umbreon, M|\n|poke|p1|Rotom-Wash|\n|poke|p1|Glimmora, M|\n|poke|p1|Espeon, F|\n|poke|p2|Glaceon, F|\n|poke|p2|Slowking-Galar, F|\n|poke|p2|Great Tusk|\n|poke|p2|Zapdos|\n|poke|p2|Cinderace, F|\n|poke|p2|Kingambit, M|\n|teampreview\n|inactive|Battle timer is ON: inactive players will automatically lose when time's up. (requested by liaoya)\n|\n|t:|1700544153\n|start\n|switch|p1a: Rotom|Rotom-Wash|100\/100\n|switch|p2a: Slowking|Slowking-Galar, F|100\/100\n|turn|1\n|\n|t:|1700544157\n|move|p1a: Rotom|Trick|p2a: Slowking\n|-activate|p1a: Rotom|move: Trick|[of] p2a: Slowking\n|-item|p2a: Slowking|Choice Scarf|[from] move: Trick\n|-item|p1a: Rotom|Black Sludge|[from] move: Trick\n|move|p2a: Slowking|Trick|p1a: Rotom\n|-activate|p2a: Slowking|move: Trick|[of] p1a: Rotom\n|-item|p1a: Rotom|Choice Scarf|[from] move: Trick\n|-item|p2a: Slowking|Black Sludge|[from] move: Trick\n|\n|upkeep\n|turn|2\n|\n|t:|1700544171\n|switch|p2a: Glaceon|Glaceon, F|100\/100\n|move|p1a: Rotom|Will-O-Wisp|p2a: Glaceon\n|-status|p2a: Glaceon|brn\n|\n|-damage|p2a: Glaceon|94\/100 brn|[from] brn\n|upkeep\n|turn|3\n|\n|t:|1700544179\n|switch|p1a: Espeon|Espeon, F|100\/100\n|move|p2a: Glaceon|Copycat|p2a: Glaceon\n|move|p2a: Glaceon|Will-O-Wisp|p1a: Espeon|[from]move: Copycat\n|move|p1a: Espeon|Will-O-Wisp|p2a: Glaceon|[from]ability: Magic Bounce\n|-fail|p2a: Glaceon|brn\n|\n|-damage|p2a: Glaceon|88\/100 brn|[from] brn\n|upkeep\n|turn|4\n|\n|t:|1700544189\n|switch|p2a: Slowking|Slowking-Galar, F|100\/100\n|move|p1a: Espeon|Trick|p2a: Slowking\n|-activate|p1a: Espeon|move: Trick|[of] p2a: Slowking\n|-item|p2a: Slowking|Choice Scarf|[from] move: Trick\n|-item|p1a: Espeon|Black Sludge|[from] move: Trick\n|\n|-damage|p1a: Espeon|88\/100|[from] item: Black Sludge\n|upkeep\n|turn|5\n|\n|t:|1700544199\n|move|p1a: Espeon|Psyshock|p2a: Slowking\n|-crit|p2a: Slowking\n|-damage|p2a: Slowking|61\/100\n|move|p2a: Slowking|Chilly Reception|p2a: Slowking\n|-weather|Snow\n|\n|t:|1700544204\n|switch|p2a: Glaceon|Glaceon, F|88\/100 brn|[from] Chilly Reception\n|\n|-weather|Snow|[upkeep]\n|-heal|p2a: Glaceon|94\/100 brn|[from] ability: Ice Body\n|-damage|p1a: Espeon|76\/100|[from] item: Black Sludge\n|-damage|p2a: Glaceon|88\/100 brn|[from] brn\n|upkeep\n|turn|6\n|\n|t:|1700544213\n|move|p1a: Espeon|Trick|p2a: Glaceon\n|-activate|p1a: Espeon|move: Trick|[of] p2a: Glaceon\n|-item|p2a: Glaceon|Black Sludge|[from] move: Trick\n|-item|p1a: Espeon|Choice Specs|[from] move: Trick\n|move|p2a: Glaceon|Blizzard|p1a: Espeon\n|-damage|p1a: Espeon|12\/100\n|\n|-weather|Snow|[upkeep]\n|-heal|p2a: Glaceon|94\/100 brn|[from] ability: Ice Body\n|-damage|p2a: Glaceon|82\/100 brn|[from] item: Black Sludge\n|-damage|p2a: Glaceon|76\/100 brn|[from] brn\n|upkeep\n|turn|7\n|\n|t:|1700544224\n|move|p1a: Espeon|Detect|p1a: Espeon\n|-singleturn|p1a: Espeon|Protect\n|move|p2a: Glaceon|Blizzard|p1a: Espeon\n|-activate|p1a: Espeon|move: Protect\n|\n|-weather|Snow|[upkeep]\n|-heal|p2a: Glaceon|82\/100 brn|[from] ability: Ice Body\n|-damage|p2a: Glaceon|69\/100 brn|[from] item: Black Sludge\n|-damage|p2a: Glaceon|63\/100 brn|[from] brn\n|upkeep\n|turn|8\n|\n|t:|1700544237\n|switch|p1a: Rotom|Rotom-Wash|100\/100\n|move|p2a: Glaceon|Freeze-Dry|p1a: Rotom\n|-supereffective|p1a: Rotom\n|-damage|p1a: Rotom|19\/100\n|-status|p1a: Rotom|frz\n|\n|-weather|Snow|[upkeep]\n|-heal|p2a: Glaceon|69\/100 brn|[from] ability: Ice Body\n|-damage|p2a: Glaceon|57\/100 brn|[from] item: Black Sludge\n|-damage|p2a: Glaceon|51\/100 brn|[from] brn\n|upkeep\n|turn|9\n|\n|t:|1700544248\n|switch|p1a: Garganacl|Garganacl, F, shiny|100\/100\n|move|p2a: Glaceon|Blizzard|p1a: Garganacl\n|-crit|p1a: Garganacl\n|-damage|p1a: Garganacl|34\/100\n|\n|-weather|none\n|-damage|p2a: Glaceon|38\/100 brn|[from] item: Black Sludge\n|-heal|p1a: Garganacl|41\/100|[from] item: Leftovers\n|-damage|p2a: Glaceon|32\/100 brn|[from] brn\n|upkeep\n|turn|10\n|\n|t:|1700544257\n|-terastallize|p1a: Garganacl|Ghost\n|move|p2a: Glaceon|Blizzard|p1a: Garganacl\n|-damage|p1a: Garganacl|0 fnt\n|faint|p1a: Garganacl\n|\n|-damage|p2a: Glaceon|20\/100 brn|[from] item: Black Sludge\n|-damage|p2a: Glaceon|13\/100 brn|[from] brn\n|upkeep\n|\n|t:|1700544264\n|switch|p1a: Umbreon|Umbreon, M, shiny|100\/100\n|turn|11\n|\n|t:|1700544283\n|switch|p2a: Cinderace|Cinderace, F|100\/100\n|move|p1a: Umbreon|Wish|p1a: Umbreon\n|\n|upkeep\n|turn|12\n|\n|t:|1700544288\n|switch|p2a: Slowking|Slowking-Galar, F|94\/100\n|move|p1a: Umbreon|Foul Play|p2a: Slowking\n|-supereffective|p2a: Slowking\n|-damage|p2a: Slowking|64\/100\n|\n|upkeep\n|turn|13\n|\n|t:|1700544301\n|switch|p1a: Espeon|Espeon, F|12\/100\n|move|p2a: Slowking|Trick|p1a: Espeon\n|-activate|p2a: Slowking|move: Trick|[of] p1a: Espeon\n|-item|p1a: Espeon|Choice Scarf|[from] move: Trick\n|-item|p2a: Slowking|Choice Specs|[from] move: Trick\n|\n|upkeep\n|turn|14\n|\n|t:|1700544312\n|move|p1a: Espeon|Psyshock|p2a: Slowking\n|-damage|p2a: Slowking|39\/100\n|move|p2a: Slowking|Flamethrower|p1a: Espeon\n|-damage|p1a: Espeon|0 fnt\n|faint|p1a: Espeon\n|\n|upkeep\n|\n|t:|1700544318\n|switch|p1a: Glimmora|Glimmora, M|100\/100\n|turn|15\n|\n|t:|1700544327\n|switch|p2a: Glaceon|Glaceon, F|13\/100 brn\n|move|p1a: Glimmora|Mortal Spin|p2a: Glaceon\n|-damage|p2a: Glaceon|6\/100 brn\n|\n|-damage|p2a: Glaceon|0 fnt|[from] item: Black Sludge\n|faint|p2a: Glaceon\n|upkeep\n|\n|t:|1700544334\n|switch|p2a: Kingambit|Kingambit, M|100\/100\n|-activate|p2a: Kingambit|ability: Supreme Overlord\n|-start|p2a: Kingambit|fallen1|[silent]\n|turn|16\n|\n|t:|1700544341\n|switch|p1a: Drifblim|Drifblim, M|100\/100\n|move|p2a: Kingambit|Iron Head|p1a: Drifblim\n|-damage|p1a: Drifblim|22\/100\n|\n|upkeep\n|turn|17\n|\n|t:|1700544348\n|-end|p2a: Kingambit|fallen1|[silent]\n|switch|p2a: Cinderace|Cinderace, F|100\/100\n|move|p1a: Drifblim|Trick|p2a: Cinderace\n|-activate|p1a: Drifblim|move: Trick|[of] p2a: Cinderace\n|-item|p2a: Cinderace|Choice Scarf|[from] move: Trick\n|-item|p1a: Drifblim|Heavy-Duty Boots|[from] move: Trick\n|\n|upkeep\n|turn|18\n|\n|t:|1700544359\n|move|p2a: Cinderace|U-turn|p1a: Drifblim\n|-resisted|p1a: Drifblim\n|-damage|p1a: Drifblim|16\/100\n|\n|t:|1700544363\n|switch|p2a: Slowking|Slowking-Galar, F|72\/100|[from] U-turn\n|move|p1a: Drifblim|Destiny Bond|p1a: Drifblim\n|-singlemove|p1a: Drifblim|Destiny Bond\n|\n|upkeep\n|turn|19\n|\n|t:|1700544373\n|move|p1a: Drifblim|Defog|p2a: Slowking\n|-unboost|p2a: Slowking|evasion|1\n|move|p2a: Slowking|Trick|p1a: Drifblim\n|-activate|p2a: Slowking|move: Trick|[of] p1a: Drifblim\n|-item|p1a: Drifblim|Choice Specs|[from] move: Trick\n|-item|p2a: Slowking|Heavy-Duty Boots|[from] move: Trick\n|\n|upkeep\n|turn|20\n|\n|t:|1700544391\n|move|p1a: Drifblim|Knock Off|p2a: Slowking\n|-supereffective|p2a: Slowking\n|-damage|p2a: Slowking|36\/100\n|-enditem|p2a: Slowking|Heavy-Duty Boots|[from] move: Knock Off|[of] p1a: Drifblim\n|move|p2a: Slowking|Chilly Reception|p2a: Slowking\n|-weather|Snow\n|\n|t:|1700544398\n|switch|p2a: Zapdos|Zapdos|100\/100|[from] Chilly Reception\n|\n|-weather|Snow|[upkeep]\n|upkeep\n|turn|21\n|\n|t:|1700544405\n|switch|p1a: Rotom|Rotom-Wash|19\/100 frz\n|move|p2a: Zapdos|Volt Switch|p1a: Rotom\n|-damage|p1a: Rotom|0 fnt\n|faint|p1a: Rotom\n|\n|t:|1700544417\n|switch|p2a: Kingambit|Kingambit, M|100\/100|[from] Volt Switch\n|-activate|p2a: Kingambit|ability: Supreme Overlord\n|-start|p2a: Kingambit|fallen1|[silent]\n|\n|-weather|Snow|[upkeep]\n|upkeep\n|\n|t:|1700544424\n|switch|p1a: Drifblim|Drifblim, M|16\/100\n|turn|22\n|\n|t:|1700544430\n|-end|p2a: Kingambit|fallen1|[silent]\n|switch|p2a: Great Tusk|Great Tusk|100\/100\n|move|p1a: Drifblim|Destiny Bond|p1a: Drifblim\n|-singlemove|p1a: Drifblim|Destiny Bond\n|\n|-weather|Snow|[upkeep]\n|upkeep\n|turn|23\n|\n|t:|1700544436\n|move|p2a: Great Tusk|Stealth Rock|p1a: Drifblim\n|-sidestart|p1: liaoya|move: Stealth Rock\n|move|p1a: Drifblim|Destiny Bond||[still]\n|-fail|p1a: Drifblim\n|\n|-weather|Snow|[upkeep]\n|upkeep\n|turn|24\n|\n|t:|1700544442\n|switch|p1a: Glimmora|Glimmora, M|100\/100\n|-damage|p1a: Glimmora|88\/100|[from] Stealth Rock\n|move|p2a: Great Tusk|Stealth Rock||[still]\n|-fail|p2a: Great Tusk\n|\n|-weather|none\n|upkeep\n|turn|25\n|\n|t:|1700544448\n|move|p2a: Great Tusk|Headlong Rush|p1a: Glimmora\n|-supereffective|p1a: Glimmora\n|-damage|p1a: Glimmora|0 fnt\n|-unboost|p2a: Great Tusk|def|1\n|-unboost|p2a: Great Tusk|spd|1\n|-activate|p1a: Glimmora|ability: Toxic Debris\n|-sidestart|p2: actualonion|move: Toxic Spikes\n|faint|p1a: Glimmora\n|\n|upkeep\n|-message|liaoya forfeited.\n|\n|win|actualonion\n|raw|liaoya's rating: 1591 &rarr; <strong>1572<\/strong><br \/>(-19 for losing)\n|raw|actualonion's rating: 1605 &rarr; <strong>1624<\/strong><br \/>(+19 for winning)\n|l|\u2606liaoya\n","uploadtime":1700544470,"views":4,"p1id":"liaoya","p2id":"actualonion","formatid":"gen9ou","rating":1572,"private":0,"password":""}