{"id":"gen9ou-1988632771","p1":"Mista_Meaty","p2":"DanteisNOTWilma","format":"[Gen 9] OU","log":"|j|\u2606Mista_Meaty\n|j|\u2606DanteisNOTWilma\n|t:|1699744239\n|gametype|singles\n|player|p1|Mista_Meaty|hiker-gen4|1166\n|player|p2|DanteisNOTWilma|dancer|1243\n|teamsize|p1|6\n|teamsize|p2|6\n|gen|9\n|tier|[Gen 9] OU\n|rated|\n|rule|Sleep Clause Mod: Limit one foe put to sleep\n|rule|Species Clause: Limit one of each Pok\u00e9mon\n|rule|OHKO Clause: OHKO moves are banned\n|rule|Evasion Items Clause: Evasion items are banned\n|rule|Evasion Moves Clause: Evasion moves are banned\n|rule|Endless Battle Clause: Forcing endless battles is banned\n|rule|HP Percentage Mod: HP is shown in percentages\n|clearpoke\n|poke|p1|Dragapult, F|\n|poke|p1|Toxapex, F|\n|poke|p1|Great Tusk|\n|poke|p1|Clefable, F|\n|poke|p1|Zapdos|\n|poke|p1|Iron Moth|\n|poke|p2|Glimmora, M|\n|poke|p2|Dragonite, M|\n|poke|p2|Ogerpon-Wellspring, F|\n|poke|p2|Kingambit, M|\n|poke|p2|Sinistcha|\n|poke|p2|Iron Moth|\n|teampreview\n|inactive|Battle timer is ON: inactive players will automatically lose when time's up. (requested by DanteisNOTWilma)\n|\n|t:|1699744257\n|start\n|switch|p1a: not iron at all|Iron Moth, shiny|100\/100\n|switch|p2a: Glimmora|Glimmora, M|100\/100\n|-enditem|p1a: not iron at all|Booster Energy\n|-activate|p1a: not iron at all|ability: Quark Drive|[fromitem]\n|-start|p1a: not iron at all|quarkdrivespe\n|turn|1\n|\n|t:|1699744267\n|move|p1a: not iron at all|Substitute|p1a: not iron at all\n|-start|p1a: not iron at all|Substitute\n|-damage|p1a: not iron at all|76\/100\n|move|p2a: Glimmora|Stealth Rock|p1a: not iron at all\n|-sidestart|p1: Mista_Meaty|move: Stealth Rock\n|\n|upkeep\n|turn|2\n|\n|t:|1699744276\n|switch|p2a: Dragonite|Dragonite, M|100\/100\n|move|p1a: not iron at all|Fiery Dance|p2a: Dragonite\n|-resisted|p2a: Dragonite\n|-damage|p2a: Dragonite|90\/100\n|-boost|p1a: not iron at all|spa|1\n|\n|upkeep\n|turn|3\n|\n|t:|1699744285\n|move|p1a: not iron at all|Sludge Wave|p2a: Dragonite\n|-damage|p2a: Dragonite|15\/100\n|move|p2a: Dragonite|Earthquake|p1a: not iron at all\n|-supereffective|p1a: not iron at all\n|-end|p1a: not iron at all|Substitute\n|\n|upkeep\n|turn|4\n|\n|t:|1699744294\n|move|p2a: Dragonite|Extreme Speed|p1a: not iron at all\n|-damage|p1a: not iron at all|31\/100\n|move|p1a: not iron at all|Sludge Wave|p2a: Dragonite\n|-damage|p2a: Dragonite|0 fnt\n|faint|p2a: Dragonite\n|\n|upkeep\n|\n|t:|1699744304\n|switch|p2a: Kingambit|Kingambit, M|100\/100\n|-activate|p2a: Kingambit|ability: Supreme Overlord\n|-start|p2a: Kingambit|fallen1|[silent]\n|-item|p2a: Kingambit|Air Balloon\n|turn|5\n|\n|t:|1699744311\n|move|p2a: Kingambit|Sucker Punch||[still]\n|-fail|p2a: Kingambit\n|move|p1a: not iron at all|Substitute|p1a: not iron at all\n|-start|p1a: not iron at all|Substitute\n|-damage|p1a: not iron at all|6\/100\n|\n|upkeep\n|turn|6\n|\n|t:|1699744322\n|-terastallize|p2a: Kingambit|Fairy\n|move|p1a: not iron at all|Fiery Dance|p2a: Kingambit\n|-damage|p2a: Kingambit|46\/100\n|-boost|p1a: not iron at all|spa|1\n|-enditem|p2a: Kingambit|Air Balloon\n|move|p2a: Kingambit|Iron Head|p1a: not iron at all\n|-resisted|p1a: not iron at all\n|-end|p1a: not iron at all|Substitute\n|\n|upkeep\n|turn|7\n|\n|t:|1699744337\n|move|p2a: Kingambit|Sucker Punch|p1a: not iron at all\n|-damage|p1a: not iron at all|0 fnt\n|faint|p1a: not iron at all\n|-end|p1a: not iron at all|Quark Drive|[silent]\n|\n|upkeep\n|\n|t:|1699744344\n|switch|p1a: big dawg|Great Tusk, shiny|100\/100\n|-damage|p1a: big dawg|98\/100|[from] Stealth Rock\n|-enditem|p1a: big dawg|Booster Energy\n|-activate|p1a: big dawg|ability: Protosynthesis|[fromitem]\n|-start|p1a: big dawg|protosynthesisspe\n|turn|8\n|\n|t:|1699744351\n|-end|p2a: Kingambit|fallen1|[silent]\n|switch|p2a: Glimmora|Glimmora, M|100\/100\n|move|p1a: big dawg|Bulk Up|p1a: big dawg\n|-boost|p1a: big dawg|atk|1\n|-boost|p1a: big dawg|def|1\n|\n|upkeep\n|turn|9\n|\n|t:|1699744359\n|move|p1a: big dawg|Headlong Rush|p2a: Glimmora\n|-supereffective|p2a: Glimmora\n|-enditem|p2a: Glimmora|Focus Sash\n|-damage|p2a: Glimmora|1\/100\n|-unboost|p1a: big dawg|def|1\n|-unboost|p1a: big dawg|spd|1\n|-activate|p2a: Glimmora|ability: Toxic Debris\n|-sidestart|p1: Mista_Meaty|move: Toxic Spikes\n|move|p2a: Glimmora|Mortal Spin|p1a: big dawg\n|-resisted|p1a: big dawg\n|-damage|p1a: big dawg|95\/100\n|-status|p1a: big dawg|psn\n|\n|-damage|p1a: big dawg|83\/100 psn|[from] psn\n|upkeep\n|turn|10\n|\n|t:|1699744374\n|switch|p2a: Sinistcha|Sinistcha|100\/100\n|move|p1a: big dawg|Ice Spinner|p2a: Sinistcha\n|-supereffective|p2a: Sinistcha\n|-damage|p2a: Sinistcha|29\/100\n|\n|-damage|p1a: big dawg|71\/100 psn|[from] psn\n|upkeep\n|turn|11\n|\n|t:|1699744384\n|move|p1a: big dawg|Ice Spinner|p2a: Sinistcha\n|-supereffective|p2a: Sinistcha\n|-damage|p2a: Sinistcha|0 fnt\n|faint|p2a: Sinistcha\n|\n|-damage|p1a: big dawg|58\/100 psn|[from] psn\n|upkeep\n|\n|t:|1699744392\n|switch|p2a: Iron Moth|Iron Moth|100\/100\n|-enditem|p2a: Iron Moth|Booster Energy\n|-activate|p2a: Iron Moth|ability: Quark Drive|[fromitem]\n|-start|p2a: Iron Moth|quarkdrivespa\n|turn|12\n|\n|t:|1699744399\n|move|p1a: big dawg|Headlong Rush|p2a: Iron Moth\n|-supereffective|p2a: Iron Moth\n|-damage|p2a: Iron Moth|0 fnt\n|-unboost|p1a: big dawg|def|1\n|-unboost|p1a: big dawg|spd|1\n|faint|p2a: Iron Moth\n|-end|p2a: Iron Moth|Quark Drive|[silent]\n|\n|-damage|p1a: big dawg|46\/100 psn|[from] psn\n|upkeep\n|-message|DanteisNOTWilma forfeited.\n|\n|win|Mista_Meaty\n|raw|Mista_Meaty's rating: 1166 &rarr; <strong>1196<\/strong><br \/>(+30 for winning)\n|raw|DanteisNOTWilma's rating: 1243 &rarr; <strong>1213<\/strong><br \/>(-30 for losing)\n|l|\u2606DanteisNOTWilma\n","uploadtime":1699744412,"views":10,"p1id":"mistameaty","p2id":"danteisnotwilma","formatid":"gen9ou","rating":1196,"private":0,"password":""}