{"id":"gen9ou-1989262567","p1":"Angel_Oceanpart","p2":"hilllnbvhnbvhb","format":"[Gen 9] OU","log":"|j|\u2606Angel_Oceanpart\n|j|\u2606hilllnbvhnbvhb\n|t:|1699829331\n|gametype|singles\n|player|p1|Angel_Oceanpart|preschoolerf|1060\n|player|p2|hilllnbvhnbvhb|265|1035\n|teamsize|p1|6\n|teamsize|p2|6\n|gen|9\n|tier|[Gen 9] OU\n|rated|\n|rule|Sleep Clause Mod: Limit one foe put to sleep\n|rule|Species Clause: Limit one of each Pok\u00e9mon\n|rule|OHKO Clause: OHKO moves are banned\n|rule|Evasion Items Clause: Evasion items are banned\n|rule|Evasion Moves Clause: Evasion moves are banned\n|rule|Endless Battle Clause: Forcing endless battles is banned\n|rule|HP Percentage Mod: HP is shown in percentages\n|clearpoke\n|poke|p1|Ditto|\n|poke|p1|Alomomola, F|\n|poke|p1|Corviknight, M|\n|poke|p1|Heatran, F|\n|poke|p1|Pawmot, M|\n|poke|p1|Zoroark, M|\n|poke|p2|Clefable, M|\n|poke|p2|Dondozo, F|\n|poke|p2|Tornadus-Therian, M|\n|poke|p2|Toxapex, F|\n|poke|p2|Blissey, F|\n|poke|p2|Ting-Lu|\n|teampreview\n|inactive|Battle timer is ON: inactive players will automatically lose when time's up. (requested by Angel_Oceanpart)\n|\n|t:|1699829347\n|start\n|switch|p1a: Tora|Alomomola, F|100\/100\n|switch|p2a: Tornadus|Tornadus-Therian, M|100\/100\n|turn|1\n|\n|t:|1699829351\n|move|p2a: Tornadus|Knock Off|p1a: Tora\n|-damage|p1a: Tora|90\/100\n|-enditem|p1a: Tora|Red Card|[from] move: Knock Off|[of] p2a: Tornadus\n|move|p1a: Tora|Flip Turn|p2a: Tornadus\n|-damage|p2a: Tornadus|76\/100\n|\n|t:|1699829371\n|switch|p1a: Betrayal|Heatran, F|100\/100|[from] Flip Turn\n|\n|upkeep\n|turn|2\n|\n|t:|1699829384\n|move|p1a: Betrayal|U-turn|p2a: Tornadus\n|-resisted|p2a: Tornadus\n|-damage|p2a: Tornadus|61\/100\n|\n|t:|1699829387\n|switch|p1a: Forgive|Corviknight, M|100\/100|[from] U-turn\n|-ability|p1a: Forgive|Pressure\n|move|p2a: Tornadus|Knock Off|p1a: Forgive\n|-damage|p1a: Forgive|88\/100\n|-enditem|p1a: Forgive|Leftovers|[from] move: Knock Off|[of] p2a: Tornadus\n|\n|upkeep\n|turn|3\n|\n|t:|1699829399\n|move|p2a: Tornadus|Heat Wave|p1a: Forgive\n|-supereffective|p1a: Forgive\n|-damage|p1a: Forgive|32\/100\n|move|p1a: Forgive|Brave Bird|p2a: Tornadus\n|-damage|p2a: Tornadus|7\/100\n|-damage|p1a: Forgive|19\/100|[from] Recoil\n|\n|upkeep\n|turn|4\n|\n|t:|1699829412\n|switch|p1a: Betrayal|Heatran, F|100\/100\n|move|p2a: Tornadus|Heat Wave|p1a: Betrayal\n|-start|p1a: Betrayal|ability: Flash Fire\n|\n|upkeep\n|turn|5\n|\n|t:|1699829420\n|switch|p2a: Ting-Lu|Ting-Lu|100\/100\n|-ability|p2a: Ting-Lu|Vessel of Ruin\n|move|p1a: Betrayal|Flash Cannon|p2a: Ting-Lu\n|-damage|p2a: Ting-Lu|74\/100\n|-unboost|p2a: Ting-Lu|spd|1\n|\n|upkeep\n|turn|6\n|\n|t:|1699829433\n|-end|p1a: Betrayal|ability: Flash Fire|[silent]\n|switch|p1a: Tora|Alomomola, F|100\/100\n|move|p2a: Ting-Lu|Ruination|p1a: Tora\n|-damage|p1a: Tora|51\/100\n|\n|upkeep\n|turn|7\n|\n|t:|1699829444\n|switch|p2a: Toxapex|Toxapex, F|100\/100\n|move|p1a: Tora|Wish|p1a: Tora\n|\n|upkeep\n|turn|8\n|\n|t:|1699829459\n|move|p1a: Tora|Flip Turn|p2a: Toxapex\n|-resisted|p2a: Toxapex\n|-damage|p2a: Toxapex|94\/100\n|\n|t:|1699829463\n|switch|p1a: Forgive|Corviknight, M|19\/100|[from] Flip Turn\n|-ability|p1a: Forgive|Pressure\n|move|p2a: Toxapex|Infestation|p1a: Forgive\n|-resisted|p1a: Forgive\n|-damage|p1a: Forgive|19\/100\n|-activate|p1a: Forgive|move: Infestation|[of] p2a: Toxapex\n|\n|-heal|p1a: Forgive|83\/100|[from] move: Wish|[wisher] Tora\n|-damage|p1a: Forgive|70\/100|[from] move: Infestation|[partiallytrapped]\n|upkeep\n|turn|9\n|\n|t:|1699829485\n|switch|p2a: Ting-Lu|Ting-Lu|74\/100\n|-ability|p2a: Ting-Lu|Vessel of Ruin\n|move|p1a: Forgive|U-turn|p2a: Ting-Lu\n|-supereffective|p2a: Ting-Lu\n|-crit|p2a: Ting-Lu\n|-damage|p2a: Ting-Lu|50\/100\n|\n|t:|1699829502\n|switch|p1a: Retry|Pawmot, M|100\/100|[from] U-turn\n|\n|upkeep\n|turn|10\n|inactive|hilllnbvhnbvhb has 120 seconds left.\n|\n|t:|1699829529\n|switch|p2a: Toxapex|Toxapex, F|100\/100\n|move|p1a: Retry|Fake Out|p2a: Toxapex\n|-damage|p2a: Toxapex|90\/100\n|\n|upkeep\n|turn|11\n|inactive|hilllnbvhnbvhb has 120 seconds left.\n|\n|t:|1699829540\n|switch|p1a: Tora|Alomomola, F|84\/100\n|switch|p2a: Ting-Lu|Ting-Lu|50\/100\n|-ability|p2a: Ting-Lu|Vessel of Ruin\n|\n|upkeep\n|turn|12\n|\n|t:|1699829548\n|move|p1a: Tora|Scald|p2a: Ting-Lu\n|-supereffective|p2a: Ting-Lu\n|-damage|p2a: Ting-Lu|39\/100\n|-status|p2a: Ting-Lu|brn\n|move|p2a: Ting-Lu|Spikes|p1a: Tora\n|-sidestart|p1: Angel_Oceanpart|Spikes\n|\n|-damage|p2a: Ting-Lu|33\/100 brn|[from] brn\n|upkeep\n|turn|13\n|\n|t:|1699829556\n|switch|p2a: Clefable|Clefable, M|100\/100\n|move|p1a: Tora|Wish|p1a: Tora\n|\n|upkeep\n|turn|14\n|\n|t:|1699829563\n|move|p1a: Tora|Flip Turn|p2a: Clefable\n|-damage|p2a: Clefable|88\/100\n|\n|t:|1699829570\n|switch|p1a: Betrayal|Heatran, F|100\/100|[from] Flip Turn\n|-damage|p1a: Betrayal|88\/100|[from] Spikes\n|move|p2a: Clefable|Stealth Rock|p1a: Betrayal\n|-sidestart|p1: Angel_Oceanpart|move: Stealth Rock\n|\n|-heal|p1a: Betrayal|100\/100|[from] move: Wish|[wisher] Tora\n|-heal|p2a: Clefable|94\/100|[from] item: Leftovers\n|upkeep\n|turn|15\n|\n|t:|1699829579\n|move|p2a: Clefable|Protect|p2a: Clefable\n|-singleturn|p2a: Clefable|Protect\n|move|p1a: Betrayal|Flash Cannon|p2a: Clefable\n|-activate|p2a: Clefable|move: Protect\n|\n|-heal|p2a: Clefable|99\/100|[from] item: Leftovers\n|upkeep\n|turn|16\n|\n|t:|1699829588\n|switch|p1a: Forgive|Corviknight, M|70\/100\n|-damage|p1a: Forgive|58\/100|[from] Stealth Rock\n|-ability|p1a: Forgive|Pressure\n|switch|p2a: Dondozo|Dondozo, F|100\/100\n|\n|upkeep\n|turn|17\n|\n|t:|1699829594\n|move|p1a: Forgive|Defog|p2a: Dondozo\n|-unboost|p2a: Dondozo|evasion|1\n|-sideend|p1: Angel_Oceanpart|Spikes|[from] move: Defog|[of] p1a: Forgive\n|-sideend|p1: Angel_Oceanpart|Stealth Rock|[from] move: Defog|[of] p1a: Forgive\n|move|p2a: Dondozo|Liquidation|p1a: Forgive\n|-damage|p1a: Forgive|41\/100\n|\n|upkeep\n|turn|18\n|\n|t:|1699829600\n|switch|p2a: Tornadus|Tornadus-Therian, M|40\/100\n|move|p1a: Forgive|Roost|p1a: Forgive\n|-heal|p1a: Forgive|91\/100\n|-singleturn|p1a: Forgive|move: Roost\n|\n|upkeep\n|turn|19\n|\n|t:|1699829610\n|switch|p2a: Toxapex|Toxapex, F|100\/100\n|switch|p1a: Tora|Alomomola, F|100\/100\n|\n|upkeep\n|turn|20\n|\n|t:|1699829618\n|move|p1a: Tora|Flip Turn|p2a: Toxapex\n|-resisted|p2a: Toxapex\n|-damage|p2a: Toxapex|94\/100\n|\n|t:|1699829623\n|switch|p1a: Forgive|Corviknight, M|91\/100|[from] Flip Turn\n|-ability|p1a: Forgive|Pressure\n|move|p2a: Toxapex|Toxic|p1a: Forgive\n|-immune|p1a: Forgive\n|\n|upkeep\n|turn|21\n|\n|t:|1699829638\n|move|p1a: Forgive|Brave Bird|p2a: Toxapex\n|-damage|p2a: Toxapex|62\/100\n|-damage|p1a: Forgive|83\/100|[from] Recoil\n|move|p2a: Toxapex|Infestation|p1a: Forgive\n|-resisted|p1a: Forgive\n|-damage|p1a: Forgive|82\/100\n|-activate|p1a: Forgive|move: Infestation|[of] p2a: Toxapex\n|\n|-damage|p1a: Forgive|69\/100|[from] move: Infestation|[partiallytrapped]\n|upkeep\n|turn|22\n|\n|t:|1699829646\n|switch|p2a: Dondozo|Dondozo, F|100\/100\n|move|p1a: Forgive|Roost|p1a: Forgive\n|-heal|p1a: Forgive|100\/100\n|-singleturn|p1a: Forgive|move: Roost\n|\n|-end|p1a: Forgive|Infestation|[partiallytrapped]|[silent]\n|upkeep\n|turn|23\n|\n|t:|1699829659\n|switch|p2a: Toxapex|Toxapex, F|95\/100\n|move|p1a: Forgive|U-turn|p2a: Toxapex\n|-resisted|p2a: Toxapex\n|-damage|p2a: Toxapex|89\/100\n|\n|t:|1699829675\n|switch|p1a: Retry|Pawmot, M|100\/100|[from] U-turn\n|\n|upkeep\n|turn|24\n|\n|t:|1699829686\n|move|p1a: Retry|Fake Out|p2a: Toxapex\n|-damage|p2a: Toxapex|79\/100\n|cant|p2a: Toxapex|flinch\n|\n|upkeep\n|turn|25\n|\n|t:|1699829691\n|switch|p1a: Tora|Alomomola, F|100\/100\n|move|p2a: Toxapex|Toxic|p1a: Tora\n|-status|p1a: Tora|tox\n|\n|-damage|p1a: Tora|94\/100 tox|[from] psn\n|upkeep\n|turn|26\n|\n|t:|1699829700\n|switch|p2a: Clefable|Clefable, M|99\/100\n|move|p1a: Tora|Flip Turn|p2a: Clefable\n|-damage|p2a: Clefable|87\/100\n|\n|t:|1699829706\n|switch|p1a: Betrayal|Heatran, F|100\/100|[from] Flip Turn\n|\n|-heal|p2a: Clefable|93\/100|[from] item: Leftovers\n|upkeep\n|turn|27\n|\n|t:|1699829713\n|move|p2a: Clefable|Protect|p2a: Clefable\n|-singleturn|p2a: Clefable|Protect\n|move|p1a: Betrayal|Flash Cannon|p2a: Clefable\n|-activate|p2a: Clefable|move: Protect\n|\n|-heal|p2a: Clefable|99\/100|[from] item: Leftovers\n|upkeep\n|turn|28\n|\n|t:|1699829723\n|switch|p2a: Dondozo|Dondozo, F|100\/100\n|move|p1a: Betrayal|Flash Cannon|p2a: Dondozo\n|-resisted|p2a: Dondozo\n|-damage|p2a: Dondozo|67\/100\n|\n|upkeep\n|turn|29\n|\n|t:|1699829733\n|switch|p1a: Forgive|Corviknight, M|100\/100\n|-ability|p1a: Forgive|Pressure\n|move|p2a: Dondozo|Body Press|p1a: Forgive\n|-damage|p1a: Forgive|83\/100\n|\n|upkeep\n|turn|30\n|\n|t:|1699829745\n|switch|p2a: Toxapex|Toxapex, F|100\/100\n|move|p1a: Forgive|Brave Bird|p2a: Toxapex\n|-damage|p2a: Toxapex|70\/100\n|-damage|p1a: Forgive|76\/100|[from] Recoil\n|\n|upkeep\n|turn|31\n|\n|t:|1699829755\n|move|p1a: Forgive|Brave Bird|p2a: Toxapex\n|-damage|p2a: Toxapex|41\/100\n|-damage|p1a: Forgive|68\/100|[from] Recoil\n|move|p2a: Toxapex|Infestation|p1a: Forgive\n|-resisted|p1a: Forgive\n|-damage|p1a: Forgive|68\/100\n|-activate|p1a: Forgive|move: Infestation|[of] p2a: Toxapex\n|\n|-damage|p1a: Forgive|55\/100|[from] move: Infestation|[partiallytrapped]\n|upkeep\n|turn|32\n|\n|t:|1699829761\n|switch|p2a: Dondozo|Dondozo, F|67\/100\n|move|p1a: Forgive|Roost|p1a: Forgive\n|-heal|p1a: Forgive|100\/100\n|-singleturn|p1a: Forgive|move: Roost\n|\n|-end|p1a: Forgive|Infestation|[partiallytrapped]|[silent]\n|upkeep\n|turn|33\n|\n|t:|1699829766\n|switch|p2a: Toxapex|Toxapex, F|74\/100\n|move|p1a: Forgive|Brave Bird|p2a: Toxapex\n|-damage|p2a: Toxapex|46\/100\n|-damage|p1a: Forgive|93\/100|[from] Recoil\n|\n|upkeep\n|turn|34\n|\n|t:|1699829775\n|switch|p2a: Dondozo|Dondozo, F|67\/100\n|move|p1a: Forgive|Brave Bird|p2a: Dondozo\n|-damage|p2a: Dondozo|50\/100\n|-damage|p1a: Forgive|86\/100|[from] Recoil\n|\n|upkeep\n|turn|35\n|\n|t:|1699829780\n|move|p1a: Forgive|Brave Bird|p2a: Dondozo\n|-damage|p2a: Dondozo|33\/100\n|-damage|p1a: Forgive|79\/100|[from] Recoil\n|move|p2a: Dondozo|Rest|p2a: Dondozo\n|-status|p2a: Dondozo|slp|[from] move: Rest\n|-heal|p2a: Dondozo|100\/100 slp|[silent]\n|\n|upkeep\n|turn|36\n|\n|t:|1699829785\n|switch|p2a: Toxapex|Toxapex, F|79\/100\n|move|p1a: Forgive|U-turn|p2a: Toxapex\n|-resisted|p2a: Toxapex\n|-damage|p2a: Toxapex|73\/100\n|\n|t:|1699829802\n|switch|p1a: Tori|Ditto|100\/100|[from] U-turn\n|-transform|p1a: Tori|p2a: Toxapex|[from] ability: Imposter\n|\n|upkeep\n|turn|37\n|\n|t:|1699829825\n|switch|p2a: Blissey|Blissey, F|100\/100\n|switch|p1a: Forgive|Corviknight, M|79\/100\n|-ability|p1a: Forgive|Pressure\n|\n|upkeep\n|turn|38\n|\n|t:|1699829830\n|switch|p2a: Toxapex|Toxapex, F|100\/100\n|move|p1a: Forgive|Brave Bird|p2a: Toxapex\n|-damage|p2a: Toxapex|69\/100\n|-damage|p1a: Forgive|71\/100|[from] Recoil\n|\n|upkeep\n|turn|39\n|\n|t:|1699829839\n|move|p1a: Forgive|Brave Bird|p2a: Toxapex\n|-damage|p2a: Toxapex|42\/100\n|-damage|p1a: Forgive|65\/100|[from] Recoil\n|move|p2a: Toxapex|Infestation|p1a: Forgive\n|-resisted|p1a: Forgive\n|-damage|p1a: Forgive|64\/100\n|-activate|p1a: Forgive|move: Infestation|[of] p2a: Toxapex\n|\n|-damage|p1a: Forgive|51\/100|[from] move: Infestation|[partiallytrapped]\n|upkeep\n|turn|40\n|\n|t:|1699829845\n|move|p1a: Forgive|Roost|p1a: Forgive\n|-heal|p1a: Forgive|100\/100\n|-singleturn|p1a: Forgive|move: Roost\n|move|p2a: Toxapex|Recover|p2a: Toxapex\n|-heal|p2a: Toxapex|92\/100\n|\n|-damage|p1a: Forgive|88\/100|[from] move: Infestation|[partiallytrapped]\n|upkeep\n|turn|41\n|\n|t:|1699829856\n|move|p1a: Forgive|U-turn|p2a: Toxapex\n|-resisted|p2a: Toxapex\n|-damage|p2a: Toxapex|87\/100\n|\n|t:|1699829860\n|switch|p1a: Tora|Alomomola, F|100\/100 tox|[from] U-turn\n|move|p2a: Toxapex|Haze|p2a: Toxapex\n|-clearallboost\n|\n|-damage|p1a: Tora|94\/100 tox|[from] psn\n|upkeep\n|turn|42\n|\n|t:|1699829868\n|move|p1a: Tora|Flip Turn|p2a: Toxapex\n|-resisted|p2a: Toxapex\n|-damage|p2a: Toxapex|80\/100\n|\n|t:|1699829870\n|switch|p1a: Tori|Ditto|100\/100|[from] Flip Turn\n|-transform|p1a: Tori|p2a: Toxapex|[from] ability: Imposter\n|move|p2a: Toxapex|Infestation|p1a: Tori\n|-resisted|p1a: Tori\n|-damage|p1a: Tori|99\/100\n|-activate|p1a: Tori|move: Infestation|[of] p2a: Toxapex\n|-enditem|p1a: Tori|Red Card|[of] p2a: Toxapex\n|drag|p2a: Blissey|Blissey, F|100\/100\n|\n|-end|p1a: Tori|Infestation|[partiallytrapped]|[silent]\n|upkeep\n|turn|43\n|\n|t:|1699829880\n|move|p2a: Blissey|Seismic Toss|p1a: Tori\n|-damage|p1a: Tori|66\/100\n|move|p1a: Tori|Infestation|p2a: Blissey\n|-damage|p2a: Blissey|99\/100\n|-activate|p2a: Blissey|move: Infestation|[of] p1a: Tori\n|\n|-damage|p2a: Blissey|87\/100|[from] move: Infestation|[partiallytrapped]\n|upkeep\n|turn|44\n|\n|t:|1699829889\n|move|p2a: Blissey|Seismic Toss|p1a: Tori\n|-damage|p1a: Tori|33\/100\n|move|p1a: Tori|Recover|p1a: Tori\n|-heal|p1a: Tori|83\/100\n|\n|-damage|p2a: Blissey|75\/100|[from] move: Infestation|[partiallytrapped]\n|upkeep\n|turn|45\n|\n|t:|1699829894\n|move|p2a: Blissey|Seismic Toss|p1a: Tori\n|-damage|p1a: Tori|49\/100\n|move|p1a: Tori|Toxic|p2a: Blissey\n|-status|p2a: Blissey|tox\n|\n|-damage|p2a: Blissey|69\/100 tox|[from] psn\n|-damage|p2a: Blissey|56\/100 tox|[from] move: Infestation|[partiallytrapped]\n|upkeep\n|turn|46\n|\n|t:|1699829899\n|move|p2a: Blissey|Seismic Toss|p1a: Tori\n|-damage|p1a: Tori|16\/100\n|move|p1a: Tori|Recover|p1a: Tori\n|-heal|p1a: Tori|66\/100\n|\n|-damage|p2a: Blissey|44\/100 tox|[from] psn\n|-damage|p2a: Blissey|31\/100 tox|[from] move: Infestation|[partiallytrapped]\n|upkeep\n|turn|47\n|\n|t:|1699829903\n|move|p2a: Blissey|Soft-Boiled|p2a: Blissey\n|-heal|p2a: Blissey|81\/100 tox\n|move|p1a: Tori|Recover|p1a: Tori\n|-heal|p1a: Tori|100\/100\n|\n|-damage|p2a: Blissey|63\/100 tox|[from] psn\n|-damage|p2a: Blissey|50\/100 tox|[from] move: Infestation|[partiallytrapped]\n|upkeep\n|turn|48\n|\n|t:|1699829916\n|move|p2a: Blissey|Soft-Boiled|p2a: Blissey\n|-heal|p2a: Blissey|99\/100 tox\n|move|p1a: Tori|Recover||[still]\n|-fail|p1a: Tori|heal\n|\n|-damage|p2a: Blissey|76\/100 tox|[from] psn\n|-end|p2a: Blissey|Infestation|[partiallytrapped]\n|upkeep\n|turn|49\n|\n|t:|1699829920\n|-curestatus|p2a: Blissey|tox|[from] ability: Natural Cure\n|switch|p2a: Toxapex|Toxapex, F|100\/100\n|move|p1a: Tori|Infestation|p2a: Toxapex\n|-resisted|p2a: Toxapex\n|-damage|p2a: Toxapex|99\/100\n|-activate|p2a: Toxapex|move: Infestation|[of] p1a: Tori\n|\n|-damage|p2a: Toxapex|87\/100|[from] move: Infestation|[partiallytrapped]\n|upkeep\n|turn|50\n|\n|t:|1699829928\n|switch|p1a: Forgive|Corviknight, M|88\/100\n|-ability|p1a: Forgive|Pressure\n|move|p2a: Toxapex|Infestation|p1a: Forgive\n|-resisted|p1a: Forgive\n|-damage|p1a: Forgive|87\/100\n|-activate|p1a: Forgive|move: Infestation|[of] p2a: Toxapex\n|\n|-damage|p1a: Forgive|75\/100|[from] move: Infestation|[partiallytrapped]\n|-end|p2a: Toxapex|Infestation|[partiallytrapped]|[silent]\n|upkeep\n|turn|51\n|\n|t:|1699829946\n|move|p1a: Forgive|U-turn|p2a: Toxapex\n|-resisted|p2a: Toxapex\n|-damage|p2a: Toxapex|81\/100\n|\n|t:|1699829950\n|switch|p1a: Tori|Ditto|100\/100|[from] U-turn\n|-transform|p1a: Tori|p2a: Toxapex|[from] ability: Imposter\n|move|p2a: Toxapex|Haze|p2a: Toxapex\n|-clearallboost\n|\n|upkeep\n|turn|52\n|\n|t:|1699829954\n|move|p2a: Toxapex|Infestation|p1a: Tori\n|-resisted|p1a: Tori\n|-damage|p1a: Tori|99\/100\n|-activate|p1a: Tori|move: Infestation|[of] p2a: Toxapex\n|move|p1a: Tori|Infestation|p2a: Toxapex\n|-resisted|p2a: Toxapex\n|-damage|p2a: Toxapex|80\/100\n|-activate|p2a: Toxapex|move: Infestation|[of] p1a: Tori\n|\n|-damage|p2a: Toxapex|68\/100|[from] move: Infestation|[partiallytrapped]\n|-damage|p1a: Tori|87\/100|[from] move: Infestation|[partiallytrapped]\n|upkeep\n|turn|53\n|\n|t:|1699829963\n|move|p2a: Toxapex|Infestation|p1a: Tori\n|-resisted|p1a: Tori\n|-damage|p1a: Tori|86\/100\n|move|p1a: Tori|Infestation|p2a: Toxapex\n|-resisted|p2a: Toxapex\n|-damage|p2a: Toxapex|67\/100\n|\n|-damage|p2a: Toxapex|54\/100|[from] move: Infestation|[partiallytrapped]\n|-damage|p1a: Tori|74\/100|[from] move: Infestation|[partiallytrapped]\n|upkeep\n|turn|54\n|\n|t:|1699829970\n|move|p2a: Toxapex|Recover|p2a: Toxapex\n|-heal|p2a: Toxapex|100\/100\n|move|p1a: Tori|Infestation|p2a: Toxapex\n|-resisted|p2a: Toxapex\n|-damage|p2a: Toxapex|99\/100\n|\n|-damage|p2a: Toxapex|87\/100|[from] move: Infestation|[partiallytrapped]\n|-damage|p1a: Tori|61\/100|[from] move: Infestation|[partiallytrapped]\n|upkeep\n|turn|55\n|\n|t:|1699829981\n|move|p2a: Toxapex|Haze|p2a: Toxapex\n|-clearallboost\n|move|p1a: Tori|Recover|p1a: Tori\n|-heal|p1a: Tori|100\/100\n|\n|-damage|p1a: Tori|88\/100|[from] move: Infestation|[partiallytrapped]\n|-damage|p2a: Toxapex|75\/100|[from] move: Infestation|[partiallytrapped]\n|upkeep\n|turn|56\n|\n|t:|1699829990\n|move|p1a: Tori|Recover|p1a: Tori\n|-heal|p1a: Tori|100\/100\n|move|p2a: Toxapex|Haze|p2a: Toxapex\n|-clearallboost\n|\n|-damage|p2a: Toxapex|62\/100|[from] move: Infestation|[partiallytrapped]\n|-end|p1a: Tori|Infestation|[partiallytrapped]\n|upkeep\n|turn|57\n|\n|t:|1699830000\n|move|p2a: Toxapex|Haze|p2a: Toxapex\n|-clearallboost\n|move|p1a: Tori|Recover||[still]\n|-fail|p1a: Tori|heal\n|\n|-end|p2a: Toxapex|Infestation|[partiallytrapped]\n|upkeep\n|turn|58\n|\n|t:|1699830004\n|switch|p2a: Tornadus|Tornadus-Therian, M|73\/100\n|move|p1a: Tori|Infestation|p2a: Tornadus\n|-resisted|p2a: Tornadus\n|-damage|p2a: Tornadus|72\/100\n|-activate|p2a: Tornadus|move: Infestation|[of] p1a: Tori\n|\n|-damage|p2a: Tornadus|59\/100|[from] move: Infestation|[partiallytrapped]\n|upkeep\n|turn|59\n|\n|t:|1699830019\n|move|p2a: Tornadus|U-turn|p1a: Tori\n|-resisted|p1a: Tori\n|-damage|p1a: Tori|95\/100\n|\n|t:|1699830023\n|switch|p2a: Clefable|Clefable, M|99\/100|[from] U-turn\n|move|p1a: Tori|Toxic|p2a: Clefable\n|-status|p2a: Clefable|tox\n|\n|-heal|p2a: Clefable|100\/100 tox|[from] item: Leftovers\n|upkeep\n|turn|60\n|\n|t:|1699830030\n|switch|p1a: Forgive|Corviknight, M|75\/100\n|-ability|p1a: Forgive|Pressure\n|move|p2a: Clefable|Stealth Rock|p1a: Forgive\n|-sidestart|p1: Angel_Oceanpart|move: Stealth Rock\n|\n|upkeep\n|turn|61\n|\n|t:|1699830032\n|move|p1a: Forgive|Defog|p2a: Clefable\n|-unboost|p2a: Clefable|evasion|1\n|-sideend|p1: Angel_Oceanpart|Stealth Rock|[from] move: Defog|[of] p1a: Forgive\n|move|p2a: Clefable|Wish|p2a: Clefable\n|\n|upkeep\n|turn|62\n|\n|t:|1699830038\n|switch|p2a: Ting-Lu|Ting-Lu|33\/100 brn\n|-ability|p2a: Ting-Lu|Vessel of Ruin\n|move|p1a: Forgive|U-turn|p2a: Ting-Lu\n|-supereffective|p2a: Ting-Lu\n|-crit|p2a: Ting-Lu\n|-damage|p2a: Ting-Lu|10\/100 brn\n|\n|t:|1699830048\n|switch|p1a: Tori|Ditto|100\/100|[from] U-turn\n|-transform|p1a: Tori|p2a: Ting-Lu|[from] ability: Imposter\n|-ability|p1a: Tori|Vessel of Ruin\n|\n|-heal|p2a: Ting-Lu|49\/100 brn|[from] move: Wish|[wisher] Clefable\n|-damage|p2a: Ting-Lu|42\/100 brn|[from] brn\n|upkeep\n|turn|63\n|\n|t:|1699830066\n|move|p2a: Ting-Lu|Spikes|p1a: Tori\n|-sidestart|p1: Angel_Oceanpart|Spikes\n|move|p1a: Tori|Whirlwind|p2a: Ting-Lu\n|drag|p2a: Dondozo|Dondozo, F|100\/100 slp\n|\n|upkeep\n|turn|64\n|\n|t:|1699830075\n|switch|p1a: Forgive|Corviknight, M|75\/100\n|-ability|p1a: Forgive|Pressure\n|cant|p2a: Dondozo|slp\n|move|p2a: Dondozo|Sleep Talk|p2a: Dondozo\n|move|p2a: Dondozo|Rest||[from]move: Sleep Talk|[still]\n|-fail|p2a: Dondozo\n|\n|upkeep\n|turn|65\n|\n|t:|1699830081\n|move|p1a: Forgive|Defog|p2a: Dondozo\n|-unboost|p2a: Dondozo|evasion|1\n|-sideend|p1: Angel_Oceanpart|Spikes|[from] move: Defog|[of] p1a: Forgive\n|cant|p2a: Dondozo|slp\n|move|p2a: Dondozo|Sleep Talk|p2a: Dondozo\n|move|p2a: Dondozo|Body Press|p1a: Forgive|[from]move: Sleep Talk\n|-damage|p1a: Forgive|57\/100\n|\n|upkeep\n|turn|66\n|\n|t:|1699830098\n|move|p1a: Forgive|U-turn|p2a: Dondozo\n|-damage|p2a: Dondozo|94\/100 slp\n|\n|t:|1699830102\n|switch|p1a: Tora|Alomomola, F|100\/100 tox|[from] U-turn\n|-curestatus|p2a: Dondozo|slp|[msg]\n|move|p2a: Dondozo|Liquidation|p1a: Tora\n|-resisted|p1a: Tora\n|-damage|p1a: Tora|92\/100 tox\n|\n|-damage|p1a: Tora|86\/100 tox|[from] psn\n|upkeep\n|turn|67\n|\n|t:|1699830107\n|switch|p2a: Toxapex|Toxapex, F|95\/100\n|move|p1a: Tora|Wish|p1a: Tora\n|\n|-damage|p1a: Tora|74\/100 tox|[from] psn\n|upkeep\n|turn|68\n|\n|t:|1699830120\n|move|p1a: Tora|Flip Turn|p2a: Toxapex\n|-resisted|p2a: Toxapex\n|-damage|p2a: Toxapex|89\/100\n|\n|t:|1699830124\n|switch|p1a: Forgive|Corviknight, M|57\/100|[from] Flip Turn\n|-ability|p1a: Forgive|Pressure\n|move|p2a: Toxapex|Infestation|p1a: Forgive\n|-resisted|p1a: Forgive\n|-damage|p1a: Forgive|56\/100\n|-activate|p1a: Forgive|move: Infestation|[of] p2a: Toxapex\n|\n|-heal|p1a: Forgive|100\/100|[from] move: Wish|[wisher] Tora\n|-damage|p1a: Forgive|88\/100|[from] move: Infestation|[partiallytrapped]\n|upkeep\n|turn|69\n|\n|t:|1699830133\n|switch|p2a: Dondozo|Dondozo, F|94\/100\n|move|p1a: Forgive|U-turn|p2a: Dondozo\n|-damage|p2a: Dondozo|88\/100\n|\n|t:|1699830147\n|switch|p1a: Retry|Pawmot, M|100\/100|[from] U-turn\n|\n|upkeep\n|turn|70\n|\n|t:|1699830159\n|switch|p2a: Tornadus|Tornadus-Therian, M|92\/100\n|move|p1a: Retry|Double Shock|p2a: Tornadus\n|-supereffective|p2a: Tornadus\n|-damage|p2a: Tornadus|0 fnt\n|-start|p1a: Retry|typechange|???\/Fighting|[from] move: Double Shock\n|faint|p2a: Tornadus\n|\n|upkeep\n|\n|t:|1699830168\n|switch|p2a: Clefable|Clefable, M|100\/100 tox\n|turn|71\n|\n|t:|1699830176\n|switch|p1a: Betrayal|Heatran, F|100\/100\n|move|p2a: Clefable|Stealth Rock|p1a: Betrayal\n|-sidestart|p1: Angel_Oceanpart|move: Stealth Rock\n|\n|upkeep\n|turn|72\n|\n|t:|1699830187\n|switch|p2a: Toxapex|Toxapex, F|100\/100\n|move|p1a: Betrayal|Earth Power|p2a: Toxapex\n|-supereffective|p2a: Toxapex\n|-damage|p2a: Toxapex|41\/100\n|\n|upkeep\n|turn|73\n|\n|t:|1699830193\n|switch|p2a: Blissey|Blissey, F|76\/100\n|move|p1a: Betrayal|Earth Power|p2a: Blissey\n|-damage|p2a: Blissey|61\/100\n|\n|upkeep\n|turn|74\n|\n|t:|1699830209\n|switch|p1a: Tora|Alomomola, F|100\/100 tox\n|-damage|p1a: Tora|88\/100 tox|[from] Stealth Rock\n|move|p2a: Blissey|Seismic Toss|p1a: Tora\n|-damage|p1a: Tora|69\/100 tox\n|\n|-damage|p1a: Tora|62\/100 tox|[from] psn\n|upkeep\n|turn|75\n|\n|t:|1699830215\n|move|p2a: Blissey|Protect|p2a: Blissey\n|-singleturn|p2a: Blissey|Protect\n|move|p1a: Tora|Flip Turn|p2a: Blissey\n|-activate|p2a: Blissey|move: Protect\n|\n|-damage|p1a: Tora|50\/100 tox|[from] psn\n|upkeep\n|turn|76\n|\n|t:|1699830223\n|move|p1a: Tora|Flip Turn|p2a: Blissey\n|-damage|p2a: Blissey|26\/100\n|\n|t:|1699830240\n|switch|p1a: Retry|Pawmot, M|100\/100|[from] Flip Turn\n|-damage|p1a: Retry|88\/100|[from] Stealth Rock\n|move|p2a: Blissey|Soft-Boiled|p2a: Blissey\n|-heal|p2a: Blissey|76\/100\n|\n|upkeep\n|turn|77\n|\n|t:|1699830248\n|switch|p2a: Ting-Lu|Ting-Lu|42\/100 brn\n|-ability|p2a: Ting-Lu|Vessel of Ruin\n|move|p1a: Retry|Knock Off|p2a: Ting-Lu\n|-resisted|p2a: Ting-Lu\n|-damage|p2a: Ting-Lu|30\/100 brn\n|-enditem|p2a: Ting-Lu|Heavy-Duty Boots|[from] move: Knock Off|[of] p1a: Retry\n|\n|-damage|p2a: Ting-Lu|24\/100 brn|[from] brn\n|upkeep\n|turn|78\n|\n|t:|1699830260\n|switch|p1a: Tora|Alomomola, F|83\/100 tox\n|-damage|p1a: Tora|71\/100 tox|[from] Stealth Rock\n|move|p2a: Ting-Lu|Ruination|p1a: Tora\n|-damage|p1a: Tora|36\/100 tox\n|\n|-damage|p1a: Tora|29\/100 tox|[from] psn\n|-damage|p2a: Ting-Lu|18\/100 brn|[from] brn\n|upkeep\n|turn|79\n|\n|t:|1699830270\n|switch|p1a: Forgive|Corviknight, M|88\/100\n|-damage|p1a: Forgive|75\/100|[from] Stealth Rock\n|-ability|p1a: Forgive|Pressure\n|switch|p2a: Toxapex|Toxapex, F|74\/100\n|\n|upkeep\n|turn|80\n|\n|t:|1699830277\n|switch|p2a: Clefable|Clefable, M|100\/100 tox\n|move|p1a: Forgive|Defog|p2a: Clefable\n|-unboost|p2a: Clefable|evasion|1\n|-sideend|p1: Angel_Oceanpart|Stealth Rock|[from] move: Defog|[of] p1a: Forgive\n|\n|upkeep\n|turn|81\n|\n|t:|1699830288\n|switch|p1a: Betrayal|Heatran, F|100\/100\n|move|p2a: Clefable|Stealth Rock|p1a: Betrayal\n|-sidestart|p1: Angel_Oceanpart|move: Stealth Rock\n|\n|upkeep\n|turn|82\n|\n|t:|1699830297\n|switch|p2a: Dondozo|Dondozo, F|88\/100\n|move|p1a: Betrayal|Earth Power|p2a: Dondozo\n|-damage|p2a: Dondozo|39\/100\n|\n|upkeep\n|turn|83\n|inactive|Angel_Oceanpart has 120 seconds left.\n|\n|t:|1699830325\n|switch|p2a: Blissey|Blissey, F|76\/100\n|-terastallize|p1a: Betrayal|Water\n|move|p1a: Betrayal|Earth Power|p2a: Blissey\n|-damage|p2a: Blissey|61\/100\n|\n|upkeep\n|turn|84\n|inactive|Angel_Oceanpart has 120 seconds left.\n|\n|t:|1699830334\n|switch|p1a: Tora|Alomomola, F|63\/100 tox\n|-damage|p1a: Tora|50\/100 tox|[from] Stealth Rock\n|move|p2a: Blissey|Seismic Toss|p1a: Tora\n|-damage|p1a: Tora|31\/100 tox\n|\n|-damage|p1a: Tora|25\/100 tox|[from] psn\n|upkeep\n|turn|85\n|\n|t:|1699830344\n|switch|p1a: Forgive|Corviknight, M|75\/100\n|-damage|p1a: Forgive|63\/100|[from] Stealth Rock\n|-ability|p1a: Forgive|Pressure\n|move|p2a: Blissey|Protect||[still]\n|-fail|p2a: Blissey\n|\n|upkeep\n|turn|86\n|\n|t:|1699830349\n|switch|p2a: Toxapex|Toxapex, F|100\/100\n|move|p1a: Forgive|Defog|p2a: Toxapex\n|-unboost|p2a: Toxapex|evasion|1\n|-sideend|p1: Angel_Oceanpart|Stealth Rock|[from] move: Defog|[of] p1a: Forgive\n|\n|upkeep\n|turn|87\n|\n|t:|1699830354\n|move|p1a: Forgive|Roost|p1a: Forgive\n|-heal|p1a: Forgive|100\/100\n|-singleturn|p1a: Forgive|move: Roost\n|move|p2a: Toxapex|Infestation|p1a: Forgive\n|-resisted|p1a: Forgive\n|-damage|p1a: Forgive|99\/100\n|-activate|p1a: Forgive|move: Infestation|[of] p2a: Toxapex\n|\n|-damage|p1a: Forgive|86\/100|[from] move: Infestation|[partiallytrapped]\n|upkeep\n|turn|88\n|\n|t:|1699830362\n|move|p1a: Forgive|U-turn|p2a: Toxapex\n|-resisted|p2a: Toxapex\n|-damage|p2a: Toxapex|95\/100\n|\n|t:|1699830368\n|switch|p1a: Tora|Alomomola, F|58\/100 tox|[from] U-turn\n|move|p2a: Toxapex|Toxic|p1a: Tora\n|-fail|p1a: Tora|tox\n|\n|-damage|p1a: Tora|52\/100 tox|[from] psn\n|upkeep\n|turn|89\n|\n|t:|1699830382\n|move|p1a: Tora|Wish|p1a: Tora\n|move|p2a: Toxapex|Infestation|p1a: Tora\n|-damage|p1a: Tora|48\/100 tox\n|-activate|p1a: Tora|move: Infestation|[of] p2a: Toxapex\n|\n|-damage|p1a: Tora|36\/100 tox|[from] psn\n|-damage|p1a: Tora|23\/100 tox|[from] move: Infestation|[partiallytrapped]\n|upkeep\n|turn|90\n|\n|t:|1699830392\n|move|p1a: Tora|Flip Turn|p2a: Toxapex\n|-resisted|p2a: Toxapex\n|-damage|p2a: Toxapex|89\/100\n|\n|t:|1699830402\n|switch|p1a: Retry|Pawmot, M|88\/100|[from] Flip Turn\n|move|p2a: Toxapex|Toxic|p1a: Retry\n|-status|p1a: Retry|tox\n|\n|-heal|p1a: Retry|100\/100 tox|[from] move: Wish|[wisher] Tora\n|-damage|p1a: Retry|94\/100 tox|[from] psn\n|upkeep\n|turn|91\n|\n|t:|1699830412\n|move|p1a: Retry|Trick|p2a: Toxapex\n|-activate|p1a: Retry|move: Trick|[of] p2a: Toxapex\n|-item|p2a: Toxapex|Choice Scarf|[from] move: Trick\n|-item|p1a: Retry|Heavy-Duty Boots|[from] move: Trick\n|move|p2a: Toxapex|Infestation|p1a: Retry\n|-supereffective|p1a: Retry\n|-damage|p1a: Retry|84\/100 tox\n|-activate|p1a: Retry|move: Infestation|[of] p2a: Toxapex\n|replace|p1a: Forget|Zoroark, M\n|-end|p1a: Forget|Illusion\n|\n|-damage|p1a: Forget|71\/100 tox|[from] psn\n|-damage|p1a: Forget|59\/100 tox|[from] move: Infestation|[partiallytrapped]\n|upkeep\n|turn|92\n|\n|t:|1699830424\n|move|p1a: Forget|U-turn|p2a: Toxapex\n|-resisted|p2a: Toxapex\n|-crit|p2a: Toxapex\n|-damage|p2a: Toxapex|77\/100\n|\n|t:|1699830427\n|switch|p1a: Tori|Ditto|100\/100|[from] U-turn\n|-transform|p1a: Tori|p2a: Toxapex|[from] ability: Imposter\n|move|p2a: Toxapex|Infestation|p1a: Tori\n|-resisted|p1a: Tori\n|-damage|p1a: Tori|99\/100\n|-activate|p1a: Tori|move: Infestation|[of] p2a: Toxapex\n|\n|-damage|p1a: Tori|87\/100|[from] move: Infestation|[partiallytrapped]\n|upkeep\n|turn|93\n|\n|t:|1699830433\n|switch|p2a: Clefable|Clefable, M|100\/100 tox\n|move|p1a: Tori|Infestation|p2a: Clefable\n|-resisted|p2a: Clefable\n|-damage|p2a: Clefable|99\/100 tox\n|-activate|p2a: Clefable|move: Infestation|[of] p1a: Tori\n|\n|-heal|p2a: Clefable|100\/100 tox|[from] item: Leftovers\n|-end|p1a: Tori|Infestation|[partiallytrapped]|[silent]\n|upkeep\n|turn|94\n|\n|t:|1699830439\n|switch|p1a: Betrayal|Heatran, F, tera:Water|100\/100\n|move|p2a: Clefable|Stealth Rock|p1a: Betrayal\n|-sidestart|p1: Angel_Oceanpart|move: Stealth Rock\n|\n|-end|p2a: Clefable|Infestation|[partiallytrapped]|[silent]\n|upkeep\n|turn|95\n|\n|t:|1699830453\n|move|p1a: Betrayal|Earth Power|p2a: Clefable\n|-damage|p2a: Clefable|55\/100 tox\n|-unboost|p2a: Clefable|spd|1\n|move|p2a: Clefable|Wish|p2a: Clefable\n|\n|-heal|p2a: Clefable|61\/100 tox|[from] item: Leftovers\n|upkeep\n|turn|96\n|\n|t:|1699830459\n|move|p2a: Clefable|Protect|p2a: Clefable\n|-singleturn|p2a: Clefable|Protect\n|move|p1a: Betrayal|Earth Power|p2a: Clefable\n|-activate|p2a: Clefable|move: Protect\n|\n|-heal|p2a: Clefable|100\/100 tox|[from] move: Wish|[wisher] Clefable\n|upkeep\n|turn|97\n|\n|t:|1699830467\n|switch|p2a: Toxapex|Toxapex, F|100\/100\n|move|p1a: Betrayal|Earth Power|p2a: Toxapex\n|-supereffective|p2a: Toxapex\n|-damage|p2a: Toxapex|36\/100\n|\n|upkeep\n|turn|98\n|\n|t:|1699830475\n|switch|p2a: Blissey|Blissey, F|61\/100\n|move|p1a: Betrayal|Earth Power|p2a: Blissey\n|-damage|p2a: Blissey|47\/100\n|\n|upkeep\n|turn|99\n|\n|t:|1699830490\n|switch|p1a: Retry|Pawmot, M|100\/100\n|-damage|p1a: Retry|94\/100|[from] Stealth Rock\n|move|p2a: Blissey|Soft-Boiled|p2a: Blissey\n|-heal|p2a: Blissey|97\/100\n|\n|upkeep\n|turn|100\n|\n|t:|1699830505\n|move|p1a: Retry|Double Shock|p2a: Blissey\n|-damage|p2a: Blissey|0 fnt\n|-start|p1a: Retry|typechange|???\/Fighting|[from] move: Double Shock\n|faint|p2a: Blissey\n|\n|upkeep\n|\n|t:|1699830513\n|switch|p2a: Toxapex|Toxapex, F|69\/100\n|turn|101\n|\n|t:|1699830518\n|switch|p1a: Tori|Ditto|100\/100\n|-damage|p1a: Tori|88\/100|[from] Stealth Rock\n|-transform|p1a: Tori|p2a: Toxapex|[from] ability: Imposter\n|-terastallize|p2a: Toxapex|Steel\n|move|p2a: Toxapex|Toxic|p1a: Tori|[miss]\n|-miss|p2a: Toxapex|p1a: Tori\n|\n|upkeep\n|turn|102\n|-message|hilllnbvhnbvhb forfeited.\n|\n|win|Angel_Oceanpart\n|raw|Angel_Oceanpart's rating: 1060 &rarr; <strong>1089<\/strong><br \/>(+29 for winning)\n|raw|hilllnbvhnbvhb's rating: 1035 &rarr; <strong>1021<\/strong><br \/>(-14 for losing)\n|l|\u2606hilllnbvhnbvhb\n","uploadtime":1699830528,"views":17,"p1id":"angeloceanpart","p2id":"hilllnbvhnbvhb","formatid":"gen9ou","rating":1021,"private":0,"password":""}