{"id":"gen9ou-1991625730","p1":"burgercute","p2":"jellofish01","format":"[Gen 9] OU","log":"|j|\u2606burgercute\n|j|\u2606jellofish01\n|t:|1700095666\n|gametype|singles\n|player|p1|burgercute|iris|1322\n|player|p2|jellofish01|170|1349\n|teamsize|p1|6\n|teamsize|p2|6\n|gen|9\n|tier|[Gen 9] OU\n|rated|\n|rule|Sleep Clause Mod: Limit one foe put to sleep\n|rule|Species Clause: Limit one of each Pok\u00e9mon\n|rule|OHKO Clause: OHKO moves are banned\n|rule|Evasion Items Clause: Evasion items are banned\n|rule|Evasion Moves Clause: Evasion moves are banned\n|rule|Endless Battle Clause: Forcing endless battles is banned\n|rule|HP Percentage Mod: HP is shown in percentages\n|clearpoke\n|poke|p1|Indeedee, M|\n|poke|p1|Toedscruel, M|\n|poke|p1|Pelipper, M|\n|poke|p1|Floatzel, M|\n|poke|p1|Polteageist|\n|poke|p1|Forretress, F|\n|poke|p2|Meowscarada, F|\n|poke|p2|Kommo-o, M|\n|poke|p2|Fezandipiti, M|\n|poke|p2|Corviknight, F|\n|poke|p2|Ting-Lu|\n|poke|p2|Skeledirge, M|\n|teampreview\n|inactive|Battle timer is ON: inactive players will automatically lose when time's up. (requested by burgercute)\n|\n|t:|1700095674\n|start\n|switch|p1a: Forretress|Forretress, F, shiny|100\/100\n|switch|p2a: Meowscarada|Meowscarada, F|100\/100\n|turn|1\n|\n|t:|1700095679\n|move|p2a: Meowscarada|Knock Off|p1a: Forretress\n|-start|p2a: Meowscarada|typechange|Dark|[from] ability: Protean\n|-damage|p1a: Forretress|61\/100\n|-damage|p2a: Meowscarada|84\/100|[from] item: Rocky Helmet|[of] p1a: Forretress\n|-enditem|p1a: Forretress|Rocky Helmet|[from] move: Knock Off|[of] p2a: Meowscarada\n|move|p1a: Forretress|Body Press|p2a: Meowscarada\n|-supereffective|p2a: Meowscarada\n|-damage|p2a: Meowscarada|0 fnt\n|faint|p2a: Meowscarada\n|\n|upkeep\n|\n|t:|1700095683\n|switch|p2a: Skeledirge|Skeledirge, M|100\/100\n|turn|2\n|\n|t:|1700095686\n|switch|p1a: Pelipper|Pelipper, M|100\/100\n|-weather|RainDance|[from] ability: Drizzle|[of] p1a: Pelipper\n|move|p2a: Skeledirge|Will-O-Wisp|p1a: Pelipper\n|-status|p1a: Pelipper|brn\n|\n|-weather|RainDance|[upkeep]\n|-damage|p1a: Pelipper|94\/100 brn|[from] brn\n|upkeep\n|turn|3\n|\n|t:|1700095690\n|switch|p2a: Fezandipiti|Fezandipiti, M|100\/100\n|move|p1a: Pelipper|Surf|p2a: Fezandipiti\n|-damage|p2a: Fezandipiti|67\/100\n|\n|-weather|RainDance|[upkeep]\n|-heal|p2a: Fezandipiti|73\/100|[from] item: Leftovers\n|-damage|p1a: Pelipper|88\/100 brn|[from] brn\n|upkeep\n|turn|4\n|c|\u2606burgercute|!dt fezandipiti\n|raw|<div class=\"message\"><ul class=\"utilichart\"><li class=\"result\"><span class=\"col numcol\">RU<\/span> <span class=\"col iconcol\"><psicon pokemon=\"fezandipiti\"\/><\/span> <span class=\"col pokemonnamecol\" style=\"white-space:nowrap\"><a href=\"https:\/\/dex.pokemonshowdown.com\/pokemon\/fezandipiti\" target=\"_blank\">Fezandipiti<\/a><\/span> <span class=\"col typecol\"><img src=\"https:\/\/play.pokemonshowdown.com\/sprites\/types\/Poison.png\" alt=\"Poison\" height=\"14\" width=\"32\"><img src=\"https:\/\/play.pokemonshowdown.com\/sprites\/types\/Fairy.png\" alt=\"Fairy\" height=\"14\" width=\"32\"><\/span> <span style=\"float:left;min-height:26px\"><span class=\"col abilitycol\">Toxic Chain<\/span><span class=\"col abilitycol\"><em>Technician<\/em><\/span><\/span><span style=\"float:left;min-height:26px\"><span class=\"col statcol\"><em>HP<\/em><br \/>88<\/span> <span class=\"col statcol\"><em>Atk<\/em><br \/>91<\/span> <span class=\"col statcol\"><em>Def<\/em><br \/>82<\/span> <span class=\"col statcol\"><em>SpA<\/em><br \/>70<\/span> <span class=\"col statcol\"><em>SpD<\/em><br \/>125<\/span> <span class=\"col statcol\"><em>Spe<\/em><br \/>99<\/span> <span class=\"col bstcol\"><em>BST<br \/>555<\/em><\/span> <\/span><\/li><li style=\"clear:both\"><\/li><\/ul><\/div>\n|raw|<font size=\"1\"><font color=\"#686868\">Dex#:<\/font> 1016&nbsp;|&ThickSpace;<font color=\"#686868\">Gen:<\/font> 9&nbsp;|&ThickSpace;<font color=\"#686868\">Height:<\/font> 1.4 m&nbsp;|&ThickSpace;<font color=\"#686868\">Weight:<\/font> 30.1 kg <em>(60 BP)<\/em>&nbsp;|&ThickSpace;<font color=\"#686868\">Dex Colour:<\/font> Black&nbsp;|&ThickSpace;<font color=\"#686868\">Egg Group(s):<\/font> Undiscovered&nbsp;|&ThickSpace;<font color=\"#686868\">Does Not Evolve<\/font><\/font>\n\n|\n|t:|1700095715\n|move|p2a: Fezandipiti|U-turn|p1a: Pelipper\n|-resisted|p1a: Pelipper\n|-damage|p1a: Pelipper|81\/100 brn\n|\n|t:|1700095718\n|switch|p2a: Ting-Lu|Ting-Lu|100\/100|[from] U-turn\n|-ability|p2a: Ting-Lu|Vessel of Ruin\n|move|p1a: Pelipper|U-turn|p2a: Ting-Lu\n|-supereffective|p2a: Ting-Lu\n|-damage|p2a: Ting-Lu|95\/100\n|\n|t:|1700095720\n|switch|p1a: Free Wave Crash|Floatzel, M, shiny|100\/100|[from] U-turn\n|\n|-weather|RainDance|[upkeep]\n|-heal|p2a: Ting-Lu|100\/100|[from] item: Leftovers\n|upkeep\n|turn|5\n|\n|t:|1700095726\n|-terastallize|p2a: Ting-Lu|Water\n|move|p1a: Free Wave Crash|Wave Crash|p2a: Ting-Lu\n|-resisted|p2a: Ting-Lu\n|-damage|p2a: Ting-Lu|68\/100\n|-damage|p1a: Free Wave Crash|84\/100|[from] Recoil\n|move|p2a: Ting-Lu|Stealth Rock|p1a: Free Wave Crash\n|-sidestart|p1: burgercute|move: Stealth Rock\n|\n|-weather|RainDance|[upkeep]\n|-heal|p2a: Ting-Lu|75\/100|[from] item: Leftovers\n|upkeep\n|turn|6\n|\n|t:|1700095732\n|switch|p1a: Toedscruel|Toedscruel, M|100\/100\n|-damage|p1a: Toedscruel|94\/100|[from] Stealth Rock\n|move|p2a: Ting-Lu|Earthquake|p1a: Toedscruel\n|-resisted|p1a: Toedscruel\n|-damage|p1a: Toedscruel|67\/100\n|\n|-weather|RainDance|[upkeep]\n|-heal|p1a: Toedscruel|73\/100|[from] item: Leftovers\n|-heal|p2a: Ting-Lu|81\/100|[from] item: Leftovers\n|upkeep\n|turn|7\n|\n|t:|1700095740\n|switch|p2a: Kommo-o|Kommo-o, M|100\/100\n|move|p1a: Toedscruel|Spore|p2a: Kommo-o\n|-status|p2a: Kommo-o|slp|[from] move: Spore\n|\n|-weather|RainDance|[upkeep]\n|-heal|p1a: Toedscruel|79\/100|[from] item: Leftovers\n|upkeep\n|turn|8\n|\n|t:|1700095743\n|switch|p2a: Fezandipiti|Fezandipiti, M|73\/100\n|move|p1a: Toedscruel|Rapid Spin|p2a: Fezandipiti\n|-damage|p2a: Fezandipiti|64\/100\n|-boost|p1a: Toedscruel|spe|1\n|-sideend|p1: burgercute|Stealth Rock|[from] move: Rapid Spin|[of] p1a: Toedscruel\n|\n|-weather|RainDance|[upkeep]\n|-heal|p1a: Toedscruel|85\/100|[from] item: Leftovers\n|-heal|p2a: Fezandipiti|70\/100|[from] item: Leftovers\n|upkeep\n|turn|9\n|\n|t:|1700095747\n|move|p2a: Fezandipiti|U-turn|p1a: Toedscruel\n|-supereffective|p1a: Toedscruel\n|-damage|p1a: Toedscruel|48\/100\n|-status|p1a: Toedscruel|tox|[from] ability: Toxic Chain|[of] p2a: Fezandipiti\n|\n|t:|1700095752\n|switch|p2a: Corviknight|Corviknight, F|100\/100|[from] U-turn\n|-ability|p2a: Corviknight|Pressure\n|move|p1a: Toedscruel|Leech Seed|p2a: Corviknight\n|-start|p2a: Corviknight|move: Leech Seed\n|\n|-weather|none\n|-heal|p1a: Toedscruel|54\/100 tox|[from] item: Leftovers\n|-damage|p2a: Corviknight|88\/100|[from] Leech Seed|[of] p1a: Toedscruel\n|-heal|p1a: Toedscruel|68\/100 tox|[silent]\n|-damage|p1a: Toedscruel|62\/100 tox|[from] psn\n|upkeep\n|turn|10\n|\n|t:|1700095760\n|switch|p1a: Forretress|Forretress, F, shiny|61\/100\n|move|p2a: Corviknight|U-turn|p1a: Forretress\n|-resisted|p1a: Forretress\n|-damage|p1a: Forretress|58\/100\n|\n|t:|1700095771\n|switch|p2a: Skeledirge|Skeledirge, M|100\/100|[from] U-turn\n|\n|upkeep\n|turn|11\n|\n|t:|1700095775\n|switch|p1a: Pelipper|Pelipper, M|81\/100 brn\n|-weather|RainDance|[from] ability: Drizzle|[of] p1a: Pelipper\n|move|p2a: Skeledirge|Torch Song|p1a: Pelipper\n|-resisted|p1a: Pelipper\n|-damage|p1a: Pelipper|69\/100 brn\n|-boost|p2a: Skeledirge|spa|1\n|\n|-weather|RainDance|[upkeep]\n|-damage|p1a: Pelipper|63\/100 brn|[from] brn\n|upkeep\n|turn|12\n|\n|t:|1700095781\n|switch|p2a: Fezandipiti|Fezandipiti, M|70\/100\n|move|p1a: Pelipper|Surf|p2a: Fezandipiti\n|-damage|p2a: Fezandipiti|36\/100\n|\n|-weather|RainDance|[upkeep]\n|-heal|p2a: Fezandipiti|42\/100|[from] item: Leftovers\n|-damage|p1a: Pelipper|57\/100 brn|[from] brn\n|upkeep\n|turn|13\n|\n|t:|1700095784\n|move|p2a: Fezandipiti|Roost|p2a: Fezandipiti\n|-heal|p2a: Fezandipiti|92\/100\n|-singleturn|p2a: Fezandipiti|move: Roost\n|move|p1a: Pelipper|U-turn|p2a: Fezandipiti\n|-resisted|p2a: Fezandipiti\n|-damage|p2a: Fezandipiti|91\/100\n|\n|t:|1700095786\n|switch|p1a: Free Wave Crash|Floatzel, M, shiny|84\/100|[from] U-turn\n|\n|-weather|RainDance|[upkeep]\n|-heal|p2a: Fezandipiti|97\/100|[from] item: Leftovers\n|upkeep\n|turn|14\n|\n|t:|1700095793\n|switch|p2a: Ting-Lu|Ting-Lu, tera:Water|81\/100\n|-ability|p2a: Ting-Lu|Vessel of Ruin\n|-terastallize|p1a: Free Wave Crash|Grass\n|move|p1a: Free Wave Crash|Tera Blast|p2a: Ting-Lu|[anim] Tera Blast Grass\n|-supereffective|p2a: Ting-Lu\n|-damage|p2a: Ting-Lu|15\/100\n|\n|-weather|RainDance|[upkeep]\n|-heal|p2a: Ting-Lu|21\/100|[from] item: Leftovers\n|upkeep\n|turn|15\n|\n|t:|1700095797\n|switch|p2a: Corviknight|Corviknight, F|88\/100\n|-ability|p2a: Corviknight|Pressure\n|move|p1a: Free Wave Crash|Tera Blast|p2a: Corviknight|[anim] Tera Blast Grass\n|-resisted|p2a: Corviknight\n|-crit|p2a: Corviknight\n|-damage|p2a: Corviknight|76\/100\n|\n|-weather|RainDance|[upkeep]\n|upkeep\n|turn|16\n|\n|t:|1700095801\n|switch|p1a: Forretress|Forretress, F, shiny|58\/100\n|move|p2a: Corviknight|U-turn|p1a: Forretress\n|-resisted|p1a: Forretress\n|-damage|p1a: Forretress|53\/100\n|\n|t:|1700095804\n|switch|p2a: Skeledirge|Skeledirge, M|100\/100|[from] U-turn\n|\n|-weather|RainDance|[upkeep]\n|upkeep\n|turn|17\n|\n|t:|1700095811\n|move|p2a: Skeledirge|Will-O-Wisp|p1a: Forretress\n|-status|p1a: Forretress|brn\n|move|p1a: Forretress|Volt Switch|p2a: Skeledirge\n|-damage|p2a: Skeledirge|93\/100\n|\n|t:|1700095814\n|switch|p1a: Free Wave Crash|Floatzel, M, shiny, tera:Grass|84\/100|[from] Volt Switch\n|\n|-weather|RainDance|[upkeep]\n|upkeep\n|turn|18\n|\n|t:|1700095819\n|switch|p2a: Ting-Lu|Ting-Lu, tera:Water|21\/100\n|-ability|p2a: Ting-Lu|Vessel of Ruin\n|move|p1a: Free Wave Crash|Wave Crash|p2a: Ting-Lu\n|-resisted|p2a: Ting-Lu\n|-damage|p2a: Ting-Lu|0 fnt\n|faint|p2a: Ting-Lu\n|-damage|p1a: Free Wave Crash|74\/100|[from] Recoil\n|\n|-weather|none\n|upkeep\n|\n|t:|1700095821\n|switch|p2a: Corviknight|Corviknight, F|76\/100\n|-ability|p2a: Corviknight|Pressure\n|turn|19\n|\n|t:|1700095826\n|switch|p1a: Pelipper|Pelipper, M|57\/100 brn\n|-weather|RainDance|[from] ability: Drizzle|[of] p1a: Pelipper\n|move|p2a: Corviknight|Brave Bird|p1a: Pelipper\n|-damage|p1a: Pelipper|17\/100 brn\n|-damage|p2a: Corviknight|68\/100|[from] Recoil\n|\n|-weather|RainDance|[upkeep]\n|-damage|p1a: Pelipper|11\/100 brn|[from] brn\n|upkeep\n|turn|20\n|\n|t:|1700095832\n|move|p2a: Corviknight|Roost|p2a: Corviknight\n|-heal|p2a: Corviknight|100\/100\n|-singleturn|p2a: Corviknight|move: Roost\n|move|p1a: Pelipper|Surf|p2a: Corviknight\n|-damage|p2a: Corviknight|36\/100\n|\n|-weather|RainDance|[upkeep]\n|-damage|p1a: Pelipper|5\/100 brn|[from] brn\n|upkeep\n|turn|21\n|\n|t:|1700095837\n|switch|p2a: Fezandipiti|Fezandipiti, M|97\/100\n|move|p1a: Pelipper|Surf|p2a: Fezandipiti\n|-damage|p2a: Fezandipiti|62\/100\n|\n|-weather|RainDance|[upkeep]\n|-heal|p2a: Fezandipiti|68\/100|[from] item: Leftovers\n|-damage|p1a: Pelipper|0 fnt|[from] brn\n|faint|p1a: Pelipper\n|upkeep\n|\n|t:|1700095841\n|switch|p1a: Free Wave Crash|Floatzel, M, shiny, tera:Grass|74\/100\n|turn|22\n|\n|t:|1700095846\n|switch|p2a: Corviknight|Corviknight, F|36\/100\n|-ability|p2a: Corviknight|Pressure\n|move|p1a: Free Wave Crash|Liquidation|p2a: Corviknight\n|-damage|p2a: Corviknight|0 fnt\n|-damage|p1a: Free Wave Crash|57\/100|[from] item: Rocky Helmet|[of] p2a: Corviknight\n|faint|p2a: Corviknight\n|\n|-weather|RainDance|[upkeep]\n|upkeep\n|\n|t:|1700095849\n|switch|p2a: Skeledirge|Skeledirge, M|93\/100\n|turn|23\n|-message|jellofish01 forfeited.\n|\n|win|burgercute\n|raw|burgercute's rating: 1322 &rarr; <strong>1344<\/strong><br \/>(+22 for winning)\n|raw|jellofish01's rating: 1349 &rarr; <strong>1327<\/strong><br \/>(-22 for losing)\n|l|\u2606jellofish01\n|c|\u2606burgercute|hahah\n","uploadtime":1700095858,"views":7,"p1id":"burgercute","p2id":"jellofish01","formatid":"gen9ou","rating":1327,"private":0,"password":""}