{"id":"gen9ou-1993154692","p1":"Gutoso","p2":"Squinny","format":"[Gen 9] OU","log":"|j|\u2606Gutoso\n|j|\u2606Squinny\n|t:|1700271390\n|gametype|singles\n|player|p1|Gutoso|blue-gen3two|1405\n|player|p2|Squinny|lass|1463\n|teamsize|p1|6\n|teamsize|p2|6\n|gen|9\n|tier|[Gen 9] OU\n|rated|\n|rule|Sleep Clause Mod: Limit one foe put to sleep\n|rule|Species Clause: Limit one of each Pok\u00e9mon\n|rule|OHKO Clause: OHKO moves are banned\n|rule|Evasion Items Clause: Evasion items are banned\n|rule|Evasion Moves Clause: Evasion moves are banned\n|rule|Endless Battle Clause: Forcing endless battles is banned\n|rule|HP Percentage Mod: HP is shown in percentages\n|clearpoke\n|poke|p1|Jirachi|\n|poke|p1|Thundurus-Therian, M|\n|poke|p1|Weavile, M|\n|poke|p1|Salazzle, F|\n|poke|p1|Dragonite, F|\n|poke|p1|Hatterene, F|\n|poke|p2|Rillaboom, M|\n|poke|p2|Sneasler, F|\n|poke|p2|Iron Valiant|\n|poke|p2|Tyranitar, F|\n|poke|p2|Grimmsnarl, M|\n|poke|p2|Glimmora, M|\n|teampreview\n|\n|t:|1700271404\n|start\n|switch|p1a: Hatterene|Hatterene, F|100\/100\n|switch|p2a: (\u2606\u25bd\u2606)|Grimmsnarl, M|100\/100\n|turn|1\n|\n|t:|1700271409\n|move|p2a: (\u2606\u25bd\u2606)|Parting Shot|p1a: Hatterene\n|move|p1a: Hatterene|Parting Shot|p2a: (\u2606\u25bd\u2606)|[from]ability: Magic Bounce\n|-unboost|p2a: (\u2606\u25bd\u2606)|atk|1\n|-unboost|p2a: (\u2606\u25bd\u2606)|spa|1\n|\n|t:|1700271425\n|switch|p1a: Weavile|Weavile, M|100\/100|[from] Parting Shot\n|\n|upkeep\n|turn|2\n|\n|t:|1700271432\n|move|p1a: Weavile|Ice Spinner|p2a: (\u2606\u25bd\u2606)\n|-damage|p2a: (\u2606\u25bd\u2606)|48\/100\n|move|p2a: (\u2606\u25bd\u2606)|Spirit Break|p1a: Weavile\n|-supereffective|p1a: Weavile\n|-damage|p1a: Weavile|0 fnt\n|faint|p1a: Weavile\n|-damage|p2a: (\u2606\u25bd\u2606)|38\/100|[from] item: Life Orb\n|\n|upkeep\n|\n|t:|1700271442\n|switch|p1a: Hatterene|Hatterene, F|100\/100\n|turn|3\n|\n|t:|1700271447\n|move|p2a: (\u2606\u25bd\u2606)|Parting Shot|p1a: Hatterene\n|move|p1a: Hatterene|Parting Shot|p2a: (\u2606\u25bd\u2606)|[from]ability: Magic Bounce\n|-unboost|p2a: (\u2606\u25bd\u2606)|atk|1\n|-unboost|p2a: (\u2606\u25bd\u2606)|spa|1\n|\n|t:|1700271460\n|switch|p1a: Salazzle|Salazzle, F|100\/100|[from] Parting Shot\n|\n|upkeep\n|turn|4\n|\n|t:|1700271465\n|move|p2a: (\u2606\u25bd\u2606)|Parting Shot|p1a: Salazzle\n|-unboost|p1a: Salazzle|atk|1\n|-unboost|p1a: Salazzle|spa|1\n|\n|t:|1700271468\n|switch|p2a: \u03c6(*\uffe30\uffe3)|Glimmora, M|100\/100|[from] Parting Shot\n|move|p1a: Salazzle|Flamethrower|p2a: \u03c6(*\uffe30\uffe3)\n|-resisted|p2a: \u03c6(*\uffe30\uffe3)\n|-damage|p2a: \u03c6(*\uffe30\uffe3)|85\/100\n|-status|p2a: \u03c6(*\uffe30\uffe3)|brn\n|\n|-damage|p2a: \u03c6(*\uffe30\uffe3)|79\/100 brn|[from] brn\n|upkeep\n|turn|5\n|\n|t:|1700271476\n|switch|p1a: Jirachi|Jirachi|100\/100\n|move|p2a: \u03c6(*\uffe30\uffe3)|Earth Power|p1a: Jirachi\n|-supereffective|p1a: Jirachi\n|-damage|p1a: Jirachi|37\/100\n|-unboost|p1a: Jirachi|spd|1\n|\n|-damage|p2a: \u03c6(*\uffe30\uffe3)|72\/100 brn|[from] brn\n|upkeep\n|turn|6\n|\n|t:|1700271481\n|move|p1a: Jirachi|Iron Head|p2a: \u03c6(*\uffe30\uffe3)\n|-supereffective|p2a: \u03c6(*\uffe30\uffe3)\n|-damage|p2a: \u03c6(*\uffe30\uffe3)|0 fnt\n|-activate|p2a: \u03c6(*\uffe30\uffe3)|ability: Toxic Debris\n|-sidestart|p1: Gutoso|move: Toxic Spikes\n|faint|p2a: \u03c6(*\uffe30\uffe3)\n|\n|upkeep\n|\n|t:|1700271498\n|switch|p2a: (\u256c\u2594\u76bf\u2594)\u256f|Tyranitar, F|100\/100\n|-weather|Sandstorm|[from] ability: Sand Stream|[of] p2a: (\u256c\u2594\u76bf\u2594)\u256f\n|turn|7\n|\n|t:|1700271501\n|move|p1a: Jirachi|Iron Head|p2a: (\u256c\u2594\u76bf\u2594)\u256f\n|-supereffective|p2a: (\u256c\u2594\u76bf\u2594)\u256f\n|-damage|p2a: (\u256c\u2594\u76bf\u2594)\u256f|37\/100\n|cant|p2a: (\u256c\u2594\u76bf\u2594)\u256f|flinch\n|\n|-weather|Sandstorm|[upkeep]\n|-heal|p2a: (\u256c\u2594\u76bf\u2594)\u256f|43\/100|[from] item: Leftovers\n|upkeep\n|turn|8\n|\n|t:|1700271513\n|switch|p2a: (\u273f\u25e1\u203f\u25e1)|Rillaboom, M, shiny|100\/100\n|-fieldstart|move: Grassy Terrain|[from] ability: Grassy Surge|[of] p2a: (\u273f\u25e1\u203f\u25e1)\n|move|p1a: Jirachi|Iron Head|p2a: (\u273f\u25e1\u203f\u25e1)\n|-damage|p2a: (\u273f\u25e1\u203f\u25e1)|59\/100\n|\n|-weather|Sandstorm|[upkeep]\n|-damage|p2a: (\u273f\u25e1\u203f\u25e1)|53\/100|[from] Sandstorm\n|-heal|p1a: Jirachi|43\/100|[from] Grassy Terrain\n|-heal|p2a: (\u273f\u25e1\u203f\u25e1)|59\/100|[from] Grassy Terrain\n|upkeep\n|turn|9\n|\n|t:|1700271519\n|switch|p1a: Salazzle|Salazzle, F|100\/100\n|-sideend|p1: Gutoso|move: Toxic Spikes|[of] p1a: Salazzle\n|move|p2a: (\u273f\u25e1\u203f\u25e1)|Grassy Glide|p1a: Salazzle\n|-resisted|p1a: Salazzle\n|-damage|p1a: Salazzle|80\/100\n|\n|-weather|Sandstorm|[upkeep]\n|-damage|p1a: Salazzle|74\/100|[from] Sandstorm\n|-damage|p2a: (\u273f\u25e1\u203f\u25e1)|53\/100|[from] Sandstorm\n|-heal|p1a: Salazzle|80\/100|[from] Grassy Terrain\n|-heal|p1a: Salazzle|86\/100|[from] item: Black Sludge\n|-heal|p2a: (\u273f\u25e1\u203f\u25e1)|59\/100|[from] Grassy Terrain\n|upkeep\n|turn|10\n|\n|t:|1700271538\n|switch|p2a: ( \u2022\u0300 \u03c9 \u2022\u0301 )\u2727|Sneasler, F, shiny|100\/100\n|-enditem|p2a: ( \u2022\u0300 \u03c9 \u2022\u0301 )\u2727|Grassy Seed\n|-boost|p2a: ( \u2022\u0300 \u03c9 \u2022\u0301 )\u2727|def|1|[from] item: Grassy Seed\n|move|p1a: Salazzle|Flamethrower|p2a: ( \u2022\u0300 \u03c9 \u2022\u0301 )\u2727\n|-damage|p2a: ( \u2022\u0300 \u03c9 \u2022\u0301 )\u2727|50\/100\n|\n|-weather|Sandstorm|[upkeep]\n|-damage|p2a: ( \u2022\u0300 \u03c9 \u2022\u0301 )\u2727|44\/100|[from] Sandstorm\n|-damage|p1a: Salazzle|80\/100|[from] Sandstorm\n|-heal|p2a: ( \u2022\u0300 \u03c9 \u2022\u0301 )\u2727|50\/100|[from] Grassy Terrain\n|-heal|p1a: Salazzle|86\/100|[from] Grassy Terrain\n|-heal|p1a: Salazzle|92\/100|[from] item: Black Sludge\n|upkeep\n|turn|11\n|\n|t:|1700271551\n|move|p2a: ( \u2022\u0300 \u03c9 \u2022\u0301 )\u2727|Swords Dance|p2a: ( \u2022\u0300 \u03c9 \u2022\u0301 )\u2727\n|-boost|p2a: ( \u2022\u0300 \u03c9 \u2022\u0301 )\u2727|atk|2\n|move|p1a: Salazzle|Flamethrower|p2a: ( \u2022\u0300 \u03c9 \u2022\u0301 )\u2727\n|-damage|p2a: ( \u2022\u0300 \u03c9 \u2022\u0301 )\u2727|7\/100\n|\n|-weather|none\n|-heal|p2a: ( \u2022\u0300 \u03c9 \u2022\u0301 )\u2727|13\/100|[from] Grassy Terrain\n|-heal|p1a: Salazzle|98\/100|[from] Grassy Terrain\n|-heal|p1a: Salazzle|100\/100|[from] item: Black Sludge\n|upkeep\n|turn|12\n|\n|t:|1700271565\n|move|p2a: ( \u2022\u0300 \u03c9 \u2022\u0301 )\u2727|Acrobatics|p1a: Salazzle\n|-damage|p1a: Salazzle|0 fnt\n|faint|p1a: Salazzle\n|\n|-heal|p2a: ( \u2022\u0300 \u03c9 \u2022\u0301 )\u2727|19\/100|[from] Grassy Terrain\n|-fieldend|move: Grassy Terrain\n|upkeep\n|\n|t:|1700271566\n|switch|p1a: Dragonite|Dragonite, F|100\/100\n|turn|13\n|\n|t:|1700271577\n|move|p1a: Dragonite|Extreme Speed|p2a: ( \u2022\u0300 \u03c9 \u2022\u0301 )\u2727\n|-damage|p2a: ( \u2022\u0300 \u03c9 \u2022\u0301 )\u2727|0 fnt\n|faint|p2a: ( \u2022\u0300 \u03c9 \u2022\u0301 )\u2727\n|\n|upkeep\n|\n|t:|1700271586\n|switch|p2a: (\u256c\u2594\u76bf\u2594)\u256f|Tyranitar, F|43\/100\n|-weather|Sandstorm|[from] ability: Sand Stream|[of] p2a: (\u256c\u2594\u76bf\u2594)\u256f\n|turn|14\n|\n|t:|1700271599\n|switch|p1a: Thundurus|Thundurus-Therian, M|100\/100\n|move|p2a: (\u256c\u2594\u76bf\u2594)\u256f|Knock Off|p1a: Thundurus\n|-damage|p1a: Thundurus|15\/100\n|-enditem|p1a: Thundurus|Assault Vest|[from] move: Knock Off|[of] p2a: (\u256c\u2594\u76bf\u2594)\u256f\n|\n|-weather|Sandstorm|[upkeep]\n|-damage|p1a: Thundurus|9\/100|[from] Sandstorm\n|-heal|p2a: (\u256c\u2594\u76bf\u2594)\u256f|49\/100|[from] item: Leftovers\n|upkeep\n|turn|15\n|\n|t:|1700271605\n|move|p1a: Thundurus|Grass Knot|p2a: (\u256c\u2594\u76bf\u2594)\u256f\n|-supereffective|p2a: (\u256c\u2594\u76bf\u2594)\u256f\n|-damage|p2a: (\u256c\u2594\u76bf\u2594)\u256f|0 fnt\n|faint|p2a: (\u256c\u2594\u76bf\u2594)\u256f\n|\n|-weather|Sandstorm|[upkeep]\n|-damage|p1a: Thundurus|3\/100|[from] Sandstorm\n|upkeep\n|\n|t:|1700271630\n|switch|p2a: (\u25cf\u02c7\u2200\u02c7\u25cf)|Iron Valiant|100\/100\n|-enditem|p2a: (\u25cf\u02c7\u2200\u02c7\u25cf)|Booster Energy\n|-activate|p2a: (\u25cf\u02c7\u2200\u02c7\u25cf)|ability: Quark Drive|[fromitem]\n|-start|p2a: (\u25cf\u02c7\u2200\u02c7\u25cf)|quarkdrivespe\n|turn|16\n|\n|t:|1700271635\n|move|p2a: (\u25cf\u02c7\u2200\u02c7\u25cf)|Moonblast|p1a: Thundurus\n|-damage|p1a: Thundurus|0 fnt\n|faint|p1a: Thundurus\n|\n|-weather|Sandstorm|[upkeep]\n|-damage|p2a: (\u25cf\u02c7\u2200\u02c7\u25cf)|94\/100|[from] Sandstorm\n|upkeep\n|\n|t:|1700271638\n|switch|p1a: Hatterene|Hatterene, F|100\/100\n|turn|17\n|\n|t:|1700271656\n|-terastallize|p2a: (\u25cf\u02c7\u2200\u02c7\u25cf)|Fairy\n|move|p2a: (\u25cf\u02c7\u2200\u02c7\u25cf)|Moonblast|p1a: Hatterene\n|-damage|p1a: Hatterene|49\/100\n|move|p1a: Hatterene|Dazzling Gleam|p2a: (\u25cf\u02c7\u2200\u02c7\u25cf)\n|-damage|p2a: (\u25cf\u02c7\u2200\u02c7\u25cf)|0 fnt\n|faint|p2a: (\u25cf\u02c7\u2200\u02c7\u25cf)\n|-end|p2a: (\u25cf\u02c7\u2200\u02c7\u25cf)|Quark Drive|[silent]\n|\n|-weather|Sandstorm|[upkeep]\n|-damage|p1a: Hatterene|43\/100|[from] Sandstorm\n|upkeep\n|\n|t:|1700271662\n|switch|p2a: (\u273f\u25e1\u203f\u25e1)|Rillaboom, M, shiny|59\/100\n|-fieldstart|move: Grassy Terrain|[from] ability: Grassy Surge|[of] p2a: (\u273f\u25e1\u203f\u25e1)\n|turn|18\n|\n|t:|1700271665\n|move|p2a: (\u273f\u25e1\u203f\u25e1)|U-turn|p1a: Hatterene\n|-damage|p1a: Hatterene|5\/100\n|\n|t:|1700271669\n|switch|p2a: (\u2606\u25bd\u2606)|Grimmsnarl, M|38\/100|[from] U-turn\n|move|p1a: Hatterene|Mystical Fire|p2a: (\u2606\u25bd\u2606)\n|-damage|p2a: (\u2606\u25bd\u2606)|6\/100\n|-unboost|p2a: (\u2606\u25bd\u2606)|spa|1\n|\n|-weather|none\n|-heal|p2a: (\u2606\u25bd\u2606)|12\/100|[from] Grassy Terrain\n|-heal|p1a: Hatterene|11\/100|[from] Grassy Terrain\n|upkeep\n|turn|19\n|\n|t:|1700271671\n|move|p2a: (\u2606\u25bd\u2606)|Sucker Punch|p1a: Hatterene\n|-damage|p1a: Hatterene|0 fnt\n|faint|p1a: Hatterene\n|-damage|p2a: (\u2606\u25bd\u2606)|2\/100|[from] item: Life Orb\n|\n|-heal|p2a: (\u2606\u25bd\u2606)|8\/100|[from] Grassy Terrain\n|upkeep\n|\n|t:|1700271692\n|switch|p1a: Jirachi|Jirachi|43\/100\n|turn|20\n|\n|t:|1700271697\n|move|p2a: (\u2606\u25bd\u2606)|Sucker Punch||[still]\n|-fail|p2a: (\u2606\u25bd\u2606)\n|move|p1a: Jirachi|Trick|p2a: (\u2606\u25bd\u2606)\n|-activate|p1a: Jirachi|move: Trick|[of] p2a: (\u2606\u25bd\u2606)\n|-item|p2a: (\u2606\u25bd\u2606)|Choice Scarf|[from] move: Trick\n|-item|p1a: Jirachi|Life Orb|[from] move: Trick\n|\n|-heal|p1a: Jirachi|49\/100|[from] Grassy Terrain\n|-heal|p2a: (\u2606\u25bd\u2606)|14\/100|[from] Grassy Terrain\n|upkeep\n|turn|21\n|\n|t:|1700271707\n|move|p2a: (\u2606\u25bd\u2606)|Sucker Punch||[still]\n|-fail|p2a: (\u2606\u25bd\u2606)\n|move|p1a: Jirachi|Thunder Wave|p2a: (\u2606\u25bd\u2606)\n|-status|p2a: (\u2606\u25bd\u2606)|par\n|\n|-heal|p1a: Jirachi|56\/100|[from] Grassy Terrain\n|-heal|p2a: (\u2606\u25bd\u2606)|20\/100 par|[from] Grassy Terrain\n|upkeep\n|turn|22\n|\n|t:|1700271717\n|switch|p1a: Dragonite|Dragonite, F|100\/100\n|switch|p2a: (\u273f\u25e1\u203f\u25e1)|Rillaboom, M, shiny|59\/100\n|\n|-heal|p2a: (\u273f\u25e1\u203f\u25e1)|65\/100|[from] Grassy Terrain\n|-fieldend|move: Grassy Terrain\n|upkeep\n|turn|23\n|\n|t:|1700271722\n|move|p2a: (\u273f\u25e1\u203f\u25e1)|U-turn|p1a: Dragonite\n|-resisted|p1a: Dragonite\n|-damage|p1a: Dragonite|91\/100\n|\n|t:|1700271725\n|switch|p2a: (\u2606\u25bd\u2606)|Grimmsnarl, M|20\/100 par|[from] U-turn\n|move|p1a: Dragonite|Dragon Dance|p1a: Dragonite\n|-boost|p1a: Dragonite|atk|1\n|-boost|p1a: Dragonite|spe|1\n|\n|upkeep\n|turn|24\n|\n|t:|1700271728\n|move|p1a: Dragonite|Extreme Speed|p2a: (\u2606\u25bd\u2606)\n|-crit|p2a: (\u2606\u25bd\u2606)\n|-damage|p2a: (\u2606\u25bd\u2606)|0 fnt\n|faint|p2a: (\u2606\u25bd\u2606)\n|\n|upkeep\n|-message|Squinny forfeited.\n|\n|win|Gutoso\n|raw|Gutoso's rating: 1405 &rarr; <strong>1428<\/strong><br \/>(+23 for winning)\n|raw|Squinny's rating: 1463 &rarr; <strong>1440<\/strong><br \/>(-23 for losing)\n|l|\u2606Squinny\n","uploadtime":1700271736,"views":19,"p1id":"gutoso","p2id":"squinny","formatid":"gen9ou","rating":1428,"private":0,"password":""}