{"id":"gen9ou-1996151504","p1":"Pekashew64","p2":"RSDPM","format":"[Gen 9] OU","log":"|j|\u2606Pekashew64\n|j|\u2606RSDPM\n|t:|1700651839\n|gametype|singles\n|player|p1|Pekashew64|tuber|1368\n|player|p2|RSDPM|riley|1437\n|teamsize|p1|6\n|teamsize|p2|6\n|gen|9\n|tier|[Gen 9] OU\n|rated|\n|rule|Sleep Clause Mod: Limit one foe put to sleep\n|rule|Species Clause: Limit one of each Pok\u00e9mon\n|rule|OHKO Clause: OHKO moves are banned\n|rule|Evasion Items Clause: Evasion items are banned\n|rule|Evasion Moves Clause: Evasion moves are banned\n|rule|Endless Battle Clause: Forcing endless battles is banned\n|rule|HP Percentage Mod: HP is shown in percentages\n|clearpoke\n|poke|p1|Conkeldurr, F|\n|poke|p1|Gholdengo|\n|poke|p1|Cinderace, M|\n|poke|p1|Zapdos|\n|poke|p1|Kingambit, M|\n|poke|p1|Slowking, M|\n|poke|p2|Arcanine-Hisui, M|\n|poke|p2|Electrode-Hisui|\n|poke|p2|Lilligant-Hisui, F|\n|poke|p2|Zoroark-Hisui, F|\n|poke|p2|Braviary-Hisui, M|\n|poke|p2|Avalugg-Hisui, M|\n|teampreview\n|inactive|Battle timer is ON: inactive players will automatically lose when time's up. (requested by Pekashew64)\n|\n|t:|1700651870\n|start\n|switch|p1a: Zapdos|Zapdos|100\/100\n|switch|p2a: Avalugg|Avalugg-Hisui, M|100\/100\n|turn|1\n|\n|t:|1700651878\n|move|p2a: Avalugg|Trick|p1a: Zapdos\n|-activate|p2a: Avalugg|move: Trick|[of] p1a: Zapdos\n|-item|p1a: Zapdos|Choice Scarf|[from] move: Trick\n|-item|p2a: Avalugg|Heavy-Duty Boots|[from] move: Trick\n|move|p1a: Zapdos|Volt Switch|p2a: Avalugg\n|-damage|p2a: Avalugg|33\/100\n|replace|p2a: Zoroark|Zoroark-Hisui, F\n|-end|p2a: Zoroark|Illusion\n|\n|t:|1700651892\n|switch|p1a: Gholdengo|Gholdengo|100\/100|[from] Volt Switch\n|\n|upkeep\n|turn|2\n|\n|t:|1700651897\n|move|p1a: Gholdengo|Make It Rain|p2a: Zoroark\n|-damage|p2a: Zoroark|0 fnt\n|-unboost|p1a: Gholdengo|spa|1\n|faint|p2a: Zoroark\n|\n|upkeep\n|\n|t:|1700651916\n|switch|p2a: Electrode|Electrode-Hisui|100\/100\n|turn|3\n|\n|t:|1700651925\n|switch|p1a: Zapdos|Zapdos|100\/100\n|move|p2a: Electrode|Thunderbolt|p1a: Zapdos\n|-damage|p1a: Zapdos|37\/100\n|\n|upkeep\n|turn|4\n|\n|t:|1700651934\n|move|p1a: Zapdos|Hurricane|p2a: Electrode\n|-damage|p2a: Electrode|11\/100\n|move|p2a: Electrode|Thunderbolt|p1a: Zapdos\n|-damage|p1a: Zapdos|0 fnt\n|faint|p1a: Zapdos\n|\n|upkeep\n|\n|t:|1700651940\n|switch|p1a: Conkeldurr|Conkeldurr, F|100\/100\n|turn|5\n|\n|t:|1700651951\n|move|p1a: Conkeldurr|Mach Punch|p2a: Electrode\n|-damage|p2a: Electrode|0 fnt\n|faint|p2a: Electrode\n|\n|-status|p1a: Conkeldurr|brn|[from] item: Flame Orb\n|upkeep\n|\n|t:|1700651964\n|switch|p2a: Avalugg|Avalugg-Hisui, M|100\/100\n|turn|6\n|\n|t:|1700651973\n|move|p1a: Conkeldurr|Mach Punch|p2a: Avalugg\n|-supereffective|p2a: Avalugg\n|-damage|p2a: Avalugg|32\/100\n|-damage|p1a: Conkeldurr|84\/100 brn|[from] item: Rocky Helmet|[of] p2a: Avalugg\n|move|p2a: Avalugg|Stealth Rock|p1a: Conkeldurr\n|-sidestart|p1: Pekashew64|move: Stealth Rock\n|\n|-damage|p1a: Conkeldurr|78\/100 brn|[from] brn\n|upkeep\n|turn|7\n|\n|t:|1700651985\n|move|p1a: Conkeldurr|Mach Punch|p2a: Avalugg\n|-supereffective|p2a: Avalugg\n|-damage|p2a: Avalugg|0 fnt\n|-damage|p1a: Conkeldurr|61\/100 brn|[from] item: Rocky Helmet|[of] p2a: Avalugg\n|faint|p2a: Avalugg\n|\n|-damage|p1a: Conkeldurr|55\/100 brn|[from] brn\n|upkeep\n|\n|t:|1700651988\n|switch|p2a: Braviary|Braviary-Hisui, M|100\/100\n|turn|8\n|\n|t:|1700651995\n|-terastallize|p1a: Conkeldurr|Steel\n|move|p2a: Braviary|Esper Wing|p1a: Conkeldurr\n|-resisted|p1a: Conkeldurr\n|-damage|p1a: Conkeldurr|19\/100 brn\n|-boost|p2a: Braviary|spe|1\n|move|p1a: Conkeldurr|Knock Off|p2a: Braviary\n|-supereffective|p2a: Braviary\n|-damage|p2a: Braviary|0 fnt\n|-enditem|p2a: Braviary|Heavy-Duty Boots|[from] move: Knock Off|[of] p1a: Conkeldurr\n|faint|p2a: Braviary\n|\n|-damage|p1a: Conkeldurr|13\/100 brn|[from] brn\n|upkeep\n|\n|t:|1700652006\n|switch|p2a: Arcanine|Arcanine-Hisui, M|100\/100\n|turn|9\n|\n|t:|1700652011\n|move|p2a: Arcanine|Extreme Speed|p1a: Conkeldurr\n|-resisted|p1a: Conkeldurr\n|-damage|p1a: Conkeldurr|0 fnt\n|faint|p1a: Conkeldurr\n|\n|upkeep\n|\n|t:|1700652017\n|switch|p1a: Slowking|Slowking, M|100\/100\n|-damage|p1a: Slowking|88\/100|[from] Stealth Rock\n|turn|10\n|inactive|RSDPM has 120 seconds left.\n|\n|t:|1700652054\n|-terastallize|p2a: Arcanine|Grass\n|move|p2a: Arcanine|Wild Charge|p1a: Slowking\n|-supereffective|p1a: Slowking\n|-damage|p1a: Slowking|44\/100\n|move|p1a: Slowking|Scald|p2a: Arcanine\n|-resisted|p2a: Arcanine\n|-damage|p2a: Arcanine|90\/100\n|\n|-heal|p1a: Slowking|50\/100|[from] item: Leftovers\n|upkeep\n|turn|11\n|inactive|RSDPM has 120 seconds left.\n|\n|t:|1700652068\n|switch|p1a: Cinderace|Cinderace, M|100\/100\n|move|p2a: Arcanine|Wild Charge|p1a: Cinderace\n|-damage|p1a: Cinderace|65\/100\n|\n|upkeep\n|turn|12\n|inactive|RSDPM has 120 seconds left.\n|\n|t:|1700652078\n|move|p2a: Arcanine|Extreme Speed|p1a: Cinderace\n|-crit|p1a: Cinderace\n|-damage|p1a: Cinderace|19\/100\n|move|p1a: Cinderace|Pyro Ball|p2a: Arcanine\n|-supereffective|p2a: Arcanine\n|-damage|p2a: Arcanine|0 fnt\n|faint|p2a: Arcanine\n|\n|upkeep\n|\n|t:|1700652085\n|switch|p2a: Lilligant|Lilligant-Hisui, F|100\/100\n|turn|13\n|\n|t:|1700652089\n|move|p1a: Cinderace|Pyro Ball|p2a: Lilligant\n|-supereffective|p2a: Lilligant\n|-enditem|p2a: Lilligant|Focus Sash\n|-damage|p2a: Lilligant|1\/100\n|move|p2a: Lilligant|Victory Dance|p2a: Lilligant\n|-boost|p2a: Lilligant|atk|1\n|-boost|p2a: Lilligant|def|1\n|-boost|p2a: Lilligant|spe|1\n|\n|upkeep\n|turn|14\n|\n|t:|1700652100\n|move|p2a: Lilligant|Leaf Blade|p1a: Cinderace\n|-resisted|p1a: Cinderace\n|-damage|p1a: Cinderace|0 fnt\n|faint|p1a: Cinderace\n|\n|upkeep\n|\n|t:|1700652103\n|switch|p1a: Kingambit|Kingambit, M|100\/100\n|-damage|p1a: Kingambit|94\/100|[from] Stealth Rock\n|-activate|p1a: Kingambit|ability: Supreme Overlord\n|-start|p1a: Kingambit|fallen3|[silent]\n|turn|15\n|\n|t:|1700652111\n|move|p1a: Kingambit|Sucker Punch||[still]\n|-fail|p1a: Kingambit\n|move|p2a: Lilligant|Victory Dance|p2a: Lilligant\n|-boost|p2a: Lilligant|atk|1\n|-boost|p2a: Lilligant|def|1\n|-boost|p2a: Lilligant|spe|1\n|\n|-heal|p1a: Kingambit|100\/100|[from] item: Leftovers\n|upkeep\n|turn|16\n|\n|t:|1700652113\n|move|p1a: Kingambit|Sucker Punch||[still]\n|-fail|p1a: Kingambit\n|move|p2a: Lilligant|Victory Dance|p2a: Lilligant\n|-boost|p2a: Lilligant|atk|1\n|-boost|p2a: Lilligant|def|1\n|-boost|p2a: Lilligant|spe|1\n|\n|upkeep\n|turn|17\n|\n|t:|1700652116\n|move|p2a: Lilligant|Victory Dance|p2a: Lilligant\n|-boost|p2a: Lilligant|atk|1\n|-boost|p2a: Lilligant|def|1\n|-boost|p2a: Lilligant|spe|1\n|move|p1a: Kingambit|Kowtow Cleave|p2a: Lilligant\n|-resisted|p2a: Lilligant\n|-damage|p2a: Lilligant|0 fnt\n|faint|p2a: Lilligant\n|\n|win|Pekashew64\n|raw|Pekashew64's rating: 1368 &rarr; <strong>1392<\/strong><br \/>(+24 for winning)\n|raw|RSDPM's rating: 1437 &rarr; <strong>1413<\/strong><br \/>(-24 for losing)\n|l|\u2606Pekashew64\n","uploadtime":1700652135,"views":2,"p1id":"pekashew64","p2id":"rsdpm","formatid":"gen9ou","rating":1392,"private":0,"password":""}