{"id":"gen9ou-1994991007","p1":"RollingDanHabibi","p2":"ChosenLotion","format":"[Gen 9] OU","log":"|j|\u2606RollingDanHabibi\n|j|\u2606ChosenLotion\n|t:|1700511172\n|gametype|singles\n|player|p1|RollingDanHabibi|colress|1329\n|player|p2|ChosenLotion|morty|1314\n|teamsize|p1|6\n|teamsize|p2|6\n|gen|9\n|tier|[Gen 9] OU\n|rated|\n|rule|Sleep Clause Mod: Limit one foe put to sleep\n|rule|Species Clause: Limit one of each Pok\u00e9mon\n|rule|OHKO Clause: OHKO moves are banned\n|rule|Evasion Items Clause: Evasion items are banned\n|rule|Evasion Moves Clause: Evasion moves are banned\n|rule|Endless Battle Clause: Forcing endless battles is banned\n|rule|HP Percentage Mod: HP is shown in percentages\n|clearpoke\n|poke|p1|Kingambit, F|\n|poke|p1|Cinderace, M|\n|poke|p1|Corviknight, F|\n|poke|p1|Iron Moth|\n|poke|p1|Walking Wake|\n|poke|p1|Samurott-Hisui, M|\n|poke|p2|Ceruledge, F|\n|poke|p2|Torkoal, M|\n|poke|p2|Walking Wake|\n|poke|p2|Great Tusk|\n|poke|p2|Clodsire, F|\n|poke|p2|Dragonite, F|\n|teampreview\n|inactive|Battle timer is ON: inactive players will automatically lose when time's up. (requested by RollingDanHabibi)\n|inactive|RollingDanHabibi has 120 seconds left.\n|\n|t:|1700511205\n|start\n|switch|p1a: Walking Wake|Walking Wake|100\/100\n|switch|p2a: Great Tusk|Great Tusk|100\/100\n|turn|1\n|\n|t:|1700511216\n|-end|p2a: Great Tusk|Protosynthesis|[silent]\n|switch|p2a: Clodsire|Clodsire, F|100\/100\n|move|p1a: Walking Wake|Hydro Steam|p2a: Clodsire\n|-immune|p2a: Clodsire|[from] ability: Water Absorb\n|\n|upkeep\n|turn|2\n|\n|t:|1700511232\n|-end|p1a: Walking Wake|Protosynthesis|[silent]\n|switch|p1a: Biggest Bird|Corviknight, F|100\/100\n|move|p2a: Clodsire|Spikes|p1a: Biggest Bird\n|-sidestart|p1: RollingDanHabibi|Spikes\n|\n|upkeep\n|turn|3\n|\n|t:|1700511249\n|switch|p1a: Red Lock|Cinderace, M|100\/100\n|-damage|p1a: Red Lock|88\/100|[from] Spikes\n|switch|p2a: Torkoal|Torkoal, M, shiny|100\/100\n|-weather|SunnyDay|[from] ability: Drought|[of] p2a: Torkoal\n|\n|-weather|SunnyDay|[upkeep]\n|upkeep\n|turn|4\n|\n|t:|1700511264\n|switch|p1a: Walking Wake|Walking Wake|100\/100\n|-damage|p1a: Walking Wake|88\/100|[from] Spikes\n|-activate|p1a: Walking Wake|ability: Protosynthesis\n|-start|p1a: Walking Wake|protosynthesisspe\n|move|p2a: Torkoal|Yawn|p1a: Walking Wake\n|-start|p1a: Walking Wake|move: Yawn|[of] p2a: Torkoal\n|\n|-weather|SunnyDay|[upkeep]\n|upkeep\n|turn|5\n|\n|t:|1700511291\n|-end|p1a: Walking Wake|Protosynthesis|[silent]\n|switch|p1a: Cutman|Samurott-Hisui, M|100\/100\n|-damage|p1a: Cutman|88\/100|[from] Spikes\n|switch|p2a: Clodsire|Clodsire, F|100\/100\n|\n|-weather|SunnyDay|[upkeep]\n|upkeep\n|turn|6\n|inactive|ChosenLotion has 120 seconds left.\n|inactive|RollingDanHabibi has 120 seconds left.\n|\n|t:|1700511317\n|move|p1a: Cutman|Ceaseless Edge|p2a: Clodsire\n|-crit|p2a: Clodsire\n|-damage|p2a: Clodsire|25\/100\n|-sidestart|p2: ChosenLotion|Spikes\n|move|p2a: Clodsire|Earthquake|p1a: Cutman\n|-damage|p1a: Cutman|50\/100\n|\n|-weather|SunnyDay|[upkeep]\n|-heal|p2a: Clodsire|31\/100|[from] item: Leftovers\n|upkeep\n|turn|7\n|inactive|ChosenLotion has 120 seconds left.\n|\n|t:|1700511337\n|switch|p2a: Great Tusk|Great Tusk|100\/100\n|-damage|p2a: Great Tusk|88\/100|[from] Spikes\n|-activate|p2a: Great Tusk|ability: Protosynthesis\n|-start|p2a: Great Tusk|protosynthesisatk\n|move|p1a: Cutman|Ceaseless Edge|p2a: Great Tusk\n|-resisted|p2a: Great Tusk\n|-damage|p2a: Great Tusk|72\/100\n|-sidestart|p2: ChosenLotion|Spikes\n|\n|-weather|SunnyDay|[upkeep]\n|-heal|p2a: Great Tusk|78\/100|[from] item: Leftovers\n|upkeep\n|turn|8\n|inactive|ChosenLotion has 120 seconds left.\n|inactive|RollingDanHabibi has 120 seconds left.\n|\n|t:|1700511357\n|switch|p1a: Walking Wake|Walking Wake|88\/100\n|-damage|p1a: Walking Wake|76\/100|[from] Spikes\n|-activate|p1a: Walking Wake|ability: Protosynthesis\n|-start|p1a: Walking Wake|protosynthesisspe\n|move|p2a: Great Tusk|Rapid Spin|p1a: Walking Wake\n|-damage|p1a: Walking Wake|49\/100\n|-boost|p2a: Great Tusk|spe|1\n|-sideend|p2: ChosenLotion|Spikes|[from] move: Rapid Spin|[of] p2a: Great Tusk\n|\n|-weather|SunnyDay|[upkeep]\n|-heal|p2a: Great Tusk|84\/100|[from] item: Leftovers\n|upkeep\n|turn|9\n|inactive|ChosenLotion has 120 seconds left.\n|inactive|RollingDanHabibi has 120 seconds left.\n|\n|t:|1700511372\n|move|p1a: Walking Wake|Draco Meteor|p2a: Great Tusk\n|-damage|p2a: Great Tusk|0 fnt\n|-unboost|p1a: Walking Wake|spa|2\n|faint|p2a: Great Tusk\n|-end|p2a: Great Tusk|Protosynthesis|[silent]\n|\n|-weather|SunnyDay|[upkeep]\n|upkeep\n|\n|t:|1700511388\n|switch|p2a: Walking Wake|Walking Wake|100\/100\n|-activate|p2a: Walking Wake|ability: Protosynthesis\n|-start|p2a: Walking Wake|protosynthesisspe\n|turn|10\n|\n|t:|1700511397\n|-terastallize|p1a: Walking Wake|Fairy\n|move|p2a: Walking Wake|Hydro Steam|p1a: Walking Wake\n|-damage|p1a: Walking Wake|0 fnt\n|faint|p1a: Walking Wake\n|-end|p1a: Walking Wake|Protosynthesis|[silent]\n|\n|-weather|none\n|-end|p2a: Walking Wake|Protosynthesis\n|upkeep\n|inactive|RollingDanHabibi has 120 seconds left.\n|c|\u2606RollingDanHabibi|all that to lose to speed tie\n|c|\u2606RollingDanHabibi|fuck\n|\n|t:|1700511429\n|switch|p1a: Cutman|Samurott-Hisui, M|50\/100\n|-damage|p1a: Cutman|38\/100|[from] Spikes\n|turn|11\n|inactive|ChosenLotion has 120 seconds left.\n|\n|t:|1700511434\n|move|p1a: Cutman|Ceaseless Edge|p2a: Walking Wake\n|-damage|p2a: Walking Wake|52\/100\n|-sidestart|p2: ChosenLotion|Spikes\n|move|p2a: Walking Wake|Hydro Steam|p1a: Cutman\n|-resisted|p1a: Cutman\n|-damage|p1a: Cutman|0 fnt\n|faint|p1a: Cutman\n|\n|upkeep\n|\n|t:|1700511450\n|switch|p1a: Red Lock|Cinderace, M|88\/100\n|-damage|p1a: Red Lock|76\/100|[from] Spikes\n|turn|12\n|\n|t:|1700511465\n|-end|p2a: Walking Wake|Protosynthesis|[silent]\n|switch|p2a: Ceruledge|Ceruledge, F, shiny|100\/100\n|-damage|p2a: Ceruledge|88\/100|[from] Spikes\n|move|p1a: Red Lock|High Jump Kick|p2a: Ceruledge\n|-start|p1a: Red Lock|typechange|Fighting|[from] ability: Libero\n|-immune|p2a: Ceruledge\n|-damage|p1a: Red Lock|26\/100|[from] highjumpkick\n|\n|upkeep\n|turn|13\n|inactive|RollingDanHabibi has 120 seconds left.\n|\n|t:|1700511479\n|switch|p1a: Death Dealer|Iron Moth|100\/100\n|-damage|p1a: Death Dealer|88\/100|[from] Spikes\n|-enditem|p1a: Death Dealer|Booster Energy\n|-activate|p1a: Death Dealer|ability: Quark Drive|[fromitem]\n|-start|p1a: Death Dealer|quarkdrivespe\n|move|p2a: Ceruledge|Bitter Blade|p1a: Death Dealer\n|-resisted|p1a: Death Dealer\n|-damage|p1a: Death Dealer|57\/100\n|-heal|p2a: Ceruledge|100\/100|[from] drain|[of] p1a: Death Dealer\n|\n|upkeep\n|turn|14\n|inactive|RollingDanHabibi has 120 seconds left.\n|\n|t:|1700511494\n|move|p1a: Death Dealer|Sludge Wave|p2a: Ceruledge\n|-resisted|p2a: Ceruledge\n|-damage|p2a: Ceruledge|72\/100\n|move|p2a: Ceruledge|Bitter Blade|p1a: Death Dealer\n|-resisted|p1a: Death Dealer\n|-crit|p1a: Death Dealer\n|-damage|p1a: Death Dealer|7\/100\n|-heal|p2a: Ceruledge|97\/100|[from] drain|[of] p1a: Death Dealer\n|\n|upkeep\n|turn|15\n|inactive|RollingDanHabibi has 120 seconds left.\n|\n|t:|1700511504\n|move|p2a: Ceruledge|Shadow Sneak|p1a: Death Dealer\n|-damage|p1a: Death Dealer|0 fnt\n|faint|p1a: Death Dealer\n|-end|p1a: Death Dealer|Quark Drive|[silent]\n|\n|upkeep\n|\n|t:|1700511509\n|switch|p1a: Red Lock|Cinderace, M|26\/100\n|-damage|p1a: Red Lock|14\/100|[from] Spikes\n|turn|16\n|\n|t:|1700511516\n|move|p1a: Red Lock|Sucker Punch|p2a: Ceruledge\n|-start|p1a: Red Lock|typechange|Dark|[from] ability: Libero\n|-supereffective|p2a: Ceruledge\n|-damage|p2a: Ceruledge|0 fnt\n|faint|p2a: Ceruledge\n|\n|upkeep\n|\n|t:|1700511526\n|switch|p2a: Torkoal|Torkoal, M, shiny|100\/100\n|-damage|p2a: Torkoal|88\/100|[from] Spikes\n|-weather|SunnyDay|[from] ability: Drought|[of] p2a: Torkoal\n|turn|17\n|\n|t:|1700511538\n|switch|p1a: Biggest Bird|Corviknight, F|100\/100\n|move|p2a: Torkoal|Lava Plume|p1a: Biggest Bird\n|-supereffective|p1a: Biggest Bird\n|-damage|p1a: Biggest Bird|27\/100\n|-status|p1a: Biggest Bird|brn\n|\n|-weather|SunnyDay|[upkeep]\n|-damage|p1a: Biggest Bird|21\/100 brn|[from] brn\n|upkeep\n|turn|18\n|\n|t:|1700511554\n|move|p1a: Biggest Bird|Body Press|p2a: Torkoal\n|-damage|p2a: Torkoal|81\/100\n|move|p2a: Torkoal|Lava Plume|p1a: Biggest Bird\n|-supereffective|p1a: Biggest Bird\n|-damage|p1a: Biggest Bird|0 fnt\n|faint|p1a: Biggest Bird\n|\n|-weather|SunnyDay|[upkeep]\n|upkeep\n|\n|t:|1700511562\n|switch|p1a: Red Lock|Cinderace, M|14\/100\n|-damage|p1a: Red Lock|1\/100|[from] Spikes\n|turn|19\n|\n|t:|1700511575\n|move|p1a: Red Lock|High Jump Kick|p2a: Torkoal\n|-start|p1a: Red Lock|typechange|Fighting|[from] ability: Libero\n|-damage|p2a: Torkoal|30\/100\n|move|p2a: Torkoal|Yawn|p1a: Red Lock\n|-start|p1a: Red Lock|move: Yawn|[of] p2a: Torkoal\n|\n|-weather|SunnyDay|[upkeep]\n|upkeep\n|turn|20\n|\n|t:|1700511590\n|switch|p2a: Clodsire|Clodsire, F|31\/100\n|-damage|p2a: Clodsire|19\/100|[from] Spikes\n|move|p1a: Red Lock|High Jump Kick|p2a: Clodsire\n|-resisted|p2a: Clodsire\n|-damage|p2a: Clodsire|0 fnt\n|faint|p2a: Clodsire\n|\n|-weather|SunnyDay|[upkeep]\n|-end|p1a: Red Lock|move: Yawn|[silent]\n|-status|p1a: Red Lock|slp\n|upkeep\n|\n|t:|1700511603\n|switch|p2a: Dragonite|Dragonite, F, shiny|100\/100\n|turn|21\n|\n|t:|1700511612\n|switch|p1a: COUNTER|Kingambit, F|100\/100\n|-damage|p1a: COUNTER|88\/100|[from] Spikes\n|-activate|p1a: COUNTER|ability: Supreme Overlord\n|-start|p1a: COUNTER|fallen4|[silent]\n|move|p2a: Dragonite|Dragon Dance|p2a: Dragonite\n|-boost|p2a: Dragonite|atk|1\n|-boost|p2a: Dragonite|spe|1\n|\n|-weather|SunnyDay|[upkeep]\n|upkeep\n|turn|22\n|\n|t:|1700511631\n|move|p2a: Dragonite|Earthquake|p1a: COUNTER\n|-supereffective|p1a: COUNTER\n|-damage|p1a: COUNTER|0 fnt\n|faint|p1a: COUNTER\n|-end|p1a: COUNTER|fallen4|[silent]\n|\n|-weather|SunnyDay|[upkeep]\n|upkeep\n|-message|RollingDanHabibi forfeited.\n|\n|win|ChosenLotion\n|raw|RollingDanHabibi's rating: 1329 &rarr; <strong>1308<\/strong><br \/>(-21 for losing)\n|raw|ChosenLotion's rating: 1314 &rarr; <strong>1335<\/strong><br \/>(+21 for winning)\n|l|\u2606RollingDanHabibi\n|c|\u2606ChosenLotion|GG\n","uploadtime":1700511648,"views":9,"p1id":"rollingdanhabibi","p2id":"chosenlotion","formatid":"gen9ou","rating":1308,"private":0,"password":""}