{"id":"gen9ou-1991974679","p1":"umbical5libero.it","p2":"andresmauro","format":"[Gen 9] OU","log":"|j|\u2606umbical5libero.it\n|j|\u2606andresmauro\n|t:|1700144179\n|gametype|singles\n|player|p1|umbical5libero.it|265|1589\n|player|p2|andresmauro|169|1583\n|teamsize|p1|6\n|teamsize|p2|6\n|gen|9\n|tier|[Gen 9] OU\n|rated|\n|rule|Sleep Clause Mod: Limit one foe put to sleep\n|rule|Species Clause: Limit one of each Pok\u00e9mon\n|rule|OHKO Clause: OHKO moves are banned\n|rule|Evasion Items Clause: Evasion items are banned\n|rule|Evasion Moves Clause: Evasion moves are banned\n|rule|Endless Battle Clause: Forcing endless battles is banned\n|rule|HP Percentage Mod: HP is shown in percentages\n|clearpoke\n|poke|p1|Zamazenta-*|\n|poke|p1|Walking Wake|\n|poke|p1|Torkoal, F|\n|poke|p1|Blissey, F|\n|poke|p1|Rillaboom, F|\n|poke|p1|Sandy Shocks|\n|poke|p2|Weezing-Galar, F|\n|poke|p2|Garganacl, F|\n|poke|p2|Dragapult, F|\n|poke|p2|Sneasler, F|\n|poke|p2|Rillaboom, F|\n|poke|p2|Kingambit, F|\n|teampreview\n|inactive|Battle timer is ON: inactive players will automatically lose when time's up. (requested by umbical5libero.it)\n|\n|t:|1700144204\n|start\n|switch|p1a: Sandy Shocks|Sandy Shocks|100\/100\n|switch|p2a: Garganacl|Garganacl, F|100\/100\n|turn|1\n|\n|t:|1700144210\n|move|p1a: Sandy Shocks|Earth Power|p2a: Garganacl\n|-supereffective|p2a: Garganacl\n|-damage|p2a: Garganacl|31\/100\n|move|p2a: Garganacl|Earthquake|p1a: Sandy Shocks\n|-supereffective|p1a: Sandy Shocks\n|-damage|p1a: Sandy Shocks|51\/100\n|\n|-heal|p2a: Garganacl|37\/100|[from] item: Leftovers\n|upkeep\n|turn|2\n|\n|t:|1700144220\n|switch|p2a: Rillaboom|Rillaboom, F|100\/100\n|-fieldstart|move: Grassy Terrain|[from] ability: Grassy Surge|[of] p2a: Rillaboom\n|move|p1a: Sandy Shocks|Earth Power|p2a: Rillaboom\n|-resisted|p2a: Rillaboom\n|-damage|p2a: Rillaboom|68\/100\n|-unboost|p2a: Rillaboom|spd|1\n|\n|-heal|p1a: Sandy Shocks|57\/100|[from] Grassy Terrain\n|-heal|p2a: Rillaboom|74\/100|[from] Grassy Terrain\n|upkeep\n|turn|3\n|\n|t:|1700144232\n|-terastallize|p1a: Sandy Shocks|Ice\n|move|p1a: Sandy Shocks|Tera Blast|p2a: Rillaboom|[anim] Tera Blast Ice\n|-supereffective|p2a: Rillaboom\n|-damage|p2a: Rillaboom|0 fnt\n|faint|p2a: Rillaboom\n|\n|-heal|p1a: Sandy Shocks|63\/100|[from] Grassy Terrain\n|upkeep\n|\n|t:|1700144241\n|switch|p2a: Sneasler|Sneasler, F|100\/100\n|-enditem|p2a: Sneasler|Grassy Seed\n|-boost|p2a: Sneasler|def|1|[from] item: Grassy Seed\n|turn|4\n|\n|t:|1700144249\n|move|p2a: Sneasler|Swords Dance|p2a: Sneasler\n|-boost|p2a: Sneasler|atk|2\n|move|p1a: Sandy Shocks|Earth Power|p2a: Sneasler\n|-supereffective|p2a: Sneasler\n|-damage|p2a: Sneasler|0 fnt\n|faint|p2a: Sneasler\n|\n|-heal|p1a: Sandy Shocks|69\/100|[from] Grassy Terrain\n|upkeep\n|c|\u2606andresmauro|stupid n oob\n|\n|t:|1700144260\n|switch|p2a: Dragapult|Dragapult, F|100\/100\n|turn|5\n|\n|t:|1700144263\n|move|p2a: Dragapult|U-turn|p1a: Sandy Shocks\n|-damage|p1a: Sandy Shocks|49\/100\n|\n|t:|1700144268\n|switch|p2a: Garganacl|Garganacl, F|37\/100|[from] U-turn\n|move|p1a: Sandy Shocks|Tera Blast|p2a: Garganacl|[anim] Tera Blast Ice\n|-damage|p2a: Garganacl|13\/100\n|\n|-heal|p1a: Sandy Shocks|55\/100|[from] Grassy Terrain\n|-heal|p2a: Garganacl|19\/100|[from] Grassy Terrain\n|-heal|p2a: Garganacl|25\/100|[from] item: Leftovers\n|upkeep\n|turn|6\n|c|\u2606andresmauro|men\n|\n|t:|1700144279\n|move|p1a: Sandy Shocks|Earth Power|p2a: Garganacl\n|-supereffective|p2a: Garganacl\n|-damage|p2a: Garganacl|0 fnt\n|faint|p2a: Garganacl\n|\n|-heal|p1a: Sandy Shocks|61\/100|[from] Grassy Terrain\n|-fieldend|move: Grassy Terrain\n|upkeep\n|c|\u2606andresmauro|you are a fuckin noob?\n|c|\u2606andresmauro|why no change stupid}\n|\n|t:|1700144286\n|switch|p2a: Dragapult|Dragapult, F|100\/100\n|turn|7\n|\n|t:|1700144290\n|move|p2a: Dragapult|Draco Meteor|p1a: Sandy Shocks\n|-damage|p1a: Sandy Shocks|0 fnt\n|-unboost|p2a: Dragapult|spa|2\n|faint|p1a: Sandy Shocks\n|-end|p1a: Sandy Shocks|Protosynthesis|[silent]\n|\n|upkeep\n|\n|t:|1700144303\n|switch|p1a: Rillaboom|Rillaboom, F|100\/100\n|-fieldstart|move: Grassy Terrain|[from] ability: Grassy Surge|[of] p1a: Rillaboom\n|turn|8\n|\n|t:|1700144309\n|switch|p2a: Weezing|Weezing-Galar, F, shiny|100\/100\n|-ability|p2a: Weezing|Neutralizing Gas\n|move|p1a: Rillaboom|Knock Off|p2a: Weezing\n|-resisted|p2a: Weezing\n|-damage|p2a: Weezing|89\/100\n|-enditem|p2a: Weezing|Leftovers|[from] move: Knock Off|[of] p1a: Rillaboom\n|\n|-heal|p2a: Weezing|95\/100|[from] Grassy Terrain\n|upkeep\n|turn|9\n|\n|t:|1700144322\n|move|p1a: Rillaboom|U-turn|p2a: Weezing\n|-resisted|p2a: Weezing\n|-damage|p2a: Weezing|92\/100\n|\n|t:|1700144328\n|switch|p1a: Blissey|Blissey, F|100\/100|[from] U-turn\n|move|p2a: Weezing|Will-O-Wisp|p1a: Blissey\n|-status|p1a: Blissey|brn\n|\n|-heal|p2a: Weezing|98\/100|[from] Grassy Terrain\n|-damage|p1a: Blissey|94\/100 brn|[from] brn\n|upkeep\n|turn|10\n|\n|t:|1700144341\n|move|p2a: Weezing|Clear Smog|p1a: Blissey\n|-damage|p1a: Blissey|88\/100 brn\n|-clearboost|p1a: Blissey\n|move|p1a: Blissey|Thunder Wave|p2a: Weezing\n|-status|p2a: Weezing|par\n|\n|-heal|p1a: Blissey|95\/100 brn|[from] Grassy Terrain\n|-heal|p1a: Blissey|100\/100 brn|[from] item: Leftovers\n|-heal|p2a: Weezing|100\/100 par|[from] Grassy Terrain\n|-damage|p1a: Blissey|94\/100 brn|[from] brn\n|upkeep\n|turn|11\n|\n|t:|1700144357\n|-end|p2a: Weezing|ability: Neutralizing Gas\n|switch|p2a: Kingambit|Kingambit, F|100\/100\n|-activate|p2a: Kingambit|ability: Supreme Overlord\n|-start|p2a: Kingambit|fallen3|[silent]\n|move|p1a: Blissey|Seismic Toss|p2a: Kingambit\n|-damage|p2a: Kingambit|74\/100\n|\n|-heal|p2a: Kingambit|80\/100|[from] Grassy Terrain\n|-heal|p1a: Blissey|100\/100 brn|[from] Grassy Terrain\n|-damage|p1a: Blissey|94\/100 brn|[from] brn\n|upkeep\n|turn|12\n|\n|t:|1700144380\n|move|p2a: Kingambit|Kowtow Cleave|p1a: Blissey\n|-damage|p1a: Blissey|29\/100 brn\n|move|p1a: Blissey|Thunder Wave|p2a: Kingambit|[miss]\n|-miss|p1a: Blissey|p2a: Kingambit\n|\n|-heal|p2a: Kingambit|86\/100|[from] Grassy Terrain\n|-heal|p1a: Blissey|35\/100 brn|[from] Grassy Terrain\n|-heal|p1a: Blissey|41\/100 brn|[from] item: Leftovers\n|-damage|p1a: Blissey|35\/100 brn|[from] brn\n|-fieldend|move: Grassy Terrain\n|upkeep\n|turn|13\n|inactive|umbical5libero.it has 120 seconds left.\n|\n|t:|1700144396\n|move|p2a: Kingambit|Low Kick|p1a: Blissey\n|-supereffective|p1a: Blissey\n|-damage|p1a: Blissey|0 fnt\n|faint|p1a: Blissey\n|\n|upkeep\n|inactive|umbical5libero.it has 120 seconds left.\n|\n|t:|1700144408\n|switch|p1a: Torkoal|Torkoal, F|100\/100\n|-weather|SunnyDay|[from] ability: Drought|[of] p1a: Torkoal\n|turn|14\n|j| FLASHPOINT98\n|inactive|umbical5libero.it has 120 seconds left.\n|inactive|andresmauro has 120 seconds left.\n|\n|t:|1700144448\n|-end|p2a: Kingambit|fallen3|[silent]\n|switch|p2a: Dragapult|Dragapult, F|100\/100\n|move|p1a: Torkoal|Lava Plume|p2a: Dragapult\n|-resisted|p2a: Dragapult\n|-damage|p2a: Dragapult|75\/100\n|\n|-weather|SunnyDay|[upkeep]\n|upkeep\n|turn|15\n|inactive|umbical5libero.it has 120 seconds left.\n|\n|t:|1700144473\n|switch|p1a: Rillaboom|Rillaboom, F|100\/100\n|-fieldstart|move: Grassy Terrain|[from] ability: Grassy Surge|[of] p1a: Rillaboom\n|move|p2a: Dragapult|Draco Meteor|p1a: Rillaboom\n|-damage|p1a: Rillaboom|0 fnt\n|-unboost|p2a: Dragapult|spa|2\n|faint|p1a: Rillaboom\n|\n|-weather|SunnyDay|[upkeep]\n|-heal|p2a: Dragapult|81\/100|[from] Grassy Terrain\n|upkeep\n|\n|t:|1700144488\n|switch|p1a: Walking Wake|Walking Wake|100\/100\n|-activate|p1a: Walking Wake|ability: Protosynthesis\n|-start|p1a: Walking Wake|protosynthesisspe\n|turn|16\n|\n|t:|1700144495\n|switch|p2a: Weezing|Weezing-Galar, F, shiny|100\/100 par\n|-ability|p2a: Weezing|Neutralizing Gas\n|move|p1a: Walking Wake|Hydro Steam|p2a: Weezing\n|-damage|p2a: Weezing|0 fnt\n|faint|p2a: Weezing\n|-end|p2a: Weezing|ability: Neutralizing Gas\n|\n|-weather|SunnyDay|[upkeep]\n|upkeep\n|\n|t:|1700144501\n|switch|p2a: Dragapult|Dragapult, F|81\/100\n|turn|17\n|inactive|umbical5libero.it has 120 seconds left.\n|\n|t:|1700144512\n|-end|p1a: Walking Wake|Protosynthesis|[silent]\n|switch|p1a: Torkoal|Torkoal, F|100\/100\n|move|p2a: Dragapult|Draco Meteor|p1a: Torkoal|[miss]\n|-miss|p2a: Dragapult|p1a: Torkoal\n|\n|-weather|SunnyDay|[upkeep]\n|-heal|p2a: Dragapult|87\/100|[from] Grassy Terrain\n|upkeep\n|turn|18\n|inactive|umbical5libero.it has 120 seconds left.\n|\n|t:|1700144526\n|move|p2a: Dragapult|Draco Meteor|p1a: Torkoal|[miss]\n|-miss|p2a: Dragapult|p1a: Torkoal\n|move|p1a: Torkoal|Lava Plume|p2a: Dragapult\n|-resisted|p2a: Dragapult\n|-damage|p2a: Dragapult|60\/100\n|-status|p2a: Dragapult|brn\n|\n|-weather|SunnyDay|[upkeep]\n|-heal|p2a: Dragapult|66\/100 brn|[from] Grassy Terrain\n|-damage|p2a: Dragapult|60\/100 brn|[from] brn\n|upkeep\n|turn|19\n|inactive|umbical5libero.it has 120 seconds left.\n|c|\u2606andresmauro|mannn\n|\n|t:|1700144545\n|switch|p1a: Zamazenta|Zamazenta|100\/100\n|-ability|p1a: Zamazenta|Dauntless Shield|boost\n|-boost|p1a: Zamazenta|def|1\n|move|p2a: Dragapult|Draco Meteor|p1a: Zamazenta\n|-damage|p1a: Zamazenta|35\/100\n|-unboost|p2a: Dragapult|spa|2\n|\n|-weather|SunnyDay|[upkeep]\n|-heal|p2a: Dragapult|66\/100 brn|[from] Grassy Terrain\n|-heal|p1a: Zamazenta|41\/100|[from] Grassy Terrain\n|-heal|p1a: Zamazenta|47\/100|[from] item: Leftovers\n|-damage|p2a: Dragapult|60\/100 brn|[from] brn\n|-fieldend|move: Grassy Terrain\n|upkeep\n|turn|20\n|inactive|andresmauro has 120 seconds left.\n|\n|t:|1700144597\n|-terastallize|p2a: Dragapult|Dragon\n|move|p2a: Dragapult|Draco Meteor|p1a: Zamazenta\n|-damage|p1a: Zamazenta|1\/100\n|-unboost|p2a: Dragapult|spa|2\n|move|p1a: Zamazenta|Heavy Slam|p2a: Dragapult\n|-damage|p2a: Dragapult|24\/100 brn\n|\n|-weather|SunnyDay|[upkeep]\n|-heal|p1a: Zamazenta|7\/100|[from] item: Leftovers\n|-damage|p2a: Dragapult|18\/100 brn|[from] brn\n|upkeep\n|turn|21\n|\n|t:|1700144612\n|switch|p2a: Kingambit|Kingambit, F|86\/100\n|-activate|p2a: Kingambit|ability: Supreme Overlord\n|-start|p2a: Kingambit|fallen4|[silent]\n|move|p1a: Zamazenta|Heavy Slam|p2a: Kingambit\n|-resisted|p2a: Kingambit\n|-damage|p2a: Kingambit|81\/100\n|\n|-weather|none\n|-heal|p1a: Zamazenta|13\/100|[from] item: Leftovers\n|upkeep\n|turn|22\n|\n|t:|1700144622\n|move|p2a: Kingambit|Sucker Punch|p1a: Zamazenta\n|-resisted|p1a: Zamazenta\n|-damage|p1a: Zamazenta|0 fnt\n|faint|p1a: Zamazenta\n|\n|upkeep\n|\n|t:|1700144628\n|switch|p1a: Torkoal|Torkoal, F|100\/100\n|-weather|SunnyDay|[from] ability: Drought|[of] p1a: Torkoal\n|turn|23\n|inactive|andresmauro has 120 seconds left.\n|\n|t:|1700144636\n|move|p2a: Kingambit|Swords Dance|p2a: Kingambit\n|-boost|p2a: Kingambit|atk|2\n|move|p1a: Torkoal|Lava Plume|p2a: Kingambit\n|-supereffective|p2a: Kingambit\n|-damage|p2a: Kingambit|3\/100\n|\n|-weather|SunnyDay|[upkeep]\n|upkeep\n|turn|24\n|inactive|umbical5libero.it has 120 seconds left.\n|\n|t:|1700144644\n|move|p2a: Kingambit|Kowtow Cleave|p1a: Torkoal\n|-damage|p1a: Torkoal|0 fnt\n|faint|p1a: Torkoal\n|\n|-weather|SunnyDay|[upkeep]\n|upkeep\n|inactive|umbical5libero.it has 120 seconds left.\n|\n|t:|1700144650\n|switch|p1a: Walking Wake|Walking Wake|100\/100\n|-activate|p1a: Walking Wake|ability: Protosynthesis\n|-start|p1a: Walking Wake|protosynthesisspe\n|turn|25\n|\n|t:|1700144661\n|move|p2a: Kingambit|Sucker Punch|p1a: Walking Wake\n|-damage|p1a: Walking Wake|0 fnt\n|faint|p1a: Walking Wake\n|-end|p1a: Walking Wake|Protosynthesis|[silent]\n|\n|win|andresmauro\n|raw|umbical5libero.it's rating: 1589 &rarr; <strong>1569<\/strong><br \/>(-20 for losing)\n|raw|andresmauro's rating: 1583 &rarr; <strong>1603<\/strong><br \/>(+20 for winning)\n","uploadtime":1700144291,"views":7,"p1id":"umbical5liberoit","p2id":"andresmauro","formatid":"gen9ou","rating":1569,"private":0,"password":""}