{"id":"gen9ou-1993581541","p1":"Hugh's Jass","p2":"StopRussiaZawarudo","format":"[Gen 9] OU","log":"|j|\u2606Hugh's Jass\n|j|\u2606StopRussiaZawarudo\n|t:|1700334118\n|gametype|singles\n|player|p1|Hugh's Jass|hugh|1307\n|player|p2|StopRussiaZawarudo|cowgirl|1323\n|teamsize|p1|6\n|teamsize|p2|6\n|gen|9\n|tier|[Gen 9] OU\n|rated|\n|rule|Sleep Clause Mod: Limit one foe put to sleep\n|rule|Species Clause: Limit one of each Pok\u00e9mon\n|rule|OHKO Clause: OHKO moves are banned\n|rule|Evasion Items Clause: Evasion items are banned\n|rule|Evasion Moves Clause: Evasion moves are banned\n|rule|Endless Battle Clause: Forcing endless battles is banned\n|rule|HP Percentage Mod: HP is shown in percentages\n|clearpoke\n|poke|p1|Cinderace, M|\n|poke|p1|Ninetales-Alola, F|\n|poke|p1|Gholdengo|\n|poke|p1|Walking Wake|\n|poke|p1|Great Tusk|\n|poke|p1|Dragonite, M|\n|poke|p2|Rillaboom, F|\n|poke|p2|Munkidori, M|\n|poke|p2|Empoleon, F|\n|poke|p2|Sneasler, M|\n|poke|p2|Vikavolt, M|\n|poke|p2|Kingambit, M|\n|teampreview\n|inactive|Battle timer is ON: inactive players will automatically lose when time's up. (requested by StopRussiaZawarudo)\n|inactive|Hugh's Jass also wants the timer to be on.\n|\n|t:|1700334142\n|start\n|switch|p1a: Walking Wake|Walking Wake|100\/100\n|switch|p2a: Munkidori|Munkidori, M|100\/100\n|-enditem|p1a: Walking Wake|Booster Energy\n|-activate|p1a: Walking Wake|ability: Protosynthesis|[fromitem]\n|-start|p1a: Walking Wake|protosynthesisspa\n|turn|1\n|\n|t:|1700334150\n|switch|p2a: Empoleon|Empoleon, F|100\/100\n|move|p1a: Walking Wake|Scald|p2a: Empoleon\n|-resisted|p2a: Empoleon\n|-damage|p2a: Empoleon|80\/100\n|-status|p2a: Empoleon|brn\n|\n|-heal|p2a: Empoleon|87\/100 brn|[from] item: Leftovers\n|-damage|p2a: Empoleon|80\/100 brn|[from] brn\n|upkeep\n|turn|2\n|\n|t:|1700334162\n|-end|p1a: Walking Wake|Protosynthesis|[silent]\n|switch|p1a: Gholdengo|Gholdengo|100\/100\n|move|p2a: Empoleon|Flip Turn|p1a: Gholdengo\n|-damage|p1a: Gholdengo|92\/100\n|\n|t:|1700334168\n|switch|p2a: Vikavolt|Vikavolt, M|100\/100|[from] Flip Turn\n|\n|upkeep\n|turn|3\n|\n|t:|1700334196\n|move|p1a: Gholdengo|Trick|p2a: Vikavolt\n|-activate|p1a: Gholdengo|move: Trick|[of] p2a: Vikavolt\n|-item|p2a: Vikavolt|Choice Scarf|[from] move: Trick\n|-item|p1a: Gholdengo|Heavy-Duty Boots|[from] move: Trick\n|move|p2a: Vikavolt|Sticky Web|p1a: Gholdengo\n|-sidestart|p1: Hugh's Jass|move: Sticky Web\n|\n|upkeep\n|turn|4\n|\n|t:|1700334205\n|switch|p2a: Empoleon|Empoleon, F|80\/100 brn\n|move|p1a: Gholdengo|Focus Blast|p2a: Empoleon\n|-supereffective|p2a: Empoleon\n|-damage|p2a: Empoleon|24\/100 brn\n|\n|-heal|p2a: Empoleon|30\/100 brn|[from] item: Leftovers\n|-damage|p2a: Empoleon|24\/100 brn|[from] brn\n|upkeep\n|turn|5\n|\n|t:|1700334212\n|move|p1a: Gholdengo|Shadow Ball|p2a: Empoleon\n|-damage|p2a: Empoleon|0 fnt\n|faint|p2a: Empoleon\n|\n|upkeep\n|\n|t:|1700334225\n|switch|p2a: Rillaboom|Rillaboom, F|100\/100\n|-fieldstart|move: Grassy Terrain|[from] ability: Grassy Surge|[of] p2a: Rillaboom\n|turn|6\n|\n|t:|1700334251\n|move|p2a: Rillaboom|Knock Off|p1a: Gholdengo\n|-supereffective|p1a: Gholdengo\n|-damage|p1a: Gholdengo|0 fnt\n|-enditem|p1a: Gholdengo|Heavy-Duty Boots|[from] move: Knock Off|[of] p2a: Rillaboom\n|faint|p1a: Gholdengo\n|\n|upkeep\n|\n|t:|1700334257\n|switch|p1a: Walking Wake|Walking Wake|100\/100\n|-activate|p1a: Walking Wake|move: Sticky Web\n|-unboost|p1a: Walking Wake|spe|1\n|turn|7\n|\n|t:|1700334275\n|switch|p2a: Munkidori|Munkidori, M|100\/100\n|move|p1a: Walking Wake|Hurricane|p2a: Munkidori|[miss]\n|-miss|p1a: Walking Wake|p2a: Munkidori\n|\n|upkeep\n|turn|8\n|\n|t:|1700334292\n|move|p2a: Munkidori|Psychic|p1a: Walking Wake\n|-damage|p1a: Walking Wake|16\/100\n|move|p1a: Walking Wake|Scald|p2a: Munkidori\n|-damage|p2a: Munkidori|47\/100\n|\n|-heal|p2a: Munkidori|53\/100|[from] Grassy Terrain\n|-heal|p1a: Walking Wake|23\/100|[from] Grassy Terrain\n|upkeep\n|turn|9\n|\n|t:|1700334299\n|move|p2a: Munkidori|Psychic|p1a: Walking Wake\n|-damage|p1a: Walking Wake|0 fnt\n|faint|p1a: Walking Wake\n|-end|p1a: Walking Wake|Protosynthesis|[silent]\n|\n|-heal|p2a: Munkidori|59\/100|[from] Grassy Terrain\n|upkeep\n|\n|t:|1700334305\n|switch|p1a: Cinderace|Cinderace, M|100\/100\n|turn|10\n|\n|t:|1700334315\n|move|p1a: Cinderace|Pyro Ball|p2a: Munkidori\n|-damage|p2a: Munkidori|0 fnt\n|faint|p2a: Munkidori\n|\n|-fieldend|move: Grassy Terrain\n|upkeep\n|\n|t:|1700334336\n|switch|p2a: Rillaboom|Rillaboom, F|100\/100\n|-fieldstart|move: Grassy Terrain|[from] ability: Grassy Surge|[of] p2a: Rillaboom\n|turn|11\n|\n|t:|1700334353\n|-terastallize|p1a: Cinderace|Fire\n|move|p2a: Rillaboom|Grassy Glide|p1a: Cinderace\n|-resisted|p1a: Cinderace\n|-damage|p1a: Cinderace|61\/100\n|move|p1a: Cinderace|Pyro Ball|p2a: Rillaboom\n|-supereffective|p2a: Rillaboom\n|-damage|p2a: Rillaboom|0 fnt\n|faint|p2a: Rillaboom\n|\n|-heal|p1a: Cinderace|67\/100|[from] Grassy Terrain\n|upkeep\n|\n|t:|1700334358\n|switch|p2a: Sneasler|Sneasler, M|100\/100\n|-enditem|p2a: Sneasler|Grassy Seed\n|-boost|p2a: Sneasler|def|1|[from] item: Grassy Seed\n|turn|12\n|\n|t:|1700334366\n|move|p2a: Sneasler|Dire Claw|p1a: Cinderace\n|-damage|p1a: Cinderace|0 fnt\n|faint|p1a: Cinderace\n|\n|upkeep\n|\n|t:|1700334371\n|switch|p1a: Great Tusk|Great Tusk|100\/100\n|-activate|p1a: Great Tusk|move: Sticky Web\n|-unboost|p1a: Great Tusk|spe|1\n|-enditem|p1a: Great Tusk|Booster Energy\n|-activate|p1a: Great Tusk|ability: Protosynthesis|[fromitem]\n|-start|p1a: Great Tusk|protosynthesisatk\n|turn|13\n|\n|t:|1700334386\n|-terastallize|p2a: Sneasler|Flying\n|move|p2a: Sneasler|Swords Dance|p2a: Sneasler\n|-boost|p2a: Sneasler|atk|2\n|move|p1a: Great Tusk|Bulk Up|p1a: Great Tusk\n|-boost|p1a: Great Tusk|atk|1\n|-boost|p1a: Great Tusk|def|1\n|\n|upkeep\n|turn|14\n|\n|t:|1700334395\n|move|p2a: Sneasler|Acrobatics|p1a: Great Tusk\n|-supereffective|p1a: Great Tusk\n|-damage|p1a: Great Tusk|5\/100\n|move|p1a: Great Tusk|Ice Spinner|p2a: Sneasler\n|-supereffective|p2a: Sneasler\n|-damage|p2a: Sneasler|0 fnt\n|-fieldend|move: Grassy Terrain\n|faint|p2a: Sneasler\n|\n|upkeep\n|\n|t:|1700334411\n|switch|p2a: Vikavolt|Vikavolt, M|100\/100\n|turn|15\n|\n|t:|1700334419\n|move|p1a: Great Tusk|Close Combat|p2a: Vikavolt\n|-resisted|p2a: Vikavolt\n|-damage|p2a: Vikavolt|46\/100\n|-unboost|p1a: Great Tusk|def|1\n|-unboost|p1a: Great Tusk|spd|1\n|move|p2a: Vikavolt|Bug Buzz|p1a: Great Tusk\n|-resisted|p1a: Great Tusk\n|-damage|p1a: Great Tusk|0 fnt\n|faint|p1a: Great Tusk\n|-end|p1a: Great Tusk|Protosynthesis|[silent]\n|\n|upkeep\n|\n|t:|1700334424\n|switch|p1a: Dragonite|Dragonite, M|100\/100\n|turn|16\n|\n|t:|1700334426\n|switch|p2a: Kingambit|Kingambit, M|100\/100\n|-activate|p2a: Kingambit|ability: Supreme Overlord\n|-start|p2a: Kingambit|fallen4|[silent]\n|move|p1a: Dragonite|Dragon Dance|p1a: Dragonite\n|-boost|p1a: Dragonite|atk|1\n|-boost|p1a: Dragonite|spe|1\n|\n|upkeep\n|turn|17\n|\n|t:|1700334433\n|move|p1a: Dragonite|Earthquake|p2a: Kingambit\n|-supereffective|p2a: Kingambit\n|-damage|p2a: Kingambit|6\/100\n|move|p2a: Kingambit|Kowtow Cleave|p1a: Dragonite\n|-damage|p1a: Dragonite|53\/100\n|\n|upkeep\n|turn|18\n|\n|t:|1700334439\n|move|p1a: Dragonite|Extreme Speed|p2a: Kingambit\n|-resisted|p2a: Kingambit\n|-damage|p2a: Kingambit|0 fnt\n|faint|p2a: Kingambit\n|-end|p2a: Kingambit|fallen4|[silent]\n|\n|upkeep\n|-message|StopRussiaZawarudo forfeited.\n|\n|win|Hugh's Jass\n|raw|Hugh&apos;s Jass's rating: 1307 &rarr; <strong>1328<\/strong><br \/>(+21 for winning)\n|raw|StopRussiaZawarudo's rating: 1323 &rarr; <strong>1302<\/strong><br \/>(-21 for losing)\n|l|\u2606StopRussiaZawarudo\n","uploadtime":1700334447,"views":10,"p1id":"hughsjass","p2id":"stoprussiazawarudo","formatid":"gen9ou","rating":1302,"private":0,"password":""}