{"id":"gen9ou-1991034591","p1":"Im dumb srly","p2":"mark_of_chaos","format":"[Gen 9] OU","log":"|j|\u2606Im dumb srly\n|j|\u2606mark_of_chaos\n|inactive|Battle timer is ON: inactive players will automatically lose when time's up.\n|t:|1700031835\n|gametype|singles\n|j|*Lady Monita \u2746\n|player|p1|Im dumb srly|cheryl|\n|player|p2|mark_of_chaos|169|\n|teamsize|p1|6\n|teamsize|p2|6\n|gen|9\n|tier|[Gen 9] OU\n|rated|Tournament battle\n|rule|Sleep Clause Mod: Limit one foe put to sleep\n|rule|Species Clause: Limit one of each Pok\u00e9mon\n|rule|OHKO Clause: OHKO moves are banned\n|rule|Evasion Items Clause: Evasion items are banned\n|rule|Evasion Moves Clause: Evasion moves are banned\n|rule|Endless Battle Clause: Forcing endless battles is banned\n|rule|HP Percentage Mod: HP is shown in percentages\n|clearpoke\n|poke|p1|Dachsbun, M|\n|poke|p1|Altaria, M|\n|poke|p1|Grumpig, M|\n|poke|p1|Okidogi, M|\n|poke|p1|Dondozo, M|\n|poke|p1|Qwilfish-Hisui, M|\n|poke|p2|Okidogi, M|\n|poke|p2|Qwilfish-Hisui, F|\n|poke|p2|Altaria, F|\n|poke|p2|Grumpig, F|\n|poke|p2|Dondozo, F|\n|poke|p2|Dachsbun, F|\n|teampreview\n|l|\u2606Im dumb srly\n|inactive|Im dumb srly disconnected and has a minute to reconnect!\n|player|p1|\n|inactive|Im dumb srly has 30 seconds to reconnect!\n|inactive|Im dumb srly has 20 seconds to reconnect!\n|j|\u2606Im dumb srly\n|inactive|Im dumb srly reconnected and has 110 seconds left.\n|player|p1|Im dumb srly|cheryl\n|\n|t:|1700031883\n|start\n|switch|p1a: Qwilfish|Qwilfish-Hisui, M, shiny|100\/100\n|switch|p2a: Grumpig|Grumpig, F|100\/100\n|-ability|p1a: Qwilfish|Intimidate|boost\n|-unboost|p2a: Grumpig|atk|1\n|turn|1\n|\n|t:|1700031889\n|move|p2a: Grumpig|Nasty Plot|p2a: Grumpig\n|-boost|p2a: Grumpig|spa|2\n|move|p1a: Qwilfish|Crunch|p2a: Grumpig\n|-supereffective|p2a: Grumpig\n|-damage|p2a: Grumpig|13\/100\n|-unboost|p2a: Grumpig|def|1\n|\n|upkeep\n|turn|2\n|c|\u2606mark_of_chaos|oop\n|\n|t:|1700031897\n|move|p1a: Qwilfish|Aqua Jet|p2a: Grumpig\n|-damage|p2a: Grumpig|0 fnt\n|faint|p2a: Grumpig\n|\n|upkeep\n|c|\u2606Im dumb srly|Hehehe\n|\n|t:|1700031902\n|switch|p2a: Altaria|Altaria, F|100\/100\n|turn|3\n|\n|t:|1700031907\n|move|p2a: Altaria|Hyper Beam|p1a: Qwilfish\n|-damage|p1a: Qwilfish|34\/100\n|-mustrecharge|p2a: Altaria\n|move|p1a: Qwilfish|Barb Barrage|p2a: Altaria\n|-damage|p2a: Altaria|72\/100\n|-status|p2a: Altaria|psn\n|\n|-damage|p2a: Altaria|60\/100 psn|[from] psn\n|upkeep\n|turn|4\n|\n|t:|1700031913\n|cant|p2a: Altaria|recharge\n|move|p1a: Qwilfish|Barb Barrage|p2a: Altaria\n|-damage|p2a: Altaria|4\/100 psn\n|\n|-damage|p2a: Altaria|0 fnt|[from] psn\n|faint|p2a: Altaria\n|upkeep\n|\n|t:|1700031925\n|switch|p2a: Okidogi|Okidogi, M|100\/100\n|turn|5\n|\n|t:|1700031934\n|move|p1a: Qwilfish|Destiny Bond|p1a: Qwilfish\n|-singlemove|p1a: Qwilfish|Destiny Bond\n|move|p2a: Okidogi|Bulk Up|p2a: Okidogi\n|-boost|p2a: Okidogi|atk|1\n|-boost|p2a: Okidogi|def|1\n|\n|upkeep\n|turn|6\n|\n|t:|1700031939\n|move|p1a: Qwilfish|Barb Barrage|p2a: Okidogi\n|-resisted|p2a: Okidogi\n|-damage|p2a: Okidogi|94\/100\n|move|p2a: Okidogi|Bulk Up|p2a: Okidogi\n|-boost|p2a: Okidogi|atk|1\n|-boost|p2a: Okidogi|def|1\n|\n|upkeep\n|turn|7\n|\n|t:|1700031944\n|move|p1a: Qwilfish|Destiny Bond|p1a: Qwilfish\n|-singlemove|p1a: Qwilfish|Destiny Bond\n|move|p2a: Okidogi|Bulk Up|p2a: Okidogi\n|-boost|p2a: Okidogi|atk|1\n|-boost|p2a: Okidogi|def|1\n|\n|upkeep\n|turn|8\n|\n|t:|1700031952\n|move|p1a: Qwilfish|Barb Barrage|p2a: Okidogi\n|-resisted|p2a: Okidogi\n|-damage|p2a: Okidogi|91\/100\n|move|p2a: Okidogi|Bulk Up|p2a: Okidogi\n|-boost|p2a: Okidogi|atk|1\n|-boost|p2a: Okidogi|def|1\n|\n|upkeep\n|turn|9\n|\n|t:|1700031955\n|move|p1a: Qwilfish|Barb Barrage|p2a: Okidogi\n|-resisted|p2a: Okidogi\n|-damage|p2a: Okidogi|88\/100\n|move|p2a: Okidogi|Bulk Up|p2a: Okidogi\n|-boost|p2a: Okidogi|atk|1\n|-boost|p2a: Okidogi|def|1\n|\n|upkeep\n|turn|10\n|\n|t:|1700031958\n|move|p1a: Qwilfish|Destiny Bond|p1a: Qwilfish\n|-singlemove|p1a: Qwilfish|Destiny Bond\n|move|p2a: Okidogi|Bulk Up|p2a: Okidogi\n|-boost|p2a: Okidogi|atk|1\n|-boost|p2a: Okidogi|def|1\n|\n|upkeep\n|turn|11\n|\n|t:|1700031961\n|move|p1a: Qwilfish|Barb Barrage|p2a: Okidogi\n|-resisted|p2a: Okidogi\n|-damage|p2a: Okidogi|85\/100\n|move|p2a: Okidogi|Bulk Up|p2a: Okidogi\n|-boost|p2a: Okidogi|atk|0\n|-boost|p2a: Okidogi|def|0\n|\n|upkeep\n|turn|12\n|\n|t:|1700031964\n|move|p1a: Qwilfish|Destiny Bond|p1a: Qwilfish\n|-singlemove|p1a: Qwilfish|Destiny Bond\n|move|p2a: Okidogi|Bulk Up|p2a: Okidogi\n|-boost|p2a: Okidogi|atk|0\n|-boost|p2a: Okidogi|def|0\n|\n|upkeep\n|turn|13\n|\n|t:|1700031969\n|move|p1a: Qwilfish|Barb Barrage|p2a: Okidogi\n|-resisted|p2a: Okidogi\n|-damage|p2a: Okidogi|83\/100\n|move|p2a: Okidogi|Drain Punch|p1a: Qwilfish\n|-damage|p1a: Qwilfish|0 fnt\n|-heal|p2a: Okidogi|98\/100|[from] drain|[of] p1a: Qwilfish\n|faint|p1a: Qwilfish\n|\n|upkeep\n|\n|t:|1700031971\n|switch|p1a: Dondozo|Dondozo, M, shiny|100\/100\n|turn|14\n|\n|t:|1700031977\n|move|p2a: Okidogi|Gunk Shot|p1a: Dondozo\n|-damage|p1a: Dondozo|76\/100\n|-status|p1a: Dondozo|psn\n|move|p1a: Dondozo|Zen Headbutt|p2a: Okidogi\n|-supereffective|p2a: Okidogi\n|-damage|p2a: Okidogi|32\/100\n|-enditem|p2a: Okidogi|Sitrus Berry|[eat]\n|-heal|p2a: Okidogi|57\/100|[from] item: Sitrus Berry\n|\n|-heal|p1a: Dondozo|83\/100 psn|[from] item: Leftovers\n|-damage|p1a: Dondozo|70\/100 psn|[from] psn\n|upkeep\n|turn|15\n|\n|t:|1700031986\n|move|p2a: Okidogi|Drain Punch|p1a: Dondozo\n|-damage|p1a: Dondozo|55\/100 psn\n|-heal|p2a: Okidogi|68\/100|[from] drain|[of] p1a: Dondozo\n|move|p1a: Dondozo|Zen Headbutt|p2a: Okidogi\n|-supereffective|p2a: Okidogi\n|-damage|p2a: Okidogi|4\/100\n|\n|-heal|p1a: Dondozo|61\/100 psn|[from] item: Leftovers\n|-damage|p1a: Dondozo|48\/100 psn|[from] psn\n|upkeep\n|turn|16\n|\n|t:|1700031991\n|move|p2a: Okidogi|Gunk Shot|p1a: Dondozo\n|-damage|p1a: Dondozo|22\/100 psn\n|move|p1a: Dondozo|Zen Headbutt|p2a: Okidogi\n|-supereffective|p2a: Okidogi\n|-damage|p2a: Okidogi|0 fnt\n|faint|p2a: Okidogi\n|\n|-heal|p1a: Dondozo|28\/100 psn|[from] item: Leftovers\n|-damage|p1a: Dondozo|16\/100 psn|[from] psn\n|upkeep\n|\n|t:|1700031999\n|switch|p2a: Dachsbun|Dachsbun, F|100\/100\n|turn|17\n|\n|t:|1700032003\n|move|p2a: Dachsbun|Psychic Fangs|p1a: Dondozo\n|-damage|p1a: Dondozo|8\/100 psn\n|move|p1a: Dondozo|Heavy Slam|p2a: Dachsbun\n|-supereffective|p2a: Dachsbun\n|-damage|p2a: Dachsbun|41\/100\n|\n|-heal|p1a: Dondozo|14\/100 psn|[from] item: Leftovers\n|-damage|p1a: Dondozo|1\/100 psn|[from] psn\n|upkeep\n|turn|18\n|\n|t:|1700032009\n|move|p2a: Dachsbun|Psychic Fangs|p1a: Dondozo\n|-damage|p1a: Dondozo|0 fnt\n|faint|p1a: Dondozo\n|\n|upkeep\n|\n|t:|1700032025\n|switch|p1a: Dachsbun|Dachsbun, M, shiny|100\/100\n|turn|19\n|j| Ev_Evan\n|\n|t:|1700032030\n|move|p2a: Dachsbun|Wish|p2a: Dachsbun\n|move|p1a: Dachsbun|Play Rough|p2a: Dachsbun\n|-damage|p2a: Dachsbun|7\/100\n|\n|upkeep\n|turn|20\n|\n|t:|1700032036\n|switch|p2a: Qwilfish|Qwilfish-Hisui, F|100\/100\n|-ability|p2a: Qwilfish|Intimidate|boost\n|-unboost|p1a: Dachsbun|atk|1\n|move|p1a: Dachsbun|Play Rough|p2a: Qwilfish\n|-damage|p2a: Qwilfish|76\/100\n|\n|-heal|p2a: Qwilfish|100\/100|[from] move: Wish|[wisher] Dachsbun\n|upkeep\n|turn|21\n|\n|t:|1700032046\n|move|p2a: Qwilfish|Gunk Shot|p1a: Dachsbun\n|-supereffective|p1a: Dachsbun\n|-damage|p1a: Dachsbun|7\/100\n|move|p1a: Dachsbun|Stomping Tantrum|p2a: Qwilfish\n|-supereffective|p2a: Qwilfish\n|-damage|p2a: Qwilfish|73\/100\n|\n|-heal|p1a: Dachsbun|13\/100|[from] item: Leftovers\n|upkeep\n|turn|22\n|\n|t:|1700032053\n|move|p2a: Qwilfish|Gunk Shot|p1a: Dachsbun\n|-supereffective|p1a: Dachsbun\n|-damage|p1a: Dachsbun|0 fnt\n|faint|p1a: Dachsbun\n|\n|upkeep\n|\n|t:|1700032063\n|switch|p1a: Okidogi|Okidogi, M|100\/100\n|turn|23\n|\n|t:|1700032066\n|move|p1a: Okidogi|Drain Punch|p2a: Qwilfish\n|-damage|p2a: Qwilfish|31\/100\n|move|p2a: Qwilfish|Taunt|p1a: Okidogi\n|-start|p1a: Okidogi|move: Taunt\n|\n|upkeep\n|turn|24\n|\n|t:|1700032071\n|switch|p2a: Dachsbun|Dachsbun, F|7\/100\n|move|p1a: Okidogi|Drain Punch|p2a: Dachsbun\n|-resisted|p2a: Dachsbun\n|-damage|p2a: Dachsbun|0 fnt\n|faint|p2a: Dachsbun\n|\n|upkeep\n|\n|t:|1700032098\n|switch|p2a: Qwilfish|Qwilfish-Hisui, F|31\/100\n|-ability|p2a: Qwilfish|Intimidate|boost\n|-unboost|p1a: Okidogi|atk|1\n|turn|25\n|\n|t:|1700032112\n|switch|p2a: Dondozo|Dondozo, F|100\/100\n|move|p1a: Okidogi|Drain Punch|p2a: Dondozo\n|-damage|p2a: Dondozo|81\/100\n|\n|upkeep\n|turn|26\n|\n|t:|1700032116\n|switch|p1a: Grumpig|Grumpig, M, shiny|100\/100\n|move|p2a: Dondozo|Curse|p2a: Dondozo\n|-unboost|p2a: Dondozo|spe|1\n|-boost|p2a: Dondozo|atk|1\n|-boost|p2a: Dondozo|def|1\n|\n|upkeep\n|turn|27\n|\n|t:|1700032121\n|move|p1a: Grumpig|Thunder Wave|p2a: Dondozo\n|-status|p2a: Dondozo|par\n|move|p2a: Dondozo|Wave Crash|p1a: Grumpig\n|-damage|p1a: Grumpig|20\/100\n|-damage|p2a: Dondozo|62\/100 par|[from] Recoil\n|\n|-heal|p1a: Grumpig|26\/100|[from] item: Leftovers\n|upkeep\n|turn|28\n|\n|t:|1700032124\n|move|p1a: Grumpig|Reflect|p1a: Grumpig\n|-sidestart|p1: Im dumb srly|Reflect\n|move|p2a: Dondozo|Wave Crash|p1a: Grumpig\n|-damage|p1a: Grumpig|0 fnt\n|faint|p1a: Grumpig\n|-damage|p2a: Dondozo|56\/100 par|[from] Recoil\n|\n|upkeep\n|\n|t:|1700032130\n|switch|p1a: Okidogi|Okidogi, M|100\/100\n|turn|29\n|\n|t:|1700032136\n|move|p1a: Okidogi|Knock Off|p2a: Dondozo\n|-damage|p2a: Dondozo|44\/100 par\n|-enditem|p2a: Dondozo|Clear Amulet|[from] move: Knock Off|[of] p1a: Okidogi\n|move|p2a: Dondozo|Rest|p2a: Dondozo\n|-status|p2a: Dondozo|slp|[from] move: Rest\n|-heal|p2a: Dondozo|100\/100 slp|[silent]\n|\n|upkeep\n|turn|30\n|\n|t:|1700032142\n|switch|p1a: Altaria|Altaria, M, shiny|100\/100\n|cant|p2a: Dondozo|slp\n|\n|upkeep\n|turn|31\n|\n|t:|1700032149\n|-terastallize|p2a: Dondozo|Steel\n|move|p1a: Altaria|Draco Meteor|p2a: Dondozo\n|-resisted|p2a: Dondozo\n|-damage|p2a: Dondozo|77\/100 slp\n|-unboost|p1a: Altaria|spa|2\n|cant|p2a: Dondozo|slp\n|\n|upkeep\n|turn|32\n|\n|t:|1700032154\n|switch|p1a: Okidogi|Okidogi, M|100\/100\n|-curestatus|p2a: Dondozo|slp|[msg]\n|move|p2a: Dondozo|Curse|p2a: Dondozo\n|-unboost|p2a: Dondozo|spe|1\n|-boost|p2a: Dondozo|atk|1\n|-boost|p2a: Dondozo|def|1\n|\n|-sideend|p1: Im dumb srly|Reflect\n|upkeep\n|turn|33\n|\n|t:|1700032160\n|move|p1a: Okidogi|Drain Punch|p2a: Dondozo\n|-supereffective|p2a: Dondozo\n|-damage|p2a: Dondozo|59\/100\n|move|p2a: Dondozo|Tickle|p1a: Okidogi\n|-unboost|p1a: Okidogi|atk|1\n|-unboost|p1a: Okidogi|def|1\n|\n|upkeep\n|turn|34\n|\n|t:|1700032164\n|move|p1a: Okidogi|Drain Punch|p2a: Dondozo\n|-supereffective|p2a: Dondozo\n|-damage|p2a: Dondozo|39\/100\n|move|p2a: Dondozo|Tickle|p1a: Okidogi\n|-unboost|p1a: Okidogi|atk|1\n|-unboost|p1a: Okidogi|def|1\n|\n|upkeep\n|turn|35\n|\n|t:|1700032174\n|move|p1a: Okidogi|Drain Punch|p2a: Dondozo\n|-supereffective|p2a: Dondozo\n|-damage|p2a: Dondozo|19\/100\n|move|p2a: Dondozo|Curse|p2a: Dondozo\n|-unboost|p2a: Dondozo|spe|1\n|-boost|p2a: Dondozo|atk|1\n|-boost|p2a: Dondozo|def|1\n|\n|upkeep\n|turn|36\n|\n|t:|1700032178\n|move|p1a: Okidogi|Drain Punch|p2a: Dondozo\n|-supereffective|p2a: Dondozo\n|-damage|p2a: Dondozo|3\/100\n|move|p2a: Dondozo|Rest|p2a: Dondozo\n|-status|p2a: Dondozo|slp|[from] move: Rest\n|-heal|p2a: Dondozo|100\/100 slp|[silent]\n|\n|upkeep\n|turn|37\n|\n|t:|1700032181\n|move|p1a: Okidogi|Drain Punch|p2a: Dondozo\n|-supereffective|p2a: Dondozo\n|-damage|p2a: Dondozo|84\/100 slp\n|cant|p2a: Dondozo|slp\n|\n|upkeep\n|turn|38\n|\n|t:|1700032184\n|move|p1a: Okidogi|Drain Punch|p2a: Dondozo\n|-supereffective|p2a: Dondozo\n|-damage|p2a: Dondozo|68\/100 slp\n|cant|p2a: Dondozo|slp\n|\n|upkeep\n|turn|39\n|\n|t:|1700032185\n|move|p1a: Okidogi|Drain Punch|p2a: Dondozo\n|-supereffective|p2a: Dondozo\n|-damage|p2a: Dondozo|52\/100 slp\n|-curestatus|p2a: Dondozo|slp|[msg]\n|move|p2a: Dondozo|Curse|p2a: Dondozo\n|-unboost|p2a: Dondozo|spe|1\n|-boost|p2a: Dondozo|atk|1\n|-boost|p2a: Dondozo|def|1\n|\n|upkeep\n|turn|40\n|\n|t:|1700032190\n|switch|p1a: Altaria|Altaria, M, shiny|100\/100\n|move|p2a: Dondozo|Tickle|p1a: Altaria\n|-unboost|p1a: Altaria|atk|1\n|-unboost|p1a: Altaria|def|1\n|\n|upkeep\n|turn|41\n|\n|t:|1700032213\n|switch|p1a: Okidogi|Okidogi, M|100\/100\n|move|p2a: Dondozo|Rest|p2a: Dondozo\n|-status|p2a: Dondozo|slp|[from] move: Rest\n|-heal|p2a: Dondozo|100\/100 slp|[silent]\n|\n|upkeep\n|turn|42\n|\n|t:|1700032215\n|move|p1a: Okidogi|Drain Punch|p2a: Dondozo\n|-supereffective|p2a: Dondozo\n|-damage|p2a: Dondozo|87\/100 slp\n|cant|p2a: Dondozo|slp\n|\n|upkeep\n|turn|43\n|\n|t:|1700032217\n|move|p1a: Okidogi|Drain Punch|p2a: Dondozo\n|-supereffective|p2a: Dondozo\n|-damage|p2a: Dondozo|75\/100 slp\n|cant|p2a: Dondozo|slp\n|\n|upkeep\n|turn|44\n|\n|t:|1700032218\n|move|p1a: Okidogi|Drain Punch|p2a: Dondozo\n|-supereffective|p2a: Dondozo\n|-damage|p2a: Dondozo|62\/100 slp\n|-curestatus|p2a: Dondozo|slp|[msg]\n|move|p2a: Dondozo|Tickle|p1a: Okidogi\n|-unboost|p1a: Okidogi|atk|1\n|-unboost|p1a: Okidogi|def|1\n|\n|upkeep\n|turn|45\n|\n|t:|1700032220\n|move|p1a: Okidogi|Drain Punch|p2a: Dondozo\n|-supereffective|p2a: Dondozo\n|-damage|p2a: Dondozo|50\/100\n|move|p2a: Dondozo|Curse|p2a: Dondozo\n|-unboost|p2a: Dondozo|spe|1\n|-boost|p2a: Dondozo|atk|1\n|-boost|p2a: Dondozo|def|1\n|\n|upkeep\n|turn|46\n|\n|t:|1700032223\n|move|p1a: Okidogi|Drain Punch|p2a: Dondozo\n|-supereffective|p2a: Dondozo\n|-damage|p2a: Dondozo|38\/100\n|move|p2a: Dondozo|Tickle|p1a: Okidogi\n|-unboost|p1a: Okidogi|atk|1\n|-unboost|p1a: Okidogi|def|1\n|\n|upkeep\n|turn|47\n|\n|t:|1700032225\n|move|p1a: Okidogi|Drain Punch|p2a: Dondozo\n|-supereffective|p2a: Dondozo\n|-damage|p2a: Dondozo|27\/100\n|move|p2a: Dondozo|Rest|p2a: Dondozo\n|-status|p2a: Dondozo|slp|[from] move: Rest\n|-heal|p2a: Dondozo|100\/100 slp|[silent]\n|\n|upkeep\n|turn|48\n|\n|t:|1700032228\n|switch|p1a: Altaria|Altaria, M, shiny|100\/100\n|cant|p2a: Dondozo|slp\n|\n|upkeep\n|turn|49\n|\n|t:|1700032235\n|move|p1a: Altaria|Ice Beam|p2a: Dondozo\n|-resisted|p2a: Dondozo\n|-damage|p2a: Dondozo|90\/100 slp\n|cant|p2a: Dondozo|slp\n|\n|upkeep\n|turn|50\n|c|\u2606mark_of_chaos|freeze%\n|c|\u2606mark_of_chaos|that scarf on okki gave it\n|c|\u2606mark_of_chaos|did u not bring a taunter?\n|\n|t:|1700032262\n|move|p1a: Altaria|Ice Beam|p2a: Dondozo\n|-resisted|p2a: Dondozo\n|-damage|p2a: Dondozo|79\/100 slp\n|-curestatus|p2a: Dondozo|slp|[msg]\n|move|p2a: Dondozo|Wave Crash|p1a: Altaria\n|-resisted|p1a: Altaria\n|-damage|p1a: Altaria|21\/100\n|-damage|p2a: Dondozo|61\/100|[from] Recoil\n|\n|upkeep\n|turn|51\n|\n|t:|1700032277\n|move|p1a: Altaria|Draco Meteor|p2a: Dondozo|[miss]\n|-miss|p1a: Altaria|p2a: Dondozo\n|move|p2a: Dondozo|Wave Crash|p1a: Altaria\n|-resisted|p1a: Altaria\n|-damage|p1a: Altaria|0 fnt\n|faint|p1a: Altaria\n|-damage|p2a: Dondozo|56\/100|[from] Recoil\n|\n|upkeep\n|\n|t:|1700032279\n|switch|p1a: Okidogi|Okidogi, M|100\/100\n|turn|52\n|\n|t:|1700032288\n|-terastallize|p1a: Okidogi|Dark\n|move|p1a: Okidogi|Tera Blast|p2a: Dondozo|[anim] Tera Blast Dark\n|-damage|p2a: Dondozo|50\/100\n|move|p2a: Dondozo|Tickle|p1a: Okidogi\n|-unboost|p1a: Okidogi|atk|1\n|-unboost|p1a: Okidogi|def|1\n|\n|upkeep\n|turn|53\n|\n|t:|1700032297\n|move|p1a: Okidogi|Tera Blast|p2a: Dondozo|[anim] Tera Blast Dark\n|-damage|p2a: Dondozo|44\/100\n|move|p2a: Dondozo|Wave Crash|p1a: Okidogi\n|-damage|p1a: Okidogi|0 fnt\n|faint|p1a: Okidogi\n|-damage|p2a: Dondozo|23\/100|[from] Recoil\n|\n|win|mark_of_chaos\n|n|\u2606mark_of_chaos|markofchaos\n|n|*Lady Monita \u2746|ladymonita\n|n|\u2606Im dumb srly|imdumbsrly\n|n| Ev_Evan|evevan\n|l|*Lady Monita \u2746\n|c|\u2606mark_of_chaos|GG\n|c|\u2606Im dumb srly|Gg\n|c|\u2606Im dumb srly|!dt tickle\n|raw|<ul class=\"utilichart\"><li class=\"result\"><span class=\"col movenamecol\"><a href=\"https:\/\/dex.pokemonshowdown.com\/moves\/tickle\">Tickle<\/a><\/span> <span class=\"col typecol\"><img src=\"\/\/play.pokemonshowdown.com\/sprites\/types\/Normal.png\" alt=\"Normal\" width=\"32\" height=\"14\"><img src=\"\/\/play.pokemonshowdown.com\/sprites\/categories\/Status.png\" alt=\"Status\" width=\"32\" height=\"14\"><\/span> <span class=\"col widelabelcol\"><em>Accuracy<\/em><br>100%<\/span> <span class=\"col pplabelcol\"><em>PP<\/em><br>32<\/span> <span class=\"col movedesccol\">Lowers the target's Attack and Defense by 1.<\/span> <\/li><li style=\"clear:both\"><\/li><\/ul>\n|raw|<font size=\"1\"><font color=\"#686868\">Priority:<\/font> 0&nbsp;|&ThickSpace;<font color=\"#686868\">Gen:<\/font> 3&nbsp;|&ThickSpace;&#10003; Bounceable&nbsp;|&ThickSpace;<font color=\"#686868\">Z-Effect:<\/font>  Defense +1&nbsp;|&ThickSpace;<font color=\"#686868\">Target:<\/font> One Adjacent Pok\u00e9mon<\/font>\n\n|l|\u2606Im dumb srly\n|l| Ev_Evan\n","uploadtime":1700032821,"views":5,"p1id":"imdumbsrly","p2id":"markofchaos","formatid":"gen9ou","rating":0,"private":0,"password":""}