{"id":"gen9ou-1995271925","p1":"Manjack","p2":"Jefo","format":"[Gen 9] OU","log":"|j|\u2606Manjack\n|j|\u2606Jefo\n|inactive|Battle timer is ON: inactive players will automatically lose when time's up.\n|t:|1700544656\n|gametype|singles\n|player|p1|Manjack|preschooler|\n|player|p2|Jefo|cheryl|\n|teamsize|p1|6\n|teamsize|p2|6\n|gen|9\n|tier|[Gen 9] OU\n|rated|Tournament battle\n|rule|Sleep Clause Mod: Limit one foe put to sleep\n|rule|Species Clause: Limit one of each Pok\u00e9mon\n|rule|OHKO Clause: OHKO moves are banned\n|rule|Evasion Items Clause: Evasion items are banned\n|rule|Evasion Moves Clause: Evasion moves are banned\n|rule|Endless Battle Clause: Forcing endless battles is banned\n|rule|HP Percentage Mod: HP is shown in percentages\n|clearpoke\n|poke|p1|Ogerpon, F|\n|poke|p1|Corviknight, M|\n|poke|p1|Dachsbun, F|\n|poke|p1|Heatran, F|\n|poke|p1|Rotom-Wash|\n|poke|p1|Clodsire, F|\n|poke|p2|Amoonguss, M|\n|poke|p2|Enamorus, F|\n|poke|p2|Garganacl, F|\n|poke|p2|Alomomola, F|\n|poke|p2|Great Tusk|\n|poke|p2|Ogerpon-Wellspring, F|\n|teampreview\n|c|\u2606Manjack|Woo! Glhf\n|\n|t:|1700544675\n|start\n|switch|p1a: Rotom|Rotom-Wash|100\/100\n|switch|p2a: Amoonguss|Amoonguss, M|100\/100\n|turn|1\n|\n|t:|1700544682\n|switch|p2a: Ogerpon|Ogerpon-Wellspring, F|100\/100\n|move|p1a: Rotom|Will-O-Wisp|p2a: Ogerpon\n|-status|p2a: Ogerpon|brn\n|\n|-damage|p2a: Ogerpon|95\/100 brn|[from] brn\n|upkeep\n|turn|2\n|c|\u2606Manjack|Ok\n|\n|t:|1700544690\n|move|p2a: Ogerpon|Power Whip|p1a: Rotom\n|-supereffective|p1a: Rotom\n|-damage|p1a: Rotom|49\/100\n|move|p1a: Rotom|Volt Switch|p2a: Ogerpon\n|-damage|p2a: Ogerpon|65\/100 brn\n|\n|t:|1700544697\n|switch|p1a: Corviknight|Corviknight, M|100\/100|[from] Volt Switch\n|-ability|p1a: Corviknight|Pressure\n|\n|-damage|p2a: Ogerpon|59\/100 brn|[from] brn\n|upkeep\n|turn|3\n|\n|t:|1700544703\n|switch|p2a: Garganacl|Garganacl, F|100\/100\n|move|p1a: Corviknight|U-turn|p2a: Garganacl\n|-damage|p2a: Garganacl|93\/100\n|\n|t:|1700544707\n|switch|p1a: Ogerpon|Ogerpon, F|100\/100|[from] U-turn\n|\n|-heal|p2a: Garganacl|99\/100|[from] item: Leftovers\n|upkeep\n|turn|4\n|\n|t:|1700544710\n|switch|p2a: Amoonguss|Amoonguss, M|100\/100\n|move|p1a: Ogerpon|Knock Off|p2a: Amoonguss\n|-crit|p2a: Amoonguss\n|-damage|p2a: Amoonguss|62\/100\n|-enditem|p2a: Amoonguss|Black Sludge|[from] move: Knock Off|[of] p1a: Ogerpon\n|\n|upkeep\n|turn|5\n|\n|t:|1700544722\n|switch|p1a: Clodsire|Clodsire, F|100\/100\n|move|p2a: Amoonguss|Spore|p1a: Clodsire\n|-status|p1a: Clodsire|slp|[from] move: Spore\n|\n|upkeep\n|turn|6\n|\n|t:|1700544726\n|switch|p2a: Garganacl|Garganacl, F|99\/100\n|switch|p1a: Heatran|Heatran, F|100\/100\n|\n|-heal|p2a: Garganacl|100\/100|[from] item: Leftovers\n|upkeep\n|turn|7\n|\n|t:|1700544731\n|switch|p1a: Dachsbun|Dachsbun, F|100\/100\n|move|p2a: Garganacl|Stealth Rock|p1a: Dachsbun\n|-sidestart|p1: Manjack|move: Stealth Rock\n|\n|upkeep\n|turn|8\n|\n|t:|1700544735\n|move|p1a: Dachsbun|Copycat|p1a: Dachsbun\n|move|p1a: Dachsbun|Stealth Rock|p2a: Garganacl|[from]move: Copycat\n|-sidestart|p2: Jefo|move: Stealth Rock\n|move|p2a: Garganacl|Salt Cure|p1a: Dachsbun\n|-damage|p1a: Dachsbun|88\/100\n|-start|p1a: Dachsbun|Salt Cure\n|\n|-heal|p1a: Dachsbun|94\/100|[from] item: Leftovers\n|-damage|p1a: Dachsbun|82\/100|[from] Salt Cure\n|upkeep\n|turn|9\n|\n|t:|1700544744\n|switch|p2a: Amoonguss|Amoonguss, M|95\/100\n|-damage|p2a: Amoonguss|83\/100|[from] Stealth Rock\n|move|p1a: Dachsbun|Copycat|p1a: Dachsbun\n|move|p1a: Dachsbun|Salt Cure|p2a: Amoonguss|[from]move: Copycat\n|-damage|p2a: Amoonguss|77\/100\n|-start|p2a: Amoonguss|Salt Cure\n|\n|-heal|p1a: Dachsbun|88\/100|[from] item: Leftovers\n|-damage|p1a: Dachsbun|76\/100|[from] Salt Cure\n|-damage|p2a: Amoonguss|65\/100|[from] Salt Cure\n|upkeep\n|turn|10\n|c|\u2606Jefo|kewl\n|\n|t:|1700544763\n|switch|p1a: Corviknight|Corviknight, M|100\/100\n|-damage|p1a: Corviknight|88\/100|[from] Stealth Rock\n|-ability|p1a: Corviknight|Pressure\n|switch|p2a: Great Tusk|Great Tusk|100\/100\n|-damage|p2a: Great Tusk|98\/100|[from] Stealth Rock\n|\n|-heal|p2a: Great Tusk|100\/100|[from] item: Leftovers\n|-heal|p1a: Corviknight|94\/100|[from] item: Leftovers\n|upkeep\n|turn|11\n|\n|t:|1700544766\n|move|p2a: Great Tusk|Knock Off|p1a: Corviknight\n|-damage|p1a: Corviknight|76\/100\n|-enditem|p1a: Corviknight|Leftovers|[from] move: Knock Off|[of] p2a: Great Tusk\n|move|p1a: Corviknight|Defog|p2a: Great Tusk\n|-unboost|p2a: Great Tusk|evasion|1\n|-sideend|p2: Jefo|Stealth Rock|[from] move: Defog|[of] p1a: Corviknight\n|-sideend|p1: Manjack|Stealth Rock|[from] move: Defog|[of] p1a: Corviknight\n|\n|upkeep\n|turn|12\n|\n|t:|1700544770\n|move|p2a: Great Tusk|Ice Spinner|p1a: Corviknight\n|-damage|p1a: Corviknight|62\/100\n|move|p1a: Corviknight|U-turn|p2a: Great Tusk\n|-resisted|p2a: Great Tusk\n|-damage|p2a: Great Tusk|96\/100\n|\n|t:|1700544772\n|switch|p1a: Rotom|Rotom-Wash|49\/100|[from] U-turn\n|\n|-heal|p2a: Great Tusk|100\/100|[from] item: Leftovers\n|-heal|p1a: Rotom|55\/100|[from] item: Leftovers\n|upkeep\n|turn|13\n|j| i76567\n|\n|t:|1700544776\n|-end|p2a: Great Tusk|Protosynthesis|[silent]\n|switch|p2a: Amoonguss|Amoonguss, M|98\/100\n|move|p1a: Rotom|Hydro Pump|p2a: Amoonguss\n|-resisted|p2a: Amoonguss\n|-damage|p2a: Amoonguss|79\/100\n|\n|-heal|p1a: Rotom|62\/100|[from] item: Leftovers\n|upkeep\n|turn|14\n|\n|t:|1700544785\n|move|p1a: Rotom|Will-O-Wisp|p2a: Amoonguss|[miss]\n|-miss|p1a: Rotom|p2a: Amoonguss\n|move|p2a: Amoonguss|Sludge Bomb|p1a: Rotom\n|-damage|p1a: Rotom|32\/100\n|-status|p1a: Rotom|psn\n|\n|-heal|p1a: Rotom|38\/100 psn|[from] item: Leftovers\n|-damage|p1a: Rotom|26\/100 psn|[from] psn\n|upkeep\n|turn|15\n|\n|t:|1700544792\n|move|p1a: Rotom|Volt Switch|p2a: Amoonguss\n|-resisted|p2a: Amoonguss\n|-damage|p2a: Amoonguss|67\/100\n|j| yomaalt\n|c|\u2606Manjack|I shouldn't have risked that\n|j| ten three one\n|l| yomaalt\n|\n|t:|1700544798\n|switch|p1a: Heatran|Heatran, F|100\/100|[from] Volt Switch\n|move|p2a: Amoonguss|Sludge Bomb|p1a: Heatran\n|-immune|p1a: Heatran\n|\n|upkeep\n|turn|16\n|j| yomaalt\n|\n|t:|1700544803\n|switch|p2a: Ogerpon|Ogerpon-Wellspring, F|59\/100 brn\n|move|p1a: Heatran|Magma Storm|p2a: Ogerpon\n|-damage|p2a: Ogerpon|0 fnt\n|faint|p2a: Ogerpon\n|\n|upkeep\n|\n|t:|1700544816\n|switch|p2a: Enamorus|Enamorus, F|100\/100\n|turn|17\n|\n|t:|1700544823\n|switch|p1a: Clodsire|Clodsire, F|100\/100 slp\n|move|p2a: Enamorus|Substitute|p2a: Enamorus\n|-start|p2a: Enamorus|Substitute\n|-damage|p2a: Enamorus|76\/100\n|\n|-heal|p2a: Enamorus|82\/100|[from] item: Leftovers\n|upkeep\n|turn|18\n|\n|t:|1700544828\n|move|p2a: Enamorus|Earth Power|p1a: Clodsire\n|-supereffective|p1a: Clodsire\n|-damage|p1a: Clodsire|69\/100 slp\n|cant|p1a: Clodsire|slp\n|\n|-heal|p2a: Enamorus|88\/100|[from] item: Leftovers\n|-heal|p1a: Clodsire|75\/100 slp|[from] item: Leftovers\n|upkeep\n|turn|19\n|l| ten three one\n|\n|t:|1700544839\n|switch|p1a: Corviknight|Corviknight, M|62\/100\n|-ability|p1a: Corviknight|Pressure\n|-terastallize|p2a: Enamorus|Ground\n|move|p2a: Enamorus|Earth Power|p1a: Corviknight\n|-immune|p1a: Corviknight\n|\n|-heal|p2a: Enamorus|94\/100|[from] item: Leftovers\n|upkeep\n|turn|20\n|\n|t:|1700544844\n|move|p2a: Enamorus|Calm Mind|p2a: Enamorus\n|-boost|p2a: Enamorus|spa|1\n|-boost|p2a: Enamorus|spd|1\n|move|p1a: Corviknight|U-turn|p2a: Enamorus\n|-activate|p2a: Enamorus|move: Substitute|[damage]\n|c|\u2606Manjack|totally knew that would happen\n|\n|t:|1700544858\n|switch|p1a: Ogerpon|Ogerpon, F|100\/100|[from] U-turn\n|\n|-heal|p2a: Enamorus|99\/100|[from] item: Leftovers\n|upkeep\n|turn|21\n|\n|t:|1700544863\n|move|p2a: Enamorus|Moonblast|p1a: Ogerpon\n|-damage|p1a: Ogerpon|28\/100\n|move|p1a: Ogerpon|Horn Leech|p2a: Enamorus\n|-supereffective|p2a: Enamorus\n|-end|p2a: Enamorus|Substitute\n|-heal|p1a: Ogerpon|29\/100|[from] drain|[of] p2a: Enamorus\n|\n|-heal|p2a: Enamorus|100\/100|[from] item: Leftovers\n|-heal|p1a: Ogerpon|35\/100|[from] item: Leftovers\n|upkeep\n|turn|22\n|\n|t:|1700544866\n|-terastallize|p1a: Ogerpon|Grass\n|detailschange|p1a: Ogerpon|Ogerpon-Teal-Tera, F, tera:Grass\n|-ability|p1a: Ogerpon|Embody Aspect (Teal)|boost\n|-boost|p1a: Ogerpon|spe|1\n|move|p1a: Ogerpon|Horn Leech|p2a: Enamorus\n|-supereffective|p2a: Enamorus\n|-damage|p2a: Enamorus|0 fnt\n|-heal|p1a: Ogerpon|79\/100|[from] drain|[of] p2a: Enamorus\n|faint|p2a: Enamorus\n|\n|-heal|p1a: Ogerpon|85\/100|[from] item: Leftovers\n|upkeep\n|c|\u2606Jefo|oh\n|\n|t:|1700544872\n|switch|p2a: Amoonguss|Amoonguss, M|99\/100\n|turn|23\n|\n|t:|1700544878\n|switch|p1a: Heatran|Heatran, F|100\/100\n|move|p2a: Amoonguss|Sludge Bomb|p1a: Heatran\n|-immune|p1a: Heatran\n|\n|upkeep\n|turn|24\n|\n|t:|1700544880\n|move|p1a: Heatran|Magma Storm|p2a: Amoonguss\n|-supereffective|p2a: Amoonguss\n|-damage|p2a: Amoonguss|5\/100\n|-activate|p2a: Amoonguss|move: Magma Storm|[of] p1a: Heatran\n|move|p2a: Amoonguss|Stomping Tantrum|p1a: Heatran\n|-supereffective|p1a: Heatran\n|-damage|p1a: Heatran|0 fnt\n|faint|p1a: Heatran\n|\n|-end|p2a: Amoonguss|Magma Storm|[partiallytrapped]|[silent]\n|upkeep\n|\n|t:|1700544886\n|switch|p1a: Ogerpon|Ogerpon-Teal-Tera, F, tera:Grass|85\/100\n|-ability|p1a: Ogerpon|Embody Aspect (Teal)|boost\n|-boost|p1a: Ogerpon|spe|1\n|turn|25\n|\n|t:|1700544898\n|switch|p2a: Alomomola|Alomomola, F|100\/100\n|move|p1a: Ogerpon|Swords Dance|p1a: Ogerpon\n|-boost|p1a: Ogerpon|atk|2\n|\n|-heal|p1a: Ogerpon|91\/100|[from] item: Leftovers\n|upkeep\n|turn|26\n|\n|t:|1700544901\n|move|p1a: Ogerpon|Horn Leech|p2a: Alomomola\n|-supereffective|p2a: Alomomola\n|-damage|p2a: Alomomola|0 fnt\n|-heal|p1a: Ogerpon|100\/100|[from] drain|[of] p2a: Alomomola\n|faint|p2a: Alomomola\n|\n|upkeep\n|\n|t:|1700544905\n|switch|p2a: Amoonguss|Amoonguss, M|38\/100\n|turn|27\n|\n|t:|1700544908\n|move|p1a: Ogerpon|Knock Off|p2a: Amoonguss\n|-damage|p2a: Amoonguss|6\/100\n|move|p2a: Amoonguss|Sludge Bomb|p1a: Ogerpon\n|-supereffective|p1a: Ogerpon\n|-damage|p1a: Ogerpon|47\/100\n|\n|-heal|p1a: Ogerpon|53\/100|[from] item: Leftovers\n|upkeep\n|turn|28\n|\n|t:|1700544914\n|switch|p2a: Great Tusk|Great Tusk|100\/100\n|move|p1a: Ogerpon|Horn Leech|p2a: Great Tusk\n|-supereffective|p2a: Great Tusk\n|-damage|p2a: Great Tusk|0 fnt\n|-heal|p1a: Ogerpon|100\/100|[from] drain|[of] p2a: Great Tusk\n|faint|p2a: Great Tusk\n|-end|p2a: Great Tusk|Protosynthesis|[silent]\n|\n|upkeep\n|\n|t:|1700544916\n|switch|p2a: Amoonguss|Amoonguss, M|39\/100\n|turn|29\n|c|\u2606Jefo|gg\n|c|\u2606Manjack|Gg\n|\n|t:|1700544925\n|move|p1a: Ogerpon|Knock Off|p2a: Amoonguss\n|-damage|p2a: Amoonguss|8\/100\n|move|p2a: Amoonguss|Sludge Bomb|p1a: Ogerpon\n|-supereffective|p1a: Ogerpon\n|-damage|p1a: Ogerpon|50\/100\n|\n|-heal|p1a: Ogerpon|57\/100|[from] item: Leftovers\n|upkeep\n|turn|30\n|-message|Jefo forfeited.\n|\n|win|Manjack\n|n|\u2606Manjack|manjack\n|n|\u2606Jefo|jefo\n|n| i76567|i76567\n|n| yomaalt|yomaalt\n|l|\u2606Jefo\n|l|\u2606Manjack\n|l| yomaalt\n|j| Tidy Up Cinccino\n","uploadtime":1700544995,"views":2,"p1id":"manjack","p2id":"jefo","formatid":"gen9ou","rating":0,"private":0,"password":""}