{"id":"gen9ou-1997649433","p1":"yekom","p2":"Blank_Playe","format":"[Gen 9] OU","log":"|j|\u2606yekom\n|j|\u2606Blank_Playe\n|t:|1700837459\n|gametype|singles\n|player|p1|yekom|will|1142\n|player|p2|Blank_Playe|170|1057\n|teamsize|p1|6\n|teamsize|p2|6\n|gen|9\n|tier|[Gen 9] OU\n|rated|\n|rule|Sleep Clause Mod: Limit one foe put to sleep\n|rule|Species Clause: Limit one of each Pok\u00e9mon\n|rule|OHKO Clause: OHKO moves are banned\n|rule|Evasion Items Clause: Evasion items are banned\n|rule|Evasion Moves Clause: Evasion moves are banned\n|rule|Endless Battle Clause: Forcing endless battles is banned\n|rule|HP Percentage Mod: HP is shown in percentages\n|clearpoke\n|poke|p1|Empoleon, F|\n|poke|p1|Infernape, F|\n|poke|p1|Electrode-Hisui|\n|poke|p1|Talonflame, M|\n|poke|p1|Honchkrow, F|\n|poke|p1|Alomomola, F|\n|poke|p2|Tyranitar, F|\n|poke|p2|Clodsire, M|\n|poke|p2|Electrode-Hisui|\n|poke|p2|Samurott-Hisui, F|\n|poke|p2|Chandelure, M|\n|poke|p2|Mudsdale, F|\n|teampreview\n|inactive|Battle timer is ON: inactive players will automatically lose when time's up. (requested by yekom)\n|\n|t:|1700837471\n|start\n|switch|p1a: Honchkrow|Honchkrow, F|100\/100\n|switch|p2a: Boblybob|Clodsire, M|100\/100\n|turn|1\n|\n|t:|1700837486\n|move|p1a: Honchkrow|Night Slash|p2a: Boblybob\n|-crit|p2a: Boblybob\n|-damage|p2a: Boblybob|33\/100\n|-enditem|p2a: Boblybob|Sitrus Berry|[eat]\n|-heal|p2a: Boblybob|58\/100|[from] item: Sitrus Berry\n|move|p2a: Boblybob|Yawn|p1a: Honchkrow\n|-start|p1a: Honchkrow|move: Yawn|[of] p2a: Boblybob\n|\n|upkeep\n|turn|2\n|\n|t:|1700837494\n|move|p1a: Honchkrow|U-turn|p2a: Boblybob\n|-resisted|p2a: Boblybob\n|-damage|p2a: Boblybob|43\/100\n|\n|t:|1700837496\n|switch|p1a: Talonflame|Talonflame, M|100\/100|[from] U-turn\n|move|p2a: Boblybob|Toxic Spikes|p1a: Talonflame\n|-sidestart|p1: yekom|move: Toxic Spikes\n|\n|upkeep\n|turn|3\n|\n|t:|1700837504\n|switch|p2a: Samurai|Samurott-Hisui, F|100\/100\n|move|p1a: Talonflame|Taunt|p2a: Samurai\n|-start|p2a: Samurai|move: Taunt\n|\n|upkeep\n|turn|4\n|\n|t:|1700837518\n|move|p2a: Samurai|Ceaseless Edge|p1a: Talonflame\n|-damage|p1a: Talonflame|43\/100\n|-sidestart|p1: yekom|Spikes\n|move|p1a: Talonflame|Will-O-Wisp|p2a: Samurai\n|-status|p2a: Samurai|brn\n|\n|-damage|p2a: Samurai|94\/100 brn|[from] brn\n|upkeep\n|turn|5\n|\n|t:|1700837526\n|move|p2a: Samurai|Ceaseless Edge|p1a: Talonflame\n|-damage|p1a: Talonflame|14\/100\n|-sidestart|p1: yekom|Spikes\n|move|p1a: Talonflame|Defog|p2a: Samurai\n|-unboost|p2a: Samurai|evasion|1\n|-sideend|p1: yekom|Spikes|[from] move: Defog|[of] p1a: Talonflame\n|-sideend|p1: yekom|Toxic Spikes|[from] move: Defog|[of] p1a: Talonflame\n|\n|-damage|p2a: Samurai|88\/100 brn|[from] brn\n|-end|p2a: Samurai|move: Taunt\n|upkeep\n|turn|6\n|\n|t:|1700837544\n|switch|p1a: Honchkrow|Honchkrow, F|100\/100\n|move|p2a: Samurai|Ceaseless Edge|p1a: Honchkrow\n|-resisted|p1a: Honchkrow\n|-damage|p1a: Honchkrow|84\/100\n|-sidestart|p1: yekom|Spikes\n|\n|-damage|p2a: Samurai|82\/100 brn|[from] brn\n|upkeep\n|turn|7\n|\n|t:|1700837554\n|switch|p2a: Horsy|Mudsdale, F|100\/100\n|move|p1a: Honchkrow|U-turn|p2a: Horsy\n|-damage|p2a: Horsy|79\/100\n|-ability|p2a: Horsy|Stamina|boost\n|-boost|p2a: Horsy|def|1\n|\n|t:|1700837558\n|switch|p1a: Talonflame|Talonflame, M|14\/100|[from] U-turn\n|\n|-heal|p2a: Horsy|85\/100|[from] item: Leftovers\n|upkeep\n|turn|8\n|\n|t:|1700837566\n|move|p1a: Talonflame|Will-O-Wisp|p2a: Horsy\n|-status|p2a: Horsy|brn\n|move|p2a: Horsy|Heavy Slam|p1a: Talonflame\n|-resisted|p1a: Talonflame\n|-damage|p1a: Talonflame|1\/100\n|\n|-heal|p2a: Horsy|92\/100 brn|[from] item: Leftovers\n|-damage|p2a: Horsy|85\/100 brn|[from] brn\n|upkeep\n|turn|9\n|c|\u2606Blank_Playe|what is that luck\n|\n|t:|1700837581\n|switch|p2a: Falling|Chandelure, M|100\/100\n|move|p1a: Talonflame|Defog|p2a: Falling\n|-unboost|p2a: Falling|evasion|1\n|-sideend|p1: yekom|Spikes|[from] move: Defog|[of] p1a: Talonflame\n|\n|upkeep\n|turn|10\n|\n|t:|1700837589\n|move|p2a: Falling|Shadow Ball|p1a: Talonflame\n|-damage|p1a: Talonflame|0 fnt\n|faint|p1a: Talonflame\n|\n|upkeep\n|\n|t:|1700837594\n|switch|p1a: Honchkrow|Honchkrow, F|84\/100\n|turn|11\n|\n|t:|1700837602\n|move|p1a: Honchkrow|Sucker Punch|p2a: Falling\n|-supereffective|p2a: Falling\n|-crit|p2a: Falling\n|-damage|p2a: Falling|0 fnt\n|faint|p2a: Falling\n|\n|upkeep\n|\n|t:|1700837610\n|switch|p2a: Ball|Electrode-Hisui|100\/100\n|turn|12\n|\n|t:|1700837624\n|switch|p1a: Electrode|Electrode-Hisui|100\/100\n|move|p2a: Ball|Volt Switch|p1a: Electrode\n|-resisted|p1a: Electrode\n|-damage|p1a: Electrode|86\/100\n|\n|t:|1700837630\n|switch|p2a: Boblybob|Clodsire, M|43\/100|[from] Volt Switch\n|\n|upkeep\n|turn|13\n|\n|t:|1700837636\n|move|p1a: Electrode|Chloroblast|p2a: Boblybob\n|-damage|p2a: Boblybob|0 fnt\n|faint|p2a: Boblybob\n|-damage|p1a: Electrode|35\/100|[from] Recoil\n|\n|upkeep\n|\n|t:|1700837641\n|switch|p2a: Horsy|Mudsdale, F|85\/100 brn\n|turn|14\n|\n|t:|1700837655\n|move|p1a: Electrode|Chloroblast|p2a: Horsy\n|-supereffective|p2a: Horsy\n|-damage|p2a: Horsy|0 fnt\n|faint|p2a: Horsy\n|-damage|p1a: Electrode|0 fnt|[from] Recoil\n|faint|p1a: Electrode\n|\n|upkeep\n|\n|t:|1700837667\n|switch|p1a: Empoleon|Empoleon, F|100\/100\n|switch|p2a: Dino|Tyranitar, F|100\/100\n|-weather|Sandstorm|[from] ability: Sand Stream|[of] p2a: Dino\n|turn|15\n|inactive|Blank_Playe has 120 seconds left.\n|\n|t:|1700837703\n|-terastallize|p2a: Dino|Flying\n|move|p2a: Dino|Crunch|p1a: Empoleon\n|-damage|p1a: Empoleon|55\/100\n|-unboost|p1a: Empoleon|def|1\n|-ability|p1a: Empoleon|Competitive|boost\n|-boost|p1a: Empoleon|spa|2\n|move|p1a: Empoleon|Hydro Pump|p2a: Dino\n|-damage|p2a: Dino|0 fnt\n|faint|p2a: Dino\n|-damage|p1a: Empoleon|45\/100|[from] item: Life Orb\n|\n|-weather|Sandstorm|[upkeep]\n|upkeep\n|\n|t:|1700837715\n|switch|p2a: Ball|Electrode-Hisui|100\/100\n|turn|16\n|\n|t:|1700837721\n|move|p2a: Ball|Volt Switch|p1a: Empoleon\n|-supereffective|p1a: Empoleon\n|-damage|p1a: Empoleon|0 fnt\n|faint|p1a: Empoleon\n|\n|t:|1700837730\n|switch|p2a: Samurai|Samurott-Hisui, F|82\/100 brn|[from] Volt Switch\n|\n|-weather|Sandstorm|[upkeep]\n|-damage|p2a: Samurai|76\/100 brn|[from] Sandstorm\n|-damage|p2a: Samurai|69\/100 brn|[from] brn\n|upkeep\n|\n|t:|1700837732\n|switch|p1a: Infernape|Infernape, F|100\/100\n|turn|17\n|\n|t:|1700837739\n|move|p1a: Infernape|Mach Punch|p2a: Samurai\n|-supereffective|p2a: Samurai\n|-damage|p2a: Samurai|0 fnt\n|faint|p2a: Samurai\n|-damage|p1a: Infernape|91\/100|[from] item: Life Orb\n|\n|-weather|Sandstorm|[upkeep]\n|-damage|p1a: Infernape|84\/100|[from] Sandstorm\n|upkeep\n|\n|t:|1700837746\n|switch|p2a: Ball|Electrode-Hisui|100\/100\n|turn|18\n|\n|t:|1700837753\n|move|p1a: Infernape|Mach Punch|p2a: Ball\n|-damage|p2a: Ball|47\/100\n|-damage|p1a: Infernape|75\/100|[from] item: Life Orb\n|move|p2a: Ball|Thunderbolt|p1a: Infernape\n|-damage|p1a: Infernape|2\/100\n|\n|-weather|Sandstorm|[upkeep]\n|-damage|p2a: Ball|41\/100|[from] Sandstorm\n|-damage|p1a: Infernape|0 fnt|[from] Sandstorm\n|faint|p1a: Infernape\n|upkeep\n|\n|t:|1700837756\n|switch|p1a: Honchkrow|Honchkrow, F|84\/100\n|turn|19\n|\n|t:|1700837764\n|-terastallize|p1a: Honchkrow|Dark\n|move|p1a: Honchkrow|Sucker Punch|p2a: Ball\n|-damage|p2a: Ball|0 fnt\n|faint|p2a: Ball\n|\n|win|yekom\n|raw|yekom's rating: 1142 &rarr; <strong>1161<\/strong><br \/>(+19 for winning)\n|raw|Blank_Playe's rating: 1057 &rarr; <strong>1043<\/strong><br \/>(-14 for losing)\n|c|\u2606Blank_Playe|GG\n|l|\u2606Blank_Playe\n","uploadtime":1700837778,"views":3,"p1id":"yekom","p2id":"blankplaye","formatid":"gen9ou","rating":1043,"private":0,"password":""}