{"id":"gen9ou-1994439000","p1":"DabBuster184","p2":"Im dumb srly","format":"[Gen 9] OU","log":"|j|\u2606DabBuster184\n|j|\u2606Im dumb srly\n|inactive|Battle timer is ON: inactive players will automatically lose when time's up.\n|t:|1700444037\n|gametype|singles\n|player|p1|DabBuster184|caitlin|\n|player|p2|Im dumb srly|cheryl|\n|teamsize|p1|6\n|teamsize|p2|6\n|gen|9\n|tier|[Gen 9] OU\n|rated|Tournament battle\n|rule|Sleep Clause Mod: Limit one foe put to sleep\n|rule|Species Clause: Limit one of each Pok\u00e9mon\n|rule|OHKO Clause: OHKO moves are banned\n|rule|Evasion Items Clause: Evasion items are banned\n|rule|Evasion Moves Clause: Evasion moves are banned\n|rule|Endless Battle Clause: Forcing endless battles is banned\n|rule|HP Percentage Mod: HP is shown in percentages\n|clearpoke\n|poke|p1|Maushold|\n|poke|p1|Ditto|\n|poke|p1|Kingambit, F|\n|poke|p1|Heracross, M|\n|poke|p1|Qwilfish, F|\n|poke|p1|Altaria, M|\n|poke|p2|Maushold|\n|poke|p2|Ditto|\n|poke|p2|Kingambit, F|\n|poke|p2|Heracross, M|\n|poke|p2|Altaria, M|\n|poke|p2|Qwilfish-Hisui, F|\n|teampreview\n|j|*Lady Monita \u2746\n|inactive|DabBuster184 also wants the timer to be on.\n|j| Celestia74\n|c|\u2606DabBuster184|wait i didnt think hisuaian was allowed\n|c|\u2606DabBuster184|damn it\n|\n|t:|1700444066\n|start\n|switch|p1a: Qwilfish|Qwilfish, F|100\/100\n|switch|p2a: Qwilfish|Qwilfish-Hisui, F, shiny|100\/100\n|-ability|p1a: Qwilfish|Intimidate|boost\n|-unboost|p2a: Qwilfish|atk|1\n|-ability|p2a: Qwilfish|Intimidate|boost\n|-unboost|p1a: Qwilfish|atk|1\n|turn|1\n|c| Celestia74|always check the exact Removed Bans list\n|\n|t:|1700444076\n|move|p1a: Qwilfish|Toxic Spikes|p2a: Qwilfish\n|-sidestart|p2: Im dumb srly|move: Toxic Spikes\n|move|p2a: Qwilfish|Crunch|p1a: Qwilfish\n|-damage|p1a: Qwilfish|75\/100\n|\n|-heal|p1a: Qwilfish|81\/100|[from] item: Leftovers\n|upkeep\n|turn|2\n|c|\u2606DabBuster184|yeah i guess thats my bad\n|\n|t:|1700444091\n|move|p1a: Qwilfish|Toxic Spikes|p2a: Qwilfish\n|-sidestart|p2: Im dumb srly|move: Toxic Spikes\n|move|p2a: Qwilfish|Toxic Spikes|p1a: Qwilfish\n|-sidestart|p1: DabBuster184|move: Toxic Spikes\n|\n|-heal|p1a: Qwilfish|86\/100|[from] item: Leftovers\n|upkeep\n|turn|3\n|\n|t:|1700444098\n|move|p1a: Qwilfish|Spikes|p2a: Qwilfish\n|-sidestart|p2: Im dumb srly|Spikes\n|move|p2a: Qwilfish|Toxic Spikes|p1a: Qwilfish\n|-sidestart|p1: DabBuster184|move: Toxic Spikes\n|\n|-heal|p1a: Qwilfish|92\/100|[from] item: Leftovers\n|upkeep\n|turn|4\n|\n|t:|1700444111\n|move|p1a: Qwilfish|Spikes|p2a: Qwilfish\n|-sidestart|p2: Im dumb srly|Spikes\n|move|p2a: Qwilfish|Crunch|p1a: Qwilfish\n|-damage|p1a: Qwilfish|66\/100\n|\n|-heal|p1a: Qwilfish|72\/100|[from] item: Leftovers\n|upkeep\n|turn|5\n|j| kanako-kun\n|\n|t:|1700444132\n|move|p1a: Qwilfish|Spikes|p2a: Qwilfish\n|-sidestart|p2: Im dumb srly|Spikes\n|move|p2a: Qwilfish|Crunch|p1a: Qwilfish\n|-damage|p1a: Qwilfish|48\/100\n|-unboost|p1a: Qwilfish|def|1\n|\n|-heal|p1a: Qwilfish|54\/100|[from] item: Leftovers\n|upkeep\n|turn|6\n|\n|t:|1700444140\n|move|p1a: Qwilfish|Barb Barrage|p2a: Qwilfish\n|-resisted|p2a: Qwilfish\n|-damage|p2a: Qwilfish|93\/100\n|move|p2a: Qwilfish|Crunch|p1a: Qwilfish\n|-damage|p1a: Qwilfish|14\/100\n|\n|-heal|p1a: Qwilfish|20\/100|[from] item: Leftovers\n|upkeep\n|turn|7\n|\n|t:|1700444148\n|move|p1a: Qwilfish|Liquidation|p2a: Qwilfish\n|-damage|p2a: Qwilfish|74\/100\n|move|p2a: Qwilfish|Crunch|p1a: Qwilfish\n|-damage|p1a: Qwilfish|0 fnt\n|faint|p1a: Qwilfish\n|\n|upkeep\n|\n|t:|1700444151\n|switch|p1a: Ditto|Ditto|100\/100\n|-status|p1a: Ditto|tox\n|-transform|p1a: Ditto|p2a: Qwilfish|[from] ability: Imposter\n|-ability|p1a: Ditto|Intimidate|boost\n|-unboost|p2a: Qwilfish|atk|1\n|turn|8\n|\n|t:|1700444180\n|move|p1a: Ditto|Barb Barrage|p2a: Qwilfish\n|-resisted|p2a: Qwilfish\n|-damage|p2a: Qwilfish|69\/100\n|move|p2a: Qwilfish|Crunch|p1a: Ditto\n|-resisted|p1a: Ditto\n|-crit|p1a: Ditto\n|-damage|p1a: Ditto|83\/100 tox\n|\n|-damage|p1a: Ditto|77\/100 tox|[from] psn\n|upkeep\n|turn|9\n|\n|t:|1700444191\n|move|p1a: Ditto|Barb Barrage|p2a: Qwilfish\n|-resisted|p2a: Qwilfish\n|-damage|p2a: Qwilfish|64\/100\n|move|p2a: Qwilfish|Crunch|p1a: Ditto\n|-resisted|p1a: Ditto\n|-damage|p1a: Ditto|71\/100 tox\n|\n|-damage|p1a: Ditto|59\/100 tox|[from] psn\n|upkeep\n|turn|10\n|\n|t:|1700444194\n|move|p1a: Ditto|Barb Barrage|p2a: Qwilfish\n|-resisted|p2a: Qwilfish\n|-damage|p2a: Qwilfish|58\/100\n|move|p2a: Qwilfish|Crunch|p1a: Ditto\n|-resisted|p1a: Ditto\n|-damage|p1a: Ditto|53\/100 tox\n|\n|-damage|p1a: Ditto|35\/100 tox|[from] psn\n|upkeep\n|turn|11\n|\n|t:|1700444203\n|move|p1a: Ditto|Barb Barrage|p2a: Qwilfish\n|-resisted|p2a: Qwilfish\n|-damage|p2a: Qwilfish|53\/100\n|move|p2a: Qwilfish|Crunch|p1a: Ditto\n|-resisted|p1a: Ditto\n|-damage|p1a: Ditto|29\/100 tox\n|\n|-damage|p1a: Ditto|5\/100 tox|[from] psn\n|upkeep\n|turn|12\n|\n|t:|1700444208\n|move|p1a: Ditto|Barb Barrage|p2a: Qwilfish\n|-resisted|p2a: Qwilfish\n|-damage|p2a: Qwilfish|48\/100\n|move|p2a: Qwilfish|Crunch|p1a: Ditto\n|-resisted|p1a: Ditto\n|-damage|p1a: Ditto|0 fnt\n|faint|p1a: Ditto\n|\n|upkeep\n|\n|t:|1700444218\n|switch|p1a: Kingambit|Kingambit, F|100\/100\n|turn|13\n|\n|t:|1700444223\n|move|p2a: Qwilfish|Crunch|p1a: Kingambit\n|-resisted|p1a: Kingambit\n|-damage|p1a: Kingambit|96\/100\n|move|p1a: Kingambit|Swords Dance|p1a: Kingambit\n|-boost|p1a: Kingambit|atk|2\n|\n|-heal|p1a: Kingambit|100\/100|[from] item: Leftovers\n|upkeep\n|turn|14\n|c|\u2606Im dumb srly|Chill\n|\n|t:|1700444232\n|move|p2a: Qwilfish|Crunch|p1a: Kingambit\n|-resisted|p1a: Kingambit\n|-damage|p1a: Kingambit|96\/100\n|move|p1a: Kingambit|Swords Dance|p1a: Kingambit\n|-boost|p1a: Kingambit|atk|2\n|\n|-heal|p1a: Kingambit|100\/100|[from] item: Leftovers\n|upkeep\n|turn|15\n|\n|t:|1700444236\n|move|p2a: Qwilfish|Crunch|p1a: Kingambit\n|-resisted|p1a: Kingambit\n|-damage|p1a: Kingambit|95\/100\n|move|p1a: Kingambit|Swords Dance|p1a: Kingambit\n|-boost|p1a: Kingambit|atk|2\n|\n|-heal|p1a: Kingambit|100\/100|[from] item: Leftovers\n|upkeep\n|turn|16\n|\n|t:|1700444239\n|move|p2a: Qwilfish|Crunch|p1a: Kingambit\n|-resisted|p1a: Kingambit\n|-damage|p1a: Kingambit|96\/100\n|move|p1a: Kingambit|Iron Head|p2a: Qwilfish\n|-damage|p2a: Qwilfish|0 fnt\n|faint|p2a: Qwilfish\n|\n|-heal|p1a: Kingambit|100\/100|[from] item: Leftovers\n|upkeep\n|\n|t:|1700444245\n|switch|p2a: Ditto|Ditto, shiny|100\/100\n|-status|p2a: Ditto|tox\n|-damage|p2a: Ditto|75\/100 tox|[from] Spikes\n|-transform|p2a: Ditto|p1a: Kingambit|[from] ability: Imposter\n|turn|17\n|c|\u2606DabBuster184|uh oh\n|\n|t:|1700444256\n|-terastallize|p1a: Kingambit|Dark\n|move|p1a: Kingambit|Sucker Punch|p2a: Ditto\n|-resisted|p2a: Ditto\n|-damage|p2a: Ditto|0 fnt\n|faint|p2a: Ditto\n|\n|upkeep\n|c|\u2606Im dumb srly|I am very very confused\n|\n|t:|1700444269\n|switch|p2a: Altaria|Altaria, M, shiny|100\/100\n|turn|18\n|\n|t:|1700444272\n|move|p2a: Altaria|Defog|p1a: Kingambit\n|-unboost|p1a: Kingambit|evasion|1\n|-boost|p1a: Kingambit|atk|0\n|-sideend|p1: DabBuster184|Toxic Spikes|[from] move: Defog|[of] p2a: Altaria\n|-sideend|p2: Im dumb srly|Spikes|[from] move: Defog|[of] p2a: Altaria\n|-sideend|p2: Im dumb srly|Toxic Spikes|[from] move: Defog|[of] p2a: Altaria\n|move|p1a: Kingambit|Kowtow Cleave|p2a: Altaria\n|-damage|p2a: Altaria|0 fnt\n|faint|p2a: Altaria\n|\n|upkeep\n|j| gottacatchemalllll\n|\n|t:|1700444284\n|switch|p2a: Kingambit|Kingambit, F, shiny|100\/100\n|-activate|p2a: Kingambit|ability: Supreme Overlord\n|-start|p2a: Kingambit|fallen3|[silent]\n|turn|19\n|\n|t:|1700444288\n|move|p1a: Kingambit|Sucker Punch|p2a: Kingambit\n|-resisted|p2a: Kingambit\n|-damage|p2a: Kingambit|29\/100\n|move|p2a: Kingambit|Brick Break|p1a: Kingambit\n|-supereffective|p1a: Kingambit\n|-damage|p1a: Kingambit|44\/100\n|\n|-heal|p1a: Kingambit|50\/100|[from] item: Leftovers\n|upkeep\n|turn|20\n|\n|t:|1700444297\n|move|p1a: Kingambit|Sucker Punch|p2a: Kingambit\n|-resisted|p2a: Kingambit\n|-damage|p2a: Kingambit|0 fnt\n|faint|p2a: Kingambit\n|-end|p2a: Kingambit|fallen3|[silent]\n|\n|-heal|p1a: Kingambit|56\/100|[from] item: Leftovers\n|upkeep\n|\n|t:|1700444301\n|switch|p2a: Maushold|Maushold, shiny|100\/100\n|turn|21\n|c| kanako-kun|gg\n|c|\u2606Im dumb srly|I picked the wrong mon\n|c|\u2606Im dumb srly|sad\n|\n|t:|1700444313\n|move|p1a: Kingambit|Sucker Punch||[still]\n|-fail|p1a: Kingambit\n|move|p2a: Maushold|Tidy Up|p2a: Maushold\n|-boost|p2a: Maushold|atk|1\n|-boost|p2a: Maushold|spe|1\n|\n|-heal|p1a: Kingambit|62\/100|[from] item: Leftovers\n|upkeep\n|turn|22\n|c|\u2606DabBuster184|damn\n|c|\u2606Im dumb srly|I wanted to go to hera\n|\n|t:|1700444326\n|move|p2a: Maushold|Population Bomb|p1a: Kingambit\n|-damage|p1a: Kingambit|50\/100\n|-damage|p1a: Kingambit|38\/100\n|-damage|p1a: Kingambit|24\/100\n|-crit|p1a: Kingambit\n|-damage|p1a: Kingambit|6\/100\n|-damage|p1a: Kingambit|0 fnt\n|faint|p1a: Kingambit\n|-hitcount|p1: Kingambit|5\n|\n|upkeep\n|c|\u2606DabBuster184|damn\n|\n|t:|1700444338\n|switch|p1a: Heracross|Heracross, M|100\/100\n|turn|23\n|\n|t:|1700444359\n|move|p2a: Maushold|Aerial Ace|p1a: Heracross\n|-supereffective|p1a: Heracross\n|-damage|p1a: Heracross|0 fnt\n|faint|p1a: Heracross\n|\n|upkeep\n|\n|t:|1700444365\n|switch|p1a: Altaria|Altaria, M|100\/100\n|turn|24\n|\n|t:|1700444370\n|move|p2a: Maushold|Population Bomb|p1a: Altaria\n|-damage|p1a: Altaria|81\/100\n|-damage|p1a: Altaria|58\/100\n|-damage|p1a: Altaria|38\/100\n|-damage|p1a: Altaria|18\/100\n|-damage|p1a: Altaria|0 fnt\n|faint|p1a: Altaria\n|-hitcount|p1: Altaria|5\n|\n|upkeep\n|c|\u2606Im dumb srly|Huhhh\n|c|\u2606DabBuster184|i think i sold ngl\n|\n|t:|1700444391\n|switch|p1a: Maushold|Maushold|100\/100\n|turn|25\n|\n|t:|1700444396\n|move|p2a: Maushold|Population Bomb|p1a: Maushold\n|-damage|p1a: Maushold|77\/100\n|-damage|p1a: Maushold|50\/100\n|-damage|p1a: Maushold|22\/100\n|-damage|p1a: Maushold|0 fnt\n|faint|p1a: Maushold\n|-hitcount|p1: Maushold|4\n|\n|win|Im dumb srly\n|n|\u2606DabBuster184|dabbuster184\n|n|\u2606Im dumb srly|imdumbsrly\n|n|*Lady Monita \u2746|ladymonita\n|n| Celestia74|celestia74\n|n| kanako-kun|kanakokun\n|n| gottacatchemalllll|gottacatchemalllll\n","uploadtime":1700444403,"views":10,"p1id":"dabbuster184","p2id":"imdumbsrly","formatid":"gen9ou","rating":0,"private":0,"password":""}