{"id":"gen9ou-1991463891","p1":"xxholderoftehhaxxx","p2":"Tenopiana","format":"[Gen 9] OU","log":"|j|\u2606xxholderoftehhaxxx\n|j|\u2606Tenopiana\n|t:|1700079346\n|gametype|singles\n|player|p1|xxholderoftehhaxxx|harlequin|1359\n|player|p2|Tenopiana|lady|1330\n|teamsize|p1|6\n|teamsize|p2|6\n|gen|9\n|tier|[Gen 9] OU\n|rated|\n|rule|Sleep Clause Mod: Limit one foe put to sleep\n|rule|Species Clause: Limit one of each Pok\u00e9mon\n|rule|OHKO Clause: OHKO moves are banned\n|rule|Evasion Items Clause: Evasion items are banned\n|rule|Evasion Moves Clause: Evasion moves are banned\n|rule|Endless Battle Clause: Forcing endless battles is banned\n|rule|HP Percentage Mod: HP is shown in percentages\n|clearpoke\n|poke|p1|Blissey, F|\n|poke|p1|Passimian, F|\n|poke|p1|Gholdengo|\n|poke|p1|Lycanroc-Dusk, F|\n|poke|p1|Samurott-Hisui, F|\n|poke|p1|Grimmsnarl, M|\n|poke|p2|Glimmora, F|\n|poke|p2|Ribombee, F|\n|poke|p2|Gholdengo|\n|poke|p2|Great Tusk|\n|poke|p2|Dragonite, M|\n|poke|p2|Kingambit, M|\n|teampreview\n|inactive|Battle timer is ON: inactive players will automatically lose when time's up. (requested by Tenopiana)\n|c|\u2606Tenopiana|glhf!\n|\n|t:|1700079359\n|start\n|switch|p1a: Samurott|Samurott-Hisui, F|100\/100\n|switch|p2a: Mar\u00eda|Ribombee, F, shiny|100\/100\n|turn|1\n|\n|t:|1700079363\n|move|p2a: Mar\u00eda|Moonblast|p1a: Samurott\n|-supereffective|p1a: Samurott\n|-enditem|p1a: Samurott|Focus Sash\n|-damage|p1a: Samurott|1\/100\n|move|p1a: Samurott|Encore|p2a: Mar\u00eda\n|-start|p2a: Mar\u00eda|Encore\n|\n|upkeep\n|turn|2\n|\n|t:|1700079365\n|switch|p1a: Blissey|Blissey, F|100\/100\n|move|p2a: Mar\u00eda|Moonblast|p1a: Blissey\n|-damage|p1a: Blissey|85\/100\n|\n|upkeep\n|turn|3\n|\n|t:|1700079368\n|switch|p2a: Venifleur|Glimmora, F|100\/100\n|move|p1a: Blissey|Fire Blast|p2a: Venifleur\n|-resisted|p2a: Venifleur\n|-damage|p2a: Venifleur|71\/100\n|\n|upkeep\n|turn|4\n|\n|t:|1700079372\n|switch|p1a: Samurott|Samurott-Hisui, F|1\/100\n|move|p2a: Venifleur|Stealth Rock|p1a: Samurott\n|-sidestart|p1: xxholderoftehhaxxx|move: Stealth Rock\n|\n|upkeep\n|turn|5\n|\n|t:|1700079380\n|move|p2a: Venifleur|Energy Ball|p1a: Samurott\n|-supereffective|p1a: Samurott\n|-damage|p1a: Samurott|0 fnt\n|faint|p1a: Samurott\n|\n|upkeep\n|\n|t:|1700079387\n|switch|p1a: Lycanroc|Lycanroc-Dusk, F|100\/100\n|-damage|p1a: Lycanroc|88\/100|[from] Stealth Rock\n|turn|6\n|\n|t:|1700079395\n|-terastallize|p2a: Venifleur|Grass\n|move|p1a: Lycanroc|Iron Head|p2a: Venifleur\n|-damage|p2a: Venifleur|16\/100\n|-activate|p2a: Venifleur|ability: Toxic Debris\n|-sidestart|p1: xxholderoftehhaxxx|move: Toxic Spikes\n|-damage|p1a: Lycanroc|78\/100|[from] item: Life Orb\n|move|p2a: Venifleur|Spikes|p1a: Lycanroc\n|-sidestart|p1: xxholderoftehhaxxx|Spikes\n|\n|upkeep\n|turn|7\n|\n|t:|1700079402\n|move|p1a: Lycanroc|Iron Head|p2a: Venifleur\n|-damage|p2a: Venifleur|0 fnt\n|-activate|p2a: Venifleur|ability: Toxic Debris\n|-sidestart|p1: xxholderoftehhaxxx|move: Toxic Spikes\n|faint|p2a: Venifleur\n|-damage|p1a: Lycanroc|68\/100|[from] item: Life Orb\n|\n|upkeep\n|inactive|Tenopiana has 120 seconds left.\n|inactive|Tenopiana has 90 seconds left.\n|\n|t:|1700079487\n|switch|p2a: Ishi|Great Tusk|100\/100\n|turn|8\n|\n|t:|1700079495\n|switch|p1a: Gholdengo|Gholdengo|100\/100\n|-damage|p1a: Gholdengo|94\/100|[from] Stealth Rock\n|-item|p1a: Gholdengo|Air Balloon\n|move|p2a: Ishi|Body Press|p1a: Gholdengo\n|-immune|p1a: Gholdengo\n|\n|upkeep\n|turn|9\n|\n|t:|1700079499\n|move|p2a: Ishi|Knock Off|p1a: Gholdengo\n|-supereffective|p1a: Gholdengo\n|-damage|p1a: Gholdengo|40\/100\n|-enditem|p1a: Gholdengo|Air Balloon\n|move|p1a: Gholdengo|Psychic|p2a: Ishi\n|-supereffective|p2a: Ishi\n|-damage|p2a: Ishi|12\/100\n|\n|upkeep\n|turn|10\n|inactive|Tenopiana has 90 seconds left.\n|\n|t:|1700079507\n|switch|p1a: Grimmsnarl|Grimmsnarl, M|100\/100\n|-damage|p1a: Grimmsnarl|88\/100|[from] Stealth Rock\n|-status|p1a: Grimmsnarl|tox\n|-damage|p1a: Grimmsnarl|76\/100 tox|[from] Spikes\n|move|p2a: Ishi|Earthquake|p1a: Grimmsnarl\n|-damage|p1a: Grimmsnarl|42\/100 tox\n|\n|-damage|p1a: Grimmsnarl|36\/100 tox|[from] psn\n|upkeep\n|turn|11\n|\n|t:|1700079512\n|move|p1a: Grimmsnarl|Reflect|p1a: Grimmsnarl\n|-sidestart|p1: xxholderoftehhaxxx|Reflect\n|move|p2a: Ishi|Earthquake|p1a: Grimmsnarl\n|-damage|p1a: Grimmsnarl|20\/100 tox\n|\n|-damage|p1a: Grimmsnarl|7\/100 tox|[from] psn\n|upkeep\n|turn|12\n|\n|t:|1700079519\n|-end|p2a: Ishi|Protosynthesis|[silent]\n|switch|p2a: r\/AnarchyChess|Kingambit, M|100\/100\n|-activate|p2a: r\/AnarchyChess|ability: Supreme Overlord\n|-start|p2a: r\/AnarchyChess|fallen1|[silent]\n|move|p1a: Grimmsnarl|Light Screen|p1a: Grimmsnarl\n|-sidestart|p1: xxholderoftehhaxxx|move: Light Screen\n|\n|-damage|p1a: Grimmsnarl|0 fnt|[from] psn\n|faint|p1a: Grimmsnarl\n|upkeep\n|\n|t:|1700079523\n|switch|p1a: Passimian|Passimian, F|100\/100\n|-damage|p1a: Passimian|94\/100|[from] Stealth Rock\n|-status|p1a: Passimian|tox\n|-damage|p1a: Passimian|82\/100 tox|[from] Spikes\n|turn|13\n|\n|t:|1700079530\n|-end|p2a: r\/AnarchyChess|fallen1|[silent]\n|switch|p2a: Ishi|Great Tusk|12\/100\n|move|p1a: Passimian|Bulk Up|p1a: Passimian\n|-boost|p1a: Passimian|atk|1\n|-boost|p1a: Passimian|def|1\n|\n|-damage|p1a: Passimian|76\/100 tox|[from] psn\n|upkeep\n|turn|14\n|\n|t:|1700079535\n|move|p1a: Passimian|Trailblaze|p2a: Ishi\n|-supereffective|p2a: Ishi\n|-damage|p2a: Ishi|0 fnt\n|-boost|p1a: Passimian|spe|1\n|-damage|p1a: Passimian|59\/100 tox|[from] item: Rocky Helmet|[of] p2a: Ishi\n|faint|p2a: Ishi\n|-end|p2a: Ishi|Protosynthesis|[silent]\n|\n|-damage|p1a: Passimian|47\/100 tox|[from] psn\n|upkeep\n|-enditem|p1a: Passimian|Sitrus Berry|[eat]\n|-heal|p1a: Passimian|72\/100 tox|[from] item: Sitrus Berry\n|inactive|Tenopiana has 120 seconds left.\n|\n|t:|1700079540\n|switch|p2a: Mar\u00eda|Ribombee, F, shiny|100\/100\n|turn|15\n|\n|t:|1700079548\n|-terastallize|p1a: Passimian|Poison\n|move|p2a: Mar\u00eda|Sticky Web|p1a: Passimian\n|-sidestart|p1: xxholderoftehhaxxx|move: Sticky Web\n|move|p1a: Passimian|Knock Off|p2a: Mar\u00eda\n|-resisted|p2a: Mar\u00eda\n|-damage|p2a: Mar\u00eda|46\/100\n|-enditem|p2a: Mar\u00eda|Focus Sash|[from] move: Knock Off|[of] p1a: Passimian\n|\n|-damage|p1a: Passimian|54\/100 tox|[from] psn\n|upkeep\n|turn|16\n|\n|t:|1700079554\n|move|p2a: Mar\u00eda|Tera Blast|p1a: Passimian\n|-damage|p1a: Passimian|37\/100 tox\n|move|p1a: Passimian|Trailblaze|p2a: Mar\u00eda\n|-resisted|p2a: Mar\u00eda\n|-damage|p2a: Mar\u00eda|18\/100\n|-boost|p1a: Passimian|spe|1\n|\n|-damage|p1a: Passimian|12\/100 tox|[from] psn\n|upkeep\n|turn|17\n|\n|t:|1700079560\n|move|p1a: Passimian|Drain Punch|p2a: Mar\u00eda\n|-resisted|p2a: Mar\u00eda\n|-damage|p2a: Mar\u00eda|0 fnt\n|-heal|p1a: Passimian|19\/100 tox|[from] drain|[of] p2a: Mar\u00eda\n|faint|p2a: Mar\u00eda\n|\n|-damage|p1a: Passimian|0 fnt|[from] psn\n|faint|p1a: Passimian\n|upkeep\n|\n|t:|1700079589\n|switch|p2a: Barney|Dragonite, M|100\/100\n|switch|p1a: Blissey|Blissey, F|85\/100\n|-damage|p1a: Blissey|73\/100|[from] Stealth Rock\n|-status|p1a: Blissey|tox\n|-damage|p1a: Blissey|60\/100 tox|[from] Spikes\n|-activate|p1a: Blissey|move: Sticky Web\n|-unboost|p1a: Blissey|spe|1\n|turn|18\n|\n|t:|1700079592\n|move|p2a: Barney|Dragon Dance|p2a: Barney\n|-boost|p2a: Barney|atk|1\n|-boost|p2a: Barney|spe|1\n|move|p1a: Blissey|Ice Beam|p2a: Barney\n|-supereffective|p2a: Barney\n|-damage|p2a: Barney|22\/100\n|\n|-damage|p1a: Blissey|54\/100 tox|[from] psn\n|-sideend|p1: xxholderoftehhaxxx|Reflect\n|upkeep\n|turn|19\n|\n|t:|1700079604\n|move|p2a: Barney|Earthquake|p1a: Blissey\n|-damage|p1a: Blissey|0 fnt\n|faint|p1a: Blissey\n|\n|-sideend|p1: xxholderoftehhaxxx|move: Light Screen\n|upkeep\n|\n|t:|1700079608\n|switch|p1a: Lycanroc|Lycanroc-Dusk, F|68\/100\n|-damage|p1a: Lycanroc|56\/100|[from] Stealth Rock\n|-status|p1a: Lycanroc|tox\n|-damage|p1a: Lycanroc|43\/100 tox|[from] Spikes\n|-activate|p1a: Lycanroc|move: Sticky Web\n|-unboost|p1a: Lycanroc|spe|1\n|turn|20\n|\n|t:|1700079610\n|move|p1a: Lycanroc|Accelerock|p2a: Barney\n|-supereffective|p2a: Barney\n|-damage|p2a: Barney|0 fnt\n|faint|p2a: Barney\n|-damage|p1a: Lycanroc|33\/100 tox|[from] item: Life Orb\n|\n|-damage|p1a: Lycanroc|27\/100 tox|[from] psn\n|upkeep\n|\n|t:|1700079616\n|switch|p2a: r\/AnarchyChess|Kingambit, M|100\/100\n|-activate|p2a: r\/AnarchyChess|ability: Supreme Overlord\n|-start|p2a: r\/AnarchyChess|fallen4|[silent]\n|turn|21\n|\n|t:|1700079619\n|move|p2a: r\/AnarchyChess|Sucker Punch|p1a: Lycanroc\n|-damage|p1a: Lycanroc|0 fnt\n|faint|p1a: Lycanroc\n|\n|upkeep\n|\n|t:|1700079621\n|switch|p1a: Gholdengo|Gholdengo|40\/100\n|-damage|p1a: Gholdengo|34\/100|[from] Stealth Rock\n|-damage|p1a: Gholdengo|21\/100|[from] Spikes\n|-activate|p1a: Gholdengo|move: Sticky Web\n|-unboost|p1a: Gholdengo|spe|1\n|turn|22\n|c|\u2606Tenopiana|ggwp\n|\n|t:|1700079624\n|move|p2a: r\/AnarchyChess|Kowtow Cleave|p1a: Gholdengo\n|-supereffective|p1a: Gholdengo\n|-damage|p1a: Gholdengo|0 fnt\n|faint|p1a: Gholdengo\n|\n|win|Tenopiana\n|raw|xxholderoftehhaxxx's rating: 1359 &rarr; <strong>1337<\/strong><br \/>(-22 for losing)\n|raw|Tenopiana's rating: 1330 &rarr; <strong>1352<\/strong><br \/>(+22 for winning)\n|l|\u2606xxholderoftehhaxxx\n|c|\u2606Tenopiana|ggwp\n","uploadtime":1700079646,"views":16,"p1id":"xxholderoftehhaxxx","p2id":"tenopiana","formatid":"gen9ou","rating":1337,"private":0,"password":""}