{"id":"gen9ou-1988600505","p1":"Mista_Meaty","p2":"Junninx","format":"[Gen 9] OU","log":"|j|\u2606Mista_Meaty\n|j|\u2606Junninx\n|t:|1699740594\n|gametype|singles\n|player|p1|Mista_Meaty|hiker-gen4|1218\n|player|p2|Junninx|101|1337\n|teamsize|p1|6\n|teamsize|p2|6\n|gen|9\n|tier|[Gen 9] OU\n|rated|\n|rule|Sleep Clause Mod: Limit one foe put to sleep\n|rule|Species Clause: Limit one of each Pok\u00e9mon\n|rule|OHKO Clause: OHKO moves are banned\n|rule|Evasion Items Clause: Evasion items are banned\n|rule|Evasion Moves Clause: Evasion moves are banned\n|rule|Endless Battle Clause: Forcing endless battles is banned\n|rule|HP Percentage Mod: HP is shown in percentages\n|clearpoke\n|poke|p1|Dragapult, M|\n|poke|p1|Toxapex, F|\n|poke|p1|Great Tusk|\n|poke|p1|Clefable, M|\n|poke|p1|Zapdos|\n|poke|p1|Iron Moth|\n|poke|p2|Pelipper, M|\n|poke|p2|Floatzel, F|\n|poke|p2|Barraskewda, M|\n|poke|p2|Manaphy|\n|poke|p2|Clodsire, M|\n|poke|p2|Kilowattrel, F|\n|teampreview\n|\n|t:|1699740608\n|start\n|switch|p1a: big dawg|Great Tusk, shiny|100\/100\n|switch|p2a: Pelipper|Pelipper, M|100\/100\n|-weather|RainDance|[from] ability: Drizzle|[of] p2a: Pelipper\n|-enditem|p1a: big dawg|Booster Energy\n|-activate|p1a: big dawg|ability: Protosynthesis|[fromitem]\n|-start|p1a: big dawg|protosynthesisspe\n|turn|1\n|\n|t:|1699740616\n|move|p1a: big dawg|Ice Spinner|p2a: Pelipper\n|-damage|p2a: Pelipper|81\/100\n|move|p2a: Pelipper|Hydro Pump|p1a: big dawg|[miss]\n|-miss|p2a: Pelipper|p1a: big dawg\n|\n|-weather|RainDance|[upkeep]\n|upkeep\n|turn|2\n|\n|t:|1699740630\n|-end|p1a: big dawg|Protosynthesis|[silent]\n|switch|p1a: oops u died|Toxapex, F, shiny|100\/100\n|switch|p2a: Kilowattrel|Kilowattrel, F|100\/100\n|\n|-weather|RainDance|[upkeep]\n|upkeep\n|turn|3\n|\n|t:|1699740642\n|move|p2a: Kilowattrel|Thunder|p1a: oops u died\n|-supereffective|p1a: oops u died\n|-damage|p1a: oops u died|22\/100\n|-status|p1a: oops u died|par\n|move|p1a: oops u died|Toxic|p2a: Kilowattrel\n|-status|p2a: Kilowattrel|tox\n|\n|-weather|RainDance|[upkeep]\n|-heal|p1a: oops u died|28\/100 par|[from] item: Leftovers\n|-damage|p2a: Kilowattrel|94\/100 tox|[from] psn\n|upkeep\n|turn|4\n|\n|t:|1699740655\n|switch|p1a: big dawg|Great Tusk, shiny|100\/100\n|move|p2a: Kilowattrel|Volt Switch|p1a: big dawg\n|-immune|p1a: big dawg\n|\n|-weather|RainDance|[upkeep]\n|-damage|p2a: Kilowattrel|82\/100 tox|[from] psn\n|upkeep\n|turn|5\n|\n|t:|1699740663\n|move|p2a: Kilowattrel|Hurricane|p1a: big dawg\n|-supereffective|p1a: big dawg\n|-damage|p1a: big dawg|0 fnt\n|faint|p1a: big dawg\n|-end|p1a: big dawg|Protosynthesis|[silent]\n|\n|-weather|RainDance|[upkeep]\n|-damage|p2a: Kilowattrel|64\/100 tox|[from] psn\n|upkeep\n|inactive|Battle timer is ON: inactive players will automatically lose when time's up. (requested by Junninx)\n|c|\u2606Mista_Meaty|did not expect the speed damn\n|\n|t:|1699740701\n|switch|p1a: alivegar|Clefable, M, shiny|100\/100\n|turn|6\n|\n|t:|1699740713\n|move|p2a: Kilowattrel|Volt Switch|p1a: alivegar\n|-damage|p1a: alivegar|68\/100\n|\n|t:|1699740716\n|switch|p2a: Clodsire|Clodsire, M|100\/100|[from] Volt Switch\n|move|p1a: alivegar|Calm Mind|p1a: alivegar\n|-boost|p1a: alivegar|spa|1\n|-boost|p1a: alivegar|spd|1\n|\n|-weather|RainDance|[upkeep]\n|-heal|p1a: alivegar|74\/100|[from] item: Leftovers\n|upkeep\n|turn|7\n|inactive|Mista_Meaty has 120 seconds left.\n|\n|t:|1699740750\n|move|p1a: alivegar|Calm Mind|p1a: alivegar\n|-boost|p1a: alivegar|spa|1\n|-boost|p1a: alivegar|spd|1\n|move|p2a: Clodsire|Yawn|p1a: alivegar\n|-start|p1a: alivegar|move: Yawn|[of] p2a: Clodsire\n|\n|-weather|RainDance|[upkeep]\n|-heal|p1a: alivegar|80\/100|[from] item: Leftovers\n|upkeep\n|turn|8\n|inactive|Mista_Meaty has 120 seconds left.\n|\n|t:|1699740771\n|switch|p1a: wood crawler|Dragapult, M, shiny|100\/100\n|move|p2a: Clodsire|Stealth Rock|p1a: wood crawler\n|-sidestart|p1: Mista_Meaty|move: Stealth Rock\n|\n|-weather|none\n|upkeep\n|turn|9\n|\n|t:|1699740784\n|move|p1a: wood crawler|Flamethrower|p2a: Clodsire\n|-damage|p2a: Clodsire|81\/100\n|move|p2a: Clodsire|Yawn|p1a: wood crawler\n|-start|p1a: wood crawler|move: Yawn|[of] p2a: Clodsire\n|\n|-heal|p2a: Clodsire|87\/100|[from] item: Black Sludge\n|upkeep\n|turn|10\n|\n|t:|1699740793\n|switch|p2a: Pelipper|Pelipper, M|81\/100\n|-weather|RainDance|[from] ability: Drizzle|[of] p2a: Pelipper\n|move|p1a: wood crawler|Flamethrower|p2a: Pelipper\n|-resisted|p2a: Pelipper\n|-damage|p2a: Pelipper|67\/100\n|\n|-weather|RainDance|[upkeep]\n|-end|p1a: wood crawler|move: Yawn|[silent]\n|-status|p1a: wood crawler|slp\n|upkeep\n|turn|11\n|inactive|Mista_Meaty has 120 seconds left.\n|\n|t:|1699740803\n|switch|p1a: alivegar|Clefable, M, shiny|80\/100\n|move|p2a: Pelipper|U-turn|p1a: alivegar\n|-resisted|p1a: alivegar\n|-damage|p1a: alivegar|76\/100\n|\n|t:|1699740810\n|switch|p2a: Barraskewda|Barraskewda, M|100\/100|[from] U-turn\n|\n|-weather|RainDance|[upkeep]\n|-heal|p1a: alivegar|82\/100|[from] item: Leftovers\n|upkeep\n|turn|12\n|\n|t:|1699740828\n|-terastallize|p1a: alivegar|Water\n|move|p2a: Barraskewda|Poison Jab|p1a: alivegar\n|-damage|p1a: alivegar|54\/100\n|-damage|p2a: Barraskewda|91\/100|[from] item: Life Orb\n|move|p1a: alivegar|Moonblast|p2a: Barraskewda\n|-damage|p2a: Barraskewda|22\/100\n|\n|-weather|RainDance|[upkeep]\n|-heal|p1a: alivegar|60\/100|[from] item: Leftovers\n|upkeep\n|turn|13\n|\n|t:|1699740841\n|move|p2a: Barraskewda|Flip Turn|p1a: alivegar\n|-resisted|p1a: alivegar\n|-damage|p1a: alivegar|33\/100\n|-damage|p2a: Barraskewda|12\/100|[from] item: Life Orb\n|\n|t:|1699740853\n|switch|p2a: Kilowattrel|Kilowattrel, F|64\/100 tox|[from] Flip Turn\n|move|p1a: alivegar|Moonlight|p1a: alivegar\n|-heal|p1a: alivegar|58\/100\n|\n|-weather|RainDance|[upkeep]\n|-heal|p1a: alivegar|64\/100|[from] item: Leftovers\n|-damage|p2a: Kilowattrel|58\/100 tox|[from] psn\n|upkeep\n|turn|14\n|\n|t:|1699740867\n|switch|p1a: wood crawler|Dragapult, M, shiny|100\/100 slp\n|-damage|p1a: wood crawler|88\/100 slp|[from] Stealth Rock\n|move|p2a: Kilowattrel|Thunder|p1a: wood crawler\n|-resisted|p1a: wood crawler\n|-damage|p1a: wood crawler|52\/100 slp\n|\n|-weather|RainDance|[upkeep]\n|-damage|p2a: Kilowattrel|46\/100 tox|[from] psn\n|upkeep\n|turn|15\n|\n|t:|1699740879\n|cant|p1a: wood crawler|slp\n|move|p2a: Kilowattrel|Hurricane|p1a: wood crawler\n|-damage|p1a: wood crawler|0 fnt\n|faint|p1a: wood crawler\n|\n|-weather|RainDance|[upkeep]\n|-damage|p2a: Kilowattrel|28\/100 tox|[from] psn\n|upkeep\n|\n|t:|1699740886\n|switch|p1a: ziptwo|Zapdos|100\/100\n|turn|16\n|\n|t:|1699740892\n|move|p2a: Kilowattrel|Volt Switch|p1a: ziptwo\n|-damage|p1a: ziptwo|67\/100\n|\n|t:|1699740898\n|switch|p2a: Clodsire|Clodsire, M|87\/100|[from] Volt Switch\n|move|p1a: ziptwo|Roost|p1a: ziptwo\n|-heal|p1a: ziptwo|100\/100\n|-singleturn|p1a: ziptwo|move: Roost\n|\n|-weather|RainDance|[upkeep]\n|-heal|p2a: Clodsire|93\/100|[from] item: Black Sludge\n|upkeep\n|turn|17\n|\n|t:|1699740907\n|move|p1a: ziptwo|Hurricane|p2a: Clodsire\n|-damage|p2a: Clodsire|65\/100\n|-start|p2a: Clodsire|confusion\n|-activate|p2a: Clodsire|confusion\n|-damage|p2a: Clodsire|56\/100|[from] confusion\n|\n|-weather|none\n|-heal|p2a: Clodsire|62\/100|[from] item: Black Sludge\n|upkeep\n|turn|18\n|\n|t:|1699740921\n|switch|p2a: Pelipper|Pelipper, M|67\/100\n|-weather|RainDance|[from] ability: Drizzle|[of] p2a: Pelipper\n|move|p1a: ziptwo|Hurricane|p2a: Pelipper\n|-damage|p2a: Pelipper|0 fnt\n|faint|p2a: Pelipper\n|\n|-weather|RainDance|[upkeep]\n|upkeep\n|\n|t:|1699740938\n|switch|p2a: Barraskewda|Barraskewda, M|12\/100\n|turn|19\n|\n|t:|1699740943\n|move|p2a: Barraskewda|Liquidation|p1a: ziptwo\n|-damage|p1a: ziptwo|0 fnt\n|-status|p2a: Barraskewda|par|[from] ability: Static|[of] p1a: ziptwo\n|faint|p1a: ziptwo\n|-damage|p2a: Barraskewda|2\/100 par|[from] item: Life Orb\n|\n|-weather|RainDance|[upkeep]\n|upkeep\n|\n|t:|1699740954\n|switch|p1a: not iron at all|Iron Moth, shiny|100\/100\n|-damage|p1a: not iron at all|76\/100|[from] Stealth Rock\n|-enditem|p1a: not iron at all|Booster Energy\n|-activate|p1a: not iron at all|ability: Quark Drive|[fromitem]\n|-start|p1a: not iron at all|quarkdrivespe\n|turn|20\n|\n|t:|1699740970\n|move|p1a: not iron at all|Substitute|p1a: not iron at all\n|-start|p1a: not iron at all|Substitute\n|-damage|p1a: not iron at all|51\/100\n|move|p2a: Barraskewda|Liquidation|p1a: not iron at all\n|-supereffective|p1a: not iron at all\n|-end|p1a: not iron at all|Substitute\n|-damage|p2a: Barraskewda|0 fnt|[from] item: Life Orb\n|faint|p2a: Barraskewda\n|\n|-weather|RainDance|[upkeep]\n|upkeep\n|\n|t:|1699740975\n|switch|p2a: Floatzel|Floatzel, F|100\/100\n|turn|21\n|\n|t:|1699740985\n|move|p2a: Floatzel|Flip Turn|p1a: not iron at all\n|-supereffective|p1a: not iron at all\n|-damage|p1a: not iron at all|0 fnt\n|faint|p1a: not iron at all\n|-end|p1a: not iron at all|Quark Drive|[silent]\n|-damage|p2a: Floatzel|91\/100|[from] item: Life Orb\n|\n|t:|1699741002\n|switch|p2a: Kilowattrel|Kilowattrel, F|28\/100 tox|[from] Flip Turn\n|\n|-weather|RainDance|[upkeep]\n|-damage|p2a: Kilowattrel|22\/100 tox|[from] psn\n|upkeep\n|\n|t:|1699741009\n|switch|p1a: oops u died|Toxapex, F, shiny|61\/100 par\n|-damage|p1a: oops u died|49\/100 par|[from] Stealth Rock\n|turn|22\n|\n|t:|1699741014\n|move|p1a: oops u died|Baneful Bunker|p1a: oops u died\n|-singleturn|p1a: oops u died|move: Protect\n|move|p2a: Kilowattrel|Thunder|p1a: oops u died\n|-activate|p1a: oops u died|move: Protect\n|\n|-weather|RainDance|[upkeep]\n|-heal|p1a: oops u died|55\/100 par|[from] item: Leftovers\n|-damage|p2a: Kilowattrel|10\/100 tox|[from] psn\n|upkeep\n|turn|23\n|\n|t:|1699741023\n|move|p2a: Kilowattrel|Thunder|p1a: oops u died\n|-supereffective|p1a: oops u died\n|-damage|p1a: oops u died|0 fnt\n|faint|p1a: oops u died\n|\n|-weather|RainDance|[upkeep]\n|-damage|p2a: Kilowattrel|0 fnt|[from] psn\n|faint|p2a: Kilowattrel\n|upkeep\n|\n|t:|1699741033\n|switch|p2a: Floatzel|Floatzel, F|91\/100\n|switch|p1a: alivegar|Clefable, M, shiny, tera:Water|64\/100\n|turn|24\n|\n|t:|1699741038\n|move|p2a: Floatzel|Wave Crash|p1a: alivegar\n|-resisted|p1a: alivegar\n|-damage|p1a: alivegar|22\/100\n|-damage|p2a: Floatzel|73\/100|[from] Recoil\n|-damage|p2a: Floatzel|64\/100|[from] item: Life Orb\n|move|p1a: alivegar|Moonlight|p1a: alivegar\n|-heal|p1a: alivegar|47\/100\n|\n|-weather|RainDance|[upkeep]\n|-heal|p1a: alivegar|53\/100|[from] item: Leftovers\n|upkeep\n|turn|25\n|\n|t:|1699741050\n|move|p2a: Floatzel|Wave Crash|p1a: alivegar\n|-resisted|p1a: alivegar\n|-damage|p1a: alivegar|8\/100\n|-damage|p2a: Floatzel|46\/100|[from] Recoil\n|-damage|p2a: Floatzel|36\/100|[from] item: Life Orb\n|move|p1a: alivegar|Moonlight|p1a: alivegar\n|-heal|p1a: alivegar|33\/100\n|\n|-weather|none\n|-heal|p1a: alivegar|39\/100|[from] item: Leftovers\n|upkeep\n|turn|26\n|\n|t:|1699741065\n|move|p2a: Floatzel|Wave Crash|p1a: alivegar\n|-resisted|p1a: alivegar\n|-damage|p1a: alivegar|10\/100\n|-damage|p2a: Floatzel|24\/100|[from] Recoil\n|-damage|p2a: Floatzel|14\/100|[from] item: Life Orb\n|move|p1a: alivegar|Moonlight|p1a: alivegar\n|-heal|p1a: alivegar|59\/100\n|\n|-heal|p1a: alivegar|65\/100|[from] item: Leftovers\n|upkeep\n|turn|27\n|c|\u2606Mista_Meaty|barely\n|\n|t:|1699741081\n|move|p2a: Floatzel|Wave Crash|p1a: alivegar\n|-resisted|p1a: alivegar\n|-damage|p1a: alivegar|34\/100\n|-damage|p2a: Floatzel|1\/100|[from] Recoil\n|-damage|p2a: Floatzel|0 fnt|[from] item: Life Orb\n|faint|p2a: Floatzel\n|move|p1a: alivegar|Moonlight|p1a: alivegar\n|-heal|p1a: alivegar|84\/100\n|\n|-heal|p1a: alivegar|90\/100|[from] item: Leftovers\n|upkeep\n|\n|t:|1699741085\n|switch|p2a: Clodsire|Clodsire, M|62\/100\n|turn|28\n|\n|t:|1699741093\n|move|p1a: alivegar|Psychic|p2a: Clodsire\n|-supereffective|p2a: Clodsire\n|-damage|p2a: Clodsire|41\/100\n|move|p2a: Clodsire|Yawn|p1a: alivegar\n|-start|p1a: alivegar|move: Yawn|[of] p2a: Clodsire\n|\n|-heal|p1a: alivegar|97\/100|[from] item: Leftovers\n|-heal|p2a: Clodsire|47\/100|[from] item: Black Sludge\n|upkeep\n|turn|29\n|\n|t:|1699741103\n|move|p1a: alivegar|Calm Mind|p1a: alivegar\n|-boost|p1a: alivegar|spa|1\n|-boost|p1a: alivegar|spd|1\n|move|p2a: Clodsire|Recover|p2a: Clodsire\n|-heal|p2a: Clodsire|97\/100\n|\n|-heal|p1a: alivegar|100\/100|[from] item: Leftovers\n|-heal|p2a: Clodsire|100\/100|[from] item: Black Sludge\n|-end|p1a: alivegar|move: Yawn|[silent]\n|-status|p1a: alivegar|slp\n|upkeep\n|turn|30\n|\n|t:|1699741113\n|cant|p1a: alivegar|slp\n|move|p2a: Clodsire|Earthquake|p1a: alivegar\n|-crit|p1a: alivegar\n|-damage|p1a: alivegar|69\/100 slp\n|\n|-heal|p1a: alivegar|76\/100 slp|[from] item: Leftovers\n|upkeep\n|turn|31\n|\n|t:|1699741119\n|cant|p1a: alivegar|slp\n|move|p2a: Clodsire|Earthquake|p1a: alivegar\n|-damage|p1a: alivegar|54\/100 slp\n|\n|-heal|p1a: alivegar|60\/100 slp|[from] item: Leftovers\n|upkeep\n|turn|32\n|\n|t:|1699741126\n|-curestatus|p1a: alivegar|slp|[msg]\n|move|p1a: alivegar|Calm Mind|p1a: alivegar\n|-boost|p1a: alivegar|spa|1\n|-boost|p1a: alivegar|spd|1\n|move|p2a: Clodsire|Earthquake|p1a: alivegar\n|-damage|p1a: alivegar|40\/100\n|\n|-heal|p1a: alivegar|46\/100|[from] item: Leftovers\n|upkeep\n|turn|33\n|\n|t:|1699741134\n|move|p1a: alivegar|Psychic|p2a: Clodsire\n|-supereffective|p2a: Clodsire\n|-damage|p2a: Clodsire|62\/100\n|move|p2a: Clodsire|Yawn|p1a: alivegar\n|-start|p1a: alivegar|move: Yawn|[of] p2a: Clodsire\n|\n|-heal|p1a: alivegar|52\/100|[from] item: Leftovers\n|-heal|p2a: Clodsire|68\/100|[from] item: Black Sludge\n|upkeep\n|turn|34\n|\n|t:|1699741143\n|move|p1a: alivegar|Moonlight|p1a: alivegar\n|-heal|p1a: alivegar|100\/100\n|move|p2a: Clodsire|Earthquake|p1a: alivegar\n|-damage|p1a: alivegar|78\/100\n|\n|-heal|p1a: alivegar|84\/100|[from] item: Leftovers\n|-heal|p2a: Clodsire|74\/100|[from] item: Black Sludge\n|-end|p1a: alivegar|move: Yawn|[silent]\n|-status|p1a: alivegar|slp\n|upkeep\n|turn|35\n|\n|t:|1699741152\n|cant|p1a: alivegar|slp\n|move|p2a: Clodsire|Earthquake|p1a: alivegar\n|-damage|p1a: alivegar|61\/100 slp\n|\n|-heal|p1a: alivegar|67\/100 slp|[from] item: Leftovers\n|-heal|p2a: Clodsire|80\/100|[from] item: Black Sludge\n|upkeep\n|turn|36\n|\n|t:|1699741160\n|-curestatus|p1a: alivegar|slp|[msg]\n|move|p1a: alivegar|Calm Mind|p1a: alivegar\n|-boost|p1a: alivegar|spa|1\n|-boost|p1a: alivegar|spd|1\n|move|p2a: Clodsire|Earthquake|p1a: alivegar\n|-damage|p1a: alivegar|46\/100\n|\n|-heal|p1a: alivegar|52\/100|[from] item: Leftovers\n|-heal|p2a: Clodsire|87\/100|[from] item: Black Sludge\n|upkeep\n|turn|37\n|\n|t:|1699741175\n|move|p1a: alivegar|Moonlight|p1a: alivegar\n|-heal|p1a: alivegar|100\/100\n|move|p2a: Clodsire|Yawn|p1a: alivegar\n|-start|p1a: alivegar|move: Yawn|[of] p2a: Clodsire\n|\n|-heal|p2a: Clodsire|93\/100|[from] item: Black Sludge\n|upkeep\n|turn|38\n|\n|t:|1699741182\n|move|p1a: alivegar|Calm Mind|p1a: alivegar\n|-boost|p1a: alivegar|spa|1\n|-boost|p1a: alivegar|spd|1\n|move|p2a: Clodsire|Earthquake|p1a: alivegar\n|-damage|p1a: alivegar|77\/100\n|\n|-heal|p1a: alivegar|83\/100|[from] item: Leftovers\n|-heal|p2a: Clodsire|99\/100|[from] item: Black Sludge\n|-end|p1a: alivegar|move: Yawn|[silent]\n|-status|p1a: alivegar|slp\n|upkeep\n|turn|39\n|\n|t:|1699741191\n|cant|p1a: alivegar|slp\n|move|p2a: Clodsire|Earthquake|p1a: alivegar\n|-damage|p1a: alivegar|60\/100 slp\n|\n|-heal|p1a: alivegar|66\/100 slp|[from] item: Leftovers\n|-heal|p2a: Clodsire|100\/100|[from] item: Black Sludge\n|upkeep\n|turn|40\n|\n|t:|1699741199\n|-curestatus|p1a: alivegar|slp|[msg]\n|move|p1a: alivegar|Moonlight|p1a: alivegar\n|-heal|p1a: alivegar|100\/100\n|move|p2a: Clodsire|Earthquake|p1a: alivegar\n|-damage|p1a: alivegar|80\/100\n|\n|-heal|p1a: alivegar|86\/100|[from] item: Leftovers\n|upkeep\n|turn|41\n|\n|t:|1699741207\n|move|p1a: alivegar|Calm Mind|p1a: alivegar\n|-boost|p1a: alivegar|spa|1\n|-boost|p1a: alivegar|spd|1\n|move|p2a: Clodsire|Yawn|p1a: alivegar\n|-start|p1a: alivegar|move: Yawn|[of] p2a: Clodsire\n|\n|-heal|p1a: alivegar|93\/100|[from] item: Leftovers\n|upkeep\n|turn|42\n|\n|t:|1699741214\n|move|p1a: alivegar|Psychic|p2a: Clodsire\n|-supereffective|p2a: Clodsire\n|-damage|p2a: Clodsire|29\/100\n|move|p2a: Clodsire|Earthquake|p1a: alivegar\n|-damage|p1a: alivegar|71\/100\n|\n|-heal|p1a: alivegar|77\/100|[from] item: Leftovers\n|-heal|p2a: Clodsire|36\/100|[from] item: Black Sludge\n|-end|p1a: alivegar|move: Yawn|[silent]\n|-status|p1a: alivegar|slp\n|upkeep\n|turn|43\n|\n|t:|1699741225\n|cant|p1a: alivegar|slp\n|move|p2a: Clodsire|Recover|p2a: Clodsire\n|-heal|p2a: Clodsire|86\/100\n|\n|-heal|p1a: alivegar|83\/100 slp|[from] item: Leftovers\n|-heal|p2a: Clodsire|92\/100|[from] item: Black Sludge\n|upkeep\n|turn|44\n|\n|t:|1699741233\n|cant|p1a: alivegar|slp\n|move|p2a: Clodsire|Earthquake|p1a: alivegar\n|-damage|p1a: alivegar|63\/100 slp\n|\n|-heal|p1a: alivegar|69\/100 slp|[from] item: Leftovers\n|-heal|p2a: Clodsire|98\/100|[from] item: Black Sludge\n|upkeep\n|turn|45\n|\n|t:|1699741240\n|-curestatus|p1a: alivegar|slp|[msg]\n|move|p1a: alivegar|Psychic|p2a: Clodsire\n|-supereffective|p2a: Clodsire\n|-damage|p2a: Clodsire|19\/100\n|move|p2a: Clodsire|Earthquake|p1a: alivegar\n|-damage|p1a: alivegar|48\/100\n|\n|-heal|p1a: alivegar|54\/100|[from] item: Leftovers\n|-heal|p2a: Clodsire|25\/100|[from] item: Black Sludge\n|upkeep\n|turn|46\n|-message|Junninx forfeited.\n|\n|win|Mista_Meaty\n|raw|Mista_Meaty's rating: 1218 &rarr; <strong>1251<\/strong><br \/>(+33 for winning)\n|raw|Junninx's rating: 1337 &rarr; <strong>1310<\/strong><br \/>(-27 for losing)\n|l|\u2606Junninx\n","uploadtime":1699741264,"views":23,"p1id":"mistameaty","p2id":"junninx","formatid":"gen9ou","rating":1251,"private":0,"password":""}