{"id":"gen9ou-1994449047","p1":"Sh0lopE3","p2":"ratatta17","format":"[Gen 9] OU","log":"|j|\u2606Sh0lopE3\n|j|\u2606ratatta17\n|t:|1700445170\n|gametype|singles\n|player|p1|Sh0lopE3|aromalady|1505\n|player|p2|ratatta17|170|1542\n|teamsize|p1|6\n|teamsize|p2|6\n|gen|9\n|tier|[Gen 9] OU\n|rated|\n|rule|Sleep Clause Mod: Limit one foe put to sleep\n|rule|Species Clause: Limit one of each Pok\u00e9mon\n|rule|OHKO Clause: OHKO moves are banned\n|rule|Evasion Items Clause: Evasion items are banned\n|rule|Evasion Moves Clause: Evasion moves are banned\n|rule|Endless Battle Clause: Forcing endless battles is banned\n|rule|HP Percentage Mod: HP is shown in percentages\n|clearpoke\n|poke|p1|Landorus-Therian, M|\n|poke|p1|Iron Moth|\n|poke|p1|Slowking-Galar, F|\n|poke|p1|Ogerpon-Cornerstone, F|\n|poke|p1|Mandibuzz, F|\n|poke|p1|Gholdengo|\n|poke|p2|Azumarill, M|\n|poke|p2|Staraptor, M|\n|poke|p2|Toedscruel, F|\n|poke|p2|Skeledirge, F|\n|poke|p2|Ninetales-Alola, F|\n|poke|p2|Iron Valiant|\n|teampreview\n|inactive|Battle timer is ON: inactive players will automatically lose when time's up. (requested by ratatta17)\n|\n|t:|1700445201\n|start\n|switch|p1a: Ogerpon|Ogerpon-Cornerstone, F|100\/100\n|switch|p2a: Staraptor|Staraptor, M|100\/100\n|-ability|p2a: Staraptor|Intimidate|boost\n|-unboost|p1a: Ogerpon|atk|1\n|turn|1\n|\n|t:|1700445212\n|switch|p1a: NEVER LANDOVER|Landorus-Therian, M|100\/100\n|-ability|p1a: NEVER LANDOVER|Intimidate|boost\n|-unboost|p2a: Staraptor|atk|1\n|move|p2a: Staraptor|Final Gambit|p1a: NEVER LANDOVER\n|-damage|p1a: NEVER LANDOVER|0 fnt\n|faint|p2a: Staraptor\n|faint|p1a: NEVER LANDOVER\n|\n|upkeep\n|\n|t:|1700445224\n|switch|p2a: Skeledirge|Skeledirge, F|100\/100\n|switch|p1a: Ogerpon|Ogerpon-Cornerstone, F|100\/100\n|turn|2\n|\n|t:|1700445227\n|-terastallize|p2a: Skeledirge|Dragon\n|move|p1a: Ogerpon|Ivy Cudgel|p2a: Skeledirge|[anim] Ivy Cudgel Rock\n|-damage|p2a: Skeledirge|54\/100\n|move|p2a: Skeledirge|Will-O-Wisp|p1a: Ogerpon\n|-status|p1a: Ogerpon|brn\n|\n|-heal|p2a: Skeledirge|60\/100|[from] item: Leftovers\n|-damage|p1a: Ogerpon|95\/100 brn|[from] brn\n|upkeep\n|turn|3\n|\n|t:|1700445240\n|switch|p1a: Slowking|Slowking-Galar, F|100\/100\n|move|p2a: Skeledirge|Torch Song|p1a: Slowking\n|-damage|p1a: Slowking|82\/100\n|-boost|p2a: Skeledirge|spa|1\n|\n|-heal|p2a: Skeledirge|66\/100|[from] item: Leftovers\n|upkeep\n|turn|4\n|\n|t:|1700445245\n|move|p2a: Skeledirge|Will-O-Wisp|p1a: Slowking\n|-status|p1a: Slowking|brn\n|move|p1a: Slowking|Sludge Bomb|p2a: Skeledirge\n|-damage|p2a: Skeledirge|43\/100\n|\n|-heal|p2a: Skeledirge|49\/100|[from] item: Leftovers\n|-damage|p1a: Slowking|76\/100 brn|[from] brn\n|upkeep\n|turn|5\n|\n|t:|1700445252\n|move|p2a: Skeledirge|Hex|p1a: Slowking\n|-supereffective|p1a: Slowking\n|-damage|p1a: Slowking|0 fnt\n|faint|p1a: Slowking\n|\n|-heal|p2a: Skeledirge|55\/100|[from] item: Leftovers\n|upkeep\n|j| spin da bloc\n|\n|t:|1700445265\n|switch|p1a: Mandibuzz|Mandibuzz, F|100\/100\n|turn|6\n|l| spin da bloc\n|\n|t:|1700445273\n|switch|p2a: Iron Valiant|Iron Valiant|100\/100\n|move|p1a: Mandibuzz|Toxic|p2a: Iron Valiant\n|-status|p2a: Iron Valiant|tox\n|\n|-damage|p2a: Iron Valiant|94\/100 tox|[from] psn\n|upkeep\n|turn|7\n|\n|t:|1700445285\n|switch|p1a: Gholdengo|Gholdengo|100\/100\n|move|p2a: Iron Valiant|Knock Off|p1a: Gholdengo\n|-supereffective|p1a: Gholdengo\n|-damage|p1a: Gholdengo|45\/100\n|-enditem|p1a: Gholdengo|Leftovers|[from] move: Knock Off|[of] p2a: Iron Valiant\n|-damage|p2a: Iron Valiant|85\/100 tox|[from] item: Life Orb\n|\n|-damage|p2a: Iron Valiant|72\/100 tox|[from] psn\n|upkeep\n|turn|8\n|\n|t:|1700445290\n|move|p2a: Iron Valiant|Knock Off|p1a: Gholdengo\n|-supereffective|p1a: Gholdengo\n|-damage|p1a: Gholdengo|6\/100\n|-damage|p2a: Iron Valiant|62\/100 tox|[from] item: Life Orb\n|move|p1a: Gholdengo|Hex|p2a: Iron Valiant\n|-damage|p2a: Iron Valiant|0 fnt\n|faint|p2a: Iron Valiant\n|-end|p2a: Iron Valiant|Quark Drive|[silent]\n|\n|upkeep\n|\n|t:|1700445305\n|switch|p2a: Ninetales|Ninetales-Alola, F|100\/100\n|-weather|Snow|[from] ability: Snow Warning|[of] p2a: Ninetales\n|turn|9\n|\n|t:|1700445309\n|move|p2a: Ninetales|Ice Shard|p1a: Gholdengo\n|-resisted|p1a: Gholdengo\n|-damage|p1a: Gholdengo|2\/100\n|move|p1a: Gholdengo|Recover|p1a: Gholdengo\n|-heal|p1a: Gholdengo|52\/100\n|\n|-weather|Snow|[upkeep]\n|upkeep\n|turn|10\n|\n|t:|1700445314\n|move|p2a: Ninetales|Aurora Veil|p2a: Ninetales\n|-sidestart|p2: ratatta17|move: Aurora Veil\n|move|p1a: Gholdengo|Recover|p1a: Gholdengo\n|-heal|p1a: Gholdengo|100\/100\n|\n|-weather|Snow|[upkeep]\n|upkeep\n|turn|11\n|\n|t:|1700445317\n|switch|p2a: Toedscruel|Toedscruel, F|100\/100\n|move|p1a: Gholdengo|Thunder Wave|p2a: Toedscruel\n|-immune|p2a: Toedscruel\n|\n|-weather|Snow|[upkeep]\n|upkeep\n|turn|12\n|\n|t:|1700445324\n|switch|p1a: Ogerpon|Ogerpon-Cornerstone, F|95\/100 brn\n|move|p2a: Toedscruel|Spore|p1a: Ogerpon\n|-immune|p1a: Ogerpon\n|\n|-weather|Snow|[upkeep]\n|-damage|p1a: Ogerpon|89\/100 brn|[from] brn\n|upkeep\n|turn|13\n|\n|t:|1700445331\n|move|p1a: Ogerpon|Swords Dance|p1a: Ogerpon\n|-boost|p1a: Ogerpon|atk|2\n|move|p2a: Toedscruel|Knock Off|p1a: Ogerpon\n|-damage|p1a: Ogerpon|75\/100 brn\n|\n|-weather|none\n|-damage|p1a: Ogerpon|69\/100 brn|[from] brn\n|upkeep\n|turn|14\n|\n|t:|1700445349\n|move|p1a: Ogerpon|Trailblaze|p2a: Toedscruel\n|-damage|p2a: Toedscruel|87\/100\n|-boost|p1a: Ogerpon|spe|1\n|move|p2a: Toedscruel|Rapid Spin|p1a: Ogerpon\n|-resisted|p1a: Ogerpon\n|-damage|p1a: Ogerpon|63\/100 brn\n|-boost|p2a: Toedscruel|spe|1\n|\n|-heal|p2a: Toedscruel|93\/100|[from] item: Leftovers\n|-damage|p1a: Ogerpon|57\/100 brn|[from] brn\n|upkeep\n|turn|15\n|\n|t:|1700445354\n|switch|p2a: Skeledirge|Skeledirge, F, tera:Dragon|55\/100\n|move|p1a: Ogerpon|Trailblaze|p2a: Skeledirge\n|-resisted|p2a: Skeledirge\n|-damage|p2a: Skeledirge|52\/100\n|-boost|p1a: Ogerpon|spe|1\n|\n|-heal|p2a: Skeledirge|58\/100|[from] item: Leftovers\n|-damage|p1a: Ogerpon|51\/100 brn|[from] brn\n|upkeep\n|turn|16\n|l|\u2606Sh0lopE3\n|inactive|Sh0lopE3 disconnected and has a minute to reconnect!\n|player|p1|\n|inactive|Sh0lopE3 has 30 seconds to reconnect!\n|j|\u2606Sh0lopE3\n|inactive|Sh0lopE3 reconnected and has 115 seconds left.\n|player|p1|Sh0lopE3|aromalady\n|\n|t:|1700445399\n|switch|p1a: Iron Moth|Iron Moth|100\/100\n|-enditem|p1a: Iron Moth|Booster Energy\n|-activate|p1a: Iron Moth|ability: Quark Drive|[fromitem]\n|-start|p1a: Iron Moth|quarkdrivespe\n|move|p2a: Skeledirge|Torch Song|p1a: Iron Moth\n|-resisted|p1a: Iron Moth\n|-damage|p1a: Iron Moth|86\/100\n|-boost|p2a: Skeledirge|spa|1\n|\n|-heal|p2a: Skeledirge|64\/100|[from] item: Leftovers\n|upkeep\n|turn|17\n|\n|t:|1700445409\n|move|p1a: Iron Moth|Fiery Dance|p2a: Skeledirge\n|-resisted|p2a: Skeledirge\n|-damage|p2a: Skeledirge|57\/100\n|-boost|p1a: Iron Moth|spa|1\n|move|p2a: Skeledirge|Hex|p1a: Iron Moth\n|-damage|p1a: Iron Moth|50\/100\n|\n|-heal|p2a: Skeledirge|63\/100|[from] item: Leftovers\n|-sideend|p2: ratatta17|move: Aurora Veil\n|upkeep\n|turn|18\n|\n|t:|1700445423\n|switch|p2a: Ninetales|Ninetales-Alola, F|100\/100\n|-weather|Snow|[from] ability: Snow Warning|[of] p2a: Ninetales\n|-terastallize|p1a: Iron Moth|Ground\n|move|p1a: Iron Moth|Tera Blast|p2a: Ninetales|[anim] Tera Blast Ground\n|-damage|p2a: Ninetales|55\/100\n|\n|-weather|Snow|[upkeep]\n|upkeep\n|turn|19\n|inactive|Sh0lopE3 has 120 seconds left.\n|\n|t:|1700445432\n|move|p2a: Ninetales|Ice Shard|p1a: Iron Moth\n|-supereffective|p1a: Iron Moth\n|-damage|p1a: Iron Moth|24\/100\n|move|p1a: Iron Moth|Fiery Dance|p2a: Ninetales\n|-supereffective|p2a: Ninetales\n|-damage|p2a: Ninetales|0 fnt\n|-boost|p1a: Iron Moth|spa|1\n|faint|p2a: Ninetales\n|\n|-weather|Snow|[upkeep]\n|upkeep\n|\n|t:|1700445436\n|switch|p2a: Azumarill|Azumarill, M|100\/100\n|turn|20\n|\n|t:|1700445438\n|move|p2a: Azumarill|Aqua Jet|p1a: Iron Moth\n|-supereffective|p1a: Iron Moth\n|-damage|p1a: Iron Moth|0 fnt\n|faint|p1a: Iron Moth\n|-end|p1a: Iron Moth|Quark Drive|[silent]\n|\n|-weather|Snow|[upkeep]\n|upkeep\n|\n|t:|1700445441\n|switch|p1a: Gholdengo|Gholdengo|100\/100\n|turn|21\n|\n|t:|1700445446\n|switch|p2a: Toedscruel|Toedscruel, F|93\/100\n|move|p1a: Gholdengo|Thunder Wave|p2a: Toedscruel\n|-immune|p2a: Toedscruel\n|\n|-weather|Snow|[upkeep]\n|-heal|p2a: Toedscruel|99\/100|[from] item: Leftovers\n|upkeep\n|turn|22\n|\n|t:|1700445454\n|switch|p1a: Mandibuzz|Mandibuzz, F|100\/100\n|move|p2a: Toedscruel|Knock Off|p1a: Mandibuzz\n|-resisted|p1a: Mandibuzz\n|-damage|p1a: Mandibuzz|96\/100\n|-enditem|p1a: Mandibuzz|Heavy-Duty Boots|[from] move: Knock Off|[of] p2a: Toedscruel\n|\n|-weather|none\n|-heal|p2a: Toedscruel|100\/100|[from] item: Leftovers\n|upkeep\n|turn|23\n|\n|t:|1700445459\n|move|p1a: Mandibuzz|Toxic|p2a: Toedscruel\n|-status|p2a: Toedscruel|tox\n|move|p2a: Toedscruel|Leech Seed|p1a: Mandibuzz\n|-start|p1a: Mandibuzz|move: Leech Seed\n|\n|-damage|p1a: Mandibuzz|84\/100|[from] Leech Seed|[of] p2a: Toedscruel\n|-damage|p2a: Toedscruel|94\/100 tox|[from] psn\n|upkeep\n|turn|24\n|\n|t:|1700445470\n|switch|p1a: Ogerpon|Ogerpon-Cornerstone, F|51\/100 brn\n|move|p2a: Toedscruel|Knock Off|p1a: Ogerpon\n|-damage|p1a: Ogerpon|36\/100 brn\n|\n|-heal|p2a: Toedscruel|100\/100 tox|[from] item: Leftovers\n|-damage|p2a: Toedscruel|88\/100 tox|[from] psn\n|-damage|p1a: Ogerpon|30\/100 brn|[from] brn\n|upkeep\n|turn|25\n|\n|t:|1700445480\n|switch|p1a: Mandibuzz|Mandibuzz, F|84\/100\n|move|p2a: Toedscruel|Knock Off|p1a: Mandibuzz\n|-resisted|p1a: Mandibuzz\n|-damage|p1a: Mandibuzz|81\/100\n|\n|-heal|p2a: Toedscruel|94\/100 tox|[from] item: Leftovers\n|-damage|p2a: Toedscruel|76\/100 tox|[from] psn\n|upkeep\n|turn|26\n|\n|t:|1700445486\n|move|p1a: Mandibuzz|Toxic|p2a: Toedscruel\n|-fail|p2a: Toedscruel|tox\n|move|p2a: Toedscruel|Leech Seed|p1a: Mandibuzz\n|-start|p1a: Mandibuzz|move: Leech Seed\n|\n|-heal|p2a: Toedscruel|82\/100 tox|[from] item: Leftovers\n|-damage|p1a: Mandibuzz|68\/100|[from] Leech Seed|[of] p2a: Toedscruel\n|-heal|p2a: Toedscruel|97\/100 tox|[silent]\n|-damage|p2a: Toedscruel|72\/100 tox|[from] psn\n|upkeep\n|turn|27\n|\n|t:|1700445490\n|move|p2a: Toedscruel|Knock Off|p1a: Mandibuzz\n|-resisted|p1a: Mandibuzz\n|-damage|p1a: Mandibuzz|65\/100\n|move|p1a: Mandibuzz|Foul Play|p2a: Toedscruel\n|-damage|p2a: Toedscruel|51\/100 tox\n|\n|-heal|p2a: Toedscruel|57\/100 tox|[from] item: Leftovers\n|-damage|p1a: Mandibuzz|53\/100|[from] Leech Seed|[of] p2a: Toedscruel\n|-heal|p2a: Toedscruel|71\/100 tox|[silent]\n|-damage|p2a: Toedscruel|41\/100 tox|[from] psn\n|upkeep\n|turn|28\n|\n|t:|1700445495\n|switch|p1a: Ogerpon|Ogerpon-Cornerstone, F|30\/100 brn\n|move|p2a: Toedscruel|Rapid Spin|p1a: Ogerpon\n|-resisted|p1a: Ogerpon\n|-damage|p1a: Ogerpon|24\/100 brn\n|-boost|p2a: Toedscruel|spe|1\n|\n|-heal|p2a: Toedscruel|47\/100 tox|[from] item: Leftovers\n|-damage|p2a: Toedscruel|11\/100 tox|[from] psn\n|-damage|p1a: Ogerpon|18\/100 brn|[from] brn\n|upkeep\n|turn|29\n|\n|t:|1700445501\n|move|p1a: Ogerpon|Ivy Cudgel|p2a: Toedscruel|[anim] Ivy Cudgel Rock\n|-resisted|p2a: Toedscruel\n|-damage|p2a: Toedscruel|0 fnt\n|faint|p2a: Toedscruel\n|\n|-damage|p1a: Ogerpon|12\/100 brn|[from] brn\n|upkeep\n|\n|t:|1700445512\n|switch|p2a: Skeledirge|Skeledirge, F, tera:Dragon|63\/100\n|turn|30\n|c|\u2606Sh0lopE3|he doesn\u2019t know\n|\n|t:|1700445518\n|move|p1a: Ogerpon|Ivy Cudgel|p2a: Skeledirge|[anim] Ivy Cudgel Rock\n|-crit|p2a: Skeledirge\n|-damage|p2a: Skeledirge|28\/100\n|move|p2a: Skeledirge|Slack Off|p2a: Skeledirge\n|-heal|p2a: Skeledirge|78\/100\n|\n|-heal|p2a: Skeledirge|84\/100|[from] item: Leftovers\n|-damage|p1a: Ogerpon|6\/100 brn|[from] brn\n|upkeep\n|turn|31\n|\n|t:|1700445522\n|move|p1a: Ogerpon|Ivy Cudgel|p2a: Skeledirge|[anim] Ivy Cudgel Rock\n|-damage|p2a: Skeledirge|59\/100\n|move|p2a: Skeledirge|Slack Off|p2a: Skeledirge\n|-heal|p2a: Skeledirge|100\/100\n|\n|-damage|p1a: Ogerpon|0 fnt|[from] brn\n|faint|p1a: Ogerpon\n|upkeep\n|\n|t:|1700445523\n|switch|p1a: Mandibuzz|Mandibuzz, F|53\/100\n|turn|32\n|\n|t:|1700445530\n|switch|p2a: Azumarill|Azumarill, M|100\/100\n|move|p1a: Mandibuzz|Toxic|p2a: Azumarill\n|-status|p2a: Azumarill|tox\n|\n|-damage|p2a: Azumarill|94\/100 tox|[from] psn\n|upkeep\n|turn|33\n|\n|t:|1700445535\n|switch|p1a: Gholdengo|Gholdengo|100\/100\n|move|p2a: Azumarill|Play Rough|p1a: Gholdengo\n|-resisted|p1a: Gholdengo\n|-damage|p1a: Gholdengo|78\/100\n|\n|-damage|p2a: Azumarill|82\/100 tox|[from] psn\n|upkeep\n|turn|34\n|\n|t:|1700445541\n|move|p1a: Gholdengo|Hex|p2a: Azumarill\n|-damage|p2a: Azumarill|25\/100 tox\n|-enditem|p2a: Azumarill|Sitrus Berry|[eat]\n|-heal|p2a: Azumarill|50\/100 tox|[from] item: Sitrus Berry\n|move|p2a: Azumarill|Bulldoze|p1a: Gholdengo\n|-supereffective|p1a: Gholdengo\n|-damage|p1a: Gholdengo|39\/100\n|-unboost|p1a: Gholdengo|spe|1\n|\n|-damage|p2a: Azumarill|32\/100 tox|[from] psn\n|upkeep\n|turn|35\n|\n|t:|1700445559\n|move|p2a: Azumarill|Play Rough|p1a: Gholdengo\n|-resisted|p1a: Gholdengo\n|-damage|p1a: Gholdengo|17\/100\n|move|p1a: Gholdengo|Recover|p1a: Gholdengo\n|-heal|p1a: Gholdengo|67\/100\n|\n|-damage|p2a: Azumarill|7\/100 tox|[from] psn\n|upkeep\n|turn|36\n|\n|t:|1700445566\n|move|p1a: Gholdengo|Recover|p1a: Gholdengo\n|-heal|p1a: Gholdengo|100\/100\n|move|p2a: Azumarill|Bulldoze|p1a: Gholdengo\n|-supereffective|p1a: Gholdengo\n|-damage|p1a: Gholdengo|61\/100\n|-unboost|p1a: Gholdengo|spe|1\n|\n|-damage|p2a: Azumarill|0 fnt|[from] psn\n|faint|p2a: Azumarill\n|upkeep\n|\n|t:|1700445568\n|switch|p2a: Skeledirge|Skeledirge, F, tera:Dragon|100\/100\n|turn|37\n|\n|t:|1700445571\n|move|p2a: Skeledirge|Torch Song|p1a: Gholdengo\n|-supereffective|p1a: Gholdengo\n|-damage|p1a: Gholdengo|8\/100\n|-boost|p2a: Skeledirge|spa|1\n|move|p1a: Gholdengo|Thunder Wave|p2a: Skeledirge\n|-status|p2a: Skeledirge|par\n|\n|upkeep\n|turn|38\n|\n|t:|1700445577\n|move|p1a: Gholdengo|Hex|p2a: Skeledirge\n|-damage|p2a: Skeledirge|58\/100 par\n|move|p2a: Skeledirge|Torch Song|p1a: Gholdengo\n|-supereffective|p1a: Gholdengo\n|-damage|p1a: Gholdengo|0 fnt\n|-boost|p2a: Skeledirge|spa|1\n|faint|p1a: Gholdengo\n|\n|-heal|p2a: Skeledirge|64\/100 par|[from] item: Leftovers\n|upkeep\n|\n|t:|1700445580\n|switch|p1a: Mandibuzz|Mandibuzz, F|53\/100\n|turn|39\n|\n|t:|1700445583\n|move|p1a: Mandibuzz|Foul Play|p2a: Skeledirge\n|-damage|p2a: Skeledirge|47\/100 par\n|cant|p2a: Skeledirge|par\n|\n|-heal|p2a: Skeledirge|53\/100 par|[from] item: Leftovers\n|upkeep\n|turn|40\n|\n|t:|1700445586\n|move|p1a: Mandibuzz|Foul Play|p2a: Skeledirge\n|-damage|p2a: Skeledirge|37\/100 par\n|cant|p2a: Skeledirge|par\n|\n|-heal|p2a: Skeledirge|43\/100 par|[from] item: Leftovers\n|upkeep\n|turn|41\n|\n|t:|1700445589\n|move|p1a: Mandibuzz|Foul Play|p2a: Skeledirge\n|-damage|p2a: Skeledirge|28\/100 par\n|move|p2a: Skeledirge|Slack Off|p2a: Skeledirge\n|-heal|p2a: Skeledirge|78\/100 par\n|\n|-heal|p2a: Skeledirge|84\/100 par|[from] item: Leftovers\n|upkeep\n|turn|42\n|-message|Sh0lopE3 forfeited.\n|\n|win|ratatta17\n|raw|Sh0lopE3's rating: 1505 &rarr; <strong>1487<\/strong><br \/>(-18 for losing)\n|raw|ratatta17's rating: 1542 &rarr; <strong>1560<\/strong><br \/>(+18 for winning)\n|l|\u2606Sh0lopE3\n|c|\u2606ratatta17|no toxix\n","uploadtime":1700445610,"views":12,"p1id":"sh0lope3","p2id":"ratatta17","formatid":"gen9ou","rating":1487,"private":0,"password":""}