{"id":"gen9ou-1992719152","p1":"qingche","p2":"AminitraboTTT","format":"[Gen 9] OU","log":"|j|\u2606qingche\n|j|\u2606AminitraboTTT\n|t:|1700228835\n|gametype|singles\n|player|p1|qingche|hilbert|\n|player|p2|AminitraboTTT|supernerd|\n|teamsize|p1|6\n|teamsize|p2|6\n|gen|9\n|tier|[Gen 9] OU\n|rated|Tournament battle\n|rule|Sleep Clause Mod: Limit one foe put to sleep\n|rule|Species Clause: Limit one of each Pok\u00e9mon\n|rule|OHKO Clause: OHKO moves are banned\n|rule|Evasion Items Clause: Evasion items are banned\n|rule|Evasion Moves Clause: Evasion moves are banned\n|rule|Endless Battle Clause: Forcing endless battles is banned\n|rule|HP Percentage Mod: HP is shown in percentages\n|clearpoke\n|poke|p1|Rillaboom, M|\n|poke|p1|Sneasler, F|\n|poke|p1|Zamazenta-*|\n|poke|p1|Ogerpon-Wellspring, F|\n|poke|p1|Heatran, F|\n|poke|p1|Hatterene, F|\n|poke|p2|Zapdos|\n|poke|p2|Slowking-Galar, F|\n|poke|p2|Volcanion|\n|poke|p2|Kingambit, F|\n|poke|p2|Great Tusk|\n|poke|p2|Iron Valiant|\n|teampreview\n|c|\u2606AminitraboTTT|Hola, soy AminitraboTTT, el bot de la sala Espa\u00f1ol. gl hf\n|inactive|Battle timer is ON: inactive players will automatically lose when time's up. (requested by AminitraboTTT)\n|\n|t:|1700228841\n|start\n|switch|p1a: Rillaboom|Rillaboom, M|100\/100\n|switch|p2a: Zapdos|Zapdos|100\/100\n|-fieldstart|move: Grassy Terrain|[from] ability: Grassy Surge|[of] p1a: Rillaboom\n|turn|1\n|\n|t:|1700228845\n|switch|p1a: Heatran|Heatran, F|100\/100\n|-item|p1a: Heatran|Air Balloon\n|move|p2a: Zapdos|Hurricane|p1a: Heatran|[miss]\n|-miss|p2a: Zapdos|p1a: Heatran\n|\n|upkeep\n|turn|2\n|\n|t:|1700228854\n|-terastallize|p2a: Zapdos|Electric\n|move|p2a: Zapdos|Volt Switch|p1a: Heatran\n|-crit|p1a: Heatran\n|-damage|p1a: Heatran|51\/100\n|-enditem|p1a: Heatran|Air Balloon\n|\n|t:|1700228854\n|switch|p2a: Volcanion|Volcanion|100\/100|[from] Volt Switch\n|move|p1a: Heatran|Magma Storm|p2a: Volcanion|[miss]\n|-miss|p1a: Heatran|p2a: Volcanion\n|\n|-heal|p1a: Heatran|57\/100|[from] Grassy Terrain\n|upkeep\n|turn|3\n|\n|t:|1700228865\n|move|p2a: Volcanion|Earth Power|p1a: Heatran\n|-supereffective|p1a: Heatran\n|-damage|p1a: Heatran|0 fnt\n|faint|p1a: Heatran\n|\n|upkeep\n|\n|t:|1700228878\n|switch|p1a: Hatterene|Hatterene, F|100\/100\n|-enditem|p1a: Hatterene|Grassy Seed\n|-boost|p1a: Hatterene|def|1|[from] item: Grassy Seed\n|turn|4\n|j| ch5u\n|\n|t:|1700228886\n|move|p2a: Volcanion|Steam Eruption|p1a: Hatterene\n|-damage|p1a: Hatterene|34\/100\n|-status|p1a: Hatterene|brn\n|move|p1a: Hatterene|Calm Mind|p1a: Hatterene\n|-boost|p1a: Hatterene|spa|1\n|-boost|p1a: Hatterene|spd|1\n|\n|-heal|p1a: Hatterene|40\/100 brn|[from] Grassy Terrain\n|-damage|p1a: Hatterene|34\/100 brn|[from] brn\n|upkeep\n|turn|5\n|\n|t:|1700228899\n|move|p2a: Volcanion|Flamethrower|p1a: Hatterene\n|-crit|p1a: Hatterene\n|-damage|p1a: Hatterene|0 fnt\n|faint|p1a: Hatterene\n|\n|-fieldend|move: Grassy Terrain\n|upkeep\n|\n|t:|1700228905\n|switch|p1a: Rillaboom|Rillaboom, M|100\/100\n|-fieldstart|move: Grassy Terrain|[from] ability: Grassy Surge|[of] p1a: Rillaboom\n|turn|6\n|\n|t:|1700228909\n|move|p1a: Rillaboom|U-turn|p2a: Volcanion\n|-resisted|p2a: Volcanion\n|-damage|p2a: Volcanion|82\/100\n|\n|t:|1700228916\n|switch|p1a: Ogerpon|Ogerpon-Wellspring, F|100\/100|[from] U-turn\n|move|p2a: Volcanion|Flamethrower|p1a: Ogerpon\n|-damage|p1a: Ogerpon|39\/100\n|\n|-heal|p1a: Ogerpon|45\/100|[from] Grassy Terrain\n|-heal|p2a: Volcanion|88\/100|[from] Grassy Terrain\n|upkeep\n|turn|7\n|j| Naive160\n|l| Naive160\n|\n|t:|1700228932\n|-terastallize|p1a: Ogerpon|Water\n|detailschange|p1a: Ogerpon|Ogerpon-Wellspring-Tera, F, tera:Water\n|-ability|p1a: Ogerpon|Embody Aspect (Wellspring)|boost\n|-boost|p1a: Ogerpon|spd|1\n|move|p1a: Ogerpon|Swords Dance|p1a: Ogerpon\n|-boost|p1a: Ogerpon|atk|2\n|move|p2a: Volcanion|Flamethrower|p1a: Ogerpon\n|-resisted|p1a: Ogerpon\n|-damage|p1a: Ogerpon|25\/100\n|\n|-heal|p1a: Ogerpon|31\/100|[from] Grassy Terrain\n|-heal|p2a: Volcanion|94\/100|[from] Grassy Terrain\n|upkeep\n|turn|8\n|\n|t:|1700228942\n|move|p1a: Ogerpon|Horn Leech|p2a: Volcanion\n|-damage|p2a: Volcanion|0 fnt\n|-heal|p1a: Ogerpon|82\/100|[from] drain|[of] p2a: Volcanion\n|faint|p2a: Volcanion\n|\n|-heal|p1a: Ogerpon|88\/100|[from] Grassy Terrain\n|upkeep\n|\n|t:|1700228942\n|switch|p2a: Zapdos|Zapdos, tera:Electric|100\/100\n|turn|9\n|\n|t:|1700228947\n|move|p1a: Ogerpon|Ivy Cudgel|p2a: Zapdos|[anim] Ivy Cudgel Water\n|-damage|p2a: Zapdos|0 fnt\n|faint|p2a: Zapdos\n|\n|-heal|p1a: Ogerpon|94\/100|[from] Grassy Terrain\n|upkeep\n|\n|t:|1700228947\n|switch|p2a: Iron Valiant|Iron Valiant|100\/100\n|turn|10\n|\n|t:|1700228954\n|move|p2a: Iron Valiant|Moonblast|p1a: Ogerpon\n|-damage|p1a: Ogerpon|55\/100\n|-unboost|p1a: Ogerpon|spa|1\n|move|p1a: Ogerpon|Ivy Cudgel|p2a: Iron Valiant|[anim] Ivy Cudgel Water\n|-damage|p2a: Iron Valiant|0 fnt\n|faint|p2a: Iron Valiant\n|-end|p2a: Iron Valiant|Quark Drive|[silent]\n|\n|-heal|p1a: Ogerpon|61\/100|[from] Grassy Terrain\n|-fieldend|move: Grassy Terrain\n|upkeep\n|\n|t:|1700228954\n|switch|p2a: Kingambit|Kingambit, F|100\/100\n|-activate|p2a: Kingambit|ability: Supreme Overlord\n|-start|p2a: Kingambit|fallen3|[silent]\n|turn|11\n|\n|t:|1700228960\n|move|p1a: Ogerpon|Horn Leech|p2a: Kingambit\n|-resisted|p2a: Kingambit\n|-crit|p2a: Kingambit\n|-damage|p2a: Kingambit|54\/100\n|-heal|p1a: Ogerpon|92\/100|[from] drain|[of] p2a: Kingambit\n|move|p2a: Kingambit|Swords Dance|p2a: Kingambit\n|-boost|p2a: Kingambit|atk|2\n|\n|-heal|p2a: Kingambit|60\/100|[from] item: Leftovers\n|upkeep\n|turn|12\n|\n|t:|1700228965\n|move|p1a: Ogerpon|Ivy Cudgel|p2a: Kingambit|[anim] Ivy Cudgel Water\n|-damage|p2a: Kingambit|0 fnt\n|faint|p2a: Kingambit\n|-end|p2a: Kingambit|fallen3|[silent]\n|\n|upkeep\n|\n|t:|1700228965\n|switch|p2a: Slowking|Slowking-Galar, F|100\/100\n|turn|13\n|\n|t:|1700228971\n|move|p1a: Ogerpon|Ivy Cudgel|p2a: Slowking|[anim] Ivy Cudgel Water\n|-damage|p2a: Slowking|0 fnt\n|faint|p2a: Slowking\n|\n|upkeep\n|\n|t:|1700228971\n|switch|p2a: Great Tusk|Great Tusk|100\/100\n|turn|14\n|\n|t:|1700228973\n|move|p1a: Ogerpon|Ivy Cudgel|p2a: Great Tusk|[anim] Ivy Cudgel Water\n|-supereffective|p2a: Great Tusk\n|-damage|p2a: Great Tusk|0 fnt\n|faint|p2a: Great Tusk\n|-end|p2a: Great Tusk|Protosynthesis|[silent]\n|\n|win|qingche\n|n|\u2606qingche|qingche\n|n|\u2606AminitraboTTT|aminitrabottt\n|n| ch5u|ch5u\n|c|\u2606AminitraboTTT|oof :(\n|l|\u2606AminitraboTTT\n|l| ch5u\n|l|\u2606qingche\n|j|\u2606qingche\n|player|p1|qingche|hilbert\n|j| hbgzd\n|l|\u2606qingche\n|player|p1|\n|j| qiqudlu\n|l| hbgzd\n|l| qiqudlu\n|j| tsukishirohinami\u6708\u767d\n|l| tsukishirohinami\u6708\u767d\n|j|\u2606qingche\n|player|p1|qingche|hilbert\n|l|\u2606qingche\n|player|p1|\n|j|\u2606qingche\n|player|p1|qingche|hilbert\n","uploadtime":1700228981,"views":10,"p1id":"qingche","p2id":"aminitrabottt","formatid":"gen9ou","rating":0,"private":0,"password":""}