{"id":"gen9ou-1997411237","p1":"Morgan&Sableye","p2":"Aggron","format":"[Gen 9] OU","log":"|j|\u2606Morgan&Sableye\n|j|\u2606Aggron\n|t:|1700800919\n|gametype|singles\n|player|p1|Morgan&Sableye|blaine|1805\n|player|p2|Aggron|pokefan-gen4|1777\n|teamsize|p1|6\n|teamsize|p2|6\n|gen|9\n|tier|[Gen 9] OU\n|rated|\n|rule|Sleep Clause Mod: Limit one foe put to sleep\n|rule|Species Clause: Limit one of each Pok\u00e9mon\n|rule|OHKO Clause: OHKO moves are banned\n|rule|Evasion Items Clause: Evasion items are banned\n|rule|Evasion Moves Clause: Evasion moves are banned\n|rule|Endless Battle Clause: Forcing endless battles is banned\n|rule|HP Percentage Mod: HP is shown in percentages\n|clearpoke\n|poke|p1|Hoopa-Unbound|\n|poke|p1|Ursaluna, M|\n|poke|p1|Hatterene, F|\n|poke|p1|Cresselia, F|\n|poke|p1|Iron Hands|\n|poke|p1|Kingambit, F|\n|poke|p2|Sinistcha-Masterpiece|\n|poke|p2|Heatran, M|\n|poke|p2|Rillaboom, F|\n|poke|p2|Samurott-Hisui, F|\n|poke|p2|Tyranitar, F|\n|poke|p2|Ogerpon-Cornerstone, F|\n|teampreview\n|inactive|Battle timer is ON: inactive players will automatically lose when time's up. (requested by Aggron)\n|\n|t:|1700800941\n|start\n|switch|p1a: Iron Hands|Iron Hands|100\/100\n|switch|p2a: Heatran|Heatran, M|100\/100\n|-item|p2a: Heatran|Air Balloon\n|-enditem|p1a: Iron Hands|Booster Energy\n|-activate|p1a: Iron Hands|ability: Quark Drive|[fromitem]\n|-start|p1a: Iron Hands|quarkdriveatk\n|turn|1\n|\n|t:|1700800969\n|move|p2a: Heatran|Stealth Rock|p1a: Iron Hands\n|-sidestart|p1: Morgan&Sableye|move: Stealth Rock\n|move|p1a: Iron Hands|Drain Punch|p2a: Heatran\n|-supereffective|p2a: Heatran\n|-damage|p2a: Heatran|0 fnt\n|-enditem|p2a: Heatran|Air Balloon\n|faint|p2a: Heatran\n|\n|upkeep\n|\n|t:|1700800972\n|switch|p2a: Sinistcha|Sinistcha-Masterpiece|100\/100\n|turn|2\n|\n|t:|1700800981\n|move|p2a: Sinistcha|Calm Mind|p2a: Sinistcha\n|-boost|p2a: Sinistcha|spa|1\n|-boost|p2a: Sinistcha|spd|1\n|move|p1a: Iron Hands|Swords Dance|p1a: Iron Hands\n|-boost|p1a: Iron Hands|atk|2\n|\n|upkeep\n|turn|3\n|\n|t:|1700800984\n|move|p2a: Sinistcha|Matcha Gotcha|p1a: Iron Hands\n|-damage|p1a: Iron Hands|59\/100\n|-status|p1a: Iron Hands|brn\n|move|p1a: Iron Hands|Ice Punch|p2a: Sinistcha\n|-supereffective|p2a: Sinistcha\n|-damage|p2a: Sinistcha|48\/100\n|\n|-damage|p1a: Iron Hands|53\/100 brn|[from] brn\n|upkeep\n|turn|4\n|\n|t:|1700800996\n|-end|p1a: Iron Hands|Quark Drive|[silent]\n|switch|p1a: Hatterene|Hatterene, F|100\/100\n|-damage|p1a: Hatterene|88\/100|[from] Stealth Rock\n|move|p2a: Sinistcha|Strength Sap|p1a: Hatterene\n|move|p1a: Hatterene|Strength Sap|p2a: Sinistcha|[from]ability: Magic Bounce\n|-unboost|p2a: Sinistcha|atk|1\n|-heal|p1a: Hatterene|100\/100\n|\n|upkeep\n|turn|5\n|\n|t:|1700801005\n|move|p2a: Sinistcha|Shadow Ball|p1a: Hatterene\n|-supereffective|p1a: Hatterene\n|-damage|p1a: Hatterene|6\/100\n|move|p1a: Hatterene|Trick Room|p1a: Hatterene\n|-fieldstart|move: Trick Room|[of] p1a: Hatterene\n|\n|upkeep\n|turn|6\n|j| z9958\n|\n|t:|1700801019\n|move|p1a: Hatterene|Healing Wish|p1a: Hatterene\n|faint|p1a: Hatterene\n|move|p2a: Sinistcha|Matcha Gotcha|p1: Hatterene|[notarget]\n|-fail|p2a: Sinistcha\n|\n|upkeep\n|l| z9958\n|\n|t:|1700801022\n|switch|p1a: Hoopa|Hoopa-Unbound|100\/100\n|-damage|p1a: Hoopa|88\/100|[from] Stealth Rock\n|turn|7\n|\n|t:|1700801027\n|switch|p2a: Tyranitar|Tyranitar, F|100\/100\n|-weather|Sandstorm|[from] ability: Sand Stream|[of] p2a: Tyranitar\n|move|p1a: Hoopa|Hyperspace Fury|p2a: Tyranitar\n|-resisted|p2a: Tyranitar\n|-damage|p2a: Tyranitar|74\/100\n|-unboost|p1a: Hoopa|def|1\n|-enditem|p1a: Hoopa|Eject Pack\n|j| SwabbyYabby\n|\n|t:|1700801032\n|switch|p1a: Ursaluna|Ursaluna, M, shiny|100\/100\n|-damage|p1a: Ursaluna|94\/100|[from] Stealth Rock\n|\n|-weather|Sandstorm|[upkeep]\n|-status|p1a: Ursaluna|brn|[from] item: Flame Orb\n|upkeep\n|turn|8\n|j| Heihachi Mishima\n|\n|t:|1700801046\n|move|p1a: Ursaluna|Facade|p2a: Tyranitar\n|-resisted|p2a: Tyranitar\n|-damage|p2a: Tyranitar|25\/100\n|move|p2a: Tyranitar|Ice Beam|p1a: Ursaluna\n|-supereffective|p1a: Ursaluna\n|-damage|p1a: Ursaluna|55\/100 brn\n|\n|-weather|Sandstorm|[upkeep]\n|-damage|p1a: Ursaluna|49\/100 brn|[from] brn\n|upkeep\n|turn|9\n|\n|t:|1700801054\n|move|p1a: Ursaluna|Facade|p2a: Tyranitar\n|-resisted|p2a: Tyranitar\n|-crit|p2a: Tyranitar\n|-damage|p2a: Tyranitar|0 fnt\n|faint|p2a: Tyranitar\n|\n|-weather|Sandstorm|[upkeep]\n|-damage|p1a: Ursaluna|43\/100 brn|[from] brn\n|-fieldend|move: Trick Room\n|upkeep\n|\n|t:|1700801065\n|switch|p2a: Sinistcha|Sinistcha-Masterpiece|48\/100\n|turn|10\n|j| Kingston9629\n|\n|t:|1700801074\n|switch|p1a: Hoopa|Hoopa-Unbound|88\/100\n|-heal|p1a: Hoopa|100\/100|[from] move: Healing Wish\n|-damage|p1a: Hoopa|88\/100|[from] Stealth Rock\n|move|p2a: Sinistcha|Matcha Gotcha|p1a: Hoopa\n|-damage|p1a: Hoopa|65\/100\n|-heal|p2a: Sinistcha|60\/100|[from] drain|[of] p1a: Hoopa\n|\n|-weather|Sandstorm|[upkeep]\n|-damage|p2a: Sinistcha|54\/100|[from] Sandstorm\n|-damage|p1a: Hoopa|59\/100|[from] Sandstorm\n|upkeep\n|turn|11\n|\n|t:|1700801085\n|move|p2a: Sinistcha|Strength Sap|p1a: Hoopa\n|-unboost|p1a: Hoopa|atk|1\n|-heal|p2a: Sinistcha|100\/100\n|move|p1a: Hoopa|Drain Punch|p2a: Sinistcha\n|-immune|p2a: Sinistcha\n|\n|-weather|none\n|upkeep\n|turn|12\n|\n|t:|1700801093\n|move|p2a: Sinistcha|Matcha Gotcha|p1a: Hoopa\n|-damage|p1a: Hoopa|34\/100\n|move|p1a: Hoopa|Hyperspace Fury|p2a: Sinistcha\n|-supereffective|p2a: Sinistcha\n|-damage|p2a: Sinistcha|38\/100\n|-unboost|p1a: Hoopa|def|1\n|-item|p1a: Hoopa|Heavy-Duty Boots|[from] ability: Magician|[of] p2a: Sinistcha\n|\n|upkeep\n|turn|13\n|\n|t:|1700801101\n|switch|p2a: Rillaboom|Rillaboom, F, shiny|100\/100\n|-fieldstart|move: Grassy Terrain|[from] ability: Grassy Surge|[of] p2a: Rillaboom\n|move|p1a: Hoopa|Hyperspace Fury|p2a: Rillaboom\n|-damage|p2a: Rillaboom|58\/100\n|-unboost|p1a: Hoopa|def|1\n|\n|-heal|p2a: Rillaboom|64\/100|[from] Grassy Terrain\n|-heal|p1a: Hoopa|40\/100|[from] Grassy Terrain\n|upkeep\n|turn|14\n|\n|t:|1700801105\n|move|p2a: Rillaboom|U-turn|p1a: Hoopa\n|-supereffective|p1a: Hoopa\n|-damage|p1a: Hoopa|0 fnt\n|faint|p1a: Hoopa\n|\n|t:|1700801115\n|switch|p2a: Sinistcha|Sinistcha-Masterpiece|38\/100|[from] U-turn\n|\n|-heal|p2a: Sinistcha|44\/100|[from] Grassy Terrain\n|upkeep\n|\n|t:|1700801118\n|switch|p1a: Kingambit|Kingambit, F, shiny|100\/100\n|-damage|p1a: Kingambit|94\/100|[from] Stealth Rock\n|-activate|p1a: Kingambit|ability: Supreme Overlord\n|-start|p1a: Kingambit|fallen2|[silent]\n|turn|15\n|\n|t:|1700801122\n|switch|p2a: Samurott|Samurott-Hisui, F|100\/100\n|move|p1a: Kingambit|Kowtow Cleave|p2a: Samurott\n|-resisted|p2a: Samurott\n|-damage|p2a: Samurott|63\/100\n|\n|-heal|p2a: Samurott|69\/100|[from] Grassy Terrain\n|-heal|p1a: Kingambit|100\/100|[from] Grassy Terrain\n|upkeep\n|turn|16\n|\n|t:|1700801129\n|move|p2a: Samurott|Sacred Sword|p1a: Kingambit\n|-supereffective|p1a: Kingambit\n|-damage|p1a: Kingambit|0 fnt\n|faint|p1a: Kingambit\n|-end|p1a: Kingambit|fallen2|[silent]\n|\n|-heal|p2a: Samurott|76\/100|[from] Grassy Terrain\n|upkeep\n|\n|t:|1700801133\n|switch|p1a: Iron Hands|Iron Hands|53\/100 brn\n|-damage|p1a: Iron Hands|47\/100 brn|[from] Stealth Rock\n|turn|17\n|\n|t:|1700801139\n|switch|p2a: Sinistcha|Sinistcha-Masterpiece|44\/100\n|move|p1a: Iron Hands|Ice Punch|p2a: Sinistcha\n|-supereffective|p2a: Sinistcha\n|-damage|p2a: Sinistcha|24\/100\n|\n|-heal|p2a: Sinistcha|31\/100|[from] Grassy Terrain\n|-heal|p1a: Iron Hands|53\/100 brn|[from] Grassy Terrain\n|-damage|p1a: Iron Hands|47\/100 brn|[from] brn\n|-fieldend|move: Grassy Terrain\n|upkeep\n|turn|18\n|\n|t:|1700801148\n|-end|p1a: Iron Hands|Quark Drive|[silent]\n|switch|p1a: Cresselia|Cresselia, F, shiny|100\/100\n|-damage|p1a: Cresselia|88\/100|[from] Stealth Rock\n|move|p2a: Sinistcha|Strength Sap|p1a: Cresselia\n|-unboost|p1a: Cresselia|atk|1\n|-heal|p2a: Sinistcha|68\/100\n|\n|-heal|p1a: Cresselia|94\/100|[from] item: Leftovers\n|upkeep\n|turn|19\n|\n|t:|1700801152\n|switch|p2a: Samurott|Samurott-Hisui, F|76\/100\n|move|p1a: Cresselia|Trick Room|p1a: Cresselia\n|-fieldstart|move: Trick Room|[of] p1a: Cresselia\n|\n|-heal|p1a: Cresselia|99\/100|[from] item: Leftovers\n|upkeep\n|turn|20\n|\n|t:|1700801160\n|switch|p2a: Sinistcha|Sinistcha-Masterpiece|68\/100\n|move|p1a: Cresselia|Moonblast|p2a: Sinistcha\n|-damage|p2a: Sinistcha|47\/100\n|\n|-heal|p1a: Cresselia|100\/100|[from] item: Leftovers\n|upkeep\n|turn|21\n|\n|t:|1700801168\n|move|p1a: Cresselia|Lunar Dance|p1a: Cresselia\n|faint|p1a: Cresselia\n|move|p2a: Sinistcha|Calm Mind|p2a: Sinistcha\n|-boost|p2a: Sinistcha|spa|1\n|-boost|p2a: Sinistcha|spd|1\n|\n|upkeep\n|\n|t:|1700801170\n|switch|p1a: Iron Hands|Iron Hands|47\/100 brn\n|-heal|p1a: Iron Hands|100\/100|[from] move: Lunar Dance\n|-damage|p1a: Iron Hands|94\/100|[from] Stealth Rock\n|turn|22\n|\n|t:|1700801181\n|move|p1a: Iron Hands|Swords Dance|p1a: Iron Hands\n|-boost|p1a: Iron Hands|atk|2\n|move|p2a: Sinistcha|Strength Sap|p1a: Iron Hands\n|-unboost|p1a: Iron Hands|atk|1\n|-heal|p2a: Sinistcha|100\/100\n|\n|upkeep\n|turn|23\n|\n|t:|1700801190\n|move|p1a: Iron Hands|Ice Punch|p2a: Sinistcha\n|-supereffective|p2a: Sinistcha\n|-damage|p2a: Sinistcha|35\/100\n|move|p2a: Sinistcha|Calm Mind|p2a: Sinistcha\n|-boost|p2a: Sinistcha|spa|1\n|-boost|p2a: Sinistcha|spd|1\n|\n|-fieldend|move: Trick Room\n|upkeep\n|turn|24\n|\n|t:|1700801196\n|move|p2a: Sinistcha|Strength Sap|p1a: Iron Hands\n|-unboost|p1a: Iron Hands|atk|1\n|-heal|p2a: Sinistcha|100\/100\n|move|p1a: Iron Hands|Swords Dance|p1a: Iron Hands\n|-boost|p1a: Iron Hands|atk|2\n|\n|upkeep\n|turn|25\n|\n|t:|1700801199\n|-terastallize|p2a: Sinistcha|Poison\n|move|p2a: Sinistcha|Matcha Gotcha|p1a: Iron Hands\n|-damage|p1a: Iron Hands|33\/100\n|-status|p1a: Iron Hands|brn\n|move|p1a: Iron Hands|Ice Punch|p2a: Sinistcha\n|-damage|p2a: Sinistcha|80\/100\n|\n|-damage|p1a: Iron Hands|26\/100 brn|[from] brn\n|upkeep\n|turn|26\n|\n|t:|1700801205\n|move|p2a: Sinistcha|Shadow Ball|p1a: Iron Hands\n|-damage|p1a: Iron Hands|0 fnt\n|faint|p1a: Iron Hands\n|-end|p1a: Iron Hands|Quark Drive|[silent]\n|\n|upkeep\n|\n|t:|1700801206\n|switch|p1a: Ursaluna|Ursaluna, M, shiny|43\/100 brn\n|-damage|p1a: Ursaluna|37\/100 brn|[from] Stealth Rock\n|turn|27\n|\n|t:|1700801208\n|move|p2a: Sinistcha|Matcha Gotcha|p1a: Ursaluna\n|-supereffective|p1a: Ursaluna\n|-damage|p1a: Ursaluna|0 fnt\n|-heal|p2a: Sinistcha|100\/100|[from] drain|[of] p1a: Ursaluna\n|faint|p1a: Ursaluna\n|\n|win|Aggron\n|raw|Morgan&amp;Sableye's rating: 1805 &rarr; <strong>1783<\/strong><br \/>(-22 for losing)\n|raw|Aggron's rating: 1777 &rarr; <strong>1799<\/strong><br \/>(+22 for winning)\n|l|\u2606Aggron\n|l|\u2606Morgan&Sableye\n","uploadtime":1700801257,"views":7,"p1id":"morgansableye","p2id":"aggron","formatid":"gen9ou","rating":1783,"private":0,"password":""}