{"id":"gen9ou-2000399699","p1":"testing a funni3","p2":"Woodowl","format":"[Gen 9] OU","log":"|j|\u2606testing a funni3\n|j|\u2606Woodowl\n|t:|1701191585\n|gametype|singles\n|player|p1|testing a funni3|unknownf|1467\n|player|p2|Woodowl|drayden|1494\n|teamsize|p1|6\n|teamsize|p2|6\n|gen|9\n|tier|[Gen 9] OU\n|rated|\n|rule|Sleep Clause Mod: Limit one foe put to sleep\n|rule|Species Clause: Limit one of each Pok\u00e9mon\n|rule|OHKO Clause: OHKO moves are banned\n|rule|Evasion Items Clause: Evasion items are banned\n|rule|Evasion Moves Clause: Evasion moves are banned\n|rule|Endless Battle Clause: Forcing endless battles is banned\n|rule|HP Percentage Mod: HP is shown in percentages\n|clearpoke\n|poke|p1|Walking Wake|\n|poke|p1|Maushold-Four|\n|poke|p1|Dragonite, F|\n|poke|p1|Weezing-Galar, F|\n|poke|p1|Great Tusk|\n|poke|p1|Muk-Alola, F|\n|poke|p2|Pelipper, F|\n|poke|p2|Greninja-*, M|\n|poke|p2|Basculegion, M|\n|poke|p2|Zapdos|\n|poke|p2|Sandy Shocks|\n|poke|p2|Scizor, M|\n|teampreview\n|\n|t:|1701191604\n|start\n|switch|p1a: Walking Wake|Walking Wake|100\/100\n|switch|p2a: Pelipper|Pelipper, F|100\/100\n|-weather|RainDance|[from] ability: Drizzle|[of] p2a: Pelipper\n|turn|1\n|\n|t:|1701191611\n|move|p1a: Walking Wake|Draco Meteor|p2a: Pelipper\n|-damage|p2a: Pelipper|7\/100\n|-unboost|p1a: Walking Wake|spa|2\n|move|p2a: Pelipper|Hurricane|p1a: Walking Wake\n|-damage|p1a: Walking Wake|36\/100\n|-start|p1a: Walking Wake|confusion\n|\n|-weather|RainDance|[upkeep]\n|upkeep\n|turn|2\n|\n|t:|1701191615\n|switch|p2a: Scizor|Scizor, M|100\/100\n|-activate|p1a: Walking Wake|confusion\n|move|p1a: Walking Wake|Draco Meteor|p2a: Scizor\n|-resisted|p2a: Scizor\n|-damage|p2a: Scizor|80\/100\n|-unboost|p1a: Walking Wake|spa|2\n|\n|-weather|RainDance|[upkeep]\n|upkeep\n|turn|3\n|\n|t:|1701191621\n|-end|p1a: Walking Wake|Protosynthesis|[silent]\n|switch|p1a: Great Tusk|Great Tusk|100\/100\n|move|p2a: Scizor|U-turn|p1a: Great Tusk\n|-resisted|p1a: Great Tusk\n|-damage|p1a: Great Tusk|91\/100\n|-damage|p2a: Scizor|63\/100|[from] item: Rocky Helmet|[of] p1a: Great Tusk\n|\n|t:|1701191628\n|switch|p2a: Greninja|Greninja, M|100\/100|[from] U-turn\n|\n|-weather|RainDance|[upkeep]\n|upkeep\n|turn|4\n|\n|t:|1701191633\n|-end|p1a: Great Tusk|Protosynthesis|[silent]\n|switch|p1a: Lurid Blob|Muk-Alola, F|100\/100\n|move|p2a: Greninja|Surf|p1a: Lurid Blob\n|-damage|p1a: Lurid Blob|54\/100\n|-damage|p2a: Greninja|91\/100|[from] item: Life Orb\n|\n|-weather|RainDance|[upkeep]\n|-heal|p1a: Lurid Blob|60\/100|[from] item: Black Sludge\n|upkeep\n|turn|5\n|\n|t:|1701191642\n|switch|p2a: Sandy Shocks|Sandy Shocks|100\/100\n|-enditem|p2a: Sandy Shocks|Booster Energy\n|-activate|p2a: Sandy Shocks|ability: Protosynthesis|[fromitem]\n|-start|p2a: Sandy Shocks|protosynthesisspe\n|move|p1a: Lurid Blob|Protect||[still]\n|-fail|p1a: Lurid Blob\n|\n|-weather|RainDance|[upkeep]\n|-heal|p1a: Lurid Blob|66\/100|[from] item: Black Sludge\n|upkeep\n|turn|6\n|\n|t:|1701191657\n|switch|p1a: Wheezing Stache|Weezing-Galar, F|100\/100\n|move|p2a: Sandy Shocks|Stealth Rock|p1a: Wheezing Stache\n|-sidestart|p1: testing a funni3|move: Stealth Rock\n|\n|-weather|RainDance|[upkeep]\n|upkeep\n|turn|7\n|\n|t:|1701191664\n|move|p2a: Sandy Shocks|Earth Power|p1a: Wheezing Stache\n|-immune|p1a: Wheezing Stache|[from] ability: Levitate\n|move|p1a: Wheezing Stache|Strange Steam|p2a: Sandy Shocks\n|-damage|p2a: Sandy Shocks|34\/100\n|\n|-weather|RainDance|[upkeep]\n|upkeep\n|turn|8\n|\n|t:|1701191672\n|move|p2a: Sandy Shocks|Thunderbolt|p1a: Wheezing Stache\n|-damage|p1a: Wheezing Stache|26\/100\n|move|p1a: Wheezing Stache|Strange Steam|p2a: Sandy Shocks\n|-damage|p2a: Sandy Shocks|0 fnt\n|faint|p2a: Sandy Shocks\n|-end|p2a: Sandy Shocks|Protosynthesis|[silent]\n|\n|-weather|none\n|upkeep\n|\n|t:|1701191674\n|switch|p2a: Scizor|Scizor, M|63\/100\n|turn|9\n|\n|t:|1701191687\n|switch|p1a: Great Tusk|Great Tusk|91\/100\n|-damage|p1a: Great Tusk|88\/100|[from] Stealth Rock\n|move|p2a: Scizor|Bullet Punch|p1a: Great Tusk\n|-damage|p1a: Great Tusk|73\/100\n|-damage|p2a: Scizor|47\/100|[from] item: Rocky Helmet|[of] p1a: Great Tusk\n|\n|upkeep\n|turn|10\n|\n|t:|1701191695\n|move|p1a: Great Tusk|Rapid Spin|p2a: Scizor\n|-resisted|p2a: Scizor\n|-damage|p2a: Scizor|39\/100\n|-boost|p1a: Great Tusk|spe|1\n|-sideend|p1: testing a funni3|Stealth Rock|[from] move: Rapid Spin|[of] p1a: Great Tusk\n|move|p2a: Scizor|U-turn|p1a: Great Tusk\n|-resisted|p1a: Great Tusk\n|-damage|p1a: Great Tusk|64\/100\n|-damage|p2a: Scizor|22\/100|[from] item: Rocky Helmet|[of] p1a: Great Tusk\n|\n|t:|1701191711\n|switch|p2a: Pelipper|Pelipper, F|7\/100|[from] U-turn\n|-weather|RainDance|[from] ability: Drizzle|[of] p2a: Pelipper\n|\n|-weather|RainDance|[upkeep]\n|upkeep\n|turn|11\n|\n|t:|1701191714\n|move|p1a: Great Tusk|Rapid Spin|p2a: Pelipper\n|-damage|p2a: Pelipper|0 fnt\n|-boost|p1a: Great Tusk|spe|1\n|faint|p2a: Pelipper\n|\n|-weather|RainDance|[upkeep]\n|upkeep\n|\n|t:|1701191716\n|switch|p2a: Greninja|Greninja, M|91\/100\n|turn|12\n|\n|t:|1701191725\n|-terastallize|p1a: Great Tusk|Dragon\n|move|p2a: Greninja|Water Shuriken|p1a: Great Tusk\n|-resisted|p1a: Great Tusk\n|-damage|p1a: Great Tusk|56\/100\n|-resisted|p1a: Great Tusk\n|-damage|p1a: Great Tusk|48\/100\n|-resisted|p1a: Great Tusk\n|-damage|p1a: Great Tusk|38\/100\n|-resisted|p1a: Great Tusk\n|-damage|p1a: Great Tusk|29\/100\n|-hitcount|p1a: Great Tusk|4\n|-damage|p2a: Greninja|81\/100|[from] item: Life Orb\n|move|p1a: Great Tusk|Earthquake|p2a: Greninja\n|-damage|p2a: Greninja|6\/100\n|\n|-weather|RainDance|[upkeep]\n|upkeep\n|turn|13\n|\n|t:|1701191736\n|-end|p1a: Great Tusk|Protosynthesis|[silent]\n|switch|p1a: Lurid Blob|Muk-Alola, F|66\/100\n|move|p2a: Greninja|Water Shuriken|p1a: Lurid Blob\n|-damage|p1a: Lurid Blob|58\/100\n|-damage|p1a: Lurid Blob|50\/100\n|-damage|p1a: Lurid Blob|41\/100\n|-damage|p1a: Lurid Blob|34\/100\n|-damage|p1a: Lurid Blob|26\/100\n|-hitcount|p1a: Lurid Blob|5\n|-damage|p2a: Greninja|0 fnt|[from] item: Life Orb\n|faint|p2a: Greninja\n|\n|-weather|RainDance|[upkeep]\n|-heal|p1a: Lurid Blob|32\/100|[from] item: Black Sludge\n|upkeep\n|\n|t:|1701191738\n|switch|p2a: Basculegion|Basculegion, M|100\/100\n|turn|14\n|\n|t:|1701191745\n|move|p1a: Lurid Blob|Protect|p1a: Lurid Blob\n|-singleturn|p1a: Lurid Blob|Protect\n|move|p2a: Basculegion|Wave Crash|p1a: Lurid Blob\n|-activate|p1a: Lurid Blob|move: Protect\n|\n|-weather|RainDance|[upkeep]\n|-heal|p1a: Lurid Blob|39\/100|[from] item: Black Sludge\n|upkeep\n|turn|15\n|\n|t:|1701191754\n|switch|p1a: Great Tusk|Great Tusk, tera:Dragon|29\/100\n|move|p2a: Basculegion|Wave Crash|p1a: Great Tusk\n|-resisted|p1a: Great Tusk\n|-damage|p1a: Great Tusk|0 fnt\n|-damage|p2a: Basculegion|84\/100|[from] item: Rocky Helmet|[of] p1a: Great Tusk\n|faint|p1a: Great Tusk\n|-end|p1a: Great Tusk|Protosynthesis|[silent]\n|-damage|p2a: Basculegion|73\/100|[from] Recoil\n|\n|-weather|RainDance|[upkeep]\n|upkeep\n|\n|t:|1701191766\n|switch|p1a: Lurid Blob|Muk-Alola, F|39\/100\n|turn|16\n|\n|t:|1701191767\n|move|p1a: Lurid Blob|Protect|p1a: Lurid Blob\n|-singleturn|p1a: Lurid Blob|Protect\n|move|p2a: Basculegion|Wave Crash|p1a: Lurid Blob\n|-activate|p1a: Lurid Blob|move: Protect\n|\n|-weather|RainDance|[upkeep]\n|-heal|p1a: Lurid Blob|45\/100|[from] item: Black Sludge\n|upkeep\n|turn|17\n|\n|t:|1701191773\n|-terastallize|p2a: Basculegion|Water\n|move|p1a: Lurid Blob|Protect||[still]\n|-fail|p1a: Lurid Blob\n|move|p2a: Basculegion|Wave Crash|p1a: Lurid Blob\n|-damage|p1a: Lurid Blob|0 fnt\n|faint|p1a: Lurid Blob\n|-damage|p2a: Basculegion|57\/100|[from] Recoil\n|\n|-weather|none\n|upkeep\n|\n|t:|1701191781\n|switch|p1a: Walking Wake|Walking Wake|36\/100\n|turn|18\n|\n|t:|1701191785\n|switch|p2a: Scizor|Scizor, M|22\/100\n|move|p1a: Walking Wake|Draco Meteor|p2a: Scizor\n|-resisted|p2a: Scizor\n|-damage|p2a: Scizor|0 fnt\n|-unboost|p1a: Walking Wake|spa|2\n|faint|p2a: Scizor\n|\n|upkeep\n|\n|t:|1701191793\n|switch|p2a: Basculegion|Basculegion, M, tera:Water|57\/100\n|turn|19\n|\n|t:|1701191796\n|-end|p1a: Walking Wake|Protosynthesis|[silent]\n|switch|p1a: Wheezing Stache|Weezing-Galar, F|26\/100\n|move|p2a: Basculegion|Wave Crash|p1a: Wheezing Stache\n|-damage|p1a: Wheezing Stache|0 fnt\n|faint|p1a: Wheezing Stache\n|-damage|p2a: Basculegion|51\/100|[from] Recoil\n|\n|upkeep\n|\n|t:|1701191808\n|switch|p1a: Walking Wake|Walking Wake|36\/100\n|turn|20\n|\n|t:|1701191811\n|move|p1a: Walking Wake|Draco Meteor|p2a: Basculegion\n|-damage|p2a: Basculegion|0 fnt\n|-unboost|p1a: Walking Wake|spa|2\n|faint|p2a: Basculegion\n|\n|upkeep\n|\n|t:|1701191813\n|switch|p2a: Zapdos|Zapdos|100\/100\n|turn|21\n|\n|t:|1701191820\n|move|p1a: Walking Wake|Draco Meteor|p2a: Zapdos\n|-damage|p2a: Zapdos|70\/100\n|-unboost|p1a: Walking Wake|spa|2\n|move|p2a: Zapdos|Thunder|p1a: Walking Wake\n|-damage|p1a: Walking Wake|0 fnt\n|faint|p1a: Walking Wake\n|-end|p1a: Walking Wake|Protosynthesis|[silent]\n|\n|upkeep\n|\n|t:|1701191823\n|switch|p1a: Maushold|Maushold-Four|100\/100\n|turn|22\n|\n|t:|1701191830\n|move|p1a: Maushold|Population Bomb|p2a: Zapdos\n|-crit|p2a: Zapdos\n|-damage|p2a: Zapdos|55\/100\n|-damage|p2a: Zapdos|45\/100\n|-damage|p2a: Zapdos|36\/100\n|-status|p1a: Maushold|par|[from] ability: Static|[of] p2a: Zapdos\n|-damage|p2a: Zapdos|25\/100\n|-damage|p2a: Zapdos|16\/100\n|-damage|p2a: Zapdos|6\/100\n|-damage|p2a: Zapdos|0 fnt\n|faint|p2a: Zapdos\n|-hitcount|p2: Zapdos|7\n|\n|win|testing a funni3\n|raw|testing a funni3's rating: 1467 &rarr; <strong>1489<\/strong><br \/>(+22 for winning)\n|raw|Woodowl's rating: 1494 &rarr; <strong>1472<\/strong><br \/>(-22 for losing)\n","uploadtime":1701191837,"views":3,"p1id":"testingafunni3","p2id":"woodowl","formatid":"gen9ou","rating":1472,"private":0,"password":""}