{"id":"gen9ou-1990160778","p1":"iDybala Jr!(\u25d5\u203f\u25d5)","p2":"keynerriv","format":"[Gen 9] OU","log":"|j|\u2606iDybala Jr!(\u25d5\u203f\u25d5)\n|j|\u2606keynerriv\n|t:|1699931280\n|gametype|singles\n|player|p1|iDybala Jr!(\u25d5\u203f\u25d5)|heroine-conquest|\n|player|p2|keynerriv|169|\n|teamsize|p1|6\n|teamsize|p2|6\n|gen|9\n|tier|[Gen 9] OU\n|rated|Tournament battle\n|rule|Sleep Clause Mod: Limit one foe put to sleep\n|rule|Species Clause: Limit one of each Pok\u00e9mon\n|rule|OHKO Clause: OHKO moves are banned\n|rule|Evasion Items Clause: Evasion items are banned\n|rule|Evasion Moves Clause: Evasion moves are banned\n|rule|Endless Battle Clause: Forcing endless battles is banned\n|rule|HP Percentage Mod: HP is shown in percentages\n|clearpoke\n|poke|p1|Ogerpon-Cornerstone, F|\n|poke|p1|Kingambit, M|\n|poke|p1|Zamazenta-*|\n|poke|p1|Iron Moth|\n|poke|p1|Hatterene, F|\n|poke|p1|Gholdengo|\n|poke|p2|Chesnaught, F|\n|poke|p2|Skeledirge, F|\n|poke|p2|Enamorus, F|\n|poke|p2|Slowking-Galar, M|\n|poke|p2|Great Tusk|\n|poke|p2|Iron Valiant|\n|teampreview\n|c|\u2606keynerriv|kin no esta ban?\n|\n|t:|1699931295\n|start\n|switch|p1a: Hatterene|Hatterene, F|100\/100\n|switch|p2a: Iron Valiant|Iron Valiant, shiny|100\/100\n|-enditem|p2a: Iron Valiant|Booster Energy\n|-activate|p2a: Iron Valiant|ability: Quark Drive|[fromitem]\n|-start|p2a: Iron Valiant|quarkdrivespe\n|turn|1\n|\n|t:|1699931325\n|move|p2a: Iron Valiant|Knock Off|p1a: Hatterene\n|-damage|p1a: Hatterene|71\/100\n|-enditem|p1a: Hatterene|Light Clay|[from] move: Knock Off|[of] p2a: Iron Valiant\n|move|p1a: Hatterene|Reflect|p1a: Hatterene\n|-sidestart|p1: iDybala Jr!(\u25d5\u203f\u25d5)|Reflect\n|\n|upkeep\n|turn|2\n|\n|t:|1699931332\n|move|p2a: Iron Valiant|Poison Jab|p1a: Hatterene\n|-supereffective|p1a: Hatterene\n|-damage|p1a: Hatterene|48\/100\n|move|p1a: Hatterene|Light Screen|p1a: Hatterene\n|-sidestart|p1: iDybala Jr!(\u25d5\u203f\u25d5)|move: Light Screen\n|\n|upkeep\n|turn|3\n|\n|t:|1699931339\n|move|p2a: Iron Valiant|Spirit Break|p1a: Hatterene\n|-damage|p1a: Hatterene|31\/100\n|-unboost|p1a: Hatterene|spa|1\n|move|p1a: Hatterene|Draining Kiss|p2a: Iron Valiant\n|-supereffective|p2a: Iron Valiant\n|-damage|p2a: Iron Valiant|45\/100\n|-heal|p1a: Hatterene|69\/100|[from] drain|[of] p2a: Iron Valiant\n|\n|upkeep\n|turn|4\n|\n|t:|1699931351\n|-end|p2a: Iron Valiant|Quark Drive|[silent]\n|switch|p2a: Slowking|Slowking-Galar, M, shiny|100\/100\n|move|p1a: Hatterene|Draining Kiss|p2a: Slowking\n|-resisted|p2a: Slowking\n|-damage|p2a: Slowking|98\/100\n|-heal|p1a: Hatterene|72\/100|[from] drain|[of] p2a: Slowking\n|\n|upkeep\n|turn|5\n|\n|t:|1699931370\n|switch|p1a: Gholdengo|Gholdengo|100\/100\n|-item|p1a: Gholdengo|Air Balloon\n|move|p2a: Slowking|Flamethrower|p1a: Gholdengo\n|-supereffective|p1a: Gholdengo\n|-damage|p1a: Gholdengo|74\/100\n|-enditem|p1a: Gholdengo|Air Balloon\n|\n|-sideend|p1: iDybala Jr!(\u25d5\u203f\u25d5)|Reflect\n|upkeep\n|turn|6\n|\n|t:|1699931383\n|move|p1a: Gholdengo|Shadow Ball|p2a: Slowking\n|-supereffective|p2a: Slowking\n|-crit|p2a: Slowking\n|-damage|p2a: Slowking|50\/100\n|move|p2a: Slowking|Flamethrower|p1a: Gholdengo\n|-supereffective|p1a: Gholdengo\n|-damage|p1a: Gholdengo|46\/100\n|\n|-sideend|p1: iDybala Jr!(\u25d5\u203f\u25d5)|move: Light Screen\n|upkeep\n|turn|7\n|\n|t:|1699931391\n|move|p1a: Gholdengo|Shadow Ball|p2a: Slowking\n|-supereffective|p2a: Slowking\n|-damage|p2a: Slowking|18\/100\n|move|p2a: Slowking|Flamethrower|p1a: Gholdengo\n|-supereffective|p1a: Gholdengo\n|-damage|p1a: Gholdengo|0 fnt\n|faint|p1a: Gholdengo\n|\n|upkeep\n|\n|t:|1699931400\n|switch|p1a: Ogerpon|Ogerpon-Cornerstone, F|100\/100\n|turn|8\n|c|\u2606keynerriv|me parece haber visto ese equipo antes\n|\n|t:|1699931409\n|switch|p2a: Chesnaught|Chesnaught, F, shiny|100\/100\n|move|p1a: Ogerpon|Knock Off|p2a: Chesnaught\n|-resisted|p2a: Chesnaught\n|-damage|p2a: Chesnaught|90\/100\n|-enditem|p2a: Chesnaught|Leftovers|[from] move: Knock Off|[of] p1a: Ogerpon\n|\n|upkeep\n|turn|9\n|\n|t:|1699931415\n|switch|p1a: Hatterene|Hatterene, F|72\/100\n|move|p2a: Chesnaught|Drain Punch|p1a: Hatterene\n|-resisted|p1a: Hatterene\n|-damage|p1a: Hatterene|66\/100\n|-heal|p2a: Chesnaught|93\/100|[from] drain|[of] p1a: Hatterene\n|\n|upkeep\n|turn|10\n|\n|t:|1699931423\n|move|p2a: Chesnaught|Leech Seed|p1a: Hatterene\n|move|p1a: Hatterene|Leech Seed|p2a: Chesnaught|[from]ability: Magic Bounce\n|-immune|p2a: Chesnaught\n|move|p1a: Hatterene|Reflect|p1a: Hatterene\n|-sidestart|p1: iDybala Jr!(\u25d5\u203f\u25d5)|Reflect\n|\n|upkeep\n|turn|11\n|\n|t:|1699931432\n|switch|p2a: Enamorus|Enamorus, F|100\/100\n|move|p1a: Hatterene|Draining Kiss|p2a: Enamorus\n|-damage|p2a: Enamorus|66\/100\n|-heal|p1a: Hatterene|90\/100|[from] drain|[of] p2a: Enamorus\n|\n|upkeep\n|turn|12\n|\n|t:|1699931440\n|move|p2a: Enamorus|Mystical Fire|p1a: Hatterene\n|-damage|p1a: Hatterene|45\/100\n|-unboost|p1a: Hatterene|spa|1\n|move|p1a: Hatterene|Light Screen|p1a: Hatterene\n|-sidestart|p1: iDybala Jr!(\u25d5\u203f\u25d5)|move: Light Screen\n|\n|upkeep\n|turn|13\n|\n|t:|1699931448\n|switch|p2a: Slowking|Slowking-Galar, M, shiny|51\/100\n|switch|p1a: Iron Moth|Iron Moth|100\/100\n|-enditem|p1a: Iron Moth|Booster Energy\n|-activate|p1a: Iron Moth|ability: Quark Drive|[fromitem]\n|-start|p1a: Iron Moth|quarkdrivespe\n|\n|upkeep\n|turn|14\n|\n|t:|1699931456\n|-terastallize|p1a: Iron Moth|Grass\n|move|p1a: Iron Moth|Substitute|p1a: Iron Moth\n|-start|p1a: Iron Moth|Substitute\n|-damage|p1a: Iron Moth|76\/100\n|move|p2a: Slowking|Psychic|p1a: Iron Moth\n|-activate|p1a: Iron Moth|move: Substitute|[damage]\n|\n|-sideend|p1: iDybala Jr!(\u25d5\u203f\u25d5)|Reflect\n|upkeep\n|turn|15\n|c|\u2606keynerriv|._.\n|\n|t:|1699931468\n|switch|p2a: Great Tusk|Great Tusk|100\/100\n|move|p1a: Iron Moth|Fiery Dance|p2a: Great Tusk\n|-damage|p2a: Great Tusk|41\/100\n|-boost|p1a: Iron Moth|spa|1\n|\n|upkeep\n|turn|16\n|\n|t:|1699931477\n|-end|p2a: Great Tusk|Protosynthesis|[silent]\n|switch|p2a: Slowking|Slowking-Galar, M, shiny|85\/100\n|move|p1a: Iron Moth|Fiery Dance|p2a: Slowking\n|-damage|p2a: Slowking|61\/100\n|-boost|p1a: Iron Moth|spa|1\n|\n|-sideend|p1: iDybala Jr!(\u25d5\u203f\u25d5)|move: Light Screen\n|upkeep\n|turn|17\n|c|\u2606keynerriv|._.\n|\n|t:|1699931485\n|move|p1a: Iron Moth|Fiery Dance|p2a: Slowking\n|-damage|p2a: Slowking|27\/100\n|-boost|p1a: Iron Moth|spa|1\n|move|p2a: Slowking|Flamethrower|p1a: Iron Moth\n|-supereffective|p1a: Iron Moth\n|-end|p1a: Iron Moth|Substitute\n|\n|upkeep\n|turn|18\n|\n|t:|1699931494\n|switch|p2a: Skeledirge|Skeledirge, F, shiny|100\/100\n|move|p1a: Iron Moth|Substitute|p1a: Iron Moth\n|-start|p1a: Iron Moth|Substitute\n|-damage|p1a: Iron Moth|51\/100\n|\n|upkeep\n|turn|19\n|\n|t:|1699931500\n|move|p1a: Iron Moth|Sludge Wave|p2a: Skeledirge\n|-resisted|p2a: Skeledirge\n|-damage|p2a: Skeledirge|75\/100\n|move|p2a: Skeledirge|Torch Song|p1a: Iron Moth\n|-supereffective|p1a: Iron Moth\n|-damage|p1a: Iron Moth|0 fnt\n|-boost|p2a: Skeledirge|spa|1\n|faint|p1a: Iron Moth\n|-end|p1a: Iron Moth|Quark Drive|[silent]\n|\n|upkeep\n|\n|t:|1699931510\n|switch|p1a: Ogerpon|Ogerpon-Cornerstone, F|100\/100\n|turn|20\n|\n|t:|1699931515\n|switch|p2a: Chesnaught|Chesnaught, F, shiny|93\/100\n|move|p1a: Ogerpon|Ivy Cudgel|p2a: Chesnaught\n|-resisted|p2a: Chesnaught\n|-damage|p2a: Chesnaught|77\/100\n|\n|upkeep\n|turn|21\n|\n|t:|1699931522\n|switch|p1a: Hatterene|Hatterene, F|45\/100\n|move|p2a: Chesnaught|Bullet Seed|p1a: Hatterene\n|-damage|p1a: Hatterene|37\/100\n|-damage|p1a: Hatterene|29\/100\n|-damage|p1a: Hatterene|22\/100\n|-hitcount|p1a: Hatterene|3\n|\n|upkeep\n|turn|22\n|\n|t:|1699931532\n|move|p2a: Chesnaught|Bullet Seed|p1a: Hatterene\n|-damage|p1a: Hatterene|14\/100\n|-damage|p1a: Hatterene|6\/100\n|-damage|p1a: Hatterene|0 fnt\n|faint|p1a: Hatterene\n|-hitcount|p1: Hatterene|3\n|\n|upkeep\n|\n|t:|1699931543\n|switch|p1a: Zamazenta|Zamazenta|100\/100\n|-ability|p1a: Zamazenta|Dauntless Shield|boost\n|-boost|p1a: Zamazenta|def|1\n|turn|23\n|\n|t:|1699931553\n|move|p1a: Zamazenta|Iron Defense|p1a: Zamazenta\n|-boost|p1a: Zamazenta|def|2\n|move|p2a: Chesnaught|Leech Seed|p1a: Zamazenta|[miss]\n|-miss|p2a: Chesnaught|p1a: Zamazenta\n|\n|upkeep\n|turn|24\n|\n|t:|1699931565\n|move|p1a: Zamazenta|Body Press|p2a: Chesnaught\n|-damage|p2a: Chesnaught|31\/100\n|move|p2a: Chesnaught|Leech Seed|p1a: Zamazenta\n|-start|p1a: Zamazenta|move: Leech Seed\n|\n|-damage|p1a: Zamazenta|88\/100|[from] Leech Seed|[of] p2a: Chesnaught\n|-heal|p2a: Chesnaught|41\/100|[silent]\n|upkeep\n|turn|25\n|j| Shen16\n|\n|t:|1699931572\n|move|p2a: Chesnaught|Spiky Shield|p2a: Chesnaught\n|-singleturn|p2a: Chesnaught|move: Protect\n|move|p1a: Zamazenta|Iron Defense|p1a: Zamazenta\n|-boost|p1a: Zamazenta|def|2\n|\n|-heal|p1a: Zamazenta|94\/100|[from] item: Leftovers\n|-damage|p1a: Zamazenta|82\/100|[from] Leech Seed|[of] p2a: Chesnaught\n|-heal|p2a: Chesnaught|52\/100|[silent]\n|upkeep\n|turn|26\n|\n|t:|1699931583\n|switch|p2a: Skeledirge|Skeledirge, F, shiny|75\/100\n|move|p1a: Zamazenta|Crunch|p2a: Skeledirge\n|-supereffective|p2a: Skeledirge\n|-damage|p2a: Skeledirge|42\/100\n|\n|-heal|p1a: Zamazenta|88\/100|[from] item: Leftovers\n|-damage|p1a: Zamazenta|76\/100|[from] Leech Seed|[of] p2a: Skeledirge\n|-heal|p2a: Skeledirge|51\/100|[silent]\n|upkeep\n|turn|27\n|\n|t:|1699931591\n|move|p1a: Zamazenta|Stone Edge|p2a: Skeledirge|[miss]\n|-miss|p1a: Zamazenta|p2a: Skeledirge\n|move|p2a: Skeledirge|Slack Off|p2a: Skeledirge\n|-heal|p2a: Skeledirge|100\/100\n|\n|-heal|p1a: Zamazenta|82\/100|[from] item: Leftovers\n|-damage|p1a: Zamazenta|70\/100|[from] Leech Seed|[of] p2a: Skeledirge\n|upkeep\n|turn|28\n|c|\u2606iDybala Jr!(\u25d5\u203f\u25d5)|bro como aguanta tanto ese bicho\n|l| Shen16\n|\n|t:|1699931602\n|switch|p1a: Ogerpon|Ogerpon-Cornerstone, F|100\/100\n|move|p2a: Skeledirge|Will-O-Wisp|p1a: Ogerpon\n|-status|p1a: Ogerpon|brn\n|\n|-damage|p1a: Ogerpon|95\/100 brn|[from] brn\n|upkeep\n|turn|29\n|c|\u2606keynerriv|cual?\n|\n|t:|1699931611\n|switch|p2a: Chesnaught|Chesnaught, F, shiny|52\/100\n|move|p1a: Ogerpon|Spikes|p2a: Chesnaught\n|-sidestart|p2: keynerriv|Spikes\n|\n|-damage|p1a: Ogerpon|89\/100 brn|[from] brn\n|upkeep\n|turn|30\n|\n|t:|1699931618\n|move|p1a: Ogerpon|Spikes|p2a: Chesnaught\n|-sidestart|p2: keynerriv|Spikes\n|move|p2a: Chesnaught|Drain Punch|p1a: Ogerpon\n|-supereffective|p1a: Ogerpon\n|-damage|p1a: Ogerpon|17\/100 brn\n|-heal|p2a: Chesnaught|80\/100|[from] drain|[of] p1a: Ogerpon\n|\n|-damage|p1a: Ogerpon|11\/100 brn|[from] brn\n|upkeep\n|turn|31\n|\n|t:|1699931628\n|move|p1a: Ogerpon|Spikes|p2a: Chesnaught\n|-sidestart|p2: keynerriv|Spikes\n|move|p2a: Chesnaught|Drain Punch|p1a: Ogerpon\n|-supereffective|p1a: Ogerpon\n|-damage|p1a: Ogerpon|0 fnt\n|-heal|p2a: Chesnaught|84\/100|[from] drain|[of] p1a: Ogerpon\n|faint|p1a: Ogerpon\n|\n|upkeep\n|\n|t:|1699931630\n|switch|p1a: Zamazenta|Zamazenta|70\/100\n|turn|32\n|\n|t:|1699931652\n|move|p1a: Zamazenta|Iron Defense|p1a: Zamazenta\n|-boost|p1a: Zamazenta|def|2\n|move|p2a: Chesnaught|Leech Seed|p1a: Zamazenta\n|-start|p1a: Zamazenta|move: Leech Seed\n|\n|-heal|p1a: Zamazenta|76\/100|[from] item: Leftovers\n|-damage|p1a: Zamazenta|64\/100|[from] Leech Seed|[of] p2a: Chesnaught\n|-heal|p2a: Chesnaught|95\/100|[silent]\n|upkeep\n|turn|33\n|\n|t:|1699931678\n|switch|p2a: Skeledirge|Skeledirge, F, shiny|100\/100\n|move|p1a: Zamazenta|Iron Defense|p1a: Zamazenta\n|-boost|p1a: Zamazenta|def|2\n|\n|-heal|p1a: Zamazenta|70\/100|[from] item: Leftovers\n|-damage|p1a: Zamazenta|57\/100|[from] Leech Seed|[of] p2a: Skeledirge\n|upkeep\n|turn|34\n|\n|t:|1699931686\n|move|p1a: Zamazenta|Stone Edge|p2a: Skeledirge\n|-supereffective|p2a: Skeledirge\n|-crit|p2a: Skeledirge\n|-damage|p2a: Skeledirge|45\/100\n|move|p2a: Skeledirge|Will-O-Wisp|p1a: Zamazenta\n|-status|p1a: Zamazenta|brn\n|\n|-heal|p1a: Zamazenta|64\/100 brn|[from] item: Leftovers\n|-damage|p1a: Zamazenta|51\/100 brn|[from] Leech Seed|[of] p2a: Skeledirge\n|-heal|p2a: Skeledirge|55\/100|[silent]\n|-damage|p1a: Zamazenta|45\/100 brn|[from] brn\n|upkeep\n|turn|35\n|\n|t:|1699931703\n|move|p1a: Zamazenta|Stone Edge|p2a: Skeledirge\n|-supereffective|p2a: Skeledirge\n|-damage|p2a: Skeledirge|36\/100\n|move|p2a: Skeledirge|Slack Off|p2a: Skeledirge\n|-heal|p2a: Skeledirge|86\/100\n|\n|-heal|p1a: Zamazenta|51\/100 brn|[from] item: Leftovers\n|-damage|p1a: Zamazenta|39\/100 brn|[from] Leech Seed|[of] p2a: Skeledirge\n|-heal|p2a: Skeledirge|95\/100|[silent]\n|-damage|p1a: Zamazenta|33\/100 brn|[from] brn\n|upkeep\n|turn|36\n|\n|t:|1699931713\n|switch|p2a: Great Tusk|Great Tusk|41\/100\n|-damage|p2a: Great Tusk|17\/100|[from] Spikes\n|move|p1a: Zamazenta|Crunch|p2a: Great Tusk\n|-resisted|p2a: Great Tusk\n|-damage|p2a: Great Tusk|12\/100\n|\n|-heal|p1a: Zamazenta|39\/100 brn|[from] item: Leftovers\n|-damage|p1a: Zamazenta|27\/100 brn|[from] Leech Seed|[of] p2a: Great Tusk\n|-heal|p2a: Great Tusk|23\/100|[silent]\n|-damage|p1a: Zamazenta|20\/100 brn|[from] brn\n|upkeep\n|turn|37\n|\n|t:|1699931724\n|move|p1a: Zamazenta|Body Press|p2a: Great Tusk\n|-damage|p2a: Great Tusk|0 fnt\n|faint|p2a: Great Tusk\n|-end|p2a: Great Tusk|Protosynthesis|[silent]\n|\n|-heal|p1a: Zamazenta|27\/100 brn|[from] item: Leftovers\n|-damage|p1a: Zamazenta|20\/100 brn|[from] brn\n|upkeep\n|\n|t:|1699931731\n|switch|p2a: Enamorus|Enamorus, F|66\/100\n|turn|38\n|\n|t:|1699931736\n|move|p1a: Zamazenta|Stone Edge|p2a: Enamorus\n|-supereffective|p2a: Enamorus\n|-damage|p2a: Enamorus|14\/100\n|move|p2a: Enamorus|Moonblast|p1a: Zamazenta\n|-supereffective|p1a: Zamazenta\n|-damage|p1a: Zamazenta|0 fnt\n|faint|p1a: Zamazenta\n|\n|upkeep\n|\n|t:|1699931739\n|switch|p1a: Kingambit|Kingambit, M|100\/100\n|-activate|p1a: Kingambit|ability: Supreme Overlord\n|-start|p1a: Kingambit|fallen5|[silent]\n|turn|39\n|\n|t:|1699931746\n|move|p1a: Kingambit|Sucker Punch|p2a: Enamorus\n|-resisted|p2a: Enamorus\n|-damage|p2a: Enamorus|0 fnt\n|faint|p2a: Enamorus\n|\n|upkeep\n|c|\u2606keynerriv|a\n|c|\u2606keynerriv|me haces un fav?\n|c|\u2606iDybala Jr!(\u25d5\u203f\u25d5)|a ver\n|c|\u2606keynerriv|porfa me dices cuanto multiplicador tiene kin con todos sus aliados muertos?\n|\n|t:|1699931768\n|switch|p2a: Skeledirge|Skeledirge, F, shiny|95\/100\n|turn|40\n|c|\u2606iDybala Jr!(\u25d5\u203f\u25d5)|fallen: 5\n|\n|t:|1699931778\n|move|p1a: Kingambit|Kowtow Cleave|p2a: Skeledirge\n|-supereffective|p2a: Skeledirge\n|-damage|p2a: Skeledirge|10\/100\n|move|p2a: Skeledirge|Will-O-Wisp|p1a: Kingambit\n|-status|p1a: Kingambit|brn\n|-enditem|p1a: Kingambit|Lum Berry|[eat]\n|-curestatus|p1a: Kingambit|brn|[msg]\n|\n|upkeep\n|turn|41\n|c|\u2606keynerriv|osea 50%?\n|c|\u2606keynerriv|A\n|\n|t:|1699931790\n|move|p1a: Kingambit|Kowtow Cleave|p2a: Skeledirge\n|-supereffective|p2a: Skeledirge\n|-damage|p2a: Skeledirge|0 fnt\n|faint|p2a: Skeledirge\n|\n|upkeep\n|c|\u2606keynerriv|esa es una muy beuna estrategia\n|\n|t:|1699931811\n|switch|p2a: Chesnaught|Chesnaught, F, shiny|95\/100\n|-damage|p2a: Chesnaught|70\/100|[from] Spikes\n|turn|42\n|\n|t:|1699931879\n|move|p1a: Kingambit|Swords Dance|p1a: Kingambit\n|-boost|p1a: Kingambit|atk|2\n|move|p2a: Chesnaught|Leech Seed|p1a: Kingambit\n|-start|p1a: Kingambit|move: Leech Seed\n|\n|-damage|p1a: Kingambit|88\/100|[from] Leech Seed|[of] p2a: Chesnaught\n|-heal|p2a: Chesnaught|82\/100|[silent]\n|upkeep\n|turn|43\n|\n|t:|1699931893\n|move|p2a: Chesnaught|Spiky Shield|p2a: Chesnaught\n|-singleturn|p2a: Chesnaught|move: Protect\n|move|p1a: Kingambit|Iron Head|p2a: Chesnaught\n|-activate|p2a: Chesnaught|move: Protect\n|-damage|p1a: Kingambit|76\/100|[from] Spiky Shield|[of] p2a: Chesnaught\n|\n|-damage|p1a: Kingambit|63\/100|[from] Leech Seed|[of] p2a: Chesnaught\n|-heal|p2a: Chesnaught|94\/100|[silent]\n|upkeep\n|turn|44\n|c|\u2606iDybala Jr!(\u25d5\u203f\u25d5)|debi pensar en eso\n|c|\u2606iDybala Jr!(\u25d5\u203f\u25d5)|q mal\n|c|\u2606iDybala Jr!(\u25d5\u203f\u25d5)|gg\n|c|\u2606iDybala Jr!(\u25d5\u203f\u25d5)|amenos que flinchee is over\n|\n|t:|1699931909\n|-terastallize|p2a: Chesnaught|Water\n|move|p1a: Kingambit|Iron Head|p2a: Chesnaught\n|-resisted|p2a: Chesnaught\n|-damage|p2a: Chesnaught|56\/100\n|cant|p2a: Chesnaught|flinch\n|\n|-damage|p1a: Kingambit|51\/100|[from] Leech Seed|[of] p2a: Chesnaught\n|-heal|p2a: Chesnaught|68\/100|[silent]\n|upkeep\n|turn|45\n|c|\u2606keynerriv|mm no se loco, pero tiene una team brutal\n|c|\u2606keynerriv|._.\n|c|\u2606iDybala Jr!(\u25d5\u203f\u25d5)|q epico\n|\n|t:|1699931920\n|move|p2a: Chesnaught|Spiky Shield|p2a: Chesnaught\n|-singleturn|p2a: Chesnaught|move: Protect\n|move|p1a: Kingambit|Swords Dance|p1a: Kingambit\n|-boost|p1a: Kingambit|atk|2\n|\n|-damage|p1a: Kingambit|38\/100|[from] Leech Seed|[of] p2a: Chesnaught\n|-heal|p2a: Chesnaught|80\/100|[silent]\n|upkeep\n|turn|46\n|\n|t:|1699931934\n|switch|p2a: Iron Valiant|Iron Valiant, shiny|45\/100\n|-damage|p2a: Iron Valiant|20\/100|[from] Spikes\n|move|p1a: Kingambit|Kowtow Cleave|p2a: Iron Valiant\n|-resisted|p2a: Iron Valiant\n|-damage|p2a: Iron Valiant|0 fnt\n|faint|p2a: Iron Valiant\n|-end|p2a: Iron Valiant|Quark Drive|[silent]\n|\n|upkeep\n|\n|t:|1699931942\n|switch|p2a: Chesnaught|Chesnaught, F, shiny, tera:Water|80\/100\n|-damage|p2a: Chesnaught|55\/100|[from] Spikes\n|turn|47\n|\n|t:|1699931946\n|move|p1a: Kingambit|Kowtow Cleave|p2a: Chesnaught\n|-damage|p2a: Chesnaught|0 fnt\n|faint|p2a: Chesnaught\n|\n|upkeep\n|c|\u2606keynerriv|perdi\n|c|\u2606keynerriv|ni modo\n|c|\u2606iDybala Jr!(\u25d5\u203f\u25d5)|q lindo remontar asi\n|\n|t:|1699931953\n|switch|p2a: Slowking|Slowking-Galar, M, shiny|61\/100\n|-damage|p2a: Slowking|36\/100|[from] Spikes\n|turn|48\n|c|\u2606keynerriv|loco, solo porque es kingambit\n|\n|t:|1699931969\n|move|p1a: Kingambit|Kowtow Cleave|p2a: Slowking\n|-supereffective|p2a: Slowking\n|-damage|p2a: Slowking|0 fnt\n|faint|p2a: Slowking\n|\n|win|iDybala Jr!(\u25d5\u203f\u25d5)\n|n|\u2606iDybala Jr!(\u25d5\u203f\u25d5)|idybalajr\n|n|\u2606keynerriv|keynerriv\n|c|\u2606keynerriv|lit\n|l|\u2606iDybala Jr!(\u25d5\u203f\u25d5)\n|j| Lu\n","uploadtime":1699932244,"views":27,"p1id":"idybalajr","p2id":"keynerriv","formatid":"gen9ou","rating":0,"private":0,"password":""}