{"id":"gen9ou-1989889761","p1":"BAN SHEDNINJA OK","p2":"pantsarefortheweak","format":"[Gen 9] OU","log":"|j|\u2606BAN SHEDNINJA OK\n|j|\u2606pantsarefortheweak\n|t:|1699904218\n|gametype|singles\n|player|p1|BAN SHEDNINJA OK|flannery|1261\n|player|p2|pantsarefortheweak|pokemaniac|1259\n|teamsize|p1|6\n|teamsize|p2|6\n|gen|9\n|tier|[Gen 9] OU\n|rated|\n|rule|Sleep Clause Mod: Limit one foe put to sleep\n|rule|Species Clause: Limit one of each Pok\u00e9mon\n|rule|OHKO Clause: OHKO moves are banned\n|rule|Evasion Items Clause: Evasion items are banned\n|rule|Evasion Moves Clause: Evasion moves are banned\n|rule|Endless Battle Clause: Forcing endless battles is banned\n|rule|HP Percentage Mod: HP is shown in percentages\n|clearpoke\n|poke|p1|Great Tusk|\n|poke|p1|Milotic, F|\n|poke|p1|Sneasler, M|\n|poke|p1|Zapdos|\n|poke|p1|Kingambit, F|\n|poke|p1|Ogerpon-Wellspring, F|\n|poke|p2|Ting-Lu|\n|poke|p2|Corviknight, F|\n|poke|p2|Dragapult, M|\n|poke|p2|Iron Valiant|\n|poke|p2|Landorus-Therian, M|\n|poke|p2|Iron Moth|\n|teampreview\n|inactive|Battle timer is ON: inactive players will automatically lose when time's up. (requested by BAN SHEDNINJA OK)\n|\n|t:|1699904238\n|start\n|switch|p1a: Sneasler|Sneasler, M|100\/100\n|switch|p2a: Landorus|Landorus-Therian, M|100\/100\n|-ability|p2a: Landorus|Intimidate|boost\n|-unboost|p1a: Sneasler|atk|1\n|turn|1\n|inactive|pantsarefortheweak has 120 seconds left.\n|\n|t:|1699904269\n|switch|p2a: Ting-Lu|Ting-Lu|100\/100\n|-ability|p2a: Ting-Lu|Vessel of Ruin\n|move|p1a: Sneasler|Switcheroo|p2a: Ting-Lu\n|-activate|p1a: Sneasler|move: Trick|[of] p2a: Ting-Lu\n|-item|p2a: Ting-Lu|Choice Scarf|[from] move: Switcheroo\n|-item|p1a: Sneasler|Leftovers|[from] move: Switcheroo\n|\n|upkeep\n|turn|2\n|\n|t:|1699904281\n|switch|p1a: Great Tusk|Great Tusk|100\/100\n|move|p2a: Ting-Lu|Stealth Rock|p1a: Great Tusk\n|-sidestart|p1: BAN SHEDNINJA OK|move: Stealth Rock\n|\n|upkeep\n|turn|3\n|\n|t:|1699904289\n|switch|p2a: Corviknight|Corviknight, F|100\/100\n|-ability|p2a: Corviknight|Pressure\n|move|p1a: Great Tusk|Bulk Up|p1a: Great Tusk\n|-boost|p1a: Great Tusk|atk|1\n|-boost|p1a: Great Tusk|def|1\n|\n|upkeep\n|turn|4\n|\n|t:|1699904306\n|move|p1a: Great Tusk|Rapid Spin|p2a: Corviknight\n|-resisted|p2a: Corviknight\n|-damage|p2a: Corviknight|94\/100\n|-boost|p1a: Great Tusk|spe|1\n|-damage|p1a: Great Tusk|84\/100|[from] item: Rocky Helmet|[of] p2a: Corviknight\n|-sideend|p1: BAN SHEDNINJA OK|Stealth Rock|[from] move: Rapid Spin|[of] p1a: Great Tusk\n|move|p2a: Corviknight|U-turn|p1a: Great Tusk\n|-resisted|p1a: Great Tusk\n|-damage|p1a: Great Tusk|82\/100\n|-damage|p2a: Corviknight|78\/100|[from] item: Rocky Helmet|[of] p1a: Great Tusk\n|inactive|pantsarefortheweak has 120 seconds left.\n|\n|t:|1699904318\n|switch|p2a: Landorus|Landorus-Therian, M|100\/100|[from] U-turn\n|-ability|p2a: Landorus|Intimidate|boost\n|-unboost|p1a: Great Tusk|atk|1\n|\n|upkeep\n|turn|5\n|\n|t:|1699904327\n|move|p2a: Landorus|Grass Knot|p1a: Great Tusk\n|-supereffective|p1a: Great Tusk\n|-damage|p1a: Great Tusk|1\/100\n|-damage|p2a: Landorus|84\/100|[from] item: Rocky Helmet|[of] p1a: Great Tusk\n|move|p1a: Great Tusk|Rapid Spin|p2a: Landorus\n|-damage|p2a: Landorus|68\/100\n|-boost|p1a: Great Tusk|spe|1\n|\n|upkeep\n|turn|6\n|\n|t:|1699904340\n|switch|p2a: Corviknight|Corviknight, F|78\/100\n|-ability|p2a: Corviknight|Pressure\n|move|p1a: Great Tusk|Knock Off|p2a: Corviknight\n|-damage|p2a: Corviknight|61\/100\n|-damage|p1a: Great Tusk|0 fnt|[from] item: Rocky Helmet|[of] p2a: Corviknight\n|faint|p1a: Great Tusk\n|-end|p1a: Great Tusk|Protosynthesis|[silent]\n|\n|upkeep\n|\n|t:|1699904344\n|switch|p1a: Zapdos|Zapdos|100\/100\n|turn|7\n|\n|t:|1699904354\n|switch|p2a: Ting-Lu|Ting-Lu|100\/100\n|-ability|p2a: Ting-Lu|Vessel of Ruin\n|move|p1a: Zapdos|Hurricane|p2a: Ting-Lu\n|-damage|p2a: Ting-Lu|75\/100\n|\n|upkeep\n|turn|8\n|\n|t:|1699904362\n|switch|p1a: Ogerpon|Ogerpon-Wellspring, F|100\/100\n|move|p2a: Ting-Lu|Stealth Rock|p1a: Ogerpon\n|-sidestart|p1: BAN SHEDNINJA OK|move: Stealth Rock\n|\n|upkeep\n|turn|9\n|\n|t:|1699904382\n|switch|p2a: Landorus|Landorus-Therian, M|68\/100\n|-ability|p2a: Landorus|Intimidate|boost\n|-unboost|p1a: Ogerpon|atk|1\n|move|p1a: Ogerpon|Swords Dance|p1a: Ogerpon\n|-boost|p1a: Ogerpon|atk|2\n|\n|upkeep\n|turn|10\n|\n|t:|1699904395\n|-terastallize|p1a: Ogerpon|Water\n|detailschange|p1a: Ogerpon|Ogerpon-Wellspring-Tera, F, tera:Water\n|-ability|p1a: Ogerpon|Embody Aspect (Wellspring)|boost\n|-boost|p1a: Ogerpon|spd|1\n|move|p2a: Landorus|U-turn|p1a: Ogerpon\n|-damage|p1a: Ogerpon|65\/100\n|inactive|pantsarefortheweak has 120 seconds left.\n|inactive|pantsarefortheweak has 90 seconds left.\n|inactive|pantsarefortheweak has 60 seconds left.\n|\n|t:|1699904468\n|switch|p2a: Ting-Lu|Ting-Lu|75\/100|[from] U-turn\n|-ability|p2a: Ting-Lu|Vessel of Ruin\n|move|p1a: Ogerpon|Ivy Cudgel|p2a: Ting-Lu\n|-supereffective|p2a: Ting-Lu\n|-damage|p2a: Ting-Lu|0 fnt\n|faint|p2a: Ting-Lu\n|\n|upkeep\n|inactive|pantsarefortheweak has 60 seconds left.\n|\n|t:|1699904481\n|switch|p2a: Iron Valiant|Iron Valiant|100\/100\n|-enditem|p2a: Iron Valiant|Booster Energy\n|-activate|p2a: Iron Valiant|ability: Quark Drive|[fromitem]\n|-start|p2a: Iron Valiant|quarkdrivespe\n|turn|11\n|inactive|pantsarefortheweak has 60 seconds left.\n|\n|t:|1699904486\n|move|p2a: Iron Valiant|Close Combat|p1a: Ogerpon\n|-damage|p1a: Ogerpon|0 fnt\n|-unboost|p2a: Iron Valiant|def|1\n|-unboost|p2a: Iron Valiant|spd|1\n|faint|p1a: Ogerpon\n|\n|upkeep\n|\n|t:|1699904489\n|switch|p1a: Zapdos|Zapdos|100\/100\n|turn|12\n|inactive|pantsarefortheweak has 60 seconds left.\n|\n|t:|1699904508\n|move|p2a: Iron Valiant|Knock Off|p1a: Zapdos\n|-damage|p1a: Zapdos|63\/100\n|-enditem|p1a: Zapdos|Heavy-Duty Boots|[from] move: Knock Off|[of] p2a: Iron Valiant\n|move|p1a: Zapdos|Hurricane|p2a: Iron Valiant|[miss]\n|-miss|p1a: Zapdos|p2a: Iron Valiant\n|\n|upkeep\n|turn|13\n|inactive|pantsarefortheweak has 60 seconds left.\n|\n|t:|1699904528\n|-end|p2a: Iron Valiant|Quark Drive|[silent]\n|switch|p2a: Dragapult|Dragapult, M|100\/100\n|move|p1a: Zapdos|Roost|p1a: Zapdos\n|-heal|p1a: Zapdos|100\/100\n|-singleturn|p1a: Zapdos|move: Roost\n|\n|upkeep\n|turn|14\n|inactive|pantsarefortheweak has 60 seconds left.\n|\n|t:|1699904562\n|move|p2a: Dragapult|Shadow Ball|p1a: Zapdos\n|-damage|p1a: Zapdos|48\/100\n|move|p1a: Zapdos|Hurricane|p2a: Dragapult|[miss]\n|-miss|p1a: Zapdos|p2a: Dragapult\n|\n|upkeep\n|turn|15\n|\n|t:|1699904572\n|switch|p1a: Kingambit|Kingambit, F|100\/100\n|-damage|p1a: Kingambit|94\/100|[from] Stealth Rock\n|-activate|p1a: Kingambit|ability: Supreme Overlord\n|-start|p1a: Kingambit|fallen2|[silent]\n|move|p2a: Dragapult|Shadow Ball|p1a: Kingambit\n|-resisted|p1a: Kingambit\n|-damage|p1a: Kingambit|69\/100\n|\n|upkeep\n|turn|16\n|c|\u2606BAN SHEDNINJA OK|Man\n|inactive|pantsarefortheweak has 30 seconds left.\n|inactive|pantsarefortheweak has 20 seconds left.\n|\n|t:|1699904603\n|switch|p2a: Iron Valiant|Iron Valiant|100\/100\n|move|p1a: Kingambit|Iron Head|p2a: Iron Valiant\n|-supereffective|p2a: Iron Valiant\n|-damage|p2a: Iron Valiant|0 fnt\n|faint|p2a: Iron Valiant\n|-end|p2a: Iron Valiant|Quark Drive|[silent]\n|-damage|p1a: Kingambit|59\/100|[from] item: Life Orb\n|\n|upkeep\n|inactive|pantsarefortheweak has 25 seconds left this turn.\n|inactive|pantsarefortheweak has 20 seconds left.\n|inactive|pantsarefortheweak has 15 seconds left.\n|inactive|pantsarefortheweak has 10 seconds left.\n|\n|t:|1699904618\n|switch|p2a: Iron Moth|Iron Moth|100\/100\n|-enditem|p2a: Iron Moth|Booster Energy\n|-activate|p2a: Iron Moth|ability: Quark Drive|[fromitem]\n|-start|p2a: Iron Moth|quarkdrivespa\n|turn|17\n|inactive|pantsarefortheweak has 20 seconds left this turn.\n|inactive|pantsarefortheweak has 15 seconds left.\n|\n|t:|1699904626\n|-end|p2a: Iron Moth|Quark Drive|[silent]\n|switch|p2a: Landorus|Landorus-Therian, M|68\/100\n|-ability|p2a: Landorus|Intimidate|boost\n|-unboost|p1a: Kingambit|atk|1\n|move|p1a: Kingambit|Sucker Punch||[still]\n|-fail|p1a: Kingambit\n|\n|upkeep\n|turn|18\n|inactive|pantsarefortheweak has 25 seconds left this turn.\n|inactive|pantsarefortheweak has 20 seconds left.\n|\n|t:|1699904634\n|-end|p1a: Kingambit|fallen2|[silent]\n|switch|p1a: Milotic|Milotic, F, shiny|100\/100\n|-damage|p1a: Milotic|88\/100|[from] Stealth Rock\n|move|p2a: Landorus|U-turn|p1a: Milotic\n|-crit|p1a: Milotic\n|-damage|p1a: Milotic|60\/100\n|inactive|pantsarefortheweak has 25 seconds left this turn.\n|inactive|pantsarefortheweak has 20 seconds left.\n|inactive|pantsarefortheweak has 15 seconds left.\n|\n|t:|1699904648\n|switch|p2a: Iron Moth|Iron Moth|100\/100|[from] U-turn\n|\n|-status|p1a: Milotic|brn|[from] item: Flame Orb\n|upkeep\n|turn|19\n|inactive|pantsarefortheweak has 25 seconds left this turn.\n|inactive|pantsarefortheweak has 20 seconds left.\n|inactive|pantsarefortheweak has 15 seconds left.\n|inactive|pantsarefortheweak has 10 seconds left.\n|inactive|pantsarefortheweak has 5 seconds left.\n|\n|t:|1699904669\n|-end|p2a: Iron Moth|Quark Drive|[silent]\n|switch|p2a: Corviknight|Corviknight, F|61\/100\n|-ability|p2a: Corviknight|Pressure\n|move|p1a: Milotic|Scald|p2a: Corviknight\n|-damage|p2a: Corviknight|37\/100\n|\n|-damage|p1a: Milotic|54\/100 brn|[from] brn\n|upkeep\n|turn|20\n|inactive|pantsarefortheweak has 15 seconds left this turn.\n|inactive|pantsarefortheweak has 10 seconds left.\n|\n|t:|1699904677\n|move|p1a: Milotic|Recover|p1a: Milotic\n|-heal|p1a: Milotic|100\/100 brn\n|move|p2a: Corviknight|Roost|p2a: Corviknight\n|-heal|p2a: Corviknight|87\/100\n|-singleturn|p2a: Corviknight|move: Roost\n|\n|-damage|p1a: Milotic|94\/100 brn|[from] brn\n|upkeep\n|turn|21\n|inactive|pantsarefortheweak has 20 seconds left this turn.\n|inactive|pantsarefortheweak has 15 seconds left.\n|\n|t:|1699904685\n|move|p1a: Milotic|Scald|p2a: Corviknight\n|-damage|p2a: Corviknight|64\/100\n|move|p2a: Corviknight|U-turn|p1a: Milotic\n|-crit|p1a: Milotic\n|-damage|p1a: Milotic|84\/100 brn\n|inactive|pantsarefortheweak has 20 seconds left this turn.\n|inactive|pantsarefortheweak has 15 seconds left.\n|\n|t:|1699904691\n|switch|p2a: Iron Moth|Iron Moth|100\/100|[from] U-turn\n|\n|-damage|p1a: Milotic|78\/100 brn|[from] brn\n|upkeep\n|turn|22\n|inactive|pantsarefortheweak has 25 seconds left this turn.\n|inactive|pantsarefortheweak has 20 seconds left.\n|\n|t:|1699904699\n|-terastallize|p2a: Iron Moth|Grass\n|move|p2a: Iron Moth|Energy Ball|p1a: Milotic\n|-supereffective|p1a: Milotic\n|-damage|p1a: Milotic|12\/100 brn\n|move|p1a: Milotic|Scald|p2a: Iron Moth\n|-resisted|p2a: Iron Moth\n|-damage|p2a: Iron Moth|88\/100\n|\n|-damage|p1a: Milotic|6\/100 brn|[from] brn\n|upkeep\n|turn|23\n|inactive|pantsarefortheweak has 30 seconds left this turn.\n|\n|t:|1699904709\n|move|p2a: Iron Moth|Fiery Dance|p1a: Milotic\n|-resisted|p1a: Milotic\n|-damage|p1a: Milotic|0 fnt\n|-boost|p2a: Iron Moth|spa|1\n|faint|p1a: Milotic\n|\n|upkeep\n|inactive|pantsarefortheweak has 30 seconds left this turn.\n|\n|t:|1699904711\n|switch|p1a: Sneasler|Sneasler, M|100\/100\n|-damage|p1a: Sneasler|95\/100|[from] Stealth Rock\n|turn|24\n|inactive|pantsarefortheweak has 30 seconds left.\n|\n|t:|1699904724\n|-end|p2a: Iron Moth|Quark Drive|[silent]\n|switch|p2a: Corviknight|Corviknight, F|64\/100\n|-ability|p2a: Corviknight|Pressure\n|move|p1a: Sneasler|Dire Claw|p2a: Corviknight\n|-immune|p2a: Corviknight\n|\n|-heal|p1a: Sneasler|100\/100|[from] item: Leftovers\n|upkeep\n|turn|25\n|\n|t:|1699904732\n|move|p1a: Sneasler|Close Combat|p2a: Corviknight\n|-damage|p2a: Corviknight|27\/100\n|-unboost|p1a: Sneasler|def|1\n|-unboost|p1a: Sneasler|spd|1\n|-damage|p1a: Sneasler|84\/100|[from] item: Rocky Helmet|[of] p2a: Corviknight\n|move|p2a: Corviknight|Roost|p2a: Corviknight\n|-heal|p2a: Corviknight|77\/100\n|-singleturn|p2a: Corviknight|move: Roost\n|\n|-heal|p1a: Sneasler|90\/100|[from] item: Leftovers\n|upkeep\n|turn|26\n|\n|t:|1699904743\n|switch|p1a: Zapdos|Zapdos|48\/100\n|-damage|p1a: Zapdos|23\/100|[from] Stealth Rock\n|move|p2a: Corviknight|Brave Bird|p1a: Zapdos\n|-resisted|p1a: Zapdos\n|-damage|p1a: Zapdos|2\/100\n|-damage|p2a: Corviknight|70\/100|[from] Recoil\n|\n|upkeep\n|turn|27\n|\n|t:|1699904751\n|switch|p2a: Landorus|Landorus-Therian, M|68\/100\n|-ability|p2a: Landorus|Intimidate|boost\n|-unboost|p1a: Zapdos|atk|1\n|move|p1a: Zapdos|Roost|p1a: Zapdos\n|-heal|p1a: Zapdos|52\/100\n|-singleturn|p1a: Zapdos|move: Roost\n|\n|upkeep\n|turn|28\n|\n|t:|1699904760\n|move|p2a: Landorus|Stone Edge|p1a: Zapdos\n|-supereffective|p1a: Zapdos\n|-damage|p1a: Zapdos|0 fnt\n|faint|p1a: Zapdos\n|\n|upkeep\n|\n|t:|1699904766\n|switch|p1a: Kingambit|Kingambit, F|59\/100\n|-damage|p1a: Kingambit|53\/100|[from] Stealth Rock\n|-activate|p1a: Kingambit|ability: Supreme Overlord\n|-start|p1a: Kingambit|fallen4|[silent]\n|turn|29\n|\n|t:|1699904778\n|switch|p2a: Iron Moth|Iron Moth, tera:Grass|88\/100\n|move|p1a: Kingambit|Swords Dance|p1a: Kingambit\n|-boost|p1a: Kingambit|atk|2\n|\n|upkeep\n|turn|30\n|\n|t:|1699904784\n|move|p1a: Kingambit|Sucker Punch|p2a: Iron Moth\n|-damage|p2a: Iron Moth|0 fnt\n|faint|p2a: Iron Moth\n|-end|p2a: Iron Moth|Quark Drive|[silent]\n|-damage|p1a: Kingambit|43\/100|[from] item: Life Orb\n|\n|upkeep\n|\n|t:|1699904789\n|switch|p2a: Landorus|Landorus-Therian, M|68\/100\n|-ability|p2a: Landorus|Intimidate|boost\n|-unboost|p1a: Kingambit|atk|1\n|turn|31\n|inactive|pantsarefortheweak has 60 seconds left.\n|\n|t:|1699904801\n|switch|p2a: Corviknight|Corviknight, F|70\/100\n|-ability|p2a: Corviknight|Pressure\n|move|p1a: Kingambit|Sucker Punch||[still]\n|-fail|p1a: Kingambit\n|\n|upkeep\n|turn|32\n|\n|t:|1699904811\n|move|p2a: Corviknight|U-turn|p1a: Kingambit\n|-damage|p1a: Kingambit|33\/100\n|\n|t:|1699904818\n|switch|p2a: Landorus|Landorus-Therian, M|68\/100|[from] U-turn\n|-ability|p2a: Landorus|Intimidate|boost\n|-unboost|p1a: Kingambit|atk|1\n|move|p1a: Kingambit|Kowtow Cleave|p2a: Landorus\n|-damage|p2a: Landorus|0 fnt\n|faint|p2a: Landorus\n|-damage|p1a: Kingambit|23\/100|[from] item: Life Orb\n|\n|upkeep\n|inactive|pantsarefortheweak has 60 seconds left.\n|\n|t:|1699904828\n|switch|p2a: Corviknight|Corviknight, F|70\/100\n|-ability|p2a: Corviknight|Pressure\n|turn|33\n|inactive|pantsarefortheweak has 60 seconds left.\n|\n|t:|1699904840\n|move|p2a: Corviknight|Brave Bird|p1a: Kingambit\n|-resisted|p1a: Kingambit\n|-damage|p1a: Kingambit|11\/100\n|-damage|p2a: Corviknight|66\/100|[from] Recoil\n|move|p1a: Kingambit|Kowtow Cleave|p2a: Corviknight\n|-damage|p2a: Corviknight|15\/100\n|-damage|p1a: Kingambit|0 fnt|[from] item: Rocky Helmet|[of] p2a: Corviknight\n|faint|p1a: Kingambit\n|-end|p1a: Kingambit|fallen4|[silent]\n|\n|upkeep\n|\n|t:|1699904845\n|switch|p1a: Sneasler|Sneasler, M|90\/100\n|-damage|p1a: Sneasler|84\/100|[from] Stealth Rock\n|turn|34\n|\n|t:|1699904852\n|move|p1a: Sneasler|Night Slash|p2a: Corviknight\n|-damage|p2a: Corviknight|0 fnt\n|-damage|p1a: Sneasler|67\/100|[from] item: Rocky Helmet|[of] p2a: Corviknight\n|faint|p2a: Corviknight\n|\n|-heal|p1a: Sneasler|73\/100|[from] item: Leftovers\n|upkeep\n|\n|t:|1699904860\n|switch|p2a: Dragapult|Dragapult, M|100\/100\n|turn|35\n|\n|t:|1699904866\n|move|p2a: Dragapult|Draco Meteor|p1a: Sneasler|[miss]\n|-miss|p2a: Dragapult|p1a: Sneasler\n|move|p1a: Sneasler|Night Slash|p2a: Dragapult\n|-supereffective|p2a: Dragapult\n|-crit|p2a: Dragapult\n|-damage|p2a: Dragapult|5\/100\n|\n|-heal|p1a: Sneasler|79\/100|[from] item: Leftovers\n|upkeep\n|turn|36\n|c|\u2606pantsarefortheweak|gg\n|\n|t:|1699904876\n|move|p2a: Dragapult|Draco Meteor|p1a: Sneasler\n|-damage|p1a: Sneasler|0 fnt\n|-unboost|p2a: Dragapult|spa|2\n|faint|p1a: Sneasler\n|\n|win|pantsarefortheweak\n|raw|BAN SHEDNINJA OK's rating: 1261 &rarr; <strong>1236<\/strong><br \/>(-25 for losing)\n|raw|pantsarefortheweak's rating: 1259 &rarr; <strong>1284<\/strong><br \/>(+25 for winning)\n|c|\u2606pantsarefortheweak|oh\n|l|\u2606BAN SHEDNINJA OK\n","uploadtime":1699904923,"views":10,"p1id":"banshedninjaok","p2id":"pantsarefortheweak","formatid":"gen9ou","rating":1236,"private":0,"password":""}