{"id":"gen9ou-1993817598","p1":"SkyPrincess420","p2":"Cosmo801","format":"[Gen 9] OU","log":"|j|\u2606SkyPrincess420\n|j|\u2606Cosmo801\n|t:|1700360984\n|gametype|singles\n|player|p1|SkyPrincess420|caitlin|1395\n|player|p2|Cosmo801|102|1296\n|teamsize|p1|6\n|teamsize|p2|6\n|gen|9\n|tier|[Gen 9] OU\n|rated|\n|rule|Sleep Clause Mod: Limit one foe put to sleep\n|rule|Species Clause: Limit one of each Pok\u00e9mon\n|rule|OHKO Clause: OHKO moves are banned\n|rule|Evasion Items Clause: Evasion items are banned\n|rule|Evasion Moves Clause: Evasion moves are banned\n|rule|Endless Battle Clause: Forcing endless battles is banned\n|rule|HP Percentage Mod: HP is shown in percentages\n|clearpoke\n|poke|p1|Houndstone, F|\n|poke|p1|Clefable, M|\n|poke|p1|Garganacl, F|\n|poke|p1|Hippowdon, M|\n|poke|p1|Corviknight, F|\n|poke|p1|Volcanion|\n|poke|p2|Pelipper, F|\n|poke|p2|Basculegion-F, F|\n|poke|p2|Zapdos|\n|poke|p2|Clodsire, F|\n|poke|p2|Scizor, F|\n|poke|p2|Gyarados, F|\n|teampreview\n|inactive|Battle timer is ON: inactive players will automatically lose when time's up. (requested by Cosmo801)\n|\n|t:|1700360996\n|start\n|switch|p1a: Hippowdon|Hippowdon, M|100\/100\n|switch|p2a: Scizor|Scizor, F|100\/100\n|-weather|Sandstorm|[from] ability: Sand Stream|[of] p1a: Hippowdon\n|turn|1\n|\n|t:|1700361001\n|move|p2a: Scizor|Knock Off|p1a: Hippowdon\n|-damage|p1a: Hippowdon|80\/100\n|-enditem|p1a: Hippowdon|Smooth Rock|[from] move: Knock Off|[of] p2a: Scizor\n|move|p1a: Hippowdon|Stealth Rock|p2a: Scizor\n|-sidestart|p2: Cosmo801|move: Stealth Rock\n|\n|-weather|Sandstorm|[upkeep]\n|upkeep\n|turn|2\n|\n|t:|1700361006\n|move|p2a: Scizor|Swords Dance|p2a: Scizor\n|-boost|p2a: Scizor|atk|2\n|move|p1a: Hippowdon|Roar|p2a: Scizor\n|drag|p2a: Zapdos|Zapdos|100\/100\n|\n|-weather|Sandstorm|[upkeep]\n|-damage|p2a: Zapdos|94\/100|[from] Sandstorm\n|upkeep\n|turn|3\n|\n|t:|1700361013\n|switch|p1a: Garganacl|Garganacl, F|100\/100\n|move|p2a: Zapdos|Hurricane|p1a: Garganacl\n|-resisted|p1a: Garganacl\n|-damage|p1a: Garganacl|88\/100\n|\n|-weather|Sandstorm|[upkeep]\n|-damage|p2a: Zapdos|88\/100|[from] Sandstorm\n|-heal|p1a: Garganacl|94\/100|[from] item: Leftovers\n|upkeep\n|turn|4\n|\n|t:|1700361020\n|move|p2a: Zapdos|Volt Switch|p1a: Garganacl\n|-damage|p1a: Garganacl|77\/100\n|\n|t:|1700361027\n|switch|p2a: Scizor|Scizor, F|100\/100|[from] Volt Switch\n|move|p1a: Garganacl|Salt Cure|p2a: Scizor\n|-damage|p2a: Scizor|86\/100\n|-start|p2a: Scizor|Salt Cure\n|\n|-weather|Sandstorm|[upkeep]\n|-heal|p1a: Garganacl|83\/100|[from] item: Leftovers\n|-damage|p2a: Scizor|61\/100|[from] Salt Cure\n|upkeep\n|turn|5\n|\n|t:|1700361042\n|switch|p1a: Corviknight|Corviknight, F|100\/100\n|-ability|p1a: Corviknight|Pressure\n|move|p2a: Scizor|Swords Dance|p2a: Scizor\n|-boost|p2a: Scizor|atk|2\n|\n|-weather|Sandstorm|[upkeep]\n|-damage|p2a: Scizor|36\/100|[from] Salt Cure\n|upkeep\n|turn|6\n|\n|t:|1700361058\n|switch|p1a: Hippowdon|Hippowdon, M|80\/100\n|move|p2a: Scizor|Knock Off|p1a: Hippowdon\n|-damage|p1a: Hippowdon|54\/100\n|\n|-weather|Sandstorm|[upkeep]\n|-damage|p2a: Scizor|11\/100|[from] Salt Cure\n|upkeep\n|turn|7\n|\n|t:|1700361064\n|move|p2a: Scizor|Bullet Punch|p1a: Hippowdon\n|-damage|p1a: Hippowdon|19\/100\n|move|p1a: Hippowdon|Slack Off|p1a: Hippowdon\n|-heal|p1a: Hippowdon|69\/100\n|\n|-weather|Sandstorm|[upkeep]\n|-damage|p2a: Scizor|0 fnt|[from] Salt Cure\n|faint|p2a: Scizor\n|upkeep\n|\n|t:|1700361072\n|switch|p2a: Basculegion|Basculegion-F, F, shiny|100\/100\n|-damage|p2a: Basculegion|88\/100|[from] Stealth Rock\n|turn|8\n|\n|t:|1700361078\n|switch|p1a: Clefable|Clefable, M|100\/100\n|move|p2a: Basculegion|Shadow Ball|p1a: Clefable\n|-damage|p1a: Clefable|53\/100\n|\n|-weather|none\n|-heal|p1a: Clefable|59\/100|[from] item: Leftovers\n|upkeep\n|turn|9\n|\n|t:|1700361089\n|move|p2a: Basculegion|Shadow Ball|p1a: Clefable\n|-damage|p1a: Clefable|3\/100\n|move|p1a: Clefable|Wish|p1a: Clefable\n|\n|-heal|p1a: Clefable|9\/100|[from] item: Leftovers\n|upkeep\n|turn|10\n|\n|t:|1700361093\n|move|p1a: Clefable|Protect|p1a: Clefable\n|-singleturn|p1a: Clefable|Protect\n|move|p2a: Basculegion|Shadow Ball|p1a: Clefable\n|-activate|p1a: Clefable|move: Protect\n|\n|-heal|p1a: Clefable|59\/100|[from] move: Wish|[wisher] Clefable\n|-heal|p1a: Clefable|65\/100|[from] item: Leftovers\n|upkeep\n|turn|11\n|\n|t:|1700361100\n|move|p2a: Basculegion|Shadow Ball|p1a: Clefable\n|-damage|p1a: Clefable|12\/100\n|move|p1a: Clefable|Wish|p1a: Clefable\n|\n|-heal|p1a: Clefable|18\/100|[from] item: Leftovers\n|upkeep\n|turn|12\n|\n|t:|1700361104\n|move|p1a: Clefable|Protect|p1a: Clefable\n|-singleturn|p1a: Clefable|Protect\n|move|p2a: Basculegion|Shadow Ball|p1a: Clefable\n|-activate|p1a: Clefable|move: Protect\n|\n|-heal|p1a: Clefable|68\/100|[from] move: Wish|[wisher] Clefable\n|-heal|p1a: Clefable|74\/100|[from] item: Leftovers\n|upkeep\n|turn|13\n|\n|t:|1700361111\n|move|p2a: Basculegion|Shadow Ball|p1a: Clefable\n|-damage|p1a: Clefable|26\/100\n|move|p1a: Clefable|Wish|p1a: Clefable\n|\n|-heal|p1a: Clefable|32\/100|[from] item: Leftovers\n|upkeep\n|turn|14\n|\n|t:|1700361116\n|move|p1a: Clefable|Protect|p1a: Clefable\n|-singleturn|p1a: Clefable|Protect\n|move|p2a: Basculegion|Shadow Ball|p1a: Clefable\n|-activate|p1a: Clefable|move: Protect\n|\n|-heal|p1a: Clefable|82\/100|[from] move: Wish|[wisher] Clefable\n|-heal|p1a: Clefable|89\/100|[from] item: Leftovers\n|upkeep\n|turn|15\n|\n|t:|1700361122\n|move|p2a: Basculegion|Shadow Ball|p1a: Clefable\n|-damage|p1a: Clefable|35\/100\n|-unboost|p1a: Clefable|spd|1\n|move|p1a: Clefable|Wish|p1a: Clefable\n|\n|-heal|p1a: Clefable|41\/100|[from] item: Leftovers\n|upkeep\n|turn|16\n|\n|t:|1700361126\n|move|p1a: Clefable|Protect|p1a: Clefable\n|-singleturn|p1a: Clefable|Protect\n|move|p2a: Basculegion|Shadow Ball|p1a: Clefable\n|-activate|p1a: Clefable|move: Protect\n|\n|-heal|p1a: Clefable|91\/100|[from] move: Wish|[wisher] Clefable\n|-heal|p1a: Clefable|97\/100|[from] item: Leftovers\n|upkeep\n|turn|17\n|\n|t:|1700361129\n|switch|p1a: Volcanion|Volcanion|100\/100\n|move|p2a: Basculegion|Shadow Ball|p1a: Volcanion\n|-damage|p1a: Volcanion|36\/100\n|\n|upkeep\n|turn|18\n|\n|t:|1700361137\n|switch|p1a: Garganacl|Garganacl, F|83\/100\n|move|p2a: Basculegion|Shadow Ball|p1a: Garganacl\n|-damage|p1a: Garganacl|56\/100\n|\n|-heal|p1a: Garganacl|62\/100|[from] item: Leftovers\n|upkeep\n|turn|19\n|\n|t:|1700361153\n|switch|p2a: Pelipper|Pelipper, F|100\/100\n|-damage|p2a: Pelipper|76\/100|[from] Stealth Rock\n|-weather|RainDance|[from] ability: Drizzle|[of] p2a: Pelipper\n|move|p1a: Garganacl|Salt Cure|p2a: Pelipper\n|-supereffective|p2a: Pelipper\n|-damage|p2a: Pelipper|53\/100\n|-start|p2a: Pelipper|Salt Cure\n|\n|-weather|RainDance|[upkeep]\n|-heal|p1a: Garganacl|68\/100|[from] item: Leftovers\n|-damage|p2a: Pelipper|28\/100|[from] Salt Cure\n|upkeep\n|turn|20\n|\n|t:|1700361162\n|switch|p2a: Clodsire|Clodsire, F|100\/100\n|-damage|p2a: Clodsire|94\/100|[from] Stealth Rock\n|switch|p1a: Hippowdon|Hippowdon, M|69\/100\n|-weather|Sandstorm|[from] ability: Sand Stream|[of] p1a: Hippowdon\n|\n|-weather|Sandstorm|[upkeep]\n|-heal|p2a: Clodsire|100\/100|[from] item: Leftovers\n|upkeep\n|turn|21\n|\n|t:|1700361176\n|move|p1a: Hippowdon|Earthquake|p2a: Clodsire\n|-supereffective|p2a: Clodsire\n|-damage|p2a: Clodsire|19\/100\n|move|p2a: Clodsire|Stealth Rock|p1a: Hippowdon\n|-sidestart|p1: SkyPrincess420|move: Stealth Rock\n|\n|-weather|Sandstorm|[upkeep]\n|-heal|p2a: Clodsire|25\/100|[from] item: Leftovers\n|upkeep\n|turn|22\n|\n|t:|1700361184\n|-terastallize|p2a: Clodsire|Flying\n|move|p2a: Clodsire|Recover|p2a: Clodsire\n|-heal|p2a: Clodsire|75\/100\n|move|p1a: Hippowdon|Roar|p2a: Clodsire\n|drag|p2a: Basculegion|Basculegion-F, F, shiny|88\/100\n|-damage|p2a: Basculegion|76\/100|[from] Stealth Rock\n|\n|-weather|Sandstorm|[upkeep]\n|-damage|p2a: Basculegion|70\/100|[from] Sandstorm\n|upkeep\n|turn|23\n|\n|t:|1700361193\n|switch|p1a: Clefable|Clefable, M|97\/100\n|move|p2a: Basculegion|Shadow Ball|p1a: Clefable\n|-damage|p1a: Clefable|43\/100\n|\n|-weather|Sandstorm|[upkeep]\n|-damage|p2a: Basculegion|64\/100|[from] Sandstorm\n|-heal|p1a: Clefable|49\/100|[from] item: Leftovers\n|upkeep\n|turn|24\n|\n|t:|1700361203\n|move|p1a: Clefable|Protect|p1a: Clefable\n|-singleturn|p1a: Clefable|Protect\n|move|p2a: Basculegion|Shadow Ball|p1a: Clefable\n|-activate|p1a: Clefable|move: Protect\n|\n|-weather|none\n|-heal|p1a: Clefable|55\/100|[from] item: Leftovers\n|upkeep\n|turn|25\n|\n|t:|1700361208\n|move|p2a: Basculegion|Shadow Ball|p1a: Clefable\n|-damage|p1a: Clefable|2\/100\n|move|p1a: Clefable|Wish|p1a: Clefable\n|\n|-heal|p1a: Clefable|8\/100|[from] item: Leftovers\n|upkeep\n|turn|26\n|\n|t:|1700361212\n|move|p1a: Clefable|Protect|p1a: Clefable\n|-singleturn|p1a: Clefable|Protect\n|move|p2a: Basculegion|Shadow Ball|p1a: Clefable\n|-activate|p1a: Clefable|move: Protect\n|\n|-heal|p1a: Clefable|58\/100|[from] move: Wish|[wisher] Clefable\n|-heal|p1a: Clefable|64\/100|[from] item: Leftovers\n|upkeep\n|turn|27\n|\n|t:|1700361217\n|move|p2a: Basculegion|Shadow Ball|p1a: Clefable\n|-damage|p1a: Clefable|12\/100\n|move|p1a: Clefable|Wish|p1a: Clefable\n|\n|-heal|p1a: Clefable|18\/100|[from] item: Leftovers\n|upkeep\n|turn|28\n|\n|t:|1700361221\n|move|p1a: Clefable|Protect|p1a: Clefable\n|-singleturn|p1a: Clefable|Protect\n|move|p2a: Basculegion|Shadow Ball|p1a: Clefable\n|-activate|p1a: Clefable|move: Protect\n|\n|-heal|p1a: Clefable|68\/100|[from] move: Wish|[wisher] Clefable\n|-heal|p1a: Clefable|74\/100|[from] item: Leftovers\n|upkeep\n|turn|29\n|\n|t:|1700361232\n|move|p2a: Basculegion|Shadow Ball|p1a: Clefable\n|-damage|p1a: Clefable|26\/100\n|move|p1a: Clefable|Wish|p1a: Clefable\n|\n|-heal|p1a: Clefable|32\/100|[from] item: Leftovers\n|upkeep\n|turn|30\n|\n|t:|1700361240\n|move|p1a: Clefable|Protect|p1a: Clefable\n|-singleturn|p1a: Clefable|Protect\n|move|p2a: Basculegion|Shadow Ball|p1a: Clefable\n|-activate|p1a: Clefable|move: Protect\n|\n|-heal|p1a: Clefable|82\/100|[from] move: Wish|[wisher] Clefable\n|-heal|p1a: Clefable|88\/100|[from] item: Leftovers\n|upkeep\n|turn|31\n|\n|t:|1700361244\n|switch|p1a: Garganacl|Garganacl, F|68\/100\n|-damage|p1a: Garganacl|56\/100|[from] Stealth Rock\n|move|p2a: Basculegion|Shadow Ball|p1a: Garganacl\n|-damage|p1a: Garganacl|30\/100\n|\n|-heal|p1a: Garganacl|36\/100|[from] item: Leftovers\n|upkeep\n|turn|32\n|\n|t:|1700361251\n|move|p2a: Basculegion|Shadow Ball|p1a: Garganacl\n|-damage|p1a: Garganacl|9\/100\n|move|p1a: Garganacl|Recover|p1a: Garganacl\n|-heal|p1a: Garganacl|59\/100\n|\n|-heal|p1a: Garganacl|65\/100|[from] item: Leftovers\n|upkeep\n|turn|33\n|\n|t:|1700361264\n|switch|p2a: Pelipper|Pelipper, F|28\/100\n|-damage|p2a: Pelipper|3\/100|[from] Stealth Rock\n|-weather|RainDance|[from] ability: Drizzle|[of] p2a: Pelipper\n|move|p1a: Garganacl|Recover|p1a: Garganacl\n|-heal|p1a: Garganacl|100\/100\n|\n|-weather|RainDance|[upkeep]\n|upkeep\n|turn|34\n|\n|t:|1700361272\n|switch|p1a: Hippowdon|Hippowdon, M|69\/100\n|-damage|p1a: Hippowdon|63\/100|[from] Stealth Rock\n|-weather|Sandstorm|[from] ability: Sand Stream|[of] p1a: Hippowdon\n|move|p2a: Pelipper|Hurricane|p1a: Hippowdon\n|-damage|p1a: Hippowdon|22\/100\n|\n|-weather|Sandstorm|[upkeep]\n|-damage|p2a: Pelipper|0 fnt|[from] Sandstorm\n|faint|p2a: Pelipper\n|upkeep\n|\n|t:|1700361280\n|switch|p2a: Gyarados|Gyarados, F|100\/100\n|-damage|p2a: Gyarados|76\/100|[from] Stealth Rock\n|turn|35\n|\n|t:|1700361288\n|move|p2a: Gyarados|Waterfall|p1a: Hippowdon\n|-supereffective|p1a: Hippowdon\n|-damage|p1a: Hippowdon|0 fnt\n|faint|p1a: Hippowdon\n|-ability|p2a: Gyarados|Moxie|boost\n|-boost|p2a: Gyarados|atk|1\n|\n|-weather|Sandstorm|[upkeep]\n|-damage|p2a: Gyarados|70\/100|[from] Sandstorm\n|upkeep\n|\n|t:|1700361291\n|switch|p1a: Houndstone|Houndstone, F|100\/100\n|-damage|p1a: Houndstone|88\/100|[from] Stealth Rock\n|turn|36\n|\n|t:|1700361293\n|move|p1a: Houndstone|Poltergeist|p2a: Gyarados\n|-activate|p2a: Gyarados|move: Poltergeist|Choice Scarf\n|-damage|p2a: Gyarados|0 fnt\n|faint|p2a: Gyarados\n|\n|-weather|Sandstorm|[upkeep]\n|upkeep\n|\n|t:|1700361303\n|switch|p2a: Clodsire|Clodsire, F, tera:Flying|75\/100\n|-damage|p2a: Clodsire|50\/100|[from] Stealth Rock\n|turn|37\n|\n|t:|1700361306\n|move|p1a: Houndstone|Poltergeist|p2a: Clodsire\n|-activate|p2a: Clodsire|move: Poltergeist|Leftovers\n|-damage|p2a: Clodsire|0 fnt\n|faint|p2a: Clodsire\n|\n|-weather|Sandstorm|[upkeep]\n|upkeep\n|-message|Cosmo801 forfeited.\n|\n|win|SkyPrincess420\n|raw|SkyPrincess420's rating: 1395 &rarr; <strong>1409<\/strong><br \/>(+14 for winning)\n|raw|Cosmo801's rating: 1296 &rarr; <strong>1278<\/strong><br \/>(-18 for losing)\n|l|\u2606Cosmo801\n","uploadtime":1700361316,"views":8,"p1id":"skyprincess420","p2id":"cosmo801","formatid":"gen9ou","rating":1278,"private":0,"password":""}