{"id":"gen9ou-1988253873","p1":"Burrasca","p2":"TismWarrior1","format":"[Gen 9] OU","log":"|j|\u2606Burrasca\n|j|\u2606TismWarrior1\n|t:|1699695239\n|gametype|singles\n|player|p1|Burrasca|crasherwake|1660\n|player|p2|TismWarrior1|medium|1743\n|teamsize|p1|6\n|teamsize|p2|6\n|gen|9\n|tier|[Gen 9] OU\n|rated|\n|rule|Sleep Clause Mod: Limit one foe put to sleep\n|rule|Species Clause: Limit one of each Pok\u00e9mon\n|rule|OHKO Clause: OHKO moves are banned\n|rule|Evasion Items Clause: Evasion items are banned\n|rule|Evasion Moves Clause: Evasion moves are banned\n|rule|Endless Battle Clause: Forcing endless battles is banned\n|rule|HP Percentage Mod: HP is shown in percentages\n|clearpoke\n|poke|p1|Pelipper, M|\n|poke|p1|Zapdos|\n|poke|p1|Basculegion, M|\n|poke|p1|Greninja-*, M|\n|poke|p1|Kleavor, F|\n|poke|p1|Kingambit, M|\n|poke|p2|Gliscor, F|\n|poke|p2|Gholdengo|\n|poke|p2|Ogerpon-Wellspring, F|\n|poke|p2|Kingambit, F|\n|poke|p2|Great Tusk|\n|poke|p2|Walking Wake|\n|teampreview\n|inactive|Battle timer is ON: inactive players will automatically lose when time's up. (requested by TismWarrior1)\n|inactive|Burrasca also wants the timer to be on.\n|c|\u2606TismWarrior1|hf\n|j| Kyurem\n|\n|t:|1699695256\n|start\n|switch|p1a: RAID|Kleavor, F|100\/100\n|switch|p2a: Great Tusk|Great Tusk|100\/100\n|turn|1\n|\n|t:|1699695262\n|switch|p1a: Kyogre at home|Pelipper, M|100\/100\n|-weather|RainDance|[from] ability: Drizzle|[of] p1a: Kyogre at home\n|move|p2a: Great Tusk|Stealth Rock|p1a: Kyogre at home\n|-sidestart|p1: Burrasca|move: Stealth Rock\n|\n|-weather|RainDance|[upkeep]\n|upkeep\n|turn|2\n|\n|t:|1699695269\n|-end|p2a: Great Tusk|Protosynthesis|[silent]\n|switch|p2a: Walking Wake|Walking Wake|100\/100\n|move|p1a: Kyogre at home|Hurricane|p2a: Walking Wake\n|-damage|p2a: Walking Wake|56\/100\n|-start|p2a: Walking Wake|confusion\n|\n|-weather|RainDance|[upkeep]\n|upkeep\n|turn|3\n|\n|t:|1699695274\n|-activate|p2a: Walking Wake|confusion\n|move|p2a: Walking Wake|Draco Meteor|p1a: Kyogre at home\n|-crit|p1a: Kyogre at home\n|-damage|p1a: Kyogre at home|0 fnt\n|-unboost|p2a: Walking Wake|spa|2\n|faint|p1a: Kyogre at home\n|\n|-weather|RainDance|[upkeep]\n|upkeep\n|\n|t:|1699695279\n|switch|p1a: Respectfully|Basculegion, M|100\/100\n|-damage|p1a: Respectfully|88\/100|[from] Stealth Rock\n|turn|4\n|\n|t:|1699695286\n|-end|p2a: Walking Wake|Protosynthesis|[silent]\n|switch|p2a: Kingambit|Kingambit, F|100\/100\n|move|p1a: Respectfully|Psychic Fangs|p2a: Kingambit\n|-immune|p2a: Kingambit\n|\n|-weather|RainDance|[upkeep]\n|upkeep\n|turn|5\n|\n|t:|1699695291\n|move|p2a: Kingambit|Sucker Punch|p1a: Respectfully\n|-supereffective|p1a: Respectfully\n|-damage|p1a: Respectfully|0 fnt\n|faint|p1a: Respectfully\n|\n|-weather|RainDance|[upkeep]\n|upkeep\n|\n|t:|1699695305\n|switch|p1a: Tempesta|Zapdos, shiny|100\/100\n|turn|6\n|\n|t:|1699695314\n|-end|p2a: Kingambit|fallenundefined|[silent]\n|switch|p2a: Gholdengo|Gholdengo|100\/100\n|move|p1a: Tempesta|Thunder|p2a: Gholdengo\n|-damage|p2a: Gholdengo|41\/100\n|-status|p2a: Gholdengo|par\n|\n|-weather|RainDance|[upkeep]\n|upkeep\n|turn|7\n|\n|t:|1699695325\n|move|p1a: Tempesta|Weather Ball|p2a: Gholdengo\n|-damage|p2a: Gholdengo|0 fnt\n|faint|p2a: Gholdengo\n|\n|-weather|RainDance|[upkeep]\n|upkeep\n|\n|t:|1699695329\n|switch|p2a: Gliscor|Gliscor, F|100\/100\n|turn|8\n|\n|t:|1699695334\n|move|p2a: Gliscor|Protect|p2a: Gliscor\n|-singleturn|p2a: Gliscor|Protect\n|move|p1a: Tempesta|Weather Ball|p2a: Gliscor\n|-activate|p2a: Gliscor|move: Protect\n|\n|-weather|none\n|-status|p2a: Gliscor|tox|[from] item: Toxic Orb\n|upkeep\n|turn|9\n|\n|t:|1699695342\n|move|p1a: Tempesta|Hurricane|p2a: Gliscor\n|-damage|p2a: Gliscor|53\/100 tox\n|-start|p2a: Gliscor|confusion\n|-activate|p2a: Gliscor|confusion\n|move|p2a: Gliscor|Toxic|p1a: Tempesta\n|-status|p1a: Tempesta|tox\n|\n|-damage|p1a: Tempesta|94\/100 tox|[from] psn\n|-heal|p2a: Gliscor|66\/100 tox|[from] ability: Poison Heal\n|upkeep\n|turn|10\n|\n|t:|1699695347\n|switch|p2a: Kingambit|Kingambit, F|100\/100\n|-activate|p2a: Kingambit|ability: Supreme Overlord\n|-start|p2a: Kingambit|fallen1|[silent]\n|move|p1a: Tempesta|Hurricane|p2a: Kingambit|[miss]\n|-miss|p1a: Tempesta|p2a: Kingambit\n|\n|-damage|p1a: Tempesta|82\/100 tox|[from] psn\n|upkeep\n|turn|11\n|\n|t:|1699695364\n|-end|p2a: Kingambit|fallen1|[silent]\n|switch|p2a: Gliscor|Gliscor, F|66\/100 tox\n|move|p1a: Tempesta|Thunder|p2a: Gliscor\n|-immune|p2a: Gliscor\n|\n|-damage|p1a: Tempesta|63\/100 tox|[from] psn\n|-heal|p2a: Gliscor|78\/100 tox|[from] ability: Poison Heal\n|upkeep\n|turn|12\n|\n|t:|1699695367\n|move|p2a: Gliscor|Protect|p2a: Gliscor\n|-singleturn|p2a: Gliscor|Protect\n|move|p1a: Tempesta|Hurricane|p2a: Gliscor\n|-activate|p2a: Gliscor|move: Protect\n|\n|-damage|p1a: Tempesta|38\/100 tox|[from] psn\n|-heal|p2a: Gliscor|91\/100 tox|[from] ability: Poison Heal\n|upkeep\n|turn|13\n|j| lgang007\n|\n|t:|1699695376\n|move|p1a: Tempesta|Hurricane|p2a: Gliscor\n|-damage|p2a: Gliscor|46\/100 tox\n|-start|p2a: Gliscor|confusion\n|-activate|p2a: Gliscor|confusion\n|-damage|p2a: Gliscor|39\/100 tox|[from] confusion\n|\n|-damage|p1a: Tempesta|7\/100 tox|[from] psn\n|-heal|p2a: Gliscor|52\/100 tox|[from] ability: Poison Heal\n|upkeep\n|turn|14\n|\n|t:|1699695380\n|-end|p2a: Gliscor|confusion\n|move|p2a: Gliscor|Protect|p2a: Gliscor\n|-singleturn|p2a: Gliscor|Protect\n|move|p1a: Tempesta|Hurricane|p2a: Gliscor\n|-activate|p2a: Gliscor|move: Protect\n|\n|-damage|p1a: Tempesta|0 fnt|[from] psn\n|faint|p1a: Tempesta\n|-heal|p2a: Gliscor|64\/100 tox|[from] ability: Poison Heal\n|upkeep\n|\n|t:|1699695388\n|switch|p1a: RAID|Kleavor, F|100\/100\n|-damage|p1a: RAID|76\/100|[from] Stealth Rock\n|turn|15\n|\n|t:|1699695392\n|switch|p2a: Great Tusk|Great Tusk|100\/100\n|move|p1a: RAID|Stone Axe|p2a: Great Tusk|[miss]\n|-miss|p1a: RAID|p2a: Great Tusk\n|\n|upkeep\n|turn|16\n|\n|t:|1699695397\n|move|p1a: RAID|Stone Axe|p2a: Great Tusk\n|-resisted|p2a: Great Tusk\n|-damage|p2a: Great Tusk|91\/100\n|-sidestart|p2: TismWarrior1|move: Stealth Rock\n|move|p2a: Great Tusk|Rapid Spin|p1a: RAID\n|-resisted|p1a: RAID\n|-damage|p1a: RAID|67\/100\n|-boost|p2a: Great Tusk|spe|1\n|-sideend|p2: TismWarrior1|Stealth Rock|[from] move: Rapid Spin|[of] p2a: Great Tusk\n|\n|-heal|p2a: Great Tusk|97\/100|[from] item: Leftovers\n|upkeep\n|turn|17\n|-message|Burrasca forfeited.\n|\n|win|TismWarrior1\n|raw|Burrasca's rating: 1660 &rarr; <strong>1645<\/strong><br \/>(-15 for losing)\n|raw|TismWarrior1's rating: 1743 &rarr; <strong>1758<\/strong><br \/>(+15 for winning)\n|l|\u2606Burrasca\n","uploadtime":1699695408,"views":16,"p1id":"burrasca","p2id":"tismwarrior1","formatid":"gen9ou","rating":1645,"private":0,"password":""}