{"id":"gen9ou-1998367025","p1":"ProfFYew","p2":"Piando v","format":"[Gen 9] OU","log":"|j|\u2606ProfFYew\n|j|\u2606Piando v\n|t:|1700934405\n|gametype|singles\n|player|p1|ProfFYew|wulfric|1591\n|player|p2|Piando v|hugh|1538\n|teamsize|p1|6\n|teamsize|p2|6\n|gen|9\n|tier|[Gen 9] OU\n|rated|\n|rule|Sleep Clause Mod: Limit one foe put to sleep\n|rule|Species Clause: Limit one of each Pok\u00e9mon\n|rule|OHKO Clause: OHKO moves are banned\n|rule|Evasion Items Clause: Evasion items are banned\n|rule|Evasion Moves Clause: Evasion moves are banned\n|rule|Endless Battle Clause: Forcing endless battles is banned\n|rule|HP Percentage Mod: HP is shown in percentages\n|clearpoke\n|poke|p1|Muk-Alola, M|\n|poke|p1|Dondozo, M|\n|poke|p1|Diancie|\n|poke|p1|Iron Moth|\n|poke|p1|Conkeldurr, M|\n|poke|p1|Zapdos|\n|poke|p2|Yanmega, F|\n|poke|p2|Glimmora, F|\n|poke|p2|Volcanion|\n|poke|p2|Iron Valiant|\n|poke|p2|Dragapult, F|\n|poke|p2|Ogerpon-Cornerstone, F|\n|teampreview\n|\n|t:|1700934432\n|start\n|switch|p1a: Conkeldurr|Conkeldurr, M|100\/100\n|switch|p2a: Glimmora|Glimmora, F|100\/100\n|turn|1\n|\n|t:|1700934437\n|move|p2a: Glimmora|Stealth Rock|p1a: Conkeldurr\n|-sidestart|p1: ProfFYew|move: Stealth Rock\n|move|p1a: Conkeldurr|Earthquake|p2a: Glimmora\n|-supereffective|p2a: Glimmora\n|-enditem|p2a: Glimmora|Focus Sash\n|-damage|p2a: Glimmora|1\/100\n|-activate|p2a: Glimmora|ability: Toxic Debris\n|-sidestart|p1: ProfFYew|move: Toxic Spikes\n|\n|upkeep\n|turn|2\n|\n|t:|1700934442\n|move|p1a: Conkeldurr|Mach Punch|p2a: Glimmora\n|-damage|p2a: Glimmora|0 fnt\n|-activate|p2a: Glimmora|ability: Toxic Debris\n|-sidestart|p1: ProfFYew|move: Toxic Spikes\n|faint|p2a: Glimmora\n|\n|upkeep\n|\n|t:|1700934452\n|switch|p2a: Yanmega|Yanmega, F|100\/100\n|turn|3\n|\n|t:|1700934454\n|move|p2a: Yanmega|Air Slash|p1a: Conkeldurr\n|-supereffective|p1a: Conkeldurr\n|-damage|p1a: Conkeldurr|38\/100\n|move|p1a: Conkeldurr|Ice Punch|p2a: Yanmega\n|-supereffective|p2a: Yanmega\n|-damage|p2a: Yanmega|30\/100\n|\n|-ability|p2a: Yanmega|Speed Boost|boost\n|-boost|p2a: Yanmega|spe|1\n|upkeep\n|turn|4\n|\n|t:|1700934461\n|move|p1a: Conkeldurr|Mach Punch|p2a: Yanmega\n|-resisted|p2a: Yanmega\n|-damage|p2a: Yanmega|23\/100\n|move|p2a: Yanmega|Air Slash|p1a: Conkeldurr\n|-supereffective|p1a: Conkeldurr\n|-damage|p1a: Conkeldurr|0 fnt\n|faint|p1a: Conkeldurr\n|\n|-ability|p2a: Yanmega|Speed Boost|boost\n|-boost|p2a: Yanmega|spe|1\n|upkeep\n|\n|t:|1700934464\n|switch|p1a: Muk|Muk-Alola, M|100\/100\n|-damage|p1a: Muk|88\/100|[from] Stealth Rock\n|-sideend|p1: ProfFYew|move: Toxic Spikes|[of] p1a: Muk\n|turn|5\n|\n|t:|1700934480\n|switch|p2a: Volcanion|Volcanion|100\/100\n|move|p1a: Muk|Knock Off|p2a: Volcanion\n|-damage|p2a: Volcanion|63\/100\n|-status|p2a: Volcanion|psn|[from] ability: Poison Touch|[of] p1a: Muk\n|-enditem|p2a: Volcanion|Heavy-Duty Boots|[from] move: Knock Off|[of] p1a: Muk\n|\n|-damage|p2a: Volcanion|51\/100 psn|[from] psn\n|upkeep\n|turn|6\n|\n|t:|1700934487\n|move|p2a: Volcanion|Steam Eruption|p1a: Muk\n|-damage|p1a: Muk|53\/100\n|-status|p1a: Muk|brn\n|move|p1a: Muk|Poison Jab|p2a: Volcanion\n|-damage|p2a: Volcanion|34\/100 psn\n|\n|-damage|p2a: Volcanion|22\/100 psn|[from] psn\n|-damage|p1a: Muk|47\/100 brn|[from] brn\n|upkeep\n|turn|7\n|\n|t:|1700934496\n|move|p2a: Volcanion|Earth Power|p1a: Muk\n|-supereffective|p1a: Muk\n|-damage|p1a: Muk|13\/100 brn\n|-unboost|p1a: Muk|spd|1\n|move|p1a: Muk|Drain Punch|p2a: Volcanion\n|-damage|p2a: Volcanion|12\/100 psn\n|-heal|p1a: Muk|18\/100 brn|[from] drain|[of] p2a: Volcanion\n|\n|-damage|p2a: Volcanion|0 fnt|[from] psn\n|faint|p2a: Volcanion\n|-damage|p1a: Muk|12\/100 brn|[from] brn\n|upkeep\n|\n|t:|1700934507\n|switch|p2a: Dragapult|Dragapult, F|100\/100\n|turn|8\n|\n|t:|1700934511\n|move|p2a: Dragapult|Dragon Darts|p1a: Muk\n|-damage|p1a: Muk|0 fnt\n|faint|p1a: Muk\n|\n|upkeep\n|\n|t:|1700934519\n|switch|p1a: Diancie|Diancie|100\/100\n|-damage|p1a: Diancie|88\/100|[from] Stealth Rock\n|turn|9\n|\n|t:|1700934531\n|switch|p2a: Yanmega|Yanmega, F|23\/100\n|move|p1a: Diancie|Diamond Storm|p2a: Yanmega\n|-supereffective|p2a: Yanmega\n|-damage|p2a: Yanmega|0 fnt\n|-boost|p1a: Diancie|def|2\n|faint|p2a: Yanmega\n|\n|upkeep\n|\n|t:|1700934548\n|switch|p2a: Ogerpon|Ogerpon-Cornerstone, F|100\/100\n|turn|10\n|\n|t:|1700934554\n|-terastallize|p1a: Diancie|Fighting\n|move|p2a: Ogerpon|Power Whip|p1a: Diancie\n|-damage|p1a: Diancie|61\/100\n|move|p1a: Diancie|Diamond Storm|p2a: Ogerpon\n|-damage|p2a: Ogerpon|51\/100\n|-boost|p1a: Diancie|def|2\n|\n|upkeep\n|turn|11\n|\n|t:|1700934563\n|move|p2a: Ogerpon|Ivy Cudgel|p1a: Diancie|[anim] Ivy Cudgel Rock\n|-resisted|p1a: Diancie\n|-damage|p1a: Diancie|53\/100\n|move|p1a: Diancie|Body Press|p2a: Ogerpon\n|-supereffective|p2a: Ogerpon\n|-damage|p2a: Ogerpon|0 fnt\n|faint|p2a: Ogerpon\n|\n|upkeep\n|\n|t:|1700934567\n|switch|p2a: Iron Valiant|Iron Valiant|100\/100\n|-enditem|p2a: Iron Valiant|Booster Energy\n|-activate|p2a: Iron Valiant|ability: Quark Drive|[fromitem]\n|-start|p2a: Iron Valiant|quarkdrivespe\n|turn|12\n|\n|t:|1700934572\n|move|p2a: Iron Valiant|Moonblast|p1a: Diancie\n|-supereffective|p1a: Diancie\n|-damage|p1a: Diancie|2\/100\n|move|p1a: Diancie|Moonblast|p2a: Iron Valiant\n|-supereffective|p2a: Iron Valiant\n|-damage|p2a: Iron Valiant|0 fnt\n|faint|p2a: Iron Valiant\n|-end|p2a: Iron Valiant|Quark Drive|[silent]\n|\n|upkeep\n|\n|t:|1700934577\n|switch|p2a: Dragapult|Dragapult, F|100\/100\n|turn|13\n|\n|t:|1700934580\n|move|p2a: Dragapult|Hex|p1a: Diancie\n|-damage|p1a: Diancie|0 fnt\n|faint|p1a: Diancie\n|\n|upkeep\n|\n|t:|1700934582\n|switch|p1a: Zapdos|Zapdos|100\/100\n|-damage|p1a: Zapdos|75\/100|[from] Stealth Rock\n|turn|14\n|\n|t:|1700934586\n|move|p2a: Dragapult|Substitute|p2a: Dragapult\n|-start|p2a: Dragapult|Substitute\n|-damage|p2a: Dragapult|76\/100\n|move|p1a: Zapdos|Hurricane|p2a: Dragapult\n|-end|p2a: Dragapult|Substitute\n|\n|-heal|p2a: Dragapult|82\/100|[from] item: Leftovers\n|-heal|p1a: Zapdos|82\/100|[from] item: Leftovers\n|upkeep\n|turn|15\n|\n|t:|1700934591\n|move|p2a: Dragapult|Will-O-Wisp|p1a: Zapdos\n|-status|p1a: Zapdos|brn\n|move|p1a: Zapdos|Discharge|p2a: Dragapult\n|-resisted|p2a: Dragapult\n|-damage|p2a: Dragapult|51\/100\n|\n|-heal|p2a: Dragapult|57\/100|[from] item: Leftovers\n|-heal|p1a: Zapdos|88\/100 brn|[from] item: Leftovers\n|-damage|p1a: Zapdos|82\/100 brn|[from] brn\n|upkeep\n|turn|16\n|\n|t:|1700934595\n|move|p2a: Dragapult|Hex|p1a: Zapdos\n|-damage|p1a: Zapdos|28\/100 brn\n|move|p1a: Zapdos|Discharge|p2a: Dragapult\n|-resisted|p2a: Dragapult\n|-damage|p2a: Dragapult|28\/100\n|\n|-heal|p2a: Dragapult|34\/100|[from] item: Leftovers\n|-heal|p1a: Zapdos|34\/100 brn|[from] item: Leftovers\n|-damage|p1a: Zapdos|28\/100 brn|[from] brn\n|upkeep\n|turn|17\n|\n|t:|1700934600\n|move|p2a: Dragapult|Dragon Darts|p1a: Zapdos\n|-damage|p1a: Zapdos|5\/100 brn\n|-anim|p2a: Dragapult|Dragon Darts|p1a: Zapdos\n|-damage|p1a: Zapdos|0 fnt\n|faint|p1a: Zapdos\n|\n|-heal|p2a: Dragapult|40\/100|[from] item: Leftovers\n|upkeep\n|\n|t:|1700934602\n|switch|p1a: Iron Moth|Iron Moth|100\/100\n|-damage|p1a: Iron Moth|75\/100|[from] Stealth Rock\n|-enditem|p1a: Iron Moth|Booster Energy\n|-activate|p1a: Iron Moth|ability: Quark Drive|[fromitem]\n|-start|p1a: Iron Moth|quarkdrivespe\n|turn|18\n|\n|t:|1700934604\n|move|p1a: Iron Moth|Flash Cannon|p2a: Dragapult\n|-damage|p2a: Dragapult|4\/100\n|move|p2a: Dragapult|Dragon Darts|p1a: Iron Moth\n|-damage|p1a: Iron Moth|41\/100\n|-anim|p2a: Dragapult|Dragon Darts|p1a: Iron Moth\n|-damage|p1a: Iron Moth|8\/100\n|\n|-heal|p2a: Dragapult|10\/100|[from] item: Leftovers\n|upkeep\n|turn|19\n|-message|Piando v forfeited.\n|\n|win|ProfFYew\n|raw|ProfFYew's rating: 1591 &rarr; <strong>1608<\/strong><br \/>(+17 for winning)\n|raw|Piando v's rating: 1538 &rarr; <strong>1521<\/strong><br \/>(-17 for losing)\n|l|\u2606Piando v\n","uploadtime":1700934618,"views":2,"p1id":"proffyew","p2id":"piandov","formatid":"gen9ou","rating":1521,"private":0,"password":""}