{"id":"gen9ou-1997233495","p1":"Recker Night","p2":"braker89","format":"[Gen 9] OU","log":"|j|\u2606Recker Night\n|j|\u2606braker89\n|t:|1700778492\n|gametype|singles\n|player|p1|Recker Night|pokemonrangerf|1185\n|player|p2|braker89|musician|1177\n|teamsize|p1|6\n|teamsize|p2|6\n|gen|9\n|tier|[Gen 9] OU\n|rated|\n|rule|Sleep Clause Mod: Limit one foe put to sleep\n|rule|Species Clause: Limit one of each Pok\u00e9mon\n|rule|OHKO Clause: OHKO moves are banned\n|rule|Evasion Items Clause: Evasion items are banned\n|rule|Evasion Moves Clause: Evasion moves are banned\n|rule|Endless Battle Clause: Forcing endless battles is banned\n|rule|HP Percentage Mod: HP is shown in percentages\n|clearpoke\n|poke|p1|Alomomola, M|\n|poke|p1|Corviknight, M|\n|poke|p1|Hatterene, F|\n|poke|p1|Dragapult, F|\n|poke|p1|Iron Moth|\n|poke|p1|Ting-Lu|\n|poke|p2|Gholdengo|\n|poke|p2|Cinderace, F|\n|poke|p2|Dondozo, M|\n|poke|p2|Corviknight, F|\n|poke|p2|Garchomp, F|\n|poke|p2|Amoonguss, M|\n|teampreview\n|\n|t:|1700778527\n|start\n|switch|p1a: Ting-Lu|Ting-Lu|100\/100\n|switch|p2a: Gholdengo|Gholdengo|100\/100\n|-ability|p1a: Ting-Lu|Vessel of Ruin\n|turn|1\n|\n|t:|1700778534\n|move|p2a: Gholdengo|Trick|p1a: Ting-Lu\n|-activate|p2a: Gholdengo|move: Trick|[of] p1a: Ting-Lu\n|-item|p1a: Ting-Lu|Choice Scarf|[from] move: Trick\n|-item|p2a: Gholdengo|Leftovers|[from] move: Trick\n|move|p1a: Ting-Lu|Spikes|p2a: Gholdengo\n|-sidestart|p2: braker89|Spikes\n|\n|upkeep\n|turn|2\n|\n|t:|1700778546\n|switch|p2a: Corviknight|Corviknight, F|100\/100\n|-ability|p2a: Corviknight|Pressure\n|move|p1a: Ting-Lu|Spikes|p2a: Corviknight\n|-sidestart|p2: braker89|Spikes\n|\n|upkeep\n|turn|3\n|inactive|Battle timer is ON: inactive players will automatically lose when time's up. (requested by braker89)\n|\n|t:|1700778573\n|move|p1a: Ting-Lu|Spikes|p2a: Corviknight\n|-sidestart|p2: braker89|Spikes\n|move|p2a: Corviknight|Defog|p1a: Ting-Lu\n|-unboost|p1a: Ting-Lu|evasion|1\n|-sideend|p2: braker89|Spikes|[from] move: Defog|[of] p2a: Corviknight\n|\n|upkeep\n|turn|4\n|\n|t:|1700778581\n|switch|p1a: Iron Moth|Iron Moth|100\/100\n|-enditem|p1a: Iron Moth|Booster Energy\n|-activate|p1a: Iron Moth|ability: Quark Drive|[fromitem]\n|-start|p1a: Iron Moth|quarkdrivespe\n|move|p2a: Corviknight|U-turn|p1a: Iron Moth\n|-resisted|p1a: Iron Moth\n|-damage|p1a: Iron Moth|96\/100\n|\n|t:|1700778594\n|switch|p2a: Garchomp|Garchomp, F|100\/100|[from] U-turn\n|\n|upkeep\n|turn|5\n|\n|t:|1700778601\n|move|p1a: Iron Moth|Dazzling Gleam|p2a: Garchomp\n|-supereffective|p2a: Garchomp\n|-damage|p2a: Garchomp|52\/100\n|move|p2a: Garchomp|Dragon Tail|p1a: Iron Moth\n|-damage|p1a: Iron Moth|60\/100\n|-end|p1a: Iron Moth|Quark Drive|[silent]\n|drag|p1a: Corviknight|Corviknight, M|100\/100\n|-ability|p1a: Corviknight|Pressure\n|\n|upkeep\n|turn|6\n|l|\u2606Recker Night\n|inactive|Recker Night disconnected and has a minute to reconnect!\n|player|p1|\n|\n|t:|1700778614\n|move|p2a: Garchomp|Stealth Rock|p1a: Corviknight\n|-sidestart|p1: Recker Night|move: Stealth Rock\n|move|p1a: Corviknight|Brave Bird|p2a: Garchomp\n|-damage|p2a: Garchomp|21\/100\n|-damage|p1a: Corviknight|88\/100|[from] ability: Rough Skin|[of] p2a: Garchomp\n|-damage|p1a: Corviknight|72\/100|[from] item: Rocky Helmet|[of] p2a: Garchomp\n|-damage|p1a: Corviknight|61\/100|[from] Recoil\n|\n|-heal|p1a: Corviknight|67\/100|[from] item: Leftovers\n|upkeep\n|turn|7\n|inactive|Recker Night has 30 seconds to reconnect!\n|inactive|Recker Night has 20 seconds to reconnect!\n|inactive|Recker Night has 15 seconds to reconnect!\n|inactive|Recker Night has 10 seconds to reconnect!\n|inactive|Recker Night has 5 seconds to reconnect!\n|-message|Recker Night lost due to inactivity.\n|\n|win|braker89\n|raw|Recker Night's rating: 1185 &rarr; <strong>1159<\/strong><br \/>(-26 for losing)\n|raw|braker89's rating: 1177 &rarr; <strong>1203<\/strong><br \/>(+26 for winning)\n","uploadtime":1700778685,"views":4,"p1id":"reckernight","p2id":"braker89","formatid":"gen9ou","rating":1159,"private":0,"password":""}