{"id":"gen9ou-1993362893","p1":"Corbinc","p2":"Nikolobstar","format":"[Gen 9] OU","log":"|j|\u2606Corbinc\n|j|\u2606Nikolobstar\n|t:|1700306255\n|gametype|singles\n|player|p1|Corbinc|ghetsis-gen5bw|\n|player|p2|Nikolobstar|lucas-gen4pt|\n|teamsize|p1|6\n|teamsize|p2|6\n|gen|9\n|tier|[Gen 9] OU\n|rule|Sleep Clause Mod: Limit one foe put to sleep\n|rule|Species Clause: Limit one of each Pok\u00e9mon\n|rule|OHKO Clause: OHKO moves are banned\n|rule|Evasion Items Clause: Evasion items are banned\n|rule|Evasion Moves Clause: Evasion moves are banned\n|rule|Endless Battle Clause: Forcing endless battles is banned\n|rule|HP Percentage Mod: HP is shown in percentages\n|clearpoke\n|poke|p1|Greninja-*, M|\n|poke|p1|Grimmsnarl, M|\n|poke|p1|Thundurus-Therian, M|\n|poke|p1|Tinkaton, F|\n|poke|p1|Zoroark-Hisui, F|\n|poke|p1|Wo-Chien|\n|poke|p2|Walking Wake|\n|poke|p2|Slowking, M|\n|poke|p2|Arcanine-Hisui, M|\n|poke|p2|Zoroark-Hisui, M|\n|poke|p2|Armarouge, F|\n|poke|p2|Vikavolt, M|\n|teampreview\n|j| F8S\n|\n|t:|1700306314\n|start\n|switch|p1a: Tinkaton|Tinkaton, F|100\/100\n|switch|p2a: Vikavolt|Vikavolt, M|100\/100\n|turn|1\n|\n|t:|1700306326\n|move|p1a: Tinkaton|Taunt|p2a: Vikavolt\n|-start|p2a: Vikavolt|move: Taunt\n|-enditem|p2a: Vikavolt|Mental Herb\n|-end|p2a: Vikavolt|move: Taunt\n|move|p2a: Vikavolt|Sticky Web|p1a: Tinkaton\n|-sidestart|p1: Corbinc|move: Sticky Web\n|\n|upkeep\n|turn|2\n|\n|t:|1700306360\n|move|p1a: Tinkaton|Flamethrower|p2a: Vikavolt\n|-supereffective|p2a: Vikavolt\n|-damage|p2a: Vikavolt|36\/100\n|move|p2a: Vikavolt|Thunderbolt|p1a: Tinkaton\n|-damage|p1a: Tinkaton|10\/100\n|-status|p1a: Tinkaton|par\n|replace|p1a: Zoroark|Zoroark-Hisui, F\n|-end|p1a: Zoroark|Illusion\n|\n|upkeep\n|turn|3\n|\n|t:|1700306401\n|switch|p2a: Walking Wake|Walking Wake|100\/100\n|cant|p1a: Zoroark|par\n|\n|upkeep\n|turn|4\n|\n|t:|1700306420\n|move|p1a: Zoroark|Shadow Sneak|p2a: Walking Wake\n|-damage|p2a: Walking Wake|86\/100\n|move|p2a: Walking Wake|Flamethrower|p1a: Zoroark\n|-damage|p1a: Zoroark|0 fnt\n|faint|p1a: Zoroark\n|\n|upkeep\n|\n|t:|1700306438\n|switch|p1a: Grimmsnarl|Grimmsnarl, M|100\/100\n|-activate|p1a: Grimmsnarl|move: Sticky Web\n|-unboost|p1a: Grimmsnarl|spe|1\n|turn|5\n|\n|t:|1700306453\n|-end|p2a: Walking Wake|Protosynthesis|[silent]\n|switch|p2a: Vikavolt|Vikavolt, M|36\/100\n|move|p1a: Grimmsnarl|Light Screen|p1a: Grimmsnarl\n|-sidestart|p1: Corbinc|move: Light Screen\n|\n|upkeep\n|turn|6\n|\n|t:|1700306480\n|move|p1a: Grimmsnarl|Parting Shot|p2a: Vikavolt\n|-unboost|p2a: Vikavolt|atk|1\n|-unboost|p2a: Vikavolt|spa|1\n|\n|t:|1700306489\n|switch|p1a: Tinkaton|Tinkaton, F|100\/100|[from] Parting Shot\n|-item|p1a: Tinkaton|Air Balloon\n|move|p2a: Vikavolt|Bug Buzz|p1a: Tinkaton\n|-resisted|p1a: Tinkaton\n|-damage|p1a: Tinkaton|98\/100\n|-enditem|p1a: Tinkaton|Air Balloon\n|\n|upkeep\n|turn|7\n|\n|t:|1700306515\n|move|p1a: Tinkaton|Stealth Rock|p2a: Vikavolt\n|-sidestart|p2: Nikolobstar|move: Stealth Rock\n|move|p2a: Vikavolt|Thunderbolt|p1a: Tinkaton\n|-damage|p1a: Tinkaton|84\/100\n|\n|upkeep\n|turn|8\n|\n|t:|1700306560\n|switch|p2a: Armarouge|Armarouge, F|100\/100\n|-damage|p2a: Armarouge|76\/100|[from] Stealth Rock\n|move|p1a: Tinkaton|Gigaton Hammer|p2a: Armarouge\n|-resisted|p2a: Armarouge\n|-damage|p2a: Armarouge|51\/100\n|-ability|p2a: Armarouge|Weak Armor|boost\n|-unboost|p2a: Armarouge|def|1\n|-boost|p2a: Armarouge|spe|2\n|\n|upkeep\n|turn|9\n|\n|t:|1700306588\n|switch|p1a: Grimmsnarl|Grimmsnarl, M|100\/100\n|-activate|p1a: Grimmsnarl|move: Sticky Web\n|-unboost|p1a: Grimmsnarl|spe|1\n|move|p2a: Armarouge|Armor Cannon|p1a: Grimmsnarl\n|-damage|p1a: Grimmsnarl|79\/100\n|-unboost|p2a: Armarouge|def|1\n|-unboost|p2a: Armarouge|spd|1\n|\n|upkeep\n|turn|10\n|\n|t:|1700306661\n|switch|p2a: Slowking|Slowking, M|100\/100\n|move|p1a: Grimmsnarl|Reflect|p1a: Grimmsnarl\n|-sidestart|p1: Corbinc|Reflect\n|\n|upkeep\n|turn|11\n|\n|t:|1700306686\n|move|p1a: Grimmsnarl|Sucker Punch|p2a: Slowking\n|-supereffective|p2a: Slowking\n|-damage|p2a: Slowking|60\/100\n|move|p2a: Slowking|Future Sight|p1a: Grimmsnarl\n|-start|p2a: Slowking|move: Future Sight\n|\n|upkeep\n|turn|12\n|\n|t:|1700306736\n|switch|p2a: Walking Wake|Walking Wake|100\/100\n|-damage|p2a: Walking Wake|88\/100|[from] Stealth Rock\n|move|p1a: Grimmsnarl|Sucker Punch||[still]\n|-fail|p1a: Grimmsnarl\n|\n|-sideend|p1: Corbinc|move: Light Screen\n|upkeep\n|turn|13\n|\n|t:|1700306764\n|move|p1a: Grimmsnarl|Light Screen|p1a: Grimmsnarl\n|-sidestart|p1: Corbinc|move: Light Screen\n|move|p2a: Walking Wake|Trick|p1a: Grimmsnarl\n|-activate|p2a: Walking Wake|move: Trick|[of] p1a: Grimmsnarl\n|-item|p1a: Grimmsnarl|Choice Scarf|[from] move: Trick\n|-item|p2a: Walking Wake|Light Clay|[from] move: Trick\n|\n|-end|p1a: Grimmsnarl|move: Future Sight\n|-immune|p1a: Grimmsnarl\n|upkeep\n|turn|14\n|\n|t:|1700306828\n|switch|p2a: Walking Wake|Walking Wake|86\/100\n|-damage|p2a: Walking Wake|74\/100|[from] Stealth Rock\n|move|p1a: Grimmsnarl|Parting Shot|p2a: Walking Wake\n|-unboost|p2a: Walking Wake|atk|1\n|-unboost|p2a: Walking Wake|spa|1\n|\n|t:|1700306866\n|switch|p1a: Greninja|Greninja, M|100\/100|[from] Parting Shot\n|-activate|p1a: Greninja|move: Sticky Web\n|-unboost|p1a: Greninja|spe|1\n|\n|upkeep\n|turn|15\n|\n|t:|1700306907\n|-terastallize|p2a: Walking Wake|Fairy\n|move|p2a: Walking Wake|Tera Blast|p1a: Greninja|[anim] Tera Blast Fairy\n|-supereffective|p1a: Greninja\n|-damage|p1a: Greninja|34\/100\n|move|p1a: Greninja|Dark Pulse|p2a: Walking Wake\n|-resisted|p2a: Walking Wake\n|-damage|p2a: Walking Wake|48\/100\n|-damage|p1a: Greninja|24\/100|[from] item: Life Orb\n|\n|upkeep\n|turn|16\n|\n|t:|1700306978\n|switch|p1a: Grimmsnarl|Grimmsnarl, M|79\/100\n|-activate|p1a: Grimmsnarl|move: Sticky Web\n|-unboost|p1a: Grimmsnarl|spe|1\n|move|p2a: Walking Wake|Tera Blast|p1a: Grimmsnarl|[anim] Tera Blast Fairy\n|-supereffective|p1a: Grimmsnarl\n|-damage|p1a: Grimmsnarl|50\/100\n|\n|upkeep\n|turn|17\n|\n|t:|1700307023\n|-end|p2a: Walking Wake|Protosynthesis|[silent]\n|switch|p2a: Slowking|Slowking, M|94\/100\n|move|p1a: Grimmsnarl|Parting Shot|p2a: Slowking\n|-unboost|p2a: Slowking|atk|1\n|-unboost|p2a: Slowking|spa|1\n|\n|t:|1700307030\n|switch|p1a: Greninja|Greninja, M|24\/100|[from] Parting Shot\n|-activate|p1a: Greninja|move: Sticky Web\n|-unboost|p1a: Greninja|spe|1\n|\n|-sideend|p1: Corbinc|Reflect\n|upkeep\n|turn|18\n|\n|t:|1700307078\n|switch|p2a: Arcanine|Arcanine-Hisui, M|100\/100\n|-damage|p2a: Arcanine|75\/100|[from] Stealth Rock\n|move|p1a: Greninja|Dark Pulse|p2a: Arcanine\n|-damage|p2a: Arcanine|18\/100\n|-damage|p1a: Greninja|14\/100|[from] item: Life Orb\n|\n|upkeep\n|turn|19\n|\n|t:|1700307112\n|move|p2a: Arcanine|Flare Blitz|p1a: Greninja\n|-resisted|p1a: Greninja\n|-damage|p1a: Greninja|0 fnt\n|faint|p1a: Greninja\n|\n|upkeep\n|\n|t:|1700307122\n|switch|p1a: Grimmsnarl|Grimmsnarl, M|50\/100\n|-activate|p1a: Grimmsnarl|move: Sticky Web\n|-unboost|p1a: Grimmsnarl|spe|1\n|turn|20\n|\n|t:|1700307172\n|move|p1a: Grimmsnarl|Sucker Punch|p2a: Arcanine\n|-damage|p2a: Arcanine|0 fnt\n|faint|p2a: Arcanine\n|\n|-sideend|p1: Corbinc|move: Light Screen\n|upkeep\n|\n|t:|1700307191\n|switch|p2a: Walking Wake|Walking Wake, tera:Fairy|48\/100\n|-damage|p2a: Walking Wake|36\/100|[from] Stealth Rock\n|turn|21\n|\n|t:|1700307330\n|-terastallize|p1a: Grimmsnarl|Dark\n|move|p1a: Grimmsnarl|Sucker Punch|p2a: Walking Wake\n|-resisted|p2a: Walking Wake\n|-damage|p2a: Walking Wake|15\/100\n|move|p2a: Walking Wake|Flamethrower|p1a: Grimmsnarl\n|-crit|p1a: Grimmsnarl\n|-damage|p1a: Grimmsnarl|3\/100\n|\n|upkeep\n|turn|22\n|\n|t:|1700307413\n|-end|p2a: Walking Wake|Protosynthesis|[silent]\n|switch|p2a: Slowking|Slowking, M|100\/100\n|switch|p1a: Tinkaton|Tinkaton, F|84\/100\n|-activate|p1a: Tinkaton|move: Sticky Web\n|-unboost|p1a: Tinkaton|spe|1\n|\n|upkeep\n|turn|23\n|\n|t:|1700307429\n|move|p1a: Tinkaton|Gigaton Hammer|p2a: Slowking\n|-resisted|p2a: Slowking\n|-damage|p2a: Slowking|85\/100\n|move|p2a: Slowking|Chilly Reception|p2a: Slowking\n|-weather|Snow\n|\n|t:|1700307452\n|switch|p2a: Walking Wake|Walking Wake, tera:Fairy|15\/100|[from] Chilly Reception\n|-damage|p2a: Walking Wake|3\/100|[from] Stealth Rock\n|\n|-weather|Snow|[upkeep]\n|upkeep\n|turn|24\n|\n|t:|1700307463\n|move|p2a: Walking Wake|Flamethrower|p1a: Tinkaton\n|-supereffective|p1a: Tinkaton\n|-damage|p1a: Tinkaton|0 fnt\n|faint|p1a: Tinkaton\n|\n|-weather|Snow|[upkeep]\n|upkeep\n|\n|t:|1700307471\n|switch|p1a: Grimmsnarl|Grimmsnarl, M, tera:Dark|3\/100\n|-activate|p1a: Grimmsnarl|move: Sticky Web\n|-unboost|p1a: Grimmsnarl|spe|1\n|turn|25\n|\n|t:|1700307490\n|move|p1a: Grimmsnarl|Parting Shot|p2a: Walking Wake\n|-unboost|p2a: Walking Wake|atk|1\n|-unboost|p2a: Walking Wake|spa|1\n|\n|t:|1700307517\n|switch|p1a: Thundurus|Thundurus-Therian, M|100\/100|[from] Parting Shot\n|move|p2a: Walking Wake|Flamethrower|p1a: Thundurus\n|-damage|p1a: Thundurus|60\/100\n|\n|-weather|Snow|[upkeep]\n|upkeep\n|turn|26\n|\n|t:|1700307526\n|move|p1a: Thundurus|Volt Switch|p2a: Walking Wake\n|-damage|p2a: Walking Wake|0 fnt\n|faint|p2a: Walking Wake\n|-end|p2a: Walking Wake|Protosynthesis|[silent]\n|\n|t:|1700307530\n|switch|p1a: Grimmsnarl|Grimmsnarl, M, tera:Dark|3\/100|[from] Volt Switch\n|-activate|p1a: Grimmsnarl|move: Sticky Web\n|-unboost|p1a: Grimmsnarl|spe|1\n|\n|-weather|Snow|[upkeep]\n|upkeep\n|\n|t:|1700307562\n|switch|p2a: Vikavolt|Vikavolt, M|36\/100\n|-damage|p2a: Vikavolt|11\/100|[from] Stealth Rock\n|turn|27\n|\n|t:|1700307582\n|move|p1a: Grimmsnarl|Sucker Punch|p2a: Vikavolt\n|-damage|p2a: Vikavolt|0 fnt\n|faint|p2a: Vikavolt\n|\n|-weather|none\n|upkeep\n|\n|t:|1700307597\n|switch|p2a: Slowking|Slowking, M|100\/100\n|turn|28\n|\n|t:|1700307603\n|move|p1a: Grimmsnarl|Sucker Punch||[still]\n|-fail|p1a: Grimmsnarl\n|move|p2a: Slowking|Slack Off||[still]\n|-fail|p2a: Slowking|heal\n|\n|upkeep\n|turn|29\n|\n|t:|1700307614\n|switch|p1a: Wo-Chien|Wo-Chien|100\/100\n|-activate|p1a: Wo-Chien|move: Sticky Web\n|-unboost|p1a: Wo-Chien|spe|1\n|-ability|p1a: Wo-Chien|Tablets of Ruin\n|move|p2a: Slowking|Slack Off||[still]\n|-fail|p2a: Slowking|heal\n|\n|upkeep\n|turn|30\n|\n|t:|1700307651\n|move|p1a: Wo-Chien|Leech Seed|p2a: Slowking\n|-start|p2a: Slowking|move: Leech Seed\n|move|p2a: Slowking|Chilly Reception|p2a: Slowking\n|-weather|Snow\n|\n|t:|1700307692\n|switch|p2a: Slowking|Slowking, M|88\/100|[from] Chilly Reception\n|-damage|p2a: Slowking|76\/100|[from] Stealth Rock\n|\n|-weather|Snow|[upkeep]\n|upkeep\n|turn|31\n|\n|t:|1700307714\n|move|p2a: Slowking|Flamethrower|p1a: Wo-Chien\n|-supereffective|p1a: Wo-Chien\n|-crit|p1a: Wo-Chien\n|-damage|p1a: Wo-Chien|47\/100\n|move|p1a: Wo-Chien|Leech Seed|p2a: Slowking\n|-start|p2a: Slowking|move: Leech Seed\n|\n|-weather|Snow|[upkeep]\n|-heal|p1a: Wo-Chien|53\/100|[from] item: Leftovers\n|-damage|p2a: Slowking|64\/100|[from] Leech Seed|[of] p1a: Wo-Chien\n|-heal|p1a: Wo-Chien|62\/100|[silent]\n|upkeep\n|turn|32\n|\n|t:|1700307816\n|switch|p2a: Slowking|Slowking, M|100\/100\n|move|p1a: Wo-Chien|Giga Drain|p2a: Slowking\n|-supereffective|p2a: Slowking\n|-damage|p2a: Slowking|62\/100\n|-heal|p1a: Wo-Chien|83\/100|[from] drain|[of] p2a: Slowking\n|\n|-weather|Snow|[upkeep]\n|-heal|p1a: Wo-Chien|89\/100|[from] item: Leftovers\n|upkeep\n|turn|33\n|\n|t:|1700307845\n|switch|p2a: Armarouge|Armarouge, F|51\/100\n|-damage|p2a: Armarouge|26\/100|[from] Stealth Rock\n|move|p1a: Wo-Chien|Taunt|p2a: Armarouge\n|-start|p2a: Armarouge|move: Taunt\n|\n|-weather|Snow|[upkeep]\n|-heal|p1a: Wo-Chien|95\/100|[from] item: Leftovers\n|upkeep\n|turn|34\n|\n|t:|1700307901\n|move|p2a: Armarouge|Armor Cannon|p1a: Wo-Chien\n|-supereffective|p1a: Wo-Chien\n|-damage|p1a: Wo-Chien|18\/100\n|-unboost|p2a: Armarouge|def|1\n|-unboost|p2a: Armarouge|spd|1\n|move|p1a: Wo-Chien|Leech Seed|p2a: Armarouge|[miss]\n|-miss|p1a: Wo-Chien|p2a: Armarouge\n|\n|-weather|none\n|-heal|p1a: Wo-Chien|24\/100|[from] item: Leftovers\n|upkeep\n|turn|35\n|\n|t:|1700307922\n|move|p2a: Armarouge|Armor Cannon|p1a: Wo-Chien\n|-supereffective|p1a: Wo-Chien\n|-damage|p1a: Wo-Chien|0 fnt\n|-unboost|p2a: Armarouge|def|1\n|-unboost|p2a: Armarouge|spd|1\n|faint|p1a: Wo-Chien\n|\n|-end|p2a: Armarouge|move: Taunt\n|upkeep\n|\n|t:|1700307927\n|switch|p1a: Grimmsnarl|Grimmsnarl, M, tera:Dark|3\/100\n|-activate|p1a: Grimmsnarl|move: Sticky Web\n|-unboost|p1a: Grimmsnarl|spe|1\n|turn|36\n|\n|t:|1700307946\n|move|p2a: Armarouge|Endure|p2a: Armarouge\n|-singleturn|p2a: Armarouge|move: Endure\n|move|p1a: Grimmsnarl|Light Screen|p1a: Grimmsnarl\n|-sidestart|p1: Corbinc|move: Light Screen\n|\n|upkeep\n|turn|37\n|\n|t:|1700307975\n|move|p1a: Grimmsnarl|Light Screen||[still]\n|-fail|p1a: Grimmsnarl\n|move|p2a: Armarouge|Armor Cannon|p1a: Grimmsnarl\n|-damage|p1a: Grimmsnarl|0 fnt\n|-unboost|p2a: Armarouge|def|1\n|-unboost|p2a: Armarouge|spd|1\n|faint|p1a: Grimmsnarl\n|\n|upkeep\n|\n|t:|1700307980\n|switch|p1a: Thundurus|Thundurus-Therian, M|60\/100\n|turn|38\n|\n|t:|1700308003\n|move|p1a: Thundurus|Volt Switch|p2a: Armarouge\n|-damage|p2a: Armarouge|0 fnt\n|faint|p2a: Armarouge\n|\n|upkeep\n|\n|t:|1700308010\n|switch|p2a: Slowking|Slowking, M|96\/100\n|turn|39\n|\n|t:|1700308023\n|move|p1a: Thundurus|Volt Switch|p2a: Slowking\n|-supereffective|p2a: Slowking\n|-damage|p2a: Slowking|27\/100\n|move|p2a: Slowking|Scald|p1a: Thundurus\n|-damage|p1a: Thundurus|42\/100\n|\n|upkeep\n|turn|40\n|\n|t:|1700308034\n|move|p1a: Thundurus|Volt Switch|p2a: Slowking\n|-supereffective|p2a: Slowking\n|-damage|p2a: Slowking|0 fnt\n|faint|p2a: Slowking\n|\n|-sideend|p1: Corbinc|move: Light Screen\n|upkeep\n|\n|t:|1700308042\n|switch|p2a: Zoroark|Zoroark-Hisui, M|64\/100\n|-damage|p2a: Zoroark|51\/100|[from] Stealth Rock\n|turn|41\n|\n|t:|1700308051\n|move|p1a: Thundurus|Volt Switch|p2a: Zoroark\n|-damage|p2a: Zoroark|0 fnt\n|faint|p2a: Zoroark\n|\n|win|Corbinc\n","uploadtime":1700308060,"views":15,"p1id":"corbinc","p2id":"nikolobstar","formatid":"gen9ou","rating":0,"private":0,"password":""}