{"id":"gen9ou-1991777122","p1":"CRIPPYwitdaGRIPPY","p2":"S3PP1","format":"[Gen 9] OU","log":"|j|\u2606CRIPPYwitdaGRIPPY\n|j|\u2606S3PP1\n|t:|1700115392\n|gametype|singles\n|player|p1|CRIPPYwitdaGRIPPY|caitlin|\n|player|p2|S3PP1|biker-gen4|\n|teamsize|p1|6\n|teamsize|p2|6\n|gen|9\n|tier|[Gen 9] OU\n|rule|Sleep Clause Mod: Limit one foe put to sleep\n|rule|Species Clause: Limit one of each Pok\u00e9mon\n|rule|OHKO Clause: OHKO moves are banned\n|rule|Evasion Items Clause: Evasion items are banned\n|rule|Evasion Moves Clause: Evasion moves are banned\n|rule|Endless Battle Clause: Forcing endless battles is banned\n|rule|HP Percentage Mod: HP is shown in percentages\n|clearpoke\n|poke|p1|Great Tusk|\n|poke|p1|Dragapult, M|\n|poke|p1|Quaquaval, M|\n|poke|p1|Moltres|\n|poke|p1|Shiftry, F|\n|poke|p1|Scream Tail|\n|poke|p2|Rillaboom, F|\n|poke|p2|Sneasler, M|\n|poke|p2|Torkoal, M|\n|poke|p2|Salamence, M|\n|poke|p2|Chesnaught, M|\n|poke|p2|Mimikyu, M|\n|teampreview\n|inactive|Battle timer is ON: inactive players will automatically lose when time's up. (requested by S3PP1)\n|\n|t:|1700115399\n|start\n|switch|p1a: great t1ts|Great Tusk|100\/100\n|switch|p2a: Da PoopSock|Mimikyu, M|100\/100\n|-enditem|p1a: great t1ts|Booster Energy\n|-activate|p1a: great t1ts|ability: Protosynthesis|[fromitem]\n|-start|p1a: great t1ts|protosynthesisspe\n|turn|1\n|\n|t:|1700115417\n|move|p1a: great t1ts|Close Combat|p2a: Da PoopSock\n|-immune|p2a: Da PoopSock\n|move|p2a: Da PoopSock|Swords Dance|p2a: Da PoopSock\n|-boost|p2a: Da PoopSock|atk|2\n|\n|upkeep\n|turn|2\n|inactive|CRIPPYwitdaGRIPPY has 270 seconds left.\n|\n|t:|1700115445\n|-end|p1a: great t1ts|Protosynthesis|[silent]\n|switch|p1a: bad dad|Dragapult, M, shiny|100\/100\n|move|p2a: Da PoopSock|Swords Dance|p2a: Da PoopSock\n|-boost|p2a: Da PoopSock|atk|2\n|\n|upkeep\n|turn|3\n|\n|t:|1700115455\n|move|p2a: Da PoopSock|Shadow Sneak|p1a: bad dad\n|-supereffective|p1a: bad dad\n|-damage|p1a: bad dad|0 fnt\n|faint|p1a: bad dad\n|-damage|p2a: Da PoopSock|91\/100|[from] item: Life Orb\n|\n|upkeep\n|inactive|CRIPPYwitdaGRIPPY has 270 seconds left.\n|\n|t:|1700115483\n|switch|p1a: seppis bush|Shiftry, F|100\/100\n|turn|4\n|\n|t:|1700115487\n|move|p2a: Da PoopSock|Play Rough|p1a: seppis bush|[miss]\n|-miss|p2a: Da PoopSock|p1a: seppis bush\n|move|p1a: seppis bush|Dark Pulse|p2a: Da PoopSock\n|-activate|p2a: Da PoopSock|ability: Disguise\n|-damage|p2a: Da PoopSock|91\/100\n|detailschange|p2a: Da PoopSock|Mimikyu-Busted, M\n|-damage|p2a: Da PoopSock|78\/100|[from] pokemon: Mimikyu-Busted\n|\n|upkeep\n|turn|5\n|inactive|CRIPPYwitdaGRIPPY has 270 seconds left.\n|\n|t:|1700115497\n|move|p2a: Da PoopSock|Play Rough|p1a: seppis bush\n|-supereffective|p1a: seppis bush\n|-enditem|p1a: seppis bush|Focus Sash\n|-damage|p1a: seppis bush|1\/100\n|-damage|p2a: Da PoopSock|68\/100|[from] item: Life Orb\n|move|p1a: seppis bush|Dark Pulse|p2a: Da PoopSock\n|-damage|p2a: Da PoopSock|36\/100\n|\n|upkeep\n|turn|6\n|inactive|CRIPPYwitdaGRIPPY has 270 seconds left.\n|\n|t:|1700115514\n|move|p2a: Da PoopSock|Shadow Sneak|p1a: seppis bush\n|-resisted|p1a: seppis bush\n|-damage|p1a: seppis bush|0 fnt\n|faint|p1a: seppis bush\n|-damage|p2a: Da PoopSock|26\/100|[from] item: Life Orb\n|\n|upkeep\n|\n|t:|1700115529\n|switch|p1a: fire birb|Moltres|100\/100\n|turn|7\n|\n|t:|1700115534\n|move|p2a: Da PoopSock|Shadow Sneak|p1a: fire birb\n|-damage|p1a: fire birb|27\/100\n|-damage|p2a: Da PoopSock|16\/100|[from] item: Life Orb\n|move|p1a: fire birb|Heat Wave|p2a: Da PoopSock\n|-damage|p2a: Da PoopSock|0 fnt\n|faint|p2a: Da PoopSock\n|\n|upkeep\n|\n|t:|1700115540\n|switch|p2a: Blub Blub|Torkoal, M|100\/100\n|-weather|SunnyDay|[from] ability: Drought|[of] p2a: Blub Blub\n|turn|8\n|\n|t:|1700115546\n|switch|p1a: fagduck|Quaquaval, M|100\/100\n|move|p2a: Blub Blub|Yawn|p1a: fagduck\n|-start|p1a: fagduck|move: Yawn|[of] p2a: Blub Blub\n|\n|-weather|SunnyDay|[upkeep]\n|upkeep\n|turn|9\n|inactive|CRIPPYwitdaGRIPPY has 270 seconds left.\n|\n|t:|1700115564\n|-terastallize|p1a: fagduck|Water\n|move|p1a: fagduck|Aqua Step|p2a: Blub Blub\n|-supereffective|p2a: Blub Blub\n|-damage|p2a: Blub Blub|69\/100\n|-boost|p1a: fagduck|spe|1\n|move|p2a: Blub Blub|Overheat|p1a: fagduck|[miss]\n|-miss|p2a: Blub Blub|p1a: fagduck\n|\n|-weather|SunnyDay|[upkeep]\n|-end|p1a: fagduck|move: Yawn|[silent]\n|-status|p1a: fagduck|slp\n|upkeep\n|turn|10\n|inactive|CRIPPYwitdaGRIPPY has 270 seconds left.\n|\n|t:|1700115587\n|switch|p1a: great t1ts|Great Tusk|100\/100\n|-activate|p1a: great t1ts|ability: Protosynthesis\n|-start|p1a: great t1ts|protosynthesisspe\n|move|p2a: Blub Blub|Overheat|p1a: great t1ts\n|-damage|p1a: great t1ts|19\/100\n|-unboost|p2a: Blub Blub|spa|2\n|-enditem|p2a: Blub Blub|Eject Pack\n|\n|t:|1700115591\n|switch|p2a: UU: The MENCE|Salamence, M|100\/100\n|\n|-weather|SunnyDay|[upkeep]\n|upkeep\n|turn|11\n|inactive|CRIPPYwitdaGRIPPY has 270 seconds left.\n|\n|t:|1700115605\n|-end|p1a: great t1ts|Protosynthesis|[silent]\n|switch|p1a: schlongface|Scream Tail|100\/100\n|-activate|p1a: schlongface|ability: Protosynthesis\n|-start|p1a: schlongface|protosynthesisspe\n|move|p2a: UU: The MENCE|Dragon Dance|p2a: UU: The MENCE\n|-boost|p2a: UU: The MENCE|atk|1\n|-boost|p2a: UU: The MENCE|spe|1\n|\n|-weather|SunnyDay|[upkeep]\n|upkeep\n|turn|12\n|inactive|CRIPPYwitdaGRIPPY has 270 seconds left.\n|\n|t:|1700115622\n|move|p1a: schlongface|Play Rough|p2a: UU: The MENCE\n|-supereffective|p2a: UU: The MENCE\n|-damage|p2a: UU: The MENCE|50\/100\n|move|p2a: UU: The MENCE|Dragon Dance|p2a: UU: The MENCE\n|-boost|p2a: UU: The MENCE|atk|1\n|-boost|p2a: UU: The MENCE|spe|1\n|\n|-weather|none\n|-end|p1a: schlongface|Protosynthesis\n|upkeep\n|turn|13\n|\n|t:|1700115633\n|move|p2a: UU: The MENCE|Dual Wingbeat|p1a: schlongface\n|-damage|p1a: schlongface|67\/100\n|-damage|p1a: schlongface|34\/100\n|-hitcount|p1a: schlongface|2\n|move|p1a: schlongface|Play Rough|p2a: UU: The MENCE\n|-supereffective|p2a: UU: The MENCE\n|-damage|p2a: UU: The MENCE|2\/100\n|\n|-heal|p1a: schlongface|41\/100|[from] item: Leftovers\n|upkeep\n|turn|14\n|inactive|CRIPPYwitdaGRIPPY has 270 seconds left.\n|\n|t:|1700115643\n|move|p2a: UU: The MENCE|Dual Wingbeat|p1a: schlongface\n|-damage|p1a: schlongface|4\/100\n|-damage|p1a: schlongface|0 fnt\n|faint|p1a: schlongface\n|-end|p1a: schlongface|Protosynthesis|[silent]\n|-ability|p2a: UU: The MENCE|Moxie|boost\n|-boost|p2a: UU: The MENCE|atk|1\n|-hitcount|p1: schlongface|2\n|\n|upkeep\n|\n|t:|1700115653\n|switch|p1a: fire birb|Moltres|27\/100\n|turn|15\n|\n|t:|1700115657\n|move|p2a: UU: The MENCE|Dual Wingbeat|p1a: fire birb\n|-damage|p1a: fire birb|0 fnt\n|-status|p2a: UU: The MENCE|brn|[from] ability: Flame Body|[of] p1a: fire birb\n|faint|p1a: fire birb\n|-ability|p2a: UU: The MENCE|Moxie|boost\n|-boost|p2a: UU: The MENCE|atk|1\n|-hitcount|p1: fire birb|1\n|\n|-damage|p2a: UU: The MENCE|0 fnt|[from] brn\n|faint|p2a: UU: The MENCE\n|upkeep\n|\n|t:|1700115669\n|switch|p2a: Wall Cina|Chesnaught, M|100\/100\n|switch|p1a: great t1ts|Great Tusk|19\/100\n|turn|16\n|\n|t:|1700115676\n|move|p1a: great t1ts|Close Combat|p2a: Wall Cina\n|-damage|p2a: Wall Cina|73\/100\n|-unboost|p1a: great t1ts|def|1\n|-unboost|p1a: great t1ts|spd|1\n|move|p2a: Wall Cina|Leech Seed|p1a: great t1ts\n|-start|p1a: great t1ts|move: Leech Seed\n|\n|-heal|p2a: Wall Cina|79\/100|[from] item: Leftovers\n|-damage|p1a: great t1ts|6\/100|[from] Leech Seed|[of] p2a: Wall Cina\n|-heal|p2a: Wall Cina|94\/100|[silent]\n|upkeep\n|turn|17\n|\n|t:|1700115689\n|move|p2a: Wall Cina|Spiky Shield|p2a: Wall Cina\n|-singleturn|p2a: Wall Cina|move: Protect\n|move|p1a: great t1ts|Ice Spinner|p2a: Wall Cina\n|-activate|p2a: Wall Cina|move: Protect\n|-damage|p1a: great t1ts|0 fnt|[from] Spiky Shield|[of] p2a: Wall Cina\n|faint|p1a: great t1ts\n|-end|p1a: great t1ts|Protosynthesis|[silent]\n|\n|-heal|p2a: Wall Cina|99\/100|[from] item: Leftovers\n|upkeep\n|\n|t:|1700115697\n|switch|p1a: fagduck|Quaquaval, M, tera:Water|100\/100 slp\n|turn|18\n|\n|t:|1700115704\n|cant|p1a: fagduck|slp\n|move|p2a: Wall Cina|Leech Seed|p1a: fagduck\n|-start|p1a: fagduck|move: Leech Seed\n|\n|-heal|p2a: Wall Cina|100\/100|[from] item: Leftovers\n|-damage|p1a: fagduck|88\/100 slp|[from] Leech Seed|[of] p2a: Wall Cina\n|upkeep\n|turn|19\n|\n|t:|1700115713\n|cant|p1a: fagduck|slp\n|move|p2a: Wall Cina|Body Press|p1a: fagduck\n|-damage|p1a: fagduck|28\/100 slp\n|\n|-heal|p1a: fagduck|35\/100 slp|[from] item: Leftovers\n|-damage|p1a: fagduck|22\/100 slp|[from] Leech Seed|[of] p2a: Wall Cina\n|upkeep\n|turn|20\n|\n|t:|1700115721\n|move|p2a: Wall Cina|Spiky Shield|p2a: Wall Cina\n|-singleturn|p2a: Wall Cina|move: Protect\n|cant|p1a: fagduck|slp\n|\n|-heal|p1a: fagduck|28\/100 slp|[from] item: Leftovers\n|-damage|p1a: fagduck|16\/100 slp|[from] Leech Seed|[of] p2a: Wall Cina\n|upkeep\n|turn|21\n|\n|t:|1700115731\n|move|p2a: Wall Cina|Spiky Shield||[still]\n|-fail|p2a: Wall Cina\n|-curestatus|p1a: fagduck|slp|[msg]\n|move|p1a: fagduck|Aqua Jet|p2a: Wall Cina\n|-resisted|p2a: Wall Cina\n|-damage|p2a: Wall Cina|92\/100\n|\n|-heal|p1a: fagduck|22\/100|[from] item: Leftovers\n|-heal|p2a: Wall Cina|98\/100|[from] item: Leftovers\n|-damage|p1a: fagduck|10\/100|[from] Leech Seed|[of] p2a: Wall Cina\n|-heal|p2a: Wall Cina|100\/100|[silent]\n|upkeep\n|turn|22\n|\n|t:|1700115747\n|move|p2a: Wall Cina|Spiky Shield|p2a: Wall Cina\n|-singleturn|p2a: Wall Cina|move: Protect\n|move|p1a: fagduck|Aqua Step|p2a: Wall Cina\n|-activate|p2a: Wall Cina|move: Protect\n|-damage|p1a: fagduck|0 fnt|[from] Spiky Shield|[of] p2a: Wall Cina\n|faint|p1a: fagduck\n|\n|win|S3PP1\n|l|\u2606CRIPPYwitdaGRIPPY\n","uploadtime":1700115761,"views":8,"p1id":"crippywitdagrippy","p2id":"s3pp1","formatid":"gen9ou","rating":0,"private":0,"password":""}