{"id":"gen9ou-1993672991","p1":"Badatusrnameswow","p2":"Gamewolf378","format":"[Gen 9] OU","log":"|j|\u2606Badatusrnameswow\n|j|\u2606Gamewolf378\n|t:|1700344039\n|gametype|singles\n|player|p1|Badatusrnameswow|cynthia-gen4|1255\n|player|p2|Gamewolf378|102|1340\n|teamsize|p1|6\n|teamsize|p2|6\n|gen|9\n|tier|[Gen 9] OU\n|rated|\n|rule|Sleep Clause Mod: Limit one foe put to sleep\n|rule|Species Clause: Limit one of each Pok\u00e9mon\n|rule|OHKO Clause: OHKO moves are banned\n|rule|Evasion Items Clause: Evasion items are banned\n|rule|Evasion Moves Clause: Evasion moves are banned\n|rule|Endless Battle Clause: Forcing endless battles is banned\n|rule|HP Percentage Mod: HP is shown in percentages\n|clearpoke\n|poke|p1|Clefable, F|\n|poke|p1|Dragonite, F|\n|poke|p1|Slowking-Galar, M|\n|poke|p1|Empoleon, M|\n|poke|p1|Breloom, M|\n|poke|p1|Great Tusk|\n|poke|p2|Ribombee, F|\n|poke|p2|Samurott-Hisui, F|\n|poke|p2|Garchomp, M|\n|poke|p2|Corviknight, M|\n|poke|p2|Grimmsnarl, M|\n|poke|p2|Hydreigon, M|\n|teampreview\n|inactive|Battle timer is ON: inactive players will automatically lose when time's up. (requested by Badatusrnameswow)\n|\n|t:|1700344045\n|start\n|switch|p1a: Mumble|Empoleon, M|100\/100\n|switch|p2a: Heiress|Ribombee, F|100\/100\n|-item|p1a: Mumble|Air Balloon\n|turn|1\n|\n|t:|1700344051\n|move|p2a: Heiress|Stun Spore|p1a: Mumble|[miss]\n|-miss|p2a: Heiress|p1a: Mumble\n|move|p1a: Mumble|Flash Cannon|p2a: Heiress\n|-supereffective|p2a: Heiress\n|-enditem|p2a: Heiress|Focus Sash\n|-damage|p2a: Heiress|1\/100\n|\n|upkeep\n|turn|2\n|\n|t:|1700344063\n|move|p2a: Heiress|Sticky Web|p1a: Mumble\n|-sidestart|p1: Badatusrnameswow|move: Sticky Web\n|move|p1a: Mumble|Surf|p2a: Heiress\n|-damage|p2a: Heiress|0 fnt\n|faint|p2a: Heiress\n|\n|upkeep\n|\n|t:|1700344066\n|switch|p2a: Theae|Samurott-Hisui, F|100\/100\n|turn|3\n|\n|t:|1700344069\n|move|p2a: Theae|Sacred Sword|p1a: Mumble\n|-supereffective|p1a: Mumble\n|-damage|p1a: Mumble|22\/100\n|-enditem|p1a: Mumble|Air Balloon\n|move|p1a: Mumble|Stealth Rock|p2a: Theae\n|-sidestart|p2: Gamewolf378|move: Stealth Rock\n|\n|upkeep\n|turn|4\n|\n|t:|1700344074\n|move|p2a: Theae|Ceaseless Edge|p1a: Mumble\n|-damage|p1a: Mumble|0 fnt\n|-sidestart|p1: Badatusrnameswow|Spikes\n|faint|p1a: Mumble\n|\n|upkeep\n|\n|t:|1700344087\n|switch|p1a: Pamplemousse|Clefable, F|100\/100\n|-activate|p1a: Pamplemousse|move: Sticky Web\n|-unboost|p1a: Pamplemousse|spe|1\n|-damage|p1a: Pamplemousse|88\/100|[from] Spikes\n|turn|5\n|\n|t:|1700344094\n|move|p2a: Theae|Aqua Cutter|p1a: Pamplemousse\n|-damage|p1a: Pamplemousse|35\/100\n|move|p1a: Pamplemousse|Moonblast|p2a: Theae\n|-supereffective|p2a: Theae\n|-damage|p2a: Theae|0 fnt\n|faint|p2a: Theae\n|\n|-heal|p1a: Pamplemousse|41\/100|[from] item: Leftovers\n|upkeep\n|\n|t:|1700344109\n|switch|p2a: Raiden|Garchomp, M|100\/100\n|-damage|p2a: Raiden|94\/100|[from] Stealth Rock\n|turn|6\n|\n|t:|1700344113\n|move|p2a: Raiden|Earthquake|p1a: Pamplemousse\n|-damage|p1a: Pamplemousse|0 fnt\n|faint|p1a: Pamplemousse\n|\n|upkeep\n|\n|t:|1700344117\n|switch|p1a: Printemps|Dragonite, F|100\/100\n|turn|7\n|\n|t:|1700344122\n|switch|p2a: Cord Beak|Corviknight, M|100\/100\n|-damage|p2a: Cord Beak|88\/100|[from] Stealth Rock\n|-ability|p2a: Cord Beak|Pressure\n|-terastallize|p1a: Printemps|Steel\n|move|p1a: Printemps|Dragon Dance|p1a: Printemps\n|-boost|p1a: Printemps|atk|1\n|-boost|p1a: Printemps|spe|1\n|\n|upkeep\n|turn|8\n|\n|t:|1700344127\n|move|p1a: Printemps|Dragon Dance|p1a: Printemps\n|-boost|p1a: Printemps|atk|1\n|-boost|p1a: Printemps|spe|1\n|move|p2a: Cord Beak|Brave Bird|p1a: Printemps\n|-resisted|p1a: Printemps\n|-damage|p1a: Printemps|90\/100\n|-damage|p2a: Cord Beak|85\/100|[from] Recoil\n|\n|upkeep\n|turn|9\n|\n|t:|1700344146\n|move|p1a: Printemps|Dragon Dance|p1a: Printemps\n|-boost|p1a: Printemps|atk|1\n|-boost|p1a: Printemps|spe|1\n|move|p2a: Cord Beak|Brave Bird|p1a: Printemps\n|-resisted|p1a: Printemps\n|-damage|p1a: Printemps|69\/100\n|-damage|p2a: Cord Beak|80\/100|[from] Recoil\n|\n|upkeep\n|turn|10\n|\n|t:|1700344152\n|move|p1a: Printemps|Dragon Dance|p1a: Printemps\n|-boost|p1a: Printemps|atk|1\n|-boost|p1a: Printemps|spe|1\n|move|p2a: Cord Beak|Brave Bird|p1a: Printemps\n|-resisted|p1a: Printemps\n|-damage|p1a: Printemps|50\/100\n|-enditem|p1a: Printemps|Sitrus Berry|[eat]\n|-heal|p1a: Printemps|75\/100|[from] item: Sitrus Berry\n|-damage|p2a: Cord Beak|75\/100|[from] Recoil\n|\n|upkeep\n|turn|11\n|\n|t:|1700344158\n|move|p1a: Printemps|Dragon Dance|p1a: Printemps\n|-boost|p1a: Printemps|atk|1\n|-boost|p1a: Printemps|spe|1\n|move|p2a: Cord Beak|Brave Bird|p1a: Printemps\n|-resisted|p1a: Printemps\n|-damage|p1a: Printemps|55\/100\n|-damage|p2a: Cord Beak|70\/100|[from] Recoil\n|\n|upkeep\n|turn|12\n|\n|t:|1700344162\n|move|p1a: Printemps|Dragon Dance|p1a: Printemps\n|-boost|p1a: Printemps|atk|1\n|-boost|p1a: Printemps|spe|1\n|move|p2a: Cord Beak|Roost|p2a: Cord Beak\n|-heal|p2a: Cord Beak|100\/100\n|-singleturn|p2a: Cord Beak|move: Roost\n|\n|upkeep\n|turn|13\n|\n|t:|1700344166\n|move|p1a: Printemps|Ice Spinner|p2a: Cord Beak\n|-damage|p2a: Cord Beak|31\/100\n|-damage|p1a: Printemps|39\/100|[from] item: Rocky Helmet|[of] p2a: Cord Beak\n|move|p2a: Cord Beak|Brave Bird|p1a: Printemps\n|-resisted|p1a: Printemps\n|-damage|p1a: Printemps|20\/100\n|-damage|p2a: Cord Beak|26\/100|[from] Recoil\n|\n|upkeep\n|turn|14\n|\n|t:|1700344174\n|move|p1a: Printemps|Ice Spinner|p2a: Cord Beak\n|-crit|p2a: Cord Beak\n|-damage|p2a: Cord Beak|0 fnt\n|-damage|p1a: Printemps|4\/100|[from] item: Rocky Helmet|[of] p2a: Cord Beak\n|faint|p2a: Cord Beak\n|\n|upkeep\n|\n|t:|1700344176\n|switch|p2a: Dylan|Grimmsnarl, M|100\/100\n|-damage|p2a: Dylan|88\/100|[from] Stealth Rock\n|turn|15\n|\n|t:|1700344179\n|move|p2a: Dylan|Reflect|p2a: Dylan\n|-sidestart|p2: Gamewolf378|Reflect\n|move|p1a: Printemps|Iron Head|p2a: Dylan\n|-supereffective|p2a: Dylan\n|-damage|p2a: Dylan|0 fnt\n|faint|p2a: Dylan\n|\n|upkeep\n|\n|t:|1700344186\n|switch|p2a: Duck|Hydreigon, M|100\/100\n|-damage|p2a: Duck|88\/100|[from] Stealth Rock\n|turn|16\n|\n|t:|1700344194\n|-terastallize|p2a: Duck|Ice\n|move|p1a: Printemps|Ice Spinner|p2a: Duck\n|-resisted|p2a: Duck\n|-damage|p2a: Duck|54\/100\n|move|p2a: Duck|Tera Blast|p1a: Printemps|[anim] Tera Blast Ice\n|-resisted|p1a: Printemps\n|-damage|p1a: Printemps|0 fnt\n|faint|p1a: Printemps\n|\n|upkeep\n|\n|t:|1700344206\n|switch|p1a: Manny|Great Tusk|100\/100\n|-activate|p1a: Manny|move: Sticky Web\n|-unboost|p1a: Manny|spe|1\n|-damage|p1a: Manny|88\/100|[from] Spikes\n|-enditem|p1a: Manny|Booster Energy\n|-activate|p1a: Manny|ability: Protosynthesis|[fromitem]\n|-start|p1a: Manny|protosynthesisatk\n|turn|17\n|\n|t:|1700344209\n|move|p2a: Duck|Tera Blast|p1a: Manny|[anim] Tera Blast Ice\n|-supereffective|p1a: Manny\n|-damage|p1a: Manny|0 fnt\n|faint|p1a: Manny\n|-end|p1a: Manny|Protosynthesis|[silent]\n|\n|upkeep\n|\n|t:|1700344214\n|switch|p1a: Pin-Head Larry|Slowking-Galar, M|100\/100\n|-activate|p1a: Pin-Head Larry|move: Sticky Web\n|-unboost|p1a: Pin-Head Larry|spe|1\n|-damage|p1a: Pin-Head Larry|88\/100|[from] Spikes\n|turn|18\n|\n|t:|1700344217\n|switch|p2a: Raiden|Garchomp, M|94\/100\n|-damage|p2a: Raiden|88\/100|[from] Stealth Rock\n|move|p1a: Pin-Head Larry|Focus Blast|p2a: Raiden|[miss]\n|-miss|p1a: Pin-Head Larry|p2a: Raiden\n|\n|upkeep\n|turn|19\n|\n|t:|1700344224\n|move|p2a: Raiden|Earthquake|p1a: Pin-Head Larry\n|-supereffective|p1a: Pin-Head Larry\n|-damage|p1a: Pin-Head Larry|0 fnt\n|faint|p1a: Pin-Head Larry\n|\n|upkeep\n|\n|t:|1700344228\n|switch|p1a: Reishi|Breloom, M, shiny|100\/100\n|-activate|p1a: Reishi|move: Sticky Web\n|-unboost|p1a: Reishi|spe|1\n|-damage|p1a: Reishi|88\/100|[from] Spikes\n|turn|20\n|\n|t:|1700344231\n|move|p2a: Raiden|Scale Shot|p1a: Reishi\n|-damage|p1a: Reishi|67\/100\n|-damage|p1a: Reishi|45\/100\n|-damage|p1a: Reishi|23\/100\n|-damage|p1a: Reishi|2\/100\n|-damage|p1a: Reishi|0 fnt\n|faint|p1a: Reishi\n|-hitcount|p1: Reishi|5\n|\n|win|Gamewolf378\n|raw|Badatusrnameswow's rating: 1255 &rarr; <strong>1236<\/strong><br \/>(-19 for losing)\n|raw|Gamewolf378's rating: 1340 &rarr; <strong>1355<\/strong><br \/>(+15 for winning)\n|l|\u2606Badatusrnameswow\n","uploadtime":1700344242,"views":21,"p1id":"badatusrnameswow","p2id":"gamewolf378","formatid":"gen9ou","rating":1236,"private":0,"password":""}