{"id":"gen9ou-1994944367","p1":"273_Kalstor","p2":"koodagameplay","format":"[Gen 9] OU","log":"|j|\u2606273_Kalstor\n|j|\u2606koodagameplay\n|t:|1700506887\n|gametype|singles\n|player|p1|273_Kalstor|acetrainerf-gen4dp|1103\n|player|p2|koodagameplay|pokemonbreederf-gen4|1037\n|teamsize|p1|6\n|teamsize|p2|6\n|gen|9\n|tier|[Gen 9] OU\n|rated|\n|rule|Sleep Clause Mod: Limit one foe put to sleep\n|rule|Species Clause: Limit one of each Pok\u00e9mon\n|rule|OHKO Clause: OHKO moves are banned\n|rule|Evasion Items Clause: Evasion items are banned\n|rule|Evasion Moves Clause: Evasion moves are banned\n|rule|Endless Battle Clause: Forcing endless battles is banned\n|rule|HP Percentage Mod: HP is shown in percentages\n|clearpoke\n|poke|p1|Chandelure, F|\n|poke|p1|Torkoal, M|\n|poke|p1|Great Tusk|\n|poke|p1|Zapdos|\n|poke|p1|Rillaboom, M|\n|poke|p1|Ogerpon-Wellspring, F|\n|poke|p2|Ribombee, F|\n|poke|p2|Garchomp, M|\n|poke|p2|Torkoal, F|\n|poke|p2|Tornadus-Therian, M|\n|poke|p2|Lucario, M|\n|poke|p2|Kingambit, M|\n|teampreview\n|inactive|Battle timer is ON: inactive players will automatically lose when time's up. (requested by koodagameplay)\n|\n|t:|1700506896\n|start\n|switch|p1a: Ogerpon|Ogerpon-Wellspring, F|100\/100\n|switch|p2a: Sticky|Ribombee, F|100\/100\n|turn|1\n|\n|t:|1700506905\n|move|p2a: Sticky|Quiver Dance|p2a: Sticky\n|-boost|p2a: Sticky|spa|1\n|-boost|p2a: Sticky|spd|1\n|-boost|p2a: Sticky|spe|1\n|move|p1a: Ogerpon|Knock Off|p2a: Sticky\n|-resisted|p2a: Sticky\n|-damage|p2a: Sticky|62\/100\n|-enditem|p2a: Sticky|Focus Sash|[from] move: Knock Off|[of] p1a: Ogerpon\n|\n|upkeep\n|turn|2\n|\n|t:|1700506917\n|move|p2a: Sticky|Sticky Web|p1a: Ogerpon\n|-sidestart|p1: 273_Kalstor|move: Sticky Web\n|move|p1a: Ogerpon|Ivy Cudgel|p2a: Sticky|[anim] Ivy Cudgel Water\n|-damage|p2a: Sticky|0 fnt\n|faint|p2a: Sticky\n|\n|upkeep\n|\n|t:|1700506929\n|switch|p2a: Tornado|Tornadus-Therian, M|100\/100\n|turn|3\n|\n|t:|1700506933\n|move|p2a: Tornado|Nasty Plot|p2a: Tornado\n|-boost|p2a: Tornado|spa|2\n|move|p1a: Ogerpon|Ivy Cudgel|p2a: Tornado|[anim] Ivy Cudgel Water\n|-damage|p2a: Tornado|13\/100\n|\n|upkeep\n|turn|4\n|\n|t:|1700506939\n|-terastallize|p1a: Ogerpon|Water\n|detailschange|p1a: Ogerpon|Ogerpon-Wellspring-Tera, F, tera:Water\n|-ability|p1a: Ogerpon|Embody Aspect (Wellspring)|boost\n|-boost|p1a: Ogerpon|spd|1\n|move|p2a: Tornado|Air Slash|p1a: Ogerpon\n|-damage|p1a: Ogerpon|47\/100\n|move|p1a: Ogerpon|Ivy Cudgel|p2a: Tornado|[anim] Ivy Cudgel Water\n|-damage|p2a: Tornado|0 fnt\n|faint|p2a: Tornado\n|\n|upkeep\n|\n|t:|1700506957\n|switch|p2a: Dice|Garchomp, M, shiny|100\/100\n|turn|5\n|\n|t:|1700506962\n|move|p1a: Ogerpon|Ivy Cudgel|p2a: Dice|[anim] Ivy Cudgel Water\n|-damage|p2a: Dice|19\/100\n|move|p2a: Dice|Scale Shot|p1a: Ogerpon\n|-damage|p1a: Ogerpon|30\/100\n|-damage|p1a: Ogerpon|14\/100\n|-damage|p1a: Ogerpon|0 fnt\n|faint|p1a: Ogerpon\n|-hitcount|p1: Ogerpon|3\n|-unboost|p2a: Dice|def|1\n|-boost|p2a: Dice|spe|1\n|\n|upkeep\n|\n|t:|1700506968\n|switch|p1a: Rillaboom|Rillaboom, M|100\/100\n|-activate|p1a: Rillaboom|move: Sticky Web\n|-unboost|p1a: Rillaboom|spe|1\n|-fieldstart|move: Grassy Terrain|[from] ability: Grassy Surge|[of] p1a: Rillaboom\n|turn|6\n|\n|t:|1700506978\n|move|p1a: Rillaboom|Grassy Glide|p2a: Dice\n|-damage|p2a: Dice|0 fnt\n|-damage|p1a: Rillaboom|88\/100|[from] ability: Rough Skin|[of] p2a: Dice\n|faint|p2a: Dice\n|\n|-heal|p1a: Rillaboom|94\/100|[from] Grassy Terrain\n|upkeep\n|\n|t:|1700506985\n|switch|p2a: Marihuana|Torkoal, F|100\/100\n|-weather|SunnyDay|[from] ability: Drought|[of] p2a: Marihuana\n|turn|7\n|\n|t:|1700506991\n|switch|p1a: Chandelure|Chandelure, F|100\/100\n|-activate|p1a: Chandelure|move: Sticky Web\n|-unboost|p1a: Chandelure|spe|1\n|move|p2a: Marihuana|Stealth Rock|p1a: Chandelure\n|-sidestart|p1: 273_Kalstor|move: Stealth Rock\n|\n|-weather|SunnyDay|[upkeep]\n|upkeep\n|turn|8\n|\n|t:|1700507001\n|move|p1a: Chandelure|Shadow Ball|p2a: Marihuana\n|-damage|p2a: Marihuana|54\/100\n|move|p2a: Marihuana|Yawn|p1a: Chandelure\n|-start|p1a: Chandelure|move: Yawn|[of] p2a: Marihuana\n|\n|-weather|SunnyDay|[upkeep]\n|-heal|p2a: Marihuana|60\/100|[from] Grassy Terrain\n|upkeep\n|turn|9\n|\n|t:|1700507009\n|switch|p1a: Great Tusk|Great Tusk|100\/100\n|-activate|p1a: Great Tusk|move: Sticky Web\n|-unboost|p1a: Great Tusk|spe|1\n|-damage|p1a: Great Tusk|98\/100|[from] Stealth Rock\n|-activate|p1a: Great Tusk|ability: Protosynthesis\n|-start|p1a: Great Tusk|protosynthesisatk\n|move|p2a: Marihuana|Will-O-Wisp|p1a: Great Tusk\n|-status|p1a: Great Tusk|brn\n|\n|-weather|SunnyDay|[upkeep]\n|-heal|p1a: Great Tusk|100\/100 brn|[from] Grassy Terrain\n|-heal|p2a: Marihuana|66\/100|[from] Grassy Terrain\n|-damage|p1a: Great Tusk|94\/100 brn|[from] brn\n|upkeep\n|turn|10\n|\n|t:|1700507024\n|move|p1a: Great Tusk|Headlong Rush|p2a: Marihuana\n|-supereffective|p2a: Marihuana\n|-damage|p2a: Marihuana|0 fnt\n|-unboost|p1a: Great Tusk|def|1\n|-unboost|p1a: Great Tusk|spd|1\n|faint|p2a: Marihuana\n|\n|-weather|SunnyDay|[upkeep]\n|-heal|p1a: Great Tusk|100\/100 brn|[from] Grassy Terrain\n|-damage|p1a: Great Tusk|94\/100 brn|[from] brn\n|-fieldend|move: Grassy Terrain\n|upkeep\n|\n|t:|1700507033\n|switch|p2a: Swords Dance|Lucario, M|100\/100\n|turn|11\n|\n|t:|1700507037\n|move|p2a: Swords Dance|Swords Dance|p2a: Swords Dance\n|-boost|p2a: Swords Dance|atk|2\n|move|p1a: Great Tusk|Rapid Spin|p2a: Swords Dance\n|-resisted|p2a: Swords Dance\n|-damage|p2a: Swords Dance|91\/100\n|-boost|p1a: Great Tusk|spe|1\n|-sideend|p1: 273_Kalstor|Stealth Rock|[from] move: Rapid Spin|[of] p1a: Great Tusk\n|-sideend|p1: 273_Kalstor|Sticky Web|[from] move: Rapid Spin|[of] p1a: Great Tusk\n|\n|-weather|SunnyDay|[upkeep]\n|-damage|p1a: Great Tusk|88\/100 brn|[from] brn\n|upkeep\n|turn|12\n|\n|t:|1700507051\n|-terastallize|p2a: Swords Dance|Normal\n|move|p2a: Swords Dance|Extreme Speed|p1a: Great Tusk\n|-damage|p1a: Great Tusk|17\/100 brn\n|move|p1a: Great Tusk|Headlong Rush|p2a: Swords Dance\n|-damage|p2a: Swords Dance|23\/100\n|-unboost|p1a: Great Tusk|def|1\n|-unboost|p1a: Great Tusk|spd|1\n|\n|-weather|SunnyDay|[upkeep]\n|-damage|p1a: Great Tusk|10\/100 brn|[from] brn\n|upkeep\n|turn|13\n|\n|t:|1700507066\n|move|p2a: Swords Dance|Bullet Punch|p1a: Great Tusk\n|-damage|p1a: Great Tusk|0 fnt\n|faint|p1a: Great Tusk\n|-end|p1a: Great Tusk|Protosynthesis|[silent]\n|\n|-weather|SunnyDay|[upkeep]\n|upkeep\n|\n|t:|1700507068\n|switch|p1a: Torkoal|Torkoal, M|100\/100\n|turn|14\n|\n|t:|1700507074\n|move|p2a: Swords Dance|Extreme Speed|p1a: Torkoal\n|-crit|p1a: Torkoal\n|-damage|p1a: Torkoal|16\/100\n|move|p1a: Torkoal|Flamethrower|p2a: Swords Dance\n|-damage|p2a: Swords Dance|0 fnt\n|faint|p2a: Swords Dance\n|\n|-weather|none\n|upkeep\n|\n|t:|1700507082\n|switch|p2a: OVERDOSE|Kingambit, M|100\/100\n|-activate|p2a: OVERDOSE|ability: Supreme Overlord\n|-start|p2a: OVERDOSE|fallen5|[silent]\n|turn|15\n|\n|t:|1700507089\n|move|p2a: OVERDOSE|Iron Head|p1a: Torkoal\n|-resisted|p1a: Torkoal\n|-damage|p1a: Torkoal|0 fnt\n|faint|p1a: Torkoal\n|\n|upkeep\n|\n|t:|1700507091\n|switch|p1a: Chandelure|Chandelure, F|100\/100\n|turn|16\n|\n|t:|1700507098\n|move|p2a: OVERDOSE|Sucker Punch|p1a: Chandelure\n|-supereffective|p1a: Chandelure\n|-damage|p1a: Chandelure|0 fnt\n|faint|p1a: Chandelure\n|\n|upkeep\n|\n|t:|1700507100\n|switch|p1a: Rillaboom|Rillaboom, M|94\/100\n|-fieldstart|move: Grassy Terrain|[from] ability: Grassy Surge|[of] p1a: Rillaboom\n|turn|17\n|\n|t:|1700507106\n|move|p2a: OVERDOSE|Sucker Punch||[still]\n|-fail|p2a: OVERDOSE\n|move|p1a: Rillaboom|Leech Seed|p2a: OVERDOSE\n|-start|p2a: OVERDOSE|move: Leech Seed\n|\n|-heal|p1a: Rillaboom|100\/100|[from] Grassy Terrain\n|-damage|p2a: OVERDOSE|88\/100|[from] Leech Seed|[of] p1a: Rillaboom\n|upkeep\n|turn|18\n|\n|t:|1700507114\n|switch|p1a: Zapdos|Zapdos|100\/100\n|move|p2a: OVERDOSE|Sucker Punch||[still]\n|-fail|p2a: OVERDOSE\n|\n|-heal|p2a: OVERDOSE|94\/100|[from] Grassy Terrain\n|-damage|p2a: OVERDOSE|82\/100|[from] Leech Seed|[of] p1a: Zapdos\n|upkeep\n|turn|19\n|\n|t:|1700507122\n|switch|p1a: Rillaboom|Rillaboom, M|100\/100\n|move|p2a: OVERDOSE|Sucker Punch||[still]\n|-fail|p2a: OVERDOSE\n|\n|-heal|p2a: OVERDOSE|88\/100|[from] Grassy Terrain\n|-damage|p2a: OVERDOSE|76\/100|[from] Leech Seed|[of] p1a: Rillaboom\n|upkeep\n|turn|20\n|\n|t:|1700507128\n|move|p1a: Rillaboom|U-turn|p2a: OVERDOSE\n|-damage|p2a: OVERDOSE|57\/100\n|\n|t:|1700507130\n|switch|p1a: Zapdos|Zapdos|100\/100|[from] U-turn\n|move|p2a: OVERDOSE|Swords Dance|p2a: OVERDOSE\n|-boost|p2a: OVERDOSE|atk|2\n|\n|-heal|p2a: OVERDOSE|63\/100|[from] Grassy Terrain\n|-damage|p2a: OVERDOSE|51\/100|[from] Leech Seed|[of] p1a: Zapdos\n|upkeep\n|turn|21\n|\n|t:|1700507141\n|switch|p1a: Rillaboom|Rillaboom, M|100\/100\n|move|p2a: OVERDOSE|Sucker Punch||[still]\n|-fail|p2a: OVERDOSE\n|\n|-heal|p2a: OVERDOSE|57\/100|[from] Grassy Terrain\n|-damage|p2a: OVERDOSE|45\/100|[from] Leech Seed|[of] p1a: Rillaboom\n|-fieldend|move: Grassy Terrain\n|upkeep\n|turn|22\n|\n|t:|1700507151\n|move|p1a: Rillaboom|U-turn|p2a: OVERDOSE\n|-damage|p2a: OVERDOSE|25\/100\n|\n|t:|1700507153\n|switch|p1a: Zapdos|Zapdos|100\/100|[from] U-turn\n|move|p2a: OVERDOSE|Iron Head|p1a: Zapdos\n|-resisted|p1a: Zapdos\n|-damage|p1a: Zapdos|40\/100\n|\n|-damage|p2a: OVERDOSE|13\/100|[from] Leech Seed|[of] p1a: Zapdos\n|-heal|p1a: Zapdos|51\/100|[silent]\n|upkeep\n|turn|23\n|\n|t:|1700507162\n|move|p1a: Zapdos|Discharge|p2a: OVERDOSE\n|-damage|p2a: OVERDOSE|0 fnt\n|faint|p2a: OVERDOSE\n|-end|p2a: OVERDOSE|fallen5|[silent]\n|\n|win|273_Kalstor\n|raw|273_Kalstor's rating: 1103 &rarr; <strong>1123<\/strong><br \/>(+20 for winning)\n|raw|koodagameplay's rating: 1037 &rarr; <strong>1024<\/strong><br \/>(-13 for losing)\n|c|\u2606koodagameplay|gg\n|c|\u2606273_Kalstor|Gg\n|l|\u2606koodagameplay\n|c|\u2606273_Kalstor|Ngl was scared of that gambit\n","uploadtime":1700507419,"views":19,"p1id":"273kalstor","p2id":"koodagameplay","formatid":"gen9ou","rating":1024,"private":0,"password":""}