{"id":"gen9ou-1997333403","p1":"nell_bells","p2":"Docter_Peng99","format":"[Gen 9] OU","log":"|j|\u2606nell_bells\n|j|\u2606Docter_Peng99\n|t:|1700790642\n|gametype|singles\n|player|p1|nell_bells|marley|1378\n|player|p2|Docter_Peng99|larry|1327\n|teamsize|p1|6\n|teamsize|p2|6\n|gen|9\n|tier|[Gen 9] OU\n|rated|\n|rule|Sleep Clause Mod: Limit one foe put to sleep\n|rule|Species Clause: Limit one of each Pok\u00e9mon\n|rule|OHKO Clause: OHKO moves are banned\n|rule|Evasion Items Clause: Evasion items are banned\n|rule|Evasion Moves Clause: Evasion moves are banned\n|rule|Endless Battle Clause: Forcing endless battles is banned\n|rule|HP Percentage Mod: HP is shown in percentages\n|clearpoke\n|poke|p1|Ogerpon-Wellspring, F|\n|poke|p1|Iron Moth|\n|poke|p1|Corviknight, F|\n|poke|p1|Hatterene, F|\n|poke|p1|Kingambit, F|\n|poke|p1|Walking Wake|\n|poke|p2|Garganacl, M|\n|poke|p2|Great Tusk|\n|poke|p2|Iron Moth|\n|poke|p2|Iron Valiant|\n|poke|p2|Dragapult, M|\n|poke|p2|Kingambit, M|\n|teampreview\n|inactive|Battle timer is ON: inactive players will automatically lose when time's up. (requested by nell_bells)\n|\n|t:|1700790649\n|start\n|switch|p1a: Iron Moth|Iron Moth|100\/100\n|switch|p2a: Solarflare|Iron Moth|100\/100\n|-enditem|p2a: Solarflare|Booster Energy\n|-activate|p2a: Solarflare|ability: Quark Drive|[fromitem]\n|-start|p2a: Solarflare|quarkdrivespe\n|turn|1\n|\n|t:|1700790670\n|move|p2a: Solarflare|Fiery Dance|p1a: Iron Moth\n|-resisted|p1a: Iron Moth\n|-damage|p1a: Iron Moth|78\/100\n|-boost|p2a: Solarflare|spa|1\n|move|p1a: Iron Moth|Sludge Wave|p2a: Solarflare\n|-resisted|p2a: Solarflare\n|-damage|p2a: Solarflare|70\/100\n|\n|upkeep\n|turn|2\n|l|\u2606Docter_Peng99\n|inactive|Docter_Peng99 disconnected and has a minute to reconnect!\n|player|p2|\n|j|\u2606Docter_Peng99\n|inactive|Docter_Peng99 reconnected and has 145 seconds left.\n|player|p2|Docter_Peng99|larry\n|\n|t:|1700790684\n|move|p2a: Solarflare|Fiery Dance|p1a: Iron Moth\n|-resisted|p1a: Iron Moth\n|-damage|p1a: Iron Moth|44\/100\n|-boost|p2a: Solarflare|spa|1\n|move|p1a: Iron Moth|Sludge Wave|p2a: Solarflare\n|-resisted|p2a: Solarflare\n|-damage|p2a: Solarflare|40\/100\n|\n|upkeep\n|turn|3\n|\n|t:|1700790692\n|move|p2a: Solarflare|Sludge Wave|p1a: Iron Moth\n|-resisted|p1a: Iron Moth\n|-damage|p1a: Iron Moth|0 fnt\n|faint|p1a: Iron Moth\n|-end|p1a: Iron Moth|Quark Drive|[silent]\n|\n|upkeep\n|\n|t:|1700790704\n|switch|p1a: Kingambit|Kingambit, F|100\/100\n|-activate|p1a: Kingambit|ability: Supreme Overlord\n|-start|p1a: Kingambit|fallen1|[silent]\n|turn|4\n|\n|t:|1700790713\n|move|p1a: Kingambit|Sucker Punch||[still]\n|-fail|p1a: Kingambit\n|move|p2a: Solarflare|Substitute|p2a: Solarflare\n|-start|p2a: Solarflare|Substitute\n|-damage|p2a: Solarflare|15\/100\n|\n|upkeep\n|turn|5\n|inactive|nell_bells has 120 seconds left.\n|\n|t:|1700790740\n|-end|p1a: Kingambit|fallen1|[silent]\n|switch|p1a: Walking Wake|Walking Wake|100\/100\n|move|p2a: Solarflare|Fiery Dance|p1a: Walking Wake\n|-resisted|p1a: Walking Wake\n|-damage|p1a: Walking Wake|79\/100\n|\n|upkeep\n|turn|6\n|\n|t:|1700790746\n|move|p2a: Solarflare|Sludge Wave|p1a: Walking Wake\n|-damage|p1a: Walking Wake|0 fnt\n|faint|p1a: Walking Wake\n|-end|p1a: Walking Wake|Protosynthesis|[silent]\n|\n|upkeep\n|\n|t:|1700790751\n|switch|p1a: Ogerpon|Ogerpon-Wellspring, F|100\/100\n|turn|7\n|\n|t:|1700790763\n|-terastallize|p1a: Ogerpon|Water\n|detailschange|p1a: Ogerpon|Ogerpon-Wellspring-Tera, F, tera:Water\n|-ability|p1a: Ogerpon|Embody Aspect (Wellspring)|boost\n|-boost|p1a: Ogerpon|spd|1\n|move|p2a: Solarflare|Sludge Wave|p1a: Ogerpon\n|-damage|p1a: Ogerpon|26\/100\n|move|p1a: Ogerpon|Ivy Cudgel|p2a: Solarflare|[anim] Ivy Cudgel Water\n|-supereffective|p2a: Solarflare\n|-end|p2a: Solarflare|Substitute\n|\n|upkeep\n|turn|8\n|\n|t:|1700790769\n|move|p2a: Solarflare|Energy Ball|p1a: Ogerpon\n|-supereffective|p1a: Ogerpon\n|-damage|p1a: Ogerpon|0 fnt\n|faint|p1a: Ogerpon\n|\n|upkeep\n|\n|t:|1700790772\n|switch|p1a: Kingambit|Kingambit, F|100\/100\n|-activate|p1a: Kingambit|ability: Supreme Overlord\n|-start|p1a: Kingambit|fallen3|[silent]\n|turn|9\n|\n|t:|1700790782\n|move|p2a: Solarflare|Fiery Dance|p1a: Kingambit\n|-supereffective|p1a: Kingambit\n|-damage|p1a: Kingambit|0 fnt\n|-boost|p2a: Solarflare|spa|1\n|faint|p1a: Kingambit\n|-end|p1a: Kingambit|fallen3|[silent]\n|\n|upkeep\n|-message|nell_bells forfeited.\n|\n|win|Docter_Peng99\n|raw|nell_bells's rating: 1378 &rarr; <strong>1355<\/strong><br \/>(-23 for losing)\n|raw|Docter_Peng99's rating: 1327 &rarr; <strong>1350<\/strong><br \/>(+23 for winning)\n|l|\u2606nell_bells\n","uploadtime":1700790811,"views":4,"p1id":"nellbells","p2id":"docterpeng99","formatid":"gen9ou","rating":1350,"private":0,"password":""}