{"id":"gen9ou-1988505881","p1":"t114514","p2":"ARFALA","format":"[Gen 9] OU","log":"|j|\u2606t114514\n|j|\u2606ARFALA\n|t:|1699730187\n|gametype|singles\n|player|p1|t114514|norman|\n|player|p2|ARFALA|pokemonbreederf-gen4|\n|teamsize|p1|6\n|teamsize|p2|6\n|gen|9\n|tier|[Gen 9] OU\n|rule|Sleep Clause Mod: Limit one foe put to sleep\n|rule|Species Clause: Limit one of each Pok\u00e9mon\n|rule|OHKO Clause: OHKO moves are banned\n|rule|Evasion Items Clause: Evasion items are banned\n|rule|Evasion Moves Clause: Evasion moves are banned\n|rule|Endless Battle Clause: Forcing endless battles is banned\n|rule|HP Percentage Mod: HP is shown in percentages\n|clearpoke\n|poke|p1|Gliscor, F|\n|poke|p1|Great Tusk|\n|poke|p1|Landorus-Therian, M|\n|poke|p1|Clodsire, M|\n|poke|p1|Ursaluna, F|\n|poke|p1|Sandy Shocks|\n|poke|p2|Moltres|\n|poke|p2|Rotom-Heat|\n|poke|p2|Talonflame, F|\n|poke|p2|Charizard, F|\n|poke|p2|Ceruledge, F|\n|poke|p2|Skeledirge, F|\n|teampreview\n|\n|t:|1699730204\n|start\n|switch|p1a: Clodsire|Clodsire, M|100\/100\n|switch|p2a: Ceruledge|Ceruledge, F|100\/100\n|turn|1\n|\n|t:|1699730214\n|move|p2a: Ceruledge|Swords Dance|p2a: Ceruledge\n|-boost|p2a: Ceruledge|atk|2\n|move|p1a: Clodsire|Stealth Rock|p2a: Ceruledge\n|-sidestart|p2: ARFALA|move: Stealth Rock\n|\n|upkeep\n|turn|2\n|\n|t:|1699730222\n|move|p2a: Ceruledge|Swords Dance|p2a: Ceruledge\n|-boost|p2a: Ceruledge|atk|2\n|move|p1a: Clodsire|Curse|p1a: Clodsire\n|-unboost|p1a: Clodsire|spe|1\n|-boost|p1a: Clodsire|atk|1\n|-boost|p1a: Clodsire|def|1\n|\n|upkeep\n|turn|3\n|\n|t:|1699730229\n|move|p2a: Ceruledge|Swords Dance|p2a: Ceruledge\n|-boost|p2a: Ceruledge|atk|2\n|move|p1a: Clodsire|Curse|p1a: Clodsire\n|-unboost|p1a: Clodsire|spe|1\n|-boost|p1a: Clodsire|atk|1\n|-boost|p1a: Clodsire|def|1\n|\n|upkeep\n|turn|4\n|\n|t:|1699730240\n|move|p2a: Ceruledge|Close Combat|p1a: Clodsire\n|-resisted|p1a: Clodsire\n|-damage|p1a: Clodsire|92\/100\n|-unboost|p2a: Ceruledge|def|1\n|-unboost|p2a: Ceruledge|spd|1\n|move|p1a: Clodsire|High Horsepower|p2a: Ceruledge\n|-supereffective|p2a: Ceruledge\n|-enditem|p2a: Ceruledge|Focus Sash\n|-damage|p2a: Ceruledge|1\/100\n|-ability|p2a: Ceruledge|Weak Armor|boost\n|-unboost|p2a: Ceruledge|def|1\n|-boost|p2a: Ceruledge|spe|2\n|\n|-heal|p1a: Clodsire|99\/100|[from] item: Leftovers\n|upkeep\n|turn|5\n|\n|t:|1699730257\n|move|p2a: Ceruledge|Shadow Sneak|p1a: Clodsire\n|-damage|p1a: Clodsire|90\/100\n|move|p1a: Clodsire|High Horsepower|p2a: Ceruledge\n|-supereffective|p2a: Ceruledge\n|-damage|p2a: Ceruledge|0 fnt\n|faint|p2a: Ceruledge\n|\n|-heal|p1a: Clodsire|96\/100|[from] item: Leftovers\n|upkeep\n|\n|t:|1699730271\n|switch|p2a: Moltres|Moltres|100\/100\n|turn|6\n|\n|t:|1699730288\n|switch|p1a: Sandy Shocks|Sandy Shocks|100\/100\n|-enditem|p1a: Sandy Shocks|Booster Energy\n|-activate|p1a: Sandy Shocks|ability: Protosynthesis|[fromitem]\n|-start|p1a: Sandy Shocks|protosynthesisspa\n|move|p2a: Moltres|Will-O-Wisp|p1a: Sandy Shocks\n|-status|p1a: Sandy Shocks|brn\n|\n|-damage|p1a: Sandy Shocks|94\/100 brn|[from] brn\n|upkeep\n|turn|7\n|\n|t:|1699730309\n|move|p1a: Sandy Shocks|Thunderbolt|p2a: Moltres\n|-supereffective|p2a: Moltres\n|-damage|p2a: Moltres|0 fnt\n|faint|p2a: Moltres\n|\n|-damage|p1a: Sandy Shocks|88\/100 brn|[from] brn\n|upkeep\n|\n|t:|1699730318\n|switch|p2a: Skeledirge|Skeledirge, F|100\/100\n|turn|8\n|c|\u2606t114514|\u56db\u4e2a\u706b\u98de\u6ca1\u7ef7\u4f4f\n|\n|t:|1699730336\n|-terastallize|p2a: Skeledirge|Grass\n|move|p1a: Sandy Shocks|Earth Power|p2a: Skeledirge\n|-resisted|p2a: Skeledirge\n|-damage|p2a: Skeledirge|79\/100\n|-unboost|p2a: Skeledirge|spd|1\n|move|p2a: Skeledirge|Hex|p1a: Sandy Shocks\n|-damage|p1a: Sandy Shocks|23\/100 brn\n|\n|-damage|p1a: Sandy Shocks|17\/100 brn|[from] brn\n|upkeep\n|turn|9\n|\n|t:|1699730357\n|switch|p2a: Rotom|Rotom-Heat|100\/100\n|move|p1a: Sandy Shocks|Volt Switch|p2a: Rotom\n|-resisted|p2a: Rotom\n|-damage|p2a: Rotom|82\/100\n|\n|t:|1699730397\n|-end|p1a: Sandy Shocks|Protosynthesis|[silent]\n|switch|p1a: Landorus|Landorus-Therian, M|100\/100|[from] Volt Switch\n|-ability|p1a: Landorus|Intimidate|boost\n|-unboost|p2a: Rotom|atk|1\n|\n|upkeep\n|turn|10\n|\n|t:|1699730409\n|move|p1a: Landorus|Rock Slide|p2a: Rotom\n|-supereffective|p2a: Rotom\n|-crit|p2a: Rotom\n|-damage|p2a: Rotom|0 fnt\n|faint|p2a: Rotom\n|\n|upkeep\n|c|\u2606ARFALA|6\n|\n|t:|1699730422\n|switch|p2a: Talonflame|Talonflame, F|100\/100\n|turn|11\n|\n|t:|1699730430\n|move|p2a: Talonflame|Will-O-Wisp|p1a: Landorus\n|-status|p1a: Landorus|brn\n|move|p1a: Landorus|Rock Slide|p2a: Talonflame\n|-supereffective|p2a: Talonflame\n|-damage|p2a: Talonflame|44\/100\n|\n|-damage|p1a: Landorus|95\/100 brn|[from] brn\n|upkeep\n|turn|12\n|\n|t:|1699730440\n|move|p2a: Talonflame|Roost|p2a: Talonflame\n|-heal|p2a: Talonflame|94\/100\n|-singleturn|p2a: Talonflame|move: Roost\n|move|p1a: Landorus|Rock Slide|p2a: Talonflame\n|-supereffective|p2a: Talonflame\n|-damage|p2a: Talonflame|65\/100\n|\n|-damage|p1a: Landorus|89\/100 brn|[from] brn\n|upkeep\n|turn|13\n|\n|t:|1699730457\n|move|p2a: Talonflame|Roost|p2a: Talonflame\n|-heal|p2a: Talonflame|100\/100\n|-singleturn|p2a: Talonflame|move: Roost\n|move|p1a: Landorus|Earthquake|p2a: Talonflame\n|-supereffective|p2a: Talonflame\n|-damage|p2a: Talonflame|44\/100\n|\n|-damage|p1a: Landorus|83\/100 brn|[from] brn\n|upkeep\n|turn|14\n|\n|t:|1699730466\n|move|p2a: Talonflame|Roost|p2a: Talonflame\n|-heal|p2a: Talonflame|94\/100\n|-singleturn|p2a: Talonflame|move: Roost\n|move|p1a: Landorus|Rock Slide|p2a: Talonflame\n|-supereffective|p2a: Talonflame\n|-damage|p2a: Talonflame|65\/100\n|\n|-damage|p1a: Landorus|77\/100 brn|[from] brn\n|upkeep\n|turn|15\n|\n|t:|1699730479\n|move|p2a: Talonflame|Air Slash|p1a: Landorus\n|-damage|p1a: Landorus|59\/100 brn\n|cant|p1a: Landorus|flinch\n|\n|-damage|p1a: Landorus|53\/100 brn|[from] brn\n|upkeep\n|turn|16\n|\n|t:|1699730499\n|move|p2a: Talonflame|Air Slash|p1a: Landorus\n|-damage|p1a: Landorus|35\/100 brn\n|move|p1a: Landorus|Rock Slide|p2a: Talonflame\n|-supereffective|p2a: Talonflame\n|-damage|p2a: Talonflame|4\/100\n|\n|-damage|p1a: Landorus|29\/100 brn|[from] brn\n|upkeep\n|turn|17\n|\n|t:|1699730511\n|move|p2a: Talonflame|Roost|p2a: Talonflame\n|-heal|p2a: Talonflame|54\/100\n|-singleturn|p2a: Talonflame|move: Roost\n|move|p1a: Landorus|Rock Slide|p2a: Talonflame\n|-supereffective|p2a: Talonflame\n|-damage|p2a: Talonflame|29\/100\n|\n|-damage|p1a: Landorus|23\/100 brn|[from] brn\n|upkeep\n|turn|18\n|\n|t:|1699730520\n|move|p2a: Talonflame|Roost|p2a: Talonflame\n|-heal|p2a: Talonflame|79\/100\n|-singleturn|p2a: Talonflame|move: Roost\n|move|p1a: Landorus|Earthquake|p2a: Talonflame\n|-supereffective|p2a: Talonflame\n|-damage|p2a: Talonflame|25\/100\n|\n|-damage|p1a: Landorus|17\/100 brn|[from] brn\n|upkeep\n|turn|19\n|\n|t:|1699730544\n|move|p2a: Talonflame|Air Slash|p1a: Landorus\n|-damage|p1a: Landorus|0 fnt\n|faint|p1a: Landorus\n|\n|upkeep\n|\n|t:|1699730554\n|switch|p1a: Ursaluna|Ursaluna, F|100\/100\n|turn|20\n|\n|t:|1699730572\n|move|p2a: Talonflame|Will-O-Wisp|p1a: Ursaluna\n|-status|p1a: Ursaluna|brn\n|move|p1a: Ursaluna|Double-Edge|p2a: Talonflame\n|-damage|p2a: Talonflame|0 fnt\n|faint|p2a: Talonflame\n|-damage|p1a: Ursaluna|94\/100 brn|[from] Recoil\n|\n|-heal|p1a: Ursaluna|100\/100 brn|[from] item: Leftovers\n|-damage|p1a: Ursaluna|94\/100 brn|[from] brn\n|upkeep\n|\n|t:|1699730579\n|switch|p2a: Charizard|Charizard, F|100\/100\n|turn|21\n|\n|t:|1699730589\n|move|p2a: Charizard|Focus Blast|p1a: Ursaluna\n|-supereffective|p1a: Ursaluna\n|-damage|p1a: Ursaluna|28\/100 brn\n|move|p1a: Ursaluna|Double-Edge|p2a: Charizard\n|-crit|p2a: Charizard\n|-damage|p2a: Charizard|0 fnt\n|faint|p2a: Charizard\n|-damage|p1a: Ursaluna|7\/100 brn|[from] Recoil\n|\n|-heal|p1a: Ursaluna|13\/100 brn|[from] item: Leftovers\n|-damage|p1a: Ursaluna|7\/100 brn|[from] brn\n|upkeep\n|\n|t:|1699730598\n|switch|p2a: Skeledirge|Skeledirge, F, tera:Grass|79\/100\n|turn|22\n|\n|t:|1699730606\n|move|p2a: Skeledirge|Slack Off|p2a: Skeledirge\n|-heal|p2a: Skeledirge|100\/100\n|move|p1a: Ursaluna|Double-Edge|p2a: Skeledirge\n|-damage|p2a: Skeledirge|7\/100\n|-damage|p1a: Ursaluna|0 fnt|[from] Recoil\n|faint|p1a: Ursaluna\n|\n|upkeep\n|\n|t:|1699730620\n|switch|p1a: Gliscor|Gliscor, F|100\/100\n|turn|23\n|\n|t:|1699730627\n|move|p1a: Gliscor|Substitute|p1a: Gliscor\n|-start|p1a: Gliscor|Substitute\n|-damage|p1a: Gliscor|76\/100\n|move|p2a: Skeledirge|Slack Off|p2a: Skeledirge\n|-heal|p2a: Skeledirge|57\/100\n|\n|-status|p1a: Gliscor|tox|[from] item: Toxic Orb\n|upkeep\n|turn|24\n|\n|t:|1699730638\n|move|p1a: Gliscor|Protect|p1a: Gliscor\n|-singleturn|p1a: Gliscor|Protect\n|move|p2a: Skeledirge|Slack Off|p2a: Skeledirge\n|-heal|p2a: Skeledirge|100\/100\n|\n|-heal|p1a: Gliscor|88\/100 tox|[from] ability: Poison Heal\n|upkeep\n|turn|25\n|\n|t:|1699730645\n|move|p1a: Gliscor|Dual Wingbeat|p2a: Skeledirge\n|-supereffective|p2a: Skeledirge\n|-damage|p2a: Skeledirge|80\/100\n|-supereffective|p2a: Skeledirge\n|-damage|p2a: Skeledirge|57\/100\n|-hitcount|p2a: Skeledirge|2\n|move|p2a: Skeledirge|Torch Song|p1a: Gliscor\n|-damage|p1a: Gliscor|53\/100 tox\n|-boost|p2a: Skeledirge|spa|1\n|\n|-heal|p1a: Gliscor|65\/100 tox|[from] ability: Poison Heal\n|upkeep\n|turn|26\n|\n|t:|1699730661\n|move|p1a: Gliscor|Dual Wingbeat|p2a: Skeledirge\n|-supereffective|p2a: Skeledirge\n|-damage|p2a: Skeledirge|36\/100\n|-supereffective|p2a: Skeledirge\n|-damage|p2a: Skeledirge|13\/100\n|-hitcount|p2a: Skeledirge|2\n|move|p2a: Skeledirge|Slack Off|p2a: Skeledirge\n|-heal|p2a: Skeledirge|63\/100\n|\n|-heal|p1a: Gliscor|78\/100 tox|[from] ability: Poison Heal\n|upkeep\n|turn|27\n|\n|t:|1699730673\n|move|p1a: Gliscor|Dual Wingbeat|p2a: Skeledirge|[miss]\n|-miss|p1a: Gliscor|p2a: Skeledirge\n|move|p2a: Skeledirge|Torch Song|p1a: Gliscor\n|-damage|p1a: Gliscor|25\/100 tox\n|-boost|p2a: Skeledirge|spa|1\n|\n|-heal|p1a: Gliscor|37\/100 tox|[from] ability: Poison Heal\n|upkeep\n|turn|28\n|\n|t:|1699730682\n|move|p1a: Gliscor|Dual Wingbeat|p2a: Skeledirge\n|-supereffective|p2a: Skeledirge\n|-damage|p2a: Skeledirge|39\/100\n|-supereffective|p2a: Skeledirge\n|-damage|p2a: Skeledirge|18\/100\n|-hitcount|p2a: Skeledirge|2\n|move|p2a: Skeledirge|Slack Off|p2a: Skeledirge\n|-heal|p2a: Skeledirge|68\/100\n|\n|-heal|p1a: Gliscor|49\/100 tox|[from] ability: Poison Heal\n|upkeep\n|turn|29\n|\n|t:|1699730693\n|move|p1a: Gliscor|Dual Wingbeat|p2a: Skeledirge\n|-supereffective|p2a: Skeledirge\n|-damage|p2a: Skeledirge|45\/100\n|-supereffective|p2a: Skeledirge\n|-damage|p2a: Skeledirge|21\/100\n|-hitcount|p2a: Skeledirge|2\n|move|p2a: Skeledirge|Torch Song|p1a: Gliscor\n|-damage|p1a: Gliscor|0 fnt\n|-boost|p2a: Skeledirge|spa|1\n|faint|p1a: Gliscor\n|\n|upkeep\n|\n|t:|1699730706\n|switch|p1a: Great Tusk|Great Tusk|100\/100\n|turn|30\n|\n|t:|1699730712\n|move|p1a: Great Tusk|Ice Spinner|p2a: Skeledirge\n|-supereffective|p2a: Skeledirge\n|-damage|p2a: Skeledirge|0 fnt\n|faint|p2a: Skeledirge\n|\n|win|t114514\n|l|\u2606ARFALA\n|c|\u2606t114514|\u7ecf\u5178\u51b0\u65cb\uff08\n","uploadtime":1699730745,"views":16,"p1id":"t114514","p2id":"arfala","formatid":"gen9ou","rating":0,"private":0,"password":""}