{"id":"gen9ou-1991407090","p1":"MrWashin","p2":"Roxss","format":"[Gen 9] OU","log":"|j|\u2606MrWashin\n|j|\u2606Roxss\n|t:|1700074496\n|gametype|singles\n|player|p1|MrWashin|brawly|1253\n|player|p2|Roxss|guitarist|1293\n|teamsize|p1|6\n|teamsize|p2|6\n|gen|9\n|tier|[Gen 9] OU\n|rated|\n|rule|Sleep Clause Mod: Limit one foe put to sleep\n|rule|Species Clause: Limit one of each Pok\u00e9mon\n|rule|OHKO Clause: OHKO moves are banned\n|rule|Evasion Items Clause: Evasion items are banned\n|rule|Evasion Moves Clause: Evasion moves are banned\n|rule|Endless Battle Clause: Forcing endless battles is banned\n|rule|HP Percentage Mod: HP is shown in percentages\n|clearpoke\n|poke|p1|Ting-Lu|\n|poke|p1|Brambleghast, M|\n|poke|p1|Gholdengo|\n|poke|p1|Alomomola, F|\n|poke|p1|Iron Valiant|\n|poke|p1|Zapdos|\n|poke|p2|Walking Wake|\n|poke|p2|Torkoal, F|\n|poke|p2|Great Tusk|\n|poke|p2|Hydreigon, F|\n|poke|p2|Skeledirge, F|\n|poke|p2|Glimmora, M|\n|teampreview\n|\n|t:|1700074506\n|start\n|switch|p1a: Ting-Lu|Ting-Lu|100\/100\n|switch|p2a: Sunny D light|Torkoal, F|100\/100\n|-ability|p1a: Ting-Lu|Vessel of Ruin\n|-weather|SunnyDay|[from] ability: Drought|[of] p2a: Sunny D light\n|turn|1\n|\n|t:|1700074518\n|move|p1a: Ting-Lu|Earthquake|p2a: Sunny D light\n|-supereffective|p2a: Sunny D light\n|-damage|p2a: Sunny D light|45\/100\n|move|p2a: Sunny D light|Solar Beam||[still]\n|-prepare|p2a: Sunny D light|Solar Beam\n|-anim|p2a: Sunny D light|Solar Beam|p1a: Ting-Lu\n|-supereffective|p1a: Ting-Lu\n|-damage|p1a: Ting-Lu|81\/100\n|\n|-weather|SunnyDay|[upkeep]\n|-heal|p1a: Ting-Lu|87\/100|[from] item: Leftovers\n|upkeep\n|turn|2\n|\n|t:|1700074532\n|move|p1a: Ting-Lu|Stealth Rock|p2a: Sunny D light\n|-sidestart|p2: Roxss|move: Stealth Rock\n|move|p2a: Sunny D light|Yawn|p1a: Ting-Lu\n|-start|p1a: Ting-Lu|move: Yawn|[of] p2a: Sunny D light\n|\n|-weather|SunnyDay|[upkeep]\n|-heal|p1a: Ting-Lu|93\/100|[from] item: Leftovers\n|upkeep\n|turn|3\n|\n|t:|1700074543\n|switch|p1a: Alomomola|Alomomola, F|100\/100\n|switch|p2a: Zazou|Hydreigon, F|100\/100\n|-damage|p2a: Zazou|88\/100|[from] Stealth Rock\n|\n|-weather|SunnyDay|[upkeep]\n|upkeep\n|turn|4\n|\n|t:|1700074553\n|-terastallize|p2a: Zazou|Electric\n|move|p2a: Zazou|Tera Blast|p1a: Alomomola|[anim] Tera Blast Electric\n|-supereffective|p1a: Alomomola\n|-damage|p1a: Alomomola|0 fnt\n|faint|p1a: Alomomola\n|\n|-weather|SunnyDay|[upkeep]\n|upkeep\n|\n|t:|1700074574\n|switch|p1a: Ting-Lu|Ting-Lu|93\/100\n|-ability|p1a: Ting-Lu|Vessel of Ruin\n|turn|5\n|\n|t:|1700074583\n|switch|p2a: Sunny D light|Torkoal, F|45\/100\n|-damage|p2a: Sunny D light|20\/100|[from] Stealth Rock\n|move|p1a: Ting-Lu|Spikes|p2a: Sunny D light\n|-sidestart|p2: Roxss|Spikes\n|\n|-weather|SunnyDay|[upkeep]\n|-heal|p1a: Ting-Lu|99\/100|[from] item: Leftovers\n|upkeep\n|turn|6\n|\n|t:|1700074593\n|move|p1a: Ting-Lu|Earthquake|p2a: Sunny D light\n|-supereffective|p2a: Sunny D light\n|-damage|p2a: Sunny D light|0 fnt\n|faint|p2a: Sunny D light\n|\n|-weather|SunnyDay|[upkeep]\n|-heal|p1a: Ting-Lu|100\/100|[from] item: Leftovers\n|upkeep\n|\n|t:|1700074600\n|switch|p2a: Ouga Taper|Great Tusk|100\/100\n|-damage|p2a: Ouga Taper|98\/100|[from] Stealth Rock\n|-damage|p2a: Ouga Taper|85\/100|[from] Spikes\n|-activate|p2a: Ouga Taper|ability: Protosynthesis\n|-start|p2a: Ouga Taper|protosynthesisatk\n|turn|7\n|\n|t:|1700074611\n|switch|p1a: Brambleghast|Brambleghast, M|100\/100\n|move|p2a: Ouga Taper|Rapid Spin|p1a: Brambleghast\n|-immune|p1a: Brambleghast\n|\n|-weather|SunnyDay|[upkeep]\n|-heal|p2a: Ouga Taper|91\/100|[from] item: Leftovers\n|upkeep\n|turn|8\n|\n|t:|1700074619\n|move|p1a: Brambleghast|Bullet Seed|p2a: Ouga Taper\n|-supereffective|p2a: Ouga Taper\n|-damage|p2a: Ouga Taper|72\/100\n|-supereffective|p2a: Ouga Taper\n|-damage|p2a: Ouga Taper|53\/100\n|-supereffective|p2a: Ouga Taper\n|-damage|p2a: Ouga Taper|34\/100\n|-supereffective|p2a: Ouga Taper\n|-damage|p2a: Ouga Taper|16\/100\n|-hitcount|p2a: Ouga Taper|4\n|move|p2a: Ouga Taper|Knock Off|p1a: Brambleghast\n|-supereffective|p1a: Brambleghast\n|-damage|p1a: Brambleghast|0 fnt\n|-enditem|p1a: Brambleghast|Loaded Dice|[from] move: Knock Off|[of] p2a: Ouga Taper\n|faint|p1a: Brambleghast\n|\n|-weather|none\n|-end|p2a: Ouga Taper|Protosynthesis\n|-heal|p2a: Ouga Taper|23\/100|[from] item: Leftovers\n|upkeep\n|\n|t:|1700074635\n|switch|p1a: Gholdengo|Gholdengo|100\/100\n|turn|9\n|\n|t:|1700074646\n|move|p1a: Gholdengo|Shadow Ball|p2a: Ouga Taper\n|-damage|p2a: Ouga Taper|0 fnt\n|faint|p2a: Ouga Taper\n|-end|p2a: Ouga Taper|Protosynthesis|[silent]\n|\n|upkeep\n|\n|t:|1700074684\n|switch|p2a: Le Bronz\u00e9|Walking Wake|100\/100\n|-damage|p2a: Le Bronz\u00e9|88\/100|[from] Stealth Rock\n|-damage|p2a: Le Bronz\u00e9|76\/100|[from] Spikes\n|turn|10\n|\n|t:|1700074694\n|switch|p1a: Zapdos|Zapdos|100\/100\n|move|p2a: Le Bronz\u00e9|Sunny Day|p2a: Le Bronz\u00e9\n|-weather|SunnyDay\n|-activate|p2a: Le Bronz\u00e9|ability: Protosynthesis\n|-start|p2a: Le Bronz\u00e9|protosynthesisspa\n|\n|-weather|SunnyDay|[upkeep]\n|upkeep\n|turn|11\n|\n|t:|1700074711\n|move|p2a: Le Bronz\u00e9|Hydro Steam|p1a: Zapdos\n|-damage|p1a: Zapdos|20\/100\n|move|p1a: Zapdos|Tailwind|p1a: Zapdos\n|-sidestart|p1: MrWashin|move: Tailwind\n|\n|-weather|SunnyDay|[upkeep]\n|upkeep\n|turn|12\n|\n|t:|1700074717\n|move|p1a: Zapdos|Volt Switch|p2a: Le Bronz\u00e9\n|-damage|p2a: Le Bronz\u00e9|30\/100\n|\n|t:|1700074724\n|switch|p1a: Gholdengo|Gholdengo|100\/100|[from] Volt Switch\n|move|p2a: Le Bronz\u00e9|Hydro Steam|p1a: Gholdengo\n|-damage|p1a: Gholdengo|12\/100\n|\n|-weather|SunnyDay|[upkeep]\n|upkeep\n|turn|13\n|\n|t:|1700074737\n|move|p1a: Gholdengo|Dazzling Gleam|p2a: Le Bronz\u00e9\n|-supereffective|p2a: Le Bronz\u00e9\n|-damage|p2a: Le Bronz\u00e9|0 fnt\n|faint|p2a: Le Bronz\u00e9\n|-end|p2a: Le Bronz\u00e9|Protosynthesis|[silent]\n|\n|-weather|SunnyDay|[upkeep]\n|upkeep\n|\n|t:|1700074749\n|switch|p2a: Boosted Hoop|Glimmora, M|100\/100\n|-damage|p2a: Boosted Hoop|88\/100|[from] Stealth Rock\n|-damage|p2a: Boosted Hoop|76\/100|[from] Spikes\n|turn|14\n|\n|t:|1700074757\n|switch|p1a: Ting-Lu|Ting-Lu|100\/100\n|-ability|p1a: Ting-Lu|Vessel of Ruin\n|move|p2a: Boosted Hoop|Earth Power|p1a: Ting-Lu\n|-damage|p1a: Ting-Lu|87\/100\n|\n|-weather|none\n|-heal|p1a: Ting-Lu|93\/100|[from] item: Leftovers\n|-sideend|p1: MrWashin|move: Tailwind\n|upkeep\n|turn|15\n|\n|t:|1700074767\n|move|p2a: Boosted Hoop|Mortal Spin|p1a: Ting-Lu\n|-resisted|p1a: Ting-Lu\n|-damage|p1a: Ting-Lu|92\/100\n|-status|p1a: Ting-Lu|psn\n|-sideend|p2: Roxss|Spikes|[from] move: Mortal Spin|[of] p2a: Boosted Hoop\n|-sideend|p2: Roxss|Stealth Rock|[from] move: Mortal Spin|[of] p2a: Boosted Hoop\n|move|p1a: Ting-Lu|Whirlwind|p2a: Boosted Hoop\n|drag|p2a: Zazou|Hydreigon, F, tera:Electric|88\/100\n|\n|-heal|p1a: Ting-Lu|98\/100 psn|[from] item: Leftovers\n|-damage|p1a: Ting-Lu|85\/100 psn|[from] psn\n|upkeep\n|turn|16\n|\n|t:|1700074792\n|move|p2a: Zazou|Flamethrower|p1a: Ting-Lu\n|-damage|p1a: Ting-Lu|71\/100 psn\n|move|p1a: Ting-Lu|Stealth Rock|p2a: Zazou\n|-sidestart|p2: Roxss|move: Stealth Rock\n|\n|-heal|p1a: Ting-Lu|77\/100 psn|[from] item: Leftovers\n|-damage|p1a: Ting-Lu|65\/100 psn|[from] psn\n|upkeep\n|turn|17\n|\n|t:|1700074801\n|move|p2a: Zazou|Flamethrower|p1a: Ting-Lu\n|-damage|p1a: Ting-Lu|50\/100 psn\n|move|p1a: Ting-Lu|Spikes|p2a: Zazou\n|-sidestart|p2: Roxss|Spikes\n|\n|-heal|p1a: Ting-Lu|56\/100 psn|[from] item: Leftovers\n|-damage|p1a: Ting-Lu|43\/100 psn|[from] psn\n|upkeep\n|turn|18\n|\n|t:|1700074809\n|move|p2a: Zazou|Flamethrower|p1a: Ting-Lu\n|-damage|p1a: Ting-Lu|29\/100 psn\n|move|p1a: Ting-Lu|Spikes|p2a: Zazou\n|-sidestart|p2: Roxss|Spikes\n|\n|-heal|p1a: Ting-Lu|35\/100 psn|[from] item: Leftovers\n|-damage|p1a: Ting-Lu|23\/100 psn|[from] psn\n|upkeep\n|turn|19\n|\n|t:|1700074816\n|move|p2a: Zazou|Flamethrower|p1a: Ting-Lu\n|-damage|p1a: Ting-Lu|10\/100 psn\n|move|p1a: Ting-Lu|Spikes|p2a: Zazou\n|-sidestart|p2: Roxss|Spikes\n|\n|-heal|p1a: Ting-Lu|16\/100 psn|[from] item: Leftovers\n|-damage|p1a: Ting-Lu|3\/100 psn|[from] psn\n|upkeep\n|turn|20\n|\n|t:|1700074823\n|move|p2a: Zazou|Flamethrower|p1a: Ting-Lu\n|-damage|p1a: Ting-Lu|0 fnt\n|faint|p1a: Ting-Lu\n|\n|upkeep\n|\n|t:|1700074837\n|switch|p1a: Iron Valiant|Iron Valiant|100\/100\n|-enditem|p1a: Iron Valiant|Booster Energy\n|-activate|p1a: Iron Valiant|ability: Quark Drive|[fromitem]\n|-start|p1a: Iron Valiant|quarkdrivespa\n|turn|21\n|\n|t:|1700074854\n|move|p2a: Zazou|Flamethrower|p1a: Iron Valiant\n|-damage|p1a: Iron Valiant|45\/100\n|move|p1a: Iron Valiant|Moonblast|p2a: Zazou\n|-damage|p2a: Zazou|18\/100\n|\n|upkeep\n|turn|22\n|\n|t:|1700074860\n|move|p2a: Zazou|Flamethrower|p1a: Iron Valiant\n|-damage|p1a: Iron Valiant|0 fnt\n|faint|p1a: Iron Valiant\n|-end|p1a: Iron Valiant|Quark Drive|[silent]\n|\n|upkeep\n|\n|t:|1700074862\n|switch|p1a: Gholdengo|Gholdengo|12\/100\n|turn|23\n|\n|t:|1700074866\n|move|p2a: Zazou|Flamethrower|p1a: Gholdengo\n|-supereffective|p1a: Gholdengo\n|-damage|p1a: Gholdengo|0 fnt\n|faint|p1a: Gholdengo\n|\n|upkeep\n|\n|t:|1700074867\n|switch|p1a: Zapdos|Zapdos|20\/100\n|turn|24\n|c|\u2606Roxss|gg\n|\n|t:|1700074873\n|move|p2a: Zazou|Flamethrower|p1a: Zapdos\n|-damage|p1a: Zapdos|0 fnt\n|faint|p1a: Zapdos\n|\n|win|Roxss\n|raw|MrWashin's rating: 1253 &rarr; <strong>1231<\/strong><br \/>(-22 for losing)\n|raw|Roxss's rating: 1293 &rarr; <strong>1315<\/strong><br \/>(+22 for winning)\n|l|\u2606MrWashin\n","uploadtime":1700074887,"views":10,"p1id":"mrwashin","p2id":"roxss","formatid":"gen9ou","rating":1231,"private":0,"password":""}