{"id":"gen9ou-1997650587","p1":"zigzagaan","p2":"mzlacay","format":"[Gen 9] OU","log":"|j|\u2606zigzagaan\n|j|\u2606mzlacay\n|t:|1700837599\n|gametype|singles\n|player|p1|zigzagaan|dragontamer|\n|player|p2|mzlacay|101|\n|teamsize|p1|6\n|teamsize|p2|6\n|gen|9\n|tier|[Gen 9] OU\n|rule|Sleep Clause Mod: Limit one foe put to sleep\n|rule|Species Clause: Limit one of each Pok\u00e9mon\n|rule|OHKO Clause: OHKO moves are banned\n|rule|Evasion Items Clause: Evasion items are banned\n|rule|Evasion Moves Clause: Evasion moves are banned\n|rule|Endless Battle Clause: Forcing endless battles is banned\n|rule|HP Percentage Mod: HP is shown in percentages\n|clearpoke\n|poke|p1|Sinistcha|\n|poke|p1|Iron Treads|\n|poke|p1|Clodsire, M|\n|poke|p1|Tornadus-Therian, M|\n|poke|p1|Jirachi|\n|poke|p1|Salamence, F|\n|poke|p2|Ogerpon-Wellspring, F|\n|poke|p2|Gholdengo|\n|poke|p2|Kingambit, M|\n|poke|p2|Zamazenta-*|\n|poke|p2|Enamorus, F|\n|poke|p2|Glimmora, M|\n|teampreview\n|\n|t:|1700837617\n|start\n|switch|p1a: Jirachi|Jirachi, shiny|100\/100\n|switch|p2a: Zamazenta|Zamazenta|100\/100\n|-ability|p2a: Zamazenta|Dauntless Shield|boost\n|-boost|p2a: Zamazenta|def|1\n|turn|1\n|\n|t:|1700837627\n|move|p1a: Jirachi|Trick|p2a: Zamazenta\n|-activate|p1a: Jirachi|move: Trick|[of] p2a: Zamazenta\n|-item|p2a: Zamazenta|Choice Scarf|[from] move: Trick\n|-item|p1a: Jirachi|Leftovers|[from] move: Trick\n|move|p2a: Zamazenta|Body Press|p1a: Jirachi\n|-damage|p1a: Jirachi|38\/100\n|\n|-heal|p1a: Jirachi|44\/100|[from] item: Leftovers\n|upkeep\n|turn|2\n|\n|t:|1700837678\n|switch|p2a: Kingambit|Kingambit, M|100\/100\n|switch|p1a: Sinistcha|Sinistcha|100\/100\n|\n|upkeep\n|turn|3\n|\n|t:|1700837703\n|switch|p1a: Iron Treads|Iron Treads|100\/100\n|move|p2a: Kingambit|Swords Dance|p2a: Kingambit\n|-boost|p2a: Kingambit|atk|2\n|\n|upkeep\n|turn|4\n|\n|t:|1700837721\n|move|p1a: Iron Treads|Earthquake|p2a: Kingambit\n|-supereffective|p2a: Kingambit\n|-damage|p2a: Kingambit|47\/100\n|move|p2a: Kingambit|Iron Head|p1a: Iron Treads\n|-resisted|p1a: Iron Treads\n|-damage|p1a: Iron Treads|67\/100\n|\n|-heal|p1a: Iron Treads|74\/100|[from] item: Leftovers\n|upkeep\n|turn|5\n|\n|t:|1700837733\n|move|p2a: Kingambit|Sucker Punch||[still]\n|-fail|p2a: Kingambit\n|move|p1a: Iron Treads|Stealth Rock|p2a: Kingambit\n|-sidestart|p2: mzlacay|move: Stealth Rock\n|\n|-heal|p1a: Iron Treads|80\/100|[from] item: Leftovers\n|upkeep\n|turn|6\n|\n|t:|1700837746\n|move|p2a: Kingambit|Sucker Punch||[still]\n|-fail|p2a: Kingambit\n|move|p1a: Iron Treads|Stealth Rock||[still]\n|-fail|p1a: Iron Treads\n|\n|-heal|p1a: Iron Treads|86\/100|[from] item: Leftovers\n|upkeep\n|turn|7\n|\n|t:|1700837750\n|move|p2a: Kingambit|Sucker Punch|p1a: Iron Treads\n|-damage|p1a: Iron Treads|28\/100\n|move|p1a: Iron Treads|Earthquake|p2a: Kingambit\n|-supereffective|p2a: Kingambit\n|-damage|p2a: Kingambit|0 fnt\n|faint|p2a: Kingambit\n|-end|p2a: Kingambit|fallenundefined|[silent]\n|\n|-heal|p1a: Iron Treads|35\/100|[from] item: Leftovers\n|upkeep\n|\n|t:|1700837766\n|switch|p2a: Ogerpon|Ogerpon-Wellspring, F|100\/100\n|-damage|p2a: Ogerpon|88\/100|[from] Stealth Rock\n|turn|8\n|\n|t:|1700837792\n|-end|p1a: Iron Treads|Quark Drive|[silent]\n|switch|p1a: Clodsire|Clodsire, M|100\/100\n|move|p2a: Ogerpon|Swords Dance|p2a: Ogerpon\n|-boost|p2a: Ogerpon|atk|2\n|\n|upkeep\n|turn|9\n|\n|t:|1700837820\n|move|p2a: Ogerpon|Ivy Cudgel|p1a: Clodsire|[anim] Ivy Cudgel Water\n|-immune|p1a: Clodsire|[from] ability: Water Absorb\n|move|p1a: Clodsire|Toxic|p2a: Ogerpon\n|-status|p2a: Ogerpon|tox\n|\n|-damage|p2a: Ogerpon|82\/100 tox|[from] psn\n|upkeep\n|turn|10\n|\n|t:|1700837830\n|move|p2a: Ogerpon|Encore|p1a: Clodsire\n|-start|p1a: Clodsire|Encore\n|move|p1a: Clodsire|Toxic|p2a: Ogerpon\n|-fail|p2a: Ogerpon|tox\n|\n|-damage|p2a: Ogerpon|70\/100 tox|[from] psn\n|upkeep\n|turn|11\n|\n|t:|1700837839\n|switch|p2a: Glimmora|Glimmora, M|100\/100\n|-damage|p2a: Glimmora|88\/100|[from] Stealth Rock\n|switch|p1a: Jirachi|Jirachi, shiny|44\/100\n|\n|-heal|p1a: Jirachi|50\/100|[from] item: Leftovers\n|upkeep\n|turn|12\n|\n|t:|1700837848\n|move|p1a: Jirachi|Iron Head|p2a: Glimmora\n|-supereffective|p2a: Glimmora\n|-damage|p2a: Glimmora|0 fnt\n|-activate|p2a: Glimmora|ability: Toxic Debris\n|-sidestart|p1: zigzagaan|move: Toxic Spikes\n|faint|p2a: Glimmora\n|\n|-heal|p1a: Jirachi|57\/100|[from] item: Leftovers\n|upkeep\n|\n|t:|1700837867\n|switch|p2a: Enamorus|Enamorus, F|100\/100\n|-damage|p2a: Enamorus|76\/100|[from] Stealth Rock\n|turn|13\n|\n|t:|1700837874\n|move|p2a: Enamorus|Earth Power|p1a: Jirachi\n|-supereffective|p1a: Jirachi\n|-damage|p1a: Jirachi|0 fnt\n|faint|p1a: Jirachi\n|\n|upkeep\n|\n|t:|1700837877\n|switch|p1a: Clodsire|Clodsire, M|100\/100\n|-sideend|p1: zigzagaan|move: Toxic Spikes|[of] p1a: Clodsire\n|turn|14\n|\n|t:|1700837888\n|move|p2a: Enamorus|Earth Power|p1a: Clodsire\n|-supereffective|p1a: Clodsire\n|-damage|p1a: Clodsire|66\/100\n|move|p1a: Clodsire|Spikes|p2a: Enamorus\n|-sidestart|p2: mzlacay|Spikes\n|\n|-heal|p1a: Clodsire|72\/100|[from] item: Leftovers\n|upkeep\n|turn|15\n|\n|t:|1700837892\n|move|p2a: Enamorus|Earth Power|p1a: Clodsire\n|-supereffective|p1a: Clodsire\n|-damage|p1a: Clodsire|40\/100\n|move|p1a: Clodsire|Spikes|p2a: Enamorus\n|-sidestart|p2: mzlacay|Spikes\n|\n|-heal|p1a: Clodsire|47\/100|[from] item: Leftovers\n|upkeep\n|turn|16\n|\n|t:|1700837898\n|move|p2a: Enamorus|Earth Power|p1a: Clodsire\n|-supereffective|p1a: Clodsire\n|-damage|p1a: Clodsire|13\/100\n|move|p1a: Clodsire|Recover|p1a: Clodsire\n|-heal|p1a: Clodsire|63\/100\n|\n|-heal|p1a: Clodsire|69\/100|[from] item: Leftovers\n|upkeep\n|turn|17\n|\n|t:|1700837903\n|move|p2a: Enamorus|Earth Power|p1a: Clodsire\n|-supereffective|p1a: Clodsire\n|-damage|p1a: Clodsire|34\/100\n|move|p1a: Clodsire|Recover|p1a: Clodsire\n|-heal|p1a: Clodsire|84\/100\n|\n|-heal|p1a: Clodsire|90\/100|[from] item: Leftovers\n|upkeep\n|turn|18\n|\n|t:|1700837906\n|move|p2a: Enamorus|Earth Power|p1a: Clodsire\n|-supereffective|p1a: Clodsire\n|-damage|p1a: Clodsire|56\/100\n|move|p1a: Clodsire|Spikes|p2a: Enamorus\n|-sidestart|p2: mzlacay|Spikes\n|\n|-heal|p1a: Clodsire|62\/100|[from] item: Leftovers\n|upkeep\n|turn|19\n|\n|t:|1700837915\n|move|p2a: Enamorus|Earth Power|p1a: Clodsire\n|-supereffective|p1a: Clodsire\n|-damage|p1a: Clodsire|27\/100\n|move|p1a: Clodsire|Recover|p1a: Clodsire\n|-heal|p1a: Clodsire|78\/100\n|\n|-heal|p1a: Clodsire|84\/100|[from] item: Leftovers\n|upkeep\n|turn|20\n|\n|t:|1700837919\n|move|p2a: Enamorus|Earth Power|p1a: Clodsire\n|-supereffective|p1a: Clodsire\n|-damage|p1a: Clodsire|47\/100\n|move|p1a: Clodsire|Toxic|p2a: Enamorus\n|-status|p2a: Enamorus|tox\n|\n|-heal|p1a: Clodsire|53\/100|[from] item: Leftovers\n|-damage|p2a: Enamorus|69\/100 tox|[from] psn\n|upkeep\n|turn|21\n|\n|t:|1700837923\n|move|p2a: Enamorus|Earth Power|p1a: Clodsire\n|-supereffective|p1a: Clodsire\n|-damage|p1a: Clodsire|18\/100\n|move|p1a: Clodsire|Recover|p1a: Clodsire\n|-heal|p1a: Clodsire|68\/100\n|\n|-heal|p1a: Clodsire|74\/100|[from] item: Leftovers\n|-damage|p2a: Enamorus|57\/100 tox|[from] psn\n|upkeep\n|turn|22\n|\n|t:|1700837929\n|switch|p1a: Tornadus|Tornadus-Therian, M|100\/100\n|move|p2a: Enamorus|Earth Power|p1a: Tornadus\n|-immune|p1a: Tornadus\n|\n|-damage|p2a: Enamorus|38\/100 tox|[from] psn\n|upkeep\n|turn|23\n|\n|t:|1700837964\n|switch|p2a: Gholdengo|Gholdengo|100\/100\n|-damage|p2a: Gholdengo|94\/100|[from] Stealth Rock\n|-item|p2a: Gholdengo|Air Balloon\n|move|p1a: Tornadus|Heat Wave|p2a: Gholdengo\n|-supereffective|p2a: Gholdengo\n|-damage|p2a: Gholdengo|27\/100\n|-enditem|p2a: Gholdengo|Air Balloon\n|\n|upkeep\n|turn|24\n|\n|t:|1700837987\n|-terastallize|p2a: Gholdengo|Water\n|move|p1a: Tornadus|Heat Wave|p2a: Gholdengo\n|-resisted|p2a: Gholdengo\n|-damage|p2a: Gholdengo|9\/100\n|move|p2a: Gholdengo|Make It Rain|p1a: Tornadus\n|-damage|p1a: Tornadus|27\/100\n|-unboost|p2a: Gholdengo|spa|1\n|\n|upkeep\n|turn|25\n|\n|t:|1700838005\n|switch|p1a: Clodsire|Clodsire, M|74\/100\n|move|p2a: Gholdengo|Psyshock|p1a: Clodsire\n|-supereffective|p1a: Clodsire\n|-damage|p1a: Clodsire|31\/100\n|\n|-heal|p1a: Clodsire|37\/100|[from] item: Leftovers\n|upkeep\n|turn|26\n|\n|t:|1700838018\n|switch|p1a: Iron Treads|Iron Treads|35\/100\n|move|p2a: Gholdengo|Psyshock|p1a: Iron Treads\n|-resisted|p1a: Iron Treads\n|-damage|p1a: Iron Treads|28\/100\n|\n|-heal|p1a: Iron Treads|34\/100|[from] item: Leftovers\n|upkeep\n|turn|27\n|\n|t:|1700838074\n|move|p1a: Iron Treads|Rapid Spin|p2a: Gholdengo\n|-damage|p2a: Gholdengo|0 fnt\n|-boost|p1a: Iron Treads|spe|1\n|faint|p2a: Gholdengo\n|\n|-heal|p1a: Iron Treads|40\/100|[from] item: Leftovers\n|upkeep\n|\n|t:|1700838092\n|switch|p2a: Enamorus|Enamorus, F|38\/100 tox\n|-damage|p2a: Enamorus|13\/100 tox|[from] Stealth Rock\n|turn|28\n|\n|t:|1700838119\n|move|p2a: Enamorus|Moonblast|p1a: Iron Treads\n|-resisted|p1a: Iron Treads\n|-damage|p1a: Iron Treads|9\/100\n|move|p1a: Iron Treads|Rapid Spin|p2a: Enamorus\n|-damage|p2a: Enamorus|0 fnt\n|-boost|p1a: Iron Treads|spe|1\n|faint|p2a: Enamorus\n|\n|-heal|p1a: Iron Treads|15\/100|[from] item: Leftovers\n|upkeep\n|\n|t:|1700838129\n|switch|p2a: Zamazenta|Zamazenta|100\/100\n|-damage|p2a: Zamazenta|94\/100|[from] Stealth Rock\n|-damage|p2a: Zamazenta|69\/100|[from] Spikes\n|turn|29\n|\n|t:|1700838137\n|move|p1a: Iron Treads|Earthquake|p2a: Zamazenta\n|-damage|p2a: Zamazenta|42\/100\n|move|p2a: Zamazenta|Iron Defense|p2a: Zamazenta\n|-boost|p2a: Zamazenta|def|2\n|\n|-heal|p1a: Iron Treads|21\/100|[from] item: Leftovers\n|upkeep\n|turn|30\n|\n|t:|1700838152\n|-end|p1a: Iron Treads|Quark Drive|[silent]\n|switch|p1a: Sinistcha|Sinistcha|100\/100\n|switch|p2a: Ogerpon|Ogerpon-Wellspring, F|70\/100 tox\n|-damage|p2a: Ogerpon|58\/100 tox|[from] Stealth Rock\n|-damage|p2a: Ogerpon|33\/100 tox|[from] Spikes\n|\n|-damage|p2a: Ogerpon|27\/100 tox|[from] psn\n|upkeep\n|turn|31\n|\n|t:|1700838178\n|move|p1a: Sinistcha|Matcha Gotcha|p2a: Ogerpon\n|-damage|p2a: Ogerpon|0 fnt\n|faint|p2a: Ogerpon\n|\n|upkeep\n|\n|t:|1700838186\n|switch|p2a: Zamazenta|Zamazenta|42\/100\n|-damage|p2a: Zamazenta|36\/100|[from] Stealth Rock\n|-damage|p2a: Zamazenta|11\/100|[from] Spikes\n|turn|32\n|\n|t:|1700838210\n|move|p2a: Zamazenta|Crunch|p1a: Sinistcha\n|-supereffective|p1a: Sinistcha\n|-damage|p1a: Sinistcha|68\/100\n|-unboost|p1a: Sinistcha|def|1\n|move|p1a: Sinistcha|Shadow Ball|p2a: Zamazenta\n|-damage|p2a: Zamazenta|0 fnt\n|faint|p2a: Zamazenta\n|\n|win|zigzagaan\n|l|\u2606mzlacay\n","uploadtime":1700838240,"views":13,"p1id":"zigzagaan","p2id":"mzlacay","formatid":"gen9ou","rating":0,"private":0,"password":""}