{"id":"gen9ou-1993000363","p1":"bunnelby to NU","p2":"Redribbonrenegade","format":"[Gen 9] OU","log":"|j|\u2606bunnelby to NU\n|j|\u2606Redribbonrenegade\n|t:|1700254226\n|gametype|singles\n|player|p1|bunnelby to NU|101|1350\n|player|p2|Redribbonrenegade|marshal|1404\n|teamsize|p1|6\n|teamsize|p2|6\n|gen|9\n|tier|[Gen 9] OU\n|rated|\n|rule|Sleep Clause Mod: Limit one foe put to sleep\n|rule|Species Clause: Limit one of each Pok\u00e9mon\n|rule|OHKO Clause: OHKO moves are banned\n|rule|Evasion Items Clause: Evasion items are banned\n|rule|Evasion Moves Clause: Evasion moves are banned\n|rule|Endless Battle Clause: Forcing endless battles is banned\n|rule|HP Percentage Mod: HP is shown in percentages\n|clearpoke\n|poke|p1|Kleavor, M|\n|poke|p1|Lokix, M|\n|poke|p1|Alomomola, F|\n|poke|p1|Breloom, M|\n|poke|p1|Zoroark-Hisui, M|\n|poke|p1|Great Tusk|\n|poke|p2|Ursaluna, M|\n|poke|p2|Volcanion|\n|poke|p2|Garganacl, M|\n|poke|p2|Sinistcha-Masterpiece|\n|poke|p2|Cresselia, F|\n|poke|p2|Weezing-Galar, M|\n|teampreview\n|inactive|Battle timer is ON: inactive players will automatically lose when time's up. (requested by bunnelby to NU)\n|\n|t:|1700254237\n|start\n|switch|p1a: Kleavor|Kleavor, M|100\/100\n|switch|p2a: Kim Joe Un \u26f0\ufe0f|Ursaluna, M, shiny|100\/100\n|turn|1\n|\n|t:|1700254243\n|move|p1a: Kleavor|Stone Axe|p2a: Kim Joe Un \u26f0\ufe0f\n|-resisted|p2a: Kim Joe Un \u26f0\ufe0f\n|-damage|p2a: Kim Joe Un \u26f0\ufe0f|78\/100\n|-sidestart|p2: Redribbonrenegade|move: Stealth Rock\n|move|p2a: Kim Joe Un \u26f0\ufe0f|Headlong Rush|p1a: Kleavor\n|-damage|p1a: Kleavor|11\/100\n|-unboost|p2a: Kim Joe Un \u26f0\ufe0f|def|1\n|-unboost|p2a: Kim Joe Un \u26f0\ufe0f|spd|1\n|\n|upkeep\n|turn|2\n|\n|t:|1700254254\n|move|p1a: Kleavor|Close Combat|p2a: Kim Joe Un \u26f0\ufe0f\n|-supereffective|p2a: Kim Joe Un \u26f0\ufe0f\n|-damage|p2a: Kim Joe Un \u26f0\ufe0f|0 fnt\n|-unboost|p1a: Kleavor|def|1\n|-unboost|p1a: Kleavor|spd|1\n|faint|p2a: Kim Joe Un \u26f0\ufe0f\n|\n|upkeep\n|\n|t:|1700254260\n|switch|p2a: Gibson \ud83d\udd74\ufe0f|Weezing-Galar, M|100\/100\n|-damage|p2a: Gibson \ud83d\udd74\ufe0f|88\/100|[from] Stealth Rock\n|turn|3\n|\n|t:|1700254269\n|move|p1a: Kleavor|U-turn|p2a: Gibson \ud83d\udd74\ufe0f\n|-resisted|p2a: Gibson \ud83d\udd74\ufe0f\n|-damage|p2a: Gibson \ud83d\udd74\ufe0f|80\/100\n|\n|t:|1700254285\n|switch|p1a: Alomomola|Alomomola, F|100\/100|[from] U-turn\n|move|p2a: Gibson \ud83d\udd74\ufe0f|Will-O-Wisp|p1a: Alomomola\n|-status|p1a: Alomomola|brn\n|\n|-heal|p2a: Gibson \ud83d\udd74\ufe0f|86\/100|[from] item: Leftovers\n|-damage|p1a: Alomomola|94\/100 brn|[from] brn\n|upkeep\n|turn|4\n|\n|t:|1700254291\n|move|p2a: Gibson \ud83d\udd74\ufe0f|Defog|p1a: Alomomola\n|-unboost|p1a: Alomomola|evasion|1\n|-sideend|p2: Redribbonrenegade|Stealth Rock|[from] move: Defog|[of] p2a: Gibson \ud83d\udd74\ufe0f\n|move|p1a: Alomomola|Flip Turn|p2a: Gibson \ud83d\udd74\ufe0f\n|-damage|p2a: Gibson \ud83d\udd74\ufe0f|78\/100\n|inactive|bunnelby to NU has 120 seconds left.\n|inactive|bunnelby to NU has 90 seconds left.\n|\n|t:|1700254347\n|switch|p1a: Lokix|Lokix, M|100\/100|[from] Flip Turn\n|\n|-heal|p2a: Gibson \ud83d\udd74\ufe0f|84\/100|[from] item: Leftovers\n|upkeep\n|turn|5\n|\n|t:|1700254358\n|-terastallize|p1a: Lokix|Bug\n|move|p1a: Lokix|U-turn|p2a: Gibson \ud83d\udd74\ufe0f\n|-resisted|p2a: Gibson \ud83d\udd74\ufe0f\n|-damage|p2a: Gibson \ud83d\udd74\ufe0f|54\/100\n|\n|t:|1700254367\n|switch|p1a: Great Tusk|Great Tusk|100\/100|[from] U-turn\n|move|p2a: Gibson \ud83d\udd74\ufe0f|Will-O-Wisp|p1a: Great Tusk\n|-status|p1a: Great Tusk|brn\n|\n|-heal|p2a: Gibson \ud83d\udd74\ufe0f|60\/100|[from] item: Leftovers\n|-damage|p1a: Great Tusk|94\/100 brn|[from] brn\n|upkeep\n|turn|6\n|\n|t:|1700254376\n|move|p1a: Great Tusk|Knock Off|p2a: Gibson \ud83d\udd74\ufe0f\n|-resisted|p2a: Gibson \ud83d\udd74\ufe0f\n|-crit|p2a: Gibson \ud83d\udd74\ufe0f\n|-damage|p2a: Gibson \ud83d\udd74\ufe0f|48\/100\n|-enditem|p2a: Gibson \ud83d\udd74\ufe0f|Leftovers|[from] move: Knock Off|[of] p1a: Great Tusk\n|move|p2a: Gibson \ud83d\udd74\ufe0f|Pain Split|p1a: Great Tusk\n|-sethp|p1a: Great Tusk|66\/100 brn|[from] move: Pain Split|[silent]\n|-sethp|p2a: Gibson \ud83d\udd74\ufe0f|85\/100|[from] move: Pain Split\n|\n|-damage|p1a: Great Tusk|59\/100 brn|[from] brn\n|upkeep\n|turn|7\n|\n|t:|1700254397\n|switch|p2a: Rennala \ud83c\udf19|Cresselia, F|100\/100\n|move|p1a: Great Tusk|Ice Spinner|p2a: Rennala \ud83c\udf19\n|-damage|p2a: Rennala \ud83c\udf19|92\/100\n|-enditem|p2a: Rennala \ud83c\udf19|Red Card|[of] p1a: Great Tusk\n|-end|p1a: Great Tusk|Protosynthesis|[silent]\n|drag|p1a: Alomomola|Alomomola, F|100\/100 brn\n|\n|-damage|p1a: Alomomola|94\/100 brn|[from] brn\n|upkeep\n|turn|8\n|\n|t:|1700254404\n|switch|p2a: Forge \ud83d\ude82|Volcanion|100\/100\n|move|p1a: Alomomola|Flip Turn|p2a: Forge \ud83d\ude82\n|-immune|p2a: Forge \ud83d\ude82|[from] ability: Water Absorb\n|\n|-damage|p1a: Alomomola|88\/100 brn|[from] brn\n|upkeep\n|turn|9\n|\n|t:|1700254415\n|switch|p1a: Kleavor|Kleavor, M|11\/100\n|move|p2a: Forge \ud83d\ude82|Steam Eruption|p1a: Kleavor\n|-supereffective|p1a: Kleavor\n|-damage|p1a: Kleavor|0 fnt\n|faint|p1a: Kleavor\n|\n|upkeep\n|\n|t:|1700254431\n|switch|p1a: Lokix|Lokix, M, tera:Bug|100\/100\n|turn|10\n|\n|t:|1700254440\n|move|p1a: Lokix|U-turn|p2a: Forge \ud83d\ude82\n|-resisted|p2a: Forge \ud83d\ude82\n|-damage|p2a: Forge \ud83d\ude82|50\/100\n|inactive|bunnelby to NU has 90 seconds left.\n|\n|t:|1700254462\n|switch|p1a: Alomomola|Alomomola, F|100\/100 brn|[from] U-turn\n|move|p2a: Forge \ud83d\ude82|Heat Wave|p1a: Alomomola\n|-resisted|p1a: Alomomola\n|-damage|p1a: Alomomola|79\/100 brn\n|-enditem|p1a: Alomomola|Red Card|[of] p2a: Forge \ud83d\ude82\n|drag|p2a: Wojbomb \ud83d\udce0|Garganacl, M|100\/100\n|\n|-damage|p1a: Alomomola|73\/100 brn|[from] brn\n|upkeep\n|turn|11\n|inactive|bunnelby to NU has 90 seconds left.\n|\n|t:|1700254477\n|move|p1a: Alomomola|Flip Turn|p2a: Wojbomb \ud83d\udce0\n|-supereffective|p2a: Wojbomb \ud83d\udce0\n|-damage|p2a: Wojbomb \ud83d\udce0|91\/100\n|inactive|bunnelby to NU has 90 seconds left.\n|\n|t:|1700254483\n|switch|p1a: Breloom|Breloom, M|100\/100|[from] Flip Turn\n|move|p2a: Wojbomb \ud83d\udce0|Salt Cure|p1a: Breloom\n|-resisted|p1a: Breloom\n|-damage|p1a: Breloom|90\/100\n|-start|p1a: Breloom|Salt Cure\n|\n|-damage|p1a: Breloom|78\/100|[from] Salt Cure\n|upkeep\n|turn|12\n|\n|t:|1700254489\n|switch|p2a: Chi-Chi \ud83c\udf75|Sinistcha-Masterpiece, shiny|100\/100\n|move|p1a: Breloom|Bullet Seed|p2a: Chi-Chi \ud83c\udf75\n|-resisted|p2a: Chi-Chi \ud83c\udf75\n|-damage|p2a: Chi-Chi \ud83c\udf75|89\/100\n|-resisted|p2a: Chi-Chi \ud83c\udf75\n|-damage|p2a: Chi-Chi \ud83c\udf75|78\/100\n|-resisted|p2a: Chi-Chi \ud83c\udf75\n|-damage|p2a: Chi-Chi \ud83c\udf75|67\/100\n|-resisted|p2a: Chi-Chi \ud83c\udf75\n|-damage|p2a: Chi-Chi \ud83c\udf75|56\/100\n|-hitcount|p2a: Chi-Chi \ud83c\udf75|4\n|\n|-damage|p1a: Breloom|66\/100|[from] Salt Cure\n|upkeep\n|turn|13\n|\n|t:|1700254503\n|switch|p1a: Great Tusk|Great Tusk|100\/100\n|move|p2a: Chi-Chi \ud83c\udf75|Strength Sap|p1a: Great Tusk\n|-unboost|p1a: Great Tusk|atk|1\n|-heal|p2a: Chi-Chi \ud83c\udf75|100\/100\n|\n|upkeep\n|turn|14\n|inactive|Redribbonrenegade has 120 seconds left.\n|\n|t:|1700254537\n|switch|p2a: Wojbomb \ud83d\udce0|Garganacl, M|91\/100\n|move|p1a: Great Tusk|Nasty Plot|p1a: Great Tusk\n|-boost|p1a: Great Tusk|spa|2\n|\n|upkeep\n|turn|15\n|\n|t:|1700254543\n|move|p1a: Great Tusk|Grass Knot|p2a: Wojbomb \ud83d\udce0\n|-supereffective|p2a: Wojbomb \ud83d\udce0\n|-damage|p2a: Wojbomb \ud83d\udce0|0 fnt\n|faint|p2a: Wojbomb \ud83d\udce0\n|\n|upkeep\n|inactive|Redribbonrenegade has 120 seconds left.\n|\n|t:|1700254556\n|switch|p2a: Rennala \ud83c\udf19|Cresselia, F|92\/100\n|turn|16\n|\n|t:|1700254560\n|-terastallize|p2a: Rennala \ud83c\udf19|Poison\n|move|p1a: Great Tusk|Shadow Ball|p2a: Rennala \ud83c\udf19\n|-damage|p2a: Rennala \ud83c\udf19|36\/100\n|-unboost|p2a: Rennala \ud83c\udf19|spd|1\n|move|p2a: Rennala \ud83c\udf19|Trick Room|p2a: Rennala \ud83c\udf19\n|-fieldstart|move: Trick Room|[of] p2a: Rennala \ud83c\udf19\n|\n|upkeep\n|turn|17\n|\n|t:|1700254577\n|move|p2a: Rennala \ud83c\udf19|Lunar Dance|p2a: Rennala \ud83c\udf19\n|faint|p2a: Rennala \ud83c\udf19\n|move|p1a: Great Tusk|Shadow Ball|p2: Rennala \ud83c\udf19|[notarget]\n|-fail|p1a: Great Tusk\n|\n|upkeep\n|\n|t:|1700254582\n|switch|p2a: Forge \ud83d\ude82|Volcanion|50\/100\n|-heal|p2a: Forge \ud83d\ude82|100\/100|[from] move: Lunar Dance\n|turn|18\n|\n|t:|1700254598\n|switch|p1a: Alomomola|Alomomola, F|100\/100 brn\n|move|p2a: Forge \ud83d\ude82|Steam Eruption|p1a: Alomomola\n|-resisted|p1a: Alomomola\n|-damage|p1a: Alomomola|74\/100 brn\n|\n|-damage|p1a: Alomomola|68\/100 brn|[from] brn\n|upkeep\n|turn|19\n|\n|t:|1700254610\n|switch|p2a: Chi-Chi \ud83c\udf75|Sinistcha-Masterpiece, shiny|100\/100\n|move|p1a: Alomomola|Wish|p1a: Alomomola\n|\n|-damage|p1a: Alomomola|62\/100 brn|[from] brn\n|upkeep\n|turn|20\n|\n|t:|1700254619\n|switch|p1a: Great Tusk|Great Tusk|100\/100\n|move|p2a: Chi-Chi \ud83c\udf75|Calm Mind|p2a: Chi-Chi \ud83c\udf75\n|-boost|p2a: Chi-Chi \ud83c\udf75|spa|1\n|-boost|p2a: Chi-Chi \ud83c\udf75|spd|1\n|\n|-fieldend|move: Trick Room\n|upkeep\n|turn|21\n|\n|t:|1700254630\n|move|p1a: Great Tusk|Nasty Plot|p1a: Great Tusk\n|-boost|p1a: Great Tusk|spa|2\n|move|p2a: Chi-Chi \ud83c\udf75|Strength Sap|p1a: Great Tusk\n|-unboost|p1a: Great Tusk|atk|1\n|\n|upkeep\n|turn|22\n|\n|t:|1700254638\n|move|p1a: Great Tusk|Shadow Ball|p2a: Chi-Chi \ud83c\udf75\n|-supereffective|p2a: Chi-Chi \ud83c\udf75\n|-damage|p2a: Chi-Chi \ud83c\udf75|0 fnt\n|faint|p2a: Chi-Chi \ud83c\udf75\n|\n|upkeep\n|\n|t:|1700254640\n|switch|p2a: Forge \ud83d\ude82|Volcanion|100\/100\n|turn|23\n|\n|t:|1700254646\n|move|p1a: Great Tusk|Hyper Voice|p2a: Forge \ud83d\ude82\n|-damage|p2a: Forge \ud83d\ude82|51\/100\n|move|p2a: Forge \ud83d\ude82|Earth Power|p1a: Great Tusk\n|-damage|p1a: Great Tusk|42\/100\n|replace|p1a: Zoroark|Zoroark-Hisui, M\n|-end|p1a: Zoroark|Illusion\n|\n|upkeep\n|turn|24\n|\n|t:|1700254657\n|move|p1a: Zoroark|Hyper Voice|p2a: Forge \ud83d\ude82\n|-damage|p2a: Forge \ud83d\ude82|0 fnt\n|faint|p2a: Forge \ud83d\ude82\n|\n|upkeep\n|\n|t:|1700254659\n|switch|p2a: Gibson \ud83d\udd74\ufe0f|Weezing-Galar, M|85\/100\n|turn|25\n|\n|t:|1700254663\n|move|p1a: Zoroark|Hyper Voice|p2a: Gibson \ud83d\udd74\ufe0f\n|-damage|p2a: Gibson \ud83d\udd74\ufe0f|3\/100\n|move|p2a: Gibson \ud83d\udd74\ufe0f|Flamethrower|p1a: Zoroark\n|-damage|p1a: Zoroark|3\/100\n|\n|upkeep\n|turn|26\n|\n|t:|1700254668\n|move|p1a: Zoroark|Hyper Voice|p2a: Gibson \ud83d\udd74\ufe0f\n|-damage|p2a: Gibson \ud83d\udd74\ufe0f|0 fnt\n|faint|p2a: Gibson \ud83d\udd74\ufe0f\n|\n|win|bunnelby to NU\n|raw|bunnelby to NU's rating: 1350 &rarr; <strong>1373<\/strong><br \/>(+23 for winning)\n|raw|Redribbonrenegade's rating: 1404 &rarr; <strong>1381<\/strong><br \/>(-23 for losing)\n","uploadtime":1700254699,"views":26,"p1id":"bunnelbytonu","p2id":"redribbonrenegade","formatid":"gen9ou","rating":1373,"private":0,"password":""}