{"id":"gen9ou-1989069169","p1":"NonoRed","p2":"Phase512","format":"[Gen 9] OU","log":"|j|\u2606NonoRed\n|j|\u2606Phase512\n|t:|1699808785\n|gametype|singles\n|player|p1|NonoRed|alder|1361\n|player|p2|Phase512|lady|1424\n|teamsize|p1|6\n|teamsize|p2|6\n|gen|9\n|tier|[Gen 9] OU\n|rated|\n|rule|Sleep Clause Mod: Limit one foe put to sleep\n|rule|Species Clause: Limit one of each Pok\u00e9mon\n|rule|OHKO Clause: OHKO moves are banned\n|rule|Evasion Items Clause: Evasion items are banned\n|rule|Evasion Moves Clause: Evasion moves are banned\n|rule|Endless Battle Clause: Forcing endless battles is banned\n|rule|HP Percentage Mod: HP is shown in percentages\n|clearpoke\n|poke|p1|Kingambit, M|\n|poke|p1|Torkoal, M|\n|poke|p1|Great Tusk|\n|poke|p1|Walking Wake|\n|poke|p1|Brute Bonnet|\n|poke|p1|Iron Moth|\n|poke|p2|Enamorus, F|\n|poke|p2|Dragapult, M|\n|poke|p2|Iron Valiant|\n|poke|p2|Gholdengo|\n|poke|p2|Iron Treads|\n|poke|p2|Dragonite, F|\n|teampreview\n|inactive|Battle timer is ON: inactive players will automatically lose when time's up. (requested by Phase512)\n|\n|t:|1699808794\n|start\n|switch|p1a: Torkoal|Torkoal, M|100\/100\n|switch|p2a: Iron Treads|Iron Treads|100\/100\n|-weather|SunnyDay|[from] ability: Drought|[of] p1a: Torkoal\n|-enditem|p2a: Iron Treads|Booster Energy\n|-activate|p2a: Iron Treads|ability: Quark Drive|[fromitem]\n|-start|p2a: Iron Treads|quarkdrivespe\n|turn|1\n|\n|t:|1699808803\n|move|p2a: Iron Treads|Stealth Rock|p1a: Torkoal\n|-sidestart|p1: NonoRed|move: Stealth Rock\n|move|p1a: Torkoal|Flamethrower|p2a: Iron Treads\n|-supereffective|p2a: Iron Treads\n|-damage|p2a: Iron Treads|8\/100\n|\n|-weather|SunnyDay|[upkeep]\n|upkeep\n|turn|2\n|\n|t:|1699808816\n|move|p2a: Iron Treads|Earthquake|p1a: Torkoal\n|-supereffective|p1a: Torkoal\n|-damage|p1a: Torkoal|46\/100\n|move|p1a: Torkoal|Flamethrower|p2a: Iron Treads\n|-supereffective|p2a: Iron Treads\n|-damage|p2a: Iron Treads|0 fnt\n|faint|p2a: Iron Treads\n|-end|p2a: Iron Treads|Quark Drive|[silent]\n|\n|-weather|SunnyDay|[upkeep]\n|upkeep\n|\n|t:|1699808831\n|switch|p2a: Dragapult|Dragapult, M|100\/100\n|turn|3\n|\n|t:|1699808842\n|switch|p1a: Great Tusk|Great Tusk|100\/100\n|-damage|p1a: Great Tusk|97\/100|[from] Stealth Rock\n|-activate|p1a: Great Tusk|ability: Protosynthesis\n|-start|p1a: Great Tusk|protosynthesisspe\n|move|p2a: Dragapult|Dragon Dance|p2a: Dragapult\n|-boost|p2a: Dragapult|atk|1\n|-boost|p2a: Dragapult|spe|1\n|\n|-weather|SunnyDay|[upkeep]\n|-heal|p1a: Great Tusk|100\/100|[from] item: Leftovers\n|upkeep\n|turn|4\n|\n|t:|1699808854\n|move|p2a: Dragapult|Dragon Darts|p1a: Great Tusk\n|-damage|p1a: Great Tusk|77\/100\n|-anim|p2a: Dragapult|Dragon Darts|p1a: Great Tusk\n|-damage|p1a: Great Tusk|52\/100\n|move|p1a: Great Tusk|Bulk Up|p1a: Great Tusk\n|-boost|p1a: Great Tusk|atk|1\n|-boost|p1a: Great Tusk|def|1\n|\n|-weather|SunnyDay|[upkeep]\n|-heal|p1a: Great Tusk|59\/100|[from] item: Leftovers\n|upkeep\n|turn|5\n|\n|t:|1699808862\n|switch|p2a: Enamorus|Enamorus, F|100\/100\n|move|p1a: Great Tusk|Earthquake|p2a: Enamorus\n|-immune|p2a: Enamorus\n|\n|-weather|SunnyDay|[upkeep]\n|-heal|p1a: Great Tusk|65\/100|[from] item: Leftovers\n|upkeep\n|turn|6\n|\n|t:|1699808864\n|move|p1a: Great Tusk|Head Smash|p2a: Enamorus|[miss]\n|-miss|p1a: Great Tusk|p2a: Enamorus\n|move|p2a: Enamorus|Moonblast|p1a: Great Tusk\n|-supereffective|p1a: Great Tusk\n|-damage|p1a: Great Tusk|0 fnt\n|faint|p1a: Great Tusk\n|-end|p1a: Great Tusk|Protosynthesis|[silent]\n|\n|-weather|SunnyDay|[upkeep]\n|upkeep\n|\n|t:|1699808874\n|switch|p1a: Iron Moth|Iron Moth|100\/100\n|-damage|p1a: Iron Moth|76\/100|[from] Stealth Rock\n|-enditem|p1a: Iron Moth|Booster Energy\n|-activate|p1a: Iron Moth|ability: Quark Drive|[fromitem]\n|-start|p1a: Iron Moth|quarkdrivespe\n|turn|7\n|\n|t:|1699808885\n|switch|p2a: Dragonite|Dragonite, F|100\/100\n|move|p1a: Iron Moth|Sludge Wave|p2a: Dragonite\n|-damage|p2a: Dragonite|77\/100\n|\n|-weather|SunnyDay|[upkeep]\n|upkeep\n|turn|8\n|\n|t:|1699808895\n|-terastallize|p1a: Iron Moth|Grass\n|move|p1a: Iron Moth|Sludge Wave|p2a: Dragonite\n|-damage|p2a: Dragonite|31\/100\n|move|p2a: Dragonite|Earthquake|p1a: Iron Moth\n|-resisted|p1a: Iron Moth\n|-damage|p1a: Iron Moth|47\/100\n|\n|-weather|none\n|upkeep\n|turn|9\n|\n|t:|1699808907\n|move|p2a: Dragonite|Extreme Speed|p1a: Iron Moth\n|-damage|p1a: Iron Moth|4\/100\n|move|p1a: Iron Moth|Sludge Wave|p2a: Dragonite\n|-damage|p2a: Dragonite|0 fnt\n|faint|p2a: Dragonite\n|\n|upkeep\n|\n|t:|1699808914\n|switch|p2a: Iron Valiant|Iron Valiant|100\/100\n|-enditem|p2a: Iron Valiant|Booster Energy\n|-activate|p2a: Iron Valiant|ability: Quark Drive|[fromitem]\n|-start|p2a: Iron Valiant|quarkdrivespe\n|turn|10\n|\n|t:|1699808924\n|-end|p1a: Iron Moth|Quark Drive|[silent]\n|switch|p1a: Torkoal|Torkoal, M|46\/100\n|-damage|p1a: Torkoal|21\/100|[from] Stealth Rock\n|-weather|SunnyDay|[from] ability: Drought|[of] p1a: Torkoal\n|move|p2a: Iron Valiant|Moonblast|p1a: Torkoal\n|-resisted|p1a: Torkoal\n|-damage|p1a: Torkoal|2\/100\n|\n|-weather|SunnyDay|[upkeep]\n|upkeep\n|turn|11\n|\n|t:|1699808936\n|move|p2a: Iron Valiant|Moonblast|p1a: Torkoal\n|-resisted|p1a: Torkoal\n|-damage|p1a: Torkoal|0 fnt\n|faint|p1a: Torkoal\n|\n|-weather|SunnyDay|[upkeep]\n|upkeep\n|\n|t:|1699808949\n|switch|p1a: Kingambit|Kingambit, M|100\/100\n|-damage|p1a: Kingambit|94\/100|[from] Stealth Rock\n|-activate|p1a: Kingambit|ability: Supreme Overlord\n|-start|p1a: Kingambit|fallen2|[silent]\n|turn|12\n|\n|t:|1699808961\n|-terastallize|p2a: Iron Valiant|Steel\n|move|p2a: Iron Valiant|Moonblast|p1a: Kingambit\n|-crit|p1a: Kingambit\n|-damage|p1a: Kingambit|26\/100\n|-unboost|p1a: Kingambit|spa|1\n|move|p1a: Kingambit|Swords Dance|p1a: Kingambit\n|-boost|p1a: Kingambit|atk|2\n|\n|-weather|SunnyDay|[upkeep]\n|-heal|p1a: Kingambit|32\/100|[from] item: Leftovers\n|upkeep\n|turn|13\n|\n|t:|1699808976\n|move|p2a: Iron Valiant|Encore|p1a: Kingambit\n|-start|p1a: Kingambit|Encore\n|move|p1a: Kingambit|Swords Dance|p1a: Kingambit\n|-boost|p1a: Kingambit|atk|2\n|\n|-weather|SunnyDay|[upkeep]\n|-heal|p1a: Kingambit|38\/100|[from] item: Leftovers\n|upkeep\n|turn|14\n|\n|t:|1699808985\n|-end|p1a: Kingambit|fallen2|[silent]\n|switch|p1a: Iron Moth|Iron Moth, tera:Grass|4\/100\n|-damage|p1a: Iron Moth|0 fnt|[from] Stealth Rock\n|faint|p1a: Iron Moth\n|-end|p1a: Iron Moth|Quark Drive|[silent]\n|move|p2a: Iron Valiant|Moonblast|p1: Iron Moth|[notarget]\n|-fail|p2a: Iron Valiant\n|\n|-weather|SunnyDay|[upkeep]\n|upkeep\n|\n|t:|1699808991\n|switch|p1a: Walking Wake|Walking Wake|100\/100\n|-damage|p1a: Walking Wake|88\/100|[from] Stealth Rock\n|-activate|p1a: Walking Wake|ability: Protosynthesis\n|-start|p1a: Walking Wake|protosynthesisspa\n|turn|15\n|\n|t:|1699808997\n|move|p2a: Iron Valiant|Moonblast|p1a: Walking Wake\n|-supereffective|p1a: Walking Wake\n|-damage|p1a: Walking Wake|0 fnt\n|faint|p1a: Walking Wake\n|-end|p1a: Walking Wake|Protosynthesis|[silent]\n|\n|-weather|SunnyDay|[upkeep]\n|upkeep\n|-message|NonoRed forfeited.\n|\n|win|Phase512\n|raw|NonoRed's rating: 1361 &rarr; <strong>1345<\/strong><br \/>(-16 for losing)\n|raw|Phase512's rating: 1424 &rarr; <strong>1440<\/strong><br \/>(+16 for winning)\n|l|\u2606NonoRed\n","uploadtime":1699809011,"views":13,"p1id":"nonored","p2id":"phase512","formatid":"gen9ou","rating":1345,"private":0,"password":""}