{"id":"gen9ou-1991040985","p1":"Teo1212","p2":"wyverbal","format":"[Gen 9] OU","log":"|j|\u2606Teo1212\n|j|\u2606wyverbal\n|t:|1700033019\n|gametype|singles\n|player|p1|Teo1212|rocketgrunt|1178\n|player|p2|wyverbal|265|1138\n|teamsize|p1|6\n|teamsize|p2|6\n|gen|9\n|tier|[Gen 9] OU\n|rated|\n|rule|Sleep Clause Mod: Limit one foe put to sleep\n|rule|Species Clause: Limit one of each Pok\u00e9mon\n|rule|OHKO Clause: OHKO moves are banned\n|rule|Evasion Items Clause: Evasion items are banned\n|rule|Evasion Moves Clause: Evasion moves are banned\n|rule|Endless Battle Clause: Forcing endless battles is banned\n|rule|HP Percentage Mod: HP is shown in percentages\n|clearpoke\n|poke|p1|Great Tusk|\n|poke|p1|Ribombee, F|\n|poke|p1|Gholdengo|\n|poke|p1|Manaphy|\n|poke|p1|Dragonite, F|\n|poke|p1|Ogerpon-Wellspring, F|\n|poke|p2|Zamazenta-*|\n|poke|p2|Kommo-o, F|\n|poke|p2|Ceruledge, F|\n|poke|p2|Tornadus, M|\n|poke|p2|Greninja-*, M|\n|poke|p2|Sandslash, F|\n|teampreview\n|inactive|Battle timer is ON: inactive players will automatically lose when time's up. (requested by Teo1212)\n|inactive|wyverbal also wants the timer to be on.\n|\n|t:|1700033023\n|start\n|switch|p1a: Bombasticky|Ribombee, F|100\/100\n|switch|p2a: Tornadus|Tornadus, M, shiny|100\/100\n|turn|1\n|\n|t:|1700033026\n|move|p2a: Tornadus|Taunt|p1a: Bombasticky\n|-start|p1a: Bombasticky|move: Taunt\n|cant|p1a: Bombasticky|move: Taunt|Trick\n|\n|upkeep\n|turn|2\n|\n|t:|1700033030\n|move|p1a: Bombasticky|Moonblast|p2a: Tornadus\n|-damage|p2a: Tornadus|48\/100\n|move|p2a: Tornadus|Bleakwind Storm|p1a: Bombasticky\n|-supereffective|p1a: Bombasticky\n|-damage|p1a: Bombasticky|0 fnt\n|faint|p1a: Bombasticky\n|\n|upkeep\n|\n|t:|1700033040\n|switch|p1a: Not Phione|Manaphy|100\/100\n|turn|3\n|\n|t:|1700033044\n|move|p2a: Tornadus|Taunt|p1a: Not Phione\n|-start|p1a: Not Phione|move: Taunt\n|move|p1a: Not Phione|Scald|p2a: Tornadus\n|-damage|p2a: Tornadus|0 fnt\n|faint|p2a: Tornadus\n|\n|upkeep\n|\n|t:|1700033056\n|switch|p2a: Zamazenta|Zamazenta, shiny|100\/100\n|-ability|p2a: Zamazenta|Dauntless Shield|boost\n|-boost|p2a: Zamazenta|def|1\n|turn|4\n|\n|t:|1700033061\n|switch|p1a: Ipkiss|Ogerpon-Wellspring, F|100\/100\n|move|p2a: Zamazenta|Body Press|p1a: Ipkiss\n|-damage|p1a: Ipkiss|42\/100\n|\n|upkeep\n|turn|5\n|\n|t:|1700033065\n|move|p2a: Zamazenta|Reflect|p2a: Zamazenta\n|-sidestart|p2: wyverbal|Reflect\n|move|p1a: Ipkiss|Ivy Cudgel|p2a: Zamazenta|[anim] Ivy Cudgel Water\n|-damage|p2a: Zamazenta|84\/100\n|\n|upkeep\n|turn|6\n|\n|t:|1700033070\n|move|p2a: Zamazenta|Body Press|p1a: Ipkiss\n|-damage|p1a: Ipkiss|0 fnt\n|faint|p1a: Ipkiss\n|\n|upkeep\n|\n|t:|1700033072\n|switch|p1a: UwU|Dragonite, F|100\/100\n|turn|7\n|\n|t:|1700033079\n|switch|p2a: Kommo-o|Kommo-o, F, shiny|100\/100\n|move|p1a: UwU|Dragon Dance|p1a: UwU\n|-boost|p1a: UwU|atk|1\n|-boost|p1a: UwU|spe|1\n|\n|upkeep\n|turn|8\n|\n|t:|1700033086\n|move|p1a: UwU|Dragon Dance|p1a: UwU\n|-boost|p1a: UwU|atk|1\n|-boost|p1a: UwU|spe|1\n|move|p2a: Kommo-o|Iron Defense|p2a: Kommo-o\n|-boost|p2a: Kommo-o|def|2\n|\n|upkeep\n|turn|9\n|\n|t:|1700033093\n|switch|p1a: L'ovni|Gholdengo|100\/100\n|-item|p1a: L'ovni|Air Balloon\n|move|p2a: Kommo-o|Iron Defense|p2a: Kommo-o\n|-boost|p2a: Kommo-o|def|2\n|\n|upkeep\n|turn|10\n|\n|t:|1700033100\n|-terastallize|p2a: Kommo-o|Steel\n|move|p1a: L'ovni|Make It Rain|p2a: Kommo-o\n|-resisted|p2a: Kommo-o\n|-damage|p2a: Kommo-o|75\/100\n|-unboost|p1a: L'ovni|spa|1\n|move|p2a: Kommo-o|Dragon Tail|p1a: L'ovni|[miss]\n|-miss|p2a: Kommo-o|p1a: L'ovni\n|\n|upkeep\n|turn|11\n|\n|t:|1700033110\n|move|p1a: L'ovni|Nasty Plot|p1a: L'ovni\n|-boost|p1a: L'ovni|spa|2\n|move|p2a: Kommo-o|Dragon Tail|p1a: L'ovni\n|-resisted|p1a: L'ovni\n|-damage|p1a: L'ovni|89\/100\n|-enditem|p1a: L'ovni|Air Balloon\n|drag|p1a: Not Phione|Manaphy|100\/100\n|\n|upkeep\n|turn|12\n|-message|Teo1212 forfeited.\n|\n|win|wyverbal\n|raw|Teo1212's rating: 1178 &rarr; <strong>1150<\/strong><br \/>(-28 for losing)\n|raw|wyverbal's rating: 1138 &rarr; <strong>1166<\/strong><br \/>(+28 for winning)\n|l|\u2606Teo1212\n","uploadtime":1700033122,"views":5,"p1id":"teo1212","p2id":"wyverbal","formatid":"gen9ou","rating":1150,"private":0,"password":""}