{"id":"gen9ou-1999663309","p1":"liaoya","p2":"sir galigus","format":"[Gen 9] OU","log":"|j|\u2606liaoya\n|j|\u2606sir galigus\n|t:|1701105742\n|gametype|singles\n|player|p1|liaoya|petrel|1582\n|player|p2|sir galigus|steven|1657\n|teamsize|p1|6\n|teamsize|p2|6\n|gen|9\n|tier|[Gen 9] OU\n|rated|\n|rule|Sleep Clause Mod: Limit one foe put to sleep\n|rule|Species Clause: Limit one of each Pok\u00e9mon\n|rule|OHKO Clause: OHKO moves are banned\n|rule|Evasion Items Clause: Evasion items are banned\n|rule|Evasion Moves Clause: Evasion moves are banned\n|rule|Endless Battle Clause: Forcing endless battles is banned\n|rule|HP Percentage Mod: HP is shown in percentages\n|clearpoke\n|poke|p1|Drifblim, M|\n|poke|p1|Garganacl, M|\n|poke|p1|Umbreon, F|\n|poke|p1|Rotom-Wash|\n|poke|p1|Glimmora, M|\n|poke|p1|Espeon, F|\n|poke|p2|Meloetta|\n|poke|p2|Meowscarada, F|\n|poke|p2|Alomomola, M|\n|poke|p2|Muk-Alola, F|\n|poke|p2|Weezing-Galar, F|\n|poke|p2|Dragapult, F|\n|teampreview\n|inactive|Battle timer is ON: inactive players will automatically lose when time's up. (requested by sir galigus)\n|\n|t:|1701105755\n|start\n|switch|p1a: Rotom|Rotom-Wash|100\/100\n|switch|p2a: Meloetta|Meloetta|100\/100\n|turn|1\n|\n|t:|1701105764\n|move|p1a: Rotom|Trick|p2a: Meloetta\n|-activate|p1a: Rotom|move: Trick|[of] p2a: Meloetta\n|-item|p2a: Meloetta|Choice Scarf|[from] move: Trick\n|-item|p1a: Rotom|Assault Vest|[from] move: Trick\n|move|p2a: Meloetta|Psychic|p1a: Rotom\n|-damage|p1a: Rotom|71\/100\n|-unboost|p1a: Rotom|spd|1\n|\n|upkeep\n|turn|2\n|\n|t:|1701105778\n|switch|p2a: Dragapult|Dragapult, F|100\/100\n|move|p1a: Rotom|Volt Switch|p2a: Dragapult\n|-resisted|p2a: Dragapult\n|-damage|p2a: Dragapult|80\/100\n|\n|t:|1701105785\n|switch|p1a: Umbreon|Umbreon, F, shiny|100\/100|[from] Volt Switch\n|\n|upkeep\n|turn|3\n|\n|t:|1701105788\n|move|p2a: Dragapult|U-turn|p1a: Umbreon\n|-supereffective|p1a: Umbreon\n|-damage|p1a: Umbreon|77\/100\n|\n|t:|1701105791\n|switch|p2a: Meloetta|Meloetta|100\/100|[from] U-turn\n|move|p1a: Umbreon|Yawn|p2a: Meloetta\n|-start|p2a: Meloetta|move: Yawn|[of] p1a: Umbreon\n|\n|-heal|p1a: Umbreon|83\/100|[from] item: Leftovers\n|upkeep\n|turn|4\n|\n|t:|1701105797\n|move|p2a: Meloetta|Close Combat|p1a: Umbreon\n|-supereffective|p1a: Umbreon\n|-damage|p1a: Umbreon|49\/100\n|-unboost|p2a: Meloetta|def|1\n|-unboost|p2a: Meloetta|spd|1\n|move|p1a: Umbreon|Wish|p1a: Umbreon\n|\n|-heal|p1a: Umbreon|55\/100|[from] item: Leftovers\n|-end|p2a: Meloetta|move: Yawn|[silent]\n|-status|p2a: Meloetta|slp\n|upkeep\n|turn|5\n|\n|t:|1701105802\n|switch|p2a: Meowscarada|Meowscarada, F|100\/100\n|move|p1a: Umbreon|Foul Play|p2a: Meowscarada\n|-resisted|p2a: Meowscarada\n|-damage|p2a: Meowscarada|68\/100\n|\n|-heal|p1a: Umbreon|100\/100|[from] move: Wish|[wisher] Umbreon\n|upkeep\n|turn|6\n|\n|t:|1701105810\n|-terastallize|p2a: Meowscarada|Grass\n|move|p2a: Meowscarada|Flower Trick|p1a: Umbreon\n|-crit|p1a: Umbreon\n|-damage|p1a: Umbreon|36\/100\n|move|p1a: Umbreon|Wish|p1a: Umbreon\n|\n|-heal|p1a: Umbreon|42\/100|[from] item: Leftovers\n|upkeep\n|turn|7\n|\n|t:|1701105815\n|move|p1a: Umbreon|Protect|p1a: Umbreon\n|-singleturn|p1a: Umbreon|Protect\n|move|p2a: Meowscarada|Flower Trick|p1a: Umbreon\n|-activate|p1a: Umbreon|move: Protect\n|\n|-heal|p1a: Umbreon|92\/100|[from] move: Wish|[wisher] Umbreon\n|-heal|p1a: Umbreon|98\/100|[from] item: Leftovers\n|upkeep\n|turn|8\n|\n|t:|1701105820\n|move|p2a: Meowscarada|Flower Trick|p1a: Umbreon\n|-crit|p1a: Umbreon\n|-damage|p1a: Umbreon|37\/100\n|move|p1a: Umbreon|Foul Play|p2a: Meowscarada\n|-damage|p2a: Meowscarada|0 fnt\n|faint|p2a: Meowscarada\n|\n|-heal|p1a: Umbreon|43\/100|[from] item: Leftovers\n|upkeep\n|\n|t:|1701105828\n|switch|p2a: Muk|Muk-Alola, F|100\/100\n|turn|9\n|\n|t:|1701105831\n|move|p1a: Umbreon|Protect|p1a: Umbreon\n|-singleturn|p1a: Umbreon|Protect\n|move|p2a: Muk|Drain Punch|p1a: Umbreon\n|-activate|p1a: Umbreon|move: Protect\n|\n|-heal|p1a: Umbreon|49\/100|[from] item: Leftovers\n|upkeep\n|turn|10\n|-message|sir galigus forfeited.\n|\n|win|liaoya\n|raw|liaoya's rating: 1582 &rarr; <strong>1606<\/strong><br \/>(+24 for winning)\n|raw|sir galigus's rating: 1657 &rarr; <strong>1633<\/strong><br \/>(-24 for losing)\n|l|\u2606sir galigus\n","uploadtime":1701105840,"views":7,"p1id":"liaoya","p2id":"sirgaligus","formatid":"gen9ou","rating":1606,"private":0,"password":""}