{"id":"gen9ou-1996871347","p1":"itz_ado6","p2":"trillbo","format":"[Gen 9] OU","log":"|j|\u2606itz_ado6\n|j|\u2606trillbo\n|t:|1700738287\n|gametype|singles\n|player|p1|itz_ado6|lady-gen4|1237\n|player|p2|trillbo|argenta|1328\n|teamsize|p1|6\n|teamsize|p2|6\n|gen|9\n|tier|[Gen 9] OU\n|rated|\n|rule|Sleep Clause Mod: Limit one foe put to sleep\n|rule|Species Clause: Limit one of each Pok\u00e9mon\n|rule|OHKO Clause: OHKO moves are banned\n|rule|Evasion Items Clause: Evasion items are banned\n|rule|Evasion Moves Clause: Evasion moves are banned\n|rule|Endless Battle Clause: Forcing endless battles is banned\n|rule|HP Percentage Mod: HP is shown in percentages\n|clearpoke\n|poke|p1|Conkeldurr, F|\n|poke|p1|Alomomola, F|\n|poke|p1|Dragapult, F|\n|poke|p1|Great Tusk|\n|poke|p1|Mandibuzz, F|\n|poke|p1|Heatran, F|\n|poke|p2|Toxapex, M|\n|poke|p2|Kingambit, M|\n|poke|p2|Alomomola, F|\n|poke|p2|Zapdos|\n|poke|p2|Clefable, F|\n|poke|p2|Ting-Lu|\n|teampreview\n|inactive|Battle timer is ON: inactive players will automatically lose when time's up. (requested by itz_ado6)\n|\n|t:|1700738304\n|start\n|switch|p1a: Conkeldurr|Conkeldurr, F|100\/100\n|switch|p2a: Ting-Lu|Ting-Lu|100\/100\n|-ability|p2a: Ting-Lu|Vessel of Ruin\n|turn|1\n|\n|t:|1700738312\n|switch|p2a: Alomomola|Alomomola, F|100\/100\n|move|p1a: Conkeldurr|Knock Off|p2a: Alomomola\n|-damage|p2a: Alomomola|80\/100\n|-enditem|p2a: Alomomola|Heavy-Duty Boots|[from] move: Knock Off|[of] p1a: Conkeldurr\n|\n|-status|p1a: Conkeldurr|brn|[from] item: Flame Orb\n|upkeep\n|turn|2\n|\n|t:|1700738322\n|move|p2a: Alomomola|Protect|p2a: Alomomola\n|-singleturn|p2a: Alomomola|Protect\n|move|p1a: Conkeldurr|Drain Punch|p2a: Alomomola\n|-activate|p2a: Alomomola|move: Protect\n|\n|-damage|p1a: Conkeldurr|95\/100 brn|[from] brn\n|upkeep\n|turn|3\n|\n|t:|1700738331\n|move|p1a: Conkeldurr|Knock Off|p2a: Alomomola\n|-damage|p2a: Alomomola|60\/100\n|move|p2a: Alomomola|Wish|p2a: Alomomola\n|\n|-damage|p1a: Conkeldurr|89\/100 brn|[from] brn\n|upkeep\n|turn|4\n|\n|t:|1700738345\n|switch|p1a: Dragapult|Dragapult, F|100\/100\n|move|p2a: Alomomola|Scald|p1a: Dragapult\n|-resisted|p1a: Dragapult\n|-damage|p1a: Dragapult|92\/100\n|\n|-heal|p2a: Alomomola|100\/100|[from] move: Wish|[wisher] Alomomola\n|upkeep\n|turn|5\n|\n|t:|1700738355\n|switch|p2a: Clefable|Clefable, F|100\/100\n|move|p1a: Dragapult|U-turn|p2a: Clefable\n|-resisted|p2a: Clefable\n|-crit|p2a: Clefable\n|-damage|p2a: Clefable|78\/100\n|\n|t:|1700738362\n|switch|p1a: Conkeldurr|Conkeldurr, F|89\/100 brn|[from] U-turn\n|\n|-heal|p2a: Clefable|84\/100|[from] item: Leftovers\n|-damage|p1a: Conkeldurr|83\/100 brn|[from] brn\n|upkeep\n|turn|6\n|\n|t:|1700738370\n|-terastallize|p1a: Conkeldurr|Normal\n|move|p2a: Clefable|Protect|p2a: Clefable\n|-singleturn|p2a: Clefable|Protect\n|move|p1a: Conkeldurr|Facade|p2a: Clefable\n|-activate|p2a: Clefable|move: Protect\n|\n|-heal|p2a: Clefable|90\/100|[from] item: Leftovers\n|-damage|p1a: Conkeldurr|77\/100 brn|[from] brn\n|upkeep\n|turn|7\n|\n|t:|1700738381\n|switch|p2a: Alomomola|Alomomola, F|100\/100\n|move|p1a: Conkeldurr|Facade|p2a: Alomomola\n|-damage|p2a: Alomomola|31\/100\n|\n|-damage|p1a: Conkeldurr|71\/100 brn|[from] brn\n|upkeep\n|turn|8\n|\n|t:|1700738397\n|move|p2a: Alomomola|Protect|p2a: Alomomola\n|-singleturn|p2a: Alomomola|Protect\n|move|p1a: Conkeldurr|Facade|p2a: Alomomola\n|-activate|p2a: Alomomola|move: Protect\n|\n|-damage|p1a: Conkeldurr|65\/100 brn|[from] brn\n|upkeep\n|turn|9\n|\n|t:|1700738408\n|switch|p2a: Toxapex|Toxapex, M|100\/100\n|move|p1a: Conkeldurr|Drain Punch|p2a: Toxapex\n|-resisted|p2a: Toxapex\n|-crit|p2a: Toxapex\n|-damage|p2a: Toxapex|71\/100\n|-heal|p1a: Conkeldurr|77\/100 brn|[from] drain|[of] p2a: Toxapex\n|\n|-heal|p2a: Toxapex|77\/100|[from] item: Leftovers\n|-damage|p1a: Conkeldurr|71\/100 brn|[from] brn\n|upkeep\n|turn|10\n|\n|t:|1700738419\n|move|p1a: Conkeldurr|Knock Off|p2a: Toxapex\n|-damage|p2a: Toxapex|38\/100\n|-enditem|p2a: Toxapex|Leftovers|[from] move: Knock Off|[of] p1a: Conkeldurr\n|move|p2a: Toxapex|Surf|p1a: Conkeldurr\n|-damage|p1a: Conkeldurr|46\/100 brn\n|\n|-damage|p1a: Conkeldurr|40\/100 brn|[from] brn\n|upkeep\n|turn|11\n|\n|t:|1700738428\n|move|p1a: Conkeldurr|Facade|p2a: Toxapex\n|-damage|p2a: Toxapex|0 fnt\n|faint|p2a: Toxapex\n|\n|-damage|p1a: Conkeldurr|34\/100 brn|[from] brn\n|upkeep\n|\n|t:|1700738439\n|switch|p2a: Kingambit|Kingambit, M|100\/100\n|-activate|p2a: Kingambit|ability: Supreme Overlord\n|-start|p2a: Kingambit|fallen1|[silent]\n|turn|12\n|\n|t:|1700738443\n|move|p1a: Conkeldurr|Mach Punch|p2a: Kingambit\n|-supereffective|p2a: Kingambit\n|-damage|p2a: Kingambit|0 fnt\n|faint|p2a: Kingambit\n|-end|p2a: Kingambit|fallen1|[silent]\n|\n|-damage|p1a: Conkeldurr|28\/100 brn|[from] brn\n|upkeep\n|\n|t:|1700738453\n|switch|p2a: Clefable|Clefable, F|90\/100\n|turn|13\n|\n|t:|1700738456\n|move|p1a: Conkeldurr|Facade|p2a: Clefable\n|-damage|p2a: Clefable|0 fnt\n|faint|p2a: Clefable\n|\n|-damage|p1a: Conkeldurr|22\/100 brn|[from] brn\n|upkeep\n|-message|trillbo forfeited.\n|\n|win|itz_ado6\n|raw|itz_ado6's rating: 1237 &rarr; <strong>1268<\/strong><br \/>(+31 for winning)\n|raw|trillbo's rating: 1328 &rarr; <strong>1303<\/strong><br \/>(-25 for losing)\n|l|\u2606trillbo\n","uploadtime":1700738465,"views":3,"p1id":"itzado6","p2id":"trillbo","formatid":"gen9ou","rating":1268,"private":0,"password":""}