{"id":"gen9ou-1990658485","p1":"hypersonic-bot","p2":"CapitanSimio","format":"[Gen 9] OU","log":"|j|\u2606hypersonic-bot\n|j|\u2606CapitanSimio\n|t:|1699989425\n|gametype|singles\n|player|p1|hypersonic-bot|1|1124\n|player|p2|CapitanSimio|266|1030\n|teamsize|p1|6\n|teamsize|p2|6\n|gen|9\n|tier|[Gen 9] OU\n|rated|\n|rule|Sleep Clause Mod: Limit one foe put to sleep\n|rule|Species Clause: Limit one of each Pok\u00e9mon\n|rule|OHKO Clause: OHKO moves are banned\n|rule|Evasion Items Clause: Evasion items are banned\n|rule|Evasion Moves Clause: Evasion moves are banned\n|rule|Endless Battle Clause: Forcing endless battles is banned\n|rule|HP Percentage Mod: HP is shown in percentages\n|clearpoke\n|poke|p1|Lycanroc-Dusk, F|\n|poke|p1|Espeon, M|\n|poke|p1|Meowscarada, F|\n|poke|p1|Hydreigon, F|\n|poke|p1|Scizor, F|\n|poke|p1|Arcanine, M|\n|poke|p2|Sneasler, F|\n|poke|p2|Heatran, F|\n|poke|p2|Alomomola, F|\n|poke|p2|Zapdos|\n|poke|p2|Greninja-*, F|\n|poke|p2|Rillaboom, F|\n|teampreview\n|inactive|Battle timer is ON: inactive players will automatically lose when time's up. (requested by CapitanSimio)\n|\n|t:|1699989441\n|start\n|switch|p1a: Lycanroc|Lycanroc-Dusk, F|100\/100\n|switch|p2a: Greninja|Greninja, F|100\/100\n|turn|1\n|\n|t:|1699989458\n|move|p2a: Greninja|Surf|p1a: Lycanroc\n|-start|p2a: Greninja|typechange|Water|[from] ability: Protean\n|-supereffective|p1a: Lycanroc\n|-enditem|p1a: Lycanroc|Focus Sash\n|-damage|p1a: Lycanroc|1\/100\n|move|p1a: Lycanroc|Taunt|p2a: Greninja\n|-start|p2a: Greninja|move: Taunt\n|\n|upkeep\n|turn|2\n|\n|t:|1699989467\n|move|p1a: Lycanroc|Accelerock|p2a: Greninja\n|-damage|p2a: Greninja|61\/100\n|move|p2a: Greninja|Surf|p1a: Lycanroc\n|-supereffective|p1a: Lycanroc\n|-damage|p1a: Lycanroc|0 fnt\n|faint|p1a: Lycanroc\n|\n|upkeep\n|\n|t:|1699989472\n|switch|p1a: Meowscarada|Meowscarada, F|100\/100\n|turn|3\n|\n|t:|1699989480\n|switch|p2a: Heatran|Heatran, F|100\/100\n|move|p1a: Meowscarada|Knock Off|p2a: Heatran\n|-start|p1a: Meowscarada|typechange|Dark|[from] ability: Protean\n|-damage|p2a: Heatran|53\/100\n|-enditem|p2a: Heatran|Leftovers|[from] move: Knock Off|[of] p1a: Meowscarada\n|\n|upkeep\n|turn|4\n|\n|t:|1699989503\n|move|p1a: Meowscarada|U-turn|p2a: Heatran\n|-resisted|p2a: Heatran\n|-damage|p2a: Heatran|48\/100\n|\n|t:|1699989507\n|switch|p1a: Arcanine|Arcanine, M|100\/100|[from] U-turn\n|-ability|p1a: Arcanine|Intimidate|boost\n|-unboost|p2a: Heatran|atk|1\n|move|p2a: Heatran|Lava Plume|p1a: Arcanine\n|-resisted|p1a: Arcanine\n|-damage|p1a: Arcanine|83\/100\n|\n|upkeep\n|turn|5\n|\n|t:|1699989515\n|move|p1a: Arcanine|Extreme Speed|p2a: Heatran\n|-resisted|p2a: Heatran\n|-damage|p2a: Heatran|35\/100\n|move|p2a: Heatran|Stealth Rock|p1a: Arcanine\n|-sidestart|p1: hypersonic-bot|move: Stealth Rock\n|\n|upkeep\n|turn|6\n|\n|t:|1699989543\n|switch|p1a: Hydreigon|Hydreigon, F|100\/100\n|-damage|p1a: Hydreigon|88\/100|[from] Stealth Rock\n|move|p2a: Heatran|Earth Power|p1a: Hydreigon\n|-immune|p1a: Hydreigon|[from] ability: Levitate\n|\n|-heal|p1a: Hydreigon|94\/100|[from] item: Leftovers\n|upkeep\n|turn|7\n|inactive|CapitanSimio has 120 seconds left.\n|\n|t:|1699989577\n|switch|p2a: Zapdos|Zapdos|100\/100\n|move|p1a: Hydreigon|Nasty Plot|p1a: Hydreigon\n|-boost|p1a: Hydreigon|spa|2\n|\n|-heal|p1a: Hydreigon|100\/100|[from] item: Leftovers\n|upkeep\n|turn|8\n|inactive|CapitanSimio has 120 seconds left.\n|\n|t:|1699989589\n|move|p1a: Hydreigon|Dragon Pulse|p2a: Zapdos\n|-damage|p2a: Zapdos|13\/100\n|move|p2a: Zapdos|Air Cutter|p1a: Hydreigon\n|-damage|p1a: Hydreigon|64\/100\n|\n|-heal|p1a: Hydreigon|70\/100|[from] item: Leftovers\n|-heal|p2a: Zapdos|19\/100|[from] item: Leftovers\n|upkeep\n|turn|9\n|\n|t:|1699989596\n|move|p1a: Hydreigon|Dragon Pulse|p2a: Zapdos\n|-damage|p2a: Zapdos|0 fnt\n|faint|p2a: Zapdos\n|\n|-heal|p1a: Hydreigon|76\/100|[from] item: Leftovers\n|upkeep\n|\n|t:|1699989601\n|switch|p2a: Sneasler|Sneasler, F|100\/100\n|turn|10\n|\n|t:|1699989608\n|move|p2a: Sneasler|Swords Dance|p2a: Sneasler\n|-boost|p2a: Sneasler|atk|2\n|move|p1a: Hydreigon|Dragon Pulse|p2a: Sneasler\n|-enditem|p2a: Sneasler|Focus Sash\n|-damage|p2a: Sneasler|1\/100\n|\n|-heal|p1a: Hydreigon|83\/100|[from] item: Leftovers\n|upkeep\n|turn|11\n|\n|t:|1699989622\n|move|p2a: Sneasler|Close Combat|p1a: Hydreigon\n|-supereffective|p1a: Hydreigon\n|-damage|p1a: Hydreigon|0 fnt\n|-unboost|p2a: Sneasler|def|1\n|-unboost|p2a: Sneasler|spd|1\n|faint|p1a: Hydreigon\n|\n|upkeep\n|\n|t:|1699989625\n|switch|p1a: Scizor|Scizor, F|100\/100\n|-damage|p1a: Scizor|88\/100|[from] Stealth Rock\n|turn|12\n|\n|t:|1699989636\n|switch|p2a: Alomomola|Alomomola, F|100\/100\n|move|p1a: Scizor|Bullet Punch|p2a: Alomomola\n|-resisted|p2a: Alomomola\n|-damage|p2a: Alomomola|90\/100\n|-damage|p1a: Scizor|71\/100|[from] item: Rocky Helmet|[of] p2a: Alomomola\n|\n|-heal|p1a: Scizor|78\/100|[from] item: Leftovers\n|upkeep\n|turn|13\n|\n|t:|1699989644\n|move|p2a: Alomomola|Wish|p2a: Alomomola\n|move|p1a: Scizor|Defog|p2a: Alomomola\n|-unboost|p2a: Alomomola|evasion|1\n|-sideend|p1: hypersonic-bot|Stealth Rock|[from] move: Defog|[of] p1a: Scizor\n|\n|-heal|p1a: Scizor|84\/100|[from] item: Leftovers\n|upkeep\n|turn|14\n|\n|t:|1699989656\n|move|p2a: Alomomola|Scald|p1a: Scizor\n|-damage|p1a: Scizor|69\/100\n|move|p1a: Scizor|U-turn|p2a: Alomomola\n|-damage|p2a: Alomomola|65\/100\n|-damage|p1a: Scizor|52\/100|[from] item: Rocky Helmet|[of] p2a: Alomomola\n|\n|t:|1699989664\n|switch|p1a: Espeon|Espeon, M|100\/100|[from] U-turn\n|\n|-heal|p2a: Alomomola|100\/100|[from] move: Wish|[wisher] Alomomola\n|upkeep\n|turn|15\n|\n|t:|1699989671\n|move|p1a: Espeon|Calm Mind|p1a: Espeon\n|-boost|p1a: Espeon|spa|1\n|-boost|p1a: Espeon|spd|1\n|move|p2a: Alomomola|Wish|p2a: Alomomola\n|\n|upkeep\n|turn|16\n|\n|t:|1699989677\n|switch|p2a: Heatran|Heatran, F|35\/100\n|move|p1a: Espeon|Calm Mind|p1a: Espeon\n|-boost|p1a: Espeon|spa|1\n|-boost|p1a: Espeon|spd|1\n|\n|-heal|p2a: Heatran|100\/100|[from] move: Wish|[wisher] Alomomola\n|upkeep\n|turn|17\n|\n|t:|1699989688\n|move|p1a: Espeon|Psychic|p2a: Heatran\n|-resisted|p2a: Heatran\n|-damage|p2a: Heatran|57\/100\n|-damage|p1a: Espeon|91\/100|[from] item: Life Orb\n|move|p2a: Heatran|Flash Cannon|p1a: Espeon\n|-damage|p1a: Espeon|63\/100\n|\n|upkeep\n|turn|18\n|\n|t:|1699989703\n|move|p1a: Espeon|Psychic|p2a: Heatran\n|-resisted|p2a: Heatran\n|-damage|p2a: Heatran|12\/100\n|-damage|p1a: Espeon|53\/100|[from] item: Life Orb\n|move|p2a: Heatran|Flash Cannon|p1a: Espeon\n|-crit|p1a: Espeon\n|-damage|p1a: Espeon|0 fnt\n|faint|p1a: Espeon\n|\n|upkeep\n|\n|t:|1699989714\n|switch|p1a: Meowscarada|Meowscarada, F|100\/100\n|turn|19\n|\n|t:|1699989727\n|move|p1a: Meowscarada|Knock Off|p2a: Heatran\n|-start|p1a: Meowscarada|typechange|Dark|[from] ability: Protean\n|-damage|p2a: Heatran|0 fnt\n|faint|p2a: Heatran\n|\n|upkeep\n|\n|t:|1699989743\n|switch|p2a: Greninja|Greninja, F|61\/100\n|turn|20\n|\n|t:|1699989750\n|move|p2a: Greninja|U-turn|p1a: Meowscarada\n|-start|p2a: Greninja|typechange|Bug|[from] ability: Protean\n|-supereffective|p1a: Meowscarada\n|-damage|p1a: Meowscarada|39\/100\n|\n|t:|1699989755\n|switch|p2a: Rillaboom|Rillaboom, F|100\/100|[from] U-turn\n|-fieldstart|move: Grassy Terrain|[from] ability: Grassy Surge|[of] p2a: Rillaboom\n|move|p1a: Meowscarada|Flower Trick|p2a: Rillaboom\n|-resisted|p2a: Rillaboom\n|-crit|p2a: Rillaboom\n|-damage|p2a: Rillaboom|77\/100\n|\n|-heal|p1a: Meowscarada|45\/100|[from] Grassy Terrain\n|-heal|p2a: Rillaboom|84\/100|[from] Grassy Terrain\n|upkeep\n|turn|21\n|\n|t:|1699989769\n|switch|p1a: Arcanine|Arcanine, M|83\/100\n|-ability|p1a: Arcanine|Intimidate|boost\n|-unboost|p2a: Rillaboom|atk|1\n|move|p2a: Rillaboom|Knock Off|p1a: Arcanine\n|-damage|p1a: Arcanine|39\/100\n|-enditem|p1a: Arcanine|Heavy-Duty Boots|[from] move: Knock Off|[of] p2a: Rillaboom\n|\n|-heal|p2a: Rillaboom|90\/100|[from] Grassy Terrain\n|-heal|p1a: Arcanine|45\/100|[from] Grassy Terrain\n|upkeep\n|turn|22\n|\n|t:|1699989781\n|switch|p2a: Alomomola|Alomomola, F|100\/100\n|move|p1a: Arcanine|Will-O-Wisp|p2a: Alomomola\n|-status|p2a: Alomomola|brn\n|\n|-heal|p1a: Arcanine|51\/100|[from] Grassy Terrain\n|-damage|p2a: Alomomola|94\/100 brn|[from] brn\n|upkeep\n|turn|23\n|\n|t:|1699989790\n|move|p1a: Arcanine|Morning Sun|p1a: Arcanine\n|-heal|p1a: Arcanine|100\/100\n|move|p2a: Alomomola|Wish|p2a: Alomomola\n|\n|-heal|p2a: Alomomola|100\/100 brn|[from] Grassy Terrain\n|-damage|p2a: Alomomola|94\/100 brn|[from] brn\n|upkeep\n|turn|24\n|\n|t:|1699989803\n|switch|p1a: Meowscarada|Meowscarada, F|45\/100\n|switch|p2a: Sneasler|Sneasler, F|1\/100\n|\n|-heal|p2a: Sneasler|81\/100|[from] move: Wish|[wisher] Alomomola\n|-heal|p1a: Meowscarada|51\/100|[from] Grassy Terrain\n|-heal|p2a: Sneasler|87\/100|[from] Grassy Terrain\n|-fieldend|move: Grassy Terrain\n|upkeep\n|turn|25\n|\n|t:|1699989825\n|switch|p2a: Rillaboom|Rillaboom, F|90\/100\n|-fieldstart|move: Grassy Terrain|[from] ability: Grassy Surge|[of] p2a: Rillaboom\n|move|p1a: Meowscarada|Sucker Punch||[still]\n|-fail|p1a: Meowscarada\n|\n|-heal|p1a: Meowscarada|57\/100|[from] Grassy Terrain\n|-heal|p2a: Rillaboom|96\/100|[from] Grassy Terrain\n|upkeep\n|turn|26\n|\n|t:|1699989838\n|move|p1a: Meowscarada|U-turn|p2a: Rillaboom\n|-start|p1a: Meowscarada|typechange|Bug|[from] ability: Protean\n|-supereffective|p2a: Rillaboom\n|-damage|p2a: Rillaboom|29\/100\n|\n|t:|1699989846\n|switch|p1a: Arcanine|Arcanine, M|100\/100|[from] U-turn\n|-ability|p1a: Arcanine|Intimidate|boost\n|-unboost|p2a: Rillaboom|atk|1\n|move|p2a: Rillaboom|Knock Off|p1a: Arcanine\n|-damage|p1a: Arcanine|69\/100\n|\n|-heal|p2a: Rillaboom|35\/100|[from] Grassy Terrain\n|-heal|p1a: Arcanine|75\/100|[from] Grassy Terrain\n|upkeep\n|turn|27\n|\n|t:|1699989856\n|switch|p2a: Greninja|Greninja, F|61\/100\n|move|p1a: Arcanine|Will-O-Wisp|p2a: Greninja\n|-status|p2a: Greninja|brn\n|\n|-heal|p2a: Greninja|67\/100 brn|[from] Grassy Terrain\n|-heal|p1a: Arcanine|81\/100|[from] Grassy Terrain\n|-damage|p2a: Greninja|61\/100 brn|[from] brn\n|upkeep\n|turn|28\n|\n|t:|1699989873\n|move|p2a: Greninja|Surf|p1a: Arcanine\n|-start|p2a: Greninja|typechange|Water|[from] ability: Protean\n|-supereffective|p1a: Arcanine\n|-damage|p1a: Arcanine|12\/100\n|move|p1a: Arcanine|Morning Sun|p1a: Arcanine\n|-heal|p1a: Arcanine|62\/100\n|\n|-heal|p2a: Greninja|67\/100 brn|[from] Grassy Terrain\n|-heal|p1a: Arcanine|68\/100|[from] Grassy Terrain\n|-damage|p2a: Greninja|61\/100 brn|[from] brn\n|upkeep\n|turn|29\n|\n|t:|1699989892\n|switch|p1a: Scizor|Scizor, F|52\/100\n|move|p2a: Greninja|Surf|p1a: Scizor\n|-damage|p1a: Scizor|1\/100\n|\n|-heal|p2a: Greninja|67\/100 brn|[from] Grassy Terrain\n|-heal|p1a: Scizor|7\/100|[from] Grassy Terrain\n|-heal|p1a: Scizor|13\/100|[from] item: Leftovers\n|-damage|p2a: Greninja|61\/100 brn|[from] brn\n|-fieldend|move: Grassy Terrain\n|upkeep\n|turn|30\n|\n|t:|1699989902\n|move|p1a: Scizor|Bullet Punch|p2a: Greninja\n|-resisted|p2a: Greninja\n|-damage|p2a: Greninja|31\/100 brn\n|move|p2a: Greninja|Surf|p1a: Scizor\n|-damage|p1a: Scizor|0 fnt\n|faint|p1a: Scizor\n|\n|-damage|p2a: Greninja|25\/100 brn|[from] brn\n|upkeep\n|\n|t:|1699989906\n|switch|p1a: Meowscarada|Meowscarada, F|57\/100\n|turn|31\n|\n|t:|1699989915\n|switch|p2a: Rillaboom|Rillaboom, F|35\/100\n|-fieldstart|move: Grassy Terrain|[from] ability: Grassy Surge|[of] p2a: Rillaboom\n|move|p1a: Meowscarada|Knock Off|p2a: Rillaboom\n|-start|p1a: Meowscarada|typechange|Dark|[from] ability: Protean\n|-damage|p2a: Rillaboom|0 fnt\n|-enditem|p2a: Rillaboom|Choice Band|[from] move: Knock Off|[of] p1a: Meowscarada\n|faint|p2a: Rillaboom\n|\n|-heal|p1a: Meowscarada|64\/100|[from] Grassy Terrain\n|upkeep\n|\n|t:|1699989925\n|switch|p2a: Greninja|Greninja, F|25\/100 brn\n|turn|32\n|\n|t:|1699989930\n|move|p2a: Greninja|U-turn|p1a: Meowscarada\n|-start|p2a: Greninja|typechange|Bug|[from] ability: Protean\n|-supereffective|p1a: Meowscarada\n|-damage|p1a: Meowscarada|33\/100\n|\n|t:|1699989935\n|switch|p2a: Alomomola|Alomomola, F|100\/100 brn|[from] U-turn\n|move|p1a: Meowscarada|Knock Off|p2a: Alomomola\n|-damage|p2a: Alomomola|76\/100 brn\n|-damage|p1a: Meowscarada|16\/100|[from] item: Rocky Helmet|[of] p2a: Alomomola\n|-enditem|p2a: Alomomola|Rocky Helmet|[from] move: Knock Off|[of] p1a: Meowscarada\n|\n|-heal|p1a: Meowscarada|22\/100|[from] Grassy Terrain\n|-heal|p2a: Alomomola|82\/100 brn|[from] Grassy Terrain\n|-damage|p2a: Alomomola|76\/100 brn|[from] brn\n|upkeep\n|turn|33\n|\n|t:|1699989947\n|move|p1a: Meowscarada|Flower Trick|p2a: Alomomola\n|-supereffective|p2a: Alomomola\n|-crit|p2a: Alomomola\n|-damage|p2a: Alomomola|26\/100 brn\n|move|p2a: Alomomola|Scald|p1a: Meowscarada\n|-damage|p1a: Meowscarada|2\/100\n|\n|-heal|p1a: Meowscarada|8\/100|[from] Grassy Terrain\n|-heal|p2a: Alomomola|32\/100 brn|[from] Grassy Terrain\n|-damage|p2a: Alomomola|26\/100 brn|[from] brn\n|upkeep\n|turn|34\n|\n|t:|1699989957\n|move|p1a: Meowscarada|Flower Trick|p2a: Alomomola\n|-supereffective|p2a: Alomomola\n|-crit|p2a: Alomomola\n|-damage|p2a: Alomomola|0 fnt\n|faint|p2a: Alomomola\n|\n|-heal|p1a: Meowscarada|14\/100|[from] Grassy Terrain\n|upkeep\n|\n|t:|1699989967\n|switch|p2a: Greninja|Greninja, F|25\/100 brn\n|turn|35\n|\n|t:|1699989972\n|move|p1a: Meowscarada|Sucker Punch|p2a: Greninja\n|-resisted|p2a: Greninja\n|-damage|p2a: Greninja|0 fnt\n|faint|p2a: Greninja\n|\n|-heal|p1a: Meowscarada|20\/100|[from] Grassy Terrain\n|-fieldend|move: Grassy Terrain\n|upkeep\n|\n|t:|1699989978\n|switch|p2a: Sneasler|Sneasler, F|87\/100\n|turn|36\n|\n|t:|1699989991\n|move|p1a: Meowscarada|Knock Off|p2a: Sneasler\n|-resisted|p2a: Sneasler\n|-damage|p2a: Sneasler|61\/100\n|move|p2a: Sneasler|Acrobatics|p1a: Meowscarada\n|-damage|p1a: Meowscarada|0 fnt\n|faint|p1a: Meowscarada\n|\n|upkeep\n|\n|t:|1699989996\n|switch|p1a: Arcanine|Arcanine, M|68\/100\n|-ability|p1a: Arcanine|Intimidate|boost\n|-unboost|p2a: Sneasler|atk|1\n|turn|37\n|\n|t:|1699990005\n|move|p2a: Sneasler|Acrobatics|p1a: Arcanine\n|-damage|p1a: Arcanine|35\/100\n|move|p1a: Arcanine|Will-O-Wisp|p2a: Sneasler\n|-status|p2a: Sneasler|brn\n|\n|-damage|p2a: Sneasler|55\/100 brn|[from] brn\n|upkeep\n|turn|38\n|\n|t:|1699990016\n|move|p2a: Sneasler|Acrobatics|p1a: Arcanine\n|-damage|p1a: Arcanine|20\/100\n|move|p1a: Arcanine|Morning Sun|p1a: Arcanine\n|-heal|p1a: Arcanine|70\/100\n|\n|-damage|p2a: Sneasler|49\/100 brn|[from] brn\n|upkeep\n|turn|39\n|-message|CapitanSimio forfeited.\n|\n|win|hypersonic-bot\n|raw|hypersonic-bot's rating: 1124 &rarr; <strong>1142<\/strong><br \/>(+18 for winning)\n|raw|CapitanSimio's rating: 1030 &rarr; <strong>1019<\/strong><br \/>(-11 for losing)\n|l|\u2606CapitanSimio\n","uploadtime":1699990026,"views":15,"p1id":"hypersonicbot","p2id":"capitansimio","formatid":"gen9ou","rating":1019,"private":0,"password":""}