{"id":"gen9ou-2000575044","p1":"Rubyboi711","p2":"kaiogtz","format":"[Gen 9] OU","log":"|j|\u2606Rubyboi711\n|j|\u2606kaiogtz\n|t:|1701206761\n|gametype|singles\n|player|p1|Rubyboi711|volkner|1262\n|player|p2|kaiogtz|266|1296\n|teamsize|p1|6\n|teamsize|p2|6\n|gen|9\n|tier|[Gen 9] OU\n|rated|\n|rule|Sleep Clause Mod: Limit one foe put to sleep\n|rule|Species Clause: Limit one of each Pok\u00e9mon\n|rule|OHKO Clause: OHKO moves are banned\n|rule|Evasion Items Clause: Evasion items are banned\n|rule|Evasion Moves Clause: Evasion moves are banned\n|rule|Endless Battle Clause: Forcing endless battles is banned\n|rule|HP Percentage Mod: HP is shown in percentages\n|clearpoke\n|poke|p1|Kingambit, F|\n|poke|p1|Gyarados, M|\n|poke|p1|Maushold|\n|poke|p1|Ogerpon-Cornerstone, F|\n|poke|p1|Kommo-o, F|\n|poke|p1|Electrode-Hisui|\n|poke|p2|Kingambit, F|\n|poke|p2|Enamorus, F|\n|poke|p2|Ribombee, F|\n|poke|p2|Ninetales-Alola, M|\n|poke|p2|Quagsire, F|\n|poke|p2|Garchomp, M|\n|teampreview\n|inactive|Battle timer is ON: inactive players will automatically lose when time's up. (requested by kaiogtz)\n|\n|t:|1701206773\n|start\n|switch|p1a: Maushold|Maushold|100\/100\n|switch|p2a: Ribombee|Ribombee, F|100\/100\n|turn|1\n|\n|t:|1701206777\n|move|p2a: Ribombee|Sticky Web|p1a: Maushold\n|-sidestart|p1: Rubyboi711|move: Sticky Web\n|move|p1a: Maushold|Tidy Up|p1a: Maushold\n|-sideend|p1: Rubyboi711|Sticky Web\n|-activate|p1a: Maushold|move: Tidy Up\n|-boost|p1a: Maushold|atk|1\n|-boost|p1a: Maushold|spe|1\n|\n|upkeep\n|turn|2\n|\n|t:|1701206784\n|move|p1a: Maushold|Population Bomb|p2a: Ribombee\n|-damage|p2a: Ribombee|62\/100\n|-damage|p2a: Ribombee|28\/100\n|-damage|p2a: Ribombee|0 fnt\n|faint|p2a: Ribombee\n|-hitcount|p2: Ribombee|3\n|\n|upkeep\n|\n|t:|1701206794\n|switch|p2a: Quagsire|Quagsire, F|100\/100\n|turn|3\n|\n|t:|1701206797\n|move|p1a: Maushold|Population Bomb|p2a: Quagsire\n|-damage|p2a: Quagsire|92\/100\n|-damage|p2a: Quagsire|84\/100\n|-hitcount|p2a: Quagsire|2\n|move|p2a: Quagsire|Curse|p2a: Quagsire\n|-unboost|p2a: Quagsire|spe|1\n|-boost|p2a: Quagsire|atk|1\n|-boost|p2a: Quagsire|def|1\n|\n|-heal|p2a: Quagsire|90\/100|[from] item: Leftovers\n|upkeep\n|turn|4\n|\n|t:|1701206805\n|switch|p1a: Electrode|Electrode-Hisui|100\/100\n|move|p2a: Quagsire|Toxic|p1a: Electrode\n|-status|p1a: Electrode|tox\n|\n|-heal|p2a: Quagsire|96\/100|[from] item: Leftovers\n|-damage|p1a: Electrode|94\/100 tox|[from] psn\n|upkeep\n|turn|5\n|\n|t:|1701206813\n|switch|p2a: Garchomp|Garchomp, M|100\/100\n|move|p1a: Electrode|Energy Ball|p2a: Garchomp\n|-damage|p2a: Garchomp|47\/100\n|\n|-damage|p1a: Electrode|82\/100 tox|[from] psn\n|upkeep\n|turn|6\n|\n|t:|1701206821\n|move|p1a: Electrode|Energy Ball|p2a: Garchomp\n|-damage|p2a: Garchomp|0 fnt\n|faint|p2a: Garchomp\n|\n|-damage|p1a: Electrode|64\/100 tox|[from] psn\n|upkeep\n|\n|t:|1701206837\n|switch|p2a: Enamorus|Enamorus, F|100\/100\n|turn|7\n|\n|t:|1701206845\n|switch|p1a: Ogerpon|Ogerpon-Cornerstone, F|100\/100\n|move|p2a: Enamorus|Superpower|p1a: Ogerpon\n|-supereffective|p1a: Ogerpon\n|-damage|p1a: Ogerpon|27\/100\n|-boost|p2a: Enamorus|atk|1\n|-boost|p2a: Enamorus|def|1\n|\n|upkeep\n|turn|8\n|\n|t:|1701206854\n|move|p1a: Ogerpon|Ivy Cudgel|p2a: Enamorus|[anim] Ivy Cudgel Rock\n|-supereffective|p2a: Enamorus\n|-damage|p2a: Enamorus|0 fnt\n|faint|p2a: Enamorus\n|\n|upkeep\n|\n|t:|1701206864\n|switch|p2a: Quagsire|Quagsire, F|96\/100\n|turn|9\n|\n|t:|1701206869\n|move|p1a: Ogerpon|Horn Leech|p2a: Quagsire\n|-supereffective|p2a: Quagsire\n|-damage|p2a: Quagsire|0 fnt\n|-heal|p1a: Ogerpon|90\/100|[from] drain|[of] p2a: Quagsire\n|faint|p2a: Quagsire\n|\n|upkeep\n|\n|t:|1701206873\n|switch|p2a: Kingambit|Kingambit, F|100\/100\n|-activate|p2a: Kingambit|ability: Supreme Overlord\n|-start|p2a: Kingambit|fallen4|[silent]\n|turn|10\n|\n|t:|1701206880\n|move|p1a: Ogerpon|Swords Dance|p1a: Ogerpon\n|-boost|p1a: Ogerpon|atk|2\n|move|p2a: Kingambit|Swords Dance|p2a: Kingambit\n|-boost|p2a: Kingambit|atk|2\n|\n|upkeep\n|turn|11\n|\n|t:|1701206888\n|-terastallize|p1a: Ogerpon|Rock\n|detailschange|p1a: Ogerpon|Ogerpon-Cornerstone-Tera, F, tera:Rock\n|-ability|p1a: Ogerpon|Embody Aspect (Cornerstone)|boost\n|-boost|p1a: Ogerpon|def|1\n|move|p2a: Kingambit|Sucker Punch||[still]\n|-fail|p2a: Kingambit\n|move|p1a: Ogerpon|Swords Dance|p1a: Ogerpon\n|-boost|p1a: Ogerpon|atk|2\n|\n|upkeep\n|turn|12\n|\n|t:|1701206898\n|move|p1a: Ogerpon|Ivy Cudgel|p2a: Kingambit|[anim] Ivy Cudgel Rock\n|-resisted|p2a: Kingambit\n|-damage|p2a: Kingambit|20\/100\n|move|p2a: Kingambit|Iron Head|p1a: Ogerpon\n|-supereffective|p1a: Ogerpon\n|-damage|p1a: Ogerpon|0 fnt\n|faint|p1a: Ogerpon\n|\n|-heal|p2a: Kingambit|26\/100|[from] item: Leftovers\n|upkeep\n|\n|t:|1701206914\n|switch|p1a: Kommo-o|Kommo-o, F|100\/100\n|turn|13\n|\n|t:|1701206916\n|-end|p2a: Kingambit|fallen4|[silent]\n|switch|p2a: Ninetales|Ninetales-Alola, M|100\/100\n|-weather|Snow|[from] ability: Snow Warning|[of] p2a: Ninetales\n|move|p1a: Kommo-o|Vacuum Wave|p2a: Ninetales\n|-damage|p2a: Ninetales|80\/100\n|\n|-weather|Snow|[upkeep]\n|-heal|p2a: Ninetales|86\/100|[from] item: Leftovers\n|upkeep\n|turn|14\n|\n|t:|1701206926\n|switch|p1a: Maushold|Maushold|100\/100\n|move|p2a: Ninetales|Moonblast|p1a: Maushold\n|-damage|p1a: Maushold|44\/100\n|-unboost|p1a: Maushold|spa|1\n|\n|-weather|Snow|[upkeep]\n|-heal|p2a: Ninetales|91\/100|[from] item: Leftovers\n|upkeep\n|turn|15\n|\n|t:|1701206942\n|move|p1a: Maushold|Population Bomb|p2a: Ninetales\n|-damage|p2a: Ninetales|80\/100\n|-damage|p2a: Ninetales|66\/100\n|-damage|p2a: Ninetales|53\/100\n|-damage|p2a: Ninetales|42\/100\n|-damage|p2a: Ninetales|30\/100\n|-crit|p2a: Ninetales\n|-damage|p2a: Ninetales|12\/100\n|-crit|p2a: Ninetales\n|-damage|p2a: Ninetales|0 fnt\n|faint|p2a: Ninetales\n|-hitcount|p2: Ninetales|7\n|\n|-weather|Snow|[upkeep]\n|upkeep\n|\n|t:|1701206947\n|switch|p2a: Kingambit|Kingambit, F|26\/100\n|-activate|p2a: Kingambit|ability: Supreme Overlord\n|-start|p2a: Kingambit|fallen5|[silent]\n|turn|16\n|\n|t:|1701206953\n|move|p2a: Kingambit|Sucker Punch|p1a: Maushold\n|-damage|p1a: Maushold|0 fnt\n|faint|p1a: Maushold\n|\n|-weather|Snow|[upkeep]\n|-heal|p2a: Kingambit|33\/100|[from] item: Leftovers\n|upkeep\n|\n|t:|1701206956\n|switch|p1a: Kommo-o|Kommo-o, F|100\/100\n|turn|17\n|\n|t:|1701206961\n|move|p1a: Kommo-o|Vacuum Wave|p2a: Kingambit\n|-supereffective|p2a: Kingambit\n|-damage|p2a: Kingambit|0 fnt\n|faint|p2a: Kingambit\n|-end|p2a: Kingambit|fallen5|[silent]\n|\n|win|Rubyboi711\n|raw|Rubyboi711's rating: 1262 &rarr; <strong>1289<\/strong><br \/>(+27 for winning)\n|raw|kaiogtz's rating: 1296 &rarr; <strong>1269<\/strong><br \/>(-27 for losing)\n","uploadtime":1701206964,"views":0,"p1id":"rubyboi711","p2id":"kaiogtz","formatid":"gen9ou","rating":1269,"private":0,"password":""}