{"id":"gen9ou-1993228655","p1":"SlingSchott","p2":"steezy1","format":"[Gen 9] OU","log":"|j|\u2606SlingSchott\n|j|\u2606steezy1\n|t:|1700281006\n|gametype|singles\n|player|p1|SlingSchott|blue|1244\n|player|p2|steezy1|101|1293\n|teamsize|p1|6\n|teamsize|p2|6\n|gen|9\n|tier|[Gen 9] OU\n|rated|\n|rule|Sleep Clause Mod: Limit one foe put to sleep\n|rule|Species Clause: Limit one of each Pok\u00e9mon\n|rule|OHKO Clause: OHKO moves are banned\n|rule|Evasion Items Clause: Evasion items are banned\n|rule|Evasion Moves Clause: Evasion moves are banned\n|rule|Endless Battle Clause: Forcing endless battles is banned\n|rule|HP Percentage Mod: HP is shown in percentages\n|clearpoke\n|poke|p1|Cinderace, M|\n|poke|p1|Walking Wake|\n|poke|p1|Garganacl, M|\n|poke|p1|Garchomp, M|\n|poke|p1|Corviknight, M|\n|poke|p1|Great Tusk|\n|poke|p2|Pelipper, F|\n|poke|p2|Barraskewda, F|\n|poke|p2|Iron Treads|\n|poke|p2|Landorus-Therian, M|\n|poke|p2|Ribombee, F|\n|poke|p2|Gengar, F|\n|teampreview\n|inactive|Battle timer is ON: inactive players will automatically lose when time's up. (requested by SlingSchott)\n|\n|t:|1700281020\n|start\n|switch|p1a: Cinderace|Cinderace, M, shiny|100\/100\n|switch|p2a: Gengar|Gengar, F|100\/100\n|-item|p2a: Gengar|Air Balloon\n|turn|1\n|\n|t:|1700281033\n|move|p1a: Cinderace|Pyro Ball|p2a: Gengar\n|-damage|p2a: Gengar|0 fnt\n|-enditem|p2a: Gengar|Air Balloon\n|faint|p2a: Gengar\n|\n|upkeep\n|\n|t:|1700281054\n|switch|p2a: Pelipper|Pelipper, F|100\/100\n|-weather|RainDance|[from] ability: Drizzle|[of] p2a: Pelipper\n|turn|2\n|\n|t:|1700281065\n|switch|p1a: Corviknight|Corviknight, M, shiny|100\/100\n|move|p2a: Pelipper|U-turn|p1a: Corviknight\n|-resisted|p1a: Corviknight\n|-damage|p1a: Corviknight|99\/100\n|-damage|p2a: Pelipper|84\/100|[from] item: Rocky Helmet|[of] p1a: Corviknight\n|\n|t:|1700281073\n|switch|p2a: Landorus|Landorus-Therian, M|100\/100|[from] U-turn\n|-ability|p2a: Landorus|Intimidate|boost\n|-ability|p1a: Corviknight|Mirror Armor\n|-unboost|p2a: Landorus|atk|1\n|\n|-weather|RainDance|[upkeep]\n|upkeep\n|turn|3\n|\n|t:|1700281084\n|move|p2a: Landorus|Weather Ball|p1a: Corviknight\n|-damage|p1a: Corviknight|56\/100\n|move|p1a: Corviknight|U-turn|p2a: Landorus\n|-resisted|p2a: Landorus\n|-damage|p2a: Landorus|92\/100\n|\n|t:|1700281092\n|switch|p1a: Walking Wake|Walking Wake|100\/100|[from] U-turn\n|-enditem|p1a: Walking Wake|Booster Energy\n|-activate|p1a: Walking Wake|ability: Protosynthesis|[fromitem]\n|-start|p1a: Walking Wake|protosynthesisspe\n|\n|-weather|RainDance|[upkeep]\n|upkeep\n|turn|4\n|\n|t:|1700281113\n|move|p1a: Walking Wake|Hydro Steam|p2a: Landorus\n|-supereffective|p2a: Landorus\n|-damage|p2a: Landorus|0 fnt\n|faint|p2a: Landorus\n|\n|-weather|RainDance|[upkeep]\n|upkeep\n|\n|t:|1700281117\n|switch|p2a: Ribombee|Ribombee, F|100\/100\n|turn|5\n|\n|t:|1700281122\n|-terastallize|p1a: Walking Wake|Steel\n|move|p1a: Walking Wake|Tera Blast|p2a: Ribombee|[anim] Tera Blast Steel\n|-supereffective|p2a: Ribombee\n|-crit|p2a: Ribombee\n|-enditem|p2a: Ribombee|Focus Sash\n|-damage|p2a: Ribombee|1\/100\n|move|p2a: Ribombee|Quiver Dance|p2a: Ribombee\n|-boost|p2a: Ribombee|spa|1\n|-boost|p2a: Ribombee|spd|1\n|-boost|p2a: Ribombee|spe|1\n|\n|-weather|RainDance|[upkeep]\n|upkeep\n|turn|6\n|\n|t:|1700281133\n|move|p2a: Ribombee|Bug Buzz|p1a: Walking Wake\n|-resisted|p1a: Walking Wake\n|-damage|p1a: Walking Wake|70\/100\n|move|p1a: Walking Wake|Tera Blast|p2a: Ribombee|[anim] Tera Blast Steel\n|-supereffective|p2a: Ribombee\n|-damage|p2a: Ribombee|0 fnt\n|faint|p2a: Ribombee\n|\n|-weather|RainDance|[upkeep]\n|upkeep\n|\n|t:|1700281136\n|switch|p2a: Barraskewda|Barraskewda, F|100\/100\n|turn|7\n|\n|t:|1700281145\n|-end|p1a: Walking Wake|Protosynthesis|[silent]\n|switch|p1a: Corviknight|Corviknight, M, shiny|56\/100\n|move|p2a: Barraskewda|Flip Turn|p1a: Corviknight\n|-damage|p1a: Corviknight|0 fnt\n|-damage|p2a: Barraskewda|84\/100|[from] item: Rocky Helmet|[of] p1a: Corviknight\n|faint|p1a: Corviknight\n|\n|t:|1700281148\n|switch|p2a: Iron Treads|Iron Treads|100\/100|[from] Flip Turn\n|\n|-weather|RainDance|[upkeep]\n|upkeep\n|\n|t:|1700281158\n|switch|p1a: Garchomp|Garchomp, M|100\/100\n|turn|8\n|\n|t:|1700281164\n|move|p1a: Garchomp|Swords Dance|p1a: Garchomp\n|-boost|p1a: Garchomp|atk|2\n|move|p2a: Iron Treads|Stealth Rock|p1a: Garchomp\n|-sidestart|p1: SlingSchott|move: Stealth Rock\n|\n|-weather|RainDance|[upkeep]\n|upkeep\n|turn|9\n|\n|t:|1700281173\n|move|p1a: Garchomp|Earthquake|p2a: Iron Treads\n|-supereffective|p2a: Iron Treads\n|-damage|p2a: Iron Treads|0 fnt\n|faint|p2a: Iron Treads\n|-end|p2a: Iron Treads|Quark Drive|[silent]\n|\n|-weather|none\n|upkeep\n|\n|t:|1700281176\n|switch|p2a: Pelipper|Pelipper, F|84\/100\n|-weather|RainDance|[from] ability: Drizzle|[of] p2a: Pelipper\n|turn|10\n|\n|t:|1700281181\n|move|p1a: Garchomp|Scale Shot|p2a: Pelipper\n|-damage|p2a: Pelipper|60\/100\n|-damage|p2a: Pelipper|34\/100\n|-damage|p2a: Pelipper|8\/100\n|-damage|p2a: Pelipper|0 fnt\n|faint|p2a: Pelipper\n|-hitcount|p2: Pelipper|4\n|-unboost|p1a: Garchomp|def|1\n|-boost|p1a: Garchomp|spe|1\n|\n|-weather|RainDance|[upkeep]\n|upkeep\n|\n|t:|1700281184\n|switch|p2a: Barraskewda|Barraskewda, F|84\/100\n|turn|11\n|\n|t:|1700281190\n|-terastallize|p2a: Barraskewda|Water\n|move|p2a: Barraskewda|Liquidation|p1a: Garchomp\n|-damage|p1a: Garchomp|0 fnt\n|-damage|p2a: Barraskewda|72\/100|[from] ability: Rough Skin|[of] p1a: Garchomp\n|faint|p1a: Garchomp\n|\n|-weather|RainDance|[upkeep]\n|upkeep\n|\n|t:|1700281197\n|switch|p1a: Garganacl|Garganacl, M|100\/100\n|-damage|p1a: Garganacl|88\/100|[from] Stealth Rock\n|turn|12\n|\n|t:|1700281199\n|move|p2a: Barraskewda|Liquidation|p1a: Garganacl\n|-supereffective|p1a: Garganacl\n|-damage|p1a: Garganacl|0 fnt\n|faint|p1a: Garganacl\n|\n|-weather|RainDance|[upkeep]\n|upkeep\n|\n|t:|1700281204\n|switch|p1a: Walking Wake|Walking Wake, tera:Steel|70\/100\n|-damage|p1a: Walking Wake|63\/100|[from] Stealth Rock\n|turn|13\n|\n|t:|1700281207\n|move|p2a: Barraskewda|Liquidation|p1a: Walking Wake\n|-damage|p1a: Walking Wake|0 fnt\n|faint|p1a: Walking Wake\n|-end|p1a: Walking Wake|Protosynthesis|[silent]\n|\n|-weather|RainDance|[upkeep]\n|upkeep\n|\n|t:|1700281211\n|switch|p1a: Great Tusk|Great Tusk|100\/100\n|-damage|p1a: Great Tusk|98\/100|[from] Stealth Rock\n|-enditem|p1a: Great Tusk|Booster Energy\n|-activate|p1a: Great Tusk|ability: Protosynthesis|[fromitem]\n|-start|p1a: Great Tusk|protosynthesisatk\n|turn|14\n|\n|t:|1700281215\n|move|p2a: Barraskewda|Liquidation|p1a: Great Tusk\n|-supereffective|p1a: Great Tusk\n|-damage|p1a: Great Tusk|0 fnt\n|faint|p1a: Great Tusk\n|-end|p1a: Great Tusk|Protosynthesis|[silent]\n|\n|-weather|RainDance|[upkeep]\n|upkeep\n|\n|t:|1700281218\n|switch|p1a: Cinderace|Cinderace, M, shiny|100\/100\n|-damage|p1a: Cinderace|76\/100|[from] Stealth Rock\n|turn|15\n|\n|t:|1700281220\n|move|p2a: Barraskewda|Liquidation|p1a: Cinderace\n|-supereffective|p1a: Cinderace\n|-damage|p1a: Cinderace|0 fnt\n|faint|p1a: Cinderace\n|\n|win|steezy1\n|raw|SlingSchott's rating: 1244 &rarr; <strong>1223<\/strong><br \/>(-21 for losing)\n|raw|steezy1's rating: 1293 &rarr; <strong>1314<\/strong><br \/>(+21 for winning)\n|l|\u2606SlingSchott\n|c|\u2606steezy1|gg\n","uploadtime":1700281230,"views":12,"p1id":"slingschott","p2id":"steezy1","formatid":"gen9ou","rating":1223,"private":0,"password":""}