{"id":"gen9ou-2000024675","p1":"slugdragon","p2":"TaxesAreEvil","format":"[Gen 9] OU","log":"|j|\u2606slugdragon\n|j|\u2606TaxesAreEvil\n|t:|1701142630\n|gametype|singles\n|player|p1|slugdragon|schoolkid-gen8|1154\n|player|p2|TaxesAreEvil|backpacker|1162\n|teamsize|p1|6\n|teamsize|p2|6\n|gen|9\n|tier|[Gen 9] OU\n|rated|\n|rule|Sleep Clause Mod: Limit one foe put to sleep\n|rule|Species Clause: Limit one of each Pok\u00e9mon\n|rule|OHKO Clause: OHKO moves are banned\n|rule|Evasion Items Clause: Evasion items are banned\n|rule|Evasion Moves Clause: Evasion moves are banned\n|rule|Endless Battle Clause: Forcing endless battles is banned\n|rule|HP Percentage Mod: HP is shown in percentages\n|clearpoke\n|poke|p1|Garchomp, F|\n|poke|p1|Rillaboom, M|\n|poke|p1|Toxapex, F|\n|poke|p1|Great Tusk|\n|poke|p1|Zapdos|\n|poke|p1|Dragapult, M|\n|poke|p2|Garchomp, F|\n|poke|p2|Thundurus, M|\n|poke|p2|Munkidori, M|\n|poke|p2|Kingambit, F|\n|poke|p2|Iron Moth|\n|poke|p2|Alomomola, M|\n|teampreview\n|inactive|Battle timer is ON: inactive players will automatically lose when time's up. (requested by TaxesAreEvil)\n|\n|t:|1701142659\n|start\n|switch|p1a: Toxapex|Toxapex, F|100\/100\n|switch|p2a: Munkidori|Munkidori, M|100\/100\n|turn|1\n|\n|t:|1701142664\n|move|p2a: Munkidori|Trick|p1a: Toxapex\n|-activate|p2a: Munkidori|move: Trick|[of] p1a: Toxapex\n|-item|p1a: Toxapex|Choice Scarf|[from] move: Trick\n|-item|p2a: Munkidori|Leftovers|[from] move: Trick\n|move|p1a: Toxapex|Surf|p2a: Munkidori\n|-damage|p2a: Munkidori|80\/100\n|\n|-heal|p2a: Munkidori|86\/100|[from] item: Leftovers\n|upkeep\n|turn|2\n|\n|t:|1701142672\n|move|p2a: Munkidori|Hex|p1a: Toxapex\n|-damage|p1a: Toxapex|86\/100\n|move|p1a: Toxapex|Surf|p2a: Munkidori\n|-damage|p2a: Munkidori|69\/100\n|\n|-heal|p2a: Munkidori|75\/100|[from] item: Leftovers\n|upkeep\n|turn|3\n|inactive|slugdragon has 120 seconds left.\n|inactive|slugdragon has 90 seconds left.\n|\n|t:|1701142747\n|move|p2a: Munkidori|Hex|p1a: Toxapex\n|-damage|p1a: Toxapex|70\/100\n|move|p1a: Toxapex|Surf|p2a: Munkidori\n|-damage|p2a: Munkidori|57\/100\n|\n|-heal|p2a: Munkidori|63\/100|[from] item: Leftovers\n|upkeep\n|turn|4\n|\n|t:|1701142767\n|move|p2a: Munkidori|Hex|p1a: Toxapex\n|-damage|p1a: Toxapex|54\/100\n|move|p1a: Toxapex|Surf|p2a: Munkidori\n|-damage|p2a: Munkidori|45\/100\n|\n|-heal|p2a: Munkidori|51\/100|[from] item: Leftovers\n|upkeep\n|turn|5\n|\n|t:|1701142774\n|move|p2a: Munkidori|Hex|p1a: Toxapex\n|-damage|p1a: Toxapex|39\/100\n|move|p1a: Toxapex|Surf|p2a: Munkidori\n|-damage|p2a: Munkidori|34\/100\n|\n|-heal|p2a: Munkidori|40\/100|[from] item: Leftovers\n|upkeep\n|turn|6\n|\n|t:|1701142780\n|move|p2a: Munkidori|Hex|p1a: Toxapex\n|-damage|p1a: Toxapex|25\/100\n|move|p1a: Toxapex|Surf|p2a: Munkidori\n|-damage|p2a: Munkidori|22\/100\n|\n|-heal|p2a: Munkidori|28\/100|[from] item: Leftovers\n|upkeep\n|turn|7\n|\n|t:|1701142787\n|move|p2a: Munkidori|Hex|p1a: Toxapex\n|-damage|p1a: Toxapex|8\/100\n|move|p1a: Toxapex|Surf|p2a: Munkidori\n|-damage|p2a: Munkidori|10\/100\n|\n|-heal|p2a: Munkidori|16\/100|[from] item: Leftovers\n|upkeep\n|turn|8\n|\n|t:|1701142794\n|switch|p1a: Great Tusk|Great Tusk|100\/100\n|move|p2a: Munkidori|Hex|p1a: Great Tusk\n|-damage|p1a: Great Tusk|75\/100\n|\n|-heal|p2a: Munkidori|22\/100|[from] item: Leftovers\n|-heal|p1a: Great Tusk|81\/100|[from] item: Leftovers\n|upkeep\n|turn|9\n|\n|t:|1701142808\n|switch|p2a: Thundurus|Thundurus, M|100\/100\n|move|p1a: Great Tusk|Knock Off|p2a: Thundurus\n|-damage|p2a: Thundurus|57\/100\n|-enditem|p2a: Thundurus|Red Card|[from] move: Knock Off|[of] p1a: Great Tusk\n|\n|-heal|p1a: Great Tusk|87\/100|[from] item: Leftovers\n|upkeep\n|turn|10\n|\n|t:|1701142815\n|-end|p1a: Great Tusk|Protosynthesis|[silent]\n|switch|p1a: Zapdos|Zapdos|100\/100\n|move|p2a: Thundurus|Acrobatics|p1a: Zapdos\n|-resisted|p1a: Zapdos\n|-damage|p1a: Zapdos|74\/100\n|\n|-heal|p1a: Zapdos|81\/100|[from] item: Leftovers\n|upkeep\n|turn|11\n|inactive|slugdragon has 120 seconds left.\n|\n|t:|1701142826\n|move|p2a: Thundurus|Knock Off|p1a: Zapdos\n|-damage|p1a: Zapdos|48\/100\n|-enditem|p1a: Zapdos|Leftovers|[from] move: Knock Off|[of] p2a: Thundurus\n|move|p1a: Zapdos|Volt Switch|p2a: Thundurus\n|-damage|p2a: Thundurus|15\/100\n|\n|t:|1701142830\n|switch|p1a: Dragapult|Dragapult, M|100\/100|[from] Volt Switch\n|\n|upkeep\n|turn|12\n|\n|t:|1701142838\n|move|p2a: Thundurus|Thunder Wave|p1a: Dragapult\n|-status|p1a: Dragapult|par\n|move|p1a: Dragapult|Shadow Ball|p2a: Thundurus\n|-damage|p2a: Thundurus|0 fnt\n|faint|p2a: Thundurus\n|\n|upkeep\n|\n|t:|1701142847\n|switch|p2a: Iron Moth|Iron Moth|100\/100\n|-enditem|p2a: Iron Moth|Booster Energy\n|-activate|p2a: Iron Moth|ability: Quark Drive|[fromitem]\n|-start|p2a: Iron Moth|quarkdrivespe\n|turn|13\n|\n|t:|1701142853\n|move|p2a: Iron Moth|Fiery Dance|p1a: Dragapult\n|-resisted|p1a: Dragapult\n|-damage|p1a: Dragapult|73\/100 par\n|-boost|p2a: Iron Moth|spa|1\n|cant|p1a: Dragapult|par\n|\n|upkeep\n|turn|14\n|\n|t:|1701142859\n|move|p2a: Iron Moth|Fiery Dance|p1a: Dragapult\n|-resisted|p1a: Dragapult\n|-damage|p1a: Dragapult|30\/100 par\n|move|p1a: Dragapult|Shadow Ball|p2a: Iron Moth\n|-damage|p2a: Iron Moth|50\/100\n|\n|upkeep\n|turn|15\n|\n|t:|1701142867\n|switch|p1a: Garchomp|Garchomp, F|100\/100\n|move|p2a: Iron Moth|Fiery Dance|p1a: Garchomp\n|-resisted|p1a: Garchomp\n|-damage|p1a: Garchomp|64\/100\n|-boost|p2a: Iron Moth|spa|1\n|\n|upkeep\n|turn|16\n|\n|t:|1701142879\n|move|p2a: Iron Moth|Psychic|p1a: Garchomp\n|-damage|p1a: Garchomp|0 fnt\n|faint|p1a: Garchomp\n|\n|upkeep\n|\n|t:|1701142888\n|switch|p1a: Rillaboom|Rillaboom, M|100\/100\n|-fieldstart|move: Grassy Terrain|[from] ability: Grassy Surge|[of] p1a: Rillaboom\n|turn|17\n|\n|t:|1701142892\n|move|p2a: Iron Moth|Fiery Dance|p1a: Rillaboom\n|-supereffective|p1a: Rillaboom\n|-damage|p1a: Rillaboom|0 fnt\n|-boost|p2a: Iron Moth|spa|1\n|faint|p1a: Rillaboom\n|\n|-heal|p2a: Iron Moth|56\/100|[from] Grassy Terrain\n|upkeep\n|\n|t:|1701142894\n|switch|p1a: Toxapex|Toxapex, F|41\/100\n|turn|18\n|\n|t:|1701142903\n|switch|p1a: Great Tusk|Great Tusk|87\/100\n|move|p2a: Iron Moth|Psychic|p1a: Great Tusk\n|-supereffective|p1a: Great Tusk\n|-damage|p1a: Great Tusk|0 fnt\n|faint|p1a: Great Tusk\n|-end|p1a: Great Tusk|Protosynthesis|[silent]\n|\n|-heal|p2a: Iron Moth|62\/100|[from] Grassy Terrain\n|upkeep\n|\n|t:|1701142905\n|switch|p1a: Toxapex|Toxapex, F|75\/100\n|turn|19\n|\n|t:|1701142912\n|-terastallize|p1a: Toxapex|Steel\n|move|p2a: Iron Moth|Psychic|p1a: Toxapex\n|-resisted|p1a: Toxapex\n|-damage|p1a: Toxapex|43\/100\n|move|p1a: Toxapex|Surf|p2a: Iron Moth\n|-supereffective|p2a: Iron Moth\n|-damage|p2a: Iron Moth|27\/100\n|\n|-heal|p2a: Iron Moth|33\/100|[from] Grassy Terrain\n|-heal|p1a: Toxapex|49\/100|[from] Grassy Terrain\n|upkeep\n|turn|20\n|\n|t:|1701142932\n|switch|p1a: Dragapult|Dragapult, M|30\/100 par\n|move|p2a: Iron Moth|Fiery Dance|p1a: Dragapult\n|-resisted|p1a: Dragapult\n|-damage|p1a: Dragapult|0 fnt\n|-boost|p2a: Iron Moth|spa|1\n|faint|p1a: Dragapult\n|\n|-heal|p2a: Iron Moth|39\/100|[from] Grassy Terrain\n|upkeep\n|\n|t:|1701142934\n|switch|p1a: Toxapex|Toxapex, F, tera:Steel|82\/100\n|turn|21\n|\n|t:|1701142942\n|move|p2a: Iron Moth|Fiery Dance|p1a: Toxapex\n|-supereffective|p1a: Toxapex\n|-damage|p1a: Toxapex|0 fnt\n|faint|p1a: Toxapex\n|\n|-heal|p2a: Iron Moth|45\/100|[from] Grassy Terrain\n|-fieldend|move: Grassy Terrain\n|upkeep\n|\n|t:|1701142956\n|switch|p1a: Zapdos|Zapdos|48\/100\n|turn|22\n|\n|t:|1701142959\n|move|p2a: Iron Moth|Fiery Dance|p1a: Zapdos\n|-damage|p1a: Zapdos|0 fnt\n|faint|p1a: Zapdos\n|\n|win|TaxesAreEvil\n|raw|slugdragon's rating: 1154 &rarr; <strong>1130<\/strong><br \/>(-24 for losing)\n|raw|TaxesAreEvil's rating: 1162 &rarr; <strong>1186<\/strong><br \/>(+24 for winning)\n","uploadtime":1701142965,"views":5,"p1id":"slugdragon","p2id":"taxesareevil","formatid":"gen9ou","rating":1130,"private":0,"password":""}