{"id":"gen9ou-1989975374","p1":"apoiguespm","p2":"mathismathin","format":"[Gen 9] OU","log":"|j|\u2606apoiguespm\n|j|\u2606mathismathin\n|t:|1699911727\n|gametype|singles\n|player|p1|apoiguespm|cyrus|1838\n|player|p2|mathismathin|nate|1760\n|teamsize|p1|6\n|teamsize|p2|6\n|gen|9\n|tier|[Gen 9] OU\n|rated|\n|rule|Sleep Clause Mod: Limit one foe put to sleep\n|rule|Species Clause: Limit one of each Pok\u00e9mon\n|rule|OHKO Clause: OHKO moves are banned\n|rule|Evasion Items Clause: Evasion items are banned\n|rule|Evasion Moves Clause: Evasion moves are banned\n|rule|Endless Battle Clause: Forcing endless battles is banned\n|rule|HP Percentage Mod: HP is shown in percentages\n|clearpoke\n|poke|p1|Gholdengo|\n|poke|p1|Iron Valiant|\n|poke|p1|Great Tusk|\n|poke|p1|Kingambit, F|\n|poke|p1|Dragonite, M|\n|poke|p1|Samurott-Hisui, F|\n|poke|p2|Clefable, F|\n|poke|p2|Alomomola, F|\n|poke|p2|Blissey, F|\n|poke|p2|Clodsire, M|\n|poke|p2|Dondozo, M|\n|poke|p2|Amoonguss, M|\n|teampreview\n|inactive|Battle timer is ON: inactive players will automatically lose when time's up. (requested by apoiguespm)\n|j| Large_Rodent\n|j| mancinitheterrible\n|\n|t:|1699911756\n|start\n|switch|p1a: Samurott|Samurott-Hisui, F, shiny|100\/100\n|switch|p2a: Clefable|Clefable, F|100\/100\n|turn|1\n|\n|t:|1699911761\n|move|p1a: Samurott|Ceaseless Edge|p2a: Clefable\n|-resisted|p2a: Clefable\n|-damage|p2a: Clefable|85\/100\n|-sidestart|p2: mathismathin|Spikes\n|move|p2a: Clefable|Moonblast|p1a: Samurott\n|-supereffective|p1a: Samurott\n|-enditem|p1a: Samurott|Focus Sash\n|-damage|p1a: Samurott|1\/100\n|\n|-heal|p2a: Clefable|91\/100|[from] item: Leftovers\n|upkeep\n|turn|2\n|\n|t:|1699911769\n|move|p1a: Samurott|Ceaseless Edge|p2a: Clefable|[miss]\n|-miss|p1a: Samurott|p2a: Clefable\n|move|p2a: Clefable|Moonblast|p1a: Samurott\n|-supereffective|p1a: Samurott\n|-damage|p1a: Samurott|0 fnt\n|faint|p1a: Samurott\n|\n|-heal|p2a: Clefable|97\/100|[from] item: Leftovers\n|upkeep\n|\n|t:|1699911772\n|switch|p1a: Kingambit|Kingambit, F, shiny|100\/100\n|-activate|p1a: Kingambit|ability: Supreme Overlord\n|-start|p1a: Kingambit|fallen1|[silent]\n|turn|3\n|\n|t:|1699911777\n|switch|p2a: Alomomola|Alomomola, F|100\/100\n|move|p1a: Kingambit|Swords Dance|p1a: Kingambit\n|-boost|p1a: Kingambit|atk|2\n|\n|upkeep\n|turn|4\n|\n|t:|1699911779\n|move|p1a: Kingambit|Kowtow Cleave|p2a: Alomomola\n|-damage|p2a: Alomomola|40\/100\n|move|p2a: Alomomola|Flip Turn|p1a: Kingambit\n|-damage|p1a: Kingambit|89\/100\n|\n|t:|1699911785\n|switch|p2a: Dondozo|Dondozo, M|100\/100|[from] Flip Turn\n|\n|-heal|p1a: Kingambit|95\/100|[from] item: Leftovers\n|upkeep\n|turn|5\n|\n|t:|1699911787\n|-end|p1a: Kingambit|fallen1|[silent]\n|switch|p1a: Gholdengo|Gholdengo, shiny|100\/100\n|move|p2a: Dondozo|Body Press|p1a: Gholdengo\n|-immune|p1a: Gholdengo\n|\n|upkeep\n|turn|6\n|\n|t:|1699911790\n|switch|p2a: Clodsire|Clodsire, M|100\/100\n|move|p1a: Gholdengo|Trick|p2a: Clodsire\n|-activate|p1a: Gholdengo|move: Trick|[of] p2a: Clodsire\n|-item|p2a: Clodsire|Choice Specs|[from] move: Trick\n|-item|p1a: Gholdengo|Heavy-Duty Boots|[from] move: Trick\n|\n|upkeep\n|turn|7\n|\n|t:|1699911795\n|switch|p1a: Dragonite|Dragonite, M, shiny|100\/100\n|move|p2a: Clodsire|Spikes|p1a: Dragonite\n|-sidestart|p1: apoiguespm|Spikes\n|\n|upkeep\n|turn|8\n|\n|t:|1699911809\n|switch|p1a: Great Tusk|Great Tusk, shiny|100\/100\n|-damage|p1a: Great Tusk|88\/100|[from] Spikes\n|switch|p2a: Amoonguss|Amoonguss, M|100\/100\n|\n|upkeep\n|turn|9\n|\n|t:|1699911816\n|-end|p1a: Great Tusk|Protosynthesis|[silent]\n|switch|p1a: Gholdengo|Gholdengo, shiny|100\/100\n|move|p2a: Amoonguss|Giga Drain|p1a: Gholdengo\n|-resisted|p1a: Gholdengo\n|-damage|p1a: Gholdengo|88\/100\n|\n|upkeep\n|turn|10\n|\n|t:|1699911821\n|switch|p2a: Blissey|Blissey, F|100\/100\n|move|p1a: Gholdengo|Trick|p2a: Blissey\n|-activate|p1a: Gholdengo|move: Trick|[of] p2a: Blissey\n|-item|p2a: Blissey|Heavy-Duty Boots|[from] move: Trick\n|-item|p1a: Gholdengo|Heavy-Duty Boots|[from] move: Trick\n|\n|upkeep\n|turn|11\n|\n|t:|1699911825\n|switch|p1a: Iron Valiant|Iron Valiant, shiny|100\/100\n|-damage|p1a: Iron Valiant|88\/100|[from] Spikes\n|-enditem|p1a: Iron Valiant|Booster Energy\n|-activate|p1a: Iron Valiant|ability: Quark Drive|[fromitem]\n|-start|p1a: Iron Valiant|quarkdrivespe\n|move|p2a: Blissey|Seismic Toss|p1a: Iron Valiant\n|-damage|p1a: Iron Valiant|53\/100\n|\n|upkeep\n|turn|12\n|\n|t:|1699911829\n|switch|p2a: Amoonguss|Amoonguss, M|100\/100\n|move|p1a: Iron Valiant|Knock Off|p2a: Amoonguss\n|-damage|p2a: Amoonguss|75\/100\n|-enditem|p2a: Amoonguss|Heavy-Duty Boots|[from] move: Knock Off|[of] p1a: Iron Valiant\n|\n|upkeep\n|turn|13\n|j| Altomus Prime\n|\n|t:|1699911836\n|-end|p1a: Iron Valiant|Quark Drive|[silent]\n|switch|p1a: Great Tusk|Great Tusk, shiny|88\/100\n|-damage|p1a: Great Tusk|76\/100|[from] Spikes\n|move|p2a: Amoonguss|Foul Play|p1a: Great Tusk\n|-resisted|p1a: Great Tusk\n|-damage|p1a: Great Tusk|63\/100\n|\n|upkeep\n|turn|14\n|\n|t:|1699911840\n|-end|p1a: Great Tusk|Protosynthesis|[silent]\n|switch|p1a: Gholdengo|Gholdengo, shiny|88\/100\n|move|p2a: Amoonguss|Giga Drain|p1a: Gholdengo\n|-resisted|p1a: Gholdengo\n|-damage|p1a: Gholdengo|74\/100\n|-heal|p2a: Amoonguss|80\/100|[from] drain|[of] p1a: Gholdengo\n|\n|upkeep\n|turn|15\n|l| mancinitheterrible\n|\n|t:|1699911849\n|switch|p2a: Blissey|Blissey, F|100\/100\n|move|p1a: Gholdengo|Make It Rain|p2a: Blissey\n|-damage|p2a: Blissey|84\/100\n|-unboost|p1a: Gholdengo|spa|1\n|\n|upkeep\n|turn|16\n|l| Altomus Prime\n|j| VicBossMG\n|\n|t:|1699911854\n|switch|p1a: Iron Valiant|Iron Valiant, shiny|53\/100\n|-damage|p1a: Iron Valiant|41\/100|[from] Spikes\n|move|p2a: Blissey|Seismic Toss|p1a: Iron Valiant\n|-damage|p1a: Iron Valiant|6\/100\n|\n|upkeep\n|turn|17\n|\n|t:|1699911859\n|-end|p1a: Iron Valiant|Quark Drive|[silent]\n|switch|p1a: Kingambit|Kingambit, F, shiny|95\/100\n|-damage|p1a: Kingambit|83\/100|[from] Spikes\n|-activate|p1a: Kingambit|ability: Supreme Overlord\n|-start|p1a: Kingambit|fallen1|[silent]\n|switch|p2a: Amoonguss|Amoonguss, M|100\/100\n|-damage|p2a: Amoonguss|88\/100|[from] Spikes\n|\n|-heal|p1a: Kingambit|89\/100|[from] item: Leftovers\n|upkeep\n|turn|18\n|\n|t:|1699911873\n|switch|p2a: Dondozo|Dondozo, M|100\/100\n|move|p1a: Kingambit|Iron Head|p2a: Dondozo\n|-resisted|p2a: Dondozo\n|-damage|p2a: Dondozo|89\/100\n|\n|-heal|p1a: Kingambit|95\/100|[from] item: Leftovers\n|upkeep\n|turn|19\n|j| mancinitheterrible\n|\n|t:|1699911878\n|-end|p1a: Kingambit|fallen1|[silent]\n|switch|p1a: Great Tusk|Great Tusk, shiny|63\/100\n|-damage|p1a: Great Tusk|51\/100|[from] Spikes\n|move|p2a: Dondozo|Waterfall|p1a: Great Tusk\n|-supereffective|p1a: Great Tusk\n|-damage|p1a: Great Tusk|14\/100\n|\n|upkeep\n|turn|20\n|\n|t:|1699911887\n|switch|p2a: Amoonguss|Amoonguss, M|100\/100\n|-damage|p2a: Amoonguss|88\/100|[from] Spikes\n|move|p1a: Great Tusk|Rapid Spin|p2a: Amoonguss\n|-damage|p2a: Amoonguss|75\/100\n|-boost|p1a: Great Tusk|spe|1\n|-sideend|p1: apoiguespm|Spikes|[from] move: Rapid Spin|[of] p1a: Great Tusk\n|\n|upkeep\n|turn|21\n|\n|t:|1699911891\n|move|p1a: Great Tusk|Ice Spinner|p2a: Amoonguss\n|-supereffective|p2a: Amoonguss\n|-damage|p2a: Amoonguss|36\/100\n|move|p2a: Amoonguss|Giga Drain|p1a: Great Tusk\n|-supereffective|p1a: Great Tusk\n|-damage|p1a: Great Tusk|0 fnt\n|-heal|p2a: Amoonguss|42\/100|[from] drain|[of] p1a: Great Tusk\n|faint|p1a: Great Tusk\n|-end|p1a: Great Tusk|Protosynthesis|[silent]\n|\n|upkeep\n|\n|t:|1699911908\n|switch|p1a: Kingambit|Kingambit, F, shiny|95\/100\n|-activate|p1a: Kingambit|ability: Supreme Overlord\n|-start|p1a: Kingambit|fallen2|[silent]\n|turn|22\n|\n|t:|1699911917\n|switch|p2a: Alomomola|Alomomola, F|73\/100\n|move|p1a: Kingambit|Kowtow Cleave|p2a: Alomomola\n|-damage|p2a: Alomomola|41\/100\n|\n|-heal|p1a: Kingambit|100\/100|[from] item: Leftovers\n|upkeep\n|turn|23\n|\n|t:|1699911922\n|move|p1a: Kingambit|Kowtow Cleave|p2a: Alomomola\n|-damage|p2a: Alomomola|8\/100\n|move|p2a: Alomomola|Wish|p2a: Alomomola\n|\n|upkeep\n|turn|24\n|\n|t:|1699911934\n|move|p2a: Alomomola|Protect|p2a: Alomomola\n|-singleturn|p2a: Alomomola|Protect\n|move|p1a: Kingambit|Swords Dance|p1a: Kingambit\n|-boost|p1a: Kingambit|atk|2\n|\n|-heal|p2a: Alomomola|58\/100|[from] move: Wish|[wisher] Alomomola\n|upkeep\n|turn|25\n|\n|t:|1699911935\n|switch|p2a: Dondozo|Dondozo, M|89\/100\n|move|p1a: Kingambit|Kowtow Cleave|p2a: Dondozo\n|-damage|p2a: Dondozo|63\/100\n|\n|upkeep\n|turn|26\n|\n|t:|1699911939\n|-end|p1a: Kingambit|fallen2|[silent]\n|switch|p1a: Gholdengo|Gholdengo, shiny|74\/100\n|move|p2a: Dondozo|Waterfall|p1a: Gholdengo\n|-damage|p1a: Gholdengo|45\/100\n|\n|upkeep\n|turn|27\n|\n|t:|1699911947\n|switch|p2a: Blissey|Blissey, F|84\/100\n|move|p1a: Gholdengo|Thunderbolt|p2a: Blissey\n|-damage|p2a: Blissey|75\/100\n|\n|upkeep\n|turn|28\n|\n|t:|1699911950\n|switch|p1a: Kingambit|Kingambit, F, shiny|100\/100\n|-activate|p1a: Kingambit|ability: Supreme Overlord\n|-start|p1a: Kingambit|fallen2|[silent]\n|move|p2a: Blissey|Stealth Rock|p1a: Kingambit\n|-sidestart|p1: apoiguespm|move: Stealth Rock\n|\n|upkeep\n|turn|29\n|\n|t:|1699911953\n|switch|p2a: Alomomola|Alomomola, F|91\/100\n|move|p1a: Kingambit|Kowtow Cleave|p2a: Alomomola\n|-damage|p2a: Alomomola|57\/100\n|\n|upkeep\n|turn|30\n|\n|t:|1699911958\n|move|p1a: Kingambit|Swords Dance|p1a: Kingambit\n|-boost|p1a: Kingambit|atk|2\n|move|p2a: Alomomola|Wish|p2a: Alomomola\n|\n|upkeep\n|turn|31\n|\n|t:|1699911960\n|switch|p2a: Dondozo|Dondozo, M|63\/100\n|move|p1a: Kingambit|Kowtow Cleave|p2a: Dondozo\n|-damage|p2a: Dondozo|37\/100\n|\n|-heal|p2a: Dondozo|90\/100|[from] move: Wish|[wisher] Alomomola\n|upkeep\n|turn|32\n|\n|t:|1699911965\n|-end|p1a: Kingambit|fallen2|[silent]\n|switch|p1a: Gholdengo|Gholdengo, shiny|45\/100\n|move|p2a: Dondozo|Body Press|p1a: Gholdengo\n|-immune|p1a: Gholdengo\n|\n|upkeep\n|turn|33\n|\n|t:|1699911972\n|switch|p1a: Kingambit|Kingambit, F, shiny|100\/100\n|-damage|p1a: Kingambit|94\/100|[from] Stealth Rock\n|-activate|p1a: Kingambit|ability: Supreme Overlord\n|-start|p1a: Kingambit|fallen2|[silent]\n|switch|p2a: Clodsire|Clodsire, M|100\/100\n|-damage|p2a: Clodsire|88\/100|[from] Spikes\n|\n|-heal|p1a: Kingambit|100\/100|[from] item: Leftovers\n|upkeep\n|turn|34\n|\n|t:|1699911976\n|move|p1a: Kingambit|Kowtow Cleave|p2a: Clodsire\n|-damage|p2a: Clodsire|25\/100\n|move|p2a: Clodsire|Spikes|p1a: Kingambit\n|-sidestart|p1: apoiguespm|Spikes\n|\n|upkeep\n|turn|35\n|\n|t:|1699911985\n|-end|p1a: Kingambit|fallen2|[silent]\n|switch|p1a: Iron Valiant|Iron Valiant, shiny|6\/100\n|-damage|p1a: Iron Valiant|0 fnt|[from] Stealth Rock\n|faint|p1a: Iron Valiant\n|-end|p1a: Iron Valiant|Quark Drive|[silent]\n|move|p2a: Clodsire|Spikes|p1: Iron Valiant\n|-sidestart|p1: apoiguespm|Spikes\n|\n|upkeep\n|\n|t:|1699911988\n|switch|p1a: Dragonite|Dragonite, M, shiny|100\/100\n|turn|36\n|-message|apoiguespm forfeited.\n|\n|win|mathismathin\n|raw|apoiguespm's rating: 1838 &rarr; <strong>1814<\/strong><br \/>(-24 for losing)\n|raw|mathismathin's rating: 1760 &rarr; <strong>1784<\/strong><br \/>(+24 for winning)\n|l|\u2606apoiguespm\n","uploadtime":1699911998,"views":8,"p1id":"apoiguespm","p2id":"mathismathin","formatid":"gen9ou","rating":1784,"private":0,"password":""}