{"id":"gen9ou-1995122871","p1":"Swizzo12","p2":"diditdone","format":"[Gen 9] OU","log":"|j|\u2606Swizzo12\n|j|\u2606diditdone\n|t:|1700525085\n|gametype|singles\n|player|p1|Swizzo12|1|1402\n|player|p2|diditdone|will-gen2|1510\n|teamsize|p1|6\n|teamsize|p2|6\n|gen|9\n|tier|[Gen 9] OU\n|rated|\n|rule|Sleep Clause Mod: Limit one foe put to sleep\n|rule|Species Clause: Limit one of each Pok\u00e9mon\n|rule|OHKO Clause: OHKO moves are banned\n|rule|Evasion Items Clause: Evasion items are banned\n|rule|Evasion Moves Clause: Evasion moves are banned\n|rule|Endless Battle Clause: Forcing endless battles is banned\n|rule|HP Percentage Mod: HP is shown in percentages\n|clearpoke\n|poke|p1|Lucario, M|\n|poke|p1|Landorus-Therian, M|\n|poke|p1|Zapdos|\n|poke|p1|Walking Wake|\n|poke|p1|Ceruledge, M|\n|poke|p1|Tyranitar, M|\n|poke|p2|Glimmora, M|\n|poke|p2|Iron Valiant|\n|poke|p2|Kingambit, M|\n|poke|p2|Iron Moth|\n|poke|p2|Zamazenta-*|\n|poke|p2|Ogerpon-Wellspring, F|\n|teampreview\n|\n|t:|1700525104\n|start\n|switch|p1a: Landorus|Landorus-Therian, M|100\/100\n|switch|p2a: Glimmora|Glimmora, M|100\/100\n|-ability|p1a: Landorus|Intimidate|boost\n|-unboost|p2a: Glimmora|atk|1\n|turn|1\n|\n|t:|1700525113\n|move|p1a: Landorus|Earthquake|p2a: Glimmora\n|-supereffective|p2a: Glimmora\n|-enditem|p2a: Glimmora|Focus Sash\n|-damage|p2a: Glimmora|1\/100\n|-activate|p2a: Glimmora|ability: Toxic Debris\n|-sidestart|p1: Swizzo12|move: Toxic Spikes\n|move|p2a: Glimmora|Stealth Rock|p1a: Landorus\n|-sidestart|p1: Swizzo12|move: Stealth Rock\n|\n|upkeep\n|turn|2\n|\n|t:|1700525117\n|move|p1a: Landorus|Earthquake|p2a: Glimmora\n|-supereffective|p2a: Glimmora\n|-damage|p2a: Glimmora|0 fnt\n|-activate|p2a: Glimmora|ability: Toxic Debris\n|-sidestart|p1: Swizzo12|move: Toxic Spikes\n|faint|p2a: Glimmora\n|\n|upkeep\n|\n|t:|1700525149\n|switch|p2a: Ogerpon|Ogerpon-Wellspring, F|100\/100\n|turn|3\n|\n|t:|1700525153\n|switch|p1a: Zapdos|Zapdos|100\/100\n|move|p2a: Ogerpon|Ivy Cudgel|p1a: Zapdos|[anim] Ivy Cudgel Water\n|-damage|p1a: Zapdos|30\/100\n|\n|upkeep\n|turn|4\n|\n|t:|1700525177\n|switch|p1a: Walking Wake|Walking Wake|100\/100\n|-status|p1a: Walking Wake|tox\n|-damage|p1a: Walking Wake|88\/100 tox|[from] Stealth Rock\n|-terastallize|p2a: Ogerpon|Water\n|detailschange|p2a: Ogerpon|Ogerpon-Wellspring-Tera, F, tera:Water\n|-ability|p2a: Ogerpon|Embody Aspect (Wellspring)|boost\n|-boost|p2a: Ogerpon|spd|1\n|move|p2a: Ogerpon|Ivy Cudgel|p1a: Walking Wake|[anim] Ivy Cudgel Water\n|-resisted|p1a: Walking Wake\n|-damage|p1a: Walking Wake|68\/100 tox\n|\n|-damage|p1a: Walking Wake|62\/100 tox|[from] psn\n|upkeep\n|turn|5\n|\n|t:|1700525188\n|move|p2a: Ogerpon|Power Whip|p1a: Walking Wake\n|-damage|p1a: Walking Wake|0 fnt\n|faint|p1a: Walking Wake\n|-end|p1a: Walking Wake|Protosynthesis|[silent]\n|\n|upkeep\n|\n|t:|1700525194\n|switch|p1a: Landorus|Landorus-Therian, M|100\/100\n|-damage|p1a: Landorus|88\/100|[from] Stealth Rock\n|-ability|p1a: Landorus|Intimidate|boost\n|-unboost|p2a: Ogerpon|atk|1\n|turn|6\n|\n|t:|1700525201\n|move|p1a: Landorus|U-turn|p2a: Ogerpon\n|-damage|p2a: Ogerpon|63\/100\n|\n|t:|1700525205\n|switch|p1a: Zapdos|Zapdos|30\/100|[from] U-turn\n|move|p2a: Ogerpon|Ivy Cudgel|p1a: Zapdos|[anim] Ivy Cudgel Water\n|-damage|p1a: Zapdos|0 fnt\n|faint|p1a: Zapdos\n|\n|upkeep\n|\n|t:|1700525206\n|switch|p1a: Landorus|Landorus-Therian, M|88\/100\n|-damage|p1a: Landorus|76\/100|[from] Stealth Rock\n|-ability|p1a: Landorus|Intimidate|boost\n|-unboost|p2a: Ogerpon|atk|1\n|turn|7\n|\n|t:|1700525218\n|switch|p2a: Zamazenta|Zamazenta, shiny|100\/100\n|-ability|p2a: Zamazenta|Dauntless Shield|boost\n|-boost|p2a: Zamazenta|def|1\n|move|p1a: Landorus|Earthquake|p2a: Zamazenta\n|-damage|p2a: Zamazenta|73\/100\n|\n|-heal|p2a: Zamazenta|79\/100|[from] item: Leftovers\n|upkeep\n|turn|8\n|\n|t:|1700525225\n|switch|p1a: Ceruledge|Ceruledge, M|100\/100\n|-status|p1a: Ceruledge|tox\n|-damage|p1a: Ceruledge|75\/100 tox|[from] Stealth Rock\n|move|p2a: Zamazenta|Crunch|p1a: Ceruledge\n|-supereffective|p1a: Ceruledge\n|-damage|p1a: Ceruledge|5\/100 tox\n|\n|-heal|p2a: Zamazenta|86\/100|[from] item: Leftovers\n|-damage|p1a: Ceruledge|0 fnt|[from] psn\n|faint|p1a: Ceruledge\n|upkeep\n|\n|t:|1700525230\n|switch|p1a: Landorus|Landorus-Therian, M|76\/100\n|-damage|p1a: Landorus|64\/100|[from] Stealth Rock\n|-ability|p1a: Landorus|Intimidate|boost\n|-unboost|p2a: Zamazenta|atk|1\n|turn|9\n|\n|t:|1700525234\n|move|p1a: Landorus|Grass Knot|p2a: Zamazenta\n|-damage|p2a: Zamazenta|62\/100\n|move|p2a: Zamazenta|Iron Defense|p2a: Zamazenta\n|-boost|p2a: Zamazenta|def|2\n|\n|-heal|p2a: Zamazenta|68\/100|[from] item: Leftovers\n|upkeep\n|turn|10\n|\n|t:|1700525241\n|move|p1a: Landorus|Grass Knot|p2a: Zamazenta\n|-damage|p2a: Zamazenta|47\/100\n|move|p2a: Zamazenta|Body Press|p1a: Landorus\n|-resisted|p1a: Landorus\n|-damage|p1a: Landorus|12\/100\n|\n|-heal|p2a: Zamazenta|53\/100|[from] item: Leftovers\n|upkeep\n|turn|11\n|\n|t:|1700525244\n|move|p1a: Landorus|Grass Knot|p2a: Zamazenta\n|-damage|p2a: Zamazenta|33\/100\n|move|p2a: Zamazenta|Body Press|p1a: Landorus\n|-resisted|p1a: Landorus\n|-damage|p1a: Landorus|0 fnt\n|faint|p1a: Landorus\n|\n|-heal|p2a: Zamazenta|39\/100|[from] item: Leftovers\n|upkeep\n|\n|t:|1700525247\n|switch|p1a: Tyranitar|Tyranitar, M|100\/100\n|-status|p1a: Tyranitar|tox\n|-damage|p1a: Tyranitar|88\/100 tox|[from] Stealth Rock\n|-weather|Sandstorm|[from] ability: Sand Stream|[of] p1a: Tyranitar\n|turn|12\n|\n|t:|1700525251\n|move|p2a: Zamazenta|Body Press|p1a: Tyranitar\n|-supereffective|p1a: Tyranitar\n|-damage|p1a: Tyranitar|0 fnt\n|faint|p1a: Tyranitar\n|\n|-weather|Sandstorm|[upkeep]\n|-damage|p2a: Zamazenta|33\/100|[from] Sandstorm\n|-heal|p2a: Zamazenta|39\/100|[from] item: Leftovers\n|upkeep\n|-message|Swizzo12 forfeited.\n|\n|win|diditdone\n|raw|Swizzo12's rating: 1402 &rarr; <strong>1388<\/strong><br \/>(-14 for losing)\n|raw|diditdone's rating: 1510 &rarr; <strong>1524<\/strong><br \/>(+14 for winning)\n|l|\u2606Swizzo12\n|l|\u2606diditdone\n|j|\u2606diditdone\n|player|p2|diditdone|will-gen2\n|l|\u2606diditdone\n|player|p2|\n|j|\u2606diditdone\n|player|p2|diditdone|will-gen2\n","uploadtime":1700526772,"views":12,"p1id":"swizzo12","p2id":"diditdone","formatid":"gen9ou","rating":1388,"private":0,"password":""}