{"id":"gen9ou-1989465606","p1":"PokeFan1748","p2":"Shadey_Shade","format":"[Gen 9] OU","log":"|j|\u2606PokeFan1748\n|j|\u2606Shadey_Shade\n|t:|1699854812\n|gametype|singles\n|player|p1|PokeFan1748|169|1255\n|player|p2|Shadey_Shade|101|1160\n|teamsize|p1|6\n|teamsize|p2|6\n|gen|9\n|tier|[Gen 9] OU\n|rated|\n|rule|Sleep Clause Mod: Limit one foe put to sleep\n|rule|Species Clause: Limit one of each Pok\u00e9mon\n|rule|OHKO Clause: OHKO moves are banned\n|rule|Evasion Items Clause: Evasion items are banned\n|rule|Evasion Moves Clause: Evasion moves are banned\n|rule|Endless Battle Clause: Forcing endless battles is banned\n|rule|HP Percentage Mod: HP is shown in percentages\n|clearpoke\n|poke|p1|Alomomola, F|\n|poke|p1|Slowking-Galar, F|\n|poke|p1|Kingambit, F|\n|poke|p1|Great Tusk|\n|poke|p1|Cinderace, F|\n|poke|p1|Thundurus-Therian, M|\n|poke|p2|Gyarados, F|\n|poke|p2|Gholdengo|\n|poke|p2|Hatterene, F|\n|poke|p2|Greninja-*, M|\n|poke|p2|Cinderace, F|\n|poke|p2|Ribombee, M|\n|teampreview\n|inactive|Battle timer is ON: inactive players will automatically lose when time's up. (requested by Shadey_Shade)\n|\n|t:|1699854823\n|start\n|switch|p1a: Thundurus|Thundurus-Therian, M|100\/100\n|switch|p2a: Greninja|Greninja, M|100\/100\n|turn|1\n|\n|t:|1699854846\n|switch|p1a: Slowking|Slowking-Galar, F|100\/100\n|move|p2a: Greninja|Ice Beam|p1a: Slowking\n|-damage|p1a: Slowking|83\/100\n|\n|upkeep\n|turn|2\n|inactive|PokeFan1748 has 120 seconds left.\n|\n|t:|1699854871\n|-terastallize|p1a: Slowking|Water\n|move|p2a: Greninja|Dark Pulse|p1a: Slowking\n|-damage|p1a: Slowking|62\/100\n|move|p1a: Slowking|Sludge Bomb|p2a: Greninja\n|-damage|p2a: Greninja|66\/100\n|-status|p2a: Greninja|psn\n|\n|-damage|p2a: Greninja|54\/100 psn|[from] psn\n|upkeep\n|turn|3\n|inactive|PokeFan1748 has 120 seconds left.\n|\n|t:|1699854891\n|move|p2a: Greninja|Grass Knot|p1a: Slowking\n|-supereffective|p1a: Slowking\n|-damage|p1a: Slowking|31\/100\n|move|p1a: Slowking|Sludge Bomb|p2a: Greninja\n|-damage|p2a: Greninja|17\/100 psn\n|\n|-damage|p2a: Greninja|5\/100 psn|[from] psn\n|upkeep\n|turn|4\n|inactive|PokeFan1748 has 90 seconds left.\n|\n|t:|1699854939\n|switch|p1a: Kingambit|Kingambit, F|100\/100\n|move|p2a: Greninja|Grass Knot|p1a: Kingambit\n|-resisted|p1a: Kingambit\n|-damage|p1a: Kingambit|85\/100\n|\n|-heal|p1a: Kingambit|91\/100|[from] item: Leftovers\n|-damage|p2a: Greninja|0 fnt|[from] psn\n|faint|p2a: Greninja\n|upkeep\n|\n|t:|1699854960\n|switch|p2a: Gyarados|Gyarados, F|100\/100\n|turn|5\n|\n|t:|1699854976\n|move|p2a: Gyarados|Dragon Dance|p2a: Gyarados\n|-boost|p2a: Gyarados|atk|1\n|-boost|p2a: Gyarados|spe|1\n|move|p1a: Kingambit|Kowtow Cleave|p2a: Gyarados\n|-damage|p2a: Gyarados|42\/100\n|\n|-heal|p1a: Kingambit|98\/100|[from] item: Leftovers\n|upkeep\n|turn|6\n|\n|t:|1699854994\n|move|p2a: Gyarados|Waterfall|p1a: Kingambit\n|-damage|p1a: Kingambit|55\/100\n|move|p1a: Kingambit|Kowtow Cleave|p2a: Gyarados\n|-damage|p2a: Gyarados|0 fnt\n|faint|p2a: Gyarados\n|\n|-heal|p1a: Kingambit|62\/100|[from] item: Leftovers\n|upkeep\n|\n|t:|1699855004\n|switch|p2a: Cinderace|Cinderace, F|100\/100\n|turn|7\n|inactive|PokeFan1748 has 60 seconds left.\n|\n|t:|1699855037\n|-end|p1a: Kingambit|fallenundefined|[silent]\n|switch|p1a: Cinderace|Cinderace, F|100\/100\n|move|p2a: Cinderace|Will-O-Wisp|p1a: Cinderace|[miss]\n|-miss|p2a: Cinderace|p1a: Cinderace\n|\n|upkeep\n|turn|8\n|inactive|PokeFan1748 has 60 seconds left.\n|\n|t:|1699855051\n|move|p1a: Cinderace|U-turn|p2a: Cinderace\n|-start|p1a: Cinderace|typechange|Bug|[from] ability: Libero\n|-resisted|p2a: Cinderace\n|-damage|p2a: Cinderace|79\/100\n|\n|t:|1699855058\n|switch|p1a: Alomomola|Alomomola, F|100\/100|[from] U-turn\n|move|p2a: Cinderace|U-turn|p1a: Alomomola\n|-damage|p1a: Alomomola|89\/100\n|-enditem|p1a: Alomomola|Red Card|[of] p2a: Cinderace\n|drag|p2a: Hatterene|Hatterene, F|100\/100\n|\n|upkeep\n|turn|9\n|inactive|PokeFan1748 has 60 seconds left.\n|\n|t:|1699855082\n|move|p1a: Alomomola|Flip Turn|p2a: Hatterene\n|-damage|p2a: Hatterene|87\/100\n|\n|t:|1699855089\n|switch|p1a: Kingambit|Kingambit, F|62\/100|[from] Flip Turn\n|move|p2a: Hatterene|Nuzzle|p1a: Kingambit\n|-damage|p1a: Kingambit|59\/100\n|-status|p1a: Kingambit|par\n|\n|-heal|p2a: Hatterene|93\/100|[from] item: Leftovers\n|-heal|p1a: Kingambit|65\/100 par|[from] item: Leftovers\n|upkeep\n|turn|10\n|\n|t:|1699855108\n|switch|p2a: Cinderace|Cinderace, F|79\/100\n|move|p1a: Kingambit|Iron Head|p2a: Cinderace\n|-resisted|p2a: Cinderace\n|-damage|p2a: Cinderace|52\/100\n|\n|-heal|p1a: Kingambit|71\/100 par|[from] item: Leftovers\n|upkeep\n|turn|11\n|inactive|Shadey_Shade has 120 seconds left.\n|\n|t:|1699855155\n|-end|p1a: Kingambit|fallenundefined|[silent]\n|switch|p1a: Alomomola|Alomomola, F|100\/100\n|move|p2a: Cinderace|Pyro Ball|p1a: Alomomola\n|-resisted|p1a: Alomomola\n|-damage|p1a: Alomomola|85\/100\n|\n|upkeep\n|turn|12\n|\n|t:|1699855165\n|move|p2a: Cinderace|U-turn|p1a: Alomomola\n|-damage|p1a: Alomomola|74\/100\n|\n|t:|1699855171\n|switch|p2a: Gholdengo|Gholdengo|100\/100|[from] U-turn\n|move|p1a: Alomomola|Scald|p2a: Gholdengo\n|-damage|p2a: Gholdengo|85\/100\n|-status|p2a: Gholdengo|brn\n|\n|-damage|p2a: Gholdengo|79\/100 brn|[from] brn\n|upkeep\n|turn|13\n|\n|t:|1699855199\n|switch|p1a: Slowking|Slowking-Galar, F, tera:Water|65\/100\n|move|p2a: Gholdengo|Thunderbolt|p1a: Slowking\n|-supereffective|p1a: Slowking\n|-damage|p1a: Slowking|6\/100\n|\n|-damage|p2a: Gholdengo|73\/100 brn|[from] brn\n|upkeep\n|turn|14\n|inactive|Shadey_Shade has 120 seconds left.\n|\n|t:|1699855214\n|switch|p2a: Hatterene|Hatterene, F|93\/100\n|switch|p1a: Thundurus|Thundurus-Therian, M|100\/100\n|\n|-heal|p2a: Hatterene|99\/100|[from] item: Leftovers\n|upkeep\n|turn|15\n|inactive|Shadey_Shade has 120 seconds left.\n|\n|t:|1699855225\n|move|p1a: Thundurus|Volt Switch|p2a: Hatterene\n|-damage|p2a: Hatterene|44\/100\n|inactive|PokeFan1748 has 30 seconds left.\n|\n|t:|1699855239\n|switch|p1a: Slowking|Slowking-Galar, F, tera:Water|39\/100|[from] Volt Switch\n|move|p2a: Hatterene|Calm Mind|p2a: Hatterene\n|-boost|p2a: Hatterene|spa|1\n|-boost|p2a: Hatterene|spd|1\n|\n|-heal|p2a: Hatterene|50\/100|[from] item: Leftovers\n|upkeep\n|turn|16\n|inactive|PokeFan1748 has 30 seconds left.\n|inactive|PokeFan1748 has 20 seconds left.\n|\n|t:|1699855260\n|move|p2a: Hatterene|Draining Kiss|p1a: Slowking\n|-damage|p1a: Slowking|21\/100\n|-heal|p2a: Hatterene|67\/100|[from] drain|[of] p1a: Slowking\n|move|p1a: Slowking|Chilly Reception|p1a: Slowking\n|-weather|Snow\n|inactive|PokeFan1748 has 25 seconds left this turn.\n|inactive|PokeFan1748 has 20 seconds left.\n|\n|t:|1699855267\n|switch|p1a: Thundurus|Thundurus-Therian, M|100\/100|[from] Chilly Reception\n|\n|-weather|Snow|[upkeep]\n|-heal|p2a: Hatterene|73\/100|[from] item: Leftovers\n|upkeep\n|turn|17\n|inactive|PokeFan1748 has 30 seconds left this turn.\n|\n|t:|1699855284\n|move|p1a: Thundurus|Knock Off|p2a: Hatterene\n|-damage|p2a: Hatterene|55\/100\n|-enditem|p2a: Hatterene|Leftovers|[from] move: Knock Off|[of] p1a: Thundurus\n|move|p2a: Hatterene|Draining Kiss|p1a: Thundurus\n|-damage|p1a: Thundurus|50\/100\n|-heal|p2a: Hatterene|90\/100|[from] drain|[of] p1a: Thundurus\n|\n|-weather|Snow|[upkeep]\n|upkeep\n|turn|18\n|inactive|PokeFan1748 has 30 seconds left.\n|\n|t:|1699855296\n|switch|p1a: Slowking|Slowking-Galar, F, tera:Water|54\/100\n|move|p2a: Hatterene|Draining Kiss|p1a: Slowking\n|-damage|p1a: Slowking|36\/100\n|-heal|p2a: Hatterene|100\/100|[from] drain|[of] p1a: Slowking\n|\n|-weather|Snow|[upkeep]\n|upkeep\n|turn|19\n|inactive|PokeFan1748 has 30 seconds left.\n|inactive|PokeFan1748 has 20 seconds left.\n|inactive|PokeFan1748 has 15 seconds left.\n|\n|t:|1699855320\n|move|p2a: Hatterene|Psyshock|p1a: Slowking\n|-crit|p1a: Slowking\n|-damage|p1a: Slowking|0 fnt\n|faint|p1a: Slowking\n|\n|-weather|Snow|[upkeep]\n|upkeep\n|inactive|PokeFan1748 has 20 seconds left this turn.\n|inactive|PokeFan1748 has 15 seconds left.\n|inactive|PokeFan1748 has 10 seconds left.\n|\n|t:|1699855331\n|switch|p1a: Kingambit|Kingambit, F|71\/100 par\n|-activate|p1a: Kingambit|ability: Supreme Overlord\n|-start|p1a: Kingambit|fallen1|[silent]\n|turn|20\n|inactive|PokeFan1748 has 20 seconds left this turn.\n|inactive|PokeFan1748 has 15 seconds left.\n|\n|t:|1699855338\n|move|p2a: Hatterene|Draining Kiss|p1a: Kingambit\n|-damage|p1a: Kingambit|41\/100 par\n|move|p1a: Kingambit|Iron Head|p2a: Hatterene\n|-supereffective|p2a: Hatterene\n|-crit|p2a: Hatterene\n|-damage|p2a: Hatterene|0 fnt\n|faint|p2a: Hatterene\n|\n|-weather|none\n|-heal|p1a: Kingambit|47\/100 par|[from] item: Leftovers\n|upkeep\n|inactive|PokeFan1748 has 20 seconds left this turn.\n|\n|t:|1699855346\n|switch|p2a: Ribombee|Ribombee, M|100\/100\n|turn|21\n|inactive|PokeFan1748 has 30 seconds left this turn.\n|inactive|PokeFan1748 has 20 seconds left.\n|\n|t:|1699855360\n|move|p2a: Ribombee|Moonblast|p1a: Kingambit\n|-crit|p1a: Kingambit\n|-damage|p1a: Kingambit|0 fnt\n|faint|p1a: Kingambit\n|-end|p1a: Kingambit|fallen1|[silent]\n|\n|upkeep\n|inactive|PokeFan1748 has 25 seconds left this turn.\n|inactive|PokeFan1748 has 20 seconds left.\n|\n|t:|1699855365\n|switch|p1a: Cinderace|Cinderace, F|100\/100\n|turn|22\n|inactive|PokeFan1748 has 30 seconds left this turn.\n|\n|t:|1699855374\n|move|p2a: Ribombee|Sticky Web|p1a: Cinderace\n|-sidestart|p1: PokeFan1748|move: Sticky Web\n|move|p1a: Cinderace|Pyro Ball|p2a: Ribombee\n|-supereffective|p2a: Ribombee\n|-enditem|p2a: Ribombee|Focus Sash\n|-damage|p2a: Ribombee|1\/100\n|\n|upkeep\n|turn|23\n|inactive|PokeFan1748 has 30 seconds left.\n|\n|t:|1699855388\n|move|p2a: Ribombee|Stun Spore|p1a: Cinderace\n|-status|p1a: Cinderace|par\n|cant|p1a: Cinderace|par\n|\n|upkeep\n|turn|24\n|\n|t:|1699855393\n|move|p2a: Ribombee|Psychic|p1a: Cinderace\n|-damage|p1a: Cinderace|62\/100 par\n|cant|p1a: Cinderace|par\n|\n|upkeep\n|turn|25\n|\n|t:|1699855405\n|move|p2a: Ribombee|Psychic|p1a: Cinderace\n|-damage|p1a: Cinderace|26\/100 par\n|move|p1a: Cinderace|U-turn|p2a: Ribombee\n|-start|p1a: Cinderace|typechange|Bug|[from] ability: Libero\n|-resisted|p2a: Ribombee\n|-crit|p2a: Ribombee\n|-damage|p2a: Ribombee|0 fnt\n|faint|p2a: Ribombee\n|\n|t:|1699855418\n|switch|p1a: Great Tusk|Great Tusk|100\/100|[from] U-turn\n|-activate|p1a: Great Tusk|move: Sticky Web\n|-unboost|p1a: Great Tusk|spe|1\n|\n|upkeep\n|\n|t:|1699855423\n|switch|p2a: Gholdengo|Gholdengo|73\/100 brn\n|turn|26\n|inactive|PokeFan1748 has 30 seconds left.\n|\n|t:|1699855450\n|move|p2a: Gholdengo|Make It Rain|p1a: Great Tusk\n|-damage|p1a: Great Tusk|0 fnt\n|-unboost|p2a: Gholdengo|spa|1\n|faint|p1a: Great Tusk\n|-end|p1a: Great Tusk|Protosynthesis|[silent]\n|\n|-damage|p2a: Gholdengo|67\/100 brn|[from] brn\n|upkeep\n|inactive|PokeFan1748 has 30 seconds left this turn.\n|inactive|PokeFan1748 has 20 seconds left.\n|inactive|PokeFan1748 has 15 seconds left.\n|inactive|PokeFan1748 has 10 seconds left.\n|\n|t:|1699855474\n|switch|p1a: Alomomola|Alomomola, F|100\/100\n|-activate|p1a: Alomomola|move: Sticky Web\n|-unboost|p1a: Alomomola|spe|1\n|turn|27\n|inactive|PokeFan1748 has 20 seconds left this turn.\n|inactive|PokeFan1748 has 15 seconds left.\n|\n|t:|1699855479\n|move|p2a: Gholdengo|Make It Rain|p1a: Alomomola\n|-resisted|p1a: Alomomola\n|-damage|p1a: Alomomola|72\/100\n|-unboost|p2a: Gholdengo|spa|1\n|move|p1a: Alomomola|Wish|p1a: Alomomola\n|\n|-damage|p2a: Gholdengo|61\/100 brn|[from] brn\n|upkeep\n|turn|28\n|inactive|PokeFan1748 has 25 seconds left this turn.\n|inactive|PokeFan1748 has 20 seconds left.\n|\n|t:|1699855489\n|switch|p2a: Cinderace|Cinderace, F|52\/100\n|move|p1a: Alomomola|Flip Turn|p2a: Cinderace\n|-supereffective|p2a: Cinderace\n|-damage|p2a: Cinderace|12\/100\n|inactive|PokeFan1748 has 25 seconds left this turn.\n|inactive|PokeFan1748 has 20 seconds left.\n|\n|t:|1699855497\n|switch|p1a: Cinderace|Cinderace, F|26\/100 par|[from] Flip Turn\n|\n|-heal|p1a: Cinderace|100\/100 par|[from] move: Wish|[wisher] Alomomola\n|upkeep\n|turn|29\n|inactive|PokeFan1748 has 30 seconds left this turn.\n|inactive|PokeFan1748 has 20 seconds left.\n|\n|t:|1699855511\n|move|p2a: Cinderace|Pyro Ball|p1a: Cinderace\n|-resisted|p1a: Cinderace\n|-damage|p1a: Cinderace|53\/100 par\n|move|p1a: Cinderace|Pyro Ball|p2a: Cinderace\n|-resisted|p2a: Cinderace\n|-damage|p2a: Cinderace|0 fnt\n|faint|p2a: Cinderace\n|\n|upkeep\n|inactive|PokeFan1748 has 25 seconds left this turn.\n|\n|t:|1699855520\n|switch|p2a: Gholdengo|Gholdengo|61\/100 brn\n|turn|30\n|inactive|PokeFan1748 has 30 seconds left.\n|inactive|PokeFan1748 has 20 seconds left.\n|\n|t:|1699855536\n|-terastallize|p2a: Gholdengo|Normal\n|move|p2a: Gholdengo|Trick|p1a: Cinderace\n|-activate|p2a: Gholdengo|move: Trick|[of] p1a: Cinderace\n|-item|p1a: Cinderace|Choice Specs|[from] move: Trick\n|-item|p2a: Gholdengo|Heavy-Duty Boots|[from] move: Trick\n|cant|p1a: Cinderace|par\n|\n|-damage|p2a: Gholdengo|55\/100 brn|[from] brn\n|upkeep\n|turn|31\n|inactive|PokeFan1748 has 30 seconds left this turn.\n|inactive|PokeFan1748 has 20 seconds left.\n|inactive|PokeFan1748 has 15 seconds left.\n|\n|t:|1699855554\n|move|p2a: Gholdengo|Shadow Ball|p1a: Cinderace\n|-damage|p1a: Cinderace|0 fnt\n|faint|p1a: Cinderace\n|\n|-damage|p2a: Gholdengo|49\/100 brn|[from] brn\n|upkeep\n|inactive|PokeFan1748 has 20 seconds left this turn.\n|inactive|PokeFan1748 has 15 seconds left.\n|\n|t:|1699855563\n|switch|p1a: Alomomola|Alomomola, F|100\/100\n|-activate|p1a: Alomomola|move: Sticky Web\n|-unboost|p1a: Alomomola|spe|1\n|turn|32\n|inactive|PokeFan1748 has 25 seconds left this turn.\n|\n|t:|1699855568\n|move|p2a: Gholdengo|Thunderbolt|p1a: Alomomola\n|-supereffective|p1a: Alomomola\n|-damage|p1a: Alomomola|33\/100\n|move|p1a: Alomomola|Wish|p1a: Alomomola\n|\n|-damage|p2a: Gholdengo|43\/100 brn|[from] brn\n|upkeep\n|turn|33\n|inactive|PokeFan1748 has 30 seconds left.\n|\n|t:|1699855579\n|switch|p1a: Thundurus|Thundurus-Therian, M|50\/100\n|move|p2a: Gholdengo|Make It Rain|p1a: Thundurus\n|-resisted|p1a: Thundurus\n|-damage|p1a: Thundurus|0 fnt\n|-unboost|p2a: Gholdengo|spa|1\n|faint|p1a: Thundurus\n|\n|-damage|p2a: Gholdengo|37\/100 brn|[from] brn\n|upkeep\n|inactive|PokeFan1748 has 30 seconds left this turn.\n|\n|t:|1699855589\n|switch|p1a: Alomomola|Alomomola, F|67\/100\n|-activate|p1a: Alomomola|move: Sticky Web\n|-unboost|p1a: Alomomola|spe|1\n|turn|34\n|inactive|PokeFan1748 has 30 seconds left.\n|inactive|PokeFan1748 has 20 seconds left.\n|\n|t:|1699855609\n|move|p2a: Gholdengo|Thunderbolt|p1a: Alomomola\n|-supereffective|p1a: Alomomola\n|-damage|p1a: Alomomola|26\/100\n|move|p1a: Alomomola|Acrobatics|p2a: Gholdengo\n|-damage|p2a: Gholdengo|14\/100 brn\n|\n|-damage|p2a: Gholdengo|7\/100 brn|[from] brn\n|upkeep\n|turn|35\n|inactive|PokeFan1748 has 30 seconds left this turn.\n|\n|t:|1699855617\n|move|p2a: Gholdengo|Thunderbolt|p1a: Alomomola\n|-supereffective|p1a: Alomomola\n|-damage|p1a: Alomomola|0 fnt\n|faint|p1a: Alomomola\n|\n|win|Shadey_Shade\n|inactive|PokeFan1748 has 30 seconds left this turn.\n|raw|PokeFan1748's rating: 1255 &rarr; <strong>1223<\/strong><br \/>(-32 for losing)\n|raw|Shadey_Shade's rating: 1160 &rarr; <strong>1192<\/strong><br \/>(+32 for winning)\n|l|\u2606PokeFan1748\n|c|\u2606Shadey_Shade|gg\n","uploadtime":1699855629,"views":10,"p1id":"pokefan1748","p2id":"shadeyshade","formatid":"gen9ou","rating":1192,"private":0,"password":""}