{"id":"gen9ou-1996748614","p1":"mikekungpd","p2":"soushikanSSS","format":"[Gen 9] OU","log":"|j|\u2606mikekungpd\n|j|\u2606soushikanSSS\n|t:|1700718608\n|gametype|singles\n|player|p1|mikekungpd|koga|1104\n|player|p2|soushikanSSS|dawn|1176\n|teamsize|p1|6\n|teamsize|p2|6\n|gen|9\n|tier|[Gen 9] OU\n|rated|\n|rule|Sleep Clause Mod: Limit one foe put to sleep\n|rule|Species Clause: Limit one of each Pok\u00e9mon\n|rule|OHKO Clause: OHKO moves are banned\n|rule|Evasion Items Clause: Evasion items are banned\n|rule|Evasion Moves Clause: Evasion moves are banned\n|rule|Endless Battle Clause: Forcing endless battles is banned\n|rule|HP Percentage Mod: HP is shown in percentages\n|clearpoke\n|poke|p1|Grafaiai, F|\n|poke|p1|Ribombee, F|\n|poke|p1|Garchomp, M|\n|poke|p1|Iron Valiant|\n|poke|p1|Rotom-Wash|\n|poke|p1|Heatran, F|\n|poke|p2|Ninetales, F|\n|poke|p2|Walking Wake|\n|poke|p2|Lilligant-Hisui, F|\n|poke|p2|Corviknight, M|\n|poke|p2|Charizard, F|\n|poke|p2|Great Tusk|\n|teampreview\n|\n|t:|1700718615\n|start\n|switch|p1a: Heatran|Heatran, F|100\/100\n|switch|p2a: Ninetales|Ninetales, F|100\/100\n|-weather|SunnyDay|[from] ability: Drought|[of] p2a: Ninetales\n|turn|1\n|\n|t:|1700718630\n|switch|p2a: Walking Wake|Walking Wake|100\/100\n|-activate|p2a: Walking Wake|ability: Protosynthesis\n|-start|p2a: Walking Wake|protosynthesisspe\n|move|p1a: Heatran|Earth Power|p2a: Walking Wake\n|-damage|p2a: Walking Wake|63\/100\n|\n|-weather|SunnyDay|[upkeep]\n|upkeep\n|turn|2\n|\n|t:|1700718640\n|-terastallize|p1a: Heatran|Grass\n|move|p2a: Walking Wake|Hydro Steam|p1a: Heatran\n|-resisted|p1a: Heatran\n|-damage|p1a: Heatran|76\/100\n|move|p1a: Heatran|Tera Blast|p2a: Walking Wake|[anim] Tera Blast Grass\n|-damage|p2a: Walking Wake|8\/100\n|\n|-weather|SunnyDay|[upkeep]\n|upkeep\n|turn|3\n|\n|t:|1700718660\n|-end|p2a: Walking Wake|Protosynthesis|[silent]\n|switch|p2a: Charizard|Charizard, F|100\/100\n|move|p1a: Heatran|Tera Blast|p2a: Charizard|[anim] Tera Blast Grass\n|-resisted|p2a: Charizard\n|-damage|p2a: Charizard|85\/100\n|\n|-weather|SunnyDay|[upkeep]\n|-damage|p2a: Charizard|73\/100|[from] ability: Solar Power|[of] p2a: Charizard\n|upkeep\n|turn|4\n|\n|t:|1700718674\n|move|p2a: Charizard|Air Slash|p1a: Heatran\n|-supereffective|p1a: Heatran\n|-damage|p1a: Heatran|0 fnt\n|faint|p1a: Heatran\n|\n|-weather|SunnyDay|[upkeep]\n|-damage|p2a: Charizard|60\/100|[from] ability: Solar Power|[of] p2a: Charizard\n|upkeep\n|inactive|Battle timer is ON: inactive players will automatically lose when time's up. (requested by soushikanSSS)\n|\n|t:|1700718688\n|switch|p1a: Grafaiai|Grafaiai, F|100\/100\n|turn|5\n|\n|t:|1700718698\n|switch|p2a: Great Tusk|Great Tusk|100\/100\n|-activate|p2a: Great Tusk|ability: Protosynthesis\n|-start|p2a: Great Tusk|protosynthesisatk\n|move|p1a: Grafaiai|Copycat|p1a: Grafaiai\n|move|p1a: Grafaiai|Air Slash|p2a: Great Tusk|[from]move: Copycat\n|-supereffective|p2a: Great Tusk\n|-damage|p2a: Great Tusk|67\/100\n|\n|-weather|SunnyDay|[upkeep]\n|upkeep\n|turn|6\n|\n|t:|1700718718\n|move|p1a: Grafaiai|Copycat|p1a: Grafaiai\n|move|p1a: Grafaiai|Air Slash|p2a: Great Tusk|[from]move: Copycat\n|-supereffective|p2a: Great Tusk\n|-damage|p2a: Great Tusk|34\/100\n|cant|p2a: Great Tusk|flinch\n|\n|-weather|SunnyDay|[upkeep]\n|upkeep\n|turn|7\n|\n|t:|1700718727\n|move|p1a: Grafaiai|Copycat|p1a: Grafaiai\n|move|p1a: Grafaiai|Air Slash|p2a: Great Tusk|[from]move: Copycat\n|-supereffective|p2a: Great Tusk\n|-damage|p2a: Great Tusk|1\/100\n|cant|p2a: Great Tusk|flinch\n|\n|-weather|SunnyDay|[upkeep]\n|upkeep\n|turn|8\n|\n|t:|1700718739\n|-end|p2a: Great Tusk|Protosynthesis|[silent]\n|switch|p2a: Corviknight|Corviknight, M|100\/100\n|move|p1a: Grafaiai|Copycat|p1a: Grafaiai\n|move|p1a: Grafaiai|Air Slash|p2a: Corviknight|[from]move: Copycat|[miss]\n|-miss|p1a: Grafaiai|p2a: Corviknight\n|\n|-weather|none\n|upkeep\n|turn|9\n|\n|t:|1700718748\n|switch|p2a: Ninetales|Ninetales, F|100\/100\n|-weather|SunnyDay|[from] ability: Drought|[of] p2a: Ninetales\n|move|p1a: Grafaiai|Parting Shot|p2a: Ninetales\n|-unboost|p2a: Ninetales|atk|1\n|-unboost|p2a: Ninetales|spa|1\n|\n|t:|1700718758\n|switch|p1a: Garchomp|Garchomp, M|100\/100|[from] Parting Shot\n|\n|-weather|SunnyDay|[upkeep]\n|upkeep\n|turn|10\n|inactive|soushikanSSS has 120 seconds left.\n|l|\u2606soushikanSSS\n|inactive|soushikanSSS disconnected and has a minute to reconnect!\n|player|p2|\n|j| soushikanSSSS\n|inactive|soushikanSSS has 30 seconds to reconnect!\n|inactive|soushikanSSS has 20 seconds to reconnect!\n|inactive|soushikanSSS has 15 seconds to reconnect!\n|inactive|soushikanSSS has 10 seconds to reconnect!\n|inactive|soushikanSSS has 5 seconds to reconnect!\n|-message|soushikanSSS lost due to inactivity.\n|\n|win|mikekungpd\n|raw|mikekungpd's rating: 1104 &rarr; <strong>1134<\/strong><br \/>(+30 for winning)\n|raw|soushikanSSS's rating: 1176 &rarr; <strong>1146<\/strong><br \/>(-30 for losing)\n|l| soushikanSSSS\n","uploadtime":1700718913,"views":3,"p1id":"mikekungpd","p2id":"soushikansss","formatid":"gen9ou","rating":1134,"private":0,"password":""}