{"id":"gen9ou-1994213130","p1":"RipDeBallzach","p2":"Bub Testing","format":"[Gen 9] OU","log":"|j|\u2606RipDeBallzach\n|j|\u2606Bub Testing\n|t:|1700419577\n|gametype|singles\n|player|p1|RipDeBallzach|170|1431\n|player|p2|Bub Testing|n|1532\n|teamsize|p1|6\n|teamsize|p2|6\n|gen|9\n|tier|[Gen 9] OU\n|rated|\n|rule|Sleep Clause Mod: Limit one foe put to sleep\n|rule|Species Clause: Limit one of each Pok\u00e9mon\n|rule|OHKO Clause: OHKO moves are banned\n|rule|Evasion Items Clause: Evasion items are banned\n|rule|Evasion Moves Clause: Evasion moves are banned\n|rule|Endless Battle Clause: Forcing endless battles is banned\n|rule|HP Percentage Mod: HP is shown in percentages\n|clearpoke\n|poke|p1|Gholdengo|\n|poke|p1|Dragapult, F|\n|poke|p1|Rillaboom, F|\n|poke|p1|Sneasler, F|\n|poke|p1|Iron Valiant|\n|poke|p1|Kingambit, F|\n|poke|p2|Magnezone|\n|poke|p2|Gholdengo|\n|poke|p2|Slowking-Galar, M|\n|poke|p2|Zamazenta-*|\n|poke|p2|Ogerpon-Wellspring, F|\n|poke|p2|Cinderace, F|\n|teampreview\n|c|\u2606RipDeBallzach|one last ride.\n|\n|t:|1700419591\n|start\n|switch|p1a: Dragapult|Dragapult, F|100\/100\n|switch|p2a: Cinderace|Cinderace, F|100\/100\n|turn|1\n|\n|t:|1700419596\n|move|p1a: Dragapult|Thunder Wave|p2a: Cinderace\n|-status|p2a: Cinderace|par\n|move|p2a: Cinderace|U-turn|p1a: Dragapult\n|-start|p2a: Cinderace|typechange|Bug|[from] ability: Libero\n|-resisted|p1a: Dragapult\n|-damage|p1a: Dragapult|78\/100\n|\n|t:|1700419602\n|switch|p2a: Gholdengo|Gholdengo|100\/100|[from] U-turn\n|\n|upkeep\n|turn|2\n|\n|t:|1700419608\n|move|p1a: Dragapult|Light Screen|p1a: Dragapult\n|-sidestart|p1: RipDeBallzach|move: Light Screen\n|move|p2a: Gholdengo|Make It Rain|p1a: Dragapult\n|-damage|p1a: Dragapult|45\/100\n|-unboost|p2a: Gholdengo|spa|1\n|-enditem|p2a: Gholdengo|Eject Pack\n|\n|t:|1700419612\n|switch|p2a: Cinderace|Cinderace, F|100\/100 par\n|\n|upkeep\n|turn|3\n|\n|t:|1700419616\n|move|p1a: Dragapult|Hex|p2a: Cinderace\n|-damage|p2a: Cinderace|14\/100 par\n|move|p2a: Cinderace|U-turn|p1a: Dragapult\n|-start|p2a: Cinderace|typechange|Bug|[from] ability: Libero\n|-resisted|p1a: Dragapult\n|-damage|p1a: Dragapult|21\/100\n|\n|t:|1700419624\n|switch|p2a: Zamazenta|Zamazenta|100\/100|[from] U-turn\n|-ability|p2a: Zamazenta|Dauntless Shield|boost\n|-boost|p2a: Zamazenta|def|1\n|\n|upkeep\n|turn|4\n|\n|t:|1700419629\n|move|p1a: Dragapult|Thunder Wave|p2a: Zamazenta\n|-status|p2a: Zamazenta|par\n|cant|p2a: Zamazenta|par\n|\n|upkeep\n|turn|5\n|\n|t:|1700419633\n|move|p1a: Dragapult|Reflect|p1a: Dragapult\n|-sidestart|p1: RipDeBallzach|Reflect\n|move|p2a: Zamazenta|Crunch|p1a: Dragapult\n|-supereffective|p1a: Dragapult\n|-damage|p1a: Dragapult|0 fnt\n|faint|p1a: Dragapult\n|\n|upkeep\n|\n|t:|1700419639\n|switch|p1a: Gholdengo|Gholdengo|100\/100\n|turn|6\n|\n|t:|1700419645\n|switch|p2a: Magnezone|Magnezone|100\/100\n|move|p1a: Gholdengo|Substitute|p1a: Gholdengo\n|-start|p1a: Gholdengo|Substitute\n|-damage|p1a: Gholdengo|75\/100\n|\n|upkeep\n|turn|7\n|\n|t:|1700419648\n|move|p1a: Gholdengo|Focus Blast|p2a: Magnezone|[miss]\n|-miss|p1a: Gholdengo|p2a: Magnezone\n|move|p2a: Magnezone|Thunderbolt|p1a: Gholdengo\n|-end|p1a: Gholdengo|Substitute\n|\n|upkeep\n|turn|8\n|\n|t:|1700419653\n|move|p1a: Gholdengo|Substitute|p1a: Gholdengo\n|-start|p1a: Gholdengo|Substitute\n|-damage|p1a: Gholdengo|50\/100\n|move|p2a: Magnezone|Volt Switch|p1a: Gholdengo\n|-activate|p1a: Gholdengo|move: Substitute|[damage]\n|\n|t:|1700419666\n|switch|p2a: Zamazenta|Zamazenta|100\/100 par|[from] Volt Switch\n|\n|upkeep\n|turn|9\n|\n|t:|1700419669\n|move|p1a: Gholdengo|Nasty Plot|p1a: Gholdengo\n|-boost|p1a: Gholdengo|spa|2\n|move|p2a: Zamazenta|Crunch|p1a: Gholdengo\n|-supereffective|p1a: Gholdengo\n|-end|p1a: Gholdengo|Substitute\n|\n|-sideend|p1: RipDeBallzach|move: Light Screen\n|upkeep\n|turn|10\n|\n|t:|1700419674\n|move|p1a: Gholdengo|Substitute|p1a: Gholdengo\n|-start|p1a: Gholdengo|Substitute\n|-damage|p1a: Gholdengo|25\/100\n|-enditem|p1a: Gholdengo|Salac Berry|[eat]\n|-boost|p1a: Gholdengo|spe|1|[from] item: Salac Berry\n|move|p2a: Zamazenta|Crunch|p1a: Gholdengo\n|-supereffective|p1a: Gholdengo\n|-end|p1a: Gholdengo|Substitute\n|\n|upkeep\n|turn|11\n|\n|t:|1700419680\n|move|p1a: Gholdengo|Shadow Ball|p2a: Zamazenta\n|-damage|p2a: Zamazenta|29\/100 par\n|cant|p2a: Zamazenta|par\n|\n|upkeep\n|turn|12\n|c|\u2606Bub Testing|bro\n|c|\u2606Bub Testing|you are pathetic\n|\n|t:|1700419690\n|move|p1a: Gholdengo|Shadow Ball|p2a: Zamazenta\n|-damage|p2a: Zamazenta|0 fnt\n|faint|p2a: Zamazenta\n|\n|-sideend|p1: RipDeBallzach|Reflect\n|upkeep\n|c|\u2606RipDeBallzach|what i even do\n|\n|t:|1700419694\n|switch|p2a: Magnezone|Magnezone|100\/100\n|turn|13\n|c|\u2606RipDeBallzach|u switched your whole team into twave \ud83d\ude2d\n|\n|t:|1700419700\n|-terastallize|p2a: Magnezone|Flying\n|move|p1a: Gholdengo|Focus Blast|p2a: Magnezone|[miss]\n|-miss|p1a: Gholdengo|p2a: Magnezone\n|move|p2a: Magnezone|Volt Switch|p1a: Gholdengo\n|-damage|p1a: Gholdengo|0 fnt\n|faint|p1a: Gholdengo\n|\n|t:|1700419708\n|switch|p2a: Cinderace|Cinderace, F|14\/100 par|[from] Volt Switch\n|\n|upkeep\n|c|\u2606RipDeBallzach|i missed 2 blasts too this is a fair match\n|\n|t:|1700419717\n|switch|p1a: Rillaboom|Rillaboom, F|100\/100\n|-fieldstart|move: Grassy Terrain|[from] ability: Grassy Surge|[of] p1a: Rillaboom\n|turn|14\n|\n|t:|1700419720\n|move|p1a: Rillaboom|U-turn|p2a: Cinderace\n|-resisted|p2a: Cinderace\n|-damage|p2a: Cinderace|0 fnt\n|faint|p2a: Cinderace\n|\n|t:|1700419723\n|switch|p1a: Kingambit|Kingambit, F|100\/100|[from] U-turn\n|-activate|p1a: Kingambit|ability: Supreme Overlord\n|-start|p1a: Kingambit|fallen2|[silent]\n|\n|upkeep\n|\n|t:|1700419727\n|switch|p2a: Magnezone|Magnezone, tera:Flying|100\/100\n|turn|15\n|\n|t:|1700419731\n|move|p2a: Magnezone|Iron Defense|p2a: Magnezone\n|-boost|p2a: Magnezone|def|2\n|move|p1a: Kingambit|Kowtow Cleave|p2a: Magnezone\n|-damage|p2a: Magnezone|72\/100\n|\n|upkeep\n|turn|16\n|\n|t:|1700419736\n|move|p2a: Magnezone|Body Press|p1a: Kingambit\n|-supereffective|p1a: Kingambit\n|-damage|p1a: Kingambit|0 fnt\n|faint|p1a: Kingambit\n|-end|p1a: Kingambit|fallen2|[silent]\n|\n|upkeep\n|\n|t:|1700419739\n|switch|p1a: Iron Valiant|Iron Valiant|100\/100\n|-enditem|p1a: Iron Valiant|Booster Energy\n|-activate|p1a: Iron Valiant|ability: Quark Drive|[fromitem]\n|-start|p1a: Iron Valiant|quarkdrivespe\n|turn|17\n|\n|t:|1700419745\n|switch|p2a: Slowking|Slowking-Galar, M|100\/100\n|move|p1a: Iron Valiant|Moonblast|p2a: Slowking\n|-resisted|p2a: Slowking\n|-damage|p2a: Slowking|84\/100\n|\n|-heal|p2a: Slowking|91\/100|[from] Grassy Terrain\n|upkeep\n|turn|18\n|\n|t:|1700419749\n|move|p1a: Iron Valiant|Psyshock|p2a: Slowking\n|-damage|p2a: Slowking|64\/100\n|move|p2a: Slowking|Future Sight|p1a: Iron Valiant\n|-start|p2a: Slowking|move: Future Sight\n|\n|-heal|p2a: Slowking|70\/100|[from] Grassy Terrain\n|-fieldend|move: Grassy Terrain\n|upkeep\n|turn|19\n|\n|t:|1700419758\n|-end|p1a: Iron Valiant|Quark Drive|[silent]\n|switch|p1a: Rillaboom|Rillaboom, F|100\/100\n|-fieldstart|move: Grassy Terrain|[from] ability: Grassy Surge|[of] p1a: Rillaboom\n|move|p2a: Slowking|Sludge Bomb|p1a: Rillaboom\n|-supereffective|p1a: Rillaboom\n|-damage|p1a: Rillaboom|0 fnt\n|faint|p1a: Rillaboom\n|\n|-heal|p2a: Slowking|76\/100|[from] Grassy Terrain\n|upkeep\n|\n|t:|1700419761\n|switch|p1a: Sneasler|Sneasler, F|100\/100\n|-enditem|p1a: Sneasler|Grassy Seed\n|-boost|p1a: Sneasler|def|1|[from] item: Grassy Seed\n|turn|20\n|\n|t:|1700419769\n|-terastallize|p1a: Sneasler|Dark\n|move|p1a: Sneasler|Swords Dance|p1a: Sneasler\n|-boost|p1a: Sneasler|atk|2\n|move|p2a: Slowking|Sludge Bomb|p1a: Sneasler\n|-damage|p1a: Sneasler|55\/100\n|\n|-end|p1a: Sneasler|move: Future Sight\n|-immune|p1a: Sneasler\n|-heal|p1a: Sneasler|61\/100|[from] Grassy Terrain\n|-heal|p2a: Slowking|82\/100|[from] Grassy Terrain\n|upkeep\n|turn|21\n|\n|t:|1700419780\n|move|p1a: Sneasler|Lash Out|p2a: Slowking\n|-supereffective|p2a: Slowking\n|-damage|p2a: Slowking|0 fnt\n|faint|p2a: Slowking\n|\n|-heal|p1a: Sneasler|67\/100|[from] Grassy Terrain\n|upkeep\n|\n|t:|1700419785\n|switch|p2a: Gholdengo|Gholdengo|100\/100\n|turn|22\n|\n|t:|1700419788\n|move|p1a: Sneasler|Lash Out|p2a: Gholdengo\n|-supereffective|p2a: Gholdengo\n|-damage|p2a: Gholdengo|0 fnt\n|faint|p2a: Gholdengo\n|\n|-heal|p1a: Sneasler|73\/100|[from] Grassy Terrain\n|upkeep\n|\n|t:|1700419793\n|switch|p2a: Magnezone|Magnezone, tera:Flying|72\/100\n|turn|23\n|\n|t:|1700419799\n|move|p1a: Sneasler|Dire Claw|p2a: Magnezone\n|-damage|p2a: Magnezone|0 fnt\n|faint|p2a: Magnezone\n|\n|-heal|p1a: Sneasler|79\/100|[from] Grassy Terrain\n|-fieldend|move: Grassy Terrain\n|upkeep\n|c|\u2606RipDeBallzach|gg\n|c|\u2606Bub Testing|this pokemon is brain dumb\n|inactive|Battle timer is ON: inactive players will automatically lose when time's up. (requested by RipDeBallzach)\n|c|\u2606Bub Testing|didnt it get banned\n|n|!Bub Testing|bubtesting\n|c|\u2606RipDeBallzach|yea thats why im running him\n|-message|Bub Testing forfeited.\n|\n|win|RipDeBallzach\n|raw|RipDeBallzach's rating: 1431 &rarr; <strong>1457<\/strong><br \/>(+26 for winning)\n|raw|Bub Testing's rating: 1532 &rarr; <strong>1506<\/strong><br \/>(-26 for losing)\n","uploadtime":1700419816,"views":8,"p1id":"ripdeballzach","p2id":"bubtesting","formatid":"gen9ou","rating":1457,"private":0,"password":""}