{"id":"gen9ou-1993100024","p1":"Juroni","p2":"tottees","format":"[Gen 9] OU","log":"|j|\u2606Juroni\n|j|\u2606tottees\n|t:|1700264730\n|gametype|singles\n|player|p1|Juroni|marley|\n|player|p2|tottees|guitarist|\n|teamsize|p1|6\n|teamsize|p2|6\n|gen|9\n|tier|[Gen 9] OU\n|rule|Sleep Clause Mod: Limit one foe put to sleep\n|rule|Species Clause: Limit one of each Pok\u00e9mon\n|rule|OHKO Clause: OHKO moves are banned\n|rule|Evasion Items Clause: Evasion items are banned\n|rule|Evasion Moves Clause: Evasion moves are banned\n|rule|Endless Battle Clause: Forcing endless battles is banned\n|rule|HP Percentage Mod: HP is shown in percentages\n|clearpoke\n|poke|p1|Umbreon, F|\n|poke|p1|Alomomola, F|\n|poke|p1|Ursaluna, F|\n|poke|p1|Corviknight, M|\n|poke|p1|Sinistcha|\n|poke|p1|Sneasler, F|\n|poke|p2|Slowking-Galar, M|\n|poke|p2|Iron Hands|\n|poke|p2|Hatterene, F|\n|poke|p2|Vaporeon, F|\n|poke|p2|Revavroom, F|\n|poke|p2|Kommo-o, M|\n|teampreview\n|c|\u2606Juroni|please god help me this time\n|\n|t:|1700264761\n|start\n|switch|p1a: Cordelia|Ursaluna, F|100\/100\n|switch|p2a: Vaporeon|Vaporeon, F|100\/100\n|turn|1\n|\n|t:|1700264779\n|switch|p1a: Umbriel|Umbreon, F|100\/100\n|move|p2a: Vaporeon|Scald|p1a: Umbriel\n|-damage|p1a: Umbriel|85\/100\n|-status|p1a: Umbriel|brn\n|\n|-heal|p1a: Umbriel|91\/100 brn|[from] item: Leftovers\n|-damage|p1a: Umbriel|85\/100 brn|[from] brn\n|upkeep\n|turn|2\n|\n|t:|1700264799\n|move|p2a: Vaporeon|Protect|p2a: Vaporeon\n|-singleturn|p2a: Vaporeon|Protect\n|move|p1a: Umbriel|Toxic|p2a: Vaporeon\n|-activate|p2a: Vaporeon|move: Protect\n|\n|-heal|p1a: Umbriel|91\/100 brn|[from] item: Leftovers\n|-damage|p1a: Umbriel|85\/100 brn|[from] brn\n|upkeep\n|turn|3\n|\n|t:|1700264814\n|switch|p2a: Revavroom|Revavroom, F|100\/100\n|move|p1a: Umbriel|Foul Play|p2a: Revavroom\n|-damage|p2a: Revavroom|72\/100\n|\n|-heal|p1a: Umbriel|91\/100 brn|[from] item: Leftovers\n|-damage|p1a: Umbriel|85\/100 brn|[from] brn\n|upkeep\n|turn|4\n|\n|t:|1700264826\n|move|p2a: Revavroom|Shift Gear|p2a: Revavroom\n|-boost|p2a: Revavroom|spe|2\n|-boost|p2a: Revavroom|atk|1\n|move|p1a: Umbriel|Foul Play|p2a: Revavroom\n|-damage|p2a: Revavroom|27\/100\n|\n|-heal|p1a: Umbriel|91\/100 brn|[from] item: Leftovers\n|-damage|p1a: Umbriel|85\/100 brn|[from] brn\n|upkeep\n|turn|5\n|\n|t:|1700264852\n|move|p2a: Revavroom|Iron Head|p1a: Umbriel\n|-damage|p1a: Umbriel|17\/100 brn\n|-damage|p2a: Revavroom|17\/100|[from] item: Life Orb\n|move|p1a: Umbriel|Foul Play|p2a: Revavroom\n|-damage|p2a: Revavroom|0 fnt\n|faint|p2a: Revavroom\n|\n|-heal|p1a: Umbriel|24\/100 brn|[from] item: Leftovers\n|-damage|p1a: Umbriel|17\/100 brn|[from] brn\n|upkeep\n|c|\u2606Juroni|ouch\n|\n|t:|1700264865\n|switch|p2a: Iron Hands|Iron Hands|100\/100\n|turn|6\n|c|\u2606Juroni|that's a heavy bonk\n|\n|t:|1700264884\n|switch|p1a: Mab|Sinistcha|100\/100\n|move|p2a: Iron Hands|Swords Dance|p2a: Iron Hands\n|-boost|p2a: Iron Hands|atk|2\n|\n|upkeep\n|turn|7\n|\n|t:|1700264908\n|move|p1a: Mab|Matcha Gotcha|p2a: Iron Hands\n|-damage|p2a: Iron Hands|56\/100\n|move|p2a: Iron Hands|Thunder Punch|p1a: Mab\n|-resisted|p1a: Mab\n|-damage|p1a: Mab|41\/100\n|-damage|p2a: Iron Hands|46\/100|[from] item: Life Orb\n|\n|-heal|p1a: Mab|47\/100|[from] item: Leftovers\n|upkeep\n|turn|8\n|\n|t:|1700264948\n|switch|p1a: Cordelia|Ursaluna, F|100\/100\n|-end|p2a: Iron Hands|Quark Drive|[silent]\n|switch|p2a: Hatterene|Hatterene, F|100\/100\n|\n|-status|p1a: Cordelia|brn|[from] item: Flame Orb\n|upkeep\n|turn|9\n|\n|t:|1700264972\n|-terastallize|p1a: Cordelia|Normal\n|move|p1a: Cordelia|Facade|p2a: Hatterene\n|-damage|p2a: Hatterene|0 fnt\n|faint|p2a: Hatterene\n|\n|-damage|p1a: Cordelia|94\/100 brn|[from] brn\n|upkeep\n|\n|t:|1700264977\n|switch|p2a: Kommo-o|Kommo-o, M|100\/100\n|turn|10\n|\n|t:|1700265009\n|move|p2a: Kommo-o|Clangorous Soul|p2a: Kommo-o\n|-boost|p2a: Kommo-o|atk|1\n|-boost|p2a: Kommo-o|def|1\n|-boost|p2a: Kommo-o|spa|1\n|-boost|p2a: Kommo-o|spd|1\n|-boost|p2a: Kommo-o|spe|1\n|-damage|p2a: Kommo-o|68\/100\n|-enditem|p2a: Kommo-o|Throat Spray\n|-boost|p2a: Kommo-o|spa|1|[from] item: Throat Spray\n|move|p1a: Cordelia|Facade|p2a: Kommo-o\n|-damage|p2a: Kommo-o|0 fnt\n|faint|p2a: Kommo-o\n|\n|-damage|p1a: Cordelia|88\/100 brn|[from] brn\n|upkeep\n|\n|t:|1700265018\n|switch|p2a: Slowking|Slowking-Galar, M|100\/100\n|turn|11\n|c|\u2606Juroni|YES I'M SAFE\n|\n|t:|1700265029\n|move|p1a: Cordelia|Headlong Rush|p2a: Slowking\n|-supereffective|p2a: Slowking\n|-damage|p2a: Slowking|0 fnt\n|-unboost|p1a: Cordelia|def|1\n|-unboost|p1a: Cordelia|spd|1\n|faint|p2a: Slowking\n|\n|-damage|p1a: Cordelia|82\/100 brn|[from] brn\n|upkeep\n|\n|t:|1700265035\n|switch|p2a: Vaporeon|Vaporeon, F|100\/100\n|turn|12\n|\n|t:|1700265065\n|move|p2a: Vaporeon|Ice Beam|p1a: Cordelia\n|-damage|p1a: Cordelia|51\/100 brn\n|move|p1a: Cordelia|Facade|p2a: Vaporeon\n|-damage|p2a: Vaporeon|0 fnt\n|faint|p2a: Vaporeon\n|\n|-damage|p1a: Cordelia|45\/100 brn|[from] brn\n|upkeep\n|\n|t:|1700265068\n|switch|p2a: Iron Hands|Iron Hands|46\/100\n|turn|13\n|\n|t:|1700265077\n|move|p2a: Iron Hands|Drain Punch|p1a: Cordelia\n|-supereffective|p1a: Cordelia\n|-damage|p1a: Cordelia|0 fnt\n|-heal|p2a: Iron Hands|69\/100|[from] drain|[of] p1a: Cordelia\n|faint|p1a: Cordelia\n|-damage|p2a: Iron Hands|59\/100|[from] item: Life Orb\n|\n|upkeep\n|c|\u2606Juroni|nyoooooooooooooooo\n|\n|t:|1700265092\n|switch|p1a: Caliban|Corviknight, M|100\/100\n|-ability|p1a: Caliban|Pressure\n|turn|14\n|\n|t:|1700265099\n|move|p1a: Caliban|Brave Bird|p2a: Iron Hands\n|-damage|p2a: Iron Hands|40\/100\n|-damage|p1a: Caliban|93\/100|[from] Recoil\n|move|p2a: Iron Hands|Thunder Punch|p1a: Caliban\n|-supereffective|p1a: Caliban\n|-damage|p1a: Caliban|21\/100\n|-damage|p2a: Iron Hands|23\/100|[from] item: Rocky Helmet|[of] p1a: Caliban\n|-damage|p2a: Iron Hands|13\/100|[from] item: Life Orb\n|\n|upkeep\n|turn|15\n|\n|t:|1700265111\n|-terastallize|p2a: Iron Hands|Flying\n|move|p1a: Caliban|Roost|p1a: Caliban\n|-heal|p1a: Caliban|71\/100\n|-singleturn|p1a: Caliban|move: Roost\n|move|p2a: Iron Hands|Thunder Punch|p1a: Caliban\n|-damage|p1a: Caliban|39\/100\n|-damage|p2a: Iron Hands|0 fnt|[from] item: Rocky Helmet|[of] p1a: Caliban\n|faint|p2a: Iron Hands\n|-end|p2a: Iron Hands|Quark Drive|[silent]\n|\n|win|Juroni\n|c|\u2606Juroni|want to change something?\n","uploadtime":1700265124,"views":15,"p1id":"juroni","p2id":"tottees","formatid":"gen9ou","rating":0,"private":0,"password":""}