{"id":"gen9ou-1991319654","p1":"Leafeon Enjoyer","p2":"Ararara1234","format":"[Gen 9] OU","log":"|j|\u2606Leafeon Enjoyer\n|j|\u2606Ararara1234\n|t:|1700067244\n|gametype|singles\n|player|p1|Leafeon Enjoyer|rosa-masters|1235\n|player|p2|Ararara1234|roxie|1136\n|teamsize|p1|6\n|teamsize|p2|6\n|gen|9\n|tier|[Gen 9] OU\n|rated|\n|rule|Sleep Clause Mod: Limit one foe put to sleep\n|rule|Species Clause: Limit one of each Pok\u00e9mon\n|rule|OHKO Clause: OHKO moves are banned\n|rule|Evasion Items Clause: Evasion items are banned\n|rule|Evasion Moves Clause: Evasion moves are banned\n|rule|Endless Battle Clause: Forcing endless battles is banned\n|rule|HP Percentage Mod: HP is shown in percentages\n|clearpoke\n|poke|p1|Ogerpon-Cornerstone, F|\n|poke|p1|Rillaboom, M|\n|poke|p1|Sneasler, F|\n|poke|p1|Great Tusk|\n|poke|p1|Landorus-Therian, M|\n|poke|p1|Gholdengo|\n|poke|p2|Meowscarada, M|\n|poke|p2|Magnezone|\n|poke|p2|Weezing-Galar, F|\n|poke|p2|Lycanroc, M|\n|poke|p2|Gengar, F|\n|poke|p2|Salamence, M|\n|teampreview\n|inactive|Battle timer is ON: inactive players will automatically lose when time's up. (requested by Leafeon Enjoyer)\n|\n|t:|1700067274\n|start\n|switch|p1a: Bonk\u2122|Rillaboom, M|100\/100\n|switch|p2a: Lycanroc|Lycanroc, M|100\/100\n|-fieldstart|move: Grassy Terrain|[from] ability: Grassy Surge|[of] p1a: Bonk\u2122\n|turn|1\n|\n|t:|1700067283\n|move|p1a: Bonk\u2122|Grassy Glide|p2a: Lycanroc\n|-supereffective|p2a: Lycanroc\n|-enditem|p2a: Lycanroc|Focus Sash\n|-damage|p2a: Lycanroc|1\/100\n|move|p2a: Lycanroc|Stealth Rock|p1a: Bonk\u2122\n|-sidestart|p1: Leafeon Enjoyer|move: Stealth Rock\n|\n|-heal|p2a: Lycanroc|7\/100|[from] Grassy Terrain\n|upkeep\n|turn|2\n|\n|t:|1700067293\n|switch|p2a: Weezing|Weezing-Galar, F|100\/100\n|move|p1a: Bonk\u2122|Grassy Glide|p2a: Weezing\n|-resisted|p2a: Weezing\n|-damage|p2a: Weezing|87\/100\n|-damage|p1a: Bonk\u2122|84\/100|[from] item: Rocky Helmet|[of] p2a: Weezing\n|\n|-heal|p1a: Bonk\u2122|90\/100|[from] Grassy Terrain\n|upkeep\n|turn|3\n|\n|t:|1700067308\n|switch|p2a: Magnezone|Magnezone|100\/100\n|move|p1a: Bonk\u2122|U-turn|p2a: Magnezone\n|-resisted|p2a: Magnezone\n|-damage|p2a: Magnezone|89\/100\n|\n|t:|1700067319\n|switch|p1a: Landorus|Landorus-Therian, M|100\/100|[from] U-turn\n|-damage|p1a: Landorus|88\/100|[from] Stealth Rock\n|-ability|p1a: Landorus|Intimidate|boost\n|-unboost|p2a: Magnezone|atk|1\n|\n|-heal|p1a: Landorus|94\/100|[from] item: Leftovers\n|-heal|p2a: Magnezone|95\/100|[from] Grassy Terrain\n|upkeep\n|turn|4\n|\n|t:|1700067328\n|switch|p2a: Weezing|Weezing-Galar, F|87\/100\n|move|p1a: Landorus|Earthquake|p2a: Weezing\n|-immune|p2a: Weezing|[from] ability: Levitate\n|\n|-heal|p1a: Landorus|99\/100|[from] item: Leftovers\n|upkeep\n|turn|5\n|inactive|Leafeon Enjoyer has 120 seconds left.\n|\n|t:|1700067363\n|switch|p2a: Lycanroc|Lycanroc, M|7\/100\n|move|p1a: Landorus|Stealth Rock|p2a: Lycanroc\n|-sidestart|p2: Ararara1234|move: Stealth Rock\n|\n|-heal|p2a: Lycanroc|13\/100|[from] Grassy Terrain\n|-heal|p1a: Landorus|100\/100|[from] item: Leftovers\n|-fieldend|move: Grassy Terrain\n|upkeep\n|turn|6\n|\n|t:|1700067372\n|move|p1a: Landorus|Protect|p1a: Landorus\n|-singleturn|p1a: Landorus|Protect\n|move|p2a: Lycanroc|Rock Blast|p1a: Landorus\n|-activate|p1a: Landorus|move: Protect\n|\n|upkeep\n|turn|7\n|l|\u2606Ararara1234\n|inactive|Ararara1234 disconnected and has a minute to reconnect!\n|player|p2|\n|j|\u2606Ararara1234\n|inactive|Ararara1234 reconnected and has 130 seconds left.\n|player|p2|Ararara1234|roxie\n|\n|t:|1700067399\n|switch|p2a: Weezing|Weezing-Galar, F|87\/100\n|-damage|p2a: Weezing|75\/100|[from] Stealth Rock\n|move|p1a: Landorus|Earthquake|p2a: Weezing\n|-immune|p2a: Weezing|[from] ability: Levitate\n|\n|upkeep\n|turn|8\n|\n|t:|1700067411\n|move|p1a: Landorus|U-turn|p2a: Weezing\n|-resisted|p2a: Weezing\n|-damage|p2a: Weezing|72\/100\n|-damage|p1a: Landorus|84\/100|[from] item: Rocky Helmet|[of] p2a: Weezing\n|\n|t:|1700067423\n|switch|p1a: Great Tusk|Great Tusk|100\/100|[from] U-turn\n|-damage|p1a: Great Tusk|98\/100|[from] Stealth Rock\n|move|p2a: Weezing|Defog|p1a: Great Tusk\n|-unboost|p1a: Great Tusk|evasion|1\n|-sideend|p1: Leafeon Enjoyer|Stealth Rock|[from] move: Defog|[of] p2a: Weezing\n|-sideend|p2: Ararara1234|Stealth Rock|[from] move: Defog|[of] p2a: Weezing\n|\n|-heal|p1a: Great Tusk|100\/100|[from] item: Leftovers\n|upkeep\n|turn|9\n|inactive|Leafeon Enjoyer has 120 seconds left.\n|\n|t:|1700067449\n|-end|p1a: Great Tusk|Protosynthesis|[silent]\n|switch|p1a: Gholdengo|Gholdengo|100\/100\n|move|p2a: Weezing|Will-O-Wisp|p1a: Gholdengo\n|-immune|p1a: Gholdengo|[from] ability: Good as Gold\n|\n|upkeep\n|turn|10\n|inactive|Leafeon Enjoyer has 120 seconds left.\n|\n|t:|1700067473\n|switch|p2a: Magnezone|Magnezone|95\/100\n|move|p1a: Gholdengo|Shadow Ball|p2a: Magnezone\n|-damage|p2a: Magnezone|24\/100\n|\n|upkeep\n|turn|11\n|\n|t:|1700067481\n|move|p1a: Gholdengo|Shadow Ball|p2a: Magnezone\n|-damage|p2a: Magnezone|0 fnt\n|faint|p2a: Magnezone\n|\n|upkeep\n|\n|t:|1700067487\n|switch|p2a: Salamence|Salamence, M|100\/100\n|turn|12\n|\n|t:|1700067493\n|switch|p1a: Bonk\u2122|Rillaboom, M|90\/100\n|-fieldstart|move: Grassy Terrain|[from] ability: Grassy Surge|[of] p1a: Bonk\u2122\n|move|p2a: Salamence|Earthquake|p1a: Bonk\u2122\n|-resisted|p1a: Bonk\u2122\n|-damage|p1a: Bonk\u2122|81\/100\n|\n|-heal|p1a: Bonk\u2122|87\/100|[from] Grassy Terrain\n|upkeep\n|turn|13\n|\n|t:|1700067505\n|switch|p2a: Weezing|Weezing-Galar, F|72\/100\n|switch|p1a: Landorus|Landorus-Therian, M|84\/100\n|-ability|p1a: Landorus|Intimidate|boost\n|-unboost|p2a: Weezing|atk|1\n|\n|-heal|p1a: Landorus|90\/100|[from] item: Leftovers\n|upkeep\n|turn|14\n|inactive|Leafeon Enjoyer has 120 seconds left.\n|l|\u2606Leafeon Enjoyer\n|inactive|Leafeon Enjoyer disconnected and has a minute to reconnect!\n|player|p1|\n|j|\u2606Leafeon Enjoyer\n|inactive|Leafeon Enjoyer reconnected and has 100 seconds left.\n|player|p1|Leafeon Enjoyer|rosa-masters\n|inactive|Leafeon Enjoyer has 90 seconds left.\n|\n|t:|1700067558\n|move|p1a: Landorus|U-turn|p2a: Weezing\n|-resisted|p2a: Weezing\n|-damage|p2a: Weezing|68\/100\n|-damage|p1a: Landorus|74\/100|[from] item: Rocky Helmet|[of] p2a: Weezing\n|\n|t:|1700067561\n|switch|p1a: Gholdengo|Gholdengo|100\/100|[from] U-turn\n|move|p2a: Weezing|Defog|p1a: Gholdengo\n|-immune|p1a: Gholdengo|[from] ability: Good as Gold\n|\n|upkeep\n|turn|15\n|inactive|Leafeon Enjoyer has 90 seconds left.\n|\n|t:|1700067574\n|switch|p2a: Lycanroc|Lycanroc, M|13\/100\n|move|p1a: Gholdengo|Shadow Ball|p2a: Lycanroc\n|-damage|p2a: Lycanroc|0 fnt\n|faint|p2a: Lycanroc\n|\n|upkeep\n|\n|t:|1700067581\n|switch|p2a: Gengar|Gengar, F|100\/100\n|turn|16\n|\n|t:|1700067592\n|switch|p1a: Great Tusk|Great Tusk|100\/100\n|move|p2a: Gengar|Shadow Ball|p1a: Great Tusk\n|-damage|p1a: Great Tusk|29\/100\n|-unboost|p1a: Great Tusk|spd|1\n|-damage|p2a: Gengar|91\/100|[from] item: Life Orb\n|\n|-heal|p2a: Gengar|97\/100|[from] Grassy Terrain\n|-heal|p1a: Great Tusk|36\/100|[from] Grassy Terrain\n|-heal|p1a: Great Tusk|42\/100|[from] item: Leftovers\n|-fieldend|move: Grassy Terrain\n|upkeep\n|turn|17\n|\n|t:|1700067605\n|move|p1a: Great Tusk|Protect|p1a: Great Tusk\n|-singleturn|p1a: Great Tusk|Protect\n|move|p2a: Gengar|Shadow Ball|p1a: Great Tusk\n|-activate|p1a: Great Tusk|move: Protect\n|\n|-heal|p1a: Great Tusk|48\/100|[from] item: Leftovers\n|upkeep\n|turn|18\n|\n|t:|1700067615\n|move|p2a: Gengar|Energy Ball|p1a: Great Tusk\n|-supereffective|p1a: Great Tusk\n|-damage|p1a: Great Tusk|0 fnt\n|faint|p1a: Great Tusk\n|-end|p1a: Great Tusk|Protosynthesis|[silent]\n|-damage|p2a: Gengar|87\/100|[from] item: Life Orb\n|\n|upkeep\n|\n|t:|1700067623\n|switch|p1a: Bonk\u2122|Rillaboom, M|87\/100\n|-fieldstart|move: Grassy Terrain|[from] ability: Grassy Surge|[of] p1a: Bonk\u2122\n|turn|19\n|\n|t:|1700067634\n|switch|p2a: Weezing|Weezing-Galar, F|68\/100\n|move|p1a: Bonk\u2122|Knock Off|p2a: Weezing\n|-resisted|p2a: Weezing\n|-damage|p2a: Weezing|58\/100\n|-damage|p1a: Bonk\u2122|71\/100|[from] item: Rocky Helmet|[of] p2a: Weezing\n|-enditem|p2a: Weezing|Rocky Helmet|[from] move: Knock Off|[of] p1a: Bonk\u2122\n|\n|-heal|p1a: Bonk\u2122|77\/100|[from] Grassy Terrain\n|upkeep\n|turn|20\n|\n|t:|1700067651\n|switch|p1a: Gholdengo|Gholdengo|100\/100\n|move|p2a: Weezing|Sludge Bomb|p1a: Gholdengo\n|-immune|p1a: Gholdengo\n|\n|upkeep\n|turn|21\n|inactive|Leafeon Enjoyer has 120 seconds left.\n|\n|t:|1700067665\n|switch|p2a: Meowscarada|Meowscarada, M|100\/100\n|move|p1a: Gholdengo|Make It Rain|p2a: Meowscarada\n|-damage|p2a: Meowscarada|0 fnt\n|-unboost|p1a: Gholdengo|spa|1\n|faint|p2a: Meowscarada\n|\n|upkeep\n|\n|t:|1700067677\n|switch|p2a: Gengar|Gengar, F|87\/100\n|turn|22\n|\n|t:|1700067686\n|switch|p1a: Bonk\u2122|Rillaboom, M|77\/100\n|move|p2a: Gengar|Shadow Ball|p1a: Bonk\u2122\n|-damage|p1a: Bonk\u2122|43\/100\n|-damage|p2a: Gengar|77\/100|[from] item: Life Orb\n|\n|-heal|p2a: Gengar|83\/100|[from] Grassy Terrain\n|-heal|p1a: Bonk\u2122|50\/100|[from] Grassy Terrain\n|upkeep\n|turn|23\n|\n|t:|1700067696\n|move|p2a: Gengar|Sludge Bomb|p1a: Bonk\u2122\n|-supereffective|p1a: Bonk\u2122\n|-crit|p1a: Bonk\u2122\n|-damage|p1a: Bonk\u2122|0 fnt\n|faint|p1a: Bonk\u2122\n|-damage|p2a: Gengar|73\/100|[from] item: Life Orb\n|\n|-heal|p2a: Gengar|79\/100|[from] Grassy Terrain\n|-fieldend|move: Grassy Terrain\n|upkeep\n|\n|t:|1700067702\n|switch|p1a: Sneasler|Sneasler, F|100\/100\n|turn|24\n|\n|t:|1700067715\n|switch|p2a: Weezing|Weezing-Galar, F|58\/100\n|move|p1a: Sneasler|Dire Claw|p2a: Weezing\n|-damage|p2a: Weezing|29\/100\n|\n|upkeep\n|turn|25\n|\n|t:|1700067723\n|-terastallize|p2a: Weezing|Poison\n|move|p1a: Sneasler|Dire Claw|p2a: Weezing\n|-resisted|p2a: Weezing\n|-damage|p2a: Weezing|15\/100\n|-status|p2a: Weezing|slp\n|cant|p2a: Weezing|slp\n|\n|upkeep\n|turn|26\n|\n|t:|1700067735\n|move|p1a: Sneasler|Dire Claw|p2a: Weezing\n|-resisted|p2a: Weezing\n|-damage|p2a: Weezing|0 fnt\n|faint|p2a: Weezing\n|\n|upkeep\n|\n|t:|1700067741\n|switch|p2a: Salamence|Salamence, M|100\/100\n|turn|27\n|\n|t:|1700067746\n|move|p2a: Salamence|Earthquake|p1a: Sneasler\n|-supereffective|p1a: Sneasler\n|-damage|p1a: Sneasler|0 fnt\n|faint|p1a: Sneasler\n|-ability|p2a: Salamence|Moxie|boost\n|-boost|p2a: Salamence|atk|1\n|\n|upkeep\n|\n|t:|1700067753\n|switch|p1a: Bigger Bonk\u2122|Ogerpon-Cornerstone, F|100\/100\n|turn|28\n|\n|t:|1700067757\n|switch|p1a: Landorus|Landorus-Therian, M|74\/100\n|-ability|p1a: Landorus|Intimidate|boost\n|-unboost|p2a: Salamence|atk|1\n|move|p2a: Salamence|Earthquake|p1a: Landorus\n|-immune|p1a: Landorus\n|\n|-heal|p1a: Landorus|80\/100|[from] item: Leftovers\n|upkeep\n|turn|29\n|\n|t:|1700067767\n|switch|p2a: Gengar|Gengar, F|79\/100\n|move|p1a: Landorus|U-turn|p2a: Gengar\n|-resisted|p2a: Gengar\n|-damage|p2a: Gengar|67\/100\n|\n|t:|1700067775\n|switch|p1a: Bigger Bonk\u2122|Ogerpon-Cornerstone, F|100\/100|[from] U-turn\n|\n|upkeep\n|turn|30\n|\n|t:|1700067784\n|switch|p2a: Salamence|Salamence, M|100\/100\n|move|p1a: Bigger Bonk\u2122|Ivy Cudgel|p2a: Salamence|[anim] Ivy Cudgel Rock\n|-supereffective|p2a: Salamence\n|-crit|p2a: Salamence\n|-damage|p2a: Salamence|0 fnt\n|faint|p2a: Salamence\n|\n|upkeep\n|-message|Ararara1234 forfeited.\n|\n|win|Leafeon Enjoyer\n|raw|Leafeon Enjoyer's rating: 1235 &rarr; <strong>1253<\/strong><br \/>(+18 for winning)\n|raw|Ararara1234's rating: 1136 &rarr; <strong>1118<\/strong><br \/>(-18 for losing)\n|l|\u2606Ararara1234\n","uploadtime":1700067800,"views":7,"p1id":"leafeonenjoyer","p2id":"ararara1234","formatid":"gen9ou","rating":1118,"private":0,"password":""}