{"id":"gen9ou-1994498277","p1":"Poison Ivy Thorns","p2":"Troy Crann4TW","format":"[Gen 9] OU","log":"|j|\u2606Poison Ivy Thorns\n|j|\u2606Troy Crann4TW\n|t:|1700451005\n|gametype|singles\n|player|p1|Poison Ivy Thorns|ethan-gen2|1405\n|player|p2|Troy Crann4TW|red|1422\n|teamsize|p1|6\n|teamsize|p2|6\n|gen|9\n|tier|[Gen 9] OU\n|rated|\n|rule|Sleep Clause Mod: Limit one foe put to sleep\n|rule|Species Clause: Limit one of each Pok\u00e9mon\n|rule|OHKO Clause: OHKO moves are banned\n|rule|Evasion Items Clause: Evasion items are banned\n|rule|Evasion Moves Clause: Evasion moves are banned\n|rule|Endless Battle Clause: Forcing endless battles is banned\n|rule|HP Percentage Mod: HP is shown in percentages\n|clearpoke\n|poke|p1|Mew|\n|poke|p1|Enamorus, F|\n|poke|p1|Heatran, M|\n|poke|p1|Mandibuzz, F|\n|poke|p1|Dragapult, F|\n|poke|p1|Great Tusk|\n|poke|p2|Rillaboom, F|\n|poke|p2|Hawlucha, M|\n|poke|p2|Kingambit, F|\n|poke|p2|Gholdengo|\n|poke|p2|Samurott-Hisui, M|\n|poke|p2|Landorus-Therian, M|\n|teampreview\n|inactive|Battle timer is ON: inactive players will automatically lose when time's up. (requested by Poison Ivy Thorns)\n|c|\u2606Troy Crann4TW|glhf\n|c|\u2606Poison Ivy Thorns|hf\n|\n|t:|1700451033\n|start\n|switch|p1a: Mew|Mew|100\/100\n|switch|p2a: Samurott|Samurott-Hisui, M|100\/100\n|turn|1\n|\n|t:|1700451037\n|move|p2a: Samurott|Ceaseless Edge|p1a: Mew\n|-supereffective|p1a: Mew\n|-damage|p1a: Mew|7\/100\n|-sidestart|p1: Poison Ivy Thorns|Spikes\n|move|p1a: Mew|Aura Sphere|p2a: Samurott\n|-supereffective|p2a: Samurott\n|-damage|p2a: Samurott|1\/100\n|\n|upkeep\n|turn|2\n|\n|t:|1700451047\n|switch|p1a: Mandibuzz|Mandibuzz, F|100\/100\n|move|p2a: Samurott|Ceaseless Edge|p1a: Mandibuzz\n|-resisted|p1a: Mandibuzz\n|-damage|p1a: Mandibuzz|88\/100\n|-sidestart|p1: Poison Ivy Thorns|Spikes\n|\n|upkeep\n|turn|3\n|\n|t:|1700451056\n|switch|p2a: Kingambit|Kingambit, F|100\/100\n|move|p1a: Mandibuzz|Defog|p2a: Kingambit\n|-unboost|p2a: Kingambit|evasion|1\n|-sideend|p1: Poison Ivy Thorns|Spikes|[from] move: Defog|[of] p1a: Mandibuzz\n|\n|upkeep\n|turn|4\n|\n|t:|1700451071\n|move|p2a: Kingambit|Low Kick|p1a: Mandibuzz\n|-damage|p1a: Mandibuzz|76\/100\n|move|p1a: Mandibuzz|Foul Play|p2a: Kingambit\n|-resisted|p2a: Kingambit\n|-damage|p2a: Kingambit|78\/100\n|\n|upkeep\n|turn|5\n|\n|t:|1700451077\n|move|p2a: Kingambit|Iron Head|p1a: Mandibuzz\n|-damage|p1a: Mandibuzz|52\/100\n|move|p1a: Mandibuzz|Foul Play|p2a: Kingambit\n|-resisted|p2a: Kingambit\n|-damage|p2a: Kingambit|56\/100\n|\n|upkeep\n|turn|6\n|\n|t:|1700451087\n|-end|p2a: Kingambit|fallenundefined|[silent]\n|switch|p2a: Landorus|Landorus-Therian, M|100\/100\n|-ability|p2a: Landorus|Intimidate|boost\n|-unboost|p1a: Mandibuzz|atk|1\n|move|p1a: Mandibuzz|Roost|p1a: Mandibuzz\n|-heal|p1a: Mandibuzz|100\/100\n|-singleturn|p1a: Mandibuzz|move: Roost\n|\n|upkeep\n|turn|7\n|\n|t:|1700451093\n|move|p2a: Landorus|Stealth Rock|p1a: Mandibuzz\n|-sidestart|p1: Poison Ivy Thorns|move: Stealth Rock\n|move|p1a: Mandibuzz|Toxic|p2a: Landorus\n|-status|p2a: Landorus|tox\n|\n|-damage|p2a: Landorus|94\/100 tox|[from] psn\n|upkeep\n|turn|8\n|\n|t:|1700451097\n|move|p2a: Landorus|Gravity|p2a: Landorus\n|-fieldstart|move: Gravity\n|move|p1a: Mandibuzz|Defog|p2a: Landorus\n|-unboost|p2a: Landorus|evasion|1\n|-sideend|p1: Poison Ivy Thorns|Stealth Rock|[from] move: Defog|[of] p1a: Mandibuzz\n|\n|-heal|p2a: Landorus|100\/100 tox|[from] item: Leftovers\n|-damage|p2a: Landorus|88\/100 tox|[from] psn\n|upkeep\n|turn|9\n|\n|t:|1700451104\n|switch|p1a: Great Tusk|Great Tusk|100\/100\n|move|p2a: Landorus|Earth Power|p1a: Great Tusk\n|-damage|p1a: Great Tusk|50\/100\n|\n|-heal|p1a: Great Tusk|57\/100|[from] item: Leftovers\n|-heal|p2a: Landorus|94\/100 tox|[from] item: Leftovers\n|-damage|p2a: Landorus|76\/100 tox|[from] psn\n|upkeep\n|turn|10\n|\n|t:|1700451114\n|move|p1a: Great Tusk|Ice Spinner|p2a: Landorus\n|-supereffective|p2a: Landorus\n|-damage|p2a: Landorus|0 fnt\n|faint|p2a: Landorus\n|\n|-heal|p1a: Great Tusk|63\/100|[from] item: Leftovers\n|upkeep\n|\n|t:|1700451124\n|switch|p2a: Rillaboom|Rillaboom, F|100\/100\n|-fieldstart|move: Grassy Terrain|[from] ability: Grassy Surge|[of] p2a: Rillaboom\n|turn|11\n|\n|t:|1700451136\n|-end|p1a: Great Tusk|Protosynthesis|[silent]\n|switch|p1a: Heatran|Heatran, M|100\/100\n|move|p2a: Rillaboom|Grassy Glide|p1a: Heatran\n|-resisted|p1a: Heatran\n|-damage|p1a: Heatran|89\/100\n|\n|-heal|p1a: Heatran|95\/100|[from] Grassy Terrain\n|-heal|p1a: Heatran|100\/100|[from] item: Leftovers\n|upkeep\n|turn|12\n|inactive|Troy Crann4TW has 120 seconds left.\n|\n|t:|1700451182\n|switch|p2a: Gholdengo|Gholdengo|100\/100\n|move|p1a: Heatran|Magma Storm|p2a: Gholdengo\n|-supereffective|p2a: Gholdengo\n|-damage|p2a: Gholdengo|5\/100\n|-activate|p2a: Gholdengo|move: Magma Storm|[of] p1a: Heatran\n|-enditem|p2a: Gholdengo|Air Balloon\n|\n|-heal|p2a: Gholdengo|11\/100|[from] Grassy Terrain\n|-damage|p2a: Gholdengo|0 fnt|[from] move: Magma Storm|[partiallytrapped]\n|faint|p2a: Gholdengo\n|-fieldend|move: Gravity\n|upkeep\n|inactive|Troy Crann4TW has 90 seconds left.\n|\n|t:|1700451202\n|switch|p2a: Hawlucha|Hawlucha, M|100\/100\n|-enditem|p2a: Hawlucha|Grassy Seed\n|-boost|p2a: Hawlucha|def|1|[from] item: Grassy Seed\n|turn|13\n|inactive|Poison Ivy Thorns has 120 seconds left.\n|\n|t:|1700451235\n|move|p2a: Hawlucha|Swords Dance|p2a: Hawlucha\n|-boost|p2a: Hawlucha|atk|2\n|move|p1a: Heatran|Magma Storm|p2a: Hawlucha\n|-damage|p2a: Hawlucha|23\/100\n|-activate|p2a: Hawlucha|move: Magma Storm|[of] p1a: Heatran\n|\n|-damage|p2a: Hawlucha|10\/100|[from] move: Magma Storm|[partiallytrapped]\n|upkeep\n|turn|14\n|\n|t:|1700451248\n|move|p1a: Heatran|Protect|p1a: Heatran\n|-singleturn|p1a: Heatran|Protect\n|move|p2a: Hawlucha|Close Combat|p1a: Heatran\n|-activate|p1a: Heatran|move: Protect\n|\n|-damage|p2a: Hawlucha|0 fnt|[from] move: Magma Storm|[partiallytrapped]\n|faint|p2a: Hawlucha\n|upkeep\n|inactive|Troy Crann4TW has 90 seconds left.\n|\n|t:|1700451260\n|switch|p2a: Samurott|Samurott-Hisui, M|1\/100\n|turn|15\n|\n|t:|1700451268\n|switch|p1a: Mandibuzz|Mandibuzz, F|100\/100\n|move|p2a: Samurott|Razor Shell|p1a: Mandibuzz|[miss]\n|-miss|p2a: Samurott|p1a: Mandibuzz\n|\n|-heal|p2a: Samurott|8\/100|[from] Grassy Terrain\n|-fieldend|move: Grassy Terrain\n|upkeep\n|turn|16\n|\n|t:|1700451272\n|move|p2a: Samurott|Razor Shell|p1a: Mandibuzz\n|-damage|p1a: Mandibuzz|74\/100\n|-unboost|p1a: Mandibuzz|def|1\n|move|p1a: Mandibuzz|Foul Play|p2a: Samurott\n|-resisted|p2a: Samurott\n|-damage|p2a: Samurott|0 fnt\n|faint|p2a: Samurott\n|\n|upkeep\n|\n|t:|1700451279\n|switch|p2a: Kingambit|Kingambit, F|56\/100\n|-activate|p2a: Kingambit|ability: Supreme Overlord\n|-start|p2a: Kingambit|fallen4|[silent]\n|turn|17\n|\n|t:|1700451289\n|switch|p1a: Great Tusk|Great Tusk|63\/100\n|move|p2a: Kingambit|Iron Head|p1a: Great Tusk\n|-damage|p1a: Great Tusk|22\/100\n|\n|-heal|p1a: Great Tusk|29\/100|[from] item: Leftovers\n|upkeep\n|turn|18\n|inactive|Troy Crann4TW has 120 seconds left.\n|\n|t:|1700451297\n|move|p2a: Kingambit|Sucker Punch|p1a: Great Tusk\n|-resisted|p1a: Great Tusk\n|-damage|p1a: Great Tusk|4\/100\n|move|p1a: Great Tusk|Earthquake|p2a: Kingambit\n|-supereffective|p2a: Kingambit\n|-damage|p2a: Kingambit|0 fnt\n|faint|p2a: Kingambit\n|-end|p2a: Kingambit|fallen4|[silent]\n|\n|-heal|p1a: Great Tusk|10\/100|[from] item: Leftovers\n|upkeep\n|\n|t:|1700451300\n|switch|p2a: Rillaboom|Rillaboom, F|100\/100\n|-fieldstart|move: Grassy Terrain|[from] ability: Grassy Surge|[of] p2a: Rillaboom\n|turn|19\n|\n|t:|1700451304\n|-end|p1a: Great Tusk|Protosynthesis|[silent]\n|switch|p1a: Mandibuzz|Mandibuzz, F|74\/100\n|move|p2a: Rillaboom|Wood Hammer|p1a: Mandibuzz\n|-resisted|p1a: Mandibuzz\n|-crit|p1a: Mandibuzz\n|-damage|p1a: Mandibuzz|19\/100\n|-damage|p2a: Rillaboom|78\/100|[from] Recoil\n|\n|-heal|p2a: Rillaboom|84\/100|[from] Grassy Terrain\n|upkeep\n|turn|20\n|\n|t:|1700451311\n|switch|p1a: Heatran|Heatran, M|100\/100\n|move|p2a: Rillaboom|Wood Hammer|p1a: Heatran\n|-resisted|p1a: Heatran\n|-crit|p1a: Heatran\n|-damage|p1a: Heatran|66\/100\n|-damage|p2a: Rillaboom|71\/100|[from] Recoil\n|\n|-heal|p2a: Rillaboom|78\/100|[from] Grassy Terrain\n|-heal|p1a: Heatran|73\/100|[from] Grassy Terrain\n|-heal|p1a: Heatran|79\/100|[from] item: Leftovers\n|upkeep\n|turn|21\n|\n|t:|1700451315\n|move|p1a: Heatran|Protect|p1a: Heatran\n|-singleturn|p1a: Heatran|Protect\n|move|p2a: Rillaboom|Wood Hammer|p1a: Heatran\n|-activate|p1a: Heatran|move: Protect\n|\n|-heal|p2a: Rillaboom|84\/100|[from] Grassy Terrain\n|-heal|p1a: Heatran|85\/100|[from] Grassy Terrain\n|-heal|p1a: Heatran|91\/100|[from] item: Leftovers\n|upkeep\n|turn|22\n|\n|t:|1700451318\n|move|p2a: Rillaboom|Wood Hammer|p1a: Heatran\n|-resisted|p1a: Heatran\n|-damage|p1a: Heatran|67\/100\n|-damage|p2a: Rillaboom|75\/100|[from] Recoil\n|move|p1a: Heatran|Magma Storm|p2a: Rillaboom\n|-supereffective|p2a: Rillaboom\n|-damage|p2a: Rillaboom|0 fnt\n|faint|p2a: Rillaboom\n|\n|win|Poison Ivy Thorns\n|raw|Poison Ivy Thorns's rating: 1405 &rarr; <strong>1426<\/strong><br \/>(+21 for winning)\n|raw|Troy Crann4TW's rating: 1422 &rarr; <strong>1401<\/strong><br \/>(-21 for losing)\n|c|\u2606Poison Ivy Thorns|gg\n|l|\u2606Troy Crann4TW\n","uploadtime":1700451329,"views":11,"p1id":"poisonivythorns","p2id":"troycrann4tw","formatid":"gen9ou","rating":1401,"private":0,"password":""}