{"id":"gen9ou-1988559015","p1":"big mike06","p2":"lilbatlizard","format":"[Gen 9] OU","log":"|j|\u2606big mike06\n|j|\u2606lilbatlizard\n|t:|1699736027\n|gametype|singles\n|player|p1|big mike06|ethan|1000\n|player|p2|lilbatlizard|1|1000\n|teamsize|p1|6\n|teamsize|p2|6\n|gen|9\n|tier|[Gen 9] OU\n|rated|\n|rule|Sleep Clause Mod: Limit one foe put to sleep\n|rule|Species Clause: Limit one of each Pok\u00e9mon\n|rule|OHKO Clause: OHKO moves are banned\n|rule|Evasion Items Clause: Evasion items are banned\n|rule|Evasion Moves Clause: Evasion moves are banned\n|rule|Endless Battle Clause: Forcing endless battles is banned\n|rule|HP Percentage Mod: HP is shown in percentages\n|clearpoke\n|poke|p1|Great Tusk|\n|poke|p1|Rillaboom, F|\n|poke|p1|Dragapult, F|\n|poke|p1|Heatran, M|\n|poke|p1|Sneasler, F|\n|poke|p1|Kingambit, F|\n|poke|p2|Cinderace, M|\n|poke|p2|Krookodile, F|\n|poke|p2|Corviknight, F|\n|poke|p2|Iron Valiant|\n|poke|p2|Zoroark-Hisui, F|\n|poke|p2|Pincurchin, F|\n|teampreview\n|\n|t:|1699736086\n|start\n|switch|p1a: Dragapult|Dragapult, F|100\/100\n|switch|p2a: Iron Valiant|Iron Valiant|100\/100\n|turn|1\n|\n|t:|1699736111\n|move|p1a: Dragapult|Thunder Wave|p2a: Iron Valiant\n|-status|p2a: Iron Valiant|par\n|move|p2a: Iron Valiant|Dark Pulse|p1a: Dragapult\n|-supereffective|p1a: Dragapult\n|-enditem|p1a: Dragapult|Focus Sash\n|-damage|p1a: Dragapult|1\/100\n|\n|upkeep\n|turn|2\n|\n|t:|1699736120\n|move|p1a: Dragapult|Hex|p2a: Iron Valiant\n|-immune|p2a: Iron Valiant\n|move|p2a: Iron Valiant|Dark Pulse|p1a: Dragapult\n|-supereffective|p1a: Dragapult\n|-damage|p1a: Dragapult|0 fnt\n|faint|p1a: Dragapult\n|\n|upkeep\n|c|\u2606big mike06|yo\n|c|\u2606lilbatlizard|?\n|c|\u2606big mike06|whys not not affect it\n|c|\u2606big mike06|im confused\n|c|\u2606big mike06|LOL\n|c|\u2606big mike06|that*\n|c|\u2606lilbatlizard|look at my team lol\\\n|c|\u2606big mike06|OH SHIT LMAO\n|c|\u2606big mike06|i havent played pokemon in like 3 years hahaha\n|c|\u2606lilbatlizard|yeah had it happen to my fried too lol\n|c|\u2606lilbatlizard|fair lol\n|\n|t:|1699736213\n|switch|p1a: Rillaboom|Rillaboom, F|100\/100\n|-fieldstart|move: Grassy Terrain|[from] ability: Grassy Surge|[of] p1a: Rillaboom\n|turn|3\n|\n|t:|1699736231\n|switch|p2a: Pincurchin|Pincurchin, F, shiny|100\/100\n|-fieldstart|move: Electric Terrain|[from] ability: Electric Surge|[of] p2a: Pincurchin\n|-enditem|p2a: Pincurchin|Electric Seed\n|-boost|p2a: Pincurchin|def|1|[from] item: Electric Seed\n|move|p1a: Rillaboom|Knock Off|p2a: Pincurchin\n|-damage|p2a: Pincurchin|85\/100\n|\n|upkeep\n|turn|4\n|\n|t:|1699736241\n|move|p1a: Rillaboom|U-turn|p2a: Pincurchin\n|-damage|p2a: Pincurchin|67\/100\n|\n|t:|1699736244\n|switch|p1a: Heatran|Heatran, M|100\/100|[from] U-turn\n|-item|p1a: Heatran|Air Balloon\n|move|p2a: Pincurchin|Toxic Spikes|p1a: Heatran\n|-sidestart|p1: big mike06|move: Toxic Spikes\n|\n|upkeep\n|turn|5\n|\n|t:|1699736254\n|move|p1a: Heatran|Stealth Rock|p2a: Pincurchin\n|-sidestart|p2: lilbatlizard|move: Stealth Rock\n|move|p2a: Pincurchin|Toxic Spikes|p1a: Heatran\n|-sidestart|p1: big mike06|move: Toxic Spikes\n|\n|upkeep\n|turn|6\n|\n|t:|1699736261\n|move|p1a: Heatran|Magma Storm|p2a: Pincurchin\n|-damage|p2a: Pincurchin|18\/100\n|-activate|p2a: Pincurchin|move: Magma Storm|[of] p1a: Heatran\n|move|p2a: Pincurchin|Body Slam|p1a: Heatran\n|-resisted|p1a: Heatran\n|-damage|p1a: Heatran|92\/100\n|-status|p1a: Heatran|par\n|-enditem|p1a: Heatran|Air Balloon\n|\n|-damage|p2a: Pincurchin|5\/100|[from] move: Magma Storm|[partiallytrapped]\n|upkeep\n|turn|7\n|\n|t:|1699736271\n|switch|p1a: Sneasler|Sneasler, F|100\/100\n|-sideend|p1: big mike06|move: Toxic Spikes|[of] p1a: Sneasler\n|move|p2a: Pincurchin|Toxic Spikes|p1a: Sneasler\n|-sidestart|p1: big mike06|move: Toxic Spikes\n|\n|-end|p2a: Pincurchin|Magma Storm|[partiallytrapped]|[silent]\n|-fieldend|move: Electric Terrain\n|upkeep\n|turn|8\n|\n|t:|1699736298\n|switch|p1a: Heatran|Heatran, M|92\/100 par\n|move|p2a: Pincurchin|Protect||[still]\n|-fail|p2a: Pincurchin\n|\n|upkeep\n|turn|9\n|\n|t:|1699736308\n|switch|p2a: Corviknight|Corviknight, F, shiny|100\/100\n|-damage|p2a: Corviknight|88\/100|[from] Stealth Rock\n|cant|p1a: Heatran|par\n|\n|-heal|p2a: Corviknight|94\/100|[from] item: Leftovers\n|upkeep\n|turn|10\n|\n|t:|1699736343\n|move|p2a: Corviknight|Defog|p1a: Heatran\n|-unboost|p1a: Heatran|evasion|1\n|-sideend|p1: big mike06|Toxic Spikes|[from] move: Defog|[of] p2a: Corviknight\n|-sideend|p2: lilbatlizard|Stealth Rock|[from] move: Defog|[of] p2a: Corviknight\n|move|p1a: Heatran|Magma Storm|p2a: Corviknight\n|-supereffective|p2a: Corviknight\n|-damage|p2a: Corviknight|10\/100\n|-activate|p2a: Corviknight|move: Magma Storm|[of] p1a: Heatran\n|\n|-heal|p2a: Corviknight|16\/100|[from] item: Leftovers\n|-damage|p2a: Corviknight|4\/100|[from] move: Magma Storm|[partiallytrapped]\n|upkeep\n|turn|11\n|\n|t:|1699736356\n|move|p2a: Corviknight|U-turn|p1a: Heatran\n|-resisted|p1a: Heatran\n|-damage|p1a: Heatran|89\/100 par\n|\n|t:|1699736360\n|switch|p2a: Pincurchin|Pincurchin, F, shiny|5\/100|[from] U-turn\n|-fieldstart|move: Electric Terrain|[from] ability: Electric Surge|[of] p2a: Pincurchin\n|cant|p1a: Heatran|par\n|\n|upkeep\n|turn|12\n|\n|t:|1699736398\n|switch|p2a: Krookodile|Krookodile, F|100\/100\n|cant|p1a: Heatran|par\n|\n|upkeep\n|turn|13\n|c|\u2606lilbatlizard|this is ruff for you on paras\n|\n|t:|1699736419\n|switch|p1a: Great Tusk|Great Tusk|100\/100\n|-enditem|p1a: Great Tusk|Booster Energy\n|-activate|p1a: Great Tusk|ability: Protosynthesis|[fromitem]\n|-start|p1a: Great Tusk|protosynthesisspe\n|move|p2a: Krookodile|Earthquake|p1a: Great Tusk\n|-damage|p1a: Great Tusk|68\/100\n|\n|upkeep\n|turn|14\n|c|\u2606big mike06|yeah lmao\n|c|\u2606big mike06|be how it be\n|\n|t:|1699736436\n|switch|p2a: Corviknight|Corviknight, F, shiny|4\/100\n|move|p1a: Great Tusk|Bulk Up|p1a: Great Tusk\n|-boost|p1a: Great Tusk|atk|1\n|-boost|p1a: Great Tusk|def|1\n|\n|-heal|p2a: Corviknight|10\/100|[from] item: Leftovers\n|upkeep\n|turn|15\n|\n|t:|1699736447\n|move|p2a: Corviknight|Protect|p2a: Corviknight\n|-singleturn|p2a: Corviknight|Protect\n|move|p1a: Great Tusk|Ice Spinner|p2a: Corviknight\n|-activate|p2a: Corviknight|move: Protect\n|\n|-heal|p2a: Corviknight|16\/100|[from] item: Leftovers\n|-fieldend|move: Electric Terrain\n|upkeep\n|turn|16\n|\n|t:|1699736461\n|move|p1a: Great Tusk|Ice Spinner|p2a: Corviknight\n|-damage|p2a: Corviknight|0 fnt\n|faint|p2a: Corviknight\n|\n|upkeep\n|\n|t:|1699736467\n|switch|p2a: Iron Valiant|Iron Valiant|100\/100 par\n|turn|17\n|\n|t:|1699736483\n|move|p1a: Great Tusk|Headlong Rush|p2a: Iron Valiant\n|-damage|p2a: Iron Valiant|0 fnt\n|-unboost|p1a: Great Tusk|def|1\n|-unboost|p1a: Great Tusk|spd|1\n|replace|p2a: Zoroark|Zoroark-Hisui, F, shiny\n|-end|p2a: Zoroark|Illusion\n|faint|p2a: Zoroark\n|\n|upkeep\n|\n|t:|1699736494\n|switch|p2a: Pincurchin|Pincurchin, F, shiny|5\/100\n|-fieldstart|move: Electric Terrain|[from] ability: Electric Surge|[of] p2a: Pincurchin\n|turn|18\n|\n|t:|1699736504\n|move|p1a: Great Tusk|Ice Spinner|p2a: Pincurchin\n|-damage|p2a: Pincurchin|0 fnt\n|-fieldend|move: Electric Terrain\n|faint|p2a: Pincurchin\n|\n|upkeep\n|\n|t:|1699736514\n|switch|p2a: Cinderace|Cinderace, M|100\/100\n|turn|19\n|\n|t:|1699736540\n|-terastallize|p2a: Cinderace|Water\n|move|p1a: Great Tusk|Headlong Rush|p2a: Cinderace\n|-damage|p2a: Cinderace|0 fnt\n|-unboost|p1a: Great Tusk|def|1\n|-unboost|p1a: Great Tusk|spd|1\n|faint|p2a: Cinderace\n|\n|upkeep\n|\n|t:|1699736547\n|switch|p2a: Iron Valiant|Iron Valiant|100\/100\n|turn|20\n|\n|t:|1699736560\n|move|p1a: Great Tusk|Headlong Rush|p2a: Iron Valiant\n|-damage|p2a: Iron Valiant|0 fnt\n|-unboost|p1a: Great Tusk|def|1\n|-unboost|p1a: Great Tusk|spd|1\n|faint|p2a: Iron Valiant\n|-end|p2a: Iron Valiant|Quark Drive|[silent]\n|\n|upkeep\n|c|\u2606big mike06|damn this thing is strong\n|\n|t:|1699736566\n|switch|p2a: Krookodile|Krookodile, F|100\/100\n|turn|21\n|c|\u2606big mike06|mega donphan\n|c|\u2606lilbatlizard|appearently\n|\n|t:|1699736577\n|move|p2a: Krookodile|Outrage|p1a: Great Tusk\n|-damage|p1a: Great Tusk|21\/100\n|move|p1a: Great Tusk|Headlong Rush|p2a: Krookodile\n|-damage|p2a: Krookodile|8\/100\n|-unboost|p1a: Great Tusk|def|1\n|-unboost|p1a: Great Tusk|spd|1\n|\n|upkeep\n|turn|22\n|\n|t:|1699736586\n|move|p2a: Krookodile|Outrage|p1a: Great Tusk|[from]lockedmove\n|-damage|p1a: Great Tusk|0 fnt\n|faint|p1a: Great Tusk\n|-end|p1a: Great Tusk|Protosynthesis|[silent]\n|\n|upkeep\n|\n|t:|1699736594\n|switch|p1a: Kingambit|Kingambit, F|100\/100\n|-activate|p1a: Kingambit|ability: Supreme Overlord\n|-start|p1a: Kingambit|fallen2|[silent]\n|turn|23\n|c|\u2606lilbatlizard|im suprised i lived ngl\n|\n|t:|1699736605\n|move|p2a: Krookodile|Outrage|p1a: Kingambit|[from]lockedmove\n|-resisted|p1a: Kingambit\n|-damage|p1a: Kingambit|85\/100\n|-start|p2a: Krookodile|confusion|[fatigue]\n|move|p1a: Kingambit|Iron Head|p2a: Krookodile\n|-damage|p2a: Krookodile|0 fnt\n|faint|p2a: Krookodile\n|\n|win|big mike06\n|raw|big mike06's rating: 1000 &rarr; <strong>1040<\/strong><br \/>(+40 for winning)\n|raw|lilbatlizard's rating: 1000 &rarr; <strong>1000<\/strong><br \/>(+0 for losing)\n|c|\u2606big mike06|yea me too\n|c|\u2606big mike06|gg bro\n|c|\u2606lilbatlizard|gg\n|n|\u2606big mike06|bigmike06\n|l|\u2606lilbatlizard\n","uploadtime":1699736763,"views":10,"p1id":"bigmike06","p2id":"lilbatlizard","formatid":"gen9ou","rating":1000,"private":0,"password":""}