{"id":"gen9ou-1997394251","p1":"littensalt","p2":"tony493931","format":"[Gen 9] OU","log":"|j|\u2606littensalt\n|j|\u2606tony493931\n|t:|1700798483\n|gametype|singles\n|player|p1|littensalt|calem-masters|1416\n|player|p2|tony493931|ethan|1397\n|teamsize|p1|6\n|teamsize|p2|6\n|gen|9\n|tier|[Gen 9] OU\n|rated|\n|rule|Sleep Clause Mod: Limit one foe put to sleep\n|rule|Species Clause: Limit one of each Pok\u00e9mon\n|rule|OHKO Clause: OHKO moves are banned\n|rule|Evasion Items Clause: Evasion items are banned\n|rule|Evasion Moves Clause: Evasion moves are banned\n|rule|Endless Battle Clause: Forcing endless battles is banned\n|rule|HP Percentage Mod: HP is shown in percentages\n|clearpoke\n|poke|p1|Thundurus-Therian, M|\n|poke|p1|Weezing-Galar, F|\n|poke|p1|Cinderace, F|\n|poke|p1|Dragapult, F|\n|poke|p1|Ting-Lu|\n|poke|p1|Zamazenta-*|\n|poke|p2|Kingambit, F|\n|poke|p2|Cinderace, F|\n|poke|p2|Zamazenta-*|\n|poke|p2|Gholdengo|\n|poke|p2|Ninetales-Alola, F|\n|poke|p2|Glimmora, M|\n|teampreview\n|inactive|Battle timer is ON: inactive players will automatically lose when time's up. (requested by tony493931)\n|inactive|littensalt has 120 seconds left.\n|\n|t:|1700798518\n|start\n|switch|p1a: FRANCHISE|Cinderace, F|100\/100\n|switch|p2a: Glimmora|Glimmora, M|100\/100\n|turn|1\n|\n|t:|1700798523\n|switch|p1a: Ting-Lu|Ting-Lu|100\/100\n|-ability|p1a: Ting-Lu|Vessel of Ruin\n|move|p2a: Glimmora|Power Gem|p1a: Ting-Lu\n|-resisted|p1a: Ting-Lu\n|-damage|p1a: Ting-Lu|91\/100\n|\n|-heal|p1a: Ting-Lu|97\/100|[from] item: Leftovers\n|upkeep\n|turn|2\n|\n|t:|1700798532\n|switch|p2a: Zamazenta|Zamazenta, shiny|100\/100\n|-ability|p2a: Zamazenta|Dauntless Shield|boost\n|-boost|p2a: Zamazenta|def|1\n|move|p1a: Ting-Lu|Earthquake|p2a: Zamazenta\n|-damage|p2a: Zamazenta|81\/100\n|\n|-heal|p1a: Ting-Lu|100\/100|[from] item: Leftovers\n|upkeep\n|turn|3\n|\n|t:|1700798549\n|switch|p1a: wheezy outta here|Weezing-Galar, F, shiny|100\/100\n|-ability|p1a: wheezy outta here|Neutralizing Gas\n|move|p2a: Zamazenta|Body Press|p1a: wheezy outta here\n|-resisted|p1a: wheezy outta here\n|-crit|p1a: wheezy outta here\n|-damage|p1a: wheezy outta here|86\/100\n|-damage|p2a: Zamazenta|64\/100|[from] item: Rocky Helmet|[of] p1a: wheezy outta here\n|\n|upkeep\n|turn|4\n|\n|t:|1700798557\n|switch|p2a: Gholdengo|Gholdengo|100\/100\n|move|p1a: wheezy outta here|Will-O-Wisp|p2a: Gholdengo|[miss]\n|-miss|p1a: wheezy outta here|p2a: Gholdengo\n|\n|upkeep\n|turn|5\n|\n|t:|1700798563\n|-end|p1a: wheezy outta here|ability: Neutralizing Gas\n|switch|p1a: Ting-Lu|Ting-Lu|100\/100\n|-ability|p1a: Ting-Lu|Vessel of Ruin\n|move|p2a: Gholdengo|Trick|p1a: Ting-Lu\n|-activate|p2a: Gholdengo|move: Trick|[of] p1a: Ting-Lu\n|-item|p1a: Ting-Lu|Choice Scarf|[from] move: Trick\n|-item|p2a: Gholdengo|Leftovers|[from] move: Trick\n|\n|upkeep\n|turn|6\n|\n|t:|1700798580\n|switch|p2a: Ninetales|Ninetales-Alola, F|100\/100\n|-weather|Snow|[from] ability: Snow Warning|[of] p2a: Ninetales\n|move|p1a: Ting-Lu|Earthquake|p2a: Ninetales\n|-damage|p2a: Ninetales|60\/100\n|\n|-weather|Snow|[upkeep]\n|upkeep\n|turn|7\n|\n|t:|1700798585\n|switch|p1a: FRANCHISE|Cinderace, F|100\/100\n|move|p2a: Ninetales|Aurora Veil|p2a: Ninetales\n|-sidestart|p2: tony493931|move: Aurora Veil\n|\n|-weather|Snow|[upkeep]\n|upkeep\n|turn|8\n|\n|t:|1700798596\n|move|p1a: FRANCHISE|Pyro Ball|p2a: Ninetales\n|-supereffective|p2a: Ninetales\n|-damage|p2a: Ninetales|1\/100\n|move|p2a: Ninetales|Encore|p1a: FRANCHISE\n|-start|p1a: FRANCHISE|Encore\n|\n|-weather|Snow|[upkeep]\n|upkeep\n|turn|9\n|\n|t:|1700798604\n|switch|p1a: 5g|Thundurus-Therian, M, shiny|100\/100\n|switch|p2a: Glimmora|Glimmora, M|100\/100\n|\n|-weather|Snow|[upkeep]\n|upkeep\n|turn|10\n|\n|t:|1700798608\n|-terastallize|p2a: Glimmora|Ground\n|move|p1a: 5g|Volt Switch|p2a: Glimmora\n|-immune|p2a: Glimmora\n|move|p2a: Glimmora|Power Gem|p1a: 5g\n|-supereffective|p1a: 5g\n|-damage|p1a: 5g|0 fnt\n|faint|p1a: 5g\n|\n|-weather|none\n|upkeep\n|\n|t:|1700798613\n|switch|p1a: FRANCHISE|Cinderace, F|100\/100\n|turn|11\n|\n|t:|1700798618\n|move|p1a: FRANCHISE|U-turn|p2a: Glimmora\n|-start|p1a: FRANCHISE|typechange|Bug|[from] ability: Libero\n|-damage|p2a: Glimmora|80\/100\n|-activate|p2a: Glimmora|ability: Toxic Debris\n|-sidestart|p1: littensalt|move: Toxic Spikes\n|\n|t:|1700798619\n|switch|p1a: Ting-Lu|Ting-Lu|100\/100|[from] U-turn\n|-status|p1a: Ting-Lu|psn\n|-ability|p1a: Ting-Lu|Vessel of Ruin\n|move|p2a: Glimmora|Earth Power|p1a: Ting-Lu\n|-damage|p1a: Ting-Lu|82\/100 psn\n|\n|-damage|p1a: Ting-Lu|69\/100 psn|[from] psn\n|upkeep\n|turn|12\n|\n|t:|1700798633\n|move|p2a: Glimmora|Stealth Rock|p1a: Ting-Lu\n|-sidestart|p1: littensalt|move: Stealth Rock\n|move|p1a: Ting-Lu|Earthquake|p2a: Glimmora\n|-damage|p2a: Glimmora|58\/100\n|-activate|p2a: Glimmora|ability: Toxic Debris\n|-sidestart|p1: littensalt|move: Toxic Spikes\n|\n|-damage|p1a: Ting-Lu|57\/100 psn|[from] psn\n|upkeep\n|turn|13\n|\n|t:|1700798636\n|move|p2a: Glimmora|Earth Power|p1a: Ting-Lu\n|-damage|p1a: Ting-Lu|37\/100 psn\n|move|p1a: Ting-Lu|Earthquake|p2a: Glimmora\n|-damage|p2a: Glimmora|35\/100\n|\n|-damage|p1a: Ting-Lu|25\/100 psn|[from] psn\n|upkeep\n|turn|14\n|\n|t:|1700798644\n|switch|p2a: Zamazenta|Zamazenta, shiny|64\/100\n|move|p1a: Ting-Lu|Earthquake|p2a: Zamazenta\n|-damage|p2a: Zamazenta|50\/100\n|\n|-damage|p1a: Ting-Lu|12\/100 psn|[from] psn\n|-sideend|p2: tony493931|move: Aurora Veil\n|upkeep\n|turn|15\n|\n|t:|1700798648\n|move|p2a: Zamazenta|Iron Defense|p2a: Zamazenta\n|-boost|p2a: Zamazenta|def|2\n|move|p1a: Ting-Lu|Earthquake|p2a: Zamazenta\n|-damage|p2a: Zamazenta|37\/100\n|\n|-damage|p1a: Ting-Lu|0 fnt|[from] psn\n|faint|p1a: Ting-Lu\n|upkeep\n|\n|t:|1700798650\n|switch|p1a: FRANCHISE|Cinderace, F|100\/100\n|turn|16\n|\n|t:|1700798652\n|move|p2a: Zamazenta|Body Press|p1a: FRANCHISE\n|-damage|p1a: FRANCHISE|0 fnt\n|faint|p1a: FRANCHISE\n|\n|upkeep\n|\n|t:|1700798655\n|switch|p1a: KIDS SEE GHOST|Dragapult, F, shiny|100\/100\n|-status|p1a: KIDS SEE GHOST|tox\n|-damage|p1a: KIDS SEE GHOST|88\/100 tox|[from] Stealth Rock\n|turn|17\n|\n|t:|1700798658\n|move|p1a: KIDS SEE GHOST|Shadow Ball|p2a: Zamazenta\n|-damage|p2a: Zamazenta|0 fnt\n|faint|p2a: Zamazenta\n|\n|-damage|p1a: KIDS SEE GHOST|82\/100 tox|[from] psn\n|upkeep\n|\n|t:|1700798666\n|switch|p2a: Cinderace|Cinderace, F, shiny|100\/100\n|turn|18\n|\n|t:|1700798670\n|switch|p1a: wheezy outta here|Weezing-Galar, F, shiny|86\/100\n|-ability|p1a: wheezy outta here|Neutralizing Gas\n|-sideend|p1: littensalt|move: Toxic Spikes|[of] p1a: wheezy outta here\n|-damage|p1a: wheezy outta here|74\/100|[from] Stealth Rock\n|move|p2a: Cinderace|Pyro Ball|p1a: wheezy outta here\n|-damage|p1a: wheezy outta here|34\/100\n|\n|upkeep\n|turn|19\n|\n|t:|1700798677\n|move|p2a: Cinderace|Pyro Ball|p1a: wheezy outta here\n|-damage|p1a: wheezy outta here|0 fnt\n|faint|p1a: wheezy outta here\n|-end|p1a: wheezy outta here|ability: Neutralizing Gas\n|\n|upkeep\n|\n|t:|1700798679\n|switch|p1a: november|Zamazenta|100\/100\n|-damage|p1a: november|94\/100|[from] Stealth Rock\n|-ability|p1a: november|Dauntless Shield|boost\n|-boost|p1a: november|def|1\n|turn|20\n|\n|t:|1700798682\n|switch|p2a: Glimmora|Glimmora, M, tera:Ground|35\/100\n|move|p1a: november|Substitute|p1a: november\n|-start|p1a: november|Substitute\n|-damage|p1a: november|69\/100\n|\n|-heal|p1a: november|75\/100|[from] item: Leftovers\n|upkeep\n|turn|21\n|\n|t:|1700798689\n|move|p1a: november|Body Press|p2a: Glimmora\n|-damage|p2a: Glimmora|0 fnt\n|-activate|p2a: Glimmora|ability: Toxic Debris\n|-sidestart|p1: littensalt|move: Toxic Spikes\n|faint|p2a: Glimmora\n|\n|-heal|p1a: november|82\/100|[from] item: Leftovers\n|upkeep\n|\n|t:|1700798694\n|switch|p2a: Gholdengo|Gholdengo|100\/100\n|turn|22\n|\n|t:|1700798702\n|move|p1a: november|Crunch|p2a: Gholdengo\n|-supereffective|p2a: Gholdengo\n|-damage|p2a: Gholdengo|52\/100\n|move|p2a: Gholdengo|Hex|p1a: november\n|-end|p1a: november|Substitute\n|\n|-heal|p1a: november|88\/100|[from] item: Leftovers\n|-heal|p2a: Gholdengo|58\/100|[from] item: Leftovers\n|upkeep\n|turn|23\n|\n|t:|1700798709\n|move|p1a: november|Substitute|p1a: november\n|-start|p1a: november|Substitute\n|-damage|p1a: november|63\/100\n|move|p2a: Gholdengo|Hex|p1a: november\n|-end|p1a: november|Substitute\n|\n|-heal|p1a: november|69\/100|[from] item: Leftovers\n|-heal|p2a: Gholdengo|64\/100|[from] item: Leftovers\n|upkeep\n|turn|24\n|\n|t:|1700798713\n|move|p1a: november|Crunch|p2a: Gholdengo\n|-supereffective|p2a: Gholdengo\n|-damage|p2a: Gholdengo|13\/100\n|move|p2a: Gholdengo|Hex|p1a: november\n|-damage|p1a: november|44\/100\n|\n|-heal|p1a: november|50\/100|[from] item: Leftovers\n|-heal|p2a: Gholdengo|19\/100|[from] item: Leftovers\n|upkeep\n|turn|25\n|\n|t:|1700798718\n|move|p1a: november|Crunch|p2a: Gholdengo\n|-supereffective|p2a: Gholdengo\n|-damage|p2a: Gholdengo|0 fnt\n|faint|p2a: Gholdengo\n|\n|-heal|p1a: november|56\/100|[from] item: Leftovers\n|upkeep\n|\n|t:|1700798725\n|switch|p2a: Cinderace|Cinderace, F, shiny|100\/100\n|turn|26\n|\n|t:|1700798732\n|move|p1a: november|Body Press|p2a: Cinderace\n|-damage|p2a: Cinderace|22\/100\n|move|p2a: Cinderace|Taunt|p1a: november\n|-start|p2a: Cinderace|typechange|Dark|[from] ability: Libero\n|-start|p1a: november|move: Taunt\n|\n|-heal|p1a: november|62\/100|[from] item: Leftovers\n|upkeep\n|turn|27\n|\n|t:|1700798737\n|move|p1a: november|Body Press|p2a: Cinderace\n|-supereffective|p2a: Cinderace\n|-damage|p2a: Cinderace|0 fnt\n|faint|p2a: Cinderace\n|\n|-heal|p1a: november|68\/100|[from] item: Leftovers\n|upkeep\n|\n|t:|1700798744\n|switch|p2a: Kingambit|Kingambit, F, shiny|100\/100\n|-activate|p2a: Kingambit|ability: Supreme Overlord\n|-start|p2a: Kingambit|fallen4|[silent]\n|turn|28\n|\n|t:|1700798750\n|move|p1a: november|Body Press|p2a: Kingambit\n|-supereffective|p2a: Kingambit\n|-damage|p2a: Kingambit|0 fnt\n|faint|p2a: Kingambit\n|-end|p2a: Kingambit|fallen4|[silent]\n|\n|-heal|p1a: november|74\/100|[from] item: Leftovers\n|upkeep\n|-message|tony493931 forfeited.\n|\n|win|littensalt\n|raw|littensalt's rating: 1416 &rarr; <strong>1435<\/strong><br \/>(+19 for winning)\n|raw|tony493931's rating: 1397 &rarr; <strong>1378<\/strong><br \/>(-19 for losing)\n|l|\u2606tony493931\n","uploadtime":1700798761,"views":5,"p1id":"littensalt","p2id":"tony493931","formatid":"gen9ou","rating":1378,"private":0,"password":""}