{"id":"gen9ou-1994790284","p1":"Jixel","p2":"Bio_Hazz","format":"[Gen 9] OU","log":"|j|\u2606Jixel\n|j|\u2606Bio_Hazz\n|t:|1700493027\n|gametype|singles\n|player|p1|Jixel|giovanni|\n|player|p2|Bio_Hazz|lucas|\n|teamsize|p1|6\n|teamsize|p2|6\n|gen|9\n|tier|[Gen 9] OU\n|rule|Sleep Clause Mod: Limit one foe put to sleep\n|rule|Species Clause: Limit one of each Pok\u00e9mon\n|rule|OHKO Clause: OHKO moves are banned\n|rule|Evasion Items Clause: Evasion items are banned\n|rule|Evasion Moves Clause: Evasion moves are banned\n|rule|Endless Battle Clause: Forcing endless battles is banned\n|rule|HP Percentage Mod: HP is shown in percentages\n|clearpoke\n|poke|p1|Dragapult, F|\n|poke|p1|Enamorus, F|\n|poke|p1|Crawdaunt, F|\n|poke|p1|Slowking-Galar, F|\n|poke|p1|Great Tusk|\n|poke|p1|Kingambit, M|\n|poke|p2|Iron Valiant|\n|poke|p2|Dragapult, F|\n|poke|p2|Garganacl, M|\n|poke|p2|Scizor, M|\n|poke|p2|Cinderace, M|\n|poke|p2|Iron Moth|\n|teampreview\n|c|\u2606Bio_Hazz|glhf\n|c|\u2606Jixel|let me post the second\n|c|\u2606Jixel|I mean first game\n|c|\u2606Bio_Hazz|ok\n|\n|t:|1700493098\n|start\n|switch|p1a: Slowking|Slowking-Galar, F|100\/100\n|switch|p2a: Dragapult|Dragapult, F|100\/100\n|turn|1\n|\n|t:|1700493107\n|move|p2a: Dragapult|U-turn|p1a: Slowking\n|-damage|p1a: Slowking|83\/100\n|\n|t:|1700493112\n|switch|p2a: Scizor|Scizor, M|100\/100|[from] U-turn\n|move|p1a: Slowking|Ice Beam|p2a: Scizor\n|-resisted|p2a: Scizor\n|-damage|p2a: Scizor|87\/100\n|\n|-heal|p1a: Slowking|90\/100|[from] item: Leftovers\n|upkeep\n|turn|2\n|\n|t:|1700493123\n|switch|p2a: Dragapult|Dragapult, F|100\/100\n|switch|p1a: Great Tusk|Great Tusk|100\/100\n|\n|upkeep\n|turn|3\n|\n|t:|1700493131\n|-end|p1a: Great Tusk|Protosynthesis|[silent]\n|switch|p1a: Crawdaunt|Crawdaunt, F|100\/100\n|move|p2a: Dragapult|Shadow Ball|p1a: Crawdaunt\n|-resisted|p1a: Crawdaunt\n|-crit|p1a: Crawdaunt\n|-damage|p1a: Crawdaunt|18\/100\n|\n|upkeep\n|turn|4\n|c|\u2606Jixel|I guess I deserve it\n|\n|t:|1700493157\n|move|p1a: Crawdaunt|Aqua Jet|p2a: Dragapult\n|-resisted|p2a: Dragapult\n|-damage|p2a: Dragapult|73\/100\n|move|p2a: Dragapult|Shadow Ball|p1a: Crawdaunt\n|-resisted|p1a: Crawdaunt\n|-crit|p1a: Crawdaunt\n|-damage|p1a: Crawdaunt|0 fnt\n|faint|p1a: Crawdaunt\n|\n|upkeep\n|c|\u2606Bio_Hazz|welp thats all my luck used up\n|\n|t:|1700493183\n|switch|p1a: Kingambit|Kingambit, M|100\/100\n|-activate|p1a: Kingambit|ability: Supreme Overlord\n|-start|p1a: Kingambit|fallen1|[silent]\n|turn|5\n|\n|t:|1700493188\n|switch|p2a: Iron Moth|Iron Moth|100\/100\n|move|p1a: Kingambit|Swords Dance|p1a: Kingambit\n|-boost|p1a: Kingambit|atk|2\n|\n|upkeep\n|turn|6\n|\n|t:|1700493195\n|move|p1a: Kingambit|Sucker Punch|p2a: Iron Moth\n|-damage|p2a: Iron Moth|0 fnt\n|faint|p2a: Iron Moth\n|-end|p2a: Iron Moth|Quark Drive|[silent]\n|\n|upkeep\n|\n|t:|1700493199\n|switch|p2a: Iron Valiant|Iron Valiant|100\/100\n|-enditem|p2a: Iron Valiant|Booster Energy\n|-activate|p2a: Iron Valiant|ability: Quark Drive|[fromitem]\n|-start|p2a: Iron Valiant|quarkdrivespe\n|turn|7\n|\n|t:|1700493212\n|-terastallize|p1a: Kingambit|Flying\n|move|p2a: Iron Valiant|Close Combat|p1a: Kingambit\n|-resisted|p1a: Kingambit\n|-damage|p1a: Kingambit|76\/100\n|-unboost|p2a: Iron Valiant|def|1\n|-unboost|p2a: Iron Valiant|spd|1\n|move|p1a: Kingambit|Tera Blast|p2a: Iron Valiant|[anim] Tera Blast Flying\n|-supereffective|p2a: Iron Valiant\n|-damage|p2a: Iron Valiant|0 fnt\n|faint|p2a: Iron Valiant\n|-end|p2a: Iron Valiant|Quark Drive|[silent]\n|\n|-heal|p1a: Kingambit|82\/100|[from] item: Leftovers\n|upkeep\n|c|\u2606Bio_Hazz|thats prob gg\n|c|\u2606Jixel|believe\n|c|\u2606Jixel|you got this\n|c|\u2606Bio_Hazz|how is sneasler banned to uber and not kingambit\n|c|\u2606Jixel|bro that's what I'm saying\n|\n|t:|1700493250\n|switch|p2a: Scizor|Scizor, M|87\/100\n|turn|8\n|c|\u2606Bio_Hazz|na 0 ways\n|c|\u2606Bio_Hazz|gg tho#\n|\n|t:|1700493261\n|move|p1a: Kingambit|Kowtow Cleave|p2a: Scizor\n|-damage|p2a: Scizor|0 fnt\n|faint|p2a: Scizor\n|\n|-heal|p1a: Kingambit|88\/100|[from] item: Leftovers\n|upkeep\n|\n|t:|1700493269\n|switch|p2a: Garganacl|Garganacl, M|100\/100\n|turn|9\n|l|\u2606Jixel\n|player|p1|\n|j|\u2606Jixel\n|player|p1|Jixel|giovanni\n|c|\u2606Jixel|oops\n|\n|t:|1700493303\n|move|p1a: Kingambit|Kowtow Cleave|p2a: Garganacl\n|-damage|p2a: Garganacl|42\/100\n|move|p2a: Garganacl|Iron Defense|p2a: Garganacl\n|-boost|p2a: Garganacl|def|2\n|\n|-heal|p1a: Kingambit|95\/100|[from] item: Leftovers\n|-heal|p2a: Garganacl|49\/100|[from] item: Leftovers\n|upkeep\n|turn|10\n|\n|t:|1700493310\n|move|p1a: Kingambit|Swords Dance|p1a: Kingambit\n|-boost|p1a: Kingambit|atk|2\n|move|p2a: Garganacl|Recover|p2a: Garganacl\n|-heal|p2a: Garganacl|99\/100\n|\n|-heal|p1a: Kingambit|100\/100|[from] item: Leftovers\n|-heal|p2a: Garganacl|100\/100|[from] item: Leftovers\n|upkeep\n|turn|11\n|\n|t:|1700493313\n|move|p1a: Kingambit|Kowtow Cleave|p2a: Garganacl\n|-crit|p2a: Garganacl\n|-damage|p2a: Garganacl|0 fnt\n|faint|p2a: Garganacl\n|\n|upkeep\n|c|\u2606Jixel|BRO\n|c|\u2606Bio_Hazz|holy shit\n|c|\u2606Bio_Hazz|bro\n|c|\u2606Jixel|I'M SORRY\n|\n|t:|1700493326\n|switch|p2a: Cinderace|Cinderace, M|100\/100\n|turn|12\n|c|\u2606Bio_Hazz|my luck\n|c|\u2606Bio_Hazz|ye now ist a def gg\n|\n|t:|1700493339\n|-terastallize|p2a: Cinderace|Fire\n|move|p1a: Kingambit|Sucker Punch|p2a: Cinderace\n|-damage|p2a: Cinderace|0 fnt\n|faint|p2a: Cinderace\n|\n|upkeep\n|\n|t:|1700493342\n|switch|p2a: Dragapult|Dragapult, F|73\/100\n|turn|13\n|\n|t:|1700493346\n|move|p1a: Kingambit|Sucker Punch|p2a: Dragapult\n|-supereffective|p2a: Dragapult\n|-damage|p2a: Dragapult|0 fnt\n|faint|p2a: Dragapult\n|\n|win|Jixel\n|c|\u2606Jixel|ggs man\n|c|\u2606Bio_Hazz|gg\n|l|\u2606Bio_Hazz\n","uploadtime":1700493355,"views":11,"p1id":"jixel","p2id":"biohazz","formatid":"gen9ou","rating":0,"private":0,"password":""}