{"id":"gen9ou-2000142041","p1":"El Stefano","p2":"Flyingtaco42","format":"[Gen 9] OU","log":"|j|\u2606El Stefano\n|j|\u2606Flyingtaco42\n|t:|1701162185\n|gametype|singles\n|player|p1|El Stefano|102|1830\n|player|p2|Flyingtaco42|elesa|1774\n|teamsize|p1|6\n|teamsize|p2|6\n|gen|9\n|tier|[Gen 9] OU\n|rated|\n|rule|Sleep Clause Mod: Limit one foe put to sleep\n|rule|Species Clause: Limit one of each Pok\u00e9mon\n|rule|OHKO Clause: OHKO moves are banned\n|rule|Evasion Items Clause: Evasion items are banned\n|rule|Evasion Moves Clause: Evasion moves are banned\n|rule|Endless Battle Clause: Forcing endless battles is banned\n|rule|HP Percentage Mod: HP is shown in percentages\n|clearpoke\n|poke|p1|Slowking, M|\n|poke|p1|Chesnaught, F|\n|poke|p1|Talonflame, M|\n|poke|p1|Clodsire, F|\n|poke|p1|Dondozo, M|\n|poke|p1|Clefable, M|\n|poke|p2|Kingambit, F|\n|poke|p2|Ceruledge, M|\n|poke|p2|Iron Valiant|\n|poke|p2|Ogerpon-Wellspring, F|\n|poke|p2|Glimmora, M|\n|poke|p2|Haxorus, M|\n|teampreview\n|inactive|Battle timer is ON: inactive players will automatically lose when time's up. (requested by El Stefano)\n|\n|t:|1701162229\n|start\n|switch|p1a: Clodsire|Clodsire, F|100\/100\n|switch|p2a: Glimmora|Glimmora, M|100\/100\n|turn|1\n|\n|t:|1701162233\n|move|p2a: Glimmora|Stealth Rock|p1a: Clodsire\n|-sidestart|p1: El Stefano|move: Stealth Rock\n|move|p1a: Clodsire|Earthquake|p2a: Glimmora\n|-supereffective|p2a: Glimmora\n|-enditem|p2a: Glimmora|Focus Sash\n|-damage|p2a: Glimmora|1\/100\n|-activate|p2a: Glimmora|ability: Toxic Debris\n|-sidestart|p1: El Stefano|move: Toxic Spikes\n|\n|upkeep\n|turn|2\n|\n|t:|1701162240\n|switch|p2a: Ogerpon|Ogerpon-Wellspring, F|100\/100\n|move|p1a: Clodsire|Poison Jab|p2a: Ogerpon\n|-supereffective|p2a: Ogerpon\n|-damage|p2a: Ogerpon|50\/100\n|-status|p2a: Ogerpon|psn\n|\n|-damage|p2a: Ogerpon|38\/100 psn|[from] psn\n|upkeep\n|turn|3\n|\n|t:|1701162247\n|switch|p1a: Chesnaught|Chesnaught, F|100\/100\n|move|p2a: Ogerpon|Ivy Cudgel|p1a: Chesnaught|[anim] Ivy Cudgel Water\n|-resisted|p1a: Chesnaught\n|-damage|p1a: Chesnaught|85\/100\n|\n|-damage|p2a: Ogerpon|25\/100 psn|[from] psn\n|upkeep\n|turn|4\n|\n|t:|1701162256\n|switch|p2a: Glimmora|Glimmora, M|1\/100\n|move|p1a: Chesnaught|Spikes|p2a: Glimmora\n|-sidestart|p2: Flyingtaco42|Spikes\n|\n|upkeep\n|turn|5\n|\n|t:|1701162261\n|switch|p1a: Clodsire|Clodsire, F|100\/100\n|-sideend|p1: El Stefano|move: Toxic Spikes|[of] p1a: Clodsire\n|move|p2a: Glimmora|Mortal Spin|p1a: Clodsire\n|-resisted|p1a: Clodsire\n|-damage|p1a: Clodsire|99\/100\n|-sideend|p2: Flyingtaco42|Spikes|[from] move: Mortal Spin|[of] p2a: Glimmora\n|\n|upkeep\n|turn|6\n|\n|t:|1701162272\n|move|p2a: Glimmora|Energy Ball|p1a: Clodsire\n|-damage|p1a: Clodsire|80\/100\n|-unboost|p1a: Clodsire|spd|1\n|move|p1a: Clodsire|Poison Jab|p2a: Glimmora\n|-resisted|p2a: Glimmora\n|-damage|p2a: Glimmora|0 fnt\n|-activate|p2a: Glimmora|ability: Toxic Debris\n|-sidestart|p1: El Stefano|move: Toxic Spikes\n|faint|p2a: Glimmora\n|\n|upkeep\n|inactive|Flyingtaco42 has 120 seconds left.\n|\n|t:|1701162298\n|switch|p2a: Ceruledge|Ceruledge, M|100\/100\n|-item|p2a: Ceruledge|Air Balloon\n|turn|7\n|\n|t:|1701162307\n|switch|p1a: Dondozo|Dondozo, M|100\/100\n|move|p2a: Ceruledge|Swords Dance|p2a: Ceruledge\n|-boost|p2a: Ceruledge|atk|2\n|\n|upkeep\n|turn|8\n|\n|t:|1701162310\n|move|p2a: Ceruledge|Poltergeist|p1a: Dondozo\n|-activate|p1a: Dondozo|move: Poltergeist|Heavy-Duty Boots\n|-damage|p1a: Dondozo|78\/100\n|move|p1a: Dondozo|Waterfall|p2a: Ceruledge\n|-supereffective|p2a: Ceruledge\n|-damage|p2a: Ceruledge|28\/100\n|-ability|p2a: Ceruledge|Weak Armor|boost\n|-unboost|p2a: Ceruledge|def|1\n|-boost|p2a: Ceruledge|spe|2\n|-enditem|p2a: Ceruledge|Air Balloon\n|\n|upkeep\n|turn|9\n|\n|t:|1701162315\n|move|p2a: Ceruledge|Destiny Bond|p2a: Ceruledge\n|-singlemove|p2a: Ceruledge|Destiny Bond\n|move|p1a: Dondozo|Curse|p1a: Dondozo\n|-unboost|p1a: Dondozo|spe|1\n|-boost|p1a: Dondozo|atk|1\n|-boost|p1a: Dondozo|def|1\n|\n|upkeep\n|turn|10\n|\n|t:|1701162322\n|switch|p2a: Ogerpon|Ogerpon-Wellspring, F|25\/100 psn\n|move|p1a: Dondozo|Curse|p1a: Dondozo\n|-unboost|p1a: Dondozo|spe|1\n|-boost|p1a: Dondozo|atk|1\n|-boost|p1a: Dondozo|def|1\n|\n|-damage|p2a: Ogerpon|13\/100 psn|[from] psn\n|upkeep\n|turn|11\n|\n|t:|1701162329\n|move|p2a: Ogerpon|Encore|p1a: Dondozo\n|-start|p1a: Dondozo|Encore\n|move|p1a: Dondozo|Curse|p1a: Dondozo\n|-unboost|p1a: Dondozo|spe|1\n|-boost|p1a: Dondozo|atk|1\n|-boost|p1a: Dondozo|def|1\n|\n|-damage|p2a: Ogerpon|1\/100 psn|[from] psn\n|upkeep\n|turn|12\n|\n|t:|1701162335\n|switch|p1a: Chesnaught|Chesnaught, F|85\/100\n|move|p2a: Ogerpon|Horn Leech|p1a: Chesnaught\n|-resisted|p1a: Chesnaught\n|-damage|p1a: Chesnaught|72\/100\n|-heal|p2a: Ogerpon|9\/100 psn|[from] drain|[of] p1a: Chesnaught\n|\n|-damage|p2a: Ogerpon|0 fnt|[from] psn\n|faint|p2a: Ogerpon\n|upkeep\n|\n|t:|1701162347\n|switch|p2a: Haxorus|Haxorus, M|100\/100\n|-ability|p2a: Haxorus|Mold Breaker\n|turn|13\n|\n|t:|1701162353\n|switch|p2a: Ceruledge|Ceruledge, M|28\/100\n|move|p1a: Chesnaught|Body Press|p2a: Ceruledge\n|-immune|p2a: Ceruledge\n|\n|upkeep\n|turn|14\n|\n|t:|1701162360\n|switch|p2a: Haxorus|Haxorus, M|100\/100\n|-ability|p2a: Haxorus|Mold Breaker\n|switch|p1a: Dondozo|Dondozo, M|78\/100\n|\n|upkeep\n|turn|15\n|\n|t:|1701162364\n|switch|p1a: Clefable|Clefable, M|100\/100\n|-status|p1a: Clefable|psn\n|move|p2a: Haxorus|Swords Dance|p2a: Haxorus\n|-boost|p2a: Haxorus|atk|2\n|\n|upkeep\n|turn|16\n|\n|t:|1701162371\n|-terastallize|p2a: Haxorus|Steel\n|move|p2a: Haxorus|Iron Head|p1a: Clefable\n|-supereffective|p1a: Clefable\n|-damage|p1a: Clefable|0 fnt\n|faint|p1a: Clefable\n|\n|upkeep\n|\n|t:|1701162386\n|switch|p1a: Chesnaught|Chesnaught, F|72\/100\n|turn|17\n|\n|t:|1701162400\n|move|p2a: Haxorus|Scale Shot|p1a: Chesnaught\n|-damage|p1a: Chesnaught|56\/100\n|-damage|p1a: Chesnaught|40\/100\n|-damage|p1a: Chesnaught|23\/100\n|-damage|p1a: Chesnaught|7\/100\n|-hitcount|p1a: Chesnaught|4\n|-unboost|p2a: Haxorus|def|1\n|-boost|p2a: Haxorus|spe|1\n|move|p1a: Chesnaught|Body Press|p2a: Haxorus\n|-supereffective|p2a: Haxorus\n|-damage|p2a: Haxorus|0 fnt\n|faint|p2a: Haxorus\n|\n|upkeep\n|\n|t:|1701162409\n|switch|p2a: Iron Valiant|Iron Valiant|100\/100\n|-enditem|p2a: Iron Valiant|Booster Energy\n|-activate|p2a: Iron Valiant|ability: Quark Drive|[fromitem]\n|-start|p2a: Iron Valiant|quarkdrivespe\n|turn|18\n|\n|t:|1701162414\n|move|p2a: Iron Valiant|Knock Off|p1a: Chesnaught\n|-resisted|p1a: Chesnaught\n|-damage|p1a: Chesnaught|0 fnt\n|-enditem|p1a: Chesnaught|Heavy-Duty Boots|[from] move: Knock Off|[of] p2a: Iron Valiant\n|faint|p1a: Chesnaught\n|\n|upkeep\n|\n|t:|1701162419\n|switch|p1a: Clodsire|Clodsire, F|80\/100\n|-sideend|p1: El Stefano|move: Toxic Spikes|[of] p1a: Clodsire\n|turn|19\n|\n|t:|1701162427\n|move|p2a: Iron Valiant|Knock Off|p1a: Clodsire\n|-damage|p1a: Clodsire|44\/100\n|-enditem|p1a: Clodsire|Heavy-Duty Boots|[from] move: Knock Off|[of] p2a: Iron Valiant\n|move|p1a: Clodsire|Earthquake|p2a: Iron Valiant\n|-damage|p2a: Iron Valiant|68\/100\n|\n|upkeep\n|turn|20\n|\n|t:|1701162432\n|move|p2a: Iron Valiant|Taunt|p1a: Clodsire\n|-start|p1a: Clodsire|move: Taunt\n|cant|p1a: Clodsire|move: Taunt|Recover\n|\n|upkeep\n|turn|21\n|j| diyuenji\n|\n|t:|1701162436\n|move|p2a: Iron Valiant|Knock Off|p1a: Clodsire\n|-damage|p1a: Clodsire|21\/100\n|move|p1a: Clodsire|Poison Jab|p2a: Iron Valiant\n|-supereffective|p2a: Iron Valiant\n|-damage|p2a: Iron Valiant|16\/100\n|\n|upkeep\n|turn|22\n|\n|t:|1701162444\n|move|p2a: Iron Valiant|Knock Off|p1a: Clodsire\n|-damage|p1a: Clodsire|0 fnt\n|faint|p1a: Clodsire\n|\n|upkeep\n|\n|t:|1701162448\n|switch|p1a: Talonflame|Talonflame, M|100\/100\n|turn|23\n|\n|t:|1701162451\n|move|p2a: Iron Valiant|Knock Off|p1a: Talonflame\n|-damage|p1a: Talonflame|74\/100\n|-enditem|p1a: Talonflame|Heavy-Duty Boots|[from] move: Knock Off|[of] p2a: Iron Valiant\n|move|p1a: Talonflame|Flamethrower|p2a: Iron Valiant\n|-damage|p2a: Iron Valiant|0 fnt\n|faint|p2a: Iron Valiant\n|-end|p2a: Iron Valiant|Quark Drive|[silent]\n|\n|upkeep\n|\n|t:|1701162453\n|switch|p2a: Ceruledge|Ceruledge, M|28\/100\n|turn|24\n|\n|t:|1701162459\n|move|p2a: Ceruledge|Poltergeist||[still]\n|-fail|p2a: Ceruledge\n|move|p1a: Talonflame|Flamethrower|p2a: Ceruledge\n|-resisted|p2a: Ceruledge\n|-damage|p2a: Ceruledge|16\/100\n|\n|upkeep\n|turn|25\n|\n|t:|1701162466\n|move|p2a: Ceruledge|Bitter Blade|p1a: Talonflame\n|-resisted|p1a: Talonflame\n|-damage|p1a: Talonflame|56\/100\n|-heal|p2a: Ceruledge|27\/100|[from] drain|[of] p1a: Talonflame\n|move|p1a: Talonflame|Flamethrower|p2a: Ceruledge\n|-resisted|p2a: Ceruledge\n|-damage|p2a: Ceruledge|15\/100\n|\n|upkeep\n|turn|26\n|\n|t:|1701162473\n|move|p2a: Ceruledge|Bitter Blade|p1a: Talonflame\n|-resisted|p1a: Talonflame\n|-damage|p1a: Talonflame|37\/100\n|-heal|p2a: Ceruledge|26\/100|[from] drain|[of] p1a: Talonflame\n|move|p1a: Talonflame|Flamethrower|p2a: Ceruledge\n|-resisted|p2a: Ceruledge\n|-damage|p2a: Ceruledge|13\/100\n|\n|upkeep\n|turn|27\n|\n|t:|1701162482\n|move|p2a: Ceruledge|Destiny Bond|p2a: Ceruledge\n|-singlemove|p2a: Ceruledge|Destiny Bond\n|move|p1a: Talonflame|Roost|p1a: Talonflame\n|-heal|p1a: Talonflame|87\/100\n|-singleturn|p1a: Talonflame|move: Roost\n|\n|upkeep\n|turn|28\n|\n|t:|1701162487\n|move|p2a: Ceruledge|Bitter Blade|p1a: Talonflame\n|-resisted|p1a: Talonflame\n|-damage|p1a: Talonflame|67\/100\n|-heal|p2a: Ceruledge|25\/100|[from] drain|[of] p1a: Talonflame\n|move|p1a: Talonflame|Flamethrower|p2a: Ceruledge\n|-resisted|p2a: Ceruledge\n|-damage|p2a: Ceruledge|12\/100\n|\n|upkeep\n|turn|29\n|\n|t:|1701162492\n|move|p2a: Ceruledge|Swords Dance|p2a: Ceruledge\n|-boost|p2a: Ceruledge|atk|2\n|move|p1a: Talonflame|Defog|p2a: Ceruledge\n|-unboost|p2a: Ceruledge|evasion|1\n|-sideend|p1: El Stefano|Stealth Rock|[from] move: Defog|[of] p1a: Talonflame\n|\n|upkeep\n|turn|30\n|\n|t:|1701162499\n|switch|p1a: Slowking|Slowking, M, shiny|100\/100\n|move|p2a: Ceruledge|Bitter Blade|p1a: Slowking\n|-resisted|p1a: Slowking\n|-damage|p1a: Slowking|56\/100\n|-heal|p2a: Ceruledge|42\/100|[from] drain|[of] p1a: Slowking\n|\n|upkeep\n|turn|31\n|\n|t:|1701162504\n|move|p2a: Ceruledge|Poltergeist|p1a: Slowking\n|-activate|p1a: Slowking|move: Poltergeist|Heavy-Duty Boots\n|-supereffective|p1a: Slowking\n|-damage|p1a: Slowking|0 fnt\n|faint|p1a: Slowking\n|\n|upkeep\n|\n|t:|1701162507\n|switch|p1a: Dondozo|Dondozo, M|78\/100\n|turn|32\n|\n|t:|1701162513\n|move|p2a: Ceruledge|Poltergeist|p1a: Dondozo\n|-activate|p1a: Dondozo|move: Poltergeist|Heavy-Duty Boots\n|-damage|p1a: Dondozo|51\/100\n|move|p1a: Dondozo|Curse|p1a: Dondozo\n|-unboost|p1a: Dondozo|spe|1\n|-boost|p1a: Dondozo|atk|1\n|-boost|p1a: Dondozo|def|1\n|\n|upkeep\n|turn|33\n|\n|t:|1701162527\n|move|p2a: Ceruledge|Bitter Blade|p1a: Dondozo\n|-resisted|p1a: Dondozo\n|-damage|p1a: Dondozo|44\/100\n|-heal|p2a: Ceruledge|48\/100|[from] drain|[of] p1a: Dondozo\n|move|p1a: Dondozo|Curse|p1a: Dondozo\n|-unboost|p1a: Dondozo|spe|1\n|-boost|p1a: Dondozo|atk|1\n|-boost|p1a: Dondozo|def|1\n|\n|upkeep\n|turn|34\n|\n|t:|1701162531\n|move|p2a: Ceruledge|Bitter Blade|p1a: Dondozo\n|-resisted|p1a: Dondozo\n|-damage|p1a: Dondozo|38\/100\n|-heal|p2a: Ceruledge|53\/100|[from] drain|[of] p1a: Dondozo\n|move|p1a: Dondozo|Curse|p1a: Dondozo\n|-unboost|p1a: Dondozo|spe|1\n|-boost|p1a: Dondozo|atk|1\n|-boost|p1a: Dondozo|def|1\n|\n|upkeep\n|turn|35\n|\n|t:|1701162539\n|move|p2a: Ceruledge|Destiny Bond|p2a: Ceruledge\n|-singlemove|p2a: Ceruledge|Destiny Bond\n|move|p1a: Dondozo|Curse|p1a: Dondozo\n|-unboost|p1a: Dondozo|spe|1\n|-boost|p1a: Dondozo|atk|1\n|-boost|p1a: Dondozo|def|1\n|\n|upkeep\n|turn|36\n|\n|t:|1701162545\n|move|p2a: Ceruledge|Poltergeist|p1a: Dondozo\n|-activate|p1a: Dondozo|move: Poltergeist|Heavy-Duty Boots\n|-damage|p1a: Dondozo|30\/100\n|move|p1a: Dondozo|Rest|p1a: Dondozo\n|-status|p1a: Dondozo|slp|[from] move: Rest\n|-heal|p1a: Dondozo|100\/100 slp|[silent]\n|\n|upkeep\n|turn|37\n|\n|t:|1701162555\n|move|p2a: Ceruledge|Swords Dance|p2a: Ceruledge\n|-boost|p2a: Ceruledge|atk|2\n|cant|p1a: Dondozo|slp\n|\n|upkeep\n|turn|38\n|\n|t:|1701162561\n|move|p2a: Ceruledge|Swords Dance|p2a: Ceruledge\n|-boost|p2a: Ceruledge|atk|2\n|cant|p1a: Dondozo|slp\n|\n|upkeep\n|turn|39\n|\n|t:|1701162568\n|move|p2a: Ceruledge|Poltergeist|p1a: Dondozo\n|-activate|p1a: Dondozo|move: Poltergeist|Heavy-Duty Boots\n|-damage|p1a: Dondozo|92\/100 slp\n|-curestatus|p1a: Dondozo|slp|[msg]\n|move|p1a: Dondozo|Curse|p1a: Dondozo\n|-unboost|p1a: Dondozo|spe|1\n|-boost|p1a: Dondozo|atk|1\n|-boost|p1a: Dondozo|def|1\n|\n|upkeep\n|turn|40\n|\n|t:|1701162574\n|move|p2a: Ceruledge|Swords Dance|p2a: Ceruledge\n|-boost|p2a: Ceruledge|atk|0\n|move|p1a: Dondozo|Curse|p1a: Dondozo\n|-unboost|p1a: Dondozo|spe|1\n|-boost|p1a: Dondozo|atk|1\n|-boost|p1a: Dondozo|def|1\n|\n|upkeep\n|turn|41\n|\n|t:|1701162580\n|move|p2a: Ceruledge|Bitter Blade|p1a: Dondozo\n|-resisted|p1a: Dondozo\n|-damage|p1a: Dondozo|89\/100\n|-heal|p2a: Ceruledge|55\/100|[from] drain|[of] p1a: Dondozo\n|move|p1a: Dondozo|Sleep Talk||[still]\n|-fail|p1a: Dondozo\n|\n|upkeep\n|turn|42\n|\n|t:|1701162587\n|move|p2a: Ceruledge|Bitter Blade|p1a: Dondozo\n|-resisted|p1a: Dondozo\n|-damage|p1a: Dondozo|86\/100\n|-heal|p2a: Ceruledge|58\/100|[from] drain|[of] p1a: Dondozo\n|move|p1a: Dondozo|Curse|p1a: Dondozo\n|\n|upkeep\n|turn|43\n|\n|t:|1701162595\n|move|p2a: Ceruledge|Destiny Bond|p2a: Ceruledge\n|-singlemove|p2a: Ceruledge|Destiny Bond\n|move|p1a: Dondozo|Curse|p1a: Dondozo\n|\n|upkeep\n|turn|44\n|-message|Flyingtaco42 forfeited.\n|\n|win|El Stefano\n|raw|El Stefano's rating: 1830 &rarr; <strong>1847<\/strong><br \/>(+17 for winning)\n|raw|Flyingtaco42's rating: 1774 &rarr; <strong>1757<\/strong><br \/>(-17 for losing)\n|l|\u2606Flyingtaco42\n","uploadtime":1701162602,"views":4,"p1id":"elstefano","p2id":"flyingtaco42","formatid":"gen9ou","rating":1757,"private":0,"password":""}