{"id":"gen9ou-1988912991","p1":"snurke","p2":"Julio_Brando","format":"[Gen 9] OU","log":"|j|\u2606snurke\n|j|\u2606Julio_Brando\n|t:|1699786542\n|gametype|singles\n|player|p1|snurke|sisandbro|1684\n|player|p2|Julio_Brando|brawly|1596\n|teamsize|p1|6\n|teamsize|p2|6\n|gen|9\n|tier|[Gen 9] OU\n|rated|\n|rule|Sleep Clause Mod: Limit one foe put to sleep\n|rule|Species Clause: Limit one of each Pok\u00e9mon\n|rule|OHKO Clause: OHKO moves are banned\n|rule|Evasion Items Clause: Evasion items are banned\n|rule|Evasion Moves Clause: Evasion moves are banned\n|rule|Endless Battle Clause: Forcing endless battles is banned\n|rule|HP Percentage Mod: HP is shown in percentages\n|clearpoke\n|poke|p1|Ninetales-Alola, F|\n|poke|p1|Manaphy|\n|poke|p1|Great Tusk|\n|poke|p1|Slowking-Galar, F|\n|poke|p1|Rillaboom, F|\n|poke|p1|Sneasler, F|\n|poke|p2|Alomomola, F|\n|poke|p2|Slowking-Galar, F|\n|poke|p2|Kingambit, F|\n|poke|p2|Great Tusk|\n|poke|p2|Cinderace, F|\n|poke|p2|Thundurus-Therian, M|\n|teampreview\n|inactive|Battle timer is ON: inactive players will automatically lose when time's up. (requested by Julio_Brando)\n|j| TheNEWnew\n|\n|t:|1699786560\n|start\n|switch|p1a: Sneasler|Sneasler, F, shiny|100\/100\n|switch|p2a: Kingambit|Kingambit, F|100\/100\n|turn|1\n|\n|t:|1699786569\n|-end|p2a: Kingambit|fallenundefined|[silent]\n|switch|p2a: Great Tusk|Great Tusk|100\/100\n|move|p1a: Sneasler|U-turn|p2a: Great Tusk\n|-resisted|p2a: Great Tusk\n|-damage|p2a: Great Tusk|91\/100\n|\n|t:|1699786573\n|switch|p1a: Rillaboom|Rillaboom, F, shiny|100\/100|[from] U-turn\n|-fieldstart|move: Grassy Terrain|[from] ability: Grassy Surge|[of] p1a: Rillaboom\n|\n|-heal|p2a: Great Tusk|97\/100|[from] Grassy Terrain\n|upkeep\n|turn|2\n|\n|t:|1699786582\n|-end|p2a: Great Tusk|Protosynthesis|[silent]\n|switch|p2a: Thundurus|Thundurus-Therian, M|100\/100\n|move|p1a: Rillaboom|Knock Off|p2a: Thundurus\n|-damage|p2a: Thundurus|50\/100\n|-enditem|p2a: Thundurus|Choice Specs|[from] move: Knock Off|[of] p1a: Rillaboom\n|\n|upkeep\n|turn|3\n|\n|t:|1699786596\n|switch|p1a: Slowking|Slowking-Galar, F, shiny|100\/100\n|-terastallize|p2a: Thundurus|Flying\n|move|p2a: Thundurus|Tera Blast|p1a: Slowking|[anim] Tera Blast Flying\n|-damage|p1a: Slowking|72\/100\n|\n|-heal|p1a: Slowking|78\/100|[from] Grassy Terrain\n|upkeep\n|turn|4\n|\n|t:|1699786604\n|move|p2a: Thundurus|Knock Off|p1a: Slowking\n|-supereffective|p1a: Slowking\n|-damage|p1a: Slowking|36\/100\n|-enditem|p1a: Slowking|Assault Vest|[from] move: Knock Off|[of] p2a: Thundurus\n|move|p1a: Slowking|Future Sight|p2a: Thundurus\n|-start|p1a: Slowking|move: Future Sight\n|\n|-heal|p1a: Slowking|42\/100|[from] Grassy Terrain\n|upkeep\n|turn|5\n|\n|t:|1699786610\n|move|p2a: Thundurus|Volt Switch|p1a: Slowking\n|-damage|p1a: Slowking|15\/100\n|\n|t:|1699786613\n|switch|p2a: Slowking|Slowking-Galar, F|100\/100|[from] Volt Switch\n|move|p1a: Slowking|Sludge Bomb|p2a: Slowking\n|-resisted|p2a: Slowking\n|-damage|p2a: Slowking|89\/100\n|\n|-heal|p1a: Slowking|21\/100|[from] Grassy Terrain\n|-heal|p2a: Slowking|95\/100|[from] Grassy Terrain\n|upkeep\n|turn|6\n|\n|t:|1699786621\n|switch|p1a: Ninetales|Ninetales-Alola, F, shiny|100\/100\n|-weather|Snow|[from] ability: Snow Warning|[of] p1a: Ninetales\n|move|p2a: Slowking|Future Sight|p1a: Ninetales\n|-start|p2a: Slowking|move: Future Sight\n|\n|-weather|Snow|[upkeep]\n|-end|p2a: Slowking|move: Future Sight\n|-damage|p2a: Slowking|63\/100\n|-heal|p2a: Slowking|69\/100|[from] Grassy Terrain\n|upkeep\n|turn|7\n|\n|t:|1699786627\n|move|p1a: Ninetales|Encore|p2a: Slowking\n|-start|p2a: Slowking|Encore\n|move|p2a: Slowking|Future Sight||[still]\n|-fail|p2a: Slowking\n|\n|-weather|Snow|[upkeep]\n|-heal|p2a: Slowking|75\/100|[from] Grassy Terrain\n|upkeep\n|turn|8\n|\n|t:|1699786629\n|switch|p2a: Cinderace|Cinderace, F|100\/100\n|move|p1a: Ninetales|Aurora Veil|p1a: Ninetales\n|-sidestart|p1: snurke|move: Aurora Veil\n|\n|-weather|Snow|[upkeep]\n|-end|p1a: Ninetales|move: Future Sight\n|-damage|p1a: Ninetales|80\/100\n|-heal|p1a: Ninetales|86\/100|[from] Grassy Terrain\n|-fieldend|move: Grassy Terrain\n|upkeep\n|turn|9\n|\n|t:|1699786636\n|move|p2a: Cinderace|Pyro Ball|p1a: Ninetales\n|-supereffective|p1a: Ninetales\n|-damage|p1a: Ninetales|39\/100\n|move|p1a: Ninetales|Encore|p2a: Cinderace\n|-start|p2a: Cinderace|Encore\n|\n|-weather|Snow|[upkeep]\n|upkeep\n|turn|10\n|\n|t:|1699786643\n|switch|p1a: Manaphy|Manaphy, shiny|100\/100\n|move|p2a: Cinderace|Pyro Ball|p1a: Manaphy\n|-resisted|p1a: Manaphy\n|-damage|p1a: Manaphy|91\/100\n|\n|-weather|none\n|-heal|p1a: Manaphy|97\/100|[from] item: Leftovers\n|upkeep\n|turn|11\n|\n|t:|1699786649\n|switch|p2a: Thundurus|Thundurus-Therian, M, tera:Flying|50\/100\n|move|p1a: Manaphy|Take Heart|p1a: Manaphy\n|-boost|p1a: Manaphy|spa|1\n|-boost|p1a: Manaphy|spd|1\n|\n|-heal|p1a: Manaphy|100\/100|[from] item: Leftovers\n|upkeep\n|turn|12\n|\n|t:|1699786658\n|move|p2a: Thundurus|Volt Switch|p1a: Manaphy\n|-supereffective|p1a: Manaphy\n|-damage|p1a: Manaphy|77\/100\n|\n|t:|1699786665\n|switch|p2a: Kingambit|Kingambit, F|100\/100|[from] Volt Switch\n|move|p1a: Manaphy|Scald|p2a: Kingambit\n|-damage|p2a: Kingambit|62\/100\n|\n|-heal|p1a: Manaphy|84\/100|[from] item: Leftovers\n|-heal|p2a: Kingambit|69\/100|[from] item: Leftovers\n|upkeep\n|turn|13\n|\n|t:|1699786673\n|move|p1a: Manaphy|Acid Armor|p1a: Manaphy\n|-boost|p1a: Manaphy|def|2\n|move|p2a: Kingambit|Swords Dance|p2a: Kingambit\n|-boost|p2a: Kingambit|atk|2\n|\n|-heal|p1a: Manaphy|90\/100|[from] item: Leftovers\n|-heal|p2a: Kingambit|75\/100|[from] item: Leftovers\n|upkeep\n|turn|14\n|\n|t:|1699786683\n|move|p1a: Manaphy|Scald|p2a: Kingambit\n|-damage|p2a: Kingambit|34\/100\n|move|p2a: Kingambit|Kowtow Cleave|p1a: Manaphy\n|-damage|p1a: Manaphy|74\/100\n|\n|-heal|p1a: Manaphy|80\/100|[from] item: Leftovers\n|-heal|p2a: Kingambit|41\/100|[from] item: Leftovers\n|upkeep\n|turn|15\n|\n|t:|1699786693\n|move|p1a: Manaphy|Acid Armor|p1a: Manaphy\n|-boost|p1a: Manaphy|def|2\n|move|p2a: Kingambit|Kowtow Cleave|p1a: Manaphy\n|-damage|p1a: Manaphy|70\/100\n|\n|-heal|p1a: Manaphy|76\/100|[from] item: Leftovers\n|-heal|p2a: Kingambit|47\/100|[from] item: Leftovers\n|-sideend|p1: snurke|move: Aurora Veil\n|upkeep\n|turn|16\n|\n|t:|1699786701\n|move|p1a: Manaphy|Acid Armor|p1a: Manaphy\n|-boost|p1a: Manaphy|def|2\n|move|p2a: Kingambit|Kowtow Cleave|p1a: Manaphy\n|-damage|p1a: Manaphy|61\/100\n|\n|-heal|p1a: Manaphy|67\/100|[from] item: Leftovers\n|-heal|p2a: Kingambit|53\/100|[from] item: Leftovers\n|upkeep\n|turn|17\n|\n|t:|1699786706\n|move|p1a: Manaphy|Take Heart|p1a: Manaphy\n|-boost|p1a: Manaphy|spa|1\n|-boost|p1a: Manaphy|spd|1\n|move|p2a: Kingambit|Kowtow Cleave|p1a: Manaphy\n|-damage|p1a: Manaphy|50\/100\n|\n|-heal|p1a: Manaphy|56\/100|[from] item: Leftovers\n|-heal|p2a: Kingambit|59\/100|[from] item: Leftovers\n|upkeep\n|turn|18\n|\n|t:|1699786710\n|move|p1a: Manaphy|Scald|p2a: Kingambit\n|-damage|p2a: Kingambit|7\/100\n|move|p2a: Kingambit|Kowtow Cleave|p1a: Manaphy\n|-damage|p1a: Manaphy|39\/100\n|\n|-heal|p1a: Manaphy|45\/100|[from] item: Leftovers\n|-heal|p2a: Kingambit|14\/100|[from] item: Leftovers\n|upkeep\n|turn|19\n|\n|t:|1699786714\n|move|p2a: Kingambit|Sucker Punch|p1a: Manaphy\n|-damage|p1a: Manaphy|32\/100\n|move|p1a: Manaphy|Scald|p2a: Kingambit\n|-damage|p2a: Kingambit|0 fnt\n|faint|p2a: Kingambit\n|-end|p2a: Kingambit|fallenundefined|[silent]\n|\n|-heal|p1a: Manaphy|38\/100|[from] item: Leftovers\n|upkeep\n|\n|t:|1699786723\n|switch|p2a: Thundurus|Thundurus-Therian, M, tera:Flying|50\/100\n|turn|20\n|\n|t:|1699786729\n|-terastallize|p1a: Manaphy|Fairy\n|move|p2a: Thundurus|Volt Switch|p1a: Manaphy\n|-damage|p1a: Manaphy|21\/100\n|\n|t:|1699786733\n|switch|p2a: Slowking|Slowking-Galar, F|100\/100|[from] Volt Switch\n|move|p1a: Manaphy|Scald|p2a: Slowking\n|-damage|p2a: Slowking|68\/100\n|\n|-heal|p1a: Manaphy|27\/100|[from] item: Leftovers\n|upkeep\n|turn|21\n|\n|t:|1699786738\n|move|p1a: Manaphy|Stored Power|p2a: Slowking\n|-damage|p2a: Slowking|8\/100\n|move|p2a: Slowking|Sludge Bomb|p1a: Manaphy\n|-supereffective|p1a: Manaphy\n|-damage|p1a: Manaphy|0 fnt\n|faint|p1a: Manaphy\n|\n|upkeep\n|\n|t:|1699786754\n|switch|p1a: Rillaboom|Rillaboom, F, shiny|100\/100\n|-fieldstart|move: Grassy Terrain|[from] ability: Grassy Surge|[of] p1a: Rillaboom\n|turn|22\n|\n|t:|1699786763\n|switch|p2a: Alomomola|Alomomola, F|100\/100\n|move|p1a: Rillaboom|Drum Beating|p2a: Alomomola\n|-supereffective|p2a: Alomomola\n|-damage|p2a: Alomomola|27\/100\n|-unboost|p2a: Alomomola|spe|1\n|-enditem|p2a: Alomomola|Red Card|[of] p1a: Rillaboom\n|drag|p1a: Ninetales|Ninetales-Alola, F, shiny|39\/100\n|-weather|Snow|[from] ability: Snow Warning|[of] p1a: Ninetales\n|\n|-weather|Snow|[upkeep]\n|-heal|p1a: Ninetales|45\/100|[from] Grassy Terrain\n|-heal|p2a: Alomomola|34\/100|[from] Grassy Terrain\n|upkeep\n|turn|23\n|\n|t:|1699786770\n|move|p1a: Ninetales|Aurora Veil|p1a: Ninetales\n|-sidestart|p1: snurke|move: Aurora Veil\n|move|p2a: Alomomola|Flip Turn|p1a: Ninetales\n|-damage|p1a: Ninetales|38\/100\n|\n|t:|1699786773\n|switch|p2a: Cinderace|Cinderace, F|100\/100|[from] Flip Turn\n|\n|-weather|Snow|[upkeep]\n|-heal|p1a: Ninetales|44\/100|[from] Grassy Terrain\n|upkeep\n|turn|24\n|\n|t:|1699786777\n|switch|p1a: Great Tusk|Great Tusk|100\/100\n|move|p2a: Cinderace|Court Change|p2a: Cinderace\n|-start|p2a: Cinderace|typechange|Normal|[from] ability: Libero\n|-swapsideconditions\n|-activate|p2a: Cinderace|move: Court Change\n|\n|-weather|Snow|[upkeep]\n|upkeep\n|turn|25\n|\n|t:|1699786785\n|move|p2a: Cinderace|Will-O-Wisp|p1a: Great Tusk\n|-status|p1a: Great Tusk|brn\n|move|p1a: Great Tusk|Headlong Rush|p2a: Cinderace\n|-damage|p2a: Cinderace|79\/100\n|-unboost|p1a: Great Tusk|def|1\n|-unboost|p1a: Great Tusk|spd|1\n|\n|-weather|Snow|[upkeep]\n|-heal|p2a: Cinderace|85\/100|[from] Grassy Terrain\n|-damage|p1a: Great Tusk|94\/100 brn|[from] brn\n|upkeep\n|turn|26\n|\n|t:|1699786798\n|move|p2a: Cinderace|U-turn|p1a: Great Tusk\n|-resisted|p1a: Great Tusk\n|-damage|p1a: Great Tusk|83\/100 brn\n|\n|t:|1699786801\n|switch|p2a: Thundurus|Thundurus-Therian, M, tera:Flying|50\/100|[from] U-turn\n|move|p1a: Great Tusk|Knock Off|p2a: Thundurus\n|-damage|p2a: Thundurus|41\/100\n|\n|-weather|none\n|-heal|p1a: Great Tusk|89\/100 brn|[from] Grassy Terrain\n|-damage|p1a: Great Tusk|83\/100 brn|[from] brn\n|upkeep\n|turn|27\n|\n|t:|1699786811\n|move|p2a: Thundurus|Tera Blast|p1a: Great Tusk|[anim] Tera Blast Flying\n|-supereffective|p1a: Great Tusk\n|-damage|p1a: Great Tusk|0 fnt\n|faint|p1a: Great Tusk\n|-end|p1a: Great Tusk|Protosynthesis|[silent]\n|\n|upkeep\n|\n|t:|1699786814\n|switch|p1a: Ninetales|Ninetales-Alola, F, shiny|44\/100\n|-weather|Snow|[from] ability: Snow Warning|[of] p1a: Ninetales\n|turn|28\n|\n|t:|1699786818\n|move|p1a: Ninetales|Aurora Veil|p1a: Ninetales\n|-sidestart|p1: snurke|move: Aurora Veil\n|move|p2a: Thundurus|Tera Blast|p1a: Ninetales|[anim] Tera Blast Flying\n|-damage|p1a: Ninetales|13\/100\n|\n|-weather|Snow|[upkeep]\n|-heal|p1a: Ninetales|19\/100|[from] Grassy Terrain\n|upkeep\n|turn|29\n|\n|t:|1699786825\n|switch|p2a: Cinderace|Cinderace, F|85\/100\n|move|p1a: Ninetales|Freeze-Dry|p2a: Cinderace\n|-resisted|p2a: Cinderace\n|-damage|p2a: Cinderace|78\/100\n|-status|p2a: Cinderace|frz\n|\n|-weather|Snow|[upkeep]\n|-heal|p2a: Cinderace|84\/100 frz|[from] Grassy Terrain\n|-heal|p1a: Ninetales|25\/100|[from] Grassy Terrain\n|-fieldend|move: Grassy Terrain\n|upkeep\n|turn|30\n|\n|t:|1699786835\n|switch|p1a: Rillaboom|Rillaboom, F, shiny|100\/100\n|-fieldstart|move: Grassy Terrain|[from] ability: Grassy Surge|[of] p1a: Rillaboom\n|-curestatus|p2a: Cinderace|frz|[from] move: Pyro Ball\n|move|p2a: Cinderace|Pyro Ball|p1a: Rillaboom\n|-supereffective|p1a: Rillaboom\n|-damage|p1a: Rillaboom|49\/100\n|\n|-weather|Snow|[upkeep]\n|-heal|p2a: Cinderace|90\/100|[from] Grassy Terrain\n|-heal|p1a: Rillaboom|55\/100|[from] Grassy Terrain\n|-sideend|p2: Julio_Brando|move: Aurora Veil\n|upkeep\n|turn|31\n|\n|t:|1699786843\n|move|p2a: Cinderace|Court Change|p2a: Cinderace\n|-start|p2a: Cinderace|typechange|Normal|[from] ability: Libero\n|-swapsideconditions\n|-activate|p2a: Cinderace|move: Court Change\n|move|p1a: Rillaboom|Drum Beating|p2a: Cinderace\n|-damage|p2a: Cinderace|47\/100\n|-unboost|p2a: Cinderace|spe|1\n|\n|-weather|Snow|[upkeep]\n|-heal|p2a: Cinderace|53\/100|[from] Grassy Terrain\n|-heal|p1a: Rillaboom|61\/100|[from] Grassy Terrain\n|upkeep\n|turn|32\n|\n|t:|1699786849\n|move|p2a: Cinderace|Will-O-Wisp|p1a: Rillaboom\n|-status|p1a: Rillaboom|brn\n|move|p1a: Rillaboom|Drum Beating|p2a: Cinderace\n|-damage|p2a: Cinderace|31\/100\n|-unboost|p2a: Cinderace|spe|1\n|\n|-weather|none\n|-heal|p1a: Rillaboom|67\/100 brn|[from] Grassy Terrain\n|-heal|p2a: Cinderace|37\/100|[from] Grassy Terrain\n|-damage|p1a: Rillaboom|61\/100 brn|[from] brn\n|upkeep\n|turn|33\n|\n|t:|1699786855\n|move|p1a: Rillaboom|Drain Punch|p2a: Cinderace\n|-supereffective|p2a: Cinderace\n|-damage|p2a: Cinderace|18\/100\n|-heal|p1a: Rillaboom|68\/100 brn|[from] drain|[of] p2a: Cinderace\n|move|p2a: Cinderace|U-turn|p1a: Rillaboom\n|-supereffective|p1a: Rillaboom\n|-damage|p1a: Rillaboom|25\/100 brn\n|\n|t:|1699786861\n|switch|p2a: Slowking|Slowking-Galar, F|41\/100|[from] U-turn\n|\n|-heal|p1a: Rillaboom|32\/100 brn|[from] Grassy Terrain\n|-heal|p2a: Slowking|47\/100|[from] Grassy Terrain\n|-damage|p1a: Rillaboom|25\/100 brn|[from] brn\n|upkeep\n|turn|34\n|inactive|snurke has 120 seconds left.\n|\n|t:|1699786892\n|switch|p2a: Alomomola|Alomomola, F|67\/100\n|move|p1a: Rillaboom|Knock Off|p2a: Alomomola\n|-damage|p2a: Alomomola|64\/100\n|\n|-heal|p1a: Rillaboom|32\/100 brn|[from] Grassy Terrain\n|-heal|p2a: Alomomola|70\/100|[from] Grassy Terrain\n|-damage|p1a: Rillaboom|25\/100 brn|[from] brn\n|upkeep\n|turn|35\n|inactive|snurke has 120 seconds left.\n|inactive|snurke has 90 seconds left.\n|inactive|snurke has 60 seconds left.\n|inactive|snurke has 30 seconds left.\n|inactive|snurke has 20 seconds left.\n|inactive|snurke has 15 seconds left.\n|inactive|snurke has 10 seconds left.\n|inactive|snurke has 5 seconds left.\n|-message|snurke lost due to inactivity.\n|\n|win|Julio_Brando\n|raw|snurke's rating: 1684 &rarr; <strong>1659<\/strong><br \/>(-25 for losing)\n|raw|Julio_Brando's rating: 1596 &rarr; <strong>1621<\/strong><br \/>(+25 for winning)\n","uploadtime":1699787047,"views":22,"p1id":"snurke","p2id":"juliobrando","formatid":"gen9ou","rating":1621,"private":0,"password":""}