{"id":"gen9ou-1992502263","p1":"TheNewGuyM8","p2":"Blurred Ace","format":"[Gen 9] OU","log":"|j|\u2606TheNewGuyM8\n|j|\u2606Blurred Ace\n|t:|1700195904\n|gametype|singles\n|player|p1|TheNewGuyM8|benga|1480\n|player|p2|Blurred Ace|gambler|1580\n|teamsize|p1|6\n|teamsize|p2|6\n|gen|9\n|tier|[Gen 9] OU\n|rated|\n|rule|Sleep Clause Mod: Limit one foe put to sleep\n|rule|Species Clause: Limit one of each Pok\u00e9mon\n|rule|OHKO Clause: OHKO moves are banned\n|rule|Evasion Items Clause: Evasion items are banned\n|rule|Evasion Moves Clause: Evasion moves are banned\n|rule|Endless Battle Clause: Forcing endless battles is banned\n|rule|HP Percentage Mod: HP is shown in percentages\n|clearpoke\n|poke|p1|Rillaboom, M|\n|poke|p1|Sneasler, F|\n|poke|p1|Zamazenta-*|\n|poke|p1|Heatran, M|\n|poke|p1|Clefable, F|\n|poke|p1|Great Tusk|\n|poke|p2|Dragapult, M|\n|poke|p2|Scizor, M|\n|poke|p2|Samurott-Hisui, M|\n|poke|p2|Garchomp, M|\n|poke|p2|Great Tusk|\n|poke|p2|Slowking, M|\n|teampreview\n|inactive|Battle timer is ON: inactive players will automatically lose when time's up. (requested by TheNewGuyM8)\n|\n|t:|1700195914\n|start\n|switch|p1a: Rillaboom|Rillaboom, M|100\/100\n|switch|p2a: Samurott|Samurott-Hisui, M|100\/100\n|-fieldstart|move: Grassy Terrain|[from] ability: Grassy Surge|[of] p1a: Rillaboom\n|turn|1\n|inactive|TheNewGuyM8 has 120 seconds left.\n|\n|t:|1700195944\n|switch|p2a: Garchomp|Garchomp, M|100\/100\n|move|p1a: Rillaboom|Grassy Glide|p2a: Garchomp\n|-damage|p2a: Garchomp|40\/100\n|-damage|p1a: Rillaboom|88\/100|[from] ability: Rough Skin|[of] p2a: Garchomp\n|-damage|p1a: Rillaboom|72\/100|[from] item: Rocky Helmet|[of] p2a: Garchomp\n|\n|-heal|p2a: Garchomp|46\/100|[from] Grassy Terrain\n|-heal|p1a: Rillaboom|78\/100|[from] Grassy Terrain\n|upkeep\n|turn|2\n|\n|t:|1700195956\n|move|p1a: Rillaboom|Grassy Glide|p2a: Garchomp\n|-damage|p2a: Garchomp|0 fnt\n|-damage|p1a: Rillaboom|65\/100|[from] ability: Rough Skin|[of] p2a: Garchomp\n|-damage|p1a: Rillaboom|49\/100|[from] item: Rocky Helmet|[of] p2a: Garchomp\n|faint|p2a: Garchomp\n|\n|-heal|p1a: Rillaboom|55\/100|[from] Grassy Terrain\n|upkeep\n|\n|t:|1700195959\n|switch|p2a: Scizor|Scizor, M|100\/100\n|turn|3\n|\n|t:|1700195965\n|switch|p1a: Heatran|Heatran, M|100\/100\n|-item|p1a: Heatran|Air Balloon\n|move|p2a: Scizor|U-turn|p1a: Heatran\n|-resisted|p1a: Heatran\n|-damage|p1a: Heatran|89\/100\n|-enditem|p1a: Heatran|Air Balloon\n|\n|t:|1700195971\n|switch|p2a: Great Tusk|Great Tusk|100\/100|[from] U-turn\n|\n|-heal|p1a: Heatran|95\/100|[from] Grassy Terrain\n|upkeep\n|turn|4\n|\n|t:|1700195977\n|switch|p1a: Clefable|Clefable, F|100\/100\n|-enditem|p1a: Clefable|Grassy Seed\n|-boost|p1a: Clefable|def|1|[from] item: Grassy Seed\n|move|p2a: Great Tusk|Earthquake|p1a: Clefable\n|-damage|p1a: Clefable|84\/100\n|\n|-heal|p1a: Clefable|90\/100|[from] Grassy Terrain\n|upkeep\n|turn|5\n|\n|t:|1700195984\n|-end|p2a: Great Tusk|Protosynthesis|[silent]\n|switch|p2a: Slowking|Slowking, M|100\/100\n|move|p1a: Clefable|Calm Mind|p1a: Clefable\n|-boost|p1a: Clefable|spa|1\n|-boost|p1a: Clefable|spd|1\n|\n|-heal|p1a: Clefable|96\/100|[from] Grassy Terrain\n|-fieldend|move: Grassy Terrain\n|upkeep\n|turn|6\n|\n|t:|1700195989\n|move|p1a: Clefable|Moonlight|p1a: Clefable\n|-heal|p1a: Clefable|100\/100\n|move|p2a: Slowking|Future Sight|p1a: Clefable\n|-start|p2a: Slowking|move: Future Sight\n|\n|upkeep\n|turn|7\n|\n|t:|1700195993\n|move|p1a: Clefable|Calm Mind|p1a: Clefable\n|-boost|p1a: Clefable|spa|1\n|-boost|p1a: Clefable|spd|1\n|move|p2a: Slowking|Scald|p1a: Clefable\n|-damage|p1a: Clefable|88\/100\n|-status|p1a: Clefable|brn\n|\n|-damage|p1a: Clefable|81\/100 brn|[from] brn\n|upkeep\n|turn|8\n|\n|t:|1700195995\n|move|p1a: Clefable|Moonblast|p2a: Slowking\n|-damage|p2a: Slowking|60\/100\n|move|p2a: Slowking|Chilly Reception|p2a: Slowking\n|-weather|Snow\n|\n|t:|1700196000\n|switch|p2a: Scizor|Scizor, M|100\/100|[from] Chilly Reception\n|\n|-weather|Snow|[upkeep]\n|-end|p1a: Clefable|move: Future Sight\n|-damage|p1a: Clefable|61\/100 brn\n|-damage|p1a: Clefable|55\/100 brn|[from] brn\n|upkeep\n|turn|9\n|\n|t:|1700196010\n|-terastallize|p1a: Clefable|Water\n|move|p2a: Scizor|Bullet Punch|p1a: Clefable\n|-resisted|p1a: Clefable\n|-damage|p1a: Clefable|40\/100 brn\n|move|p1a: Clefable|Moonblast|p2a: Scizor\n|-resisted|p2a: Scizor\n|-damage|p2a: Scizor|53\/100\n|-unboost|p2a: Scizor|spa|1\n|\n|-weather|Snow|[upkeep]\n|-damage|p1a: Clefable|34\/100 brn|[from] brn\n|upkeep\n|turn|10\n|\n|t:|1700196027\n|switch|p2a: Dragapult|Dragapult, M|100\/100\n|move|p1a: Clefable|Moonlight|p1a: Clefable\n|-heal|p1a: Clefable|59\/100 brn\n|\n|-weather|Snow|[upkeep]\n|-damage|p1a: Clefable|53\/100 brn|[from] brn\n|upkeep\n|turn|11\n|\n|t:|1700196035\n|move|p2a: Dragapult|Hex|p1a: Clefable\n|-damage|p1a: Clefable|28\/100 brn\n|move|p1a: Clefable|Moonblast|p2a: Dragapult\n|-supereffective|p2a: Dragapult\n|-damage|p2a: Dragapult|0 fnt\n|faint|p2a: Dragapult\n|\n|-weather|Snow|[upkeep]\n|-damage|p1a: Clefable|22\/100 brn|[from] brn\n|upkeep\n|\n|t:|1700196043\n|switch|p2a: Scizor|Scizor, M|53\/100\n|turn|12\n|\n|t:|1700196045\n|move|p2a: Scizor|Close Combat|p1a: Clefable\n|-damage|p1a: Clefable|0 fnt\n|-unboost|p2a: Scizor|def|1\n|-unboost|p2a: Scizor|spd|1\n|faint|p1a: Clefable\n|\n|-weather|none\n|upkeep\n|\n|t:|1700196048\n|switch|p1a: Rillaboom|Rillaboom, M|55\/100\n|-fieldstart|move: Grassy Terrain|[from] ability: Grassy Surge|[of] p1a: Rillaboom\n|turn|13\n|\n|t:|1700196058\n|switch|p1a: Sneasler|Sneasler, F|100\/100\n|-enditem|p1a: Sneasler|Grassy Seed\n|-boost|p1a: Sneasler|def|1|[from] item: Grassy Seed\n|move|p2a: Scizor|Close Combat|p1a: Sneasler\n|-resisted|p1a: Sneasler\n|-crit|p1a: Sneasler\n|-damage|p1a: Sneasler|21\/100\n|-unboost|p2a: Scizor|def|1\n|-unboost|p2a: Scizor|spd|1\n|\n|-heal|p1a: Sneasler|27\/100|[from] Grassy Terrain\n|-heal|p2a: Scizor|59\/100|[from] Grassy Terrain\n|upkeep\n|turn|14\n|\n|t:|1700196068\n|move|p1a: Sneasler|Close Combat|p2a: Scizor\n|-damage|p2a: Scizor|0 fnt\n|-unboost|p1a: Sneasler|def|1\n|-unboost|p1a: Sneasler|spd|1\n|faint|p2a: Scizor\n|\n|-heal|p1a: Sneasler|33\/100|[from] Grassy Terrain\n|upkeep\n|\n|t:|1700196071\n|switch|p2a: Samurott|Samurott-Hisui, M|100\/100\n|turn|15\n|\n|t:|1700196074\n|move|p2a: Samurott|Aqua Jet|p1a: Sneasler\n|-crit|p1a: Sneasler\n|-damage|p1a: Sneasler|0 fnt\n|faint|p1a: Sneasler\n|\n|upkeep\n|\n|t:|1700196078\n|switch|p1a: Rillaboom|Rillaboom, M|55\/100\n|turn|16\n|\n|t:|1700196084\n|move|p1a: Rillaboom|Grassy Glide|p2a: Samurott\n|-supereffective|p2a: Samurott\n|-enditem|p2a: Samurott|Focus Sash\n|-damage|p2a: Samurott|1\/100\n|move|p2a: Samurott|Ceaseless Edge|p1a: Rillaboom\n|-damage|p1a: Rillaboom|14\/100\n|-sidestart|p1: TheNewGuyM8|Spikes\n|\n|-heal|p2a: Samurott|7\/100|[from] Grassy Terrain\n|-heal|p1a: Rillaboom|20\/100|[from] Grassy Terrain\n|upkeep\n|turn|17\n|\n|t:|1700196096\n|move|p2a: Samurott|Aqua Jet|p1a: Rillaboom\n|-resisted|p1a: Rillaboom\n|-damage|p1a: Rillaboom|11\/100\n|move|p1a: Rillaboom|Grassy Glide|p2a: Samurott\n|-supereffective|p2a: Samurott\n|-damage|p2a: Samurott|0 fnt\n|faint|p2a: Samurott\n|\n|-heal|p1a: Rillaboom|18\/100|[from] Grassy Terrain\n|-fieldend|move: Grassy Terrain\n|upkeep\n|\n|t:|1700196099\n|switch|p2a: Great Tusk|Great Tusk|100\/100\n|turn|18\n|\n|t:|1700196103\n|switch|p1a: Great Tusk|Great Tusk|100\/100\n|move|p2a: Great Tusk|Rapid Spin|p1a: Great Tusk\n|-damage|p1a: Great Tusk|89\/100\n|-boost|p2a: Great Tusk|spe|1\n|\n|upkeep\n|turn|19\n|\n|t:|1700196107\n|move|p2a: Great Tusk|Bulk Up|p2a: Great Tusk\n|-boost|p2a: Great Tusk|atk|1\n|-boost|p2a: Great Tusk|def|1\n|move|p1a: Great Tusk|Rapid Spin|p2a: Great Tusk\n|-damage|p2a: Great Tusk|93\/100\n|-boost|p1a: Great Tusk|spe|1\n|-sideend|p1: TheNewGuyM8|Spikes|[from] move: Rapid Spin|[of] p1a: Great Tusk\n|\n|-heal|p2a: Great Tusk|99\/100|[from] item: Leftovers\n|upkeep\n|turn|20\n|\n|t:|1700196112\n|-end|p1a: Great Tusk|Protosynthesis|[silent]\n|switch|p1a: Rillaboom|Rillaboom, M|18\/100\n|-fieldstart|move: Grassy Terrain|[from] ability: Grassy Surge|[of] p1a: Rillaboom\n|move|p2a: Great Tusk|Bulk Up|p2a: Great Tusk\n|-boost|p2a: Great Tusk|atk|1\n|-boost|p2a: Great Tusk|def|1\n|\n|-heal|p2a: Great Tusk|100\/100|[from] Grassy Terrain\n|-heal|p1a: Rillaboom|24\/100|[from] Grassy Terrain\n|upkeep\n|turn|21\n|\n|t:|1700196118\n|move|p2a: Great Tusk|Knock Off|p1a: Rillaboom\n|-damage|p1a: Rillaboom|0 fnt\n|-enditem|p1a: Rillaboom|Choice Band|[from] move: Knock Off|[of] p2a: Great Tusk\n|faint|p1a: Rillaboom\n|\n|upkeep\n|\n|t:|1700196129\n|switch|p1a: Heatran|Heatran, M|95\/100\n|turn|22\n|\n|t:|1700196132\n|switch|p1a: Zamazenta|Zamazenta|100\/100\n|-ability|p1a: Zamazenta|Dauntless Shield|boost\n|-boost|p1a: Zamazenta|def|1\n|move|p2a: Great Tusk|Earthquake|p1a: Zamazenta\n|-damage|p1a: Zamazenta|72\/100\n|\n|-heal|p1a: Zamazenta|78\/100|[from] Grassy Terrain\n|-heal|p1a: Zamazenta|84\/100|[from] item: Leftovers\n|upkeep\n|turn|23\n|\n|t:|1700196136\n|move|p1a: Zamazenta|Iron Defense|p1a: Zamazenta\n|-boost|p1a: Zamazenta|def|2\n|move|p2a: Great Tusk|Knock Off|p1a: Zamazenta\n|-resisted|p1a: Zamazenta\n|-damage|p1a: Zamazenta|73\/100\n|-enditem|p1a: Zamazenta|Leftovers|[from] move: Knock Off|[of] p2a: Great Tusk\n|\n|-heal|p1a: Zamazenta|80\/100|[from] Grassy Terrain\n|upkeep\n|turn|24\n|\n|t:|1700196142\n|-end|p2a: Great Tusk|Protosynthesis|[silent]\n|switch|p2a: Slowking|Slowking, M|93\/100\n|move|p1a: Zamazenta|Iron Defense|p1a: Zamazenta\n|-boost|p1a: Zamazenta|def|2\n|\n|-heal|p1a: Zamazenta|86\/100|[from] Grassy Terrain\n|-heal|p2a: Slowking|99\/100|[from] Grassy Terrain\n|-heal|p2a: Slowking|100\/100|[from] item: Leftovers\n|-fieldend|move: Grassy Terrain\n|upkeep\n|turn|25\n|\n|t:|1700196147\n|move|p1a: Zamazenta|Body Press|p2a: Slowking\n|-resisted|p2a: Slowking\n|-damage|p2a: Slowking|32\/100\n|move|p2a: Slowking|Scald|p1a: Zamazenta\n|-damage|p1a: Zamazenta|64\/100\n|-status|p1a: Zamazenta|brn\n|\n|-heal|p2a: Slowking|39\/100|[from] item: Leftovers\n|-damage|p1a: Zamazenta|58\/100 brn|[from] brn\n|upkeep\n|turn|26\n|\n|t:|1700196156\n|move|p1a: Zamazenta|Body Press|p2a: Slowking\n|-resisted|p2a: Slowking\n|-damage|p2a: Slowking|5\/100\n|move|p2a: Slowking|Future Sight|p1a: Zamazenta\n|-start|p2a: Slowking|move: Future Sight\n|\n|-heal|p2a: Slowking|11\/100|[from] item: Leftovers\n|-damage|p1a: Zamazenta|52\/100 brn|[from] brn\n|upkeep\n|turn|27\n|\n|t:|1700196161\n|switch|p1a: Great Tusk|Great Tusk|89\/100\n|switch|p2a: Great Tusk|Great Tusk|100\/100\n|\n|upkeep\n|turn|28\n|\n|t:|1700196166\n|move|p1a: Great Tusk|Bulk Up|p1a: Great Tusk\n|-boost|p1a: Great Tusk|atk|1\n|-boost|p1a: Great Tusk|def|1\n|move|p2a: Great Tusk|Bulk Up|p2a: Great Tusk\n|-boost|p2a: Great Tusk|atk|1\n|-boost|p2a: Great Tusk|def|1\n|\n|-end|p1a: Great Tusk|move: Future Sight\n|-supereffective|p1a: Great Tusk\n|-damage|p1a: Great Tusk|0 fnt\n|faint|p1a: Great Tusk\n|-end|p1a: Great Tusk|Protosynthesis|[silent]\n|upkeep\n|\n|t:|1700196170\n|switch|p1a: Heatran|Heatran, M|95\/100\n|turn|29\n|\n|t:|1700196172\n|move|p2a: Great Tusk|Earthquake|p1a: Heatran\n|-supereffective|p1a: Heatran\n|-damage|p1a: Heatran|0 fnt\n|faint|p1a: Heatran\n|\n|upkeep\n|\n|t:|1700196174\n|switch|p1a: Zamazenta|Zamazenta|52\/100 brn\n|turn|30\n|\n|t:|1700196179\n|move|p1a: Zamazenta|Iron Defense|p1a: Zamazenta\n|-boost|p1a: Zamazenta|def|2\n|move|p2a: Great Tusk|Earthquake|p1a: Zamazenta\n|-damage|p1a: Zamazenta|18\/100 brn\n|\n|-damage|p1a: Zamazenta|12\/100 brn|[from] brn\n|upkeep\n|turn|31\n|\n|t:|1700196181\n|move|p1a: Zamazenta|Body Press|p2a: Great Tusk\n|-damage|p2a: Great Tusk|86\/100\n|move|p2a: Great Tusk|Earthquake|p1a: Zamazenta\n|-damage|p1a: Zamazenta|0 fnt\n|faint|p1a: Zamazenta\n|\n|win|Blurred Ace\n|raw|TheNewGuyM8's rating: 1480 &rarr; <strong>1466<\/strong><br \/>(-14 for losing)\n|raw|Blurred Ace's rating: 1580 &rarr; <strong>1594<\/strong><br \/>(+14 for winning)\n|l|\u2606TheNewGuyM8\n|c|\u2606Blurred Ace|GG\n","uploadtime":1700196201,"views":8,"p1id":"thenewguym8","p2id":"blurredace","formatid":"gen9ou","rating":1466,"private":0,"password":""}