{"id":"gen9ou-1994181962","p1":"Pom2p1","p2":"Poison Ivy Thorns","format":"[Gen 9] OU","log":"|j|\u2606Pom2p1\n|j|\u2606Poison Ivy Thorns\n|t:|1700416196\n|gametype|singles\n|player|p1|Pom2p1|psychic-gen4|1387\n|player|p2|Poison Ivy Thorns|mela|1295\n|teamsize|p1|6\n|teamsize|p2|6\n|gen|9\n|tier|[Gen 9] OU\n|rated|\n|rule|Sleep Clause Mod: Limit one foe put to sleep\n|rule|Species Clause: Limit one of each Pok\u00e9mon\n|rule|OHKO Clause: OHKO moves are banned\n|rule|Evasion Items Clause: Evasion items are banned\n|rule|Evasion Moves Clause: Evasion moves are banned\n|rule|Endless Battle Clause: Forcing endless battles is banned\n|rule|HP Percentage Mod: HP is shown in percentages\n|clearpoke\n|poke|p1|Ogerpon-Wellspring, F|\n|poke|p1|Gholdengo|\n|poke|p1|Kingambit, F|\n|poke|p1|Zamazenta-*|\n|poke|p1|Enamorus, F|\n|poke|p1|Glimmora, M|\n|poke|p2|Torkoal, M|\n|poke|p2|Hatterene, F|\n|poke|p2|Iron Hands|\n|poke|p2|Mimikyu, F|\n|poke|p2|Garganacl, F|\n|poke|p2|Kingambit, F|\n|teampreview\n|inactive|Battle timer is ON: inactive players will automatically lose when time's up. (requested by Poison Ivy Thorns)\n|inactive|Pom2p1 also wants the timer to be on.\n|\n|t:|1700416211\n|start\n|switch|p1a: Glimmora|Glimmora, M|100\/100\n|switch|p2a: Hatterene|Hatterene, F|100\/100\n|turn|1\n|\n|t:|1700416219\n|move|p1a: Glimmora|Mortal Spin|p2a: Hatterene\n|-supereffective|p2a: Hatterene\n|-damage|p2a: Hatterene|87\/100\n|-status|p2a: Hatterene|psn\n|move|p2a: Hatterene|Psychic|p1a: Glimmora\n|-supereffective|p1a: Glimmora\n|-enditem|p1a: Glimmora|Focus Sash\n|-damage|p1a: Glimmora|1\/100\n|\n|-damage|p2a: Hatterene|75\/100 psn|[from] psn\n|upkeep\n|turn|2\n|\n|t:|1700416225\n|move|p1a: Glimmora|Power Gem|p2a: Hatterene\n|-damage|p2a: Hatterene|33\/100 psn\n|move|p2a: Hatterene|Trick Room|p2a: Hatterene\n|-fieldstart|move: Trick Room|[of] p2a: Hatterene\n|\n|-damage|p2a: Hatterene|21\/100 psn|[from] psn\n|upkeep\n|turn|3\n|\n|t:|1700416230\n|move|p2a: Hatterene|Dazzling Gleam|p1a: Glimmora\n|-resisted|p1a: Glimmora\n|-damage|p1a: Glimmora|0 fnt\n|faint|p1a: Glimmora\n|\n|-damage|p2a: Hatterene|9\/100 psn|[from] psn\n|upkeep\n|\n|t:|1700416246\n|switch|p1a: Gholdengo|Gholdengo|100\/100\n|-item|p1a: Gholdengo|Air Balloon\n|turn|4\n|\n|t:|1700416262\n|switch|p1a: Enamorus|Enamorus, F|100\/100\n|move|p2a: Hatterene|Healing Wish|p2a: Hatterene\n|faint|p2a: Hatterene\n|\n|upkeep\n|\n|t:|1700416267\n|switch|p2a: Torkoal|Torkoal, M|100\/100\n|-weather|SunnyDay|[from] ability: Drought|[of] p2a: Torkoal\n|turn|5\n|\n|t:|1700416273\n|move|p2a: Torkoal|Eruption|p1a: Enamorus\n|-damage|p1a: Enamorus|0 fnt\n|faint|p1a: Enamorus\n|\n|-weather|SunnyDay|[upkeep]\n|upkeep\n|\n|t:|1700416281\n|switch|p1a: Zamazenta|Zamazenta|100\/100\n|-ability|p1a: Zamazenta|Dauntless Shield|boost\n|-boost|p1a: Zamazenta|def|1\n|turn|6\n|\n|t:|1700416289\n|-terastallize|p1a: Zamazenta|Fire\n|move|p2a: Torkoal|Eruption|p1a: Zamazenta\n|-resisted|p1a: Zamazenta\n|-damage|p1a: Zamazenta|37\/100\n|move|p1a: Zamazenta|Iron Defense|p1a: Zamazenta\n|-boost|p1a: Zamazenta|def|2\n|\n|-weather|SunnyDay|[upkeep]\n|-heal|p1a: Zamazenta|43\/100|[from] item: Leftovers\n|-fieldend|move: Trick Room\n|upkeep\n|turn|7\n|\n|t:|1700416297\n|switch|p2a: Mimikyu|Mimikyu, F|100\/100\n|move|p1a: Zamazenta|Substitute|p1a: Zamazenta\n|-start|p1a: Zamazenta|Substitute\n|-damage|p1a: Zamazenta|18\/100\n|\n|-weather|SunnyDay|[upkeep]\n|-heal|p1a: Zamazenta|24\/100|[from] item: Leftovers\n|upkeep\n|turn|8\n|\n|t:|1700416301\n|move|p1a: Zamazenta|Crunch|p2a: Mimikyu\n|-activate|p2a: Mimikyu|ability: Disguise\n|-damage|p2a: Mimikyu|100\/100\n|detailschange|p2a: Mimikyu|Mimikyu-Busted, F\n|-damage|p2a: Mimikyu|88\/100|[from] pokemon: Mimikyu-Busted\n|-enditem|p2a: Mimikyu|Red Card|[of] p1a: Zamazenta\n|drag|p1a: Ogerpon|Ogerpon-Wellspring, F|100\/100\n|move|p2a: Mimikyu|Trick Room|p2a: Mimikyu\n|-fieldstart|move: Trick Room|[of] p2a: Mimikyu\n|\n|-weather|SunnyDay|[upkeep]\n|upkeep\n|turn|9\n|\n|t:|1700416312\n|switch|p2a: Iron Hands|Iron Hands|100\/100\n|-enditem|p2a: Iron Hands|Booster Energy\n|-activate|p2a: Iron Hands|ability: Quark Drive|[fromitem]\n|-start|p2a: Iron Hands|quarkdriveatk\n|move|p1a: Ogerpon|Power Whip|p2a: Iron Hands\n|-damage|p2a: Iron Hands|59\/100\n|\n|-weather|none\n|upkeep\n|turn|10\n|\n|t:|1700416318\n|move|p2a: Iron Hands|Close Combat|p1a: Ogerpon\n|-damage|p1a: Ogerpon|0 fnt\n|-unboost|p2a: Iron Hands|def|1\n|-unboost|p2a: Iron Hands|spd|1\n|faint|p1a: Ogerpon\n|\n|upkeep\n|\n|t:|1700416322\n|switch|p1a: Gholdengo|Gholdengo|100\/100\n|-item|p1a: Gholdengo|Air Balloon\n|turn|11\n|\n|t:|1700416326\n|move|p2a: Iron Hands|Thunder Punch|p1a: Gholdengo\n|-crit|p1a: Gholdengo\n|-damage|p1a: Gholdengo|1\/100\n|-status|p1a: Gholdengo|par\n|-enditem|p1a: Gholdengo|Air Balloon\n|cant|p1a: Gholdengo|par\n|\n|upkeep\n|turn|12\n|c|\u2606Pom2p1|...\n|\n|t:|1700416344\n|move|p2a: Iron Hands|Earthquake|p1a: Gholdengo\n|-supereffective|p1a: Gholdengo\n|-crit|p1a: Gholdengo\n|-damage|p1a: Gholdengo|0 fnt\n|faint|p1a: Gholdengo\n|\n|-fieldend|move: Trick Room\n|upkeep\n|c|\u2606Pom2p1|Gg i guess\n|c|\u2606Poison Ivy Thorns|g\n|\n|t:|1700416357\n|switch|p1a: Zamazenta|Zamazenta, tera:Fire|24\/100\n|turn|13\n|c|\u2606Poison Ivy Thorns|gg\n|\n|t:|1700416378\n|-end|p2a: Iron Hands|Quark Drive|[silent]\n|switch|p2a: Kingambit|Kingambit, F|100\/100\n|-activate|p2a: Kingambit|ability: Supreme Overlord\n|-start|p2a: Kingambit|fallen1|[silent]\n|move|p1a: Zamazenta|Body Press|p2a: Kingambit\n|-supereffective|p2a: Kingambit\n|-damage|p2a: Kingambit|0 fnt\n|faint|p2a: Kingambit\n|-end|p2a: Kingambit|fallen1|[silent]\n|\n|-heal|p1a: Zamazenta|30\/100|[from] item: Leftovers\n|upkeep\n|\n|t:|1700416383\n|switch|p2a: Mimikyu|Mimikyu-Busted, F|88\/100\n|-heal|p2a: Mimikyu|100\/100|[from] move: Healing Wish\n|turn|14\n|\n|t:|1700416389\n|move|p1a: Zamazenta|Substitute|p1a: Zamazenta\n|-start|p1a: Zamazenta|Substitute\n|-damage|p1a: Zamazenta|5\/100\n|move|p2a: Mimikyu|Trick Room|p2a: Mimikyu\n|-fieldstart|move: Trick Room|[of] p2a: Mimikyu\n|\n|-heal|p1a: Zamazenta|12\/100|[from] item: Leftovers\n|upkeep\n|turn|15\n|\n|t:|1700416392\n|move|p2a: Mimikyu|Curse|p1a: Zamazenta\n|-start|p1a: Zamazenta|Curse|[of] p2a: Mimikyu\n|-damage|p2a: Mimikyu|50\/100\n|move|p1a: Zamazenta|Crunch|p2a: Mimikyu\n|-damage|p2a: Mimikyu|24\/100\n|\n|-heal|p1a: Zamazenta|18\/100|[from] item: Leftovers\n|-damage|p1a: Zamazenta|0 fnt|[from] Curse\n|faint|p1a: Zamazenta\n|upkeep\n|\n|t:|1700416395\n|switch|p1a: Kingambit|Kingambit, F|100\/100\n|-activate|p1a: Kingambit|ability: Supreme Overlord\n|-start|p1a: Kingambit|fallen5|[silent]\n|turn|16\n|\n|t:|1700416404\n|switch|p2a: Iron Hands|Iron Hands|59\/100\n|move|p1a: Kingambit|Swords Dance|p1a: Kingambit\n|-boost|p1a: Kingambit|atk|2\n|\n|upkeep\n|turn|17\n|\n|t:|1700416416\n|move|p1a: Kingambit|Sucker Punch|p2a: Iron Hands\n|-resisted|p2a: Iron Hands\n|-damage|p2a: Iron Hands|18\/100\n|move|p2a: Iron Hands|Close Combat|p1a: Kingambit\n|-supereffective|p1a: Kingambit\n|-damage|p1a: Kingambit|0 fnt\n|-unboost|p2a: Iron Hands|def|1\n|-unboost|p2a: Iron Hands|spd|1\n|faint|p1a: Kingambit\n|-end|p1a: Kingambit|fallen5|[silent]\n|\n|win|Poison Ivy Thorns\n|raw|Pom2p1's rating: 1387 &rarr; <strong>1362<\/strong><br \/>(-25 for losing)\n|raw|Poison Ivy Thorns's rating: 1295 &rarr; <strong>1326<\/strong><br \/>(+31 for winning)\n","uploadtime":1700416421,"views":7,"p1id":"pom2p1","p2id":"poisonivythorns","formatid":"gen9ou","rating":1326,"private":0,"password":""}