{"id":"gen9ou-1996520329","p1":"Crosland","p2":"MagusNikki","format":"[Gen 9] OU","log":"|j|\u2606Crosland\n|j|\u2606MagusNikki\n|inactive|Battle timer is ON: inactive players will automatically lose when time's up.\n|t:|1700690098\n|gametype|singles\n|player|p1|Crosland|triathleterunner-gen6|\n|player|p2|MagusNikki|bellelba|\n|teamsize|p1|6\n|teamsize|p2|6\n|gen|9\n|tier|[Gen 9] OU\n|rated|Tournament battle\n|rule|Sleep Clause Mod: Limit one foe put to sleep\n|rule|Species Clause: Limit one of each Pok\u00e9mon\n|rule|OHKO Clause: OHKO moves are banned\n|rule|Evasion Items Clause: Evasion items are banned\n|rule|Evasion Moves Clause: Evasion moves are banned\n|rule|Endless Battle Clause: Forcing endless battles is banned\n|rule|HP Percentage Mod: HP is shown in percentages\n|clearpoke\n|poke|p1|Iron Jugulis|\n|poke|p1|Ogerpon-Wellspring, F|\n|poke|p1|Tinkaton, F|\n|poke|p1|Iron Moth|\n|poke|p1|Great Tusk|\n|poke|p1|Dragapult, F|\n|poke|p2|Iron Jugulis|\n|poke|p2|Ogerpon-Wellspring, F|\n|poke|p2|Tinkaton, F|\n|poke|p2|Iron Moth|\n|poke|p2|Great Tusk|\n|poke|p2|Dragapult, F|\n|teampreview\n|inactive|Crosland also wants the timer to be on.\n|j| AmygdalanResponse\n|c|\u2606MagusNikki|oh\n|c|\u2606Crosland|lol\n|c|\u2606MagusNikki|well\n|c|\u2606Crosland|glhf haha\n|c|\u2606MagusNikki|LMFAO\n|c|\u2606MagusNikki|glhf\n|c|\u2606Crosland|teams too goated lol\n|c|\u2606MagusNikki|yeah feels very nice to use\n|inactive|Crosland has 120 seconds left.\n|\n|t:|1700690137\n|start\n|switch|p1a: Dragapult|Dragapult, F|100\/100\n|switch|p2a: Great Tusk|Great Tusk|100\/100\n|-enditem|p2a: Great Tusk|Booster Energy\n|-activate|p2a: Great Tusk|ability: Protosynthesis|[fromitem]\n|-start|p2a: Great Tusk|protosynthesisspe\n|turn|1\n|inactive|Crosland has 120 seconds left.\n|j| qrib\n|l| qrib\n|inactive|Crosland has 90 seconds left.\n|\n|t:|1700690219\n|switch|p1a: Iron Jugulis|Iron Jugulis|100\/100\n|-enditem|p1a: Iron Jugulis|Booster Energy\n|-activate|p1a: Iron Jugulis|ability: Quark Drive|[fromitem]\n|-start|p1a: Iron Jugulis|quarkdrivespe\n|move|p2a: Great Tusk|Ice Spinner|p1a: Iron Jugulis\n|-supereffective|p1a: Iron Jugulis\n|-damage|p1a: Iron Jugulis|50\/100\n|\n|upkeep\n|turn|2\n|j| qrib\n|l| qrib\n|inactive|MagusNikki has 120 seconds left.\n|\n|t:|1700690253\n|move|p1a: Iron Jugulis|Hurricane|p2a: Great Tusk\n|-supereffective|p2a: Great Tusk\n|-damage|p2a: Great Tusk|0 fnt\n|faint|p2a: Great Tusk\n|-end|p2a: Great Tusk|Protosynthesis|[silent]\n|\n|upkeep\n|inactive|MagusNikki has 120 seconds left.\n|\n|t:|1700690259\n|switch|p2a: Dragapult|Dragapult, F|100\/100\n|turn|3\n|j| lemoslemoslemos\n|inactive|Crosland has 90 seconds left.\n|\n|t:|1700690268\n|move|p1a: Iron Jugulis|Hurricane|p2a: Dragapult|[miss]\n|-miss|p1a: Iron Jugulis|p2a: Dragapult\n|move|p2a: Dragapult|Thunderbolt|p1a: Iron Jugulis\n|-supereffective|p1a: Iron Jugulis\n|-damage|p1a: Iron Jugulis|0 fnt\n|faint|p1a: Iron Jugulis\n|-end|p1a: Iron Jugulis|Quark Drive|[silent]\n|\n|upkeep\n|\n|t:|1700690271\n|switch|p1a: Great Tusk|Great Tusk|100\/100\n|-enditem|p1a: Great Tusk|Booster Energy\n|-activate|p1a: Great Tusk|ability: Protosynthesis|[fromitem]\n|-start|p1a: Great Tusk|protosynthesisspe\n|turn|4\n|\n|t:|1700690280\n|switch|p2a: Ogerpon|Ogerpon-Wellspring, F|100\/100\n|move|p1a: Great Tusk|Bulk Up|p1a: Great Tusk\n|-boost|p1a: Great Tusk|atk|1\n|-boost|p1a: Great Tusk|def|1\n|\n|upkeep\n|turn|5\n|\n|t:|1700690291\n|-end|p1a: Great Tusk|Protosynthesis|[silent]\n|switch|p1a: Ogerpon|Ogerpon-Wellspring, F|100\/100\n|-terastallize|p2a: Ogerpon|Water\n|detailschange|p2a: Ogerpon|Ogerpon-Wellspring-Tera, F, tera:Water\n|-ability|p2a: Ogerpon|Embody Aspect (Wellspring)|boost\n|-boost|p2a: Ogerpon|spd|1\n|move|p2a: Ogerpon|Ivy Cudgel|p1a: Ogerpon|[anim] Ivy Cudgel Water\n|-immune|p1a: Ogerpon|[from] ability: Water Absorb\n|\n|upkeep\n|turn|6\n|\n|t:|1700690300\n|switch|p2a: TWINKATON|Tinkaton, F|100\/100\n|-item|p2a: TWINKATON|Air Balloon\n|move|p1a: Ogerpon|Spikes|p2a: TWINKATON\n|-sidestart|p2: MagusNikki|Spikes\n|\n|upkeep\n|turn|7\n|\n|t:|1700690303\n|move|p1a: Ogerpon|U-turn|p2a: TWINKATON\n|-resisted|p2a: TWINKATON\n|-damage|p2a: TWINKATON|94\/100\n|-enditem|p2a: TWINKATON|Air Balloon\n|\n|t:|1700690305\n|switch|p1a: Great Tusk|Great Tusk|100\/100|[from] U-turn\n|move|p2a: TWINKATON|Thunder Wave|p1a: Great Tusk\n|-immune|p1a: Great Tusk\n|\n|upkeep\n|turn|8\n|inactive|Crosland has 120 seconds left.\n|\n|t:|1700690324\n|switch|p2a: Iron Jugulis|Iron Jugulis|100\/100\n|-enditem|p2a: Iron Jugulis|Booster Energy\n|-activate|p2a: Iron Jugulis|ability: Quark Drive|[fromitem]\n|-start|p2a: Iron Jugulis|quarkdrivespe\n|move|p1a: Great Tusk|Ice Spinner|p2a: Iron Jugulis\n|-supereffective|p2a: Iron Jugulis\n|-damage|p2a: Iron Jugulis|46\/100\n|\n|upkeep\n|turn|9\n|inactive|Crosland has 120 seconds left.\n|\n|t:|1700690348\n|-terastallize|p1a: Great Tusk|Poison\n|move|p2a: Iron Jugulis|Hurricane|p1a: Great Tusk|[miss]\n|-miss|p2a: Iron Jugulis|p1a: Great Tusk\n|move|p1a: Great Tusk|Ice Spinner|p2a: Iron Jugulis\n|-supereffective|p2a: Iron Jugulis\n|-damage|p2a: Iron Jugulis|0 fnt\n|faint|p2a: Iron Jugulis\n|-end|p2a: Iron Jugulis|Quark Drive|[silent]\n|\n|upkeep\n|inactive|MagusNikki has 120 seconds left.\n|\n|t:|1700690373\n|switch|p2a: Ogerpon|Ogerpon-Wellspring-Tera, F, tera:Water|100\/100\n|-damage|p2a: Ogerpon|88\/100|[from] Spikes\n|-ability|p2a: Ogerpon|Embody Aspect (Wellspring)|boost\n|-boost|p2a: Ogerpon|spd|1\n|turn|10\n|\n|t:|1700690380\n|-end|p1a: Great Tusk|Protosynthesis|[silent]\n|switch|p1a: Ogerpon|Ogerpon-Wellspring, F|100\/100\n|move|p2a: Ogerpon|Spikes|p1a: Ogerpon\n|-sidestart|p1: Crosland|Spikes\n|\n|upkeep\n|turn|11\n|\n|t:|1700690385\n|switch|p2a: TWINKATON|Tinkaton, F|94\/100\n|-damage|p2a: TWINKATON|81\/100|[from] Spikes\n|move|p1a: Ogerpon|Ivy Cudgel|p2a: TWINKATON|[anim] Ivy Cudgel Water\n|-crit|p2a: TWINKATON\n|-damage|p2a: TWINKATON|0 fnt\n|faint|p2a: TWINKATON\n|\n|upkeep\n|c|\u2606Crosland|sry\n|c|\u2606MagusNikki|no you def outplayed me\n|c|\u2606MagusNikki|it's okay\n|inactive|MagusNikki has 120 seconds left.\n|\n|t:|1700690415\n|switch|p2a: Dragapult|Dragapult, F|100\/100\n|-damage|p2a: Dragapult|88\/100|[from] Spikes\n|turn|12\n|\n|t:|1700690419\n|move|p2a: Dragapult|U-turn|p1a: Ogerpon\n|-supereffective|p1a: Ogerpon\n|-damage|p1a: Ogerpon|57\/100\n|\n|t:|1700690421\n|switch|p2a: Ogerpon|Ogerpon-Wellspring-Tera, F, tera:Water|88\/100|[from] U-turn\n|-damage|p2a: Ogerpon|76\/100|[from] Spikes\n|-ability|p2a: Ogerpon|Embody Aspect (Wellspring)|boost\n|-boost|p2a: Ogerpon|spd|1\n|move|p1a: Ogerpon|U-turn|p2a: Ogerpon\n|-damage|p2a: Ogerpon|40\/100\n|\n|t:|1700690430\n|switch|p1a: Dragapult|Dragapult, F|100\/100|[from] U-turn\n|-damage|p1a: Dragapult|88\/100|[from] Spikes\n|\n|upkeep\n|turn|13\n|\n|t:|1700690437\n|move|p1a: Dragapult|Shadow Ball|p2a: Ogerpon\n|-damage|p2a: Ogerpon|0 fnt\n|faint|p2a: Ogerpon\n|\n|upkeep\n|\n|t:|1700690443\n|switch|p2a: Dragapult|Dragapult, F|88\/100\n|-damage|p2a: Dragapult|76\/100|[from] Spikes\n|turn|14\n|\n|t:|1700690448\n|move|p1a: Dragapult|Shadow Ball|p2a: Dragapult\n|-supereffective|p2a: Dragapult\n|-damage|p2a: Dragapult|0 fnt\n|faint|p2a: Dragapult\n|\n|upkeep\n|\n|t:|1700690451\n|switch|p2a: Iron Moth|Iron Moth|100\/100\n|-damage|p2a: Iron Moth|88\/100|[from] Spikes\n|-enditem|p2a: Iron Moth|Booster Energy\n|-activate|p2a: Iron Moth|ability: Quark Drive|[fromitem]\n|-start|p2a: Iron Moth|quarkdrivespe\n|turn|15\n|\n|t:|1700690460\n|move|p2a: Iron Moth|Dazzling Gleam|p1a: Dragapult\n|-supereffective|p1a: Dragapult\n|-damage|p1a: Dragapult|10\/100\n|move|p1a: Dragapult|Shadow Ball|p2a: Iron Moth\n|-damage|p2a: Iron Moth|36\/100\n|-unboost|p2a: Iron Moth|spd|1\n|\n|upkeep\n|turn|16\n|\n|t:|1700690463\n|move|p2a: Iron Moth|Dazzling Gleam|p1a: Dragapult\n|-supereffective|p1a: Dragapult\n|-damage|p1a: Dragapult|0 fnt\n|faint|p1a: Dragapult\n|\n|upkeep\n|\n|t:|1700690468\n|switch|p1a: Great Tusk|Great Tusk, tera:Poison|100\/100\n|-damage|p1a: Great Tusk|88\/100|[from] Spikes\n|turn|17\n|c|\u2606MagusNikki|gg!!\n|\n|t:|1700690473\n|move|p2a: Iron Moth|Psychic|p1a: Great Tusk\n|-supereffective|p1a: Great Tusk\n|-damage|p1a: Great Tusk|8\/100\n|move|p1a: Great Tusk|Headlong Rush|p2a: Iron Moth\n|-supereffective|p2a: Iron Moth\n|-damage|p2a: Iron Moth|0 fnt\n|-unboost|p1a: Great Tusk|def|1\n|-unboost|p1a: Great Tusk|spd|1\n|faint|p2a: Iron Moth\n|-end|p2a: Iron Moth|Quark Drive|[silent]\n|\n|win|Crosland\n|n|\u2606Crosland|crosland\n|n|\u2606MagusNikki|magusnikki\n|n| AmygdalanResponse|amygdalanresponse\n|n| lemoslemoslemos|lemoslemoslemos\n","uploadtime":1700690475,"views":4,"p1id":"crosland","p2id":"magusnikki","formatid":"gen9ou","rating":0,"private":0,"password":""}