{"id":"gen9ou-1992440586","p1":"ishikusan","p2":"FrostArcanine19","format":"[Gen 9] OU","log":"|j|\u2606ishikusan\n|j|\u2606FrostArcanine19\n|inactive|Battle timer is ON: inactive players will automatically lose when time's up.\n|t:|1700187882\n|gametype|singles\n|player|p1|ishikusan|2|\n|player|p2|FrostArcanine19|bellelba|\n|teamsize|p1|4\n|teamsize|p2|4\n|gen|9\n|tier|[Gen 9] OU\n|rated|Tournament battle\n|rule|Sleep Clause Mod: Limit one foe put to sleep\n|rule|Species Clause: Limit one of each Pok\u00e9mon\n|rule|OHKO Clause: OHKO moves are banned\n|rule|Evasion Items Clause: Evasion items are banned\n|rule|Evasion Moves Clause: Evasion moves are banned\n|rule|Endless Battle Clause: Forcing endless battles is banned\n|rule|HP Percentage Mod: HP is shown in percentages\n|clearpoke\n|poke|p1|Barboach, F|\n|poke|p1|Wooper-Paldea, M|\n|poke|p1|Magneton|\n|poke|p1|Lokix, M|\n|poke|p2|Weavile, F|\n|poke|p2|Piplup, M|\n|poke|p2|Inteleon, F|\n|poke|p2|Phanpy, F|\n|teampreview\n|j|*Lady Monita \u2746\n|c|\u2606ishikusan|glhf\n|c|\u2606FrostArcanine19|glhf\n|\n|t:|1700187898\n|start\n|switch|p1a: Barboach|Barboach, F|100\/100\n|switch|p2a: Piplup|Piplup, M, shiny|100\/100\n|turn|1\n|\n|t:|1700187906\n|move|p1a: Barboach|Dragon Dance|p1a: Barboach\n|-boost|p1a: Barboach|atk|1\n|-boost|p1a: Barboach|spe|1\n|move|p2a: Piplup|Icy Wind|p1a: Barboach\n|-damage|p1a: Barboach|62\/100\n|-unboost|p1a: Barboach|spe|1\n|\n|upkeep\n|turn|2\n|\n|t:|1700187914\n|move|p1a: Barboach|Earthquake|p2a: Piplup\n|-damage|p2a: Piplup|32\/100\n|-damage|p1a: Barboach|52\/100|[from] item: Life Orb\n|move|p2a: Piplup|Chilling Water|p1a: Barboach\n|-damage|p1a: Barboach|0 fnt\n|faint|p1a: Barboach\n|\n|upkeep\n|\n|t:|1700187923\n|switch|p1a: Lokix|Lokix, M|100\/100\n|turn|3\n|c|\u2606FrostArcanine19|oh this is finals\n|c|\u2606FrostArcanine19|nice\n|\n|t:|1700187928\n|move|p1a: Lokix|U-turn|p2a: Piplup\n|-damage|p2a: Piplup|0 fnt\n|faint|p2a: Piplup\n|c|\u2606ishikusan|yes\n|\n|t:|1700187939\n|switch|p1a: Magneton|Magneton|100\/100|[from] U-turn\n|\n|upkeep\n|\n|t:|1700187943\n|switch|p2a: Phanpy|Phanpy, F, shiny|100\/100\n|turn|4\n|\n|t:|1700187948\n|switch|p1a: Wooper|Wooper-Paldea, M|100\/100\n|move|p2a: Phanpy|Stealth Rock|p1a: Wooper\n|-sidestart|p1: ishikusan|move: Stealth Rock\n|\n|upkeep\n|turn|5\n|\n|t:|1700187955\n|move|p2a: Phanpy|Earthquake|p1a: Wooper\n|-supereffective|p1a: Wooper\n|-damage|p1a: Wooper|43\/100\n|move|p1a: Wooper|Toxic|p2a: Phanpy\n|-status|p2a: Phanpy|tox\n|\n|-damage|p2a: Phanpy|94\/100 tox|[from] psn\n|upkeep\n|turn|6\n|\n|t:|1700187958\n|move|p1a: Wooper|Protect|p1a: Wooper\n|-singleturn|p1a: Wooper|Protect\n|move|p2a: Phanpy|Earthquake|p1a: Wooper\n|-activate|p1a: Wooper|move: Protect\n|\n|-damage|p2a: Phanpy|82\/100 tox|[from] psn\n|upkeep\n|turn|7\n|\n|t:|1700187961\n|-terastallize|p1a: Wooper|Flying\n|move|p2a: Phanpy|Earthquake|p1a: Wooper\n|-immune|p1a: Wooper\n|move|p1a: Wooper|Recover|p1a: Wooper\n|-heal|p1a: Wooper|93\/100\n|\n|-damage|p2a: Phanpy|64\/100 tox|[from] psn\n|upkeep\n|turn|8\n|\n|t:|1700187965\n|move|p1a: Wooper|Protect|p1a: Wooper\n|-singleturn|p1a: Wooper|Protect\n|move|p2a: Phanpy|Knock Off|p1a: Wooper\n|-activate|p1a: Wooper|move: Protect\n|\n|-damage|p2a: Phanpy|39\/100 tox|[from] psn\n|upkeep\n|turn|9\n|\n|t:|1700187970\n|move|p2a: Phanpy|Knock Off|p1a: Wooper\n|-damage|p1a: Wooper|75\/100\n|-enditem|p1a: Wooper|Eviolite|[from] move: Knock Off|[of] p2a: Phanpy\n|move|p1a: Wooper|Recover|p1a: Wooper\n|-heal|p1a: Wooper|100\/100\n|\n|-damage|p2a: Phanpy|8\/100 tox|[from] psn\n|upkeep\n|turn|10\n|\n|t:|1700187974\n|move|p1a: Wooper|Protect|p1a: Wooper\n|-singleturn|p1a: Wooper|Protect\n|move|p2a: Phanpy|Ice Shard|p1a: Wooper\n|-activate|p1a: Wooper|move: Protect\n|\n|-damage|p2a: Phanpy|0 fnt|[from] psn\n|faint|p2a: Phanpy\n|upkeep\n|\n|t:|1700187977\n|switch|p2a: Weavile|Weavile, F, shiny|100\/100\n|-ability|p2a: Weavile|Pressure\n|turn|11\n|\n|t:|1700187982\n|move|p2a: Weavile|Fake Out|p1a: Wooper\n|-damage|p1a: Wooper|84\/100\n|cant|p1a: Wooper|flinch\n|\n|upkeep\n|turn|12\n|\n|t:|1700187987\n|move|p2a: Weavile|Ice Spinner|p1a: Wooper\n|-supereffective|p1a: Wooper\n|-damage|p1a: Wooper|0 fnt\n|faint|p1a: Wooper\n|\n|upkeep\n|\n|t:|1700187991\n|switch|p1a: Lokix|Lokix, M|100\/100\n|-damage|p1a: Lokix|76\/100|[from] Stealth Rock\n|turn|13\n|\n|t:|1700187997\n|move|p1a: Lokix|First Impression|p2a: Weavile\n|-supereffective|p2a: Weavile\n|-crit|p2a: Weavile\n|-enditem|p2a: Weavile|Focus Sash\n|-damage|p2a: Weavile|1\/100\n|move|p2a: Weavile|Ice Spinner|p1a: Lokix\n|-damage|p1a: Lokix|9\/100\n|\n|upkeep\n|turn|14\n|\n|t:|1700188004\n|move|p1a: Lokix|First Impression||[still]\n|-hint|First Impression only works on your first turn out.\n|-fail|p1a: Lokix\n|move|p2a: Weavile|Ice Shard|p1a: Lokix\n|-damage|p1a: Lokix|0 fnt\n|faint|p1a: Lokix\n|\n|upkeep\n|\n|t:|1700188006\n|switch|p1a: Magneton|Magneton|100\/100\n|-damage|p1a: Magneton|94\/100|[from] Stealth Rock\n|turn|15\n|\n|t:|1700188015\n|move|p1a: Magneton|Thunderbolt|p2a: Weavile\n|-damage|p2a: Weavile|0 fnt\n|faint|p2a: Weavile\n|\n|upkeep\n|\n|t:|1700188018\n|switch|p2a: Inteleon|Inteleon, F, shiny|100\/100\n|turn|16\n|\n|t:|1700188023\n|move|p1a: Magneton|Thunderbolt|p2a: Inteleon\n|-supereffective|p2a: Inteleon\n|-damage|p2a: Inteleon|0 fnt\n|faint|p2a: Inteleon\n|\n|win|ishikusan\n|n|\u2606ishikusan|ishikusan\n|n|\u2606FrostArcanine19|frostarcanine19\n|n|*Lady Monita \u2746|ladymonita\n","uploadtime":1700188024,"views":7,"p1id":"ishikusan","p2id":"frostarcanine19","formatid":"gen9ou","rating":0,"private":0,"password":""}