{"id":"gen9ou-2000008268","p1":"Gang shizzz","p2":"SoloBeans","format":"[Gen 9] OU","log":"|j|\u2606Gang shizzz\n|j|\u2606SoloBeans\n|t:|1701140551\n|gametype|singles\n|player|p1|Gang shizzz|2|1110\n|player|p2|SoloBeans|scientist-gen4|1138\n|teamsize|p1|6\n|teamsize|p2|6\n|gen|9\n|tier|[Gen 9] OU\n|rated|\n|rule|Sleep Clause Mod: Limit one foe put to sleep\n|rule|Species Clause: Limit one of each Pok\u00e9mon\n|rule|OHKO Clause: OHKO moves are banned\n|rule|Evasion Items Clause: Evasion items are banned\n|rule|Evasion Moves Clause: Evasion moves are banned\n|rule|Endless Battle Clause: Forcing endless battles is banned\n|rule|HP Percentage Mod: HP is shown in percentages\n|clearpoke\n|poke|p1|Great Tusk|\n|poke|p1|Gholdengo|\n|poke|p1|Dragonite, F|\n|poke|p1|Rillaboom, M|\n|poke|p1|Grimmsnarl, M|\n|poke|p1|Ribombee, M|\n|poke|p2|Thundurus-Therian, M|\n|poke|p2|Samurott-Hisui, F|\n|poke|p2|Slowking-Galar, F|\n|poke|p2|Cinderace, F|\n|poke|p2|Iron Valiant|\n|poke|p2|Great Tusk|\n|teampreview\n|inactive|Battle timer is ON: inactive players will automatically lose when time's up. (requested by SoloBeans)\n|\n|t:|1701140559\n|start\n|switch|p1a: Great Tusk|Great Tusk|100\/100\n|switch|p2a: Samurott|Samurott-Hisui, F|100\/100\n|-enditem|p1a: Great Tusk|Booster Energy\n|-activate|p1a: Great Tusk|ability: Protosynthesis|[fromitem]\n|-start|p1a: Great Tusk|protosynthesisatk\n|turn|1\n|\n|t:|1701140570\n|move|p2a: Samurott|Razor Shell|p1a: Great Tusk\n|-supereffective|p1a: Great Tusk\n|-damage|p1a: Great Tusk|26\/100\n|-unboost|p1a: Great Tusk|def|1\n|move|p1a: Great Tusk|Stealth Rock|p2a: Samurott\n|-sidestart|p2: SoloBeans|move: Stealth Rock\n|\n|upkeep\n|turn|2\n|\n|t:|1701140581\n|move|p2a: Samurott|Razor Shell|p1a: Great Tusk\n|-supereffective|p1a: Great Tusk\n|-damage|p1a: Great Tusk|0 fnt\n|faint|p1a: Great Tusk\n|-end|p1a: Great Tusk|Protosynthesis|[silent]\n|\n|upkeep\n|\n|t:|1701140589\n|switch|p1a: Grimmsnarl|Grimmsnarl, M, shiny|100\/100\n|turn|3\n|\n|t:|1701140596\n|switch|p2a: Cinderace|Cinderace, F|100\/100\n|move|p1a: Grimmsnarl|Reflect|p1a: Grimmsnarl\n|-sidestart|p1: Gang shizzz|Reflect\n|\n|upkeep\n|turn|4\n|\n|t:|1701140605\n|move|p1a: Grimmsnarl|Taunt|p2a: Cinderace\n|-start|p2a: Cinderace|move: Taunt\n|cant|p2a: Cinderace|move: Taunt|Court Change\n|\n|upkeep\n|turn|5\n|\n|t:|1701140612\n|move|p1a: Grimmsnarl|Light Screen|p1a: Grimmsnarl\n|-sidestart|p1: Gang shizzz|move: Light Screen\n|move|p2a: Cinderace|U-turn|p1a: Grimmsnarl\n|-start|p2a: Cinderace|typechange|Bug|[from] ability: Libero\n|-damage|p1a: Grimmsnarl|81\/100\n|\n|t:|1701140621\n|switch|p2a: Slowking|Slowking-Galar, F|100\/100|[from] U-turn\n|\n|upkeep\n|turn|6\n|\n|t:|1701140627\n|move|p1a: Grimmsnarl|Spirit Break|p2a: Slowking\n|-resisted|p2a: Slowking\n|-damage|p2a: Slowking|89\/100\n|-unboost|p2a: Slowking|spa|1\n|move|p2a: Slowking|Sludge Bomb|p1a: Grimmsnarl\n|-supereffective|p1a: Grimmsnarl\n|-damage|p1a: Grimmsnarl|64\/100\n|-status|p1a: Grimmsnarl|psn\n|\n|-damage|p1a: Grimmsnarl|52\/100 psn|[from] psn\n|upkeep\n|turn|7\n|\n|t:|1701140640\n|move|p1a: Grimmsnarl|Spirit Break|p2a: Slowking\n|-resisted|p2a: Slowking\n|-damage|p2a: Slowking|79\/100\n|-unboost|p2a: Slowking|spa|1\n|move|p2a: Slowking|Chilly Reception|p2a: Slowking\n|-weather|Snow\n|\n|t:|1701140646\n|switch|p2a: Cinderace|Cinderace, F|100\/100|[from] Chilly Reception\n|\n|-weather|Snow|[upkeep]\n|-damage|p1a: Grimmsnarl|39\/100 psn|[from] psn\n|upkeep\n|turn|8\n|\n|t:|1701140654\n|move|p1a: Grimmsnarl|Taunt|p2a: Cinderace\n|-start|p2a: Cinderace|move: Taunt\n|cant|p2a: Cinderace|move: Taunt|Court Change\n|\n|-weather|Snow|[upkeep]\n|-damage|p1a: Grimmsnarl|27\/100 psn|[from] psn\n|upkeep\n|turn|9\n|\n|t:|1701140665\n|move|p2a: Cinderace|U-turn|p1a: Grimmsnarl\n|-start|p2a: Cinderace|typechange|Bug|[from] ability: Libero\n|-damage|p1a: Grimmsnarl|7\/100 psn\n|\n|t:|1701140669\n|switch|p2a: Slowking|Slowking-Galar, F|100\/100|[from] U-turn\n|move|p1a: Grimmsnarl|Spirit Break|p2a: Slowking\n|-resisted|p2a: Slowking\n|-damage|p2a: Slowking|89\/100\n|-unboost|p2a: Slowking|spa|1\n|\n|-weather|Snow|[upkeep]\n|-damage|p1a: Grimmsnarl|0 fnt|[from] psn\n|faint|p1a: Grimmsnarl\n|upkeep\n|\n|t:|1701140682\n|switch|p1a: Ribombee|Ribombee, M|100\/100\n|turn|10\n|\n|t:|1701140687\n|move|p1a: Ribombee|Quiver Dance|p1a: Ribombee\n|-boost|p1a: Ribombee|spa|1\n|-boost|p1a: Ribombee|spd|1\n|-boost|p1a: Ribombee|spe|1\n|move|p2a: Slowking|Chilly Reception|p2a: Slowking\n|\n|t:|1701140691\n|switch|p2a: Cinderace|Cinderace, F|100\/100|[from] Chilly Reception\n|\n|-weather|Snow|[upkeep]\n|-sideend|p1: Gang shizzz|Reflect\n|upkeep\n|turn|11\n|\n|t:|1701140705\n|switch|p2a: Samurott|Samurott-Hisui, F|100\/100\n|-damage|p2a: Samurott|88\/100|[from] Stealth Rock\n|-terastallize|p1a: Ribombee|Fire\n|move|p1a: Ribombee|Quiver Dance|p1a: Ribombee\n|-boost|p1a: Ribombee|spa|1\n|-boost|p1a: Ribombee|spd|1\n|-boost|p1a: Ribombee|spe|1\n|\n|-weather|none\n|upkeep\n|turn|12\n|\n|t:|1701140719\n|move|p1a: Ribombee|Draining Kiss|p2a: Samurott\n|-supereffective|p2a: Samurott\n|-damage|p2a: Samurott|0 fnt\n|faint|p2a: Samurott\n|-damage|p1a: Ribombee|91\/100|[from] item: Life Orb\n|\n|-sideend|p1: Gang shizzz|move: Light Screen\n|upkeep\n|\n|t:|1701140738\n|switch|p2a: Slowking|Slowking-Galar, F|100\/100\n|turn|13\n|\n|t:|1701140746\n|move|p1a: Ribombee|Stored Power|p2a: Slowking\n|-damage|p2a: Slowking|19\/100\n|-damage|p1a: Ribombee|81\/100|[from] item: Life Orb\n|move|p2a: Slowking|Thunder Wave|p1a: Ribombee\n|-status|p1a: Ribombee|par\n|\n|upkeep\n|turn|14\n|\n|t:|1701140758\n|move|p1a: Ribombee|Stored Power|p2a: Slowking\n|-damage|p2a: Slowking|0 fnt\n|faint|p2a: Slowking\n|-damage|p1a: Ribombee|71\/100 par|[from] item: Life Orb\n|\n|upkeep\n|\n|t:|1701140772\n|switch|p2a: Cinderace|Cinderace, F|100\/100\n|turn|15\n|\n|t:|1701140779\n|move|p2a: Cinderace|Pyro Ball|p1a: Ribombee\n|-resisted|p1a: Ribombee\n|-damage|p1a: Ribombee|13\/100 par\n|move|p1a: Ribombee|Draining Kiss|p2a: Cinderace\n|-resisted|p2a: Cinderace\n|-damage|p2a: Cinderace|59\/100\n|-heal|p1a: Ribombee|49\/100 par|[from] drain|[of] p2a: Cinderace\n|-damage|p1a: Ribombee|39\/100 par|[from] item: Life Orb\n|\n|upkeep\n|turn|16\n|\n|t:|1701140789\n|move|p2a: Cinderace|Pyro Ball|p1a: Ribombee\n|-resisted|p1a: Ribombee\n|-damage|p1a: Ribombee|0 fnt\n|faint|p1a: Ribombee\n|\n|upkeep\n|\n|t:|1701140795\n|switch|p1a: Dragonite|Dragonite, F|100\/100\n|turn|17\n|\n|t:|1701140815\n|move|p2a: Cinderace|Will-O-Wisp|p1a: Dragonite\n|-status|p1a: Dragonite|brn\n|move|p1a: Dragonite|Dragon Dance|p1a: Dragonite\n|-boost|p1a: Dragonite|atk|1\n|-boost|p1a: Dragonite|spe|1\n|\n|-damage|p1a: Dragonite|94\/100 brn|[from] brn\n|upkeep\n|turn|18\n|\n|t:|1701140827\n|move|p2a: Cinderace|U-turn|p1a: Dragonite\n|-start|p2a: Cinderace|typechange|Bug|[from] ability: Libero\n|-resisted|p1a: Dragonite\n|-damage|p1a: Dragonite|76\/100 brn\n|\n|t:|1701140831\n|switch|p2a: Great Tusk|Great Tusk|100\/100|[from] U-turn\n|move|p1a: Dragonite|Dragon Dance|p1a: Dragonite\n|-boost|p1a: Dragonite|atk|1\n|-boost|p1a: Dragonite|spe|1\n|\n|-damage|p1a: Dragonite|70\/100 brn|[from] brn\n|upkeep\n|turn|19\n|\n|t:|1701140845\n|move|p1a: Dragonite|Dragon Dance|p1a: Dragonite\n|-boost|p1a: Dragonite|atk|1\n|-boost|p1a: Dragonite|spe|1\n|move|p2a: Great Tusk|Knock Off|p1a: Dragonite\n|-damage|p1a: Dragonite|38\/100 brn\n|-enditem|p1a: Dragonite|Heavy-Duty Boots|[from] move: Knock Off|[of] p2a: Great Tusk\n|\n|-damage|p1a: Dragonite|31\/100 brn|[from] brn\n|upkeep\n|turn|20\n|\n|t:|1701140858\n|move|p1a: Dragonite|Hurricane|p2a: Great Tusk|[miss]\n|-miss|p1a: Dragonite|p2a: Great Tusk\n|move|p2a: Great Tusk|Rapid Spin|p1a: Dragonite\n|-damage|p1a: Dragonite|14\/100 brn\n|-boost|p2a: Great Tusk|spe|1\n|-sideend|p2: SoloBeans|Stealth Rock|[from] move: Rapid Spin|[of] p2a: Great Tusk\n|\n|-damage|p1a: Dragonite|8\/100 brn|[from] brn\n|upkeep\n|turn|21\n|\n|t:|1701140871\n|-terastallize|p2a: Great Tusk|Water\n|move|p1a: Dragonite|Hurricane|p2a: Great Tusk|[miss]\n|-miss|p1a: Dragonite|p2a: Great Tusk\n|move|p2a: Great Tusk|Rapid Spin|p1a: Dragonite\n|-damage|p1a: Dragonite|0 fnt\n|-boost|p2a: Great Tusk|spe|1\n|faint|p1a: Dragonite\n|\n|upkeep\n|\n|t:|1701140882\n|switch|p1a: Rillaboom|Rillaboom, M|100\/100\n|-fieldstart|move: Grassy Terrain|[from] ability: Grassy Surge|[of] p1a: Rillaboom\n|turn|22\n|c|\u2606SoloBeans|what was that set\n|c|\u2606SoloBeans|kinda curious?\n|\n|t:|1701140893\n|-end|p2a: Great Tusk|Protosynthesis|[silent]\n|switch|p2a: Cinderace|Cinderace, F|59\/100\n|move|p1a: Rillaboom|Swords Dance|p1a: Rillaboom\n|-boost|p1a: Rillaboom|atk|2\n|\n|-heal|p2a: Cinderace|65\/100|[from] Grassy Terrain\n|upkeep\n|turn|23\n|\n|t:|1701140902\n|move|p2a: Cinderace|Will-O-Wisp|p1a: Rillaboom\n|-status|p1a: Rillaboom|brn\n|move|p1a: Rillaboom|Drain Punch|p2a: Cinderace\n|-damage|p2a: Cinderace|14\/100\n|-damage|p1a: Rillaboom|91\/100 brn|[from] item: Life Orb\n|\n|-heal|p2a: Cinderace|20\/100|[from] Grassy Terrain\n|-heal|p1a: Rillaboom|97\/100 brn|[from] Grassy Terrain\n|-damage|p1a: Rillaboom|91\/100 brn|[from] brn\n|upkeep\n|turn|24\n|\n|t:|1701140915\n|move|p1a: Rillaboom|Grassy Glide|p2a: Cinderace\n|-resisted|p2a: Cinderace\n|-crit|p2a: Cinderace\n|-damage|p2a: Cinderace|0 fnt\n|faint|p2a: Cinderace\n|-damage|p1a: Rillaboom|81\/100 brn|[from] item: Life Orb\n|\n|-heal|p1a: Rillaboom|87\/100 brn|[from] Grassy Terrain\n|-damage|p1a: Rillaboom|81\/100 brn|[from] brn\n|upkeep\n|\n|t:|1701140934\n|switch|p2a: Thundurus|Thundurus-Therian, M|100\/100\n|turn|25\n|\n|t:|1701140943\n|move|p1a: Rillaboom|Grassy Glide|p2a: Thundurus\n|-resisted|p2a: Thundurus\n|-damage|p2a: Thundurus|61\/100\n|-damage|p1a: Rillaboom|71\/100 brn|[from] item: Life Orb\n|move|p2a: Thundurus|Volt Switch|p1a: Rillaboom\n|-resisted|p1a: Rillaboom\n|-damage|p1a: Rillaboom|29\/100 brn\n|\n|t:|1701140951\n|switch|p2a: Iron Valiant|Iron Valiant|100\/100|[from] Volt Switch\n|-enditem|p2a: Iron Valiant|Booster Energy\n|-activate|p2a: Iron Valiant|ability: Quark Drive|[fromitem]\n|-start|p2a: Iron Valiant|quarkdrivespe\n|\n|-heal|p1a: Rillaboom|35\/100 brn|[from] Grassy Terrain\n|-damage|p1a: Rillaboom|29\/100 brn|[from] brn\n|upkeep\n|turn|26\n|\n|t:|1701140964\n|move|p1a: Rillaboom|Grassy Glide|p2a: Iron Valiant\n|-damage|p2a: Iron Valiant|31\/100\n|-damage|p1a: Rillaboom|19\/100 brn|[from] item: Life Orb\n|move|p2a: Iron Valiant|Thunderbolt|p1a: Rillaboom\n|-resisted|p1a: Rillaboom\n|-damage|p1a: Rillaboom|0 fnt\n|faint|p1a: Rillaboom\n|\n|-heal|p2a: Iron Valiant|37\/100|[from] Grassy Terrain\n|-fieldend|move: Grassy Terrain\n|upkeep\n|\n|t:|1701140976\n|switch|p1a: Gholdengo|Gholdengo|100\/100\n|turn|27\n|\n|t:|1701140987\n|move|p2a: Iron Valiant|Thunderbolt|p1a: Gholdengo\n|-damage|p1a: Gholdengo|68\/100\n|move|p1a: Gholdengo|Nasty Plot|p1a: Gholdengo\n|-boost|p1a: Gholdengo|spa|2\n|\n|upkeep\n|turn|28\n|\n|t:|1701140996\n|move|p2a: Iron Valiant|Thunderbolt|p1a: Gholdengo\n|-damage|p1a: Gholdengo|34\/100\n|move|p1a: Gholdengo|Substitute|p1a: Gholdengo\n|-start|p1a: Gholdengo|Substitute\n|-damage|p1a: Gholdengo|9\/100\n|-enditem|p1a: Gholdengo|Salac Berry|[eat]\n|-boost|p1a: Gholdengo|spe|1|[from] item: Salac Berry\n|\n|upkeep\n|turn|29\n|\n|t:|1701141005\n|move|p2a: Iron Valiant|Thunderbolt|p1a: Gholdengo\n|-end|p1a: Gholdengo|Substitute\n|move|p1a: Gholdengo|Shadow Ball|p2a: Iron Valiant\n|-damage|p2a: Iron Valiant|0 fnt\n|faint|p2a: Iron Valiant\n|-end|p2a: Iron Valiant|Quark Drive|[silent]\n|\n|upkeep\n|\n|t:|1701141012\n|switch|p2a: Thundurus|Thundurus-Therian, M|61\/100\n|turn|30\n|\n|t:|1701141018\n|move|p1a: Gholdengo|Shadow Ball|p2a: Thundurus\n|-damage|p2a: Thundurus|0 fnt\n|faint|p2a: Thundurus\n|\n|upkeep\n|\n|t:|1701141020\n|switch|p2a: Great Tusk|Great Tusk, tera:Water|100\/100\n|turn|31\n|\n|t:|1701141026\n|move|p1a: Gholdengo|Shadow Ball|p2a: Great Tusk\n|-damage|p2a: Great Tusk|0 fnt\n|faint|p2a: Great Tusk\n|-end|p2a: Great Tusk|Protosynthesis|[silent]\n|\n|win|Gang shizzz\n|raw|Gang shizzz's rating: 1128 &rarr; <strong>1154<\/strong><br \/>(+26 for winning)\n|raw|SoloBeans's rating: 1138 &rarr; <strong>1112<\/strong><br \/>(-26 for losing)\n|c|\u2606SoloBeans|this is insane\n|l|\u2606Gang shizzz\n","uploadtime":1701141040,"views":2,"p1id":"gangshizzz","p2id":"solobeans","formatid":"gen9ou","rating":1112,"private":0,"password":""}