{"id":"gen9ou-1993062023","p1":"Vigilante V8","p2":"jrodshow44","format":"[Gen 9] OU","log":"|j|\u2606Vigilante V8\n|j|\u2606jrodshow44\n|inactive|Battle timer is ON: inactive players will automatically lose when time's up.\n|t:|1700260489\n|gametype|singles\n|player|p1|Vigilante V8|2|\n|player|p2|jrodshow44|n|\n|teamsize|p1|6\n|teamsize|p2|6\n|gen|9\n|tier|[Gen 9] OU\n|rated|Tournament battle\n|rule|Sleep Clause Mod: Limit one foe put to sleep\n|rule|Species Clause: Limit one of each Pok\u00e9mon\n|rule|OHKO Clause: OHKO moves are banned\n|rule|Evasion Items Clause: Evasion items are banned\n|rule|Evasion Moves Clause: Evasion moves are banned\n|rule|Endless Battle Clause: Forcing endless battles is banned\n|rule|HP Percentage Mod: HP is shown in percentages\n|clearpoke\n|poke|p1|Clodsire, F|\n|poke|p1|Corviknight, F|\n|poke|p1|Dondozo, M|\n|poke|p1|Kingambit, M|\n|poke|p1|Weavile, M|\n|poke|p1|Garganacl, F|\n|poke|p2|Dragapult, F|\n|poke|p2|Meowscarada, M|\n|poke|p2|Heatran, M|\n|poke|p2|Slowking-Galar, F|\n|poke|p2|Samurott-Hisui, M|\n|poke|p2|Great Tusk|\n|teampreview\n|c|\u2606jrodshow44|gl\n|c|\u2606Vigilante V8|u2\n|j| Bad Players\n|inactive|jrodshow44 has 120 seconds left.\n|\n|t:|1700260527\n|start\n|switch|p1a: Garganacl|Garganacl, F|100\/100\n|switch|p2a: Meowscarada|Meowscarada, M|100\/100\n|turn|1\n|\n|t:|1700260531\n|switch|p1a: Corviknight|Corviknight, F|100\/100\n|-ability|p1a: Corviknight|Pressure\n|move|p2a: Meowscarada|Flower Trick|p1a: Corviknight\n|-start|p2a: Meowscarada|typechange|Grass|[from] ability: Protean\n|-resisted|p1a: Corviknight\n|-crit|p1a: Corviknight\n|-damage|p1a: Corviknight|90\/100\n|\n|upkeep\n|turn|2\n|j| October Occult\n|\n|t:|1700260535\n|switch|p2a: Heatran|Heatran, M|100\/100\n|move|p1a: Corviknight|U-turn|p2a: Heatran\n|-resisted|p2a: Heatran\n|-damage|p2a: Heatran|98\/100\n|\n|t:|1700260540\n|switch|p1a: Garganacl|Garganacl, F|100\/100|[from] U-turn\n|\n|-heal|p2a: Heatran|100\/100|[from] item: Leftovers\n|upkeep\n|turn|3\n|l| October Occult\n|\n|t:|1700260560\n|move|p2a: Heatran|Earth Power|p1a: Garganacl\n|-supereffective|p1a: Garganacl\n|-damage|p1a: Garganacl|63\/100\n|move|p1a: Garganacl|Salt Cure|p2a: Heatran\n|-damage|p2a: Heatran|89\/100\n|-start|p2a: Heatran|Salt Cure\n|\n|-heal|p2a: Heatran|95\/100|[from] item: Leftovers\n|-heal|p1a: Garganacl|70\/100|[from] item: Leftovers\n|-damage|p2a: Heatran|70\/100|[from] Salt Cure\n|upkeep\n|turn|4\n|\n|t:|1700260569\n|switch|p2a: Meowscarada|Meowscarada, M|100\/100\n|move|p1a: Garganacl|Stealth Rock|p2a: Meowscarada\n|-sidestart|p2: jrodshow44|move: Stealth Rock\n|\n|-heal|p1a: Garganacl|76\/100|[from] item: Leftovers\n|upkeep\n|turn|5\n|\n|t:|1700260573\n|switch|p1a: Corviknight|Corviknight, F|90\/100\n|-ability|p1a: Corviknight|Pressure\n|move|p2a: Meowscarada|U-turn|p1a: Corviknight\n|-start|p2a: Meowscarada|typechange|Bug|[from] ability: Protean\n|-resisted|p1a: Corviknight\n|-damage|p1a: Corviknight|82\/100\n|-damage|p2a: Meowscarada|84\/100|[from] item: Rocky Helmet|[of] p1a: Corviknight\n|\n|t:|1700260587\n|switch|p2a: Heatran|Heatran, M|70\/100|[from] U-turn\n|-damage|p2a: Heatran|58\/100|[from] Stealth Rock\n|\n|-heal|p2a: Heatran|64\/100|[from] item: Leftovers\n|upkeep\n|turn|6\n|\n|t:|1700260591\n|switch|p1a: Garganacl|Garganacl, F|76\/100\n|move|p2a: Heatran|Magma Storm|p1a: Garganacl\n|-resisted|p1a: Garganacl\n|-damage|p1a: Garganacl|62\/100\n|-activate|p1a: Garganacl|move: Magma Storm|[of] p2a: Heatran\n|\n|-heal|p2a: Heatran|70\/100|[from] item: Leftovers\n|-heal|p1a: Garganacl|69\/100|[from] item: Leftovers\n|-damage|p1a: Garganacl|56\/100|[from] move: Magma Storm|[partiallytrapped]\n|upkeep\n|turn|7\n|\n|t:|1700260596\n|switch|p2a: Samurott|Samurott-Hisui, M|100\/100\n|-damage|p2a: Samurott|88\/100|[from] Stealth Rock\n|move|p1a: Garganacl|Salt Cure|p2a: Samurott\n|-damage|p2a: Samurott|69\/100\n|-start|p2a: Samurott|Salt Cure\n|\n|-heal|p1a: Garganacl|62\/100|[from] item: Leftovers\n|-damage|p2a: Samurott|44\/100|[from] Salt Cure\n|-end|p1a: Garganacl|Magma Storm|[partiallytrapped]|[silent]\n|upkeep\n|turn|8\n|\n|t:|1700260600\n|move|p1a: Garganacl|Protect|p1a: Garganacl\n|-singleturn|p1a: Garganacl|Protect\n|move|p2a: Samurott|Razor Shell|p1a: Garganacl\n|-activate|p1a: Garganacl|move: Protect\n|\n|-heal|p1a: Garganacl|69\/100|[from] item: Leftovers\n|-damage|p2a: Samurott|20\/100|[from] Salt Cure\n|upkeep\n|turn|9\n|\n|t:|1700260609\n|-terastallize|p1a: Garganacl|Water\n|move|p2a: Samurott|Ceaseless Edge|p1a: Garganacl\n|-damage|p1a: Garganacl|39\/100\n|-sidestart|p1: Vigilante V8|Spikes\n|move|p1a: Garganacl|Recover|p1a: Garganacl\n|-heal|p1a: Garganacl|89\/100\n|\n|-heal|p1a: Garganacl|95\/100|[from] item: Leftovers\n|-damage|p2a: Samurott|0 fnt|[from] Salt Cure\n|faint|p2a: Samurott\n|upkeep\n|\n|t:|1700260618\n|switch|p2a: Meowscarada|Meowscarada, M|84\/100\n|-damage|p2a: Meowscarada|72\/100|[from] Stealth Rock\n|turn|10\n|\n|t:|1700260622\n|move|p1a: Garganacl|Protect|p1a: Garganacl\n|-singleturn|p1a: Garganacl|Protect\n|move|p2a: Meowscarada|Knock Off|p1a: Garganacl\n|-start|p2a: Meowscarada|typechange|Dark|[from] ability: Protean\n|-activate|p1a: Garganacl|move: Protect\n|\n|-heal|p1a: Garganacl|100\/100|[from] item: Leftovers\n|upkeep\n|turn|11\n|\n|t:|1700260638\n|switch|p1a: Corviknight|Corviknight, F|82\/100\n|-ability|p1a: Corviknight|Pressure\n|move|p2a: Meowscarada|Knock Off|p1a: Corviknight\n|-damage|p1a: Corviknight|39\/100\n|-damage|p2a: Meowscarada|55\/100|[from] item: Rocky Helmet|[of] p1a: Corviknight\n|-enditem|p1a: Corviknight|Rocky Helmet|[from] move: Knock Off|[of] p2a: Meowscarada\n|\n|upkeep\n|turn|12\n|\n|t:|1700260651\n|switch|p2a: Heatran|Heatran, M|70\/100\n|-damage|p2a: Heatran|58\/100|[from] Stealth Rock\n|move|p1a: Corviknight|U-turn|p2a: Heatran\n|-resisted|p2a: Heatran\n|-damage|p2a: Heatran|55\/100\n|\n|t:|1700260657\n|switch|p1a: Garganacl|Garganacl, F, tera:Water|100\/100|[from] U-turn\n|-damage|p1a: Garganacl|88\/100|[from] Spikes\n|\n|-heal|p2a: Heatran|61\/100|[from] item: Leftovers\n|-heal|p1a: Garganacl|94\/100|[from] item: Leftovers\n|upkeep\n|turn|13\n|\n|t:|1700260660\n|switch|p2a: Slowking|Slowking-Galar, F|100\/100\n|move|p1a: Garganacl|Salt Cure|p2a: Slowking\n|-damage|p2a: Slowking|87\/100\n|-start|p2a: Slowking|Salt Cure\n|\n|-heal|p1a: Garganacl|100\/100|[from] item: Leftovers\n|-damage|p2a: Slowking|74\/100|[from] Salt Cure\n|upkeep\n|turn|14\n|\n|t:|1700260666\n|switch|p1a: Corviknight|Corviknight, F|39\/100\n|-ability|p1a: Corviknight|Pressure\n|move|p2a: Slowking|Chilly Reception|p2a: Slowking\n|-weather|Snow\n|\n|t:|1700260671\n|switch|p2a: Dragapult|Dragapult, F|100\/100|[from] Chilly Reception\n|-damage|p2a: Dragapult|88\/100|[from] Stealth Rock\n|\n|-weather|Snow|[upkeep]\n|upkeep\n|turn|15\n|\n|t:|1700260677\n|switch|p1a: Clodsire|Clodsire, F|100\/100\n|-damage|p1a: Clodsire|88\/100|[from] Spikes\n|move|p2a: Dragapult|Shadow Ball|p1a: Clodsire\n|-damage|p1a: Clodsire|61\/100\n|\n|-weather|Snow|[upkeep]\n|-heal|p1a: Clodsire|68\/100|[from] item: Black Sludge\n|upkeep\n|turn|16\n|\n|t:|1700260683\n|switch|p2a: Great Tusk|Great Tusk|100\/100\n|-damage|p2a: Great Tusk|98\/100|[from] Stealth Rock\n|move|p1a: Clodsire|Spikes|p2a: Great Tusk\n|-sidestart|p2: jrodshow44|Spikes\n|\n|-weather|Snow|[upkeep]\n|-heal|p2a: Great Tusk|100\/100|[from] item: Leftovers\n|-heal|p1a: Clodsire|74\/100|[from] item: Black Sludge\n|upkeep\n|turn|17\n|\n|t:|1700260690\n|move|p2a: Great Tusk|Rapid Spin|p1a: Clodsire\n|-damage|p1a: Clodsire|56\/100\n|-boost|p2a: Great Tusk|spe|1\n|-sideend|p2: jrodshow44|Spikes|[from] move: Rapid Spin|[of] p2a: Great Tusk\n|-sideend|p2: jrodshow44|Stealth Rock|[from] move: Rapid Spin|[of] p2a: Great Tusk\n|move|p1a: Clodsire|Toxic|p2a: Great Tusk\n|-status|p2a: Great Tusk|tox\n|\n|-weather|Snow|[upkeep]\n|-heal|p1a: Clodsire|63\/100|[from] item: Black Sludge\n|-damage|p2a: Great Tusk|94\/100 tox|[from] psn\n|upkeep\n|turn|18\n|\n|t:|1700260692\n|switch|p1a: Corviknight|Corviknight, F|39\/100\n|-ability|p1a: Corviknight|Pressure\n|move|p2a: Great Tusk|Earthquake|p1a: Corviknight\n|-immune|p1a: Corviknight\n|\n|-weather|none\n|-heal|p2a: Great Tusk|100\/100 tox|[from] item: Leftovers\n|-damage|p2a: Great Tusk|88\/100 tox|[from] psn\n|upkeep\n|turn|19\n|\n|t:|1700260701\n|-end|p2a: Great Tusk|Protosynthesis|[silent]\n|switch|p2a: Heatran|Heatran, M|61\/100\n|move|p1a: Corviknight|Body Press|p2a: Heatran\n|-supereffective|p2a: Heatran\n|-damage|p2a: Heatran|20\/100\n|\n|-heal|p2a: Heatran|26\/100|[from] item: Leftovers\n|upkeep\n|turn|20\n|\n|t:|1700260708\n|switch|p1a: Garganacl|Garganacl, F, tera:Water|100\/100\n|-damage|p1a: Garganacl|88\/100|[from] Spikes\n|move|p2a: Heatran|Magma Storm|p1a: Garganacl\n|-resisted|p1a: Garganacl\n|-damage|p1a: Garganacl|75\/100\n|-activate|p1a: Garganacl|move: Magma Storm|[of] p2a: Heatran\n|\n|-heal|p2a: Heatran|32\/100|[from] item: Leftovers\n|-heal|p1a: Garganacl|81\/100|[from] item: Leftovers\n|-damage|p1a: Garganacl|69\/100|[from] move: Magma Storm|[partiallytrapped]\n|upkeep\n|turn|21\n|\n|t:|1700260712\n|move|p2a: Heatran|Stealth Rock|p1a: Garganacl\n|-sidestart|p1: Vigilante V8|move: Stealth Rock\n|move|p1a: Garganacl|Salt Cure|p2a: Heatran\n|-damage|p2a: Heatran|21\/100\n|-start|p2a: Heatran|Salt Cure\n|\n|-heal|p2a: Heatran|28\/100|[from] item: Leftovers\n|-heal|p1a: Garganacl|75\/100|[from] item: Leftovers\n|-damage|p2a: Heatran|3\/100|[from] Salt Cure\n|-damage|p1a: Garganacl|62\/100|[from] move: Magma Storm|[partiallytrapped]\n|upkeep\n|turn|22\n|\n|t:|1700260717\n|switch|p2a: Dragapult|Dragapult, F|88\/100\n|move|p1a: Garganacl|Stealth Rock|p2a: Dragapult\n|-sidestart|p2: jrodshow44|move: Stealth Rock\n|\n|-heal|p1a: Garganacl|69\/100|[from] item: Leftovers\n|-end|p1a: Garganacl|Magma Storm|[partiallytrapped]|[silent]\n|upkeep\n|turn|23\n|\n|t:|1700260723\n|-terastallize|p2a: Dragapult|Dragon\n|move|p1a: Garganacl|Protect|p1a: Garganacl\n|-singleturn|p1a: Garganacl|Protect\n|move|p2a: Dragapult|Draco Meteor|p1a: Garganacl\n|-activate|p1a: Garganacl|move: Protect\n|\n|-heal|p1a: Garganacl|75\/100|[from] item: Leftovers\n|upkeep\n|turn|24\n|\n|t:|1700260735\n|switch|p1a: Clodsire|Clodsire, F|63\/100\n|-damage|p1a: Clodsire|50\/100|[from] Spikes\n|-damage|p1a: Clodsire|44\/100|[from] Stealth Rock\n|move|p2a: Dragapult|Draco Meteor|p1a: Clodsire\n|-damage|p1a: Clodsire|0 fnt\n|-unboost|p2a: Dragapult|spa|2\n|faint|p1a: Clodsire\n|\n|upkeep\n|\n|t:|1700260756\n|switch|p1a: Garganacl|Garganacl, F, tera:Water|75\/100\n|-damage|p1a: Garganacl|62\/100|[from] Spikes\n|-damage|p1a: Garganacl|50\/100|[from] Stealth Rock\n|turn|25\n|\n|t:|1700260761\n|move|p1a: Garganacl|Protect|p1a: Garganacl\n|-singleturn|p1a: Garganacl|Protect\n|move|p2a: Dragapult|Draco Meteor|p1a: Garganacl\n|-activate|p1a: Garganacl|move: Protect\n|\n|-heal|p1a: Garganacl|56\/100|[from] item: Leftovers\n|upkeep\n|turn|26\n|\n|t:|1700260781\n|switch|p2a: Slowking|Slowking-Galar, F|100\/100\n|move|p1a: Garganacl|Recover|p1a: Garganacl\n|-heal|p1a: Garganacl|100\/100\n|\n|upkeep\n|turn|27\n|\n|t:|1700260784\n|switch|p1a: Corviknight|Corviknight, F|39\/100\n|-damage|p1a: Corviknight|26\/100|[from] Stealth Rock\n|-ability|p1a: Corviknight|Pressure\n|move|p2a: Slowking|Future Sight|p1a: Corviknight\n|-start|p2a: Slowking|move: Future Sight\n|\n|upkeep\n|turn|28\n|\n|t:|1700260787\n|move|p1a: Corviknight|Defog|p2a: Slowking\n|-unboost|p2a: Slowking|evasion|1\n|-sideend|p2: jrodshow44|Stealth Rock|[from] move: Defog|[of] p1a: Corviknight\n|-sideend|p1: Vigilante V8|Spikes|[from] move: Defog|[of] p1a: Corviknight\n|-sideend|p1: Vigilante V8|Stealth Rock|[from] move: Defog|[of] p1a: Corviknight\n|move|p2a: Slowking|Ice Beam|p1a: Corviknight\n|-damage|p1a: Corviknight|4\/100\n|\n|upkeep\n|turn|29\n|\n|t:|1700260796\n|switch|p2a: Heatran|Heatran, M|3\/100\n|move|p1a: Corviknight|Roost|p1a: Corviknight\n|-heal|p1a: Corviknight|54\/100\n|-singleturn|p1a: Corviknight|move: Roost\n|\n|-end|p1a: Corviknight|move: Future Sight\n|-resisted|p1a: Corviknight\n|-damage|p1a: Corviknight|33\/100\n|-heal|p2a: Heatran|9\/100|[from] item: Leftovers\n|upkeep\n|turn|30\n|\n|t:|1700260802\n|switch|p1a: Garganacl|Garganacl, F, tera:Water|100\/100\n|move|p2a: Heatran|Stealth Rock|p1a: Garganacl\n|-sidestart|p1: Vigilante V8|move: Stealth Rock\n|\n|-heal|p2a: Heatran|15\/100|[from] item: Leftovers\n|upkeep\n|turn|31\n|\n|t:|1700260811\n|move|p2a: Heatran|Taunt|p1a: Garganacl\n|-start|p1a: Garganacl|move: Taunt\n|move|p1a: Garganacl|Salt Cure|p2a: Heatran\n|-damage|p2a: Heatran|3\/100\n|-start|p2a: Heatran|Salt Cure\n|\n|-heal|p2a: Heatran|9\/100|[from] item: Leftovers\n|-damage|p2a: Heatran|0 fnt|[from] Salt Cure\n|faint|p2a: Heatran\n|upkeep\n|\n|t:|1700260816\n|switch|p2a: Dragapult|Dragapult, F, tera:Dragon|88\/100\n|turn|32\n|\n|t:|1700260822\n|switch|p1a: Corviknight|Corviknight, F|33\/100\n|-damage|p1a: Corviknight|21\/100|[from] Stealth Rock\n|-ability|p1a: Corviknight|Pressure\n|move|p2a: Dragapult|Draco Meteor|p1a: Corviknight\n|-resisted|p1a: Corviknight\n|-damage|p1a: Corviknight|0 fnt\n|-unboost|p2a: Dragapult|spa|2\n|faint|p1a: Corviknight\n|\n|upkeep\n|\n|t:|1700260837\n|switch|p1a: Kingambit|Kingambit, M|100\/100\n|-damage|p1a: Kingambit|94\/100|[from] Stealth Rock\n|-activate|p1a: Kingambit|ability: Supreme Overlord\n|-start|p1a: Kingambit|fallen2|[silent]\n|turn|33\n|\n|t:|1700260842\n|switch|p2a: Great Tusk|Great Tusk|88\/100 tox\n|move|p1a: Kingambit|Low Kick|p2a: Great Tusk\n|-damage|p2a: Great Tusk|62\/100 tox\n|\n|-heal|p2a: Great Tusk|68\/100 tox|[from] item: Leftovers\n|-damage|p2a: Great Tusk|62\/100 tox|[from] psn\n|upkeep\n|turn|34\n|\n|t:|1700260854\n|-end|p1a: Kingambit|fallen2|[silent]\n|switch|p1a: Dondozo|Dondozo, M|100\/100\n|-damage|p1a: Dondozo|88\/100|[from] Stealth Rock\n|move|p2a: Great Tusk|Earthquake|p1a: Dondozo\n|-damage|p1a: Dondozo|68\/100\n|\n|-heal|p2a: Great Tusk|68\/100 tox|[from] item: Leftovers\n|-heal|p1a: Dondozo|74\/100|[from] item: Leftovers\n|-damage|p2a: Great Tusk|56\/100 tox|[from] psn\n|upkeep\n|turn|35\n|\n|t:|1700260860\n|-end|p2a: Great Tusk|Protosynthesis|[silent]\n|switch|p2a: Dragapult|Dragapult, F, tera:Dragon|88\/100\n|move|p1a: Dondozo|Wave Crash|p2a: Dragapult\n|-resisted|p2a: Dragapult\n|-damage|p2a: Dragapult|62\/100\n|-damage|p1a: Dondozo|69\/100|[from] Recoil\n|\n|-heal|p1a: Dondozo|75\/100|[from] item: Leftovers\n|upkeep\n|turn|36\n|\n|t:|1700260872\n|switch|p1a: Kingambit|Kingambit, M|94\/100\n|-damage|p1a: Kingambit|88\/100|[from] Stealth Rock\n|-activate|p1a: Kingambit|ability: Supreme Overlord\n|-start|p1a: Kingambit|fallen2|[silent]\n|move|p2a: Dragapult|Draco Meteor|p1a: Kingambit\n|-resisted|p1a: Kingambit\n|-damage|p1a: Kingambit|23\/100\n|-unboost|p2a: Dragapult|spa|2\n|\n|upkeep\n|turn|37\n|\n|t:|1700260884\n|switch|p2a: Meowscarada|Meowscarada, M|55\/100\n|move|p1a: Kingambit|Sucker Punch||[still]\n|-fail|p1a: Kingambit\n|\n|upkeep\n|turn|38\n|\n|t:|1700260891\n|move|p1a: Kingambit|Sucker Punch|p2a: Meowscarada\n|-resisted|p2a: Meowscarada\n|-damage|p2a: Meowscarada|11\/100\n|move|p2a: Meowscarada|U-turn|p1a: Kingambit\n|-start|p2a: Meowscarada|typechange|Bug|[from] ability: Protean\n|-damage|p1a: Kingambit|0 fnt\n|faint|p1a: Kingambit\n|-end|p1a: Kingambit|fallen2|[silent]\n|\n|t:|1700260913\n|switch|p2a: Great Tusk|Great Tusk|56\/100 tox|[from] U-turn\n|\n|-heal|p2a: Great Tusk|62\/100 tox|[from] item: Leftovers\n|-damage|p2a: Great Tusk|56\/100 tox|[from] psn\n|upkeep\n|\n|t:|1700260928\n|switch|p1a: Garganacl|Garganacl, F, tera:Water|100\/100\n|-damage|p1a: Garganacl|88\/100|[from] Stealth Rock\n|turn|39\n|\n|t:|1700260937\n|-end|p2a: Great Tusk|Protosynthesis|[silent]\n|switch|p2a: Dragapult|Dragapult, F, tera:Dragon|62\/100\n|move|p1a: Garganacl|Stealth Rock|p2a: Dragapult\n|-sidestart|p2: jrodshow44|move: Stealth Rock\n|\n|-heal|p1a: Garganacl|94\/100|[from] item: Leftovers\n|upkeep\n|turn|40\n|\n|t:|1700260940\n|move|p1a: Garganacl|Protect|p1a: Garganacl\n|-singleturn|p1a: Garganacl|Protect\n|move|p2a: Dragapult|Draco Meteor|p1a: Garganacl\n|-activate|p1a: Garganacl|move: Protect\n|\n|-heal|p1a: Garganacl|100\/100|[from] item: Leftovers\n|upkeep\n|turn|41\n|\n|t:|1700260947\n|move|p2a: Dragapult|Draco Meteor|p1a: Garganacl\n|-damage|p1a: Garganacl|31\/100\n|-unboost|p2a: Dragapult|spa|2\n|move|p1a: Garganacl|Recover|p1a: Garganacl\n|-heal|p1a: Garganacl|81\/100\n|\n|-heal|p1a: Garganacl|87\/100|[from] item: Leftovers\n|upkeep\n|turn|42\n|\n|t:|1700260953\n|switch|p2a: Slowking|Slowking-Galar, F|100\/100\n|move|p1a: Garganacl|Salt Cure|p2a: Slowking\n|-damage|p2a: Slowking|85\/100\n|-start|p2a: Slowking|Salt Cure\n|\n|-heal|p1a: Garganacl|94\/100|[from] item: Leftovers\n|-damage|p2a: Slowking|73\/100|[from] Salt Cure\n|upkeep\n|turn|43\n|\n|t:|1700260961\n|switch|p1a: Weavile|Weavile, M|100\/100\n|-damage|p1a: Weavile|76\/100|[from] Stealth Rock\n|-ability|p1a: Weavile|Pressure\n|move|p2a: Slowking|Future Sight|p1a: Weavile\n|-start|p2a: Slowking|move: Future Sight\n|\n|-damage|p2a: Slowking|60\/100|[from] Salt Cure\n|upkeep\n|turn|44\n|\n|t:|1700260972\n|move|p1a: Weavile|Knock Off|p2a: Slowking\n|-supereffective|p2a: Slowking\n|-damage|p2a: Slowking|0 fnt\n|-enditem|p2a: Slowking|Heavy-Duty Boots|[from] move: Knock Off|[of] p1a: Weavile\n|faint|p2a: Slowking\n|\n|upkeep\n|\n|t:|1700260975\n|switch|p2a: Dragapult|Dragapult, F, tera:Dragon|62\/100\n|-damage|p2a: Dragapult|50\/100|[from] Stealth Rock\n|turn|45\n|\n|t:|1700260980\n|switch|p1a: Garganacl|Garganacl, F, tera:Water|94\/100\n|-damage|p1a: Garganacl|81\/100|[from] Stealth Rock\n|move|p2a: Dragapult|U-turn|p1a: Garganacl\n|-damage|p1a: Garganacl|71\/100\n|\n|t:|1700260983\n|switch|p2a: Great Tusk|Great Tusk|56\/100 tox|[from] U-turn\n|-damage|p2a: Great Tusk|53\/100 tox|[from] Stealth Rock\n|\n|-end|p1a: Garganacl|move: Future Sight\n|-damage|p1a: Garganacl|40\/100\n|-heal|p2a: Great Tusk|59\/100 tox|[from] item: Leftovers\n|-heal|p1a: Garganacl|46\/100|[from] item: Leftovers\n|-damage|p2a: Great Tusk|53\/100 tox|[from] psn\n|upkeep\n|turn|46\n|\n|t:|1700260986\n|move|p1a: Garganacl|Protect|p1a: Garganacl\n|-singleturn|p1a: Garganacl|Protect\n|move|p2a: Great Tusk|Rapid Spin|p1a: Garganacl\n|-activate|p1a: Garganacl|move: Protect\n|\n|-heal|p2a: Great Tusk|59\/100 tox|[from] item: Leftovers\n|-heal|p1a: Garganacl|52\/100|[from] item: Leftovers\n|-damage|p2a: Great Tusk|47\/100 tox|[from] psn\n|upkeep\n|turn|47\n|\n|t:|1700260989\n|move|p2a: Great Tusk|Rapid Spin|p1a: Garganacl\n|-damage|p1a: Garganacl|43\/100\n|-boost|p2a: Great Tusk|spe|1\n|-sideend|p2: jrodshow44|Stealth Rock|[from] move: Rapid Spin|[of] p2a: Great Tusk\n|move|p1a: Garganacl|Recover|p1a: Garganacl\n|-heal|p1a: Garganacl|93\/100\n|\n|-heal|p2a: Great Tusk|53\/100 tox|[from] item: Leftovers\n|-heal|p1a: Garganacl|99\/100|[from] item: Leftovers\n|-damage|p2a: Great Tusk|34\/100 tox|[from] psn\n|upkeep\n|turn|48\n|\n|t:|1700260992\n|-end|p2a: Great Tusk|Protosynthesis|[silent]\n|switch|p2a: Meowscarada|Meowscarada, M|11\/100\n|move|p1a: Garganacl|Salt Cure|p2a: Meowscarada\n|-damage|p2a: Meowscarada|0 fnt\n|faint|p2a: Meowscarada\n|\n|-heal|p1a: Garganacl|100\/100|[from] item: Leftovers\n|upkeep\n|c|\u2606jrodshow44|gg\n|c|\u2606Vigilante V8|gg\n|\n|t:|1700260998\n|switch|p2a: Dragapult|Dragapult, F, tera:Dragon|50\/100\n|turn|49\n|\n|t:|1700261005\n|move|p2a: Dragapult|Shadow Ball|p1a: Garganacl\n|-damage|p1a: Garganacl|83\/100\n|move|p1a: Garganacl|Salt Cure|p2a: Dragapult\n|-damage|p2a: Dragapult|32\/100\n|-start|p2a: Dragapult|Salt Cure\n|\n|-heal|p1a: Garganacl|90\/100|[from] item: Leftovers\n|-damage|p2a: Dragapult|20\/100|[from] Salt Cure\n|upkeep\n|turn|50\n|-message|jrodshow44 forfeited.\n|\n|win|Vigilante V8\n|n|\u2606Vigilante V8|vigilantev8\n|n|\u2606jrodshow44|jrodshow44\n|n| Bad Players|badplayers\n","uploadtime":1700261015,"views":11,"p1id":"vigilantev8","p2id":"jrodshow44","formatid":"gen9ou","rating":0,"private":0,"password":""}