{"id":"gen9ou-1993053486","p1":"RSGM","p2":"3WishAndLandoT","format":"[Gen 9] OU","log":"|j|\u2606RSGM\n|j|\u26063WishAndLandoT\n|t:|1700259588\n|gametype|singles\n|player|p1|RSGM|morty|1221\n|player|p2|3WishAndLandoT|101|1268\n|teamsize|p1|6\n|teamsize|p2|6\n|gen|9\n|tier|[Gen 9] OU\n|rated|\n|rule|Sleep Clause Mod: Limit one foe put to sleep\n|rule|Species Clause: Limit one of each Pok\u00e9mon\n|rule|OHKO Clause: OHKO moves are banned\n|rule|Evasion Items Clause: Evasion items are banned\n|rule|Evasion Moves Clause: Evasion moves are banned\n|rule|Endless Battle Clause: Forcing endless battles is banned\n|rule|HP Percentage Mod: HP is shown in percentages\n|clearpoke\n|poke|p1|Sneasler, F|\n|poke|p1|Skeledirge, F|\n|poke|p1|Rillaboom, M|\n|poke|p1|Kingambit, M|\n|poke|p1|Dragapult, F|\n|poke|p1|Ogerpon-Cornerstone, F|\n|poke|p2|Cinderace, F|\n|poke|p2|Empoleon, M|\n|poke|p2|Clodsire, F|\n|poke|p2|Pelipper, M|\n|poke|p2|Barraskewda, M|\n|poke|p2|Rillaboom, M|\n|teampreview\n|\n|t:|1700259607\n|start\n|switch|p1a: Dragapult|Dragapult, F|100\/100\n|switch|p2a: Pelipper|Pelipper, M|100\/100\n|-weather|RainDance|[from] ability: Drizzle|[of] p2a: Pelipper\n|turn|1\n|\n|t:|1700259616\n|switch|p2a: Clodsire|Clodsire, F|100\/100\n|move|p1a: Dragapult|Thunder Wave|p2a: Clodsire\n|-immune|p2a: Clodsire\n|\n|-weather|RainDance|[upkeep]\n|upkeep\n|turn|2\n|\n|t:|1700259624\n|move|p1a: Dragapult|U-turn|p2a: Clodsire\n|-resisted|p2a: Clodsire\n|-damage|p2a: Clodsire|92\/100\n|\n|t:|1700259627\n|switch|p1a: Kingambit|Kingambit, M|100\/100|[from] U-turn\n|move|p2a: Clodsire|Spikes|p1a: Kingambit\n|-sidestart|p1: RSGM|Spikes\n|\n|-weather|RainDance|[upkeep]\n|-heal|p2a: Clodsire|98\/100|[from] item: Leftovers\n|upkeep\n|turn|3\n|\n|t:|1700259640\n|-end|p1a: Kingambit|fallenundefined|[silent]\n|switch|p1a: Rillaboom|Rillaboom, M|100\/100\n|-fieldstart|move: Grassy Terrain|[from] ability: Grassy Surge|[of] p1a: Rillaboom\n|move|p2a: Clodsire|High Horsepower|p1a: Rillaboom\n|-resisted|p1a: Rillaboom\n|-damage|p1a: Rillaboom|88\/100\n|\n|-weather|RainDance|[upkeep]\n|-heal|p1a: Rillaboom|94\/100|[from] Grassy Terrain\n|-heal|p2a: Clodsire|100\/100|[from] Grassy Terrain\n|upkeep\n|turn|4\n|\n|t:|1700259649\n|switch|p2a: Cinderace|Cinderace, F|100\/100\n|move|p1a: Rillaboom|Swords Dance|p1a: Rillaboom\n|-boost|p1a: Rillaboom|atk|2\n|\n|-weather|RainDance|[upkeep]\n|-heal|p1a: Rillaboom|99\/100|[from] Grassy Terrain\n|upkeep\n|turn|5\n|\n|t:|1700259657\n|-terastallize|p1a: Rillaboom|Fire\n|move|p2a: Cinderace|Weather Ball|p1a: Rillaboom\n|-start|p2a: Cinderace|typechange|Water|[from] ability: Libero\n|-supereffective|p1a: Rillaboom\n|-damage|p1a: Rillaboom|0 fnt\n|faint|p1a: Rillaboom\n|\n|-weather|RainDance|[upkeep]\n|upkeep\n|-message|RSGM forfeited.\n|\n|win|3WishAndLandoT\n|raw|RSGM's rating: 1221 &rarr; <strong>1199<\/strong><br \/>(-22 for losing)\n|raw|3WishAndLandoT's rating: 1268 &rarr; <strong>1290<\/strong><br \/>(+22 for winning)\n|l|\u2606RSGM\n","uploadtime":1700259676,"views":27,"p1id":"rsgm","p2id":"3wishandlandot","formatid":"gen9ou","rating":1199,"private":0,"password":""}