{"id":"gen9ou-1995065632","p1":"TheZilla07","p2":"genesis7","format":"[Gen 9] OU","log":"|j|\u2606TheZilla07\n|j|\u2606genesis7\n|t:|1700518804\n|gametype|singles\n|player|p1|TheZilla07|petrel|1688\n|player|p2|genesis7|#ssdleviathans|1830\n|teamsize|p1|6\n|teamsize|p2|6\n|gen|9\n|tier|[Gen 9] OU\n|rated|\n|rule|Sleep Clause Mod: Limit one foe put to sleep\n|rule|Species Clause: Limit one of each Pok\u00e9mon\n|rule|OHKO Clause: OHKO moves are banned\n|rule|Evasion Items Clause: Evasion items are banned\n|rule|Evasion Moves Clause: Evasion moves are banned\n|rule|Endless Battle Clause: Forcing endless battles is banned\n|rule|HP Percentage Mod: HP is shown in percentages\n|clearpoke\n|poke|p1|Fezandipiti, M|\n|poke|p1|Dondozo, F|\n|poke|p1|Zapdos|\n|poke|p1|Rillaboom, F|\n|poke|p1|Great Tusk|\n|poke|p1|Heatran, M|\n|poke|p2|Enamorus, F|\n|poke|p2|Dragonite, F|\n|poke|p2|Heatran, M|\n|poke|p2|Rillaboom, M|\n|poke|p2|Samurott-Hisui, F|\n|poke|p2|Great Tusk|\n|teampreview\n|c|\u2606TheZilla07|glhf\n|j| ladyoouf\n|c|\u2606genesis7|glhf\n|\n|t:|1700518854\n|start\n|switch|p1a: NO TOUCHING|Zapdos|100\/100\n|switch|p2a: Heatran|Heatran, M|100\/100\n|-item|p2a: Heatran|Air Balloon\n|turn|1\n|\n|t:|1700518868\n|move|p1a: NO TOUCHING|Hurricane|p2a: Heatran\n|-resisted|p2a: Heatran\n|-damage|p2a: Heatran|86\/100\n|-enditem|p2a: Heatran|Air Balloon\n|move|p2a: Heatran|Magma Storm|p1a: NO TOUCHING\n|-damage|p1a: NO TOUCHING|60\/100\n|-activate|p1a: NO TOUCHING|move: Magma Storm|[of] p2a: Heatran\n|\n|-damage|p1a: NO TOUCHING|47\/100|[from] move: Magma Storm|[partiallytrapped]\n|upkeep\n|turn|2\n|\n|t:|1700518879\n|move|p1a: NO TOUCHING|Volt Switch|p2a: Heatran\n|-damage|p2a: Heatran|69\/100\n|\n|t:|1700518883\n|switch|p1a: The Biggest Bird|Fezandipiti, M|100\/100|[from] Volt Switch\n|move|p2a: Heatran|Earth Power|p1a: The Biggest Bird\n|-supereffective|p1a: The Biggest Bird\n|-damage|p1a: The Biggest Bird|62\/100\n|\n|upkeep\n|turn|3\n|\n|t:|1700518896\n|move|p1a: The Biggest Bird|Roost|p1a: The Biggest Bird\n|-heal|p1a: The Biggest Bird|100\/100\n|-singleturn|p1a: The Biggest Bird|move: Roost\n|move|p2a: Heatran|Earth Power|p1a: The Biggest Bird\n|-supereffective|p1a: The Biggest Bird\n|-damage|p1a: The Biggest Bird|63\/100\n|\n|upkeep\n|turn|4\n|\n|t:|1700518903\n|move|p1a: The Biggest Bird|Calm Mind|p1a: The Biggest Bird\n|-boost|p1a: The Biggest Bird|spa|1\n|-boost|p1a: The Biggest Bird|spd|1\n|move|p2a: Heatran|Earth Power|p1a: The Biggest Bird\n|-supereffective|p1a: The Biggest Bird\n|-damage|p1a: The Biggest Bird|38\/100\n|\n|upkeep\n|turn|5\n|\n|t:|1700518924\n|switch|p2a: Samurott|Samurott-Hisui, F|100\/100\n|move|p1a: The Biggest Bird|Roost|p1a: The Biggest Bird\n|-heal|p1a: The Biggest Bird|88\/100\n|-singleturn|p1a: The Biggest Bird|move: Roost\n|\n|upkeep\n|turn|6\n|\n|t:|1700518954\n|-terastallize|p2a: Samurott|Poison\n|move|p1a: The Biggest Bird|Moonblast|p2a: Samurott\n|-resisted|p2a: Samurott\n|-damage|p2a: Samurott|86\/100\n|-unboost|p2a: Samurott|spa|1\n|move|p2a: Samurott|Aqua Cutter|p1a: The Biggest Bird\n|-damage|p1a: The Biggest Bird|50\/100\n|\n|upkeep\n|turn|7\n|\n|t:|1700518971\n|move|p1a: The Biggest Bird|Roost|p1a: The Biggest Bird\n|-heal|p1a: The Biggest Bird|99\/100\n|-singleturn|p1a: The Biggest Bird|move: Roost\n|move|p2a: Samurott|Ceaseless Edge|p1a: The Biggest Bird\n|-resisted|p1a: The Biggest Bird\n|-damage|p1a: The Biggest Bird|80\/100\n|-sidestart|p1: TheZilla07|Spikes\n|\n|upkeep\n|turn|8\n|\n|t:|1700518978\n|move|p1a: The Biggest Bird|Calm Mind|p1a: The Biggest Bird\n|-boost|p1a: The Biggest Bird|spa|1\n|-boost|p1a: The Biggest Bird|spd|1\n|move|p2a: Samurott|Aqua Cutter|p1a: The Biggest Bird\n|-damage|p1a: The Biggest Bird|38\/100\n|\n|upkeep\n|turn|9\n|\n|t:|1700518984\n|move|p1a: The Biggest Bird|Roost|p1a: The Biggest Bird\n|-heal|p1a: The Biggest Bird|88\/100\n|-singleturn|p1a: The Biggest Bird|move: Roost\n|move|p2a: Samurott|Aqua Cutter|p1a: The Biggest Bird\n|-damage|p1a: The Biggest Bird|49\/100\n|\n|upkeep\n|turn|10\n|\n|t:|1700518990\n|move|p1a: The Biggest Bird|Roost|p1a: The Biggest Bird\n|-heal|p1a: The Biggest Bird|99\/100\n|-singleturn|p1a: The Biggest Bird|move: Roost\n|move|p2a: Samurott|Aqua Cutter|p1a: The Biggest Bird\n|-damage|p1a: The Biggest Bird|57\/100\n|\n|upkeep\n|turn|11\n|\n|t:|1700519011\n|switch|p1a: Donbozo|Dondozo, F|100\/100\n|-damage|p1a: Donbozo|88\/100|[from] Spikes\n|move|p2a: Samurott|Aqua Cutter|p1a: Donbozo\n|-resisted|p1a: Donbozo\n|-damage|p1a: Donbozo|76\/100\n|\n|-heal|p1a: Donbozo|82\/100|[from] item: Leftovers\n|upkeep\n|turn|12\n|\n|t:|1700519023\n|switch|p2a: Rillaboom|Rillaboom, M|100\/100\n|-fieldstart|move: Grassy Terrain|[from] ability: Grassy Surge|[of] p2a: Rillaboom\n|switch|p1a: NO TOUCHING|Zapdos|47\/100\n|\n|upkeep\n|turn|13\n|\n|t:|1700519033\n|move|p2a: Rillaboom|Wood Hammer|p1a: NO TOUCHING\n|-resisted|p1a: NO TOUCHING\n|-damage|p1a: NO TOUCHING|0 fnt\n|faint|p1a: NO TOUCHING\n|-damage|p2a: Rillaboom|83\/100|[from] Recoil\n|\n|-heal|p2a: Rillaboom|89\/100|[from] Grassy Terrain\n|upkeep\n|\n|t:|1700519039\n|switch|p1a: Trans Rights|Heatran, M|100\/100\n|-damage|p1a: Trans Rights|88\/100|[from] Spikes\n|turn|14\n|\n|t:|1700519060\n|switch|p2a: Enamorus|Enamorus, F|100\/100\n|move|p1a: Trans Rights|Stealth Rock|p2a: Enamorus\n|-sidestart|p2: genesis7|move: Stealth Rock\n|\n|-heal|p1a: Trans Rights|94\/100|[from] Grassy Terrain\n|-heal|p1a: Trans Rights|100\/100|[from] item: Leftovers\n|upkeep\n|turn|15\n|\n|t:|1700519083\n|-terastallize|p1a: Trans Rights|Grass\n|move|p2a: Enamorus|Earth Power|p1a: Trans Rights\n|-resisted|p1a: Trans Rights\n|-damage|p1a: Trans Rights|89\/100\n|move|p1a: Trans Rights|Magma Storm|p2a: Enamorus\n|-damage|p2a: Enamorus|34\/100\n|-activate|p2a: Enamorus|move: Magma Storm|[of] p1a: Trans Rights\n|\n|-heal|p1a: Trans Rights|95\/100|[from] Grassy Terrain\n|-heal|p1a: Trans Rights|100\/100|[from] item: Leftovers\n|-damage|p2a: Enamorus|22\/100|[from] move: Magma Storm|[partiallytrapped]\n|upkeep\n|turn|16\n|\n|t:|1700519093\n|move|p2a: Enamorus|Earth Power|p1a: Trans Rights\n|-resisted|p1a: Trans Rights\n|-damage|p1a: Trans Rights|88\/100\n|move|p1a: Trans Rights|Magma Storm|p2a: Enamorus\n|-damage|p2a: Enamorus|0 fnt\n|faint|p2a: Enamorus\n|\n|-heal|p1a: Trans Rights|94\/100|[from] Grassy Terrain\n|-heal|p1a: Trans Rights|99\/100|[from] item: Leftovers\n|-fieldend|move: Grassy Terrain\n|upkeep\n|\n|t:|1700519108\n|switch|p2a: Samurott|Samurott-Hisui, F, tera:Poison|86\/100\n|-damage|p2a: Samurott|73\/100|[from] Stealth Rock\n|turn|17\n|\n|t:|1700519119\n|switch|p1a: Republican|Great Tusk|100\/100\n|-damage|p1a: Republican|88\/100|[from] Spikes\n|move|p2a: Samurott|Ceaseless Edge|p1a: Republican\n|-resisted|p1a: Republican\n|-damage|p1a: Republican|70\/100\n|-sidestart|p1: TheZilla07|Spikes\n|\n|-heal|p1a: Republican|76\/100|[from] item: Leftovers\n|upkeep\n|turn|18\n|\n|t:|1700519129\n|switch|p2a: Great Tusk|Great Tusk|100\/100\n|-damage|p2a: Great Tusk|98\/100|[from] Stealth Rock\n|move|p1a: Republican|Rapid Spin|p2a: Great Tusk\n|-damage|p2a: Great Tusk|87\/100\n|-boost|p1a: Republican|spe|1\n|-sideend|p1: TheZilla07|Spikes|[from] move: Rapid Spin|[of] p1a: Republican\n|\n|-heal|p1a: Republican|82\/100|[from] item: Leftovers\n|-heal|p2a: Great Tusk|93\/100|[from] item: Leftovers\n|upkeep\n|turn|19\n|\n|t:|1700519139\n|move|p1a: Republican|Ice Spinner|p2a: Great Tusk\n|-supereffective|p2a: Great Tusk\n|-damage|p2a: Great Tusk|59\/100\n|move|p2a: Great Tusk|Rapid Spin|p1a: Republican\n|-damage|p1a: Republican|71\/100\n|-boost|p2a: Great Tusk|spe|1\n|-sideend|p2: genesis7|Stealth Rock|[from] move: Rapid Spin|[of] p2a: Great Tusk\n|\n|-heal|p1a: Republican|78\/100|[from] item: Leftovers\n|-heal|p2a: Great Tusk|65\/100|[from] item: Leftovers\n|upkeep\n|turn|20\n|\n|t:|1700519149\n|-end|p1a: Republican|Protosynthesis|[silent]\n|switch|p1a: Donbozo|Dondozo, F|82\/100\n|move|p2a: Great Tusk|Bulk Up|p2a: Great Tusk\n|-boost|p2a: Great Tusk|atk|1\n|-boost|p2a: Great Tusk|def|1\n|\n|-heal|p2a: Great Tusk|71\/100|[from] item: Leftovers\n|-heal|p1a: Donbozo|89\/100|[from] item: Leftovers\n|upkeep\n|turn|21\n|\n|t:|1700519158\n|-end|p2a: Great Tusk|Protosynthesis|[silent]\n|switch|p2a: Rillaboom|Rillaboom, M|89\/100\n|-fieldstart|move: Grassy Terrain|[from] ability: Grassy Surge|[of] p2a: Rillaboom\n|move|p1a: Donbozo|Wave Crash|p2a: Rillaboom\n|-resisted|p2a: Rillaboom\n|-crit|p2a: Rillaboom\n|-damage|p2a: Rillaboom|57\/100\n|-damage|p1a: Donbozo|81\/100|[from] Recoil\n|\n|-heal|p2a: Rillaboom|63\/100|[from] Grassy Terrain\n|-heal|p1a: Donbozo|88\/100|[from] Grassy Terrain\n|-heal|p1a: Donbozo|94\/100|[from] item: Leftovers\n|upkeep\n|turn|22\n|\n|t:|1700519201\n|move|p2a: Rillaboom|U-turn|p1a: Donbozo\n|-damage|p1a: Donbozo|78\/100\n|\n|t:|1700519227\n|switch|p2a: Heatran|Heatran, M|69\/100|[from] U-turn\n|move|p1a: Donbozo|Curse|p1a: Donbozo\n|-unboost|p1a: Donbozo|spe|1\n|-boost|p1a: Donbozo|atk|1\n|-boost|p1a: Donbozo|def|1\n|\n|-heal|p2a: Heatran|75\/100|[from] Grassy Terrain\n|-heal|p1a: Donbozo|84\/100|[from] Grassy Terrain\n|-heal|p1a: Donbozo|90\/100|[from] item: Leftovers\n|upkeep\n|turn|23\n|\n|t:|1700519237\n|switch|p2a: Rillaboom|Rillaboom, M|63\/100\n|move|p1a: Donbozo|Wave Crash|p2a: Rillaboom\n|-resisted|p2a: Rillaboom\n|-damage|p2a: Rillaboom|27\/100\n|-damage|p1a: Donbozo|82\/100|[from] Recoil\n|\n|-heal|p2a: Rillaboom|34\/100|[from] Grassy Terrain\n|-heal|p1a: Donbozo|88\/100|[from] Grassy Terrain\n|-heal|p1a: Donbozo|95\/100|[from] item: Leftovers\n|upkeep\n|turn|24\n|\n|t:|1700519252\n|move|p2a: Rillaboom|Wood Hammer|p1a: Donbozo\n|-supereffective|p1a: Donbozo\n|-crit|p1a: Donbozo\n|-damage|p1a: Donbozo|0 fnt\n|faint|p1a: Donbozo\n|-damage|p2a: Rillaboom|0 fnt|[from] Recoil\n|faint|p2a: Rillaboom\n|\n|upkeep\n|\n|t:|1700519270\n|switch|p2a: Dragonite|Dragonite, F|100\/100\n|switch|p1a: Republican|Great Tusk|78\/100\n|turn|25\n|\n|t:|1700519284\n|move|p1a: Republican|Rapid Spin|p2a: Dragonite\n|-damage|p2a: Dragonite|91\/100\n|-boost|p1a: Republican|spe|1\n|move|p2a: Dragonite|Dragon Dance|p2a: Dragonite\n|-boost|p2a: Dragonite|atk|1\n|-boost|p2a: Dragonite|spe|1\n|\n|-heal|p1a: Republican|84\/100|[from] Grassy Terrain\n|-heal|p1a: Republican|90\/100|[from] item: Leftovers\n|-fieldend|move: Grassy Terrain\n|upkeep\n|turn|26\n|\n|t:|1700519293\n|move|p1a: Republican|Ice Spinner|p2a: Dragonite\n|-supereffective|p2a: Dragonite\n|-damage|p2a: Dragonite|0 fnt\n|faint|p2a: Dragonite\n|\n|-heal|p1a: Republican|96\/100|[from] item: Leftovers\n|upkeep\n|\n|t:|1700519297\n|switch|p2a: Great Tusk|Great Tusk|71\/100\n|turn|27\n|\n|t:|1700519307\n|move|p1a: Republican|Ice Spinner|p2a: Great Tusk\n|-supereffective|p2a: Great Tusk\n|-damage|p2a: Great Tusk|39\/100\n|move|p2a: Great Tusk|Bulk Up|p2a: Great Tusk\n|-boost|p2a: Great Tusk|atk|1\n|-boost|p2a: Great Tusk|def|1\n|\n|-heal|p1a: Republican|100\/100|[from] item: Leftovers\n|-heal|p2a: Great Tusk|45\/100|[from] item: Leftovers\n|upkeep\n|turn|28\n|\n|t:|1700519314\n|-end|p1a: Republican|Protosynthesis|[silent]\n|switch|p1a: Harambe|Rillaboom, F|100\/100\n|-fieldstart|move: Grassy Terrain|[from] ability: Grassy Surge|[of] p1a: Harambe\n|move|p2a: Great Tusk|Rapid Spin|p1a: Harambe\n|-damage|p1a: Harambe|79\/100\n|-boost|p2a: Great Tusk|spe|1\n|\n|-heal|p2a: Great Tusk|51\/100|[from] Grassy Terrain\n|-heal|p2a: Great Tusk|57\/100|[from] item: Leftovers\n|-heal|p1a: Harambe|85\/100|[from] Grassy Terrain\n|upkeep\n|turn|29\n|\n|t:|1700519323\n|move|p1a: Harambe|Grassy Glide|p2a: Great Tusk\n|-supereffective|p2a: Great Tusk\n|-damage|p2a: Great Tusk|8\/100\n|move|p2a: Great Tusk|Ice Spinner|p1a: Harambe\n|-supereffective|p1a: Harambe\n|-damage|p1a: Harambe|15\/100\n|-fieldend|move: Grassy Terrain\n|\n|-heal|p2a: Great Tusk|14\/100|[from] item: Leftovers\n|upkeep\n|turn|30\n|\n|t:|1700519333\n|switch|p1a: The Biggest Bird|Fezandipiti, M|57\/100\n|move|p2a: Great Tusk|Ice Spinner|p1a: The Biggest Bird\n|-damage|p1a: The Biggest Bird|31\/100\n|\n|-heal|p2a: Great Tusk|20\/100|[from] item: Leftovers\n|upkeep\n|turn|31\n|\n|t:|1700519345\n|move|p2a: Great Tusk|Earthquake|p1a: The Biggest Bird\n|-supereffective|p1a: The Biggest Bird\n|-damage|p1a: The Biggest Bird|0 fnt\n|faint|p1a: The Biggest Bird\n|\n|-heal|p2a: Great Tusk|26\/100|[from] item: Leftovers\n|upkeep\n|\n|t:|1700519347\n|switch|p1a: Harambe|Rillaboom, F|15\/100\n|-fieldstart|move: Grassy Terrain|[from] ability: Grassy Surge|[of] p1a: Harambe\n|turn|32\n|\n|t:|1700519350\n|-end|p2a: Great Tusk|Protosynthesis|[silent]\n|switch|p2a: Heatran|Heatran, M|75\/100\n|move|p1a: Harambe|Grassy Glide|p2a: Heatran\n|-resisted|p2a: Heatran\n|-damage|p2a: Heatran|62\/100\n|\n|-heal|p1a: Harambe|21\/100|[from] Grassy Terrain\n|-heal|p2a: Heatran|68\/100|[from] Grassy Terrain\n|upkeep\n|turn|33\n|\n|t:|1700519361\n|switch|p1a: Trans Rights|Heatran, M, tera:Grass|99\/100\n|move|p2a: Heatran|Earth Power|p1a: Trans Rights\n|-resisted|p1a: Trans Rights\n|-damage|p1a: Trans Rights|91\/100\n|\n|-heal|p1a: Trans Rights|97\/100|[from] Grassy Terrain\n|-heal|p1a: Trans Rights|100\/100|[from] item: Leftovers\n|-heal|p2a: Heatran|75\/100|[from] Grassy Terrain\n|upkeep\n|turn|34\n|\n|t:|1700519368\n|move|p1a: Trans Rights|Earth Power|p2a: Heatran\n|-supereffective|p2a: Heatran\n|-damage|p2a: Heatran|6\/100\n|move|p2a: Heatran|Stealth Rock|p1a: Trans Rights\n|-sidestart|p1: TheZilla07|move: Stealth Rock\n|\n|-heal|p2a: Heatran|12\/100|[from] Grassy Terrain\n|upkeep\n|turn|35\n|\n|t:|1700519387\n|move|p1a: Trans Rights|Earth Power|p2a: Heatran\n|-supereffective|p2a: Heatran\n|-crit|p2a: Heatran\n|-damage|p2a: Heatran|0 fnt\n|faint|p2a: Heatran\n|\n|upkeep\n|\n|t:|1700519390\n|switch|p2a: Samurott|Samurott-Hisui, F, tera:Poison|73\/100\n|turn|36\n|\n|t:|1700519400\n|move|p1a: Trans Rights|Earth Power|p2a: Samurott\n|-supereffective|p2a: Samurott\n|-damage|p2a: Samurott|30\/100\n|move|p2a: Samurott|Ceaseless Edge|p1a: Trans Rights\n|-damage|p1a: Trans Rights|59\/100\n|-sidestart|p1: TheZilla07|Spikes\n|\n|-heal|p1a: Trans Rights|65\/100|[from] Grassy Terrain\n|-heal|p1a: Trans Rights|71\/100|[from] item: Leftovers\n|-heal|p2a: Samurott|36\/100|[from] Grassy Terrain\n|-fieldend|move: Grassy Terrain\n|upkeep\n|turn|37\n|\n|t:|1700519414\n|move|p2a: Samurott|Sucker Punch|p1a: Trans Rights\n|-damage|p1a: Trans Rights|39\/100\n|move|p1a: Trans Rights|Earth Power|p2a: Samurott\n|-supereffective|p2a: Samurott\n|-damage|p2a: Samurott|0 fnt\n|faint|p2a: Samurott\n|\n|-heal|p1a: Trans Rights|45\/100|[from] item: Leftovers\n|upkeep\n|\n|t:|1700519418\n|switch|p2a: Great Tusk|Great Tusk|26\/100\n|turn|38\n|\n|t:|1700519422\n|move|p2a: Great Tusk|Ice Spinner|p1a: Trans Rights\n|-supereffective|p1a: Trans Rights\n|-damage|p1a: Trans Rights|7\/100\n|move|p1a: Trans Rights|Earth Power|p2a: Great Tusk\n|-damage|p2a: Great Tusk|0 fnt\n|faint|p2a: Great Tusk\n|-end|p2a: Great Tusk|Protosynthesis|[silent]\n|\n|win|TheZilla07\n|raw|TheZilla07's rating: 1688 &rarr; <strong>1716<\/strong><br \/>(+28 for winning)\n|raw|genesis7's rating: 1830 &rarr; <strong>1802<\/strong><br \/>(-28 for losing)\n|l|\u2606genesis7\n|c|\u2606TheZilla07|gg\n","uploadtime":1700519436,"views":11,"p1id":"thezilla07","p2id":"genesis7","formatid":"gen9ou","rating":1716,"private":0,"password":""}