{"id":"gen9ou-1991768026","p1":"HNC1","p2":"HugeChungusMan","format":"[Gen 9] OU","log":"|j|\u2606HNC1\n|j|\u2606HugeChungusMan\n|t:|1700113774\n|gametype|singles\n|player|p1|HNC1|unknownf|1151\n|player|p2|HugeChungusMan|wattson|1076\n|teamsize|p1|6\n|teamsize|p2|6\n|gen|9\n|tier|[Gen 9] OU\n|rated|\n|rule|Sleep Clause Mod: Limit one foe put to sleep\n|rule|Species Clause: Limit one of each Pok\u00e9mon\n|rule|OHKO Clause: OHKO moves are banned\n|rule|Evasion Items Clause: Evasion items are banned\n|rule|Evasion Moves Clause: Evasion moves are banned\n|rule|Endless Battle Clause: Forcing endless battles is banned\n|rule|HP Percentage Mod: HP is shown in percentages\n|clearpoke\n|poke|p1|Walking Wake|\n|poke|p1|Sneasler, F|\n|poke|p1|Torkoal, M|\n|poke|p1|Sandy Shocks|\n|poke|p1|Grimmsnarl, M|\n|poke|p1|Clodsire, M|\n|poke|p2|Breloom, M|\n|poke|p2|Jirachi|\n|poke|p2|Salamence, M|\n|poke|p2|Gardevoir, M|\n|poke|p2|Milotic, M|\n|poke|p2|Sableye, F|\n|teampreview\n|c|\u2606HNC1|gg\n|c|\u2606HugeChungusMan|peepee\n|\n|t:|1700113795\n|start\n|switch|p1a: Clodsire|Clodsire, M|100\/100\n|switch|p2a: Fairy?|Jirachi|100\/100\n|turn|1\n|\n|t:|1700113807\n|move|p2a: Fairy?|Doom Desire|p1a: Clodsire\n|-start|p2a: Fairy?|Doom Desire\n|move|p1a: Clodsire|Toxic Spikes|p2a: Fairy?\n|-sidestart|p2: HugeChungusMan|move: Toxic Spikes\n|\n|upkeep\n|turn|2\n|\n|t:|1700113814\n|move|p2a: Fairy?|Future Sight||[still]\n|-fail|p2a: Fairy?\n|move|p1a: Clodsire|Toxic Spikes|p2a: Fairy?\n|-sidestart|p2: HugeChungusMan|move: Toxic Spikes\n|\n|upkeep\n|turn|3\n|\n|t:|1700113822\n|move|p2a: Fairy?|U-turn|p1a: Clodsire\n|-resisted|p1a: Clodsire\n|-damage|p1a: Clodsire|93\/100\n|-damage|p2a: Fairy?|91\/100|[from] item: Life Orb\n|\n|t:|1700113829\n|switch|p2a: Shroomasaur|Breloom, M, shiny|100\/100|[from] U-turn\n|-status|p2a: Shroomasaur|tox\n|move|p1a: Clodsire|Spikes|p2a: Shroomasaur\n|-sidestart|p2: HugeChungusMan|Spikes\n|\n|-end|p1a: Clodsire|move: Doom Desire\n|-damage|p1a: Clodsire|57\/100\n|-heal|p1a: Clodsire|63\/100|[from] item: Black Sludge\n|upkeep\n|turn|4\n|\n|t:|1700113844\n|move|p2a: Shroomasaur|Leech Seed|p1a: Clodsire\n|-start|p1a: Clodsire|move: Leech Seed\n|move|p1a: Clodsire|Poison Jab|p2a: Shroomasaur\n|-supereffective|p2a: Shroomasaur\n|-damage|p2a: Shroomasaur|63\/100 tox\n|\n|-heal|p1a: Clodsire|70\/100|[from] item: Black Sludge\n|-damage|p1a: Clodsire|57\/100|[from] Leech Seed|[of] p2a: Shroomasaur\n|-heal|p2a: Shroomasaur|81\/100 tox|[silent]\n|-heal|p2a: Shroomasaur|94\/100 tox|[from] ability: Poison Heal\n|upkeep\n|turn|5\n|\n|t:|1700113857\n|move|p2a: Shroomasaur|Substitute|p2a: Shroomasaur\n|-start|p2a: Shroomasaur|Substitute\n|-damage|p2a: Shroomasaur|69\/100 tox\n|move|p1a: Clodsire|Spikes|p2a: Shroomasaur\n|-sidestart|p2: HugeChungusMan|Spikes\n|\n|-heal|p1a: Clodsire|63\/100|[from] item: Black Sludge\n|-damage|p1a: Clodsire|51\/100|[from] Leech Seed|[of] p2a: Shroomasaur\n|-heal|p2a: Shroomasaur|87\/100 tox|[silent]\n|-heal|p2a: Shroomasaur|99\/100 tox|[from] ability: Poison Heal\n|upkeep\n|turn|6\n|\n|t:|1700113872\n|move|p2a: Shroomasaur|Drain Punch|p1a: Clodsire\n|-resisted|p1a: Clodsire\n|-damage|p1a: Clodsire|38\/100\n|-heal|p2a: Shroomasaur|100\/100 tox|[from] drain|[of] p1a: Clodsire\n|move|p1a: Clodsire|Spikes|p2a: Shroomasaur\n|-sidestart|p2: HugeChungusMan|Spikes\n|\n|-heal|p1a: Clodsire|44\/100|[from] item: Black Sludge\n|-damage|p1a: Clodsire|31\/100|[from] Leech Seed|[of] p2a: Shroomasaur\n|upkeep\n|turn|7\n|\n|t:|1700113885\n|switch|p1a: Torkoal|Torkoal, M|100\/100\n|-weather|SunnyDay|[from] ability: Drought|[of] p1a: Torkoal\n|move|p2a: Shroomasaur|Spore|p1a: Torkoal\n|-status|p1a: Torkoal|slp|[from] move: Spore\n|\n|-weather|SunnyDay|[upkeep]\n|upkeep\n|turn|8\n|\n|t:|1700113893\n|move|p2a: Shroomasaur|Leech Seed|p1a: Torkoal\n|-start|p1a: Torkoal|move: Leech Seed\n|cant|p1a: Torkoal|slp\n|\n|-weather|SunnyDay|[upkeep]\n|-damage|p1a: Torkoal|88\/100 slp|[from] Leech Seed|[of] p2a: Shroomasaur\n|upkeep\n|turn|9\n|\n|t:|1700113900\n|move|p2a: Shroomasaur|Drain Punch|p1a: Torkoal\n|-damage|p1a: Torkoal|65\/100 slp\n|cant|p1a: Torkoal|slp\n|\n|-weather|SunnyDay|[upkeep]\n|-damage|p1a: Torkoal|53\/100 slp|[from] Leech Seed|[of] p2a: Shroomasaur\n|upkeep\n|turn|10\n|\n|t:|1700113908\n|move|p2a: Shroomasaur|Drain Punch|p1a: Torkoal\n|-damage|p1a: Torkoal|33\/100 slp\n|-curestatus|p1a: Torkoal|slp|[msg]\n|move|p1a: Torkoal|Stealth Rock|p2a: Shroomasaur\n|-sidestart|p2: HugeChungusMan|move: Stealth Rock\n|\n|-weather|SunnyDay|[upkeep]\n|-damage|p1a: Torkoal|21\/100|[from] Leech Seed|[of] p2a: Shroomasaur\n|upkeep\n|turn|11\n|\n|t:|1700113915\n|move|p2a: Shroomasaur|Drain Punch|p1a: Torkoal\n|-damage|p1a: Torkoal|0 fnt\n|faint|p1a: Torkoal\n|\n|-weather|SunnyDay|[upkeep]\n|upkeep\n|\n|t:|1700113926\n|switch|p1a: Grimmsnarl|Grimmsnarl, M|100\/100\n|turn|12\n|\n|t:|1700113934\n|move|p1a: Grimmsnarl|Reflect|p1a: Grimmsnarl\n|-sidestart|p1: HNC1|Reflect\n|move|p2a: Shroomasaur|Leech Seed|p1a: Grimmsnarl\n|-start|p1a: Grimmsnarl|move: Leech Seed\n|\n|-weather|SunnyDay|[upkeep]\n|-damage|p1a: Grimmsnarl|88\/100|[from] Leech Seed|[of] p2a: Shroomasaur\n|upkeep\n|turn|13\n|\n|t:|1700113940\n|switch|p1a: Walking Wake|Walking Wake|100\/100\n|-activate|p1a: Walking Wake|ability: Protosynthesis\n|-start|p1a: Walking Wake|protosynthesisspa\n|move|p2a: Shroomasaur|Spore|p1a: Walking Wake\n|-status|p1a: Walking Wake|slp|[from] move: Spore\n|\n|-weather|SunnyDay|[upkeep]\n|upkeep\n|turn|14\n|\n|t:|1700113947\n|cant|p1a: Walking Wake|slp\n|move|p2a: Shroomasaur|Leech Seed|p1a: Walking Wake\n|-start|p1a: Walking Wake|move: Leech Seed\n|\n|-weather|none\n|-end|p1a: Walking Wake|Protosynthesis\n|-damage|p1a: Walking Wake|88\/100 slp|[from] Leech Seed|[of] p2a: Shroomasaur\n|upkeep\n|turn|15\n|\n|t:|1700113961\n|cant|p1a: Walking Wake|slp\n|move|p2a: Shroomasaur|Drain Punch|p1a: Walking Wake\n|-damage|p1a: Walking Wake|72\/100 slp\n|\n|-damage|p1a: Walking Wake|60\/100 slp|[from] Leech Seed|[of] p2a: Shroomasaur\n|upkeep\n|turn|16\n|\n|t:|1700113968\n|cant|p1a: Walking Wake|slp\n|move|p2a: Shroomasaur|Drain Punch|p1a: Walking Wake\n|-damage|p1a: Walking Wake|46\/100 slp\n|\n|-damage|p1a: Walking Wake|34\/100 slp|[from] Leech Seed|[of] p2a: Shroomasaur\n|upkeep\n|turn|17\n|\n|t:|1700113975\n|-curestatus|p1a: Walking Wake|slp|[msg]\n|move|p1a: Walking Wake|Flamethrower|p2a: Shroomasaur\n|-supereffective|p2a: Shroomasaur\n|-end|p2a: Shroomasaur|Substitute\n|-damage|p1a: Walking Wake|24\/100|[from] item: Life Orb\n|move|p2a: Shroomasaur|Spore|p1a: Walking Wake\n|-status|p1a: Walking Wake|slp|[from] move: Spore\n|\n|-damage|p1a: Walking Wake|11\/100 slp|[from] Leech Seed|[of] p2a: Shroomasaur\n|upkeep\n|turn|18\n|\n|t:|1700113984\n|cant|p1a: Walking Wake|slp\n|move|p2a: Shroomasaur|Substitute|p2a: Shroomasaur\n|-start|p2a: Shroomasaur|Substitute\n|-damage|p2a: Shroomasaur|76\/100 tox\n|\n|-damage|p1a: Walking Wake|0 fnt|[from] Leech Seed|[of] p2a: Shroomasaur\n|-heal|p2a: Shroomasaur|89\/100 tox|[silent]\n|faint|p1a: Walking Wake\n|-end|p1a: Walking Wake|Protosynthesis|[silent]\n|-heal|p2a: Shroomasaur|100\/100 tox|[from] ability: Poison Heal\n|upkeep\n|\n|t:|1700113995\n|switch|p1a: Sneasler|Sneasler, F|100\/100\n|-item|p1a: Sneasler|Air Balloon\n|turn|19\n|\n|t:|1700114004\n|move|p1a: Sneasler|Dire Claw|p2a: Shroomasaur\n|-supereffective|p2a: Shroomasaur\n|-end|p2a: Shroomasaur|Substitute\n|move|p2a: Shroomasaur|Leech Seed|p1a: Sneasler\n|-start|p1a: Sneasler|move: Leech Seed\n|\n|-damage|p1a: Sneasler|88\/100|[from] Leech Seed|[of] p2a: Shroomasaur\n|-sideend|p1: HNC1|Reflect\n|upkeep\n|turn|20\n|\n|t:|1700114013\n|move|p1a: Sneasler|Dire Claw|p2a: Shroomasaur\n|-supereffective|p2a: Shroomasaur\n|-damage|p2a: Shroomasaur|18\/100 tox\n|move|p2a: Shroomasaur|Spore|p1a: Sneasler\n|-status|p1a: Sneasler|slp|[from] move: Spore\n|\n|-damage|p1a: Sneasler|76\/100 slp|[from] Leech Seed|[of] p2a: Shroomasaur\n|-heal|p2a: Shroomasaur|31\/100 tox|[silent]\n|-heal|p2a: Shroomasaur|44\/100 tox|[from] ability: Poison Heal\n|upkeep\n|turn|21\n|\n|t:|1700114023\n|cant|p1a: Sneasler|slp\n|move|p2a: Shroomasaur|Substitute|p2a: Shroomasaur\n|-start|p2a: Shroomasaur|Substitute\n|-damage|p2a: Shroomasaur|19\/100 tox\n|\n|-damage|p1a: Sneasler|63\/100 slp|[from] Leech Seed|[of] p2a: Shroomasaur\n|-heal|p2a: Shroomasaur|32\/100 tox|[silent]\n|-heal|p2a: Shroomasaur|45\/100 tox|[from] ability: Poison Heal\n|upkeep\n|turn|22\n|\n|t:|1700114036\n|-curestatus|p1a: Sneasler|slp|[msg]\n|move|p1a: Sneasler|Dire Claw|p2a: Shroomasaur\n|-supereffective|p2a: Shroomasaur\n|-end|p2a: Shroomasaur|Substitute\n|move|p2a: Shroomasaur|Spore|p1a: Sneasler\n|-status|p1a: Sneasler|slp|[from] move: Spore\n|\n|-damage|p1a: Sneasler|51\/100 slp|[from] Leech Seed|[of] p2a: Shroomasaur\n|-heal|p2a: Shroomasaur|58\/100 tox|[silent]\n|-heal|p2a: Shroomasaur|70\/100 tox|[from] ability: Poison Heal\n|upkeep\n|turn|23\n|\n|t:|1700114047\n|cant|p1a: Sneasler|slp\n|move|p2a: Shroomasaur|Substitute|p2a: Shroomasaur\n|-start|p2a: Shroomasaur|Substitute\n|-damage|p2a: Shroomasaur|46\/100 tox\n|\n|-damage|p1a: Sneasler|39\/100 slp|[from] Leech Seed|[of] p2a: Shroomasaur\n|-heal|p2a: Shroomasaur|59\/100 tox|[silent]\n|-heal|p2a: Shroomasaur|71\/100 tox|[from] ability: Poison Heal\n|upkeep\n|turn|24\n|\n|t:|1700114060\n|cant|p1a: Sneasler|slp\n|move|p2a: Shroomasaur|Drain Punch|p1a: Sneasler\n|-resisted|p1a: Sneasler\n|-crit|p1a: Sneasler\n|-damage|p1a: Sneasler|0 fnt\n|-heal|p2a: Shroomasaur|92\/100 tox|[from] drain|[of] p1a: Sneasler\n|-enditem|p1a: Sneasler|Air Balloon\n|faint|p1a: Sneasler\n|\n|-heal|p2a: Shroomasaur|100\/100 tox|[from] ability: Poison Heal\n|upkeep\n|\n|t:|1700114071\n|switch|p1a: Sandy Shocks|Sandy Shocks|100\/100\n|turn|25\n|\n|t:|1700114080\n|move|p1a: Sandy Shocks|Power Gem|p2a: Shroomasaur\n|-resisted|p2a: Shroomasaur\n|-end|p2a: Shroomasaur|Substitute\n|move|p2a: Shroomasaur|Spore|p1a: Sandy Shocks\n|-status|p1a: Sandy Shocks|slp|[from] move: Spore\n|\n|upkeep\n|turn|26\n|\n|t:|1700114087\n|cant|p1a: Sandy Shocks|slp\n|move|p2a: Shroomasaur|Leech Seed|p1a: Sandy Shocks\n|-start|p1a: Sandy Shocks|move: Leech Seed\n|\n|-damage|p1a: Sandy Shocks|88\/100 slp|[from] Leech Seed|[of] p2a: Shroomasaur\n|upkeep\n|turn|27\n|\n|t:|1700114096\n|cant|p1a: Sandy Shocks|slp\n|move|p2a: Shroomasaur|Substitute|p2a: Shroomasaur\n|-start|p2a: Shroomasaur|Substitute\n|-damage|p2a: Shroomasaur|76\/100 tox\n|\n|-damage|p1a: Sandy Shocks|76\/100 slp|[from] Leech Seed|[of] p2a: Shroomasaur\n|-heal|p2a: Shroomasaur|87\/100 tox|[silent]\n|-heal|p2a: Shroomasaur|99\/100 tox|[from] ability: Poison Heal\n|upkeep\n|turn|28\n|\n|t:|1700114104\n|cant|p1a: Sandy Shocks|slp\n|move|p2a: Shroomasaur|Spore|p1a: Sandy Shocks\n|-fail|p1a: Sandy Shocks|slp\n|\n|-damage|p1a: Sandy Shocks|64\/100 slp|[from] Leech Seed|[of] p2a: Shroomasaur\n|-heal|p2a: Shroomasaur|100\/100 tox|[silent]\n|upkeep\n|turn|29\n|\n|t:|1700114111\n|-curestatus|p1a: Sandy Shocks|slp|[msg]\n|move|p1a: Sandy Shocks|Power Gem|p2a: Shroomasaur\n|-resisted|p2a: Shroomasaur\n|-end|p2a: Shroomasaur|Substitute\n|move|p2a: Shroomasaur|Leech Seed||[still]\n|-fail|p2a: Shroomasaur\n|\n|-damage|p1a: Sandy Shocks|52\/100|[from] Leech Seed|[of] p2a: Shroomasaur\n|upkeep\n|turn|30\n|\n|t:|1700114123\n|move|p1a: Sandy Shocks|Power Gem|p2a: Shroomasaur\n|-resisted|p2a: Shroomasaur\n|-damage|p2a: Shroomasaur|65\/100 tox\n|move|p2a: Shroomasaur|Spore|p1a: Sandy Shocks\n|-status|p1a: Sandy Shocks|slp|[from] move: Spore\n|\n|-damage|p1a: Sandy Shocks|39\/100 slp|[from] Leech Seed|[of] p2a: Shroomasaur\n|-heal|p2a: Shroomasaur|77\/100 tox|[silent]\n|-heal|p2a: Shroomasaur|89\/100 tox|[from] ability: Poison Heal\n|upkeep\n|turn|31\n|\n|t:|1700114132\n|cant|p1a: Sandy Shocks|slp\n|move|p2a: Shroomasaur|Substitute|p2a: Shroomasaur\n|-start|p2a: Shroomasaur|Substitute\n|-damage|p2a: Shroomasaur|64\/100 tox\n|\n|-damage|p1a: Sandy Shocks|27\/100 slp|[from] Leech Seed|[of] p2a: Shroomasaur\n|-heal|p2a: Shroomasaur|76\/100 tox|[silent]\n|-heal|p2a: Shroomasaur|88\/100 tox|[from] ability: Poison Heal\n|upkeep\n|turn|32\n|-message|HNC1 forfeited.\n|\n|win|HugeChungusMan\n|raw|HNC1's rating: 1151 &rarr; <strong>1121<\/strong><br \/>(-30 for losing)\n|raw|HugeChungusMan's rating: 1076 &rarr; <strong>1111<\/strong><br \/>(+35 for winning)\n|l|\u2606HNC1\n","uploadtime":1700114149,"views":43,"p1id":"hnc1","p2id":"hugechungusman","formatid":"gen9ou","rating":1111,"private":0,"password":""}