{"id":"gen9ou-1996814529","p1":"andy1510","p2":"Ev_Evan","format":"[Gen 9] OU","log":"|j|\u2606andy1510\n|j|\u2606Ev_Evan\n|inactive|Battle timer is ON: inactive players will automatically lose when time's up.\n|t:|1700729720\n|gametype|singles\n|player|p1|andy1510|youngster-gen4dp|\n|player|p2|Ev_Evan|volkner|\n|teamsize|p1|6\n|teamsize|p2|6\n|gen|9\n|tier|[Gen 9] OU\n|rated|Tournament battle\n|rule|Sleep Clause Mod: Limit one foe put to sleep\n|rule|Species Clause: Limit one of each Pok\u00e9mon\n|rule|OHKO Clause: OHKO moves are banned\n|rule|Evasion Items Clause: Evasion items are banned\n|rule|Evasion Moves Clause: Evasion moves are banned\n|rule|Endless Battle Clause: Forcing endless battles is banned\n|rule|HP Percentage Mod: HP is shown in percentages\n|clearpoke\n|poke|p1|Clodsire, F|\n|poke|p1|Alomomola, M|\n|poke|p1|Goodra-Hisui, F|\n|poke|p1|Cyclizar, M|\n|poke|p1|Skeledirge, F|\n|poke|p1|Mamoswine, F|\n|poke|p2|Ribombee, M|\n|poke|p2|Garganacl, M|\n|poke|p2|Iron Valiant|\n|poke|p2|Corviknight, M|\n|poke|p2|Dragapult, F|\n|poke|p2|Kingambit, M|\n|teampreview\n|j|*Lady Monita \u2746\n|j| BB-8-NU\n|inactive|Ev_Evan also wants the timer to be on.\n|c|\u2606Ev_Evan|glhf\n|\n|t:|1700729727\n|start\n|switch|p1a: Goodra|Goodra-Hisui, F|100\/100\n|switch|p2a: Faye|Ribombee, M|100\/100\n|turn|1\n|c|\u2606andy1510|Thank you, you too.\n|\n|t:|1700729733\n|move|p2a: Faye|Sticky Web|p1a: Goodra\n|-sidestart|p1: andy1510|move: Sticky Web\n|move|p1a: Goodra|Flash Cannon|p2a: Faye\n|-supereffective|p2a: Faye\n|-enditem|p2a: Faye|Focus Sash\n|-damage|p2a: Faye|1\/100\n|\n|upkeep\n|turn|2\n|\n|t:|1700729737\n|move|p2a: Faye|Moonblast|p1a: Goodra\n|-damage|p1a: Goodra|82\/100\n|-unboost|p1a: Goodra|spa|1\n|move|p1a: Goodra|Flash Cannon|p2a: Faye\n|-supereffective|p2a: Faye\n|-damage|p2a: Faye|0 fnt\n|faint|p2a: Faye\n|\n|upkeep\n|\n|t:|1700729742\n|switch|p2a: THE WALL|Garganacl, M|100\/100\n|turn|3\n|\n|t:|1700729752\n|switch|p1a: Cyclizar|Cyclizar, M|100\/100\n|-activate|p1a: Cyclizar|move: Sticky Web\n|-unboost|p1a: Cyclizar|spe|1\n|-terastallize|p2a: THE WALL|Water\n|move|p2a: THE WALL|Salt Cure|p1a: Cyclizar\n|-damage|p1a: Cyclizar|76\/100\n|-start|p1a: Cyclizar|Salt Cure\n|\n|-damage|p1a: Cyclizar|63\/100|[from] Salt Cure\n|upkeep\n|turn|4\n|\n|t:|1700729768\n|switch|p1a: Alomomola|Alomomola, M|100\/100\n|-activate|p1a: Alomomola|move: Sticky Web\n|-unboost|p1a: Alomomola|spe|1\n|move|p2a: THE WALL|Iron Defense|p2a: THE WALL\n|-boost|p2a: THE WALL|def|2\n|\n|upkeep\n|turn|5\n|\n|t:|1700729772\n|move|p2a: THE WALL|Salt Cure|p1a: Alomomola\n|-damage|p1a: Alomomola|94\/100\n|-start|p1a: Alomomola|Salt Cure\n|move|p1a: Alomomola|Flip Turn|p2a: THE WALL\n|-resisted|p2a: THE WALL\n|-crit|p2a: THE WALL\n|-damage|p2a: THE WALL|92\/100\n|\n|t:|1700729775\n|switch|p1a: Clodsire|Clodsire, F|100\/100|[from] Flip Turn\n|-activate|p1a: Clodsire|move: Sticky Web\n|-unboost|p1a: Clodsire|spe|1\n|\n|-heal|p2a: THE WALL|98\/100|[from] item: Leftovers\n|upkeep\n|turn|6\n|\n|t:|1700729782\n|move|p2a: THE WALL|Iron Defense|p2a: THE WALL\n|-boost|p2a: THE WALL|def|2\n|move|p1a: Clodsire|Curse|p1a: Clodsire\n|-unboost|p1a: Clodsire|spe|1\n|-boost|p1a: Clodsire|atk|1\n|-boost|p1a: Clodsire|def|1\n|\n|-heal|p2a: THE WALL|100\/100|[from] item: Leftovers\n|upkeep\n|turn|7\n|inactive|Ev_Evan has 120 seconds left.\n|\n|t:|1700729839\n|move|p2a: THE WALL|Salt Cure|p1a: Clodsire\n|-resisted|p1a: Clodsire\n|-damage|p1a: Clodsire|96\/100\n|-start|p1a: Clodsire|Salt Cure\n|move|p1a: Clodsire|Curse|p1a: Clodsire\n|-unboost|p1a: Clodsire|spe|1\n|-boost|p1a: Clodsire|atk|1\n|-boost|p1a: Clodsire|def|1\n|\n|-heal|p1a: Clodsire|100\/100|[from] item: Leftovers\n|-damage|p1a: Clodsire|88\/100|[from] Salt Cure\n|upkeep\n|turn|8\n|\n|t:|1700729846\n|move|p2a: THE WALL|Iron Defense|p2a: THE WALL\n|-boost|p2a: THE WALL|def|2\n|move|p1a: Clodsire|Curse|p1a: Clodsire\n|-unboost|p1a: Clodsire|spe|1\n|-boost|p1a: Clodsire|atk|1\n|-boost|p1a: Clodsire|def|1\n|\n|-heal|p1a: Clodsire|94\/100|[from] item: Leftovers\n|-damage|p1a: Clodsire|82\/100|[from] Salt Cure\n|upkeep\n|turn|9\n|\n|t:|1700729850\n|move|p2a: THE WALL|Body Press|p1a: Clodsire\n|-resisted|p1a: Clodsire\n|-damage|p1a: Clodsire|77\/100\n|move|p1a: Clodsire|Earthquake|p2a: THE WALL\n|-damage|p2a: THE WALL|53\/100\n|\n|-heal|p2a: THE WALL|60\/100|[from] item: Leftovers\n|-heal|p1a: Clodsire|84\/100|[from] item: Leftovers\n|-damage|p1a: Clodsire|71\/100|[from] Salt Cure\n|upkeep\n|turn|10\n|\n|t:|1700729861\n|move|p2a: THE WALL|Salt Cure|p1a: Clodsire\n|-resisted|p1a: Clodsire\n|-damage|p1a: Clodsire|69\/100\n|move|p1a: Clodsire|Recover|p1a: Clodsire\n|-heal|p1a: Clodsire|100\/100\n|\n|-heal|p2a: THE WALL|66\/100|[from] item: Leftovers\n|-damage|p1a: Clodsire|88\/100|[from] Salt Cure\n|upkeep\n|turn|11\n|\n|t:|1700729879\n|switch|p2a: Reginald|Corviknight, M|100\/100\n|-ability|p2a: Reginald|Pressure\n|move|p1a: Clodsire|Earthquake|p2a: Reginald\n|-immune|p2a: Reginald\n|\n|-heal|p1a: Clodsire|94\/100|[from] item: Leftovers\n|-damage|p1a: Clodsire|82\/100|[from] Salt Cure\n|upkeep\n|turn|12\n|\n|t:|1700729883\n|switch|p1a: Alomomola|Alomomola, M|100\/100\n|-activate|p1a: Alomomola|move: Sticky Web\n|-unboost|p1a: Alomomola|spe|1\n|move|p2a: Reginald|Brave Bird|p1a: Alomomola\n|-damage|p1a: Alomomola|81\/100\n|-damage|p2a: Reginald|92\/100|[from] Recoil\n|\n|-heal|p2a: Reginald|98\/100|[from] item: Leftovers\n|-heal|p1a: Alomomola|87\/100|[from] item: Leftovers\n|upkeep\n|turn|13\n|\n|t:|1700729888\n|move|p2a: Reginald|U-turn|p1a: Alomomola\n|-damage|p1a: Alomomola|79\/100\n|\n|t:|1700729891\n|switch|p2a: THE WALL|Garganacl, M, tera:Water|66\/100|[from] U-turn\n|move|p1a: Alomomola|Flip Turn|p2a: THE WALL\n|-resisted|p2a: THE WALL\n|-damage|p2a: THE WALL|60\/100\n|\n|t:|1700729895\n|switch|p1a: Cyclizar|Cyclizar, M|96\/100|[from] Flip Turn\n|-activate|p1a: Cyclizar|move: Sticky Web\n|-unboost|p1a: Cyclizar|spe|1\n|\n|-heal|p2a: THE WALL|66\/100|[from] item: Leftovers\n|upkeep\n|turn|14\n|\n|t:|1700729898\n|move|p1a: Cyclizar|Rapid Spin|p2a: THE WALL\n|-damage|p2a: THE WALL|51\/100\n|-boost|p1a: Cyclizar|spe|1\n|-sideend|p1: andy1510|Sticky Web|[from] move: Rapid Spin|[of] p1a: Cyclizar\n|move|p2a: THE WALL|Body Press|p1a: Cyclizar\n|-supereffective|p1a: Cyclizar\n|-damage|p1a: Cyclizar|19\/100\n|\n|-heal|p2a: THE WALL|57\/100|[from] item: Leftovers\n|upkeep\n|turn|15\n|\n|t:|1700729905\n|move|p1a: Cyclizar|U-turn|p2a: THE WALL\n|-damage|p2a: THE WALL|44\/100\n|\n|t:|1700729907\n|switch|p1a: Alomomola|Alomomola, M|100\/100|[from] U-turn\n|move|p2a: THE WALL|Salt Cure|p1a: Alomomola\n|-damage|p1a: Alomomola|93\/100\n|-start|p1a: Alomomola|Salt Cure\n|\n|-heal|p1a: Alomomola|99\/100|[from] item: Leftovers\n|-heal|p2a: THE WALL|50\/100|[from] item: Leftovers\n|-damage|p1a: Alomomola|74\/100|[from] Salt Cure\n|upkeep\n|turn|16\n|\n|t:|1700729911\n|move|p1a: Alomomola|Wish|p1a: Alomomola\n|move|p2a: THE WALL|Recover|p2a: THE WALL\n|-heal|p2a: THE WALL|99\/100\n|\n|-heal|p1a: Alomomola|81\/100|[from] item: Leftovers\n|-heal|p2a: THE WALL|100\/100|[from] item: Leftovers\n|-damage|p1a: Alomomola|56\/100|[from] Salt Cure\n|upkeep\n|turn|17\n|\n|t:|1700729914\n|move|p1a: Alomomola|Flip Turn|p2a: THE WALL\n|-resisted|p2a: THE WALL\n|-damage|p2a: THE WALL|95\/100\n|\n|t:|1700729918\n|switch|p1a: Clodsire|Clodsire, F|82\/100|[from] Flip Turn\n|move|p2a: THE WALL|Iron Defense|p2a: THE WALL\n|-boost|p2a: THE WALL|def|2\n|\n|-heal|p1a: Clodsire|100\/100|[from] move: Wish|[wisher] Alomomola\n|-heal|p2a: THE WALL|100\/100|[from] item: Leftovers\n|upkeep\n|turn|18\n|\n|t:|1700729922\n|move|p2a: THE WALL|Salt Cure|p1a: Clodsire\n|-resisted|p1a: Clodsire\n|-damage|p1a: Clodsire|94\/100\n|-start|p1a: Clodsire|Salt Cure\n|move|p1a: Clodsire|Curse|p1a: Clodsire\n|-unboost|p1a: Clodsire|spe|1\n|-boost|p1a: Clodsire|atk|1\n|-boost|p1a: Clodsire|def|1\n|\n|-heal|p1a: Clodsire|99\/100|[from] item: Leftovers\n|-damage|p1a: Clodsire|88\/100|[from] Salt Cure\n|upkeep\n|turn|19\n|\n|t:|1700729925\n|move|p2a: THE WALL|Iron Defense|p2a: THE WALL\n|-boost|p2a: THE WALL|def|2\n|move|p1a: Clodsire|Curse|p1a: Clodsire\n|-unboost|p1a: Clodsire|spe|1\n|-boost|p1a: Clodsire|atk|1\n|-boost|p1a: Clodsire|def|1\n|\n|-heal|p1a: Clodsire|94\/100|[from] item: Leftovers\n|-damage|p1a: Clodsire|82\/100|[from] Salt Cure\n|upkeep\n|turn|20\n|\n|t:|1700729929\n|move|p2a: THE WALL|Body Press|p1a: Clodsire\n|-resisted|p1a: Clodsire\n|-damage|p1a: Clodsire|77\/100\n|move|p1a: Clodsire|Curse|p1a: Clodsire\n|-unboost|p1a: Clodsire|spe|1\n|-boost|p1a: Clodsire|atk|1\n|-boost|p1a: Clodsire|def|1\n|\n|-heal|p1a: Clodsire|83\/100|[from] item: Leftovers\n|-damage|p1a: Clodsire|71\/100|[from] Salt Cure\n|upkeep\n|turn|21\n|\n|t:|1700729933\n|switch|p2a: Reginald|Corviknight, M|98\/100\n|-ability|p2a: Reginald|Pressure\n|move|p1a: Clodsire|Earthquake|p2a: Reginald\n|-immune|p2a: Reginald\n|\n|-heal|p2a: Reginald|100\/100|[from] item: Leftovers\n|-heal|p1a: Clodsire|77\/100|[from] item: Leftovers\n|-damage|p1a: Clodsire|64\/100|[from] Salt Cure\n|upkeep\n|turn|22\n|\n|t:|1700729937\n|switch|p1a: Skeledirge|Skeledirge, F|100\/100\n|move|p2a: Reginald|Brave Bird|p1a: Skeledirge\n|-damage|p1a: Skeledirge|74\/100\n|-damage|p2a: Reginald|92\/100|[from] Recoil\n|\n|-heal|p2a: Reginald|98\/100|[from] item: Leftovers\n|upkeep\n|turn|23\n|\n|t:|1700729945\n|switch|p2a: THE WALL|Garganacl, M, tera:Water|100\/100\n|move|p1a: Skeledirge|Torch Song|p2a: THE WALL\n|-resisted|p2a: THE WALL\n|-damage|p2a: THE WALL|90\/100\n|-boost|p1a: Skeledirge|spa|1\n|\n|-heal|p2a: THE WALL|97\/100|[from] item: Leftovers\n|upkeep\n|turn|24\n|\n|t:|1700729954\n|move|p1a: Skeledirge|Torch Song|p2a: THE WALL\n|-resisted|p2a: THE WALL\n|-damage|p2a: THE WALL|82\/100\n|-boost|p1a: Skeledirge|spa|1\n|move|p2a: THE WALL|Salt Cure|p1a: Skeledirge\n|-supereffective|p1a: Skeledirge\n|-damage|p1a: Skeledirge|52\/100\n|-start|p1a: Skeledirge|Salt Cure\n|\n|-heal|p2a: THE WALL|88\/100|[from] item: Leftovers\n|-damage|p1a: Skeledirge|40\/100|[from] Salt Cure\n|upkeep\n|turn|25\n|\n|t:|1700729962\n|switch|p1a: Alomomola|Alomomola, M|89\/100\n|move|p2a: THE WALL|Salt Cure|p1a: Alomomola\n|-damage|p1a: Alomomola|82\/100\n|-start|p1a: Alomomola|Salt Cure\n|\n|-heal|p1a: Alomomola|88\/100|[from] item: Leftovers\n|-heal|p2a: THE WALL|94\/100|[from] item: Leftovers\n|-damage|p1a: Alomomola|63\/100|[from] Salt Cure\n|upkeep\n|turn|26\n|\n|t:|1700729968\n|move|p1a: Alomomola|Wish|p1a: Alomomola\n|move|p2a: THE WALL|Iron Defense|p2a: THE WALL\n|-boost|p2a: THE WALL|def|2\n|\n|-heal|p1a: Alomomola|69\/100|[from] item: Leftovers\n|-heal|p2a: THE WALL|99\/100|[from] item: Leftovers\n|-damage|p1a: Alomomola|44\/100|[from] Salt Cure\n|upkeep\n|turn|27\n|\n|t:|1700729973\n|move|p1a: Alomomola|Flip Turn|p2a: THE WALL\n|-resisted|p2a: THE WALL\n|-damage|p2a: THE WALL|98\/100\n|\n|t:|1700729977\n|switch|p1a: Skeledirge|Skeledirge, F|40\/100|[from] Flip Turn\n|move|p2a: THE WALL|Body Press|p1a: Skeledirge\n|-immune|p1a: Skeledirge\n|\n|-heal|p1a: Skeledirge|100\/100|[from] move: Wish|[wisher] Alomomola\n|-heal|p2a: THE WALL|100\/100|[from] item: Leftovers\n|upkeep\n|turn|28\n|\n|t:|1700729985\n|switch|p1a: Alomomola|Alomomola, M|77\/100\n|move|p2a: THE WALL|Salt Cure|p1a: Alomomola\n|-damage|p1a: Alomomola|70\/100\n|-start|p1a: Alomomola|Salt Cure\n|\n|-heal|p1a: Alomomola|76\/100|[from] item: Leftovers\n|-damage|p1a: Alomomola|51\/100|[from] Salt Cure\n|upkeep\n|turn|29\n|\n|t:|1700729988\n|move|p1a: Alomomola|Flip Turn|p2a: THE WALL\n|-resisted|p2a: THE WALL\n|-damage|p2a: THE WALL|98\/100\n|\n|t:|1700729991\n|switch|p1a: Clodsire|Clodsire, F|64\/100|[from] Flip Turn\n|move|p2a: THE WALL|Body Press|p1a: Clodsire\n|-resisted|p1a: Clodsire\n|-damage|p1a: Clodsire|54\/100\n|\n|-heal|p2a: THE WALL|100\/100|[from] item: Leftovers\n|-heal|p1a: Clodsire|60\/100|[from] item: Leftovers\n|upkeep\n|turn|30\n|\n|t:|1700729998\n|move|p2a: THE WALL|Salt Cure|p1a: Clodsire\n|-resisted|p1a: Clodsire\n|-damage|p1a: Clodsire|53\/100\n|-start|p1a: Clodsire|Salt Cure\n|move|p1a: Clodsire|Curse|p1a: Clodsire\n|-unboost|p1a: Clodsire|spe|1\n|-boost|p1a: Clodsire|atk|1\n|-boost|p1a: Clodsire|def|1\n|\n|-heal|p1a: Clodsire|59\/100|[from] item: Leftovers\n|-damage|p1a: Clodsire|47\/100|[from] Salt Cure\n|upkeep\n|turn|31\n|j| SmilingTamamonomae\n|\n|t:|1700730003\n|switch|p2a: Jojo reference|Iron Valiant|100\/100\n|move|p1a: Clodsire|Recover|p1a: Clodsire\n|-heal|p1a: Clodsire|97\/100\n|\n|-heal|p1a: Clodsire|100\/100|[from] item: Leftovers\n|-damage|p1a: Clodsire|88\/100|[from] Salt Cure\n|upkeep\n|turn|32\n|\n|t:|1700730007\n|move|p2a: Jojo reference|Psyshock|p1a: Clodsire\n|-supereffective|p1a: Clodsire\n|-damage|p1a: Clodsire|36\/100\n|move|p1a: Clodsire|Toxic|p2a: Jojo reference\n|-status|p2a: Jojo reference|tox\n|\n|-heal|p1a: Clodsire|42\/100|[from] item: Leftovers\n|-damage|p2a: Jojo reference|94\/100 tox|[from] psn\n|-damage|p1a: Clodsire|30\/100|[from] Salt Cure\n|upkeep\n|turn|33\n|\n|t:|1700730013\n|switch|p1a: Alomomola|Alomomola, M|85\/100\n|move|p2a: Jojo reference|Psyshock|p1a: Alomomola\n|-damage|p1a: Alomomola|62\/100\n|\n|-heal|p1a: Alomomola|69\/100|[from] item: Leftovers\n|-damage|p2a: Jojo reference|82\/100 tox|[from] psn\n|upkeep\n|turn|34\n|\n|t:|1700730018\n|-end|p2a: Jojo reference|Quark Drive|[silent]\n|switch|p2a: The Mighty|Kingambit, M|100\/100\n|move|p1a: Alomomola|Protect||[still]\n|-fail|p1a: Alomomola\n|\n|-heal|p1a: Alomomola|75\/100|[from] item: Leftovers\n|upkeep\n|turn|35\n|\n|t:|1700730022\n|move|p2a: The Mighty|Swords Dance|p2a: The Mighty\n|-boost|p2a: The Mighty|atk|2\n|move|p1a: Alomomola|Flip Turn|p2a: The Mighty\n|-damage|p2a: The Mighty|87\/100\n|\n|t:|1700730024\n|switch|p1a: Skeledirge|Skeledirge, F|100\/100|[from] Flip Turn\n|\n|-heal|p2a: The Mighty|94\/100|[from] item: Leftovers\n|upkeep\n|turn|36\n|\n|t:|1700730029\n|-terastallize|p1a: Skeledirge|Dark\n|move|p2a: The Mighty|Sucker Punch||[still]\n|-fail|p2a: The Mighty\n|move|p1a: Skeledirge|Will-O-Wisp|p2a: The Mighty\n|-status|p2a: The Mighty|brn\n|\n|-heal|p2a: The Mighty|99\/100 brn|[from] item: Leftovers\n|-damage|p2a: The Mighty|94\/100 brn|[from] brn\n|upkeep\n|turn|37\n|\n|t:|1700730039\n|switch|p1a: Alomomola|Alomomola, M|100\/100\n|move|p2a: The Mighty|Iron Head|p1a: Alomomola\n|-resisted|p1a: Alomomola\n|-damage|p1a: Alomomola|89\/100\n|\n|-heal|p2a: The Mighty|99\/100 brn|[from] item: Leftovers\n|-heal|p1a: Alomomola|95\/100|[from] item: Leftovers\n|-damage|p2a: The Mighty|94\/100 brn|[from] brn\n|upkeep\n|turn|38\n|\n|t:|1700730044\n|move|p2a: The Mighty|Swords Dance|p2a: The Mighty\n|-boost|p2a: The Mighty|atk|2\n|move|p1a: Alomomola|Flip Turn|p2a: The Mighty\n|-damage|p2a: The Mighty|82\/100 brn\n|\n|t:|1700730047\n|switch|p1a: Skeledirge|Skeledirge, F, tera:Dark|100\/100|[from] Flip Turn\n|\n|-heal|p2a: The Mighty|89\/100 brn|[from] item: Leftovers\n|-damage|p2a: The Mighty|82\/100 brn|[from] brn\n|upkeep\n|turn|39\n|\n|t:|1700730053\n|move|p1a: Skeledirge|Torch Song|p2a: The Mighty\n|-supereffective|p2a: The Mighty\n|-damage|p2a: The Mighty|19\/100 brn\n|-boost|p1a: Skeledirge|spa|1\n|move|p2a: The Mighty|Iron Head|p1a: Skeledirge\n|-crit|p1a: Skeledirge\n|-damage|p1a: Skeledirge|75\/100\n|\n|-heal|p2a: The Mighty|26\/100 brn|[from] item: Leftovers\n|-damage|p2a: The Mighty|19\/100 brn|[from] brn\n|upkeep\n|turn|40\n|\n|t:|1700730062\n|move|p1a: Skeledirge|Torch Song|p2a: The Mighty\n|-supereffective|p2a: The Mighty\n|-damage|p2a: The Mighty|0 fnt\n|-boost|p1a: Skeledirge|spa|1\n|faint|p2a: The Mighty\n|\n|upkeep\n|\n|t:|1700730067\n|switch|p2a: THE WALL|Garganacl, M, tera:Water|100\/100\n|turn|41\n|\n|t:|1700730070\n|switch|p1a: Alomomola|Alomomola, M|100\/100\n|move|p2a: THE WALL|Salt Cure|p1a: Alomomola\n|-damage|p1a: Alomomola|93\/100\n|-start|p1a: Alomomola|Salt Cure\n|\n|-heal|p1a: Alomomola|99\/100|[from] item: Leftovers\n|-damage|p1a: Alomomola|74\/100|[from] Salt Cure\n|upkeep\n|turn|42\n|\n|t:|1700730075\n|move|p1a: Alomomola|Wish|p1a: Alomomola\n|move|p2a: THE WALL|Iron Defense|p2a: THE WALL\n|-boost|p2a: THE WALL|def|2\n|\n|-heal|p1a: Alomomola|81\/100|[from] item: Leftovers\n|-damage|p1a: Alomomola|56\/100|[from] Salt Cure\n|upkeep\n|turn|43\n|\n|t:|1700730078\n|switch|p1a: Clodsire|Clodsire, F|30\/100\n|move|p2a: THE WALL|Iron Defense|p2a: THE WALL\n|-boost|p2a: THE WALL|def|2\n|\n|-heal|p1a: Clodsire|97\/100|[from] move: Wish|[wisher] Alomomola\n|-heal|p1a: Clodsire|100\/100|[from] item: Leftovers\n|upkeep\n|turn|44\n|\n|t:|1700730083\n|move|p2a: THE WALL|Iron Defense|p2a: THE WALL\n|-boost|p2a: THE WALL|def|2\n|move|p1a: Clodsire|Curse|p1a: Clodsire\n|-unboost|p1a: Clodsire|spe|1\n|-boost|p1a: Clodsire|atk|1\n|-boost|p1a: Clodsire|def|1\n|\n|upkeep\n|turn|45\n|\n|t:|1700730085\n|move|p2a: THE WALL|Body Press|p1a: Clodsire\n|-resisted|p1a: Clodsire\n|-damage|p1a: Clodsire|94\/100\n|move|p1a: Clodsire|Curse|p1a: Clodsire\n|-unboost|p1a: Clodsire|spe|1\n|-boost|p1a: Clodsire|atk|1\n|-boost|p1a: Clodsire|def|1\n|\n|-heal|p1a: Clodsire|99\/100|[from] item: Leftovers\n|upkeep\n|turn|46\n|\n|t:|1700730090\n|move|p2a: THE WALL|Salt Cure|p1a: Clodsire\n|-resisted|p1a: Clodsire\n|-damage|p1a: Clodsire|97\/100\n|-start|p1a: Clodsire|Salt Cure\n|move|p1a: Clodsire|Earthquake|p2a: THE WALL\n|-crit|p2a: THE WALL\n|-damage|p2a: THE WALL|47\/100\n|\n|-heal|p2a: THE WALL|53\/100|[from] item: Leftovers\n|-heal|p1a: Clodsire|100\/100|[from] item: Leftovers\n|-damage|p1a: Clodsire|88\/100|[from] Salt Cure\n|upkeep\n|turn|47\n|\n|t:|1700730096\n|switch|p2a: Reginald|Corviknight, M|98\/100\n|-ability|p2a: Reginald|Pressure\n|move|p1a: Clodsire|Earthquake|p2a: Reginald\n|-immune|p2a: Reginald\n|\n|-heal|p2a: Reginald|100\/100|[from] item: Leftovers\n|-heal|p1a: Clodsire|94\/100|[from] item: Leftovers\n|-damage|p1a: Clodsire|82\/100|[from] Salt Cure\n|upkeep\n|turn|48\n|\n|t:|1700730099\n|switch|p1a: Alomomola|Alomomola, M|89\/100\n|move|p2a: Reginald|Brave Bird|p1a: Alomomola\n|-damage|p1a: Alomomola|68\/100\n|-damage|p2a: Reginald|91\/100|[from] Recoil\n|\n|-heal|p2a: Reginald|97\/100|[from] item: Leftovers\n|-heal|p1a: Alomomola|74\/100|[from] item: Leftovers\n|upkeep\n|turn|49\n|\n|t:|1700730102\n|move|p2a: Reginald|U-turn|p1a: Alomomola\n|-damage|p1a: Alomomola|66\/100\n|\n|t:|1700730105\n|switch|p2a: Poledios|Dragapult, F|100\/100|[from] U-turn\n|move|p1a: Alomomola|Scald|p2a: Poledios\n|-resisted|p2a: Poledios\n|-damage|p2a: Poledios|91\/100\n|\n|-heal|p1a: Alomomola|72\/100|[from] item: Leftovers\n|upkeep\n|turn|50\n|\n|t:|1700730112\n|move|p1a: Alomomola|Protect|p1a: Alomomola\n|-singleturn|p1a: Alomomola|Protect\n|move|p2a: Poledios|Dragon Darts|p1a: Alomomola\n|-activate|p1a: Alomomola|move: Protect\n|\n|-heal|p1a: Alomomola|78\/100|[from] item: Leftovers\n|upkeep\n|turn|51\n|\n|t:|1700730115\n|move|p2a: Poledios|Dragon Darts|p1a: Alomomola\n|-damage|p1a: Alomomola|59\/100\n|-anim|p2a: Poledios|Dragon Darts|p1a: Alomomola\n|-damage|p1a: Alomomola|40\/100\n|move|p1a: Alomomola|Flip Turn|p2a: Poledios\n|-resisted|p2a: Poledios\n|-damage|p2a: Poledios|80\/100\n|\n|t:|1700730123\n|switch|p1a: Mamoswine|Mamoswine, F|100\/100|[from] Flip Turn\n|\n|upkeep\n|turn|52\n|\n|t:|1700730128\n|switch|p2a: THE WALL|Garganacl, M, tera:Water|53\/100\n|move|p1a: Mamoswine|Ice Shard|p2a: THE WALL\n|-resisted|p2a: THE WALL\n|-damage|p2a: THE WALL|42\/100\n|\n|-heal|p2a: THE WALL|48\/100|[from] item: Leftovers\n|upkeep\n|turn|53\n|\n|t:|1700730132\n|switch|p1a: Alomomola|Alomomola, M|73\/100\n|move|p2a: THE WALL|Body Press|p1a: Alomomola\n|-damage|p1a: Alomomola|61\/100\n|\n|-heal|p1a: Alomomola|67\/100|[from] item: Leftovers\n|-heal|p2a: THE WALL|54\/100|[from] item: Leftovers\n|upkeep\n|turn|54\n|\n|t:|1700730137\n|move|p1a: Alomomola|Flip Turn|p2a: THE WALL\n|-resisted|p2a: THE WALL\n|-damage|p2a: THE WALL|49\/100\n|\n|t:|1700730138\n|switch|p1a: Clodsire|Clodsire, F|82\/100|[from] Flip Turn\n|move|p2a: THE WALL|Salt Cure|p1a: Clodsire\n|-resisted|p1a: Clodsire\n|-damage|p1a: Clodsire|76\/100\n|-start|p1a: Clodsire|Salt Cure\n|\n|-heal|p2a: THE WALL|55\/100|[from] item: Leftovers\n|-heal|p1a: Clodsire|82\/100|[from] item: Leftovers\n|-damage|p1a: Clodsire|69\/100|[from] Salt Cure\n|upkeep\n|turn|55\n|\n|t:|1700730143\n|switch|p2a: Reginald|Corviknight, M|97\/100\n|-ability|p2a: Reginald|Pressure\n|move|p1a: Clodsire|Curse|p1a: Clodsire\n|-unboost|p1a: Clodsire|spe|1\n|-boost|p1a: Clodsire|atk|1\n|-boost|p1a: Clodsire|def|1\n|\n|-heal|p2a: Reginald|100\/100|[from] item: Leftovers\n|-heal|p1a: Clodsire|76\/100|[from] item: Leftovers\n|-damage|p1a: Clodsire|63\/100|[from] Salt Cure\n|upkeep\n|turn|56\n|\n|t:|1700730148\n|switch|p1a: Alomomola|Alomomola, M|99\/100\n|move|p2a: Reginald|Brave Bird|p1a: Alomomola\n|-damage|p1a: Alomomola|80\/100\n|-damage|p2a: Reginald|91\/100|[from] Recoil\n|\n|-heal|p2a: Reginald|97\/100|[from] item: Leftovers\n|-heal|p1a: Alomomola|86\/100|[from] item: Leftovers\n|upkeep\n|turn|57\n|\n|t:|1700730152\n|move|p2a: Reginald|U-turn|p1a: Alomomola\n|-damage|p1a: Alomomola|78\/100\n|\n|t:|1700730155\n|switch|p2a: Poledios|Dragapult, F|80\/100|[from] U-turn\n|move|p1a: Alomomola|Flip Turn|p2a: Poledios\n|-resisted|p2a: Poledios\n|-crit|p2a: Poledios\n|-damage|p2a: Poledios|62\/100\n|\n|t:|1700730157\n|switch|p1a: Mamoswine|Mamoswine, F|100\/100|[from] Flip Turn\n|\n|upkeep\n|turn|58\n|\n|t:|1700730164\n|move|p2a: Poledios|Phantom Force||[still]\n|-prepare|p2a: Poledios|Phantom Force\n|move|p1a: Mamoswine|Earthquake|p2a: Poledios|[miss]\n|-miss|p1a: Mamoswine|p2a: Poledios\n|\n|upkeep\n|turn|59\n|\n|t:|1700730167\n|switch|p1a: Alomomola|Alomomola, M|100\/100\n|move|p2a: Poledios|Phantom Force|p1a: Alomomola|[from]lockedmove\n|-damage|p1a: Alomomola|67\/100\n|\n|-heal|p1a: Alomomola|73\/100|[from] item: Leftovers\n|upkeep\n|turn|60\n|\n|t:|1700730170\n|switch|p2a: Reginald|Corviknight, M|97\/100\n|-ability|p2a: Reginald|Pressure\n|move|p1a: Alomomola|Flip Turn|p2a: Reginald\n|-damage|p2a: Reginald|88\/100\n|\n|t:|1700730175\n|switch|p1a: Skeledirge|Skeledirge, F, tera:Dark|75\/100|[from] Flip Turn\n|\n|-heal|p2a: Reginald|94\/100|[from] item: Leftovers\n|upkeep\n|turn|61\n|\n|t:|1700730178\n|move|p1a: Skeledirge|Torch Song|p2a: Reginald\n|-supereffective|p2a: Reginald\n|-damage|p2a: Reginald|40\/100\n|-boost|p1a: Skeledirge|spa|1\n|move|p2a: Reginald|Body Press|p1a: Skeledirge\n|-supereffective|p1a: Skeledirge\n|-damage|p1a: Skeledirge|38\/100\n|\n|-heal|p2a: Reginald|46\/100|[from] item: Leftovers\n|upkeep\n|turn|62\n|\n|t:|1700730184\n|switch|p2a: THE WALL|Garganacl, M, tera:Water|55\/100\n|move|p1a: Skeledirge|Torch Song|p2a: THE WALL\n|-resisted|p2a: THE WALL\n|-damage|p2a: THE WALL|40\/100\n|-boost|p1a: Skeledirge|spa|1\n|\n|-heal|p2a: THE WALL|46\/100|[from] item: Leftovers\n|upkeep\n|turn|63\n|\n|t:|1700730188\n|move|p1a: Skeledirge|Slack Off|p1a: Skeledirge\n|-heal|p1a: Skeledirge|88\/100\n|move|p2a: THE WALL|Body Press|p1a: Skeledirge\n|-supereffective|p1a: Skeledirge\n|-damage|p1a: Skeledirge|57\/100\n|\n|-heal|p2a: THE WALL|52\/100|[from] item: Leftovers\n|upkeep\n|turn|64\n|j| Goomy Guy12345\n|\n|t:|1700730194\n|move|p1a: Skeledirge|Slack Off|p1a: Skeledirge\n|-heal|p1a: Skeledirge|100\/100\n|move|p2a: THE WALL|Iron Defense|p2a: THE WALL\n|-boost|p2a: THE WALL|def|2\n|\n|-heal|p2a: THE WALL|58\/100|[from] item: Leftovers\n|upkeep\n|turn|65\n|\n|t:|1700730198\n|switch|p1a: Clodsire|Clodsire, F|63\/100\n|move|p2a: THE WALL|Salt Cure|p1a: Clodsire\n|-resisted|p1a: Clodsire\n|-damage|p1a: Clodsire|57\/100\n|-start|p1a: Clodsire|Salt Cure\n|\n|-heal|p2a: THE WALL|65\/100|[from] item: Leftovers\n|-heal|p1a: Clodsire|63\/100|[from] item: Leftovers\n|-damage|p1a: Clodsire|51\/100|[from] Salt Cure\n|upkeep\n|turn|66\n|\n|t:|1700730203\n|move|p2a: THE WALL|Salt Cure|p1a: Clodsire\n|-resisted|p1a: Clodsire\n|-damage|p1a: Clodsire|45\/100\n|move|p1a: Clodsire|Recover|p1a: Clodsire\n|-heal|p1a: Clodsire|95\/100\n|\n|-heal|p2a: THE WALL|71\/100|[from] item: Leftovers\n|-heal|p1a: Clodsire|100\/100|[from] item: Leftovers\n|-damage|p1a: Clodsire|88\/100|[from] Salt Cure\n|upkeep\n|turn|67\n|\n|t:|1700730207\n|move|p2a: THE WALL|Salt Cure|p1a: Clodsire\n|-resisted|p1a: Clodsire\n|-damage|p1a: Clodsire|82\/100\n|move|p1a: Clodsire|Curse|p1a: Clodsire\n|-unboost|p1a: Clodsire|spe|1\n|-boost|p1a: Clodsire|atk|1\n|-boost|p1a: Clodsire|def|1\n|\n|-heal|p2a: THE WALL|77\/100|[from] item: Leftovers\n|-heal|p1a: Clodsire|88\/100|[from] item: Leftovers\n|-damage|p1a: Clodsire|76\/100|[from] Salt Cure\n|upkeep\n|turn|68\n|\n|t:|1700730212\n|switch|p2a: Jojo reference|Iron Valiant|82\/100 tox\n|move|p1a: Clodsire|Curse|p1a: Clodsire\n|-unboost|p1a: Clodsire|spe|1\n|-boost|p1a: Clodsire|atk|1\n|-boost|p1a: Clodsire|def|1\n|\n|-heal|p1a: Clodsire|82\/100|[from] item: Leftovers\n|-damage|p2a: Jojo reference|76\/100 tox|[from] psn\n|-damage|p1a: Clodsire|70\/100|[from] Salt Cure\n|upkeep\n|turn|69\n|\n|t:|1700730216\n|move|p2a: Jojo reference|Psyshock|p1a: Clodsire\n|-supereffective|p1a: Clodsire\n|-damage|p1a: Clodsire|34\/100\n|move|p1a: Clodsire|Earthquake|p2a: Jojo reference\n|-damage|p2a: Jojo reference|4\/100 tox\n|\n|-heal|p1a: Clodsire|40\/100|[from] item: Leftovers\n|-damage|p2a: Jojo reference|0 fnt|[from] psn\n|faint|p2a: Jojo reference\n|-end|p2a: Jojo reference|Quark Drive|[silent]\n|-damage|p1a: Clodsire|28\/100|[from] Salt Cure\n|upkeep\n|\n|t:|1700730219\n|switch|p2a: Poledios|Dragapult, F|62\/100\n|turn|70\n|\n|t:|1700730222\n|switch|p1a: Alomomola|Alomomola, M|100\/100\n|move|p2a: Poledios|Dragon Darts|p1a: Alomomola\n|-damage|p1a: Alomomola|80\/100\n|-anim|p2a: Poledios|Dragon Darts|p1a: Alomomola\n|-damage|p1a: Alomomola|59\/100\n|\n|-heal|p1a: Alomomola|65\/100|[from] item: Leftovers\n|upkeep\n|turn|71\n|\n|t:|1700730225\n|move|p2a: Poledios|Dragon Darts|p1a: Alomomola\n|-damage|p1a: Alomomola|46\/100\n|-anim|p2a: Poledios|Dragon Darts|p1a: Alomomola\n|-damage|p1a: Alomomola|28\/100\n|move|p1a: Alomomola|Wish|p1a: Alomomola\n|\n|-heal|p1a: Alomomola|34\/100|[from] item: Leftovers\n|upkeep\n|turn|72\n|\n|t:|1700730230\n|move|p1a: Alomomola|Protect|p1a: Alomomola\n|-singleturn|p1a: Alomomola|Protect\n|move|p2a: Poledios|Dragon Darts|p1a: Alomomola\n|-activate|p1a: Alomomola|move: Protect\n|\n|-heal|p1a: Alomomola|84\/100|[from] move: Wish|[wisher] Alomomola\n|-heal|p1a: Alomomola|90\/100|[from] item: Leftovers\n|upkeep\n|turn|73\n|\n|t:|1700730232\n|move|p2a: Poledios|Dragon Darts|p1a: Alomomola\n|-damage|p1a: Alomomola|71\/100\n|-anim|p2a: Poledios|Dragon Darts|p1a: Alomomola\n|-crit|p1a: Alomomola\n|-damage|p1a: Alomomola|43\/100\n|move|p1a: Alomomola|Wish|p1a: Alomomola\n|\n|-heal|p1a: Alomomola|49\/100|[from] item: Leftovers\n|upkeep\n|turn|74\n|c|\u2606Ev_Evan|i don\u00b4t think i can win this\n|\n|t:|1700730243\n|move|p2a: Poledios|Dragon Darts|p1a: Alomomola\n|-damage|p1a: Alomomola|30\/100\n|-anim|p2a: Poledios|Dragon Darts|p1a: Alomomola\n|-damage|p1a: Alomomola|11\/100\n|move|p1a: Alomomola|Scald|p2a: Poledios\n|-resisted|p2a: Poledios\n|-crit|p2a: Poledios\n|-damage|p2a: Poledios|49\/100\n|\n|-heal|p1a: Alomomola|61\/100|[from] move: Wish|[wisher] Alomomola\n|-heal|p1a: Alomomola|68\/100|[from] item: Leftovers\n|upkeep\n|turn|75\n|c|\u2606andy1510|You may critical hit my Clodsire, which is the only thing stopping your The Wall.\n|\n|t:|1700730264\n|move|p2a: Poledios|Dragon Darts|p1a: Alomomola\n|-damage|p1a: Alomomola|47\/100\n|-anim|p2a: Poledios|Dragon Darts|p1a: Alomomola\n|-damage|p1a: Alomomola|29\/100\n|move|p1a: Alomomola|Wish|p1a: Alomomola\n|\n|-heal|p1a: Alomomola|35\/100|[from] item: Leftovers\n|upkeep\n|turn|76\n|\n|t:|1700730276\n|move|p1a: Alomomola|Protect|p1a: Alomomola\n|-singleturn|p1a: Alomomola|Protect\n|move|p2a: Poledios|Dragon Darts|p1a: Alomomola\n|-activate|p1a: Alomomola|move: Protect\n|\n|-heal|p1a: Alomomola|85\/100|[from] move: Wish|[wisher] Alomomola\n|-heal|p1a: Alomomola|91\/100|[from] item: Leftovers\n|upkeep\n|turn|77\n|\n|t:|1700730281\n|switch|p2a: THE WALL|Garganacl, M, tera:Water|77\/100\n|move|p1a: Alomomola|Wish|p1a: Alomomola\n|\n|-heal|p1a: Alomomola|97\/100|[from] item: Leftovers\n|-heal|p2a: THE WALL|83\/100|[from] item: Leftovers\n|upkeep\n|turn|78\n|\n|t:|1700730285\n|switch|p1a: Clodsire|Clodsire, F|28\/100\n|move|p2a: THE WALL|Salt Cure|p1a: Clodsire\n|-resisted|p1a: Clodsire\n|-damage|p1a: Clodsire|22\/100\n|-start|p1a: Clodsire|Salt Cure\n|\n|-heal|p1a: Clodsire|89\/100|[from] move: Wish|[wisher] Alomomola\n|-heal|p2a: THE WALL|89\/100|[from] item: Leftovers\n|-heal|p1a: Clodsire|95\/100|[from] item: Leftovers\n|-damage|p1a: Clodsire|82\/100|[from] Salt Cure\n|upkeep\n|turn|79\n|\n|t:|1700730290\n|move|p2a: THE WALL|Salt Cure|p1a: Clodsire\n|-resisted|p1a: Clodsire\n|-damage|p1a: Clodsire|76\/100\n|move|p1a: Clodsire|Curse|p1a: Clodsire\n|-unboost|p1a: Clodsire|spe|1\n|-boost|p1a: Clodsire|atk|1\n|-boost|p1a: Clodsire|def|1\n|\n|-heal|p2a: THE WALL|96\/100|[from] item: Leftovers\n|-heal|p1a: Clodsire|82\/100|[from] item: Leftovers\n|-damage|p1a: Clodsire|70\/100|[from] Salt Cure\n|upkeep\n|turn|80\n|c| SmilingTamamonomae|boring stall\n|\n|t:|1700730299\n|switch|p2a: Poledios|Dragapult, F|49\/100\n|move|p1a: Clodsire|Curse|p1a: Clodsire\n|-unboost|p1a: Clodsire|spe|1\n|-boost|p1a: Clodsire|atk|1\n|-boost|p1a: Clodsire|def|1\n|\n|-heal|p1a: Clodsire|76\/100|[from] item: Leftovers\n|-damage|p1a: Clodsire|64\/100|[from] Salt Cure\n|upkeep\n|turn|81\n|c|\u2606andy1510|Sorry, I am trying to play as safe as possible.\n|\n|t:|1700730312\n|move|p2a: Poledios|Dragon Darts|p1a: Clodsire\n|-damage|p1a: Clodsire|45\/100\n|-anim|p2a: Poledios|Dragon Darts|p1a: Clodsire\n|-damage|p1a: Clodsire|29\/100\n|move|p1a: Clodsire|Earthquake|p2a: Poledios\n|-damage|p2a: Poledios|0 fnt\n|faint|p2a: Poledios\n|\n|-heal|p1a: Clodsire|35\/100|[from] item: Leftovers\n|-damage|p1a: Clodsire|22\/100|[from] Salt Cure\n|upkeep\n|\n|t:|1700730339\n|switch|p2a: Reginald|Corviknight, M|46\/100\n|-ability|p2a: Reginald|Pressure\n|turn|82\n|\n|t:|1700730343\n|switch|p1a: Alomomola|Alomomola, M|100\/100\n|move|p2a: Reginald|Brave Bird|p1a: Alomomola\n|-damage|p1a: Alomomola|79\/100\n|-damage|p2a: Reginald|36\/100|[from] Recoil\n|\n|-heal|p2a: Reginald|42\/100|[from] item: Leftovers\n|-heal|p1a: Alomomola|85\/100|[from] item: Leftovers\n|upkeep\n|turn|83\n|c|\u2606Ev_Evan|fair\n|c|\u2606Ev_Evan|gg\n|c|\u2606andy1510|Good game.\n|\n|t:|1700730350\n|move|p2a: Reginald|Roost|p2a: Reginald\n|-heal|p2a: Reginald|92\/100\n|-singleturn|p2a: Reginald|move: Roost\n|move|p1a: Alomomola|Wish|p1a: Alomomola\n|\n|-heal|p2a: Reginald|98\/100|[from] item: Leftovers\n|-heal|p1a: Alomomola|92\/100|[from] item: Leftovers\n|upkeep\n|turn|84\n|\n|t:|1700730354\n|move|p2a: Reginald|U-turn|p1a: Alomomola\n|-damage|p1a: Alomomola|84\/100\n|\n|t:|1700730358\n|switch|p2a: THE WALL|Garganacl, M, tera:Water|96\/100|[from] U-turn\n|move|p1a: Alomomola|Flip Turn|p2a: THE WALL\n|-resisted|p2a: THE WALL\n|-damage|p2a: THE WALL|90\/100\n|\n|t:|1700730361\n|switch|p1a: Clodsire|Clodsire, F|22\/100|[from] Flip Turn\n|\n|-heal|p1a: Clodsire|89\/100|[from] move: Wish|[wisher] Alomomola\n|-heal|p2a: THE WALL|96\/100|[from] item: Leftovers\n|-heal|p1a: Clodsire|95\/100|[from] item: Leftovers\n|upkeep\n|turn|85\n|\n|t:|1700730382\n|move|p2a: THE WALL|Salt Cure|p1a: Clodsire\n|-resisted|p1a: Clodsire\n|-damage|p1a: Clodsire|89\/100\n|-start|p1a: Clodsire|Salt Cure\n|move|p1a: Clodsire|Curse|p1a: Clodsire\n|-unboost|p1a: Clodsire|spe|1\n|-boost|p1a: Clodsire|atk|1\n|-boost|p1a: Clodsire|def|1\n|\n|-heal|p2a: THE WALL|100\/100|[from] item: Leftovers\n|-heal|p1a: Clodsire|95\/100|[from] item: Leftovers\n|-damage|p1a: Clodsire|82\/100|[from] Salt Cure\n|upkeep\n|turn|86\n|\n|t:|1700730387\n|switch|p2a: Reginald|Corviknight, M|98\/100\n|-ability|p2a: Reginald|Pressure\n|move|p1a: Clodsire|Curse|p1a: Clodsire\n|-unboost|p1a: Clodsire|spe|1\n|-boost|p1a: Clodsire|atk|1\n|-boost|p1a: Clodsire|def|1\n|\n|-heal|p2a: Reginald|100\/100|[from] item: Leftovers\n|-heal|p1a: Clodsire|89\/100|[from] item: Leftovers\n|-damage|p1a: Clodsire|76\/100|[from] Salt Cure\n|upkeep\n|turn|87\n|\n|t:|1700730395\n|switch|p1a: Skeledirge|Skeledirge, F, tera:Dark|100\/100\n|move|p2a: Reginald|Brave Bird|p1a: Skeledirge\n|-crit|p1a: Skeledirge\n|-damage|p1a: Skeledirge|65\/100\n|-damage|p2a: Reginald|90\/100|[from] Recoil\n|\n|-heal|p2a: Reginald|96\/100|[from] item: Leftovers\n|upkeep\n|turn|88\n|\n|t:|1700730399\n|move|p1a: Skeledirge|Will-O-Wisp|p2a: Reginald\n|-status|p2a: Reginald|brn\n|move|p2a: Reginald|Body Press|p1a: Skeledirge\n|-supereffective|p1a: Skeledirge\n|-damage|p1a: Skeledirge|45\/100\n|\n|-heal|p2a: Reginald|100\/100 brn|[from] item: Leftovers\n|-damage|p2a: Reginald|94\/100 brn|[from] brn\n|upkeep\n|turn|89\n|\n|t:|1700730402\n|move|p1a: Skeledirge|Slack Off|p1a: Skeledirge\n|-heal|p1a: Skeledirge|95\/100\n|move|p2a: Reginald|U-turn|p1a: Skeledirge\n|-supereffective|p1a: Skeledirge\n|-damage|p1a: Skeledirge|85\/100\n|\n|t:|1700730405\n|switch|p2a: THE WALL|Garganacl, M, tera:Water|100\/100|[from] U-turn\n|\n|upkeep\n|turn|90\n|\n|t:|1700730407\n|switch|p1a: Alomomola|Alomomola, M|100\/100\n|move|p2a: THE WALL|Salt Cure|p1a: Alomomola\n|-damage|p1a: Alomomola|93\/100\n|-start|p1a: Alomomola|Salt Cure\n|\n|-heal|p1a: Alomomola|99\/100|[from] item: Leftovers\n|-damage|p1a: Alomomola|74\/100|[from] Salt Cure\n|upkeep\n|turn|91\n|\n|t:|1700730410\n|move|p1a: Alomomola|Flip Turn|p2a: THE WALL\n|-resisted|p2a: THE WALL\n|-damage|p2a: THE WALL|95\/100\n|\n|t:|1700730414\n|switch|p1a: Clodsire|Clodsire, F|76\/100|[from] Flip Turn\n|move|p2a: THE WALL|Iron Defense|p2a: THE WALL\n|-boost|p2a: THE WALL|def|2\n|\n|-heal|p2a: THE WALL|100\/100|[from] item: Leftovers\n|-heal|p1a: Clodsire|82\/100|[from] item: Leftovers\n|upkeep\n|turn|92\n|-message|Ev_Evan forfeited.\n|\n|win|andy1510\n|n|\u2606andy1510|andy1510\n|n|\u2606Ev_Evan|evevan\n|n|*Lady Monita \u2746|ladymonita\n|n| BB-8-NU|bb8nu\n|n| SmilingTamamonomae|smilingtamamonomae\n|n| Goomy Guy12345|goomyguy12345\n|l|*Lady Monita \u2746\n|l|\u2606Ev_Evan\n|l| BB-8-NU\n","uploadtime":1700730422,"views":2,"p1id":"andy1510","p2id":"evevan","formatid":"gen9ou","rating":0,"private":0,"password":""}