{"id":"gen9ou-1999382885","p1":"lehuynhan","p2":"Thehombre","format":"[Gen 9] OU","log":"|j|\u2606lehuynhan\n|j|\u2606Thehombre\n|t:|1701070920\n|gametype|singles\n|player|p1|lehuynhan|170|1218\n|player|p2|Thehombre|1|1210\n|teamsize|p1|6\n|teamsize|p2|6\n|gen|9\n|tier|[Gen 9] OU\n|rated|\n|rule|Sleep Clause Mod: Limit one foe put to sleep\n|rule|Species Clause: Limit one of each Pok\u00e9mon\n|rule|OHKO Clause: OHKO moves are banned\n|rule|Evasion Items Clause: Evasion items are banned\n|rule|Evasion Moves Clause: Evasion moves are banned\n|rule|Endless Battle Clause: Forcing endless battles is banned\n|rule|HP Percentage Mod: HP is shown in percentages\n|clearpoke\n|poke|p1|Alomomola, F|\n|poke|p1|Slowking-Galar, F|\n|poke|p1|Scizor, M|\n|poke|p1|Great Tusk|\n|poke|p1|Cinderace, F|\n|poke|p1|Landorus-Therian, M|\n|poke|p2|Kingambit, M|\n|poke|p2|Ninetales-Alola, M|\n|poke|p2|Samurott-Hisui, F|\n|poke|p2|Masquerain, M|\n|poke|p2|Manaphy|\n|poke|p2|Maushold-Four|\n|teampreview\n|inactive|Battle timer is ON: inactive players will automatically lose when time's up. (requested by Thehombre)\n|\n|t:|1701070928\n|start\n|switch|p1a: Landorus|Landorus-Therian, M|100\/100\n|switch|p2a: Ninetales|Ninetales-Alola, M|100\/100\n|-ability|p1a: Landorus|Intimidate|boost\n|-unboost|p2a: Ninetales|atk|1\n|-weather|Snow|[from] ability: Snow Warning|[of] p2a: Ninetales\n|turn|1\n|\n|t:|1701070931\n|move|p1a: Landorus|Earthquake|p2a: Ninetales\n|-damage|p2a: Ninetales|40\/100\n|move|p2a: Ninetales|Aurora Veil|p2a: Ninetales\n|-sidestart|p2: Thehombre|move: Aurora Veil\n|\n|-weather|Snow|[upkeep]\n|upkeep\n|turn|2\n|\n|t:|1701070936\n|switch|p1a: Slowking|Slowking-Galar, F|100\/100\n|move|p2a: Ninetales|Blizzard|p1a: Slowking\n|-damage|p1a: Slowking|78\/100\n|\n|-weather|Snow|[upkeep]\n|upkeep\n|turn|3\n|\n|t:|1701070942\n|switch|p2a: Masquerain|Masquerain, M|100\/100\n|-ability|p2a: Masquerain|Intimidate|boost\n|-unboost|p1a: Slowking|atk|1\n|move|p1a: Slowking|Future Sight|p2a: Masquerain\n|-start|p1a: Slowking|move: Future Sight\n|\n|-weather|Snow|[upkeep]\n|upkeep\n|turn|4\n|\n|t:|1701070947\n|switch|p1a: Scizor|Scizor, M|100\/100\n|move|p2a: Masquerain|Sticky Web|p1a: Scizor\n|-sidestart|p1: lehuynhan|move: Sticky Web\n|\n|-weather|Snow|[upkeep]\n|upkeep\n|turn|5\n|\n|t:|1701070955\n|switch|p2a: Samurott|Samurott-Hisui, F|100\/100\n|move|p1a: Scizor|Close Combat|p2a: Samurott\n|-supereffective|p2a: Samurott\n|-damage|p2a: Samurott|14\/100\n|-unboost|p1a: Scizor|def|1\n|-unboost|p1a: Scizor|spd|1\n|\n|-weather|none\n|-end|p2a: Samurott|move: Future Sight\n|-immune|p2a: Samurott\n|upkeep\n|turn|6\n|\n|t:|1701070962\n|switch|p1a: Alomomola|Alomomola, F|100\/100\n|-activate|p1a: Alomomola|move: Sticky Web\n|-unboost|p1a: Alomomola|spe|1\n|move|p2a: Samurott|Ceaseless Edge|p1a: Alomomola\n|-damage|p1a: Alomomola|72\/100\n|-sidestart|p1: lehuynhan|Spikes\n|-enditem|p1a: Alomomola|Red Card|[of] p2a: Samurott\n|drag|p2a: Ninetales|Ninetales-Alola, M|40\/100\n|-weather|Snow|[from] ability: Snow Warning|[of] p2a: Ninetales\n|\n|-weather|Snow|[upkeep]\n|upkeep\n|turn|7\n|\n|t:|1701070970\n|switch|p1a: Slowking|Slowking-Galar, F|100\/100\n|move|p2a: Ninetales|Misty Terrain|p2a: Ninetales\n|-fieldstart|move: Misty Terrain\n|\n|-weather|Snow|[upkeep]\n|upkeep\n|turn|8\n|\n|t:|1701070974\n|switch|p2a: Kingambit|Kingambit, M|100\/100\n|move|p1a: Slowking|Future Sight|p2a: Kingambit\n|-start|p1a: Slowking|move: Future Sight\n|\n|-weather|Snow|[upkeep]\n|-sideend|p2: Thehombre|move: Aurora Veil\n|upkeep\n|turn|9\n|\n|t:|1701070983\n|-end|p2a: Kingambit|fallenundefined|[silent]\n|switch|p2a: Ninetales|Ninetales-Alola, M|40\/100\n|switch|p1a: Scizor|Scizor, M|100\/100\n|-activate|p1a: Scizor|move: Sticky Web\n|-unboost|p1a: Scizor|spe|1\n|-damage|p1a: Scizor|88\/100|[from] Spikes\n|\n|-weather|Snow|[upkeep]\n|upkeep\n|turn|10\n|\n|t:|1701070986\n|move|p1a: Scizor|Bullet Punch|p2a: Ninetales\n|-supereffective|p2a: Ninetales\n|-damage|p2a: Ninetales|0 fnt\n|faint|p2a: Ninetales\n|\n|-weather|none\n|-hint|Future Sight did not hit because the target is fainted.\n|upkeep\n|\n|t:|1701070989\n|switch|p2a: Kingambit|Kingambit, M|100\/100\n|-activate|p2a: Kingambit|ability: Supreme Overlord\n|-start|p2a: Kingambit|fallen1|[silent]\n|turn|11\n|\n|t:|1701070995\n|switch|p1a: Landorus|Landorus-Therian, M|100\/100\n|-ability|p1a: Landorus|Intimidate|boost\n|-unboost|p2a: Kingambit|atk|1\n|move|p2a: Kingambit|Swords Dance|p2a: Kingambit\n|-boost|p2a: Kingambit|atk|2\n|\n|-fieldend|Misty Terrain\n|upkeep\n|turn|12\n|\n|t:|1701071001\n|-terastallize|p2a: Kingambit|Dark\n|move|p1a: Landorus|Earthquake|p2a: Kingambit\n|-damage|p2a: Kingambit|61\/100\n|move|p2a: Kingambit|Swords Dance|p2a: Kingambit\n|-boost|p2a: Kingambit|atk|2\n|\n|upkeep\n|turn|13\n|\n|t:|1701071006\n|move|p2a: Kingambit|Sucker Punch|p1a: Landorus\n|-damage|p1a: Landorus|0 fnt\n|faint|p1a: Landorus\n|\n|upkeep\n|\n|t:|1701071011\n|switch|p1a: Alomomola|Alomomola, F|100\/100\n|-activate|p1a: Alomomola|move: Sticky Web\n|-unboost|p1a: Alomomola|spe|1\n|-damage|p1a: Alomomola|88\/100|[from] Spikes\n|turn|14\n|\n|t:|1701071014\n|move|p2a: Kingambit|Kowtow Cleave|p1a: Alomomola\n|-damage|p1a: Alomomola|0 fnt\n|faint|p1a: Alomomola\n|\n|upkeep\n|\n|t:|1701071018\n|switch|p1a: Scizor|Scizor, M|88\/100\n|-activate|p1a: Scizor|move: Sticky Web\n|-unboost|p1a: Scizor|spe|1\n|-damage|p1a: Scizor|76\/100|[from] Spikes\n|turn|15\n|\n|t:|1701071023\n|move|p2a: Kingambit|Sucker Punch|p1a: Scizor\n|-damage|p1a: Scizor|0 fnt\n|faint|p1a: Scizor\n|\n|upkeep\n|-message|lehuynhan forfeited.\n|\n|win|Thehombre\n|raw|lehuynhan's rating: 1218 &rarr; <strong>1192<\/strong><br \/>(-26 for losing)\n|raw|Thehombre's rating: 1210 &rarr; <strong>1236<\/strong><br \/>(+26 for winning)\n|l|\u2606lehuynhan\n","uploadtime":1701071031,"views":8,"p1id":"lehuynhan","p2id":"thehombre","formatid":"gen9ou","rating":1192,"private":0,"password":""}