{"id":"gen9ou-1992380222","p1":"Sensei Milia","p2":"S3PP1","format":"[Gen 9] OU","log":"|j|\u2606Sensei Milia\n|j|\u2606S3PP1\n|t:|1700180882\n|gametype|singles\n|player|p1|Sensei Milia|swimmerf|1250\n|player|p2|S3PP1|chuck|1173\n|teamsize|p1|6\n|teamsize|p2|6\n|gen|9\n|tier|[Gen 9] OU\n|rated|\n|rule|Sleep Clause Mod: Limit one foe put to sleep\n|rule|Species Clause: Limit one of each Pok\u00e9mon\n|rule|OHKO Clause: OHKO moves are banned\n|rule|Evasion Items Clause: Evasion items are banned\n|rule|Evasion Moves Clause: Evasion moves are banned\n|rule|Endless Battle Clause: Forcing endless battles is banned\n|rule|HP Percentage Mod: HP is shown in percentages\n|clearpoke\n|poke|p1|Heatran, M|\n|poke|p1|Garganacl, M|\n|poke|p1|Ceruledge, M|\n|poke|p1|Clodsire, M|\n|poke|p1|Breloom, F|\n|poke|p1|Clefable, M|\n|poke|p2|Rillaboom, M|\n|poke|p2|Zamazenta-*|\n|poke|p2|Iron Treads|\n|poke|p2|Iron Valiant|\n|poke|p2|Sneasler, M|\n|poke|p2|Heatran, F|\n|teampreview\n|inactive|Battle timer is ON: inactive players will automatically lose when time's up. (requested by S3PP1)\n|\n|t:|1700180888\n|start\n|switch|p1a: Heatran|Heatran, M, shiny|100\/100\n|switch|p2a: Rillaboom|Rillaboom, M|100\/100\n|-fieldstart|move: Grassy Terrain|[from] ability: Grassy Surge|[of] p2a: Rillaboom\n|-item|p1a: Heatran|Air Balloon\n|turn|1\n|\n|t:|1700180896\n|move|p2a: Rillaboom|U-turn|p1a: Heatran\n|-resisted|p1a: Heatran\n|-damage|p1a: Heatran|95\/100\n|-enditem|p1a: Heatran|Air Balloon\n|\n|t:|1700180900\n|switch|p2a: Zamazenta|Zamazenta|100\/100|[from] U-turn\n|-ability|p2a: Zamazenta|Dauntless Shield|boost\n|-boost|p2a: Zamazenta|def|1\n|-enditem|p2a: Zamazenta|Grassy Seed\n|-boost|p2a: Zamazenta|def|1|[from] item: Grassy Seed\n|move|p1a: Heatran|Magma Storm|p2a: Zamazenta\n|-damage|p2a: Zamazenta|48\/100\n|-activate|p2a: Zamazenta|move: Magma Storm|[of] p1a: Heatran\n|\n|-heal|p2a: Zamazenta|54\/100|[from] Grassy Terrain\n|-heal|p1a: Heatran|100\/100|[from] Grassy Terrain\n|-damage|p2a: Zamazenta|42\/100|[from] move: Magma Storm|[partiallytrapped]\n|upkeep\n|turn|2\n|\n|t:|1700180913\n|switch|p1a: Ceruledge|Ceruledge, M|100\/100\n|move|p2a: Zamazenta|Body Press|p1a: Ceruledge\n|-immune|p1a: Ceruledge\n|\n|-heal|p2a: Zamazenta|48\/100|[from] Grassy Terrain\n|-end|p2a: Zamazenta|Magma Storm|[partiallytrapped]|[silent]\n|upkeep\n|turn|3\n|\n|t:|1700180921\n|move|p2a: Zamazenta|Crunch|p1a: Ceruledge\n|-supereffective|p1a: Ceruledge\n|-damage|p1a: Ceruledge|45\/100\n|-ability|p1a: Ceruledge|Weak Armor|boost\n|-unboost|p1a: Ceruledge|def|1\n|-boost|p1a: Ceruledge|spe|2\n|-enditem|p1a: Ceruledge|Weakness Policy\n|-boost|p1a: Ceruledge|atk|2|[from] item: Weakness Policy\n|-boost|p1a: Ceruledge|spa|2|[from] item: Weakness Policy\n|move|p1a: Ceruledge|Will-O-Wisp|p2a: Zamazenta|[miss]\n|-miss|p1a: Ceruledge|p2a: Zamazenta\n|\n|-heal|p1a: Ceruledge|51\/100|[from] Grassy Terrain\n|-heal|p2a: Zamazenta|54\/100|[from] Grassy Terrain\n|upkeep\n|turn|4\n|\n|t:|1700180928\n|move|p1a: Ceruledge|Will-O-Wisp|p2a: Zamazenta\n|-status|p2a: Zamazenta|brn\n|move|p2a: Zamazenta|Crunch|p1a: Ceruledge\n|-supereffective|p1a: Ceruledge\n|-damage|p1a: Ceruledge|12\/100\n|-ability|p1a: Ceruledge|Weak Armor|boost\n|-unboost|p1a: Ceruledge|def|1\n|-boost|p1a: Ceruledge|spe|2\n|\n|-heal|p1a: Ceruledge|18\/100|[from] Grassy Terrain\n|-heal|p2a: Zamazenta|60\/100 brn|[from] Grassy Terrain\n|-damage|p2a: Zamazenta|54\/100 brn|[from] brn\n|upkeep\n|turn|5\n|\n|t:|1700180932\n|move|p1a: Ceruledge|Bitter Blade|p2a: Zamazenta\n|-damage|p2a: Zamazenta|18\/100 brn\n|-heal|p1a: Ceruledge|35\/100|[from] drain|[of] p2a: Zamazenta\n|move|p2a: Zamazenta|Crunch|p1a: Ceruledge\n|-supereffective|p1a: Ceruledge\n|-damage|p1a: Ceruledge|0 fnt\n|faint|p1a: Ceruledge\n|\n|-heal|p2a: Zamazenta|24\/100 brn|[from] Grassy Terrain\n|-damage|p2a: Zamazenta|18\/100 brn|[from] brn\n|-fieldend|move: Grassy Terrain\n|upkeep\n|inactive|Sensei Milia has 120 seconds left.\n|inactive|Sensei Milia has 90 seconds left.\n|\n|t:|1700180992\n|switch|p1a: Garganacl|Garganacl, M, shiny|100\/100\n|turn|6\n|\n|t:|1700180997\n|-terastallize|p1a: Garganacl|Water\n|move|p2a: Zamazenta|Body Press|p1a: Garganacl\n|-damage|p1a: Garganacl|80\/100\n|move|p1a: Garganacl|Iron Defense|p1a: Garganacl\n|-boost|p1a: Garganacl|def|2\n|\n|-heal|p1a: Garganacl|86\/100|[from] item: Leftovers\n|-damage|p2a: Zamazenta|12\/100 brn|[from] brn\n|upkeep\n|turn|7\n|inactive|Sensei Milia has 90 seconds left.\n|\n|t:|1700181022\n|move|p2a: Zamazenta|Crunch|p1a: Garganacl\n|-damage|p1a: Garganacl|81\/100\n|-unboost|p1a: Garganacl|def|1\n|move|p1a: Garganacl|Salt Cure|p2a: Zamazenta\n|-resisted|p2a: Zamazenta\n|-damage|p2a: Zamazenta|8\/100 brn\n|-start|p2a: Zamazenta|Salt Cure\n|\n|-heal|p1a: Garganacl|87\/100|[from] item: Leftovers\n|-damage|p2a: Zamazenta|2\/100 brn|[from] brn\n|-damage|p2a: Zamazenta|0 fnt|[from] Salt Cure\n|faint|p2a: Zamazenta\n|upkeep\n|\n|t:|1700181029\n|switch|p2a: Iron Valiant|Iron Valiant|100\/100\n|-enditem|p2a: Iron Valiant|Booster Energy\n|-activate|p2a: Iron Valiant|ability: Quark Drive|[fromitem]\n|-start|p2a: Iron Valiant|quarkdrivespe\n|turn|8\n|\n|t:|1700181036\n|move|p2a: Iron Valiant|Calm Mind|p2a: Iron Valiant\n|-boost|p2a: Iron Valiant|spa|1\n|-boost|p2a: Iron Valiant|spd|1\n|move|p1a: Garganacl|Recover|p1a: Garganacl\n|-heal|p1a: Garganacl|100\/100\n|\n|upkeep\n|turn|9\n|\n|t:|1700181042\n|move|p2a: Iron Valiant|Moonblast|p1a: Garganacl\n|-damage|p1a: Garganacl|56\/100\n|move|p1a: Garganacl|Salt Cure|p2a: Iron Valiant\n|-resisted|p2a: Iron Valiant\n|-damage|p2a: Iron Valiant|92\/100\n|-start|p2a: Iron Valiant|Salt Cure\n|\n|-heal|p1a: Garganacl|63\/100|[from] item: Leftovers\n|-damage|p2a: Iron Valiant|79\/100|[from] Salt Cure\n|upkeep\n|turn|10\n|\n|t:|1700181047\n|move|p2a: Iron Valiant|Calm Mind|p2a: Iron Valiant\n|-boost|p2a: Iron Valiant|spa|1\n|-boost|p2a: Iron Valiant|spd|1\n|move|p1a: Garganacl|Recover|p1a: Garganacl\n|-heal|p1a: Garganacl|100\/100\n|\n|-damage|p2a: Iron Valiant|67\/100|[from] Salt Cure\n|upkeep\n|turn|11\n|\n|t:|1700181055\n|move|p2a: Iron Valiant|Moonblast|p1a: Garganacl\n|-damage|p1a: Garganacl|43\/100\n|-unboost|p1a: Garganacl|spa|1\n|move|p1a: Garganacl|Recover|p1a: Garganacl\n|-heal|p1a: Garganacl|93\/100\n|\n|-heal|p1a: Garganacl|99\/100|[from] item: Leftovers\n|-damage|p2a: Iron Valiant|54\/100|[from] Salt Cure\n|upkeep\n|turn|12\n|inactive|Sensei Milia has 120 seconds left.\n|\n|t:|1700181067\n|move|p2a: Iron Valiant|Calm Mind|p2a: Iron Valiant\n|-boost|p2a: Iron Valiant|spa|1\n|-boost|p2a: Iron Valiant|spd|1\n|move|p1a: Garganacl|Salt Cure|p2a: Iron Valiant\n|-resisted|p2a: Iron Valiant\n|-damage|p2a: Iron Valiant|44\/100\n|\n|-heal|p1a: Garganacl|100\/100|[from] item: Leftovers\n|-damage|p2a: Iron Valiant|32\/100|[from] Salt Cure\n|upkeep\n|turn|13\n|\n|t:|1700181072\n|move|p2a: Iron Valiant|Calm Mind|p2a: Iron Valiant\n|-boost|p2a: Iron Valiant|spa|1\n|-boost|p2a: Iron Valiant|spd|1\n|move|p1a: Garganacl|Recover||[still]\n|-fail|p1a: Garganacl|heal\n|\n|-damage|p2a: Iron Valiant|20\/100|[from] Salt Cure\n|upkeep\n|turn|14\n|\n|t:|1700181076\n|switch|p1a: Clodsire|Clodsire, M|100\/100\n|move|p2a: Iron Valiant|Moonblast|p1a: Clodsire\n|-resisted|p1a: Clodsire\n|-damage|p1a: Clodsire|87\/100\n|\n|-heal|p1a: Clodsire|94\/100|[from] item: Leftovers\n|-damage|p2a: Iron Valiant|7\/100|[from] Salt Cure\n|upkeep\n|turn|15\n|\n|t:|1700181088\n|move|p2a: Iron Valiant|Moonblast|p1a: Clodsire\n|-resisted|p1a: Clodsire\n|-damage|p1a: Clodsire|81\/100\n|move|p1a: Clodsire|Stealth Rock|p2a: Iron Valiant\n|-sidestart|p2: S3PP1|move: Stealth Rock\n|\n|-heal|p1a: Clodsire|87\/100|[from] item: Leftovers\n|-damage|p2a: Iron Valiant|0 fnt|[from] Salt Cure\n|faint|p2a: Iron Valiant\n|-end|p2a: Iron Valiant|Quark Drive|[silent]\n|upkeep\n|\n|t:|1700181093\n|switch|p2a: Rillaboom|Rillaboom, M|100\/100\n|-damage|p2a: Rillaboom|88\/100|[from] Stealth Rock\n|-fieldstart|move: Grassy Terrain|[from] ability: Grassy Surge|[of] p2a: Rillaboom\n|turn|16\n|\n|t:|1700181102\n|switch|p2a: Iron Treads|Iron Treads|100\/100\n|-damage|p2a: Iron Treads|97\/100|[from] Stealth Rock\n|switch|p1a: Heatran|Heatran, M, shiny|100\/100\n|\n|-heal|p2a: Iron Treads|100\/100|[from] Grassy Terrain\n|upkeep\n|turn|17\n|\n|t:|1700181106\n|move|p2a: Iron Treads|High Horsepower|p1a: Heatran\n|-supereffective|p1a: Heatran\n|-damage|p1a: Heatran|0 fnt\n|faint|p1a: Heatran\n|\n|upkeep\n|\n|t:|1700181116\n|switch|p1a: Garganacl|Garganacl, M, shiny, tera:Water|100\/100\n|turn|18\n|\n|t:|1700181121\n|move|p2a: Iron Treads|Rapid Spin|p1a: Garganacl\n|-damage|p1a: Garganacl|88\/100\n|-boost|p2a: Iron Treads|spe|1\n|-sideend|p2: S3PP1|Stealth Rock|[from] move: Rapid Spin|[of] p2a: Iron Treads\n|move|p1a: Garganacl|Iron Defense|p1a: Garganacl\n|-boost|p1a: Garganacl|def|2\n|\n|-heal|p1a: Garganacl|94\/100|[from] Grassy Terrain\n|-heal|p1a: Garganacl|100\/100|[from] item: Leftovers\n|upkeep\n|turn|19\n|\n|t:|1700181137\n|-end|p2a: Iron Treads|Quark Drive|[silent]\n|switch|p2a: Rillaboom|Rillaboom, M|88\/100\n|move|p1a: Garganacl|Iron Defense|p1a: Garganacl\n|-boost|p1a: Garganacl|def|2\n|\n|-heal|p2a: Rillaboom|94\/100|[from] Grassy Terrain\n|upkeep\n|turn|20\n|\n|t:|1700181154\n|switch|p2a: Iron Treads|Iron Treads|100\/100\n|move|p1a: Garganacl|Iron Defense|p1a: Garganacl\n|-boost|p1a: Garganacl|def|2\n|\n|-fieldend|move: Grassy Terrain\n|upkeep\n|turn|21\n|\n|t:|1700181160\n|move|p2a: Iron Treads|High Horsepower|p1a: Garganacl\n|-damage|p1a: Garganacl|93\/100\n|move|p1a: Garganacl|Body Press|p2a: Iron Treads\n|-supereffective|p2a: Iron Treads\n|-damage|p2a: Iron Treads|0 fnt\n|faint|p2a: Iron Treads\n|-end|p2a: Iron Treads|Quark Drive|[silent]\n|\n|-heal|p1a: Garganacl|99\/100|[from] item: Leftovers\n|upkeep\n|\n|t:|1700181162\n|switch|p2a: Rillaboom|Rillaboom, M|94\/100\n|-fieldstart|move: Grassy Terrain|[from] ability: Grassy Surge|[of] p2a: Rillaboom\n|turn|22\n|\n|t:|1700181172\n|move|p2a: Rillaboom|Drum Beating|p1a: Garganacl\n|-supereffective|p1a: Garganacl\n|-crit|p1a: Garganacl\n|-damage|p1a: Garganacl|0 fnt\n|faint|p1a: Garganacl\n|\n|-heal|p2a: Rillaboom|100\/100|[from] Grassy Terrain\n|upkeep\n|\n|t:|1700181188\n|switch|p1a: Clefable|Clefable, M|100\/100\n|turn|23\n|\n|t:|1700181194\n|move|p2a: Rillaboom|U-turn|p1a: Clefable\n|-resisted|p1a: Clefable\n|-damage|p1a: Clefable|88\/100\n|\n|t:|1700181196\n|switch|p2a: Heatran|Heatran, F|100\/100|[from] U-turn\n|move|p1a: Clefable|Cosmic Power|p1a: Clefable\n|-boost|p1a: Clefable|def|1\n|-boost|p1a: Clefable|spd|1\n|\n|-heal|p1a: Clefable|94\/100|[from] Grassy Terrain\n|-heal|p1a: Clefable|100\/100|[from] item: Leftovers\n|upkeep\n|turn|24\n|\n|t:|1700181201\n|move|p2a: Heatran|Magma Storm|p1a: Clefable\n|-damage|p1a: Clefable|68\/100\n|-activate|p1a: Clefable|move: Magma Storm|[of] p2a: Heatran\n|move|p1a: Clefable|Cosmic Power|p1a: Clefable\n|-boost|p1a: Clefable|def|1\n|-boost|p1a: Clefable|spd|1\n|\n|-heal|p1a: Clefable|74\/100|[from] Grassy Terrain\n|-heal|p1a: Clefable|80\/100|[from] item: Leftovers\n|upkeep\n|turn|25\n|\n|t:|1700181204\n|move|p2a: Heatran|Taunt|p1a: Clefable\n|-start|p1a: Clefable|move: Taunt\n|cant|p1a: Clefable|move: Taunt|Cosmic Power\n|\n|-heal|p1a: Clefable|86\/100|[from] Grassy Terrain\n|-heal|p1a: Clefable|92\/100|[from] item: Leftovers\n|upkeep\n|turn|26\n|\n|t:|1700181208\n|move|p2a: Heatran|Stealth Rock|p1a: Clefable\n|-sidestart|p1: Sensei Milia|move: Stealth Rock\n|move|p1a: Clefable|Draining Kiss|p2a: Heatran\n|-resisted|p2a: Heatran\n|-damage|p2a: Heatran|96\/100\n|-heal|p1a: Clefable|95\/100|[from] drain|[of] p2a: Heatran\n|\n|-heal|p2a: Heatran|100\/100|[from] Grassy Terrain\n|-heal|p1a: Clefable|100\/100|[from] Grassy Terrain\n|-fieldend|move: Grassy Terrain\n|upkeep\n|turn|27\n|\n|t:|1700181213\n|move|p2a: Heatran|Earth Power|p1a: Clefable\n|-damage|p1a: Clefable|86\/100\n|move|p1a: Clefable|Stored Power|p2a: Heatran\n|-resisted|p2a: Heatran\n|-damage|p2a: Heatran|89\/100\n|\n|-heal|p2a: Heatran|95\/100|[from] item: Leftovers\n|-heal|p1a: Clefable|92\/100|[from] item: Leftovers\n|-end|p1a: Clefable|move: Taunt\n|upkeep\n|turn|28\n|\n|t:|1700181215\n|move|p2a: Heatran|Magma Storm|p1a: Clefable|[miss]\n|-miss|p2a: Heatran|p1a: Clefable\n|move|p1a: Clefable|Cosmic Power|p1a: Clefable\n|-boost|p1a: Clefable|def|1\n|-boost|p1a: Clefable|spd|1\n|\n|-heal|p2a: Heatran|100\/100|[from] item: Leftovers\n|-heal|p1a: Clefable|98\/100|[from] item: Leftovers\n|upkeep\n|turn|29\n|\n|t:|1700181219\n|move|p2a: Heatran|Taunt|p1a: Clefable\n|-start|p1a: Clefable|move: Taunt\n|cant|p1a: Clefable|move: Taunt|Calm Mind\n|\n|-heal|p1a: Clefable|100\/100|[from] item: Leftovers\n|-end|p1a: Clefable|Magma Storm|[partiallytrapped]\n|upkeep\n|turn|30\n|\n|t:|1700181221\n|move|p2a: Heatran|Magma Storm|p1a: Clefable\n|-damage|p1a: Clefable|80\/100\n|-activate|p1a: Clefable|move: Magma Storm|[of] p2a: Heatran\n|move|p1a: Clefable|Draining Kiss|p2a: Heatran\n|-resisted|p2a: Heatran\n|-damage|p2a: Heatran|96\/100\n|-heal|p1a: Clefable|83\/100|[from] drain|[of] p2a: Heatran\n|\n|-heal|p2a: Heatran|100\/100|[from] item: Leftovers\n|-heal|p1a: Clefable|89\/100|[from] item: Leftovers\n|upkeep\n|turn|31\n|\n|t:|1700181225\n|move|p2a: Heatran|Magma Storm|p1a: Clefable\n|-damage|p1a: Clefable|70\/100\n|move|p1a: Clefable|Stored Power|p2a: Heatran\n|-resisted|p2a: Heatran\n|-damage|p2a: Heatran|84\/100\n|\n|-heal|p2a: Heatran|91\/100|[from] item: Leftovers\n|-heal|p1a: Clefable|76\/100|[from] item: Leftovers\n|-end|p1a: Clefable|move: Taunt\n|upkeep\n|turn|32\n|\n|t:|1700181229\n|move|p2a: Heatran|Taunt|p1a: Clefable\n|-start|p1a: Clefable|move: Taunt\n|cant|p1a: Clefable|move: Taunt|Calm Mind\n|\n|-heal|p2a: Heatran|97\/100|[from] item: Leftovers\n|-heal|p1a: Clefable|82\/100|[from] item: Leftovers\n|upkeep\n|turn|33\n|\n|t:|1700181236\n|move|p2a: Heatran|Magma Storm|p1a: Clefable\n|-damage|p1a: Clefable|63\/100\n|move|p1a: Clefable|Stored Power|p2a: Heatran\n|-resisted|p2a: Heatran\n|-damage|p2a: Heatran|80\/100\n|\n|-heal|p2a: Heatran|87\/100|[from] item: Leftovers\n|-heal|p1a: Clefable|70\/100|[from] item: Leftovers\n|upkeep\n|turn|34\n|\n|t:|1700181241\n|move|p2a: Heatran|Magma Storm|p1a: Clefable\n|-damage|p1a: Clefable|51\/100\n|move|p1a: Clefable|Stored Power|p2a: Heatran\n|-resisted|p2a: Heatran\n|-damage|p2a: Heatran|70\/100\n|\n|-heal|p2a: Heatran|76\/100|[from] item: Leftovers\n|-heal|p1a: Clefable|57\/100|[from] item: Leftovers\n|-end|p1a: Clefable|Magma Storm|[partiallytrapped]\n|-end|p1a: Clefable|move: Taunt\n|upkeep\n|turn|35\n|\n|t:|1700181243\n|move|p2a: Heatran|Taunt|p1a: Clefable\n|-start|p1a: Clefable|move: Taunt\n|cant|p1a: Clefable|move: Taunt|Calm Mind\n|\n|-heal|p2a: Heatran|82\/100|[from] item: Leftovers\n|-heal|p1a: Clefable|63\/100|[from] item: Leftovers\n|upkeep\n|turn|36\n|\n|t:|1700181246\n|move|p2a: Heatran|Magma Storm|p1a: Clefable\n|-damage|p1a: Clefable|43\/100\n|-activate|p1a: Clefable|move: Magma Storm|[of] p2a: Heatran\n|move|p1a: Clefable|Stored Power|p2a: Heatran\n|-resisted|p2a: Heatran\n|-damage|p2a: Heatran|66\/100\n|\n|-heal|p2a: Heatran|72\/100|[from] item: Leftovers\n|-heal|p1a: Clefable|49\/100|[from] item: Leftovers\n|upkeep\n|turn|37\n|\n|t:|1700181249\n|move|p2a: Heatran|Magma Storm|p1a: Clefable\n|-damage|p1a: Clefable|31\/100\n|move|p1a: Clefable|Stored Power|p2a: Heatran\n|-resisted|p2a: Heatran\n|-damage|p2a: Heatran|56\/100\n|\n|-heal|p2a: Heatran|62\/100|[from] item: Leftovers\n|-heal|p1a: Clefable|37\/100|[from] item: Leftovers\n|-end|p1a: Clefable|move: Taunt\n|upkeep\n|turn|38\n|\n|t:|1700181259\n|move|p2a: Heatran|Taunt|p1a: Clefable\n|-start|p1a: Clefable|move: Taunt\n|move|p1a: Clefable|Stored Power|p2a: Heatran\n|-resisted|p2a: Heatran\n|-damage|p2a: Heatran|46\/100\n|\n|-heal|p2a: Heatran|52\/100|[from] item: Leftovers\n|-heal|p1a: Clefable|43\/100|[from] item: Leftovers\n|upkeep\n|turn|39\n|\n|t:|1700181266\n|move|p2a: Heatran|Earth Power|p1a: Clefable\n|-damage|p1a: Clefable|30\/100\n|move|p1a: Clefable|Stored Power|p2a: Heatran\n|-resisted|p2a: Heatran\n|-damage|p2a: Heatran|36\/100\n|\n|-heal|p2a: Heatran|43\/100|[from] item: Leftovers\n|-heal|p1a: Clefable|37\/100|[from] item: Leftovers\n|upkeep\n|turn|40\n|\n|t:|1700181269\n|move|p2a: Heatran|Earth Power|p1a: Clefable\n|-damage|p1a: Clefable|26\/100\n|move|p1a: Clefable|Stored Power|p2a: Heatran\n|-resisted|p2a: Heatran\n|-damage|p2a: Heatran|26\/100\n|\n|-heal|p2a: Heatran|32\/100|[from] item: Leftovers\n|-heal|p1a: Clefable|32\/100|[from] item: Leftovers\n|-end|p1a: Clefable|move: Taunt\n|upkeep\n|turn|41\n|\n|t:|1700181271\n|move|p2a: Heatran|Taunt|p1a: Clefable\n|-start|p1a: Clefable|move: Taunt\n|cant|p1a: Clefable|move: Taunt|Calm Mind\n|\n|-heal|p2a: Heatran|38\/100|[from] item: Leftovers\n|-heal|p1a: Clefable|38\/100|[from] item: Leftovers\n|-end|p1a: Clefable|Magma Storm|[partiallytrapped]\n|upkeep\n|turn|42\n|\n|t:|1700181276\n|move|p2a: Heatran|Earth Power|p1a: Clefable\n|-damage|p1a: Clefable|26\/100\n|move|p1a: Clefable|Stored Power|p2a: Heatran\n|-resisted|p2a: Heatran\n|-damage|p2a: Heatran|22\/100\n|\n|-heal|p2a: Heatran|28\/100|[from] item: Leftovers\n|-heal|p1a: Clefable|32\/100|[from] item: Leftovers\n|upkeep\n|turn|43\n|\n|t:|1700181278\n|move|p2a: Heatran|Earth Power|p1a: Clefable\n|-damage|p1a: Clefable|21\/100\n|move|p1a: Clefable|Stored Power|p2a: Heatran\n|-resisted|p2a: Heatran\n|-damage|p2a: Heatran|11\/100\n|\n|-heal|p2a: Heatran|18\/100|[from] item: Leftovers\n|-heal|p1a: Clefable|27\/100|[from] item: Leftovers\n|-end|p1a: Clefable|move: Taunt\n|upkeep\n|turn|44\n|\n|t:|1700181281\n|move|p2a: Heatran|Taunt|p1a: Clefable\n|-start|p1a: Clefable|move: Taunt\n|move|p1a: Clefable|Stored Power|p2a: Heatran\n|-resisted|p2a: Heatran\n|-damage|p2a: Heatran|1\/100\n|\n|-heal|p2a: Heatran|8\/100|[from] item: Leftovers\n|-heal|p1a: Clefable|33\/100|[from] item: Leftovers\n|upkeep\n|turn|45\n|\n|t:|1700181284\n|move|p2a: Heatran|Earth Power|p1a: Clefable\n|-damage|p1a: Clefable|20\/100\n|-unboost|p1a: Clefable|spd|1\n|move|p1a: Clefable|Stored Power|p2a: Heatran\n|-resisted|p2a: Heatran\n|-crit|p2a: Heatran\n|-damage|p2a: Heatran|0 fnt\n|faint|p2a: Heatran\n|\n|-heal|p1a: Clefable|26\/100|[from] item: Leftovers\n|upkeep\n|\n|t:|1700181287\n|switch|p2a: Sneasler|Sneasler, M|100\/100\n|turn|46\n|\n|t:|1700181292\n|move|p2a: Sneasler|Dire Claw|p1a: Clefable\n|-supereffective|p1a: Clefable\n|-damage|p1a: Clefable|0 fnt\n|faint|p1a: Clefable\n|\n|upkeep\n|\n|t:|1700181301\n|switch|p1a: Breloom|Breloom, F|100\/100\n|-damage|p1a: Breloom|94\/100|[from] Stealth Rock\n|turn|47\n|\n|t:|1700181309\n|switch|p1a: Clodsire|Clodsire, M|87\/100\n|-damage|p1a: Clodsire|81\/100|[from] Stealth Rock\n|move|p2a: Sneasler|Dire Claw|p1a: Clodsire\n|-resisted|p1a: Clodsire\n|-damage|p1a: Clodsire|69\/100\n|\n|-heal|p1a: Clodsire|75\/100|[from] item: Leftovers\n|upkeep\n|turn|48\n|\n|t:|1700181318\n|switch|p2a: Rillaboom|Rillaboom, M|100\/100\n|-fieldstart|move: Grassy Terrain|[from] ability: Grassy Surge|[of] p2a: Rillaboom\n|move|p1a: Clodsire|Stealth Rock|p2a: Rillaboom\n|-sidestart|p2: S3PP1|move: Stealth Rock\n|\n|-heal|p1a: Clodsire|82\/100|[from] Grassy Terrain\n|-heal|p1a: Clodsire|88\/100|[from] item: Leftovers\n|upkeep\n|turn|49\n|\n|t:|1700181322\n|move|p2a: Rillaboom|Drum Beating|p1a: Clodsire\n|-crit|p1a: Clodsire\n|-damage|p1a: Clodsire|0 fnt\n|faint|p1a: Clodsire\n|\n|upkeep\n|\n|t:|1700181325\n|switch|p1a: Breloom|Breloom, F|94\/100\n|-damage|p1a: Breloom|88\/100|[from] Stealth Rock\n|turn|50\n|\n|t:|1700181330\n|move|p2a: Rillaboom|U-turn|p1a: Breloom\n|-damage|p1a: Breloom|53\/100\n|\n|t:|1700181333\n|switch|p2a: Sneasler|Sneasler, M|100\/100|[from] U-turn\n|-damage|p2a: Sneasler|95\/100|[from] Stealth Rock\n|-enditem|p2a: Sneasler|Grassy Seed\n|-boost|p2a: Sneasler|def|1|[from] item: Grassy Seed\n|move|p1a: Breloom|Bulk Up|p1a: Breloom\n|-boost|p1a: Breloom|atk|1\n|-boost|p1a: Breloom|def|1\n|\n|-heal|p2a: Sneasler|100\/100|[from] Grassy Terrain\n|-heal|p1a: Breloom|59\/100|[from] Grassy Terrain\n|-status|p1a: Breloom|tox|[from] item: Toxic Orb\n|upkeep\n|turn|51\n|\n|t:|1700181335\n|move|p2a: Sneasler|Acrobatics|p1a: Breloom\n|-supereffective|p1a: Breloom\n|-damage|p1a: Breloom|0 fnt\n|faint|p1a: Breloom\n|\n|win|S3PP1\n|raw|Sensei Milia's rating: 1250 &rarr; <strong>1220<\/strong><br \/>(-30 for losing)\n|raw|S3PP1's rating: 1173 &rarr; <strong>1203<\/strong><br \/>(+30 for winning)\n|l|\u2606Sensei Milia\n","uploadtime":1700181341,"views":18,"p1id":"senseimilia","p2id":"s3pp1","formatid":"gen9ou","rating":1203,"private":0,"password":""}