{"id":"gen9ou-1993506612","p1":"Frenzi07","p2":"blanket towel","format":"[Gen 9] OU","log":"|j|\u2606Frenzi07\n|j|\u2606blanket towel\n|t:|1700325960\n|gametype|singles\n|player|p1|Frenzi07|crasherwake|1044\n|player|p2|blanket towel|serena-masters2|1068\n|teamsize|p1|6\n|teamsize|p2|6\n|gen|9\n|tier|[Gen 9] OU\n|rated|\n|rule|Sleep Clause Mod: Limit one foe put to sleep\n|rule|Species Clause: Limit one of each Pok\u00e9mon\n|rule|OHKO Clause: OHKO moves are banned\n|rule|Evasion Items Clause: Evasion items are banned\n|rule|Evasion Moves Clause: Evasion moves are banned\n|rule|Endless Battle Clause: Forcing endless battles is banned\n|rule|HP Percentage Mod: HP is shown in percentages\n|clearpoke\n|poke|p1|Ogerpon-Cornerstone, F|\n|poke|p1|Landorus-Therian, M|\n|poke|p1|Empoleon, F|\n|poke|p1|Ribombee, M|\n|poke|p1|Sneasler, M|\n|poke|p1|Dragapult, F|\n|poke|p2|Maushold-Four|\n|poke|p2|Samurott-Hisui, F|\n|poke|p2|Great Tusk|\n|poke|p2|Garganacl, M|\n|poke|p2|Cinderace, F|\n|poke|p2|Thundurus-Therian, M|\n|teampreview\n|\n|t:|1700325979\n|start\n|switch|p1a: Landorus|Landorus-Therian, M, shiny|100\/100\n|switch|p2a: Cinderace|Cinderace, F|100\/100\n|-ability|p1a: Landorus|Intimidate|boost\n|-unboost|p2a: Cinderace|atk|1\n|turn|1\n|\n|t:|1700325988\n|move|p1a: Landorus|Tera Blast|p2a: Cinderace\n|-damage|p2a: Cinderace|72\/100\n|move|p2a: Cinderace|U-turn|p1a: Landorus\n|-start|p2a: Cinderace|typechange|Bug|[from] ability: Libero\n|-resisted|p1a: Landorus\n|-damage|p1a: Landorus|88\/100\n|\n|t:|1700325998\n|switch|p2a: Great Tusk|Great Tusk|100\/100|[from] U-turn\n|-enditem|p2a: Great Tusk|Booster Energy\n|-activate|p2a: Great Tusk|ability: Protosynthesis|[fromitem]\n|-start|p2a: Great Tusk|protosynthesisatk\n|\n|upkeep\n|turn|2\n|\n|t:|1700326031\n|switch|p1a: Ribombee|Ribombee, M, shiny|100\/100\n|move|p2a: Great Tusk|Ice Spinner|p1a: Ribombee\n|-damage|p1a: Ribombee|26\/100\n|\n|upkeep\n|turn|3\n|\n|t:|1700326051\n|move|p1a: Ribombee|Bug Buzz|p2a: Great Tusk\n|-resisted|p2a: Great Tusk\n|-damage|p2a: Great Tusk|59\/100\n|-damage|p1a: Ribombee|16\/100|[from] item: Life Orb\n|move|p2a: Great Tusk|Rapid Spin|p1a: Ribombee\n|-damage|p1a: Ribombee|0 fnt\n|-boost|p2a: Great Tusk|spe|1\n|faint|p1a: Ribombee\n|\n|upkeep\n|\n|t:|1700326057\n|switch|p1a: Ogerpon|Ogerpon-Cornerstone, F|100\/100\n|turn|4\n|\n|t:|1700326066\n|move|p2a: Great Tusk|Close Combat|p1a: Ogerpon\n|-supereffective|p1a: Ogerpon\n|-ability|p1a: Ogerpon|Sturdy\n|-damage|p1a: Ogerpon|1\/100\n|-unboost|p2a: Great Tusk|def|1\n|-unboost|p2a: Great Tusk|spd|1\n|move|p1a: Ogerpon|Horn Leech|p2a: Great Tusk\n|-supereffective|p2a: Great Tusk\n|-damage|p2a: Great Tusk|0 fnt\n|-heal|p1a: Ogerpon|37\/100|[from] drain|[of] p2a: Great Tusk\n|faint|p2a: Great Tusk\n|-end|p2a: Great Tusk|Protosynthesis|[silent]\n|\n|upkeep\n|\n|t:|1700326085\n|switch|p2a: Samurott|Samurott-Hisui, F|100\/100\n|turn|5\n|\n|t:|1700326090\n|move|p2a: Samurott|Ceaseless Edge|p1a: Ogerpon\n|-damage|p1a: Ogerpon|0 fnt\n|-sidestart|p1: Frenzi07|Spikes\n|faint|p1a: Ogerpon\n|\n|upkeep\n|\n|t:|1700326122\n|switch|p1a: Sneasler|Sneasler, M, shiny|100\/100\n|-damage|p1a: Sneasler|88\/100|[from] Spikes\n|turn|6\n|\n|t:|1700326141\n|switch|p2a: Thundurus|Thundurus-Therian, M|100\/100\n|move|p1a: Sneasler|Close Combat|p2a: Thundurus\n|-resisted|p2a: Thundurus\n|-damage|p2a: Thundurus|51\/100\n|-unboost|p1a: Sneasler|def|1\n|-unboost|p1a: Sneasler|spd|1\n|-enditem|p1a: Sneasler|White Herb\n|-clearnegativeboost|p1a: Sneasler|[silent]\n|\n|upkeep\n|turn|7\n|\n|t:|1700326155\n|move|p1a: Sneasler|Dire Claw|p2a: Thundurus\n|-damage|p2a: Thundurus|0 fnt\n|faint|p2a: Thundurus\n|\n|upkeep\n|\n|t:|1700326165\n|switch|p2a: Maushold|Maushold-Four|100\/100\n|turn|8\n|\n|t:|1700326213\n|-terastallize|p2a: Maushold|Ghost\n|move|p1a: Sneasler|Close Combat|p2a: Maushold\n|-immune|p2a: Maushold\n|move|p2a: Maushold|Population Bomb|p1a: Sneasler\n|-damage|p1a: Sneasler|69\/100\n|-damage|p1a: Sneasler|50\/100\n|-damage|p1a: Sneasler|29\/100\n|-damage|p1a: Sneasler|10\/100\n|-damage|p1a: Sneasler|0 fnt\n|faint|p1a: Sneasler\n|-hitcount|p1: Sneasler|5\n|\n|upkeep\n|\n|t:|1700326216\n|switch|p1a: Dragapult|Dragapult, F, shiny|100\/100\n|-damage|p1a: Dragapult|88\/100|[from] Spikes\n|turn|9\n|\n|t:|1700326228\n|switch|p2a: Samurott|Samurott-Hisui, F|100\/100\n|move|p1a: Dragapult|Dragon Dance|p1a: Dragapult\n|-boost|p1a: Dragapult|atk|1\n|-boost|p1a: Dragapult|spe|1\n|\n|upkeep\n|turn|10\n|\n|t:|1700326237\n|move|p1a: Dragapult|Dragon Darts|p2a: Samurott\n|-damage|p2a: Samurott|33\/100\n|-anim|p1a: Dragapult|Dragon Darts|p2a: Samurott\n|-damage|p2a: Samurott|0 fnt\n|faint|p2a: Samurott\n|-damage|p1a: Dragapult|78\/100|[from] item: Life Orb\n|\n|upkeep\n|\n|t:|1700326244\n|switch|p2a: Cinderace|Cinderace, F|72\/100\n|turn|11\n|\n|t:|1700326250\n|move|p2a: Cinderace|Sucker Punch|p1a: Dragapult\n|-start|p2a: Cinderace|typechange|Dark|[from] ability: Libero\n|-supereffective|p1a: Dragapult\n|-damage|p1a: Dragapult|0 fnt\n|faint|p1a: Dragapult\n|\n|upkeep\n|\n|t:|1700326256\n|switch|p1a: Landorus|Landorus-Therian, M, shiny|88\/100\n|-ability|p1a: Landorus|Intimidate|boost\n|-unboost|p2a: Cinderace|atk|1\n|turn|12\n|\n|t:|1700326263\n|move|p1a: Landorus|Hammer Arm|p2a: Cinderace\n|-supereffective|p2a: Cinderace\n|-damage|p2a: Cinderace|0 fnt\n|-unboost|p1a: Landorus|spe|1\n|faint|p2a: Cinderace\n|\n|upkeep\n|\n|t:|1700326275\n|switch|p2a: Garganacl|Garganacl, M|100\/100\n|turn|13\n|\n|t:|1700326282\n|switch|p2a: Maushold|Maushold-Four, tera:Ghost|100\/100\n|move|p1a: Landorus|Hammer Arm|p2a: Maushold\n|-immune|p2a: Maushold\n|\n|upkeep\n|turn|14\n|\n|t:|1700326285\n|switch|p1a: Empoleon|Empoleon, F, shiny|100\/100\n|-damage|p1a: Empoleon|88\/100|[from] Spikes\n|move|p2a: Maushold|Tidy Up|p2a: Maushold\n|-sideend|p1: Frenzi07|Spikes\n|-activate|p2a: Maushold|move: Tidy Up\n|-boost|p2a: Maushold|atk|1\n|-boost|p2a: Maushold|spe|1\n|\n|upkeep\n|turn|15\n|\n|t:|1700326290\n|move|p2a: Maushold|Population Bomb|p1a: Empoleon\n|-resisted|p1a: Empoleon\n|-damage|p1a: Empoleon|79\/100\n|-resisted|p1a: Empoleon\n|-damage|p1a: Empoleon|70\/100\n|-resisted|p1a: Empoleon\n|-damage|p1a: Empoleon|61\/100\n|-resisted|p1a: Empoleon\n|-damage|p1a: Empoleon|53\/100\n|-resisted|p1a: Empoleon\n|-crit|p1a: Empoleon\n|-damage|p1a: Empoleon|39\/100\n|-resisted|p1a: Empoleon\n|-damage|p1a: Empoleon|31\/100\n|-resisted|p1a: Empoleon\n|-damage|p1a: Empoleon|23\/100\n|-resisted|p1a: Empoleon\n|-damage|p1a: Empoleon|14\/100\n|-resisted|p1a: Empoleon\n|-damage|p1a: Empoleon|5\/100\n|-hitcount|p1a: Empoleon|9\n|move|p1a: Empoleon|Hydro Pump|p2a: Maushold|[miss]\n|-miss|p1a: Empoleon|p2a: Maushold\n|\n|upkeep\n|turn|16\n|\n|t:|1700326308\n|move|p2a: Maushold|Bite|p1a: Empoleon\n|-damage|p1a: Empoleon|0 fnt\n|faint|p1a: Empoleon\n|\n|upkeep\n|\n|t:|1700326309\n|switch|p1a: Landorus|Landorus-Therian, M, shiny|88\/100\n|-ability|p1a: Landorus|Intimidate|boost\n|-unboost|p2a: Maushold|atk|1\n|turn|17\n|\n|t:|1700326313\n|move|p2a: Maushold|Population Bomb|p1a: Landorus\n|-damage|p1a: Landorus|75\/100\n|-damage|p1a: Landorus|62\/100\n|-damage|p1a: Landorus|49\/100\n|-damage|p1a: Landorus|37\/100\n|-damage|p1a: Landorus|24\/100\n|-damage|p1a: Landorus|11\/100\n|-damage|p1a: Landorus|0 fnt\n|faint|p1a: Landorus\n|-hitcount|p1: Landorus|7\n|\n|win|blanket towel\n|raw|Frenzi07's rating: 1044 &rarr; <strong>1029<\/strong><br \/>(-15 for losing)\n|raw|blanket towel's rating: 1068 &rarr; <strong>1096<\/strong><br \/>(+28 for winning)\n|l|\u2606Frenzi07\n","uploadtime":1700326318,"views":8,"p1id":"frenzi07","p2id":"blankettowel","formatid":"gen9ou","rating":1029,"private":0,"password":""}