{"id":"gen9ou-1994935593","p1":"Corneliusthe2ndth","p2":"Shelldershell","format":"[Gen 9] OU","log":"|j|\u2606Corneliusthe2ndth\n|j|\u2606Shelldershell\n|t:|1700506116\n|gametype|singles\n|player|p1|Corneliusthe2ndth|169|\n|player|p2|Shelldershell|102|\n|teamsize|p1|6\n|teamsize|p2|6\n|gen|9\n|tier|[Gen 9] OU\n|rule|Sleep Clause Mod: Limit one foe put to sleep\n|rule|Species Clause: Limit one of each Pok\u00e9mon\n|rule|OHKO Clause: OHKO moves are banned\n|rule|Evasion Items Clause: Evasion items are banned\n|rule|Evasion Moves Clause: Evasion moves are banned\n|rule|Endless Battle Clause: Forcing endless battles is banned\n|rule|HP Percentage Mod: HP is shown in percentages\n|clearpoke\n|poke|p1|Slowking-Galar, M|\n|poke|p1|Ceruledge, M|\n|poke|p1|Corviknight, M|\n|poke|p1|Heatran, M|\n|poke|p1|Kingambit, M|\n|poke|p1|Rillaboom, F|\n|poke|p2|Gogoat, M|\n|poke|p2|Rotom-Wash|\n|poke|p2|Gholdengo|\n|poke|p2|Garganacl, M|\n|poke|p2|Kingambit, M|\n|poke|p2|Altaria, M|\n|teampreview\n|c|\u2606Shelldershell|zoinks\n|c|\u2606Corneliusthe2ndth|here we are\n|c|\u2606Shelldershell|i chose the wrong team frfr\n|c|\u2606Shelldershell|its ok i trust in these sillies\n|\n|t:|1700506162\n|start\n|switch|p1a: toxic boi|Slowking-Galar, M|100\/100\n|switch|p2a: Rotom|Rotom-Wash|100\/100\n|turn|1\n|\n|t:|1700506175\n|move|p2a: Rotom|Volt Switch|p1a: toxic boi\n|-damage|p1a: toxic boi|74\/100\n|\n|t:|1700506188\n|switch|p2a: Garganacl|Garganacl, M|100\/100|[from] Volt Switch\n|move|p1a: toxic boi|Sludge Bomb|p2a: Garganacl\n|-resisted|p2a: Garganacl\n|-damage|p2a: Garganacl|86\/100\n|\n|-heal|p2a: Garganacl|92\/100|[from] item: Leftovers\n|-heal|p1a: toxic boi|80\/100|[from] item: Black Sludge\n|upkeep\n|turn|2\n|\n|t:|1700506219\n|switch|p1a: King II|Kingambit, M, shiny|100\/100\n|move|p2a: Garganacl|Salt Cure|p1a: King II\n|-resisted|p1a: King II\n|-damage|p1a: King II|96\/100\n|-start|p1a: King II|Salt Cure\n|\n|-heal|p2a: Garganacl|98\/100|[from] item: Leftovers\n|-damage|p1a: King II|71\/100|[from] Salt Cure\n|upkeep\n|turn|3\n|\n|t:|1700506257\n|-terastallize|p2a: Garganacl|Electric\n|move|p1a: King II|Iron Head|p2a: Garganacl\n|-resisted|p2a: Garganacl\n|-damage|p2a: Garganacl|85\/100\n|cant|p2a: Garganacl|flinch\n|\n|-heal|p2a: Garganacl|91\/100|[from] item: Leftovers\n|-damage|p1a: King II|46\/100|[from] Salt Cure\n|upkeep\n|turn|4\n|c|\u2606Shelldershell|bro\n|\n|t:|1700506278\n|switch|p1a: slishy slash|Ceruledge, M, shiny|100\/100\n|move|p2a: Garganacl|Earthquake|p1a: slishy slash\n|-supereffective|p1a: slishy slash\n|-damage|p1a: slishy slash|46\/100\n|\n|-heal|p2a: Garganacl|97\/100|[from] item: Leftovers\n|upkeep\n|turn|5\n|\n|t:|1700506298\n|switch|p1a: monke|Rillaboom, F|100\/100\n|move|p2a: Garganacl|Earthquake|p1a: monke\n|-resisted|p1a: monke\n|-damage|p1a: monke|87\/100\n|\n|-heal|p2a: Garganacl|100\/100|[from] item: Leftovers\n|upkeep\n|turn|6\n|\n|t:|1700506311\n|switch|p2a: Altaria|Altaria, M|100\/100\n|move|p1a: monke|Seed Bomb|p2a: Altaria\n|-resisted|p2a: Altaria\n|-crit|p2a: Altaria\n|-damage|p2a: Altaria|84\/100\n|\n|upkeep\n|turn|7\n|\n|t:|1700506333\n|switch|p1a: cool birb|Corviknight, M, shiny|100\/100\n|-ability|p1a: cool birb|Pressure\n|move|p2a: Altaria|Will-O-Wisp|p1a: cool birb\n|-status|p1a: cool birb|brn\n|\n|-damage|p1a: cool birb|94\/100 brn|[from] brn\n|upkeep\n|turn|8\n|\n|t:|1700506349\n|switch|p2a: Garganacl|Garganacl, M, tera:Electric|100\/100\n|move|p1a: cool birb|Iron Head|p2a: Garganacl\n|-resisted|p2a: Garganacl\n|-damage|p2a: Garganacl|96\/100\n|\n|-heal|p2a: Garganacl|100\/100|[from] item: Leftovers\n|-damage|p1a: cool birb|88\/100 brn|[from] brn\n|upkeep\n|turn|9\n|c|\u2606Corneliusthe2ndth|can we just have neutral type bro\n|c|\u2606Shelldershell|huh\n|\n|t:|1700506386\n|switch|p1a: monke|Rillaboom, F|87\/100\n|move|p2a: Garganacl|Salt Cure|p1a: monke\n|-damage|p1a: monke|70\/100\n|-start|p1a: monke|Salt Cure\n|\n|-damage|p1a: monke|57\/100|[from] Salt Cure\n|upkeep\n|turn|10\n|\n|t:|1700506415\n|switch|p2a: Altaria|Altaria, M|84\/100\n|move|p1a: monke|Brick Break|p2a: Altaria\n|-resisted|p2a: Altaria\n|-damage|p2a: Altaria|73\/100\n|\n|-damage|p1a: monke|45\/100|[from] Salt Cure\n|upkeep\n|turn|11\n|\n|t:|1700506431\n|switch|p1a: slishy slash|Ceruledge, M, shiny|46\/100\n|move|p2a: Altaria|Roost|p2a: Altaria\n|-heal|p2a: Altaria|100\/100\n|-singleturn|p2a: Altaria|move: Roost\n|\n|upkeep\n|turn|12\n|\n|t:|1700506445\n|move|p1a: slishy slash|Bitter Blade|p2a: Altaria\n|-resisted|p2a: Altaria\n|-damage|p2a: Altaria|84\/100\n|-heal|p1a: slishy slash|56\/100|[from] drain|[of] p2a: Altaria\n|move|p2a: Altaria|Brave Bird|p1a: slishy slash\n|-damage|p1a: slishy slash|20\/100\n|-damage|p2a: Altaria|67\/100|[from] item: Rocky Helmet|[of] p1a: slishy slash\n|-damage|p2a: Altaria|58\/100|[from] Recoil\n|\n|upkeep\n|turn|13\n|\n|t:|1700506461\n|move|p1a: slishy slash|Shadow Claw|p2a: Altaria\n|-damage|p2a: Altaria|30\/100\n|move|p2a: Altaria|Roost|p2a: Altaria\n|-heal|p2a: Altaria|80\/100\n|-singleturn|p2a: Altaria|move: Roost\n|\n|upkeep\n|turn|14\n|\n|t:|1700506473\n|switch|p2a: Garganacl|Garganacl, M, tera:Electric|100\/100\n|move|p1a: slishy slash|Shadow Claw|p2a: Garganacl\n|-damage|p2a: Garganacl|90\/100\n|\n|-heal|p2a: Garganacl|96\/100|[from] item: Leftovers\n|upkeep\n|turn|15\n|\n|t:|1700506493\n|-terastallize|p1a: slishy slash|Fighting\n|move|p1a: slishy slash|Brick Break|p2a: Garganacl\n|-damage|p2a: Garganacl|76\/100\n|move|p2a: Garganacl|Salt Cure|p1a: slishy slash\n|-resisted|p1a: slishy slash\n|-damage|p1a: slishy slash|11\/100\n|-start|p1a: slishy slash|Salt Cure\n|\n|-heal|p2a: Garganacl|82\/100|[from] item: Leftovers\n|-damage|p1a: slishy slash|0 fnt|[from] Salt Cure\n|faint|p1a: slishy slash\n|upkeep\n|c|\u2606Shelldershell|w\n|\n|t:|1700506506\n|switch|p1a: \ud83d\udd25|Heatran, M, shiny|100\/100\n|turn|16\n|\n|t:|1700506523\n|move|p1a: \ud83d\udd25|Earth Power|p2a: Garganacl\n|-supereffective|p2a: Garganacl\n|-damage|p2a: Garganacl|39\/100\n|move|p2a: Garganacl|Salt Cure|p1a: \ud83d\udd25\n|-damage|p1a: \ud83d\udd25|85\/100\n|-start|p1a: \ud83d\udd25|Salt Cure\n|\n|-heal|p2a: Garganacl|45\/100|[from] item: Leftovers\n|-damage|p1a: \ud83d\udd25|61\/100|[from] Salt Cure\n|upkeep\n|turn|17\n|c|\u2606Shelldershell|geez\n|\n|t:|1700506536\n|switch|p2a: Altaria|Altaria, M|80\/100\n|move|p1a: \ud83d\udd25|Earth Power|p2a: Altaria\n|-immune|p2a: Altaria\n|\n|-damage|p1a: \ud83d\udd25|36\/100|[from] Salt Cure\n|upkeep\n|turn|18\n|c|\u2606Shelldershell|i forgot it has earth power\n|\n|t:|1700506547\n|move|p1a: \ud83d\udd25|Flash Cannon|p2a: Altaria\n|-damage|p2a: Altaria|40\/100\n|move|p2a: Altaria|Roost|p2a: Altaria\n|-heal|p2a: Altaria|90\/100\n|-singleturn|p2a: Altaria|move: Roost\n|\n|-damage|p1a: \ud83d\udd25|11\/100|[from] Salt Cure\n|upkeep\n|turn|19\n|\n|t:|1700506561\n|switch|p1a: toxic boi|Slowking-Galar, M|100\/100\n|move|p2a: Altaria|Roost|p2a: Altaria\n|-heal|p2a: Altaria|100\/100\n|-singleturn|p2a: Altaria|move: Roost\n|\n|upkeep\n|turn|20\n|\n|t:|1700506591\n|switch|p2a: Kingambit|Kingambit, M|100\/100\n|move|p1a: toxic boi|Eerie Spell|p2a: Kingambit\n|-immune|p2a: Kingambit\n|\n|upkeep\n|turn|21\n|\n|t:|1700506605\n|switch|p1a: cool birb|Corviknight, M, shiny|88\/100 brn\n|-ability|p1a: cool birb|Pressure\n|move|p2a: Kingambit|Kowtow Cleave|p1a: cool birb\n|-damage|p1a: cool birb|44\/100 brn\n|\n|-damage|p1a: cool birb|38\/100 brn|[from] brn\n|upkeep\n|turn|22\n|c|\u2606Corneliusthe2ndth|BRO JUST BE NEUTRAL\n|\n|t:|1700506632\n|move|p2a: Kingambit|Kowtow Cleave|p1a: cool birb\n|-damage|p1a: cool birb|0 fnt\n|faint|p1a: cool birb\n|\n|upkeep\n|c|\u2606Corneliusthe2ndth|gg\n|\n|t:|1700506648\n|switch|p1a: \ud83d\udd25|Heatran, M, shiny|11\/100\n|turn|23\n|c|\u2606Shelldershell|wdym gg\n|\n|t:|1700506657\n|move|p2a: Kingambit|Sucker Punch|p1a: \ud83d\udd25\n|-damage|p1a: \ud83d\udd25|0 fnt\n|faint|p1a: \ud83d\udd25\n|\n|upkeep\n|\n|t:|1700506663\n|switch|p1a: King II|Kingambit, M, shiny|46\/100\n|turn|24\n|c|\u2606Shelldershell|you still got gambit\n|c|\u2606Shelldershell|WHAT\n|c|\u2606Shelldershell|no supreme overlord !!!!!\n|\n|t:|1700506693\n|-end|p2a: Kingambit|fallenundefined|[silent]\n|switch|p2a: Rotom|Rotom-Wash|100\/100\n|move|p1a: King II|Zen Headbutt|p2a: Rotom\n|-damage|p2a: Rotom|64\/100\n|\n|upkeep\n|turn|25\n|\n|t:|1700506705\n|move|p2a: Rotom|Hydro Pump|p1a: King II\n|-damage|p1a: King II|1\/100\n|move|p1a: King II|Kowtow Cleave|p2a: Rotom\n|-damage|p2a: Rotom|0 fnt\n|faint|p2a: Rotom\n|\n|upkeep\n|c|\u2606Shelldershell|bro\n|\n|t:|1700506718\n|switch|p2a: Gholdengo|Gholdengo|100\/100\n|turn|26\n|\n|t:|1700506739\n|move|p2a: Gholdengo|Shadow Ball|p1a: King II\n|-resisted|p1a: King II\n|-damage|p1a: King II|0 fnt\n|faint|p1a: King II\n|\n|upkeep\n|c|\u2606Corneliusthe2ndth|ggs\n|\n|t:|1700506749\n|switch|p1a: toxic boi|Slowking-Galar, M|100\/100\n|turn|27\n|c|\u2606Shelldershell|its not over til its over\n|\n|t:|1700506772\n|move|p2a: Gholdengo|Shadow Ball|p1a: toxic boi\n|-supereffective|p1a: toxic boi\n|-damage|p1a: toxic boi|14\/100\n|-unboost|p1a: toxic boi|spd|1\n|move|p1a: toxic boi|Sludge Bomb|p2a: Gholdengo\n|-immune|p2a: Gholdengo\n|\n|-heal|p1a: toxic boi|20\/100|[from] item: Black Sludge\n|upkeep\n|turn|28\n|\n|t:|1700506787\n|move|p2a: Gholdengo|Shadow Ball|p1a: toxic boi\n|-supereffective|p1a: toxic boi\n|-damage|p1a: toxic boi|0 fnt\n|faint|p1a: toxic boi\n|\n|upkeep\n|c|\u2606Shelldershell|ok now its over\n|c|\u2606Shelldershell|gg\n|c|\u2606Corneliusthe2ndth|gg\n|c|\u2606Corneliusthe2ndth|I'm never winning am I\n|\n|t:|1700506807\n|switch|p1a: monke|Rillaboom, F|45\/100\n|turn|29\n|\n|t:|1700506848\n|move|p2a: Gholdengo|Shadow Ball|p1a: monke\n|-damage|p1a: monke|0 fnt\n|faint|p1a: monke\n|\n|win|Shelldershell\n","uploadtime":1700506855,"views":15,"p1id":"corneliusthe2ndth","p2id":"shelldershell","formatid":"gen9ou","rating":0,"private":0,"password":""}