{"id":"gen9ou-1999740187","p1":"Frogiced","p2":"Terry1590","format":"[Gen 9] OU","log":"|j|\u2606Frogiced\n|j|\u2606Terry1590\n|t:|1701112492\n|gametype|singles\n|player|p1|Frogiced|marnie|1211\n|player|p2|Terry1590|blue|1142\n|teamsize|p1|6\n|teamsize|p2|6\n|gen|9\n|tier|[Gen 9] OU\n|rated|\n|rule|Sleep Clause Mod: Limit one foe put to sleep\n|rule|Species Clause: Limit one of each Pok\u00e9mon\n|rule|OHKO Clause: OHKO moves are banned\n|rule|Evasion Items Clause: Evasion items are banned\n|rule|Evasion Moves Clause: Evasion moves are banned\n|rule|Endless Battle Clause: Forcing endless battles is banned\n|rule|HP Percentage Mod: HP is shown in percentages\n|clearpoke\n|poke|p1|Ribombee, F|\n|poke|p1|Glimmora, F|\n|poke|p1|Ceruledge, F|\n|poke|p1|Gholdengo|\n|poke|p1|Golem-Alola, M|\n|poke|p1|Kingambit, M|\n|poke|p2|Cinderace, F|\n|poke|p2|Slowking-Galar, M|\n|poke|p2|Frosmoth, M|\n|poke|p2|Corviknight, F|\n|poke|p2|Great Tusk|\n|poke|p2|Kommo-o, M|\n|teampreview\n|c|\u2606Frogiced|glhf\\\n|c|\u2606Terry1590|glhf\n|\n|t:|1701112509\n|start\n|switch|p1a: Ribbon|Ribombee, F|100\/100\n|switch|p2a: Cinderace|Cinderace, F|100\/100\n|turn|1\n|\n|t:|1701112518\n|move|p2a: Cinderace|U-turn|p1a: Ribbon\n|-start|p2a: Cinderace|typechange|Bug|[from] ability: Libero\n|-resisted|p1a: Ribbon\n|-damage|p1a: Ribbon|68\/100\n|\n|t:|1701112526\n|switch|p2a: Corviknight|Corviknight, F|100\/100|[from] U-turn\n|move|p1a: Ribbon|Psychic|p2a: Corviknight\n|-resisted|p2a: Corviknight\n|-damage|p2a: Corviknight|88\/100\n|\n|upkeep\n|turn|2\n|\n|t:|1701112532\n|move|p1a: Ribbon|U-turn|p2a: Corviknight\n|-resisted|p2a: Corviknight\n|-damage|p2a: Corviknight|86\/100\n|-damage|p1a: Ribbon|52\/100|[from] item: Rocky Helmet|[of] p2a: Corviknight\n|\n|t:|1701112542\n|switch|p1a: Sawthrough|Ceruledge, F, shiny|100\/100|[from] U-turn\n|move|p2a: Corviknight|Brave Bird|p1a: Sawthrough\n|-damage|p1a: Sawthrough|58\/100\n|-ability|p1a: Sawthrough|Weak Armor|boost\n|-unboost|p1a: Sawthrough|def|1\n|-boost|p1a: Sawthrough|spe|2\n|-damage|p2a: Corviknight|76\/100|[from] Recoil\n|\n|upkeep\n|turn|3\n|\n|t:|1701112559\n|move|p1a: Sawthrough|Bulk Up|p1a: Sawthrough\n|-boost|p1a: Sawthrough|atk|1\n|-boost|p1a: Sawthrough|def|1\n|move|p2a: Corviknight|Brave Bird|p1a: Sawthrough\n|-damage|p1a: Sawthrough|19\/100\n|-ability|p1a: Sawthrough|Weak Armor|boost\n|-unboost|p1a: Sawthrough|def|1\n|-boost|p1a: Sawthrough|spe|2\n|-damage|p2a: Corviknight|66\/100|[from] Recoil\n|\n|upkeep\n|turn|4\n|\n|t:|1701112569\n|switch|p2a: Great Tusk|Great Tusk|100\/100\n|-enditem|p2a: Great Tusk|Booster Energy\n|-activate|p2a: Great Tusk|ability: Protosynthesis|[fromitem]\n|-start|p2a: Great Tusk|protosynthesisatk\n|move|p1a: Sawthrough|Bitter Blade|p2a: Great Tusk\n|-damage|p2a: Great Tusk|50\/100\n|-heal|p1a: Sawthrough|50\/100|[from] drain|[of] p2a: Great Tusk\n|\n|upkeep\n|turn|5\n|\n|t:|1701112579\n|-terastallize|p1a: Sawthrough|Fire\n|move|p1a: Sawthrough|Bitter Blade|p2a: Great Tusk\n|-damage|p2a: Great Tusk|0 fnt\n|-heal|p1a: Sawthrough|81\/100|[from] drain|[of] p2a: Great Tusk\n|faint|p2a: Great Tusk\n|-end|p2a: Great Tusk|Protosynthesis|[silent]\n|\n|upkeep\n|\n|t:|1701112588\n|switch|p2a: Kommo-o|Kommo-o, M|100\/100\n|turn|6\n|\n|t:|1701112592\n|-terastallize|p2a: Kommo-o|Normal\n|move|p1a: Sawthrough|Poltergeist|p2a: Kommo-o\n|-immune|p2a: Kommo-o\n|move|p2a: Kommo-o|Boomburst|p1a: Sawthrough\n|-damage|p1a: Sawthrough|14\/100\n|-enditem|p2a: Kommo-o|Throat Spray\n|-boost|p2a: Kommo-o|spa|1|[from] item: Throat Spray\n|\n|upkeep\n|turn|7\n|\n|t:|1701112602\n|move|p1a: Sawthrough|Bitter Blade|p2a: Kommo-o\n|-damage|p2a: Kommo-o|0 fnt\n|-heal|p1a: Sawthrough|63\/100|[from] drain|[of] p2a: Kommo-o\n|faint|p2a: Kommo-o\n|\n|upkeep\n|\n|t:|1701112608\n|switch|p2a: Cinderace|Cinderace, F|100\/100\n|turn|8\n|\n|t:|1701112612\n|move|p1a: Sawthrough|Bitter Blade|p2a: Cinderace\n|-resisted|p2a: Cinderace\n|-damage|p2a: Cinderace|26\/100\n|-heal|p1a: Sawthrough|99\/100|[from] drain|[of] p2a: Cinderace\n|move|p2a: Cinderace|High Jump Kick|p1a: Sawthrough\n|-start|p2a: Cinderace|typechange|Fighting|[from] ability: Libero\n|-damage|p1a: Sawthrough|0 fnt\n|faint|p1a: Sawthrough\n|\n|upkeep\n|\n|t:|1701112622\n|switch|p1a: kikiaru|Gholdengo|100\/100\n|turn|9\n|\n|t:|1701112627\n|switch|p2a: Slowking|Slowking-Galar, M|100\/100\n|move|p1a: kikiaru|Shadow Ball|p2a: Slowking\n|-supereffective|p2a: Slowking\n|-damage|p2a: Slowking|53\/100\n|\n|upkeep\n|turn|10\n|\n|t:|1701112631\n|move|p1a: kikiaru|Shadow Ball|p2a: Slowking\n|-supereffective|p2a: Slowking\n|-damage|p2a: Slowking|3\/100\n|move|p2a: Slowking|Thunder Wave|p1a: kikiaru\n|-immune|p1a: kikiaru|[from] ability: Good as Gold\n|\n|upkeep\n|turn|11\n|\n|t:|1701112638\n|switch|p2a: Frosmoth|Frosmoth, M|100\/100\n|move|p1a: kikiaru|Shadow Ball|p2a: Frosmoth\n|-damage|p2a: Frosmoth|74\/100\n|-unboost|p2a: Frosmoth|spd|1\n|\n|upkeep\n|turn|12\n|\n|t:|1701112640\n|switch|p2a: Slowking|Slowking-Galar, M|36\/100\n|move|p1a: kikiaru|Shadow Ball|p2a: Slowking\n|-supereffective|p2a: Slowking\n|-damage|p2a: Slowking|0 fnt\n|faint|p2a: Slowking\n|\n|upkeep\n|\n|t:|1701112645\n|switch|p2a: Cinderace|Cinderace, F|26\/100\n|turn|13\n|\n|t:|1701112647\n|move|p2a: Cinderace|Pyro Ball|p1a: kikiaru\n|-supereffective|p1a: kikiaru\n|-damage|p1a: kikiaru|0 fnt\n|faint|p1a: kikiaru\n|\n|upkeep\n|\n|t:|1701112649\n|switch|p1a: Ribbon|Ribombee, F|52\/100\n|turn|14\n|\n|t:|1701112651\n|move|p2a: Cinderace|Pyro Ball|p1a: Ribbon\n|-supereffective|p1a: Ribbon\n|-damage|p1a: Ribbon|0 fnt\n|faint|p1a: Ribbon\n|\n|upkeep\n|\n|t:|1701112654\n|switch|p1a: Glasskiln|Glimmora, F, shiny|100\/100\n|turn|15\n|\n|t:|1701112659\n|switch|p2a: Frosmoth|Frosmoth, M|74\/100\n|move|p1a: Glasskiln|Sludge Wave|p2a: Frosmoth\n|-damage|p2a: Frosmoth|47\/100\n|\n|upkeep\n|turn|16\n|\n|t:|1701112671\n|move|p2a: Frosmoth|Blizzard|p1a: Glasskiln\n|-damage|p1a: Glasskiln|38\/100\n|move|p1a: Glasskiln|Stealth Rock|p2a: Frosmoth\n|-sidestart|p2: Terry1590|move: Stealth Rock\n|\n|upkeep\n|turn|17\n|\n|t:|1701112686\n|move|p2a: Frosmoth|Blizzard|p1a: Glasskiln\n|-crit|p1a: Glasskiln\n|-damage|p1a: Glasskiln|0 fnt\n|faint|p1a: Glasskiln\n|\n|upkeep\n|\n|t:|1701112694\n|switch|p1a: Platinum|Kingambit, M|100\/100\n|-activate|p1a: Platinum|ability: Supreme Overlord\n|-start|p1a: Platinum|fallen4|[silent]\n|turn|18\n|\n|t:|1701112699\n|switch|p2a: Corviknight|Corviknight, F|66\/100\n|-damage|p2a: Corviknight|54\/100|[from] Stealth Rock\n|move|p1a: Platinum|Sucker Punch||[still]\n|-fail|p1a: Platinum\n|\n|upkeep\n|turn|19\n|\n|t:|1701112705\n|move|p2a: Corviknight|Defog|p1a: Platinum\n|-unboost|p1a: Platinum|evasion|1\n|-sideend|p2: Terry1590|Stealth Rock|[from] move: Defog|[of] p2a: Corviknight\n|move|p1a: Platinum|Taunt|p2a: Corviknight\n|-start|p2a: Corviknight|move: Taunt\n|\n|upkeep\n|turn|20\n|\n|t:|1701112710\n|move|p2a: Corviknight|Body Press|p1a: Platinum\n|-supereffective|p1a: Platinum\n|-damage|p1a: Platinum|2\/100\n|move|p1a: Platinum|Substitute|p1a: Platinum\n|-fail|p1a: Platinum|move: Substitute|[weak]\n|\n|upkeep\n|turn|21\n|\n|t:|1701112716\n|move|p1a: Platinum|Sucker Punch|p2a: Corviknight\n|-damage|p2a: Corviknight|12\/100\n|-damage|p1a: Platinum|0 fnt|[from] item: Rocky Helmet|[of] p2a: Corviknight\n|faint|p1a: Platinum\n|-end|p1a: Platinum|fallen4|[silent]\n|move|p2a: Corviknight|Body Press|p1: Platinum|[notarget]\n|-fail|p2a: Corviknight\n|\n|upkeep\n|\n|t:|1701112719\n|switch|p1a: Sander|Golem-Alola, M, shiny|100\/100\n|turn|22\n|\n|t:|1701112724\n|move|p1a: Sander|Stone Edge|p2a: Corviknight\n|-crit|p2a: Corviknight\n|-damage|p2a: Corviknight|0 fnt\n|faint|p2a: Corviknight\n|\n|upkeep\n|\n|t:|1701112728\n|switch|p2a: Cinderace|Cinderace, F|26\/100\n|turn|23\n|\n|t:|1701112730\n|move|p2a: Cinderace|High Jump Kick|p1a: Sander\n|-start|p2a: Cinderace|typechange|Fighting|[from] ability: Libero\n|-supereffective|p1a: Sander\n|-ability|p1a: Sander|Sturdy\n|-damage|p1a: Sander|1\/100\n|-enditem|p1a: Sander|Liechi Berry|[eat]\n|-boost|p1a: Sander|atk|1|[from] item: Liechi Berry\n|move|p1a: Sander|Earthquake|p2a: Cinderace\n|-damage|p2a: Cinderace|0 fnt\n|faint|p2a: Cinderace\n|\n|upkeep\n|\n|t:|1701112739\n|switch|p2a: Frosmoth|Frosmoth, M|47\/100\n|turn|24\n|\n|t:|1701112742\n|move|p2a: Frosmoth|Giga Drain|p1a: Sander\n|-supereffective|p1a: Sander\n|-damage|p1a: Sander|0 fnt\n|-heal|p2a: Frosmoth|47\/100|[from] drain|[of] p1a: Sander\n|faint|p1a: Sander\n|\n|win|Terry1590\n|raw|Frogiced's rating: 1211 &rarr; <strong>1181<\/strong><br \/>(-30 for losing)\n|raw|Terry1590's rating: 1142 &rarr; <strong>1172<\/strong><br \/>(+30 for winning)\n|l|\u2606Frogiced\n|c|\u2606Terry1590|gg\n","uploadtime":1701112764,"views":13,"p1id":"frogiced","p2id":"terry1590","formatid":"gen9ou","rating":1172,"private":0,"password":""}