{"id":"gen9ou-1993753264","p1":"rainydayshere","p2":"Segal404","format":"[Gen 9] OU","log":"|j|\u2606rainydayshere\n|j|\u2606Segal404\n|t:|1700353163\n|gametype|singles\n|player|p1|rainydayshere|fisherman-gen4|1010\n|player|p2|Segal404|caitlin|1083\n|teamsize|p1|6\n|teamsize|p2|6\n|gen|9\n|tier|[Gen 9] OU\n|rated|\n|rule|Sleep Clause Mod: Limit one foe put to sleep\n|rule|Species Clause: Limit one of each Pok\u00e9mon\n|rule|OHKO Clause: OHKO moves are banned\n|rule|Evasion Items Clause: Evasion items are banned\n|rule|Evasion Moves Clause: Evasion moves are banned\n|rule|Endless Battle Clause: Forcing endless battles is banned\n|rule|HP Percentage Mod: HP is shown in percentages\n|clearpoke\n|poke|p1|Umbreon, F|\n|poke|p1|Iron Treads|\n|poke|p1|Electrode|\n|poke|p1|Ceruledge, M|\n|poke|p1|Braviary-Hisui, M|\n|poke|p1|Weezing-Galar, F|\n|poke|p2|Breloom, F|\n|poke|p2|Glimmora, M|\n|poke|p2|Dragonite, F|\n|poke|p2|Corviknight, M|\n|poke|p2|Dragapult, F|\n|poke|p2|Walking Wake|\n|teampreview\n|\n|t:|1700353172\n|start\n|switch|p1a: Electrode|Electrode|100\/100\n|switch|p2a: Glimmora|Glimmora, M|100\/100\n|turn|1\n|\n|t:|1700353180\n|move|p1a: Electrode|Substitute|p1a: Electrode\n|-start|p1a: Electrode|Substitute\n|-damage|p1a: Electrode|75\/100\n|move|p2a: Glimmora|Stealth Rock|p1a: Electrode\n|-sidestart|p1: rainydayshere|move: Stealth Rock\n|\n|upkeep\n|turn|2\n|\n|t:|1700353204\n|move|p1a: Electrode|Thunder Wave|p2a: Glimmora\n|-status|p2a: Glimmora|par\n|move|p2a: Glimmora|Energy Ball|p1a: Electrode\n|-end|p1a: Electrode|Substitute\n|\n|upkeep\n|turn|3\n|\n|t:|1700353209\n|move|p1a: Electrode|Substitute|p1a: Electrode\n|-start|p1a: Electrode|Substitute\n|-damage|p1a: Electrode|50\/100\n|move|p2a: Glimmora|Sludge Wave|p1a: Electrode\n|-end|p1a: Electrode|Substitute\n|\n|upkeep\n|turn|4\n|\n|t:|1700353214\n|move|p1a: Electrode|Substitute|p1a: Electrode\n|-start|p1a: Electrode|Substitute\n|-damage|p1a: Electrode|25\/100\n|-enditem|p1a: Electrode|Petaya Berry|[eat]\n|-boost|p1a: Electrode|spa|1|[from] item: Petaya Berry\n|move|p2a: Glimmora|Sludge Wave|p1a: Electrode\n|-end|p1a: Electrode|Substitute\n|\n|upkeep\n|turn|5\n|\n|t:|1700353222\n|move|p1a: Electrode|Electro Ball|p2a: Glimmora\n|-damage|p2a: Glimmora|53\/100 par\n|cant|p2a: Glimmora|par\n|\n|upkeep\n|turn|6\n|\n|t:|1700353236\n|move|p1a: Electrode|Electro Ball|p2a: Glimmora\n|-damage|p2a: Glimmora|10\/100 par\n|cant|p2a: Glimmora|par\n|\n|upkeep\n|turn|7\n|\n|t:|1700353242\n|switch|p2a: Breloom|Breloom, F|100\/100\n|move|p1a: Electrode|Electro Ball|p2a: Breloom\n|-resisted|p2a: Breloom\n|-damage|p2a: Breloom|74\/100\n|\n|upkeep\n|turn|8\n|\n|t:|1700353249\n|move|p1a: Electrode|Recycle|p1a: Electrode\n|-item|p1a: Electrode|Petaya Berry|[from] move: Recycle\n|-enditem|p1a: Electrode|Petaya Berry|[eat]\n|-boost|p1a: Electrode|spa|1|[from] item: Petaya Berry\n|move|p2a: Breloom|Bulldoze|p1a: Electrode\n|-supereffective|p1a: Electrode\n|-damage|p1a: Electrode|0 fnt\n|faint|p1a: Electrode\n|\n|upkeep\n|\n|t:|1700353258\n|switch|p1a: Braviary|Braviary-Hisui, M|100\/100\n|-damage|p1a: Braviary|75\/100|[from] Stealth Rock\n|turn|9\n|\n|t:|1700353268\n|switch|p2a: Corviknight|Corviknight, M|100\/100\n|-ability|p2a: Corviknight|Pressure\n|move|p1a: Braviary|Calm Mind|p1a: Braviary\n|-boost|p1a: Braviary|spa|1\n|-boost|p1a: Braviary|spd|1\n|\n|-heal|p1a: Braviary|82\/100|[from] item: Leftovers\n|upkeep\n|turn|10\n|\n|t:|1700353275\n|move|p2a: Corviknight|U-turn|p1a: Braviary\n|-damage|p1a: Braviary|66\/100\n|\n|t:|1700353304\n|switch|p2a: Dragapult|Dragapult, F|100\/100|[from] U-turn\n|move|p1a: Braviary|Esper Wing|p2a: Dragapult\n|-crit|p2a: Dragapult\n|-damage|p2a: Dragapult|0 fnt\n|-boost|p1a: Braviary|spe|1\n|faint|p2a: Dragapult\n|\n|-heal|p1a: Braviary|72\/100|[from] item: Leftovers\n|upkeep\n|inactive|Battle timer is ON: inactive players will automatically lose when time's up. (requested by rainydayshere)\n|\n|t:|1700353352\n|switch|p2a: Walking Wake|Walking Wake|100\/100\n|turn|11\n|\n|t:|1700353357\n|move|p1a: Braviary|Esper Wing|p2a: Walking Wake\n|-damage|p2a: Walking Wake|27\/100\n|-boost|p1a: Braviary|spe|1\n|move|p2a: Walking Wake|Roar|p1a: Braviary\n|drag|p1a: Ceruledge|Ceruledge, M|100\/100\n|-damage|p1a: Ceruledge|76\/100|[from] Stealth Rock\n|\n|-heal|p2a: Walking Wake|33\/100|[from] item: Leftovers\n|upkeep\n|turn|12\n|\n|t:|1700353371\n|switch|p1a: Weezing|Weezing-Galar, F|100\/100\n|-damage|p1a: Weezing|88\/100|[from] Stealth Rock\n|move|p2a: Walking Wake|Hydro Steam|p1a: Weezing\n|-damage|p1a: Weezing|50\/100\n|\n|-heal|p2a: Walking Wake|39\/100|[from] item: Leftovers\n|-heal|p1a: Weezing|56\/100|[from] item: Black Sludge\n|upkeep\n|turn|13\n|\n|t:|1700353386\n|-end|p2a: Walking Wake|Protosynthesis|[silent]\n|switch|p2a: Corviknight|Corviknight, M|100\/100\n|-ability|p2a: Corviknight|Pressure\n|move|p1a: Weezing|Thunderbolt|p2a: Corviknight\n|-supereffective|p2a: Corviknight\n|-damage|p2a: Corviknight|65\/100\n|\n|-heal|p2a: Corviknight|71\/100|[from] item: Leftovers\n|-heal|p1a: Weezing|62\/100|[from] item: Black Sludge\n|upkeep\n|turn|14\n|\n|t:|1700353398\n|move|p2a: Corviknight|U-turn|p1a: Weezing\n|-resisted|p1a: Weezing\n|-damage|p1a: Weezing|58\/100\n|\n|t:|1700353416\n|switch|p2a: Dragonite|Dragonite, F|100\/100|[from] U-turn\n|move|p1a: Weezing|Will-O-Wisp|p2a: Dragonite|[miss]\n|-miss|p1a: Weezing|p2a: Dragonite\n|\n|-heal|p1a: Weezing|64\/100|[from] item: Black Sludge\n|upkeep\n|turn|15\n|\n|t:|1700353434\n|move|p2a: Dragonite|Dragon Dance|p2a: Dragonite\n|-boost|p2a: Dragonite|atk|1\n|-boost|p2a: Dragonite|spe|1\n|move|p1a: Weezing|Will-O-Wisp|p2a: Dragonite\n|-status|p2a: Dragonite|brn\n|\n|-heal|p1a: Weezing|70\/100|[from] item: Black Sludge\n|-damage|p2a: Dragonite|94\/100 brn|[from] brn\n|upkeep\n|turn|16\n|\n|t:|1700353445\n|move|p2a: Dragonite|Earthquake|p1a: Weezing\n|-immune|p1a: Weezing|[from] ability: Levitate\n|move|p1a: Weezing|Defog|p2a: Dragonite\n|-unboost|p2a: Dragonite|evasion|1\n|-sideend|p1: rainydayshere|Stealth Rock|[from] move: Defog|[of] p1a: Weezing\n|\n|-heal|p1a: Weezing|76\/100|[from] item: Black Sludge\n|-damage|p2a: Dragonite|88\/100 brn|[from] brn\n|upkeep\n|turn|17\n|\n|t:|1700353453\n|move|p2a: Dragonite|Dragon Dance|p2a: Dragonite\n|-boost|p2a: Dragonite|atk|1\n|-boost|p2a: Dragonite|spe|1\n|move|p1a: Weezing|Sludge Bomb|p2a: Dragonite\n|-damage|p2a: Dragonite|62\/100 brn\n|\n|-heal|p1a: Weezing|82\/100|[from] item: Black Sludge\n|-damage|p2a: Dragonite|55\/100 brn|[from] brn\n|upkeep\n|turn|18\n|\n|t:|1700353455\n|move|p2a: Dragonite|Extreme Speed|p1a: Weezing\n|-damage|p1a: Weezing|54\/100\n|move|p1a: Weezing|Sludge Bomb|p2a: Dragonite\n|-damage|p2a: Dragonite|28\/100 brn\n|\n|-heal|p1a: Weezing|60\/100|[from] item: Black Sludge\n|-damage|p2a: Dragonite|21\/100 brn|[from] brn\n|upkeep\n|turn|19\n|\n|t:|1700353461\n|move|p2a: Dragonite|Roost|p2a: Dragonite\n|-heal|p2a: Dragonite|72\/100 brn\n|-singleturn|p2a: Dragonite|move: Roost\n|move|p1a: Weezing|Sludge Bomb|p2a: Dragonite\n|-damage|p2a: Dragonite|44\/100 brn\n|\n|-heal|p1a: Weezing|66\/100|[from] item: Black Sludge\n|-damage|p2a: Dragonite|38\/100 brn|[from] brn\n|upkeep\n|turn|20\n|\n|t:|1700353466\n|move|p2a: Dragonite|Roost|p2a: Dragonite\n|-heal|p2a: Dragonite|88\/100 brn\n|-singleturn|p2a: Dragonite|move: Roost\n|move|p1a: Weezing|Sludge Bomb|p2a: Dragonite\n|-damage|p2a: Dragonite|63\/100 brn\n|\n|-heal|p1a: Weezing|72\/100|[from] item: Black Sludge\n|-damage|p2a: Dragonite|56\/100 brn|[from] brn\n|upkeep\n|turn|21\n|\n|t:|1700353473\n|move|p2a: Dragonite|Roost|p2a: Dragonite\n|-heal|p2a: Dragonite|100\/100 brn\n|-singleturn|p2a: Dragonite|move: Roost\n|move|p1a: Weezing|Sludge Bomb|p2a: Dragonite\n|-damage|p2a: Dragonite|88\/100 brn\n|\n|-heal|p1a: Weezing|78\/100|[from] item: Black Sludge\n|-damage|p2a: Dragonite|82\/100 brn|[from] brn\n|upkeep\n|turn|22\n|\n|t:|1700353480\n|move|p2a: Dragonite|Dragon Dance|p2a: Dragonite\n|-boost|p2a: Dragonite|atk|1\n|-boost|p2a: Dragonite|spe|1\n|move|p1a: Weezing|Thunderbolt|p2a: Dragonite\n|-damage|p2a: Dragonite|64\/100 brn\n|\n|-heal|p1a: Weezing|84\/100|[from] item: Black Sludge\n|-damage|p2a: Dragonite|58\/100 brn|[from] brn\n|upkeep\n|turn|23\n|\n|t:|1700353486\n|move|p2a: Dragonite|Extreme Speed|p1a: Weezing\n|-damage|p1a: Weezing|50\/100\n|move|p1a: Weezing|Sludge Bomb|p2a: Dragonite\n|-damage|p2a: Dragonite|31\/100 brn\n|\n|-heal|p1a: Weezing|56\/100|[from] item: Black Sludge\n|-damage|p2a: Dragonite|25\/100 brn|[from] brn\n|upkeep\n|turn|24\n|\n|t:|1700353496\n|switch|p1a: Ceruledge|Ceruledge, M|76\/100\n|move|p2a: Dragonite|Roost|p2a: Dragonite\n|-heal|p2a: Dragonite|75\/100 brn\n|-singleturn|p2a: Dragonite|move: Roost\n|\n|-damage|p2a: Dragonite|69\/100 brn|[from] brn\n|upkeep\n|turn|25\n|\n|t:|1700353505\n|move|p2a: Dragonite|Earthquake|p1a: Ceruledge\n|-supereffective|p1a: Ceruledge\n|-damage|p1a: Ceruledge|0 fnt\n|faint|p1a: Ceruledge\n|\n|-damage|p2a: Dragonite|63\/100 brn|[from] brn\n|upkeep\n|\n|t:|1700353508\n|switch|p1a: Braviary|Braviary-Hisui, M|72\/100\n|turn|26\n|\n|t:|1700353517\n|-terastallize|p2a: Dragonite|Normal\n|move|p2a: Dragonite|Extreme Speed|p1a: Braviary\n|-damage|p1a: Braviary|11\/100\n|move|p1a: Braviary|Calm Mind|p1a: Braviary\n|-boost|p1a: Braviary|spa|1\n|-boost|p1a: Braviary|spd|1\n|\n|-heal|p1a: Braviary|17\/100|[from] item: Leftovers\n|-damage|p2a: Dragonite|56\/100 brn|[from] brn\n|upkeep\n|turn|27\n|\n|t:|1700353525\n|move|p2a: Dragonite|Extreme Speed|p1a: Braviary\n|-damage|p1a: Braviary|0 fnt\n|faint|p1a: Braviary\n|\n|-damage|p2a: Dragonite|50\/100 brn|[from] brn\n|upkeep\n|\n|t:|1700353530\n|switch|p1a: Umbreon|Umbreon, F|100\/100\n|turn|28\n|\n|t:|1700353555\n|move|p1a: Umbreon|Protect|p1a: Umbreon\n|-singleturn|p1a: Umbreon|Protect\n|move|p2a: Dragonite|Earthquake|p1a: Umbreon\n|-activate|p1a: Umbreon|move: Protect\n|\n|-damage|p2a: Dragonite|44\/100 brn|[from] brn\n|upkeep\n|turn|29\n|\n|t:|1700353561\n|move|p2a: Dragonite|Roost|p2a: Dragonite\n|-heal|p2a: Dragonite|94\/100 brn\n|move|p1a: Umbreon|Foul Play|p2a: Dragonite\n|-damage|p2a: Dragonite|0 fnt\n|faint|p2a: Dragonite\n|\n|upkeep\n|\n|t:|1700353567\n|switch|p2a: Breloom|Breloom, F|74\/100\n|turn|30\n|\n|t:|1700353594\n|switch|p1a: Weezing|Weezing-Galar, F|56\/100\n|move|p2a: Breloom|Mach Punch|p1a: Weezing\n|-resisted|p1a: Weezing\n|-damage|p1a: Weezing|44\/100\n|\n|-heal|p1a: Weezing|50\/100|[from] item: Black Sludge\n|upkeep\n|turn|31\n|\n|t:|1700353605\n|switch|p2a: Corviknight|Corviknight, M|71\/100\n|-ability|p2a: Corviknight|Pressure\n|move|p1a: Weezing|Will-O-Wisp|p2a: Corviknight\n|-status|p2a: Corviknight|brn\n|\n|-heal|p2a: Corviknight|77\/100 brn|[from] item: Leftovers\n|-heal|p1a: Weezing|56\/100|[from] item: Black Sludge\n|-damage|p2a: Corviknight|71\/100 brn|[from] brn\n|upkeep\n|turn|32\n|\n|t:|1700353614\n|move|p2a: Corviknight|Brave Bird|p1a: Weezing\n|-damage|p1a: Weezing|40\/100\n|-damage|p2a: Corviknight|67\/100 brn|[from] Recoil\n|move|p1a: Weezing|Thunderbolt|p2a: Corviknight\n|-supereffective|p2a: Corviknight\n|-damage|p2a: Corviknight|34\/100 brn\n|\n|-heal|p2a: Corviknight|40\/100 brn|[from] item: Leftovers\n|-heal|p1a: Weezing|46\/100|[from] item: Black Sludge\n|-damage|p2a: Corviknight|34\/100 brn|[from] brn\n|upkeep\n|turn|33\n|\n|t:|1700353621\n|move|p2a: Corviknight|Roost|p2a: Corviknight\n|-heal|p2a: Corviknight|84\/100 brn\n|-singleturn|p2a: Corviknight|move: Roost\n|move|p1a: Weezing|Thunderbolt|p2a: Corviknight\n|-damage|p2a: Corviknight|65\/100 brn\n|\n|-heal|p2a: Corviknight|71\/100 brn|[from] item: Leftovers\n|-heal|p1a: Weezing|52\/100|[from] item: Black Sludge\n|-damage|p2a: Corviknight|65\/100 brn|[from] brn\n|upkeep\n|turn|34\n|\n|t:|1700353627\n|move|p2a: Corviknight|Brave Bird|p1a: Weezing\n|-crit|p1a: Weezing\n|-damage|p1a: Weezing|26\/100\n|-damage|p2a: Corviknight|58\/100 brn|[from] Recoil\n|move|p1a: Weezing|Thunderbolt|p2a: Corviknight\n|-supereffective|p2a: Corviknight\n|-damage|p2a: Corviknight|19\/100 brn\n|\n|-heal|p2a: Corviknight|25\/100 brn|[from] item: Leftovers\n|-heal|p1a: Weezing|32\/100|[from] item: Black Sludge\n|-damage|p2a: Corviknight|19\/100 brn|[from] brn\n|upkeep\n|turn|35\n|\n|t:|1700353639\n|switch|p1a: Iron Treads|Iron Treads|100\/100\n|move|p2a: Corviknight|Roost|p2a: Corviknight\n|-heal|p2a: Corviknight|69\/100 brn\n|-singleturn|p2a: Corviknight|move: Roost\n|\n|-heal|p2a: Corviknight|75\/100 brn|[from] item: Leftovers\n|-damage|p2a: Corviknight|69\/100 brn|[from] brn\n|upkeep\n|turn|36\n|\n|t:|1700353655\n|move|p1a: Iron Treads|Body Press|p2a: Corviknight\n|-damage|p2a: Corviknight|56\/100 brn\n|move|p2a: Corviknight|U-turn|p1a: Iron Treads\n|-resisted|p1a: Iron Treads\n|-damage|p1a: Iron Treads|98\/100\n|\n|t:|1700353661\n|switch|p2a: Walking Wake|Walking Wake|39\/100|[from] U-turn\n|\n|-heal|p2a: Walking Wake|45\/100|[from] item: Leftovers\n|upkeep\n|turn|37\n|\n|t:|1700353669\n|-end|p1a: Iron Treads|Quark Drive|[silent]\n|switch|p1a: Umbreon|Umbreon, F|100\/100\n|move|p2a: Walking Wake|Hydro Steam|p1a: Umbreon\n|-damage|p1a: Umbreon|80\/100\n|\n|-heal|p2a: Walking Wake|52\/100|[from] item: Leftovers\n|-heal|p1a: Umbreon|87\/100|[from] item: Leftovers\n|upkeep\n|turn|38\n|\n|t:|1700353685\n|-end|p2a: Walking Wake|Protosynthesis|[silent]\n|switch|p2a: Glimmora|Glimmora, M|10\/100 par\n|move|p1a: Umbreon|Toxic||[still]\n|-fail|p1a: Umbreon\n|\n|-heal|p1a: Umbreon|93\/100|[from] item: Leftovers\n|upkeep\n|turn|39\n|\n|t:|1700353696\n|move|p1a: Umbreon|Foul Play|p2a: Glimmora\n|-damage|p2a: Glimmora|0 fnt\n|-activate|p2a: Glimmora|ability: Toxic Debris\n|-sidestart|p1: rainydayshere|move: Toxic Spikes\n|faint|p2a: Glimmora\n|\n|-heal|p1a: Umbreon|99\/100|[from] item: Leftovers\n|upkeep\n|\n|t:|1700353712\n|switch|p2a: Breloom|Breloom, F|74\/100\n|turn|40\n|\n|t:|1700353724\n|move|p2a: Breloom|Mach Punch|p1a: Umbreon\n|-supereffective|p1a: Umbreon\n|-damage|p1a: Umbreon|18\/100\n|move|p1a: Umbreon|Foul Play|p2a: Breloom\n|-resisted|p2a: Breloom\n|-damage|p2a: Breloom|29\/100\n|\n|-heal|p1a: Umbreon|24\/100|[from] item: Leftovers\n|upkeep\n|turn|41\n|\n|t:|1700353731\n|switch|p1a: Weezing|Weezing-Galar, F|32\/100\n|move|p2a: Breloom|Mach Punch|p1a: Weezing\n|-resisted|p1a: Weezing\n|-damage|p1a: Weezing|20\/100\n|\n|-heal|p1a: Weezing|26\/100|[from] item: Black Sludge\n|upkeep\n|turn|42\n|\n|t:|1700353745\n|switch|p2a: Corviknight|Corviknight, M|56\/100 brn\n|-ability|p2a: Corviknight|Pressure\n|move|p1a: Weezing|Thunderbolt|p2a: Corviknight\n|-supereffective|p2a: Corviknight\n|-damage|p2a: Corviknight|23\/100 brn\n|\n|-heal|p2a: Corviknight|29\/100 brn|[from] item: Leftovers\n|-heal|p1a: Weezing|32\/100|[from] item: Black Sludge\n|-damage|p2a: Corviknight|23\/100 brn|[from] brn\n|upkeep\n|turn|43\n|\n|t:|1700353766\n|move|p2a: Corviknight|Roost|p2a: Corviknight\n|-heal|p2a: Corviknight|73\/100 brn\n|-singleturn|p2a: Corviknight|move: Roost\n|move|p1a: Weezing|Thunderbolt|p2a: Corviknight\n|-damage|p2a: Corviknight|55\/100 brn\n|\n|-heal|p2a: Corviknight|61\/100 brn|[from] item: Leftovers\n|-heal|p1a: Weezing|38\/100|[from] item: Black Sludge\n|-damage|p2a: Corviknight|55\/100 brn|[from] brn\n|upkeep\n|turn|44\n|\n|t:|1700353783\n|-terastallize|p1a: Weezing|Poison\n|move|p2a: Corviknight|Brave Bird|p1a: Weezing\n|-damage|p1a: Weezing|23\/100\n|-damage|p2a: Corviknight|50\/100 brn|[from] Recoil\n|move|p1a: Weezing|Thunderbolt|p2a: Corviknight\n|-supereffective|p2a: Corviknight\n|-damage|p2a: Corviknight|13\/100 brn\n|\n|-heal|p2a: Corviknight|19\/100 brn|[from] item: Leftovers\n|-heal|p1a: Weezing|29\/100|[from] item: Black Sludge\n|-damage|p2a: Corviknight|13\/100 brn|[from] brn\n|upkeep\n|turn|45\n|\n|t:|1700353797\n|move|p2a: Corviknight|Roost|p2a: Corviknight\n|-heal|p2a: Corviknight|63\/100 brn\n|-singleturn|p2a: Corviknight|move: Roost\n|move|p1a: Weezing|Thunderbolt|p2a: Corviknight\n|-damage|p2a: Corviknight|47\/100 brn\n|\n|-heal|p2a: Corviknight|53\/100 brn|[from] item: Leftovers\n|-heal|p1a: Weezing|35\/100|[from] item: Black Sludge\n|-damage|p2a: Corviknight|47\/100 brn|[from] brn\n|upkeep\n|turn|46\n|\n|t:|1700353808\n|move|p2a: Corviknight|Roost|p2a: Corviknight\n|-heal|p2a: Corviknight|97\/100 brn\n|-singleturn|p2a: Corviknight|move: Roost\n|move|p1a: Weezing|Defog|p2a: Corviknight\n|-unboost|p2a: Corviknight|evasion|1\n|-sideend|p1: rainydayshere|Toxic Spikes|[from] move: Defog|[of] p1a: Weezing\n|\n|-heal|p2a: Corviknight|100\/100 brn|[from] item: Leftovers\n|-heal|p1a: Weezing|41\/100|[from] item: Black Sludge\n|-damage|p2a: Corviknight|94\/100 brn|[from] brn\n|upkeep\n|turn|47\n|\n|t:|1700353818\n|move|p2a: Corviknight|Brave Bird|p1a: Weezing\n|-damage|p1a: Weezing|24\/100\n|-damage|p2a: Corviknight|90\/100 brn|[from] Recoil\n|move|p1a: Weezing|Defog|p2a: Corviknight\n|-unboost|p2a: Corviknight|evasion|1\n|\n|-heal|p2a: Corviknight|96\/100 brn|[from] item: Leftovers\n|-heal|p1a: Weezing|30\/100|[from] item: Black Sludge\n|-damage|p2a: Corviknight|90\/100 brn|[from] brn\n|upkeep\n|turn|48\n|\n|t:|1700353828\n|move|p2a: Corviknight|Brave Bird|p1a: Weezing\n|-damage|p1a: Weezing|15\/100\n|-damage|p2a: Corviknight|85\/100 brn|[from] Recoil\n|move|p1a: Weezing|Thunderbolt|p2a: Corviknight\n|-supereffective|p2a: Corviknight\n|-damage|p2a: Corviknight|51\/100 brn\n|\n|-heal|p2a: Corviknight|57\/100 brn|[from] item: Leftovers\n|-heal|p1a: Weezing|21\/100|[from] item: Black Sludge\n|-damage|p2a: Corviknight|51\/100 brn|[from] brn\n|upkeep\n|turn|49\n|\n|t:|1700353839\n|move|p2a: Corviknight|Brave Bird|p1a: Weezing\n|-damage|p1a: Weezing|3\/100\n|-damage|p2a: Corviknight|47\/100 brn|[from] Recoil\n|move|p1a: Weezing|Thunderbolt|p2a: Corviknight\n|-supereffective|p2a: Corviknight\n|-damage|p2a: Corviknight|14\/100 brn\n|\n|-heal|p2a: Corviknight|20\/100 brn|[from] item: Leftovers\n|-heal|p1a: Weezing|9\/100|[from] item: Black Sludge\n|-damage|p2a: Corviknight|14\/100 brn|[from] brn\n|upkeep\n|turn|50\n|\n|t:|1700353847\n|move|p2a: Corviknight|Brave Bird|p1a: Weezing\n|-damage|p1a: Weezing|0 fnt\n|faint|p1a: Weezing\n|-damage|p2a: Corviknight|11\/100 brn|[from] Recoil\n|\n|-heal|p2a: Corviknight|17\/100 brn|[from] item: Leftovers\n|-damage|p2a: Corviknight|11\/100 brn|[from] brn\n|upkeep\n|\n|t:|1700353850\n|switch|p1a: Iron Treads|Iron Treads|98\/100\n|turn|51\n|\n|t:|1700353860\n|move|p1a: Iron Treads|High Horsepower|p2a: Corviknight\n|-immune|p2a: Corviknight\n|move|p2a: Corviknight|Roost|p2a: Corviknight\n|-heal|p2a: Corviknight|61\/100 brn\n|-singleturn|p2a: Corviknight|move: Roost\n|\n|-heal|p2a: Corviknight|67\/100 brn|[from] item: Leftovers\n|-damage|p2a: Corviknight|61\/100 brn|[from] brn\n|upkeep\n|turn|52\n|\n|t:|1700353871\n|move|p1a: Iron Treads|High Horsepower|p2a: Corviknight\n|-immune|p2a: Corviknight\n|move|p2a: Corviknight|U-turn|p1a: Iron Treads\n|-resisted|p1a: Iron Treads\n|-damage|p1a: Iron Treads|95\/100\n|\n|t:|1700353879\n|switch|p2a: Breloom|Breloom, F|29\/100|[from] U-turn\n|\n|upkeep\n|turn|53\n|\n|t:|1700353884\n|move|p1a: Iron Treads|Heavy Slam|p2a: Breloom\n|-damage|p2a: Breloom|0 fnt\n|faint|p2a: Breloom\n|\n|upkeep\n|\n|t:|1700353890\n|switch|p2a: Walking Wake|Walking Wake|52\/100\n|turn|54\n|\n|t:|1700353898\n|move|p2a: Walking Wake|Hydro Steam|p1a: Iron Treads\n|-supereffective|p1a: Iron Treads\n|-damage|p1a: Iron Treads|0 fnt\n|faint|p1a: Iron Treads\n|-end|p1a: Iron Treads|Quark Drive|[silent]\n|\n|-heal|p2a: Walking Wake|58\/100|[from] item: Leftovers\n|upkeep\n|\n|t:|1700353901\n|switch|p1a: Umbreon|Umbreon, F|24\/100\n|turn|55\n|\n|t:|1700353906\n|move|p2a: Walking Wake|Hydro Steam|p1a: Umbreon\n|-damage|p1a: Umbreon|3\/100\n|move|p1a: Umbreon|Wish|p1a: Umbreon\n|\n|-heal|p2a: Walking Wake|64\/100|[from] item: Leftovers\n|-heal|p1a: Umbreon|9\/100|[from] item: Leftovers\n|upkeep\n|turn|56\n|\n|t:|1700353913\n|move|p1a: Umbreon|Protect|p1a: Umbreon\n|-singleturn|p1a: Umbreon|Protect\n|move|p2a: Walking Wake|Hydro Steam|p1a: Umbreon\n|-activate|p1a: Umbreon|move: Protect\n|\n|-heal|p1a: Umbreon|59\/100|[from] move: Wish|[wisher] Umbreon\n|-heal|p2a: Walking Wake|70\/100|[from] item: Leftovers\n|-heal|p1a: Umbreon|65\/100|[from] item: Leftovers\n|upkeep\n|turn|57\n|\n|t:|1700353922\n|move|p2a: Walking Wake|Hydro Steam|p1a: Umbreon\n|-damage|p1a: Umbreon|44\/100\n|move|p1a: Umbreon|Toxic|p2a: Walking Wake|[miss]\n|-miss|p1a: Umbreon|p2a: Walking Wake\n|\n|-heal|p2a: Walking Wake|76\/100|[from] item: Leftovers\n|-heal|p1a: Umbreon|50\/100|[from] item: Leftovers\n|upkeep\n|turn|58\n|\n|t:|1700353927\n|move|p2a: Walking Wake|Dragon Pulse|p1a: Umbreon\n|-damage|p1a: Umbreon|27\/100\n|move|p1a: Umbreon|Wish|p1a: Umbreon\n|\n|-heal|p2a: Walking Wake|83\/100|[from] item: Leftovers\n|-heal|p1a: Umbreon|33\/100|[from] item: Leftovers\n|upkeep\n|turn|59\n|\n|t:|1700353934\n|move|p2a: Walking Wake|Dragon Pulse|p1a: Umbreon\n|-damage|p1a: Umbreon|10\/100\n|move|p1a: Umbreon|Toxic|p2a: Walking Wake\n|-status|p2a: Walking Wake|tox\n|\n|-heal|p1a: Umbreon|60\/100|[from] move: Wish|[wisher] Umbreon\n|-heal|p2a: Walking Wake|89\/100 tox|[from] item: Leftovers\n|-heal|p1a: Umbreon|66\/100|[from] item: Leftovers\n|-damage|p2a: Walking Wake|83\/100 tox|[from] psn\n|upkeep\n|turn|60\n|\n|t:|1700353941\n|move|p1a: Umbreon|Protect|p1a: Umbreon\n|-singleturn|p1a: Umbreon|Protect\n|move|p2a: Walking Wake|Substitute|p2a: Walking Wake\n|-start|p2a: Walking Wake|Substitute\n|-damage|p2a: Walking Wake|58\/100 tox\n|\n|-heal|p2a: Walking Wake|64\/100 tox|[from] item: Leftovers\n|-heal|p1a: Umbreon|72\/100|[from] item: Leftovers\n|-damage|p2a: Walking Wake|52\/100 tox|[from] psn\n|upkeep\n|turn|61\n|\n|t:|1700353948\n|move|p2a: Walking Wake|Dragon Pulse|p1a: Umbreon\n|-damage|p1a: Umbreon|50\/100\n|move|p1a: Umbreon|Foul Play|p2a: Walking Wake\n|-activate|p2a: Walking Wake|move: Substitute|[damage]\n|\n|-heal|p2a: Walking Wake|58\/100 tox|[from] item: Leftovers\n|-heal|p1a: Umbreon|56\/100|[from] item: Leftovers\n|-damage|p2a: Walking Wake|39\/100 tox|[from] psn\n|upkeep\n|turn|62\n|\n|t:|1700353958\n|move|p2a: Walking Wake|Dragon Pulse|p1a: Umbreon\n|-damage|p1a: Umbreon|36\/100\n|move|p1a: Umbreon|Foul Play|p2a: Walking Wake\n|-end|p2a: Walking Wake|Substitute\n|\n|-heal|p2a: Walking Wake|45\/100 tox|[from] item: Leftovers\n|-heal|p1a: Umbreon|42\/100|[from] item: Leftovers\n|-damage|p2a: Walking Wake|21\/100 tox|[from] psn\n|upkeep\n|turn|63\n|\n|t:|1700353975\n|move|p2a: Walking Wake|Dragon Pulse|p1a: Umbreon\n|-crit|p1a: Umbreon\n|-damage|p1a: Umbreon|10\/100\n|move|p1a: Umbreon|Wish|p1a: Umbreon\n|\n|-heal|p2a: Walking Wake|27\/100 tox|[from] item: Leftovers\n|-heal|p1a: Umbreon|16\/100|[from] item: Leftovers\n|-damage|p2a: Walking Wake|0 fnt|[from] psn\n|faint|p2a: Walking Wake\n|-end|p2a: Walking Wake|Protosynthesis|[silent]\n|upkeep\n|\n|t:|1700353978\n|switch|p2a: Corviknight|Corviknight, M|61\/100 brn\n|-ability|p2a: Corviknight|Pressure\n|turn|64\n|\n|t:|1700353986\n|move|p1a: Umbreon|Protect|p1a: Umbreon\n|-singleturn|p1a: Umbreon|Protect\n|move|p2a: Corviknight|Brave Bird|p1a: Umbreon\n|-activate|p1a: Umbreon|move: Protect\n|\n|-heal|p1a: Umbreon|66\/100|[from] move: Wish|[wisher] Umbreon\n|-heal|p2a: Corviknight|67\/100 brn|[from] item: Leftovers\n|-heal|p1a: Umbreon|73\/100|[from] item: Leftovers\n|-damage|p2a: Corviknight|61\/100 brn|[from] brn\n|upkeep\n|turn|65\n|\n|t:|1700353995\n|move|p2a: Corviknight|Brave Bird|p1a: Umbreon\n|-damage|p1a: Umbreon|57\/100\n|-damage|p2a: Corviknight|56\/100 brn|[from] Recoil\n|move|p1a: Umbreon|Foul Play|p2a: Corviknight\n|-damage|p2a: Corviknight|38\/100 brn\n|\n|-heal|p2a: Corviknight|44\/100 brn|[from] item: Leftovers\n|-heal|p1a: Umbreon|63\/100|[from] item: Leftovers\n|-damage|p2a: Corviknight|38\/100 brn|[from] brn\n|upkeep\n|turn|66\n|\n|t:|1700354004\n|move|p2a: Corviknight|Roost|p2a: Corviknight\n|-heal|p2a: Corviknight|88\/100 brn\n|-singleturn|p2a: Corviknight|move: Roost\n|move|p1a: Umbreon|Wish|p1a: Umbreon\n|\n|-heal|p2a: Corviknight|94\/100 brn|[from] item: Leftovers\n|-heal|p1a: Umbreon|70\/100|[from] item: Leftovers\n|-damage|p2a: Corviknight|88\/100 brn|[from] brn\n|upkeep\n|turn|67\n|\n|t:|1700354020\n|move|p2a: Corviknight|Brave Bird|p1a: Umbreon\n|-damage|p1a: Umbreon|56\/100\n|-damage|p2a: Corviknight|84\/100 brn|[from] Recoil\n|move|p1a: Umbreon|Foul Play|p2a: Corviknight\n|-damage|p2a: Corviknight|67\/100 brn\n|\n|-heal|p1a: Umbreon|100\/100|[from] move: Wish|[wisher] Umbreon\n|-heal|p2a: Corviknight|73\/100 brn|[from] item: Leftovers\n|-damage|p2a: Corviknight|67\/100 brn|[from] brn\n|upkeep\n|turn|68\n|\n|t:|1700354033\n|move|p2a: Corviknight|Brave Bird|p1a: Umbreon\n|-damage|p1a: Umbreon|87\/100\n|-damage|p2a: Corviknight|62\/100 brn|[from] Recoil\n|move|p1a: Umbreon|Foul Play|p2a: Corviknight\n|-damage|p2a: Corviknight|45\/100 brn\n|\n|-heal|p2a: Corviknight|51\/100 brn|[from] item: Leftovers\n|-heal|p1a: Umbreon|93\/100|[from] item: Leftovers\n|-damage|p2a: Corviknight|45\/100 brn|[from] brn\n|upkeep\n|turn|69\n|\n|t:|1700354054\n|move|p1a: Umbreon|Protect|p1a: Umbreon\n|-singleturn|p1a: Umbreon|Protect\n|move|p2a: Corviknight|Roost|p2a: Corviknight\n|-heal|p2a: Corviknight|95\/100 brn\n|-singleturn|p2a: Corviknight|move: Roost\n|\n|-heal|p2a: Corviknight|100\/100 brn|[from] item: Leftovers\n|-heal|p1a: Umbreon|99\/100|[from] item: Leftovers\n|-damage|p2a: Corviknight|94\/100 brn|[from] brn\n|upkeep\n|turn|70\n|\n|t:|1700354068\n|move|p2a: Corviknight|Brave Bird|p1a: Umbreon\n|-damage|p1a: Umbreon|84\/100\n|-damage|p2a: Corviknight|90\/100 brn|[from] Recoil\n|move|p1a: Umbreon|Foul Play|p2a: Corviknight\n|-damage|p2a: Corviknight|73\/100 brn\n|\n|-heal|p2a: Corviknight|79\/100 brn|[from] item: Leftovers\n|-heal|p1a: Umbreon|90\/100|[from] item: Leftovers\n|-damage|p2a: Corviknight|73\/100 brn|[from] brn\n|upkeep\n|turn|71\n|inactive|rainydayshere has 120 seconds left.\n|inactive|Segal404 has 120 seconds left.\n|\n|t:|1700354100\n|move|p2a: Corviknight|Brave Bird|p1a: Umbreon\n|-damage|p1a: Umbreon|76\/100\n|-damage|p2a: Corviknight|68\/100 brn|[from] Recoil\n|move|p1a: Umbreon|Foul Play|p2a: Corviknight\n|-damage|p2a: Corviknight|51\/100 brn\n|\n|-heal|p2a: Corviknight|57\/100 brn|[from] item: Leftovers\n|-heal|p1a: Umbreon|82\/100|[from] item: Leftovers\n|-damage|p2a: Corviknight|51\/100 brn|[from] brn\n|upkeep\n|turn|72\n|\n|t:|1700354104\n|move|p2a: Corviknight|Brave Bird|p1a: Umbreon\n|-damage|p1a: Umbreon|66\/100\n|-damage|p2a: Corviknight|46\/100 brn|[from] Recoil\n|move|p1a: Umbreon|Foul Play|p2a: Corviknight\n|-damage|p2a: Corviknight|30\/100 brn\n|\n|-heal|p2a: Corviknight|36\/100 brn|[from] item: Leftovers\n|-heal|p1a: Umbreon|73\/100|[from] item: Leftovers\n|-damage|p2a: Corviknight|30\/100 brn|[from] brn\n|upkeep\n|turn|73\n|\n|t:|1700354109\n|move|p2a: Corviknight|Brave Bird|p1a: Umbreon\n|-damage|p1a: Umbreon|57\/100\n|-damage|p2a: Corviknight|25\/100 brn|[from] Recoil\n|move|p1a: Umbreon|Foul Play|p2a: Corviknight\n|-damage|p2a: Corviknight|7\/100 brn\n|\n|-heal|p2a: Corviknight|13\/100 brn|[from] item: Leftovers\n|-heal|p1a: Umbreon|63\/100|[from] item: Leftovers\n|-damage|p2a: Corviknight|7\/100 brn|[from] brn\n|upkeep\n|turn|74\n|\n|t:|1700354113\n|move|p2a: Corviknight|Brave Bird|p1a: Umbreon\n|-damage|p1a: Umbreon|49\/100\n|-damage|p2a: Corviknight|3\/100 brn|[from] Recoil\n|move|p1a: Umbreon|Foul Play|p2a: Corviknight\n|-damage|p2a: Corviknight|0 fnt\n|faint|p2a: Corviknight\n|\n|win|rainydayshere\n|raw|rainydayshere's rating: 1010 &rarr; <strong>1056<\/strong><br \/>(+46 for winning)\n|raw|Segal404's rating: 1083 &rarr; <strong>1056<\/strong><br \/>(-27 for losing)\n","uploadtime":1700354121,"views":21,"p1id":"rainydayshere","p2id":"segal404","formatid":"gen9ou","rating":1056,"private":0,"password":""}