{"id":"gen9ou-1996993673","p1":"thedebatablereaper","p2":"Jontrendline","format":"[Gen 9] OU","log":"|j|\u2606thedebatablereaper\n|j|\u2606Jontrendline\n|t:|1700753554\n|gametype|singles\n|player|p1|thedebatablereaper|170|1727\n|player|p2|Jontrendline|scientist-gen4|1694\n|teamsize|p1|6\n|teamsize|p2|6\n|gen|9\n|tier|[Gen 9] OU\n|rated|\n|rule|Sleep Clause Mod: Limit one foe put to sleep\n|rule|Species Clause: Limit one of each Pok\u00e9mon\n|rule|OHKO Clause: OHKO moves are banned\n|rule|Evasion Items Clause: Evasion items are banned\n|rule|Evasion Moves Clause: Evasion moves are banned\n|rule|Endless Battle Clause: Forcing endless battles is banned\n|rule|HP Percentage Mod: HP is shown in percentages\n|clearpoke\n|poke|p1|Gholdengo|\n|poke|p1|Garganacl, M|\n|poke|p1|Ogerpon-Wellspring, F|\n|poke|p1|Kingambit, F|\n|poke|p1|Zapdos-Galar|\n|poke|p1|Iron Valiant|\n|poke|p2|Heatran, M|\n|poke|p2|Toxapex, M|\n|poke|p2|Blissey, F|\n|poke|p2|Zamazenta-*|\n|poke|p2|Weezing-Galar, F|\n|poke|p2|Weavile, F|\n|teampreview\n|\n|t:|1700753570\n|start\n|switch|p1a: Zapdos|Zapdos-Galar|100\/100\n|switch|p2a: Toxapex|Toxapex, M|100\/100\n|turn|1\n|\n|t:|1700753609\n|-terastallize|p1a: Zapdos|Flying\n|move|p1a: Zapdos|Brave Bird|p2a: Toxapex\n|-damage|p2a: Toxapex|26\/100\n|-damage|p1a: Zapdos|77\/100|[from] Recoil\n|move|p2a: Toxapex|Toxic Spikes|p1a: Zapdos\n|-sidestart|p1: thedebatablereaper|move: Toxic Spikes\n|\n|-heal|p2a: Toxapex|32\/100|[from] item: Black Sludge\n|upkeep\n|turn|2\n|\n|t:|1700753617\n|switch|p2a: Heatran|Heatran, M|100\/100\n|move|p1a: Zapdos|Brave Bird|p2a: Heatran\n|-resisted|p2a: Heatran\n|-damage|p2a: Heatran|49\/100\n|-damage|p1a: Zapdos|59\/100|[from] Recoil\n|\n|-heal|p2a: Heatran|55\/100|[from] item: Leftovers\n|upkeep\n|turn|3\n|\n|t:|1700753629\n|switch|p1a: Garganacl|Garganacl, M|100\/100\n|move|p2a: Heatran|Protect||[still]\n|-fail|p2a: Heatran\n|\n|-heal|p2a: Heatran|61\/100|[from] item: Leftovers\n|upkeep\n|turn|4\n|\n|t:|1700753635\n|move|p2a: Heatran|Protect|p2a: Heatran\n|-singleturn|p2a: Heatran|Protect\n|move|p1a: Garganacl|Salt Cure|p2a: Heatran\n|-activate|p2a: Heatran|move: Protect\n|\n|-heal|p2a: Heatran|67\/100|[from] item: Leftovers\n|upkeep\n|turn|5\n|\n|t:|1700753642\n|switch|p2a: Toxapex|Toxapex, M|66\/100\n|move|p1a: Garganacl|Stealth Rock|p2a: Toxapex\n|-sidestart|p2: Jontrendline|move: Stealth Rock\n|\n|-heal|p2a: Toxapex|72\/100|[from] item: Black Sludge\n|upkeep\n|turn|6\n|\n|t:|1700753656\n|move|p2a: Toxapex|Toxic Spikes|p1a: Garganacl\n|-sidestart|p1: thedebatablereaper|move: Toxic Spikes\n|move|p1a: Garganacl|Salt Cure|p2a: Toxapex\n|-damage|p2a: Toxapex|63\/100\n|-start|p2a: Toxapex|Salt Cure\n|\n|-heal|p2a: Toxapex|69\/100|[from] item: Black Sludge\n|-damage|p2a: Toxapex|44\/100|[from] Salt Cure\n|upkeep\n|turn|7\n|\n|t:|1700753669\n|move|p1a: Garganacl|Salt Cure|p2a: Toxapex\n|-damage|p2a: Toxapex|35\/100\n|move|p2a: Toxapex|Recover|p2a: Toxapex\n|-heal|p2a: Toxapex|85\/100\n|\n|-heal|p2a: Toxapex|91\/100|[from] item: Black Sludge\n|-damage|p2a: Toxapex|66\/100|[from] Salt Cure\n|upkeep\n|turn|8\n|\n|t:|1700753677\n|switch|p2a: Weezing|Weezing-Galar, F, shiny|100\/100\n|-damage|p2a: Weezing|88\/100|[from] Stealth Rock\n|move|p1a: Garganacl|Salt Cure|p2a: Weezing\n|-damage|p2a: Weezing|79\/100\n|-start|p2a: Weezing|Salt Cure\n|\n|-damage|p2a: Weezing|66\/100|[from] Salt Cure\n|upkeep\n|turn|9\n|\n|t:|1700753689\n|move|p1a: Garganacl|Protect|p1a: Garganacl\n|-singleturn|p1a: Garganacl|Protect\n|move|p2a: Weezing|Will-O-Wisp|p1a: Garganacl\n|-activate|p1a: Garganacl|move: Protect\n|\n|-damage|p2a: Weezing|54\/100|[from] Salt Cure\n|upkeep\n|turn|10\n|j| Outdated Ahh Team\n|\n|t:|1700753696\n|move|p2a: Weezing|Will-O-Wisp|p1a: Garganacl\n|-immune|p1a: Garganacl|[from] ability: Purifying Salt\n|move|p1a: Garganacl|Salt Cure|p2a: Weezing\n|-damage|p2a: Weezing|44\/100\n|\n|-damage|p2a: Weezing|32\/100|[from] Salt Cure\n|upkeep\n|turn|11\n|\n|t:|1700753705\n|switch|p1a: Zapdos|Zapdos-Galar, tera:Flying|59\/100\n|move|p2a: Weezing|Pain Split|p1a: Zapdos\n|-sethp|p1a: Zapdos|46\/100|[from] move: Pain Split|[silent]\n|-sethp|p2a: Weezing|45\/100|[from] move: Pain Split\n|\n|-damage|p2a: Weezing|33\/100|[from] Salt Cure\n|upkeep\n|turn|12\n|\n|t:|1700753714\n|switch|p2a: Toxapex|Toxapex, M|99\/100\n|-damage|p2a: Toxapex|87\/100|[from] Stealth Rock\n|move|p1a: Zapdos|Brave Bird|p2a: Toxapex\n|-damage|p2a: Toxapex|17\/100\n|-damage|p1a: Zapdos|24\/100|[from] Recoil\n|\n|-heal|p2a: Toxapex|23\/100|[from] item: Black Sludge\n|upkeep\n|turn|13\n|\n|t:|1700753723\n|switch|p2a: Weezing|Weezing-Galar, F, shiny|33\/100\n|-damage|p2a: Weezing|20\/100|[from] Stealth Rock\n|move|p1a: Zapdos|Brave Bird|p2a: Weezing\n|-damage|p2a: Weezing|0 fnt\n|-damage|p1a: Zapdos|7\/100|[from] item: Rocky Helmet|[of] p2a: Weezing\n|faint|p2a: Weezing\n|-damage|p1a: Zapdos|1\/100|[from] Recoil\n|\n|upkeep\n|\n|t:|1700753730\n|switch|p2a: Weavile|Weavile, F|100\/100\n|-ability|p2a: Weavile|Pressure\n|turn|14\n|\n|t:|1700753738\n|switch|p1a: Gholdengo|Gholdengo|100\/100\n|move|p2a: Weavile|Ice Shard|p1a: Gholdengo\n|-resisted|p1a: Gholdengo\n|-crit|p1a: Gholdengo\n|-damage|p1a: Gholdengo|91\/100\n|\n|-heal|p1a: Gholdengo|97\/100|[from] item: Leftovers\n|upkeep\n|turn|15\n|\n|t:|1700753746\n|move|p2a: Weavile|Knock Off|p1a: Gholdengo\n|-supereffective|p1a: Gholdengo\n|-damage|p1a: Gholdengo|30\/100\n|-enditem|p1a: Gholdengo|Leftovers|[from] move: Knock Off|[of] p2a: Weavile\n|move|p1a: Gholdengo|Make It Rain|p2a: Weavile\n|-supereffective|p2a: Weavile\n|-damage|p2a: Weavile|0 fnt\n|-unboost|p1a: Gholdengo|spa|1\n|faint|p2a: Weavile\n|\n|upkeep\n|\n|t:|1700753753\n|switch|p2a: Heatran|Heatran, M|67\/100\n|-damage|p2a: Heatran|55\/100|[from] Stealth Rock\n|turn|16\n|\n|t:|1700753761\n|switch|p1a: Garganacl|Garganacl, M|100\/100\n|move|p2a: Heatran|Magma Storm|p1a: Garganacl\n|-resisted|p1a: Garganacl\n|-damage|p1a: Garganacl|81\/100\n|-activate|p1a: Garganacl|move: Magma Storm|[of] p2a: Heatran\n|\n|-heal|p2a: Heatran|61\/100|[from] item: Leftovers\n|-heal|p1a: Garganacl|87\/100|[from] item: Leftovers\n|-damage|p1a: Garganacl|75\/100|[from] move: Magma Storm|[partiallytrapped]\n|upkeep\n|turn|17\n|\n|t:|1700753771\n|move|p2a: Heatran|Earth Power|p1a: Garganacl\n|-supereffective|p1a: Garganacl\n|-damage|p1a: Garganacl|27\/100\n|move|p1a: Garganacl|Recover|p1a: Garganacl\n|-heal|p1a: Garganacl|77\/100\n|\n|-heal|p2a: Heatran|67\/100|[from] item: Leftovers\n|-heal|p1a: Garganacl|83\/100|[from] item: Leftovers\n|-damage|p1a: Garganacl|71\/100|[from] move: Magma Storm|[partiallytrapped]\n|upkeep\n|turn|18\n|\n|t:|1700753782\n|move|p2a: Heatran|Taunt|p1a: Garganacl\n|-start|p1a: Garganacl|move: Taunt\n|move|p1a: Garganacl|Salt Cure|p2a: Heatran\n|-damage|p2a: Heatran|56\/100\n|-start|p2a: Heatran|Salt Cure\n|\n|-heal|p2a: Heatran|62\/100|[from] item: Leftovers\n|-heal|p1a: Garganacl|77\/100|[from] item: Leftovers\n|-damage|p2a: Heatran|37\/100|[from] Salt Cure\n|-damage|p1a: Garganacl|65\/100|[from] move: Magma Storm|[partiallytrapped]\n|upkeep\n|turn|19\n|\n|t:|1700753794\n|move|p2a: Heatran|Earth Power|p1a: Garganacl\n|-supereffective|p1a: Garganacl\n|-damage|p1a: Garganacl|11\/100\n|move|p1a: Garganacl|Salt Cure|p2a: Heatran\n|-damage|p2a: Heatran|25\/100\n|\n|-heal|p2a: Heatran|31\/100|[from] item: Leftovers\n|-heal|p1a: Garganacl|18\/100|[from] item: Leftovers\n|-damage|p2a: Heatran|6\/100|[from] Salt Cure\n|-damage|p1a: Garganacl|5\/100|[from] move: Magma Storm|[partiallytrapped]\n|upkeep\n|turn|20\n|\n|t:|1700753804\n|move|p2a: Heatran|Earth Power|p1a: Garganacl\n|-supereffective|p1a: Garganacl\n|-crit|p1a: Garganacl\n|-damage|p1a: Garganacl|0 fnt\n|faint|p1a: Garganacl\n|\n|-heal|p2a: Heatran|12\/100|[from] item: Leftovers\n|-damage|p2a: Heatran|0 fnt|[from] Salt Cure\n|faint|p2a: Heatran\n|upkeep\n|\n|t:|1700753818\n|switch|p2a: Toxapex|Toxapex, M|56\/100\n|switch|p1a: Zapdos|Zapdos-Galar, tera:Flying|1\/100\n|-damage|p2a: Toxapex|44\/100|[from] Stealth Rock\n|turn|21\n|\n|t:|1700753831\n|switch|p2a: Blissey|Blissey, F|100\/100\n|move|p1a: Zapdos|Brave Bird|p2a: Blissey\n|-damage|p2a: Blissey|0 fnt\n|faint|p2a: Blissey\n|-damage|p1a: Zapdos|0 fnt|[from] Recoil\n|faint|p1a: Zapdos\n|\n|upkeep\n|\n|t:|1700753840\n|switch|p1a: Gholdengo|Gholdengo|30\/100\n|switch|p2a: Zamazenta|Zamazenta|100\/100\n|-damage|p2a: Zamazenta|94\/100|[from] Stealth Rock\n|-ability|p2a: Zamazenta|Dauntless Shield|boost\n|-boost|p2a: Zamazenta|def|1\n|turn|22\n|j| Modachi\n|\n|t:|1700753847\n|move|p2a: Zamazenta|Crunch|p1a: Gholdengo\n|-supereffective|p1a: Gholdengo\n|-damage|p1a: Gholdengo|2\/100\n|move|p1a: Gholdengo|Recover|p1a: Gholdengo\n|-heal|p1a: Gholdengo|52\/100\n|\n|-heal|p2a: Zamazenta|100\/100|[from] item: Leftovers\n|upkeep\n|turn|23\n|\n|t:|1700753854\n|move|p2a: Zamazenta|Crunch|p1a: Gholdengo\n|-supereffective|p1a: Gholdengo\n|-damage|p1a: Gholdengo|24\/100\n|-unboost|p1a: Gholdengo|def|1\n|move|p1a: Gholdengo|Recover|p1a: Gholdengo\n|-heal|p1a: Gholdengo|74\/100\n|\n|upkeep\n|turn|24\n|\n|t:|1700753861\n|switch|p1a: Iron Valiant|Iron Valiant|100\/100\n|-status|p1a: Iron Valiant|tox\n|-enditem|p1a: Iron Valiant|Booster Energy\n|-activate|p1a: Iron Valiant|ability: Quark Drive|[fromitem]\n|-start|p1a: Iron Valiant|quarkdrivespa\n|move|p2a: Zamazenta|Substitute|p2a: Zamazenta\n|-start|p2a: Zamazenta|Substitute\n|-damage|p2a: Zamazenta|75\/100\n|\n|-heal|p2a: Zamazenta|82\/100|[from] item: Leftovers\n|-damage|p1a: Iron Valiant|94\/100 tox|[from] psn\n|upkeep\n|turn|25\n|\n|t:|1700753872\n|move|p1a: Iron Valiant|Moonblast|p2a: Zamazenta\n|-supereffective|p2a: Zamazenta\n|-end|p2a: Zamazenta|Substitute\n|move|p2a: Zamazenta|Body Press|p1a: Iron Valiant\n|-resisted|p1a: Iron Valiant\n|-damage|p1a: Iron Valiant|55\/100 tox\n|\n|-heal|p2a: Zamazenta|88\/100|[from] item: Leftovers\n|-damage|p1a: Iron Valiant|42\/100 tox|[from] psn\n|upkeep\n|turn|26\n|\n|t:|1700753881\n|switch|p2a: Toxapex|Toxapex, M|77\/100\n|-damage|p2a: Toxapex|65\/100|[from] Stealth Rock\n|move|p1a: Iron Valiant|Moonblast|p2a: Toxapex\n|-resisted|p2a: Toxapex\n|-damage|p2a: Toxapex|37\/100\n|\n|-heal|p2a: Toxapex|43\/100|[from] item: Black Sludge\n|-damage|p1a: Iron Valiant|24\/100 tox|[from] psn\n|upkeep\n|turn|27\n|\n|t:|1700753890\n|move|p1a: Iron Valiant|Psyshock|p2a: Toxapex\n|-supereffective|p2a: Toxapex\n|-damage|p2a: Toxapex|0 fnt\n|faint|p2a: Toxapex\n|\n|-damage|p1a: Iron Valiant|0 fnt|[from] psn\n|faint|p1a: Iron Valiant\n|-end|p1a: Iron Valiant|Quark Drive|[silent]\n|upkeep\n|\n|t:|1700753897\n|switch|p1a: Gholdengo|Gholdengo|74\/100\n|switch|p2a: Zamazenta|Zamazenta|88\/100\n|-damage|p2a: Zamazenta|82\/100|[from] Stealth Rock\n|turn|28\n|\n|t:|1700753903\n|move|p2a: Zamazenta|Crunch|p1a: Gholdengo\n|-supereffective|p1a: Gholdengo\n|-damage|p1a: Gholdengo|45\/100\n|move|p1a: Gholdengo|Shadow Ball|p2a: Zamazenta\n|-damage|p2a: Zamazenta|56\/100\n|-unboost|p2a: Zamazenta|spd|1\n|\n|-heal|p2a: Zamazenta|62\/100|[from] item: Leftovers\n|upkeep\n|turn|29\n|\n|t:|1700753912\n|move|p2a: Zamazenta|Crunch|p1a: Gholdengo\n|-supereffective|p1a: Gholdengo\n|-damage|p1a: Gholdengo|17\/100\n|move|p1a: Gholdengo|Recover|p1a: Gholdengo\n|-heal|p1a: Gholdengo|67\/100\n|\n|-heal|p2a: Zamazenta|68\/100|[from] item: Leftovers\n|upkeep\n|turn|30\n|\n|t:|1700753919\n|move|p2a: Zamazenta|Crunch|p1a: Gholdengo\n|-supereffective|p1a: Gholdengo\n|-damage|p1a: Gholdengo|39\/100\n|move|p1a: Gholdengo|Recover|p1a: Gholdengo\n|-heal|p1a: Gholdengo|89\/100\n|\n|-heal|p2a: Zamazenta|74\/100|[from] item: Leftovers\n|upkeep\n|turn|31\n|l| Modachi\n|\n|t:|1700753926\n|move|p2a: Zamazenta|Substitute|p2a: Zamazenta\n|-start|p2a: Zamazenta|Substitute\n|-damage|p2a: Zamazenta|49\/100\n|move|p1a: Gholdengo|Thunder Wave||[still]\n|-fail|p1a: Gholdengo\n|\n|-heal|p2a: Zamazenta|55\/100|[from] item: Leftovers\n|upkeep\n|turn|32\n|-message|Jontrendline forfeited.\n|\n|win|thedebatablereaper\n|raw|thedebatablereaper's rating: 1727 &rarr; <strong>1745<\/strong><br \/>(+18 for winning)\n|raw|Jontrendline's rating: 1694 &rarr; <strong>1676<\/strong><br \/>(-18 for losing)\n|l|\u2606Jontrendline\n|l|\u2606thedebatablereaper\n|j| llxcjghxgk\n|l| llxcjghxgk\n","uploadtime":1700754076,"views":2,"p1id":"thedebatablereaper","p2id":"jontrendline","formatid":"gen9ou","rating":1676,"private":0,"password":""}