{"id":"gen9ou-1999587341","p1":"Traivy","p2":"Skaraptor2.1","format":"[Gen 9] OU","log":"|j|\u2606Traivy\n|j|\u2606Skaraptor2.1\n|t:|1701098823\n|gametype|singles\n|player|p1|Traivy|emmet|1363\n|player|p2|Skaraptor2.1|bodybuilderf-gen9|1352\n|teamsize|p1|6\n|teamsize|p2|6\n|gen|9\n|tier|[Gen 9] OU\n|rated|\n|rule|Sleep Clause Mod: Limit one foe put to sleep\n|rule|Species Clause: Limit one of each Pok\u00e9mon\n|rule|OHKO Clause: OHKO moves are banned\n|rule|Evasion Items Clause: Evasion items are banned\n|rule|Evasion Moves Clause: Evasion moves are banned\n|rule|Endless Battle Clause: Forcing endless battles is banned\n|rule|HP Percentage Mod: HP is shown in percentages\n|clearpoke\n|poke|p1|Ogerpon-Wellspring, F|\n|poke|p1|Great Tusk|\n|poke|p1|Dragapult, F|\n|poke|p1|Enamorus-Therian, F|\n|poke|p1|Kingambit, F|\n|poke|p1|Iron Moth|\n|poke|p2|Ribombee, M|\n|poke|p2|Ogerpon-Wellspring, F|\n|poke|p2|Gholdengo|\n|poke|p2|Zamazenta-*|\n|poke|p2|Iron Valiant|\n|poke|p2|Kingambit, F|\n|teampreview\n|inactive|Battle timer is ON: inactive players will automatically lose when time's up. (requested by Skaraptor2.1)\n|l|\u2606Skaraptor2.1\n|inactive|Skaraptor2.1 disconnected and has a minute to reconnect!\n|player|p2|\n|inactive|Skaraptor2.1 has 30 seconds to reconnect!\n|j|\u2606Skaraptor2.1\n|inactive|Skaraptor2.1 reconnected and has 105 seconds left.\n|player|p2|Skaraptor2.1|bodybuilderf-gen9\n|\n|t:|1701098873\n|start\n|switch|p1a: Dragapult|Dragapult, F|100\/100\n|switch|p2a: Twink|Ribombee, M|100\/100\n|turn|1\n|\n|t:|1701098880\n|move|p1a: Dragapult|U-turn|p2a: Twink\n|-resisted|p2a: Twink\n|-damage|p2a: Twink|87\/100\n|\n|t:|1701098892\n|switch|p1a: Iron Moth|Iron Moth|100\/100|[from] U-turn\n|-enditem|p1a: Iron Moth|Booster Energy\n|-activate|p1a: Iron Moth|ability: Quark Drive|[fromitem]\n|-start|p1a: Iron Moth|quarkdrivespe\n|move|p2a: Twink|Stun Spore|p1a: Iron Moth\n|-status|p1a: Iron Moth|par\n|\n|upkeep\n|turn|2\n|\n|t:|1701098900\n|move|p2a: Twink|Sticky Web|p1a: Iron Moth\n|-sidestart|p1: Traivy|move: Sticky Web\n|move|p1a: Iron Moth|Fiery Dance|p2a: Twink\n|-supereffective|p2a: Twink\n|-damage|p2a: Twink|0 fnt\n|faint|p2a: Twink\n|\n|upkeep\n|\n|t:|1701098908\n|switch|p2a: Transfem|Ogerpon-Wellspring, F|100\/100\n|turn|3\n|\n|t:|1701098930\n|move|p2a: Transfem|Ivy Cudgel|p1a: Iron Moth|[anim] Ivy Cudgel Water\n|-supereffective|p1a: Iron Moth\n|-damage|p1a: Iron Moth|0 fnt\n|faint|p1a: Iron Moth\n|-end|p1a: Iron Moth|Quark Drive|[silent]\n|\n|upkeep\n|\n|t:|1701098939\n|switch|p1a: Great Tusk|Great Tusk|100\/100\n|-activate|p1a: Great Tusk|move: Sticky Web\n|-unboost|p1a: Great Tusk|spe|1\n|turn|4\n|\n|t:|1701098947\n|switch|p2a: HRT Prices|Gholdengo|100\/100\n|-item|p2a: HRT Prices|Air Balloon\n|move|p1a: Great Tusk|Earthquake|p2a: HRT Prices\n|-immune|p2a: HRT Prices\n|\n|upkeep\n|turn|5\n|\n|t:|1701098955\n|move|p2a: HRT Prices|Shadow Ball|p1a: Great Tusk\n|-damage|p1a: Great Tusk|43\/100\n|move|p1a: Great Tusk|Knock Off|p2a: HRT Prices\n|-supereffective|p2a: HRT Prices\n|-damage|p2a: HRT Prices|14\/100\n|-enditem|p2a: HRT Prices|Air Balloon\n|\n|-heal|p1a: Great Tusk|49\/100|[from] item: Leftovers\n|upkeep\n|turn|6\n|\n|t:|1701098975\n|-end|p1a: Great Tusk|Protosynthesis|[silent]\n|switch|p1a: Kingambit|Kingambit, F|100\/100\n|-activate|p1a: Kingambit|move: Sticky Web\n|-unboost|p1a: Kingambit|spe|1\n|-activate|p1a: Kingambit|ability: Supreme Overlord\n|-start|p1a: Kingambit|fallen1|[silent]\n|move|p2a: HRT Prices|Shadow Ball|p1a: Kingambit\n|-resisted|p1a: Kingambit\n|-damage|p1a: Kingambit|80\/100\n|\n|upkeep\n|turn|7\n|\n|t:|1701098987\n|move|p2a: HRT Prices|Shadow Ball|p1a: Kingambit\n|-resisted|p1a: Kingambit\n|-damage|p1a: Kingambit|61\/100\n|move|p1a: Kingambit|Kowtow Cleave|p2a: HRT Prices\n|-supereffective|p2a: HRT Prices\n|-damage|p2a: HRT Prices|0 fnt\n|faint|p2a: HRT Prices\n|\n|upkeep\n|\n|t:|1701099005\n|switch|p2a: Queengambit|Kingambit, F|100\/100\n|-activate|p2a: Queengambit|ability: Supreme Overlord\n|-start|p2a: Queengambit|fallen2|[silent]\n|turn|8\n|\n|t:|1701099030\n|-end|p1a: Kingambit|fallen1|[silent]\n|switch|p1a: Enamorus|Enamorus-Therian, F|100\/100\n|move|p2a: Queengambit|Low Kick|p1a: Enamorus\n|-resisted|p1a: Enamorus\n|-crit|p1a: Enamorus\n|-damage|p1a: Enamorus|93\/100\n|\n|upkeep\n|turn|9\n|\n|t:|1701099038\n|move|p2a: Queengambit|Iron Head|p1a: Enamorus\n|-supereffective|p1a: Enamorus\n|-damage|p1a: Enamorus|12\/100\n|move|p1a: Enamorus|Moonblast|p2a: Queengambit\n|-crit|p2a: Queengambit\n|-damage|p2a: Queengambit|37\/100\n|\n|-heal|p2a: Queengambit|44\/100|[from] item: Leftovers\n|upkeep\n|turn|10\n|\n|t:|1701099045\n|move|p2a: Queengambit|Iron Head|p1a: Enamorus\n|-supereffective|p1a: Enamorus\n|-damage|p1a: Enamorus|0 fnt\n|faint|p1a: Enamorus\n|\n|-heal|p2a: Queengambit|50\/100|[from] item: Leftovers\n|upkeep\n|\n|t:|1701099049\n|switch|p1a: Great Tusk|Great Tusk|49\/100\n|-activate|p1a: Great Tusk|move: Sticky Web\n|-unboost|p1a: Great Tusk|spe|1\n|turn|11\n|\n|t:|1701099055\n|move|p1a: Great Tusk|Rapid Spin|p2a: Queengambit\n|-resisted|p2a: Queengambit\n|-damage|p2a: Queengambit|42\/100\n|-boost|p1a: Great Tusk|spe|1\n|-sideend|p1: Traivy|Sticky Web|[from] move: Rapid Spin|[of] p1a: Great Tusk\n|move|p2a: Queengambit|Low Kick|p1a: Great Tusk\n|-damage|p1a: Great Tusk|15\/100\n|\n|-heal|p1a: Great Tusk|21\/100|[from] item: Leftovers\n|-heal|p2a: Queengambit|49\/100|[from] item: Leftovers\n|upkeep\n|turn|12\n|\n|t:|1701099083\n|move|p2a: Queengambit|Sucker Punch|p1a: Great Tusk\n|-resisted|p1a: Great Tusk\n|-damage|p1a: Great Tusk|4\/100\n|move|p1a: Great Tusk|Earthquake|p2a: Queengambit\n|-supereffective|p2a: Queengambit\n|-damage|p2a: Queengambit|0 fnt\n|faint|p2a: Queengambit\n|-end|p2a: Queengambit|fallen2|[silent]\n|\n|-heal|p1a: Great Tusk|11\/100|[from] item: Leftovers\n|upkeep\n|\n|t:|1701099088\n|switch|p2a: Bigender|Iron Valiant|100\/100\n|-enditem|p2a: Bigender|Booster Energy\n|-activate|p2a: Bigender|ability: Quark Drive|[fromitem]\n|-start|p2a: Bigender|quarkdrivespe\n|turn|13\n|\n|t:|1701099106\n|move|p2a: Bigender|Moonblast|p1a: Great Tusk\n|-supereffective|p1a: Great Tusk\n|-damage|p1a: Great Tusk|0 fnt\n|faint|p1a: Great Tusk\n|-end|p1a: Great Tusk|Protosynthesis|[silent]\n|\n|upkeep\n|inactive|Traivy has 120 seconds left.\n|l|\u2606Skaraptor2.1\n|inactive|Skaraptor2.1 disconnected and has a minute to reconnect!\n|player|p2|\n|\n|t:|1701099129\n|switch|p1a: Ogerpon|Ogerpon-Wellspring, F|100\/100\n|turn|14\n|j|\u2606Skaraptor2.1\n|inactive|Skaraptor2.1 reconnected and has 150 seconds left.\n|player|p2|Skaraptor2.1|bodybuilderf-gen9\n|\n|t:|1701099137\n|move|p2a: Bigender|Thunderbolt|p1a: Ogerpon\n|-damage|p1a: Ogerpon|69\/100\n|move|p1a: Ogerpon|Ivy Cudgel|p2a: Bigender|[anim] Ivy Cudgel Water\n|-crit|p2a: Bigender\n|-damage|p2a: Bigender|0 fnt\n|faint|p2a: Bigender\n|-end|p2a: Bigender|Quark Drive|[silent]\n|\n|upkeep\n|\n|t:|1701099142\n|switch|p2a: Transfem|Ogerpon-Wellspring, F|100\/100\n|turn|15\n|\n|t:|1701099155\n|move|p1a: Ogerpon|Horn Leech|p2a: Transfem\n|-damage|p2a: Transfem|38\/100\n|-heal|p1a: Ogerpon|99\/100|[from] drain|[of] p2a: Transfem\n|move|p2a: Transfem|Horn Leech|p1a: Ogerpon\n|-damage|p1a: Ogerpon|38\/100\n|-heal|p2a: Transfem|70\/100|[from] drain|[of] p1a: Ogerpon\n|\n|upkeep\n|turn|16\n|\n|t:|1701099160\n|move|p2a: Transfem|Horn Leech|p1a: Ogerpon\n|-damage|p1a: Ogerpon|0 fnt\n|-heal|p2a: Transfem|88\/100|[from] drain|[of] p1a: Ogerpon\n|faint|p1a: Ogerpon\n|\n|upkeep\n|\n|t:|1701099167\n|switch|p1a: Kingambit|Kingambit, F|61\/100\n|-activate|p1a: Kingambit|ability: Supreme Overlord\n|-start|p1a: Kingambit|fallen4|[silent]\n|turn|17\n|\n|t:|1701099179\n|move|p2a: Transfem|Ivy Cudgel|p1a: Kingambit|[anim] Ivy Cudgel Water\n|-damage|p1a: Kingambit|19\/100\n|move|p1a: Kingambit|Swords Dance|p1a: Kingambit\n|-boost|p1a: Kingambit|atk|2\n|\n|upkeep\n|turn|18\n|\n|t:|1701099183\n|move|p1a: Kingambit|Sucker Punch|p2a: Transfem\n|-damage|p2a: Transfem|0 fnt\n|faint|p2a: Transfem\n|\n|upkeep\n|\n|t:|1701099185\n|switch|p2a: Defender of Trans|Zamazenta, shiny|100\/100\n|-ability|p2a: Defender of Trans|Dauntless Shield|boost\n|-boost|p2a: Defender of Trans|def|1\n|turn|19\n|\n|t:|1701099191\n|move|p1a: Kingambit|Sucker Punch||[still]\n|-fail|p1a: Kingambit\n|move|p2a: Defender of Trans|Iron Defense|p2a: Defender of Trans\n|-boost|p2a: Defender of Trans|def|2\n|\n|upkeep\n|turn|20\n|\n|t:|1701099194\n|move|p2a: Defender of Trans|Iron Defense|p2a: Defender of Trans\n|-boost|p2a: Defender of Trans|def|2\n|move|p1a: Kingambit|Kowtow Cleave|p2a: Defender of Trans\n|-resisted|p2a: Defender of Trans\n|-damage|p2a: Defender of Trans|86\/100\n|\n|-heal|p2a: Defender of Trans|92\/100|[from] item: Leftovers\n|upkeep\n|turn|21\n|\n|t:|1701099201\n|-terastallize|p1a: Kingambit|Dark\n|move|p2a: Defender of Trans|Crunch|p1a: Kingambit\n|-resisted|p1a: Kingambit\n|-damage|p1a: Kingambit|12\/100\n|move|p1a: Kingambit|Kowtow Cleave|p2a: Defender of Trans\n|-resisted|p2a: Defender of Trans\n|-damage|p2a: Defender of Trans|73\/100\n|\n|-heal|p2a: Defender of Trans|79\/100|[from] item: Leftovers\n|upkeep\n|turn|22\n|\n|t:|1701099216\n|move|p1a: Kingambit|Sucker Punch|p2a: Defender of Trans\n|-resisted|p2a: Defender of Trans\n|-damage|p2a: Defender of Trans|62\/100\n|move|p2a: Defender of Trans|Body Press|p1a: Kingambit\n|-supereffective|p1a: Kingambit\n|-damage|p1a: Kingambit|0 fnt\n|faint|p1a: Kingambit\n|-end|p1a: Kingambit|fallen4|[silent]\n|\n|-heal|p2a: Defender of Trans|68\/100|[from] item: Leftovers\n|upkeep\n|\n|t:|1701099219\n|switch|p1a: Dragapult|Dragapult, F|100\/100\n|turn|23\n|\n|t:|1701099224\n|move|p1a: Dragapult|Shadow Ball|p2a: Defender of Trans\n|-damage|p2a: Defender of Trans|41\/100\n|move|p2a: Defender of Trans|Crunch|p1a: Dragapult\n|-supereffective|p1a: Dragapult\n|-damage|p1a: Dragapult|44\/100\n|\n|-heal|p2a: Defender of Trans|48\/100|[from] item: Leftovers\n|upkeep\n|turn|24\n|\n|t:|1701099232\n|move|p1a: Dragapult|Draco Meteor|p2a: Defender of Trans\n|-damage|p2a: Defender of Trans|4\/100\n|-unboost|p1a: Dragapult|spa|2\n|move|p2a: Defender of Trans|Crunch|p1a: Dragapult\n|-supereffective|p1a: Dragapult\n|-damage|p1a: Dragapult|0 fnt\n|faint|p1a: Dragapult\n|\n|win|Skaraptor2.1\n|raw|Traivy's rating: 1363 &rarr; <strong>1342<\/strong><br \/>(-21 for losing)\n|raw|Skaraptor2.1's rating: 1352 &rarr; <strong>1373<\/strong><br \/>(+21 for winning)\n|l|\u2606Traivy\n","uploadtime":1701099243,"views":2,"p1id":"traivy","p2id":"skaraptor21","formatid":"gen9ou","rating":1342,"private":0,"password":""}