{"id":"gen9ou-2000189942","p1":"DanKuc","p2":"SoloWoChien","format":"[Gen 9] OU","log":"|j|\u2606DanKuc\n|j|\u2606SoloWoChien\n|t:|1701169684\n|gametype|singles\n|player|p1|DanKuc|bugsy|1076\n|player|p2|SoloWoChien|265|1000\n|teamsize|p1|6\n|teamsize|p2|6\n|gen|9\n|tier|[Gen 9] OU\n|rated|\n|rule|Sleep Clause Mod: Limit one foe put to sleep\n|rule|Species Clause: Limit one of each Pok\u00e9mon\n|rule|OHKO Clause: OHKO moves are banned\n|rule|Evasion Items Clause: Evasion items are banned\n|rule|Evasion Moves Clause: Evasion moves are banned\n|rule|Endless Battle Clause: Forcing endless battles is banned\n|rule|HP Percentage Mod: HP is shown in percentages\n|clearpoke\n|poke|p1|Cinderace, F|\n|poke|p1|Kingambit, F|\n|poke|p1|Greninja-*, M|\n|poke|p1|Heatran, F|\n|poke|p1|Landorus-Therian, M|\n|poke|p1|Toxapex, F|\n|poke|p2|Ribombee, F|\n|poke|p2|Wo-Chien|\n|poke|p2|Cinderace, M|\n|poke|p2|Empoleon, F|\n|poke|p2|Kingambit, F|\n|poke|p2|Lurantis, F|\n|teampreview\n|inactive|Battle timer is ON: inactive players will automatically lose when time's up. (requested by DanKuc)\n|\n|t:|1701169695\n|start\n|switch|p1a: Toxapex|Toxapex, F|100\/100\n|switch|p2a: Ribombee|Ribombee, F|100\/100\n|turn|1\n|\n|t:|1701169703\n|move|p2a: Ribombee|Sticky Web|p1a: Toxapex\n|-sidestart|p1: DanKuc|move: Sticky Web\n|move|p1a: Toxapex|Liquidation|p2a: Ribombee\n|-damage|p2a: Ribombee|12\/100\n|\n|upkeep\n|turn|2\n|\n|t:|1701169730\n|move|p2a: Ribombee|Psychic|p1a: Toxapex\n|-supereffective|p1a: Toxapex\n|-damage|p1a: Toxapex|62\/100\n|-unboost|p1a: Toxapex|spd|1\n|move|p1a: Toxapex|Liquidation|p2a: Ribombee\n|-damage|p2a: Ribombee|0 fnt\n|faint|p2a: Ribombee\n|\n|upkeep\n|\n|t:|1701169737\n|switch|p2a: Wo-Chien|Wo-Chien|100\/100\n|-ability|p2a: Wo-Chien|Tablets of Ruin\n|turn|3\n|\n|t:|1701169755\n|switch|p1a: Cinderace|Cinderace, F|100\/100\n|move|p2a: Wo-Chien|Leaf Storm|p1a: Cinderace\n|-resisted|p1a: Cinderace\n|-damage|p1a: Cinderace|71\/100\n|-unboost|p2a: Wo-Chien|spa|2\n|\n|upkeep\n|turn|4\n|\n|t:|1701169769\n|switch|p2a: Cinderace|Cinderace, M|100\/100\n|move|p1a: Cinderace|Court Change|p1a: Cinderace\n|-start|p1a: Cinderace|typechange|Normal|[from] ability: Libero\n|-swapsideconditions\n|-activate|p1a: Cinderace|move: Court Change\n|\n|upkeep\n|turn|5\n|\n|t:|1701169775\n|move|p1a: Cinderace|High Jump Kick|p2a: Cinderace|[miss]\n|-miss|p1a: Cinderace|p2a: Cinderace\n|-damage|p1a: Cinderace|21\/100|[from] highjumpkick\n|move|p2a: Cinderace|Will-O-Wisp|p1a: Cinderace|[miss]\n|-miss|p2a: Cinderace|p1a: Cinderace\n|\n|upkeep\n|turn|6\n|\n|t:|1701169782\n|move|p1a: Cinderace|High Jump Kick|p2a: Cinderace\n|-crit|p2a: Cinderace\n|-damage|p2a: Cinderace|7\/100\n|move|p2a: Cinderace|U-turn|p1a: Cinderace\n|-start|p2a: Cinderace|typechange|Bug|[from] ability: Libero\n|-damage|p1a: Cinderace|0 fnt\n|faint|p1a: Cinderace\n|\n|t:|1701169794\n|switch|p2a: Lurantis|Lurantis, F|100\/100|[from] U-turn\n|-activate|p2a: Lurantis|move: Sticky Web\n|-unboost|p2a: Lurantis|spe|1\n|\n|upkeep\n|\n|t:|1701169806\n|switch|p1a: Heatran|Heatran, F|100\/100\n|turn|7\n|\n|t:|1701169814\n|move|p1a: Heatran|Lava Plume|p2a: Lurantis\n|-supereffective|p2a: Lurantis\n|-damage|p2a: Lurantis|0 fnt\n|faint|p2a: Lurantis\n|\n|upkeep\n|\n|t:|1701169820\n|switch|p2a: Empoleon|Empoleon, F|100\/100\n|-activate|p2a: Empoleon|move: Sticky Web\n|-unboost|p2a: Empoleon|spe|1\n|turn|8\n|inactive|SoloWoChien has 120 seconds left.\n|-message|SoloWoChien forfeited.\n|\n|win|DanKuc\n|raw|DanKuc's rating: 1076 &rarr; <strong>1098<\/strong><br \/>(+22 for winning)\n|raw|SoloWoChien's rating: 1000 &rarr; <strong>1000<\/strong><br \/>(+0 for losing)\n","uploadtime":1701169881,"views":2,"p1id":"dankuc","p2id":"solowochien","formatid":"gen9ou","rating":1000,"private":0,"password":""}