{"id":"gen9ou-1996254243","p1":"Skaraptor2.1","p2":"Big Test These","format":"[Gen 9] OU","log":"|j|\u2606Skaraptor2.1\n|j|\u2606Big Test These\n|t:|1700664383\n|gametype|singles\n|player|p1|Skaraptor2.1|bodybuilderf-gen9|1430\n|player|p2|Big Test These|unknown|1453\n|teamsize|p1|6\n|teamsize|p2|6\n|gen|9\n|tier|[Gen 9] OU\n|rated|\n|rule|Sleep Clause Mod: Limit one foe put to sleep\n|rule|Species Clause: Limit one of each Pok\u00e9mon\n|rule|OHKO Clause: OHKO moves are banned\n|rule|Evasion Items Clause: Evasion items are banned\n|rule|Evasion Moves Clause: Evasion moves are banned\n|rule|Endless Battle Clause: Forcing endless battles is banned\n|rule|HP Percentage Mod: HP is shown in percentages\n|clearpoke\n|poke|p1|Ribombee, M|\n|poke|p1|Ogerpon-Wellspring, F|\n|poke|p1|Corviknight, F|\n|poke|p1|Zamazenta-*|\n|poke|p1|Iron Valiant|\n|poke|p1|Kingambit, F|\n|poke|p2|Corviknight, M|\n|poke|p2|Cinderace, F|\n|poke|p2|Dragapult, F|\n|poke|p2|Kingambit, M|\n|poke|p2|Slowking-Galar, M|\n|poke|p2|Salamence, M|\n|teampreview\n|inactive|Battle timer is ON: inactive players will automatically lose when time's up. (requested by Skaraptor2.1)\n|\n|t:|1700664388\n|start\n|switch|p1a: Transfem|Ogerpon-Wellspring, F|100\/100\n|switch|p2a: Dragapult|Dragapult, F|100\/100\n|turn|1\n|\n|t:|1700664391\n|move|p2a: Dragapult|U-turn|p1a: Transfem\n|-supereffective|p1a: Transfem\n|-damage|p1a: Transfem|55\/100\n|\n|t:|1700664394\n|switch|p2a: Corviknight|Corviknight, M|100\/100|[from] U-turn\n|-ability|p2a: Corviknight|Pressure\n|move|p1a: Transfem|Knock Off|p2a: Corviknight\n|-damage|p2a: Corviknight|78\/100\n|-damage|p1a: Transfem|38\/100|[from] item: Rocky Helmet|[of] p2a: Corviknight\n|-enditem|p2a: Corviknight|Rocky Helmet|[from] move: Knock Off|[of] p1a: Transfem\n|\n|upkeep\n|turn|2\n|\n|t:|1700664409\n|move|p1a: Transfem|Ivy Cudgel|p2a: Corviknight|[anim] Ivy Cudgel Water\n|-crit|p2a: Corviknight\n|-damage|p2a: Corviknight|22\/100\n|move|p2a: Corviknight|U-turn|p1a: Transfem\n|-supereffective|p1a: Transfem\n|-damage|p1a: Transfem|0 fnt\n|faint|p1a: Transfem\n|\n|t:|1700664413\n|switch|p2a: Dragapult|Dragapult, F|100\/100|[from] U-turn\n|\n|upkeep\n|\n|t:|1700664416\n|switch|p1a: Twink|Ribombee, M|100\/100\n|turn|3\n|j| YJTYGV\n|\n|t:|1700664418\n|move|p2a: Dragapult|U-turn|p1a: Twink\n|-resisted|p1a: Twink\n|-damage|p1a: Twink|86\/100\n|l| YJTYGV\n|\n|t:|1700664430\n|switch|p2a: Corviknight|Corviknight, M|22\/100|[from] U-turn\n|-ability|p2a: Corviknight|Pressure\n|move|p1a: Twink|Stun Spore|p2a: Corviknight\n|-status|p2a: Corviknight|par\n|\n|upkeep\n|turn|4\n|j| PLLV51 Foufakirby\n|\n|t:|1700664444\n|move|p1a: Twink|Skill Swap|p2a: Corviknight\n|-activate|p1a: Twink|move: Skill Swap|Pressure|Shield Dust|[of] p2a: Corviknight\n|-ability|p1a: Twink|Pressure\n|move|p2a: Corviknight|Roost|p2a: Corviknight\n|-heal|p2a: Corviknight|72\/100 par\n|-singleturn|p2a: Corviknight|move: Roost\n|\n|upkeep\n|turn|5\n|\n|t:|1700664453\n|switch|p1a: Bigender|Iron Valiant|100\/100\n|-enditem|p1a: Bigender|Booster Energy\n|-activate|p1a: Bigender|ability: Quark Drive|[fromitem]\n|-start|p1a: Bigender|quarkdrivespe\n|move|p2a: Corviknight|U-turn|p1a: Bigender\n|-resisted|p1a: Bigender\n|-damage|p1a: Bigender|96\/100\n|\n|t:|1700664458\n|switch|p2a: Slowking|Slowking-Galar, M|100\/100|[from] U-turn\n|\n|upkeep\n|turn|6\n|\n|t:|1700664461\n|move|p1a: Bigender|Calm Mind|p1a: Bigender\n|-boost|p1a: Bigender|spa|1\n|-boost|p1a: Bigender|spd|1\n|move|p2a: Slowking|Trick Room|p2a: Slowking\n|-fieldstart|move: Trick Room|[of] p2a: Slowking\n|\n|upkeep\n|turn|7\n|\n|t:|1700664466\n|move|p2a: Slowking|Psyshock|p1a: Bigender\n|-supereffective|p1a: Bigender\n|-damage|p1a: Bigender|16\/100\n|move|p1a: Bigender|Destiny Bond|p1a: Bigender\n|-singlemove|p1a: Bigender|Destiny Bond\n|\n|upkeep\n|turn|8\n|\n|t:|1700664479\n|move|p2a: Slowking|Chilly Reception|p2a: Slowking\n|-weather|Snow\n|\n|t:|1700664481\n|switch|p2a: Cinderace|Cinderace, F|100\/100|[from] Chilly Reception\n|move|p1a: Bigender|Thunderbolt|p2a: Cinderace\n|-damage|p2a: Cinderace|32\/100\n|\n|-weather|Snow|[upkeep]\n|upkeep\n|turn|9\n|\n|t:|1700664494\n|move|p2a: Cinderace|U-turn|p1a: Bigender\n|-resisted|p1a: Bigender\n|-damage|p1a: Bigender|9\/100\n|\n|t:|1700664498\n|switch|p2a: Slowking|Slowking-Galar, M|100\/100|[from] U-turn\n|move|p1a: Bigender|Thunderbolt|p2a: Slowking\n|-damage|p2a: Slowking|74\/100\n|\n|-weather|Snow|[upkeep]\n|upkeep\n|turn|10\n|\n|t:|1700664505\n|move|p2a: Slowking|Psyshock|p1a: Bigender\n|-supereffective|p1a: Bigender\n|-damage|p1a: Bigender|0 fnt\n|faint|p1a: Bigender\n|-end|p1a: Bigender|Quark Drive|[silent]\n|\n|-weather|Snow|[upkeep]\n|-fieldend|move: Trick Room\n|upkeep\n|\n|t:|1700664507\n|switch|p1a: Queengambit|Kingambit, F|100\/100\n|-activate|p1a: Queengambit|ability: Supreme Overlord\n|-start|p1a: Queengambit|fallen2|[silent]\n|turn|11\n|\n|t:|1700664514\n|switch|p2a: Cinderace|Cinderace, F|32\/100\n|move|p1a: Queengambit|Swords Dance|p1a: Queengambit\n|-boost|p1a: Queengambit|atk|2\n|\n|-weather|Snow|[upkeep]\n|upkeep\n|turn|12\n|\n|t:|1700664519\n|move|p2a: Cinderace|Will-O-Wisp|p1a: Queengambit\n|-status|p1a: Queengambit|brn\n|move|p1a: Queengambit|Iron Head|p2a: Cinderace\n|-resisted|p2a: Cinderace\n|-damage|p2a: Cinderace|0 fnt\n|faint|p2a: Cinderace\n|\n|-weather|none\n|-damage|p1a: Queengambit|94\/100 brn|[from] brn\n|upkeep\n|\n|t:|1700664535\n|switch|p2a: Corviknight|Corviknight, M|72\/100 par\n|-ability|p2a: Corviknight|Pressure\n|turn|13\n|\n|t:|1700664544\n|move|p1a: Queengambit|Low Kick|p2a: Corviknight\n|-damage|p2a: Corviknight|48\/100 par\n|cant|p2a: Corviknight|par\n|\n|-heal|p1a: Queengambit|100\/100 brn|[from] item: Leftovers\n|-damage|p1a: Queengambit|94\/100 brn|[from] brn\n|upkeep\n|turn|14\n|\n|t:|1700664548\n|move|p1a: Queengambit|Swords Dance|p1a: Queengambit\n|-boost|p1a: Queengambit|atk|2\n|cant|p2a: Corviknight|par\n|\n|-heal|p1a: Queengambit|100\/100 brn|[from] item: Leftovers\n|-damage|p1a: Queengambit|94\/100 brn|[from] brn\n|upkeep\n|turn|15\n|\n|t:|1700664552\n|move|p1a: Queengambit|Low Kick|p2a: Corviknight\n|-damage|p2a: Corviknight|15\/100 par\n|move|p2a: Corviknight|Body Press|p1a: Queengambit\n|-supereffective|p1a: Queengambit\n|-damage|p1a: Queengambit|16\/100 brn\n|\n|-heal|p1a: Queengambit|22\/100 brn|[from] item: Leftovers\n|-damage|p1a: Queengambit|16\/100 brn|[from] brn\n|upkeep\n|turn|16\n|\n|t:|1700664557\n|move|p1a: Queengambit|Iron Head|p2a: Corviknight\n|-resisted|p2a: Corviknight\n|-damage|p2a: Corviknight|0 fnt\n|faint|p2a: Corviknight\n|\n|-heal|p1a: Queengambit|22\/100 brn|[from] item: Leftovers\n|-damage|p1a: Queengambit|16\/100 brn|[from] brn\n|upkeep\n|\n|t:|1700664560\n|switch|p2a: Kingambit|Kingambit, M|100\/100\n|-activate|p2a: Kingambit|ability: Supreme Overlord\n|-start|p2a: Kingambit|fallen2|[silent]\n|turn|17\n|\n|t:|1700664563\n|move|p2a: Kingambit|Kowtow Cleave|p1a: Queengambit\n|-resisted|p1a: Queengambit\n|-damage|p1a: Queengambit|0 fnt\n|faint|p1a: Queengambit\n|-end|p1a: Queengambit|fallen2|[silent]\n|\n|upkeep\n|\n|t:|1700664566\n|switch|p1a: Twink|Ribombee, M|86\/100\n|turn|18\n|\n|t:|1700664572\n|move|p1a: Twink|Sticky Web|p2a: Kingambit\n|-sidestart|p2: Big Test These|move: Sticky Web\n|move|p2a: Kingambit|Kowtow Cleave|p1a: Twink\n|-resisted|p1a: Twink\n|-damage|p1a: Twink|38\/100\n|\n|upkeep\n|turn|19\n|\n|t:|1700664576\n|move|p2a: Kingambit|Sucker Punch||[still]\n|-fail|p2a: Kingambit\n|move|p1a: Twink|Stun Spore|p2a: Kingambit\n|-status|p2a: Kingambit|par\n|\n|upkeep\n|turn|20\n|\n|t:|1700664582\n|move|p1a: Twink|Skill Swap|p2a: Kingambit\n|-activate|p1a: Twink|move: Skill Swap|Supreme Overlord|Shield Dust|[of] p2a: Kingambit\n|-end|p2a: Kingambit|fallen2|[silent]\n|-activate|p1a: Twink|ability: Supreme Overlord\n|-start|p1a: Twink|fallen3|[silent]\n|move|p2a: Kingambit|Iron Head|p1a: Twink\n|-supereffective|p1a: Twink\n|-damage|p1a: Twink|0 fnt\n|faint|p1a: Twink\n|-end|p1a: Twink|fallen3|[silent]\n|\n|upkeep\n|\n|t:|1700664590\n|switch|p1a: Defender of Trans|Zamazenta, shiny|100\/100\n|-ability|p1a: Defender of Trans|Dauntless Shield|boost\n|-boost|p1a: Defender of Trans|def|1\n|turn|21\n|\n|t:|1700664596\n|switch|p2a: Slowking|Slowking-Galar, M|100\/100\n|move|p1a: Defender of Trans|Iron Defense|p1a: Defender of Trans\n|-boost|p1a: Defender of Trans|def|2\n|\n|upkeep\n|turn|22\n|\n|t:|1700664605\n|-terastallize|p1a: Defender of Trans|Fire\n|move|p1a: Defender of Trans|Crunch|p2a: Slowking\n|-supereffective|p2a: Slowking\n|-damage|p2a: Slowking|57\/100\n|move|p2a: Slowking|Sludge Bomb|p1a: Defender of Trans\n|-damage|p1a: Defender of Trans|72\/100\n|-status|p1a: Defender of Trans|psn\n|\n|-heal|p1a: Defender of Trans|79\/100 psn|[from] item: Leftovers\n|-damage|p1a: Defender of Trans|66\/100 psn|[from] psn\n|upkeep\n|turn|23\n|\n|t:|1700664612\n|move|p1a: Defender of Trans|Crunch|p2a: Slowking\n|-supereffective|p2a: Slowking\n|-damage|p2a: Slowking|16\/100\n|move|p2a: Slowking|Sludge Bomb|p1a: Defender of Trans\n|-damage|p1a: Defender of Trans|40\/100 psn\n|\n|-heal|p1a: Defender of Trans|46\/100 psn|[from] item: Leftovers\n|-damage|p1a: Defender of Trans|33\/100 psn|[from] psn\n|upkeep\n|turn|24\n|\n|t:|1700664619\n|move|p1a: Defender of Trans|Crunch|p2a: Slowking\n|-supereffective|p2a: Slowking\n|-damage|p2a: Slowking|0 fnt\n|faint|p2a: Slowking\n|\n|-heal|p1a: Defender of Trans|40\/100 psn|[from] item: Leftovers\n|-damage|p1a: Defender of Trans|27\/100 psn|[from] psn\n|upkeep\n|\n|t:|1700664621\n|switch|p2a: Dragapult|Dragapult, F|100\/100\n|-activate|p2a: Dragapult|move: Sticky Web\n|-unboost|p2a: Dragapult|spe|1\n|turn|25\n|j| 1hearth opki\n|\n|t:|1700664625\n|move|p2a: Dragapult|Shadow Ball|p1a: Defender of Trans\n|-damage|p1a: Defender of Trans|1\/100 psn\n|move|p1a: Defender of Trans|Crunch|p2a: Dragapult\n|-supereffective|p2a: Dragapult\n|-damage|p2a: Dragapult|46\/100\n|-unboost|p2a: Dragapult|def|1\n|\n|-heal|p1a: Defender of Trans|7\/100 psn|[from] item: Leftovers\n|-damage|p1a: Defender of Trans|0 fnt|[from] psn\n|faint|p1a: Defender of Trans\n|upkeep\n|\n|t:|1700664629\n|switch|p1a: Selling my soul|Corviknight, F|100\/100\n|-ability|p1a: Selling my soul|Pressure\n|turn|26\n|\n|t:|1700664640\n|switch|p2a: Salamence|Salamence, M|100\/100\n|move|p1a: Selling my soul|Brave Bird|p2a: Salamence\n|-damage|p2a: Salamence|54\/100\n|-damage|p1a: Selling my soul|88\/100|[from] Recoil\n|\n|-heal|p1a: Selling my soul|94\/100|[from] item: Leftovers\n|upkeep\n|turn|27\n|\n|t:|1700664645\n|move|p2a: Salamence|Dragon Dance|p2a: Salamence\n|-boost|p2a: Salamence|atk|1\n|-boost|p2a: Salamence|spe|1\n|move|p1a: Selling my soul|Brave Bird|p2a: Salamence\n|-damage|p2a: Salamence|13\/100\n|-damage|p1a: Selling my soul|83\/100|[from] Recoil\n|\n|-heal|p1a: Selling my soul|89\/100|[from] item: Leftovers\n|upkeep\n|turn|28\n|\n|t:|1700664655\n|move|p2a: Salamence|Iron Head|p1a: Selling my soul\n|-resisted|p1a: Selling my soul\n|-damage|p1a: Selling my soul|74\/100\n|cant|p1a: Selling my soul|flinch\n|\n|-heal|p1a: Selling my soul|81\/100|[from] item: Leftovers\n|upkeep\n|turn|29\n|\n|t:|1700664659\n|move|p2a: Salamence|Iron Head|p1a: Selling my soul\n|-resisted|p1a: Selling my soul\n|-damage|p1a: Selling my soul|66\/100\n|move|p1a: Selling my soul|Brave Bird|p2a: Salamence\n|-damage|p2a: Salamence|0 fnt\n|faint|p2a: Salamence\n|-damage|p1a: Selling my soul|63\/100|[from] Recoil\n|\n|-heal|p1a: Selling my soul|69\/100|[from] item: Leftovers\n|upkeep\n|\n|t:|1700664663\n|switch|p2a: Dragapult|Dragapult, F|46\/100\n|-activate|p2a: Dragapult|move: Sticky Web\n|-unboost|p2a: Dragapult|spe|1\n|turn|30\n|\n|t:|1700664667\n|move|p2a: Dragapult|Thunderbolt|p1a: Selling my soul\n|-supereffective|p1a: Selling my soul\n|-damage|p1a: Selling my soul|16\/100\n|move|p1a: Selling my soul|Brave Bird|p2a: Dragapult\n|-damage|p2a: Dragapult|0 fnt\n|faint|p2a: Dragapult\n|-damage|p1a: Selling my soul|4\/100|[from] Recoil\n|\n|-heal|p1a: Selling my soul|10\/100|[from] item: Leftovers\n|upkeep\n|c|\u2606Big Test These|gg\n|\n|t:|1700664675\n|switch|p2a: Kingambit|Kingambit, M|100\/100 par\n|-activate|p2a: Kingambit|move: Sticky Web\n|-unboost|p2a: Kingambit|spe|1\n|-activate|p2a: Kingambit|ability: Supreme Overlord\n|-start|p2a: Kingambit|fallen5|[silent]\n|turn|31\n|\n|t:|1700664677\n|move|p1a: Selling my soul|Roost|p1a: Selling my soul\n|-heal|p1a: Selling my soul|60\/100\n|-singleturn|p1a: Selling my soul|move: Roost\n|move|p2a: Kingambit|Swords Dance|p2a: Kingambit\n|-boost|p2a: Kingambit|atk|2\n|\n|-heal|p1a: Selling my soul|67\/100|[from] item: Leftovers\n|upkeep\n|turn|32\n|\n|t:|1700664688\n|-terastallize|p2a: Kingambit|Flying\n|move|p1a: Selling my soul|Brave Bird|p2a: Kingambit\n|-damage|p2a: Kingambit|73\/100 par\n|-damage|p1a: Selling my soul|58\/100|[from] Recoil\n|cant|p2a: Kingambit|par\n|\n|-heal|p1a: Selling my soul|64\/100|[from] item: Leftovers\n|-heal|p2a: Kingambit|79\/100 par|[from] item: Leftovers\n|upkeep\n|turn|33\n|\n|t:|1700664696\n|move|p1a: Selling my soul|Roost|p1a: Selling my soul\n|-heal|p1a: Selling my soul|100\/100\n|-singleturn|p1a: Selling my soul|move: Roost\n|move|p2a: Kingambit|Kowtow Cleave|p1a: Selling my soul\n|-damage|p1a: Selling my soul|13\/100\n|\n|-heal|p1a: Selling my soul|20\/100|[from] item: Leftovers\n|-heal|p2a: Kingambit|86\/100 par|[from] item: Leftovers\n|upkeep\n|turn|34\n|\n|t:|1700664698\n|move|p1a: Selling my soul|Roost|p1a: Selling my soul\n|-heal|p1a: Selling my soul|70\/100\n|-singleturn|p1a: Selling my soul|move: Roost\n|cant|p2a: Kingambit|par\n|\n|-heal|p1a: Selling my soul|76\/100|[from] item: Leftovers\n|-heal|p2a: Kingambit|92\/100 par|[from] item: Leftovers\n|upkeep\n|turn|35\n|\n|t:|1700664701\n|move|p1a: Selling my soul|Brave Bird|p2a: Kingambit\n|-damage|p2a: Kingambit|66\/100 par\n|-damage|p1a: Selling my soul|67\/100|[from] Recoil\n|move|p2a: Kingambit|Kowtow Cleave|p1a: Selling my soul\n|-damage|p1a: Selling my soul|0 fnt\n|faint|p1a: Selling my soul\n|\n|win|Big Test These\n|raw|Skaraptor2.1's rating: 1430 &rarr; <strong>1411<\/strong><br \/>(-19 for losing)\n|raw|Big Test These's rating: 1453 &rarr; <strong>1472<\/strong><br \/>(+19 for winning)\n","uploadtime":1700664704,"views":0,"p1id":"skaraptor21","p2id":"bigtestthese","formatid":"gen9ou","rating":1411,"private":0,"password":""}