{"id":"gen9ou-1991260433","p1":"saltedcaramelt","p2":"Peaktundra","format":"[Gen 9] OU","log":"|j|\u2606saltedcaramelt\n|j|\u2606Peaktundra\n|t:|1700062161\n|gametype|singles\n|player|p1|saltedcaramelt|266|1076\n|player|p2|Peaktundra|pokemaniac|1129\n|teamsize|p1|6\n|teamsize|p2|6\n|gen|9\n|tier|[Gen 9] OU\n|rated|\n|rule|Sleep Clause Mod: Limit one foe put to sleep\n|rule|Species Clause: Limit one of each Pok\u00e9mon\n|rule|OHKO Clause: OHKO moves are banned\n|rule|Evasion Items Clause: Evasion items are banned\n|rule|Evasion Moves Clause: Evasion moves are banned\n|rule|Endless Battle Clause: Forcing endless battles is banned\n|rule|HP Percentage Mod: HP is shown in percentages\n|clearpoke\n|poke|p1|Ribombee, F|\n|poke|p1|Kingambit, F|\n|poke|p1|Corviknight, M|\n|poke|p1|Great Tusk|\n|poke|p1|Gholdengo|\n|poke|p1|Sneasler, F|\n|poke|p2|Sneasler, F|\n|poke|p2|Rillaboom, M|\n|poke|p2|Dragapult, M|\n|poke|p2|Corviknight, F|\n|poke|p2|Glimmora, F|\n|poke|p2|Great Tusk|\n|teampreview\n|\n|t:|1700062174\n|start\n|switch|p1a: Sneasler|Sneasler, F|100\/100\n|switch|p2a: Glimmora|Glimmora, F|100\/100\n|-ability|p1a: Sneasler|Pressure\n|turn|1\n|\n|t:|1700062181\n|move|p1a: Sneasler|Fake Out|p2a: Glimmora\n|-resisted|p2a: Glimmora\n|-crit|p2a: Glimmora\n|-damage|p2a: Glimmora|88\/100\n|-activate|p2a: Glimmora|ability: Toxic Debris\n|-sidestart|p1: saltedcaramelt|move: Toxic Spikes\n|cant|p2a: Glimmora|flinch\n|\n|upkeep\n|turn|2\n|\n|t:|1700062191\n|move|p1a: Sneasler|Close Combat|p2a: Glimmora\n|-damage|p2a: Glimmora|10\/100\n|-unboost|p1a: Sneasler|def|1\n|-unboost|p1a: Sneasler|spd|1\n|-activate|p2a: Glimmora|ability: Toxic Debris\n|-sidestart|p1: saltedcaramelt|move: Toxic Spikes\n|move|p2a: Glimmora|Stealth Rock|p1a: Sneasler\n|-sidestart|p1: saltedcaramelt|move: Stealth Rock\n|\n|upkeep\n|turn|3\n|\n|t:|1700062201\n|move|p1a: Sneasler|Dire Claw|p2a: Glimmora\n|-resisted|p2a: Glimmora\n|-damage|p2a: Glimmora|0 fnt\n|faint|p2a: Glimmora\n|\n|upkeep\n|\n|t:|1700062210\n|switch|p2a: Rillaboom|Rillaboom, M|100\/100\n|-fieldstart|move: Grassy Terrain|[from] ability: Grassy Surge|[of] p2a: Rillaboom\n|turn|4\n|\n|t:|1700062225\n|switch|p1a: Corviknight|Corviknight, M|100\/100\n|-damage|p1a: Corviknight|88\/100|[from] Stealth Rock\n|-ability|p1a: Corviknight|Pressure\n|switch|p2a: Great Tusk|Great Tusk|100\/100\n|-enditem|p2a: Great Tusk|Booster Energy\n|-activate|p2a: Great Tusk|ability: Protosynthesis|[fromitem]\n|-start|p2a: Great Tusk|protosynthesisatk\n|\n|upkeep\n|turn|5\n|\n|t:|1700062237\n|move|p2a: Great Tusk|Knock Off|p1a: Corviknight\n|-damage|p1a: Corviknight|64\/100\n|-damage|p2a: Great Tusk|84\/100|[from] item: Rocky Helmet|[of] p1a: Corviknight\n|-enditem|p1a: Corviknight|Rocky Helmet|[from] move: Knock Off|[of] p2a: Great Tusk\n|move|p1a: Corviknight|Defog|p2a: Great Tusk\n|-unboost|p2a: Great Tusk|evasion|1\n|-sideend|p1: saltedcaramelt|Toxic Spikes|[from] move: Defog|[of] p1a: Corviknight\n|-sideend|p1: saltedcaramelt|Stealth Rock|[from] move: Defog|[of] p1a: Corviknight\n|-fieldend|move: Grassy Terrain\n|\n|upkeep\n|turn|6\n|\n|t:|1700062250\n|switch|p1a: Ribombee|Ribombee, F|100\/100\n|move|p2a: Great Tusk|Rapid Spin|p1a: Ribombee\n|-damage|p1a: Ribombee|63\/100\n|-boost|p2a: Great Tusk|spe|1\n|\n|upkeep\n|turn|7\n|\n|t:|1700062260\n|move|p2a: Great Tusk|Knock Off|p1a: Ribombee\n|-resisted|p1a: Ribombee\n|-damage|p1a: Ribombee|27\/100\n|-enditem|p1a: Ribombee|Light Clay|[from] move: Knock Off|[of] p2a: Great Tusk\n|move|p1a: Ribombee|Reflect|p1a: Ribombee\n|-sidestart|p1: saltedcaramelt|Reflect\n|\n|upkeep\n|turn|8\n|inactive|Battle timer is ON: inactive players will automatically lose when time's up. (requested by Peaktundra)\n|\n|t:|1700062288\n|switch|p1a: Sneasler|Sneasler, F|100\/100\n|-ability|p1a: Sneasler|Pressure\n|move|p2a: Great Tusk|Rapid Spin|p1a: Sneasler\n|-damage|p1a: Sneasler|82\/100\n|-boost|p2a: Great Tusk|spe|1\n|\n|upkeep\n|turn|9\n|\n|t:|1700062297\n|move|p1a: Sneasler|Fake Out|p2a: Great Tusk\n|-damage|p2a: Great Tusk|74\/100\n|cant|p2a: Great Tusk|flinch\n|\n|upkeep\n|turn|10\n|\n|t:|1700062305\n|move|p2a: Great Tusk|Headlong Rush|p1a: Sneasler\n|-supereffective|p1a: Sneasler\n|-damage|p1a: Sneasler|0 fnt\n|-unboost|p2a: Great Tusk|def|1\n|-unboost|p2a: Great Tusk|spd|1\n|faint|p1a: Sneasler\n|\n|upkeep\n|\n|t:|1700062309\n|switch|p1a: Gholdengo|Gholdengo|100\/100\n|turn|11\n|\n|t:|1700062318\n|move|p2a: Great Tusk|Headlong Rush|p1a: Gholdengo\n|-supereffective|p1a: Gholdengo\n|-damage|p1a: Gholdengo|14\/100\n|-unboost|p2a: Great Tusk|def|1\n|-unboost|p2a: Great Tusk|spd|1\n|move|p1a: Gholdengo|Make It Rain|p2a: Great Tusk\n|-damage|p2a: Great Tusk|0 fnt\n|-unboost|p1a: Gholdengo|spa|1\n|faint|p2a: Great Tusk\n|-end|p2a: Great Tusk|Protosynthesis|[silent]\n|\n|-sideend|p1: saltedcaramelt|Reflect\n|upkeep\n|\n|t:|1700062337\n|switch|p2a: Rillaboom|Rillaboom, M|100\/100\n|-fieldstart|move: Grassy Terrain|[from] ability: Grassy Surge|[of] p2a: Rillaboom\n|turn|12\n|\n|t:|1700062345\n|switch|p1a: Corviknight|Corviknight, M|64\/100\n|-ability|p1a: Corviknight|Pressure\n|move|p2a: Rillaboom|Grassy Glide|p1a: Corviknight\n|-resisted|p1a: Corviknight\n|-crit|p1a: Corviknight\n|-damage|p1a: Corviknight|54\/100\n|\n|upkeep\n|turn|13\n|\n|t:|1700062356\n|switch|p2a: Sneasler|Sneasler, F|100\/100\n|-enditem|p2a: Sneasler|Grassy Seed\n|-boost|p2a: Sneasler|def|1|[from] item: Grassy Seed\n|move|p1a: Corviknight|Brave Bird|p2a: Sneasler\n|-supereffective|p2a: Sneasler\n|-damage|p2a: Sneasler|9\/100\n|-damage|p1a: Corviknight|32\/100|[from] Recoil\n|\n|-heal|p2a: Sneasler|15\/100|[from] Grassy Terrain\n|upkeep\n|turn|14\n|\n|t:|1700062367\n|-terastallize|p2a: Sneasler|Flying\n|move|p2a: Sneasler|Acrobatics|p1a: Corviknight\n|-resisted|p1a: Corviknight\n|-damage|p1a: Corviknight|12\/100\n|move|p1a: Corviknight|Roost|p1a: Corviknight\n|-heal|p1a: Corviknight|62\/100\n|-singleturn|p1a: Corviknight|move: Roost\n|\n|-heal|p1a: Corviknight|68\/100|[from] Grassy Terrain\n|upkeep\n|turn|15\n|\n|t:|1700062381\n|move|p2a: Sneasler|Close Combat|p1a: Corviknight\n|-damage|p1a: Corviknight|30\/100\n|-unboost|p2a: Sneasler|def|1\n|-unboost|p2a: Sneasler|spd|1\n|move|p1a: Corviknight|U-turn|p2a: Sneasler\n|-resisted|p2a: Sneasler\n|-damage|p2a: Sneasler|2\/100\n|\n|t:|1700062390\n|switch|p1a: Ribombee|Ribombee, F|27\/100|[from] U-turn\n|\n|-heal|p1a: Ribombee|33\/100|[from] Grassy Terrain\n|upkeep\n|turn|16\n|\n|t:|1700062396\n|move|p2a: Sneasler|Acrobatics|p1a: Ribombee\n|-supereffective|p1a: Ribombee\n|-damage|p1a: Ribombee|0 fnt\n|faint|p1a: Ribombee\n|\n|upkeep\n|\n|t:|1700062402\n|switch|p1a: Kingambit|Kingambit, F|100\/100\n|-activate|p1a: Kingambit|ability: Supreme Overlord\n|-start|p1a: Kingambit|fallen2|[silent]\n|turn|17\n|\n|t:|1700062406\n|move|p1a: Kingambit|Sucker Punch||[still]\n|-fail|p1a: Kingambit\n|move|p2a: Sneasler|Swords Dance|p2a: Sneasler\n|-boost|p2a: Sneasler|atk|2\n|\n|upkeep\n|turn|18\n|\n|t:|1700062413\n|move|p2a: Sneasler|Swords Dance|p2a: Sneasler\n|-boost|p2a: Sneasler|atk|2\n|move|p1a: Kingambit|Swords Dance|p1a: Kingambit\n|-boost|p1a: Kingambit|atk|2\n|\n|upkeep\n|turn|19\n|\n|t:|1700062420\n|move|p1a: Kingambit|Sucker Punch||[still]\n|-fail|p1a: Kingambit\n|move|p2a: Sneasler|Swords Dance|p2a: Sneasler\n|-boost|p2a: Sneasler|atk|2\n|\n|-fieldend|move: Grassy Terrain\n|upkeep\n|turn|20\n|\n|t:|1700062427\n|move|p1a: Kingambit|Sucker Punch||[still]\n|-fail|p1a: Kingambit\n|move|p2a: Sneasler|Swords Dance|p2a: Sneasler\n|-boost|p2a: Sneasler|atk|0\n|\n|upkeep\n|turn|21\n|\n|t:|1700062433\n|move|p2a: Sneasler|Swords Dance|p2a: Sneasler\n|-boost|p2a: Sneasler|atk|0\n|move|p1a: Kingambit|Swords Dance|p1a: Kingambit\n|-boost|p1a: Kingambit|atk|2\n|\n|upkeep\n|turn|22\n|\n|t:|1700062439\n|move|p2a: Sneasler|Swords Dance|p2a: Sneasler\n|-boost|p2a: Sneasler|atk|0\n|move|p1a: Kingambit|Swords Dance|p1a: Kingambit\n|-boost|p1a: Kingambit|atk|2\n|\n|upkeep\n|turn|23\n|\n|t:|1700062444\n|move|p1a: Kingambit|Sucker Punch|p2a: Sneasler\n|-damage|p2a: Sneasler|0 fnt\n|faint|p2a: Sneasler\n|\n|upkeep\n|c|\u2606saltedcaramelt|its joever\n|-message|Peaktundra forfeited.\n|\n|win|saltedcaramelt\n|raw|saltedcaramelt's rating: 1076 &rarr; <strong>1109<\/strong><br \/>(+33 for winning)\n|raw|Peaktundra's rating: 1129 &rarr; <strong>1100<\/strong><br \/>(-29 for losing)\n|l|\u2606Peaktundra\n","uploadtime":1700062480,"views":16,"p1id":"saltedcaramelt","p2id":"peaktundra","formatid":"gen9ou","rating":1100,"private":0,"password":""}