{"id":"gen9ou-1990975187","p1":"Rakkon","p2":"jumboDorito","format":"[Gen 9] OU","log":"|j|\u2606Rakkon\n|j|\u2606jumboDorito\n|t:|1700022047\n|gametype|singles\n|player|p1|Rakkon|170|1120\n|player|p2|jumboDorito|juan|1168\n|teamsize|p1|6\n|teamsize|p2|6\n|gen|9\n|tier|[Gen 9] OU\n|rated|\n|rule|Sleep Clause Mod: Limit one foe put to sleep\n|rule|Species Clause: Limit one of each Pok\u00e9mon\n|rule|OHKO Clause: OHKO moves are banned\n|rule|Evasion Items Clause: Evasion items are banned\n|rule|Evasion Moves Clause: Evasion moves are banned\n|rule|Endless Battle Clause: Forcing endless battles is banned\n|rule|HP Percentage Mod: HP is shown in percentages\n|clearpoke\n|poke|p1|Ribombee, M|\n|poke|p1|Gholdengo|\n|poke|p1|Ceruledge, M|\n|poke|p1|Rillaboom, F|\n|poke|p1|Sneasler, F|\n|poke|p1|Ditto|\n|poke|p2|Mabosstiff, F|\n|poke|p2|Mightyena, F|\n|poke|p2|Houndoom, M|\n|poke|p2|Houndstone, M|\n|poke|p2|Arcanine-Hisui, F|\n|poke|p2|Leafeon, M|\n|teampreview\n|inactive|Battle timer is ON: inactive players will automatically lose when time's up. (requested by Rakkon)\n|\n|t:|1700022068\n|start\n|switch|p1a: Ribombee|Ribombee, M|100\/100\n|switch|p2a: Arcanine|Arcanine-Hisui, F|100\/100\n|turn|1\n|\n|t:|1700022082\n|move|p2a: Arcanine|Extreme Speed|p1a: Ribombee\n|-damage|p1a: Ribombee|24\/100\n|move|p1a: Ribombee|Sticky Web|p2a: Arcanine\n|-sidestart|p2: jumboDorito|move: Sticky Web\n|\n|upkeep\n|turn|2\n|\n|t:|1700022094\n|move|p2a: Arcanine|Extreme Speed|p1a: Ribombee\n|-damage|p1a: Ribombee|0 fnt\n|faint|p1a: Ribombee\n|\n|upkeep\n|\n|t:|1700022118\n|switch|p1a: Ditto|Ditto|100\/100\n|-transform|p1a: Ditto|p2a: Arcanine|[from] ability: Imposter\n|turn|3\n|\n|t:|1700022132\n|switch|p2a: Mightyena|Mightyena, F|100\/100\n|-activate|p2a: Mightyena|move: Sticky Web\n|-unboost|p2a: Mightyena|spe|1\n|-ability|p2a: Mightyena|Intimidate|boost\n|-unboost|p1a: Ditto|atk|1\n|-terastallize|p1a: Ditto|Normal\n|move|p1a: Ditto|Close Combat|p2a: Mightyena\n|-supereffective|p2a: Mightyena\n|-damage|p2a: Mightyena|53\/100\n|-unboost|p1a: Ditto|def|1\n|-unboost|p1a: Ditto|spd|1\n|\n|upkeep\n|turn|4\n|\n|t:|1700022144\n|move|p1a: Ditto|Close Combat|p2a: Mightyena\n|-supereffective|p2a: Mightyena\n|-damage|p2a: Mightyena|0 fnt\n|-unboost|p1a: Ditto|def|1\n|-unboost|p1a: Ditto|spd|1\n|faint|p2a: Mightyena\n|\n|upkeep\n|\n|t:|1700022158\n|switch|p2a: Houndstone|Houndstone, M|100\/100\n|-activate|p2a: Houndstone|move: Sticky Web\n|-unboost|p2a: Houndstone|spe|1\n|turn|5\n|inactive|Rakkon has 120 seconds left.\n|\n|t:|1700022186\n|switch|p1a: Rillaboom|Rillaboom, F|100\/100\n|-fieldstart|move: Grassy Terrain|[from] ability: Grassy Surge|[of] p1a: Rillaboom\n|move|p2a: Houndstone|Shadow Sneak|p1a: Rillaboom\n|-damage|p1a: Rillaboom|85\/100\n|\n|-heal|p1a: Rillaboom|91\/100|[from] Grassy Terrain\n|upkeep\n|turn|6\n|inactive|Rakkon has 120 seconds left.\n|\n|t:|1700022203\n|move|p1a: Rillaboom|Drum Beating|p2a: Houndstone\n|-damage|p2a: Houndstone|45\/100\n|-unboost|p2a: Houndstone|spe|1\n|-damage|p1a: Rillaboom|81\/100|[from] item: Life Orb\n|move|p2a: Houndstone|Will-O-Wisp|p1a: Rillaboom|[miss]\n|-miss|p2a: Houndstone|p1a: Rillaboom\n|\n|-heal|p1a: Rillaboom|88\/100|[from] Grassy Terrain\n|-heal|p2a: Houndstone|51\/100|[from] Grassy Terrain\n|-heal|p2a: Houndstone|57\/100|[from] item: Leftovers\n|upkeep\n|turn|7\n|inactive|Rakkon has 120 seconds left.\n|\n|t:|1700022214\n|move|p1a: Rillaboom|U-turn|p2a: Houndstone\n|-resisted|p2a: Houndstone\n|-damage|p2a: Houndstone|51\/100\n|-damage|p1a: Rillaboom|78\/100|[from] item: Life Orb\n|\n|t:|1700022218\n|switch|p1a: Ceruledge|Ceruledge, M|100\/100|[from] U-turn\n|move|p2a: Houndstone|Will-O-Wisp|p1a: Ceruledge|[miss]\n|-miss|p2a: Houndstone|p1a: Ceruledge\n|\n|-heal|p2a: Houndstone|57\/100|[from] Grassy Terrain\n|-heal|p2a: Houndstone|63\/100|[from] item: Leftovers\n|upkeep\n|turn|8\n|\n|t:|1700022227\n|switch|p2a: Houndoom|Houndoom, M|100\/100\n|move|p1a: Ceruledge|Poltergeist|p2a: Houndoom\n|-activate|p2a: Houndoom|move: Poltergeist|Heavy-Duty Boots\n|-resisted|p2a: Houndoom\n|-damage|p2a: Houndoom|5\/100\n|\n|-heal|p2a: Houndoom|11\/100|[from] Grassy Terrain\n|upkeep\n|turn|9\n|\n|t:|1700022238\n|move|p2a: Houndoom|Dark Pulse|p1a: Ceruledge\n|-supereffective|p1a: Ceruledge\n|-damage|p1a: Ceruledge|7\/100\n|move|p1a: Ceruledge|Poltergeist|p2a: Houndoom\n|-activate|p2a: Houndoom|move: Poltergeist|Heavy-Duty Boots\n|-resisted|p2a: Houndoom\n|-damage|p2a: Houndoom|0 fnt\n|faint|p2a: Houndoom\n|\n|-heal|p1a: Ceruledge|13\/100|[from] Grassy Terrain\n|-fieldend|move: Grassy Terrain\n|upkeep\n|\n|t:|1700022244\n|switch|p2a: Houndstone|Houndstone, M|63\/100\n|-activate|p2a: Houndstone|move: Sticky Web\n|-unboost|p2a: Houndstone|spe|1\n|turn|10\n|\n|t:|1700022254\n|move|p2a: Houndstone|Shadow Sneak|p1a: Ceruledge\n|-supereffective|p1a: Ceruledge\n|-damage|p1a: Ceruledge|0 fnt\n|faint|p1a: Ceruledge\n|\n|-heal|p2a: Houndstone|69\/100|[from] item: Leftovers\n|upkeep\n|\n|t:|1700022265\n|switch|p1a: Rillaboom|Rillaboom, F|78\/100\n|-fieldstart|move: Grassy Terrain|[from] ability: Grassy Surge|[of] p1a: Rillaboom\n|turn|11\n|\n|t:|1700022273\n|move|p1a: Rillaboom|Drum Beating|p2a: Houndstone\n|-damage|p2a: Houndstone|8\/100\n|-unboost|p2a: Houndstone|spe|1\n|-damage|p1a: Rillaboom|68\/100|[from] item: Life Orb\n|move|p2a: Houndstone|Will-O-Wisp|p1a: Rillaboom\n|-status|p1a: Rillaboom|brn\n|\n|-heal|p1a: Rillaboom|74\/100 brn|[from] Grassy Terrain\n|-heal|p2a: Houndstone|14\/100|[from] Grassy Terrain\n|-heal|p2a: Houndstone|20\/100|[from] item: Leftovers\n|-damage|p1a: Rillaboom|68\/100 brn|[from] brn\n|upkeep\n|turn|12\n|\n|t:|1700022279\n|switch|p2a: Leafeon|Leafeon, M|100\/100\n|-activate|p2a: Leafeon|move: Sticky Web\n|-unboost|p2a: Leafeon|spe|1\n|move|p1a: Rillaboom|Drum Beating|p2a: Leafeon\n|-resisted|p2a: Leafeon\n|-damage|p2a: Leafeon|80\/100\n|-unboost|p2a: Leafeon|spe|1\n|-damage|p1a: Rillaboom|58\/100 brn|[from] item: Life Orb\n|\n|-heal|p1a: Rillaboom|64\/100 brn|[from] Grassy Terrain\n|-heal|p2a: Leafeon|86\/100|[from] Grassy Terrain\n|-damage|p1a: Rillaboom|58\/100 brn|[from] brn\n|upkeep\n|turn|13\n|\n|t:|1700022291\n|move|p1a: Rillaboom|U-turn|p2a: Leafeon\n|-supereffective|p2a: Leafeon\n|-damage|p2a: Leafeon|52\/100\n|-damage|p1a: Rillaboom|48\/100 brn|[from] item: Life Orb\n|\n|t:|1700022300\n|switch|p1a: Sneasler|Sneasler, F|100\/100|[from] U-turn\n|-enditem|p1a: Sneasler|Grassy Seed\n|-boost|p1a: Sneasler|def|1|[from] item: Grassy Seed\n|move|p2a: Leafeon|X-Scissor|p1a: Sneasler\n|-resisted|p1a: Sneasler\n|-damage|p1a: Sneasler|90\/100\n|-damage|p2a: Leafeon|42\/100|[from] item: Life Orb\n|\n|-heal|p1a: Sneasler|96\/100|[from] Grassy Terrain\n|-heal|p2a: Leafeon|48\/100|[from] Grassy Terrain\n|upkeep\n|turn|14\n|\n|t:|1700022308\n|move|p1a: Sneasler|Fake Out|p2a: Leafeon\n|-damage|p2a: Leafeon|32\/100\n|cant|p2a: Leafeon|flinch\n|\n|-heal|p1a: Sneasler|100\/100|[from] Grassy Terrain\n|-heal|p2a: Leafeon|38\/100|[from] Grassy Terrain\n|upkeep\n|turn|15\n|\n|t:|1700022313\n|switch|p2a: Houndstone|Houndstone, M|20\/100\n|-activate|p2a: Houndstone|move: Sticky Web\n|-unboost|p2a: Houndstone|spe|1\n|move|p1a: Sneasler|Swords Dance|p1a: Sneasler\n|-boost|p1a: Sneasler|atk|2\n|\n|-heal|p2a: Houndstone|26\/100|[from] Grassy Terrain\n|-heal|p2a: Houndstone|32\/100|[from] item: Leftovers\n|-fieldend|move: Grassy Terrain\n|upkeep\n|turn|16\n|\n|t:|1700022331\n|move|p1a: Sneasler|Dire Claw|p2a: Houndstone\n|-resisted|p2a: Houndstone\n|-damage|p2a: Houndstone|16\/100\n|move|p2a: Houndstone|Will-O-Wisp|p1a: Sneasler\n|-status|p1a: Sneasler|brn\n|\n|-heal|p2a: Houndstone|22\/100|[from] item: Leftovers\n|-damage|p1a: Sneasler|95\/100 brn|[from] brn\n|upkeep\n|turn|17\n|\n|t:|1700022347\n|switch|p1a: Gholdengo|Gholdengo|100\/100\n|move|p2a: Houndstone|Rest|p2a: Houndstone\n|-status|p2a: Houndstone|slp|[from] move: Rest\n|-heal|p2a: Houndstone|100\/100 slp|[silent]\n|\n|upkeep\n|turn|18\n|\n|t:|1700022355\n|switch|p2a: Leafeon|Leafeon, M|38\/100\n|-activate|p2a: Leafeon|move: Sticky Web\n|-unboost|p2a: Leafeon|spe|1\n|move|p1a: Gholdengo|Make It Rain|p2a: Leafeon\n|-damage|p2a: Leafeon|0 fnt\n|-unboost|p1a: Gholdengo|spa|1\n|faint|p2a: Leafeon\n|\n|upkeep\n|\n|t:|1700022360\n|switch|p2a: Arcanine|Arcanine-Hisui, F|100\/100\n|-activate|p2a: Arcanine|move: Sticky Web\n|-unboost|p2a: Arcanine|spe|1\n|turn|19\n|\n|t:|1700022367\n|switch|p1a: Ditto|Ditto, tera:Normal|100\/100\n|-transform|p1a: Ditto|p2a: Arcanine|[from] ability: Imposter\n|move|p2a: Arcanine|Flare Blitz|p1a: Ditto\n|-damage|p1a: Ditto|0 fnt\n|faint|p1a: Ditto\n|\n|upkeep\n|\n|t:|1700022380\n|switch|p1a: Sneasler|Sneasler, F|95\/100 brn\n|turn|20\n|\n|t:|1700022383\n|switch|p2a: Houndstone|Houndstone, M|100\/100 slp\n|-activate|p2a: Houndstone|move: Sticky Web\n|-unboost|p2a: Houndstone|spe|1\n|move|p1a: Sneasler|Close Combat|p2a: Houndstone\n|-immune|p2a: Houndstone\n|\n|-damage|p1a: Sneasler|89\/100 brn|[from] brn\n|upkeep\n|turn|21\n|\n|t:|1700022390\n|switch|p2a: Mabosstiff|Mabosstiff, F|100\/100\n|-activate|p2a: Mabosstiff|move: Sticky Web\n|-unboost|p2a: Mabosstiff|spe|1\n|move|p1a: Sneasler|Swords Dance|p1a: Sneasler\n|-boost|p1a: Sneasler|atk|2\n|\n|-damage|p1a: Sneasler|83\/100 brn|[from] brn\n|upkeep\n|turn|22\n|\n|t:|1700022395\n|switch|p2a: Houndstone|Houndstone, M|100\/100 slp\n|-activate|p2a: Houndstone|move: Sticky Web\n|-unboost|p2a: Houndstone|spe|1\n|move|p1a: Sneasler|Close Combat|p2a: Houndstone\n|-immune|p2a: Houndstone\n|\n|-damage|p1a: Sneasler|77\/100 brn|[from] brn\n|upkeep\n|turn|23\n|\n|t:|1700022399\n|cant|p2a: Houndstone|slp\n|move|p1a: Sneasler|Swords Dance|p1a: Sneasler\n|-boost|p1a: Sneasler|atk|2\n|\n|-damage|p1a: Sneasler|71\/100 brn|[from] brn\n|upkeep\n|turn|24\n|\n|t:|1700022406\n|move|p1a: Sneasler|Dire Claw|p2a: Houndstone\n|-resisted|p2a: Houndstone\n|-damage|p2a: Houndstone|87\/100 slp\n|cant|p2a: Houndstone|slp\n|\n|-heal|p2a: Houndstone|93\/100 slp|[from] item: Leftovers\n|-damage|p1a: Sneasler|65\/100 brn|[from] brn\n|upkeep\n|turn|25\n|\n|t:|1700022411\n|switch|p1a: Gholdengo|Gholdengo|100\/100\n|-curestatus|p2a: Houndstone|slp|[msg]\n|move|p2a: Houndstone|Shadow Sneak|p1a: Gholdengo\n|-supereffective|p1a: Gholdengo\n|-damage|p1a: Gholdengo|67\/100\n|\n|-heal|p2a: Houndstone|99\/100|[from] item: Leftovers\n|upkeep\n|turn|26\n|\n|t:|1700022417\n|switch|p2a: Mabosstiff|Mabosstiff, F|100\/100\n|-activate|p2a: Mabosstiff|move: Sticky Web\n|-unboost|p2a: Mabosstiff|spe|1\n|move|p1a: Gholdengo|Shadow Ball|p2a: Mabosstiff\n|-resisted|p2a: Mabosstiff\n|-damage|p2a: Mabosstiff|46\/100\n|\n|upkeep\n|turn|27\n|\n|t:|1700022425\n|move|p2a: Mabosstiff|Crunch|p1a: Gholdengo\n|-supereffective|p1a: Gholdengo\n|-damage|p1a: Gholdengo|0 fnt\n|faint|p1a: Gholdengo\n|\n|upkeep\n|\n|t:|1700022430\n|switch|p1a: Rillaboom|Rillaboom, F|48\/100 brn\n|-fieldstart|move: Grassy Terrain|[from] ability: Grassy Surge|[of] p1a: Rillaboom\n|turn|28\n|\n|t:|1700022437\n|move|p2a: Mabosstiff|Crunch|p1a: Rillaboom\n|-damage|p1a: Rillaboom|5\/100 brn\n|move|p1a: Rillaboom|Drain Punch|p2a: Mabosstiff\n|-supereffective|p2a: Mabosstiff\n|-damage|p2a: Mabosstiff|4\/100\n|-heal|p1a: Rillaboom|24\/100 brn|[from] drain|[of] p2a: Mabosstiff\n|-damage|p1a: Rillaboom|14\/100 brn|[from] item: Life Orb\n|\n|-heal|p2a: Mabosstiff|10\/100|[from] Grassy Terrain\n|-heal|p1a: Rillaboom|20\/100 brn|[from] Grassy Terrain\n|-damage|p1a: Rillaboom|14\/100 brn|[from] brn\n|upkeep\n|turn|29\n|\n|t:|1700022448\n|move|p1a: Rillaboom|Grassy Glide|p2a: Mabosstiff\n|-damage|p2a: Mabosstiff|0 fnt\n|faint|p2a: Mabosstiff\n|-damage|p1a: Rillaboom|4\/100 brn|[from] item: Life Orb\n|\n|-heal|p1a: Rillaboom|10\/100 brn|[from] Grassy Terrain\n|-damage|p1a: Rillaboom|4\/100 brn|[from] brn\n|upkeep\n|\n|t:|1700022452\n|switch|p2a: Arcanine|Arcanine-Hisui, F|100\/100\n|-activate|p2a: Arcanine|move: Sticky Web\n|-unboost|p2a: Arcanine|spe|1\n|turn|30\n|\n|t:|1700022457\n|move|p2a: Arcanine|Extreme Speed|p1a: Rillaboom\n|-crit|p1a: Rillaboom\n|-damage|p1a: Rillaboom|0 fnt\n|faint|p1a: Rillaboom\n|\n|upkeep\n|\n|t:|1700022463\n|switch|p1a: Sneasler|Sneasler, F|65\/100 brn\n|turn|31\n|\n|t:|1700022465\n|-terastallize|p2a: Arcanine|Normal\n|move|p2a: Arcanine|Extreme Speed|p1a: Sneasler\n|-damage|p1a: Sneasler|0 fnt\n|faint|p1a: Sneasler\n|\n|win|jumboDorito\n|raw|Rakkon's rating: 1101 &rarr; <strong>1081<\/strong><br \/>(-20 for losing)\n|raw|jumboDorito's rating: 1168 &rarr; <strong>1188<\/strong><br \/>(+20 for winning)\n","uploadtime":1700022474,"views":7,"p1id":"rakkon","p2id":"jumbodorito","formatid":"gen9ou","rating":1081,"private":0,"password":""}