{"id":"gen9ou-1996644557","p1":"Brightwing521","p2":"Pandabot42","format":"[Gen 9] OU","log":"|j|\u2606Brightwing521\n|j|\u2606Pandabot42\n|t:|1700704479\n|gametype|singles\n|player|p1|Brightwing521|nate|1107\n|player|p2|Pandabot42|steven|1140\n|teamsize|p1|6\n|teamsize|p2|6\n|gen|9\n|tier|[Gen 9] OU\n|rated|\n|rule|Sleep Clause Mod: Limit one foe put to sleep\n|rule|Species Clause: Limit one of each Pok\u00e9mon\n|rule|OHKO Clause: OHKO moves are banned\n|rule|Evasion Items Clause: Evasion items are banned\n|rule|Evasion Moves Clause: Evasion moves are banned\n|rule|Endless Battle Clause: Forcing endless battles is banned\n|rule|HP Percentage Mod: HP is shown in percentages\n|clearpoke\n|poke|p1|Ribombee, M|\n|poke|p1|Crawdaunt, M|\n|poke|p1|Iron Moth|\n|poke|p1|Landorus-Therian, M|\n|poke|p1|Great Tusk|\n|poke|p1|Gholdengo|\n|poke|p2|Alomomola, F|\n|poke|p2|Dragapult, M|\n|poke|p2|Landorus-Therian, M|\n|poke|p2|Heatran, F|\n|poke|p2|Zamazenta-*|\n|poke|p2|Ninetales-Alola, M|\n|teampreview\n|c|\u2606Pandabot42|glhf\n|inactive|Battle timer is ON: inactive players will automatically lose when time's up. (requested by Pandabot42)\n|c|\u2606Brightwing521|you too\n|\n|t:|1700704517\n|start\n|switch|p1a: Ribombee|Ribombee, M|100\/100\n|switch|p2a: Alomomola|Alomomola, F|100\/100\n|turn|1\n|\n|t:|1700704523\n|move|p1a: Ribombee|Sticky Web|p2a: Alomomola\n|-sidestart|p2: Pandabot42|move: Sticky Web\n|move|p2a: Alomomola|Flip Turn|p1a: Ribombee\n|-damage|p1a: Ribombee|73\/100\n|\n|t:|1700704528\n|switch|p2a: Ninetales|Ninetales-Alola, M|100\/100|[from] Flip Turn\n|-activate|p2a: Ninetales|move: Sticky Web\n|-unboost|p2a: Ninetales|spe|1\n|-weather|Snow|[from] ability: Snow Warning|[of] p2a: Ninetales\n|\n|-weather|Snow|[upkeep]\n|upkeep\n|turn|2\n|\n|t:|1700704535\n|move|p1a: Ribombee|Stun Spore|p2a: Ninetales\n|-status|p2a: Ninetales|par\n|move|p2a: Ninetales|Aurora Veil|p2a: Ninetales\n|-sidestart|p2: Pandabot42|move: Aurora Veil\n|\n|-weather|Snow|[upkeep]\n|upkeep\n|turn|3\n|\n|t:|1700704543\n|move|p1a: Ribombee|Moonblast|p2a: Ninetales\n|-damage|p2a: Ninetales|79\/100 par\n|cant|p2a: Ninetales|par\n|\n|-weather|Snow|[upkeep]\n|upkeep\n|turn|4\n|\n|t:|1700704549\n|move|p1a: Ribombee|Moonblast|p2a: Ninetales\n|-damage|p2a: Ninetales|53\/100 par\n|-unboost|p2a: Ninetales|spa|1\n|cant|p2a: Ninetales|par\n|\n|-weather|Snow|[upkeep]\n|upkeep\n|turn|5\n|c|\u2606Pandabot42|damn\n|\n|t:|1700704559\n|move|p1a: Ribombee|Moonblast|p2a: Ninetales\n|-damage|p2a: Ninetales|31\/100 par\n|move|p2a: Ninetales|Blizzard|p1a: Ribombee\n|-damage|p1a: Ribombee|27\/100\n|\n|-weather|none\n|upkeep\n|turn|6\n|c|\u2606Brightwing521|yea\n|inactive|Brightwing521 has 120 seconds left.\n|\n|t:|1700704590\n|switch|p2a: Heatran|Heatran, F|100\/100\n|-activate|p2a: Heatran|move: Sticky Web\n|-unboost|p2a: Heatran|spe|1\n|move|p1a: Ribombee|Moonblast|p2a: Heatran\n|-resisted|p2a: Heatran\n|-damage|p2a: Heatran|97\/100\n|\n|-heal|p2a: Heatran|100\/100|[from] item: Leftovers\n|upkeep\n|turn|7\n|inactive|Brightwing521 has 120 seconds left.\n|inactive|Brightwing521 has 90 seconds left.\n|\n|t:|1700704638\n|move|p1a: Ribombee|Stun Spore|p2a: Heatran|[miss]\n|-miss|p1a: Ribombee|p2a: Heatran\n|move|p2a: Heatran|Lava Plume|p1a: Ribombee\n|-supereffective|p1a: Ribombee\n|-damage|p1a: Ribombee|0 fnt\n|faint|p1a: Ribombee\n|\n|upkeep\n|\n|t:|1700704650\n|switch|p1a: Landorus|Landorus-Therian, M|100\/100\n|-ability|p1a: Landorus|Intimidate|boost\n|-unboost|p2a: Heatran|atk|1\n|turn|8\n|\n|t:|1700704657\n|switch|p2a: Landorus|Landorus-Therian, M|100\/100\n|-ability|p2a: Landorus|Intimidate|boost\n|-unboost|p1a: Landorus|atk|1\n|move|p1a: Landorus|Stealth Rock|p2a: Landorus\n|-sidestart|p2: Pandabot42|move: Stealth Rock\n|\n|upkeep\n|turn|9\n|inactive|Brightwing521 has 90 seconds left.\n|\n|t:|1700704669\n|move|p2a: Landorus|Rock Slide|p1a: Landorus\n|-damage|p1a: Landorus|81\/100\n|move|p1a: Landorus|Grass Knot|p2a: Landorus\n|-damage|p2a: Landorus|93\/100\n|\n|-sideend|p2: Pandabot42|move: Aurora Veil\n|upkeep\n|turn|10\n|\n|t:|1700704676\n|move|p2a: Landorus|Rock Slide|p1a: Landorus\n|-damage|p1a: Landorus|60\/100\n|move|p1a: Landorus|U-turn|p2a: Landorus\n|-resisted|p2a: Landorus\n|-damage|p2a: Landorus|84\/100\n|inactive|Brightwing521 has 90 seconds left.\n|\n|t:|1700704698\n|switch|p1a: Iron Moth|Iron Moth|100\/100|[from] U-turn\n|-enditem|p1a: Iron Moth|Booster Energy\n|-activate|p1a: Iron Moth|ability: Quark Drive|[fromitem]\n|-start|p1a: Iron Moth|quarkdrivespe\n|\n|upkeep\n|turn|11\n|\n|t:|1700704709\n|move|p1a: Iron Moth|Energy Ball|p2a: Landorus\n|-damage|p2a: Landorus|55\/100\n|move|p2a: Landorus|Earthquake|p1a: Iron Moth\n|-supereffective|p1a: Iron Moth\n|-damage|p1a: Iron Moth|0 fnt\n|faint|p1a: Iron Moth\n|-end|p1a: Iron Moth|Quark Drive|[silent]\n|\n|upkeep\n|\n|t:|1700704721\n|switch|p1a: Crawdaunt|Crawdaunt, M|100\/100\n|turn|12\n|inactive|Brightwing521 has 60 seconds left.\n|\n|t:|1700704750\n|move|p2a: Landorus|U-turn|p1a: Crawdaunt\n|-supereffective|p1a: Crawdaunt\n|-crit|p1a: Crawdaunt\n|-damage|p1a: Crawdaunt|11\/100\n|\n|t:|1700704755\n|switch|p2a: Alomomola|Alomomola, F|100\/100|[from] U-turn\n|-activate|p2a: Alomomola|move: Sticky Web\n|-unboost|p2a: Alomomola|spe|1\n|-damage|p2a: Alomomola|88\/100|[from] Stealth Rock\n|move|p1a: Crawdaunt|Crabhammer|p2a: Alomomola\n|-resisted|p2a: Alomomola\n|-damage|p2a: Alomomola|61\/100\n|-damage|p1a: Crawdaunt|1\/100|[from] item: Life Orb\n|\n|-heal|p2a: Alomomola|67\/100|[from] item: Leftovers\n|upkeep\n|turn|13\n|\n|t:|1700704770\n|move|p1a: Crawdaunt|Crunch|p2a: Alomomola\n|-damage|p2a: Alomomola|22\/100\n|-damage|p1a: Crawdaunt|0 fnt|[from] item: Life Orb\n|faint|p1a: Crawdaunt\n|move|p2a: Alomomola|Wish|p2a: Alomomola\n|\n|-heal|p2a: Alomomola|28\/100|[from] item: Leftovers\n|upkeep\n|-message|Brightwing521 forfeited.\n|\n|win|Pandabot42\n|raw|Brightwing521's rating: 1107 &rarr; <strong>1084<\/strong><br \/>(-23 for losing)\n|raw|Pandabot42's rating: 1140 &rarr; <strong>1163<\/strong><br \/>(+23 for winning)\n|l|\u2606Brightwing521\n","uploadtime":1700704785,"views":3,"p1id":"brightwing521","p2id":"pandabot42","formatid":"gen9ou","rating":1084,"private":0,"password":""}