{"id":"gen9ou-1992553771","p1":"Bereng0","p2":"grass knot zygarde","format":"[Gen 9] OU","log":"|j|\u2606Bereng0\n|j|\u2606grass knot zygarde\n|t:|1700204665\n|gametype|singles\n|player|p1|Bereng0|101|1386\n|player|p2|grass knot zygarde|dawn|1497\n|teamsize|p1|6\n|teamsize|p2|6\n|gen|9\n|tier|[Gen 9] OU\n|rated|\n|rule|Sleep Clause Mod: Limit one foe put to sleep\n|rule|Species Clause: Limit one of each Pok\u00e9mon\n|rule|OHKO Clause: OHKO moves are banned\n|rule|Evasion Items Clause: Evasion items are banned\n|rule|Evasion Moves Clause: Evasion moves are banned\n|rule|Endless Battle Clause: Forcing endless battles is banned\n|rule|HP Percentage Mod: HP is shown in percentages\n|clearpoke\n|poke|p1|Greninja-*, M|\n|poke|p1|Gholdengo|\n|poke|p1|Kingambit, M|\n|poke|p1|Glimmora, M|\n|poke|p1|Iron Valiant|\n|poke|p1|Iron Moth|\n|poke|p2|Rillaboom, F|\n|poke|p2|Great Tusk|\n|poke|p2|Kingambit, F|\n|poke|p2|Zapdos|\n|poke|p2|Slowking-Galar, M|\n|poke|p2|Cinderace, M|\n|teampreview\n|inactive|Battle timer is ON: inactive players will automatically lose when time's up. (requested by grass knot zygarde)\n|\n|t:|1700204681\n|start\n|switch|p1a: Glimmora|Glimmora, M|100\/100\n|switch|p2a: PEEP HOLE|Rillaboom, F|100\/100\n|-fieldstart|move: Grassy Terrain|[from] ability: Grassy Surge|[of] p2a: PEEP HOLE\n|turn|1\n|\n|t:|1700204690\n|move|p1a: Glimmora|Stealth Rock|p2a: PEEP HOLE\n|-sidestart|p2: grass knot zygarde|move: Stealth Rock\n|move|p2a: PEEP HOLE|U-turn|p1a: Glimmora\n|-resisted|p1a: Glimmora\n|-damage|p1a: Glimmora|77\/100\n|-activate|p1a: Glimmora|ability: Toxic Debris\n|-sidestart|p2: grass knot zygarde|move: Toxic Spikes\n|\n|t:|1700204696\n|switch|p2a: BLIND|Slowking-Galar, M|100\/100|[from] U-turn\n|-damage|p2a: BLIND|88\/100|[from] Stealth Rock\n|-sideend|p2: grass knot zygarde|move: Toxic Spikes|[of] p2a: BLIND\n|\n|-heal|p1a: Glimmora|84\/100|[from] Grassy Terrain\n|-heal|p2a: BLIND|94\/100|[from] Grassy Terrain\n|upkeep\n|turn|2\n|\n|t:|1700204698\n|move|p1a: Glimmora|Earth Power|p2a: BLIND\n|-supereffective|p2a: BLIND\n|-damage|p2a: BLIND|67\/100\n|move|p2a: BLIND|Psyshock|p1a: Glimmora\n|-supereffective|p1a: Glimmora\n|-damage|p1a: Glimmora|3\/100\n|\n|-heal|p1a: Glimmora|10\/100|[from] Grassy Terrain\n|-heal|p2a: BLIND|73\/100|[from] Grassy Terrain\n|upkeep\n|turn|3\n|\n|t:|1700204706\n|move|p1a: Glimmora|Earth Power|p2a: BLIND\n|-supereffective|p2a: BLIND\n|-damage|p2a: BLIND|46\/100\n|move|p2a: BLIND|Surf|p1a: Glimmora\n|-supereffective|p1a: Glimmora\n|-damage|p1a: Glimmora|0 fnt\n|faint|p1a: Glimmora\n|\n|-heal|p2a: BLIND|53\/100|[from] Grassy Terrain\n|upkeep\n|\n|t:|1700204710\n|switch|p1a: Kingambit|Kingambit, M|100\/100\n|-activate|p1a: Kingambit|ability: Supreme Overlord\n|-start|p1a: Kingambit|fallen1|[silent]\n|turn|4\n|\n|t:|1700204714\n|switch|p2a: ROCKSTAR|Great Tusk|100\/100\n|-damage|p2a: ROCKSTAR|97\/100|[from] Stealth Rock\n|move|p1a: Kingambit|Kowtow Cleave|p2a: ROCKSTAR\n|-resisted|p2a: ROCKSTAR\n|-damage|p2a: ROCKSTAR|81\/100\n|\n|-heal|p2a: ROCKSTAR|87\/100|[from] Grassy Terrain\n|-heal|p2a: ROCKSTAR|93\/100|[from] item: Leftovers\n|upkeep\n|turn|5\n|\n|t:|1700204722\n|-end|p1a: Kingambit|fallen1|[silent]\n|switch|p1a: Gholdengo|Gholdengo|100\/100\n|move|p2a: ROCKSTAR|Headlong Rush|p1a: Gholdengo\n|-supereffective|p1a: Gholdengo\n|-damage|p1a: Gholdengo|0 fnt\n|-unboost|p2a: ROCKSTAR|def|1\n|-unboost|p2a: ROCKSTAR|spd|1\n|faint|p1a: Gholdengo\n|\n|-heal|p2a: ROCKSTAR|99\/100|[from] Grassy Terrain\n|-heal|p2a: ROCKSTAR|100\/100|[from] item: Leftovers\n|-fieldend|move: Grassy Terrain\n|upkeep\n|\n|t:|1700204726\n|switch|p1a: Greninja|Greninja, M|100\/100\n|turn|6\n|\n|t:|1700204732\n|-end|p2a: ROCKSTAR|Protosynthesis|[silent]\n|switch|p2a: PEEP HOLE|Rillaboom, F|100\/100\n|-damage|p2a: PEEP HOLE|88\/100|[from] Stealth Rock\n|-fieldstart|move: Grassy Terrain|[from] ability: Grassy Surge|[of] p2a: PEEP HOLE\n|move|p1a: Greninja|Dark Pulse|p2a: PEEP HOLE\n|-damage|p2a: PEEP HOLE|24\/100\n|-damage|p1a: Greninja|91\/100|[from] item: Life Orb\n|\n|-heal|p1a: Greninja|97\/100|[from] Grassy Terrain\n|-heal|p2a: PEEP HOLE|31\/100|[from] Grassy Terrain\n|upkeep\n|turn|7\n|\n|t:|1700204737\n|switch|p1a: Iron Moth|Iron Moth|100\/100\n|-enditem|p1a: Iron Moth|Booster Energy\n|-activate|p1a: Iron Moth|ability: Quark Drive|[fromitem]\n|-start|p1a: Iron Moth|quarkdrivespe\n|move|p2a: PEEP HOLE|Grassy Glide|p1a: Iron Moth\n|-resisted|p1a: Iron Moth\n|-damage|p1a: Iron Moth|78\/100\n|\n|-heal|p1a: Iron Moth|84\/100|[from] Grassy Terrain\n|-heal|p2a: PEEP HOLE|37\/100|[from] Grassy Terrain\n|upkeep\n|turn|8\n|\n|t:|1700204744\n|switch|p2a: BLIND|Slowking-Galar, M|86\/100\n|-damage|p2a: BLIND|73\/100|[from] Stealth Rock\n|move|p1a: Iron Moth|Fiery Dance|p2a: BLIND\n|-damage|p2a: BLIND|55\/100\n|\n|-heal|p1a: Iron Moth|90\/100|[from] Grassy Terrain\n|-heal|p2a: BLIND|61\/100|[from] Grassy Terrain\n|upkeep\n|turn|9\n|\n|t:|1700204748\n|move|p1a: Iron Moth|Fiery Dance|p2a: BLIND\n|-damage|p2a: BLIND|44\/100\n|-boost|p1a: Iron Moth|spa|1\n|move|p2a: BLIND|Psyshock|p1a: Iron Moth\n|-supereffective|p1a: Iron Moth\n|-damage|p1a: Iron Moth|0 fnt\n|faint|p1a: Iron Moth\n|-end|p1a: Iron Moth|Quark Drive|[silent]\n|\n|-heal|p2a: BLIND|50\/100|[from] Grassy Terrain\n|upkeep\n|\n|t:|1700204755\n|switch|p1a: Kingambit|Kingambit, M|100\/100\n|-activate|p1a: Kingambit|ability: Supreme Overlord\n|-start|p1a: Kingambit|fallen3|[silent]\n|turn|10\n|\n|t:|1700204759\n|move|p1a: Kingambit|Swords Dance|p1a: Kingambit\n|-boost|p1a: Kingambit|atk|2\n|move|p2a: BLIND|Flamethrower|p1a: Kingambit\n|-supereffective|p1a: Kingambit\n|-damage|p1a: Kingambit|40\/100\n|\n|-heal|p1a: Kingambit|46\/100|[from] Grassy Terrain\n|-heal|p1a: Kingambit|52\/100|[from] item: Leftovers\n|-heal|p2a: BLIND|56\/100|[from] Grassy Terrain\n|-fieldend|move: Grassy Terrain\n|upkeep\n|turn|11\n|\n|t:|1700204763\n|move|p1a: Kingambit|Kowtow Cleave|p2a: BLIND\n|-supereffective|p2a: BLIND\n|-damage|p2a: BLIND|0 fnt\n|faint|p2a: BLIND\n|\n|-heal|p1a: Kingambit|58\/100|[from] item: Leftovers\n|upkeep\n|\n|t:|1700204767\n|switch|p2a: ROCKSTAR|Great Tusk|100\/100\n|-damage|p2a: ROCKSTAR|97\/100|[from] Stealth Rock\n|turn|12\n|\n|t:|1700204771\n|-terastallize|p1a: Kingambit|Flying\n|move|p2a: ROCKSTAR|Rapid Spin|p1a: Kingambit\n|-damage|p1a: Kingambit|45\/100\n|-boost|p2a: ROCKSTAR|spe|1\n|-sideend|p2: grass knot zygarde|Stealth Rock|[from] move: Rapid Spin|[of] p2a: ROCKSTAR\n|move|p1a: Kingambit|Iron Head|p2a: ROCKSTAR\n|-damage|p2a: ROCKSTAR|24\/100\n|\n|-heal|p2a: ROCKSTAR|30\/100|[from] item: Leftovers\n|-heal|p1a: Kingambit|51\/100|[from] item: Leftovers\n|upkeep\n|turn|13\n|\n|t:|1700204776\n|move|p2a: ROCKSTAR|Ice Spinner|p1a: Kingambit\n|-supereffective|p1a: Kingambit\n|-damage|p1a: Kingambit|9\/100\n|move|p1a: Kingambit|Iron Head|p2a: ROCKSTAR\n|-damage|p2a: ROCKSTAR|0 fnt\n|faint|p2a: ROCKSTAR\n|-end|p2a: ROCKSTAR|Protosynthesis|[silent]\n|\n|-heal|p1a: Kingambit|15\/100|[from] item: Leftovers\n|upkeep\n|\n|t:|1700204790\n|switch|p2a: PEEP HOLE|Rillaboom, F|37\/100\n|-fieldstart|move: Grassy Terrain|[from] ability: Grassy Surge|[of] p2a: PEEP HOLE\n|turn|14\n|\n|t:|1700204795\n|move|p2a: PEEP HOLE|Grassy Glide|p1a: Kingambit\n|-resisted|p1a: Kingambit\n|-crit|p1a: Kingambit\n|-damage|p1a: Kingambit|0 fnt\n|faint|p1a: Kingambit\n|-end|p1a: Kingambit|fallen3|[silent]\n|\n|-heal|p2a: PEEP HOLE|43\/100|[from] Grassy Terrain\n|upkeep\n|\n|t:|1700204798\n|switch|p1a: Iron Valiant|Iron Valiant|100\/100\n|-enditem|p1a: Iron Valiant|Booster Energy\n|-activate|p1a: Iron Valiant|ability: Quark Drive|[fromitem]\n|-start|p1a: Iron Valiant|quarkdrivespe\n|turn|15\n|\n|t:|1700204802\n|switch|p2a: BLAME IT ON BABY|Zapdos|100\/100\n|move|p1a: Iron Valiant|Moonblast|p2a: BLAME IT ON BABY\n|-damage|p2a: BLAME IT ON BABY|54\/100\n|-unboost|p2a: BLAME IT ON BABY|spa|1\n|\n|upkeep\n|turn|16\n|\n|t:|1700204806\n|move|p1a: Iron Valiant|Moonblast|p2a: BLAME IT ON BABY\n|-damage|p2a: BLAME IT ON BABY|5\/100\n|move|p2a: BLAME IT ON BABY|Roost|p2a: BLAME IT ON BABY\n|-heal|p2a: BLAME IT ON BABY|55\/100\n|-singleturn|p2a: BLAME IT ON BABY|move: Roost\n|\n|-heal|p2a: BLAME IT ON BABY|61\/100|[from] Grassy Terrain\n|upkeep\n|turn|17\n|\n|t:|1700204811\n|move|p1a: Iron Valiant|Calm Mind|p1a: Iron Valiant\n|-boost|p1a: Iron Valiant|spa|1\n|-boost|p1a: Iron Valiant|spd|1\n|move|p2a: BLAME IT ON BABY|Thunder Wave|p1a: Iron Valiant\n|-status|p1a: Iron Valiant|par\n|\n|upkeep\n|turn|18\n|\n|t:|1700204814\n|move|p1a: Iron Valiant|Moonblast|p2a: BLAME IT ON BABY\n|-damage|p2a: BLAME IT ON BABY|0 fnt\n|faint|p2a: BLAME IT ON BABY\n|\n|-fieldend|move: Grassy Terrain\n|upkeep\n|\n|t:|1700204821\n|switch|p2a: TLC|Kingambit, F|100\/100\n|-activate|p2a: TLC|ability: Supreme Overlord\n|-start|p2a: TLC|fallen3|[silent]\n|turn|19\n|\n|t:|1700204827\n|-terastallize|p2a: TLC|Flying\n|move|p1a: Iron Valiant|Moonblast|p2a: TLC\n|-damage|p2a: TLC|21\/100\n|move|p2a: TLC|Iron Head|p1a: Iron Valiant\n|-supereffective|p1a: Iron Valiant\n|-damage|p1a: Iron Valiant|0 fnt\n|faint|p1a: Iron Valiant\n|-end|p1a: Iron Valiant|Quark Drive|[silent]\n|\n|upkeep\n|\n|t:|1700204833\n|switch|p1a: Greninja|Greninja, M|97\/100\n|turn|20\n|\n|t:|1700204837\n|move|p1a: Greninja|Water Shuriken|p2a: TLC\n|-damage|p2a: TLC|11\/100\n|-damage|p2a: TLC|2\/100\n|-hitcount|p2a: TLC|2\n|-damage|p1a: Greninja|87\/100|[from] item: Life Orb\n|move|p2a: TLC|Sucker Punch||[still]\n|-fail|p2a: TLC\n|\n|upkeep\n|turn|21\n|\n|t:|1700204841\n|move|p1a: Greninja|Water Shuriken|p2a: TLC\n|-damage|p2a: TLC|0 fnt\n|faint|p2a: TLC\n|-end|p2a: TLC|fallen3|[silent]\n|-ability|p1a: Greninja|Battle Bond|boost\n|-boost|p1a: Greninja|atk|1\n|-boost|p1a: Greninja|spa|1\n|-boost|p1a: Greninja|spe|1\n|-activate|p1a: Greninja|ability: Battle Bond\n|-hitcount|p2: TLC|1\n|-damage|p1a: Greninja|77\/100|[from] item: Life Orb\n|\n|upkeep\n|\n|t:|1700204844\n|switch|p2a: PEEP HOLE|Rillaboom, F|43\/100\n|-fieldstart|move: Grassy Terrain|[from] ability: Grassy Surge|[of] p2a: PEEP HOLE\n|turn|22\n|\n|t:|1700204847\n|move|p1a: Greninja|Water Shuriken|p2a: PEEP HOLE\n|-resisted|p2a: PEEP HOLE\n|-damage|p2a: PEEP HOLE|34\/100\n|-resisted|p2a: PEEP HOLE\n|-damage|p2a: PEEP HOLE|26\/100\n|-hitcount|p2a: PEEP HOLE|2\n|-damage|p1a: Greninja|67\/100|[from] item: Life Orb\n|move|p2a: PEEP HOLE|Grassy Glide|p1a: Greninja\n|-supereffective|p1a: Greninja\n|-damage|p1a: Greninja|0 fnt\n|faint|p1a: Greninja\n|\n|win|grass knot zygarde\n|raw|Bereng0's rating: 1386 &rarr; <strong>1372<\/strong><br \/>(-14 for losing)\n|raw|grass knot zygarde's rating: 1497 &rarr; <strong>1511<\/strong><br \/>(+14 for winning)\n|l|\u2606Bereng0\n","uploadtime":1700204861,"views":7,"p1id":"bereng0","p2id":"grassknotzygarde","formatid":"gen9ou","rating":1372,"private":0,"password":""}