{"id":"gen9ou-2000618199","p1":"G00FYG00B3R","p2":"daymo","format":"[Gen 9] OU","log":"|j|\u2606G00FYG00B3R\n|j|\u2606daymo\n|t:|1701211070\n|gametype|singles\n|player|p1|G00FYG00B3R|adaman|1470\n|player|p2|daymo|janine|1584\n|teamsize|p1|6\n|teamsize|p2|6\n|gen|9\n|tier|[Gen 9] OU\n|rated|\n|rule|Sleep Clause Mod: Limit one foe put to sleep\n|rule|Species Clause: Limit one of each Pok\u00e9mon\n|rule|OHKO Clause: OHKO moves are banned\n|rule|Evasion Items Clause: Evasion items are banned\n|rule|Evasion Moves Clause: Evasion moves are banned\n|rule|Endless Battle Clause: Forcing endless battles is banned\n|rule|HP Percentage Mod: HP is shown in percentages\n|clearpoke\n|poke|p1|Ting-Lu|\n|poke|p1|Corviknight, F|\n|poke|p1|Ceruledge, F|\n|poke|p1|Dragapult, F|\n|poke|p1|Cinderace, F|\n|poke|p1|Slowking-Galar, F|\n|poke|p2|Zamazenta-*|\n|poke|p2|Zapdos|\n|poke|p2|Gholdengo|\n|poke|p2|Dragonite, M|\n|poke|p2|Kingambit, M|\n|poke|p2|Glimmora, M|\n|teampreview\n|inactive|Battle timer is ON: inactive players will automatically lose when time's up. (requested by G00FYG00B3R)\n|inactive|daymo has 120 seconds left.\n|\n|t:|1701211108\n|start\n|switch|p1a: GloBoy|Slowking-Galar, F|100\/100\n|switch|p2a: Glimmora|Glimmora, M|100\/100\n|turn|1\n|\n|t:|1701211111\n|move|p2a: Glimmora|Spikes|p1a: GloBoy\n|-sidestart|p1: G00FYG00B3R|Spikes\n|move|p1a: GloBoy|Future Sight|p2a: Glimmora\n|-start|p1a: GloBoy|move: Future Sight\n|\n|upkeep\n|turn|2\n|\n|t:|1701211114\n|move|p2a: Glimmora|Stealth Rock|p1a: GloBoy\n|-sidestart|p1: G00FYG00B3R|move: Stealth Rock\n|move|p1a: GloBoy|Sludge Bomb|p2a: Glimmora\n|-resisted|p2a: Glimmora\n|-damage|p2a: Glimmora|90\/100\n|\n|upkeep\n|turn|3\n|inactive|daymo has 120 seconds left.\n|\n|t:|1701211147\n|move|p2a: Glimmora|Earth Power|p1a: GloBoy\n|-supereffective|p1a: GloBoy\n|-damage|p1a: GloBoy|70\/100\n|-unboost|p1a: GloBoy|spd|1\n|move|p1a: GloBoy|Chilly Reception|p1a: GloBoy\n|-weather|Snow\n|\n|t:|1701211150\n|switch|p1a: BELLIGOL|Cinderace, F|100\/100|[from] Chilly Reception\n|\n|-weather|Snow|[upkeep]\n|-end|p2a: Glimmora|move: Future Sight\n|-supereffective|p2a: Glimmora\n|-damage|p2a: Glimmora|0 fnt\n|faint|p2a: Glimmora\n|upkeep\n|\n|t:|1701211153\n|switch|p2a: Zamazenta|Zamazenta|100\/100\n|-ability|p2a: Zamazenta|Dauntless Shield|boost\n|-boost|p2a: Zamazenta|def|1\n|turn|4\n|\n|t:|1701211157\n|move|p2a: Zamazenta|Close Combat|p1a: BELLIGOL\n|-damage|p1a: BELLIGOL|0 fnt\n|-unboost|p2a: Zamazenta|def|1\n|-unboost|p2a: Zamazenta|spd|1\n|faint|p1a: BELLIGOL\n|\n|-weather|Snow|[upkeep]\n|upkeep\n|\n|t:|1701211165\n|switch|p1a: Cash Corvi|Corviknight, F|100\/100\n|-damage|p1a: Cash Corvi|88\/100|[from] Stealth Rock\n|turn|5\n|\n|t:|1701211170\n|switch|p2a: Gholdengo|Gholdengo|100\/100\n|switch|p1a: Dragapult|Dragapult, F|100\/100\n|-damage|p1a: Dragapult|88\/100|[from] Spikes\n|-damage|p1a: Dragapult|76\/100|[from] Stealth Rock\n|\n|-weather|Snow|[upkeep]\n|upkeep\n|turn|6\n|\n|t:|1701211174\n|switch|p2a: Kingambit|Kingambit, M|100\/100\n|-activate|p2a: Kingambit|ability: Supreme Overlord\n|-start|p2a: Kingambit|fallen1|[silent]\n|move|p1a: Dragapult|Shadow Ball|p2a: Kingambit\n|-resisted|p2a: Kingambit\n|-damage|p2a: Kingambit|69\/100\n|\n|-weather|Snow|[upkeep]\n|upkeep\n|turn|7\n|\n|t:|1701211178\n|switch|p1a: Cash Corvi|Corviknight, F|88\/100\n|-damage|p1a: Cash Corvi|76\/100|[from] Stealth Rock\n|move|p2a: Kingambit|Kowtow Cleave|p1a: Cash Corvi\n|-damage|p1a: Cash Corvi|41\/100\n|-damage|p2a: Kingambit|53\/100|[from] item: Rocky Helmet|[of] p1a: Cash Corvi\n|\n|-weather|none\n|upkeep\n|turn|8\n|\n|t:|1701211186\n|-end|p2a: Kingambit|fallen1|[silent]\n|switch|p2a: Gholdengo|Gholdengo|100\/100\n|move|p1a: Cash Corvi|Roost|p1a: Cash Corvi\n|-heal|p1a: Cash Corvi|91\/100\n|-singleturn|p1a: Cash Corvi|move: Roost\n|\n|upkeep\n|turn|9\n|\n|t:|1701211192\n|switch|p1a: GloBoy|Slowking-Galar, F|100\/100\n|move|p2a: Gholdengo|Thunder Wave|p1a: GloBoy\n|-status|p1a: GloBoy|par\n|\n|upkeep\n|turn|10\n|\n|t:|1701211197\n|move|p2a: Gholdengo|Hex|p1a: GloBoy\n|-supereffective|p1a: GloBoy\n|-damage|p1a: GloBoy|29\/100 par\n|move|p1a: GloBoy|Chilly Reception|p1a: GloBoy\n|-weather|Snow\n|\n|t:|1701211202\n|switch|p1a: Bladee|Ceruledge, F|100\/100|[from] Chilly Reception\n|-damage|p1a: Bladee|88\/100|[from] Spikes\n|-damage|p1a: Bladee|63\/100|[from] Stealth Rock\n|\n|-weather|Snow|[upkeep]\n|upkeep\n|turn|11\n|\n|t:|1701211209\n|move|p1a: Bladee|Poltergeist|p2a: Gholdengo\n|-activate|p2a: Gholdengo|move: Poltergeist|Covert Cloak\n|-supereffective|p2a: Gholdengo\n|-crit|p2a: Gholdengo\n|-damage|p2a: Gholdengo|0 fnt\n|faint|p2a: Gholdengo\n|\n|-weather|Snow|[upkeep]\n|upkeep\n|\n|t:|1701211218\n|switch|p2a: Zamazenta|Zamazenta|100\/100\n|turn|12\n|\n|t:|1701211222\n|switch|p1a: Cash Corvi|Corviknight, F|91\/100\n|-damage|p1a: Cash Corvi|79\/100|[from] Stealth Rock\n|move|p2a: Zamazenta|Crunch|p1a: Cash Corvi\n|-damage|p1a: Cash Corvi|57\/100\n|-damage|p2a: Zamazenta|84\/100|[from] item: Rocky Helmet|[of] p1a: Cash Corvi\n|\n|-weather|Snow|[upkeep]\n|upkeep\n|turn|13\n|\n|t:|1701211226\n|switch|p2a: Zapdos|Zapdos|100\/100\n|move|p1a: Cash Corvi|Roost|p1a: Cash Corvi\n|-heal|p1a: Cash Corvi|100\/100\n|-singleturn|p1a: Cash Corvi|move: Roost\n|\n|-weather|Snow|[upkeep]\n|upkeep\n|turn|14\n|\n|t:|1701211232\n|switch|p1a: Clayface|Ting-Lu|100\/100\n|-damage|p1a: Clayface|88\/100|[from] Spikes\n|-damage|p1a: Clayface|82\/100|[from] Stealth Rock\n|-ability|p1a: Clayface|Vessel of Ruin\n|move|p2a: Zapdos|Heat Wave|p1a: Clayface\n|-damage|p1a: Clayface|70\/100\n|\n|-weather|none\n|-heal|p1a: Clayface|77\/100|[from] item: Leftovers\n|upkeep\n|turn|15\n|\n|t:|1701211236\n|switch|p2a: Zamazenta|Zamazenta|84\/100\n|move|p1a: Clayface|Stealth Rock|p2a: Zamazenta\n|-sidestart|p2: daymo|move: Stealth Rock\n|\n|-heal|p1a: Clayface|83\/100|[from] item: Leftovers\n|upkeep\n|turn|16\n|\n|t:|1701211240\n|switch|p1a: Cash Corvi|Corviknight, F|100\/100\n|-damage|p1a: Cash Corvi|88\/100|[from] Stealth Rock\n|move|p2a: Zamazenta|Close Combat|p1a: Cash Corvi\n|-damage|p1a: Cash Corvi|38\/100\n|-unboost|p2a: Zamazenta|def|1\n|-unboost|p2a: Zamazenta|spd|1\n|-damage|p2a: Zamazenta|67\/100|[from] item: Rocky Helmet|[of] p1a: Cash Corvi\n|\n|upkeep\n|turn|17\n|\n|t:|1701211254\n|switch|p1a: Bladee|Ceruledge, F|63\/100\n|-damage|p1a: Bladee|51\/100|[from] Spikes\n|-damage|p1a: Bladee|26\/100|[from] Stealth Rock\n|move|p2a: Zamazenta|Close Combat|p1a: Bladee\n|-immune|p1a: Bladee\n|\n|upkeep\n|turn|18\n|\n|t:|1701211274\n|switch|p2a: Zapdos|Zapdos|100\/100\n|move|p1a: Bladee|Bitter Blade|p2a: Zapdos\n|-crit|p2a: Zapdos\n|-damage|p2a: Zapdos|34\/100\n|-heal|p1a: Bladee|70\/100|[from] drain|[of] p2a: Zapdos\n|\n|upkeep\n|turn|19\n|\n|t:|1701211285\n|move|p2a: Zapdos|Roost|p2a: Zapdos\n|-heal|p2a: Zapdos|84\/100\n|-singleturn|p2a: Zapdos|move: Roost\n|move|p1a: Bladee|Poltergeist|p2a: Zapdos\n|-activate|p2a: Zapdos|move: Poltergeist|Heavy-Duty Boots\n|-damage|p2a: Zapdos|30\/100\n|\n|upkeep\n|turn|20\n|\n|t:|1701211289\n|move|p2a: Zapdos|Roost|p2a: Zapdos\n|-heal|p2a: Zapdos|80\/100\n|-singleturn|p2a: Zapdos|move: Roost\n|move|p1a: Bladee|Poltergeist|p2a: Zapdos\n|-activate|p2a: Zapdos|move: Poltergeist|Heavy-Duty Boots\n|-damage|p2a: Zapdos|28\/100\n|\n|upkeep\n|turn|21\n|\n|t:|1701211295\n|move|p2a: Zapdos|Roost|p2a: Zapdos\n|-heal|p2a: Zapdos|78\/100\n|-singleturn|p2a: Zapdos|move: Roost\n|move|p1a: Bladee|Poltergeist|p2a: Zapdos\n|-activate|p2a: Zapdos|move: Poltergeist|Heavy-Duty Boots\n|-damage|p2a: Zapdos|27\/100\n|\n|upkeep\n|turn|22\n|\n|t:|1701211300\n|move|p2a: Zapdos|Roost|p2a: Zapdos\n|-heal|p2a: Zapdos|77\/100\n|-singleturn|p2a: Zapdos|move: Roost\n|move|p1a: Bladee|Swords Dance|p1a: Bladee\n|-boost|p1a: Bladee|atk|2\n|\n|upkeep\n|turn|23\n|\n|t:|1701211306\n|move|p2a: Zapdos|Volt Switch|p1a: Bladee\n|-damage|p1a: Bladee|37\/100\n|\n|t:|1701211308\n|switch|p2a: Dragonite|Dragonite, M|100\/100|[from] Volt Switch\n|move|p1a: Bladee|Bitter Blade|p2a: Dragonite\n|-resisted|p2a: Dragonite\n|-damage|p2a: Dragonite|77\/100\n|-heal|p1a: Bladee|50\/100|[from] drain|[of] p2a: Dragonite\n|\n|upkeep\n|turn|24\n|\n|t:|1701211319\n|-terastallize|p1a: Bladee|Ghost\n|-terastallize|p2a: Dragonite|Normal\n|move|p1a: Bladee|Poltergeist|p2a: Dragonite\n|-immune|p2a: Dragonite\n|move|p2a: Dragonite|Dragon Dance|p2a: Dragonite\n|-boost|p2a: Dragonite|atk|1\n|-boost|p2a: Dragonite|spe|1\n|\n|upkeep\n|turn|25\n|\n|t:|1701211326\n|move|p2a: Dragonite|Earthquake|p1a: Bladee\n|-damage|p1a: Bladee|0 fnt\n|faint|p1a: Bladee\n|\n|upkeep\n|\n|t:|1701211333\n|switch|p1a: Cash Corvi|Corviknight, F|38\/100\n|-damage|p1a: Cash Corvi|26\/100|[from] Stealth Rock\n|turn|26\n|\n|t:|1701211336\n|move|p2a: Dragonite|Fire Punch|p1a: Cash Corvi\n|-supereffective|p1a: Cash Corvi\n|-damage|p1a: Cash Corvi|0 fnt\n|-damage|p2a: Dragonite|61\/100|[from] item: Rocky Helmet|[of] p1a: Cash Corvi\n|faint|p1a: Cash Corvi\n|\n|upkeep\n|\n|t:|1701211339\n|switch|p1a: Dragapult|Dragapult, F|76\/100\n|-damage|p1a: Dragapult|64\/100|[from] Spikes\n|-damage|p1a: Dragapult|51\/100|[from] Stealth Rock\n|turn|27\n|\n|t:|1701211353\n|move|p1a: Dragapult|Draco Meteor|p2a: Dragonite\n|-damage|p2a: Dragonite|0 fnt\n|-unboost|p1a: Dragapult|spa|2\n|faint|p2a: Dragonite\n|\n|upkeep\n|\n|t:|1701211358\n|switch|p2a: Kingambit|Kingambit, M|53\/100\n|-damage|p2a: Kingambit|47\/100|[from] Stealth Rock\n|-activate|p2a: Kingambit|ability: Supreme Overlord\n|-start|p2a: Kingambit|fallen3|[silent]\n|turn|28\n|\n|t:|1701211361\n|switch|p1a: Clayface|Ting-Lu|83\/100\n|-damage|p1a: Clayface|70\/100|[from] Spikes\n|-damage|p1a: Clayface|64\/100|[from] Stealth Rock\n|-ability|p1a: Clayface|Vessel of Ruin\n|move|p2a: Kingambit|Iron Head|p1a: Clayface\n|-crit|p1a: Clayface\n|-damage|p1a: Clayface|17\/100\n|\n|-heal|p1a: Clayface|24\/100|[from] item: Leftovers\n|upkeep\n|turn|29\n|\n|t:|1701211363\n|move|p2a: Kingambit|Iron Head|p1a: Clayface\n|-damage|p1a: Clayface|0 fnt\n|faint|p1a: Clayface\n|\n|upkeep\n|\n|t:|1701211366\n|switch|p1a: Dragapult|Dragapult, F|51\/100\n|-damage|p1a: Dragapult|39\/100|[from] Spikes\n|-damage|p1a: Dragapult|27\/100|[from] Stealth Rock\n|turn|30\n|\n|t:|1701211368\n|move|p2a: Kingambit|Sucker Punch|p1a: Dragapult\n|-supereffective|p1a: Dragapult\n|-damage|p1a: Dragapult|0 fnt\n|faint|p1a: Dragapult\n|\n|upkeep\n|-message|G00FYG00B3R forfeited.\n|\n|win|daymo\n|raw|G00FYG00B3R's rating: 1470 &rarr; <strong>1456<\/strong><br \/>(-14 for losing)\n|raw|daymo's rating: 1584 &rarr; <strong>1598<\/strong><br \/>(+14 for winning)\n|l|\u2606G00FYG00B3R\n","uploadtime":1701211372,"views":5,"p1id":"g00fyg00b3r","p2id":"daymo","formatid":"gen9ou","rating":1456,"private":0,"password":""}