{"id":"gen9ou-1991883806","p1":"Diatere","p2":"Surfall","format":"[Gen 9] OU","log":"|j|\u2606Diatere\n|j|\u2606Surfall\n|t:|1700133333\n|gametype|singles\n|player|p1|Diatere|mina|1383\n|player|p2|Surfall|li|1404\n|teamsize|p1|6\n|teamsize|p2|6\n|gen|9\n|tier|[Gen 9] OU\n|rated|\n|rule|Sleep Clause Mod: Limit one foe put to sleep\n|rule|Species Clause: Limit one of each Pok\u00e9mon\n|rule|OHKO Clause: OHKO moves are banned\n|rule|Evasion Items Clause: Evasion items are banned\n|rule|Evasion Moves Clause: Evasion moves are banned\n|rule|Endless Battle Clause: Forcing endless battles is banned\n|rule|HP Percentage Mod: HP is shown in percentages\n|clearpoke\n|poke|p1|Ninetales-Alola, M|\n|poke|p1|Sneasler, M|\n|poke|p1|Hatterene, F|\n|poke|p1|Manaphy|\n|poke|p1|Ogerpon-Cornerstone, F|\n|poke|p1|Rillaboom, M|\n|poke|p2|Great Tusk|\n|poke|p2|Ting-Lu|\n|poke|p2|Zapdos|\n|poke|p2|Gholdengo|\n|poke|p2|Iron Valiant|\n|poke|p2|Ogerpon-Wellspring, F|\n|teampreview\n|\n|t:|1700133348\n|start\n|switch|p1a: Tavros|Ninetales-Alola, M|100\/100\n|switch|p2a: Gholdengoat|Gholdengo|100\/100\n|-weather|Snow|[from] ability: Snow Warning|[of] p1a: Tavros\n|-item|p2a: Gholdengoat|Air Balloon\n|turn|1\n|\n|t:|1700133372\n|move|p1a: Tavros|Aurora Veil|p1a: Tavros\n|-sidestart|p1: Diatere|move: Aurora Veil\n|move|p2a: Gholdengoat|Nasty Plot|p2a: Gholdengoat\n|-boost|p2a: Gholdengoat|spa|2\n|\n|-weather|Snow|[upkeep]\n|upkeep\n|turn|2\n|\n|t:|1700133376\n|move|p1a: Tavros|Encore|p2a: Gholdengoat\n|-immune|p2a: Gholdengoat|[from] ability: Good as Gold\n|move|p2a: Gholdengoat|Make It Rain|p1a: Tavros\n|-supereffective|p1a: Tavros\n|-damage|p1a: Tavros|0 fnt\n|-unboost|p2a: Gholdengoat|spa|1\n|faint|p1a: Tavros\n|\n|-weather|Snow|[upkeep]\n|upkeep\n|c|\u2606Diatere|every time\n|\n|t:|1700133387\n|switch|p1a: Gamzee|Rillaboom, M|100\/100\n|-fieldstart|move: Grassy Terrain|[from] ability: Grassy Surge|[of] p1a: Gamzee\n|turn|3\n|\n|t:|1700133395\n|move|p1a: Gamzee|Knock Off|p2a: Gholdengoat\n|-supereffective|p2a: Gholdengoat\n|-damage|p2a: Gholdengoat|0 fnt\n|-enditem|p2a: Gholdengoat|Air Balloon\n|faint|p2a: Gholdengoat\n|\n|-weather|Snow|[upkeep]\n|upkeep\n|\n|t:|1700133403\n|switch|p2a: Zapdos|Zapdos|100\/100\n|turn|4\n|\n|t:|1700133407\n|move|p2a: Zapdos|Hurricane|p1a: Gamzee|[miss]\n|-miss|p2a: Zapdos|p1a: Gamzee\n|move|p1a: Gamzee|Knock Off|p2a: Zapdos\n|-damage|p2a: Zapdos|54\/100\n|-status|p1a: Gamzee|par|[from] ability: Static|[of] p2a: Zapdos\n|-enditem|p2a: Zapdos|Heavy-Duty Boots|[from] move: Knock Off|[of] p1a: Gamzee\n|\n|-weather|Snow|[upkeep]\n|upkeep\n|turn|5\n|\n|t:|1700133417\n|switch|p1a: Karkat|Sneasler, M|100\/100\n|-enditem|p1a: Karkat|Grassy Seed\n|-boost|p1a: Karkat|def|1|[from] item: Grassy Seed\n|move|p2a: Zapdos|Roost|p2a: Zapdos\n|-heal|p2a: Zapdos|100\/100\n|-singleturn|p2a: Zapdos|move: Roost\n|\n|-weather|none\n|upkeep\n|turn|6\n|\n|t:|1700133426\n|-terastallize|p1a: Karkat|Flying\n|move|p1a: Karkat|Swords Dance|p1a: Karkat\n|-boost|p1a: Karkat|atk|2\n|move|p2a: Zapdos|Hurricane|p1a: Karkat\n|-damage|p1a: Karkat|68\/100\n|\n|upkeep\n|turn|7\n|\n|t:|1700133435\n|move|p1a: Karkat|Dire Claw|p2a: Zapdos\n|-damage|p2a: Zapdos|19\/100\n|-status|p1a: Karkat|par|[from] ability: Static|[of] p2a: Zapdos\n|move|p2a: Zapdos|Volt Switch|p1a: Karkat\n|-supereffective|p1a: Karkat\n|-damage|p1a: Karkat|25\/100 par\n|\n|t:|1700133449\n|switch|p2a: Iron Valiant|Iron Valiant|100\/100|[from] Volt Switch\n|-enditem|p2a: Iron Valiant|Booster Energy\n|-activate|p2a: Iron Valiant|ability: Quark Drive|[fromitem]\n|-start|p2a: Iron Valiant|quarkdrivespe\n|\n|-fieldend|move: Grassy Terrain\n|upkeep\n|turn|8\n|\n|t:|1700133453\n|move|p2a: Iron Valiant|Moonblast|p1a: Karkat\n|-damage|p1a: Karkat|0 fnt\n|faint|p1a: Karkat\n|\n|-sideend|p1: Diatere|move: Aurora Veil\n|upkeep\n|\n|t:|1700133460\n|switch|p1a: Gamzee|Rillaboom, M|100\/100 par\n|-fieldstart|move: Grassy Terrain|[from] ability: Grassy Surge|[of] p1a: Gamzee\n|turn|9\n|\n|t:|1700133472\n|move|p2a: Iron Valiant|Moonblast|p1a: Gamzee\n|-damage|p1a: Gamzee|36\/100 par\n|-unboost|p1a: Gamzee|spa|1\n|move|p1a: Gamzee|U-turn|p2a: Iron Valiant\n|-resisted|p2a: Iron Valiant\n|-damage|p2a: Iron Valiant|89\/100\n|\n|t:|1700133477\n|switch|p1a: Kanaya|Hatterene, F|100\/100|[from] U-turn\n|-enditem|p1a: Kanaya|Grassy Seed\n|-boost|p1a: Kanaya|def|1|[from] item: Grassy Seed\n|\n|-heal|p2a: Iron Valiant|95\/100|[from] Grassy Terrain\n|upkeep\n|turn|10\n|\n|t:|1700133497\n|-end|p2a: Iron Valiant|Quark Drive|[silent]\n|switch|p2a: Ting-Lu|Ting-Lu|100\/100\n|-ability|p2a: Ting-Lu|Vessel of Ruin\n|move|p1a: Kanaya|Calm Mind|p1a: Kanaya\n|-boost|p1a: Kanaya|spa|1\n|-boost|p1a: Kanaya|spd|1\n|\n|upkeep\n|turn|11\n|\n|t:|1700133514\n|move|p2a: Ting-Lu|Earthquake|p1a: Kanaya\n|-damage|p1a: Kanaya|90\/100\n|move|p1a: Kanaya|Draining Kiss|p2a: Ting-Lu\n|-supereffective|p2a: Ting-Lu\n|-damage|p2a: Ting-Lu|70\/100\n|-heal|p1a: Kanaya|100\/100|[from] drain|[of] p2a: Ting-Lu\n|\n|-heal|p2a: Ting-Lu|76\/100|[from] Grassy Terrain\n|-heal|p2a: Ting-Lu|82\/100|[from] item: Leftovers\n|upkeep\n|turn|12\n|\n|t:|1700133528\n|switch|p2a: Zapdos|Zapdos|19\/100\n|move|p1a: Kanaya|Draining Kiss|p2a: Zapdos\n|-damage|p2a: Zapdos|0 fnt\n|faint|p2a: Zapdos\n|\n|upkeep\n|\n|t:|1700133545\n|switch|p2a: Ogerpon|Ogerpon-Wellspring, F|100\/100\n|turn|13\n|\n|t:|1700133561\n|-terastallize|p2a: Ogerpon|Water\n|detailschange|p2a: Ogerpon|Ogerpon-Wellspring-Tera, F, tera:Water\n|-ability|p2a: Ogerpon|Embody Aspect (Wellspring)|boost\n|-boost|p2a: Ogerpon|spd|1\n|move|p2a: Ogerpon|Ivy Cudgel|p1a: Kanaya|[anim] Ivy Cudgel Water\n|-damage|p1a: Kanaya|53\/100\n|move|p1a: Kanaya|Draining Kiss|p2a: Ogerpon\n|-damage|p2a: Ogerpon|73\/100\n|-heal|p1a: Kanaya|72\/100|[from] drain|[of] p2a: Ogerpon\n|\n|-heal|p2a: Ogerpon|79\/100|[from] Grassy Terrain\n|-heal|p1a: Kanaya|78\/100|[from] Grassy Terrain\n|-fieldend|move: Grassy Terrain\n|upkeep\n|turn|14\n|\n|t:|1700133575\n|move|p2a: Ogerpon|Ivy Cudgel|p1a: Kanaya|[anim] Ivy Cudgel Water\n|-damage|p1a: Kanaya|36\/100\n|move|p1a: Kanaya|Psyshock|p2a: Ogerpon\n|-damage|p2a: Ogerpon|12\/100\n|\n|upkeep\n|turn|15\n|\n|t:|1700133588\n|move|p2a: Ogerpon|Ivy Cudgel|p1a: Kanaya|[anim] Ivy Cudgel Water\n|-damage|p1a: Kanaya|0 fnt\n|faint|p1a: Kanaya\n|\n|upkeep\n|\n|t:|1700133591\n|switch|p1a: Gamzee|Rillaboom, M|36\/100 par\n|-fieldstart|move: Grassy Terrain|[from] ability: Grassy Surge|[of] p1a: Gamzee\n|turn|16\n|\n|t:|1700133607\n|move|p1a: Gamzee|Grassy Glide|p2a: Ogerpon\n|-supereffective|p2a: Ogerpon\n|-damage|p2a: Ogerpon|0 fnt\n|faint|p2a: Ogerpon\n|\n|-heal|p1a: Gamzee|42\/100 par|[from] Grassy Terrain\n|upkeep\n|\n|t:|1700133615\n|switch|p2a: Iron Valiant|Iron Valiant|95\/100\n|turn|17\n|\n|t:|1700133621\n|cant|p1a: Gamzee|par\n|move|p2a: Iron Valiant|Moonblast|p1a: Gamzee\n|-damage|p1a: Gamzee|0 fnt\n|faint|p1a: Gamzee\n|\n|-heal|p2a: Iron Valiant|100\/100|[from] Grassy Terrain\n|upkeep\n|\n|t:|1700133628\n|switch|p1a: Terezi|Manaphy|100\/100\n|turn|18\n|\n|t:|1700133637\n|move|p2a: Iron Valiant|Moonblast|p1a: Terezi\n|-damage|p1a: Terezi|57\/100\n|-unboost|p1a: Terezi|spa|1\n|move|p1a: Terezi|Take Heart|p1a: Terezi\n|-boost|p1a: Terezi|spa|1\n|-boost|p1a: Terezi|spd|1\n|\n|-heal|p1a: Terezi|63\/100|[from] Grassy Terrain\n|-heal|p1a: Terezi|69\/100|[from] item: Leftovers\n|upkeep\n|turn|19\n|\n|t:|1700133648\n|move|p2a: Iron Valiant|Encore|p1a: Terezi\n|-start|p1a: Terezi|Encore\n|move|p1a: Terezi|Take Heart|p1a: Terezi\n|-boost|p1a: Terezi|spa|1\n|-boost|p1a: Terezi|spd|1\n|\n|-heal|p1a: Terezi|75\/100|[from] Grassy Terrain\n|-heal|p1a: Terezi|81\/100|[from] item: Leftovers\n|upkeep\n|turn|20\n|\n|t:|1700133652\n|move|p2a: Iron Valiant|Close Combat|p1a: Terezi\n|-damage|p1a: Terezi|33\/100\n|-unboost|p2a: Iron Valiant|def|1\n|-unboost|p2a: Iron Valiant|spd|1\n|move|p1a: Terezi|Take Heart|p1a: Terezi\n|-boost|p1a: Terezi|spa|1\n|-boost|p1a: Terezi|spd|1\n|\n|-heal|p1a: Terezi|39\/100|[from] Grassy Terrain\n|-heal|p1a: Terezi|45\/100|[from] item: Leftovers\n|-fieldend|move: Grassy Terrain\n|upkeep\n|turn|21\n|\n|t:|1700133658\n|move|p2a: Iron Valiant|Close Combat|p1a: Terezi\n|-damage|p1a: Terezi|1\/100\n|-unboost|p2a: Iron Valiant|def|1\n|-unboost|p2a: Iron Valiant|spd|1\n|move|p1a: Terezi|Take Heart|p1a: Terezi\n|-boost|p1a: Terezi|spa|1\n|-boost|p1a: Terezi|spd|1\n|\n|-heal|p1a: Terezi|7\/100|[from] item: Leftovers\n|-end|p1a: Terezi|Encore\n|upkeep\n|turn|22\n|\n|t:|1700133665\n|switch|p1a: Vriska|Ogerpon-Cornerstone, F|100\/100\n|move|p2a: Iron Valiant|Encore||[still]\n|-fail|p2a: Iron Valiant\n|\n|upkeep\n|turn|23\n|\n|t:|1700133683\n|move|p2a: Iron Valiant|Close Combat|p1a: Vriska\n|-supereffective|p1a: Vriska\n|-ability|p1a: Vriska|Sturdy\n|-damage|p1a: Vriska|1\/100\n|-unboost|p2a: Iron Valiant|def|1\n|-unboost|p2a: Iron Valiant|spd|1\n|move|p1a: Vriska|Power Whip|p2a: Iron Valiant|[miss]\n|-miss|p1a: Vriska|p2a: Iron Valiant\n|\n|upkeep\n|turn|24\n|c|\u2606Diatere|oooooof\n|\n|t:|1700133696\n|move|p2a: Iron Valiant|Moonblast|p1a: Vriska\n|-crit|p1a: Vriska\n|-damage|p1a: Vriska|0 fnt\n|faint|p1a: Vriska\n|\n|upkeep\n|c|\u2606Diatere|gg\n|\n|t:|1700133702\n|switch|p1a: Terezi|Manaphy|7\/100\n|turn|25\n|\n|t:|1700133705\n|move|p2a: Iron Valiant|Moonblast|p1a: Terezi\n|-damage|p1a: Terezi|0 fnt\n|faint|p1a: Terezi\n|\n|win|Surfall\n|raw|Diatere's rating: 1383 &rarr; <strong>1364<\/strong><br \/>(-19 for losing)\n|raw|Surfall's rating: 1404 &rarr; <strong>1423<\/strong><br \/>(+19 for winning)\n","uploadtime":1700133710,"views":11,"p1id":"diatere","p2id":"surfall","formatid":"gen9ou","rating":1364,"private":0,"password":""}