{"id":"gen9ou-1998098480","p1":"Dewott<3","p2":"Jeremy55763","format":"[Gen 9] OU","log":"|j|\u2606Dewott<3\n|j|\u2606Jeremy55763\n|t:|1700891012\n|gametype|singles\n|player|p1|Dewott<3|caitlin|1082\n|player|p2|Jeremy55763|266|1048\n|teamsize|p1|6\n|teamsize|p2|6\n|gen|9\n|tier|[Gen 9] OU\n|rated|\n|rule|Sleep Clause Mod: Limit one foe put to sleep\n|rule|Species Clause: Limit one of each Pok\u00e9mon\n|rule|OHKO Clause: OHKO moves are banned\n|rule|Evasion Items Clause: Evasion items are banned\n|rule|Evasion Moves Clause: Evasion moves are banned\n|rule|Endless Battle Clause: Forcing endless battles is banned\n|rule|HP Percentage Mod: HP is shown in percentages\n|clearpoke\n|poke|p1|Ceruledge, F|\n|poke|p1|Samurott-Hisui, F|\n|poke|p1|Ogerpon-Cornerstone, F|\n|poke|p1|Enamorus, F|\n|poke|p1|Kingambit, F|\n|poke|p1|Iron Valiant|\n|poke|p2|Grimmsnarl, M|\n|poke|p2|Pawmot, F|\n|poke|p2|Kingambit, M|\n|poke|p2|Weezing-Galar, F|\n|poke|p2|Ogerpon-Wellspring, F|\n|poke|p2|Gholdengo|\n|teampreview\n|\n|t:|1700891048\n|start\n|switch|p1a: Samurott|Samurott-Hisui, F|100\/100\n|switch|p2a: Grimmsnarl|Grimmsnarl, M|100\/100\n|turn|1\n|\n|t:|1700891084\n|switch|p1a: Ogerpon|Ogerpon-Cornerstone, F|100\/100\n|move|p2a: Grimmsnarl|Reflect|p2a: Grimmsnarl\n|-sidestart|p2: Jeremy55763|Reflect\n|\n|upkeep\n|turn|2\n|\n|t:|1700891106\n|move|p1a: Ogerpon|Swords Dance|p1a: Ogerpon\n|-boost|p1a: Ogerpon|atk|2\n|move|p2a: Grimmsnarl|Spirit Break|p1a: Ogerpon\n|-damage|p1a: Ogerpon|61\/100\n|-unboost|p1a: Ogerpon|spa|1\n|\n|upkeep\n|turn|3\n|\n|t:|1700891120\n|move|p1a: Ogerpon|Swords Dance|p1a: Ogerpon\n|-boost|p1a: Ogerpon|atk|2\n|move|p2a: Grimmsnarl|Spirit Break|p1a: Ogerpon\n|-damage|p1a: Ogerpon|21\/100\n|-unboost|p1a: Ogerpon|spa|1\n|\n|upkeep\n|turn|4\n|\n|t:|1700891129\n|move|p1a: Ogerpon|Ivy Cudgel|p2a: Grimmsnarl|[anim] Ivy Cudgel Rock\n|-damage|p2a: Grimmsnarl|13\/100\n|move|p2a: Grimmsnarl|Spirit Break|p1a: Ogerpon\n|-damage|p1a: Ogerpon|0 fnt\n|faint|p1a: Ogerpon\n|\n|upkeep\n|\n|t:|1700891157\n|switch|p1a: Samurott|Samurott-Hisui, F|100\/100\n|turn|5\n|\n|t:|1700891169\n|move|p2a: Grimmsnarl|Taunt|p1a: Samurott\n|-hint|Since gen 7, Dark is immune to Prankster moves.\n|-immune|p1a: Samurott\n|move|p1a: Samurott|Ceaseless Edge|p2a: Grimmsnarl\n|-resisted|p2a: Grimmsnarl\n|-damage|p2a: Grimmsnarl|7\/100\n|-sidestart|p2: Jeremy55763|Spikes\n|\n|upkeep\n|turn|6\n|\n|t:|1700891186\n|move|p1a: Samurott|Ceaseless Edge|p2a: Grimmsnarl\n|-resisted|p2a: Grimmsnarl\n|-damage|p2a: Grimmsnarl|2\/100\n|-sidestart|p2: Jeremy55763|Spikes\n|move|p2a: Grimmsnarl|Spirit Break|p1a: Samurott\n|-supereffective|p1a: Samurott\n|-damage|p1a: Samurott|24\/100\n|-unboost|p1a: Samurott|spa|1\n|\n|upkeep\n|turn|7\n|\n|t:|1700891197\n|switch|p2a: Weezing|Weezing-Galar, F|100\/100\n|-ability|p2a: Weezing|Neutralizing Gas\n|-damage|p2a: Weezing|84\/100|[from] Spikes\n|move|p1a: Samurott|Ceaseless Edge|p2a: Weezing|[miss]\n|-miss|p1a: Samurott|p2a: Weezing\n|\n|-heal|p2a: Weezing|90\/100|[from] item: Black Sludge\n|upkeep\n|turn|8\n|\n|t:|1700891234\n|move|p1a: Samurott|Ceaseless Edge|p2a: Weezing\n|-resisted|p2a: Weezing\n|-damage|p2a: Weezing|82\/100\n|-sidestart|p2: Jeremy55763|Spikes\n|move|p2a: Weezing|Strange Steam|p1a: Samurott\n|-supereffective|p1a: Samurott\n|-damage|p1a: Samurott|0 fnt\n|faint|p1a: Samurott\n|\n|-heal|p2a: Weezing|88\/100|[from] item: Black Sludge\n|-sideend|p2: Jeremy55763|Reflect\n|upkeep\n|\n|t:|1700891250\n|switch|p1a: Enamorus|Enamorus, F|100\/100\n|turn|9\n|\n|t:|1700891263\n|move|p1a: Enamorus|Psychic|p2a: Weezing\n|-supereffective|p2a: Weezing\n|-damage|p2a: Weezing|24\/100\n|move|p2a: Weezing|Will-O-Wisp|p1a: Enamorus\n|-status|p1a: Enamorus|brn\n|\n|-heal|p2a: Weezing|31\/100|[from] item: Black Sludge\n|-damage|p1a: Enamorus|94\/100 brn|[from] brn\n|upkeep\n|turn|10\n|\n|t:|1700891299\n|-end|p2a: Weezing|ability: Neutralizing Gas\n|switch|p2a: Ogerpon|Ogerpon-Wellspring, F|100\/100\n|-damage|p2a: Ogerpon|76\/100|[from] Spikes\n|move|p1a: Enamorus|Psychic|p2a: Ogerpon\n|-damage|p2a: Ogerpon|41\/100\n|\n|-heal|p1a: Enamorus|100\/100 brn|[from] item: Leftovers\n|-damage|p1a: Enamorus|94\/100 brn|[from] brn\n|upkeep\n|turn|11\n|\n|t:|1700891313\n|-terastallize|p2a: Ogerpon|Water\n|detailschange|p2a: Ogerpon|Ogerpon-Wellspring-Tera, F, tera:Water\n|-ability|p2a: Ogerpon|Embody Aspect (Wellspring)|boost\n|-boost|p2a: Ogerpon|spd|1\n|move|p2a: Ogerpon|Ivy Cudgel|p1a: Enamorus|[anim] Ivy Cudgel Water\n|-damage|p1a: Enamorus|0 fnt\n|faint|p1a: Enamorus\n|\n|upkeep\n|\n|t:|1700891322\n|switch|p1a: Ceruledge|Ceruledge, F|100\/100\n|turn|12\n|\n|t:|1700891343\n|move|p2a: Ogerpon|Ivy Cudgel|p1a: Ceruledge|[anim] Ivy Cudgel Water\n|-supereffective|p1a: Ceruledge\n|-enditem|p1a: Ceruledge|Focus Sash\n|-damage|p1a: Ceruledge|1\/100\n|-ability|p1a: Ceruledge|Weak Armor|boost\n|-unboost|p1a: Ceruledge|def|1\n|-boost|p1a: Ceruledge|spe|2\n|move|p1a: Ceruledge|Swords Dance|p1a: Ceruledge\n|-boost|p1a: Ceruledge|atk|2\n|\n|upkeep\n|turn|13\n|\n|t:|1700891365\n|move|p1a: Ceruledge|Close Combat|p2a: Ogerpon\n|-damage|p2a: Ogerpon|0 fnt\n|-unboost|p1a: Ceruledge|def|1\n|-unboost|p1a: Ceruledge|spd|1\n|faint|p2a: Ogerpon\n|\n|upkeep\n|\n|t:|1700891370\n|switch|p2a: Kingambit|Kingambit, M, shiny|100\/100\n|-damage|p2a: Kingambit|75\/100|[from] Spikes\n|-activate|p2a: Kingambit|ability: Supreme Overlord\n|-start|p2a: Kingambit|fallen1|[silent]\n|turn|14\n|\n|t:|1700891381\n|move|p2a: Kingambit|Sucker Punch||[still]\n|-fail|p2a: Kingambit\n|move|p1a: Ceruledge|Swords Dance|p1a: Ceruledge\n|-boost|p1a: Ceruledge|atk|2\n|-enditem|p2a: Kingambit|Mirror Herb\n|-boost|p2a: Kingambit|atk|2|[from] item: Mirror Herb\n|\n|upkeep\n|turn|15\n|\n|t:|1700891389\n|move|p2a: Kingambit|Sucker Punch||[still]\n|-fail|p2a: Kingambit\n|move|p1a: Ceruledge|Swords Dance|p1a: Ceruledge\n|-boost|p1a: Ceruledge|atk|2\n|\n|upkeep\n|turn|16\n|\n|t:|1700891395\n|move|p2a: Kingambit|Sucker Punch||[still]\n|-fail|p2a: Kingambit\n|move|p1a: Ceruledge|Swords Dance|p1a: Ceruledge\n|-boost|p1a: Ceruledge|atk|0\n|\n|upkeep\n|turn|17\n|\n|t:|1700891406\n|move|p2a: Kingambit|Sucker Punch|p1a: Ceruledge\n|-supereffective|p1a: Ceruledge\n|-damage|p1a: Ceruledge|0 fnt\n|faint|p1a: Ceruledge\n|\n|upkeep\n|\n|t:|1700891424\n|switch|p1a: Iron Valiant|Iron Valiant|100\/100\n|-enditem|p1a: Iron Valiant|Booster Energy\n|-activate|p1a: Iron Valiant|ability: Quark Drive|[fromitem]\n|-start|p1a: Iron Valiant|quarkdrivespe\n|turn|18\n|\n|t:|1700891442\n|move|p2a: Kingambit|Sucker Punch|p1a: Iron Valiant\n|-resisted|p1a: Iron Valiant\n|-damage|p1a: Iron Valiant|73\/100\n|move|p1a: Iron Valiant|Aura Sphere|p2a: Kingambit\n|-supereffective|p2a: Kingambit\n|-damage|p2a: Kingambit|0 fnt\n|faint|p2a: Kingambit\n|-end|p2a: Kingambit|fallen1|[silent]\n|\n|upkeep\n|\n|t:|1700891447\n|switch|p2a: Gholdengo|Gholdengo|100\/100\n|-damage|p2a: Gholdengo|76\/100|[from] Spikes\n|turn|19\n|\n|t:|1700891457\n|move|p1a: Iron Valiant|Shadow Ball|p2a: Gholdengo\n|-supereffective|p2a: Gholdengo\n|-damage|p2a: Gholdengo|10\/100\n|move|p2a: Gholdengo|Make It Rain|p1a: Iron Valiant\n|-supereffective|p1a: Iron Valiant\n|-damage|p1a: Iron Valiant|0 fnt\n|-unboost|p2a: Gholdengo|spa|1\n|faint|p1a: Iron Valiant\n|-end|p1a: Iron Valiant|Quark Drive|[silent]\n|\n|upkeep\n|\n|t:|1700891467\n|switch|p1a: Kingambit|Kingambit, F, shiny|100\/100\n|-activate|p1a: Kingambit|ability: Supreme Overlord\n|-start|p1a: Kingambit|fallen5|[silent]\n|turn|20\n|\n|t:|1700891478\n|move|p1a: Kingambit|Sucker Punch|p2a: Gholdengo\n|-supereffective|p2a: Gholdengo\n|-damage|p2a: Gholdengo|0 fnt\n|faint|p2a: Gholdengo\n|\n|upkeep\n|\n|t:|1700891484\n|switch|p2a: Pawmot|Pawmot, F, shiny|100\/100\n|-damage|p2a: Pawmot|76\/100|[from] Spikes\n|turn|21\n|\n|t:|1700891495\n|-terastallize|p1a: Kingambit|Ghost\n|move|p2a: Pawmot|Revival Blessing|p2a: Pawmot\n|-enditem|p2a: Pawmot|Leppa Berry|[eat]\n|-activate|p2a: Pawmot|item: Leppa Berry|Revival Blessing|[consumed]\n|\n|t:|1700891505\n|-heal|p2: Gholdengo|50\/100|[from] move: Revival Blessing\n|move|p1a: Kingambit|Kowtow Cleave|p2a: Pawmot\n|-resisted|p2a: Pawmot\n|-damage|p2a: Pawmot|25\/100\n|\n|upkeep\n|turn|22\n|\n|t:|1700891512\n|move|p1a: Kingambit|Sucker Punch||[still]\n|-fail|p1a: Kingambit\n|move|p2a: Pawmot|Rest|p2a: Pawmot\n|-status|p2a: Pawmot|slp|[from] move: Rest\n|-heal|p2a: Pawmot|100\/100 slp|[silent]\n|\n|upkeep\n|turn|23\n|\n|t:|1700891539\n|cant|p2a: Pawmot|slp\n|move|p2a: Pawmot|Sleep Talk|p2a: Pawmot\n|move|p2a: Pawmot|Revival Blessing|p2a: Pawmot|[from]move: Sleep Talk\n|\n|t:|1700891559\n|-heal|p2: Ogerpon|50\/100|[from] move: Revival Blessing\n|move|p1a: Kingambit|Shadow Claw|p2a: Pawmot\n|-crit|p2a: Pawmot\n|-damage|p2a: Pawmot|0 fnt\n|faint|p2a: Pawmot\n|\n|upkeep\n|\n|t:|1700891570\n|switch|p2a: Gholdengo|Gholdengo|50\/100\n|-damage|p2a: Gholdengo|26\/100|[from] Spikes\n|turn|24\n|\n|t:|1700891582\n|move|p1a: Kingambit|Sucker Punch|p2a: Gholdengo\n|-supereffective|p2a: Gholdengo\n|-damage|p2a: Gholdengo|0 fnt\n|faint|p2a: Gholdengo\n|\n|upkeep\n|\n|t:|1700891589\n|switch|p2a: Ogerpon|Ogerpon-Wellspring-Tera, F|50\/100\n|-damage|p2a: Ogerpon|25\/100|[from] Spikes\n|-ability|p2a: Ogerpon|Embody Aspect (Wellspring)|boost\n|-boost|p2a: Ogerpon|spd|1\n|turn|25\n|\n|t:|1700891596\n|move|p1a: Kingambit|Sucker Punch||[still]\n|-fail|p1a: Kingambit\n|move|p2a: Ogerpon|Swords Dance|p2a: Ogerpon\n|-boost|p2a: Ogerpon|atk|2\n|\n|upkeep\n|turn|26\n|\n|t:|1700891607\n|move|p2a: Ogerpon|Swords Dance|p2a: Ogerpon\n|-boost|p2a: Ogerpon|atk|2\n|move|p1a: Kingambit|Kowtow Cleave|p2a: Ogerpon\n|-damage|p2a: Ogerpon|0 fnt\n|faint|p2a: Ogerpon\n|\n|upkeep\n|\n|t:|1700891637\n|switch|p2a: Weezing|Weezing-Galar, F|31\/100\n|-ability|p2a: Weezing|Neutralizing Gas\n|-damage|p2a: Weezing|6\/100|[from] Spikes\n|turn|27\n|\n|t:|1700891679\n|move|p1a: Kingambit|Sucker Punch||[still]\n|-fail|p1a: Kingambit\n|move|p2a: Weezing|Pain Split|p1a: Kingambit\n|-sethp|p1a: Kingambit|52\/100|[from] move: Pain Split|[silent]\n|-sethp|p2a: Weezing|68\/100|[from] move: Pain Split\n|\n|-heal|p2a: Weezing|74\/100|[from] item: Black Sludge\n|-heal|p1a: Kingambit|59\/100|[from] item: Leftovers\n|upkeep\n|turn|28\n|\n|t:|1700891694\n|move|p2a: Weezing|Will-O-Wisp|p1a: Kingambit\n|-status|p1a: Kingambit|brn\n|move|p1a: Kingambit|Iron Head|p2a: Weezing\n|-supereffective|p2a: Weezing\n|-damage|p2a: Weezing|26\/100\n|\n|-heal|p2a: Weezing|32\/100|[from] item: Black Sludge\n|-heal|p1a: Kingambit|65\/100 brn|[from] item: Leftovers\n|-damage|p1a: Kingambit|59\/100 brn|[from] brn\n|upkeep\n|turn|29\n|\n|t:|1700891706\n|move|p2a: Weezing|Pain Split|p1a: Kingambit\n|-sethp|p1a: Kingambit|42\/100 brn|[from] move: Pain Split|[silent]\n|-sethp|p2a: Weezing|54\/100|[from] move: Pain Split\n|move|p1a: Kingambit|Iron Head|p2a: Weezing\n|-supereffective|p2a: Weezing\n|-damage|p2a: Weezing|7\/100\n|\n|-heal|p2a: Weezing|13\/100|[from] item: Black Sludge\n|-heal|p1a: Kingambit|48\/100 brn|[from] item: Leftovers\n|-damage|p1a: Kingambit|42\/100 brn|[from] brn\n|upkeep\n|turn|30\n|\n|t:|1700891718\n|move|p2a: Weezing|Pain Split|p1a: Kingambit\n|-sethp|p1a: Kingambit|26\/100 brn|[from] move: Pain Split|[silent]\n|-sethp|p2a: Weezing|33\/100|[from] move: Pain Split\n|move|p1a: Kingambit|Iron Head|p2a: Weezing\n|-supereffective|p2a: Weezing\n|-damage|p2a: Weezing|0 fnt\n|faint|p2a: Weezing\n|-end|p2a: Weezing|ability: Neutralizing Gas\n|-activate|p1a: Kingambit|ability: Supreme Overlord\n|-start|p1a: Kingambit|fallen5|[silent]\n|\n|-heal|p1a: Kingambit|32\/100 brn|[from] item: Leftovers\n|-damage|p1a: Kingambit|26\/100 brn|[from] brn\n|upkeep\n|\n|t:|1700891733\n|switch|p2a: Grimmsnarl|Grimmsnarl, M|2\/100\n|-damage|p2a: Grimmsnarl|0 fnt|[from] Spikes\n|faint|p2a: Grimmsnarl\n|\n|win|Dewott<3\n|raw|Dewott&lt;3's rating: 1082 &rarr; <strong>1107<\/strong><br \/>(+25 for winning)\n|raw|Jeremy55763's rating: 1048 &rarr; <strong>1032<\/strong><br \/>(-16 for losing)\n|l|\u2606Jeremy55763\n","uploadtime":1700891740,"views":3,"p1id":"dewott3","p2id":"jeremy55763","formatid":"gen9ou","rating":1032,"private":0,"password":""}