{"id":"gen9ou-1994993042","p1":"Phase512","p2":"SrRayko_1","format":"[Gen 9] OU","log":"|j|\u2606Phase512\n|j|\u2606SrRayko_1\n|t:|1700511370\n|gametype|singles\n|player|p1|Phase512|lady|1396\n|player|p2|SrRayko_1|ethan|1314\n|teamsize|p1|6\n|teamsize|p2|6\n|gen|9\n|tier|[Gen 9] OU\n|rated|\n|rule|Sleep Clause Mod: Limit one foe put to sleep\n|rule|Species Clause: Limit one of each Pok\u00e9mon\n|rule|OHKO Clause: OHKO moves are banned\n|rule|Evasion Items Clause: Evasion items are banned\n|rule|Evasion Moves Clause: Evasion moves are banned\n|rule|Endless Battle Clause: Forcing endless battles is banned\n|rule|HP Percentage Mod: HP is shown in percentages\n|clearpoke\n|poke|p1|Kingambit, F|\n|poke|p1|Great Tusk|\n|poke|p1|Dragapult, M|\n|poke|p1|Ogerpon-Wellspring, F|\n|poke|p1|Blissey, F|\n|poke|p1|Zapdos|\n|poke|p2|Glimmora, F|\n|poke|p2|Gastrodon-East, M|\n|poke|p2|Ogerpon-Cornerstone, F|\n|poke|p2|Gholdengo|\n|poke|p2|Corviknight, M|\n|poke|p2|Tyranitar, M|\n|teampreview\n|\n|t:|1700511384\n|start\n|switch|p1a: Great Tusk|Great Tusk|100\/100\n|switch|p2a: Desfl\u00f3rame|Glimmora, F|100\/100\n|turn|1\n|inactive|Battle timer is ON: inactive players will automatically lose when time's up. (requested by Phase512)\n|\n|t:|1700511393\n|switch|p2a: Corvo\u03a9|Corviknight, M, shiny|100\/100\n|-ability|p2a: Corvo\u03a9|Pressure\n|move|p1a: Great Tusk|Earthquake|p2a: Corvo\u03a9\n|-immune|p2a: Corvo\u03a9\n|\n|upkeep\n|turn|2\n|\n|t:|1700511406\n|-end|p1a: Great Tusk|Protosynthesis|[silent]\n|switch|p1a: Zapdos|Zapdos|100\/100\n|move|p2a: Corvo\u03a9|Body Press|p1a: Zapdos\n|-resisted|p1a: Zapdos\n|-damage|p1a: Zapdos|90\/100\n|-status|p2a: Corvo\u03a9|par|[from] ability: Static|[of] p1a: Zapdos\n|\n|upkeep\n|turn|3\n|\n|t:|1700511424\n|switch|p2a: TioTyttar|Tyranitar, M|100\/100\n|-weather|Sandstorm|[from] ability: Sand Stream|[of] p2a: TioTyttar\n|move|p1a: Zapdos|Volt Switch|p2a: TioTyttar\n|-damage|p2a: TioTyttar|80\/100\n|\n|t:|1700511435\n|switch|p1a: Ogerpon|Ogerpon-Wellspring, F|100\/100|[from] Volt Switch\n|\n|-weather|Sandstorm|[upkeep]\n|-damage|p1a: Ogerpon|95\/100|[from] Sandstorm\n|upkeep\n|turn|4\n|\n|t:|1700511451\n|switch|p2a: Michael|Gastrodon-East, M|100\/100\n|move|p1a: Ogerpon|Ivy Cudgel|p2a: Michael|[anim] Ivy Cudgel Water\n|-ability|p2a: Michael|Storm Drain|boost\n|-boost|p2a: Michael|spa|1\n|\n|-weather|Sandstorm|[upkeep]\n|-damage|p1a: Ogerpon|89\/100|[from] Sandstorm\n|upkeep\n|turn|5\n|\n|t:|1700511469\n|-terastallize|p2a: Michael|Fire\n|move|p1a: Ogerpon|Power Whip|p2a: Michael\n|-resisted|p2a: Michael\n|-damage|p2a: Michael|63\/100\n|move|p2a: Michael|Clear Smog|p1a: Ogerpon\n|-supereffective|p1a: Ogerpon\n|-damage|p1a: Ogerpon|48\/100\n|-clearboost|p1a: Ogerpon\n|\n|-weather|Sandstorm|[upkeep]\n|-damage|p1a: Ogerpon|42\/100|[from] Sandstorm\n|-damage|p2a: Michael|57\/100|[from] Sandstorm\n|upkeep\n|turn|6\n|\n|t:|1700511484\n|move|p1a: Ogerpon|U-turn|p2a: Michael\n|-resisted|p2a: Michael\n|-crit|p2a: Michael\n|-damage|p2a: Michael|35\/100\n|\n|t:|1700511490\n|switch|p1a: Blissey|Blissey, F|100\/100|[from] U-turn\n|move|p2a: Michael|Recover|p2a: Michael\n|-heal|p2a: Michael|85\/100\n|\n|-weather|Sandstorm|[upkeep]\n|-damage|p1a: Blissey|94\/100|[from] Sandstorm\n|-damage|p2a: Michael|79\/100|[from] Sandstorm\n|upkeep\n|turn|7\n|\n|t:|1700511497\n|switch|p2a: TioTyttar|Tyranitar, M|80\/100\n|move|p1a: Blissey|Stealth Rock|p2a: TioTyttar\n|-sidestart|p2: SrRayko_1|move: Stealth Rock\n|\n|-weather|none\n|upkeep\n|turn|8\n|\n|t:|1700511503\n|switch|p1a: Great Tusk|Great Tusk|100\/100\n|move|p2a: TioTyttar|Knock Off|p1a: Great Tusk\n|-resisted|p1a: Great Tusk\n|-damage|p1a: Great Tusk|74\/100\n|-enditem|p1a: Great Tusk|Leftovers|[from] move: Knock Off|[of] p2a: TioTyttar\n|\n|upkeep\n|turn|9\n|\n|t:|1700511514\n|switch|p2a: Corvo\u03a9|Corviknight, M, shiny|100\/100 par\n|-damage|p2a: Corvo\u03a9|88\/100 par|[from] Stealth Rock\n|-ability|p2a: Corvo\u03a9|Pressure\n|move|p1a: Great Tusk|Knock Off|p2a: Corvo\u03a9\n|-damage|p2a: Corvo\u03a9|69\/100 par\n|-damage|p1a: Great Tusk|58\/100|[from] item: Rocky Helmet|[of] p2a: Corvo\u03a9\n|-enditem|p2a: Corvo\u03a9|Rocky Helmet|[from] move: Knock Off|[of] p1a: Great Tusk\n|\n|upkeep\n|turn|10\n|\n|t:|1700511524\n|-end|p1a: Great Tusk|Protosynthesis|[silent]\n|switch|p1a: Zapdos|Zapdos|90\/100\n|cant|p2a: Corvo\u03a9|par\n|\n|upkeep\n|turn|11\n|\n|t:|1700511531\n|move|p1a: Zapdos|Volt Switch|p2a: Corvo\u03a9\n|-supereffective|p2a: Corvo\u03a9\n|-damage|p2a: Corvo\u03a9|9\/100 par\n|-message|SrRayko_1 forfeited.\n|\n|win|Phase512\n|raw|Phase512's rating: 1396 &rarr; <strong>1411<\/strong><br \/>(+15 for winning)\n|raw|SrRayko_1's rating: 1314 &rarr; <strong>1299<\/strong><br \/>(-15 for losing)\n|l|\u2606SrRayko_1\n|c|\u2606Phase512|nice tera\n","uploadtime":1700512173,"views":7,"p1id":"phase512","p2id":"srrayko1","formatid":"gen9ou","rating":1299,"private":0,"password":""}