{"id":"gen9ou-2000122617","p1":"Dmise","p2":"TheTrueKingBOB","format":"[Gen 9] OU","log":"|j|\u2606Dmise\n|j|\u2606TheTrueKingBOB\n|t:|1701158894\n|gametype|singles\n|player|p1|Dmise|169|1109\n|player|p2|TheTrueKingBOB|101|1072\n|teamsize|p1|6\n|teamsize|p2|6\n|gen|9\n|tier|[Gen 9] OU\n|rated|\n|rule|Sleep Clause Mod: Limit one foe put to sleep\n|rule|Species Clause: Limit one of each Pok\u00e9mon\n|rule|OHKO Clause: OHKO moves are banned\n|rule|Evasion Items Clause: Evasion items are banned\n|rule|Evasion Moves Clause: Evasion moves are banned\n|rule|Endless Battle Clause: Forcing endless battles is banned\n|rule|HP Percentage Mod: HP is shown in percentages\n|clearpoke\n|poke|p1|Great Tusk|\n|poke|p1|Slowking-Galar, M|\n|poke|p1|Jolteon, F|\n|poke|p1|Rillaboom, M|\n|poke|p1|Alomomola, M|\n|poke|p1|Ninetales-Alola, F|\n|poke|p2|Rotom-Wash|\n|poke|p2|Garchomp, F|\n|poke|p2|Cresselia, F|\n|poke|p2|Iron Moth|\n|poke|p2|Lucario, F|\n|poke|p2|Okidogi, M|\n|teampreview\n|\n|t:|1701158898\n|start\n|switch|p1a: Rillaboom|Rillaboom, M, shiny|100\/100\n|switch|p2a: Rotom|Rotom-Wash, shiny|100\/100\n|-fieldstart|move: Grassy Terrain|[from] ability: Grassy Surge|[of] p1a: Rillaboom\n|turn|1\n|\n|t:|1701158906\n|move|p1a: Rillaboom|Grassy Glide|p2a: Rotom\n|-supereffective|p2a: Rotom\n|-damage|p2a: Rotom|0 fnt\n|faint|p2a: Rotom\n|-damage|p1a: Rillaboom|91\/100|[from] item: Life Orb\n|\n|-heal|p1a: Rillaboom|97\/100|[from] Grassy Terrain\n|upkeep\n|\n|t:|1701158930\n|switch|p2a: Iron Moth|Iron Moth, shiny|100\/100\n|turn|2\n|\n|t:|1701158937\n|move|p1a: Rillaboom|Grassy Glide|p2a: Iron Moth\n|-resisted|p2a: Iron Moth\n|-damage|p2a: Iron Moth|81\/100\n|-damage|p1a: Rillaboom|87\/100|[from] item: Life Orb\n|move|p2a: Iron Moth|Flamethrower|p1a: Rillaboom\n|-supereffective|p1a: Rillaboom\n|-damage|p1a: Rillaboom|0 fnt\n|faint|p1a: Rillaboom\n|\n|-heal|p2a: Iron Moth|87\/100|[from] Grassy Terrain\n|-heal|p2a: Iron Moth|94\/100|[from] item: Leftovers\n|upkeep\n|\n|t:|1701158946\n|switch|p1a: Slowking|Slowking-Galar, M|100\/100\n|turn|3\n|\n|t:|1701158958\n|move|p2a: Iron Moth|U-turn|p1a: Slowking\n|-damage|p1a: Slowking|86\/100\n|inactive|Battle timer is ON: inactive players will automatically lose when time's up. (requested by Dmise)\n|\n|t:|1701158985\n|-end|p2a: Iron Moth|Quark Drive|[silent]\n|switch|p2a: Okidogi|Okidogi, M|100\/100|[from] U-turn\n|move|p1a: Slowking|Future Sight|p2a: Okidogi\n|-start|p1a: Slowking|move: Future Sight\n|\n|-heal|p1a: Slowking|92\/100|[from] Grassy Terrain\n|upkeep\n|turn|4\n|\n|t:|1701158995\n|move|p2a: Okidogi|Ice Punch|p1a: Slowking\n|-damage|p1a: Slowking|68\/100\n|move|p1a: Slowking|Chilly Reception|p1a: Slowking\n|-weather|Snow\n|\n|t:|1701159002\n|switch|p1a: Ninetales|Ninetales-Alola, F, shiny|100\/100|[from] Chilly Reception\n|\n|-weather|Snow|[upkeep]\n|upkeep\n|turn|5\n|\n|t:|1701159013\n|move|p1a: Ninetales|Aurora Veil|p1a: Ninetales\n|-sidestart|p1: Dmise|move: Aurora Veil\n|move|p2a: Okidogi|Body Slam|p1a: Ninetales\n|-damage|p1a: Ninetales|88\/100\n|\n|-weather|Snow|[upkeep]\n|-end|p2a: Okidogi|move: Future Sight\n|-supereffective|p2a: Okidogi\n|-damage|p2a: Okidogi|0 fnt\n|faint|p2a: Okidogi\n|-heal|p1a: Ninetales|94\/100|[from] Grassy Terrain\n|-fieldend|move: Grassy Terrain\n|upkeep\n|\n|t:|1701159031\n|switch|p2a: Cresselia|Cresselia, F, shiny|100\/100\n|turn|6\n|\n|t:|1701159037\n|switch|p1a: Alomomola|Alomomola, M|100\/100\n|move|p2a: Cresselia|Moonblast|p1a: Alomomola\n|-damage|p1a: Alomomola|90\/100\n|\n|-weather|Snow|[upkeep]\n|upkeep\n|turn|7\n|\n|t:|1701159045\n|move|p2a: Cresselia|Protect|p2a: Cresselia\n|-singleturn|p2a: Cresselia|Protect\n|move|p1a: Alomomola|Flip Turn|p2a: Cresselia\n|-activate|p2a: Cresselia|move: Protect\n|\n|-weather|Snow|[upkeep]\n|upkeep\n|turn|8\n|\n|t:|1701159054\n|move|p2a: Cresselia|Moonblast|p1a: Alomomola\n|-damage|p1a: Alomomola|79\/100\n|move|p1a: Alomomola|Mirror Coat|p2a: Cresselia\n|-damage|p2a: Cresselia|74\/100\n|\n|-weather|none\n|upkeep\n|turn|9\n|\n|t:|1701159063\n|move|p2a: Cresselia|Moonlight|p2a: Cresselia\n|-heal|p2a: Cresselia|100\/100\n|move|p1a: Alomomola|Wish|p1a: Alomomola\n|\n|upkeep\n|turn|10\n|\n|t:|1701159068\n|move|p2a: Cresselia|Moonblast|p1a: Alomomola\n|-damage|p1a: Alomomola|69\/100\n|-unboost|p1a: Alomomola|spa|1\n|move|p1a: Alomomola|Scald|p2a: Cresselia\n|-damage|p2a: Cresselia|94\/100\n|\n|-heal|p1a: Alomomola|100\/100|[from] move: Wish|[wisher] Alomomola\n|upkeep\n|turn|11\n|\n|t:|1701159079\n|move|p2a: Cresselia|Moonblast|p1a: Alomomola\n|-damage|p1a: Alomomola|90\/100\n|move|p1a: Alomomola|Scald|p2a: Cresselia\n|-damage|p2a: Cresselia|88\/100\n|\n|upkeep\n|turn|12\n|\n|t:|1701159085\n|move|p2a: Cresselia|Moonblast|p1a: Alomomola\n|-damage|p1a: Alomomola|80\/100\n|move|p1a: Alomomola|Wish|p1a: Alomomola\n|\n|-sideend|p1: Dmise|move: Aurora Veil\n|upkeep\n|turn|13\n|\n|t:|1701159090\n|move|p2a: Cresselia|Moonblast|p1a: Alomomola\n|-damage|p1a: Alomomola|59\/100\n|move|p1a: Alomomola|Mirror Coat|p2a: Cresselia\n|-damage|p2a: Cresselia|38\/100\n|\n|-heal|p1a: Alomomola|100\/100|[from] move: Wish|[wisher] Alomomola\n|upkeep\n|turn|14\n|\n|t:|1701159097\n|move|p2a: Cresselia|Moonlight|p2a: Cresselia\n|-heal|p2a: Cresselia|88\/100\n|move|p1a: Alomomola|Scald|p2a: Cresselia\n|-damage|p2a: Cresselia|82\/100\n|\n|upkeep\n|turn|15\n|\n|t:|1701159125\n|switch|p2a: Garchomp|Garchomp, F, shiny|100\/100\n|move|p1a: Alomomola|Scald|p2a: Garchomp\n|-damage|p2a: Garchomp|91\/100\n|\n|-heal|p2a: Garchomp|97\/100|[from] item: Leftovers\n|upkeep\n|turn|16\n|\n|t:|1701159140\n|move|p2a: Garchomp|Draco Meteor|p1a: Alomomola|[miss]\n|-miss|p2a: Garchomp|p1a: Alomomola\n|move|p1a: Alomomola|Scald|p2a: Garchomp\n|-damage|p2a: Garchomp|88\/100\n|\n|-heal|p2a: Garchomp|94\/100|[from] item: Leftovers\n|upkeep\n|turn|17\n|\n|t:|1701159147\n|move|p2a: Garchomp|Draco Meteor|p1a: Alomomola\n|-damage|p1a: Alomomola|53\/100\n|-unboost|p2a: Garchomp|spa|2\n|move|p1a: Alomomola|Mirror Coat|p2a: Garchomp\n|-damage|p2a: Garchomp|0 fnt\n|faint|p2a: Garchomp\n|\n|upkeep\n|\n|t:|1701159158\n|switch|p2a: Lucario|Lucario, F, shiny|100\/100\n|turn|18\n|\n|t:|1701159172\n|move|p2a: Lucario|Meteor Mash|p1a: Alomomola\n|-resisted|p1a: Alomomola\n|-damage|p1a: Alomomola|44\/100\n|move|p1a: Alomomola|Wish|p1a: Alomomola\n|\n|upkeep\n|turn|19\n|\n|t:|1701159180\n|switch|p1a: Great Tusk|Great Tusk|100\/100\n|move|p2a: Lucario|Dragon Pulse|p1a: Great Tusk\n|-crit|p1a: Great Tusk\n|-damage|p1a: Great Tusk|42\/100\n|\n|-heal|p1a: Great Tusk|100\/100|[from] move: Wish|[wisher] Alomomola\n|upkeep\n|turn|20\n|\n|t:|1701159196\n|switch|p2a: Cresselia|Cresselia, F, shiny|82\/100\n|move|p1a: Great Tusk|Stealth Rock|p2a: Cresselia\n|-sidestart|p2: TheTrueKingBOB|move: Stealth Rock\n|\n|upkeep\n|turn|21\n|\n|t:|1701159207\n|-end|p1a: Great Tusk|Protosynthesis|[silent]\n|switch|p1a: Alomomola|Alomomola, M|77\/100\n|move|p2a: Cresselia|Moonblast|p1a: Alomomola\n|-damage|p1a: Alomomola|56\/100\n|\n|upkeep\n|turn|22\n|\n|t:|1701159215\n|switch|p2a: Lucario|Lucario, F, shiny|100\/100\n|move|p1a: Alomomola|Wish|p1a: Alomomola\n|\n|upkeep\n|turn|23\n|\n|t:|1701159222\n|move|p2a: Lucario|Meteor Mash|p1a: Alomomola\n|-resisted|p1a: Alomomola\n|-damage|p1a: Alomomola|46\/100\n|move|p1a: Alomomola|Scald|p2a: Lucario\n|-damage|p2a: Lucario|82\/100\n|\n|-heal|p1a: Alomomola|96\/100|[from] move: Wish|[wisher] Alomomola\n|upkeep\n|turn|24\n|\n|t:|1701159239\n|move|p2a: Lucario|Life Dew|p2a: Lucario\n|-heal|p2a: Lucario|100\/100\n|move|p1a: Alomomola|Scald|p2a: Lucario\n|-damage|p2a: Lucario|80\/100\n|\n|upkeep\n|turn|25\n|\n|t:|1701159258\n|switch|p2a: Iron Moth|Iron Moth, shiny|94\/100\n|-damage|p2a: Iron Moth|69\/100|[from] Stealth Rock\n|move|p1a: Alomomola|Scald|p2a: Iron Moth\n|-supereffective|p2a: Iron Moth\n|-damage|p2a: Iron Moth|42\/100\n|\n|-heal|p2a: Iron Moth|48\/100|[from] item: Leftovers\n|upkeep\n|turn|26\n|\n|t:|1701159270\n|move|p2a: Iron Moth|U-turn|p1a: Alomomola\n|-damage|p1a: Alomomola|89\/100\n|\n|t:|1701159275\n|-end|p2a: Iron Moth|Quark Drive|[silent]\n|switch|p2a: Lucario|Lucario, F, shiny|80\/100|[from] U-turn\n|move|p1a: Alomomola|Mirror Coat||[still]\n|-fail|p1a: Alomomola\n|\n|upkeep\n|turn|27\n|\n|t:|1701159285\n|move|p2a: Lucario|Life Dew|p2a: Lucario\n|-heal|p2a: Lucario|100\/100\n|move|p1a: Alomomola|Scald|p2a: Lucario\n|-damage|p2a: Lucario|79\/100\n|\n|upkeep\n|turn|28\n|\n|t:|1701159291\n|move|p2a: Lucario|Meteor Mash|p1a: Alomomola\n|-resisted|p1a: Alomomola\n|-damage|p1a: Alomomola|80\/100\n|move|p1a: Alomomola|Scald|p2a: Lucario\n|-damage|p2a: Lucario|59\/100\n|-status|p2a: Lucario|brn\n|\n|-damage|p2a: Lucario|53\/100 brn|[from] brn\n|upkeep\n|turn|29\n|\n|t:|1701159302\n|move|p2a: Lucario|Life Dew|p2a: Lucario\n|-heal|p2a: Lucario|78\/100 brn\n|move|p1a: Alomomola|Scald|p2a: Lucario\n|-damage|p2a: Lucario|59\/100 brn\n|\n|-damage|p2a: Lucario|53\/100 brn|[from] brn\n|upkeep\n|turn|30\n|\n|t:|1701159310\n|switch|p2a: Cresselia|Cresselia, F, shiny|82\/100\n|move|p1a: Alomomola|Flip Turn|p2a: Cresselia\n|-damage|p2a: Cresselia|73\/100\n|\n|t:|1701159317\n|switch|p1a: Ninetales|Ninetales-Alola, F, shiny|94\/100|[from] Flip Turn\n|-weather|Snow|[from] ability: Snow Warning|[of] p1a: Ninetales\n|\n|-weather|Snow|[upkeep]\n|upkeep\n|turn|31\n|\n|t:|1701159342\n|move|p1a: Ninetales|Aurora Veil|p1a: Ninetales\n|-sidestart|p1: Dmise|move: Aurora Veil\n|move|p2a: Cresselia|Moonlight|p2a: Cresselia\n|-heal|p2a: Cresselia|98\/100\n|\n|-weather|Snow|[upkeep]\n|upkeep\n|turn|32\n|\n|t:|1701159351\n|switch|p2a: Lucario|Lucario, F, shiny|53\/100 brn\n|move|p1a: Ninetales|Encore||[still]\n|-fail|p1a: Ninetales\n|\n|-weather|Snow|[upkeep]\n|-damage|p2a: Lucario|47\/100 brn|[from] brn\n|upkeep\n|turn|33\n|\n|t:|1701159360\n|move|p1a: Ninetales|Moonblast|p2a: Lucario\n|-damage|p2a: Lucario|7\/100 brn\n|-unboost|p2a: Lucario|spa|1\n|move|p2a: Lucario|Meteor Mash|p1a: Ninetales\n|-supereffective|p1a: Ninetales\n|-damage|p1a: Ninetales|63\/100\n|-boost|p2a: Lucario|atk|1\n|\n|-weather|Snow|[upkeep]\n|-damage|p2a: Lucario|1\/100 brn|[from] brn\n|upkeep\n|turn|34\n|\n|t:|1701159375\n|switch|p1a: Alomomola|Alomomola, M|100\/100\n|switch|p2a: Iron Moth|Iron Moth, shiny|48\/100\n|-damage|p2a: Iron Moth|23\/100|[from] Stealth Rock\n|\n|-weather|none\n|-heal|p2a: Iron Moth|30\/100|[from] item: Leftovers\n|upkeep\n|turn|35\n|\n|t:|1701159387\n|move|p2a: Iron Moth|Sludge Wave|p1a: Alomomola\n|-damage|p1a: Alomomola|70\/100\n|move|p1a: Alomomola|Scald|p2a: Iron Moth\n|-supereffective|p2a: Iron Moth\n|-damage|p2a: Iron Moth|3\/100\n|\n|-heal|p2a: Iron Moth|9\/100|[from] item: Leftovers\n|upkeep\n|turn|36\n|\n|t:|1701159399\n|move|p2a: Iron Moth|Sludge Wave|p1a: Alomomola\n|-damage|p1a: Alomomola|40\/100\n|move|p1a: Alomomola|Flip Turn|p2a: Iron Moth\n|-supereffective|p2a: Iron Moth\n|-damage|p2a: Iron Moth|0 fnt\n|faint|p2a: Iron Moth\n|-end|p2a: Iron Moth|Quark Drive|[silent]\n|\n|t:|1701159406\n|switch|p1a: Ninetales|Ninetales-Alola, F, shiny|63\/100|[from] Flip Turn\n|-weather|Snow|[from] ability: Snow Warning|[of] p1a: Ninetales\n|\n|-weather|Snow|[upkeep]\n|upkeep\n|\n|t:|1701159413\n|switch|p2a: Cresselia|Cresselia, F, shiny|98\/100\n|turn|37\n|\n|t:|1701159424\n|switch|p1a: Alomomola|Alomomola, M|74\/100\n|move|p2a: Cresselia|Protect||[still]\n|-fail|p2a: Cresselia\n|\n|-weather|Snow|[upkeep]\n|upkeep\n|turn|38\n|\n|t:|1701159430\n|move|p2a: Cresselia|Moonblast|p1a: Alomomola\n|-damage|p1a: Alomomola|63\/100\n|move|p1a: Alomomola|Wish|p1a: Alomomola\n|\n|-weather|Snow|[upkeep]\n|-sideend|p1: Dmise|move: Aurora Veil\n|upkeep\n|turn|39\n|-message|TheTrueKingBOB forfeited.\n|\n|win|Dmise\n|raw|Dmise's rating: 1109 &rarr; <strong>1131<\/strong><br \/>(+22 for winning)\n|raw|TheTrueKingBOB's rating: 1072 &rarr; <strong>1053<\/strong><br \/>(-19 for losing)\n|l|\u2606TheTrueKingBOB\n","uploadtime":1701159451,"views":6,"p1id":"dmise","p2id":"thetruekingbob","formatid":"gen9ou","rating":1053,"private":0,"password":""}