{"id":"gen9ou-1997823404","p1":"Arnaenaed \u223e","p2":"Mr.Shadowdusk","format":"[Gen 9] OU","log":"|j|\u2606Arnaenaed \u223e\n|j|\u2606Mr.Shadowdusk\n|t:|1700856567\n|gametype|singles\n|player|p1|Arnaenaed \u223e|clay|\n|player|p2|Mr.Shadowdusk|ghetsis|\n|teamsize|p1|6\n|teamsize|p2|6\n|gen|9\n|tier|[Gen 9] OU\n|rule|Sleep Clause Mod: Limit one foe put to sleep\n|rule|Species Clause: Limit one of each Pok\u00e9mon\n|rule|OHKO Clause: OHKO moves are banned\n|rule|Evasion Items Clause: Evasion items are banned\n|rule|Evasion Moves Clause: Evasion moves are banned\n|rule|Endless Battle Clause: Forcing endless battles is banned\n|rule|HP Percentage Mod: HP is shown in percentages\n|clearpoke\n|poke|p1|Samurott-Hisui, M|\n|poke|p1|Gholdengo|\n|poke|p1|Ceruledge, M|\n|poke|p1|Rillaboom, F|\n|poke|p1|Zamazenta-*|\n|poke|p1|Great Tusk|\n|poke|p2|Hatterene, F|\n|poke|p2|Revavroom, M|\n|poke|p2|Thundurus-Therian, M|\n|poke|p2|Dondozo, M|\n|poke|p2|Goodra, M|\n|poke|p2|Cinderace, M|\n|teampreview\n|\n|t:|1700856588\n|start\n|switch|p1a: Great Tusk|Great Tusk|100\/100\n|switch|p2a: Hatterene|Hatterene, F, shiny|100\/100\n|-enditem|p1a: Great Tusk|Booster Energy\n|-activate|p1a: Great Tusk|ability: Protosynthesis|[fromitem]\n|-start|p1a: Great Tusk|protosynthesisspe\n|turn|1\n|\n|t:|1700856601\n|-end|p1a: Great Tusk|Protosynthesis|[silent]\n|switch|p1a: Gholdengo|Gholdengo|100\/100\n|move|p2a: Hatterene|Mystical Fire|p1a: Gholdengo\n|-supereffective|p1a: Gholdengo\n|-damage|p1a: Gholdengo|49\/100\n|-unboost|p1a: Gholdengo|spa|1\n|\n|upkeep\n|turn|2\n|\n|t:|1700856609\n|switch|p2a: Goodra|Goodra, M, shiny|100\/100\n|move|p1a: Gholdengo|Make It Rain|p2a: Goodra\n|-damage|p2a: Goodra|86\/100\n|-unboost|p1a: Gholdengo|spa|1\n|\n|upkeep\n|turn|3\n|\n|t:|1700856624\n|switch|p1a: Samurott|Samurott-Hisui, M|100\/100\n|move|p2a: Goodra|Dragon Pulse|p1a: Samurott\n|-damage|p1a: Samurott|59\/100\n|\n|upkeep\n|turn|4\n|\n|t:|1700856634\n|switch|p2a: Dondozo|Dondozo, M, shiny|100\/100\n|move|p1a: Samurott|Ceaseless Edge|p2a: Dondozo\n|-damage|p2a: Dondozo|75\/100\n|-sidestart|p2: Mr.Shadowdusk|Spikes\n|\n|upkeep\n|turn|5\n|\n|t:|1700856644\n|switch|p1a: Gholdengo|Gholdengo|49\/100\n|move|p2a: Dondozo|Liquidation|p1a: Gholdengo\n|-damage|p1a: Gholdengo|17\/100\n|\n|upkeep\n|turn|6\n|\n|t:|1700856649\n|switch|p2a: Goodra|Goodra, M, shiny|86\/100\n|-damage|p2a: Goodra|73\/100|[from] Spikes\n|move|p1a: Gholdengo|Trick|p2a: Goodra\n|-activate|p1a: Gholdengo|move: Trick|[of] p2a: Goodra\n|-item|p2a: Goodra|Choice Scarf|[from] move: Trick\n|-item|p1a: Gholdengo|Assault Vest|[from] move: Trick\n|\n|upkeep\n|turn|7\n|\n|t:|1700856672\n|switch|p1a: Great Tusk|Great Tusk|100\/100\n|move|p2a: Goodra|Dragon Pulse|p1a: Great Tusk\n|-damage|p1a: Great Tusk|57\/100\n|\n|upkeep\n|turn|8\n|\n|t:|1700856684\n|switch|p2a: Hatterene|Hatterene, F, shiny|100\/100\n|-damage|p2a: Hatterene|88\/100|[from] Spikes\n|move|p1a: Great Tusk|Ice Spinner|p2a: Hatterene\n|-damage|p2a: Hatterene|69\/100\n|\n|-heal|p2a: Hatterene|75\/100|[from] item: Leftovers\n|upkeep\n|turn|9\n|\n|t:|1700856694\n|-end|p1a: Great Tusk|Protosynthesis|[silent]\n|switch|p1a: Gholdengo|Gholdengo|17\/100\n|move|p2a: Hatterene|Draining Kiss|p1a: Gholdengo\n|-resisted|p1a: Gholdengo\n|-damage|p1a: Gholdengo|9\/100\n|-heal|p2a: Hatterene|81\/100|[from] drain|[of] p1a: Gholdengo\n|\n|-heal|p2a: Hatterene|87\/100|[from] item: Leftovers\n|upkeep\n|turn|10\n|\n|t:|1700856703\n|switch|p2a: Cinderace|Cinderace, M, shiny|100\/100\n|move|p1a: Gholdengo|Make It Rain|p2a: Cinderace\n|-resisted|p2a: Cinderace\n|-damage|p2a: Cinderace|52\/100\n|-unboost|p1a: Gholdengo|spa|1\n|\n|upkeep\n|turn|11\n|\n|t:|1700856713\n|move|p2a: Cinderace|Sucker Punch|p1a: Gholdengo\n|-start|p2a: Cinderace|typechange|Dark|[from] ability: Libero\n|-supereffective|p1a: Gholdengo\n|-damage|p1a: Gholdengo|0 fnt\n|faint|p1a: Gholdengo\n|\n|upkeep\n|\n|t:|1700856721\n|switch|p1a: Zamazenta|Zamazenta|100\/100\n|-ability|p1a: Zamazenta|Dauntless Shield|boost\n|-boost|p1a: Zamazenta|def|1\n|turn|12\n|\n|t:|1700856730\n|move|p1a: Zamazenta|Iron Defense|p1a: Zamazenta\n|-boost|p1a: Zamazenta|def|2\n|move|p2a: Cinderace|Court Change|p2a: Cinderace\n|-swapsideconditions\n|-activate|p2a: Cinderace|move: Court Change\n|\n|upkeep\n|turn|13\n|\n|t:|1700856734\n|switch|p2a: Dondozo|Dondozo, M, shiny|75\/100\n|move|p1a: Zamazenta|Iron Defense|p1a: Zamazenta\n|-boost|p1a: Zamazenta|def|2\n|\n|upkeep\n|turn|14\n|\n|t:|1700856739\n|move|p1a: Zamazenta|Crunch|p2a: Dondozo\n|-damage|p2a: Dondozo|65\/100\n|move|p2a: Dondozo|Curse|p2a: Dondozo\n|-unboost|p2a: Dondozo|spe|1\n|-boost|p2a: Dondozo|atk|1\n|-boost|p2a: Dondozo|def|1\n|\n|upkeep\n|turn|15\n|\n|t:|1700856753\n|switch|p1a: Rillaboom|Rillaboom, F|100\/100\n|-damage|p1a: Rillaboom|88\/100|[from] Spikes\n|-fieldstart|move: Grassy Terrain|[from] ability: Grassy Surge|[of] p1a: Rillaboom\n|move|p2a: Dondozo|Curse|p2a: Dondozo\n|-unboost|p2a: Dondozo|spe|1\n|-boost|p2a: Dondozo|atk|1\n|-boost|p2a: Dondozo|def|1\n|\n|-heal|p1a: Rillaboom|94\/100|[from] Grassy Terrain\n|-heal|p2a: Dondozo|71\/100|[from] Grassy Terrain\n|upkeep\n|turn|16\n|\n|t:|1700856760\n|-terastallize|p2a: Dondozo|Fairy\n|move|p1a: Rillaboom|Knock Off|p2a: Dondozo\n|-resisted|p2a: Dondozo\n|-damage|p2a: Dondozo|66\/100\n|-enditem|p2a: Dondozo|Covert Cloak|[from] move: Knock Off|[of] p1a: Rillaboom\n|-damage|p1a: Rillaboom|84\/100|[from] item: Life Orb\n|move|p2a: Dondozo|Curse|p2a: Dondozo\n|-unboost|p2a: Dondozo|spe|1\n|-boost|p2a: Dondozo|atk|1\n|-boost|p2a: Dondozo|def|1\n|\n|-heal|p1a: Rillaboom|91\/100|[from] Grassy Terrain\n|-heal|p2a: Dondozo|72\/100|[from] Grassy Terrain\n|upkeep\n|turn|17\n|\n|t:|1700856788\n|move|p1a: Rillaboom|Grassy Glide|p2a: Dondozo\n|-damage|p2a: Dondozo|64\/100\n|-damage|p1a: Rillaboom|81\/100|[from] item: Life Orb\n|move|p2a: Dondozo|Liquidation|p1a: Rillaboom\n|-resisted|p1a: Rillaboom\n|-damage|p1a: Rillaboom|43\/100\n|-unboost|p1a: Rillaboom|def|1\n|\n|-heal|p1a: Rillaboom|49\/100|[from] Grassy Terrain\n|-heal|p2a: Dondozo|70\/100|[from] Grassy Terrain\n|upkeep\n|turn|18\n|\n|t:|1700856800\n|move|p1a: Rillaboom|Grassy Glide|p2a: Dondozo\n|-damage|p2a: Dondozo|61\/100\n|-damage|p1a: Rillaboom|39\/100|[from] item: Life Orb\n|move|p2a: Dondozo|Curse|p2a: Dondozo\n|-unboost|p2a: Dondozo|spe|1\n|-boost|p2a: Dondozo|atk|1\n|-boost|p2a: Dondozo|def|1\n|\n|-heal|p1a: Rillaboom|45\/100|[from] Grassy Terrain\n|-heal|p2a: Dondozo|67\/100|[from] Grassy Terrain\n|upkeep\n|turn|19\n|\n|t:|1700856805\n|move|p1a: Rillaboom|Grassy Glide|p2a: Dondozo\n|-damage|p2a: Dondozo|60\/100\n|-damage|p1a: Rillaboom|35\/100|[from] item: Life Orb\n|move|p2a: Dondozo|Liquidation|p1a: Rillaboom\n|-resisted|p1a: Rillaboom\n|-damage|p1a: Rillaboom|0 fnt\n|faint|p1a: Rillaboom\n|\n|-heal|p2a: Dondozo|66\/100|[from] Grassy Terrain\n|-fieldend|move: Grassy Terrain\n|upkeep\n|\n|t:|1700856812\n|switch|p1a: Ceruledge|Ceruledge, M|100\/100\n|-damage|p1a: Ceruledge|88\/100|[from] Spikes\n|turn|20\n|\n|t:|1700856829\n|move|p1a: Ceruledge|Destiny Bond|p1a: Ceruledge\n|-singlemove|p1a: Ceruledge|Destiny Bond\n|move|p2a: Dondozo|Liquidation|p1a: Ceruledge\n|-supereffective|p1a: Ceruledge\n|-damage|p1a: Ceruledge|0 fnt\n|faint|p1a: Ceruledge\n|-activate|p1a: Ceruledge|move: Destiny Bond\n|faint|p2a: Dondozo\n|\n|upkeep\n|\n|t:|1700856837\n|switch|p1a: Great Tusk|Great Tusk|57\/100\n|switch|p2a: Thundurus|Thundurus-Therian, M, shiny|100\/100\n|-damage|p1a: Great Tusk|44\/100|[from] Spikes\n|turn|21\n|\n|t:|1700856842\n|move|p2a: Thundurus|Grass Knot|p1a: Great Tusk\n|-supereffective|p1a: Great Tusk\n|-damage|p1a: Great Tusk|0 fnt\n|faint|p1a: Great Tusk\n|-end|p1a: Great Tusk|Protosynthesis|[silent]\n|\n|upkeep\n|\n|t:|1700856846\n|switch|p1a: Zamazenta|Zamazenta|100\/100\n|-damage|p1a: Zamazenta|88\/100|[from] Spikes\n|turn|22\n|\n|t:|1700856865\n|switch|p2a: Hatterene|Hatterene, F, shiny|87\/100\n|move|p1a: Zamazenta|Iron Defense|p1a: Zamazenta\n|-boost|p1a: Zamazenta|def|2\n|\n|-heal|p1a: Zamazenta|94\/100|[from] item: Leftovers\n|-heal|p2a: Hatterene|93\/100|[from] item: Leftovers\n|upkeep\n|turn|23\n|\n|t:|1700856900\n|-terastallize|p1a: Zamazenta|Fire\n|move|p1a: Zamazenta|Heavy Slam|p2a: Hatterene\n|-supereffective|p2a: Hatterene\n|-damage|p2a: Hatterene|37\/100\n|move|p2a: Hatterene|Calm Mind|p2a: Hatterene\n|-boost|p2a: Hatterene|spa|1\n|-boost|p2a: Hatterene|spd|1\n|\n|-heal|p1a: Zamazenta|100\/100|[from] item: Leftovers\n|-heal|p2a: Hatterene|43\/100|[from] item: Leftovers\n|upkeep\n|turn|24\n|\n|t:|1700856914\n|move|p1a: Zamazenta|Heavy Slam|p2a: Hatterene\n|-supereffective|p2a: Hatterene\n|-damage|p2a: Hatterene|0 fnt\n|faint|p2a: Hatterene\n|\n|upkeep\n|\n|t:|1700856918\n|switch|p2a: Thundurus|Thundurus-Therian, M, shiny|100\/100\n|turn|25\n|\n|t:|1700856933\n|move|p2a: Thundurus|Volt Switch|p1a: Zamazenta\n|-damage|p1a: Zamazenta|62\/100\n|\n|t:|1700856938\n|switch|p2a: Cinderace|Cinderace, M, shiny|52\/100|[from] Volt Switch\n|move|p1a: Zamazenta|Body Press|p2a: Cinderace\n|-damage|p2a: Cinderace|0 fnt\n|faint|p2a: Cinderace\n|\n|-heal|p1a: Zamazenta|68\/100|[from] item: Leftovers\n|upkeep\n|\n|t:|1700856948\n|switch|p2a: Thundurus|Thundurus-Therian, M, shiny|100\/100\n|turn|26\n|\n|t:|1700856956\n|move|p2a: Thundurus|Discharge|p1a: Zamazenta\n|-damage|p1a: Zamazenta|20\/100\n|move|p1a: Zamazenta|Body Press|p2a: Thundurus\n|-resisted|p2a: Thundurus\n|-damage|p2a: Thundurus|44\/100\n|\n|-heal|p1a: Zamazenta|26\/100|[from] item: Leftovers\n|upkeep\n|turn|27\n|\n|t:|1700856966\n|move|p2a: Thundurus|Discharge|p1a: Zamazenta\n|-damage|p1a: Zamazenta|0 fnt\n|faint|p1a: Zamazenta\n|\n|upkeep\n|\n|t:|1700856968\n|switch|p1a: Samurott|Samurott-Hisui, M|59\/100\n|-damage|p1a: Samurott|46\/100|[from] Spikes\n|turn|28\n|\n|t:|1700856972\n|move|p1a: Samurott|Sucker Punch|p2a: Thundurus\n|-damage|p2a: Thundurus|0 fnt\n|faint|p2a: Thundurus\n|\n|upkeep\n|\n|t:|1700856974\n|switch|p2a: Revavroom|Revavroom, M, shiny|100\/100\n|-item|p2a: Revavroom|Air Balloon\n|turn|29\n|\n|t:|1700856984\n|move|p2a: Revavroom|Poison Jab|p1a: Samurott\n|-damage|p1a: Samurott|3\/100\n|move|p1a: Samurott|Ceaseless Edge|p2a: Revavroom|[miss]\n|-miss|p1a: Samurott|p2a: Revavroom\n|\n|upkeep\n|turn|30\n|c|\u2606Arnaenaed \u223e|gg\n|c|\u2606Arnaenaed \u223e|xd\n|-message|Arnaenaed \u223e forfeited.\n|\n|win|Mr.Shadowdusk\n|l|\u2606Arnaenaed \u223e\n","uploadtime":1700857003,"views":2,"p1id":"arnaenaed","p2id":"mrshadowdusk","formatid":"gen9ou","rating":0,"private":0,"password":""}