{"id":"gen9ou-1999960037","p1":"fitless","p2":"AkiDes","format":"[Gen 9] OU","log":"|j|\u2606fitless\n|j|\u2606AkiDes\n|t:|1701134792\n|gametype|singles\n|player|p1|fitless|101|1286\n|player|p2|AkiDes|volkner|1226\n|teamsize|p1|6\n|teamsize|p2|6\n|gen|9\n|tier|[Gen 9] OU\n|rated|\n|rule|Sleep Clause Mod: Limit one foe put to sleep\n|rule|Species Clause: Limit one of each Pok\u00e9mon\n|rule|OHKO Clause: OHKO moves are banned\n|rule|Evasion Items Clause: Evasion items are banned\n|rule|Evasion Moves Clause: Evasion moves are banned\n|rule|Endless Battle Clause: Forcing endless battles is banned\n|rule|HP Percentage Mod: HP is shown in percentages\n|clearpoke\n|poke|p1|Kingambit, M|\n|poke|p1|Iron Valiant|\n|poke|p1|Landorus-Therian, M|\n|poke|p1|Blissey, F|\n|poke|p1|Quaquaval, M|\n|poke|p1|Dragapult, F|\n|poke|p2|Dragonite, M|\n|poke|p2|Cinderace, F|\n|poke|p2|Mandibuzz, F|\n|poke|p2|Jolteon, M|\n|poke|p2|Landorus-Therian, M|\n|poke|p2|Greninja-*, F|\n|teampreview\n|\n|t:|1701134802\n|start\n|switch|p1a: Landorus|Landorus-Therian, M|100\/100\n|switch|p2a: Babotas|Greninja, F|100\/100\n|-ability|p1a: Landorus|Intimidate|boost\n|-unboost|p2a: Babotas|atk|1\n|turn|1\n|\n|t:|1701134810\n|switch|p1a: Blissey|Blissey, F|100\/100\n|move|p2a: Babotas|Ice Beam|p1a: Blissey\n|-start|p2a: Babotas|typechange|Ice|[from] ability: Protean\n|-damage|p1a: Blissey|86\/100\n|\n|-heal|p1a: Blissey|92\/100|[from] item: Leftovers\n|upkeep\n|turn|2\n|\n|t:|1701134821\n|switch|p2a: Prueba nomas|Landorus-Therian, M|100\/100\n|-ability|p2a: Prueba nomas|Intimidate|boost\n|-unboost|p1a: Blissey|atk|1\n|move|p1a: Blissey|Thunder Wave|p2a: Prueba nomas\n|-immune|p2a: Prueba nomas\n|\n|-heal|p1a: Blissey|98\/100|[from] item: Leftovers\n|upkeep\n|turn|3\n|\n|t:|1701134829\n|move|p2a: Prueba nomas|Stealth Rock|p1a: Blissey\n|-sidestart|p1: fitless|move: Stealth Rock\n|move|p1a: Blissey|Chilling Water|p2a: Prueba nomas\n|-supereffective|p2a: Prueba nomas\n|-damage|p2a: Prueba nomas|75\/100\n|-unboost|p2a: Prueba nomas|atk|1\n|\n|-heal|p1a: Blissey|100\/100|[from] item: Leftovers\n|upkeep\n|turn|4\n|\n|t:|1701134833\n|switch|p1a: Landorus|Landorus-Therian, M|100\/100\n|-damage|p1a: Landorus|88\/100|[from] Stealth Rock\n|-ability|p1a: Landorus|Intimidate|boost\n|-unboost|p2a: Prueba nomas|atk|1\n|move|p2a: Prueba nomas|Hammer Arm|p1a: Landorus\n|-resisted|p1a: Landorus\n|-damage|p1a: Landorus|78\/100\n|-unboost|p2a: Prueba nomas|spe|1\n|-damage|p2a: Prueba nomas|59\/100|[from] item: Rocky Helmet|[of] p1a: Landorus\n|\n|upkeep\n|turn|5\n|\n|t:|1701134838\n|switch|p2a: Festin celestial|Mandibuzz, F|100\/100\n|move|p1a: Landorus|Stealth Rock|p2a: Festin celestial\n|-sidestart|p2: AkiDes|move: Stealth Rock\n|\n|upkeep\n|turn|6\n|\n|t:|1701134842\n|move|p1a: Landorus|U-turn|p2a: Festin celestial\n|-damage|p2a: Festin celestial|87\/100\n|\n|t:|1701134846\n|switch|p1a: Quaquaval|Quaquaval, M|100\/100|[from] U-turn\n|move|p2a: Festin celestial|Toxic|p1a: Quaquaval\n|-status|p1a: Quaquaval|tox\n|\n|-damage|p1a: Quaquaval|94\/100 tox|[from] psn\n|upkeep\n|turn|7\n|\n|t:|1701134850\n|move|p1a: Quaquaval|Rapid Spin|p2a: Festin celestial\n|-damage|p2a: Festin celestial|77\/100\n|-boost|p1a: Quaquaval|spe|1\n|-sideend|p1: fitless|Stealth Rock|[from] move: Rapid Spin|[of] p1a: Quaquaval\n|move|p2a: Festin celestial|Foul Play|p1a: Quaquaval\n|-resisted|p1a: Quaquaval\n|-crit|p1a: Quaquaval\n|-damage|p1a: Quaquaval|51\/100 tox\n|\n|-damage|p1a: Quaquaval|38\/100 tox|[from] psn\n|upkeep\n|turn|8\n|\n|t:|1701134855\n|move|p1a: Quaquaval|Aqua Step|p2a: Festin celestial\n|-damage|p2a: Festin celestial|56\/100\n|-boost|p1a: Quaquaval|spe|1\n|move|p2a: Festin celestial|Defog|p1a: Quaquaval\n|-unboost|p1a: Quaquaval|evasion|1\n|-sideend|p2: AkiDes|Stealth Rock|[from] move: Defog|[of] p2a: Festin celestial\n|\n|-damage|p1a: Quaquaval|20\/100 tox|[from] psn\n|upkeep\n|turn|9\n|\n|t:|1701134859\n|move|p1a: Quaquaval|Aqua Step|p2a: Festin celestial\n|-damage|p2a: Festin celestial|35\/100\n|-boost|p1a: Quaquaval|spe|1\n|move|p2a: Festin celestial|Roost|p2a: Festin celestial\n|-heal|p2a: Festin celestial|85\/100\n|-singleturn|p2a: Festin celestial|move: Roost\n|\n|-damage|p1a: Quaquaval|0 fnt|[from] psn\n|faint|p1a: Quaquaval\n|upkeep\n|\n|t:|1701134871\n|switch|p1a: Iron Valiant|Iron Valiant|100\/100\n|-enditem|p1a: Iron Valiant|Booster Energy\n|-activate|p1a: Iron Valiant|ability: Quark Drive|[fromitem]\n|-start|p1a: Iron Valiant|quarkdrivespe\n|turn|10\n|\n|t:|1701134877\n|switch|p2a: Prueba nomas|Landorus-Therian, M|59\/100\n|-ability|p2a: Prueba nomas|Intimidate|boost\n|-unboost|p1a: Iron Valiant|atk|1\n|move|p1a: Iron Valiant|Spirit Break|p2a: Prueba nomas\n|-damage|p2a: Prueba nomas|27\/100\n|-unboost|p2a: Prueba nomas|spa|1\n|-damage|p1a: Iron Valiant|84\/100|[from] item: Rocky Helmet|[of] p2a: Prueba nomas\n|\n|upkeep\n|turn|11\n|\n|t:|1701134884\n|move|p1a: Iron Valiant|Ice Punch|p2a: Prueba nomas\n|-supereffective|p2a: Prueba nomas\n|-damage|p2a: Prueba nomas|0 fnt\n|-damage|p1a: Iron Valiant|67\/100|[from] item: Rocky Helmet|[of] p2a: Prueba nomas\n|faint|p2a: Prueba nomas\n|\n|upkeep\n|\n|t:|1701134889\n|switch|p2a: Fuego en la pista|Cinderace, F|100\/100\n|turn|12\n|\n|t:|1701134893\n|move|p1a: Iron Valiant|Close Combat|p2a: Fuego en la pista\n|-damage|p2a: Fuego en la pista|41\/100\n|-unboost|p1a: Iron Valiant|def|1\n|-unboost|p1a: Iron Valiant|spd|1\n|move|p2a: Fuego en la pista|Pyro Ball|p1a: Iron Valiant\n|-damage|p1a: Iron Valiant|0 fnt\n|faint|p1a: Iron Valiant\n|-end|p1a: Iron Valiant|Quark Drive|[silent]\n|\n|upkeep\n|\n|t:|1701134897\n|switch|p1a: Landorus|Landorus-Therian, M|78\/100\n|-ability|p1a: Landorus|Intimidate|boost\n|-unboost|p2a: Fuego en la pista|atk|1\n|turn|13\n|\n|t:|1701134901\n|switch|p2a: Festin celestial|Mandibuzz, F|85\/100\n|move|p1a: Landorus|Stealth Rock|p2a: Festin celestial\n|-sidestart|p2: AkiDes|move: Stealth Rock\n|\n|upkeep\n|turn|14\n|\n|t:|1701134905\n|move|p1a: Landorus|Rock Slide|p2a: Festin celestial\n|-supereffective|p2a: Festin celestial\n|-damage|p2a: Festin celestial|51\/100\n|move|p2a: Festin celestial|Toxic|p1a: Landorus\n|-status|p1a: Landorus|tox\n|\n|-damage|p1a: Landorus|72\/100 tox|[from] psn\n|upkeep\n|turn|15\n|\n|t:|1701134923\n|move|p1a: Landorus|Rock Slide|p2a: Festin celestial\n|-supereffective|p2a: Festin celestial\n|-damage|p2a: Festin celestial|18\/100\n|move|p2a: Festin celestial|Roost|p2a: Festin celestial\n|-heal|p2a: Festin celestial|69\/100\n|-singleturn|p2a: Festin celestial|move: Roost\n|\n|-damage|p1a: Landorus|60\/100 tox|[from] psn\n|upkeep\n|turn|16\n|\n|t:|1701134931\n|move|p1a: Landorus|Rock Slide|p2a: Festin celestial\n|-supereffective|p2a: Festin celestial\n|-damage|p2a: Festin celestial|34\/100\n|move|p2a: Festin celestial|Roost|p2a: Festin celestial\n|-heal|p2a: Festin celestial|84\/100\n|-singleturn|p2a: Festin celestial|move: Roost\n|\n|-damage|p1a: Landorus|42\/100 tox|[from] psn\n|upkeep\n|turn|17\n|\n|t:|1701134937\n|move|p1a: Landorus|U-turn|p2a: Festin celestial\n|-damage|p2a: Festin celestial|69\/100\n|\n|t:|1701134941\n|switch|p1a: Dragapult|Dragapult, F|100\/100|[from] U-turn\n|move|p2a: Festin celestial|Defog|p1a: Dragapult\n|-fail|p1a: Dragapult|unboost|[from] ability: Clear Body|[of] p1a: Dragapult\n|-sideend|p2: AkiDes|Stealth Rock|[from] move: Defog|[of] p2a: Festin celestial\n|\n|upkeep\n|turn|18\n|\n|t:|1701134947\n|move|p1a: Dragapult|Draco Meteor|p2a: Festin celestial\n|-damage|p2a: Festin celestial|0 fnt\n|-unboost|p1a: Dragapult|spa|2\n|faint|p2a: Festin celestial\n|\n|upkeep\n|\n|t:|1701134952\n|switch|p2a: Jarcres|Jolteon, M|100\/100\n|turn|19\n|\n|t:|1701134956\n|-terastallize|p2a: Jarcres|Ice\n|move|p1a: Dragapult|Draco Meteor|p2a: Jarcres\n|-damage|p2a: Jarcres|41\/100\n|-unboost|p1a: Dragapult|spa|2\n|move|p2a: Jarcres|Tera Blast|p1a: Dragapult|[anim] Tera Blast Ice\n|-supereffective|p1a: Dragapult\n|-damage|p1a: Dragapult|0 fnt\n|faint|p1a: Dragapult\n|\n|upkeep\n|\n|t:|1701134965\n|switch|p1a: Blissey|Blissey, F|100\/100\n|turn|20\n|\n|t:|1701134970\n|switch|p2a: Fuego en la pista|Cinderace, F|41\/100\n|move|p1a: Blissey|Seismic Toss|p2a: Fuego en la pista\n|-damage|p2a: Fuego en la pista|7\/100\n|\n|upkeep\n|turn|21\n|\n|t:|1701134975\n|move|p2a: Fuego en la pista|High Jump Kick|p1a: Blissey\n|-start|p2a: Fuego en la pista|typechange|Fighting|[from] ability: Libero\n|-supereffective|p1a: Blissey\n|-damage|p1a: Blissey|0 fnt\n|faint|p1a: Blissey\n|\n|upkeep\n|\n|t:|1701134982\n|switch|p1a: Landorus|Landorus-Therian, M|42\/100 tox\n|-ability|p1a: Landorus|Intimidate|boost\n|-unboost|p2a: Fuego en la pista|atk|1\n|turn|22\n|\n|t:|1701135004\n|move|p2a: Fuego en la pista|Sucker Punch||[still]\n|-fail|p2a: Fuego en la pista\n|move|p1a: Landorus|Stealth Rock|p2a: Fuego en la pista\n|-sidestart|p2: AkiDes|move: Stealth Rock\n|\n|-damage|p1a: Landorus|36\/100 tox|[from] psn\n|upkeep\n|turn|23\n|inactive|Battle timer is ON: inactive players will automatically lose when time's up. (requested by AkiDes)\n|\n|t:|1701135050\n|move|p2a: Fuego en la pista|Pyro Ball|p1a: Landorus\n|-damage|p1a: Landorus|10\/100 tox\n|move|p1a: Landorus|Rock Slide|p2a: Fuego en la pista\n|-resisted|p2a: Fuego en la pista\n|-damage|p2a: Fuego en la pista|0 fnt\n|faint|p2a: Fuego en la pista\n|\n|-damage|p1a: Landorus|0 fnt|[from] psn\n|faint|p1a: Landorus\n|upkeep\n|\n|t:|1701135062\n|switch|p2a: Cacahuate|Dragonite, M|100\/100\n|switch|p1a: Kingambit|Kingambit, M|100\/100\n|-activate|p1a: Kingambit|ability: Supreme Overlord\n|-start|p1a: Kingambit|fallen5|[silent]\n|turn|24\n|\n|t:|1701135071\n|-terastallize|p1a: Kingambit|Fairy\n|move|p2a: Cacahuate|Earthquake|p1a: Kingambit\n|-damage|p1a: Kingambit|72\/100\n|move|p1a: Kingambit|Tera Blast|p2a: Cacahuate|[anim] Tera Blast Fairy\n|-supereffective|p2a: Cacahuate\n|-damage|p2a: Cacahuate|23\/100\n|\n|upkeep\n|turn|25\n|\n|t:|1701135078\n|move|p2a: Cacahuate|Extreme Speed|p1a: Kingambit\n|-damage|p1a: Kingambit|50\/100\n|move|p1a: Kingambit|Sucker Punch||[still]\n|-fail|p1a: Kingambit\n|\n|upkeep\n|turn|26\n|\n|t:|1701135082\n|move|p2a: Cacahuate|Extreme Speed|p1a: Kingambit\n|-damage|p1a: Kingambit|29\/100\n|move|p1a: Kingambit|Kowtow Cleave|p2a: Cacahuate\n|-damage|p2a: Cacahuate|0 fnt\n|faint|p2a: Cacahuate\n|\n|upkeep\n|\n|t:|1701135089\n|switch|p2a: Babotas|Greninja, F|100\/100\n|-damage|p2a: Babotas|88\/100|[from] Stealth Rock\n|turn|27\n|\n|t:|1701135093\n|move|p1a: Kingambit|Sucker Punch|p2a: Babotas\n|-resisted|p2a: Babotas\n|-damage|p2a: Babotas|29\/100\n|move|p2a: Babotas|Hydro Pump|p1a: Kingambit\n|-start|p2a: Babotas|typechange|Water|[from] ability: Protean\n|-damage|p1a: Kingambit|0 fnt\n|faint|p1a: Kingambit\n|-end|p1a: Kingambit|fallen5|[silent]\n|\n|win|AkiDes\n|raw|fitless's rating: 1286 &rarr; <strong>1257<\/strong><br \/>(-29 for losing)\n|raw|AkiDes's rating: 1226 &rarr; <strong>1255<\/strong><br \/>(+29 for winning)\n","uploadtime":1701135098,"views":2,"p1id":"fitless","p2id":"akides","formatid":"gen9ou","rating":1255,"private":0,"password":""}