{"id":"gen9ou-1988291697","p1":"Uncle June","p2":"Slo Overdose","format":"[Gen 9] OU","log":"|j|\u2606Uncle June\n|j|\u2606Slo Overdose\n|t:|1699702913\n|gametype|singles\n|player|p1|Uncle June|1|1565\n|player|p2|Slo Overdose|anabel|1439\n|teamsize|p1|6\n|teamsize|p2|6\n|gen|9\n|tier|[Gen 9] OU\n|rated|\n|rule|Sleep Clause Mod: Limit one foe put to sleep\n|rule|Species Clause: Limit one of each Pok\u00e9mon\n|rule|OHKO Clause: OHKO moves are banned\n|rule|Evasion Items Clause: Evasion items are banned\n|rule|Evasion Moves Clause: Evasion moves are banned\n|rule|Endless Battle Clause: Forcing endless battles is banned\n|rule|HP Percentage Mod: HP is shown in percentages\n|clearpoke\n|poke|p1|Torkoal, F|\n|poke|p1|Great Tusk|\n|poke|p1|Walking Wake|\n|poke|p1|Lilligant-Hisui, F|\n|poke|p1|Enamorus, F|\n|poke|p1|Ceruledge, F|\n|poke|p2|Great Tusk|\n|poke|p2|Sneasler, F|\n|poke|p2|Samurott-Hisui, F|\n|poke|p2|Iron Valiant|\n|poke|p2|Gengar, M|\n|poke|p2|Kingambit, F|\n|teampreview\n|inactive|Battle timer is ON: inactive players will automatically lose when time's up. (requested by Slo Overdose)\n|inactive|Uncle June has 120 seconds left.\n|\n|t:|1699702962\n|start\n|switch|p1a: Torkoal|Torkoal, F|100\/100\n|switch|p2a: Gengar|Gengar, M|100\/100\n|-weather|SunnyDay|[from] ability: Drought|[of] p1a: Torkoal\n|turn|1\n|\n|t:|1699702982\n|switch|p1a: Lilligant|Lilligant-Hisui, F|100\/100\n|move|p2a: Gengar|Toxic Spikes|p1a: Lilligant\n|-sidestart|p1: Uncle June|move: Toxic Spikes\n|\n|-weather|SunnyDay|[upkeep]\n|upkeep\n|turn|2\n|\n|t:|1699703006\n|move|p1a: Lilligant|Solar Blade||[still]\n|-prepare|p1a: Lilligant|Solar Blade\n|-anim|p1a: Lilligant|Solar Blade|p2a: Gengar\n|-resisted|p2a: Gengar\n|-damage|p2a: Gengar|15\/100\n|-damage|p1a: Lilligant|91\/100|[from] item: Life Orb\n|move|p2a: Gengar|Sludge Bomb|p1a: Lilligant\n|-supereffective|p1a: Lilligant\n|-damage|p1a: Lilligant|0 fnt\n|faint|p1a: Lilligant\n|\n|-weather|SunnyDay|[upkeep]\n|upkeep\n|\n|t:|1699703018\n|switch|p1a: Enamorus|Enamorus, F|100\/100\n|turn|3\n|inactive|Uncle June has 120 seconds left.\n|\n|t:|1699703065\n|move|p1a: Enamorus|Moonblast|p2a: Gengar\n|-resisted|p2a: Gengar\n|-damage|p2a: Gengar|0 fnt\n|-start|p1a: Enamorus|Disable|Moonblast|[from] ability: Cursed Body|[of] p2a: Gengar\n|faint|p2a: Gengar\n|\n|-weather|SunnyDay|[upkeep]\n|upkeep\n|\n|t:|1699703083\n|switch|p2a: Iron Valiant|Iron Valiant|100\/100\n|-enditem|p2a: Iron Valiant|Booster Energy\n|-activate|p2a: Iron Valiant|ability: Quark Drive|[fromitem]\n|-start|p2a: Iron Valiant|quarkdrivespe\n|turn|4\n|\n|t:|1699703095\n|switch|p1a: Ceruledge|Ceruledge, F|100\/100\n|-status|p1a: Ceruledge|psn\n|move|p2a: Iron Valiant|Calm Mind|p2a: Iron Valiant\n|-boost|p2a: Iron Valiant|spa|1\n|-boost|p2a: Iron Valiant|spd|1\n|\n|-weather|SunnyDay|[upkeep]\n|-damage|p1a: Ceruledge|88\/100 psn|[from] psn\n|upkeep\n|turn|5\n|\n|t:|1699703107\n|move|p2a: Iron Valiant|Shadow Ball|p1a: Ceruledge\n|-supereffective|p1a: Ceruledge\n|-damage|p1a: Ceruledge|0 fnt\n|faint|p1a: Ceruledge\n|\n|-weather|SunnyDay|[upkeep]\n|upkeep\n|inactive|Uncle June has 90 seconds left.\n|\n|t:|1699703144\n|switch|p1a: Enamorus|Enamorus, F|100\/100\n|turn|6\n|\n|t:|1699703158\n|-terastallize|p2a: Iron Valiant|Ghost\n|move|p2a: Iron Valiant|Calm Mind|p2a: Iron Valiant\n|-boost|p2a: Iron Valiant|spa|1\n|-boost|p2a: Iron Valiant|spd|1\n|move|p1a: Enamorus|Moonblast|p2a: Iron Valiant\n|-damage|p2a: Iron Valiant|59\/100\n|\n|-weather|SunnyDay|[upkeep]\n|upkeep\n|turn|7\n|inactive|Uncle June has 90 seconds left.\n|\n|t:|1699703172\n|move|p2a: Iron Valiant|Moonblast|p1a: Enamorus\n|-damage|p1a: Enamorus|0 fnt\n|faint|p1a: Enamorus\n|\n|-weather|SunnyDay|[upkeep]\n|upkeep\n|inactive|Uncle June has 90 seconds left.\n|-message|Uncle June forfeited.\n|\n|win|Slo Overdose\n|raw|Uncle June's rating: 1565 &rarr; <strong>1538<\/strong><br \/>(-27 for losing)\n|raw|Slo Overdose's rating: 1439 &rarr; <strong>1466<\/strong><br \/>(+27 for winning)\n|l|\u2606Uncle June\n","uploadtime":1699703190,"views":21,"p1id":"unclejune","p2id":"slooverdose","formatid":"gen9ou","rating":1466,"private":0,"password":""}