{"id":"gen9ou-1990772489","p1":"CyberH3","p2":"Ottonaut","format":"[Gen 9] OU","log":"|j|\u2606CyberH3\n|j|\u2606Ottonaut\n|t:|1699999387\n|gametype|singles\n|player|p1|CyberH3|mars|1305\n|player|p2|Ottonaut|2|1386\n|teamsize|p1|6\n|teamsize|p2|6\n|gen|9\n|tier|[Gen 9] OU\n|rated|\n|rule|Sleep Clause Mod: Limit one foe put to sleep\n|rule|Species Clause: Limit one of each Pok\u00e9mon\n|rule|OHKO Clause: OHKO moves are banned\n|rule|Evasion Items Clause: Evasion items are banned\n|rule|Evasion Moves Clause: Evasion moves are banned\n|rule|Endless Battle Clause: Forcing endless battles is banned\n|rule|HP Percentage Mod: HP is shown in percentages\n|clearpoke\n|poke|p1|Goodra-Hisui, M|\n|poke|p1|Scizor, M|\n|poke|p1|Mimikyu, F|\n|poke|p1|Grafaiai, M|\n|poke|p1|Azelf|\n|poke|p1|Dragapult, M|\n|poke|p2|Enamorus, F|\n|poke|p2|Tyranitar, M|\n|poke|p2|Amoonguss, F|\n|poke|p2|Great Tusk|\n|poke|p2|Ribombee, F|\n|poke|p2|Ogerpon-Cornerstone, F|\n|teampreview\n|inactive|Battle timer is ON: inactive players will automatically lose when time's up. (requested by Ottonaut)\n|\n|t:|1699999398\n|start\n|switch|p1a: ina artist|Grafaiai, M|100\/100\n|switch|p2a: Ribombee|Ribombee, F|100\/100\n|turn|1\n|\n|t:|1699999403\n|move|p1a: ina artist|Taunt|p2a: Ribombee\n|-start|p2a: Ribombee|move: Taunt\n|cant|p2a: Ribombee|move: Taunt|Sticky Web\n|\n|upkeep\n|turn|2\n|\n|t:|1699999410\n|switch|p2a: Tyranitar|Tyranitar, M|100\/100\n|-weather|Sandstorm|[from] ability: Sand Stream|[of] p2a: Tyranitar\n|move|p1a: ina artist|Parting Shot|p2a: Tyranitar\n|-hint|Since gen 7, Dark is immune to Prankster moves.\n|-immune|p2a: Tyranitar\n|\n|-weather|Sandstorm|[upkeep]\n|-damage|p1a: ina artist|94\/100|[from] Sandstorm\n|upkeep\n|turn|3\n|\n|t:|1699999420\n|switch|p1a: KIRYU|Dragapult, M|100\/100\n|move|p2a: Tyranitar|Knock Off|p1a: KIRYU\n|-supereffective|p1a: KIRYU\n|-damage|p1a: KIRYU|0 fnt\n|-enditem|p1a: KIRYU|Choice Band|[from] move: Knock Off|[of] p2a: Tyranitar\n|faint|p1a: KIRYU\n|\n|-weather|Sandstorm|[upkeep]\n|upkeep\n|\n|t:|1699999425\n|switch|p1a: Eat With Scissors|Scizor, M|100\/100\n|turn|4\n|\n|t:|1699999429\n|switch|p2a: Amoonguss|Amoonguss, F|100\/100\n|move|p1a: Eat With Scissors|U-turn|p2a: Amoonguss\n|-damage|p2a: Amoonguss|61\/100\n|-damage|p1a: Eat With Scissors|84\/100|[from] item: Rocky Helmet|[of] p2a: Amoonguss\n|-damage|p1a: Eat With Scissors|74\/100|[from] item: Life Orb\n|\n|t:|1699999435\n|switch|p1a: bettel explodes|Azelf|100\/100|[from] U-turn\n|\n|-weather|Sandstorm|[upkeep]\n|-damage|p1a: bettel explodes|94\/100|[from] Sandstorm\n|-damage|p2a: Amoonguss|55\/100|[from] Sandstorm\n|upkeep\n|turn|5\n|\n|t:|1699999442\n|switch|p2a: Tyranitar|Tyranitar, M|100\/100\n|move|p1a: bettel explodes|Flamethrower|p2a: Tyranitar\n|-resisted|p2a: Tyranitar\n|-damage|p2a: Tyranitar|94\/100\n|\n|-weather|Sandstorm|[upkeep]\n|-damage|p1a: bettel explodes|88\/100|[from] Sandstorm\n|upkeep\n|turn|6\n|\n|t:|1699999448\n|switch|p1a: Eat With Scissors|Scizor, M|74\/100\n|move|p2a: Tyranitar|Knock Off|p1a: Eat With Scissors\n|-damage|p1a: Eat With Scissors|32\/100\n|-enditem|p1a: Eat With Scissors|Life Orb|[from] move: Knock Off|[of] p2a: Tyranitar\n|\n|-weather|none\n|upkeep\n|turn|7\n|\n|t:|1699999455\n|switch|p2a: Amoonguss|Amoonguss, F|88\/100\n|move|p1a: Eat With Scissors|Knock Off|p2a: Amoonguss\n|-damage|p2a: Amoonguss|63\/100\n|-damage|p1a: Eat With Scissors|15\/100|[from] item: Rocky Helmet|[of] p2a: Amoonguss\n|-enditem|p2a: Amoonguss|Rocky Helmet|[from] move: Knock Off|[of] p1a: Eat With Scissors\n|\n|upkeep\n|turn|8\n|\n|t:|1699999464\n|move|p1a: Eat With Scissors|Dual Wingbeat|p2a: Amoonguss\n|-supereffective|p2a: Amoonguss\n|-damage|p2a: Amoonguss|30\/100\n|-supereffective|p2a: Amoonguss\n|-damage|p2a: Amoonguss|0 fnt\n|faint|p2a: Amoonguss\n|-hitcount|p2: Amoonguss|2\n|\n|upkeep\n|\n|t:|1699999474\n|switch|p2a: Great Tusk|Great Tusk|100\/100\n|turn|9\n|\n|t:|1699999482\n|move|p1a: Eat With Scissors|Bullet Punch|p2a: Great Tusk\n|-damage|p2a: Great Tusk|76\/100\n|move|p2a: Great Tusk|Earthquake|p1a: Eat With Scissors\n|-damage|p1a: Eat With Scissors|0 fnt\n|faint|p1a: Eat With Scissors\n|\n|upkeep\n|\n|t:|1699999487\n|switch|p1a: bettel explodes|Azelf|88\/100\n|turn|10\n|\n|t:|1699999489\n|-end|p2a: Great Tusk|Protosynthesis|[silent]\n|switch|p2a: Tyranitar|Tyranitar, M|94\/100\n|-weather|Sandstorm|[from] ability: Sand Stream|[of] p2a: Tyranitar\n|move|p1a: bettel explodes|Trick|p2a: Tyranitar\n|-activate|p1a: bettel explodes|move: Trick|[of] p2a: Tyranitar\n|-item|p2a: Tyranitar|Choice Specs|[from] move: Trick\n|-item|p1a: bettel explodes|Assault Vest|[from] move: Trick\n|\n|-weather|Sandstorm|[upkeep]\n|-damage|p1a: bettel explodes|82\/100|[from] Sandstorm\n|upkeep\n|turn|11\n|\n|t:|1699999502\n|switch|p1a: Snailtare|Goodra-Hisui, M|100\/100\n|move|p2a: Tyranitar|Knock Off|p1a: Snailtare\n|-damage|p1a: Snailtare|59\/100\n|-enditem|p1a: Snailtare|Leftovers|[from] move: Knock Off|[of] p2a: Tyranitar\n|\n|-weather|Sandstorm|[upkeep]\n|upkeep\n|turn|12\n|\n|t:|1699999518\n|switch|p2a: Great Tusk|Great Tusk|76\/100\n|move|p1a: Snailtare|Hydro Pump|p2a: Great Tusk\n|-supereffective|p2a: Great Tusk\n|-damage|p2a: Great Tusk|0 fnt\n|faint|p2a: Great Tusk\n|-end|p2a: Great Tusk|Protosynthesis|[silent]\n|\n|-weather|Sandstorm|[upkeep]\n|upkeep\n|\n|t:|1699999526\n|switch|p2a: Tyranitar|Tyranitar, M|94\/100\n|turn|13\n|\n|t:|1699999531\n|move|p1a: Snailtare|Protect|p1a: Snailtare\n|-singleturn|p1a: Snailtare|Protect\n|move|p2a: Tyranitar|Earthquake|p1a: Snailtare\n|-activate|p1a: Snailtare|move: Protect\n|\n|-weather|Sandstorm|[upkeep]\n|upkeep\n|turn|14\n|\n|t:|1699999535\n|switch|p1a: bettel explodes|Azelf|82\/100\n|move|p2a: Tyranitar|Earthquake|p1a: bettel explodes\n|-immune|p1a: bettel explodes|[from] ability: Levitate\n|\n|-weather|none\n|upkeep\n|turn|15\n|\n|t:|1699999549\n|move|p1a: bettel explodes|Flamethrower|p2a: Tyranitar\n|-resisted|p2a: Tyranitar\n|-damage|p2a: Tyranitar|84\/100\n|move|p2a: Tyranitar|Earthquake|p1a: bettel explodes\n|-immune|p1a: bettel explodes|[from] ability: Levitate\n|\n|upkeep\n|turn|16\n|\n|t:|1699999565\n|switch|p2a: Ribombee|Ribombee, F|100\/100\n|move|p1a: bettel explodes|Flamethrower|p2a: Ribombee\n|-supereffective|p2a: Ribombee\n|-enditem|p2a: Ribombee|Focus Sash\n|-damage|p2a: Ribombee|1\/100\n|\n|upkeep\n|turn|17\n|\n|t:|1699999579\n|move|p2a: Ribombee|Sticky Web|p1a: bettel explodes\n|-sidestart|p1: CyberH3|move: Sticky Web\n|move|p1a: bettel explodes|Flamethrower|p2a: Ribombee\n|-supereffective|p2a: Ribombee\n|-damage|p2a: Ribombee|0 fnt\n|faint|p2a: Ribombee\n|\n|upkeep\n|\n|t:|1699999582\n|switch|p2a: Tyranitar|Tyranitar, M|84\/100\n|-weather|Sandstorm|[from] ability: Sand Stream|[of] p2a: Tyranitar\n|turn|18\n|\n|t:|1699999585\n|switch|p1a: Snailtare|Goodra-Hisui, M|59\/100\n|-activate|p1a: Snailtare|move: Sticky Web\n|-unboost|p1a: Snailtare|spe|1\n|move|p2a: Tyranitar|Knock Off|p1a: Snailtare\n|-damage|p1a: Snailtare|30\/100\n|\n|-weather|Sandstorm|[upkeep]\n|upkeep\n|turn|19\n|\n|t:|1699999595\n|move|p2a: Tyranitar|Knock Off|p1a: Snailtare\n|-damage|p1a: Snailtare|2\/100\n|move|p1a: Snailtare|Ice Beam|p2a: Tyranitar\n|-damage|p2a: Tyranitar|71\/100\n|\n|-weather|Sandstorm|[upkeep]\n|upkeep\n|turn|20\n|\n|t:|1699999601\n|move|p1a: Snailtare|Protect|p1a: Snailtare\n|-singleturn|p1a: Snailtare|Protect\n|move|p2a: Tyranitar|Knock Off|p1a: Snailtare\n|-activate|p1a: Snailtare|move: Protect\n|\n|-weather|Sandstorm|[upkeep]\n|upkeep\n|turn|21\n|\n|t:|1699999608\n|move|p2a: Tyranitar|Knock Off|p1a: Snailtare\n|-damage|p1a: Snailtare|0 fnt\n|faint|p1a: Snailtare\n|\n|-weather|Sandstorm|[upkeep]\n|upkeep\n|\n|t:|1699999619\n|switch|p1a: ina artist|Grafaiai, M|94\/100\n|-activate|p1a: ina artist|move: Sticky Web\n|-unboost|p1a: ina artist|spe|1\n|turn|22\n|\n|t:|1699999623\n|move|p1a: ina artist|Foul Play|p2a: Tyranitar\n|-resisted|p2a: Tyranitar\n|-damage|p2a: Tyranitar|59\/100\n|move|p2a: Tyranitar|Knock Off|p1a: ina artist\n|-crit|p1a: ina artist\n|-damage|p1a: ina artist|1\/100\n|-enditem|p1a: ina artist|Focus Sash|[from] move: Knock Off|[of] p2a: Tyranitar\n|\n|-weather|none\n|upkeep\n|turn|23\n|\n|t:|1699999635\n|move|p1a: ina artist|Foul Play|p2a: Tyranitar\n|-resisted|p2a: Tyranitar\n|-damage|p2a: Tyranitar|46\/100\n|move|p2a: Tyranitar|Knock Off|p1a: ina artist\n|-damage|p1a: ina artist|0 fnt\n|faint|p1a: ina artist\n|\n|upkeep\n|\n|t:|1699999642\n|switch|p1a: bettel explodes|Azelf|82\/100\n|turn|24\n|\n|t:|1699999650\n|switch|p2a: Ogerpon|Ogerpon-Cornerstone, F|100\/100\n|move|p1a: bettel explodes|Flamethrower|p2a: Ogerpon\n|-damage|p2a: Ogerpon|67\/100\n|\n|upkeep\n|turn|25\n|\n|t:|1699999662\n|move|p1a: bettel explodes|Flamethrower|p2a: Ogerpon\n|-damage|p2a: Ogerpon|29\/100\n|move|p2a: Ogerpon|Swords Dance|p2a: Ogerpon\n|-boost|p2a: Ogerpon|atk|2\n|\n|upkeep\n|turn|26\n|\n|t:|1699999674\n|-terastallize|p2a: Ogerpon|Rock\n|detailschange|p2a: Ogerpon|Ogerpon-Cornerstone-Tera, F, tera:Rock\n|-ability|p2a: Ogerpon|Embody Aspect (Cornerstone)|boost\n|-boost|p2a: Ogerpon|def|1\n|move|p1a: bettel explodes|Flamethrower|p2a: Ogerpon\n|-resisted|p2a: Ogerpon\n|-damage|p2a: Ogerpon|11\/100\n|move|p2a: Ogerpon|Ivy Cudgel|p1a: bettel explodes|[anim] Ivy Cudgel Rock\n|-crit|p1a: bettel explodes\n|-damage|p1a: bettel explodes|0 fnt\n|faint|p1a: bettel explodes\n|\n|upkeep\n|\n|t:|1699999678\n|switch|p1a: OHAYOLLIE|Mimikyu, F|100\/100\n|-activate|p1a: OHAYOLLIE|move: Sticky Web\n|-unboost|p1a: OHAYOLLIE|spe|1\n|turn|27\n|\n|t:|1699999683\n|move|p1a: OHAYOLLIE|Shadow Sneak|p2a: Ogerpon\n|-damage|p2a: Ogerpon|0 fnt\n|faint|p2a: Ogerpon\n|-damage|p1a: OHAYOLLIE|91\/100|[from] item: Life Orb\n|\n|upkeep\n|\n|t:|1699999688\n|switch|p2a: Tyranitar|Tyranitar, M|46\/100\n|-weather|Sandstorm|[from] ability: Sand Stream|[of] p2a: Tyranitar\n|turn|28\n|\n|t:|1699999694\n|move|p1a: OHAYOLLIE|Drain Punch|p2a: Tyranitar\n|-supereffective|p2a: Tyranitar\n|-damage|p2a: Tyranitar|0 fnt\n|-heal|p1a: OHAYOLLIE|100\/100|[from] drain|[of] p2a: Tyranitar\n|faint|p2a: Tyranitar\n|-damage|p1a: OHAYOLLIE|91\/100|[from] item: Life Orb\n|\n|-weather|Sandstorm|[upkeep]\n|-damage|p1a: OHAYOLLIE|85\/100|[from] Sandstorm\n|upkeep\n|\n|t:|1699999701\n|switch|p2a: Enamorus|Enamorus, F|100\/100\n|turn|29\n|\n|t:|1699999707\n|move|p2a: Enamorus|Mystical Fire|p1a: OHAYOLLIE\n|-activate|p1a: OHAYOLLIE|ability: Disguise\n|-damage|p1a: OHAYOLLIE|85\/100\n|-unboost|p1a: OHAYOLLIE|spa|1\n|detailschange|p1a: OHAYOLLIE|Mimikyu-Busted, F\n|-damage|p1a: OHAYOLLIE|72\/100|[from] pokemon: Mimikyu-Busted\n|move|p1a: OHAYOLLIE|Swords Dance|p1a: OHAYOLLIE\n|-boost|p1a: OHAYOLLIE|atk|2\n|\n|-weather|Sandstorm|[upkeep]\n|-damage|p2a: Enamorus|94\/100|[from] Sandstorm\n|-damage|p1a: OHAYOLLIE|66\/100|[from] Sandstorm\n|upkeep\n|turn|30\n|\n|t:|1699999721\n|-terastallize|p1a: OHAYOLLIE|Ghost\n|move|p1a: OHAYOLLIE|Shadow Sneak|p2a: Enamorus\n|-damage|p2a: Enamorus|6\/100\n|-damage|p1a: OHAYOLLIE|56\/100|[from] item: Life Orb\n|move|p2a: Enamorus|Mystical Fire|p1a: OHAYOLLIE\n|-damage|p1a: OHAYOLLIE|19\/100\n|-unboost|p1a: OHAYOLLIE|spa|1\n|\n|-weather|Sandstorm|[upkeep]\n|-damage|p2a: Enamorus|0 fnt|[from] Sandstorm\n|-damage|p1a: OHAYOLLIE|13\/100|[from] Sandstorm\n|faint|p2a: Enamorus\n|\n|win|CyberH3\n|upkeep\n|raw|CyberH3's rating: 1305 &rarr; <strong>1330<\/strong><br \/>(+25 for winning)\n|raw|Ottonaut's rating: 1386 &rarr; <strong>1361<\/strong><br \/>(-25 for losing)\n","uploadtime":1699999728,"views":18,"p1id":"cyberh3","p2id":"ottonaut","formatid":"gen9ou","rating":1330,"private":0,"password":""}