{"id":"gen9ou-1996804083","p1":"Hachirobei","p2":"JachiMalz","format":"[Gen 9] OU","log":"|j|\u2606Hachirobei\n|j|\u2606JachiMalz\n|t:|1700728021\n|gametype|singles\n|player|p1|Hachirobei|2|1273\n|player|p2|JachiMalz|rocketgruntf|1330\n|teamsize|p1|6\n|teamsize|p2|6\n|gen|9\n|tier|[Gen 9] OU\n|rated|\n|rule|Sleep Clause Mod: Limit one foe put to sleep\n|rule|Species Clause: Limit one of each Pok\u00e9mon\n|rule|OHKO Clause: OHKO moves are banned\n|rule|Evasion Items Clause: Evasion items are banned\n|rule|Evasion Moves Clause: Evasion moves are banned\n|rule|Endless Battle Clause: Forcing endless battles is banned\n|rule|HP Percentage Mod: HP is shown in percentages\n|clearpoke\n|poke|p1|Ribombee, F|\n|poke|p1|Torterra, M|\n|poke|p1|Dragonite, M|\n|poke|p1|Greninja-*, M|\n|poke|p1|Glimmora, M|\n|poke|p1|Iron Valiant|\n|poke|p2|Arcanine-Hisui, F|\n|poke|p2|Enamorus, F|\n|poke|p2|Great Tusk|\n|poke|p2|Slowking-Galar, M|\n|poke|p2|Weavile, F|\n|poke|p2|Hawlucha, M|\n|teampreview\n|\n|t:|1700728035\n|start\n|switch|p1a: Glimmora|Glimmora, M|100\/100\n|switch|p2a: Arcanine|Arcanine-Hisui, F|100\/100\n|-item|p2a: Arcanine|Air Balloon\n|turn|1\n|\n|t:|1700728049\n|move|p2a: Arcanine|Flame Charge|p1a: Glimmora\n|-resisted|p1a: Glimmora\n|-damage|p1a: Glimmora|86\/100\n|-boost|p2a: Arcanine|spe|1\n|-activate|p1a: Glimmora|ability: Toxic Debris\n|-sidestart|p2: JachiMalz|move: Toxic Spikes\n|move|p1a: Glimmora|Stealth Rock|p2a: Arcanine\n|-sidestart|p2: JachiMalz|move: Stealth Rock\n|\n|upkeep\n|turn|2\n|\n|t:|1700728056\n|move|p2a: Arcanine|Head Smash|p1a: Glimmora|[miss]\n|-miss|p2a: Arcanine|p1a: Glimmora\n|move|p1a: Glimmora|Sludge Wave|p2a: Arcanine\n|-resisted|p2a: Arcanine\n|-damage|p2a: Arcanine|67\/100\n|-enditem|p2a: Arcanine|Air Balloon\n|\n|upkeep\n|turn|3\n|\n|t:|1700728059\n|move|p2a: Arcanine|Head Smash|p1a: Glimmora\n|-damage|p1a: Glimmora|0 fnt\n|-activate|p1a: Glimmora|ability: Toxic Debris\n|-sidestart|p2: JachiMalz|move: Toxic Spikes\n|faint|p1a: Glimmora\n|\n|upkeep\n|\n|t:|1700728066\n|switch|p1a: Greninja|Greninja, M|100\/100\n|turn|4\n|\n|t:|1700728072\n|-terastallize|p2a: Arcanine|Rock\n|move|p2a: Arcanine|Head Smash|p1a: Greninja\n|-damage|p1a: Greninja|0 fnt\n|faint|p1a: Greninja\n|\n|upkeep\n|\n|t:|1700728096\n|switch|p1a: Ribombee|Ribombee, F, shiny|100\/100\n|turn|5\n|\n|t:|1700728100\n|move|p2a: Arcanine|Flame Charge|p1a: Ribombee\n|-supereffective|p1a: Ribombee\n|-enditem|p1a: Ribombee|Focus Sash\n|-damage|p1a: Ribombee|1\/100\n|-boost|p2a: Arcanine|spe|1\n|move|p1a: Ribombee|Stun Spore|p2a: Arcanine|[miss]\n|-miss|p1a: Ribombee|p2a: Arcanine\n|\n|upkeep\n|turn|6\n|\n|t:|1700728109\n|move|p2a: Arcanine|Flame Charge|p1a: Ribombee\n|-supereffective|p1a: Ribombee\n|-damage|p1a: Ribombee|0 fnt\n|-boost|p2a: Arcanine|spe|1\n|faint|p1a: Ribombee\n|\n|upkeep\n|\n|t:|1700728112\n|switch|p1a: Torterra|Torterra, M|100\/100\n|turn|7\n|\n|t:|1700728117\n|move|p2a: Arcanine|Flare Blitz|p1a: Torterra\n|-supereffective|p1a: Torterra\n|-damage|p1a: Torterra|0 fnt\n|faint|p1a: Torterra\n|\n|upkeep\n|-message|Hachirobei forfeited.\n|\n|win|JachiMalz\n|raw|Hachirobei's rating: 1273 &rarr; <strong>1252<\/strong><br \/>(-21 for losing)\n|raw|JachiMalz's rating: 1330 &rarr; <strong>1347<\/strong><br \/>(+17 for winning)\n|l|\u2606Hachirobei\n","uploadtime":1700728124,"views":12,"p1id":"hachirobei","p2id":"jachimalz","formatid":"gen9ou","rating":1252,"private":0,"password":""}