{"id":"gen9ou-1991899096","p1":"Zapsuki","p2":"Kilam93","format":"[Gen 9] OU","log":"|j|\u2606Zapsuki\n|j|\u2606Kilam93\n|t:|1700135464\n|gametype|singles\n|player|p1|Zapsuki|serena-masters2|1631\n|player|p2|Kilam93|byron|1651\n|teamsize|p1|6\n|teamsize|p2|6\n|gen|9\n|tier|[Gen 9] OU\n|rated|\n|rule|Sleep Clause Mod: Limit one foe put to sleep\n|rule|Species Clause: Limit one of each Pok\u00e9mon\n|rule|OHKO Clause: OHKO moves are banned\n|rule|Evasion Items Clause: Evasion items are banned\n|rule|Evasion Moves Clause: Evasion moves are banned\n|rule|Endless Battle Clause: Forcing endless battles is banned\n|rule|HP Percentage Mod: HP is shown in percentages\n|clearpoke\n|poke|p1|Dragonite, F|\n|poke|p1|Garchomp, M|\n|poke|p1|Kommo-o, F|\n|poke|p1|Dragapult, M|\n|poke|p1|Tinkaton, F|\n|poke|p1|Walking Wake|\n|poke|p2|Samurott-Hisui, F|\n|poke|p2|Landorus-Therian, M|\n|poke|p2|Dragapult, F|\n|poke|p2|Tornadus-Therian, M|\n|poke|p2|Hatterene, F|\n|poke|p2|Heatran, M|\n|teampreview\n|inactive|Battle timer is ON: inactive players will automatically lose when time's up. (requested by Zapsuki)\n|\n|t:|1700135479\n|start\n|switch|p1a: Walking Wake|Walking Wake|100\/100\n|switch|p2a: Hatterene|Hatterene, F|100\/100\n|turn|1\n|\n|t:|1700135487\n|-end|p1a: Walking Wake|Protosynthesis|[silent]\n|switch|p1a: Tinkaton|Tinkaton, F, shiny|100\/100\n|-ability|p1a: Tinkaton|Mold Breaker\n|move|p2a: Hatterene|Calm Mind|p2a: Hatterene\n|-boost|p2a: Hatterene|spa|1\n|-boost|p2a: Hatterene|spd|1\n|\n|upkeep\n|turn|2\n|\n|t:|1700135501\n|switch|p2a: Landorus|Landorus-Therian, M|100\/100\n|-ability|p2a: Landorus|Intimidate|boost\n|-unboost|p1a: Tinkaton|atk|1\n|move|p1a: Tinkaton|Gigaton Hammer|p2a: Landorus\n|-damage|p2a: Landorus|74\/100\n|\n|upkeep\n|turn|3\n|\n|t:|1700135508\n|switch|p1a: Garchomp|Garchomp, M|100\/100\n|move|p2a: Landorus|U-turn|p1a: Garchomp\n|-damage|p1a: Garchomp|83\/100\n|-damage|p2a: Landorus|61\/100|[from] ability: Rough Skin|[of] p1a: Garchomp\n|-damage|p2a: Landorus|45\/100|[from] item: Rocky Helmet|[of] p1a: Garchomp\n|\n|t:|1700135518\n|switch|p2a: Dragapult|Dragapult, F|100\/100|[from] U-turn\n|\n|upkeep\n|turn|4\n|\n|t:|1700135522\n|switch|p1a: Tinkaton|Tinkaton, F, shiny|100\/100\n|-ability|p1a: Tinkaton|Mold Breaker\n|move|p2a: Dragapult|Dragon Darts|p1a: Tinkaton\n|-immune|p1a: Tinkaton\n|\n|upkeep\n|turn|5\n|\n|t:|1700135531\n|move|p2a: Dragapult|Will-O-Wisp|p1a: Tinkaton\n|-status|p1a: Tinkaton|brn\n|move|p1a: Tinkaton|Gigaton Hammer|p2a: Dragapult\n|-damage|p2a: Dragapult|65\/100\n|\n|-damage|p1a: Tinkaton|94\/100 brn|[from] brn\n|upkeep\n|turn|6\n|\n|t:|1700135544\n|move|p2a: Dragapult|U-turn|p1a: Tinkaton\n|-resisted|p1a: Tinkaton\n|-damage|p1a: Tinkaton|89\/100 brn\n|\n|t:|1700135547\n|switch|p2a: Landorus|Landorus-Therian, M|45\/100|[from] U-turn\n|-ability|p2a: Landorus|Intimidate|boost\n|-unboost|p1a: Tinkaton|atk|1\n|move|p1a: Tinkaton|Knock Off|p2a: Landorus\n|-crit|p2a: Landorus\n|-damage|p2a: Landorus|32\/100\n|-damage|p1a: Tinkaton|73\/100 brn|[from] item: Rocky Helmet|[of] p2a: Landorus\n|-enditem|p2a: Landorus|Rocky Helmet|[from] move: Knock Off|[of] p1a: Tinkaton\n|\n|-heal|p1a: Tinkaton|79\/100 brn|[from] item: Leftovers\n|-damage|p1a: Tinkaton|73\/100 brn|[from] brn\n|upkeep\n|turn|7\n|\n|t:|1700135554\n|switch|p1a: Garchomp|Garchomp, M|83\/100\n|move|p2a: Landorus|Stealth Rock|p1a: Garchomp\n|-sidestart|p1: Zapsuki|move: Stealth Rock\n|\n|upkeep\n|turn|8\n|\n|t:|1700135562\n|switch|p2a: Hatterene|Hatterene, F|100\/100\n|move|p1a: Garchomp|Earthquake|p2a: Hatterene\n|-damage|p2a: Hatterene|65\/100\n|\n|-heal|p2a: Hatterene|71\/100|[from] item: Leftovers\n|upkeep\n|turn|9\n|\n|t:|1700135567\n|switch|p1a: Tinkaton|Tinkaton, F, shiny|73\/100 brn\n|-damage|p1a: Tinkaton|67\/100 brn|[from] Stealth Rock\n|-ability|p1a: Tinkaton|Mold Breaker\n|move|p2a: Hatterene|Draining Kiss|p1a: Tinkaton\n|-resisted|p1a: Tinkaton\n|-damage|p1a: Tinkaton|59\/100 brn\n|-heal|p2a: Hatterene|78\/100|[from] drain|[of] p1a: Tinkaton\n|\n|-heal|p1a: Tinkaton|65\/100 brn|[from] item: Leftovers\n|-heal|p2a: Hatterene|84\/100|[from] item: Leftovers\n|-damage|p1a: Tinkaton|59\/100 brn|[from] brn\n|upkeep\n|turn|10\n|\n|t:|1700135577\n|switch|p2a: Landorus|Landorus-Therian, M|32\/100\n|-ability|p2a: Landorus|Intimidate|boost\n|-unboost|p1a: Tinkaton|atk|1\n|move|p1a: Tinkaton|Gigaton Hammer|p2a: Landorus\n|-damage|p2a: Landorus|17\/100\n|\n|-heal|p1a: Tinkaton|65\/100 brn|[from] item: Leftovers\n|-damage|p1a: Tinkaton|59\/100 brn|[from] brn\n|upkeep\n|turn|11\n|\n|t:|1700135585\n|switch|p1a: Garchomp|Garchomp, M|83\/100\n|-damage|p1a: Garchomp|77\/100|[from] Stealth Rock\n|move|p2a: Landorus|Earthquake|p1a: Garchomp\n|-damage|p1a: Garchomp|38\/100\n|\n|upkeep\n|turn|12\n|\n|t:|1700135593\n|move|p1a: Garchomp|Stealth Rock|p2a: Landorus\n|-sidestart|p2: Kilam93|move: Stealth Rock\n|move|p2a: Landorus|Earthquake|p1a: Garchomp\n|-damage|p1a: Garchomp|0 fnt\n|faint|p1a: Garchomp\n|\n|upkeep\n|\n|t:|1700135617\n|switch|p1a: Dragapult|Dragapult, M|100\/100\n|turn|13\n|\n|t:|1700135626\n|move|p1a: Dragapult|Dragon Darts|p2a: Landorus\n|-damage|p2a: Landorus|0 fnt\n|faint|p2a: Landorus\n|\n|upkeep\n|\n|t:|1700135631\n|switch|p2a: Samurott|Samurott-Hisui, F|100\/100\n|-damage|p2a: Samurott|88\/100|[from] Stealth Rock\n|turn|14\n|\n|t:|1700135638\n|switch|p1a: Kommo-o|Kommo-o, F|100\/100\n|move|p2a: Samurott|Ceaseless Edge|p1a: Kommo-o\n|-resisted|p1a: Kommo-o\n|-damage|p1a: Kommo-o|78\/100\n|-sidestart|p1: Zapsuki|Spikes\n|\n|upkeep\n|turn|15\n|\n|t:|1700135662\n|switch|p2a: Hatterene|Hatterene, F|84\/100\n|-damage|p2a: Hatterene|71\/100|[from] Stealth Rock\n|move|p1a: Kommo-o|Clangorous Soul|p1a: Kommo-o\n|-boost|p1a: Kommo-o|atk|1\n|-boost|p1a: Kommo-o|def|1\n|-boost|p1a: Kommo-o|spa|1\n|-boost|p1a: Kommo-o|spd|1\n|-boost|p1a: Kommo-o|spe|1\n|-damage|p1a: Kommo-o|45\/100\n|\n|-heal|p2a: Hatterene|77\/100|[from] item: Leftovers\n|upkeep\n|turn|16\n|\n|t:|1700135671\n|-terastallize|p1a: Kommo-o|Steel\n|move|p1a: Kommo-o|Flash Cannon|p2a: Hatterene\n|-supereffective|p2a: Hatterene\n|-damage|p2a: Hatterene|0 fnt\n|faint|p2a: Hatterene\n|\n|upkeep\n|\n|t:|1700135676\n|switch|p2a: Samurott|Samurott-Hisui, F|88\/100\n|-damage|p2a: Samurott|76\/100|[from] Stealth Rock\n|turn|17\n|\n|t:|1700135685\n|move|p2a: Samurott|Sacred Sword|p1a: Kommo-o\n|-supereffective|p1a: Kommo-o\n|-damage|p1a: Kommo-o|0 fnt\n|faint|p1a: Kommo-o\n|\n|upkeep\n|\n|t:|1700135694\n|switch|p1a: Dragapult|Dragapult, M|100\/100\n|turn|18\n|j| utsudere\n|\n|t:|1700135709\n|switch|p2a: Tornadus|Tornadus-Therian, M|100\/100\n|move|p1a: Dragapult|Dragon Darts|p2a: Tornadus\n|-damage|p2a: Tornadus|72\/100\n|-anim|p1a: Dragapult|Dragon Darts|p2a: Tornadus\n|-damage|p2a: Tornadus|45\/100\n|\n|upkeep\n|turn|19\n|\n|t:|1700135739\n|switch|p2a: Heatran|Heatran, M|100\/100\n|-damage|p2a: Heatran|88\/100|[from] Stealth Rock\n|move|p1a: Dragapult|Dragon Darts|p2a: Heatran\n|-resisted|p2a: Heatran\n|-crit|p2a: Heatran\n|-damage|p2a: Heatran|73\/100\n|-anim|p1a: Dragapult|Dragon Darts|p2a: Heatran\n|-resisted|p2a: Heatran\n|-damage|p2a: Heatran|64\/100\n|\n|-heal|p2a: Heatran|70\/100|[from] item: Leftovers\n|upkeep\n|turn|20\n|l| utsudere\n|\n|t:|1700135764\n|switch|p1a: Walking Wake|Walking Wake|100\/100\n|-damage|p1a: Walking Wake|88\/100|[from] Stealth Rock\n|-damage|p1a: Walking Wake|76\/100|[from] Spikes\n|move|p2a: Heatran|Magma Storm|p1a: Walking Wake\n|-resisted|p1a: Walking Wake\n|-damage|p1a: Walking Wake|64\/100\n|-activate|p1a: Walking Wake|move: Magma Storm|[of] p2a: Heatran\n|\n|-heal|p2a: Heatran|76\/100|[from] item: Leftovers\n|-damage|p1a: Walking Wake|52\/100|[from] move: Magma Storm|[partiallytrapped]\n|upkeep\n|turn|21\n|inactive|Kilam93 has 120 seconds left.\n|\n|t:|1700135796\n|switch|p2a: Tornadus|Tornadus-Therian, M|78\/100\n|move|p1a: Walking Wake|Scald|p2a: Tornadus\n|-damage|p2a: Tornadus|25\/100\n|\n|-end|p1a: Walking Wake|Magma Storm|[partiallytrapped]|[silent]\n|upkeep\n|turn|22\n|inactive|Kilam93 has 120 seconds left.\n|inactive|Kilam93 has 90 seconds left.\n|inactive|Kilam93 has 60 seconds left.\n|\n|t:|1700135868\n|-end|p1a: Walking Wake|Protosynthesis|[silent]\n|switch|p1a: Tinkaton|Tinkaton, F, shiny|59\/100 brn\n|-damage|p1a: Tinkaton|53\/100 brn|[from] Stealth Rock\n|-damage|p1a: Tinkaton|41\/100 brn|[from] Spikes\n|-ability|p1a: Tinkaton|Mold Breaker\n|move|p2a: Tornadus|Hurricane|p1a: Tinkaton\n|-resisted|p1a: Tinkaton\n|-damage|p1a: Tinkaton|24\/100 brn\n|\n|-heal|p1a: Tinkaton|30\/100 brn|[from] item: Leftovers\n|-damage|p1a: Tinkaton|24\/100 brn|[from] brn\n|upkeep\n|turn|23\n|inactive|Kilam93 has 60 seconds left.\n|\n|t:|1700135877\n|switch|p2a: Heatran|Heatran, M|76\/100\n|-damage|p2a: Heatran|64\/100|[from] Stealth Rock\n|move|p1a: Tinkaton|Thunder Wave|p2a: Heatran\n|-status|p2a: Heatran|par\n|\n|-heal|p1a: Tinkaton|30\/100 brn|[from] item: Leftovers\n|-heal|p2a: Heatran|70\/100 par|[from] item: Leftovers\n|-damage|p1a: Tinkaton|24\/100 brn|[from] brn\n|upkeep\n|turn|24\n|\n|t:|1700135883\n|move|p1a: Tinkaton|Knock Off|p2a: Heatran\n|-crit|p2a: Heatran\n|-damage|p2a: Heatran|58\/100 par\n|-enditem|p2a: Heatran|Leftovers|[from] move: Knock Off|[of] p1a: Tinkaton\n|move|p2a: Heatran|Earth Power|p1a: Tinkaton\n|-supereffective|p1a: Tinkaton\n|-damage|p1a: Tinkaton|0 fnt\n|faint|p1a: Tinkaton\n|\n|upkeep\n|\n|t:|1700135893\n|switch|p1a: Walking Wake|Walking Wake|52\/100\n|-damage|p1a: Walking Wake|39\/100|[from] Stealth Rock\n|-damage|p1a: Walking Wake|27\/100|[from] Spikes\n|turn|25\n|\n|t:|1700135909\n|move|p1a: Walking Wake|Draco Meteor|p2a: Heatran\n|-resisted|p2a: Heatran\n|-damage|p2a: Heatran|37\/100 par\n|-unboost|p1a: Walking Wake|spa|2\n|-enditem|p1a: Walking Wake|Eject Pack\n|\n|t:|1700135914\n|-end|p1a: Walking Wake|Protosynthesis|[silent]\n|switch|p1a: Dragapult|Dragapult, M|100\/100\n|cant|p2a: Heatran|par\n|\n|upkeep\n|turn|26\n|\n|t:|1700135919\n|move|p1a: Dragapult|Hex|p2a: Heatran\n|-damage|p2a: Heatran|1\/100 par\n|move|p2a: Heatran|Magma Storm|p1a: Dragapult|[miss]\n|-miss|p2a: Heatran|p1a: Dragapult\n|\n|upkeep\n|turn|27\n|\n|t:|1700135923\n|move|p1a: Dragapult|Hex|p2a: Heatran\n|-damage|p2a: Heatran|0 fnt\n|faint|p2a: Heatran\n|\n|upkeep\n|\n|t:|1700135926\n|switch|p2a: Samurott|Samurott-Hisui, F|76\/100\n|-damage|p2a: Samurott|63\/100|[from] Stealth Rock\n|turn|28\n|\n|t:|1700135940\n|switch|p1a: Walking Wake|Walking Wake|27\/100\n|-damage|p1a: Walking Wake|15\/100|[from] Stealth Rock\n|-damage|p1a: Walking Wake|3\/100|[from] Spikes\n|move|p2a: Samurott|Ceaseless Edge|p1a: Walking Wake\n|-damage|p1a: Walking Wake|0 fnt\n|-sidestart|p1: Zapsuki|Spikes\n|faint|p1a: Walking Wake\n|-end|p1a: Walking Wake|Protosynthesis|[silent]\n|\n|upkeep\n|\n|t:|1700135943\n|switch|p1a: Dragonite|Dragonite, F|100\/100\n|turn|29\n|inactive|Kilam93 has 90 seconds left.\n|\n|t:|1700135976\n|switch|p2a: Dragapult|Dragapult, F|65\/100\n|move|p1a: Dragonite|Dragon Dance|p1a: Dragonite\n|-boost|p1a: Dragonite|atk|1\n|-boost|p1a: Dragonite|spe|1\n|\n|upkeep\n|turn|30\n|\n|t:|1700135979\n|move|p1a: Dragonite|Dragon Claw|p2a: Dragapult\n|-supereffective|p2a: Dragapult\n|-damage|p2a: Dragapult|0 fnt\n|faint|p2a: Dragapult\n|\n|upkeep\n|\n|t:|1700135985\n|switch|p2a: Tornadus|Tornadus-Therian, M|58\/100\n|turn|31\n|\n|t:|1700135991\n|-terastallize|p2a: Tornadus|Rock\n|move|p1a: Dragonite|Dragon Claw|p2a: Tornadus\n|-damage|p2a: Tornadus|0 fnt\n|faint|p2a: Tornadus\n|\n|upkeep\n|-message|Kilam93 forfeited.\n|\n|win|Zapsuki\n|raw|Zapsuki's rating: 1631 &rarr; <strong>1652<\/strong><br \/>(+21 for winning)\n|raw|Kilam93's rating: 1651 &rarr; <strong>1630<\/strong><br \/>(-21 for losing)\n|l|\u2606Kilam93\n","uploadtime":1700136002,"views":14,"p1id":"zapsuki","p2id":"kilam93","formatid":"gen9ou","rating":1630,"private":0,"password":""}