{"id":"gen9ou-1992752805","p1":"CallmeGogonuts","p2":"earthwalkers","format":"[Gen 9] OU","log":"|j|\u2606CallmeGogonuts\n|j|\u2606earthwalkers\n|t:|1700232277\n|gametype|singles\n|player|p1|CallmeGogonuts|roxie|1228\n|player|p2|earthwalkers|170|1297\n|teamsize|p1|6\n|teamsize|p2|6\n|gen|9\n|tier|[Gen 9] OU\n|rated|\n|rule|Sleep Clause Mod: Limit one foe put to sleep\n|rule|Species Clause: Limit one of each Pok\u00e9mon\n|rule|OHKO Clause: OHKO moves are banned\n|rule|Evasion Items Clause: Evasion items are banned\n|rule|Evasion Moves Clause: Evasion moves are banned\n|rule|Endless Battle Clause: Forcing endless battles is banned\n|rule|HP Percentage Mod: HP is shown in percentages\n|clearpoke\n|poke|p1|Kleavor, M|\n|poke|p1|Walking Wake|\n|poke|p1|Great Tusk|\n|poke|p1|Kingambit, F|\n|poke|p1|Ribombee, F|\n|poke|p1|Torkoal, F|\n|poke|p2|Walking Wake|\n|poke|p2|Zapdos|\n|poke|p2|Rillaboom, M|\n|poke|p2|Great Tusk|\n|poke|p2|Mew|\n|poke|p2|Dragonite, M|\n|teampreview\n|inactive|Battle timer is ON: inactive players will automatically lose when time's up. (requested by CallmeGogonuts)\n|\n|t:|1700232287\n|start\n|switch|p1a: Ribombee|Ribombee, F|100\/100\n|switch|p2a: Great Tusk|Great Tusk|100\/100\n|turn|1\n|\n|t:|1700232292\n|-end|p2a: Great Tusk|Protosynthesis|[silent]\n|switch|p2a: Motionless|Dragonite, M, shiny|100\/100\n|move|p1a: Ribombee|Moonblast|p2a: Motionless\n|-supereffective|p2a: Motionless\n|-damage|p2a: Motionless|55\/100\n|-unboost|p2a: Motionless|spa|1\n|-enditem|p2a: Motionless|Weakness Policy\n|-boost|p2a: Motionless|atk|2|[from] item: Weakness Policy\n|-boost|p2a: Motionless|spa|2|[from] item: Weakness Policy\n|\n|upkeep\n|turn|2\n|\n|t:|1700232297\n|-terastallize|p2a: Motionless|Normal\n|move|p1a: Ribombee|Moonblast|p2a: Motionless\n|-damage|p2a: Motionless|9\/100\n|move|p2a: Motionless|Dragon Dance|p2a: Motionless\n|-boost|p2a: Motionless|atk|1\n|-boost|p2a: Motionless|spe|1\n|\n|upkeep\n|turn|3\n|\n|t:|1700232322\n|move|p2a: Motionless|Extreme Speed|p1a: Ribombee\n|-enditem|p1a: Ribombee|Focus Sash\n|-damage|p1a: Ribombee|1\/100\n|move|p1a: Ribombee|Moonblast|p2a: Motionless\n|-damage|p2a: Motionless|0 fnt\n|faint|p2a: Motionless\n|\n|upkeep\n|\n|t:|1700232327\n|switch|p2a: Big D Randy|Rillaboom, M, shiny|100\/100\n|-fieldstart|move: Grassy Terrain|[from] ability: Grassy Surge|[of] p2a: Big D Randy\n|turn|4\n|\n|t:|1700232333\n|switch|p1a: Torkoal|Torkoal, F|100\/100\n|-weather|SunnyDay|[from] ability: Drought|[of] p1a: Torkoal\n|move|p2a: Big D Randy|Grassy Glide|p1a: Torkoal\n|-resisted|p1a: Torkoal\n|-damage|p1a: Torkoal|83\/100\n|\n|-weather|SunnyDay|[upkeep]\n|-heal|p1a: Torkoal|89\/100|[from] Grassy Terrain\n|upkeep\n|turn|5\n|\n|t:|1700232342\n|switch|p2a: Great Tusk|Great Tusk|100\/100\n|-activate|p2a: Great Tusk|ability: Protosynthesis\n|-start|p2a: Great Tusk|protosynthesisatk\n|move|p1a: Torkoal|Yawn|p2a: Great Tusk\n|-start|p2a: Great Tusk|move: Yawn|[of] p1a: Torkoal\n|\n|-weather|SunnyDay|[upkeep]\n|-heal|p1a: Torkoal|95\/100|[from] Grassy Terrain\n|upkeep\n|turn|6\n|\n|t:|1700232352\n|-end|p2a: Great Tusk|Protosynthesis|[silent]\n|switch|p2a: Walking Wake|Walking Wake|100\/100\n|-activate|p2a: Walking Wake|ability: Protosynthesis\n|-start|p2a: Walking Wake|protosynthesisspa\n|switch|p1a: Great Tusk|Great Tusk|100\/100\n|-activate|p1a: Great Tusk|ability: Protosynthesis\n|-start|p1a: Great Tusk|protosynthesisdef\n|\n|-weather|SunnyDay|[upkeep]\n|upkeep\n|turn|7\n|\n|t:|1700232374\n|-terastallize|p1a: Great Tusk|Fighting\n|move|p2a: Walking Wake|Agility|p2a: Walking Wake\n|-boost|p2a: Walking Wake|spe|2\n|move|p1a: Great Tusk|Ice Spinner|p2a: Walking Wake\n|-damage|p2a: Walking Wake|71\/100\n|-fieldend|move: Grassy Terrain\n|\n|-weather|SunnyDay|[upkeep]\n|upkeep\n|turn|8\n|\n|t:|1700232388\n|move|p2a: Walking Wake|Dragon Pulse|p1a: Great Tusk\n|-damage|p1a: Great Tusk|36\/100\n|move|p1a: Great Tusk|Ice Spinner|p2a: Walking Wake\n|-damage|p2a: Walking Wake|40\/100\n|\n|-weather|SunnyDay|[upkeep]\n|upkeep\n|turn|9\n|\n|t:|1700232393\n|move|p2a: Walking Wake|Surf|p1a: Great Tusk\n|-damage|p1a: Great Tusk|6\/100\n|move|p1a: Great Tusk|Close Combat|p2a: Walking Wake\n|-damage|p2a: Walking Wake|0 fnt\n|-unboost|p1a: Great Tusk|def|1\n|-unboost|p1a: Great Tusk|spd|1\n|faint|p2a: Walking Wake\n|-end|p2a: Walking Wake|Protosynthesis|[silent]\n|\n|-weather|SunnyDay|[upkeep]\n|upkeep\n|\n|t:|1700232399\n|switch|p2a: Mimi|Mew|100\/100\n|turn|10\n|\n|t:|1700232425\n|move|p2a: Mimi|Stealth Rock|p1a: Great Tusk\n|-sidestart|p1: CallmeGogonuts|move: Stealth Rock\n|move|p1a: Great Tusk|Earthquake|p2a: Mimi\n|-damage|p2a: Mimi|56\/100\n|-enditem|p2a: Mimi|Red Card|[of] p1a: Great Tusk\n|-end|p1a: Great Tusk|Protosynthesis|[silent]\n|drag|p1a: Torkoal|Torkoal, F|95\/100\n|-damage|p1a: Torkoal|70\/100|[from] Stealth Rock\n|\n|-weather|SunnyDay|[upkeep]\n|upkeep\n|turn|11\n|\n|t:|1700232430\n|move|p2a: Mimi|Thunder Wave|p1a: Torkoal\n|-status|p1a: Torkoal|par\n|cant|p1a: Torkoal|par\n|\n|-weather|none\n|upkeep\n|turn|12\n|\n|t:|1700232439\n|move|p2a: Mimi|Taunt|p1a: Torkoal\n|-start|p1a: Torkoal|move: Taunt\n|cant|p1a: Torkoal|par\n|\n|upkeep\n|turn|13\n|inactive|earthwalkers has 120 seconds left.\n|\n|t:|1700232469\n|switch|p2a: Great Tusk|Great Tusk|100\/100\n|move|p1a: Torkoal|Rapid Spin|p2a: Great Tusk\n|-crit|p2a: Great Tusk\n|-damage|p2a: Great Tusk|89\/100\n|-boost|p1a: Torkoal|spe|1\n|-sideend|p1: CallmeGogonuts|Stealth Rock|[from] move: Rapid Spin|[of] p1a: Torkoal\n|\n|-heal|p2a: Great Tusk|95\/100|[from] item: Leftovers\n|upkeep\n|turn|14\n|\n|t:|1700232481\n|switch|p1a: Great Tusk|Great Tusk, tera:Fighting|6\/100\n|move|p2a: Great Tusk|Headlong Rush|p1a: Great Tusk\n|-damage|p1a: Great Tusk|0 fnt\n|-unboost|p2a: Great Tusk|def|1\n|-unboost|p2a: Great Tusk|spd|1\n|faint|p1a: Great Tusk\n|-end|p1a: Great Tusk|Protosynthesis|[silent]\n|\n|-heal|p2a: Great Tusk|100\/100|[from] item: Leftovers\n|upkeep\n|\n|t:|1700232489\n|switch|p1a: Ribombee|Ribombee, F|1\/100\n|turn|15\n|\n|t:|1700232495\n|move|p1a: Ribombee|Moonblast|p2a: Great Tusk\n|-supereffective|p2a: Great Tusk\n|-damage|p2a: Great Tusk|0 fnt\n|faint|p2a: Great Tusk\n|-end|p2a: Great Tusk|Protosynthesis|[silent]\n|\n|upkeep\n|\n|t:|1700232498\n|switch|p2a: Big D Randy|Rillaboom, M, shiny|100\/100\n|-fieldstart|move: Grassy Terrain|[from] ability: Grassy Surge|[of] p2a: Big D Randy\n|turn|16\n|\n|t:|1700232502\n|switch|p1a: Torkoal|Torkoal, F|70\/100 par\n|-weather|SunnyDay|[from] ability: Drought|[of] p1a: Torkoal\n|move|p2a: Big D Randy|Grassy Glide|p1a: Torkoal\n|-resisted|p1a: Torkoal\n|-damage|p1a: Torkoal|53\/100 par\n|\n|-weather|SunnyDay|[upkeep]\n|-heal|p1a: Torkoal|59\/100 par|[from] Grassy Terrain\n|upkeep\n|turn|17\n|\n|t:|1700232508\n|switch|p2a: Mimi|Mew|56\/100\n|cant|p1a: Torkoal|par\n|\n|-weather|SunnyDay|[upkeep]\n|-heal|p2a: Mimi|63\/100|[from] Grassy Terrain\n|-heal|p1a: Torkoal|65\/100 par|[from] Grassy Terrain\n|upkeep\n|turn|18\n|\n|t:|1700232513\n|move|p2a: Mimi|Taunt|p1a: Torkoal\n|-start|p1a: Torkoal|move: Taunt\n|cant|p1a: Torkoal|par\n|\n|-weather|SunnyDay|[upkeep]\n|-heal|p2a: Mimi|69\/100|[from] Grassy Terrain\n|-heal|p1a: Torkoal|71\/100 par|[from] Grassy Terrain\n|upkeep\n|turn|19\n|\n|t:|1700232521\n|switch|p2a: Big D Randy|Rillaboom, M, shiny|100\/100\n|move|p1a: Torkoal|Fire Blast|p2a: Big D Randy|[miss]\n|-miss|p1a: Torkoal|p2a: Big D Randy\n|\n|-weather|SunnyDay|[upkeep]\n|-heal|p1a: Torkoal|77\/100 par|[from] Grassy Terrain\n|upkeep\n|turn|20\n|c|\u2606CallmeGogonuts|This turtle fucking sucks\n|\n|t:|1700232543\n|move|p2a: Big D Randy|Drain Punch|p1a: Torkoal\n|-damage|p1a: Torkoal|55\/100 par\n|move|p1a: Torkoal|Fire Blast|p2a: Big D Randy\n|-supereffective|p2a: Big D Randy\n|-damage|p2a: Big D Randy|0 fnt\n|faint|p2a: Big D Randy\n|\n|-weather|SunnyDay|[upkeep]\n|-heal|p1a: Torkoal|62\/100 par|[from] Grassy Terrain\n|-end|p1a: Torkoal|move: Taunt\n|-fieldend|move: Grassy Terrain\n|upkeep\n|\n|t:|1700232550\n|switch|p2a: IceNineKills|Zapdos, shiny|100\/100\n|turn|21\n|\n|t:|1700232562\n|move|p2a: IceNineKills|Thunderbolt|p1a: Torkoal\n|-damage|p1a: Torkoal|0 fnt\n|faint|p1a: Torkoal\n|\n|-weather|SunnyDay|[upkeep]\n|upkeep\n|\n|t:|1700232572\n|switch|p1a: Ribombee|Ribombee, F|1\/100\n|turn|22\n|\n|t:|1700232578\n|move|p1a: Ribombee|Moonblast|p2a: IceNineKills\n|-damage|p2a: IceNineKills|50\/100\n|move|p2a: IceNineKills|Thunderbolt|p1a: Ribombee\n|-damage|p1a: Ribombee|0 fnt\n|faint|p1a: Ribombee\n|\n|-weather|SunnyDay|[upkeep]\n|upkeep\n|\n|t:|1700232581\n|switch|p1a: Kleavor|Kleavor, M|100\/100\n|turn|23\n|\n|t:|1700232590\n|switch|p2a: Mimi|Mew|69\/100\n|move|p1a: Kleavor|Stone Axe|p2a: Mimi\n|-damage|p2a: Mimi|20\/100\n|-sidestart|p2: earthwalkers|move: Stealth Rock\n|\n|-weather|none\n|upkeep\n|turn|24\n|\n|t:|1700232598\n|move|p1a: Kleavor|Stone Axe|p2a: Mimi\n|-damage|p2a: Mimi|0 fnt\n|faint|p2a: Mimi\n|\n|upkeep\n|-message|earthwalkers forfeited.\n|\n|win|CallmeGogonuts\n|raw|CallmeGogonuts's rating: 1228 &rarr; <strong>1258<\/strong><br \/>(+30 for winning)\n|raw|earthwalkers's rating: 1297 &rarr; <strong>1267<\/strong><br \/>(-30 for losing)\n|l|\u2606earthwalkers\n","uploadtime":1700232538,"views":9,"p1id":"callmegogonuts","p2id":"earthwalkers","formatid":"gen9ou","rating":1258,"private":0,"password":""}