{"id":"gen9ou-1997513708","p1":"yukiya0103","p2":"Hultraspitfire","format":"[Gen 9] OU","log":"|j|\u2606yukiya0103\n|j|\u2606Hultraspitfire\n|t:|1700818294\n|gametype|singles\n|player|p1|yukiya0103|pokemaniac|1388\n|player|p2|Hultraspitfire|ethan|1409\n|teamsize|p1|6\n|teamsize|p2|6\n|gen|9\n|tier|[Gen 9] OU\n|rated|\n|rule|Sleep Clause Mod: Limit one foe put to sleep\n|rule|Species Clause: Limit one of each Pok\u00e9mon\n|rule|OHKO Clause: OHKO moves are banned\n|rule|Evasion Items Clause: Evasion items are banned\n|rule|Evasion Moves Clause: Evasion moves are banned\n|rule|Endless Battle Clause: Forcing endless battles is banned\n|rule|HP Percentage Mod: HP is shown in percentages\n|clearpoke\n|poke|p1|Great Tusk|\n|poke|p1|Quaquaval, F|\n|poke|p1|Slowking-Galar, F|\n|poke|p1|Alomomola, M|\n|poke|p1|Zapdos|\n|poke|p1|Kingambit, M|\n|poke|p2|Corviknight, F|\n|poke|p2|Landorus-Therian, M|\n|poke|p2|Heatran, F|\n|poke|p2|Staraptor, F|\n|poke|p2|Dragapult, M|\n|poke|p2|Rillaboom, F|\n|teampreview\n|inactive|Battle timer is ON: inactive players will automatically lose when time's up. (requested by yukiya0103)\n|\n|t:|1700818308\n|start\n|switch|p1a: Zapdos|Zapdos|100\/100\n|switch|p2a: Staraptor|Staraptor, F|100\/100\n|turn|1\n|\n|t:|1700818314\n|switch|p2a: Landorus|Landorus-Therian, M|100\/100\n|-ability|p2a: Landorus|Intimidate|boost\n|-unboost|p1a: Zapdos|atk|1\n|move|p1a: Zapdos|Volt Switch|p2a: Landorus\n|-immune|p2a: Landorus\n|\n|upkeep\n|turn|2\n|\n|t:|1700818320\n|move|p2a: Landorus|Stealth Rock|p1a: Zapdos\n|-sidestart|p1: yukiya0103|move: Stealth Rock\n|move|p1a: Zapdos|Hurricane|p2a: Landorus\n|-damage|p2a: Landorus|47\/100\n|-start|p2a: Landorus|confusion\n|\n|-heal|p2a: Landorus|53\/100|[from] item: Leftovers\n|upkeep\n|turn|3\n|\n|t:|1700818327\n|switch|p2a: Heatran|Heatran, F|100\/100\n|move|p1a: Zapdos|Hurricane|p2a: Heatran\n|-resisted|p2a: Heatran\n|-damage|p2a: Heatran|85\/100\n|-start|p2a: Heatran|confusion\n|\n|-heal|p2a: Heatran|91\/100|[from] item: Leftovers\n|upkeep\n|turn|4\n|\n|t:|1700818340\n|move|p1a: Zapdos|Volt Switch|p2a: Heatran\n|-damage|p2a: Heatran|72\/100\n|\n|t:|1700818344\n|switch|p1a: Quaquaval|Quaquaval, F|100\/100|[from] Volt Switch\n|-damage|p1a: Quaquaval|94\/100|[from] Stealth Rock\n|-activate|p2a: Heatran|confusion\n|-damage|p2a: Heatran|66\/100|[from] confusion\n|\n|-heal|p1a: Quaquaval|100\/100|[from] item: Leftovers\n|-heal|p2a: Heatran|73\/100|[from] item: Leftovers\n|upkeep\n|turn|5\n|\n|t:|1700818357\n|switch|p2a: Rillaboom|Rillaboom, F|100\/100\n|-fieldstart|move: Grassy Terrain|[from] ability: Grassy Surge|[of] p2a: Rillaboom\n|move|p1a: Quaquaval|Swords Dance|p1a: Quaquaval\n|-boost|p1a: Quaquaval|atk|2\n|\n|upkeep\n|turn|6\n|\n|t:|1700818364\n|-terastallize|p1a: Quaquaval|Poison\n|move|p2a: Rillaboom|Grassy Glide|p1a: Quaquaval\n|-resisted|p1a: Quaquaval\n|-damage|p1a: Quaquaval|74\/100\n|move|p1a: Quaquaval|Aqua Step|p2a: Rillaboom\n|-resisted|p2a: Rillaboom\n|-damage|p2a: Rillaboom|64\/100\n|-boost|p1a: Quaquaval|spe|1\n|\n|-heal|p1a: Quaquaval|81\/100|[from] Grassy Terrain\n|-heal|p1a: Quaquaval|87\/100|[from] item: Leftovers\n|-heal|p2a: Rillaboom|70\/100|[from] Grassy Terrain\n|-heal|p2a: Rillaboom|76\/100|[from] item: Leftovers\n|upkeep\n|turn|7\n|\n|t:|1700818381\n|switch|p2a: Corviknight|Corviknight, F|100\/100\n|-ability|p2a: Corviknight|Pressure\n|move|p1a: Quaquaval|Close Combat|p2a: Corviknight\n|-damage|p2a: Corviknight|28\/100\n|-unboost|p1a: Quaquaval|def|1\n|-unboost|p1a: Quaquaval|spd|1\n|\n|-heal|p1a: Quaquaval|93\/100|[from] Grassy Terrain\n|-heal|p1a: Quaquaval|99\/100|[from] item: Leftovers\n|upkeep\n|turn|8\n|\n|t:|1700818396\n|switch|p2a: Landorus|Landorus-Therian, M|53\/100\n|-ability|p2a: Landorus|Intimidate|boost\n|-unboost|p1a: Quaquaval|atk|1\n|move|p1a: Quaquaval|Aqua Step|p2a: Landorus\n|-supereffective|p2a: Landorus\n|-damage|p2a: Landorus|0 fnt\n|-boost|p1a: Quaquaval|spe|1\n|faint|p2a: Landorus\n|-ability|p1a: Quaquaval|Moxie|boost\n|-boost|p1a: Quaquaval|atk|1\n|\n|-heal|p1a: Quaquaval|100\/100|[from] Grassy Terrain\n|upkeep\n|\n|t:|1700818409\n|switch|p2a: Dragapult|Dragapult, M|100\/100\n|turn|9\n|\n|t:|1700818416\n|move|p1a: Quaquaval|Knock Off|p2a: Dragapult\n|-supereffective|p2a: Dragapult\n|-damage|p2a: Dragapult|0 fnt\n|-enditem|p2a: Dragapult|Choice Specs|[from] move: Knock Off|[of] p1a: Quaquaval\n|faint|p2a: Dragapult\n|-ability|p1a: Quaquaval|Moxie|boost\n|-boost|p1a: Quaquaval|atk|1\n|\n|-fieldend|move: Grassy Terrain\n|upkeep\n|\n|t:|1700818424\n|switch|p2a: Staraptor|Staraptor, F|100\/100\n|turn|10\n|\n|t:|1700818429\n|move|p1a: Quaquaval|Close Combat|p2a: Staraptor\n|-damage|p2a: Staraptor|0 fnt\n|-unboost|p1a: Quaquaval|def|1\n|-unboost|p1a: Quaquaval|spd|1\n|faint|p2a: Staraptor\n|-ability|p1a: Quaquaval|Moxie|boost\n|-boost|p1a: Quaquaval|atk|1\n|\n|upkeep\n|-message|Hultraspitfire forfeited.\n|\n|win|yukiya0103\n|raw|yukiya0103's rating: 1388 &rarr; <strong>1409<\/strong><br \/>(+21 for winning)\n|raw|Hultraspitfire's rating: 1409 &rarr; <strong>1388<\/strong><br \/>(-21 for losing)\n|l|\u2606Hultraspitfire\n","uploadtime":1700818444,"views":4,"p1id":"yukiya0103","p2id":"hultraspitfire","formatid":"gen9ou","rating":1388,"private":0,"password":""}