{"id":"gen9ou-1993463175","p1":"Vary Aries","p2":"Kuzwa","format":"[Gen 9] OU","log":"|j|\u2606Vary Aries\n|j|\u2606Kuzwa\n|t:|1700320964\n|gametype|singles\n|player|p1|Vary Aries|cynthia|1305\n|player|p2|Kuzwa|pokemonbreeder-gen4|1249\n|teamsize|p1|6\n|teamsize|p2|6\n|gen|9\n|tier|[Gen 9] OU\n|rated|\n|rule|Sleep Clause Mod: Limit one foe put to sleep\n|rule|Species Clause: Limit one of each Pok\u00e9mon\n|rule|OHKO Clause: OHKO moves are banned\n|rule|Evasion Items Clause: Evasion items are banned\n|rule|Evasion Moves Clause: Evasion moves are banned\n|rule|Endless Battle Clause: Forcing endless battles is banned\n|rule|HP Percentage Mod: HP is shown in percentages\n|clearpoke\n|poke|p1|Lycanroc-Dusk, M|\n|poke|p1|Clawitzer, M|\n|poke|p1|Iron Jugulis|\n|poke|p1|Rillaboom, M|\n|poke|p1|Iron Moth|\n|poke|p1|Iron Valiant|\n|poke|p2|Greninja-*, M|\n|poke|p2|Sinistcha-Masterpiece|\n|poke|p2|Gallade, M|\n|poke|p2|Weavile, F|\n|poke|p2|Hydreigon, M|\n|poke|p2|Glimmora, M|\n|teampreview\n|inactive|Battle timer is ON: inactive players will automatically lose when time's up. (requested by Vary Aries)\n|\n|t:|1700320969\n|start\n|switch|p1a: Lycanroc|Lycanroc-Dusk, M|100\/100\n|switch|p2a: thing|Glimmora, M, shiny|100\/100\n|-item|p2a: thing|Air Balloon\n|turn|1\n|\n|t:|1700320977\n|move|p1a: Lycanroc|Accelerock|p2a: thing\n|-damage|p2a: thing|52\/100\n|-activate|p2a: thing|ability: Toxic Debris\n|-sidestart|p1: Vary Aries|move: Toxic Spikes\n|-enditem|p2a: thing|Air Balloon\n|move|p2a: thing|Earth Power|p1a: Lycanroc\n|-supereffective|p1a: Lycanroc\n|-damage|p1a: Lycanroc|0 fnt\n|faint|p1a: Lycanroc\n|\n|upkeep\n|\n|t:|1700320987\n|switch|p1a: Iron Moth|Iron Moth|100\/100\n|-sideend|p1: Vary Aries|move: Toxic Spikes|[of] p1a: Iron Moth\n|-enditem|p1a: Iron Moth|Booster Energy\n|-activate|p1a: Iron Moth|ability: Quark Drive|[fromitem]\n|-start|p1a: Iron Moth|quarkdrivespa\n|turn|2\n|\n|t:|1700320999\n|move|p1a: Iron Moth|Energy Ball|p2a: thing\n|-damage|p2a: thing|0 fnt\n|faint|p2a: thing\n|\n|upkeep\n|\n|t:|1700321004\n|switch|p2a: Hidetoshi Odagiri|Greninja, M|100\/100\n|turn|3\n|\n|t:|1700321020\n|-end|p1a: Iron Moth|Quark Drive|[silent]\n|switch|p1a: Rillaboom|Rillaboom, M|100\/100\n|-fieldstart|move: Grassy Terrain|[from] ability: Grassy Surge|[of] p1a: Rillaboom\n|move|p2a: Hidetoshi Odagiri|Dark Pulse|p1a: Rillaboom\n|-damage|p1a: Rillaboom|59\/100\n|\n|-heal|p1a: Rillaboom|65\/100|[from] Grassy Terrain\n|upkeep\n|turn|4\n|\n|t:|1700321028\n|move|p1a: Rillaboom|Grassy Glide|p2a: Hidetoshi Odagiri\n|-supereffective|p2a: Hidetoshi Odagiri\n|-enditem|p2a: Hidetoshi Odagiri|Focus Sash\n|-damage|p2a: Hidetoshi Odagiri|1\/100\n|move|p2a: Hidetoshi Odagiri|Ice Beam|p1a: Rillaboom\n|-supereffective|p1a: Rillaboom\n|-damage|p1a: Rillaboom|1\/100\n|\n|-heal|p2a: Hidetoshi Odagiri|7\/100|[from] Grassy Terrain\n|-heal|p1a: Rillaboom|7\/100|[from] Grassy Terrain\n|upkeep\n|turn|5\n|\n|t:|1700321038\n|move|p2a: Hidetoshi Odagiri|Water Shuriken|p1a: Rillaboom\n|-resisted|p1a: Rillaboom\n|-damage|p1a: Rillaboom|3\/100\n|-resisted|p1a: Rillaboom\n|-damage|p1a: Rillaboom|0 fnt\n|faint|p1a: Rillaboom\n|-ability|p2a: Hidetoshi Odagiri|Battle Bond|boost\n|-boost|p2a: Hidetoshi Odagiri|atk|1\n|-boost|p2a: Hidetoshi Odagiri|spa|1\n|-boost|p2a: Hidetoshi Odagiri|spe|1\n|-activate|p2a: Hidetoshi Odagiri|ability: Battle Bond\n|-hitcount|p1: Rillaboom|2\n|\n|-heal|p2a: Hidetoshi Odagiri|13\/100|[from] Grassy Terrain\n|upkeep\n|\n|t:|1700321054\n|switch|p1a: Clawitzer|Clawitzer, M|100\/100\n|turn|6\n|\n|t:|1700321071\n|move|p2a: Hidetoshi Odagiri|Dark Pulse|p1a: Clawitzer\n|-damage|p1a: Clawitzer|31\/100\n|move|p1a: Clawitzer|Aura Sphere|p2a: Hidetoshi Odagiri\n|-supereffective|p2a: Hidetoshi Odagiri\n|-damage|p2a: Hidetoshi Odagiri|0 fnt\n|faint|p2a: Hidetoshi Odagiri\n|\n|-heal|p1a: Clawitzer|37\/100|[from] Grassy Terrain\n|upkeep\n|\n|t:|1700321075\n|switch|p2a: Nyx|Weavile, F|100\/100\n|turn|7\n|\n|t:|1700321080\n|move|p2a: Nyx|Fake Out|p1a: Clawitzer\n|-damage|p1a: Clawitzer|20\/100\n|cant|p1a: Clawitzer|flinch\n|\n|-heal|p1a: Clawitzer|26\/100|[from] Grassy Terrain\n|-fieldend|move: Grassy Terrain\n|upkeep\n|turn|8\n|\n|t:|1700321086\n|switch|p2a: Ken Amada|Sinistcha-Masterpiece|100\/100\n|move|p1a: Clawitzer|Aura Sphere|p2a: Ken Amada\n|-immune|p2a: Ken Amada\n|\n|upkeep\n|turn|9\n|\n|t:|1700321096\n|switch|p1a: Iron Moth|Iron Moth|100\/100\n|move|p2a: Ken Amada|Shadow Ball|p1a: Iron Moth\n|-damage|p1a: Iron Moth|54\/100\n|\n|upkeep\n|turn|10\n|\n|t:|1700321103\n|move|p1a: Iron Moth|Fiery Dance|p2a: Ken Amada\n|-supereffective|p2a: Ken Amada\n|-damage|p2a: Ken Amada|48\/100\n|move|p2a: Ken Amada|Scald|p1a: Iron Moth\n|-supereffective|p1a: Iron Moth\n|-damage|p1a: Iron Moth|0 fnt\n|faint|p1a: Iron Moth\n|-end|p1a: Iron Moth|Quark Drive|[silent]\n|\n|upkeep\n|\n|t:|1700321115\n|switch|p1a: Clawitzer|Clawitzer, M|26\/100\n|turn|11\n|\n|t:|1700321130\n|move|p1a: Clawitzer|Dark Pulse|p2a: Ken Amada\n|-supereffective|p2a: Ken Amada\n|-damage|p2a: Ken Amada|0 fnt\n|faint|p2a: Ken Amada\n|\n|upkeep\n|\n|t:|1700321136\n|switch|p2a: Nyx|Weavile, F|100\/100\n|turn|12\n|\n|t:|1700321139\n|move|p2a: Nyx|Fake Out|p1a: Clawitzer\n|-damage|p1a: Clawitzer|7\/100\n|cant|p1a: Clawitzer|flinch\n|\n|upkeep\n|turn|13\n|\n|t:|1700321145\n|move|p2a: Nyx|Ice Spinner|p1a: Clawitzer\n|-resisted|p1a: Clawitzer\n|-damage|p1a: Clawitzer|0 fnt\n|faint|p1a: Clawitzer\n|\n|upkeep\n|\n|t:|1700321159\n|switch|p1a: Iron Valiant|Iron Valiant|100\/100\n|-enditem|p1a: Iron Valiant|Booster Energy\n|-activate|p1a: Iron Valiant|ability: Quark Drive|[fromitem]\n|-start|p1a: Iron Valiant|quarkdriveatk\n|turn|14\n|\n|t:|1700321173\n|switch|p2a: Ryoji Mochizuki|Gallade, M, shiny|100\/100\n|move|p1a: Iron Valiant|Close Combat|p2a: Ryoji Mochizuki\n|-resisted|p2a: Ryoji Mochizuki\n|-damage|p2a: Ryoji Mochizuki|31\/100\n|-unboost|p1a: Iron Valiant|def|1\n|-unboost|p1a: Iron Valiant|spd|1\n|\n|upkeep\n|turn|15\n|\n|t:|1700321181\n|move|p2a: Ryoji Mochizuki|Shadow Sneak|p1a: Iron Valiant\n|-damage|p1a: Iron Valiant|74\/100\n|move|p1a: Iron Valiant|Close Combat|p2a: Ryoji Mochizuki\n|-resisted|p2a: Ryoji Mochizuki\n|-damage|p2a: Ryoji Mochizuki|0 fnt\n|-unboost|p1a: Iron Valiant|def|1\n|-unboost|p1a: Iron Valiant|spd|1\n|faint|p2a: Ryoji Mochizuki\n|\n|upkeep\n|\n|t:|1700321184\n|switch|p2a: Nyx|Weavile, F|100\/100\n|turn|16\n|\n|t:|1700321190\n|move|p2a: Nyx|Fake Out|p1a: Iron Valiant\n|-damage|p1a: Iron Valiant|42\/100\n|cant|p1a: Iron Valiant|flinch\n|\n|upkeep\n|turn|17\n|\n|t:|1700321194\n|-terastallize|p2a: Nyx|Ghost\n|move|p2a: Nyx|Ice Spinner|p1a: Iron Valiant\n|-damage|p1a: Iron Valiant|0 fnt\n|faint|p1a: Iron Valiant\n|-end|p1a: Iron Valiant|Quark Drive|[silent]\n|\n|upkeep\n|\n|t:|1700321199\n|switch|p1a: Iron Jugulis|Iron Jugulis|100\/100\n|-enditem|p1a: Iron Jugulis|Booster Energy\n|-activate|p1a: Iron Jugulis|ability: Quark Drive|[fromitem]\n|-start|p1a: Iron Jugulis|quarkdrivespe\n|turn|18\n|\n|t:|1700321208\n|move|p1a: Iron Jugulis|Dark Pulse|p2a: Nyx\n|-supereffective|p2a: Nyx\n|-enditem|p2a: Nyx|Focus Sash\n|-damage|p2a: Nyx|1\/100\n|move|p2a: Nyx|Ice Spinner|p1a: Iron Jugulis\n|-supereffective|p1a: Iron Jugulis\n|-damage|p1a: Iron Jugulis|11\/100\n|\n|upkeep\n|turn|19\n|\n|t:|1700321216\n|switch|p2a: Thanatos|Hydreigon, M|100\/100\n|move|p1a: Iron Jugulis|Dark Pulse|p2a: Thanatos\n|-resisted|p2a: Thanatos\n|-damage|p2a: Thanatos|76\/100\n|\n|upkeep\n|turn|20\n|\n|t:|1700321225\n|move|p1a: Iron Jugulis|Air Slash|p2a: Thanatos\n|-damage|p2a: Thanatos|36\/100\n|move|p2a: Thanatos|Flash Cannon|p1a: Iron Jugulis\n|-damage|p1a: Iron Jugulis|0 fnt\n|faint|p1a: Iron Jugulis\n|-end|p1a: Iron Jugulis|Quark Drive|[silent]\n|\n|win|Kuzwa\n|raw|Vary Aries's rating: 1305 &rarr; <strong>1282<\/strong><br \/>(-23 for losing)\n|raw|Kuzwa's rating: 1249 &rarr; <strong>1278<\/strong><br \/>(+29 for winning)\n|l|\u2606Vary Aries\n","uploadtime":1700321231,"views":8,"p1id":"varyaries","p2id":"kuzwa","formatid":"gen9ou","rating":1278,"private":0,"password":""}