{"id":"gen9ou-1997615678","p1":"yellowdood","p2":"Hhhhhhhhhh1","format":"[Gen 9] OU","log":"|j|\u2606yellowdood\n|j|\u2606Hhhhhhhhhh1\n|t:|1700833340\n|gametype|singles\n|player|p1|yellowdood|blue|1012\n|player|p2|Hhhhhhhhhh1|steven|1000\n|teamsize|p1|6\n|teamsize|p2|6\n|gen|9\n|tier|[Gen 9] OU\n|rated|\n|rule|Sleep Clause Mod: Limit one foe put to sleep\n|rule|Species Clause: Limit one of each Pok\u00e9mon\n|rule|OHKO Clause: OHKO moves are banned\n|rule|Evasion Items Clause: Evasion items are banned\n|rule|Evasion Moves Clause: Evasion moves are banned\n|rule|Endless Battle Clause: Forcing endless battles is banned\n|rule|HP Percentage Mod: HP is shown in percentages\n|clearpoke\n|poke|p1|Gholdengo|\n|poke|p1|Tyranitar, M|\n|poke|p1|Quaquaval, F|\n|poke|p1|Amoonguss, F|\n|poke|p1|Iron Treads|\n|poke|p1|Primeape, F|\n|poke|p2|Heracross, M|\n|poke|p2|Salamence, F|\n|poke|p2|Charizard, M|\n|poke|p2|Gardevoir, F|\n|poke|p2|Zoroark, M|\n|poke|p2|Abomasnow, M|\n|teampreview\n|\n|t:|1700833350\n|start\n|switch|p1a: Tyranitar|Tyranitar, M|100\/100\n|switch|p2a: Gardevoir|Gardevoir, F|100\/100\n|-weather|Sandstorm|[from] ability: Sand Stream|[of] p1a: Tyranitar\n|turn|1\n|\n|t:|1700833365\n|move|p2a: Gardevoir|Focus Blast|p1a: Tyranitar\n|-supereffective|p1a: Tyranitar\n|-damage|p1a: Tyranitar|63\/100\n|move|p1a: Tyranitar|Stone Edge|p2a: Gardevoir\n|-damage|p2a: Gardevoir|29\/100\n|replace|p2a: Zoroark|Zoroark, M\n|-end|p2a: Zoroark|Illusion\n|\n|-weather|Sandstorm|[upkeep]\n|-damage|p2a: Zoroark|23\/100|[from] Sandstorm\n|upkeep\n|turn|2\n|\n|t:|1700833378\n|move|p2a: Zoroark|Focus Blast|p1a: Tyranitar\n|-supereffective|p1a: Tyranitar\n|-damage|p1a: Tyranitar|25\/100\n|move|p1a: Tyranitar|Earthquake|p2a: Zoroark\n|-damage|p2a: Zoroark|0 fnt\n|faint|p2a: Zoroark\n|\n|-weather|Sandstorm|[upkeep]\n|upkeep\n|\n|t:|1700833392\n|switch|p2a: Heracross|Heracross, M|100\/100\n|turn|3\n|\n|t:|1700833412\n|switch|p1a: Gholdengo|Gholdengo|100\/100\n|move|p2a: Heracross|Close Combat|p1a: Gholdengo\n|-immune|p1a: Gholdengo\n|\n|-weather|Sandstorm|[upkeep]\n|-damage|p2a: Heracross|94\/100|[from] Sandstorm\n|upkeep\n|turn|4\n|\n|t:|1700833429\n|-terastallize|p2a: Heracross|Steel\n|move|p2a: Heracross|Earthquake|p1a: Gholdengo\n|-supereffective|p1a: Gholdengo\n|-damage|p1a: Gholdengo|38\/100\n|move|p1a: Gholdengo|Shadow Ball|p2a: Heracross\n|-damage|p2a: Heracross|57\/100\n|-unboost|p2a: Heracross|spd|1\n|\n|-weather|Sandstorm|[upkeep]\n|-heal|p1a: Gholdengo|44\/100|[from] item: Leftovers\n|upkeep\n|turn|5\n|\n|t:|1700833454\n|switch|p1a: Quaquaval|Quaquaval, F|100\/100\n|move|p2a: Heracross|Earthquake|p1a: Quaquaval\n|-damage|p1a: Quaquaval|64\/100\n|\n|-weather|none\n|upkeep\n|turn|6\n|\n|t:|1700833469\n|switch|p2a: Salamence|Salamence, F|100\/100\n|-ability|p2a: Salamence|Intimidate|boost\n|-unboost|p1a: Quaquaval|atk|1\n|move|p1a: Quaquaval|Aqua Step|p2a: Salamence\n|-resisted|p2a: Salamence\n|-damage|p2a: Salamence|86\/100\n|-boost|p1a: Quaquaval|spe|1\n|\n|upkeep\n|turn|7\n|\n|t:|1700833482\n|move|p1a: Quaquaval|Roost|p1a: Quaquaval\n|-heal|p1a: Quaquaval|100\/100\n|-singleturn|p1a: Quaquaval|move: Roost\n|move|p2a: Salamence|Hurricane|p1a: Quaquaval\n|-supereffective|p1a: Quaquaval\n|-damage|p1a: Quaquaval|5\/100\n|\n|upkeep\n|turn|8\n|\n|t:|1700833490\n|move|p1a: Quaquaval|Roost|p1a: Quaquaval\n|-heal|p1a: Quaquaval|55\/100\n|-singleturn|p1a: Quaquaval|move: Roost\n|move|p2a: Salamence|Hurricane|p1a: Quaquaval\n|-supereffective|p1a: Quaquaval\n|-damage|p1a: Quaquaval|0 fnt\n|faint|p1a: Quaquaval\n|\n|upkeep\n|\n|t:|1700833496\n|switch|p1a: Primeape|Primeape, F|100\/100\n|turn|9\n|\n|t:|1700833501\n|move|p1a: Primeape|Stealth Rock|p2a: Salamence\n|-sidestart|p2: Hhhhhhhhhh1|move: Stealth Rock\n|move|p2a: Salamence|Hurricane|p1a: Primeape|[miss]\n|-miss|p2a: Salamence|p1a: Primeape\n|\n|upkeep\n|turn|10\n|\n|t:|1700833508\n|move|p1a: Primeape|Bulk Up|p1a: Primeape\n|-boost|p1a: Primeape|atk|1\n|-boost|p1a: Primeape|def|1\n|move|p2a: Salamence|Hurricane|p1a: Primeape\n|-supereffective|p1a: Primeape\n|-damage|p1a: Primeape|0 fnt\n|faint|p1a: Primeape\n|\n|upkeep\n|\n|t:|1700833522\n|switch|p1a: Amoonguss|Amoonguss, F|100\/100\n|turn|11\n|\n|t:|1700833527\n|move|p2a: Salamence|Hurricane|p1a: Amoonguss|[miss]\n|-miss|p2a: Salamence|p1a: Amoonguss\n|move|p1a: Amoonguss|Sludge Bomb|p2a: Salamence\n|-damage|p2a: Salamence|70\/100\n|\n|upkeep\n|turn|12\n|\n|t:|1700833536\n|move|p2a: Salamence|Hurricane|p1a: Amoonguss\n|-supereffective|p1a: Amoonguss\n|-damage|p1a: Amoonguss|31\/100\n|move|p1a: Amoonguss|Sludge Bomb|p2a: Salamence\n|-damage|p2a: Salamence|53\/100\n|-status|p2a: Salamence|psn\n|\n|-heal|p1a: Amoonguss|37\/100|[from] item: Black Sludge\n|-damage|p2a: Salamence|40\/100 psn|[from] psn\n|upkeep\n|turn|13\n|\n|t:|1700833549\n|-terastallize|p1a: Amoonguss|Steel\n|move|p2a: Salamence|Hurricane|p1a: Amoonguss\n|-resisted|p1a: Amoonguss\n|-damage|p1a: Amoonguss|18\/100\n|move|p1a: Amoonguss|Giga Drain|p2a: Salamence\n|-resisted|p2a: Salamence\n|-damage|p2a: Salamence|37\/100 psn\n|-heal|p1a: Amoonguss|19\/100|[from] drain|[of] p2a: Salamence\n|\n|-damage|p1a: Amoonguss|7\/100|[from] item: Black Sludge\n|-damage|p2a: Salamence|25\/100 psn|[from] psn\n|upkeep\n|turn|14\n|\n|t:|1700833583\n|move|p2a: Salamence|Flamethrower|p1a: Amoonguss\n|-supereffective|p1a: Amoonguss\n|-damage|p1a: Amoonguss|0 fnt\n|faint|p1a: Amoonguss\n|\n|-damage|p2a: Salamence|12\/100 psn|[from] psn\n|upkeep\n|\n|t:|1700833587\n|switch|p1a: Iron Treads|Iron Treads|100\/100\n|turn|15\n|\n|t:|1700833598\n|move|p2a: Salamence|Hydro Pump|p1a: Iron Treads\n|-supereffective|p1a: Iron Treads\n|-damage|p1a: Iron Treads|36\/100\n|move|p1a: Iron Treads|Heavy Slam|p2a: Salamence\n|-damage|p2a: Salamence|0 fnt\n|faint|p2a: Salamence\n|\n|-heal|p1a: Iron Treads|43\/100|[from] item: Leftovers\n|upkeep\n|\n|t:|1700833627\n|switch|p2a: Abomasnow|Abomasnow, M|100\/100\n|-damage|p2a: Abomasnow|76\/100|[from] Stealth Rock\n|-weather|Snow|[from] ability: Snow Warning|[of] p2a: Abomasnow\n|turn|16\n|\n|t:|1700833647\n|move|p1a: Iron Treads|Earthquake|p2a: Abomasnow\n|-resisted|p2a: Abomasnow\n|-damage|p2a: Abomasnow|61\/100\n|move|p2a: Abomasnow|Giga Drain|p1a: Iron Treads\n|-damage|p1a: Iron Treads|12\/100\n|-heal|p2a: Abomasnow|79\/100|[from] drain|[of] p1a: Iron Treads\n|\n|-weather|Snow|[upkeep]\n|-heal|p1a: Iron Treads|18\/100|[from] item: Leftovers\n|upkeep\n|turn|17\n|\n|t:|1700833672\n|move|p1a: Iron Treads|Heavy Slam|p2a: Abomasnow\n|-supereffective|p2a: Abomasnow\n|-damage|p2a: Abomasnow|54\/100\n|move|p2a: Abomasnow|Giga Drain|p1a: Iron Treads\n|-damage|p1a: Iron Treads|0 fnt\n|-heal|p2a: Abomasnow|64\/100|[from] drain|[of] p1a: Iron Treads\n|faint|p1a: Iron Treads\n|-end|p1a: Iron Treads|Quark Drive|[silent]\n|\n|-weather|Snow|[upkeep]\n|upkeep\n|\n|t:|1700833679\n|switch|p1a: Gholdengo|Gholdengo|44\/100\n|turn|18\n|\n|t:|1700833705\n|switch|p2a: Heracross|Heracross, M, tera:Steel|57\/100\n|-damage|p2a: Heracross|51\/100|[from] Stealth Rock\n|move|p1a: Gholdengo|Recover|p1a: Gholdengo\n|-heal|p1a: Gholdengo|94\/100\n|\n|-weather|Snow|[upkeep]\n|-heal|p1a: Gholdengo|99\/100|[from] item: Leftovers\n|upkeep\n|turn|19\n|\n|t:|1700833717\n|move|p2a: Heracross|Close Combat|p1a: Gholdengo\n|-immune|p1a: Gholdengo\n|move|p1a: Gholdengo|Make It Rain|p2a: Heracross\n|-resisted|p2a: Heracross\n|-damage|p2a: Heracross|25\/100\n|-unboost|p1a: Gholdengo|spa|1\n|\n|-weather|Snow|[upkeep]\n|-heal|p1a: Gholdengo|100\/100|[from] item: Leftovers\n|upkeep\n|turn|20\n|\n|t:|1700833734\n|move|p2a: Heracross|Earthquake|p1a: Gholdengo\n|-supereffective|p1a: Gholdengo\n|-damage|p1a: Gholdengo|38\/100\n|move|p1a: Gholdengo|Shadow Ball|p2a: Heracross\n|-damage|p2a: Heracross|0 fnt\n|faint|p2a: Heracross\n|\n|-weather|none\n|-heal|p1a: Gholdengo|44\/100|[from] item: Leftovers\n|upkeep\n|\n|t:|1700833746\n|switch|p2a: Charizard|Charizard, M|100\/100\n|-damage|p2a: Charizard|51\/100|[from] Stealth Rock\n|turn|21\n|\n|t:|1700833752\n|move|p2a: Charizard|Fire Blast|p1a: Gholdengo\n|-supereffective|p1a: Gholdengo\n|-damage|p1a: Gholdengo|0 fnt\n|faint|p1a: Gholdengo\n|\n|upkeep\n|\n|t:|1700833758\n|switch|p1a: Tyranitar|Tyranitar, M|25\/100\n|-weather|Sandstorm|[from] ability: Sand Stream|[of] p1a: Tyranitar\n|turn|22\n|\n|t:|1700833767\n|move|p2a: Charizard|Dragon Pulse|p1a: Tyranitar\n|-damage|p1a: Tyranitar|19\/100\n|move|p1a: Tyranitar|Stone Edge|p2a: Charizard|[miss]\n|-miss|p1a: Tyranitar|p2a: Charizard\n|\n|-weather|Sandstorm|[upkeep]\n|-damage|p2a: Charizard|45\/100|[from] Sandstorm\n|upkeep\n|turn|23\n|\n|t:|1700833783\n|move|p2a: Charizard|Fire Blast|p1a: Tyranitar\n|-resisted|p1a: Tyranitar\n|-damage|p1a: Tyranitar|13\/100\n|-status|p1a: Tyranitar|brn\n|move|p1a: Tyranitar|Stone Edge|p2a: Charizard\n|-supereffective|p2a: Charizard\n|-damage|p2a: Charizard|0 fnt\n|faint|p2a: Charizard\n|\n|-weather|Sandstorm|[upkeep]\n|-damage|p1a: Tyranitar|7\/100 brn|[from] brn\n|upkeep\n|\n|t:|1700833797\n|switch|p2a: Abomasnow|Abomasnow, M|64\/100\n|-damage|p2a: Abomasnow|40\/100|[from] Stealth Rock\n|-weather|Snow|[from] ability: Snow Warning|[of] p2a: Abomasnow\n|turn|24\n|\n|t:|1700833805\n|move|p2a: Abomasnow|Giga Drain|p1a: Tyranitar\n|-supereffective|p1a: Tyranitar\n|-damage|p1a: Tyranitar|0 fnt\n|-heal|p2a: Abomasnow|43\/100|[from] drain|[of] p1a: Tyranitar\n|faint|p1a: Tyranitar\n|\n|win|Hhhhhhhhhh1\n|raw|yellowdood's rating: 1012 &rarr; <strong>1000<\/strong><br \/>(-12 for losing)\n|raw|Hhhhhhhhhh1's rating: 1000 &rarr; <strong>1041<\/strong><br \/>(+41 for winning)\n|c|\u2606yellowdood|Gg\n|l|\u2606Hhhhhhhhhh1\n","uploadtime":1700833893,"views":2,"p1id":"yellowdood","p2id":"hhhhhhhhhh1","formatid":"gen9ou","rating":1000,"private":0,"password":""}