{"id":"gen9ou-1992176111","p1":"stargirlkirin","p2":"grayodajima","format":"[Gen 9] OU","log":"|j|\u2606stargirlkirin\n|j|\u2606grayodajima\n|t:|1700161306\n|gametype|singles\n|player|p1|stargirlkirin|hexmaniac-gen6|1130\n|player|p2|grayodajima|169|1025\n|teamsize|p1|6\n|teamsize|p2|6\n|gen|9\n|tier|[Gen 9] OU\n|rated|\n|rule|Sleep Clause Mod: Limit one foe put to sleep\n|rule|Species Clause: Limit one of each Pok\u00e9mon\n|rule|OHKO Clause: OHKO moves are banned\n|rule|Evasion Items Clause: Evasion items are banned\n|rule|Evasion Moves Clause: Evasion moves are banned\n|rule|Endless Battle Clause: Forcing endless battles is banned\n|rule|HP Percentage Mod: HP is shown in percentages\n|clearpoke\n|poke|p1|Rillaboom, M|\n|poke|p1|Manaphy|\n|poke|p1|Sneasler, F|\n|poke|p1|Ogerpon-Cornerstone, F|\n|poke|p1|Iron Valiant|\n|poke|p1|Hatterene, F|\n|poke|p2|Empoleon, F|\n|poke|p2|Dragonite, F|\n|poke|p2|Scizor, M|\n|poke|p2|Ceruledge, M|\n|poke|p2|Rillaboom, F|\n|poke|p2|Zapdos|\n|teampreview\n|inactive|Battle timer is ON: inactive players will automatically lose when time's up. (requested by stargirlkirin)\n|\n|t:|1700161314\n|start\n|switch|p1a: Coco|Rillaboom, M|100\/100\n|switch|p2a: Empoleon|Empoleon, F|100\/100\n|-fieldstart|move: Grassy Terrain|[from] ability: Grassy Surge|[of] p1a: Coco\n|turn|1\n|\n|t:|1700161331\n|switch|p1a: Amelie|Hatterene, F, shiny|100\/100\n|-enditem|p1a: Amelie|Grassy Seed\n|-boost|p1a: Amelie|def|1|[from] item: Grassy Seed\n|move|p2a: Empoleon|Flip Turn|p1a: Amelie\n|-damage|p1a: Amelie|90\/100\n|\n|t:|1700161340\n|switch|p2a: Scizor|Scizor, M|100\/100|[from] Flip Turn\n|\n|-heal|p1a: Amelie|96\/100|[from] Grassy Terrain\n|upkeep\n|turn|2\n|\n|t:|1700161348\n|move|p2a: Scizor|Swords Dance|p2a: Scizor\n|-boost|p2a: Scizor|atk|2\n|move|p1a: Amelie|Mystical Fire|p2a: Scizor\n|-supereffective|p2a: Scizor\n|-damage|p2a: Scizor|0 fnt\n|faint|p2a: Scizor\n|\n|-heal|p1a: Amelie|100\/100|[from] Grassy Terrain\n|upkeep\n|\n|t:|1700161366\n|switch|p2a: Empoleon|Empoleon, F|100\/100\n|turn|3\n|\n|t:|1700161375\n|move|p2a: Empoleon|Knock Off|p1a: Amelie\n|-damage|p1a: Amelie|93\/100\n|move|p1a: Amelie|Calm Mind|p1a: Amelie\n|-boost|p1a: Amelie|spa|1\n|-boost|p1a: Amelie|spd|1\n|\n|-heal|p1a: Amelie|99\/100|[from] Grassy Terrain\n|upkeep\n|turn|4\n|\n|t:|1700161385\n|move|p2a: Empoleon|Surf|p1a: Amelie\n|-damage|p1a: Amelie|73\/100\n|move|p1a: Amelie|Calm Mind|p1a: Amelie\n|-boost|p1a: Amelie|spa|1\n|-boost|p1a: Amelie|spd|1\n|\n|-heal|p1a: Amelie|79\/100|[from] Grassy Terrain\n|upkeep\n|turn|5\n|\n|t:|1700161394\n|move|p2a: Empoleon|Surf|p1a: Amelie\n|-damage|p1a: Amelie|62\/100\n|move|p1a: Amelie|Calm Mind|p1a: Amelie\n|-boost|p1a: Amelie|spa|1\n|-boost|p1a: Amelie|spd|1\n|\n|-heal|p1a: Amelie|68\/100|[from] Grassy Terrain\n|upkeep\n|turn|6\n|\n|t:|1700161401\n|move|p2a: Empoleon|Surf|p1a: Amelie\n|-damage|p1a: Amelie|52\/100\n|move|p1a: Amelie|Calm Mind|p1a: Amelie\n|-boost|p1a: Amelie|spa|1\n|-boost|p1a: Amelie|spd|1\n|\n|-heal|p1a: Amelie|58\/100|[from] Grassy Terrain\n|upkeep\n|turn|7\n|\n|t:|1700161422\n|move|p2a: Empoleon|Surf|p1a: Amelie\n|-damage|p1a: Amelie|47\/100\n|move|p1a: Amelie|Calm Mind|p1a: Amelie\n|-boost|p1a: Amelie|spa|1\n|-boost|p1a: Amelie|spd|1\n|\n|-heal|p1a: Amelie|53\/100|[from] Grassy Terrain\n|upkeep\n|turn|8\n|\n|t:|1700161431\n|move|p2a: Empoleon|Flip Turn|p1a: Amelie\n|-damage|p1a: Amelie|42\/100\n|\n|t:|1700161434\n|switch|p2a: Ceruledge|Ceruledge, M|100\/100|[from] Flip Turn\n|move|p1a: Amelie|Psyshock|p2a: Ceruledge\n|-enditem|p2a: Ceruledge|Focus Sash\n|-damage|p2a: Ceruledge|1\/100\n|\n|-heal|p2a: Ceruledge|7\/100|[from] Grassy Terrain\n|-heal|p1a: Amelie|48\/100|[from] Grassy Terrain\n|-fieldend|move: Grassy Terrain\n|upkeep\n|turn|9\n|\n|t:|1700161453\n|move|p2a: Ceruledge|Shadow Sneak|p1a: Amelie\n|-supereffective|p1a: Amelie\n|-damage|p1a: Amelie|24\/100\n|move|p1a: Amelie|Draining Kiss|p2a: Ceruledge\n|-resisted|p2a: Ceruledge\n|-damage|p2a: Ceruledge|0 fnt\n|-heal|p1a: Amelie|28\/100|[from] drain|[of] p2a: Ceruledge\n|faint|p2a: Ceruledge\n|\n|upkeep\n|\n|t:|1700161461\n|switch|p2a: Rillaboom|Rillaboom, F|100\/100\n|-fieldstart|move: Grassy Terrain|[from] ability: Grassy Surge|[of] p2a: Rillaboom\n|turn|10\n|\n|t:|1700161468\n|move|p2a: Rillaboom|Drum Beating|p1a: Amelie\n|-crit|p1a: Amelie\n|-damage|p1a: Amelie|0 fnt\n|faint|p1a: Amelie\n|\n|upkeep\n|c|\u2606stargirlkirin|motherfucker got a crit\n|c|\u2606stargirlkirin|great\n|\n|t:|1700161485\n|switch|p1a: Ivy|Sneasler, F|100\/100\n|-enditem|p1a: Ivy|Grassy Seed\n|-boost|p1a: Ivy|def|1|[from] item: Grassy Seed\n|turn|11\n|\n|t:|1700161500\n|-terastallize|p2a: Rillaboom|Fairy\n|move|p1a: Ivy|Swords Dance|p1a: Ivy\n|-boost|p1a: Ivy|atk|2\n|move|p2a: Rillaboom|Knock Off|p1a: Ivy\n|-resisted|p1a: Ivy\n|-damage|p1a: Ivy|88\/100\n|\n|-heal|p1a: Ivy|94\/100|[from] Grassy Terrain\n|upkeep\n|turn|12\n|\n|t:|1700161513\n|move|p1a: Ivy|Dire Claw|p2a: Rillaboom\n|-supereffective|p2a: Rillaboom\n|-damage|p2a: Rillaboom|0 fnt\n|faint|p2a: Rillaboom\n|\n|-heal|p1a: Ivy|99\/100|[from] Grassy Terrain\n|upkeep\n|\n|t:|1700161521\n|switch|p2a: Dragonite|Dragonite, F|100\/100\n|turn|13\n|inactive|stargirlkirin has 120 seconds left.\n|\n|t:|1700161565\n|move|p1a: Ivy|Dire Claw|p2a: Dragonite\n|-damage|p2a: Dragonite|58\/100\n|move|p2a: Dragonite|Dragon Dance|p2a: Dragonite\n|-boost|p2a: Dragonite|atk|1\n|-boost|p2a: Dragonite|spe|1\n|\n|-heal|p1a: Ivy|100\/100|[from] Grassy Terrain\n|upkeep\n|turn|14\n|\n|t:|1700161581\n|move|p1a: Ivy|Dire Claw|p2a: Dragonite\n|-damage|p2a: Dragonite|0 fnt\n|faint|p2a: Dragonite\n|\n|upkeep\n|\n|t:|1700161589\n|switch|p2a: Empoleon|Empoleon, F|100\/100\n|turn|15\n|inactive|stargirlkirin has 120 seconds left.\n|c|\u2606grayodajima|go ahead and switch\n|\n|t:|1700161632\n|move|p1a: Ivy|Close Combat|p2a: Empoleon\n|-supereffective|p2a: Empoleon\n|-damage|p2a: Empoleon|0 fnt\n|-unboost|p1a: Ivy|def|1\n|-unboost|p1a: Ivy|spd|1\n|faint|p2a: Empoleon\n|\n|upkeep\n|\n|t:|1700161639\n|switch|p2a: Zapdos|Zapdos|100\/100\n|turn|16\n|\n|t:|1700161648\n|move|p1a: Ivy|Dire Claw|p2a: Zapdos\n|-damage|p2a: Zapdos|0 fnt\n|faint|p2a: Zapdos\n|\n|win|stargirlkirin\n|raw|stargirlkirin's rating: 1130 &rarr; <strong>1148<\/strong><br \/>(+18 for winning)\n|raw|grayodajima's rating: 1025 &rarr; <strong>1015<\/strong><br \/>(-10 for losing)\n","uploadtime":1700161477,"views":7,"p1id":"stargirlkirin","p2id":"grayodajima","formatid":"gen9ou","rating":1015,"private":0,"password":""}