{"id":"gen9ou-1999910814","p1":"2(H2O)-Alt","p2":"RggV","format":"[Gen 9] OU","log":"|j|\u26062(H2O)-Alt\n|j|\u2606RggV\n|t:|1701129083\n|gametype|singles\n|player|p1|2(H2O)-Alt|chase|1680\n|player|p2|RggV|#wcop2023latinamerica|1714\n|teamsize|p1|6\n|teamsize|p2|6\n|gen|9\n|tier|[Gen 9] OU\n|rated|\n|rule|Sleep Clause Mod: Limit one foe put to sleep\n|rule|Species Clause: Limit one of each Pok\u00e9mon\n|rule|OHKO Clause: OHKO moves are banned\n|rule|Evasion Items Clause: Evasion items are banned\n|rule|Evasion Moves Clause: Evasion moves are banned\n|rule|Endless Battle Clause: Forcing endless battles is banned\n|rule|HP Percentage Mod: HP is shown in percentages\n|clearpoke\n|poke|p1|Iron Valiant|\n|poke|p1|Greninja-*, M|\n|poke|p1|Glimmora, M|\n|poke|p1|Kingambit, M|\n|poke|p1|Iron Jugulis|\n|poke|p1|Iron Moth|\n|poke|p2|Infernape, M|\n|poke|p2|Ribombee, F|\n|poke|p2|Gholdengo|\n|poke|p2|Manaphy|\n|poke|p2|Landorus-Therian, M|\n|poke|p2|Kommo-o, M|\n|teampreview\n|inactive|Battle timer is ON: inactive players will automatically lose when time's up. (requested by RggV)\n|inactive|2(H2O)-Alt also wants the timer to be on.\n|c|\u26062(H2O)-Alt|hf\n|\n|t:|1701129095\n|start\n|switch|p1a: Iron Jugulis|Iron Jugulis|100\/100\n|switch|p2a: Ribombee|Ribombee, F|100\/100\n|-enditem|p1a: Iron Jugulis|Booster Energy\n|-activate|p1a: Iron Jugulis|ability: Quark Drive|[fromitem]\n|-start|p1a: Iron Jugulis|quarkdrivespe\n|turn|1\n|\n|t:|1701129101\n|move|p1a: Iron Jugulis|Taunt|p2a: Ribombee\n|-start|p2a: Ribombee|move: Taunt\n|move|p2a: Ribombee|Moonblast|p1a: Iron Jugulis\n|-supereffective|p1a: Iron Jugulis\n|-damage|p1a: Iron Jugulis|1\/100\n|\n|upkeep\n|turn|2\n|j| vegemite360\n|\n|t:|1701129113\n|move|p1a: Iron Jugulis|Hurricane|p2a: Ribombee\n|-supereffective|p2a: Ribombee\n|-enditem|p2a: Ribombee|Focus Sash\n|-damage|p2a: Ribombee|1\/100\n|move|p2a: Ribombee|Moonblast|p1a: Iron Jugulis\n|-supereffective|p1a: Iron Jugulis\n|-damage|p1a: Iron Jugulis|0 fnt\n|faint|p1a: Iron Jugulis\n|-end|p1a: Iron Jugulis|Quark Drive|[silent]\n|\n|upkeep\n|c|\u2606RggV|hf hf\n|\n|t:|1701129133\n|switch|p1a: Iron Moth|Iron Moth|100\/100\n|-enditem|p1a: Iron Moth|Booster Energy\n|-activate|p1a: Iron Moth|ability: Quark Drive|[fromitem]\n|-start|p1a: Iron Moth|quarkdrivespe\n|turn|3\n|\n|t:|1701129155\n|switch|p2a: Manaphy|Manaphy|100\/100\n|move|p1a: Iron Moth|Fiery Dance|p2a: Manaphy\n|-resisted|p2a: Manaphy\n|-damage|p2a: Manaphy|80\/100\n|-boost|p1a: Iron Moth|spa|1\n|\n|-heal|p2a: Manaphy|86\/100|[from] item: Leftovers\n|upkeep\n|turn|4\n|\n|t:|1701129174\n|-terastallize|p1a: Iron Moth|Grass\n|move|p1a: Iron Moth|Substitute|p1a: Iron Moth\n|-start|p1a: Iron Moth|Substitute\n|-damage|p1a: Iron Moth|76\/100\n|move|p2a: Manaphy|Surf|p1a: Iron Moth\n|-resisted|p1a: Iron Moth\n|-activate|p1a: Iron Moth|move: Substitute|[damage]\n|\n|-heal|p2a: Manaphy|93\/100|[from] item: Leftovers\n|upkeep\n|turn|5\n|j| NicksRokaya\n|\n|t:|1701129198\n|-terastallize|p2a: Manaphy|Grass\n|move|p1a: Iron Moth|Energy Ball|p2a: Manaphy\n|-resisted|p2a: Manaphy\n|-damage|p2a: Manaphy|56\/100\n|move|p2a: Manaphy|Surf|p1a: Iron Moth\n|-resisted|p1a: Iron Moth\n|-end|p1a: Iron Moth|Substitute\n|\n|-heal|p2a: Manaphy|62\/100|[from] item: Leftovers\n|upkeep\n|turn|6\n|\n|t:|1701129205\n|move|p1a: Iron Moth|Substitute|p1a: Iron Moth\n|-start|p1a: Iron Moth|Substitute\n|-damage|p1a: Iron Moth|51\/100\n|move|p2a: Manaphy|Dazzling Gleam|p1a: Iron Moth\n|-activate|p1a: Iron Moth|move: Substitute|[damage]\n|\n|-heal|p2a: Manaphy|68\/100|[from] item: Leftovers\n|upkeep\n|turn|7\n|\n|t:|1701129208\n|move|p1a: Iron Moth|Fiery Dance|p2a: Manaphy\n|-supereffective|p2a: Manaphy\n|-damage|p2a: Manaphy|0 fnt\n|faint|p2a: Manaphy\n|\n|upkeep\n|\n|t:|1701129212\n|switch|p2a: Kommo-o|Kommo-o, M|100\/100\n|turn|8\n|\n|t:|1701129215\n|move|p1a: Iron Moth|Psychic|p2a: Kommo-o\n|-supereffective|p2a: Kommo-o\n|-damage|p2a: Kommo-o|3\/100\n|move|p2a: Kommo-o|Boomburst|p1a: Iron Moth\n|-damage|p1a: Iron Moth|6\/100\n|-enditem|p2a: Kommo-o|Throat Spray\n|-boost|p2a: Kommo-o|spa|1|[from] item: Throat Spray\n|\n|upkeep\n|turn|9\n|\n|t:|1701129220\n|move|p1a: Iron Moth|Fiery Dance|p2a: Kommo-o\n|-resisted|p2a: Kommo-o\n|-damage|p2a: Kommo-o|0 fnt\n|faint|p2a: Kommo-o\n|\n|upkeep\n|\n|t:|1701129224\n|switch|p2a: Landorus|Landorus-Therian, M|100\/100\n|-ability|p2a: Landorus|Intimidate|boost\n|-immune|p1a: Iron Moth\n|turn|10\n|\n|t:|1701129227\n|move|p1a: Iron Moth|Energy Ball|p2a: Landorus\n|-damage|p2a: Landorus|14\/100\n|move|p2a: Landorus|Earthquake|p1a: Iron Moth\n|-resisted|p1a: Iron Moth\n|-end|p1a: Iron Moth|Substitute\n|\n|-heal|p2a: Landorus|20\/100|[from] item: Leftovers\n|upkeep\n|turn|11\n|\n|t:|1701129232\n|move|p1a: Iron Moth|Fiery Dance|p2a: Landorus\n|-damage|p2a: Landorus|0 fnt\n|-boost|p1a: Iron Moth|spa|1\n|faint|p2a: Landorus\n|\n|upkeep\n|\n|t:|1701129234\n|switch|p2a: Son Goku|Infernape, M|100\/100\n|turn|12\n|\n|t:|1701129237\n|move|p2a: Son Goku|Mach Punch|p1a: Iron Moth\n|-damage|p1a: Iron Moth|0 fnt\n|faint|p1a: Iron Moth\n|-end|p1a: Iron Moth|Quark Drive|[silent]\n|-damage|p2a: Son Goku|91\/100|[from] item: Life Orb\n|\n|upkeep\n|\n|t:|1701129238\n|switch|p1a: Glimmora|Glimmora, M|100\/100\n|turn|13\n|\n|t:|1701129242\n|switch|p2a: McFries|Gholdengo|100\/100\n|-item|p2a: McFries|Air Balloon\n|move|p1a: Glimmora|Stealth Rock|p2a: McFries\n|-sidestart|p2: RggV|move: Stealth Rock\n|\n|upkeep\n|turn|14\n|\n|t:|1701129248\n|move|p1a: Glimmora|Energy Ball|p2a: McFries\n|-resisted|p2a: McFries\n|-damage|p2a: McFries|82\/100\n|-enditem|p2a: McFries|Air Balloon\n|move|p2a: McFries|Shadow Ball|p1a: Glimmora\n|-damage|p1a: Glimmora|41\/100\n|\n|upkeep\n|turn|15\n|\n|t:|1701129253\n|move|p1a: Glimmora|Earth Power|p2a: McFries\n|-supereffective|p2a: McFries\n|-damage|p2a: McFries|17\/100\n|-unboost|p2a: McFries|spd|1\n|move|p2a: McFries|Shadow Ball|p1a: Glimmora\n|-damage|p1a: Glimmora|0 fnt\n|faint|p1a: Glimmora\n|\n|upkeep\n|\n|t:|1701129255\n|switch|p1a: Greninja|Greninja, M|100\/100\n|turn|16\n|\n|t:|1701129258\n|switch|p2a: Ribombee|Ribombee, F|1\/100\n|-damage|p2a: Ribombee|0 fnt|[from] Stealth Rock\n|faint|p2a: Ribombee\n|move|p1a: Greninja|Dark Pulse|p2: Ribombee|[notarget]\n|-fail|p1a: Greninja\n|\n|upkeep\n|\n|t:|1701129259\n|switch|p2a: Son Goku|Infernape, M|91\/100\n|-damage|p2a: Son Goku|78\/100|[from] Stealth Rock\n|turn|17\n|\n|t:|1701129261\n|move|p1a: Greninja|Water Shuriken|p2a: Son Goku\n|-supereffective|p2a: Son Goku\n|-damage|p2a: Son Goku|48\/100\n|-supereffective|p2a: Son Goku\n|-damage|p2a: Son Goku|19\/100\n|-supereffective|p2a: Son Goku\n|-damage|p2a: Son Goku|0 fnt\n|faint|p2a: Son Goku\n|-ability|p1a: Greninja|Battle Bond|boost\n|-boost|p1a: Greninja|atk|1\n|-boost|p1a: Greninja|spa|1\n|-boost|p1a: Greninja|spe|1\n|-activate|p1a: Greninja|ability: Battle Bond\n|-hitcount|p2: Son Goku|3\n|-damage|p1a: Greninja|91\/100|[from] item: Life Orb\n|\n|upkeep\n|c|\u2606RggV|gg\n|-message|RggV forfeited.\n|\n|win|2(H2O)-Alt\n|raw|2(H2O)-Alt's rating: 1680 &rarr; <strong>1703<\/strong><br \/>(+23 for winning)\n|raw|RggV's rating: 1729 &rarr; <strong>1706<\/strong><br \/>(-23 for losing)\n|l|\u2606RggV\n|c|\u26062(H2O)-Alt|gg\n","uploadtime":1701129278,"views":7,"p1id":"2h2oalt","p2id":"rggv","formatid":"gen9ou","rating":1703,"private":0,"password":""}