{"id":"gen9ou-1996656330","p1":"Moonstone Salesman","p2":"ademalawerr","format":"[Gen 9] OU","log":"|j|\u2606Moonstone Salesman\n|j|\u2606ademalawerr\n|inactive|Battle timer is ON: inactive players will automatically lose when time's up.\n|t:|1700705920\n|gametype|singles\n|player|p1|Moonstone Salesman|interviewers|\n|player|p2|ademalawerr|fisherman|\n|teamsize|p1|6\n|teamsize|p2|6\n|gen|9\n|tier|[Gen 9] OU\n|rated|Tournament battle\n|rule|Sleep Clause Mod: Limit one foe put to sleep\n|rule|Species Clause: Limit one of each Pok\u00e9mon\n|rule|OHKO Clause: OHKO moves are banned\n|rule|Evasion Items Clause: Evasion items are banned\n|rule|Evasion Moves Clause: Evasion moves are banned\n|rule|Endless Battle Clause: Forcing endless battles is banned\n|rule|HP Percentage Mod: HP is shown in percentages\n|rule|Bonus Type Mod: Pok\u00e9mon have their Tera Type added onto their current ones.\n|rule|Terastal Clause: You cannot Terastallize\n|clearpoke\n|poke|p1|Poliwrath, M|\n|poke|p1|Pelipper, F|\n|poke|p1|Overqwil, F|\n|poke|p1|Rillaboom, F|\n|poke|p1|Iron Treads|\n|poke|p1|Zapdos|\n|poke|p2|Arcanine-Hisui, F|\n|poke|p2|Great Tusk|\n|poke|p2|Volcanion|\n|poke|p2|Rotom-Wash|\n|poke|p2|Slowking-Galar, F|\n|poke|p2|Kingambit, F|\n|teampreview\n|inactive|ademalawerr also wants the timer to be on.\n|j|%htcl\n|j| skulljester29\n|c|\u2606Moonstone Salesman|GLHF frend\n|c|\u2606ademalawerr|ay u2\n|inactive|Moonstone Salesman has 120 seconds left.\n|c|\u2606Moonstone Salesman|ooh that arc and vol lookin spicy\n|j| qrib\n|j|+goldtodd1\n|c|\u2606ademalawerr|that poliwrath doe\n|inactive|ademalawerr has 120 seconds left.\n|\n|t:|1700705984\n|start\n|switch|p1a: Pelipper|Pelipper, F|100\/100\n|switch|p2a: Radiant|Rotom-Wash|100\/100\n|-start|p2a: Radiant|typechange|Electric\/Water\/Fairy|[silent]\n|-start|p1a: Pelipper|typechange|Water\/Flying\/Steel|[silent]\n|-weather|RainDance|[from] ability: Drizzle|[of] p1a: Pelipper\n|-start|p1a: Pelipper|typechange|Water\/Flying\/Steel|[silent]\n|-start|p2a: Radiant|typechange|Electric\/Water\/Fairy|[silent]\n|turn|1\n|\n|t:|1700705990\n|switch|p1a: Iron Treads|Iron Treads|100\/100\n|-start|p1a: Iron Treads|typechange|Ground\/Steel\/Ghost|[silent]\n|move|p2a: Radiant|Hydro Pump|p1a: Iron Treads\n|-supereffective|p1a: Iron Treads\n|-damage|p1a: Iron Treads|0 fnt\n|faint|p1a: Iron Treads\n|-end|p1a: Iron Treads|Quark Drive|[silent]\n|\n|-weather|RainDance|[upkeep]\n|upkeep\n|c| skulljester29|poliwrath is the ultimate swift swim user dont underestimate him\n|c|\u2606Moonstone Salesman|my fault respect on yo name\n|c|\u2606ademalawerr|LMAO\n|inactive|Moonstone Salesman has 120 seconds left.\n|\n|t:|1700706033\n|switch|p1a: Rillaboom|Rillaboom, F|100\/100\n|-start|p1a: Rillaboom|typechange|Grass|[silent]\n|-fieldstart|move: Grassy Terrain|[from] ability: Grassy Surge|[of] p1a: Rillaboom\n|turn|2\n|c|\u2606Moonstone Salesman|fck the burn coming\n|\n|t:|1700706052\n|switch|p1a: Zapdos|Zapdos|100\/100\n|-start|p1a: Zapdos|typechange|Electric\/Flying\/Dark|[silent]\n|move|p2a: Radiant|Protect||[still]\n|-fail|p2a: Radiant\n|\n|-weather|RainDance|[upkeep]\n|upkeep\n|-start|p1a: Zapdos|typechange|Electric\/Flying\/Dark|[silent]\n|turn|3\n|j| TheNewBrends11@!\n|\n|t:|1700706069\n|switch|p2a: Nothing Like This|Slowking-Galar, F|100\/100\n|-start|p2a: Nothing Like This|typechange|Poison\/Psychic\/Normal|[silent]\n|move|p1a: Zapdos|Thunder|p2a: Nothing Like This\n|-damage|p2a: Nothing Like This|74\/100\n|\n|-weather|RainDance|[upkeep]\n|-heal|p2a: Nothing Like This|80\/100|[from] Grassy Terrain\n|upkeep\n|-start|p2a: Nothing Like This|typechange|Poison\/Psychic\/Normal|[silent]\n|turn|4\n|\n|t:|1700706079\n|switch|p1a: Overqwil|Overqwil, F|100\/100\n|-start|p1a: Overqwil|typechange|Dark\/Poison\/Water|[silent]\n|move|p2a: Nothing Like This|Ice Beam|p1a: Overqwil\n|-resisted|p1a: Overqwil\n|-damage|p1a: Overqwil|82\/100\n|\n|-weather|RainDance|[upkeep]\n|-heal|p1a: Overqwil|88\/100|[from] Grassy Terrain\n|-heal|p2a: Nothing Like This|86\/100|[from] Grassy Terrain\n|upkeep\n|-start|p1a: Overqwil|typechange|Dark\/Poison\/Water|[silent]\n|turn|5\n|\n|t:|1700706082\n|switch|p2a: Radiant|Rotom-Wash|100\/100\n|-start|p2a: Radiant|typechange|Electric\/Water\/Fairy|[silent]\n|move|p1a: Overqwil|Crunch|p2a: Radiant\n|-resisted|p2a: Radiant\n|-damage|p2a: Radiant|78\/100\n|-damage|p1a: Overqwil|79\/100|[from] item: Life Orb\n|\n|-weather|RainDance|[upkeep]\n|-heal|p1a: Overqwil|85\/100|[from] Grassy Terrain\n|-heal|p2a: Radiant|84\/100|[from] item: Leftovers\n|upkeep\n|-start|p2a: Radiant|typechange|Electric\/Water\/Fairy|[silent]\n|turn|6\n|inactive|Moonstone Salesman has 120 seconds left.\n|inactive|Moonstone Salesman has 90 seconds left.\n|\n|t:|1700706138\n|switch|p2a: Rotting Soul|Great Tusk|100\/100\n|-start|p2a: Rotting Soul|typechange|Ground\/Fighting\/Flying|[silent]\n|move|p1a: Overqwil|Gunk Shot|p2a: Rotting Soul\n|-resisted|p2a: Rotting Soul\n|-damage|p2a: Rotting Soul|81\/100\n|-damage|p1a: Overqwil|75\/100|[from] item: Life Orb\n|\n|-weather|RainDance|[upkeep]\n|-heal|p1a: Overqwil|81\/100|[from] Grassy Terrain\n|-heal|p2a: Rotting Soul|87\/100|[from] item: Leftovers\n|-fieldend|move: Grassy Terrain\n|upkeep\n|-start|p2a: Rotting Soul|typechange|Ground\/Fighting\/Flying|[silent]\n|turn|7\n|\n|t:|1700706143\n|-end|p2a: Rotting Soul|Protosynthesis|[silent]\n|switch|p2a: The Other Side|Volcanion|100\/100\n|-start|p2a: The Other Side|typechange|Fire\/Water\/Ground|[silent]\n|move|p1a: Overqwil|Liquidation|p2a: The Other Side\n|-immune|p2a: The Other Side|[from] ability: Water Absorb\n|\n|-weather|RainDance|[upkeep]\n|upkeep\n|-start|p2a: The Other Side|typechange|Fire\/Water\/Ground|[silent]\n|turn|8\n|c|\u2606Moonstone Salesman|DEEP BREATHS\n|\n|t:|1700706170\n|switch|p1a: Zapdos|Zapdos|100\/100\n|-start|p1a: Zapdos|typechange|Electric\/Flying\/Dark|[silent]\n|move|p2a: The Other Side|Steam Eruption|p1a: Zapdos\n|-damage|p1a: Zapdos|0 fnt\n|faint|p1a: Zapdos\n|\n|-weather|none\n|upkeep\n|inactive|Moonstone Salesman has 60 seconds left.\n|c|\u2606Moonstone Salesman|lol\n|\n|t:|1700706197\n|switch|p1a: Pelipper|Pelipper, F|100\/100\n|-start|p1a: Pelipper|typechange|Water\/Flying\/Steel|[silent]\n|-weather|RainDance|[from] ability: Drizzle|[of] p1a: Pelipper\n|-start|p1a: Pelipper|typechange|Water\/Flying\/Steel|[silent]\n|turn|9\n|\n|t:|1700706202\n|switch|p1a: Rillaboom|Rillaboom, F|100\/100\n|-start|p1a: Rillaboom|typechange|Grass|[silent]\n|-fieldstart|move: Grassy Terrain|[from] ability: Grassy Surge|[of] p1a: Rillaboom\n|move|p2a: The Other Side|Steam Eruption|p1a: Rillaboom\n|-resisted|p1a: Rillaboom\n|-damage|p1a: Rillaboom|33\/100\n|-status|p1a: Rillaboom|brn\n|\n|-weather|RainDance|[upkeep]\n|-heal|p1a: Rillaboom|39\/100 brn|[from] Grassy Terrain\n|-damage|p1a: Rillaboom|33\/100 brn|[from] brn\n|upkeep\n|turn|10\n|l| skulljester29\n|\n|t:|1700706218\n|switch|p2a: Requiem|Kingambit, F|100\/100\n|-start|p2a: Requiem|typechange|Dark\/Steel\/Flying|[silent]\n|move|p1a: Rillaboom|Wood Hammer|p2a: Requiem\n|-resisted|p2a: Requiem\n|-damage|p2a: Requiem|89\/100\n|-damage|p1a: Rillaboom|28\/100 brn|[from] Recoil\n|\n|-weather|RainDance|[upkeep]\n|-heal|p1a: Rillaboom|35\/100 brn|[from] Grassy Terrain\n|-heal|p2a: Requiem|95\/100|[from] item: Leftovers\n|-damage|p1a: Rillaboom|28\/100 brn|[from] brn\n|upkeep\n|-start|p2a: Requiem|typechange|Dark\/Steel\/Flying|[silent]\n|turn|11\n|\n|t:|1700706233\n|-end|p2a: Requiem|fallenundefined|[silent]\n|switch|p2a: Ashes|Arcanine-Hisui, F, shiny|100\/100\n|-start|p2a: Ashes|typechange|Fire\/Rock\/Normal|[silent]\n|move|p1a: Rillaboom|Wood Hammer|p2a: Ashes\n|-damage|p2a: Ashes|16\/100\n|-damage|p1a: Rillaboom|1\/100 brn|[from] Recoil\n|\n|-weather|RainDance|[upkeep]\n|-heal|p2a: Ashes|22\/100|[from] Grassy Terrain\n|-heal|p1a: Rillaboom|8\/100 brn|[from] Grassy Terrain\n|-damage|p1a: Rillaboom|1\/100 brn|[from] brn\n|upkeep\n|-start|p2a: Ashes|typechange|Fire\/Rock\/Normal|[silent]\n|turn|12\n|\n|t:|1700706239\n|move|p2a: Ashes|Extreme Speed|p1a: Rillaboom\n|-crit|p1a: Rillaboom\n|-damage|p1a: Rillaboom|0 fnt\n|faint|p1a: Rillaboom\n|\n|-weather|RainDance|[upkeep]\n|-heal|p2a: Ashes|28\/100|[from] Grassy Terrain\n|upkeep\n|\n|t:|1700706246\n|switch|p1a: Poliwrath|Poliwrath, M|100\/100\n|-start|p1a: Poliwrath|typechange|Water\/Fighting\/Poison|[silent]\n|-start|p1a: Poliwrath|typechange|Water\/Fighting\/Poison|[silent]\n|turn|13\n|\n|t:|1700706255\n|move|p2a: Ashes|Extreme Speed|p1a: Poliwrath\n|-damage|p1a: Poliwrath|28\/100\n|-enditem|p1a: Poliwrath|Sitrus Berry|[eat]\n|-heal|p1a: Poliwrath|52\/100|[from] item: Sitrus Berry\n|move|p1a: Poliwrath|Drain Punch|p2a: Ashes\n|-supereffective|p2a: Ashes\n|-damage|p2a: Ashes|0 fnt\n|-heal|p1a: Poliwrath|67\/100|[from] drain|[of] p2a: Ashes\n|faint|p2a: Ashes\n|\n|-weather|RainDance|[upkeep]\n|-heal|p1a: Poliwrath|73\/100|[from] Grassy Terrain\n|-fieldend|move: Grassy Terrain\n|upkeep\n|\n|t:|1700706264\n|switch|p2a: Radiant|Rotom-Wash|84\/100\n|-start|p2a: Radiant|typechange|Electric\/Water\/Fairy|[silent]\n|-start|p2a: Radiant|typechange|Electric\/Water\/Fairy|[silent]\n|turn|14\n|inactive|Moonstone Salesman has 90 seconds left.\n|\n|t:|1700706271\n|move|p1a: Poliwrath|Liquidation|p2a: Radiant\n|-resisted|p2a: Radiant\n|-damage|p2a: Radiant|60\/100\n|move|p2a: Radiant|Will-O-Wisp|p1a: Poliwrath\n|-status|p1a: Poliwrath|brn\n|\n|-weather|RainDance|[upkeep]\n|-heal|p2a: Radiant|66\/100|[from] item: Leftovers\n|-damage|p1a: Poliwrath|67\/100 brn|[from] brn\n|upkeep\n|turn|15\n|\n|t:|1700706276\n|move|p2a: Radiant|Protect|p2a: Radiant\n|-singleturn|p2a: Radiant|Protect\n|move|p1a: Poliwrath|Belly Drum|p1a: Poliwrath\n|-damage|p1a: Poliwrath|17\/100 brn\n|-setboost|p1a: Poliwrath|atk|6|[from] move: Belly Drum\n|\n|-weather|RainDance|[upkeep]\n|-heal|p2a: Radiant|71\/100|[from] item: Leftovers\n|-damage|p1a: Poliwrath|10\/100 brn|[from] brn\n|upkeep\n|turn|16\n|\n|t:|1700706289\n|move|p1a: Poliwrath|Liquidation|p2a: Radiant\n|-resisted|p2a: Radiant\n|-damage|p2a: Radiant|24\/100\n|move|p2a: Radiant|Volt Switch|p1a: Poliwrath\n|-supereffective|p1a: Poliwrath\n|-damage|p1a: Poliwrath|0 fnt\n|faint|p1a: Poliwrath\n|c|\u2606Moonstone Salesman|ggs\n|\n|t:|1700706293\n|switch|p2a: The Other Side|Volcanion|100\/100|[from] Volt Switch\n|-start|p2a: The Other Side|typechange|Fire\/Water\/Ground|[silent]\n|\n|-weather|none\n|upkeep\n|\n|t:|1700706295\n|switch|p1a: Pelipper|Pelipper, F|100\/100\n|-start|p1a: Pelipper|typechange|Water\/Flying\/Steel|[silent]\n|-weather|RainDance|[from] ability: Drizzle|[of] p1a: Pelipper\n|-start|p1a: Pelipper|typechange|Water\/Flying\/Steel|[silent]\n|-start|p2a: The Other Side|typechange|Fire\/Water\/Ground|[silent]\n|turn|17\n|c|\u2606ademalawerr|ggs\n|\n|t:|1700706299\n|move|p2a: The Other Side|Steam Eruption|p1a: Pelipper\n|-resisted|p1a: Pelipper\n|-damage|p1a: Pelipper|53\/100\n|move|p1a: Pelipper|Hurricane|p2a: The Other Side\n|-damage|p2a: The Other Side|56\/100\n|\n|-weather|RainDance|[upkeep]\n|-heal|p2a: The Other Side|62\/100|[from] item: Leftovers\n|upkeep\n|turn|18\n|\n|t:|1700706310\n|move|p2a: The Other Side|Steam Eruption|p1a: Pelipper\n|-resisted|p1a: Pelipper\n|-damage|p1a: Pelipper|7\/100\n|-status|p1a: Pelipper|brn\n|move|p1a: Pelipper|Hurricane|p2a: The Other Side\n|-damage|p2a: The Other Side|17\/100\n|-start|p2a: The Other Side|confusion\n|\n|-weather|RainDance|[upkeep]\n|-heal|p2a: The Other Side|23\/100|[from] item: Leftovers\n|-damage|p1a: Pelipper|1\/100 brn|[from] brn\n|upkeep\n|turn|19\n|\n|t:|1700706317\n|-activate|p2a: The Other Side|confusion\n|move|p2a: The Other Side|Steam Eruption|p1a: Pelipper\n|-resisted|p1a: Pelipper\n|-damage|p1a: Pelipper|0 fnt\n|faint|p1a: Pelipper\n|\n|-weather|RainDance|[upkeep]\n|-heal|p2a: The Other Side|29\/100|[from] item: Leftovers\n|upkeep\n|\n|t:|1700706319\n|switch|p1a: Overqwil|Overqwil, F|81\/100\n|-start|p1a: Overqwil|typechange|Dark\/Poison\/Water|[silent]\n|-start|p1a: Overqwil|typechange|Dark\/Poison\/Water|[silent]\n|turn|20\n|\n|t:|1700706330\n|move|p1a: Overqwil|Gunk Shot|p2a: The Other Side|[miss]\n|-miss|p1a: Overqwil|p2a: The Other Side\n|-activate|p2a: The Other Side|confusion\n|-damage|p2a: The Other Side|22\/100|[from] confusion\n|\n|-weather|RainDance|[upkeep]\n|-heal|p2a: The Other Side|28\/100|[from] item: Leftovers\n|upkeep\n|turn|21\n|\n|t:|1700706334\n|move|p1a: Overqwil|Gunk Shot|p2a: The Other Side\n|-resisted|p2a: The Other Side\n|-damage|p2a: The Other Side|0 fnt\n|faint|p2a: The Other Side\n|-damage|p1a: Overqwil|71\/100|[from] item: Life Orb\n|\n|-weather|RainDance|[upkeep]\n|upkeep\n|\n|t:|1700706338\n|switch|p2a: Radiant|Rotom-Wash|24\/100\n|-start|p2a: Radiant|typechange|Electric\/Water\/Fairy|[silent]\n|-start|p2a: Radiant|typechange|Electric\/Water\/Fairy|[silent]\n|turn|22\n|\n|t:|1700706351\n|move|p1a: Overqwil|Gunk Shot|p2a: Radiant\n|-supereffective|p2a: Radiant\n|-damage|p2a: Radiant|0 fnt\n|faint|p2a: Radiant\n|-damage|p1a: Overqwil|61\/100|[from] item: Life Orb\n|\n|-weather|RainDance|[upkeep]\n|upkeep\n|\n|t:|1700706363\n|switch|p2a: Nothing Like This|Slowking-Galar, F|100\/100\n|-start|p2a: Nothing Like This|typechange|Poison\/Psychic\/Normal|[silent]\n|-start|p2a: Nothing Like This|typechange|Poison\/Psychic\/Normal|[silent]\n|turn|23\n|\n|t:|1700706368\n|switch|p2a: Rotting Soul|Great Tusk|87\/100\n|-start|p2a: Rotting Soul|typechange|Ground\/Fighting\/Flying|[silent]\n|move|p1a: Overqwil|Crunch|p2a: Rotting Soul\n|-resisted|p2a: Rotting Soul\n|-damage|p2a: Rotting Soul|74\/100\n|-damage|p1a: Overqwil|52\/100|[from] item: Life Orb\n|\n|-weather|RainDance|[upkeep]\n|-heal|p2a: Rotting Soul|80\/100|[from] item: Leftovers\n|upkeep\n|-start|p2a: Rotting Soul|typechange|Ground\/Fighting\/Flying|[silent]\n|turn|24\n|\n|t:|1700706381\n|-end|p2a: Rotting Soul|Protosynthesis|[silent]\n|switch|p2a: Nothing Like This|Slowking-Galar, F|100\/100\n|-start|p2a: Nothing Like This|typechange|Poison\/Psychic\/Normal|[silent]\n|move|p1a: Overqwil|Liquidation|p2a: Nothing Like This\n|-crit|p2a: Nothing Like This\n|-damage|p2a: Nothing Like This|0 fnt\n|faint|p2a: Nothing Like This\n|-damage|p1a: Overqwil|42\/100|[from] item: Life Orb\n|\n|-weather|none\n|upkeep\n|\n|t:|1700706384\n|switch|p2a: Rotting Soul|Great Tusk|80\/100\n|-start|p2a: Rotting Soul|typechange|Ground\/Fighting\/Flying|[silent]\n|-start|p2a: Rotting Soul|typechange|Ground\/Fighting\/Flying|[silent]\n|turn|25\n|\n|t:|1700706389\n|move|p1a: Overqwil|Liquidation|p2a: Rotting Soul\n|-supereffective|p2a: Rotting Soul\n|-damage|p2a: Rotting Soul|23\/100\n|-damage|p1a: Overqwil|32\/100|[from] item: Life Orb\n|move|p2a: Rotting Soul|Earthquake|p1a: Overqwil\n|-supereffective|p1a: Overqwil\n|-damage|p1a: Overqwil|0 fnt\n|faint|p1a: Overqwil\n|\n|win|ademalawerr\n|n|\u2606Moonstone Salesman|moonstonesalesman\n|n|\u2606ademalawerr|ademalawerr\n|n| htcl|htcl\n|n| qrib|qrib\n|n|+goldtodd1|goldtodd1\n|n| TheNewBrends11@!|thenewbrends11\n|c|\u2606ademalawerr|gg\n|l|\u2606ademalawerr\n","uploadtime":1700706391,"views":3,"p1id":"moonstonesalesman","p2id":"ademalawerr","formatid":"gen9ou","rating":0,"private":0,"password":""}