{"id":"gen9ou-1992343142","p1":"PLAYB0I R0BBIE B","p2":"Quarters_OU","format":"[Gen 9] OU","log":"|j|\u2606PLAYB0I R0BBIE B\n|j|\u2606Quarters_OU\n|t:|1700176741\n|gametype|singles\n|player|p1|PLAYB0I R0BBIE B|eusine|1336\n|player|p2|Quarters_OU|caitlin|1283\n|teamsize|p1|6\n|teamsize|p2|6\n|gen|9\n|tier|[Gen 9] OU\n|rated|\n|rule|Sleep Clause Mod: Limit one foe put to sleep\n|rule|Species Clause: Limit one of each Pok\u00e9mon\n|rule|OHKO Clause: OHKO moves are banned\n|rule|Evasion Items Clause: Evasion items are banned\n|rule|Evasion Moves Clause: Evasion moves are banned\n|rule|Endless Battle Clause: Forcing endless battles is banned\n|rule|HP Percentage Mod: HP is shown in percentages\n|clearpoke\n|poke|p1|Meowscarada, F|\n|poke|p1|Thundurus-Therian, M|\n|poke|p1|Dragapult, F|\n|poke|p1|Heatran, F|\n|poke|p1|Great Tusk|\n|poke|p1|Iron Valiant|\n|poke|p2|Sylveon, F|\n|poke|p2|Kingambit, M|\n|poke|p2|Dragapult, F|\n|poke|p2|Great Tusk|\n|poke|p2|Sneasler, M|\n|poke|p2|Zapdos|\n|teampreview\n|\n|t:|1700176750\n|start\n|switch|p1a: SICKO MODE|Meowscarada, F|100\/100\n|switch|p2a: Sneasler|Sneasler, M|100\/100\n|turn|1\n|\n|t:|1700176768\n|move|p2a: Sneasler|U-turn|p1a: SICKO MODE\n|-supereffective|p1a: SICKO MODE\n|-damage|p1a: SICKO MODE|0 fnt\n|faint|p1a: SICKO MODE\n|\n|t:|1700176805\n|switch|p2a: Sylveon|Sylveon, F|100\/100|[from] U-turn\n|\n|upkeep\n|\n|t:|1700176817\n|switch|p1a: ASTROTHUNDER|Thundurus-Therian, M|100\/100\n|turn|2\n|\n|t:|1700176827\n|move|p1a: ASTROTHUNDER|Volt Switch|p2a: Sylveon\n|-damage|p2a: Sylveon|61\/100\n|\n|t:|1700176830\n|switch|p1a: 5% TINT|Heatran, F|100\/100|[from] Volt Switch\n|-item|p1a: 5% TINT|Air Balloon\n|move|p2a: Sylveon|Wish|p2a: Sylveon\n|\n|-heal|p2a: Sylveon|67\/100|[from] item: Leftovers\n|upkeep\n|turn|3\n|\n|t:|1700176834\n|move|p1a: 5% TINT|Magma Storm|p2a: Sylveon|[miss]\n|-miss|p1a: 5% TINT|p2a: Sylveon\n|move|p2a: Sylveon|Calm Mind|p2a: Sylveon\n|-boost|p2a: Sylveon|spa|1\n|-boost|p2a: Sylveon|spd|1\n|\n|-heal|p2a: Sylveon|100\/100|[from] move: Wish|[wisher] Sylveon\n|upkeep\n|turn|4\n|inactive|Battle timer is ON: inactive players will automatically lose when time's up. (requested by PLAYB0I R0BBIE B)\n|\n|t:|1700176843\n|move|p1a: 5% TINT|Taunt|p2a: Sylveon\n|-start|p2a: Sylveon|move: Taunt\n|cant|p2a: Sylveon|move: Taunt|Calm Mind\n|\n|upkeep\n|turn|5\n|\n|t:|1700176869\n|switch|p2a: Sneasler|Sneasler, M|100\/100\n|move|p1a: 5% TINT|Magma Storm|p2a: Sneasler\n|-damage|p2a: Sneasler|29\/100\n|-activate|p2a: Sneasler|move: Magma Storm|[of] p1a: 5% TINT\n|\n|-damage|p2a: Sneasler|17\/100|[from] move: Magma Storm|[partiallytrapped]\n|upkeep\n|turn|6\n|inactive|Quarters_OU has 120 seconds left.\n|\n|t:|1700176884\n|switch|p1a: YOSEMITE|Great Tusk|100\/100\n|move|p2a: Sneasler|U-turn|p1a: YOSEMITE\n|-resisted|p1a: YOSEMITE\n|-damage|p1a: YOSEMITE|91\/100\n|inactive|Quarters_OU has 120 seconds left.\n|\n|t:|1700176890\n|switch|p2a: Sylveon|Sylveon, F|100\/100|[from] U-turn\n|\n|upkeep\n|turn|7\n|\n|t:|1700176906\n|switch|p2a: Great Tusk|Great Tusk|100\/100\n|-enditem|p2a: Great Tusk|Booster Energy\n|-activate|p2a: Great Tusk|ability: Protosynthesis|[fromitem]\n|-start|p2a: Great Tusk|protosynthesisatk\n|-terastallize|p1a: YOSEMITE|Poison\n|move|p1a: YOSEMITE|Headlong Rush|p2a: Great Tusk\n|-damage|p2a: Great Tusk|54\/100\n|-unboost|p1a: YOSEMITE|def|1\n|-unboost|p1a: YOSEMITE|spd|1\n|\n|upkeep\n|turn|8\n|inactive|Quarters_OU has 120 seconds left.\n|\n|t:|1700176921\n|-end|p1a: YOSEMITE|Protosynthesis|[silent]\n|switch|p1a: NC-17|Iron Valiant|100\/100\n|-enditem|p1a: NC-17|Booster Energy\n|-activate|p1a: NC-17|ability: Quark Drive|[fromitem]\n|-start|p1a: NC-17|quarkdrivespe\n|move|p2a: Great Tusk|Rapid Spin|p1a: NC-17\n|-damage|p1a: NC-17|70\/100\n|-boost|p2a: Great Tusk|spe|1\n|\n|upkeep\n|turn|9\n|inactive|Quarters_OU has 120 seconds left.\n|\n|t:|1700176936\n|-terastallize|p2a: Great Tusk|Ground\n|move|p1a: NC-17|Moonblast|p2a: Great Tusk\n|-damage|p2a: Great Tusk|0 fnt\n|faint|p2a: Great Tusk\n|-end|p2a: Great Tusk|Protosynthesis|[silent]\n|\n|upkeep\n|inactive|Quarters_OU has 120 seconds left.\n|\n|t:|1700176942\n|switch|p2a: Sylveon|Sylveon, F|100\/100\n|turn|10\n|\n|t:|1700176949\n|-end|p1a: NC-17|Quark Drive|[silent]\n|switch|p1a: YOSEMITE|Great Tusk, tera:Poison|91\/100\n|move|p2a: Sylveon|Hyper Voice|p1a: YOSEMITE\n|-resisted|p1a: YOSEMITE\n|-damage|p1a: YOSEMITE|61\/100\n|\n|upkeep\n|turn|11\n|\n|t:|1700176957\n|move|p1a: YOSEMITE|Ice Spinner|p2a: Sylveon\n|-damage|p2a: Sylveon|75\/100\n|move|p2a: Sylveon|Psyshock|p1a: YOSEMITE\n|-supereffective|p1a: YOSEMITE\n|-damage|p1a: YOSEMITE|29\/100\n|\n|-heal|p2a: Sylveon|81\/100|[from] item: Leftovers\n|upkeep\n|turn|12\n|\n|t:|1700176969\n|move|p1a: YOSEMITE|Headlong Rush|p2a: Sylveon\n|-damage|p2a: Sylveon|21\/100\n|-unboost|p1a: YOSEMITE|def|1\n|-unboost|p1a: YOSEMITE|spd|1\n|move|p2a: Sylveon|Psyshock|p1a: YOSEMITE\n|-supereffective|p1a: YOSEMITE\n|-damage|p1a: YOSEMITE|0 fnt\n|faint|p1a: YOSEMITE\n|-end|p1a: YOSEMITE|Protosynthesis|[silent]\n|\n|-heal|p2a: Sylveon|27\/100|[from] item: Leftovers\n|upkeep\n|\n|t:|1700176975\n|switch|p1a: ASTROTHUNDER|Thundurus-Therian, M|100\/100\n|turn|13\n|\n|t:|1700176978\n|switch|p2a: Dragapult|Dragapult, F|100\/100\n|move|p1a: ASTROTHUNDER|Volt Switch|p2a: Dragapult\n|-resisted|p2a: Dragapult\n|-damage|p2a: Dragapult|67\/100\n|\n|t:|1700176983\n|switch|p1a: NC-17|Iron Valiant|70\/100|[from] Volt Switch\n|\n|upkeep\n|turn|14\n|\n|t:|1700176988\n|move|p2a: Dragapult|Light Screen|p2a: Dragapult\n|-sidestart|p2: Quarters_OU|move: Light Screen\n|move|p1a: NC-17|Moonblast|p2a: Dragapult\n|-supereffective|p2a: Dragapult\n|-damage|p2a: Dragapult|14\/100\n|\n|upkeep\n|turn|15\n|\n|t:|1700176994\n|move|p2a: Dragapult|Reflect|p2a: Dragapult\n|-sidestart|p2: Quarters_OU|Reflect\n|move|p1a: NC-17|Calm Mind|p1a: NC-17\n|-boost|p1a: NC-17|spa|1\n|-boost|p1a: NC-17|spd|1\n|\n|upkeep\n|turn|16\n|\n|t:|1700176999\n|move|p2a: Dragapult|Hex|p1a: NC-17\n|-damage|p1a: NC-17|44\/100\n|move|p1a: NC-17|Moonblast|p2a: Dragapult\n|-supereffective|p2a: Dragapult\n|-damage|p2a: Dragapult|0 fnt\n|-start|p1a: NC-17|Disable|Moonblast|[from] ability: Cursed Body|[of] p2a: Dragapult\n|faint|p2a: Dragapult\n|\n|upkeep\n|\n|t:|1700177012\n|switch|p2a: Zapdos|Zapdos|100\/100\n|turn|17\n|\n|t:|1700177021\n|-end|p1a: NC-17|Quark Drive|[silent]\n|switch|p1a: ASTROTHUNDER|Thundurus-Therian, M|100\/100\n|move|p2a: Zapdos|Hurricane|p1a: ASTROTHUNDER\n|-resisted|p1a: ASTROTHUNDER\n|-damage|p1a: ASTROTHUNDER|71\/100\n|-start|p1a: ASTROTHUNDER|confusion\n|\n|upkeep\n|turn|18\n|\n|t:|1700177038\n|switch|p2a: Kingambit|Kingambit, M|100\/100\n|-activate|p2a: Kingambit|ability: Supreme Overlord\n|-start|p2a: Kingambit|fallen2|[silent]\n|-activate|p1a: ASTROTHUNDER|confusion\n|move|p1a: ASTROTHUNDER|Volt Switch|p2a: Kingambit\n|-damage|p2a: Kingambit|72\/100\n|\n|t:|1700177042\n|switch|p1a: 5% TINT|Heatran, F|100\/100|[from] Volt Switch\n|-item|p1a: 5% TINT|Air Balloon\n|\n|upkeep\n|turn|19\n|\n|t:|1700177050\n|move|p1a: 5% TINT|Magma Storm|p2a: Kingambit|[miss]\n|-miss|p1a: 5% TINT|p2a: Kingambit\n|move|p2a: Kingambit|Swords Dance|p2a: Kingambit\n|-boost|p2a: Kingambit|atk|2\n|\n|upkeep\n|turn|20\n|\n|t:|1700177061\n|move|p2a: Kingambit|Sucker Punch|p1a: 5% TINT\n|-damage|p1a: 5% TINT|0 fnt\n|-enditem|p1a: 5% TINT|Air Balloon\n|faint|p1a: 5% TINT\n|\n|upkeep\n|\n|t:|1700177065\n|switch|p1a: NO BYSTANDERS|Dragapult, F|100\/100\n|turn|21\n|\n|t:|1700177069\n|move|p2a: Kingambit|Sucker Punch||[still]\n|-fail|p2a: Kingambit\n|move|p1a: NO BYSTANDERS|Thunder Wave|p2a: Kingambit\n|-status|p2a: Kingambit|par\n|\n|-sideend|p2: Quarters_OU|move: Light Screen\n|upkeep\n|turn|22\n|\n|t:|1700177076\n|move|p1a: NO BYSTANDERS|Hex|p2a: Kingambit\n|-resisted|p2a: Kingambit\n|-damage|p2a: Kingambit|44\/100 par\n|cant|p2a: Kingambit|par\n|\n|-sideend|p2: Quarters_OU|Reflect\n|upkeep\n|turn|23\n|\n|t:|1700177081\n|move|p1a: NO BYSTANDERS|Hex|p2a: Kingambit\n|-resisted|p2a: Kingambit\n|-damage|p2a: Kingambit|16\/100 par\n|cant|p2a: Kingambit|par\n|\n|upkeep\n|turn|24\n|\n|t:|1700177096\n|move|p2a: Kingambit|Sucker Punch|p1a: NO BYSTANDERS\n|-supereffective|p1a: NO BYSTANDERS\n|-damage|p1a: NO BYSTANDERS|0 fnt\n|faint|p1a: NO BYSTANDERS\n|\n|upkeep\n|\n|t:|1700177098\n|switch|p1a: NC-17|Iron Valiant|44\/100\n|turn|25\n|\n|t:|1700177106\n|cant|p2a: Kingambit|par\n|move|p1a: NC-17|Moonblast|p2a: Kingambit\n|-crit|p2a: Kingambit\n|-damage|p2a: Kingambit|0 fnt\n|faint|p2a: Kingambit\n|-end|p2a: Kingambit|fallen2|[silent]\n|\n|upkeep\n|\n|t:|1700177110\n|switch|p2a: Zapdos|Zapdos|100\/100\n|turn|26\n|\n|t:|1700177116\n|-end|p1a: NC-17|Quark Drive|[silent]\n|switch|p1a: ASTROTHUNDER|Thundurus-Therian, M|71\/100\n|move|p2a: Zapdos|Heat Wave|p1a: ASTROTHUNDER\n|-damage|p1a: ASTROTHUNDER|34\/100\n|\n|upkeep\n|turn|27\n|\n|t:|1700177120\n|move|p1a: ASTROTHUNDER|Volt Switch|p2a: Zapdos\n|-damage|p2a: Zapdos|44\/100\n|\n|t:|1700177123\n|switch|p1a: NC-17|Iron Valiant|44\/100|[from] Volt Switch\n|move|p2a: Zapdos|Heat Wave|p1a: NC-17\n|-damage|p1a: NC-17|0 fnt\n|faint|p1a: NC-17\n|-end|p1a: NC-17|Quark Drive|[silent]\n|\n|upkeep\n|\n|t:|1700177124\n|switch|p1a: ASTROTHUNDER|Thundurus-Therian, M|34\/100\n|turn|28\n|\n|t:|1700177133\n|move|p1a: ASTROTHUNDER|Volt Switch|p2a: Zapdos\n|-damage|p2a: Zapdos|0 fnt\n|faint|p2a: Zapdos\n|\n|upkeep\n|\n|t:|1700177136\n|switch|p2a: Sylveon|Sylveon, F|27\/100\n|turn|29\n|\n|t:|1700177138\n|move|p1a: ASTROTHUNDER|Volt Switch|p2a: Sylveon\n|-damage|p2a: Sylveon|0 fnt\n|faint|p2a: Sylveon\n|\n|upkeep\n|\n|t:|1700177139\n|switch|p2a: Sneasler|Sneasler, M|17\/100\n|turn|30\n|\n|t:|1700177143\n|move|p2a: Sneasler|Dire Claw|p1a: ASTROTHUNDER\n|-damage|p1a: ASTROTHUNDER|0 fnt\n|faint|p1a: ASTROTHUNDER\n|\n|win|Quarters_OU\n|raw|PLAYB0I R0BBIE B's rating: 1336 &rarr; <strong>1313<\/strong><br \/>(-23 for losing)\n|raw|Quarters_OU's rating: 1283 &rarr; <strong>1312<\/strong><br \/>(+29 for winning)\n","uploadtime":1700177152,"views":7,"p1id":"playb0ir0bbieb","p2id":"quartersou","formatid":"gen9ou","rating":1312,"private":0,"password":""}