{"id":"gen9ou-1991146156","p1":"illuzionist test","p2":"OUHF Zam Zam","format":"[Gen 9] OU","log":"|j|\u2606illuzionist test\n|j|\u2606OUHF Zam Zam\n|t:|1700049885\n|gametype|singles\n|player|p1|illuzionist test|oak-gen1|1747\n|player|p2|OUHF Zam Zam|palmer|1849\n|teamsize|p1|6\n|teamsize|p2|6\n|gen|9\n|tier|[Gen 9] OU\n|rated|\n|rule|Sleep Clause Mod: Limit one foe put to sleep\n|rule|Species Clause: Limit one of each Pok\u00e9mon\n|rule|OHKO Clause: OHKO moves are banned\n|rule|Evasion Items Clause: Evasion items are banned\n|rule|Evasion Moves Clause: Evasion moves are banned\n|rule|Endless Battle Clause: Forcing endless battles is banned\n|rule|HP Percentage Mod: HP is shown in percentages\n|clearpoke\n|poke|p1|Pelipper, F|\n|poke|p1|Manaphy|\n|poke|p1|Basculegion, M|\n|poke|p1|Tinkaton, F|\n|poke|p1|Chesnaught, M|\n|poke|p1|Tornadus-Therian, M|\n|poke|p2|Weavile, F|\n|poke|p2|Zapdos|\n|poke|p2|Cinderace, M|\n|poke|p2|Ting-Lu|\n|poke|p2|Alomomola, F|\n|poke|p2|Iron Valiant|\n|teampreview\n|inactive|Battle timer is ON: inactive players will automatically lose when time's up. (requested by OUHF Zam Zam)\n|inactive|OUHF Zam Zam has 120 seconds left.\n|\n|t:|1700049941\n|start\n|switch|p1a: Pelipper|Pelipper, F|100\/100\n|switch|p2a: Zapdos|Zapdos|100\/100\n|-weather|RainDance|[from] ability: Drizzle|[of] p1a: Pelipper\n|turn|1\n|j| nightsuwu\n|\n|t:|1700049949\n|switch|p1a: Tinkaton|Tinkaton, F|100\/100\n|-ability|p1a: Tinkaton|Mold Breaker\n|move|p2a: Zapdos|Discharge|p1a: Tinkaton\n|-damage|p1a: Tinkaton|72\/100\n|\n|-weather|RainDance|[upkeep]\n|-heal|p1a: Tinkaton|78\/100|[from] item: Leftovers\n|upkeep\n|turn|2\n|\n|t:|1700049971\n|move|p2a: Zapdos|Discharge|p1a: Tinkaton\n|-damage|p1a: Tinkaton|50\/100\n|move|p1a: Tinkaton|Knock Off|p2a: Zapdos\n|-damage|p2a: Zapdos|84\/100\n|-status|p1a: Tinkaton|par|[from] ability: Static|[of] p2a: Zapdos\n|-enditem|p2a: Zapdos|Heavy-Duty Boots|[from] move: Knock Off|[of] p1a: Tinkaton\n|\n|-weather|RainDance|[upkeep]\n|-heal|p1a: Tinkaton|56\/100 par|[from] item: Leftovers\n|upkeep\n|turn|3\n|\n|t:|1700049979\n|move|p2a: Zapdos|Discharge|p1a: Tinkaton\n|-damage|p1a: Tinkaton|29\/100 par\n|move|p1a: Tinkaton|Stealth Rock|p2a: Zapdos\n|-sidestart|p2: OUHF Zam Zam|move: Stealth Rock\n|\n|-weather|RainDance|[upkeep]\n|-heal|p1a: Tinkaton|36\/100 par|[from] item: Leftovers\n|upkeep\n|turn|4\n|\n|t:|1700049983\n|move|p2a: Zapdos|Discharge|p1a: Tinkaton\n|-crit|p1a: Tinkaton\n|-damage|p1a: Tinkaton|0 fnt\n|faint|p1a: Tinkaton\n|\n|-weather|RainDance|[upkeep]\n|upkeep\n|c|\u2606OUHF Zam Zam|fuck\n|\n|t:|1700049989\n|switch|p1a: Basculegion|Basculegion, M|100\/100\n|turn|5\n|\n|t:|1700050001\n|switch|p2a: Alomomola|Alomomola, F|100\/100\n|-damage|p2a: Alomomola|88\/100|[from] Stealth Rock\n|move|p1a: Basculegion|Flip Turn|p2a: Alomomola\n|-resisted|p2a: Alomomola\n|-damage|p2a: Alomomola|65\/100\n|-enditem|p2a: Alomomola|Red Card|[of] p1a: Basculegion\n|drag|p1a: Chesnaught|Chesnaught, M|100\/100\n|\n|-weather|RainDance|[upkeep]\n|upkeep\n|turn|6\n|c|\u2606illuzionist test|i was spamming t wave\n|c|\u2606illuzionist test|you better not go cinder\n|c|\u2606OUHF Zam Zam|i wanted to at least roost and stall some rain\n|\n|t:|1700050023\n|switch|p1a: Manaphy|Manaphy|100\/100\n|move|p2a: Alomomola|Acrobatics|p1a: Manaphy\n|-damage|p1a: Manaphy|87\/100\n|\n|-weather|RainDance|[upkeep]\n|-heal|p1a: Manaphy|93\/100|[from] item: Leftovers\n|upkeep\n|turn|7\n|\n|t:|1700050036\n|move|p1a: Manaphy|Energy Ball|p2a: Alomomola\n|-supereffective|p2a: Alomomola\n|-damage|p2a: Alomomola|32\/100\n|move|p2a: Alomomola|Flip Turn|p1a: Manaphy\n|-resisted|p1a: Manaphy\n|-damage|p1a: Manaphy|85\/100\n|\n|t:|1700050041\n|switch|p2a: Iron Valiant|Iron Valiant|100\/100|[from] Flip Turn\n|-damage|p2a: Iron Valiant|94\/100|[from] Stealth Rock\n|\n|-weather|RainDance|[upkeep]\n|-heal|p1a: Manaphy|91\/100|[from] item: Leftovers\n|upkeep\n|turn|8\n|c|\u2606illuzionist test|hmm whts this\n|inactive|OUHF Zam Zam has 120 seconds left.\n|\n|t:|1700050082\n|-end|p2a: Iron Valiant|Quark Drive|[silent]\n|switch|p2a: Alomomola|Alomomola, F|66\/100\n|-damage|p2a: Alomomola|53\/100|[from] Stealth Rock\n|move|p1a: Manaphy|Scald|p2a: Alomomola\n|-resisted|p2a: Alomomola\n|-damage|p2a: Alomomola|38\/100\n|\n|-weather|none\n|-heal|p1a: Manaphy|97\/100|[from] item: Leftovers\n|upkeep\n|turn|9\n|\n|t:|1700050092\n|move|p1a: Manaphy|Energy Ball|p2a: Alomomola\n|-supereffective|p2a: Alomomola\n|-damage|p2a: Alomomola|7\/100\n|move|p2a: Alomomola|Flip Turn|p1a: Manaphy\n|-resisted|p1a: Manaphy\n|-damage|p1a: Manaphy|92\/100\n|\n|t:|1700050108\n|switch|p2a: Zapdos|Zapdos|84\/100|[from] Flip Turn\n|-damage|p2a: Zapdos|59\/100|[from] Stealth Rock\n|\n|-heal|p1a: Manaphy|98\/100|[from] item: Leftovers\n|upkeep\n|turn|10\n|\n|t:|1700050120\n|-terastallize|p1a: Manaphy|Grass\n|move|p2a: Zapdos|Discharge|p1a: Manaphy\n|-resisted|p1a: Manaphy\n|-damage|p1a: Manaphy|85\/100\n|move|p1a: Manaphy|Tail Glow|p1a: Manaphy\n|-boost|p1a: Manaphy|spa|3\n|\n|-heal|p1a: Manaphy|92\/100|[from] item: Leftovers\n|upkeep\n|turn|11\n|\n|t:|1700050131\n|move|p2a: Zapdos|Hurricane|p1a: Manaphy\n|-supereffective|p1a: Manaphy\n|-damage|p1a: Manaphy|28\/100\n|move|p1a: Manaphy|Scald|p2a: Zapdos\n|-damage|p2a: Zapdos|0 fnt\n|faint|p2a: Zapdos\n|\n|-heal|p1a: Manaphy|34\/100|[from] item: Leftovers\n|upkeep\n|\n|t:|1700050136\n|switch|p2a: Cinderace|Cinderace, M|100\/100\n|turn|12\n|\n|t:|1700050143\n|switch|p1a: Pelipper|Pelipper, F|100\/100\n|-weather|RainDance|[from] ability: Drizzle|[of] p1a: Pelipper\n|move|p2a: Cinderace|Court Change|p2a: Cinderace\n|-swapsideconditions\n|-activate|p2a: Cinderace|move: Court Change\n|\n|-weather|RainDance|[upkeep]\n|upkeep\n|turn|13\n|\n|t:|1700050151\n|move|p2a: Cinderace|U-turn|p1a: Pelipper\n|-resisted|p1a: Pelipper\n|-damage|p1a: Pelipper|92\/100\n|\n|t:|1700050153\n|switch|p2a: Alomomola|Alomomola, F|41\/100|[from] U-turn\n|move|p1a: Pelipper|U-turn|p2a: Alomomola\n|-damage|p2a: Alomomola|33\/100\n|\n|t:|1700050156\n|switch|p1a: Manaphy|Manaphy, tera:Grass|34\/100|[from] U-turn\n|-damage|p1a: Manaphy|22\/100|[from] Stealth Rock\n|\n|-weather|RainDance|[upkeep]\n|-heal|p1a: Manaphy|28\/100|[from] item: Leftovers\n|upkeep\n|turn|14\n|\n|t:|1700050170\n|switch|p2a: Cinderace|Cinderace, M|100\/100\n|move|p1a: Manaphy|Rest|p1a: Manaphy\n|-status|p1a: Manaphy|slp|[from] move: Rest\n|-heal|p1a: Manaphy|100\/100 slp|[silent]\n|\n|-weather|RainDance|[upkeep]\n|-activate|p1a: Manaphy|ability: Hydration\n|-curestatus|p1a: Manaphy|slp|[msg]\n|upkeep\n|turn|15\n|c|\u2606illuzionist test|probally dragon is better on this\n|c|\u2606illuzionist test|idk\n|inactive|OUHF Zam Zam has 120 seconds left.\n|\n|t:|1700050186\n|move|p2a: Cinderace|Pyro Ball|p1a: Manaphy\n|-supereffective|p1a: Manaphy\n|-damage|p1a: Manaphy|69\/100\n|move|p1a: Manaphy|Scald|p2a: Cinderace\n|-supereffective|p2a: Cinderace\n|-damage|p2a: Cinderace|0 fnt\n|faint|p2a: Cinderace\n|\n|-weather|RainDance|[upkeep]\n|-heal|p1a: Manaphy|75\/100|[from] item: Leftovers\n|upkeep\n|inactive|OUHF Zam Zam has 120 seconds left.\n|\n|t:|1700050191\n|switch|p2a: Weavile|Weavile, F|100\/100\n|-ability|p2a: Weavile|Pressure\n|turn|16\n|inactive|OUHF Zam Zam has 120 seconds left.\n|\n|t:|1700050222\n|move|p2a: Weavile|Icicle Spear|p1a: Manaphy\n|-supereffective|p1a: Manaphy\n|-damage|p1a: Manaphy|60\/100\n|-supereffective|p1a: Manaphy\n|-damage|p1a: Manaphy|45\/100\n|-supereffective|p1a: Manaphy\n|-damage|p1a: Manaphy|29\/100\n|-supereffective|p1a: Manaphy\n|-damage|p1a: Manaphy|14\/100\n|-hitcount|p1a: Manaphy|4\n|move|p1a: Manaphy|Rest|p1a: Manaphy\n|-status|p1a: Manaphy|slp|[from] move: Rest\n|-heal|p1a: Manaphy|100\/100 slp|[silent]\n|\n|-weather|RainDance|[upkeep]\n|-activate|p1a: Manaphy|ability: Hydration\n|-curestatus|p1a: Manaphy|slp|[msg]\n|upkeep\n|turn|17\n|\n|t:|1700050241\n|move|p2a: Weavile|Knock Off|p1a: Manaphy\n|-damage|p1a: Manaphy|69\/100\n|-enditem|p1a: Manaphy|Leftovers|[from] move: Knock Off|[of] p2a: Weavile\n|move|p1a: Manaphy|Scald|p2a: Weavile\n|-damage|p2a: Weavile|41\/100\n|-status|p2a: Weavile|brn\n|\n|-weather|RainDance|[upkeep]\n|-damage|p2a: Weavile|35\/100 brn|[from] brn\n|upkeep\n|turn|18\n|\n|t:|1700050252\n|move|p2a: Weavile|Icicle Spear|p1a: Manaphy\n|-supereffective|p1a: Manaphy\n|-damage|p1a: Manaphy|60\/100\n|-supereffective|p1a: Manaphy\n|-damage|p1a: Manaphy|52\/100\n|-supereffective|p1a: Manaphy\n|-damage|p1a: Manaphy|43\/100\n|-supereffective|p1a: Manaphy\n|-damage|p1a: Manaphy|35\/100\n|-supereffective|p1a: Manaphy\n|-damage|p1a: Manaphy|26\/100\n|-hitcount|p1a: Manaphy|5\n|move|p1a: Manaphy|Rest|p1a: Manaphy\n|-status|p1a: Manaphy|slp|[from] move: Rest\n|-heal|p1a: Manaphy|100\/100 slp|[silent]\n|\n|-weather|RainDance|[upkeep]\n|-activate|p1a: Manaphy|ability: Hydration\n|-curestatus|p1a: Manaphy|slp|[msg]\n|-damage|p2a: Weavile|29\/100 brn|[from] brn\n|upkeep\n|turn|19\n|\n|t:|1700050256\n|move|p2a: Weavile|Icicle Spear|p1a: Manaphy\n|-supereffective|p1a: Manaphy\n|-damage|p1a: Manaphy|92\/100\n|-supereffective|p1a: Manaphy\n|-damage|p1a: Manaphy|83\/100\n|-supereffective|p1a: Manaphy\n|-damage|p1a: Manaphy|76\/100\n|-supereffective|p1a: Manaphy\n|-damage|p1a: Manaphy|67\/100\n|-supereffective|p1a: Manaphy\n|-damage|p1a: Manaphy|59\/100\n|-hitcount|p1a: Manaphy|5\n|move|p1a: Manaphy|Scald|p2a: Weavile\n|-damage|p2a: Weavile|0 fnt\n|faint|p2a: Weavile\n|\n|-weather|none\n|upkeep\n|\n|t:|1700050260\n|switch|p2a: Iron Valiant|Iron Valiant|94\/100\n|turn|20\n|\n|t:|1700050267\n|switch|p1a: Pelipper|Pelipper, F|92\/100\n|-damage|p1a: Pelipper|67\/100|[from] Stealth Rock\n|-weather|RainDance|[from] ability: Drizzle|[of] p1a: Pelipper\n|-terastallize|p2a: Iron Valiant|Fairy\n|move|p2a: Iron Valiant|Moonblast|p1a: Pelipper\n|-damage|p1a: Pelipper|0 fnt\n|faint|p1a: Pelipper\n|\n|-weather|RainDance|[upkeep]\n|upkeep\n|\n|t:|1700050270\n|switch|p1a: Basculegion|Basculegion, M|100\/100\n|-damage|p1a: Basculegion|88\/100|[from] Stealth Rock\n|turn|21\n|\n|t:|1700050290\n|-end|p2a: Iron Valiant|Quark Drive|[silent]\n|switch|p2a: Alomomola|Alomomola, F|67\/100\n|move|p1a: Basculegion|Flip Turn|p2a: Alomomola\n|-resisted|p2a: Alomomola\n|-damage|p2a: Alomomola|42\/100\n|\n|t:|1700050297\n|switch|p1a: Manaphy|Manaphy, tera:Grass|59\/100|[from] Flip Turn\n|-damage|p1a: Manaphy|47\/100|[from] Stealth Rock\n|\n|-weather|RainDance|[upkeep]\n|upkeep\n|turn|22\n|j| Ventuurn\n|\n|t:|1700050313\n|move|p1a: Manaphy|Rest|p1a: Manaphy\n|-status|p1a: Manaphy|slp|[from] move: Rest\n|-heal|p1a: Manaphy|100\/100 slp|[silent]\n|move|p2a: Alomomola|Wish|p2a: Alomomola\n|\n|-weather|RainDance|[upkeep]\n|-activate|p1a: Manaphy|ability: Hydration\n|-curestatus|p1a: Manaphy|slp|[msg]\n|upkeep\n|turn|23\n|l| Ventuurn\n|\n|t:|1700050321\n|move|p1a: Manaphy|Tail Glow|p1a: Manaphy\n|-boost|p1a: Manaphy|spa|3\n|move|p2a: Alomomola|Mirror Coat||[still]\n|-fail|p2a: Alomomola\n|\n|-weather|RainDance|[upkeep]\n|-heal|p2a: Alomomola|92\/100|[from] move: Wish|[wisher] Alomomola\n|upkeep\n|turn|24\n|\n|t:|1700050330\n|move|p1a: Manaphy|Energy Ball|p2a: Alomomola\n|-supereffective|p2a: Alomomola\n|-damage|p2a: Alomomola|0 fnt\n|faint|p2a: Alomomola\n|\n|-weather|RainDance|[upkeep]\n|upkeep\n|-message|OUHF Zam Zam forfeited.\n|\n|win|illuzionist test\n|raw|illuzionist test's rating: 1747 &rarr; <strong>1773<\/strong><br \/>(+26 for winning)\n|raw|OUHF Zam Zam's rating: 1849 &rarr; <strong>1823<\/strong><br \/>(-26 for losing)\n|l|\u2606OUHF Zam Zam\n|l|\u2606illuzionist test\n","uploadtime":1700050491,"views":10,"p1id":"illuzionisttest","p2id":"ouhfzamzam","formatid":"gen9ou","rating":1773,"private":0,"password":""}