{"id":"gen9ou-1996232733","p1":"Sawyer98","p2":"Outdated Ahh Team","format":"[Gen 9] OU","log":"|j|\u2606Sawyer98\n|j|\u2606Outdated Ahh Team\n|t:|1700662125\n|gametype|singles\n|player|p1|Sawyer98|pilot|1514\n|player|p2|Outdated Ahh Team|will-gen2|1512\n|teamsize|p1|6\n|teamsize|p2|6\n|gen|9\n|tier|[Gen 9] OU\n|rated|\n|rule|Sleep Clause Mod: Limit one foe put to sleep\n|rule|Species Clause: Limit one of each Pok\u00e9mon\n|rule|OHKO Clause: OHKO moves are banned\n|rule|Evasion Items Clause: Evasion items are banned\n|rule|Evasion Moves Clause: Evasion moves are banned\n|rule|Endless Battle Clause: Forcing endless battles is banned\n|rule|HP Percentage Mod: HP is shown in percentages\n|clearpoke\n|poke|p1|Arcanine-Hisui, F|\n|poke|p1|Blissey, F|\n|poke|p1|Zamazenta-*|\n|poke|p1|Greninja-*, M|\n|poke|p1|Iron Treads|\n|poke|p1|Thundurus-Therian, M|\n|poke|p2|Kingambit, M|\n|poke|p2|Ogerpon-Wellspring, F|\n|poke|p2|Hoopa-Unbound|\n|poke|p2|Iron Valiant|\n|poke|p2|Arcanine-Hisui, F|\n|poke|p2|Great Tusk|\n|teampreview\n|inactive|Battle timer is ON: inactive players will automatically lose when time's up. (requested by Outdated Ahh Team)\n|\n|t:|1700662148\n|start\n|switch|p1a: Thundurus|Thundurus-Therian, M|100\/100\n|switch|p2a: Alisa Bosconovitch|Iron Valiant|100\/100\n|turn|1\n|\n|t:|1700662153\n|move|p1a: Thundurus|Volt Switch|p2a: Alisa Bosconovitch\n|-damage|p2a: Alisa Bosconovitch|26\/100\n|\n|t:|1700662162\n|switch|p1a: Blissey|Blissey, F|100\/100|[from] Volt Switch\n|move|p2a: Alisa Bosconovitch|Moonblast|p1a: Blissey\n|-damage|p1a: Blissey|83\/100\n|\n|upkeep\n|turn|2\n|inactive|Outdated Ahh Team has 120 seconds left.\n|\n|t:|1700662196\n|move|p2a: Alisa Bosconovitch|Destiny Bond|p2a: Alisa Bosconovitch\n|-singlemove|p2a: Alisa Bosconovitch|Destiny Bond\n|move|p1a: Blissey|Seismic Toss|p2a: Alisa Bosconovitch\n|-damage|p2a: Alisa Bosconovitch|0 fnt\n|faint|p2a: Alisa Bosconovitch\n|-activate|p2a: Alisa Bosconovitch|move: Destiny Bond\n|-end|p2a: Alisa Bosconovitch|Quark Drive|[silent]\n|faint|p1a: Blissey\n|\n|upkeep\n|\n|t:|1700662209\n|switch|p2a: Alpha \ud83d\udc15|Arcanine-Hisui, F|100\/100\n|switch|p1a: Greninja|Greninja, M|100\/100\n|turn|3\n|\n|t:|1700662213\n|move|p1a: Greninja|Surf|p2a: Alpha \ud83d\udc15\n|-start|p1a: Greninja|typechange|Water|[from] ability: Protean\n|-supereffective|p2a: Alpha \ud83d\udc15\n|-enditem|p2a: Alpha \ud83d\udc15|Focus Sash\n|-damage|p2a: Alpha \ud83d\udc15|1\/100\n|move|p2a: Alpha \ud83d\udc15|Head Smash|p1a: Greninja\n|-damage|p1a: Greninja|0 fnt\n|faint|p1a: Greninja\n|\n|upkeep\n|\n|t:|1700662227\n|switch|p1a: Zamazenta|Zamazenta|100\/100\n|-ability|p1a: Zamazenta|Dauntless Shield|boost\n|-boost|p1a: Zamazenta|def|1\n|turn|4\n|inactive|Outdated Ahh Team has 120 seconds left.\n|\n|t:|1700662263\n|move|p1a: Zamazenta|Iron Defense|p1a: Zamazenta\n|-boost|p1a: Zamazenta|def|2\n|move|p2a: Alpha \ud83d\udc15|Flare Blitz|p1a: Zamazenta\n|-damage|p1a: Zamazenta|84\/100\n|\n|-heal|p1a: Zamazenta|90\/100|[from] item: Leftovers\n|upkeep\n|turn|5\n|\n|t:|1700662284\n|move|p1a: Zamazenta|Substitute|p1a: Zamazenta\n|-start|p1a: Zamazenta|Substitute\n|-damage|p1a: Zamazenta|65\/100\n|move|p2a: Alpha \ud83d\udc15|Flare Blitz|p1a: Zamazenta\n|-activate|p1a: Zamazenta|move: Substitute|[damage]\n|\n|-heal|p1a: Zamazenta|72\/100|[from] item: Leftovers\n|upkeep\n|turn|6\n|\n|t:|1700662291\n|move|p1a: Zamazenta|Iron Defense|p1a: Zamazenta\n|-boost|p1a: Zamazenta|def|2\n|move|p2a: Alpha \ud83d\udc15|Flare Blitz|p1a: Zamazenta\n|-end|p1a: Zamazenta|Substitute\n|\n|-heal|p1a: Zamazenta|78\/100|[from] item: Leftovers\n|upkeep\n|turn|7\n|\n|t:|1700662297\n|move|p1a: Zamazenta|Substitute|p1a: Zamazenta\n|-start|p1a: Zamazenta|Substitute\n|-damage|p1a: Zamazenta|53\/100\n|move|p2a: Alpha \ud83d\udc15|Flare Blitz|p1a: Zamazenta\n|-activate|p1a: Zamazenta|move: Substitute|[damage]\n|\n|-heal|p1a: Zamazenta|59\/100|[from] item: Leftovers\n|upkeep\n|turn|8\n|\n|t:|1700662305\n|move|p1a: Zamazenta|Body Press|p2a: Alpha \ud83d\udc15\n|-supereffective|p2a: Alpha \ud83d\udc15\n|-damage|p2a: Alpha \ud83d\udc15|0 fnt\n|faint|p2a: Alpha \ud83d\udc15\n|\n|-heal|p1a: Zamazenta|65\/100|[from] item: Leftovers\n|upkeep\n|\n|t:|1700662313\n|switch|p2a: Tuskuthy the Great|Great Tusk|100\/100\n|turn|9\n|inactive|Sawyer98 has 120 seconds left.\n|\n|t:|1700662352\n|move|p1a: Zamazenta|Body Press|p2a: Tuskuthy the Great\n|-damage|p2a: Tuskuthy the Great|17\/100\n|move|p2a: Tuskuthy the Great|Headlong Rush|p1a: Zamazenta\n|-end|p1a: Zamazenta|Substitute\n|-unboost|p2a: Tuskuthy the Great|def|1\n|-unboost|p2a: Tuskuthy the Great|spd|1\n|\n|-heal|p1a: Zamazenta|71\/100|[from] item: Leftovers\n|upkeep\n|turn|10\n|inactive|Sawyer98 has 120 seconds left.\n|\n|t:|1700662361\n|move|p1a: Zamazenta|Body Press|p2a: Tuskuthy the Great\n|-damage|p2a: Tuskuthy the Great|0 fnt\n|faint|p2a: Tuskuthy the Great\n|-end|p2a: Tuskuthy the Great|Protosynthesis|[silent]\n|\n|-heal|p1a: Zamazenta|78\/100|[from] item: Leftovers\n|upkeep\n|inactive|Outdated Ahh Team has 120 seconds left.\n|\n|t:|1700662394\n|switch|p2a: Ryomen Sukuna \u26e9\ufe0f|Hoopa-Unbound|100\/100\n|turn|11\n|\n|t:|1700662405\n|-terastallize|p2a: Ryomen Sukuna \u26e9\ufe0f|Poison\n|move|p1a: Zamazenta|Body Press|p2a: Ryomen Sukuna \u26e9\ufe0f\n|-resisted|p2a: Ryomen Sukuna \u26e9\ufe0f\n|-damage|p2a: Ryomen Sukuna \u26e9\ufe0f|10\/100\n|move|p2a: Ryomen Sukuna \u26e9\ufe0f|Psychic|p1a: Zamazenta\n|-supereffective|p1a: Zamazenta\n|-damage|p1a: Zamazenta|0 fnt\n|faint|p1a: Zamazenta\n|\n|upkeep\n|inactive|Sawyer98 has 120 seconds left.\n|\n|t:|1700662417\n|switch|p1a: Thundurus|Thundurus-Therian, M|100\/100\n|turn|12\n|\n|t:|1700662440\n|move|p1a: Thundurus|Volt Switch|p2a: Ryomen Sukuna \u26e9\ufe0f\n|-damage|p2a: Ryomen Sukuna \u26e9\ufe0f|0 fnt\n|faint|p2a: Ryomen Sukuna \u26e9\ufe0f\n|\n|t:|1700662449\n|switch|p1a: Iron Treads|Iron Treads|100\/100|[from] Volt Switch\n|\n|upkeep\n|inactive|Outdated Ahh Team has 120 seconds left.\n|\n|t:|1700662469\n|switch|p2a: Casca \u2694\ufe0f|Ogerpon-Wellspring, F|100\/100\n|turn|13\n|\n|t:|1700662479\n|move|p2a: Casca \u2694\ufe0f|Trailblaze|p1a: Iron Treads\n|-damage|p1a: Iron Treads|79\/100\n|-boost|p2a: Casca \u2694\ufe0f|spe|1\n|move|p1a: Iron Treads|Rapid Spin|p2a: Casca \u2694\ufe0f\n|-damage|p2a: Casca \u2694\ufe0f|84\/100\n|-boost|p1a: Iron Treads|spe|1\n|\n|-heal|p1a: Iron Treads|86\/100|[from] item: Leftovers\n|upkeep\n|turn|14\n|inactive|Outdated Ahh Team has 120 seconds left.\n|\n|t:|1700662504\n|move|p2a: Casca \u2694\ufe0f|Swords Dance|p2a: Casca \u2694\ufe0f\n|-boost|p2a: Casca \u2694\ufe0f|atk|2\n|move|p1a: Iron Treads|Volt Switch|p2a: Casca \u2694\ufe0f\n|-damage|p2a: Casca \u2694\ufe0f|71\/100\n|\n|t:|1700662512\n|-end|p1a: Iron Treads|Quark Drive|[silent]\n|switch|p1a: Arcanine|Arcanine-Hisui, F|100\/100|[from] Volt Switch\n|\n|upkeep\n|turn|15\n|inactive|Outdated Ahh Team has 120 seconds left.\n|\n|t:|1700662527\n|move|p1a: Arcanine|Extreme Speed|p2a: Casca \u2694\ufe0f\n|-damage|p2a: Casca \u2694\ufe0f|13\/100\n|move|p2a: Casca \u2694\ufe0f|Ivy Cudgel|p1a: Arcanine|[anim] Ivy Cudgel Water\n|-supereffective|p1a: Arcanine\n|-damage|p1a: Arcanine|0 fnt\n|faint|p1a: Arcanine\n|\n|upkeep\n|\n|t:|1700662534\n|switch|p1a: Thundurus|Thundurus-Therian, M|100\/100\n|turn|16\n|\n|t:|1700662537\n|move|p2a: Casca \u2694\ufe0f|Ivy Cudgel|p1a: Thundurus|[anim] Ivy Cudgel Water\n|-damage|p1a: Thundurus|0 fnt\n|faint|p1a: Thundurus\n|\n|upkeep\n|-message|Sawyer98 forfeited.\n|\n|win|Outdated Ahh Team\n|raw|Sawyer98's rating: 1514 &rarr; <strong>1495<\/strong><br \/>(-19 for losing)\n|raw|Outdated Ahh Team's rating: 1528 &rarr; <strong>1547<\/strong><br \/>(+19 for winning)\n|l|\u2606Sawyer98\n","uploadtime":1700662544,"views":1,"p1id":"sawyer98","p2id":"outdatedahhteam","formatid":"gen9ou","rating":1495,"private":0,"password":""}