{"id":"gen9ou-1996851475","p1":"Cruzer Facer","p2":"Skaraptor2.1","format":"[Gen 9] OU","log":"|j|\u2606Cruzer Facer\n|j|\u2606Skaraptor2.1\n|t:|1700735410\n|gametype|singles\n|player|p1|Cruzer Facer|nate|1467\n|player|p2|Skaraptor2.1|bodybuilderf-gen9|1416\n|teamsize|p1|6\n|teamsize|p2|6\n|gen|9\n|tier|[Gen 9] OU\n|rated|\n|rule|Sleep Clause Mod: Limit one foe put to sleep\n|rule|Species Clause: Limit one of each Pok\u00e9mon\n|rule|OHKO Clause: OHKO moves are banned\n|rule|Evasion Items Clause: Evasion items are banned\n|rule|Evasion Moves Clause: Evasion moves are banned\n|rule|Endless Battle Clause: Forcing endless battles is banned\n|rule|HP Percentage Mod: HP is shown in percentages\n|clearpoke\n|poke|p1|Kingambit, M|\n|poke|p1|Great Tusk|\n|poke|p1|Dragapult, F|\n|poke|p1|Ogerpon-Wellspring, F|\n|poke|p1|Blissey, F|\n|poke|p1|Zapdos|\n|poke|p2|Ribombee, M|\n|poke|p2|Ogerpon-Wellspring, F|\n|poke|p2|Great Tusk|\n|poke|p2|Zamazenta-*|\n|poke|p2|Iron Valiant|\n|poke|p2|Kingambit, F|\n|teampreview\n|inactive|Battle timer is ON: inactive players will automatically lose when time's up. (requested by Skaraptor2.1)\n|\n|t:|1700735425\n|start\n|switch|p1a: Dragapult|Dragapult, F|100\/100\n|switch|p2a: Twink|Ribombee, M|100\/100\n|turn|1\n|\n|t:|1700735446\n|move|p1a: Dragapult|Shadow Ball|p2a: Twink\n|-damage|p2a: Twink|32\/100\n|move|p2a: Twink|Stun Spore|p1a: Dragapult\n|-status|p1a: Dragapult|par\n|\n|upkeep\n|turn|2\n|\n|t:|1700735453\n|switch|p2a: Transfem|Ogerpon-Wellspring, F|100\/100\n|move|p1a: Dragapult|Shadow Ball|p2a: Transfem\n|-damage|p2a: Transfem|41\/100\n|-unboost|p2a: Transfem|spd|1\n|\n|upkeep\n|turn|3\n|\n|t:|1700735461\n|move|p2a: Transfem|Knock Off|p1a: Dragapult\n|-supereffective|p1a: Dragapult\n|-damage|p1a: Dragapult|0 fnt\n|-enditem|p1a: Dragapult|Choice Specs|[from] move: Knock Off|[of] p2a: Transfem\n|faint|p1a: Dragapult\n|\n|upkeep\n|\n|t:|1700735467\n|switch|p1a: Zapdos|Zapdos|100\/100\n|turn|4\n|\n|t:|1700735470\n|move|p2a: Transfem|Ivy Cudgel|p1a: Zapdos|[anim] Ivy Cudgel Water\n|-crit|p1a: Zapdos\n|-damage|p1a: Zapdos|29\/100\n|move|p1a: Zapdos|Volt Switch|p2a: Transfem\n|-damage|p2a: Transfem|0 fnt\n|faint|p2a: Transfem\n|\n|t:|1700735478\n|switch|p1a: Ogerpon|Ogerpon-Wellspring, F|100\/100|[from] Volt Switch\n|\n|upkeep\n|\n|t:|1700735483\n|switch|p2a: Bigender|Iron Valiant|100\/100\n|-enditem|p2a: Bigender|Booster Energy\n|-activate|p2a: Bigender|ability: Quark Drive|[fromitem]\n|-start|p2a: Bigender|quarkdrivespe\n|turn|5\n|j| BelphyG\n|inactive|Cruzer Facer has 120 seconds left.\n|l| BelphyG\n|\n|t:|1700735528\n|-terastallize|p1a: Ogerpon|Water\n|detailschange|p1a: Ogerpon|Ogerpon-Wellspring-Tera, F, tera:Water\n|-ability|p1a: Ogerpon|Embody Aspect (Wellspring)|boost\n|-boost|p1a: Ogerpon|spd|1\n|move|p2a: Bigender|Moonblast|p1a: Ogerpon\n|-damage|p1a: Ogerpon|65\/100\n|move|p1a: Ogerpon|Ivy Cudgel|p2a: Bigender|[anim] Ivy Cudgel Water\n|-damage|p2a: Bigender|2\/100\n|\n|upkeep\n|turn|6\n|\n|t:|1700735546\n|move|p2a: Bigender|Destiny Bond|p2a: Bigender\n|-singlemove|p2a: Bigender|Destiny Bond\n|move|p1a: Ogerpon|Ivy Cudgel|p2a: Bigender|[anim] Ivy Cudgel Water\n|-damage|p2a: Bigender|0 fnt\n|faint|p2a: Bigender\n|-activate|p2a: Bigender|move: Destiny Bond\n|-end|p2a: Bigender|Quark Drive|[silent]\n|faint|p1a: Ogerpon\n|\n|upkeep\n|\n|t:|1700735557\n|switch|p2a: Twink|Ribombee, M|32\/100\n|switch|p1a: Blissey|Blissey, F|100\/100\n|turn|7\n|\n|t:|1700735565\n|move|p2a: Twink|Skill Swap|p1a: Blissey\n|-activate|p2a: Twink|move: Skill Swap|Natural Cure|Shield Dust|[of] p1a: Blissey\n|move|p1a: Blissey|Stealth Rock|p2a: Twink\n|-sidestart|p2: Skaraptor2.1|move: Stealth Rock\n|\n|upkeep\n|turn|8\n|\n|t:|1700735571\n|switch|p1a: Great Tusk|Great Tusk|100\/100\n|move|p2a: Twink|Sticky Web|p1a: Great Tusk\n|-sidestart|p1: Cruzer Facer|move: Sticky Web\n|\n|upkeep\n|turn|9\n|inactive|Cruzer Facer has 120 seconds left.\n|\n|t:|1700735589\n|-end|p1a: Great Tusk|Protosynthesis|[silent]\n|switch|p1a: Blissey|Blissey, F|100\/100\n|move|p2a: Twink|Stun Spore|p1a: Blissey\n|-status|p1a: Blissey|par\n|\n|upkeep\n|turn|10\n|\n|t:|1700735601\n|switch|p2a: Raging Queer|Great Tusk|100\/100\n|-damage|p2a: Raging Queer|98\/100|[from] Stealth Rock\n|cant|p1a: Blissey|par\n|\n|-heal|p2a: Raging Queer|100\/100|[from] item: Leftovers\n|upkeep\n|turn|11\n|inactive|Cruzer Facer has 120 seconds left.\n|\n|t:|1700735609\n|-curestatus|p1a: Blissey|par|[from] ability: Natural Cure\n|switch|p1a: Great Tusk|Great Tusk|100\/100\n|-activate|p1a: Great Tusk|move: Sticky Web\n|-unboost|p1a: Great Tusk|spe|1\n|move|p2a: Raging Queer|Rapid Spin|p1a: Great Tusk\n|-damage|p1a: Great Tusk|89\/100\n|-boost|p2a: Raging Queer|spe|1\n|-sideend|p2: Skaraptor2.1|Stealth Rock|[from] move: Rapid Spin|[of] p2a: Raging Queer\n|\n|-heal|p1a: Great Tusk|95\/100|[from] item: Leftovers\n|upkeep\n|turn|12\n|\n|t:|1700735618\n|move|p2a: Raging Queer|Knock Off|p1a: Great Tusk\n|-resisted|p1a: Great Tusk\n|-damage|p1a: Great Tusk|85\/100\n|-enditem|p1a: Great Tusk|Leftovers|[from] move: Knock Off|[of] p2a: Raging Queer\n|move|p1a: Great Tusk|Rapid Spin|p2a: Raging Queer\n|-damage|p2a: Raging Queer|90\/100\n|-boost|p1a: Great Tusk|spe|1\n|-sideend|p1: Cruzer Facer|Sticky Web|[from] move: Rapid Spin|[of] p1a: Great Tusk\n|\n|-heal|p2a: Raging Queer|96\/100|[from] item: Leftovers\n|upkeep\n|turn|13\n|\n|t:|1700735624\n|move|p2a: Raging Queer|Taunt|p1a: Great Tusk\n|-start|p1a: Great Tusk|move: Taunt\n|cant|p1a: Great Tusk|move: Taunt|Bulk Up\n|\n|-heal|p2a: Raging Queer|100\/100|[from] item: Leftovers\n|upkeep\n|turn|14\n|\n|t:|1700735628\n|-end|p2a: Raging Queer|Protosynthesis|[silent]\n|switch|p2a: Defender of Trans|Zamazenta, shiny|100\/100\n|-ability|p2a: Defender of Trans|Dauntless Shield|boost\n|-boost|p2a: Defender of Trans|def|1\n|move|p1a: Great Tusk|Knock Off|p2a: Defender of Trans\n|-resisted|p2a: Defender of Trans\n|-damage|p2a: Defender of Trans|94\/100\n|-enditem|p2a: Defender of Trans|Leftovers|[from] move: Knock Off|[of] p1a: Great Tusk\n|\n|upkeep\n|turn|15\n|\n|t:|1700735640\n|-end|p1a: Great Tusk|Protosynthesis|[silent]\n|switch|p1a: Zapdos|Zapdos|29\/100\n|move|p2a: Defender of Trans|Iron Defense|p2a: Defender of Trans\n|-boost|p2a: Defender of Trans|def|2\n|\n|upkeep\n|turn|16\n|\n|t:|1700735648\n|move|p2a: Defender of Trans|Body Press|p1a: Zapdos\n|-resisted|p1a: Zapdos\n|-damage|p1a: Zapdos|0 fnt\n|faint|p1a: Zapdos\n|\n|upkeep\n|\n|t:|1700735655\n|switch|p1a: Great Tusk|Great Tusk|85\/100\n|turn|17\n|\n|t:|1700735658\n|move|p2a: Defender of Trans|Body Press|p1a: Great Tusk\n|-damage|p1a: Great Tusk|27\/100\n|move|p1a: Great Tusk|Bulk Up|p1a: Great Tusk\n|-boost|p1a: Great Tusk|atk|1\n|-boost|p1a: Great Tusk|def|1\n|\n|upkeep\n|turn|18\n|\n|t:|1700735664\n|move|p2a: Defender of Trans|Body Press|p1a: Great Tusk\n|-damage|p1a: Great Tusk|0 fnt\n|faint|p1a: Great Tusk\n|-end|p1a: Great Tusk|Protosynthesis|[silent]\n|\n|upkeep\n|-message|Cruzer Facer forfeited.\n|\n|win|Skaraptor2.1\n|raw|Cruzer Facer's rating: 1467 &rarr; <strong>1444<\/strong><br \/>(-23 for losing)\n|raw|Skaraptor2.1's rating: 1416 &rarr; <strong>1439<\/strong><br \/>(+23 for winning)\n|l|\u2606Cruzer Facer\n","uploadtime":1700735677,"views":9,"p1id":"cruzerfacer","p2id":"skaraptor21","formatid":"gen9ou","rating":1439,"private":0,"password":""}