{"id":"gen9ou-1988514499","p1":"atod","p2":"CRAZY ZAZA","format":"[Gen 9] OU","log":"|j|\u2606atod\n|j|\u2606CRAZY ZAZA\n|t:|1699731104\n|gametype|singles\n|player|p1|atod|norman|1517\n|player|p2|CRAZY ZAZA|medium-gen2jp|1565\n|teamsize|p1|6\n|teamsize|p2|6\n|gen|9\n|tier|[Gen 9] OU\n|rated|\n|rule|Sleep Clause Mod: Limit one foe put to sleep\n|rule|Species Clause: Limit one of each Pok\u00e9mon\n|rule|OHKO Clause: OHKO moves are banned\n|rule|Evasion Items Clause: Evasion items are banned\n|rule|Evasion Moves Clause: Evasion moves are banned\n|rule|Endless Battle Clause: Forcing endless battles is banned\n|rule|HP Percentage Mod: HP is shown in percentages\n|clearpoke\n|poke|p1|Great Tusk|\n|poke|p1|Kingambit, M|\n|poke|p1|Clodsire, F|\n|poke|p1|Dragapult, F|\n|poke|p1|Gholdengo|\n|poke|p1|Maushold-Four|\n|poke|p2|Rillaboom, F|\n|poke|p2|Sneasler, F|\n|poke|p2|Zamazenta-*|\n|poke|p2|Heatran, M|\n|poke|p2|Hatterene, F|\n|poke|p2|Manaphy|\n|teampreview\n|inactive|Battle timer is ON: inactive players will automatically lose when time's up. (requested by CRAZY ZAZA)\n|inactive|atod also wants the timer to be on.\n|\n|t:|1699731122\n|start\n|switch|p1a: Frankie \"Eyes\"|Gholdengo|100\/100\n|switch|p2a: Iron Bands|Rillaboom, F|100\/100\n|-fieldstart|move: Grassy Terrain|[from] ability: Grassy Surge|[of] p2a: Iron Bands\n|turn|1\n|\n|t:|1699731127\n|move|p1a: Frankie \"Eyes\"|Make It Rain|p2a: Iron Bands\n|-damage|p2a: Iron Bands|28\/100\n|-unboost|p1a: Frankie \"Eyes\"|spa|1\n|move|p2a: Iron Bands|Knock Off|p1a: Frankie \"Eyes\"\n|-supereffective|p1a: Frankie \"Eyes\"\n|-damage|p1a: Frankie \"Eyes\"|0 fnt\n|-enditem|p1a: Frankie \"Eyes\"|Choice Scarf|[from] move: Knock Off|[of] p2a: Iron Bands\n|faint|p1a: Frankie \"Eyes\"\n|\n|-heal|p2a: Iron Bands|34\/100|[from] Grassy Terrain\n|upkeep\n|\n|t:|1699731142\n|switch|p1a: Carmine \"Cuts\"|Dragapult, F|100\/100\n|turn|2\n|\n|t:|1699731152\n|switch|p2a: Mr Worldwide|Heatran, M|100\/100\n|-item|p2a: Mr Worldwide|Air Balloon\n|move|p1a: Carmine \"Cuts\"|U-turn|p2a: Mr Worldwide\n|-resisted|p2a: Mr Worldwide\n|-damage|p2a: Mr Worldwide|97\/100\n|-enditem|p2a: Mr Worldwide|Air Balloon\n|\n|t:|1699731165\n|switch|p1a: Joey \"Bats\"|Great Tusk|100\/100|[from] U-turn\n|\n|-heal|p2a: Mr Worldwide|100\/100|[from] Grassy Terrain\n|upkeep\n|turn|3\n|\n|t:|1699731172\n|switch|p2a: Saint Laurent Hatt|Hatterene, F|100\/100\n|-enditem|p2a: Saint Laurent Hatt|Grassy Seed\n|-boost|p2a: Saint Laurent Hatt|def|1|[from] item: Grassy Seed\n|move|p1a: Joey \"Bats\"|Knock Off|p2a: Saint Laurent Hatt\n|-damage|p2a: Saint Laurent Hatt|89\/100\n|\n|-heal|p2a: Saint Laurent Hatt|95\/100|[from] Grassy Terrain\n|upkeep\n|turn|4\n|\n|t:|1699731187\n|-end|p1a: Joey \"Bats\"|Protosynthesis|[silent]\n|switch|p1a: Rocko \"Slugs\"|Clodsire, F|100\/100\n|move|p2a: Saint Laurent Hatt|Calm Mind|p2a: Saint Laurent Hatt\n|-boost|p2a: Saint Laurent Hatt|spa|1\n|-boost|p2a: Saint Laurent Hatt|spd|1\n|\n|-heal|p2a: Saint Laurent Hatt|100\/100|[from] Grassy Terrain\n|upkeep\n|turn|5\n|\n|t:|1699731190\n|move|p2a: Saint Laurent Hatt|Psyshock|p1a: Rocko \"Slugs\"\n|-supereffective|p1a: Rocko \"Slugs\"\n|-damage|p1a: Rocko \"Slugs\"|22\/100\n|move|p1a: Rocko \"Slugs\"|Toxic|p2a: Saint Laurent Hatt\n|move|p2a: Saint Laurent Hatt|Toxic|p1a: Rocko \"Slugs\"|[from]ability: Magic Bounce\n|-immune|p1a: Rocko \"Slugs\"\n|\n|-heal|p1a: Rocko \"Slugs\"|29\/100|[from] Grassy Terrain\n|-heal|p1a: Rocko \"Slugs\"|35\/100|[from] item: Leftovers\n|-fieldend|move: Grassy Terrain\n|upkeep\n|turn|6\n|\n|t:|1699731195\n|move|p2a: Saint Laurent Hatt|Psyshock|p1a: Rocko \"Slugs\"\n|-supereffective|p1a: Rocko \"Slugs\"\n|-damage|p1a: Rocko \"Slugs\"|0 fnt\n|faint|p1a: Rocko \"Slugs\"\n|\n|upkeep\n|\n|t:|1699731200\n|switch|p1a: Carmine \"Cuts\"|Dragapult, F|100\/100\n|turn|7\n|\n|t:|1699731203\n|-terastallize|p1a: Carmine \"Cuts\"|Ghost\n|move|p1a: Carmine \"Cuts\"|Shadow Ball|p2a: Saint Laurent Hatt\n|-supereffective|p2a: Saint Laurent Hatt\n|-damage|p2a: Saint Laurent Hatt|1\/100\n|move|p2a: Saint Laurent Hatt|Draining Kiss|p1a: Carmine \"Cuts\"\n|-damage|p1a: Carmine \"Cuts\"|54\/100\n|-heal|p2a: Saint Laurent Hatt|36\/100|[from] drain|[of] p1a: Carmine \"Cuts\"\n|\n|upkeep\n|turn|8\n|inactive|CRAZY ZAZA has 120 seconds left.\n|\n|t:|1699731239\n|move|p1a: Carmine \"Cuts\"|Shadow Ball|p2a: Saint Laurent Hatt\n|-supereffective|p2a: Saint Laurent Hatt\n|-damage|p2a: Saint Laurent Hatt|0 fnt\n|faint|p2a: Saint Laurent Hatt\n|\n|upkeep\n|\n|t:|1699731261\n|switch|p2a: Iron Bands|Rillaboom, F|34\/100\n|-fieldstart|move: Grassy Terrain|[from] ability: Grassy Surge|[of] p2a: Iron Bands\n|turn|9\n|\n|t:|1699731267\n|switch|p1a: Joey \"Bats\"|Great Tusk|100\/100\n|move|p2a: Iron Bands|Grassy Glide|p1a: Joey \"Bats\"\n|-supereffective|p1a: Joey \"Bats\"\n|-damage|p1a: Joey \"Bats\"|42\/100\n|\n|-heal|p2a: Iron Bands|41\/100|[from] Grassy Terrain\n|-heal|p1a: Joey \"Bats\"|49\/100|[from] Grassy Terrain\n|-heal|p1a: Joey \"Bats\"|55\/100|[from] item: Leftovers\n|upkeep\n|turn|10\n|\n|t:|1699731274\n|move|p2a: Iron Bands|Grassy Glide|p1a: Joey \"Bats\"\n|-supereffective|p1a: Joey \"Bats\"\n|-damage|p1a: Joey \"Bats\"|0 fnt\n|faint|p1a: Joey \"Bats\"\n|-end|p1a: Joey \"Bats\"|Protosynthesis|[silent]\n|\n|-heal|p2a: Iron Bands|47\/100|[from] Grassy Terrain\n|upkeep\n|\n|t:|1699731277\n|switch|p1a: Mario \"Money Bags\"|Kingambit, M|100\/100\n|-activate|p1a: Mario \"Money Bags\"|ability: Supreme Overlord\n|-start|p1a: Mario \"Money Bags\"|fallen3|[silent]\n|-item|p1a: Mario \"Money Bags\"|Air Balloon\n|turn|11\n|\n|t:|1699731282\n|switch|p2a: Michael Vick|Zamazenta|100\/100\n|-ability|p2a: Michael Vick|Dauntless Shield|boost\n|-boost|p2a: Michael Vick|def|1\n|move|p1a: Mario \"Money Bags\"|Swords Dance|p1a: Mario \"Money Bags\"\n|-boost|p1a: Mario \"Money Bags\"|atk|2\n|\n|upkeep\n|turn|12\n|\n|t:|1699731286\n|move|p2a: Michael Vick|Body Press|p1a: Mario \"Money Bags\"\n|-supereffective|p1a: Mario \"Money Bags\"\n|-damage|p1a: Mario \"Money Bags\"|0 fnt\n|-enditem|p1a: Mario \"Money Bags\"|Air Balloon\n|faint|p1a: Mario \"Money Bags\"\n|-end|p1a: Mario \"Money Bags\"|fallen3|[silent]\n|\n|upkeep\n|\n|t:|1699731290\n|switch|p1a: Carmine \"Cuts\"|Dragapult, F, tera:Ghost|54\/100\n|turn|13\n|\n|t:|1699731294\n|move|p2a: Michael Vick|Crunch|p1a: Carmine \"Cuts\"\n|-supereffective|p1a: Carmine \"Cuts\"\n|-damage|p1a: Carmine \"Cuts\"|0 fnt\n|faint|p1a: Carmine \"Cuts\"\n|\n|-fieldend|move: Grassy Terrain\n|upkeep\n|c|\u2606CRAZY ZAZA|gg\n|\n|t:|1699731297\n|switch|p1a: I Mafiosi|Maushold-Four|100\/100\n|turn|14\n|\n|t:|1699731300\n|move|p2a: Michael Vick|Body Press|p1a: I Mafiosi\n|-supereffective|p1a: I Mafiosi\n|-damage|p1a: I Mafiosi|0 fnt\n|faint|p1a: I Mafiosi\n|\n|win|CRAZY ZAZA\n|raw|atod's rating: 1517 &rarr; <strong>1500<\/strong><br \/>(-17 for losing)\n|raw|CRAZY ZAZA's rating: 1565 &rarr; <strong>1582<\/strong><br \/>(+17 for winning)\n|l|\u2606atod\n","uploadtime":1699731305,"views":16,"p1id":"atod","p2id":"crazyzaza","formatid":"gen9ou","rating":1500,"private":0,"password":""}