{"id":"gen9ou-1988396935","p1":"top chad","p2":"ANOTHERDAYWILLCOME","format":"[Gen 9] OU","log":"|j|\u2606top chad\n|j|\u2606ANOTHERDAYWILLCOME\n|t:|1699718324\n|gametype|singles\n|player|p1|top chad|bodybuilder-gen9|1438\n|player|p2|ANOTHERDAYWILLCOME|gambler|1454\n|teamsize|p1|6\n|teamsize|p2|6\n|gen|9\n|tier|[Gen 9] OU\n|rated|\n|rule|Sleep Clause Mod: Limit one foe put to sleep\n|rule|Species Clause: Limit one of each Pok\u00e9mon\n|rule|OHKO Clause: OHKO moves are banned\n|rule|Evasion Items Clause: Evasion items are banned\n|rule|Evasion Moves Clause: Evasion moves are banned\n|rule|Endless Battle Clause: Forcing endless battles is banned\n|rule|HP Percentage Mod: HP is shown in percentages\n|clearpoke\n|poke|p1|Tinkaton, F|\n|poke|p1|Gliscor, M|\n|poke|p1|Slowking-Galar, M|\n|poke|p1|Maushold-Four|\n|poke|p1|Iron Valiant|\n|poke|p1|Walking Wake|\n|poke|p2|Torkoal, F|\n|poke|p2|Walking Wake|\n|poke|p2|Iron Moth|\n|poke|p2|Hatterene, F|\n|poke|p2|Ogerpon-Cornerstone, F|\n|poke|p2|Great Tusk|\n|teampreview\n|\n|t:|1699718347\n|start\n|switch|p1a: Tinkaton|Tinkaton, F|100\/100\n|switch|p2a: Torkoal|Torkoal, F|100\/100\n|-item|p1a: Tinkaton|Air Balloon\n|-weather|SunnyDay|[from] ability: Drought|[of] p2a: Torkoal\n|turn|1\n|\n|t:|1699718356\n|switch|p2a: Hatterene|Hatterene, F|100\/100\n|move|p1a: Tinkaton|Gigaton Hammer|p2a: Hatterene\n|-supereffective|p2a: Hatterene\n|-damage|p2a: Hatterene|18\/100\n|-enditem|p2a: Hatterene|Eject Button\n|\n|t:|1699718357\n|switch|p2a: Walking Wake|Walking Wake|100\/100\n|-activate|p2a: Walking Wake|ability: Protosynthesis\n|-start|p2a: Walking Wake|protosynthesisspe\n|\n|-weather|SunnyDay|[upkeep]\n|upkeep\n|turn|2\n|inactive|Battle timer is ON: inactive players will automatically lose when time's up. (requested by top chad)\n|\n|t:|1699718369\n|switch|p1a: Slowking|Slowking-Galar, M|100\/100\n|move|p2a: Walking Wake|Hydro Steam|p1a: Slowking\n|-damage|p1a: Slowking|47\/100\n|\n|-weather|SunnyDay|[upkeep]\n|upkeep\n|turn|3\n|\n|t:|1699718377\n|switch|p1a: Walking Wake|Walking Wake|100\/100\n|-activate|p1a: Walking Wake|ability: Protosynthesis\n|-start|p1a: Walking Wake|protosynthesisspe\n|move|p2a: Walking Wake|Hydro Steam|p1a: Walking Wake\n|-resisted|p1a: Walking Wake\n|-damage|p1a: Walking Wake|74\/100\n|\n|-weather|SunnyDay|[upkeep]\n|upkeep\n|turn|4\n|\n|t:|1699718388\n|-end|p2a: Walking Wake|Protosynthesis|[silent]\n|switch|p2a: Hatterene|Hatterene, F|18\/100\n|move|p1a: Walking Wake|Draco Meteor|p2a: Hatterene\n|-immune|p2a: Hatterene\n|\n|-weather|SunnyDay|[upkeep]\n|upkeep\n|turn|5\n|\n|t:|1699718393\n|move|p1a: Walking Wake|Hydro Steam|p2a: Hatterene\n|-damage|p2a: Hatterene|0 fnt\n|faint|p2a: Hatterene\n|\n|-weather|SunnyDay|[upkeep]\n|upkeep\n|\n|t:|1699718399\n|switch|p2a: Ogerpon|Ogerpon-Cornerstone, F|100\/100\n|turn|6\n|\n|t:|1699718406\n|-end|p1a: Walking Wake|Protosynthesis|[silent]\n|switch|p1a: Tinkaton|Tinkaton, F|100\/100\n|-item|p1a: Tinkaton|Air Balloon\n|move|p2a: Ogerpon|Power Whip|p1a: Tinkaton\n|-resisted|p1a: Tinkaton\n|-damage|p1a: Tinkaton|63\/100\n|-enditem|p1a: Tinkaton|Air Balloon\n|\n|-weather|SunnyDay|[upkeep]\n|upkeep\n|turn|7\n|\n|t:|1699718416\n|switch|p2a: Walking Wake|Walking Wake|100\/100\n|-activate|p2a: Walking Wake|ability: Protosynthesis\n|-start|p2a: Walking Wake|protosynthesisspe\n|move|p1a: Tinkaton|Stealth Rock|p2a: Walking Wake\n|-sidestart|p2: ANOTHERDAYWILLCOME|move: Stealth Rock\n|\n|-weather|SunnyDay|[upkeep]\n|upkeep\n|turn|8\n|\n|t:|1699718424\n|switch|p1a: Slowking|Slowking-Galar, M|80\/100\n|move|p2a: Walking Wake|Hydro Steam|p1a: Slowking\n|-crit|p1a: Slowking\n|-damage|p1a: Slowking|2\/100\n|\n|-weather|none\n|-end|p2a: Walking Wake|Protosynthesis\n|upkeep\n|turn|9\n|\n|t:|1699718431\n|-end|p2a: Walking Wake|Protosynthesis|[silent]\n|switch|p2a: Torkoal|Torkoal, F|100\/100\n|-damage|p2a: Torkoal|75\/100|[from] Stealth Rock\n|-weather|SunnyDay|[from] ability: Drought|[of] p2a: Torkoal\n|switch|p1a: Walking Wake|Walking Wake|74\/100\n|-activate|p1a: Walking Wake|ability: Protosynthesis\n|-start|p1a: Walking Wake|protosynthesisspe\n|\n|-weather|SunnyDay|[upkeep]\n|upkeep\n|turn|10\n|\n|t:|1699718438\n|switch|p2a: Ogerpon|Ogerpon-Cornerstone, F|100\/100\n|-damage|p2a: Ogerpon|88\/100|[from] Stealth Rock\n|move|p1a: Walking Wake|Agility|p1a: Walking Wake\n|-boost|p1a: Walking Wake|spe|2\n|\n|-weather|SunnyDay|[upkeep]\n|upkeep\n|turn|11\n|\n|t:|1699718443\n|move|p1a: Walking Wake|Hydro Steam|p2a: Ogerpon\n|-damage|p2a: Ogerpon|16\/100\n|move|p2a: Ogerpon|Ivy Cudgel|p1a: Walking Wake\n|-damage|p1a: Walking Wake|7\/100\n|\n|-weather|SunnyDay|[upkeep]\n|upkeep\n|turn|12\n|\n|t:|1699718452\n|move|p1a: Walking Wake|Hydro Steam|p2a: Ogerpon\n|-damage|p2a: Ogerpon|0 fnt\n|faint|p2a: Ogerpon\n|\n|-weather|SunnyDay|[upkeep]\n|upkeep\n|\n|t:|1699718473\n|switch|p2a: Walking Wake|Walking Wake|100\/100\n|-damage|p2a: Walking Wake|88\/100|[from] Stealth Rock\n|-activate|p2a: Walking Wake|ability: Protosynthesis\n|-start|p2a: Walking Wake|protosynthesisspe\n|turn|13\n|\n|t:|1699718480\n|-terastallize|p2a: Walking Wake|Water\n|move|p1a: Walking Wake|Draco Meteor|p2a: Walking Wake\n|-damage|p2a: Walking Wake|7\/100\n|-unboost|p1a: Walking Wake|spa|2\n|move|p2a: Walking Wake|Hydro Steam|p1a: Walking Wake\n|-resisted|p1a: Walking Wake\n|-damage|p1a: Walking Wake|0 fnt\n|faint|p1a: Walking Wake\n|-end|p1a: Walking Wake|Protosynthesis|[silent]\n|\n|-weather|SunnyDay|[upkeep]\n|upkeep\n|\n|t:|1699718497\n|switch|p1a: Gliscor|Gliscor, M|100\/100\n|turn|14\n|\n|t:|1699718500\n|move|p1a: Gliscor|Protect|p1a: Gliscor\n|-singleturn|p1a: Gliscor|Protect\n|move|p2a: Walking Wake|Hydro Steam|p1a: Gliscor\n|-activate|p1a: Gliscor|move: Protect\n|\n|-weather|SunnyDay|[upkeep]\n|-status|p1a: Gliscor|tox|[from] item: Toxic Orb\n|upkeep\n|turn|15\n|\n|t:|1699718507\n|switch|p1a: Slowking|Slowking-Galar, M|35\/100\n|move|p2a: Walking Wake|Hydro Steam|p1a: Slowking\n|-damage|p1a: Slowking|0 fnt\n|faint|p1a: Slowking\n|\n|-weather|SunnyDay|[upkeep]\n|upkeep\n|\n|t:|1699718513\n|switch|p1a: Gliscor|Gliscor, M|100\/100 tox\n|turn|16\n|\n|t:|1699718516\n|move|p1a: Gliscor|Protect|p1a: Gliscor\n|-singleturn|p1a: Gliscor|Protect\n|move|p2a: Walking Wake|Hydro Steam|p1a: Gliscor\n|-activate|p1a: Gliscor|move: Protect\n|\n|-weather|none\n|-end|p2a: Walking Wake|Protosynthesis\n|upkeep\n|turn|17\n|\n|t:|1699718528\n|-terastallize|p1a: Gliscor|Ghost\n|move|p2a: Walking Wake|Hydro Steam|p1a: Gliscor\n|-damage|p1a: Gliscor|2\/100 tox\n|move|p1a: Gliscor|Spikes|p2a: Walking Wake\n|-sidestart|p2: ANOTHERDAYWILLCOME|Spikes\n|\n|-heal|p1a: Gliscor|14\/100 tox|[from] ability: Poison Heal\n|upkeep\n|turn|18\n|\n|t:|1699718533\n|move|p1a: Gliscor|Protect|p1a: Gliscor\n|-singleturn|p1a: Gliscor|Protect\n|move|p2a: Walking Wake|Hydro Steam|p1a: Gliscor\n|-activate|p1a: Gliscor|move: Protect\n|\n|-heal|p1a: Gliscor|26\/100 tox|[from] ability: Poison Heal\n|upkeep\n|turn|19\n|\n|t:|1699718537\n|switch|p1a: Tinkaton|Tinkaton, F|63\/100\n|move|p2a: Walking Wake|Hydro Steam|p1a: Tinkaton\n|-damage|p1a: Tinkaton|0 fnt\n|faint|p1a: Tinkaton\n|\n|upkeep\n|\n|t:|1699718541\n|switch|p1a: Iron Valiant|Iron Valiant|100\/100\n|-enditem|p1a: Iron Valiant|Booster Energy\n|-activate|p1a: Iron Valiant|ability: Quark Drive|[fromitem]\n|-start|p1a: Iron Valiant|quarkdrivespe\n|turn|20\n|\n|t:|1699718547\n|move|p1a: Iron Valiant|Calm Mind|p1a: Iron Valiant\n|-boost|p1a: Iron Valiant|spa|1\n|-boost|p1a: Iron Valiant|spd|1\n|move|p2a: Walking Wake|Hydro Steam|p1a: Iron Valiant\n|-damage|p1a: Iron Valiant|0 fnt\n|faint|p1a: Iron Valiant\n|-end|p1a: Iron Valiant|Quark Drive|[silent]\n|\n|upkeep\n|\n|t:|1699718553\n|switch|p1a: Maushold|Maushold-Four|100\/100\n|turn|21\n|\n|t:|1699718559\n|move|p1a: Maushold|Population Bomb|p2a: Walking Wake\n|-damage|p2a: Walking Wake|0 fnt\n|faint|p2a: Walking Wake\n|-end|p2a: Walking Wake|Protosynthesis|[silent]\n|-hitcount|p2: Walking Wake|1\n|\n|upkeep\n|\n|t:|1699718564\n|switch|p2a: Torkoal|Torkoal, F|75\/100\n|-damage|p2a: Torkoal|50\/100|[from] Stealth Rock\n|-damage|p2a: Torkoal|38\/100|[from] Spikes\n|-weather|SunnyDay|[from] ability: Drought|[of] p2a: Torkoal\n|turn|22\n|\n|t:|1699718570\n|move|p1a: Maushold|Population Bomb|p2a: Torkoal\n|-damage|p2a: Torkoal|31\/100\n|-damage|p2a: Torkoal|24\/100\n|-damage|p2a: Torkoal|17\/100\n|-damage|p2a: Torkoal|10\/100\n|-damage|p2a: Torkoal|3\/100\n|-damage|p2a: Torkoal|0 fnt\n|faint|p2a: Torkoal\n|-hitcount|p2: Torkoal|6\n|\n|-weather|SunnyDay|[upkeep]\n|upkeep\n|\n|t:|1699718572\n|switch|p2a: Great Tusk|Great Tusk|100\/100\n|-activate|p2a: Great Tusk|ability: Protosynthesis\n|-start|p2a: Great Tusk|protosynthesisspe\n|turn|23\n|\n|t:|1699718591\n|move|p2a: Great Tusk|Ice Spinner|p1a: Maushold\n|-damage|p1a: Maushold|64\/100\n|move|p1a: Maushold|Population Bomb|p2a: Great Tusk\n|-damage|p2a: Great Tusk|94\/100\n|-damage|p2a: Great Tusk|86\/100\n|-damage|p2a: Great Tusk|80\/100\n|-damage|p2a: Great Tusk|72\/100\n|-damage|p2a: Great Tusk|64\/100\n|-damage|p2a: Great Tusk|57\/100\n|-damage|p2a: Great Tusk|51\/100\n|-crit|p2a: Great Tusk\n|-damage|p2a: Great Tusk|40\/100\n|-damage|p2a: Great Tusk|33\/100\n|-damage|p2a: Great Tusk|26\/100\n|-hitcount|p2a: Great Tusk|10\n|\n|-weather|SunnyDay|[upkeep]\n|upkeep\n|turn|24\n|\n|t:|1699718607\n|move|p2a: Great Tusk|Rapid Spin|p1a: Maushold\n|-damage|p1a: Maushold|39\/100\n|-boost|p2a: Great Tusk|spe|1\n|-sideend|p2: ANOTHERDAYWILLCOME|Spikes|[from] move: Rapid Spin|[of] p2a: Great Tusk\n|-sideend|p2: ANOTHERDAYWILLCOME|Stealth Rock|[from] move: Rapid Spin|[of] p2a: Great Tusk\n|move|p1a: Maushold|Population Bomb|p2a: Great Tusk\n|-damage|p2a: Great Tusk|19\/100\n|-damage|p2a: Great Tusk|12\/100\n|-damage|p2a: Great Tusk|5\/100\n|-damage|p2a: Great Tusk|0 fnt\n|faint|p2a: Great Tusk\n|-end|p2a: Great Tusk|Protosynthesis|[silent]\n|-hitcount|p2: Great Tusk|4\n|\n|-weather|SunnyDay|[upkeep]\n|upkeep\n|\n|t:|1699718609\n|switch|p2a: Iron Moth|Iron Moth|100\/100\n|-enditem|p2a: Iron Moth|Booster Energy\n|-activate|p2a: Iron Moth|ability: Quark Drive|[fromitem]\n|-start|p2a: Iron Moth|quarkdrivespe\n|turn|25\n|\n|t:|1699718613\n|move|p2a: Iron Moth|Fiery Dance|p1a: Maushold\n|-damage|p1a: Maushold|0 fnt\n|faint|p1a: Maushold\n|\n|-weather|SunnyDay|[upkeep]\n|upkeep\n|\n|t:|1699718615\n|switch|p1a: Gliscor|Gliscor, M, tera:Ghost|26\/100 tox\n|turn|26\n|\n|t:|1699718617\n|move|p1a: Gliscor|Protect|p1a: Gliscor\n|-singleturn|p1a: Gliscor|Protect\n|move|p2a: Iron Moth|Fiery Dance|p1a: Gliscor\n|-activate|p1a: Gliscor|move: Protect\n|\n|-weather|SunnyDay|[upkeep]\n|-heal|p1a: Gliscor|39\/100 tox|[from] ability: Poison Heal\n|upkeep\n|turn|27\n|\n|t:|1699718625\n|move|p1a: Gliscor|Protect||[still]\n|-fail|p1a: Gliscor\n|move|p2a: Iron Moth|Fiery Dance|p1a: Gliscor\n|-damage|p1a: Gliscor|0 fnt\n|-boost|p2a: Iron Moth|spa|1\n|faint|p1a: Gliscor\n|\n|win|ANOTHERDAYWILLCOME\n|raw|top chad's rating: 1438 &rarr; <strong>1419<\/strong><br \/>(-19 for losing)\n|raw|ANOTHERDAYWILLCOME's rating: 1454 &rarr; <strong>1473<\/strong><br \/>(+19 for winning)\n","uploadtime":1699718632,"views":14,"p1id":"topchad","p2id":"anotherdaywillcome","formatid":"gen9ou","rating":1419,"private":0,"password":""}