{"id":"gen9ou-1993214452","p1":"ianlazerbeem","p2":"mxwaef","format":"[Gen 9] OU","log":"|j|\u2606ianlazerbeem\n|j|\u2606mxwaef\n|t:|1700279041\n|gametype|singles\n|player|p1|ianlazerbeem|rosa|1351\n|player|p2|mxwaef|169|1294\n|teamsize|p1|6\n|teamsize|p2|6\n|gen|9\n|tier|[Gen 9] OU\n|rated|\n|rule|Sleep Clause Mod: Limit one foe put to sleep\n|rule|Species Clause: Limit one of each Pok\u00e9mon\n|rule|OHKO Clause: OHKO moves are banned\n|rule|Evasion Items Clause: Evasion items are banned\n|rule|Evasion Moves Clause: Evasion moves are banned\n|rule|Endless Battle Clause: Forcing endless battles is banned\n|rule|HP Percentage Mod: HP is shown in percentages\n|clearpoke\n|poke|p1|Clefable, F|\n|poke|p1|Alomomola, M|\n|poke|p1|Blissey, F|\n|poke|p1|Clodsire, F|\n|poke|p1|Dondozo, F|\n|poke|p1|Amoonguss, M|\n|poke|p2|Thundurus, M|\n|poke|p2|Cinderace, F|\n|poke|p2|Blissey, F|\n|poke|p2|Gholdengo|\n|poke|p2|Iron Valiant|\n|poke|p2|Hydreigon, M|\n|teampreview\n|inactive|Battle timer is ON: inactive players will automatically lose when time's up. (requested by mxwaef)\n|\n|t:|1700279069\n|start\n|switch|p1a: Amoonguss|Amoonguss, M|100\/100\n|switch|p2a: Thundurus|Thundurus, M|100\/100\n|turn|1\n|\n|t:|1700279076\n|move|p2a: Thundurus|Psychic|p1a: Amoonguss\n|-supereffective|p1a: Amoonguss\n|-damage|p1a: Amoonguss|47\/100\n|move|p1a: Amoonguss|Toxic|p2a: Thundurus\n|-status|p2a: Thundurus|tox\n|\n|-damage|p2a: Thundurus|94\/100 tox|[from] psn\n|upkeep\n|turn|2\n|\n|t:|1700279091\n|switch|p1a: Blissey|Blissey, F|100\/100\n|move|p2a: Thundurus|Volt Switch|p1a: Blissey\n|-crit|p1a: Blissey\n|-damage|p1a: Blissey|86\/100\n|\n|t:|1700279098\n|switch|p2a: Iron Valiant|Iron Valiant|100\/100|[from] Volt Switch\n|-enditem|p2a: Iron Valiant|Booster Energy\n|-activate|p2a: Iron Valiant|ability: Quark Drive|[fromitem]\n|-start|p2a: Iron Valiant|quarkdrivespe\n|\n|upkeep\n|turn|3\n|\n|t:|1700279107\n|switch|p1a: Clefable|Clefable, F|100\/100\n|move|p2a: Iron Valiant|Close Combat|p1a: Clefable\n|-resisted|p1a: Clefable\n|-damage|p1a: Clefable|84\/100\n|-unboost|p2a: Iron Valiant|def|1\n|-unboost|p2a: Iron Valiant|spd|1\n|\n|-heal|p1a: Clefable|90\/100|[from] item: Leftovers\n|upkeep\n|turn|4\n|\n|t:|1700279122\n|-end|p2a: Iron Valiant|Quark Drive|[silent]\n|switch|p2a: Blissey|Blissey, F|100\/100\n|move|p1a: Clefable|Moonblast|p2a: Blissey\n|-damage|p2a: Blissey|90\/100\n|\n|-heal|p1a: Clefable|96\/100|[from] item: Leftovers\n|upkeep\n|turn|5\n|\n|t:|1700279125\n|move|p1a: Clefable|Knock Off|p2a: Blissey\n|-damage|p2a: Blissey|75\/100\n|-enditem|p2a: Blissey|Light Clay|[from] move: Knock Off|[of] p1a: Clefable\n|move|p2a: Blissey|Heal Bell|p2a: Blissey\n|-activate|p2a: Blissey|move: Heal Bell\n|-curestatus|p2: Thundurus|tox|[msg]\n|\n|-heal|p1a: Clefable|100\/100|[from] item: Leftovers\n|upkeep\n|turn|6\n|\n|t:|1700279144\n|switch|p2a: Cinderace|Cinderace, F|100\/100\n|move|p1a: Clefable|Wish|p1a: Clefable\n|\n|upkeep\n|turn|7\n|\n|t:|1700279150\n|switch|p1a: Alomomola|Alomomola, M|100\/100\n|move|p2a: Cinderace|U-turn|p1a: Alomomola\n|-start|p2a: Cinderace|typechange|Bug|[from] ability: Libero\n|-damage|p1a: Alomomola|81\/100\n|\n|t:|1700279160\n|switch|p2a: Thundurus|Thundurus, M|94\/100|[from] U-turn\n|\n|-heal|p1a: Alomomola|100\/100|[from] move: Wish|[wisher] Clefable\n|upkeep\n|turn|8\n|\n|t:|1700279174\n|move|p2a: Thundurus|Volt Switch|p1a: Alomomola\n|-supereffective|p1a: Alomomola\n|-damage|p1a: Alomomola|22\/100\n|\n|t:|1700279187\n|switch|p2a: Gholdengo|Gholdengo|100\/100|[from] Volt Switch\n|move|p1a: Alomomola|Mirror Coat|p2a: Gholdengo\n|-damage|p2a: Gholdengo|0 fnt\n|faint|p2a: Gholdengo\n|\n|upkeep\n|\n|t:|1700279191\n|switch|p2a: Thundurus|Thundurus, M|94\/100\n|turn|9\n|\n|t:|1700279207\n|switch|p1a: Clodsire|Clodsire, F|100\/100\n|move|p2a: Thundurus|Volt Switch|p1a: Clodsire\n|-immune|p1a: Clodsire\n|\n|upkeep\n|turn|10\n|\n|t:|1700279219\n|move|p2a: Thundurus|Psychic|p1a: Clodsire\n|-supereffective|p1a: Clodsire\n|-damage|p1a: Clodsire|69\/100\n|move|p1a: Clodsire|Spikes|p2a: Thundurus\n|-sidestart|p2: mxwaef|Spikes\n|\n|upkeep\n|turn|11\n|\n|t:|1700279227\n|move|p2a: Thundurus|Psychic|p1a: Clodsire\n|-supereffective|p1a: Clodsire\n|-damage|p1a: Clodsire|38\/100\n|move|p1a: Clodsire|Amnesia|p1a: Clodsire\n|-boost|p1a: Clodsire|spd|2\n|\n|upkeep\n|turn|12\n|\n|t:|1700279240\n|switch|p2a: Cinderace|Cinderace, F|100\/100\n|move|p1a: Clodsire|Recover|p1a: Clodsire\n|-heal|p1a: Clodsire|88\/100\n|\n|upkeep\n|turn|13\n|\n|t:|1700279247\n|switch|p1a: Dondozo|Dondozo, F|100\/100\n|move|p2a: Cinderace|Pyro Ball|p1a: Dondozo\n|-resisted|p1a: Dondozo\n|-damage|p1a: Dondozo|89\/100\n|\n|upkeep\n|turn|14\n|\n|t:|1700279253\n|move|p2a: Cinderace|U-turn|p1a: Dondozo\n|-start|p2a: Cinderace|typechange|Bug|[from] ability: Libero\n|-damage|p1a: Dondozo|73\/100\n|\n|t:|1700279262\n|switch|p2a: Hydreigon|Hydreigon, M|100\/100|[from] U-turn\n|move|p1a: Dondozo|Body Press|p2a: Hydreigon\n|-supereffective|p2a: Hydreigon\n|-damage|p2a: Hydreigon|56\/100\n|\n|-heal|p2a: Hydreigon|62\/100|[from] item: Leftovers\n|upkeep\n|turn|15\n|\n|t:|1700279273\n|switch|p1a: Clodsire|Clodsire, F|88\/100\n|move|p2a: Hydreigon|Draco Meteor|p1a: Clodsire\n|-damage|p1a: Clodsire|56\/100\n|-unboost|p2a: Hydreigon|spa|2\n|\n|-heal|p2a: Hydreigon|69\/100|[from] item: Leftovers\n|upkeep\n|turn|16\n|\n|t:|1700279280\n|move|p2a: Hydreigon|U-turn|p1a: Clodsire\n|-resisted|p1a: Clodsire\n|-damage|p1a: Clodsire|48\/100\n|\n|t:|1700279287\n|switch|p2a: Thundurus|Thundurus, M|94\/100|[from] U-turn\n|move|p1a: Clodsire|Amnesia|p1a: Clodsire\n|-boost|p1a: Clodsire|spd|2\n|\n|upkeep\n|turn|17\n|-message|mxwaef forfeited.\n|\n|win|ianlazerbeem\n|raw|ianlazerbeem's rating: 1351 &rarr; <strong>1368<\/strong><br \/>(+17 for winning)\n|raw|mxwaef's rating: 1294 &rarr; <strong>1273<\/strong><br \/>(-21 for losing)\n|l|\u2606mxwaef\n","uploadtime":1700279306,"views":34,"p1id":"ianlazerbeem","p2id":"mxwaef","formatid":"gen9ou","rating":1273,"private":0,"password":""}