{"id":"gen9ou-1989570234","p1":"Fantasy64","p2":"Yendks","format":"[Gen 9] OU","log":"|j|\u2606Fantasy64\n|j|\u2606Yendks\n|t:|1699872890\n|gametype|singles\n|player|p1|Fantasy64|2|1099\n|player|p2|Yendks|red|1160\n|teamsize|p1|6\n|teamsize|p2|6\n|gen|9\n|tier|[Gen 9] OU\n|rated|\n|rule|Sleep Clause Mod: Limit one foe put to sleep\n|rule|Species Clause: Limit one of each Pok\u00e9mon\n|rule|OHKO Clause: OHKO moves are banned\n|rule|Evasion Items Clause: Evasion items are banned\n|rule|Evasion Moves Clause: Evasion moves are banned\n|rule|Endless Battle Clause: Forcing endless battles is banned\n|rule|HP Percentage Mod: HP is shown in percentages\n|clearpoke\n|poke|p1|Toxapex, F|\n|poke|p1|Garganacl, M|\n|poke|p1|Amoonguss, M|\n|poke|p1|Clodsire, F|\n|poke|p1|Chansey, F|\n|poke|p1|Avalugg, F|\n|poke|p2|Pelipper, M|\n|poke|p2|Barraskewda, M|\n|poke|p2|Basculegion-F, F|\n|poke|p2|Amoonguss, M|\n|poke|p2|Ogerpon-Wellspring, F|\n|poke|p2|Zapdos|\n|teampreview\n|inactive|Battle timer is ON: inactive players will automatically lose when time's up. (requested by Yendks)\n|\n|t:|1699872897\n|start\n|switch|p1a: Toxapex|Toxapex, F|100\/100\n|switch|p2a: Pelipper|Pelipper, M, shiny|100\/100\n|-weather|RainDance|[from] ability: Drizzle|[of] p2a: Pelipper\n|turn|1\n|c|\u2606Yendks|Big Stall\u2122\n|\n|t:|1699872905\n|move|p2a: Pelipper|U-turn|p1a: Toxapex\n|-resisted|p1a: Toxapex\n|-damage|p1a: Toxapex|98\/100\n|\n|t:|1699872906\n|switch|p2a: Zapdos|Zapdos, shiny|100\/100|[from] U-turn\n|move|p1a: Toxapex|Toxic|p2a: Zapdos\n|-status|p2a: Zapdos|tox\n|\n|-weather|RainDance|[upkeep]\n|-damage|p2a: Zapdos|94\/100 tox|[from] psn\n|upkeep\n|turn|2\n|\n|t:|1699872916\n|switch|p1a: Clodsire|Clodsire, F|100\/100\n|move|p2a: Zapdos|Hurricane|p1a: Clodsire\n|-damage|p1a: Clodsire|70\/100\n|\n|-weather|RainDance|[upkeep]\n|-damage|p2a: Zapdos|82\/100 tox|[from] psn\n|upkeep\n|turn|3\n|\n|t:|1699872924\n|switch|p2a: Amoonguss|Amoonguss, M, shiny|100\/100\n|move|p1a: Clodsire|Amnesia|p1a: Clodsire\n|-boost|p1a: Clodsire|spd|2\n|\n|-weather|RainDance|[upkeep]\n|upkeep\n|turn|4\n|\n|t:|1699872935\n|move|p2a: Amoonguss|Spore|p1a: Clodsire\n|-status|p1a: Clodsire|slp|[from] move: Spore\n|cant|p1a: Clodsire|slp\n|\n|-weather|RainDance|[upkeep]\n|upkeep\n|turn|5\n|\n|t:|1699872940\n|move|p2a: Amoonguss|Clear Smog|p1a: Clodsire\n|-resisted|p1a: Clodsire\n|-damage|p1a: Clodsire|69\/100 slp\n|-clearboost|p1a: Clodsire\n|cant|p1a: Clodsire|slp\n|\n|-weather|RainDance|[upkeep]\n|upkeep\n|turn|6\n|\n|t:|1699872946\n|switch|p2a: Ogerpon|Ogerpon-Wellspring, F|100\/100\n|cant|p1a: Clodsire|slp\n|\n|-weather|RainDance|[upkeep]\n|upkeep\n|turn|7\n|\n|t:|1699872962\n|switch|p1a: Amoonguss|Amoonguss, M|100\/100\n|move|p2a: Ogerpon|Swords Dance|p2a: Ogerpon\n|-boost|p2a: Ogerpon|atk|2\n|\n|-weather|RainDance|[upkeep]\n|upkeep\n|turn|8\n|\n|t:|1699872973\n|move|p2a: Ogerpon|Knock Off|p1a: Amoonguss\n|-damage|p1a: Amoonguss|14\/100\n|-enditem|p1a: Amoonguss|Assault Vest|[from] move: Knock Off|[of] p2a: Ogerpon\n|move|p1a: Amoonguss|Sludge Bomb|p2a: Ogerpon\n|-supereffective|p2a: Ogerpon\n|-damage|p2a: Ogerpon|35\/100\n|\n|-weather|none\n|upkeep\n|turn|9\n|\n|t:|1699872984\n|switch|p1a: Clodsire|Clodsire, F|69\/100 slp\n|move|p2a: Ogerpon|Knock Off|p1a: Clodsire\n|-damage|p1a: Clodsire|38\/100 slp\n|\n|upkeep\n|turn|10\n|\n|t:|1699872988\n|move|p2a: Ogerpon|Horn Leech|p1a: Clodsire\n|-damage|p1a: Clodsire|0 fnt\n|-heal|p2a: Ogerpon|64\/100|[from] drain|[of] p1a: Clodsire\n|faint|p1a: Clodsire\n|\n|upkeep\n|\n|t:|1699872996\n|switch|p1a: Garganacl|Garganacl, M|100\/100\n|turn|11\n|\n|t:|1699873000\n|-terastallize|p1a: Garganacl|Flying\n|move|p2a: Ogerpon|Ivy Cudgel|p1a: Garganacl\n|-damage|p1a: Garganacl|44\/100\n|move|p1a: Garganacl|Salt Cure|p2a: Ogerpon\n|-damage|p2a: Ogerpon|45\/100\n|-start|p2a: Ogerpon|Salt Cure\n|\n|-heal|p1a: Garganacl|50\/100|[from] item: Leftovers\n|-damage|p2a: Ogerpon|20\/100|[from] Salt Cure\n|upkeep\n|turn|12\n|\n|t:|1699873011\n|switch|p1a: Avalugg|Avalugg, F|100\/100\n|move|p2a: Ogerpon|Ivy Cudgel|p1a: Avalugg\n|-damage|p1a: Avalugg|55\/100\n|\n|-damage|p2a: Ogerpon|0 fnt|[from] Salt Cure\n|faint|p2a: Ogerpon\n|upkeep\n|\n|t:|1699873015\n|switch|p2a: Pelipper|Pelipper, M, shiny|100\/100\n|-weather|RainDance|[from] ability: Drizzle|[of] p2a: Pelipper\n|turn|13\n|c|\u2606Yendks|ah yes, my favorite bird, Minecraft salt\n|\n|t:|1699873033\n|switch|p1a: Chansey|Chansey, F|100\/100\n|move|p2a: Pelipper|U-turn|p1a: Chansey\n|-damage|p1a: Chansey|94\/100\n|\n|t:|1699873035\n|switch|p2a: Barraskewda|Barraskewda, M, shiny|100\/100|[from] U-turn\n|\n|-weather|RainDance|[upkeep]\n|upkeep\n|turn|14\n|\n|t:|1699873038\n|move|p2a: Barraskewda|Liquidation|p1a: Chansey\n|-damage|p1a: Chansey|9\/100\n|move|p1a: Chansey|Stealth Rock|p2a: Barraskewda\n|-sidestart|p2: Yendks|move: Stealth Rock\n|\n|-weather|RainDance|[upkeep]\n|upkeep\n|turn|15\n|\n|t:|1699873048\n|switch|p1a: Toxapex|Toxapex, F|100\/100\n|move|p2a: Barraskewda|Liquidation|p1a: Toxapex\n|-resisted|p1a: Toxapex\n|-damage|p1a: Toxapex|70\/100\n|-unboost|p1a: Toxapex|def|1\n|\n|-weather|RainDance|[upkeep]\n|upkeep\n|turn|16\n|\n|t:|1699873052\n|move|p2a: Barraskewda|Liquidation|p1a: Toxapex\n|-resisted|p1a: Toxapex\n|-damage|p1a: Toxapex|21\/100\n|move|p1a: Toxapex|Toxic|p2a: Barraskewda\n|-status|p2a: Barraskewda|tox\n|\n|-weather|RainDance|[upkeep]\n|-damage|p2a: Barraskewda|94\/100 tox|[from] psn\n|upkeep\n|turn|17\n|\n|t:|1699873062\n|switch|p1a: Amoonguss|Amoonguss, M|47\/100\n|move|p2a: Barraskewda|Liquidation|p1a: Amoonguss\n|-resisted|p1a: Amoonguss\n|-damage|p1a: Amoonguss|0 fnt\n|faint|p1a: Amoonguss\n|\n|-weather|RainDance|[upkeep]\n|-damage|p2a: Barraskewda|82\/100 tox|[from] psn\n|upkeep\n|\n|t:|1699873071\n|switch|p1a: Toxapex|Toxapex, F|54\/100\n|turn|18\n|\n|t:|1699873076\n|switch|p2a: Zapdos|Zapdos, shiny|82\/100 tox\n|move|p1a: Toxapex|Recover|p1a: Toxapex\n|-heal|p1a: Toxapex|100\/100\n|\n|-weather|RainDance|[upkeep]\n|-damage|p2a: Zapdos|76\/100 tox|[from] psn\n|upkeep\n|turn|19\n|\n|t:|1699873083\n|switch|p1a: Garganacl|Garganacl, M, tera:Flying|50\/100\n|move|p2a: Zapdos|Thunder|p1a: Garganacl\n|-supereffective|p1a: Garganacl\n|-damage|p1a: Garganacl|0 fnt\n|faint|p1a: Garganacl\n|\n|-weather|RainDance|[upkeep]\n|-damage|p2a: Zapdos|63\/100 tox|[from] psn\n|upkeep\n|\n|t:|1699873090\n|switch|p1a: Chansey|Chansey, F|9\/100\n|turn|20\n|\n|t:|1699873094\n|move|p2a: Zapdos|Hurricane|p1a: Chansey\n|-damage|p1a: Chansey|0 fnt\n|faint|p1a: Chansey\n|\n|-weather|none\n|-damage|p2a: Zapdos|44\/100 tox|[from] psn\n|upkeep\n|-message|Fantasy64 forfeited.\n|\n|win|Yendks\n|raw|Fantasy64's rating: 1099 &rarr; <strong>1078<\/strong><br \/>(-21 for losing)\n|raw|Yendks's rating: 1160 &rarr; <strong>1181<\/strong><br \/>(+21 for winning)\n|l|\u2606Fantasy64\n|c|\u2606Yendks|and this is how offense can actually beat stall\n","uploadtime":1699873120,"views":6,"p1id":"fantasy64","p2id":"yendks","formatid":"gen9ou","rating":1078,"private":0,"password":""}