{"id":"gen9ou-1992792571","p1":"pok3monjake","p2":"Knight_Garland","format":"[Gen 9] OU","log":"|j|\u2606pok3monjake\n|j|\u2606Knight_Garland\n|t:|1700235874\n|gametype|singles\n|player|p1|pok3monjake|unknown|1475\n|player|p2|Knight_Garland|1|1461\n|teamsize|p1|6\n|teamsize|p2|6\n|gen|9\n|tier|[Gen 9] OU\n|rated|\n|rule|Sleep Clause Mod: Limit one foe put to sleep\n|rule|Species Clause: Limit one of each Pok\u00e9mon\n|rule|OHKO Clause: OHKO moves are banned\n|rule|Evasion Items Clause: Evasion items are banned\n|rule|Evasion Moves Clause: Evasion moves are banned\n|rule|Endless Battle Clause: Forcing endless battles is banned\n|rule|HP Percentage Mod: HP is shown in percentages\n|clearpoke\n|poke|p1|Sandslash-Alola, M|\n|poke|p1|Slowking, M|\n|poke|p1|Glaceon, F|\n|poke|p1|Heatran, M|\n|poke|p1|Weezing-Galar, M|\n|poke|p1|Zapdos|\n|poke|p2|Gholdengo|\n|poke|p2|Samurott-Hisui, F|\n|poke|p2|Glimmora, M|\n|poke|p2|Garganacl, F|\n|poke|p2|Great Tusk|\n|poke|p2|Dragonite, M|\n|teampreview\n|inactive|Battle timer is ON: inactive players will automatically lose when time's up. (requested by pok3monjake)\n|\n|t:|1700235890\n|start\n|switch|p1a: Slowking|Slowking, M|100\/100\n|switch|p2a: Glimmora|Glimmora, M|100\/100\n|turn|1\n|\n|t:|1700235898\n|switch|p2a: Samurott|Samurott-Hisui, F|100\/100\n|move|p1a: Slowking|Scald|p2a: Samurott\n|-resisted|p2a: Samurott\n|-damage|p2a: Samurott|81\/100\n|\n|upkeep\n|turn|2\n|\n|t:|1700235903\n|switch|p1a: Zapdos|Zapdos|100\/100\n|move|p2a: Samurott|Ceaseless Edge|p1a: Zapdos\n|-damage|p1a: Zapdos|51\/100\n|-status|p2a: Samurott|par|[from] ability: Static|[of] p1a: Zapdos\n|-sidestart|p1: pok3monjake|Spikes\n|-damage|p2a: Samurott|71\/100 par|[from] item: Life Orb\n|\n|upkeep\n|turn|3\n|\n|t:|1700235918\n|switch|p2a: Great Tusk|Great Tusk|100\/100\n|move|p1a: Zapdos|Roost|p1a: Zapdos\n|-heal|p1a: Zapdos|100\/100\n|-singleturn|p1a: Zapdos|move: Roost\n|\n|upkeep\n|turn|4\n|\n|t:|1700235927\n|move|p1a: Zapdos|Hurricane|p2a: Great Tusk\n|-supereffective|p2a: Great Tusk\n|-damage|p2a: Great Tusk|0 fnt\n|faint|p2a: Great Tusk\n|-end|p2a: Great Tusk|Protosynthesis|[silent]\n|\n|upkeep\n|\n|t:|1700235934\n|switch|p2a: Glimmora|Glimmora, M|100\/100\n|turn|5\n|\n|t:|1700235937\n|move|p2a: Glimmora|Power Gem|p1a: Zapdos\n|-supereffective|p1a: Zapdos\n|-damage|p1a: Zapdos|16\/100\n|move|p1a: Zapdos|Volt Switch|p2a: Glimmora\n|-damage|p2a: Glimmora|63\/100\n|\n|t:|1700235943\n|switch|p1a: Slowking|Slowking, M|100\/100|[from] Volt Switch\n|-damage|p1a: Slowking|88\/100|[from] Spikes\n|\n|upkeep\n|turn|6\n|\n|t:|1700235954\n|switch|p2a: Samurott|Samurott-Hisui, F|71\/100 par\n|move|p1a: Slowking|Scald|p2a: Samurott\n|-resisted|p2a: Samurott\n|-damage|p2a: Samurott|52\/100 par\n|\n|upkeep\n|turn|7\n|\n|t:|1700235968\n|switch|p1a: Weezing|Weezing-Galar, M|100\/100\n|-ability|p1a: Weezing|Neutralizing Gas\n|move|p2a: Samurott|Ceaseless Edge|p1a: Weezing\n|-resisted|p1a: Weezing\n|-damage|p1a: Weezing|87\/100\n|-sidestart|p1: pok3monjake|Spikes\n|-damage|p2a: Samurott|42\/100 par|[from] item: Life Orb\n|\n|upkeep\n|turn|8\n|\n|t:|1700235975\n|switch|p2a: Gholdengo|Gholdengo|100\/100\n|move|p1a: Weezing|Defog|p2a: Gholdengo\n|-unboost|p2a: Gholdengo|evasion|1\n|-sideend|p1: pok3monjake|Spikes|[from] move: Defog|[of] p1a: Weezing\n|\n|upkeep\n|turn|9\n|\n|t:|1700235985\n|-end|p1a: Weezing|ability: Neutralizing Gas\n|switch|p1a: Slowking|Slowking, M|100\/100\n|move|p2a: Gholdengo|Thunderbolt|p1a: Slowking\n|-supereffective|p1a: Slowking\n|-damage|p1a: Slowking|42\/100\n|\n|upkeep\n|turn|10\n|inactive|pok3monjake has 120 seconds left.\n|\n|t:|1700236040\n|switch|p1a: Zapdos|Zapdos|16\/100\n|move|p2a: Gholdengo|Thunderbolt|p1a: Zapdos\n|-damage|p1a: Zapdos|0 fnt\n|faint|p1a: Zapdos\n|\n|upkeep\n|\n|t:|1700236042\n|switch|p1a: Heatran|Heatran, M|100\/100\n|-item|p1a: Heatran|Air Balloon\n|turn|11\n|\n|t:|1700236058\n|move|p2a: Gholdengo|Thunderbolt|p1a: Heatran\n|-damage|p1a: Heatran|49\/100\n|-enditem|p1a: Heatran|Air Balloon\n|move|p1a: Heatran|Earth Power|p2a: Gholdengo\n|-supereffective|p2a: Gholdengo\n|-damage|p2a: Gholdengo|22\/100\n|\n|upkeep\n|turn|12\n|inactive|pok3monjake has 90 seconds left.\n|\n|t:|1700236075\n|move|p2a: Gholdengo|Thunderbolt|p1a: Heatran\n|-damage|p1a: Heatran|4\/100\n|move|p1a: Heatran|Earth Power|p2a: Gholdengo\n|-supereffective|p2a: Gholdengo\n|-damage|p2a: Gholdengo|0 fnt\n|faint|p2a: Gholdengo\n|\n|upkeep\n|\n|t:|1700236095\n|switch|p2a: Glimmora|Glimmora, M|63\/100\n|turn|13\n|\n|t:|1700236103\n|move|p2a: Glimmora|Power Gem|p1a: Heatran\n|-damage|p1a: Heatran|0 fnt\n|faint|p1a: Heatran\n|\n|upkeep\n|\n|t:|1700236106\n|switch|p1a: Slowking|Slowking, M|76\/100\n|turn|14\n|\n|t:|1700236122\n|switch|p2a: Samurott|Samurott-Hisui, F|42\/100 par\n|move|p1a: Slowking|Chilly Reception|p1a: Slowking\n|-weather|Snow\n|inactive|pok3monjake has 90 seconds left.\n|\n|t:|1700236147\n|switch|p1a: Glaceon|Glaceon, F|100\/100|[from] Chilly Reception\n|\n|-weather|Snow|[upkeep]\n|upkeep\n|turn|15\n|inactive|pok3monjake has 90 seconds left.\n|\n|t:|1700236158\n|move|p1a: Glaceon|Blizzard|p2a: Samurott\n|-resisted|p2a: Samurott\n|-damage|p2a: Samurott|0 fnt\n|faint|p2a: Samurott\n|\n|-weather|Snow|[upkeep]\n|upkeep\n|\n|t:|1700236174\n|switch|p2a: Glimmora|Glimmora, M|63\/100\n|turn|16\n|\n|t:|1700236180\n|switch|p1a: Slowking|Slowking, M|100\/100\n|move|p2a: Glimmora|Power Gem|p1a: Slowking\n|-damage|p1a: Slowking|77\/100\n|\n|-weather|Snow|[upkeep]\n|upkeep\n|turn|17\n|\n|t:|1700236187\n|switch|p2a: Dragonite|Dragonite, M|100\/100\n|move|p1a: Slowking|Scald|p2a: Dragonite\n|-resisted|p2a: Dragonite\n|-damage|p2a: Dragonite|93\/100\n|\n|-weather|Snow|[upkeep]\n|-heal|p2a: Dragonite|99\/100|[from] item: Leftovers\n|upkeep\n|turn|18\n|\n|t:|1700236194\n|move|p2a: Dragonite|Dragon Dance|p2a: Dragonite\n|-boost|p2a: Dragonite|atk|1\n|-boost|p2a: Dragonite|spe|1\n|move|p1a: Slowking|Chilly Reception|p1a: Slowking\n|inactive|pok3monjake has 90 seconds left.\n|\n|t:|1700236226\n|switch|p1a: Glaceon|Glaceon, F|100\/100|[from] Chilly Reception\n|\n|-weather|Snow|[upkeep]\n|-heal|p2a: Dragonite|100\/100|[from] item: Leftovers\n|upkeep\n|turn|19\n|\n|t:|1700236241\n|move|p2a: Dragonite|Earthquake|p1a: Glaceon\n|-damage|p1a: Glaceon|54\/100\n|move|p1a: Glaceon|Blizzard|p2a: Dragonite\n|-supereffective|p2a: Dragonite\n|-damage|p2a: Dragonite|0 fnt\n|faint|p2a: Dragonite\n|\n|-weather|Snow|[upkeep]\n|-heal|p1a: Glaceon|60\/100|[from] ability: Ice Body\n|upkeep\n|\n|t:|1700236256\n|switch|p2a: Somehow OU|Garganacl, F|100\/100\n|turn|20\n|\n|t:|1700236263\n|move|p1a: Glaceon|Blizzard|p2a: Somehow OU\n|-damage|p2a: Somehow OU|42\/100\n|move|p2a: Somehow OU|Salt Cure|p1a: Glaceon\n|-supereffective|p1a: Glaceon\n|-damage|p1a: Glaceon|37\/100\n|-start|p1a: Glaceon|Salt Cure\n|\n|-weather|Snow|[upkeep]\n|-heal|p1a: Glaceon|43\/100|[from] ability: Ice Body\n|-heal|p2a: Somehow OU|48\/100|[from] item: Leftovers\n|-damage|p1a: Glaceon|31\/100|[from] Salt Cure\n|upkeep\n|turn|21\n|\n|t:|1700236281\n|switch|p1a: Slowking|Slowking, M|100\/100\n|switch|p2a: Glimmora|Glimmora, M|63\/100\n|\n|-weather|none\n|upkeep\n|turn|22\n|\n|t:|1700236289\n|move|p2a: Glimmora|Energy Ball|p1a: Slowking\n|-supereffective|p1a: Slowking\n|-damage|p1a: Slowking|64\/100\n|move|p1a: Slowking|Scald|p2a: Glimmora\n|-supereffective|p2a: Glimmora\n|-damage|p2a: Glimmora|0 fnt\n|faint|p2a: Glimmora\n|\n|upkeep\n|\n|t:|1700236294\n|switch|p2a: Somehow OU|Garganacl, F|48\/100\n|turn|23\n|\n|t:|1700236297\n|-terastallize|p2a: Somehow OU|Ghost\n|move|p2a: Somehow OU|Recover|p2a: Somehow OU\n|-heal|p2a: Somehow OU|98\/100\n|move|p1a: Slowking|Scald|p2a: Somehow OU\n|-damage|p2a: Somehow OU|81\/100\n|\n|-heal|p2a: Somehow OU|87\/100|[from] item: Leftovers\n|upkeep\n|turn|24\n|\n|t:|1700236304\n|move|p2a: Somehow OU|Salt Cure|p1a: Slowking\n|-damage|p1a: Slowking|51\/100\n|-start|p1a: Slowking|Salt Cure\n|move|p1a: Slowking|Future Sight|p2a: Somehow OU\n|-start|p1a: Slowking|move: Future Sight\n|\n|-heal|p2a: Somehow OU|93\/100|[from] item: Leftovers\n|-damage|p1a: Slowking|26\/100|[from] Salt Cure\n|upkeep\n|turn|25\n|\n|t:|1700236319\n|move|p2a: Somehow OU|Salt Cure|p1a: Slowking\n|-damage|p1a: Slowking|12\/100\n|move|p1a: Slowking|Chilly Reception|p1a: Slowking\n|-weather|Snow\n|\n|t:|1700236321\n|switch|p1a: Sandslash|Sandslash-Alola, M|100\/100|[from] Chilly Reception\n|\n|-weather|Snow|[upkeep]\n|-heal|p2a: Somehow OU|99\/100|[from] item: Leftovers\n|upkeep\n|turn|26\n|\n|t:|1700236328\n|move|p1a: Sandslash|Knock Off|p2a: Somehow OU\n|-supereffective|p2a: Somehow OU\n|-damage|p2a: Somehow OU|56\/100\n|-enditem|p2a: Somehow OU|Leftovers|[from] move: Knock Off|[of] p1a: Sandslash\n|move|p2a: Somehow OU|Body Press|p1a: Sandslash\n|-supereffective|p1a: Sandslash\n|-crit|p1a: Sandslash\n|-damage|p1a: Sandslash|6\/100\n|\n|-weather|Snow|[upkeep]\n|-end|p2a: Somehow OU|move: Future Sight\n|-damage|p2a: Somehow OU|31\/100\n|upkeep\n|turn|27\n|\n|t:|1700236339\n|move|p1a: Sandslash|Icicle Spear|p2a: Somehow OU\n|-damage|p2a: Somehow OU|22\/100\n|-damage|p2a: Somehow OU|14\/100\n|-damage|p2a: Somehow OU|5\/100\n|-damage|p2a: Somehow OU|0 fnt\n|faint|p2a: Somehow OU\n|-hitcount|p2: Somehow OU|4\n|\n|win|pok3monjake\n|raw|pok3monjake's rating: 1475 &rarr; <strong>1494<\/strong><br \/>(+19 for winning)\n|raw|Knight_Garland's rating: 1461 &rarr; <strong>1442<\/strong><br \/>(-19 for losing)\n","uploadtime":1700236346,"views":11,"p1id":"pok3monjake","p2id":"knightgarland","formatid":"gen9ou","rating":1442,"private":0,"password":""}