{"id":"gen9ou-1995638216","p1":"Zovafire","p2":"Nugget O Silver","format":"[Gen 9] OU","log":"|j|\u2606Zovafire\n|j|\u2606Nugget O Silver\n|t:|1700589729\n|gametype|singles\n|player|p1|Zovafire|roxie|\n|player|p2|Nugget O Silver|colress|\n|teamsize|p1|6\n|teamsize|p2|6\n|gen|9\n|tier|[Gen 9] OU\n|rule|Sleep Clause Mod: Limit one foe put to sleep\n|rule|Species Clause: Limit one of each Pok\u00e9mon\n|rule|OHKO Clause: OHKO moves are banned\n|rule|Evasion Items Clause: Evasion items are banned\n|rule|Evasion Moves Clause: Evasion moves are banned\n|rule|Endless Battle Clause: Forcing endless battles is banned\n|rule|HP Percentage Mod: HP is shown in percentages\n|clearpoke\n|poke|p1|Great Tusk|\n|poke|p1|Ogerpon-Wellspring, F|\n|poke|p1|Hatterene, F|\n|poke|p1|Kingambit, M|\n|poke|p1|Meowscarada, F|\n|poke|p1|Ninetales-Alola, F|\n|poke|p2|Rillaboom, F|\n|poke|p2|Hawlucha, F|\n|poke|p2|Zamazenta-*|\n|poke|p2|Ogerpon-Cornerstone, F|\n|poke|p2|Great Tusk|\n|poke|p2|Iron Moth|\n|teampreview\n|inactive|Battle timer is ON: inactive players will automatically lose when time's up. (requested by Zovafire)\n|\n|t:|1700589742\n|start\n|switch|p1a: Shiver Tails|Ninetales-Alola, F|100\/100\n|switch|p2a: Rillaboom|Rillaboom, F|100\/100\n|-weather|Snow|[from] ability: Snow Warning|[of] p1a: Shiver Tails\n|-fieldstart|move: Grassy Terrain|[from] ability: Grassy Surge|[of] p2a: Rillaboom\n|turn|1\n|\n|t:|1700589748\n|move|p1a: Shiver Tails|Aurora Veil|p1a: Shiver Tails\n|-sidestart|p1: Zovafire|move: Aurora Veil\n|move|p2a: Rillaboom|Wood Hammer|p1a: Shiver Tails\n|-damage|p1a: Shiver Tails|49\/100\n|-damage|p2a: Rillaboom|83\/100|[from] Recoil\n|\n|-weather|Snow|[upkeep]\n|-heal|p1a: Shiver Tails|55\/100|[from] Grassy Terrain\n|-heal|p2a: Rillaboom|89\/100|[from] Grassy Terrain\n|upkeep\n|turn|2\n|\n|t:|1700589760\n|switch|p2a: Ogerpon|Ogerpon-Cornerstone, F|100\/100\n|move|p1a: Shiver Tails|Freeze-Dry|p2a: Ogerpon\n|-supereffective|p2a: Ogerpon\n|-damage|p2a: Ogerpon|52\/100\n|\n|-weather|Snow|[upkeep]\n|-heal|p2a: Ogerpon|58\/100|[from] Grassy Terrain\n|-heal|p1a: Shiver Tails|61\/100|[from] Grassy Terrain\n|upkeep\n|turn|3\n|\n|t:|1700589766\n|move|p2a: Ogerpon|Ivy Cudgel|p1a: Shiver Tails|[anim] Ivy Cudgel Rock\n|-supereffective|p1a: Shiver Tails\n|-crit|p1a: Shiver Tails\n|-damage|p1a: Shiver Tails|0 fnt\n|faint|p1a: Shiver Tails\n|\n|-weather|Snow|[upkeep]\n|-heal|p2a: Ogerpon|64\/100|[from] Grassy Terrain\n|upkeep\n|\n|t:|1700589771\n|switch|p1a: Great Tusk|Great Tusk|100\/100\n|-enditem|p1a: Great Tusk|Booster Energy\n|-activate|p1a: Great Tusk|ability: Protosynthesis|[fromitem]\n|-start|p1a: Great Tusk|protosynthesisspe\n|turn|4\n|\n|t:|1700589787\n|switch|p2a: Zamazenta|Zamazenta|100\/100\n|-ability|p2a: Zamazenta|Dauntless Shield|boost\n|-boost|p2a: Zamazenta|def|1\n|move|p1a: Great Tusk|Ice Spinner|p2a: Zamazenta\n|-damage|p2a: Zamazenta|86\/100\n|-fieldend|move: Grassy Terrain\n|\n|-weather|Snow|[upkeep]\n|-heal|p2a: Zamazenta|92\/100|[from] item: Leftovers\n|upkeep\n|turn|5\n|\n|t:|1700589791\n|move|p1a: Great Tusk|Bulk Up|p1a: Great Tusk\n|-boost|p1a: Great Tusk|atk|1\n|-boost|p1a: Great Tusk|def|1\n|move|p2a: Zamazenta|Iron Defense|p2a: Zamazenta\n|-boost|p2a: Zamazenta|def|2\n|\n|-weather|none\n|-heal|p2a: Zamazenta|98\/100|[from] item: Leftovers\n|upkeep\n|turn|6\n|\n|t:|1700589793\n|move|p1a: Great Tusk|Bulk Up|p1a: Great Tusk\n|-boost|p1a: Great Tusk|atk|1\n|-boost|p1a: Great Tusk|def|1\n|move|p2a: Zamazenta|Iron Defense|p2a: Zamazenta\n|-boost|p2a: Zamazenta|def|2\n|\n|-heal|p2a: Zamazenta|100\/100|[from] item: Leftovers\n|upkeep\n|turn|7\n|\n|t:|1700589797\n|move|p1a: Great Tusk|Bulk Up|p1a: Great Tusk\n|-boost|p1a: Great Tusk|atk|1\n|-boost|p1a: Great Tusk|def|1\n|move|p2a: Zamazenta|Body Press|p1a: Great Tusk\n|-damage|p1a: Great Tusk|86\/100\n|\n|upkeep\n|turn|8\n|\n|t:|1700589800\n|move|p1a: Great Tusk|Bulk Up|p1a: Great Tusk\n|-boost|p1a: Great Tusk|atk|1\n|-boost|p1a: Great Tusk|def|1\n|move|p2a: Zamazenta|Iron Defense|p2a: Zamazenta\n|-boost|p2a: Zamazenta|def|1\n|\n|-sideend|p1: Zovafire|move: Aurora Veil\n|upkeep\n|turn|9\n|\n|t:|1700589802\n|move|p1a: Great Tusk|Knock Off|p2a: Zamazenta\n|-resisted|p2a: Zamazenta\n|-damage|p2a: Zamazenta|91\/100\n|-enditem|p2a: Zamazenta|Leftovers|[from] move: Knock Off|[of] p1a: Great Tusk\n|move|p2a: Zamazenta|Body Press|p1a: Great Tusk\n|-damage|p1a: Great Tusk|58\/100\n|\n|upkeep\n|turn|10\n|\n|t:|1700589804\n|move|p1a: Great Tusk|Bulk Up|p1a: Great Tusk\n|-boost|p1a: Great Tusk|atk|1\n|-boost|p1a: Great Tusk|def|1\n|move|p2a: Zamazenta|Body Press|p1a: Great Tusk\n|-damage|p1a: Great Tusk|32\/100\n|\n|upkeep\n|turn|11\n|\n|t:|1700589806\n|move|p1a: Great Tusk|Headlong Rush|p2a: Zamazenta\n|-damage|p2a: Zamazenta|54\/100\n|-unboost|p1a: Great Tusk|def|1\n|-unboost|p1a: Great Tusk|spd|1\n|move|p2a: Zamazenta|Body Press|p1a: Great Tusk\n|-damage|p1a: Great Tusk|5\/100\n|\n|upkeep\n|turn|12\n|\n|t:|1700589810\n|move|p1a: Great Tusk|Headlong Rush|p2a: Zamazenta\n|-damage|p2a: Zamazenta|13\/100\n|-unboost|p1a: Great Tusk|def|1\n|-unboost|p1a: Great Tusk|spd|1\n|move|p2a: Zamazenta|Body Press|p1a: Great Tusk\n|-damage|p1a: Great Tusk|0 fnt\n|faint|p1a: Great Tusk\n|-end|p1a: Great Tusk|Protosynthesis|[silent]\n|\n|upkeep\n|\n|t:|1700589814\n|switch|p1a: Purring Mask|Meowscarada, F, shiny|100\/100\n|turn|13\n|\n|t:|1700589816\n|move|p1a: Purring Mask|Flower Trick|p2a: Zamazenta\n|-start|p1a: Purring Mask|typechange|Grass|[from] ability: Protean\n|-crit|p2a: Zamazenta\n|-damage|p2a: Zamazenta|0 fnt\n|faint|p2a: Zamazenta\n|\n|upkeep\n|\n|t:|1700589823\n|switch|p2a: Rillaboom|Rillaboom, F|89\/100\n|-fieldstart|move: Grassy Terrain|[from] ability: Grassy Surge|[of] p2a: Rillaboom\n|turn|14\n|\n|t:|1700589827\n|switch|p1a: Fungal Witch|Hatterene, F|100\/100\n|move|p2a: Rillaboom|U-turn|p1a: Fungal Witch\n|-damage|p1a: Fungal Witch|69\/100\n|\n|t:|1700589833\n|switch|p2a: Ogerpon|Ogerpon-Cornerstone, F|64\/100|[from] U-turn\n|\n|-heal|p2a: Ogerpon|70\/100|[from] Grassy Terrain\n|-heal|p1a: Fungal Witch|75\/100|[from] Grassy Terrain\n|-heal|p1a: Fungal Witch|81\/100|[from] item: Leftovers\n|upkeep\n|turn|15\n|\n|t:|1700589835\n|move|p2a: Ogerpon|Power Whip|p1a: Fungal Witch\n|-damage|p1a: Fungal Witch|5\/100\n|move|p1a: Fungal Witch|Nuzzle|p2a: Ogerpon\n|-resisted|p2a: Ogerpon\n|-damage|p2a: Ogerpon|68\/100\n|-status|p2a: Ogerpon|par\n|\n|-heal|p2a: Ogerpon|74\/100 par|[from] Grassy Terrain\n|-heal|p1a: Fungal Witch|11\/100|[from] Grassy Terrain\n|-heal|p1a: Fungal Witch|17\/100|[from] item: Leftovers\n|upkeep\n|turn|16\n|\n|t:|1700589844\n|switch|p1a: Iron Overlord|Kingambit, M|100\/100\n|-activate|p1a: Iron Overlord|ability: Supreme Overlord\n|-start|p1a: Iron Overlord|fallen2|[silent]\n|move|p2a: Ogerpon|Power Whip|p1a: Iron Overlord\n|-resisted|p1a: Iron Overlord\n|-damage|p1a: Iron Overlord|59\/100\n|\n|-heal|p1a: Iron Overlord|65\/100|[from] Grassy Terrain\n|-heal|p1a: Iron Overlord|72\/100|[from] item: Leftovers\n|-heal|p2a: Ogerpon|80\/100 par|[from] Grassy Terrain\n|upkeep\n|turn|17\n|\n|t:|1700589853\n|switch|p2a: Hawlucha|Hawlucha, F|100\/100\n|-enditem|p2a: Hawlucha|Grassy Seed\n|-boost|p2a: Hawlucha|def|1|[from] item: Grassy Seed\n|move|p1a: Iron Overlord|Iron Head|p2a: Hawlucha\n|-damage|p2a: Hawlucha|46\/100\n|\n|-heal|p1a: Iron Overlord|78\/100|[from] Grassy Terrain\n|-heal|p1a: Iron Overlord|84\/100|[from] item: Leftovers\n|upkeep\n|turn|18\n|\n|t:|1700589858\n|-terastallize|p1a: Iron Overlord|Fairy\n|move|p2a: Hawlucha|Close Combat|p1a: Iron Overlord\n|-resisted|p1a: Iron Overlord\n|-damage|p1a: Iron Overlord|60\/100\n|-unboost|p2a: Hawlucha|def|1\n|-unboost|p2a: Hawlucha|spd|1\n|move|p1a: Iron Overlord|Iron Head|p2a: Hawlucha\n|-damage|p2a: Hawlucha|0 fnt\n|faint|p2a: Hawlucha\n|\n|-heal|p1a: Iron Overlord|66\/100|[from] Grassy Terrain\n|-heal|p1a: Iron Overlord|72\/100|[from] item: Leftovers\n|-fieldend|move: Grassy Terrain\n|upkeep\n|\n|t:|1700589873\n|switch|p2a: Iron Moth|Iron Moth|100\/100\n|-enditem|p2a: Iron Moth|Booster Energy\n|-activate|p2a: Iron Moth|ability: Quark Drive|[fromitem]\n|-start|p2a: Iron Moth|quarkdrivespe\n|turn|19\n|\n|t:|1700589878\n|-end|p1a: Iron Overlord|fallen2|[silent]\n|switch|p1a: Fungal Witch|Hatterene, F|17\/100\n|move|p2a: Iron Moth|Sludge Wave|p1a: Fungal Witch\n|-supereffective|p1a: Fungal Witch\n|-damage|p1a: Fungal Witch|0 fnt\n|faint|p1a: Fungal Witch\n|\n|upkeep\n|\n|t:|1700589881\n|switch|p1a: Iron Overlord|Kingambit, M, tera:Fairy|72\/100\n|-activate|p1a: Iron Overlord|ability: Supreme Overlord\n|-start|p1a: Iron Overlord|fallen3|[silent]\n|turn|20\n|\n|t:|1700589884\n|move|p1a: Iron Overlord|Sucker Punch|p2a: Iron Moth\n|-damage|p2a: Iron Moth|22\/100\n|move|p2a: Iron Moth|Sludge Wave|p1a: Iron Overlord\n|-supereffective|p1a: Iron Overlord\n|-damage|p1a: Iron Overlord|0 fnt\n|faint|p1a: Iron Overlord\n|-end|p1a: Iron Overlord|fallen3|[silent]\n|\n|upkeep\n|\n|t:|1700589888\n|switch|p1a: Purring Mask|Meowscarada, F, shiny|100\/100\n|turn|21\n|\n|t:|1700589894\n|move|p1a: Purring Mask|Knock Off|p2a: Iron Moth\n|-start|p1a: Purring Mask|typechange|Dark|[from] ability: Protean\n|-damage|p2a: Iron Moth|0 fnt\n|faint|p2a: Iron Moth\n|-end|p2a: Iron Moth|Quark Drive|[silent]\n|\n|upkeep\n|\n|t:|1700589900\n|switch|p2a: Rillaboom|Rillaboom, F|89\/100\n|-fieldstart|move: Grassy Terrain|[from] ability: Grassy Surge|[of] p2a: Rillaboom\n|turn|22\n|\n|t:|1700589905\n|move|p1a: Purring Mask|Knock Off|p2a: Rillaboom\n|-damage|p2a: Rillaboom|44\/100\n|-enditem|p2a: Rillaboom|Choice Band|[from] move: Knock Off|[of] p1a: Purring Mask\n|move|p2a: Rillaboom|U-turn|p1a: Purring Mask\n|-supereffective|p1a: Purring Mask\n|-damage|p1a: Purring Mask|24\/100\n|\n|t:|1700589909\n|switch|p2a: Ogerpon|Ogerpon-Cornerstone, F|80\/100 par|[from] U-turn\n|\n|-heal|p1a: Purring Mask|30\/100|[from] Grassy Terrain\n|-heal|p2a: Ogerpon|86\/100 par|[from] Grassy Terrain\n|upkeep\n|turn|23\n|\n|t:|1700589913\n|move|p1a: Purring Mask|Knock Off|p2a: Ogerpon\n|-damage|p2a: Ogerpon|45\/100 par\n|move|p2a: Ogerpon|Ivy Cudgel|p1a: Purring Mask|[anim] Ivy Cudgel Rock\n|-damage|p1a: Purring Mask|0 fnt\n|faint|p1a: Purring Mask\n|\n|-heal|p2a: Ogerpon|51\/100 par|[from] Grassy Terrain\n|upkeep\n|\n|t:|1700589915\n|switch|p1a: Wellspring Cudgel|Ogerpon-Wellspring, F|100\/100\n|turn|24\n|\n|t:|1700589924\n|move|p1a: Wellspring Cudgel|Encore|p2a: Ogerpon\n|-start|p2a: Ogerpon|Encore\n|move|p2a: Ogerpon|Ivy Cudgel|p1a: Wellspring Cudgel|[anim] Ivy Cudgel Rock\n|-damage|p1a: Wellspring Cudgel|19\/100\n|\n|-heal|p1a: Wellspring Cudgel|25\/100|[from] Grassy Terrain\n|-heal|p2a: Ogerpon|57\/100 par|[from] Grassy Terrain\n|upkeep\n|turn|25\n|\n|t:|1700589928\n|move|p1a: Wellspring Cudgel|Ivy Cudgel|p2a: Ogerpon|[anim] Ivy Cudgel Water\n|-damage|p2a: Ogerpon|0 fnt\n|faint|p2a: Ogerpon\n|\n|-heal|p1a: Wellspring Cudgel|31\/100|[from] Grassy Terrain\n|upkeep\n|c|\u2606Zovafire|\ud83d\udc80\n|\n|t:|1700589931\n|switch|p2a: Rillaboom|Rillaboom, F|44\/100\n|turn|26\n|\n|t:|1700589935\n|-terastallize|p2a: Rillaboom|Grass\n|move|p2a: Rillaboom|Grassy Glide|p1a: Wellspring Cudgel\n|-damage|p1a: Wellspring Cudgel|0 fnt\n|faint|p1a: Wellspring Cudgel\n|\n|win|Nugget O Silver\n|c|\u2606Zovafire|hh\n|c|\u2606Zovafire|gg\n|c|\u2606Nugget O Silver|gg\n|l|\u2606Nugget O Silver\n","uploadtime":1700589961,"views":6,"p1id":"zovafire","p2id":"nuggetosilver","formatid":"gen9ou","rating":0,"private":0,"password":""}