{"id":"gen9ou-1989818685","p1":"TheNutmeg33","p2":"Mr-Mongol","format":"[Gen 9] OU","log":"|j|\u2606TheNutmeg33\n|j|\u2606Mr-Mongol\n|t:|1699898334\n|gametype|singles\n|player|p1|TheNutmeg33|169|1577\n|player|p2|Mr-Mongol|dragontamer|1627\n|teamsize|p1|6\n|teamsize|p2|6\n|gen|9\n|tier|[Gen 9] OU\n|rated|\n|rule|Sleep Clause Mod: Limit one foe put to sleep\n|rule|Species Clause: Limit one of each Pok\u00e9mon\n|rule|OHKO Clause: OHKO moves are banned\n|rule|Evasion Items Clause: Evasion items are banned\n|rule|Evasion Moves Clause: Evasion moves are banned\n|rule|Endless Battle Clause: Forcing endless battles is banned\n|rule|HP Percentage Mod: HP is shown in percentages\n|clearpoke\n|poke|p1|Iron Moth|\n|poke|p1|Great Tusk|\n|poke|p1|Garganacl, M|\n|poke|p1|Clodsire, F|\n|poke|p1|Corviknight, M|\n|poke|p1|Rillaboom, M|\n|poke|p2|Samurott-Hisui, F|\n|poke|p2|Ceruledge, F|\n|poke|p2|Thundurus-Therian, M|\n|poke|p2|Amoonguss, M|\n|poke|p2|Great Tusk|\n|poke|p2|Gholdengo|\n|teampreview\n|inactive|Battle timer is ON: inactive players will automatically lose when time's up. (requested by TheNutmeg33)\n|\n|t:|1699898362\n|start\n|switch|p1a: Corviknight|Corviknight, M, shiny|100\/100\n|switch|p2a: Sekiro|Samurott-Hisui, F|100\/100\n|-ability|p1a: Corviknight|Pressure\n|turn|1\n|\n|t:|1699898371\n|move|p2a: Sekiro|Flip Turn|p1a: Corviknight\n|-damage|p1a: Corviknight|84\/100\n|-damage|p2a: Sekiro|84\/100|[from] item: Rocky Helmet|[of] p1a: Corviknight\n|\n|t:|1699898374\n|switch|p2a: Dumbo|Great Tusk, shiny|100\/100|[from] Flip Turn\n|move|p1a: Corviknight|Brave Bird|p2a: Dumbo\n|-supereffective|p2a: Dumbo\n|-damage|p2a: Dumbo|62\/100\n|-damage|p1a: Corviknight|70\/100|[from] Recoil\n|\n|-heal|p2a: Dumbo|68\/100|[from] item: Leftovers\n|upkeep\n|turn|2\n|\n|t:|1699898380\n|move|p2a: Dumbo|Stealth Rock|p1a: Corviknight\n|-sidestart|p1: TheNutmeg33|move: Stealth Rock\n|move|p1a: Corviknight|Brave Bird|p2a: Dumbo\n|-supereffective|p2a: Dumbo\n|-damage|p2a: Dumbo|30\/100\n|-damage|p1a: Corviknight|57\/100|[from] Recoil\n|\n|-heal|p2a: Dumbo|36\/100|[from] item: Leftovers\n|upkeep\n|turn|3\n|\n|t:|1699898386\n|-end|p2a: Dumbo|Protosynthesis|[silent]\n|switch|p2a: Thor|Thundurus-Therian, M|100\/100\n|move|p1a: Corviknight|Brave Bird|p2a: Thor\n|-resisted|p2a: Thor\n|-damage|p2a: Thor|72\/100\n|-damage|p1a: Corviknight|50\/100|[from] Recoil\n|\n|upkeep\n|turn|4\n|\n|t:|1699898391\n|switch|p1a: Clodsire|Clodsire, F, shiny|100\/100\n|-damage|p1a: Clodsire|94\/100|[from] Stealth Rock\n|move|p2a: Thor|Volt Switch|p1a: Clodsire\n|-immune|p1a: Clodsire\n|\n|-heal|p1a: Clodsire|100\/100|[from] item: Black Sludge\n|upkeep\n|turn|5\n|\n|t:|1699898395\n|move|p2a: Thor|Grass Knot|p1a: Clodsire\n|-damage|p1a: Clodsire|78\/100\n|move|p1a: Clodsire|Toxic|p2a: Thor\n|-status|p2a: Thor|tox\n|\n|-heal|p1a: Clodsire|85\/100|[from] item: Black Sludge\n|-damage|p2a: Thor|66\/100 tox|[from] psn\n|upkeep\n|turn|6\n|\n|t:|1699898400\n|move|p2a: Thor|Knock Off|p1a: Clodsire\n|-damage|p1a: Clodsire|62\/100\n|-enditem|p1a: Clodsire|Black Sludge|[from] move: Knock Off|[of] p2a: Thor\n|move|p1a: Clodsire|Spikes|p2a: Thor\n|-sidestart|p2: Mr-Mongol|Spikes\n|\n|-damage|p2a: Thor|54\/100 tox|[from] psn\n|upkeep\n|turn|7\n|\n|t:|1699898404\n|switch|p2a: Dumbo|Great Tusk, shiny|36\/100\n|-damage|p2a: Dumbo|24\/100|[from] Spikes\n|move|p1a: Clodsire|Spikes|p2a: Dumbo\n|-sidestart|p2: Mr-Mongol|Spikes\n|\n|-heal|p2a: Dumbo|30\/100|[from] item: Leftovers\n|upkeep\n|turn|8\n|\n|t:|1699898408\n|move|p2a: Dumbo|Rapid Spin|p1a: Clodsire\n|-damage|p1a: Clodsire|45\/100\n|-boost|p2a: Dumbo|spe|1\n|-sideend|p2: Mr-Mongol|Spikes|[from] move: Rapid Spin|[of] p2a: Dumbo\n|move|p1a: Clodsire|Toxic|p2a: Dumbo\n|-status|p2a: Dumbo|tox\n|\n|-heal|p2a: Dumbo|36\/100 tox|[from] item: Leftovers\n|-damage|p2a: Dumbo|30\/100 tox|[from] psn\n|upkeep\n|turn|9\n|\n|t:|1699898417\n|switch|p1a: Corviknight|Corviknight, M, shiny|50\/100\n|-damage|p1a: Corviknight|37\/100|[from] Stealth Rock\n|-ability|p1a: Corviknight|Pressure\n|move|p2a: Dumbo|Ice Spinner|p1a: Corviknight\n|-damage|p1a: Corviknight|23\/100\n|-damage|p2a: Dumbo|13\/100 tox|[from] item: Rocky Helmet|[of] p1a: Corviknight\n|\n|-heal|p2a: Dumbo|19\/100 tox|[from] item: Leftovers\n|-damage|p2a: Dumbo|7\/100 tox|[from] psn\n|upkeep\n|turn|10\n|\n|t:|1699898420\n|move|p2a: Dumbo|Ice Spinner|p1a: Corviknight\n|-damage|p1a: Corviknight|8\/100\n|-damage|p2a: Dumbo|0 fnt|[from] item: Rocky Helmet|[of] p1a: Corviknight\n|faint|p2a: Dumbo\n|-end|p2a: Dumbo|Protosynthesis|[silent]\n|move|p1a: Corviknight|Roost|p1a: Corviknight\n|-heal|p1a: Corviknight|58\/100\n|-singleturn|p1a: Corviknight|move: Roost\n|\n|upkeep\n|\n|t:|1699898422\n|switch|p2a: Thor|Thundurus-Therian, M|54\/100 tox\n|turn|11\n|\n|t:|1699898429\n|switch|p2a: Sekiro|Samurott-Hisui, F|84\/100\n|switch|p1a: Clodsire|Clodsire, F, shiny|45\/100\n|-damage|p1a: Clodsire|39\/100|[from] Stealth Rock\n|\n|upkeep\n|turn|12\n|\n|t:|1699898434\n|move|p2a: Sekiro|Aqua Cutter|p1a: Clodsire\n|-heal|p1a: Clodsire|64\/100|[from] ability: Water Absorb|[of] p2a: Sekiro\n|move|p1a: Clodsire|Recover|p1a: Clodsire\n|-heal|p1a: Clodsire|100\/100\n|\n|upkeep\n|turn|13\n|inactive|TheNutmeg33 has 120 seconds left.\n|\n|t:|1699898467\n|switch|p2a: Amanita Phalloides|Amoonguss, M, shiny|100\/100\n|switch|p1a: Corviknight|Corviknight, M, shiny|58\/100\n|-damage|p1a: Corviknight|46\/100|[from] Stealth Rock\n|-ability|p1a: Corviknight|Pressure\n|\n|upkeep\n|turn|14\n|\n|t:|1699898476\n|switch|p1a: Garganacl|Garganacl, M, shiny|100\/100\n|-damage|p1a: Garganacl|88\/100|[from] Stealth Rock\n|move|p2a: Amanita Phalloides|Spore|p1a: Garganacl\n|-immune|p1a: Garganacl|[from] ability: Purifying Salt\n|\n|-heal|p1a: Garganacl|94\/100|[from] item: Leftovers\n|upkeep\n|turn|15\n|\n|t:|1699898479\n|move|p1a: Garganacl|Salt Cure|p2a: Amanita Phalloides\n|-damage|p2a: Amanita Phalloides|87\/100\n|-start|p2a: Amanita Phalloides|Salt Cure\n|-enditem|p2a: Amanita Phalloides|Red Card|[of] p1a: Garganacl\n|drag|p1a: Clodsire|Clodsire, F, shiny|100\/100\n|-damage|p1a: Clodsire|94\/100|[from] Stealth Rock\n|move|p2a: Amanita Phalloides|Giga Drain|p1a: Clodsire\n|-damage|p1a: Clodsire|81\/100\n|-heal|p2a: Amanita Phalloides|94\/100|[from] drain|[of] p1a: Clodsire\n|\n|-damage|p2a: Amanita Phalloides|82\/100|[from] Salt Cure\n|upkeep\n|turn|16\n|\n|t:|1699898489\n|move|p2a: Amanita Phalloides|Spore|p1a: Clodsire\n|-status|p1a: Clodsire|slp|[from] move: Spore\n|cant|p1a: Clodsire|slp\n|\n|-damage|p2a: Amanita Phalloides|69\/100|[from] Salt Cure\n|upkeep\n|turn|17\n|\n|t:|1699898494\n|switch|p2a: Palpatin|Ceruledge, F, shiny|100\/100\n|switch|p1a: Corviknight|Corviknight, M, shiny|46\/100\n|-damage|p1a: Corviknight|34\/100|[from] Stealth Rock\n|-ability|p1a: Corviknight|Pressure\n|\n|upkeep\n|turn|18\n|\n|t:|1699898498\n|move|p2a: Palpatin|Swords Dance|p2a: Palpatin\n|-boost|p2a: Palpatin|atk|2\n|move|p1a: Corviknight|U-turn|p2a: Palpatin\n|-resisted|p2a: Palpatin\n|-damage|p2a: Palpatin|96\/100\n|-ability|p2a: Palpatin|Weak Armor|boost\n|-unboost|p2a: Palpatin|def|1\n|-boost|p2a: Palpatin|spe|2\n|\n|t:|1699898500\n|switch|p1a: Garganacl|Garganacl, M, shiny|94\/100|[from] U-turn\n|-damage|p1a: Garganacl|82\/100|[from] Stealth Rock\n|\n|-heal|p1a: Garganacl|88\/100|[from] item: Leftovers\n|upkeep\n|turn|19\n|\n|t:|1699898506\n|-terastallize|p2a: Palpatin|Fairy\n|-terastallize|p1a: Garganacl|Ghost\n|move|p2a: Palpatin|Bitter Blade|p1a: Garganacl\n|-damage|p1a: Garganacl|30\/100\n|-heal|p2a: Palpatin|100\/100|[from] drain|[of] p1a: Garganacl\n|move|p1a: Garganacl|Salt Cure|p2a: Palpatin\n|-damage|p2a: Palpatin|74\/100\n|-start|p2a: Palpatin|Salt Cure\n|-ability|p2a: Palpatin|Weak Armor|boost\n|-unboost|p2a: Palpatin|def|1\n|-boost|p2a: Palpatin|spe|2\n|\n|-heal|p1a: Garganacl|36\/100|[from] item: Leftovers\n|-damage|p2a: Palpatin|61\/100|[from] Salt Cure\n|upkeep\n|turn|20\n|\n|t:|1699898512\n|move|p1a: Garganacl|Protect|p1a: Garganacl\n|-singleturn|p1a: Garganacl|Protect\n|move|p2a: Palpatin|Bitter Blade|p1a: Garganacl\n|-activate|p1a: Garganacl|move: Protect\n|\n|-heal|p1a: Garganacl|43\/100|[from] item: Leftovers\n|-damage|p2a: Palpatin|49\/100|[from] Salt Cure\n|upkeep\n|turn|21\n|\n|t:|1699898521\n|switch|p1a: Corviknight|Corviknight, M, shiny|34\/100\n|-damage|p1a: Corviknight|21\/100|[from] Stealth Rock\n|-ability|p1a: Corviknight|Pressure\n|move|p2a: Palpatin|Bitter Blade|p1a: Corviknight\n|-supereffective|p1a: Corviknight\n|-damage|p1a: Corviknight|0 fnt\n|-heal|p2a: Palpatin|63\/100|[from] drain|[of] p1a: Corviknight\n|-damage|p2a: Palpatin|47\/100|[from] item: Rocky Helmet|[of] p1a: Corviknight\n|faint|p1a: Corviknight\n|\n|-damage|p2a: Palpatin|35\/100|[from] Salt Cure\n|upkeep\n|\n|t:|1699898523\n|switch|p1a: Rillaboom|Rillaboom, M, shiny|100\/100\n|-damage|p1a: Rillaboom|88\/100|[from] Stealth Rock\n|-fieldstart|move: Grassy Terrain|[from] ability: Grassy Surge|[of] p1a: Rillaboom\n|turn|22\n|\n|t:|1699898526\n|switch|p2a: Amanita Phalloides|Amoonguss, M, shiny|100\/100\n|move|p1a: Rillaboom|Grassy Glide|p2a: Amanita Phalloides\n|-resisted|p2a: Amanita Phalloides\n|-damage|p2a: Amanita Phalloides|87\/100\n|\n|-heal|p1a: Rillaboom|94\/100|[from] Grassy Terrain\n|-heal|p2a: Amanita Phalloides|93\/100|[from] Grassy Terrain\n|upkeep\n|turn|23\n|\n|t:|1699898531\n|switch|p1a: Garganacl|Garganacl, M, shiny, tera:Ghost|43\/100\n|-damage|p1a: Garganacl|30\/100|[from] Stealth Rock\n|move|p2a: Amanita Phalloides|Foul Play|p1a: Garganacl\n|-supereffective|p1a: Garganacl\n|-damage|p1a: Garganacl|7\/100\n|\n|-heal|p1a: Garganacl|14\/100|[from] Grassy Terrain\n|-heal|p1a: Garganacl|20\/100|[from] item: Leftovers\n|-heal|p2a: Amanita Phalloides|99\/100|[from] Grassy Terrain\n|upkeep\n|turn|24\n|\n|t:|1699898535\n|switch|p2a: Sekiro|Samurott-Hisui, F|84\/100\n|move|p1a: Garganacl|Recover|p1a: Garganacl\n|-heal|p1a: Garganacl|70\/100\n|\n|-heal|p2a: Sekiro|90\/100|[from] Grassy Terrain\n|-heal|p1a: Garganacl|76\/100|[from] Grassy Terrain\n|-heal|p1a: Garganacl|82\/100|[from] item: Leftovers\n|upkeep\n|turn|25\n|\n|t:|1699898544\n|move|p1a: Garganacl|Protect|p1a: Garganacl\n|-singleturn|p1a: Garganacl|Protect\n|move|p2a: Sekiro|Ceaseless Edge|p1a: Garganacl\n|-activate|p1a: Garganacl|move: Protect\n|\n|-heal|p2a: Sekiro|96\/100|[from] Grassy Terrain\n|-heal|p1a: Garganacl|88\/100|[from] Grassy Terrain\n|-heal|p1a: Garganacl|95\/100|[from] item: Leftovers\n|upkeep\n|turn|26\n|\n|t:|1699898546\n|move|p2a: Sekiro|Ceaseless Edge|p1a: Garganacl\n|-supereffective|p1a: Garganacl\n|-damage|p1a: Garganacl|47\/100\n|-sidestart|p1: TheNutmeg33|Spikes\n|move|p1a: Garganacl|Salt Cure|p2a: Sekiro\n|-damage|p2a: Sekiro|80\/100\n|-start|p2a: Sekiro|Salt Cure\n|\n|-heal|p2a: Sekiro|86\/100|[from] Grassy Terrain\n|-heal|p1a: Garganacl|53\/100|[from] Grassy Terrain\n|-heal|p1a: Garganacl|59\/100|[from] item: Leftovers\n|-damage|p2a: Sekiro|61\/100|[from] Salt Cure\n|-fieldend|move: Grassy Terrain\n|upkeep\n|turn|27\n|\n|t:|1699898565\n|switch|p2a: Thor|Thundurus-Therian, M|54\/100 tox\n|move|p1a: Garganacl|Protect||[still]\n|-fail|p1a: Garganacl\n|\n|-heal|p1a: Garganacl|66\/100|[from] item: Leftovers\n|-damage|p2a: Thor|48\/100 tox|[from] psn\n|upkeep\n|turn|28\n|\n|t:|1699898569\n|switch|p1a: Clodsire|Clodsire, F, shiny|81\/100 slp\n|-damage|p1a: Clodsire|75\/100 slp|[from] Stealth Rock\n|-damage|p1a: Clodsire|63\/100 slp|[from] Spikes\n|move|p2a: Thor|Knock Off|p1a: Clodsire\n|-damage|p1a: Clodsire|48\/100 slp\n|\n|-damage|p2a: Thor|36\/100 tox|[from] psn\n|upkeep\n|turn|29\n|\n|t:|1699898577\n|switch|p2a: Sekiro|Samurott-Hisui, F|61\/100\n|cant|p1a: Clodsire|slp\n|\n|upkeep\n|turn|30\n|\n|t:|1699898581\n|switch|p1a: Rillaboom|Rillaboom, M, shiny|94\/100\n|-damage|p1a: Rillaboom|82\/100|[from] Stealth Rock\n|-damage|p1a: Rillaboom|70\/100|[from] Spikes\n|-fieldstart|move: Grassy Terrain|[from] ability: Grassy Surge|[of] p1a: Rillaboom\n|move|p2a: Sekiro|Ceaseless Edge|p1a: Rillaboom\n|-damage|p1a: Rillaboom|21\/100\n|-sidestart|p1: TheNutmeg33|Spikes\n|\n|-heal|p2a: Sekiro|67\/100|[from] Grassy Terrain\n|-heal|p1a: Rillaboom|27\/100|[from] Grassy Terrain\n|upkeep\n|turn|31\n|\n|t:|1699898585\n|switch|p2a: Amanita Phalloides|Amoonguss, M, shiny|100\/100\n|move|p1a: Rillaboom|Wood Hammer|p2a: Amanita Phalloides\n|-resisted|p2a: Amanita Phalloides\n|-damage|p2a: Amanita Phalloides|68\/100\n|-damage|p1a: Rillaboom|13\/100|[from] Recoil\n|\n|-heal|p1a: Rillaboom|20\/100|[from] Grassy Terrain\n|-heal|p2a: Amanita Phalloides|74\/100|[from] Grassy Terrain\n|upkeep\n|turn|32\n|\n|t:|1699898589\n|switch|p1a: Garganacl|Garganacl, M, shiny, tera:Ghost|66\/100\n|-damage|p1a: Garganacl|53\/100|[from] Stealth Rock\n|-damage|p1a: Garganacl|37\/100|[from] Spikes\n|move|p2a: Amanita Phalloides|Foul Play|p1a: Garganacl\n|-supereffective|p1a: Garganacl\n|-damage|p1a: Garganacl|11\/100\n|\n|-heal|p1a: Garganacl|18\/100|[from] Grassy Terrain\n|-heal|p1a: Garganacl|24\/100|[from] item: Leftovers\n|-heal|p2a: Amanita Phalloides|80\/100|[from] Grassy Terrain\n|upkeep\n|turn|33\n|\n|t:|1699898593\n|switch|p2a: Sekiro|Samurott-Hisui, F|67\/100\n|move|p1a: Garganacl|Recover|p1a: Garganacl\n|-heal|p1a: Garganacl|74\/100\n|\n|-heal|p2a: Sekiro|73\/100|[from] Grassy Terrain\n|-heal|p1a: Garganacl|80\/100|[from] Grassy Terrain\n|-heal|p1a: Garganacl|86\/100|[from] item: Leftovers\n|upkeep\n|turn|34\n|\n|t:|1699898597\n|move|p2a: Sekiro|Ceaseless Edge|p1a: Garganacl\n|-supereffective|p1a: Garganacl\n|-damage|p1a: Garganacl|40\/100\n|-sidestart|p1: TheNutmeg33|Spikes\n|move|p1a: Garganacl|Salt Cure|p2a: Sekiro\n|-damage|p2a: Sekiro|54\/100\n|-start|p2a: Sekiro|Salt Cure\n|\n|-heal|p2a: Sekiro|60\/100|[from] Grassy Terrain\n|-heal|p1a: Garganacl|46\/100|[from] Grassy Terrain\n|-heal|p1a: Garganacl|52\/100|[from] item: Leftovers\n|-damage|p2a: Sekiro|35\/100|[from] Salt Cure\n|-fieldend|move: Grassy Terrain\n|upkeep\n|turn|35\n|\n|t:|1699898603\n|switch|p2a: Palpatin|Ceruledge, F, shiny, tera:Fairy|35\/100\n|move|p1a: Garganacl|Recover|p1a: Garganacl\n|-heal|p1a: Garganacl|100\/100\n|\n|upkeep\n|turn|36\n|\n|t:|1699898606\n|move|p2a: Palpatin|Poltergeist|p1a: Garganacl\n|-activate|p1a: Garganacl|move: Poltergeist|Leftovers\n|-supereffective|p1a: Garganacl\n|-damage|p1a: Garganacl|67\/100\n|move|p1a: Garganacl|Salt Cure|p2a: Palpatin\n|-damage|p2a: Palpatin|15\/100\n|-start|p2a: Palpatin|Salt Cure\n|-ability|p2a: Palpatin|Weak Armor|boost\n|-unboost|p2a: Palpatin|def|1\n|-boost|p2a: Palpatin|spe|2\n|\n|-heal|p1a: Garganacl|74\/100|[from] item: Leftovers\n|-damage|p2a: Palpatin|2\/100|[from] Salt Cure\n|upkeep\n|turn|37\n|\n|t:|1699898611\n|switch|p2a: Amanita Phalloides|Amoonguss, M, shiny|100\/100\n|move|p1a: Garganacl|Stealth Rock|p2a: Amanita Phalloides\n|-sidestart|p2: Mr-Mongol|move: Stealth Rock\n|\n|-heal|p1a: Garganacl|80\/100|[from] item: Leftovers\n|upkeep\n|turn|38\n|\n|t:|1699898613\n|move|p1a: Garganacl|Salt Cure|p2a: Amanita Phalloides\n|-damage|p2a: Amanita Phalloides|88\/100\n|-start|p2a: Amanita Phalloides|Salt Cure\n|move|p2a: Amanita Phalloides|Foul Play|p1a: Garganacl\n|-supereffective|p1a: Garganacl\n|-damage|p1a: Garganacl|57\/100\n|\n|-heal|p1a: Garganacl|64\/100|[from] item: Leftovers\n|-damage|p2a: Amanita Phalloides|76\/100|[from] Salt Cure\n|upkeep\n|turn|39\n|\n|t:|1699898621\n|switch|p1a: Great Tusk|Great Tusk, shiny|100\/100\n|move|p2a: Amanita Phalloides|Foul Play|p1a: Great Tusk\n|-resisted|p1a: Great Tusk\n|-damage|p1a: Great Tusk|88\/100\n|\n|-damage|p2a: Amanita Phalloides|63\/100|[from] Salt Cure\n|upkeep\n|turn|40\n|\n|t:|1699898627\n|switch|p2a: Kuzko|Gholdengo, shiny|100\/100\n|-damage|p2a: Kuzko|94\/100|[from] Stealth Rock\n|move|p1a: Great Tusk|Rapid Spin|p2a: Kuzko\n|-immune|p2a: Kuzko\n|\n|-heal|p2a: Kuzko|100\/100|[from] item: Leftovers\n|upkeep\n|turn|41\n|\n|t:|1699898632\n|switch|p2a: Thor|Thundurus-Therian, M|36\/100 tox\n|move|p1a: Great Tusk|Headlong Rush|p2a: Thor\n|-immune|p2a: Thor\n|\n|-damage|p2a: Thor|30\/100 tox|[from] psn\n|upkeep\n|turn|42\n|\n|t:|1699898644\n|-end|p1a: Great Tusk|Protosynthesis|[silent]\n|switch|p1a: Rillaboom|Rillaboom, M, shiny|20\/100\n|-damage|p1a: Rillaboom|7\/100|[from] Stealth Rock\n|-damage|p1a: Rillaboom|0 fnt|[from] Spikes\n|faint|p1a: Rillaboom\n|move|p2a: Thor|Grass Knot|p1: Rillaboom|[notarget]\n|-fail|p2a: Thor\n|\n|-damage|p2a: Thor|18\/100 tox|[from] psn\n|upkeep\n|\n|t:|1699898653\n|switch|p1a: Clodsire|Clodsire, F, shiny|48\/100 slp\n|-damage|p1a: Clodsire|42\/100 slp|[from] Stealth Rock\n|-damage|p1a: Clodsire|17\/100 slp|[from] Spikes\n|turn|43\n|\n|t:|1699898660\n|move|p2a: Thor|Grass Knot|p1a: Clodsire\n|-damage|p1a: Clodsire|0 fnt\n|faint|p1a: Clodsire\n|\n|-damage|p2a: Thor|0 fnt|[from] psn\n|faint|p2a: Thor\n|upkeep\n|\n|t:|1699898670\n|switch|p2a: Sekiro|Samurott-Hisui, F|35\/100\n|switch|p1a: Great Tusk|Great Tusk, shiny|88\/100\n|-damage|p2a: Sekiro|23\/100|[from] Stealth Rock\n|turn|44\n|\n|t:|1699898675\n|move|p2a: Sekiro|Flip Turn|p1a: Great Tusk\n|-supereffective|p1a: Great Tusk\n|-damage|p1a: Great Tusk|47\/100\n|\n|t:|1699898678\n|switch|p2a: Kuzko|Gholdengo, shiny|100\/100|[from] Flip Turn\n|-damage|p2a: Kuzko|94\/100|[from] Stealth Rock\n|move|p1a: Great Tusk|Rapid Spin|p2a: Kuzko\n|-immune|p2a: Kuzko\n|\n|-heal|p2a: Kuzko|100\/100|[from] item: Leftovers\n|upkeep\n|turn|45\n|\n|t:|1699898680\n|move|p1a: Great Tusk|Headlong Rush|p2a: Kuzko\n|-supereffective|p2a: Kuzko\n|-damage|p2a: Kuzko|14\/100\n|-unboost|p1a: Great Tusk|def|1\n|-unboost|p1a: Great Tusk|spd|1\n|move|p2a: Kuzko|Shadow Ball|p1a: Great Tusk\n|-damage|p1a: Great Tusk|0 fnt\n|faint|p1a: Great Tusk\n|-end|p1a: Great Tusk|Protosynthesis|[silent]\n|\n|-heal|p2a: Kuzko|20\/100|[from] item: Leftovers\n|upkeep\n|\n|t:|1699898689\n|switch|p1a: Iron Moth|Iron Moth|100\/100\n|-damage|p1a: Iron Moth|76\/100|[from] Stealth Rock\n|-damage|p1a: Iron Moth|51\/100|[from] Spikes\n|-enditem|p1a: Iron Moth|Booster Energy\n|-activate|p1a: Iron Moth|ability: Quark Drive|[fromitem]\n|-start|p1a: Iron Moth|quarkdrivespe\n|turn|46\n|\n|t:|1699898697\n|move|p1a: Iron Moth|Fiery Dance|p2a: Kuzko\n|-supereffective|p2a: Kuzko\n|-damage|p2a: Kuzko|0 fnt\n|-boost|p1a: Iron Moth|spa|1\n|faint|p2a: Kuzko\n|\n|upkeep\n|\n|t:|1699898705\n|switch|p2a: Amanita Phalloides|Amoonguss, M, shiny|97\/100\n|-damage|p2a: Amanita Phalloides|84\/100|[from] Stealth Rock\n|turn|47\n|\n|t:|1699898708\n|move|p1a: Iron Moth|Substitute|p1a: Iron Moth\n|-start|p1a: Iron Moth|Substitute\n|-damage|p1a: Iron Moth|26\/100\n|move|p2a: Amanita Phalloides|Spore||[still]\n|-fail|p2a: Amanita Phalloides\n|\n|upkeep\n|turn|48\n|\n|t:|1699898711\n|move|p1a: Iron Moth|Fiery Dance|p2a: Amanita Phalloides\n|-supereffective|p2a: Amanita Phalloides\n|-damage|p2a: Amanita Phalloides|0 fnt\n|faint|p2a: Amanita Phalloides\n|\n|upkeep\n|\n|t:|1699898713\n|switch|p2a: Sekiro|Samurott-Hisui, F|23\/100\n|-damage|p2a: Sekiro|10\/100|[from] Stealth Rock\n|turn|49\n|\n|t:|1699898717\n|move|p1a: Iron Moth|Energy Ball|p2a: Sekiro\n|-supereffective|p2a: Sekiro\n|-damage|p2a: Sekiro|0 fnt\n|faint|p2a: Sekiro\n|\n|upkeep\n|-message|Mr-Mongol forfeited.\n|\n|win|TheNutmeg33\n|raw|TheNutmeg33's rating: 1577 &rarr; <strong>1600<\/strong><br \/>(+23 for winning)\n|raw|Mr-Mongol's rating: 1627 &rarr; <strong>1604<\/strong><br \/>(-23 for losing)\n|l|\u2606Mr-Mongol\n","uploadtime":1699898735,"views":26,"p1id":"thenutmeg33","p2id":"mrmongol","formatid":"gen9ou","rating":1600,"private":0,"password":""}