{"id":"gen9ou-1996548642","p1":"FlameWolf26","p2":"Davry","format":"[Gen 9] OU","log":"|j|\u2606FlameWolf26\n|j|\u2606Davry\n|t:|1700693076\n|gametype|singles\n|player|p1|FlameWolf26|sabrina-lgpe|\n|player|p2|Davry|1|\n|teamsize|p1|6\n|teamsize|p2|6\n|gen|9\n|tier|[Gen 9] OU\n|rule|Sleep Clause Mod: Limit one foe put to sleep\n|rule|Species Clause: Limit one of each Pok\u00e9mon\n|rule|OHKO Clause: OHKO moves are banned\n|rule|Evasion Items Clause: Evasion items are banned\n|rule|Evasion Moves Clause: Evasion moves are banned\n|rule|Endless Battle Clause: Forcing endless battles is banned\n|rule|HP Percentage Mod: HP is shown in percentages\n|clearpoke\n|poke|p1|Mew|\n|poke|p1|Moltres|\n|poke|p1|Maushold-Four|\n|poke|p1|Zoroark, F|\n|poke|p1|Masquerain, F|\n|poke|p1|Thwackey, M|\n|poke|p2|Ursaluna, M|\n|poke|p2|Toxapex, M|\n|poke|p2|Zoroark-Hisui, F|\n|poke|p2|Pawmot, F|\n|poke|p2|Basculegion-F, F|\n|poke|p2|Glimmet, M|\n|teampreview\n|j| mmeira\n|c|\u2606FlameWolf26|sopa de mamaco\n|c|\u2606Davry|delicia\n|j| Luccasim\n|\n|t:|1700693145\n|start\n|switch|p1a: Masquerain|Masquerain, F|100\/100\n|switch|p2a: camisinha|Glimmet, M, shiny|100\/100\n|-ability|p1a: Masquerain|Intimidate|boost\n|-unboost|p2a: camisinha|atk|1\n|turn|1\n|\n|t:|1700693167\n|move|p1a: Masquerain|Sticky Web|p2a: camisinha\n|-sidestart|p2: Davry|move: Sticky Web\n|move|p2a: camisinha|Power Gem|p1a: Masquerain\n|-supereffective|p1a: Masquerain\n|-enditem|p1a: Masquerain|Focus Sash\n|-damage|p1a: Masquerain|1\/100\n|\n|upkeep\n|turn|2\n|j| Abner67\n|c| Abner67|masquerai\n|c|\u2606Davry|masquecarai\n|c| Abner67|caralho chamas\n|c| Abner67|que time\n|c| Abner67|parece de random\n|c|\u2606Davry|e o meu n\u00e3o\n|\n|t:|1700693226\n|move|p1a: Masquerain|Icy Wind|p2a: camisinha\n|-damage|p2a: camisinha|74\/100\n|-unboost|p2a: camisinha|spe|1\n|move|p2a: camisinha|Power Gem|p1a: Masquerain\n|-supereffective|p1a: Masquerain\n|-damage|p1a: Masquerain|0 fnt\n|faint|p1a: Masquerain\n|\n|upkeep\n|\n|t:|1700693270\n|switch|p1a: Mew|Mew, shiny|100\/100\n|turn|3\n|\n|t:|1700693275\n|move|p1a: Mew|Night Daze|p2a: camisinha\n|-damage|p2a: camisinha|5\/100\n|move|p2a: camisinha|Stealth Rock|p1a: Mew\n|-sidestart|p1: FlameWolf26|move: Stealth Rock\n|\n|upkeep\n|turn|4\n|\n|t:|1700693284\n|move|p1a: Mew|Night Daze|p2a: camisinha\n|-damage|p2a: camisinha|0 fnt\n|faint|p2a: camisinha\n|\n|upkeep\n|\n|t:|1700693289\n|switch|p2a: frederico|Ursaluna, M|100\/100\n|-activate|p2a: frederico|move: Sticky Web\n|-unboost|p2a: frederico|spe|1\n|turn|5\n|\n|t:|1700693298\n|switch|p1a: Moltres|Moltres, shiny|100\/100\n|move|p2a: frederico|Shadow Ball|p1a: Moltres\n|-damage|p1a: Moltres|36\/100\n|-unboost|p1a: Moltres|spd|1\n|\n|upkeep\n|turn|6\n|\n|t:|1700693321\n|switch|p1a: Maushold|Maushold-Four|100\/100\n|-damage|p1a: Maushold|88\/100|[from] Stealth Rock\n|move|p2a: frederico|Shadow Ball|p1a: Maushold\n|-immune|p1a: Maushold\n|\n|upkeep\n|turn|7\n|\n|t:|1700693328\n|switch|p2a: samu|Pawmot, F, shiny|100\/100\n|-activate|p2a: samu|move: Sticky Web\n|-unboost|p2a: samu|spe|1\n|move|p1a: Maushold|Bite|p2a: samu\n|-resisted|p2a: samu\n|-damage|p2a: samu|84\/100\n|\n|upkeep\n|turn|8\n|\n|t:|1700693350\n|switch|p1a: Moltres|Moltres, shiny|36\/100\n|move|p2a: samu|Double Shock|p1a: Moltres\n|-supereffective|p1a: Moltres\n|-damage|p1a: Moltres|0 fnt\n|-start|p2a: samu|typechange|???\/Fighting|[from] move: Double Shock\n|faint|p1a: Moltres\n|\n|upkeep\n|l| Abner67\n|\n|t:|1700693390\n|switch|p1a: Maushold|Maushold-Four|88\/100\n|-damage|p1a: Maushold|76\/100|[from] Stealth Rock\n|turn|9\n|\n|t:|1700693405\n|move|p1a: Maushold|Population Bomb|p2a: samu\n|-damage|p2a: samu|67\/100\n|-damage|p2a: samu|48\/100\n|-damage|p2a: samu|31\/100\n|-damage|p2a: samu|13\/100\n|-damage|p2a: samu|0 fnt\n|faint|p2a: samu\n|-hitcount|p2: samu|5\n|\n|upkeep\n|c|\u2606Davry|aiai\n|j| Abner67\n|\n|t:|1700693419\n|switch|p2a: basculho|Basculegion-F, F, shiny|100\/100\n|-activate|p2a: basculho|move: Sticky Web\n|-unboost|p2a: basculho|spe|1\n|turn|10\n|\n|t:|1700693484\n|switch|p1a: Mew|Mew, shiny|100\/100\n|-damage|p1a: Mew|88\/100|[from] Stealth Rock\n|move|p2a: basculho|Flip Turn|p1a: Mew\n|-damage|p1a: Mew|72\/100\n|\n|t:|1700693504\n|switch|p2a: frederico|Ursaluna, M|100\/100|[from] Flip Turn\n|-activate|p2a: frederico|move: Sticky Web\n|-unboost|p2a: frederico|spe|1\n|\n|-heal|p1a: Mew|78\/100|[from] item: Leftovers\n|-status|p2a: frederico|brn|[from] item: Flame Orb\n|upkeep\n|turn|11\n|\n|t:|1700693525\n|move|p1a: Mew|Spikes|p2a: frederico\n|-sidestart|p2: Davry|Spikes\n|move|p2a: frederico|Facade|p1a: Mew\n|-damage|p1a: Mew|0 fnt\n|faint|p1a: Mew\n|\n|-damage|p2a: frederico|94\/100 brn|[from] brn\n|upkeep\n|\n|t:|1700693597\n|switch|p1a: Maushold|Maushold-Four|76\/100\n|-damage|p1a: Maushold|63\/100|[from] Stealth Rock\n|turn|12\n|\n|t:|1700693615\n|move|p1a: Maushold|Bite|p2a: frederico\n|-damage|p2a: frederico|78\/100 brn\n|move|p2a: frederico|Facade|p1a: Maushold\n|-damage|p1a: Maushold|0 fnt\n|faint|p1a: Maushold\n|\n|-damage|p2a: frederico|72\/100 brn|[from] brn\n|upkeep\n|\n|t:|1700693625\n|switch|p1a: Thwackey|Thwackey, M|100\/100\n|-damage|p1a: Thwackey|88\/100|[from] Stealth Rock\n|-fieldstart|move: Grassy Terrain|[from] ability: Grassy Surge|[of] p1a: Thwackey\n|turn|13\n|\n|t:|1700693637\n|switch|p2a: tro\u00e7o|Toxapex, M|100\/100\n|-activate|p2a: tro\u00e7o|move: Sticky Web\n|-unboost|p2a: tro\u00e7o|spe|1\n|-damage|p2a: tro\u00e7o|88\/100|[from] Spikes\n|-terastallize|p1a: Thwackey|Grass\n|move|p1a: Thwackey|Grassy Glide|p2a: tro\u00e7o\n|-damage|p2a: tro\u00e7o|53\/100\n|\n|-heal|p1a: Thwackey|94\/100|[from] Grassy Terrain\n|-heal|p2a: tro\u00e7o|59\/100|[from] Grassy Terrain\n|-heal|p2a: tro\u00e7o|66\/100|[from] item: Leftovers\n|upkeep\n|turn|14\n|\n|t:|1700693651\n|switch|p1a: Thwackey|Thwackey, M|100\/100\n|-damage|p1a: Thwackey|88\/100|[from] Stealth Rock\n|move|p2a: tro\u00e7o|Toxic|p1a: Thwackey\n|-status|p1a: Thwackey|tox\n|\n|-heal|p1a: Thwackey|94\/100 tox|[from] Grassy Terrain\n|-heal|p2a: tro\u00e7o|72\/100|[from] Grassy Terrain\n|-heal|p2a: tro\u00e7o|78\/100|[from] item: Leftovers\n|-damage|p1a: Thwackey|88\/100 tox|[from] psn\n|upkeep\n|turn|15\n|\n|t:|1700693668\n|move|p1a: Thwackey|Trick|p2a: tro\u00e7o\n|-activate|p1a: Thwackey|move: Trick|[of] p2a: tro\u00e7o\n|-item|p2a: tro\u00e7o|Choice Scarf|[from] move: Trick\n|-item|p1a: Thwackey|Leftovers|[from] move: Trick\n|move|p2a: tro\u00e7o|Recover|p2a: tro\u00e7o\n|-heal|p2a: tro\u00e7o|100\/100\n|\n|-heal|p1a: Thwackey|94\/100 tox|[from] Grassy Terrain\n|-heal|p1a: Thwackey|100\/100 tox|[from] item: Leftovers\n|-damage|p1a: Thwackey|88\/100 tox|[from] psn\n|upkeep\n|turn|16\n|\n|t:|1700693688\n|switch|p2a: basculho|Basculegion-F, F, shiny|100\/100\n|-activate|p2a: basculho|move: Sticky Web\n|-unboost|p2a: basculho|spe|1\n|-damage|p2a: basculho|88\/100|[from] Spikes\n|move|p1a: Thwackey|Night Daze|p2a: basculho\n|-supereffective|p2a: basculho\n|-damage|p2a: basculho|0 fnt\n|replace|p2a: chamas|Zoroark-Hisui, F, shiny\n|-end|p2a: chamas|Illusion\n|faint|p2a: chamas\n|\n|-heal|p1a: Thwackey|94\/100 tox|[from] Grassy Terrain\n|-heal|p1a: Thwackey|100\/100 tox|[from] item: Leftovers\n|-damage|p1a: Thwackey|82\/100 tox|[from] psn\n|upkeep\n|\n|t:|1700693705\n|switch|p2a: tro\u00e7o|Toxapex, M|100\/100\n|-activate|p2a: tro\u00e7o|move: Sticky Web\n|-unboost|p2a: tro\u00e7o|spe|1\n|-damage|p2a: tro\u00e7o|88\/100|[from] Spikes\n|turn|17\n|\n|t:|1700693718\n|move|p1a: Thwackey|Night Daze|p2a: tro\u00e7o\n|-damage|p2a: tro\u00e7o|52\/100\n|move|p2a: tro\u00e7o|Surf|p1a: Thwackey\n|-damage|p1a: Thwackey|44\/100 tox\n|replace|p1a: Zoroark|Zoroark, F, shiny\n|-end|p1a: Zoroark|Illusion\n|\n|-heal|p1a: Zoroark|50\/100 tox|[from] Grassy Terrain\n|-heal|p1a: Zoroark|56\/100 tox|[from] item: Leftovers\n|-heal|p2a: tro\u00e7o|58\/100|[from] Grassy Terrain\n|-damage|p1a: Zoroark|32\/100 tox|[from] psn\n|-fieldend|move: Grassy Terrain\n|upkeep\n|turn|18\n|\n|t:|1700693733\n|move|p1a: Zoroark|U-turn|p2a: tro\u00e7o\n|-resisted|p2a: tro\u00e7o\n|-crit|p2a: tro\u00e7o\n|-damage|p2a: tro\u00e7o|51\/100\n|\n|t:|1700693735\n|switch|p1a: Thwackey|Thwackey, M, tera:Grass|94\/100|[from] U-turn\n|-damage|p1a: Thwackey|82\/100|[from] Stealth Rock\n|-fieldstart|move: Grassy Terrain|[from] ability: Grassy Surge|[of] p1a: Thwackey\n|move|p2a: tro\u00e7o|Surf|p1a: Thwackey\n|-resisted|p1a: Thwackey\n|-damage|p1a: Thwackey|65\/100\n|\n|-heal|p1a: Thwackey|71\/100|[from] Grassy Terrain\n|-heal|p2a: tro\u00e7o|57\/100|[from] Grassy Terrain\n|upkeep\n|turn|19\n|\n|t:|1700693756\n|switch|p2a: basculho|Basculegion-F, F, shiny|100\/100\n|-activate|p2a: basculho|move: Sticky Web\n|-unboost|p2a: basculho|spe|1\n|-damage|p2a: basculho|88\/100|[from] Spikes\n|move|p1a: Thwackey|Wood Hammer|p2a: basculho\n|-supereffective|p2a: basculho\n|-damage|p2a: basculho|0 fnt\n|faint|p2a: basculho\n|-damage|p1a: Thwackey|31\/100|[from] Recoil\n|\n|-heal|p1a: Thwackey|38\/100|[from] Grassy Terrain\n|upkeep\n|\n|t:|1700693765\n|switch|p2a: tro\u00e7o|Toxapex, M|91\/100\n|-activate|p2a: tro\u00e7o|move: Sticky Web\n|-unboost|p2a: tro\u00e7o|spe|1\n|-damage|p2a: tro\u00e7o|78\/100|[from] Spikes\n|turn|20\n|\n|t:|1700693779\n|move|p1a: Thwackey|Wood Hammer|p2a: tro\u00e7o\n|-damage|p2a: tro\u00e7o|4\/100\n|-damage|p1a: Thwackey|11\/100|[from] Recoil\n|move|p2a: tro\u00e7o|Toxic|p1a: Thwackey\n|-status|p1a: Thwackey|tox\n|\n|-heal|p1a: Thwackey|17\/100 tox|[from] Grassy Terrain\n|-heal|p2a: tro\u00e7o|11\/100|[from] Grassy Terrain\n|-damage|p1a: Thwackey|11\/100 tox|[from] psn\n|upkeep\n|turn|21\n|\n|t:|1700693799\n|move|p1a: Thwackey|Wood Hammer|p2a: tro\u00e7o\n|-damage|p2a: tro\u00e7o|0 fnt\n|faint|p2a: tro\u00e7o\n|-damage|p1a: Thwackey|8\/100 tox|[from] Recoil\n|\n|-heal|p1a: Thwackey|14\/100 tox|[from] Grassy Terrain\n|-damage|p1a: Thwackey|2\/100 tox|[from] psn\n|upkeep\n|\n|t:|1700693803\n|switch|p2a: frederico|Ursaluna, M|72\/100 brn\n|-activate|p2a: frederico|move: Sticky Web\n|-unboost|p2a: frederico|spe|1\n|-damage|p2a: frederico|59\/100 brn|[from] Spikes\n|turn|22\n|\n|t:|1700693810\n|move|p1a: Thwackey|Wood Hammer|p2a: frederico\n|-supereffective|p2a: frederico\n|-damage|p2a: frederico|0 fnt\n|faint|p2a: frederico\n|-damage|p1a: Thwackey|0 fnt|[from] Recoil\n|faint|p1a: Thwackey\n|\n|win|FlameWolf26\n","uploadtime":1700693827,"views":5,"p1id":"flamewolf26","p2id":"davry","formatid":"gen9ou","rating":0,"private":0,"password":""}