{"id":"radicalred-gen9ou-545270","p1":"Shotokekipurin","p2":"TrulyAtrocious","format":"[Gen 9] OU","log":"|j|\u2606Shotokekipurin\n|j|\u2606TrulyAtrocious\n|t:|1699756140\n|gametype|singles\n|player|p1|Shotokekipurin|rr-vaporeon|\n|player|p2|TrulyAtrocious|265|\n|teamsize|p1|6\n|teamsize|p2|6\n|gen|9\n|tier|[Gen 9] OU\n|rule|Sleep Clause Mod: Limit one foe put to sleep\n|rule|Species Clause: Limit one of each Pok\u00e9mon\n|rule|OHKO Clause: OHKO moves are banned\n|rule|Evasion Abilities Clause: Evasion abilities are banned\n|rule|Evasion Items Clause: Evasion items are banned\n|rule|Evasion Moves Clause: Evasion moves are banned\n|rule|Endless Battle Clause: Forcing endless battles is banned\n|rule|HP Percentage Mod: HP is shown in percentages\n|rule|Dynamax Clause: You cannot dynamax\n|clearpoke\n|poke|p1|Greninja-*, M|\n|poke|p1|Urshifu-*, M|\n|poke|p1|Swampert, M|\n|poke|p1|Zapdos|\n|poke|p1|Pelipper, F|\n|poke|p1|Tapu Fini|\n|poke|p2|Tapu Koko|\n|poke|p2|Iron Leaves|\n|poke|p2|Iron Hands|\n|poke|p2|Iron Jugulis|\n|poke|p2|Iron Valiant|\n|poke|p2|Hawlucha, M|\n|teampreview\n|c|\u2606TrulyAtrocious|glhf\n|c|\u2606Shotokekipurin|Glhf\n|\n|t:|1699756161\n|start\n|switch|p1a: Urshifu|Urshifu-Rapid-Strike, M, shiny|100\/100\n|switch|p2a: Iron Leaves|Iron Leaves|100\/100\n|turn|1\n|\n|t:|1699756172\n|switch|p1a: Pelipper|Pelipper, F|100\/100\n|-weather|RainDance|[from] ability: Drizzle|[of] p1a: Pelipper\n|move|p2a: Iron Leaves|Leaf Blade|p1a: Pelipper\n|-damage|p1a: Pelipper|26\/100\n|\n|-weather|RainDance|[upkeep]\n|upkeep\n|turn|2\n|\n|t:|1699756177\n|switch|p1a: Zapdos|Zapdos|100\/100\n|move|p2a: Iron Leaves|Leaf Blade|p1a: Zapdos\n|-resisted|p1a: Zapdos\n|-damage|p1a: Zapdos|64\/100\n|\n|-weather|RainDance|[upkeep]\n|upkeep\n|turn|3\n|\n|t:|1699756186\n|switch|p2a: Tapu Koko|Tapu Koko|100\/100\n|-fieldstart|move: Electric Terrain|[from] ability: Electric Surge|[of] p2a: Tapu Koko\n|move|p1a: Zapdos|Hurricane|p2a: Tapu Koko\n|-resisted|p2a: Tapu Koko\n|-damage|p2a: Tapu Koko|50\/100\n|\n|-weather|RainDance|[upkeep]\n|upkeep\n|turn|4\n|\n|t:|1699756242\n|switch|p1a: Swampert|Swampert, M, shiny|100\/100\n|move|p2a: Tapu Koko|Volt Switch|p1a: Swampert\n|-immune|p1a: Swampert\n|\n|-weather|RainDance|[upkeep]\n|upkeep\n|turn|5\n|\n|t:|1699756250\n|switch|p2a: Hawlucha|Hawlucha, M|100\/100\n|-enditem|p2a: Hawlucha|Electric Seed\n|-boost|p2a: Hawlucha|def|1|[from] item: Electric Seed\n|detailschange|p1a: Swampert|Swampert-Mega, M, shiny\n|-mega|p1a: Swampert|Swampert|Swampertite\n|move|p1a: Swampert|Aqua Tail|p2a: Hawlucha\n|-damage|p2a: Hawlucha|23\/100\n|\n|-weather|RainDance|[upkeep]\n|upkeep\n|turn|6\n|\n|t:|1699756260\n|move|p2a: Hawlucha|Close Combat|p1a: Swampert\n|-crit|p1a: Swampert\n|-damage|p1a: Swampert|22\/100\n|-unboost|p2a: Hawlucha|def|1\n|-unboost|p2a: Hawlucha|spd|1\n|move|p1a: Swampert|Ice Punch|p2a: Hawlucha\n|-supereffective|p2a: Hawlucha\n|-damage|p2a: Hawlucha|0 fnt\n|faint|p2a: Hawlucha\n|\n|-weather|RainDance|[upkeep]\n|upkeep\n|\n|t:|1699756277\n|switch|p2a: Iron Valiant|Iron Valiant|100\/100\n|-activate|p2a: Iron Valiant|ability: Quark Drive\n|-start|p2a: Iron Valiant|quarkdrivespe\n|turn|7\n|\n|t:|1699756293\n|switch|p1a: Tapu Fini|Tapu Fini, shiny|100\/100\n|-fieldstart|move: Misty Terrain|[from] ability: Misty Surge|[of] p1a: Tapu Fini\n|-end|p2a: Iron Valiant|Quark Drive\n|move|p2a: Iron Valiant|Moonblast|p1a: Tapu Fini\n|-damage|p1a: Tapu Fini|52\/100\n|-unboost|p1a: Tapu Fini|spa|1\n|\n|-weather|RainDance|[upkeep]\n|upkeep\n|turn|8\n|\n|t:|1699756305\n|move|p2a: Iron Valiant|Moonblast|p1a: Tapu Fini\n|-damage|p1a: Tapu Fini|8\/100\n|-unboost|p1a: Tapu Fini|spa|1\n|move|p1a: Tapu Fini|Moonblast|p2a: Iron Valiant\n|-supereffective|p2a: Iron Valiant\n|-damage|p2a: Iron Valiant|30\/100\n|\n|-weather|none\n|upkeep\n|turn|9\n|\n|t:|1699756315\n|switch|p1a: Pelipper|Pelipper, F|26\/100\n|-weather|RainDance|[from] ability: Drizzle|[of] p1a: Pelipper\n|move|p2a: Iron Valiant|Moonblast|p1a: Pelipper\n|-damage|p1a: Pelipper|0 fnt\n|faint|p1a: Pelipper\n|\n|-weather|RainDance|[upkeep]\n|upkeep\n|\n|t:|1699756318\n|switch|p1a: Greninja|Greninja, M, shiny|100\/100\n|turn|10\n|\n|t:|1699756342\n|move|p1a: Greninja|Dark Pulse|p2a: Iron Valiant\n|-resisted|p2a: Iron Valiant\n|-damage|p2a: Iron Valiant|7\/100\n|move|p2a: Iron Valiant|Moonblast|p1a: Greninja\n|-supereffective|p1a: Greninja\n|-damage|p1a: Greninja|0 fnt\n|faint|p1a: Greninja\n|\n|-weather|RainDance|[upkeep]\n|upkeep\n|c|\u2606Shotokekipurin|What?\n|c|\u2606Shotokekipurin|No way lol\n|\n|t:|1699756358\n|switch|p1a: Urshifu|Urshifu-Rapid-Strike, M, shiny|100\/100\n|turn|11\n|c|\u2606TrulyAtrocious|wouldve been funnier if i flinched\n|\n|t:|1699756386\n|-end|p2a: Iron Valiant|Quark Drive|[silent]\n|switch|p2a: Iron Leaves|Iron Leaves|100\/100\n|move|p1a: Urshifu|U-turn|p2a: Iron Leaves\n|-supereffective|p2a: Iron Leaves\n|-damage|p2a: Iron Leaves|0 fnt\n|faint|p2a: Iron Leaves\n|\n|t:|1699756389\n|switch|p1a: Swampert|Swampert-Mega, M, shiny|22\/100|[from] U-turn\n|\n|-weather|RainDance|[upkeep]\n|-fieldend|Misty Terrain\n|upkeep\n|\n|t:|1699756395\n|switch|p2a: Iron Hands|Iron Hands|100\/100\n|turn|12\n|c|\u2606Shotokekipurin|Tbh yeah\n|\n|t:|1699756401\n|move|p1a: Swampert|Earthquake|p2a: Iron Hands\n|-supereffective|p2a: Iron Hands\n|-damage|p2a: Iron Hands|14\/100\n|move|p2a: Iron Hands|Drain Punch|p1a: Swampert\n|-damage|p1a: Swampert|0 fnt\n|-heal|p2a: Iron Hands|21\/100|[from] drain|[of] p1a: Swampert\n|faint|p1a: Swampert\n|\n|-weather|RainDance|[upkeep]\n|-heal|p2a: Iron Hands|27\/100|[from] item: Leftovers\n|upkeep\n|\n|t:|1699756405\n|switch|p1a: Urshifu|Urshifu-Rapid-Strike, M, shiny|100\/100\n|turn|13\n|\n|t:|1699756417\n|move|p1a: Urshifu|Surging Strikes|p2a: Iron Hands\n|-crit|p2a: Iron Hands\n|-damage|p2a: Iron Hands|8\/100\n|-crit|p2a: Iron Hands\n|-damage|p2a: Iron Hands|0 fnt\n|faint|p2a: Iron Hands\n|-end|p2a: Iron Hands|Quark Drive|[silent]\n|-hitcount|p2: Iron Hands|2\n|\n|-weather|RainDance|[upkeep]\n|upkeep\n|c|\u2606Shotokekipurin|This could go either way now\n|c|\u2606Shotokekipurin|It's clear what our win cons are\n|\n|t:|1699756504\n|switch|p2a: Tapu Koko|Tapu Koko|50\/100\n|-fieldstart|move: Electric Terrain|[from] ability: Electric Surge|[of] p2a: Tapu Koko\n|turn|14\n|\n|t:|1699756507\n|move|p1a: Urshifu|Surging Strikes|p2a: Tapu Koko\n|-crit|p2a: Tapu Koko\n|-damage|p2a: Tapu Koko|11\/100\n|-crit|p2a: Tapu Koko\n|-damage|p2a: Tapu Koko|0 fnt\n|faint|p2a: Tapu Koko\n|-hitcount|p2: Tapu Koko|2\n|\n|-weather|RainDance|[upkeep]\n|upkeep\n|\n|t:|1699756515\n|switch|p2a: Iron Valiant|Iron Valiant|7\/100\n|-activate|p2a: Iron Valiant|ability: Quark Drive\n|-start|p2a: Iron Valiant|quarkdrivespe\n|turn|15\n|c|\u2606TrulyAtrocious|gg\n|c|\u2606TrulyAtrocious|i lose\n|c|\u2606TrulyAtrocious|dont think couldve done anything in this position\n|c|\u2606TrulyAtrocious|cos nothing lived\n|c|\u2606Shotokekipurin|Mhm\n|c|\u2606TrulyAtrocious|gg\n|c|\u2606Shotokekipurin|Tbh I only won because of scarf\n|c|\u2606Shotokekipurin|Gg\n|c|\u2606Shotokekipurin|Even then I'm losing rain rn and if it goes I'm cooked ngl\n|c|\u2606TrulyAtrocious|na\n|c|\u2606TrulyAtrocious|you got fini\n|c|\u2606Shotokekipurin|No fini has no hp\n|c|\u2606Shotokekipurin|I remove terrain but it dies\n|c|\u2606TrulyAtrocious|ye but\n|c|\u2606TrulyAtrocious|jugulis dies anyway\n|c|\u2606Shotokekipurin|Urshifu beats Valiant 100% but you're neutral to my stabs\n|c|\u2606TrulyAtrocious|lets play it\n|c|\u2606Shotokekipurin|Sure\n|\n|t:|1699756634\n|switch|p1a: Tapu Fini|Tapu Fini, shiny|8\/100\n|-fieldstart|move: Misty Terrain|[from] ability: Misty Surge|[of] p1a: Tapu Fini\n|-end|p2a: Iron Valiant|Quark Drive\n|move|p2a: Iron Valiant|Moonblast|p1a: Tapu Fini\n|-damage|p1a: Tapu Fini|0 fnt\n|faint|p1a: Tapu Fini\n|\n|-weather|RainDance|[upkeep]\n|upkeep\n|\n|t:|1699756637\n|switch|p1a: Urshifu|Urshifu-Rapid-Strike, M, shiny|100\/100\n|turn|16\n|c|\u2606TrulyAtrocious|actually there is\n|c|\u2606TrulyAtrocious|if i wasnt dum and switched leaves\n|c|\u2606TrulyAtrocious|into the uturn\n|\n|t:|1699756737\n|move|p1a: Urshifu|Close Combat|p2a: Iron Valiant\n|-resisted|p2a: Iron Valiant\n|-damage|p2a: Iron Valiant|0 fnt\n|-unboost|p1a: Urshifu|def|1\n|-unboost|p1a: Urshifu|spd|1\n|faint|p2a: Iron Valiant\n|-end|p2a: Iron Valiant|Quark Drive|[silent]\n|\n|-weather|none\n|upkeep\n|c|\u2606Shotokekipurin|Yeah\n|c|\u2606Shotokekipurin|Tbh I had to do that to get pert onto the field, I actually didn't predict you there\n|\n|t:|1699756833\n|switch|p2a: Iron Jugulis|Iron Jugulis|100\/100\n|turn|17\n|\n|t:|1699756839\n|move|p1a: Urshifu|Close Combat|p2a: Iron Jugulis\n|-damage|p2a: Iron Jugulis|21\/100\n|-unboost|p1a: Urshifu|def|1\n|-unboost|p1a: Urshifu|spd|1\n|move|p2a: Iron Jugulis|Aeroblast|p1a: Urshifu\n|-supereffective|p1a: Urshifu\n|-damage|p1a: Urshifu|0 fnt\n|faint|p1a: Urshifu\n|-damage|p2a: Iron Jugulis|11\/100|[from] item: Life Orb\n|\n|upkeep\n|c|\u2606TrulyAtrocious|oh\n|c|\u2606TrulyAtrocious|wait\n|\n|t:|1699756844\n|switch|p1a: Zapdos|Zapdos|64\/100\n|turn|18\n|c|\u2606TrulyAtrocious|the lorb self sabotage\n|c|\u2606TrulyAtrocious|??\n|\n|t:|1699756852\n|move|p2a: Iron Jugulis|Dark Pulse|p1a: Zapdos\n|-damage|p1a: Zapdos|16\/100\n|-damage|p2a: Iron Jugulis|1\/100|[from] item: Life Orb\n|move|p1a: Zapdos|Volt Switch|p2a: Iron Jugulis\n|-supereffective|p2a: Iron Jugulis\n|-damage|p2a: Iron Jugulis|0 fnt\n|faint|p2a: Iron Jugulis\n|-end|p2a: Iron Jugulis|Quark Drive|[silent]\n|\n|win|Shotokekipurin\n|c|\u2606TrulyAtrocious|oh\n|c|\u2606TrulyAtrocious|lol\n|c|\u2606Shotokekipurin|Ggwp\n|c|\u2606TrulyAtrocious|gg\n|c|\u2606Shotokekipurin|Bulky zap\n|c|\u2606Shotokekipurin|Great games! You're suoer good lol\n|c|\u2606Shotokekipurin|Super*\n","uploadtime":1699756893,"views":11,"p1id":"shotokekipurin","p2id":"trulyatrocious","formatid":"gen9ou","rating":0,"private":0,"password":""}