{"id":"radicalred-gen9ou-546508","p1":"Eggward807","p2":"Mr cyphon","format":"[Gen 9] OU","log":"|j|\u2606Eggward807\n|j|\u2606Mr cyphon\n|t:|1699992573\n|gametype|singles\n|player|p1|Eggward807|rr-tapufini|\n|player|p2|Mr cyphon|gambler|\n|teamsize|p1|6\n|teamsize|p2|6\n|gen|9\n|tier|[Gen 9] OU\n|rule|Sleep Clause Mod: Limit one foe put to sleep\n|rule|Species Clause: Limit one of each Pok\u00e9mon\n|rule|OHKO Clause: OHKO moves are banned\n|rule|Evasion Abilities Clause: Evasion abilities are banned\n|rule|Evasion Items Clause: Evasion items are banned\n|rule|Evasion Moves Clause: Evasion moves are banned\n|rule|Endless Battle Clause: Forcing endless battles is banned\n|rule|HP Percentage Mod: HP is shown in percentages\n|rule|Dynamax Clause: You cannot dynamax\n|clearpoke\n|poke|p1|Electrode|\n|poke|p1|Marowak, F|\n|poke|p1|Kingler, M|\n|poke|p1|Typhlosion-Hisui, M|\n|poke|p1|Spidops, M|\n|poke|p1|Jumpluff, M|\n|poke|p2|Meloetta|\n|poke|p2|Runerigus, M|\n|poke|p2|Araquanid, M|\n|poke|p2|Jolteon, F|\n|poke|p2|Silvally-*|\n|poke|p2|Kingler, F|\n|teampreview\n|\n|t:|1699992586\n|start\n|switch|p1a: Marowak|Marowak, F, shiny|100\/100\n|switch|p2a: Araquanid|Araquanid, M|100\/100\n|turn|1\n|\n|t:|1699992608\n|move|p1a: Marowak|Bonemerang|p2a: Araquanid\n|-resisted|p2a: Araquanid\n|-damage|p2a: Araquanid|66\/100\n|-resisted|p2a: Araquanid\n|-damage|p2a: Araquanid|31\/100\n|-hitcount|p2a: Araquanid|2\n|move|p2a: Araquanid|Sticky Web|p1a: Marowak\n|-sidestart|p1: Eggward807|move: Sticky Web\n|\n|upkeep\n|turn|2\n|\n|t:|1699992614\n|move|p1a: Marowak|Iron Head|p2a: Araquanid\n|-resisted|p2a: Araquanid\n|-damage|p2a: Araquanid|11\/100\n|move|p2a: Araquanid|Wave Crash|p1a: Marowak\n|-supereffective|p1a: Marowak\n|-damage|p1a: Marowak|0 fnt\n|faint|p1a: Marowak\n|-damage|p2a: Araquanid|0 fnt|[from] Recoil\n|faint|p2a: Araquanid\n|\n|upkeep\n|j| This'llbeyourwin\n|c|\u2606Eggward807|bruh\n|\n|t:|1699992621\n|switch|p1a: Spidops|Spidops, M|100\/100\n|switch|p2a: Kingler|Kingler, F|100\/100\n|-activate|p1a: Spidops|move: Sticky Web\n|-unboost|p1a: Spidops|spe|1\n|turn|3\n|\n|t:|1699992625\n|move|p1a: Spidops|Sucker Punch||[still]\n|-fail|p1a: Spidops\n|move|p2a: Kingler|Swords Dance|p2a: Kingler\n|-boost|p2a: Kingler|atk|2\n|\n|upkeep\n|turn|4\n|\n|t:|1699992629\n|move|p2a: Kingler|Swords Dance|p2a: Kingler\n|-boost|p2a: Kingler|atk|2\n|move|p1a: Spidops|Sticky Web|p2a: Kingler\n|-sidestart|p2: Mr cyphon|move: Sticky Web\n|\n|upkeep\n|turn|5\n|c|\u2606Eggward807|i didnt mean to do that\n|c|\u2606Eggward807|well\n|\n|t:|1699992637\n|move|p2a: Kingler|Liquidation|p1a: Spidops\n|-enditem|p1a: Spidops|Focus Sash\n|-damage|p1a: Spidops|1\/100\n|move|p1a: Spidops|Circle Throw|p2a: Kingler\n|-damage|p2a: Kingler|83\/100\n|drag|p2a: Meloetta|Meloetta|100\/100\n|-activate|p2a: Meloetta|move: Sticky Web\n|-unboost|p2a: Meloetta|spe|1\n|\n|upkeep\n|turn|6\n|\n|t:|1699992651\n|move|p1a: Spidops|Sucker Punch|p2a: Meloetta\n|-supereffective|p2a: Meloetta\n|-crit|p2a: Meloetta\n|-damage|p2a: Meloetta|35\/100\n|move|p2a: Meloetta|Relic Song|p1a: Spidops\n|-damage|p1a: Spidops|0 fnt\n|faint|p1a: Spidops\n|-formechange|p2a: Meloetta|Meloetta-Pirouette|[msg]\n|\n|upkeep\n|\n|t:|1699992658\n|switch|p1a: Kingler|Kingler, M|100\/100\n|-activate|p1a: Kingler|move: Sticky Web\n|-unboost|p1a: Kingler|spe|1\n|turn|7\n|\n|t:|1699992669\n|move|p2a: Meloetta|Body Slam|p1a: Kingler\n|-damage|p1a: Kingler|60\/100\n|move|p1a: Kingler|Agility|p1a: Kingler\n|-boost|p1a: Kingler|spe|2\n|\n|upkeep\n|turn|8\n|c|\u2606Eggward807|hi pocket\n|c|\u2606Eggward807|oh wait\n|c|\u2606Eggward807|haha\n|\n|t:|1699992683\n|move|p1a: Kingler|Agility|p1a: Kingler\n|-boost|p1a: Kingler|spe|2\n|move|p2a: Meloetta|Body Slam|p1a: Kingler\n|-damage|p1a: Kingler|16\/100\n|-status|p1a: Kingler|par\n|\n|upkeep\n|turn|9\n|\n|t:|1699992688\n|cant|p1a: Kingler|par\n|move|p2a: Meloetta|Close Combat|p1a: Kingler\n|-damage|p1a: Kingler|0 fnt\n|-unboost|p2a: Meloetta|def|1\n|-unboost|p2a: Meloetta|spd|1\n|faint|p1a: Kingler\n|\n|upkeep\n|c|\u2606Eggward807|bruh\n|\n|t:|1699992699\n|switch|p1a: Jumpluff|Jumpluff, M, shiny|100\/100\n|turn|10\n|\n|t:|1699992717\n|move|p1a: Jumpluff|Leaf Blade|p2a: Meloetta\n|-damage|p2a: Meloetta|0 fnt\n|faint|p2a: Meloetta\n|\n|upkeep\n|\n|t:|1699992720\n|switch|p2a: Silvally|Silvally-Dragon|100\/100\n|-activate|p2a: Silvally|move: Sticky Web\n|-unboost|p2a: Silvally|spe|1\n|turn|11\n|\n|t:|1699992735\n|move|p1a: Jumpluff|Sleep Powder|p2a: Silvally\n|-status|p2a: Silvally|slp|[from] move: Sleep Powder\n|cant|p2a: Silvally|slp\n|\n|upkeep\n|turn|12\n|\n|t:|1699992739\n|move|p1a: Jumpluff|Leech Seed|p2a: Silvally\n|-start|p2a: Silvally|move: Leech Seed\n|-curestatus|p2a: Silvally|slp|[msg]\n|move|p2a: Silvally|Defog|p1a: Jumpluff\n|-unboost|p1a: Jumpluff|evasion|1\n|-sideend|p1: Eggward807|Sticky Web|[from] move: Defog|[of] p2a: Silvally\n|-sideend|p2: Mr cyphon|Sticky Web|[from] move: Defog|[of] p2a: Silvally\n|\n|-damage|p2a: Silvally|88\/100|[from] Leech Seed|[of] p1a: Jumpluff\n|upkeep\n|turn|13\n|\n|t:|1699992744\n|move|p1a: Jumpluff|Sleep Powder|p2a: Silvally\n|-status|p2a: Silvally|slp|[from] move: Sleep Powder\n|cant|p2a: Silvally|slp\n|\n|-heal|p2a: Silvally|94\/100 slp|[from] item: Leftovers\n|-damage|p2a: Silvally|82\/100 slp|[from] Leech Seed|[of] p1a: Jumpluff\n|upkeep\n|turn|14\n|\n|t:|1699992746\n|move|p1a: Jumpluff|Leaf Blade|p2a: Silvally\n|-resisted|p2a: Silvally\n|-damage|p2a: Silvally|67\/100 slp\n|cant|p2a: Silvally|slp\n|\n|-heal|p2a: Silvally|74\/100 slp|[from] item: Leftovers\n|-damage|p2a: Silvally|61\/100 slp|[from] Leech Seed|[of] p1a: Jumpluff\n|upkeep\n|turn|15\n|\n|t:|1699992750\n|move|p1a: Jumpluff|Double-Edge|p2a: Silvally\n|-damage|p2a: Silvally|8\/100 slp\n|-damage|p1a: Jumpluff|82\/100|[from] Recoil\n|cant|p2a: Silvally|slp\n|\n|-heal|p2a: Silvally|14\/100 slp|[from] item: Leftovers\n|-damage|p2a: Silvally|2\/100 slp|[from] Leech Seed|[of] p1a: Jumpluff\n|-heal|p1a: Jumpluff|95\/100|[silent]\n|upkeep\n|turn|16\n|\n|t:|1699992755\n|move|p1a: Jumpluff|Leaf Blade|p2a: Silvally\n|-resisted|p2a: Silvally\n|-damage|p2a: Silvally|0 fnt\n|faint|p2a: Silvally\n|\n|upkeep\n|\n|t:|1699992761\n|switch|p2a: Jolteon|Jolteon, F|100\/100\n|turn|17\n|j| LucasXGames\n|\n|t:|1699992767\n|move|p2a: Jolteon|Thunderbolt|p1a: Jumpluff\n|-damage|p1a: Jumpluff|46\/100\n|move|p1a: Jumpluff|Sleep Powder|p2a: Jolteon\n|-status|p2a: Jolteon|slp|[from] move: Sleep Powder\n|\n|upkeep\n|turn|18\n|l| LucasXGames\n|\n|t:|1699992771\n|cant|p2a: Jolteon|slp\n|move|p1a: Jumpluff|Leech Seed|p2a: Jolteon\n|-start|p2a: Jolteon|move: Leech Seed\n|\n|-damage|p2a: Jolteon|88\/100 slp|[from] Leech Seed|[of] p1a: Jumpluff\n|-heal|p1a: Jumpluff|57\/100|[silent]\n|upkeep\n|turn|19\n|\n|t:|1699992774\n|-curestatus|p2a: Jolteon|slp|[msg]\n|move|p2a: Jolteon|Thunderbolt|p1a: Jumpluff\n|-crit|p1a: Jumpluff\n|-damage|p1a: Jumpluff|0 fnt\n|faint|p1a: Jumpluff\n|\n|-heal|p2a: Jolteon|94\/100|[from] item: Leftovers\n|upkeep\n|\n|t:|1699992779\n|switch|p1a: Typhlosion|Typhlosion-Hisui, M, shiny|100\/100\n|turn|20\n|\n|t:|1699992782\n|move|p2a: Jolteon|Thunderbolt|p1a: Typhlosion\n|-crit|p1a: Typhlosion\n|-damage|p1a: Typhlosion|28\/100\n|move|p1a: Typhlosion|Eruption|p2a: Jolteon\n|-damage|p2a: Jolteon|54\/100\n|\n|-heal|p2a: Jolteon|60\/100|[from] item: Leftovers\n|-damage|p2a: Jolteon|48\/100|[from] Leech Seed|[of] p1a: Typhlosion\n|-heal|p1a: Typhlosion|39\/100|[silent]\n|upkeep\n|turn|21\n|c|\u2606Eggward807|stop getting crits\n|\n|t:|1699992794\n|move|p1a: Typhlosion|Quick Attack|p2a: Jolteon\n|-damage|p2a: Jolteon|33\/100\n|move|p2a: Jolteon|Thunderbolt|p1a: Typhlosion\n|-damage|p1a: Typhlosion|0 fnt\n|faint|p1a: Typhlosion\n|\n|-heal|p2a: Jolteon|39\/100|[from] item: Leftovers\n|upkeep\n|\n|t:|1699992800\n|switch|p1a: Electrode|Electrode, shiny|100\/100\n|-item|p1a: Electrode|Air Balloon\n|turn|22\n|c|\u2606Mr cyphon|never\n|\n|t:|1699992804\n|move|p2a: Jolteon|Hidden Power|p1a: Electrode\n|-damage|p1a: Electrode|75\/100\n|-enditem|p1a: Electrode|Air Balloon\n|move|p1a: Electrode|Flash Cannon|p2a: Jolteon\n|-resisted|p2a: Jolteon\n|-damage|p2a: Jolteon|26\/100\n|\n|-heal|p2a: Jolteon|31\/100|[from] item: Leftovers\n|-damage|p2a: Jolteon|19\/100|[from] Leech Seed|[of] p1a: Electrode\n|-heal|p1a: Electrode|86\/100|[silent]\n|upkeep\n|turn|23\n|\n|t:|1699992809\n|move|p2a: Jolteon|Thunderbolt|p1a: Electrode\n|-resisted|p1a: Electrode\n|-damage|p1a: Electrode|60\/100\n|move|p1a: Electrode|Tri Attack|p2a: Jolteon\n|-heal|p2a: Jolteon|44\/100|[from] ability: Volt Absorb|[of] p1a: Electrode\n|\n|-heal|p2a: Jolteon|50\/100|[from] item: Leftovers\n|-damage|p2a: Jolteon|38\/100|[from] Leech Seed|[of] p1a: Electrode\n|-heal|p1a: Electrode|71\/100|[silent]\n|upkeep\n|turn|24\n|\n|t:|1699992814\n|move|p2a: Jolteon|Thunderbolt|p1a: Electrode\n|-resisted|p1a: Electrode\n|-damage|p1a: Electrode|45\/100\n|move|p1a: Electrode|Focus Blast|p2a: Jolteon|[miss]\n|-miss|p1a: Electrode|p2a: Jolteon\n|\n|-heal|p2a: Jolteon|44\/100|[from] item: Leftovers\n|-damage|p2a: Jolteon|31\/100|[from] Leech Seed|[of] p1a: Electrode\n|-heal|p1a: Electrode|57\/100|[silent]\n|upkeep\n|turn|25\n|c|\u2606Eggward807|bro i swear\n|\n|t:|1699992822\n|move|p2a: Jolteon|Thunderbolt|p1a: Electrode\n|-resisted|p1a: Electrode\n|-damage|p1a: Electrode|31\/100\n|move|p1a: Electrode|Focus Blast|p2a: Jolteon\n|-damage|p2a: Jolteon|0 fnt\n|faint|p2a: Jolteon\n|\n|upkeep\n|\n|t:|1699992825\n|switch|p2a: Runerigus|Runerigus, M|100\/100\n|turn|26\n|\n|t:|1699992830\n|move|p1a: Electrode|Flash Cannon|p2a: Runerigus\n|-damage|p2a: Runerigus|93\/100\n|-unboost|p2a: Runerigus|spd|1\n|move|p2a: Runerigus|Poltergeist||[still]\n|-fail|p2a: Runerigus\n|\n|upkeep\n|turn|27\n|c|\u2606Eggward807|well\n|c|\u2606Mr cyphon|gg\n|c|\u2606Eggward807|that is the only attack that damages\n|\n|t:|1699992851\n|move|p1a: Electrode|Explosion|p2a: Runerigus\n|-immune|p2a: Runerigus\n|faint|p1a: Electrode\n|\n|win|Mr cyphon\n|l| This'llbeyourwin\n","uploadtime":1699992863,"views":16,"p1id":"eggward807","p2id":"mrcyphon","formatid":"gen9ou","rating":0,"private":0,"password":""}