{"id":"radicalred-gen9ou-551813","p1":"ludasboy","p2":"thegreenplant","format":"[Gen 9] OU","log":"|j|\u2606ludasboy\n|j|\u2606thegreenplant\n|t:|1701127871\n|gametype|singles\n|player|p1|ludasboy|2|1000\n|player|p2|thegreenplant|rr-sableyemega|1340\n|teamsize|p1|6\n|teamsize|p2|6\n|gen|9\n|tier|[Gen 9] OU\n|rated|\n|rule|Sleep Clause Mod: Limit one foe put to sleep\n|rule|Species Clause: Limit one of each Pok\u00e9mon\n|rule|OHKO Clause: OHKO moves are banned\n|rule|Evasion Abilities Clause: Evasion abilities are banned\n|rule|Evasion Items Clause: Evasion items are banned\n|rule|Evasion Moves Clause: Evasion moves are banned\n|rule|Endless Battle Clause: Forcing endless battles is banned\n|rule|HP Percentage Mod: HP is shown in percentages\n|rule|Dynamax Clause: You cannot dynamax\n|clearpoke\n|poke|p1|Beedrill, F|\n|poke|p1|Dragapult, F|\n|poke|p1|Meowscarada, M|\n|poke|p1|Greninja-*, M|\n|poke|p1|Typhlosion, F|\n|poke|p1|Jolteon, M|\n|poke|p2|Diancie|\n|poke|p2|Donphan, M|\n|poke|p2|Floatzel, F|\n|poke|p2|Gorebyss, F|\n|poke|p2|Leavanny, M|\n|poke|p2|Glimmora, M|\n|teampreview\n|inactive|Battle timer is ON: inactive players will automatically lose when time's up. (requested by ludasboy)\n|\n|t:|1701127883\n|start\n|switch|p1a: Typhlosion|Typhlosion, F|100\/100\n|switch|p2a: Leavanny|Leavanny, M|100\/100\n|turn|1\n|\n|t:|1701127901\n|move|p1a: Typhlosion|Hidden Power|p2a: Leavanny\n|-resisted|p2a: Leavanny\n|-damage|p2a: Leavanny|92\/100\n|move|p2a: Leavanny|Pounce|p1a: Typhlosion\n|-resisted|p1a: Typhlosion\n|-damage|p1a: Typhlosion|83\/100\n|-unboost|p1a: Typhlosion|spe|1\n|\n|upkeep\n|turn|2\n|j| Mr cyphon\n|\n|t:|1701127915\n|switch|p1a: Meowscarada|Meowscarada, M|100\/100\n|move|p2a: Leavanny|Sticky Web|p1a: Meowscarada\n|-sidestart|p1: ludasboy|move: Sticky Web\n|\n|upkeep\n|turn|3\n|\n|t:|1701127925\n|move|p1a: Meowscarada|Play Rough|p2a: Leavanny\n|-start|p1a: Meowscarada|typechange|Fairy|[from] ability: Protean\n|-damage|p2a: Leavanny|15\/100\n|-damage|p1a: Meowscarada|91\/100|[from] item: Life Orb\n|move|p2a: Leavanny|Pounce|p1a: Meowscarada\n|-resisted|p1a: Meowscarada\n|-damage|p1a: Meowscarada|74\/100\n|-unboost|p1a: Meowscarada|spe|1\n|\n|upkeep\n|turn|4\n|\n|t:|1701127936\n|move|p1a: Meowscarada|Sucker Punch|p2a: Leavanny\n|-start|p1a: Meowscarada|typechange|Dark|[from] ability: Protean\n|-damage|p2a: Leavanny|0 fnt\n|faint|p2a: Leavanny\n|-damage|p1a: Meowscarada|64\/100|[from] item: Life Orb\n|\n|upkeep\n|\n|t:|1701127954\n|switch|p2a: Floatzel|Floatzel, F|100\/100\n|turn|5\n|\n|t:|1701127971\n|move|p1a: Meowscarada|Sucker Punch|p2a: Floatzel\n|-damage|p2a: Floatzel|29\/100\n|-damage|p1a: Meowscarada|54\/100|[from] item: Life Orb\n|move|p2a: Floatzel|Flip Turn|p1a: Meowscarada\n|-damage|p1a: Meowscarada|0 fnt\n|faint|p1a: Meowscarada\n|\n|t:|1701127976\n|switch|p2a: Glimmora|Glimmora, M|100\/100|[from] Flip Turn\n|\n|upkeep\n|\n|t:|1701127980\n|switch|p1a: Beedrill|Beedrill, F|100\/100\n|-activate|p1a: Beedrill|move: Sticky Web\n|-unboost|p1a: Beedrill|spe|1\n|turn|6\n|\n|t:|1701127985\n|detailschange|p1a: Beedrill|Beedrill-Mega, F\n|-mega|p1a: Beedrill|Beedrill|Beedrillite\n|move|p1a: Beedrill|Drill Run|p2a: Glimmora\n|-supereffective|p2a: Glimmora\n|-enditem|p2a: Glimmora|Focus Sash\n|-damage|p2a: Glimmora|1\/100\n|-activate|p2a: Glimmora|ability: Toxic Debris\n|-sidestart|p1: ludasboy|move: Toxic Spikes\n|move|p2a: Glimmora|Earth Power|p1a: Beedrill\n|-damage|p1a: Beedrill|46\/100\n|\n|upkeep\n|turn|7\n|\n|t:|1701128000\n|move|p1a: Beedrill|Throat Chop|p2a: Glimmora\n|-damage|p2a: Glimmora|0 fnt\n|-activate|p2a: Glimmora|ability: Toxic Debris\n|-sidestart|p1: ludasboy|move: Toxic Spikes\n|faint|p2a: Glimmora\n|\n|upkeep\n|\n|t:|1701128005\n|switch|p2a: Tiny tusk|Donphan, M|100\/100\n|turn|8\n|\n|t:|1701128013\n|move|p1a: Beedrill|Drill Run|p2a: Tiny tusk\n|-damage|p2a: Tiny tusk|77\/100\n|move|p2a: Tiny tusk|Bonemerang|p1a: Beedrill\n|-damage|p1a: Beedrill|0 fnt\n|faint|p1a: Beedrill\n|-hitcount|p1: Beedrill|1\n|\n|-heal|p2a: Tiny tusk|83\/100|[from] item: Leftovers\n|upkeep\n|\n|t:|1701128020\n|switch|p1a: Greninja|Greninja, M|100\/100\n|-activate|p1a: Greninja|move: Sticky Web\n|-unboost|p1a: Greninja|spe|1\n|-status|p1a: Greninja|tox\n|turn|9\n|\n|t:|1701128026\n|switch|p2a: Floatzel|Floatzel, F|29\/100\n|move|p1a: Greninja|Scald|p2a: Floatzel\n|-resisted|p2a: Floatzel\n|-damage|p2a: Floatzel|0 fnt\n|faint|p2a: Floatzel\n|-activate|p1a: Greninja|ability: Battle Bond\n|detailschange|p1a: Greninja|Greninja-Ash, M\n|-damage|p1a: Greninja|91\/100 tox|[from] item: Life Orb\n|\n|-damage|p1a: Greninja|85\/100 tox|[from] psn\n|upkeep\n|\n|t:|1701128028\n|switch|p2a: MATERIAL GWORL \u2728\ud83d\udc85|Gorebyss, F|100\/100\n|turn|10\n|\n|t:|1701128051\n|switch|p1a: Typhlosion|Typhlosion, F|83\/100\n|-status|p1a: Typhlosion|tox\n|-activate|p1a: Typhlosion|move: Sticky Web\n|-unboost|p1a: Typhlosion|spe|1\n|move|p2a: MATERIAL GWORL \u2728\ud83d\udc85|Shell Smash|p2a: MATERIAL GWORL \u2728\ud83d\udc85\n|-unboost|p2a: MATERIAL GWORL \u2728\ud83d\udc85|def|1\n|-unboost|p2a: MATERIAL GWORL \u2728\ud83d\udc85|spd|1\n|-boost|p2a: MATERIAL GWORL \u2728\ud83d\udc85|atk|2\n|-boost|p2a: MATERIAL GWORL \u2728\ud83d\udc85|spa|2\n|-boost|p2a: MATERIAL GWORL \u2728\ud83d\udc85|spe|2\n|\n|-damage|p1a: Typhlosion|77\/100 tox|[from] psn\n|upkeep\n|turn|11\n|c|\u2606ludasboy|ive made a mistake it seems\n|inactive|ludasboy has 120 seconds left.\n|\n|t:|1701128073\n|move|p2a: MATERIAL GWORL \u2728\ud83d\udc85|Shell Smash|p2a: MATERIAL GWORL \u2728\ud83d\udc85\n|-unboost|p2a: MATERIAL GWORL \u2728\ud83d\udc85|def|1\n|-unboost|p2a: MATERIAL GWORL \u2728\ud83d\udc85|spd|1\n|-boost|p2a: MATERIAL GWORL \u2728\ud83d\udc85|atk|2\n|-boost|p2a: MATERIAL GWORL \u2728\ud83d\udc85|spa|2\n|-boost|p2a: MATERIAL GWORL \u2728\ud83d\udc85|spe|2\n|move|p1a: Typhlosion|Hidden Power|p2a: MATERIAL GWORL \u2728\ud83d\udc85\n|-supereffective|p2a: MATERIAL GWORL \u2728\ud83d\udc85\n|-enditem|p2a: MATERIAL GWORL \u2728\ud83d\udc85|Focus Sash\n|-damage|p2a: MATERIAL GWORL \u2728\ud83d\udc85|1\/100\n|\n|-damage|p1a: Typhlosion|65\/100 tox|[from] psn\n|upkeep\n|turn|12\n|c|\u2606thegreenplant|GG\n|inactive|ludasboy has 120 seconds left.\n|\n|t:|1701128085\n|move|p2a: MATERIAL GWORL \u2728\ud83d\udc85|Surf|p1a: Typhlosion\n|-supereffective|p1a: Typhlosion\n|-damage|p1a: Typhlosion|0 fnt\n|faint|p1a: Typhlosion\n|\n|upkeep\n|\n|t:|1701128089\n|switch|p1a: Greninja|Greninja-Ash, M|85\/100 tox\n|-activate|p1a: Greninja|move: Sticky Web\n|-unboost|p1a: Greninja|spe|1\n|turn|13\n|\n|t:|1701128094\n|move|p1a: Greninja|Water Shuriken||[still]\n|cant|p2a: MATERIAL GWORL \u2728\ud83d\udc85|ability: Dazzling|Water Shuriken|[of] p1a: Greninja\n|move|p2a: MATERIAL GWORL \u2728\ud83d\udc85|Moonblast|p1a: Greninja\n|-supereffective|p1a: Greninja\n|-damage|p1a: Greninja|0 fnt\n|faint|p1a: Greninja\n|\n|upkeep\n|\n|t:|1701128104\n|switch|p1a: Dragapult|Dragapult, F|100\/100\n|-status|p1a: Dragapult|tox\n|-activate|p1a: Dragapult|move: Sticky Web\n|-unboost|p1a: Dragapult|spe|1\n|turn|14\n|c|\u2606ludasboy|gg\n|-message|ludasboy forfeited.\n|\n|win|thegreenplant\n|raw|ludasboy's rating: 1000 &rarr; <strong>1000<\/strong><br \/>(+0 for losing)\n|raw|thegreenplant's rating: 1340 &rarr; <strong>1344<\/strong><br \/>(+4 for winning)\n|l|\u2606ludasboy\n","uploadtime":1701128120,"views":2,"p1id":"ludasboy","p2id":"thegreenplant","formatid":"gen9ou","rating":0,"private":0,"password":""}