{"id":"radicalred-gen9ou-546435","p1":"michael213","p2":"Just B3A$T","format":"[Gen 9] OU","log":"|j|\u2606michael213\n|j|\u2606Just B3A$T\n|t:|1699984322\n|gametype|singles\n|player|p1|michael213|michael213.png|\n|player|p2|Just B3A$T|rr-dodrioseviian|\n|teamsize|p1|6\n|teamsize|p2|6\n|gen|9\n|tier|[Gen 9] OU\n|rule|Sleep Clause Mod: Limit one foe put to sleep\n|rule|Species Clause: Limit one of each Pok\u00e9mon\n|rule|OHKO Clause: OHKO moves are banned\n|rule|Evasion Abilities Clause: Evasion abilities are banned\n|rule|Evasion Items Clause: Evasion items are banned\n|rule|Evasion Moves Clause: Evasion moves are banned\n|rule|Endless Battle Clause: Forcing endless battles is banned\n|rule|HP Percentage Mod: HP is shown in percentages\n|rule|Dynamax Clause: You cannot dynamax\n|clearpoke\n|poke|p1|Keldeo-Resolute|\n|poke|p1|Mawile, F|\n|poke|p1|Infernape, F|\n|poke|p1|Gastrodon, M|\n|poke|p1|Zapdos|\n|poke|p1|Tapu Lele|\n|poke|p2|Weavile, F|\n|poke|p2|Scizor, M|\n|poke|p2|Rotom-Wash|\n|poke|p2|Tapu Bulu|\n|poke|p2|Tornadus-Therian, M|\n|poke|p2|Great Tusk|\n|teampreview\n|inactive|Battle timer is ON: inactive players will automatically lose when time's up. (requested by michael213)\n|inactive|Just B3A$T also wants the timer to be on.\n|c|\u2606Just B3A$T|oh boi\n|c|\u2606Just B3A$T|shitting bricks rn\n|j| Orbuznik\n|c| Orbuznik|forgot the link\n|c| Orbuznik|I'll send\n|inactive|michael213 has 270 seconds left.\n|inactive|Just B3A$T has 270 seconds left.\n|c|\u2606michael213|i got it \n|c| Orbuznik|mike did nvm\n|c| Orbuznik|beast\n|c| Orbuznik|win \n|c|\u2606Just B3A$T|true\n|inactive|michael213 has 240 seconds left.\n|\n|t:|1699984383\n|start\n|switch|p1a: Keldeo|Keldeo-Resolute, shiny|100\/100\n|switch|p2a: Lando-T who?|Great Tusk|100\/100\n|turn|1\n|\n|t:|1699984388\n|-end|p2a: Lando-T who?|Protosynthesis|[silent]\n|switch|p2a: washin!|Rotom-Wash|100\/100\n|move|p1a: Keldeo|Air Slash|p2a: washin!\n|-resisted|p2a: washin!\n|-damage|p2a: washin!|72\/100\n|\n|-heal|p2a: washin!|78\/100|[from] item: Leftovers\n|upkeep\n|turn|2\n|j| Mr cyphon\n|\n|t:|1699984394\n|switch|p1a: Gastrodon|Gastrodon, M|100\/100\n|move|p2a: washin!|Scald|p1a: Gastrodon\n|-ability|p1a: Gastrodon|Storm Drain|boost\n|-boost|p1a: Gastrodon|spa|1\n|\n|-heal|p2a: washin!|85\/100|[from] item: Leftovers\n|upkeep\n|turn|3\n|c|\u2606Just B3A$T|pain\n|\n|t:|1699984400\n|move|p2a: washin!|Toxic|p1a: Gastrodon\n|-status|p1a: Gastrodon|tox\n|move|p1a: Gastrodon|Scald|p2a: washin!\n|-resisted|p2a: washin!\n|-damage|p2a: washin!|64\/100\n|\n|-heal|p2a: washin!|70\/100|[from] item: Leftovers\n|-damage|p1a: Gastrodon|94\/100 tox|[from] psn\n|upkeep\n|turn|4\n|l| Mr cyphon\n|\n|t:|1699984404\n|move|p2a: washin!|Pain Split|p1a: Gastrodon\n|-sethp|p1a: Gastrodon|72\/100 tox|[from] move: Pain Split|[silent]\n|-sethp|p2a: washin!|100\/100|[from] move: Pain Split\n|move|p1a: Gastrodon|Stealth Rock|p2a: washin!\n|-sidestart|p2: Just B3A$T|move: Stealth Rock\n|\n|-heal|p1a: Gastrodon|78\/100 tox|[from] item: Leftovers\n|-damage|p1a: Gastrodon|66\/100 tox|[from] psn\n|upkeep\n|turn|5\n|\n|t:|1699984410\n|switch|p2a: now viable!|Tapu Bulu|100\/100\n|-damage|p2a: now viable!|88\/100|[from] Stealth Rock\n|-fieldstart|move: Grassy Terrain|[from] ability: Grassy Surge|[of] p2a: now viable!\n|move|p1a: Gastrodon|Recover|p1a: Gastrodon\n|-heal|p1a: Gastrodon|100\/100 tox\n|\n|-heal|p2a: now viable!|94\/100|[from] Grassy Terrain\n|-damage|p1a: Gastrodon|82\/100 tox|[from] psn\n|upkeep\n|turn|6\n|\n|t:|1699984415\n|switch|p1a: Zapdos|Zapdos|100\/100\n|move|p2a: now viable!|High Horsepower|p1a: Zapdos\n|-immune|p1a: Zapdos\n|\n|-heal|p2a: now viable!|99\/100|[from] Grassy Terrain\n|upkeep\n|turn|7\n|\n|t:|1699984421\n|switch|p2a: washin!|Rotom-Wash|100\/100\n|-damage|p2a: washin!|88\/100|[from] Stealth Rock\n|move|p1a: Zapdos|Hurricane|p2a: washin!|[miss]\n|-miss|p1a: Zapdos|p2a: washin!\n|\n|-heal|p2a: washin!|94\/100|[from] item: Leftovers\n|upkeep\n|turn|8\n|\n|t:|1699984428\n|move|p1a: Zapdos|Volt Switch|p2a: washin!\n|-damage|p2a: washin!|65\/100\n|j| Razorgliscor472\n|\n|t:|1699984430\n|switch|p1a: Gastrodon|Gastrodon, M|82\/100 tox|[from] Volt Switch\n|move|p2a: washin!|Volt Switch|p1a: Gastrodon\n|-immune|p1a: Gastrodon\n|\n|-heal|p2a: washin!|71\/100|[from] item: Leftovers\n|-heal|p1a: Gastrodon|88\/100 tox|[from] Grassy Terrain\n|-heal|p1a: Gastrodon|94\/100 tox|[from] item: Leftovers\n|-damage|p1a: Gastrodon|88\/100 tox|[from] psn\n|upkeep\n|turn|9\n|\n|t:|1699984432\n|move|p2a: washin!|Pain Split|p1a: Gastrodon\n|-sethp|p1a: Gastrodon|70\/100 tox|[from] move: Pain Split|[silent]\n|-sethp|p2a: washin!|97\/100|[from] move: Pain Split\n|move|p1a: Gastrodon|Toxic|p2a: washin!\n|-status|p2a: washin!|tox\n|\n|-heal|p2a: washin!|100\/100 tox|[from] item: Leftovers\n|-heal|p1a: Gastrodon|76\/100 tox|[from] Grassy Terrain\n|-heal|p1a: Gastrodon|82\/100 tox|[from] item: Leftovers\n|-damage|p2a: washin!|94\/100 tox|[from] psn\n|-damage|p1a: Gastrodon|70\/100 tox|[from] psn\n|-fieldend|move: Grassy Terrain\n|upkeep\n|turn|10\n|\n|t:|1699984436\n|switch|p2a: Lando-T who?|Great Tusk|100\/100\n|-damage|p2a: Lando-T who?|98\/100|[from] Stealth Rock\n|move|p1a: Gastrodon|Recover|p1a: Gastrodon\n|-heal|p1a: Gastrodon|100\/100 tox\n|\n|-heal|p2a: Lando-T who?|100\/100|[from] item: Leftovers\n|-damage|p1a: Gastrodon|82\/100 tox|[from] psn\n|upkeep\n|turn|11\n|\n|t:|1699984440\n|switch|p1a: Zapdos|Zapdos|100\/100\n|move|p2a: Lando-T who?|Rapid Spin|p1a: Zapdos\n|-damage|p1a: Zapdos|90\/100\n|-boost|p2a: Lando-T who?|spe|1\n|-sideend|p2: Just B3A$T|Stealth Rock|[from] move: Rapid Spin|[of] p2a: Lando-T who?\n|\n|upkeep\n|turn|12\n|\n|t:|1699984446\n|-end|p2a: Lando-T who?|Protosynthesis|[silent]\n|switch|p2a: washin!|Rotom-Wash|94\/100 tox\n|move|p1a: Zapdos|Hurricane|p2a: washin!\n|-resisted|p2a: washin!\n|-damage|p2a: washin!|69\/100 tox\n|-start|p2a: washin!|confusion\n|\n|-heal|p2a: washin!|75\/100 tox|[from] item: Leftovers\n|-damage|p2a: washin!|69\/100 tox|[from] psn\n|upkeep\n|turn|13\n|\n|t:|1699984450\n|move|p1a: Zapdos|Volt Switch|p2a: washin!\n|-damage|p2a: washin!|40\/100 tox\n|\n|t:|1699984453\n|switch|p1a: Gastrodon|Gastrodon, M|82\/100 tox|[from] Volt Switch\n|-activate|p2a: washin!|confusion\n|move|p2a: washin!|Pain Split|p1a: Gastrodon\n|-sethp|p1a: Gastrodon|55\/100 tox|[from] move: Pain Split|[silent]\n|-sethp|p2a: washin!|77\/100 tox|[from] move: Pain Split\n|\n|-heal|p2a: washin!|83\/100 tox|[from] item: Leftovers\n|-heal|p1a: Gastrodon|61\/100 tox|[from] item: Leftovers\n|-damage|p2a: washin!|71\/100 tox|[from] psn\n|-damage|p1a: Gastrodon|55\/100 tox|[from] psn\n|upkeep\n|turn|14\n|\n|t:|1699984456\n|switch|p2a: Bird Up!|Tornadus-Therian, M|100\/100\n|move|p1a: Gastrodon|Recover|p1a: Gastrodon\n|-heal|p1a: Gastrodon|100\/100 tox\n|\n|-damage|p1a: Gastrodon|88\/100 tox|[from] psn\n|upkeep\n|turn|15\n|\n|t:|1699984459\n|move|p2a: Bird Up!|Bleakwind Storm|p1a: Gastrodon\n|-damage|p1a: Gastrodon|51\/100 tox\n|move|p1a: Gastrodon|Toxic|p2a: Bird Up!\n|-status|p2a: Bird Up!|tox\n|\n|-heal|p1a: Gastrodon|58\/100 tox|[from] item: Leftovers\n|-damage|p2a: Bird Up!|94\/100 tox|[from] psn\n|-damage|p1a: Gastrodon|39\/100 tox|[from] psn\n|upkeep\n|turn|16\n|\n|t:|1699984467\n|move|p2a: Bird Up!|Bleakwind Storm|p1a: Gastrodon|[miss]\n|-miss|p2a: Bird Up!|p1a: Gastrodon\n|move|p1a: Gastrodon|Recover|p1a: Gastrodon\n|-heal|p1a: Gastrodon|89\/100 tox\n|\n|-heal|p1a: Gastrodon|95\/100 tox|[from] item: Leftovers\n|-damage|p2a: Bird Up!|82\/100 tox|[from] psn\n|-damage|p1a: Gastrodon|71\/100 tox|[from] psn\n|upkeep\n|turn|17\n|\n|t:|1699984469\n|move|p2a: Bird Up!|Nasty Plot|p2a: Bird Up!\n|-boost|p2a: Bird Up!|spa|2\n|move|p1a: Gastrodon|Stealth Rock|p2a: Bird Up!\n|-sidestart|p2: Just B3A$T|move: Stealth Rock\n|\n|-heal|p1a: Gastrodon|77\/100 tox|[from] item: Leftovers\n|-damage|p2a: Bird Up!|64\/100 tox|[from] psn\n|-damage|p1a: Gastrodon|47\/100 tox|[from] psn\n|upkeep\n|turn|18\n|c|\u2606Just B3A$T|decisions\n|\n|t:|1699984487\n|move|p2a: Bird Up!|Bleakwind Storm|p1a: Gastrodon\n|-damage|p1a: Gastrodon|0 fnt\n|faint|p1a: Gastrodon\n|\n|-damage|p2a: Bird Up!|40\/100 tox|[from] psn\n|upkeep\n|\n|t:|1699984490\n|switch|p1a: Tapu Lele|Tapu Lele|100\/100\n|-fieldstart|move: Psychic Terrain|[from] ability: Psychic Surge|[of] p1a: Tapu Lele\n|turn|19\n|\n|t:|1699984494\n|switch|p2a: washin!|Rotom-Wash|71\/100 tox\n|-damage|p2a: washin!|58\/100 tox|[from] Stealth Rock\n|move|p1a: Tapu Lele|Psychic|p2a: washin!\n|-damage|p2a: washin!|0 fnt\n|faint|p2a: washin!\n|\n|upkeep\n|\n|t:|1699984498\n|switch|p2a: budget Genesect|Scizor, M|100\/100\n|-damage|p2a: budget Genesect|88\/100|[from] Stealth Rock\n|turn|20\n|c| Razorgliscor472|Huh????\n|c| Razorgliscor472|What was that play\n|c|\u2606Just B3A$T|idk\n|c|\u2606michael213|what \n|\n|t:|1699984504\n|switch|p1a: Zapdos|Zapdos|90\/100\n|detailschange|p2a: budget Genesect|Scizor-Mega, M\n|-mega|p2a: budget Genesect|Scizor|Scizorite\n|move|p2a: budget Genesect|Swords Dance|p2a: budget Genesect\n|-boost|p2a: budget Genesect|atk|2\n|\n|upkeep\n|turn|21\n|\n|t:|1699984509\n|move|p1a: Zapdos|Hurricane|p2a: budget Genesect\n|-damage|p2a: budget Genesect|50\/100\n|move|p2a: budget Genesect|U-turn|p1a: Zapdos\n|-resisted|p1a: Zapdos\n|-damage|p1a: Zapdos|65\/100\n|-status|p2a: budget Genesect|par|[from] ability: Static|[of] p1a: Zapdos\n|c|\u2606Just B3A$T|i am literally throwing\n|\n|t:|1699984523\n|switch|p2a: Vandal|Weavile, F|100\/100|[from] U-turn\n|-damage|p2a: Vandal|76\/100|[from] Stealth Rock\n|-ability|p2a: Vandal|Pressure\n|\n|upkeep\n|turn|22\n|\n|t:|1699984526\n|switch|p1a: Mawile|Mawile, F, shiny|100\/100\n|-ability|p1a: Mawile|Intimidate|boost\n|-unboost|p2a: Vandal|atk|1\n|move|p2a: Vandal|Triple Axel|p1a: Mawile\n|-resisted|p1a: Mawile\n|-damage|p1a: Mawile|92\/100\n|-resisted|p1a: Mawile\n|-damage|p1a: Mawile|78\/100\n|-hitcount|p1a: Mawile|2\n|\n|upkeep\n|turn|23\n|\n|t:|1699984533\n|switch|p2a: budget Genesect|Scizor-Mega, M|50\/100 par\n|-damage|p2a: budget Genesect|38\/100 par|[from] Stealth Rock\n|detailschange|p1a: Mawile|Mawile-Mega, F, shiny\n|-mega|p1a: Mawile|Mawile|Mawilite\n|move|p1a: Mawile|Double Iron Bash|p2a: budget Genesect\n|-resisted|p2a: budget Genesect\n|-damage|p2a: budget Genesect|19\/100 par\n|-resisted|p2a: budget Genesect\n|-damage|p2a: budget Genesect|1\/100 par\n|-hitcount|p2a: budget Genesect|2\n|\n|-fieldend|move: Psychic Terrain\n|upkeep\n|turn|24\n|\n|t:|1699984539\n|move|p1a: Mawile|Sucker Punch|p2a: budget Genesect\n|-damage|p2a: budget Genesect|0 fnt\n|faint|p2a: budget Genesect\n|\n|upkeep\n|\n|t:|1699984543\n|switch|p2a: Lando-T who?|Great Tusk|100\/100\n|-damage|p2a: Lando-T who?|98\/100|[from] Stealth Rock\n|turn|25\n|\n|t:|1699984546\n|switch|p1a: Zapdos|Zapdos|65\/100\n|move|p2a: Lando-T who?|Ice Spinner|p1a: Zapdos\n|-supereffective|p1a: Zapdos\n|-damage|p1a: Zapdos|33\/100\n|\n|-heal|p2a: Lando-T who?|100\/100|[from] item: Leftovers\n|upkeep\n|turn|26\n|\n|t:|1699984556\n|move|p1a: Zapdos|Roost|p1a: Zapdos\n|-heal|p1a: Zapdos|83\/100\n|-singleturn|p1a: Zapdos|move: Roost\n|move|p2a: Lando-T who?|Rapid Spin|p1a: Zapdos\n|-damage|p1a: Zapdos|71\/100\n|-boost|p2a: Lando-T who?|spe|1\n|-sideend|p2: Just B3A$T|Stealth Rock|[from] move: Rapid Spin|[of] p2a: Lando-T who?\n|\n|upkeep\n|turn|27\n|\n|t:|1699984562\n|-end|p2a: Lando-T who?|Protosynthesis|[silent]\n|switch|p2a: Bird Up!|Tornadus-Therian, M|73\/100 tox\n|move|p1a: Zapdos|Hurricane|p2a: Bird Up!\n|-damage|p2a: Bird Up!|13\/100 tox\n|\n|-damage|p2a: Bird Up!|7\/100 tox|[from] psn\n|upkeep\n|turn|28\n|\n|t:|1699984567\n|-zpower|p2a: Bird Up!\n|move|p2a: Bird Up!|Supersonic Skystrike|p1a: Zapdos|[zeffect]\n|-resisted|p1a: Zapdos\n|-damage|p1a: Zapdos|29\/100\n|move|p1a: Zapdos|Roost|p1a: Zapdos\n|-heal|p1a: Zapdos|79\/100\n|-singleturn|p1a: Zapdos|move: Roost\n|\n|-damage|p2a: Bird Up!|0 fnt|[from] psn\n|faint|p2a: Bird Up!\n|upkeep\n|c|\u2606Just B3A$T|kinda getting wrecked\n|\n|t:|1699984578\n|switch|p2a: Vandal|Weavile, F|76\/100\n|-ability|p2a: Vandal|Pressure\n|turn|29\n|\n|t:|1699984581\n|-activate|p1a: Zapdos|move: Pursuit\n|move|p2a: Vandal|Pursuit|p1a: Zapdos|[from]Pursuit\n|-damage|p1a: Zapdos|38\/100\n|switch|p1a: Mawile|Mawile-Mega, F, shiny|78\/100\n|\n|upkeep\n|turn|30\n|\n|t:|1699984587\n|switch|p2a: Lando-T who?|Great Tusk|100\/100\n|move|p1a: Mawile|Double Iron Bash|p2a: Lando-T who?\n|-damage|p2a: Lando-T who?|70\/100\n|-damage|p2a: Lando-T who?|43\/100\n|-hitcount|p2a: Lando-T who?|2\n|\n|-heal|p2a: Lando-T who?|49\/100|[from] item: Leftovers\n|upkeep\n|turn|31\n|\n|t:|1699984593\n|switch|p1a: Zapdos|Zapdos|38\/100\n|move|p2a: Lando-T who?|Stealth Rock|p1a: Zapdos\n|-sidestart|p1: michael213|move: Stealth Rock\n|\n|-heal|p2a: Lando-T who?|55\/100|[from] item: Leftovers\n|upkeep\n|turn|32\n|c| Orbuznik|I'm playing kingdom rush\n|\n|t:|1699984598\n|move|p1a: Zapdos|Roost|p1a: Zapdos\n|-heal|p1a: Zapdos|88\/100\n|-singleturn|p1a: Zapdos|move: Roost\n|move|p2a: Lando-T who?|Ice Spinner|p1a: Zapdos\n|-crit|p1a: Zapdos\n|-damage|p1a: Zapdos|62\/100\n|\n|-heal|p2a: Lando-T who?|61\/100|[from] item: Leftovers\n|upkeep\n|turn|33\n|c| Orbuznik|but it does not seem \n|\n|t:|1699984601\n|move|p1a: Zapdos|Defog|p2a: Lando-T who?\n|-unboost|p2a: Lando-T who?|evasion|1\n|-sideend|p1: michael213|Stealth Rock|[from] move: Defog|[of] p1a: Zapdos\n|move|p2a: Lando-T who?|Rapid Spin|p1a: Zapdos\n|-damage|p1a: Zapdos|51\/100\n|-boost|p2a: Lando-T who?|spe|1\n|\n|-heal|p2a: Lando-T who?|68\/100|[from] item: Leftovers\n|upkeep\n|turn|34\n|c| Orbuznik|like you're winning\n|\n|t:|1699984604\n|move|p2a: Lando-T who?|Ice Spinner|p1a: Zapdos\n|-supereffective|p1a: Zapdos\n|-damage|p1a: Zapdos|18\/100\n|move|p1a: Zapdos|Hurricane|p2a: Lando-T who?|[miss]\n|-miss|p1a: Zapdos|p2a: Lando-T who?\n|\n|-heal|p2a: Lando-T who?|74\/100|[from] item: Leftovers\n|upkeep\n|turn|35\n|c|\u2606michael213|bro wheres the para \n|c|\u2606Just B3A$T|idk\n|\n|t:|1699984611\n|move|p2a: Lando-T who?|Ice Spinner|p1a: Zapdos\n|-supereffective|p1a: Zapdos\n|-damage|p1a: Zapdos|0 fnt\n|faint|p1a: Zapdos\n|\n|-heal|p2a: Lando-T who?|80\/100|[from] item: Leftovers\n|upkeep\n|\n|t:|1699984613\n|switch|p1a: Tapu Lele|Tapu Lele|100\/100\n|-fieldstart|move: Psychic Terrain|[from] ability: Psychic Surge|[of] p1a: Tapu Lele\n|turn|36\n|\n|t:|1699984616\n|move|p1a: Tapu Lele|Moonblast|p2a: Lando-T who?\n|-supereffective|p2a: Lando-T who?\n|-damage|p2a: Lando-T who?|0 fnt\n|faint|p2a: Lando-T who?\n|-end|p2a: Lando-T who?|Protosynthesis|[silent]\n|\n|upkeep\n|c| Orbuznik|I ate it\n|\n|t:|1699984619\n|switch|p2a: now viable!|Tapu Bulu|99\/100\n|-fieldstart|move: Grassy Terrain|[from] ability: Grassy Surge|[of] p2a: now viable!\n|turn|37\n|c|\u2606michael213|gg\n|c| Orbuznik|win \n|\n|t:|1699984624\n|switch|p1a: Keldeo|Keldeo-Resolute, shiny|100\/100\n|move|p2a: now viable!|Grassy Glide|p1a: Keldeo\n|-supereffective|p1a: Keldeo\n|-damage|p1a: Keldeo|2\/100\n|\n|-heal|p1a: Keldeo|8\/100|[from] Grassy Terrain\n|-heal|p2a: now viable!|100\/100|[from] Grassy Terrain\n|upkeep\n|turn|38\n|c| Orbuznik|do it beast\n|\n|t:|1699984629\n|move|p2a: now viable!|Grassy Glide|p1a: Keldeo\n|-supereffective|p1a: Keldeo\n|-damage|p1a: Keldeo|0 fnt\n|faint|p1a: Keldeo\n|\n|upkeep\n|c| Orbuznik|(if you don't mind\n|\n|t:|1699984630\n|switch|p1a: Infernape|Infernape, F|100\/100\n|turn|39\n|c|\u2606Just B3A$T|this aint it\n|\n|t:|1699984640\n|-zpower|p1a: Infernape\n|move|p1a: Infernape|Inferno Overdrive|p2a: now viable!|[zeffect]\n|-supereffective|p2a: now viable!\n|-damage|p2a: now viable!|0 fnt\n|faint|p2a: now viable!\n|\n|upkeep\n|\n|t:|1699984643\n|switch|p2a: Vandal|Weavile, F|76\/100\n|-ability|p2a: Vandal|Pressure\n|turn|40\n|\n|t:|1699984650\n|move|p1a: Infernape|Mach Punch|p2a: Vandal\n|-supereffective|p2a: Vandal\n|-damage|p2a: Vandal|0 fnt\n|faint|p2a: Vandal\n|\n|win|michael213\n|c|\u2606Just B3A$T|round two\n|c|\u2606Just B3A$T|!!!\n|l| Razorgliscor472\n|l|\u2606Just B3A$T\n|l| Orbuznik\n","uploadtime":1699985052,"views":18,"p1id":"michael213","p2id":"justb3at","formatid":"gen9ou","rating":0,"private":0,"password":""}