{"id":"radicalred-gen9ou-552015","p1":"Mr cyphon","p2":"Eggward807","format":"[Gen 9] OU","log":"|j|\u2606Mr cyphon\n|j|\u2606Eggward807\n|t:|1701188604\n|gametype|singles\n|player|p1|Mr cyphon|rr-jirachi|\n|player|p2|Eggward807|rr-sprigatito|\n|teamsize|p1|6\n|teamsize|p2|6\n|gen|9\n|tier|[Gen 9] OU\n|rule|Sleep Clause Mod: Limit one foe put to sleep\n|rule|Species Clause: Limit one of each Pok\u00e9mon\n|rule|OHKO Clause: OHKO moves are banned\n|rule|Evasion Abilities Clause: Evasion abilities are banned\n|rule|Evasion Items Clause: Evasion items are banned\n|rule|Evasion Moves Clause: Evasion moves are banned\n|rule|Endless Battle Clause: Forcing endless battles is banned\n|rule|HP Percentage Mod: HP is shown in percentages\n|rule|Dynamax Clause: You cannot dynamax\n|clearpoke\n|poke|p1|Meganium, F|\n|poke|p1|Kabutops, F|\n|poke|p1|Goodra, F|\n|poke|p1|Palossand, F|\n|poke|p1|Simisear, F|\n|poke|p1|Galvantula, F|\n|poke|p2|Electrode|\n|poke|p2|Silvally-*|\n|poke|p2|Meganium, F|\n|poke|p2|Marowak, F|\n|poke|p2|Typhlosion-Hisui, F|\n|poke|p2|Spidops, F|\n|teampreview\n|c|\u2606Mr cyphon|have fun\n|c|\u2606Eggward807|i accidentally put ubers\n|\n|t:|1701188622\n|start\n|switch|p1a: Kabutops|Kabutops, F|100\/100\n|switch|p2a: spider man|Spidops, F, shiny|100\/100\n|turn|1\n|\n|t:|1701188629\n|move|p2a: spider man|Silk Trap|p2a: spider man\n|-singleturn|p2a: spider man|Protect\n|move|p1a: Kabutops|Stone Axe|p2a: spider man\n|-activate|p2a: spider man|move: Protect\n|-unboost|p1a: Kabutops|spe|1\n|\n|upkeep\n|turn|2\n|j| zekomedian\n|\n|t:|1701188635\n|move|p1a: Kabutops|Stone Axe|p2a: spider man\n|-supereffective|p2a: spider man\n|-damage|p2a: spider man|30\/100\n|-sidestart|p2: Eggward807|move: Stealth Rock\n|move|p2a: spider man|Sticky Web|p1a: Kabutops\n|-sidestart|p1: Mr cyphon|move: Sticky Web\n|\n|upkeep\n|turn|3\n|\n|t:|1701188638\n|move|p1a: Kabutops|Rapid Spin|p2a: spider man\n|-damage|p2a: spider man|17\/100\n|-boost|p1a: Kabutops|spe|1\n|-sideend|p1: Mr cyphon|Sticky Web|[from] move: Rapid Spin|[of] p1a: Kabutops\n|move|p2a: spider man|Spikes|p1a: Kabutops\n|-sidestart|p1: Mr cyphon|Spikes\n|\n|upkeep\n|turn|4\n|c| zekomedian|pu bers\n|\n|t:|1701188644\n|move|p1a: Kabutops|Rapid Spin|p2a: spider man\n|-damage|p2a: spider man|5\/100\n|-boost|p1a: Kabutops|spe|1\n|-sideend|p1: Mr cyphon|Spikes|[from] move: Rapid Spin|[of] p1a: Kabutops\n|move|p2a: spider man|Circle Throw|p1a: Kabutops\n|-supereffective|p1a: Kabutops\n|-damage|p1a: Kabutops|68\/100\n|drag|p1a: Simisear|Simisear, F|100\/100\n|\n|upkeep\n|turn|5\n|j|@Nexomaki\n|\n|t:|1701188650\n|move|p2a: spider man|Silk Trap|p2a: spider man\n|-singleturn|p2a: spider man|Protect\n|move|p1a: Simisear|Scorching Sands|p2a: spider man\n|-activate|p2a: spider man|move: Protect\n|\n|upkeep\n|turn|6\n|\n|t:|1701188654\n|switch|p1a: Galvantula|Galvantula, F|100\/100\n|move|p2a: spider man|Circle Throw|p1a: Galvantula\n|-resisted|p1a: Galvantula\n|-damage|p1a: Galvantula|77\/100\n|drag|p1a: Simisear|Simisear, F|100\/100\n|\n|upkeep\n|turn|7\n|j| donaldman\n|\n|t:|1701188660\n|move|p2a: spider man|Silk Trap|p2a: spider man\n|-singleturn|p2a: spider man|Protect\n|move|p1a: Simisear|Flamethrower|p2a: spider man\n|-activate|p2a: spider man|move: Protect\n|\n|upkeep\n|turn|8\n|\n|t:|1701188664\n|move|p1a: Simisear|Flamethrower|p2a: spider man\n|-supereffective|p2a: spider man\n|-damage|p2a: spider man|0 fnt\n|faint|p2a: spider man\n|\n|upkeep\n|c| zekomedian|double?\n|\n|t:|1701188669\n|switch|p2a: Blue Balls|Electrode, shiny|100\/100\n|-damage|p2a: Blue Balls|88\/100|[from] Stealth Rock\n|-item|p2a: Blue Balls|Air Balloon\n|turn|9\n|c|\u2606Mr cyphon|double?\n|\n|t:|1701188673\n|move|p2a: Blue Balls|Rain Dance|p2a: Blue Balls\n|-weather|RainDance\n|move|p1a: Simisear|Flamethrower|p2a: Blue Balls\n|-damage|p2a: Blue Balls|21\/100\n|-enditem|p2a: Blue Balls|Air Balloon\n|\n|-weather|RainDance|[upkeep]\n|upkeep\n|turn|10\n|c|\u2606Eggward807|what?\n|c|\u2606Mr cyphon|mmmm\n|j| johto2.4\n|c|\u2606Mr cyphon|makes no sense\n|c|\u2606Eggward807|what doublde\n|l| johto2.4\n|\n|t:|1701188695\n|switch|p1a: Goodra|Goodra, F|100\/100\n|move|p2a: Blue Balls|Weather Ball|p1a: Goodra\n|-resisted|p1a: Goodra\n|-damage|p1a: Goodra|91\/100\n|\n|-weather|RainDance|[upkeep]\n|-heal|p1a: Goodra|97\/100|[from] item: Leftovers\n|upkeep\n|turn|11\n|c| zekomedian|double strap\n|c|\u2606Mr cyphon|???\n|c|\u2606Eggward807|strap?\n|c|\u2606Eggward807|what\n|\n|t:|1701188721\n|move|p2a: Blue Balls|Tri Attack|p1a: Goodra\n|-resisted|p1a: Goodra\n|-damage|p1a: Goodra|85\/100\n|move|p1a: Goodra|Toxic|p2a: Blue Balls\n|-status|p2a: Blue Balls|tox\n|\n|-weather|RainDance|[upkeep]\n|-heal|p1a: Goodra|91\/100|[from] item: Leftovers\n|-damage|p2a: Blue Balls|15\/100 tox|[from] psn\n|upkeep\n|turn|12\n|c| zekomedian|silk trap\n|c|\u2606Eggward807|no\n|c|\u2606Eggward807|i used\n|j| moreno24\n|\n|t:|1701188731\n|move|p2a: Blue Balls|Tri Attack|p1a: Goodra\n|-resisted|p1a: Goodra\n|-damage|p1a: Goodra|80\/100\n|move|p1a: Goodra|Wish|p1a: Goodra\n|\n|-weather|RainDance|[upkeep]\n|-heal|p1a: Goodra|87\/100|[from] item: Leftovers\n|-damage|p2a: Blue Balls|3\/100 tox|[from] psn\n|upkeep\n|turn|13\n|c|\u2606Eggward807|circle throw\n|\n|t:|1701188738\n|switch|p1a: Galvantula|Galvantula, F|77\/100\n|move|p2a: Blue Balls|Tri Attack|p1a: Galvantula\n|-resisted|p1a: Galvantula\n|-damage|p1a: Galvantula|33\/100\n|-status|p1a: Galvantula|frz\n|\n|-weather|none\n|-heal|p1a: Galvantula|100\/100 frz|[from] move: Wish|[wisher] Goodra\n|-damage|p2a: Blue Balls|0 fnt|[from] psn\n|faint|p2a: Blue Balls\n|-damage|p1a: Galvantula|94\/100 frz|[from] frz\n|upkeep\n|c|\u2606Mr cyphon|omg\n|c|\u2606Eggward807|frostible is stupid\n|c| zekomedian|oh im on drugs\n|\n|t:|1701188757\n|switch|p2a: Typhlosion|Typhlosion-Hisui, F, shiny|100\/100\n|turn|14\n|c|@Nexomaki|its better than freeze\n|c| zekomedian|frostbite :heart emoji:\n|c| moreno24|hi\n|\n|t:|1701188763\n|move|p1a: Galvantula|Sticky Web|p2a: Typhlosion\n|-sidestart|p2: Eggward807|move: Sticky Web\n|move|p2a: Typhlosion|Eruption|p1a: Galvantula\n|-supereffective|p1a: Galvantula\n|-damage|p1a: Galvantula|0 fnt\n|faint|p1a: Galvantula\n|\n|upkeep\n|c| zekomedian|hi\n|\n|t:|1701188769\n|switch|p1a: Goodra|Goodra, F|87\/100\n|turn|15\n|\n|t:|1701188772\n|move|p2a: Typhlosion|Eruption|p1a: Goodra\n|-resisted|p1a: Goodra\n|-damage|p1a: Goodra|69\/100\n|move|p1a: Goodra|Toxic|p2a: Typhlosion\n|-status|p2a: Typhlosion|tox\n|\n|-heal|p1a: Goodra|75\/100|[from] item: Leftovers\n|-damage|p2a: Typhlosion|95\/100 tox|[from] psn\n|upkeep\n|turn|16\n|c| zekomedian|gooberdra\n|\n|t:|1701188779\n|switch|p2a: Meganium|Meganium, F, shiny|100\/100\n|-activate|p2a: Meganium|move: Sticky Web\n|-unboost|p2a: Meganium|spe|1\n|-damage|p2a: Meganium|88\/100|[from] Stealth Rock\n|move|p1a: Goodra|Wish|p1a: Goodra\n|\n|-heal|p1a: Goodra|81\/100|[from] item: Leftovers\n|upkeep\n|turn|17\n|\n|t:|1701188787\n|move|p1a: Goodra|Toxic|p2a: Meganium\n|-status|p2a: Meganium|tox\n|move|p2a: Meganium|Dazzling Gleam|p1a: Goodra\n|-supereffective|p1a: Goodra\n|-damage|p1a: Goodra|53\/100\n|\n|-heal|p1a: Goodra|100\/100|[from] move: Wish|[wisher] Goodra\n|-damage|p2a: Meganium|82\/100 tox|[from] psn\n|upkeep\n|turn|18\n|\n|t:|1701188791\n|move|p1a: Goodra|Flamethrower|p2a: Meganium\n|-supereffective|p2a: Meganium\n|-damage|p2a: Meganium|30\/100 tox\n|move|p2a: Meganium|Dazzling Gleam|p1a: Goodra\n|-supereffective|p1a: Goodra\n|-crit|p1a: Goodra\n|-damage|p1a: Goodra|58\/100\n|\n|-heal|p1a: Goodra|64\/100|[from] item: Leftovers\n|-damage|p2a: Meganium|18\/100 tox|[from] psn\n|upkeep\n|turn|19\n|\n|t:|1701188794\n|move|p1a: Goodra|Flamethrower|p2a: Meganium\n|-supereffective|p2a: Meganium\n|-damage|p2a: Meganium|0 fnt\n|faint|p2a: Meganium\n|\n|-heal|p1a: Goodra|70\/100|[from] item: Leftovers\n|upkeep\n|\n|t:|1701188796\n|switch|p2a: dead head|Marowak, F, shiny|100\/100\n|-damage|p2a: dead head|94\/100|[from] Stealth Rock\n|-activate|p2a: dead head|move: Sticky Web\n|-unboost|p2a: dead head|spe|1\n|turn|20\n|\n|t:|1701188800\n|move|p1a: Goodra|Wish|p1a: Goodra\n|move|p2a: dead head|Bonemerang|p1a: Goodra\n|-damage|p1a: Goodra|18\/100\n|-damage|p1a: Goodra|0 fnt\n|faint|p1a: Goodra\n|-hitcount|p1: Goodra|2\n|\n|upkeep\n|\n|t:|1701188803\n|switch|p1a: Kabutops|Kabutops, F|68\/100\n|turn|21\n|c|\u2606Eggward807|goodra is so annoying\n|c|\u2606Mr cyphon|yeah\n|\n|t:|1701188816\n|move|p1a: Kabutops|Razor Shell|p2a: dead head\n|-supereffective|p2a: dead head\n|-damage|p2a: dead head|0 fnt\n|faint|p2a: dead head\n|\n|-heal|p1a: Kabutops|100\/100|[from] move: Wish|[wisher] Goodra\n|upkeep\n|c| zekomedian|why would you keep goodra in\n|c|\u2606Eggward807|how come he is in PU\n|c|\u2606Eggward807|yeah\n|c| zekomedian|sack palo\n|c|\u2606Eggward807|add blastoise\n|\n|t:|1701188838\n|switch|p2a: Silvally|Silvally-Water, shiny|100\/100\n|-damage|p2a: Silvally|88\/100|[from] Stealth Rock\n|-activate|p2a: Silvally|move: Sticky Web\n|-unboost|p2a: Silvally|spe|1\n|turn|22\n|c|\u2606Mr cyphon|i kept goodra in so kabutops would be at full health\n|c| zekomedian|oh. fair enough\n|c|\u2606Mr cyphon|i'm not adding blastoise \n|\n|t:|1701188848\n|move|p1a: Kabutops|Stone Axe|p2a: Silvally\n|-damage|p2a: Silvally|38\/100\n|move|p2a: Silvally|Multi-Attack|p1a: Kabutops\n|-damage|p1a: Kabutops|14\/100\n|-damage|p2a: Silvally|28\/100|[from] item: Life Orb\n|\n|upkeep\n|turn|23\n|c|\u2606Eggward807|well\n|c| moreno24|wow\n|c|\u2606Eggward807|get rid of goodra\n|\n|t:|1701188863\n|move|p1a: Kabutops|Stone Axe|p2a: Silvally\n|-damage|p2a: Silvally|0 fnt\n|faint|p2a: Silvally\n|\n|upkeep\n|\n|t:|1701188866\n|switch|p2a: Typhlosion|Typhlosion-Hisui, F, shiny|95\/100 tox\n|turn|24\n|c|\u2606Mr cyphon|i can't do it on the fly\n|\n|t:|1701188871\n|move|p2a: Typhlosion|Fire Blast|p1a: Kabutops\n|-resisted|p1a: Kabutops\n|-damage|p1a: Kabutops|0 fnt\n|faint|p1a: Kabutops\n|\n|-damage|p2a: Typhlosion|89\/100 tox|[from] psn\n|upkeep\n|c| zekomedian|is this najigre stupid\n|\n|t:|1701188876\n|switch|p1a: Palossand|Palossand, F|100\/100\n|turn|25\n|c|\u2606Eggward807|you run it\n|\n|t:|1701188886\n|move|p2a: Typhlosion|Shadow Ball|p1a: Palossand\n|-supereffective|p1a: Palossand\n|-damage|p1a: Palossand|40\/100\n|-unboost|p1a: Palossand|spd|1\n|move|p1a: Palossand|Earth Power|p2a: Typhlosion\n|-supereffective|p2a: Typhlosion\n|-damage|p2a: Typhlosion|1\/100 tox\n|\n|-heal|p1a: Palossand|46\/100|[from] item: Leftovers\n|-damage|p2a: Typhlosion|0 fnt|[from] psn\n|faint|p2a: Typhlosion\n|\n|win|Mr cyphon\n|upkeep\n|c|\u2606Mr cyphon|gg\n|c|\u2606Eggward807|gg\n","uploadtime":1701188896,"views":8,"p1id":"mrcyphon","p2id":"eggward807","formatid":"gen9ou","rating":0,"private":0,"password":""}