{"id":"radicalred-gen9ou-545653","p1":"oscar3ro","p2":"nose xd123","format":"[Gen 9] OU","log":"|j|\u2606oscar3ro\n|j|\u2606nose xd123\n|t:|1699826063\n|gametype|singles\n|player|p1|oscar3ro|rr-cinderace|\n|player|p2|nose xd123|101|\n|teamsize|p1|6\n|teamsize|p2|6\n|gen|9\n|tier|[Gen 9] OU\n|rule|Sleep Clause Mod: Limit one foe put to sleep\n|rule|Species Clause: Limit one of each Pok\u00e9mon\n|rule|OHKO Clause: OHKO moves are banned\n|rule|Evasion Abilities Clause: Evasion abilities are banned\n|rule|Evasion Items Clause: Evasion items are banned\n|rule|Evasion Moves Clause: Evasion moves are banned\n|rule|Endless Battle Clause: Forcing endless battles is banned\n|rule|HP Percentage Mod: HP is shown in percentages\n|rule|Dynamax Clause: You cannot dynamax\n|clearpoke\n|poke|p1|Infernape, M|\n|poke|p1|Serperior, F|\n|poke|p1|Galvantula, F|\n|poke|p1|Machamp, M|\n|poke|p1|Greninja-*, M|\n|poke|p1|Great Tusk|\n|poke|p2|Kingambit, M|\n|poke|p2|Greninja-*, M|\n|poke|p2|Duraludon, M|\n|poke|p2|Grimmsnarl, M|\n|poke|p2|Alomomola, M|\n|poke|p2|Dodrio-Sevii, M|\n|teampreview\n|inactive|Battle timer is ON: inactive players will automatically lose when time's up. (requested by oscar3ro)\n|\n|t:|1699826072\n|start\n|switch|p1a: Galvantula|Galvantula, F|100\/100\n|switch|p2a: Grimmsnarl|Grimmsnarl, M|100\/100\n|turn|1\n|\n|t:|1699826076\n|move|p2a: Grimmsnarl|Taunt|p1a: Galvantula\n|-start|p1a: Galvantula|move: Taunt\n|cant|p1a: Galvantula|move: Taunt|Toxic\n|\n|upkeep\n|turn|2\n|\n|t:|1699826081\n|move|p2a: Grimmsnarl|Light Screen|p2a: Grimmsnarl\n|-sidestart|p2: nose xd123|move: Light Screen\n|move|p1a: Galvantula|Thunder|p2a: Grimmsnarl\n|-damage|p2a: Grimmsnarl|81\/100\n|\n|upkeep\n|turn|3\n|\n|t:|1699826085\n|move|p2a: Grimmsnarl|Parting Shot|p1a: Galvantula\n|-unboost|p1a: Galvantula|atk|1\n|-unboost|p1a: Galvantula|spa|1\n|\n|t:|1699826089\n|switch|p2a: Dodrio|Dodrio-Sevii, M|100\/100|[from] Parting Shot\n|move|p1a: Galvantula|Thunder|p2a: Dodrio\n|-immune|p2a: Dodrio\n|\n|-end|p1a: Galvantula|move: Taunt\n|upkeep\n|turn|4\n|\n|t:|1699826114\n|switch|p1a: Great Tusk|Great Tusk|100\/100\n|move|p2a: Dodrio|Flare Blitz|p1a: Great Tusk\n|-damage|p1a: Great Tusk|57\/100\n|-status|p1a: Great Tusk|brn\n|\n|-heal|p1a: Great Tusk|63\/100 brn|[from] item: Leftovers\n|-damage|p1a: Great Tusk|57\/100 brn|[from] brn\n|upkeep\n|turn|5\n|\n|t:|1699826117\n|switch|p2a: Grimmsnarl|Grimmsnarl, M|81\/100\n|move|p1a: Great Tusk|Headlong Rush|p2a: Grimmsnarl\n|-damage|p2a: Grimmsnarl|47\/100\n|-unboost|p1a: Great Tusk|def|1\n|-unboost|p1a: Great Tusk|spd|1\n|\n|-heal|p1a: Great Tusk|63\/100 brn|[from] item: Leftovers\n|-damage|p1a: Great Tusk|57\/100 brn|[from] brn\n|upkeep\n|turn|6\n|\n|t:|1699826121\n|move|p2a: Grimmsnarl|Reflect|p2a: Grimmsnarl\n|-sidestart|p2: nose xd123|Reflect\n|move|p1a: Great Tusk|Close Combat|p2a: Grimmsnarl\n|-damage|p2a: Grimmsnarl|31\/100\n|-unboost|p1a: Great Tusk|def|1\n|-unboost|p1a: Great Tusk|spd|1\n|\n|-heal|p1a: Great Tusk|63\/100 brn|[from] item: Leftovers\n|-damage|p1a: Great Tusk|57\/100 brn|[from] brn\n|upkeep\n|turn|7\n|\n|t:|1699826125\n|move|p2a: Grimmsnarl|Parting Shot|p1a: Great Tusk\n|-unboost|p1a: Great Tusk|atk|1\n|-unboost|p1a: Great Tusk|spa|1\n|\n|t:|1699826134\n|switch|p2a: Greninja|Greninja, M|100\/100|[from] Parting Shot\n|move|p1a: Great Tusk|Headlong Rush|p2a: Greninja\n|-damage|p2a: Greninja|84\/100\n|-unboost|p1a: Great Tusk|def|1\n|-unboost|p1a: Great Tusk|spd|1\n|\n|-heal|p1a: Great Tusk|63\/100 brn|[from] item: Leftovers\n|-damage|p1a: Great Tusk|57\/100 brn|[from] brn\n|upkeep\n|turn|8\n|\n|t:|1699826138\n|move|p2a: Greninja|Water Shuriken|p1a: Great Tusk\n|-supereffective|p1a: Great Tusk\n|-damage|p1a: Great Tusk|0 fnt\n|faint|p1a: Great Tusk\n|-end|p1a: Great Tusk|Protosynthesis|[silent]\n|-activate|p2a: Greninja|ability: Battle Bond\n|detailschange|p2a: Greninja|Greninja-Ash, M\n|-hitcount|p1: Great Tusk|1\n|-damage|p2a: Greninja|74\/100|[from] item: Life Orb\n|\n|upkeep\n|\n|t:|1699826157\n|switch|p1a: Galvantula|Galvantula, F|100\/100\n|turn|9\n|\n|t:|1699826161\n|move|p2a: Greninja|Water Shuriken|p1a: Galvantula\n|-damage|p1a: Galvantula|74\/100\n|-damage|p1a: Galvantula|47\/100\n|-damage|p1a: Galvantula|18\/100\n|-hitcount|p1a: Galvantula|3\n|-damage|p2a: Greninja|64\/100|[from] item: Life Orb\n|move|p1a: Galvantula|Thunder|p2a: Greninja\n|-supereffective|p2a: Greninja\n|-damage|p2a: Greninja|0 fnt\n|faint|p2a: Greninja\n|\n|-sideend|p2: nose xd123|move: Light Screen\n|upkeep\n|\n|t:|1699826172\n|switch|p2a: Dodrio|Dodrio-Sevii, M|100\/100\n|turn|10\n|\n|t:|1699826177\n|move|p2a: Dodrio|Flare Blitz|p1a: Galvantula\n|-supereffective|p1a: Galvantula\n|-damage|p1a: Galvantula|0 fnt\n|faint|p1a: Galvantula\n|\n|upkeep\n|\n|t:|1699826181\n|switch|p1a: Infernape|Infernape, M|100\/100\n|turn|11\n|\n|t:|1699826185\n|switch|p2a: Alomomola|Alomomola, M|100\/100\n|move|p1a: Infernape|Stealth Rock|p2a: Alomomola\n|-sidestart|p2: nose xd123|move: Stealth Rock\n|\n|upkeep\n|turn|12\n|\n|t:|1699826193\n|switch|p1a: Serperior|Serperior, F|100\/100\n|move|p2a: Alomomola|Flip Turn|p1a: Serperior\n|-resisted|p1a: Serperior\n|-damage|p1a: Serperior|90\/100\n|\n|t:|1699826198\n|switch|p2a: Dodrio|Dodrio-Sevii, M|100\/100|[from] Flip Turn\n|-damage|p2a: Dodrio|88\/100|[from] Stealth Rock\n|\n|-heal|p1a: Serperior|96\/100|[from] item: Leftovers\n|upkeep\n|turn|13\n|\n|t:|1699826218\n|move|p2a: Dodrio|Brave Bird|p1a: Serperior\n|-supereffective|p1a: Serperior\n|-damage|p1a: Serperior|0 fnt\n|faint|p1a: Serperior\n|\n|-sideend|p2: nose xd123|Reflect\n|upkeep\n|\n|t:|1699826227\n|switch|p1a: Greninja|Greninja, M|100\/100\n|turn|14\n|\n|t:|1699826232\n|switch|p2a: Duraludon|Duraludon, M|100\/100\n|-damage|p2a: Duraludon|94\/100|[from] Stealth Rock\n|move|p1a: Greninja|Scald|p2a: Duraludon\n|-resisted|p2a: Duraludon\n|-damage|p2a: Duraludon|61\/100\n|\n|upkeep\n|turn|15\n|\n|t:|1699826240\n|detailschange|p2a: Duraludon|Duraludon-Mega, M\n|-mega|p2a: Duraludon|Duraludon|Duraludonite\n|move|p1a: Greninja|Dark Pulse|p2a: Duraludon\n|-damage|p2a: Duraludon|21\/100\n|move|p2a: Duraludon|Draco Meteor|p1a: Greninja\n|-damage|p1a: Greninja|0 fnt\n|faint|p1a: Greninja\n|\n|upkeep\n|\n|t:|1699826247\n|switch|p1a: Machamp|Machamp, M|100\/100\n|turn|16\n|\n|t:|1699826254\n|detailschange|p1a: Machamp|Machamp-Mega, M\n|-mega|p1a: Machamp|Machamp|Machampite\n|move|p2a: Duraludon|Draco Meteor|p1a: Machamp\n|-damage|p1a: Machamp|39\/100\n|move|p1a: Machamp|Fire Punch|p2a: Duraludon\n|-damage|p2a: Duraludon|0 fnt\n|faint|p2a: Duraludon\n|-hitcount|p2: Duraludon|1\n|\n|upkeep\n|\n|t:|1699826260\n|switch|p2a: Grimmsnarl|Grimmsnarl, M|31\/100\n|-damage|p2a: Grimmsnarl|19\/100|[from] Stealth Rock\n|turn|17\n|\n|t:|1699826263\n|move|p1a: Machamp|Bullet Punch|p2a: Grimmsnarl\n|-supereffective|p2a: Grimmsnarl\n|-damage|p2a: Grimmsnarl|0 fnt\n|faint|p2a: Grimmsnarl\n|-hitcount|p2: Grimmsnarl|1\n|\n|upkeep\n|\n|t:|1699826268\n|switch|p2a: Dodrio|Dodrio-Sevii, M|88\/100\n|-damage|p2a: Dodrio|75\/100|[from] Stealth Rock\n|turn|18\n|\n|t:|1699826271\n|move|p2a: Dodrio|Brave Bird|p1a: Machamp\n|-supereffective|p1a: Machamp\n|-damage|p1a: Machamp|0 fnt\n|faint|p1a: Machamp\n|\n|upkeep\n|\n|t:|1699826274\n|switch|p1a: Infernape|Infernape, M|100\/100\n|turn|19\n|\n|t:|1699826276\n|move|p2a: Dodrio|Brave Bird|p1a: Infernape\n|-supereffective|p1a: Infernape\n|-enditem|p1a: Infernape|Focus Sash\n|-damage|p1a: Infernape|1\/100\n|move|p1a: Infernape|Earthquake|p2a: Dodrio\n|-supereffective|p2a: Dodrio\n|-damage|p2a: Dodrio|0 fnt\n|faint|p2a: Dodrio\n|\n|upkeep\n|\n|t:|1699826279\n|switch|p2a: Alomomola|Alomomola, M|100\/100\n|-damage|p2a: Alomomola|88\/100|[from] Stealth Rock\n|turn|20\n|\n|t:|1699826286\n|move|p1a: Infernape|Earthquake|p2a: Alomomola\n|-damage|p2a: Alomomola|71\/100\n|move|p2a: Alomomola|Flip Turn|p1a: Infernape\n|-supereffective|p1a: Infernape\n|-damage|p1a: Infernape|0 fnt\n|faint|p1a: Infernape\n|\n|win|nose xd123\n|l|\u2606oscar3ro\n|c|\u2606nose xd123|gg\n","uploadtime":1699826301,"views":10,"p1id":"oscar3ro","p2id":"nosexd123","formatid":"gen9ou","rating":0,"private":0,"password":""}