{"id":"radicalred-gen9ou-551975","p1":"Eggward807","p2":"Mr cyphon","format":"[Gen 9] OU","log":"|j|\u2606Eggward807\n|j|\u2606Mr cyphon\n|t:|1701185108\n|gametype|singles\n|player|p1|Eggward807|rr-sprigatito|\n|player|p2|Mr cyphon|rr-jirachi|\n|teamsize|p1|6\n|teamsize|p2|6\n|gen|9\n|tier|[Gen 9] OU\n|rule|Sleep Clause Mod: Limit one foe put to sleep\n|rule|Species Clause: Limit one of each Pok\u00e9mon\n|rule|OHKO Clause: OHKO moves are banned\n|rule|Evasion Abilities Clause: Evasion abilities are banned\n|rule|Evasion Items Clause: Evasion items are banned\n|rule|Evasion Moves Clause: Evasion moves are banned\n|rule|Endless Battle Clause: Forcing endless battles is banned\n|rule|HP Percentage Mod: HP is shown in percentages\n|rule|Dynamax Clause: You cannot dynamax\n|clearpoke\n|poke|p1|Electrode|\n|poke|p1|Kingler, F|\n|poke|p1|Jumpluff, M|\n|poke|p1|Marowak, F|\n|poke|p1|Typhlosion-Hisui, F|\n|poke|p1|Spidops, M|\n|poke|p2|Doublade, M|\n|poke|p2|Barbaracle, F|\n|poke|p2|Chesnaught, F|\n|poke|p2|Silvally-*|\n|poke|p2|Vileplume, F|\n|poke|p2|Passimian, M|\n|teampreview\n|c|\u2606Mr cyphon|have fun\n|\n|t:|1701185118\n|start\n|switch|p1a: spider man|Spidops, M, shiny|100\/100\n|switch|p2a: Silvally|Silvally-Water|100\/100\n|turn|1\n|\n|t:|1701185125\n|move|p1a: spider man|Silk Trap|p1a: spider man\n|-singleturn|p1a: spider man|Protect\n|move|p2a: Silvally|Swords Dance|p2a: Silvally\n|-boost|p2a: Silvally|atk|2\n|\n|upkeep\n|turn|2\n|\n|t:|1701185130\n|move|p2a: Silvally|Flame Charge|p1a: spider man\n|-supereffective|p1a: spider man\n|-damage|p1a: spider man|57\/100\n|-boost|p2a: Silvally|spe|1\n|move|p1a: spider man|Sticky Web|p2a: Silvally\n|-sidestart|p2: Mr cyphon|move: Sticky Web\n|\n|upkeep\n|turn|3\n|\n|t:|1701185136\n|move|p2a: Silvally|Multi-Attack|p1a: spider man\n|-damage|p1a: spider man|0 fnt\n|faint|p1a: spider man\n|\n|upkeep\n|\n|t:|1701185142\n|switch|p1a: Blue Balls|Electrode, shiny|100\/100\n|-item|p1a: Blue Balls|Air Balloon\n|turn|4\n|\n|t:|1701185149\n|move|p2a: Silvally|Multi-Attack|p1a: Blue Balls\n|-damage|p1a: Blue Balls|0 fnt\n|-enditem|p1a: Blue Balls|Air Balloon\n|faint|p1a: Blue Balls\n|\n|upkeep\n|\n|t:|1701185157\n|switch|p1a: pink Ball|Jumpluff, M, shiny|100\/100\n|turn|5\n|\n|t:|1701185160\n|move|p2a: Silvally|Outrage|p1a: pink Ball\n|-damage|p1a: pink Ball|0 fnt\n|faint|p1a: pink Ball\n|\n|upkeep\n|\n|t:|1701185164\n|switch|p1a: zombie crab|Kingler, F, shiny|100\/100\n|turn|6\n|\n|t:|1701185171\n|move|p2a: Silvally|Outrage|p1a: zombie crab|[from]lockedmove\n|-damage|p1a: zombie crab|18\/100\n|move|p1a: zombie crab|Meteor Mash|p2a: Silvally\n|-resisted|p2a: Silvally\n|-damage|p2a: Silvally|80\/100\n|\n|upkeep\n|turn|7\n|\n|t:|1701185175\n|move|p2a: Silvally|Outrage|p1a: zombie crab|[from]lockedmove\n|-damage|p1a: zombie crab|0 fnt\n|faint|p1a: zombie crab\n|-start|p2a: Silvally|confusion|[fatigue]\n|\n|upkeep\n|c|\u2606Eggward807|ok well\n|\n|t:|1701185181\n|switch|p1a: dead head|Marowak, F, shiny|100\/100\n|turn|8\n|\n|t:|1701185183\n|-activate|p2a: Silvally|confusion\n|move|p2a: Silvally|Multi-Attack|p1a: dead head\n|-supereffective|p1a: dead head\n|-damage|p1a: dead head|0 fnt\n|faint|p1a: dead head\n|\n|upkeep\n|\n|t:|1701185187\n|switch|p1a: Typhlosion|Typhlosion-Hisui, F, shiny|100\/100\n|turn|9\n|c|\u2606Mr cyphon|ggs\n|\n|t:|1701185191\n|-end|p2a: Silvally|confusion\n|move|p2a: Silvally|Multi-Attack|p1a: Typhlosion\n|-supereffective|p1a: Typhlosion\n|-damage|p1a: Typhlosion|0 fnt\n|faint|p1a: Typhlosion\n|\n|win|Mr cyphon\n|c|\u2606Eggward807|gg\n","uploadtime":1701185197,"views":1,"p1id":"eggward807","p2id":"mrcyphon","formatid":"gen9ou","rating":0,"private":0,"password":""}