{"id":"radicalred-gen9ou-550623","p1":"Hades RFX","p2":"Orbuznik","format":"[Gen 9] OU","log":"|j|\u2606Hades RFX\n|j|\u2606Orbuznik\n|t:|1700908535\n|gametype|singles\n|player|p1|Hades RFX|rr-scizormega|\n|player|p2|Orbuznik|furretcollage.png|\n|teamsize|p1|6\n|teamsize|p2|6\n|gen|9\n|tier|[Gen 9] OU\n|rule|Sleep Clause Mod: Limit one foe put to sleep\n|rule|Species Clause: Limit one of each Pok\u00e9mon\n|rule|OHKO Clause: OHKO moves are banned\n|rule|Evasion Abilities Clause: Evasion abilities are banned\n|rule|Evasion Items Clause: Evasion items are banned\n|rule|Evasion Moves Clause: Evasion moves are banned\n|rule|Endless Battle Clause: Forcing endless battles is banned\n|rule|HP Percentage Mod: HP is shown in percentages\n|rule|Dynamax Clause: You cannot dynamax\n|clearpoke\n|poke|p1|Hatterene, F|\n|poke|p1|Melmetal|\n|poke|p1|Cresselia, F|\n|poke|p1|Appletun, M|\n|poke|p1|Porygon2|\n|poke|p1|Ursaluna, M|\n|poke|p2|Iron Valiant|\n|poke|p2|Zapdos|\n|poke|p2|Iron Treads|\n|poke|p2|Clefable, F|\n|poke|p2|Meowscarada, M|\n|poke|p2|Slowbro, M|\n|teampreview\n|inactive|Battle timer is ON: inactive players will automatically lose when time's up. (requested by Orbuznik)\n|c|\u2606Orbuznik|o\n|c|\u2606Orbuznik|thanks\n|c|\u2606Orbuznik|I'll take that as a compliment\n|inactive|Orbuznik has 270 seconds left.\n|\n|t:|1700908591\n|start\n|switch|p1a: Hatterene|Hatterene, F|100\/100\n|switch|p2a: Iron Treads|Iron Treads|100\/100\n|turn|1\n|c|\u2606Orbuznik|OK BOYS\n|c|\u2606Orbuznik|BIG FLINCH\n|c|\u2606Orbuznik|TIME\n|c|\u2606Orbuznik|BIG FLINCH\n|c|\u2606Orbuznik|BIG FLINCH\n|c|\u2606Orbuznik|BIG FLINCH\n|j| Just B3A$T\n|\n|t:|1700908609\n|switch|p1a: Cresselia|Cresselia, F|100\/100\n|move|p2a: Iron Treads|Iron Head|p1a: Cresselia\n|-crit|p1a: Cresselia\n|-damage|p1a: Cresselia|77\/100\n|\n|upkeep\n|turn|2\n|c|\u2606Hades RFX|nty\n|c| Just B3A$T|GET YOUR HEAD IN THE GAME\n|j| dreepy airlines\n|c| Just B3A$T|this time\n|c|\u2606Orbuznik|crit\n|\n|t:|1700908624\n|move|p1a: Cresselia|Magic Coat|p1a: Cresselia\n|-singleturn|p1a: Cresselia|move: Magic Coat\n|move|p2a: Iron Treads|Volt Switch|p1a: Cresselia\n|-damage|p1a: Cresselia|70\/100\n|c|\u2606Hades RFX|awww\n|c|\u2606Orbuznik|imagine\n|\n|t:|1700908644\n|-end|p2a: Iron Treads|Quark Drive|[silent]\n|switch|p2a: Meowscarada|Meowscarada, M|100\/100|[from] Volt Switch\n|\n|upkeep\n|turn|3\n|\n|t:|1700908650\n|switch|p1a: Porygon2|Porygon2|100\/100\n|-ability|p1a: Porygon2|Protean|[from] ability: Trace|[of] p2a: Meowscarada\n|move|p2a: Meowscarada|U-turn|p1a: Porygon2\n|-start|p2a: Meowscarada|typechange|Bug|[from] ability: Protean\n|-damage|p1a: Porygon2|84\/100\n|\n|t:|1700908658\n|switch|p2a: Slowbro|Slowbro, M|100\/100|[from] U-turn\n|\n|upkeep\n|turn|4\n|c|\u2606Orbuznik|wait no fuck\n|c|\u2606Orbuznik|misclick\n|\n|t:|1700908667\n|detailschange|p2a: Slowbro|Slowbro-Mega, M\n|-mega|p2a: Slowbro|Slowbro|Slowbronite\n|move|p2a: Slowbro|Calm Mind|p2a: Slowbro\n|-boost|p2a: Slowbro|spa|1\n|-boost|p2a: Slowbro|spd|1\n|move|p1a: Porygon2|Trick Room|p1a: Porygon2\n|-start|p1a: Porygon2|typechange|Psychic|[from] ability: Protean\n|-fieldstart|move: Trick Room|[of] p1a: Porygon2\n|\n|upkeep\n|turn|5\n|c|\u2606Orbuznik|I'm so good at this game\n|c|\u2606Orbuznik|huh\n|c| dreepy airlines|where is the timer this game dudes \n|c| dreepy airlines|like think\n|c| dreepy airlines|for once\n|c|\u2606Orbuznik|protean\n|c|\u2606Orbuznik|what\n|c|\u2606Orbuznik|timer?\n|c| dreepy airlines|yeah trace meow\n|c|\u2606Orbuznik|timer is on\n|\n|t:|1700908697\n|switch|p2a: Iron Treads|Iron Treads|100\/100\n|move|p1a: Porygon2|Teleport|p1a: Porygon2\n|\n|t:|1700908703\n|switch|p1a: Ursaluna|Ursaluna, M|100\/100|[from] Teleport\n|\n|-status|p1a: Ursaluna|brn|[from] item: Flame Orb\n|upkeep\n|turn|6\n|\n|t:|1700908709\n|-end|p2a: Iron Treads|Quark Drive|[silent]\n|switch|p2a: Zapdos|Zapdos|100\/100\n|move|p1a: Ursaluna|Facade|p2a: Zapdos\n|-damage|p2a: Zapdos|3\/100\n|\n|-damage|p1a: Ursaluna|94\/100 brn|[from] brn\n|upkeep\n|turn|7\n|c| dreepy airlines|i mean play slower\n|c|\u2606Orbuznik|oh fuck\n|c|\u2606Orbuznik|EWWW\n|c|\u2606Orbuznik|PLAYING SLOW\n|c|\u2606Orbuznik|AND THINKING\n|c|\u2606Orbuznik|fucking disgusting\n|c| dreepy airlines|so i see the \"seconds  remaining\" messagses\n|c|\u2606Hades RFX|nah we ball dw dreepy\n|c|\u2606Orbuznik|no\n|c|\u2606Hades RFX|dw\n|c|\u2606Orbuznik|we ball.\n|\n|t:|1700908732\n|move|p1a: Ursaluna|Facade|p2a: Zapdos\n|-damage|p2a: Zapdos|0 fnt\n|faint|p2a: Zapdos\n|\n|-damage|p1a: Ursaluna|88\/100 brn|[from] brn\n|upkeep\n|c|\u2606Orbuznik|we click\n|c|\u2606Orbuznik|we don't think \n|\n|t:|1700908742\n|switch|p2a: Slowbro|Slowbro-Mega, M|100\/100\n|turn|8\n|c|\u2606Hades RFX|true!\n|c|\u2606Orbuznik|you're just a soyjack\n|\n|t:|1700908750\n|switch|p1a: Porygon2|Porygon2|84\/100\n|-ability|p1a: Porygon2|Shell Armor|[from] ability: Trace|[of] p2a: Slowbro\n|move|p2a: Slowbro|Slack Off||[still]\n|-fail|p2a: Slowbro|heal\n|\n|-fieldend|move: Trick Room\n|upkeep\n|turn|9\n|\n|t:|1700908755\n|move|p2a: Slowbro|Calm Mind|p2a: Slowbro\n|-boost|p2a: Slowbro|spa|1\n|-boost|p2a: Slowbro|spd|1\n|move|p1a: Porygon2|Trick Room|p1a: Porygon2\n|-fieldstart|move: Trick Room|[of] p1a: Porygon2\n|\n|upkeep\n|turn|10\n|\n|t:|1700908760\n|move|p2a: Slowbro|Calm Mind|p2a: Slowbro\n|-boost|p2a: Slowbro|spa|1\n|-boost|p2a: Slowbro|spd|1\n|move|p1a: Porygon2|Teleport|p1a: Porygon2\n|\n|t:|1700908764\n|switch|p1a: Appletun|Appletun, M|100\/100|[from] Teleport\n|\n|upkeep\n|turn|11\n|c|\u2606Orbuznik|hehe\n|c|\u2606Orbuznik|not hehe\n|\n|t:|1700908770\n|detailschange|p1a: Appletun|Appletun-Mega, M\n|-mega|p1a: Appletun|Appletun|Appletunite\n|move|p1a: Appletun|Leaf Storm|p2a: Slowbro\n|-supereffective|p2a: Slowbro\n|-damage|p2a: Slowbro|39\/100\n|-boost|p1a: Appletun|spa|2\n|move|p2a: Slowbro|Psyshock|p1a: Appletun\n|-damage|p1a: Appletun|47\/100\n|\n|upkeep\n|turn|12\n|c|\u2606Orbuznik|facetank\n|\n|t:|1700908785\n|move|p1a: Appletun|Leaf Storm|p2a: Slowbro\n|-supereffective|p2a: Slowbro\n|-damage|p2a: Slowbro|0 fnt\n|-boost|p1a: Appletun|spa|2\n|faint|p2a: Slowbro\n|\n|upkeep\n|\n|t:|1700908796\n|switch|p2a: Iron Valiant|Iron Valiant|100\/100\n|turn|13\n|c|\u2606Orbuznik|so fair\n|\n|t:|1700908799\n|move|p1a: Appletun|Leaf Storm|p2a: Iron Valiant\n|-damage|p2a: Iron Valiant|0 fnt\n|-boost|p1a: Appletun|spa|2\n|faint|p2a: Iron Valiant\n|-end|p2a: Iron Valiant|Quark Drive|[silent]\n|\n|-fieldend|move: Trick Room\n|upkeep\n|\n|t:|1700908804\n|switch|p2a: Meowscarada|Meowscarada, M|100\/100\n|turn|14\n|c|\u2606Orbuznik|I both love and hate tr\n|\n|t:|1700908810\n|move|p2a: Meowscarada|U-turn|p1a: Appletun\n|-start|p2a: Meowscarada|typechange|Bug|[from] ability: Protean\n|-supereffective|p1a: Appletun\n|-damage|p1a: Appletun|0 fnt\n|faint|p1a: Appletun\n|\n|t:|1700908823\n|switch|p2a: Clefable|Clefable, F|100\/100|[from] U-turn\n|\n|upkeep\n|\n|t:|1700908827\n|switch|p1a: Melmetal|Melmetal|100\/100\n|turn|15\n|\n|t:|1700908833\n|move|p2a: Clefable|Thunder|p1a: Melmetal\n|-damage|p1a: Melmetal|56\/100\n|-status|p1a: Melmetal|par\n|move|p1a: Melmetal|Double Iron Bash|p2a: Clefable\n|-supereffective|p2a: Clefable\n|-damage|p2a: Clefable|0 fnt\n|faint|p2a: Clefable\n|-hitcount|p2: Clefable|1\n|\n|upkeep\n|c|\u2606Orbuznik|no big para\n|\n|t:|1700908841\n|switch|p2a: Iron Treads|Iron Treads|100\/100\n|turn|16\n|c|\u2606Orbuznik|unfortunate\n|\n|t:|1700908846\n|switch|p1a: Cresselia|Cresselia, F|70\/100\n|move|p2a: Iron Treads|Earthquake|p1a: Cresselia\n|-immune|p1a: Cresselia|[from] ability: Levitate\n|\n|upkeep\n|turn|17\n|\n|t:|1700908852\n|move|p2a: Iron Treads|Iron Head|p1a: Cresselia\n|-damage|p1a: Cresselia|55\/100\n|move|p1a: Cresselia|Trick Room|p1a: Cresselia\n|-fieldstart|move: Trick Room|[of] p1a: Cresselia\n|\n|upkeep\n|turn|18\n|c|\u2606Orbuznik|time to flinch to hell and back\n|c|\u2606Orbuznik|trust\n|c|\u2606Orbuznik|or maybe not\n|\n|t:|1700908860\n|move|p1a: Cresselia|Moonblast|p2a: Iron Treads\n|-resisted|p2a: Iron Treads\n|-damage|p2a: Iron Treads|94\/100\n|-unboost|p2a: Iron Treads|spa|1\n|move|p2a: Iron Treads|Iron Head|p1a: Cresselia\n|-damage|p1a: Cresselia|39\/100\n|\n|upkeep\n|turn|19\n|\n|t:|1700908865\n|move|p1a: Cresselia|Lunar Dance|p1a: Cresselia\n|faint|p1a: Cresselia\n|move|p2a: Iron Treads|Iron Head|p1: Cresselia|[notarget]\n|-fail|p2a: Iron Treads\n|\n|upkeep\n|c|\u2606Orbuznik|damage\n|c| Just B3A$T|...\n|\n|t:|1700908868\n|switch|p1a: Ursaluna|Ursaluna, M|88\/100 brn\n|-heal|p1a: Ursaluna|100\/100|[from] move: Lunar Dance\n|turn|20\n|\n|t:|1700908873\n|move|p1a: Ursaluna|Headlong Rush|p2a: Iron Treads\n|-supereffective|p2a: Iron Treads\n|-damage|p2a: Iron Treads|0 fnt\n|-unboost|p1a: Ursaluna|def|1\n|-unboost|p1a: Ursaluna|spd|1\n|faint|p2a: Iron Treads\n|-end|p2a: Iron Treads|Quark Drive|[silent]\n|\n|-status|p1a: Ursaluna|brn|[from] item: Flame Orb\n|upkeep\n|\n|t:|1700908876\n|switch|p2a: Meowscarada|Meowscarada, M|100\/100\n|turn|21\n|\n|t:|1700908879\n|move|p1a: Ursaluna|Facade|p2a: Meowscarada\n|-damage|p2a: Meowscarada|0 fnt\n|faint|p2a: Meowscarada\n|\n|win|Hades RFX\n|c|\u2606Orbuznik|gg\n|c|\u2606Hades RFX|gg\n|l| dreepy airlines\n","uploadtime":1700908885,"views":1,"p1id":"hadesrfx","p2id":"orbuznik","formatid":"gen9ou","rating":0,"private":0,"password":""}