{"id":"radicalred-gen9ou-547565","p1":"paultheconvincer","p2":"scipionisafricanus","format":"[Gen 9] OU","log":"|j|\u2606paultheconvincer\n|j|\u2606scipionisafricanus\n|t:|1700180270\n|gametype|singles\n|player|p1|paultheconvincer|rr-tyranitar|\n|player|p2|scipionisafricanus|scipioregiolive.png|\n|teamsize|p1|6\n|teamsize|p2|6\n|gen|9\n|tier|[Gen 9] OU\n|rule|Sleep Clause Mod: Limit one foe put to sleep\n|rule|Species Clause: Limit one of each Pok\u00e9mon\n|rule|OHKO Clause: OHKO moves are banned\n|rule|Evasion Abilities Clause: Evasion abilities are banned\n|rule|Evasion Items Clause: Evasion items are banned\n|rule|Evasion Moves Clause: Evasion moves are banned\n|rule|Endless Battle Clause: Forcing endless battles is banned\n|rule|HP Percentage Mod: HP is shown in percentages\n|rule|Dynamax Clause: You cannot dynamax\n|clearpoke\n|poke|p1|Sandy Shocks|\n|poke|p1|Quaquaval, M|\n|poke|p1|Zarude|\n|poke|p1|Altaria, F|\n|poke|p1|Gengar, M|\n|poke|p1|Alakazam, M|\n|poke|p2|Quaquaval, F|\n|poke|p2|Melmetal|\n|poke|p2|Alakazam, M|\n|poke|p2|Sableye, M|\n|poke|p2|Gastrodon, M|\n|poke|p2|Rotom-Heat|\n|teampreview\n|c|\u2606scipionisafricanus|hf\n|c|\u2606paultheconvincer|hf\n|\n|t:|1700180312\n|start\n|switch|p1a: Zarude|Zarude|100\/100\n|switch|p2a: Sableye|Sableye, M|100\/100\n|-item|p1a: Zarude|Black Glasses|[from] ability: Frisk|[of] p2a: Sableye|[identify]\n|turn|1\n|\n|t:|1700180320\n|detailschange|p2a: Sableye|Sableye-Mega, M\n|-mega|p2a: Sableye|Sableye|Sablenite\n|move|p1a: Zarude|Knock Off|p2a: Sableye\n|-damage|p2a: Sableye|70\/100\n|move|p2a: Sableye|Will-O-Wisp|p1a: Zarude\n|-status|p1a: Zarude|brn\n|\n|-damage|p1a: Zarude|95\/100 brn|[from] brn\n|upkeep\n|turn|2\n|j| Lukeow\n|\n|t:|1700180326\n|move|p1a: Zarude|Swords Dance|p1a: Zarude\n|-boost|p1a: Zarude|atk|2\n|move|p2a: Sableye|Knock Off|p1a: Zarude\n|-resisted|p1a: Zarude\n|-damage|p1a: Zarude|80\/100 brn\n|-enditem|p1a: Zarude|Black Glasses|[from] move: Knock Off|[of] p2a: Sableye\n|\n|-damage|p1a: Zarude|74\/100 brn|[from] brn\n|upkeep\n|turn|3\n|\n|t:|1700180334\n|move|p1a: Zarude|Swords Dance|p1a: Zarude\n|-boost|p1a: Zarude|atk|2\n|move|p2a: Sableye|Foul Play|p1a: Zarude\n|-resisted|p1a: Zarude\n|-damage|p1a: Zarude|14\/100 brn\n|\n|-damage|p1a: Zarude|8\/100 brn|[from] brn\n|upkeep\n|turn|4\n|\n|t:|1700180337\n|move|p1a: Zarude|Power Whip|p2a: Sableye\n|-damage|p2a: Sableye|0 fnt\n|faint|p2a: Sableye\n|\n|-damage|p1a: Zarude|2\/100 brn|[from] brn\n|upkeep\n|c|\u2606scipionisafricanus|bro\n|c|\u2606scipionisafricanus|i \n|c|\u2606scipionisafricanus|misclciked bc i was snezing\n|\n|t:|1700180371\n|switch|p2a: Alakazam|Alakazam, M|100\/100\n|turn|5\n|\n|t:|1700180382\n|move|p1a: Zarude|Sucker Punch|p2a: Alakazam\n|-supereffective|p2a: Alakazam\n|-enditem|p2a: Alakazam|Focus Sash\n|-damage|p2a: Alakazam|1\/100\n|move|p2a: Alakazam|Shadow Ball|p1a: Zarude\n|-resisted|p1a: Zarude\n|-damage|p1a: Zarude|0 fnt\n|faint|p1a: Zarude\n|\n|upkeep\n|\n|t:|1700180396\n|switch|p1a: Gengar|Gengar, M|100\/100\n|turn|6\n|\n|t:|1700180400\n|switch|p2a: Melmetal|Melmetal|100\/100\n|move|p1a: Gengar|Shadow Ball|p2a: Melmetal\n|-damage|p2a: Melmetal|64\/100\n|-unboost|p2a: Melmetal|spd|1\n|\n|-heal|p2a: Melmetal|70\/100|[from] item: Leftovers\n|upkeep\n|turn|7\n|\n|t:|1700180424\n|switch|p1a: Altaria|Altaria, F|100\/100\n|move|p2a: Melmetal|Double Iron Bash|p1a: Altaria\n|-damage|p1a: Altaria|44\/100\n|-crit|p1a: Altaria\n|-damage|p1a: Altaria|0 fnt\n|faint|p1a: Altaria\n|-hitcount|p1: Altaria|2\n|\n|-heal|p2a: Melmetal|76\/100|[from] item: Leftovers\n|upkeep\n|j| mudkipfan333\n|j| Razorgliscor472\n|\n|t:|1700180444\n|switch|p1a: Sandy Shocks|Sandy Shocks|100\/100\n|-enditem|p1a: Sandy Shocks|Booster Energy\n|-activate|p1a: Sandy Shocks|ability: Protosynthesis|[fromitem]\n|-start|p1a: Sandy Shocks|protosynthesisspa\n|turn|8\n|\n|t:|1700180462\n|switch|p2a: Rotom|Rotom-Heat|100\/100\n|move|p1a: Sandy Shocks|Earth Power|p2a: Rotom\n|-immune|p2a: Rotom|[from] ability: Levitate\n|\n|upkeep\n|turn|9\n|\n|t:|1700180467\n|move|p1a: Sandy Shocks|Stealth Rock|p2a: Rotom\n|-sidestart|p2: scipionisafricanus|move: Stealth Rock\n|move|p2a: Rotom|Lava Plume|p1a: Sandy Shocks\n|-damage|p1a: Sandy Shocks|64\/100\n|\n|upkeep\n|turn|10\n|\n|t:|1700180471\n|move|p1a: Sandy Shocks|Spikes|p2a: Rotom\n|-sidestart|p2: scipionisafricanus|Spikes\n|move|p2a: Rotom|Defog|p1a: Sandy Shocks\n|-unboost|p1a: Sandy Shocks|evasion|1\n|-sideend|p2: scipionisafricanus|Spikes|[from] move: Defog|[of] p2a: Rotom\n|-sideend|p2: scipionisafricanus|Stealth Rock|[from] move: Defog|[of] p2a: Rotom\n|\n|upkeep\n|turn|11\n|\n|t:|1700180479\n|move|p1a: Sandy Shocks|Stealth Rock|p2a: Rotom\n|-sidestart|p2: scipionisafricanus|move: Stealth Rock\n|move|p2a: Rotom|Lava Plume|p1a: Sandy Shocks\n|-damage|p1a: Sandy Shocks|26\/100\n|-status|p1a: Sandy Shocks|brn\n|\n|-damage|p1a: Sandy Shocks|19\/100 brn|[from] brn\n|upkeep\n|turn|12\n|c| mudkipfan333|uubl is the best tier \n|\n|t:|1700180498\n|-end|p1a: Sandy Shocks|Protosynthesis|[silent]\n|switch|p1a: Gengar|Gengar, M|100\/100\n|move|p2a: Rotom|Defog|p1a: Gengar\n|-unboost|p1a: Gengar|evasion|1\n|-sideend|p2: scipionisafricanus|Stealth Rock|[from] move: Defog|[of] p2a: Rotom\n|\n|upkeep\n|turn|13\n|\n|t:|1700180506\n|move|p1a: Gengar|Shadow Ball|p2a: Rotom\n|-damage|p2a: Rotom|57\/100\n|move|p2a: Rotom|Volt Switch|p1a: Gengar\n|-damage|p1a: Gengar|56\/100\n|\n|t:|1700180513\n|switch|p2a: Quaquaval|Quaquaval, F|100\/100|[from] Volt Switch\n|\n|upkeep\n|turn|14\n|\n|t:|1700180527\n|move|p1a: Gengar|Shadow Ball|p2a: Quaquaval\n|-damage|p2a: Quaquaval|42\/100\n|move|p2a: Quaquaval|Aqua Step|p1a: Gengar\n|-damage|p1a: Gengar|0 fnt\n|-boost|p2a: Quaquaval|spe|1\n|faint|p1a: Gengar\n|-ability|p2a: Quaquaval|Moxie|boost\n|-boost|p2a: Quaquaval|atk|1\n|\n|upkeep\n|\n|t:|1700180537\n|switch|p1a: Quaquaval|Quaquaval, M|100\/100\n|turn|15\n|\n|t:|1700180542\n|-zpower|p2a: Quaquaval\n|move|p2a: Quaquaval|Supersonic Skystrike|p1a: Quaquaval|[zeffect]\n|-supereffective|p1a: Quaquaval\n|-damage|p1a: Quaquaval|0 fnt\n|faint|p1a: Quaquaval\n|-ability|p2a: Quaquaval|Moxie|boost\n|-boost|p2a: Quaquaval|atk|1\n|\n|upkeep\n|\n|t:|1700180549\n|switch|p1a: Alakazam|Alakazam, M|100\/100\n|turn|16\n|\n|t:|1700180554\n|move|p2a: Quaquaval|Aqua Step|p1a: Alakazam\n|-damage|p1a: Alakazam|0 fnt\n|-boost|p2a: Quaquaval|spe|1\n|faint|p1a: Alakazam\n|-ability|p2a: Quaquaval|Moxie|boost\n|-boost|p2a: Quaquaval|atk|1\n|\n|upkeep\n|\n|t:|1700180556\n|switch|p1a: Sandy Shocks|Sandy Shocks|19\/100 brn\n|turn|17\n|c|\u2606scipionisafricanus|i need \n|c|\u2606scipionisafricanus|to throw\n|c|\u2606scipionisafricanus|up\n|c|\u2606scipionisafricanus|actually\n|\n|t:|1700180565\n|move|p2a: Quaquaval|Aqua Step|p1a: Sandy Shocks\n|-supereffective|p1a: Sandy Shocks\n|-damage|p1a: Sandy Shocks|0 fnt\n|-boost|p2a: Quaquaval|spe|1\n|faint|p1a: Sandy Shocks\n|-end|p1a: Sandy Shocks|Protosynthesis|[silent]\n|\n|win|scipionisafricanus\n|c|\u2606scipionisafricanus|give me 2 minutes\n|c|\u2606scipionisafricanus|gg\n|c|\u2606paultheconvincer|gg\n|l| Razorgliscor472\n|c|\u2606paultheconvincer|take your time\n|j| Razorgliscor472\n|l| mudkipfan333\n|l| Lukeow\n","uploadtime":1700181269,"views":15,"p1id":"paultheconvincer","p2id":"scipionisafricanus","formatid":"gen9ou","rating":0,"private":0,"password":""}