{"id":"radicalred-gen9ou-550045","p1":"zzHayp","p2":"zongalezz","format":"[Gen 9] OU","log":"|j|\u2606zzHayp\n|j|\u2606zongalezz\n|t:|1700756365\n|gametype|singles\n|player|p1|zzHayp|rr-bewear|\n|player|p2|zongalezz|rr-dragonite|\n|teamsize|p1|6\n|teamsize|p2|6\n|gen|9\n|tier|[Gen 9] OU\n|rule|Sleep Clause Mod: Limit one foe put to sleep\n|rule|Species Clause: Limit one of each Pok\u00e9mon\n|rule|OHKO Clause: OHKO moves are banned\n|rule|Evasion Abilities Clause: Evasion abilities are banned\n|rule|Evasion Items Clause: Evasion items are banned\n|rule|Evasion Moves Clause: Evasion moves are banned\n|rule|Endless Battle Clause: Forcing endless battles is banned\n|rule|HP Percentage Mod: HP is shown in percentages\n|rule|Dynamax Clause: You cannot dynamax\n|clearpoke\n|poke|p1|Ledian, F|\n|poke|p1|Aerodactyl, M|\n|poke|p1|Klinklang|\n|poke|p1|Cacturne, M|\n|poke|p1|Sandslash, F|\n|poke|p1|Gigalith, M|\n|poke|p2|Ninetales, M|\n|poke|p2|Camerupt, M|\n|poke|p2|Bellossom, F|\n|poke|p2|Donphan, F|\n|poke|p2|Feraligatr, F|\n|poke|p2|Luxray, M|\n|teampreview\n|\n|t:|1700756381\n|start\n|switch|p1a: Aerodactyl|Aerodactyl, M, shiny|100\/100\n|switch|p2a: Ninetales|Ninetales, M|100\/100\n|-weather|SunnyDay|[from] ability: Drought|[of] p2a: Ninetales\n|turn|1\n|j| enderlukas99\n|\n|t:|1700756418\n|switch|p2a: Camerupt|Camerupt, M|100\/100\n|move|p1a: Aerodactyl|U-turn|p2a: Camerupt\n|-resisted|p2a: Camerupt\n|-damage|p2a: Camerupt|81\/100\n|\n|t:|1700756429\n|switch|p1a: Sandslash|Sandslash, F|100\/100|[from] U-turn\n|\n|-weather|SunnyDay|[upkeep]\n|upkeep\n|turn|2\n|\n|t:|1700756435\n|detailschange|p2a: Camerupt|Camerupt-Mega, M\n|-mega|p2a: Camerupt|Camerupt|Cameruptite\n|move|p1a: Sandslash|Earthquake|p2a: Camerupt\n|-supereffective|p2a: Camerupt\n|-damage|p2a: Camerupt|0 fnt\n|faint|p2a: Camerupt\n|\n|-weather|SunnyDay|[upkeep]\n|upkeep\n|\n|t:|1700756444\n|switch|p2a: Bellossom|Bellossom, F|100\/100\n|turn|3\n|\n|t:|1700756450\n|switch|p1a: Gigalith|Gigalith, M, shiny|100\/100\n|-weather|Sandstorm|[from] ability: Sand Stream|[of] p1a: Gigalith\n|move|p2a: Bellossom|Solar Beam||[still]\n|-prepare|p2a: Bellossom|Solar Beam\n|\n|-weather|Sandstorm|[upkeep]\n|-damage|p2a: Bellossom|94\/100|[from] Sandstorm\n|-heal|p2a: Bellossom|100\/100|[from] item: Leftovers\n|upkeep\n|turn|4\n|\n|t:|1700756461\n|switch|p1a: Ledian|Ledian, F|100\/100\n|move|p2a: Bellossom|Solar Beam|p1a: Ledian|[from]lockedmove\n|-resisted|p1a: Ledian\n|-damage|p1a: Ledian|83\/100\n|\n|-weather|Sandstorm|[upkeep]\n|-damage|p1a: Ledian|77\/100|[from] Sandstorm\n|-damage|p2a: Bellossom|94\/100|[from] Sandstorm\n|-heal|p2a: Bellossom|100\/100|[from] item: Leftovers\n|upkeep\n|turn|5\n|\n|t:|1700756471\n|switch|p2a: Ninetales|Ninetales, M|100\/100\n|-weather|SunnyDay|[from] ability: Drought|[of] p2a: Ninetales\n|move|p1a: Ledian|Victory Dance|p1a: Ledian\n|-boost|p1a: Ledian|atk|1\n|-boost|p1a: Ledian|def|1\n|-boost|p1a: Ledian|spe|1\n|\n|-weather|SunnyDay|[upkeep]\n|upkeep\n|turn|6\n|c|\u2606zzHayp|duvido tu trocar de pokemon\n|c|\u2606zzHayp|>:)\n|c|\u2606zongalezz|putz\n|\n|t:|1700756508\n|-singleturn|p1a: Ledian|move: Focus Punch\n|move|p2a: Ninetales|Weather Ball|p1a: Ledian\n|-supereffective|p1a: Ledian\n|-damage|p1a: Ledian|0 fnt\n|faint|p1a: Ledian\n|\n|-weather|SunnyDay|[upkeep]\n|upkeep\n|c|\u2606zzHayp|ah nem\n|c|\u2606zzHayp|ia ser foda\n|\n|t:|1700756520\n|switch|p1a: Aerodactyl|Aerodactyl, M, shiny|100\/100\n|turn|7\n|l| enderlukas99\n|\n|t:|1700756544\n|switch|p2a: Donphan|Donphan, F|100\/100\n|move|p1a: Aerodactyl|Earthquake|p2a: Donphan\n|-damage|p2a: Donphan|67\/100\n|\n|-weather|SunnyDay|[upkeep]\n|upkeep\n|turn|8\n|\n|t:|1700756555\n|switch|p1a: Gigalith|Gigalith, M, shiny|100\/100\n|-weather|Sandstorm|[from] ability: Sand Stream|[of] p1a: Gigalith\n|move|p2a: Donphan|Ice Shard|p1a: Gigalith\n|-damage|p1a: Gigalith|84\/100\n|\n|-weather|Sandstorm|[upkeep]\n|upkeep\n|turn|9\n|\n|t:|1700756565\n|switch|p1a: Aerodactyl|Aerodactyl, M, shiny|100\/100\n|move|p2a: Donphan|Earthquake|p1a: Aerodactyl\n|-immune|p1a: Aerodactyl\n|\n|-weather|Sandstorm|[upkeep]\n|upkeep\n|turn|10\n|c|\u2606zongalezz|ca\u00ed\n|\n|t:|1700756574\n|switch|p2a: Ninetales|Ninetales, M|100\/100\n|-weather|SunnyDay|[from] ability: Drought|[of] p2a: Ninetales\n|move|p1a: Aerodactyl|U-turn|p2a: Ninetales\n|-resisted|p2a: Ninetales\n|-damage|p2a: Ninetales|78\/100\n|\n|t:|1700756583\n|switch|p1a: Gigalith|Gigalith, M, shiny|84\/100|[from] U-turn\n|-weather|Sandstorm|[from] ability: Sand Stream|[of] p1a: Gigalith\n|\n|-weather|Sandstorm|[upkeep]\n|-damage|p2a: Ninetales|72\/100|[from] Sandstorm\n|upkeep\n|turn|11\n|c|\u2606zongalezz|batalha de time de clima \u00e9 engra\u00e7ado\n|\n|t:|1700756600\n|switch|p2a: Feraligatr|Feraligatr, F|100\/100\n|move|p1a: Gigalith|Stealth Rock|p2a: Feraligatr\n|-sidestart|p2: zongalezz|move: Stealth Rock\n|\n|-weather|Sandstorm|[upkeep]\n|-damage|p2a: Feraligatr|94\/100|[from] Sandstorm\n|upkeep\n|turn|12\n|c|\u2606zzHayp|muito\n|\n|t:|1700756619\n|switch|p1a: Klinklang|Klinklang, shiny|100\/100\n|move|p2a: Feraligatr|Aqua Fang|p1a: Klinklang\n|-damage|p1a: Klinklang|28\/100\n|\n|-weather|Sandstorm|[upkeep]\n|-damage|p2a: Feraligatr|88\/100|[from] Sandstorm\n|-heal|p1a: Klinklang|34\/100|[from] item: Leftovers\n|upkeep\n|turn|13\n|\n|t:|1700756629\n|move|p2a: Feraligatr|Aqua Fang|p1a: Klinklang\n|-damage|p1a: Klinklang|0 fnt\n|faint|p1a: Klinklang\n|\n|-weather|Sandstorm|[upkeep]\n|-damage|p2a: Feraligatr|82\/100|[from] Sandstorm\n|upkeep\n|\n|t:|1700756633\n|switch|p1a: Cacturne|Cacturne, M|100\/100\n|turn|14\n|\n|t:|1700756640\n|switch|p2a: Ninetales|Ninetales, M|72\/100\n|-damage|p2a: Ninetales|47\/100|[from] Stealth Rock\n|-weather|SunnyDay|[from] ability: Drought|[of] p2a: Ninetales\n|move|p1a: Cacturne|Giga Drain|p2a: Ninetales\n|-resisted|p2a: Ninetales\n|-damage|p2a: Ninetales|15\/100\n|-damage|p1a: Cacturne|91\/100|[from] item: Life Orb\n|\n|-weather|SunnyDay|[upkeep]\n|upkeep\n|turn|15\n|\n|t:|1700756651\n|switch|p2a: Donphan|Donphan, F|67\/100\n|-damage|p2a: Donphan|61\/100|[from] Stealth Rock\n|switch|p1a: Gigalith|Gigalith, M, shiny|84\/100\n|-weather|Sandstorm|[from] ability: Sand Stream|[of] p1a: Gigalith\n|\n|-weather|Sandstorm|[upkeep]\n|upkeep\n|turn|16\n|\n|t:|1700756669\n|move|p2a: Donphan|Earthquake|p1a: Gigalith\n|-supereffective|p1a: Gigalith\n|-damage|p1a: Gigalith|0 fnt\n|faint|p1a: Gigalith\n|\n|-weather|Sandstorm|[upkeep]\n|upkeep\n|c|\u2606zzHayp|ca\u00ed\n|\n|t:|1700756699\n|switch|p1a: Sandslash|Sandslash, F|100\/100\n|turn|17\n|\n|t:|1700756715\n|move|p2a: Donphan|Ice Shard|p1a: Sandslash\n|-supereffective|p1a: Sandslash\n|-damage|p1a: Sandslash|61\/100\n|-zpower|p1a: Sandslash\n|move|p1a: Sandslash|Tectonic Rage|p2a: Donphan|[zeffect]\n|-damage|p2a: Donphan|0 fnt\n|faint|p2a: Donphan\n|\n|-weather|Sandstorm|[upkeep]\n|upkeep\n|c|\u2606zongalezz|a proxima jogada talvez nao de certo\n|\n|t:|1700756738\n|switch|p2a: Ninetales|Ninetales, M|15\/100\n|-damage|p2a: Ninetales|0 fnt|[from] Stealth Rock\n|faint|p2a: Ninetales\n|c|\u2606zongalezz|porra\n|c|\u2606zzHayp|rockitas pai\n|c|\u2606zongalezz|pensei que mesmo se matasse o drought ativasse\n|c|\u2606zzHayp|n\u00e3o\n|c|\u2606zzHayp|tu precisa ta vivo para poder ativar\n|\n|t:|1700756773\n|switch|p2a: Bellossom|Bellossom, F|100\/100\n|-damage|p2a: Bellossom|88\/100|[from] Stealth Rock\n|turn|18\n|\n|t:|1700756780\n|move|p1a: Sandslash|Knock Off|p2a: Bellossom\n|-resisted|p2a: Bellossom\n|-damage|p2a: Bellossom|67\/100\n|-enditem|p2a: Bellossom|Leftovers|[from] move: Knock Off|[of] p1a: Sandslash\n|move|p2a: Bellossom|Strength Sap|p1a: Sandslash\n|-unboost|p1a: Sandslash|atk|1\n|-heal|p2a: Bellossom|100\/100\n|\n|-weather|Sandstorm|[upkeep]\n|-damage|p2a: Bellossom|94\/100|[from] Sandstorm\n|upkeep\n|turn|19\n|\n|t:|1700756799\n|switch|p1a: Aerodactyl|Aerodactyl, M, shiny|100\/100\n|move|p2a: Bellossom|Quiver Dance|p2a: Bellossom\n|-boost|p2a: Bellossom|spa|1\n|-boost|p2a: Bellossom|spd|1\n|-boost|p2a: Bellossom|spe|1\n|\n|-weather|Sandstorm|[upkeep]\n|-damage|p2a: Bellossom|88\/100|[from] Sandstorm\n|upkeep\n|turn|20\n|\n|t:|1700756832\n|switch|p2a: Feraligatr|Feraligatr, F|82\/100\n|-damage|p2a: Feraligatr|70\/100|[from] Stealth Rock\n|move|p1a: Aerodactyl|Brave Bird|p2a: Feraligatr\n|-damage|p2a: Feraligatr|0 fnt\n|faint|p2a: Feraligatr\n|\n|-weather|Sandstorm|[upkeep]\n|upkeep\n|c|\u2606zongalezz|perdi\n|\n|t:|1700756846\n|switch|p2a: Luxray|Luxray, M|100\/100\n|-damage|p2a: Luxray|88\/100|[from] Stealth Rock\n|turn|21\n|c|\u2606zzHayp|F\n|\n|t:|1700756851\n|move|p1a: Aerodactyl|Brave Bird|p2a: Luxray\n|-resisted|p2a: Luxray\n|-damage|p2a: Luxray|35\/100\n|move|p2a: Luxray|Volt Tackle|p1a: Aerodactyl\n|-supereffective|p1a: Aerodactyl\n|-damage|p1a: Aerodactyl|0 fnt\n|faint|p1a: Aerodactyl\n|-damage|p2a: Luxray|10\/100|[from] Recoil\n|\n|-weather|Sandstorm|[upkeep]\n|-damage|p2a: Luxray|4\/100|[from] Sandstorm\n|-status|p2a: Luxray|brn|[from] item: Flame Orb\n|upkeep\n|\n|t:|1700756862\n|switch|p1a: Sandslash|Sandslash, F|61\/100\n|turn|22\n|\n|t:|1700756866\n|move|p2a: Luxray|Sucker Punch|p1a: Sandslash\n|-damage|p1a: Sandslash|11\/100\n|move|p1a: Sandslash|Rapid Spin|p2a: Luxray\n|-damage|p2a: Luxray|0 fnt\n|-boost|p1a: Sandslash|spe|1\n|faint|p2a: Luxray\n|\n|-weather|none\n|upkeep\n|\n|t:|1700756874\n|switch|p2a: Bellossom|Bellossom, F|88\/100\n|-damage|p2a: Bellossom|76\/100|[from] Stealth Rock\n|turn|23\n|\n|t:|1700756880\n|move|p1a: Sandslash|Earthquake|p2a: Bellossom\n|-resisted|p2a: Bellossom\n|-damage|p2a: Bellossom|44\/100\n|move|p2a: Bellossom|Strength Sap|p1a: Sandslash\n|-unboost|p1a: Sandslash|atk|1\n|-heal|p2a: Bellossom|100\/100\n|\n|upkeep\n|turn|24\n|\n|t:|1700756890\n|move|p1a: Sandslash|Swords Dance|p1a: Sandslash\n|-boost|p1a: Sandslash|atk|2\n|move|p2a: Bellossom|Moonblast|p1a: Sandslash\n|-damage|p1a: Sandslash|0 fnt\n|faint|p1a: Sandslash\n|\n|upkeep\n|\n|t:|1700756893\n|switch|p1a: Cacturne|Cacturne, M|91\/100\n|turn|25\n|c|\u2606zzHayp|ih\n|\n|t:|1700756904\n|move|p2a: Bellossom|Moonblast|p1a: Cacturne\n|-supereffective|p1a: Cacturne\n|-damage|p1a: Cacturne|0 fnt\n|faint|p1a: Cacturne\n|\n|win|zongalezz\n|c|\u2606zongalezz|ganhei a ultima\n|c|\u2606zzHayp|boa mlk\n|c|\u2606zzHayp|noobei na hora do Aero\n|c|\u2606zongalezz|deixaram belossom bom\n|c|\u2606zzHayp|pior que \u00e9\n","uploadtime":1700756950,"views":10,"p1id":"zzhayp","p2id":"zongalezz","formatid":"gen9ou","rating":0,"private":0,"password":""}