{"id":"radicalred-gen9ou-545927","p1":"Eggward807","p2":"Mr cyphon","format":"[Gen 9] OU","log":"|j|\u2606Eggward807\n|j|\u2606Mr cyphon\n|t:|1699894510\n|gametype|singles\n|player|p1|Eggward807|rr-tapufini|\n|player|p2|Mr cyphon|gambler|\n|teamsize|p1|6\n|teamsize|p2|6\n|gen|9\n|tier|[Gen 9] OU\n|rule|Sleep Clause Mod: Limit one foe put to sleep\n|rule|Species Clause: Limit one of each Pok\u00e9mon\n|rule|OHKO Clause: OHKO moves are banned\n|rule|Evasion Abilities Clause: Evasion abilities are banned\n|rule|Evasion Items Clause: Evasion items are banned\n|rule|Evasion Moves Clause: Evasion moves are banned\n|rule|Endless Battle Clause: Forcing endless battles is banned\n|rule|HP Percentage Mod: HP is shown in percentages\n|rule|Dynamax Clause: You cannot dynamax\n|clearpoke\n|poke|p1|Electrode|\n|poke|p1|Marowak, F|\n|poke|p1|Kingler, M|\n|poke|p1|Typhlosion-Hisui, M|\n|poke|p1|Spidops, F|\n|poke|p1|Jumpluff, M|\n|poke|p2|Pinsir, F|\n|poke|p2|Barbaracle, F|\n|poke|p2|Silvally-*|\n|poke|p2|Palossand, M|\n|poke|p2|Arcanine, M|\n|poke|p2|Machamp, M|\n|teampreview\n|c|\u2606Mr cyphon|Have fun \n|c|\u2606Eggward807|same team still\n|c|\u2606Eggward807|it works\n|\n|t:|1699894525\n|start\n|switch|p1a: Spidops|Spidops, F|100\/100\n|switch|p2a: Arcanine|Arcanine, M|100\/100\n|turn|1\n|\n|t:|1699894527\n|move|p2a: Arcanine|Flare Blitz|p1a: Spidops\n|-supereffective|p1a: Spidops\n|-enditem|p1a: Spidops|Focus Sash\n|-damage|p1a: Spidops|1\/100\n|-damage|p2a: Arcanine|67\/100|[from] Recoil\n|move|p1a: Spidops|Sticky Web|p2a: Arcanine\n|-sidestart|p2: Mr cyphon|move: Sticky Web\n|\n|upkeep\n|turn|2\n|\n|t:|1699894531\n|move|p1a: Spidops|Sucker Punch|p2a: Arcanine\n|-damage|p2a: Arcanine|43\/100\n|-ability|p2a: Arcanine|Justified|boost\n|-boost|p2a: Arcanine|atk|1\n|move|p2a: Arcanine|Flare Blitz|p1a: Spidops\n|-supereffective|p1a: Spidops\n|-damage|p1a: Spidops|0 fnt\n|faint|p1a: Spidops\n|-damage|p2a: Arcanine|43\/100|[from] Recoil\n|\n|upkeep\n|c|\u2606Eggward807|?\n|c|\u2606Eggward807|what\n|c|\u2606Eggward807|how did u gain attack\n|\n|t:|1699894561\n|switch|p1a: Kingler|Kingler, M|100\/100\n|turn|3\n|c|\u2606Mr cyphon|Justified \n|c|\u2606Eggward807|!dt justified\n|raw|<ul class=\"utilichart\"><li class=\"result\"><span class=\"col namecol\"><a href=\"https:\/\/dex.radicalred.net\/abilities\/justified\">Justified<\/a><\/span> <span class=\"col abilitydesccol\">This Pokemon's Attack is raised by 1 stage after it is damaged by a Dark-type move.<\/span> <\/li><li style=\"clear:both\"><\/li><\/ul>\n|raw|<font size=\"1\"><font color=\"#686868\">Gen:<\/font> 5<\/font>\n\n|c|\u2606Mr cyphon|is an ability where if the user is hit with a dark type move \n|c|\u2606Eggward807|oh\n|c|\u2606Mr cyphon|there attack is raised by one \n|\n|t:|1699894585\n|move|p2a: Arcanine|Flare Blitz|p1a: Kingler\n|-resisted|p1a: Kingler\n|-damage|p1a: Kingler|56\/100\n|-status|p1a: Kingler|brn\n|-damage|p2a: Arcanine|30\/100|[from] Recoil\n|move|p1a: Kingler|Agility|p1a: Kingler\n|-boost|p1a: Kingler|spe|2\n|\n|-damage|p1a: Kingler|50\/100 brn|[from] brn\n|upkeep\n|turn|4\n|\n|t:|1699894590\n|move|p1a: Kingler|Aqua Jet|p2a: Arcanine\n|-supereffective|p2a: Arcanine\n|-damage|p2a: Arcanine|6\/100\n|move|p2a: Arcanine|Flare Blitz|p1a: Kingler\n|-resisted|p1a: Kingler\n|-damage|p1a: Kingler|6\/100 brn\n|-damage|p2a: Arcanine|0 fnt|[from] Recoil\n|faint|p2a: Arcanine\n|\n|-damage|p1a: Kingler|0 fnt|[from] brn\n|faint|p1a: Kingler\n|upkeep\n|c|\u2606Eggward807|friken burn\n|\n|t:|1699894604\n|switch|p2a: Silvally|Silvally-Flying|100\/100\n|switch|p1a: Marowak|Marowak, F, shiny|100\/100\n|turn|5\n|\n|t:|1699894608\n|move|p2a: Silvally|Defog|p1a: Marowak\n|-unboost|p1a: Marowak|evasion|1\n|-sideend|p2: Mr cyphon|Sticky Web|[from] move: Defog|[of] p2a: Silvally\n|move|p1a: Marowak|Head Smash|p2a: Silvally\n|-supereffective|p2a: Silvally\n|-damage|p2a: Silvally|0 fnt\n|faint|p2a: Silvally\n|-damage|p1a: Marowak|48\/100|[from] Recoil\n|\n|upkeep\n|\n|t:|1699894620\n|switch|p2a: Pinsir|Pinsir, F|100\/100\n|turn|6\n|\n|t:|1699894624\n|move|p2a: Pinsir|Close Combat|p1a: Marowak\n|-damage|p1a: Marowak|13\/100\n|-unboost|p2a: Pinsir|def|1\n|-unboost|p2a: Pinsir|spd|1\n|move|p1a: Marowak|Bonemerang|p2a: Pinsir\n|-resisted|p2a: Pinsir\n|-damage|p2a: Pinsir|34\/100\n|-resisted|p2a: Pinsir\n|-damage|p2a: Pinsir|0 fnt\n|faint|p2a: Pinsir\n|-hitcount|p2: Pinsir|2\n|\n|upkeep\n|\n|t:|1699894628\n|switch|p2a: Machamp|Machamp, M|100\/100\n|turn|7\n|\n|t:|1699894635\n|switch|p1a: Typhlosion|Typhlosion-Hisui, M, shiny|100\/100\n|move|p2a: Machamp|Knock Off|p1a: Typhlosion\n|-supereffective|p1a: Typhlosion\n|-damage|p1a: Typhlosion|4\/100\n|-enditem|p1a: Typhlosion|Heavy-Duty Boots|[from] move: Knock Off|[of] p2a: Machamp\n|\n|-status|p2a: Machamp|tox|[from] item: Toxic Orb\n|upkeep\n|turn|8\n|c|\u2606Eggward807|why\n|\n|t:|1699894645\n|move|p1a: Typhlosion|Quick Attack|p2a: Machamp\n|-damage|p2a: Machamp|92\/100 tox\n|move|p2a: Machamp|Bullet Punch|p1a: Typhlosion\n|-resisted|p1a: Typhlosion\n|-damage|p1a: Typhlosion|0 fnt\n|faint|p1a: Typhlosion\n|\n|-damage|p2a: Machamp|86\/100 tox|[from] psn\n|upkeep\n|\n|t:|1699894649\n|switch|p1a: Marowak|Marowak, F, shiny|13\/100\n|turn|9\n|\n|t:|1699894654\n|move|p2a: Machamp|Bullet Punch|p1a: Marowak\n|-damage|p1a: Marowak|0 fnt\n|faint|p1a: Marowak\n|\n|-damage|p2a: Machamp|74\/100 tox|[from] psn\n|upkeep\n|\n|t:|1699894657\n|switch|p1a: Jumpluff|Jumpluff, M, shiny|100\/100\n|turn|10\n|\n|t:|1699894662\n|move|p1a: Jumpluff|Double-Edge|p2a: Machamp\n|-supereffective|p2a: Machamp\n|-damage|p2a: Machamp|0 fnt\n|faint|p2a: Machamp\n|-damage|p1a: Jumpluff|71\/100|[from] Recoil\n|\n|upkeep\n|\n|t:|1699894666\n|switch|p2a: Palossand|Palossand, M|100\/100\n|turn|11\n|\n|t:|1699894672\n|move|p1a: Jumpluff|Sleep Powder|p2a: Palossand\n|-status|p2a: Palossand|slp|[from] move: Sleep Powder\n|cant|p2a: Palossand|slp\n|\n|upkeep\n|turn|12\n|\n|t:|1699894675\n|move|p1a: Jumpluff|Leech Seed|p2a: Palossand|[miss]\n|-miss|p1a: Jumpluff|p2a: Palossand\n|cant|p2a: Palossand|slp\n|\n|upkeep\n|turn|13\n|\n|t:|1699894676\n|move|p1a: Jumpluff|Leech Seed|p2a: Palossand\n|-start|p2a: Palossand|move: Leech Seed\n|-curestatus|p2a: Palossand|slp|[msg]\n|move|p2a: Palossand|Shadow Ball|p1a: Jumpluff\n|-damage|p1a: Jumpluff|43\/100\n|\n|-damage|p2a: Palossand|88\/100|[from] Leech Seed|[of] p1a: Jumpluff\n|-heal|p1a: Jumpluff|57\/100|[silent]\n|upkeep\n|turn|14\n|\n|t:|1699894683\n|move|p1a: Jumpluff|Sleep Powder|p2a: Palossand\n|-status|p2a: Palossand|slp|[from] move: Sleep Powder\n|cant|p2a: Palossand|slp\n|\n|-heal|p2a: Palossand|94\/100 slp|[from] item: Leftovers\n|-damage|p2a: Palossand|82\/100 slp|[from] Leech Seed|[of] p1a: Jumpluff\n|-heal|p1a: Jumpluff|72\/100|[silent]\n|upkeep\n|turn|15\n|c|\u2606Eggward807|no iron defese\n|\n|t:|1699894686\n|move|p1a: Jumpluff|Leaf Blade|p2a: Palossand\n|-supereffective|p2a: Palossand\n|-damage|p2a: Palossand|32\/100 slp\n|-curestatus|p2a: Palossand|slp|[msg]\n|move|p2a: Palossand|Shadow Ball|p1a: Jumpluff\n|-damage|p1a: Jumpluff|42\/100\n|\n|-heal|p2a: Palossand|38\/100|[from] item: Leftovers\n|-damage|p2a: Palossand|26\/100|[from] Leech Seed|[of] p1a: Jumpluff\n|-heal|p1a: Jumpluff|56\/100|[silent]\n|upkeep\n|turn|16\n|\n|t:|1699894693\n|move|p1a: Jumpluff|Leaf Blade|p2a: Palossand\n|-supereffective|p2a: Palossand\n|-damage|p2a: Palossand|0 fnt\n|faint|p2a: Palossand\n|\n|upkeep\n|\n|t:|1699894694\n|switch|p2a: Barbaracle|Barbaracle, F|100\/100\n|turn|17\n|\n|t:|1699894698\n|move|p2a: Barbaracle|Accelerock|p1a: Jumpluff\n|-supereffective|p1a: Jumpluff\n|-damage|p1a: Jumpluff|0 fnt\n|faint|p1a: Jumpluff\n|\n|upkeep\n|c|\u2606Mr cyphon|ggs\n|\n|t:|1699894701\n|switch|p1a: Electrode|Electrode, shiny|100\/100\n|-item|p1a: Electrode|Air Balloon\n|turn|18\n|\n|t:|1699894706\n|move|p2a: Barbaracle|Accelerock|p1a: Electrode\n|-damage|p1a: Electrode|62\/100\n|-enditem|p1a: Electrode|Air Balloon\n|move|p1a: Electrode|Explosion|p2a: Barbaracle\n|-supereffective|p2a: Barbaracle\n|-damage|p2a: Barbaracle|0 fnt\n|faint|p1a: Electrode\n|faint|p2a: Barbaracle\n|\n|win|Mr cyphon\n|c|\u2606Eggward807|aw\n|c|\u2606Eggward807|gg\n|l|\u2606Eggward807\n","uploadtime":1699894727,"views":7,"p1id":"eggward807","p2id":"mrcyphon","formatid":"gen9ou","rating":0,"private":0,"password":""}