{"id":"radicalred-gen9ou-546118","p1":"nose xd123","p2":"mudkipfan333","format":"[Gen 9] OU","log":"|j|\u2606nose xd123\n|j|\u2606mudkipfan333\n|t:|1699920672\n|gametype|singles\n|player|p1|nose xd123|2|1074\n|player|p2|mudkipfan333|rr-zeraora|1203\n|teamsize|p1|6\n|teamsize|p2|6\n|gen|9\n|tier|[Gen 9] OU\n|rated|\n|rule|Sleep Clause Mod: Limit one foe put to sleep\n|rule|Species Clause: Limit one of each Pok\u00e9mon\n|rule|OHKO Clause: OHKO moves are banned\n|rule|Evasion Abilities Clause: Evasion abilities are banned\n|rule|Evasion Items Clause: Evasion items are banned\n|rule|Evasion Moves Clause: Evasion moves are banned\n|rule|Endless Battle Clause: Forcing endless battles is banned\n|rule|HP Percentage Mod: HP is shown in percentages\n|rule|Dynamax Clause: You cannot dynamax\n|clearpoke\n|poke|p1|Iron Treads|\n|poke|p1|Greninja-*, M|\n|poke|p1|Duraludon, F|\n|poke|p1|Grimmsnarl, M|\n|poke|p1|Alomomola, M|\n|poke|p1|Dodrio-Sevii, F|\n|poke|p2|Pelipper, F|\n|poke|p2|Swampert, F|\n|poke|p2|Kingdra, M|\n|poke|p2|Vikavolt, F|\n|poke|p2|Lilligant-Hisui, F|\n|poke|p2|Tinkaton, F|\n|teampreview\n|\n|t:|1699920714\n|start\n|switch|p1a: Grimmsnarl|Grimmsnarl, M|100\/100\n|switch|p2a: Pelipper|Pelipper, F|100\/100\n|-weather|RainDance|[from] ability: Drizzle|[of] p2a: Pelipper\n|turn|1\n|\n|t:|1699920720\n|switch|p2a: Kingdra|Kingdra, M|100\/100\n|move|p1a: Grimmsnarl|Reflect|p1a: Grimmsnarl\n|-sidestart|p1: nose xd123|Reflect\n|\n|-weather|RainDance|[upkeep]\n|upkeep\n|turn|2\n|\n|t:|1699920736\n|move|p1a: Grimmsnarl|Light Screen|p1a: Grimmsnarl\n|-sidestart|p1: nose xd123|move: Light Screen\n|move|p2a: Kingdra|Flash Cannon|p1a: Grimmsnarl\n|-supereffective|p1a: Grimmsnarl\n|-damage|p1a: Grimmsnarl|74\/100\n|-damage|p2a: Kingdra|91\/100|[from] item: Life Orb\n|\n|-weather|RainDance|[upkeep]\n|upkeep\n|turn|3\n|\n|t:|1699920740\n|switch|p2a: Tinkaton|Tinkaton, F|100\/100\n|-ability|p2a: Tinkaton|Mold Breaker\n|move|p1a: Grimmsnarl|Parting Shot|p2a: Tinkaton\n|-unboost|p2a: Tinkaton|atk|1\n|-unboost|p2a: Tinkaton|spa|1\n|\n|t:|1699920749\n|switch|p1a: Iron Treads|Iron Treads|100\/100|[from] Parting Shot\n|\n|-weather|RainDance|[upkeep]\n|upkeep\n|turn|4\n|\n|t:|1699920751\n|move|p2a: Tinkaton|Fake Out|p1a: Iron Treads\n|-resisted|p1a: Iron Treads\n|-damage|p1a: Iron Treads|99\/100\n|cant|p1a: Iron Treads|flinch\n|\n|-weather|RainDance|[upkeep]\n|-heal|p1a: Iron Treads|100\/100|[from] item: Leftovers\n|upkeep\n|turn|5\n|\n|t:|1699920758\n|switch|p2a: Pelipper|Pelipper, F|100\/100\n|move|p1a: Iron Treads|Stealth Rock|p2a: Pelipper\n|-sidestart|p2: mudkipfan333|move: Stealth Rock\n|\n|-weather|none\n|upkeep\n|turn|6\n|\n|t:|1699920761\n|move|p1a: Iron Treads|Knock Off|p2a: Pelipper\n|-damage|p2a: Pelipper|70\/100\n|-enditem|p2a: Pelipper|Heavy-Duty Boots|[from] move: Knock Off|[of] p1a: Iron Treads\n|move|p2a: Pelipper|Scald|p1a: Iron Treads\n|-supereffective|p1a: Iron Treads\n|-damage|p1a: Iron Treads|50\/100\n|\n|-heal|p1a: Iron Treads|56\/100|[from] item: Leftovers\n|upkeep\n|turn|7\n|\n|t:|1699920771\n|-end|p1a: Iron Treads|Quark Drive|[silent]\n|switch|p1a: Alomomola|Alomomola, M|100\/100\n|switch|p2a: Swampert|Swampert, F|100\/100\n|-damage|p2a: Swampert|94\/100|[from] Stealth Rock\n|\n|upkeep\n|turn|8\n|j| Einstein_pickleton\n|j| yharimjungletyrant\n|\n|t:|1699920814\n|switch|p2a: Pelipper|Pelipper, F|70\/100\n|-damage|p2a: Pelipper|45\/100|[from] Stealth Rock\n|-weather|RainDance|[from] ability: Drizzle|[of] p2a: Pelipper\n|move|p1a: Alomomola|Toxic|p2a: Pelipper\n|-status|p2a: Pelipper|tox\n|\n|-weather|RainDance|[upkeep]\n|-damage|p2a: Pelipper|38\/100 tox|[from] psn\n|-sideend|p1: nose xd123|Reflect\n|upkeep\n|turn|9\n|\n|t:|1699920817\n|move|p1a: Alomomola|Flip Turn|p2a: Pelipper\n|-resisted|p2a: Pelipper\n|-damage|p2a: Pelipper|25\/100 tox\n|\n|t:|1699920820\n|switch|p1a: Grimmsnarl|Grimmsnarl, M|74\/100|[from] Flip Turn\n|move|p2a: Pelipper|Defog|p1a: Grimmsnarl\n|-unboost|p1a: Grimmsnarl|evasion|1\n|-sideend|p1: nose xd123|move: Light Screen\n|-sideend|p2: mudkipfan333|Stealth Rock|[from] move: Defog|[of] p2a: Pelipper\n|\n|-weather|RainDance|[upkeep]\n|-damage|p2a: Pelipper|13\/100 tox|[from] psn\n|upkeep\n|turn|10\n|l| Einstein_pickleton\n|\n|t:|1699920858\n|switch|p2a: Lilligant|Lilligant-Hisui, F|100\/100\n|move|p1a: Grimmsnarl|Light Screen|p1a: Grimmsnarl\n|-sidestart|p1: nose xd123|move: Light Screen\n|\n|-weather|RainDance|[upkeep]\n|upkeep\n|turn|11\n|\n|t:|1699920862\n|move|p1a: Grimmsnarl|Reflect|p1a: Grimmsnarl\n|-sidestart|p1: nose xd123|Reflect\n|move|p2a: Lilligant|Victory Dance|p2a: Lilligant\n|-boost|p2a: Lilligant|atk|1\n|-boost|p2a: Lilligant|def|1\n|-boost|p2a: Lilligant|spe|1\n|\n|-weather|RainDance|[upkeep]\n|upkeep\n|turn|12\n|\n|t:|1699920897\n|move|p1a: Grimmsnarl|Parting Shot|p2a: Lilligant\n|-unboost|p2a: Lilligant|atk|1\n|-unboost|p2a: Lilligant|spa|1\n|\n|t:|1699920901\n|switch|p1a: Duraludon|Duraludon, F|100\/100|[from] Parting Shot\n|move|p2a: Lilligant|Victory Dance|p2a: Lilligant\n|-boost|p2a: Lilligant|atk|1\n|-boost|p2a: Lilligant|def|1\n|-boost|p2a: Lilligant|spe|1\n|\n|-weather|none\n|upkeep\n|turn|13\n|\n|t:|1699920907\n|detailschange|p1a: Duraludon|Duraludon-Mega, F\n|-mega|p1a: Duraludon|Duraludon|Duraludonite\n|move|p2a: Lilligant|Drain Punch|p1a: Duraludon\n|-supereffective|p1a: Duraludon\n|-damage|p1a: Duraludon|53\/100\n|move|p1a: Duraludon|Draco Meteor|p2a: Lilligant\n|-enditem|p2a: Lilligant|Focus Sash\n|-damage|p2a: Lilligant|1\/100\n|\n|upkeep\n|turn|14\n|\n|t:|1699920914\n|switch|p2a: Tinkaton|Tinkaton, F|100\/100\n|-ability|p2a: Tinkaton|Mold Breaker\n|move|p1a: Duraludon|Draco Meteor|p2a: Tinkaton\n|-immune|p2a: Tinkaton\n|\n|upkeep\n|turn|15\n|\n|t:|1699920918\n|move|p1a: Duraludon|Steel Beam|p2a: Tinkaton\n|-damage|p2a: Tinkaton|37\/100\n|move|p2a: Tinkaton|Play Rough|p1a: Duraludon\n|-damage|p1a: Duraludon|37\/100\n|\n|-heal|p2a: Tinkaton|43\/100|[from] item: Leftovers\n|upkeep\n|turn|16\n|\n|t:|1699920923\n|switch|p2a: Pelipper|Pelipper, F|13\/100 tox\n|-weather|RainDance|[from] ability: Drizzle|[of] p2a: Pelipper\n|move|p1a: Duraludon|Steel Beam|p2a: Pelipper\n|-resisted|p2a: Pelipper\n|-damage|p2a: Pelipper|0 fnt\n|faint|p2a: Pelipper\n|\n|-weather|RainDance|[upkeep]\n|upkeep\n|j| Einstein_pickleton\n|l| Einstein_pickleton\n|j| Einstein_pickleton\n|\n|t:|1699920952\n|switch|p2a: Swampert|Swampert, F|94\/100\n|turn|17\n|\n|t:|1699920968\n|switch|p1a: Alomomola|Alomomola, M|100\/100\n|detailschange|p2a: Swampert|Swampert-Mega, F\n|-mega|p2a: Swampert|Swampert|Swampertite\n|move|p2a: Swampert|Earthquake|p1a: Alomomola\n|-damage|p1a: Alomomola|82\/100\n|\n|-weather|RainDance|[upkeep]\n|-sideend|p1: nose xd123|move: Light Screen\n|upkeep\n|turn|18\n|\n|t:|1699920977\n|switch|p2a: Vikavolt|Vikavolt, F|100\/100\n|move|p1a: Alomomola|Toxic|p2a: Vikavolt\n|-status|p2a: Vikavolt|tox\n|\n|-weather|RainDance|[upkeep]\n|-damage|p2a: Vikavolt|94\/100 tox|[from] psn\n|-sideend|p1: nose xd123|Reflect\n|upkeep\n|turn|19\n|\n|t:|1699920982\n|switch|p1a: Iron Treads|Iron Treads|56\/100\n|move|p2a: Vikavolt|Thunder|p1a: Iron Treads\n|-immune|p1a: Iron Treads\n|\n|-weather|RainDance|[upkeep]\n|-heal|p1a: Iron Treads|62\/100|[from] item: Leftovers\n|-damage|p2a: Vikavolt|82\/100 tox|[from] psn\n|upkeep\n|turn|20\n|\n|t:|1699920996\n|move|p1a: Iron Treads|Stealth Rock|p2a: Vikavolt\n|-sidestart|p2: mudkipfan333|move: Stealth Rock\n|move|p2a: Vikavolt|Energy Ball|p1a: Iron Treads\n|-damage|p1a: Iron Treads|12\/100\n|\n|-weather|none\n|-heal|p1a: Iron Treads|19\/100|[from] item: Leftovers\n|-damage|p2a: Vikavolt|64\/100 tox|[from] psn\n|upkeep\n|turn|21\n|\n|t:|1699921001\n|-end|p1a: Iron Treads|Quark Drive|[silent]\n|switch|p1a: Grimmsnarl|Grimmsnarl, M|74\/100\n|move|p2a: Vikavolt|Energy Ball|p1a: Grimmsnarl\n|-damage|p1a: Grimmsnarl|41\/100\n|-unboost|p1a: Grimmsnarl|spd|1\n|\n|-damage|p2a: Vikavolt|39\/100 tox|[from] psn\n|upkeep\n|turn|22\n|\n|t:|1699921008\n|move|p1a: Grimmsnarl|Light Screen|p1a: Grimmsnarl\n|-sidestart|p1: nose xd123|move: Light Screen\n|move|p2a: Vikavolt|Flash Cannon|p1a: Grimmsnarl\n|-supereffective|p1a: Grimmsnarl\n|-damage|p1a: Grimmsnarl|0 fnt\n|faint|p1a: Grimmsnarl\n|\n|-damage|p2a: Vikavolt|8\/100 tox|[from] psn\n|upkeep\n|\n|t:|1699921013\n|switch|p1a: Greninja|Greninja, M|100\/100\n|turn|23\n|\n|t:|1699921017\n|switch|p2a: Tinkaton|Tinkaton, F|43\/100\n|-damage|p2a: Tinkaton|37\/100|[from] Stealth Rock\n|-ability|p2a: Tinkaton|Mold Breaker\n|move|p1a: Greninja|Water Shuriken|p2a: Tinkaton\n|-damage|p2a: Tinkaton|29\/100\n|-damage|p2a: Tinkaton|22\/100\n|-damage|p2a: Tinkaton|14\/100\n|-crit|p2a: Tinkaton\n|-damage|p2a: Tinkaton|2\/100\n|-hitcount|p2a: Tinkaton|4\n|-damage|p1a: Greninja|91\/100|[from] item: Life Orb\n|\n|-heal|p2a: Tinkaton|9\/100|[from] item: Leftovers\n|upkeep\n|turn|24\n|\n|t:|1699921022\n|move|p2a: Tinkaton|Fake Out|p1a: Greninja\n|-damage|p1a: Greninja|70\/100\n|cant|p1a: Greninja|flinch\n|\n|-heal|p2a: Tinkaton|15\/100|[from] item: Leftovers\n|upkeep\n|turn|25\n|\n|t:|1699921033\n|move|p1a: Greninja|Water Shuriken|p2a: Tinkaton\n|-damage|p2a: Tinkaton|6\/100\n|-damage|p2a: Tinkaton|0 fnt\n|faint|p2a: Tinkaton\n|-activate|p1a: Greninja|ability: Battle Bond\n|detailschange|p1a: Greninja|Greninja-Ash, M\n|-hitcount|p2: Tinkaton|2\n|-damage|p1a: Greninja|60\/100|[from] item: Life Orb\n|\n|upkeep\n|\n|t:|1699921036\n|switch|p2a: Kingdra|Kingdra, M|91\/100\n|-damage|p2a: Kingdra|78\/100|[from] Stealth Rock\n|turn|26\n|\n|t:|1699921040\n|switch|p1a: Iron Treads|Iron Treads|19\/100\n|move|p2a: Kingdra|Draco Barrage|p1a: Iron Treads\n|-resisted|p1a: Iron Treads\n|-damage|p1a: Iron Treads|0 fnt\n|faint|p1a: Iron Treads\n|-end|p1a: Iron Treads|Quark Drive|[silent]\n|-damage|p2a: Kingdra|72\/100|[from] Recoil\n|-damage|p2a: Kingdra|62\/100|[from] item: Life Orb\n|\n|upkeep\n|\n|t:|1699921048\n|switch|p1a: Duraludon|Duraludon-Mega, F|37\/100\n|turn|27\n|\n|t:|1699921068\n|switch|p2a: Lilligant|Lilligant-Hisui, F|1\/100\n|-damage|p2a: Lilligant|0 fnt|[from] Stealth Rock\n|faint|p2a: Lilligant\n|move|p1a: Duraludon|Draco Meteor|p2: Lilligant|[notarget]\n|-fail|p1a: Duraludon\n|\n|upkeep\n|\n|t:|1699921070\n|switch|p2a: Vikavolt|Vikavolt, F|8\/100 tox\n|-damage|p2a: Vikavolt|0 fnt|[from] Stealth Rock\n|faint|p2a: Vikavolt\n|\n|t:|1699921072\n|switch|p2a: Swampert|Swampert-Mega, F|94\/100\n|-damage|p2a: Swampert|88\/100|[from] Stealth Rock\n|turn|28\n|\n|t:|1699921077\n|move|p1a: Duraludon|Draco Meteor|p2a: Swampert\n|-crit|p2a: Swampert\n|-damage|p2a: Swampert|0 fnt\n|faint|p2a: Swampert\n|\n|upkeep\n|\n|t:|1699921080\n|switch|p2a: Kingdra|Kingdra, M|62\/100\n|-damage|p2a: Kingdra|49\/100|[from] Stealth Rock\n|turn|29\n|\n|t:|1699921084\n|move|p1a: Duraludon|Draco Meteor|p2a: Kingdra\n|-supereffective|p2a: Kingdra\n|-damage|p2a: Kingdra|0 fnt\n|faint|p2a: Kingdra\n|\n|win|nose xd123\n|raw|nose xd123's rating: 1074 &rarr; <strong>1125<\/strong><br \/>(+51 for winning)\n|raw|mudkipfan333's rating: 1203 &rarr; <strong>1182<\/strong><br \/>(-21 for losing)\n|l|\u2606mudkipfan333\n|c|\u2606nose xd123|gg\n","uploadtime":1699921099,"views":8,"p1id":"nosexd123","p2id":"mudkipfan333","formatid":"gen9ou","rating":0,"private":0,"password":""}