{"id":"radicalred-gen9ou-549881","p1":"zzHayp","p2":"zongalezz","format":"[Gen 9] OU","log":"|j|\u2606zzHayp\n|j|\u2606zongalezz\n|t:|1700689020\n|gametype|singles\n|player|p1|zzHayp|rr-bewear|\n|player|p2|zongalezz|265|\n|teamsize|p1|6\n|teamsize|p2|6\n|gen|9\n|tier|[Gen 9] OU\n|rule|Sleep Clause Mod: Limit one foe put to sleep\n|rule|Species Clause: Limit one of each Pok\u00e9mon\n|rule|OHKO Clause: OHKO moves are banned\n|rule|Evasion Abilities Clause: Evasion abilities are banned\n|rule|Evasion Items Clause: Evasion items are banned\n|rule|Evasion Moves Clause: Evasion moves are banned\n|rule|Endless Battle Clause: Forcing endless battles is banned\n|rule|HP Percentage Mod: HP is shown in percentages\n|rule|Dynamax Clause: You cannot dynamax\n|clearpoke\n|poke|p1|Ledian, M|\n|poke|p1|Aerodactyl, F|\n|poke|p1|Klinklang|\n|poke|p1|Cacturne, M|\n|poke|p1|Sandslash, F|\n|poke|p1|Gigalith, M|\n|poke|p2|Octillery, M|\n|poke|p2|Dodrio, M|\n|poke|p2|Kingler, F|\n|poke|p2|Donphan, F|\n|poke|p2|Samurott, F|\n|poke|p2|Electivire, F|\n|teampreview\n|c|\u2606zzHayp|ih quale\n|c|\u2606zongalezz|o o time do cara\n|c|\u2606zzHayp|pegou Samu buffado\n|c|\u2606zzHayp|droga\n|c|\u2606zzHayp|tou na desvantagem\n|c|\u2606zzHayp|a minha extens\u00e3o de calculadora n\u00e3o pega aqui\n|c|\u2606zzHayp|:(\n|c|\u2606zongalezz|s\u00f3 foquei nos bicho que mudaram\n|\n|t:|1700689092\n|start\n|switch|p1a: Gigalith|Gigalith, M, shiny|100\/100\n|switch|p2a: Kingler|Kingler, F|100\/100\n|-weather|Sandstorm|[from] ability: Sand Stream|[of] p1a: Gigalith\n|turn|1\n|c|\u2606zongalezz|menos o kingler, ele t\u00e1 com as mesma habilidade, mas fiquei com d\u00f3 de tirar\n|\n|t:|1700689114\n|move|p2a: Kingler|Iron Head|p1a: Gigalith\n|-supereffective|p1a: Gigalith\n|-damage|p1a: Gigalith|28\/100\n|move|p1a: Gigalith|Stealth Rock|p2a: Kingler\n|-sidestart|p2: zongalezz|move: Stealth Rock\n|\n|-weather|Sandstorm|[upkeep]\n|-damage|p2a: Kingler|95\/100|[from] Sandstorm\n|upkeep\n|turn|2\n|c|\u2606zzHayp|Kingler ta buffado pq ele ganhou mega\n|\n|t:|1700689124\n|switch|p1a: Cacturne|Cacturne, M|100\/100\n|move|p2a: Kingler|Iron Head|p1a: Cacturne\n|-damage|p1a: Cacturne|10\/100\n|\n|-weather|Sandstorm|[upkeep]\n|-damage|p2a: Kingler|89\/100|[from] Sandstorm\n|upkeep\n|turn|3\n|c|\u2606zongalezz|mega \u00e9 pra quem n\u00e3o se garante\n|c|\u2606zzHayp|true\n|\n|t:|1700689154\n|move|p1a: Cacturne|Giga Drain|p2a: Kingler\n|-supereffective|p2a: Kingler\n|-damage|p2a: Kingler|0 fnt\n|-heal|p1a: Cacturne|50\/100|[from] drain|[of] p2a: Kingler\n|faint|p2a: Kingler\n|-damage|p1a: Cacturne|40\/100|[from] item: Life Orb\n|\n|-weather|Sandstorm|[upkeep]\n|upkeep\n|\n|t:|1700689161\n|switch|p2a: Dodrio|Dodrio, M|100\/100\n|-damage|p2a: Dodrio|76\/100|[from] Stealth Rock\n|turn|4\n|\n|t:|1700689176\n|switch|p1a: Klinklang|Klinklang, shiny|100\/100\n|move|p2a: Dodrio|U-turn|p1a: Klinklang\n|-resisted|p1a: Klinklang\n|-damage|p1a: Klinklang|82\/100\n|\n|t:|1700689183\n|switch|p2a: Octillery|Octillery, M|100\/100|[from] U-turn\n|-damage|p2a: Octillery|88\/100|[from] Stealth Rock\n|\n|-weather|Sandstorm|[upkeep]\n|-damage|p2a: Octillery|82\/100|[from] Sandstorm\n|-heal|p1a: Klinklang|88\/100|[from] item: Leftovers\n|upkeep\n|turn|5\n|j| Major Something\n|c|\u2606zongalezz|olha o goat\n|c|\u2606zzHayp|damn\n|\n|t:|1700689207\n|move|p2a: Octillery|Aura Sphere|p1a: Klinklang\n|-supereffective|p1a: Klinklang\n|-damage|p1a: Klinklang|0 fnt\n|faint|p1a: Klinklang\n|\n|-weather|Sandstorm|[upkeep]\n|-damage|p2a: Octillery|76\/100|[from] Sandstorm\n|upkeep\n|c|\u2606zzHayp|lapada\n|\n|t:|1700689215\n|switch|p1a: Cacturne|Cacturne, M|40\/100\n|turn|6\n|\n|t:|1700689221\n|move|p1a: Cacturne|Giga Drain|p2a: Octillery\n|-supereffective|p2a: Octillery\n|-damage|p2a: Octillery|0 fnt\n|-heal|p1a: Cacturne|79\/100|[from] drain|[of] p2a: Octillery\n|faint|p2a: Octillery\n|-damage|p1a: Cacturne|69\/100|[from] item: Life Orb\n|\n|-weather|Sandstorm|[upkeep]\n|upkeep\n|c|\u2606zongalezz|cacturne scarf assim memo?\n|c|\u2606zongalezz|ou to maluco?\n|c|\u2606zzHayp|n\u00e3o\n|c|\u2606zzHayp|sand rush\n|c|\u2606zongalezz|ata\n|c|\u2606zongalezz|s\u00f3 agora vi\n|\n|t:|1700689254\n|switch|p2a: Donphan|Donphan, F|100\/100\n|-damage|p2a: Donphan|94\/100|[from] Stealth Rock\n|turn|7\n|\n|t:|1700689267\n|switch|p1a: Aerodactyl|Aerodactyl, F, shiny|100\/100\n|move|p2a: Donphan|Ice Shard|p1a: Aerodactyl\n|-supereffective|p1a: Aerodactyl\n|-damage|p1a: Aerodactyl|25\/100\n|\n|-weather|Sandstorm|[upkeep]\n|upkeep\n|turn|8\n|c|\u2606zzHayp|rip Aero\n|\n|t:|1700689287\n|move|p2a: Donphan|Ice Shard|p1a: Aerodactyl\n|-supereffective|p1a: Aerodactyl\n|-damage|p1a: Aerodactyl|0 fnt\n|faint|p1a: Aerodactyl\n|\n|-weather|none\n|upkeep\n|\n|t:|1700689290\n|switch|p1a: Gigalith|Gigalith, M, shiny|28\/100\n|-weather|Sandstorm|[from] ability: Sand Stream|[of] p1a: Gigalith\n|turn|9\n|\n|t:|1700689303\n|move|p2a: Donphan|Earthquake|p1a: Gigalith\n|-supereffective|p1a: Gigalith\n|-damage|p1a: Gigalith|0 fnt\n|faint|p1a: Gigalith\n|\n|-weather|Sandstorm|[upkeep]\n|upkeep\n|\n|t:|1700689315\n|switch|p1a: Ledian|Ledian, M|100\/100\n|turn|10\n|\n|t:|1700689323\n|move|p1a: Ledian|Ice Punch|p2a: Donphan\n|-supereffective|p2a: Donphan\n|-damage|p2a: Donphan|50\/100\n|move|p2a: Donphan|Rock Blast|p1a: Ledian\n|-damage|p1a: Ledian|71\/100\n|-crit|p1a: Ledian\n|-damage|p1a: Ledian|27\/100\n|-damage|p1a: Ledian|0 fnt\n|faint|p1a: Ledian\n|-hitcount|p1: Ledian|3\n|\n|-weather|Sandstorm|[upkeep]\n|upkeep\n|c|\u2606zzHayp|gg\n|\n|t:|1700689333\n|switch|p1a: Sandslash|Sandslash, F|100\/100\n|turn|11\n|\n|t:|1700689338\n|move|p2a: Donphan|Ice Shard|p1a: Sandslash\n|-supereffective|p1a: Sandslash\n|-damage|p1a: Sandslash|57\/100\n|-zpower|p1a: Sandslash\n|move|p1a: Sandslash|Tectonic Rage|p2a: Donphan|[zeffect]\n|-damage|p2a: Donphan|0 fnt\n|faint|p2a: Donphan\n|\n|-weather|Sandstorm|[upkeep]\n|upkeep\n|\n|t:|1700689359\n|switch|p2a: Samurott|Samurott, F|100\/100\n|-damage|p2a: Samurott|94\/100|[from] Stealth Rock\n|turn|12\n|\n|t:|1700689377\n|move|p1a: Sandslash|Earthquake|p2a: Samurott\n|-supereffective|p2a: Samurott\n|-damage|p2a: Samurott|0 fnt\n|faint|p2a: Samurott\n|\n|-weather|Sandstorm|[upkeep]\n|upkeep\n|c|\u2606zongalezz|vo perder por causa do sand rush quer ver?\n|\n|t:|1700689401\n|switch|p2a: Dodrio|Dodrio, M|76\/100\n|-damage|p2a: Dodrio|51\/100|[from] Stealth Rock\n|turn|13\n|c|\u2606zzHayp|nada fi\n|\n|t:|1700689411\n|move|p1a: Sandslash|Knock Off|p2a: Dodrio\n|-damage|p2a: Dodrio|0 fnt\n|-enditem|p2a: Dodrio|Choice Band|[from] move: Knock Off|[of] p1a: Sandslash\n|faint|p2a: Dodrio\n|\n|-weather|Sandstorm|[upkeep]\n|upkeep\n|c|\u2606zzHayp|ih\n|\n|t:|1700689417\n|switch|p2a: Electivire|Electivire, F|100\/100\n|-damage|p2a: Electivire|88\/100|[from] Stealth Rock\n|turn|14\n|c|\u2606zzHayp|kkkkkkkk\n|\n|t:|1700689422\n|move|p2a: Electivire|Mach Punch|p1a: Sandslash\n|-damage|p1a: Sandslash|40\/100\n|move|p1a: Sandslash|Earthquake|p2a: Electivire\n|-supereffective|p2a: Electivire\n|-damage|p2a: Electivire|0 fnt\n|faint|p2a: Electivire\n|\n|win|zzHayp\n|c|\u2606zongalezz|porra\n|c|\u2606zzHayp|pior que foi boa a match\n|c|\u2606zzHayp|also\n|c|\u2606zongalezz|mas nem pensei muito nesse time\n|c|\u2606zzHayp|hi new dude\n|c|\u2606zongalezz|hi\n","uploadtime":1700689456,"views":6,"p1id":"zzhayp","p2id":"zongalezz","formatid":"gen9ou","rating":0,"private":0,"password":""}