{"id":"radicalred-gen9ou-551699","p1":"Egg807","p2":"Mr cyphon","format":"[Gen 9] OU","log":"|j|\u2606Egg807\n|j|\u2606Mr cyphon\n|t:|1701116229\n|gametype|singles\n|player|p1|Egg807|rr-sprigatito|\n|player|p2|Mr cyphon|rr-jirachi|\n|teamsize|p1|6\n|teamsize|p2|6\n|gen|9\n|tier|[Gen 9] OU\n|rule|Sleep Clause Mod: Limit one foe put to sleep\n|rule|Species Clause: Limit one of each Pok\u00e9mon\n|rule|OHKO Clause: OHKO moves are banned\n|rule|Evasion Abilities Clause: Evasion abilities are banned\n|rule|Evasion Items Clause: Evasion items are banned\n|rule|Evasion Moves Clause: Evasion moves are banned\n|rule|Endless Battle Clause: Forcing endless battles is banned\n|rule|HP Percentage Mod: HP is shown in percentages\n|rule|Dynamax Clause: You cannot dynamax\n|clearpoke\n|poke|p1|Electrode|\n|poke|p1|Kingler, F|\n|poke|p1|Jumpluff, F|\n|poke|p1|Marowak, F|\n|poke|p1|Typhlosion-Hisui, F|\n|poke|p1|Spidops, M|\n|poke|p2|Meganium, F|\n|poke|p2|Kabutops, F|\n|poke|p2|Goodra, F|\n|poke|p2|Palossand, M|\n|poke|p2|Simisear, M|\n|poke|p2|Galvantula, F|\n|teampreview\n|c|\u2606Egg807|i found its spot\n|c|\u2606Mr cyphon|have fun\n|\n|t:|1701116260\n|start\n|switch|p1a: Spidops|Spidops, M, shiny|100\/100\n|switch|p2a: Galvantula|Galvantula, F|100\/100\n|turn|1\n|\n|t:|1701116290\n|move|p1a: Spidops|Silk Trap|p1a: Spidops\n|-singleturn|p1a: Spidops|Protect\n|move|p2a: Galvantula|Thunder|p1a: Spidops\n|-activate|p1a: Spidops|move: Protect\n|\n|upkeep\n|turn|2\n|\n|t:|1701116295\n|move|p2a: Galvantula|Thunder|p1a: Spidops\n|-damage|p1a: Spidops|52\/100\n|move|p1a: Spidops|Sticky Web|p2a: Galvantula\n|-sidestart|p2: Mr cyphon|move: Sticky Web\n|\n|upkeep\n|turn|3\n|\n|t:|1701116300\n|move|p2a: Galvantula|Sticky Web|p1a: Spidops\n|-sidestart|p1: Egg807|move: Sticky Web\n|move|p1a: Spidops|Spikes|p2a: Galvantula\n|-sidestart|p2: Mr cyphon|Spikes\n|\n|upkeep\n|turn|4\n|inactive|Battle timer is ON: inactive players will automatically lose when time's up. (requested by Egg807)\n|\n|t:|1701116306\n|move|p2a: Galvantula|Thunder|p1a: Spidops\n|-damage|p1a: Spidops|6\/100\n|move|p1a: Spidops|Circle Throw|p2a: Galvantula\n|-resisted|p2a: Galvantula\n|-damage|p2a: Galvantula|89\/100\n|drag|p2a: Palossand|Palossand, M|100\/100\n|-damage|p2a: Palossand|88\/100|[from] Spikes\n|-activate|p2a: Palossand|move: Sticky Web\n|-unboost|p2a: Palossand|spe|1\n|\n|-heal|p2a: Palossand|94\/100|[from] item: Leftovers\n|upkeep\n|turn|5\n|\n|t:|1701116312\n|move|p1a: Spidops|Spikes|p2a: Palossand\n|-sidestart|p2: Mr cyphon|Spikes\n|move|p2a: Palossand|Toxic|p1a: Spidops\n|-status|p1a: Spidops|tox\n|\n|-heal|p2a: Palossand|100\/100|[from] item: Leftovers\n|-damage|p1a: Spidops|0 fnt|[from] psn\n|faint|p1a: Spidops\n|upkeep\n|\n|t:|1701116317\n|switch|p1a: Jumpluff|Jumpluff, F, shiny|100\/100\n|turn|6\n|\n|t:|1701116323\n|switch|p2a: Meganium|Meganium, F|100\/100\n|-activate|p2a: Meganium|move: Sticky Web\n|-unboost|p2a: Meganium|spe|1\n|-damage|p2a: Meganium|84\/100|[from] Spikes\n|move|p1a: Jumpluff|Sleep Powder|p2a: Meganium\n|-immune|p2a: Meganium\n|\n|-heal|p2a: Meganium|90\/100|[from] item: Leftovers\n|upkeep\n|turn|7\n|\n|t:|1701116327\n|move|p1a: Jumpluff|Double-Edge|p2a: Meganium\n|-supereffective|p2a: Meganium\n|-damage|p2a: Meganium|15\/100\n|-damage|p1a: Jumpluff|70\/100|[from] Recoil\n|move|p2a: Meganium|Reflect|p2a: Meganium\n|-sidestart|p2: Mr cyphon|Reflect\n|\n|-heal|p2a: Meganium|21\/100|[from] item: Leftovers\n|upkeep\n|turn|8\n|\n|t:|1701116330\n|move|p2a: Meganium|Draining Kiss|p1a: Jumpluff\n|-damage|p1a: Jumpluff|52\/100\n|-heal|p2a: Meganium|32\/100|[from] drain|[of] p1a: Jumpluff\n|move|p1a: Jumpluff|Double-Edge|p2a: Meganium\n|-supereffective|p2a: Meganium\n|-damage|p2a: Meganium|0 fnt\n|faint|p2a: Meganium\n|-damage|p1a: Jumpluff|39\/100|[from] Recoil\n|\n|upkeep\n|\n|t:|1701116360\n|switch|p2a: Goodra|Goodra, F|100\/100\n|-activate|p2a: Goodra|move: Sticky Web\n|-unboost|p2a: Goodra|spe|1\n|-damage|p2a: Goodra|84\/100|[from] Spikes\n|turn|9\n|c|\u2606Egg807|do any of ur guys have rapid spin\n|c|\u2606Mr cyphon|no\n|\n|t:|1701116374\n|switch|p1a: Kingler|Kingler, F, shiny|100\/100\n|-activate|p1a: Kingler|move: Sticky Web\n|-unboost|p1a: Kingler|spe|1\n|move|p2a: Goodra|Flamethrower|p1a: Kingler\n|-resisted|p1a: Kingler\n|-damage|p1a: Kingler|76\/100\n|\n|-heal|p2a: Goodra|90\/100|[from] item: Leftovers\n|upkeep\n|turn|10\n|\n|t:|1701116382\n|switch|p2a: Palossand|Palossand, M|100\/100\n|-damage|p2a: Palossand|84\/100|[from] Spikes\n|-activate|p2a: Palossand|move: Sticky Web\n|-unboost|p2a: Palossand|spe|1\n|move|p1a: Kingler|Ice Hammer|p2a: Palossand\n|-supereffective|p2a: Palossand\n|-damage|p2a: Palossand|53\/100\n|\n|-heal|p2a: Palossand|59\/100|[from] item: Leftovers\n|upkeep\n|turn|11\n|\n|t:|1701116392\n|move|p1a: Kingler|Ice Hammer|p2a: Palossand\n|-supereffective|p2a: Palossand\n|-damage|p2a: Palossand|32\/100\n|move|p2a: Palossand|Earth Power|p1a: Kingler\n|-damage|p1a: Kingler|0 fnt\n|faint|p1a: Kingler\n|\n|-heal|p2a: Palossand|38\/100|[from] item: Leftovers\n|-sideend|p2: Mr cyphon|Reflect\n|upkeep\n|\n|t:|1701116405\n|switch|p1a: Jumpluff|Jumpluff, F, shiny|39\/100\n|turn|12\n|\n|t:|1701116410\n|switch|p2a: Goodra|Goodra, F|90\/100\n|-activate|p2a: Goodra|move: Sticky Web\n|-unboost|p2a: Goodra|spe|1\n|-damage|p2a: Goodra|73\/100|[from] Spikes\n|move|p1a: Jumpluff|Sleep Powder|p2a: Goodra\n|-ability|p2a: Goodra|Sap Sipper|boost\n|-boost|p2a: Goodra|atk|1\n|\n|-heal|p2a: Goodra|80\/100|[from] item: Leftovers\n|upkeep\n|turn|13\n|\n|t:|1701116417\n|move|p1a: Jumpluff|Double-Edge|p2a: Goodra\n|-damage|p2a: Goodra|8\/100\n|-damage|p1a: Jumpluff|7\/100|[from] Recoil\n|move|p2a: Goodra|Draco Meteor|p1a: Jumpluff\n|-damage|p1a: Jumpluff|0 fnt\n|-unboost|p2a: Goodra|spa|2\n|faint|p1a: Jumpluff\n|\n|-heal|p2a: Goodra|14\/100|[from] item: Leftovers\n|upkeep\n|\n|t:|1701116421\n|switch|p1a: Typhlosion|Typhlosion-Hisui, F, shiny|100\/100\n|turn|14\n|\n|t:|1701116424\n|move|p1a: Typhlosion|Eruption|p2a: Goodra\n|-resisted|p2a: Goodra\n|-damage|p2a: Goodra|0 fnt\n|faint|p2a: Goodra\n|\n|upkeep\n|\n|t:|1701116429\n|switch|p2a: Kabutops|Kabutops, F|100\/100\n|-damage|p2a: Kabutops|84\/100|[from] Spikes\n|-activate|p2a: Kabutops|move: Sticky Web\n|-unboost|p2a: Kabutops|spe|1\n|turn|15\n|\n|t:|1701116437\n|move|p1a: Typhlosion|Shadow Ball|p2a: Kabutops\n|-damage|p2a: Kabutops|20\/100\n|move|p2a: Kabutops|Razor Shell|p1a: Typhlosion\n|-supereffective|p1a: Typhlosion\n|-damage|p1a: Typhlosion|0 fnt\n|faint|p1a: Typhlosion\n|\n|upkeep\n|\n|t:|1701116442\n|switch|p1a: Electrode|Electrode, shiny|100\/100\n|-item|p1a: Electrode|Air Balloon\n|turn|16\n|\n|t:|1701116445\n|move|p1a: Electrode|Tri Attack|p2a: Kabutops\n|-supereffective|p2a: Kabutops\n|-damage|p2a: Kabutops|0 fnt\n|faint|p2a: Kabutops\n|\n|upkeep\n|\n|t:|1701116447\n|switch|p2a: Palossand|Palossand, M|38\/100\n|-damage|p2a: Palossand|22\/100|[from] Spikes\n|-activate|p2a: Palossand|move: Sticky Web\n|-unboost|p2a: Palossand|spe|1\n|turn|17\n|\n|t:|1701116453\n|move|p1a: Electrode|Flash Cannon|p2a: Palossand\n|-damage|p2a: Palossand|3\/100\n|move|p2a: Palossand|Shore Up|p2a: Palossand\n|-heal|p2a: Palossand|53\/100\n|\n|-heal|p2a: Palossand|60\/100|[from] item: Leftovers\n|upkeep\n|turn|18\n|\n|t:|1701116459\n|move|p1a: Electrode|Flash Cannon|p2a: Palossand\n|-damage|p2a: Palossand|40\/100\n|move|p2a: Palossand|Shore Up|p2a: Palossand\n|-heal|p2a: Palossand|90\/100\n|\n|-heal|p2a: Palossand|96\/100|[from] item: Leftovers\n|upkeep\n|turn|19\n|\n|t:|1701116462\n|move|p1a: Electrode|Flash Cannon|p2a: Palossand\n|-damage|p2a: Palossand|79\/100\n|move|p2a: Palossand|Earth Power|p1a: Electrode\n|-immune|p1a: Electrode\n|\n|-heal|p2a: Palossand|85\/100|[from] item: Leftovers\n|upkeep\n|turn|20\n|\n|t:|1701116469\n|switch|p1a: Marowak|Marowak, F, shiny|100\/100\n|-activate|p1a: Marowak|move: Sticky Web\n|-unboost|p1a: Marowak|spe|1\n|move|p2a: Palossand|Shadow Ball|p1a: Marowak\n|-crit|p1a: Marowak\n|-damage|p1a: Marowak|55\/100\n|-unboost|p1a: Marowak|spd|1\n|\n|-heal|p2a: Palossand|91\/100|[from] item: Leftovers\n|upkeep\n|turn|21\n|\n|t:|1701116474\n|move|p1a: Marowak|Bonemerang|p2a: Palossand\n|-damage|p2a: Palossand|58\/100\n|-damage|p2a: Palossand|26\/100\n|-hitcount|p2a: Palossand|2\n|move|p2a: Palossand|Earth Power|p1a: Marowak\n|-damage|p1a: Marowak|7\/100\n|\n|-heal|p2a: Palossand|32\/100|[from] item: Leftovers\n|upkeep\n|turn|22\n|\n|t:|1701116477\n|switch|p2a: Galvantula|Galvantula, F|89\/100\n|-damage|p2a: Galvantula|73\/100|[from] Spikes\n|-activate|p2a: Galvantula|move: Sticky Web\n|-unboost|p2a: Galvantula|spe|1\n|move|p1a: Marowak|Bonemerang|p2a: Galvantula\n|-damage|p2a: Galvantula|0 fnt\n|faint|p2a: Galvantula\n|-hitcount|p2: Galvantula|1\n|\n|upkeep\n|\n|t:|1701116481\n|switch|p2a: Simisear|Simisear, M|100\/100\n|-activate|p2a: Simisear|move: Sticky Web\n|-unboost|p2a: Simisear|spe|1\n|-damage|p2a: Simisear|84\/100|[from] Spikes\n|turn|23\n|\n|t:|1701116488\n|switch|p1a: Electrode|Electrode, shiny|100\/100\n|-item|p1a: Electrode|Air Balloon\n|move|p2a: Simisear|Flamethrower|p1a: Electrode\n|-damage|p1a: Electrode|0 fnt\n|-enditem|p1a: Electrode|Air Balloon\n|faint|p1a: Electrode\n|\n|upkeep\n|\n|t:|1701116492\n|switch|p1a: Marowak|Marowak, F, shiny|7\/100\n|-activate|p1a: Marowak|move: Sticky Web\n|-unboost|p1a: Marowak|spe|1\n|turn|24\n|c|\u2606Mr cyphon|ggs\n|\n|t:|1701116495\n|move|p2a: Simisear|Flamethrower|p1a: Marowak\n|-damage|p1a: Marowak|0 fnt\n|faint|p1a: Marowak\n|\n|win|Mr cyphon\n|c|\u2606Egg807|gg\n","uploadtime":1701116499,"views":10,"p1id":"egg807","p2id":"mrcyphon","formatid":"gen9ou","rating":0,"private":0,"password":""}