{"id":"radicalred-gen9ou-548444","p1":"OrcLoose","p2":"Pengwoo","format":"[Gen 9] OU","log":"|j|\u2606OrcLoose\n|j|\u2606Pengwoo\n|t:|1700339842\n|gametype|singles\n|player|p1|OrcLoose|rr-slowkinggalar|\n|player|p2|Pengwoo|rr-houndoommega|\n|teamsize|p1|6\n|teamsize|p2|6\n|gen|9\n|tier|[Gen 9] OU\n|rule|Sleep Clause Mod: Limit one foe put to sleep\n|rule|Species Clause: Limit one of each Pok\u00e9mon\n|rule|OHKO Clause: OHKO moves are banned\n|rule|Evasion Abilities Clause: Evasion abilities are banned\n|rule|Evasion Items Clause: Evasion items are banned\n|rule|Evasion Moves Clause: Evasion moves are banned\n|rule|Endless Battle Clause: Forcing endless battles is banned\n|rule|HP Percentage Mod: HP is shown in percentages\n|rule|Dynamax Clause: You cannot dynamax\n|clearpoke\n|poke|p1|Abomasnow, M|\n|poke|p1|Meowscarada, F|\n|poke|p1|Slowking-Galar, F|\n|poke|p1|Electivire, M|\n|poke|p1|Lumineon, M|\n|poke|p1|Clawitzer, F|\n|poke|p2|Iron Jugulis|\n|poke|p2|Beartic, M|\n|poke|p2|Metagross|\n|poke|p2|Magmortar, M|\n|poke|p2|Alomomola, F|\n|poke|p2|Furfrou, M|\n|teampreview\n|\n|t:|1700339847\n|start\n|switch|p1a: Anti-TR|Clawitzer, F|100\/100\n|switch|p2a: Alomomola|Alomomola, F|100\/100\n|turn|1\n|\n|t:|1700339853\n|move|p2a: Alomomola|Protect|p2a: Alomomola\n|-singleturn|p2a: Alomomola|Protect\n|move|p1a: Anti-TR|Origin Pulse|p2a: Alomomola\n|-activate|p2a: Alomomola|move: Protect\n|\n|upkeep\n|turn|2\n|\n|t:|1700339857\n|move|p2a: Alomomola|Toxic|p1a: Anti-TR\n|-status|p1a: Anti-TR|tox\n|move|p1a: Anti-TR|Origin Pulse|p2a: Alomomola\n|-resisted|p2a: Alomomola\n|-damage|p2a: Alomomola|58\/100\n|-damage|p1a: Anti-TR|91\/100 tox|[from] item: Life Orb\n|\n|-heal|p2a: Alomomola|64\/100|[from] item: Leftovers\n|-damage|p1a: Anti-TR|85\/100 tox|[from] psn\n|upkeep\n|turn|3\n|\n|t:|1700339860\n|move|p2a: Alomomola|Wish|p2a: Alomomola\n|move|p1a: Anti-TR|Flip Turn|p2a: Alomomola\n|-resisted|p2a: Alomomola\n|-damage|p2a: Alomomola|57\/100\n|-damage|p1a: Anti-TR|75\/100 tox|[from] item: Life Orb\n|\n|t:|1700339867\n|switch|p1a: Fatass|Slowking-Galar, F, shiny|100\/100|[from] Flip Turn\n|\n|-heal|p2a: Alomomola|63\/100|[from] item: Leftovers\n|upkeep\n|turn|4\n|\n|t:|1700339871\n|move|p2a: Alomomola|Flip Turn|p1a: Fatass\n|-damage|p1a: Fatass|82\/100\n|\n|t:|1700339881\n|switch|p2a: Beartic|Beartic, M|100\/100|[from] Flip Turn\n|move|p1a: Fatass|Foul Play|p2a: Beartic\n|-resisted|p2a: Beartic\n|-damage|p2a: Beartic|82\/100\n|\n|-heal|p2a: Beartic|100\/100|[from] move: Wish|[wisher] Alomomola\n|upkeep\n|turn|5\n|\n|t:|1700339892\n|move|p2a: Beartic|Trailblaze|p1a: Fatass\n|-resisted|p1a: Fatass\n|-damage|p1a: Fatass|72\/100\n|-boost|p2a: Beartic|spe|1\n|move|p1a: Fatass|Chilly Reception|p1a: Fatass\n|-weather|Snow\n|\n|t:|1700339905\n|switch|p1a: Anti-TR|Clawitzer, F|75\/100 tox|[from] Chilly Reception\n|\n|-weather|Snow|[upkeep]\n|-damage|p1a: Anti-TR|69\/100 tox|[from] psn\n|upkeep\n|turn|6\n|\n|t:|1700339944\n|switch|p2a: Alomomola|Alomomola, F|96\/100\n|move|p1a: Anti-TR|Origin Pulse|p2a: Alomomola\n|-resisted|p2a: Alomomola\n|-damage|p2a: Alomomola|52\/100\n|-damage|p1a: Anti-TR|59\/100 tox|[from] item: Life Orb\n|\n|-weather|Snow|[upkeep]\n|-heal|p2a: Alomomola|58\/100|[from] item: Leftovers\n|-damage|p1a: Anti-TR|47\/100 tox|[from] psn\n|upkeep\n|turn|7\n|\n|t:|1700339986\n|move|p2a: Alomomola|Wish|p2a: Alomomola\n|move|p1a: Anti-TR|Dragon Pulse|p2a: Alomomola\n|-damage|p2a: Alomomola|12\/100\n|-damage|p1a: Anti-TR|37\/100 tox|[from] item: Life Orb\n|\n|-weather|Snow|[upkeep]\n|-heal|p2a: Alomomola|18\/100|[from] item: Leftovers\n|-damage|p1a: Anti-TR|19\/100 tox|[from] psn\n|upkeep\n|turn|8\n|\n|t:|1700339991\n|switch|p1a: Poop|Lumineon, M, shiny|100\/100\n|move|p2a: Alomomola|Protect||[still]\n|-fail|p2a: Alomomola\n|\n|-weather|Snow|[upkeep]\n|-heal|p2a: Alomomola|68\/100|[from] move: Wish|[wisher] Alomomola\n|-heal|p2a: Alomomola|74\/100|[from] item: Leftovers\n|upkeep\n|turn|9\n|j| Altirk Xion\n|j| Godigimon\n|\n|t:|1700340002\n|move|p1a: Poop|Agility|p1a: Poop\n|-boost|p1a: Poop|spe|2\n|move|p2a: Alomomola|Toxic|p1a: Poop\n|-status|p1a: Poop|tox\n|\n|-weather|Snow|[upkeep]\n|-heal|p2a: Alomomola|80\/100|[from] item: Leftovers\n|-damage|p1a: Poop|94\/100 tox|[from] psn\n|upkeep\n|turn|10\n|\n|t:|1700340013\n|move|p1a: Poop|Tail Glow|p1a: Poop\n|-boost|p1a: Poop|spa|3\n|move|p2a: Alomomola|Flip Turn|p1a: Poop\n|-ability|p1a: Poop|Storm Drain|boost\n|-boost|p1a: Poop|spa|1\n|\n|-weather|Snow|[upkeep]\n|-heal|p2a: Alomomola|87\/100|[from] item: Leftovers\n|-damage|p1a: Poop|82\/100 tox|[from] psn\n|upkeep\n|turn|11\n|c| Altirk Xion|Pengy\n|c| Altirk Xion|oh my god\n|\n|t:|1700340027\n|move|p2a: Alomomola|Protect|p2a: Alomomola\n|-singleturn|p2a: Alomomola|Protect\n|move|p1a: Poop|Hurricane|p2a: Alomomola\n|-activate|p2a: Alomomola|move: Protect\n|\n|-weather|Snow|[upkeep]\n|-heal|p2a: Alomomola|93\/100|[from] item: Leftovers\n|-damage|p1a: Poop|64\/100 tox|[from] psn\n|upkeep\n|turn|12\n|j| ShoddyProdigy\n|\n|t:|1700340037\n|switch|p2a: Metagross|Metagross|100\/100\n|move|p1a: Poop|Hurricane|p2a: Metagross\n|-resisted|p2a: Metagross\n|-damage|p2a: Metagross|36\/100\n|\n|-weather|none\n|-damage|p1a: Poop|40\/100 tox|[from] psn\n|upkeep\n|turn|13\n|\n|t:|1700340042\n|switch|p2a: Alomomola|Alomomola, F|100\/100\n|move|p1a: Poop|Surf|p2a: Alomomola\n|-resisted|p2a: Alomomola\n|-damage|p2a: Alomomola|54\/100\n|\n|-heal|p2a: Alomomola|60\/100|[from] item: Leftovers\n|-damage|p1a: Poop|10\/100 tox|[from] psn\n|upkeep\n|turn|14\n|\n|t:|1700340057\n|switch|p1a: Meow Meow|Meowscarada, F, shiny|100\/100\n|move|p2a: Alomomola|Protect||[still]\n|-fail|p2a: Alomomola\n|\n|-heal|p2a: Alomomola|67\/100|[from] item: Leftovers\n|upkeep\n|turn|15\n|\n|t:|1700340079\n|switch|p2a: Beartic|Beartic, M|100\/100\n|move|p1a: Meow Meow|U-turn|p2a: Beartic\n|-start|p1a: Meow Meow|typechange|Bug|[from] ability: Protean\n|-resisted|p2a: Beartic\n|-damage|p2a: Beartic|83\/100\n|\n|t:|1700340088\n|switch|p1a: W not plasmafist|Electivire, M, shiny|100\/100|[from] U-turn\n|\n|upkeep\n|turn|16\n|\n|t:|1700340096\n|move|p1a: W not plasmafist|Plasma Fists|p2a: Beartic\n|-damage|p2a: Beartic|0 fnt\n|-fieldactivate|move: Ion Deluge\n|-hint|Normal-type moves become Electric-type after using Plasma Fists.\n|faint|p2a: Beartic\n|-damage|p1a: W not plasmafist|91\/100|[from] item: Life Orb\n|\n|upkeep\n|\n|t:|1700340106\n|switch|p2a: Furfrou|Furfrou, M|100\/100\n|turn|17\n|\n|t:|1700340112\n|move|p1a: W not plasmafist|Volt Switch|p2a: Furfrou\n|-damage|p2a: Furfrou|69\/100\n|-damage|p1a: W not plasmafist|81\/100|[from] item: Life Orb\n|\n|t:|1700340117\n|switch|p1a: Anti-TR|Clawitzer, F|19\/100 tox|[from] Volt Switch\n|move|p2a: Furfrou|U-turn|p1a: Anti-TR\n|-damage|p1a: Anti-TR|3\/100 tox\n|\n|t:|1700340148\n|switch|p2a: Magmortar|Magmortar, M|100\/100|[from] U-turn\n|\n|-damage|p1a: Anti-TR|0 fnt|[from] psn\n|faint|p1a: Anti-TR\n|upkeep\n|\n|t:|1700340162\n|switch|p1a: Poop|Lumineon, M, shiny|10\/100 tox\n|turn|18\n|\n|t:|1700340173\n|switch|p2a: Alomomola|Alomomola, F|99\/100\n|move|p1a: Poop|Hurricane|p2a: Alomomola|[miss]\n|-miss|p1a: Poop|p2a: Alomomola\n|\n|-heal|p2a: Alomomola|100\/100|[from] item: Leftovers\n|-damage|p1a: Poop|4\/100 tox|[from] psn\n|upkeep\n|turn|19\n|j| Westpark14\n|l| Westpark14\n|c| Altirk Xion|Fuck you\n|\n|t:|1700340182\n|move|p1a: Poop|Hurricane|p2a: Alomomola\n|-damage|p2a: Alomomola|76\/100\n|move|p2a: Alomomola|Flip Turn|p1a: Poop\n|-ability|p1a: Poop|Storm Drain|boost\n|-boost|p1a: Poop|spa|1\n|\n|-heal|p2a: Alomomola|82\/100|[from] item: Leftovers\n|-damage|p1a: Poop|0 fnt|[from] psn\n|faint|p1a: Poop\n|upkeep\n|c| Altirk Xion|w aim\n|\n|t:|1700340186\n|switch|p1a: W not plasmafist|Electivire, M, shiny|81\/100\n|turn|20\n|c| Altirk Xion|Pengy bro\n|c| Altirk Xion|\ud83d\ude2d\ud83d\ude2d\ud83d\ude2d\n|\n|t:|1700340198\n|move|p2a: Alomomola|Protect|p2a: Alomomola\n|-singleturn|p2a: Alomomola|Protect\n|move|p1a: W not plasmafist|Plasma Fists|p2a: Alomomola\n|-activate|p2a: Alomomola|move: Protect\n|\n|-heal|p2a: Alomomola|88\/100|[from] item: Leftovers\n|upkeep\n|turn|21\n|\n|t:|1700340210\n|switch|p2a: Furfrou|Furfrou, M|69\/100\n|move|p1a: W not plasmafist|Plasma Fists|p2a: Furfrou\n|-damage|p2a: Furfrou|21\/100\n|-fieldactivate|move: Ion Deluge\n|-hint|Normal-type moves become Electric-type after using Plasma Fists.\n|-damage|p1a: W not plasmafist|71\/100|[from] item: Life Orb\n|\n|-heal|p2a: Furfrou|27\/100|[from] item: Leftovers\n|upkeep\n|turn|22\n|\n|t:|1700340231\n|move|p1a: W not plasmafist|Volt Switch|p2a: Furfrou\n|-damage|p2a: Furfrou|0 fnt\n|faint|p2a: Furfrou\n|-damage|p1a: W not plasmafist|61\/100|[from] item: Life Orb\n|\n|t:|1700340247\n|switch|p1a: Meow Meow|Meowscarada, F, shiny|100\/100|[from] Volt Switch\n|\n|upkeep\n|\n|t:|1700340291\n|switch|p2a: Magmortar|Magmortar, M|100\/100\n|turn|23\n|\n|t:|1700340301\n|move|p1a: Meow Meow|U-turn|p2a: Magmortar\n|-start|p1a: Meow Meow|typechange|Bug|[from] ability: Protean\n|-resisted|p2a: Magmortar\n|-damage|p2a: Magmortar|76\/100\n|\n|t:|1700340307\n|switch|p1a: Fatass|Slowking-Galar, F, shiny|100\/100|[from] U-turn\n|move|p2a: Magmortar|Magma Storm|p1a: Fatass\n|-damage|p1a: Fatass|58\/100\n|-activate|p1a: Fatass|move: Magma Storm|[of] p2a: Magmortar\n|\n|-damage|p1a: Fatass|45\/100|[from] move: Magma Storm|[partiallytrapped]\n|upkeep\n|turn|24\n|\n|t:|1700340316\n|move|p2a: Magmortar|Magma Storm|p1a: Fatass\n|-damage|p1a: Fatass|2\/100\n|move|p1a: Fatass|Chilly Reception|p1a: Fatass\n|-weather|Snow\n|\n|t:|1700340321\n|switch|p1a: Semi-Truck|Abomasnow, M, shiny|100\/100|[from] Chilly Reception\n|\n|-weather|Snow|[upkeep]\n|upkeep\n|turn|25\n|\n|t:|1700340335\n|switch|p2a: Alomomola|Alomomola, F|100\/100\n|detailschange|p1a: Semi-Truck|Abomasnow-Mega, M, shiny\n|-mega|p1a: Semi-Truck|Abomasnow|Abomasite\n|move|p1a: Semi-Truck|Earthquake|p2a: Alomomola\n|-damage|p2a: Alomomola|69\/100\n|\n|-weather|Snow|[upkeep]\n|-heal|p2a: Alomomola|75\/100|[from] item: Leftovers\n|upkeep\n|turn|26\n|\n|t:|1700340342\n|move|p2a: Alomomola|Protect|p2a: Alomomola\n|-singleturn|p2a: Alomomola|Protect\n|move|p1a: Semi-Truck|Trailblaze|p2a: Alomomola\n|-activate|p2a: Alomomola|move: Protect\n|\n|-weather|Snow|[upkeep]\n|-heal|p2a: Alomomola|81\/100|[from] item: Leftovers\n|upkeep\n|turn|27\n|\n|t:|1700340348\n|move|p1a: Semi-Truck|Trailblaze|p2a: Alomomola\n|-supereffective|p2a: Alomomola\n|-damage|p2a: Alomomola|33\/100\n|-boost|p1a: Semi-Truck|spe|1\n|move|p2a: Alomomola|Toxic|p1a: Semi-Truck\n|-status|p1a: Semi-Truck|tox\n|\n|-weather|Snow|[upkeep]\n|-heal|p2a: Alomomola|39\/100|[from] item: Leftovers\n|-damage|p1a: Semi-Truck|94\/100 tox|[from] psn\n|upkeep\n|turn|28\n|\n|t:|1700340355\n|move|p2a: Alomomola|Protect|p2a: Alomomola\n|-singleturn|p2a: Alomomola|Protect\n|move|p1a: Semi-Truck|Trailblaze|p2a: Alomomola\n|-activate|p2a: Alomomola|move: Protect\n|\n|-weather|Snow|[upkeep]\n|-heal|p2a: Alomomola|45\/100|[from] item: Leftovers\n|-damage|p1a: Semi-Truck|82\/100 tox|[from] psn\n|upkeep\n|turn|29\n|\n|t:|1700340360\n|move|p2a: Alomomola|Protect||[still]\n|-fail|p2a: Alomomola\n|move|p1a: Semi-Truck|Trailblaze|p2a: Alomomola\n|-supereffective|p2a: Alomomola\n|-damage|p2a: Alomomola|0 fnt\n|-boost|p1a: Semi-Truck|spe|1\n|faint|p2a: Alomomola\n|\n|-weather|Snow|[upkeep]\n|-damage|p1a: Semi-Truck|63\/100 tox|[from] psn\n|upkeep\n|\n|t:|1700340365\n|switch|p2a: Metagross|Metagross|36\/100\n|turn|30\n|\n|t:|1700340367\n|move|p2a: Metagross|Bullet Punch|p1a: Semi-Truck\n|-supereffective|p1a: Semi-Truck\n|-damage|p1a: Semi-Truck|9\/100 tox\n|-damage|p2a: Metagross|26\/100|[from] item: Life Orb\n|move|p1a: Semi-Truck|Earthquake|p2a: Metagross\n|-supereffective|p2a: Metagross\n|-damage|p2a: Metagross|0 fnt\n|faint|p2a: Metagross\n|\n|-weather|Snow|[upkeep]\n|-damage|p1a: Semi-Truck|0 fnt|[from] psn\n|faint|p1a: Semi-Truck\n|upkeep\n|\n|t:|1700340387\n|switch|p2a: Magmortar|Magmortar, M|76\/100\n|switch|p1a: Meow Meow|Meowscarada, F, shiny|100\/100\n|turn|31\n|\n|t:|1700340391\n|move|p1a: Meow Meow|U-turn|p2a: Magmortar\n|-start|p1a: Meow Meow|typechange|Bug|[from] ability: Protean\n|-resisted|p2a: Magmortar\n|-damage|p2a: Magmortar|51\/100\n|\n|t:|1700340395\n|switch|p1a: Fatass|Slowking-Galar, F, shiny|35\/100|[from] U-turn\n|move|p2a: Magmortar|Magma Storm|p1a: Fatass|[miss]\n|-miss|p2a: Magmortar|p1a: Fatass\n|\n|-weather|none\n|upkeep\n|turn|32\n|\n|t:|1700340402\n|move|p2a: Magmortar|Magma Storm|p1a: Fatass\n|-damage|p1a: Fatass|0 fnt\n|faint|p1a: Fatass\n|\n|upkeep\n|\n|t:|1700340407\n|switch|p1a: Meow Meow|Meowscarada, F, shiny|100\/100\n|turn|33\n|\n|t:|1700340432\n|move|p1a: Meow Meow|U-turn|p2a: Magmortar\n|-start|p1a: Meow Meow|typechange|Bug|[from] ability: Protean\n|-resisted|p2a: Magmortar\n|-damage|p2a: Magmortar|26\/100\n|\n|t:|1700340435\n|switch|p1a: W not plasmafist|Electivire, M, shiny|61\/100|[from] U-turn\n|move|p2a: Magmortar|Magma Storm|p1a: W not plasmafist\n|-damage|p1a: W not plasmafist|0 fnt\n|faint|p1a: W not plasmafist\n|\n|upkeep\n|\n|t:|1700340436\n|switch|p1a: Meow Meow|Meowscarada, F, shiny|100\/100\n|turn|34\n|\n|t:|1700340440\n|move|p1a: Meow Meow|Play Rough|p2a: Magmortar\n|-start|p1a: Meow Meow|typechange|Fairy|[from] ability: Protean\n|-resisted|p2a: Magmortar\n|-damage|p2a: Magmortar|0 fnt\n|faint|p2a: Magmortar\n|\n|upkeep\n|\n|t:|1700340448\n|switch|p2a: Iron Jugulis|Iron Jugulis|100\/100\n|-enditem|p2a: Iron Jugulis|Booster Energy\n|-activate|p2a: Iron Jugulis|ability: Quark Drive|[fromitem]\n|-start|p2a: Iron Jugulis|quarkdrivespe\n|turn|35\n|\n|t:|1700340452\n|move|p1a: Meow Meow|Play Rough|p2a: Iron Jugulis\n|-supereffective|p2a: Iron Jugulis\n|-damage|p2a: Iron Jugulis|0 fnt\n|faint|p2a: Iron Jugulis\n|-end|p2a: Iron Jugulis|Quark Drive|[silent]\n|\n|win|OrcLoose\n|c|\u2606Pengwoo|gg\n|c|\u2606OrcLoose|ggs\n|l| Altirk Xion\n","uploadtime":1700340459,"views":32,"p1id":"orcloose","p2id":"pengwoo","formatid":"gen9ou","rating":0,"private":0,"password":""}