{"id":"radicalred-gen9ou-547563","p1":"paultheconvincer","p2":"scipionisafricanus","format":"[Gen 9] OU","log":"|j|\u2606paultheconvincer\n|j|\u2606scipionisafricanus\n|t:|1700179388\n|gametype|singles\n|player|p1|paultheconvincer|rr-tyranitar|\n|player|p2|scipionisafricanus|scipioregiolive.png|\n|teamsize|p1|6\n|teamsize|p2|6\n|gen|9\n|tier|[Gen 9] OU\n|rule|Sleep Clause Mod: Limit one foe put to sleep\n|rule|Species Clause: Limit one of each Pok\u00e9mon\n|rule|OHKO Clause: OHKO moves are banned\n|rule|Evasion Abilities Clause: Evasion abilities are banned\n|rule|Evasion Items Clause: Evasion items are banned\n|rule|Evasion Moves Clause: Evasion moves are banned\n|rule|Endless Battle Clause: Forcing endless battles is banned\n|rule|HP Percentage Mod: HP is shown in percentages\n|rule|Dynamax Clause: You cannot dynamax\n|clearpoke\n|poke|p1|Melmetal|\n|poke|p1|Serperior, M|\n|poke|p1|Rotom-Heat|\n|poke|p1|Quaquaval, F|\n|poke|p1|Clodsire, M|\n|poke|p1|Hydreigon, M|\n|poke|p2|Aegislash, M|\n|poke|p2|Tyranitar, F|\n|poke|p2|Sandy Shocks|\n|poke|p2|Venusaur, F|\n|poke|p2|Crobat, M|\n|poke|p2|Basculegion, M|\n|teampreview\n|c|\u2606scipionisafricanus|hf\n|c|\u2606paultheconvincer|hf\n|c|\u2606scipionisafricanus|im gonna throw up\n|c|\u2606paultheconvincer|oh no:(\n|c|\u2606scipionisafricanus|this is gonna be an epic set\n|j| Razorgliscor472\n|c|\u2606paultheconvincer|i think so too\n|j|@michael213\n|c| Razorgliscor472|Why are you gonna throw up?\n|c|\u2606scipionisafricanus|i have the flue\n|\n|t:|1700179504\n|start\n|switch|p1a: Hydreigon|Hydreigon, M|100\/100\n|switch|p2a: Basculegion|Basculegion, M|100\/100\n|turn|1\n|c| Razorgliscor472|Oh hope you get better\n|\n|t:|1700179539\n|switch|p2a: Tyranitar|Tyranitar, F|100\/100\n|-weather|Sandstorm|[from] ability: Sand Stream|[of] p2a: Tyranitar\n|move|p1a: Hydreigon|U-turn|p2a: Tyranitar\n|-supereffective|p2a: Tyranitar\n|-damage|p2a: Tyranitar|77\/100\n|\n|t:|1700179560\n|switch|p1a: Clodsire|Clodsire, M|100\/100|[from] U-turn\n|\n|-weather|Sandstorm|[upkeep]\n|upkeep\n|turn|2\n|j| Lukeow\n|\n|t:|1700179566\n|switch|p2a: Crobat|Crobat, M|100\/100\n|move|p1a: Clodsire|Stealth Rock|p2a: Crobat\n|-sidestart|p2: scipionisafricanus|move: Stealth Rock\n|\n|-weather|Sandstorm|[upkeep]\n|-damage|p2a: Crobat|94\/100|[from] Sandstorm\n|upkeep\n|turn|3\n|\n|t:|1700179585\n|switch|p1a: Rotom|Rotom-Heat|100\/100\n|move|p2a: Crobat|Toxic|p1a: Rotom\n|-status|p1a: Rotom|tox\n|\n|-weather|Sandstorm|[upkeep]\n|-damage|p2a: Crobat|88\/100|[from] Sandstorm\n|-damage|p1a: Rotom|95\/100 tox|[from] Sandstorm\n|-damage|p1a: Rotom|89\/100 tox|[from] psn\n|upkeep\n|turn|4\n|\n|t:|1700179592\n|switch|p2a: Sandy Shocks|Sandy Shocks|100\/100\n|-damage|p2a: Sandy Shocks|94\/100|[from] Stealth Rock\n|move|p1a: Rotom|Thunder Wave|p2a: Sandy Shocks\n|-immune|p2a: Sandy Shocks\n|\n|-weather|Sandstorm|[upkeep]\n|-damage|p1a: Rotom|83\/100 tox|[from] Sandstorm\n|-damage|p1a: Rotom|71\/100 tox|[from] psn\n|upkeep\n|turn|5\n|\n|t:|1700179606\n|switch|p1a: Serperior|Serperior, M|100\/100\n|move|p2a: Sandy Shocks|Power Gem|p1a: Serperior\n|-damage|p1a: Serperior|69\/100\n|\n|-weather|none\n|-heal|p1a: Serperior|75\/100|[from] item: Leftovers\n|upkeep\n|turn|6\n|\n|t:|1700179616\n|-end|p2a: Sandy Shocks|Protosynthesis|[silent]\n|switch|p2a: Venusaur|Venusaur, F|100\/100\n|-damage|p2a: Venusaur|88\/100|[from] Stealth Rock\n|move|p1a: Serperior|Glare|p2a: Venusaur\n|-status|p2a: Venusaur|par\n|\n|-heal|p1a: Serperior|82\/100|[from] item: Leftovers\n|upkeep\n|turn|7\n|j| Ginesect\n|c| Ginesect|Hi\n|\n|t:|1700179659\n|switch|p1a: Melmetal|Melmetal|100\/100\n|detailschange|p2a: Venusaur|Venusaur-Mega, F\n|-mega|p2a: Venusaur|Venusaur|Venusaurite\n|cant|p2a: Venusaur|par\n|\n|upkeep\n|turn|8\n|c| Razorgliscor472|Hello\n|\n|t:|1700179667\n|switch|p2a: Aegislash|Aegislash, M|100\/100\n|-damage|p2a: Aegislash|94\/100|[from] Stealth Rock\n|move|p1a: Melmetal|Double Iron Bash|p2a: Aegislash\n|-resisted|p2a: Aegislash\n|-damage|p2a: Aegislash|79\/100\n|-resisted|p2a: Aegislash\n|-damage|p2a: Aegislash|63\/100\n|-hitcount|p2a: Aegislash|2\n|\n|-heal|p2a: Aegislash|69\/100|[from] item: Leftovers\n|upkeep\n|turn|9\n|\n|t:|1700179681\n|switch|p1a: Clodsire|Clodsire, M|100\/100\n|move|p2a: Aegislash|King's Shield||[still]\n|-fail|p2a: Aegislash\n|\n|-heal|p2a: Aegislash|75\/100|[from] item: Leftovers\n|upkeep\n|turn|10\n|\n|t:|1700179690\n|switch|p1a: Rotom|Rotom-Heat|71\/100 tox\n|move|p2a: Aegislash|King's Shield||[still]\n|-fail|p2a: Aegislash\n|\n|-heal|p2a: Aegislash|82\/100|[from] item: Leftovers\n|-damage|p1a: Rotom|65\/100 tox|[from] psn\n|upkeep\n|turn|11\n|\n|t:|1700179695\n|move|p2a: Aegislash|King's Shield|p2a: Aegislash\n|-singleturn|p2a: Aegislash|Protect\n|move|p1a: Rotom|Thunder Wave|p2a: Aegislash\n|-status|p2a: Aegislash|par\n|\n|-heal|p2a: Aegislash|88\/100 par|[from] item: Leftovers\n|-damage|p1a: Rotom|53\/100 tox|[from] psn\n|upkeep\n|turn|12\n|\n|t:|1700179705\n|switch|p2a: Sandy Shocks|Sandy Shocks|94\/100\n|-damage|p2a: Sandy Shocks|88\/100|[from] Stealth Rock\n|move|p1a: Rotom|Pain Split|p2a: Sandy Shocks\n|-sethp|p2a: Sandy Shocks|69\/100|[from] move: Pain Split|[silent]\n|-sethp|p1a: Rotom|73\/100 tox|[from] move: Pain Split\n|\n|-damage|p1a: Rotom|56\/100 tox|[from] psn\n|upkeep\n|turn|13\n|\n|t:|1700179714\n|switch|p1a: Serperior|Serperior, M|82\/100\n|move|p2a: Sandy Shocks|Volt Switch|p1a: Serperior\n|-resisted|p1a: Serperior\n|-damage|p1a: Serperior|62\/100\n|\n|t:|1700179719\n|-end|p2a: Sandy Shocks|Protosynthesis|[silent]\n|switch|p2a: Crobat|Crobat, M|88\/100|[from] Volt Switch\n|\n|-heal|p1a: Serperior|68\/100|[from] item: Leftovers\n|upkeep\n|turn|14\n|\n|t:|1700179733\n|switch|p1a: Rotom|Rotom-Heat|56\/100 tox\n|move|p2a: Crobat|Defog|p1a: Rotom\n|-unboost|p1a: Rotom|evasion|1\n|-sideend|p2: scipionisafricanus|Stealth Rock|[from] move: Defog|[of] p2a: Crobat\n|\n|-damage|p1a: Rotom|50\/100 tox|[from] psn\n|upkeep\n|turn|15\n|\n|t:|1700179740\n|switch|p2a: Tyranitar|Tyranitar, F|77\/100\n|-weather|Sandstorm|[from] ability: Sand Stream|[of] p2a: Tyranitar\n|move|p1a: Rotom|Lava Plume|p2a: Tyranitar\n|-resisted|p2a: Tyranitar\n|-damage|p2a: Tyranitar|70\/100\n|\n|-weather|Sandstorm|[upkeep]\n|-damage|p1a: Rotom|44\/100 tox|[from] Sandstorm\n|-damage|p1a: Rotom|32\/100 tox|[from] psn\n|upkeep\n|turn|16\n|\n|t:|1700179752\n|move|p1a: Rotom|Pain Split|p2a: Tyranitar\n|-sethp|p2a: Tyranitar|47\/100|[from] move: Pain Split|[silent]\n|-sethp|p1a: Rotom|62\/100 tox|[from] move: Pain Split\n|move|p2a: Tyranitar|Stealth Rock|p1a: Rotom\n|-sidestart|p1: paultheconvincer|move: Stealth Rock\n|\n|-weather|Sandstorm|[upkeep]\n|-damage|p1a: Rotom|56\/100 tox|[from] Sandstorm\n|-damage|p1a: Rotom|38\/100 tox|[from] psn\n|upkeep\n|turn|17\n|\n|t:|1700179759\n|move|p1a: Rotom|Volt Switch|p2a: Tyranitar\n|-crit|p2a: Tyranitar\n|-damage|p2a: Tyranitar|31\/100\n|\n|t:|1700179774\n|switch|p1a: Clodsire|Clodsire, M|100\/100|[from] Volt Switch\n|-damage|p1a: Clodsire|94\/100|[from] Stealth Rock\n|move|p2a: Tyranitar|Rock Blast|p1a: Clodsire\n|-resisted|p1a: Clodsire\n|-damage|p1a: Clodsire|87\/100\n|-resisted|p1a: Clodsire\n|-damage|p1a: Clodsire|80\/100\n|-resisted|p1a: Clodsire\n|-damage|p1a: Clodsire|72\/100\n|-hitcount|p1a: Clodsire|3\n|\n|-weather|Sandstorm|[upkeep]\n|-heal|p1a: Clodsire|78\/100|[from] item: Black Sludge\n|upkeep\n|turn|18\n|\n|t:|1700179782\n|switch|p2a: Crobat|Crobat, M|88\/100\n|move|p1a: Clodsire|Stealth Rock|p2a: Crobat\n|-sidestart|p2: scipionisafricanus|move: Stealth Rock\n|\n|-weather|Sandstorm|[upkeep]\n|-damage|p2a: Crobat|82\/100|[from] Sandstorm\n|-heal|p1a: Clodsire|84\/100|[from] item: Black Sludge\n|upkeep\n|turn|19\n|l| Ginesect\n|\n|t:|1700179809\n|switch|p1a: Melmetal|Melmetal|100\/100\n|-damage|p1a: Melmetal|94\/100|[from] Stealth Rock\n|move|p2a: Crobat|Brave Bird|p1a: Melmetal\n|-resisted|p1a: Melmetal\n|-damage|p1a: Melmetal|83\/100\n|-damage|p2a: Crobat|78\/100|[from] Recoil\n|\n|-weather|none\n|upkeep\n|turn|20\n|\n|t:|1700179824\n|switch|p2a: Aegislash|Aegislash, M|88\/100 par\n|-damage|p2a: Aegislash|82\/100 par|[from] Stealth Rock\n|move|p1a: Melmetal|Thunder Punch|p2a: Aegislash\n|-damage|p2a: Aegislash|54\/100 par\n|\n|-heal|p2a: Aegislash|60\/100 par|[from] item: Leftovers\n|upkeep\n|turn|21\n|j| Ginesect\n|\n|t:|1700179841\n|switch|p1a: Clodsire|Clodsire, M|84\/100\n|-damage|p1a: Clodsire|78\/100|[from] Stealth Rock\n|move|p2a: Aegislash|King's Shield||[still]\n|-fail|p2a: Aegislash\n|\n|-heal|p1a: Clodsire|84\/100|[from] item: Black Sludge\n|-heal|p2a: Aegislash|67\/100 par|[from] item: Leftovers\n|upkeep\n|turn|22\n|\n|t:|1700179861\n|switch|p1a: Rotom|Rotom-Heat|38\/100 tox\n|switch|p2a: Crobat|Crobat, M|78\/100\n|\n|-damage|p1a: Rotom|33\/100 tox|[from] psn\n|upkeep\n|turn|23\n|\n|t:|1700179871\n|switch|p2a: Tyranitar|Tyranitar, F|31\/100\n|-damage|p2a: Tyranitar|18\/100|[from] Stealth Rock\n|-weather|Sandstorm|[from] ability: Sand Stream|[of] p2a: Tyranitar\n|move|p1a: Rotom|Pain Split|p2a: Tyranitar\n|-sethp|p2a: Tyranitar|21\/100|[from] move: Pain Split|[silent]\n|-sethp|p1a: Rotom|28\/100 tox|[from] move: Pain Split\n|\n|-weather|Sandstorm|[upkeep]\n|-damage|p1a: Rotom|22\/100 tox|[from] Sandstorm\n|-damage|p1a: Rotom|10\/100 tox|[from] psn\n|upkeep\n|turn|24\n|\n|t:|1700179879\n|switch|p2a: Sandy Shocks|Sandy Shocks|69\/100\n|-damage|p2a: Sandy Shocks|63\/100|[from] Stealth Rock\n|move|p1a: Rotom|Volt Switch|p2a: Sandy Shocks\n|-immune|p2a: Sandy Shocks\n|\n|-weather|Sandstorm|[upkeep]\n|-damage|p1a: Rotom|4\/100 tox|[from] Sandstorm\n|-damage|p1a: Rotom|0 fnt|[from] psn\n|faint|p1a: Rotom\n|upkeep\n|\n|t:|1700179892\n|switch|p1a: Serperior|Serperior, M|68\/100\n|-damage|p1a: Serperior|56\/100|[from] Stealth Rock\n|turn|25\n|\n|t:|1700179898\n|-end|p2a: Sandy Shocks|Protosynthesis|[silent]\n|switch|p2a: Tyranitar|Tyranitar, F|21\/100\n|-damage|p2a: Tyranitar|9\/100|[from] Stealth Rock\n|move|p1a: Serperior|Leaf Storm|p2a: Tyranitar\n|-supereffective|p2a: Tyranitar\n|-damage|p2a: Tyranitar|0 fnt\n|-boost|p1a: Serperior|spa|2\n|faint|p2a: Tyranitar\n|\n|-weather|Sandstorm|[upkeep]\n|-damage|p1a: Serperior|50\/100|[from] Sandstorm\n|-heal|p1a: Serperior|56\/100|[from] item: Leftovers\n|upkeep\n|\n|t:|1700179904\n|switch|p2a: Basculegion|Basculegion, M|100\/100\n|-damage|p2a: Basculegion|88\/100|[from] Stealth Rock\n|turn|26\n|\n|t:|1700179923\n|move|p2a: Basculegion|Poltergeist|p1a: Serperior\n|-activate|p1a: Serperior|move: Poltergeist|Leftovers\n|-damage|p1a: Serperior|0 fnt\n|faint|p1a: Serperior\n|\n|-weather|Sandstorm|[upkeep]\n|-damage|p2a: Basculegion|82\/100|[from] Sandstorm\n|upkeep\n|\n|t:|1700179930\n|switch|p1a: Hydreigon|Hydreigon, M|100\/100\n|-damage|p1a: Hydreigon|88\/100|[from] Stealth Rock\n|turn|27\n|l|@michael213\n|\n|t:|1700179974\n|switch|p2a: Venusaur|Venusaur-Mega, F|88\/100 par\n|-damage|p2a: Venusaur|76\/100 par|[from] Stealth Rock\n|move|p1a: Hydreigon|Dark Pulse|p2a: Venusaur\n|-damage|p2a: Venusaur|43\/100 par\n|\n|-weather|none\n|upkeep\n|turn|28\n|j|@michael213\n|\n|t:|1700180002\n|switch|p1a: Melmetal|Melmetal|83\/100\n|-damage|p1a: Melmetal|77\/100|[from] Stealth Rock\n|move|p2a: Venusaur|Leech Seed|p1a: Melmetal|[miss]\n|-miss|p2a: Venusaur|p1a: Melmetal\n|\n|upkeep\n|turn|29\n|\n|t:|1700180011\n|switch|p2a: Aegislash|Aegislash, M|67\/100 par\n|-damage|p2a: Aegislash|60\/100 par|[from] Stealth Rock\n|move|p1a: Melmetal|Double Iron Bash|p2a: Aegislash\n|-resisted|p2a: Aegislash\n|-crit|p2a: Aegislash\n|-damage|p2a: Aegislash|37\/100 par\n|-resisted|p2a: Aegislash\n|-crit|p2a: Aegislash\n|-damage|p2a: Aegislash|14\/100 par\n|-hitcount|p2a: Aegislash|2\n|\n|-heal|p2a: Aegislash|21\/100 par|[from] item: Leftovers\n|upkeep\n|turn|30\n|c|\u2606scipionisafricanus|unreal\n|c|\u2606paultheconvincer|sorry\n|c| Razorgliscor472|Wow\n|\n|t:|1700180026\n|cant|p2a: Aegislash|par\n|move|p1a: Melmetal|Double Iron Bash|p2a: Aegislash\n|-resisted|p2a: Aegislash\n|-damage|p2a: Aegislash|4\/100 par\n|-resisted|p2a: Aegislash\n|-damage|p2a: Aegislash|0 fnt\n|faint|p2a: Aegislash\n|-hitcount|p2: Aegislash|2\n|\n|upkeep\n|c|\u2606scipionisafricanus|unreal\n|\n|t:|1700180033\n|switch|p2a: Sandy Shocks|Sandy Shocks|63\/100\n|-damage|p2a: Sandy Shocks|57\/100|[from] Stealth Rock\n|turn|31\n|\n|t:|1700180057\n|switch|p1a: Clodsire|Clodsire, M|84\/100\n|-damage|p1a: Clodsire|78\/100|[from] Stealth Rock\n|move|p2a: Sandy Shocks|Volt Switch|p1a: Clodsire\n|-immune|p1a: Clodsire\n|\n|-heal|p1a: Clodsire|84\/100|[from] item: Black Sludge\n|upkeep\n|turn|32\n|\n|t:|1700180068\n|-end|p2a: Sandy Shocks|Protosynthesis|[silent]\n|switch|p2a: Crobat|Crobat, M|78\/100\n|switch|p1a: Hydreigon|Hydreigon, M|88\/100\n|-damage|p1a: Hydreigon|76\/100|[from] Stealth Rock\n|\n|upkeep\n|turn|33\n|\n|t:|1700180080\n|move|p1a: Hydreigon|Draco Meteor|p2a: Crobat\n|-damage|p2a: Crobat|10\/100\n|-unboost|p1a: Hydreigon|spa|2\n|move|p2a: Crobat|Roost|p2a: Crobat\n|-heal|p2a: Crobat|60\/100\n|-singleturn|p2a: Crobat|move: Roost\n|\n|upkeep\n|turn|34\n|\n|t:|1700180096\n|switch|p1a: Clodsire|Clodsire, M|84\/100\n|-damage|p1a: Clodsire|78\/100|[from] Stealth Rock\n|move|p2a: Crobat|Toxic|p1a: Clodsire\n|-status|p1a: Clodsire|tox\n|\n|-heal|p1a: Clodsire|84\/100 tox|[from] item: Black Sludge\n|-damage|p1a: Clodsire|78\/100 tox|[from] psn\n|upkeep\n|turn|35\n|c| Ginesect|Corrosion moment\n|\n|t:|1700180108\n|switch|p1a: Melmetal|Melmetal|77\/100\n|-damage|p1a: Melmetal|71\/100|[from] Stealth Rock\n|move|p2a: Crobat|Defog|p1a: Melmetal\n|-unboost|p1a: Melmetal|evasion|1\n|-sideend|p1: paultheconvincer|Stealth Rock|[from] move: Defog|[of] p2a: Crobat\n|-sideend|p2: scipionisafricanus|Stealth Rock|[from] move: Defog|[of] p2a: Crobat\n|\n|upkeep\n|turn|36\n|\n|t:|1700180115\n|switch|p2a: Venusaur|Venusaur-Mega, F|43\/100 par\n|move|p1a: Melmetal|Double Iron Bash|p2a: Venusaur\n|-damage|p2a: Venusaur|15\/100 par\n|-damage|p2a: Venusaur|0 fnt\n|faint|p2a: Venusaur\n|-hitcount|p2: Venusaur|2\n|\n|upkeep\n|\n|t:|1700180119\n|switch|p2a: Sandy Shocks|Sandy Shocks|57\/100\n|turn|37\n|\n|t:|1700180133\n|switch|p1a: Clodsire|Clodsire, M|78\/100 tox\n|move|p2a: Sandy Shocks|Earth Power|p1a: Clodsire\n|-supereffective|p1a: Clodsire\n|-damage|p1a: Clodsire|32\/100 tox\n|\n|-heal|p1a: Clodsire|39\/100 tox|[from] item: Black Sludge\n|-damage|p1a: Clodsire|32\/100 tox|[from] psn\n|upkeep\n|turn|38\n|\n|t:|1700180140\n|switch|p1a: Hydreigon|Hydreigon, M|76\/100\n|move|p2a: Sandy Shocks|Earth Power|p1a: Hydreigon\n|-immune|p1a: Hydreigon|[from] ability: Levitate\n|\n|upkeep\n|turn|39\n|\n|t:|1700180150\n|move|p1a: Hydreigon|Draco Meteor|p2a: Sandy Shocks\n|-damage|p2a: Sandy Shocks|0 fnt\n|-unboost|p1a: Hydreigon|spa|2\n|faint|p2a: Sandy Shocks\n|-end|p2a: Sandy Shocks|Protosynthesis|[silent]\n|\n|upkeep\n|\n|t:|1700180154\n|switch|p2a: Basculegion|Basculegion, M|82\/100\n|turn|40\n|\n|t:|1700180162\n|switch|p1a: Clodsire|Clodsire, M|32\/100 tox\n|move|p2a: Basculegion|Poltergeist|p1a: Clodsire\n|-activate|p1a: Clodsire|move: Poltergeist|Black Sludge\n|-damage|p1a: Clodsire|0 fnt\n|faint|p1a: Clodsire\n|\n|upkeep\n|\n|t:|1700180179\n|switch|p1a: Melmetal|Melmetal|71\/100\n|turn|41\n|\n|t:|1700180181\n|move|p2a: Basculegion|Poltergeist|p1a: Melmetal\n|-activate|p1a: Melmetal|move: Poltergeist|Protective Pads\n|-damage|p1a: Melmetal|28\/100\n|move|p1a: Melmetal|Thunder Punch|p2a: Basculegion\n|-supereffective|p2a: Basculegion\n|-damage|p2a: Basculegion|0 fnt\n|faint|p2a: Basculegion\n|\n|upkeep\n|\n|t:|1700180183\n|switch|p2a: Crobat|Crobat, M|60\/100\n|turn|42\n|\n|t:|1700180190\n|move|p2a: Crobat|Toxic|p1a: Melmetal\n|-status|p1a: Melmetal|tox\n|move|p1a: Melmetal|Thunder Punch|p2a: Crobat\n|-supereffective|p2a: Crobat\n|-damage|p2a: Crobat|0 fnt\n|faint|p2a: Crobat\n|\n|win|paultheconvincer\n|c|\u2606scipionisafricanus|wait\n|c|\u2606scipionisafricanus|it flicnhed with pads the aegislash\n|c|\u2606scipionisafricanus|surreal\n|c| Ginesect|Damn\n|c|\u2606scipionisafricanus|gg\n","uploadtime":1700180220,"views":22,"p1id":"paultheconvincer","p2id":"scipionisafricanus","formatid":"gen9ou","rating":0,"private":0,"password":""}