{"id":"radicalred-gen9ou-548416","p1":"OrcLoose","p2":"bryenwww","format":"[Gen 9] OU","log":"|j|\u2606OrcLoose\n|j|\u2606bryenwww\n|t:|1700337835\n|gametype|singles\n|player|p1|OrcLoose|rr-slowkinggalar|\n|player|p2|bryenwww|169|\n|teamsize|p1|6\n|teamsize|p2|6\n|gen|9\n|tier|[Gen 9] OU\n|rule|Sleep Clause Mod: Limit one foe put to sleep\n|rule|Species Clause: Limit one of each Pok\u00e9mon\n|rule|OHKO Clause: OHKO moves are banned\n|rule|Evasion Abilities Clause: Evasion abilities are banned\n|rule|Evasion Items Clause: Evasion items are banned\n|rule|Evasion Moves Clause: Evasion moves are banned\n|rule|Endless Battle Clause: Forcing endless battles is banned\n|rule|HP Percentage Mod: HP is shown in percentages\n|rule|Dynamax Clause: You cannot dynamax\n|clearpoke\n|poke|p1|Abomasnow, F|\n|poke|p1|Meowscarada, F|\n|poke|p1|Slowking-Galar, F|\n|poke|p1|Electivire, M|\n|poke|p1|Noivern-Sevii, F|\n|poke|p1|Magcargo, M|\n|poke|p2|Tapu Koko|\n|poke|p2|Shedinja|\n|poke|p2|Weezing-Galar, M|\n|poke|p2|Heatran, F|\n|poke|p2|Iron Thorns|\n|poke|p2|Grimmsnarl, M|\n|teampreview\n|\n|t:|1700337859\n|start\n|switch|p1a: Flap flap|Noivern-Sevii, F|100\/100\n|switch|p2a: Tapu Koko|Tapu Koko|100\/100\n|-fieldstart|move: Electric Terrain|[from] ability: Electric Surge|[of] p2a: Tapu Koko\n|turn|1\n|j| Manaphoebe\n|\n|t:|1700337880\n|move|p2a: Tapu Koko|Volt Switch|p1a: Flap flap\n|-damage|p1a: Flap flap|59\/100\n|\n|t:|1700337884\n|switch|p2a: Weezing|Weezing-Galar, M|100\/100|[from] Volt Switch\n|move|p1a: Flap flap|Dragon Dance|p1a: Flap flap\n|-boost|p1a: Flap flap|atk|1\n|-boost|p1a: Flap flap|spe|1\n|\n|upkeep\n|turn|2\n|\n|t:|1700337890\n|move|p1a: Flap flap|Rock Slide|p2a: Weezing\n|-damage|p2a: Weezing|58\/100\n|move|p2a: Weezing|Will-O-Wisp|p1a: Flap flap\n|-status|p1a: Flap flap|brn\n|\n|-heal|p2a: Weezing|64\/100|[from] item: Black Sludge\n|-damage|p1a: Flap flap|53\/100 brn|[from] brn\n|upkeep\n|turn|3\n|\n|t:|1700337899\n|move|p1a: Flap flap|Rock Slide|p2a: Weezing\n|-damage|p2a: Weezing|43\/100\n|move|p2a: Weezing|Strange Steam|p1a: Flap flap\n|-damage|p1a: Flap flap|18\/100 brn\n|\n|-heal|p2a: Weezing|49\/100|[from] item: Black Sludge\n|-damage|p1a: Flap flap|12\/100 brn|[from] brn\n|upkeep\n|turn|4\n|\n|t:|1700337909\n|move|p1a: Flap flap|Rock Slide|p2a: Weezing\n|-damage|p2a: Weezing|26\/100\n|cant|p2a: Weezing|flinch\n|\n|-heal|p2a: Weezing|32\/100|[from] item: Black Sludge\n|-damage|p1a: Flap flap|6\/100 brn|[from] brn\n|upkeep\n|turn|5\n|\n|t:|1700337915\n|move|p1a: Flap flap|Rock Slide|p2a: Weezing\n|-damage|p2a: Weezing|10\/100\n|move|p2a: Weezing|Strange Steam|p1a: Flap flap\n|-damage|p1a: Flap flap|0 fnt\n|faint|p1a: Flap flap\n|\n|-heal|p2a: Weezing|16\/100|[from] item: Black Sludge\n|-fieldend|move: Electric Terrain\n|upkeep\n|\n|t:|1700337919\n|switch|p1a: DiamondInTheRough|Magcargo, M, shiny|100\/100\n|turn|6\n|\n|t:|1700337922\n|switch|p2a: Grimmsnarl|Grimmsnarl, M|100\/100\n|move|p1a: DiamondInTheRough|Shell Smash|p1a: DiamondInTheRough\n|-unboost|p1a: DiamondInTheRough|def|2\n|-unboost|p1a: DiamondInTheRough|spd|2\n|-boost|p1a: DiamondInTheRough|atk|4\n|-boost|p1a: DiamondInTheRough|spa|4\n|-boost|p1a: DiamondInTheRough|spe|4\n|-enditem|p1a: DiamondInTheRough|White Herb\n|-clearnegativeboost|p1a: DiamondInTheRough|[silent]\n|\n|upkeep\n|turn|7\n|\n|t:|1700337930\n|move|p1a: DiamondInTheRough|Flamethrower|p2a: Grimmsnarl\n|-damage|p2a: Grimmsnarl|30\/100\n|move|p2a: Grimmsnarl|Drain Punch|p1a: DiamondInTheRough\n|-supereffective|p1a: DiamondInTheRough\n|-damage|p1a: DiamondInTheRough|42\/100\n|-heal|p2a: Grimmsnarl|49\/100|[from] drain|[of] p1a: DiamondInTheRough\n|\n|upkeep\n|turn|8\n|\n|t:|1700337938\n|move|p2a: Grimmsnarl|Sucker Punch|p1a: DiamondInTheRough\n|-damage|p1a: DiamondInTheRough|4\/100\n|move|p1a: DiamondInTheRough|Flamethrower|p2a: Grimmsnarl\n|-damage|p2a: Grimmsnarl|0 fnt\n|faint|p2a: Grimmsnarl\n|\n|upkeep\n|\n|t:|1700337942\n|switch|p2a: Iron Thorns|Iron Thorns|100\/100\n|turn|9\n|\n|t:|1700337946\n|move|p2a: Iron Thorns|Accelerock|p1a: DiamondInTheRough\n|-supereffective|p1a: DiamondInTheRough\n|-damage|p1a: DiamondInTheRough|0 fnt\n|faint|p1a: DiamondInTheRough\n|\n|upkeep\n|\n|t:|1700337960\n|switch|p1a: Meow Meow|Meowscarada, F, shiny|100\/100\n|turn|10\n|\n|t:|1700337966\n|-end|p2a: Iron Thorns|Quark Drive|[silent]\n|switch|p2a: Heatran|Heatran, F|100\/100\n|move|p1a: Meow Meow|Low Kick|p2a: Heatran\n|-start|p1a: Meow Meow|typechange|Fighting|[from] ability: Protean\n|-supereffective|p2a: Heatran\n|-damage|p2a: Heatran|0 fnt\n|faint|p2a: Heatran\n|\n|upkeep\n|\n|t:|1700337975\n|switch|p2a: Tapu Koko|Tapu Koko|100\/100\n|-fieldstart|move: Electric Terrain|[from] ability: Electric Surge|[of] p2a: Tapu Koko\n|turn|11\n|\n|t:|1700337979\n|switch|p1a: W not plasmafist|Electivire, M, shiny|100\/100\n|move|p2a: Tapu Koko|Volt Switch|p1a: W not plasmafist\n|-ability|p1a: W not plasmafist|Motor Drive|boost\n|-boost|p1a: W not plasmafist|spe|1\n|\n|upkeep\n|turn|12\n|j| Godigimon\n|\n|t:|1700337990\n|switch|p2a: Shedinja|Shedinja|100\/100\n|move|p1a: W not plasmafist|Plasma Fists|p2a: Shedinja\n|-immune|p2a: Shedinja|[from] ability: Wonder Guard\n|\n|upkeep\n|turn|13\n|\n|t:|1700337994\n|switch|p1a: Fatass|Slowking-Galar, F, shiny|100\/100\n|move|p2a: Shedinja|Toxic|p1a: Fatass\n|-immune|p1a: Fatass\n|\n|upkeep\n|turn|14\n|\n|t:|1700337997\n|move|p2a: Shedinja|Poltergeist|p1a: Fatass\n|-activate|p1a: Fatass|move: Poltergeist|Icy Rock\n|-supereffective|p1a: Fatass\n|-damage|p1a: Fatass|11\/100\n|move|p1a: Fatass|Thunder Wave|p2a: Shedinja\n|-status|p2a: Shedinja|par\n|\n|upkeep\n|turn|15\n|\n|t:|1700338006\n|move|p2a: Shedinja|Toxic|p1a: Fatass\n|-immune|p1a: Fatass\n|move|p1a: Fatass|Chilly Reception|p1a: Fatass\n|-weather|Snow\n|\n|t:|1700338009\n|switch|p1a: Semi-Truck|Abomasnow, F, shiny|100\/100|[from] Chilly Reception\n|\n|-weather|Snow|[upkeep]\n|-fieldend|move: Electric Terrain\n|upkeep\n|turn|16\n|\n|t:|1700338016\n|switch|p2a: Weezing|Weezing-Galar, M|16\/100\n|detailschange|p1a: Semi-Truck|Abomasnow-Mega, F, shiny\n|-mega|p1a: Semi-Truck|Abomasnow|Abomasite\n|move|p1a: Semi-Truck|Rock Slide|p2a: Weezing\n|-damage|p2a: Weezing|0 fnt\n|faint|p2a: Weezing\n|\n|-weather|Snow|[upkeep]\n|upkeep\n|\n|t:|1700338024\n|switch|p2a: Tapu Koko|Tapu Koko|100\/100\n|-fieldstart|move: Electric Terrain|[from] ability: Electric Surge|[of] p2a: Tapu Koko\n|turn|17\n|\n|t:|1700338031\n|move|p1a: Semi-Truck|Earthquake|p2a: Tapu Koko\n|-supereffective|p2a: Tapu Koko\n|-damage|p2a: Tapu Koko|23\/100\n|move|p2a: Tapu Koko|Light Screen|p2a: Tapu Koko\n|-sidestart|p2: bryenwww|move: Light Screen\n|\n|-weather|Snow|[upkeep]\n|-heal|p2a: Tapu Koko|29\/100|[from] item: Leftovers\n|upkeep\n|turn|18\n|\n|t:|1700338035\n|move|p1a: Semi-Truck|Mountain Gale|p2a: Tapu Koko\n|-damage|p2a: Tapu Koko|0 fnt\n|faint|p2a: Tapu Koko\n|\n|-weather|Snow|[upkeep]\n|upkeep\n|\n|t:|1700338037\n|switch|p2a: Iron Thorns|Iron Thorns|100\/100\n|-activate|p2a: Iron Thorns|ability: Quark Drive\n|-start|p2a: Iron Thorns|quarkdriveatk\n|turn|19\n|\n|t:|1700338042\n|move|p1a: Semi-Truck|Earthquake|p2a: Iron Thorns\n|-supereffective|p2a: Iron Thorns\n|-enditem|p2a: Iron Thorns|Focus Sash\n|-damage|p2a: Iron Thorns|1\/100\n|move|p2a: Iron Thorns|Dragon Dance|p2a: Iron Thorns\n|-boost|p2a: Iron Thorns|atk|1\n|-boost|p2a: Iron Thorns|spe|1\n|\n|-weather|Snow|[upkeep]\n|upkeep\n|turn|20\n|\n|t:|1700338049\n|move|p2a: Iron Thorns|Accelerock|p1a: Semi-Truck\n|-supereffective|p1a: Semi-Truck\n|-damage|p1a: Semi-Truck|47\/100\n|move|p1a: Semi-Truck|Earthquake|p2a: Iron Thorns\n|-supereffective|p2a: Iron Thorns\n|-damage|p2a: Iron Thorns|0 fnt\n|faint|p2a: Iron Thorns\n|-end|p2a: Iron Thorns|Quark Drive|[silent]\n|\n|-weather|Snow|[upkeep]\n|upkeep\n|\n|t:|1700338052\n|switch|p2a: Shedinja|Shedinja|100\/100 par\n|turn|21\n|\n|t:|1700338056\n|cant|p2a: Shedinja|par\n|move|p1a: Semi-Truck|Rock Slide|p2a: Shedinja\n|-supereffective|p2a: Shedinja\n|-damage|p2a: Shedinja|0 fnt\n|faint|p2a: Shedinja\n|\n|win|OrcLoose\n|j| ShoddyProdigy\n|c|\u2606OrcLoose|ggs\n|c| ShoddyProdigy|bro\n|c| ShoddyProdigy|aabomasnow op??\n|c|\u2606OrcLoose|very\n|j| Pengwoo\n","uploadtime":1700338076,"views":13,"p1id":"orcloose","p2id":"bryenwww","formatid":"gen9ou","rating":0,"private":0,"password":""}