{"id":"radicalred-gen9ou-545937","p1":"Eggward807","p2":"Mr cyphon","format":"[Gen 9] OU","log":"|j|\u2606Eggward807\n|j|\u2606Mr cyphon\n|t:|1699894972\n|gametype|singles\n|player|p1|Eggward807|rr-tapufini|\n|player|p2|Mr cyphon|gambler|\n|teamsize|p1|6\n|teamsize|p2|6\n|gen|9\n|tier|[Gen 9] OU\n|rule|Sleep Clause Mod: Limit one foe put to sleep\n|rule|Species Clause: Limit one of each Pok\u00e9mon\n|rule|OHKO Clause: OHKO moves are banned\n|rule|Evasion Abilities Clause: Evasion abilities are banned\n|rule|Evasion Items Clause: Evasion items are banned\n|rule|Evasion Moves Clause: Evasion moves are banned\n|rule|Endless Battle Clause: Forcing endless battles is banned\n|rule|HP Percentage Mod: HP is shown in percentages\n|rule|Dynamax Clause: You cannot dynamax\n|clearpoke\n|poke|p1|Electrode|\n|poke|p1|Marowak, F|\n|poke|p1|Kingler, M|\n|poke|p1|Typhlosion-Hisui, F|\n|poke|p1|Spidops, F|\n|poke|p1|Jumpluff, M|\n|poke|p2|Pinsir, F|\n|poke|p2|Barbaracle, M|\n|poke|p2|Silvally-*|\n|poke|p2|Palossand, M|\n|poke|p2|Arcanine, M|\n|poke|p2|Machamp, F|\n|teampreview\n|c|\u2606Mr cyphon|Have fun \n|c|\u2606Eggward807|why are so many people mute\n|\n|t:|1699894987\n|start\n|switch|p1a: Spidops|Spidops, F|100\/100\n|switch|p2a: Barbaracle|Barbaracle, M|100\/100\n|turn|1\n|c|\u2606Mr cyphon|Idk \n|\n|t:|1699895010\n|move|p2a: Barbaracle|Shell Smash|p2a: Barbaracle\n|-unboost|p2a: Barbaracle|def|1\n|-unboost|p2a: Barbaracle|spd|1\n|-boost|p2a: Barbaracle|atk|2\n|-boost|p2a: Barbaracle|spa|2\n|-boost|p2a: Barbaracle|spe|2\n|-enditem|p2a: Barbaracle|White Herb\n|-clearnegativeboost|p2a: Barbaracle|[silent]\n|move|p1a: Spidops|Sticky Web|p2a: Barbaracle\n|-sidestart|p2: Mr cyphon|move: Sticky Web\n|\n|upkeep\n|turn|2\n|\n|t:|1699895013\n|move|p2a: Barbaracle|Accelerock|p1a: Spidops\n|-supereffective|p1a: Spidops\n|-crit|p1a: Spidops\n|-enditem|p1a: Spidops|Focus Sash\n|-damage|p1a: Spidops|1\/100\n|move|p1a: Spidops|Circle Throw|p2a: Barbaracle\n|-supereffective|p2a: Barbaracle\n|-damage|p2a: Barbaracle|71\/100\n|drag|p2a: Pinsir|Pinsir, F|100\/100\n|-activate|p2a: Pinsir|move: Sticky Web\n|-unboost|p2a: Pinsir|spe|1\n|\n|upkeep\n|turn|3\n|\n|t:|1699895021\n|move|p2a: Pinsir|Extreme Speed|p1a: Spidops\n|-damage|p1a: Spidops|0 fnt\n|faint|p1a: Spidops\n|-ability|p2a: Pinsir|Moxie|boost\n|-boost|p2a: Pinsir|atk|1\n|\n|upkeep\n|\n|t:|1699895025\n|switch|p1a: Electrode|Electrode, shiny|100\/100\n|-item|p1a: Electrode|Air Balloon\n|turn|4\n|\n|t:|1699895029\n|move|p2a: Pinsir|Extreme Speed|p1a: Electrode\n|-damage|p1a: Electrode|40\/100\n|-enditem|p1a: Electrode|Air Balloon\n|move|p1a: Electrode|Tri Attack|p2a: Pinsir\n|-damage|p2a: Pinsir|33\/100\n|\n|upkeep\n|turn|5\n|\n|t:|1699895034\n|switch|p1a: Typhlosion|Typhlosion-Hisui, F, shiny|100\/100\n|move|p2a: Pinsir|Extreme Speed|p1a: Typhlosion\n|-immune|p1a: Typhlosion\n|\n|upkeep\n|turn|6\n|\n|t:|1699895040\n|switch|p2a: Palossand|Palossand, M|100\/100\n|-activate|p2a: Palossand|move: Sticky Web\n|-unboost|p2a: Palossand|spe|1\n|move|p1a: Typhlosion|Fire Blast|p2a: Palossand\n|-damage|p2a: Palossand|63\/100\n|\n|-heal|p2a: Palossand|69\/100|[from] item: Leftovers\n|upkeep\n|turn|7\n|\n|t:|1699895046\n|move|p1a: Typhlosion|Shadow Ball|p2a: Palossand\n|-supereffective|p2a: Palossand\n|-damage|p2a: Palossand|4\/100\n|move|p2a: Palossand|Earth Power|p1a: Typhlosion\n|-supereffective|p1a: Typhlosion\n|-damage|p1a: Typhlosion|34\/100\n|\n|-heal|p2a: Palossand|10\/100|[from] item: Leftovers\n|upkeep\n|turn|8\n|\n|t:|1699895049\n|move|p1a: Typhlosion|Shadow Ball|p2a: Palossand\n|-supereffective|p2a: Palossand\n|-damage|p2a: Palossand|0 fnt\n|faint|p2a: Palossand\n|\n|upkeep\n|\n|t:|1699895052\n|switch|p2a: Silvally|Silvally-Flying|100\/100\n|turn|9\n|\n|t:|1699895055\n|move|p2a: Silvally|Defog|p1a: Typhlosion\n|-unboost|p1a: Typhlosion|evasion|1\n|-sideend|p2: Mr cyphon|Sticky Web|[from] move: Defog|[of] p2a: Silvally\n|move|p1a: Typhlosion|Fire Blast|p2a: Silvally\n|-damage|p2a: Silvally|47\/100\n|\n|-heal|p2a: Silvally|53\/100|[from] item: Leftovers\n|upkeep\n|turn|10\n|\n|t:|1699895058\n|move|p1a: Typhlosion|Quick Attack|p2a: Silvally\n|-damage|p2a: Silvally|44\/100\n|move|p2a: Silvally|Multi-Attack|p1a: Typhlosion\n|-damage|p1a: Typhlosion|0 fnt\n|faint|p1a: Typhlosion\n|\n|-heal|p2a: Silvally|50\/100|[from] item: Leftovers\n|upkeep\n|\n|t:|1699895064\n|switch|p1a: Electrode|Electrode, shiny|40\/100\n|turn|11\n|\n|t:|1699895067\n|move|p1a: Electrode|Tri Attack|p2a: Silvally\n|-supereffective|p2a: Silvally\n|-damage|p2a: Silvally|0 fnt\n|faint|p2a: Silvally\n|\n|upkeep\n|\n|t:|1699895075\n|switch|p2a: Pinsir|Pinsir, F|33\/100\n|turn|12\n|\n|t:|1699895080\n|move|p2a: Pinsir|Earthquake|p1a: Electrode\n|-supereffective|p1a: Electrode\n|-damage|p1a: Electrode|0 fnt\n|faint|p1a: Electrode\n|-ability|p2a: Pinsir|Moxie|boost\n|-boost|p2a: Pinsir|atk|1\n|\n|upkeep\n|\n|t:|1699895083\n|switch|p1a: Jumpluff|Jumpluff, M, shiny|100\/100\n|turn|13\n|\n|t:|1699895089\n|move|p2a: Pinsir|Earthquake|p1a: Jumpluff\n|-immune|p1a: Jumpluff\n|move|p1a: Jumpluff|Double-Edge|p2a: Pinsir\n|-supereffective|p2a: Pinsir\n|-damage|p2a: Pinsir|0 fnt\n|faint|p2a: Pinsir\n|-damage|p1a: Jumpluff|91\/100|[from] Recoil\n|\n|upkeep\n|\n|t:|1699895092\n|switch|p2a: Arcanine|Arcanine, M|100\/100\n|turn|14\n|\n|t:|1699895099\n|switch|p1a: Kingler|Kingler, M|100\/100\n|move|p2a: Arcanine|Flare Blitz|p1a: Kingler\n|-resisted|p1a: Kingler\n|-damage|p1a: Kingler|73\/100\n|-status|p1a: Kingler|brn\n|-damage|p2a: Arcanine|93\/100|[from] Recoil\n|\n|-damage|p1a: Kingler|67\/100 brn|[from] brn\n|upkeep\n|turn|15\n|c|\u2606Eggward807|bruh\n|c|\u2606Eggward807|is it like 100 percent chance\n|c|\u2606Eggward807|for burn\n|\n|t:|1699895118\n|switch|p2a: Machamp|Machamp, F|100\/100\n|move|p1a: Kingler|Aqua Jet|p2a: Machamp\n|-damage|p2a: Machamp|89\/100\n|\n|-damage|p1a: Kingler|61\/100 brn|[from] brn\n|-status|p2a: Machamp|tox|[from] item: Toxic Orb\n|upkeep\n|turn|16\n|\n|t:|1699895123\n|move|p1a: Kingler|Meteor Mash|p2a: Machamp\n|-damage|p2a: Machamp|68\/100 tox\n|move|p2a: Machamp|Knock Off|p1a: Kingler\n|-damage|p1a: Kingler|5\/100 brn\n|-enditem|p1a: Kingler|Focus Sash|[from] move: Knock Off|[of] p2a: Machamp\n|\n|-damage|p2a: Machamp|62\/100 tox|[from] psn\n|-damage|p1a: Kingler|0 fnt|[from] brn\n|faint|p1a: Kingler\n|upkeep\n|\n|t:|1699895127\n|switch|p1a: Jumpluff|Jumpluff, M, shiny|91\/100\n|turn|17\n|\n|t:|1699895131\n|move|p1a: Jumpluff|Double-Edge|p2a: Machamp\n|-supereffective|p2a: Machamp\n|-damage|p2a: Machamp|0 fnt\n|faint|p2a: Machamp\n|-damage|p1a: Jumpluff|67\/100|[from] Recoil\n|\n|upkeep\n|\n|t:|1699895133\n|switch|p2a: Arcanine|Arcanine, M|93\/100\n|turn|18\n|\n|t:|1699895137\n|switch|p1a: Marowak|Marowak, F, shiny|100\/100\n|move|p2a: Arcanine|Flare Blitz|p1a: Marowak\n|-damage|p1a: Marowak|47\/100\n|-damage|p2a: Arcanine|75\/100|[from] Recoil\n|\n|upkeep\n|turn|19\n|\n|t:|1699895139\n|move|p2a: Arcanine|Flare Blitz|p1a: Marowak\n|-damage|p1a: Marowak|0 fnt\n|faint|p1a: Marowak\n|-damage|p2a: Arcanine|59\/100|[from] Recoil\n|\n|upkeep\n|\n|t:|1699895141\n|switch|p1a: Jumpluff|Jumpluff, M, shiny|67\/100\n|turn|20\n|\n|t:|1699895144\n|move|p2a: Arcanine|Flare Blitz|p1a: Jumpluff\n|-supereffective|p1a: Jumpluff\n|-damage|p1a: Jumpluff|0 fnt\n|faint|p1a: Jumpluff\n|-damage|p2a: Arcanine|37\/100|[from] Recoil\n|\n|win|Mr cyphon\n|c|\u2606Eggward807|gg\n|c|\u2606Mr cyphon|gg\n","uploadtime":1699895151,"views":11,"p1id":"eggward807","p2id":"mrcyphon","formatid":"gen9ou","rating":0,"private":0,"password":""}