{"id":"radicalred-gen9ou-548208","p1":"OrcLoose","p2":"Pengwoo","format":"[Gen 9] OU","log":"|j|\u2606OrcLoose\n|j|\u2606Pengwoo\n|t:|1700285960\n|gametype|singles\n|player|p1|OrcLoose|102|\n|player|p2|Pengwoo|rr-houndoommega|\n|teamsize|p1|6\n|teamsize|p2|6\n|gen|9\n|tier|[Gen 9] OU\n|rule|Sleep Clause Mod: Limit one foe put to sleep\n|rule|Species Clause: Limit one of each Pok\u00e9mon\n|rule|OHKO Clause: OHKO moves are banned\n|rule|Evasion Abilities Clause: Evasion abilities are banned\n|rule|Evasion Items Clause: Evasion items are banned\n|rule|Evasion Moves Clause: Evasion moves are banned\n|rule|Endless Battle Clause: Forcing endless battles is banned\n|rule|HP Percentage Mod: HP is shown in percentages\n|rule|Dynamax Clause: You cannot dynamax\n|clearpoke\n|poke|p1|Noivern-Sevii, F|\n|poke|p1|Roaring Moon|\n|poke|p1|Excadrill, M|\n|poke|p1|Politoed, F|\n|poke|p1|Machamp, F|\n|poke|p1|Iron Moth|\n|poke|p2|Houndoom, M|\n|poke|p2|Tapu Bulu|\n|poke|p2|Carnivine-Sevii, M|\n|poke|p2|Silvally-*|\n|poke|p2|Pikachu-Libre, F|\n|poke|p2|Samurott, M|\n|teampreview\n|c|\u2606Pengwoo|machamp fucking counters my shit\n|\n|t:|1700285974\n|start\n|switch|p1a: Machamp|Machamp, F|100\/100\n|switch|p2a: Houndoom|Houndoom, M|100\/100\n|turn|1\n|\n|t:|1700285982\n|switch|p2a: Tapu Bulu|Tapu Bulu|100\/100\n|-fieldstart|move: Grassy Terrain|[from] ability: Grassy Surge|[of] p2a: Tapu Bulu\n|detailschange|p1a: Machamp|Machamp-Mega, F\n|-mega|p1a: Machamp|Machamp|Machampite\n|move|p1a: Machamp|Power-Up Punch|p2a: Tapu Bulu\n|-resisted|p2a: Tapu Bulu\n|-damage|p2a: Tapu Bulu|89\/100\n|-boost|p1a: Machamp|atk|1\n|-resisted|p2a: Tapu Bulu\n|-damage|p2a: Tapu Bulu|80\/100\n|-boost|p1a: Machamp|atk|1\n|-hitcount|p2a: Tapu Bulu|2\n|\n|-heal|p2a: Tapu Bulu|87\/100|[from] Grassy Terrain\n|-heal|p2a: Tapu Bulu|93\/100|[from] item: Leftovers\n|upkeep\n|turn|2\n|\n|t:|1700285997\n|move|p1a: Machamp|Substitute|p1a: Machamp\n|-start|p1a: Machamp|Substitute\n|-damage|p1a: Machamp|76\/100\n|move|p2a: Tapu Bulu|Bulk Up|p2a: Tapu Bulu\n|-boost|p2a: Tapu Bulu|atk|1\n|-boost|p2a: Tapu Bulu|def|1\n|\n|-heal|p2a: Tapu Bulu|99\/100|[from] Grassy Terrain\n|-heal|p1a: Machamp|82\/100|[from] Grassy Terrain\n|-heal|p2a: Tapu Bulu|100\/100|[from] item: Leftovers\n|upkeep\n|turn|3\n|\n|t:|1700286000\n|move|p1a: Machamp|Power-Up Punch|p2a: Tapu Bulu\n|-resisted|p2a: Tapu Bulu\n|-damage|p2a: Tapu Bulu|87\/100\n|-boost|p1a: Machamp|atk|1\n|-resisted|p2a: Tapu Bulu\n|-damage|p2a: Tapu Bulu|77\/100\n|-boost|p1a: Machamp|atk|1\n|-hitcount|p2a: Tapu Bulu|2\n|move|p2a: Tapu Bulu|Play Rough|p1a: Machamp\n|-supereffective|p1a: Machamp\n|-end|p1a: Machamp|Substitute\n|\n|-heal|p1a: Machamp|88\/100|[from] Grassy Terrain\n|-heal|p2a: Tapu Bulu|83\/100|[from] Grassy Terrain\n|-heal|p2a: Tapu Bulu|89\/100|[from] item: Leftovers\n|upkeep\n|turn|4\n|\n|t:|1700286010\n|move|p2a: Tapu Bulu|Play Rough|p1a: Machamp\n|-supereffective|p1a: Machamp\n|-damage|p1a: Machamp|0 fnt\n|faint|p1a: Machamp\n|\n|-heal|p2a: Tapu Bulu|95\/100|[from] Grassy Terrain\n|-heal|p2a: Tapu Bulu|100\/100|[from] item: Leftovers\n|upkeep\n|\n|t:|1700286017\n|switch|p1a: Iron Moth|Iron Moth|100\/100\n|-enditem|p1a: Iron Moth|Booster Energy\n|-activate|p1a: Iron Moth|ability: Quark Drive|[fromitem]\n|-start|p1a: Iron Moth|quarkdrivespe\n|turn|5\n|\n|t:|1700286027\n|switch|p2a: Silvally|Silvally-Ground|100\/100\n|move|p1a: Iron Moth|Fiery Dance|p2a: Silvally\n|-damage|p2a: Silvally|83\/100\n|-boost|p1a: Iron Moth|spa|1\n|\n|-heal|p2a: Silvally|89\/100|[from] Grassy Terrain\n|-fieldend|move: Grassy Terrain\n|upkeep\n|turn|6\n|\n|t:|1700286032\n|-end|p1a: Iron Moth|Quark Drive|[silent]\n|switch|p1a: Noivern-Sevii|Noivern-Sevii, F|100\/100\n|move|p2a: Silvally|Multi-Attack|p1a: Noivern-Sevii\n|-immune|p1a: Noivern-Sevii|[from] ability: Levitate\n|\n|upkeep\n|turn|7\n|\n|t:|1700286035\n|move|p1a: Noivern-Sevii|Hone Claws|p1a: Noivern-Sevii\n|-boost|p1a: Noivern-Sevii|atk|1\n|-boost|p1a: Noivern-Sevii|accuracy|1\n|move|p2a: Silvally|Surf|p1a: Noivern-Sevii\n|-supereffective|p1a: Noivern-Sevii\n|-damage|p1a: Noivern-Sevii|43\/100\n|\n|upkeep\n|turn|8\n|\n|t:|1700286040\n|move|p1a: Noivern-Sevii|Spirit Shackle|p2a: Silvally\n|-damage|p2a: Silvally|27\/100\n|-activate|p2a: Silvally|trapped\n|-damage|p1a: Noivern-Sevii|33\/100|[from] item: Life Orb\n|move|p2a: Silvally|Surf|p1a: Noivern-Sevii\n|-supereffective|p1a: Noivern-Sevii\n|-damage|p1a: Noivern-Sevii|0 fnt\n|faint|p1a: Noivern-Sevii\n|\n|upkeep\n|\n|t:|1700286045\n|switch|p1a: Roaring Moon|Roaring Moon|100\/100\n|turn|9\n|\n|t:|1700286048\n|switch|p2a: Carnivine|Carnivine-Sevii, M|100\/100\n|move|p1a: Roaring Moon|U-turn|p2a: Carnivine\n|-resisted|p2a: Carnivine\n|-damage|p2a: Carnivine|94\/100\n|\n|t:|1700286053\n|-end|p1a: Roaring Moon|Protosynthesis|[silent]\n|switch|p1a: Iron Moth|Iron Moth|100\/100|[from] U-turn\n|\n|-heal|p2a: Carnivine|99\/100|[from] item: Leftovers\n|upkeep\n|turn|10\n|\n|t:|1700286057\n|switch|p2a: Houndoom|Houndoom, M|100\/100\n|move|p1a: Iron Moth|Fire Blast|p2a: Houndoom\n|-resisted|p2a: Houndoom\n|-damage|p2a: Houndoom|62\/100\n|\n|upkeep\n|turn|11\n|\n|t:|1700286068\n|-end|p1a: Iron Moth|Quark Drive|[silent]\n|switch|p1a: Politoed|Politoed, F, shiny|100\/100\n|detailschange|p2a: Houndoom|Houndoom-Mega, M\n|-mega|p2a: Houndoom|Houndoom|Houndoominite\n|-ability|p2a: Houndoom|Dark Aura\n|move|p2a: Houndoom|Scorching Sands|p1a: Politoed\n|-crit|p1a: Politoed\n|-damage|p1a: Politoed|78\/100\n|\n|-heal|p1a: Politoed|84\/100|[from] item: Leftovers\n|upkeep\n|turn|12\n|\n|t:|1700286073\n|switch|p2a: Tapu Bulu|Tapu Bulu|100\/100\n|-fieldstart|move: Grassy Terrain|[from] ability: Grassy Surge|[of] p2a: Tapu Bulu\n|move|p1a: Politoed|Flip Turn|p2a: Tapu Bulu\n|-resisted|p2a: Tapu Bulu\n|-damage|p2a: Tapu Bulu|94\/100\n|\n|t:|1700286075\n|switch|p1a: Iron Moth|Iron Moth|100\/100|[from] Flip Turn\n|\n|-heal|p2a: Tapu Bulu|99\/100|[from] Grassy Terrain\n|-heal|p2a: Tapu Bulu|100\/100|[from] item: Leftovers\n|upkeep\n|turn|13\n|\n|t:|1700286079\n|move|p1a: Iron Moth|Fiery Dance|p2a: Tapu Bulu\n|-supereffective|p2a: Tapu Bulu\n|-damage|p2a: Tapu Bulu|18\/100\n|-boost|p1a: Iron Moth|spa|1\n|move|p2a: Tapu Bulu|Stone Edge|p1a: Iron Moth\n|-supereffective|p1a: Iron Moth\n|-damage|p1a: Iron Moth|0 fnt\n|faint|p1a: Iron Moth\n|-end|p1a: Iron Moth|Quark Drive|[silent]\n|\n|-heal|p2a: Tapu Bulu|24\/100|[from] Grassy Terrain\n|-heal|p2a: Tapu Bulu|30\/100|[from] item: Leftovers\n|upkeep\n|c|\u2606Pengwoo|bulky bulu broooo\n|\n|t:|1700286088\n|switch|p1a: Roaring Moon|Roaring Moon|100\/100\n|turn|14\n|c|\u2606Pengwoo|this mon is so cook\n|\n|t:|1700286092\n|move|p1a: Roaring Moon|U-turn|p2a: Tapu Bulu\n|-damage|p2a: Tapu Bulu|0 fnt\n|faint|p2a: Tapu Bulu\n|\n|t:|1700286095\n|-end|p1a: Roaring Moon|Protosynthesis|[silent]\n|switch|p1a: Excadrill|Excadrill, M, shiny|100\/100|[from] U-turn\n|-ability|p1a: Excadrill|Mold Breaker\n|\n|upkeep\n|\n|t:|1700286098\n|switch|p2a: Pikachu|Pikachu-Libre, F|100\/100\n|turn|15\n|\n|t:|1700286103\n|switch|p1a: Politoed|Politoed, F, shiny|84\/100\n|move|p2a: Pikachu|Fake Out|p1a: Politoed\n|-damage|p1a: Politoed|65\/100\n|\n|-heal|p1a: Politoed|71\/100|[from] Grassy Terrain\n|-heal|p1a: Politoed|77\/100|[from] item: Leftovers\n|upkeep\n|turn|16\n|\n|t:|1700286107\n|move|p2a: Pikachu|Zippy Zap|p1a: Politoed\n|-supereffective|p1a: Politoed\n|-crit|p1a: Politoed\n|-damage|p1a: Politoed|0 fnt\n|faint|p1a: Politoed\n|\n|-fieldend|move: Grassy Terrain\n|upkeep\n|c|\u2606Pengwoo|HEYYYYY\n|\n|t:|1700286113\n|switch|p1a: Roaring Moon|Roaring Moon|100\/100\n|turn|17\n|c|\u2606Pengwoo|PIKACHUUUU\n|\n|t:|1700286123\n|move|p1a: Roaring Moon|Draco Barrage|p2a: Pikachu\n|-damage|p2a: Pikachu|0 fnt\n|faint|p2a: Pikachu\n|-damage|p1a: Roaring Moon|81\/100|[from] Recoil\n|\n|upkeep\n|\n|t:|1700286127\n|switch|p2a: Samurott|Samurott, M|100\/100\n|turn|18\n|\n|t:|1700286129\n|move|p1a: Roaring Moon|Draco Barrage|p2a: Samurott\n|-resisted|p2a: Samurott\n|-damage|p2a: Samurott|52\/100\n|-damage|p1a: Roaring Moon|65\/100|[from] Recoil\n|move|p2a: Samurott|Shell Smash|p2a: Samurott\n|-unboost|p2a: Samurott|def|1\n|-unboost|p2a: Samurott|spd|1\n|-boost|p2a: Samurott|atk|2\n|-boost|p2a: Samurott|spa|2\n|-boost|p2a: Samurott|spe|2\n|-enditem|p2a: Samurott|White Herb\n|-clearnegativeboost|p2a: Samurott|[silent]\n|\n|upkeep\n|turn|19\n|\n|t:|1700286134\n|move|p2a: Samurott|Sacred Sword|p1a: Roaring Moon\n|-supereffective|p1a: Roaring Moon\n|-damage|p1a: Roaring Moon|0 fnt\n|faint|p1a: Roaring Moon\n|-end|p1a: Roaring Moon|Protosynthesis|[silent]\n|\n|upkeep\n|\n|t:|1700286137\n|switch|p1a: Excadrill|Excadrill, M, shiny|100\/100\n|-ability|p1a: Excadrill|Mold Breaker\n|turn|20\n|c|\u2606Pengwoo|GG\n|\n|t:|1700286144\n|move|p2a: Samurott|Razor Shell|p1a: Excadrill\n|-supereffective|p1a: Excadrill\n|-damage|p1a: Excadrill|0 fnt\n|faint|p1a: Excadrill\n|\n|win|Pengwoo\n|c|\u2606Pengwoo|LMFAOOO\n|l|\u2606OrcLoose\n|c|\u2606Pengwoo|crazy ass mon\n","uploadtime":1700286328,"views":21,"p1id":"orcloose","p2id":"pengwoo","formatid":"gen9ou","rating":0,"private":0,"password":""}