{"id":"radicalred-gen9ou-545550","p1":"KCGhost","p2":"Asher96","format":"[Gen 9] OU","log":"|j|\u2606KCGhost\n|j|\u2606Asher96\n|t:|1699816313\n|gametype|singles\n|player|p1|KCGhost|rr-teddiursaseviian|\n|player|p2|Asher96|170|\n|teamsize|p1|6\n|teamsize|p2|6\n|gen|9\n|tier|[Gen 9] OU\n|rule|Sleep Clause Mod: Limit one foe put to sleep\n|rule|Species Clause: Limit one of each Pok\u00e9mon\n|rule|OHKO Clause: OHKO moves are banned\n|rule|Evasion Abilities Clause: Evasion abilities are banned\n|rule|Evasion Items Clause: Evasion items are banned\n|rule|Evasion Moves Clause: Evasion moves are banned\n|rule|Endless Battle Clause: Forcing endless battles is banned\n|rule|HP Percentage Mod: HP is shown in percentages\n|rule|Dynamax Clause: You cannot dynamax\n|clearpoke\n|poke|p1|Baxcalibur, M|\n|poke|p1|Dodrio-Sevii, M|\n|poke|p1|Ceruledge, F|\n|poke|p1|Slowbro, M|\n|poke|p1|Regieleki|\n|poke|p1|Cursola, M|\n|poke|p2|Crobat, F|\n|poke|p2|Camerupt, F|\n|poke|p2|Toxapex, M|\n|poke|p2|Meowscarada, M|\n|poke|p2|Iron Treads|\n|poke|p2|Iron Valiant|\n|teampreview\n|\n|t:|1699816321\n|start\n|switch|p1a: Regieleki|Regieleki|100\/100\n|switch|p2a: Iron Treads|Iron Treads|100\/100\n|turn|1\n|\n|t:|1699816328\n|move|p1a: Regieleki|Light Screen|p1a: Regieleki\n|-sidestart|p1: KCGhost|move: Light Screen\n|move|p2a: Iron Treads|Stealth Rock|p1a: Regieleki\n|-sidestart|p1: KCGhost|move: Stealth Rock\n|\n|upkeep\n|turn|2\n|\n|t:|1699816335\n|move|p1a: Regieleki|Reflect|p1a: Regieleki\n|-sidestart|p1: KCGhost|Reflect\n|move|p2a: Iron Treads|Earthquake|p1a: Regieleki\n|-supereffective|p1a: Regieleki\n|-damage|p1a: Regieleki|0 fnt\n|faint|p1a: Regieleki\n|\n|upkeep\n|\n|t:|1699816341\n|switch|p1a: Slowbro|Slowbro, M, shiny|100\/100\n|-damage|p1a: Slowbro|88\/100|[from] Stealth Rock\n|turn|3\n|\n|t:|1699816351\n|move|p2a: Iron Treads|Iron Head|p1a: Slowbro\n|-resisted|p1a: Slowbro\n|-crit|p1a: Slowbro\n|-damage|p1a: Slowbro|72\/100\n|-damage|p2a: Iron Treads|84\/100|[from] item: Rocky Helmet|[of] p1a: Slowbro\n|move|p1a: Slowbro|Scald|p2a: Iron Treads\n|-supereffective|p2a: Iron Treads\n|-damage|p2a: Iron Treads|3\/100\n|\n|upkeep\n|turn|4\n|\n|t:|1699816361\n|move|p2a: Iron Treads|Earthquake|p1a: Slowbro\n|-damage|p1a: Slowbro|58\/100\n|move|p1a: Slowbro|Future Sight|p2a: Iron Treads\n|-start|p1a: Slowbro|move: Future Sight\n|\n|upkeep\n|turn|5\n|\n|t:|1699816368\n|move|p2a: Iron Treads|Earthquake|p1a: Slowbro\n|-damage|p1a: Slowbro|44\/100\n|move|p1a: Slowbro|Scald|p2a: Iron Treads\n|-supereffective|p2a: Iron Treads\n|-damage|p2a: Iron Treads|0 fnt\n|faint|p2a: Iron Treads\n|-end|p2a: Iron Treads|Quark Drive|[silent]\n|\n|upkeep\n|\n|t:|1699816391\n|switch|p2a: Iron Valiant|Iron Valiant|100\/100\n|-enditem|p2a: Iron Valiant|Booster Energy\n|-activate|p2a: Iron Valiant|ability: Quark Drive|[fromitem]\n|-start|p2a: Iron Valiant|quarkdrivespe\n|turn|6\n|\n|t:|1699816403\n|move|p2a: Iron Valiant|Calm Mind|p2a: Iron Valiant\n|-boost|p2a: Iron Valiant|spa|1\n|-boost|p2a: Iron Valiant|spd|1\n|move|p1a: Slowbro|Slack Off|p1a: Slowbro\n|-heal|p1a: Slowbro|94\/100\n|\n|-end|p2a: Iron Valiant|move: Future Sight\n|-supereffective|p2a: Iron Valiant\n|-damage|p2a: Iron Valiant|0 fnt\n|faint|p2a: Iron Valiant\n|-end|p2a: Iron Valiant|Quark Drive|[silent]\n|upkeep\n|\n|t:|1699816430\n|switch|p2a: Meowscarada|Meowscarada, M|100\/100\n|turn|7\n|\n|t:|1699816436\n|move|p2a: Meowscarada|Flower Trick|p1a: Slowbro\n|-start|p2a: Meowscarada|typechange|Grass|[from] ability: Protean\n|-supereffective|p1a: Slowbro\n|-crit|p1a: Slowbro\n|-damage|p1a: Slowbro|13\/100\n|-damage|p2a: Meowscarada|91\/100|[from] item: Life Orb\n|move|p1a: Slowbro|Thunder Wave|p2a: Meowscarada\n|-status|p2a: Meowscarada|par\n|\n|upkeep\n|turn|8\n|\n|t:|1699816457\n|switch|p1a: Ceruledge|Ceruledge, F|100\/100\n|move|p2a: Meowscarada|Flower Trick|p1a: Ceruledge\n|-resisted|p1a: Ceruledge\n|-crit|p1a: Ceruledge\n|-damage|p1a: Ceruledge|66\/100\n|-damage|p2a: Meowscarada|81\/100 par|[from] item: Life Orb\n|\n|-sideend|p1: KCGhost|move: Light Screen\n|upkeep\n|turn|9\n|\n|t:|1699816465\n|move|p1a: Ceruledge|Bitter Blade|p2a: Meowscarada\n|-supereffective|p2a: Meowscarada\n|-damage|p2a: Meowscarada|0 fnt\n|-heal|p1a: Ceruledge|99\/100|[from] drain|[of] p2a: Meowscarada\n|faint|p2a: Meowscarada\n|\n|-sideend|p1: KCGhost|Reflect\n|upkeep\n|\n|t:|1699816469\n|switch|p2a: Toxapex|Toxapex, M|100\/100\n|turn|10\n|\n|t:|1699816476\n|move|p1a: Ceruledge|Taunt|p2a: Toxapex\n|-start|p2a: Toxapex|move: Taunt\n|cant|p2a: Toxapex|move: Taunt|Toxic Spikes\n|\n|upkeep\n|turn|11\n|\n|t:|1699816481\n|move|p1a: Ceruledge|Bulk Up|p1a: Ceruledge\n|-boost|p1a: Ceruledge|atk|1\n|-boost|p1a: Ceruledge|def|1\n|move|p2a: Toxapex|Scald|p1a: Ceruledge\n|-supereffective|p1a: Ceruledge\n|-damage|p1a: Ceruledge|75\/100\n|\n|upkeep\n|turn|12\n|\n|t:|1699816489\n|move|p1a: Ceruledge|Bulk Up|p1a: Ceruledge\n|-boost|p1a: Ceruledge|atk|1\n|-boost|p1a: Ceruledge|def|1\n|move|p2a: Toxapex|Knock Off|p1a: Ceruledge\n|-supereffective|p1a: Ceruledge\n|-damage|p1a: Ceruledge|58\/100\n|-enditem|p1a: Ceruledge|Heavy-Duty Boots|[from] move: Knock Off|[of] p2a: Toxapex\n|\n|-end|p2a: Toxapex|move: Taunt\n|upkeep\n|turn|13\n|\n|t:|1699816497\n|move|p1a: Ceruledge|Bitter Blade|p2a: Toxapex\n|-resisted|p2a: Toxapex\n|-damage|p2a: Toxapex|68\/100\n|-heal|p1a: Ceruledge|69\/100|[from] drain|[of] p2a: Toxapex\n|move|p2a: Toxapex|Scald|p1a: Ceruledge\n|-supereffective|p1a: Ceruledge\n|-damage|p1a: Ceruledge|47\/100\n|\n|-heal|p2a: Toxapex|74\/100|[from] item: Black Sludge\n|upkeep\n|turn|14\n|\n|t:|1699816509\n|move|p1a: Ceruledge|Bitter Blade|p2a: Toxapex\n|-resisted|p2a: Toxapex\n|-damage|p2a: Toxapex|44\/100\n|-heal|p1a: Ceruledge|57\/100|[from] drain|[of] p2a: Toxapex\n|move|p2a: Toxapex|Scald|p1a: Ceruledge\n|-supereffective|p1a: Ceruledge\n|-damage|p1a: Ceruledge|32\/100\n|\n|-heal|p2a: Toxapex|50\/100|[from] item: Black Sludge\n|upkeep\n|turn|15\n|\n|t:|1699816518\n|move|p1a: Ceruledge|Bitter Blade|p2a: Toxapex\n|-resisted|p2a: Toxapex\n|-damage|p2a: Toxapex|19\/100\n|-heal|p1a: Ceruledge|43\/100|[from] drain|[of] p2a: Toxapex\n|move|p2a: Toxapex|Recover|p2a: Toxapex\n|-heal|p2a: Toxapex|69\/100\n|\n|-heal|p2a: Toxapex|75\/100|[from] item: Black Sludge\n|upkeep\n|turn|16\n|\n|t:|1699816526\n|move|p1a: Ceruledge|Bitter Blade|p2a: Toxapex\n|-resisted|p2a: Toxapex\n|-damage|p2a: Toxapex|43\/100\n|-heal|p1a: Ceruledge|54\/100|[from] drain|[of] p2a: Toxapex\n|move|p2a: Toxapex|Recover|p2a: Toxapex\n|-heal|p2a: Toxapex|93\/100\n|\n|-heal|p2a: Toxapex|99\/100|[from] item: Black Sludge\n|upkeep\n|turn|17\n|\n|t:|1699816534\n|move|p1a: Ceruledge|Bitter Blade|p2a: Toxapex\n|-resisted|p2a: Toxapex\n|-damage|p2a: Toxapex|67\/100\n|-heal|p1a: Ceruledge|65\/100|[from] drain|[of] p2a: Toxapex\n|move|p2a: Toxapex|Toxic Spikes|p1a: Ceruledge\n|-sidestart|p1: KCGhost|move: Toxic Spikes\n|\n|-heal|p2a: Toxapex|73\/100|[from] item: Black Sludge\n|upkeep\n|turn|18\n|\n|t:|1699816542\n|move|p1a: Ceruledge|Bulk Up|p1a: Ceruledge\n|-boost|p1a: Ceruledge|atk|1\n|-boost|p1a: Ceruledge|def|1\n|move|p2a: Toxapex|Scald|p1a: Ceruledge\n|-supereffective|p1a: Ceruledge\n|-damage|p1a: Ceruledge|42\/100\n|\n|-heal|p2a: Toxapex|79\/100|[from] item: Black Sludge\n|upkeep\n|turn|19\n|\n|t:|1699816551\n|move|p1a: Ceruledge|Bitter Blade|p2a: Toxapex\n|-resisted|p2a: Toxapex\n|-damage|p2a: Toxapex|37\/100\n|-heal|p1a: Ceruledge|57\/100|[from] drain|[of] p2a: Toxapex\n|move|p2a: Toxapex|Scald|p1a: Ceruledge\n|-supereffective|p1a: Ceruledge\n|-damage|p1a: Ceruledge|35\/100\n|\n|-heal|p2a: Toxapex|43\/100|[from] item: Black Sludge\n|upkeep\n|turn|20\n|\n|t:|1699816560\n|move|p1a: Ceruledge|Bitter Blade|p2a: Toxapex\n|-resisted|p2a: Toxapex\n|-damage|p2a: Toxapex|6\/100\n|-heal|p1a: Ceruledge|47\/100|[from] drain|[of] p2a: Toxapex\n|move|p2a: Toxapex|Recover|p2a: Toxapex\n|-heal|p2a: Toxapex|56\/100\n|\n|-heal|p2a: Toxapex|62\/100|[from] item: Black Sludge\n|upkeep\n|turn|21\n|\n|t:|1699816568\n|move|p1a: Ceruledge|Bitter Blade|p2a: Toxapex\n|-resisted|p2a: Toxapex\n|-damage|p2a: Toxapex|23\/100\n|-heal|p1a: Ceruledge|61\/100|[from] drain|[of] p2a: Toxapex\n|move|p2a: Toxapex|Recover|p2a: Toxapex\n|-heal|p2a: Toxapex|73\/100\n|\n|-heal|p2a: Toxapex|79\/100|[from] item: Black Sludge\n|upkeep\n|turn|22\n|\n|t:|1699816576\n|move|p1a: Ceruledge|Bitter Blade|p2a: Toxapex\n|-resisted|p2a: Toxapex\n|-damage|p2a: Toxapex|41\/100\n|-heal|p1a: Ceruledge|74\/100|[from] drain|[of] p2a: Toxapex\n|move|p2a: Toxapex|Scald|p1a: Ceruledge\n|-supereffective|p1a: Ceruledge\n|-damage|p1a: Ceruledge|52\/100\n|\n|-heal|p2a: Toxapex|47\/100|[from] item: Black Sludge\n|upkeep\n|turn|23\n|\n|t:|1699816585\n|move|p1a: Ceruledge|Bulk Up|p1a: Ceruledge\n|-boost|p1a: Ceruledge|atk|1\n|-boost|p1a: Ceruledge|def|1\n|move|p2a: Toxapex|Recover|p2a: Toxapex\n|-heal|p2a: Toxapex|97\/100\n|\n|-heal|p2a: Toxapex|100\/100|[from] item: Black Sludge\n|upkeep\n|turn|24\n|\n|t:|1699816592\n|move|p1a: Ceruledge|Bitter Blade|p2a: Toxapex\n|-resisted|p2a: Toxapex\n|-damage|p2a: Toxapex|56\/100\n|-heal|p1a: Ceruledge|67\/100|[from] drain|[of] p2a: Toxapex\n|move|p2a: Toxapex|Scald|p1a: Ceruledge\n|-supereffective|p1a: Ceruledge\n|-damage|p1a: Ceruledge|43\/100\n|\n|-heal|p2a: Toxapex|62\/100|[from] item: Black Sludge\n|upkeep\n|turn|25\n|\n|t:|1699816601\n|move|p1a: Ceruledge|Bitter Blade|p2a: Toxapex\n|-resisted|p2a: Toxapex\n|-damage|p2a: Toxapex|12\/100\n|-heal|p1a: Ceruledge|60\/100|[from] drain|[of] p2a: Toxapex\n|move|p2a: Toxapex|Scald|p1a: Ceruledge\n|-supereffective|p1a: Ceruledge\n|-damage|p1a: Ceruledge|35\/100\n|\n|-heal|p2a: Toxapex|19\/100|[from] item: Black Sludge\n|upkeep\n|turn|26\n|\n|t:|1699816609\n|switch|p2a: Camerupt|Camerupt, F|100\/100\n|move|p1a: Ceruledge|Bitter Blade|p2a: Camerupt\n|-resisted|p2a: Camerupt\n|-damage|p2a: Camerupt|26\/100\n|-heal|p1a: Ceruledge|69\/100|[from] drain|[of] p2a: Camerupt\n|\n|upkeep\n|turn|27\n|\n|t:|1699816617\n|detailschange|p2a: Camerupt|Camerupt-Mega, F\n|-mega|p2a: Camerupt|Camerupt|Cameruptite\n|move|p1a: Ceruledge|Bitter Blade|p2a: Camerupt\n|-resisted|p2a: Camerupt\n|-damage|p2a: Camerupt|0 fnt\n|-heal|p1a: Ceruledge|81\/100|[from] drain|[of] p2a: Camerupt\n|faint|p2a: Camerupt\n|\n|upkeep\n|\n|t:|1699816627\n|switch|p2a: Crobat|Crobat, F|100\/100\n|turn|28\n|\n|t:|1699816635\n|move|p2a: Crobat|Dark Pulse|p1a: Ceruledge\n|-supereffective|p1a: Ceruledge\n|-damage|p1a: Ceruledge|38\/100\n|-damage|p2a: Crobat|91\/100|[from] item: Life Orb\n|move|p1a: Ceruledge|Bitter Blade|p2a: Crobat\n|-damage|p2a: Crobat|0 fnt\n|-heal|p1a: Ceruledge|78\/100|[from] drain|[of] p2a: Crobat\n|faint|p2a: Crobat\n|\n|upkeep\n|\n|t:|1699816638\n|switch|p2a: Toxapex|Toxapex, M|19\/100\n|turn|29\n|\n|t:|1699816646\n|move|p1a: Ceruledge|Bitter Blade|p2a: Toxapex\n|-resisted|p2a: Toxapex\n|-damage|p2a: Toxapex|0 fnt\n|-heal|p1a: Ceruledge|84\/100|[from] drain|[of] p2a: Toxapex\n|faint|p2a: Toxapex\n|\n|win|KCGhost\n|l|\u2606Asher96\n","uploadtime":1699816664,"views":9,"p1id":"kcghost","p2id":"asher96","formatid":"gen9ou","rating":0,"private":0,"password":""}