{"id":"radicalred-gen9ou-547064","p1":"zekoplayzr6","p2":"Mr cyphon","format":"[Gen 9] OU","log":"|j|\u2606zekoplayzr6\n|j|\u2606Mr cyphon\n|t:|1700080380\n|gametype|singles\n|player|p1|zekoplayzr6|rr-stakataka|\n|player|p2|Mr cyphon|gambler|\n|teamsize|p1|6\n|teamsize|p2|6\n|gen|9\n|tier|[Gen 9] OU\n|rule|Sleep Clause Mod: Limit one foe put to sleep\n|rule|Species Clause: Limit one of each Pok\u00e9mon\n|rule|OHKO Clause: OHKO moves are banned\n|rule|Evasion Abilities Clause: Evasion abilities are banned\n|rule|Evasion Items Clause: Evasion items are banned\n|rule|Evasion Moves Clause: Evasion moves are banned\n|rule|Endless Battle Clause: Forcing endless battles is banned\n|rule|HP Percentage Mod: HP is shown in percentages\n|rule|Dynamax Clause: You cannot dynamax\n|clearpoke\n|poke|p1|Boltund, M|\n|poke|p1|Persian-Alola, F|\n|poke|p1|Gourgeist-*, F|\n|poke|p1|Huntail, F|\n|poke|p1|Avalugg-Hisui, M|\n|poke|p1|Hitmonlee, M|\n|poke|p2|Vileplume, F|\n|poke|p2|Masquerain, M|\n|poke|p2|Zebstrika, M|\n|poke|p2|Simisear, F|\n|poke|p2|Aurorus, M|\n|poke|p2|Kabutops, M|\n|teampreview\n|c|\u2606Mr cyphon|have fun\n|\n|t:|1700080390\n|start\n|switch|p1a: Avalugg|Avalugg-Hisui, M|100\/100\n|switch|p2a: Masquerain|Masquerain, M|100\/100\n|-ability|p2a: Masquerain|Intimidate|boost\n|-unboost|p1a: Avalugg|atk|1\n|turn|1\n|\n|t:|1700080397\n|move|p2a: Masquerain|Scald|p1a: Avalugg\n|-supereffective|p1a: Avalugg\n|-damage|p1a: Avalugg|0 fnt\n|faint|p1a: Avalugg\n|\n|upkeep\n|\n|t:|1700080400\n|switch|p1a: Huntail|Huntail, F|100\/100\n|turn|2\n|c|\u2606Mr cyphon|no accelerock?\n|c|\u2606Mr cyphon|weird\n|\n|t:|1700080413\n|move|p2a: Masquerain|Bug Buzz|p1a: Huntail\n|-supereffective|p1a: Huntail\n|-damage|p1a: Huntail|0 fnt\n|faint|p1a: Huntail\n|\n|upkeep\n|c|\u2606zekoplayzr6|i clicked rspin expecting webs\n|\n|t:|1700080433\n|switch|p1a: Persian|Persian-Alola, F|100\/100\n|turn|3\n|c|\u2606Mr cyphon|oh\n|\n|t:|1700080438\n|move|p1a: Persian|Dark Pulse|p2a: Masquerain\n|-damage|p2a: Masquerain|0 fnt\n|faint|p2a: Masquerain\n|\n|upkeep\n|\n|t:|1700080448\n|switch|p2a: Aurorus|Aurorus, M|100\/100\n|-weather|Snow|[from] ability: Snow Warning|[of] p2a: Aurorus\n|turn|4\n|\n|t:|1700080453\n|move|p1a: Persian|Dark Pulse|p2a: Aurorus\n|-damage|p2a: Aurorus|42\/100\n|move|p2a: Aurorus|Aurora Beam|p1a: Persian\n|-damage|p1a: Persian|63\/100\n|\n|-weather|Snow|[upkeep]\n|-heal|p2a: Aurorus|48\/100|[from] item: Leftovers\n|upkeep\n|turn|5\n|\n|t:|1700080459\n|move|p1a: Persian|Dark Pulse|p2a: Aurorus\n|-damage|p2a: Aurorus|0 fnt\n|faint|p2a: Aurorus\n|\n|-weather|Snow|[upkeep]\n|upkeep\n|\n|t:|1700080479\n|switch|p2a: Zebstrika|Zebstrika, M|100\/100\n|turn|6\n|\n|t:|1700080491\n|move|p2a: Zebstrika|Bolt Strike|p1a: Persian\n|-damage|p1a: Persian|0 fnt\n|faint|p1a: Persian\n|-damage|p2a: Zebstrika|91\/100|[from] item: Life Orb\n|\n|-weather|Snow|[upkeep]\n|upkeep\n|\n|t:|1700080493\n|switch|p1a: Gourgeist|Gourgeist-Small, F|100\/100\n|turn|7\n|c|\u2606Mr cyphon|that was supposed to be aurora veil\n|\n|t:|1700080501\n|move|p1a: Gourgeist|Protect|p1a: Gourgeist\n|-singleturn|p1a: Gourgeist|Protect\n|move|p2a: Zebstrika|Flare Blitz|p1a: Gourgeist\n|-activate|p1a: Gourgeist|move: Protect\n|\n|-weather|Snow|[upkeep]\n|-status|p1a: Gourgeist|brn|[from] item: Flame Orb\n|upkeep\n|turn|8\n|\n|t:|1700080507\n|move|p2a: Zebstrika|Flare Blitz|p1a: Gourgeist\n|-supereffective|p1a: Gourgeist\n|-crit|p1a: Gourgeist\n|-damage|p1a: Gourgeist|0 fnt\n|faint|p1a: Gourgeist\n|-damage|p2a: Zebstrika|62\/100|[from] Recoil\n|-damage|p2a: Zebstrika|52\/100|[from] item: Life Orb\n|\n|-weather|none\n|upkeep\n|\n|t:|1700080511\n|switch|p1a: Hitmonlee|Hitmonlee, M|100\/100\n|turn|9\n|\n|t:|1700080515\n|move|p2a: Zebstrika|Bolt Strike|p1a: Hitmonlee\n|-damage|p1a: Hitmonlee|0 fnt\n|faint|p1a: Hitmonlee\n|-damage|p2a: Zebstrika|42\/100|[from] item: Life Orb\n|\n|upkeep\n|\n|t:|1700080519\n|switch|p1a: Boltund|Boltund, M|100\/100\n|turn|10\n|c|\u2606Mr cyphon|ggs\n|\n|t:|1700080523\n|move|p1a: Boltund|Thunder Fang|p2a: Zebstrika\n|-resisted|p2a: Zebstrika\n|-damage|p2a: Zebstrika|0 fnt\n|faint|p2a: Zebstrika\n|\n|upkeep\n|\n|t:|1700080527\n|switch|p2a: Vileplume|Vileplume, F|100\/100\n|turn|11\n|\n|t:|1700080536\n|move|p1a: Boltund|Thunder Fang|p2a: Vileplume\n|-resisted|p2a: Vileplume\n|-damage|p2a: Vileplume|67\/100\n|move|p2a: Vileplume|Strength Sap|p1a: Boltund\n|-unboost|p1a: Boltund|atk|1\n|-heal|p2a: Vileplume|100\/100\n|\n|upkeep\n|turn|12\n|\n|t:|1700080539\n|move|p1a: Boltund|Thunder Fang|p2a: Vileplume\n|-resisted|p2a: Vileplume\n|-damage|p2a: Vileplume|79\/100\n|move|p2a: Vileplume|Strength Sap|p1a: Boltund\n|-unboost|p1a: Boltund|atk|1\n|-heal|p2a: Vileplume|100\/100\n|\n|upkeep\n|turn|13\n|\n|t:|1700080541\n|move|p1a: Boltund|Thunder Fang|p2a: Vileplume\n|-resisted|p2a: Vileplume\n|-damage|p2a: Vileplume|83\/100\n|move|p2a: Vileplume|Leech Seed|p1a: Boltund\n|-start|p1a: Boltund|move: Leech Seed\n|\n|-heal|p2a: Vileplume|89\/100|[from] item: Leftovers\n|-damage|p1a: Boltund|88\/100|[from] Leech Seed|[of] p2a: Vileplume\n|-heal|p2a: Vileplume|99\/100|[silent]\n|upkeep\n|turn|14\n|\n|t:|1700080544\n|move|p1a: Boltund|Thunder Fang|p2a: Vileplume\n|-resisted|p2a: Vileplume\n|-damage|p2a: Vileplume|80\/100\n|move|p2a: Vileplume|Sleep Powder|p1a: Boltund|[miss]\n|-miss|p2a: Vileplume|p1a: Boltund\n|\n|-heal|p2a: Vileplume|86\/100|[from] item: Leftovers\n|-damage|p1a: Boltund|76\/100|[from] Leech Seed|[of] p2a: Vileplume\n|-heal|p2a: Vileplume|96\/100|[silent]\n|upkeep\n|turn|15\n|\n|t:|1700080554\n|move|p1a: Boltund|Thunder Fang|p2a: Vileplume\n|-resisted|p2a: Vileplume\n|-damage|p2a: Vileplume|80\/100\n|move|p2a: Vileplume|Sleep Powder|p1a: Boltund\n|-status|p1a: Boltund|slp|[from] move: Sleep Powder\n|\n|-heal|p2a: Vileplume|86\/100|[from] item: Leftovers\n|-damage|p1a: Boltund|64\/100 slp|[from] Leech Seed|[of] p2a: Vileplume\n|-heal|p2a: Vileplume|95\/100|[silent]\n|upkeep\n|turn|16\n|\n|t:|1700080557\n|cant|p1a: Boltund|slp\n|move|p2a: Vileplume|Strength Sap|p1a: Boltund\n|-unboost|p1a: Boltund|atk|1\n|-heal|p2a: Vileplume|100\/100\n|\n|-damage|p1a: Boltund|52\/100 slp|[from] Leech Seed|[of] p2a: Vileplume\n|upkeep\n|turn|17\n|\n|t:|1700080559\n|cant|p1a: Boltund|slp\n|move|p2a: Vileplume|Giga Drain|p1a: Boltund\n|-damage|p1a: Boltund|4\/100 slp\n|\n|-damage|p1a: Boltund|0 fnt|[from] Leech Seed|[of] p2a: Vileplume\n|faint|p1a: Boltund\n|\n|win|Mr cyphon\n|upkeep\n|c|\u2606Mr cyphon|ggs\n|c|\u2606zekoplayzr6|one more time\n","uploadtime":1700080569,"views":6,"p1id":"zekoplayzr6","p2id":"mrcyphon","formatid":"gen9ou","rating":0,"private":0,"password":""}