{"id":"radicalred-gen9ou-550588","p1":"Aroma Nobody","p2":"michael213","format":"[Gen 9] OU","log":"|j|\u2606Aroma Nobody\n|j|\u2606michael213\n|t:|1700889358\n|gametype|singles\n|player|p1|Aroma Nobody|266|\n|player|p2|michael213|michael213.png|\n|teamsize|p1|6\n|teamsize|p2|6\n|gen|9\n|tier|[Gen 9] OU\n|rule|Sleep Clause Mod: Limit one foe put to sleep\n|rule|Species Clause: Limit one of each Pok\u00e9mon\n|rule|OHKO Clause: OHKO moves are banned\n|rule|Evasion Abilities Clause: Evasion abilities are banned\n|rule|Evasion Items Clause: Evasion items are banned\n|rule|Evasion Moves Clause: Evasion moves are banned\n|rule|Endless Battle Clause: Forcing endless battles is banned\n|rule|HP Percentage Mod: HP is shown in percentages\n|rule|Dynamax Clause: You cannot dynamax\n|clearpoke\n|poke|p1|Annihilape, M|\n|poke|p1|Audino, F|\n|poke|p1|Zapdos|\n|poke|p1|Ting-Lu|\n|poke|p1|Melmetal|\n|poke|p1|Tapu Bulu|\n|poke|p2|Keldeo-Resolute|\n|poke|p2|Mawile, F|\n|poke|p2|Infernape, M|\n|poke|p2|Gastrodon, M|\n|poke|p2|Zapdos|\n|poke|p2|Tapu Lele|\n|teampreview\n|inactive|Battle timer is ON: inactive players will automatically lose when time's up. (requested by michael213)\n|c|\u2606michael213|oh the scip team \n|c|\u2606michael213|LMAO\n|c|\u2606michael213|hf \n|inactive|Aroma Nobody has 270 seconds left.\n|inactive|michael213 has 270 seconds left.\n|j| Ginesect\n|c|\u2606Aroma Nobody|Gin what is with these Nicknames?\n|c| Ginesect|Lol\n|j| Razorgliscor472\n|j| dreepy airlines\n|c|\u2606michael213|those are scips \n|c|\u2606michael213|its like e girl \n|c| Ginesect|lolol\n|c|\u2606michael213|discord mod \n|c|\u2606michael213|etc\n|inactive|Aroma Nobody has 240 seconds left.\n|c| Razorgliscor472|What this is the scip team? I thought my team was more like the scip team\n|\n|t:|1700889431\n|start\n|switch|p1a: Tapu Bulu|Tapu Bulu|100\/100\n|switch|p2a: Gastrodon|Gastrodon, M|100\/100\n|-fieldstart|move: Grassy Terrain|[from] ability: Grassy Surge|[of] p1a: Tapu Bulu\n|turn|1\n|c|\u2606michael213|yes\n|c| Ginesect|damn Mike knows it\n|c|\u2606michael213|av ape \n|c| Ginesect|Fuck\n|\n|t:|1700889443\n|switch|p1a: Discord moderator|Ting-Lu|100\/100\n|-ability|p1a: Discord moderator|Vessel of Ruin\n|switch|p2a: Zapdos|Zapdos|100\/100\n|\n|upkeep\n|turn|2\n|c| Razorgliscor472|Oh so i only stole the Lape Maud\n|c|\u2606michael213|i helped him build this \n|c|\u2606michael213|lmao \n|c| Ginesect|you sure it's av?\n|j| duscl0ps356\n|c|\u2606michael213|idk\n|\n|t:|1700889457\n|switch|p2a: Gastrodon|Gastrodon, M|100\/100\n|move|p1a: Discord moderator|Stealth Rock|p2a: Gastrodon\n|-sidestart|p2: michael213|move: Stealth Rock\n|\n|upkeep\n|turn|3\n|c| Razorgliscor472|Probably\n|c| Razorgliscor472|Most Lapes are AV\n|\n|t:|1700889465\n|switch|p1a: Only Fans Model|Audino, F, shiny|100\/100\n|move|p2a: Gastrodon|Stealth Rock|p1a: Only Fans Model\n|-sidestart|p1: Aroma Nobody|move: Stealth Rock\n|\n|upkeep\n|turn|4\n|\n|t:|1700889469\n|detailschange|p1a: Only Fans Model|Audino-Mega, F, shiny\n|-mega|p1a: Only Fans Model|Audino|Audinite\n|move|p2a: Gastrodon|Toxic|p1a: Only Fans Model\n|-status|p1a: Only Fans Model|tox\n|move|p1a: Only Fans Model|Teleport|p1a: Only Fans Model\n|c| Razorgliscor472|BU is very inconsistent due to its type\n|c| Ginesect|Should've given nobody the other team ahhhh\n|\n|t:|1700889477\n|switch|p1a: Tapu Bulu|Tapu Bulu|100\/100|[from] Teleport\n|-damage|p1a: Tapu Bulu|88\/100|[from] Stealth Rock\n|\n|-heal|p1a: Tapu Bulu|94\/100|[from] Grassy Terrain\n|upkeep\n|turn|5\n|\n|t:|1700889492\n|switch|p2a: Mawile|Mawile, F, shiny|100\/100\n|-damage|p2a: Mawile|95\/100|[from] Stealth Rock\n|-ability|p2a: Mawile|Intimidate|boost\n|-unboost|p1a: Tapu Bulu|atk|1\n|move|p1a: Tapu Bulu|Grassy Glide|p2a: Mawile\n|-resisted|p2a: Mawile\n|-damage|p2a: Mawile|70\/100\n|\n|-heal|p1a: Tapu Bulu|99\/100|[from] Grassy Terrain\n|-heal|p2a: Mawile|76\/100|[from] Grassy Terrain\n|-fieldend|move: Grassy Terrain\n|upkeep\n|turn|6\n|\n|t:|1700889500\n|switch|p1a: Fisto|Melmetal|100\/100\n|-damage|p1a: Fisto|94\/100|[from] Stealth Rock\n|detailschange|p2a: Mawile|Mawile-Mega, F, shiny\n|-mega|p2a: Mawile|Mawile|Mawilite\n|move|p2a: Mawile|Knock Off|p1a: Fisto\n|-damage|p1a: Fisto|55\/100\n|-enditem|p1a: Fisto|Leftovers|[from] move: Knock Off|[of] p2a: Mawile\n|\n|upkeep\n|turn|7\n|\n|t:|1700889521\n|switch|p2a: Zapdos|Zapdos|100\/100\n|move|p1a: Fisto|Double Iron Bash|p2a: Zapdos\n|-resisted|p2a: Zapdos\n|-damage|p2a: Zapdos|81\/100\n|-resisted|p2a: Zapdos\n|-damage|p2a: Zapdos|64\/100\n|-hitcount|p2a: Zapdos|2\n|\n|upkeep\n|turn|8\n|\n|t:|1700889529\n|switch|p1a: Discord moderator|Ting-Lu|100\/100\n|-damage|p1a: Discord moderator|94\/100|[from] Stealth Rock\n|-ability|p1a: Discord moderator|Vessel of Ruin\n|move|p2a: Zapdos|Roost|p2a: Zapdos\n|-heal|p2a: Zapdos|100\/100\n|-singleturn|p2a: Zapdos|move: Roost\n|\n|-heal|p1a: Discord moderator|100\/100|[from] item: Leftovers\n|upkeep\n|turn|9\n|\n|t:|1700889534\n|switch|p2a: Gastrodon|Gastrodon, M|100\/100\n|-damage|p2a: Gastrodon|94\/100|[from] Stealth Rock\n|move|p1a: Discord moderator|Whirlwind|p2a: Gastrodon\n|drag|p2a: Infernape|Infernape, M|100\/100\n|-damage|p2a: Infernape|88\/100|[from] Stealth Rock\n|\n|upkeep\n|turn|10\n|\n|t:|1700889543\n|switch|p2a: Gastrodon|Gastrodon, M|94\/100\n|-damage|p2a: Gastrodon|88\/100|[from] Stealth Rock\n|switch|p1a: Annihilape|Annihilape, M|100\/100\n|-damage|p1a: Annihilape|94\/100|[from] Stealth Rock\n|\n|-heal|p2a: Gastrodon|94\/100|[from] item: Leftovers\n|upkeep\n|turn|11\n|\n|t:|1700889552\n|switch|p1a: Only Fans Model|Audino-Mega, F, shiny|100\/100 tox\n|-damage|p1a: Only Fans Model|88\/100 tox|[from] Stealth Rock\n|move|p2a: Gastrodon|Scald|p1a: Only Fans Model\n|-damage|p1a: Only Fans Model|71\/100 tox\n|\n|-heal|p2a: Gastrodon|100\/100|[from] item: Leftovers\n|-damage|p1a: Only Fans Model|65\/100 tox|[from] psn\n|upkeep\n|turn|12\n|\n|t:|1700889563\n|switch|p2a: Infernape|Infernape, M|88\/100\n|-damage|p2a: Infernape|76\/100|[from] Stealth Rock\n|move|p1a: Only Fans Model|Heal Bell|p1a: Only Fans Model\n|-activate|p1a: Only Fans Model|move: Heal Bell\n|-curestatus|p1a: Only Fans Model|tox|[msg]\n|\n|upkeep\n|turn|13\n|c|\u2606michael213|fuck \n|c|\u2606michael213|forgot he runs that \n|\n|t:|1700889579\n|switch|p1a: Annihilape|Annihilape, M|94\/100\n|-damage|p1a: Annihilape|88\/100|[from] Stealth Rock\n|move|p2a: Infernape|Swords Dance|p2a: Infernape\n|-boost|p2a: Infernape|atk|2\n|\n|upkeep\n|turn|14\n|c|\u2606michael213|no way \n|c|\u2606michael213|im loosing to larp scip \n|inactive|Aroma Nobody has 270 seconds left.\n|j| standproudyourgood\n|c| Ginesect|Moment\n|\n|t:|1700889607\n|move|p2a: Infernape|Pyro Ball|p1a: Annihilape\n|-damage|p1a: Annihilape|0 fnt\n|faint|p1a: Annihilape\n|\n|upkeep\n|c| Ginesect|Fuck\n|inactive|Aroma Nobody has 270 seconds left.\n|c| Razorgliscor472|Infernape has no walls\n|c|\u2606michael213|stand proud \n|c| Razorgliscor472|Moment\n|c|\u2606Aroma Nobody|yeah\n|c|\u2606michael213|u are strong \n|c|\u2606Aroma Nobody|welp gg\n|c|\u2606michael213|nah id win \n|\n|t:|1700889629\n|switch|p1a: Discord moderator|Ting-Lu|100\/100\n|-damage|p1a: Discord moderator|94\/100|[from] Stealth Rock\n|-ability|p1a: Discord moderator|Vessel of Ruin\n|turn|15\n|\n|t:|1700889634\n|-zpower|p2a: Infernape\n|move|p2a: Infernape|Inferno Overdrive|p1a: Discord moderator|[zeffect]\n|-damage|p1a: Discord moderator|0 fnt\n|faint|p1a: Discord moderator\n|\n|upkeep\n|\n|t:|1700889641\n|switch|p1a: Only Fans Model|Audino-Mega, F, shiny|98\/100\n|-damage|p1a: Only Fans Model|86\/100|[from] Stealth Rock\n|turn|16\n|c| Razorgliscor472|LMAO\n|c| Razorgliscor472|Infernape is goofy asf\n|\n|t:|1700889647\n|move|p2a: Infernape|Pyro Ball|p1a: Only Fans Model\n|-damage|p1a: Only Fans Model|24\/100\n|move|p1a: Only Fans Model|Moonblast|p2a: Infernape\n|-damage|p2a: Infernape|35\/100\n|\n|upkeep\n|turn|17\n|c| Ginesect|Sad\n|\n|t:|1700889655\n|switch|p1a: Fisto|Melmetal|55\/100\n|-damage|p1a: Fisto|49\/100|[from] Stealth Rock\n|move|p2a: Infernape|Thunder Punch|p1a: Fisto\n|-damage|p1a: Fisto|15\/100\n|-status|p1a: Fisto|par\n|\n|upkeep\n|turn|18\n|c| Ginesect|Mike wanna run an ou game after this\n|c|\u2606michael213|sure\n|c| duscl0ps356|isnt apes bst like 550 here\n|\n|t:|1700889663\n|move|p2a: Infernape|Thunder Punch|p1a: Fisto\n|-damage|p1a: Fisto|0 fnt\n|faint|p1a: Fisto\n|\n|upkeep\n|c| Razorgliscor472|Yes\n|c| Ginesect|k\n|\n|t:|1700889668\n|switch|p1a: Only Fans Model|Audino-Mega, F, shiny|58\/100\n|-damage|p1a: Only Fans Model|45\/100|[from] Stealth Rock\n|turn|19\n|\n|t:|1700889672\n|switch|p1a: Zapdos|Zapdos|100\/100\n|move|p2a: Infernape|Pyro Ball|p1a: Zapdos\n|-damage|p1a: Zapdos|9\/100\n|\n|upkeep\n|turn|20\n|c| Razorgliscor472|Infernape is so stupid\n|c| duscl0ps356|funny monkey fr\n|\n|t:|1700889679\n|move|p2a: Infernape|Mach Punch|p1a: Zapdos\n|-resisted|p1a: Zapdos\n|-damage|p1a: Zapdos|0 fnt\n|faint|p1a: Zapdos\n|\n|upkeep\n|c| Razorgliscor472|It beats everything that should beat it\n|c| Razorgliscor472|Pex dies\n|c| Razorgliscor472|Alo die\n|c| Razorgliscor472|Dies*\n|\n|t:|1700889692\n|switch|p1a: Only Fans Model|Audino-Mega, F, shiny|78\/100\n|-damage|p1a: Only Fans Model|66\/100|[from] Stealth Rock\n|turn|21\n|c| duscl0ps356|they do???\n|\n|t:|1700889695\n|move|p2a: Infernape|Pyro Ball|p1a: Only Fans Model\n|-damage|p1a: Only Fans Model|7\/100\n|move|p1a: Only Fans Model|Moonblast|p2a: Infernape\n|-damage|p2a: Infernape|0 fnt\n|faint|p2a: Infernape\n|\n|upkeep\n|c| Razorgliscor472|Fini it doesnt even have to try vs\n|c|\u2606michael213|noooooo\n|c|\u2606michael213|rip da 6-0 \n|\n|t:|1700889705\n|switch|p2a: Mawile|Mawile-Mega, F, shiny|76\/100\n|-damage|p2a: Mawile|70\/100|[from] Stealth Rock\n|turn|22\n|\n|t:|1700889710\n|move|p2a: Mawile|Double Iron Bash|p1a: Only Fans Model\n|-supereffective|p1a: Only Fans Model\n|-damage|p1a: Only Fans Model|0 fnt\n|faint|p1a: Only Fans Model\n|-hitcount|p1: Only Fans Model|1\n|\n|upkeep\n|c|\u2606michael213|this is so sad\n|\n|t:|1700889712\n|switch|p1a: Tapu Bulu|Tapu Bulu|99\/100\n|-damage|p1a: Tapu Bulu|88\/100|[from] Stealth Rock\n|-fieldstart|move: Grassy Terrain|[from] ability: Grassy Surge|[of] p1a: Tapu Bulu\n|turn|23\n|c| Razorgliscor472|Yes Tpunch is base 97 BP here due to iron fist buff\n|\n|t:|1700889716\n|move|p1a: Tapu Bulu|Close Combat|p2a: Mawile\n|-damage|p2a: Mawile|19\/100\n|-unboost|p1a: Tapu Bulu|def|1\n|-unboost|p1a: Tapu Bulu|spd|1\n|move|p2a: Mawile|Double Iron Bash|p1a: Tapu Bulu\n|-supereffective|p1a: Tapu Bulu\n|-damage|p1a: Tapu Bulu|0 fnt\n|faint|p1a: Tapu Bulu\n|-hitcount|p1: Tapu Bulu|1\n|\n|win|michael213\n|c|\u2606Aroma Nobody|gg\n|c| duscl0ps356|MAWILE HAS DIB???\n|c|\u2606michael213|gg\n|c|\u2606michael213|yes \n","uploadtime":1700889728,"views":16,"p1id":"aromanobody","p2id":"michael213","formatid":"gen9ou","rating":0,"private":0,"password":""}