{"id":"radicalred-gen9ou-546439","p1":"michael213","p2":"Just B3A$T","format":"[Gen 9] OU","log":"|j|\u2606michael213\n|j|\u2606Just B3A$T\n|t:|1699984690\n|gametype|singles\n|player|p1|michael213|michael213.png|\n|player|p2|Just B3A$T|rr-dodrioseviian|\n|teamsize|p1|6\n|teamsize|p2|6\n|gen|9\n|tier|[Gen 9] OU\n|rule|Sleep Clause Mod: Limit one foe put to sleep\n|rule|Species Clause: Limit one of each Pok\u00e9mon\n|rule|OHKO Clause: OHKO moves are banned\n|rule|Evasion Abilities Clause: Evasion abilities are banned\n|rule|Evasion Items Clause: Evasion items are banned\n|rule|Evasion Moves Clause: Evasion moves are banned\n|rule|Endless Battle Clause: Forcing endless battles is banned\n|rule|HP Percentage Mod: HP is shown in percentages\n|rule|Dynamax Clause: You cannot dynamax\n|clearpoke\n|poke|p1|Jellicent, M|\n|poke|p1|Ferrothorn, F|\n|poke|p1|Corviknight, M|\n|poke|p1|Keldeo-Resolute|\n|poke|p1|Zeraora|\n|poke|p1|Meowscarada, M|\n|poke|p2|Pangoro, F|\n|poke|p2|Gholdengo|\n|poke|p2|Gliscor, F|\n|poke|p2|Diancie|\n|poke|p2|Keldeo-Resolute|\n|poke|p2|Volcarona, M|\n|teampreview\n|inactive|Battle timer is ON: inactive players will automatically lose when time's up. (requested by michael213)\n|inactive|Just B3A$T also wants the timer to be on.\n|c|\u2606Just B3A$T|looks like rain\n|c|\u2606Just B3A$T|is not rain\n|inactive|michael213 has 270 seconds left.\n|inactive|Just B3A$T has 270 seconds left.\n|j| Orbuznik\n|c| Orbuznik|beast I put on\n|c| Orbuznik|the soviet music\n|inactive|michael213 has 240 seconds left.\n|inactive|Just B3A$T has 240 seconds left.\n|c| Orbuznik|you better not lose\n|c|\u2606Just B3A$T|if i win a round im happy\n|c|\u2606Just B3A$T|and satisfied\n|c|\u2606Just B3A$T|ok\n|c| Orbuznik|also is that \n|\n|t:|1699984767\n|start\n|switch|p1a: Keldeo|Keldeo-Resolute, shiny|100\/100\n|switch|p2a: Gen 5's Bane|Keldeo-Resolute|100\/100\n|turn|1\n|c| Orbuznik|jellicent\n|c| Orbuznik|rainless\n|c|\u2606michael213|yes\n|\n|t:|1699984773\n|switch|p1a: Jellicent|Jellicent, M, shiny|100\/100\n|move|p2a: Gen 5's Bane|Air Slash|p1a: Jellicent\n|-crit|p1a: Jellicent\n|-damage|p1a: Jellicent|63\/100\n|\n|-heal|p1a: Jellicent|69\/100|[from] item: Leftovers\n|upkeep\n|turn|2\n|c| Orbuznik|viking would be proud\n|c|\u2606michael213|i just built this team \n|\n|t:|1699984782\n|switch|p2a: Berserker|Pangoro, F|100\/100\n|move|p1a: Jellicent|Toxic|p2a: Berserker\n|-status|p2a: Berserker|tox\n|\n|-heal|p1a: Jellicent|75\/100|[from] item: Leftovers\n|-damage|p2a: Berserker|94\/100 tox|[from] psn\n|upkeep\n|turn|3\n|\n|t:|1699984786\n|switch|p1a: Corviknight|Corviknight, M, shiny|100\/100\n|-ability|p1a: Corviknight|Pressure\n|move|p2a: Berserker|Swords Dance|p2a: Berserker\n|-boost|p2a: Berserker|atk|2\n|\n|-damage|p2a: Berserker|82\/100 tox|[from] psn\n|upkeep\n|turn|4\n|c| Orbuznik|razor made this one\n|\n|t:|1699984792\n|move|p1a: Corviknight|Brave Bird|p2a: Berserker\n|-supereffective|p2a: Berserker\n|-crit|p2a: Berserker\n|-damage|p2a: Berserker|0 fnt\n|faint|p2a: Berserker\n|-damage|p1a: Corviknight|74\/100|[from] Recoil\n|\n|upkeep\n|c| Orbuznik|probably\n|c| Orbuznik|damn\n|c|\u2606Just B3A$T|mattered\n|c| Orbuznik|why no sucker\n|c|\u2606Just B3A$T|expected it to live\n|\n|t:|1699984806\n|switch|p2a: Helios|Volcarona, M, shiny|100\/100\n|turn|5\n|c| Orbuznik|are u bulky goro\n|c| Orbuznik|what's your spread\n|c|\u2606michael213|why is the pangoro slower\n|\n|t:|1699984814\n|move|p2a: Helios|Quiver Dance|p2a: Helios\n|-boost|p2a: Helios|spa|1\n|-boost|p2a: Helios|spd|1\n|-boost|p2a: Helios|spe|1\n|move|p1a: Corviknight|Brave Bird|p2a: Helios\n|-supereffective|p2a: Helios\n|-damage|p2a: Helios|26\/100\n|-damage|p1a: Corviknight|51\/100|[from] Recoil\n|\n|upkeep\n|turn|6\n|c|\u2606Just B3A$T|no idea\n|\n|t:|1699984820\n|switch|p1a: Jellicent|Jellicent, M, shiny|75\/100\n|move|p2a: Helios|Fiery Dance|p1a: Jellicent\n|-resisted|p1a: Jellicent\n|-damage|p1a: Jellicent|59\/100\n|\n|-heal|p1a: Jellicent|65\/100|[from] item: Leftovers\n|upkeep\n|turn|7\n|c| Orbuznik|beast \n|c| Orbuznik|what are you thinking\n|\n|t:|1699984824\n|move|p2a: Helios|Roost|p2a: Helios\n|-heal|p2a: Helios|76\/100\n|-singleturn|p2a: Helios|move: Roost\n|move|p1a: Jellicent|Toxic|p2a: Helios\n|-status|p2a: Helios|tox\n|\n|-heal|p1a: Jellicent|71\/100|[from] item: Leftovers\n|-damage|p2a: Helios|70\/100 tox|[from] psn\n|upkeep\n|turn|8\n|\n|t:|1699984828\n|move|p2a: Helios|Quiver Dance|p2a: Helios\n|-boost|p2a: Helios|spa|1\n|-boost|p2a: Helios|spd|1\n|-boost|p2a: Helios|spe|1\n|move|p1a: Jellicent|Recover|p1a: Jellicent\n|-heal|p1a: Jellicent|100\/100\n|\n|-damage|p2a: Helios|58\/100 tox|[from] psn\n|upkeep\n|turn|9\n|\n|t:|1699984830\n|move|p2a: Helios|Psychic|p1a: Jellicent\n|-damage|p1a: Jellicent|69\/100\n|-unboost|p1a: Jellicent|spd|1\n|move|p1a: Jellicent|Scald|p2a: Helios\n|-supereffective|p2a: Helios\n|-damage|p2a: Helios|38\/100 tox\n|\n|-heal|p1a: Jellicent|75\/100|[from] item: Leftovers\n|-damage|p2a: Helios|19\/100 tox|[from] psn\n|upkeep\n|turn|10\n|c|\u2606Just B3A$T|fuck...\n|c| Orbuznik|why \n|c| Orbuznik|this just won after jelli was dead\n|c| Orbuznik|why use it now\n|c|\u2606Just B3A$T|true\n|inactive|Just B3A$T has 270 seconds left.\n|c|\u2606Just B3A$T|i think i already lost\n|\n|t:|1699984877\n|switch|p2a: Gen 5's Bane|Keldeo-Resolute|100\/100\n|move|p1a: Jellicent|Recover|p1a: Jellicent\n|-heal|p1a: Jellicent|100\/100\n|\n|upkeep\n|turn|11\n|c| Orbuznik|yea no shit\n|j| Razorgliscor472\n|\n|t:|1699984883\n|switch|p1a: Ferrothorn|Ferrothorn, F, shiny|100\/100\n|move|p2a: Gen 5's Bane|Flip Turn|p1a: Ferrothorn\n|-resisted|p1a: Ferrothorn\n|-damage|p1a: Ferrothorn|95\/100\n|-damage|p2a: Gen 5's Bane|88\/100|[from] ability: Iron Barbs|[of] p1a: Ferrothorn\n|c| Orbuznik|I am so confused\n|\n|t:|1699984888\n|switch|p2a: Helios|Volcarona, M, shiny|19\/100 tox|[from] Flip Turn\n|\n|-heal|p1a: Ferrothorn|100\/100|[from] item: Leftovers\n|-damage|p2a: Helios|13\/100 tox|[from] psn\n|upkeep\n|turn|12\n|\n|t:|1699984890\n|move|p2a: Helios|Roost|p2a: Helios\n|-heal|p2a: Helios|63\/100 tox\n|-singleturn|p2a: Helios|move: Roost\n|move|p1a: Ferrothorn|Stealth Rock|p2a: Helios\n|-sidestart|p2: Just B3A$T|move: Stealth Rock\n|\n|-damage|p2a: Helios|51\/100 tox|[from] psn\n|upkeep\n|turn|13\n|\n|t:|1699984892\n|switch|p1a: Jellicent|Jellicent, M, shiny|100\/100\n|move|p2a: Helios|Fiery Dance|p1a: Jellicent\n|-resisted|p1a: Jellicent\n|-damage|p1a: Jellicent|88\/100\n|-boost|p2a: Helios|spa|1\n|\n|-heal|p1a: Jellicent|94\/100|[from] item: Leftovers\n|-damage|p2a: Helios|32\/100 tox|[from] psn\n|upkeep\n|turn|14\n|c| Orbuznik|did u just flip turn into the water absorb mon \n|c|\u2606michael213|im telling u \n|c|\u2606michael213|jelli has a niche in ou \n|c|\u2606Just B3A$T|i expected a swap\n|\n|t:|1699984912\n|switch|p2a: Gen 5's Bane|Keldeo-Resolute|88\/100\n|-damage|p2a: Gen 5's Bane|82\/100|[from] Stealth Rock\n|move|p1a: Jellicent|Scald|p2a: Gen 5's Bane\n|-resisted|p2a: Gen 5's Bane\n|-damage|p2a: Gen 5's Bane|70\/100\n|-status|p2a: Gen 5's Bane|brn\n|\n|-heal|p1a: Jellicent|100\/100|[from] item: Leftovers\n|-damage|p2a: Gen 5's Bane|64\/100 brn|[from] brn\n|upkeep\n|turn|15\n|c| Orbuznik|yea no I believe you \n|\n|t:|1699984915\n|move|p2a: Gen 5's Bane|Air Slash|p1a: Jellicent\n|-damage|p1a: Jellicent|75\/100\n|move|p1a: Jellicent|Recover|p1a: Jellicent\n|-heal|p1a: Jellicent|100\/100\n|\n|-damage|p2a: Gen 5's Bane|58\/100 brn|[from] brn\n|upkeep\n|turn|16\n|c| Razorgliscor472|Also i didnt build this with.fiery dance\n|\n|t:|1699984919\n|switch|p2a: fucking annoying|Gliscor, F|100\/100\n|-damage|p2a: fucking annoying|88\/100|[from] Stealth Rock\n|switch|p1a: Zeraora|Zeraora, shiny|100\/100\n|\n|-status|p2a: fucking annoying|tox|[from] item: Toxic Orb\n|upkeep\n|turn|17\n|c| Orbuznik|we know\n|c|\u2606Just B3A$T|i didnt too\n|c| Orbuznik|his thoughts \n|c|\u2606Just B3A$T|but i changed it accidentally\n|c|\u2606Just B3A$T|and didnt change it back\n|c|\u2606Just B3A$T|forgor\n|\n|t:|1699984947\n|switch|p1a: Keldeo|Keldeo-Resolute, shiny|100\/100\n|move|p2a: fucking annoying|Earthquake|p1a: Keldeo\n|-damage|p1a: Keldeo|63\/100\n|\n|-heal|p2a: fucking annoying|100\/100 tox|[from] ability: Poison Heal\n|upkeep\n|turn|18\n|\n|t:|1699984959\n|move|p1a: Keldeo|Scald|p2a: fucking annoying\n|-supereffective|p2a: fucking annoying\n|-damage|p2a: fucking annoying|0 fnt\n|faint|p2a: fucking annoying\n|\n|upkeep\n|\n|t:|1699984961\n|switch|p2a: Profit!|Gholdengo|100\/100\n|-damage|p2a: Profit!|94\/100|[from] Stealth Rock\n|turn|19\n|c|\u2606michael213|gg\n|c|\u2606Just B3A$T|gg yeah\n|c| Orbuznik|uhh\n|\n|t:|1699984969\n|move|p1a: Keldeo|Scald|p2a: Profit!\n|-damage|p2a: Profit!|45\/100\n|move|p2a: Profit!|Nasty Plot|p2a: Profit!\n|-boost|p2a: Profit!|spa|2\n|\n|-heal|p2a: Profit!|51\/100|[from] item: Leftovers\n|upkeep\n|turn|20\n|\n|t:|1699984973\n|move|p1a: Keldeo|Scald|p2a: Profit!\n|-damage|p2a: Profit!|2\/100\n|move|p2a: Profit!|Recover|p2a: Profit!\n|-heal|p2a: Profit!|52\/100\n|\n|-heal|p2a: Profit!|58\/100|[from] item: Leftovers\n|upkeep\n|turn|21\n|\n|t:|1699984977\n|move|p1a: Keldeo|Scald|p2a: Profit!\n|-damage|p2a: Profit!|10\/100\n|-status|p2a: Profit!|brn\n|move|p2a: Profit!|Shadow Ball|p1a: Keldeo\n|-damage|p1a: Keldeo|0 fnt\n|faint|p1a: Keldeo\n|\n|-heal|p2a: Profit!|16\/100 brn|[from] item: Leftovers\n|-damage|p2a: Profit!|10\/100 brn|[from] brn\n|upkeep\n|\n|t:|1699984984\n|switch|p1a: Zeraora|Zeraora, shiny|100\/100\n|turn|22\n|c| Orbuznik|this is so over\n|c| Razorgliscor472|And thats why Moon was there i didnt have a water rssist\n|c| Orbuznik|mike go hard jelli \n|c| Orbuznik|pwease\n|c|\u2606Just B3A$T|least it's not a -0\n|c|\u2606Just B3A$T|*6-0\n|\n|t:|1699984998\n|move|p1a: Zeraora|Knock Off|p2a: Profit!\n|-supereffective|p2a: Profit!\n|-damage|p2a: Profit!|0 fnt\n|-enditem|p2a: Profit!|Leftovers|[from] move: Knock Off|[of] p1a: Zeraora\n|faint|p2a: Profit!\n|\n|upkeep\n|\n|t:|1699985000\n|switch|p2a: Stone Ocean|Diancie|100\/100\n|-damage|p2a: Stone Ocean|88\/100|[from] Stealth Rock\n|turn|23\n|\n|t:|1699985006\n|detailschange|p2a: Stone Ocean|Diancie-Mega\n|-mega|p2a: Stone Ocean|Diancie|Diancite\n|move|p1a: Zeraora|Plasma Fists|p2a: Stone Ocean\n|-damage|p2a: Stone Ocean|25\/100\n|-fieldactivate|move: Ion Deluge\n|-hint|Normal-type moves become Electric-type after using Plasma Fists.\n|move|p2a: Stone Ocean|Diamond Storm|p1a: Zeraora\n|-damage|p1a: Zeraora|25\/100\n|\n|upkeep\n|turn|24\n|c| Orbuznik|mdia reverse sweep\n|c| Orbuznik|rn\n|\n|t:|1699985015\n|switch|p2a: Helios|Volcarona, M, shiny|32\/100 tox\n|move|p1a: Zeraora|Plasma Fists|p2a: Helios\n|-damage|p2a: Helios|0 fnt\n|-fieldactivate|move: Ion Deluge\n|-hint|Normal-type moves become Electric-type after using Plasma Fists.\n|-status|p1a: Zeraora|brn|[from] ability: Flame Body|[of] p2a: Helios\n|faint|p2a: Helios\n|\n|-damage|p1a: Zeraora|19\/100 brn|[from] brn\n|upkeep\n|c| Orbuznik|or maybe not\n|c|\u2606Just B3A$T|never\n|c| Orbuznik|I guess\n|\n|t:|1699985020\n|switch|p2a: Gen 5's Bane|Keldeo-Resolute|58\/100 brn\n|-damage|p2a: Gen 5's Bane|52\/100 brn|[from] Stealth Rock\n|turn|25\n|\n|t:|1699985024\n|move|p2a: Gen 5's Bane|Air Slash|p1a: Zeraora\n|-resisted|p1a: Zeraora\n|-damage|p1a: Zeraora|0 fnt\n|faint|p1a: Zeraora\n|\n|-damage|p2a: Gen 5's Bane|45\/100 brn|[from] brn\n|upkeep\n|\n|t:|1699985028\n|switch|p1a: Meowscarada|Meowscarada, M, shiny|100\/100\n|turn|26\n|\n|t:|1699985030\n|move|p1a: Meowscarada|Flower Trick|p2a: Gen 5's Bane\n|-start|p1a: Meowscarada|typechange|Grass|[from] ability: Protean\n|-supereffective|p2a: Gen 5's Bane\n|-crit|p2a: Gen 5's Bane\n|-damage|p2a: Gen 5's Bane|0 fnt\n|faint|p2a: Gen 5's Bane\n|\n|upkeep\n|c| Orbuznik|just air slash till you win \n|c| Razorgliscor472|Its over\n|c|\u2606michael213|gg\n|c|\u2606Just B3A$T|scarf\n|\n|t:|1699985037\n|switch|p2a: Stone Ocean|Diancie-Mega|25\/100\n|-damage|p2a: Stone Ocean|12\/100|[from] Stealth Rock\n|turn|27\n|\n|t:|1699985040\n|move|p1a: Meowscarada|Flower Trick|p2a: Stone Ocean\n|-supereffective|p2a: Stone Ocean\n|-crit|p2a: Stone Ocean\n|-damage|p2a: Stone Ocean|0 fnt\n|faint|p2a: Stone Ocean\n|\n|win|michael213\n|c| Orbuznik|was it really a good game\n|c|\u2606Just B3A$T|it's a player diff\n|c|\u2606Just B3A$T|so\n|c| Razorgliscor472|At least i remembered why moon was there\n|c| Razorgliscor472|No water resist\n|c| Orbuznik|tbh\n|c| Orbuznik|we should've used the\n|c| Orbuznik|3.1\n|c| Orbuznik|steela and tr\n|c| Orbuznik|teams\n|c|\u2606Just B3A$T|i thought it was a self inser\n|c|\u2606michael213|LMAOO\n|c|\u2606Just B3A$T|*insert\n|c| Orbuznik|that'd be funny\n|c|\u2606Just B3A$T|can we still do the third battle\n|c| Orbuznik|I really wanted to play mike in this\n|c|\u2606Just B3A$T|im free anyway so\n|c| Razorgliscor472|(Can we get good dragons again :sob:)\n|c| Orbuznik|no we cannot\n|c|\u2606Just B3A$T|plus there's a team left\n|c|\u2606Just B3A$T|yes\n|c|\u2606Just B3A$T|!!!\n|c| Orbuznik|idk \n|l|\u2606Just B3A$T\n|c| Orbuznik|we can use it next week if mike doesn't want\n|c| Orbuznik|tho my next opps are fucking\n","uploadtime":1699985071,"views":30,"p1id":"michael213","p2id":"justb3at","formatid":"gen9ou","rating":0,"private":0,"password":""}