{"id":"radicalred-gen9ou-548512","p1":"Perepupengue","p2":"super bingus lover","format":"[Gen 9] OU","log":"|j|\u2606Perepupengue\n|j|\u2606super bingus lover\n|t:|1700351924\n|gametype|singles\n|player|p1|Perepupengue|rr-lechonk|1289\n|player|p2|super bingus lover|rr-sylveon|1000\n|teamsize|p1|6\n|teamsize|p2|6\n|gen|9\n|tier|[Gen 9] OU\n|rated|\n|rule|Sleep Clause Mod: Limit one foe put to sleep\n|rule|Species Clause: Limit one of each Pok\u00e9mon\n|rule|OHKO Clause: OHKO moves are banned\n|rule|Evasion Abilities Clause: Evasion abilities are banned\n|rule|Evasion Items Clause: Evasion items are banned\n|rule|Evasion Moves Clause: Evasion moves are banned\n|rule|Endless Battle Clause: Forcing endless battles is banned\n|rule|HP Percentage Mod: HP is shown in percentages\n|rule|Dynamax Clause: You cannot dynamax\n|clearpoke\n|poke|p1|Druddigon, M|\n|poke|p1|Audino, F|\n|poke|p1|Regieleki|\n|poke|p1|Carnivine-Sevii, F|\n|poke|p1|Rillaboom, M|\n|poke|p1|Emboar, M|\n|poke|p2|Sylveon, M|\n|poke|p2|Marowak, M|\n|poke|p2|Aegislash, F|\n|poke|p2|Tapu Fini|\n|poke|p2|Iron Jugulis|\n|poke|p2|Great Tusk|\n|teampreview\n|c|\u2606Perepupengue|hf\n|c|\u2606super bingus lover|hf!!\n|\n|t:|1700351935\n|start\n|switch|p1a: Parasite|Carnivine-Sevii, F|100\/100\n|switch|p2a: Marowak|Marowak, M|100\/100\n|turn|1\n|\n|t:|1700351943\n|switch|p1a: RillaBack to OU|Rillaboom, M|100\/100\n|-fieldstart|move: Grassy Terrain|[from] ability: Grassy Surge|[of] p1a: RillaBack to OU\n|move|p2a: Marowak|Bonemerang|p1a: RillaBack to OU\n|-resisted|p1a: RillaBack to OU\n|-damage|p1a: RillaBack to OU|65\/100\n|-resisted|p1a: RillaBack to OU\n|-damage|p1a: RillaBack to OU|29\/100\n|-hitcount|p1a: RillaBack to OU|2\n|\n|-heal|p1a: RillaBack to OU|35\/100|[from] Grassy Terrain\n|-heal|p1a: RillaBack to OU|42\/100|[from] item: Leftovers\n|upkeep\n|turn|2\n|\n|t:|1700351951\n|move|p2a: Marowak|Protect|p2a: Marowak\n|-singleturn|p2a: Marowak|Protect\n|move|p1a: RillaBack to OU|Grassy Glide|p2a: Marowak\n|-activate|p2a: Marowak|move: Protect\n|\n|-heal|p1a: RillaBack to OU|48\/100|[from] Grassy Terrain\n|-heal|p1a: RillaBack to OU|54\/100|[from] item: Leftovers\n|upkeep\n|turn|3\n|\n|t:|1700351958\n|switch|p2a: Iron Jugulis|Iron Jugulis|100\/100\n|move|p1a: RillaBack to OU|Grassy Glide|p2a: Iron Jugulis\n|-resisted|p2a: Iron Jugulis\n|-damage|p2a: Iron Jugulis|75\/100\n|\n|-heal|p1a: RillaBack to OU|60\/100|[from] Grassy Terrain\n|-heal|p1a: RillaBack to OU|66\/100|[from] item: Leftovers\n|upkeep\n|turn|4\n|\n|t:|1700351965\n|switch|p1a: Arduino|Audino, F|100\/100\n|move|p2a: Iron Jugulis|Nasty Plot|p2a: Iron Jugulis\n|-boost|p2a: Iron Jugulis|spa|2\n|\n|upkeep\n|turn|5\n|\n|t:|1700351969\n|detailschange|p1a: Arduino|Audino-Mega, F\n|-mega|p1a: Arduino|Audino|Audinite\n|move|p2a: Iron Jugulis|Aeroblast|p1a: Arduino\n|-damage|p1a: Arduino|46\/100\n|move|p1a: Arduino|Moonblast|p2a: Iron Jugulis\n|-supereffective|p2a: Iron Jugulis\n|-damage|p2a: Iron Jugulis|4\/100\n|\n|-heal|p1a: Arduino|52\/100|[from] Grassy Terrain\n|-fieldend|move: Grassy Terrain\n|upkeep\n|turn|6\n|\n|t:|1700351989\n|move|p2a: Iron Jugulis|Aeroblast|p1a: Arduino\n|-damage|p1a: Arduino|3\/100\n|move|p1a: Arduino|Moonblast|p2a: Iron Jugulis\n|-supereffective|p2a: Iron Jugulis\n|-damage|p2a: Iron Jugulis|0 fnt\n|faint|p2a: Iron Jugulis\n|-end|p2a: Iron Jugulis|Quark Drive|[silent]\n|\n|upkeep\n|\n|t:|1700351994\n|switch|p2a: Tapu Fini|Tapu Fini|100\/100\n|-fieldstart|move: Misty Terrain|[from] ability: Misty Surge|[of] p2a: Tapu Fini\n|turn|7\n|\n|t:|1700352000\n|switch|p1a: Parasite|Carnivine-Sevii, F|100\/100\n|move|p2a: Tapu Fini|Flip Turn|p1a: Parasite\n|-damage|p1a: Parasite|90\/100\n|\n|t:|1700352003\n|switch|p2a: Marowak|Marowak, M|100\/100|[from] Flip Turn\n|\n|-heal|p1a: Parasite|96\/100|[from] item: Black Sludge\n|upkeep\n|turn|8\n|\n|t:|1700352017\n|switch|p1a: RillaBack to OU|Rillaboom, M|66\/100\n|-fieldstart|move: Grassy Terrain|[from] ability: Grassy Surge|[of] p1a: RillaBack to OU\n|move|p2a: Marowak|Bonemerang|p1a: RillaBack to OU\n|-resisted|p1a: RillaBack to OU\n|-damage|p1a: RillaBack to OU|29\/100\n|-resisted|p1a: RillaBack to OU\n|-damage|p1a: RillaBack to OU|0 fnt\n|faint|p1a: RillaBack to OU\n|-hitcount|p1: RillaBack to OU|2\n|\n|upkeep\n|\n|t:|1700352028\n|switch|p1a: Hot Pig a|Emboar, M|100\/100\n|turn|9\n|\n|t:|1700352036\n|move|p2a: Marowak|Protect|p2a: Marowak\n|-singleturn|p2a: Marowak|Protect\n|move|p1a: Hot Pig a|Flare Blitz|p2a: Marowak\n|-activate|p2a: Marowak|move: Protect\n|\n|upkeep\n|turn|10\n|\n|t:|1700352044\n|switch|p1a: Parasite|Carnivine-Sevii, F|96\/100\n|move|p2a: Marowak|Bonemerang|p1a: Parasite\n|-supereffective|p1a: Parasite\n|-damage|p1a: Parasite|0 fnt\n|faint|p1a: Parasite\n|-hitcount|p1: Parasite|1\n|\n|upkeep\n|\n|t:|1700352047\n|switch|p1a: Hot Pig a|Emboar, M|100\/100\n|turn|11\n|\n|t:|1700352052\n|move|p2a: Marowak|Protect|p2a: Marowak\n|-singleturn|p2a: Marowak|Protect\n|move|p1a: Hot Pig a|Close Combat|p2a: Marowak\n|-activate|p2a: Marowak|move: Protect\n|\n|upkeep\n|turn|12\n|\n|t:|1700352056\n|switch|p2a: Tapu Fini|Tapu Fini|100\/100\n|-fieldstart|move: Misty Terrain|[from] ability: Misty Surge|[of] p2a: Tapu Fini\n|move|p1a: Hot Pig a|Close Combat|p2a: Tapu Fini\n|-resisted|p2a: Tapu Fini\n|-damage|p2a: Tapu Fini|69\/100\n|-unboost|p1a: Hot Pig a|def|1\n|-unboost|p1a: Hot Pig a|spd|1\n|\n|upkeep\n|turn|13\n|\n|t:|1700352063\n|switch|p1a: Arduino|Audino-Mega, F|36\/100\n|move|p2a: Tapu Fini|Calm Mind|p2a: Tapu Fini\n|-boost|p2a: Tapu Fini|spa|1\n|-boost|p2a: Tapu Fini|spd|1\n|\n|upkeep\n|turn|14\n|\n|t:|1700352069\n|move|p2a: Tapu Fini|Draining Kiss|p1a: Arduino\n|-damage|p1a: Arduino|23\/100\n|-heal|p2a: Tapu Fini|82\/100|[from] drain|[of] p1a: Arduino\n|move|p1a: Arduino|Teleport|p1a: Arduino\n|\n|t:|1700352071\n|switch|p1a: Lamparita|Regieleki|100\/100|[from] Teleport\n|\n|upkeep\n|turn|15\n|\n|t:|1700352080\n|move|p1a: Lamparita|Volt Switch|p2a: Tapu Fini\n|-supereffective|p2a: Tapu Fini\n|-crit|p2a: Tapu Fini\n|-damage|p2a: Tapu Fini|0 fnt\n|faint|p2a: Tapu Fini\n|\n|t:|1700352109\n|switch|p1a: Arduino|Audino-Mega, F|56\/100|[from] Volt Switch\n|\n|upkeep\n|\n|t:|1700352113\n|switch|p2a: Marowak|Marowak, M|100\/100\n|turn|16\n|\n|t:|1700352118\n|move|p2a: Marowak|Bonemerang|p1a: Arduino\n|-damage|p1a: Arduino|30\/100\n|-damage|p1a: Arduino|0 fnt\n|faint|p1a: Arduino\n|-hitcount|p1: Arduino|2\n|\n|-fieldend|Misty Terrain\n|upkeep\n|\n|t:|1700352126\n|switch|p1a: Rallador de queso|Druddigon, M|100\/100\n|turn|17\n|\n|t:|1700352130\n|move|p2a: Marowak|Bonemerang|p1a: Rallador de queso\n|-damage|p1a: Rallador de queso|70\/100\n|-damage|p1a: Rallador de queso|41\/100\n|-hitcount|p1a: Rallador de queso|2\n|move|p1a: Rallador de queso|Dragon Tail|p2a: Marowak\n|-damage|p2a: Marowak|81\/100\n|drag|p2a: Great Tusk|Great Tusk|100\/100\n|\n|upkeep\n|turn|18\n|\n|t:|1700352139\n|move|p2a: Great Tusk|Stealth Rock|p1a: Rallador de queso\n|-sidestart|p1: Perepupengue|move: Stealth Rock\n|move|p1a: Rallador de queso|Dragon Tail|p2a: Great Tusk\n|-damage|p2a: Great Tusk|84\/100\n|-end|p2a: Great Tusk|Protosynthesis|[silent]\n|drag|p2a: Marowak|Marowak, M|81\/100\n|\n|upkeep\n|turn|19\n|\n|t:|1700352142\n|move|p2a: Marowak|Bonemerang|p1a: Rallador de queso\n|-damage|p1a: Rallador de queso|10\/100\n|-damage|p1a: Rallador de queso|0 fnt\n|faint|p1a: Rallador de queso\n|-hitcount|p1: Rallador de queso|2\n|\n|upkeep\n|\n|t:|1700352144\n|switch|p1a: Hot Pig a|Emboar, M|100\/100\n|-damage|p1a: Hot Pig a|88\/100|[from] Stealth Rock\n|turn|20\n|\n|t:|1700352149\n|move|p2a: Marowak|Protect|p2a: Marowak\n|-singleturn|p2a: Marowak|Protect\n|move|p1a: Hot Pig a|Flare Blitz|p2a: Marowak\n|-activate|p2a: Marowak|move: Protect\n|\n|upkeep\n|turn|21\n|\n|t:|1700352157\n|switch|p2a: Great Tusk|Great Tusk|84\/100\n|move|p1a: Hot Pig a|Flare Blitz|p2a: Great Tusk\n|-damage|p2a: Great Tusk|24\/100\n|-damage|p1a: Hot Pig a|64\/100|[from] Recoil\n|\n|upkeep\n|turn|22\n|\n|t:|1700352168\n|move|p2a: Great Tusk|Headlong Rush|p1a: Hot Pig a\n|-supereffective|p1a: Hot Pig a\n|-damage|p1a: Hot Pig a|0 fnt\n|-unboost|p2a: Great Tusk|def|1\n|-unboost|p2a: Great Tusk|spd|1\n|faint|p1a: Hot Pig a\n|\n|upkeep\n|\n|t:|1700352173\n|switch|p1a: Lamparita|Regieleki|100\/100\n|-damage|p1a: Lamparita|88\/100|[from] Stealth Rock\n|turn|23\n|\n|t:|1700352175\n|move|p1a: Lamparita|Hidden Power|p2a: Great Tusk\n|-supereffective|p2a: Great Tusk\n|-damage|p2a: Great Tusk|0 fnt\n|faint|p2a: Great Tusk\n|-end|p2a: Great Tusk|Protosynthesis|[silent]\n|\n|upkeep\n|\n|t:|1700352181\n|switch|p2a: Marowak|Marowak, M|81\/100\n|turn|24\n|j| Dodrio-pult\n|\n|t:|1700352199\n|move|p1a: Lamparita|Hidden Power|p2a: Marowak\n|-supereffective|p2a: Marowak\n|-crit|p2a: Marowak\n|-damage|p2a: Marowak|11\/100\n|move|p2a: Marowak|Bonemerang|p1a: Lamparita\n|-supereffective|p1a: Lamparita\n|-damage|p1a: Lamparita|0 fnt\n|faint|p1a: Lamparita\n|-hitcount|p1: Lamparita|1\n|\n|win|super bingus lover\n|raw|Perepupengue's rating: 1289 &rarr; <strong>1262<\/strong><br \/>(-27 for losing)\n|raw|super bingus lover's rating: 1000 &rarr; <strong>1076<\/strong><br \/>(+76 for winning)\n|c|\u2606Perepupengue|gg\n|l|\u2606Perepupengue\n|c|\u2606super bingus lover|gg!\n|l| Dodrio-pult\n","uploadtime":1700352284,"views":17,"p1id":"perepupengue","p2id":"superbinguslover","formatid":"gen9ou","rating":0,"private":0,"password":""}