{"id":"radicalred-gen9ou-550587","p1":"michael213","p2":"Aroma Nobody","format":"[Gen 9] OU","log":"|j|\u2606michael213\n|j|\u2606Aroma Nobody\n|t:|1700888800\n|gametype|singles\n|player|p1|michael213|michael213.png|\n|player|p2|Aroma Nobody|266|\n|teamsize|p1|6\n|teamsize|p2|6\n|gen|9\n|tier|[Gen 9] OU\n|rule|Sleep Clause Mod: Limit one foe put to sleep\n|rule|Species Clause: Limit one of each Pok\u00e9mon\n|rule|OHKO Clause: OHKO moves are banned\n|rule|Evasion Abilities Clause: Evasion abilities are banned\n|rule|Evasion Items Clause: Evasion items are banned\n|rule|Evasion Moves Clause: Evasion moves are banned\n|rule|Endless Battle Clause: Forcing endless battles is banned\n|rule|HP Percentage Mod: HP is shown in percentages\n|rule|Dynamax Clause: You cannot dynamax\n|clearpoke\n|poke|p1|Jellicent, M|\n|poke|p1|Ferrothorn, F|\n|poke|p1|Corviknight, F|\n|poke|p1|Keldeo-Resolute|\n|poke|p1|Zeraora|\n|poke|p1|Meowscarada, M|\n|poke|p2|Annihilape, M|\n|poke|p2|Kingler, F|\n|poke|p2|Great Tusk|\n|poke|p2|Milotic-Sevii, M|\n|poke|p2|Gholdengo|\n|poke|p2|Tapu Bulu|\n|teampreview\n|inactive|Battle timer is ON: inactive players will automatically lose when time's up. (requested by michael213)\n|c|\u2606Aroma Nobody|glhf\n|j| FuwawaGorebyssgard\n|c|\u2606michael213|u22\n|inactive|michael213 has 270 seconds left.\n|inactive|Aroma Nobody has 270 seconds left.\n|j| yharimjungletyrant\n|c| FuwawaGorebyssgard|have fun!\n|\n|t:|1700888852\n|start\n|switch|p1a: Zeraora|Zeraora, shiny|100\/100\n|switch|p2a: Annihilape|Annihilape, M|100\/100\n|turn|1\n|\n|t:|1700888862\n|move|p1a: Zeraora|Bulk Up|p1a: Zeraora\n|-boost|p1a: Zeraora|atk|1\n|-boost|p1a: Zeraora|def|1\n|move|p2a: Annihilape|Drain Punch|p1a: Zeraora\n|-damage|p1a: Zeraora|76\/100\n|\n|upkeep\n|turn|2\n|\n|t:|1700888868\n|switch|p2a: Tapu Bulu|Tapu Bulu|100\/100\n|-fieldstart|move: Grassy Terrain|[from] ability: Grassy Surge|[of] p2a: Tapu Bulu\n|-zpower|p1a: Zeraora\n|move|p1a: Zeraora|Twinkle Tackle|p2a: Tapu Bulu|[zeffect]\n|-damage|p2a: Tapu Bulu|27\/100\n|\n|-heal|p1a: Zeraora|82\/100|[from] Grassy Terrain\n|-heal|p2a: Tapu Bulu|33\/100|[from] Grassy Terrain\n|upkeep\n|turn|3\n|j| dreepy airlines\n|\n|t:|1700888879\n|move|p2a: Tapu Bulu|Grassy Glide|p1a: Zeraora\n|-damage|p1a: Zeraora|32\/100\n|move|p1a: Zeraora|Play Rough|p2a: Tapu Bulu\n|-damage|p2a: Tapu Bulu|0 fnt\n|faint|p2a: Tapu Bulu\n|\n|-heal|p1a: Zeraora|38\/100|[from] Grassy Terrain\n|upkeep\n|\n|t:|1700888896\n|switch|p2a: Milotic|Milotic-Sevii, M|100\/100\n|turn|4\n|\n|t:|1700888909\n|switch|p1a: Ferrothorn|Ferrothorn, F, shiny|100\/100\n|move|p2a: Milotic|Moonblast|p1a: Ferrothorn\n|-resisted|p1a: Ferrothorn\n|-damage|p1a: Ferrothorn|89\/100\n|\n|-heal|p1a: Ferrothorn|96\/100|[from] Grassy Terrain\n|-heal|p1a: Ferrothorn|100\/100|[from] item: Leftovers\n|upkeep\n|turn|5\n|\n|t:|1700888914\n|switch|p2a: Annihilape|Annihilape, M|100\/100\n|move|p1a: Ferrothorn|Stealth Rock|p2a: Annihilape\n|-sidestart|p2: Aroma Nobody|move: Stealth Rock\n|\n|upkeep\n|turn|6\n|\n|t:|1700888922\n|move|p2a: Annihilape|Taunt|p1a: Ferrothorn\n|-start|p1a: Ferrothorn|move: Taunt\n|cant|p1a: Ferrothorn|move: Taunt|Leech Seed\n|\n|-fieldend|move: Grassy Terrain\n|upkeep\n|turn|7\n|\n|t:|1700888927\n|switch|p1a: Corviknight|Corviknight, F, shiny|100\/100\n|-ability|p1a: Corviknight|Pressure\n|move|p2a: Annihilape|Bulk Up|p2a: Annihilape\n|-boost|p2a: Annihilape|atk|1\n|-boost|p2a: Annihilape|def|1\n|\n|upkeep\n|turn|8\n|j| Razorgliscor472\n|inactive|Aroma Nobody has 270 seconds left.\n|l| yharimjungletyrant\n|\n|t:|1700888977\n|move|p2a: Annihilape|Bulk Up|p2a: Annihilape\n|-boost|p2a: Annihilape|atk|1\n|-boost|p2a: Annihilape|def|1\n|move|p1a: Corviknight|U-turn|p2a: Annihilape\n|-resisted|p2a: Annihilape\n|-damage|p2a: Annihilape|99\/100\n|\n|t:|1700888982\n|switch|p1a: Keldeo|Keldeo-Resolute, shiny|100\/100|[from] U-turn\n|\n|upkeep\n|turn|9\n|j| Ginesect\n|c| Ginesect| Moment\n|c|\u2606michael213|moment \n|c| Ginesect|Nobody you can win\n|\n|t:|1700888999\n|move|p1a: Keldeo|Air Slash|p2a: Annihilape\n|-supereffective|p2a: Annihilape\n|-damage|p2a: Annihilape|10\/100\n|move|p2a: Annihilape|Rage Fist|p1a: Keldeo\n|-damage|p1a: Keldeo|0 fnt\n|faint|p1a: Keldeo\n|\n|upkeep\n|c| Ginesect|Make rizzing phoenix proud\n|c|\u2606michael213|welp \n|j| duscl0ps356\n|\n|t:|1700889014\n|switch|p1a: Meowscarada|Meowscarada, M, shiny|100\/100\n|turn|10\n|c| duscl0ps356|rizzing phoenixxxxxxx\n|c|\u2606Aroma Nobody|that wasn't a move I expected\n|\n|t:|1700889021\n|move|p1a: Meowscarada|Flower Trick|p2a: Annihilape\n|-start|p1a: Meowscarada|typechange|Grass|[from] ability: Protean\n|-crit|p2a: Annihilape\n|-damage|p2a: Annihilape|0 fnt\n|faint|p2a: Annihilape\n|\n|upkeep\n|c| Ginesect|Truth\n|inactive|Aroma Nobody has 270 seconds left.\n|c|\u2606michael213|def dont need that mon \n|c|\u2606michael213|not like it 6-0 \n|c|\u2606michael213|wanted to make things harder \n|c|\u2606michael213|!\n|inactive|Aroma Nobody has 240 seconds left.\n|\n|t:|1700889062\n|switch|p2a: Gholdengo|Gholdengo|100\/100\n|-damage|p2a: Gholdengo|94\/100|[from] Stealth Rock\n|-item|p2a: Gholdengo|Air Balloon\n|turn|11\n|inactive|Aroma Nobody has 240 seconds left.\n|\n|t:|1700889070\n|switch|p1a: Ferrothorn|Ferrothorn, F, shiny|100\/100\n|move|p2a: Gholdengo|Make It Rain|p1a: Ferrothorn\n|-resisted|p1a: Ferrothorn\n|-damage|p1a: Ferrothorn|79\/100\n|-unboost|p2a: Gholdengo|spa|1\n|\n|-heal|p1a: Ferrothorn|85\/100|[from] item: Leftovers\n|upkeep\n|turn|12\n|\n|t:|1700889074\n|move|p2a: Gholdengo|Hex|p1a: Ferrothorn\n|-damage|p1a: Ferrothorn|68\/100\n|move|p1a: Ferrothorn|Knock Off|p2a: Gholdengo\n|-supereffective|p2a: Gholdengo\n|-damage|p2a: Gholdengo|49\/100\n|-enditem|p2a: Gholdengo|Air Balloon\n|\n|-heal|p1a: Ferrothorn|74\/100|[from] item: Leftovers\n|upkeep\n|turn|13\n|\n|t:|1700889083\n|move|p2a: Gholdengo|Thunder Wave|p1a: Ferrothorn\n|-status|p1a: Ferrothorn|par\n|move|p1a: Ferrothorn|Knock Off|p2a: Gholdengo\n|-supereffective|p2a: Gholdengo\n|-damage|p2a: Gholdengo|13\/100\n|\n|-heal|p1a: Ferrothorn|80\/100 par|[from] item: Leftovers\n|upkeep\n|turn|14\n|c| Razorgliscor472|Air Balloon Gholdengo my Nemisis\n|c|\u2606Aroma Nobody|there's the move I wanted\n|\n|t:|1700889092\n|switch|p1a: Meowscarada|Meowscarada, M, shiny|100\/100\n|move|p2a: Gholdengo|Hex|p1a: Meowscarada\n|-resisted|p1a: Meowscarada\n|-damage|p1a: Meowscarada|82\/100\n|\n|upkeep\n|turn|15\n|j| standproudyourgood\n|\n|t:|1700889096\n|move|p1a: Meowscarada|Flower Trick|p2a: Gholdengo\n|-start|p1a: Meowscarada|typechange|Grass|[from] ability: Protean\n|-resisted|p2a: Gholdengo\n|-crit|p2a: Gholdengo\n|-damage|p2a: Gholdengo|0 fnt\n|faint|p2a: Gholdengo\n|\n|upkeep\n|inactive|Aroma Nobody has 270 seconds left.\n|\n|t:|1700889106\n|switch|p2a: Kingler|Kingler, F|100\/100\n|-damage|p2a: Kingler|88\/100|[from] Stealth Rock\n|turn|16\n|\n|t:|1700889113\n|switch|p1a: Jellicent|Jellicent, M, shiny|100\/100\n|detailschange|p2a: Kingler|Kingler-Mega, F\n|-mega|p2a: Kingler|Kingler|Kinglerite\n|move|p2a: Kingler|Ice Hammer|p1a: Jellicent\n|-resisted|p1a: Jellicent\n|-damage|p1a: Jellicent|76\/100\n|\n|-heal|p1a: Jellicent|82\/100|[from] item: Leftovers\n|upkeep\n|turn|17\n|c| duscl0ps356|mr krabs \n|\n|t:|1700889125\n|switch|p2a: Great Tusk|Great Tusk|100\/100\n|-damage|p2a: Great Tusk|98\/100|[from] Stealth Rock\n|move|p1a: Jellicent|Scald|p2a: Great Tusk\n|-supereffective|p2a: Great Tusk\n|-damage|p2a: Great Tusk|36\/100\n|\n|-heal|p1a: Jellicent|88\/100|[from] item: Leftovers\n|upkeep\n|turn|18\n|c| Ginesect|Pull up with dragon dance mkingler which I helped u hack in\n|\n|t:|1700889132\n|switch|p1a: Corviknight|Corviknight, F, shiny|100\/100\n|-ability|p1a: Corviknight|Pressure\n|move|p2a: Great Tusk|Knock Off|p1a: Corviknight\n|-damage|p1a: Corviknight|85\/100\n|-damage|p2a: Great Tusk|20\/100|[from] item: Rocky Helmet|[of] p1a: Corviknight\n|-enditem|p1a: Corviknight|Rocky Helmet|[from] move: Knock Off|[of] p2a: Great Tusk\n|\n|upkeep\n|turn|19\n|\n|t:|1700889138\n|move|p2a: Great Tusk|Stealth Rock|p1a: Corviknight\n|-sidestart|p1: michael213|move: Stealth Rock\n|move|p1a: Corviknight|U-turn|p2a: Great Tusk\n|-resisted|p2a: Great Tusk\n|-damage|p2a: Great Tusk|16\/100\n|-damage|p1a: Corviknight|68\/100|[from] item: Rocky Helmet|[of] p2a: Great Tusk\n|c| duscl0ps356|victory dance*\n|c| Ginesect|Oh yeah mb\n|\n|t:|1700889143\n|switch|p1a: Meowscarada|Meowscarada, M, shiny|82\/100|[from] U-turn\n|-damage|p1a: Meowscarada|70\/100|[from] Stealth Rock\n|\n|upkeep\n|turn|20\n|\n|t:|1700889147\n|move|p1a: Meowscarada|Flower Trick|p2a: Great Tusk\n|-start|p1a: Meowscarada|typechange|Grass|[from] ability: Protean\n|-supereffective|p2a: Great Tusk\n|-crit|p2a: Great Tusk\n|-damage|p2a: Great Tusk|0 fnt\n|faint|p2a: Great Tusk\n|-end|p2a: Great Tusk|Protosynthesis|[silent]\n|\n|upkeep\n|\n|t:|1700889154\n|switch|p2a: Kingler|Kingler-Mega, F|88\/100\n|-damage|p2a: Kingler|82\/100|[from] Stealth Rock\n|turn|21\n|c| FuwawaGorebyssgard|Meows' going crazy\n|\n|t:|1700889162\n|switch|p1a: Jellicent|Jellicent, M, shiny|88\/100\n|-damage|p1a: Jellicent|76\/100|[from] Stealth Rock\n|move|p2a: Kingler|Ice Hammer|p1a: Jellicent\n|-resisted|p1a: Jellicent\n|-damage|p1a: Jellicent|52\/100\n|\n|-heal|p1a: Jellicent|59\/100|[from] item: Leftovers\n|upkeep\n|turn|22\n|\n|t:|1700889168\n|move|p2a: Kingler|Iron Head|p1a: Jellicent\n|-resisted|p1a: Jellicent\n|-damage|p1a: Jellicent|31\/100\n|move|p1a: Jellicent|Scald|p2a: Kingler\n|-resisted|p2a: Kingler\n|-damage|p2a: Kingler|65\/100\n|-status|p2a: Kingler|brn\n|\n|-heal|p1a: Jellicent|37\/100|[from] item: Leftovers\n|-damage|p2a: Kingler|59\/100 brn|[from] brn\n|upkeep\n|turn|23\n|c| Ginesect|Fuc\n|\n|t:|1700889173\n|move|p2a: Kingler|Iron Head|p1a: Jellicent\n|-resisted|p1a: Jellicent\n|-damage|p1a: Jellicent|25\/100\n|move|p1a: Jellicent|Recover|p1a: Jellicent\n|-heal|p1a: Jellicent|75\/100\n|\n|-heal|p1a: Jellicent|81\/100|[from] item: Leftovers\n|-damage|p2a: Kingler|53\/100 brn|[from] brn\n|upkeep\n|turn|24\n|c|\u2606michael213|gg\n|c| Ginesect|gg\n|\n|t:|1700889177\n|move|p2a: Kingler|Iron Head|p1a: Jellicent\n|-resisted|p1a: Jellicent\n|-damage|p1a: Jellicent|67\/100\n|move|p1a: Jellicent|Scald|p2a: Kingler\n|-resisted|p2a: Kingler\n|-damage|p2a: Kingler|36\/100 brn\n|\n|-heal|p1a: Jellicent|73\/100|[from] item: Leftovers\n|-damage|p2a: Kingler|30\/100 brn|[from] brn\n|upkeep\n|turn|25\n|c|\u2606Aroma Nobody|gg\n|c| duscl0ps356|gg\n|c| FuwawaGorebyssgard|gg\n|\n|t:|1700889188\n|move|p2a: Kingler|Iron Head|p1a: Jellicent\n|-resisted|p1a: Jellicent\n|-damage|p1a: Jellicent|59\/100\n|move|p1a: Jellicent|Recover|p1a: Jellicent\n|-heal|p1a: Jellicent|100\/100\n|\n|-damage|p2a: Kingler|24\/100 brn|[from] brn\n|upkeep\n|turn|26\n|c|\u2606michael213|252 SpA Choice Specs Keldeo Air Slash vs. 240 HP \/ 252+ SpD Annihilape: 282-332 (66.9 - 78.8%) -- guaranteed 2HKO after Leftovers recovery\n|c| Ginesect|Nobody meet me in rizzing Phoenix server befor game 2\n|c|\u2606michael213|i hate this calc\n|c| Ginesect|Wow gg chain\n|\n|t:|1700889197\n|move|p2a: Kingler|Crabhammer|p1a: Jellicent\n|-immune|p1a: Jellicent|[from] ability: Water Absorb\n|move|p1a: Jellicent|Scald|p2a: Kingler\n|-resisted|p2a: Kingler\n|-crit|p2a: Kingler\n|-damage|p2a: Kingler|0 fnt\n|faint|p2a: Kingler\n|\n|upkeep\n|\n|t:|1700889204\n|switch|p2a: Milotic|Milotic-Sevii, M|100\/100\n|-damage|p2a: Milotic|94\/100|[from] Stealth Rock\n|turn|27\n|c| Razorgliscor472|And this ladies and gentlemen is why you dont use Steel move Kingler\n|\n|t:|1700889211\n|move|p2a: Milotic|Moonblast|p1a: Jellicent\n|-damage|p1a: Jellicent|80\/100\n|-unboost|p1a: Jellicent|spa|1\n|move|p1a: Jellicent|Toxic|p2a: Milotic\n|-status|p2a: Milotic|tox\n|\n|-heal|p2a: Milotic|100\/100 tox|[from] item: Leftovers\n|-heal|p1a: Jellicent|86\/100|[from] item: Leftovers\n|-damage|p2a: Milotic|94\/100 tox|[from] psn\n|upkeep\n|turn|28\n|c|\u2606michael213|most kings are walled by jell \n|c|\u2606michael213|jelly \n|\n|t:|1700889221\n|move|p2a: Milotic|Moonblast|p1a: Jellicent\n|-damage|p1a: Jellicent|64\/100\n|move|p1a: Jellicent|Scald|p2a: Milotic\n|-supereffective|p2a: Milotic\n|-damage|p2a: Milotic|77\/100 tox\n|\n|-heal|p2a: Milotic|83\/100 tox|[from] item: Leftovers\n|-heal|p1a: Jellicent|70\/100|[from] item: Leftovers\n|-damage|p2a: Milotic|71\/100 tox|[from] psn\n|upkeep\n|turn|29\n|c| duscl0ps356|can it knock\n|c|\u2606michael213|yes\n|c| Razorgliscor472|Tbf yeah but Steel Move makes it walled by them all\n|c|\u2606michael213|uncommon tho \n|c|\u2606michael213|steel move king is not good \n|\n|t:|1700889239\n|move|p2a: Milotic|Moonblast|p1a: Jellicent\n|-damage|p1a: Jellicent|48\/100\n|move|p1a: Jellicent|Scald|p2a: Milotic\n|-supereffective|p2a: Milotic\n|-damage|p2a: Milotic|56\/100 tox\n|\n|-heal|p2a: Milotic|62\/100 tox|[from] item: Leftovers\n|-heal|p1a: Jellicent|54\/100|[from] item: Leftovers\n|-damage|p2a: Milotic|44\/100 tox|[from] psn\n|upkeep\n|turn|30\n|c|\u2606michael213|u need\n|c|\u2606michael213|SD\n|c|\u2606michael213|water\n|l| Ginesect\n|c|\u2606michael213|Ice hammer\n|c|\u2606michael213|cc \n|c|\u2606michael213|or HHp\n|\n|t:|1700889248\n|move|p2a: Milotic|Moonblast|p1a: Jellicent\n|-damage|p1a: Jellicent|33\/100\n|-unboost|p1a: Jellicent|spa|1\n|move|p1a: Jellicent|Recover|p1a: Jellicent\n|-heal|p1a: Jellicent|83\/100\n|\n|-heal|p2a: Milotic|50\/100 tox|[from] item: Leftovers\n|-heal|p1a: Jellicent|90\/100|[from] item: Leftovers\n|-damage|p2a: Milotic|25\/100 tox|[from] psn\n|upkeep\n|turn|31\n|c| Razorgliscor472|Or Knock if youre treeko\n|c| Razorgliscor472|Its not terrible just ewww\n|c| duscl0ps356|i think i would knock personally\n|c|\u2606michael213|only good if slowbro is omni present \n|\n|t:|1700889269\n|move|p2a: Milotic|Moonblast|p1a: Jellicent\n|-damage|p1a: Jellicent|69\/100\n|-unboost|p1a: Jellicent|spa|1\n|move|p1a: Jellicent|Scald|p2a: Milotic\n|-supereffective|p2a: Milotic\n|-damage|p2a: Milotic|15\/100 tox\n|\n|-heal|p2a: Milotic|21\/100 tox|[from] item: Leftovers\n|-heal|p1a: Jellicent|75\/100|[from] item: Leftovers\n|-damage|p2a: Milotic|0 fnt|[from] psn\n|faint|p2a: Milotic\n|\n|win|michael213\n|upkeep\n|j| Yericky\n|c|\u2606michael213|which its not \n|j| Ginesect\n|c|\u2606michael213|gg\n","uploadtime":1700889279,"views":7,"p1id":"michael213","p2id":"aromanobody","formatid":"gen9ou","rating":0,"private":0,"password":""}