{"id":"radicalred-gen9ou-550621","p1":"Hades RFX","p2":"Orbuznik","format":"[Gen 9] OU","log":"|j|\u2606Hades RFX\n|j|\u2606Orbuznik\n|t:|1700908049\n|gametype|singles\n|player|p1|Hades RFX|rr-scizormega|\n|player|p2|Orbuznik|furretcollage.png|\n|teamsize|p1|6\n|teamsize|p2|6\n|gen|9\n|tier|[Gen 9] OU\n|rule|Sleep Clause Mod: Limit one foe put to sleep\n|rule|Species Clause: Limit one of each Pok\u00e9mon\n|rule|OHKO Clause: OHKO moves are banned\n|rule|Evasion Abilities Clause: Evasion abilities are banned\n|rule|Evasion Items Clause: Evasion items are banned\n|rule|Evasion Moves Clause: Evasion moves are banned\n|rule|Endless Battle Clause: Forcing endless battles is banned\n|rule|HP Percentage Mod: HP is shown in percentages\n|rule|Dynamax Clause: You cannot dynamax\n|clearpoke\n|poke|p1|Audino, M|\n|poke|p1|Heatran, F|\n|poke|p1|Ting-Lu|\n|poke|p1|Gholdengo|\n|poke|p1|Diancie|\n|poke|p1|Keldeo-Resolute|\n|poke|p2|Pyukumuku, M|\n|poke|p2|Chansey, F|\n|poke|p2|Wyrdeer, F|\n|poke|p2|Gastrodon, F|\n|poke|p2|Sableye, M|\n|poke|p2|Skarmory, M|\n|teampreview\n|inactive|Battle timer is ON: inactive players will automatically lose when time's up. (requested by Orbuznik)\n|c|\u2606Orbuznik|WHEN THE PYUKU IS MUKUING\n|c|\u2606Hades RFX|holy shit its bigstall!!!!\n|inactive|Hades RFX has 270 seconds left.\n|inactive|Orbuznik has 270 seconds left.\n|c|\u2606Orbuznik|I would never\n|\n|t:|1700908089\n|start\n|switch|p1a: Keldeo|Keldeo-Resolute|100\/100\n|switch|p2a: Sableye|Sableye, M|100\/100\n|turn|1\n|j| Just B3A$T\n|c| Just B3A$T|WHOOP HIS ASS\n|c| Just B3A$T|ORB\n|c|\u2606Orbuznik|I don't wanna\n|c| Just B3A$T|JOJO POWAH\n|c| Just B3A$T|ok just take it slow\n|inactive|Orbuznik has 270 seconds left.\n|c| Just B3A$T|uhhh\n|c| Just B3A$T|idk\n|\n|t:|1700908122\n|detailschange|p2a: Sableye|Sableye-Mega, M\n|-mega|p2a: Sableye|Sableye|Sablenite\n|move|p1a: Keldeo|Hydro Pump|p2a: Sableye\n|-damage|p2a: Sableye|34\/100\n|move|p2a: Sableye|Knock Off|p1a: Keldeo\n|-resisted|p1a: Keldeo\n|-damage|p1a: Keldeo|84\/100\n|-enditem|p1a: Keldeo|Choice Specs|[from] move: Knock Off|[of] p2a: Sableye\n|\n|upkeep\n|turn|2\n|c|\u2606Orbuznik|this is slow\n|j| dreepy airlines\n|c|\u2606Orbuznik|stall*\n|c|\u2606Orbuznik|I have to take it slow\n|c|\u2606Orbuznik|not quite a choice\n|inactive|Orbuznik has 270 seconds left.\n|c| dreepy airlines|hades if you lose this im disowning you\n|\n|t:|1700908137\n|switch|p2a: Pyukumuku|Pyukumuku, M|100\/100\n|move|p1a: Keldeo|Secret Sword|p2a: Pyukumuku\n|-damage|p2a: Pyukumuku|55\/100\n|\n|-heal|p2a: Pyukumuku|61\/100|[from] item: Leftovers\n|upkeep\n|turn|3\n|c|\u2606Orbuznik|I'm throwing for content\n|c|\u2606Orbuznik|trust\n|c|\u2606Hades RFX|!!!\n|\n|t:|1700908149\n|move|p1a: Keldeo|Flip Turn|p2a: Pyukumuku\n|-resisted|p2a: Pyukumuku\n|-crit|p2a: Pyukumuku\n|-damage|p2a: Pyukumuku|54\/100\n|c|\u2606Orbuznik|pyuku is act goated\n|\n|t:|1700908152\n|switch|p1a: Audino|Audino, M|100\/100|[from] Flip Turn\n|move|p2a: Pyukumuku|Recover|p2a: Pyukumuku\n|-heal|p2a: Pyukumuku|100\/100\n|\n|upkeep\n|turn|4\n|c|\u2606Orbuznik|y'all are just bad\n|c|\u2606Orbuznik|huge crit\n|c| Just B3A$T|7%\n|c|\u2606Orbuznik|crit mattered\n|c| Just B3A$T|lmao\n|c|\u2606Orbuznik|skilless\n|c|\u2606Orbuznik|hax\n|c|\u2606Orbuznik|I kill myself now\n|c| dreepy airlines|its literally unloseable\n|\n|t:|1700908172\n|switch|p2a: Chansey|Chansey, F|100\/100\n|detailschange|p1a: Audino|Audino-Mega, M\n|-mega|p1a: Audino|Audino|Audinite\n|move|p1a: Audino|Teleport|p1a: Audino\n|j| TheMoonVanished\n|c|\u2606Orbuznik|unwinnable\n|c|\u2606Orbuznik|*\n|\n|t:|1700908177\n|switch|p1a: Keldeo|Keldeo-Resolute|84\/100|[from] Teleport\n|\n|upkeep\n|turn|5\n|\n|t:|1700908187\n|move|p1a: Keldeo|Secret Sword|p2a: Chansey\n|-supereffective|p2a: Chansey\n|-damage|p2a: Chansey|10\/100\n|move|p2a: Chansey|Toxic|p1a: Keldeo\n|-status|p1a: Keldeo|tox\n|\n|-damage|p1a: Keldeo|78\/100 tox|[from] psn\n|upkeep\n|turn|6\n|c|\u2606Orbuznik|I can't fucking predict you \n|\n|t:|1700908197\n|move|p1a: Keldeo|Scald|p2a: Chansey\n|-damage|p2a: Chansey|0 fnt\n|faint|p2a: Chansey\n|\n|-damage|p1a: Keldeo|65\/100 tox|[from] psn\n|upkeep\n|\n|t:|1700908205\n|switch|p2a: Pyukumuku|Pyukumuku, M|100\/100\n|turn|7\n|c|\u2606Orbuznik|but that's fine.\n|\n|t:|1700908213\n|switch|p1a: Audino|Audino-Mega, M|100\/100\n|move|p2a: Pyukumuku|Spite||[still]\n|-fail|p2a: Pyukumuku\n|\n|upkeep\n|turn|8\n|c|\u2606Orbuznik|wtf\n|c|\u2606Orbuznik|wait why did I click spite\n|c|\u2606Hades RFX|spite!!!\n|\n|t:|1700908228\n|move|p1a: Audino|Heal Bell|p1a: Audino\n|-activate|p1a: Audino|move: Heal Bell\n|-curestatus|p1: Keldeo|tox|[msg]\n|move|p2a: Pyukumuku|Block|p1a: Audino\n|-activate|p1a: Audino|trapped\n|\n|upkeep\n|turn|9\n|\n|t:|1700908236\n|move|p1a: Audino|Wish|p1a: Audino\n|move|p2a: Pyukumuku|Spite|p1a: Audino\n|-activate|p1a: Audino|move: Spite|Wish|4\n|\n|upkeep\n|turn|10\n|c| Just B3A$T|if you lose this don't go stall for the love of Pucci\n|c|\u2606Orbuznik|no leavey \n|c|\u2606Orbuznik|no wishey\n|\n|t:|1700908244\n|move|p2a: Pyukumuku|Spite|p1a: Audino\n|-activate|p1a: Audino|move: Spite|Wish|4\n|move|p1a: Audino|Teleport|p1a: Audino\n|\n|t:|1700908250\n|switch|p1a: Keldeo|Keldeo-Resolute|65\/100|[from] Teleport\n|\n|-heal|p1a: Keldeo|100\/100|[from] move: Wish|[wisher] Audino\n|upkeep\n|turn|11\n|c|\u2606Orbuznik|I fucking despise stall\n|c| Just B3A$T|same\n|c|\u2606Orbuznik|(except for this team)\n|\n|t:|1700908256\n|move|p1a: Keldeo|Secret Sword|p2a: Pyukumuku\n|-damage|p2a: Pyukumuku|56\/100\n|move|p2a: Pyukumuku|Block|p1a: Keldeo\n|-activate|p1a: Keldeo|trapped\n|\n|-heal|p2a: Pyukumuku|62\/100|[from] item: Leftovers\n|upkeep\n|turn|12\n|\n|t:|1700908264\n|move|p1a: Keldeo|Flip Turn|p2a: Pyukumuku\n|-resisted|p2a: Pyukumuku\n|-crit|p2a: Pyukumuku\n|-damage|p2a: Pyukumuku|55\/100\n|\n|t:|1700908269\n|switch|p1a: Gholdengo|Gholdengo|100\/100|[from] Flip Turn\n|move|p2a: Pyukumuku|Recover|p2a: Pyukumuku\n|-heal|p2a: Pyukumuku|100\/100\n|\n|upkeep\n|turn|13\n|\n|t:|1700908276\n|move|p1a: Gholdengo|Trick|p2a: Pyukumuku\n|-activate|p1a: Gholdengo|move: Trick|[of] p2a: Pyukumuku\n|-item|p2a: Pyukumuku|Choice Scarf|[from] move: Trick\n|-item|p1a: Gholdengo|Leftovers|[from] move: Trick\n|move|p2a: Pyukumuku|Spite|p1a: Gholdengo\n|-immune|p1a: Gholdengo|[from] ability: Good as Gold\n|\n|upkeep\n|turn|14\n|c|\u2606Orbuznik|are you failing to break pyuku \n|c|\u2606Orbuznik|uh\n|\n|t:|1700908284\n|switch|p2a: Sableye|Sableye-Mega, M|34\/100\n|move|p1a: Gholdengo|Shadow Ball|p2a: Sableye\n|-damage|p2a: Sableye|0 fnt\n|faint|p2a: Sableye\n|\n|upkeep\n|c|\u2606Hades RFX|ofc not\n|c|\u2606Orbuznik|well that's unfortunate\n|\n|t:|1700908291\n|switch|p2a: Wyrdeer|Wyrdeer, F|100\/100\n|turn|15\n|c|\u2606Orbuznik|but it's fine\n|c|\u2606Hades RFX|just gotta murder the biggest threat!!!\n|c|\u2606Orbuznik|I have the noob destroyer\n|\n|t:|1700908302\n|switch|p1a: Ting-Lu|Ting-Lu|100\/100\n|-ability|p1a: Ting-Lu|Vessel of Ruin\n|move|p2a: Wyrdeer|Calm Mind|p2a: Wyrdeer\n|-boost|p2a: Wyrdeer|spa|1\n|-boost|p2a: Wyrdeer|spd|1\n|\n|upkeep\n|turn|16\n|c|\u2606Orbuznik|true!!!!!\n|\n|t:|1700908308\n|move|p2a: Wyrdeer|Calm Mind|p2a: Wyrdeer\n|-boost|p2a: Wyrdeer|spa|1\n|-boost|p2a: Wyrdeer|spd|1\n|move|p1a: Ting-Lu|Whirlwind|p2a: Wyrdeer\n|drag|p2a: Skarmory|Skarmory, M|100\/100\n|\n|upkeep\n|turn|17\n|c|\u2606Hades RFX|:)\n|c|\u2606Orbuznik|right\n|\n|t:|1700908318\n|switch|p1a: Gholdengo|Gholdengo|100\/100\n|move|p2a: Skarmory|Spikes|p1a: Gholdengo\n|-sidestart|p1: Hades RFX|Spikes\n|\n|upkeep\n|turn|18\n|c|\u2606Orbuznik|ting lu gets that\n|c| Just B3A$T|tin glue shenanigans\n|c|\u2606Orbuznik|fuck tin glue\n|\n|t:|1700908332\n|switch|p2a: Wyrdeer|Wyrdeer, F|100\/100\n|move|p1a: Gholdengo|Thunderbolt|p2a: Wyrdeer\n|-damage|p2a: Wyrdeer|71\/100\n|\n|-heal|p2a: Wyrdeer|77\/100|[from] item: Leftovers\n|upkeep\n|turn|19\n|c|\u2606Orbuznik|tbolt!!!!!\n|c|\u2606Orbuznik|uhge\n|c|\u2606Orbuznik|huge\n|l| TheMoonVanished\n|\n|t:|1700908345\n|move|p1a: Gholdengo|Make It Rain|p2a: Wyrdeer\n|-damage|p2a: Wyrdeer|12\/100\n|-unboost|p1a: Gholdengo|spa|1\n|move|p2a: Wyrdeer|Calm Mind|p2a: Wyrdeer\n|-boost|p2a: Wyrdeer|spa|1\n|-boost|p2a: Wyrdeer|spd|1\n|\n|-heal|p2a: Wyrdeer|19\/100|[from] item: Leftovers\n|upkeep\n|turn|20\n|c|\u2606Orbuznik|oh christ\n|c|\u2606Hades RFX|thats a lot of damage\n|c|\u2606Orbuznik|that did more than I thought it would\n|\n|t:|1700908358\n|move|p1a: Gholdengo|Make It Rain|p2a: Wyrdeer\n|-damage|p2a: Wyrdeer|0 fnt\n|-unboost|p1a: Gholdengo|spa|1\n|faint|p2a: Wyrdeer\n|\n|upkeep\n|c|\u2606Hades RFX|:)\n|c|\u2606Orbuznik|LIVE\n|\n|t:|1700908364\n|switch|p2a: Gastrodon|Gastrodon, F|100\/100\n|turn|21\n|c|\u2606Orbuznik|he did not in fact\n|\n|t:|1700908371\n|switch|p1a: Audino|Audino-Mega, M|100\/100\n|-damage|p1a: Audino|88\/100|[from] Spikes\n|move|p2a: Gastrodon|Stealth Rock|p1a: Audino\n|-sidestart|p1: Hades RFX|move: Stealth Rock\n|\n|upkeep\n|turn|22\n|c|\u2606Orbuznik|live\n|\n|t:|1700908378\n|move|p2a: Gastrodon|Toxic|p1a: Audino\n|-status|p1a: Audino|tox\n|move|p1a: Audino|Teleport|p1a: Audino\n|\n|t:|1700908388\n|switch|p1a: Keldeo|Keldeo-Resolute|100\/100|[from] Teleport\n|-damage|p1a: Keldeo|94\/100|[from] Stealth Rock\n|-damage|p1a: Keldeo|82\/100|[from] Spikes\n|\n|upkeep\n|turn|23\n|c|\u2606Orbuznik|this is prolly game\n|\n|t:|1700908393\n|move|p1a: Keldeo|Secret Sword|p2a: Gastrodon\n|-damage|p2a: Gastrodon|51\/100\n|move|p2a: Gastrodon|Toxic|p1a: Keldeo\n|-status|p1a: Keldeo|tox\n|\n|-heal|p2a: Gastrodon|57\/100|[from] item: Leftovers\n|-damage|p1a: Keldeo|76\/100 tox|[from] psn\n|upkeep\n|turn|24\n|c| Just B3A$T|fuck\n|c| Just B3A$T|...\n|\n|t:|1700908400\n|move|p1a: Keldeo|Secret Sword|p2a: Gastrodon\n|-damage|p2a: Gastrodon|12\/100\n|move|p2a: Gastrodon|Recover|p2a: Gastrodon\n|-heal|p2a: Gastrodon|62\/100\n|\n|-heal|p2a: Gastrodon|68\/100|[from] item: Leftovers\n|-damage|p1a: Keldeo|63\/100 tox|[from] psn\n|upkeep\n|turn|25\n|c|\u2606Orbuznik|tbf nobody expected me to win \n|c|\u2606Orbuznik|with a fucking pyukumuku\n|\n|t:|1700908409\n|switch|p2a: Pyukumuku|Pyukumuku, M|100\/100\n|move|p1a: Keldeo|Secret Sword|p2a: Pyukumuku\n|-damage|p2a: Pyukumuku|55\/100\n|\n|-damage|p1a: Keldeo|45\/100 tox|[from] psn\n|upkeep\n|turn|26\n|c|\u2606Orbuznik|THE GOAT\n|\n|t:|1700908415\n|switch|p1a: Audino|Audino-Mega, M|100\/100 tox\n|-damage|p1a: Audino|88\/100 tox|[from] Spikes\n|-damage|p1a: Audino|76\/100 tox|[from] Stealth Rock\n|move|p2a: Pyukumuku|Recover|p2a: Pyukumuku\n|-heal|p2a: Pyukumuku|100\/100\n|\n|-damage|p1a: Audino|69\/100 tox|[from] psn\n|upkeep\n|turn|27\n|\n|t:|1700908420\n|switch|p2a: Gastrodon|Gastrodon, F|68\/100\n|move|p1a: Audino|Heal Bell|p1a: Audino\n|-activate|p1a: Audino|move: Heal Bell\n|-curestatus|p1a: Audino|tox|[msg]\n|-curestatus|p1: Keldeo|tox|[msg]\n|\n|-heal|p2a: Gastrodon|74\/100|[from] item: Leftovers\n|upkeep\n|turn|28\n|c| Just B3A$T|pyuku's still a legible wall\n|l| Just B3A$T\n|\n|t:|1700908427\n|move|p1a: Audino|Wish|p1a: Audino\n|move|p2a: Gastrodon|Toxic|p1a: Audino|[miss]\n|-miss|p2a: Gastrodon|p1a: Audino\n|\n|-heal|p2a: Gastrodon|80\/100|[from] item: Leftovers\n|upkeep\n|turn|29\n|c|\u2606Orbuznik|no it is not\n|j| Just B3A$T\n|\n|t:|1700908431\n|move|p2a: Gastrodon|Toxic|p1a: Audino\n|-status|p1a: Audino|tox\n|move|p1a: Audino|Teleport|p1a: Audino\n|c|\u2606Orbuznik|oh God damn it\n|\n|t:|1700908434\n|switch|p1a: Keldeo|Keldeo-Resolute|45\/100|[from] Teleport\n|-damage|p1a: Keldeo|32\/100|[from] Spikes\n|-damage|p1a: Keldeo|26\/100|[from] Stealth Rock\n|\n|-heal|p1a: Keldeo|89\/100|[from] move: Wish|[wisher] Audino\n|-heal|p2a: Gastrodon|86\/100|[from] item: Leftovers\n|upkeep\n|turn|30\n|\n|t:|1700908437\n|move|p1a: Keldeo|Secret Sword|p2a: Gastrodon\n|-damage|p2a: Gastrodon|38\/100\n|move|p2a: Gastrodon|Toxic|p1a: Keldeo\n|-status|p1a: Keldeo|tox\n|\n|-heal|p2a: Gastrodon|44\/100|[from] item: Leftovers\n|-damage|p1a: Keldeo|83\/100 tox|[from] psn\n|upkeep\n|turn|31\n|\n|t:|1700908441\n|switch|p2a: Pyukumuku|Pyukumuku, M|100\/100\n|move|p1a: Keldeo|Secret Sword|p2a: Pyukumuku\n|-damage|p2a: Pyukumuku|59\/100\n|\n|-damage|p1a: Keldeo|71\/100 tox|[from] psn\n|upkeep\n|turn|32\n|\n|t:|1700908446\n|move|p1a: Keldeo|Flip Turn|p2a: Pyukumuku\n|-resisted|p2a: Pyukumuku\n|-damage|p2a: Pyukumuku|55\/100\n|\n|t:|1700908449\n|switch|p1a: Audino|Audino-Mega, M|100\/100 tox|[from] Flip Turn\n|-damage|p1a: Audino|88\/100 tox|[from] Spikes\n|-damage|p1a: Audino|76\/100 tox|[from] Stealth Rock\n|move|p2a: Pyukumuku|Spite||[still]\n|-fail|p2a: Pyukumuku\n|\n|-damage|p1a: Audino|69\/100 tox|[from] psn\n|upkeep\n|turn|33\n|\n|t:|1700908451\n|switch|p2a: Skarmory|Skarmory, M|100\/100\n|move|p1a: Audino|Teleport|p1a: Audino\n|\n|t:|1700908455\n|switch|p1a: Gholdengo|Gholdengo|100\/100|[from] Teleport\n|-damage|p1a: Gholdengo|94\/100|[from] Stealth Rock\n|-damage|p1a: Gholdengo|82\/100|[from] Spikes\n|\n|-heal|p1a: Gholdengo|88\/100|[from] item: Leftovers\n|upkeep\n|turn|34\n|\n|t:|1700908462\n|move|p1a: Gholdengo|Shadow Ball|p2a: Skarmory\n|-damage|p2a: Skarmory|38\/100\n|move|p2a: Skarmory|Iron Defense|p2a: Skarmory\n|-boost|p2a: Skarmory|def|2\n|\n|-heal|p1a: Gholdengo|94\/100|[from] item: Leftovers\n|upkeep\n|turn|35\n|c|\u2606Orbuznik|ok ok gg\n|\n|t:|1700908466\n|move|p1a: Gholdengo|Shadow Ball|p2a: Skarmory\n|-damage|p2a: Skarmory|0 fnt\n|faint|p2a: Skarmory\n|\n|-heal|p1a: Gholdengo|99\/100|[from] item: Leftovers\n|upkeep\n|\n|t:|1700908470\n|switch|p2a: Gastrodon|Gastrodon, F|44\/100\n|turn|36\n|c|\u2606Orbuznik|or is it.....\n|\n|t:|1700908477\n|move|p1a: Gholdengo|Shadow Ball|p2a: Gastrodon\n|-damage|p2a: Gastrodon|4\/100\n|move|p2a: Gastrodon|Recover|p2a: Gastrodon\n|-heal|p2a: Gastrodon|54\/100\n|\n|-heal|p1a: Gholdengo|100\/100|[from] item: Leftovers\n|-heal|p2a: Gastrodon|60\/100|[from] item: Leftovers\n|upkeep\n|turn|37\n|\n|t:|1700908482\n|move|p1a: Gholdengo|Shadow Ball|p2a: Gastrodon\n|-damage|p2a: Gastrodon|18\/100\n|move|p2a: Gastrodon|Recover|p2a: Gastrodon\n|-heal|p2a: Gastrodon|68\/100\n|\n|-heal|p2a: Gastrodon|74\/100|[from] item: Leftovers\n|upkeep\n|turn|38\n|\n|t:|1700908486\n|move|p1a: Gholdengo|Shadow Ball|p2a: Gastrodon\n|-damage|p2a: Gastrodon|34\/100\n|move|p2a: Gastrodon|Recover|p2a: Gastrodon\n|-heal|p2a: Gastrodon|84\/100\n|\n|-heal|p2a: Gastrodon|90\/100|[from] item: Leftovers\n|upkeep\n|turn|39\n|\n|t:|1700908491\n|move|p1a: Gholdengo|Shadow Ball|p2a: Gastrodon\n|-damage|p2a: Gastrodon|49\/100\n|move|p2a: Gastrodon|Toxic|p1a: Gholdengo\n|-immune|p1a: Gholdengo|[from] ability: Good as Gold\n|\n|-heal|p2a: Gastrodon|55\/100|[from] item: Leftovers\n|upkeep\n|turn|40\n|c|\u2606Orbuznik|I misclicked\n|\n|t:|1700908495\n|move|p1a: Gholdengo|Shadow Ball|p2a: Gastrodon\n|-damage|p2a: Gastrodon|15\/100\n|-unboost|p2a: Gastrodon|spd|1\n|move|p2a: Gastrodon|Recover|p2a: Gastrodon\n|-heal|p2a: Gastrodon|65\/100\n|\n|-heal|p2a: Gastrodon|71\/100|[from] item: Leftovers\n|upkeep\n|turn|41\n|c|\u2606Hades RFX|lmfao\n|c|\u2606Orbuznik|meant to scald\n|-message|Orbuznik forfeited.\n|\n|win|Hades RFX\n|c|\u2606Orbuznik|ok w\/e\n|c|\u2606Orbuznik|game 2\n|l|\u2606Hades RFX\n|c|\u2606Orbuznik|I'll do the replay shit\n","uploadtime":1700908510,"views":1,"p1id":"hadesrfx","p2id":"orbuznik","formatid":"gen9ou","rating":0,"private":0,"password":""}