{"id":"radicalred-gen9ou-548892","p1":"Poken_Null_07","p2":"Mr cyphon","format":"[Gen 9] OU","log":"|j|\u2606Poken_Null_07\n|j|\u2606Mr cyphon\n|t:|1700485547\n|gametype|singles\n|player|p1|Poken_Null_07|rr-tyranitar|\n|player|p2|Mr cyphon|gambler|\n|teamsize|p1|6\n|teamsize|p2|6\n|gen|9\n|tier|[Gen 9] OU\n|rule|Sleep Clause Mod: Limit one foe put to sleep\n|rule|Species Clause: Limit one of each Pok\u00e9mon\n|rule|OHKO Clause: OHKO moves are banned\n|rule|Evasion Abilities Clause: Evasion abilities are banned\n|rule|Evasion Items Clause: Evasion items are banned\n|rule|Evasion Moves Clause: Evasion moves are banned\n|rule|Endless Battle Clause: Forcing endless battles is banned\n|rule|HP Percentage Mod: HP is shown in percentages\n|rule|Dynamax Clause: You cannot dynamax\n|clearpoke\n|poke|p1|Thwackey, M|\n|poke|p1|Wyrdeer, F|\n|poke|p1|Chansey, F|\n|poke|p1|Poliwrath, M|\n|poke|p1|Spidops, F|\n|poke|p1|Nidoking, M|\n|poke|p2|Vileplume, M|\n|poke|p2|Masquerain, M|\n|poke|p2|Zebstrika, M|\n|poke|p2|Simisear, M|\n|poke|p2|Perrserker, F|\n|poke|p2|Kabutops, F|\n|teampreview\n|inactive|Battle timer is ON: inactive players will automatically lose when time's up. (requested by Poken_Null_07)\n|c|\u2606Mr cyphon|hf\n|c|\u2606Poken_Null_07|glhf\n|\n|t:|1700485563\n|start\n|switch|p1a: Spidops|Spidops, F|100\/100\n|switch|p2a: Masquerain|Masquerain, M|100\/100\n|-ability|p2a: Masquerain|Intimidate|boost\n|-unboost|p1a: Spidops|atk|1\n|turn|1\n|\n|t:|1700485581\n|switch|p1a: Wyrdeer|Wyrdeer, F|100\/100\n|move|p2a: Masquerain|Sticky Web|p1a: Wyrdeer\n|-sidestart|p1: Poken_Null_07|move: Sticky Web\n|\n|upkeep\n|turn|2\n|\n|t:|1700485588\n|move|p2a: Masquerain|Bug Buzz|p1a: Wyrdeer\n|-supereffective|p1a: Wyrdeer\n|-damage|p1a: Wyrdeer|17\/100\n|move|p1a: Wyrdeer|Thunder Wave|p2a: Masquerain\n|-status|p2a: Masquerain|par\n|\n|upkeep\n|turn|3\n|\n|t:|1700485602\n|switch|p1a: Chansey|Chansey, F|100\/100\n|move|p2a: Masquerain|Bug Buzz|p1a: Chansey\n|-damage|p1a: Chansey|86\/100\n|-unboost|p1a: Chansey|spd|1\n|\n|upkeep\n|turn|4\n|c|\u2606Poken_Null_07|I did the wrong switch in\n|\n|t:|1700485610\n|move|p2a: Masquerain|Bug Buzz|p1a: Chansey\n|-damage|p1a: Chansey|68\/100\n|move|p1a: Chansey|Calm Mind|p1a: Chansey\n|-boost|p1a: Chansey|spa|1\n|-boost|p1a: Chansey|spd|1\n|\n|upkeep\n|turn|5\n|\n|t:|1700485617\n|switch|p2a: Perrserker|Perrserker, F|100\/100\n|move|p1a: Chansey|Calm Mind|p1a: Chansey\n|-boost|p1a: Chansey|spa|1\n|-boost|p1a: Chansey|spd|1\n|\n|upkeep\n|turn|6\n|\n|t:|1700485630\n|move|p2a: Perrserker|Close Combat|p1a: Chansey\n|-supereffective|p1a: Chansey\n|-damage|p1a: Chansey|0 fnt\n|-unboost|p2a: Perrserker|def|1\n|-unboost|p2a: Perrserker|spd|1\n|faint|p1a: Chansey\n|\n|upkeep\n|\n|t:|1700485647\n|switch|p1a: Spidops|Spidops, F|100\/100\n|-activate|p1a: Spidops|move: Sticky Web\n|-unboost|p1a: Spidops|spe|1\n|turn|7\n|\n|t:|1700485669\n|switch|p2a: Masquerain|Masquerain, M|100\/100 par\n|-ability|p2a: Masquerain|Intimidate|boost\n|-unboost|p1a: Spidops|atk|1\n|move|p1a: Spidops|Sticky Web|p2a: Masquerain\n|-sidestart|p2: Mr cyphon|move: Sticky Web\n|\n|upkeep\n|turn|8\n|\n|t:|1700485675\n|cant|p2a: Masquerain|par\n|move|p1a: Spidops|Toxic Spikes|p2a: Masquerain\n|-sidestart|p2: Mr cyphon|move: Toxic Spikes\n|\n|upkeep\n|turn|9\n|\n|t:|1700485678\n|move|p2a: Masquerain|Stun Spore|p1a: Spidops|[miss]\n|-miss|p2a: Masquerain|p1a: Spidops\n|move|p1a: Spidops|Toxic Spikes|p2a: Masquerain\n|-sidestart|p2: Mr cyphon|move: Toxic Spikes\n|\n|upkeep\n|turn|10\n|\n|t:|1700485681\n|move|p2a: Masquerain|Stun Spore|p1a: Spidops|[miss]\n|-miss|p2a: Masquerain|p1a: Spidops\n|move|p1a: Spidops|Toxic Spikes||[still]\n|-fail|p1a: Spidops\n|\n|upkeep\n|turn|11\n|inactive|Poken_Null_07 has 270 seconds left.\n|\n|t:|1700485728\n|switch|p1a: Nidoking|Nidoking, M|100\/100\n|-activate|p1a: Nidoking|move: Sticky Web\n|-unboost|p1a: Nidoking|spe|1\n|move|p2a: Masquerain|Stun Spore|p1a: Nidoking\n|-status|p1a: Nidoking|par\n|\n|upkeep\n|turn|12\n|\n|t:|1700485732\n|move|p2a: Masquerain|Scald|p1a: Nidoking\n|-supereffective|p1a: Nidoking\n|-damage|p1a: Nidoking|9\/100 par\n|-enditem|p1a: Nidoking|Salac Berry|[eat]\n|-boost|p1a: Nidoking|spe|1|[from] item: Salac Berry\n|cant|p1a: Nidoking|par\n|\n|upkeep\n|turn|13\n|inactive|Poken_Null_07 has 270 seconds left.\n|\n|t:|1700485743\n|move|p2a: Masquerain|Scald|p1a: Nidoking\n|-supereffective|p1a: Nidoking\n|-damage|p1a: Nidoking|0 fnt\n|faint|p1a: Nidoking\n|\n|upkeep\n|c|\u2606Mr cyphon|masquerain going crazy today\n|\n|t:|1700485753\n|switch|p1a: Poliwrath|Poliwrath, M|100\/100\n|-activate|p1a: Poliwrath|move: Sticky Web\n|-unboost|p1a: Poliwrath|spe|1\n|turn|14\n|\n|t:|1700485757\n|move|p2a: Masquerain|Stun Spore|p1a: Poliwrath\n|-status|p1a: Poliwrath|par\n|move|p1a: Poliwrath|Circle Throw|p2a: Masquerain\n|-resisted|p2a: Masquerain\n|-damage|p2a: Masquerain|85\/100 par\n|drag|p2a: Perrserker|Perrserker, F|100\/100\n|-activate|p2a: Perrserker|move: Sticky Web\n|-unboost|p2a: Perrserker|spe|1\n|\n|upkeep\n|turn|15\n|\n|t:|1700485767\n|switch|p2a: Vileplume|Vileplume, M|100\/100\n|-activate|p2a: Vileplume|move: Sticky Web\n|-unboost|p2a: Vileplume|spe|1\n|-sideend|p2: Mr cyphon|move: Toxic Spikes|[of] p2a: Vileplume\n|move|p1a: Poliwrath|Circle Throw|p2a: Vileplume\n|-resisted|p2a: Vileplume\n|-damage|p2a: Vileplume|91\/100\n|drag|p2a: Masquerain|Masquerain, M|85\/100 par\n|-ability|p2a: Masquerain|Intimidate|boost\n|-unboost|p1a: Poliwrath|atk|1\n|\n|upkeep\n|turn|16\n|\n|t:|1700485778\n|move|p2a: Masquerain|Bug Buzz|p1a: Poliwrath\n|-resisted|p1a: Poliwrath\n|-damage|p1a: Poliwrath|81\/100 par\n|cant|p1a: Poliwrath|par\n|\n|-heal|p1a: Poliwrath|87\/100 par|[from] item: Leftovers\n|upkeep\n|turn|17\n|\n|t:|1700485783\n|move|p2a: Masquerain|Bug Buzz|p1a: Poliwrath\n|-resisted|p1a: Poliwrath\n|-damage|p1a: Poliwrath|67\/100 par\n|move|p1a: Poliwrath|Liquidation|p2a: Masquerain\n|-resisted|p2a: Masquerain\n|-damage|p2a: Masquerain|72\/100 par\n|-unboost|p2a: Masquerain|def|1\n|\n|-heal|p1a: Poliwrath|74\/100 par|[from] item: Leftovers\n|upkeep\n|turn|18\n|\n|t:|1700485807\n|move|p2a: Masquerain|Bug Buzz|p1a: Poliwrath\n|-resisted|p1a: Poliwrath\n|-damage|p1a: Poliwrath|53\/100 par\n|cant|p1a: Poliwrath|par\n|\n|-heal|p1a: Poliwrath|59\/100 par|[from] item: Leftovers\n|upkeep\n|turn|19\n|\n|t:|1700485811\n|move|p2a: Masquerain|Bug Buzz|p1a: Poliwrath\n|-resisted|p1a: Poliwrath\n|-damage|p1a: Poliwrath|41\/100 par\n|move|p1a: Poliwrath|Rest|p1a: Poliwrath\n|-status|p1a: Poliwrath|slp|[from] move: Rest\n|-heal|p1a: Poliwrath|100\/100 slp|[silent]\n|\n|upkeep\n|turn|20\n|\n|t:|1700485817\n|switch|p2a: Kabutops|Kabutops, F|100\/100\n|cant|p1a: Poliwrath|slp\n|move|p1a: Poliwrath|Sleep Talk|p1a: Poliwrath\n|move|p1a: Poliwrath|Circle Throw|p2a: Kabutops|[from]move: Sleep Talk\n|-supereffective|p2a: Kabutops\n|-damage|p2a: Kabutops|70\/100\n|drag|p2a: Vileplume|Vileplume, M|91\/100\n|-activate|p2a: Vileplume|move: Sticky Web\n|-unboost|p2a: Vileplume|spe|1\n|\n|-heal|p2a: Vileplume|98\/100|[from] item: Leftovers\n|upkeep\n|turn|21\n|\n|t:|1700485823\n|cant|p1a: Poliwrath|slp\n|move|p1a: Poliwrath|Sleep Talk|p1a: Poliwrath\n|move|p1a: Poliwrath|Rest||[from]move: Sleep Talk|[still]\n|-fail|p1a: Poliwrath\n|move|p2a: Vileplume|Giga Drain|p1a: Poliwrath\n|-supereffective|p1a: Poliwrath\n|-crit|p1a: Poliwrath\n|-damage|p1a: Poliwrath|16\/100 slp\n|-heal|p2a: Vileplume|100\/100|[from] drain|[of] p1a: Poliwrath\n|\n|-heal|p1a: Poliwrath|22\/100 slp|[from] item: Leftovers\n|upkeep\n|turn|22\n|\n|t:|1700485844\n|-curestatus|p1a: Poliwrath|slp|[msg]\n|move|p1a: Poliwrath|Sleep Talk||[still]\n|-fail|p1a: Poliwrath\n|move|p2a: Vileplume|Giga Drain|p1a: Poliwrath\n|-supereffective|p1a: Poliwrath\n|-damage|p1a: Poliwrath|0 fnt\n|faint|p1a: Poliwrath\n|\n|upkeep\n|c|\u2606Mr cyphon|weird poliwrath set \n|\n|t:|1700485857\n|switch|p1a: Thwackey|Thwackey, M|100\/100\n|-activate|p1a: Thwackey|move: Sticky Web\n|-unboost|p1a: Thwackey|spe|1\n|-fieldstart|move: Grassy Terrain|[from] ability: Grassy Surge|[of] p1a: Thwackey\n|turn|23\n|\n|t:|1700485863\n|move|p1a: Thwackey|U-turn|p2a: Vileplume\n|-damage|p2a: Vileplume|82\/100\n|\n|t:|1700485867\n|switch|p1a: Spidops|Spidops, F|100\/100|[from] U-turn\n|-activate|p1a: Spidops|move: Sticky Web\n|-unboost|p1a: Spidops|spe|1\n|move|p2a: Vileplume|Sludge Wave|p1a: Spidops\n|-damage|p1a: Spidops|72\/100\n|\n|-heal|p2a: Vileplume|89\/100|[from] Grassy Terrain\n|-heal|p2a: Vileplume|95\/100|[from] item: Leftovers\n|-heal|p1a: Spidops|78\/100|[from] Grassy Terrain\n|upkeep\n|turn|24\n|\n|t:|1700485877\n|move|p2a: Vileplume|Strength Sap|p1a: Spidops\n|-unboost|p1a: Spidops|atk|1\n|-heal|p2a: Vileplume|100\/100\n|move|p1a: Spidops|Toxic Spikes|p2a: Vileplume\n|-sidestart|p2: Mr cyphon|move: Toxic Spikes\n|\n|-heal|p1a: Spidops|84\/100|[from] Grassy Terrain\n|upkeep\n|turn|25\n|\n|t:|1700485883\n|switch|p2a: Masquerain|Masquerain, M|72\/100 par\n|-ability|p2a: Masquerain|Intimidate|boost\n|-unboost|p1a: Spidops|atk|1\n|move|p1a: Spidops|Toxic Spikes|p2a: Masquerain\n|-sidestart|p2: Mr cyphon|move: Toxic Spikes\n|\n|-heal|p2a: Masquerain|78\/100 par|[from] Grassy Terrain\n|-heal|p1a: Spidops|91\/100|[from] Grassy Terrain\n|upkeep\n|turn|26\n|\n|t:|1700485889\n|switch|p1a: Wyrdeer|Wyrdeer, F|17\/100\n|-activate|p1a: Wyrdeer|move: Sticky Web\n|-unboost|p1a: Wyrdeer|spe|1\n|-enditem|p1a: Wyrdeer|Grassy Seed\n|-boost|p1a: Wyrdeer|def|1|[from] item: Grassy Seed\n|move|p2a: Masquerain|Stun Spore|p1a: Wyrdeer\n|-ability|p1a: Wyrdeer|Sap Sipper|boost\n|-boost|p1a: Wyrdeer|atk|1\n|\n|-heal|p1a: Wyrdeer|23\/100|[from] Grassy Terrain\n|-heal|p2a: Masquerain|84\/100 par|[from] Grassy Terrain\n|upkeep\n|turn|27\n|\n|t:|1700485905\n|move|p1a: Wyrdeer|Focus Blast|p2a: Masquerain\n|-resisted|p2a: Masquerain\n|-damage|p2a: Masquerain|60\/100 par\n|move|p2a: Masquerain|Bug Buzz|p1a: Wyrdeer\n|-supereffective|p1a: Wyrdeer\n|-damage|p1a: Wyrdeer|0 fnt\n|faint|p1a: Wyrdeer\n|\n|-heal|p2a: Masquerain|66\/100 par|[from] Grassy Terrain\n|-fieldend|move: Grassy Terrain\n|upkeep\n|\n|t:|1700485911\n|switch|p1a: Thwackey|Thwackey, M|100\/100\n|-activate|p1a: Thwackey|move: Sticky Web\n|-unboost|p1a: Thwackey|spe|1\n|-fieldstart|move: Grassy Terrain|[from] ability: Grassy Surge|[of] p1a: Thwackey\n|turn|28\n|\n|t:|1700485914\n|move|p1a: Thwackey|Wood Hammer|p2a: Masquerain\n|-damage|p2a: Masquerain|0 fnt\n|faint|p2a: Masquerain\n|-damage|p1a: Thwackey|82\/100|[from] Recoil\n|\n|-heal|p1a: Thwackey|88\/100|[from] Grassy Terrain\n|upkeep\n|\n|t:|1700485921\n|switch|p2a: Perrserker|Perrserker, F|100\/100\n|-activate|p2a: Perrserker|move: Sticky Web\n|-unboost|p2a: Perrserker|spe|1\n|turn|29\n|\n|t:|1700485927\n|move|p1a: Thwackey|Knock Off|p2a: Perrserker\n|-damage|p2a: Perrserker|78\/100\n|-enditem|p2a: Perrserker|Metal Coat|[from] move: Knock Off|[of] p1a: Thwackey\n|move|p2a: Perrserker|Swords Dance|p2a: Perrserker\n|-boost|p2a: Perrserker|atk|2\n|\n|-heal|p1a: Thwackey|94\/100|[from] Grassy Terrain\n|-heal|p2a: Perrserker|84\/100|[from] Grassy Terrain\n|upkeep\n|turn|30\n|c|\u2606Mr cyphon|masquerain goated \n|\n|t:|1700485933\n|move|p1a: Thwackey|Wood Hammer|p2a: Perrserker\n|-resisted|p2a: Perrserker\n|-damage|p2a: Perrserker|61\/100\n|-damage|p1a: Thwackey|85\/100|[from] Recoil\n|move|p2a: Perrserker|Swords Dance|p2a: Perrserker\n|-boost|p2a: Perrserker|atk|2\n|\n|-heal|p1a: Thwackey|91\/100|[from] Grassy Terrain\n|-heal|p2a: Perrserker|67\/100|[from] Grassy Terrain\n|upkeep\n|turn|31\n|\n|t:|1700485938\n|switch|p1a: Spidops|Spidops, F|91\/100\n|-activate|p1a: Spidops|move: Sticky Web\n|-unboost|p1a: Spidops|spe|1\n|move|p2a: Perrserker|Swords Dance|p2a: Perrserker\n|-boost|p2a: Perrserker|atk|2\n|\n|-heal|p2a: Perrserker|73\/100|[from] Grassy Terrain\n|-heal|p1a: Spidops|97\/100|[from] Grassy Terrain\n|upkeep\n|turn|32\n|\n|t:|1700485950\n|move|p2a: Perrserker|Bullet Punch|p1a: Spidops\n|-damage|p1a: Spidops|16\/100\n|move|p1a: Spidops|Toxic Spikes||[still]\n|-fail|p1a: Spidops\n|\n|-heal|p2a: Perrserker|79\/100|[from] Grassy Terrain\n|-heal|p1a: Spidops|22\/100|[from] Grassy Terrain\n|-fieldend|move: Grassy Terrain\n|upkeep\n|turn|33\n|\n|t:|1700485960\n|move|p2a: Perrserker|Bullet Punch|p1a: Spidops\n|-damage|p1a: Spidops|0 fnt\n|faint|p1a: Spidops\n|\n|upkeep\n|\n|t:|1700485962\n|switch|p1a: Thwackey|Thwackey, M|91\/100\n|-activate|p1a: Thwackey|move: Sticky Web\n|-unboost|p1a: Thwackey|spe|1\n|-fieldstart|move: Grassy Terrain|[from] ability: Grassy Surge|[of] p1a: Thwackey\n|turn|34\n|\n|t:|1700485973\n|move|p2a: Perrserker|Bullet Punch|p1a: Thwackey\n|-damage|p1a: Thwackey|20\/100\n|move|p1a: Thwackey|Wood Hammer|p2a: Perrserker\n|-resisted|p2a: Perrserker\n|-damage|p2a: Perrserker|56\/100\n|-damage|p1a: Thwackey|11\/100|[from] Recoil\n|\n|-heal|p1a: Thwackey|17\/100|[from] Grassy Terrain\n|-heal|p2a: Perrserker|62\/100|[from] Grassy Terrain\n|upkeep\n|turn|35\n|\n|t:|1700485977\n|move|p2a: Perrserker|Bullet Punch|p1a: Thwackey\n|-damage|p1a: Thwackey|0 fnt\n|faint|p1a: Thwackey\n|\n|win|Mr cyphon\n|c|\u2606Mr cyphon|gg\n|c|\u2606Poken_Null_07|gg\n|l|\u2606Poken_Null_07\n","uploadtime":1700486044,"views":12,"p1id":"pokennull07","p2id":"mrcyphon","formatid":"gen9ou","rating":0,"private":0,"password":""}