{"id":"radicalred-gen9ou-545589","p1":"oscar3ro","p2":"nose xd123","format":"[Gen 9] OU","log":"|j|\u2606oscar3ro\n|j|\u2606nose xd123\n|t:|1699820068\n|gametype|singles\n|player|p1|oscar3ro|rr-cinderace|\n|player|p2|nose xd123|101|\n|teamsize|p1|6\n|teamsize|p2|6\n|gen|9\n|tier|[Gen 9] OU\n|rule|Sleep Clause Mod: Limit one foe put to sleep\n|rule|Species Clause: Limit one of each Pok\u00e9mon\n|rule|OHKO Clause: OHKO moves are banned\n|rule|Evasion Abilities Clause: Evasion abilities are banned\n|rule|Evasion Items Clause: Evasion items are banned\n|rule|Evasion Moves Clause: Evasion moves are banned\n|rule|Endless Battle Clause: Forcing endless battles is banned\n|rule|HP Percentage Mod: HP is shown in percentages\n|rule|Dynamax Clause: You cannot dynamax\n|clearpoke\n|poke|p1|Ribombee, F|\n|poke|p1|Annihilape, F|\n|poke|p1|Garchomp, M|\n|poke|p1|Hippowdon, F|\n|poke|p1|Kingambit, M|\n|poke|p1|Tyranitar, F|\n|poke|p2|Great Tusk|\n|poke|p2|Greninja-*, M|\n|poke|p2|Duraludon, F|\n|poke|p2|Zapdos|\n|poke|p2|Alomomola, M|\n|poke|p2|Dodrio-Sevii, M|\n|teampreview\n|inactive|Battle timer is ON: inactive players will automatically lose when time's up. (requested by oscar3ro)\n|\n|t:|1699820094\n|start\n|switch|p1a: Ribombee|Ribombee, F|100\/100\n|switch|p2a: Dodrio|Dodrio-Sevii, M|100\/100\n|turn|1\n|\n|t:|1699820098\n|move|p1a: Ribombee|Sticky Web|p2a: Dodrio\n|-sidestart|p2: nose xd123|move: Sticky Web\n|move|p2a: Dodrio|U-turn|p1a: Ribombee\n|-resisted|p1a: Ribombee\n|-damage|p1a: Ribombee|66\/100\n|\n|t:|1699820104\n|switch|p2a: Great Tusk|Great Tusk|100\/100|[from] U-turn\n|-activate|p2a: Great Tusk|move: Sticky Web\n|-unboost|p2a: Great Tusk|spe|1\n|\n|upkeep\n|turn|2\n|\n|t:|1699820108\n|move|p1a: Ribombee|Moonblast|p2a: Great Tusk\n|-supereffective|p2a: Great Tusk\n|-damage|p2a: Great Tusk|27\/100\n|-unboost|p2a: Great Tusk|spa|1\n|move|p2a: Great Tusk|Rapid Spin|p1a: Ribombee\n|-damage|p1a: Ribombee|30\/100\n|-boost|p2a: Great Tusk|spe|1\n|-sideend|p2: nose xd123|Sticky Web|[from] move: Rapid Spin|[of] p2a: Great Tusk\n|\n|upkeep\n|turn|3\n|\n|t:|1699820116\n|move|p1a: Ribombee|Energy Ball|p2a: Great Tusk\n|-supereffective|p2a: Great Tusk\n|-damage|p2a: Great Tusk|0 fnt\n|faint|p2a: Great Tusk\n|-end|p2a: Great Tusk|Protosynthesis|[silent]\n|\n|upkeep\n|\n|t:|1699820119\n|switch|p2a: Greninja|Greninja, M|100\/100\n|turn|4\n|\n|t:|1699820122\n|move|p2a: Greninja|Water Shuriken|p1a: Ribombee\n|-damage|p1a: Ribombee|15\/100\n|-damage|p1a: Ribombee|0 fnt\n|faint|p1a: Ribombee\n|-activate|p2a: Greninja|ability: Battle Bond\n|detailschange|p2a: Greninja|Greninja-Ash, M\n|-hitcount|p1: Ribombee|2\n|-damage|p2a: Greninja|91\/100|[from] item: Life Orb\n|\n|upkeep\n|\n|t:|1699820136\n|switch|p1a: Tyranitar|Tyranitar, F, shiny|100\/100\n|-weather|Sandstorm|[from] ability: Sand Stream|[of] p1a: Tyranitar\n|turn|5\n|\n|t:|1699820140\n|switch|p2a: Alomomola|Alomomola, M|100\/100\n|move|p1a: Tyranitar|Earthquake|p2a: Alomomola\n|-damage|p2a: Alomomola|78\/100\n|\n|-weather|Sandstorm|[upkeep]\n|-damage|p2a: Alomomola|72\/100|[from] Sandstorm\n|upkeep\n|turn|6\n|\n|t:|1699820146\n|move|p2a: Alomomola|Scald|p1a: Tyranitar\n|-supereffective|p1a: Tyranitar\n|-damage|p1a: Tyranitar|87\/100\n|move|p1a: Tyranitar|Stealth Rock|p2a: Alomomola\n|-sidestart|p2: nose xd123|move: Stealth Rock\n|\n|-weather|Sandstorm|[upkeep]\n|-damage|p2a: Alomomola|65\/100|[from] Sandstorm\n|upkeep\n|turn|7\n|\n|t:|1699820151\n|move|p2a: Alomomola|Scald|p1a: Tyranitar\n|-supereffective|p1a: Tyranitar\n|-damage|p1a: Tyranitar|73\/100\n|-status|p1a: Tyranitar|brn\n|move|p1a: Tyranitar|Earthquake|p2a: Alomomola\n|-damage|p2a: Alomomola|54\/100\n|\n|-weather|Sandstorm|[upkeep]\n|-damage|p2a: Alomomola|48\/100|[from] Sandstorm\n|-damage|p1a: Tyranitar|67\/100 brn|[from] brn\n|upkeep\n|turn|8\n|\n|t:|1699820159\n|move|p2a: Alomomola|Knock Off|p1a: Tyranitar\n|-resisted|p1a: Tyranitar\n|-damage|p1a: Tyranitar|60\/100 brn\n|-enditem|p1a: Tyranitar|Smooth Rock|[from] move: Knock Off|[of] p2a: Alomomola\n|move|p1a: Tyranitar|Crunch|p2a: Alomomola\n|-damage|p2a: Alomomola|36\/100\n|-damage|p1a: Tyranitar|44\/100 brn|[from] item: Rocky Helmet|[of] p2a: Alomomola\n|\n|-weather|Sandstorm|[upkeep]\n|-damage|p2a: Alomomola|30\/100|[from] Sandstorm\n|-damage|p1a: Tyranitar|38\/100 brn|[from] brn\n|upkeep\n|turn|9\n|\n|t:|1699820168\n|switch|p1a: Annihilape|Annihilape, F|100\/100\n|move|p2a: Alomomola|Flip Turn|p1a: Annihilape\n|-damage|p1a: Annihilape|83\/100\n|\n|t:|1699820178\n|switch|p2a: Greninja|Greninja-Ash, M|91\/100|[from] Flip Turn\n|-damage|p2a: Greninja|78\/100|[from] Stealth Rock\n|\n|-weather|Sandstorm|[upkeep]\n|-damage|p2a: Greninja|72\/100|[from] Sandstorm\n|-damage|p1a: Annihilape|77\/100|[from] Sandstorm\n|-heal|p1a: Annihilape|83\/100|[from] item: Leftovers\n|upkeep\n|turn|10\n|\n|t:|1699820181\n|move|p2a: Greninja|Dark Pulse|p1a: Annihilape\n|-damage|p1a: Annihilape|29\/100\n|-damage|p2a: Greninja|63\/100|[from] item: Life Orb\n|move|p1a: Annihilape|Drain Punch|p2a: Greninja\n|-supereffective|p2a: Greninja\n|-damage|p2a: Greninja|0 fnt\n|-heal|p1a: Annihilape|51\/100|[from] drain|[of] p2a: Greninja\n|faint|p2a: Greninja\n|\n|-weather|Sandstorm|[upkeep]\n|-damage|p1a: Annihilape|44\/100|[from] Sandstorm\n|-heal|p1a: Annihilape|51\/100|[from] item: Leftovers\n|upkeep\n|\n|t:|1699820188\n|switch|p2a: Dodrio|Dodrio-Sevii, M|100\/100\n|-damage|p2a: Dodrio|88\/100|[from] Stealth Rock\n|turn|11\n|\n|t:|1699820198\n|move|p2a: Dodrio|Brave Bird|p1a: Annihilape\n|-supereffective|p1a: Annihilape\n|-damage|p1a: Annihilape|0 fnt\n|faint|p1a: Annihilape\n|\n|-weather|Sandstorm|[upkeep]\n|upkeep\n|\n|t:|1699820206\n|switch|p1a: Garchomp|Garchomp, M|100\/100\n|turn|12\n|j| Mr cyphon\n|\n|t:|1699820215\n|detailschange|p1a: Garchomp|Garchomp-Mega, M\n|-mega|p1a: Garchomp|Garchomp|Garchompite\n|move|p2a: Dodrio|Brave Bird|p1a: Garchomp\n|-damage|p1a: Garchomp|43\/100\n|move|p1a: Garchomp|Earthquake|p2a: Dodrio\n|-supereffective|p2a: Dodrio\n|-crit|p2a: Dodrio\n|-damage|p2a: Dodrio|0 fnt\n|faint|p2a: Dodrio\n|\n|-weather|none\n|upkeep\n|\n|t:|1699820224\n|switch|p2a: Alomomola|Alomomola, M|63\/100\n|-damage|p2a: Alomomola|51\/100|[from] Stealth Rock\n|turn|13\n|\n|t:|1699820231\n|switch|p1a: Tyranitar|Tyranitar, F, shiny|38\/100 brn\n|-weather|Sandstorm|[from] ability: Sand Stream|[of] p1a: Tyranitar\n|move|p2a: Alomomola|Scald|p1a: Tyranitar\n|-supereffective|p1a: Tyranitar\n|-damage|p1a: Tyranitar|24\/100 brn\n|\n|-weather|Sandstorm|[upkeep]\n|-damage|p2a: Alomomola|45\/100|[from] Sandstorm\n|-damage|p1a: Tyranitar|18\/100 brn|[from] brn\n|upkeep\n|turn|14\n|\n|t:|1699820236\n|move|p2a: Alomomola|Scald|p1a: Tyranitar\n|-supereffective|p1a: Tyranitar\n|-damage|p1a: Tyranitar|4\/100 brn\n|move|p1a: Tyranitar|Earthquake|p2a: Alomomola\n|-damage|p2a: Alomomola|35\/100\n|\n|-weather|Sandstorm|[upkeep]\n|-damage|p2a: Alomomola|29\/100|[from] Sandstorm\n|-damage|p1a: Tyranitar|0 fnt|[from] brn\n|faint|p1a: Tyranitar\n|upkeep\n|l| Mr cyphon\n|\n|t:|1699820240\n|switch|p1a: Garchomp|Garchomp-Mega, M|43\/100\n|turn|15\n|\n|t:|1699820244\n|move|p1a: Garchomp|Scale Shot|p2a: Alomomola\n|-damage|p2a: Alomomola|20\/100\n|-damage|p2a: Alomomola|12\/100\n|-damage|p2a: Alomomola|3\/100\n|-hitcount|p2a: Alomomola|3\n|-unboost|p1a: Garchomp|def|1\n|-boost|p1a: Garchomp|spe|1\n|move|p2a: Alomomola|Scald|p1a: Garchomp\n|-damage|p1a: Garchomp|32\/100\n|\n|-weather|Sandstorm|[upkeep]\n|-damage|p2a: Alomomola|0 fnt|[from] Sandstorm\n|faint|p2a: Alomomola\n|upkeep\n|\n|t:|1699820248\n|switch|p2a: Zapdos|Zapdos|100\/100\n|turn|16\n|\n|t:|1699820255\n|move|p1a: Garchomp|Scale Shot|p2a: Zapdos\n|-damage|p2a: Zapdos|86\/100\n|-damage|p2a: Zapdos|74\/100\n|-hitcount|p2a: Zapdos|2\n|-unboost|p1a: Garchomp|def|1\n|-boost|p1a: Garchomp|spe|1\n|move|p2a: Zapdos|Toxic|p1a: Garchomp\n|-status|p1a: Garchomp|tox\n|\n|-weather|Sandstorm|[upkeep]\n|-damage|p2a: Zapdos|68\/100|[from] Sandstorm\n|-damage|p1a: Garchomp|25\/100 tox|[from] psn\n|upkeep\n|turn|17\n|\n|t:|1699820264\n|move|p1a: Garchomp|Scale Shot|p2a: Zapdos\n|-crit|p2a: Zapdos\n|-damage|p2a: Zapdos|50\/100\n|-damage|p2a: Zapdos|37\/100\n|-hitcount|p2a: Zapdos|2\n|-unboost|p1a: Garchomp|def|1\n|-boost|p1a: Garchomp|spe|1\n|move|p2a: Zapdos|Roost|p2a: Zapdos\n|-heal|p2a: Zapdos|87\/100\n|-singleturn|p2a: Zapdos|move: Roost\n|\n|-weather|none\n|-damage|p1a: Garchomp|13\/100 tox|[from] psn\n|upkeep\n|turn|18\n|\n|t:|1699820274\n|switch|p1a: Hippowdon|Hippowdon, F|100\/100\n|-weather|Sandstorm|[from] ability: Sand Stream|[of] p1a: Hippowdon\n|move|p2a: Zapdos|U-turn|p1a: Hippowdon\n|-damage|p1a: Hippowdon|93\/100\n|\n|t:|1699820277\n|switch|p2a: Duraludon|Duraludon, F|100\/100|[from] U-turn\n|-damage|p2a: Duraludon|94\/100|[from] Stealth Rock\n|\n|-weather|Sandstorm|[upkeep]\n|upkeep\n|turn|19\n|\n|t:|1699820285\n|detailschange|p2a: Duraludon|Duraludon-Mega, F\n|-mega|p2a: Duraludon|Duraludon|Duraludonite\n|move|p2a: Duraludon|Steel Beam|p1a: Hippowdon\n|-damage|p1a: Hippowdon|10\/100\n|move|p1a: Hippowdon|Yawn|p2a: Duraludon\n|-start|p2a: Duraludon|move: Yawn|[of] p1a: Hippowdon\n|\n|-weather|Sandstorm|[upkeep]\n|upkeep\n|turn|20\n|\n|t:|1699820292\n|switch|p2a: Zapdos|Zapdos|87\/100\n|move|p1a: Hippowdon|Slack Off|p1a: Hippowdon\n|-heal|p1a: Hippowdon|60\/100\n|\n|-weather|Sandstorm|[upkeep]\n|-damage|p2a: Zapdos|81\/100|[from] Sandstorm\n|upkeep\n|turn|21\n|\n|t:|1699820295\n|move|p2a: Zapdos|Toxic|p1a: Hippowdon|[miss]\n|-miss|p2a: Zapdos|p1a: Hippowdon\n|move|p1a: Hippowdon|Yawn|p2a: Zapdos\n|-start|p2a: Zapdos|move: Yawn|[of] p1a: Hippowdon\n|\n|-weather|Sandstorm|[upkeep]\n|-damage|p2a: Zapdos|75\/100|[from] Sandstorm\n|upkeep\n|turn|22\n|\n|t:|1699820298\n|switch|p2a: Duraludon|Duraludon-Mega, F|94\/100\n|-damage|p2a: Duraludon|88\/100|[from] Stealth Rock\n|move|p1a: Hippowdon|Slack Off|p1a: Hippowdon\n|-heal|p1a: Hippowdon|100\/100\n|\n|-weather|Sandstorm|[upkeep]\n|upkeep\n|turn|23\n|\n|t:|1699820302\n|move|p2a: Duraludon|Draco Meteor|p1a: Hippowdon\n|-damage|p1a: Hippowdon|23\/100\n|move|p1a: Hippowdon|Earthquake|p2a: Duraludon\n|-supereffective|p2a: Duraludon\n|-damage|p2a: Duraludon|25\/100\n|\n|-weather|Sandstorm|[upkeep]\n|upkeep\n|turn|24\n|\n|t:|1699820308\n|move|p2a: Duraludon|Steel Beam|p1a: Hippowdon\n|-damage|p1a: Hippowdon|0 fnt\n|faint|p1a: Hippowdon\n|\n|-weather|Sandstorm|[upkeep]\n|upkeep\n|\n|t:|1699820311\n|switch|p1a: Garchomp|Garchomp-Mega, M|13\/100 tox\n|turn|25\n|\n|t:|1699820314\n|switch|p2a: Zapdos|Zapdos|75\/100\n|move|p1a: Garchomp|Scale Shot|p2a: Zapdos\n|-damage|p2a: Zapdos|62\/100\n|-damage|p2a: Zapdos|48\/100\n|-hitcount|p2a: Zapdos|2\n|-unboost|p1a: Garchomp|def|1\n|-boost|p1a: Garchomp|spe|1\n|\n|-weather|none\n|-damage|p1a: Garchomp|7\/100 tox|[from] psn\n|upkeep\n|turn|26\n|\n|t:|1699820317\n|move|p1a: Garchomp|Scale Shot|p2a: Zapdos\n|-damage|p2a: Zapdos|35\/100\n|-damage|p2a: Zapdos|21\/100\n|-crit|p2a: Zapdos\n|-damage|p2a: Zapdos|3\/100\n|-hitcount|p2a: Zapdos|3\n|-unboost|p1a: Garchomp|def|1\n|-boost|p1a: Garchomp|spe|1\n|move|p2a: Zapdos|Roost|p2a: Zapdos\n|-heal|p2a: Zapdos|53\/100\n|-singleturn|p2a: Zapdos|move: Roost\n|\n|-damage|p1a: Garchomp|0 fnt|[from] psn\n|faint|p1a: Garchomp\n|upkeep\n|\n|t:|1699820324\n|switch|p1a: Kingambit|Kingambit, M, shiny|100\/100\n|-activate|p1a: Kingambit|ability: Supreme Overlord\n|-start|p1a: Kingambit|fallen5|[silent]\n|turn|27\n|\n|t:|1699820329\n|move|p2a: Zapdos|Roost|p2a: Zapdos\n|-heal|p2a: Zapdos|100\/100\n|-singleturn|p2a: Zapdos|move: Roost\n|move|p1a: Kingambit|Swords Dance|p1a: Kingambit\n|-boost|p1a: Kingambit|atk|2\n|\n|upkeep\n|turn|28\n|\n|t:|1699820334\n|move|p2a: Zapdos|Thunderbolt|p1a: Kingambit\n|-damage|p1a: Kingambit|59\/100\n|move|p1a: Kingambit|Swords Dance|p1a: Kingambit\n|-boost|p1a: Kingambit|atk|2\n|\n|-heal|p1a: Kingambit|66\/100|[from] item: Leftovers\n|upkeep\n|turn|29\n|\n|t:|1699820340\n|move|p2a: Zapdos|Thunderbolt|p1a: Kingambit\n|-damage|p1a: Kingambit|23\/100\n|move|p1a: Kingambit|Swords Dance|p1a: Kingambit\n|-boost|p1a: Kingambit|atk|2\n|\n|-heal|p1a: Kingambit|29\/100|[from] item: Leftovers\n|upkeep\n|turn|30\n|\n|t:|1699820343\n|move|p1a: Kingambit|Sucker Punch|p2a: Zapdos\n|-damage|p2a: Zapdos|0 fnt\n|faint|p2a: Zapdos\n|\n|-heal|p1a: Kingambit|35\/100|[from] item: Leftovers\n|upkeep\n|\n|t:|1699820346\n|switch|p2a: Duraludon|Duraludon-Mega, F|25\/100\n|-damage|p2a: Duraludon|19\/100|[from] Stealth Rock\n|turn|31\n|\n|t:|1699820348\n|move|p1a: Kingambit|Sucker Punch|p2a: Duraludon\n|-damage|p2a: Duraludon|0 fnt\n|faint|p2a: Duraludon\n|\n|win|oscar3ro\n|c|\u2606oscar3ro|Gg\n","uploadtime":1699820359,"views":10,"p1id":"oscar3ro","p2id":"nosexd123","formatid":"gen9ou","rating":0,"private":0,"password":""}