{"id":"radicalred-gen9ou-549868","p1":"Gabonica0022","p2":"mudkipfan333","format":"[Gen 9] OU","log":"|j|\u2606Gabonica0022\n|j|\u2606mudkipfan333\n|t:|1700686162\n|gametype|singles\n|player|p1|Gabonica0022|266|1062\n|player|p2|mudkipfan333|rr-zeraora|1278\n|teamsize|p1|6\n|teamsize|p2|6\n|gen|9\n|tier|[Gen 9] OU\n|rated|\n|rule|Sleep Clause Mod: Limit one foe put to sleep\n|rule|Species Clause: Limit one of each Pok\u00e9mon\n|rule|OHKO Clause: OHKO moves are banned\n|rule|Evasion Abilities Clause: Evasion abilities are banned\n|rule|Evasion Items Clause: Evasion items are banned\n|rule|Evasion Moves Clause: Evasion moves are banned\n|rule|Endless Battle Clause: Forcing endless battles is banned\n|rule|HP Percentage Mod: HP is shown in percentages\n|rule|Dynamax Clause: You cannot dynamax\n|clearpoke\n|poke|p1|Shuckle, M|\n|poke|p1|Garganacl, M|\n|poke|p1|Glimmora, M|\n|poke|p1|Arcanine-Hisui, F|\n|poke|p1|Kleavor, M|\n|poke|p1|Diancie|\n|poke|p2|Tyranitar, M|\n|poke|p2|Excadrill, F|\n|poke|p2|Lycanroc, M|\n|poke|p2|Diancie|\n|poke|p2|Rotom-Wash|\n|poke|p2|Kingambit, M|\n|teampreview\n|\n|t:|1700686194\n|start\n|switch|p1a: Glimmora|Glimmora, M|100\/100\n|switch|p2a: Rotom|Rotom-Wash|100\/100\n|turn|1\n|\n|t:|1700686203\n|move|p2a: Rotom|Volt Switch|p1a: Glimmora\n|-damage|p1a: Glimmora|78\/100\n|\n|t:|1700686207\n|switch|p2a: Diancie|Diancie|100\/100|[from] Volt Switch\n|move|p1a: Glimmora|Energy Ball|p2a: Diancie\n|-supereffective|p2a: Diancie\n|-damage|p2a: Diancie|43\/100\n|\n|upkeep\n|turn|2\n|\n|t:|1700686215\n|detailschange|p2a: Diancie|Diancie-Mega\n|-mega|p2a: Diancie|Diancie|Diancite\n|move|p2a: Diancie|Earth Power|p1a: Glimmora\n|-supereffective|p1a: Glimmora\n|-damage|p1a: Glimmora|0 fnt\n|faint|p1a: Glimmora\n|\n|upkeep\n|\n|t:|1700686229\n|switch|p1a: Kleavor|Kleavor, M|100\/100\n|turn|3\n|\n|t:|1700686232\n|move|p2a: Diancie|Diamond Storm|p1a: Kleavor\n|-supereffective|p1a: Kleavor\n|-damage|p1a: Kleavor|0 fnt\n|-boost|p2a: Diancie|def|2\n|faint|p1a: Kleavor\n|\n|upkeep\n|\n|t:|1700686242\n|switch|p1a: Arcanine|Arcanine-Hisui, F|100\/100\n|turn|4\n|\n|t:|1700686248\n|move|p1a: Arcanine|Flare Blitz|p2a: Diancie\n|-resisted|p2a: Diancie\n|-damage|p2a: Diancie|23\/100\n|move|p2a: Diancie|Earth Power|p1a: Arcanine\n|-supereffective|p1a: Arcanine\n|-damage|p1a: Arcanine|0 fnt\n|faint|p1a: Arcanine\n|\n|upkeep\n|\n|t:|1700686257\n|switch|p1a: Diancie|Diancie|100\/100\n|turn|5\n|\n|t:|1700686271\n|detailschange|p1a: Diancie|Diancie-Mega\n|-mega|p1a: Diancie|Diancie|Diancite\n|move|p2a: Diancie|Earth Power|p1a: Diancie\n|-supereffective|p1a: Diancie\n|-damage|p1a: Diancie|27\/100\n|move|p1a: Diancie|Calm Mind|p1a: Diancie\n|-boost|p1a: Diancie|spa|1\n|-boost|p1a: Diancie|spd|1\n|\n|upkeep\n|turn|6\n|\n|t:|1700686280\n|move|p2a: Diancie|Earth Power|p1a: Diancie\n|-supereffective|p1a: Diancie\n|-damage|p1a: Diancie|0 fnt\n|faint|p1a: Diancie\n|\n|upkeep\n|\n|t:|1700686289\n|switch|p1a: Shuckle|Shuckle, M|100\/100\n|turn|7\n|\n|t:|1700686296\n|move|p2a: Diancie|Diamond Storm|p1a: Shuckle\n|-supereffective|p1a: Shuckle\n|-damage|p1a: Shuckle|45\/100\n|move|p1a: Shuckle|Infestation|p2a: Diancie\n|-resisted|p2a: Diancie\n|-damage|p2a: Diancie|22\/100\n|-activate|p2a: Diancie|move: Infestation|[of] p1a: Shuckle\n|\n|-heal|p1a: Shuckle|51\/100|[from] item: Leftovers\n|-damage|p2a: Diancie|10\/100|[from] move: Infestation|[partiallytrapped]\n|upkeep\n|turn|8\n|j| Mr cyphon\n|\n|t:|1700686308\n|move|p2a: Diancie|Diamond Storm|p1a: Shuckle\n|-supereffective|p1a: Shuckle\n|-damage|p1a: Shuckle|0 fnt\n|faint|p1a: Shuckle\n|\n|-end|p2a: Diancie|Infestation|[partiallytrapped]|[silent]\n|upkeep\n|\n|t:|1700686316\n|switch|p1a: Garganacl|Garganacl, M|100\/100\n|turn|9\n|\n|t:|1700686323\n|switch|p2a: Rotom|Rotom-Wash|100\/100\n|move|p1a: Garganacl|Body Press|p2a: Rotom\n|-damage|p2a: Rotom|67\/100\n|\n|-heal|p2a: Rotom|74\/100|[from] item: Leftovers\n|upkeep\n|turn|10\n|\n|t:|1700686345\n|move|p2a: Rotom|Hydro Pump|p1a: Garganacl\n|-supereffective|p1a: Garganacl\n|-damage|p1a: Garganacl|34\/100\n|move|p1a: Garganacl|Salt Cure|p2a: Rotom\n|-damage|p2a: Rotom|58\/100\n|-start|p2a: Rotom|Salt Cure\n|\n|-heal|p2a: Rotom|64\/100|[from] item: Leftovers\n|-damage|p2a: Rotom|40\/100|[from] Salt Cure\n|upkeep\n|turn|11\n|\n|t:|1700686360\n|move|p2a: Rotom|Volt Switch|p1a: Garganacl\n|-damage|p1a: Garganacl|11\/100\n|\n|t:|1700686363\n|switch|p2a: Kingambit|Kingambit, M|100\/100|[from] Volt Switch\n|move|p1a: Garganacl|Body Press|p2a: Kingambit\n|-supereffective|p2a: Kingambit\n|-damage|p2a: Kingambit|18\/100\n|\n|-heal|p2a: Kingambit|25\/100|[from] item: Leftovers\n|upkeep\n|turn|12\n|\n|t:|1700686374\n|move|p2a: Kingambit|Iron Head|p1a: Garganacl\n|-supereffective|p1a: Garganacl\n|-damage|p1a: Garganacl|0 fnt\n|-damage|p2a: Kingambit|8\/100|[from] item: Rocky Helmet|[of] p1a: Garganacl\n|faint|p1a: Garganacl\n|\n|win|mudkipfan333\n|raw|Gabonica0022's rating: 1062 &rarr; <strong>1057<\/strong><br \/>(-5 for losing)\n|raw|mudkipfan333's rating: 1278 &rarr; <strong>1285<\/strong><br \/>(+7 for winning)\n|c|\u2606mudkipfan333|Gg\n|l|\u2606mudkipfan333\n|l|\u2606Gabonica0022\n|c| Mr cyphon|a 6-0 is crazy\n","uploadtime":1700686390,"views":1,"p1id":"gabonica0022","p2id":"mudkipfan333","formatid":"gen9ou","rating":0,"private":0,"password":""}