{"id":"radicalred-gen9ou-547568","p1":"scipionisafricanus","p2":"paultheconvincer","format":"[Gen 9] OU","log":"|j|\u2606scipionisafricanus\n|j|\u2606paultheconvincer\n|t:|1700180684\n|gametype|singles\n|player|p1|scipionisafricanus|scipioregiolive.png|\n|player|p2|paultheconvincer|rr-tyranitar|\n|teamsize|p1|6\n|teamsize|p2|6\n|gen|9\n|tier|[Gen 9] OU\n|rule|Sleep Clause Mod: Limit one foe put to sleep\n|rule|Species Clause: Limit one of each Pok\u00e9mon\n|rule|OHKO Clause: OHKO moves are banned\n|rule|Evasion Abilities Clause: Evasion abilities are banned\n|rule|Evasion Items Clause: Evasion items are banned\n|rule|Evasion Moves Clause: Evasion moves are banned\n|rule|Endless Battle Clause: Forcing endless battles is banned\n|rule|HP Percentage Mod: HP is shown in percentages\n|rule|Dynamax Clause: You cannot dynamax\n|clearpoke\n|poke|p1|Quaquaval, M|\n|poke|p1|Melmetal|\n|poke|p1|Alakazam, M|\n|poke|p1|Sableye, M|\n|poke|p1|Gastrodon, F|\n|poke|p1|Rotom-Heat|\n|poke|p2|Aegislash, F|\n|poke|p2|Crobat, F|\n|poke|p2|Mamoswine, M|\n|poke|p2|Buzzwole|\n|poke|p2|Tyranitar, F|\n|poke|p2|Rotom-Wash|\n|teampreview\n|j| Razorgliscor472\n|c|\u2606scipionisafricanus|hf\n|c|\u2606paultheconvincer|hf\n|\n|t:|1700180716\n|start\n|switch|p1a: Sableye|Sableye, M|100\/100\n|switch|p2a: Rotom|Rotom-Wash|100\/100\n|-item|p2a: Rotom|Choice Scarf|[from] ability: Frisk|[of] p1a: Sableye|[identify]\n|turn|1\n|c| Razorgliscor472|Wow\n|\n|t:|1700180727\n|detailschange|p1a: Sableye|Sableye-Mega, M\n|-mega|p1a: Sableye|Sableye|Sablenite\n|move|p2a: Rotom|Volt Switch|p1a: Sableye\n|-damage|p1a: Sableye|73\/100\n|c| Razorgliscor472|W wrong Ability \n|c| Razorgliscor472|It somehow helped you\n|c|\u2606scipionisafricanus|what\n|\n|t:|1700180761\n|switch|p2a: Aegislash|Aegislash, F|100\/100|[from] Volt Switch\n|move|p1a: Sableye|Knock Off|p2a: Aegislash\n|-supereffective|p2a: Aegislash\n|-damage|p2a: Aegislash|52\/100\n|-enditem|p2a: Aegislash|Leftovers|[from] move: Knock Off|[of] p1a: Sableye\n|\n|upkeep\n|turn|2\n|c| Razorgliscor472|Sableye pre mega uses Prankster\n|c| Razorgliscor472|So it has fast willos\n|\n|t:|1700180783\n|move|p2a: Aegislash|Substitute|p2a: Aegislash\n|-start|p2a: Aegislash|Substitute\n|-damage|p2a: Aegislash|27\/100\n|move|p1a: Sableye|Recover|p1a: Sableye\n|-heal|p1a: Sableye|100\/100\n|\n|upkeep\n|turn|3\n|j| Lukeow\n|c|\u2606scipionisafricanus|yes but i dont want to eat a willo myself\n|l| Lukeow\n|\n|t:|1700180789\n|-formechange|p2a: Aegislash|Aegislash-Blade||[from] ability: Stance Change\n|move|p2a: Aegislash|Shadow Ball|p1a: Sableye\n|-damage|p1a: Sableye|67\/100\n|move|p1a: Sableye|Knock Off|p2a: Aegislash\n|-supereffective|p2a: Aegislash\n|-crit|p2a: Aegislash\n|-end|p2a: Aegislash|Substitute\n|\n|upkeep\n|turn|4\n|\n|t:|1700180836\n|move|p2a: Aegislash|Shadow Ball|p1a: Sableye\n|-damage|p1a: Sableye|36\/100\n|move|p1a: Sableye|Recover|p1a: Sableye\n|-heal|p1a: Sableye|87\/100\n|\n|upkeep\n|turn|5\n|\n|t:|1700180842\n|move|p2a: Aegislash|Shadow Ball|p1a: Sableye\n|-damage|p1a: Sableye|57\/100\n|-unboost|p1a: Sableye|spd|1\n|move|p1a: Sableye|Knock Off|p2a: Aegislash\n|-supereffective|p2a: Aegislash\n|-damage|p2a: Aegislash|0 fnt\n|faint|p2a: Aegislash\n|\n|upkeep\n|\n|t:|1700180864\n|switch|p2a: Mamoswine|Mamoswine, M|100\/100\n|turn|6\n|c|\u2606scipionisafricanus|wait\n|c|\u2606scipionisafricanus|i didnt pass the game to my team\n|c|\u2606scipionisafricanus|done\n|\n|t:|1700180895\n|switch|p1a: Rotom|Rotom-Heat|100\/100\n|move|p2a: Mamoswine|Mountain Gale|p1a: Rotom\n|-resisted|p1a: Rotom\n|-damage|p1a: Rotom|69\/100\n|\n|upkeep\n|turn|7\n|\n|t:|1700180905\n|switch|p2a: Tyranitar|Tyranitar, F|100\/100\n|-weather|Sandstorm|[from] ability: Sand Stream|[of] p2a: Tyranitar\n|move|p1a: Rotom|Pain Split|p2a: Tyranitar\n|-sethp|p2a: Tyranitar|76\/100|[from] move: Pain Split|[silent]\n|-sethp|p1a: Rotom|100\/100|[from] move: Pain Split\n|\n|-weather|Sandstorm|[upkeep]\n|-damage|p1a: Rotom|94\/100|[from] Sandstorm\n|upkeep\n|turn|8\n|\n|t:|1700180912\n|switch|p1a: Gastrodon|Gastrodon, F|100\/100\n|move|p2a: Tyranitar|Stealth Rock|p1a: Gastrodon\n|-sidestart|p1: scipionisafricanus|move: Stealth Rock\n|\n|-weather|Sandstorm|[upkeep]\n|upkeep\n|turn|9\n|\n|t:|1700180918\n|switch|p2a: Crobat|Crobat, F|100\/100\n|move|p1a: Gastrodon|Stealth Rock|p2a: Crobat\n|-sidestart|p2: paultheconvincer|move: Stealth Rock\n|\n|-weather|Sandstorm|[upkeep]\n|-damage|p2a: Crobat|94\/100|[from] Sandstorm\n|upkeep\n|turn|10\n|\n|t:|1700180921\n|switch|p1a: Sableye|Sableye-Mega, M|57\/100\n|-damage|p1a: Sableye|45\/100|[from] Stealth Rock\n|move|p2a: Crobat|Toxic|p1a: Sableye\n|move|p1a: Sableye|Toxic|p2a: Crobat|[from]ability: Magic Bounce|[miss]\n|-miss|p1a: Sableye|p2a: Crobat\n|\n|-weather|Sandstorm|[upkeep]\n|-damage|p2a: Crobat|88\/100|[from] Sandstorm\n|-damage|p1a: Sableye|39\/100|[from] Sandstorm\n|upkeep\n|turn|11\n|\n|t:|1700180938\n|move|p2a: Crobat|Brave Bird|p1a: Sableye\n|-damage|p1a: Sableye|7\/100\n|-damage|p2a: Crobat|80\/100|[from] Recoil\n|move|p1a: Sableye|Recover|p1a: Sableye\n|-heal|p1a: Sableye|57\/100\n|\n|-weather|none\n|upkeep\n|turn|12\n|\n|t:|1700180946\n|move|p2a: Crobat|Brave Bird|p1a: Sableye\n|-damage|p1a: Sableye|22\/100\n|-damage|p2a: Crobat|70\/100|[from] Recoil\n|move|p1a: Sableye|Will-O-Wisp|p2a: Crobat\n|-status|p2a: Crobat|brn\n|\n|-damage|p2a: Crobat|64\/100 brn|[from] brn\n|upkeep\n|turn|13\n|\n|t:|1700180956\n|move|p2a: Crobat|U-turn|p1a: Sableye\n|-damage|p1a: Sableye|16\/100\n|\n|t:|1700180962\n|switch|p2a: Mamoswine|Mamoswine, M|100\/100|[from] U-turn\n|-damage|p2a: Mamoswine|88\/100|[from] Stealth Rock\n|move|p1a: Sableye|Recover|p1a: Sableye\n|-heal|p1a: Sableye|66\/100\n|\n|upkeep\n|turn|14\n|\n|t:|1700180966\n|switch|p1a: Rotom|Rotom-Heat|94\/100\n|move|p2a: Mamoswine|Mountain Gale|p1a: Rotom\n|-resisted|p1a: Rotom\n|-damage|p1a: Rotom|61\/100\n|\n|upkeep\n|turn|15\n|\n|t:|1700180974\n|switch|p2a: Tyranitar|Tyranitar, F|76\/100\n|-damage|p2a: Tyranitar|64\/100|[from] Stealth Rock\n|-weather|Sandstorm|[from] ability: Sand Stream|[of] p2a: Tyranitar\n|move|p1a: Rotom|Defog|p2a: Tyranitar\n|-unboost|p2a: Tyranitar|evasion|1\n|-sideend|p2: paultheconvincer|Stealth Rock|[from] move: Defog|[of] p1a: Rotom\n|-sideend|p1: scipionisafricanus|Stealth Rock|[from] move: Defog|[of] p1a: Rotom\n|\n|-weather|Sandstorm|[upkeep]\n|-damage|p1a: Rotom|54\/100|[from] Sandstorm\n|upkeep\n|turn|16\n|\n|t:|1700180989\n|-activate|p1a: Rotom|move: Pursuit\n|move|p2a: Tyranitar|Pursuit|p1a: Rotom|[from]Pursuit\n|-damage|p1a: Rotom|21\/100\n|switch|p1a: Gastrodon|Gastrodon, F|100\/100\n|\n|-weather|Sandstorm|[upkeep]\n|upkeep\n|turn|17\n|\n|t:|1700180996\n|switch|p2a: Rotom|Rotom-Wash|100\/100\n|move|p1a: Gastrodon|Stealth Rock|p2a: Rotom\n|-sidestart|p2: paultheconvincer|move: Stealth Rock\n|\n|-weather|Sandstorm|[upkeep]\n|-damage|p2a: Rotom|94\/100|[from] Sandstorm\n|upkeep\n|turn|18\n|\n|t:|1700181007\n|switch|p1a: Sableye|Sableye-Mega, M|66\/100\n|move|p2a: Rotom|Volt Switch|p1a: Sableye\n|-damage|p1a: Sableye|42\/100\n|\n|t:|1700181013\n|switch|p2a: Mamoswine|Mamoswine, M|88\/100|[from] Volt Switch\n|-damage|p2a: Mamoswine|76\/100|[from] Stealth Rock\n|\n|-weather|Sandstorm|[upkeep]\n|-damage|p1a: Sableye|36\/100|[from] Sandstorm\n|upkeep\n|turn|19\n|\n|t:|1700181018\n|switch|p1a: Gastrodon|Gastrodon, F|100\/100\n|move|p2a: Mamoswine|Mountain Gale|p1a: Gastrodon\n|-damage|p1a: Gastrodon|47\/100\n|\n|-weather|none\n|-heal|p1a: Gastrodon|54\/100|[from] item: Leftovers\n|upkeep\n|turn|20\n|\n|t:|1700181045\n|switch|p1a: Melmetal|Melmetal|100\/100\n|move|p2a: Mamoswine|Mountain Gale|p1a: Melmetal\n|-resisted|p1a: Melmetal\n|-damage|p1a: Melmetal|77\/100\n|\n|-heal|p1a: Melmetal|83\/100|[from] item: Leftovers\n|upkeep\n|turn|21\n|\n|t:|1700181054\n|switch|p2a: Rotom|Rotom-Wash|94\/100\n|-damage|p2a: Rotom|82\/100|[from] Stealth Rock\n|move|p1a: Melmetal|Double Iron Bash|p2a: Rotom\n|-resisted|p2a: Rotom\n|-damage|p2a: Rotom|65\/100\n|-resisted|p2a: Rotom\n|-damage|p2a: Rotom|49\/100\n|-hitcount|p2a: Rotom|2\n|\n|-heal|p1a: Melmetal|89\/100|[from] item: Leftovers\n|upkeep\n|turn|22\n|\n|t:|1700181065\n|switch|p1a: Gastrodon|Gastrodon, F|54\/100\n|move|p2a: Rotom|Volt Switch|p1a: Gastrodon\n|-immune|p1a: Gastrodon\n|\n|-heal|p1a: Gastrodon|60\/100|[from] item: Leftovers\n|upkeep\n|turn|23\n|\n|t:|1700181081\n|move|p2a: Rotom|Volt Switch|p1a: Gastrodon\n|-immune|p1a: Gastrodon\n|move|p1a: Gastrodon|Scald|p2a: Rotom\n|-resisted|p2a: Rotom\n|-damage|p2a: Rotom|31\/100\n|\n|-heal|p1a: Gastrodon|66\/100|[from] item: Leftovers\n|upkeep\n|turn|24\n|\n|t:|1700181085\n|switch|p2a: Crobat|Crobat, F|64\/100 brn\n|move|p1a: Gastrodon|Scald|p2a: Crobat\n|-damage|p2a: Crobat|38\/100 brn\n|\n|-heal|p1a: Gastrodon|72\/100|[from] item: Leftovers\n|-damage|p2a: Crobat|32\/100 brn|[from] brn\n|upkeep\n|turn|25\n|\n|t:|1700181089\n|move|p2a: Crobat|Roost|p2a: Crobat\n|-heal|p2a: Crobat|82\/100 brn\n|-singleturn|p2a: Crobat|move: Roost\n|move|p1a: Gastrodon|Scald|p2a: Crobat\n|-damage|p2a: Crobat|57\/100 brn\n|\n|-heal|p1a: Gastrodon|78\/100|[from] item: Leftovers\n|-damage|p2a: Crobat|51\/100 brn|[from] brn\n|upkeep\n|turn|26\n|\n|t:|1700181097\n|switch|p1a: Sableye|Sableye-Mega, M|36\/100\n|move|p2a: Crobat|Brave Bird|p1a: Sableye\n|-damage|p1a: Sableye|21\/100\n|-damage|p2a: Crobat|47\/100 brn|[from] Recoil\n|\n|-damage|p2a: Crobat|41\/100 brn|[from] brn\n|upkeep\n|turn|27\n|\n|t:|1700181104\n|move|p2a: Crobat|U-turn|p1a: Sableye\n|-damage|p1a: Sableye|15\/100\n|\n|t:|1700181107\n|switch|p2a: Mamoswine|Mamoswine, M|76\/100|[from] U-turn\n|-damage|p2a: Mamoswine|63\/100|[from] Stealth Rock\n|move|p1a: Sableye|Recover|p1a: Sableye\n|-heal|p1a: Sableye|65\/100\n|\n|upkeep\n|turn|28\n|\n|t:|1700181110\n|switch|p1a: Gastrodon|Gastrodon, F|78\/100\n|move|p2a: Mamoswine|Mountain Gale|p1a: Gastrodon\n|-damage|p1a: Gastrodon|23\/100\n|\n|-heal|p1a: Gastrodon|29\/100|[from] item: Leftovers\n|upkeep\n|turn|29\n|\n|t:|1700181140\n|move|p2a: Mamoswine|Headlong Rush|p1a: Gastrodon\n|-damage|p1a: Gastrodon|0 fnt\n|-unboost|p2a: Mamoswine|def|1\n|-unboost|p2a: Mamoswine|spd|1\n|faint|p1a: Gastrodon\n|\n|upkeep\n|\n|t:|1700181147\n|switch|p1a: Quaquaval|Quaquaval, M|100\/100\n|turn|30\n|\n|t:|1700181152\n|switch|p2a: Buzzwole|Buzzwole|100\/100\n|move|p1a: Quaquaval|Aqua Step|p2a: Buzzwole\n|-damage|p2a: Buzzwole|80\/100\n|-boost|p1a: Quaquaval|spe|1\n|\n|upkeep\n|turn|31\n|\n|t:|1700181159\n|switch|p2a: Rotom|Rotom-Wash|31\/100\n|-damage|p2a: Rotom|18\/100|[from] Stealth Rock\n|-zpower|p1a: Quaquaval\n|move|p1a: Quaquaval|Supersonic Skystrike|p2a: Rotom|[zeffect]\n|-resisted|p2a: Rotom\n|-damage|p2a: Rotom|0 fnt\n|faint|p2a: Rotom\n|-ability|p1a: Quaquaval|Moxie|boost\n|-boost|p1a: Quaquaval|atk|1\n|\n|upkeep\n|\n|t:|1700181175\n|switch|p2a: Buzzwole|Buzzwole|80\/100\n|turn|32\n|\n|t:|1700181178\n|move|p1a: Quaquaval|Brave Bird|p2a: Buzzwole\n|-supereffective|p2a: Buzzwole\n|-damage|p2a: Buzzwole|0 fnt\n|faint|p2a: Buzzwole\n|-ability|p1a: Quaquaval|Moxie|boost\n|-boost|p1a: Quaquaval|atk|1\n|-damage|p1a: Quaquaval|65\/100|[from] Recoil\n|\n|upkeep\n|c| Razorgliscor472|Quaq is him\n|c|\u2606scipionisafricanus|gg\n|\n|t:|1700181188\n|switch|p2a: Crobat|Crobat, F|41\/100 brn\n|turn|33\n|c| Razorgliscor472|There Is no walls\n|c|\u2606paultheconvincer|gg\n|c| Razorgliscor472|Jesus christ\n|c|\u2606scipionisafricanus|i told yall this shit is pro broken\n|c|\u2606scipionisafricanus|there is mega bro\n|c|\u2606scipionisafricanus|thats why i used it \n|c|\u2606scipionisafricanus|week 1\n|c|\u2606scipionisafricanus|but in testing i managed\n|c|\u2606scipionisafricanus|to loose with mega bro\n|c|\u2606scipionisafricanus|to mich\n|\n|t:|1700181218\n|move|p1a: Quaquaval|Aqua Step|p2a: Crobat\n|-damage|p2a: Crobat|0 fnt\n|-boost|p1a: Quaquaval|spe|1\n|faint|p2a: Crobat\n|-ability|p1a: Quaquaval|Moxie|boost\n|-boost|p1a: Quaquaval|atk|1\n|\n|upkeep\n|\n|t:|1700181222\n|switch|p2a: Mamoswine|Mamoswine, M|63\/100\n|-damage|p2a: Mamoswine|51\/100|[from] Stealth Rock\n|turn|34\n|\n|t:|1700181224\n|move|p2a: Mamoswine|Ice Shard|p1a: Quaquaval\n|-resisted|p1a: Quaquaval\n|-damage|p1a: Quaquaval|49\/100\n|move|p1a: Quaquaval|Aqua Step|p2a: Mamoswine\n|-supereffective|p2a: Mamoswine\n|-damage|p2a: Mamoswine|0 fnt\n|-boost|p1a: Quaquaval|spe|1\n|faint|p2a: Mamoswine\n|-ability|p1a: Quaquaval|Moxie|boost\n|-boost|p1a: Quaquaval|atk|1\n|\n|upkeep\n|\n|t:|1700181229\n|switch|p2a: Tyranitar|Tyranitar, F|64\/100\n|-damage|p2a: Tyranitar|51\/100|[from] Stealth Rock\n|-weather|Sandstorm|[from] ability: Sand Stream|[of] p2a: Tyranitar\n|turn|35\n|c|\u2606scipionisafricanus|u have to play perf vs quag\n|c|\u2606scipionisafricanus|i keep calling it quav\n|c| Razorgliscor472|What does NDUU use?\n|\n|t:|1700181242\n|move|p1a: Quaquaval|Close Combat|p2a: Tyranitar\n|-supereffective|p2a: Tyranitar\n|-enditem|p2a: Tyranitar|Chople Berry|[eat]\n|-enditem|p2a: Tyranitar|Chople Berry|[weaken]\n|-damage|p2a: Tyranitar|0 fnt\n|-unboost|p1a: Quaquaval|def|1\n|-unboost|p1a: Quaquaval|spd|1\n|faint|p2a: Tyranitar\n|\n|win|scipionisafricanus\n|c| Razorgliscor472|They have the same shit\n|c|\u2606scipionisafricanus|idfk\n|c|\u2606scipionisafricanus|frank told me is ok there\n|c|\u2606scipionisafricanus|idk how\n","uploadtime":1700181262,"views":16,"p1id":"scipionisafricanus","p2id":"paultheconvincer","formatid":"gen9ou","rating":0,"private":0,"password":""}