{"id":"radicalred-gen9ou-548373","p1":"OrcLoose","p2":"VascoRB","format":"[Gen 9] OU","log":"|j|\u2606OrcLoose\n|j|\u2606VascoRB\n|t:|1700334505\n|gametype|singles\n|player|p1|OrcLoose|rr-slowkinggalar|\n|player|p2|VascoRB|169|\n|teamsize|p1|6\n|teamsize|p2|6\n|gen|9\n|tier|[Gen 9] OU\n|rule|Sleep Clause Mod: Limit one foe put to sleep\n|rule|Species Clause: Limit one of each Pok\u00e9mon\n|rule|OHKO Clause: OHKO moves are banned\n|rule|Evasion Abilities Clause: Evasion abilities are banned\n|rule|Evasion Items Clause: Evasion items are banned\n|rule|Evasion Moves Clause: Evasion moves are banned\n|rule|Endless Battle Clause: Forcing endless battles is banned\n|rule|HP Percentage Mod: HP is shown in percentages\n|rule|Dynamax Clause: You cannot dynamax\n|clearpoke\n|poke|p1|Abomasnow, F|\n|poke|p1|Meowscarada, F|\n|poke|p1|Slowking-Galar, M|\n|poke|p1|Electivire, F|\n|poke|p1|Lumineon, M|\n|poke|p1|Magcargo, M|\n|poke|p2|Dragapult, F|\n|poke|p2|Orbeetle, M|\n|poke|p2|Crawdaunt, F|\n|poke|p2|Carnivine-Sevii, F|\n|poke|p2|Pelipper, F|\n|poke|p2|Tinkaton, F|\n|teampreview\n|c|\u2606VascoRB|gl hf\n|c|\u2606OrcLoose|Gl\n|j| Godigimon\n|c| Godigimon|Woo\n|j| Pengwoo\n|\n|t:|1700334553\n|start\n|switch|p1a: W not plasmafist|Electivire, F, shiny|100\/100\n|switch|p2a: Dragapult|Dragapult, F|100\/100\n|turn|1\n|\n|t:|1700334565\n|move|p1a: W not plasmafist|Ice Punch|p2a: Dragapult\n|-supereffective|p2a: Dragapult\n|-damage|p2a: Dragapult|7\/100\n|move|p2a: Dragapult|U-turn|p1a: W not plasmafist\n|-damage|p1a: W not plasmafist|63\/100\n|\n|t:|1700334582\n|switch|p2a: Orbeetle|Orbeetle, M|100\/100|[from] U-turn\n|-item|p1a: W not plasmafist|Choice Scarf|[from] ability: Frisk|[of] p2a: Orbeetle|[identify]\n|\n|upkeep\n|turn|2\n|j| Altirk Xion\n|j| Manaphoebe\n|\n|t:|1700334591\n|switch|p1a: Fatass|Slowking-Galar, M, shiny|100\/100\n|detailschange|p2a: Orbeetle|Orbeetle-Mega, M\n|-mega|p2a: Orbeetle|Orbeetle|Orbeetlite\n|move|p2a: Orbeetle|Sticky Web|p1a: Fatass\n|-sidestart|p1: OrcLoose|move: Sticky Web\n|\n|upkeep\n|turn|3\n|c| Altirk Xion|Hi guys \n|\n|t:|1700334598\n|move|p2a: Orbeetle|Bug Buzz|p1a: Fatass\n|-damage|p1a: Fatass|75\/100\n|-unboost|p1a: Fatass|spd|1\n|move|p1a: Fatass|Thunder Wave|p2a: Orbeetle\n|-status|p2a: Orbeetle|par\n|\n|upkeep\n|turn|4\n|c| Altirk Xion|OrcBoos sucks \n|\n|t:|1700334609\n|cant|p2a: Orbeetle|par\n|move|p1a: Fatass|Chilly Reception|p1a: Fatass\n|-weather|Snow\n|c| Pengwoo|webs orb\n|\n|t:|1700334622\n|switch|p1a: Poop|Lumineon, M, shiny|100\/100|[from] Chilly Reception\n|-activate|p1a: Poop|move: Sticky Web\n|-unboost|p1a: Poop|spe|1\n|\n|-weather|Snow|[upkeep]\n|upkeep\n|turn|5\n|c| Pengwoo|bro stole my pick\n|\n|t:|1700334635\n|switch|p2a: Pelipper|Pelipper, F|100\/100\n|-weather|RainDance|[from] ability: Drizzle|[of] p2a: Pelipper\n|move|p1a: Poop|Agility|p1a: Poop\n|-boost|p1a: Poop|spe|2\n|\n|-weather|RainDance|[upkeep]\n|upkeep\n|turn|6\n|c| Altirk Xion|Orc\n|c| Altirk Xion|did u make that sprite \n|c| Pengwoo|no\n|c|\u2606OrcLoose|no\n|c| Altirk Xion|or was it sandy \n|c| Pengwoo|its on\n|\n|t:|1700334655\n|move|p1a: Poop|Tail Glow|p1a: Poop\n|-boost|p1a: Poop|spa|3\n|move|p2a: Pelipper|Hurricane|p1a: Poop\n|-damage|p1a: Poop|52\/100\n|\n|-weather|RainDance|[upkeep]\n|upkeep\n|turn|7\n|c| Pengwoo|the showdown\n|c| Altirk Xion|oh \n|c| Pengwoo|INSANE\n|c|\u2606VascoRB|tail glow???\n|c|\u2606VascoRB|ok\n|c| Pengwoo|yeah it gets glow\n|c| Pengwoo|that might be game\n|c| Altirk Xion|gg\n|\n|t:|1700334682\n|move|p1a: Poop|Surf|p2a: Pelipper\n|-resisted|p2a: Pelipper\n|-damage|p2a: Pelipper|7\/100\n|move|p2a: Pelipper|Hurricane|p1a: Poop\n|-damage|p1a: Poop|0 fnt\n|faint|p1a: Poop\n|\n|-weather|RainDance|[upkeep]\n|upkeep\n|c| Altirk Xion|LOL\n|c|\u2606OrcLoose|bruhhh\n|c| Pengwoo|LMFAOOOO\n|l| Godigimon\n|c| Altirk Xion|ORCBOOS HIT SURF\n|\n|t:|1700334694\n|switch|p1a: W not plasmafist|Electivire, F, shiny|63\/100\n|-activate|p1a: W not plasmafist|move: Sticky Web\n|-unboost|p1a: W not plasmafist|spe|1\n|turn|8\n|c| Altirk Xion|HE SUCKS\n|c| Pengwoo|TWO 7 HP ROLLS\n|c| Altirk Xion|ORCBOOS SUCKS\n|\n|t:|1700334705\n|move|p1a: W not plasmafist|Volt Switch|p2a: Pelipper\n|-supereffective|p2a: Pelipper\n|-damage|p2a: Pelipper|0 fnt\n|faint|p2a: Pelipper\n|\n|t:|1700334711\n|switch|p1a: Semi-Truck|Abomasnow, F, shiny|100\/100|[from] Volt Switch\n|-activate|p1a: Semi-Truck|move: Sticky Web\n|-unboost|p1a: Semi-Truck|spe|1\n|-weather|Snow|[from] ability: Snow Warning|[of] p1a: Semi-Truck\n|\n|-weather|Snow|[upkeep]\n|upkeep\n|j| Godigimon\n|\n|t:|1700334720\n|switch|p2a: Crawdaunt|Crawdaunt, F|100\/100\n|turn|9\n|\n|t:|1700334723\n|detailschange|p1a: Semi-Truck|Abomasnow-Mega, F, shiny\n|-mega|p1a: Semi-Truck|Abomasnow|Abomasite\n|move|p1a: Semi-Truck|Wood Hammer|p2a: Crawdaunt\n|-supereffective|p2a: Crawdaunt\n|-damage|p2a: Crawdaunt|0 fnt\n|faint|p2a: Crawdaunt\n|-damage|p1a: Semi-Truck|67\/100|[from] Recoil\n|\n|-weather|Snow|[upkeep]\n|upkeep\n|c| Pengwoo|?\n|c| Pengwoo|bro brang the daunt\n|c| Altirk Xion|Even in rain \n|c|\u2606VascoRB|:( i tought i was faster\n|c| Altirk Xion|not rain\n|c| Altirk Xion|webs\n|c| Altirk Xion|even in webs\n|c| Pengwoo|nah not with slush\n|c|\u2606OrcLoose|Slush rush\n|c| Altirk Xion|Real!\n|c| Altirk Xion|slush rush\n|c|\u2606VascoRB|oh i didnt know about taht\n|c| Pengwoo|yeah ima have to check my opps every mon\n|c| Pengwoo|before a turn\n|\n|t:|1700334768\n|switch|p2a: Dragapult|Dragapult, F|7\/100\n|turn|10\n|\n|t:|1700334774\n|move|p2a: Dragapult|Dragon Darts|p1a: Semi-Truck\n|-damage|p1a: Semi-Truck|48\/100\n|-anim|p2a: Dragapult|Dragon Darts|p1a: Semi-Truck\n|-damage|p1a: Semi-Truck|32\/100\n|move|p1a: Semi-Truck|Aurora Veil|p1a: Semi-Truck\n|-sidestart|p1: OrcLoose|move: Aurora Veil\n|\n|-weather|Snow|[upkeep]\n|upkeep\n|turn|11\n|\n|t:|1700334785\n|move|p2a: Dragapult|Dragon Darts|p1a: Semi-Truck\n|-damage|p1a: Semi-Truck|14\/100\n|-anim|p2a: Dragapult|Dragon Darts|p1a: Semi-Truck\n|-damage|p1a: Semi-Truck|0 fnt\n|faint|p1a: Semi-Truck\n|\n|-weather|Snow|[upkeep]\n|upkeep\n|c|\u2606VascoRB|ilfiltrator\n|c| Pengwoo|mhm\n|\n|t:|1700334797\n|switch|p1a: Fatass|Slowking-Galar, M, shiny|100\/100\n|-activate|p1a: Fatass|move: Sticky Web\n|-unboost|p1a: Fatass|spe|1\n|turn|12\n|c| Altirk Xion|Orcboossssss\n|\n|t:|1700334807\n|move|p2a: Dragapult|Spirit Shackle|p1a: Fatass\n|-supereffective|p1a: Fatass\n|-damage|p1a: Fatass|15\/100\n|-activate|p1a: Fatass|trapped\n|move|p1a: Fatass|Blizzard|p2a: Dragapult\n|-supereffective|p2a: Dragapult\n|-damage|p2a: Dragapult|0 fnt\n|faint|p2a: Dragapult\n|\n|-weather|none\n|upkeep\n|c|\u2606OrcLoose|spirit shackle is wild\n|c|\u2606OrcLoose|tf\n|\n|t:|1700334826\n|switch|p2a: Tinkaton|Tinkaton, F|100\/100\n|-ability|p2a: Tinkaton|Mold Breaker\n|turn|13\n|\n|t:|1700334830\n|move|p2a: Tinkaton|Brick Break|p1a: Fatass\n|-sideend|p1: OrcLoose|move: Aurora Veil\n|-resisted|p1a: Fatass\n|-damage|p1a: Fatass|11\/100\n|move|p1a: Fatass|Thunder Wave|p2a: Tinkaton\n|-status|p2a: Tinkaton|par\n|\n|upkeep\n|turn|14\n|\n|t:|1700334837\n|move|p2a: Tinkaton|Stealth Rock|p1a: Fatass\n|-sidestart|p1: OrcLoose|move: Stealth Rock\n|move|p1a: Fatass|Chilly Reception|p1a: Fatass\n|-weather|Snow\n|\n|t:|1700334842\n|switch|p1a: W not plasmafist|Electivire, F, shiny|63\/100|[from] Chilly Reception\n|-activate|p1a: W not plasmafist|move: Sticky Web\n|-unboost|p1a: W not plasmafist|spe|1\n|-damage|p1a: W not plasmafist|50\/100|[from] Stealth Rock\n|\n|-weather|Snow|[upkeep]\n|upkeep\n|turn|15\n|\n|t:|1700334852\n|move|p1a: W not plasmafist|Plasma Fists|p2a: Tinkaton\n|-damage|p2a: Tinkaton|38\/100 par\n|-fieldactivate|move: Ion Deluge\n|-hint|Normal-type moves become Electric-type after using Plasma Fists.\n|move|p2a: Tinkaton|Brick Break|p1a: W not plasmafist\n|-damage|p1a: W not plasmafist|26\/100\n|\n|-weather|Snow|[upkeep]\n|-heal|p2a: Tinkaton|44\/100 par|[from] item: Leftovers\n|upkeep\n|turn|16\n|\n|t:|1700334861\n|move|p1a: W not plasmafist|Plasma Fists|p2a: Tinkaton\n|-damage|p2a: Tinkaton|0 fnt\n|-fieldactivate|move: Ion Deluge\n|-hint|Normal-type moves become Electric-type after using Plasma Fists.\n|faint|p2a: Tinkaton\n|\n|-weather|Snow|[upkeep]\n|upkeep\n|\n|t:|1700334870\n|switch|p2a: Carnivine|Carnivine-Sevii, F|100\/100\n|turn|17\n|\n|t:|1700334873\n|move|p1a: W not plasmafist|Plasma Fists|p2a: Carnivine\n|-damage|p2a: Carnivine|35\/100\n|-fieldactivate|move: Ion Deluge\n|-hint|Normal-type moves become Electric-type after using Plasma Fists.\n|move|p2a: Carnivine|Iron Defense|p2a: Carnivine\n|-boost|p2a: Carnivine|def|2\n|\n|-weather|Snow|[upkeep]\n|-heal|p2a: Carnivine|41\/100|[from] item: Leftovers\n|upkeep\n|turn|18\n|\n|t:|1700334881\n|move|p1a: W not plasmafist|Plasma Fists|p2a: Carnivine\n|-damage|p2a: Carnivine|11\/100\n|-fieldactivate|move: Ion Deluge\n|-hint|Normal-type moves become Electric-type after using Plasma Fists.\n|move|p2a: Carnivine|Synthesis|p2a: Carnivine\n|-heal|p2a: Carnivine|36\/100\n|\n|-weather|Snow|[upkeep]\n|-heal|p2a: Carnivine|43\/100|[from] item: Leftovers\n|upkeep\n|turn|19\n|c| Altirk Xion|Orc crits\n|c|\u2606VascoRB|does snow reduced synthesis heal?\n|c| Altirk Xion|Yes\n|c|\u2606VascoRB|fak\n|c|\u2606OrcLoose|haha\n|c| Altirk Xion|Synth is based on sun\n|\n|t:|1700334906\n|move|p1a: W not plasmafist|Plasma Fists|p2a: Carnivine\n|-damage|p2a: Carnivine|12\/100\n|-fieldactivate|move: Ion Deluge\n|-hint|Normal-type moves become Electric-type after using Plasma Fists.\n|move|p2a: Carnivine|Synthesis|p2a: Carnivine\n|-heal|p2a: Carnivine|37\/100\n|\n|-weather|Snow|[upkeep]\n|-heal|p2a: Carnivine|44\/100|[from] item: Leftovers\n|upkeep\n|turn|20\n|c| Altirk Xion|any other weather weakens it\n|\n|t:|1700334917\n|move|p1a: W not plasmafist|Plasma Fists|p2a: Carnivine\n|-damage|p2a: Carnivine|11\/100\n|-fieldactivate|move: Ion Deluge\n|-hint|Normal-type moves become Electric-type after using Plasma Fists.\n|move|p2a: Carnivine|Synthesis|p2a: Carnivine\n|-heal|p2a: Carnivine|36\/100\n|\n|-weather|Snow|[upkeep]\n|-heal|p2a: Carnivine|43\/100|[from] item: Leftovers\n|upkeep\n|turn|21\n|\n|t:|1700334928\n|move|p1a: W not plasmafist|Plasma Fists|p2a: Carnivine\n|-crit|p2a: Carnivine\n|-damage|p2a: Carnivine|0 fnt\n|-fieldactivate|move: Ion Deluge\n|-hint|Normal-type moves become Electric-type after using Plasma Fists.\n|faint|p2a: Carnivine\n|\n|-weather|none\n|upkeep\n|\n|t:|1700334935\n|switch|p2a: Orbeetle|Orbeetle-Mega, M|100\/100 par\n|turn|22\n|c| Altirk Xion|There it is\n|\n|t:|1700334939\n|move|p1a: W not plasmafist|Plasma Fists|p2a: Orbeetle\n|-damage|p2a: Orbeetle|43\/100 par\n|-fieldactivate|move: Ion Deluge\n|-hint|Normal-type moves become Electric-type after using Plasma Fists.\n|move|p2a: Orbeetle|Bug Buzz|p1a: W not plasmafist\n|-damage|p1a: W not plasmafist|0 fnt\n|faint|p1a: W not plasmafist\n|\n|upkeep\n|c|\u2606OrcLoose|ggs\n|\n|t:|1700334942\n|switch|p1a: Meow Meow|Meowscarada, F, shiny|100\/100\n|-activate|p1a: Meow Meow|move: Sticky Web\n|-unboost|p1a: Meow Meow|spe|1\n|-damage|p1a: Meow Meow|88\/100|[from] Stealth Rock\n|turn|23\n|\n|t:|1700334951\n|move|p1a: Meow Meow|U-turn|p2a: Orbeetle\n|-start|p1a: Meow Meow|typechange|Bug|[from] ability: Protean\n|-supereffective|p2a: Orbeetle\n|-damage|p2a: Orbeetle|0 fnt\n|faint|p2a: Orbeetle\n|\n|win|OrcLoose\n|c|\u2606VascoRB|gg\n","uploadtime":1700334958,"views":35,"p1id":"orcloose","p2id":"vascorb","formatid":"gen9ou","rating":0,"private":0,"password":""}