{"id":"smogtours-gen9ou-730791","p1":"ando bien ferenia","p2":"mamaw31180","format":"[Gen 9] OU","log":"|inactive|Battle timer is ON: inactive players will automatically lose when time's up.\n|t:|1700141966\n|gametype|singles\n|player|p1|ando bien ferenia|102|\n|player|p2|mamaw31180|265|\n|teamsize|p1|6\n|teamsize|p2|6\n|gen|9\n|tier|[Gen 9] OU\n|rule|Sleep Clause Mod: Limit one foe put to sleep\n|rule|Species Clause: Limit one of each Pok\u00e9mon\n|rule|OHKO Clause: OHKO moves are banned\n|rule|Evasion Items Clause: Evasion items are banned\n|rule|Evasion Moves Clause: Evasion moves are banned\n|rule|Endless Battle Clause: Forcing endless battles is banned\n|rule|HP Percentage Mod: HP is shown in percentages\n|clearpoke\n|poke|p1|Rillaboom, M|\n|poke|p1|Hatterene, F|\n|poke|p1|Ursaluna, F|\n|poke|p1|Gholdengo|\n|poke|p1|Sneasler, F|\n|poke|p1|Dragonite, F|\n|poke|p2|Dragonite, M|\n|poke|p2|Samurott-Hisui, F|\n|poke|p2|Gholdengo|\n|poke|p2|Zamazenta-*|\n|poke|p2|Toxapex, M|\n|poke|p2|Ting-Lu|\n|teampreview\n|inactive|mamaw31180 has 270 seconds left.\n|inactive|ando bien ferenia has 270 seconds left.\n|inactive|mamaw31180 has 240 seconds left.\n|\n|t:|1700142035\n|start\n|switch|p1a: Rillaboom|Rillaboom, M|100\/100\n|switch|p2a: Gholdengo|Gholdengo|100\/100\n|-fieldstart|move: Grassy Terrain|[from] ability: Grassy Surge|[of] p1a: Rillaboom\n|turn|1\n|\n|t:|1700142043\n|switch|p2a: Toxapex|Toxapex, M|100\/100\n|move|p1a: Rillaboom|U-turn|p2a: Toxapex\n|-resisted|p2a: Toxapex\n|-damage|p2a: Toxapex|93\/100\n|\n|t:|1700142046\n|switch|p1a: Ursaluna|Ursaluna, F|100\/100|[from] U-turn\n|\n|-heal|p2a: Toxapex|99\/100|[from] Grassy Terrain\n|-status|p1a: Ursaluna|brn|[from] item: Flame Orb\n|upkeep\n|turn|2\n|\n|t:|1700142059\n|switch|p2a: Zamazenta|Zamazenta|100\/100\n|-ability|p2a: Zamazenta|Dauntless Shield|boost\n|-boost|p2a: Zamazenta|def|1\n|move|p1a: Ursaluna|Headlong Rush|p2a: Zamazenta\n|-crit|p2a: Zamazenta\n|-damage|p2a: Zamazenta|0 fnt\n|-unboost|p1a: Ursaluna|def|1\n|-unboost|p1a: Ursaluna|spd|1\n|faint|p2a: Zamazenta\n|\n|-damage|p1a: Ursaluna|94\/100 brn|[from] brn\n|upkeep\n|inactive|mamaw31180 has 270 seconds left.\n|inactive|mamaw31180 has 240 seconds left.\n|inactive|mamaw31180 has 210 seconds left.\n|\n|t:|1700142147\n|switch|p2a: Samurott|Samurott-Hisui, F|100\/100\n|turn|3\n|\n|t:|1700142162\n|switch|p1a: Rillaboom|Rillaboom, M|100\/100\n|move|p2a: Samurott|Razor Shell|p1a: Rillaboom\n|-resisted|p1a: Rillaboom\n|-damage|p1a: Rillaboom|73\/100\n|\n|-heal|p1a: Rillaboom|79\/100|[from] Grassy Terrain\n|upkeep\n|turn|4\n|\n|t:|1700142170\n|move|p2a: Samurott|Ceaseless Edge|p1a: Rillaboom\n|-damage|p1a: Rillaboom|37\/100\n|-sidestart|p1: ando bien ferenia|Spikes\n|move|p1a: Rillaboom|U-turn|p2a: Samurott\n|-supereffective|p2a: Samurott\n|-damage|p2a: Samurott|34\/100\n|inactive|ando bien ferenia has 270 seconds left.\n|\n|t:|1700142209\n|switch|p1a: Hatterene|Hatterene, F|100\/100|[from] U-turn\n|-damage|p1a: Hatterene|88\/100|[from] Spikes\n|\n|-heal|p2a: Samurott|40\/100|[from] Grassy Terrain\n|-heal|p1a: Hatterene|94\/100|[from] Grassy Terrain\n|upkeep\n|turn|5\n|\n|t:|1700142221\n|move|p2a: Samurott|Ceaseless Edge|p1a: Hatterene\n|-damage|p1a: Hatterene|58\/100\n|-sidestart|p1: ando bien ferenia|Spikes\n|move|p1a: Hatterene|Trick Room|p1a: Hatterene\n|-fieldstart|move: Trick Room|[of] p1a: Hatterene\n|\n|-heal|p1a: Hatterene|64\/100|[from] Grassy Terrain\n|-heal|p2a: Samurott|46\/100|[from] Grassy Terrain\n|-fieldend|move: Grassy Terrain\n|upkeep\n|turn|6\n|inactive|ando bien ferenia has 270 seconds left.\n|inactive|mamaw31180 has 210 seconds left.\n|\n|t:|1700142247\n|switch|p2a: Gholdengo|Gholdengo|100\/100\n|move|p1a: Hatterene|Dazzling Gleam|p2a: Gholdengo\n|-resisted|p2a: Gholdengo\n|-damage|p2a: Gholdengo|82\/100\n|\n|upkeep\n|turn|7\n|\n|t:|1700142256\n|move|p1a: Hatterene|Healing Wish|p1a: Hatterene\n|faint|p1a: Hatterene\n|move|p2a: Gholdengo|Make It Rain|p1: Hatterene|[notarget]\n|-fail|p2a: Gholdengo\n|\n|upkeep\n|\n|t:|1700142266\n|switch|p1a: Ursaluna|Ursaluna, F|94\/100 brn\n|-heal|p1a: Ursaluna|100\/100|[from] move: Healing Wish\n|-damage|p1a: Ursaluna|84\/100|[from] Spikes\n|turn|8\n|inactive|mamaw31180 has 210 seconds left.\n|\n|t:|1700142302\n|switch|p2a: Dragonite|Dragonite, M|100\/100\n|move|p1a: Ursaluna|Headlong Rush|p2a: Dragonite\n|-immune|p2a: Dragonite\n|\n|-status|p1a: Ursaluna|brn|[from] item: Flame Orb\n|upkeep\n|turn|9\n|inactive|mamaw31180 has 180 seconds left.\n|inactive|mamaw31180 has 150 seconds left.\n|\n|t:|1700142359\n|move|p1a: Ursaluna|Ice Punch|p2a: Dragonite\n|-supereffective|p2a: Dragonite\n|-damage|p2a: Dragonite|8\/100\n|move|p2a: Dragonite|Earthquake|p1a: Ursaluna\n|-damage|p1a: Ursaluna|52\/100 brn\n|\n|-damage|p1a: Ursaluna|46\/100 brn|[from] brn\n|-fieldend|move: Trick Room\n|upkeep\n|turn|10\n|inactive|mamaw31180 has 150 seconds left.\n|inactive|mamaw31180 has 120 seconds left.\n|\n|t:|1700142408\n|move|p2a: Dragonite|Extreme Speed|p1a: Ursaluna\n|-damage|p1a: Ursaluna|21\/100 brn\n|move|p1a: Ursaluna|Ice Punch|p2a: Dragonite\n|-supereffective|p2a: Dragonite\n|-damage|p2a: Dragonite|0 fnt\n|faint|p2a: Dragonite\n|\n|-damage|p1a: Ursaluna|15\/100 brn|[from] brn\n|upkeep\n|\n|t:|1700142411\n|switch|p2a: Samurott|Samurott-Hisui, F|46\/100\n|turn|11\n|\n|t:|1700142417\n|move|p2a: Samurott|Ceaseless Edge|p1a: Ursaluna\n|-damage|p1a: Ursaluna|0 fnt\n|-sidestart|p1: ando bien ferenia|Spikes\n|faint|p1a: Ursaluna\n|\n|upkeep\n|\n|t:|1700142419\n|switch|p1a: Rillaboom|Rillaboom, M|37\/100\n|-fieldstart|move: Grassy Terrain|[from] ability: Grassy Surge|[of] p1a: Rillaboom\n|turn|12\n|\n|t:|1700142428\n|switch|p2a: Toxapex|Toxapex, M|100\/100\n|move|p1a: Rillaboom|Grassy Glide|p2a: Toxapex\n|-damage|p2a: Toxapex|77\/100\n|\n|-heal|p1a: Rillaboom|43\/100|[from] Grassy Terrain\n|-heal|p2a: Toxapex|83\/100|[from] Grassy Terrain\n|upkeep\n|turn|13\n|\n|t:|1700142437\n|move|p1a: Rillaboom|Wood Hammer|p2a: Toxapex\n|-damage|p2a: Toxapex|31\/100\n|-damage|p1a: Rillaboom|29\/100|[from] Recoil\n|move|p2a: Toxapex|Toxic|p1a: Rillaboom\n|-status|p1a: Rillaboom|tox\n|\n|-heal|p1a: Rillaboom|35\/100 tox|[from] Grassy Terrain\n|-heal|p2a: Toxapex|38\/100|[from] Grassy Terrain\n|-damage|p1a: Rillaboom|29\/100 tox|[from] psn\n|upkeep\n|turn|14\n|inactive|mamaw31180 has 150 seconds left.\n|\n|t:|1700142447\n|switch|p2a: Gholdengo|Gholdengo|82\/100\n|move|p1a: Rillaboom|Wood Hammer|p2a: Gholdengo\n|-resisted|p2a: Gholdengo\n|-damage|p2a: Gholdengo|46\/100\n|-damage|p1a: Rillaboom|17\/100 tox|[from] Recoil\n|\n|-heal|p1a: Rillaboom|23\/100 tox|[from] Grassy Terrain\n|-heal|p2a: Gholdengo|52\/100|[from] Grassy Terrain\n|-damage|p1a: Rillaboom|11\/100 tox|[from] psn\n|upkeep\n|turn|15\n|\n|t:|1700142455\n|switch|p2a: Toxapex|Toxapex, M|71\/100\n|move|p1a: Rillaboom|Knock Off|p2a: Toxapex\n|-damage|p2a: Toxapex|48\/100\n|-enditem|p2a: Toxapex|Heavy-Duty Boots|[from] move: Knock Off|[of] p1a: Rillaboom\n|\n|-heal|p1a: Rillaboom|17\/100 tox|[from] Grassy Terrain\n|-heal|p2a: Toxapex|54\/100|[from] Grassy Terrain\n|-damage|p1a: Rillaboom|0 fnt|[from] psn\n|faint|p1a: Rillaboom\n|upkeep\n|\n|t:|1700142470\n|switch|p1a: Sneasler|Sneasler, F|100\/100\n|-damage|p1a: Sneasler|76\/100|[from] Spikes\n|-enditem|p1a: Sneasler|Grassy Seed\n|-boost|p1a: Sneasler|def|1|[from] item: Grassy Seed\n|turn|16\n|\n|t:|1700142481\n|move|p1a: Sneasler|Swords Dance|p1a: Sneasler\n|-boost|p1a: Sneasler|atk|2\n|move|p2a: Toxapex|Haze|p2a: Toxapex\n|-clearallboost\n|\n|-heal|p1a: Sneasler|82\/100|[from] Grassy Terrain\n|-heal|p2a: Toxapex|61\/100|[from] Grassy Terrain\n|-fieldend|move: Grassy Terrain\n|upkeep\n|turn|17\n|\n|t:|1700142489\n|move|p1a: Sneasler|Swords Dance|p1a: Sneasler\n|-boost|p1a: Sneasler|atk|2\n|move|p2a: Toxapex|Surf|p1a: Sneasler\n|-damage|p1a: Sneasler|61\/100\n|\n|upkeep\n|turn|18\n|\n|t:|1700142497\n|move|p1a: Sneasler|Shadow Claw|p2a: Toxapex\n|-crit|p2a: Toxapex\n|-damage|p2a: Toxapex|11\/100\n|move|p2a: Toxapex|Haze|p2a: Toxapex\n|-clearallboost\n|\n|upkeep\n|turn|19\n|inactive|mamaw31180 has 180 seconds left.\n|\n|t:|1700142529\n|switch|p2a: Gholdengo|Gholdengo|52\/100\n|move|p1a: Sneasler|Swords Dance|p1a: Sneasler\n|-boost|p1a: Sneasler|atk|2\n|\n|upkeep\n|turn|20\n|inactive|ando bien ferenia has 270 seconds left.\n|\n|t:|1700142571\n|move|p1a: Sneasler|Shadow Claw|p2a: Gholdengo\n|-supereffective|p2a: Gholdengo\n|-damage|p2a: Gholdengo|0 fnt\n|faint|p2a: Gholdengo\n|\n|upkeep\n|inactive|mamaw31180 has 150 seconds left.\n|\n|t:|1700142585\n|switch|p2a: Toxapex|Toxapex, M|45\/100\n|turn|21\n|inactive|ando bien ferenia has 270 seconds left.\n|\n|t:|1700142598\n|move|p1a: Sneasler|Shadow Claw|p2a: Toxapex\n|-damage|p2a: Toxapex|9\/100\n|move|p2a: Toxapex|Recover|p2a: Toxapex\n|-heal|p2a: Toxapex|59\/100\n|\n|upkeep\n|turn|22\n|\n|t:|1700142603\n|move|p1a: Sneasler|Shadow Claw|p2a: Toxapex\n|-damage|p2a: Toxapex|28\/100\n|move|p2a: Toxapex|Recover|p2a: Toxapex\n|-heal|p2a: Toxapex|78\/100\n|\n|upkeep\n|turn|23\n|\n|t:|1700142607\n|move|p1a: Sneasler|Shadow Claw|p2a: Toxapex\n|-damage|p2a: Toxapex|43\/100\n|move|p2a: Toxapex|Recover|p2a: Toxapex\n|-heal|p2a: Toxapex|93\/100\n|\n|upkeep\n|turn|24\n|\n|t:|1700142610\n|move|p1a: Sneasler|Shadow Claw|p2a: Toxapex\n|-damage|p2a: Toxapex|59\/100\n|move|p2a: Toxapex|Haze|p2a: Toxapex\n|-clearallboost\n|\n|upkeep\n|turn|25\n|\n|t:|1700142613\n|move|p1a: Sneasler|Swords Dance|p1a: Sneasler\n|-boost|p1a: Sneasler|atk|2\n|move|p2a: Toxapex|Surf|p1a: Sneasler\n|-damage|p1a: Sneasler|40\/100\n|\n|upkeep\n|turn|26\n|\n|t:|1700142617\n|move|p1a: Sneasler|Swords Dance|p1a: Sneasler\n|-boost|p1a: Sneasler|atk|2\n|move|p2a: Toxapex|Haze|p2a: Toxapex\n|-clearallboost\n|\n|upkeep\n|turn|27\n|\n|t:|1700142622\n|move|p1a: Sneasler|Swords Dance|p1a: Sneasler\n|-boost|p1a: Sneasler|atk|2\n|move|p2a: Toxapex|Surf|p1a: Sneasler\n|-damage|p1a: Sneasler|19\/100\n|\n|upkeep\n|turn|28\n|\n|t:|1700142625\n|move|p1a: Sneasler|Shadow Claw|p2a: Toxapex\n|-damage|p2a: Toxapex|27\/100\n|move|p2a: Toxapex|Recover|p2a: Toxapex\n|-heal|p2a: Toxapex|77\/100\n|\n|upkeep\n|turn|29\n|\n|t:|1700142628\n|move|p1a: Sneasler|Shadow Claw|p2a: Toxapex\n|-damage|p2a: Toxapex|43\/100\n|move|p2a: Toxapex|Haze|p2a: Toxapex\n|-clearallboost\n|\n|upkeep\n|turn|30\n|\n|t:|1700142632\n|move|p1a: Sneasler|Swords Dance|p1a: Sneasler\n|-boost|p1a: Sneasler|atk|2\n|move|p2a: Toxapex|Recover|p2a: Toxapex\n|-heal|p2a: Toxapex|93\/100\n|\n|upkeep\n|turn|31\n|\n|t:|1700142634\n|move|p1a: Sneasler|Shadow Claw|p2a: Toxapex\n|-crit|p2a: Toxapex\n|-damage|p2a: Toxapex|45\/100\n|move|p2a: Toxapex|Surf|p1a: Sneasler\n|-damage|p1a: Sneasler|0 fnt\n|faint|p1a: Sneasler\n|\n|upkeep\n|\n|t:|1700142642\n|switch|p1a: Gholdengo|Gholdengo|100\/100\n|-item|p1a: Gholdengo|Air Balloon\n|turn|32\n|\n|t:|1700142647\n|switch|p2a: Ting-Lu|Ting-Lu|100\/100\n|-ability|p2a: Ting-Lu|Vessel of Ruin\n|move|p1a: Gholdengo|Nasty Plot|p1a: Gholdengo\n|-boost|p1a: Gholdengo|spa|2\n|\n|upkeep\n|turn|33\n|\n|t:|1700142672\n|-terastallize|p1a: Gholdengo|Fairy\n|move|p1a: Gholdengo|Dazzling Gleam|p2a: Ting-Lu\n|-supereffective|p2a: Ting-Lu\n|-damage|p2a: Ting-Lu|30\/100\n|move|p2a: Ting-Lu|Ruination|p1a: Gholdengo\n|-damage|p1a: Gholdengo|51\/100\n|-enditem|p1a: Gholdengo|Air Balloon\n|\n|-heal|p2a: Ting-Lu|37\/100|[from] item: Leftovers\n|upkeep\n|turn|34\n|\n|t:|1700142682\n|move|p1a: Gholdengo|Dazzling Gleam|p2a: Ting-Lu\n|-supereffective|p2a: Ting-Lu\n|-damage|p2a: Ting-Lu|0 fnt\n|faint|p2a: Ting-Lu\n|\n|upkeep\n|\n|t:|1700142684\n|switch|p2a: Samurott|Samurott-Hisui, F|46\/100\n|turn|35\n|\n|t:|1700142692\n|move|p2a: Samurott|Razor Shell|p1a: Gholdengo\n|-damage|p1a: Gholdengo|0 fnt\n|faint|p1a: Gholdengo\n|\n|upkeep\n|\n|t:|1700142695\n|switch|p1a: Dragonite|Dragonite, F|100\/100\n|turn|36\n|\n|t:|1700142698\n|move|p2a: Samurott|Taunt|p1a: Dragonite\n|-start|p1a: Dragonite|move: Taunt\n|cant|p1a: Dragonite|move: Taunt|Dragon Dance\n|\n|upkeep\n|turn|37\n|\n|t:|1700142702\n|move|p2a: Samurott|Knock Off|p1a: Dragonite\n|-damage|p1a: Dragonite|77\/100\n|-enditem|p1a: Dragonite|Leftovers|[from] move: Knock Off|[of] p2a: Samurott\n|move|p1a: Dragonite|Fire Punch|p2a: Samurott\n|-resisted|p2a: Samurott\n|-damage|p2a: Samurott|26\/100\n|-status|p2a: Samurott|brn\n|\n|-damage|p2a: Samurott|20\/100 brn|[from] brn\n|upkeep\n|turn|38\n|\n|t:|1700142705\n|move|p2a: Samurott|Knock Off|p1a: Dragonite\n|-damage|p1a: Dragonite|63\/100\n|move|p1a: Dragonite|Fire Punch|p2a: Samurott\n|-resisted|p2a: Samurott\n|-damage|p2a: Samurott|3\/100 brn\n|\n|-damage|p2a: Samurott|0 fnt|[from] brn\n|faint|p2a: Samurott\n|-end|p1a: Dragonite|move: Taunt\n|upkeep\n|\n|t:|1700142707\n|switch|p2a: Toxapex|Toxapex, M|78\/100\n|turn|39\n|\n|t:|1700142710\n|-terastallize|p2a: Toxapex|Fairy\n|move|p1a: Dragonite|Dragon Dance|p1a: Dragonite\n|-boost|p1a: Dragonite|atk|1\n|-boost|p1a: Dragonite|spe|1\n|move|p2a: Toxapex|Toxic|p1a: Dragonite\n|-status|p1a: Dragonite|tox\n|\n|-damage|p1a: Dragonite|57\/100 tox|[from] psn\n|upkeep\n|turn|40\n|\n|t:|1700142713\n|move|p1a: Dragonite|Fire Punch|p2a: Toxapex\n|-damage|p2a: Toxapex|52\/100\n|-status|p2a: Toxapex|brn\n|move|p2a: Toxapex|Haze|p2a: Toxapex\n|-clearallboost\n|\n|-damage|p1a: Dragonite|45\/100 tox|[from] psn\n|-damage|p2a: Toxapex|46\/100 brn|[from] brn\n|upkeep\n|turn|41\n|\n|t:|1700142719\n|move|p1a: Dragonite|Encore|p2a: Toxapex\n|-start|p2a: Toxapex|Encore\n|move|p2a: Toxapex|Haze|p2a: Toxapex\n|-clearallboost\n|\n|-damage|p1a: Dragonite|26\/100 tox|[from] psn\n|-damage|p2a: Toxapex|39\/100 brn|[from] brn\n|upkeep\n|turn|42\n|\n|t:|1700142724\n|move|p1a: Dragonite|Fire Punch|p2a: Toxapex\n|-damage|p2a: Toxapex|22\/100 brn\n|move|p2a: Toxapex|Haze|p2a: Toxapex\n|-clearallboost\n|\n|-damage|p1a: Dragonite|2\/100 tox|[from] psn\n|-damage|p2a: Toxapex|16\/100 brn|[from] brn\n|upkeep\n|turn|43\n|\n|t:|1700142727\n|move|p1a: Dragonite|Fire Punch|p2a: Toxapex\n|-damage|p2a: Toxapex|0 fnt\n|faint|p2a: Toxapex\n|\n|win|ando bien ferenia\n|c|\u2606ando bien ferenia|gg\n","uploadtime":1700142728,"views":77,"p1id":"andobienferenia","p2id":"mamaw31180","formatid":"gen9ou","rating":0,"private":0,"password":""}