{"id":"smogtours-gen9ou-730079","p1":"oldspicemike","p2":"Aranacana","format":"[Gen 9] OU","log":"|inactive|Battle timer is ON: inactive players will automatically lose when time's up.\n|t:|1699751075\n|gametype|singles\n|player|p1|oldspicemike|#scl3terrors2|\n|player|p2|Aranacana|#scl3foxes|\n|teamsize|p1|6\n|teamsize|p2|6\n|gen|9\n|tier|[Gen 9] OU\n|rule|Sleep Clause Mod: Limit one foe put to sleep\n|rule|Species Clause: Limit one of each Pok\u00e9mon\n|rule|OHKO Clause: OHKO moves are banned\n|rule|Evasion Items Clause: Evasion items are banned\n|rule|Evasion Moves Clause: Evasion moves are banned\n|rule|Endless Battle Clause: Forcing endless battles is banned\n|rule|HP Percentage Mod: HP is shown in percentages\n|clearpoke\n|poke|p1|Weavile, F|\n|poke|p1|Gliscor, F|\n|poke|p1|Samurott-Hisui, F|\n|poke|p1|Iron Moth|\n|poke|p1|Dragonite, F|\n|poke|p1|Clefable, M|\n|poke|p2|Gholdengo|\n|poke|p2|Samurott-Hisui, F|\n|poke|p2|Ting-Lu|\n|poke|p2|Gliscor, F|\n|poke|p2|Zamazenta-*|\n|poke|p2|Sneasler, F|\n|teampreview\n|c|\u2606oldspicemike|hf\n|c|\u2606Aranacana|u2 mate\n|inactive|oldspicemike has 270 seconds left.\n|inactive|Aranacana has 270 seconds left.\n|c|+avarice|go midwest\n|inactive|oldspicemike has 240 seconds left.\n|inactive|Aranacana has 240 seconds left.\n|inactive|oldspicemike has 210 seconds left.\n|inactive|Aranacana has 210 seconds left.\n|inactive|Aranacana has 180 seconds left.\n|\n|t:|1699751197\n|start\n|switch|p1a: Gliscor|Gliscor, F|100\/100\n|switch|p2a: DamienTheSneanius|Sneasler, F|100\/100\n|turn|1\n|inactive|oldspicemike has 270 seconds left.\n|inactive|Aranacana has 240 seconds left.\n|\n|t:|1699751217\n|switch|p2a: Samurott|Samurott-Hisui, F|100\/100\n|move|p1a: Gliscor|Protect||[still]\n|-fail|p1a: Gliscor\n|\n|-status|p1a: Gliscor|tox|[from] item: Toxic Orb\n|upkeep\n|turn|2\n|inactive|oldspicemike has 270 seconds left.\n|inactive|Aranacana has 210 seconds left.\n|\n|t:|1699751248\n|switch|p1a: Clefable|Clefable, M|100\/100\n|move|p2a: Samurott|Knock Off|p1a: Clefable\n|-resisted|p1a: Clefable\n|-damage|p1a: Clefable|85\/100\n|-enditem|p1a: Clefable|Heavy-Duty Boots|[from] move: Knock Off|[of] p2a: Samurott\n|\n|upkeep\n|turn|3\n|inactive|Aranacana has 210 seconds left.\n|\n|t:|1699751268\n|switch|p2a: Gholdengo|Gholdengo|100\/100\n|-item|p2a: Gholdengo|Air Balloon\n|move|p1a: Clefable|Stealth Rock|p2a: Gholdengo\n|-sidestart|p2: Aranacana|move: Stealth Rock\n|\n|upkeep\n|turn|4\n|\n|t:|1699751282\n|switch|p1a: Iron Moth|Iron Moth|100\/100\n|move|p2a: Gholdengo|Thunderbolt|p1a: Iron Moth\n|-damage|p1a: Iron Moth|73\/100\n|\n|upkeep\n|turn|5\n|\n|t:|1699751288\n|switch|p2a: Ting-Lu|Ting-Lu|100\/100\n|-damage|p2a: Ting-Lu|94\/100|[from] Stealth Rock\n|-ability|p2a: Ting-Lu|Vessel of Ruin\n|move|p1a: Iron Moth|U-turn|p2a: Ting-Lu\n|-supereffective|p2a: Ting-Lu\n|-damage|p2a: Ting-Lu|83\/100\n|\n|t:|1699751305\n|-end|p1a: Iron Moth|Quark Drive|[silent]\n|switch|p1a: Samurott|Samurott-Hisui, F|100\/100|[from] U-turn\n|\n|-heal|p2a: Ting-Lu|89\/100|[from] item: Leftovers\n|upkeep\n|turn|6\n|\n|t:|1699751313\n|switch|p2a: DamienTheSneanius|Sneasler, F|100\/100\n|move|p1a: Samurott|Razor Shell|p2a: DamienTheSneanius\n|-damage|p2a: DamienTheSneanius|21\/100\n|-unboost|p2a: DamienTheSneanius|def|1\n|\n|upkeep\n|turn|7\n|\n|t:|1699751331\n|switch|p1a: Gliscor|Gliscor, F|100\/100 tox\n|move|p2a: DamienTheSneanius|Fake Out|p1a: Gliscor\n|-damage|p1a: Gliscor|92\/100 tox\n|\n|-heal|p1a: Gliscor|100\/100 tox|[from] ability: Poison Heal\n|upkeep\n|turn|8\n|\n|t:|1699751340\n|move|p2a: DamienTheSneanius|U-turn|p1a: Gliscor\n|-resisted|p1a: Gliscor\n|-damage|p1a: Gliscor|93\/100 tox\n|\n|t:|1699751350\n|switch|p2a: Samurott|Samurott-Hisui, F|100\/100|[from] U-turn\n|move|p1a: Gliscor|U-turn|p2a: Samurott\n|-supereffective|p2a: Samurott\n|-damage|p2a: Samurott|67\/100\n|inactive|oldspicemike has 240 seconds left.\n|\n|t:|1699751381\n|switch|p1a: Clefable|Clefable, M|85\/100|[from] U-turn\n|\n|upkeep\n|turn|9\n|inactive|Aranacana has 210 seconds left.\n|\n|t:|1699751424\n|switch|p2a: Gholdengo|Gholdengo|100\/100\n|-damage|p2a: Gholdengo|94\/100|[from] Stealth Rock\n|-item|p2a: Gholdengo|Air Balloon\n|move|p1a: Clefable|Moonblast|p2a: Gholdengo\n|-resisted|p2a: Gholdengo\n|-crit|p2a: Gholdengo\n|-damage|p2a: Gholdengo|71\/100\n|-enditem|p2a: Gholdengo|Air Balloon\n|\n|upkeep\n|turn|10\n|inactive|oldspicemike has 240 seconds left.\n|\n|t:|1699751440\n|switch|p1a: Iron Moth|Iron Moth|73\/100\n|move|p2a: Gholdengo|Thunderbolt|p1a: Iron Moth\n|-damage|p1a: Iron Moth|43\/100\n|\n|upkeep\n|turn|11\n|inactive|Aranacana has 180 seconds left.\n|\n|t:|1699751473\n|move|p1a: Iron Moth|Morning Sun|p1a: Iron Moth\n|-heal|p1a: Iron Moth|93\/100\n|move|p2a: Gholdengo|Shadow Ball|p1a: Iron Moth\n|-damage|p1a: Iron Moth|55\/100\n|\n|upkeep\n|turn|12\n|inactive|Aranacana has 180 seconds left.\n|inactive|oldspicemike has 240 seconds left.\n|\n|t:|1699751503\n|move|p1a: Iron Moth|U-turn|p2a: Gholdengo\n|-resisted|p2a: Gholdengo\n|-damage|p2a: Gholdengo|69\/100\n|inactive|oldspicemike has 240 seconds left.\n|\n|t:|1699751509\n|-end|p1a: Iron Moth|Quark Drive|[silent]\n|switch|p1a: Samurott|Samurott-Hisui, F|100\/100|[from] U-turn\n|move|p2a: Gholdengo|Thunderbolt|p1a: Samurott\n|-supereffective|p1a: Samurott\n|-damage|p1a: Samurott|40\/100\n|\n|upkeep\n|turn|13\n|inactive|Aranacana has 150 seconds left.\n|inactive|Aranacana has 120 seconds left.\n|\n|t:|1699751588\n|switch|p1a: Iron Moth|Iron Moth|55\/100\n|switch|p2a: DamienTheSneanius|Sneasler, F|21\/100\n|\n|upkeep\n|turn|14\n|\n|t:|1699751606\n|-end|p1a: Iron Moth|Quark Drive|[silent]\n|switch|p1a: Gliscor|Gliscor, F|93\/100 tox\n|move|p2a: DamienTheSneanius|U-turn|p1a: Gliscor\n|-resisted|p1a: Gliscor\n|-damage|p1a: Gliscor|85\/100 tox\n|\n|t:|1699751616\n|switch|p2a: Samurott|Samurott-Hisui, F|67\/100|[from] U-turn\n|\n|-heal|p1a: Gliscor|98\/100 tox|[from] ability: Poison Heal\n|upkeep\n|turn|15\n|inactive|oldspicemike has 240 seconds left.\n|\n|t:|1699751646\n|move|p2a: Samurott|Ceaseless Edge|p1a: Gliscor\n|-damage|p1a: Gliscor|72\/100 tox\n|-sidestart|p1: oldspicemike|Spikes\n|move|p1a: Gliscor|U-turn|p2a: Samurott\n|-supereffective|p2a: Samurott\n|-crit|p2a: Samurott\n|-damage|p2a: Samurott|17\/100\n|\n|t:|1699751661\n|switch|p1a: Weavile|Weavile, F|100\/100|[from] U-turn\n|\n|upkeep\n|turn|16\n|\n|t:|1699751670\n|move|p1a: Weavile|Knock Off|p2a: Samurott\n|-resisted|p2a: Samurott\n|-damage|p2a: Samurott|0 fnt\n|-enditem|p2a: Samurott|Heavy-Duty Boots|[from] move: Knock Off|[of] p1a: Weavile\n|faint|p2a: Samurott\n|\n|upkeep\n|inactive|Aranacana has 90 seconds left.\n|\n|t:|1699751707\n|switch|p2a: Zamazenta|Zamazenta|100\/100\n|-ability|p2a: Zamazenta|Dauntless Shield|boost\n|-boost|p2a: Zamazenta|def|1\n|turn|17\n|inactive|oldspicemike has 240 seconds left.\n|\n|t:|1699751733\n|switch|p1a: Clefable|Clefable, M|85\/100\n|-damage|p1a: Clefable|73\/100|[from] Spikes\n|move|p2a: Zamazenta|Ice Fang|p1a: Clefable\n|-damage|p1a: Clefable|56\/100\n|\n|upkeep\n|turn|18\n|inactive|oldspicemike has 240 seconds left.\n|inactive|oldspicemike has 210 seconds left.\n|inactive|Aranacana has 60 seconds left.\n|\n|t:|1699751776\n|-terastallize|p1a: Clefable|Poison\n|move|p2a: Zamazenta|Heavy Slam|p1a: Clefable\n|-damage|p1a: Clefable|21\/100\n|move|p1a: Clefable|Moonlight|p1a: Clefable\n|-heal|p1a: Clefable|71\/100\n|\n|upkeep\n|turn|19\n|inactive|oldspicemike has 210 seconds left.\n|\n|t:|1699751784\n|switch|p2a: Gholdengo|Gholdengo|69\/100\n|-damage|p2a: Gholdengo|63\/100|[from] Stealth Rock\n|move|p1a: Clefable|Moonlight|p1a: Clefable\n|-heal|p1a: Clefable|100\/100\n|\n|upkeep\n|turn|20\n|\n|t:|1699751793\n|switch|p1a: Iron Moth|Iron Moth|55\/100\n|move|p2a: Gholdengo|Shadow Ball|p1a: Iron Moth\n|-crit|p1a: Iron Moth\n|-damage|p1a: Iron Moth|2\/100\n|-unboost|p1a: Iron Moth|spd|1\n|\n|upkeep\n|turn|21\n|inactive|oldspicemike has 210 seconds left.\n|\n|t:|1699751821\n|switch|p2a: Ting-Lu|Ting-Lu|89\/100\n|-damage|p2a: Ting-Lu|83\/100|[from] Stealth Rock\n|-ability|p2a: Ting-Lu|Vessel of Ruin\n|move|p1a: Iron Moth|Fiery Dance|p2a: Ting-Lu\n|-damage|p2a: Ting-Lu|64\/100\n|\n|-heal|p2a: Ting-Lu|70\/100|[from] item: Leftovers\n|upkeep\n|turn|22\n|\n|t:|1699751828\n|move|p1a: Iron Moth|U-turn|p2a: Ting-Lu\n|-supereffective|p2a: Ting-Lu\n|-damage|p2a: Ting-Lu|58\/100\n|inactive|oldspicemike has 210 seconds left.\n|\n|t:|1699751836\n|-end|p1a: Iron Moth|Quark Drive|[silent]\n|switch|p1a: Gliscor|Gliscor, F|72\/100 tox|[from] U-turn\n|move|p2a: Ting-Lu|Stealth Rock|p1a: Gliscor\n|-sidestart|p1: oldspicemike|move: Stealth Rock\n|\n|-heal|p2a: Ting-Lu|64\/100|[from] item: Leftovers\n|-heal|p1a: Gliscor|84\/100 tox|[from] ability: Poison Heal\n|upkeep\n|turn|23\n|inactive|oldspicemike has 210 seconds left.\n|\n|t:|1699751854\n|move|p1a: Gliscor|Toxic|p2a: Ting-Lu\n|-status|p2a: Ting-Lu|tox\n|move|p2a: Ting-Lu|Whirlwind|p1a: Gliscor\n|drag|p1a: Dragonite|Dragonite, F|100\/100\n|\n|-heal|p2a: Ting-Lu|70\/100 tox|[from] item: Leftovers\n|-damage|p2a: Ting-Lu|64\/100 tox|[from] psn\n|upkeep\n|turn|24\n|inactive|oldspicemike has 210 seconds left.\n|\n|t:|1699751865\n|switch|p1a: Gliscor|Gliscor, F|84\/100 tox\n|-damage|p1a: Gliscor|72\/100 tox|[from] Stealth Rock\n|switch|p2a: Gliscor|Gliscor, F|100\/100\n|-damage|p2a: Gliscor|88\/100|[from] Stealth Rock\n|\n|-heal|p1a: Gliscor|84\/100 tox|[from] ability: Poison Heal\n|-status|p2a: Gliscor|tox|[from] item: Toxic Orb\n|upkeep\n|turn|25\n|inactive|oldspicemike has 210 seconds left.\n|\n|t:|1699751885\n|move|p2a: Gliscor|Ice Fang|p1a: Gliscor\n|-supereffective|p1a: Gliscor\n|-damage|p1a: Gliscor|52\/100 tox\n|move|p1a: Gliscor|U-turn|p2a: Gliscor\n|-resisted|p2a: Gliscor\n|-crit|p2a: Gliscor\n|-damage|p2a: Gliscor|79\/100 tox\n|inactive|oldspicemike has 210 seconds left.\n|\n|t:|1699751893\n|switch|p1a: Weavile|Weavile, F|100\/100|[from] U-turn\n|\n|-heal|p2a: Gliscor|92\/100 tox|[from] ability: Poison Heal\n|upkeep\n|turn|26\n|inactive|Aranacana has 60 seconds left.\n|inactive|Aranacana has 30 seconds left.\n|\n|t:|1699751951\n|switch|p2a: Ting-Lu|Ting-Lu|64\/100 tox\n|-damage|p2a: Ting-Lu|58\/100 tox|[from] Stealth Rock\n|-ability|p2a: Ting-Lu|Vessel of Ruin\n|move|p1a: Weavile|Icicle Crash|p2a: Ting-Lu\n|-supereffective|p2a: Ting-Lu\n|-damage|p2a: Ting-Lu|12\/100 tox\n|\n|-heal|p2a: Ting-Lu|18\/100 tox|[from] item: Leftovers\n|-damage|p2a: Ting-Lu|12\/100 tox|[from] psn\n|upkeep\n|turn|27\n|inactive|oldspicemike has 210 seconds left.\n|\n|t:|1699751974\n|move|p1a: Weavile|Ice Shard|p2a: Ting-Lu\n|-supereffective|p2a: Ting-Lu\n|-damage|p2a: Ting-Lu|0 fnt\n|faint|p2a: Ting-Lu\n|\n|upkeep\n|\n|t:|1699751977\n|switch|p2a: Zamazenta|Zamazenta|100\/100\n|turn|28\n|inactive|oldspicemike has 210 seconds left.\n|\n|t:|1699751998\n|switch|p1a: Clefable|Clefable, M, tera:Poison|100\/100\n|-damage|p1a: Clefable|88\/100|[from] Spikes\n|-damage|p1a: Clefable|76\/100|[from] Stealth Rock\n|-terastallize|p2a: Zamazenta|Steel\n|move|p2a: Zamazenta|Heavy Slam|p1a: Clefable\n|-damage|p1a: Clefable|28\/100\n|\n|upkeep\n|turn|29\n|\n|t:|1699752012\n|move|p2a: Zamazenta|Heavy Slam|p1a: Clefable\n|-damage|p1a: Clefable|0 fnt\n|faint|p1a: Clefable\n|\n|upkeep\n|inactive|oldspicemike has 180 seconds left.\n|inactive|oldspicemike has 150 seconds left.\n|inactive|oldspicemike has 120 seconds left.\n|\n|t:|1699752098\n|switch|p1a: Gliscor|Gliscor, F|52\/100 tox\n|-damage|p1a: Gliscor|40\/100 tox|[from] Stealth Rock\n|turn|30\n|\n|t:|1699752105\n|move|p1a: Gliscor|Protect|p1a: Gliscor\n|-singleturn|p1a: Gliscor|Protect\n|move|p2a: Zamazenta|Ice Fang|p1a: Gliscor\n|-activate|p1a: Gliscor|move: Protect\n|\n|-heal|p1a: Gliscor|52\/100 tox|[from] ability: Poison Heal\n|upkeep\n|turn|31\n|inactive|oldspicemike has 120 seconds left.\n|inactive|oldspicemike has 90 seconds left.\n|\n|t:|1699752160\n|move|p1a: Gliscor|Protect||[still]\n|-fail|p1a: Gliscor\n|move|p2a: Zamazenta|Ice Fang|p1a: Gliscor\n|-supereffective|p1a: Gliscor\n|-damage|p1a: Gliscor|0 fnt\n|faint|p1a: Gliscor\n|\n|upkeep\n|inactive|oldspicemike has 90 seconds left.\n|\n|t:|1699752181\n|switch|p1a: Dragonite|Dragonite, F|100\/100\n|turn|32\n|inactive|Aranacana has 60 seconds left.\n|\n|t:|1699752210\n|switch|p2a: Gholdengo|Gholdengo|63\/100\n|-damage|p2a: Gholdengo|57\/100|[from] Stealth Rock\n|move|p1a: Dragonite|Earthquake|p2a: Gholdengo\n|-supereffective|p2a: Gholdengo\n|-damage|p2a: Gholdengo|0 fnt\n|faint|p2a: Gholdengo\n|\n|upkeep\n|\n|t:|1699752212\n|switch|p2a: DamienTheSneanius|Sneasler, F|21\/100\n|turn|33\n|inactive|oldspicemike has 90 seconds left.\n|\n|t:|1699752246\n|switch|p1a: Iron Moth|Iron Moth|2\/100\n|move|p2a: DamienTheSneanius|U-turn|p1a: Iron Moth\n|-resisted|p1a: Iron Moth\n|-damage|p1a: Iron Moth|0 fnt\n|faint|p1a: Iron Moth\n|-end|p1a: Iron Moth|Quark Drive|[silent]\n|\n|t:|1699752251\n|switch|p2a: Zamazenta|Zamazenta, tera:Steel|100\/100|[from] U-turn\n|\n|upkeep\n|\n|t:|1699752258\n|switch|p1a: Dragonite|Dragonite, F|100\/100\n|turn|34\n|inactive|Aranacana has 30 seconds left.\n|inactive|Aranacana has 20 seconds left.\n|\n|t:|1699752293\n|switch|p2a: DamienTheSneanius|Sneasler, F|21\/100\n|move|p1a: Dragonite|Earthquake|p2a: DamienTheSneanius\n|-supereffective|p2a: DamienTheSneanius\n|-damage|p2a: DamienTheSneanius|0 fnt\n|faint|p2a: DamienTheSneanius\n|\n|upkeep\n|inactive|Aranacana has 25 seconds left this turn.\n|\n|t:|1699752297\n|switch|p2a: Gliscor|Gliscor, F|92\/100 tox\n|-damage|p2a: Gliscor|79\/100 tox|[from] Stealth Rock\n|turn|35\n|inactive|Aranacana has 30 seconds left.\n|inactive|Aranacana has 20 seconds left.\n|inactive|Aranacana has 15 seconds left.\n|inactive|oldspicemike has 90 seconds left.\n|\n|t:|1699752349\n|switch|p2a: Zamazenta|Zamazenta, tera:Steel|100\/100\n|switch|p1a: Weavile|Weavile, F|100\/100\n|\n|upkeep\n|turn|36\n|inactive|Aranacana has 25 seconds left this turn.\n|inactive|Aranacana has 20 seconds left.\n|inactive|oldspicemike has 60 seconds left.\n|\n|t:|1699752366\n|move|p1a: Weavile|Low Kick|p2a: Zamazenta\n|-supereffective|p2a: Zamazenta\n|-damage|p2a: Zamazenta|30\/100\n|move|p2a: Zamazenta|Heavy Slam|p1a: Weavile\n|-supereffective|p1a: Weavile\n|-damage|p1a: Weavile|0 fnt\n|faint|p1a: Weavile\n|\n|upkeep\n|inactive|Aranacana has 25 seconds left this turn.\n|inactive|oldspicemike has 60 seconds left.\n|\n|t:|1699752374\n|switch|p1a: Dragonite|Dragonite, F|100\/100\n|turn|37\n|inactive|Aranacana has 30 seconds left.\n|inactive|oldspicemike has 60 seconds left.\n|inactive|Aranacana has 20 seconds left.\n|inactive|Aranacana has 15 seconds left.\n|inactive|Aranacana has 10 seconds left.\n|\n|t:|1699752399\n|switch|p2a: Gliscor|Gliscor, F|79\/100 tox\n|-damage|p2a: Gliscor|67\/100 tox|[from] Stealth Rock\n|switch|p1a: Samurott|Samurott-Hisui, F|40\/100\n|\n|-heal|p2a: Gliscor|79\/100 tox|[from] ability: Poison Heal\n|upkeep\n|turn|38\n|inactive|Aranacana has 20 seconds left this turn.\n|inactive|Aranacana has 15 seconds left.\n|\n|t:|1699752409\n|move|p2a: Gliscor|Protect|p2a: Gliscor\n|-singleturn|p2a: Gliscor|Protect\n|move|p1a: Samurott|Razor Shell|p2a: Gliscor\n|-activate|p2a: Gliscor|move: Protect\n|\n|-heal|p2a: Gliscor|92\/100 tox|[from] ability: Poison Heal\n|upkeep\n|turn|39\n|inactive|Aranacana has 25 seconds left this turn.\n|inactive|Aranacana has 20 seconds left.\n|\n|t:|1699752417\n|move|p2a: Gliscor|Earthquake|p1a: Samurott\n|-damage|p1a: Samurott|2\/100\n|move|p1a: Samurott|Razor Shell|p2a: Gliscor\n|-supereffective|p2a: Gliscor\n|-damage|p2a: Gliscor|18\/100 tox\n|\n|-heal|p2a: Gliscor|31\/100 tox|[from] ability: Poison Heal\n|upkeep\n|turn|40\n|inactive|Aranacana has 30 seconds left this turn.\n|inactive|Aranacana has 20 seconds left.\n|inactive|Aranacana has 15 seconds left.\n|\n|t:|1699752436\n|move|p2a: Gliscor|Protect|p2a: Gliscor\n|-singleturn|p2a: Gliscor|Protect\n|move|p1a: Samurott|Rest|p1a: Samurott\n|-status|p1a: Samurott|slp|[from] move: Rest\n|-heal|p1a: Samurott|100\/100 slp|[silent]\n|\n|-heal|p2a: Gliscor|43\/100 tox|[from] ability: Poison Heal\n|upkeep\n|turn|41\n|inactive|Aranacana has 25 seconds left this turn.\n|inactive|Aranacana has 20 seconds left.\n|c|\u2606Aranacana|yo\n|inactive|Aranacana has 15 seconds left.\n|inactive|Aranacana has 10 seconds left.\n|\n|t:|1699752454\n|move|p2a: Gliscor|Swords Dance|p2a: Gliscor\n|-boost|p2a: Gliscor|atk|2\n|cant|p1a: Samurott|slp\n|move|p1a: Samurott|Sleep Talk|p1a: Samurott\n|move|p1a: Samurott|Ceaseless Edge|p2a: Gliscor|[from]move: Sleep Talk\n|-damage|p2a: Gliscor|13\/100 tox\n|-sidestart|p2: Aranacana|Spikes\n|\n|-heal|p2a: Gliscor|26\/100 tox|[from] ability: Poison Heal\n|upkeep\n|turn|42\n|inactive|Aranacana has 20 seconds left this turn.\n|inactive|oldspicemike has 90 seconds left.\n|inactive|Aranacana has 15 seconds left.\n|\n|t:|1699752463\n|move|p2a: Gliscor|Earthquake|p1a: Samurott\n|-damage|p1a: Samurott|32\/100 slp\n|cant|p1a: Samurott|slp\n|move|p1a: Samurott|Sleep Talk|p1a: Samurott\n|move|p1a: Samurott|Razor Shell|p2a: Gliscor|[from]move: Sleep Talk\n|-supereffective|p2a: Gliscor\n|-damage|p2a: Gliscor|0 fnt\n|faint|p2a: Gliscor\n|\n|upkeep\n|inactive|Aranacana has 20 seconds left this turn.\n|inactive|Aranacana has 15 seconds left.\n|\n|t:|1699752470\n|switch|p2a: Zamazenta|Zamazenta, tera:Steel|30\/100\n|turn|43\n|inactive|Aranacana has 25 seconds left this turn.\n|inactive|Aranacana has 20 seconds left.\n|\n|t:|1699752476\n|move|p2a: Zamazenta|Close Combat|p1a: Samurott\n|-supereffective|p1a: Samurott\n|-crit|p1a: Samurott\n|-damage|p1a: Samurott|0 fnt\n|-unboost|p2a: Zamazenta|def|1\n|-unboost|p2a: Zamazenta|spd|1\n|faint|p1a: Samurott\n|\n|upkeep\n|inactive|Aranacana has 25 seconds left this turn.\n|\n|t:|1699752479\n|switch|p1a: Dragonite|Dragonite, F|100\/100\n|turn|44\n|inactive|Aranacana has 30 seconds left.\n|\n|t:|1699752487\n|move|p2a: Zamazenta|Ice Fang|p1a: Dragonite\n|-supereffective|p1a: Dragonite\n|-crit|p1a: Dragonite\n|-damage|p1a: Dragonite|28\/100\n|move|p1a: Dragonite|Earthquake|p2a: Zamazenta\n|-supereffective|p2a: Zamazenta\n|-damage|p2a: Zamazenta|0 fnt\n|faint|p2a: Zamazenta\n|\n|win|oldspicemike\n|c|\u2606oldspicemike|gg\n","uploadtime":1699752489,"views":784,"p1id":"oldspicemike","p2id":"aranacana","formatid":"gen9ou","rating":0,"private":0,"password":""}