{"id":"smogtours-gen9ou-731319","p1":"longestbanana","p2":"Hachimaki98","format":"[Gen 9] OU","log":"|inactive|Battle timer is ON: inactive players will automatically lose when time's up.\n|t:|1700346309\n|gametype|singles\n|player|p1|longestbanana|1|\n|player|p2|Hachimaki98|jupiter|\n|teamsize|p1|6\n|teamsize|p2|6\n|gen|9\n|tier|[Gen 9] OU\n|rule|Sleep Clause Mod: Limit one foe put to sleep\n|rule|Species Clause: Limit one of each Pok\u00e9mon\n|rule|OHKO Clause: OHKO moves are banned\n|rule|Evasion Items Clause: Evasion items are banned\n|rule|Evasion Moves Clause: Evasion moves are banned\n|rule|Endless Battle Clause: Forcing endless battles is banned\n|rule|HP Percentage Mod: HP is shown in percentages\n|clearpoke\n|poke|p1|Slowking-Galar, F|\n|poke|p1|Iron Valiant|\n|poke|p1|Kingambit, F|\n|poke|p1|Great Tusk|\n|poke|p1|Rillaboom, F|\n|poke|p1|Rotom-Wash|\n|poke|p2|Zamazenta-*|\n|poke|p2|Iron Moth|\n|poke|p2|Rillaboom, F|\n|poke|p2|Sneasler, F|\n|poke|p2|Walking Wake|\n|poke|p2|Heatran, M|\n|teampreview\n|inactive|Hachimaki98 also wants the timer to be on.\n|c|\u2606Hachimaki98|hf\n|c|\u2606longestbanana|hf\n|c|+Ciro\u273fNapoli|:0\n|inactive|longestbanana has 270 seconds left.\n|inactive|Hachimaki98 has 270 seconds left.\n|inactive|longestbanana has 240 seconds left.\n|inactive|Hachimaki98 has 240 seconds left.\n|inactive|longestbanana has 210 seconds left.\n|inactive|Hachimaki98 has 210 seconds left.\n|inactive|longestbanana has 180 seconds left.\n|inactive|Hachimaki98 has 180 seconds left.\n|inactive|Hachimaki98 has 150 seconds left.\n|inactive|Hachimaki98 has 120 seconds left.\n|inactive|Hachimaki98 has 90 seconds left.\n|\n|t:|1700346546\n|start\n|switch|p1a: Rillaboom|Rillaboom, F|100\/100\n|switch|p2a: Rillaboom|Rillaboom, F|100\/100\n|-fieldstart|move: Grassy Terrain|[from] ability: Grassy Surge|[of] p1a: Rillaboom\n|turn|1\n|inactive|longestbanana has 210 seconds left.\n|inactive|Hachimaki98 has 120 seconds left.\n|\n|t:|1700346569\n|move|p2a: Rillaboom|U-turn|p1a: Rillaboom\n|-supereffective|p1a: Rillaboom\n|-damage|p1a: Rillaboom|17\/100\n|\n|t:|1700346585\n|switch|p2a: Zamazenta|Zamazenta|100\/100|[from] U-turn\n|-ability|p2a: Zamazenta|Dauntless Shield|boost\n|-boost|p2a: Zamazenta|def|1\n|move|p1a: Rillaboom|U-turn|p2a: Zamazenta\n|-resisted|p2a: Zamazenta\n|-damage|p2a: Zamazenta|91\/100\n|inactive|longestbanana has 210 seconds left.\n|\n|t:|1700346591\n|switch|p1a: Iron Valiant|Iron Valiant|100\/100|[from] U-turn\n|\n|-heal|p2a: Zamazenta|97\/100|[from] Grassy Terrain\n|-heal|p2a: Zamazenta|100\/100|[from] item: Leftovers\n|upkeep\n|turn|2\n|inactive|longestbanana has 210 seconds left.\n|inactive|Hachimaki98 has 90 seconds left.\n|\n|t:|1700346631\n|switch|p2a: Iron Moth|Iron Moth|100\/100\n|-enditem|p2a: Iron Moth|Booster Energy\n|-activate|p2a: Iron Moth|ability: Quark Drive|[fromitem]\n|-start|p2a: Iron Moth|quarkdrivespe\n|move|p1a: Iron Valiant|Aura Sphere|p2a: Iron Moth\n|-resisted|p2a: Iron Moth\n|-damage|p2a: Iron Moth|69\/100\n|\n|-heal|p2a: Iron Moth|75\/100|[from] Grassy Terrain\n|upkeep\n|turn|3\n|inactive|Hachimaki98 has 90 seconds left.\n|inactive|longestbanana has 210 seconds left.\n|\n|t:|1700346647\n|-end|p1a: Iron Valiant|Quark Drive|[silent]\n|switch|p1a: Slowking|Slowking-Galar, F|100\/100\n|move|p2a: Iron Moth|Fiery Dance|p1a: Slowking\n|-crit|p1a: Slowking\n|-damage|p1a: Slowking|52\/100\n|-boost|p2a: Iron Moth|spa|1\n|\n|-heal|p2a: Iron Moth|81\/100|[from] Grassy Terrain\n|-heal|p1a: Slowking|59\/100|[from] Grassy Terrain\n|upkeep\n|turn|4\n|inactive|longestbanana has 210 seconds left.\n|inactive|Hachimaki98 has 90 seconds left.\n|\n|t:|1700346655\n|move|p2a: Iron Moth|Substitute|p2a: Iron Moth\n|-start|p2a: Iron Moth|Substitute\n|-damage|p2a: Iron Moth|56\/100\n|move|p1a: Slowking|Future Sight|p2a: Iron Moth\n|-start|p1a: Slowking|move: Future Sight\n|\n|-heal|p2a: Iron Moth|62\/100|[from] Grassy Terrain\n|-heal|p1a: Slowking|65\/100|[from] Grassy Terrain\n|upkeep\n|turn|5\n|\n|t:|1700346659\n|move|p2a: Iron Moth|Fiery Dance|p1a: Slowking\n|-damage|p1a: Slowking|13\/100\n|-boost|p2a: Iron Moth|spa|1\n|move|p1a: Slowking|Surf|p2a: Iron Moth\n|-supereffective|p2a: Iron Moth\n|-end|p2a: Iron Moth|Substitute\n|\n|-heal|p2a: Iron Moth|68\/100|[from] Grassy Terrain\n|-heal|p1a: Slowking|19\/100|[from] Grassy Terrain\n|-fieldend|move: Grassy Terrain\n|upkeep\n|turn|6\n|inactive|Hachimaki98 has 90 seconds left.\n|\n|t:|1700346687\n|-terastallize|p2a: Iron Moth|Grass\n|move|p2a: Iron Moth|Energy Ball|p1a: Slowking\n|-resisted|p1a: Slowking\n|-damage|p1a: Slowking|0 fnt\n|faint|p1a: Slowking\n|\n|-end|p2a: Iron Moth|move: Future Sight\n|-damage|p2a: Iron Moth|20\/100\n|upkeep\n|\n|t:|1700346693\n|switch|p1a: Kingambit|Kingambit, F|100\/100\n|-activate|p1a: Kingambit|ability: Supreme Overlord\n|-start|p1a: Kingambit|fallen1|[silent]\n|turn|7\n|\n|t:|1700346698\n|-end|p2a: Iron Moth|Quark Drive|[silent]\n|switch|p2a: Zamazenta|Zamazenta|100\/100\n|move|p1a: Kingambit|Sucker Punch||[still]\n|-fail|p1a: Kingambit\n|\n|upkeep\n|turn|8\n|\n|t:|1700346707\n|switch|p2a: Rillaboom|Rillaboom, F|100\/100\n|-fieldstart|move: Grassy Terrain|[from] ability: Grassy Surge|[of] p2a: Rillaboom\n|-end|p1a: Kingambit|fallen1|[silent]\n|switch|p1a: Rotom|Rotom-Wash|100\/100\n|\n|upkeep\n|turn|9\n|\n|t:|1700346721\n|-terastallize|p1a: Rotom|Steel\n|move|p1a: Rotom|Will-O-Wisp|p2a: Rillaboom\n|-status|p2a: Rillaboom|brn\n|move|p2a: Rillaboom|Wood Hammer|p1a: Rotom\n|-resisted|p1a: Rotom\n|-damage|p1a: Rotom|66\/100\n|-damage|p2a: Rillaboom|91\/100 brn|[from] Recoil\n|\n|-heal|p2a: Rillaboom|97\/100 brn|[from] Grassy Terrain\n|-damage|p2a: Rillaboom|91\/100 brn|[from] brn\n|upkeep\n|turn|10\n|inactive|longestbanana has 240 seconds left.\n|\n|t:|1700346732\n|switch|p1a: Rillaboom|Rillaboom, F|17\/100\n|switch|p2a: Iron Moth|Iron Moth, tera:Grass|20\/100\n|\n|-heal|p2a: Iron Moth|26\/100|[from] Grassy Terrain\n|-heal|p1a: Rillaboom|23\/100|[from] Grassy Terrain\n|upkeep\n|turn|11\n|inactive|longestbanana has 240 seconds left.\n|inactive|Hachimaki98 has 90 seconds left.\n|\n|t:|1700346759\n|-end|p2a: Iron Moth|Quark Drive|[silent]\n|switch|p2a: Rillaboom|Rillaboom, F|91\/100 brn\n|move|p1a: Rillaboom|U-turn|p2a: Rillaboom\n|-supereffective|p2a: Rillaboom\n|-damage|p2a: Rillaboom|6\/100 brn\n|\n|t:|1700346765\n|switch|p1a: Rotom|Rotom-Wash, tera:Steel|66\/100|[from] U-turn\n|\n|-heal|p2a: Rillaboom|12\/100 brn|[from] Grassy Terrain\n|-damage|p2a: Rillaboom|6\/100 brn|[from] brn\n|upkeep\n|turn|12\n|\n|t:|1700346771\n|move|p2a: Rillaboom|Grassy Glide|p1a: Rotom\n|-resisted|p1a: Rotom\n|-damage|p1a: Rotom|49\/100\n|move|p1a: Rotom|Volt Switch|p2a: Rillaboom\n|-resisted|p2a: Rillaboom\n|-damage|p2a: Rillaboom|0 fnt\n|faint|p2a: Rillaboom\n|inactive|longestbanana has 240 seconds left.\n|\n|t:|1700346784\n|switch|p1a: Iron Valiant|Iron Valiant|100\/100|[from] Volt Switch\n|\n|-fieldend|move: Grassy Terrain\n|upkeep\n|inactive|Hachimaki98 has 90 seconds left.\n|\n|t:|1700346810\n|switch|p2a: Sneasler|Sneasler, F|100\/100\n|turn|13\n|inactive|Hachimaki98 has 90 seconds left.\n|\n|t:|1700346817\n|-end|p1a: Iron Valiant|Quark Drive|[silent]\n|switch|p1a: Rotom|Rotom-Wash, tera:Steel|49\/100\n|switch|p2a: Iron Moth|Iron Moth, tera:Grass|26\/100\n|\n|upkeep\n|turn|14\n|\n|t:|1700346831\n|move|p1a: Rotom|Volt Switch|p2a: Iron Moth\n|-resisted|p2a: Iron Moth\n|-damage|p2a: Iron Moth|10\/100\n|\n|t:|1700346840\n|switch|p1a: Rillaboom|Rillaboom, F|23\/100|[from] Volt Switch\n|-fieldstart|move: Grassy Terrain|[from] ability: Grassy Surge|[of] p1a: Rillaboom\n|move|p2a: Iron Moth|Fiery Dance|p1a: Rillaboom\n|-supereffective|p1a: Rillaboom\n|-damage|p1a: Rillaboom|0 fnt\n|faint|p1a: Rillaboom\n|\n|-heal|p2a: Iron Moth|16\/100|[from] Grassy Terrain\n|upkeep\n|\n|t:|1700346845\n|switch|p1a: Rotom|Rotom-Wash, tera:Steel|49\/100\n|turn|15\n|\n|t:|1700346854\n|move|p1a: Rotom|Hydro Pump|p2a: Iron Moth\n|-resisted|p2a: Iron Moth\n|-damage|p2a: Iron Moth|0 fnt\n|faint|p2a: Iron Moth\n|-end|p2a: Iron Moth|Quark Drive|[silent]\n|\n|upkeep\n|\n|t:|1700346855\n|switch|p2a: Walking Wake|Walking Wake|100\/100\n|-enditem|p2a: Walking Wake|Booster Energy\n|-activate|p2a: Walking Wake|ability: Protosynthesis|[fromitem]\n|-start|p2a: Walking Wake|protosynthesisspa\n|turn|16\n|inactive|Hachimaki98 has 120 seconds left.\n|\n|t:|1700346869\n|switch|p1a: Great Tusk|Great Tusk|100\/100\n|move|p2a: Walking Wake|Substitute|p2a: Walking Wake\n|-start|p2a: Walking Wake|Substitute\n|-damage|p2a: Walking Wake|76\/100\n|\n|-heal|p2a: Walking Wake|82\/100|[from] Grassy Terrain\n|upkeep\n|turn|17\n|inactive|longestbanana has 270 seconds left.\n|inactive|Hachimaki98 has 120 seconds left.\n|\n|t:|1700346878\n|move|p2a: Walking Wake|Surf|p1a: Great Tusk\n|-supereffective|p1a: Great Tusk\n|-damage|p1a: Great Tusk|0 fnt\n|faint|p1a: Great Tusk\n|-end|p1a: Great Tusk|Protosynthesis|[silent]\n|\n|-heal|p2a: Walking Wake|88\/100|[from] Grassy Terrain\n|upkeep\n|inactive|longestbanana has 270 seconds left.\n|\n|t:|1700346886\n|switch|p1a: Kingambit|Kingambit, F|100\/100\n|-activate|p1a: Kingambit|ability: Supreme Overlord\n|-start|p1a: Kingambit|fallen3|[silent]\n|turn|18\n|\n|t:|1700346891\n|move|p1a: Kingambit|Sucker Punch|p2a: Walking Wake\n|-crit|p2a: Walking Wake\n|-end|p2a: Walking Wake|Substitute\n|move|p2a: Walking Wake|Surf|p1a: Kingambit\n|-damage|p1a: Kingambit|36\/100\n|\n|-heal|p2a: Walking Wake|94\/100|[from] Grassy Terrain\n|-heal|p1a: Kingambit|42\/100|[from] Grassy Terrain\n|-heal|p1a: Kingambit|48\/100|[from] item: Leftovers\n|-fieldend|move: Grassy Terrain\n|upkeep\n|turn|19\n|inactive|Hachimaki98 has 120 seconds left.\n|\n|t:|1700346937\n|-end|p1a: Kingambit|fallen3|[silent]\n|switch|p1a: Rotom|Rotom-Wash, tera:Steel|49\/100\n|move|p2a: Walking Wake|Surf|p1a: Rotom\n|-damage|p1a: Rotom|0 fnt\n|faint|p1a: Rotom\n|\n|upkeep\n|\n|t:|1700346942\n|switch|p1a: Iron Valiant|Iron Valiant|100\/100\n|turn|20\n|\n|t:|1700346953\n|-end|p2a: Walking Wake|Protosynthesis|[silent]\n|switch|p2a: Heatran|Heatran, M|100\/100\n|-item|p2a: Heatran|Air Balloon\n|move|p1a: Iron Valiant|Moonblast|p2a: Heatran\n|-resisted|p2a: Heatran\n|-damage|p2a: Heatran|88\/100\n|-unboost|p2a: Heatran|spa|1\n|-enditem|p2a: Heatran|Air Balloon\n|\n|upkeep\n|turn|21\n|\n|t:|1700346970\n|move|p1a: Iron Valiant|Moonblast|p2a: Heatran\n|-resisted|p2a: Heatran\n|-damage|p2a: Heatran|77\/100\n|-unboost|p2a: Heatran|spa|1\n|move|p2a: Heatran|Earth Power|p1a: Iron Valiant\n|-damage|p1a: Iron Valiant|78\/100\n|\n|upkeep\n|turn|22\n|\n|t:|1700346975\n|move|p1a: Iron Valiant|Moonblast|p2a: Heatran\n|-resisted|p2a: Heatran\n|-damage|p2a: Heatran|65\/100\n|move|p2a: Heatran|Magma Storm|p1a: Iron Valiant|[miss]\n|-miss|p2a: Heatran|p1a: Iron Valiant\n|\n|upkeep\n|turn|23\n|\n|t:|1700346979\n|move|p1a: Iron Valiant|Moonblast|p2a: Heatran\n|-resisted|p2a: Heatran\n|-damage|p2a: Heatran|53\/100\n|move|p2a: Heatran|Magma Storm|p1a: Iron Valiant\n|-damage|p1a: Iron Valiant|42\/100\n|-activate|p1a: Iron Valiant|move: Magma Storm|[of] p2a: Heatran\n|\n|-damage|p1a: Iron Valiant|30\/100|[from] move: Magma Storm|[partiallytrapped]\n|upkeep\n|turn|24\n|\n|t:|1700346990\n|move|p1a: Iron Valiant|Moonblast|p2a: Heatran\n|-resisted|p2a: Heatran\n|-damage|p2a: Heatran|41\/100\n|move|p2a: Heatran|Stealth Rock|p1a: Iron Valiant\n|-sidestart|p1: longestbanana|move: Stealth Rock\n|\n|-damage|p1a: Iron Valiant|17\/100|[from] move: Magma Storm|[partiallytrapped]\n|upkeep\n|turn|25\n|\n|t:|1700347002\n|move|p1a: Iron Valiant|Moonblast|p2a: Heatran\n|-resisted|p2a: Heatran\n|-damage|p2a: Heatran|29\/100\n|-unboost|p2a: Heatran|spa|1\n|move|p2a: Heatran|Stealth Rock||[still]\n|-fail|p2a: Heatran\n|\n|-damage|p1a: Iron Valiant|5\/100|[from] move: Magma Storm|[partiallytrapped]\n|upkeep\n|turn|26\n|\n|t:|1700347005\n|switch|p2a: Walking Wake|Walking Wake|94\/100\n|move|p1a: Iron Valiant|Moonblast|p2a: Walking Wake\n|-supereffective|p2a: Walking Wake\n|-damage|p2a: Walking Wake|0 fnt\n|faint|p2a: Walking Wake\n|-end|p2a: Walking Wake|Protosynthesis|[silent]\n|\n|-end|p1a: Iron Valiant|Magma Storm|[partiallytrapped]|[silent]\n|upkeep\n|\n|t:|1700347009\n|switch|p2a: Sneasler|Sneasler, F|100\/100\n|turn|27\n|\n|t:|1700347012\n|move|p1a: Iron Valiant|Moonblast|p2a: Sneasler\n|-damage|p2a: Sneasler|16\/100\n|move|p2a: Sneasler|Shadow Claw|p1a: Iron Valiant\n|-damage|p1a: Iron Valiant|0 fnt\n|faint|p1a: Iron Valiant\n|-end|p1a: Iron Valiant|Quark Drive|[silent]\n|\n|upkeep\n|\n|t:|1700347017\n|switch|p1a: Kingambit|Kingambit, F|48\/100\n|-damage|p1a: Kingambit|42\/100|[from] Stealth Rock\n|-activate|p1a: Kingambit|ability: Supreme Overlord\n|-start|p1a: Kingambit|fallen5|[silent]\n|turn|28\n|c|\u2606Hachimaki98|gg\n|\n|t:|1700347020\n|move|p1a: Kingambit|Sucker Punch|p2a: Sneasler\n|-resisted|p2a: Sneasler\n|-damage|p2a: Sneasler|0 fnt\n|faint|p2a: Sneasler\n|\n|-heal|p1a: Kingambit|48\/100|[from] item: Leftovers\n|upkeep\n|\n|t:|1700347021\n|switch|p2a: Zamazenta|Zamazenta|100\/100\n|turn|29\n|\n|t:|1700347024\n|move|p1a: Kingambit|Sucker Punch|p2a: Zamazenta\n|-resisted|p2a: Zamazenta\n|-damage|p2a: Zamazenta|79\/100\n|move|p2a: Zamazenta|Body Press|p1a: Kingambit\n|-supereffective|p1a: Kingambit\n|-damage|p1a: Kingambit|0 fnt\n|faint|p1a: Kingambit\n|-end|p1a: Kingambit|fallen5|[silent]\n|\n|win|Hachimaki98\n|c|\u2606longestbanana|gg\n","uploadtime":1700347025,"views":101,"p1id":"longestbanana","p2id":"hachimaki98","formatid":"gen9ou","rating":0,"private":0,"password":""}