{"id":"smogtours-gen9ou-729826","p1":"dragonitefan18","p2":"ZR7","format":"[Gen 9] OU","log":"|inactive|Battle timer is ON: inactive players will automatically lose when time's up.\n|t:|1699693487\n|gametype|singles\n|player|p1|dragonitefan18|battlegirl-gen4|\n|player|p2|ZR7|youngster-gen2|\n|teamsize|p1|6\n|teamsize|p2|6\n|gen|9\n|tier|[Gen 9] OU\n|rule|Sleep Clause Mod: Limit one foe put to sleep\n|rule|Species Clause: Limit one of each Pok\u00e9mon\n|rule|OHKO Clause: OHKO moves are banned\n|rule|Evasion Items Clause: Evasion items are banned\n|rule|Evasion Moves Clause: Evasion moves are banned\n|rule|Endless Battle Clause: Forcing endless battles is banned\n|rule|HP Percentage Mod: HP is shown in percentages\n|clearpoke\n|poke|p1|Rotom-Wash|\n|poke|p1|Iron Thorns|\n|poke|p1|Bombirdier, F|\n|poke|p1|Iron Treads|\n|poke|p1|Gardevoir, M|\n|poke|p1|Gliscor, M|\n|poke|p2|Sneasler, F|\n|poke|p2|Gholdengo|\n|poke|p2|Gliscor, M|\n|poke|p2|Ting-Lu|\n|poke|p2|Clefable, M|\n|poke|p2|Zamazenta-*|\n|teampreview\n|c|\u2606dragonitefan18|Gl\n|inactive|dragonitefan18 has 270 seconds left.\n|c|\u2606dragonitefan18|!\n|\n|t:|1699693525\n|start\n|switch|p1a: Gliscor|Gliscor, M|100\/100\n|switch|p2a: Gliscor|Gliscor, M|100\/100\n|turn|1\n|inactive|dragonitefan18 has 270 seconds left.\n|\n|t:|1699693561\n|move|p2a: Gliscor|Protect|p2a: Gliscor\n|-singleturn|p2a: Gliscor|Protect\n|move|p1a: Gliscor|Protect||[still]\n|-fail|p1a: Gliscor\n|\n|-status|p2a: Gliscor|tox|[from] item: Toxic Orb\n|-status|p1a: Gliscor|tox|[from] item: Toxic Orb\n|upkeep\n|turn|2\n|\n|t:|1699693564\n|move|p2a: Gliscor|Swords Dance|p2a: Gliscor\n|-boost|p2a: Gliscor|atk|2\n|move|p1a: Gliscor|Spikes|p2a: Gliscor\n|-sidestart|p2: ZR7|Spikes\n|\n|upkeep\n|turn|3\n|\n|t:|1699693571\n|switch|p1a: Rotom|Rotom-Wash|100\/100\n|move|p2a: Gliscor|Facade|p1a: Rotom\n|-damage|p1a: Rotom|50\/100\n|\n|-heal|p1a: Rotom|56\/100|[from] item: Leftovers\n|upkeep\n|turn|4\n|\n|t:|1699693578\n|move|p2a: Gliscor|Facade|p1a: Rotom\n|-damage|p1a: Rotom|11\/100\n|move|p1a: Rotom|Hydro Pump|p2a: Gliscor\n|-supereffective|p2a: Gliscor\n|-damage|p2a: Gliscor|29\/100 tox\n|\n|-heal|p1a: Rotom|17\/100|[from] item: Leftovers\n|-heal|p2a: Gliscor|41\/100 tox|[from] ability: Poison Heal\n|upkeep\n|turn|5\n|\n|t:|1699693584\n|move|p2a: Gliscor|Protect|p2a: Gliscor\n|-singleturn|p2a: Gliscor|Protect\n|move|p1a: Rotom|Hydro Pump|p2a: Gliscor\n|-activate|p2a: Gliscor|move: Protect\n|\n|-heal|p1a: Rotom|24\/100|[from] item: Leftovers\n|-heal|p2a: Gliscor|54\/100 tox|[from] ability: Poison Heal\n|upkeep\n|turn|6\n|\n|t:|1699693587\n|move|p2a: Gliscor|Facade|p1a: Rotom\n|-damage|p1a: Rotom|0 fnt\n|faint|p1a: Rotom\n|\n|-heal|p2a: Gliscor|66\/100 tox|[from] ability: Poison Heal\n|upkeep\n|\n|t:|1699693590\n|switch|p1a: Iron Thorns|Iron Thorns|100\/100\n|-enditem|p1a: Iron Thorns|Booster Energy\n|-activate|p1a: Iron Thorns|ability: Quark Drive|[fromitem]\n|-start|p1a: Iron Thorns|quarkdriveatk\n|turn|7\n|\n|t:|1699693597\n|switch|p2a: Zamazenta|Zamazenta|100\/100\n|-ability|p2a: Zamazenta|Dauntless Shield|boost\n|-boost|p2a: Zamazenta|def|1\n|move|p1a: Iron Thorns|Ice Punch|p2a: Zamazenta\n|-damage|p2a: Zamazenta|86\/100\n|\n|upkeep\n|turn|8\n|\n|t:|1699693607\n|switch|p2a: Ting-Lu|Ting-Lu|100\/100\n|-damage|p2a: Ting-Lu|88\/100|[from] Spikes\n|-ability|p2a: Ting-Lu|Vessel of Ruin\n|-end|p1a: Iron Thorns|Quark Drive|[silent]\n|switch|p1a: Gliscor|Gliscor, M|100\/100 tox\n|\n|-heal|p2a: Ting-Lu|94\/100|[from] item: Leftovers\n|upkeep\n|turn|9\n|\n|t:|1699693610\n|move|p1a: Gliscor|Toxic|p2a: Ting-Lu\n|-status|p2a: Ting-Lu|tox\n|move|p2a: Ting-Lu|Stealth Rock|p1a: Gliscor\n|-sidestart|p1: dragonitefan18|move: Stealth Rock\n|\n|-heal|p2a: Ting-Lu|100\/100 tox|[from] item: Leftovers\n|-damage|p2a: Ting-Lu|94\/100 tox|[from] psn\n|upkeep\n|turn|10\n|\n|t:|1699693613\n|switch|p2a: Gliscor|Gliscor, M|66\/100 tox\n|move|p1a: Gliscor|Spikes|p2a: Gliscor\n|-sidestart|p2: ZR7|Spikes\n|\n|-heal|p2a: Gliscor|79\/100 tox|[from] ability: Poison Heal\n|upkeep\n|turn|11\n|\n|t:|1699693617\n|switch|p1a: Iron Thorns|Iron Thorns|100\/100\n|-damage|p1a: Iron Thorns|88\/100|[from] Stealth Rock\n|move|p2a: Gliscor|Facade|p1a: Iron Thorns\n|-resisted|p1a: Iron Thorns\n|-damage|p1a: Iron Thorns|75\/100\n|\n|-heal|p2a: Gliscor|91\/100 tox|[from] ability: Poison Heal\n|upkeep\n|turn|12\n|\n|t:|1699693624\n|switch|p2a: Gholdengo|Gholdengo|100\/100\n|move|p1a: Iron Thorns|Dragon Dance|p1a: Iron Thorns\n|-boost|p1a: Iron Thorns|atk|1\n|-boost|p1a: Iron Thorns|spe|1\n|\n|upkeep\n|turn|13\n|\n|t:|1699693636\n|-end|p1a: Iron Thorns|Quark Drive|[silent]\n|switch|p1a: Iron Treads|Iron Treads|100\/100\n|-damage|p1a: Iron Treads|97\/100|[from] Stealth Rock\n|move|p2a: Gholdengo|Make It Rain|p1a: Iron Treads\n|-resisted|p1a: Iron Treads\n|-damage|p1a: Iron Treads|68\/100\n|-unboost|p2a: Gholdengo|spa|1\n|\n|-heal|p1a: Iron Treads|74\/100|[from] item: Leftovers\n|upkeep\n|turn|14\n|\n|t:|1699693642\n|switch|p2a: Gliscor|Gliscor, M|91\/100 tox\n|move|p1a: Iron Treads|Rapid Spin|p2a: Gliscor\n|-damage|p2a: Gliscor|82\/100 tox\n|-boost|p1a: Iron Treads|spe|1\n|-sideend|p1: dragonitefan18|Stealth Rock|[from] move: Rapid Spin|[of] p1a: Iron Treads\n|\n|-heal|p1a: Iron Treads|80\/100|[from] item: Leftovers\n|-heal|p2a: Gliscor|95\/100 tox|[from] ability: Poison Heal\n|upkeep\n|turn|15\n|\n|t:|1699693647\n|-end|p1a: Iron Treads|Quark Drive|[silent]\n|switch|p1a: Gardevoir|Gardevoir, M|100\/100\n|-ability|p1a: Gardevoir|Poison Heal|[from] ability: Trace|[of] p2a: Gliscor\n|move|p2a: Gliscor|Knock Off|p1a: Gardevoir\n|-damage|p1a: Gardevoir|62\/100\n|-enditem|p1a: Gardevoir|Choice Scarf|[from] move: Knock Off|[of] p2a: Gliscor\n|\n|-heal|p2a: Gliscor|100\/100 tox|[from] ability: Poison Heal\n|upkeep\n|turn|16\n|\n|t:|1699693653\n|move|p1a: Gardevoir|Moonblast|p2a: Gliscor\n|-damage|p2a: Gliscor|58\/100 tox\n|-unboost|p2a: Gliscor|spa|1\n|move|p2a: Gliscor|Facade|p1a: Gardevoir\n|-damage|p1a: Gardevoir|10\/100\n|\n|-heal|p2a: Gliscor|70\/100 tox|[from] ability: Poison Heal\n|upkeep\n|turn|17\n|\n|t:|1699693666\n|switch|p1a: Iron Thorns|Iron Thorns|75\/100\n|move|p2a: Gliscor|Facade|p1a: Iron Thorns\n|-resisted|p1a: Iron Thorns\n|-damage|p1a: Iron Thorns|61\/100\n|\n|-heal|p2a: Gliscor|83\/100 tox|[from] ability: Poison Heal\n|upkeep\n|turn|18\n|\n|t:|1699693671\n|switch|p2a: Gholdengo|Gholdengo|100\/100\n|move|p1a: Iron Thorns|Ice Punch|p2a: Gholdengo\n|-resisted|p2a: Gholdengo\n|-damage|p2a: Gholdengo|90\/100\n|\n|upkeep\n|turn|19\n|\n|t:|1699693676\n|-end|p1a: Iron Thorns|Quark Drive|[silent]\n|switch|p1a: Bombirdier|Bombirdier, F|100\/100\n|move|p2a: Gholdengo|Shadow Ball|p1a: Bombirdier\n|-resisted|p1a: Bombirdier\n|-damage|p1a: Bombirdier|80\/100\n|-unboost|p1a: Bombirdier|spd|1\n|\n|upkeep\n|turn|20\n|\n|t:|1699693682\n|switch|p2a: Ting-Lu|Ting-Lu|94\/100 tox\n|-damage|p2a: Ting-Lu|78\/100 tox|[from] Spikes\n|-ability|p2a: Ting-Lu|Vessel of Ruin\n|move|p1a: Bombirdier|U-turn|p2a: Ting-Lu\n|-supereffective|p2a: Ting-Lu\n|-damage|p2a: Ting-Lu|53\/100 tox\n|\n|t:|1699693690\n|switch|p1a: Gardevoir|Gardevoir, M|10\/100|[from] U-turn\n|-ability|p1a: Gardevoir|Vessel of Ruin\n|-ability|p1a: Gardevoir|Vessel of Ruin|[from] ability: Trace|[of] p2a: Ting-Lu\n|\n|-heal|p2a: Ting-Lu|59\/100 tox|[from] item: Leftovers\n|-damage|p2a: Ting-Lu|53\/100 tox|[from] psn\n|upkeep\n|turn|21\n|\n|t:|1699693695\n|move|p1a: Gardevoir|Moonblast|p2a: Ting-Lu\n|-supereffective|p2a: Ting-Lu\n|-damage|p2a: Ting-Lu|0 fnt\n|faint|p2a: Ting-Lu\n|\n|upkeep\n|c|\u2606ZR7|Wesh\n|\n|t:|1699693716\n|switch|p2a: Zamazenta|Zamazenta|86\/100\n|turn|22\n|inactive|dragonitefan18 has 270 seconds left.\n|\n|t:|1699693748\n|switch|p1a: Gliscor|Gliscor, M|100\/100 tox\n|move|p2a: Zamazenta|Crunch|p1a: Gliscor\n|-damage|p1a: Gliscor|86\/100 tox\n|\n|-heal|p1a: Gliscor|99\/100 tox|[from] ability: Poison Heal\n|upkeep\n|turn|23\n|\n|t:|1699693757\n|move|p2a: Zamazenta|Substitute|p2a: Zamazenta\n|-start|p2a: Zamazenta|Substitute\n|-damage|p2a: Zamazenta|61\/100\n|move|p1a: Gliscor|Toxic||[still]\n|-fail|p1a: Gliscor\n|\n|-heal|p1a: Gliscor|100\/100 tox|[from] ability: Poison Heal\n|upkeep\n|turn|24\n|c|\u2606ZR7|MDRRR\n|c|\u2606ZR7|gg noob\n|c|\u2606dragonitefan18|Oh\n|c|\u2606dragonitefan18|C cool\n|\n|t:|1699693775\n|move|p2a: Zamazenta|Iron Defense|p2a: Zamazenta\n|-boost|p2a: Zamazenta|def|2\n|move|p1a: Gliscor|Earthquake|p2a: Zamazenta\n|-activate|p2a: Zamazenta|move: Substitute|[damage]\n|\n|upkeep\n|turn|25\n|\n|t:|1699693780\n|move|p2a: Zamazenta|Iron Defense|p2a: Zamazenta\n|-boost|p2a: Zamazenta|def|2\n|move|p1a: Gliscor|Earthquake|p2a: Zamazenta\n|-activate|p2a: Zamazenta|move: Substitute|[damage]\n|\n|upkeep\n|turn|26\n|c|\u2606dragonitefan18|Mm si bon bro\n|c|\u2606ZR7|EZ\n|c|\u2606dragonitefan18|Jdois te dire que jpense c hyper guez hors vs moi car no lefto sur id c une catastrophe\n|\n|t:|1699693804\n|move|p2a: Zamazenta|Iron Defense|p2a: Zamazenta\n|-boost|p2a: Zamazenta|def|2\n|move|p1a: Gliscor|Earthquake|p2a: Zamazenta\n|-end|p2a: Zamazenta|Substitute\n|\n|upkeep\n|turn|27\n|\n|t:|1699693809\n|move|p2a: Zamazenta|Substitute|p2a: Zamazenta\n|-start|p2a: Zamazenta|Substitute\n|-damage|p2a: Zamazenta|36\/100\n|move|p1a: Gliscor|Earthquake|p2a: Zamazenta\n|-activate|p2a: Zamazenta|move: Substitute|[damage]\n|\n|upkeep\n|turn|28\n|\n|t:|1699693814\n|-terastallize|p2a: Zamazenta|Fighting\n|move|p2a: Zamazenta|Body Press|p1a: Gliscor\n|-resisted|p1a: Gliscor\n|-damage|p1a: Gliscor|41\/100 tox\n|move|p1a: Gliscor|Earthquake|p2a: Zamazenta\n|-activate|p2a: Zamazenta|move: Substitute|[damage]\n|\n|-heal|p1a: Gliscor|53\/100 tox|[from] ability: Poison Heal\n|upkeep\n|turn|29\n|\n|t:|1699693822\n|move|p1a: Gliscor|Protect|p1a: Gliscor\n|-singleturn|p1a: Gliscor|Protect\n|move|p2a: Zamazenta|Body Press|p1a: Gliscor\n|-activate|p1a: Gliscor|move: Protect\n|\n|-heal|p1a: Gliscor|66\/100 tox|[from] ability: Poison Heal\n|upkeep\n|turn|30\n|\n|t:|1699693833\n|move|p1a: Gliscor|Protect||[still]\n|-fail|p1a: Gliscor\n|move|p2a: Zamazenta|Body Press|p1a: Gliscor\n|-resisted|p1a: Gliscor\n|-damage|p1a: Gliscor|0 fnt\n|faint|p1a: Gliscor\n|\n|upkeep\n|\n|t:|1699693839\n|switch|p1a: Iron Treads|Iron Treads|80\/100\n|turn|31\n|\n|t:|1699693843\n|-terastallize|p1a: Iron Treads|Flying\n|move|p2a: Zamazenta|Crunch|p1a: Iron Treads\n|-damage|p1a: Iron Treads|65\/100\n|-unboost|p1a: Iron Treads|def|1\n|move|p1a: Iron Treads|Rapid Spin|p2a: Zamazenta\n|-activate|p2a: Zamazenta|move: Substitute|[damage]\n|-boost|p1a: Iron Treads|spe|1\n|\n|-heal|p1a: Iron Treads|71\/100|[from] item: Leftovers\n|upkeep\n|turn|32\n|\n|t:|1699693853\n|move|p1a: Iron Treads|Earthquake|p2a: Zamazenta\n|-activate|p2a: Zamazenta|move: Substitute|[damage]\n|move|p2a: Zamazenta|Substitute|p2a: Zamazenta\n|-fail|p2a: Zamazenta|move: Substitute\n|\n|-heal|p1a: Iron Treads|77\/100|[from] item: Leftovers\n|upkeep\n|turn|33\n|\n|t:|1699693862\n|move|p1a: Iron Treads|Stealth Rock|p2a: Zamazenta\n|-sidestart|p2: ZR7|move: Stealth Rock\n|move|p2a: Zamazenta|Substitute|p2a: Zamazenta\n|-fail|p2a: Zamazenta|move: Substitute\n|\n|-heal|p1a: Iron Treads|83\/100|[from] item: Leftovers\n|upkeep\n|turn|34\n|\n|t:|1699693871\n|move|p1a: Iron Treads|Earthquake|p2a: Zamazenta\n|-crit|p2a: Zamazenta\n|-end|p2a: Zamazenta|Substitute\n|move|p2a: Zamazenta|Body Press|p1a: Iron Treads\n|-resisted|p1a: Iron Treads\n|-damage|p1a: Iron Treads|0 fnt\n|faint|p1a: Iron Treads\n|-end|p1a: Iron Treads|Quark Drive|[silent]\n|\n|upkeep\n|c|\u2606dragonitefan18|Oe gg\n|-message|dragonitefan18 forfeited.\n|\n|win|ZR7\n","uploadtime":1699693883,"views":89,"p1id":"dragonitefan18","p2id":"zr7","formatid":"gen9ou","rating":0,"private":0,"password":""}