{"id":"smogtours-gen9ou-729827","p1":"dragonitefan18","p2":"ZR7","format":"[Gen 9] OU","log":"|inactive|Battle timer is ON: inactive players will automatically lose when time's up.\n|t:|1699693934\n|gametype|singles\n|player|p1|dragonitefan18|battlegirl-gen4|\n|player|p2|ZR7|youngster-gen2|\n|teamsize|p1|6\n|teamsize|p2|6\n|gen|9\n|tier|[Gen 9] OU\n|rule|Sleep Clause Mod: Limit one foe put to sleep\n|rule|Species Clause: Limit one of each Pok\u00e9mon\n|rule|OHKO Clause: OHKO moves are banned\n|rule|Evasion Items Clause: Evasion items are banned\n|rule|Evasion Moves Clause: Evasion moves are banned\n|rule|Endless Battle Clause: Forcing endless battles is banned\n|rule|HP Percentage Mod: HP is shown in percentages\n|clearpoke\n|poke|p1|Rotom-Wash|\n|poke|p1|Iron Thorns|\n|poke|p1|Bombirdier, M|\n|poke|p1|Iron Treads|\n|poke|p1|Gardevoir, F|\n|poke|p1|Gliscor, F|\n|poke|p2|Vivillon-Polar, F|\n|poke|p2|Mamoswine, M|\n|poke|p2|Great Tusk|\n|poke|p2|Kingambit, M|\n|poke|p2|Hatterene, F|\n|poke|p2|Dragonite, M|\n|teampreview\n|inactive|dragonitefan18 has 270 seconds left.\n|inactive|ZR7 has 270 seconds left.\n|\n|t:|1699693972\n|start\n|switch|p1a: Rotom|Rotom-Wash|100\/100\n|switch|p2a: Vivillon|Vivillon-Polar, F|100\/100\n|turn|1\n|\n|t:|1699693977\n|move|p2a: Vivillon|Sleep Powder|p1a: Rotom\n|-status|p1a: Rotom|slp|[from] move: Sleep Powder\n|cant|p1a: Rotom|slp\n|\n|upkeep\n|turn|2\n|\n|t:|1699693988\n|move|p2a: Vivillon|Substitute|p2a: Vivillon\n|-start|p2a: Vivillon|Substitute\n|-damage|p2a: Vivillon|76\/100\n|cant|p1a: Rotom|slp\n|\n|-heal|p2a: Vivillon|82\/100|[from] item: Leftovers\n|upkeep\n|turn|3\n|\n|t:|1699694004\n|move|p2a: Vivillon|Quiver Dance|p2a: Vivillon\n|-boost|p2a: Vivillon|spa|1\n|-boost|p2a: Vivillon|spd|1\n|-boost|p2a: Vivillon|spe|1\n|cant|p1a: Rotom|slp\n|\n|-heal|p2a: Vivillon|88\/100|[from] item: Leftovers\n|upkeep\n|turn|4\n|\n|t:|1699694018\n|switch|p1a: Iron Thorns|Iron Thorns|100\/100\n|-enditem|p1a: Iron Thorns|Booster Energy\n|-activate|p1a: Iron Thorns|ability: Quark Drive|[fromitem]\n|-start|p1a: Iron Thorns|quarkdriveatk\n|-terastallize|p2a: Vivillon|Ghost\n|move|p2a: Vivillon|Quiver Dance|p2a: Vivillon\n|-boost|p2a: Vivillon|spa|1\n|-boost|p2a: Vivillon|spd|1\n|-boost|p2a: Vivillon|spe|1\n|\n|-heal|p2a: Vivillon|94\/100|[from] item: Leftovers\n|upkeep\n|turn|5\n|c|\u2606dragonitefan18|Excuse moi mdr\n|\n|t:|1699694025\n|move|p2a: Vivillon|Hurricane|p1a: Iron Thorns|[miss]\n|-miss|p2a: Vivillon|p1a: Iron Thorns\n|move|p1a: Iron Thorns|Dragon Dance|p1a: Iron Thorns\n|-boost|p1a: Iron Thorns|atk|1\n|-boost|p1a: Iron Thorns|spe|1\n|\n|-heal|p2a: Vivillon|99\/100|[from] item: Leftovers\n|upkeep\n|turn|6\n|\n|t:|1699694030\n|move|p2a: Vivillon|Hurricane|p1a: Iron Thorns\n|-resisted|p1a: Iron Thorns\n|-damage|p1a: Iron Thorns|73\/100\n|move|p1a: Iron Thorns|Dragon Dance|p1a: Iron Thorns\n|-boost|p1a: Iron Thorns|atk|1\n|-boost|p1a: Iron Thorns|spe|1\n|\n|-heal|p2a: Vivillon|100\/100|[from] item: Leftovers\n|upkeep\n|turn|7\n|\n|t:|1699694035\n|move|p2a: Vivillon|Hurricane|p1a: Iron Thorns\n|-resisted|p1a: Iron Thorns\n|-damage|p1a: Iron Thorns|46\/100\n|move|p1a: Iron Thorns|Ice Punch|p2a: Vivillon\n|-end|p2a: Vivillon|Substitute\n|\n|upkeep\n|turn|8\n|\n|t:|1699694041\n|move|p2a: Vivillon|Hurricane|p1a: Iron Thorns\n|-resisted|p1a: Iron Thorns\n|-damage|p1a: Iron Thorns|20\/100\n|-start|p1a: Iron Thorns|confusion\n|-activate|p1a: Iron Thorns|confusion\n|move|p1a: Iron Thorns|Ice Punch|p2a: Vivillon\n|-damage|p2a: Vivillon|0 fnt\n|faint|p2a: Vivillon\n|\n|upkeep\n|c|\u2606ZR7|Tlm pas m\u00e9rit\u00e9 \n|c|\u2606ZR7|miss de merde\n|\n|t:|1699694066\n|switch|p2a: Mamoswine|Mamoswine, M|100\/100\n|turn|9\n|inactive|dragonitefan18 has 270 seconds left.\n|\n|t:|1699694097\n|-end|p1a: Iron Thorns|Quark Drive|[silent]\n|switch|p1a: Rotom|Rotom-Wash|100\/100 slp\n|move|p2a: Mamoswine|Ice Shard|p1a: Rotom\n|-resisted|p1a: Rotom\n|-damage|p1a: Rotom|92\/100 slp\n|\n|-heal|p1a: Rotom|98\/100 slp|[from] item: Leftovers\n|upkeep\n|turn|10\n|\n|t:|1699694101\n|move|p2a: Mamoswine|Knock Off|p1a: Rotom\n|-damage|p1a: Rotom|71\/100 slp\n|-enditem|p1a: Rotom|Leftovers|[from] move: Knock Off|[of] p2a: Mamoswine\n|-curestatus|p1a: Rotom|slp|[msg]\n|move|p1a: Rotom|Hydro Pump|p2a: Mamoswine\n|-supereffective|p2a: Mamoswine\n|-damage|p2a: Mamoswine|47\/100\n|\n|upkeep\n|turn|11\n|\n|t:|1699694105\n|move|p2a: Mamoswine|Icicle Crash|p1a: Rotom\n|-resisted|p1a: Rotom\n|-damage|p1a: Rotom|54\/100\n|move|p1a: Rotom|Hydro Pump|p2a: Mamoswine\n|-supereffective|p2a: Mamoswine\n|-damage|p2a: Mamoswine|0 fnt\n|faint|p2a: Mamoswine\n|\n|upkeep\n|\n|t:|1699694108\n|switch|p2a: Hatterene|Hatterene, F|100\/100\n|turn|12\n|\n|t:|1699694112\n|move|p1a: Rotom|Volt Switch|p2a: Hatterene\n|-damage|p2a: Hatterene|74\/100\n|\n|t:|1699694116\n|switch|p1a: Gardevoir|Gardevoir, F|100\/100|[from] Volt Switch\n|-ability|p1a: Gardevoir|Magic Bounce|[from] ability: Trace|[of] p2a: Hatterene\n|move|p2a: Hatterene|Calm Mind|p2a: Hatterene\n|-boost|p2a: Hatterene|spa|1\n|-boost|p2a: Hatterene|spd|1\n|\n|-heal|p2a: Hatterene|80\/100|[from] item: Leftovers\n|upkeep\n|turn|13\n|\n|t:|1699694121\n|move|p1a: Gardevoir|Trick|p2a: Hatterene\n|-activate|p1a: Gardevoir|move: Trick|[of] p2a: Hatterene\n|-item|p2a: Hatterene|Choice Scarf|[from] move: Trick\n|-item|p1a: Gardevoir|Leftovers|[from] move: Trick\n|move|p2a: Hatterene|Draining Kiss|p1a: Gardevoir\n|-damage|p1a: Gardevoir|62\/100\n|-heal|p2a: Hatterene|100\/100|[from] drain|[of] p1a: Gardevoir\n|\n|-heal|p1a: Gardevoir|68\/100|[from] item: Leftovers\n|upkeep\n|turn|14\n|\n|t:|1699694132\n|switch|p1a: Iron Treads|Iron Treads|100\/100\n|switch|p2a: Great Tusk|Great Tusk|100\/100\n|-enditem|p2a: Great Tusk|Booster Energy\n|-activate|p2a: Great Tusk|ability: Protosynthesis|[fromitem]\n|-start|p2a: Great Tusk|protosynthesisspe\n|\n|upkeep\n|turn|15\n|\n|t:|1699694137\n|-end|p1a: Iron Treads|Quark Drive|[silent]\n|switch|p1a: Gliscor|Gliscor, F|100\/100\n|move|p2a: Great Tusk|Bulk Up|p2a: Great Tusk\n|-boost|p2a: Great Tusk|atk|1\n|-boost|p2a: Great Tusk|def|1\n|\n|-status|p1a: Gliscor|tox|[from] item: Toxic Orb\n|upkeep\n|turn|16\n|\n|t:|1699694142\n|move|p2a: Great Tusk|Bulk Up|p2a: Great Tusk\n|-boost|p2a: Great Tusk|atk|1\n|-boost|p2a: Great Tusk|def|1\n|move|p1a: Gliscor|Toxic|p2a: Great Tusk\n|-status|p2a: Great Tusk|tox\n|\n|-damage|p2a: Great Tusk|94\/100 tox|[from] psn\n|upkeep\n|turn|17\n|\n|t:|1699694149\n|move|p1a: Gliscor|Protect|p1a: Gliscor\n|-singleturn|p1a: Gliscor|Protect\n|move|p2a: Great Tusk|Bulk Up|p2a: Great Tusk\n|-boost|p2a: Great Tusk|atk|1\n|-boost|p2a: Great Tusk|def|1\n|\n|-damage|p2a: Great Tusk|82\/100 tox|[from] psn\n|upkeep\n|turn|18\n|\n|t:|1699694154\n|switch|p1a: Rotom|Rotom-Wash|54\/100\n|move|p2a: Great Tusk|Ice Spinner|p1a: Rotom\n|-resisted|p1a: Rotom\n|-damage|p1a: Rotom|31\/100\n|\n|-damage|p2a: Great Tusk|63\/100 tox|[from] psn\n|upkeep\n|turn|19\n|\n|t:|1699694160\n|move|p2a: Great Tusk|Rapid Spin|p1a: Rotom\n|-damage|p1a: Rotom|3\/100\n|-boost|p2a: Great Tusk|spe|1\n|move|p1a: Rotom|Hydro Pump|p2a: Great Tusk\n|-supereffective|p2a: Great Tusk\n|-crit|p2a: Great Tusk\n|-damage|p2a: Great Tusk|0 fnt\n|faint|p2a: Great Tusk\n|-end|p2a: Great Tusk|Protosynthesis|[silent]\n|\n|upkeep\n|\n|t:|1699694165\n|switch|p2a: Kingambit|Kingambit, M|100\/100\n|-activate|p2a: Kingambit|ability: Supreme Overlord\n|-start|p2a: Kingambit|fallen3|[silent]\n|turn|20\n|\n|t:|1699694173\n|-end|p2a: Kingambit|fallen3|[silent]\n|switch|p2a: Hatterene|Hatterene, F|100\/100\n|move|p1a: Rotom|Volt Switch|p2a: Hatterene\n|-damage|p2a: Hatterene|75\/100\n|\n|t:|1699694182\n|switch|p1a: Iron Treads|Iron Treads|100\/100|[from] Volt Switch\n|\n|upkeep\n|turn|21\n|\n|t:|1699694187\n|-end|p1a: Iron Treads|Quark Drive|[silent]\n|switch|p1a: Gardevoir|Gardevoir, F|68\/100\n|-ability|p1a: Gardevoir|Magic Bounce|[from] ability: Trace|[of] p2a: Hatterene\n|move|p2a: Hatterene|Mystical Fire|p1a: Gardevoir\n|-damage|p1a: Gardevoir|44\/100\n|-unboost|p1a: Gardevoir|spa|1\n|\n|-heal|p1a: Gardevoir|50\/100|[from] item: Leftovers\n|upkeep\n|turn|22\n|\n|t:|1699694191\n|move|p1a: Gardevoir|Healing Wish|p1a: Gardevoir\n|faint|p1a: Gardevoir\n|move|p2a: Hatterene|Mystical Fire|p1: Gardevoir|[notarget]\n|-fail|p2a: Hatterene\n|\n|upkeep\n|\n|t:|1699694194\n|switch|p1a: Iron Thorns|Iron Thorns|20\/100\n|-heal|p1a: Iron Thorns|100\/100|[from] move: Healing Wish\n|turn|23\n|\n|t:|1699694199\n|switch|p2a: Kingambit|Kingambit, M|100\/100\n|-activate|p2a: Kingambit|ability: Supreme Overlord\n|-start|p2a: Kingambit|fallen3|[silent]\n|move|p1a: Iron Thorns|Dragon Dance|p1a: Iron Thorns\n|-boost|p1a: Iron Thorns|atk|1\n|-boost|p1a: Iron Thorns|spe|1\n|\n|upkeep\n|turn|24\n|\n|t:|1699694204\n|move|p1a: Iron Thorns|Wild Charge|p2a: Kingambit\n|-damage|p2a: Kingambit|41\/100\n|-damage|p1a: Iron Thorns|86\/100|[from] Recoil\n|move|p2a: Kingambit|Kowtow Cleave|p1a: Iron Thorns\n|-damage|p1a: Iron Thorns|26\/100\n|\n|upkeep\n|turn|25\n|\n|t:|1699694211\n|move|p2a: Kingambit|Sucker Punch|p1a: Iron Thorns\n|-damage|p1a: Iron Thorns|0 fnt\n|faint|p1a: Iron Thorns\n|-end|p1a: Iron Thorns|Quark Drive|[silent]\n|\n|upkeep\n|\n|t:|1699694214\n|switch|p1a: Gliscor|Gliscor, F|100\/100 tox\n|turn|26\n|\n|t:|1699694217\n|-end|p2a: Kingambit|fallen3|[silent]\n|switch|p2a: Hatterene|Hatterene, F|75\/100\n|move|p1a: Gliscor|Earthquake|p2a: Hatterene\n|-damage|p2a: Hatterene|46\/100\n|\n|upkeep\n|turn|27\n|\n|t:|1699694224\n|move|p1a: Gliscor|Earthquake|p2a: Hatterene\n|-damage|p2a: Hatterene|19\/100\n|move|p2a: Hatterene|Draining Kiss|p1a: Gliscor\n|-damage|p1a: Gliscor|74\/100 tox\n|-heal|p2a: Hatterene|41\/100|[from] drain|[of] p1a: Gliscor\n|\n|-heal|p1a: Gliscor|87\/100 tox|[from] ability: Poison Heal\n|upkeep\n|turn|28\n|\n|t:|1699694231\n|move|p1a: Gliscor|Protect|p1a: Gliscor\n|-singleturn|p1a: Gliscor|Protect\n|move|p2a: Hatterene|Draining Kiss|p1a: Gliscor\n|-activate|p1a: Gliscor|move: Protect\n|\n|-heal|p1a: Gliscor|99\/100 tox|[from] ability: Poison Heal\n|upkeep\n|turn|29\n|\n|t:|1699694233\n|move|p1a: Gliscor|Earthquake|p2a: Hatterene\n|-damage|p2a: Hatterene|12\/100\n|move|p2a: Hatterene|Draining Kiss|p1a: Gliscor\n|-damage|p1a: Gliscor|74\/100 tox\n|-heal|p2a: Hatterene|33\/100|[from] drain|[of] p1a: Gliscor\n|\n|-heal|p1a: Gliscor|86\/100 tox|[from] ability: Poison Heal\n|upkeep\n|turn|30\n|\n|t:|1699694241\n|switch|p2a: Dragonite|Dragonite, M|100\/100\n|move|p1a: Gliscor|Earthquake|p2a: Dragonite\n|-immune|p2a: Dragonite\n|\n|-heal|p1a: Gliscor|99\/100 tox|[from] ability: Poison Heal\n|upkeep\n|turn|31\n|c|\u2606ZR7|Mdr il fallait que j\u2019utilise une de ces teams\n|c|\u2606ZR7|pournperdre \n|c|\u2606ZR7|ofc\n|-message|ZR7 forfeited.\n|\n|win|dragonitefan18\n","uploadtime":1699694258,"views":126,"p1id":"dragonitefan18","p2id":"zr7","formatid":"gen9ou","rating":0,"private":0,"password":""}