{"id":"smogtours-gen9ou-732287","p1":"Mimikyu Stardust","p2":"Tace","format":"[Gen 9] OU","log":"|inactive|Battle timer is ON: inactive players will automatically lose when time's up.\n|t:|1700885354\n|gametype|singles\n|player|p1|Mimikyu Stardust|#mimikyustardust|\n|player|p2|Tace|freediver|\n|teamsize|p1|6\n|teamsize|p2|6\n|gen|9\n|tier|[Gen 9] OU\n|rule|Sleep Clause Mod: Limit one foe put to sleep\n|rule|Species Clause: Limit one of each Pok\u00e9mon\n|rule|OHKO Clause: OHKO moves are banned\n|rule|Evasion Items Clause: Evasion items are banned\n|rule|Evasion Moves Clause: Evasion moves are banned\n|rule|Endless Battle Clause: Forcing endless battles is banned\n|rule|HP Percentage Mod: HP is shown in percentages\n|clearpoke\n|poke|p1|Tauros-Paldea-Blaze, M|\n|poke|p1|Samurott-Hisui, M|\n|poke|p1|Landorus-Therian, M|\n|poke|p1|Goodra-Hisui, M|\n|poke|p1|Dragapult, M|\n|poke|p1|Kingambit, M|\n|poke|p2|Ting-Lu|\n|poke|p2|Tornadus-Therian, M|\n|poke|p2|Gholdengo|\n|poke|p2|Clefable, F|\n|poke|p2|Dragapult, F|\n|poke|p2|Iron Moth|\n|teampreview\n|inactive|Mimikyu Stardust has 270 seconds left.\n|inactive|Tace has 270 seconds left.\n|c|\u2606Mimikyu Stardust|hf\n|c|+longestbanana|GOOOOOOOOO MIMIIIIIIIII\n|c|\u2606Tace|hf\n|inactive|Mimikyu Stardust has 240 seconds left.\n|inactive|Tace has 240 seconds left.\n|\n|t:|1700885433\n|start\n|switch|p1a: Landorus|Landorus-Therian, M|100\/100\n|switch|p2a: Clefable|Clefable, F|100\/100\n|-ability|p1a: Landorus|Intimidate|boost\n|-unboost|p2a: Clefable|atk|1\n|turn|1\n|\n|t:|1700885452\n|move|p1a: Landorus|Stealth Rock|p2a: Clefable\n|-sidestart|p2: Tace|move: Stealth Rock\n|move|p2a: Clefable|Stealth Rock|p1a: Landorus\n|-sidestart|p1: Mimikyu Stardust|move: Stealth Rock\n|\n|upkeep\n|turn|2\n|\n|t:|1700885459\n|move|p1a: Landorus|Earth Power|p2a: Clefable\n|-damage|p2a: Clefable|70\/100\n|move|p2a: Clefable|Moonblast|p1a: Landorus\n|-damage|p1a: Landorus|64\/100\n|\n|upkeep\n|turn|3\n|\n|t:|1700885464\n|move|p1a: Landorus|U-turn|p2a: Clefable\n|-resisted|p2a: Clefable\n|-damage|p2a: Clefable|62\/100\n|-damage|p1a: Landorus|48\/100|[from] item: Rocky Helmet|[of] p2a: Clefable\n|\n|t:|1700885466\n|switch|p1a: Goodra|Goodra-Hisui, M|100\/100|[from] U-turn\n|-damage|p1a: Goodra|94\/100|[from] Stealth Rock\n|move|p2a: Clefable|Moonlight|p2a: Clefable\n|-heal|p2a: Clefable|100\/100\n|\n|-heal|p1a: Goodra|100\/100|[from] item: Leftovers\n|upkeep\n|turn|4\n|\n|t:|1700885471\n|switch|p2a: Ting-Lu|Ting-Lu|100\/100\n|-damage|p2a: Ting-Lu|94\/100|[from] Stealth Rock\n|-ability|p2a: Ting-Lu|Vessel of Ruin\n|move|p1a: Goodra|Flash Cannon|p2a: Ting-Lu\n|-damage|p2a: Ting-Lu|81\/100\n|\n|-heal|p2a: Ting-Lu|87\/100|[from] item: Leftovers\n|upkeep\n|turn|5\n|\n|t:|1700885483\n|switch|p1a: Samurott|Samurott-Hisui, M|100\/100\n|move|p2a: Ting-Lu|Ruination|p1a: Samurott\n|-damage|p1a: Samurott|51\/100\n|\n|-heal|p2a: Ting-Lu|93\/100|[from] item: Leftovers\n|upkeep\n|turn|6\n|\n|t:|1700885487\n|switch|p2a: Clefable|Clefable, F|100\/100\n|move|p1a: Samurott|Razor Shell|p2a: Clefable\n|-damage|p2a: Clefable|58\/100\n|-damage|p1a: Samurott|34\/100|[from] item: Rocky Helmet|[of] p2a: Clefable\n|\n|upkeep\n|turn|7\n|\n|t:|1700885496\n|switch|p1a: Goodra|Goodra-Hisui, M|100\/100\n|-damage|p1a: Goodra|94\/100|[from] Stealth Rock\n|move|p2a: Clefable|Moonlight|p2a: Clefable\n|-heal|p2a: Clefable|100\/100\n|\n|-heal|p1a: Goodra|100\/100|[from] item: Leftovers\n|upkeep\n|turn|8\n|\n|t:|1700885499\n|switch|p2a: Tornadus|Tornadus-Therian, M|100\/100\n|move|p1a: Goodra|Acid Armor|p1a: Goodra\n|-boost|p1a: Goodra|def|2\n|\n|upkeep\n|turn|9\n|\n|t:|1700885505\n|move|p2a: Tornadus|Knock Off|p1a: Goodra\n|-damage|p1a: Goodra|94\/100\n|-enditem|p1a: Goodra|Leftovers|[from] move: Knock Off|[of] p2a: Tornadus\n|move|p1a: Goodra|Ice Beam|p2a: Tornadus\n|-supereffective|p2a: Tornadus\n|-crit|p2a: Tornadus\n|-damage|p2a: Tornadus|17\/100\n|\n|upkeep\n|turn|10\n|\n|t:|1700885509\n|switch|p2a: Iron Moth|Iron Moth|100\/100\n|move|p1a: Goodra|Body Press|p2a: Iron Moth\n|-resisted|p2a: Iron Moth\n|-damage|p2a: Iron Moth|61\/100\n|\n|upkeep\n|turn|11\n|\n|t:|1700885515\n|move|p2a: Iron Moth|Flamethrower|p1a: Goodra\n|-damage|p1a: Goodra|66\/100\n|move|p1a: Goodra|Body Press|p2a: Iron Moth\n|-resisted|p2a: Iron Moth\n|-damage|p2a: Iron Moth|24\/100\n|\n|upkeep\n|turn|12\n|\n|t:|1700885522\n|move|p2a: Iron Moth|U-turn|p1a: Goodra\n|-resisted|p1a: Goodra\n|-damage|p1a: Goodra|65\/100\n|\n|t:|1700885523\n|-end|p2a: Iron Moth|Quark Drive|[silent]\n|switch|p2a: Gholdengo|Gholdengo|100\/100|[from] U-turn\n|move|p1a: Goodra|Body Press|p2a: Gholdengo\n|-immune|p2a: Gholdengo\n|\n|upkeep\n|turn|13\n|\n|t:|1700885529\n|switch|p1a: Kingambit|Kingambit, M|100\/100\n|-damage|p1a: Kingambit|94\/100|[from] Stealth Rock\n|move|p2a: Gholdengo|Shadow Ball|p1a: Kingambit\n|-resisted|p1a: Kingambit\n|-damage|p1a: Kingambit|73\/100\n|\n|-heal|p1a: Kingambit|79\/100|[from] item: Leftovers\n|upkeep\n|turn|14\n|\n|t:|1700885534\n|move|p2a: Gholdengo|Focus Blast|p1a: Kingambit|[miss]\n|-miss|p2a: Gholdengo|p1a: Kingambit\n|move|p1a: Kingambit|Swords Dance|p1a: Kingambit\n|-boost|p1a: Kingambit|atk|2\n|\n|-heal|p1a: Kingambit|86\/100|[from] item: Leftovers\n|upkeep\n|turn|15\n|c|+3d|easy\n|\n|t:|1700885556\n|switch|p2a: Tornadus|Tornadus-Therian, M|50\/100\n|move|p1a: Kingambit|Sucker Punch||[still]\n|-fail|p1a: Kingambit\n|\n|-heal|p1a: Kingambit|92\/100|[from] item: Leftovers\n|upkeep\n|turn|16\n|\n|t:|1700885564\n|move|p1a: Kingambit|Sucker Punch|p2a: Tornadus\n|-damage|p2a: Tornadus|0 fnt\n|faint|p2a: Tornadus\n|\n|-heal|p1a: Kingambit|98\/100|[from] item: Leftovers\n|upkeep\n|\n|t:|1700885565\n|switch|p2a: Ting-Lu|Ting-Lu|93\/100\n|-damage|p2a: Ting-Lu|87\/100|[from] Stealth Rock\n|-ability|p2a: Ting-Lu|Vessel of Ruin\n|turn|17\n|\n|t:|1700885570\n|move|p1a: Kingambit|Iron Head|p2a: Ting-Lu\n|-damage|p2a: Ting-Lu|37\/100\n|move|p2a: Ting-Lu|Whirlwind|p1a: Kingambit\n|-end|p1a: Kingambit|fallenundefined|[silent]\n|drag|p1a: Samurott|Samurott-Hisui, M|34\/100\n|\n|-heal|p2a: Ting-Lu|43\/100|[from] item: Leftovers\n|upkeep\n|turn|18\n|\n|t:|1700885578\n|switch|p2a: Clefable|Clefable, F|100\/100\n|move|p1a: Samurott|Knock Off|p2a: Clefable\n|-resisted|p2a: Clefable\n|-damage|p2a: Clefable|85\/100\n|-damage|p1a: Samurott|18\/100|[from] item: Rocky Helmet|[of] p2a: Clefable\n|-enditem|p2a: Clefable|Rocky Helmet|[from] move: Knock Off|[of] p1a: Samurott\n|\n|upkeep\n|turn|19\n|\n|t:|1700885590\n|switch|p1a: Goodra|Goodra-Hisui, M|65\/100\n|-damage|p1a: Goodra|59\/100|[from] Stealth Rock\n|move|p2a: Clefable|Moonblast|p1a: Goodra\n|-damage|p1a: Goodra|40\/100\n|\n|upkeep\n|turn|20\n|\n|t:|1700885594\n|switch|p1a: Tauros|Tauros-Paldea-Blaze, M|100\/100\n|-ability|p1a: Tauros|Intimidate|boost\n|-unboost|p2a: Clefable|atk|1\n|switch|p2a: Iron Moth|Iron Moth|24\/100\n|\n|upkeep\n|turn|21\n|\n|t:|1700885601\n|move|p2a: Iron Moth|Morning Sun|p2a: Iron Moth\n|-heal|p2a: Iron Moth|74\/100\n|move|p1a: Tauros|Raging Bull|p2a: Iron Moth\n|-resisted|p2a: Iron Moth\n|-damage|p2a: Iron Moth|43\/100\n|\n|upkeep\n|turn|22\n|\n|t:|1700885604\n|move|p2a: Iron Moth|Morning Sun|p2a: Iron Moth\n|-heal|p2a: Iron Moth|93\/100\n|move|p1a: Tauros|Stone Edge|p2a: Iron Moth\n|-supereffective|p2a: Iron Moth\n|-damage|p2a: Iron Moth|0 fnt\n|faint|p2a: Iron Moth\n|-end|p2a: Iron Moth|Quark Drive|[silent]\n|\n|upkeep\n|\n|t:|1700885608\n|switch|p2a: Dragapult|Dragapult, F|100\/100\n|turn|23\n|inactive|Mimikyu Stardust has 270 seconds left.\n|inactive|Tace has 270 seconds left.\n|inactive|Mimikyu Stardust has 240 seconds left.\n|\n|t:|1700885674\n|switch|p1a: Goodra|Goodra-Hisui, M|40\/100\n|-damage|p1a: Goodra|34\/100|[from] Stealth Rock\n|move|p2a: Dragapult|Hex|p1a: Goodra\n|-damage|p1a: Goodra|16\/100\n|\n|upkeep\n|turn|24\n|\n|t:|1700885698\n|move|p2a: Dragapult|Hex|p1a: Goodra\n|-damage|p1a: Goodra|0 fnt\n|faint|p1a: Goodra\n|\n|upkeep\n|\n|t:|1700885704\n|switch|p1a: Dragapult|Dragapult, M|100\/100\n|-damage|p1a: Dragapult|88\/100|[from] Stealth Rock\n|turn|25\n|\n|t:|1700885708\n|switch|p2a: Ting-Lu|Ting-Lu|43\/100\n|-damage|p2a: Ting-Lu|37\/100|[from] Stealth Rock\n|-ability|p2a: Ting-Lu|Vessel of Ruin\n|move|p1a: Dragapult|Shadow Ball|p2a: Ting-Lu\n|-resisted|p2a: Ting-Lu\n|-damage|p2a: Ting-Lu|26\/100\n|\n|-heal|p2a: Ting-Lu|33\/100|[from] item: Leftovers\n|upkeep\n|turn|26\n|\n|t:|1700885718\n|switch|p1a: Landorus|Landorus-Therian, M|48\/100\n|-damage|p1a: Landorus|35\/100|[from] Stealth Rock\n|-ability|p1a: Landorus|Intimidate|boost\n|-unboost|p2a: Ting-Lu|atk|1\n|move|p2a: Ting-Lu|Whirlwind|p1a: Landorus\n|drag|p1a: Dragapult|Dragapult, M|88\/100\n|-damage|p1a: Dragapult|76\/100|[from] Stealth Rock\n|\n|-heal|p2a: Ting-Lu|39\/100|[from] item: Leftovers\n|upkeep\n|turn|27\n|inactive|Tace has 270 seconds left.\n|\n|t:|1700885726\n|move|p1a: Dragapult|U-turn|p2a: Ting-Lu\n|-supereffective|p2a: Ting-Lu\n|-damage|p2a: Ting-Lu|20\/100\n|\n|t:|1700885728\n|switch|p1a: Landorus|Landorus-Therian, M|35\/100|[from] U-turn\n|-damage|p1a: Landorus|23\/100|[from] Stealth Rock\n|-ability|p1a: Landorus|Intimidate|boost\n|-unboost|p2a: Ting-Lu|atk|1\n|move|p2a: Ting-Lu|Spikes|p1a: Landorus\n|-sidestart|p1: Mimikyu Stardust|Spikes\n|\n|-heal|p2a: Ting-Lu|26\/100|[from] item: Leftovers\n|upkeep\n|turn|28\n|inactive|Tace has 270 seconds left.\n|\n|t:|1700885747\n|switch|p2a: Dragapult|Dragapult, F|100\/100\n|move|p1a: Landorus|Grass Knot|p2a: Dragapult\n|-resisted|p2a: Dragapult\n|-damage|p2a: Dragapult|89\/100\n|\n|upkeep\n|turn|29\n|\n|t:|1700885753\n|move|p2a: Dragapult|Hex|p1a: Landorus\n|-crit|p1a: Landorus\n|-damage|p1a: Landorus|0 fnt\n|faint|p1a: Landorus\n|\n|upkeep\n|\n|t:|1700885758\n|switch|p1a: Dragapult|Dragapult, M|76\/100\n|-damage|p1a: Dragapult|64\/100|[from] Stealth Rock\n|-damage|p1a: Dragapult|51\/100|[from] Spikes\n|turn|30\n|\n|t:|1700885765\n|switch|p2a: Ting-Lu|Ting-Lu|26\/100\n|-damage|p2a: Ting-Lu|20\/100|[from] Stealth Rock\n|-ability|p2a: Ting-Lu|Vessel of Ruin\n|move|p1a: Dragapult|Draco Meteor|p2a: Ting-Lu\n|-damage|p2a: Ting-Lu|0 fnt\n|-unboost|p1a: Dragapult|spa|2\n|faint|p2a: Ting-Lu\n|\n|upkeep\n|\n|t:|1700885769\n|switch|p2a: Gholdengo|Gholdengo|100\/100\n|turn|31\n|\n|t:|1700885774\n|switch|p1a: Tauros|Tauros-Paldea-Blaze, M|100\/100\n|-ability|p1a: Tauros|Intimidate|boost\n|-unboost|p2a: Gholdengo|atk|1\n|move|p2a: Gholdengo|Shadow Ball|p1a: Tauros\n|-damage|p1a: Tauros|48\/100\n|\n|upkeep\n|turn|32\n|\n|t:|1700885796\n|switch|p2a: Dragapult|Dragapult, F|89\/100\n|move|p1a: Tauros|Raging Bull|p2a: Dragapult\n|-resisted|p2a: Dragapult\n|-damage|p2a: Dragapult|60\/100\n|\n|upkeep\n|turn|33\n|inactive|Mimikyu Stardust has 270 seconds left.\n|\n|t:|1700885836\n|move|p2a: Dragapult|Draco Meteor|p1a: Tauros\n|-damage|p1a: Tauros|0 fnt\n|-unboost|p2a: Dragapult|spa|2\n|faint|p1a: Tauros\n|\n|upkeep\n|\n|t:|1700885841\n|switch|p1a: Dragapult|Dragapult, M|51\/100\n|-damage|p1a: Dragapult|39\/100|[from] Stealth Rock\n|-damage|p1a: Dragapult|27\/100|[from] Spikes\n|turn|34\n|\n|t:|1700885864\n|move|p2a: Dragapult|Hex|p1a: Dragapult\n|-supereffective|p1a: Dragapult\n|-damage|p1a: Dragapult|0 fnt\n|faint|p1a: Dragapult\n|\n|upkeep\n|\n|t:|1700885871\n|switch|p1a: Samurott|Samurott-Hisui, M|18\/100\n|turn|35\n|c|+3d|+1 supreme overlord\n|c|+Clas|3d no ghosting\n|inactive|Tace has 270 seconds left.\n|\n|t:|1700885912\n|move|p2a: Dragapult|U-turn|p1a: Samurott\n|-supereffective|p1a: Samurott\n|-damage|p1a: Samurott|0 fnt\n|faint|p1a: Samurott\n|\n|t:|1700885916\n|switch|p2a: Gholdengo|Gholdengo|100\/100|[from] U-turn\n|\n|upkeep\n|\n|t:|1700885918\n|switch|p1a: Kingambit|Kingambit, M|98\/100\n|-damage|p1a: Kingambit|92\/100|[from] Stealth Rock\n|-damage|p1a: Kingambit|79\/100|[from] Spikes\n|-activate|p1a: Kingambit|ability: Supreme Overlord\n|-start|p1a: Kingambit|fallen5|[silent]\n|turn|36\n|inactive|Mimikyu Stardust has 270 seconds left.\n|inactive|Tace has 240 seconds left.\n|inactive|Tace has 210 seconds left.\n|inactive|Mimikyu Stardust has 240 seconds left.\n|inactive|Tace has 180 seconds left.\n|inactive|Mimikyu Stardust has 210 seconds left.\n|inactive|Tace has 150 seconds left.\n|c|\u2606Tace|test\n|inactive|Mimikyu Stardust has 180 seconds left.\n|\n|t:|1700886057\n|-terastallize|p1a: Kingambit|Flying\n|move|p2a: Gholdengo|Focus Blast|p1a: Kingambit\n|-resisted|p1a: Kingambit\n|-damage|p1a: Kingambit|60\/100\n|move|p1a: Kingambit|Iron Head|p2a: Gholdengo\n|-resisted|p2a: Gholdengo\n|-damage|p2a: Gholdengo|76\/100\n|\n|-heal|p1a: Kingambit|66\/100|[from] item: Leftovers\n|upkeep\n|turn|37\n|inactive|Tace has 120 seconds left.\n|\n|t:|1700886094\n|-terastallize|p2a: Gholdengo|Fairy\n|move|p1a: Kingambit|Sucker Punch|p2a: Gholdengo\n|-resisted|p2a: Gholdengo\n|-damage|p2a: Gholdengo|54\/100\n|move|p2a: Gholdengo|Shadow Ball|p1a: Kingambit\n|-damage|p1a: Kingambit|28\/100\n|-unboost|p1a: Kingambit|spd|1\n|\n|-heal|p1a: Kingambit|34\/100|[from] item: Leftovers\n|upkeep\n|turn|38\n|\n|t:|1700886098\n|move|p2a: Gholdengo|Shadow Ball|p1a: Kingambit\n|-crit|p1a: Kingambit\n|-damage|p1a: Kingambit|0 fnt\n|faint|p1a: Kingambit\n|-end|p1a: Kingambit|fallen5|[silent]\n|\n|win|Tace\n|c|\u2606Tace|ggs\n|c|\u2606Mimikyu Stardust|ggs\n","uploadtime":1700886099,"views":168,"p1id":"mimikyustardust","p2id":"tace","formatid":"gen9ou","rating":0,"private":0,"password":""}