{"id":"smogtours-gen9ou-730479","p1":"TNunes","p2":"Meru","format":"[Gen 9] OU","log":"|inactive|Battle timer is ON: inactive players will automatically lose when time's up.\n|t:|1699830103\n|gametype|singles\n|player|p1|TNunes|#scl3foxes2|\n|player|p2|Meru|#scl2terrors|\n|teamsize|p1|6\n|teamsize|p2|6\n|gen|9\n|tier|[Gen 9] OU\n|rule|Sleep Clause Mod: Limit one foe put to sleep\n|rule|Species Clause: Limit one of each Pok\u00e9mon\n|rule|OHKO Clause: OHKO moves are banned\n|rule|Evasion Items Clause: Evasion items are banned\n|rule|Evasion Moves Clause: Evasion moves are banned\n|rule|Endless Battle Clause: Forcing endless battles is banned\n|rule|HP Percentage Mod: HP is shown in percentages\n|clearpoke\n|poke|p1|Cinderace, M|\n|poke|p1|Gliscor, F|\n|poke|p1|Slowking, F|\n|poke|p1|Great Tusk|\n|poke|p1|Zapdos|\n|poke|p1|Zamazenta-*|\n|poke|p2|Gliscor, F|\n|poke|p2|Rillaboom, M|\n|poke|p2|Zamazenta-*|\n|poke|p2|Clefable, M|\n|poke|p2|Samurott-Hisui, M|\n|poke|p2|Moltres|\n|teampreview\n|c|\u2606Meru|glhf\n|raw|<div class=\"broadcast-red\"><strong>Moderated chat was set to \u2606!<\/strong><br \/>Only users of rank \u2606 and higher can talk.<\/div>\n|c|\u2606TNunes|glhf\n|inactive|TNunes has 270 seconds left.\n|inactive|Meru has 270 seconds left.\n|inactive|Meru has 240 seconds left.\n|inactive|TNunes has 240 seconds left.\n|\n|t:|1699830180\n|start\n|switch|p1a: Slowking|Slowking, F|100\/100\n|switch|p2a: Gliscor|Gliscor, F|100\/100\n|turn|1\n|\n|t:|1699830190\n|move|p2a: Gliscor|Protect|p2a: Gliscor\n|-singleturn|p2a: Gliscor|Protect\n|move|p1a: Slowking|Future Sight|p2a: Gliscor\n|-start|p1a: Slowking|move: Future Sight\n|\n|-status|p2a: Gliscor|tox|[from] item: Toxic Orb\n|upkeep\n|turn|2\n|\n|t:|1699830207\n|move|p2a: Gliscor|Toxic|p1a: Slowking\n|-status|p1a: Slowking|tox\n|move|p1a: Slowking|Chilly Reception|p1a: Slowking\n|-weather|Snow\n|\n|t:|1699830213\n|switch|p1a: Gliscor|Gliscor, F|100\/100|[from] Chilly Reception\n|\n|-weather|Snow|[upkeep]\n|-status|p1a: Gliscor|tox|[from] item: Toxic Orb\n|upkeep\n|turn|3\n|inactive|TNunes has 270 seconds left.\n|inactive|Meru has 270 seconds left.\n|\n|t:|1699830256\n|move|p1a: Gliscor|Swords Dance|p1a: Gliscor\n|-boost|p1a: Gliscor|atk|2\n|move|p2a: Gliscor|U-turn|p1a: Gliscor\n|-resisted|p1a: Gliscor\n|-damage|p1a: Gliscor|94\/100 tox\n|\n|t:|1699830265\n|switch|p2a: Samurott|Samurott-Hisui, M|100\/100|[from] U-turn\n|\n|-weather|Snow|[upkeep]\n|-end|p2a: Samurott|move: Future Sight\n|-immune|p2a: Samurott\n|-heal|p1a: Gliscor|100\/100 tox|[from] ability: Poison Heal\n|upkeep\n|turn|4\n|\n|t:|1699830295\n|switch|p2a: Clefable|Clefable, M|100\/100\n|-terastallize|p1a: Gliscor|Normal\n|move|p1a: Gliscor|Facade|p2a: Clefable\n|-damage|p2a: Clefable|62\/100\n|\n|-weather|Snow|[upkeep]\n|upkeep\n|turn|5\n|inactive|Meru has 240 seconds left.\n|inactive|Meru has 210 seconds left.\n|inactive|Meru has 180 seconds left.\n|\n|t:|1699830372\n|move|p1a: Gliscor|Facade|p2a: Clefable\n|-damage|p2a: Clefable|28\/100\n|move|p2a: Clefable|Moonlight|p2a: Clefable\n|-heal|p2a: Clefable|53\/100\n|\n|-weather|Snow|[upkeep]\n|upkeep\n|turn|6\n|inactive|Meru has 180 seconds left.\n|\n|t:|1699830391\n|move|p1a: Gliscor|Facade|p2a: Clefable\n|-damage|p2a: Clefable|15\/100\n|move|p2a: Clefable|Moonlight|p2a: Clefable\n|-heal|p2a: Clefable|40\/100\n|\n|-weather|none\n|upkeep\n|turn|7\n|inactive|Meru has 180 seconds left.\n|inactive|TNunes has 270 seconds left.\n|\n|t:|1699830408\n|move|p1a: Gliscor|Knock Off|p2a: Clefable\n|-resisted|p2a: Clefable\n|-damage|p2a: Clefable|32\/100\n|-enditem|p2a: Clefable|Heavy-Duty Boots|[from] move: Knock Off|[of] p1a: Gliscor\n|move|p2a: Clefable|Moonlight|p2a: Clefable\n|-heal|p2a: Clefable|82\/100\n|\n|upkeep\n|turn|8\n|inactive|Meru has 180 seconds left.\n|inactive|Meru has 150 seconds left.\n|\n|t:|1699830449\n|move|p1a: Gliscor|Facade|p2a: Clefable\n|-damage|p2a: Clefable|47\/100\n|move|p2a: Clefable|Calm Mind|p2a: Clefable\n|-boost|p2a: Clefable|spa|1\n|-boost|p2a: Clefable|spd|1\n|\n|upkeep\n|turn|9\n|inactive|TNunes has 270 seconds left.\n|\n|t:|1699830473\n|switch|p1a: Cinderace|Cinderace, M|100\/100\n|move|p2a: Clefable|Moonlight|p2a: Clefable\n|-heal|p2a: Clefable|97\/100\n|\n|upkeep\n|turn|10\n|inactive|TNunes has 270 seconds left.\n|inactive|Meru has 150 seconds left.\n|\n|t:|1699830490\n|switch|p2a: Gliscor|Gliscor, F|100\/100 tox\n|move|p1a: Cinderace|Will-O-Wisp||[still]\n|-fail|p1a: Cinderace\n|\n|upkeep\n|turn|11\n|inactive|Meru has 150 seconds left.\n|\n|t:|1699830501\n|move|p1a: Cinderace|U-turn|p2a: Gliscor\n|-resisted|p2a: Gliscor\n|-damage|p2a: Gliscor|94\/100 tox\n|\n|t:|1699830509\n|switch|p1a: Gliscor|Gliscor, F, tera:Normal|100\/100 tox|[from] U-turn\n|move|p2a: Gliscor|U-turn|p1a: Gliscor\n|-damage|p1a: Gliscor|88\/100 tox\n|inactive|Meru has 150 seconds left.\n|inactive|Meru has 120 seconds left.\n|inactive|Meru has 90 seconds left.\n|\n|t:|1699830604\n|switch|p2a: Samurott|Samurott-Hisui, M|100\/100|[from] U-turn\n|\n|-heal|p1a: Gliscor|100\/100 tox|[from] ability: Poison Heal\n|upkeep\n|turn|12\n|\n|t:|1699830617\n|move|p2a: Samurott|Ceaseless Edge|p1a: Gliscor\n|-damage|p1a: Gliscor|71\/100 tox\n|-sidestart|p1: TNunes|Spikes\n|move|p1a: Gliscor|Facade|p2a: Samurott\n|-damage|p2a: Samurott|53\/100\n|\n|-heal|p1a: Gliscor|83\/100 tox|[from] ability: Poison Heal\n|upkeep\n|turn|13\n|inactive|Meru has 60 seconds left.\n|inactive|Meru has 30 seconds left.\n|\n|t:|1699830675\n|move|p2a: Samurott|Razor Shell|p1a: Gliscor\n|-damage|p1a: Gliscor|43\/100 tox\n|-unboost|p1a: Gliscor|def|1\n|move|p1a: Gliscor|Facade|p2a: Samurott\n|-damage|p2a: Samurott|1\/100\n|\n|-heal|p1a: Gliscor|55\/100 tox|[from] ability: Poison Heal\n|upkeep\n|turn|14\n|\n|t:|1699830684\n|move|p1a: Gliscor|Protect|p1a: Gliscor\n|-singleturn|p1a: Gliscor|Protect\n|move|p2a: Samurott|Rest|p2a: Samurott\n|-status|p2a: Samurott|slp|[from] move: Rest\n|-heal|p2a: Samurott|100\/100 slp|[silent]\n|\n|-heal|p1a: Gliscor|68\/100 tox|[from] ability: Poison Heal\n|upkeep\n|turn|15\n|\n|t:|1699830693\n|switch|p1a: Zapdos|Zapdos|100\/100\n|cant|p2a: Samurott|slp\n|move|p2a: Samurott|Sleep Talk|p2a: Samurott\n|move|p2a: Samurott|Ceaseless Edge|p1a: Zapdos|[from]move: Sleep Talk\n|-damage|p1a: Zapdos|71\/100\n|-sidestart|p1: TNunes|Spikes\n|\n|upkeep\n|turn|16\n|inactive|Meru has 30 seconds left.\n|\n|t:|1699830716\n|switch|p2a: Gliscor|Gliscor, F|94\/100 tox\n|switch|p1a: Slowking|Slowking, F|100\/100 tox\n|\n|-heal|p2a: Gliscor|100\/100 tox|[from] ability: Poison Heal\n|-damage|p1a: Slowking|94\/100 tox|[from] psn\n|upkeep\n|turn|17\n|inactive|Meru has 30 seconds left.\n|\n|t:|1699830731\n|move|p2a: Gliscor|U-turn|p1a: Slowking\n|-supereffective|p1a: Slowking\n|-damage|p1a: Slowking|64\/100 tox\n|inactive|Meru has 30 seconds left.\n|\n|t:|1699830739\n|switch|p2a: Samurott|Samurott-Hisui, M|100\/100 slp|[from] U-turn\n|move|p1a: Slowking|Chilly Reception|p1a: Slowking\n|-weather|Snow\n|\n|t:|1699830755\n|switch|p1a: Zamazenta|Zamazenta|100\/100|[from] Chilly Reception\n|-damage|p1a: Zamazenta|84\/100|[from] Spikes\n|-ability|p1a: Zamazenta|Dauntless Shield|boost\n|-boost|p1a: Zamazenta|def|1\n|\n|-weather|Snow|[upkeep]\n|upkeep\n|turn|18\n|inactive|Meru has 30 seconds left.\n|\n|t:|1699830775\n|switch|p2a: Gliscor|Gliscor, F|100\/100 tox\n|move|p1a: Zamazenta|Play Rough|p2a: Gliscor\n|-crit|p2a: Gliscor\n|-damage|p2a: Gliscor|46\/100 tox\n|\n|-weather|Snow|[upkeep]\n|-heal|p2a: Gliscor|58\/100 tox|[from] ability: Poison Heal\n|upkeep\n|turn|19\n|\n|t:|1699830783\n|switch|p1a: Slowking|Slowking, F|98\/100 tox\n|switch|p2a: Moltres|Moltres|100\/100\n|\n|-weather|Snow|[upkeep]\n|-damage|p1a: Slowking|92\/100 tox|[from] psn\n|upkeep\n|turn|20\n|inactive|Meru has 30 seconds left.\n|\n|t:|1699830802\n|move|p2a: Moltres|Hurricane|p1a: Slowking\n|-damage|p1a: Slowking|57\/100 tox\n|move|p1a: Slowking|Chilly Reception|p1a: Slowking\n|\n|t:|1699830812\n|switch|p1a: Cinderace|Cinderace, M|100\/100|[from] Chilly Reception\n|\n|-weather|Snow|[upkeep]\n|upkeep\n|turn|21\n|\n|t:|1699830825\n|move|p1a: Cinderace|Court Change|p1a: Cinderace\n|-swapsideconditions\n|-activate|p1a: Cinderace|move: Court Change\n|move|p2a: Moltres|Hurricane|p1a: Cinderace\n|-damage|p1a: Cinderace|25\/100\n|-start|p1a: Cinderace|confusion\n|\n|-weather|none\n|upkeep\n|turn|22\n|\n|t:|1699830832\n|switch|p1a: Slowking|Slowking, F|90\/100 tox\n|switch|p2a: Samurott|Samurott-Hisui, M|100\/100 slp\n|\n|-damage|p1a: Slowking|84\/100 tox|[from] psn\n|upkeep\n|turn|23\n|\n|t:|1699830846\n|switch|p1a: Zapdos|Zapdos|71\/100\n|cant|p2a: Samurott|slp\n|move|p2a: Samurott|Sleep Talk|p2a: Samurott\n|move|p2a: Samurott|Razor Shell|p1a: Zapdos|[from]move: Sleep Talk\n|-damage|p1a: Zapdos|38\/100\n|-unboost|p1a: Zapdos|def|1\n|\n|upkeep\n|turn|24\n|inactive|Meru has 30 seconds left.\n|inactive|TNunes has 270 seconds left.\n|inactive|Meru has 20 seconds left.\n|\n|t:|1699830889\n|-terastallize|p2a: Samurott|Electric\n|-curestatus|p2a: Samurott|slp|[msg]\n|move|p2a: Samurott|Ceaseless Edge|p1a: Zapdos\n|-damage|p1a: Zapdos|0 fnt\n|-sidestart|p1: TNunes|Spikes\n|faint|p1a: Zapdos\n|\n|upkeep\n|inactive|Meru has 25 seconds left this turn.\n|inactive|TNunes has 270 seconds left.\n|inactive|TNunes has 240 seconds left.\n|\n|t:|1699830932\n|switch|p1a: Zamazenta|Zamazenta|84\/100\n|-damage|p1a: Zamazenta|72\/100|[from] Spikes\n|turn|25\n|inactive|TNunes has 240 seconds left.\n|inactive|Meru has 30 seconds left.\n|inactive|Meru has 20 seconds left.\n|\n|t:|1699830951\n|move|p1a: Zamazenta|Stone Edge|p2a: Samurott|[miss]\n|-miss|p1a: Zamazenta|p2a: Samurott\n|move|p2a: Samurott|Razor Shell|p1a: Zamazenta\n|-damage|p1a: Zamazenta|31\/100\n|-unboost|p1a: Zamazenta|def|1\n|\n|upkeep\n|turn|26\n|inactive|Meru has 30 seconds left this turn.\n|inactive|Meru has 20 seconds left.\n|\n|t:|1699830964\n|move|p1a: Zamazenta|Stone Edge|p2a: Samurott|[miss]\n|-miss|p1a: Zamazenta|p2a: Samurott\n|move|p2a: Samurott|Razor Shell|p1a: Zamazenta\n|-damage|p1a: Zamazenta|0 fnt\n|faint|p1a: Zamazenta\n|\n|upkeep\n|inactive|Meru has 25 seconds left this turn.\n|\n|t:|1699830973\n|switch|p1a: Great Tusk|Great Tusk|100\/100\n|-damage|p1a: Great Tusk|88\/100|[from] Spikes\n|-enditem|p1a: Great Tusk|Booster Energy\n|-activate|p1a: Great Tusk|ability: Protosynthesis|[fromitem]\n|-start|p1a: Great Tusk|protosynthesisspe\n|turn|27\n|inactive|Meru has 30 seconds left.\n|inactive|Meru has 20 seconds left.\n|\n|t:|1699830989\n|move|p1a: Great Tusk|Rapid Spin|p2a: Samurott\n|-damage|p2a: Samurott|84\/100\n|-boost|p1a: Great Tusk|spe|1\n|-sideend|p1: TNunes|Spikes|[from] move: Rapid Spin|[of] p1a: Great Tusk\n|move|p2a: Samurott|Razor Shell|p1a: Great Tusk\n|-supereffective|p1a: Great Tusk\n|-damage|p1a: Great Tusk|31\/100\n|-unboost|p1a: Great Tusk|def|1\n|\n|upkeep\n|turn|28\n|inactive|Meru has 30 seconds left this turn.\n|inactive|TNunes has 240 seconds left.\n|inactive|Meru has 20 seconds left.\n|\n|t:|1699831002\n|switch|p2a: Moltres|Moltres|100\/100\n|move|p1a: Great Tusk|Headlong Rush|p2a: Moltres\n|-immune|p2a: Moltres\n|\n|upkeep\n|turn|29\n|inactive|Meru has 30 seconds left this turn.\n|inactive|Meru has 20 seconds left.\n|inactive|Meru has 15 seconds left.\n|\n|t:|1699831018\n|-end|p1a: Great Tusk|Protosynthesis|[silent]\n|switch|p1a: Slowking|Slowking, F|100\/100 tox\n|move|p2a: Moltres|Flamethrower|p1a: Slowking\n|-resisted|p1a: Slowking\n|-damage|p1a: Slowking|85\/100 tox\n|\n|-damage|p1a: Slowking|79\/100 tox|[from] psn\n|upkeep\n|turn|30\n|inactive|Meru has 25 seconds left this turn.\n|inactive|Meru has 20 seconds left.\n|inactive|Meru has 15 seconds left.\n|\n|t:|1699831031\n|switch|p2a: Samurott|Samurott-Hisui, M, tera:Electric|84\/100\n|move|p1a: Slowking|Chilly Reception|p1a: Slowking\n|-weather|Snow\n|inactive|Meru has 20 seconds left this turn.\n|\n|t:|1699831047\n|switch|p1a: Great Tusk|Great Tusk|31\/100|[from] Chilly Reception\n|\n|-weather|Snow|[upkeep]\n|upkeep\n|turn|31\n|inactive|Meru has 30 seconds left this turn.\n|\n|t:|1699831052\n|switch|p2a: Moltres|Moltres|100\/100\n|move|p1a: Great Tusk|Headlong Rush|p2a: Moltres\n|-immune|p2a: Moltres\n|\n|-weather|Snow|[upkeep]\n|upkeep\n|turn|32\n|\n|t:|1699831055\n|-end|p1a: Great Tusk|Protosynthesis|[silent]\n|switch|p1a: Slowking|Slowking, F|100\/100 tox\n|move|p2a: Moltres|Hurricane|p1a: Slowking\n|-crit|p1a: Slowking\n|-damage|p1a: Slowking|42\/100 tox\n|-start|p1a: Slowking|confusion\n|\n|-weather|Snow|[upkeep]\n|-damage|p1a: Slowking|36\/100 tox|[from] psn\n|upkeep\n|turn|33\n|\n|t:|1699831063\n|move|p2a: Moltres|Hurricane|p1a: Slowking\n|-damage|p1a: Slowking|3\/100 tox\n|-activate|p1a: Slowking|confusion\n|move|p1a: Slowking|Chilly Reception|p1a: Slowking\n|inactive|TNunes has 270 seconds left.\n|\n|t:|1699831075\n|switch|p1a: Gliscor|Gliscor, F, tera:Normal|68\/100 tox|[from] Chilly Reception\n|\n|-weather|Snow|[upkeep]\n|-heal|p1a: Gliscor|80\/100 tox|[from] ability: Poison Heal\n|upkeep\n|turn|34\n|\n|t:|1699831088\n|switch|p2a: Zamazenta|Zamazenta|100\/100\n|-ability|p2a: Zamazenta|Dauntless Shield|boost\n|-boost|p2a: Zamazenta|def|1\n|move|p1a: Gliscor|Protect||[still]\n|-fail|p1a: Gliscor\n|\n|-weather|none\n|-heal|p1a: Gliscor|93\/100 tox|[from] ability: Poison Heal\n|upkeep\n|turn|35\n|inactive|TNunes has 270 seconds left.\n|c|\u2606TNunes|\/log TNunes made the replay of this battle unlisted.\n|inactive|TNunes has 240 seconds left.\n|-message|TNunes forfeited.\n|\n|win|Meru\n|c|\u2606TNunes|gg\n|c|\u2606Meru|gg\n","uploadtime":1699831134,"views":544,"p1id":"tnunes","p2id":"meru","formatid":"gen9ou","rating":0,"private":0,"password":null}