{"id":"smogtours-gen9ou-729946","p1":"les2bg et blav","p2":"TrosKith","format":"[Gen 9] OU","log":"|inactive|Battle timer is ON: inactive players will automatically lose when time's up.\n|t:|1699727793\n|gametype|singles\n|player|p1|les2bg et blav|silver|\n|player|p2|TrosKith|ballguy|\n|teamsize|p1|6\n|teamsize|p2|6\n|gen|9\n|tier|[Gen 9] OU\n|rule|Sleep Clause Mod: Limit one foe put to sleep\n|rule|Species Clause: Limit one of each Pok\u00e9mon\n|rule|OHKO Clause: OHKO moves are banned\n|rule|Evasion Items Clause: Evasion items are banned\n|rule|Evasion Moves Clause: Evasion moves are banned\n|rule|Endless Battle Clause: Forcing endless battles is banned\n|rule|HP Percentage Mod: HP is shown in percentages\n|clearpoke\n|poke|p1|Ogerpon-Wellspring, F|\n|poke|p1|Gholdengo|\n|poke|p1|Kingambit, F|\n|poke|p1|Zamazenta-*|\n|poke|p1|Enamorus, F|\n|poke|p1|Glimmora, M|\n|poke|p2|Clefable, M|\n|poke|p2|Gliscor, M|\n|poke|p2|Milotic, M|\n|poke|p2|Mandibuzz, F|\n|poke|p2|Skeledirge, M|\n|poke|p2|Dragapult, F|\n|teampreview\n|c|\u2606TrosKith|hf\n|c|\u2606les2bg et blav|glhf\n|inactive|les2bg et blav has 270 seconds left.\n|inactive|TrosKith has 270 seconds left.\n|inactive|les2bg et blav has 240 seconds left.\n|inactive|TrosKith has 240 seconds left.\n|inactive|les2bg et blav has 210 seconds left.\n|inactive|TrosKith has 210 seconds left.\n|inactive|les2bg et blav has 180 seconds left.\n|inactive|TrosKith has 180 seconds left.\n|inactive|TrosKith has 150 seconds left.\n|inactive|TrosKith has 120 seconds left.\n|\n|t:|1699727978\n|start\n|switch|p1a: Ogerpon|Ogerpon-Wellspring, F|100\/100\n|switch|p2a: Dragapult|Dragapult, F|100\/100\n|turn|1\n|inactive|TrosKith has 180 seconds left.\n|\n|t:|1699727997\n|switch|p1a: Kingambit|Kingambit, F|100\/100\n|move|p2a: Dragapult|U-turn|p1a: Kingambit\n|-crit|p1a: Kingambit\n|-damage|p1a: Kingambit|79\/100\n|inactive|TrosKith has 150 seconds left.\n|\n|t:|1699728035\n|switch|p2a: Milotic|Milotic, M|100\/100|[from] U-turn\n|\n|upkeep\n|turn|2\n|inactive|les2bg et blav has 240 seconds left.\n|\n|t:|1699728066\n|switch|p2a: Mandibuzz|Mandibuzz, F|100\/100\n|-end|p1a: Kingambit|fallenundefined|[silent]\n|switch|p1a: Ogerpon|Ogerpon-Wellspring, F|100\/100\n|\n|upkeep\n|turn|3\n|inactive|les2bg et blav has 210 seconds left.\n|\n|t:|1699728091\n|switch|p1a: Enamorus|Enamorus, F|100\/100\n|move|p2a: Mandibuzz|Foul Play|p1a: Enamorus\n|-resisted|p1a: Enamorus\n|-damage|p1a: Enamorus|78\/100\n|\n|upkeep\n|turn|4\n|inactive|les2bg et blav has 210 seconds left.\n|inactive|TrosKith has 120 seconds left.\n|\n|t:|1699728113\n|switch|p2a: Skeledirge|Skeledirge, M|100\/100\n|move|p1a: Enamorus|Earth Power|p2a: Skeledirge\n|-supereffective|p2a: Skeledirge\n|-damage|p2a: Skeledirge|45\/100\n|\n|upkeep\n|turn|5\n|\n|t:|1699728121\n|switch|p1a: Ogerpon|Ogerpon-Wellspring, F|100\/100\n|switch|p2a: Gliscor|Gliscor, M|100\/100\n|\n|-status|p2a: Gliscor|tox|[from] item: Toxic Orb\n|upkeep\n|turn|6\n|\n|t:|1699728135\n|switch|p2a: Mandibuzz|Mandibuzz, F|100\/100\n|move|p1a: Ogerpon|Substitute|p1a: Ogerpon\n|-start|p1a: Ogerpon|Substitute\n|-damage|p1a: Ogerpon|76\/100\n|\n|upkeep\n|turn|7\n|\n|t:|1699728144\n|move|p1a: Ogerpon|Ivy Cudgel|p2a: Mandibuzz\n|-damage|p2a: Mandibuzz|64\/100\n|move|p2a: Mandibuzz|Foul Play|p1a: Ogerpon\n|-end|p1a: Ogerpon|Substitute\n|\n|upkeep\n|turn|8\n|\n|t:|1699728159\n|switch|p1a: Enamorus|Enamorus, F|78\/100\n|switch|p2a: Dragapult|Dragapult, F|100\/100\n|\n|upkeep\n|turn|9\n|\n|t:|1699728180\n|switch|p2a: Milotic|Milotic, M|100\/100\n|-terastallize|p1a: Enamorus|Fairy\n|move|p1a: Enamorus|Moonblast|p2a: Milotic\n|-damage|p2a: Milotic|57\/100\n|\n|upkeep\n|turn|10\n|inactive|TrosKith has 120 seconds left.\n|\n|t:|1699728221\n|-terastallize|p2a: Milotic|Steel\n|move|p1a: Enamorus|Moonblast|p2a: Milotic\n|-resisted|p2a: Milotic\n|-damage|p2a: Milotic|37\/100\n|move|p2a: Milotic|Recover|p2a: Milotic\n|-heal|p2a: Milotic|87\/100\n|\n|upkeep\n|turn|11\n|\n|t:|1699728234\n|switch|p1a: Ogerpon|Ogerpon-Wellspring, F|76\/100\n|switch|p2a: Dragapult|Dragapult, F|100\/100\n|\n|upkeep\n|turn|12\n|\n|t:|1699728251\n|switch|p1a: Kingambit|Kingambit, F|79\/100\n|move|p2a: Dragapult|Will-O-Wisp|p1a: Kingambit\n|-status|p1a: Kingambit|brn\n|-enditem|p1a: Kingambit|Lum Berry|[eat]\n|-curestatus|p1a: Kingambit|brn|[msg]\n|\n|upkeep\n|turn|13\n|inactive|TrosKith has 90 seconds left.\n|\n|t:|1699728277\n|move|p2a: Dragapult|U-turn|p1a: Kingambit\n|-damage|p1a: Kingambit|65\/100\n|\n|t:|1699728285\n|switch|p2a: Mandibuzz|Mandibuzz, F|64\/100|[from] U-turn\n|move|p1a: Kingambit|Kowtow Cleave|p2a: Mandibuzz\n|-resisted|p2a: Mandibuzz\n|-damage|p2a: Mandibuzz|49\/100\n|\n|upkeep\n|turn|14\n|\n|t:|1699728292\n|move|p2a: Mandibuzz|Roost|p2a: Mandibuzz\n|-heal|p2a: Mandibuzz|99\/100\n|-singleturn|p2a: Mandibuzz|move: Roost\n|move|p1a: Kingambit|Swords Dance|p1a: Kingambit\n|-boost|p1a: Kingambit|atk|2\n|\n|upkeep\n|turn|15\n|\n|t:|1699728297\n|move|p2a: Mandibuzz|Foul Play|p1a: Kingambit\n|-resisted|p1a: Kingambit\n|-damage|p1a: Kingambit|26\/100\n|move|p1a: Kingambit|Iron Head|p2a: Mandibuzz\n|-damage|p2a: Mandibuzz|48\/100\n|\n|upkeep\n|turn|16\n|inactive|les2bg et blav has 240 seconds left.\n|\n|t:|1699728309\n|-end|p1a: Kingambit|fallenundefined|[silent]\n|switch|p1a: Enamorus|Enamorus, F, tera:Fairy|78\/100\n|move|p2a: Mandibuzz|Roost|p2a: Mandibuzz\n|-heal|p2a: Mandibuzz|99\/100\n|-singleturn|p2a: Mandibuzz|move: Roost\n|\n|upkeep\n|turn|17\n|inactive|les2bg et blav has 240 seconds left.\n|inactive|TrosKith has 90 seconds left.\n|\n|t:|1699728333\n|switch|p2a: Gliscor|Gliscor, M|100\/100 tox\n|move|p1a: Enamorus|Earth Power|p2a: Gliscor\n|-immune|p2a: Gliscor\n|\n|upkeep\n|turn|18\n|inactive|les2bg et blav has 240 seconds left.\n|inactive|TrosKith has 90 seconds left.\n|\n|t:|1699728349\n|switch|p1a: Gholdengo|Gholdengo|100\/100\n|-item|p1a: Gholdengo|Air Balloon\n|move|p2a: Gliscor|Swords Dance|p2a: Gliscor\n|-boost|p2a: Gliscor|atk|2\n|\n|upkeep\n|turn|19\n|inactive|les2bg et blav has 210 seconds left.\n|\n|t:|1699728382\n|switch|p1a: Kingambit|Kingambit, F|26\/100\n|move|p2a: Gliscor|Knock Off|p1a: Kingambit\n|-resisted|p1a: Kingambit\n|-damage|p1a: Kingambit|15\/100\n|\n|upkeep\n|turn|20\n|inactive|les2bg et blav has 210 seconds left.\n|\n|t:|1699728395\n|move|p2a: Gliscor|Facade|p1a: Kingambit\n|-resisted|p1a: Kingambit\n|-damage|p1a: Kingambit|0 fnt\n|faint|p1a: Kingambit\n|-end|p1a: Kingambit|fallenundefined|[silent]\n|\n|upkeep\n|inactive|les2bg et blav has 210 seconds left.\n|\n|t:|1699728402\n|switch|p1a: Ogerpon|Ogerpon-Wellspring, F|76\/100\n|turn|21\n|inactive|les2bg et blav has 210 seconds left.\n|inactive|TrosKith has 90 seconds left.\n|\n|t:|1699728434\n|move|p1a: Ogerpon|Ivy Cudgel|p2a: Gliscor\n|-supereffective|p2a: Gliscor\n|-damage|p2a: Gliscor|1\/100 tox\n|move|p2a: Gliscor|Facade|p1a: Ogerpon\n|-damage|p1a: Ogerpon|0 fnt\n|faint|p1a: Ogerpon\n|\n|-heal|p2a: Gliscor|14\/100 tox|[from] ability: Poison Heal\n|upkeep\n|inactive|les2bg et blav has 210 seconds left.\n|c|\u2606les2bg et blav|perdemos\n|\n|t:|1699728466\n|switch|p1a: Enamorus|Enamorus, F, tera:Fairy|78\/100\n|turn|22\n|inactive|TrosKith has 90 seconds left.\n|\n|t:|1699728472\n|switch|p2a: Milotic|Milotic, M, tera:Steel|87\/100\n|move|p1a: Enamorus|Mystical Fire|p2a: Milotic\n|-supereffective|p2a: Milotic\n|-damage|p2a: Milotic|58\/100\n|-unboost|p2a: Milotic|spa|1\n|\n|upkeep\n|turn|23\n|\n|t:|1699728481\n|move|p1a: Enamorus|Mystical Fire|p2a: Milotic\n|-supereffective|p2a: Milotic\n|-damage|p2a: Milotic|26\/100\n|-unboost|p2a: Milotic|spa|1\n|move|p2a: Milotic|Recover|p2a: Milotic\n|-heal|p2a: Milotic|76\/100\n|\n|upkeep\n|turn|24\n|\n|t:|1699728502\n|switch|p1a: Gholdengo|Gholdengo|100\/100\n|-item|p1a: Gholdengo|Air Balloon\n|move|p2a: Milotic|Recover|p2a: Milotic\n|-heal|p2a: Milotic|100\/100\n|\n|upkeep\n|turn|25\n|\n|t:|1699728509\n|move|p1a: Gholdengo|Nasty Plot|p1a: Gholdengo\n|-boost|p1a: Gholdengo|spa|2\n|move|p2a: Milotic|Haze|p2a: Milotic\n|-clearallboost\n|\n|upkeep\n|turn|26\n|inactive|TrosKith has 120 seconds left.\n|\n|t:|1699728525\n|move|p1a: Gholdengo|Shadow Ball|p2a: Milotic\n|-damage|p2a: Milotic|74\/100\n|-unboost|p2a: Milotic|spd|1\n|move|p2a: Milotic|Scald|p1a: Gholdengo\n|-damage|p1a: Gholdengo|70\/100\n|-enditem|p1a: Gholdengo|Air Balloon\n|\n|upkeep\n|turn|27\n|inactive|TrosKith has 90 seconds left.\n|\n|t:|1699728564\n|switch|p2a: Mandibuzz|Mandibuzz, F|99\/100\n|move|p1a: Gholdengo|Nasty Plot|p1a: Gholdengo\n|-boost|p1a: Gholdengo|spa|2\n|\n|upkeep\n|turn|28\n|inactive|TrosKith has 90 seconds left.\n|\n|t:|1699728582\n|move|p1a: Gholdengo|Make It Rain|p2a: Mandibuzz\n|-damage|p2a: Mandibuzz|0 fnt\n|-unboost|p1a: Gholdengo|spa|1\n|faint|p2a: Mandibuzz\n|\n|upkeep\n|\n|t:|1699728594\n|switch|p2a: Dragapult|Dragapult, F|100\/100\n|turn|29\n|inactive|les2bg et blav has 180 seconds left.\n|\n|t:|1699728618\n|move|p2a: Dragapult|U-turn|p1a: Gholdengo\n|-resisted|p1a: Gholdengo\n|-damage|p1a: Gholdengo|65\/100\n|inactive|TrosKith has 90 seconds left.\n|inactive|TrosKith has 60 seconds left.\n|\n|t:|1699728654\n|switch|p2a: Skeledirge|Skeledirge, M|45\/100|[from] U-turn\n|move|p1a: Gholdengo|Shadow Ball|p2a: Skeledirge\n|-supereffective|p2a: Skeledirge\n|-damage|p2a: Skeledirge|0 fnt\n|faint|p2a: Skeledirge\n|\n|upkeep\n|inactive|TrosKith has 60 seconds left.\n|\n|t:|1699728659\n|switch|p2a: Milotic|Milotic, M, tera:Steel|74\/100\n|turn|30\n|inactive|les2bg et blav has 180 seconds left.\n|\n|t:|1699728681\n|move|p1a: Gholdengo|Shadow Ball|p2a: Milotic\n|-damage|p2a: Milotic|38\/100\n|move|p2a: Milotic|Scald|p1a: Gholdengo\n|-damage|p1a: Gholdengo|31\/100\n|-status|p1a: Gholdengo|brn\n|\n|-damage|p1a: Gholdengo|25\/100 brn|[from] brn\n|upkeep\n|turn|31\n|\n|t:|1699728688\n|move|p1a: Gholdengo|Shadow Ball|p2a: Milotic\n|-damage|p2a: Milotic|2\/100\n|move|p2a: Milotic|Recover|p2a: Milotic\n|-heal|p2a: Milotic|52\/100\n|\n|-damage|p1a: Gholdengo|19\/100 brn|[from] brn\n|upkeep\n|turn|32\n|\n|t:|1699728698\n|move|p1a: Gholdengo|Nasty Plot|p1a: Gholdengo\n|-boost|p1a: Gholdengo|spa|2\n|move|p2a: Milotic|Recover|p2a: Milotic\n|-heal|p2a: Milotic|100\/100\n|\n|-damage|p1a: Gholdengo|13\/100 brn|[from] brn\n|upkeep\n|turn|33\n|\n|t:|1699728706\n|switch|p2a: Gliscor|Gliscor, M|14\/100 tox\n|move|p1a: Gholdengo|Shadow Ball|p2a: Gliscor\n|-damage|p2a: Gliscor|0 fnt\n|faint|p2a: Gliscor\n|\n|-damage|p1a: Gholdengo|7\/100 brn|[from] brn\n|upkeep\n|\n|t:|1699728711\n|switch|p2a: Dragapult|Dragapult, F|100\/100\n|turn|34\n|inactive|les2bg et blav has 210 seconds left.\n|\n|t:|1699728720\n|move|p2a: Dragapult|Hex|p1a: Gholdengo\n|-supereffective|p1a: Gholdengo\n|-damage|p1a: Gholdengo|0 fnt\n|faint|p1a: Gholdengo\n|\n|upkeep\n|\n|t:|1699728725\n|switch|p1a: Enamorus|Enamorus, F, tera:Fairy|78\/100\n|turn|35\n|inactive|TrosKith has 90 seconds left.\n|\n|t:|1699728754\n|switch|p2a: Clefable|Clefable, M|100\/100\n|move|p1a: Enamorus|Earth Power|p2a: Clefable\n|-damage|p2a: Clefable|68\/100\n|\n|-heal|p2a: Clefable|74\/100|[from] item: Leftovers\n|upkeep\n|turn|36\n|inactive|TrosKith has 90 seconds left.\n|\n|t:|1699728764\n|switch|p1a: Glimmora|Glimmora, M|100\/100\n|move|p2a: Clefable|Stealth Rock|p1a: Glimmora\n|-sidestart|p1: les2bg et blav|move: Stealth Rock\n|\n|-heal|p2a: Clefable|80\/100|[from] item: Leftovers\n|upkeep\n|turn|37\n|\n|t:|1699728772\n|switch|p2a: Milotic|Milotic, M, tera:Steel|100\/100\n|move|p1a: Glimmora|Earth Power|p2a: Milotic\n|-supereffective|p2a: Milotic\n|-damage|p2a: Milotic|63\/100\n|\n|upkeep\n|turn|38\n|\n|t:|1699728779\n|move|p1a: Glimmora|Earth Power|p2a: Milotic\n|-supereffective|p2a: Milotic\n|-damage|p2a: Milotic|27\/100\n|move|p2a: Milotic|Recover|p2a: Milotic\n|-heal|p2a: Milotic|77\/100\n|\n|upkeep\n|turn|39\n|\n|t:|1699728792\n|move|p1a: Glimmora|Earth Power|p2a: Milotic\n|-supereffective|p2a: Milotic\n|-damage|p2a: Milotic|43\/100\n|move|p2a: Milotic|Scald|p1a: Glimmora\n|-supereffective|p1a: Glimmora\n|-damage|p1a: Glimmora|30\/100\n|-status|p1a: Glimmora|brn\n|\n|-damage|p1a: Glimmora|24\/100 brn|[from] brn\n|upkeep\n|turn|40\n|\n|t:|1699728802\n|switch|p2a: Dragapult|Dragapult, F|100\/100\n|move|p1a: Glimmora|Earth Power|p2a: Dragapult\n|-damage|p2a: Dragapult|60\/100\n|\n|-damage|p1a: Glimmora|18\/100 brn|[from] brn\n|upkeep\n|turn|41\n|\n|t:|1699728810\n|move|p2a: Dragapult|Hex|p1a: Glimmora\n|-damage|p1a: Glimmora|0 fnt\n|faint|p1a: Glimmora\n|\n|upkeep\n|\n|t:|1699728819\n|switch|p1a: Enamorus|Enamorus, F, tera:Fairy|78\/100\n|-damage|p1a: Enamorus|65\/100|[from] Stealth Rock\n|turn|42\n|\n|t:|1699728835\n|move|p1a: Enamorus|Moonblast|p2a: Dragapult\n|-supereffective|p2a: Dragapult\n|-damage|p2a: Dragapult|0 fnt\n|faint|p2a: Dragapult\n|\n|upkeep\n|\n|t:|1699728837\n|switch|p2a: Milotic|Milotic, M, tera:Steel|43\/100\n|turn|43\n|\n|t:|1699728860\n|switch|p1a: Zamazenta|Zamazenta|100\/100\n|-damage|p1a: Zamazenta|94\/100|[from] Stealth Rock\n|-ability|p1a: Zamazenta|Dauntless Shield|boost\n|-boost|p1a: Zamazenta|def|1\n|move|p2a: Milotic|Recover|p2a: Milotic\n|-heal|p2a: Milotic|93\/100\n|\n|-heal|p1a: Zamazenta|100\/100|[from] item: Leftovers\n|upkeep\n|turn|44\n|\n|t:|1699728869\n|switch|p2a: Clefable|Clefable, M|80\/100\n|move|p1a: Zamazenta|Body Press|p2a: Clefable\n|-resisted|p2a: Clefable\n|-damage|p2a: Clefable|59\/100\n|\n|-heal|p2a: Clefable|65\/100|[from] item: Leftovers\n|upkeep\n|turn|45\n|\n|t:|1699728877\n|move|p1a: Zamazenta|Heavy Slam|p2a: Clefable\n|-supereffective|p2a: Clefable\n|-damage|p2a: Clefable|14\/100\n|move|p2a: Clefable|Moonblast|p1a: Zamazenta\n|-supereffective|p1a: Zamazenta\n|-damage|p1a: Zamazenta|50\/100\n|\n|-heal|p1a: Zamazenta|57\/100|[from] item: Leftovers\n|-heal|p2a: Clefable|21\/100|[from] item: Leftovers\n|upkeep\n|turn|46\n|inactive|les2bg et blav has 270 seconds left.\n|\n|t:|1699728886\n|move|p1a: Zamazenta|Heavy Slam|p2a: Clefable\n|-supereffective|p2a: Clefable\n|-damage|p2a: Clefable|0 fnt\n|faint|p2a: Clefable\n|\n|-heal|p1a: Zamazenta|63\/100|[from] item: Leftovers\n|upkeep\n|\n|t:|1699728888\n|switch|p2a: Milotic|Milotic, M, tera:Steel|93\/100\n|turn|47\n|\n|t:|1699728890\n|move|p1a: Zamazenta|Body Press|p2a: Milotic\n|-supereffective|p2a: Milotic\n|-damage|p2a: Milotic|0 fnt\n|faint|p2a: Milotic\n|\n|win|les2bg et blav\n|c|\u2606TrosKith|gg\n|c|\u2606les2bg et blav|gg\n","uploadtime":1699728891,"views":63,"p1id":"les2bgetblav","p2id":"troskith","formatid":"gen9ou","rating":0,"private":0,"password":""}