{"id":"smogtours-gen9ou-731172","p1":"Sylveon is so cute","p2":"TGA","format":"[Gen 9] OU","log":"|inactive|Battle timer is ON: inactive players will automatically lose when time's up.\n|t:|1700326738\n|gametype|singles\n|player|p1|Sylveon is so cute|#vgcwliikilowattrels|\n|player|p2|TGA|#capplixvenomicons|\n|teamsize|p1|6\n|teamsize|p2|6\n|gen|9\n|tier|[Gen 9] OU\n|rule|Sleep Clause Mod: Limit one foe put to sleep\n|rule|Species Clause: Limit one of each Pok\u00e9mon\n|rule|OHKO Clause: OHKO moves are banned\n|rule|Evasion Items Clause: Evasion items are banned\n|rule|Evasion Moves Clause: Evasion moves are banned\n|rule|Endless Battle Clause: Forcing endless battles is banned\n|rule|HP Percentage Mod: HP is shown in percentages\n|clearpoke\n|poke|p1|Hatterene, F|\n|poke|p1|Rillaboom, F|\n|poke|p1|Heatran, F|\n|poke|p1|Iron Moth|\n|poke|p1|Kingambit, F|\n|poke|p1|Sneasler, F|\n|poke|p2|Cinderace, M|\n|poke|p2|Great Tusk|\n|poke|p2|Enamorus, F|\n|poke|p2|Kingambit, M|\n|poke|p2|Amoonguss, F|\n|poke|p2|Garganacl, F|\n|teampreview\n|inactive|TGA also wants the timer to be on.\n|c|\u2606TGA|Hf\n|c|\u2606Sylveon is so cute|hf\n|inactive|Sylveon is so cute has 270 seconds left.\n|inactive|TGA has 270 seconds left.\n|inactive|Sylveon is so cute has 240 seconds left.\n|inactive|TGA has 240 seconds left.\n|inactive|Sylveon is so cute has 210 seconds left.\n|\n|t:|1700326840\n|start\n|switch|p1a: frog guy|Heatran, F|100\/100\n|switch|p2a: Garganacl|Garganacl, F|100\/100\n|-item|p1a: frog guy|Air Balloon\n|turn|1\n|c|+yokoisop|go tga!\n|c|+DragonPhoenix333|tga no nicknames \n|\n|t:|1700326854\n|move|p1a: frog guy|Magma Storm|p2a: Garganacl\n|-resisted|p2a: Garganacl\n|-crit|p2a: Garganacl\n|-damage|p2a: Garganacl|73\/100\n|-activate|p2a: Garganacl|move: Magma Storm|[of] p1a: frog guy\n|move|p2a: Garganacl|Iron Defense|p2a: Garganacl\n|-boost|p2a: Garganacl|def|2\n|\n|-heal|p2a: Garganacl|79\/100|[from] item: Leftovers\n|-damage|p2a: Garganacl|67\/100|[from] move: Magma Storm|[partiallytrapped]\n|upkeep\n|turn|2\n|inactive|Sylveon is so cute has 240 seconds left.\n|inactive|Sylveon is so cute has 210 seconds left.\n|inactive|TGA has 270 seconds left.\n|inactive|Sylveon is so cute has 180 seconds left.\n|inactive|Sylveon is so cute has 150 seconds left.\n|\n|t:|1700326981\n|-terastallize|p1a: frog guy|Ghost\n|move|p1a: frog guy|Earth Power|p2a: Garganacl\n|-supereffective|p2a: Garganacl\n|-damage|p2a: Garganacl|21\/100\n|move|p2a: Garganacl|Recover|p2a: Garganacl\n|-heal|p2a: Garganacl|71\/100\n|\n|-heal|p2a: Garganacl|77\/100|[from] item: Leftovers\n|-damage|p2a: Garganacl|65\/100|[from] move: Magma Storm|[partiallytrapped]\n|upkeep\n|turn|3\n|inactive|Sylveon is so cute has 150 seconds left.\n|\n|t:|1700326988\n|-terastallize|p2a: Garganacl|Ghost\n|move|p1a: frog guy|Taunt|p2a: Garganacl\n|-start|p2a: Garganacl|move: Taunt\n|cant|p2a: Garganacl|move: Taunt|Recover\n|\n|-heal|p2a: Garganacl|71\/100|[from] item: Leftovers\n|-damage|p2a: Garganacl|59\/100|[from] move: Magma Storm|[partiallytrapped]\n|upkeep\n|turn|4\n|inactive|Sylveon is so cute has 150 seconds left.\n|\n|t:|1700327009\n|switch|p2a: Cinderace|Cinderace, M|100\/100\n|move|p1a: frog guy|Magma Storm|p2a: Cinderace|[miss]\n|-miss|p1a: frog guy|p2a: Cinderace\n|\n|upkeep\n|turn|5\n|inactive|Sylveon is so cute has 150 seconds left.\n|\n|t:|1700327014\n|move|p2a: Cinderace|U-turn|p1a: frog guy\n|-start|p2a: Cinderace|typechange|Bug|[from] ability: Libero\n|-resisted|p1a: frog guy\n|-crit|p1a: frog guy\n|-damage|p1a: frog guy|76\/100\n|-enditem|p1a: frog guy|Air Balloon\n|\n|t:|1700327015\n|switch|p2a: Enamorus|Enamorus, F|100\/100|[from] U-turn\n|move|p1a: frog guy|Magma Storm|p2a: Enamorus|[miss]\n|-miss|p1a: frog guy|p2a: Enamorus\n|\n|upkeep\n|turn|6\n|inactive|Sylveon is so cute has 150 seconds left.\n|inactive|TGA has 270 seconds left.\n|\n|t:|1700327031\n|move|p2a: Enamorus|Moonblast|p1a: frog guy\n|-damage|p1a: frog guy|0 fnt\n|faint|p1a: frog guy\n|\n|upkeep\n|inactive|Sylveon is so cute has 150 seconds left.\n|\n|t:|1700327041\n|switch|p1a: insect guy|Iron Moth|100\/100\n|-enditem|p1a: insect guy|Booster Energy\n|-activate|p1a: insect guy|ability: Quark Drive|[fromitem]\n|-start|p1a: insect guy|quarkdrivespe\n|turn|7\n|\n|t:|1700327045\n|switch|p2a: Garganacl|Garganacl, F, tera:Ghost|59\/100\n|move|p1a: insect guy|Fiery Dance|p2a: Garganacl\n|-damage|p2a: Garganacl|30\/100\n|\n|-heal|p2a: Garganacl|36\/100|[from] item: Leftovers\n|upkeep\n|turn|8\n|\n|t:|1700327048\n|move|p1a: insect guy|Fiery Dance|p2a: Garganacl\n|-damage|p2a: Garganacl|7\/100\n|-boost|p1a: insect guy|spa|1\n|move|p2a: Garganacl|Recover|p2a: Garganacl\n|-heal|p2a: Garganacl|58\/100\n|\n|-heal|p2a: Garganacl|64\/100|[from] item: Leftovers\n|upkeep\n|turn|9\n|\n|t:|1700327052\n|move|p1a: insect guy|Fiery Dance|p2a: Garganacl\n|-damage|p2a: Garganacl|23\/100\n|move|p2a: Garganacl|Recover|p2a: Garganacl\n|-heal|p2a: Garganacl|73\/100\n|\n|-heal|p2a: Garganacl|80\/100|[from] item: Leftovers\n|upkeep\n|turn|10\n|\n|t:|1700327056\n|move|p1a: insect guy|Fiery Dance|p2a: Garganacl\n|-damage|p2a: Garganacl|39\/100\n|-boost|p1a: insect guy|spa|1\n|move|p2a: Garganacl|Recover|p2a: Garganacl\n|-heal|p2a: Garganacl|90\/100\n|\n|-heal|p2a: Garganacl|96\/100|[from] item: Leftovers\n|upkeep\n|turn|11\n|\n|t:|1700327059\n|move|p1a: insect guy|Fiery Dance|p2a: Garganacl\n|-damage|p2a: Garganacl|37\/100\n|-boost|p1a: insect guy|spa|1\n|move|p2a: Garganacl|Salt Cure|p1a: insect guy\n|-supereffective|p1a: insect guy\n|-damage|p1a: insect guy|62\/100\n|-start|p1a: insect guy|Salt Cure\n|\n|-heal|p2a: Garganacl|43\/100|[from] item: Leftovers\n|-damage|p1a: insect guy|50\/100|[from] Salt Cure\n|upkeep\n|turn|12\n|\n|t:|1700327064\n|move|p1a: insect guy|Fiery Dance|p2a: Garganacl\n|-damage|p2a: Garganacl|0 fnt\n|-boost|p1a: insect guy|spa|1\n|faint|p2a: Garganacl\n|\n|-damage|p1a: insect guy|37\/100|[from] Salt Cure\n|upkeep\n|\n|t:|1700327065\n|switch|p2a: Kingambit|Kingambit, M|100\/100\n|-activate|p2a: Kingambit|ability: Supreme Overlord\n|-start|p2a: Kingambit|fallen1|[silent]\n|turn|13\n|\n|t:|1700327070\n|-end|p1a: insect guy|Quark Drive|[silent]\n|switch|p1a: stinky guy|Sneasler, F|100\/100\n|move|p2a: Kingambit|Sucker Punch||[still]\n|-fail|p2a: Kingambit\n|\n|upkeep\n|turn|14\n|\n|t:|1700327075\n|switch|p1a: monkey guy|Rillaboom, F|100\/100\n|-fieldstart|move: Grassy Terrain|[from] ability: Grassy Surge|[of] p1a: monkey guy\n|-end|p2a: Kingambit|fallen1|[silent]\n|switch|p2a: Amoonguss|Amoonguss, F|100\/100\n|\n|upkeep\n|turn|15\n|\n|t:|1700327083\n|move|p1a: monkey guy|U-turn|p2a: Amoonguss\n|-damage|p2a: Amoonguss|71\/100\n|-damage|p1a: monkey guy|84\/100|[from] item: Rocky Helmet|[of] p2a: Amoonguss\n|\n|t:|1700327084\n|switch|p1a: insect guy|Iron Moth|37\/100|[from] U-turn\n|move|p2a: Amoonguss|Spore|p1a: insect guy\n|-status|p1a: insect guy|slp|[from] move: Spore\n|\n|-heal|p1a: insect guy|43\/100 slp|[from] Grassy Terrain\n|-heal|p2a: Amoonguss|77\/100|[from] Grassy Terrain\n|upkeep\n|turn|16\n|inactive|Sylveon is so cute has 240 seconds left.\n|\n|t:|1700327106\n|-end|p1a: insect guy|Quark Drive|[silent]\n|switch|p1a: sitting guy|Kingambit, F|100\/100\n|-activate|p1a: sitting guy|ability: Supreme Overlord\n|-start|p1a: sitting guy|fallen1|[silent]\n|switch|p2a: Cinderace|Cinderace, M|100\/100\n|\n|upkeep\n|turn|17\n|inactive|Sylveon is so cute has 210 seconds left.\n|c|+Ciro\u273fNapoli|No ping :(\n|\n|t:|1700327149\n|move|p2a: Cinderace|Pyro Ball|p1a: sitting guy\n|-supereffective|p1a: sitting guy\n|-damage|p1a: sitting guy|16\/100\n|move|p1a: sitting guy|Kowtow Cleave|p2a: Cinderace\n|-damage|p2a: Cinderace|5\/100\n|\n|-heal|p2a: Cinderace|11\/100|[from] Grassy Terrain\n|-heal|p1a: sitting guy|22\/100|[from] Grassy Terrain\n|upkeep\n|turn|18\n|\n|t:|1700327156\n|move|p2a: Cinderace|Will-O-Wisp|p1a: sitting guy\n|-status|p1a: sitting guy|brn\n|move|p1a: sitting guy|Low Kick|p2a: Cinderace\n|-damage|p2a: Cinderace|0 fnt\n|faint|p2a: Cinderace\n|\n|-heal|p1a: sitting guy|28\/100 brn|[from] Grassy Terrain\n|-damage|p1a: sitting guy|22\/100 brn|[from] brn\n|-fieldend|move: Grassy Terrain\n|upkeep\n|\n|t:|1700327159\n|switch|p2a: Great Tusk|Great Tusk|100\/100\n|turn|19\n|inactive|Sylveon is so cute has 210 seconds left.\n|\n|t:|1700327166\n|-end|p1a: sitting guy|fallen1|[silent]\n|switch|p1a: monkey guy|Rillaboom, F|84\/100\n|-fieldstart|move: Grassy Terrain|[from] ability: Grassy Surge|[of] p1a: monkey guy\n|move|p2a: Great Tusk|Earthquake|p1a: monkey guy\n|-resisted|p1a: monkey guy\n|-damage|p1a: monkey guy|74\/100\n|\n|-heal|p1a: monkey guy|80\/100|[from] Grassy Terrain\n|upkeep\n|turn|20\n|\n|t:|1700327171\n|-end|p2a: Great Tusk|Protosynthesis|[silent]\n|switch|p2a: Amoonguss|Amoonguss, F|100\/100\n|switch|p1a: hat guy|Hatterene, F|100\/100\n|-enditem|p1a: hat guy|Grassy Seed\n|-boost|p1a: hat guy|def|1|[from] item: Grassy Seed\n|\n|upkeep\n|turn|21\n|\n|t:|1700327176\n|move|p1a: hat guy|Mystical Fire|p2a: Amoonguss\n|-supereffective|p2a: Amoonguss\n|-damage|p2a: Amoonguss|55\/100\n|-unboost|p2a: Amoonguss|spa|1\n|move|p2a: Amoonguss|Sludge Bomb|p1a: hat guy\n|-supereffective|p1a: hat guy\n|-damage|p1a: hat guy|63\/100\n|\n|-heal|p1a: hat guy|69\/100|[from] Grassy Terrain\n|-heal|p2a: Amoonguss|61\/100|[from] Grassy Terrain\n|upkeep\n|turn|22\n|\n|t:|1700327183\n|switch|p2a: Enamorus|Enamorus, F|100\/100\n|move|p1a: hat guy|Calm Mind|p1a: hat guy\n|-boost|p1a: hat guy|spa|1\n|-boost|p1a: hat guy|spd|1\n|\n|-heal|p1a: hat guy|75\/100|[from] Grassy Terrain\n|upkeep\n|turn|23\n|\n|t:|1700327186\n|move|p2a: Enamorus|Moonblast|p1a: hat guy\n|-damage|p1a: hat guy|14\/100\n|-unboost|p1a: hat guy|spa|1\n|move|p1a: hat guy|Draining Kiss|p2a: Enamorus\n|-damage|p2a: Enamorus|69\/100\n|-heal|p1a: hat guy|36\/100|[from] drain|[of] p2a: Enamorus\n|\n|-heal|p1a: hat guy|42\/100|[from] Grassy Terrain\n|-fieldend|move: Grassy Terrain\n|upkeep\n|turn|24\n|inactive|Sylveon is so cute has 240 seconds left.\n|\n|t:|1700327192\n|move|p2a: Enamorus|Moonblast|p1a: hat guy\n|-damage|p1a: hat guy|0 fnt\n|faint|p1a: hat guy\n|\n|upkeep\n|inactive|Sylveon is so cute has 240 seconds left.\n|\n|t:|1700327198\n|switch|p1a: monkey guy|Rillaboom, F|80\/100\n|-fieldstart|move: Grassy Terrain|[from] ability: Grassy Surge|[of] p1a: monkey guy\n|turn|25\n|\n|t:|1700327204\n|switch|p1a: sitting guy|Kingambit, F|22\/100 brn\n|-activate|p1a: sitting guy|ability: Supreme Overlord\n|-start|p1a: sitting guy|fallen2|[silent]\n|move|p2a: Enamorus|Moonblast|p1a: sitting guy\n|-damage|p1a: sitting guy|0 fnt\n|faint|p1a: sitting guy\n|-end|p1a: sitting guy|fallen2|[silent]\n|\n|upkeep\n|\n|t:|1700327209\n|switch|p1a: stinky guy|Sneasler, F|100\/100\n|-enditem|p1a: stinky guy|Grassy Seed\n|-boost|p1a: stinky guy|def|1|[from] item: Grassy Seed\n|turn|26\n|\n|t:|1700327211\n|move|p1a: stinky guy|Gunk Shot|p2a: Enamorus\n|-supereffective|p2a: Enamorus\n|-damage|p2a: Enamorus|0 fnt\n|faint|p2a: Enamorus\n|\n|upkeep\n|\n|t:|1700327215\n|switch|p2a: Great Tusk|Great Tusk|100\/100\n|turn|27\n|\n|t:|1700327221\n|move|p1a: stinky guy|Swords Dance|p1a: stinky guy\n|-boost|p1a: stinky guy|atk|2\n|move|p2a: Great Tusk|Earthquake|p1a: stinky guy\n|-supereffective|p1a: stinky guy\n|-damage|p1a: stinky guy|60\/100\n|\n|-heal|p1a: stinky guy|66\/100|[from] Grassy Terrain\n|upkeep\n|turn|28\n|inactive|Sylveon is so cute has 270 seconds left.\n|inactive|Sylveon is so cute has 240 seconds left.\n|inactive|Sylveon is so cute has 210 seconds left.\n|inactive|Sylveon is so cute has 180 seconds left.\n|inactive|Sylveon is so cute has 150 seconds left.\n|\n|t:|1700327368\n|move|p1a: stinky guy|Swords Dance|p1a: stinky guy\n|-boost|p1a: stinky guy|atk|2\n|move|p2a: Great Tusk|Earthquake|p1a: stinky guy\n|-supereffective|p1a: stinky guy\n|-damage|p1a: stinky guy|25\/100\n|\n|-heal|p1a: stinky guy|31\/100|[from] Grassy Terrain\n|upkeep\n|turn|29\n|inactive|Sylveon is so cute has 150 seconds left.\n|\n|t:|1700327373\n|move|p1a: stinky guy|Close Combat|p2a: Great Tusk\n|-damage|p2a: Great Tusk|0 fnt\n|-unboost|p1a: stinky guy|def|1\n|-unboost|p1a: stinky guy|spd|1\n|faint|p2a: Great Tusk\n|-end|p2a: Great Tusk|Protosynthesis|[silent]\n|\n|-heal|p1a: stinky guy|37\/100|[from] Grassy Terrain\n|-fieldend|move: Grassy Terrain\n|upkeep\n|\n|t:|1700327380\n|switch|p2a: Kingambit|Kingambit, M|100\/100\n|-activate|p2a: Kingambit|ability: Supreme Overlord\n|-start|p2a: Kingambit|fallen4|[silent]\n|turn|30\n|\n|t:|1700327395\n|move|p1a: stinky guy|Swords Dance|p1a: stinky guy\n|-boost|p1a: stinky guy|atk|2\n|move|p2a: Kingambit|Iron Head|p1a: stinky guy\n|-damage|p1a: stinky guy|0 fnt\n|faint|p1a: stinky guy\n|\n|upkeep\n|c|\u2606Sylveon is so cute|gg\n|-message|Sylveon is so cute forfeited.\n|\n|win|TGA\n|c|\u2606TGA|gg\n","uploadtime":1700327404,"views":74,"p1id":"sylveonissocute","p2id":"tga","formatid":"gen9ou","rating":0,"private":0,"password":""}