{"id":"smogtours-gen9ou-730146","p1":"mind gaming","p2":"Malekith","format":"[Gen 9] OU","log":"|inactive|Battle timer is ON: inactive players will automatically lose when time's up.\n|t:|1699797805\n|gametype|singles\n|player|p1|mind gaming|#splxivsharks2|\n|player|p2|Malekith|#scl3machines|\n|teamsize|p1|6\n|teamsize|p2|6\n|gen|9\n|tier|[Gen 9] OU\n|rule|Sleep Clause Mod: Limit one foe put to sleep\n|rule|Species Clause: Limit one of each Pok\u00e9mon\n|rule|OHKO Clause: OHKO moves are banned\n|rule|Evasion Items Clause: Evasion items are banned\n|rule|Evasion Moves Clause: Evasion moves are banned\n|rule|Endless Battle Clause: Forcing endless battles is banned\n|rule|HP Percentage Mod: HP is shown in percentages\n|clearpoke\n|poke|p1|Heatran, M|\n|poke|p1|Hawlucha, M|\n|poke|p1|Rillaboom, F|\n|poke|p1|Sneasler, F|\n|poke|p1|Walking Wake|\n|poke|p1|Ogerpon-Cornerstone, F|\n|poke|p2|Enamorus, F|\n|poke|p2|Ceruledge, F|\n|poke|p2|Great Tusk|\n|poke|p2|Iron Valiant|\n|poke|p2|Glimmora, F|\n|poke|p2|Sneasler, F|\n|teampreview\n|c|\u2606Malekith|hf\n|c|\u2606mind gaming|u2\n|inactive|mind gaming has 270 seconds left.\n|inactive|Malekith has 270 seconds left.\n|raw|<div class=\"broadcast-red\"><strong>Moderated chat was set to \u2606!<\/strong><br \/>Only users of rank \u2606 and higher can talk.<\/div>\n|inactive|Malekith has 240 seconds left.\n|\n|t:|1699797870\n|start\n|switch|p1a: Ogerpon|Ogerpon-Cornerstone, F|100\/100\n|switch|p2a: Dark Moon Chant|Glimmora, F|100\/100\n|turn|1\n|inactive|Malekith has 270 seconds left.\n|\n|t:|1699797920\n|move|p1a: Ogerpon|Ivy Cudgel|p2a: Dark Moon Chant\n|-damage|p2a: Dark Moon Chant|27\/100\n|-activate|p2a: Dark Moon Chant|ability: Toxic Debris\n|-sidestart|p1: mind gaming|move: Toxic Spikes\n|move|p2a: Dark Moon Chant|Stealth Rock|p1a: Ogerpon\n|-sidestart|p1: mind gaming|move: Stealth Rock\n|\n|upkeep\n|turn|2\n|inactive|Malekith has 240 seconds left.\n|inactive|Malekith has 210 seconds left.\n|inactive|Malekith has 180 seconds left.\n|inactive|Malekith has 150 seconds left.\n|inactive|Malekith has 120 seconds left.\n|inactive|Malekith has 90 seconds left.\n|\n|t:|1699798101\n|switch|p2a: The Fallen Angel|Ceruledge, F, shiny|100\/100\n|move|p1a: Ogerpon|Ivy Cudgel|p2a: The Fallen Angel\n|-supereffective|p2a: The Fallen Angel\n|-enditem|p2a: The Fallen Angel|Focus Sash\n|-damage|p2a: The Fallen Angel|1\/100\n|-ability|p2a: The Fallen Angel|Weak Armor|boost\n|-unboost|p2a: The Fallen Angel|def|1\n|-boost|p2a: The Fallen Angel|spe|2\n|\n|upkeep\n|turn|3\n|\n|t:|1699798113\n|move|p2a: The Fallen Angel|Poltergeist|p1a: Ogerpon\n|-activate|p1a: Ogerpon|move: Poltergeist|Cornerstone Mask\n|-damage|p1a: Ogerpon|27\/100\n|move|p1a: Ogerpon|Ivy Cudgel|p2a: The Fallen Angel\n|-supereffective|p2a: The Fallen Angel\n|-damage|p2a: The Fallen Angel|0 fnt\n|faint|p2a: The Fallen Angel\n|\n|upkeep\n|inactive|Malekith has 60 seconds left.\n|\n|t:|1699798154\n|switch|p2a: Peter's Song|Iron Valiant|100\/100\n|-enditem|p2a: Peter's Song|Booster Energy\n|-activate|p2a: Peter's Song|ability: Quark Drive|[fromitem]\n|-start|p2a: Peter's Song|quarkdrivespe\n|turn|4\n|\n|t:|1699798172\n|switch|p1a: Sneasler|Sneasler, F|100\/100\n|-sideend|p1: mind gaming|move: Toxic Spikes|[of] p1a: Sneasler\n|-damage|p1a: Sneasler|94\/100|[from] Stealth Rock\n|move|p2a: Peter's Song|Knock Off|p1a: Sneasler\n|-resisted|p1a: Sneasler\n|-damage|p1a: Sneasler|68\/100\n|-enditem|p1a: Sneasler|Grassy Seed|[from] move: Knock Off|[of] p2a: Peter's Song\n|\n|upkeep\n|turn|5\n|inactive|Malekith has 30 seconds left.\n|inactive|mind gaming has 270 seconds left.\n|inactive|Malekith has 20 seconds left.\n|inactive|Malekith has 15 seconds left.\n|\n|t:|1699798209\n|-end|p2a: Peter's Song|Quark Drive|[silent]\n|switch|p2a: Dark Moon Chant|Glimmora, F|27\/100\n|move|p1a: Sneasler|Gunk Shot|p2a: Dark Moon Chant|[miss]\n|-miss|p1a: Sneasler|p2a: Dark Moon Chant\n|\n|upkeep\n|turn|6\n|inactive|Malekith has 25 seconds left this turn.\n|inactive|mind gaming has 270 seconds left.\n|inactive|Malekith has 20 seconds left.\n|inactive|Malekith has 15 seconds left.\n|\n|t:|1699798226\n|move|p1a: Sneasler|Shadow Claw|p2a: Dark Moon Chant\n|-damage|p2a: Dark Moon Chant|0 fnt\n|-activate|p2a: Dark Moon Chant|ability: Toxic Debris\n|-sidestart|p1: mind gaming|move: Toxic Spikes\n|faint|p2a: Dark Moon Chant\n|\n|upkeep\n|inactive|Malekith has 20 seconds left this turn.\n|inactive|Malekith has 15 seconds left.\n|inactive|Malekith has 10 seconds left.\n|\n|t:|1699798236\n|switch|p2a: TillUrDeathPartsUs|Great Tusk, shiny|100\/100\n|-enditem|p2a: TillUrDeathPartsUs|Booster Energy\n|-activate|p2a: TillUrDeathPartsUs|ability: Protosynthesis|[fromitem]\n|-start|p2a: TillUrDeathPartsUs|protosynthesisatk\n|turn|7\n|inactive|Malekith has 20 seconds left this turn.\n|inactive|mind gaming has 270 seconds left.\n|inactive|Malekith has 15 seconds left.\n|inactive|Malekith has 10 seconds left.\n|inactive|mind gaming has 240 seconds left.\n|\n|t:|1699798281\n|move|p1a: Sneasler|Close Combat|p2a: TillUrDeathPartsUs\n|-damage|p2a: TillUrDeathPartsUs|50\/100\n|-unboost|p1a: Sneasler|def|1\n|-unboost|p1a: Sneasler|spd|1\n|move|p2a: TillUrDeathPartsUs|Headlong Rush|p1a: Sneasler\n|-supereffective|p1a: Sneasler\n|-damage|p1a: Sneasler|0 fnt\n|-unboost|p2a: TillUrDeathPartsUs|def|1\n|-unboost|p2a: TillUrDeathPartsUs|spd|1\n|faint|p1a: Sneasler\n|\n|upkeep\n|inactive|Malekith has 15 seconds left this turn.\n|inactive|mind gaming has 210 seconds left.\n|\n|t:|1699798308\n|switch|p1a: Walking Wake|Walking Wake|100\/100\n|-damage|p1a: Walking Wake|88\/100|[from] Stealth Rock\n|-status|p1a: Walking Wake|psn\n|-enditem|p1a: Walking Wake|Booster Energy\n|-activate|p1a: Walking Wake|ability: Protosynthesis|[fromitem]\n|-start|p1a: Walking Wake|protosynthesisspa\n|turn|8\n|inactive|Malekith has 25 seconds left this turn.\n|inactive|Malekith has 20 seconds left.\n|inactive|Malekith has 15 seconds left.\n|inactive|Malekith has 10 seconds left.\n|\n|t:|1699798325\n|move|p1a: Walking Wake|Surf|p2a: TillUrDeathPartsUs\n|-supereffective|p2a: TillUrDeathPartsUs\n|-damage|p2a: TillUrDeathPartsUs|0 fnt\n|faint|p2a: TillUrDeathPartsUs\n|-end|p2a: TillUrDeathPartsUs|Protosynthesis|[silent]\n|\n|-damage|p1a: Walking Wake|76\/100 psn|[from] psn\n|upkeep\n|inactive|Malekith has 15 seconds left this turn.\n|inactive|Malekith has 10 seconds left.\n|inactive|Malekith has 5 seconds left.\n|\n|t:|1699798338\n|switch|p2a: Peter's Song|Iron Valiant|100\/100\n|turn|9\n|inactive|Malekith has 15 seconds left this turn.\n|inactive|Malekith has 10 seconds left.\n|\n|t:|1699798351\n|move|p2a: Peter's Song|Close Combat|p1a: Walking Wake\n|-damage|p1a: Walking Wake|12\/100 psn\n|-unboost|p2a: Peter's Song|def|1\n|-unboost|p2a: Peter's Song|spd|1\n|move|p1a: Walking Wake|Surf|p2a: Peter's Song\n|-damage|p2a: Peter's Song|0 fnt\n|faint|p2a: Peter's Song\n|-end|p2a: Peter's Song|Quark Drive|[silent]\n|\n|-damage|p1a: Walking Wake|0 fnt|[from] psn\n|faint|p1a: Walking Wake\n|-end|p1a: Walking Wake|Protosynthesis|[silent]\n|upkeep\n|inactive|Malekith has 20 seconds left this turn.\n|inactive|Malekith has 15 seconds left.\n|inactive|Malekith has 10 seconds left.\n|inactive|Malekith has 5 seconds left.\n|\n|t:|1699798369\n|switch|p2a: TheEndOfThePath|Sneasler, F, shiny|100\/100\n|switch|p1a: Rillaboom|Rillaboom, F|100\/100\n|-item|p2a: TheEndOfThePath|Air Balloon\n|-damage|p1a: Rillaboom|88\/100|[from] Stealth Rock\n|-status|p1a: Rillaboom|psn\n|-fieldstart|move: Grassy Terrain|[from] ability: Grassy Surge|[of] p1a: Rillaboom\n|turn|10\n|inactive|Malekith has 15 seconds left this turn.\n|inactive|Malekith has 10 seconds left.\n|inactive|Malekith has 5 seconds left.\n|\n|t:|1699798382\n|switch|p1a: Hawlucha|Hawlucha, M|100\/100\n|-damage|p1a: Hawlucha|88\/100|[from] Stealth Rock\n|-enditem|p1a: Hawlucha|Grassy Seed\n|-boost|p1a: Hawlucha|def|1|[from] item: Grassy Seed\n|move|p2a: TheEndOfThePath|Swords Dance|p2a: TheEndOfThePath\n|-boost|p2a: TheEndOfThePath|atk|2\n|\n|upkeep\n|turn|11\n|inactive|Malekith has 15 seconds left this turn.\n|inactive|Malekith has 10 seconds left.\n|\n|t:|1699798390\n|-terastallize|p2a: TheEndOfThePath|Ghost\n|move|p1a: Hawlucha|Encore|p2a: TheEndOfThePath\n|-start|p2a: TheEndOfThePath|Encore\n|move|p2a: TheEndOfThePath|Swords Dance|p2a: TheEndOfThePath\n|-boost|p2a: TheEndOfThePath|atk|2\n|\n|upkeep\n|turn|12\n|inactive|Malekith has 20 seconds left this turn.\n|inactive|Malekith has 15 seconds left.\n|\n|t:|1699798396\n|switch|p2a: JesusFromChamber\u00ed|Enamorus, F|100\/100\n|move|p1a: Hawlucha|Swords Dance|p1a: Hawlucha\n|-boost|p1a: Hawlucha|atk|2\n|\n|upkeep\n|turn|13\n|inactive|Malekith has 25 seconds left this turn.\n|inactive|Malekith has 20 seconds left.\n|\n|t:|1699798405\n|move|p1a: Hawlucha|Acrobatics|p2a: JesusFromChamber\u00ed\n|-damage|p2a: JesusFromChamber\u00ed|0 fnt\n|-start|p1a: Hawlucha|Attract|[from] ability: Cute Charm|[of] p2a: JesusFromChamber\u00ed\n|faint|p2a: JesusFromChamber\u00ed\n|-end|p1a: Hawlucha|Attract|[silent]\n|\n|upkeep\n|inactive|Malekith has 25 seconds left this turn.\n|\n|t:|1699798407\n|switch|p2a: TheEndOfThePath|Sneasler, F, shiny, tera:Ghost|100\/100\n|-item|p2a: TheEndOfThePath|Air Balloon\n|turn|14\n|\n|t:|1699798410\n|-terastallize|p1a: Hawlucha|Flying\n|move|p1a: Hawlucha|Acrobatics|p2a: TheEndOfThePath\n|-damage|p2a: TheEndOfThePath|0 fnt\n|-enditem|p2a: TheEndOfThePath|Air Balloon\n|faint|p2a: TheEndOfThePath\n|\n|win|mind gaming\n|c|\u2606Malekith|gg\n|c|\u2606mind gaming|gg\n","uploadtime":1699798411,"views":635,"p1id":"mindgaming","p2id":"malekith","formatid":"gen9ou","rating":0,"private":0,"password":""}