{"id":"smogtours-gen9ou-732043","p1":"Guille & Dasmer","p2":"Lucix & Eko","format":"[Gen 9] OU","log":"|inactive|Battle timer is ON: inactive players will automatically lose when time's up.\n|t:|1700689417\n|gametype|singles\n|player|p1|Guille & Dasmer|lucas|\n|player|p2|Lucix & Eko|ethan|\n|teamsize|p1|6\n|teamsize|p2|6\n|gen|9\n|tier|[Gen 9] OU\n|rule|Sleep Clause Mod: Limit one foe put to sleep\n|rule|Species Clause: Limit one of each Pok\u00e9mon\n|rule|OHKO Clause: OHKO moves are banned\n|rule|Evasion Items Clause: Evasion items are banned\n|rule|Evasion Moves Clause: Evasion moves are banned\n|rule|Endless Battle Clause: Forcing endless battles is banned\n|rule|HP Percentage Mod: HP is shown in percentages\n|clearpoke\n|poke|p1|Ogerpon-Wellspring, F|\n|poke|p1|Dragapult, M|\n|poke|p1|Dragonite, F|\n|poke|p1|Cinderace, M|\n|poke|p1|Clefable, F|\n|poke|p1|Ting-Lu|\n|poke|p2|Kingambit, F|\n|poke|p2|Manaphy|\n|poke|p2|Landorus-Therian, M|\n|poke|p2|Samurott-Hisui, F|\n|poke|p2|Iron Moth|\n|poke|p2|Iron Valiant|\n|teampreview\n|inactive|Lucix & Eko has 270 seconds left.\n|inactive|Lucix & Eko has 240 seconds left.\n|\n|t:|1700689491\n|start\n|switch|p1a: Clefable|Clefable, F|100\/100\n|switch|p2a: Landorus|Landorus-Therian, M|100\/100\n|-ability|p2a: Landorus|Intimidate|boost\n|-unboost|p1a: Clefable|atk|1\n|turn|1\n|\n|t:|1700689500\n|move|p2a: Landorus|Fling|p1a: Clefable\n|-resisted|p1a: Clefable\n|-damage|p1a: Clefable|96\/100\n|-status|p1a: Clefable|par\n|-enditem|p2a: Landorus|Light Ball|[from] move: Fling\n|move|p1a: Clefable|Knock Off|p2a: Landorus\n|-damage|p2a: Landorus|94\/100\n|\n|-heal|p1a: Clefable|100\/100 par|[from] item: Leftovers\n|upkeep\n|turn|2\n|\n|t:|1700689509\n|move|p2a: Landorus|Stealth Rock|p1a: Clefable\n|-sidestart|p1: Guille & Dasmer|move: Stealth Rock\n|move|p1a: Clefable|Stealth Rock|p2a: Landorus\n|-sidestart|p2: Lucix & Eko|move: Stealth Rock\n|\n|upkeep\n|turn|3\n|\n|t:|1700689532\n|move|p2a: Landorus|Earthquake|p1a: Clefable\n|-crit|p1a: Clefable\n|-damage|p1a: Clefable|41\/100 par\n|move|p1a: Clefable|Moonblast|p2a: Landorus\n|-damage|p2a: Landorus|59\/100\n|\n|-heal|p1a: Clefable|47\/100 par|[from] item: Leftovers\n|upkeep\n|turn|4\n|\n|t:|1700689546\n|move|p2a: Landorus|Earthquake|p1a: Clefable\n|-damage|p1a: Clefable|10\/100 par\n|move|p1a: Clefable|Moonlight|p1a: Clefable\n|-heal|p1a: Clefable|60\/100 par\n|\n|-heal|p1a: Clefable|66\/100 par|[from] item: Leftovers\n|upkeep\n|turn|5\n|\n|t:|1700689582\n|move|p2a: Landorus|Stone Edge|p1a: Clefable\n|-damage|p1a: Clefable|38\/100 par\n|move|p1a: Clefable|Moonlight|p1a: Clefable\n|-heal|p1a: Clefable|88\/100 par\n|\n|-heal|p1a: Clefable|94\/100 par|[from] item: Leftovers\n|upkeep\n|turn|6\n|\n|t:|1700689587\n|move|p2a: Landorus|Earthquake|p1a: Clefable\n|-damage|p1a: Clefable|55\/100 par\n|move|p1a: Clefable|Moonblast|p2a: Landorus\n|-crit|p2a: Landorus\n|-damage|p2a: Landorus|12\/100\n|\n|-heal|p1a: Clefable|61\/100 par|[from] item: Leftovers\n|upkeep\n|turn|7\n|\n|t:|1700689603\n|switch|p2a: Kingambit|Kingambit, F|100\/100\n|-damage|p2a: Kingambit|94\/100|[from] Stealth Rock\n|-item|p2a: Kingambit|Air Balloon\n|switch|p1a: Dragonite|Dragonite, F|100\/100\n|\n|upkeep\n|turn|8\n|inactive|Guille & Dasmer has 270 seconds left.\n|\n|t:|1700689638\n|move|p1a: Dragonite|Extreme Speed|p2a: Kingambit\n|-resisted|p2a: Kingambit\n|-damage|p2a: Kingambit|80\/100\n|-enditem|p2a: Kingambit|Air Balloon\n|move|p2a: Kingambit|Iron Head|p1a: Dragonite\n|-damage|p1a: Dragonite|81\/100\n|\n|upkeep\n|turn|9\n|inactive|Guille & Dasmer has 270 seconds left.\n|inactive|Lucix & Eko has 270 seconds left.\n|inactive|Lucix & Eko has 240 seconds left.\n|\n|t:|1700689691\n|-end|p2a: Kingambit|fallenundefined|[silent]\n|switch|p2a: Manaphy|Manaphy|100\/100\n|-damage|p2a: Manaphy|88\/100|[from] Stealth Rock\n|move|p1a: Dragonite|Roost|p1a: Dragonite\n|-heal|p1a: Dragonite|100\/100\n|-singleturn|p1a: Dragonite|move: Roost\n|\n|-heal|p2a: Manaphy|94\/100|[from] item: Leftovers\n|upkeep\n|turn|10\n|\n|t:|1700689695\n|switch|p1a: Ogerpon|Ogerpon-Wellspring, F|100\/100\n|-damage|p1a: Ogerpon|88\/100|[from] Stealth Rock\n|move|p2a: Manaphy|Ice Beam|p1a: Ogerpon\n|-damage|p1a: Ogerpon|54\/100\n|\n|-heal|p2a: Manaphy|99\/100|[from] item: Leftovers\n|upkeep\n|turn|11\n|inactive|Guille & Dasmer has 270 seconds left.\n|inactive|Lucix & Eko has 240 seconds left.\n|\n|t:|1700689737\n|switch|p2a: Landorus|Landorus-Therian, M|12\/100\n|-damage|p2a: Landorus|0 fnt|[from] Stealth Rock\n|faint|p2a: Landorus\n|move|p1a: Ogerpon|Substitute|p1a: Ogerpon\n|-start|p1a: Ogerpon|Substitute\n|-damage|p1a: Ogerpon|29\/100\n|\n|upkeep\n|inactive|Lucix & Eko has 210 seconds left.\n|inactive|Lucix & Eko has 180 seconds left.\n|\n|t:|1700689800\n|switch|p2a: Kingambit|Kingambit, F|80\/100\n|-damage|p2a: Kingambit|74\/100|[from] Stealth Rock\n|-activate|p2a: Kingambit|ability: Supreme Overlord\n|-start|p2a: Kingambit|fallen1|[silent]\n|turn|12\n|\n|t:|1700689814\n|move|p1a: Ogerpon|Ivy Cudgel|p2a: Kingambit|[anim] Ivy Cudgel Water\n|-damage|p2a: Kingambit|25\/100\n|move|p2a: Kingambit|Low Kick|p1a: Ogerpon\n|-crit|p1a: Ogerpon\n|-end|p1a: Ogerpon|Substitute\n|\n|upkeep\n|turn|13\n|\n|t:|1700689818\n|move|p1a: Ogerpon|Ivy Cudgel|p2a: Kingambit|[anim] Ivy Cudgel Water\n|-damage|p2a: Kingambit|0 fnt\n|faint|p2a: Kingambit\n|-end|p2a: Kingambit|fallen1|[silent]\n|\n|upkeep\n|inactive|Lucix & Eko has 180 seconds left.\n|inactive|Lucix & Eko has 150 seconds left.\n|\n|t:|1700689856\n|switch|p2a: Iron Moth|Iron Moth|100\/100\n|-damage|p2a: Iron Moth|76\/100|[from] Stealth Rock\n|-enditem|p2a: Iron Moth|Booster Energy\n|-activate|p2a: Iron Moth|ability: Quark Drive|[fromitem]\n|-start|p2a: Iron Moth|quarkdrivespe\n|turn|14\n|inactive|Lucix & Eko has 150 seconds left.\n|inactive|Lucix & Eko has 120 seconds left.\n|\n|t:|1700689897\n|switch|p1a: Ting-Lu|Ting-Lu|100\/100\n|-damage|p1a: Ting-Lu|94\/100|[from] Stealth Rock\n|-ability|p1a: Ting-Lu|Vessel of Ruin\n|move|p2a: Iron Moth|Fiery Dance|p1a: Ting-Lu\n|-damage|p1a: Ting-Lu|77\/100\n|-boost|p2a: Iron Moth|spa|1\n|\n|-heal|p1a: Ting-Lu|84\/100|[from] item: Leftovers\n|upkeep\n|turn|15\n|inactive|Lucix & Eko has 120 seconds left.\n|inactive|Lucix & Eko has 90 seconds left.\n|\n|t:|1700689954\n|-end|p2a: Iron Moth|Quark Drive|[silent]\n|switch|p2a: Samurott|Samurott-Hisui, F|100\/100\n|-damage|p2a: Samurott|88\/100|[from] Stealth Rock\n|move|p1a: Ting-Lu|Whirlwind|p2a: Samurott\n|drag|p2a: Iron Valiant|Iron Valiant|100\/100\n|-damage|p2a: Iron Valiant|94\/100|[from] Stealth Rock\n|-enditem|p2a: Iron Valiant|Booster Energy\n|-activate|p2a: Iron Valiant|ability: Quark Drive|[fromitem]\n|-start|p2a: Iron Valiant|quarkdrivespe\n|\n|-heal|p1a: Ting-Lu|90\/100|[from] item: Leftovers\n|upkeep\n|turn|16\n|\n|t:|1700689966\n|move|p2a: Iron Valiant|Calm Mind|p2a: Iron Valiant\n|-boost|p2a: Iron Valiant|spa|1\n|-boost|p2a: Iron Valiant|spd|1\n|move|p1a: Ting-Lu|Whirlwind|p2a: Iron Valiant\n|-end|p2a: Iron Valiant|Quark Drive|[silent]\n|drag|p2a: Manaphy|Manaphy|99\/100\n|-damage|p2a: Manaphy|88\/100|[from] Stealth Rock\n|\n|-heal|p2a: Manaphy|94\/100|[from] item: Leftovers\n|-heal|p1a: Ting-Lu|96\/100|[from] item: Leftovers\n|upkeep\n|turn|17\n|\n|t:|1700689983\n|move|p2a: Manaphy|Ice Beam|p1a: Ting-Lu\n|-supereffective|p1a: Ting-Lu\n|-damage|p1a: Ting-Lu|73\/100\n|move|p1a: Ting-Lu|Ruination|p2a: Manaphy\n|-damage|p2a: Manaphy|47\/100\n|\n|-heal|p2a: Manaphy|53\/100|[from] item: Leftovers\n|-heal|p1a: Ting-Lu|80\/100|[from] item: Leftovers\n|upkeep\n|turn|18\n|\n|t:|1700690001\n|move|p2a: Manaphy|Ice Beam|p1a: Ting-Lu\n|-supereffective|p1a: Ting-Lu\n|-damage|p1a: Ting-Lu|55\/100\n|move|p1a: Ting-Lu|Earthquake|p2a: Manaphy\n|-damage|p2a: Manaphy|23\/100\n|\n|-heal|p2a: Manaphy|29\/100|[from] item: Leftovers\n|-heal|p1a: Ting-Lu|61\/100|[from] item: Leftovers\n|upkeep\n|turn|19\n|\n|t:|1700690023\n|move|p2a: Manaphy|Scald|p1a: Ting-Lu\n|-supereffective|p1a: Ting-Lu\n|-damage|p1a: Ting-Lu|31\/100\n|move|p1a: Ting-Lu|Whirlwind|p2a: Manaphy\n|drag|p2a: Iron Valiant|Iron Valiant|94\/100\n|-damage|p2a: Iron Valiant|88\/100|[from] Stealth Rock\n|\n|-heal|p1a: Ting-Lu|37\/100|[from] item: Leftovers\n|upkeep\n|turn|20\n|\n|t:|1700690029\n|move|p2a: Iron Valiant|Moonblast|p1a: Ting-Lu\n|-supereffective|p1a: Ting-Lu\n|-damage|p1a: Ting-Lu|0 fnt\n|faint|p1a: Ting-Lu\n|\n|upkeep\n|\n|t:|1700690032\n|switch|p1a: Cinderace|Cinderace, M|100\/100\n|turn|21\n|inactive|Lucix & Eko has 90 seconds left.\n|\n|t:|1700690043\n|move|p1a: Cinderace|Pyro Ball|p2a: Iron Valiant\n|-damage|p2a: Iron Valiant|17\/100\n|move|p2a: Iron Valiant|Focus Blast|p1a: Cinderace\n|-damage|p1a: Cinderace|11\/100\n|\n|upkeep\n|turn|22\n|inactive|Lucix & Eko has 90 seconds left.\n|\n|t:|1700690065\n|-end|p2a: Iron Valiant|Quark Drive|[silent]\n|switch|p2a: Manaphy|Manaphy|29\/100\n|-damage|p2a: Manaphy|17\/100|[from] Stealth Rock\n|move|p1a: Cinderace|Pyro Ball|p2a: Manaphy\n|-resisted|p2a: Manaphy\n|-damage|p2a: Manaphy|0 fnt\n|faint|p2a: Manaphy\n|\n|upkeep\n|\n|t:|1700690066\n|switch|p2a: Samurott|Samurott-Hisui, F|88\/100\n|-damage|p2a: Samurott|76\/100|[from] Stealth Rock\n|turn|23\n|\n|t:|1700690083\n|move|p2a: Samurott|Aqua Jet|p1a: Cinderace\n|-supereffective|p1a: Cinderace\n|-damage|p1a: Cinderace|0 fnt\n|faint|p1a: Cinderace\n|\n|upkeep\n|\n|t:|1700690091\n|switch|p1a: Dragonite|Dragonite, F|100\/100\n|turn|24\n|inactive|Lucix & Eko has 90 seconds left.\n|\n|t:|1700690098\n|move|p2a: Samurott|Ceaseless Edge|p1a: Dragonite\n|-damage|p1a: Dragonite|75\/100\n|-sidestart|p1: Guille & Dasmer|Spikes\n|move|p1a: Dragonite|Earthquake|p2a: Samurott\n|-damage|p2a: Samurott|22\/100\n|\n|upkeep\n|turn|25\n|\n|t:|1700690108\n|-terastallize|p2a: Samurott|Ghost\n|move|p2a: Samurott|Ceaseless Edge|p1a: Dragonite|[miss]\n|-miss|p2a: Samurott|p1a: Dragonite\n|move|p1a: Dragonite|Earthquake|p2a: Samurott\n|-damage|p2a: Samurott|0 fnt\n|faint|p2a: Samurott\n|\n|upkeep\n|inactive|Lucix & Eko has 90 seconds left.\n|c|\u2606Guille & Dasmer|ggs\n|c|\u2606Guille & Dasmer|wp\n|c|\u2606Lucix & Eko|ggs ig\n|inactive|Lucix & Eko has 60 seconds left.\n|c|\u2606Lucix & Eko|the SS one was ass both miss sealed the game\n|c|\u2606Lucix & Eko|gl for next rounds\n|-message|Lucix & Eko forfeited.\n|\n|win|Guille & Dasmer\n","uploadtime":1700690162,"views":46,"p1id":"guilledasmer","p2id":"lucixeko","formatid":"gen9ou","rating":0,"private":0,"password":""}