{"id":"smogtours-gen9ou-731528","p1":"Laroxyl","p2":"Isza","format":"[Gen 9] OU","log":"|inactive|Battle timer is ON: inactive players will automatically lose when time's up.\n|t:|1700413322\n|gametype|singles\n|player|p1|Laroxyl|#scl3terrors2|\n|player|p2|Isza|shadowtriad|\n|teamsize|p1|6\n|teamsize|p2|6\n|gen|9\n|tier|[Gen 9] OU\n|rule|Sleep Clause Mod: Limit one foe put to sleep\n|rule|Species Clause: Limit one of each Pok\u00e9mon\n|rule|OHKO Clause: OHKO moves are banned\n|rule|Evasion Items Clause: Evasion items are banned\n|rule|Evasion Moves Clause: Evasion moves are banned\n|rule|Endless Battle Clause: Forcing endless battles is banned\n|rule|HP Percentage Mod: HP is shown in percentages\n|clearpoke\n|poke|p1|Clefable, F|\n|poke|p1|Ting-Lu|\n|poke|p1|Zapdos|\n|poke|p1|Gholdengo|\n|poke|p1|Toxapex, M|\n|poke|p1|Cinderace, M|\n|poke|p2|Dragapult, M|\n|poke|p2|Ogerpon, F|\n|poke|p2|Heatran, M|\n|poke|p2|Rillaboom, M|\n|poke|p2|Landorus-Therian, M|\n|poke|p2|Sneasler, M|\n|teampreview\n|inactive|Laroxyl has 270 seconds left.\n|inactive|Isza has 270 seconds left.\n|c|+freezai|bom dia\n|c|\u2606Isza|hf\n|c|+TheSergio235|vamoo\n|inactive|Isza has 240 seconds left.\n|c|+Inder|LARO\n|c|+Inder|my father\n|inactive|Isza has 210 seconds left.\n|raw|<div class=\"broadcast-red\"><strong>Moderated chat was set to \u2606!<\/strong><br \/>Only users of rank \u2606 and higher can talk.<\/div>\n|inactive|Isza has 180 seconds left.\n|\n|t:|1700413458\n|start\n|switch|p1a: Zapdos|Zapdos|100\/100\n|switch|p2a: Mahoraga|Rillaboom, M|100\/100\n|-fieldstart|move: Grassy Terrain|[from] ability: Grassy Surge|[of] p2a: Mahoraga\n|turn|1\n|inactive|Isza has 210 seconds left.\n|\n|t:|1700413485\n|switch|p2a: Dagon|Heatran, M|100\/100\n|-item|p2a: Dagon|Air Balloon\n|move|p1a: Zapdos|Thunder Wave|p2a: Dagon\n|-status|p2a: Dagon|par\n|\n|upkeep\n|turn|2\n|\n|t:|1700413495\n|move|p1a: Zapdos|Volt Switch|p2a: Dagon\n|-damage|p2a: Dagon|82\/100 par\n|-enditem|p2a: Dagon|Air Balloon\n|\n|t:|1700413505\n|switch|p1a: Ting-Lu|Ting-Lu|100\/100|[from] Volt Switch\n|-ability|p1a: Ting-Lu|Vessel of Ruin\n|cant|p2a: Dagon|par\n|\n|-heal|p2a: Dagon|88\/100 par|[from] Grassy Terrain\n|upkeep\n|turn|3\n|inactive|Laroxyl has 270 seconds left.\n|\n|t:|1700413526\n|switch|p2a: Mei Mei|Ogerpon, F|100\/100\n|move|p1a: Ting-Lu|Spikes|p2a: Mei Mei\n|-sidestart|p2: Isza|Spikes\n|\n|upkeep\n|turn|4\n|inactive|Laroxyl has 270 seconds left.\n|inactive|Isza has 210 seconds left.\n|inactive|Laroxyl has 240 seconds left.\n|inactive|Isza has 180 seconds left.\n|\n|t:|1700413610\n|switch|p1a: Zapdos|Zapdos|100\/100\n|-terastallize|p2a: Mei Mei|Grass\n|detailschange|p2a: Mei Mei|Ogerpon-Teal-Tera, F, tera:Grass\n|-ability|p2a: Mei Mei|Embody Aspect (Teal)|boost\n|-boost|p2a: Mei Mei|spe|1\n|move|p2a: Mei Mei|Ivy Cudgel|p1a: Zapdos\n|-resisted|p1a: Zapdos\n|-damage|p1a: Zapdos|46\/100\n|\n|upkeep\n|turn|5\n|inactive|Laroxyl has 210 seconds left.\n|inactive|Isza has 150 seconds left.\n|inactive|Laroxyl has 180 seconds left.\n|inactive|Laroxyl has 150 seconds left.\n|inactive|Laroxyl has 120 seconds left.\n|\n|t:|1700413727\n|switch|p1a: Cinderace|Cinderace, M|100\/100\n|move|p2a: Mei Mei|Ivy Cudgel|p1a: Cinderace\n|-resisted|p1a: Cinderace\n|-damage|p1a: Cinderace|15\/100\n|\n|-heal|p1a: Cinderace|21\/100|[from] Grassy Terrain\n|-fieldend|move: Grassy Terrain\n|upkeep\n|turn|6\n|inactive|Laroxyl has 120 seconds left.\n|inactive|Isza has 120 seconds left.\n|\n|t:|1700413764\n|move|p1a: Cinderace|Sucker Punch|p2a: Mei Mei\n|-start|p1a: Cinderace|typechange|Dark|[from] ability: Libero\n|-damage|p2a: Mei Mei|52\/100\n|move|p2a: Mei Mei|Ivy Cudgel|p1a: Cinderace\n|-damage|p1a: Cinderace|0 fnt\n|faint|p1a: Cinderace\n|\n|upkeep\n|inactive|Laroxyl has 90 seconds left.\n|\n|t:|1700413781\n|switch|p1a: Zapdos|Zapdos|46\/100\n|turn|7\n|\n|t:|1700413794\n|switch|p2a: Mahoraga|Rillaboom, M|100\/100\n|-damage|p2a: Mahoraga|88\/100|[from] Spikes\n|-fieldstart|move: Grassy Terrain|[from] ability: Grassy Surge|[of] p2a: Mahoraga\n|move|p1a: Zapdos|Roost|p1a: Zapdos\n|-heal|p1a: Zapdos|97\/100\n|-singleturn|p1a: Zapdos|move: Roost\n|\n|-heal|p1a: Zapdos|100\/100|[from] Grassy Terrain\n|-heal|p2a: Mahoraga|94\/100|[from] Grassy Terrain\n|upkeep\n|turn|8\n|inactive|Isza has 120 seconds left.\n|\n|t:|1700413820\n|switch|p2a: Dagon|Heatran, M|88\/100 par\n|-damage|p2a: Dagon|76\/100 par|[from] Spikes\n|move|p1a: Zapdos|Hurricane|p2a: Dagon|[miss]\n|-miss|p1a: Zapdos|p2a: Dagon\n|\n|-heal|p2a: Dagon|82\/100 par|[from] Grassy Terrain\n|upkeep\n|turn|9\n|\n|t:|1700413844\n|move|p1a: Zapdos|Volt Switch|p2a: Dagon\n|-damage|p2a: Dagon|62\/100 par\n|\n|t:|1700413851\n|switch|p1a: Ting-Lu|Ting-Lu|100\/100|[from] Volt Switch\n|-ability|p1a: Ting-Lu|Vessel of Ruin\n|cant|p2a: Dagon|par\n|\n|-heal|p2a: Dagon|69\/100 par|[from] Grassy Terrain\n|upkeep\n|turn|10\n|\n|t:|1700413865\n|move|p2a: Dagon|Will-O-Wisp|p1a: Ting-Lu\n|-status|p1a: Ting-Lu|brn\n|move|p1a: Ting-Lu|Whirlwind|p2a: Dagon\n|drag|p2a: Mahoraga|Rillaboom, M|94\/100\n|-damage|p2a: Mahoraga|82\/100|[from] Spikes\n|\n|-heal|p2a: Mahoraga|88\/100|[from] Grassy Terrain\n|-damage|p1a: Ting-Lu|94\/100 brn|[from] brn\n|upkeep\n|turn|11\n|\n|t:|1700413884\n|switch|p1a: Zapdos|Zapdos|100\/100\n|move|p2a: Mahoraga|Grassy Glide|p1a: Zapdos\n|-resisted|p1a: Zapdos\n|-damage|p1a: Zapdos|85\/100\n|\n|-heal|p2a: Mahoraga|94\/100|[from] Grassy Terrain\n|-fieldend|move: Grassy Terrain\n|upkeep\n|turn|12\n|\n|t:|1700413907\n|switch|p2a: Hanami|Landorus-Therian, M|100\/100\n|-ability|p2a: Hanami|Intimidate|boost\n|-unboost|p1a: Zapdos|atk|1\n|move|p1a: Zapdos|Hurricane|p2a: Hanami\n|-damage|p2a: Hanami|53\/100\n|\n|upkeep\n|turn|13\n|inactive|Laroxyl has 90 seconds left.\n|\n|t:|1700413936\n|switch|p1a: Clefable|Clefable, F|100\/100\n|move|p2a: Hanami|Stealth Rock|p1a: Clefable\n|-sidestart|p1: Laroxyl|move: Stealth Rock\n|\n|upkeep\n|turn|14\n|\n|t:|1700413947\n|move|p2a: Hanami|U-turn|p1a: Clefable\n|-resisted|p1a: Clefable\n|-damage|p1a: Clefable|93\/100\n|inactive|Isza has 90 seconds left.\n|\n|t:|1700414005\n|switch|p2a: Dagon|Heatran, M|69\/100 par|[from] U-turn\n|-damage|p2a: Dagon|56\/100 par|[from] Spikes\n|move|p1a: Clefable|Stealth Rock|p2a: Dagon\n|-sidestart|p2: Isza|move: Stealth Rock\n|\n|upkeep\n|turn|15\n|inactive|Laroxyl has 90 seconds left.\n|\n|t:|1700414023\n|switch|p1a: Ting-Lu|Ting-Lu|94\/100 brn\n|-ability|p1a: Ting-Lu|Vessel of Ruin\n|move|p2a: Dagon|Magma Storm|p1a: Ting-Lu\n|-damage|p1a: Ting-Lu|74\/100 brn\n|-activate|p1a: Ting-Lu|move: Magma Storm|[of] p2a: Dagon\n|\n|-damage|p1a: Ting-Lu|68\/100 brn|[from] brn\n|-damage|p1a: Ting-Lu|56\/100 brn|[from] move: Magma Storm|[partiallytrapped]\n|upkeep\n|turn|16\n|inactive|Isza has 60 seconds left.\n|inactive|Laroxyl has 60 seconds left.\n|\n|t:|1700414062\n|switch|p2a: Mahoraga|Rillaboom, M|94\/100\n|-damage|p2a: Mahoraga|82\/100|[from] Spikes\n|-damage|p2a: Mahoraga|69\/100|[from] Stealth Rock\n|-fieldstart|move: Grassy Terrain|[from] ability: Grassy Surge|[of] p2a: Mahoraga\n|move|p1a: Ting-Lu|Ruination|p2a: Mahoraga\n|-damage|p2a: Mahoraga|35\/100\n|\n|-heal|p2a: Mahoraga|41\/100|[from] Grassy Terrain\n|-heal|p1a: Ting-Lu|62\/100 brn|[from] Grassy Terrain\n|-damage|p1a: Ting-Lu|56\/100 brn|[from] brn\n|-end|p1a: Ting-Lu|Magma Storm|[partiallytrapped]|[silent]\n|upkeep\n|turn|17\n|inactive|Laroxyl has 60 seconds left.\n|\n|t:|1700414079\n|switch|p1a: Zapdos|Zapdos|85\/100\n|move|p2a: Mahoraga|U-turn|p1a: Zapdos\n|-resisted|p1a: Zapdos\n|-damage|p1a: Zapdos|74\/100\n|-status|p2a: Mahoraga|par|[from] ability: Static|[of] p1a: Zapdos\n|\n|t:|1700414093\n|switch|p2a: Geto|Dragapult, M|100\/100|[from] U-turn\n|-damage|p2a: Geto|88\/100|[from] Spikes\n|-damage|p2a: Geto|76\/100|[from] Stealth Rock\n|\n|-heal|p2a: Geto|82\/100|[from] Grassy Terrain\n|upkeep\n|turn|18\n|inactive|Laroxyl has 60 seconds left.\n|\n|t:|1700414120\n|switch|p1a: Toxapex|Toxapex, M|100\/100\n|move|p2a: Geto|Draco Meteor|p1a: Toxapex\n|-damage|p1a: Toxapex|44\/100\n|-unboost|p2a: Geto|spa|2\n|\n|-heal|p2a: Geto|88\/100|[from] Grassy Terrain\n|-heal|p1a: Toxapex|50\/100|[from] Grassy Terrain\n|upkeep\n|turn|19\n|inactive|Laroxyl has 30 seconds left.\n|\n|t:|1700414145\n|switch|p2a: Dagon|Heatran, M|56\/100 par\n|-damage|p2a: Dagon|44\/100 par|[from] Spikes\n|-damage|p2a: Dagon|31\/100 par|[from] Stealth Rock\n|switch|p1a: Gholdengo|Gholdengo|100\/100\n|\n|-heal|p2a: Dagon|37\/100 par|[from] Grassy Terrain\n|upkeep\n|turn|20\n|inactive|Laroxyl has 30 seconds left.\n|\n|t:|1700414154\n|move|p1a: Gholdengo|Focus Blast|p2a: Dagon|[miss]\n|-miss|p1a: Gholdengo|p2a: Dagon\n|move|p2a: Dagon|Magma Storm|p1a: Gholdengo\n|-supereffective|p1a: Gholdengo\n|-damage|p1a: Gholdengo|9\/100\n|-activate|p1a: Gholdengo|move: Magma Storm|[of] p2a: Dagon\n|\n|-heal|p1a: Gholdengo|15\/100|[from] Grassy Terrain\n|-heal|p2a: Dagon|44\/100 par|[from] Grassy Terrain\n|-damage|p1a: Gholdengo|3\/100|[from] move: Magma Storm|[partiallytrapped]\n|-fieldend|move: Grassy Terrain\n|upkeep\n|turn|21\n|inactive|Isza has 60 seconds left.\n|inactive|Laroxyl has 30 seconds left.\n|inactive|Laroxyl has 20 seconds left.\n|inactive|Isza has 30 seconds left.\n|\n|t:|1700414197\n|switch|p2a: Hanami|Landorus-Therian, M|53\/100\n|-damage|p2a: Hanami|41\/100|[from] Stealth Rock\n|-ability|p2a: Hanami|Intimidate|boost\n|-unboost|p1a: Gholdengo|atk|1\n|move|p1a: Gholdengo|Focus Blast|p2a: Hanami\n|-resisted|p2a: Hanami\n|-damage|p2a: Hanami|15\/100\n|\n|-end|p1a: Gholdengo|Magma Storm|[partiallytrapped]|[silent]\n|upkeep\n|turn|22\n|inactive|Laroxyl has 30 seconds left this turn.\n|inactive|Isza has 30 seconds left.\n|inactive|Laroxyl has 20 seconds left.\n|inactive|Laroxyl has 15 seconds left.\n|\n|t:|1700414213\n|switch|p1a: Clefable|Clefable, F|93\/100\n|move|p2a: Hanami|U-turn|p1a: Clefable\n|-resisted|p1a: Clefable\n|-damage|p1a: Clefable|85\/100\n|inactive|Laroxyl has 20 seconds left this turn.\n|inactive|Isza has 30 seconds left.\n|\n|t:|1700414226\n|switch|p2a: Haruta|Sneasler, M|100\/100|[from] U-turn\n|-damage|p2a: Haruta|88\/100|[from] Spikes\n|-damage|p2a: Haruta|82\/100|[from] Stealth Rock\n|\n|upkeep\n|turn|23\n|inactive|Laroxyl has 30 seconds left this turn.\n|inactive|Isza has 30 seconds left.\n|\n|t:|1700414236\n|switch|p1a: Toxapex|Toxapex, M|83\/100\n|move|p2a: Haruta|Swords Dance|p2a: Haruta\n|-boost|p2a: Haruta|atk|2\n|\n|upkeep\n|turn|24\n|\n|t:|1700414244\n|move|p2a: Haruta|Close Combat|p1a: Toxapex\n|-resisted|p1a: Toxapex\n|-damage|p1a: Toxapex|33\/100\n|-unboost|p2a: Haruta|def|1\n|-unboost|p2a: Haruta|spd|1\n|move|p1a: Toxapex|Haze|p1a: Toxapex\n|-clearallboost\n|\n|upkeep\n|turn|25\n|\n|t:|1700414253\n|move|p2a: Haruta|Close Combat|p1a: Toxapex\n|-resisted|p1a: Toxapex\n|-damage|p1a: Toxapex|8\/100\n|-unboost|p2a: Haruta|def|1\n|-unboost|p2a: Haruta|spd|1\n|move|p1a: Toxapex|Recover|p1a: Toxapex\n|-heal|p1a: Toxapex|58\/100\n|\n|upkeep\n|turn|26\n|\n|t:|1700414270\n|move|p2a: Haruta|Swords Dance|p2a: Haruta\n|-boost|p2a: Haruta|atk|2\n|move|p1a: Toxapex|Surf|p2a: Haruta\n|-damage|p2a: Haruta|41\/100\n|\n|upkeep\n|turn|27\n|\n|t:|1700414285\n|switch|p1a: Gholdengo|Gholdengo|3\/100\n|move|p2a: Haruta|Gunk Shot|p1a: Gholdengo\n|-immune|p1a: Gholdengo\n|\n|upkeep\n|turn|28\n|inactive|Laroxyl has 30 seconds left.\n|\n|t:|1700414303\n|move|p2a: Haruta|Shadow Claw|p1a: Gholdengo\n|-supereffective|p1a: Gholdengo\n|-damage|p1a: Gholdengo|0 fnt\n|faint|p1a: Gholdengo\n|\n|upkeep\n|\n|t:|1700414308\n|switch|p1a: Toxapex|Toxapex, M|91\/100\n|turn|29\n|\n|t:|1700414317\n|switch|p2a: Mahoraga|Rillaboom, M|41\/100 par\n|-damage|p2a: Mahoraga|29\/100 par|[from] Spikes\n|-damage|p2a: Mahoraga|17\/100 par|[from] Stealth Rock\n|-fieldstart|move: Grassy Terrain|[from] ability: Grassy Surge|[of] p2a: Mahoraga\n|move|p1a: Toxapex|Surf|p2a: Mahoraga\n|-resisted|p2a: Mahoraga\n|-damage|p2a: Mahoraga|9\/100 par\n|\n|-heal|p2a: Mahoraga|15\/100 par|[from] Grassy Terrain\n|-heal|p1a: Toxapex|97\/100|[from] Grassy Terrain\n|upkeep\n|turn|30\n|\n|t:|1700414332\n|switch|p1a: Zapdos|Zapdos|74\/100\n|move|p2a: Mahoraga|U-turn|p1a: Zapdos\n|-resisted|p1a: Zapdos\n|-damage|p1a: Zapdos|64\/100\n|\n|t:|1700414336\n|switch|p2a: Mei Mei|Ogerpon-Teal-Tera, F, tera:Grass|52\/100|[from] U-turn\n|-damage|p2a: Mei Mei|40\/100|[from] Spikes\n|-damage|p2a: Mei Mei|28\/100|[from] Stealth Rock\n|-ability|p2a: Mei Mei|Embody Aspect (Teal)|boost\n|-boost|p2a: Mei Mei|spe|1\n|\n|-heal|p2a: Mei Mei|34\/100|[from] Grassy Terrain\n|upkeep\n|turn|31\n|inactive|Laroxyl has 30 seconds left.\n|inactive|Laroxyl has 20 seconds left.\n|\n|t:|1700414373\n|move|p2a: Mei Mei|Ivy Cudgel|p1a: Zapdos\n|-resisted|p1a: Zapdos\n|-damage|p1a: Zapdos|16\/100\n|move|p1a: Zapdos|Hurricane|p2a: Mei Mei\n|-supereffective|p2a: Mei Mei\n|-damage|p2a: Mei Mei|0 fnt\n|faint|p2a: Mei Mei\n|\n|upkeep\n|inactive|Laroxyl has 25 seconds left this turn.\n|\n|t:|1700414386\n|switch|p2a: Geto|Dragapult, M|88\/100\n|-damage|p2a: Geto|76\/100|[from] Spikes\n|-damage|p2a: Geto|63\/100|[from] Stealth Rock\n|turn|32\n|inactive|Laroxyl has 30 seconds left.\n|\n|t:|1700414394\n|switch|p1a: Toxapex|Toxapex, M|100\/100\n|move|p2a: Geto|Shadow Ball|p1a: Toxapex\n|-damage|p1a: Toxapex|65\/100\n|-unboost|p1a: Toxapex|spd|1\n|\n|-heal|p2a: Geto|69\/100|[from] Grassy Terrain\n|-heal|p1a: Toxapex|70\/100|[from] Grassy Terrain\n|upkeep\n|turn|33\n|\n|t:|1700414401\n|switch|p1a: Ting-Lu|Ting-Lu|56\/100 brn\n|-ability|p1a: Ting-Lu|Vessel of Ruin\n|move|p2a: Geto|Shadow Ball|p1a: Ting-Lu\n|-resisted|p1a: Ting-Lu\n|-damage|p1a: Ting-Lu|44\/100 brn\n|\n|-heal|p2a: Geto|75\/100|[from] Grassy Terrain\n|-heal|p1a: Ting-Lu|50\/100 brn|[from] Grassy Terrain\n|-damage|p1a: Ting-Lu|44\/100 brn|[from] brn\n|-fieldend|move: Grassy Terrain\n|upkeep\n|turn|34\n|inactive|Isza has 90 seconds left.\n|\n|t:|1700414423\n|switch|p2a: Hanami|Landorus-Therian, M|15\/100\n|-damage|p2a: Hanami|3\/100|[from] Stealth Rock\n|-ability|p2a: Hanami|Intimidate|boost\n|-unboost|p1a: Ting-Lu|atk|1\n|move|p1a: Ting-Lu|Whirlwind|p2a: Hanami\n|drag|p2a: Haruta|Sneasler, M|41\/100\n|-damage|p2a: Haruta|29\/100|[from] Spikes\n|-damage|p2a: Haruta|23\/100|[from] Stealth Rock\n|\n|-damage|p1a: Ting-Lu|38\/100 brn|[from] brn\n|upkeep\n|turn|35\n|inactive|Isza has 90 seconds left.\n|\n|t:|1700414435\n|switch|p1a: Toxapex|Toxapex, M|100\/100\n|move|p2a: Haruta|Close Combat|p1a: Toxapex\n|-resisted|p1a: Toxapex\n|-damage|p1a: Toxapex|77\/100\n|-unboost|p2a: Haruta|def|1\n|-unboost|p2a: Haruta|spd|1\n|\n|upkeep\n|turn|36\n|inactive|Isza has 90 seconds left.\n|\n|t:|1700414445\n|switch|p2a: Hanami|Landorus-Therian, M|3\/100\n|-damage|p2a: Hanami|0 fnt|[from] Stealth Rock\n|faint|p2a: Hanami\n|move|p1a: Toxapex|Surf|p2: Hanami|[notarget]\n|-fail|p1a: Toxapex\n|\n|upkeep\n|\n|t:|1700414449\n|switch|p2a: Dagon|Heatran, M|44\/100 par\n|-damage|p2a: Dagon|31\/100 par|[from] Spikes\n|-damage|p2a: Dagon|19\/100 par|[from] Stealth Rock\n|turn|37\n|\n|t:|1700414461\n|move|p1a: Toxapex|Surf|p2a: Dagon\n|-supereffective|p2a: Dagon\n|-damage|p2a: Dagon|0 fnt\n|faint|p2a: Dagon\n|\n|upkeep\n|\n|t:|1700414467\n|switch|p2a: Geto|Dragapult, M|75\/100\n|-damage|p2a: Geto|63\/100|[from] Spikes\n|-damage|p2a: Geto|51\/100|[from] Stealth Rock\n|turn|38\n|inactive|Laroxyl has 60 seconds left.\n|\n|t:|1700414481\n|switch|p1a: Ting-Lu|Ting-Lu|38\/100 brn\n|-ability|p1a: Ting-Lu|Vessel of Ruin\n|move|p2a: Geto|Shadow Ball|p1a: Ting-Lu\n|-resisted|p1a: Ting-Lu\n|-damage|p1a: Ting-Lu|26\/100 brn\n|\n|-damage|p1a: Ting-Lu|19\/100 brn|[from] brn\n|upkeep\n|turn|39\n|inactive|Laroxyl has 60 seconds left.\n|\n|t:|1700414492\n|move|p2a: Geto|Shadow Ball|p1a: Ting-Lu\n|-resisted|p1a: Ting-Lu\n|-damage|p1a: Ting-Lu|6\/100 brn\n|move|p1a: Ting-Lu|Whirlwind|p2a: Geto\n|drag|p2a: Haruta|Sneasler, M|23\/100\n|-damage|p2a: Haruta|10\/100|[from] Spikes\n|-damage|p2a: Haruta|4\/100|[from] Stealth Rock\n|\n|-damage|p1a: Ting-Lu|0 fnt|[from] brn\n|faint|p1a: Ting-Lu\n|upkeep\n|inactive|Laroxyl has 60 seconds left.\n|\n|t:|1700414498\n|switch|p1a: Toxapex|Toxapex, M|100\/100\n|turn|40\n|\n|t:|1700414502\n|move|p2a: Haruta|Gunk Shot|p1a: Toxapex|[miss]\n|-miss|p2a: Haruta|p1a: Toxapex\n|move|p1a: Toxapex|Surf|p2a: Haruta\n|-damage|p2a: Haruta|0 fnt\n|faint|p2a: Haruta\n|\n|upkeep\n|\n|t:|1700414506\n|switch|p2a: Geto|Dragapult, M|51\/100\n|-damage|p2a: Geto|38\/100|[from] Spikes\n|-damage|p2a: Geto|26\/100|[from] Stealth Rock\n|turn|41\n|\n|t:|1700414512\n|move|p2a: Geto|Shadow Ball|p1a: Toxapex\n|-crit|p1a: Toxapex\n|-damage|p1a: Toxapex|47\/100\n|move|p1a: Toxapex|Toxic|p2a: Geto\n|-status|p2a: Geto|tox\n|\n|-damage|p2a: Geto|20\/100 tox|[from] psn\n|upkeep\n|turn|42\n|\n|t:|1700414522\n|-terastallize|p1a: Toxapex|Dark\n|move|p2a: Geto|Shadow Ball|p1a: Toxapex\n|-resisted|p1a: Toxapex\n|-damage|p1a: Toxapex|29\/100\n|move|p1a: Toxapex|Recover|p1a: Toxapex\n|-heal|p1a: Toxapex|79\/100\n|\n|-damage|p2a: Geto|8\/100 tox|[from] psn\n|upkeep\n|turn|43\n|inactive|Isza has 150 seconds left.\n|\n|t:|1700414528\n|move|p2a: Geto|Shadow Ball|p1a: Toxapex\n|-resisted|p1a: Toxapex\n|-damage|p1a: Toxapex|61\/100\n|move|p1a: Toxapex|Recover|p1a: Toxapex\n|-heal|p1a: Toxapex|100\/100\n|\n|-damage|p2a: Geto|0 fnt|[from] psn\n|faint|p2a: Geto\n|upkeep\n|\n|t:|1700414533\n|switch|p2a: Mahoraga|Rillaboom, M|15\/100 par\n|-damage|p2a: Mahoraga|3\/100 par|[from] Spikes\n|-damage|p2a: Mahoraga|0 fnt|[from] Stealth Rock\n|faint|p2a: Mahoraga\n|\n|win|Laroxyl\n|c|\u2606Isza|gg\n|c|\u2606Laroxyl|gg\n","uploadtime":1700414534,"views":336,"p1id":"laroxyl","p2id":"isza","formatid":"gen9ou","rating":0,"private":0,"password":""}