{"id":"smogtours-gen9ou-732388","p1":"Savouras","p2":"Lily","format":"[Gen 9] OU","log":"|inactive|Battle timer is ON: inactive players will automatically lose when time's up.\n|t:|1700934907\n|gametype|singles\n|player|p1|Savouras|#scl3machines2|\n|player|p2|Lily|#uuplxiidols|\n|teamsize|p1|6\n|teamsize|p2|6\n|gen|9\n|tier|[Gen 9] OU\n|rule|Sleep Clause Mod: Limit one foe put to sleep\n|rule|Species Clause: Limit one of each Pok\u00e9mon\n|rule|OHKO Clause: OHKO moves are banned\n|rule|Evasion Items Clause: Evasion items are banned\n|rule|Evasion Moves Clause: Evasion moves are banned\n|rule|Endless Battle Clause: Forcing endless battles is banned\n|rule|HP Percentage Mod: HP is shown in percentages\n|clearpoke\n|poke|p1|Darkrai|\n|poke|p1|Ribombee, M|\n|poke|p1|Zamazenta-*|\n|poke|p1|Gholdengo|\n|poke|p1|Ogerpon-Wellspring, F|\n|poke|p1|Iron Moth|\n|poke|p2|Darkrai|\n|poke|p2|Samurott-Hisui, F|\n|poke|p2|Scizor, M|\n|poke|p2|Great Tusk|\n|poke|p2|Iron Valiant|\n|poke|p2|Dragonite, M|\n|teampreview\n|c|\u2606Savouras|yo hf\n|c|\u2606Lily|glhf\n|inactive|Savouras has 270 seconds left.\n|inactive|Lily has 270 seconds left.\n|\n|t:|1700934949\n|start\n|switch|p1a: Ribombee|Ribombee, M|100\/100\n|switch|p2a: Samurott|Samurott-Hisui, F|100\/100\n|turn|1\n|\n|t:|1700934954\n|move|p1a: Ribombee|Sticky Web|p2a: Samurott\n|-sidestart|p2: Lily|move: Sticky Web\n|move|p2a: Samurott|Copycat|p2a: Samurott\n|move|p2a: Samurott|Sticky Web|p1a: Ribombee|[from]move: Copycat\n|-sidestart|p1: Savouras|move: Sticky Web\n|\n|upkeep\n|turn|2\n|c|+TheSergio235|heat\n|c|\u2606Savouras|pffffffff\n|\n|t:|1700934968\n|move|p1a: Ribombee|Moonblast|p2a: Samurott\n|-supereffective|p2a: Samurott\n|-enditem|p2a: Samurott|Focus Sash\n|-damage|p2a: Samurott|1\/100\n|move|p2a: Samurott|Aqua Cutter|p1a: Ribombee\n|-damage|p1a: Ribombee|10\/100\n|\n|upkeep\n|turn|3\n|\n|t:|1700934988\n|move|p2a: Samurott|Aqua Jet|p1a: Ribombee\n|-damage|p1a: Ribombee|0 fnt\n|faint|p1a: Ribombee\n|\n|upkeep\n|\n|t:|1700934994\n|switch|p1a: Ogerpon|Ogerpon-Wellspring, F|100\/100\n|-activate|p1a: Ogerpon|move: Sticky Web\n|-unboost|p1a: Ogerpon|spe|1\n|turn|4\n|\n|t:|1700934997\n|move|p2a: Samurott|Ceaseless Edge|p1a: Ogerpon\n|-damage|p1a: Ogerpon|53\/100\n|-sidestart|p1: Savouras|Spikes\n|move|p1a: Ogerpon|Trailblaze|p2a: Samurott\n|-supereffective|p2a: Samurott\n|-damage|p2a: Samurott|0 fnt\n|-boost|p1a: Ogerpon|spe|1\n|faint|p2a: Samurott\n|\n|upkeep\n|inactive|Lily has 270 seconds left.\n|inactive|Lily has 240 seconds left.\n|\n|t:|1700935079\n|switch|p2a: Scizor|Scizor, M|100\/100\n|-activate|p2a: Scizor|move: Sticky Web\n|-unboost|p2a: Scizor|spe|1\n|turn|5\n|\n|t:|1700935093\n|move|p1a: Ogerpon|Ivy Cudgel|p2a: Scizor|[anim] Ivy Cudgel Water\n|-damage|p2a: Scizor|29\/100\n|move|p2a: Scizor|Swords Dance|p2a: Scizor\n|-boost|p2a: Scizor|atk|2\n|\n|upkeep\n|turn|6\n|inactive|Savouras has 270 seconds left.\n|inactive|Savouras has 240 seconds left.\n|\n|t:|1700935165\n|move|p2a: Scizor|Bullet Punch|p1a: Ogerpon\n|-resisted|p1a: Ogerpon\n|-crit|p1a: Ogerpon\n|-damage|p1a: Ogerpon|0 fnt\n|faint|p1a: Ogerpon\n|\n|upkeep\n|\n|t:|1700935167\n|switch|p1a: Gholdengo|Gholdengo|100\/100\n|-item|p1a: Gholdengo|Air Balloon\n|turn|7\n|\n|t:|1700935168\n|move|p2a: Scizor|Bullet Punch|p1a: Gholdengo\n|-resisted|p1a: Gholdengo\n|-damage|p1a: Gholdengo|52\/100\n|-enditem|p1a: Gholdengo|Air Balloon\n|move|p1a: Gholdengo|Shadow Ball|p2a: Scizor\n|-damage|p2a: Scizor|0 fnt\n|faint|p2a: Scizor\n|\n|upkeep\n|inactive|Lily has 240 seconds left.\n|\n|t:|1700935210\n|switch|p2a: Dragonite|Dragonite, M|100\/100\n|turn|8\n|\n|t:|1700935222\n|move|p1a: Gholdengo|Make It Rain|p2a: Dragonite\n|-damage|p2a: Dragonite|75\/100\n|-unboost|p1a: Gholdengo|spa|1\n|move|p2a: Dragonite|Earthquake|p1a: Gholdengo\n|-supereffective|p1a: Gholdengo\n|-damage|p1a: Gholdengo|0 fnt\n|faint|p1a: Gholdengo\n|\n|upkeep\n|inactive|Savouras has 240 seconds left.\n|inactive|Savouras has 210 seconds left.\n|\n|t:|1700935270\n|switch|p1a: Darkrai|Darkrai|100\/100\n|-activate|p1a: Darkrai|move: Sticky Web\n|-unboost|p1a: Darkrai|spe|1\n|-damage|p1a: Darkrai|88\/100|[from] Spikes\n|turn|9\n|inactive|Lily has 240 seconds left.\n|\n|t:|1700935275\n|switch|p2a: Darkrai|Darkrai|100\/100\n|-activate|p2a: Darkrai|move: Sticky Web\n|-unboost|p2a: Darkrai|spe|1\n|move|p1a: Darkrai|Dark Pulse|p2a: Darkrai\n|-resisted|p2a: Darkrai\n|-damage|p2a: Darkrai|62\/100\n|-damage|p1a: Darkrai|78\/100|[from] item: Life Orb\n|\n|upkeep\n|turn|10\n|\n|t:|1700935284\n|move|p1a: Darkrai|Focus Blast|p2a: Darkrai\n|-supereffective|p2a: Darkrai\n|-damage|p2a: Darkrai|0 fnt\n|faint|p2a: Darkrai\n|-damage|p1a: Darkrai|68\/100|[from] item: Life Orb\n|\n|upkeep\n|inactive|Lily has 240 seconds left.\n|\n|t:|1700935302\n|switch|p2a: Great Tusk|Great Tusk|100\/100\n|-activate|p2a: Great Tusk|move: Sticky Web\n|-unboost|p2a: Great Tusk|spe|1\n|-enditem|p2a: Great Tusk|Booster Energy\n|-activate|p2a: Great Tusk|ability: Protosynthesis|[fromitem]\n|-start|p2a: Great Tusk|protosynthesisatk\n|turn|11\n|\n|t:|1700935329\n|move|p1a: Darkrai|Dark Pulse|p2a: Great Tusk\n|-resisted|p2a: Great Tusk\n|-crit|p2a: Great Tusk\n|-damage|p2a: Great Tusk|41\/100\n|-damage|p1a: Darkrai|58\/100|[from] item: Life Orb\n|move|p2a: Great Tusk|Rapid Spin|p1a: Darkrai\n|-damage|p1a: Darkrai|30\/100\n|-boost|p2a: Great Tusk|spe|1\n|-sideend|p2: Lily|Sticky Web|[from] move: Rapid Spin|[of] p2a: Great Tusk\n|\n|upkeep\n|turn|12\n|inactive|Lily has 240 seconds left.\n|\n|t:|1700935366\n|move|p2a: Great Tusk|Headlong Rush|p1a: Darkrai\n|-damage|p1a: Darkrai|0 fnt\n|-unboost|p2a: Great Tusk|def|1\n|-unboost|p2a: Great Tusk|spd|1\n|faint|p1a: Darkrai\n|\n|upkeep\n|inactive|Savouras has 210 seconds left.\n|\n|t:|1700935385\n|switch|p1a: Zamazenta|Zamazenta|100\/100\n|-activate|p1a: Zamazenta|move: Sticky Web\n|-unboost|p1a: Zamazenta|spe|1\n|-damage|p1a: Zamazenta|88\/100|[from] Spikes\n|-ability|p1a: Zamazenta|Dauntless Shield|boost\n|-boost|p1a: Zamazenta|def|1\n|turn|13\n|\n|t:|1700935387\n|-end|p2a: Great Tusk|Protosynthesis|[silent]\n|switch|p2a: Iron Valiant|Iron Valiant|100\/100\n|-enditem|p2a: Iron Valiant|Booster Energy\n|-activate|p2a: Iron Valiant|ability: Quark Drive|[fromitem]\n|-start|p2a: Iron Valiant|quarkdrivespe\n|move|p1a: Zamazenta|Iron Defense|p1a: Zamazenta\n|-boost|p1a: Zamazenta|def|2\n|\n|-heal|p1a: Zamazenta|94\/100|[from] item: Leftovers\n|upkeep\n|turn|14\n|\n|t:|1700935390\n|switch|p1a: Iron Moth|Iron Moth|100\/100\n|-activate|p1a: Iron Moth|move: Sticky Web\n|-unboost|p1a: Iron Moth|spe|1\n|-damage|p1a: Iron Moth|88\/100|[from] Spikes\n|-enditem|p1a: Iron Moth|Booster Energy\n|-activate|p1a: Iron Moth|ability: Quark Drive|[fromitem]\n|-start|p1a: Iron Moth|quarkdrivespa\n|move|p2a: Iron Valiant|Encore||[still]\n|-fail|p2a: Iron Valiant\n|\n|upkeep\n|turn|15\n|\n|t:|1700935404\n|-end|p2a: Iron Valiant|Quark Drive|[silent]\n|switch|p2a: Dragonite|Dragonite, M|75\/100\n|move|p1a: Iron Moth|Dazzling Gleam|p2a: Dragonite\n|-supereffective|p2a: Dragonite\n|-damage|p2a: Dragonite|11\/100\n|\n|upkeep\n|turn|16\n|inactive|Savouras has 210 seconds left.\n|inactive|Savouras has 180 seconds left.\n|inactive|Savouras has 150 seconds left.\n|inactive|Savouras has 120 seconds left.\n|inactive|Savouras has 90 seconds left.\n|\n|t:|1700935573\n|move|p2a: Dragonite|Extreme Speed|p1a: Iron Moth\n|-damage|p1a: Iron Moth|43\/100\n|move|p1a: Iron Moth|Dazzling Gleam|p2a: Dragonite\n|-supereffective|p2a: Dragonite\n|-damage|p2a: Dragonite|0 fnt\n|faint|p2a: Dragonite\n|\n|upkeep\n|inactive|Lily has 240 seconds left.\n|inactive|Lily has 210 seconds left.\n|\n|t:|1700935648\n|switch|p2a: Iron Valiant|Iron Valiant|100\/100\n|turn|17\n|inactive|Savouras has 60 seconds left.\n|inactive|Savouras has 30 seconds left.\n|inactive|Savouras has 20 seconds left.\n|\n|t:|1700935715\n|move|p2a: Iron Valiant|Close Combat|p1a: Iron Moth\n|-resisted|p1a: Iron Moth\n|-crit|p1a: Iron Moth\n|-damage|p1a: Iron Moth|0 fnt\n|-unboost|p2a: Iron Valiant|def|1\n|-unboost|p2a: Iron Valiant|spd|1\n|faint|p1a: Iron Moth\n|-end|p1a: Iron Moth|Quark Drive|[silent]\n|\n|upkeep\n|inactive|Savouras has 25 seconds left this turn.\n|\n|t:|1700935717\n|switch|p1a: Zamazenta|Zamazenta|94\/100\n|-activate|p1a: Zamazenta|move: Sticky Web\n|-unboost|p1a: Zamazenta|spe|1\n|-damage|p1a: Zamazenta|82\/100|[from] Spikes\n|turn|18\n|inactive|Savouras has 30 seconds left.\n|\n|t:|1700935727\n|move|p2a: Iron Valiant|Close Combat|p1a: Zamazenta\n|-damage|p1a: Zamazenta|30\/100\n|-unboost|p2a: Iron Valiant|def|1\n|-unboost|p2a: Iron Valiant|spd|1\n|move|p1a: Zamazenta|Heavy Slam|p2a: Iron Valiant\n|-supereffective|p2a: Iron Valiant\n|-damage|p2a: Iron Valiant|0 fnt\n|faint|p2a: Iron Valiant\n|-end|p2a: Iron Valiant|Quark Drive|[silent]\n|\n|-heal|p1a: Zamazenta|36\/100|[from] item: Leftovers\n|upkeep\n|\n|t:|1700935730\n|switch|p2a: Great Tusk|Great Tusk|41\/100\n|turn|19\n|c|+Sylveon is so cute|that didnt matter did it\n|c|+Sylveon is so cute|on volc\n|c|+Sylveon is so cute|moth*\n|inactive|Savouras has 30 seconds left.\n|\n|t:|1700935749\n|-terastallize|p2a: Great Tusk|Ground\n|move|p2a: Great Tusk|Headlong Rush|p1a: Zamazenta\n|-damage|p1a: Zamazenta|0 fnt\n|-unboost|p2a: Great Tusk|def|1\n|-unboost|p2a: Great Tusk|spd|1\n|faint|p1a: Zamazenta\n|\n|win|Lily\n|c|\u2606Lily|it shouldnt have idt\n|c|\u2606Lily|gg\n|c|\u2606Savouras|gg\n|c|\u2606Savouras|cool samurott set\n|c|\u2606Lily|ty :D\n|c|\u2606Lily|s\/o leng (and togkey i think)\n","uploadtime":1700935750,"views":50,"p1id":"savouras","p2id":"lily","formatid":"gen9ou","rating":0,"private":0,"password":""}