{"id":"smogtours-gen9ou-731247","p1":"Nowelle","p2":"EG Jhonx","format":"[Gen 9] OU","log":"|inactive|Battle timer is ON: inactive players will automatically lose when time's up.\n|t:|1700337691\n|gametype|singles\n|player|p1|Nowelle|kindler-gen6|\n|player|p2|EG Jhonx|blue-gen2|\n|teamsize|p1|6\n|teamsize|p2|6\n|gen|9\n|tier|[Gen 9] OU\n|rule|Sleep Clause Mod: Limit one foe put to sleep\n|rule|Species Clause: Limit one of each Pok\u00e9mon\n|rule|OHKO Clause: OHKO moves are banned\n|rule|Evasion Items Clause: Evasion items are banned\n|rule|Evasion Moves Clause: Evasion moves are banned\n|rule|Endless Battle Clause: Forcing endless battles is banned\n|rule|HP Percentage Mod: HP is shown in percentages\n|clearpoke\n|poke|p1|Ting-Lu|\n|poke|p1|Great Tusk|\n|poke|p1|Gholdengo|\n|poke|p1|Iron Valiant|\n|poke|p1|Zapdos|\n|poke|p1|Iron Moth|\n|poke|p2|Ribombee, M|\n|poke|p2|Ogerpon-Wellspring, F|\n|poke|p2|Iron Moth|\n|poke|p2|Kingambit, M|\n|poke|p2|Gholdengo|\n|poke|p2|Iron Valiant|\n|teampreview\n|c|\u2606Nowelle|hf\n|c|\u2606EG Jhonx|hf man\n|c|\u2606EG Jhonx|I havent played SV since this RMT\n|c|\u2606Nowelle|whats rmt\n|inactive|Nowelle disconnected and has 300 seconds to reconnect!\n|player|p1|\n|c|\u2606EG Jhonx|this webs im running\n|inactive|Nowelle reconnected and has 275 seconds left.\n|player|p1|Nowelle|iris\n|inactive|Nowelle has 270 seconds left.\n|c|\u2606Nowelle|oooh ok\n|c|\u2606Nowelle|thought it was a tournament\n|inactive|Nowelle has 240 seconds left.\n|\n|t:|1700337763\n|start\n|switch|p1a: Ting-Lu|Ting-Lu|100\/100\n|switch|p2a: Ribombee|Ribombee, M|100\/100\n|-ability|p1a: Ting-Lu|Vessel of Ruin\n|turn|1\n|\n|t:|1700337773\n|move|p2a: Ribombee|Sticky Web|p1a: Ting-Lu\n|-sidestart|p1: Nowelle|move: Sticky Web\n|move|p1a: Ting-Lu|Stealth Rock|p2a: Ribombee\n|-sidestart|p2: EG Jhonx|move: Stealth Rock\n|\n|upkeep\n|turn|2\n|\n|t:|1700337777\n|move|p2a: Ribombee|Moonblast|p1a: Ting-Lu\n|-supereffective|p1a: Ting-Lu\n|-damage|p1a: Ting-Lu|63\/100\n|-unboost|p1a: Ting-Lu|spa|1\n|-enditem|p1a: Ting-Lu|Red Card|[of] p2a: Ribombee\n|drag|p2a: Gholdengo|Gholdengo|100\/100\n|-damage|p2a: Gholdengo|94\/100|[from] Stealth Rock\n|-item|p2a: Gholdengo|Air Balloon\n|move|p1a: Ting-Lu|Spikes|p2a: Gholdengo\n|-sidestart|p2: EG Jhonx|Spikes\n|\n|upkeep\n|turn|3\n|\n|t:|1700337783\n|move|p2a: Gholdengo|Nasty Plot|p2a: Gholdengo\n|-boost|p2a: Gholdengo|spa|2\n|move|p1a: Ting-Lu|Ruination|p2a: Gholdengo\n|-damage|p2a: Gholdengo|47\/100\n|-enditem|p2a: Gholdengo|Air Balloon\n|\n|upkeep\n|turn|4\n|\n|t:|1700337791\n|move|p2a: Gholdengo|Dazzling Gleam|p1a: Ting-Lu\n|-supereffective|p1a: Ting-Lu\n|-damage|p1a: Ting-Lu|11\/100\n|move|p1a: Ting-Lu|Earthquake|p2a: Gholdengo\n|-supereffective|p2a: Gholdengo\n|-damage|p2a: Gholdengo|0 fnt\n|faint|p2a: Gholdengo\n|\n|upkeep\n|\n|t:|1700337806\n|switch|p2a: Iron Moth|Iron Moth|100\/100\n|-damage|p2a: Iron Moth|76\/100|[from] Stealth Rock\n|-damage|p2a: Iron Moth|63\/100|[from] Spikes\n|-enditem|p2a: Iron Moth|Booster Energy\n|-activate|p2a: Iron Moth|ability: Quark Drive|[fromitem]\n|-start|p2a: Iron Moth|quarkdrivespe\n|turn|5\n|\n|t:|1700337809\n|move|p2a: Iron Moth|Fiery Dance|p1a: Ting-Lu\n|-damage|p1a: Ting-Lu|0 fnt\n|-boost|p2a: Iron Moth|spa|1\n|faint|p1a: Ting-Lu\n|\n|upkeep\n|\n|t:|1700337821\n|switch|p1a: Zapdos|Zapdos|100\/100\n|turn|6\n|\n|t:|1700337824\n|move|p2a: Iron Moth|Substitute|p2a: Iron Moth\n|-start|p2a: Iron Moth|Substitute\n|-damage|p2a: Iron Moth|38\/100\n|move|p1a: Zapdos|Hurricane|p2a: Iron Moth\n|-end|p2a: Iron Moth|Substitute\n|\n|upkeep\n|turn|7\n|\n|t:|1700337828\n|move|p2a: Iron Moth|Sludge Wave|p1a: Zapdos\n|-damage|p1a: Zapdos|18\/100\n|move|p1a: Zapdos|Discharge|p2a: Iron Moth\n|-damage|p2a: Iron Moth|0 fnt\n|faint|p2a: Iron Moth\n|-end|p2a: Iron Moth|Quark Drive|[silent]\n|\n|upkeep\n|\n|t:|1700337840\n|switch|p2a: Ribombee|Ribombee, M|100\/100\n|-damage|p2a: Ribombee|76\/100|[from] Stealth Rock\n|-damage|p2a: Ribombee|63\/100|[from] Spikes\n|turn|8\n|\n|t:|1700337844\n|switch|p1a: Gholdengo|Gholdengo|100\/100\n|-activate|p1a: Gholdengo|move: Sticky Web\n|-unboost|p1a: Gholdengo|spe|1\n|move|p2a: Ribombee|Moonblast|p1a: Gholdengo\n|-resisted|p1a: Gholdengo\n|-damage|p1a: Gholdengo|76\/100\n|-unboost|p1a: Gholdengo|spa|1\n|\n|upkeep\n|turn|9\n|\n|t:|1700337851\n|switch|p2a: Kingambit|Kingambit, M|100\/100\n|-damage|p2a: Kingambit|94\/100|[from] Stealth Rock\n|-damage|p2a: Kingambit|82\/100|[from] Spikes\n|-activate|p2a: Kingambit|ability: Supreme Overlord\n|-start|p2a: Kingambit|fallen2|[silent]\n|move|p1a: Gholdengo|Shadow Ball|p2a: Kingambit\n|-resisted|p2a: Kingambit\n|-damage|p2a: Kingambit|59\/100\n|\n|upkeep\n|turn|10\n|\n|t:|1700337857\n|-end|p2a: Kingambit|fallen2|[silent]\n|switch|p2a: Iron Valiant|Iron Valiant|100\/100\n|-damage|p2a: Iron Valiant|94\/100|[from] Stealth Rock\n|-damage|p2a: Iron Valiant|82\/100|[from] Spikes\n|-enditem|p2a: Iron Valiant|Booster Energy\n|-activate|p2a: Iron Valiant|ability: Quark Drive|[fromitem]\n|-start|p2a: Iron Valiant|quarkdrivespe\n|switch|p1a: Great Tusk|Great Tusk|100\/100\n|-activate|p1a: Great Tusk|move: Sticky Web\n|-unboost|p1a: Great Tusk|spe|1\n|-enditem|p1a: Great Tusk|Booster Energy\n|-activate|p1a: Great Tusk|ability: Protosynthesis|[fromitem]\n|-start|p1a: Great Tusk|protosynthesisatk\n|\n|upkeep\n|turn|11\n|\n|t:|1700337863\n|-terastallize|p1a: Great Tusk|Poison\n|move|p2a: Iron Valiant|Moonblast|p1a: Great Tusk\n|-resisted|p1a: Great Tusk\n|-damage|p1a: Great Tusk|75\/100\n|-unboost|p1a: Great Tusk|spa|1\n|move|p1a: Great Tusk|Rapid Spin|p2a: Iron Valiant\n|-damage|p2a: Iron Valiant|58\/100\n|-boost|p1a: Great Tusk|spe|1\n|-sideend|p1: Nowelle|Sticky Web|[from] move: Rapid Spin|[of] p1a: Great Tusk\n|\n|upkeep\n|turn|12\n|\n|t:|1700337873\n|move|p2a: Iron Valiant|Knock Off|p1a: Great Tusk\n|-damage|p1a: Great Tusk|60\/100\n|move|p1a: Great Tusk|Earthquake|p2a: Iron Valiant\n|-damage|p2a: Iron Valiant|0 fnt\n|faint|p2a: Iron Valiant\n|-end|p2a: Iron Valiant|Quark Drive|[silent]\n|\n|upkeep\n|\n|t:|1700337884\n|switch|p2a: Ribombee|Ribombee, M|63\/100\n|-damage|p2a: Ribombee|38\/100|[from] Stealth Rock\n|-damage|p2a: Ribombee|26\/100|[from] Spikes\n|turn|13\n|\n|t:|1700337887\n|-terastallize|p2a: Ribombee|Ghost\n|move|p2a: Ribombee|Sticky Web|p1a: Great Tusk\n|-sidestart|p1: Nowelle|move: Sticky Web\n|move|p1a: Great Tusk|Rapid Spin|p2a: Ribombee\n|-immune|p2a: Ribombee\n|\n|upkeep\n|turn|14\n|\n|t:|1700337895\n|move|p2a: Ribombee|Stun Spore|p1a: Great Tusk\n|-status|p1a: Great Tusk|par\n|cant|p1a: Great Tusk|par\n|\n|upkeep\n|turn|15\n|\n|t:|1700337898\n|move|p2a: Ribombee|Moonblast|p1a: Great Tusk\n|-resisted|p1a: Great Tusk\n|-damage|p1a: Great Tusk|35\/100 par\n|move|p1a: Great Tusk|Earthquake|p2a: Ribombee\n|-damage|p2a: Ribombee|0 fnt\n|faint|p2a: Ribombee\n|\n|upkeep\n|\n|t:|1700337927\n|switch|p2a: Ogerpon|Ogerpon-Wellspring, F|100\/100\n|-damage|p2a: Ogerpon|88\/100|[from] Stealth Rock\n|-damage|p2a: Ogerpon|76\/100|[from] Spikes\n|turn|16\n|\n|t:|1700337936\n|move|p2a: Ogerpon|Ivy Cudgel|p1a: Great Tusk\n|-crit|p1a: Great Tusk\n|-damage|p1a: Great Tusk|0 fnt\n|faint|p1a: Great Tusk\n|-end|p1a: Great Tusk|Protosynthesis|[silent]\n|\n|upkeep\n|\n|t:|1700337943\n|switch|p1a: Gholdengo|Gholdengo|76\/100\n|-activate|p1a: Gholdengo|move: Sticky Web\n|-unboost|p1a: Gholdengo|spe|1\n|turn|17\n|\n|t:|1700337946\n|switch|p2a: Kingambit|Kingambit, M|59\/100\n|-damage|p2a: Kingambit|53\/100|[from] Stealth Rock\n|-damage|p2a: Kingambit|40\/100|[from] Spikes\n|-activate|p2a: Kingambit|ability: Supreme Overlord\n|-start|p2a: Kingambit|fallen4|[silent]\n|switch|p1a: Zapdos|Zapdos|18\/100\n|\n|upkeep\n|turn|18\n|\n|t:|1700337951\n|move|p2a: Kingambit|Sucker Punch|p1a: Zapdos\n|-damage|p1a: Zapdos|0 fnt\n|faint|p1a: Zapdos\n|\n|upkeep\n|\n|t:|1700337954\n|switch|p1a: Iron Valiant|Iron Valiant|100\/100\n|-activate|p1a: Iron Valiant|move: Sticky Web\n|-unboost|p1a: Iron Valiant|spe|1\n|-enditem|p1a: Iron Valiant|Booster Energy\n|-activate|p1a: Iron Valiant|ability: Quark Drive|[fromitem]\n|-start|p1a: Iron Valiant|quarkdriveatk\n|turn|19\n|\n|t:|1700337959\n|move|p1a: Iron Valiant|Close Combat|p2a: Kingambit\n|-supereffective|p2a: Kingambit\n|-damage|p2a: Kingambit|0 fnt\n|-unboost|p1a: Iron Valiant|def|1\n|-unboost|p1a: Iron Valiant|spd|1\n|faint|p2a: Kingambit\n|-end|p2a: Kingambit|fallen4|[silent]\n|\n|upkeep\n|\n|t:|1700337963\n|switch|p2a: Ogerpon|Ogerpon-Wellspring, F|76\/100\n|-damage|p2a: Ogerpon|64\/100|[from] Stealth Rock\n|-damage|p2a: Ogerpon|51\/100|[from] Spikes\n|turn|20\n|\n|t:|1700337967\n|move|p2a: Ogerpon|Swords Dance|p2a: Ogerpon\n|-boost|p2a: Ogerpon|atk|2\n|move|p1a: Iron Valiant|Close Combat|p2a: Ogerpon\n|-damage|p2a: Ogerpon|0 fnt\n|-unboost|p1a: Iron Valiant|def|1\n|-unboost|p1a: Iron Valiant|spd|1\n|faint|p2a: Ogerpon\n|\n|win|Nowelle\n","uploadtime":1700337968,"views":12,"p1id":"nowelle","p2id":"egjhonx","formatid":"gen9ou","rating":0,"private":0,"password":""}