{"id":"smogtours-gen9ou-732928","p1":"PrinceOfAllTacos","p2":"skimmythegod","format":"[Gen 9] OU","log":"|inactive|Battle timer is ON: inactive players will automatically lose when time's up.\n|t:|1701185986\n|gametype|singles\n|player|p1|PrinceOfAllTacos|#rbtt6teammewtwo|\n|player|p2|skimmythegod|#uplximelmetal|\n|teamsize|p1|6\n|teamsize|p2|6\n|gen|9\n|tier|[Gen 9] OU\n|rule|Sleep Clause Mod: Limit one foe put to sleep\n|rule|Species Clause: Limit one of each Pok\u00e9mon\n|rule|OHKO Clause: OHKO moves are banned\n|rule|Evasion Items Clause: Evasion items are banned\n|rule|Evasion Moves Clause: Evasion moves are banned\n|rule|Endless Battle Clause: Forcing endless battles is banned\n|rule|HP Percentage Mod: HP is shown in percentages\n|clearpoke\n|poke|p1|Zapdos|\n|poke|p1|Weavile, F|\n|poke|p1|Slowking-Galar, M|\n|poke|p1|Great Tusk|\n|poke|p1|Rillaboom, M|\n|poke|p1|Heatran, M|\n|poke|p2|Great Tusk|\n|poke|p2|Kingambit, F|\n|poke|p2|Enamorus, F|\n|poke|p2|Gholdengo|\n|poke|p2|Ribombee, F|\n|poke|p2|Dragonite, F|\n|teampreview\n|inactive|skimmythegod also wants the timer to be on.\n|c|\u2606skimmythegod|hf\n|c|\u2606PrinceOfAllTacos|you too\n|inactive|skimmythegod has 270 seconds left.\n|inactive|skimmythegod has 240 seconds left.\n|\n|t:|1701186058\n|start\n|switch|p1a: Zapdos|Zapdos|100\/100\n|switch|p2a: Bebe|Enamorus, F|100\/100\n|turn|1\n|inactive|skimmythegod has 270 seconds left.\n|inactive|skimmythegod has 240 seconds left.\n|\n|t:|1701186139\n|move|p2a: Bebe|Moonblast|p1a: Zapdos\n|-damage|p1a: Zapdos|41\/100\n|-damage|p2a: Bebe|91\/100|[from] item: Life Orb\n|move|p1a: Zapdos|Thunder Wave|p2a: Bebe\n|-status|p2a: Bebe|par\n|\n|upkeep\n|turn|2\n|\n|t:|1701186147\n|move|p1a: Zapdos|Volt Switch|p2a: Bebe\n|-supereffective|p2a: Bebe\n|-damage|p2a: Bebe|0 fnt\n|faint|p2a: Bebe\n|\n|t:|1701186154\n|switch|p1a: Rillaboom|Rillaboom, M|100\/100|[from] Volt Switch\n|-fieldstart|move: Grassy Terrain|[from] ability: Grassy Surge|[of] p1a: Rillaboom\n|\n|upkeep\n|\n|t:|1701186157\n|switch|p2a: Bunny|Ribombee, F|100\/100\n|turn|3\n|\n|t:|1701186162\n|move|p2a: Bunny|Sticky Web|p1a: Rillaboom\n|-sidestart|p1: PrinceOfAllTacos|move: Sticky Web\n|move|p1a: Rillaboom|U-turn|p2a: Bunny\n|-resisted|p2a: Bunny\n|-damage|p2a: Bunny|61\/100\n|\n|t:|1701186169\n|switch|p1a: Heatran|Heatran, M|100\/100|[from] U-turn\n|-activate|p1a: Heatran|move: Sticky Web\n|-unboost|p1a: Heatran|spe|1\n|\n|-heal|p2a: Bunny|67\/100|[from] Grassy Terrain\n|upkeep\n|turn|4\n|\n|t:|1701186174\n|move|p2a: Bunny|Stun Spore|p1a: Heatran\n|-status|p1a: Heatran|par\n|move|p1a: Heatran|Will-O-Wisp|p2a: Bunny\n|-status|p2a: Bunny|brn\n|\n|-heal|p2a: Bunny|73\/100 brn|[from] Grassy Terrain\n|-damage|p2a: Bunny|67\/100 brn|[from] brn\n|upkeep\n|turn|5\n|\n|t:|1701186186\n|switch|p2a: Balvin|Dragonite, F|100\/100\n|move|p1a: Heatran|Will-O-Wisp|p2a: Balvin\n|-status|p2a: Balvin|brn\n|\n|-damage|p2a: Balvin|94\/100 brn|[from] brn\n|upkeep\n|turn|6\n|\n|t:|1701186195\n|switch|p1a: Slowking|Slowking-Galar, M|100\/100\n|move|p2a: Balvin|Dragon Dance|p2a: Balvin\n|-boost|p2a: Balvin|atk|1\n|-boost|p2a: Balvin|spe|1\n|\n|-damage|p2a: Balvin|88\/100 brn|[from] brn\n|-fieldend|move: Grassy Terrain\n|upkeep\n|turn|7\n|\n|t:|1701186205\n|move|p2a: Balvin|Outrage|p1a: Slowking\n|-damage|p1a: Slowking|30\/100\n|-damage|p2a: Balvin|78\/100 brn|[from] item: Life Orb\n|move|p1a: Slowking|Chilly Reception|p1a: Slowking\n|-weather|Snow\n|\n|t:|1701186208\n|switch|p1a: Great Tusk|Great Tusk|100\/100|[from] Chilly Reception\n|-activate|p1a: Great Tusk|move: Sticky Web\n|-unboost|p1a: Great Tusk|spe|1\n|\n|-weather|Snow|[upkeep]\n|-damage|p2a: Balvin|72\/100 brn|[from] brn\n|upkeep\n|turn|8\n|\n|t:|1701186210\n|move|p2a: Balvin|Outrage|p1a: Great Tusk|[from]lockedmove\n|-damage|p1a: Great Tusk|52\/100\n|-damage|p2a: Balvin|62\/100 brn|[from] item: Life Orb\n|-start|p2a: Balvin|confusion|[fatigue]\n|move|p1a: Great Tusk|Rapid Spin|p2a: Balvin\n|-damage|p2a: Balvin|43\/100 brn\n|-boost|p1a: Great Tusk|spe|1\n|-sideend|p1: PrinceOfAllTacos|Sticky Web|[from] move: Rapid Spin|[of] p1a: Great Tusk\n|\n|-weather|Snow|[upkeep]\n|-heal|p1a: Great Tusk|58\/100|[from] item: Leftovers\n|-damage|p2a: Balvin|37\/100 brn|[from] brn\n|upkeep\n|turn|9\n|\n|t:|1701186214\n|-activate|p2a: Balvin|confusion\n|move|p2a: Balvin|Outrage|p1a: Great Tusk\n|-damage|p1a: Great Tusk|5\/100\n|-damage|p2a: Balvin|27\/100 brn|[from] item: Life Orb\n|move|p1a: Great Tusk|Rapid Spin|p2a: Balvin\n|-damage|p2a: Balvin|8\/100 brn\n|-boost|p1a: Great Tusk|spe|1\n|\n|-weather|Snow|[upkeep]\n|-heal|p1a: Great Tusk|12\/100|[from] item: Leftovers\n|-damage|p2a: Balvin|2\/100 brn|[from] brn\n|upkeep\n|turn|10\n|\n|t:|1701186218\n|move|p1a: Great Tusk|Ice Spinner|p2a: Balvin\n|-supereffective|p2a: Balvin\n|-damage|p2a: Balvin|0 fnt\n|faint|p2a: Balvin\n|\n|-weather|Snow|[upkeep]\n|-heal|p1a: Great Tusk|18\/100|[from] item: Leftovers\n|upkeep\n|\n|t:|1701186226\n|switch|p2a: Bunny|Ribombee, F|67\/100 brn\n|turn|11\n|\n|t:|1701186245\n|-end|p1a: Great Tusk|Protosynthesis|[silent]\n|switch|p1a: Heatran|Heatran, M|100\/100 par\n|move|p2a: Bunny|Moonblast|p1a: Heatran\n|-resisted|p1a: Heatran\n|-damage|p1a: Heatran|95\/100 par\n|-unboost|p1a: Heatran|spa|1\n|\n|-weather|none\n|-heal|p1a: Heatran|100\/100 par|[from] item: Leftovers\n|-damage|p2a: Bunny|61\/100 brn|[from] brn\n|upkeep\n|turn|12\n|\n|t:|1701186253\n|switch|p1a: Great Tusk|Great Tusk|18\/100\n|move|p2a: Bunny|Sticky Web|p1a: Great Tusk\n|-sidestart|p1: PrinceOfAllTacos|move: Sticky Web\n|\n|-heal|p1a: Great Tusk|24\/100|[from] item: Leftovers\n|-damage|p2a: Bunny|55\/100 brn|[from] brn\n|upkeep\n|turn|13\n|\n|t:|1701186257\n|-end|p1a: Great Tusk|Protosynthesis|[silent]\n|switch|p1a: Heatran|Heatran, M|100\/100 par\n|-activate|p1a: Heatran|move: Sticky Web\n|-unboost|p1a: Heatran|spe|1\n|move|p2a: Bunny|Psychic|p1a: Heatran\n|-resisted|p1a: Heatran\n|-crit|p1a: Heatran\n|-damage|p1a: Heatran|89\/100 par\n|\n|-heal|p1a: Heatran|95\/100 par|[from] item: Leftovers\n|-damage|p2a: Bunny|49\/100 brn|[from] brn\n|upkeep\n|turn|14\n|\n|t:|1701186262\n|move|p2a: Bunny|Psychic|p1a: Heatran\n|-resisted|p1a: Heatran\n|-damage|p1a: Heatran|86\/100 par\n|move|p1a: Heatran|Magma Storm|p2a: Bunny\n|-supereffective|p2a: Bunny\n|-damage|p2a: Bunny|0 fnt\n|faint|p2a: Bunny\n|\n|-heal|p1a: Heatran|92\/100 par|[from] item: Leftovers\n|upkeep\n|\n|t:|1701186289\n|switch|p2a: Yankee|Great Tusk|100\/100\n|-enditem|p2a: Yankee|Booster Energy\n|-activate|p2a: Yankee|ability: Protosynthesis|[fromitem]\n|-start|p2a: Yankee|protosynthesisatk\n|turn|15\n|\n|t:|1701186295\n|switch|p1a: Rillaboom|Rillaboom, M|100\/100\n|-activate|p1a: Rillaboom|move: Sticky Web\n|-unboost|p1a: Rillaboom|spe|1\n|-fieldstart|move: Grassy Terrain|[from] ability: Grassy Surge|[of] p1a: Rillaboom\n|-terastallize|p2a: Yankee|Fire\n|move|p2a: Yankee|Bulk Up|p2a: Yankee\n|-boost|p2a: Yankee|atk|1\n|-boost|p2a: Yankee|def|1\n|\n|upkeep\n|turn|16\n|\n|t:|1701186307\n|move|p2a: Yankee|Rapid Spin|p1a: Rillaboom\n|-damage|p1a: Rillaboom|64\/100\n|-boost|p2a: Yankee|spe|1\n|move|p1a: Rillaboom|U-turn|p2a: Yankee\n|-resisted|p2a: Yankee\n|-damage|p2a: Yankee|91\/100\n|\n|t:|1701186310\n|switch|p1a: Zapdos|Zapdos|41\/100|[from] U-turn\n|\n|-heal|p2a: Yankee|97\/100|[from] Grassy Terrain\n|upkeep\n|turn|17\n|\n|t:|1701186320\n|switch|p1a: Rillaboom|Rillaboom, M|64\/100\n|-activate|p1a: Rillaboom|move: Sticky Web\n|-unboost|p1a: Rillaboom|spe|1\n|move|p2a: Yankee|Ice Spinner|p1a: Rillaboom\n|-supereffective|p1a: Rillaboom\n|-damage|p1a: Rillaboom|0 fnt\n|-fieldend|move: Grassy Terrain\n|faint|p1a: Rillaboom\n|\n|upkeep\n|\n|t:|1701186332\n|switch|p1a: Heatran|Heatran, M|92\/100 par\n|-activate|p1a: Heatran|move: Sticky Web\n|-unboost|p1a: Heatran|spe|1\n|turn|18\n|\n|t:|1701186341\n|-terastallize|p1a: Heatran|Grass\n|move|p2a: Yankee|Ice Spinner|p1a: Heatran\n|-supereffective|p1a: Heatran\n|-damage|p1a: Heatran|4\/100 par\n|move|p1a: Heatran|Earth Power|p2a: Yankee\n|-supereffective|p2a: Yankee\n|-damage|p2a: Yankee|23\/100\n|\n|-heal|p1a: Heatran|10\/100 par|[from] item: Leftovers\n|upkeep\n|turn|19\n|\n|t:|1701186354\n|switch|p1a: Zapdos|Zapdos|41\/100\n|move|p2a: Yankee|Ice Spinner|p1a: Zapdos\n|-supereffective|p1a: Zapdos\n|-damage|p1a: Zapdos|0 fnt\n|-status|p2a: Yankee|par|[from] ability: Static|[of] p1a: Zapdos\n|faint|p1a: Zapdos\n|\n|upkeep\n|\n|t:|1701186365\n|switch|p1a: Weavile|Weavile, F|100\/100\n|-ability|p1a: Weavile|Pressure\n|turn|20\n|\n|t:|1701186369\n|move|p1a: Weavile|Knock Off|p2a: Yankee\n|-damage|p2a: Yankee|8\/100 par\n|move|p2a: Yankee|Earthquake|p1a: Weavile\n|-damage|p1a: Weavile|0 fnt\n|faint|p1a: Weavile\n|\n|upkeep\n|\n|t:|1701186374\n|switch|p1a: Great Tusk|Great Tusk|24\/100\n|-activate|p1a: Great Tusk|move: Sticky Web\n|-unboost|p1a: Great Tusk|spe|1\n|turn|21\n|\n|t:|1701186377\n|move|p2a: Yankee|Earthquake|p1a: Great Tusk\n|-damage|p1a: Great Tusk|0 fnt\n|faint|p1a: Great Tusk\n|-end|p1a: Great Tusk|Protosynthesis|[silent]\n|\n|upkeep\n|c|\u2606PrinceOfAllTacos|f i threw lol\n|c|\u2606PrinceOfAllTacos|gg\n|c|\u2606PrinceOfAllTacos|gl with the rest\n|c|\u2606skimmythegod|ggs\n|c|\u2606skimmythegod|ty\n|inactive|PrinceOfAllTacos disconnected and has 300 seconds to reconnect!\n|player|p1|\n|c|+Piyush21|Thx\n|inactive|PrinceOfAllTacos has 270 seconds to reconnect!\n|inactive|PrinceOfAllTacos reconnected and has 285 seconds left.\n|player|p1|PrinceOfAllTacos|#rbtt6teammewtwo\n|c|\u2606PrinceOfAllTacos|oh\n|-message|PrinceOfAllTacos forfeited.\n|\n|win|skimmythegod\n","uploadtime":1701186438,"views":53,"p1id":"princeofalltacos","p2id":"skimmythegod","formatid":"gen9ou","rating":0,"private":0,"password":""}