{"id":"smogtours-gen9ou-731537","p1":"myjava","p2":"origano123","format":"[Gen 9] OU","log":"|inactive|Battle timer is ON: inactive players will automatically lose when time's up.\n|t:|1700413633\n|gametype|singles\n|player|p1|myjava|#wcop2023india2|\n|player|p2|origano123|rollerskaterf|\n|teamsize|p1|6\n|teamsize|p2|6\n|gen|9\n|tier|[Gen 9] OU\n|rule|Sleep Clause Mod: Limit one foe put to sleep\n|rule|Species Clause: Limit one of each Pok\u00e9mon\n|rule|OHKO Clause: OHKO moves are banned\n|rule|Evasion Items Clause: Evasion items are banned\n|rule|Evasion Moves Clause: Evasion moves are banned\n|rule|Endless Battle Clause: Forcing endless battles is banned\n|rule|HP Percentage Mod: HP is shown in percentages\n|clearpoke\n|poke|p1|Cinderace, M|\n|poke|p1|Great Tusk|\n|poke|p1|Enamorus, F|\n|poke|p1|Kingambit, F|\n|poke|p1|Amoonguss, M|\n|poke|p1|Garganacl, F|\n|poke|p2|Dragonite, F|\n|poke|p2|Zapdos|\n|poke|p2|Clefable, F|\n|poke|p2|Dragapult, F|\n|poke|p2|Slowking-Galar, F|\n|poke|p2|Great Tusk|\n|teampreview\n|c|\u2606myjava|hf\n|c|\u2606origano123|hf\n|inactive|myjava has 270 seconds left.\n|inactive|origano123 has 270 seconds left.\n|inactive|myjava has 240 seconds left.\n|inactive|origano123 has 240 seconds left.\n|c|+paolode99|Granchioooo \ud83e\udd79\n|c|\u2606origano123|bella\n|inactive|myjava has 210 seconds left.\n|inactive|origano123 has 210 seconds left.\n|\n|t:|1700413739\n|start\n|switch|p1a: Garganacl|Garganacl, F|100\/100\n|switch|p2a: Slowking|Slowking-Galar, F|100\/100\n|turn|1\n|inactive|myjava has 270 seconds left.\n|\n|t:|1700413759\n|move|p1a: Garganacl|Salt Cure|p2a: Slowking\n|-damage|p2a: Slowking|89\/100\n|-start|p2a: Slowking|Salt Cure\n|move|p2a: Slowking|Future Sight|p1a: Garganacl\n|-start|p2a: Slowking|move: Future Sight\n|\n|-damage|p2a: Slowking|76\/100|[from] Salt Cure\n|upkeep\n|turn|2\n|inactive|origano123 has 270 seconds left.\n|\n|t:|1700413765\n|switch|p2a: Great Tusk|Great Tusk|100\/100\n|move|p1a: Garganacl|Iron Defense|p1a: Garganacl\n|-boost|p1a: Garganacl|def|2\n|\n|upkeep\n|turn|3\n|inactive|myjava has 270 seconds left.\n|inactive|myjava has 240 seconds left.\n|inactive|myjava has 210 seconds left.\n|\n|t:|1700413853\n|move|p2a: Great Tusk|Knock Off|p1a: Garganacl\n|-damage|p1a: Garganacl|91\/100\n|-enditem|p1a: Garganacl|Leftovers|[from] move: Knock Off|[of] p2a: Great Tusk\n|move|p1a: Garganacl|Iron Defense|p1a: Garganacl\n|-boost|p1a: Garganacl|def|2\n|\n|-end|p1a: Garganacl|move: Future Sight\n|-damage|p1a: Garganacl|61\/100\n|upkeep\n|turn|4\n|c|+s7a|lets go origano123\n|c|\u2606origano123|bella\n|\n|t:|1700413865\n|-end|p2a: Great Tusk|Protosynthesis|[silent]\n|switch|p2a: Slowking|Slowking-Galar, F|100\/100\n|move|p1a: Garganacl|Recover|p1a: Garganacl\n|-heal|p1a: Garganacl|100\/100\n|\n|upkeep\n|turn|5\n|inactive|myjava has 210 seconds left.\n|\n|t:|1700413879\n|move|p1a: Garganacl|Salt Cure|p2a: Slowking\n|-damage|p2a: Slowking|89\/100\n|-start|p2a: Slowking|Salt Cure\n|move|p2a: Slowking|Future Sight|p1a: Garganacl\n|-start|p2a: Slowking|move: Future Sight\n|\n|-damage|p2a: Slowking|76\/100|[from] Salt Cure\n|upkeep\n|turn|6\n|\n|t:|1700413883\n|move|p1a: Garganacl|Body Press|p2a: Slowking\n|-resisted|p2a: Slowking\n|-damage|p2a: Slowking|61\/100\n|move|p2a: Slowking|Surf|p1a: Garganacl\n|-supereffective|p1a: Garganacl\n|-damage|p1a: Garganacl|69\/100\n|\n|-damage|p2a: Slowking|49\/100|[from] Salt Cure\n|upkeep\n|turn|7\n|\n|t:|1700413891\n|move|p1a: Garganacl|Recover|p1a: Garganacl\n|-heal|p1a: Garganacl|100\/100\n|move|p2a: Slowking|Surf|p1a: Garganacl\n|-supereffective|p1a: Garganacl\n|-damage|p1a: Garganacl|67\/100\n|\n|-end|p1a: Garganacl|move: Future Sight\n|-damage|p1a: Garganacl|36\/100\n|-damage|p2a: Slowking|36\/100|[from] Salt Cure\n|upkeep\n|turn|8\n|\n|t:|1700413898\n|move|p1a: Garganacl|Recover|p1a: Garganacl\n|-heal|p1a: Garganacl|86\/100\n|move|p2a: Slowking|Future Sight|p1a: Garganacl\n|-start|p2a: Slowking|move: Future Sight\n|\n|-damage|p2a: Slowking|24\/100|[from] Salt Cure\n|upkeep\n|turn|9\n|inactive|origano123 has 270 seconds left.\n|inactive|origano123 has 240 seconds left.\n|\n|t:|1700413982\n|switch|p2a: Clefable|Clefable, F|100\/100\n|move|p1a: Garganacl|Body Press|p2a: Clefable\n|-resisted|p2a: Clefable\n|-damage|p2a: Clefable|70\/100\n|\n|-heal|p2a: Clefable|76\/100|[from] item: Leftovers\n|upkeep\n|turn|10\n|\n|t:|1700413992\n|move|p2a: Clefable|Moonblast|p1a: Garganacl\n|-damage|p1a: Garganacl|63\/100\n|move|p1a: Garganacl|Salt Cure|p2a: Clefable\n|-damage|p2a: Clefable|64\/100\n|-start|p2a: Clefable|Salt Cure\n|\n|-end|p1a: Garganacl|move: Future Sight\n|-damage|p1a: Garganacl|30\/100\n|-heal|p2a: Clefable|70\/100|[from] item: Leftovers\n|upkeep\n|turn|11\n|\n|t:|1700414006\n|switch|p2a: Slowking|Slowking-Galar, F|57\/100\n|move|p1a: Garganacl|Recover|p1a: Garganacl\n|-heal|p1a: Garganacl|80\/100\n|\n|upkeep\n|turn|12\n|\n|t:|1700414010\n|move|p1a: Garganacl|Salt Cure|p2a: Slowking\n|-damage|p2a: Slowking|45\/100\n|-start|p2a: Slowking|Salt Cure\n|move|p2a: Slowking|Future Sight|p1a: Garganacl\n|-start|p2a: Slowking|move: Future Sight\n|\n|-damage|p2a: Slowking|32\/100|[from] Salt Cure\n|upkeep\n|turn|13\n|inactive|myjava has 240 seconds left.\n|\n|t:|1700414021\n|switch|p2a: Clefable|Clefable, F|70\/100\n|move|p1a: Garganacl|Body Press|p2a: Clefable\n|-resisted|p2a: Clefable\n|-damage|p2a: Clefable|39\/100\n|\n|-heal|p2a: Clefable|46\/100|[from] item: Leftovers\n|upkeep\n|turn|14\n|\n|t:|1700414027\n|switch|p1a: Kingambit|Kingambit, F|100\/100\n|move|p2a: Clefable|Moonlight|p2a: Clefable\n|-heal|p2a: Clefable|95\/100\n|\n|-end|p1a: Kingambit|move: Future Sight\n|-immune|p1a: Kingambit\n|-heal|p2a: Clefable|100\/100|[from] item: Leftovers\n|upkeep\n|turn|15\n|\n|t:|1700414039\n|switch|p2a: Zapdos|Zapdos|100\/100\n|move|p1a: Kingambit|Iron Head|p2a: Zapdos\n|-resisted|p2a: Zapdos\n|-damage|p2a: Zapdos|80\/100\n|\n|upkeep\n|turn|16\n|\n|t:|1700414054\n|move|p2a: Zapdos|Discharge|p1a: Kingambit\n|-damage|p1a: Kingambit|67\/100\n|move|p1a: Kingambit|Swords Dance|p1a: Kingambit\n|-boost|p1a: Kingambit|atk|2\n|\n|-heal|p1a: Kingambit|73\/100|[from] item: Leftovers\n|upkeep\n|turn|17\n|\n|t:|1700414066\n|switch|p2a: Great Tusk|Great Tusk|100\/100\n|move|p1a: Kingambit|Kowtow Cleave|p2a: Great Tusk\n|-resisted|p2a: Great Tusk\n|-damage|p2a: Great Tusk|73\/100\n|\n|-heal|p1a: Kingambit|79\/100|[from] item: Leftovers\n|upkeep\n|turn|18\n|\n|t:|1700414079\n|-end|p1a: Kingambit|fallenundefined|[silent]\n|switch|p1a: Amoonguss|Amoonguss, M|100\/100\n|move|p2a: Great Tusk|Earthquake|p1a: Amoonguss\n|-damage|p1a: Amoonguss|68\/100\n|\n|upkeep\n|turn|19\n|c|+Ciro\u273fNapoli|Quando \u00e9 grasso sto tusk\n|c|\u2606origano123|hai gi\u00e0 stancato\n|inactive|origano123 has 240 seconds left.\n|inactive|origano123 has 210 seconds left.\n|\n|t:|1700414140\n|-end|p2a: Great Tusk|Protosynthesis|[silent]\n|switch|p2a: Slowking|Slowking-Galar, F|66\/100\n|move|p1a: Amoonguss|Spore|p2a: Slowking\n|-status|p2a: Slowking|slp|[from] move: Spore\n|\n|upkeep\n|turn|20\n|inactive|origano123 has 210 seconds left.\n|inactive|origano123 has 180 seconds left.\n|\n|t:|1700414201\n|cant|p2a: Slowking|slp\n|move|p1a: Amoonguss|Sludge Bomb|p2a: Slowking\n|-resisted|p2a: Slowking\n|-damage|p2a: Slowking|60\/100 slp\n|\n|upkeep\n|turn|21\n|\n|t:|1700414212\n|-curestatus|p2a: Slowking|slp|[msg]\n|move|p2a: Slowking|Future Sight|p1a: Amoonguss\n|-start|p2a: Slowking|move: Future Sight\n|move|p1a: Amoonguss|Foul Play|p2a: Slowking\n|-supereffective|p2a: Slowking\n|-damage|p2a: Slowking|39\/100\n|\n|upkeep\n|turn|22\n|\n|t:|1700414224\n|move|p2a: Slowking|Flamethrower|p1a: Amoonguss\n|-supereffective|p1a: Amoonguss\n|-damage|p1a: Amoonguss|24\/100\n|move|p1a: Amoonguss|Spore|p2a: Slowking\n|-status|p2a: Slowking|slp|[from] move: Spore\n|\n|upkeep\n|turn|23\n|\n|t:|1700414233\n|switch|p2a: Great Tusk|Great Tusk|73\/100\n|switch|p1a: Kingambit|Kingambit, F|79\/100\n|\n|-end|p1a: Kingambit|move: Future Sight\n|-immune|p1a: Kingambit\n|-heal|p1a: Kingambit|85\/100|[from] item: Leftovers\n|upkeep\n|turn|24\n|\n|t:|1700414241\n|-end|p1a: Kingambit|fallenundefined|[silent]\n|switch|p1a: Amoonguss|Amoonguss, M|57\/100\n|move|p2a: Great Tusk|Ice Spinner|p1a: Amoonguss\n|-supereffective|p1a: Amoonguss\n|-damage|p1a: Amoonguss|26\/100\n|\n|upkeep\n|turn|25\n|\n|t:|1700414249\n|switch|p1a: Great Tusk|Great Tusk|100\/100\n|move|p2a: Great Tusk|Knock Off|p1a: Great Tusk\n|-resisted|p1a: Great Tusk\n|-damage|p1a: Great Tusk|94\/100\n|-enditem|p1a: Great Tusk|Leftovers|[from] move: Knock Off|[of] p2a: Great Tusk\n|\n|upkeep\n|turn|26\n|inactive|origano123 has 180 seconds left.\n|\n|t:|1700414265\n|move|p2a: Great Tusk|Ice Spinner|p1a: Great Tusk\n|-supereffective|p1a: Great Tusk\n|-damage|p1a: Great Tusk|72\/100\n|move|p1a: Great Tusk|Stealth Rock|p2a: Great Tusk\n|-sidestart|p2: origano123|move: Stealth Rock\n|\n|upkeep\n|turn|27\n|\n|t:|1700414272\n|move|p2a: Great Tusk|Rapid Spin|p1a: Great Tusk\n|-damage|p1a: Great Tusk|65\/100\n|-boost|p2a: Great Tusk|spe|1\n|-sideend|p2: origano123|Stealth Rock|[from] move: Rapid Spin|[of] p2a: Great Tusk\n|move|p1a: Great Tusk|Earthquake|p2a: Great Tusk\n|-damage|p2a: Great Tusk|49\/100\n|\n|upkeep\n|turn|28\n|inactive|origano123 has 180 seconds left.\n|\n|t:|1700414282\n|-end|p2a: Great Tusk|Protosynthesis|[silent]\n|switch|p2a: Clefable|Clefable, F|100\/100\n|move|p1a: Great Tusk|Earthquake|p2a: Clefable\n|-damage|p2a: Clefable|60\/100\n|\n|-heal|p2a: Clefable|66\/100|[from] item: Leftovers\n|upkeep\n|turn|29\n|inactive|origano123 has 180 seconds left.\n|inactive|myjava has 270 seconds left.\n|inactive|origano123 has 150 seconds left.\n|inactive|myjava has 240 seconds left.\n|\n|t:|1700414353\n|-end|p1a: Great Tusk|Protosynthesis|[silent]\n|switch|p1a: Kingambit|Kingambit, F|85\/100\n|move|p2a: Clefable|Moonblast|p1a: Kingambit\n|-damage|p1a: Kingambit|57\/100\n|\n|-heal|p2a: Clefable|72\/100|[from] item: Leftovers\n|-heal|p1a: Kingambit|63\/100|[from] item: Leftovers\n|upkeep\n|turn|30\n|inactive|myjava has 240 seconds left.\n|inactive|origano123 has 150 seconds left.\n|\n|t:|1700414371\n|switch|p2a: Zapdos|Zapdos|80\/100\n|-end|p1a: Kingambit|fallenundefined|[silent]\n|switch|p1a: Enamorus|Enamorus, F|100\/100\n|\n|upkeep\n|turn|31\n|inactive|origano123 has 150 seconds left.\n|\n|t:|1700414389\n|-terastallize|p1a: Enamorus|Fairy\n|move|p1a: Enamorus|Moonblast|p2a: Zapdos\n|-damage|p2a: Zapdos|0 fnt\n|faint|p2a: Zapdos\n|\n|upkeep\n|inactive|origano123 has 120 seconds left.\n|\n|t:|1700414429\n|switch|p2a: Dragapult|Dragapult, F|100\/100\n|turn|32\n|\n|t:|1700414435\n|switch|p1a: Garganacl|Garganacl, F|80\/100\n|move|p2a: Dragapult|Thunder Wave|p1a: Garganacl\n|-immune|p1a: Garganacl|[from] ability: Purifying Salt\n|\n|upkeep\n|turn|33\n|\n|t:|1700414442\n|switch|p1a: Enamorus|Enamorus, F, tera:Fairy|100\/100\n|move|p2a: Dragapult|Thunder Wave|p1a: Enamorus\n|-status|p1a: Enamorus|par\n|\n|upkeep\n|turn|34\n|inactive|origano123 has 120 seconds left.\n|\n|t:|1700414461\n|move|p2a: Dragapult|Hex|p1a: Enamorus\n|-damage|p1a: Enamorus|25\/100 par\n|cant|p1a: Enamorus|par\n|\n|upkeep\n|turn|35\n|inactive|origano123 has 120 seconds left.\n|\n|t:|1700414481\n|switch|p2a: Slowking|Slowking-Galar, F|72\/100 slp\n|switch|p1a: Garganacl|Garganacl, F|80\/100\n|\n|upkeep\n|turn|36\n|\n|t:|1700414491\n|switch|p1a: Kingambit|Kingambit, F|63\/100\n|switch|p2a: Clefable|Clefable, F|72\/100\n|\n|-heal|p2a: Clefable|78\/100|[from] item: Leftovers\n|-heal|p1a: Kingambit|69\/100|[from] item: Leftovers\n|upkeep\n|turn|37\n|\n|t:|1700414504\n|switch|p2a: Great Tusk|Great Tusk|49\/100\n|move|p1a: Kingambit|Iron Head|p2a: Great Tusk\n|-damage|p2a: Great Tusk|22\/100\n|\n|-heal|p1a: Kingambit|75\/100|[from] item: Leftovers\n|upkeep\n|turn|38\n|\n|t:|1700414515\n|-end|p1a: Kingambit|fallenundefined|[silent]\n|switch|p1a: Great Tusk|Great Tusk|65\/100\n|move|p2a: Great Tusk|Earthquake|p1a: Great Tusk\n|-damage|p1a: Great Tusk|44\/100\n|\n|upkeep\n|turn|39\n|\n|t:|1700414521\n|move|p2a: Great Tusk|Ice Spinner|p1a: Great Tusk\n|-supereffective|p1a: Great Tusk\n|-damage|p1a: Great Tusk|24\/100\n|move|p1a: Great Tusk|Earthquake|p2a: Great Tusk\n|-crit|p2a: Great Tusk\n|-damage|p2a: Great Tusk|0 fnt\n|faint|p2a: Great Tusk\n|-end|p2a: Great Tusk|Protosynthesis|[silent]\n|\n|upkeep\n|\n|t:|1700414534\n|switch|p2a: Dragapult|Dragapult, F|100\/100\n|turn|40\n|\n|t:|1700414541\n|-end|p1a: Great Tusk|Protosynthesis|[silent]\n|switch|p1a: Garganacl|Garganacl, F|80\/100\n|move|p2a: Dragapult|Draco Meteor|p1a: Garganacl\n|-damage|p1a: Garganacl|43\/100\n|-unboost|p2a: Dragapult|spa|2\n|\n|upkeep\n|turn|41\n|inactive|origano123 has 120 seconds left.\n|\n|t:|1700414551\n|switch|p2a: Clefable|Clefable, F|78\/100\n|move|p1a: Garganacl|Recover|p1a: Garganacl\n|-heal|p1a: Garganacl|93\/100\n|\n|-heal|p2a: Clefable|84\/100|[from] item: Leftovers\n|upkeep\n|turn|42\n|inactive|origano123 has 120 seconds left.\n|\n|t:|1700414562\n|switch|p1a: Amoonguss|Amoonguss, M|59\/100\n|move|p2a: Clefable|Stealth Rock|p1a: Amoonguss\n|-sidestart|p1: myjava|move: Stealth Rock\n|\n|-heal|p2a: Clefable|90\/100|[from] item: Leftovers\n|upkeep\n|turn|43\n|inactive|origano123 has 120 seconds left.\n|\n|t:|1700414569\n|switch|p1a: Cinderace|Cinderace, M|100\/100\n|move|p2a: Clefable|Knock Off|p1a: Cinderace\n|-damage|p1a: Cinderace|80\/100\n|-enditem|p1a: Cinderace|Heavy-Duty Boots|[from] move: Knock Off|[of] p2a: Clefable\n|\n|-heal|p2a: Clefable|96\/100|[from] item: Leftovers\n|upkeep\n|turn|44\n|\n|t:|1700414577\n|switch|p2a: Dragapult|Dragapult, F|100\/100\n|move|p1a: Cinderace|Court Change|p1a: Cinderace\n|-start|p1a: Cinderace|typechange|Normal|[from] ability: Libero\n|-swapsideconditions\n|-activate|p1a: Cinderace|move: Court Change\n|\n|upkeep\n|turn|45\n|inactive|origano123 has 120 seconds left.\n|\n|t:|1700414599\n|switch|p1a: Garganacl|Garganacl, F|93\/100\n|move|p2a: Dragapult|Hex|p1a: Garganacl\n|-damage|p1a: Garganacl|83\/100\n|\n|upkeep\n|turn|46\n|inactive|origano123 has 120 seconds left.\n|\n|t:|1700414604\n|move|p2a: Dragapult|Draco Meteor|p1a: Garganacl\n|-damage|p1a: Garganacl|46\/100\n|-unboost|p2a: Dragapult|spa|2\n|move|p1a: Garganacl|Salt Cure|p2a: Dragapult\n|-damage|p2a: Dragapult|81\/100\n|-start|p2a: Dragapult|Salt Cure\n|\n|-damage|p2a: Dragapult|69\/100|[from] Salt Cure\n|upkeep\n|turn|47\n|\n|t:|1700414611\n|switch|p2a: Clefable|Clefable, F|96\/100\n|move|p1a: Garganacl|Recover|p1a: Garganacl\n|-heal|p1a: Garganacl|96\/100\n|\n|-heal|p2a: Clefable|100\/100|[from] item: Leftovers\n|upkeep\n|turn|48\n|\n|t:|1700414619\n|switch|p1a: Cinderace|Cinderace, M|80\/100\n|move|p2a: Clefable|Stealth Rock|p1a: Cinderace\n|-sidestart|p1: myjava|move: Stealth Rock\n|\n|upkeep\n|turn|49\n|\n|t:|1700414626\n|switch|p2a: Dragapult|Dragapult, F|69\/100\n|move|p1a: Cinderace|Pyro Ball|p2a: Dragapult\n|-resisted|p2a: Dragapult\n|-damage|p2a: Dragapult|33\/100\n|\n|upkeep\n|turn|50\n|\n|t:|1700414635\n|switch|p1a: Enamorus|Enamorus, F, tera:Fairy|25\/100 par\n|-damage|p1a: Enamorus|12\/100 par|[from] Stealth Rock\n|move|p2a: Dragapult|Thunder Wave|p1a: Enamorus\n|-fail|p1a: Enamorus|par\n|\n|upkeep\n|turn|51\n|\n|t:|1700414642\n|switch|p1a: Garganacl|Garganacl, F|96\/100\n|-damage|p1a: Garganacl|84\/100|[from] Stealth Rock\n|move|p2a: Dragapult|Hex|p1a: Garganacl\n|-damage|p1a: Garganacl|74\/100\n|\n|upkeep\n|turn|52\n|\n|t:|1700414648\n|switch|p2a: Clefable|Clefable, F|100\/100\n|move|p1a: Garganacl|Recover|p1a: Garganacl\n|-heal|p1a: Garganacl|100\/100\n|\n|upkeep\n|turn|53\n|\n|t:|1700414657\n|switch|p2a: Dragapult|Dragapult, F|33\/100\n|switch|p1a: Cinderace|Cinderace, M|80\/100\n|-damage|p1a: Cinderace|55\/100|[from] Stealth Rock\n|\n|upkeep\n|turn|54\n|\n|t:|1700414668\n|switch|p1a: Enamorus|Enamorus, F, tera:Fairy|12\/100 par\n|-damage|p1a: Enamorus|0 fnt|[from] Stealth Rock\n|faint|p1a: Enamorus\n|move|p2a: Dragapult|Draco Meteor|p1: Enamorus|[notarget]\n|-fail|p2a: Dragapult\n|\n|upkeep\n|\n|t:|1700414673\n|switch|p1a: Garganacl|Garganacl, F|100\/100\n|-damage|p1a: Garganacl|88\/100|[from] Stealth Rock\n|turn|55\n|inactive|origano123 has 180 seconds left.\n|inactive|origano123 has 150 seconds left.\n|\n|t:|1700414735\n|switch|p2a: Clefable|Clefable, F|100\/100\n|move|p1a: Garganacl|Salt Cure|p2a: Clefable\n|-damage|p2a: Clefable|88\/100\n|-start|p2a: Clefable|Salt Cure\n|\n|-heal|p2a: Clefable|94\/100|[from] item: Leftovers\n|upkeep\n|turn|56\n|inactive|origano123 has 120 seconds left.\n|inactive|myjava has 270 seconds left.\n|inactive|myjava has 240 seconds left.\n|inactive|myjava has 210 seconds left.\n|\n|t:|1700414834\n|switch|p1a: Great Tusk|Great Tusk|24\/100\n|-damage|p1a: Great Tusk|21\/100|[from] Stealth Rock\n|move|p2a: Clefable|Moonblast|p1a: Great Tusk\n|-supereffective|p1a: Great Tusk\n|-damage|p1a: Great Tusk|0 fnt\n|faint|p1a: Great Tusk\n|-end|p1a: Great Tusk|Protosynthesis|[silent]\n|\n|-heal|p2a: Clefable|100\/100|[from] item: Leftovers\n|upkeep\n|inactive|myjava has 210 seconds left.\n|inactive|myjava has 180 seconds left.\n|\n|t:|1700414896\n|switch|p1a: Kingambit|Kingambit, F|75\/100\n|-damage|p1a: Kingambit|69\/100|[from] Stealth Rock\n|-activate|p1a: Kingambit|ability: Supreme Overlord\n|-start|p1a: Kingambit|fallen2|[silent]\n|turn|57\n|inactive|origano123 has 120 seconds left.\n|\n|t:|1700414924\n|switch|p2a: Dragonite|Dragonite, F|100\/100\n|move|p1a: Kingambit|Iron Head|p2a: Dragonite\n|-damage|p2a: Dragonite|74\/100\n|\n|-heal|p1a: Kingambit|75\/100|[from] item: Leftovers\n|upkeep\n|turn|58\n|\n|t:|1700414943\n|-end|p1a: Kingambit|fallen2|[silent]\n|switch|p1a: Amoonguss|Amoonguss, M|93\/100\n|move|p2a: Dragonite|Roost|p2a: Dragonite\n|-heal|p2a: Dragonite|100\/100\n|-singleturn|p2a: Dragonite|move: Roost\n|\n|upkeep\n|turn|59\n|inactive|origano123 has 90 seconds left.\n|inactive|origano123 has 60 seconds left.\n|\n|t:|1700414995\n|switch|p2a: Slowking|Slowking-Galar, F|100\/100 slp\n|-damage|p2a: Slowking|88\/100 slp|[from] Stealth Rock\n|move|p1a: Amoonguss|Foul Play|p2a: Slowking\n|-supereffective|p2a: Slowking\n|-damage|p2a: Slowking|69\/100 slp\n|\n|upkeep\n|turn|60\n|inactive|origano123 has 60 seconds left.\n|c|+Ciro\u273fNapoli|0\n|c|\u2606origano123|taci\n|\n|t:|1700415025\n|switch|p2a: Dragapult|Dragapult, F|33\/100\n|switch|p1a: Kingambit|Kingambit, F|75\/100\n|-damage|p1a: Kingambit|69\/100|[from] Stealth Rock\n|-activate|p1a: Kingambit|ability: Supreme Overlord\n|-start|p1a: Kingambit|fallen2|[silent]\n|\n|-heal|p1a: Kingambit|75\/100|[from] item: Leftovers\n|upkeep\n|turn|61\n|\n|t:|1700415042\n|-end|p1a: Kingambit|fallen2|[silent]\n|switch|p1a: Garganacl|Garganacl, F|88\/100\n|-damage|p1a: Garganacl|76\/100|[from] Stealth Rock\n|move|p2a: Dragapult|Draco Meteor|p1a: Garganacl\n|-damage|p1a: Garganacl|39\/100\n|-unboost|p2a: Dragapult|spa|2\n|\n|upkeep\n|turn|62\n|inactive|origano123 has 30 seconds left.\n|\n|t:|1700415063\n|switch|p2a: Clefable|Clefable, F|100\/100\n|move|p1a: Garganacl|Recover|p1a: Garganacl\n|-heal|p1a: Garganacl|89\/100\n|\n|upkeep\n|turn|63\n|inactive|origano123 has 30 seconds left.\n|\n|t:|1700415070\n|move|p2a: Clefable|Knock Off|p1a: Garganacl\n|-damage|p1a: Garganacl|82\/100\n|move|p1a: Garganacl|Salt Cure|p2a: Clefable\n|-damage|p2a: Clefable|89\/100\n|-start|p2a: Clefable|Salt Cure\n|\n|-heal|p2a: Clefable|95\/100|[from] item: Leftovers\n|upkeep\n|turn|64\n|\n|t:|1700415074\n|switch|p1a: Amoonguss|Amoonguss, M|100\/100\n|move|p2a: Clefable|Moonblast|p1a: Amoonguss\n|-resisted|p1a: Amoonguss\n|-damage|p1a: Amoonguss|85\/100\n|\n|-heal|p2a: Clefable|100\/100|[from] item: Leftovers\n|upkeep\n|turn|65\n|\n|t:|1700415079\n|move|p2a: Clefable|Knock Off|p1a: Amoonguss\n|-damage|p1a: Amoonguss|75\/100\n|-enditem|p1a: Amoonguss|Heavy-Duty Boots|[from] move: Knock Off|[of] p2a: Clefable\n|move|p1a: Amoonguss|Sludge Bomb|p2a: Clefable\n|-supereffective|p2a: Clefable\n|-damage|p2a: Clefable|58\/100\n|\n|-heal|p2a: Clefable|64\/100|[from] item: Leftovers\n|upkeep\n|turn|66\n|\n|t:|1700415089\n|move|p2a: Clefable|Moonlight|p2a: Clefable\n|-heal|p2a: Clefable|100\/100\n|move|p1a: Amoonguss|Sludge Bomb|p2a: Clefable\n|-supereffective|p2a: Clefable\n|-damage|p2a: Clefable|58\/100\n|-status|p2a: Clefable|psn\n|\n|-heal|p2a: Clefable|64\/100 psn|[from] item: Leftovers\n|upkeep\n|turn|67\n|\n|t:|1700415095\n|move|p2a: Clefable|Moonblast|p1a: Amoonguss\n|-resisted|p1a: Amoonguss\n|-damage|p1a: Amoonguss|61\/100\n|move|p1a: Amoonguss|Sludge Bomb|p2a: Clefable\n|-supereffective|p2a: Clefable\n|-damage|p2a: Clefable|23\/100 psn\n|\n|-heal|p2a: Clefable|29\/100 psn|[from] item: Leftovers\n|upkeep\n|turn|68\n|\n|t:|1700415099\n|move|p2a: Clefable|Moonlight|p2a: Clefable\n|-heal|p2a: Clefable|79\/100 psn\n|move|p1a: Amoonguss|Sludge Bomb|p2a: Clefable\n|-supereffective|p2a: Clefable\n|-damage|p2a: Clefable|35\/100 psn\n|\n|-heal|p2a: Clefable|41\/100 psn|[from] item: Leftovers\n|upkeep\n|turn|69\n|\n|t:|1700415105\n|switch|p1a: Kingambit|Kingambit, F|75\/100\n|-damage|p1a: Kingambit|69\/100|[from] Stealth Rock\n|-activate|p1a: Kingambit|ability: Supreme Overlord\n|-start|p1a: Kingambit|fallen2|[silent]\n|move|p2a: Clefable|Moonlight|p2a: Clefable\n|-heal|p2a: Clefable|91\/100 psn\n|\n|-heal|p2a: Clefable|97\/100 psn|[from] item: Leftovers\n|-heal|p1a: Kingambit|75\/100|[from] item: Leftovers\n|upkeep\n|turn|70\n|\n|t:|1700415126\n|switch|p2a: Dragonite|Dragonite, F|100\/100\n|move|p1a: Kingambit|Iron Head|p2a: Dragonite\n|-damage|p2a: Dragonite|73\/100\n|\n|-heal|p1a: Kingambit|81\/100|[from] item: Leftovers\n|upkeep\n|turn|71\n|inactive|myjava has 240 seconds left.\n|\n|t:|1700415134\n|-end|p1a: Kingambit|fallen2|[silent]\n|switch|p1a: Amoonguss|Amoonguss, M|94\/100\n|-damage|p1a: Amoonguss|82\/100|[from] Stealth Rock\n|move|p2a: Dragonite|Roost|p2a: Dragonite\n|-heal|p2a: Dragonite|100\/100\n|-singleturn|p2a: Dragonite|move: Roost\n|\n|upkeep\n|turn|72\n|\n|t:|1700415153\n|switch|p2a: Slowking|Slowking-Galar, F|100\/100 slp\n|-damage|p2a: Slowking|88\/100 slp|[from] Stealth Rock\n|move|p1a: Amoonguss|Foul Play|p2a: Slowking\n|-supereffective|p2a: Slowking\n|-damage|p2a: Slowking|70\/100 slp\n|\n|upkeep\n|turn|73\n|\n|t:|1700415163\n|cant|p2a: Slowking|slp\n|move|p1a: Amoonguss|Foul Play|p2a: Slowking\n|-supereffective|p2a: Slowking\n|-damage|p2a: Slowking|51\/100 slp\n|\n|upkeep\n|turn|74\n|\n|t:|1700415171\n|-curestatus|p2a: Slowking|slp|[msg]\n|move|p2a: Slowking|Flamethrower|p1a: Amoonguss\n|-supereffective|p1a: Amoonguss\n|-damage|p1a: Amoonguss|37\/100\n|move|p1a: Amoonguss|Spore|p2a: Slowking\n|-status|p2a: Slowking|slp|[from] move: Spore\n|\n|upkeep\n|turn|75\n|inactive|myjava has 270 seconds left.\n|\n|t:|1700415179\n|switch|p2a: Dragonite|Dragonite, F|100\/100\n|move|p1a: Amoonguss|Foul Play|p2a: Dragonite\n|-damage|p2a: Dragonite|81\/100\n|\n|upkeep\n|turn|76\n|\n|t:|1700415187\n|move|p2a: Dragonite|Earthquake|p1a: Amoonguss\n|-damage|p1a: Amoonguss|8\/100\n|move|p1a: Amoonguss|Sludge Bomb|p2a: Dragonite\n|-damage|p2a: Dragonite|56\/100\n|\n|upkeep\n|turn|77\n|inactive|myjava has 270 seconds left.\n|\n|t:|1700415214\n|move|p2a: Dragonite|Roost|p2a: Dragonite\n|-heal|p2a: Dragonite|100\/100\n|-singleturn|p2a: Dragonite|move: Roost\n|move|p1a: Amoonguss|Sludge Bomb|p2a: Dragonite\n|-damage|p2a: Dragonite|87\/100\n|\n|upkeep\n|turn|78\n|\n|t:|1700415225\n|switch|p1a: Cinderace|Cinderace, M|55\/100\n|-damage|p1a: Cinderace|30\/100|[from] Stealth Rock\n|move|p2a: Dragonite|Earthquake|p1a: Cinderace\n|-supereffective|p1a: Cinderace\n|-damage|p1a: Cinderace|0 fnt\n|faint|p1a: Cinderace\n|\n|upkeep\n|\n|t:|1700415231\n|switch|p1a: Garganacl|Garganacl, F|82\/100\n|-damage|p1a: Garganacl|69\/100|[from] Stealth Rock\n|turn|79\n|\n|t:|1700415241\n|switch|p2a: Clefable|Clefable, F|97\/100 psn\n|move|p1a: Garganacl|Salt Cure|p2a: Clefable\n|-damage|p2a: Clefable|85\/100 psn\n|-start|p2a: Clefable|Salt Cure\n|\n|-heal|p2a: Clefable|91\/100 psn|[from] item: Leftovers\n|upkeep\n|turn|80\n|\n|t:|1700415250\n|move|p2a: Clefable|Moonblast|p1a: Garganacl\n|-damage|p1a: Garganacl|49\/100\n|move|p1a: Garganacl|Salt Cure|p2a: Clefable\n|-damage|p2a: Clefable|77\/100 psn\n|\n|-heal|p2a: Clefable|83\/100 psn|[from] item: Leftovers\n|upkeep\n|turn|81\n|inactive|myjava has 270 seconds left.\n|inactive|origano123 has 120 seconds left.\n|\n|t:|1700415270\n|move|p2a: Clefable|Moonblast|p1a: Garganacl\n|-damage|p1a: Garganacl|28\/100\n|move|p1a: Garganacl|Salt Cure|p2a: Clefable\n|-damage|p2a: Clefable|71\/100 psn\n|\n|-heal|p2a: Clefable|77\/100 psn|[from] item: Leftovers\n|upkeep\n|turn|82\n|\n|t:|1700415278\n|switch|p1a: Amoonguss|Amoonguss, M|42\/100\n|-damage|p1a: Amoonguss|29\/100|[from] Stealth Rock\n|move|p2a: Clefable|Moonblast|p1a: Amoonguss\n|-resisted|p1a: Amoonguss\n|-damage|p1a: Amoonguss|16\/100\n|\n|-heal|p2a: Clefable|83\/100 psn|[from] item: Leftovers\n|upkeep\n|turn|83\n|inactive|origano123 has 120 seconds left.\n|\n|t:|1700415310\n|move|p2a: Clefable|Moonblast|p1a: Amoonguss\n|-resisted|p1a: Amoonguss\n|-damage|p1a: Amoonguss|1\/100\n|move|p1a: Amoonguss|Sludge Bomb|p2a: Clefable\n|-supereffective|p2a: Clefable\n|-damage|p2a: Clefable|38\/100 psn\n|\n|-heal|p2a: Clefable|44\/100 psn|[from] item: Leftovers\n|upkeep\n|turn|84\n|\n|t:|1700415316\n|switch|p1a: Garganacl|Garganacl, F|28\/100\n|-damage|p1a: Garganacl|15\/100|[from] Stealth Rock\n|move|p2a: Clefable|Moonlight|p2a: Clefable\n|-heal|p2a: Clefable|94\/100 psn\n|\n|-heal|p2a: Clefable|99\/100 psn|[from] item: Leftovers\n|upkeep\n|turn|85\n|inactive|origano123 has 120 seconds left.\n|\n|t:|1700415334\n|switch|p1a: Amoonguss|Amoonguss, M|35\/100\n|-damage|p1a: Amoonguss|22\/100|[from] Stealth Rock\n|move|p2a: Clefable|Moonblast|p1a: Amoonguss\n|-resisted|p1a: Amoonguss\n|-damage|p1a: Amoonguss|8\/100\n|-unboost|p1a: Amoonguss|spa|1\n|\n|-heal|p2a: Clefable|100\/100 psn|[from] item: Leftovers\n|upkeep\n|turn|86\n|inactive|origano123 has 90 seconds left.\n|\n|t:|1700415365\n|switch|p1a: Garganacl|Garganacl, F|15\/100\n|-damage|p1a: Garganacl|3\/100|[from] Stealth Rock\n|move|p2a: Clefable|Moonblast|p1a: Garganacl\n|-damage|p1a: Garganacl|0 fnt\n|faint|p1a: Garganacl\n|\n|upkeep\n|\n|t:|1700415367\n|switch|p1a: Kingambit|Kingambit, F|81\/100\n|-damage|p1a: Kingambit|75\/100|[from] Stealth Rock\n|-activate|p1a: Kingambit|ability: Supreme Overlord\n|-start|p1a: Kingambit|fallen4|[silent]\n|turn|87\n|\n|t:|1700415371\n|move|p2a: Clefable|Moonblast|p1a: Kingambit\n|-damage|p1a: Kingambit|47\/100\n|move|p1a: Kingambit|Swords Dance|p1a: Kingambit\n|-boost|p1a: Kingambit|atk|2\n|\n|-heal|p1a: Kingambit|53\/100|[from] item: Leftovers\n|upkeep\n|turn|88\n|\n|t:|1700415375\n|move|p2a: Clefable|Moonblast|p1a: Kingambit\n|-damage|p1a: Kingambit|24\/100\n|move|p1a: Kingambit|Iron Head|p2a: Clefable\n|-supereffective|p2a: Clefable\n|-damage|p2a: Clefable|0 fnt\n|faint|p2a: Clefable\n|\n|-heal|p1a: Kingambit|30\/100|[from] item: Leftovers\n|upkeep\n|\n|t:|1700415384\n|switch|p2a: Dragapult|Dragapult, F|33\/100\n|turn|89\n|inactive|origano123 has 120 seconds left.\n|\n|t:|1700415394\n|move|p1a: Kingambit|Sucker Punch||[still]\n|-fail|p1a: Kingambit\n|move|p2a: Dragapult|Will-O-Wisp|p1a: Kingambit\n|-status|p1a: Kingambit|brn\n|\n|-heal|p1a: Kingambit|36\/100 brn|[from] item: Leftovers\n|-damage|p1a: Kingambit|30\/100 brn|[from] brn\n|upkeep\n|turn|90\n|\n|t:|1700415402\n|move|p1a: Kingambit|Sucker Punch|p2a: Dragapult\n|-supereffective|p2a: Dragapult\n|-damage|p2a: Dragapult|0 fnt\n|faint|p2a: Dragapult\n|\n|-heal|p1a: Kingambit|36\/100 brn|[from] item: Leftovers\n|-damage|p1a: Kingambit|30\/100 brn|[from] brn\n|upkeep\n|\n|t:|1700415405\n|switch|p2a: Dragonite|Dragonite, F|87\/100\n|turn|91\n|\n|t:|1700415408\n|move|p1a: Kingambit|Sucker Punch|p2a: Dragonite\n|-crit|p2a: Dragonite\n|-damage|p2a: Dragonite|7\/100\n|move|p2a: Dragonite|Earthquake|p1a: Kingambit\n|-supereffective|p1a: Kingambit\n|-damage|p1a: Kingambit|0 fnt\n|faint|p1a: Kingambit\n|-end|p1a: Kingambit|fallen4|[silent]\n|\n|upkeep\n|\n|t:|1700415411\n|switch|p1a: Amoonguss|Amoonguss, M|41\/100\n|-damage|p1a: Amoonguss|29\/100|[from] Stealth Rock\n|turn|92\n|inactive|origano123 has 150 seconds left.\n|\n|t:|1700415417\n|-terastallize|p2a: Dragonite|Normal\n|move|p2a: Dragonite|Extreme Speed|p1a: Amoonguss\n|-damage|p1a: Amoonguss|0 fnt\n|faint|p1a: Amoonguss\n|\n|win|origano123\n|c|\u2606origano123|gg\n|c|+paolode99|GODO\n|c|\u2606myjava|gg\n","uploadtime":1700415418,"views":57,"p1id":"myjava","p2id":"origano123","formatid":"gen9ou","rating":0,"private":0,"password":""}