{"id":"smogtours-gen9ou-731735","p1":"Achimoo","p2":"DAHLI","format":"[Gen 9] OU","log":"|inactive|Battle timer is ON: inactive players will automatically lose when time's up.\n|t:|1700428250\n|gametype|singles\n|player|p1|Achimoo|#scl3platoon2|\n|player|p2|DAHLI|whitney|\n|teamsize|p1|6\n|teamsize|p2|6\n|gen|9\n|tier|[Gen 9] OU\n|rule|Sleep Clause Mod: Limit one foe put to sleep\n|rule|Species Clause: Limit one of each Pok\u00e9mon\n|rule|OHKO Clause: OHKO moves are banned\n|rule|Evasion Items Clause: Evasion items are banned\n|rule|Evasion Moves Clause: Evasion moves are banned\n|rule|Endless Battle Clause: Forcing endless battles is banned\n|rule|HP Percentage Mod: HP is shown in percentages\n|clearpoke\n|poke|p1|Rillaboom, F|\n|poke|p1|Hawlucha, M|\n|poke|p1|Ursaluna, F|\n|poke|p1|Walking Wake|\n|poke|p1|Sneasler, M|\n|poke|p1|Heatran, F|\n|poke|p2|Manaphy|\n|poke|p2|Gholdengo|\n|poke|p2|Iron Valiant|\n|poke|p2|Great Tusk|\n|poke|p2|Ribombee, F|\n|poke|p2|Ceruledge, F|\n|teampreview\n|inactive|Achimoo also wants the timer to be on.\n|c|\u2606DAHLI|hf\n|c|\u2606Achimoo|hf\n|inactive|Achimoo has 270 seconds left.\n|inactive|DAHLI has 270 seconds left.\n|raw|<div class=\"broadcast-red\"><strong>Moderated chat was set to \u2606!<\/strong><br \/>Only users of rank \u2606 and higher can talk.<\/div>\n|inactive|Achimoo has 240 seconds left.\n|inactive|DAHLI has 240 seconds left.\n|inactive|Achimoo has 210 seconds left.\n|inactive|DAHLI has 210 seconds left.\n|\n|t:|1700428357\n|start\n|switch|p1a: Heatran|Heatran, F|100\/100\n|switch|p2a: Ribombee|Ribombee, F|100\/100\n|turn|1\n|\n|t:|1700428373\n|move|p2a: Ribombee|Sticky Web|p1a: Heatran\n|-sidestart|p1: Achimoo|move: Sticky Web\n|move|p1a: Heatran|Magma Storm|p2a: Ribombee\n|-supereffective|p2a: Ribombee\n|-crit|p2a: Ribombee\n|-enditem|p2a: Ribombee|Focus Sash\n|-damage|p2a: Ribombee|1\/100\n|-activate|p2a: Ribombee|move: Magma Storm|[of] p1a: Heatran\n|\n|-damage|p2a: Ribombee|0 fnt|[from] move: Magma Storm|[partiallytrapped]\n|faint|p2a: Ribombee\n|upkeep\n|inactive|DAHLI has 240 seconds left.\n|\n|t:|1700428410\n|switch|p2a: Manaphy|Manaphy|100\/100\n|turn|2\n|\n|t:|1700428422\n|switch|p1a: Rillaboom|Rillaboom, F|100\/100\n|-activate|p1a: Rillaboom|move: Sticky Web\n|-unboost|p1a: Rillaboom|spe|1\n|-fieldstart|move: Grassy Terrain|[from] ability: Grassy Surge|[of] p1a: Rillaboom\n|move|p2a: Manaphy|Tail Glow|p2a: Manaphy\n|-boost|p2a: Manaphy|spa|3\n|\n|upkeep\n|turn|3\n|\n|t:|1700428430\n|move|p2a: Manaphy|Ice Beam|p1a: Rillaboom\n|-supereffective|p1a: Rillaboom\n|-damage|p1a: Rillaboom|0 fnt\n|faint|p1a: Rillaboom\n|\n|upkeep\n|inactive|Achimoo has 270 seconds left.\n|inactive|Achimoo has 240 seconds left.\n|inactive|Achimoo has 210 seconds left.\n|\n|t:|1700428526\n|switch|p1a: Walking Wake|Walking Wake|100\/100\n|-activate|p1a: Walking Wake|move: Sticky Web\n|-unboost|p1a: Walking Wake|spe|1\n|-enditem|p1a: Walking Wake|Booster Energy\n|-activate|p1a: Walking Wake|ability: Protosynthesis|[fromitem]\n|-start|p1a: Walking Wake|protosynthesisspa\n|turn|4\n|inactive|DAHLI has 240 seconds left.\n|\n|t:|1700428550\n|move|p2a: Manaphy|Ice Beam|p1a: Walking Wake\n|-damage|p1a: Walking Wake|18\/100\n|move|p1a: Walking Wake|Dragon Pulse|p2a: Manaphy\n|-damage|p2a: Manaphy|46\/100\n|\n|-heal|p2a: Manaphy|52\/100|[from] Grassy Terrain\n|-heal|p1a: Walking Wake|24\/100|[from] Grassy Terrain\n|upkeep\n|turn|5\n|inactive|Achimoo has 210 seconds left.\n|\n|t:|1700428572\n|move|p2a: Manaphy|Ice Beam|p1a: Walking Wake\n|-damage|p1a: Walking Wake|0 fnt\n|faint|p1a: Walking Wake\n|-end|p1a: Walking Wake|Protosynthesis|[silent]\n|\n|-heal|p2a: Manaphy|58\/100|[from] Grassy Terrain\n|upkeep\n|inactive|Achimoo has 180 seconds left.\n|\n|t:|1700428624\n|switch|p1a: Hawlucha|Hawlucha, M|100\/100\n|-enditem|p1a: Hawlucha|Grassy Seed\n|-boost|p1a: Hawlucha|def|1|[from] item: Grassy Seed\n|turn|6\n|inactive|DAHLI has 240 seconds left.\n|\n|t:|1700428632\n|-terastallize|p1a: Hawlucha|Flying\n|move|p1a: Hawlucha|Acrobatics|p2a: Manaphy\n|-damage|p2a: Manaphy|0 fnt\n|faint|p2a: Manaphy\n|\n|-fieldend|move: Grassy Terrain\n|upkeep\n|inactive|DAHLI has 240 seconds left.\n|inactive|DAHLI has 210 seconds left.\n|\n|t:|1700428678\n|switch|p2a: Gholdengo|Gholdengo|100\/100\n|turn|7\n|\n|t:|1700428696\n|move|p1a: Hawlucha|Swords Dance|p1a: Hawlucha\n|-boost|p1a: Hawlucha|atk|2\n|move|p2a: Gholdengo|Make It Rain|p1a: Hawlucha\n|-damage|p1a: Hawlucha|7\/100\n|-unboost|p2a: Gholdengo|spa|1\n|\n|upkeep\n|turn|8\n|inactive|DAHLI has 210 seconds left.\n|\n|t:|1700428704\n|move|p1a: Hawlucha|Acrobatics|p2a: Gholdengo\n|-resisted|p2a: Gholdengo\n|-damage|p2a: Gholdengo|36\/100\n|move|p2a: Gholdengo|Make It Rain|p1a: Hawlucha\n|-damage|p1a: Hawlucha|0 fnt\n|-unboost|p2a: Gholdengo|spa|1\n|faint|p1a: Hawlucha\n|\n|upkeep\n|\n|t:|1700428728\n|switch|p1a: Heatran|Heatran, F|100\/100\n|-activate|p1a: Heatran|move: Sticky Web\n|-unboost|p1a: Heatran|spe|1\n|turn|9\n|\n|t:|1700428742\n|move|p2a: Gholdengo|Shadow Ball|p1a: Heatran\n|-damage|p1a: Heatran|85\/100\n|-unboost|p1a: Heatran|spd|1\n|move|p1a: Heatran|Earth Power|p2a: Gholdengo\n|-supereffective|p2a: Gholdengo\n|-enditem|p2a: Gholdengo|Shuca Berry|[eat]\n|-enditem|p2a: Gholdengo|Shuca Berry|[weaken]\n|-damage|p2a: Gholdengo|2\/100\n|\n|upkeep\n|turn|10\n|\n|t:|1700428749\n|move|p2a: Gholdengo|Shadow Ball|p1a: Heatran\n|-damage|p1a: Heatran|61\/100\n|move|p1a: Heatran|Earth Power|p2a: Gholdengo\n|-supereffective|p2a: Gholdengo\n|-damage|p2a: Gholdengo|0 fnt\n|faint|p2a: Gholdengo\n|\n|upkeep\n|\n|t:|1700428762\n|switch|p2a: Great Tusk|Great Tusk|100\/100\n|-item|p2a: Great Tusk|Air Balloon\n|turn|11\n|inactive|Achimoo has 180 seconds left.\n|\n|t:|1700428776\n|switch|p1a: Sneasler|Sneasler, M|100\/100\n|-activate|p1a: Sneasler|move: Sticky Web\n|-unboost|p1a: Sneasler|spe|1\n|move|p2a: Great Tusk|Earthquake|p1a: Sneasler\n|-supereffective|p1a: Sneasler\n|-damage|p1a: Sneasler|0 fnt\n|faint|p1a: Sneasler\n|\n|upkeep\n|\n|t:|1700428779\n|switch|p1a: Ursaluna|Ursaluna, F|100\/100\n|-activate|p1a: Ursaluna|move: Sticky Web\n|-unboost|p1a: Ursaluna|spe|1\n|turn|12\n|\n|t:|1700428787\n|-end|p2a: Great Tusk|Protosynthesis|[silent]\n|switch|p2a: Ceruledge|Ceruledge, F|100\/100\n|move|p1a: Ursaluna|Ice Punch|p2a: Ceruledge\n|-resisted|p2a: Ceruledge\n|-damage|p2a: Ceruledge|79\/100\n|-ability|p2a: Ceruledge|Weak Armor|boost\n|-unboost|p2a: Ceruledge|def|1\n|-boost|p2a: Ceruledge|spe|2\n|\n|-status|p1a: Ursaluna|brn|[from] item: Flame Orb\n|upkeep\n|turn|13\n|\n|t:|1700428797\n|move|p2a: Ceruledge|Destiny Bond|p2a: Ceruledge\n|-singlemove|p2a: Ceruledge|Destiny Bond\n|move|p1a: Ursaluna|Headlong Rush|p2a: Ceruledge\n|-supereffective|p2a: Ceruledge\n|-damage|p2a: Ceruledge|0 fnt\n|-unboost|p1a: Ursaluna|def|1\n|-unboost|p1a: Ursaluna|spd|1\n|faint|p2a: Ceruledge\n|-activate|p2a: Ceruledge|move: Destiny Bond\n|faint|p1a: Ursaluna\n|\n|upkeep\n|\n|t:|1700428801\n|switch|p2a: Great Tusk|Great Tusk|100\/100\n|switch|p1a: Heatran|Heatran, F|61\/100\n|-item|p2a: Great Tusk|Air Balloon\n|-activate|p1a: Heatran|move: Sticky Web\n|-unboost|p1a: Heatran|spe|1\n|turn|14\n|c|\u2606Achimoo|gg\n|c|\u2606DAHLI|gg\n|\n|t:|1700428805\n|move|p2a: Great Tusk|Earthquake|p1a: Heatran\n|-supereffective|p1a: Heatran\n|-damage|p1a: Heatran|0 fnt\n|faint|p1a: Heatran\n|\n|win|DAHLI\n|player|p1|Achimoo|#scl3platoon2\n|player|p1|\n","uploadtime":1700428806,"views":251,"p1id":"achimoo","p2id":"dahli","formatid":"gen9ou","rating":0,"private":0,"password":""}