{"id":"smogtours-gen9ou-730148","p1":"storm zone","p2":"Ox the fox","format":"[Gen 9] OU","log":"|inactive|Battle timer is ON: inactive players will automatically lose when time's up.\n|t:|1699798283\n|gametype|singles\n|player|p1|storm zone|#wcop2021latinamerica|\n|player|p2|Ox the fox|#oxthefox|\n|teamsize|p1|6\n|teamsize|p2|6\n|gen|9\n|tier|[Gen 9] OU\n|rule|Sleep Clause Mod: Limit one foe put to sleep\n|rule|Species Clause: Limit one of each Pok\u00e9mon\n|rule|OHKO Clause: OHKO moves are banned\n|rule|Evasion Items Clause: Evasion items are banned\n|rule|Evasion Moves Clause: Evasion moves are banned\n|rule|Endless Battle Clause: Forcing endless battles is banned\n|rule|HP Percentage Mod: HP is shown in percentages\n|clearpoke\n|poke|p1|Weezing-Galar, M|\n|poke|p1|Kingambit, M|\n|poke|p1|Dragapult, M|\n|poke|p1|Moltres|\n|poke|p1|Ogerpon-Wellspring, F|\n|poke|p1|Gliscor, M|\n|poke|p2|Ceruledge, F|\n|poke|p2|Walking Wake|\n|poke|p2|Torkoal, F|\n|poke|p2|Kingambit, M|\n|poke|p2|Great Tusk|\n|poke|p2|Enamorus, F|\n|teampreview\n|c|\u2606Ox the fox|Gl bro\n|c|\u2606Ox the fox|Damn I almost brought hyper\u2019s specs weezinf\n|c|\u2606Ox the fox|gas mon\n|inactive|storm zone has 270 seconds left.\n|inactive|Ox the fox has 270 seconds left.\n|c|\u2606storm zone|hfhf\n|c|\u2606storm zone|Damn \n|inactive|Ox the fox disconnected and has 300 seconds to reconnect!\n|player|p2|\n|c|+DKM|scl?\n|inactive|Ox the fox reconnected and has 270 seconds left.\n|player|p2|Ox the fox|#oxthefox\n|c|+RUBIAA|Ye\n|inactive|storm zone has 240 seconds left.\n|\n|t:|1699798351\n|start\n|switch|p1a: Scorpiox|Gliscor, M, shiny|100\/100\n|switch|p2a: Walking Wake|Walking Wake|100\/100\n|turn|1\n|inactive|Ox the fox disconnected and has 280 seconds to reconnect!\n|player|p2|\n|inactive|Ox the fox has 270 seconds to reconnect!\n|inactive|Ox the fox has 240 seconds to reconnect!\n|inactive|Ox the fox has 210 seconds to reconnect!\n|inactive|Ox the fox reconnected and has 295 seconds left.\n|player|p2|Ox the fox|#oxthefox\n|c|\u2606storm zone|Test\n|\n|t:|1699798434\n|-end|p2a: Walking Wake|Protosynthesis|[silent]\n|switch|p2a: Enamorus|Enamorus, F|100\/100\n|move|p1a: Scorpiox|Protect||[still]\n|-fail|p1a: Scorpiox\n|\n|-status|p1a: Scorpiox|tox|[from] item: Toxic Orb\n|upkeep\n|turn|2\n|\n|t:|1699798441\n|move|p2a: Enamorus|Substitute|p2a: Enamorus\n|-start|p2a: Enamorus|Substitute\n|-damage|p2a: Enamorus|76\/100\n|move|p1a: Scorpiox|Spikes|p2a: Enamorus\n|-sidestart|p2: Ox the fox|Spikes\n|\n|-heal|p2a: Enamorus|82\/100|[from] item: Leftovers\n|upkeep\n|turn|3\n|\n|t:|1699798447\n|move|p2a: Enamorus|Calm Mind|p2a: Enamorus\n|-boost|p2a: Enamorus|spa|1\n|-boost|p2a: Enamorus|spd|1\n|move|p1a: Scorpiox|U-turn|p2a: Enamorus\n|-resisted|p2a: Enamorus\n|-activate|p2a: Enamorus|move: Substitute|[damage]\n|\n|t:|1699798450\n|switch|p1a: Alice|Ogerpon-Wellspring, F|100\/100|[from] U-turn\n|\n|-heal|p2a: Enamorus|88\/100|[from] item: Leftovers\n|upkeep\n|turn|4\n|\n|t:|1699798464\n|switch|p2a: Torkoal|Torkoal, F|100\/100\n|-damage|p2a: Torkoal|88\/100|[from] Spikes\n|-weather|SunnyDay|[from] ability: Drought|[of] p2a: Torkoal\n|move|p1a: Alice|Encore||[still]\n|-fail|p1a: Alice\n|\n|-weather|SunnyDay|[upkeep]\n|upkeep\n|turn|5\n|\n|t:|1699798474\n|switch|p1a: Leviathan|Dragapult, M, shiny|100\/100\n|move|p2a: Torkoal|Stealth Rock|p1a: Leviathan\n|-sidestart|p1: storm zone|move: Stealth Rock\n|\n|-weather|SunnyDay|[upkeep]\n|upkeep\n|turn|6\n|\n|t:|1699798483\n|switch|p2a: Kingambit|Kingambit, M|100\/100\n|-damage|p2a: Kingambit|88\/100|[from] Spikes\n|move|p1a: Leviathan|Flamethrower|p2a: Kingambit\n|-supereffective|p2a: Kingambit\n|-damage|p2a: Kingambit|0 fnt\n|faint|p2a: Kingambit\n|-end|p2a: Kingambit|fallenundefined|[silent]\n|\n|-weather|SunnyDay|[upkeep]\n|upkeep\n|\n|t:|1699798488\n|switch|p2a: Ceruledge|Ceruledge, F|100\/100\n|-item|p2a: Ceruledge|Air Balloon\n|turn|7\n|\n|t:|1699798498\n|switch|p1a: Phoenix|Moltres, shiny|100\/100\n|move|p2a: Ceruledge|Bulk Up|p2a: Ceruledge\n|-boost|p2a: Ceruledge|atk|1\n|-boost|p2a: Ceruledge|def|1\n|\n|-weather|SunnyDay|[upkeep]\n|upkeep\n|turn|8\n|\n|t:|1699798502\n|move|p1a: Phoenix|Hurricane|p2a: Ceruledge|[miss]\n|-miss|p1a: Phoenix|p2a: Ceruledge\n|move|p2a: Ceruledge|Bitter Blade|p1a: Phoenix\n|-resisted|p1a: Phoenix\n|-damage|p1a: Phoenix|38\/100\n|\n|-weather|none\n|upkeep\n|turn|9\n|\n|t:|1699798509\n|move|p1a: Phoenix|Hurricane|p2a: Ceruledge\n|-damage|p2a: Ceruledge|51\/100\n|-start|p2a: Ceruledge|confusion\n|-enditem|p2a: Ceruledge|Air Balloon\n|-activate|p2a: Ceruledge|confusion\n|move|p2a: Ceruledge|Bitter Blade|p1a: Phoenix\n|-resisted|p1a: Phoenix\n|-damage|p1a: Phoenix|2\/100\n|-heal|p2a: Ceruledge|67\/100|[from] drain|[of] p1a: Phoenix\n|\n|upkeep\n|turn|10\n|\n|t:|1699798519\n|-activate|p2a: Ceruledge|confusion\n|move|p2a: Ceruledge|Shadow Sneak|p1a: Phoenix\n|-crit|p1a: Phoenix\n|-damage|p1a: Phoenix|0 fnt\n|faint|p1a: Phoenix\n|\n|upkeep\n|inactive|storm zone has 270 seconds left.\n|\n|t:|1699798547\n|switch|p1a: Alice|Ogerpon-Wellspring, F|100\/100\n|-damage|p1a: Alice|88\/100|[from] Stealth Rock\n|turn|11\n|\n|t:|1699798557\n|-terastallize|p2a: Ceruledge|Grass\n|move|p1a: Alice|Ivy Cudgel|p2a: Ceruledge\n|-resisted|p2a: Ceruledge\n|-damage|p2a: Ceruledge|47\/100\n|-activate|p2a: Ceruledge|confusion\n|move|p2a: Ceruledge|Bitter Blade|p1a: Alice\n|-damage|p1a: Alice|0 fnt\n|-heal|p2a: Ceruledge|84\/100|[from] drain|[of] p1a: Alice\n|faint|p1a: Alice\n|\n|upkeep\n|\n|t:|1699798571\n|switch|p1a: Overgod|Kingambit, M, shiny|100\/100\n|-damage|p1a: Overgod|94\/100|[from] Stealth Rock\n|-activate|p1a: Overgod|ability: Supreme Overlord\n|-start|p1a: Overgod|fallen2|[silent]\n|turn|12\n|\n|t:|1699798578\n|-terastallize|p1a: Overgod|Fire\n|-end|p2a: Ceruledge|confusion\n|move|p2a: Ceruledge|Bulk Up|p2a: Ceruledge\n|-boost|p2a: Ceruledge|atk|1\n|-boost|p2a: Ceruledge|def|1\n|move|p1a: Overgod|Iron Head|p2a: Ceruledge\n|-damage|p2a: Ceruledge|52\/100\n|\n|upkeep\n|turn|13\n|\n|t:|1699798587\n|move|p2a: Ceruledge|Bitter Blade|p1a: Overgod\n|-resisted|p1a: Overgod\n|-damage|p1a: Overgod|56\/100\n|-heal|p2a: Ceruledge|70\/100|[from] drain|[of] p1a: Overgod\n|move|p1a: Overgod|Swords Dance|p1a: Overgod\n|-boost|p1a: Overgod|atk|2\n|\n|upkeep\n|turn|14\n|\n|t:|1699798593\n|move|p2a: Ceruledge|Bitter Blade|p1a: Overgod\n|-resisted|p1a: Overgod\n|-damage|p1a: Overgod|16\/100\n|-heal|p2a: Ceruledge|90\/100|[from] drain|[of] p1a: Overgod\n|move|p1a: Overgod|Iron Head|p2a: Ceruledge\n|-damage|p2a: Ceruledge|26\/100\n|\n|upkeep\n|turn|15\n|\n|t:|1699798598\n|move|p2a: Ceruledge|Shadow Sneak|p1a: Overgod\n|-damage|p1a: Overgod|0 fnt\n|faint|p1a: Overgod\n|-end|p1a: Overgod|fallen2|[silent]\n|\n|upkeep\n|inactive|Ox the fox disconnected and has 210 seconds to reconnect!\n|player|p2|\n|\n|t:|1699798627\n|switch|p1a: Sentinel|Weezing-Galar, M, shiny|100\/100\n|-ability|p1a: Sentinel|Neutralizing Gas\n|-damage|p1a: Sentinel|88\/100|[from] Stealth Rock\n|turn|16\n|inactive|Ox the fox reconnected and has 300 seconds left.\n|player|p2|Ox the fox|#oxthefox\n|\n|t:|1699798651\n|move|p2a: Ceruledge|Bitter Blade|p1a: Sentinel\n|-damage|p1a: Sentinel|29\/100\n|-heal|p2a: Ceruledge|54\/100|[from] drain|[of] p1a: Sentinel\n|move|p1a: Sentinel|Strange Steam|p2a: Ceruledge\n|-damage|p2a: Ceruledge|26\/100\n|\n|-heal|p1a: Sentinel|35\/100|[from] item: Leftovers\n|upkeep\n|turn|17\n|\n|t:|1699798658\n|move|p2a: Ceruledge|Bitter Blade|p1a: Sentinel\n|-damage|p1a: Sentinel|0 fnt\n|-heal|p2a: Ceruledge|42\/100|[from] drain|[of] p1a: Sentinel\n|faint|p1a: Sentinel\n|-end|p1a: Sentinel|ability: Neutralizing Gas\n|\n|upkeep\n|\n|t:|1699798659\n|switch|p1a: Leviathan|Dragapult, M, shiny|100\/100\n|-damage|p1a: Leviathan|88\/100|[from] Stealth Rock\n|turn|18\n|\n|t:|1699798663\n|move|p2a: Ceruledge|Shadow Sneak|p1a: Leviathan\n|-supereffective|p1a: Leviathan\n|-crit|p1a: Leviathan\n|-damage|p1a: Leviathan|0 fnt\n|faint|p1a: Leviathan\n|\n|upkeep\n|\n|t:|1699798665\n|switch|p1a: Scorpiox|Gliscor, M, shiny|100\/100 tox\n|-damage|p1a: Scorpiox|88\/100 tox|[from] Stealth Rock\n|turn|19\n|c|\u2606Ox the fox|Gg\n|\n|t:|1699798669\n|move|p2a: Ceruledge|Bitter Blade|p1a: Scorpiox\n|-damage|p1a: Scorpiox|22\/100 tox\n|-heal|p2a: Ceruledge|75\/100|[from] drain|[of] p1a: Scorpiox\n|move|p1a: Scorpiox|U-turn|p2a: Ceruledge\n|-supereffective|p2a: Ceruledge\n|-damage|p2a: Ceruledge|57\/100\n|\n|-heal|p1a: Scorpiox|35\/100 tox|[from] ability: Poison Heal\n|upkeep\n|turn|20\n|\n|t:|1699798673\n|move|p2a: Ceruledge|Bitter Blade|p1a: Scorpiox\n|-damage|p1a: Scorpiox|0 fnt\n|-heal|p2a: Ceruledge|74\/100|[from] drain|[of] p1a: Scorpiox\n|faint|p1a: Scorpiox\n|\n|win|Ox the fox\n","uploadtime":1699798674,"views":804,"p1id":"stormzone","p2id":"oxthefox","formatid":"gen9ou","rating":0,"private":0,"password":""}