{"id":"smogtours-gen9ou-732916","p1":"Coach Jones 6fifth","p2":"TRAFALGAR LIOU","format":"[Gen 9] OU","log":"|inactive|Battle timer is ON: inactive players will automatically lose when time's up.\n|t:|1701123829\n|gametype|singles\n|player|p1|Coach Jones 6fifth|101|\n|player|p2|TRAFALGAR LIOU|schoolkid-gen8|\n|teamsize|p1|6\n|teamsize|p2|6\n|gen|9\n|tier|[Gen 9] OU\n|rule|Sleep Clause Mod: Limit one foe put to sleep\n|rule|Species Clause: Limit one of each Pok\u00e9mon\n|rule|OHKO Clause: OHKO moves are banned\n|rule|Evasion Items Clause: Evasion items are banned\n|rule|Evasion Moves Clause: Evasion moves are banned\n|rule|Endless Battle Clause: Forcing endless battles is banned\n|rule|HP Percentage Mod: HP is shown in percentages\n|clearpoke\n|poke|p1|Glimmora, F|\n|poke|p1|Kingambit, F|\n|poke|p1|Zamazenta-*|\n|poke|p1|Rillaboom, M|\n|poke|p1|Enamorus, F|\n|poke|p1|Dragapult, M|\n|poke|p2|Clefable, F|\n|poke|p2|Zapdos|\n|poke|p2|Dragapult, F|\n|poke|p2|Great Tusk|\n|poke|p2|Dragonite, F|\n|poke|p2|Slowking-Galar, M|\n|teampreview\n|c|\u2606Coach Jones 6fifth|Hf\n|inactive|Coach Jones 6fifth has 270 seconds left.\n|inactive|TRAFALGAR LIOU has 270 seconds left.\n|inactive|Coach Jones 6fifth disconnected and has 300 seconds to reconnect!\n|player|p1|\n|inactive|TRAFALGAR LIOU has 240 seconds left.\n|inactive|Coach Jones 6fifth reconnected and has 260 seconds left.\n|player|p1|Coach Jones 6fifth|101\n|inactive|TRAFALGAR LIOU has 210 seconds left.\n|\n|t:|1701123937\n|start\n|switch|p1a: Glimmora|Glimmora, F, shiny|100\/100\n|switch|p2a: Slowking|Slowking-Galar, M|100\/100\n|turn|1\n|\n|t:|1701123949\n|move|p1a: Glimmora|Stealth Rock|p2a: Slowking\n|-sidestart|p2: TRAFALGAR LIOU|move: Stealth Rock\n|move|p2a: Slowking|Surf|p1a: Glimmora\n|-supereffective|p1a: Glimmora\n|-damage|p1a: Glimmora|26\/100\n|\n|upkeep\n|turn|2\n|inactive|TRAFALGAR LIOU has 270 seconds left.\n|inactive|TRAFALGAR LIOU has 240 seconds left.\n|\n|t:|1701123986\n|move|p1a: Glimmora|Earth Power|p2a: Slowking\n|-supereffective|p2a: Slowking\n|-damage|p2a: Slowking|73\/100\n|move|p2a: Slowking|Future Sight|p1a: Glimmora\n|-start|p2a: Slowking|move: Future Sight\n|\n|upkeep\n|turn|3\n|\n|t:|1701123996\n|switch|p1a: Rillaboom|Rillaboom, M|100\/100\n|-fieldstart|move: Grassy Terrain|[from] ability: Grassy Surge|[of] p1a: Rillaboom\n|move|p2a: Slowking|Surf|p1a: Rillaboom\n|-resisted|p1a: Rillaboom\n|-damage|p1a: Rillaboom|84\/100\n|\n|-heal|p1a: Rillaboom|91\/100|[from] Grassy Terrain\n|-heal|p2a: Slowking|79\/100|[from] Grassy Terrain\n|upkeep\n|turn|4\n|inactive|TRAFALGAR LIOU has 240 seconds left.\n|\n|t:|1701124016\n|switch|p2a: Zapdos|Zapdos|100\/100\n|-damage|p2a: Zapdos|76\/100|[from] Stealth Rock\n|move|p1a: Rillaboom|U-turn|p2a: Zapdos\n|-resisted|p2a: Zapdos\n|-crit|p2a: Zapdos\n|-damage|p2a: Zapdos|57\/100\n|-status|p1a: Rillaboom|par|[from] ability: Static|[of] p2a: Zapdos\n|\n|t:|1701124028\n|switch|p1a: Glimmora|Glimmora, F, shiny|26\/100|[from] U-turn\n|\n|-end|p1a: Glimmora|move: Future Sight\n|-supereffective|p1a: Glimmora\n|-damage|p1a: Glimmora|0 fnt\n|faint|p1a: Glimmora\n|-heal|p2a: Zapdos|63\/100|[from] item: Leftovers\n|upkeep\n|\n|t:|1701124031\n|switch|p1a: Dragapult|Dragapult, M, shiny|100\/100\n|turn|5\n|inactive|TRAFALGAR LIOU has 240 seconds left.\n|\n|t:|1701124069\n|move|p1a: Dragapult|Draco Meteor|p2a: Zapdos\n|-damage|p2a: Zapdos|0 fnt\n|-unboost|p1a: Dragapult|spa|2\n|faint|p2a: Zapdos\n|\n|upkeep\n|\n|t:|1701124077\n|switch|p2a: Clefable|Clefable, F|100\/100\n|turn|6\n|\n|t:|1701124089\n|switch|p1a: Rillaboom|Rillaboom, M|91\/100 par\n|move|p2a: Clefable|Trick|p1a: Rillaboom\n|-activate|p2a: Clefable|move: Trick|[of] p1a: Rillaboom\n|-item|p1a: Rillaboom|Sticky Barb|[from] move: Trick\n|-item|p2a: Clefable|Choice Band|[from] move: Trick\n|\n|-heal|p1a: Rillaboom|97\/100 par|[from] Grassy Terrain\n|-damage|p1a: Rillaboom|84\/100 par|[from] item: Sticky Barb\n|upkeep\n|turn|7\n|\n|t:|1701124095\n|move|p2a: Clefable|Stealth Rock|p1a: Rillaboom\n|-sidestart|p1: Coach Jones 6fifth|move: Stealth Rock\n|move|p1a: Rillaboom|Wood Hammer|p2a: Clefable\n|-damage|p2a: Clefable|32\/100\n|-damage|p1a: Rillaboom|58\/100 par|[from] Recoil\n|\n|-heal|p2a: Clefable|38\/100|[from] Grassy Terrain\n|-heal|p1a: Rillaboom|64\/100 par|[from] Grassy Terrain\n|-fieldend|move: Grassy Terrain\n|-damage|p1a: Rillaboom|52\/100 par|[from] item: Sticky Barb\n|upkeep\n|turn|8\n|inactive|TRAFALGAR LIOU has 240 seconds left.\n|\n|t:|1701124110\n|switch|p2a: Slowking|Slowking-Galar, M|100\/100\n|-damage|p2a: Slowking|88\/100|[from] Stealth Rock\n|switch|p1a: Dragapult|Dragapult, M, shiny|100\/100\n|-damage|p1a: Dragapult|88\/100|[from] Stealth Rock\n|\n|upkeep\n|turn|9\n|inactive|TRAFALGAR LIOU has 240 seconds left.\n|\n|t:|1701124131\n|move|p1a: Dragapult|Shadow Ball|p2a: Slowking\n|-supereffective|p2a: Slowking\n|-damage|p2a: Slowking|36\/100\n|move|p2a: Slowking|Sludge Bomb|p1a: Dragapult\n|-resisted|p1a: Dragapult\n|-damage|p1a: Dragapult|64\/100\n|\n|upkeep\n|turn|10\n|\n|t:|1701124143\n|switch|p2a: Clefable|Clefable, F|38\/100\n|move|p1a: Dragapult|Shadow Ball|p2a: Clefable\n|-damage|p2a: Clefable|0 fnt\n|faint|p2a: Clefable\n|\n|upkeep\n|\n|t:|1701124153\n|switch|p2a: Dragapult|Dragapult, F|100\/100\n|turn|11\n|\n|t:|1701124166\n|switch|p1a: Enamorus|Enamorus, F|100\/100\n|-damage|p1a: Enamorus|76\/100|[from] Stealth Rock\n|-terastallize|p2a: Dragapult|Fairy\n|move|p2a: Dragapult|Hex|p1a: Enamorus\n|-damage|p1a: Enamorus|35\/100\n|\n|upkeep\n|turn|12\n|\n|t:|1701124175\n|move|p1a: Enamorus|Moonblast|p2a: Dragapult\n|-damage|p2a: Dragapult|34\/100\n|-unboost|p2a: Dragapult|spa|1\n|move|p2a: Dragapult|Hex|p1a: Enamorus\n|-damage|p1a: Enamorus|6\/100\n|\n|upkeep\n|turn|13\n|\n|t:|1701124182\n|switch|p1a: Rillaboom|Rillaboom, M|52\/100 par\n|-damage|p1a: Rillaboom|40\/100 par|[from] Stealth Rock\n|-fieldstart|move: Grassy Terrain|[from] ability: Grassy Surge|[of] p1a: Rillaboom\n|switch|p2a: Slowking|Slowking-Galar, M|70\/100\n|-damage|p2a: Slowking|57\/100|[from] Stealth Rock\n|\n|-heal|p1a: Rillaboom|46\/100 par|[from] Grassy Terrain\n|-heal|p2a: Slowking|63\/100|[from] Grassy Terrain\n|-damage|p1a: Rillaboom|34\/100 par|[from] item: Sticky Barb\n|upkeep\n|turn|14\n|inactive|TRAFALGAR LIOU has 240 seconds left.\n|\n|t:|1701124195\n|switch|p1a: Dragapult|Dragapult, M, shiny|64\/100\n|-damage|p1a: Dragapult|52\/100|[from] Stealth Rock\n|switch|p2a: Great Tusk|Great Tusk|100\/100\n|-damage|p2a: Great Tusk|98\/100|[from] Stealth Rock\n|\n|-heal|p1a: Dragapult|58\/100|[from] Grassy Terrain\n|-heal|p2a: Great Tusk|100\/100|[from] Grassy Terrain\n|upkeep\n|turn|15\n|inactive|TRAFALGAR LIOU has 240 seconds left.\n|\n|t:|1701124206\n|move|p1a: Dragapult|Surf|p2a: Great Tusk\n|-supereffective|p2a: Great Tusk\n|-damage|p2a: Great Tusk|0 fnt\n|faint|p2a: Great Tusk\n|-end|p2a: Great Tusk|Protosynthesis|[silent]\n|\n|-heal|p1a: Dragapult|64\/100|[from] Grassy Terrain\n|upkeep\n|inactive|TRAFALGAR LIOU has 240 seconds left.\n|\n|t:|1701124216\n|switch|p2a: Dragonite|Dragonite, F|100\/100\n|-damage|p2a: Dragonite|76\/100|[from] Stealth Rock\n|turn|16\n|\n|t:|1701124220\n|switch|p1a: Enamorus|Enamorus, F|6\/100\n|-damage|p1a: Enamorus|0 fnt|[from] Stealth Rock\n|faint|p1a: Enamorus\n|move|p2a: Dragonite|Dragon Dance|p2a: Dragonite\n|-boost|p2a: Dragonite|atk|1\n|-boost|p2a: Dragonite|spe|1\n|\n|-heal|p2a: Dragonite|82\/100|[from] item: Leftovers\n|upkeep\n|\n|t:|1701124223\n|switch|p1a: Kingambit|Kingambit, F, shiny|100\/100\n|-damage|p1a: Kingambit|94\/100|[from] Stealth Rock\n|-activate|p1a: Kingambit|ability: Supreme Overlord\n|-start|p1a: Kingambit|fallen2|[silent]\n|turn|17\n|\n|t:|1701124230\n|-terastallize|p1a: Kingambit|Ghost\n|move|p2a: Dragonite|Roost|p2a: Dragonite\n|-heal|p2a: Dragonite|100\/100\n|-singleturn|p2a: Dragonite|move: Roost\n|move|p1a: Kingambit|Kowtow Cleave|p2a: Dragonite\n|-damage|p2a: Dragonite|75\/100\n|\n|-heal|p2a: Dragonite|82\/100|[from] Grassy Terrain\n|-heal|p2a: Dragonite|88\/100|[from] item: Leftovers\n|-heal|p1a: Kingambit|100\/100|[from] Grassy Terrain\n|-fieldend|move: Grassy Terrain\n|upkeep\n|turn|18\n|\n|t:|1701124240\n|move|p2a: Dragonite|Dragon Dance|p2a: Dragonite\n|-boost|p2a: Dragonite|atk|1\n|-boost|p2a: Dragonite|spe|1\n|move|p1a: Kingambit|Kowtow Cleave|p2a: Dragonite\n|-damage|p2a: Dragonite|33\/100\n|\n|-heal|p2a: Dragonite|39\/100|[from] item: Leftovers\n|upkeep\n|turn|19\n|\n|t:|1701124245\n|move|p2a: Dragonite|Roost|p2a: Dragonite\n|-heal|p2a: Dragonite|90\/100\n|-singleturn|p2a: Dragonite|move: Roost\n|move|p1a: Kingambit|Kowtow Cleave|p2a: Dragonite\n|-damage|p2a: Dragonite|38\/100\n|\n|-heal|p2a: Dragonite|44\/100|[from] item: Leftovers\n|upkeep\n|turn|20\n|\n|t:|1701124250\n|move|p2a: Dragonite|Roost|p2a: Dragonite\n|-heal|p2a: Dragonite|94\/100\n|-singleturn|p2a: Dragonite|move: Roost\n|move|p1a: Kingambit|Kowtow Cleave|p2a: Dragonite\n|-damage|p2a: Dragonite|42\/100\n|\n|-heal|p2a: Dragonite|48\/100|[from] item: Leftovers\n|upkeep\n|turn|21\n|\n|t:|1701124257\n|move|p2a: Dragonite|Roost|p2a: Dragonite\n|-heal|p2a: Dragonite|98\/100\n|-singleturn|p2a: Dragonite|move: Roost\n|move|p1a: Kingambit|Kowtow Cleave|p2a: Dragonite\n|-damage|p2a: Dragonite|43\/100\n|\n|-heal|p2a: Dragonite|49\/100|[from] item: Leftovers\n|upkeep\n|turn|22\n|\n|t:|1701124260\n|move|p2a: Dragonite|Roost|p2a: Dragonite\n|-heal|p2a: Dragonite|99\/100\n|-singleturn|p2a: Dragonite|move: Roost\n|move|p1a: Kingambit|Kowtow Cleave|p2a: Dragonite\n|-damage|p2a: Dragonite|45\/100\n|\n|-heal|p2a: Dragonite|51\/100|[from] item: Leftovers\n|upkeep\n|turn|23\n|-message|TRAFALGAR LIOU forfeited.\n|\n|win|Coach Jones 6fifth\n|c|\u2606Coach Jones 6fifth|gg\n","uploadtime":1701124277,"views":10,"p1id":"coachjones6fifth","p2id":"trafalgarliou","formatid":"gen9ou","rating":0,"private":0,"password":""}