{"id":"smogtours-gen9ou-731948","p1":"egalvanc","p2":"Piyush21","format":"[Gen 9] OU","log":"|inactive|Battle timer is ON: inactive players will automatically lose when time's up.\n|t:|1700553425\n|gametype|singles\n|player|p1|egalvanc|elesa|\n|player|p2|Piyush21|#teamballo2023|\n|teamsize|p1|6\n|teamsize|p2|6\n|gen|9\n|tier|[Gen 9] OU\n|rule|Sleep Clause Mod: Limit one foe put to sleep\n|rule|Species Clause: Limit one of each Pok\u00e9mon\n|rule|OHKO Clause: OHKO moves are banned\n|rule|Evasion Items Clause: Evasion items are banned\n|rule|Evasion Moves Clause: Evasion moves are banned\n|rule|Endless Battle Clause: Forcing endless battles is banned\n|rule|HP Percentage Mod: HP is shown in percentages\n|clearpoke\n|poke|p1|Tornadus-Therian, M|\n|poke|p1|Clefable, M|\n|poke|p1|Slowking-Galar, F|\n|poke|p1|Ogerpon-Wellspring, F|\n|poke|p1|Iron Treads|\n|poke|p1|Dragapult, M|\n|poke|p2|Dragonite, M|\n|poke|p2|Zapdos|\n|poke|p2|Clefable, M|\n|poke|p2|Dragapult, M|\n|poke|p2|Slowking-Galar, M|\n|poke|p2|Great Tusk|\n|teampreview\n|inactive|Piyush21 also wants the timer to be on.\n|inactive|egalvanc has 270 seconds left.\n|inactive|Piyush21 has 270 seconds left.\n|inactive|egalvanc has 240 seconds left.\n|inactive|Piyush21 has 240 seconds left.\n|inactive|egalvanc has 210 seconds left.\n|inactive|Piyush21 has 210 seconds left.\n|c|+acii|go egal\n|inactive|egalvanc has 180 seconds left.\n|inactive|Piyush21 has 180 seconds left.\n|inactive|Piyush21 has 150 seconds left.\n|\n|t:|1700553586\n|start\n|switch|p1a: Tornadus|Tornadus-Therian, M|100\/100\n|switch|p2a: Clefable|Clefable, M|100\/100\n|turn|1\n|inactive|Piyush21 has 210 seconds left.\n|\n|t:|1700553593\n|move|p1a: Tornadus|Taunt|p2a: Clefable\n|-start|p2a: Clefable|move: Taunt\n|move|p2a: Clefable|Knock Off|p1a: Tornadus\n|-damage|p1a: Tornadus|84\/100\n|-enditem|p1a: Tornadus|Leftovers|[from] move: Knock Off|[of] p2a: Clefable\n|\n|upkeep\n|turn|2\n|inactive|Piyush21 has 210 seconds left.\n|\n|t:|1700553627\n|move|p1a: Tornadus|Knock Off|p2a: Clefable\n|-resisted|p2a: Clefable\n|-damage|p2a: Clefable|92\/100\n|-enditem|p2a: Clefable|Leftovers|[from] move: Knock Off|[of] p1a: Tornadus\n|move|p2a: Clefable|Moonblast|p1a: Tornadus\n|-damage|p1a: Tornadus|51\/100\n|\n|upkeep\n|turn|3\n|inactive|Piyush21 has 180 seconds left.\n|\n|t:|1700553653\n|switch|p1a: Ogerpon|Ogerpon-Wellspring, F|100\/100\n|move|p2a: Clefable|Knock Off|p1a: Ogerpon\n|-damage|p1a: Ogerpon|88\/100\n|\n|-end|p2a: Clefable|move: Taunt\n|upkeep\n|turn|4\n|inactive|Piyush21 has 180 seconds left.\n|\n|t:|1700553673\n|move|p1a: Ogerpon|Swords Dance|p1a: Ogerpon\n|-boost|p1a: Ogerpon|atk|2\n|move|p2a: Clefable|Stealth Rock|p1a: Ogerpon\n|-sidestart|p1: egalvanc|move: Stealth Rock\n|\n|upkeep\n|turn|5\n|inactive|Piyush21 has 180 seconds left.\n|\n|t:|1700553693\n|switch|p2a: Dragapult|Dragapult, M|100\/100\n|move|p1a: Ogerpon|Ivy Cudgel|p2a: Dragapult|[anim] Ivy Cudgel Water\n|-resisted|p2a: Dragapult\n|-damage|p2a: Dragapult|32\/100\n|\n|upkeep\n|turn|6\n|inactive|egalvanc has 270 seconds left.\n|inactive|Piyush21 has 150 seconds left.\n|inactive|Piyush21 has 120 seconds left.\n|\n|t:|1700553755\n|move|p2a: Dragapult|Draco Meteor|p1a: Ogerpon\n|-damage|p1a: Ogerpon|26\/100\n|-unboost|p2a: Dragapult|spa|2\n|move|p1a: Ogerpon|Ivy Cudgel|p2a: Dragapult|[anim] Ivy Cudgel Water\n|-resisted|p2a: Dragapult\n|-damage|p2a: Dragapult|0 fnt\n|faint|p2a: Dragapult\n|\n|upkeep\n|\n|t:|1700553759\n|switch|p2a: Dragonite|Dragonite, M|100\/100\n|turn|7\n|\n|t:|1700553765\n|switch|p1a: Dragapult|Dragapult, M|100\/100\n|-damage|p1a: Dragapult|88\/100|[from] Stealth Rock\n|move|p2a: Dragonite|Extreme Speed|p1a: Dragapult\n|-immune|p1a: Dragapult\n|\n|-heal|p1a: Dragapult|94\/100|[from] item: Leftovers\n|upkeep\n|turn|8\n|inactive|Piyush21 has 120 seconds left.\n|\n|t:|1700553799\n|switch|p1a: Iron Treads|Iron Treads|100\/100\n|-damage|p1a: Iron Treads|97\/100|[from] Stealth Rock\n|switch|p2a: Clefable|Clefable, M|92\/100\n|\n|upkeep\n|turn|9\n|\n|t:|1700553810\n|move|p1a: Iron Treads|Rapid Spin|p2a: Clefable\n|-damage|p2a: Clefable|81\/100\n|-boost|p1a: Iron Treads|spe|1\n|-sideend|p1: egalvanc|Stealth Rock|[from] move: Rapid Spin|[of] p1a: Iron Treads\n|move|p2a: Clefable|Knock Off|p1a: Iron Treads\n|-damage|p1a: Iron Treads|84\/100\n|-enditem|p1a: Iron Treads|Choice Specs|[from] move: Knock Off|[of] p2a: Clefable\n|\n|upkeep\n|turn|10\n|\n|t:|1700553819\n|switch|p2a: Zapdos|Zapdos|100\/100\n|move|p1a: Iron Treads|Stealth Rock|p2a: Zapdos\n|-sidestart|p2: Piyush21|move: Stealth Rock\n|\n|upkeep\n|turn|11\n|\n|t:|1700553825\n|-end|p1a: Iron Treads|Quark Drive|[silent]\n|switch|p1a: Slowking|Slowking-Galar, F|100\/100\n|move|p2a: Zapdos|U-turn|p1a: Slowking\n|-damage|p1a: Slowking|86\/100\n|inactive|Piyush21 has 90 seconds left.\n|\n|t:|1700553878\n|switch|p2a: Great Tusk|Great Tusk|100\/100|[from] U-turn\n|\n|upkeep\n|turn|12\n|\n|t:|1700553888\n|switch|p1a: Tornadus|Tornadus-Therian, M|84\/100\n|move|p2a: Great Tusk|Rapid Spin|p1a: Tornadus\n|-damage|p1a: Tornadus|67\/100\n|-boost|p2a: Great Tusk|spe|1\n|-sideend|p2: Piyush21|Stealth Rock|[from] move: Rapid Spin|[of] p2a: Great Tusk\n|\n|upkeep\n|turn|13\n|\n|t:|1700553896\n|switch|p1a: Clefable|Clefable, M|100\/100\n|-end|p2a: Great Tusk|Protosynthesis|[silent]\n|switch|p2a: Zapdos|Zapdos|100\/100\n|\n|upkeep\n|turn|14\n|\n|t:|1700553902\n|move|p2a: Zapdos|Discharge|p1a: Clefable\n|-crit|p1a: Clefable\n|-damage|p1a: Clefable|50\/100\n|move|p1a: Clefable|Calm Mind|p1a: Clefable\n|-boost|p1a: Clefable|spa|1\n|-boost|p1a: Clefable|spd|1\n|\n|upkeep\n|turn|15\n|inactive|Piyush21 has 60 seconds left.\n|\n|t:|1700553938\n|move|p2a: Zapdos|Discharge|p1a: Clefable\n|-damage|p1a: Clefable|30\/100\n|move|p1a: Clefable|Moonlight|p1a: Clefable\n|-heal|p1a: Clefable|79\/100\n|\n|upkeep\n|turn|16\n|\n|t:|1700553943\n|move|p2a: Zapdos|Discharge|p1a: Clefable\n|-damage|p1a: Clefable|60\/100\n|move|p1a: Clefable|Moonblast|p2a: Zapdos\n|-damage|p2a: Zapdos|50\/100\n|\n|upkeep\n|turn|17\n|\n|t:|1700553957\n|move|p2a: Zapdos|Roost|p2a: Zapdos\n|-heal|p2a: Zapdos|99\/100\n|-singleturn|p2a: Zapdos|move: Roost\n|move|p1a: Clefable|Moonblast|p2a: Zapdos\n|-damage|p2a: Zapdos|51\/100\n|\n|upkeep\n|turn|18\n|\n|t:|1700553961\n|move|p2a: Zapdos|U-turn|p1a: Clefable\n|-resisted|p1a: Clefable\n|-damage|p1a: Clefable|54\/100\n|\n|t:|1700553963\n|switch|p2a: Slowking|Slowking-Galar, M|100\/100|[from] U-turn\n|move|p1a: Clefable|Moonblast|p2a: Slowking\n|-resisted|p2a: Slowking\n|-damage|p2a: Slowking|87\/100\n|-unboost|p2a: Slowking|spa|1\n|\n|upkeep\n|turn|19\n|\n|t:|1700553969\n|move|p1a: Clefable|Thunder Wave|p2a: Slowking|[miss]\n|-miss|p1a: Clefable|p2a: Slowking\n|move|p2a: Slowking|Sludge Bomb|p1a: Clefable\n|-supereffective|p1a: Clefable\n|-damage|p1a: Clefable|11\/100\n|\n|upkeep\n|turn|20\n|\n|t:|1700553975\n|-terastallize|p1a: Clefable|Poison\n|move|p1a: Clefable|Moonlight|p1a: Clefable\n|-heal|p1a: Clefable|61\/100\n|move|p2a: Slowking|Sludge Bomb|p1a: Clefable\n|-resisted|p1a: Clefable\n|-damage|p1a: Clefable|50\/100\n|\n|upkeep\n|turn|21\n|\n|t:|1700553979\n|move|p1a: Clefable|Moonlight|p1a: Clefable\n|-heal|p1a: Clefable|99\/100\n|move|p2a: Slowking|Future Sight|p1a: Clefable\n|-start|p2a: Slowking|move: Future Sight\n|\n|upkeep\n|turn|22\n|\n|t:|1700553997\n|switch|p2a: Clefable|Clefable, M|81\/100\n|move|p1a: Clefable|Thunder Wave|p2a: Clefable\n|-status|p2a: Clefable|par\n|\n|upkeep\n|turn|23\n|\n|t:|1700554003\n|move|p1a: Clefable|Calm Mind|p1a: Clefable\n|-boost|p1a: Clefable|spa|1\n|-boost|p1a: Clefable|spd|1\n|move|p2a: Clefable|Knock Off|p1a: Clefable\n|-damage|p1a: Clefable|85\/100\n|-enditem|p1a: Clefable|Heavy-Duty Boots|[from] move: Knock Off|[of] p2a: Clefable\n|\n|-end|p1a: Clefable|move: Future Sight\n|-supereffective|p1a: Clefable\n|-damage|p1a: Clefable|39\/100\n|upkeep\n|turn|24\n|\n|t:|1700554016\n|switch|p2a: Great Tusk|Great Tusk|100\/100\n|move|p1a: Clefable|Moonblast|p2a: Great Tusk\n|-supereffective|p2a: Great Tusk\n|-damage|p2a: Great Tusk|0 fnt\n|faint|p2a: Great Tusk\n|-end|p2a: Great Tusk|Protosynthesis|[silent]\n|\n|upkeep\n|\n|t:|1700554018\n|switch|p2a: Dragonite|Dragonite, M|100\/100\n|turn|25\n|\n|t:|1700554024\n|switch|p1a: Dragapult|Dragapult, M|94\/100\n|move|p2a: Dragonite|Earthquake|p1a: Dragapult\n|-damage|p1a: Dragapult|33\/100\n|\n|-heal|p1a: Dragapult|39\/100|[from] item: Leftovers\n|upkeep\n|turn|26\n|inactive|Piyush21 has 120 seconds left.\n|\n|t:|1700554034\n|switch|p2a: Slowking|Slowking-Galar, M|100\/100\n|move|p1a: Dragapult|Substitute|p1a: Dragapult\n|-start|p1a: Dragapult|Substitute\n|-damage|p1a: Dragapult|14\/100\n|\n|-heal|p1a: Dragapult|20\/100|[from] item: Leftovers\n|upkeep\n|turn|27\n|inactive|Piyush21 has 120 seconds left.\n|\n|t:|1700554060\n|move|p1a: Dragapult|Dragon Darts|p2a: Slowking\n|-damage|p2a: Slowking|77\/100\n|-anim|p1a: Dragapult|Dragon Darts|p2a: Slowking\n|-damage|p2a: Slowking|51\/100\n|move|p2a: Slowking|Future Sight|p1a: Dragapult\n|-start|p2a: Slowking|move: Future Sight\n|\n|-heal|p1a: Dragapult|26\/100|[from] item: Leftovers\n|upkeep\n|turn|28\n|\n|t:|1700554067\n|switch|p2a: Clefable|Clefable, M|81\/100 par\n|move|p1a: Dragapult|Dragon Darts|p2a: Clefable\n|-immune|p2a: Clefable\n|\n|-heal|p1a: Dragapult|32\/100|[from] item: Leftovers\n|upkeep\n|turn|29\n|\n|t:|1700554074\n|switch|p1a: Iron Treads|Iron Treads|84\/100\n|cant|p2a: Clefable|par\n|\n|-end|p1a: Iron Treads|move: Future Sight\n|-resisted|p1a: Iron Treads\n|-damage|p1a: Iron Treads|52\/100\n|upkeep\n|turn|30\n|inactive|Piyush21 has 120 seconds left.\n|\n|t:|1700554085\n|switch|p2a: Dragonite|Dragonite, M|100\/100\n|move|p1a: Iron Treads|Rapid Spin|p2a: Dragonite\n|-damage|p2a: Dragonite|95\/100\n|-boost|p1a: Iron Treads|spe|1\n|\n|upkeep\n|turn|31\n|\n|t:|1700554089\n|move|p1a: Iron Treads|Steel Beam|p2a: Dragonite\n|-damage|p2a: Dragonite|48\/100\n|-damage|p1a: Iron Treads|1\/100|[from] steelbeam\n|move|p2a: Dragonite|Dragon Dance|p2a: Dragonite\n|-boost|p2a: Dragonite|atk|1\n|-boost|p2a: Dragonite|spe|1\n|\n|upkeep\n|turn|32\n|inactive|Piyush21 has 120 seconds left.\n|inactive|Piyush21 has 90 seconds left.\n|\n|t:|1700554152\n|move|p2a: Dragonite|Extreme Speed|p1a: Iron Treads\n|-resisted|p1a: Iron Treads\n|-damage|p1a: Iron Treads|0 fnt\n|faint|p1a: Iron Treads\n|-end|p1a: Iron Treads|Quark Drive|[silent]\n|\n|upkeep\n|\n|t:|1700554171\n|switch|p1a: Tornadus|Tornadus-Therian, M|99\/100\n|turn|33\n|inactive|Piyush21 has 60 seconds left.\n|\n|t:|1700554226\n|switch|p2a: Zapdos|Zapdos|51\/100\n|move|p1a: Tornadus|Hurricane|p2a: Zapdos|[miss]\n|-miss|p1a: Tornadus|p2a: Zapdos\n|\n|upkeep\n|turn|34\n|\n|t:|1700554236\n|switch|p1a: Slowking|Slowking-Galar, F|100\/100\n|move|p2a: Zapdos|Discharge|p1a: Slowking\n|-damage|p1a: Slowking|87\/100\n|\n|upkeep\n|turn|35\n|\n|t:|1700554242\n|move|p2a: Zapdos|Discharge|p1a: Slowking\n|-damage|p1a: Slowking|74\/100\n|move|p1a: Slowking|Future Sight|p2a: Zapdos\n|-start|p1a: Slowking|move: Future Sight\n|\n|upkeep\n|turn|36\n|\n|t:|1700554247\n|move|p2a: Zapdos|Discharge|p1a: Slowking\n|-damage|p1a: Slowking|60\/100\n|move|p1a: Slowking|Sludge Bomb|p2a: Zapdos\n|-damage|p2a: Zapdos|19\/100\n|-status|p2a: Zapdos|psn\n|\n|-damage|p2a: Zapdos|6\/100 psn|[from] psn\n|upkeep\n|turn|37\n|\n|t:|1700554254\n|switch|p1a: Clefable|Clefable, M, tera:Poison|39\/100\n|move|p2a: Zapdos|Discharge|p1a: Clefable\n|-damage|p1a: Clefable|10\/100\n|\n|-end|p2a: Zapdos|move: Future Sight\n|-damage|p2a: Zapdos|0 fnt\n|faint|p2a: Zapdos\n|upkeep\n|\n|t:|1700554257\n|switch|p2a: Dragonite|Dragonite, M|48\/100\n|turn|38\n|\n|t:|1700554270\n|move|p2a: Dragonite|Earthquake|p1a: Clefable\n|-supereffective|p1a: Clefable\n|-damage|p1a: Clefable|0 fnt\n|faint|p1a: Clefable\n|\n|upkeep\n|\n|t:|1700554276\n|switch|p1a: Dragapult|Dragapult, M|32\/100\n|turn|39\n|\n|t:|1700554281\n|switch|p2a: Clefable|Clefable, M|81\/100 par\n|move|p1a: Dragapult|Dragon Darts|p2a: Clefable\n|-immune|p2a: Clefable\n|\n|-heal|p1a: Dragapult|38\/100|[from] item: Leftovers\n|upkeep\n|turn|40\n|\n|t:|1700554291\n|switch|p1a: Slowking|Slowking-Galar, F|93\/100\n|move|p2a: Clefable|Stealth Rock|p1a: Slowking\n|-sidestart|p1: egalvanc|move: Stealth Rock\n|\n|upkeep\n|turn|41\n|\n|t:|1700554300\n|switch|p2a: Slowking|Slowking-Galar, M|84\/100\n|move|p1a: Slowking|Sludge Bomb|p2a: Slowking\n|-resisted|p2a: Slowking\n|-damage|p2a: Slowking|76\/100\n|\n|upkeep\n|turn|42\n|\n|t:|1700554303\n|move|p2a: Slowking|Future Sight|p1a: Slowking\n|-start|p2a: Slowking|move: Future Sight\n|move|p1a: Slowking|Future Sight|p2a: Slowking\n|-start|p1a: Slowking|move: Future Sight\n|\n|upkeep\n|turn|43\n|\n|t:|1700554311\n|move|p1a: Slowking|Psychic|p2a: Slowking\n|-damage|p2a: Slowking|59\/100\n|move|p2a: Slowking|Sludge Bomb|p1a: Slowking\n|-resisted|p1a: Slowking\n|-damage|p1a: Slowking|86\/100\n|\n|upkeep\n|turn|44\n|\n|t:|1700554317\n|move|p1a: Slowking|Psychic|p2a: Slowking\n|-damage|p2a: Slowking|42\/100\n|move|p2a: Slowking|Sludge Bomb|p1a: Slowking\n|-resisted|p1a: Slowking\n|-damage|p1a: Slowking|80\/100\n|\n|-end|p1a: Slowking|move: Future Sight\n|-damage|p1a: Slowking|61\/100\n|-end|p2a: Slowking|move: Future Sight\n|-damage|p2a: Slowking|20\/100\n|upkeep\n|turn|45\n|\n|t:|1700554323\n|switch|p2a: Dragonite|Dragonite, M|48\/100\n|move|p1a: Slowking|Flamethrower|p2a: Dragonite\n|-resisted|p2a: Dragonite\n|-damage|p2a: Dragonite|38\/100\n|-status|p2a: Dragonite|brn\n|\n|-damage|p2a: Dragonite|32\/100 brn|[from] brn\n|upkeep\n|turn|46\n|inactive|Piyush21 has 120 seconds left.\n|\n|t:|1700554337\n|move|p2a: Dragonite|Roost|p2a: Dragonite\n|-heal|p2a: Dragonite|82\/100 brn\n|-singleturn|p2a: Dragonite|move: Roost\n|move|p1a: Slowking|Psychic|p2a: Dragonite\n|-damage|p2a: Dragonite|51\/100 brn\n|\n|-damage|p2a: Dragonite|45\/100 brn|[from] brn\n|upkeep\n|turn|47\n|inactive|Piyush21 has 120 seconds left.\n|\n|t:|1700554343\n|move|p2a: Dragonite|Roost|p2a: Dragonite\n|-heal|p2a: Dragonite|96\/100 brn\n|-singleturn|p2a: Dragonite|move: Roost\n|move|p1a: Slowking|Future Sight|p2a: Dragonite\n|-start|p1a: Slowking|move: Future Sight\n|\n|-damage|p2a: Dragonite|89\/100 brn|[from] brn\n|upkeep\n|turn|48\n|\n|t:|1700554356\n|switch|p1a: Tornadus|Tornadus-Therian, M|100\/100\n|-damage|p1a: Tornadus|76\/100|[from] Stealth Rock\n|move|p2a: Dragonite|Dragon Dance|p2a: Dragonite\n|-boost|p2a: Dragonite|atk|1\n|-boost|p2a: Dragonite|spe|1\n|\n|-damage|p2a: Dragonite|83\/100 brn|[from] brn\n|upkeep\n|turn|49\n|inactive|Piyush21 has 120 seconds left.\n|\n|t:|1700554390\n|move|p1a: Tornadus|Taunt|p2a: Dragonite\n|-start|p2a: Dragonite|move: Taunt\n|cant|p2a: Dragonite|move: Taunt|Dragon Dance\n|\n|-end|p2a: Dragonite|move: Future Sight\n|-damage|p2a: Dragonite|38\/100 brn\n|-damage|p2a: Dragonite|32\/100 brn|[from] brn\n|upkeep\n|turn|50\n|\n|t:|1700554396\n|switch|p2a: Clefable|Clefable, M|81\/100 par\n|move|p1a: Tornadus|Knock Off|p2a: Clefable\n|-resisted|p2a: Clefable\n|-damage|p2a: Clefable|76\/100 par\n|\n|upkeep\n|turn|51\n|\n|t:|1700554401\n|switch|p1a: Slowking|Slowking-Galar, F|94\/100\n|-damage|p1a: Slowking|82\/100|[from] Stealth Rock\n|move|p2a: Clefable|Moonblast|p1a: Slowking\n|-resisted|p1a: Slowking\n|-damage|p1a: Slowking|75\/100\n|-unboost|p1a: Slowking|spa|1\n|\n|upkeep\n|turn|52\n|inactive|Piyush21 has 120 seconds left.\n|\n|t:|1700554416\n|switch|p2a: Dragonite|Dragonite, M|32\/100 brn\n|move|p1a: Slowking|Sludge Bomb|p2a: Dragonite\n|-damage|p2a: Dragonite|12\/100 brn\n|\n|-damage|p2a: Dragonite|6\/100 brn|[from] brn\n|upkeep\n|turn|53\n|\n|t:|1700554422\n|switch|p1a: Dragapult|Dragapult, M|38\/100\n|-damage|p1a: Dragapult|26\/100|[from] Stealth Rock\n|move|p2a: Dragonite|Roost|p2a: Dragonite\n|-heal|p2a: Dragonite|56\/100 brn\n|-singleturn|p2a: Dragonite|move: Roost\n|\n|-heal|p1a: Dragapult|32\/100|[from] item: Leftovers\n|-damage|p2a: Dragonite|50\/100 brn|[from] brn\n|upkeep\n|turn|54\n|\n|t:|1700554429\n|switch|p2a: Clefable|Clefable, M|76\/100 par\n|move|p1a: Dragapult|Hex|p2a: Clefable\n|-damage|p2a: Clefable|40\/100 par\n|\n|-heal|p1a: Dragapult|38\/100|[from] item: Leftovers\n|upkeep\n|turn|55\n|inactive|Piyush21 has 120 seconds left.\n|inactive|Piyush21 has 90 seconds left.\n|\n|t:|1700554493\n|switch|p1a: Slowking|Slowking-Galar, F|100\/100\n|-damage|p1a: Slowking|88\/100|[from] Stealth Rock\n|-terastallize|p2a: Clefable|Dark\n|move|p2a: Clefable|Moonlight|p2a: Clefable\n|-heal|p2a: Clefable|90\/100 par\n|\n|upkeep\n|turn|56\n|inactive|Piyush21 has 90 seconds left.\n|\n|t:|1700554499\n|move|p1a: Slowking|Sludge Bomb|p2a: Clefable\n|-damage|p2a: Clefable|64\/100 par\n|cant|p2a: Clefable|par\n|\n|upkeep\n|turn|57\n|\n|t:|1700554505\n|move|p1a: Slowking|Sludge Bomb|p2a: Clefable\n|-damage|p2a: Clefable|38\/100 par\n|move|p2a: Clefable|Knock Off|p1a: Slowking\n|-supereffective|p1a: Slowking\n|-crit|p1a: Slowking\n|-damage|p1a: Slowking|23\/100\n|-enditem|p1a: Slowking|Assault Vest|[from] move: Knock Off|[of] p2a: Clefable\n|\n|upkeep\n|turn|58\n|\n|t:|1700554510\n|move|p1a: Slowking|Sludge Bomb|p2a: Clefable\n|-damage|p2a: Clefable|13\/100 par\n|move|p2a: Clefable|Moonlight|p2a: Clefable\n|-heal|p2a: Clefable|63\/100 par\n|\n|upkeep\n|turn|59\n|\n|t:|1700554516\n|move|p1a: Slowking|Sludge Bomb|p2a: Clefable\n|-damage|p2a: Clefable|37\/100 par\n|move|p2a: Clefable|Moonlight|p2a: Clefable\n|-heal|p2a: Clefable|87\/100 par\n|\n|upkeep\n|turn|60\n|\n|t:|1700554546\n|switch|p2a: Dragonite|Dragonite, M|50\/100 brn\n|move|p1a: Slowking|Sludge Bomb|p2a: Dragonite\n|-damage|p2a: Dragonite|17\/100 brn\n|\n|-damage|p2a: Dragonite|11\/100 brn|[from] brn\n|upkeep\n|turn|61\n|\n|t:|1700554551\n|move|p2a: Dragonite|Roost|p2a: Dragonite\n|-heal|p2a: Dragonite|61\/100 brn\n|-singleturn|p2a: Dragonite|move: Roost\n|move|p1a: Slowking|Future Sight|p2a: Dragonite\n|-start|p1a: Slowking|move: Future Sight\n|\n|-damage|p2a: Dragonite|55\/100 brn|[from] brn\n|upkeep\n|turn|62\n|\n|t:|1700554557\n|switch|p2a: Clefable|Clefable, M, tera:Dark|87\/100 par\n|switch|p1a: Tornadus|Tornadus-Therian, M|100\/100\n|-damage|p1a: Tornadus|76\/100|[from] Stealth Rock\n|\n|upkeep\n|turn|63\n|\n|t:|1700554564\n|move|p1a: Tornadus|Hurricane|p2a: Clefable\n|-damage|p2a: Clefable|51\/100 par\n|move|p2a: Clefable|Moonblast|p1a: Tornadus\n|-damage|p1a: Tornadus|42\/100\n|\n|-end|p2a: Clefable|move: Future Sight\n|-immune|p2a: Clefable\n|upkeep\n|turn|64\n|inactive|Piyush21 has 120 seconds left.\n|\n|t:|1700554573\n|switch|p1a: Slowking|Slowking-Galar, F|57\/100\n|-damage|p1a: Slowking|44\/100|[from] Stealth Rock\n|cant|p2a: Clefable|par\n|\n|upkeep\n|turn|65\n|\n|t:|1700554578\n|switch|p1a: Tornadus|Tornadus-Therian, M|75\/100\n|-damage|p1a: Tornadus|51\/100|[from] Stealth Rock\n|move|p2a: Clefable|Moonlight|p2a: Clefable\n|-heal|p2a: Clefable|100\/100 par\n|\n|upkeep\n|turn|66\n|\n|t:|1700554584\n|switch|p1a: Slowking|Slowking-Galar, F|77\/100\n|-damage|p1a: Slowking|65\/100|[from] Stealth Rock\n|cant|p2a: Clefable|par\n|\n|upkeep\n|turn|67\n|\n|t:|1700554589\n|move|p1a: Slowking|Sludge Bomb|p2a: Clefable\n|-damage|p2a: Clefable|75\/100 par\n|move|p2a: Clefable|Knock Off|p1a: Slowking\n|-supereffective|p1a: Slowking\n|-damage|p1a: Slowking|34\/100\n|\n|upkeep\n|turn|68\n|inactive|Piyush21 has 150 seconds left.\n|\n|t:|1700554594\n|switch|p1a: Tornadus|Tornadus-Therian, M|84\/100\n|-damage|p1a: Tornadus|59\/100|[from] Stealth Rock\n|move|p2a: Clefable|Moonlight|p2a: Clefable\n|-heal|p2a: Clefable|100\/100 par\n|\n|upkeep\n|turn|69\n|\n|t:|1700554598\n|switch|p1a: Slowking|Slowking-Galar, F|67\/100\n|-damage|p1a: Slowking|55\/100|[from] Stealth Rock\n|move|p2a: Clefable|Knock Off|p1a: Slowking\n|-supereffective|p1a: Slowking\n|-damage|p1a: Slowking|23\/100\n|\n|upkeep\n|turn|70\n|\n|t:|1700554610\n|switch|p1a: Tornadus|Tornadus-Therian, M|92\/100\n|-damage|p1a: Tornadus|67\/100|[from] Stealth Rock\n|cant|p2a: Clefable|par\n|\n|upkeep\n|turn|71\n|\n|t:|1700554614\n|move|p1a: Tornadus|Hurricane|p2a: Clefable\n|-damage|p2a: Clefable|70\/100 par\n|-start|p2a: Clefable|confusion\n|-activate|p2a: Clefable|confusion\n|move|p2a: Clefable|Moonblast|p1a: Tornadus\n|-damage|p1a: Tornadus|36\/100\n|\n|upkeep\n|turn|72\n|\n|t:|1700554623\n|switch|p1a: Slowking|Slowking-Galar, F|56\/100\n|-damage|p1a: Slowking|43\/100|[from] Stealth Rock\n|switch|p2a: Slowking|Slowking-Galar, M|54\/100\n|\n|upkeep\n|turn|73\n|inactive|Piyush21 has 180 seconds left.\n|\n|t:|1700554654\n|move|p2a: Slowking|Future Sight|p1a: Slowking\n|-start|p2a: Slowking|move: Future Sight\n|move|p1a: Slowking|Future Sight|p2a: Slowking\n|-start|p1a: Slowking|move: Future Sight\n|\n|upkeep\n|turn|74\n|\n|t:|1700554660\n|switch|p2a: Clefable|Clefable, M, tera:Dark|70\/100 par\n|move|p1a: Slowking|Psychic|p2a: Clefable\n|-immune|p2a: Clefable\n|\n|upkeep\n|turn|75\n|\n|t:|1700554665\n|move|p1a: Slowking|Sludge Bomb|p2a: Clefable\n|-damage|p2a: Clefable|43\/100 par\n|move|p2a: Clefable|Moonlight|p2a: Clefable\n|-heal|p2a: Clefable|93\/100 par\n|\n|-end|p1a: Slowking|move: Future Sight\n|-damage|p1a: Slowking|17\/100\n|-end|p2a: Clefable|move: Future Sight\n|-immune|p2a: Clefable\n|upkeep\n|turn|76\n|\n|t:|1700554671\n|switch|p1a: Tornadus|Tornadus-Therian, M|69\/100\n|-damage|p1a: Tornadus|45\/100|[from] Stealth Rock\n|switch|p2a: Dragonite|Dragonite, M|55\/100 brn\n|\n|-damage|p2a: Dragonite|49\/100 brn|[from] brn\n|upkeep\n|turn|77\n|inactive|Piyush21 has 180 seconds left.\n|\n|t:|1700554677\n|move|p1a: Tornadus|Taunt|p2a: Dragonite\n|-start|p2a: Dragonite|move: Taunt\n|cant|p2a: Dragonite|move: Taunt|Roost\n|\n|-damage|p2a: Dragonite|43\/100 brn|[from] brn\n|upkeep\n|turn|78\n|\n|t:|1700554680\n|switch|p2a: Clefable|Clefable, M, tera:Dark|93\/100 par\n|move|p1a: Tornadus|Knock Off|p2a: Clefable\n|-resisted|p2a: Clefable\n|-damage|p2a: Clefable|87\/100 par\n|\n|upkeep\n|turn|79\n|\n|t:|1700554684\n|switch|p1a: Slowking|Slowking-Galar, F|50\/100\n|-damage|p1a: Slowking|38\/100|[from] Stealth Rock\n|cant|p2a: Clefable|par\n|\n|upkeep\n|turn|80\n|\n|t:|1700554689\n|move|p1a: Slowking|Sludge Bomb|p2a: Clefable\n|-damage|p2a: Clefable|58\/100 par\n|move|p2a: Clefable|Knock Off|p1a: Slowking\n|-supereffective|p1a: Slowking\n|-damage|p1a: Slowking|7\/100\n|\n|upkeep\n|turn|81\n|\n|t:|1700554694\n|move|p1a: Slowking|Sludge Bomb|p2a: Clefable\n|-damage|p2a: Clefable|32\/100 par\n|move|p2a: Clefable|Moonlight|p2a: Clefable\n|-heal|p2a: Clefable|82\/100 par\n|\n|upkeep\n|turn|82\n|\n|t:|1700554700\n|switch|p2a: Slowking|Slowking-Galar, M|87\/100\n|move|p1a: Slowking|Sludge Bomb|p2a: Slowking\n|-resisted|p2a: Slowking\n|-damage|p2a: Slowking|79\/100\n|\n|upkeep\n|turn|83\n|\n|t:|1700554703\n|move|p1a: Slowking|Future Sight|p2a: Slowking\n|-start|p1a: Slowking|move: Future Sight\n|move|p2a: Slowking|Sludge Bomb|p1a: Slowking\n|-resisted|p1a: Slowking\n|-damage|p1a: Slowking|0 fnt\n|faint|p1a: Slowking\n|\n|upkeep\n|\n|t:|1700554712\n|switch|p1a: Ogerpon|Ogerpon-Wellspring, F|26\/100\n|-damage|p1a: Ogerpon|14\/100|[from] Stealth Rock\n|turn|84\n|\n|t:|1700554718\n|move|p1a: Ogerpon|Ivy Cudgel|p2a: Slowking|[anim] Ivy Cudgel Water\n|-crit|p2a: Slowking\n|-damage|p2a: Slowking|7\/100\n|move|p2a: Slowking|Sludge Bomb|p1a: Ogerpon\n|-supereffective|p1a: Ogerpon\n|-damage|p1a: Ogerpon|0 fnt\n|faint|p1a: Ogerpon\n|\n|upkeep\n|\n|t:|1700554724\n|switch|p1a: Dragapult|Dragapult, M|38\/100\n|-damage|p1a: Dragapult|26\/100|[from] Stealth Rock\n|turn|85\n|\n|t:|1700554730\n|move|p1a: Dragapult|Dragon Darts|p2a: Slowking\n|-damage|p2a: Slowking|0 fnt\n|faint|p2a: Slowking\n|\n|-hint|Future Sight did not hit because the target is fainted.\n|-heal|p1a: Dragapult|32\/100|[from] item: Leftovers\n|upkeep\n|\n|t:|1700554733\n|switch|p2a: Clefable|Clefable, M, tera:Dark|82\/100 par\n|turn|86\n|\n|t:|1700554739\n|move|p1a: Dragapult|Substitute|p1a: Dragapult\n|-start|p1a: Dragapult|Substitute\n|-damage|p1a: Dragapult|7\/100\n|move|p2a: Clefable|Moonblast|p1a: Dragapult\n|-supereffective|p1a: Dragapult\n|-end|p1a: Dragapult|Substitute\n|\n|-heal|p1a: Dragapult|13\/100|[from] item: Leftovers\n|upkeep\n|turn|87\n|\n|t:|1700554743\n|move|p1a: Dragapult|Dragon Darts|p2a: Clefable\n|-damage|p2a: Clefable|58\/100 par\n|-anim|p1a: Dragapult|Dragon Darts|p2a: Clefable\n|-damage|p2a: Clefable|33\/100 par\n|cant|p2a: Clefable|par\n|\n|-heal|p1a: Dragapult|19\/100|[from] item: Leftovers\n|upkeep\n|turn|88\n|\n|t:|1700554757\n|move|p1a: Dragapult|Dragon Darts|p2a: Clefable\n|-damage|p2a: Clefable|9\/100 par\n|-anim|p1a: Dragapult|Dragon Darts|p2a: Clefable\n|-damage|p2a: Clefable|0 fnt\n|faint|p2a: Clefable\n|\n|-heal|p1a: Dragapult|25\/100|[from] item: Leftovers\n|upkeep\n|\n|t:|1700554759\n|switch|p2a: Dragonite|Dragonite, M|43\/100 brn\n|turn|89\n|\n|t:|1700554762\n|move|p1a: Dragapult|Dragon Darts|p2a: Dragonite\n|-supereffective|p2a: Dragonite\n|-damage|p2a: Dragonite|0 fnt\n|faint|p2a: Dragonite\n|\n|win|egalvanc\n|c|\u2606egalvanc|gg bro\n","uploadtime":1700554763,"views":88,"p1id":"egalvanc","p2id":"piyush21","formatid":"gen9ou","rating":0,"private":0,"password":""}