{"id":"smogtours-gen9ou-732298","p1":"Aberforth","p2":"ROSE VILLAIN","format":"[Gen 9] OU","log":"|inactive|Battle timer is ON: inactive players will automatically lose when time's up.\n|t:|1700910550\n|gametype|singles\n|player|p1|Aberforth|#scl3machines|\n|player|p2|ROSE VILLAIN|#scl3spartans2|\n|teamsize|p1|6\n|teamsize|p2|6\n|gen|9\n|tier|[Gen 9] OU\n|rule|Sleep Clause Mod: Limit one foe put to sleep\n|rule|Species Clause: Limit one of each Pok\u00e9mon\n|rule|OHKO Clause: OHKO moves are banned\n|rule|Evasion Items Clause: Evasion items are banned\n|rule|Evasion Moves Clause: Evasion moves are banned\n|rule|Endless Battle Clause: Forcing endless battles is banned\n|rule|HP Percentage Mod: HP is shown in percentages\n|clearpoke\n|poke|p1|Cinderace, F|\n|poke|p1|Kingambit, F|\n|poke|p1|Manaphy|\n|poke|p1|Great Tusk|\n|poke|p1|Zapdos|\n|poke|p1|Slowking-Galar, M|\n|poke|p2|Rillaboom, M|\n|poke|p2|Ogerpon-Cornerstone, F|\n|poke|p2|Manaphy|\n|poke|p2|Heatran, F|\n|poke|p2|Great Tusk|\n|poke|p2|Dragapult, F|\n|teampreview\n|inactive|ROSE VILLAIN also wants the timer to be on.\n|c|\u2606ROSE VILLAIN|hf\n|inactive|Aberforth has 270 seconds left.\n|inactive|ROSE VILLAIN has 270 seconds left.\n|inactive|Aberforth has 240 seconds left.\n|\n|t:|1700910629\n|start\n|switch|p1a: Cinderace|Cinderace, F|100\/100\n|switch|p2a: Manaphy|Manaphy|100\/100\n|turn|1\n|\n|t:|1700910638\n|move|p1a: Cinderace|U-turn|p2a: Manaphy\n|-start|p1a: Cinderace|typechange|Bug|[from] ability: Libero\n|-damage|p2a: Manaphy|72\/100\n|\n|t:|1700910644\n|switch|p1a: Slowking|Slowking-Galar, M|100\/100|[from] U-turn\n|move|p2a: Manaphy|Take Heart|p2a: Manaphy\n|-boost|p2a: Manaphy|spa|1\n|-boost|p2a: Manaphy|spd|1\n|\n|-heal|p2a: Manaphy|78\/100|[from] item: Leftovers\n|upkeep\n|turn|2\n|\n|t:|1700910657\n|move|p2a: Manaphy|Take Heart|p2a: Manaphy\n|-boost|p2a: Manaphy|spa|1\n|-boost|p2a: Manaphy|spd|1\n|move|p1a: Slowking|Chilly Reception|p1a: Slowking\n|-weather|Snow\n|\n|t:|1700910659\n|switch|p1a: Manaphy|Manaphy|100\/100|[from] Chilly Reception\n|\n|-weather|Snow|[upkeep]\n|-heal|p2a: Manaphy|85\/100|[from] item: Leftovers\n|upkeep\n|turn|3\n|\n|t:|1700910665\n|move|p1a: Manaphy|Tail Glow|p1a: Manaphy\n|-boost|p1a: Manaphy|spa|3\n|move|p2a: Manaphy|Take Heart|p2a: Manaphy\n|-boost|p2a: Manaphy|spa|1\n|-boost|p2a: Manaphy|spd|1\n|\n|-weather|Snow|[upkeep]\n|-heal|p2a: Manaphy|91\/100|[from] item: Leftovers\n|upkeep\n|turn|4\n|\n|t:|1700910671\n|move|p1a: Manaphy|Energy Ball|p2a: Manaphy\n|-supereffective|p2a: Manaphy\n|-damage|p2a: Manaphy|51\/100\n|move|p2a: Manaphy|Stored Power|p1a: Manaphy\n|-damage|p1a: Manaphy|27\/100\n|\n|-weather|Snow|[upkeep]\n|-heal|p1a: Manaphy|33\/100|[from] item: Leftovers\n|-heal|p2a: Manaphy|57\/100|[from] item: Leftovers\n|upkeep\n|turn|5\n|\n|t:|1700910695\n|move|p1a: Manaphy|Energy Ball|p2a: Manaphy\n|-supereffective|p2a: Manaphy\n|-damage|p2a: Manaphy|12\/100\n|move|p2a: Manaphy|Stored Power|p1a: Manaphy\n|-crit|p1a: Manaphy\n|-damage|p1a: Manaphy|0 fnt\n|faint|p1a: Manaphy\n|\n|-weather|Snow|[upkeep]\n|-heal|p2a: Manaphy|18\/100|[from] item: Leftovers\n|upkeep\n|\n|t:|1700910704\n|switch|p1a: Cinderace|Cinderace, F|100\/100\n|turn|6\n|\n|t:|1700910720\n|switch|p2a: Dragapult|Dragapult, F|100\/100\n|move|p1a: Cinderace|Pyro Ball|p2a: Dragapult|[miss]\n|-miss|p1a: Cinderace|p2a: Dragapult\n|\n|-weather|none\n|upkeep\n|turn|7\n|\n|t:|1700910737\n|switch|p1a: Slowking|Slowking-Galar, M|100\/100\n|move|p2a: Dragapult|Thunder Wave|p1a: Slowking|[miss]\n|-miss|p2a: Dragapult|p1a: Slowking\n|\n|upkeep\n|turn|8\n|\n|t:|1700910744\n|move|p2a: Dragapult|Thunder Wave|p1a: Slowking\n|-status|p1a: Slowking|par\n|move|p1a: Slowking|Future Sight|p2a: Dragapult\n|-start|p1a: Slowking|move: Future Sight\n|\n|upkeep\n|turn|9\n|\n|t:|1700910751\n|switch|p1a: Kingambit|Kingambit, F|100\/100\n|-activate|p1a: Kingambit|ability: Supreme Overlord\n|-start|p1a: Kingambit|fallen1|[silent]\n|move|p2a: Dragapult|Hex|p1a: Kingambit\n|-resisted|p1a: Kingambit\n|-crit|p1a: Kingambit\n|-damage|p1a: Kingambit|76\/100\n|\n|upkeep\n|turn|10\n|\n|t:|1700910759\n|switch|p2a: Manaphy|Manaphy|18\/100\n|move|p1a: Kingambit|Kowtow Cleave|p2a: Manaphy\n|-damage|p2a: Manaphy|0 fnt\n|faint|p2a: Manaphy\n|\n|-hint|Future Sight did not hit because the target is fainted.\n|upkeep\n|\n|t:|1700910771\n|switch|p2a: Heatran|Heatran, F|100\/100\n|-item|p2a: Heatran|Air Balloon\n|turn|11\n|\n|t:|1700910777\n|-end|p1a: Kingambit|fallen1|[silent]\n|switch|p1a: Cinderace|Cinderace, F|100\/100\n|move|p2a: Heatran|Magma Storm|p1a: Cinderace\n|-resisted|p1a: Cinderace\n|-damage|p1a: Cinderace|69\/100\n|-activate|p1a: Cinderace|move: Magma Storm|[of] p2a: Heatran\n|\n|-damage|p1a: Cinderace|56\/100|[from] move: Magma Storm|[partiallytrapped]\n|upkeep\n|turn|12\n|\n|t:|1700910784\n|switch|p2a: Dragapult|Dragapult, F|100\/100\n|move|p1a: Cinderace|Low Kick|p2a: Dragapult\n|-start|p1a: Cinderace|typechange|Fighting|[from] ability: Libero\n|-immune|p2a: Dragapult\n|\n|-end|p1a: Cinderace|Magma Storm|[partiallytrapped]|[silent]\n|upkeep\n|turn|13\n|\n|t:|1700910794\n|switch|p1a: Slowking|Slowking-Galar, M|100\/100 par\n|move|p2a: Dragapult|Will-O-Wisp||[still]\n|-fail|p2a: Dragapult\n|\n|upkeep\n|turn|14\n|\n|t:|1700910798\n|move|p2a: Dragapult|Hex|p1a: Slowking\n|-supereffective|p1a: Slowking\n|-damage|p1a: Slowking|38\/100 par\n|move|p1a: Slowking|Chilly Reception|p1a: Slowking\n|-weather|Snow\n|\n|t:|1700910803\n|switch|p1a: Zapdos|Zapdos|100\/100|[from] Chilly Reception\n|\n|-weather|Snow|[upkeep]\n|upkeep\n|turn|15\n|\n|t:|1700910827\n|switch|p2a: Ogerpon|Ogerpon-Cornerstone, F|100\/100\n|move|p1a: Zapdos|Thunder Wave|p2a: Ogerpon\n|-status|p2a: Ogerpon|par\n|\n|-weather|Snow|[upkeep]\n|upkeep\n|turn|16\n|\n|t:|1700910841\n|move|p1a: Zapdos|Volt Switch|p2a: Ogerpon\n|-resisted|p2a: Ogerpon\n|-damage|p2a: Ogerpon|85\/100 par\n|\n|t:|1700910845\n|switch|p1a: Great Tusk|Great Tusk|100\/100|[from] Volt Switch\n|move|p2a: Ogerpon|Power Whip|p1a: Great Tusk\n|-supereffective|p1a: Great Tusk\n|-crit|p1a: Great Tusk\n|-damage|p1a: Great Tusk|8\/100\n|-damage|p2a: Ogerpon|69\/100 par|[from] item: Rocky Helmet|[of] p1a: Great Tusk\n|\n|-weather|Snow|[upkeep]\n|upkeep\n|turn|17\n|inactive|ROSE VILLAIN has 270 seconds left.\n|\n|t:|1700910872\n|move|p1a: Great Tusk|Stealth Rock|p2a: Ogerpon\n|-sidestart|p2: ROSE VILLAIN|move: Stealth Rock\n|move|p2a: Ogerpon|Low Kick|p1a: Great Tusk\n|-damage|p1a: Great Tusk|0 fnt\n|-damage|p2a: Ogerpon|52\/100 par|[from] item: Rocky Helmet|[of] p1a: Great Tusk\n|faint|p1a: Great Tusk\n|-end|p1a: Great Tusk|Protosynthesis|[silent]\n|\n|-weather|Snow|[upkeep]\n|upkeep\n|inactive|Aberforth has 270 seconds left.\n|\n|t:|1700910911\n|switch|p1a: Cinderace|Cinderace, F|56\/100\n|turn|18\n|inactive|ROSE VILLAIN has 270 seconds left.\n|\n|t:|1700910933\n|move|p1a: Cinderace|Pyro Ball|p2a: Ogerpon\n|-damage|p2a: Ogerpon|0 fnt\n|faint|p2a: Ogerpon\n|\n|-weather|none\n|upkeep\n|inactive|ROSE VILLAIN has 270 seconds left.\n|\n|t:|1700910941\n|switch|p2a: Great Tusk|Great Tusk|100\/100\n|-damage|p2a: Great Tusk|97\/100|[from] Stealth Rock\n|-enditem|p2a: Great Tusk|Booster Energy\n|-activate|p2a: Great Tusk|ability: Protosynthesis|[fromitem]\n|-start|p2a: Great Tusk|protosynthesisspe\n|turn|19\n|\n|t:|1700910947\n|switch|p1a: Zapdos|Zapdos|100\/100\n|move|p2a: Great Tusk|Bulk Up|p2a: Great Tusk\n|-boost|p2a: Great Tusk|atk|1\n|-boost|p2a: Great Tusk|def|1\n|\n|upkeep\n|turn|20\n|inactive|Aberforth has 270 seconds left.\n|\n|t:|1700910962\n|-terastallize|p2a: Great Tusk|Ice\n|move|p2a: Great Tusk|Ice Spinner|p1a: Zapdos\n|-supereffective|p1a: Zapdos\n|-damage|p1a: Zapdos|7\/100\n|-status|p2a: Great Tusk|par|[from] ability: Static|[of] p1a: Zapdos\n|move|p1a: Zapdos|Hurricane|p2a: Great Tusk\n|-damage|p2a: Great Tusk|38\/100 par\n|-start|p2a: Great Tusk|confusion\n|\n|upkeep\n|turn|21\n|inactive|Aberforth has 270 seconds left.\n|\n|t:|1700910978\n|move|p1a: Zapdos|Hurricane|p2a: Great Tusk\n|-damage|p2a: Great Tusk|0 fnt\n|faint|p2a: Great Tusk\n|-end|p2a: Great Tusk|Protosynthesis|[silent]\n|\n|upkeep\n|\n|t:|1700910985\n|switch|p2a: Dragapult|Dragapult, F|100\/100\n|turn|22\n|inactive|Aberforth has 270 seconds left.\n|inactive|ROSE VILLAIN has 270 seconds left.\n|inactive|Aberforth has 240 seconds left.\n|inactive|ROSE VILLAIN has 240 seconds left.\n|\n|t:|1700911049\n|move|p2a: Dragapult|Draco Meteor|p1a: Zapdos\n|-damage|p1a: Zapdos|0 fnt\n|-unboost|p2a: Dragapult|spa|2\n|faint|p1a: Zapdos\n|\n|upkeep\n|\n|t:|1700911054\n|switch|p1a: Kingambit|Kingambit, F|76\/100\n|-activate|p1a: Kingambit|ability: Supreme Overlord\n|-start|p1a: Kingambit|fallen3|[silent]\n|turn|23\n|inactive|ROSE VILLAIN has 240 seconds left.\n|\n|t:|1700911077\n|move|p2a: Dragapult|Will-O-Wisp|p1a: Kingambit\n|-status|p1a: Kingambit|brn\n|move|p1a: Kingambit|Swords Dance|p1a: Kingambit\n|-boost|p1a: Kingambit|atk|2\n|\n|-damage|p1a: Kingambit|70\/100 brn|[from] brn\n|upkeep\n|turn|24\n|inactive|ROSE VILLAIN has 240 seconds left.\n|\n|t:|1700911089\n|switch|p2a: Rillaboom|Rillaboom, M|100\/100\n|-damage|p2a: Rillaboom|88\/100|[from] Stealth Rock\n|-fieldstart|move: Grassy Terrain|[from] ability: Grassy Surge|[of] p2a: Rillaboom\n|move|p1a: Kingambit|Kowtow Cleave|p2a: Rillaboom\n|-damage|p2a: Rillaboom|20\/100\n|\n|-heal|p2a: Rillaboom|26\/100|[from] Grassy Terrain\n|-heal|p1a: Kingambit|76\/100 brn|[from] Grassy Terrain\n|-damage|p1a: Kingambit|70\/100 brn|[from] brn\n|upkeep\n|turn|25\n|inactive|ROSE VILLAIN has 240 seconds left.\n|inactive|Aberforth has 210 seconds left.\n|\n|t:|1700911115\n|-end|p1a: Kingambit|fallen3|[silent]\n|switch|p1a: Slowking|Slowking-Galar, M|71\/100 par\n|move|p2a: Rillaboom|Grassy Glide|p1a: Slowking\n|-resisted|p1a: Slowking\n|-damage|p1a: Slowking|50\/100 par\n|\n|-heal|p2a: Rillaboom|32\/100|[from] Grassy Terrain\n|-heal|p1a: Slowking|57\/100 par|[from] Grassy Terrain\n|upkeep\n|turn|26\n|inactive|Aberforth has 210 seconds left.\n|\n|t:|1700911124\n|move|p2a: Rillaboom|Knock Off|p1a: Slowking\n|-supereffective|p1a: Slowking\n|-damage|p1a: Slowking|0 fnt\n|-enditem|p1a: Slowking|Heavy-Duty Boots|[from] move: Knock Off|[of] p2a: Rillaboom\n|faint|p1a: Slowking\n|\n|-heal|p2a: Rillaboom|38\/100|[from] Grassy Terrain\n|upkeep\n|\n|t:|1700911128\n|switch|p1a: Cinderace|Cinderace, F|56\/100\n|turn|27\n|inactive|Aberforth has 210 seconds left.\n|inactive|ROSE VILLAIN has 240 seconds left.\n|\n|t:|1700911169\n|move|p2a: Rillaboom|Grassy Glide|p1a: Cinderace\n|-resisted|p1a: Cinderace\n|-damage|p1a: Cinderace|30\/100\n|move|p1a: Cinderace|Low Kick|p2a: Rillaboom\n|-start|p1a: Cinderace|typechange|Fighting|[from] ability: Libero\n|-damage|p2a: Rillaboom|1\/100\n|\n|-heal|p1a: Cinderace|36\/100|[from] Grassy Terrain\n|-heal|p2a: Rillaboom|7\/100|[from] Grassy Terrain\n|upkeep\n|turn|28\n|\n|t:|1700911178\n|move|p2a: Rillaboom|Grassy Glide|p1a: Cinderace\n|-damage|p1a: Cinderace|0 fnt\n|faint|p1a: Cinderace\n|\n|-heal|p2a: Rillaboom|13\/100|[from] Grassy Terrain\n|-fieldend|move: Grassy Terrain\n|upkeep\n|\n|t:|1700911182\n|switch|p1a: Kingambit|Kingambit, F|70\/100 brn\n|-activate|p1a: Kingambit|ability: Supreme Overlord\n|-start|p1a: Kingambit|fallen5|[silent]\n|turn|29\n|inactive|ROSE VILLAIN has 240 seconds left.\n|\n|t:|1700911198\n|move|p2a: Rillaboom|Knock Off|p1a: Kingambit\n|-resisted|p1a: Kingambit\n|-damage|p1a: Kingambit|56\/100 brn\n|-enditem|p1a: Kingambit|Black Glasses|[from] move: Knock Off|[of] p2a: Rillaboom\n|move|p1a: Kingambit|Swords Dance|p1a: Kingambit\n|-boost|p1a: Kingambit|atk|2\n|\n|-damage|p1a: Kingambit|50\/100 brn|[from] brn\n|upkeep\n|turn|30\n|inactive|ROSE VILLAIN has 240 seconds left.\n|\n|t:|1700911226\n|move|p1a: Kingambit|Sucker Punch|p2a: Rillaboom\n|-damage|p2a: Rillaboom|0 fnt\n|faint|p2a: Rillaboom\n|\n|-damage|p1a: Kingambit|44\/100 brn|[from] brn\n|upkeep\n|\n|t:|1700911235\n|switch|p2a: Heatran|Heatran, F|100\/100\n|-damage|p2a: Heatran|88\/100|[from] Stealth Rock\n|-item|p2a: Heatran|Air Balloon\n|turn|31\n|inactive|Aberforth has 210 seconds left.\n|inactive|ROSE VILLAIN has 210 seconds left.\n|\n|t:|1700911267\n|-terastallize|p1a: Kingambit|Dark\n|move|p1a: Kingambit|Sucker Punch|p2a: Heatran\n|-damage|p2a: Heatran|18\/100\n|-enditem|p2a: Heatran|Air Balloon\n|move|p2a: Heatran|Earth Power|p1a: Kingambit\n|-damage|p1a: Kingambit|13\/100 brn\n|\n|-damage|p1a: Kingambit|7\/100 brn|[from] brn\n|upkeep\n|turn|32\n|\n|t:|1700911296\n|move|p2a: Heatran|Earth Power|p1a: Kingambit\n|-damage|p1a: Kingambit|0 fnt\n|faint|p1a: Kingambit\n|-end|p1a: Kingambit|fallen5|[silent]\n|\n|win|ROSE VILLAIN\n","uploadtime":1700911297,"views":154,"p1id":"aberforth","p2id":"rosevillain","formatid":"gen9ou","rating":0,"private":0,"password":""}