{"id":"smogtours-gen9ou-731175","p1":"MrBanana45","p2":"SEROO","format":"[Gen 9] OU","log":"|inactive|Battle timer is ON: inactive players will automatically lose when time's up.\n|t:|1700327176\n|gametype|singles\n|player|p1|MrBanana45|smasher|\n|player|p2|SEROO|teacher-gen2|\n|teamsize|p1|6\n|teamsize|p2|6\n|gen|9\n|tier|[Gen 9] OU\n|rule|Sleep Clause Mod: Limit one foe put to sleep\n|rule|Species Clause: Limit one of each Pok\u00e9mon\n|rule|OHKO Clause: OHKO moves are banned\n|rule|Evasion Items Clause: Evasion items are banned\n|rule|Evasion Moves Clause: Evasion moves are banned\n|rule|Endless Battle Clause: Forcing endless battles is banned\n|rule|HP Percentage Mod: HP is shown in percentages\n|clearpoke\n|poke|p1|Ogerpon-Cornerstone, F|\n|poke|p1|Skeledirge, M|\n|poke|p1|Rillaboom, F|\n|poke|p1|Kingambit, F|\n|poke|p1|Mandibuzz, F|\n|poke|p1|Clodsire, F|\n|poke|p2|Ribombee, M|\n|poke|p2|Ogerpon-Wellspring, F|\n|poke|p2|Gholdengo|\n|poke|p2|Manaphy|\n|poke|p2|Kingambit, F|\n|poke|p2|Great Tusk|\n|teampreview\n|inactive|SEROO also wants the timer to be on.\n|c|\u2606SEROO|hf\n|c|\u2606MrBanana45|hf\n|inactive|MrBanana45 has 270 seconds left.\n|inactive|SEROO has 270 seconds left.\n|inactive|MrBanana45 has 240 seconds left.\n|inactive|MrBanana45 has 210 seconds left.\n|\n|t:|1700327297\n|start\n|switch|p1a: Rillaboom|Rillaboom, F|100\/100\n|switch|p2a: L'Or\u00e9al Paris|Ribombee, M, shiny|100\/100\n|-fieldstart|move: Grassy Terrain|[from] ability: Grassy Surge|[of] p1a: Rillaboom\n|turn|1\n|\n|t:|1700327309\n|switch|p1a: Clodsire|Clodsire, F|100\/100\n|move|p2a: L'Or\u00e9al Paris|Moonblast|p1a: Clodsire\n|-resisted|p1a: Clodsire\n|-damage|p1a: Clodsire|90\/100\n|\n|-heal|p1a: Clodsire|96\/100|[from] Grassy Terrain\n|upkeep\n|turn|2\n|\n|t:|1700327315\n|switch|p2a: FUTURE NOSTALGIA|Gholdengo|100\/100\n|-item|p2a: FUTURE NOSTALGIA|Air Balloon\n|move|p1a: Clodsire|Toxic|p2a: FUTURE NOSTALGIA\n|-immune|p2a: FUTURE NOSTALGIA|[from] ability: Good as Gold\n|\n|-heal|p1a: Clodsire|100\/100|[from] Grassy Terrain\n|upkeep\n|turn|3\n|\n|t:|1700327324\n|switch|p2a: 1998 TRUMAN|Great Tusk|100\/100\n|-enditem|p2a: 1998 TRUMAN|Booster Energy\n|-activate|p2a: 1998 TRUMAN|ability: Protosynthesis|[fromitem]\n|-start|p2a: 1998 TRUMAN|protosynthesisatk\n|move|p1a: Clodsire|Stealth Rock|p2a: 1998 TRUMAN\n|-sidestart|p2: SEROO|move: Stealth Rock\n|\n|upkeep\n|turn|4\n|\n|t:|1700327334\n|switch|p1a: Mandibuzz|Mandibuzz, F|100\/100\n|move|p2a: 1998 TRUMAN|Rapid Spin|p1a: Mandibuzz\n|-damage|p1a: Mandibuzz|88\/100\n|-boost|p2a: 1998 TRUMAN|spe|1\n|-sideend|p2: SEROO|Stealth Rock|[from] move: Rapid Spin|[of] p2a: 1998 TRUMAN\n|\n|upkeep\n|turn|5\n|\n|t:|1700327350\n|move|p2a: 1998 TRUMAN|Ice Spinner|p1a: Mandibuzz\n|-supereffective|p1a: Mandibuzz\n|-damage|p1a: Mandibuzz|46\/100\n|-fieldend|move: Grassy Terrain\n|move|p1a: Mandibuzz|U-turn|p2a: 1998 TRUMAN\n|-resisted|p2a: 1998 TRUMAN\n|-damage|p2a: 1998 TRUMAN|96\/100\n|\n|t:|1700327353\n|switch|p1a: Rillaboom|Rillaboom, F|100\/100|[from] U-turn\n|-fieldstart|move: Grassy Terrain|[from] ability: Grassy Surge|[of] p1a: Rillaboom\n|\n|-heal|p2a: 1998 TRUMAN|100\/100|[from] Grassy Terrain\n|upkeep\n|turn|6\n|\n|t:|1700327365\n|move|p2a: 1998 TRUMAN|Ice Spinner|p1a: Rillaboom\n|-supereffective|p1a: Rillaboom\n|-damage|p1a: Rillaboom|23\/100\n|-fieldend|move: Grassy Terrain\n|move|p1a: Rillaboom|Wood Hammer|p2a: 1998 TRUMAN\n|-supereffective|p2a: 1998 TRUMAN\n|-damage|p2a: 1998 TRUMAN|16\/100\n|-damage|p1a: Rillaboom|0 fnt|[from] Recoil\n|faint|p1a: Rillaboom\n|\n|upkeep\n|\n|t:|1700327378\n|switch|p1a: Mandibuzz|Mandibuzz, F|46\/100\n|turn|7\n|\n|t:|1700327386\n|move|p2a: 1998 TRUMAN|Close Combat|p1a: Mandibuzz\n|-damage|p1a: Mandibuzz|0 fnt\n|-unboost|p2a: 1998 TRUMAN|def|1\n|-unboost|p2a: 1998 TRUMAN|spd|1\n|faint|p1a: Mandibuzz\n|\n|upkeep\n|\n|t:|1700327391\n|switch|p1a: Kingambit|Kingambit, F|100\/100\n|-activate|p1a: Kingambit|ability: Supreme Overlord\n|-start|p1a: Kingambit|fallen2|[silent]\n|turn|8\n|\n|t:|1700327397\n|move|p1a: Kingambit|Sucker Punch|p2a: 1998 TRUMAN\n|-resisted|p2a: 1998 TRUMAN\n|-damage|p2a: 1998 TRUMAN|0 fnt\n|faint|p2a: 1998 TRUMAN\n|-end|p2a: 1998 TRUMAN|Protosynthesis|[silent]\n|\n|upkeep\n|\n|t:|1700327403\n|switch|p2a: Finna be ogerGONE|Ogerpon-Wellspring, F|100\/100\n|turn|9\n|inactive|MrBanana45 has 270 seconds left.\n|c|+BlackKnight_Gawain|is this\n|\n|t:|1700327424\n|-end|p1a: Kingambit|fallen2|[silent]\n|switch|p1a: Clodsire|Clodsire, F|100\/100\n|move|p2a: Finna be ogerGONE|Encore||[still]\n|-fail|p2a: Finna be ogerGONE\n|\n|upkeep\n|turn|10\n|c|+BlackKnight_Gawain|sero\n|c|%Dorron|ye\n|\n|t:|1700327436\n|switch|p2a: FUTURE NOSTALGIA|Gholdengo|100\/100\n|-item|p2a: FUTURE NOSTALGIA|Air Balloon\n|move|p1a: Clodsire|Stealth Rock|p2a: FUTURE NOSTALGIA\n|-sidestart|p2: SEROO|move: Stealth Rock\n|\n|upkeep\n|turn|11\n|\n|t:|1700327443\n|switch|p1a: Kingambit|Kingambit, F|100\/100\n|-activate|p1a: Kingambit|ability: Supreme Overlord\n|-start|p1a: Kingambit|fallen2|[silent]\n|move|p2a: FUTURE NOSTALGIA|Dazzling Gleam|p1a: Kingambit\n|-damage|p1a: Kingambit|69\/100\n|\n|-heal|p1a: Kingambit|75\/100|[from] item: Leftovers\n|upkeep\n|turn|12\n|\n|t:|1700327452\n|move|p2a: FUTURE NOSTALGIA|Dazzling Gleam|p1a: Kingambit\n|-damage|p1a: Kingambit|42\/100\n|move|p1a: Kingambit|Kowtow Cleave|p2a: FUTURE NOSTALGIA\n|-supereffective|p2a: FUTURE NOSTALGIA\n|-crit|p2a: FUTURE NOSTALGIA\n|-damage|p2a: FUTURE NOSTALGIA|0 fnt\n|-enditem|p2a: FUTURE NOSTALGIA|Air Balloon\n|faint|p2a: FUTURE NOSTALGIA\n|\n|-heal|p1a: Kingambit|48\/100|[from] item: Leftovers\n|upkeep\n|\n|t:|1700327457\n|switch|p2a: Finna be ogerGONE|Ogerpon-Wellspring, F|100\/100\n|-damage|p2a: Finna be ogerGONE|88\/100|[from] Stealth Rock\n|turn|13\n|\n|t:|1700327465\n|-end|p1a: Kingambit|fallen2|[silent]\n|switch|p1a: Clodsire|Clodsire, F|100\/100\n|move|p2a: Finna be ogerGONE|Ivy Cudgel|p1a: Clodsire\n|-immune|p1a: Clodsire|[from] ability: Water Absorb\n|\n|upkeep\n|turn|14\n|inactive|MrBanana45 has 270 seconds left.\n|c|+BlackKnight_Gawain|is this tlt i mean\n|c|\u2606SEROO|oh no\n|c|\u2606SEROO|its a spanish thing\n|\n|t:|1700327500\n|move|p2a: Finna be ogerGONE|Swords Dance|p2a: Finna be ogerGONE\n|-boost|p2a: Finna be ogerGONE|atk|2\n|move|p1a: Clodsire|Toxic|p2a: Finna be ogerGONE\n|-status|p2a: Finna be ogerGONE|tox\n|\n|-damage|p2a: Finna be ogerGONE|82\/100 tox|[from] psn\n|upkeep\n|turn|15\n|c|%Dorron|hispanic wcop\n|inactive|MrBanana45 has 240 seconds left.\n|\n|t:|1700327545\n|switch|p1a: Skeledirge|Skeledirge, M|100\/100\n|move|p2a: Finna be ogerGONE|Horn Leech|p1a: Skeledirge\n|-resisted|p1a: Skeledirge\n|-damage|p1a: Skeledirge|84\/100\n|-heal|p2a: Finna be ogerGONE|93\/100 tox|[from] drain|[of] p1a: Skeledirge\n|\n|-damage|p2a: Finna be ogerGONE|81\/100 tox|[from] psn\n|upkeep\n|turn|16\n|inactive|MrBanana45 has 210 seconds left.\n|\n|t:|1700327585\n|switch|p1a: Clodsire|Clodsire, F|100\/100\n|move|p2a: Finna be ogerGONE|Horn Leech|p1a: Clodsire\n|-damage|p1a: Clodsire|2\/100\n|-heal|p2a: Finna be ogerGONE|100\/100 tox|[from] drain|[of] p1a: Clodsire\n|\n|-damage|p2a: Finna be ogerGONE|83\/100 tox|[from] psn\n|upkeep\n|turn|17\n|inactive|MrBanana45 has 210 seconds left.\n|\n|t:|1700327590\n|move|p2a: Finna be ogerGONE|Horn Leech|p1a: Clodsire\n|-damage|p1a: Clodsire|0 fnt\n|-heal|p2a: Finna be ogerGONE|84\/100 tox|[from] drain|[of] p1a: Clodsire\n|faint|p1a: Clodsire\n|\n|-damage|p2a: Finna be ogerGONE|60\/100 tox|[from] psn\n|upkeep\n|\n|t:|1700327592\n|switch|p1a: Ogerpon|Ogerpon-Cornerstone, F|100\/100\n|turn|18\n|\n|t:|1700327596\n|move|p2a: Finna be ogerGONE|Ivy Cudgel|p1a: Ogerpon\n|-ability|p1a: Ogerpon|Sturdy\n|-damage|p1a: Ogerpon|1\/100\n|move|p1a: Ogerpon|Ivy Cudgel|p2a: Finna be ogerGONE\n|-damage|p2a: Finna be ogerGONE|0 fnt\n|faint|p2a: Finna be ogerGONE\n|\n|upkeep\n|\n|t:|1700327600\n|switch|p2a: L'Or\u00e9al Paris|Ribombee, M, shiny|100\/100\n|-damage|p2a: L'Or\u00e9al Paris|76\/100|[from] Stealth Rock\n|turn|19\n|\n|t:|1700327610\n|switch|p1a: Skeledirge|Skeledirge, M|84\/100\n|move|p2a: L'Or\u00e9al Paris|Moonblast|p1a: Skeledirge\n|-resisted|p1a: Skeledirge\n|-damage|p1a: Skeledirge|67\/100\n|\n|upkeep\n|turn|20\n|inactive|MrBanana45 has 240 seconds left.\n|\n|t:|1700327618\n|move|p2a: L'Or\u00e9al Paris|Sticky Web|p1a: Skeledirge\n|-sidestart|p1: MrBanana45|move: Sticky Web\n|move|p1a: Skeledirge|Torch Song|p2a: L'Or\u00e9al Paris\n|-supereffective|p2a: L'Or\u00e9al Paris\n|-damage|p2a: L'Or\u00e9al Paris|0 fnt\n|-boost|p1a: Skeledirge|spa|1\n|faint|p2a: L'Or\u00e9al Paris\n|\n|upkeep\n|\n|t:|1700327621\n|switch|p2a: MAN ON MY PHEE|Manaphy|100\/100\n|-damage|p2a: MAN ON MY PHEE|88\/100|[from] Stealth Rock\n|turn|21\n|inactive|MrBanana45 has 240 seconds left.\n|\n|t:|1700327644\n|-terastallize|p1a: Skeledirge|Bug\n|move|p2a: MAN ON MY PHEE|Surf|p1a: Skeledirge\n|-damage|p1a: Skeledirge|33\/100\n|move|p1a: Skeledirge|Slack Off|p1a: Skeledirge\n|-heal|p1a: Skeledirge|83\/100\n|\n|-heal|p2a: MAN ON MY PHEE|94\/100|[from] item: Leftovers\n|upkeep\n|turn|22\n|inactive|MrBanana45 has 240 seconds left.\n|c|\u2606SEROO|im sorry\n|c|\u2606SEROO|what\n|c|\u2606MrBanana45|gaming\n|c|\u2606SEROO|pero que co\u00f1o es\n|c|\u2606SEROO|tera bug skele\n|\n|t:|1700327670\n|-terastallize|p2a: MAN ON MY PHEE|Water\n|move|p2a: MAN ON MY PHEE|Surf|p1a: Skeledirge\n|-damage|p1a: Skeledirge|41\/100\n|move|p1a: Skeledirge|Torch Song|p2a: MAN ON MY PHEE\n|-resisted|p2a: MAN ON MY PHEE\n|-damage|p2a: MAN ON MY PHEE|74\/100\n|-boost|p1a: Skeledirge|spa|1\n|\n|-heal|p2a: MAN ON MY PHEE|80\/100|[from] item: Leftovers\n|upkeep\n|turn|23\n|c|\u2606SEROO|dorron sacame de aqui\n|\n|t:|1700327676\n|move|p2a: MAN ON MY PHEE|Surf|p1a: Skeledirge\n|-damage|p1a: Skeledirge|0 fnt\n|faint|p1a: Skeledirge\n|\n|-heal|p2a: MAN ON MY PHEE|86\/100|[from] item: Leftovers\n|upkeep\n|c|%Dorron|listo\n|\n|t:|1700327680\n|switch|p1a: Kingambit|Kingambit, F|48\/100\n|-activate|p1a: Kingambit|move: Sticky Web\n|-unboost|p1a: Kingambit|spe|1\n|-activate|p1a: Kingambit|ability: Supreme Overlord\n|-start|p1a: Kingambit|fallen4|[silent]\n|turn|24\n|\n|t:|1700327687\n|move|p1a: Kingambit|Sucker Punch|p2a: MAN ON MY PHEE\n|-damage|p2a: MAN ON MY PHEE|28\/100\n|move|p2a: MAN ON MY PHEE|Surf|p1a: Kingambit\n|-damage|p1a: Kingambit|0 fnt\n|faint|p1a: Kingambit\n|-end|p1a: Kingambit|fallen4|[silent]\n|\n|-heal|p2a: MAN ON MY PHEE|34\/100|[from] item: Leftovers\n|upkeep\n|\n|t:|1700327690\n|switch|p1a: Ogerpon|Ogerpon-Cornerstone, F|1\/100\n|-activate|p1a: Ogerpon|move: Sticky Web\n|-unboost|p1a: Ogerpon|spe|1\n|turn|25\n|c|\u2606SEROO|gg\n|\n|t:|1700327692\n|move|p2a: MAN ON MY PHEE|Surf|p1a: Ogerpon\n|-damage|p1a: Ogerpon|0 fnt\n|faint|p1a: Ogerpon\n|\n|win|SEROO\n|c|\u2606MrBanana45|ggs\n|player|p2|SEROO|teacher-gen2\n","uploadtime":1700327693,"views":27,"p1id":"mrbanana45","p2id":"seroo","formatid":"gen9ou","rating":0,"private":0,"password":""}