{"id":"smogtours-gen9ou-731437","p1":"Finchinator","p2":"PIHI","format":"[Gen 9] OU","log":"|inactive|Battle timer is ON: inactive players will automatically lose when time's up.\n|t:|1700403892\n|gametype|singles\n|player|p1|Finchinator|#scl3platoon2|\n|player|p2|PIHI|#splxiwolfpack|\n|teamsize|p1|6\n|teamsize|p2|6\n|gen|9\n|tier|[Gen 9] OU\n|rule|Sleep Clause Mod: Limit one foe put to sleep\n|rule|Species Clause: Limit one of each Pok\u00e9mon\n|rule|OHKO Clause: OHKO moves are banned\n|rule|Evasion Items Clause: Evasion items are banned\n|rule|Evasion Moves Clause: Evasion moves are banned\n|rule|Endless Battle Clause: Forcing endless battles is banned\n|rule|HP Percentage Mod: HP is shown in percentages\n|clearpoke\n|poke|p1|Scizor, F|\n|poke|p1|Ursaluna, F|\n|poke|p1|Dragonite, M|\n|poke|p1|Cinderace, M|\n|poke|p1|Rillaboom, F|\n|poke|p1|Iron Valiant|\n|poke|p2|Sneasler, M|\n|poke|p2|Samurott-Hisui, F|\n|poke|p2|Great Tusk|\n|poke|p2|Ting-Lu|\n|poke|p2|Zapdos|\n|poke|p2|Amoonguss, F|\n|teampreview\n|c|\u2606Finchinator|hf\n|c|\u2606PIHI|hf\n|raw|<div class=\"broadcast-red\"><strong>Moderated chat was set to \u2606!<\/strong><br \/>Only users of rank \u2606 and higher can talk.<\/div>\n|inactive|Finchinator has 270 seconds left.\n|inactive|PIHI has 270 seconds left.\n|inactive|Finchinator has 240 seconds left.\n|inactive|PIHI has 240 seconds left.\n|\n|t:|1700403969\n|start\n|switch|p1a: Rillaboom|Rillaboom, F|100\/100\n|switch|p2a: Sneasler|Sneasler, M|100\/100\n|-fieldstart|move: Grassy Terrain|[from] ability: Grassy Surge|[of] p1a: Rillaboom\n|turn|1\n|inactive|Finchinator has 270 seconds left.\n|inactive|PIHI has 270 seconds left.\n|\n|t:|1700404013\n|move|p2a: Sneasler|U-turn|p1a: Rillaboom\n|-supereffective|p1a: Rillaboom\n|-damage|p1a: Rillaboom|55\/100\n|inactive|PIHI has 270 seconds left.\n|\n|t:|1700404019\n|switch|p2a: Amoonguss|Amoonguss, F|100\/100|[from] U-turn\n|move|p1a: Rillaboom|High Horsepower|p2a: Amoonguss\n|-damage|p2a: Amoonguss|73\/100\n|\n|-heal|p1a: Rillaboom|61\/100|[from] Grassy Terrain\n|-heal|p2a: Amoonguss|79\/100|[from] Grassy Terrain\n|upkeep\n|turn|2\n|inactive|Finchinator has 270 seconds left.\n|\n|t:|1700404028\n|move|p1a: Rillaboom|U-turn|p2a: Amoonguss\n|-damage|p2a: Amoonguss|59\/100\n|\n|t:|1700404029\n|switch|p1a: Scizor|Scizor, F|100\/100|[from] U-turn\n|move|p2a: Amoonguss|Sludge Bomb|p1a: Scizor\n|-immune|p1a: Scizor\n|\n|-heal|p2a: Amoonguss|65\/100|[from] Grassy Terrain\n|upkeep\n|turn|3\n|\n|t:|1700404041\n|move|p1a: Scizor|Close Combat|p2a: Amoonguss\n|-resisted|p2a: Amoonguss\n|-damage|p2a: Amoonguss|46\/100\n|-unboost|p1a: Scizor|def|1\n|-unboost|p1a: Scizor|spd|1\n|-enditem|p1a: Scizor|Eject Pack\n|\n|t:|1700404044\n|switch|p1a: Rillaboom|Rillaboom, F|61\/100\n|move|p2a: Amoonguss|Spore|p1a: Rillaboom\n|-immune|p1a: Rillaboom\n|\n|-heal|p1a: Rillaboom|67\/100|[from] Grassy Terrain\n|-heal|p2a: Amoonguss|52\/100|[from] Grassy Terrain\n|upkeep\n|turn|4\n|\n|t:|1700404059\n|move|p1a: Rillaboom|U-turn|p2a: Amoonguss\n|-damage|p2a: Amoonguss|35\/100\n|\n|t:|1700404061\n|switch|p1a: Scizor|Scizor, F|100\/100|[from] U-turn\n|move|p2a: Amoonguss|Sludge Bomb|p1a: Scizor\n|-immune|p1a: Scizor\n|\n|-heal|p2a: Amoonguss|41\/100|[from] Grassy Terrain\n|upkeep\n|turn|5\n|\n|t:|1700404068\n|move|p1a: Scizor|Knock Off|p2a: Amoonguss\n|-damage|p2a: Amoonguss|15\/100\n|-enditem|p2a: Amoonguss|Heavy-Duty Boots|[from] move: Knock Off|[of] p1a: Scizor\n|move|p2a: Amoonguss|Spore|p1a: Scizor\n|-status|p1a: Scizor|slp|[from] move: Spore\n|\n|-heal|p2a: Amoonguss|21\/100|[from] Grassy Terrain\n|-fieldend|move: Grassy Terrain\n|upkeep\n|turn|6\n|\n|t:|1700404075\n|switch|p1a: Cinderace|Cinderace, M|100\/100\n|switch|p2a: Zapdos|Zapdos|100\/100\n|\n|upkeep\n|turn|7\n|\n|t:|1700404090\n|move|p1a: Cinderace|Pyro Ball|p2a: Zapdos\n|-damage|p2a: Zapdos|57\/100\n|move|p2a: Zapdos|Thunder Wave|p1a: Cinderace\n|-status|p1a: Cinderace|par\n|\n|upkeep\n|turn|8\n|\n|t:|1700404094\n|move|p2a: Zapdos|Roost|p2a: Zapdos\n|-heal|p2a: Zapdos|100\/100\n|-singleturn|p2a: Zapdos|move: Roost\n|move|p1a: Cinderace|U-turn|p2a: Zapdos\n|-damage|p2a: Zapdos|83\/100\n|\n|t:|1700404096\n|switch|p1a: Ursaluna|Ursaluna, F|100\/100|[from] U-turn\n|\n|-status|p1a: Ursaluna|brn|[from] item: Flame Orb\n|upkeep\n|turn|9\n|inactive|PIHI has 270 seconds left.\n|inactive|PIHI has 240 seconds left.\n|\n|t:|1700404170\n|switch|p2a: Great Tusk|Great Tusk|100\/100\n|move|p1a: Ursaluna|Facade|p2a: Great Tusk\n|-damage|p2a: Great Tusk|11\/100\n|\n|-damage|p1a: Ursaluna|94\/100 brn|[from] brn\n|upkeep\n|turn|10\n|inactive|Finchinator has 270 seconds left.\n|inactive|PIHI has 210 seconds left.\n|inactive|Finchinator has 240 seconds left.\n|inactive|PIHI has 180 seconds left.\n|\n|t:|1700404240\n|switch|p1a: Rillaboom|Rillaboom, F|67\/100\n|-fieldstart|move: Grassy Terrain|[from] ability: Grassy Surge|[of] p1a: Rillaboom\n|move|p2a: Great Tusk|Knock Off|p1a: Rillaboom\n|-damage|p1a: Rillaboom|36\/100\n|-enditem|p1a: Rillaboom|Assault Vest|[from] move: Knock Off|[of] p2a: Great Tusk\n|\n|-heal|p2a: Great Tusk|17\/100|[from] Grassy Terrain\n|-heal|p1a: Rillaboom|42\/100|[from] Grassy Terrain\n|upkeep\n|turn|11\n|inactive|Finchinator has 240 seconds left.\n|inactive|PIHI has 180 seconds left.\n|inactive|Finchinator has 210 seconds left.\n|inactive|PIHI has 150 seconds left.\n|\n|t:|1700404298\n|-end|p2a: Great Tusk|Protosynthesis|[silent]\n|switch|p2a: Amoonguss|Amoonguss, F|55\/100\n|move|p1a: Rillaboom|Grassy Glide|p2a: Amoonguss\n|-resisted|p2a: Amoonguss\n|-damage|p2a: Amoonguss|48\/100\n|\n|-heal|p1a: Rillaboom|49\/100|[from] Grassy Terrain\n|-heal|p2a: Amoonguss|54\/100|[from] Grassy Terrain\n|upkeep\n|turn|12\n|\n|t:|1700404308\n|switch|p2a: Sneasler|Sneasler, M|100\/100\n|move|p1a: Rillaboom|U-turn|p2a: Sneasler\n|-resisted|p2a: Sneasler\n|-damage|p2a: Sneasler|91\/100\n|\n|t:|1700404326\n|switch|p1a: Ursaluna|Ursaluna, F|94\/100 brn|[from] U-turn\n|\n|-heal|p2a: Sneasler|97\/100|[from] Grassy Terrain\n|-heal|p1a: Ursaluna|100\/100 brn|[from] Grassy Terrain\n|-damage|p1a: Ursaluna|94\/100 brn|[from] brn\n|upkeep\n|turn|13\n|\n|t:|1700404338\n|-terastallize|p1a: Ursaluna|Poison\n|move|p2a: Sneasler|U-turn|p1a: Ursaluna\n|-resisted|p1a: Ursaluna\n|-damage|p1a: Ursaluna|86\/100 brn\n|\n|t:|1700404360\n|switch|p2a: Great Tusk|Great Tusk|17\/100|[from] U-turn\n|move|p1a: Ursaluna|Facade|p2a: Great Tusk\n|-damage|p2a: Great Tusk|0 fnt\n|faint|p2a: Great Tusk\n|-end|p2a: Great Tusk|Protosynthesis|[silent]\n|\n|-heal|p1a: Ursaluna|92\/100 brn|[from] Grassy Terrain\n|-damage|p1a: Ursaluna|86\/100 brn|[from] brn\n|upkeep\n|inactive|PIHI has 120 seconds left.\n|\n|t:|1700404380\n|switch|p2a: Ting-Lu|Ting-Lu|100\/100\n|-ability|p2a: Ting-Lu|Vessel of Ruin\n|turn|14\n|\n|t:|1700404391\n|-terastallize|p2a: Ting-Lu|Ghost\n|move|p1a: Ursaluna|Facade|p2a: Ting-Lu\n|-immune|p2a: Ting-Lu\n|move|p2a: Ting-Lu|Ruination|p1a: Ursaluna|[miss]\n|-miss|p2a: Ting-Lu|p1a: Ursaluna\n|\n|-heal|p1a: Ursaluna|92\/100 brn|[from] Grassy Terrain\n|-damage|p1a: Ursaluna|86\/100 brn|[from] brn\n|-fieldend|move: Grassy Terrain\n|upkeep\n|turn|15\n|inactive|PIHI has 120 seconds left.\n|\n|t:|1700404411\n|switch|p1a: Rillaboom|Rillaboom, F|49\/100\n|-fieldstart|move: Grassy Terrain|[from] ability: Grassy Surge|[of] p1a: Rillaboom\n|move|p2a: Ting-Lu|Earthquake|p1a: Rillaboom\n|-resisted|p1a: Rillaboom\n|-damage|p1a: Rillaboom|40\/100\n|\n|-heal|p1a: Rillaboom|47\/100|[from] Grassy Terrain\n|upkeep\n|turn|16\n|inactive|PIHI has 120 seconds left.\n|\n|t:|1700404424\n|switch|p2a: Zapdos|Zapdos|83\/100\n|move|p1a: Rillaboom|U-turn|p2a: Zapdos\n|-resisted|p2a: Zapdos\n|-damage|p2a: Zapdos|72\/100\n|\n|t:|1700404431\n|switch|p1a: Ursaluna|Ursaluna, F, tera:Poison|86\/100 brn|[from] U-turn\n|\n|-heal|p1a: Ursaluna|92\/100 brn|[from] Grassy Terrain\n|-damage|p1a: Ursaluna|86\/100 brn|[from] brn\n|upkeep\n|turn|17\n|inactive|PIHI has 120 seconds left.\n|inactive|Finchinator has 210 seconds left.\n|\n|t:|1700404447\n|move|p2a: Zapdos|Volt Switch|p1a: Ursaluna\n|-damage|p1a: Ursaluna|57\/100 brn\n|\n|t:|1700404450\n|switch|p2a: Ting-Lu|Ting-Lu, tera:Ghost|100\/100|[from] Volt Switch\n|-ability|p2a: Ting-Lu|Vessel of Ruin\n|move|p1a: Ursaluna|Headlong Rush|p2a: Ting-Lu\n|-damage|p2a: Ting-Lu|41\/100\n|-unboost|p1a: Ursaluna|def|1\n|-unboost|p1a: Ursaluna|spd|1\n|\n|-heal|p1a: Ursaluna|63\/100 brn|[from] Grassy Terrain\n|-heal|p2a: Ting-Lu|47\/100|[from] Grassy Terrain\n|-heal|p2a: Ting-Lu|53\/100|[from] item: Leftovers\n|-damage|p1a: Ursaluna|57\/100 brn|[from] brn\n|upkeep\n|turn|18\n|inactive|Finchinator has 210 seconds left.\n|inactive|PIHI has 120 seconds left.\n|\n|t:|1700404468\n|move|p1a: Ursaluna|Facade|p2a: Ting-Lu\n|-immune|p2a: Ting-Lu\n|move|p2a: Ting-Lu|Ruination|p1a: Ursaluna\n|-damage|p1a: Ursaluna|29\/100 brn\n|\n|-heal|p1a: Ursaluna|35\/100 brn|[from] Grassy Terrain\n|-heal|p2a: Ting-Lu|60\/100|[from] Grassy Terrain\n|-heal|p2a: Ting-Lu|66\/100|[from] item: Leftovers\n|-damage|p1a: Ursaluna|29\/100 brn|[from] brn\n|upkeep\n|turn|19\n|inactive|PIHI has 120 seconds left.\n|\n|t:|1700404492\n|switch|p1a: Rillaboom|Rillaboom, F|47\/100\n|move|p2a: Ting-Lu|Earthquake|p1a: Rillaboom\n|-resisted|p1a: Rillaboom\n|-damage|p1a: Rillaboom|37\/100\n|\n|-heal|p1a: Rillaboom|44\/100|[from] Grassy Terrain\n|-heal|p2a: Ting-Lu|72\/100|[from] Grassy Terrain\n|-heal|p2a: Ting-Lu|78\/100|[from] item: Leftovers\n|-fieldend|move: Grassy Terrain\n|upkeep\n|turn|20\n|\n|t:|1700404504\n|switch|p2a: Zapdos|Zapdos|72\/100\n|move|p1a: Rillaboom|U-turn|p2a: Zapdos\n|-resisted|p2a: Zapdos\n|-damage|p2a: Zapdos|61\/100\n|inactive|Finchinator has 210 seconds left.\n|\n|t:|1700404535\n|switch|p1a: Iron Valiant|Iron Valiant|100\/100|[from] U-turn\n|-enditem|p1a: Iron Valiant|Booster Energy\n|-activate|p1a: Iron Valiant|ability: Quark Drive|[fromitem]\n|-start|p1a: Iron Valiant|quarkdrivespe\n|\n|upkeep\n|turn|21\n|inactive|PIHI has 120 seconds left.\n|\n|t:|1700404553\n|move|p1a: Iron Valiant|Moonblast|p2a: Zapdos\n|-damage|p2a: Zapdos|14\/100\n|move|p2a: Zapdos|Thunder Wave|p1a: Iron Valiant\n|-status|p1a: Iron Valiant|par\n|\n|upkeep\n|turn|22\n|\n|t:|1700404560\n|move|p2a: Zapdos|Roost|p2a: Zapdos\n|-heal|p2a: Zapdos|64\/100\n|-singleturn|p2a: Zapdos|move: Roost\n|move|p1a: Iron Valiant|Moonblast|p2a: Zapdos\n|-crit|p2a: Zapdos\n|-damage|p2a: Zapdos|1\/100\n|-unboost|p2a: Zapdos|spa|1\n|\n|upkeep\n|turn|23\n|inactive|PIHI has 120 seconds left.\n|\n|t:|1700404569\n|move|p2a: Zapdos|Roost|p2a: Zapdos\n|-heal|p2a: Zapdos|51\/100\n|-singleturn|p2a: Zapdos|move: Roost\n|move|p1a: Iron Valiant|Encore|p2a: Zapdos\n|-start|p2a: Zapdos|Encore\n|\n|upkeep\n|turn|24\n|inactive|PIHI has 120 seconds left.\n|\n|t:|1700404580\n|-end|p1a: Iron Valiant|Quark Drive|[silent]\n|switch|p1a: Dragonite|Dragonite, M|100\/100\n|move|p2a: Zapdos|Roost|p2a: Zapdos\n|-heal|p2a: Zapdos|100\/100\n|-singleturn|p2a: Zapdos|move: Roost\n|\n|upkeep\n|turn|25\n|\n|t:|1700404584\n|switch|p2a: Ting-Lu|Ting-Lu, tera:Ghost|78\/100\n|-ability|p2a: Ting-Lu|Vessel of Ruin\n|move|p1a: Dragonite|Dragon Dance|p1a: Dragonite\n|-boost|p1a: Dragonite|atk|1\n|-boost|p1a: Dragonite|spe|1\n|\n|-heal|p2a: Ting-Lu|85\/100|[from] item: Leftovers\n|upkeep\n|turn|26\n|inactive|Finchinator has 240 seconds left.\n|\n|t:|1700404592\n|move|p1a: Dragonite|Outrage|p2a: Ting-Lu\n|-damage|p2a: Ting-Lu|16\/100\n|-damage|p1a: Dragonite|91\/100|[from] item: Life Orb\n|move|p2a: Ting-Lu|Whirlwind|p1a: Dragonite\n|drag|p1a: Iron Valiant|Iron Valiant|100\/100 par\n|\n|-heal|p2a: Ting-Lu|22\/100|[from] item: Leftovers\n|upkeep\n|turn|27\n|\n|t:|1700404601\n|-end|p1a: Iron Valiant|Quark Drive|[silent]\n|switch|p1a: Ursaluna|Ursaluna, F, tera:Poison|29\/100 brn\n|switch|p2a: Amoonguss|Amoonguss, F|87\/100\n|\n|-damage|p1a: Ursaluna|22\/100 brn|[from] brn\n|upkeep\n|turn|28\n|\n|t:|1700404628\n|switch|p2a: Ting-Lu|Ting-Lu, tera:Ghost|22\/100\n|-ability|p2a: Ting-Lu|Vessel of Ruin\n|move|p1a: Ursaluna|Facade|p2a: Ting-Lu\n|-immune|p2a: Ting-Lu\n|\n|-heal|p2a: Ting-Lu|29\/100|[from] item: Leftovers\n|-damage|p1a: Ursaluna|16\/100 brn|[from] brn\n|upkeep\n|turn|29\n|\n|t:|1700404632\n|switch|p2a: Zapdos|Zapdos|100\/100\n|move|p1a: Ursaluna|Headlong Rush|p2a: Zapdos\n|-immune|p2a: Zapdos\n|\n|-damage|p1a: Ursaluna|10\/100 brn|[from] brn\n|upkeep\n|turn|30\n|\n|t:|1700404642\n|move|p2a: Zapdos|Volt Switch|p1a: Ursaluna\n|-damage|p1a: Ursaluna|0 fnt\n|faint|p1a: Ursaluna\n|\n|t:|1700404647\n|switch|p2a: Sneasler|Sneasler, M|97\/100|[from] Volt Switch\n|\n|upkeep\n|\n|t:|1700404650\n|switch|p1a: Cinderace|Cinderace, M|100\/100 par\n|turn|31\n|\n|t:|1700404655\n|move|p2a: Sneasler|Fake Out|p1a: Cinderace\n|-crit|p1a: Cinderace\n|-damage|p1a: Cinderace|75\/100 par\n|cant|p1a: Cinderace|flinch\n|\n|upkeep\n|turn|32\n|inactive|PIHI has 150 seconds left.\n|\n|t:|1700404686\n|move|p2a: Sneasler|U-turn|p1a: Cinderace\n|-resisted|p1a: Cinderace\n|-damage|p1a: Cinderace|61\/100 par\n|\n|t:|1700404687\n|switch|p2a: Samurott|Samurott-Hisui, F|100\/100|[from] U-turn\n|cant|p1a: Cinderace|par\n|\n|upkeep\n|turn|33\n|\n|t:|1700404704\n|move|p2a: Samurott|Ceaseless Edge|p1a: Cinderace\n|-damage|p1a: Cinderace|4\/100 par\n|-sidestart|p1: Finchinator|Spikes\n|move|p1a: Cinderace|U-turn|p2a: Samurott\n|-supereffective|p2a: Samurott\n|-damage|p2a: Samurott|55\/100\n|\n|t:|1700404705\n|switch|p1a: Dragonite|Dragonite, M|91\/100|[from] U-turn\n|\n|upkeep\n|turn|34\n|\n|t:|1700404724\n|move|p1a: Dragonite|Dragon Dance|p1a: Dragonite\n|-boost|p1a: Dragonite|atk|1\n|-boost|p1a: Dragonite|spe|1\n|move|p2a: Samurott|Ceaseless Edge|p1a: Dragonite\n|-damage|p1a: Dragonite|34\/100\n|-sidestart|p1: Finchinator|Spikes\n|\n|upkeep\n|turn|35\n|\n|t:|1700404739\n|switch|p2a: Ting-Lu|Ting-Lu, tera:Ghost|29\/100\n|-ability|p2a: Ting-Lu|Vessel of Ruin\n|move|p1a: Dragonite|Extreme Speed|p2a: Ting-Lu\n|-immune|p2a: Ting-Lu\n|\n|-heal|p2a: Ting-Lu|35\/100|[from] item: Leftovers\n|upkeep\n|turn|36\n|\n|t:|1700404753\n|move|p1a: Dragonite|Outrage|p2a: Ting-Lu\n|-damage|p2a: Ting-Lu|0 fnt\n|faint|p2a: Ting-Lu\n|-damage|p1a: Dragonite|24\/100|[from] item: Life Orb\n|\n|upkeep\n|\n|t:|1700404755\n|switch|p2a: Sneasler|Sneasler, M|97\/100\n|turn|37\n|\n|t:|1700404758\n|move|p2a: Sneasler|Fake Out|p1a: Dragonite\n|-damage|p1a: Dragonite|7\/100\n|cant|p1a: Dragonite|flinch\n|\n|upkeep\n|turn|38\n|\n|t:|1700404766\n|switch|p2a: Samurott|Samurott-Hisui, F|55\/100\n|move|p1a: Dragonite|Outrage|p2a: Samurott\n|-damage|p2a: Samurott|0 fnt\n|faint|p2a: Samurott\n|-damage|p1a: Dragonite|0 fnt|[from] item: Life Orb\n|faint|p1a: Dragonite\n|\n|upkeep\n|\n|t:|1700404772\n|switch|p1a: Cinderace|Cinderace, M|4\/100 par\n|switch|p2a: Sneasler|Sneasler, M|97\/100\n|turn|39\n|\n|t:|1700404775\n|move|p2a: Sneasler|Fake Out|p1a: Cinderace\n|-damage|p1a: Cinderace|0 fnt\n|faint|p1a: Cinderace\n|\n|upkeep\n|\n|t:|1700404784\n|switch|p1a: Rillaboom|Rillaboom, F|44\/100\n|-damage|p1a: Rillaboom|27\/100|[from] Spikes\n|-fieldstart|move: Grassy Terrain|[from] ability: Grassy Surge|[of] p1a: Rillaboom\n|turn|40\n|\n|t:|1700404789\n|move|p1a: Rillaboom|Grassy Glide|p2a: Sneasler\n|-resisted|p2a: Sneasler\n|-damage|p2a: Sneasler|62\/100\n|move|p2a: Sneasler|Dire Claw|p1a: Rillaboom\n|-supereffective|p1a: Rillaboom\n|-damage|p1a: Rillaboom|0 fnt\n|faint|p1a: Rillaboom\n|\n|-heal|p2a: Sneasler|68\/100|[from] Grassy Terrain\n|upkeep\n|\n|t:|1700404792\n|switch|p1a: Scizor|Scizor, F|100\/100 slp\n|-damage|p1a: Scizor|84\/100 slp|[from] Spikes\n|turn|41\n|\n|t:|1700404794\n|move|p2a: Sneasler|Close Combat|p1a: Scizor\n|-damage|p1a: Scizor|18\/100 slp\n|-unboost|p2a: Sneasler|def|1\n|-unboost|p2a: Sneasler|spd|1\n|cant|p1a: Scizor|slp\n|\n|-heal|p2a: Sneasler|74\/100|[from] Grassy Terrain\n|-heal|p1a: Scizor|24\/100 slp|[from] Grassy Terrain\n|upkeep\n|turn|42\n|\n|t:|1700404798\n|cant|p1a: Scizor|slp\n|move|p2a: Sneasler|Close Combat|p1a: Scizor\n|-damage|p1a: Scizor|0 fnt\n|-unboost|p2a: Sneasler|def|1\n|-unboost|p2a: Sneasler|spd|1\n|faint|p1a: Scizor\n|\n|-heal|p2a: Sneasler|80\/100|[from] Grassy Terrain\n|upkeep\n|c|\u2606Finchinator|gg\n|c|\u2606PIHI|gg\n|\n|t:|1700404802\n|switch|p1a: Iron Valiant|Iron Valiant|100\/100 par\n|-damage|p1a: Iron Valiant|84\/100 par|[from] Spikes\n|turn|43\n|\n|t:|1700404804\n|move|p2a: Sneasler|Dire Claw|p1a: Iron Valiant\n|-supereffective|p1a: Iron Valiant\n|-damage|p1a: Iron Valiant|0 fnt\n|faint|p1a: Iron Valiant\n|-end|p1a: Iron Valiant|Quark Drive|[silent]\n|\n|win|PIHI\n","uploadtime":1700404805,"views":389,"p1id":"finchinator","p2id":"pihi","formatid":"gen9ou","rating":0,"private":0,"password":""}