{"id":"smogtours-gen9ou-732299","p1":"London Beats","p2":"mind gaming","format":"[Gen 9] OU","log":"|inactive|Battle timer is ON: inactive players will automatically lose when time's up.\n|t:|1700910590\n|gametype|singles\n|player|p1|London Beats|#wcop2023spain2|\n|player|p2|mind gaming|#splxivsharks2|\n|teamsize|p1|6\n|teamsize|p2|6\n|gen|9\n|tier|[Gen 9] OU\n|rule|Sleep Clause Mod: Limit one foe put to sleep\n|rule|Species Clause: Limit one of each Pok\u00e9mon\n|rule|OHKO Clause: OHKO moves are banned\n|rule|Evasion Items Clause: Evasion items are banned\n|rule|Evasion Moves Clause: Evasion moves are banned\n|rule|Endless Battle Clause: Forcing endless battles is banned\n|rule|HP Percentage Mod: HP is shown in percentages\n|clearpoke\n|poke|p1|Clefable, M|\n|poke|p1|Dragapult, M|\n|poke|p1|Great Tusk|\n|poke|p1|Corviknight, F|\n|poke|p1|Iron Moth|\n|poke|p1|Samurott-Hisui, F|\n|poke|p2|Dragonite, M|\n|poke|p2|Ribombee, F|\n|poke|p2|Dragapult, F|\n|poke|p2|Enamorus, F|\n|poke|p2|Gholdengo|\n|poke|p2|Ogerpon-Cornerstone, F|\n|teampreview\n|c|\u2606London Beats|hf\n|c|\u2606mind gaming|u2\n|inactive|London Beats has 270 seconds left.\n|inactive|mind gaming has 270 seconds left.\n|inactive|London Beats has 240 seconds left.\n|inactive|London Beats has 210 seconds left.\n|c|+Inder|TEAM LONDON\n|inactive|London Beats has 180 seconds left.\n|\n|t:|1700910738\n|start\n|switch|p1a: Samurott|Samurott-Hisui, F|100\/100\n|switch|p2a: Ribombee|Ribombee, F|100\/100\n|turn|1\n|\n|t:|1700910745\n|move|p2a: Ribombee|Sticky Web|p1a: Samurott\n|-sidestart|p1: London Beats|move: Sticky Web\n|move|p1a: Samurott|Ceaseless Edge|p2a: Ribombee\n|-resisted|p2a: Ribombee\n|-damage|p2a: Ribombee|55\/100\n|-sidestart|p2: mind gaming|Spikes\n|\n|upkeep\n|turn|2\n|inactive|London Beats has 210 seconds left.\n|inactive|London Beats has 180 seconds left.\n|\n|t:|1700910797\n|move|p2a: Ribombee|Moonblast|p1a: Samurott\n|-supereffective|p1a: Samurott\n|-damage|p1a: Samurott|36\/100\n|-unboost|p1a: Samurott|spa|1\n|move|p1a: Samurott|Aqua Cutter|p2a: Ribombee\n|-damage|p2a: Ribombee|0 fnt\n|faint|p2a: Ribombee\n|\n|upkeep\n|\n|t:|1700910819\n|switch|p2a: Ogerpon|Ogerpon-Cornerstone, F|100\/100\n|-damage|p2a: Ogerpon|88\/100|[from] Spikes\n|turn|3\n|inactive|London Beats has 180 seconds left.\n|\n|t:|1700910851\n|move|p2a: Ogerpon|Ivy Cudgel|p1a: Samurott|[anim] Ivy Cudgel Rock\n|-damage|p1a: Samurott|0 fnt\n|faint|p1a: Samurott\n|\n|upkeep\n|inactive|London Beats has 150 seconds left.\n|c|+Alpha1013|Lgi Mind\n|inactive|London Beats has 120 seconds left.\n|\n|t:|1700910909\n|switch|p1a: Great Tusk|Great Tusk|100\/100\n|turn|4\n|inactive|London Beats has 120 seconds left.\n|\n|t:|1700910930\n|move|p2a: Ogerpon|Power Whip|p1a: Great Tusk|[miss]\n|-miss|p2a: Ogerpon|p1a: Great Tusk\n|move|p1a: Great Tusk|Rapid Spin|p2a: Ogerpon\n|-resisted|p2a: Ogerpon\n|-damage|p2a: Ogerpon|76\/100\n|-boost|p1a: Great Tusk|spe|1\n|-sideend|p1: London Beats|Sticky Web|[from] move: Rapid Spin|[of] p1a: Great Tusk\n|\n|upkeep\n|turn|5\n|inactive|London Beats has 90 seconds left.\n|inactive|mind gaming has 270 seconds left.\n|inactive|London Beats has 60 seconds left.\n|\n|t:|1700911004\n|move|p1a: Great Tusk|Headlong Rush|p2a: Ogerpon\n|-damage|p2a: Ogerpon|0 fnt\n|-unboost|p1a: Great Tusk|def|1\n|-unboost|p1a: Great Tusk|spd|1\n|faint|p2a: Ogerpon\n|\n|upkeep\n|\n|t:|1700911013\n|switch|p2a: Gholdengo|Gholdengo|100\/100\n|-item|p2a: Gholdengo|Air Balloon\n|turn|6\n|inactive|London Beats has 60 seconds left.\n|inactive|mind gaming has 270 seconds left.\n|\n|t:|1700911026\n|-end|p1a: Great Tusk|Protosynthesis|[silent]\n|switch|p1a: Iron Moth|Iron Moth|100\/100\n|switch|p2a: Dragonite|Dragonite, M|100\/100\n|\n|upkeep\n|turn|7\n|inactive|London Beats has 60 seconds left.\n|\n|t:|1700911052\n|-end|p1a: Iron Moth|Quark Drive|[silent]\n|switch|p1a: Great Tusk|Great Tusk|100\/100\n|move|p2a: Dragonite|Dragon Dance|p2a: Dragonite\n|-boost|p2a: Dragonite|atk|1\n|-boost|p2a: Dragonite|spe|1\n|\n|upkeep\n|turn|8\n|inactive|mind gaming has 270 seconds left.\n|inactive|London Beats has 30 seconds left.\n|\n|t:|1700911085\n|move|p2a: Dragonite|Dragon Dance|p2a: Dragonite\n|-boost|p2a: Dragonite|atk|1\n|-boost|p2a: Dragonite|spe|1\n|move|p1a: Great Tusk|Ice Spinner|p2a: Dragonite\n|-supereffective|p2a: Dragonite\n|-crit|p2a: Dragonite\n|-damage|p2a: Dragonite|10\/100\n|\n|upkeep\n|turn|9\n|inactive|London Beats has 30 seconds left.\n|\n|t:|1700911099\n|-end|p1a: Great Tusk|Protosynthesis|[silent]\n|switch|p1a: Corviknight|Corviknight, F|100\/100\n|-ability|p1a: Corviknight|Pressure\n|move|p2a: Dragonite|Outrage|p1a: Corviknight\n|-resisted|p1a: Corviknight\n|-damage|p1a: Corviknight|43\/100\n|-damage|p2a: Dragonite|0 fnt|[from] item: Rocky Helmet|[of] p1a: Corviknight\n|faint|p2a: Dragonite\n|\n|upkeep\n|inactive|mind gaming has 270 seconds left.\n|\n|t:|1700911108\n|switch|p2a: Dragapult|Dragapult, F|100\/100\n|-damage|p2a: Dragapult|88\/100|[from] Spikes\n|turn|10\n|\n|t:|1700911114\n|move|p2a: Dragapult|Shadow Ball|p1a: Corviknight\n|-damage|p1a: Corviknight|0 fnt\n|faint|p1a: Corviknight\n|-damage|p2a: Dragapult|78\/100|[from] item: Life Orb\n|\n|upkeep\n|\n|t:|1700911129\n|switch|p1a: Clefable|Clefable, M|100\/100\n|turn|11\n|\n|t:|1700911137\n|switch|p2a: Gholdengo|Gholdengo|100\/100\n|-item|p2a: Gholdengo|Air Balloon\n|move|p1a: Clefable|Moonblast|p2a: Gholdengo\n|-resisted|p2a: Gholdengo\n|-damage|p2a: Gholdengo|81\/100\n|-enditem|p2a: Gholdengo|Air Balloon\n|\n|upkeep\n|turn|12\n|\n|t:|1700911155\n|switch|p2a: Dragapult|Dragapult, F|78\/100\n|-damage|p2a: Dragapult|66\/100|[from] Spikes\n|switch|p1a: Iron Moth|Iron Moth|100\/100\n|\n|upkeep\n|turn|13\n|inactive|London Beats has 30 seconds left.\n|\n|t:|1700911173\n|-end|p1a: Iron Moth|Quark Drive|[silent]\n|switch|p1a: Clefable|Clefable, M|100\/100\n|-terastallize|p2a: Dragapult|Water\n|move|p2a: Dragapult|Hydro Pump|p1a: Clefable\n|-damage|p1a: Clefable|49\/100\n|-damage|p2a: Dragapult|56\/100|[from] item: Life Orb\n|\n|upkeep\n|turn|14\n|inactive|London Beats has 30 seconds left.\n|inactive|London Beats has 20 seconds left.\n|inactive|London Beats has 15 seconds left.\n|inactive|London Beats has 10 seconds left.\n|\n|t:|1700911207\n|switch|p1a: Great Tusk|Great Tusk|100\/100\n|move|p2a: Dragapult|Hydro Pump|p1a: Great Tusk\n|-supereffective|p1a: Great Tusk\n|-damage|p1a: Great Tusk|0 fnt\n|faint|p1a: Great Tusk\n|-end|p1a: Great Tusk|Protosynthesis|[silent]\n|-damage|p2a: Dragapult|47\/100|[from] item: Life Orb\n|\n|upkeep\n|inactive|London Beats has 15 seconds left this turn.\n|inactive|London Beats has 10 seconds left.\n|\n|t:|1700911215\n|switch|p1a: Dragapult|Dragapult, M|100\/100\n|turn|15\n|inactive|London Beats has 20 seconds left this turn.\n|inactive|London Beats has 15 seconds left.\n|\n|t:|1700911222\n|switch|p2a: Gholdengo|Gholdengo|81\/100\n|-damage|p2a: Gholdengo|69\/100|[from] Spikes\n|move|p1a: Dragapult|Shadow Ball|p2a: Gholdengo\n|-supereffective|p2a: Gholdengo\n|-damage|p2a: Gholdengo|0 fnt\n|faint|p2a: Gholdengo\n|\n|upkeep\n|inactive|London Beats has 20 seconds left this turn.\n|\n|t:|1700911224\n|switch|p2a: Enamorus|Enamorus, F|100\/100\n|turn|16\n|inactive|London Beats has 30 seconds left this turn.\n|inactive|London Beats has 20 seconds left.\n|inactive|London Beats has 15 seconds left.\n|\n|t:|1700911243\n|-terastallize|p1a: Dragapult|Ghost\n|move|p1a: Dragapult|Shadow Ball|p2a: Enamorus\n|-damage|p2a: Enamorus|4\/100\n|move|p2a: Enamorus|Draining Kiss|p1a: Dragapult\n|-crit|p1a: Dragapult\n|-damage|p1a: Dragapult|19\/100\n|-heal|p2a: Enamorus|70\/100|[from] drain|[of] p1a: Dragapult\n|-damage|p2a: Enamorus|61\/100|[from] item: Life Orb\n|\n|upkeep\n|turn|17\n|inactive|London Beats has 25 seconds left this turn.\n|inactive|London Beats has 20 seconds left.\n|\n|t:|1700911248\n|move|p1a: Dragapult|Shadow Ball|p2a: Enamorus\n|-crit|p2a: Enamorus\n|-damage|p2a: Enamorus|0 fnt\n|faint|p2a: Enamorus\n|\n|upkeep\n|inactive|London Beats has 25 seconds left this turn.\n|\n|t:|1700911250\n|switch|p2a: Dragapult|Dragapult, F, tera:Water|47\/100\n|-damage|p2a: Dragapult|34\/100|[from] Spikes\n|turn|18\n|inactive|London Beats has 30 seconds left.\n|\n|t:|1700911257\n|move|p1a: Dragapult|Shadow Ball|p2a: Dragapult\n|-damage|p2a: Dragapult|0 fnt\n|faint|p2a: Dragapult\n|\n|win|London Beats\n|c|\u2606London Beats|gg\n|c|\u2606mind gaming|gg\n","uploadtime":1700911258,"views":173,"p1id":"londonbeats","p2id":"mindgaming","formatid":"gen9ou","rating":0,"private":0,"password":""}