{"id":"smogtours-gen9ou-729846","p1":"silent waltz amir","p2":"flo & liaminho","format":"[Gen 9] OU","log":"|inactive|Battle timer is ON: inactive players will automatically lose when time's up.\n|t:|1699712709\n|gametype|singles\n|player|p1|silent waltz amir|acetrainerf-gen4dp|\n|player|p2|flo & liaminho|cynthia|\n|teamsize|p1|6\n|teamsize|p2|6\n|gen|9\n|tier|[Gen 9] OU\n|rule|Sleep Clause Mod: Limit one foe put to sleep\n|rule|Species Clause: Limit one of each Pok\u00e9mon\n|rule|OHKO Clause: OHKO moves are banned\n|rule|Evasion Items Clause: Evasion items are banned\n|rule|Evasion Moves Clause: Evasion moves are banned\n|rule|Endless Battle Clause: Forcing endless battles is banned\n|rule|HP Percentage Mod: HP is shown in percentages\n|clearpoke\n|poke|p1|Gholdengo|\n|poke|p1|Thundurus-Therian, M|\n|poke|p1|Samurott-Hisui, M|\n|poke|p1|Amoonguss, F|\n|poke|p1|Great Tusk|\n|poke|p1|Ceruledge, F|\n|poke|p2|Iron Moth|\n|poke|p2|Manaphy|\n|poke|p2|Kingambit, M|\n|poke|p2|Cinderace, F|\n|poke|p2|Rillaboom, F|\n|poke|p2|Gliscor, M|\n|teampreview\n|inactive|silent waltz amir also wants the timer to be on.\n|c|\u2606flo & liaminho|hf\n|inactive|silent waltz amir has 270 seconds left.\n|\n|t:|1699712756\n|start\n|switch|p1a: Great Tusk|Great Tusk|100\/100\n|switch|p2a: Rillaboom|Rillaboom, F|100\/100\n|-fieldstart|move: Grassy Terrain|[from] ability: Grassy Surge|[of] p2a: Rillaboom\n|turn|1\n|inactive|silent waltz amir has 270 seconds left.\n|inactive|flo & liaminho has 270 seconds left.\n|\n|t:|1699712789\n|-end|p1a: Great Tusk|Protosynthesis|[silent]\n|switch|p1a: Amoonguss|Amoonguss, F, shiny|100\/100\n|move|p2a: Rillaboom|Wood Hammer|p1a: Amoonguss\n|-resisted|p1a: Amoonguss\n|-crit|p1a: Amoonguss\n|-damage|p1a: Amoonguss|59\/100\n|-damage|p2a: Rillaboom|83\/100|[from] Recoil\n|-enditem|p1a: Amoonguss|Red Card|[of] p2a: Rillaboom\n|drag|p2a: Cinderace|Cinderace, F|100\/100\n|\n|-heal|p1a: Amoonguss|65\/100|[from] Grassy Terrain\n|upkeep\n|turn|2\n|inactive|silent waltz amir has 270 seconds left.\n|inactive|flo & liaminho has 270 seconds left.\n|inactive|silent waltz amir has 240 seconds left.\n|\n|t:|1699712829\n|switch|p1a: Great Tusk|Great Tusk|100\/100\n|move|p2a: Cinderace|U-turn|p1a: Great Tusk\n|-resisted|p1a: Great Tusk\n|-damage|p1a: Great Tusk|96\/100\n|\n|t:|1699712837\n|switch|p2a: Rillaboom|Rillaboom, F|83\/100|[from] U-turn\n|\n|-heal|p2a: Rillaboom|89\/100|[from] Grassy Terrain\n|-heal|p1a: Great Tusk|100\/100|[from] Grassy Terrain\n|upkeep\n|turn|3\n|inactive|silent waltz amir has 240 seconds left.\n|\n|t:|1699712853\n|move|p2a: Rillaboom|Wood Hammer|p1a: Great Tusk\n|-supereffective|p1a: Great Tusk\n|-damage|p1a: Great Tusk|0 fnt\n|faint|p1a: Great Tusk\n|-end|p1a: Great Tusk|Protosynthesis|[silent]\n|-damage|p2a: Rillaboom|47\/100|[from] Recoil\n|\n|-heal|p2a: Rillaboom|54\/100|[from] Grassy Terrain\n|upkeep\n|inactive|silent waltz amir has 240 seconds left.\n|\n|t:|1699712884\n|switch|p1a: Amoonguss|Amoonguss, F, shiny|98\/100\n|turn|4\n|inactive|flo & liaminho has 240 seconds left.\n|inactive|flo & liaminho has 210 seconds left.\n|\n|t:|1699712948\n|switch|p2a: Cinderace|Cinderace, F|100\/100\n|move|p1a: Amoonguss|Spore|p2a: Cinderace\n|-status|p2a: Cinderace|slp|[from] move: Spore\n|\n|-heal|p1a: Amoonguss|100\/100|[from] Grassy Terrain\n|upkeep\n|turn|5\n|inactive|flo & liaminho has 210 seconds left.\n|inactive|silent waltz amir has 210 seconds left.\n|\n|t:|1699712979\n|switch|p2a: Gliscor|Gliscor, M|100\/100\n|switch|p1a: Samurott|Samurott-Hisui, M|100\/100\n|\n|-fieldend|move: Grassy Terrain\n|-status|p2a: Gliscor|tox|[from] item: Toxic Orb\n|upkeep\n|turn|6\n|inactive|silent waltz amir has 210 seconds left.\n|\n|t:|1699712997\n|move|p2a: Gliscor|Protect|p2a: Gliscor\n|-singleturn|p2a: Gliscor|Protect\n|move|p1a: Samurott|Ceaseless Edge|p2a: Gliscor\n|-activate|p2a: Gliscor|move: Protect\n|\n|upkeep\n|turn|7\n|inactive|flo & liaminho has 180 seconds left.\n|\n|t:|1699713040\n|switch|p2a: Rillaboom|Rillaboom, F|54\/100\n|-fieldstart|move: Grassy Terrain|[from] ability: Grassy Surge|[of] p2a: Rillaboom\n|move|p1a: Samurott|Ceaseless Edge|p2a: Rillaboom\n|-damage|p2a: Rillaboom|3\/100\n|-sidestart|p2: flo & liaminho|Spikes\n|\n|-heal|p2a: Rillaboom|10\/100|[from] Grassy Terrain\n|upkeep\n|turn|8\n|inactive|flo & liaminho has 150 seconds left.\n|\n|t:|1699713090\n|switch|p1a: Amoonguss|Amoonguss, F, shiny|100\/100\n|move|p2a: Rillaboom|Grassy Glide|p1a: Amoonguss\n|-resisted|p1a: Amoonguss\n|-damage|p1a: Amoonguss|87\/100\n|\n|-heal|p2a: Rillaboom|16\/100|[from] Grassy Terrain\n|-heal|p1a: Amoonguss|93\/100|[from] Grassy Terrain\n|upkeep\n|turn|9\n|\n|t:|1699713102\n|switch|p2a: Cinderace|Cinderace, F|100\/100 slp\n|switch|p1a: Samurott|Samurott-Hisui, M|100\/100\n|\n|upkeep\n|turn|10\n|inactive|flo & liaminho has 120 seconds left.\n|\n|t:|1699713134\n|move|p1a: Samurott|Ceaseless Edge|p2a: Cinderace\n|-damage|p2a: Cinderace|49\/100 slp\n|-sidestart|p2: flo & liaminho|Spikes\n|cant|p2a: Cinderace|slp\n|\n|-heal|p2a: Cinderace|55\/100 slp|[from] Grassy Terrain\n|upkeep\n|turn|11\n|\n|t:|1699713147\n|move|p1a: Samurott|Ceaseless Edge|p2a: Cinderace\n|-damage|p2a: Cinderace|0 fnt\n|-sidestart|p2: flo & liaminho|Spikes\n|faint|p2a: Cinderace\n|\n|-fieldend|move: Grassy Terrain\n|upkeep\n|\n|t:|1699713163\n|switch|p2a: Manaphy|Manaphy|100\/100\n|-damage|p2a: Manaphy|76\/100|[from] Spikes\n|turn|12\n|\n|t:|1699713184\n|switch|p1a: Thundurus|Thundurus-Therian, M|100\/100\n|move|p2a: Manaphy|Acid Armor|p2a: Manaphy\n|-boost|p2a: Manaphy|def|2\n|\n|-heal|p2a: Manaphy|82\/100|[from] item: Leftovers\n|upkeep\n|turn|13\n|\n|t:|1699713196\n|-terastallize|p2a: Manaphy|Fairy\n|move|p1a: Thundurus|Volt Switch|p2a: Manaphy\n|-damage|p2a: Manaphy|47\/100\n|\n|t:|1699713204\n|switch|p1a: Gholdengo|Gholdengo|100\/100|[from] Volt Switch\n|move|p2a: Manaphy|Take Heart|p2a: Manaphy\n|-boost|p2a: Manaphy|spa|1\n|-boost|p2a: Manaphy|spd|1\n|\n|-heal|p2a: Manaphy|54\/100|[from] item: Leftovers\n|upkeep\n|turn|14\n|inactive|flo & liaminho has 90 seconds left.\n|inactive|flo & liaminho has 60 seconds left.\n|\n|t:|1699713269\n|switch|p2a: Rillaboom|Rillaboom, F|16\/100\n|-damage|p2a: Rillaboom|0 fnt|[from] Spikes\n|faint|p2a: Rillaboom\n|move|p1a: Gholdengo|Make It Rain|p2: Rillaboom|[notarget]\n|-fail|p1a: Gholdengo\n|\n|upkeep\n|inactive|flo & liaminho has 60 seconds left.\n|inactive|flo & liaminho has 30 seconds left.\n|inactive|flo & liaminho has 20 seconds left.\n|inactive|flo & liaminho has 15 seconds left.\n|\n|t:|1699713322\n|switch|p2a: Iron Moth|Iron Moth|100\/100\n|-damage|p2a: Iron Moth|76\/100|[from] Spikes\n|-enditem|p2a: Iron Moth|Booster Energy\n|-activate|p2a: Iron Moth|ability: Quark Drive|[fromitem]\n|-start|p2a: Iron Moth|quarkdrivespe\n|turn|15\n|inactive|flo & liaminho has 25 seconds left this turn.\n|inactive|silent waltz amir has 210 seconds left.\n|inactive|silent waltz amir has 180 seconds left.\n|\n|t:|1699713372\n|move|p2a: Iron Moth|Fiery Dance|p1a: Gholdengo\n|-supereffective|p1a: Gholdengo\n|-damage|p1a: Gholdengo|27\/100\n|move|p1a: Gholdengo|Shadow Ball|p2a: Iron Moth\n|-damage|p2a: Iron Moth|40\/100\n|\n|-heal|p1a: Gholdengo|33\/100|[from] item: Leftovers\n|upkeep\n|turn|16\n|inactive|flo & liaminho has 30 seconds left.\n|\n|t:|1699713379\n|move|p2a: Iron Moth|Fiery Dance|p1a: Gholdengo\n|-supereffective|p1a: Gholdengo\n|-damage|p1a: Gholdengo|0 fnt\n|-boost|p2a: Iron Moth|spa|1\n|faint|p1a: Gholdengo\n|\n|upkeep\n|\n|t:|1699713389\n|switch|p1a: Ceruledge|Ceruledge, F|100\/100\n|turn|17\n|\n|t:|1699713402\n|move|p2a: Iron Moth|Psychic|p1a: Ceruledge\n|-damage|p1a: Ceruledge|47\/100\n|move|p1a: Ceruledge|Swords Dance|p1a: Ceruledge\n|-boost|p1a: Ceruledge|atk|2\n|\n|upkeep\n|turn|18\n|\n|t:|1699713409\n|move|p1a: Ceruledge|Shadow Sneak|p2a: Iron Moth\n|-damage|p2a: Iron Moth|0 fnt\n|faint|p2a: Iron Moth\n|-end|p2a: Iron Moth|Quark Drive|[silent]\n|\n|upkeep\n|\n|t:|1699713416\n|switch|p2a: Gliscor|Gliscor, M|100\/100 tox\n|turn|19\n|inactive|silent waltz amir has 210 seconds left.\n|inactive|flo & liaminho has 30 seconds left.\n|inactive|flo & liaminho has 20 seconds left.\n|inactive|flo & liaminho has 15 seconds left.\n|inactive|silent waltz amir has 180 seconds left.\n|\n|t:|1699713463\n|-terastallize|p1a: Ceruledge|Fairy\n|move|p1a: Ceruledge|Bitter Blade|p2a: Gliscor\n|-damage|p2a: Gliscor|37\/100 tox\n|-heal|p1a: Ceruledge|85\/100|[from] drain|[of] p2a: Gliscor\n|move|p2a: Gliscor|Earthquake|p1a: Ceruledge\n|-crit|p1a: Ceruledge\n|-damage|p1a: Ceruledge|15\/100\n|-ability|p1a: Ceruledge|Weak Armor|boost\n|-unboost|p1a: Ceruledge|def|1\n|-boost|p1a: Ceruledge|spe|2\n|\n|-heal|p2a: Gliscor|50\/100 tox|[from] ability: Poison Heal\n|upkeep\n|turn|20\n|inactive|flo & liaminho has 25 seconds left this turn.\n|inactive|flo & liaminho has 20 seconds left.\n|inactive|silent waltz amir has 180 seconds left.\n|inactive|flo & liaminho has 15 seconds left.\n|inactive|flo & liaminho has 10 seconds left.\n|\n|t:|1699713479\n|move|p1a: Ceruledge|Bitter Blade|p2a: Gliscor\n|-damage|p2a: Gliscor|0 fnt\n|-heal|p1a: Ceruledge|45\/100|[from] drain|[of] p2a: Gliscor\n|faint|p2a: Gliscor\n|\n|upkeep\n|inactive|flo & liaminho has 15 seconds left this turn.\n|\n|t:|1699713482\n|switch|p2a: Kingambit|Kingambit, M|100\/100\n|-damage|p2a: Kingambit|76\/100|[from] Spikes\n|-activate|p2a: Kingambit|ability: Supreme Overlord\n|-start|p2a: Kingambit|fallen4|[silent]\n|turn|21\n|inactive|flo & liaminho has 25 seconds left this turn.\n|inactive|flo & liaminho has 20 seconds left.\n|inactive|silent waltz amir has 180 seconds left.\n|inactive|silent waltz amir has 150 seconds left.\n|\n|t:|1699713529\n|move|p2a: Kingambit|Sucker Punch|p1a: Ceruledge\n|-resisted|p1a: Ceruledge\n|-damage|p1a: Ceruledge|0 fnt\n|faint|p1a: Ceruledge\n|\n|-heal|p2a: Kingambit|82\/100|[from] item: Leftovers\n|upkeep\n|inactive|flo & liaminho has 25 seconds left this turn.\n|\n|t:|1699713531\n|switch|p1a: Samurott|Samurott-Hisui, M|100\/100\n|turn|22\n|inactive|flo & liaminho has 30 seconds left.\n|inactive|flo & liaminho has 20 seconds left.\n|\n|t:|1699713550\n|move|p1a: Samurott|Sacred Sword|p2a: Kingambit\n|-supereffective|p2a: Kingambit\n|-damage|p2a: Kingambit|0 fnt\n|faint|p2a: Kingambit\n|-end|p2a: Kingambit|fallen4|[silent]\n|\n|upkeep\n|inactive|flo & liaminho has 25 seconds left this turn.\n|c|\u2606flo & liaminho|gg\n|inactive|flo & liaminho has 20 seconds left.\n|\n|t:|1699713555\n|switch|p2a: Manaphy|Manaphy, tera:Fairy|54\/100\n|-damage|p2a: Manaphy|29\/100|[from] Spikes\n|turn|23\n|inactive|flo & liaminho has 30 seconds left this turn.\n|\n|t:|1699713564\n|switch|p1a: Thundurus|Thundurus-Therian, M|100\/100\n|move|p2a: Manaphy|Scald|p1a: Thundurus\n|-crit|p1a: Thundurus\n|-damage|p1a: Thundurus|45\/100\n|\n|-heal|p2a: Manaphy|35\/100|[from] item: Leftovers\n|upkeep\n|turn|24\n|inactive|silent waltz amir has 180 seconds left.\n|\n|t:|1699713571\n|move|p1a: Thundurus|Volt Switch|p2a: Manaphy\n|-damage|p2a: Manaphy|3\/100\n|\n|t:|1699713574\n|switch|p1a: Amoonguss|Amoonguss, F, shiny|100\/100|[from] Volt Switch\n|move|p2a: Manaphy|Scald|p1a: Amoonguss\n|-resisted|p1a: Amoonguss\n|-damage|p1a: Amoonguss|90\/100\n|-status|p1a: Amoonguss|brn\n|\n|-heal|p2a: Manaphy|9\/100|[from] item: Leftovers\n|-damage|p1a: Amoonguss|84\/100 brn|[from] brn\n|upkeep\n|turn|25\n|\n|t:|1699713581\n|move|p2a: Manaphy|Take Heart|p2a: Manaphy\n|-boost|p2a: Manaphy|spa|1\n|-boost|p2a: Manaphy|spd|1\n|move|p1a: Amoonguss|Sludge Bomb|p2a: Manaphy\n|-supereffective|p2a: Manaphy\n|-damage|p2a: Manaphy|0 fnt\n|faint|p2a: Manaphy\n|\n|win|silent waltz amir\n|c|\u2606silent waltz amir|gg\n|c|\u2606silent waltz amir|gg\n|player|p1|silent waltz amir|acetrainerf-gen4dp\n","uploadtime":1699713582,"views":65,"p1id":"silentwaltzamir","p2id":"floliaminho","formatid":"gen9ou","rating":0,"private":0,"password":""}