{"id":"smogtours-gen9ou-730555","p1":"Kaif & Radu","p2":"Cicada & Leftiez","format":"[Gen 9] OU","log":"|inactive|Battle timer is ON: inactive players will automatically lose when time's up.\n|t:|1699902314\n|gametype|singles\n|player|p1|Kaif & Radu|#wcop2023bangladesh|\n|player|p2|Cicada & Leftiez|#leftiez|\n|teamsize|p1|6\n|teamsize|p2|6\n|gen|9\n|tier|[Gen 9] OU\n|rule|Sleep Clause Mod: Limit one foe put to sleep\n|rule|Species Clause: Limit one of each Pok\u00e9mon\n|rule|OHKO Clause: OHKO moves are banned\n|rule|Evasion Items Clause: Evasion items are banned\n|rule|Evasion Moves Clause: Evasion moves are banned\n|rule|Endless Battle Clause: Forcing endless battles is banned\n|rule|HP Percentage Mod: HP is shown in percentages\n|clearpoke\n|poke|p1|Cinderace, F|\n|poke|p1|Amoonguss, F|\n|poke|p1|Dragonite, F|\n|poke|p1|Zamazenta-*|\n|poke|p1|Gholdengo|\n|poke|p1|Ting-Lu|\n|poke|p2|Great Tusk|\n|poke|p2|Skeledirge, F|\n|poke|p2|Gholdengo|\n|poke|p2|Ogerpon-Wellspring, F|\n|poke|p2|Kingambit, M|\n|poke|p2|Hydreigon, F|\n|teampreview\n|inactive|Kaif & Radu also wants the timer to be on.\n|inactive|Kaif & Radu has 270 seconds left.\n|inactive|Cicada & Leftiez has 270 seconds left.\n|inactive|Kaif & Radu has 240 seconds left.\n|inactive|Cicada & Leftiez has 240 seconds left.\n|inactive|Kaif & Radu has 210 seconds left.\n|inactive|Cicada & Leftiez has 210 seconds left.\n|\n|t:|1699902449\n|start\n|switch|p1a: Dragonite|Dragonite, F|100\/100\n|switch|p2a: Hydreigon|Hydreigon, F|100\/100\n|turn|1\n|inactive|Kaif & Radu has 240 seconds left.\n|inactive|Cicada & Leftiez has 240 seconds left.\n|inactive|Cicada & Leftiez has 210 seconds left.\n|\n|t:|1699902504\n|-terastallize|p1a: Dragonite|Flying\n|move|p2a: Hydreigon|Dark Pulse|p1a: Dragonite\n|-damage|p1a: Dragonite|80\/100\n|move|p1a: Dragonite|Tera Blast|p2a: Hydreigon|[anim] Tera Blast Flying\n|-damage|p2a: Hydreigon|0 fnt\n|faint|p2a: Hydreigon\n|\n|upkeep\n|inactive|Cicada & Leftiez has 180 seconds left.\n|\n|t:|1699902549\n|switch|p2a: Kingambit|Kingambit, M|100\/100\n|-activate|p2a: Kingambit|ability: Supreme Overlord\n|-start|p2a: Kingambit|fallen1|[silent]\n|turn|2\n|inactive|Kaif & Radu has 210 seconds left.\n|\n|t:|1699902587\n|switch|p1a: Ting-Lu|Ting-Lu|100\/100\n|-ability|p1a: Ting-Lu|Vessel of Ruin\n|move|p2a: Kingambit|Iron Head|p1a: Ting-Lu\n|-crit|p1a: Ting-Lu\n|-damage|p1a: Ting-Lu|61\/100\n|\n|-heal|p1a: Ting-Lu|67\/100|[from] item: Leftovers\n|upkeep\n|turn|3\n|inactive|Cicada & Leftiez has 180 seconds left.\n|inactive|Cicada & Leftiez has 150 seconds left.\n|\n|t:|1699902631\n|-end|p2a: Kingambit|fallen1|[silent]\n|switch|p2a: Ogerpon|Ogerpon-Wellspring, F|100\/100\n|move|p1a: Ting-Lu|Spikes|p2a: Ogerpon\n|-sidestart|p2: Cicada & Leftiez|Spikes\n|\n|-heal|p1a: Ting-Lu|73\/100|[from] item: Leftovers\n|upkeep\n|turn|4\n|inactive|Cicada & Leftiez has 150 seconds left.\n|\n|t:|1699902644\n|switch|p2a: Gholdengo|Gholdengo|100\/100\n|-item|p2a: Gholdengo|Air Balloon\n|switch|p1a: Amoonguss|Amoonguss, F|100\/100\n|\n|upkeep\n|turn|5\n|inactive|Kaif & Radu has 210 seconds left.\n|inactive|Cicada & Leftiez has 150 seconds left.\n|\n|t:|1699902671\n|switch|p1a: Cinderace|Cinderace, F|100\/100\n|move|p2a: Gholdengo|Shadow Ball|p1a: Cinderace\n|-damage|p1a: Cinderace|44\/100\n|-unboost|p1a: Cinderace|spd|1\n|\n|upkeep\n|turn|6\n|inactive|Cicada & Leftiez has 150 seconds left.\n|\n|t:|1699902702\n|switch|p2a: Skeledirge|Skeledirge, F|100\/100\n|move|p1a: Cinderace|U-turn|p2a: Skeledirge\n|-start|p1a: Cinderace|typechange|Bug|[from] ability: Libero\n|-resisted|p2a: Skeledirge\n|-damage|p2a: Skeledirge|93\/100\n|inactive|Kaif & Radu has 180 seconds left.\n|\n|t:|1699902740\n|switch|p1a: Gholdengo|Gholdengo|100\/100|[from] U-turn\n|-item|p1a: Gholdengo|Air Balloon\n|\n|upkeep\n|turn|7\n|inactive|Cicada & Leftiez has 120 seconds left.\n|inactive|Cicada & Leftiez has 90 seconds left.\n|\n|t:|1699902812\n|switch|p2a: Kingambit|Kingambit, M|100\/100\n|-damage|p2a: Kingambit|88\/100|[from] Spikes\n|-activate|p2a: Kingambit|ability: Supreme Overlord\n|-start|p2a: Kingambit|fallen1|[silent]\n|move|p1a: Gholdengo|Shadow Ball|p2a: Kingambit\n|-resisted|p2a: Kingambit\n|-damage|p2a: Kingambit|72\/100\n|-unboost|p2a: Kingambit|spd|1\n|\n|-heal|p2a: Kingambit|78\/100|[from] item: Leftovers\n|upkeep\n|turn|8\n|inactive|Kaif & Radu has 180 seconds left.\n|inactive|Kaif & Radu has 150 seconds left.\n|inactive|Kaif & Radu has 120 seconds left.\n|inactive|Kaif & Radu has 90 seconds left.\n|\n|t:|1699902922\n|-end|p2a: Kingambit|fallen1|[silent]\n|switch|p2a: Ogerpon|Ogerpon-Wellspring, F|100\/100\n|-damage|p2a: Ogerpon|88\/100|[from] Spikes\n|move|p1a: Gholdengo|Shadow Ball|p2a: Ogerpon\n|-damage|p2a: Ogerpon|47\/100\n|\n|upkeep\n|turn|9\n|inactive|Cicada & Leftiez has 60 seconds left.\n|\n|t:|1699902941\n|switch|p1a: Amoonguss|Amoonguss, F|100\/100\n|move|p2a: Ogerpon|Swords Dance|p2a: Ogerpon\n|-boost|p2a: Ogerpon|atk|2\n|\n|upkeep\n|turn|10\n|inactive|Cicada & Leftiez has 60 seconds left.\n|\n|t:|1699902972\n|switch|p2a: Gholdengo|Gholdengo|100\/100\n|-item|p2a: Gholdengo|Air Balloon\n|move|p1a: Amoonguss|Giga Drain|p2a: Gholdengo\n|-resisted|p2a: Gholdengo\n|-damage|p2a: Gholdengo|87\/100\n|-enditem|p2a: Gholdengo|Air Balloon\n|\n|upkeep\n|turn|11\n|inactive|Kaif & Radu has 60 seconds left.\n|\n|t:|1699902999\n|switch|p1a: Cinderace|Cinderace, F|44\/100\n|move|p2a: Gholdengo|Nasty Plot|p2a: Gholdengo\n|-boost|p2a: Gholdengo|spa|2\n|\n|upkeep\n|turn|12\n|inactive|Kaif & Radu has 60 seconds left.\n|\n|t:|1699903025\n|switch|p2a: Skeledirge|Skeledirge, F|93\/100\n|move|p1a: Cinderace|Pyro Ball|p2a: Skeledirge\n|-resisted|p2a: Skeledirge\n|-damage|p2a: Skeledirge|67\/100\n|\n|upkeep\n|turn|13\n|inactive|Cicada & Leftiez has 30 seconds left.\n|inactive|Cicada & Leftiez has 20 seconds left.\n|inactive|Cicada & Leftiez has 15 seconds left.\n|\n|t:|1699903057\n|move|p1a: Cinderace|U-turn|p2a: Skeledirge\n|-start|p1a: Cinderace|typechange|Bug|[from] ability: Libero\n|-resisted|p2a: Skeledirge\n|-damage|p2a: Skeledirge|60\/100\n|inactive|Cicada & Leftiez has 20 seconds left this turn.\n|\n|t:|1699903062\n|switch|p1a: Gholdengo|Gholdengo|100\/100|[from] U-turn\n|-item|p1a: Gholdengo|Air Balloon\n|move|p2a: Skeledirge|Slack Off|p2a: Skeledirge\n|-heal|p2a: Skeledirge|100\/100\n|\n|upkeep\n|turn|14\n|inactive|Cicada & Leftiez has 30 seconds left this turn.\n|\n|t:|1699903070\n|switch|p2a: Kingambit|Kingambit, M|78\/100\n|-damage|p2a: Kingambit|66\/100|[from] Spikes\n|-activate|p2a: Kingambit|ability: Supreme Overlord\n|-start|p2a: Kingambit|fallen1|[silent]\n|move|p1a: Gholdengo|Shadow Ball|p2a: Kingambit\n|-resisted|p2a: Kingambit\n|-damage|p2a: Kingambit|47\/100\n|\n|-heal|p2a: Kingambit|54\/100|[from] item: Leftovers\n|upkeep\n|turn|15\n|inactive|Cicada & Leftiez has 30 seconds left.\n|inactive|Kaif & Radu has 60 seconds left.\n|inactive|Cicada & Leftiez has 20 seconds left.\n|\n|t:|1699903087\n|switch|p1a: Zamazenta|Zamazenta|100\/100\n|-ability|p1a: Zamazenta|Dauntless Shield|boost\n|-boost|p1a: Zamazenta|def|1\n|move|p2a: Kingambit|Kowtow Cleave|p1a: Zamazenta\n|-resisted|p1a: Zamazenta\n|-damage|p1a: Zamazenta|86\/100\n|\n|-heal|p2a: Kingambit|60\/100|[from] item: Leftovers\n|upkeep\n|turn|16\n|inactive|Cicada & Leftiez has 30 seconds left this turn.\n|inactive|Kaif & Radu has 60 seconds left.\n|inactive|Cicada & Leftiez has 20 seconds left.\n|\n|t:|1699903106\n|-end|p2a: Kingambit|fallen1|[silent]\n|switch|p2a: Skeledirge|Skeledirge, F|100\/100\n|move|p1a: Zamazenta|Crunch|p2a: Skeledirge\n|-supereffective|p2a: Skeledirge\n|-damage|p2a: Skeledirge|58\/100\n|\n|upkeep\n|turn|17\n|inactive|Cicada & Leftiez has 30 seconds left this turn.\n|inactive|Kaif & Radu has 60 seconds left.\n|\n|t:|1699903127\n|switch|p1a: Gholdengo|Gholdengo|100\/100\n|-item|p1a: Gholdengo|Air Balloon\n|move|p2a: Skeledirge|Slack Off|p2a: Skeledirge\n|-heal|p2a: Skeledirge|100\/100\n|\n|upkeep\n|turn|18\n|inactive|Cicada & Leftiez has 30 seconds left.\n|\n|t:|1699903142\n|switch|p2a: Kingambit|Kingambit, M|60\/100\n|-damage|p2a: Kingambit|47\/100|[from] Spikes\n|-activate|p2a: Kingambit|ability: Supreme Overlord\n|-start|p2a: Kingambit|fallen1|[silent]\n|move|p1a: Gholdengo|Shadow Ball|p2a: Kingambit\n|-resisted|p2a: Kingambit\n|-damage|p2a: Kingambit|30\/100\n|\n|-heal|p2a: Kingambit|36\/100|[from] item: Leftovers\n|upkeep\n|turn|19\n|inactive|Cicada & Leftiez has 30 seconds left.\n|\n|t:|1699903167\n|switch|p1a: Zamazenta|Zamazenta|86\/100\n|move|p2a: Kingambit|Iron Head|p1a: Zamazenta\n|-damage|p1a: Zamazenta|41\/100\n|\n|-heal|p2a: Kingambit|43\/100|[from] item: Leftovers\n|upkeep\n|turn|20\n|inactive|Cicada & Leftiez has 30 seconds left.\n|inactive|Kaif & Radu has 30 seconds left.\n|inactive|Cicada & Leftiez has 20 seconds left.\n|inactive|Kaif & Radu has 20 seconds left.\n|inactive|Kaif & Radu has 15 seconds left.\n|\n|t:|1699903201\n|-end|p2a: Kingambit|fallen1|[silent]\n|switch|p2a: Great Tusk|Great Tusk|100\/100\n|-damage|p2a: Great Tusk|88\/100|[from] Spikes\n|-enditem|p2a: Great Tusk|Booster Energy\n|-activate|p2a: Great Tusk|ability: Protosynthesis|[fromitem]\n|-start|p2a: Great Tusk|protosynthesisspe\n|move|p1a: Zamazenta|Iron Defense|p1a: Zamazenta\n|-boost|p1a: Zamazenta|def|2\n|\n|upkeep\n|turn|21\n|inactive|Kaif & Radu has 25 seconds left this turn.\n|inactive|Cicada & Leftiez has 30 seconds left this turn.\n|inactive|Kaif & Radu has 20 seconds left.\n|inactive|Cicada & Leftiez has 20 seconds left.\n|\n|t:|1699903213\n|-end|p2a: Great Tusk|Protosynthesis|[silent]\n|switch|p2a: Skeledirge|Skeledirge, F|100\/100\n|move|p1a: Zamazenta|Body Press|p2a: Skeledirge\n|-immune|p2a: Skeledirge\n|\n|upkeep\n|turn|22\n|inactive|Kaif & Radu has 30 seconds left this turn.\n|inactive|Cicada & Leftiez has 30 seconds left this turn.\n|inactive|Kaif & Radu has 20 seconds left.\n|\n|t:|1699903227\n|switch|p1a: Ting-Lu|Ting-Lu|73\/100\n|-ability|p1a: Ting-Lu|Vessel of Ruin\n|move|p2a: Skeledirge|Torch Song|p1a: Ting-Lu\n|-damage|p1a: Ting-Lu|60\/100\n|-boost|p2a: Skeledirge|spa|1\n|\n|-heal|p1a: Ting-Lu|66\/100|[from] item: Leftovers\n|upkeep\n|turn|23\n|inactive|Kaif & Radu has 30 seconds left this turn.\n|inactive|Cicada & Leftiez has 30 seconds left.\n|\n|t:|1699903235\n|move|p2a: Skeledirge|Will-O-Wisp|p1a: Ting-Lu\n|-status|p1a: Ting-Lu|brn\n|move|p1a: Ting-Lu|Whirlwind|p2a: Skeledirge\n|drag|p2a: Kingambit|Kingambit, M|43\/100\n|-damage|p2a: Kingambit|30\/100|[from] Spikes\n|-activate|p2a: Kingambit|ability: Supreme Overlord\n|-start|p2a: Kingambit|fallen1|[silent]\n|\n|-heal|p2a: Kingambit|36\/100|[from] item: Leftovers\n|-heal|p1a: Ting-Lu|72\/100 brn|[from] item: Leftovers\n|-damage|p1a: Ting-Lu|66\/100 brn|[from] brn\n|upkeep\n|turn|24\n|inactive|Kaif & Radu has 30 seconds left.\n|inactive|Cicada & Leftiez has 30 seconds left.\n|\n|t:|1699903255\n|-end|p2a: Kingambit|fallen1|[silent]\n|switch|p2a: Ogerpon|Ogerpon-Wellspring, F|47\/100\n|-damage|p2a: Ogerpon|35\/100|[from] Spikes\n|move|p1a: Ting-Lu|Earthquake|p2a: Ogerpon\n|-resisted|p2a: Ogerpon\n|-damage|p2a: Ogerpon|22\/100\n|\n|-heal|p1a: Ting-Lu|72\/100 brn|[from] item: Leftovers\n|-damage|p1a: Ting-Lu|66\/100 brn|[from] brn\n|upkeep\n|turn|25\n|inactive|Cicada & Leftiez has 30 seconds left.\n|\n|t:|1699903265\n|switch|p2a: Gholdengo|Gholdengo|87\/100\n|-damage|p2a: Gholdengo|75\/100|[from] Spikes\n|switch|p1a: Amoonguss|Amoonguss, F|100\/100\n|\n|upkeep\n|turn|26\n|c|+Ciro\u273fNapoli|We radu\n|inactive|Cicada & Leftiez has 30 seconds left.\n|inactive|Kaif & Radu has 30 seconds left.\n|\n|t:|1699903290\n|move|p2a: Gholdengo|Shadow Ball|p1a: Amoonguss\n|-damage|p1a: Amoonguss|61\/100\n|-enditem|p1a: Amoonguss|Red Card|[of] p2a: Gholdengo\n|drag|p2a: Skeledirge|Skeledirge, F|100\/100\n|move|p1a: Amoonguss|Spore|p2a: Skeledirge\n|-status|p2a: Skeledirge|slp|[from] move: Spore\n|\n|upkeep\n|turn|27\n|inactive|Kaif & Radu has 30 seconds left.\n|inactive|Cicada & Leftiez has 30 seconds left.\n|\n|t:|1699903300\n|switch|p1a: Dragonite|Dragonite, F, tera:Flying|80\/100\n|cant|p2a: Skeledirge|slp\n|\n|upkeep\n|turn|28\n|inactive|Cicada & Leftiez has 30 seconds left.\n|inactive|Kaif & Radu has 30 seconds left.\n|\n|t:|1699903312\n|switch|p2a: Ogerpon|Ogerpon-Wellspring, F|22\/100\n|-damage|p2a: Ogerpon|10\/100|[from] Spikes\n|move|p1a: Dragonite|Tera Blast|p2a: Ogerpon|[anim] Tera Blast Flying\n|-supereffective|p2a: Ogerpon\n|-damage|p2a: Ogerpon|0 fnt\n|faint|p2a: Ogerpon\n|\n|upkeep\n|inactive|Cicada & Leftiez has 30 seconds left.\n|\n|t:|1699903319\n|switch|p2a: Great Tusk|Great Tusk|88\/100\n|-damage|p2a: Great Tusk|76\/100|[from] Spikes\n|turn|29\n|inactive|Cicada & Leftiez has 30 seconds left.\n|inactive|Kaif & Radu has 30 seconds left.\n|\n|t:|1699903338\n|-end|p2a: Great Tusk|Protosynthesis|[silent]\n|switch|p2a: Gholdengo|Gholdengo|75\/100\n|-damage|p2a: Gholdengo|63\/100|[from] Spikes\n|move|p1a: Dragonite|Tera Blast|p2a: Gholdengo|[anim] Tera Blast Flying\n|-resisted|p2a: Gholdengo\n|-damage|p2a: Gholdengo|9\/100\n|\n|upkeep\n|turn|30\n|inactive|Cicada & Leftiez has 30 seconds left.\n|\n|t:|1699903346\n|move|p2a: Gholdengo|Shadow Ball|p1a: Dragonite\n|-damage|p1a: Dragonite|33\/100\n|move|p1a: Dragonite|Tera Blast|p2a: Gholdengo|[anim] Tera Blast Flying\n|-resisted|p2a: Gholdengo\n|-damage|p2a: Gholdengo|0 fnt\n|faint|p2a: Gholdengo\n|\n|upkeep\n|inactive|Cicada & Leftiez has 30 seconds left.\n|inactive|Cicada & Leftiez has 20 seconds left.\n|\n|t:|1699903364\n|switch|p2a: Great Tusk|Great Tusk|76\/100\n|-damage|p2a: Great Tusk|63\/100|[from] Spikes\n|turn|31\n|inactive|Cicada & Leftiez has 30 seconds left this turn.\n|inactive|Cicada & Leftiez has 20 seconds left.\n|inactive|Kaif & Radu has 30 seconds left.\n|\n|t:|1699903386\n|switch|p1a: Amoonguss|Amoonguss, F|94\/100\n|move|p2a: Great Tusk|Head Smash|p1a: Amoonguss|[miss]\n|-miss|p2a: Great Tusk|p1a: Amoonguss\n|\n|upkeep\n|turn|32\n|inactive|Cicada & Leftiez has 30 seconds left this turn.\n|inactive|Kaif & Radu has 30 seconds left.\n|inactive|Cicada & Leftiez has 20 seconds left.\n|inactive|Cicada & Leftiez has 15 seconds left.\n|\n|t:|1699903403\n|switch|p1a: Dragonite|Dragonite, F, tera:Flying|33\/100\n|move|p2a: Great Tusk|Earthquake|p1a: Dragonite\n|-immune|p1a: Dragonite\n|\n|upkeep\n|turn|33\n|inactive|Cicada & Leftiez has 25 seconds left this turn.\n|\n|t:|1699903409\n|switch|p1a: Amoonguss|Amoonguss, F|100\/100\n|move|p2a: Great Tusk|Head Smash|p1a: Amoonguss|[miss]\n|-miss|p2a: Great Tusk|p1a: Amoonguss\n|\n|upkeep\n|turn|34\n|inactive|Cicada & Leftiez has 30 seconds left.\n|\n|t:|1699903421\n|-end|p2a: Great Tusk|Protosynthesis|[silent]\n|switch|p2a: Skeledirge|Skeledirge, F|100\/100 slp\n|move|p1a: Amoonguss|Giga Drain|p2a: Skeledirge\n|-resisted|p2a: Skeledirge\n|-damage|p2a: Skeledirge|92\/100 slp\n|\n|upkeep\n|turn|35\n|inactive|Cicada & Leftiez has 30 seconds left.\n|\n|t:|1699903433\n|switch|p1a: Dragonite|Dragonite, F, tera:Flying|33\/100\n|cant|p2a: Skeledirge|slp\n|\n|upkeep\n|turn|36\n|inactive|Cicada & Leftiez has 30 seconds left.\n|\n|t:|1699903445\n|switch|p2a: Great Tusk|Great Tusk|63\/100\n|-damage|p2a: Great Tusk|51\/100|[from] Spikes\n|move|p1a: Dragonite|Tera Blast|p2a: Great Tusk|[anim] Tera Blast Flying\n|-supereffective|p2a: Great Tusk\n|-damage|p2a: Great Tusk|0 fnt\n|faint|p2a: Great Tusk\n|-end|p2a: Great Tusk|Protosynthesis|[silent]\n|\n|upkeep\n|inactive|Cicada & Leftiez has 30 seconds left.\n|\n|t:|1699903453\n|switch|p2a: Kingambit|Kingambit, M|36\/100\n|-damage|p2a: Kingambit|24\/100|[from] Spikes\n|-activate|p2a: Kingambit|ability: Supreme Overlord\n|-start|p2a: Kingambit|fallen4|[silent]\n|turn|37\n|inactive|Cicada & Leftiez has 30 seconds left.\n|\n|t:|1699903471\n|move|p2a: Kingambit|Sucker Punch|p1a: Dragonite\n|-crit|p1a: Dragonite\n|-damage|p1a: Dragonite|0 fnt\n|faint|p1a: Dragonite\n|\n|-heal|p2a: Kingambit|30\/100|[from] item: Leftovers\n|upkeep\n|\n|t:|1699903478\n|switch|p1a: Zamazenta|Zamazenta|41\/100\n|turn|38\n|\n|t:|1699903487\n|-end|p2a: Kingambit|fallen4|[silent]\n|switch|p2a: Skeledirge|Skeledirge, F|92\/100 slp\n|move|p1a: Zamazenta|Iron Defense|p1a: Zamazenta\n|-boost|p1a: Zamazenta|def|2\n|\n|upkeep\n|turn|39\n|inactive|Cicada & Leftiez has 30 seconds left.\n|\n|t:|1699903515\n|switch|p1a: Amoonguss|Amoonguss, F|100\/100\n|-curestatus|p2a: Skeledirge|slp|[msg]\n|move|p2a: Skeledirge|Torch Song|p1a: Amoonguss\n|-supereffective|p1a: Amoonguss\n|-damage|p1a: Amoonguss|44\/100\n|-boost|p2a: Skeledirge|spa|1\n|\n|upkeep\n|turn|40\n|\n|t:|1699903527\n|switch|p1a: Cinderace|Cinderace, F|44\/100\n|move|p2a: Skeledirge|Torch Song|p1a: Cinderace\n|-resisted|p1a: Cinderace\n|-damage|p1a: Cinderace|11\/100\n|-boost|p2a: Skeledirge|spa|1\n|\n|upkeep\n|turn|41\n|inactive|Cicada & Leftiez has 30 seconds left.\n|\n|t:|1699903544\n|move|p1a: Cinderace|Pyro Ball|p2a: Skeledirge\n|-resisted|p2a: Skeledirge\n|-damage|p2a: Skeledirge|68\/100\n|move|p2a: Skeledirge|Torch Song|p1a: Cinderace\n|-resisted|p1a: Cinderace\n|-damage|p1a: Cinderace|0 fnt\n|-boost|p2a: Skeledirge|spa|1\n|faint|p1a: Cinderace\n|\n|upkeep\n|\n|t:|1699903555\n|switch|p1a: Ting-Lu|Ting-Lu|66\/100 brn\n|-ability|p1a: Ting-Lu|Vessel of Ruin\n|turn|42\n|\n|t:|1699903564\n|move|p2a: Skeledirge|Torch Song|p1a: Ting-Lu\n|-damage|p1a: Ting-Lu|37\/100 brn\n|-boost|p2a: Skeledirge|spa|1\n|move|p1a: Ting-Lu|Whirlwind|p2a: Skeledirge\n|drag|p2a: Kingambit|Kingambit, M|30\/100\n|-damage|p2a: Kingambit|18\/100|[from] Spikes\n|-activate|p2a: Kingambit|ability: Supreme Overlord\n|-start|p2a: Kingambit|fallen4|[silent]\n|\n|-heal|p2a: Kingambit|24\/100|[from] item: Leftovers\n|-heal|p1a: Ting-Lu|43\/100 brn|[from] item: Leftovers\n|-damage|p1a: Ting-Lu|37\/100 brn|[from] brn\n|upkeep\n|turn|43\n|\n|t:|1699903585\n|move|p2a: Kingambit|Swords Dance|p2a: Kingambit\n|-boost|p2a: Kingambit|atk|2\n|move|p1a: Ting-Lu|Whirlwind|p2a: Kingambit\n|-end|p2a: Kingambit|fallen4|[silent]\n|drag|p2a: Skeledirge|Skeledirge, F|68\/100\n|\n|-heal|p1a: Ting-Lu|43\/100 brn|[from] item: Leftovers\n|-damage|p1a: Ting-Lu|37\/100 brn|[from] brn\n|upkeep\n|turn|44\n|\n|t:|1699903594\n|move|p2a: Skeledirge|Torch Song|p1a: Ting-Lu\n|-damage|p1a: Ting-Lu|23\/100 brn\n|-boost|p2a: Skeledirge|spa|1\n|move|p1a: Ting-Lu|Earthquake|p2a: Skeledirge\n|-supereffective|p2a: Skeledirge\n|-damage|p2a: Skeledirge|36\/100\n|\n|-heal|p1a: Ting-Lu|29\/100 brn|[from] item: Leftovers\n|-damage|p1a: Ting-Lu|23\/100 brn|[from] brn\n|upkeep\n|turn|45\n|\n|t:|1699903606\n|move|p2a: Skeledirge|Slack Off|p2a: Skeledirge\n|-heal|p2a: Skeledirge|86\/100\n|move|p1a: Ting-Lu|Whirlwind|p2a: Skeledirge\n|drag|p2a: Kingambit|Kingambit, M|24\/100\n|-damage|p2a: Kingambit|12\/100|[from] Spikes\n|-activate|p2a: Kingambit|ability: Supreme Overlord\n|-start|p2a: Kingambit|fallen4|[silent]\n|\n|-heal|p2a: Kingambit|18\/100|[from] item: Leftovers\n|-heal|p1a: Ting-Lu|29\/100 brn|[from] item: Leftovers\n|-damage|p1a: Ting-Lu|23\/100 brn|[from] brn\n|upkeep\n|turn|46\n|\n|t:|1699903625\n|move|p2a: Kingambit|Swords Dance|p2a: Kingambit\n|-boost|p2a: Kingambit|atk|2\n|move|p1a: Ting-Lu|Earthquake|p2a: Kingambit\n|-supereffective|p2a: Kingambit\n|-damage|p2a: Kingambit|0 fnt\n|faint|p2a: Kingambit\n|-end|p2a: Kingambit|fallen4|[silent]\n|\n|-heal|p1a: Ting-Lu|29\/100 brn|[from] item: Leftovers\n|-damage|p1a: Ting-Lu|23\/100 brn|[from] brn\n|upkeep\n|\n|t:|1699903629\n|switch|p2a: Skeledirge|Skeledirge, F|86\/100\n|turn|47\n|inactive|Cicada & Leftiez has 60 seconds left.\n|inactive|Kaif & Radu has 30 seconds left.\n|inactive|Kaif & Radu has 20 seconds left.\n|\n|t:|1699903660\n|move|p2a: Skeledirge|Torch Song|p1a: Ting-Lu\n|-damage|p1a: Ting-Lu|12\/100 brn\n|-boost|p2a: Skeledirge|spa|1\n|move|p1a: Ting-Lu|Earthquake|p2a: Skeledirge\n|-supereffective|p2a: Skeledirge\n|-damage|p2a: Skeledirge|55\/100\n|\n|-heal|p1a: Ting-Lu|18\/100 brn|[from] item: Leftovers\n|-damage|p1a: Ting-Lu|12\/100 brn|[from] brn\n|upkeep\n|turn|48\n|inactive|Kaif & Radu has 30 seconds left this turn.\n|inactive|Cicada & Leftiez has 60 seconds left.\n|\n|t:|1699903680\n|switch|p1a: Amoonguss|Amoonguss, F|78\/100\n|move|p2a: Skeledirge|Slack Off|p2a: Skeledirge\n|-heal|p2a: Skeledirge|100\/100\n|\n|upkeep\n|turn|49\n|inactive|Kaif & Radu has 30 seconds left.\n|inactive|Cicada & Leftiez has 60 seconds left.\n|\n|t:|1699903685\n|move|p2a: Skeledirge|Torch Song|p1a: Amoonguss\n|-supereffective|p1a: Amoonguss\n|-damage|p1a: Amoonguss|0 fnt\n|-boost|p2a: Skeledirge|spa|1\n|faint|p1a: Amoonguss\n|\n|upkeep\n|inactive|Kaif & Radu has 30 seconds left.\n|\n|t:|1699903692\n|switch|p1a: Gholdengo|Gholdengo|100\/100\n|-item|p1a: Gholdengo|Air Balloon\n|turn|50\n|\n|t:|1699903698\n|-terastallize|p2a: Skeledirge|Dragon\n|move|p1a: Gholdengo|Shadow Ball|p2a: Skeledirge\n|-damage|p2a: Skeledirge|75\/100\n|-unboost|p2a: Skeledirge|spd|1\n|move|p2a: Skeledirge|Torch Song|p1a: Gholdengo\n|-supereffective|p1a: Gholdengo\n|-damage|p1a: Gholdengo|0 fnt\n|-boost|p2a: Skeledirge|spa|1\n|-enditem|p1a: Gholdengo|Air Balloon\n|faint|p1a: Gholdengo\n|\n|upkeep\n|\n|t:|1699903708\n|switch|p1a: Zamazenta|Zamazenta|41\/100\n|turn|51\n|c|+Umberto_test|nn ce poke c'est trop fort mdrr\n|\n|t:|1699903718\n|move|p1a: Zamazenta|Body Press|p2a: Skeledirge\n|-damage|p2a: Skeledirge|46\/100\n|move|p2a: Skeledirge|Torch Song|p1a: Zamazenta\n|-damage|p1a: Zamazenta|0 fnt\n|-boost|p2a: Skeledirge|spa|1\n|faint|p1a: Zamazenta\n|\n|upkeep\n|c|\u2606Cicada & Leftiez|gg\n|\n|t:|1699903723\n|switch|p1a: Ting-Lu|Ting-Lu|12\/100 brn\n|-ability|p1a: Ting-Lu|Vessel of Ruin\n|turn|52\n|c|\u2606Kaif & Radu|gg\n|\n|t:|1699903728\n|move|p2a: Skeledirge|Torch Song|p1a: Ting-Lu\n|-damage|p1a: Ting-Lu|0 fnt\n|-boost|p2a: Skeledirge|spa|1\n|faint|p1a: Ting-Lu\n|\n|win|Cicada & Leftiez\n","uploadtime":1699903729,"views":86,"p1id":"kaifradu","p2id":"cicadaleftiez","formatid":"gen9ou","rating":0,"private":0,"password":""}