{"id":"smogtours-gen9ou-732376","p1":"Sage","p2":"Isza","format":"[Gen 9] OU","log":"|inactive|Battle timer is ON: inactive players will automatically lose when time's up.\n|t:|1700931723\n|gametype|singles\n|player|p1|Sage|#psplxiunderused|\n|player|p2|Isza|burglar|\n|teamsize|p1|6\n|teamsize|p2|6\n|gen|9\n|tier|[Gen 9] OU\n|rule|Sleep Clause Mod: Limit one foe put to sleep\n|rule|Species Clause: Limit one of each Pok\u00e9mon\n|rule|OHKO Clause: OHKO moves are banned\n|rule|Evasion Items Clause: Evasion items are banned\n|rule|Evasion Moves Clause: Evasion moves are banned\n|rule|Endless Battle Clause: Forcing endless battles is banned\n|rule|HP Percentage Mod: HP is shown in percentages\n|clearpoke\n|poke|p1|Banette, F|\n|poke|p1|Samurott-Hisui, F|\n|poke|p1|Ribombee, F|\n|poke|p1|Gholdengo|\n|poke|p1|Great Tusk|\n|poke|p1|Ogerpon-Cornerstone, F|\n|poke|p2|Zapdos|\n|poke|p2|Cinderace, F|\n|poke|p2|Toxapex, M|\n|poke|p2|Ting-Lu|\n|poke|p2|Clefable, F|\n|poke|p2|Gholdengo|\n|teampreview\n|c|\u2606Sage|hf \ud83e\udde1\n|inactive|Sage has 270 seconds left.\n|inactive|Isza has 270 seconds left.\n|raw|<div class=\"broadcast-red\"><strong>Moderated chat was set to \u2606!<\/strong><br \/>Only users of rank \u2606 and higher can talk.<\/div>\n|c|\u2606Isza|U2 friend\n|inactive|Sage has 240 seconds left.\n|inactive|Isza has 240 seconds left.\n|inactive|Sage has 210 seconds left.\n|inactive|Isza has 210 seconds left.\n|inactive|Isza has 180 seconds left.\n|\n|t:|1700931851\n|start\n|switch|p1a: dance dance|Ogerpon-Cornerstone, F|100\/100\n|switch|p2a: Gholdengo|Gholdengo|100\/100\n|turn|1\n|inactive|Isza has 240 seconds left.\n|inactive|Sage has 240 seconds left.\n|inactive|Isza has 210 seconds left.\n|\n|t:|1700931891\n|switch|p1a: DIABLO|Samurott-Hisui, F|100\/100\n|move|p2a: Gholdengo|Make It Rain|p1a: DIABLO\n|-resisted|p1a: DIABLO\n|-damage|p1a: DIABLO|55\/100\n|-unboost|p2a: Gholdengo|spa|1\n|\n|upkeep\n|turn|2\n|inactive|Sage has 240 seconds left.\n|inactive|Isza has 210 seconds left.\n|\n|t:|1700931923\n|switch|p2a: Clefable|Clefable, F|100\/100\n|move|p1a: DIABLO|Ceaseless Edge|p2a: Clefable\n|-resisted|p2a: Clefable\n|-damage|p2a: Clefable|83\/100\n|-sidestart|p2: Isza|Spikes\n|\n|upkeep\n|turn|3\n|\n|t:|1700931934\n|move|p1a: DIABLO|Taunt|p2a: Clefable\n|-start|p2a: Clefable|move: Taunt\n|cant|p2a: Clefable|move: Taunt|Stealth Rock\n|\n|upkeep\n|turn|4\n|inactive|Sage has 240 seconds left.\n|\n|t:|1700931947\n|switch|p1a: FORTUNA|Gholdengo|100\/100\n|-item|p1a: FORTUNA|Air Balloon\n|move|p2a: Clefable|Moonblast|p1a: FORTUNA\n|-resisted|p1a: FORTUNA\n|-damage|p1a: FORTUNA|83\/100\n|-enditem|p1a: FORTUNA|Air Balloon\n|\n|upkeep\n|turn|5\n|inactive|Isza has 180 seconds left.\n|inactive|Sage has 240 seconds left.\n|\n|t:|1700932000\n|switch|p2a: Ting-Lu|Ting-Lu|100\/100\n|-damage|p2a: Ting-Lu|88\/100|[from] Spikes\n|-ability|p2a: Ting-Lu|Vessel of Ruin\n|move|p1a: FORTUNA|Nasty Plot|p1a: FORTUNA\n|-boost|p1a: FORTUNA|spa|2\n|\n|-heal|p2a: Ting-Lu|94\/100|[from] item: Leftovers\n|upkeep\n|turn|6\n|inactive|Sage has 240 seconds left.\n|inactive|Sage has 210 seconds left.\n|inactive|Sage disconnected and has 300 seconds to reconnect!\n|player|p1|\n|inactive|Isza has 150 seconds left.\n|inactive|Sage has 270 seconds to reconnect!\n|inactive|Sage reconnected and has 210 seconds left.\n|player|p1|Sage|#psplxiunderused\n|\n|t:|1700932086\n|move|p1a: FORTUNA|Dazzling Gleam|p2a: Ting-Lu\n|-supereffective|p2a: Ting-Lu\n|-damage|p2a: Ting-Lu|41\/100\n|move|p2a: Ting-Lu|Earthquake|p1a: FORTUNA\n|-supereffective|p1a: FORTUNA\n|-damage|p1a: FORTUNA|0 fnt\n|faint|p1a: FORTUNA\n|\n|-heal|p2a: Ting-Lu|47\/100|[from] item: Leftovers\n|upkeep\n|\n|t:|1700932099\n|switch|p1a: dance dance|Ogerpon-Cornerstone, F|100\/100\n|turn|7\n|inactive|Isza has 120 seconds left.\n|inactive|Sage has 180 seconds left.\n|inactive|Isza has 90 seconds left.\n|\n|t:|1700932166\n|move|p1a: dance dance|Swords Dance|p1a: dance dance\n|-boost|p1a: dance dance|atk|2\n|move|p2a: Ting-Lu|Whirlwind|p1a: dance dance\n|drag|p1a: Gaia|Great Tusk|100\/100\n|-enditem|p1a: Gaia|Booster Energy\n|-activate|p1a: Gaia|ability: Protosynthesis|[fromitem]\n|-start|p1a: Gaia|protosynthesisatk\n|\n|-heal|p2a: Ting-Lu|53\/100|[from] item: Leftovers\n|upkeep\n|turn|8\n|inactive|Isza has 90 seconds left.\n|\n|t:|1700932196\n|switch|p2a: Airfare \u26a1\ufe0f|Zapdos|100\/100\n|move|p1a: Gaia|Knock Off|p2a: Airfare \u26a1\ufe0f\n|-damage|p2a: Airfare \u26a1\ufe0f|58\/100\n|-status|p1a: Gaia|par|[from] ability: Static|[of] p2a: Airfare \u26a1\ufe0f\n|-enditem|p2a: Airfare \u26a1\ufe0f|Heavy-Duty Boots|[from] move: Knock Off|[of] p1a: Gaia\n|\n|upkeep\n|turn|9\n|\n|t:|1700932216\n|-end|p1a: Gaia|Protosynthesis|[silent]\n|switch|p1a: dance dance|Ogerpon-Cornerstone, F|100\/100\n|move|p2a: Airfare \u26a1\ufe0f|Hurricane|p1a: dance dance\n|-damage|p1a: dance dance|51\/100\n|\n|upkeep\n|turn|10\n|\n|t:|1700932226\n|switch|p2a: Gholdengo|Gholdengo|100\/100\n|move|p1a: dance dance|Ivy Cudgel|p2a: Gholdengo|[anim] Ivy Cudgel Rock\n|-resisted|p2a: Gholdengo\n|-damage|p2a: Gholdengo|71\/100\n|\n|upkeep\n|turn|11\n|\n|t:|1700932236\n|switch|p1a: DIABLO|Samurott-Hisui, F|55\/100\n|move|p2a: Gholdengo|Make It Rain|p1a: DIABLO\n|-resisted|p1a: DIABLO\n|-damage|p1a: DIABLO|6\/100\n|-unboost|p2a: Gholdengo|spa|1\n|\n|upkeep\n|turn|12\n|inactive|Isza has 60 seconds left.\n|\n|t:|1700932266\n|switch|p2a: Clefable|Clefable, F|83\/100\n|move|p1a: DIABLO|Aqua Cutter|p2a: Clefable\n|-damage|p2a: Clefable|46\/100\n|\n|upkeep\n|turn|13\n|inactive|Isza has 60 seconds left.\n|\n|t:|1700932277\n|move|p1a: DIABLO|Taunt|p2a: Clefable\n|-start|p2a: Clefable|move: Taunt\n|move|p2a: Clefable|Moonblast|p1a: DIABLO\n|-supereffective|p1a: DIABLO\n|-damage|p1a: DIABLO|0 fnt\n|faint|p1a: DIABLO\n|\n|upkeep\n|\n|t:|1700932281\n|switch|p1a: Bad Dream|Banette, F|100\/100\n|turn|14\n|inactive|Isza has 60 seconds left.\n|\n|t:|1700932299\n|move|p1a: Bad Dream|Poltergeist|p2a: Clefable\n|-activate|p2a: Clefable|move: Poltergeist|Sticky Barb\n|-damage|p2a: Clefable|0 fnt\n|faint|p2a: Clefable\n|\n|upkeep\n|inactive|Isza has 60 seconds left.\n|\n|t:|1700932317\n|switch|p2a: Airfare \u26a1\ufe0f|Zapdos|58\/100\n|turn|15\n|\n|t:|1700932323\n|switch|p1a: dance dance|Ogerpon-Cornerstone, F|51\/100\n|move|p2a: Airfare \u26a1\ufe0f|Volt Switch|p1a: dance dance\n|-resisted|p1a: dance dance\n|-damage|p1a: dance dance|35\/100\n|inactive|Isza has 60 seconds left.\n|\n|t:|1700932334\n|switch|p2a: Gholdengo|Gholdengo|71\/100|[from] Volt Switch\n|\n|upkeep\n|turn|16\n|\n|t:|1700932350\n|move|p1a: dance dance|Power Whip|p2a: Gholdengo\n|-resisted|p2a: Gholdengo\n|-damage|p2a: Gholdengo|35\/100\n|move|p2a: Gholdengo|Make It Rain|p1a: dance dance\n|-supereffective|p1a: dance dance\n|-damage|p1a: dance dance|0 fnt\n|-unboost|p2a: Gholdengo|spa|1\n|faint|p1a: dance dance\n|\n|upkeep\n|\n|t:|1700932355\n|switch|p1a: Bad Dream|Banette, F|100\/100\n|turn|17\n|inactive|Sage has 180 seconds left.\n|inactive|Isza has 60 seconds left.\n|\n|t:|1700932399\n|move|p2a: Gholdengo|Make It Rain|p1a: Bad Dream\n|-damage|p1a: Bad Dream|25\/100\n|-unboost|p2a: Gholdengo|spa|1\n|move|p1a: Bad Dream|Swords Dance|p1a: Bad Dream\n|-boost|p1a: Bad Dream|atk|2\n|\n|upkeep\n|turn|18\n|inactive|Sage has 180 seconds left.\n|\n|t:|1700932407\n|move|p1a: Bad Dream|Shadow Sneak|p2a: Gholdengo\n|-supereffective|p2a: Gholdengo\n|-damage|p2a: Gholdengo|0 fnt\n|faint|p2a: Gholdengo\n|\n|upkeep\n|inactive|Isza has 30 seconds left.\n|inactive|Isza has 20 seconds left.\n|inactive|Isza has 15 seconds left.\n|inactive|Isza has 10 seconds left.\n|\n|t:|1700932448\n|switch|p2a: Cinderace|Cinderace, F|100\/100\n|turn|19\n|inactive|Isza has 20 seconds left this turn.\n|inactive|Isza has 15 seconds left.\n|\n|t:|1700932459\n|switch|p1a: i wanna tell u|Ribombee, F|100\/100\n|move|p2a: Cinderace|Pyro Ball|p1a: i wanna tell u\n|-supereffective|p1a: i wanna tell u\n|-enditem|p1a: i wanna tell u|Focus Sash\n|-damage|p1a: i wanna tell u|1\/100\n|\n|upkeep\n|turn|20\n|inactive|Isza has 25 seconds left this turn.\n|inactive|Isza has 20 seconds left.\n|\n|t:|1700932466\n|switch|p2a: Toxapex|Toxapex, M|100\/100\n|move|p1a: i wanna tell u|Stun Spore|p2a: Toxapex|[miss]\n|-miss|p1a: i wanna tell u|p2a: Toxapex\n|\n|upkeep\n|turn|21\n|inactive|Isza has 30 seconds left this turn.\n|\n|t:|1700932471\n|move|p1a: i wanna tell u|Stun Spore|p2a: Toxapex\n|-status|p2a: Toxapex|par\n|move|p2a: Toxapex|Surf|p1a: i wanna tell u\n|-damage|p1a: i wanna tell u|0 fnt\n|faint|p1a: i wanna tell u\n|\n|upkeep\n|\n|t:|1700932476\n|switch|p1a: Bad Dream|Banette, F|25\/100\n|turn|22\n|\n|t:|1700932478\n|switch|p2a: Ting-Lu|Ting-Lu|53\/100\n|-damage|p2a: Ting-Lu|41\/100|[from] Spikes\n|-ability|p2a: Ting-Lu|Vessel of Ruin\n|move|p1a: Bad Dream|Swords Dance|p1a: Bad Dream\n|-boost|p1a: Bad Dream|atk|2\n|\n|-heal|p2a: Ting-Lu|47\/100|[from] item: Leftovers\n|upkeep\n|turn|23\n|\n|t:|1700932481\n|-terastallize|p1a: Bad Dream|Fighting\n|move|p1a: Bad Dream|Tera Blast|p2a: Ting-Lu|[anim] Tera Blast Fighting\n|-supereffective|p2a: Ting-Lu\n|-damage|p2a: Ting-Lu|0 fnt\n|faint|p2a: Ting-Lu\n|\n|upkeep\n|\n|t:|1700932492\n|switch|p2a: Cinderace|Cinderace, F|100\/100\n|turn|24\n|\n|t:|1700932501\n|move|p1a: Bad Dream|Shadow Sneak|p2a: Cinderace\n|-damage|p2a: Cinderace|33\/100\n|move|p2a: Cinderace|Pyro Ball|p1a: Bad Dream\n|-damage|p1a: Bad Dream|0 fnt\n|faint|p1a: Bad Dream\n|\n|upkeep\n|c|\u2606Sage|worth it\n|inactive|Sage has 240 seconds left.\n|c|\u2606Sage|almost 4 w banette\n|c|\u2606Sage|gg!\n|c|\u2606Isza|gg\n|\n|t:|1700932515\n|switch|p1a: Gaia|Great Tusk|100\/100 par\n|turn|25\n|\n|t:|1700932523\n|move|p2a: Cinderace|Pyro Ball|p1a: Gaia\n|-crit|p1a: Gaia\n|-damage|p1a: Gaia|39\/100 par\n|move|p1a: Gaia|Rapid Spin|p2a: Cinderace\n|-damage|p2a: Cinderace|7\/100\n|-boost|p1a: Gaia|spe|1\n|\n|upkeep\n|turn|26\n|\n|t:|1700932526\n|move|p2a: Cinderace|Pyro Ball|p1a: Gaia\n|-damage|p1a: Gaia|0 fnt\n|faint|p1a: Gaia\n|-end|p1a: Gaia|Protosynthesis|[silent]\n|\n|win|Isza\n","uploadtime":1700932527,"views":158,"p1id":"sage","p2id":"isza","formatid":"gen9ou","rating":0,"private":0,"password":""}