{"id":"smogtours-gen9ou-730206","p1":"Inder","p2":"mncmt","format":"[Gen 9] OU","log":"|inactive|Battle timer is ON: inactive players will automatically lose when time's up.\n|t:|1699805580\n|gametype|singles\n|player|p1|Inder|#scl3terrors2|\n|player|p2|mncmt|#scl3foxes|\n|teamsize|p1|6\n|teamsize|p2|6\n|gen|9\n|tier|[Gen 9] OU\n|rule|Sleep Clause Mod: Limit one foe put to sleep\n|rule|Species Clause: Limit one of each Pok\u00e9mon\n|rule|OHKO Clause: OHKO moves are banned\n|rule|Evasion Items Clause: Evasion items are banned\n|rule|Evasion Moves Clause: Evasion moves are banned\n|rule|Endless Battle Clause: Forcing endless battles is banned\n|rule|HP Percentage Mod: HP is shown in percentages\n|clearpoke\n|poke|p1|Enamorus, F|\n|poke|p1|Cinderace, F|\n|poke|p1|Rillaboom, M|\n|poke|p1|Sneasler, M|\n|poke|p1|Ogerpon-Cornerstone, F|\n|poke|p1|Garganacl, F|\n|poke|p2|Gliscor, F|\n|poke|p2|Skeledirge, M|\n|poke|p2|Ting-Lu|\n|poke|p2|Ogerpon, F|\n|poke|p2|Corviknight, F|\n|poke|p2|Weavile, F|\n|teampreview\n|c|\u2606mncmt|hf\n|c|\u2606Inder|hf\n|inactive|Inder has 270 seconds left.\n|inactive|mncmt has 270 seconds left.\n|inactive|Inder has 240 seconds left.\n|inactive|mncmt has 240 seconds left.\n|c|+vkhss|scl?\n|c|+BlackKnight_Gawain|ye\n|\n|t:|1699805656\n|start\n|switch|p1a: FLASHBACK|Cinderace, F|100\/100\n|switch|p2a: Skeledirge|Skeledirge, M|100\/100\n|turn|1\n|\n|t:|1699805672\n|move|p1a: FLASHBACK|U-turn|p2a: Skeledirge\n|-start|p1a: FLASHBACK|typechange|Bug|[from] ability: Libero\n|-resisted|p2a: Skeledirge\n|-damage|p2a: Skeledirge|95\/100\n|\n|t:|1699805686\n|switch|p1a: NUAGE|Garganacl, F|100\/100|[from] U-turn\n|move|p2a: Skeledirge|Torch Song|p1a: NUAGE\n|-resisted|p1a: NUAGE\n|-damage|p1a: NUAGE|89\/100\n|-boost|p2a: Skeledirge|spa|1\n|\n|-heal|p1a: NUAGE|95\/100|[from] item: Leftovers\n|upkeep\n|turn|2\n|raw|<div class=\"broadcast-red\"><strong>Moderated chat was set to \u2606!<\/strong><br \/>Only users of rank \u2606 and higher can talk.<\/div>\n|\n|t:|1699805701\n|switch|p2a: Gliscor|Gliscor, F|100\/100\n|move|p1a: NUAGE|Salt Cure|p2a: Gliscor\n|-crit|p2a: Gliscor\n|-damage|p2a: Gliscor|85\/100\n|-start|p2a: Gliscor|Salt Cure\n|\n|-heal|p1a: NUAGE|100\/100|[from] item: Leftovers\n|-damage|p2a: Gliscor|73\/100|[from] Salt Cure\n|-status|p2a: Gliscor|tox|[from] item: Toxic Orb\n|upkeep\n|turn|3\n|\n|t:|1699805716\n|move|p2a: Gliscor|Swords Dance|p2a: Gliscor\n|-boost|p2a: Gliscor|atk|2\n|move|p1a: NUAGE|Stealth Rock|p2a: Gliscor\n|-sidestart|p2: mncmt|move: Stealth Rock\n|\n|-heal|p2a: Gliscor|85\/100 tox|[from] ability: Poison Heal\n|-damage|p2a: Gliscor|73\/100 tox|[from] Salt Cure\n|upkeep\n|turn|4\n|inactive|Inder has 270 seconds left.\n|inactive|Inder has 240 seconds left.\n|inactive|mncmt has 270 seconds left.\n|\n|t:|1699805780\n|switch|p1a: FAVELA|Rillaboom, M|100\/100\n|-fieldstart|move: Grassy Terrain|[from] ability: Grassy Surge|[of] p1a: FAVELA\n|move|p2a: Gliscor|U-turn|p1a: FAVELA\n|-supereffective|p1a: FAVELA\n|-damage|p1a: FAVELA|43\/100\n|inactive|mncmt has 270 seconds left.\n|\n|t:|1699805797\n|switch|p2a: Ogerpon|Ogerpon, F|100\/100|[from] U-turn\n|\n|-heal|p1a: FAVELA|49\/100|[from] Grassy Terrain\n|upkeep\n|turn|5\n|inactive|Inder has 240 seconds left.\n|\n|t:|1699805814\n|switch|p1a: FLASHBACK|Cinderace, F|100\/100\n|move|p2a: Ogerpon|U-turn|p1a: FLASHBACK\n|-resisted|p1a: FLASHBACK\n|-damage|p1a: FLASHBACK|85\/100\n|\n|t:|1699805821\n|switch|p2a: Gliscor|Gliscor, F|73\/100 tox|[from] U-turn\n|-damage|p2a: Gliscor|60\/100 tox|[from] Stealth Rock\n|\n|-heal|p1a: FLASHBACK|91\/100|[from] Grassy Terrain\n|-heal|p2a: Gliscor|73\/100 tox|[from] ability: Poison Heal\n|upkeep\n|turn|6\n|inactive|Inder has 240 seconds left.\n|inactive|mncmt has 270 seconds left.\n|inactive|Inder has 210 seconds left.\n|\n|t:|1699805880\n|move|p1a: FLASHBACK|Pyro Ball|p2a: Gliscor\n|-damage|p2a: Gliscor|30\/100 tox\n|move|p2a: Gliscor|Toxic|p1a: FLASHBACK\n|-status|p1a: FLASHBACK|tox\n|\n|-heal|p1a: FLASHBACK|97\/100 tox|[from] Grassy Terrain\n|-damage|p1a: FLASHBACK|91\/100 tox|[from] psn\n|-heal|p2a: Gliscor|42\/100 tox|[from] ability: Poison Heal\n|upkeep\n|turn|7\n|inactive|mncmt has 270 seconds left.\n|\n|t:|1699805901\n|move|p1a: FLASHBACK|Pyro Ball|p2a: Gliscor\n|-damage|p2a: Gliscor|0 fnt\n|faint|p2a: Gliscor\n|\n|-heal|p1a: FLASHBACK|97\/100 tox|[from] Grassy Terrain\n|-damage|p1a: FLASHBACK|85\/100 tox|[from] psn\n|upkeep\n|\n|t:|1699805910\n|switch|p2a: Ting-Lu|Ting-Lu|100\/100\n|-ability|p2a: Ting-Lu|Vessel of Ruin\n|turn|8\n|inactive|Inder has 180 seconds left.\n|\n|t:|1699805948\n|move|p1a: FLASHBACK|U-turn|p2a: Ting-Lu\n|-start|p1a: FLASHBACK|typechange|Bug|[from] ability: Libero\n|-supereffective|p2a: Ting-Lu\n|-damage|p2a: Ting-Lu|63\/100\n|\n|t:|1699805954\n|switch|p1a: DERNIERE CHANCE|Ogerpon-Cornerstone, F|100\/100|[from] U-turn\n|move|p2a: Ting-Lu|Stealth Rock|p1a: DERNIERE CHANCE\n|-sidestart|p1: Inder|move: Stealth Rock\n|\n|-heal|p2a: Ting-Lu|69\/100|[from] Grassy Terrain\n|-fieldend|move: Grassy Terrain\n|upkeep\n|turn|9\n|inactive|mncmt has 270 seconds left.\n|\n|t:|1699805992\n|move|p1a: DERNIERE CHANCE|Power Whip|p2a: Ting-Lu\n|-supereffective|p2a: Ting-Lu\n|-damage|p2a: Ting-Lu|0 fnt\n|faint|p2a: Ting-Lu\n|\n|upkeep\n|\n|t:|1699805997\n|switch|p2a: Corviknight|Corviknight, F|100\/100\n|-damage|p2a: Corviknight|88\/100|[from] Stealth Rock\n|-ability|p2a: Corviknight|Pressure\n|turn|10\n|inactive|mncmt has 240 seconds left.\n|inactive|Inder has 150 seconds left.\n|inactive|Inder has 120 seconds left.\n|inactive|mncmt has 210 seconds left.\n|\n|t:|1699806087\n|switch|p1a: FLASHBACK|Cinderace, F|85\/100 tox\n|move|p2a: Corviknight|Body Press|p1a: FLASHBACK\n|-damage|p1a: FLASHBACK|49\/100 tox\n|\n|-damage|p1a: FLASHBACK|43\/100 tox|[from] psn\n|upkeep\n|turn|11\n|\n|t:|1699806096\n|move|p1a: FLASHBACK|Pyro Ball|p2a: Corviknight\n|-supereffective|p2a: Corviknight\n|-damage|p2a: Corviknight|10\/100\n|move|p2a: Corviknight|Roost|p2a: Corviknight\n|-heal|p2a: Corviknight|60\/100\n|-singleturn|p2a: Corviknight|move: Roost\n|\n|-damage|p1a: FLASHBACK|31\/100 tox|[from] psn\n|upkeep\n|turn|12\n|inactive|mncmt has 210 seconds left.\n|\n|t:|1699806113\n|switch|p2a: Skeledirge|Skeledirge, M|95\/100\n|move|p1a: FLASHBACK|Pyro Ball|p2a: Skeledirge\n|-resisted|p2a: Skeledirge\n|-damage|p2a: Skeledirge|74\/100\n|\n|-damage|p1a: FLASHBACK|13\/100 tox|[from] psn\n|upkeep\n|turn|13\n|\n|t:|1699806117\n|move|p1a: FLASHBACK|U-turn|p2a: Skeledirge\n|-start|p1a: FLASHBACK|typechange|Bug|[from] ability: Libero\n|-resisted|p2a: Skeledirge\n|-damage|p2a: Skeledirge|68\/100\n|\n|t:|1699806122\n|switch|p1a: NUAGE|Garganacl, F|100\/100|[from] U-turn\n|-damage|p1a: NUAGE|88\/100|[from] Stealth Rock\n|move|p2a: Skeledirge|Slack Off|p2a: Skeledirge\n|-heal|p2a: Skeledirge|100\/100\n|\n|-heal|p1a: NUAGE|94\/100|[from] item: Leftovers\n|upkeep\n|turn|14\n|inactive|mncmt has 210 seconds left.\n|\n|t:|1699806157\n|move|p2a: Skeledirge|Torch Song|p1a: NUAGE\n|-resisted|p1a: NUAGE\n|-damage|p1a: NUAGE|83\/100\n|-boost|p2a: Skeledirge|spa|1\n|move|p1a: NUAGE|Salt Cure|p2a: Skeledirge\n|-supereffective|p2a: Skeledirge\n|-damage|p2a: Skeledirge|80\/100\n|-start|p2a: Skeledirge|Salt Cure\n|\n|-heal|p1a: NUAGE|89\/100|[from] item: Leftovers\n|-damage|p2a: Skeledirge|68\/100|[from] Salt Cure\n|upkeep\n|turn|15\n|\n|t:|1699806172\n|move|p2a: Skeledirge|Torch Song|p1a: NUAGE\n|-resisted|p1a: NUAGE\n|-damage|p1a: NUAGE|72\/100\n|-boost|p2a: Skeledirge|spa|1\n|move|p1a: NUAGE|Salt Cure|p2a: Skeledirge\n|-supereffective|p2a: Skeledirge\n|-damage|p2a: Skeledirge|50\/100\n|\n|-heal|p1a: NUAGE|78\/100|[from] item: Leftovers\n|-damage|p2a: Skeledirge|37\/100|[from] Salt Cure\n|upkeep\n|turn|16\n|inactive|Inder has 150 seconds left.\n|inactive|mncmt has 180 seconds left.\n|\n|t:|1699806204\n|switch|p1a: DERNIERE CHANCE|Ogerpon-Cornerstone, F|100\/100\n|-damage|p1a: DERNIERE CHANCE|88\/100|[from] Stealth Rock\n|move|p2a: Skeledirge|Slack Off|p2a: Skeledirge\n|-heal|p2a: Skeledirge|87\/100\n|\n|-damage|p2a: Skeledirge|75\/100|[from] Salt Cure\n|upkeep\n|turn|17\n|inactive|mncmt has 180 seconds left.\n|\n|t:|1699806220\n|switch|p2a: Corviknight|Corviknight, F|60\/100\n|-damage|p2a: Corviknight|48\/100|[from] Stealth Rock\n|-ability|p2a: Corviknight|Pressure\n|move|p1a: DERNIERE CHANCE|Ivy Cudgel|p2a: Corviknight\n|-damage|p2a: Corviknight|12\/100\n|\n|upkeep\n|turn|18\n|\n|t:|1699806226\n|move|p1a: DERNIERE CHANCE|Ivy Cudgel|p2a: Corviknight\n|-damage|p2a: Corviknight|0 fnt\n|faint|p2a: Corviknight\n|\n|upkeep\n|\n|t:|1699806229\n|switch|p2a: Ogerpon|Ogerpon, F|100\/100\n|turn|19\n|inactive|Inder has 150 seconds left.\n|inactive|Inder has 120 seconds left.\n|inactive|Inder has 90 seconds left.\n|\n|t:|1699806303\n|move|p2a: Ogerpon|Ivy Cudgel|p1a: DERNIERE CHANCE\n|-damage|p1a: DERNIERE CHANCE|18\/100\n|move|p1a: DERNIERE CHANCE|Ivy Cudgel|p2a: Ogerpon\n|-crit|p2a: Ogerpon\n|-damage|p2a: Ogerpon|0 fnt\n|faint|p2a: Ogerpon\n|\n|upkeep\n|\n|t:|1699806313\n|switch|p2a: Weavile|Weavile, F|100\/100\n|-ability|p2a: Weavile|Pressure\n|turn|20\n|inactive|Inder has 90 seconds left.\n|\n|t:|1699806348\n|switch|p1a: FAVELA|Rillaboom, M|49\/100\n|-damage|p1a: FAVELA|37\/100|[from] Stealth Rock\n|-fieldstart|move: Grassy Terrain|[from] ability: Grassy Surge|[of] p1a: FAVELA\n|move|p2a: Weavile|Knock Off|p1a: FAVELA\n|-damage|p1a: FAVELA|0 fnt\n|-enditem|p1a: FAVELA|Assault Vest|[from] move: Knock Off|[of] p2a: Weavile\n|faint|p1a: FAVELA\n|\n|upkeep\n|\n|t:|1699806353\n|switch|p1a: ENSEMBLE CROCO|Sneasler, M|100\/100\n|-damage|p1a: ENSEMBLE CROCO|94\/100|[from] Stealth Rock\n|-enditem|p1a: ENSEMBLE CROCO|Grassy Seed\n|-boost|p1a: ENSEMBLE CROCO|def|1|[from] item: Grassy Seed\n|turn|21\n|\n|t:|1699806366\n|switch|p2a: Skeledirge|Skeledirge, M|75\/100\n|move|p1a: ENSEMBLE CROCO|Close Combat|p2a: Skeledirge\n|-immune|p2a: Skeledirge\n|\n|-heal|p1a: ENSEMBLE CROCO|100\/100|[from] Grassy Terrain\n|-heal|p2a: Skeledirge|81\/100|[from] Grassy Terrain\n|upkeep\n|turn|22\n|inactive|mncmt has 210 seconds left.\n|inactive|Inder has 60 seconds left.\n|inactive|Inder has 30 seconds left.\n|\n|t:|1699806419\n|-terastallize|p1a: ENSEMBLE CROCO|Dark\n|move|p1a: ENSEMBLE CROCO|Lash Out|p2a: Skeledirge\n|-supereffective|p2a: Skeledirge\n|-damage|p2a: Skeledirge|21\/100\n|move|p2a: Skeledirge|Will-O-Wisp|p1a: ENSEMBLE CROCO\n|-status|p1a: ENSEMBLE CROCO|brn\n|\n|-heal|p2a: Skeledirge|27\/100|[from] Grassy Terrain\n|-damage|p1a: ENSEMBLE CROCO|94\/100 brn|[from] brn\n|upkeep\n|turn|23\n|inactive|mncmt has 180 seconds left.\n|inactive|Inder has 30 seconds left.\n|inactive|Inder has 20 seconds left.\n|inactive|mncmt has 150 seconds left.\n|\n|t:|1699806477\n|-terastallize|p2a: Skeledirge|Water\n|move|p1a: ENSEMBLE CROCO|Lash Out|p2a: Skeledirge\n|-damage|p2a: Skeledirge|12\/100\n|move|p2a: Skeledirge|Slack Off|p2a: Skeledirge\n|-heal|p2a: Skeledirge|62\/100\n|\n|-heal|p1a: ENSEMBLE CROCO|100\/100 brn|[from] Grassy Terrain\n|-heal|p2a: Skeledirge|68\/100|[from] Grassy Terrain\n|-damage|p1a: ENSEMBLE CROCO|94\/100 brn|[from] brn\n|upkeep\n|turn|24\n|inactive|Inder has 30 seconds left this turn.\n|\n|t:|1699806484\n|move|p1a: ENSEMBLE CROCO|Gunk Shot|p2a: Skeledirge|[miss]\n|-miss|p1a: ENSEMBLE CROCO|p2a: Skeledirge\n|move|p2a: Skeledirge|Torch Song|p1a: ENSEMBLE CROCO\n|-damage|p1a: ENSEMBLE CROCO|57\/100 brn\n|-boost|p2a: Skeledirge|spa|1\n|\n|-heal|p1a: ENSEMBLE CROCO|63\/100 brn|[from] Grassy Terrain\n|-heal|p2a: Skeledirge|74\/100|[from] Grassy Terrain\n|-damage|p1a: ENSEMBLE CROCO|57\/100 brn|[from] brn\n|-fieldend|move: Grassy Terrain\n|upkeep\n|turn|25\n|\n|t:|1699806493\n|move|p1a: ENSEMBLE CROCO|Gunk Shot|p2a: Skeledirge|[miss]\n|-miss|p1a: ENSEMBLE CROCO|p2a: Skeledirge\n|move|p2a: Skeledirge|Torch Song|p1a: ENSEMBLE CROCO\n|-damage|p1a: ENSEMBLE CROCO|6\/100 brn\n|-boost|p2a: Skeledirge|spa|1\n|\n|-damage|p1a: ENSEMBLE CROCO|0 fnt|[from] brn\n|faint|p1a: ENSEMBLE CROCO\n|upkeep\n|inactive|Inder has 30 seconds left.\n|\n|t:|1699806509\n|switch|p1a: DERNIERE CHANCE|Ogerpon-Cornerstone, F|18\/100\n|-damage|p1a: DERNIERE CHANCE|6\/100|[from] Stealth Rock\n|turn|26\n|\n|t:|1699806513\n|move|p1a: DERNIERE CHANCE|Power Whip|p2a: Skeledirge\n|-supereffective|p2a: Skeledirge\n|-damage|p2a: Skeledirge|0 fnt\n|faint|p2a: Skeledirge\n|\n|upkeep\n|\n|t:|1699806516\n|switch|p2a: Weavile|Weavile, F|100\/100\n|-ability|p2a: Weavile|Pressure\n|turn|27\n|\n|t:|1699806519\n|move|p2a: Weavile|Knock Off|p1a: DERNIERE CHANCE\n|-damage|p1a: DERNIERE CHANCE|0 fnt\n|faint|p1a: DERNIERE CHANCE\n|\n|upkeep\n|\n|t:|1699806521\n|switch|p1a: NUAGE|Garganacl, F|78\/100\n|-damage|p1a: NUAGE|66\/100|[from] Stealth Rock\n|turn|28\n|\n|t:|1699806527\n|move|p2a: Weavile|Knock Off|p1a: NUAGE\n|-damage|p1a: NUAGE|37\/100\n|-enditem|p1a: NUAGE|Leftovers|[from] move: Knock Off|[of] p2a: Weavile\n|move|p1a: NUAGE|Salt Cure|p2a: Weavile\n|-supereffective|p2a: Weavile\n|-damage|p2a: Weavile|53\/100\n|-start|p2a: Weavile|Salt Cure\n|\n|-damage|p2a: Weavile|40\/100|[from] Salt Cure\n|upkeep\n|turn|29\n|\n|t:|1699806536\n|move|p2a: Weavile|Icicle Crash|p1a: NUAGE\n|-damage|p1a: NUAGE|11\/100\n|cant|p1a: NUAGE|flinch\n|\n|-damage|p2a: Weavile|28\/100|[from] Salt Cure\n|upkeep\n|turn|30\n|inactive|mncmt has 210 seconds left.\n|\n|t:|1699806548\n|move|p2a: Weavile|Knock Off|p1a: NUAGE\n|-damage|p1a: NUAGE|0 fnt\n|faint|p1a: NUAGE\n|\n|-damage|p2a: Weavile|15\/100|[from] Salt Cure\n|upkeep\n|\n|t:|1699806551\n|switch|p1a: FLASHBACK|Cinderace, F|13\/100 tox\n|turn|31\n|\n|t:|1699806559\n|switch|p1a: SUPER FAVE 3D|Enamorus, F|100\/100\n|-damage|p1a: SUPER FAVE 3D|76\/100|[from] Stealth Rock\n|move|p2a: Weavile|Knock Off|p1a: SUPER FAVE 3D\n|-resisted|p1a: SUPER FAVE 3D\n|-damage|p1a: SUPER FAVE 3D|40\/100\n|-enditem|p1a: SUPER FAVE 3D|Life Orb|[from] move: Knock Off|[of] p2a: Weavile\n|\n|-damage|p2a: Weavile|3\/100|[from] Salt Cure\n|upkeep\n|turn|32\n|\n|t:|1699806570\n|move|p2a: Weavile|Icicle Crash|p1a: SUPER FAVE 3D\n|-supereffective|p1a: SUPER FAVE 3D\n|-damage|p1a: SUPER FAVE 3D|0 fnt\n|faint|p1a: SUPER FAVE 3D\n|\n|-damage|p2a: Weavile|0 fnt|[from] Salt Cure\n|faint|p2a: Weavile\n|\n|win|Inder\n|upkeep\n|c|\u2606mncmt|gg\n|c|\u2606Inder|gg\n","uploadtime":1699806571,"views":633,"p1id":"inder","p2id":"mncmt","formatid":"gen9ou","rating":0,"private":0,"password":""}