{"id":"smogtours-gen9ou-731509","p1":"London Beats","p2":"lax","format":"[Gen 9] OU","log":"|inactive|Battle timer is ON: inactive players will automatically lose when time's up.\n|t:|1700410328\n|gametype|singles\n|player|p1|London Beats|#wcop2023spain2|\n|player|p2|lax|#lax|\n|teamsize|p1|6\n|teamsize|p2|6\n|gen|9\n|tier|[Gen 9] OU\n|rule|Sleep Clause Mod: Limit one foe put to sleep\n|rule|Species Clause: Limit one of each Pok\u00e9mon\n|rule|OHKO Clause: OHKO moves are banned\n|rule|Evasion Items Clause: Evasion items are banned\n|rule|Evasion Moves Clause: Evasion moves are banned\n|rule|Endless Battle Clause: Forcing endless battles is banned\n|rule|HP Percentage Mod: HP is shown in percentages\n|clearpoke\n|poke|p1|Slowking-Galar, F|\n|poke|p1|Zapdos|\n|poke|p1|Landorus-Therian, M|\n|poke|p1|Gholdengo|\n|poke|p1|Samurott-Hisui, F|\n|poke|p1|Ogerpon, F|\n|poke|p2|Heatran, F|\n|poke|p2|Rillaboom, M|\n|poke|p2|Sneasler, M|\n|poke|p2|Great Tusk|\n|poke|p2|Kingambit, M|\n|poke|p2|Dragapult, F|\n|teampreview\n|c|\u2606London Beats|hf\n|raw|<div class=\"broadcast-red\"><strong>Moderated chat was set to \u2606!<\/strong><br \/>Only users of rank \u2606 and higher can talk.<\/div>\n|c|\u2606lax|u2\n|inactive|London Beats has 270 seconds left.\n|inactive|lax has 270 seconds left.\n|inactive|London Beats has 240 seconds left.\n|inactive|lax has 240 seconds left.\n|inactive|London Beats has 210 seconds left.\n|inactive|London Beats has 180 seconds left.\n|\n|t:|1700410450\n|start\n|switch|p1a: far dares mai|Samurott-Hisui, F|100\/100\n|switch|p2a: Rillaboom|Rillaboom, M|100\/100\n|-fieldstart|move: Grassy Terrain|[from] ability: Grassy Surge|[of] p2a: Rillaboom\n|turn|1\n|inactive|London Beats has 240 seconds left.\n|\n|t:|1700410467\n|switch|p1a: seventh Seal|Landorus-Therian, M|100\/100\n|-ability|p1a: seventh Seal|Intimidate|boost\n|-unboost|p2a: Rillaboom|atk|1\n|move|p2a: Rillaboom|U-turn|p1a: seventh Seal\n|-resisted|p1a: seventh Seal\n|-damage|p1a: seventh Seal|90\/100\n|-damage|p2a: Rillaboom|84\/100|[from] item: Rocky Helmet|[of] p1a: seventh Seal\n|\n|t:|1700410472\n|switch|p2a: Heatran|Heatran, F|100\/100|[from] U-turn\n|-item|p2a: Heatran|Air Balloon\n|\n|upkeep\n|turn|2\n|inactive|London Beats has 240 seconds left.\n|inactive|London Beats has 210 seconds left.\n|\n|t:|1700410550\n|move|p1a: seventh Seal|U-turn|p2a: Heatran\n|-resisted|p2a: Heatran\n|-damage|p2a: Heatran|97\/100\n|-enditem|p2a: Heatran|Air Balloon\n|\n|t:|1700410560\n|switch|p1a: far dares mai|Samurott-Hisui, F|100\/100|[from] U-turn\n|move|p2a: Heatran|Magma Storm|p1a: far dares mai\n|-resisted|p1a: far dares mai\n|-damage|p1a: far dares mai|83\/100\n|-activate|p1a: far dares mai|move: Magma Storm|[of] p2a: Heatran\n|\n|-heal|p1a: far dares mai|89\/100|[from] Grassy Terrain\n|-heal|p2a: Heatran|100\/100|[from] Grassy Terrain\n|-damage|p1a: far dares mai|77\/100|[from] move: Magma Storm|[partiallytrapped]\n|upkeep\n|turn|3\n|\n|t:|1700410573\n|move|p2a: Heatran|Will-O-Wisp|p1a: far dares mai|[miss]\n|-miss|p2a: Heatran|p1a: far dares mai\n|move|p1a: far dares mai|Aqua Cutter|p2a: Heatran\n|-supereffective|p2a: Heatran\n|-damage|p2a: Heatran|24\/100\n|\n|-heal|p2a: Heatran|30\/100|[from] Grassy Terrain\n|-heal|p1a: far dares mai|83\/100|[from] Grassy Terrain\n|-damage|p1a: far dares mai|71\/100|[from] move: Magma Storm|[partiallytrapped]\n|upkeep\n|turn|4\n|\n|t:|1700410586\n|move|p1a: far dares mai|Aqua Cutter|p2a: Heatran\n|-supereffective|p2a: Heatran\n|-damage|p2a: Heatran|0 fnt\n|faint|p2a: Heatran\n|\n|-heal|p1a: far dares mai|77\/100|[from] Grassy Terrain\n|-end|p1a: far dares mai|Magma Storm|[partiallytrapped]|[silent]\n|upkeep\n|inactive|lax has 270 seconds left.\n|inactive|lax has 240 seconds left.\n|\n|t:|1700410638\n|switch|p2a: Great Tusk|Great Tusk|100\/100\n|-enditem|p2a: Great Tusk|Booster Energy\n|-activate|p2a: Great Tusk|ability: Protosynthesis|[fromitem]\n|-start|p2a: Great Tusk|protosynthesisspe\n|turn|5\n|inactive|London Beats has 180 seconds left.\n|\n|t:|1700410672\n|switch|p1a: Callandor|Gholdengo|100\/100\n|-item|p1a: Callandor|Air Balloon\n|move|p2a: Great Tusk|Bulk Up|p2a: Great Tusk\n|-boost|p2a: Great Tusk|atk|1\n|-boost|p2a: Great Tusk|def|1\n|\n|-fieldend|move: Grassy Terrain\n|upkeep\n|turn|6\n|inactive|London Beats has 180 seconds left.\n|inactive|lax has 240 seconds left.\n|inactive|lax has 210 seconds left.\n|inactive|lax has 180 seconds left.\n|\n|t:|1700410747\n|move|p2a: Great Tusk|Head Smash|p1a: Callandor\n|-resisted|p1a: Callandor\n|-damage|p1a: Callandor|70\/100\n|-enditem|p1a: Callandor|Air Balloon\n|-damage|p2a: Great Tusk|87\/100|[from] Recoil\n|move|p1a: Callandor|Make It Rain|p2a: Great Tusk\n|-damage|p2a: Great Tusk|9\/100\n|-unboost|p1a: Callandor|spa|1\n|\n|upkeep\n|turn|7\n|inactive|London Beats has 180 seconds left.\n|\n|t:|1700410763\n|switch|p1a: seventh Seal|Landorus-Therian, M|90\/100\n|-ability|p1a: seventh Seal|Intimidate|boost\n|-unboost|p2a: Great Tusk|atk|1\n|move|p2a: Great Tusk|Bulk Up|p2a: Great Tusk\n|-boost|p2a: Great Tusk|atk|1\n|-boost|p2a: Great Tusk|def|1\n|\n|upkeep\n|turn|8\n|inactive|London Beats has 180 seconds left.\n|\n|t:|1700410772\n|move|p2a: Great Tusk|Head Smash|p1a: seventh Seal\n|-damage|p1a: seventh Seal|44\/100\n|-damage|p2a: Great Tusk|0 fnt|[from] item: Rocky Helmet|[of] p1a: seventh Seal\n|faint|p2a: Great Tusk\n|-end|p2a: Great Tusk|Protosynthesis|[silent]\n|move|p1a: seventh Seal|Stealth Rock|p2: Great Tusk\n|-sidestart|p2: lax|move: Stealth Rock\n|\n|upkeep\n|\n|t:|1700410775\n|switch|p2a: Rillaboom|Rillaboom, M|84\/100\n|-damage|p2a: Rillaboom|72\/100|[from] Stealth Rock\n|-fieldstart|move: Grassy Terrain|[from] ability: Grassy Surge|[of] p2a: Rillaboom\n|turn|9\n|inactive|London Beats has 180 seconds left.\n|\n|t:|1700410811\n|switch|p1a: The Pattern|Slowking-Galar, F|100\/100\n|move|p2a: Rillaboom|Wood Hammer|p1a: The Pattern\n|-resisted|p1a: The Pattern\n|-damage|p1a: The Pattern|42\/100\n|-damage|p2a: Rillaboom|49\/100|[from] Recoil\n|\n|-heal|p2a: Rillaboom|55\/100|[from] Grassy Terrain\n|-heal|p1a: The Pattern|48\/100|[from] Grassy Terrain\n|upkeep\n|turn|10\n|inactive|London Beats has 150 seconds left.\n|inactive|London Beats has 120 seconds left.\n|\n|t:|1700410885\n|switch|p1a: seventh Seal|Landorus-Therian, M|44\/100\n|-ability|p1a: seventh Seal|Intimidate|boost\n|-unboost|p2a: Rillaboom|atk|1\n|move|p2a: Rillaboom|Wood Hammer|p1a: seventh Seal\n|-damage|p1a: seventh Seal|0 fnt\n|-damage|p2a: Rillaboom|39\/100|[from] item: Rocky Helmet|[of] p1a: seventh Seal\n|faint|p1a: seventh Seal\n|-damage|p2a: Rillaboom|23\/100|[from] Recoil\n|\n|-heal|p2a: Rillaboom|29\/100|[from] Grassy Terrain\n|upkeep\n|inactive|London Beats has 90 seconds left.\n|\n|t:|1700410921\n|switch|p1a: Three Ta'veren|Ogerpon, F|100\/100\n|turn|11\n|\n|t:|1700410930\n|switch|p2a: Kingambit|Kingambit, M|100\/100\n|-damage|p2a: Kingambit|94\/100|[from] Stealth Rock\n|-activate|p2a: Kingambit|ability: Supreme Overlord\n|-start|p2a: Kingambit|fallen2|[silent]\n|move|p1a: Three Ta'veren|Ivy Cudgel|p2a: Kingambit\n|-resisted|p2a: Kingambit\n|-damage|p2a: Kingambit|71\/100\n|\n|-heal|p2a: Kingambit|77\/100|[from] Grassy Terrain\n|upkeep\n|turn|12\n|inactive|London Beats has 60 seconds left.\n|\n|t:|1700410967\n|switch|p1a: far dares mai|Samurott-Hisui, F|77\/100\n|move|p2a: Kingambit|Swords Dance|p2a: Kingambit\n|-boost|p2a: Kingambit|atk|2\n|\n|-heal|p1a: far dares mai|83\/100|[from] Grassy Terrain\n|-heal|p2a: Kingambit|84\/100|[from] Grassy Terrain\n|upkeep\n|turn|13\n|inactive|London Beats has 60 seconds left.\n|inactive|lax has 210 seconds left.\n|\n|t:|1700411009\n|move|p1a: far dares mai|Aqua Cutter|p2a: Kingambit\n|-damage|p2a: Kingambit|48\/100\n|move|p2a: Kingambit|Kowtow Cleave|p1a: far dares mai\n|-resisted|p1a: far dares mai\n|-damage|p1a: far dares mai|14\/100\n|\n|-heal|p1a: far dares mai|20\/100|[from] Grassy Terrain\n|-heal|p2a: Kingambit|54\/100|[from] Grassy Terrain\n|-fieldend|move: Grassy Terrain\n|upkeep\n|turn|14\n|inactive|London Beats has 60 seconds left.\n|\n|t:|1700411022\n|move|p1a: far dares mai|Sucker Punch|p2a: Kingambit\n|-resisted|p2a: Kingambit\n|-damage|p2a: Kingambit|40\/100\n|move|p2a: Kingambit|Sucker Punch||[still]\n|-fail|p2a: Kingambit\n|\n|upkeep\n|turn|15\n|inactive|London Beats has 60 seconds left.\n|inactive|London Beats has 30 seconds left.\n|\n|t:|1700411068\n|move|p2a: Kingambit|Sucker Punch|p1a: far dares mai\n|-resisted|p1a: far dares mai\n|-damage|p1a: far dares mai|0 fnt\n|faint|p1a: far dares mai\n|\n|upkeep\n|inactive|London Beats has 30 seconds left this turn.\n|\n|t:|1700411072\n|switch|p1a: Three Ta'veren|Ogerpon, F|100\/100\n|turn|16\n|\n|t:|1700411076\n|move|p1a: Three Ta'veren|Encore|p2a: Kingambit\n|-start|p2a: Kingambit|Encore\n|-enditem|p2a: Kingambit|Mental Herb\n|-end|p2a: Kingambit|Encore\n|move|p2a: Kingambit|Kowtow Cleave|p1a: Three Ta'veren\n|-damage|p1a: Three Ta'veren|0 fnt\n|faint|p1a: Three Ta'veren\n|\n|upkeep\n|inactive|London Beats has 30 seconds left.\n|\n|t:|1700411094\n|switch|p1a: Forsaken|Zapdos|100\/100\n|turn|17\n|\n|t:|1700411098\n|move|p1a: Forsaken|Discharge|p2a: Kingambit\n|-damage|p2a: Kingambit|0 fnt\n|faint|p2a: Kingambit\n|-end|p2a: Kingambit|fallen2|[silent]\n|\n|upkeep\n|inactive|lax has 210 seconds left.\n|\n|t:|1700411129\n|switch|p2a: Dragapult|Dragapult, F|100\/100\n|-damage|p2a: Dragapult|88\/100|[from] Stealth Rock\n|turn|18\n|inactive|London Beats has 30 seconds left.\n|inactive|London Beats has 20 seconds left.\n|inactive|London Beats has 15 seconds left.\n|\n|t:|1700411169\n|move|p2a: Dragapult|Light Screen|p2a: Dragapult\n|-sidestart|p2: lax|move: Light Screen\n|move|p1a: Forsaken|Hurricane|p2a: Dragapult|[miss]\n|-miss|p1a: Forsaken|p2a: Dragapult\n|\n|upkeep\n|turn|19\n|inactive|London Beats has 25 seconds left this turn.\n|inactive|London Beats has 20 seconds left.\n|inactive|London Beats has 15 seconds left.\n|\n|t:|1700411180\n|move|p2a: Dragapult|Curse|p1a: Forsaken\n|-start|p1a: Forsaken|Curse|[of] p2a: Dragapult\n|-damage|p2a: Dragapult|38\/100\n|move|p1a: Forsaken|Hurricane|p2a: Dragapult\n|-damage|p2a: Dragapult|8\/100\n|\n|-damage|p1a: Forsaken|76\/100|[from] Curse\n|upkeep\n|turn|20\n|inactive|London Beats has 25 seconds left this turn.\n|inactive|London Beats has 20 seconds left.\n|inactive|London Beats has 15 seconds left.\n|inactive|London Beats has 10 seconds left.\n|\n|t:|1700411198\n|switch|p2a: Rillaboom|Rillaboom, M|29\/100\n|-damage|p2a: Rillaboom|17\/100|[from] Stealth Rock\n|-fieldstart|move: Grassy Terrain|[from] ability: Grassy Surge|[of] p2a: Rillaboom\n|switch|p1a: Callandor|Gholdengo|70\/100\n|\n|-heal|p2a: Rillaboom|23\/100|[from] Grassy Terrain\n|-heal|p1a: Callandor|76\/100|[from] Grassy Terrain\n|upkeep\n|turn|21\n|inactive|London Beats has 20 seconds left this turn.\n|inactive|London Beats has 15 seconds left.\n|inactive|London Beats has 10 seconds left.\n|inactive|London Beats has 5 seconds left.\n|\n|t:|1700411214\n|move|p2a: Rillaboom|Wood Hammer|p1a: Callandor\n|-resisted|p1a: Callandor\n|-damage|p1a: Callandor|12\/100\n|-damage|p2a: Rillaboom|0 fnt|[from] Recoil\n|faint|p2a: Rillaboom\n|move|p1a: Callandor|Nasty Plot|p1a: Callandor\n|-boost|p1a: Callandor|spa|2\n|\n|-heal|p1a: Callandor|18\/100|[from] Grassy Terrain\n|upkeep\n|inactive|London Beats has 10 seconds left this turn.\n|\n|t:|1700411217\n|switch|p2a: Sneasler|Sneasler, M|100\/100\n|-damage|p2a: Sneasler|94\/100|[from] Stealth Rock\n|-enditem|p2a: Sneasler|Grassy Seed\n|-boost|p2a: Sneasler|def|1|[from] item: Grassy Seed\n|turn|22\n|inactive|London Beats has 20 seconds left this turn.\n|inactive|London Beats has 15 seconds left.\n|inactive|lax has 210 seconds left.\n|inactive|London Beats has 10 seconds left.\n|\n|t:|1700411228\n|-terastallize|p2a: Sneasler|Ghost\n|move|p2a: Sneasler|Tera Blast|p1a: Callandor|[anim] Tera Blast Ghost\n|-supereffective|p1a: Callandor\n|-damage|p1a: Callandor|0 fnt\n|faint|p1a: Callandor\n|\n|-heal|p2a: Sneasler|100\/100|[from] Grassy Terrain\n|upkeep\n|inactive|London Beats has 15 seconds left this turn.\n|inactive|London Beats has 10 seconds left.\n|\n|t:|1700411235\n|switch|p1a: Forsaken|Zapdos|76\/100\n|turn|23\n|inactive|London Beats has 20 seconds left this turn.\n|inactive|London Beats has 15 seconds left.\n|inactive|London Beats has 10 seconds left.\n|\n|t:|1700411251\n|move|p2a: Sneasler|Swords Dance|p2a: Sneasler\n|-boost|p2a: Sneasler|atk|2\n|move|p1a: Forsaken|Discharge|p2a: Sneasler\n|-damage|p2a: Sneasler|78\/100\n|\n|-heal|p2a: Sneasler|84\/100|[from] Grassy Terrain\n|upkeep\n|turn|24\n|inactive|London Beats has 20 seconds left this turn.\n|inactive|London Beats has 15 seconds left.\n|\n|t:|1700411260\n|-terastallize|p1a: Forsaken|Steel\n|move|p2a: Sneasler|Tera Blast|p1a: Forsaken|[anim] Tera Blast Ghost\n|-crit|p1a: Forsaken\n|-damage|p1a: Forsaken|0 fnt\n|faint|p1a: Forsaken\n|\n|-heal|p2a: Sneasler|90\/100|[from] Grassy Terrain\n|-fieldend|move: Grassy Terrain\n|upkeep\n|inactive|London Beats has 20 seconds left this turn.\n|\n|t:|1700411264\n|switch|p1a: The Pattern|Slowking-Galar, F|81\/100\n|turn|25\n|inactive|London Beats has 30 seconds left this turn.\n|c|\u2606lax|gg\n|\n|t:|1700411267\n|move|p2a: Sneasler|Tera Blast|p1a: The Pattern|[anim] Tera Blast Ghost\n|-supereffective|p1a: The Pattern\n|-damage|p1a: The Pattern|0 fnt\n|faint|p1a: The Pattern\n|\n|win|lax\n","uploadtime":1700411268,"views":647,"p1id":"londonbeats","p2id":"lax","formatid":"gen9ou","rating":0,"private":0,"password":""}