{"id":"smogtours-gen9ou-729856","p1":"flo & liaminho","p2":"noodle and mind","format":"[Gen 9] OU","log":"|inactive|Battle timer is ON: inactive players will automatically lose when time's up.\n|t:|1699715046\n|gametype|singles\n|player|p1|flo & liaminho|cynthia|\n|player|p2|noodle and mind|unknownf|\n|teamsize|p1|6\n|teamsize|p2|6\n|gen|9\n|tier|[Gen 9] OU\n|rule|Sleep Clause Mod: Limit one foe put to sleep\n|rule|Species Clause: Limit one of each Pok\u00e9mon\n|rule|OHKO Clause: OHKO moves are banned\n|rule|Evasion Items Clause: Evasion items are banned\n|rule|Evasion Moves Clause: Evasion moves are banned\n|rule|Endless Battle Clause: Forcing endless battles is banned\n|rule|HP Percentage Mod: HP is shown in percentages\n|clearpoke\n|poke|p1|Chesnaught, M|\n|poke|p1|Rillaboom, F|\n|poke|p1|Ting-Lu|\n|poke|p1|Sneasler, F|\n|poke|p1|Ceruledge, M|\n|poke|p1|Iron Valiant|\n|poke|p2|Volcanion|\n|poke|p2|Gholdengo|\n|poke|p2|Iron Valiant|\n|poke|p2|Ting-Lu|\n|poke|p2|Gliscor, F|\n|poke|p2|Dragapult, M|\n|teampreview\n|c|\u2606flo & liaminho|hf\n|inactive|flo & liaminho has 270 seconds left.\n|inactive|noodle and mind has 270 seconds left.\n|inactive|noodle and mind has 240 seconds left.\n|\n|t:|1699715108\n|start\n|switch|p1a: Ting-Lu|Ting-Lu|100\/100\n|switch|p2a: Gliscor|Gliscor, F|100\/100\n|-ability|p1a: Ting-Lu|Vessel of Ruin\n|turn|1\n|inactive|flo & liaminho has 270 seconds left.\n|\n|t:|1699715146\n|move|p2a: Gliscor|Toxic|p1a: Ting-Lu\n|-status|p1a: Ting-Lu|tox\n|move|p1a: Ting-Lu|Stealth Rock|p2a: Gliscor\n|-sidestart|p2: noodle and mind|move: Stealth Rock\n|\n|-damage|p1a: Ting-Lu|94\/100 tox|[from] psn\n|-status|p2a: Gliscor|tox|[from] item: Toxic Orb\n|upkeep\n|turn|2\n|inactive|flo & liaminho has 270 seconds left.\n|\n|t:|1699715160\n|move|p2a: Gliscor|Earthquake|p1a: Ting-Lu\n|-damage|p1a: Ting-Lu|78\/100 tox\n|move|p1a: Ting-Lu|Spikes|p2a: Gliscor\n|-sidestart|p2: noodle and mind|Spikes\n|\n|-heal|p1a: Ting-Lu|84\/100 tox|[from] item: Leftovers\n|-damage|p1a: Ting-Lu|72\/100 tox|[from] psn\n|upkeep\n|turn|3\n|inactive|flo & liaminho has 270 seconds left.\n|\n|t:|1699715172\n|switch|p2a: Ting-Lu|Ting-Lu|100\/100\n|-damage|p2a: Ting-Lu|94\/100|[from] Stealth Rock\n|-damage|p2a: Ting-Lu|82\/100|[from] Spikes\n|-ability|p2a: Ting-Lu|Vessel of Ruin\n|move|p1a: Ting-Lu|Spikes|p2a: Ting-Lu\n|-sidestart|p2: noodle and mind|Spikes\n|\n|-heal|p2a: Ting-Lu|88\/100|[from] item: Leftovers\n|-heal|p1a: Ting-Lu|78\/100 tox|[from] item: Leftovers\n|-damage|p1a: Ting-Lu|59\/100 tox|[from] psn\n|upkeep\n|turn|4\n|inactive|flo & liaminho has 270 seconds left.\n|\n|t:|1699715197\n|switch|p1a: Rillaboom|Rillaboom, F|100\/100\n|-fieldstart|move: Grassy Terrain|[from] ability: Grassy Surge|[of] p1a: Rillaboom\n|move|p2a: Ting-Lu|Spikes|p1a: Rillaboom\n|-sidestart|p1: flo & liaminho|Spikes\n|\n|-heal|p2a: Ting-Lu|94\/100|[from] Grassy Terrain\n|-heal|p2a: Ting-Lu|100\/100|[from] item: Leftovers\n|upkeep\n|turn|5\n|inactive|noodle and mind has 270 seconds left.\n|inactive|flo & liaminho has 240 seconds left.\n|\n|t:|1699715264\n|move|p1a: Rillaboom|U-turn|p2a: Ting-Lu\n|-supereffective|p2a: Ting-Lu\n|-damage|p2a: Ting-Lu|74\/100\n|\n|t:|1699715272\n|switch|p1a: Iron Valiant|Iron Valiant|100\/100|[from] U-turn\n|-damage|p1a: Iron Valiant|88\/100|[from] Spikes\n|-enditem|p1a: Iron Valiant|Booster Energy\n|-activate|p1a: Iron Valiant|ability: Quark Drive|[fromitem]\n|-start|p1a: Iron Valiant|quarkdrivespe\n|move|p2a: Ting-Lu|Stealth Rock|p1a: Iron Valiant\n|-sidestart|p1: flo & liaminho|move: Stealth Rock\n|\n|-heal|p1a: Iron Valiant|94\/100|[from] Grassy Terrain\n|-heal|p2a: Ting-Lu|80\/100|[from] Grassy Terrain\n|-heal|p2a: Ting-Lu|86\/100|[from] item: Leftovers\n|upkeep\n|turn|6\n|inactive|flo & liaminho has 210 seconds left.\n|inactive|noodle and mind has 240 seconds left.\n|inactive|flo & liaminho has 180 seconds left.\n|\n|t:|1699715325\n|switch|p2a: Gliscor|Gliscor, F|100\/100 tox\n|-damage|p2a: Gliscor|88\/100 tox|[from] Stealth Rock\n|move|p1a: Iron Valiant|Encore||[still]\n|-fail|p1a: Iron Valiant\n|\n|-heal|p1a: Iron Valiant|100\/100|[from] Grassy Terrain\n|-heal|p2a: Gliscor|100\/100 tox|[from] ability: Poison Heal\n|upkeep\n|turn|7\n|inactive|flo & liaminho has 180 seconds left.\n|inactive|flo & liaminho has 150 seconds left.\n|inactive|flo & liaminho has 120 seconds left.\n|\n|t:|1699715398\n|move|p1a: Iron Valiant|Moonblast|p2a: Gliscor\n|-damage|p2a: Gliscor|61\/100 tox\n|move|p2a: Gliscor|Toxic|p1a: Iron Valiant\n|-status|p1a: Iron Valiant|tox\n|\n|-damage|p1a: Iron Valiant|94\/100 tox|[from] psn\n|-heal|p2a: Gliscor|74\/100 tox|[from] ability: Poison Heal\n|upkeep\n|turn|8\n|inactive|flo & liaminho has 120 seconds left.\n|inactive|flo & liaminho has 90 seconds left.\n|\n|t:|1699715454\n|-end|p1a: Iron Valiant|Quark Drive|[silent]\n|switch|p1a: Ceruledge|Ceruledge, M|100\/100\n|move|p2a: Gliscor|Protect||[still]\n|-fail|p2a: Gliscor\n|\n|-heal|p2a: Gliscor|86\/100 tox|[from] ability: Poison Heal\n|upkeep\n|turn|9\n|\n|t:|1699715466\n|move|p2a: Gliscor|Toxic|p1a: Ceruledge|[miss]\n|-miss|p2a: Gliscor|p1a: Ceruledge\n|move|p1a: Ceruledge|Taunt|p2a: Gliscor\n|-start|p2a: Gliscor|move: Taunt\n|\n|-heal|p2a: Gliscor|99\/100 tox|[from] ability: Poison Heal\n|upkeep\n|turn|10\n|inactive|flo & liaminho has 60 seconds left.\n|inactive|noodle and mind has 240 seconds left.\n|inactive|flo & liaminho has 30 seconds left.\n|inactive|flo & liaminho has 20 seconds left.\n|\n|t:|1699715530\n|switch|p2a: Iron Valiant|Iron Valiant|100\/100\n|switch|p1a: Rillaboom|Rillaboom, F|100\/100\n|-damage|p1a: Rillaboom|88\/100|[from] Spikes\n|-damage|p1a: Rillaboom|75\/100|[from] Stealth Rock\n|\n|-heal|p1a: Rillaboom|82\/100|[from] Grassy Terrain\n|upkeep\n|turn|11\n|inactive|flo & liaminho has 30 seconds left this turn.\n|inactive|flo & liaminho has 20 seconds left.\n|inactive|noodle and mind has 240 seconds left.\n|inactive|flo & liaminho has 15 seconds left.\n|inactive|flo & liaminho has 10 seconds left.\n|\n|t:|1699715567\n|switch|p1a: Ting-Lu|Ting-Lu|59\/100 tox\n|-damage|p1a: Ting-Lu|47\/100 tox|[from] Spikes\n|-damage|p1a: Ting-Lu|40\/100 tox|[from] Stealth Rock\n|-ability|p1a: Ting-Lu|Vessel of Ruin\n|move|p2a: Iron Valiant|Ice Punch|p1a: Ting-Lu\n|-supereffective|p1a: Ting-Lu\n|-damage|p1a: Ting-Lu|13\/100 tox\n|\n|-heal|p1a: Ting-Lu|19\/100 tox|[from] Grassy Terrain\n|-heal|p1a: Ting-Lu|26\/100 tox|[from] item: Leftovers\n|-damage|p1a: Ting-Lu|19\/100 tox|[from] psn\n|-fieldend|move: Grassy Terrain\n|upkeep\n|turn|12\n|inactive|flo & liaminho has 20 seconds left this turn.\n|inactive|flo & liaminho has 15 seconds left.\n|inactive|flo & liaminho has 10 seconds left.\n|\n|t:|1699715577\n|move|p2a: Iron Valiant|Ice Punch|p1a: Ting-Lu\n|-supereffective|p1a: Ting-Lu\n|-damage|p1a: Ting-Lu|0 fnt\n|faint|p1a: Ting-Lu\n|\n|upkeep\n|inactive|flo & liaminho has 15 seconds left this turn.\n|inactive|flo & liaminho has 10 seconds left.\n|\n|t:|1699715583\n|switch|p1a: Rillaboom|Rillaboom, F|82\/100\n|-damage|p1a: Rillaboom|69\/100|[from] Spikes\n|-damage|p1a: Rillaboom|57\/100|[from] Stealth Rock\n|-fieldstart|move: Grassy Terrain|[from] ability: Grassy Surge|[of] p1a: Rillaboom\n|turn|13\n|inactive|flo & liaminho has 20 seconds left this turn.\n|\n|t:|1699715605\n|move|p2a: Iron Valiant|Close Combat|p1a: Rillaboom\n|-damage|p1a: Rillaboom|0 fnt\n|-unboost|p2a: Iron Valiant|def|1\n|-unboost|p2a: Iron Valiant|spd|1\n|faint|p1a: Rillaboom\n|\n|upkeep\n|inactive|flo & liaminho has 25 seconds left this turn.\n|inactive|flo & liaminho has 20 seconds left.\n|\n|t:|1699715611\n|switch|p1a: Sneasler|Sneasler, F|100\/100\n|-damage|p1a: Sneasler|88\/100|[from] Spikes\n|-damage|p1a: Sneasler|82\/100|[from] Stealth Rock\n|-enditem|p1a: Sneasler|Grassy Seed\n|-boost|p1a: Sneasler|def|1|[from] item: Grassy Seed\n|turn|14\n|inactive|flo & liaminho has 30 seconds left this turn.\n|\n|t:|1699715616\n|switch|p1a: Chesnaught|Chesnaught, M|100\/100\n|-damage|p1a: Chesnaught|88\/100|[from] Spikes\n|-damage|p1a: Chesnaught|82\/100|[from] Stealth Rock\n|move|p2a: Iron Valiant|Encore||[still]\n|-fail|p2a: Iron Valiant\n|\n|-heal|p1a: Chesnaught|88\/100|[from] Grassy Terrain\n|upkeep\n|turn|15\n|inactive|noodle and mind has 240 seconds left.\n|inactive|flo & liaminho has 30 seconds left.\n|\n|t:|1699715643\n|-terastallize|p1a: Chesnaught|Steel\n|move|p2a: Iron Valiant|Close Combat|p1a: Chesnaught\n|-supereffective|p1a: Chesnaught\n|-damage|p1a: Chesnaught|0 fnt\n|-unboost|p2a: Iron Valiant|def|1\n|-unboost|p2a: Iron Valiant|spd|1\n|faint|p1a: Chesnaught\n|\n|upkeep\n|inactive|flo & liaminho has 30 seconds left this turn.\n|inactive|flo & liaminho has 20 seconds left.\n|\n|t:|1699715658\n|switch|p1a: Ceruledge|Ceruledge, M|100\/100\n|turn|16\n|inactive|flo & liaminho has 30 seconds left this turn.\n|inactive|flo & liaminho has 20 seconds left.\n|\n|t:|1699715671\n|-end|p2a: Iron Valiant|Quark Drive|[silent]\n|switch|p2a: Gliscor|Gliscor, F|99\/100 tox\n|-damage|p2a: Gliscor|86\/100 tox|[from] Stealth Rock\n|move|p1a: Ceruledge|Bitter Blade|p2a: Gliscor\n|-damage|p2a: Gliscor|57\/100 tox\n|\n|-heal|p2a: Gliscor|70\/100 tox|[from] ability: Poison Heal\n|upkeep\n|turn|17\n|inactive|flo & liaminho has 30 seconds left this turn.\n|inactive|flo & liaminho has 20 seconds left.\n|\n|t:|1699715683\n|switch|p1a: Iron Valiant|Iron Valiant|94\/100 tox\n|-damage|p1a: Iron Valiant|82\/100 tox|[from] Spikes\n|-damage|p1a: Iron Valiant|76\/100 tox|[from] Stealth Rock\n|move|p2a: Gliscor|Toxic|p1a: Iron Valiant\n|-fail|p1a: Iron Valiant|tox\n|\n|-heal|p1a: Iron Valiant|82\/100 tox|[from] Grassy Terrain\n|-damage|p1a: Iron Valiant|76\/100 tox|[from] psn\n|-heal|p2a: Gliscor|82\/100 tox|[from] ability: Poison Heal\n|upkeep\n|turn|18\n|inactive|flo & liaminho has 30 seconds left this turn.\n|inactive|noodle and mind has 240 seconds left.\n|\n|t:|1699715694\n|move|p1a: Iron Valiant|Moonblast|p2a: Gliscor\n|-damage|p2a: Gliscor|43\/100 tox\n|move|p2a: Gliscor|Earthquake|p1a: Iron Valiant\n|-damage|p1a: Iron Valiant|53\/100 tox\n|\n|-heal|p1a: Iron Valiant|59\/100 tox|[from] Grassy Terrain\n|-damage|p1a: Iron Valiant|47\/100 tox|[from] psn\n|-heal|p2a: Gliscor|56\/100 tox|[from] ability: Poison Heal\n|upkeep\n|turn|19\n|inactive|flo & liaminho has 30 seconds left.\n|\n|t:|1699715702\n|move|p2a: Gliscor|Protect|p2a: Gliscor\n|-singleturn|p2a: Gliscor|Protect\n|move|p1a: Iron Valiant|Calm Mind|p1a: Iron Valiant\n|-boost|p1a: Iron Valiant|spa|1\n|-boost|p1a: Iron Valiant|spd|1\n|\n|-heal|p1a: Iron Valiant|53\/100 tox|[from] Grassy Terrain\n|-damage|p1a: Iron Valiant|34\/100 tox|[from] psn\n|-heal|p2a: Gliscor|68\/100 tox|[from] ability: Poison Heal\n|upkeep\n|turn|20\n|\n|t:|1699715714\n|switch|p2a: Ting-Lu|Ting-Lu|86\/100\n|-damage|p2a: Ting-Lu|80\/100|[from] Stealth Rock\n|-damage|p2a: Ting-Lu|63\/100|[from] Spikes\n|-ability|p2a: Ting-Lu|Vessel of Ruin\n|move|p1a: Iron Valiant|Moonblast|p2a: Ting-Lu\n|-supereffective|p2a: Ting-Lu\n|-damage|p2a: Ting-Lu|2\/100\n|-unboost|p2a: Ting-Lu|spa|1\n|\n|-heal|p1a: Iron Valiant|40\/100 tox|[from] Grassy Terrain\n|-heal|p2a: Ting-Lu|9\/100|[from] Grassy Terrain\n|-heal|p2a: Ting-Lu|15\/100|[from] item: Leftovers\n|-damage|p1a: Iron Valiant|15\/100 tox|[from] psn\n|-fieldend|move: Grassy Terrain\n|upkeep\n|turn|21\n|\n|t:|1699715722\n|move|p1a: Iron Valiant|Moonblast|p2a: Ting-Lu\n|-supereffective|p2a: Ting-Lu\n|-damage|p2a: Ting-Lu|0 fnt\n|faint|p2a: Ting-Lu\n|\n|-damage|p1a: Iron Valiant|0 fnt|[from] psn\n|faint|p1a: Iron Valiant\n|-end|p1a: Iron Valiant|Quark Drive|[silent]\n|upkeep\n|\n|t:|1699715733\n|switch|p1a: Ceruledge|Ceruledge, M|100\/100\n|switch|p2a: Gholdengo|Gholdengo|100\/100\n|-damage|p2a: Gholdengo|94\/100|[from] Stealth Rock\n|-damage|p2a: Gholdengo|78\/100|[from] Spikes\n|turn|22\n|\n|t:|1699715744\n|move|p2a: Gholdengo|Trick|p1a: Ceruledge\n|-activate|p2a: Gholdengo|move: Trick|[of] p1a: Ceruledge\n|-item|p1a: Ceruledge|Choice Scarf|[from] move: Trick\n|-item|p2a: Gholdengo|Heavy-Duty Boots|[from] move: Trick\n|move|p1a: Ceruledge|Bitter Blade|p2a: Gholdengo\n|-supereffective|p2a: Gholdengo\n|-damage|p2a: Gholdengo|1\/100\n|\n|upkeep\n|turn|23\n|inactive|flo & liaminho has 60 seconds left.\n|\n|t:|1699715756\n|move|p1a: Ceruledge|Bitter Blade|p2a: Gholdengo\n|-supereffective|p2a: Gholdengo\n|-damage|p2a: Gholdengo|0 fnt\n|faint|p2a: Gholdengo\n|\n|upkeep\n|\n|t:|1699715759\n|switch|p2a: Volcanion|Volcanion|100\/100\n|turn|24\n|\n|t:|1699715764\n|switch|p1a: Sneasler|Sneasler, F|82\/100\n|-damage|p1a: Sneasler|70\/100|[from] Spikes\n|-damage|p1a: Sneasler|64\/100|[from] Stealth Rock\n|move|p2a: Volcanion|Steam Eruption|p1a: Sneasler\n|-damage|p1a: Sneasler|0 fnt\n|faint|p1a: Sneasler\n|\n|upkeep\n|\n|t:|1699715767\n|switch|p1a: Ceruledge|Ceruledge, M|100\/100\n|-damage|p1a: Ceruledge|88\/100|[from] Spikes\n|-damage|p1a: Ceruledge|63\/100|[from] Stealth Rock\n|turn|25\n|\n|t:|1699715770\n|move|p1a: Ceruledge|Bitter Blade|p2a: Volcanion\n|-resisted|p2a: Volcanion\n|-damage|p2a: Volcanion|94\/100\n|-heal|p1a: Ceruledge|67\/100|[from] drain|[of] p2a: Volcanion\n|move|p2a: Volcanion|Steam Eruption|p1a: Ceruledge\n|-supereffective|p1a: Ceruledge\n|-damage|p1a: Ceruledge|0 fnt\n|faint|p1a: Ceruledge\n|\n|win|noodle and mind\n|c|\u2606flo & liaminho|gg\n","uploadtime":1699715771,"views":75,"p1id":"floliaminho","p2id":"noodleandmind","formatid":"gen9ou","rating":0,"private":0,"password":""}