{"id":"smogtours-gen9ou-732382","p1":"Savouras","p2":"origano123","format":"[Gen 9] OU","log":"|inactive|Battle timer is ON: inactive players will automatically lose when time's up.\n|t:|1700932777\n|gametype|singles\n|player|p1|Savouras|#scl3machines2|\n|player|p2|origano123|rollerskaterf|\n|teamsize|p1|6\n|teamsize|p2|6\n|gen|9\n|tier|[Gen 9] OU\n|rule|Sleep Clause Mod: Limit one foe put to sleep\n|rule|Species Clause: Limit one of each Pok\u00e9mon\n|rule|OHKO Clause: OHKO moves are banned\n|rule|Evasion Items Clause: Evasion items are banned\n|rule|Evasion Moves Clause: Evasion moves are banned\n|rule|Endless Battle Clause: Forcing endless battles is banned\n|rule|HP Percentage Mod: HP is shown in percentages\n|clearpoke\n|poke|p1|Great Tusk|\n|poke|p1|Walking Wake|\n|poke|p1|Ninetales, F|\n|poke|p1|Brute Bonnet|\n|poke|p1|Cinderace, F|\n|poke|p1|Hatterene, F|\n|poke|p2|Rillaboom, F|\n|poke|p2|Ogerpon-Cornerstone, F|\n|poke|p2|Manaphy|\n|poke|p2|Heatran, M|\n|poke|p2|Great Tusk|\n|poke|p2|Dragapult, M|\n|teampreview\n|inactive|Savouras has 270 seconds left.\n|inactive|origano123 has 270 seconds left.\n|c|\u2606origano123|hf\n|c|\u2606Savouras|hf\n|inactive|origano123 has 240 seconds left.\n|inactive|origano123 has 210 seconds left.\n|inactive|origano123 has 180 seconds left.\n|inactive|origano123 has 150 seconds left.\n|inactive|origano123 has 120 seconds left.\n|\n|t:|1700932958\n|start\n|switch|p1a: Ninetales|Ninetales, F|100\/100\n|switch|p2a: Dragapult|Dragapult, M|100\/100\n|-weather|SunnyDay|[from] ability: Drought|[of] p1a: Ninetales\n|turn|1\n|inactive|origano123 has 180 seconds left.\n|inactive|origano123 has 150 seconds left.\n|inactive|Savouras has 270 seconds left.\n|inactive|origano123 has 120 seconds left.\n|inactive|origano123 has 90 seconds left.\n|\n|t:|1700933085\n|switch|p2a: Manaphy|Manaphy|100\/100\n|switch|p1a: Great Tusk|Great Tusk|100\/100\n|-activate|p1a: Great Tusk|ability: Protosynthesis\n|-start|p1a: Great Tusk|protosynthesisdef\n|\n|-weather|SunnyDay|[upkeep]\n|upkeep\n|turn|2\n|inactive|origano123 has 60 seconds left.\n|\n|t:|1700933128\n|switch|p2a: Rillaboom|Rillaboom, F|100\/100\n|-fieldstart|move: Grassy Terrain|[from] ability: Grassy Surge|[of] p2a: Rillaboom\n|move|p1a: Great Tusk|Close Combat|p2a: Rillaboom\n|-damage|p2a: Rillaboom|50\/100\n|-unboost|p1a: Great Tusk|def|1\n|-unboost|p1a: Great Tusk|spd|1\n|-enditem|p1a: Great Tusk|Eject Pack\n|inactive|Savouras has 240 seconds left.\n|\n|t:|1700933159\n|-end|p1a: Great Tusk|Protosynthesis|[silent]\n|switch|p1a: Walking Wake|Walking Wake|100\/100\n|-activate|p1a: Walking Wake|ability: Protosynthesis\n|-start|p1a: Walking Wake|protosynthesisspe\n|\n|-weather|SunnyDay|[upkeep]\n|-heal|p2a: Rillaboom|56\/100|[from] Grassy Terrain\n|upkeep\n|turn|3\n|inactive|origano123 has 60 seconds left.\n|inactive|origano123 has 30 seconds left.\n|\n|t:|1700933195\n|move|p1a: Walking Wake|Draco Meteor|p2a: Rillaboom\n|-damage|p2a: Rillaboom|0 fnt\n|-unboost|p1a: Walking Wake|spa|2\n|faint|p2a: Rillaboom\n|\n|-weather|SunnyDay|[upkeep]\n|upkeep\n|inactive|origano123 has 30 seconds left.\n|inactive|origano123 has 20 seconds left.\n|inactive|origano123 has 15 seconds left.\n|inactive|origano123 has 10 seconds left.\n|\n|t:|1700933222\n|switch|p2a: Manaphy|Manaphy|100\/100\n|turn|4\n|inactive|origano123 has 20 seconds left this turn.\n|\n|t:|1700933249\n|-end|p1a: Walking Wake|Protosynthesis|[silent]\n|switch|p1a: Brute Bonnet|Brute Bonnet|100\/100\n|-activate|p1a: Brute Bonnet|ability: Protosynthesis\n|-start|p1a: Brute Bonnet|protosynthesisatk\n|switch|p2a: Heatran|Heatran, M|100\/100\n|-item|p2a: Heatran|Air Balloon\n|\n|-weather|SunnyDay|[upkeep]\n|upkeep\n|turn|5\n|inactive|origano123 has 30 seconds left this turn.\n|inactive|origano123 has 20 seconds left.\n|inactive|Savouras has 210 seconds left.\n|inactive|origano123 has 15 seconds left.\n|\n|t:|1700933283\n|switch|p2a: Ogerpon|Ogerpon-Cornerstone, F|100\/100\n|-end|p1a: Brute Bonnet|Protosynthesis|[silent]\n|switch|p1a: Walking Wake|Walking Wake|100\/100\n|-activate|p1a: Walking Wake|ability: Protosynthesis\n|-start|p1a: Walking Wake|protosynthesisspe\n|\n|-weather|SunnyDay|[upkeep]\n|upkeep\n|turn|6\n|inactive|origano123 has 25 seconds left this turn.\n|inactive|origano123 has 20 seconds left.\n|inactive|Savouras has 180 seconds left.\n|\n|t:|1700933311\n|-end|p1a: Walking Wake|Protosynthesis|[silent]\n|switch|p1a: Brute Bonnet|Brute Bonnet|100\/100\n|-activate|p1a: Brute Bonnet|ability: Protosynthesis\n|-start|p1a: Brute Bonnet|protosynthesisatk\n|move|p2a: Ogerpon|Power Whip|p1a: Brute Bonnet\n|-resisted|p1a: Brute Bonnet\n|-damage|p1a: Brute Bonnet|56\/100\n|\n|-weather|SunnyDay|[upkeep]\n|-heal|p1a: Brute Bonnet|62\/100|[from] Grassy Terrain\n|-fieldend|move: Grassy Terrain\n|upkeep\n|turn|7\n|inactive|origano123 has 30 seconds left this turn.\n|inactive|Savouras has 180 seconds left.\n|inactive|origano123 has 20 seconds left.\n|inactive|origano123 has 15 seconds left.\n|\n|t:|1700933328\n|switch|p2a: Heatran|Heatran, M|100\/100\n|-item|p2a: Heatran|Air Balloon\n|move|p1a: Brute Bonnet|Bullet Seed|p2a: Heatran\n|-resisted|p2a: Heatran\n|-damage|p2a: Heatran|97\/100\n|-enditem|p2a: Heatran|Air Balloon\n|-resisted|p2a: Heatran\n|-damage|p2a: Heatran|93\/100\n|-resisted|p2a: Heatran\n|-damage|p2a: Heatran|89\/100\n|-resisted|p2a: Heatran\n|-damage|p2a: Heatran|85\/100\n|-hitcount|p2a: Heatran|4\n|\n|-weather|SunnyDay|[upkeep]\n|upkeep\n|turn|8\n|inactive|origano123 has 25 seconds left this turn.\n|inactive|Savouras has 180 seconds left.\n|inactive|origano123 has 20 seconds left.\n|inactive|origano123 has 15 seconds left.\n|inactive|origano123 has 10 seconds left.\n|inactive|origano123 has 5 seconds left.\n|\n|t:|1700933355\n|-end|p1a: Brute Bonnet|Protosynthesis|[silent]\n|switch|p1a: Walking Wake|Walking Wake|100\/100\n|-activate|p1a: Walking Wake|ability: Protosynthesis\n|-start|p1a: Walking Wake|protosynthesisspe\n|move|p2a: Heatran|Magma Storm|p1a: Walking Wake\n|-resisted|p1a: Walking Wake\n|-damage|p1a: Walking Wake|81\/100\n|-activate|p1a: Walking Wake|move: Magma Storm|[of] p2a: Heatran\n|\n|-weather|none\n|-end|p1a: Walking Wake|Protosynthesis\n|-damage|p1a: Walking Wake|69\/100|[from] move: Magma Storm|[partiallytrapped]\n|upkeep\n|turn|9\n|inactive|origano123 has 15 seconds left this turn.\n|inactive|origano123 has 10 seconds left.\n|inactive|origano123 has 5 seconds left.\n|\n|t:|1700933368\n|switch|p2a: Manaphy|Manaphy|100\/100\n|move|p1a: Walking Wake|Hydro Steam|p2a: Manaphy\n|-resisted|p2a: Manaphy\n|-damage|p2a: Manaphy|75\/100\n|\n|-heal|p2a: Manaphy|82\/100|[from] item: Leftovers\n|-end|p1a: Walking Wake|Magma Storm|[partiallytrapped]|[silent]\n|upkeep\n|turn|10\n|inactive|origano123 has 15 seconds left this turn.\n|inactive|Savouras has 180 seconds left.\n|inactive|origano123 has 10 seconds left.\n|\n|t:|1700933385\n|switch|p2a: Heatran|Heatran, M|85\/100\n|move|p1a: Walking Wake|Hydro Steam|p2a: Heatran\n|-supereffective|p2a: Heatran\n|-damage|p2a: Heatran|0 fnt\n|faint|p2a: Heatran\n|\n|upkeep\n|inactive|origano123 has 15 seconds left this turn.\n|inactive|origano123 has 10 seconds left.\n|\n|t:|1700933394\n|switch|p2a: Manaphy|Manaphy|82\/100\n|turn|11\n|inactive|origano123 has 20 seconds left this turn.\n|inactive|origano123 has 15 seconds left.\n|inactive|origano123 has 10 seconds left.\n|\n|t:|1700933407\n|-end|p1a: Walking Wake|Protosynthesis|[silent]\n|switch|p1a: Ninetales|Ninetales, F|100\/100\n|-weather|SunnyDay|[from] ability: Drought|[of] p1a: Ninetales\n|move|p2a: Manaphy|Take Heart|p2a: Manaphy\n|-boost|p2a: Manaphy|spa|1\n|-boost|p2a: Manaphy|spd|1\n|\n|-weather|SunnyDay|[upkeep]\n|-heal|p2a: Manaphy|88\/100|[from] item: Leftovers\n|upkeep\n|turn|12\n|inactive|origano123 has 20 seconds left this turn.\n|inactive|origano123 has 15 seconds left.\n|inactive|origano123 has 10 seconds left.\n|\n|t:|1700933418\n|move|p1a: Ninetales|Encore|p2a: Manaphy\n|-start|p2a: Manaphy|Encore\n|move|p2a: Manaphy|Take Heart|p2a: Manaphy\n|-boost|p2a: Manaphy|spa|1\n|-boost|p2a: Manaphy|spd|1\n|\n|-weather|SunnyDay|[upkeep]\n|-heal|p2a: Manaphy|94\/100|[from] item: Leftovers\n|upkeep\n|turn|13\n|inactive|origano123 has 20 seconds left this turn.\n|inactive|origano123 has 15 seconds left.\n|\n|t:|1700933439\n|switch|p1a: Brute Bonnet|Brute Bonnet|62\/100\n|-activate|p1a: Brute Bonnet|ability: Protosynthesis\n|-start|p1a: Brute Bonnet|protosynthesisatk\n|switch|p2a: Dragapult|Dragapult, M|100\/100\n|\n|-weather|SunnyDay|[upkeep]\n|upkeep\n|turn|14\n|inactive|origano123 has 25 seconds left this turn.\n|inactive|origano123 has 20 seconds left.\n|\n|t:|1700933446\n|-end|p1a: Brute Bonnet|Protosynthesis|[silent]\n|switch|p1a: Hatterene|Hatterene, F|100\/100\n|move|p2a: Dragapult|Will-O-Wisp|p1a: Hatterene\n|move|p1a: Hatterene|Will-O-Wisp|p2a: Dragapult|[from]ability: Magic Bounce\n|-status|p2a: Dragapult|brn\n|\n|-weather|SunnyDay|[upkeep]\n|-damage|p2a: Dragapult|95\/100 brn|[from] brn\n|upkeep\n|turn|15\n|inactive|origano123 has 30 seconds left this turn.\n|\n|t:|1700933454\n|switch|p2a: Manaphy|Manaphy|94\/100\n|move|p1a: Hatterene|Nuzzle|p2a: Manaphy\n|-supereffective|p2a: Manaphy\n|-damage|p2a: Manaphy|88\/100\n|-status|p2a: Manaphy|par\n|\n|-weather|SunnyDay|[upkeep]\n|-heal|p2a: Manaphy|94\/100 par|[from] item: Leftovers\n|upkeep\n|turn|16\n|inactive|origano123 has 30 seconds left.\n|\n|t:|1700933463\n|switch|p1a: Brute Bonnet|Brute Bonnet|62\/100\n|-activate|p1a: Brute Bonnet|ability: Protosynthesis\n|-start|p1a: Brute Bonnet|protosynthesisatk\n|move|p2a: Manaphy|Take Heart|p2a: Manaphy\n|-boost|p2a: Manaphy|spa|1\n|-boost|p2a: Manaphy|spd|1\n|-curestatus|p2a: Manaphy|par|[msg]\n|\n|-weather|SunnyDay|[upkeep]\n|-heal|p2a: Manaphy|99\/100|[from] item: Leftovers\n|upkeep\n|turn|17\n|inactive|Savouras has 210 seconds left.\n|inactive|origano123 has 30 seconds left.\n|inactive|origano123 has 20 seconds left.\n|inactive|origano123 has 15 seconds left.\n|\n|t:|1700933488\n|switch|p2a: Dragapult|Dragapult, M|95\/100 brn\n|move|p1a: Brute Bonnet|Bullet Seed|p2a: Dragapult\n|-resisted|p2a: Dragapult\n|-damage|p2a: Dragapult|82\/100 brn\n|-resisted|p2a: Dragapult\n|-damage|p2a: Dragapult|70\/100 brn\n|-resisted|p2a: Dragapult\n|-damage|p2a: Dragapult|58\/100 brn\n|-resisted|p2a: Dragapult\n|-damage|p2a: Dragapult|45\/100 brn\n|-resisted|p2a: Dragapult\n|-damage|p2a: Dragapult|32\/100 brn\n|-hitcount|p2a: Dragapult|5\n|\n|-weather|SunnyDay|[upkeep]\n|-damage|p2a: Dragapult|26\/100 brn|[from] brn\n|upkeep\n|turn|18\n|inactive|origano123 has 25 seconds left this turn.\n|inactive|origano123 has 20 seconds left.\n|inactive|origano123 has 15 seconds left.\n|\n|t:|1700933503\n|-end|p1a: Brute Bonnet|Protosynthesis|[silent]\n|switch|p1a: Hatterene|Hatterene, F|100\/100\n|move|p2a: Dragapult|Will-O-Wisp|p1a: Hatterene\n|move|p1a: Hatterene|Will-O-Wisp|p2a: Dragapult|[from]ability: Magic Bounce|[miss]\n|-miss|p1a: Hatterene|p2a: Dragapult\n|\n|-weather|none\n|-damage|p2a: Dragapult|20\/100 brn|[from] brn\n|upkeep\n|turn|19\n|inactive|origano123 has 25 seconds left this turn.\n|inactive|origano123 has 20 seconds left.\n|\n|t:|1700933509\n|move|p2a: Dragapult|Hex|p1a: Hatterene\n|-supereffective|p1a: Hatterene\n|-damage|p1a: Hatterene|55\/100\n|-enditem|p1a: Hatterene|Eject Button\n|inactive|origano123 has 25 seconds left this turn.\n|\n|t:|1700933513\n|switch|p1a: Cinderace|Cinderace, F|100\/100\n|\n|-damage|p2a: Dragapult|14\/100 brn|[from] brn\n|upkeep\n|turn|20\n|inactive|origano123 has 30 seconds left.\n|inactive|origano123 has 20 seconds left.\n|\n|t:|1700933530\n|move|p1a: Cinderace|Flare Blitz|p2a: Dragapult\n|-resisted|p2a: Dragapult\n|-damage|p2a: Dragapult|0 fnt\n|faint|p2a: Dragapult\n|-damage|p1a: Cinderace|96\/100|[from] Recoil\n|\n|upkeep\n|inactive|origano123 has 25 seconds left this turn.\n|inactive|origano123 has 20 seconds left.\n|\n|t:|1700933536\n|switch|p2a: Great Tusk|Great Tusk|100\/100\n|-enditem|p2a: Great Tusk|Booster Energy\n|-activate|p2a: Great Tusk|ability: Protosynthesis|[fromitem]\n|-start|p2a: Great Tusk|protosynthesisspe\n|turn|21\n|inactive|origano123 has 30 seconds left this turn.\n|inactive|origano123 has 20 seconds left.\n|inactive|Savouras has 210 seconds left.\n|\n|t:|1700933581\n|-terastallize|p1a: Cinderace|Fire\n|move|p1a: Cinderace|Flare Blitz|p2a: Great Tusk\n|-damage|p2a: Great Tusk|52\/100\n|-damage|p1a: Cinderace|73\/100|[from] Recoil\n|move|p2a: Great Tusk|Rapid Spin|p1a: Cinderace\n|-damage|p1a: Cinderace|53\/100\n|-boost|p2a: Great Tusk|spe|1\n|\n|upkeep\n|turn|22\n|inactive|origano123 has 30 seconds left this turn.\n|inactive|origano123 has 20 seconds left.\n|inactive|origano123 has 15 seconds left.\n|inactive|origano123 has 10 seconds left.\n|inactive|Savouras has 180 seconds left.\n|inactive|Savouras has 150 seconds left.\n|\n|t:|1700933643\n|switch|p1a: Ninetales|Ninetales, F|100\/100\n|-weather|SunnyDay|[from] ability: Drought|[of] p1a: Ninetales\n|move|p2a: Great Tusk|Bulk Up|p2a: Great Tusk\n|-boost|p2a: Great Tusk|atk|1\n|-boost|p2a: Great Tusk|def|1\n|\n|-weather|SunnyDay|[upkeep]\n|upkeep\n|turn|23\n|inactive|origano123 has 20 seconds left this turn.\n|inactive|Savouras has 150 seconds left.\n|inactive|origano123 has 15 seconds left.\n|\n|t:|1700933660\n|move|p2a: Great Tusk|Headlong Rush|p1a: Ninetales\n|-supereffective|p1a: Ninetales\n|-damage|p1a: Ninetales|0 fnt\n|-unboost|p2a: Great Tusk|def|1\n|-unboost|p2a: Great Tusk|spd|1\n|faint|p1a: Ninetales\n|\n|-weather|SunnyDay|[upkeep]\n|upkeep\n|inactive|origano123 has 20 seconds left this turn.\n|\n|t:|1700933663\n|switch|p1a: Great Tusk|Great Tusk|100\/100\n|-activate|p1a: Great Tusk|ability: Protosynthesis\n|-start|p1a: Great Tusk|protosynthesisdef\n|turn|24\n|inactive|origano123 has 30 seconds left this turn.\n|inactive|Savouras has 150 seconds left.\n|inactive|origano123 has 20 seconds left.\n|inactive|origano123 has 15 seconds left.\n|\n|t:|1700933678\n|move|p2a: Great Tusk|Bulk Up|p2a: Great Tusk\n|-boost|p2a: Great Tusk|atk|1\n|-boost|p2a: Great Tusk|def|1\n|move|p1a: Great Tusk|Ice Spinner|p2a: Great Tusk\n|-supereffective|p2a: Great Tusk\n|-crit|p2a: Great Tusk\n|-damage|p2a: Great Tusk|10\/100\n|\n|-weather|SunnyDay|[upkeep]\n|upkeep\n|turn|25\n|inactive|origano123 has 25 seconds left this turn.\n|inactive|origano123 has 20 seconds left.\n|inactive|Savouras has 150 seconds left.\n|inactive|origano123 has 15 seconds left.\n|c|\u2606origano123|only way\n|inactive|origano123 has 10 seconds left.\n|c|\u2606Savouras|?\n|c|+TheSergio235|?\n|c|\u2606origano123|lol\n|\n|t:|1700933703\n|move|p2a: Great Tusk|Ice Spinner|p1a: Great Tusk\n|-supereffective|p1a: Great Tusk\n|-damage|p1a: Great Tusk|60\/100\n|move|p1a: Great Tusk|Ice Spinner|p2a: Great Tusk\n|-supereffective|p2a: Great Tusk\n|-damage|p2a: Great Tusk|0 fnt\n|faint|p2a: Great Tusk\n|-end|p2a: Great Tusk|Protosynthesis|[silent]\n|\n|-weather|SunnyDay|[upkeep]\n|upkeep\n|inactive|origano123 has 15 seconds left this turn.\n|c|\u2606Savouras|nice 40\n|inactive|origano123 has 10 seconds left.\n|c|\u2606Savouras|only way\n|c|\u2606origano123|im tera ice dumbass\n|inactive|origano123 has 5 seconds left.\n|c|+TheSergio235|ma god\n|\n|t:|1700933714\n|switch|p2a: Manaphy|Manaphy|99\/100\n|turn|26\n|inactive|origano123 has 15 seconds left this turn.\n|inactive|Savouras has 150 seconds left.\n|inactive|origano123 has 10 seconds left.\n|c|\u2606Savouras|im suckerpunch and cc\n|c|\u2606origano123|nice 8 with sucker!\n|\n|t:|1700933738\n|-end|p1a: Great Tusk|Protosynthesis|[silent]\n|switch|p1a: Brute Bonnet|Brute Bonnet|62\/100\n|-activate|p1a: Brute Bonnet|ability: Protosynthesis\n|-start|p1a: Brute Bonnet|protosynthesisatk\n|move|p2a: Manaphy|Take Heart|p2a: Manaphy\n|-boost|p2a: Manaphy|spa|1\n|-boost|p2a: Manaphy|spd|1\n|\n|-weather|SunnyDay|[upkeep]\n|-heal|p2a: Manaphy|100\/100|[from] item: Leftovers\n|upkeep\n|turn|27\n|inactive|origano123 has 20 seconds left this turn.\n|inactive|origano123 has 15 seconds left.\n|inactive|origano123 has 10 seconds left.\n|inactive|origano123 has 5 seconds left.\n|\n|t:|1700933754\n|move|p2a: Manaphy|Scald|p1a: Brute Bonnet\n|-resisted|p1a: Brute Bonnet\n|-damage|p1a: Brute Bonnet|52\/100\n|-status|p1a: Brute Bonnet|brn\n|move|p1a: Brute Bonnet|Spore|p2a: Manaphy\n|-status|p2a: Manaphy|slp|[from] move: Spore\n|\n|-weather|SunnyDay|[upkeep]\n|-damage|p1a: Brute Bonnet|46\/100 brn|[from] brn\n|upkeep\n|turn|28\n|inactive|origano123 has 15 seconds left this turn.\n|inactive|Savouras has 150 seconds left.\n|inactive|origano123 has 10 seconds left.\n|inactive|origano123 has 5 seconds left.\n|\n|t:|1700933771\n|cant|p2a: Manaphy|slp\n|move|p1a: Brute Bonnet|Bullet Seed|p2a: Manaphy\n|-supereffective|p2a: Manaphy\n|-damage|p2a: Manaphy|85\/100 slp\n|-supereffective|p2a: Manaphy\n|-damage|p2a: Manaphy|68\/100 slp\n|-supereffective|p2a: Manaphy\n|-damage|p2a: Manaphy|54\/100 slp\n|-supereffective|p2a: Manaphy\n|-damage|p2a: Manaphy|37\/100 slp\n|-supereffective|p2a: Manaphy\n|-damage|p2a: Manaphy|23\/100 slp\n|-hitcount|p2a: Manaphy|5\n|\n|-weather|SunnyDay|[upkeep]\n|-heal|p2a: Manaphy|30\/100 slp|[from] item: Leftovers\n|-damage|p1a: Brute Bonnet|40\/100 brn|[from] brn\n|upkeep\n|turn|29\n|inactive|origano123 has 15 seconds left this turn.\n|\n|t:|1700933773\n|-curestatus|p2a: Manaphy|slp|[msg]\n|move|p2a: Manaphy|Acid Armor|p2a: Manaphy\n|-boost|p2a: Manaphy|def|2\n|move|p1a: Brute Bonnet|Bullet Seed|p2a: Manaphy\n|-supereffective|p2a: Manaphy\n|-damage|p2a: Manaphy|22\/100\n|-supereffective|p2a: Manaphy\n|-damage|p2a: Manaphy|15\/100\n|-supereffective|p2a: Manaphy\n|-damage|p2a: Manaphy|8\/100\n|-supereffective|p2a: Manaphy\n|-crit|p2a: Manaphy\n|-damage|p2a: Manaphy|0 fnt\n|faint|p2a: Manaphy\n|-hitcount|p2: Manaphy|4\n|\n|-weather|none\n|-end|p1a: Brute Bonnet|Protosynthesis\n|-damage|p1a: Brute Bonnet|34\/100 brn|[from] brn\n|upkeep\n|inactive|origano123 has 20 seconds left this turn.\n|\n|t:|1700933776\n|switch|p2a: Ogerpon|Ogerpon-Cornerstone, F|100\/100\n|turn|30\n|inactive|origano123 has 30 seconds left this turn.\n|inactive|origano123 has 20 seconds left.\n|inactive|Savouras has 150 seconds left.\n|inactive|Savouras has 120 seconds left.\n|inactive|Savouras has 90 seconds left.\n|\n|t:|1700933874\n|-terastallize|p2a: Ogerpon|Rock\n|detailschange|p2a: Ogerpon|Ogerpon-Cornerstone-Tera, F, tera:Rock\n|-ability|p2a: Ogerpon|Embody Aspect (Cornerstone)|boost\n|-boost|p2a: Ogerpon|def|1\n|move|p2a: Ogerpon|Ivy Cudgel|p1a: Brute Bonnet|[anim] Ivy Cudgel Rock\n|-damage|p1a: Brute Bonnet|0 fnt\n|faint|p1a: Brute Bonnet\n|-end|p1a: Brute Bonnet|Protosynthesis|[silent]\n|\n|upkeep\n|inactive|origano123 has 25 seconds left this turn.\n|inactive|Savouras has 60 seconds left.\n|inactive|Savouras has 30 seconds left.\n|\n|t:|1700933938\n|switch|p1a: Great Tusk|Great Tusk|60\/100\n|turn|31\n|\n|t:|1700933941\n|move|p2a: Ogerpon|Power Whip|p1a: Great Tusk\n|-supereffective|p1a: Great Tusk\n|-damage|p1a: Great Tusk|0 fnt\n|faint|p1a: Great Tusk\n|-end|p1a: Great Tusk|Protosynthesis|[silent]\n|\n|upkeep\n|\n|t:|1700933944\n|switch|p1a: Walking Wake|Walking Wake|69\/100\n|turn|32\n|\n|t:|1700933948\n|move|p2a: Ogerpon|Ivy Cudgel|p1a: Walking Wake|[anim] Ivy Cudgel Rock\n|-damage|p1a: Walking Wake|0 fnt\n|faint|p1a: Walking Wake\n|-end|p1a: Walking Wake|Protosynthesis|[silent]\n|\n|upkeep\n|\n|t:|1700933950\n|switch|p1a: Cinderace|Cinderace, F, tera:Fire|53\/100\n|turn|33\n|\n|t:|1700933952\n|move|p1a: Cinderace|High Jump Kick|p2a: Ogerpon\n|-supereffective|p2a: Ogerpon\n|-damage|p2a: Ogerpon|27\/100\n|move|p2a: Ogerpon|Ivy Cudgel|p1a: Cinderace|[anim] Ivy Cudgel Rock\n|-supereffective|p1a: Cinderace\n|-damage|p1a: Cinderace|0 fnt\n|faint|p1a: Cinderace\n|\n|upkeep\n|\n|t:|1700933954\n|switch|p1a: Hatterene|Hatterene, F|55\/100\n|turn|34\n|c|\u2606origano123|kiss my ass\n|c|\u2606Savouras|gg loudass\n|\n|t:|1700933961\n|move|p2a: Ogerpon|Ivy Cudgel|p1a: Hatterene|[anim] Ivy Cudgel Rock\n|-damage|p1a: Hatterene|0 fnt\n|faint|p1a: Hatterene\n|\n|win|origano123\n|c|\u2606Savouras|yelling for no reason before even seeing the wincon\n|c|\u2606origano123|nice choke\n|c|\u2606Savouras|stupid\n|c|\u2606origano123|should have u turned with cinde btw\n|c|\u2606origano123|you thought 3 minutes\n|player|p1|Savouras|#scl3machines2\n|c|\u2606Savouras|its not uturn smartass\n|c|\u2606origano123|then build a better team\n|c|\u2606origano123|also tusk won too\n|c|\u2606Savouras|yeah\n|c|\u2606origano123|cock emoji\n|c|\u2606Savouras|ill take your advice next time\n|c|\u2606Savouras|when i build\n|player|p1|\n|player|p2|origano123|rollerskaterf\n","uploadtime":1700933962,"views":23,"p1id":"savouras","p2id":"origano123","formatid":"gen9ou","rating":0,"private":0,"password":""}