{"id":"smogtours-gen9ou-729959","p1":"AKALLIOU","p2":"shraider&arty","format":"[Gen 9] OU","log":"|inactive|Battle timer is ON: inactive players will automatically lose when time's up.\n|t:|1699729740\n|gametype|singles\n|player|p1|AKALLIOU|kimonogirl-gen2|\n|player|p2|shraider&arty|170|\n|teamsize|p1|6\n|teamsize|p2|6\n|gen|9\n|tier|[Gen 9] OU\n|rule|Sleep Clause Mod: Limit one foe put to sleep\n|rule|Species Clause: Limit one of each Pok\u00e9mon\n|rule|OHKO Clause: OHKO moves are banned\n|rule|Evasion Items Clause: Evasion items are banned\n|rule|Evasion Moves Clause: Evasion moves are banned\n|rule|Endless Battle Clause: Forcing endless battles is banned\n|rule|HP Percentage Mod: HP is shown in percentages\n|clearpoke\n|poke|p1|Gliscor, M|\n|poke|p1|Slowking-Galar, M|\n|poke|p1|Kingambit, M|\n|poke|p1|Amoonguss, M|\n|poke|p1|Ting-Lu|\n|poke|p1|Dragapult, M|\n|poke|p2|Ursaluna, F|\n|poke|p2|Enamorus, F|\n|poke|p2|Ceruledge, F|\n|poke|p2|Maushold|\n|poke|p2|Walking Wake|\n|poke|p2|Dragonite, F|\n|teampreview\n|c|\u2606AKALLIOU|hf\n|c|\u2606shraider&arty|hf\n|inactive|AKALLIOU has 270 seconds left.\n|inactive|shraider&arty has 270 seconds left.\n|inactive|AKALLIOU has 240 seconds left.\n|inactive|shraider&arty has 240 seconds left.\n|inactive|AKALLIOU has 210 seconds left.\n|\n|t:|1699729850\n|start\n|switch|p1a: Dragapult|Dragapult, M|100\/100\n|switch|p2a: Dragonite|Dragonite, F|100\/100\n|turn|1\n|inactive|shraider&arty has 270 seconds left.\n|\n|t:|1699729881\n|switch|p2a: Enamorus|Enamorus, F|100\/100\n|move|p1a: Dragapult|U-turn|p2a: Enamorus\n|-resisted|p2a: Enamorus\n|-damage|p2a: Enamorus|94\/100\n|inactive|AKALLIOU has 240 seconds left.\n|inactive|AKALLIOU has 210 seconds left.\n|\n|t:|1699729928\n|switch|p1a: Amoonguss|Amoonguss, M|100\/100|[from] U-turn\n|\n|upkeep\n|turn|2\n|inactive|AKALLIOU has 210 seconds left.\n|inactive|shraider&arty has 270 seconds left.\n|inactive|shraider&arty has 240 seconds left.\n|\n|t:|1699730000\n|move|p2a: Enamorus|Mystical Fire|p1a: Amoonguss\n|-supereffective|p1a: Amoonguss\n|-damage|p1a: Amoonguss|53\/100\n|-unboost|p1a: Amoonguss|spa|1\n|move|p1a: Amoonguss|Spore|p2a: Enamorus\n|-status|p2a: Enamorus|slp|[from] move: Spore\n|\n|upkeep\n|turn|3\n|inactive|AKALLIOU has 210 seconds left.\n|inactive|shraider&arty has 210 seconds left.\n|inactive|AKALLIOU has 180 seconds left.\n|inactive|shraider&arty has 180 seconds left.\n|\n|t:|1699730063\n|switch|p2a: Walking Wake|Walking Wake|100\/100\n|-enditem|p2a: Walking Wake|Booster Energy\n|-activate|p2a: Walking Wake|ability: Protosynthesis|[fromitem]\n|-start|p2a: Walking Wake|protosynthesisspa\n|switch|p1a: Ting-Lu|Ting-Lu|100\/100\n|-ability|p1a: Ting-Lu|Vessel of Ruin\n|\n|upkeep\n|turn|4\n|inactive|AKALLIOU has 150 seconds left.\n|\n|t:|1699730092\n|switch|p1a: Slowking|Slowking-Galar, M|100\/100\n|move|p2a: Walking Wake|Surf|p1a: Slowking\n|-damage|p1a: Slowking|65\/100\n|\n|upkeep\n|turn|5\n|inactive|AKALLIOU has 150 seconds left.\n|inactive|shraider&arty has 150 seconds left.\n|inactive|AKALLIOU has 120 seconds left.\n|inactive|shraider&arty has 120 seconds left.\n|inactive|AKALLIOU has 90 seconds left.\n|\n|t:|1699730180\n|move|p2a: Walking Wake|Surf|p1a: Slowking\n|-damage|p1a: Slowking|26\/100\n|move|p1a: Slowking|Sludge Bomb|p2a: Walking Wake\n|-damage|p2a: Walking Wake|63\/100\n|\n|upkeep\n|turn|6\n|inactive|AKALLIOU has 90 seconds left.\n|\n|t:|1699730194\n|move|p2a: Walking Wake|Dragon Pulse|p1a: Slowking\n|-damage|p1a: Slowking|0 fnt\n|faint|p1a: Slowking\n|\n|upkeep\n|\n|t:|1699730203\n|switch|p1a: Dragapult|Dragapult, M|100\/100\n|turn|7\n|inactive|AKALLIOU has 90 seconds left.\n|inactive|shraider&arty has 90 seconds left.\n|inactive|AKALLIOU has 60 seconds left.\n|\n|t:|1699730250\n|-end|p2a: Walking Wake|Protosynthesis|[silent]\n|switch|p2a: Enamorus|Enamorus, F|94\/100 slp\n|move|p1a: Dragapult|Draco Meteor|p2a: Enamorus\n|-immune|p2a: Enamorus\n|\n|upkeep\n|turn|8\n|inactive|AKALLIOU has 60 seconds left.\n|inactive|shraider&arty has 60 seconds left.\n|\n|t:|1699730278\n|switch|p2a: Ceruledge|Ceruledge, F|100\/100\n|move|p1a: Dragapult|U-turn|p2a: Ceruledge\n|-resisted|p2a: Ceruledge\n|-damage|p2a: Ceruledge|95\/100\n|-ability|p2a: Ceruledge|Weak Armor|boost\n|-unboost|p2a: Ceruledge|def|1\n|-boost|p2a: Ceruledge|spe|2\n|\n|t:|1699730293\n|switch|p1a: Ting-Lu|Ting-Lu|100\/100|[from] U-turn\n|-ability|p1a: Ting-Lu|Vessel of Ruin\n|\n|upkeep\n|turn|9\n|\n|t:|1699730306\n|switch|p2a: Ursaluna|Ursaluna, F|100\/100\n|move|p1a: Ting-Lu|Earthquake|p2a: Ursaluna\n|-damage|p2a: Ursaluna|68\/100\n|\n|-status|p2a: Ursaluna|brn|[from] item: Flame Orb\n|upkeep\n|turn|10\n|\n|t:|1699730320\n|move|p2a: Ursaluna|Facade|p1a: Ting-Lu\n|-damage|p1a: Ting-Lu|35\/100\n|move|p1a: Ting-Lu|Stealth Rock|p2a: Ursaluna\n|-sidestart|p2: shraider&arty|move: Stealth Rock\n|\n|-heal|p1a: Ting-Lu|41\/100|[from] item: Leftovers\n|-damage|p2a: Ursaluna|62\/100 brn|[from] brn\n|upkeep\n|turn|11\n|\n|t:|1699730336\n|switch|p1a: Gliscor|Gliscor, M|100\/100\n|move|p2a: Ursaluna|Facade|p1a: Gliscor\n|-damage|p1a: Gliscor|11\/100\n|\n|-damage|p2a: Ursaluna|56\/100 brn|[from] brn\n|-status|p1a: Gliscor|tox|[from] item: Toxic Orb\n|upkeep\n|turn|12\n|inactive|AKALLIOU has 30 seconds left.\n|inactive|shraider&arty has 60 seconds left.\n|\n|t:|1699730367\n|move|p1a: Gliscor|Protect|p1a: Gliscor\n|-singleturn|p1a: Gliscor|Protect\n|move|p2a: Ursaluna|Facade|p1a: Gliscor\n|-activate|p1a: Gliscor|move: Protect\n|\n|-heal|p1a: Gliscor|23\/100 tox|[from] ability: Poison Heal\n|-damage|p2a: Ursaluna|50\/100 brn|[from] brn\n|upkeep\n|turn|13\n|inactive|AKALLIOU has 30 seconds left.\n|inactive|AKALLIOU has 20 seconds left.\n|\n|t:|1699730390\n|move|p1a: Gliscor|Earthquake|p2a: Ursaluna\n|-damage|p2a: Ursaluna|25\/100 brn\n|move|p2a: Ursaluna|Facade|p1a: Gliscor\n|-damage|p1a: Gliscor|0 fnt\n|faint|p1a: Gliscor\n|\n|-damage|p2a: Ursaluna|19\/100 brn|[from] brn\n|upkeep\n|inactive|AKALLIOU has 25 seconds left this turn.\n|inactive|AKALLIOU has 20 seconds left.\n|inactive|AKALLIOU has 15 seconds left.\n|\n|t:|1699730401\n|switch|p1a: Dragapult|Dragapult, M|100\/100\n|turn|14\n|inactive|AKALLIOU has 25 seconds left this turn.\n|\n|t:|1699730406\n|move|p1a: Dragapult|Draco Meteor|p2a: Ursaluna\n|-damage|p2a: Ursaluna|0 fnt\n|-unboost|p1a: Dragapult|spa|2\n|faint|p2a: Ursaluna\n|\n|upkeep\n|inactive|AKALLIOU has 30 seconds left this turn.\n|inactive|shraider&arty has 60 seconds left.\n|\n|t:|1699730431\n|switch|p2a: Maushold|Maushold|100\/100\n|-damage|p2a: Maushold|88\/100|[from] Stealth Rock\n|turn|15\n|\n|t:|1699730440\n|move|p1a: Dragapult|Will-O-Wisp|p2a: Maushold|[miss]\n|-miss|p1a: Dragapult|p2a: Maushold\n|move|p2a: Maushold|Tidy Up|p2a: Maushold\n|-sideend|p2: shraider&arty|Stealth Rock\n|-activate|p2a: Maushold|move: Tidy Up\n|-boost|p2a: Maushold|atk|1\n|-boost|p2a: Maushold|spe|1\n|\n|upkeep\n|turn|16\n|inactive|shraider&arty has 60 seconds left.\n|\n|t:|1699730450\n|switch|p1a: Kingambit|Kingambit, M|100\/100\n|-activate|p1a: Kingambit|ability: Supreme Overlord\n|-start|p1a: Kingambit|fallen2|[silent]\n|move|p2a: Maushold|Bite|p1a: Kingambit\n|-resisted|p1a: Kingambit\n|-damage|p1a: Kingambit|86\/100\n|\n|upkeep\n|turn|17\n|inactive|shraider&arty has 60 seconds left.\n|inactive|AKALLIOU has 30 seconds left.\n|\n|t:|1699730482\n|move|p2a: Maushold|Population Bomb|p1a: Kingambit\n|-resisted|p1a: Kingambit\n|-damage|p1a: Kingambit|79\/100\n|-resisted|p1a: Kingambit\n|-damage|p1a: Kingambit|71\/100\n|-resisted|p1a: Kingambit\n|-damage|p1a: Kingambit|64\/100\n|-resisted|p1a: Kingambit\n|-damage|p1a: Kingambit|57\/100\n|-resisted|p1a: Kingambit\n|-damage|p1a: Kingambit|50\/100\n|-resisted|p1a: Kingambit\n|-damage|p1a: Kingambit|43\/100\n|-resisted|p1a: Kingambit\n|-damage|p1a: Kingambit|35\/100\n|-resisted|p1a: Kingambit\n|-damage|p1a: Kingambit|28\/100\n|-resisted|p1a: Kingambit\n|-damage|p1a: Kingambit|21\/100\n|-resisted|p1a: Kingambit\n|-damage|p1a: Kingambit|13\/100\n|-hitcount|p1a: Kingambit|10\n|move|p1a: Kingambit|Kowtow Cleave|p2a: Maushold\n|-damage|p2a: Maushold|0 fnt\n|faint|p2a: Maushold\n|\n|upkeep\n|inactive|AKALLIOU has 30 seconds left this turn.\n|inactive|shraider&arty has 30 seconds left.\n|inactive|shraider&arty has 20 seconds left.\n|inactive|shraider&arty has 15 seconds left.\n|inactive|shraider&arty has 10 seconds left.\n|\n|t:|1699730516\n|switch|p2a: Dragonite|Dragonite, F|100\/100\n|turn|18\n|inactive|shraider&arty has 20 seconds left this turn.\n|inactive|shraider&arty has 15 seconds left.\n|\n|t:|1699730524\n|-end|p1a: Kingambit|fallen2|[silent]\n|switch|p1a: Dragapult|Dragapult, M|100\/100\n|move|p2a: Dragonite|Ice Spinner|p1a: Dragapult\n|-supereffective|p1a: Dragapult\n|-damage|p1a: Dragapult|0 fnt\n|faint|p1a: Dragapult\n|\n|upkeep\n|inactive|shraider&arty has 20 seconds left this turn.\n|inactive|AKALLIOU has 30 seconds left.\n|-message|AKALLIOU forfeited.\n|\n|win|shraider&arty\n|inactive|shraider&arty has 25 seconds left this turn.\n|c|\u2606AKALLIOU|gg\n|c|\u2606shraider&arty|gg\n","uploadtime":1699730539,"views":123,"p1id":"akalliou","p2id":"shraiderarty","formatid":"gen9ou","rating":0,"private":0,"password":""}