{"id":"smogtours-gen9ou-730743","p1":"Punny \u273d","p2":"Bbeeaa","format":"[Gen 9] OU","log":"|inactive|Battle timer is ON: inactive players will automatically lose when time's up.\n|t:|1700085092\n|gametype|singles\n|player|p1|Punny \u273d|irida|\n|player|p2|Bbeeaa|101|\n|teamsize|p1|6\n|teamsize|p2|6\n|gen|9\n|tier|[Gen 9] OU\n|rule|Sleep Clause Mod: Limit one foe put to sleep\n|rule|Species Clause: Limit one of each Pok\u00e9mon\n|rule|OHKO Clause: OHKO moves are banned\n|rule|Evasion Items Clause: Evasion items are banned\n|rule|Evasion Moves Clause: Evasion moves are banned\n|rule|Endless Battle Clause: Forcing endless battles is banned\n|rule|HP Percentage Mod: HP is shown in percentages\n|clearpoke\n|poke|p1|Enamorus, F|\n|poke|p1|Ribombee, M|\n|poke|p1|Gholdengo|\n|poke|p1|Dragonite, M|\n|poke|p1|Manaphy|\n|poke|p1|Sneasler, F|\n|poke|p2|Walking Wake|\n|poke|p2|Heatran, M|\n|poke|p2|Kingambit, M|\n|poke|p2|Rillaboom, M|\n|poke|p2|Enamorus, F|\n|poke|p2|Great Tusk|\n|teampreview\n|\n|t:|1700085119\n|start\n|switch|p1a: Ribombee|Ribombee, M|100\/100\n|switch|p2a: Great Tusk|Great Tusk, shiny|100\/100\n|turn|1\n|\n|t:|1700085127\n|-terastallize|p2a: Great Tusk|Ice\n|move|p1a: Ribombee|Moonblast|p2a: Great Tusk\n|-damage|p2a: Great Tusk|48\/100\n|-unboost|p2a: Great Tusk|spa|1\n|move|p2a: Great Tusk|Rapid Spin|p1a: Ribombee\n|-damage|p1a: Ribombee|71\/100\n|-boost|p2a: Great Tusk|spe|1\n|\n|-heal|p2a: Great Tusk|55\/100|[from] item: Leftovers\n|upkeep\n|turn|2\n|inactive|Punny \u273d has 270 seconds left.\n|\n|t:|1700085161\n|switch|p1a: Manaphy|Manaphy|100\/100\n|move|p2a: Great Tusk|Rapid Spin|p1a: Manaphy\n|-damage|p1a: Manaphy|89\/100\n|-boost|p2a: Great Tusk|spe|1\n|\n|-heal|p2a: Great Tusk|61\/100|[from] item: Leftovers\n|-heal|p1a: Manaphy|95\/100|[from] item: Leftovers\n|upkeep\n|turn|3\n|\n|t:|1700085167\n|move|p2a: Great Tusk|Stealth Rock|p1a: Manaphy\n|-sidestart|p1: Punny \u273d|move: Stealth Rock\n|move|p1a: Manaphy|Scald|p2a: Great Tusk\n|-damage|p2a: Great Tusk|26\/100\n|\n|-heal|p2a: Great Tusk|32\/100|[from] item: Leftovers\n|-heal|p1a: Manaphy|100\/100|[from] item: Leftovers\n|upkeep\n|turn|4\n|\n|t:|1700085173\n|-end|p2a: Great Tusk|Protosynthesis|[silent]\n|switch|p2a: Rillaboom|Rillaboom, M|100\/100\n|-fieldstart|move: Grassy Terrain|[from] ability: Grassy Surge|[of] p2a: Rillaboom\n|move|p1a: Manaphy|Scald|p2a: Rillaboom\n|-resisted|p2a: Rillaboom\n|-damage|p2a: Rillaboom|87\/100\n|\n|-heal|p2a: Rillaboom|93\/100|[from] Grassy Terrain\n|upkeep\n|turn|5\n|\n|t:|1700085189\n|move|p1a: Manaphy|Scald|p2a: Rillaboom\n|-resisted|p2a: Rillaboom\n|-damage|p2a: Rillaboom|78\/100\n|move|p2a: Rillaboom|U-turn|p1a: Manaphy\n|-damage|p1a: Manaphy|76\/100\n|\n|t:|1700085195\n|switch|p2a: Great Tusk|Great Tusk, shiny, tera:Ice|32\/100|[from] U-turn\n|\n|-heal|p1a: Manaphy|82\/100|[from] Grassy Terrain\n|-heal|p1a: Manaphy|89\/100|[from] item: Leftovers\n|-heal|p2a: Great Tusk|39\/100|[from] Grassy Terrain\n|-heal|p2a: Great Tusk|45\/100|[from] item: Leftovers\n|upkeep\n|turn|6\n|\n|t:|1700085200\n|-end|p2a: Great Tusk|Protosynthesis|[silent]\n|switch|p2a: Rillaboom|Rillaboom, M|78\/100\n|move|p1a: Manaphy|Scald|p2a: Rillaboom\n|-resisted|p2a: Rillaboom\n|-damage|p2a: Rillaboom|65\/100\n|\n|-heal|p1a: Manaphy|95\/100|[from] Grassy Terrain\n|-heal|p1a: Manaphy|100\/100|[from] item: Leftovers\n|-heal|p2a: Rillaboom|71\/100|[from] Grassy Terrain\n|upkeep\n|turn|7\n|inactive|Punny \u273d has 270 seconds left.\n|inactive|Punny \u273d has 240 seconds left.\n|\n|t:|1700085283\n|move|p1a: Manaphy|Scald|p2a: Rillaboom\n|-resisted|p2a: Rillaboom\n|-damage|p2a: Rillaboom|57\/100\n|-status|p2a: Rillaboom|brn\n|move|p2a: Rillaboom|U-turn|p1a: Manaphy\n|-damage|p1a: Manaphy|88\/100\n|\n|t:|1700085286\n|switch|p2a: Walking Wake|Walking Wake|100\/100|[from] U-turn\n|\n|-heal|p1a: Manaphy|94\/100|[from] Grassy Terrain\n|-heal|p1a: Manaphy|100\/100|[from] item: Leftovers\n|upkeep\n|turn|8\n|\n|t:|1700085299\n|move|p1a: Manaphy|Tail Glow|p1a: Manaphy\n|-boost|p1a: Manaphy|spa|3\n|move|p2a: Walking Wake|Substitute|p2a: Walking Wake\n|-start|p2a: Walking Wake|Substitute\n|-damage|p2a: Walking Wake|76\/100\n|\n|-heal|p2a: Walking Wake|82\/100|[from] Grassy Terrain\n|-fieldend|move: Grassy Terrain\n|upkeep\n|turn|9\n|\n|t:|1700085306\n|move|p1a: Manaphy|Stored Power|p2a: Walking Wake\n|-end|p2a: Walking Wake|Substitute\n|move|p2a: Walking Wake|Dragon Pulse|p1a: Manaphy\n|-damage|p1a: Manaphy|58\/100\n|\n|-heal|p1a: Manaphy|64\/100|[from] item: Leftovers\n|upkeep\n|turn|10\n|\n|t:|1700085312\n|move|p1a: Manaphy|Stored Power|p2a: Walking Wake\n|-damage|p2a: Walking Wake|32\/100\n|move|p2a: Walking Wake|Dragon Pulse|p1a: Manaphy\n|-damage|p1a: Manaphy|15\/100\n|\n|-heal|p1a: Manaphy|22\/100|[from] item: Leftovers\n|upkeep\n|turn|11\n|inactive|Punny \u273d has 240 seconds left.\n|\n|t:|1700085319\n|move|p1a: Manaphy|Stored Power|p2a: Walking Wake\n|-damage|p2a: Walking Wake|0 fnt\n|faint|p2a: Walking Wake\n|-end|p2a: Walking Wake|Protosynthesis|[silent]\n|\n|-heal|p1a: Manaphy|28\/100|[from] item: Leftovers\n|upkeep\n|\n|t:|1700085321\n|switch|p2a: Enamorus|Enamorus, F|100\/100\n|turn|12\n|inactive|Punny \u273d has 240 seconds left.\n|inactive|Punny \u273d has 210 seconds left.\n|\n|t:|1700085388\n|move|p2a: Enamorus|Moonblast|p1a: Manaphy\n|-damage|p1a: Manaphy|0 fnt\n|faint|p1a: Manaphy\n|\n|upkeep\n|inactive|Punny \u273d has 180 seconds left.\n|\n|t:|1700085404\n|switch|p1a: Gholdengo|Gholdengo|100\/100\n|-damage|p1a: Gholdengo|94\/100|[from] Stealth Rock\n|-item|p1a: Gholdengo|Air Balloon\n|turn|13\n|inactive|Punny \u273d has 180 seconds left.\n|\n|t:|1700085430\n|switch|p2a: Heatran|Heatran, M|100\/100\n|move|p1a: Gholdengo|Shadow Ball|p2a: Heatran\n|-damage|p2a: Heatran|76\/100\n|\n|-heal|p2a: Heatran|82\/100|[from] item: Leftovers\n|upkeep\n|turn|14\n|\n|t:|1700085438\n|switch|p1a: Ribombee|Ribombee, M|71\/100\n|-damage|p1a: Ribombee|46\/100|[from] Stealth Rock\n|move|p2a: Heatran|Magma Storm|p1a: Ribombee\n|-supereffective|p1a: Ribombee\n|-damage|p1a: Ribombee|0 fnt\n|faint|p1a: Ribombee\n|\n|-heal|p2a: Heatran|88\/100|[from] item: Leftovers\n|upkeep\n|\n|t:|1700085443\n|switch|p1a: Enamorus|Enamorus, F|100\/100\n|-damage|p1a: Enamorus|76\/100|[from] Stealth Rock\n|turn|15\n|\n|t:|1700085448\n|move|p1a: Enamorus|Substitute|p1a: Enamorus\n|-start|p1a: Enamorus|Substitute\n|-damage|p1a: Enamorus|51\/100\n|move|p2a: Heatran|Magma Storm|p1a: Enamorus\n|-end|p1a: Enamorus|Substitute\n|\n|-heal|p2a: Heatran|94\/100|[from] item: Leftovers\n|upkeep\n|turn|16\n|\n|t:|1700085454\n|switch|p2a: Enamorus|Enamorus, F|100\/100\n|move|p1a: Enamorus|Earth Power|p2a: Enamorus\n|-immune|p2a: Enamorus\n|\n|upkeep\n|turn|17\n|\n|t:|1700085457\n|switch|p1a: Gholdengo|Gholdengo|94\/100\n|-damage|p1a: Gholdengo|88\/100|[from] Stealth Rock\n|-item|p1a: Gholdengo|Air Balloon\n|move|p2a: Enamorus|Moonblast|p1a: Gholdengo\n|-resisted|p1a: Gholdengo\n|-damage|p1a: Gholdengo|57\/100\n|-enditem|p1a: Gholdengo|Air Balloon\n|\n|upkeep\n|turn|18\n|\n|t:|1700085465\n|switch|p2a: Heatran|Heatran, M|94\/100\n|switch|p1a: Enamorus|Enamorus, F|51\/100\n|-damage|p1a: Enamorus|26\/100|[from] Stealth Rock\n|\n|-heal|p2a: Heatran|100\/100|[from] item: Leftovers\n|upkeep\n|turn|19\n|\n|t:|1700085475\n|switch|p2a: Enamorus|Enamorus, F|100\/100\n|move|p1a: Enamorus|Substitute|p1a: Enamorus\n|-start|p1a: Enamorus|Substitute\n|-damage|p1a: Enamorus|1\/100\n|\n|upkeep\n|turn|20\n|inactive|Punny \u273d has 210 seconds left.\n|\n|t:|1700085506\n|-terastallize|p1a: Enamorus|Fairy\n|move|p2a: Enamorus|Moonblast|p1a: Enamorus\n|-end|p1a: Enamorus|Substitute\n|move|p1a: Enamorus|Draining Kiss|p2a: Enamorus\n|-damage|p2a: Enamorus|20\/100\n|-heal|p1a: Enamorus|62\/100|[from] drain|[of] p2a: Enamorus\n|-damage|p1a: Enamorus|52\/100|[from] item: Life Orb\n|\n|upkeep\n|turn|21\n|\n|t:|1700085524\n|switch|p1a: Gholdengo|Gholdengo|57\/100\n|-damage|p1a: Gholdengo|51\/100|[from] Stealth Rock\n|move|p2a: Enamorus|Moonblast|p1a: Gholdengo\n|-resisted|p1a: Gholdengo\n|-damage|p1a: Gholdengo|18\/100\n|-unboost|p1a: Gholdengo|spa|1\n|\n|upkeep\n|turn|22\n|\n|t:|1700085530\n|move|p2a: Enamorus|Moonblast|p1a: Gholdengo\n|-resisted|p1a: Gholdengo\n|-damage|p1a: Gholdengo|0 fnt\n|faint|p1a: Gholdengo\n|\n|upkeep\n|\n|t:|1700085536\n|switch|p1a: Dragonite|Dragonite, M|100\/100\n|-damage|p1a: Dragonite|76\/100|[from] Stealth Rock\n|turn|23\n|inactive|Punny \u273d has 180 seconds left.\n|inactive|Bbeeaa has 270 seconds left.\n|inactive|Punny \u273d has 150 seconds left.\n|\n|t:|1700085621\n|switch|p2a: Kingambit|Kingambit, M|100\/100\n|move|p1a: Dragonite|Dragon Dance|p1a: Dragonite\n|-boost|p1a: Dragonite|atk|1\n|-boost|p1a: Dragonite|spe|1\n|\n|upkeep\n|turn|24\n|\n|t:|1700085633\n|switch|p2a: Rillaboom|Rillaboom, M|57\/100 brn\n|-fieldstart|move: Grassy Terrain|[from] ability: Grassy Surge|[of] p2a: Rillaboom\n|move|p1a: Dragonite|Fire Punch|p2a: Rillaboom\n|-supereffective|p2a: Rillaboom\n|-damage|p2a: Rillaboom|0 fnt\n|faint|p2a: Rillaboom\n|-damage|p1a: Dragonite|66\/100|[from] item: Life Orb\n|\n|upkeep\n|inactive|Bbeeaa has 270 seconds left.\n|\n|t:|1700085653\n|switch|p2a: Kingambit|Kingambit, M|100\/100\n|turn|25\n|inactive|Punny \u273d has 120 seconds left.\n|inactive|Punny \u273d has 90 seconds left.\n|\n|t:|1700085706\n|move|p1a: Dragonite|Fire Punch|p2a: Kingambit\n|-supereffective|p2a: Kingambit\n|-damage|p2a: Kingambit|19\/100\n|-damage|p1a: Dragonite|56\/100|[from] item: Life Orb\n|move|p2a: Kingambit|Iron Head|p1a: Dragonite\n|-damage|p1a: Dragonite|4\/100\n|\n|-heal|p2a: Kingambit|25\/100|[from] Grassy Terrain\n|-heal|p2a: Kingambit|31\/100|[from] item: Leftovers\n|upkeep\n|turn|26\n|inactive|Punny \u273d has 90 seconds left.\n|\n|t:|1700085724\n|switch|p2a: Heatran|Heatran, M|100\/100\n|move|p1a: Dragonite|Dragon Dance|p1a: Dragonite\n|-boost|p1a: Dragonite|atk|1\n|-boost|p1a: Dragonite|spe|1\n|\n|upkeep\n|turn|27\n|inactive|Punny \u273d has 90 seconds left.\n|inactive|Bbeeaa has 240 seconds left.\n|inactive|Punny \u273d has 60 seconds left.\n|inactive|Bbeeaa has 210 seconds left.\n|inactive|Punny \u273d has 30 seconds left.\n|inactive|Punny \u273d has 20 seconds left.\n|\n|t:|1700085810\n|switch|p2a: Great Tusk|Great Tusk, shiny, tera:Ice|45\/100\n|move|p1a: Dragonite|Outrage|p2a: Great Tusk\n|-damage|p2a: Great Tusk|0 fnt\n|faint|p2a: Great Tusk\n|-end|p2a: Great Tusk|Protosynthesis|[silent]\n|-damage|p1a: Dragonite|0 fnt|[from] item: Life Orb\n|faint|p1a: Dragonite\n|\n|upkeep\n|inactive|Punny \u273d has 30 seconds left this turn.\n|\n|t:|1700085822\n|switch|p1a: Sneasler|Sneasler, F|100\/100\n|switch|p2a: Enamorus|Enamorus, F|20\/100\n|-damage|p1a: Sneasler|95\/100|[from] Stealth Rock\n|turn|28\n|inactive|Punny \u273d has 30 seconds left.\n|\n|t:|1700085831\n|move|p2a: Enamorus|Earth Power|p1a: Sneasler\n|-supereffective|p1a: Sneasler\n|-damage|p1a: Sneasler|0 fnt\n|faint|p1a: Sneasler\n|\n|-fieldend|move: Grassy Terrain\n|upkeep\n|\n|t:|1700085833\n|switch|p1a: Enamorus|Enamorus, F, tera:Fairy|52\/100\n|-damage|p1a: Enamorus|40\/100|[from] Stealth Rock\n|turn|29\n|inactive|Punny \u273d has 30 seconds left.\n|\n|t:|1700085849\n|move|p2a: Enamorus|Earth Power|p1a: Enamorus\n|-damage|p1a: Enamorus|0 fnt\n|faint|p1a: Enamorus\n|\n|win|Bbeeaa\n","uploadtime":1700085850,"views":88,"p1id":"punny","p2id":"bbeeaa","formatid":"gen9ou","rating":0,"private":0,"password":""}