{"id":"smogtours-gen9ou-729949","p1":"Coach Jones 6fifth","p2":"Nowelle","format":"[Gen 9] OU","log":"|inactive|Battle timer is ON: inactive players will automatically lose when time's up.\n|t:|1699728835\n|gametype|singles\n|player|p1|Coach Jones 6fifth|lusamine-nihilego|\n|player|p2|Nowelle|iris|\n|teamsize|p1|6\n|teamsize|p2|6\n|gen|9\n|tier|[Gen 9] OU\n|rule|Sleep Clause Mod: Limit one foe put to sleep\n|rule|Species Clause: Limit one of each Pok\u00e9mon\n|rule|OHKO Clause: OHKO moves are banned\n|rule|Evasion Items Clause: Evasion items are banned\n|rule|Evasion Moves Clause: Evasion moves are banned\n|rule|Endless Battle Clause: Forcing endless battles is banned\n|rule|HP Percentage Mod: HP is shown in percentages\n|clearpoke\n|poke|p1|Great Tusk|\n|poke|p1|Ogerpon-Wellspring, F|\n|poke|p1|Dragonite, M|\n|poke|p1|Kingambit, M|\n|poke|p1|Dragapult, M|\n|poke|p1|Slowking-Galar, F|\n|poke|p2|Clefable, F|\n|poke|p2|Gliscor, M|\n|poke|p2|Volcanion|\n|poke|p2|Dragapult, M|\n|poke|p2|Kingambit, F|\n|poke|p2|Moltres|\n|teampreview\n|c|\u2606Nowelle|hf\n|c|+FFK Foufakirby|LGI NWL\n|inactive|Coach Jones 6fifth has 270 seconds left.\n|inactive|Nowelle has 270 seconds left.\n|\n|t:|1699728883\n|start\n|switch|p1a: Great Tusk|Great Tusk, shiny|100\/100\n|switch|p2a: Clefable|Clefable, F|100\/100\n|turn|1\n|c|+RUBIAA|what this for \n|c|\u2606Nowelle|GCl\n|c|\u2606Nowelle|GCL*\n|inactive|Coach Jones 6fifth has 270 seconds left.\n|inactive|Coach Jones 6fifth disconnected and has 300 seconds to reconnect!\n|player|p1|\n|inactive|Coach Jones 6fifth reconnected and has 265 seconds left.\n|player|p1|Coach Jones 6fifth|lusamine-nihilego\n|\n|t:|1699728934\n|-end|p1a: Great Tusk|Protosynthesis|[silent]\n|switch|p1a: Slowking|Slowking-Galar, F, shiny|100\/100\n|move|p2a: Clefable|Moonblast|p1a: Slowking\n|-resisted|p1a: Slowking\n|-damage|p1a: Slowking|87\/100\n|-unboost|p1a: Slowking|spa|1\n|\n|upkeep\n|turn|2\n|\n|t:|1699728951\n|switch|p2a: Dragapult|Dragapult, M|100\/100\n|switch|p1a: Ogerpon|Ogerpon-Wellspring, F|100\/100\n|\n|upkeep\n|turn|3\n|\n|t:|1699728955\n|switch|p1a: Slowking|Slowking-Galar, F, shiny|100\/100\n|move|p2a: Dragapult|Will-O-Wisp|p1a: Slowking\n|-status|p1a: Slowking|brn\n|\n|-damage|p1a: Slowking|94\/100 brn|[from] brn\n|upkeep\n|turn|4\n|\n|t:|1699728958\n|move|p2a: Dragapult|Hex|p1a: Slowking\n|-supereffective|p1a: Slowking\n|-damage|p1a: Slowking|35\/100 brn\n|move|p1a: Slowking|Future Sight|p2a: Dragapult\n|-start|p1a: Slowking|move: Future Sight\n|\n|-damage|p1a: Slowking|29\/100 brn|[from] brn\n|upkeep\n|turn|5\n|\n|t:|1699728963\n|switch|p1a: Great Tusk|Great Tusk, shiny|100\/100\n|move|p2a: Dragapult|Will-O-Wisp|p1a: Great Tusk\n|-status|p1a: Great Tusk|brn\n|\n|-damage|p1a: Great Tusk|94\/100 brn|[from] brn\n|upkeep\n|turn|6\n|\n|t:|1699728967\n|move|p2a: Dragapult|U-turn|p1a: Great Tusk\n|-resisted|p1a: Great Tusk\n|-damage|p1a: Great Tusk|89\/100 brn\n|\n|t:|1699728971\n|switch|p2a: Moltres|Moltres|100\/100|[from] U-turn\n|move|p1a: Great Tusk|Knock Off|p2a: Moltres\n|-damage|p2a: Moltres|91\/100\n|-enditem|p2a: Moltres|Heavy-Duty Boots|[from] move: Knock Off|[of] p1a: Great Tusk\n|\n|-end|p2a: Moltres|move: Future Sight\n|-damage|p2a: Moltres|44\/100\n|-damage|p1a: Great Tusk|82\/100 brn|[from] brn\n|upkeep\n|turn|7\n|\n|t:|1699728974\n|move|p1a: Great Tusk|Stealth Rock|p2a: Moltres\n|-sidestart|p2: Nowelle|move: Stealth Rock\n|move|p2a: Moltres|Roost|p2a: Moltres\n|-heal|p2a: Moltres|94\/100\n|-singleturn|p2a: Moltres|move: Roost\n|\n|-damage|p1a: Great Tusk|76\/100 brn|[from] brn\n|upkeep\n|turn|8\n|\n|t:|1699728980\n|-end|p1a: Great Tusk|Protosynthesis|[silent]\n|switch|p1a: Slowking|Slowking-Galar, F, shiny|62\/100 brn\n|move|p2a: Moltres|Flamethrower|p1a: Slowking\n|-damage|p1a: Slowking|42\/100 brn\n|\n|-damage|p1a: Slowking|36\/100 brn|[from] brn\n|upkeep\n|turn|9\n|\n|t:|1699728996\n|move|p2a: Moltres|Flamethrower|p1a: Slowking\n|-damage|p1a: Slowking|15\/100 brn\n|move|p1a: Slowking|Sludge Bomb|p2a: Moltres\n|-damage|p2a: Moltres|57\/100\n|-status|p2a: Moltres|psn\n|\n|-damage|p2a: Moltres|45\/100 psn|[from] psn\n|-damage|p1a: Slowking|9\/100 brn|[from] brn\n|upkeep\n|turn|10\n|\n|t:|1699728999\n|switch|p1a: Dragapult|Dragapult, M, shiny|100\/100\n|move|p2a: Moltres|Will-O-Wisp|p1a: Dragapult\n|-status|p1a: Dragapult|brn\n|\n|-damage|p2a: Moltres|33\/100 psn|[from] psn\n|-damage|p1a: Dragapult|95\/100 brn|[from] brn\n|upkeep\n|turn|11\n|\n|t:|1699729004\n|move|p1a: Dragapult|Shadow Ball|p2a: Moltres\n|-damage|p2a: Moltres|0 fnt\n|faint|p2a: Moltres\n|\n|-damage|p1a: Dragapult|89\/100 brn|[from] brn\n|upkeep\n|\n|t:|1699729007\n|switch|p2a: Kingambit|Kingambit, F|100\/100\n|-activate|p2a: Kingambit|ability: Supreme Overlord\n|-start|p2a: Kingambit|fallen1|[silent]\n|turn|12\n|\n|t:|1699729014\n|switch|p1a: Great Tusk|Great Tusk, shiny|76\/100 brn\n|move|p2a: Kingambit|Iron Head|p1a: Great Tusk\n|-damage|p1a: Great Tusk|47\/100 brn\n|\n|-damage|p1a: Great Tusk|41\/100 brn|[from] brn\n|upkeep\n|turn|13\n|\n|t:|1699729037\n|move|p1a: Great Tusk|Knock Off|p2a: Kingambit\n|-resisted|p2a: Kingambit\n|-damage|p2a: Kingambit|94\/100\n|-enditem|p2a: Kingambit|Heavy-Duty Boots|[from] move: Knock Off|[of] p1a: Great Tusk\n|move|p2a: Kingambit|Iron Head|p1a: Great Tusk\n|-crit|p1a: Great Tusk\n|-damage|p1a: Great Tusk|0 fnt\n|faint|p1a: Great Tusk\n|-end|p1a: Great Tusk|Protosynthesis|[silent]\n|\n|upkeep\n|\n|t:|1699729061\n|switch|p1a: Dragonite|Dragonite, M, shiny|100\/100\n|turn|14\n|\n|t:|1699729071\n|-end|p2a: Kingambit|fallen1|[silent]\n|switch|p2a: Clefable|Clefable, F|100\/100\n|move|p1a: Dragonite|Ice Spinner|p2a: Clefable\n|-damage|p2a: Clefable|59\/100\n|\n|upkeep\n|turn|15\n|\n|t:|1699729079\n|move|p1a: Dragonite|Ice Spinner|p2a: Clefable\n|-damage|p2a: Clefable|14\/100\n|move|p2a: Clefable|Ice Beam|p1a: Dragonite\n|-supereffective|p1a: Dragonite\n|-damage|p1a: Dragonite|40\/100\n|\n|upkeep\n|turn|16\n|\n|t:|1699729085\n|switch|p2a: Volcanion|Volcanion|100\/100\n|move|p1a: Dragonite|Ice Spinner|p2a: Volcanion\n|-resisted|p2a: Volcanion\n|-damage|p2a: Volcanion|90\/100\n|\n|upkeep\n|turn|17\n|\n|t:|1699729093\n|switch|p1a: Dragapult|Dragapult, M, shiny|89\/100 brn\n|move|p2a: Volcanion|Sludge Bomb|p1a: Dragapult\n|-resisted|p1a: Dragapult\n|-damage|p1a: Dragapult|65\/100 brn\n|\n|-damage|p1a: Dragapult|59\/100 brn|[from] brn\n|upkeep\n|turn|18\n|\n|t:|1699729101\n|switch|p2a: Clefable|Clefable, F|14\/100\n|move|p1a: Dragapult|Shadow Ball|p2a: Clefable\n|-damage|p2a: Clefable|0 fnt\n|faint|p2a: Clefable\n|\n|-damage|p1a: Dragapult|53\/100 brn|[from] brn\n|upkeep\n|\n|t:|1699729104\n|switch|p2a: Kingambit|Kingambit, F|94\/100\n|-damage|p2a: Kingambit|88\/100|[from] Stealth Rock\n|-activate|p2a: Kingambit|ability: Supreme Overlord\n|-start|p2a: Kingambit|fallen2|[silent]\n|turn|19\n|\n|t:|1699729110\n|move|p1a: Dragapult|Shadow Ball|p2a: Kingambit\n|-resisted|p2a: Kingambit\n|-damage|p2a: Kingambit|56\/100\n|move|p2a: Kingambit|Iron Head|p1a: Dragapult\n|-damage|p1a: Dragapult|0 fnt\n|faint|p1a: Dragapult\n|\n|upkeep\n|\n|t:|1699729118\n|switch|p1a: Ogerpon|Ogerpon-Wellspring, F|100\/100\n|turn|20\n|\n|t:|1699729124\n|-end|p2a: Kingambit|fallen2|[silent]\n|switch|p2a: Dragapult|Dragapult, M|100\/100\n|move|p1a: Ogerpon|Ivy Cudgel|p2a: Dragapult\n|-resisted|p2a: Dragapult\n|-damage|p2a: Dragapult|60\/100\n|\n|upkeep\n|turn|21\n|\n|t:|1699729129\n|move|p2a: Dragapult|Will-O-Wisp|p1a: Ogerpon\n|-status|p1a: Ogerpon|brn\n|move|p1a: Ogerpon|Knock Off|p2a: Dragapult\n|-supereffective|p2a: Dragapult\n|-damage|p2a: Dragapult|7\/100\n|-enditem|p2a: Dragapult|Heavy-Duty Boots|[from] move: Knock Off|[of] p1a: Ogerpon\n|\n|-damage|p1a: Ogerpon|95\/100 brn|[from] brn\n|upkeep\n|turn|22\n|\n|t:|1699729137\n|move|p2a: Dragapult|Hex|p1a: Ogerpon\n|-damage|p1a: Ogerpon|25\/100 brn\n|move|p1a: Ogerpon|Knock Off|p2a: Dragapult\n|-supereffective|p2a: Dragapult\n|-damage|p2a: Dragapult|0 fnt\n|faint|p2a: Dragapult\n|\n|-damage|p1a: Ogerpon|19\/100 brn|[from] brn\n|upkeep\n|\n|t:|1699729145\n|switch|p2a: Kingambit|Kingambit, F|56\/100\n|-damage|p2a: Kingambit|50\/100|[from] Stealth Rock\n|-activate|p2a: Kingambit|ability: Supreme Overlord\n|-start|p2a: Kingambit|fallen3|[silent]\n|turn|23\n|\n|t:|1699729163\n|move|p2a: Kingambit|Sucker Punch|p1a: Ogerpon\n|-damage|p1a: Ogerpon|0 fnt\n|faint|p1a: Ogerpon\n|\n|upkeep\n|\n|t:|1699729179\n|switch|p1a: Dragonite|Dragonite, M, shiny|40\/100\n|turn|24\n|\n|t:|1699729184\n|move|p1a: Dragonite|Extreme Speed|p2a: Kingambit\n|-resisted|p2a: Kingambit\n|-damage|p2a: Kingambit|31\/100\n|move|p2a: Kingambit|Sucker Punch||[still]\n|-fail|p2a: Kingambit\n|\n|upkeep\n|turn|25\n|\n|t:|1699729188\n|move|p1a: Dragonite|Extreme Speed|p2a: Kingambit\n|-resisted|p2a: Kingambit\n|-damage|p2a: Kingambit|12\/100\n|move|p2a: Kingambit|Iron Head|p1a: Dragonite\n|-damage|p1a: Dragonite|0 fnt\n|faint|p1a: Dragonite\n|\n|upkeep\n|\n|t:|1699729191\n|switch|p1a: Kingambit|Kingambit, M, shiny|100\/100\n|-activate|p1a: Kingambit|ability: Supreme Overlord\n|-start|p1a: Kingambit|fallen4|[silent]\n|turn|26\n|\n|t:|1699729197\n|move|p2a: Kingambit|Sucker Punch|p1a: Kingambit\n|-resisted|p1a: Kingambit\n|-damage|p1a: Kingambit|81\/100\n|move|p1a: Kingambit|Sucker Punch||[still]\n|-fail|p1a: Kingambit\n|\n|-heal|p1a: Kingambit|87\/100|[from] item: Leftovers\n|upkeep\n|turn|27\n|\n|t:|1699729199\n|move|p2a: Kingambit|Low Kick|p1a: Kingambit\n|-supereffective|p1a: Kingambit\n|-damage|p1a: Kingambit|0 fnt\n|faint|p1a: Kingambit\n|-end|p1a: Kingambit|fallen4|[silent]\n|\n|upkeep\n|c|\u2606Nowelle|ggg\n|c|+FFK Foufakirby|Goat\n|c|\u2606Coach Jones 6fifth|wp\n|\n|t:|1699729219\n|switch|p1a: Slowking|Slowking-Galar, F, shiny|42\/100 brn\n|turn|28\n|c|\u2606Nowelle|thx ^^\n|c|\u2606Coach Jones 6fifth|gg\n|\n|t:|1699729226\n|move|p2a: Kingambit|Iron Head|p1a: Slowking\n|-crit|p1a: Slowking\n|-damage|p1a: Slowking|0 fnt\n|faint|p1a: Slowking\n|\n|win|Nowelle\n","uploadtime":1699729227,"views":75,"p1id":"coachjones6fifth","p2id":"nowelle","formatid":"gen9ou","rating":0,"private":0,"password":""}