{"id":"smogtours-gen9ou-730740","p1":"Matroprise","p2":"Guille & Dasmer","format":"[Gen 9] OU","log":"|inactive|Battle timer is ON: inactive players will automatically lose when time's up.\n|t:|1700083386\n|gametype|singles\n|player|p1|Matroprise|n-masters3|\n|player|p2|Guille & Dasmer|lucas|\n|teamsize|p1|6\n|teamsize|p2|6\n|gen|9\n|tier|[Gen 9] OU\n|rule|Sleep Clause Mod: Limit one foe put to sleep\n|rule|Species Clause: Limit one of each Pok\u00e9mon\n|rule|OHKO Clause: OHKO moves are banned\n|rule|Evasion Items Clause: Evasion items are banned\n|rule|Evasion Moves Clause: Evasion moves are banned\n|rule|Endless Battle Clause: Forcing endless battles is banned\n|rule|HP Percentage Mod: HP is shown in percentages\n|clearpoke\n|poke|p1|Gholdengo|\n|poke|p1|Rillaboom, F|\n|poke|p1|Hatterene, F|\n|poke|p1|Zamazenta-*|\n|poke|p1|Sneasler, F|\n|poke|p1|Ursaluna, F|\n|poke|p2|Ting-Lu|\n|poke|p2|Rillaboom, M|\n|poke|p2|Zapdos|\n|poke|p2|Ceruledge, M|\n|poke|p2|Clefable, M|\n|poke|p2|Gholdengo|\n|teampreview\n|c|\u2606Guille & Dasmer|hf\n|inactive|Matroprise has 270 seconds left.\n|inactive|Matroprise has 240 seconds left.\n|c|+Sheik|Madre mia tio es que siempre igual siempre me roban\n|c|+Sheik|xenqt u suck\n|\n|t:|1700083472\n|start\n|switch|p1a: Gholdengo|Gholdengo|100\/100\n|switch|p2a: Zapdos|Zapdos|100\/100\n|-item|p1a: Gholdengo|Air Balloon\n|turn|1\n|c|+Xen\u300eQT\u300f|Callate calvo\n|inactive|Matroprise has 270 seconds left.\n|inactive|Matroprise has 240 seconds left.\n|\n|t:|1700083530\n|move|p2a: Zapdos|Hurricane|p1a: Gholdengo|[miss]\n|-miss|p2a: Zapdos|p1a: Gholdengo\n|move|p1a: Gholdengo|Nasty Plot|p1a: Gholdengo\n|-boost|p1a: Gholdengo|spa|2\n|\n|upkeep\n|turn|2\n|\n|t:|1700083536\n|move|p2a: Zapdos|Volt Switch|p1a: Gholdengo\n|-damage|p1a: Gholdengo|58\/100\n|-enditem|p1a: Gholdengo|Air Balloon\n|\n|t:|1700083538\n|switch|p2a: Ting-Lu|Ting-Lu|100\/100|[from] Volt Switch\n|-ability|p2a: Ting-Lu|Vessel of Ruin\n|move|p1a: Gholdengo|Dazzling Gleam|p2a: Ting-Lu\n|-supereffective|p2a: Ting-Lu\n|-damage|p2a: Ting-Lu|51\/100\n|\n|-heal|p2a: Ting-Lu|57\/100|[from] item: Leftovers\n|upkeep\n|turn|3\n|inactive|Matroprise has 240 seconds left.\n|\n|t:|1700083555\n|move|p1a: Gholdengo|Dazzling Gleam|p2a: Ting-Lu\n|-supereffective|p2a: Ting-Lu\n|-damage|p2a: Ting-Lu|12\/100\n|move|p2a: Ting-Lu|Earthquake|p1a: Gholdengo\n|-supereffective|p1a: Gholdengo\n|-damage|p1a: Gholdengo|0 fnt\n|faint|p1a: Gholdengo\n|\n|-heal|p2a: Ting-Lu|18\/100|[from] item: Leftovers\n|upkeep\n|\n|t:|1700083565\n|switch|p1a: Rillaboom|Rillaboom, F|100\/100\n|-fieldstart|move: Grassy Terrain|[from] ability: Grassy Surge|[of] p1a: Rillaboom\n|turn|4\n|inactive|Matroprise has 240 seconds left.\n|\n|t:|1700083574\n|switch|p2a: Zapdos|Zapdos|100\/100\n|move|p1a: Rillaboom|U-turn|p2a: Zapdos\n|-resisted|p2a: Zapdos\n|-damage|p2a: Zapdos|77\/100\n|\n|t:|1700083576\n|switch|p1a: Hatterene|Hatterene, F|100\/100|[from] U-turn\n|\n|upkeep\n|turn|5\n|inactive|Matroprise has 240 seconds left.\n|\n|t:|1700083597\n|move|p2a: Zapdos|Discharge|p1a: Hatterene\n|-damage|p1a: Hatterene|61\/100\n|move|p1a: Hatterene|Trick Room|p1a: Hatterene\n|-fieldstart|move: Trick Room|[of] p1a: Hatterene\n|\n|-heal|p1a: Hatterene|67\/100|[from] Grassy Terrain\n|upkeep\n|turn|6\n|\n|t:|1700083605\n|move|p1a: Hatterene|Psychic|p2a: Zapdos\n|-damage|p2a: Zapdos|1\/100\n|-damage|p1a: Hatterene|57\/100|[from] item: Life Orb\n|move|p2a: Zapdos|Roost|p2a: Zapdos\n|-heal|p2a: Zapdos|52\/100\n|-singleturn|p2a: Zapdos|move: Roost\n|\n|-heal|p1a: Hatterene|63\/100|[from] Grassy Terrain\n|-heal|p2a: Zapdos|58\/100|[from] Grassy Terrain\n|upkeep\n|turn|7\n|\n|t:|1700083610\n|move|p1a: Hatterene|Mystical Fire|p2a: Zapdos\n|-damage|p2a: Zapdos|16\/100\n|-unboost|p2a: Zapdos|spa|1\n|-damage|p1a: Hatterene|53\/100|[from] item: Life Orb\n|move|p2a: Zapdos|Roost|p2a: Zapdos\n|-heal|p2a: Zapdos|66\/100\n|-singleturn|p2a: Zapdos|move: Roost\n|\n|-heal|p1a: Hatterene|59\/100|[from] Grassy Terrain\n|-heal|p2a: Zapdos|72\/100|[from] Grassy Terrain\n|upkeep\n|turn|8\n|\n|t:|1700083617\n|switch|p2a: Ting-Lu|Ting-Lu|18\/100\n|-ability|p2a: Ting-Lu|Vessel of Ruin\n|move|p1a: Hatterene|Psychic|p2a: Ting-Lu\n|-immune|p2a: Ting-Lu\n|\n|-heal|p1a: Hatterene|65\/100|[from] Grassy Terrain\n|-heal|p2a: Ting-Lu|24\/100|[from] Grassy Terrain\n|-heal|p2a: Ting-Lu|30\/100|[from] item: Leftovers\n|-fieldend|move: Grassy Terrain\n|upkeep\n|turn|9\n|\n|t:|1700083630\n|switch|p1a: Rillaboom|Rillaboom, F|100\/100\n|-fieldstart|move: Grassy Terrain|[from] ability: Grassy Surge|[of] p1a: Rillaboom\n|move|p2a: Ting-Lu|Earthquake|p1a: Rillaboom\n|-resisted|p1a: Rillaboom\n|-damage|p1a: Rillaboom|90\/100\n|\n|-heal|p2a: Ting-Lu|37\/100|[from] Grassy Terrain\n|-heal|p2a: Ting-Lu|43\/100|[from] item: Leftovers\n|-heal|p1a: Rillaboom|96\/100|[from] Grassy Terrain\n|-fieldend|move: Trick Room\n|upkeep\n|turn|10\n|\n|t:|1700083640\n|switch|p2a: Zapdos|Zapdos|72\/100\n|move|p1a: Rillaboom|Wood Hammer|p2a: Zapdos\n|-resisted|p2a: Zapdos\n|-damage|p2a: Zapdos|0 fnt\n|faint|p2a: Zapdos\n|-damage|p1a: Rillaboom|74\/100|[from] Recoil\n|\n|-heal|p1a: Rillaboom|80\/100|[from] Grassy Terrain\n|upkeep\n|\n|t:|1700083647\n|switch|p2a: Rillaboom|Rillaboom, M|100\/100\n|turn|11\n|inactive|Matroprise has 270 seconds left.\n|inactive|Matroprise has 240 seconds left.\n|\n|t:|1700083718\n|switch|p1a: Zamazenta|Zamazenta|100\/100\n|-ability|p1a: Zamazenta|Dauntless Shield|boost\n|-boost|p1a: Zamazenta|def|1\n|move|p2a: Rillaboom|U-turn|p1a: Zamazenta\n|-resisted|p1a: Zamazenta\n|-damage|p1a: Zamazenta|91\/100\n|\n|t:|1700083726\n|switch|p2a: Clefable|Clefable, M|100\/100|[from] U-turn\n|\n|-heal|p1a: Zamazenta|97\/100|[from] Grassy Terrain\n|-heal|p1a: Zamazenta|100\/100|[from] item: Leftovers\n|upkeep\n|turn|12\n|\n|t:|1700083732\n|switch|p1a: Hatterene|Hatterene, F|65\/100\n|move|p2a: Clefable|Stealth Rock|p1a: Hatterene\n|move|p1a: Hatterene|Stealth Rock|p2a: Clefable|[from]ability: Magic Bounce\n|-sidestart|p2: Guille & Dasmer|move: Stealth Rock\n|\n|-heal|p1a: Hatterene|71\/100|[from] Grassy Terrain\n|upkeep\n|turn|13\n|\n|t:|1700083738\n|switch|p1a: Ursaluna|Ursaluna, F|100\/100\n|move|p2a: Clefable|Moonblast|p1a: Ursaluna\n|-damage|p1a: Ursaluna|72\/100\n|\n|-heal|p1a: Ursaluna|78\/100|[from] Grassy Terrain\n|-fieldend|move: Grassy Terrain\n|-status|p1a: Ursaluna|brn|[from] item: Flame Orb\n|upkeep\n|turn|14\n|inactive|Matroprise has 240 seconds left.\n|\n|t:|1700083755\n|move|p1a: Ursaluna|Facade|p2a: Clefable\n|-damage|p2a: Clefable|0 fnt\n|faint|p2a: Clefable\n|\n|-damage|p1a: Ursaluna|72\/100 brn|[from] brn\n|upkeep\n|\n|t:|1700083757\n|switch|p2a: Rillaboom|Rillaboom, M|100\/100\n|-damage|p2a: Rillaboom|88\/100|[from] Stealth Rock\n|-fieldstart|move: Grassy Terrain|[from] ability: Grassy Surge|[of] p2a: Rillaboom\n|turn|15\n|inactive|Matroprise has 240 seconds left.\n|\n|t:|1700083799\n|switch|p1a: Hatterene|Hatterene, F|71\/100\n|move|p2a: Rillaboom|Wood Hammer|p1a: Hatterene\n|-damage|p1a: Hatterene|0 fnt\n|faint|p1a: Hatterene\n|-damage|p2a: Rillaboom|66\/100|[from] Recoil\n|\n|-heal|p2a: Rillaboom|73\/100|[from] Grassy Terrain\n|upkeep\n|\n|t:|1700083806\n|switch|p1a: Zamazenta|Zamazenta|100\/100\n|turn|16\n|\n|t:|1700083813\n|move|p1a: Zamazenta|Iron Defense|p1a: Zamazenta\n|-boost|p1a: Zamazenta|def|2\n|move|p2a: Rillaboom|Wood Hammer|p1a: Zamazenta\n|-damage|p1a: Zamazenta|54\/100\n|-damage|p2a: Rillaboom|55\/100|[from] Recoil\n|\n|-heal|p1a: Zamazenta|60\/100|[from] Grassy Terrain\n|-heal|p1a: Zamazenta|66\/100|[from] item: Leftovers\n|-heal|p2a: Rillaboom|61\/100|[from] Grassy Terrain\n|upkeep\n|turn|17\n|\n|t:|1700083819\n|switch|p2a: Gholdengo|Gholdengo|100\/100\n|move|p1a: Zamazenta|Body Press|p2a: Gholdengo\n|-immune|p2a: Gholdengo\n|\n|-heal|p1a: Zamazenta|72\/100|[from] Grassy Terrain\n|-heal|p1a: Zamazenta|79\/100|[from] item: Leftovers\n|upkeep\n|turn|18\n|\n|t:|1700083825\n|move|p1a: Zamazenta|Crunch|p2a: Gholdengo\n|-supereffective|p2a: Gholdengo\n|-damage|p2a: Gholdengo|67\/100\n|move|p2a: Gholdengo|Nasty Plot|p2a: Gholdengo\n|-boost|p2a: Gholdengo|spa|2\n|\n|-heal|p1a: Zamazenta|85\/100|[from] Grassy Terrain\n|-heal|p1a: Zamazenta|91\/100|[from] item: Leftovers\n|-heal|p2a: Gholdengo|73\/100|[from] Grassy Terrain\n|upkeep\n|turn|19\n|inactive|Matroprise has 240 seconds left.\n|\n|t:|1700083838\n|move|p1a: Zamazenta|Crunch|p2a: Gholdengo\n|-supereffective|p2a: Gholdengo\n|-damage|p2a: Gholdengo|40\/100\n|move|p2a: Gholdengo|Recover|p2a: Gholdengo\n|-heal|p2a: Gholdengo|90\/100\n|\n|-heal|p1a: Zamazenta|97\/100|[from] Grassy Terrain\n|-heal|p1a: Zamazenta|100\/100|[from] item: Leftovers\n|-heal|p2a: Gholdengo|96\/100|[from] Grassy Terrain\n|-fieldend|move: Grassy Terrain\n|upkeep\n|turn|20\n|inactive|Matroprise has 240 seconds left.\n|\n|t:|1700083858\n|switch|p1a: Ursaluna|Ursaluna, F|72\/100 brn\n|move|p2a: Gholdengo|Shadow Ball|p1a: Ursaluna\n|-immune|p1a: Ursaluna\n|\n|-damage|p1a: Ursaluna|66\/100 brn|[from] brn\n|upkeep\n|turn|21\n|\n|t:|1700083873\n|switch|p2a: Rillaboom|Rillaboom, M|61\/100\n|-damage|p2a: Rillaboom|49\/100|[from] Stealth Rock\n|-fieldstart|move: Grassy Terrain|[from] ability: Grassy Surge|[of] p2a: Rillaboom\n|move|p1a: Ursaluna|Headlong Rush|p2a: Rillaboom\n|-resisted|p2a: Rillaboom\n|-damage|p2a: Rillaboom|0 fnt\n|-unboost|p1a: Ursaluna|def|1\n|-unboost|p1a: Ursaluna|spd|1\n|faint|p2a: Rillaboom\n|\n|-heal|p1a: Ursaluna|72\/100 brn|[from] Grassy Terrain\n|-damage|p1a: Ursaluna|66\/100 brn|[from] brn\n|upkeep\n|\n|t:|1700083877\n|switch|p2a: Ceruledge|Ceruledge, M|100\/100\n|turn|22\n|inactive|Matroprise has 240 seconds left.\n|\n|t:|1700083900\n|switch|p1a: Zamazenta|Zamazenta|100\/100\n|move|p2a: Ceruledge|Bitter Blade|p1a: Zamazenta\n|-damage|p1a: Zamazenta|67\/100\n|\n|-heal|p1a: Zamazenta|73\/100|[from] Grassy Terrain\n|-heal|p1a: Zamazenta|79\/100|[from] item: Leftovers\n|upkeep\n|turn|23\n|inactive|Matroprise has 240 seconds left.\n|\n|t:|1700083906\n|move|p1a: Zamazenta|Iron Defense|p1a: Zamazenta\n|-boost|p1a: Zamazenta|def|2\n|move|p2a: Ceruledge|Swords Dance|p2a: Ceruledge\n|-boost|p2a: Ceruledge|atk|2\n|\n|-heal|p1a: Zamazenta|86\/100|[from] Grassy Terrain\n|-heal|p1a: Zamazenta|92\/100|[from] item: Leftovers\n|upkeep\n|turn|24\n|\n|t:|1700083914\n|move|p1a: Zamazenta|Crunch|p2a: Ceruledge\n|-supereffective|p2a: Ceruledge\n|-damage|p2a: Ceruledge|48\/100\n|-unboost|p2a: Ceruledge|def|1\n|-ability|p2a: Ceruledge|Weak Armor|boost\n|-unboost|p2a: Ceruledge|def|1\n|-boost|p2a: Ceruledge|spe|2\n|move|p2a: Ceruledge|Swords Dance|p2a: Ceruledge\n|-boost|p2a: Ceruledge|atk|2\n|\n|-heal|p2a: Ceruledge|54\/100|[from] Grassy Terrain\n|-heal|p1a: Zamazenta|98\/100|[from] Grassy Terrain\n|-heal|p1a: Zamazenta|100\/100|[from] item: Leftovers\n|upkeep\n|turn|25\n|\n|t:|1700083918\n|move|p2a: Ceruledge|Bitter Blade|p1a: Zamazenta\n|-damage|p1a: Zamazenta|42\/100\n|-heal|p2a: Ceruledge|87\/100|[from] drain|[of] p1a: Zamazenta\n|move|p1a: Zamazenta|Crunch|p2a: Ceruledge\n|-supereffective|p2a: Ceruledge\n|-damage|p2a: Ceruledge|0 fnt\n|faint|p2a: Ceruledge\n|\n|-heal|p1a: Zamazenta|48\/100|[from] Grassy Terrain\n|-heal|p1a: Zamazenta|54\/100|[from] item: Leftovers\n|-fieldend|move: Grassy Terrain\n|upkeep\n|\n|t:|1700083920\n|switch|p2a: Gholdengo|Gholdengo|96\/100\n|turn|26\n|\n|t:|1700083927\n|move|p1a: Zamazenta|Crunch|p2a: Gholdengo\n|-supereffective|p2a: Gholdengo\n|-damage|p2a: Gholdengo|63\/100\n|move|p2a: Gholdengo|Nasty Plot|p2a: Gholdengo\n|-boost|p2a: Gholdengo|spa|2\n|\n|-heal|p1a: Zamazenta|60\/100|[from] item: Leftovers\n|upkeep\n|turn|27\n|\n|t:|1700083929\n|move|p1a: Zamazenta|Crunch|p2a: Gholdengo\n|-supereffective|p2a: Gholdengo\n|-damage|p2a: Gholdengo|30\/100\n|move|p2a: Gholdengo|Recover|p2a: Gholdengo\n|-heal|p2a: Gholdengo|80\/100\n|\n|-heal|p1a: Zamazenta|66\/100|[from] item: Leftovers\n|upkeep\n|turn|28\n|\n|t:|1700083934\n|-terastallize|p1a: Zamazenta|Dark\n|move|p1a: Zamazenta|Crunch|p2a: Gholdengo\n|-supereffective|p2a: Gholdengo\n|-damage|p2a: Gholdengo|33\/100\n|move|p2a: Gholdengo|Recover|p2a: Gholdengo\n|-heal|p2a: Gholdengo|83\/100\n|\n|-heal|p1a: Zamazenta|73\/100|[from] item: Leftovers\n|upkeep\n|turn|29\n|\n|t:|1700083940\n|move|p1a: Zamazenta|Crunch|p2a: Gholdengo\n|-supereffective|p2a: Gholdengo\n|-damage|p2a: Gholdengo|30\/100\n|move|p2a: Gholdengo|Dazzling Gleam|p1a: Zamazenta\n|-supereffective|p1a: Zamazenta\n|-damage|p1a: Zamazenta|0 fnt\n|faint|p1a: Zamazenta\n|\n|upkeep\n|\n|t:|1700083945\n|switch|p1a: Rillaboom|Rillaboom, F|80\/100\n|-fieldstart|move: Grassy Terrain|[from] ability: Grassy Surge|[of] p1a: Rillaboom\n|turn|30\n|\n|t:|1700083980\n|move|p1a: Rillaboom|Wood Hammer|p2a: Gholdengo\n|-resisted|p2a: Gholdengo\n|-damage|p2a: Gholdengo|0 fnt\n|faint|p2a: Gholdengo\n|-damage|p1a: Rillaboom|69\/100|[from] Recoil\n|\n|-heal|p1a: Rillaboom|75\/100|[from] Grassy Terrain\n|upkeep\n|c|\u2606Guille & Dasmer|gg\n|c|\u2606Matroprise|gg\n|-message|Guille & Dasmer forfeited.\n|\n|win|Matroprise\n|player|p2|Guille & Dasmer|lucas\n","uploadtime":1700083988,"views":53,"p1id":"matroprise","p2id":"guilledasmer","formatid":"gen9ou","rating":0,"private":0,"password":""}