{"id":"smogtours-gen9ou-731738","p1":"TNunes","p2":"Welli0u","format":"[Gen 9] OU","log":"|inactive|Battle timer is ON: inactive players will automatically lose when time's up.\n|t:|1700428488\n|gametype|singles\n|player|p1|TNunes|#scl3foxes2|\n|player|p2|Welli0u|#splxivscooters2|\n|teamsize|p1|6\n|teamsize|p2|6\n|gen|9\n|tier|[Gen 9] OU\n|rule|Sleep Clause Mod: Limit one foe put to sleep\n|rule|Species Clause: Limit one of each Pok\u00e9mon\n|rule|OHKO Clause: OHKO moves are banned\n|rule|Evasion Items Clause: Evasion items are banned\n|rule|Evasion Moves Clause: Evasion moves are banned\n|rule|Endless Battle Clause: Forcing endless battles is banned\n|rule|HP Percentage Mod: HP is shown in percentages\n|clearpoke\n|poke|p1|Rotom-Wash|\n|poke|p1|Amoonguss, F|\n|poke|p1|Cinderace, F|\n|poke|p1|Zamazenta-*|\n|poke|p1|Skeledirge, F|\n|poke|p1|Ting-Lu|\n|poke|p2|Rillaboom, F|\n|poke|p2|Pelipper, F|\n|poke|p2|Landorus-Therian, M|\n|poke|p2|Heatran, F|\n|poke|p2|Sneasler, M|\n|poke|p2|Manaphy|\n|teampreview\n|inactive|TNunes also wants the timer to be on.\n|c|\u2606TNunes|Glhf\n|inactive|TNunes has 270 seconds left.\n|inactive|Welli0u has 270 seconds left.\n|inactive|TNunes has 240 seconds left.\n|\n|t:|1700428561\n|start\n|switch|p1a: Rotom|Rotom-Wash|100\/100\n|switch|p2a: TIER|Rillaboom, F|100\/100\n|-fieldstart|move: Grassy Terrain|[from] ability: Grassy Surge|[of] p2a: TIER\n|turn|1\n|\n|t:|1700428569\n|switch|p1a: Amoonguss|Amoonguss, F|100\/100\n|move|p2a: TIER|U-turn|p1a: Amoonguss\n|-damage|p1a: Amoonguss|71\/100\n|\n|t:|1700428576\n|switch|p2a: HELLOM|Pelipper, F|100\/100|[from] U-turn\n|-weather|RainDance|[from] ability: Drizzle|[of] p2a: HELLOM\n|\n|-weather|RainDance|[upkeep]\n|-heal|p1a: Amoonguss|77\/100|[from] Grassy Terrain\n|upkeep\n|turn|2\n|\n|t:|1700428583\n|switch|p1a: Rotom|Rotom-Wash|100\/100\n|move|p2a: HELLOM|U-turn|p1a: Rotom\n|-damage|p1a: Rotom|94\/100\n|\n|t:|1700428594\n|switch|p2a: TIER|Rillaboom, F|100\/100|[from] U-turn\n|\n|-weather|RainDance|[upkeep]\n|-heal|p1a: Rotom|99\/100|[from] item: Leftovers\n|upkeep\n|turn|3\n|\n|t:|1700428597\n|move|p1a: Rotom|Protect|p1a: Rotom\n|-singleturn|p1a: Rotom|Protect\n|move|p2a: TIER|U-turn|p1a: Rotom\n|-activate|p1a: Rotom|move: Protect\n|\n|-weather|RainDance|[upkeep]\n|-heal|p1a: Rotom|100\/100|[from] item: Leftovers\n|upkeep\n|turn|4\n|\n|t:|1700428609\n|move|p2a: TIER|U-turn|p1a: Rotom\n|-damage|p1a: Rotom|67\/100\n|\n|t:|1700428613\n|switch|p2a: BLOODY ALFA|Manaphy|100\/100|[from] U-turn\n|move|p1a: Rotom|Hydro Pump|p2a: BLOODY ALFA\n|-resisted|p2a: BLOODY ALFA\n|-damage|p2a: BLOODY ALFA|73\/100\n|\n|-weather|RainDance|[upkeep]\n|-heal|p2a: BLOODY ALFA|79\/100|[from] Grassy Terrain\n|-heal|p1a: Rotom|73\/100|[from] item: Leftovers\n|upkeep\n|turn|5\n|\n|t:|1700428623\n|move|p2a: BLOODY ALFA|Tail Glow|p2a: BLOODY ALFA\n|-boost|p2a: BLOODY ALFA|spa|3\n|move|p1a: Rotom|Volt Switch|p2a: BLOODY ALFA\n|-supereffective|p2a: BLOODY ALFA\n|-damage|p2a: BLOODY ALFA|27\/100\n|\n|t:|1700428645\n|switch|p1a: Zamazenta|Zamazenta|100\/100|[from] Volt Switch\n|-ability|p1a: Zamazenta|Dauntless Shield|boost\n|-boost|p1a: Zamazenta|def|1\n|\n|-weather|none\n|-heal|p2a: BLOODY ALFA|34\/100|[from] Grassy Terrain\n|-fieldend|move: Grassy Terrain\n|upkeep\n|turn|6\n|\n|t:|1700428654\n|switch|p2a: AESF|Landorus-Therian, M|100\/100\n|-ability|p2a: AESF|Intimidate|boost\n|-unboost|p1a: Zamazenta|atk|1\n|move|p1a: Zamazenta|Stone Edge|p2a: AESF|[miss]\n|-miss|p1a: Zamazenta|p2a: AESF\n|\n|upkeep\n|turn|7\n|\n|t:|1700428660\n|switch|p1a: Rotom|Rotom-Wash|73\/100\n|move|p2a: AESF|Stealth Rock|p1a: Rotom\n|-sidestart|p1: TNunes|move: Stealth Rock\n|\n|-heal|p1a: Rotom|79\/100|[from] item: Leftovers\n|upkeep\n|turn|8\n|\n|t:|1700428664\n|move|p2a: AESF|U-turn|p1a: Rotom\n|-damage|p1a: Rotom|62\/100\n|\n|t:|1700428671\n|switch|p2a: TIER|Rillaboom, F|100\/100|[from] U-turn\n|-fieldstart|move: Grassy Terrain|[from] ability: Grassy Surge|[of] p2a: TIER\n|move|p1a: Rotom|Hydro Pump|p2a: TIER\n|-resisted|p2a: TIER\n|-damage|p2a: TIER|75\/100\n|\n|-heal|p2a: TIER|81\/100|[from] Grassy Terrain\n|-heal|p1a: Rotom|69\/100|[from] item: Leftovers\n|upkeep\n|turn|9\n|\n|t:|1700428678\n|switch|p2a: BLOODY ALFA|Manaphy|34\/100\n|move|p1a: Rotom|Protect||[still]\n|-fail|p1a: Rotom\n|\n|-heal|p2a: BLOODY ALFA|40\/100|[from] Grassy Terrain\n|-heal|p1a: Rotom|75\/100|[from] item: Leftovers\n|upkeep\n|turn|10\n|\n|t:|1700428686\n|switch|p1a: Amoonguss|Amoonguss, F|100\/100\n|move|p2a: BLOODY ALFA|Energy Ball|p1a: Amoonguss\n|-resisted|p1a: Amoonguss\n|-damage|p1a: Amoonguss|91\/100\n|-damage|p2a: BLOODY ALFA|30\/100|[from] item: Life Orb\n|\n|-heal|p2a: BLOODY ALFA|36\/100|[from] Grassy Terrain\n|-heal|p1a: Amoonguss|97\/100|[from] Grassy Terrain\n|upkeep\n|turn|11\n|\n|t:|1700428709\n|switch|p2a: AESF|Landorus-Therian, M|100\/100\n|-ability|p2a: AESF|Intimidate|boost\n|-unboost|p1a: Amoonguss|atk|1\n|move|p1a: Amoonguss|Spore|p2a: AESF\n|-status|p2a: AESF|slp|[from] move: Spore\n|\n|-heal|p1a: Amoonguss|100\/100|[from] Grassy Terrain\n|upkeep\n|turn|12\n|\n|t:|1700428723\n|switch|p2a: PDT|Heatran, F|100\/100\n|-item|p2a: PDT|Air Balloon\n|switch|p1a: Rotom|Rotom-Wash|75\/100\n|-damage|p1a: Rotom|62\/100|[from] Stealth Rock\n|\n|-heal|p1a: Rotom|69\/100|[from] item: Leftovers\n|-fieldend|move: Grassy Terrain\n|upkeep\n|turn|13\n|\n|t:|1700428734\n|switch|p2a: TIER|Rillaboom, F|81\/100\n|-fieldstart|move: Grassy Terrain|[from] ability: Grassy Surge|[of] p2a: TIER\n|move|p1a: Rotom|Hydro Pump|p2a: TIER\n|-resisted|p2a: TIER\n|-damage|p2a: TIER|59\/100\n|\n|-heal|p2a: TIER|65\/100|[from] Grassy Terrain\n|-heal|p1a: Rotom|75\/100|[from] item: Leftovers\n|upkeep\n|turn|14\n|\n|t:|1700428743\n|switch|p2a: BLOODY ALFA|Manaphy|36\/100\n|move|p1a: Rotom|Protect||[still]\n|-fail|p1a: Rotom\n|\n|-heal|p2a: BLOODY ALFA|42\/100|[from] Grassy Terrain\n|-heal|p1a: Rotom|81\/100|[from] item: Leftovers\n|upkeep\n|turn|15\n|\n|t:|1700428764\n|switch|p1a: Cinderace|Cinderace, F|100\/100\n|move|p2a: BLOODY ALFA|Tail Glow|p2a: BLOODY ALFA\n|-boost|p2a: BLOODY ALFA|spa|3\n|\n|-heal|p2a: BLOODY ALFA|48\/100|[from] Grassy Terrain\n|upkeep\n|turn|16\n|\n|t:|1700428774\n|move|p1a: Cinderace|High Jump Kick|p2a: BLOODY ALFA\n|-start|p1a: Cinderace|typechange|Fighting|[from] ability: Libero\n|-damage|p2a: BLOODY ALFA|0 fnt\n|faint|p2a: BLOODY ALFA\n|\n|upkeep\n|\n|t:|1700428780\n|switch|p2a: HELLOM|Pelipper, F|100\/100\n|-weather|RainDance|[from] ability: Drizzle|[of] p2a: HELLOM\n|turn|17\n|\n|t:|1700428787\n|switch|p1a: Rotom|Rotom-Wash|81\/100\n|-damage|p1a: Rotom|69\/100|[from] Stealth Rock\n|move|p2a: HELLOM|Hurricane|p1a: Rotom\n|-resisted|p1a: Rotom\n|-damage|p1a: Rotom|44\/100\n|-start|p1a: Rotom|confusion\n|\n|-weather|RainDance|[upkeep]\n|-heal|p1a: Rotom|50\/100|[from] item: Leftovers\n|-fieldend|move: Grassy Terrain\n|upkeep\n|turn|18\n|\n|t:|1700428809\n|switch|p2a: TIER|Rillaboom, F|65\/100\n|-fieldstart|move: Grassy Terrain|[from] ability: Grassy Surge|[of] p2a: TIER\n|-activate|p1a: Rotom|confusion\n|-damage|p1a: Rotom|47\/100|[from] confusion\n|\n|-weather|RainDance|[upkeep]\n|-heal|p2a: TIER|71\/100|[from] Grassy Terrain\n|-heal|p1a: Rotom|53\/100|[from] item: Leftovers\n|upkeep\n|turn|19\n|\n|t:|1700428825\n|-activate|p1a: Rotom|confusion\n|move|p1a: Rotom|Protect|p1a: Rotom\n|-singleturn|p1a: Rotom|Protect\n|move|p2a: TIER|U-turn|p1a: Rotom\n|-activate|p1a: Rotom|move: Protect\n|\n|-weather|RainDance|[upkeep]\n|-heal|p2a: TIER|77\/100|[from] Grassy Terrain\n|-heal|p1a: Rotom|59\/100|[from] item: Leftovers\n|upkeep\n|turn|20\n|\n|t:|1700428835\n|move|p2a: TIER|U-turn|p1a: Rotom\n|-damage|p1a: Rotom|26\/100\n|\n|t:|1700428852\n|switch|p2a: AESF|Landorus-Therian, M|100\/100 slp|[from] U-turn\n|-ability|p2a: AESF|Intimidate|boost\n|-unboost|p1a: Rotom|atk|1\n|-activate|p1a: Rotom|confusion\n|move|p1a: Rotom|Hydro Pump|p2a: AESF\n|-supereffective|p2a: AESF\n|-damage|p2a: AESF|0 fnt\n|faint|p2a: AESF\n|\n|-weather|RainDance|[upkeep]\n|-heal|p1a: Rotom|33\/100|[from] item: Leftovers\n|upkeep\n|\n|t:|1700428865\n|switch|p2a: TIER|Rillaboom, F|77\/100\n|turn|21\n|\n|t:|1700428869\n|-end|p1a: Rotom|confusion\n|move|p1a: Rotom|Protect|p1a: Rotom\n|-singleturn|p1a: Rotom|Protect\n|move|p2a: TIER|U-turn|p1a: Rotom\n|-activate|p1a: Rotom|move: Protect\n|\n|-weather|none\n|-heal|p2a: TIER|84\/100|[from] Grassy Terrain\n|-heal|p1a: Rotom|39\/100|[from] item: Leftovers\n|upkeep\n|turn|22\n|\n|t:|1700428889\n|move|p2a: TIER|U-turn|p1a: Rotom\n|-damage|p1a: Rotom|7\/100\n|\n|t:|1700428892\n|switch|p2a: PDT|Heatran, F|100\/100|[from] U-turn\n|-item|p2a: PDT|Air Balloon\n|move|p1a: Rotom|Hydro Pump|p2a: PDT\n|-supereffective|p2a: PDT\n|-damage|p2a: PDT|33\/100\n|-enditem|p2a: PDT|Air Balloon\n|\n|-heal|p2a: PDT|39\/100|[from] Grassy Terrain\n|-heal|p1a: Rotom|13\/100|[from] item: Leftovers\n|-fieldend|move: Grassy Terrain\n|upkeep\n|turn|23\n|inactive|TNunes has 270 seconds left.\n|\n|t:|1700428921\n|move|p1a: Rotom|Protect|p1a: Rotom\n|-singleturn|p1a: Rotom|Protect\n|move|p2a: PDT|Magma Storm|p1a: Rotom\n|-activate|p1a: Rotom|move: Protect\n|\n|-heal|p1a: Rotom|20\/100|[from] item: Leftovers\n|upkeep\n|turn|24\n|inactive|TNunes has 270 seconds left.\n|inactive|TNunes has 240 seconds left.\n|inactive|TNunes has 210 seconds left.\n|\n|t:|1700428993\n|switch|p1a: Ting-Lu|Ting-Lu|100\/100\n|-damage|p1a: Ting-Lu|94\/100|[from] Stealth Rock\n|-ability|p1a: Ting-Lu|Vessel of Ruin\n|move|p2a: PDT|Magma Storm|p1a: Ting-Lu\n|-damage|p1a: Ting-Lu|76\/100\n|-activate|p1a: Ting-Lu|move: Magma Storm|[of] p2a: PDT\n|\n|-heal|p1a: Ting-Lu|82\/100|[from] item: Leftovers\n|-damage|p1a: Ting-Lu|70\/100|[from] move: Magma Storm|[partiallytrapped]\n|upkeep\n|turn|25\n|\n|t:|1700429000\n|move|p2a: PDT|Taunt|p1a: Ting-Lu\n|-start|p1a: Ting-Lu|move: Taunt\n|cant|p1a: Ting-Lu|move: Taunt|Stealth Rock\n|\n|-heal|p1a: Ting-Lu|76\/100|[from] item: Leftovers\n|-damage|p1a: Ting-Lu|64\/100|[from] move: Magma Storm|[partiallytrapped]\n|upkeep\n|turn|26\n|\n|t:|1700429004\n|move|p2a: PDT|Will-O-Wisp|p1a: Ting-Lu\n|-status|p1a: Ting-Lu|brn\n|move|p1a: Ting-Lu|Ruination|p2a: PDT\n|-damage|p2a: PDT|20\/100\n|\n|-heal|p1a: Ting-Lu|70\/100 brn|[from] item: Leftovers\n|-damage|p1a: Ting-Lu|64\/100 brn|[from] brn\n|-damage|p1a: Ting-Lu|51\/100 brn|[from] move: Magma Storm|[partiallytrapped]\n|upkeep\n|turn|27\n|\n|t:|1700429016\n|switch|p2a: TIER|Rillaboom, F|84\/100\n|-fieldstart|move: Grassy Terrain|[from] ability: Grassy Surge|[of] p2a: TIER\n|move|p1a: Ting-Lu|Ruination|p2a: TIER\n|-damage|p2a: TIER|42\/100\n|\n|-heal|p2a: TIER|48\/100|[from] Grassy Terrain\n|-heal|p1a: Ting-Lu|57\/100 brn|[from] Grassy Terrain\n|-heal|p1a: Ting-Lu|64\/100 brn|[from] item: Leftovers\n|-damage|p1a: Ting-Lu|57\/100 brn|[from] brn\n|-end|p1a: Ting-Lu|Magma Storm|[partiallytrapped]|[silent]\n|-end|p1a: Ting-Lu|move: Taunt\n|upkeep\n|turn|28\n|inactive|TNunes has 240 seconds left.\n|\n|t:|1700429037\n|move|p2a: TIER|U-turn|p1a: Ting-Lu\n|-supereffective|p1a: Ting-Lu\n|-damage|p1a: Ting-Lu|18\/100 brn\n|\n|t:|1700429040\n|switch|p2a: HELLOM|Pelipper, F|100\/100|[from] U-turn\n|-weather|RainDance|[from] ability: Drizzle|[of] p2a: HELLOM\n|move|p1a: Ting-Lu|Stealth Rock|p2a: HELLOM\n|-sidestart|p2: Welli0u|move: Stealth Rock\n|\n|-weather|RainDance|[upkeep]\n|-heal|p1a: Ting-Lu|24\/100 brn|[from] Grassy Terrain\n|-heal|p1a: Ting-Lu|30\/100 brn|[from] item: Leftovers\n|-damage|p1a: Ting-Lu|24\/100 brn|[from] brn\n|upkeep\n|turn|29\n|inactive|TNunes has 240 seconds left.\n|\n|t:|1700429050\n|move|p2a: HELLOM|Hurricane|p1a: Ting-Lu\n|-damage|p1a: Ting-Lu|3\/100 brn\n|move|p1a: Ting-Lu|Ruination|p2a: HELLOM\n|-damage|p2a: HELLOM|51\/100\n|\n|-weather|RainDance|[upkeep]\n|-heal|p1a: Ting-Lu|9\/100 brn|[from] Grassy Terrain\n|-heal|p1a: Ting-Lu|15\/100 brn|[from] item: Leftovers\n|-damage|p1a: Ting-Lu|9\/100 brn|[from] brn\n|upkeep\n|turn|30\n|inactive|TNunes has 240 seconds left.\n|\n|t:|1700429058\n|move|p2a: HELLOM|Hurricane|p1a: Ting-Lu\n|-damage|p1a: Ting-Lu|0 fnt\n|faint|p1a: Ting-Lu\n|\n|-weather|RainDance|[upkeep]\n|upkeep\n|inactive|TNunes has 240 seconds left.\n|inactive|TNunes has 210 seconds left.\n|\n|t:|1700429101\n|switch|p1a: Rotom|Rotom-Wash|20\/100\n|-damage|p1a: Rotom|7\/100|[from] Stealth Rock\n|turn|31\n|\n|t:|1700429106\n|move|p2a: HELLOM|Hurricane|p1a: Rotom\n|-resisted|p1a: Rotom\n|-damage|p1a: Rotom|0 fnt\n|faint|p1a: Rotom\n|\n|-weather|RainDance|[upkeep]\n|-fieldend|move: Grassy Terrain\n|upkeep\n|\n|t:|1700429109\n|switch|p1a: Zamazenta|Zamazenta|100\/100\n|-damage|p1a: Zamazenta|94\/100|[from] Stealth Rock\n|turn|32\n|\n|t:|1700429120\n|move|p1a: Zamazenta|Stone Edge|p2a: HELLOM|[miss]\n|-miss|p1a: Zamazenta|p2a: HELLOM\n|move|p2a: HELLOM|Hurricane|p1a: Zamazenta\n|-supereffective|p1a: Zamazenta\n|-damage|p1a: Zamazenta|7\/100\n|\n|-weather|none\n|upkeep\n|turn|33\n|inactive|Welli0u has 270 seconds left.\n|\n|t:|1700429166\n|switch|p2a: TIER|Rillaboom, F|48\/100\n|-damage|p2a: TIER|36\/100|[from] Stealth Rock\n|-fieldstart|move: Grassy Terrain|[from] ability: Grassy Surge|[of] p2a: TIER\n|move|p1a: Zamazenta|Stone Edge|p2a: TIER\n|-damage|p2a: TIER|0 fnt\n|faint|p2a: TIER\n|\n|-heal|p1a: Zamazenta|13\/100|[from] Grassy Terrain\n|upkeep\n|\n|t:|1700429169\n|switch|p2a: STRAP|Sneasler, M|100\/100\n|-damage|p2a: STRAP|95\/100|[from] Stealth Rock\n|-enditem|p2a: STRAP|Grassy Seed\n|-boost|p2a: STRAP|def|1|[from] item: Grassy Seed\n|turn|34\n|\n|t:|1700429187\n|switch|p1a: Skeledirge|Skeledirge, F|100\/100\n|move|p2a: STRAP|Swords Dance|p2a: STRAP\n|-boost|p2a: STRAP|atk|2\n|\n|-heal|p2a: STRAP|100\/100|[from] Grassy Terrain\n|upkeep\n|turn|35\n|inactive|TNunes has 240 seconds left.\n|\n|t:|1700429222\n|-terastallize|p2a: STRAP|Ghost\n|-terastallize|p1a: Skeledirge|Water\n|move|p2a: STRAP|Shadow Claw|p1a: Skeledirge\n|-damage|p1a: Skeledirge|67\/100\n|move|p1a: Skeledirge|Will-O-Wisp|p2a: STRAP|[miss]\n|-miss|p1a: Skeledirge|p2a: STRAP\n|\n|-heal|p1a: Skeledirge|74\/100|[from] Grassy Terrain\n|upkeep\n|turn|36\n|\n|t:|1700429236\n|move|p2a: STRAP|Gunk Shot|p1a: Skeledirge|[miss]\n|-miss|p2a: STRAP|p1a: Skeledirge\n|move|p1a: Skeledirge|Will-O-Wisp|p2a: STRAP\n|-status|p2a: STRAP|brn\n|\n|-heal|p1a: Skeledirge|80\/100|[from] Grassy Terrain\n|-damage|p2a: STRAP|95\/100 brn|[from] brn\n|upkeep\n|turn|37\n|inactive|TNunes has 210 seconds left.\n|\n|t:|1700429276\n|move|p2a: STRAP|Gunk Shot|p1a: Skeledirge|[miss]\n|-miss|p2a: STRAP|p1a: Skeledirge\n|move|p1a: Skeledirge|Hex|p2a: STRAP\n|-supereffective|p2a: STRAP\n|-damage|p2a: STRAP|0 fnt\n|faint|p2a: STRAP\n|\n|-heal|p1a: Skeledirge|86\/100|[from] Grassy Terrain\n|-fieldend|move: Grassy Terrain\n|upkeep\n|\n|t:|1700429288\n|switch|p2a: PDT|Heatran, F|20\/100\n|-damage|p2a: PDT|8\/100|[from] Stealth Rock\n|turn|38\n|\n|t:|1700429310\n|move|p2a: PDT|Earth Power|p1a: Skeledirge\n|-damage|p1a: Skeledirge|66\/100\n|move|p1a: Skeledirge|Hex|p2a: PDT\n|-damage|p2a: PDT|0 fnt\n|faint|p2a: PDT\n|\n|upkeep\n|\n|t:|1700429321\n|switch|p2a: HELLOM|Pelipper, F|51\/100\n|-damage|p2a: HELLOM|26\/100|[from] Stealth Rock\n|-weather|RainDance|[from] ability: Drizzle|[of] p2a: HELLOM\n|turn|39\n|\n|t:|1700429332\n|move|p2a: HELLOM|Hurricane|p1a: Skeledirge\n|-damage|p1a: Skeledirge|30\/100\n|-start|p1a: Skeledirge|confusion\n|-activate|p1a: Skeledirge|confusion\n|-damage|p1a: Skeledirge|25\/100|[from] confusion\n|\n|-weather|RainDance|[upkeep]\n|upkeep\n|turn|40\n|\n|t:|1700429340\n|move|p2a: HELLOM|Hurricane|p1a: Skeledirge\n|-damage|p1a: Skeledirge|0 fnt\n|faint|p1a: Skeledirge\n|\n|-weather|RainDance|[upkeep]\n|upkeep\n|\n|t:|1700429348\n|switch|p1a: Zamazenta|Zamazenta|13\/100\n|-damage|p1a: Zamazenta|7\/100|[from] Stealth Rock\n|turn|41\n|\n|t:|1700429367\n|move|p1a: Zamazenta|Close Combat|p2a: HELLOM\n|-resisted|p2a: HELLOM\n|-damage|p2a: HELLOM|0 fnt\n|-unboost|p1a: Zamazenta|def|1\n|-unboost|p1a: Zamazenta|spd|1\n|faint|p2a: HELLOM\n|\n|win|TNunes\n|c|\u2606TNunes|gg\n|c|\u2606TNunes|\/log TNunes made the replay of this battle unlisted.\n","uploadtime":1700429368,"views":283,"p1id":"tnunes","p2id":"welli0u","formatid":"gen9ou","rating":0,"private":0,"password":null}