{"id":"smogtours-gen9ou-731441","p1":"Kushalos","p2":"zioziotrip","format":"[Gen 9] OU","log":"|inactive|Battle timer is ON: inactive players will automatically lose when time's up.\n|t:|1700404983\n|gametype|singles\n|player|p1|Kushalos|lady-gen4|\n|player|p2|zioziotrip|#scl3platoon2|\n|teamsize|p1|6\n|teamsize|p2|6\n|gen|9\n|tier|[Gen 9] OU\n|rule|Sleep Clause Mod: Limit one foe put to sleep\n|rule|Species Clause: Limit one of each Pok\u00e9mon\n|rule|OHKO Clause: OHKO moves are banned\n|rule|Evasion Items Clause: Evasion items are banned\n|rule|Evasion Moves Clause: Evasion moves are banned\n|rule|Endless Battle Clause: Forcing endless battles is banned\n|rule|HP Percentage Mod: HP is shown in percentages\n|clearpoke\n|poke|p1|Zamazenta-*|\n|poke|p1|Ting-Lu|\n|poke|p1|Hatterene, F|\n|poke|p1|Gholdengo|\n|poke|p1|Manaphy|\n|poke|p1|Dragonite, F|\n|poke|p2|Manaphy|\n|poke|p2|Dragapult, M|\n|poke|p2|Sneasler, M|\n|poke|p2|Glimmora, M|\n|poke|p2|Hawlucha, F|\n|poke|p2|Rillaboom, F|\n|teampreview\n|c|\u2606zioziotrip|hf\n|c|\u2606Kushalos|u2\n|inactive|Kushalos has 270 seconds left.\n|inactive|zioziotrip has 270 seconds left.\n|inactive|Kushalos has 240 seconds left.\n|inactive|zioziotrip has 240 seconds left.\n|raw|<div class=\"broadcast-red\"><strong>Moderated chat was set to \u2606!<\/strong><br \/>Only users of rank \u2606 and higher can talk.<\/div>\n|inactive|Kushalos has 210 seconds left.\n|inactive|zioziotrip has 210 seconds left.\n|inactive|zioziotrip has 180 seconds left.\n|\n|t:|1700405114\n|start\n|switch|p1a: Hatterene|Hatterene, F|100\/100\n|switch|p2a: BINKUSUNO SAKE|Rillaboom, F|100\/100\n|-fieldstart|move: Grassy Terrain|[from] ability: Grassy Surge|[of] p2a: BINKUSUNO SAKE\n|turn|1\n|inactive|Kushalos has 270 seconds left.\n|\n|t:|1700405129\n|move|p2a: BINKUSUNO SAKE|Knock Off|p1a: Hatterene\n|-crit|p1a: Hatterene\n|-damage|p1a: Hatterene|34\/100\n|-enditem|p1a: Hatterene|Focus Sash|[from] move: Knock Off|[of] p2a: BINKUSUNO SAKE\n|move|p1a: Hatterene|Nuzzle|p2a: BINKUSUNO SAKE\n|-resisted|p2a: BINKUSUNO SAKE\n|-damage|p2a: BINKUSUNO SAKE|99\/100\n|-status|p2a: BINKUSUNO SAKE|par\n|\n|-heal|p1a: Hatterene|40\/100|[from] Grassy Terrain\n|-heal|p2a: BINKUSUNO SAKE|100\/100 par|[from] Grassy Terrain\n|upkeep\n|turn|2\n|inactive|Kushalos has 270 seconds left.\n|inactive|Kushalos has 240 seconds left.\n|inactive|Kushalos has 210 seconds left.\n|\n|t:|1700405199\n|move|p1a: Hatterene|Healing Wish|p1a: Hatterene\n|faint|p1a: Hatterene\n|move|p2a: BINKUSUNO SAKE|Wood Hammer|p1: Hatterene|[notarget]\n|-fail|p2a: BINKUSUNO SAKE\n|\n|upkeep\n|inactive|Kushalos has 210 seconds left.\n|\n|t:|1700405224\n|switch|p1a: Dragonite|Dragonite, F|100\/100\n|turn|3\n|\n|t:|1700405234\n|switch|p2a: INVINCIBLE|Dragapult, M|100\/100\n|move|p1a: Dragonite|Dragon Dance|p1a: Dragonite\n|-boost|p1a: Dragonite|atk|1\n|-boost|p1a: Dragonite|spe|1\n|\n|upkeep\n|turn|4\n|\n|t:|1700405242\n|move|p1a: Dragonite|Dragon Claw|p2a: INVINCIBLE\n|-supereffective|p2a: INVINCIBLE\n|-enditem|p2a: INVINCIBLE|Focus Sash\n|-damage|p2a: INVINCIBLE|1\/100\n|move|p2a: INVINCIBLE|Will-O-Wisp|p1a: Dragonite\n|-status|p1a: Dragonite|brn\n|\n|-heal|p2a: INVINCIBLE|7\/100|[from] Grassy Terrain\n|-damage|p1a: Dragonite|94\/100 brn|[from] brn\n|upkeep\n|turn|5\n|inactive|Kushalos has 210 seconds left.\n|inactive|zioziotrip has 240 seconds left.\n|inactive|Kushalos has 180 seconds left.\n|inactive|Kushalos has 150 seconds left.\n|inactive|zioziotrip has 210 seconds left.\n|inactive|zioziotrip has 180 seconds left.\n|\n|t:|1700405338\n|switch|p1a: Ting-Lu|Ting-Lu|100\/100\n|-ability|p1a: Ting-Lu|Vessel of Ruin\n|switch|p2a: TOT MUSICA|Glimmora, M|100\/100\n|\n|upkeep\n|turn|6\n|inactive|Kushalos has 150 seconds left.\n|\n|t:|1700405374\n|move|p2a: TOT MUSICA|Mortal Spin|p1a: Ting-Lu\n|-resisted|p1a: Ting-Lu\n|-damage|p1a: Ting-Lu|99\/100\n|-status|p1a: Ting-Lu|psn\n|-enditem|p1a: Ting-Lu|Red Card|[of] p2a: TOT MUSICA\n|drag|p2a: BINKUSUNO SAKE|Rillaboom, F|100\/100 par\n|move|p1a: Ting-Lu|Stealth Rock|p2a: BINKUSUNO SAKE\n|-sidestart|p2: zioziotrip|move: Stealth Rock\n|\n|-heal|p1a: Ting-Lu|100\/100 psn|[from] Grassy Terrain\n|-damage|p1a: Ting-Lu|88\/100 psn|[from] psn\n|upkeep\n|turn|7\n|inactive|Kushalos has 120 seconds left.\n|\n|t:|1700405399\n|move|p1a: Ting-Lu|Spikes|p2a: BINKUSUNO SAKE\n|-sidestart|p2: zioziotrip|Spikes\n|move|p2a: BINKUSUNO SAKE|U-turn|p1a: Ting-Lu\n|-supereffective|p1a: Ting-Lu\n|-damage|p1a: Ting-Lu|61\/100 psn\n|\n|t:|1700405401\n|switch|p2a: TOT MUSICA|Glimmora, M|100\/100|[from] U-turn\n|-damage|p2a: TOT MUSICA|88\/100|[from] Stealth Rock\n|-damage|p2a: TOT MUSICA|76\/100|[from] Spikes\n|\n|-heal|p2a: TOT MUSICA|82\/100|[from] Grassy Terrain\n|-heal|p1a: Ting-Lu|67\/100 psn|[from] Grassy Terrain\n|-damage|p1a: Ting-Lu|55\/100 psn|[from] psn\n|upkeep\n|turn|8\n|inactive|Kushalos has 120 seconds left.\n|\n|t:|1700405413\n|switch|p1a: Gholdengo|Gholdengo|100\/100\n|-item|p1a: Gholdengo|Air Balloon\n|move|p2a: TOT MUSICA|Dazzling Gleam|p1a: Gholdengo\n|-resisted|p1a: Gholdengo\n|-damage|p1a: Gholdengo|86\/100\n|-enditem|p1a: Gholdengo|Air Balloon\n|\n|-heal|p2a: TOT MUSICA|88\/100|[from] Grassy Terrain\n|-heal|p1a: Gholdengo|92\/100|[from] Grassy Terrain\n|-fieldend|move: Grassy Terrain\n|upkeep\n|turn|9\n|inactive|zioziotrip has 210 seconds left.\n|inactive|Kushalos has 120 seconds left.\n|\n|t:|1700405442\n|move|p2a: TOT MUSICA|Earth Power|p1a: Gholdengo\n|-supereffective|p1a: Gholdengo\n|-damage|p1a: Gholdengo|24\/100\n|move|p1a: Gholdengo|Make It Rain|p2a: TOT MUSICA\n|-supereffective|p2a: TOT MUSICA\n|-damage|p2a: TOT MUSICA|0 fnt\n|-unboost|p1a: Gholdengo|spa|1\n|faint|p2a: TOT MUSICA\n|\n|upkeep\n|\n|t:|1700405446\n|switch|p2a: BINKUSUNO SAKE|Rillaboom, F|100\/100 par\n|-damage|p2a: BINKUSUNO SAKE|88\/100 par|[from] Stealth Rock\n|-damage|p2a: BINKUSUNO SAKE|76\/100 par|[from] Spikes\n|-fieldstart|move: Grassy Terrain|[from] ability: Grassy Surge|[of] p2a: BINKUSUNO SAKE\n|turn|10\n|inactive|Kushalos has 120 seconds left.\n|inactive|Kushalos has 90 seconds left.\n|inactive|zioziotrip has 180 seconds left.\n|inactive|Kushalos has 60 seconds left.\n|\n|t:|1700405523\n|switch|p1a: Zamazenta|Zamazenta|100\/100\n|-ability|p1a: Zamazenta|Dauntless Shield|boost\n|-boost|p1a: Zamazenta|def|1\n|move|p2a: BINKUSUNO SAKE|U-turn|p1a: Zamazenta\n|-resisted|p1a: Zamazenta\n|-damage|p1a: Zamazenta|94\/100\n|\n|t:|1700405533\n|switch|p2a: WHERETHEWINDBLOWS|Hawlucha, F|100\/100|[from] U-turn\n|-damage|p2a: WHERETHEWINDBLOWS|88\/100|[from] Stealth Rock\n|-enditem|p2a: WHERETHEWINDBLOWS|Grassy Seed\n|-boost|p2a: WHERETHEWINDBLOWS|def|1|[from] item: Grassy Seed\n|\n|-heal|p1a: Zamazenta|100\/100|[from] Grassy Terrain\n|upkeep\n|turn|11\n|inactive|Kushalos has 60 seconds left.\n|inactive|zioziotrip has 150 seconds left.\n|\n|t:|1700405601\n|switch|p1a: Gholdengo|Gholdengo|24\/100\n|-heal|p1a: Gholdengo|100\/100|[from] move: Healing Wish\n|move|p2a: WHERETHEWINDBLOWS|Swords Dance|p2a: WHERETHEWINDBLOWS\n|-boost|p2a: WHERETHEWINDBLOWS|atk|2\n|\n|upkeep\n|turn|12\n|inactive|Kushalos has 30 seconds left.\n|inactive|zioziotrip has 120 seconds left.\n|inactive|zioziotrip has 90 seconds left.\n|\n|t:|1700405665\n|move|p2a: WHERETHEWINDBLOWS|Acrobatics|p1a: Gholdengo\n|-resisted|p1a: Gholdengo\n|-damage|p1a: Gholdengo|49\/100\n|move|p1a: Gholdengo|Thunder Wave|p2a: WHERETHEWINDBLOWS|[miss]\n|-miss|p1a: Gholdengo|p2a: WHERETHEWINDBLOWS\n|\n|-heal|p1a: Gholdengo|55\/100|[from] Grassy Terrain\n|upkeep\n|turn|13\n|\n|t:|1700405675\n|-terastallize|p2a: WHERETHEWINDBLOWS|Flying\n|move|p2a: WHERETHEWINDBLOWS|Acrobatics|p1a: Gholdengo\n|-resisted|p1a: Gholdengo\n|-damage|p1a: Gholdengo|0 fnt\n|faint|p1a: Gholdengo\n|\n|upkeep\n|inactive|Kushalos has 30 seconds left.\n|\n|t:|1700405691\n|switch|p1a: Manaphy|Manaphy|100\/100\n|turn|14\n|\n|t:|1700405694\n|move|p2a: WHERETHEWINDBLOWS|Acrobatics|p1a: Manaphy\n|-damage|p1a: Manaphy|0 fnt\n|faint|p1a: Manaphy\n|\n|upkeep\n|\n|t:|1700405703\n|switch|p1a: Ting-Lu|Ting-Lu|55\/100 psn\n|-ability|p1a: Ting-Lu|Vessel of Ruin\n|turn|15\n|inactive|zioziotrip has 120 seconds left.\n|\n|t:|1700405709\n|move|p2a: WHERETHEWINDBLOWS|Acrobatics|p1a: Ting-Lu\n|-damage|p1a: Ting-Lu|0 fnt\n|faint|p1a: Ting-Lu\n|\n|upkeep\n|c|\u2606Kushalos|gg\n|-message|Kushalos forfeited.\n|\n|win|zioziotrip\n|c|\u2606zioziotrip|gg\n","uploadtime":1700405714,"views":320,"p1id":"kushalos","p2id":"zioziotrip","formatid":"gen9ou","rating":0,"private":0,"password":""}