{"id":"smogtours-gen9ou-731858","p1":"Aberforth","p2":"Meru","format":"[Gen 9] OU","log":"|inactive|Battle timer is ON: inactive players will automatically lose when time's up.\n|t:|1700449161\n|gametype|singles\n|player|p1|Aberforth|#scl3machines|\n|player|p2|Meru|#scl2terrors|\n|teamsize|p1|6\n|teamsize|p2|6\n|gen|9\n|tier|[Gen 9] OU\n|rule|Sleep Clause Mod: Limit one foe put to sleep\n|rule|Species Clause: Limit one of each Pok\u00e9mon\n|rule|OHKO Clause: OHKO moves are banned\n|rule|Evasion Items Clause: Evasion items are banned\n|rule|Evasion Moves Clause: Evasion moves are banned\n|rule|Endless Battle Clause: Forcing endless battles is banned\n|rule|HP Percentage Mod: HP is shown in percentages\n|clearpoke\n|poke|p1|Heatran, F|\n|poke|p1|Hawlucha, F|\n|poke|p1|Rillaboom, M|\n|poke|p1|Sneasler, F|\n|poke|p1|Enamorus, F|\n|poke|p1|Ogerpon-Wellspring, F|\n|poke|p2|Rillaboom, M|\n|poke|p2|Sneasler, M|\n|poke|p2|Sandy Shocks|\n|poke|p2|Mimikyu, M|\n|poke|p2|Samurott-Hisui, F|\n|poke|p2|Heatran, F|\n|teampreview\n|c|\u2606Meru|glhf\n|c|\u2606Aberforth|u2\n|raw|<div class=\"broadcast-red\"><strong>Moderated chat was set to \u2606!<\/strong><br \/>Only users of rank \u2606 and higher can talk.<\/div>\n|inactive|Aberforth has 270 seconds left.\n|inactive|Meru has 270 seconds left.\n|inactive|Meru has 240 seconds left.\n|inactive|Aberforth has 240 seconds left.\n|\n|t:|1700449237\n|start\n|switch|p1a: Ogerpon|Ogerpon-Wellspring, F|100\/100\n|switch|p2a: houdini|Rillaboom, M|100\/100\n|-fieldstart|move: Grassy Terrain|[from] ability: Grassy Surge|[of] p2a: houdini\n|turn|1\n|\n|t:|1700449256\n|move|p2a: houdini|U-turn|p1a: Ogerpon\n|-supereffective|p1a: Ogerpon\n|-damage|p1a: Ogerpon|0 fnt\n|faint|p1a: Ogerpon\n|inactive|Meru has 270 seconds left.\n|\n|t:|1700449277\n|switch|p2a: problematique|Heatran, F|100\/100|[from] U-turn\n|-item|p2a: problematique|Air Balloon\n|\n|upkeep\n|\n|t:|1700449289\n|switch|p1a: Heatran|Heatran, F|100\/100\n|-item|p1a: Heatran|Air Balloon\n|turn|2\n|\n|t:|1700449297\n|move|p2a: problematique|Taunt|p1a: Heatran\n|-start|p1a: Heatran|move: Taunt\n|cant|p1a: Heatran|move: Taunt|Stealth Rock\n|\n|upkeep\n|turn|3\n|inactive|Aberforth has 270 seconds left.\n|\n|t:|1700449328\n|switch|p1a: Rillaboom|Rillaboom, M|100\/100\n|move|p2a: problematique|Stealth Rock|p1a: Rillaboom\n|-sidestart|p1: Aberforth|move: Stealth Rock\n|\n|upkeep\n|turn|4\n|inactive|Meru has 270 seconds left.\n|inactive|Aberforth has 270 seconds left.\n|\n|t:|1700449382\n|move|p1a: Rillaboom|Grassy Glide|p2a: problematique\n|-resisted|p2a: problematique\n|-damage|p2a: problematique|91\/100\n|-enditem|p2a: problematique|Air Balloon\n|move|p2a: problematique|Magma Storm|p1a: Rillaboom|[miss]\n|-miss|p2a: problematique|p1a: Rillaboom\n|\n|-heal|p2a: problematique|97\/100|[from] Grassy Terrain\n|upkeep\n|turn|5\n|\n|t:|1700449403\n|move|p2a: problematique|Taunt|p1a: Rillaboom\n|-start|p1a: Rillaboom|move: Taunt\n|move|p1a: Rillaboom|U-turn|p2a: problematique\n|-resisted|p2a: problematique\n|-damage|p2a: problematique|92\/100\n|\n|t:|1700449406\n|switch|p1a: Heatran|Heatran, F|100\/100|[from] U-turn\n|-damage|p1a: Heatran|88\/100|[from] Stealth Rock\n|-item|p1a: Heatran|Air Balloon\n|\n|-heal|p2a: problematique|98\/100|[from] Grassy Terrain\n|-fieldend|move: Grassy Terrain\n|upkeep\n|turn|6\n|\n|t:|1700449418\n|switch|p2a: heyyy|Samurott-Hisui, F|100\/100\n|move|p1a: Heatran|Magma Storm|p2a: heyyy|[miss]\n|-miss|p1a: Heatran|p2a: heyyy\n|\n|upkeep\n|turn|7\n|\n|t:|1700449428\n|switch|p1a: Rillaboom|Rillaboom, M|100\/100\n|-damage|p1a: Rillaboom|88\/100|[from] Stealth Rock\n|-fieldstart|move: Grassy Terrain|[from] ability: Grassy Surge|[of] p1a: Rillaboom\n|move|p2a: heyyy|Ceaseless Edge|p1a: Rillaboom\n|-damage|p1a: Rillaboom|47\/100\n|-sidestart|p1: Aberforth|Spikes\n|\n|-heal|p1a: Rillaboom|53\/100|[from] Grassy Terrain\n|upkeep\n|turn|8\n|inactive|Meru has 240 seconds left.\n|\n|t:|1700449465\n|switch|p2a: problematique|Heatran, F|98\/100\n|move|p1a: Rillaboom|U-turn|p2a: problematique\n|-resisted|p2a: problematique\n|-damage|p2a: problematique|92\/100\n|\n|t:|1700449471\n|switch|p1a: Heatran|Heatran, F|88\/100|[from] U-turn\n|-damage|p1a: Heatran|76\/100|[from] Stealth Rock\n|-item|p1a: Heatran|Air Balloon\n|\n|-heal|p2a: problematique|98\/100|[from] Grassy Terrain\n|upkeep\n|turn|9\n|\n|t:|1700449481\n|switch|p2a: heyyy|Samurott-Hisui, F|100\/100\n|move|p1a: Heatran|Stealth Rock|p2a: heyyy\n|-sidestart|p2: Meru|move: Stealth Rock\n|\n|upkeep\n|turn|10\n|\n|t:|1700449493\n|switch|p1a: Enamorus|Enamorus, F|100\/100\n|-damage|p1a: Enamorus|76\/100|[from] Stealth Rock\n|move|p2a: heyyy|Razor Shell|p1a: Enamorus\n|-damage|p1a: Enamorus|0 fnt\n|faint|p1a: Enamorus\n|\n|upkeep\n|inactive|Aberforth has 270 seconds left.\n|\n|t:|1700449525\n|switch|p1a: Hawlucha|Hawlucha, F|100\/100\n|-damage|p1a: Hawlucha|88\/100|[from] Stealth Rock\n|-enditem|p1a: Hawlucha|Grassy Seed\n|-boost|p1a: Hawlucha|def|1|[from] item: Grassy Seed\n|turn|11\n|inactive|Meru has 240 seconds left.\n|inactive|Meru has 210 seconds left.\n|\n|t:|1700449593\n|move|p1a: Hawlucha|Acrobatics|p2a: heyyy\n|-damage|p2a: heyyy|32\/100\n|move|p2a: heyyy|Razor Shell|p1a: Hawlucha\n|-damage|p1a: Hawlucha|45\/100\n|-unboost|p1a: Hawlucha|def|1\n|\n|-heal|p2a: heyyy|38\/100|[from] Grassy Terrain\n|upkeep\n|turn|12\n|inactive|Meru has 180 seconds left.\n|inactive|Meru has 150 seconds left.\n|\n|t:|1700449669\n|switch|p2a: Ban Zapdos|Sandy Shocks|100\/100\n|-damage|p2a: Ban Zapdos|94\/100|[from] Stealth Rock\n|-enditem|p2a: Ban Zapdos|Booster Energy\n|-activate|p2a: Ban Zapdos|ability: Protosynthesis|[fromitem]\n|-start|p2a: Ban Zapdos|protosynthesisspe\n|move|p1a: Hawlucha|Acrobatics|p2a: Ban Zapdos\n|-resisted|p2a: Ban Zapdos\n|-damage|p2a: Ban Zapdos|65\/100\n|\n|-heal|p2a: Ban Zapdos|71\/100|[from] Grassy Terrain\n|upkeep\n|turn|13\n|\n|t:|1700449692\n|move|p1a: Hawlucha|Close Combat|p2a: Ban Zapdos\n|-damage|p2a: Ban Zapdos|11\/100\n|-unboost|p1a: Hawlucha|def|1\n|-unboost|p1a: Hawlucha|spd|1\n|move|p2a: Ban Zapdos|Thunderbolt|p1a: Hawlucha\n|-supereffective|p1a: Hawlucha\n|-damage|p1a: Hawlucha|0 fnt\n|faint|p1a: Hawlucha\n|\n|-heal|p2a: Ban Zapdos|17\/100|[from] Grassy Terrain\n|upkeep\n|\n|t:|1700449698\n|switch|p1a: Sneasler|Sneasler, F|100\/100\n|-damage|p1a: Sneasler|95\/100|[from] Stealth Rock\n|-damage|p1a: Sneasler|82\/100|[from] Spikes\n|-enditem|p1a: Sneasler|Grassy Seed\n|-boost|p1a: Sneasler|def|1|[from] item: Grassy Seed\n|turn|14\n|\n|t:|1700449705\n|move|p1a: Sneasler|Shadow Claw|p2a: Ban Zapdos\n|-damage|p2a: Ban Zapdos|0 fnt\n|faint|p2a: Ban Zapdos\n|-end|p2a: Ban Zapdos|Protosynthesis|[silent]\n|\n|-heal|p1a: Sneasler|88\/100|[from] Grassy Terrain\n|-fieldend|move: Grassy Terrain\n|upkeep\n|\n|t:|1700449715\n|switch|p2a: UU WON PSPL|Mimikyu, M|100\/100\n|-damage|p2a: UU WON PSPL|88\/100|[from] Stealth Rock\n|turn|15\n|inactive|Aberforth has 270 seconds left.\n|\n|t:|1700449721\n|move|p1a: Sneasler|Shadow Claw|p2a: UU WON PSPL\n|-activate|p2a: UU WON PSPL|ability: Disguise\n|-damage|p2a: UU WON PSPL|88\/100\n|detailschange|p2a: UU WON PSPL|Mimikyu-Busted, M\n|-damage|p2a: UU WON PSPL|76\/100|[from] pokemon: Mimikyu-Busted\n|-enditem|p2a: UU WON PSPL|Red Card|[of] p1a: Sneasler\n|drag|p1a: Rillaboom|Rillaboom, M|53\/100\n|-damage|p1a: Rillaboom|41\/100|[from] Stealth Rock\n|-damage|p1a: Rillaboom|29\/100|[from] Spikes\n|-fieldstart|move: Grassy Terrain|[from] ability: Grassy Surge|[of] p1a: Rillaboom\n|move|p2a: UU WON PSPL|Night Shade|p1a: Rillaboom\n|-damage|p1a: Rillaboom|4\/100\n|\n|-heal|p2a: UU WON PSPL|82\/100|[from] Grassy Terrain\n|-heal|p1a: Rillaboom|10\/100|[from] Grassy Terrain\n|upkeep\n|turn|16\n|inactive|Aberforth has 270 seconds left.\n|\n|t:|1700449745\n|switch|p2a: houdini|Rillaboom, M|100\/100\n|-damage|p2a: houdini|88\/100|[from] Stealth Rock\n|move|p1a: Rillaboom|Grassy Glide|p2a: houdini\n|-resisted|p2a: houdini\n|-damage|p2a: houdini|69\/100\n|\n|-heal|p2a: houdini|76\/100|[from] Grassy Terrain\n|-heal|p1a: Rillaboom|16\/100|[from] Grassy Terrain\n|upkeep\n|turn|17\n|\n|t:|1700449753\n|move|p1a: Rillaboom|Grassy Glide|p2a: houdini\n|-resisted|p2a: houdini\n|-damage|p2a: houdini|56\/100\n|move|p2a: houdini|U-turn|p1a: Rillaboom\n|-supereffective|p1a: Rillaboom\n|-damage|p1a: Rillaboom|0 fnt\n|faint|p1a: Rillaboom\n|inactive|Meru has 120 seconds left.\n|\n|t:|1700449793\n|switch|p2a: UU WON PSPL|Mimikyu-Busted, M|82\/100|[from] U-turn\n|-damage|p2a: UU WON PSPL|69\/100|[from] Stealth Rock\n|\n|-heal|p2a: UU WON PSPL|75\/100|[from] Grassy Terrain\n|upkeep\n|inactive|Aberforth has 270 seconds left.\n|\n|t:|1700449836\n|switch|p1a: Sneasler|Sneasler, F|88\/100\n|-damage|p1a: Sneasler|82\/100|[from] Stealth Rock\n|-damage|p1a: Sneasler|70\/100|[from] Spikes\n|turn|18\n|inactive|Aberforth has 240 seconds left.\n|\n|t:|1700449854\n|move|p1a: Sneasler|Swords Dance|p1a: Sneasler\n|-boost|p1a: Sneasler|atk|2\n|move|p2a: UU WON PSPL|Night Shade|p1a: Sneasler\n|-damage|p1a: Sneasler|37\/100\n|\n|-heal|p1a: Sneasler|43\/100|[from] Grassy Terrain\n|-heal|p2a: UU WON PSPL|81\/100|[from] Grassy Terrain\n|upkeep\n|turn|19\n|\n|t:|1700449865\n|move|p1a: Sneasler|Shadow Claw|p2a: UU WON PSPL\n|-supereffective|p2a: UU WON PSPL\n|-damage|p2a: UU WON PSPL|0 fnt\n|faint|p2a: UU WON PSPL\n|\n|-heal|p1a: Sneasler|49\/100|[from] Grassy Terrain\n|upkeep\n|\n|t:|1700449876\n|switch|p2a: so now what|Sneasler, M|100\/100\n|-damage|p2a: so now what|95\/100|[from] Stealth Rock\n|-enditem|p2a: so now what|Grassy Seed\n|-boost|p2a: so now what|def|1|[from] item: Grassy Seed\n|turn|20\n|inactive|Aberforth has 240 seconds left.\n|\n|t:|1700449902\n|-terastallize|p1a: Sneasler|Ghost\n|move|p2a: so now what|Shadow Claw|p1a: Sneasler\n|-supereffective|p1a: Sneasler\n|-damage|p1a: Sneasler|0 fnt\n|faint|p1a: Sneasler\n|\n|-heal|p2a: so now what|100\/100|[from] Grassy Terrain\n|upkeep\n|c|\u2606Aberforth|gg\n|inactive|Aberforth has 240 seconds left.\n|\n|t:|1700449910\n|switch|p1a: Heatran|Heatran, F|76\/100\n|-damage|p1a: Heatran|64\/100|[from] Stealth Rock\n|-item|p1a: Heatran|Air Balloon\n|turn|21\n|c|\u2606Meru|gg\n|\n|t:|1700449915\n|move|p2a: so now what|Close Combat|p1a: Heatran\n|-supereffective|p1a: Heatran\n|-damage|p1a: Heatran|0 fnt\n|-unboost|p2a: so now what|def|1\n|-unboost|p2a: so now what|spd|1\n|-enditem|p1a: Heatran|Air Balloon\n|faint|p1a: Heatran\n|\n|win|Meru\n","uploadtime":1700449199,"views":326,"p1id":"aberforth","p2id":"meru","formatid":"gen9ou","rating":0,"private":0,"password":""}