{"id":"smogtours-gen9ou-729842","p1":"silent waltz amir","p2":"noodle and mind","format":"[Gen 9] OU","log":"|inactive|Battle timer is ON: inactive players will automatically lose when time's up.\n|t:|1699710489\n|gametype|singles\n|player|p1|silent waltz amir|acetrainerf-gen4dp|\n|player|p2|noodle and mind|unknownf|\n|teamsize|p1|6\n|teamsize|p2|6\n|gen|9\n|tier|[Gen 9] OU\n|rule|Sleep Clause Mod: Limit one foe put to sleep\n|rule|Species Clause: Limit one of each Pok\u00e9mon\n|rule|OHKO Clause: OHKO moves are banned\n|rule|Evasion Items Clause: Evasion items are banned\n|rule|Evasion Moves Clause: Evasion moves are banned\n|rule|Endless Battle Clause: Forcing endless battles is banned\n|rule|HP Percentage Mod: HP is shown in percentages\n|clearpoke\n|poke|p1|Dragonite, F|\n|poke|p1|Zamazenta-*|\n|poke|p1|Cinderace, F|\n|poke|p1|Gholdengo|\n|poke|p1|Samurott-Hisui, F|\n|poke|p1|Enamorus, F|\n|poke|p2|Clefable, M|\n|poke|p2|Dragapult, M|\n|poke|p2|Great Tusk|\n|poke|p2|Corviknight, F|\n|poke|p2|Iron Moth|\n|poke|p2|Samurott-Hisui, M|\n|teampreview\n|inactive|silent waltz amir has 270 seconds left.\n|inactive|noodle and mind has 270 seconds left.\n|c|\u2606silent waltz amir|1 min, SW is coming\n|inactive|silent waltz amir also wants the timer to be on.\n|inactive|silent waltz amir has 240 seconds left.\n|\n|t:|1699710573\n|start\n|switch|p1a: Enamorus|Enamorus, F|100\/100\n|switch|p2a: Corviknight|Corviknight, F|100\/100\n|-ability|p2a: Corviknight|Pressure\n|turn|1\n|inactive|silent waltz amir has 270 seconds left.\n|\n|t:|1699710608\n|switch|p1a: Cinderace|Cinderace, F|100\/100\n|switch|p2a: Clefable|Clefable, M|100\/100\n|\n|upkeep\n|turn|2\n|inactive|noodle and mind has 270 seconds left.\n|\n|t:|1699710638\n|switch|p2a: Iron Moth|Iron Moth|100\/100\n|move|p1a: Cinderace|U-turn|p2a: Iron Moth\n|-resisted|p2a: Iron Moth\n|-damage|p2a: Iron Moth|94\/100\n|inactive|silent waltz amir has 240 seconds left.\n|inactive|silent waltz amir has 210 seconds left.\n|\n|t:|1699710698\n|switch|p1a: Dragonite|Dragonite, F|100\/100|[from] U-turn\n|\n|upkeep\n|turn|3\n|inactive|silent waltz amir has 210 seconds left.\n|inactive|noodle and mind has 270 seconds left.\n|\n|t:|1699710705\n|-end|p2a: Iron Moth|Quark Drive|[silent]\n|switch|p2a: Corviknight|Corviknight, F|100\/100\n|-ability|p2a: Corviknight|Pressure\n|switch|p1a: Gholdengo|Gholdengo|100\/100\n|\n|upkeep\n|turn|4\n|\n|t:|1699710712\n|switch|p2a: Iron Moth|Iron Moth|94\/100\n|move|p1a: Gholdengo|Thunder Wave|p2a: Iron Moth\n|-status|p2a: Iron Moth|par\n|\n|upkeep\n|turn|5\n|inactive|silent waltz amir has 210 seconds left.\n|inactive|noodle and mind has 270 seconds left.\n|\n|t:|1699710740\n|switch|p1a: Cinderace|Cinderace, F|100\/100\n|move|p2a: Iron Moth|Toxic|p1a: Cinderace\n|-status|p1a: Cinderace|tox\n|\n|-damage|p1a: Cinderace|94\/100 tox|[from] psn\n|upkeep\n|turn|6\n|inactive|silent waltz amir has 180 seconds left.\n|\n|t:|1699710775\n|move|p1a: Cinderace|U-turn|p2a: Iron Moth\n|-resisted|p2a: Iron Moth\n|-damage|p2a: Iron Moth|86\/100 par\n|\n|t:|1699710778\n|switch|p1a: Samurott|Samurott-Hisui, F|100\/100|[from] U-turn\n|move|p2a: Iron Moth|Sludge Wave|p1a: Samurott\n|-damage|p1a: Samurott|41\/100\n|\n|upkeep\n|turn|7\n|\n|t:|1699710786\n|-end|p2a: Iron Moth|Quark Drive|[silent]\n|switch|p2a: Corviknight|Corviknight, F|100\/100\n|-ability|p2a: Corviknight|Pressure\n|move|p1a: Samurott|Ceaseless Edge|p2a: Corviknight\n|-damage|p2a: Corviknight|75\/100\n|-damage|p1a: Samurott|24\/100|[from] item: Rocky Helmet|[of] p2a: Corviknight\n|-sidestart|p2: noodle and mind|Spikes\n|\n|upkeep\n|turn|8\n|\n|t:|1699710799\n|move|p1a: Samurott|Knock Off|p2a: Corviknight\n|-crit|p2a: Corviknight\n|-damage|p2a: Corviknight|30\/100\n|-damage|p1a: Samurott|8\/100|[from] item: Rocky Helmet|[of] p2a: Corviknight\n|-enditem|p2a: Corviknight|Rocky Helmet|[from] move: Knock Off|[of] p1a: Samurott\n|move|p2a: Corviknight|U-turn|p1a: Samurott\n|-supereffective|p1a: Samurott\n|-damage|p1a: Samurott|0 fnt\n|faint|p1a: Samurott\n|\n|t:|1699710825\n|switch|p2a: Iron Moth|Iron Moth|86\/100 par|[from] U-turn\n|\n|upkeep\n|inactive|silent waltz amir has 180 seconds left.\n|\n|t:|1699710847\n|switch|p1a: Dragonite|Dragonite, F|100\/100\n|turn|9\n|inactive|silent waltz amir has 180 seconds left.\n|inactive|noodle and mind has 270 seconds left.\n|inactive|silent waltz amir has 150 seconds left.\n|\n|t:|1699710894\n|-end|p2a: Iron Moth|Quark Drive|[silent]\n|switch|p2a: Great Tusk|Great Tusk|100\/100\n|move|p1a: Dragonite|Earthquake|p2a: Great Tusk\n|-damage|p2a: Great Tusk|76\/100\n|\n|upkeep\n|turn|10\n|inactive|noodle and mind has 270 seconds left.\n|inactive|silent waltz amir has 120 seconds left.\n|inactive|silent waltz amir has 90 seconds left.\n|\n|t:|1699710972\n|switch|p1a: Cinderace|Cinderace, F|94\/100 tox\n|move|p2a: Great Tusk|Stealth Rock|p1a: Cinderace\n|-sidestart|p1: silent waltz amir|move: Stealth Rock\n|\n|-damage|p1a: Cinderace|88\/100 tox|[from] psn\n|upkeep\n|turn|11\n|inactive|noodle and mind has 240 seconds left.\n|\n|t:|1699710999\n|-end|p2a: Great Tusk|Protosynthesis|[silent]\n|switch|p2a: Iron Moth|Iron Moth|86\/100 par\n|move|p1a: Cinderace|U-turn|p2a: Iron Moth\n|-resisted|p2a: Iron Moth\n|-damage|p2a: Iron Moth|79\/100 par\n|inactive|silent waltz amir has 60 seconds left.\n|inactive|silent waltz amir has 30 seconds left.\n|\n|t:|1699711059\n|switch|p1a: Gholdengo|Gholdengo|100\/100|[from] U-turn\n|\n|upkeep\n|turn|12\n|inactive|silent waltz amir has 30 seconds left.\n|inactive|noodle and mind has 240 seconds left.\n|\n|t:|1699711075\n|-end|p2a: Iron Moth|Quark Drive|[silent]\n|switch|p2a: Samurott|Samurott-Hisui, M|100\/100\n|-damage|p2a: Samurott|88\/100|[from] Spikes\n|-terastallize|p1a: Gholdengo|Flying\n|move|p1a: Gholdengo|Hex|p2a: Samurott\n|-resisted|p2a: Samurott\n|-damage|p2a: Samurott|76\/100\n|\n|upkeep\n|turn|13\n|inactive|noodle and mind has 240 seconds left.\n|\n|t:|1699711087\n|-terastallize|p2a: Samurott|Electric\n|move|p2a: Samurott|Knock Off|p1a: Gholdengo\n|-damage|p1a: Gholdengo|68\/100\n|-enditem|p1a: Gholdengo|Heavy-Duty Boots|[from] move: Knock Off|[of] p2a: Samurott\n|move|p1a: Gholdengo|Thunder Wave|p2a: Samurott\n|-immune|p2a: Samurott\n|\n|upkeep\n|turn|14\n|inactive|noodle and mind has 240 seconds left.\n|\n|t:|1699711100\n|move|p2a: Samurott|Aqua Cutter|p1a: Gholdengo\n|-damage|p1a: Gholdengo|33\/100\n|move|p1a: Gholdengo|Recover|p1a: Gholdengo\n|-heal|p1a: Gholdengo|83\/100\n|\n|upkeep\n|turn|15\n|\n|t:|1699711106\n|move|p2a: Samurott|Ceaseless Edge|p1a: Gholdengo\n|-crit|p1a: Gholdengo\n|-damage|p1a: Gholdengo|33\/100\n|-sidestart|p1: silent waltz amir|Spikes\n|move|p1a: Gholdengo|Recover|p1a: Gholdengo\n|-heal|p1a: Gholdengo|83\/100\n|\n|upkeep\n|turn|16\n|inactive|silent waltz amir has 30 seconds left.\n|inactive|silent waltz amir has 20 seconds left.\n|inactive|silent waltz amir has 15 seconds left.\n|inactive|silent waltz amir has 10 seconds left.\n|\n|t:|1699711158\n|move|p2a: Samurott|Aqua Cutter|p1a: Gholdengo\n|-damage|p1a: Gholdengo|48\/100\n|move|p1a: Gholdengo|Hex|p2a: Samurott\n|-damage|p2a: Samurott|54\/100\n|\n|upkeep\n|turn|17\n|inactive|silent waltz amir has 20 seconds left this turn.\n|inactive|silent waltz amir has 15 seconds left.\n|\n|t:|1699711165\n|switch|p1a: Enamorus|Enamorus, F|100\/100\n|-damage|p1a: Enamorus|76\/100|[from] Stealth Rock\n|move|p2a: Samurott|Aqua Cutter|p1a: Enamorus\n|-damage|p1a: Enamorus|0 fnt\n|faint|p1a: Enamorus\n|\n|upkeep\n|inactive|silent waltz amir has 20 seconds left this turn.\n|inactive|silent waltz amir has 15 seconds left.\n|inactive|silent waltz amir has 10 seconds left.\n|\n|t:|1699711178\n|switch|p1a: Cinderace|Cinderace, F|88\/100 tox\n|turn|18\n|inactive|silent waltz amir has 20 seconds left this turn.\n|\n|t:|1699711188\n|switch|p2a: Iron Moth|Iron Moth|79\/100 par\n|move|p1a: Cinderace|Court Change|p1a: Cinderace\n|-swapsideconditions\n|-activate|p1a: Cinderace|move: Court Change\n|\n|-damage|p1a: Cinderace|82\/100 tox|[from] psn\n|upkeep\n|turn|19\n|inactive|silent waltz amir has 30 seconds left this turn.\n|inactive|noodle and mind has 270 seconds left.\n|\n|t:|1699711197\n|move|p1a: Cinderace|Pyro Ball|p2a: Iron Moth\n|-resisted|p2a: Iron Moth\n|-damage|p2a: Iron Moth|38\/100 par\n|move|p2a: Iron Moth|Sludge Wave|p1a: Cinderace\n|-damage|p1a: Cinderace|27\/100 tox\n|\n|-damage|p1a: Cinderace|15\/100 tox|[from] psn\n|upkeep\n|turn|20\n|inactive|silent waltz amir has 30 seconds left.\n|\n|t:|1699711210\n|move|p1a: Cinderace|Pyro Ball|p2a: Iron Moth\n|-resisted|p2a: Iron Moth\n|-damage|p2a: Iron Moth|0 fnt\n|faint|p2a: Iron Moth\n|-end|p2a: Iron Moth|Quark Drive|[silent]\n|\n|-damage|p1a: Cinderace|0 fnt|[from] psn\n|faint|p1a: Cinderace\n|upkeep\n|inactive|silent waltz amir has 30 seconds left.\n|inactive|silent waltz amir has 20 seconds left.\n|inactive|silent waltz amir has 15 seconds left.\n|inactive|silent waltz amir has 10 seconds left.\n|\n|t:|1699711236\n|switch|p1a: Gholdengo|Gholdengo, tera:Flying|48\/100\n|switch|p2a: Great Tusk|Great Tusk|76\/100\n|turn|21\n|inactive|silent waltz amir has 20 seconds left this turn.\n|inactive|silent waltz amir has 15 seconds left.\n|inactive|silent waltz amir has 10 seconds left.\n|\n|t:|1699711247\n|move|p2a: Great Tusk|Rapid Spin|p1a: Gholdengo\n|-damage|p1a: Gholdengo|35\/100\n|-boost|p2a: Great Tusk|spe|1\n|-sideend|p2: noodle and mind|Spikes|[from] move: Rapid Spin|[of] p2a: Great Tusk\n|-sideend|p2: noodle and mind|Stealth Rock|[from] move: Rapid Spin|[of] p2a: Great Tusk\n|move|p1a: Gholdengo|Recover|p1a: Gholdengo\n|-heal|p1a: Gholdengo|85\/100\n|\n|upkeep\n|turn|22\n|inactive|silent waltz amir has 20 seconds left this turn.\n|\n|t:|1699711250\n|move|p2a: Great Tusk|Stealth Rock|p1a: Gholdengo\n|-sidestart|p1: silent waltz amir|move: Stealth Rock\n|move|p1a: Gholdengo|Hex|p2a: Great Tusk\n|-damage|p2a: Great Tusk|40\/100\n|\n|upkeep\n|turn|23\n|inactive|silent waltz amir has 30 seconds left this turn.\n|\n|t:|1699711257\n|move|p2a: Great Tusk|Ice Spinner|p1a: Gholdengo\n|-supereffective|p1a: Gholdengo\n|-damage|p1a: Gholdengo|50\/100\n|move|p1a: Gholdengo|Nasty Plot|p1a: Gholdengo\n|-boost|p1a: Gholdengo|spa|2\n|\n|upkeep\n|turn|24\n|\n|t:|1699711263\n|move|p2a: Great Tusk|Ice Spinner|p1a: Gholdengo\n|-supereffective|p1a: Gholdengo\n|-damage|p1a: Gholdengo|15\/100\n|move|p1a: Gholdengo|Recover|p1a: Gholdengo\n|-heal|p1a: Gholdengo|65\/100\n|\n|upkeep\n|turn|25\n|\n|t:|1699711267\n|move|p2a: Great Tusk|Ice Spinner|p1a: Gholdengo\n|-supereffective|p1a: Gholdengo\n|-damage|p1a: Gholdengo|26\/100\n|move|p1a: Gholdengo|Recover|p1a: Gholdengo\n|-heal|p1a: Gholdengo|76\/100\n|\n|upkeep\n|turn|26\n|\n|t:|1699711273\n|move|p2a: Great Tusk|Ice Spinner|p1a: Gholdengo\n|-supereffective|p1a: Gholdengo\n|-damage|p1a: Gholdengo|37\/100\n|move|p1a: Gholdengo|Recover|p1a: Gholdengo\n|-heal|p1a: Gholdengo|87\/100\n|\n|upkeep\n|turn|27\n|inactive|silent waltz amir has 60 seconds left.\n|\n|t:|1699711279\n|move|p2a: Great Tusk|Ice Spinner|p1a: Gholdengo\n|-supereffective|p1a: Gholdengo\n|-damage|p1a: Gholdengo|50\/100\n|move|p1a: Gholdengo|Recover|p1a: Gholdengo\n|-heal|p1a: Gholdengo|99\/100\n|\n|upkeep\n|turn|28\n|\n|t:|1699711285\n|move|p2a: Great Tusk|Ice Spinner|p1a: Gholdengo\n|-supereffective|p1a: Gholdengo\n|-damage|p1a: Gholdengo|64\/100\n|move|p1a: Gholdengo|Hex|p2a: Great Tusk\n|-damage|p2a: Great Tusk|0 fnt\n|faint|p2a: Great Tusk\n|-end|p2a: Great Tusk|Protosynthesis|[silent]\n|\n|upkeep\n|\n|t:|1699711287\n|switch|p2a: Samurott|Samurott-Hisui, M, tera:Electric|54\/100\n|turn|29\n|inactive|silent waltz amir has 60 seconds left.\n|\n|t:|1699711314\n|switch|p1a: Zamazenta|Zamazenta|100\/100\n|-ability|p1a: Zamazenta|Dauntless Shield|boost\n|-boost|p1a: Zamazenta|def|1\n|move|p2a: Samurott|Aqua Cutter|p1a: Zamazenta\n|-crit|p1a: Zamazenta\n|-damage|p1a: Zamazenta|24\/100\n|\n|upkeep\n|turn|30\n|inactive|silent waltz amir has 60 seconds left.\n|inactive|silent waltz amir has 30 seconds left.\n|inactive|silent waltz amir has 20 seconds left.\n|\n|t:|1699711376\n|switch|p2a: Corviknight|Corviknight, F|30\/100\n|-ability|p2a: Corviknight|Pressure\n|move|p1a: Zamazenta|Close Combat|p2a: Corviknight\n|-damage|p2a: Corviknight|0 fnt\n|-unboost|p1a: Zamazenta|def|1\n|-unboost|p1a: Zamazenta|spd|1\n|faint|p2a: Corviknight\n|\n|upkeep\n|inactive|silent waltz amir has 25 seconds left this turn.\n|\n|t:|1699711382\n|switch|p2a: Dragapult|Dragapult, M|100\/100\n|turn|31\n|inactive|silent waltz amir has 30 seconds left.\n|\n|t:|1699711388\n|move|p2a: Dragapult|Shadow Ball|p1a: Zamazenta\n|-damage|p1a: Zamazenta|0 fnt\n|faint|p1a: Zamazenta\n|\n|upkeep\n|inactive|silent waltz amir has 30 seconds left.\n|inactive|silent waltz amir has 20 seconds left.\n|inactive|silent waltz amir has 15 seconds left.\n|inactive|silent waltz amir has 10 seconds left.\n|\n|t:|1699711415\n|switch|p1a: Gholdengo|Gholdengo, tera:Flying|64\/100\n|-damage|p1a: Gholdengo|39\/100|[from] Stealth Rock\n|turn|32\n|inactive|silent waltz amir has 20 seconds left this turn.\n|\n|t:|1699711418\n|move|p2a: Dragapult|Shadow Ball|p1a: Gholdengo\n|-crit|p1a: Gholdengo\n|-damage|p1a: Gholdengo|0 fnt\n|faint|p1a: Gholdengo\n|\n|upkeep\n|inactive|silent waltz amir has 25 seconds left this turn.\n|inactive|silent waltz amir has 20 seconds left.\n|\n|t:|1699711424\n|switch|p1a: Dragonite|Dragonite, F|100\/100\n|-damage|p1a: Dragonite|76\/100|[from] Stealth Rock\n|turn|33\n|inactive|silent waltz amir has 30 seconds left this turn.\n|\n|t:|1699711426\n|move|p2a: Dragapult|Shadow Ball|p1a: Dragonite\n|-damage|p1a: Dragonite|20\/100\n|move|p1a: Dragonite|Dragon Dance|p1a: Dragonite\n|-boost|p1a: Dragonite|atk|1\n|-boost|p1a: Dragonite|spe|1\n|\n|upkeep\n|turn|34\n|\n|t:|1699711430\n|move|p2a: Dragapult|Shadow Ball|p1a: Dragonite\n|-damage|p1a: Dragonite|0 fnt\n|faint|p1a: Dragonite\n|\n|win|noodle and mind\n|c|\u2606silent waltz amir|gg\n|player|p1|silent waltz amir|acetrainerf-gen4dp\n|player|p2|noodle and mind|unknownf\n|player|p2|\n|player|p1|\n","uploadtime":1699711431,"views":93,"p1id":"silentwaltzamir","p2id":"noodleandmind","formatid":"gen9ou","rating":0,"private":0,"password":""}