{"id":"smogtours-gen9ou-729876","p1":"Slikkles&NWL","p2":"noodle and mind","format":"[Gen 9] OU","log":"|inactive|Battle timer is ON: inactive players will automatically lose when time's up.\n|t:|1699717955\n|gametype|singles\n|player|p1|Slikkles&NWL|kindler-gen6|\n|player|p2|noodle and mind|unknownf|\n|teamsize|p1|6\n|teamsize|p2|6\n|gen|9\n|tier|[Gen 9] OU\n|rule|Sleep Clause Mod: Limit one foe put to sleep\n|rule|Species Clause: Limit one of each Pok\u00e9mon\n|rule|OHKO Clause: OHKO moves are banned\n|rule|Evasion Items Clause: Evasion items are banned\n|rule|Evasion Moves Clause: Evasion moves are banned\n|rule|Endless Battle Clause: Forcing endless battles is banned\n|rule|HP Percentage Mod: HP is shown in percentages\n|clearpoke\n|poke|p1|Amoonguss, M|\n|poke|p1|Gliscor, M|\n|poke|p1|Clefable, M|\n|poke|p1|Great Tusk|\n|poke|p1|Enamorus, F|\n|poke|p1|Samurott-Hisui, F|\n|poke|p2|Ting-Lu|\n|poke|p2|Gliscor, F|\n|poke|p2|Dragapult, F|\n|poke|p2|Gholdengo|\n|poke|p2|Iron Valiant|\n|poke|p2|Volcanion|\n|teampreview\n|c|\u2606Slikkles&NWL|hf\n|c|\u2606Slikkles&NWL|hf\n|inactive|Slikkles&NWL has 270 seconds left.\n|inactive|noodle and mind has 270 seconds left.\n|inactive|Slikkles&NWL has 240 seconds left.\n|inactive|noodle and mind has 240 seconds left.\n|inactive|Slikkles&NWL has 210 seconds left.\n|inactive|noodle and mind has 210 seconds left.\n|inactive|Slikkles&NWL has 180 seconds left.\n|\n|t:|1699718081\n|start\n|switch|p1a: Samurott|Samurott-Hisui, F|100\/100\n|switch|p2a: Gliscor|Gliscor, F|100\/100\n|turn|1\n|inactive|Slikkles&NWL has 240 seconds left.\n|inactive|noodle and mind has 270 seconds left.\n|inactive|Slikkles&NWL has 210 seconds left.\n|\n|t:|1699718123\n|switch|p1a: Gliscor|Gliscor, M|100\/100\n|move|p2a: Gliscor|Protect||[still]\n|-fail|p2a: Gliscor\n|\n|-status|p2a: Gliscor|tox|[from] item: Toxic Orb\n|-status|p1a: Gliscor|tox|[from] item: Toxic Orb\n|upkeep\n|turn|2\n|inactive|Slikkles&NWL has 210 seconds left.\n|\n|t:|1699718133\n|move|p2a: Gliscor|Ice Fang|p1a: Gliscor\n|-supereffective|p1a: Gliscor\n|-crit|p1a: Gliscor\n|-damage|p1a: Gliscor|47\/100 tox\n|move|p1a: Gliscor|U-turn|p2a: Gliscor\n|-resisted|p2a: Gliscor\n|-damage|p2a: Gliscor|95\/100 tox\n|inactive|Slikkles&NWL has 210 seconds left.\n|\n|t:|1699718144\n|switch|p1a: Enamorus|Enamorus, F|100\/100|[from] U-turn\n|\n|-heal|p2a: Gliscor|100\/100 tox|[from] ability: Poison Heal\n|upkeep\n|turn|3\n|inactive|Slikkles&NWL has 210 seconds left.\n|inactive|noodle and mind has 270 seconds left.\n|\n|t:|1699718176\n|move|p1a: Enamorus|Moonblast|p2a: Gliscor\n|-damage|p2a: Gliscor|38\/100 tox\n|-unboost|p2a: Gliscor|spa|1\n|move|p2a: Gliscor|Ice Fang|p1a: Enamorus\n|-supereffective|p1a: Enamorus\n|-damage|p1a: Enamorus|56\/100\n|\n|-heal|p2a: Gliscor|50\/100 tox|[from] ability: Poison Heal\n|upkeep\n|turn|4\n|inactive|noodle and mind has 270 seconds left.\n|\n|t:|1699718185\n|move|p2a: Gliscor|Protect|p2a: Gliscor\n|-singleturn|p2a: Gliscor|Protect\n|move|p1a: Enamorus|Moonblast|p2a: Gliscor\n|-activate|p2a: Gliscor|move: Protect\n|\n|-heal|p2a: Gliscor|63\/100 tox|[from] ability: Poison Heal\n|upkeep\n|turn|5\n|inactive|noodle and mind has 270 seconds left.\n|inactive|Slikkles&NWL has 180 seconds left.\n|\n|t:|1699718214\n|switch|p2a: Gholdengo|Gholdengo|100\/100\n|-terastallize|p1a: Enamorus|Fairy\n|move|p1a: Enamorus|Moonblast|p2a: Gholdengo\n|-resisted|p2a: Gholdengo\n|-damage|p2a: Gholdengo|49\/100\n|-unboost|p2a: Gholdengo|spa|1\n|\n|upkeep\n|turn|6\n|inactive|Slikkles&NWL has 180 seconds left.\n|inactive|noodle and mind has 270 seconds left.\n|\n|t:|1699718246\n|switch|p1a: Samurott|Samurott-Hisui, F|100\/100\n|move|p2a: Gholdengo|Trick|p1a: Samurott\n|-activate|p2a: Gholdengo|move: Trick|[of] p1a: Samurott\n|-item|p1a: Samurott|Choice Scarf|[from] move: Trick\n|-item|p2a: Gholdengo|Choice Scarf|[from] move: Trick\n|\n|upkeep\n|turn|7\n|inactive|Slikkles&NWL has 150 seconds left.\n|inactive|Slikkles&NWL has 120 seconds left.\n|\n|t:|1699718310\n|switch|p2a: Ting-Lu|Ting-Lu|100\/100\n|-ability|p2a: Ting-Lu|Vessel of Ruin\n|move|p1a: Samurott|Ceaseless Edge|p2a: Ting-Lu\n|-resisted|p2a: Ting-Lu\n|-damage|p2a: Ting-Lu|88\/100\n|-sidestart|p2: noodle and mind|Spikes\n|\n|-heal|p2a: Ting-Lu|94\/100|[from] item: Leftovers\n|upkeep\n|turn|8\n|\n|t:|1699718320\n|switch|p1a: Gliscor|Gliscor, M|47\/100 tox\n|move|p2a: Ting-Lu|Stealth Rock|p1a: Gliscor\n|-sidestart|p1: Slikkles&NWL|move: Stealth Rock\n|\n|-heal|p2a: Ting-Lu|100\/100|[from] item: Leftovers\n|-heal|p1a: Gliscor|60\/100 tox|[from] ability: Poison Heal\n|upkeep\n|turn|9\n|inactive|noodle and mind has 240 seconds left.\n|\n|t:|1699718342\n|switch|p2a: Gliscor|Gliscor, F|63\/100 tox\n|move|p1a: Gliscor|Toxic|p2a: Gliscor\n|-fail|p2a: Gliscor|tox\n|\n|-heal|p2a: Gliscor|75\/100 tox|[from] ability: Poison Heal\n|-heal|p1a: Gliscor|72\/100 tox|[from] ability: Poison Heal\n|upkeep\n|turn|10\n|\n|t:|1699718353\n|move|p1a: Gliscor|Protect|p1a: Gliscor\n|-singleturn|p1a: Gliscor|Protect\n|move|p2a: Gliscor|Ice Fang|p1a: Gliscor\n|-activate|p1a: Gliscor|move: Protect\n|\n|-heal|p2a: Gliscor|88\/100 tox|[from] ability: Poison Heal\n|-heal|p1a: Gliscor|85\/100 tox|[from] ability: Poison Heal\n|upkeep\n|turn|11\n|\n|t:|1699718364\n|move|p2a: Gliscor|Ice Fang|p1a: Gliscor\n|-supereffective|p1a: Gliscor\n|-crit|p1a: Gliscor\n|-damage|p1a: Gliscor|31\/100 tox\n|move|p1a: Gliscor|U-turn|p2a: Gliscor\n|-resisted|p2a: Gliscor\n|-damage|p2a: Gliscor|82\/100 tox\n|\n|t:|1699718367\n|switch|p1a: Enamorus|Enamorus, F, tera:Fairy|56\/100|[from] U-turn\n|-damage|p1a: Enamorus|44\/100|[from] Stealth Rock\n|\n|-heal|p2a: Gliscor|94\/100 tox|[from] ability: Poison Heal\n|upkeep\n|turn|12\n|\n|t:|1699718373\n|move|p2a: Gliscor|Protect|p2a: Gliscor\n|-singleturn|p2a: Gliscor|Protect\n|move|p1a: Enamorus|Moonblast|p2a: Gliscor\n|-activate|p2a: Gliscor|move: Protect\n|\n|-heal|p2a: Gliscor|100\/100 tox|[from] ability: Poison Heal\n|upkeep\n|turn|13\n|\n|t:|1699718393\n|move|p1a: Enamorus|Moonblast|p2a: Gliscor\n|-damage|p2a: Gliscor|8\/100 tox\n|move|p2a: Gliscor|Earthquake|p1a: Enamorus\n|-damage|p1a: Enamorus|0 fnt\n|faint|p1a: Enamorus\n|\n|-heal|p2a: Gliscor|20\/100 tox|[from] ability: Poison Heal\n|upkeep\n|inactive|Slikkles&NWL has 120 seconds left.\n|\n|t:|1699718417\n|switch|p1a: Great Tusk|Great Tusk|100\/100\n|turn|14\n|\n|t:|1699718423\n|move|p2a: Gliscor|Protect|p2a: Gliscor\n|-singleturn|p2a: Gliscor|Protect\n|move|p1a: Great Tusk|Stealth Rock|p2a: Gliscor\n|-sidestart|p2: noodle and mind|move: Stealth Rock\n|\n|-heal|p2a: Gliscor|33\/100 tox|[from] ability: Poison Heal\n|upkeep\n|turn|15\n|inactive|Slikkles&NWL has 120 seconds left.\n|\n|t:|1699718447\n|switch|p2a: Iron Valiant|Iron Valiant|100\/100\n|move|p1a: Great Tusk|Headlong Rush|p2a: Iron Valiant\n|-damage|p2a: Iron Valiant|39\/100\n|-unboost|p1a: Great Tusk|def|1\n|-unboost|p1a: Great Tusk|spd|1\n|\n|upkeep\n|turn|16\n|\n|t:|1699718463\n|-end|p1a: Great Tusk|Protosynthesis|[silent]\n|switch|p1a: Amoonguss|Amoonguss, M|100\/100\n|-damage|p1a: Amoonguss|88\/100|[from] Stealth Rock\n|move|p2a: Iron Valiant|Knock Off|p1a: Amoonguss\n|-damage|p1a: Amoonguss|55\/100\n|-enditem|p1a: Amoonguss|Eject Button|[from] move: Knock Off|[of] p2a: Iron Valiant\n|\n|upkeep\n|turn|17\n|inactive|noodle and mind has 240 seconds left.\n|\n|t:|1699718503\n|switch|p1a: Samurott|Samurott-Hisui, F|100\/100\n|-damage|p1a: Samurott|88\/100|[from] Stealth Rock\n|move|p2a: Iron Valiant|Ice Punch|p1a: Samurott\n|-resisted|p1a: Samurott\n|-damage|p1a: Samurott|72\/100\n|\n|upkeep\n|turn|18\n|inactive|noodle and mind has 210 seconds left.\n|\n|t:|1699718550\n|-end|p2a: Iron Valiant|Quark Drive|[silent]\n|switch|p2a: Ting-Lu|Ting-Lu|100\/100\n|-damage|p2a: Ting-Lu|88\/100|[from] Spikes\n|-damage|p2a: Ting-Lu|82\/100|[from] Stealth Rock\n|-ability|p2a: Ting-Lu|Vessel of Ruin\n|move|p1a: Samurott|Knock Off|p2a: Ting-Lu\n|-resisted|p2a: Ting-Lu\n|-damage|p2a: Ting-Lu|70\/100\n|-enditem|p2a: Ting-Lu|Leftovers|[from] move: Knock Off|[of] p1a: Samurott\n|\n|upkeep\n|turn|19\n|inactive|Slikkles&NWL has 120 seconds left.\n|\n|t:|1699718579\n|move|p1a: Samurott|Knock Off|p2a: Ting-Lu\n|-resisted|p2a: Ting-Lu\n|-damage|p2a: Ting-Lu|61\/100\n|move|p2a: Ting-Lu|Spikes|p1a: Samurott\n|-sidestart|p1: Slikkles&NWL|Spikes\n|\n|upkeep\n|turn|20\n|\n|t:|1699718604\n|switch|p1a: Gliscor|Gliscor, M|31\/100 tox\n|-damage|p1a: Gliscor|19\/100 tox|[from] Stealth Rock\n|move|p2a: Ting-Lu|Ruination|p1a: Gliscor\n|-damage|p1a: Gliscor|10\/100 tox\n|\n|-heal|p1a: Gliscor|22\/100 tox|[from] ability: Poison Heal\n|upkeep\n|turn|21\n|inactive|Slikkles&NWL has 90 seconds left.\n|\n|t:|1699718624\n|move|p1a: Gliscor|U-turn|p2a: Ting-Lu\n|-supereffective|p2a: Ting-Lu\n|-damage|p2a: Ting-Lu|44\/100\n|inactive|Slikkles&NWL has 90 seconds left.\n|\n|t:|1699718631\n|switch|p1a: Great Tusk|Great Tusk|100\/100|[from] U-turn\n|move|p2a: Ting-Lu|Spikes|p1a: Great Tusk\n|-sidestart|p1: Slikkles&NWL|Spikes\n|\n|upkeep\n|turn|22\n|inactive|Slikkles&NWL has 90 seconds left.\n|\n|t:|1699718659\n|-terastallize|p2a: Ting-Lu|Ghost\n|move|p1a: Great Tusk|Headlong Rush|p2a: Ting-Lu\n|-damage|p2a: Ting-Lu|14\/100\n|-unboost|p1a: Great Tusk|def|1\n|-unboost|p1a: Great Tusk|spd|1\n|move|p2a: Ting-Lu|Ruination|p1a: Great Tusk\n|-damage|p1a: Great Tusk|50\/100\n|\n|upkeep\n|turn|23\n|inactive|noodle and mind has 180 seconds left.\n|\n|t:|1699718680\n|-end|p1a: Great Tusk|Protosynthesis|[silent]\n|switch|p1a: Gliscor|Gliscor, M|22\/100 tox\n|-damage|p1a: Gliscor|10\/100 tox|[from] Stealth Rock\n|move|p2a: Ting-Lu|Ruination|p1a: Gliscor|[miss]\n|-miss|p2a: Ting-Lu|p1a: Gliscor\n|\n|-heal|p1a: Gliscor|22\/100 tox|[from] ability: Poison Heal\n|upkeep\n|turn|24\n|inactive|noodle and mind has 180 seconds left.\n|\n|t:|1699718710\n|switch|p2a: Gliscor|Gliscor, F|33\/100 tox\n|-damage|p2a: Gliscor|20\/100 tox|[from] Stealth Rock\n|move|p1a: Gliscor|Protect||[still]\n|-fail|p1a: Gliscor\n|\n|-heal|p2a: Gliscor|33\/100 tox|[from] ability: Poison Heal\n|-heal|p1a: Gliscor|35\/100 tox|[from] ability: Poison Heal\n|upkeep\n|turn|25\n|\n|t:|1699718719\n|move|p1a: Gliscor|Protect|p1a: Gliscor\n|-singleturn|p1a: Gliscor|Protect\n|move|p2a: Gliscor|Ice Fang|p1a: Gliscor\n|-activate|p1a: Gliscor|move: Protect\n|\n|-heal|p2a: Gliscor|45\/100 tox|[from] ability: Poison Heal\n|-heal|p1a: Gliscor|47\/100 tox|[from] ability: Poison Heal\n|upkeep\n|turn|26\n|inactive|Slikkles&NWL has 90 seconds left.\n|\n|t:|1699718748\n|move|p2a: Gliscor|Ice Fang|p1a: Gliscor\n|-supereffective|p1a: Gliscor\n|-damage|p1a: Gliscor|9\/100 tox\n|move|p1a: Gliscor|U-turn|p2a: Gliscor\n|-resisted|p2a: Gliscor\n|-damage|p2a: Gliscor|39\/100 tox\n|\n|t:|1699718762\n|switch|p1a: Great Tusk|Great Tusk|50\/100|[from] U-turn\n|\n|-heal|p2a: Gliscor|52\/100 tox|[from] ability: Poison Heal\n|upkeep\n|turn|27\n|inactive|Slikkles&NWL has 60 seconds left.\n|\n|t:|1699718777\n|move|p2a: Gliscor|Protect|p2a: Gliscor\n|-singleturn|p2a: Gliscor|Protect\n|move|p1a: Great Tusk|Ice Spinner|p2a: Gliscor\n|-activate|p2a: Gliscor|move: Protect\n|\n|-heal|p2a: Gliscor|64\/100 tox|[from] ability: Poison Heal\n|upkeep\n|turn|28\n|inactive|Slikkles&NWL has 60 seconds left.\n|\n|t:|1699718790\n|switch|p2a: Ting-Lu|Ting-Lu, tera:Ghost|14\/100\n|-damage|p2a: Ting-Lu|1\/100|[from] Spikes\n|-damage|p2a: Ting-Lu|0 fnt|[from] Stealth Rock\n|faint|p2a: Ting-Lu\n|move|p1a: Great Tusk|Ice Spinner|p2: Ting-Lu|[notarget]\n|-fail|p1a: Great Tusk\n|\n|upkeep\n|inactive|noodle and mind has 180 seconds left.\n|\n|t:|1699718827\n|switch|p2a: Dragapult|Dragapult, F|100\/100\n|turn|29\n|inactive|noodle and mind has 180 seconds left.\n|\n|t:|1699718842\n|-end|p1a: Great Tusk|Protosynthesis|[silent]\n|switch|p1a: Gliscor|Gliscor, M|9\/100 tox\n|-damage|p1a: Gliscor|0 fnt|[from] Stealth Rock\n|faint|p1a: Gliscor\n|move|p2a: Dragapult|Will-O-Wisp|p1: Gliscor|[notarget]\n|-fail|p2a: Dragapult\n|\n|upkeep\n|\n|t:|1699718850\n|switch|p1a: Samurott|Samurott-Hisui, F|72\/100\n|-damage|p1a: Samurott|59\/100|[from] Stealth Rock\n|-damage|p1a: Samurott|43\/100|[from] Spikes\n|turn|30\n|inactive|noodle and mind has 180 seconds left.\n|inactive|Slikkles&NWL has 60 seconds left.\n|inactive|Slikkles&NWL has 30 seconds left.\n|\n|t:|1699718904\n|switch|p2a: Iron Valiant|Iron Valiant|39\/100\n|move|p1a: Samurott|Ceaseless Edge|p2a: Iron Valiant\n|-resisted|p2a: Iron Valiant\n|-damage|p2a: Iron Valiant|25\/100\n|-sidestart|p2: noodle and mind|Spikes\n|\n|upkeep\n|turn|31\n|inactive|Slikkles&NWL has 30 seconds left.\n|inactive|Slikkles&NWL has 20 seconds left.\n|inactive|noodle and mind has 150 seconds left.\n|inactive|Slikkles&NWL has 15 seconds left.\n|inactive|Slikkles&NWL has 10 seconds left.\n|inactive|Slikkles&NWL has 5 seconds left.\n|\n|t:|1699718939\n|switch|p1a: Amoonguss|Amoonguss, M|88\/100\n|-damage|p1a: Amoonguss|76\/100|[from] Stealth Rock\n|-damage|p1a: Amoonguss|59\/100|[from] Spikes\n|move|p2a: Iron Valiant|Knock Off|p1a: Amoonguss\n|-damage|p1a: Amoonguss|34\/100\n|\n|upkeep\n|turn|32\n|inactive|Slikkles&NWL has 15 seconds left this turn.\n|inactive|Slikkles&NWL has 10 seconds left.\n|inactive|noodle and mind has 150 seconds left.\n|\n|t:|1699718963\n|switch|p1a: Clefable|Clefable, M|100\/100\n|-damage|p1a: Clefable|88\/100|[from] Stealth Rock\n|-damage|p1a: Clefable|71\/100|[from] Spikes\n|move|p2a: Iron Valiant|Ice Punch|p1a: Clefable\n|-damage|p1a: Clefable|47\/100\n|\n|-heal|p1a: Clefable|53\/100|[from] item: Leftovers\n|upkeep\n|turn|33\n|inactive|Slikkles&NWL has 20 seconds left this turn.\n|inactive|Slikkles&NWL has 15 seconds left.\n|\n|t:|1699718972\n|move|p2a: Iron Valiant|Knock Off|p1a: Clefable\n|-resisted|p1a: Clefable\n|-damage|p1a: Clefable|38\/100\n|-enditem|p1a: Clefable|Leftovers|[from] move: Knock Off|[of] p2a: Iron Valiant\n|move|p1a: Clefable|Moonlight|p1a: Clefable\n|-heal|p1a: Clefable|88\/100\n|\n|upkeep\n|turn|34\n|inactive|Slikkles&NWL has 25 seconds left this turn.\n|inactive|Slikkles&NWL has 20 seconds left.\n|\n|t:|1699718979\n|move|p2a: Iron Valiant|Encore|p1a: Clefable\n|-start|p1a: Clefable|Encore\n|move|p1a: Clefable|Moonlight|p1a: Clefable\n|-heal|p1a: Clefable|100\/100\n|\n|upkeep\n|turn|35\n|inactive|Slikkles&NWL has 30 seconds left this turn.\n|inactive|Slikkles&NWL has 20 seconds left.\n|inactive|Slikkles&NWL has 15 seconds left.\n|\n|t:|1699718999\n|switch|p1a: Amoonguss|Amoonguss, M|67\/100\n|-damage|p1a: Amoonguss|55\/100|[from] Stealth Rock\n|-damage|p1a: Amoonguss|38\/100|[from] Spikes\n|move|p2a: Iron Valiant|Ice Punch|p1a: Amoonguss\n|-supereffective|p1a: Amoonguss\n|-damage|p1a: Amoonguss|0 fnt\n|faint|p1a: Amoonguss\n|\n|upkeep\n|inactive|Slikkles&NWL has 20 seconds left this turn.\n|\n|t:|1699719001\n|switch|p1a: Samurott|Samurott-Hisui, F|43\/100\n|-damage|p1a: Samurott|30\/100|[from] Stealth Rock\n|-damage|p1a: Samurott|14\/100|[from] Spikes\n|turn|36\n|inactive|Slikkles&NWL has 30 seconds left this turn.\n|inactive|Slikkles&NWL has 20 seconds left.\n|inactive|Slikkles&NWL has 15 seconds left.\n|inactive|noodle and mind has 150 seconds left.\n|\n|t:|1699719042\n|-end|p2a: Iron Valiant|Quark Drive|[silent]\n|switch|p2a: Gliscor|Gliscor, F|64\/100 tox\n|-damage|p2a: Gliscor|52\/100 tox|[from] Stealth Rock\n|move|p1a: Samurott|Ceaseless Edge|p2a: Gliscor\n|-damage|p2a: Gliscor|19\/100 tox\n|-sidestart|p2: noodle and mind|Spikes\n|\n|-heal|p2a: Gliscor|31\/100 tox|[from] ability: Poison Heal\n|upkeep\n|turn|37\n|inactive|Slikkles&NWL has 25 seconds left this turn.\n|inactive|Slikkles&NWL has 20 seconds left.\n|\n|t:|1699719050\n|switch|p1a: Great Tusk|Great Tusk|50\/100\n|move|p2a: Gliscor|Protect||[still]\n|-fail|p2a: Gliscor\n|\n|-heal|p2a: Gliscor|44\/100 tox|[from] ability: Poison Heal\n|upkeep\n|turn|38\n|inactive|Slikkles&NWL has 30 seconds left this turn.\n|inactive|Slikkles&NWL has 20 seconds left.\n|\n|t:|1699719063\n|move|p2a: Gliscor|Protect|p2a: Gliscor\n|-singleturn|p2a: Gliscor|Protect\n|move|p1a: Great Tusk|Rapid Spin|p2a: Gliscor\n|-activate|p2a: Gliscor|move: Protect\n|\n|-heal|p2a: Gliscor|56\/100 tox|[from] ability: Poison Heal\n|upkeep\n|turn|39\n|inactive|Slikkles&NWL has 30 seconds left this turn.\n|inactive|noodle and mind has 150 seconds left.\n|\n|t:|1699719071\n|switch|p2a: Dragapult|Dragapult, F|100\/100\n|move|p1a: Great Tusk|Ice Spinner|p2a: Dragapult\n|-supereffective|p2a: Dragapult\n|-damage|p2a: Dragapult|38\/100\n|\n|upkeep\n|turn|40\n|inactive|Slikkles&NWL has 30 seconds left.\n|inactive|noodle and mind has 150 seconds left.\n|\n|t:|1699719084\n|-end|p1a: Great Tusk|Protosynthesis|[silent]\n|switch|p1a: Samurott|Samurott-Hisui, F|14\/100\n|-damage|p1a: Samurott|1\/100|[from] Stealth Rock\n|-damage|p1a: Samurott|0 fnt|[from] Spikes\n|faint|p1a: Samurott\n|move|p2a: Dragapult|Hex|p1: Samurott|[notarget]\n|-fail|p2a: Dragapult\n|\n|upkeep\n|\n|t:|1699719087\n|switch|p1a: Clefable|Clefable, M|100\/100\n|-damage|p1a: Clefable|88\/100|[from] Stealth Rock\n|-damage|p1a: Clefable|71\/100|[from] Spikes\n|turn|41\n|\n|t:|1699719096\n|switch|p2a: Iron Valiant|Iron Valiant|25\/100\n|move|p1a: Clefable|Cosmic Power|p1a: Clefable\n|-boost|p1a: Clefable|def|1\n|-boost|p1a: Clefable|spd|1\n|\n|upkeep\n|turn|42\n|\n|t:|1699719113\n|move|p2a: Iron Valiant|Encore|p1a: Clefable\n|-start|p1a: Clefable|Encore\n|move|p1a: Clefable|Cosmic Power|p1a: Clefable\n|-boost|p1a: Clefable|def|1\n|-boost|p1a: Clefable|spd|1\n|\n|upkeep\n|turn|43\n|\n|t:|1699719124\n|-end|p2a: Iron Valiant|Quark Drive|[silent]\n|switch|p2a: Gholdengo|Gholdengo|49\/100\n|-damage|p2a: Gholdengo|25\/100|[from] Spikes\n|-damage|p2a: Gholdengo|18\/100|[from] Stealth Rock\n|move|p1a: Clefable|Cosmic Power|p1a: Clefable\n|-boost|p1a: Clefable|def|1\n|-boost|p1a: Clefable|spd|1\n|\n|upkeep\n|turn|44\n|\n|t:|1699719129\n|move|p2a: Gholdengo|Trick|p1a: Clefable\n|-activate|p2a: Gholdengo|move: Trick|[of] p1a: Clefable\n|-item|p1a: Clefable|Choice Scarf|[from] move: Trick\n|-enditem|p2a: Gholdengo|Choice Scarf|[silent]|[from] move: Trick\n|move|p1a: Clefable|Cosmic Power|p1a: Clefable\n|-boost|p1a: Clefable|def|1\n|-boost|p1a: Clefable|spd|1\n|\n|-end|p1a: Clefable|Encore\n|upkeep\n|turn|45\n|inactive|noodle and mind has 180 seconds left.\n|\n|t:|1699719136\n|move|p1a: Clefable|Cosmic Power|p1a: Clefable\n|-boost|p1a: Clefable|def|1\n|-boost|p1a: Clefable|spd|1\n|move|p2a: Gholdengo|Shadow Ball|p1a: Clefable\n|-damage|p1a: Clefable|62\/100\n|\n|upkeep\n|turn|46\n|\n|t:|1699719140\n|move|p1a: Clefable|Cosmic Power|p1a: Clefable\n|-boost|p1a: Clefable|def|1\n|-boost|p1a: Clefable|spd|1\n|move|p2a: Gholdengo|Recover|p2a: Gholdengo\n|-heal|p2a: Gholdengo|68\/100\n|\n|upkeep\n|turn|47\n|\n|t:|1699719147\n|move|p1a: Clefable|Cosmic Power|p1a: Clefable\n|-boost|p1a: Clefable|def|0\n|-boost|p1a: Clefable|spd|0\n|move|p2a: Gholdengo|Shadow Ball|p1a: Clefable\n|-damage|p1a: Clefable|53\/100\n|\n|upkeep\n|turn|48\n|c|\u2606Slikkles&NWL|gg\n|-message|Slikkles&NWL forfeited.\n|\n|win|noodle and mind\n|player|p2|noodle and mind|unknownf\n|player|p2|\n","uploadtime":1699719151,"views":87,"p1id":"slikklesnwl","p2id":"noodleandmind","formatid":"gen9ou","rating":0,"private":0,"password":""}