{"id":"smogtours-gen9ou-730124","p1":"Mimikyu Stardust","p2":"DugZa\u30c3","format":"[Gen 9] OU","log":"|inactive|Battle timer is ON: inactive players will automatically lose when time's up.\n|t:|1699790746\n|gametype|singles\n|player|p1|Mimikyu Stardust|#mimikyustardust|\n|player|p2|DugZa\u30c3|#dugza|\n|teamsize|p1|6\n|teamsize|p2|6\n|gen|9\n|tier|[Gen 9] OU\n|rule|Sleep Clause Mod: Limit one foe put to sleep\n|rule|Species Clause: Limit one of each Pok\u00e9mon\n|rule|OHKO Clause: OHKO moves are banned\n|rule|Evasion Items Clause: Evasion items are banned\n|rule|Evasion Moves Clause: Evasion moves are banned\n|rule|Endless Battle Clause: Forcing endless battles is banned\n|rule|HP Percentage Mod: HP is shown in percentages\n|clearpoke\n|poke|p1|Great Tusk|\n|poke|p1|Manaphy|\n|poke|p1|Rillaboom, F|\n|poke|p1|Sneasler, F|\n|poke|p1|Moltres-Galar|\n|poke|p1|Scizor, F|\n|poke|p2|Samurott-Hisui, F|\n|poke|p2|Gholdengo|\n|poke|p2|Sneasler, F|\n|poke|p2|Enamorus, F|\n|poke|p2|Great Tusk|\n|poke|p2|Rillaboom, M|\n|teampreview\n|c|\u2606DugZa\u30c3|hf\n|c|\u2606Mimikyu Stardust|u2\n|inactive|Mimikyu Stardust has 270 seconds left.\n|inactive|DugZa\u30c3 has 270 seconds left.\n|inactive|Mimikyu Stardust has 240 seconds left.\n|inactive|DugZa\u30c3 has 240 seconds left.\n|c|\u2606Mimikyu Stardust|yo new sneasler sprite hype\n|inactive|Mimikyu Stardust has 210 seconds left.\n|\n|t:|1699790862\n|start\n|switch|p1a: Rillaboom|Rillaboom, F|100\/100\n|switch|p2a: Samurott|Samurott-Hisui, F|100\/100\n|-fieldstart|move: Grassy Terrain|[from] ability: Grassy Surge|[of] p1a: Rillaboom\n|turn|1\n|\n|t:|1699790877\n|move|p2a: Samurott|Ceaseless Edge|p1a: Rillaboom\n|-damage|p1a: Rillaboom|57\/100\n|-sidestart|p1: Mimikyu Stardust|Spikes\n|move|p1a: Rillaboom|U-turn|p2a: Samurott\n|-supereffective|p2a: Samurott\n|-damage|p2a: Samurott|9\/100\n|\n|t:|1699790883\n|switch|p1a: Great Tusk|Great Tusk|100\/100|[from] U-turn\n|-damage|p1a: Great Tusk|88\/100|[from] Spikes\n|-enditem|p1a: Great Tusk|Booster Energy\n|-activate|p1a: Great Tusk|ability: Protosynthesis|[fromitem]\n|-start|p1a: Great Tusk|protosynthesisspe\n|\n|-heal|p1a: Great Tusk|94\/100|[from] Grassy Terrain\n|-heal|p2a: Samurott|15\/100|[from] Grassy Terrain\n|upkeep\n|turn|2\n|\n|t:|1699790902\n|switch|p2a: Gholdengo|Gholdengo|100\/100\n|-item|p2a: Gholdengo|Air Balloon\n|move|p1a: Great Tusk|Rapid Spin|p2a: Gholdengo\n|-immune|p2a: Gholdengo\n|\n|-heal|p1a: Great Tusk|99\/100|[from] Grassy Terrain\n|upkeep\n|turn|3\n|inactive|DugZa\u30c3 has 270 seconds left.\n|\n|t:|1699790944\n|move|p1a: Great Tusk|Ice Spinner|p2a: Gholdengo\n|-resisted|p2a: Gholdengo\n|-damage|p2a: Gholdengo|86\/100\n|-enditem|p2a: Gholdengo|Air Balloon\n|-fieldend|move: Grassy Terrain\n|move|p2a: Gholdengo|Make It Rain|p1a: Great Tusk\n|-damage|p1a: Great Tusk|14\/100\n|-unboost|p2a: Gholdengo|spa|1\n|\n|upkeep\n|turn|4\n|\n|t:|1699790960\n|move|p1a: Great Tusk|Stealth Rock|p2a: Gholdengo\n|-sidestart|p2: DugZa\u30c3|move: Stealth Rock\n|move|p2a: Gholdengo|Make It Rain|p1a: Great Tusk\n|-damage|p1a: Great Tusk|0 fnt\n|-unboost|p2a: Gholdengo|spa|1\n|faint|p1a: Great Tusk\n|-end|p1a: Great Tusk|Protosynthesis|[silent]\n|\n|upkeep\n|\n|t:|1699790972\n|switch|p1a: Moltres|Moltres-Galar, shiny|100\/100\n|turn|5\n|inactive|DugZa\u30c3 has 240 seconds left.\n|\n|t:|1699790998\n|switch|p2a: Enamorus|Enamorus, F|100\/100\n|-damage|p2a: Enamorus|76\/100|[from] Stealth Rock\n|move|p1a: Moltres|Fiery Wrath|p2a: Enamorus\n|-resisted|p2a: Enamorus\n|-damage|p2a: Enamorus|45\/100\n|\n|upkeep\n|turn|6\n|inactive|Mimikyu Stardust has 270 seconds left.\n|inactive|DugZa\u30c3 has 240 seconds left.\n|inactive|Mimikyu Stardust has 240 seconds left.\n|\n|t:|1699791042\n|move|p2a: Enamorus|Moonblast|p1a: Moltres\n|-supereffective|p1a: Moltres\n|-damage|p1a: Moltres|18\/100\n|-unboost|p1a: Moltres|spa|1\n|-ability|p1a: Moltres|Berserk|boost\n|-boost|p1a: Moltres|spa|1\n|-enditem|p1a: Moltres|Sitrus Berry|[eat]\n|-heal|p1a: Moltres|43\/100|[from] item: Sitrus Berry\n|move|p1a: Moltres|Agility|p1a: Moltres\n|-boost|p1a: Moltres|spe|2\n|\n|upkeep\n|turn|7\n|inactive|Mimikyu Stardust has 240 seconds left.\n|\n|t:|1699791058\n|move|p1a: Moltres|Hurricane|p2a: Enamorus\n|-damage|p2a: Enamorus|0 fnt\n|faint|p2a: Enamorus\n|\n|upkeep\n|inactive|DugZa\u30c3 has 210 seconds left.\n|inactive|DugZa\u30c3 has 180 seconds left.\n|inactive|DugZa\u30c3 has 150 seconds left.\n|inactive|DugZa\u30c3 has 120 seconds left.\n|\n|t:|1699791162\n|switch|p2a: Samurott|Samurott-Hisui, F|15\/100\n|-damage|p2a: Samurott|3\/100|[from] Stealth Rock\n|turn|8\n|\n|t:|1699791166\n|move|p2a: Samurott|Aqua Jet|p1a: Moltres\n|-damage|p1a: Moltres|22\/100\n|move|p1a: Moltres|Fiery Wrath|p2a: Samurott\n|-resisted|p2a: Samurott\n|-crit|p2a: Samurott\n|-damage|p2a: Samurott|0 fnt\n|faint|p2a: Samurott\n|\n|upkeep\n|\n|t:|1699791169\n|switch|p2a: Rillaboom|Rillaboom, M|100\/100\n|-damage|p2a: Rillaboom|88\/100|[from] Stealth Rock\n|-fieldstart|move: Grassy Terrain|[from] ability: Grassy Surge|[of] p2a: Rillaboom\n|turn|9\n|\n|t:|1699791186\n|switch|p1a: Scizor|Scizor, F|100\/100\n|-damage|p1a: Scizor|88\/100|[from] Spikes\n|move|p2a: Rillaboom|Grassy Glide|p1a: Scizor\n|-resisted|p1a: Scizor\n|-damage|p1a: Scizor|70\/100\n|\n|-heal|p2a: Rillaboom|94\/100|[from] Grassy Terrain\n|-heal|p1a: Scizor|76\/100|[from] Grassy Terrain\n|upkeep\n|turn|10\n|\n|t:|1699791195\n|switch|p2a: Gholdengo|Gholdengo|86\/100\n|-damage|p2a: Gholdengo|80\/100|[from] Stealth Rock\n|move|p1a: Scizor|Swords Dance|p1a: Scizor\n|-boost|p1a: Scizor|atk|2\n|\n|-heal|p2a: Gholdengo|86\/100|[from] Grassy Terrain\n|-heal|p1a: Scizor|83\/100|[from] Grassy Terrain\n|upkeep\n|turn|11\n|inactive|DugZa\u30c3 has 150 seconds left.\n|\n|t:|1699791206\n|move|p2a: Gholdengo|Nasty Plot|p2a: Gholdengo\n|-boost|p2a: Gholdengo|spa|2\n|move|p1a: Scizor|Knock Off|p2a: Gholdengo\n|-supereffective|p2a: Gholdengo\n|-crit|p2a: Gholdengo\n|-damage|p2a: Gholdengo|0 fnt\n|faint|p2a: Gholdengo\n|\n|-heal|p1a: Scizor|89\/100|[from] Grassy Terrain\n|upkeep\n|\n|t:|1699791211\n|switch|p2a: Great Tusk|Great Tusk|100\/100\n|-damage|p2a: Great Tusk|98\/100|[from] Stealth Rock\n|-enditem|p2a: Great Tusk|Booster Energy\n|-activate|p2a: Great Tusk|ability: Protosynthesis|[fromitem]\n|-start|p2a: Great Tusk|protosynthesisspe\n|turn|12\n|inactive|DugZa\u30c3 has 150 seconds left.\n|inactive|Mimikyu Stardust has 270 seconds left.\n|inactive|Mimikyu Stardust has 240 seconds left.\n|\n|t:|1699791271\n|switch|p1a: Manaphy|Manaphy|100\/100\n|move|p2a: Great Tusk|Bulk Up|p2a: Great Tusk\n|-boost|p2a: Great Tusk|atk|1\n|-boost|p2a: Great Tusk|def|1\n|\n|-heal|p2a: Great Tusk|100\/100|[from] Grassy Terrain\n|upkeep\n|turn|13\n|inactive|DugZa\u30c3 has 120 seconds left.\n|inactive|DugZa\u30c3 has 90 seconds left.\n|inactive|DugZa\u30c3 has 60 seconds left.\n|inactive|DugZa\u30c3 has 30 seconds left.\n|inactive|DugZa\u30c3 has 20 seconds left.\n|\n|t:|1699791400\n|-end|p2a: Great Tusk|Protosynthesis|[silent]\n|switch|p2a: Rillaboom|Rillaboom, M|94\/100\n|-damage|p2a: Rillaboom|82\/100|[from] Stealth Rock\n|move|p1a: Manaphy|Surf|p2a: Rillaboom\n|-resisted|p2a: Rillaboom\n|-damage|p2a: Rillaboom|58\/100\n|\n|-heal|p2a: Rillaboom|64\/100|[from] Grassy Terrain\n|-fieldend|move: Grassy Terrain\n|upkeep\n|turn|14\n|inactive|DugZa\u30c3 has 30 seconds left this turn.\n|inactive|DugZa\u30c3 has 20 seconds left.\n|inactive|Mimikyu Stardust has 240 seconds left.\n|inactive|DugZa\u30c3 has 15 seconds left.\n|inactive|DugZa\u30c3 has 10 seconds left.\n|inactive|DugZa\u30c3 has 5 seconds left.\n|\n|t:|1699791429\n|move|p1a: Manaphy|Ice Beam|p2a: Rillaboom\n|-supereffective|p2a: Rillaboom\n|-damage|p2a: Rillaboom|0 fnt\n|faint|p2a: Rillaboom\n|\n|upkeep\n|inactive|DugZa\u30c3 has 10 seconds left this turn.\n|inactive|DugZa\u30c3 has 5 seconds left.\n|-message|DugZa\u30c3 lost due to inactivity.\n|\n|win|Mimikyu Stardust\n|c|\u2606DugZa\u30c3|gg\n|c|\u2606Mimikyu Stardust|gg\n","uploadtime":1699791440,"views":82,"p1id":"mimikyustardust","p2id":"dugza","formatid":"gen9ou","rating":0,"private":0,"password":""}