{"id":"smogtours-gen9ou-730205","p1":"n0stall","p2":"RED WHITE and TEAL","format":"[Gen 9] OU","log":"|inactive|Battle timer is ON: inactive players will automatically lose when time's up.\n|t:|1699805501\n|gametype|singles\n|player|p1|n0stall|pokekid|\n|player|p2|RED WHITE and TEAL|#splxisharks|\n|teamsize|p1|6\n|teamsize|p2|6\n|gen|9\n|tier|[Gen 9] OU\n|rule|Sleep Clause Mod: Limit one foe put to sleep\n|rule|Species Clause: Limit one of each Pok\u00e9mon\n|rule|OHKO Clause: OHKO moves are banned\n|rule|Evasion Items Clause: Evasion items are banned\n|rule|Evasion Moves Clause: Evasion moves are banned\n|rule|Endless Battle Clause: Forcing endless battles is banned\n|rule|HP Percentage Mod: HP is shown in percentages\n|clearpoke\n|poke|p1|Zamazenta-*|\n|poke|p1|Kingambit, M|\n|poke|p1|Ogerpon-Wellspring, F|\n|poke|p1|Iron Moth|\n|poke|p1|Glimmora, F|\n|poke|p1|Iron Valiant|\n|poke|p2|Kingambit, M|\n|poke|p2|Gholdengo|\n|poke|p2|Ribombee, F|\n|poke|p2|Rillaboom, M|\n|poke|p2|Walking Wake|\n|poke|p2|Garchomp, M|\n|teampreview\n|c|\u2606RED WHITE and TEAL|hf\n|c|\u2606n0stall|u2\n|c|+RUBIAA|Scl?\n|c|\u2606RED WHITE and TEAL|no\n|c|+RUBIAA|Oh\n|inactive|n0stall has 270 seconds left.\n|inactive|RED WHITE and TEAL has 270 seconds left.\n|\n|t:|1699805546\n|start\n|switch|p1a: Glimmora|Glimmora, F|100\/100\n|switch|p2a: Walking Wake|Walking Wake|100\/100\n|turn|1\n|\n|t:|1699805555\n|switch|p1a: Ogerpon|Ogerpon-Wellspring, F|100\/100\n|move|p2a: Walking Wake|Dragon Pulse|p1a: Ogerpon\n|-damage|p1a: Ogerpon|24\/100\n|\n|upkeep\n|turn|2\n|\n|t:|1699805570\n|-end|p2a: Walking Wake|Protosynthesis|[silent]\n|switch|p2a: Gholdengo|Gholdengo|100\/100\n|move|p1a: Ogerpon|Knock Off|p2a: Gholdengo\n|-supereffective|p2a: Gholdengo\n|-damage|p2a: Gholdengo|52\/100\n|-enditem|p2a: Gholdengo|Covert Cloak|[from] move: Knock Off|[of] p1a: Ogerpon\n|\n|upkeep\n|turn|3\n|inactive|n0stall has 270 seconds left.\n|\n|t:|1699805606\n|move|p1a: Ogerpon|Swords Dance|p1a: Ogerpon\n|-boost|p1a: Ogerpon|atk|2\n|move|p2a: Gholdengo|Recover|p2a: Gholdengo\n|-heal|p2a: Gholdengo|100\/100\n|\n|upkeep\n|turn|4\n|\n|t:|1699805612\n|switch|p2a: Ribombee|Ribombee, F|100\/100\n|move|p1a: Ogerpon|Ivy Cudgel|p2a: Ribombee\n|-enditem|p2a: Ribombee|Focus Sash\n|-damage|p2a: Ribombee|1\/100\n|\n|upkeep\n|turn|5\n|\n|t:|1699805625\n|move|p2a: Ribombee|Sticky Web|p1a: Ogerpon\n|-sidestart|p1: n0stall|move: Sticky Web\n|move|p1a: Ogerpon|Trailblaze|p2a: Ribombee\n|-resisted|p2a: Ribombee\n|-damage|p2a: Ribombee|0 fnt\n|-boost|p1a: Ogerpon|spe|1\n|faint|p2a: Ribombee\n|\n|upkeep\n|\n|t:|1699805628\n|switch|p2a: Rillaboom|Rillaboom, M|100\/100\n|-fieldstart|move: Grassy Terrain|[from] ability: Grassy Surge|[of] p2a: Rillaboom\n|turn|6\n|inactive|n0stall has 270 seconds left.\n|\n|t:|1699805651\n|move|p2a: Rillaboom|Grassy Glide|p1a: Ogerpon\n|-damage|p1a: Ogerpon|0 fnt\n|faint|p1a: Ogerpon\n|\n|upkeep\n|\n|t:|1699805653\n|switch|p1a: Zamazenta|Zamazenta|100\/100\n|-activate|p1a: Zamazenta|move: Sticky Web\n|-unboost|p1a: Zamazenta|spe|1\n|-ability|p1a: Zamazenta|Dauntless Shield|boost\n|-boost|p1a: Zamazenta|def|1\n|turn|7\n|\n|t:|1699805669\n|switch|p2a: Gholdengo|Gholdengo|100\/100\n|move|p1a: Zamazenta|Crunch|p2a: Gholdengo\n|-supereffective|p2a: Gholdengo\n|-damage|p2a: Gholdengo|61\/100\n|\n|-heal|p2a: Gholdengo|67\/100|[from] Grassy Terrain\n|upkeep\n|turn|8\n|inactive|n0stall has 270 seconds left.\n|\n|t:|1699805685\n|switch|p1a: Kingambit|Kingambit, M|100\/100\n|-activate|p1a: Kingambit|move: Sticky Web\n|-unboost|p1a: Kingambit|spe|1\n|-activate|p1a: Kingambit|ability: Supreme Overlord\n|-start|p1a: Kingambit|fallen1|[silent]\n|switch|p2a: Garchomp|Garchomp, M|100\/100\n|\n|upkeep\n|turn|9\n|inactive|n0stall has 270 seconds left.\n|\n|t:|1699805704\n|-end|p1a: Kingambit|fallen1|[silent]\n|switch|p1a: Zamazenta|Zamazenta|100\/100\n|-activate|p1a: Zamazenta|move: Sticky Web\n|-unboost|p1a: Zamazenta|spe|1\n|move|p2a: Garchomp|Fire Blast|p1a: Zamazenta\n|-damage|p1a: Zamazenta|67\/100\n|-damage|p2a: Garchomp|91\/100|[from] item: Life Orb\n|\n|-heal|p2a: Garchomp|97\/100|[from] Grassy Terrain\n|-heal|p1a: Zamazenta|73\/100|[from] Grassy Terrain\n|-heal|p1a: Zamazenta|79\/100|[from] item: Leftovers\n|upkeep\n|turn|10\n|inactive|n0stall has 270 seconds left.\n|\n|t:|1699805721\n|switch|p2a: Gholdengo|Gholdengo|67\/100\n|move|p1a: Zamazenta|Iron Defense|p1a: Zamazenta\n|-boost|p1a: Zamazenta|def|2\n|\n|-heal|p1a: Zamazenta|85\/100|[from] Grassy Terrain\n|-heal|p1a: Zamazenta|91\/100|[from] item: Leftovers\n|-heal|p2a: Gholdengo|73\/100|[from] Grassy Terrain\n|-fieldend|move: Grassy Terrain\n|upkeep\n|turn|11\n|\n|t:|1699805726\n|move|p1a: Zamazenta|Crunch|p2a: Gholdengo\n|-supereffective|p2a: Gholdengo\n|-damage|p2a: Gholdengo|36\/100\n|move|p2a: Gholdengo|Shadow Ball|p1a: Zamazenta\n|-damage|p1a: Zamazenta|60\/100\n|\n|-heal|p1a: Zamazenta|67\/100|[from] item: Leftovers\n|upkeep\n|turn|12\n|\n|t:|1699805733\n|move|p1a: Zamazenta|Crunch|p2a: Gholdengo\n|-supereffective|p2a: Gholdengo\n|-damage|p2a: Gholdengo|1\/100\n|move|p2a: Gholdengo|Shadow Ball|p1a: Zamazenta\n|-damage|p1a: Zamazenta|34\/100\n|-unboost|p1a: Zamazenta|spd|1\n|\n|-heal|p1a: Zamazenta|40\/100|[from] item: Leftovers\n|upkeep\n|turn|13\n|\n|t:|1699805746\n|move|p1a: Zamazenta|Crunch|p2a: Gholdengo\n|-supereffective|p2a: Gholdengo\n|-damage|p2a: Gholdengo|0 fnt\n|faint|p2a: Gholdengo\n|\n|-heal|p1a: Zamazenta|47\/100|[from] item: Leftovers\n|upkeep\n|\n|t:|1699805750\n|switch|p2a: Walking Wake|Walking Wake|100\/100\n|turn|14\n|inactive|n0stall has 270 seconds left.\n|\n|t:|1699805779\n|switch|p1a: Kingambit|Kingambit, M|100\/100\n|-activate|p1a: Kingambit|move: Sticky Web\n|-unboost|p1a: Kingambit|spe|1\n|-activate|p1a: Kingambit|ability: Supreme Overlord\n|-start|p1a: Kingambit|fallen1|[silent]\n|move|p2a: Walking Wake|Surf|p1a: Kingambit\n|-damage|p1a: Kingambit|14\/100\n|\n|upkeep\n|turn|15\n|inactive|n0stall has 270 seconds left.\n|\n|t:|1699805792\n|-end|p2a: Walking Wake|Protosynthesis|[silent]\n|switch|p2a: Garchomp|Garchomp, M|97\/100\n|move|p1a: Kingambit|Swords Dance|p1a: Kingambit\n|-boost|p1a: Kingambit|atk|2\n|\n|upkeep\n|turn|16\n|inactive|n0stall has 270 seconds left.\n|\n|t:|1699805800\n|move|p2a: Garchomp|Stealth Rock|p1a: Kingambit\n|-sidestart|p1: n0stall|move: Stealth Rock\n|move|p1a: Kingambit|Iron Head|p2a: Garchomp\n|-damage|p2a: Garchomp|0 fnt\n|-damage|p1a: Kingambit|2\/100|[from] ability: Rough Skin|[of] p2a: Garchomp\n|faint|p2a: Garchomp\n|\n|upkeep\n|\n|t:|1699805805\n|switch|p2a: Rillaboom|Rillaboom, M|100\/100\n|-fieldstart|move: Grassy Terrain|[from] ability: Grassy Surge|[of] p2a: Rillaboom\n|turn|17\n|\n|t:|1699805816\n|move|p2a: Rillaboom|Grassy Glide|p1a: Kingambit\n|-resisted|p1a: Kingambit\n|-damage|p1a: Kingambit|0 fnt\n|faint|p1a: Kingambit\n|-end|p1a: Kingambit|fallen1|[silent]\n|\n|upkeep\n|inactive|n0stall has 270 seconds left.\n|\n|t:|1699805847\n|switch|p1a: Polyphemus|Iron Moth|100\/100\n|-activate|p1a: Polyphemus|move: Sticky Web\n|-unboost|p1a: Polyphemus|spe|1\n|-damage|p1a: Polyphemus|76\/100|[from] Stealth Rock\n|-enditem|p1a: Polyphemus|Booster Energy\n|-activate|p1a: Polyphemus|ability: Quark Drive|[fromitem]\n|-start|p1a: Polyphemus|quarkdrivespa\n|turn|18\n|inactive|n0stall has 240 seconds left.\n|\n|t:|1699805883\n|move|p1a: Polyphemus|Sludge Wave|p2a: Rillaboom\n|-supereffective|p2a: Rillaboom\n|-damage|p2a: Rillaboom|0 fnt\n|faint|p2a: Rillaboom\n|\n|-heal|p1a: Polyphemus|82\/100|[from] Grassy Terrain\n|upkeep\n|\n|t:|1699805885\n|switch|p2a: Walking Wake|Walking Wake|100\/100\n|turn|19\n|inactive|n0stall has 240 seconds left.\n|\n|t:|1699805930\n|move|p2a: Walking Wake|Draco Meteor|p1a: Polyphemus\n|-damage|p1a: Polyphemus|0 fnt\n|-unboost|p2a: Walking Wake|spa|2\n|faint|p1a: Polyphemus\n|-end|p1a: Polyphemus|Quark Drive|[silent]\n|\n|upkeep\n|inactive|n0stall has 210 seconds left.\n|\n|t:|1699805945\n|switch|p1a: Mav's Joint|Iron Valiant|100\/100\n|-activate|p1a: Mav's Joint|move: Sticky Web\n|-unboost|p1a: Mav's Joint|spe|1\n|-damage|p1a: Mav's Joint|94\/100|[from] Stealth Rock\n|-enditem|p1a: Mav's Joint|Booster Energy\n|-activate|p1a: Mav's Joint|ability: Quark Drive|[fromitem]\n|-start|p1a: Mav's Joint|quarkdrivespa\n|turn|20\n|inactive|n0stall has 210 seconds left.\n|\n|t:|1699805956\n|-end|p2a: Walking Wake|Protosynthesis|[silent]\n|switch|p2a: Kingambit|Kingambit, M|100\/100\n|-activate|p2a: Kingambit|ability: Supreme Overlord\n|-start|p2a: Kingambit|fallen4|[silent]\n|-terastallize|p1a: Mav's Joint|Fairy\n|move|p1a: Mav's Joint|Moonblast|p2a: Kingambit\n|-damage|p2a: Kingambit|15\/100\n|-unboost|p2a: Kingambit|spa|1\n|\n|-heal|p1a: Mav's Joint|100\/100|[from] Grassy Terrain\n|-heal|p2a: Kingambit|21\/100|[from] Grassy Terrain\n|-heal|p2a: Kingambit|27\/100|[from] item: Leftovers\n|upkeep\n|turn|21\n|inactive|n0stall has 210 seconds left.\n|\n|t:|1699805964\n|move|p2a: Kingambit|Sucker Punch|p1a: Mav's Joint\n|-resisted|p1a: Mav's Joint\n|-damage|p1a: Mav's Joint|64\/100\n|move|p1a: Mav's Joint|Moonblast|p2a: Kingambit\n|-damage|p2a: Kingambit|0 fnt\n|faint|p2a: Kingambit\n|-end|p2a: Kingambit|fallen4|[silent]\n|\n|-heal|p1a: Mav's Joint|70\/100|[from] Grassy Terrain\n|-fieldend|move: Grassy Terrain\n|upkeep\n|\n|t:|1699805968\n|switch|p2a: Walking Wake|Walking Wake|100\/100\n|turn|22\n|\n|t:|1699805981\n|-terastallize|p2a: Walking Wake|Water\n|move|p2a: Walking Wake|Surf|p1a: Mav's Joint\n|-damage|p1a: Mav's Joint|0 fnt\n|faint|p1a: Mav's Joint\n|-end|p1a: Mav's Joint|Quark Drive|[silent]\n|\n|upkeep\n|\n|t:|1699805990\n|switch|p1a: Zamazenta|Zamazenta|47\/100\n|-activate|p1a: Zamazenta|move: Sticky Web\n|-unboost|p1a: Zamazenta|spe|1\n|-damage|p1a: Zamazenta|40\/100|[from] Stealth Rock\n|turn|23\n|\n|t:|1699805996\n|move|p2a: Walking Wake|Surf|p1a: Zamazenta\n|-crit|p1a: Zamazenta\n|-damage|p1a: Zamazenta|0 fnt\n|faint|p1a: Zamazenta\n|\n|upkeep\n|\n|t:|1699805998\n|switch|p1a: Glimmora|Glimmora, F|100\/100\n|-activate|p1a: Glimmora|move: Sticky Web\n|-unboost|p1a: Glimmora|spe|1\n|-damage|p1a: Glimmora|88\/100|[from] Stealth Rock\n|turn|24\n|\n|t:|1699806002\n|move|p2a: Walking Wake|Surf|p1a: Glimmora\n|-supereffective|p1a: Glimmora\n|-damage|p1a: Glimmora|0 fnt\n|faint|p1a: Glimmora\n|\n|win|RED WHITE and TEAL\n|c|\u2606RED WHITE and TEAL|gg\n|c|\u2606n0stall|bro\n|c|\u2606n0stall|gg\n|c|\u2606n0stall|ninguno tenia spe\n","uploadtime":1699806003,"views":34,"p1id":"n0stall","p2id":"redwhiteandteal","formatid":"gen9ou","rating":0,"private":0,"password":""}