{"id":"smogtours-gen9ou-731599","p1":"mncmt","p2":"RUBYBLOOD","format":"[Gen 9] OU","log":"|inactive|Battle timer is ON: inactive players will automatically lose when time's up.\n|t:|1700419971\n|gametype|singles\n|player|p1|mncmt|#scl3foxes|\n|player|p2|RUBYBLOOD|#scl3islanders2|\n|teamsize|p1|6\n|teamsize|p2|6\n|gen|9\n|tier|[Gen 9] OU\n|rule|Sleep Clause Mod: Limit one foe put to sleep\n|rule|Species Clause: Limit one of each Pok\u00e9mon\n|rule|OHKO Clause: OHKO moves are banned\n|rule|Evasion Items Clause: Evasion items are banned\n|rule|Evasion Moves Clause: Evasion moves are banned\n|rule|Endless Battle Clause: Forcing endless battles is banned\n|rule|HP Percentage Mod: HP is shown in percentages\n|clearpoke\n|poke|p1|Iron Valiant|\n|poke|p1|Great Tusk|\n|poke|p1|Grimmsnarl, M|\n|poke|p1|Iron Moth|\n|poke|p1|Kingambit, M|\n|poke|p1|Sneasler, F|\n|poke|p2|Dragapult, F|\n|poke|p2|Torkoal, M|\n|poke|p2|Iron Moth|\n|poke|p2|Walking Wake|\n|poke|p2|Kingambit, F|\n|poke|p2|Great Tusk|\n|teampreview\n|c|\u2606mncmt|hf\n|c|\u2606RUBYBLOOD|hf\n|inactive|mncmt has 270 seconds left.\n|inactive|RUBYBLOOD has 270 seconds left.\n|inactive|mncmt has 240 seconds left.\n|inactive|RUBYBLOOD has 240 seconds left.\n|\n|t:|1700420039\n|start\n|switch|p1a: Avarice|Grimmsnarl, M|100\/100\n|switch|p2a: Iron Moth|Iron Moth|100\/100\n|turn|1\n|inactive|RUBYBLOOD has 270 seconds left.\n|\n|t:|1700420075\n|move|p1a: Avarice|Light Screen|p1a: Avarice\n|-sidestart|p1: mncmt|move: Light Screen\n|move|p2a: Iron Moth|Sludge Wave|p1a: Avarice\n|-supereffective|p1a: Avarice\n|-damage|p1a: Avarice|16\/100\n|\n|upkeep\n|turn|2\n|inactive|RUBYBLOOD has 270 seconds left.\n|inactive|mncmt has 270 seconds left.\n|inactive|RUBYBLOOD has 240 seconds left.\n|\n|t:|1700420138\n|-end|p2a: Iron Moth|Quark Drive|[silent]\n|switch|p2a: Torkoal|Torkoal, M|100\/100\n|-weather|SunnyDay|[from] ability: Drought|[of] p2a: Torkoal\n|move|p1a: Avarice|Reflect|p1a: Avarice\n|-sidestart|p1: mncmt|Reflect\n|\n|-weather|SunnyDay|[upkeep]\n|upkeep\n|turn|3\n|\n|t:|1700420149\n|switch|p1a: Great Tusk|Great Tusk|100\/100\n|-activate|p1a: Great Tusk|ability: Protosynthesis\n|-start|p1a: Great Tusk|protosynthesisatk\n|move|p2a: Torkoal|Yawn|p1a: Great Tusk\n|-start|p1a: Great Tusk|move: Yawn|[of] p2a: Torkoal\n|\n|-weather|SunnyDay|[upkeep]\n|upkeep\n|turn|4\n|raw|<div class=\"broadcast-red\"><strong>Moderated chat was set to \u2606!<\/strong><br \/>Only users of rank \u2606 and higher can talk.<\/div>\n|inactive|RUBYBLOOD has 210 seconds left.\n|\n|t:|1700420192\n|switch|p2a: Dragapult|Dragapult, F|100\/100\n|move|p1a: Great Tusk|Headlong Rush|p2a: Dragapult\n|-enditem|p2a: Dragapult|Focus Sash\n|-damage|p2a: Dragapult|1\/100\n|-unboost|p1a: Great Tusk|def|1\n|-unboost|p1a: Great Tusk|spd|1\n|\n|-weather|SunnyDay|[upkeep]\n|-end|p1a: Great Tusk|move: Yawn|[silent]\n|-status|p1a: Great Tusk|slp\n|upkeep\n|turn|5\n|inactive|RUBYBLOOD has 210 seconds left.\n|inactive|mncmt has 240 seconds left.\n|inactive|RUBYBLOOD has 180 seconds left.\n|\n|t:|1700420243\n|-end|p1a: Great Tusk|Protosynthesis|[silent]\n|switch|p1a: Avarice|Grimmsnarl, M|16\/100\n|move|p2a: Dragapult|Thunder Wave|p1a: Avarice\n|-status|p1a: Avarice|par\n|\n|-weather|SunnyDay|[upkeep]\n|upkeep\n|turn|6\n|\n|t:|1700420257\n|switch|p1a: Iron Moth|Iron Moth|100\/100\n|-enditem|p1a: Iron Moth|Booster Energy\n|-activate|p1a: Iron Moth|ability: Quark Drive|[fromitem]\n|-start|p1a: Iron Moth|quarkdrivespe\n|move|p2a: Dragapult|Hex|p1a: Iron Moth\n|-damage|p1a: Iron Moth|70\/100\n|\n|-weather|SunnyDay|[upkeep]\n|upkeep\n|turn|7\n|inactive|RUBYBLOOD has 150 seconds left.\n|inactive|RUBYBLOOD has 120 seconds left.\n|inactive|RUBYBLOOD has 90 seconds left.\n|\n|t:|1700420348\n|switch|p2a: Iron Moth|Iron Moth|100\/100\n|move|p1a: Iron Moth|Fiery Dance|p2a: Iron Moth\n|-resisted|p2a: Iron Moth\n|-damage|p2a: Iron Moth|68\/100\n|-boost|p1a: Iron Moth|spa|1\n|\n|-weather|SunnyDay|[upkeep]\n|upkeep\n|turn|8\n|inactive|RUBYBLOOD has 90 seconds left.\n|\n|t:|1700420371\n|-terastallize|p1a: Iron Moth|Ground\n|move|p1a: Iron Moth|Tera Blast|p2a: Iron Moth|[anim] Tera Blast Ground\n|-supereffective|p2a: Iron Moth\n|-damage|p2a: Iron Moth|0 fnt\n|faint|p2a: Iron Moth\n|-end|p2a: Iron Moth|Quark Drive|[silent]\n|\n|-weather|SunnyDay|[upkeep]\n|-sideend|p1: mncmt|move: Light Screen\n|upkeep\n|inactive|RUBYBLOOD has 60 seconds left.\n|\n|t:|1700420409\n|switch|p2a: Walking Wake|Walking Wake|100\/100\n|-activate|p2a: Walking Wake|ability: Protosynthesis\n|-start|p2a: Walking Wake|protosynthesisspe\n|turn|9\n|\n|t:|1700420417\n|-end|p2a: Walking Wake|Protosynthesis|[silent]\n|switch|p2a: Kingambit|Kingambit, F|100\/100\n|-activate|p2a: Kingambit|ability: Supreme Overlord\n|-start|p2a: Kingambit|fallen1|[silent]\n|move|p1a: Iron Moth|Sludge Wave|p2a: Kingambit\n|-immune|p2a: Kingambit\n|\n|-weather|none\n|-sideend|p1: mncmt|Reflect\n|upkeep\n|turn|10\n|inactive|mncmt has 240 seconds left.\n|inactive|RUBYBLOOD has 30 seconds left.\n|inactive|mncmt has 210 seconds left.\n|inactive|RUBYBLOOD has 20 seconds left.\n|c|\u2606RUBYBLOOD|test\n|\n|t:|1700420469\n|-terastallize|p2a: Kingambit|Fairy\n|move|p1a: Iron Moth|Fiery Dance|p2a: Kingambit\n|-damage|p2a: Kingambit|36\/100\n|move|p2a: Kingambit|Kowtow Cleave|p1a: Iron Moth\n|-damage|p1a: Iron Moth|0 fnt\n|faint|p1a: Iron Moth\n|-end|p1a: Iron Moth|Quark Drive|[silent]\n|\n|upkeep\n|inactive|RUBYBLOOD has 25 seconds left this turn.\n|inactive|mncmt has 180 seconds left.\n|\n|t:|1700420490\n|switch|p1a: S dks%jh 2n|Sneasler, F|100\/100\n|-item|p1a: S dks%jh 2n|Air Balloon\n|turn|11\n|inactive|RUBYBLOOD has 30 seconds left.\n|inactive|RUBYBLOOD has 20 seconds left.\n|\n|t:|1700420507\n|-end|p2a: Kingambit|fallen1|[silent]\n|switch|p2a: Torkoal|Torkoal, M|100\/100\n|-weather|SunnyDay|[from] ability: Drought|[of] p2a: Torkoal\n|move|p1a: S dks%jh 2n|Dire Claw|p2a: Torkoal\n|-damage|p2a: Torkoal|64\/100\n|-status|p2a: Torkoal|psn\n|\n|-weather|SunnyDay|[upkeep]\n|-damage|p2a: Torkoal|52\/100 psn|[from] psn\n|upkeep\n|turn|12\n|inactive|RUBYBLOOD has 30 seconds left this turn.\n|inactive|RUBYBLOOD has 20 seconds left.\n|inactive|RUBYBLOOD has 15 seconds left.\n|inactive|mncmt has 180 seconds left.\n|inactive|RUBYBLOOD has 10 seconds left.\n|\n|t:|1700420535\n|move|p1a: S dks%jh 2n|Dire Claw|p2a: Torkoal\n|-damage|p2a: Torkoal|18\/100 psn\n|move|p2a: Torkoal|Flamethrower|p1a: S dks%jh 2n\n|-damage|p1a: S dks%jh 2n|48\/100\n|-enditem|p1a: S dks%jh 2n|Air Balloon\n|\n|-weather|SunnyDay|[upkeep]\n|-damage|p2a: Torkoal|5\/100 psn|[from] psn\n|upkeep\n|turn|13\n|inactive|RUBYBLOOD has 20 seconds left this turn.\n|inactive|mncmt has 180 seconds left.\n|inactive|RUBYBLOOD has 15 seconds left.\n|\n|t:|1700420547\n|switch|p2a: Dragapult|Dragapult, F|1\/100\n|move|p1a: S dks%jh 2n|Dire Claw|p2a: Dragapult\n|-resisted|p2a: Dragapult\n|-damage|p2a: Dragapult|0 fnt\n|faint|p2a: Dragapult\n|\n|-weather|SunnyDay|[upkeep]\n|upkeep\n|inactive|RUBYBLOOD has 20 seconds left this turn.\n|inactive|RUBYBLOOD has 15 seconds left.\n|\n|t:|1700420553\n|switch|p2a: Great Tusk|Great Tusk|100\/100\n|-activate|p2a: Great Tusk|ability: Protosynthesis\n|-start|p2a: Great Tusk|protosynthesisspe\n|turn|14\n|inactive|RUBYBLOOD has 25 seconds left this turn.\n|inactive|RUBYBLOOD has 20 seconds left.\n|inactive|RUBYBLOOD has 15 seconds left.\n|\n|t:|1700420565\n|move|p1a: S dks%jh 2n|Swords Dance|p1a: S dks%jh 2n\n|-boost|p1a: S dks%jh 2n|atk|2\n|move|p2a: Great Tusk|Rapid Spin|p1a: S dks%jh 2n\n|-damage|p1a: S dks%jh 2n|26\/100\n|-boost|p2a: Great Tusk|spe|1\n|\n|-weather|SunnyDay|[upkeep]\n|upkeep\n|turn|15\n|inactive|RUBYBLOOD has 25 seconds left this turn.\n|inactive|RUBYBLOOD has 20 seconds left.\n|inactive|RUBYBLOOD has 15 seconds left.\n|inactive|RUBYBLOOD has 10 seconds left.\n|\n|t:|1700420585\n|move|p2a: Great Tusk|Headlong Rush|p1a: S dks%jh 2n\n|-supereffective|p1a: S dks%jh 2n\n|-damage|p1a: S dks%jh 2n|0 fnt\n|-unboost|p2a: Great Tusk|def|1\n|-unboost|p2a: Great Tusk|spd|1\n|faint|p1a: S dks%jh 2n\n|\n|-weather|SunnyDay|[upkeep]\n|upkeep\n|inactive|RUBYBLOOD has 15 seconds left this turn.\n|inactive|mncmt has 180 seconds left.\n|\n|t:|1700420628\n|switch|p1a: Avarice|Grimmsnarl, M|16\/100 par\n|turn|16\n|inactive|RUBYBLOOD has 25 seconds left this turn.\n|inactive|RUBYBLOOD has 20 seconds left.\n|inactive|RUBYBLOOD has 15 seconds left.\n|\n|t:|1700420644\n|cant|p1a: Avarice|par\n|move|p2a: Great Tusk|Bulk Up|p2a: Great Tusk\n|-boost|p2a: Great Tusk|atk|1\n|-boost|p2a: Great Tusk|def|1\n|\n|-weather|SunnyDay|[upkeep]\n|upkeep\n|turn|17\n|inactive|RUBYBLOOD has 25 seconds left this turn.\n|inactive|RUBYBLOOD has 20 seconds left.\n|inactive|RUBYBLOOD has 15 seconds left.\n|\n|t:|1700420664\n|move|p1a: Avarice|Reflect|p1a: Avarice\n|-sidestart|p1: mncmt|Reflect\n|move|p2a: Great Tusk|Bulk Up|p2a: Great Tusk\n|-boost|p2a: Great Tusk|atk|1\n|-boost|p2a: Great Tusk|def|1\n|\n|-weather|SunnyDay|[upkeep]\n|upkeep\n|turn|18\n|inactive|RUBYBLOOD has 25 seconds left this turn.\n|inactive|RUBYBLOOD has 20 seconds left.\n|inactive|RUBYBLOOD has 15 seconds left.\n|inactive|RUBYBLOOD has 10 seconds left.\n|\n|t:|1700420679\n|move|p1a: Avarice|Taunt|p2a: Great Tusk\n|-start|p2a: Great Tusk|move: Taunt\n|cant|p2a: Great Tusk|move: Taunt|Bulk Up\n|\n|-weather|none\n|-end|p2a: Great Tusk|Protosynthesis\n|upkeep\n|turn|19\n|inactive|RUBYBLOOD has 20 seconds left this turn.\n|inactive|RUBYBLOOD has 15 seconds left.\n|\n|t:|1700420688\n|move|p2a: Great Tusk|Rapid Spin|p1a: Avarice\n|-damage|p1a: Avarice|0 fnt\n|-boost|p2a: Great Tusk|spe|1\n|faint|p1a: Avarice\n|\n|upkeep\n|inactive|RUBYBLOOD has 20 seconds left this turn.\n|\n|t:|1700420691\n|switch|p1a: Iron Valiant|Iron Valiant|100\/100\n|-enditem|p1a: Iron Valiant|Booster Energy\n|-activate|p1a: Iron Valiant|ability: Quark Drive|[fromitem]\n|-start|p1a: Iron Valiant|quarkdrivespe\n|turn|20\n|inactive|RUBYBLOOD has 30 seconds left this turn.\n|\n|t:|1700420699\n|move|p2a: Great Tusk|Headlong Rush|p1a: Iron Valiant\n|-damage|p1a: Iron Valiant|32\/100\n|-unboost|p2a: Great Tusk|def|1\n|-unboost|p2a: Great Tusk|spd|1\n|move|p1a: Iron Valiant|Moonblast|p2a: Great Tusk\n|-supereffective|p2a: Great Tusk\n|-damage|p2a: Great Tusk|0 fnt\n|faint|p2a: Great Tusk\n|-end|p2a: Great Tusk|Protosynthesis|[silent]\n|\n|upkeep\n|inactive|RUBYBLOOD has 30 seconds left this turn.\n|\n|t:|1700420705\n|switch|p2a: Torkoal|Torkoal, M|5\/100 psn\n|-weather|SunnyDay|[from] ability: Drought|[of] p2a: Torkoal\n|turn|21\n|inactive|RUBYBLOOD has 30 seconds left.\n|\n|t:|1700420711\n|move|p1a: Iron Valiant|Moonblast|p2a: Torkoal\n|-resisted|p2a: Torkoal\n|-damage|p2a: Torkoal|0 fnt\n|faint|p2a: Torkoal\n|\n|-weather|SunnyDay|[upkeep]\n|upkeep\n|inactive|RUBYBLOOD has 30 seconds left.\n|\n|t:|1700420717\n|switch|p2a: Kingambit|Kingambit, F, tera:Fairy|36\/100\n|-activate|p2a: Kingambit|ability: Supreme Overlord\n|-start|p2a: Kingambit|fallen4|[silent]\n|turn|22\n|inactive|RUBYBLOOD has 30 seconds left.\n|\n|t:|1700420728\n|move|p2a: Kingambit|Sucker Punch|p1a: Iron Valiant\n|-resisted|p1a: Iron Valiant\n|-damage|p1a: Iron Valiant|23\/100\n|move|p1a: Iron Valiant|Moonblast|p2a: Kingambit\n|-damage|p2a: Kingambit|0 fnt\n|faint|p2a: Kingambit\n|-end|p2a: Kingambit|fallen4|[silent]\n|\n|-weather|SunnyDay|[upkeep]\n|upkeep\n|\n|t:|1700420730\n|switch|p2a: Walking Wake|Walking Wake|100\/100\n|-activate|p2a: Walking Wake|ability: Protosynthesis\n|-start|p2a: Walking Wake|protosynthesisspe\n|turn|23\n|\n|t:|1700420737\n|move|p1a: Iron Valiant|Moonblast|p2a: Walking Wake\n|-supereffective|p2a: Walking Wake\n|-damage|p2a: Walking Wake|0 fnt\n|faint|p2a: Walking Wake\n|-end|p2a: Walking Wake|Protosynthesis|[silent]\n|\n|win|mncmt\n|c|\u2606RUBYBLOOD|gg\n|c|\u2606mncmt|gg\n","uploadtime":1700420738,"views":357,"p1id":"mncmt","p2id":"rubyblood","formatid":"gen9ou","rating":0,"private":0,"password":""}