{"id":"smogtours-gen9ou-730403","p1":"Kushalos","p2":"Highv0ltag3","format":"[Gen 9] OU","log":"|inactive|Battle timer is ON: inactive players will automatically lose when time's up.\n|t:|1699824155\n|gametype|singles\n|player|p1|Kushalos|lady-gen4|\n|player|p2|Highv0ltag3|#scl3breakers2|\n|teamsize|p1|6\n|teamsize|p2|6\n|gen|9\n|tier|[Gen 9] OU\n|rule|Sleep Clause Mod: Limit one foe put to sleep\n|rule|Species Clause: Limit one of each Pok\u00e9mon\n|rule|OHKO Clause: OHKO moves are banned\n|rule|Evasion Items Clause: Evasion items are banned\n|rule|Evasion Moves Clause: Evasion moves are banned\n|rule|Endless Battle Clause: Forcing endless battles is banned\n|rule|HP Percentage Mod: HP is shown in percentages\n|clearpoke\n|poke|p1|Torkoal, M|\n|poke|p1|Walking Wake|\n|poke|p1|Hatterene, F|\n|poke|p1|Great Tusk|\n|poke|p1|Brute Bonnet|\n|poke|p1|Charizard, M|\n|poke|p2|Cinderace, M|\n|poke|p2|Gliscor, M|\n|poke|p2|Clefable, M|\n|poke|p2|Amoonguss, F|\n|poke|p2|Milotic, M|\n|poke|p2|Corviknight, F|\n|teampreview\n|c|\u2606Highv0ltag3|gl\n|c|\u2606Highv0ltag3|hf\n|c|\u2606Kushalos|u2\n|inactive|Kushalos has 270 seconds left.\n|inactive|Highv0ltag3 has 270 seconds left.\n|\n|t:|1699824211\n|start\n|switch|p1a: goblin ?|Torkoal, M|100\/100\n|switch|p2a: Clefable|Clefable, M|100\/100\n|-weather|SunnyDay|[from] ability: Drought|[of] p1a: goblin ?\n|turn|1\n|\n|t:|1699824219\n|move|p2a: Clefable|Knock Off|p1a: goblin ?\n|-damage|p1a: goblin ?|92\/100\n|-enditem|p1a: goblin ?|Heat Rock|[from] move: Knock Off|[of] p2a: Clefable\n|move|p1a: goblin ?|Stealth Rock|p2a: Clefable\n|-sidestart|p2: Highv0ltag3|move: Stealth Rock\n|\n|-weather|SunnyDay|[upkeep]\n|upkeep\n|turn|2\n|\n|t:|1699824230\n|switch|p1a: push it!|Charizard, M|100\/100\n|move|p2a: Clefable|Knock Off|p1a: push it!\n|-damage|p1a: push it!|79\/100\n|-enditem|p1a: push it!|Choice Scarf|[from] move: Knock Off|[of] p2a: Clefable\n|\n|-weather|SunnyDay|[upkeep]\n|-damage|p1a: push it!|66\/100|[from] ability: Solar Power|[of] p1a: push it!\n|upkeep\n|turn|3\n|\n|t:|1699824253\n|switch|p2a: Milotic|Milotic, M|100\/100\n|-damage|p2a: Milotic|88\/100|[from] Stealth Rock\n|-terastallize|p1a: push it!|Fire\n|move|p1a: push it!|Weather Ball|p2a: Milotic\n|-resisted|p2a: Milotic\n|-damage|p2a: Milotic|51\/100\n|\n|-weather|SunnyDay|[upkeep]\n|-damage|p1a: push it!|54\/100|[from] ability: Solar Power|[of] p1a: push it!\n|-heal|p2a: Milotic|57\/100|[from] item: Leftovers\n|upkeep\n|turn|4\n|\n|t:|1699824263\n|move|p1a: push it!|Solar Beam||[still]\n|-prepare|p1a: push it!|Solar Beam\n|-anim|p1a: push it!|Solar Beam|p2a: Milotic\n|-supereffective|p2a: Milotic\n|-damage|p2a: Milotic|0 fnt\n|faint|p2a: Milotic\n|\n|-weather|SunnyDay|[upkeep]\n|-damage|p1a: push it!|41\/100|[from] ability: Solar Power|[of] p1a: push it!\n|upkeep\n|\n|t:|1699824276\n|switch|p2a: Cinderace|Cinderace, M|100\/100\n|turn|5\n|inactive|Highv0ltag3 has 270 seconds left.\n|\n|t:|1699824305\n|switch|p1a: who was|Walking Wake|100\/100\n|-activate|p1a: who was|ability: Protosynthesis\n|-start|p1a: who was|protosynthesisspa\n|move|p2a: Cinderace|Pyro Ball|p1a: who was\n|-resisted|p1a: who was\n|-damage|p1a: who was|77\/100\n|\n|-weather|SunnyDay|[upkeep]\n|upkeep\n|turn|6\n|inactive|Kushalos has 270 seconds left.\n|\n|t:|1699824336\n|move|p2a: Cinderace|U-turn|p1a: who was\n|-damage|p1a: who was|53\/100\n|\n|t:|1699824340\n|switch|p2a: Amoonguss|Amoonguss, F|100\/100|[from] U-turn\n|move|p1a: who was|Draco Meteor|p2a: Amoonguss\n|-damage|p2a: Amoonguss|0 fnt\n|-unboost|p1a: who was|spa|2\n|faint|p2a: Amoonguss\n|\n|-weather|SunnyDay|[upkeep]\n|upkeep\n|\n|t:|1699824347\n|switch|p2a: Clefable|Clefable, M|100\/100\n|turn|7\n|\n|t:|1699824365\n|-end|p1a: who was|Protosynthesis|[silent]\n|switch|p1a: come on stacy|Hatterene, F|100\/100\n|switch|p2a: Cinderace|Cinderace, M|100\/100\n|\n|-weather|SunnyDay|[upkeep]\n|upkeep\n|turn|8\n|inactive|Kushalos has 270 seconds left.\n|\n|t:|1699824391\n|switch|p1a: goblin ?|Torkoal, M|92\/100\n|move|p2a: Cinderace|Pyro Ball|p1a: goblin ?\n|-resisted|p1a: goblin ?\n|-damage|p1a: goblin ?|69\/100\n|\n|-weather|none\n|upkeep\n|turn|9\n|\n|t:|1699824400\n|move|p2a: Cinderace|Court Change|p2a: Cinderace\n|-swapsideconditions\n|-activate|p2a: Cinderace|move: Court Change\n|move|p1a: goblin ?|Lava Plume|p2a: Cinderace\n|-resisted|p2a: Cinderace\n|-damage|p2a: Cinderace|85\/100\n|\n|upkeep\n|turn|10\n|inactive|Kushalos has 270 seconds left.\n|\n|t:|1699824424\n|move|p2a: Cinderace|U-turn|p1a: goblin ?\n|-resisted|p1a: goblin ?\n|-damage|p1a: goblin ?|63\/100\n|\n|t:|1699824426\n|switch|p2a: Clefable|Clefable, M|100\/100|[from] U-turn\n|move|p1a: goblin ?|Rapid Spin|p2a: Clefable\n|-damage|p2a: Clefable|93\/100\n|-boost|p1a: goblin ?|spe|1\n|-sideend|p1: Kushalos|Stealth Rock|[from] move: Rapid Spin|[of] p1a: goblin ?\n|\n|-heal|p2a: Clefable|99\/100|[from] item: Leftovers\n|upkeep\n|turn|11\n|\n|t:|1699824435\n|move|p2a: Clefable|Moonblast|p1a: goblin ?\n|-resisted|p1a: goblin ?\n|-damage|p1a: goblin ?|43\/100\n|move|p1a: goblin ?|Stealth Rock|p2a: Clefable\n|-sidestart|p2: Highv0ltag3|move: Stealth Rock\n|\n|-heal|p2a: Clefable|100\/100|[from] item: Leftovers\n|upkeep\n|turn|12\n|inactive|Kushalos has 270 seconds left.\n|\n|t:|1699824451\n|switch|p1a: come on stacy|Hatterene, F|100\/100\n|move|p2a: Clefable|Stealth Rock|p1a: come on stacy\n|move|p1a: come on stacy|Stealth Rock||[from]ability: Magic Bounce|[still]\n|-fail|p1a: come on stacy\n|\n|upkeep\n|turn|13\n|\n|t:|1699824469\n|switch|p1a: goblin ?|Torkoal, M|43\/100\n|-weather|SunnyDay|[from] ability: Drought|[of] p1a: goblin ?\n|move|p2a: Clefable|Knock Off|p1a: goblin ?\n|-damage|p1a: goblin ?|37\/100\n|\n|-weather|SunnyDay|[upkeep]\n|upkeep\n|turn|14\n|\n|t:|1699824496\n|switch|p2a: Cinderace|Cinderace, M|85\/100\n|switch|p1a: come on stacy|Hatterene, F|100\/100\n|\n|-weather|SunnyDay|[upkeep]\n|upkeep\n|turn|15\n|\n|t:|1699824500\n|move|p2a: Cinderace|Pyro Ball|p1a: come on stacy\n|-damage|p1a: come on stacy|24\/100\n|-enditem|p1a: come on stacy|Eject Button\n|\n|t:|1699824503\n|switch|p1a: who was|Walking Wake|53\/100\n|-activate|p1a: who was|ability: Protosynthesis\n|-start|p1a: who was|protosynthesisspa\n|\n|-weather|SunnyDay|[upkeep]\n|upkeep\n|turn|16\n|\n|t:|1699824507\n|move|p2a: Cinderace|U-turn|p1a: who was\n|-damage|p1a: who was|31\/100\n|\n|t:|1699824515\n|switch|p2a: Gliscor|Gliscor, M|100\/100|[from] U-turn\n|-damage|p2a: Gliscor|88\/100|[from] Stealth Rock\n|move|p1a: who was|Hydro Steam|p2a: Gliscor\n|-supereffective|p2a: Gliscor\n|-damage|p2a: Gliscor|0 fnt\n|faint|p2a: Gliscor\n|\n|-weather|SunnyDay|[upkeep]\n|upkeep\n|\n|t:|1699824517\n|switch|p2a: Cinderace|Cinderace, M|85\/100\n|turn|17\n|\n|t:|1699824536\n|move|p2a: Cinderace|U-turn|p1a: who was\n|-crit|p1a: who was\n|-damage|p1a: who was|0 fnt\n|faint|p1a: who was\n|-end|p1a: who was|Protosynthesis|[silent]\n|c|\u2606Highv0ltag3|mb\n|\n|t:|1699824553\n|switch|p2a: Clefable|Clefable, M|100\/100|[from] U-turn\n|\n|-weather|none\n|upkeep\n|\n|t:|1699824567\n|switch|p1a: do somthink new|Brute Bonnet|100\/100\n|turn|18\n|\n|t:|1699824575\n|switch|p2a: Corviknight|Corviknight, F|100\/100\n|-damage|p2a: Corviknight|88\/100|[from] Stealth Rock\n|-ability|p2a: Corviknight|Pressure\n|move|p1a: do somthink new|Spore|p2a: Corviknight\n|-status|p2a: Corviknight|slp|[from] move: Spore\n|\n|-heal|p2a: Corviknight|94\/100 slp|[from] item: Leftovers\n|upkeep\n|turn|19\n|\n|t:|1699824589\n|switch|p2a: Cinderace|Cinderace, M|85\/100\n|move|p1a: do somthink new|Crunch|p2a: Cinderace\n|-damage|p2a: Cinderace|21\/100\n|\n|upkeep\n|turn|20\n|\n|t:|1699824601\n|-end|p1a: do somthink new|Protosynthesis|[silent]\n|switch|p1a: goblin ?|Torkoal, M|37\/100\n|-weather|SunnyDay|[from] ability: Drought|[of] p1a: goblin ?\n|move|p2a: Cinderace|Court Change|p2a: Cinderace\n|-swapsideconditions\n|-activate|p2a: Cinderace|move: Court Change\n|\n|-weather|SunnyDay|[upkeep]\n|upkeep\n|turn|21\n|inactive|Highv0ltag3 has 270 seconds left.\n|inactive|Highv0ltag3 has 240 seconds left.\n|inactive|Kushalos has 270 seconds left.\n|\n|t:|1699824676\n|move|p2a: Cinderace|Pyro Ball|p1a: goblin ?\n|-resisted|p1a: goblin ?\n|-crit|p1a: goblin ?\n|-damage|p1a: goblin ?|0 fnt\n|faint|p1a: goblin ?\n|\n|-weather|SunnyDay|[upkeep]\n|upkeep\n|inactive|Kushalos has 270 seconds left.\n|\n|t:|1699824684\n|switch|p1a: paintings|Great Tusk|100\/100\n|-damage|p1a: paintings|97\/100|[from] Stealth Rock\n|-activate|p1a: paintings|ability: Protosynthesis\n|-start|p1a: paintings|protosynthesisspe\n|turn|22\n|inactive|Highv0ltag3 has 240 seconds left.\n|\n|t:|1699824698\n|switch|p2a: Clefable|Clefable, M|100\/100\n|move|p1a: paintings|Rapid Spin|p2a: Clefable\n|-damage|p2a: Clefable|90\/100\n|-boost|p1a: paintings|spe|1\n|-sideend|p1: Kushalos|Stealth Rock|[from] move: Rapid Spin|[of] p1a: paintings\n|\n|-weather|SunnyDay|[upkeep]\n|-heal|p1a: paintings|100\/100|[from] item: Leftovers\n|-heal|p2a: Clefable|96\/100|[from] item: Leftovers\n|upkeep\n|turn|23\n|\n|t:|1699824707\n|-end|p1a: paintings|Protosynthesis|[silent]\n|switch|p1a: come on stacy|Hatterene, F|24\/100\n|move|p2a: Clefable|Moonblast|p1a: come on stacy\n|-damage|p1a: come on stacy|0 fnt\n|faint|p1a: come on stacy\n|\n|-weather|SunnyDay|[upkeep]\n|-heal|p2a: Clefable|100\/100|[from] item: Leftovers\n|upkeep\n|\n|t:|1699824708\n|switch|p1a: push it!|Charizard, M, tera:Fire|41\/100\n|turn|24\n|\n|t:|1699824720\n|switch|p2a: Corviknight|Corviknight, F|94\/100 slp\n|-ability|p2a: Corviknight|Pressure\n|move|p1a: push it!|Weather Ball|p2a: Corviknight\n|-supereffective|p2a: Corviknight\n|-damage|p2a: Corviknight|0 fnt\n|faint|p2a: Corviknight\n|\n|-weather|none\n|upkeep\n|\n|t:|1699824725\n|switch|p2a: Cinderace|Cinderace, M|21\/100\n|turn|25\n|inactive|Highv0ltag3 has 270 seconds left.\n|\n|t:|1699824748\n|move|p2a: Cinderace|Pyro Ball|p1a: push it!\n|-resisted|p1a: push it!\n|-damage|p1a: push it!|0 fnt\n|faint|p1a: push it!\n|\n|upkeep\n|\n|t:|1699824754\n|switch|p1a: paintings|Great Tusk|100\/100\n|turn|26\n|\n|t:|1699824759\n|move|p2a: Cinderace|U-turn|p1a: paintings\n|-resisted|p1a: paintings\n|-damage|p1a: paintings|94\/100\n|\n|t:|1699824761\n|switch|p2a: Clefable|Clefable, M|100\/100|[from] U-turn\n|move|p1a: paintings|Headlong Rush|p2a: Clefable\n|-damage|p2a: Clefable|62\/100\n|-unboost|p1a: paintings|def|1\n|-unboost|p1a: paintings|spd|1\n|\n|-heal|p1a: paintings|99\/100|[from] item: Leftovers\n|-heal|p2a: Clefable|68\/100|[from] item: Leftovers\n|upkeep\n|turn|27\n|\n|t:|1699824784\n|move|p1a: paintings|Headlong Rush|p2a: Clefable\n|-damage|p2a: Clefable|27\/100\n|-unboost|p1a: paintings|def|1\n|-unboost|p1a: paintings|spd|1\n|move|p2a: Clefable|Moonlight|p2a: Clefable\n|-heal|p2a: Clefable|77\/100\n|\n|-heal|p1a: paintings|100\/100|[from] item: Leftovers\n|-heal|p2a: Clefable|83\/100|[from] item: Leftovers\n|upkeep\n|turn|28\n|\n|t:|1699824788\n|-end|p1a: paintings|Protosynthesis|[silent]\n|switch|p1a: do somthink new|Brute Bonnet|100\/100\n|move|p2a: Clefable|Moonlight|p2a: Clefable\n|-heal|p2a: Clefable|100\/100\n|\n|upkeep\n|turn|29\n|\n|t:|1699824796\n|move|p1a: do somthink new|Spore|p2a: Clefable\n|-status|p2a: Clefable|slp|[from] move: Spore\n|cant|p2a: Clefable|slp\n|\n|upkeep\n|turn|30\n|\n|t:|1699824800\n|move|p1a: do somthink new|Bullet Seed|p2a: Clefable\n|-damage|p2a: Clefable|90\/100 slp\n|-damage|p2a: Clefable|79\/100 slp\n|-damage|p2a: Clefable|69\/100 slp\n|-damage|p2a: Clefable|58\/100 slp\n|-hitcount|p2a: Clefable|4\n|-curestatus|p2a: Clefable|slp|[msg]\n|move|p2a: Clefable|Moonblast|p1a: do somthink new\n|-supereffective|p1a: do somthink new\n|-damage|p1a: do somthink new|39\/100\n|\n|-heal|p2a: Clefable|64\/100|[from] item: Leftovers\n|upkeep\n|turn|31\n|inactive|Highv0ltag3 has 270 seconds left.\n|\n|t:|1699824830\n|move|p1a: do somthink new|Spore|p2a: Clefable\n|-status|p2a: Clefable|slp|[from] move: Spore\n|cant|p2a: Clefable|slp\n|\n|-heal|p2a: Clefable|70\/100 slp|[from] item: Leftovers\n|upkeep\n|turn|32\n|\n|t:|1699824835\n|move|p1a: do somthink new|Bullet Seed|p2a: Clefable\n|-crit|p2a: Clefable\n|-damage|p2a: Clefable|54\/100 slp\n|-damage|p2a: Clefable|42\/100 slp\n|-damage|p2a: Clefable|31\/100 slp\n|-damage|p2a: Clefable|21\/100 slp\n|-damage|p2a: Clefable|10\/100 slp\n|-hitcount|p2a: Clefable|5\n|cant|p2a: Clefable|slp\n|\n|-heal|p2a: Clefable|16\/100 slp|[from] item: Leftovers\n|upkeep\n|turn|33\n|\n|t:|1699824846\n|move|p1a: do somthink new|Bullet Seed|p2a: Clefable\n|-damage|p2a: Clefable|5\/100 slp\n|-damage|p2a: Clefable|0 fnt\n|faint|p2a: Clefable\n|-hitcount|p2: Clefable|2\n|\n|upkeep\n|\n|t:|1699824848\n|switch|p2a: Cinderace|Cinderace, M|21\/100\n|turn|34\n|\n|t:|1699824861\n|move|p1a: do somthink new|Sucker Punch||[still]\n|-fail|p1a: do somthink new\n|move|p2a: Cinderace|Will-O-Wisp|p1a: do somthink new\n|-status|p1a: do somthink new|brn\n|\n|-damage|p1a: do somthink new|33\/100 brn|[from] brn\n|upkeep\n|turn|35\n|\n|t:|1699824866\n|move|p1a: do somthink new|Sucker Punch||[still]\n|-fail|p1a: do somthink new\n|move|p2a: Cinderace|Will-O-Wisp|p1a: do somthink new\n|-fail|p1a: do somthink new|brn\n|\n|-damage|p1a: do somthink new|27\/100 brn|[from] brn\n|upkeep\n|turn|36\n|\n|t:|1699824874\n|move|p1a: do somthink new|Sucker Punch||[still]\n|-fail|p1a: do somthink new\n|move|p2a: Cinderace|Will-O-Wisp|p1a: do somthink new\n|-fail|p1a: do somthink new|brn\n|\n|-damage|p1a: do somthink new|21\/100 brn|[from] brn\n|upkeep\n|turn|37\n|\n|t:|1699824891\n|move|p1a: do somthink new|Sucker Punch||[still]\n|-fail|p1a: do somthink new\n|move|p2a: Cinderace|Will-O-Wisp|p1a: do somthink new\n|-fail|p1a: do somthink new|brn\n|\n|-damage|p1a: do somthink new|15\/100 brn|[from] brn\n|upkeep\n|turn|38\n|inactive|Kushalos has 270 seconds left.\n|\n|t:|1699824918\n|move|p1a: do somthink new|Sucker Punch||[still]\n|-fail|p1a: do somthink new\n|move|p2a: Cinderace|Will-O-Wisp|p1a: do somthink new\n|-fail|p1a: do somthink new|brn\n|\n|-damage|p1a: do somthink new|9\/100 brn|[from] brn\n|upkeep\n|turn|39\n|inactive|Kushalos has 270 seconds left.\n|\n|t:|1699824945\n|move|p2a: Cinderace|U-turn|p1a: do somthink new\n|-supereffective|p1a: do somthink new\n|-damage|p1a: do somthink new|0 fnt\n|faint|p1a: do somthink new\n|-end|p1a: do somthink new|Protosynthesis|[silent]\n|\n|upkeep\n|\n|t:|1699824947\n|switch|p1a: paintings|Great Tusk|100\/100\n|turn|40\n|\n|t:|1699824963\n|move|p2a: Cinderace|Pyro Ball|p1a: paintings\n|-damage|p1a: paintings|52\/100\n|move|p1a: paintings|Headlong Rush|p2a: Cinderace\n|-supereffective|p2a: Cinderace\n|-damage|p2a: Cinderace|0 fnt\n|-unboost|p1a: paintings|def|1\n|-unboost|p1a: paintings|spd|1\n|faint|p2a: Cinderace\n|\n|win|Kushalos\n|c|\u2606Kushalos|gg\n|c|\u2606Highv0ltag3|gg\n|c|\u2606Kushalos|i used\n|c|\u2606Kushalos|the three lower tiers\n|c|\u2606Highv0ltag3|2 here\n|c|\u2606Kushalos|flex\n|c|\u2606Highv0ltag3|:(\n","uploadtime":1699824964,"views":459,"p1id":"kushalos","p2id":"highv0ltag3","formatid":"gen9ou","rating":0,"private":0,"password":""}