{"id":"smogtours-gen9ou-730786","p1":"COALLA123456789","p2":"Exotic64","format":"[Gen 9] OU","log":"|inactive|Battle timer is ON: inactive players will automatically lose when time's up.\n|t:|1700127838\n|gametype|singles\n|player|p1|COALLA123456789|benga|\n|player|p2|Exotic64|ethan|\n|teamsize|p1|6\n|teamsize|p2|6\n|gen|9\n|tier|[Gen 9] OU\n|rule|Sleep Clause Mod: Limit one foe put to sleep\n|rule|Species Clause: Limit one of each Pok\u00e9mon\n|rule|OHKO Clause: OHKO moves are banned\n|rule|Evasion Items Clause: Evasion items are banned\n|rule|Evasion Moves Clause: Evasion moves are banned\n|rule|Endless Battle Clause: Forcing endless battles is banned\n|rule|HP Percentage Mod: HP is shown in percentages\n|clearpoke\n|poke|p1|Zamazenta-*|\n|poke|p1|Iron Moth|\n|poke|p1|Maushold-Four|\n|poke|p1|Walking Wake|\n|poke|p1|Dragonite, F|\n|poke|p1|Kingambit, F|\n|poke|p2|Rillaboom, F|\n|poke|p2|Heatran, F|\n|poke|p2|Sneasler, M|\n|poke|p2|Great Tusk|\n|poke|p2|Kingambit, M|\n|poke|p2|Ogerpon-Wellspring, F|\n|teampreview\n|inactive|COALLA123456789 also wants the timer to be on.\n|inactive|Exotic64 also wants the timer to be on.\n|c|\u2606Exotic64|hf\n|c|\u2606COALLA123456789|U2 homie\n|inactive|COALLA123456789 has 270 seconds left.\n|inactive|Exotic64 has 270 seconds left.\n|inactive|COALLA123456789 has 240 seconds left.\n|inactive|Exotic64 has 240 seconds left.\n|inactive|COALLA123456789 has 210 seconds left.\n|inactive|Exotic64 has 210 seconds left.\n|inactive|COALLA123456789 has 180 seconds left.\n|inactive|Exotic64 has 180 seconds left.\n|inactive|COALLA123456789 has 150 seconds left.\n|inactive|Exotic64 has 150 seconds left.\n|\n|t:|1700128003\n|start\n|switch|p1a: Dragonite|Dragonite, F|100\/100\n|switch|p2a: Ogerpon|Ogerpon-Wellspring, F|100\/100\n|turn|1\n|inactive|COALLA123456789 has 210 seconds left.\n|inactive|Exotic64 has 180 seconds left.\n|\n|t:|1700128051\n|move|p2a: Ogerpon|Knock Off|p1a: Dragonite\n|-damage|p1a: Dragonite|78\/100\n|-enditem|p1a: Dragonite|Heavy-Duty Boots|[from] move: Knock Off|[of] p2a: Ogerpon\n|move|p1a: Dragonite|Dragon Dance|p1a: Dragonite\n|-boost|p1a: Dragonite|atk|1\n|-boost|p1a: Dragonite|spe|1\n|\n|upkeep\n|turn|2\n|inactive|COALLA123456789 has 180 seconds left.\n|inactive|COALLA123456789 has 150 seconds left.\n|\n|t:|1700128106\n|switch|p2a: Great Tusk|Great Tusk|100\/100\n|-enditem|p2a: Great Tusk|Booster Energy\n|-activate|p2a: Great Tusk|ability: Protosynthesis|[fromitem]\n|-start|p2a: Great Tusk|protosynthesisatk\n|move|p1a: Dragonite|Ice Spinner|p2a: Great Tusk\n|-supereffective|p2a: Great Tusk\n|-damage|p2a: Great Tusk|31\/100\n|\n|upkeep\n|turn|3\n|inactive|COALLA123456789 has 150 seconds left.\n|inactive|Exotic64 has 150 seconds left.\n|inactive|COALLA123456789 has 120 seconds left.\n|inactive|Exotic64 has 120 seconds left.\n|\n|t:|1700128179\n|move|p1a: Dragonite|Earthquake|p2a: Great Tusk\n|-damage|p2a: Great Tusk|0 fnt\n|faint|p2a: Great Tusk\n|-end|p2a: Great Tusk|Protosynthesis|[silent]\n|\n|upkeep\n|inactive|Exotic64 has 90 seconds left.\n|inactive|Exotic64 has 60 seconds left.\n|inactive|Exotic64 has 30 seconds left.\n|inactive|Exotic64 has 20 seconds left.\n|inactive|Exotic64 has 15 seconds left.\n|\n|t:|1700128276\n|switch|p2a: Ogerpon|Ogerpon-Wellspring, F|100\/100\n|turn|4\n|inactive|Exotic64 has 25 seconds left this turn.\n|inactive|Exotic64 has 20 seconds left.\n|inactive|COALLA123456789 has 120 seconds left.\n|c|+vkhss|EXOTIC64\n|c|+vkhss|timer\n|c|\u2606Exotic64|.\n|inactive|COALLA123456789 has 90 seconds left.\n|c|+vkhss|oh\n|\n|t:|1700128338\n|move|p1a: Dragonite|Ice Spinner|p2a: Ogerpon\n|-damage|p2a: Ogerpon|43\/100\n|move|p2a: Ogerpon|Knock Off|p1a: Dragonite\n|-damage|p1a: Dragonite|48\/100\n|\n|upkeep\n|turn|5\n|inactive|Exotic64 has 30 seconds left this turn.\n|\n|t:|1700128349\n|move|p1a: Dragonite|Extreme Speed|p2a: Ogerpon\n|-damage|p2a: Ogerpon|0 fnt\n|faint|p2a: Ogerpon\n|\n|upkeep\n|inactive|Exotic64 has 30 seconds left this turn.\n|\n|t:|1700128354\n|switch|p2a: Kingambit|Kingambit, M|100\/100\n|-activate|p2a: Kingambit|ability: Supreme Overlord\n|-start|p2a: Kingambit|fallen2|[silent]\n|turn|6\n|inactive|COALLA123456789 has 60 seconds left.\n|\n|t:|1700128401\n|switch|p1a: Zamazenta|Zamazenta|100\/100\n|-ability|p1a: Zamazenta|Dauntless Shield|boost\n|-boost|p1a: Zamazenta|def|1\n|move|p2a: Kingambit|Sucker Punch||[still]\n|-fail|p2a: Kingambit\n|\n|upkeep\n|turn|7\n|inactive|Exotic64 has 30 seconds left.\n|\n|t:|1700128421\n|-end|p2a: Kingambit|fallen2|[silent]\n|switch|p2a: Rillaboom|Rillaboom, F|100\/100\n|-fieldstart|move: Grassy Terrain|[from] ability: Grassy Surge|[of] p2a: Rillaboom\n|move|p1a: Zamazenta|Iron Defense|p1a: Zamazenta\n|-boost|p1a: Zamazenta|def|2\n|\n|upkeep\n|turn|8\n|\n|t:|1700128438\n|move|p1a: Zamazenta|Substitute|p1a: Zamazenta\n|-start|p1a: Zamazenta|Substitute\n|-damage|p1a: Zamazenta|76\/100\n|move|p2a: Rillaboom|U-turn|p1a: Zamazenta\n|-resisted|p1a: Zamazenta\n|-activate|p1a: Zamazenta|move: Substitute|[damage]\n|\n|t:|1700128446\n|switch|p2a: Heatran|Heatran, F|100\/100|[from] U-turn\n|\n|-heal|p1a: Zamazenta|82\/100|[from] Grassy Terrain\n|-heal|p1a: Zamazenta|88\/100|[from] item: Leftovers\n|upkeep\n|turn|9\n|\n|t:|1700128454\n|-terastallize|p2a: Heatran|Poison\n|move|p1a: Zamazenta|Iron Defense|p1a: Zamazenta\n|-boost|p1a: Zamazenta|def|2\n|move|p2a: Heatran|Iron Defense|p2a: Heatran\n|-boost|p2a: Heatran|def|2\n|\n|-heal|p1a: Zamazenta|94\/100|[from] Grassy Terrain\n|-heal|p1a: Zamazenta|99\/100|[from] item: Leftovers\n|upkeep\n|turn|10\n|inactive|COALLA123456789 has 30 seconds left.\n|inactive|COALLA123456789 has 20 seconds left.\n|inactive|COALLA123456789 has 15 seconds left.\n|inactive|COALLA123456789 has 10 seconds left.\n|\n|t:|1700128506\n|move|p1a: Zamazenta|Body Press|p2a: Heatran\n|-resisted|p2a: Heatran\n|-damage|p2a: Heatran|78\/100\n|move|p2a: Heatran|Iron Defense|p2a: Heatran\n|-boost|p2a: Heatran|def|2\n|\n|-heal|p1a: Zamazenta|100\/100|[from] Grassy Terrain\n|-heal|p2a: Heatran|84\/100|[from] Grassy Terrain\n|-heal|p2a: Heatran|90\/100|[from] item: Leftovers\n|upkeep\n|turn|11\n|inactive|COALLA123456789 has 20 seconds left this turn.\n|inactive|Exotic64 has 60 seconds left.\n|\n|t:|1700128512\n|switch|p1a: Maushold|Maushold-Four|100\/100\n|move|p2a: Heatran|Iron Defense|p2a: Heatran\n|-boost|p2a: Heatran|def|2\n|\n|-heal|p2a: Heatran|96\/100|[from] Grassy Terrain\n|-heal|p2a: Heatran|100\/100|[from] item: Leftovers\n|-fieldend|move: Grassy Terrain\n|upkeep\n|turn|12\n|inactive|COALLA123456789 has 30 seconds left this turn.\n|inactive|Exotic64 has 60 seconds left.\n|\n|t:|1700128525\n|switch|p2a: Kingambit|Kingambit, M|100\/100\n|-activate|p2a: Kingambit|ability: Supreme Overlord\n|-start|p2a: Kingambit|fallen2|[silent]\n|move|p1a: Maushold|Encore||[still]\n|-fail|p1a: Maushold\n|\n|upkeep\n|turn|13\n|inactive|COALLA123456789 has 30 seconds left.\n|inactive|COALLA123456789 has 20 seconds left.\n|\n|t:|1700128544\n|switch|p1a: Zamazenta|Zamazenta|100\/100\n|move|p2a: Kingambit|Kowtow Cleave|p1a: Zamazenta\n|-resisted|p1a: Zamazenta\n|-damage|p1a: Zamazenta|68\/100\n|\n|-heal|p1a: Zamazenta|74\/100|[from] item: Leftovers\n|upkeep\n|turn|14\n|inactive|COALLA123456789 has 30 seconds left this turn.\n|\n|t:|1700128551\n|switch|p1a: Maushold|Maushold-Four|100\/100\n|-end|p2a: Kingambit|fallen2|[silent]\n|switch|p2a: Heatran|Heatran, F, tera:Poison|100\/100\n|\n|upkeep\n|turn|15\n|\n|t:|1700128558\n|switch|p2a: Kingambit|Kingambit, M|100\/100\n|-activate|p2a: Kingambit|ability: Supreme Overlord\n|-start|p2a: Kingambit|fallen2|[silent]\n|move|p1a: Maushold|Population Bomb|p2a: Kingambit\n|-resisted|p2a: Kingambit\n|-damage|p2a: Kingambit|96\/100\n|-resisted|p2a: Kingambit\n|-damage|p2a: Kingambit|91\/100\n|-resisted|p2a: Kingambit\n|-damage|p2a: Kingambit|86\/100\n|-resisted|p2a: Kingambit\n|-damage|p2a: Kingambit|82\/100\n|-resisted|p2a: Kingambit\n|-damage|p2a: Kingambit|78\/100\n|-resisted|p2a: Kingambit\n|-damage|p2a: Kingambit|73\/100\n|-resisted|p2a: Kingambit\n|-damage|p2a: Kingambit|68\/100\n|-resisted|p2a: Kingambit\n|-damage|p2a: Kingambit|63\/100\n|-resisted|p2a: Kingambit\n|-damage|p2a: Kingambit|58\/100\n|-resisted|p2a: Kingambit\n|-damage|p2a: Kingambit|53\/100\n|-hitcount|p2a: Kingambit|10\n|\n|upkeep\n|turn|16\n|inactive|COALLA123456789 has 30 seconds left.\n|inactive|COALLA123456789 has 20 seconds left.\n|inactive|COALLA123456789 has 15 seconds left.\n|\n|t:|1700128591\n|switch|p1a: Zamazenta|Zamazenta|74\/100\n|move|p2a: Kingambit|Kowtow Cleave|p1a: Zamazenta\n|-resisted|p1a: Zamazenta\n|-damage|p1a: Zamazenta|42\/100\n|\n|-heal|p1a: Zamazenta|48\/100|[from] item: Leftovers\n|upkeep\n|turn|17\n|inactive|COALLA123456789 has 25 seconds left this turn.\n|\n|t:|1700128611\n|move|p1a: Zamazenta|Body Press|p2a: Kingambit\n|-supereffective|p2a: Kingambit\n|-damage|p2a: Kingambit|0 fnt\n|faint|p2a: Kingambit\n|-end|p2a: Kingambit|fallen2|[silent]\n|\n|-heal|p1a: Zamazenta|54\/100|[from] item: Leftovers\n|upkeep\n|inactive|COALLA123456789 has 30 seconds left this turn.\n|\n|t:|1700128614\n|switch|p2a: Heatran|Heatran, F, tera:Poison|100\/100\n|turn|18\n|inactive|COALLA123456789 has 30 seconds left.\n|\n|t:|1700128634\n|switch|p1a: Maushold|Maushold-Four|100\/100\n|move|p2a: Heatran|Body Press|p1a: Maushold\n|-supereffective|p1a: Maushold\n|-damage|p1a: Maushold|35\/100\n|\n|upkeep\n|turn|19\n|inactive|COALLA123456789 has 30 seconds left.\n|\n|t:|1700128651\n|switch|p2a: Rillaboom|Rillaboom, F|100\/100\n|-fieldstart|move: Grassy Terrain|[from] ability: Grassy Surge|[of] p2a: Rillaboom\n|move|p1a: Maushold|Population Bomb|p2a: Rillaboom\n|-damage|p2a: Rillaboom|89\/100\n|-damage|p2a: Rillaboom|76\/100\n|-damage|p2a: Rillaboom|64\/100\n|-damage|p2a: Rillaboom|51\/100\n|-damage|p2a: Rillaboom|38\/100\n|-damage|p2a: Rillaboom|25\/100\n|-damage|p2a: Rillaboom|14\/100\n|-damage|p2a: Rillaboom|2\/100\n|-damage|p2a: Rillaboom|0 fnt\n|faint|p2a: Rillaboom\n|-hitcount|p2: Rillaboom|9\n|\n|-heal|p1a: Maushold|42\/100|[from] Grassy Terrain\n|upkeep\n|\n|t:|1700128653\n|switch|p2a: Sneasler|Sneasler, M|100\/100\n|-enditem|p2a: Sneasler|Grassy Seed\n|-boost|p2a: Sneasler|def|1|[from] item: Grassy Seed\n|turn|20\n|inactive|COALLA123456789 has 30 seconds left.\n|inactive|COALLA123456789 has 20 seconds left.\n|\n|t:|1700128680\n|move|p2a: Sneasler|Dire Claw|p1a: Maushold\n|-damage|p1a: Maushold|0 fnt\n|faint|p1a: Maushold\n|\n|upkeep\n|inactive|COALLA123456789 has 25 seconds left this turn.\n|inactive|COALLA123456789 has 20 seconds left.\n|inactive|COALLA123456789 has 15 seconds left.\n|\n|t:|1700128690\n|switch|p1a: Iron Moth|Iron Moth|100\/100\n|-enditem|p1a: Iron Moth|Booster Energy\n|-activate|p1a: Iron Moth|ability: Quark Drive|[fromitem]\n|-start|p1a: Iron Moth|quarkdrivespe\n|turn|21\n|inactive|COALLA123456789 has 25 seconds left this turn.\n|inactive|COALLA123456789 has 20 seconds left.\n|\n|t:|1700128696\n|move|p2a: Sneasler|Dire Claw|p1a: Iron Moth\n|-resisted|p1a: Iron Moth\n|-damage|p1a: Iron Moth|68\/100\n|move|p1a: Iron Moth|Fiery Dance|p2a: Sneasler\n|-damage|p2a: Sneasler|48\/100\n|-boost|p1a: Iron Moth|spa|1\n|\n|-heal|p2a: Sneasler|54\/100|[from] Grassy Terrain\n|-heal|p1a: Iron Moth|74\/100|[from] Grassy Terrain\n|upkeep\n|turn|22\n|inactive|COALLA123456789 has 30 seconds left this turn.\n|\n|t:|1700128710\n|move|p2a: Sneasler|Close Combat|p1a: Iron Moth\n|-resisted|p1a: Iron Moth\n|-damage|p1a: Iron Moth|22\/100\n|-unboost|p2a: Sneasler|def|1\n|-unboost|p2a: Sneasler|spd|1\n|move|p1a: Iron Moth|Fiery Dance|p2a: Sneasler\n|-damage|p2a: Sneasler|0 fnt\n|-boost|p1a: Iron Moth|spa|1\n|faint|p2a: Sneasler\n|\n|-heal|p1a: Iron Moth|28\/100|[from] Grassy Terrain\n|upkeep\n|inactive|COALLA123456789 has 30 seconds left this turn.\n|\n|t:|1700128712\n|switch|p2a: Heatran|Heatran, F, tera:Poison|100\/100\n|turn|23\n|inactive|COALLA123456789 has 30 seconds left.\n|inactive|COALLA123456789 has 20 seconds left.\n|inactive|COALLA123456789 has 15 seconds left.\n|\n|t:|1700128737\n|move|p1a: Iron Moth|Sludge Wave|p2a: Heatran\n|-resisted|p2a: Heatran\n|-damage|p2a: Heatran|67\/100\n|move|p2a: Heatran|Earth Power|p1a: Iron Moth\n|-supereffective|p1a: Iron Moth\n|-damage|p1a: Iron Moth|0 fnt\n|faint|p1a: Iron Moth\n|-end|p1a: Iron Moth|Quark Drive|[silent]\n|\n|-heal|p2a: Heatran|73\/100|[from] Grassy Terrain\n|-heal|p2a: Heatran|79\/100|[from] item: Leftovers\n|-fieldend|move: Grassy Terrain\n|upkeep\n|inactive|COALLA123456789 has 20 seconds left this turn.\n|inactive|COALLA123456789 has 15 seconds left.\n|\n|t:|1700128745\n|switch|p1a: Dragonite|Dragonite, F|48\/100\n|turn|24\n|inactive|COALLA123456789 has 25 seconds left this turn.\n|inactive|Exotic64 has 120 seconds left.\n|\n|t:|1700128757\n|move|p1a: Dragonite|Earthquake|p2a: Heatran\n|-supereffective|p2a: Heatran\n|-damage|p2a: Heatran|10\/100\n|move|p2a: Heatran|Magma Storm|p1a: Dragonite\n|-resisted|p1a: Dragonite\n|-damage|p1a: Dragonite|26\/100\n|-activate|p1a: Dragonite|move: Magma Storm|[of] p2a: Heatran\n|\n|-heal|p2a: Heatran|16\/100|[from] item: Leftovers\n|-damage|p1a: Dragonite|14\/100|[from] move: Magma Storm|[partiallytrapped]\n|upkeep\n|turn|25\n|inactive|COALLA123456789 has 30 seconds left.\n|\n|t:|1700128768\n|move|p1a: Dragonite|Earthquake|p2a: Heatran\n|-supereffective|p2a: Heatran\n|-damage|p2a: Heatran|0 fnt\n|faint|p2a: Heatran\n|\n|win|COALLA123456789\n|inactive|COALLA123456789 has 30 seconds left this turn.\n|c|\u2606COALLA123456789|gg\n|c|\u2606Exotic64|ggg\n","uploadtime":1700128769,"views":72,"p1id":"coalla123456789","p2id":"exotic64","formatid":"gen9ou","rating":0,"private":0,"password":""}