{"id":"smogtours-gen9ou-730150","p1":"msnt","p2":"Maxouille","format":"[Gen 9] OU","log":"|inactive|Battle timer is ON: inactive players will automatically lose when time's up.\n|t:|1699798656\n|gametype|singles\n|player|p1|msnt|#wcop2023belgium2|\n|player|p2|Maxouille|skyla-masters2|\n|teamsize|p1|6\n|teamsize|p2|6\n|gen|9\n|tier|[Gen 9] OU\n|rule|Sleep Clause Mod: Limit one foe put to sleep\n|rule|Species Clause: Limit one of each Pok\u00e9mon\n|rule|OHKO Clause: OHKO moves are banned\n|rule|Evasion Items Clause: Evasion items are banned\n|rule|Evasion Moves Clause: Evasion moves are banned\n|rule|Endless Battle Clause: Forcing endless battles is banned\n|rule|HP Percentage Mod: HP is shown in percentages\n|clearpoke\n|poke|p1|Gliscor, F|\n|poke|p1|Zapdos|\n|poke|p1|Samurott-Hisui, F|\n|poke|p1|Skeledirge, M|\n|poke|p1|Weavile, F|\n|poke|p1|Clefable, M|\n|poke|p2|Cinderace, M|\n|poke|p2|Gliscor, F|\n|poke|p2|Iron Valiant|\n|poke|p2|Kingambit, M|\n|poke|p2|Ogerpon-Wellspring, F|\n|poke|p2|Slowking-Galar, M|\n|teampreview\n|c|\u2606msnt|hf\n|c|\u2606Maxouille|hf\n|inactive|msnt has 270 seconds left.\n|inactive|Maxouille has 270 seconds left.\n|c|+Clementine|MISUNOT\n|inactive|msnt has 240 seconds left.\n|inactive|Maxouille has 240 seconds left.\n|inactive|Maxouille has 210 seconds left.\n|c|+Squash|en direct de la contre soir\u00e9e, gl au 2 joueurs \ud83e\udd73\n|inactive|Maxouille has 180 seconds left.\n|\n|t:|1699798787\n|start\n|switch|p1a: jvois c moi|Samurott-Hisui, F, shiny|100\/100\n|switch|p2a: Ogerpon|Ogerpon-Wellspring, F|100\/100\n|turn|1\n|inactive|Maxouille has 210 seconds left.\n|inactive|msnt has 270 seconds left.\n|\n|t:|1699798828\n|switch|p1a: katchu katchu|Zapdos|100\/100\n|move|p2a: Ogerpon|Ivy Cudgel|p1a: katchu katchu\n|-crit|p1a: katchu katchu\n|-damage|p1a: katchu katchu|23\/100\n|\n|upkeep\n|turn|2\n|inactive|msnt has 270 seconds left.\n|inactive|Maxouille has 210 seconds left.\n|\n|t:|1699798859\n|switch|p1a: pouce lev\u00e9|Clefable, M, shiny|100\/100\n|move|p2a: Ogerpon|Ivy Cudgel|p1a: pouce lev\u00e9\n|-damage|p1a: pouce lev\u00e9|52\/100\n|\n|-heal|p1a: pouce lev\u00e9|58\/100|[from] item: Leftovers\n|upkeep\n|turn|3\n|c|+Zoyotte|pk \u00e7a joue sur tours\n|\n|t:|1699798869\n|move|p1a: pouce lev\u00e9|Protect|p1a: pouce lev\u00e9\n|-singleturn|p1a: pouce lev\u00e9|Protect\n|move|p2a: Ogerpon|Power Whip|p1a: pouce lev\u00e9\n|-activate|p1a: pouce lev\u00e9|move: Protect\n|\n|-heal|p1a: pouce lev\u00e9|64\/100|[from] item: Leftovers\n|upkeep\n|turn|4\n|inactive|msnt has 240 seconds left.\n|c|+Astreau|msnt a pas notre temps\n|\n|t:|1699798894\n|move|p2a: Ogerpon|Encore|p1a: pouce lev\u00e9\n|-start|p1a: pouce lev\u00e9|Encore\n|move|p1a: pouce lev\u00e9|Protect||[still]\n|-fail|p1a: pouce lev\u00e9\n|\n|-heal|p1a: pouce lev\u00e9|71\/100|[from] item: Leftovers\n|upkeep\n|turn|5\n|inactive|msnt has 240 seconds left.\n|inactive|Maxouille has 210 seconds left.\n|c|+Zoyotte|jcomprend c un mec busy \ud83d\udeac\n|inactive|msnt has 210 seconds left.\n|\n|t:|1699798950\n|switch|p1a: katchu katchu|Zapdos|23\/100\n|move|p2a: Ogerpon|Ivy Cudgel|p1a: katchu katchu\n|-damage|p1a: katchu katchu|0 fnt\n|faint|p1a: katchu katchu\n|\n|upkeep\n|inactive|msnt has 180 seconds left.\n|inactive|msnt has 150 seconds left.\n|inactive|msnt has 120 seconds left.\n|\n|t:|1699799027\n|switch|p1a: mais c pas moi|Skeledirge, M|100\/100\n|turn|6\n|inactive|Maxouille has 210 seconds left.\n|\n|t:|1699799045\n|switch|p2a: Slowking|Slowking-Galar, M|100\/100\n|-terastallize|p1a: mais c pas moi|Water\n|move|p1a: mais c pas moi|Will-O-Wisp|p2a: Slowking|[miss]\n|-miss|p1a: mais c pas moi|p2a: Slowking\n|\n|upkeep\n|turn|7\n|inactive|Maxouille has 210 seconds left.\n|inactive|msnt has 120 seconds left.\n|\n|t:|1699799079\n|move|p1a: mais c pas moi|Will-O-Wisp|p2a: Slowking\n|-status|p2a: Slowking|brn\n|move|p2a: Slowking|Sludge Bomb|p1a: mais c pas moi\n|-damage|p1a: mais c pas moi|70\/100\n|-status|p1a: mais c pas moi|psn\n|\n|-damage|p1a: mais c pas moi|58\/100 psn|[from] psn\n|-damage|p2a: Slowking|94\/100 brn|[from] brn\n|upkeep\n|turn|8\n|inactive|msnt has 120 seconds left.\n|\n|t:|1699799091\n|move|p1a: mais c pas moi|Slack Off|p1a: mais c pas moi\n|-heal|p1a: mais c pas moi|100\/100 psn\n|move|p2a: Slowking|Future Sight|p1a: mais c pas moi\n|-start|p2a: Slowking|move: Future Sight\n|\n|-damage|p1a: mais c pas moi|88\/100 psn|[from] psn\n|-damage|p2a: Slowking|88\/100 brn|[from] brn\n|upkeep\n|turn|9\n|inactive|Maxouille has 180 seconds left.\n|\n|t:|1699799112\n|switch|p1a: jvois c moi|Samurott-Hisui, F, shiny|100\/100\n|move|p2a: Slowking|Sludge Bomb|p1a: jvois c moi\n|-damage|p1a: jvois c moi|53\/100\n|\n|-damage|p2a: Slowking|82\/100 brn|[from] brn\n|upkeep\n|turn|10\n|inactive|Maxouille has 180 seconds left.\n|inactive|Maxouille has 150 seconds left.\n|inactive|Maxouille has 120 seconds left.\n|inactive|Maxouille has 90 seconds left.\n|\n|t:|1699799209\n|switch|p2a: Cinderace|Cinderace, M|100\/100\n|move|p1a: jvois c moi|Ceaseless Edge|p2a: Cinderace\n|-damage|p2a: Cinderace|34\/100\n|-sidestart|p2: Maxouille|Spikes\n|\n|-end|p1a: jvois c moi|move: Future Sight\n|-immune|p1a: jvois c moi\n|upkeep\n|turn|11\n|inactive|Maxouille has 90 seconds left.\n|inactive|msnt has 120 seconds left.\n|\n|t:|1699799233\n|switch|p1a: mais c pas moi|Skeledirge, M, tera:Water|88\/100 psn\n|move|p2a: Cinderace|Court Change|p2a: Cinderace\n|-start|p2a: Cinderace|typechange|Normal|[from] ability: Libero\n|-swapsideconditions\n|-activate|p2a: Cinderace|move: Court Change\n|\n|-damage|p1a: mais c pas moi|76\/100 psn|[from] psn\n|upkeep\n|turn|12\n|inactive|msnt has 120 seconds left.\n|inactive|msnt has 90 seconds left.\n|\n|t:|1699799272\n|move|p2a: Cinderace|U-turn|p1a: mais c pas moi\n|-damage|p1a: mais c pas moi|61\/100 psn\n|inactive|Maxouille has 60 seconds left.\n|\n|t:|1699799302\n|switch|p2a: Slowking|Slowking-Galar, M|100\/100 brn|[from] U-turn\n|move|p1a: mais c pas moi|Hex|p2a: Slowking\n|-supereffective|p2a: Slowking\n|-damage|p2a: Slowking|58\/100 brn\n|\n|-damage|p1a: mais c pas moi|48\/100 psn|[from] psn\n|-damage|p2a: Slowking|52\/100 brn|[from] brn\n|upkeep\n|turn|13\n|\n|t:|1699799310\n|switch|p2a: Gliscor|Gliscor, F|100\/100\n|move|p1a: mais c pas moi|Slack Off|p1a: mais c pas moi\n|-heal|p1a: mais c pas moi|99\/100 psn\n|\n|-damage|p1a: mais c pas moi|86\/100 psn|[from] psn\n|-status|p2a: Gliscor|tox|[from] item: Toxic Orb\n|upkeep\n|turn|14\n|inactive|Maxouille has 60 seconds left.\n|inactive|Maxouille has 30 seconds left.\n|\n|t:|1699799364\n|switch|p1a: sparking|Weavile, F|100\/100\n|-ability|p1a: sparking|Pressure\n|move|p2a: Gliscor|Earthquake|p1a: sparking\n|-damage|p1a: sparking|41\/100\n|\n|upkeep\n|turn|15\n|inactive|Maxouille has 30 seconds left.\n|inactive|Maxouille has 20 seconds left.\n|inactive|Maxouille has 15 seconds left.\n|\n|t:|1699799388\n|switch|p1a: jvois c moi|Samurott-Hisui, F, shiny|53\/100\n|-terastallize|p2a: Gliscor|Water\n|move|p2a: Gliscor|U-turn|p1a: jvois c moi\n|-supereffective|p1a: jvois c moi\n|-damage|p1a: jvois c moi|19\/100\n|inactive|Maxouille has 20 seconds left this turn.\n|inactive|Maxouille has 15 seconds left.\n|\n|t:|1699799394\n|switch|p2a: Ogerpon|Ogerpon-Wellspring, F|100\/100|[from] U-turn\n|\n|upkeep\n|turn|16\n|inactive|Maxouille has 25 seconds left this turn.\n|\n|t:|1699799402\n|move|p2a: Ogerpon|Ivy Cudgel|p1a: jvois c moi\n|-resisted|p1a: jvois c moi\n|-damage|p1a: jvois c moi|0 fnt\n|faint|p1a: jvois c moi\n|\n|upkeep\n|inactive|Maxouille has 30 seconds left this turn.\n|\n|t:|1699799405\n|switch|p1a: pouce lev\u00e9|Clefable, M, shiny|71\/100\n|turn|17\n|\n|t:|1699799413\n|move|p2a: Ogerpon|Power Whip|p1a: pouce lev\u00e9\n|-damage|p1a: pouce lev\u00e9|9\/100\n|move|p1a: pouce lev\u00e9|Moonblast|p2a: Ogerpon\n|-damage|p2a: Ogerpon|61\/100\n|\n|-heal|p1a: pouce lev\u00e9|15\/100|[from] item: Leftovers\n|upkeep\n|turn|18\n|\n|t:|1699799420\n|move|p2a: Ogerpon|Ivy Cudgel|p1a: pouce lev\u00e9\n|-damage|p1a: pouce lev\u00e9|0 fnt\n|faint|p1a: pouce lev\u00e9\n|\n|upkeep\n|\n|t:|1699799422\n|switch|p1a: sparking|Weavile, F|41\/100\n|-ability|p1a: sparking|Pressure\n|turn|19\n|\n|t:|1699799447\n|switch|p2a: Gliscor|Gliscor, F, tera:Water|100\/100 tox\n|move|p1a: sparking|Icicle Crash|p2a: Gliscor\n|-resisted|p2a: Gliscor\n|-damage|p2a: Gliscor|89\/100 tox\n|\n|-heal|p2a: Gliscor|100\/100 tox|[from] ability: Poison Heal\n|upkeep\n|turn|20\n|\n|t:|1699799456\n|switch|p1a: pousser dballe|Gliscor, F, shiny|100\/100\n|move|p2a: Gliscor|U-turn|p1a: pousser dballe\n|-resisted|p1a: pousser dballe\n|-damage|p1a: pousser dballe|95\/100\n|inactive|Maxouille has 30 seconds left.\n|inactive|Maxouille has 20 seconds left.\n|\n|t:|1699799486\n|switch|p2a: Ogerpon|Ogerpon-Wellspring, F|61\/100|[from] U-turn\n|\n|-status|p1a: pousser dballe|tox|[from] item: Toxic Orb\n|upkeep\n|turn|21\n|inactive|Maxouille has 30 seconds left this turn.\n|\n|t:|1699799494\n|move|p2a: Ogerpon|Ivy Cudgel|p1a: pousser dballe\n|-supereffective|p1a: pousser dballe\n|-damage|p1a: pousser dballe|18\/100 tox\n|move|p1a: pousser dballe|Ice Fang|p2a: Ogerpon\n|-damage|p2a: Ogerpon|42\/100\n|\n|-heal|p1a: pousser dballe|31\/100 tox|[from] ability: Poison Heal\n|upkeep\n|turn|22\n|inactive|Maxouille has 30 seconds left.\n|\n|t:|1699799500\n|move|p1a: pousser dballe|Protect|p1a: pousser dballe\n|-singleturn|p1a: pousser dballe|Protect\n|move|p2a: Ogerpon|Ivy Cudgel|p1a: pousser dballe\n|-activate|p1a: pousser dballe|move: Protect\n|\n|-heal|p1a: pousser dballe|43\/100 tox|[from] ability: Poison Heal\n|upkeep\n|turn|23\n|\n|t:|1699799505\n|move|p2a: Ogerpon|Ivy Cudgel|p1a: pousser dballe\n|-supereffective|p1a: pousser dballe\n|-crit|p1a: pousser dballe\n|-damage|p1a: pousser dballe|0 fnt\n|faint|p1a: pousser dballe\n|\n|upkeep\n|\n|t:|1699799507\n|switch|p1a: sparking|Weavile, F|41\/100\n|-ability|p1a: sparking|Pressure\n|turn|24\n|\n|t:|1699799514\n|switch|p2a: Gliscor|Gliscor, F, tera:Water|100\/100 tox\n|move|p1a: sparking|Swords Dance|p1a: sparking\n|-boost|p1a: sparking|atk|2\n|\n|upkeep\n|turn|25\n|inactive|msnt has 180 seconds left.\n|\n|t:|1699799530\n|move|p1a: sparking|Knock Off|p2a: Gliscor\n|-damage|p2a: Gliscor|39\/100 tox\n|-enditem|p2a: Gliscor|Toxic Orb|[from] move: Knock Off|[of] p1a: sparking\n|move|p2a: Gliscor|U-turn|p1a: sparking\n|-supereffective|p1a: sparking\n|-damage|p1a: sparking|0 fnt\n|faint|p1a: sparking\n|c|\u2606Maxouille|gg\n|inactive|Maxouille has 60 seconds left.\n|\n|t:|1699799554\n|switch|p2a: Cinderace|Cinderace, M|34\/100|[from] U-turn\n|\n|upkeep\n|\n|t:|1699799557\n|switch|p1a: mais c pas moi|Skeledirge, M, tera:Water|86\/100 psn\n|turn|26\n|\n|t:|1699799564\n|move|p2a: Cinderace|U-turn|p1a: mais c pas moi\n|-start|p2a: Cinderace|typechange|Bug|[from] ability: Libero\n|-damage|p1a: mais c pas moi|63\/100 psn\n|inactive|Maxouille has 60 seconds left.\n|\n|t:|1699799575\n|switch|p2a: Gliscor|Gliscor, F, tera:Water|39\/100 tox|[from] U-turn\n|move|p1a: mais c pas moi|Torch Song|p2a: Gliscor\n|-resisted|p2a: Gliscor\n|-crit|p2a: Gliscor\n|-damage|p2a: Gliscor|14\/100 tox\n|-boost|p1a: mais c pas moi|spa|1\n|\n|-heal|p2a: Gliscor|27\/100 tox|[from] ability: Poison Heal\n|-damage|p1a: mais c pas moi|50\/100 psn|[from] psn\n|upkeep\n|turn|27\n|inactive|Maxouille has 60 seconds left.\n|c|\u2606msnt|gg\n|inactive|Maxouille has 30 seconds left.\n|inactive|Maxouille has 20 seconds left.\n|\n|t:|1699799625\n|move|p2a: Gliscor|U-turn|p1a: mais c pas moi\n|-damage|p1a: mais c pas moi|40\/100 psn\n|inactive|Maxouille has 25 seconds left this turn.\n|inactive|Maxouille has 20 seconds left.\n|inactive|Maxouille has 15 seconds left.\n|inactive|Maxouille has 10 seconds left.\n|\n|t:|1699799640\n|switch|p2a: Ogerpon|Ogerpon-Wellspring, F|42\/100|[from] U-turn\n|move|p1a: mais c pas moi|Slack Off|p1a: mais c pas moi\n|-heal|p1a: mais c pas moi|90\/100 psn\n|\n|-damage|p1a: mais c pas moi|78\/100 psn|[from] psn\n|upkeep\n|turn|28\n|inactive|Maxouille has 20 seconds left this turn.\n|\n|t:|1699799645\n|move|p2a: Ogerpon|Encore|p1a: mais c pas moi\n|-start|p1a: mais c pas moi|Encore\n|move|p1a: mais c pas moi|Slack Off|p1a: mais c pas moi\n|-heal|p1a: mais c pas moi|100\/100 psn\n|\n|-damage|p1a: mais c pas moi|88\/100 psn|[from] psn\n|upkeep\n|turn|29\n|inactive|Maxouille has 30 seconds left this turn.\n|\n|t:|1699799649\n|move|p2a: Ogerpon|Power Whip|p1a: mais c pas moi\n|-supereffective|p1a: mais c pas moi\n|-damage|p1a: mais c pas moi|0 fnt\n|faint|p1a: mais c pas moi\n|\n|win|Maxouille\n|c|+FFK Foufakirby|Goat\n","uploadtime":1699799650,"views":80,"p1id":"msnt","p2id":"maxouille","formatid":"gen9ou","rating":0,"private":0,"password":""}