{"id":"smogtours-gen9ou-732366","p1":"Slikkles&NWL","p2":"TrosKith","format":"[Gen 9] OU","log":"|inactive|Battle timer is ON: inactive players will automatically lose when time's up.\n|t:|1700929085\n|gametype|singles\n|player|p1|Slikkles&NWL|kindler-gen6|\n|player|p2|TrosKith|ballguy|\n|teamsize|p1|6\n|teamsize|p2|6\n|gen|9\n|tier|[Gen 9] OU\n|rule|Sleep Clause Mod: Limit one foe put to sleep\n|rule|Species Clause: Limit one of each Pok\u00e9mon\n|rule|OHKO Clause: OHKO moves are banned\n|rule|Evasion Items Clause: Evasion items are banned\n|rule|Evasion Moves Clause: Evasion moves are banned\n|rule|Endless Battle Clause: Forcing endless battles is banned\n|rule|HP Percentage Mod: HP is shown in percentages\n|clearpoke\n|poke|p1|Rillaboom, F|\n|poke|p1|Hawlucha, F|\n|poke|p1|Great Tusk|\n|poke|p1|Gholdengo|\n|poke|p1|Hatterene, F|\n|poke|p1|Ursaluna, F|\n|poke|p2|Gholdengo|\n|poke|p2|Great Tusk|\n|poke|p2|Ting-Lu|\n|poke|p2|Zapdos|\n|poke|p2|Ogerpon-Wellspring, F|\n|poke|p2|Dragapult, M|\n|teampreview\n|c|\u2606TrosKith|hf\n|inactive|Slikkles&NWL has 270 seconds left.\n|inactive|TrosKith has 270 seconds left.\n|c|\u2606Slikkles&NWL|hf\n|inactive|Slikkles&NWL has 240 seconds left.\n|inactive|TrosKith has 240 seconds left.\n|inactive|Slikkles&NWL has 210 seconds left.\n|inactive|TrosKith has 210 seconds left.\n|inactive|TrosKith has 180 seconds left.\n|\n|t:|1700929214\n|start\n|switch|p1a: Hatterene|Hatterene, F|100\/100\n|switch|p2a: Dragapult|Dragapult, M|100\/100\n|turn|1\n|inactive|TrosKith has 240 seconds left.\n|inactive|Slikkles&NWL has 240 seconds left.\n|\n|t:|1700929239\n|move|p2a: Dragapult|U-turn|p1a: Hatterene\n|-crit|p1a: Hatterene\n|-damage|p1a: Hatterene|71\/100\n|inactive|TrosKith has 240 seconds left.\n|inactive|TrosKith has 210 seconds left.\n|inactive|TrosKith has 180 seconds left.\n|\n|t:|1700929315\n|switch|p2a: Gholdengo|Gholdengo|100\/100|[from] U-turn\n|move|p1a: Hatterene|Trick Room|p1a: Hatterene\n|-fieldstart|move: Trick Room|[of] p1a: Hatterene\n|\n|upkeep\n|turn|2\n|inactive|Slikkles&NWL has 240 seconds left.\n|inactive|TrosKith has 150 seconds left.\n|\n|t:|1700929350\n|move|p1a: Hatterene|Healing Wish|p1a: Hatterene\n|faint|p1a: Hatterene\n|move|p2a: Gholdengo|Nasty Plot|p2a: Gholdengo\n|-boost|p2a: Gholdengo|spa|2\n|\n|upkeep\n|\n|t:|1700929361\n|switch|p1a: Ursaluna|Ursaluna, F|100\/100\n|turn|3\n|inactive|TrosKith has 150 seconds left.\n|inactive|Slikkles&NWL has 210 seconds left.\n|\n|t:|1700929389\n|-terastallize|p2a: Gholdengo|Fairy\n|move|p1a: Ursaluna|Swords Dance|p1a: Ursaluna\n|-boost|p1a: Ursaluna|atk|2\n|move|p2a: Gholdengo|Make It Rain|p1a: Ursaluna\n|-damage|p1a: Ursaluna|2\/100\n|-unboost|p2a: Gholdengo|spa|1\n|\n|-status|p1a: Ursaluna|brn|[from] item: Flame Orb\n|upkeep\n|turn|4\n|inactive|Slikkles&NWL has 210 seconds left.\n|\n|t:|1700929414\n|switch|p2a: Dragapult|Dragapult, M|100\/100\n|move|p1a: Ursaluna|Headlong Rush|p2a: Dragapult\n|-damage|p2a: Dragapult|0 fnt\n|-unboost|p1a: Ursaluna|def|1\n|-unboost|p1a: Ursaluna|spd|1\n|faint|p2a: Dragapult\n|\n|-damage|p1a: Ursaluna|0 fnt|[from] brn\n|faint|p1a: Ursaluna\n|upkeep\n|inactive|Slikkles&NWL has 180 seconds left.\n|inactive|TrosKith has 120 seconds left.\n|inactive|TrosKith has 90 seconds left.\n|\n|t:|1700929473\n|switch|p1a: Rillaboom|Rillaboom, F|100\/100\n|switch|p2a: Ting-Lu|Ting-Lu|100\/100\n|-ability|p2a: Ting-Lu|Vessel of Ruin\n|-fieldstart|move: Grassy Terrain|[from] ability: Grassy Surge|[of] p1a: Rillaboom\n|turn|5\n|inactive|Slikkles&NWL has 180 seconds left.\n|inactive|TrosKith has 90 seconds left.\n|\n|t:|1700929488\n|move|p2a: Ting-Lu|Spikes|p1a: Rillaboom\n|-sidestart|p1: Slikkles&NWL|Spikes\n|move|p1a: Rillaboom|Wood Hammer|p2a: Ting-Lu\n|-supereffective|p2a: Ting-Lu\n|-crit|p2a: Ting-Lu\n|-damage|p2a: Ting-Lu|0 fnt\n|faint|p2a: Ting-Lu\n|-damage|p1a: Rillaboom|51\/100|[from] Recoil\n|\n|-heal|p1a: Rillaboom|57\/100|[from] Grassy Terrain\n|-fieldend|move: Trick Room\n|upkeep\n|inactive|TrosKith has 90 seconds left.\n|inactive|TrosKith has 60 seconds left.\n|\n|t:|1700929546\n|switch|p2a: Great Tusk|Great Tusk|100\/100\n|turn|6\n|inactive|Slikkles&NWL has 180 seconds left.\n|\n|t:|1700929580\n|switch|p1a: Great Tusk|Great Tusk|100\/100\n|-damage|p1a: Great Tusk|88\/100|[from] Spikes\n|-enditem|p1a: Great Tusk|Booster Energy\n|-activate|p1a: Great Tusk|ability: Protosynthesis|[fromitem]\n|-start|p1a: Great Tusk|protosynthesisspe\n|move|p2a: Great Tusk|Ice Spinner|p1a: Great Tusk\n|-supereffective|p1a: Great Tusk\n|-damage|p1a: Great Tusk|60\/100\n|-fieldend|move: Grassy Terrain\n|\n|upkeep\n|turn|7\n|inactive|TrosKith has 30 seconds left.\n|\n|t:|1700929618\n|-end|p2a: Great Tusk|Protosynthesis|[silent]\n|switch|p2a: Gholdengo|Gholdengo, tera:Fairy|100\/100\n|move|p1a: Great Tusk|Bulk Up|p1a: Great Tusk\n|-boost|p1a: Great Tusk|atk|1\n|-boost|p1a: Great Tusk|def|1\n|\n|upkeep\n|turn|8\n|inactive|TrosKith has 30 seconds left.\n|inactive|TrosKith has 20 seconds left.\n|inactive|TrosKith has 15 seconds left.\n|inactive|Slikkles&NWL has 150 seconds left.\n|\n|t:|1700929649\n|move|p1a: Great Tusk|Headlong Rush|p2a: Gholdengo\n|-damage|p2a: Gholdengo|45\/100\n|-unboost|p1a: Great Tusk|def|1\n|-unboost|p1a: Great Tusk|spd|1\n|move|p2a: Gholdengo|Make It Rain|p1a: Great Tusk\n|-damage|p1a: Great Tusk|0 fnt\n|-unboost|p2a: Gholdengo|spa|1\n|faint|p1a: Great Tusk\n|-end|p1a: Great Tusk|Protosynthesis|[silent]\n|\n|-heal|p2a: Gholdengo|51\/100|[from] item: Leftovers\n|upkeep\n|inactive|TrosKith has 20 seconds left this turn.\n|inactive|Slikkles&NWL has 150 seconds left.\n|\n|t:|1700929670\n|switch|p1a: Rillaboom|Rillaboom, F|57\/100\n|-heal|p1a: Rillaboom|100\/100|[from] move: Healing Wish\n|-damage|p1a: Rillaboom|88\/100|[from] Spikes\n|-fieldstart|move: Grassy Terrain|[from] ability: Grassy Surge|[of] p1a: Rillaboom\n|turn|9\n|inactive|TrosKith has 30 seconds left this turn.\n|inactive|TrosKith has 20 seconds left.\n|\n|t:|1700929682\n|move|p1a: Rillaboom|U-turn|p2a: Gholdengo\n|-resisted|p2a: Gholdengo\n|-damage|p2a: Gholdengo|35\/100\n|inactive|TrosKith has 25 seconds left this turn.\n|\n|t:|1700929686\n|switch|p1a: Hawlucha|Hawlucha, F|100\/100|[from] U-turn\n|-enditem|p1a: Hawlucha|Grassy Seed\n|-boost|p1a: Hawlucha|def|1|[from] item: Grassy Seed\n|move|p2a: Gholdengo|Recover|p2a: Gholdengo\n|-heal|p2a: Gholdengo|85\/100\n|\n|-heal|p2a: Gholdengo|92\/100|[from] Grassy Terrain\n|-heal|p2a: Gholdengo|98\/100|[from] item: Leftovers\n|upkeep\n|turn|10\n|inactive|TrosKith has 30 seconds left.\n|inactive|Slikkles&NWL has 150 seconds left.\n|inactive|TrosKith has 20 seconds left.\n|inactive|TrosKith has 15 seconds left.\n|inactive|TrosKith has 10 seconds left.\n|\n|t:|1700929712\n|switch|p2a: Zapdos|Zapdos|100\/100\n|move|p1a: Hawlucha|Swords Dance|p1a: Hawlucha\n|-boost|p1a: Hawlucha|atk|2\n|\n|upkeep\n|turn|11\n|inactive|TrosKith has 20 seconds left this turn.\n|inactive|Slikkles&NWL has 150 seconds left.\n|inactive|TrosKith has 15 seconds left.\n|inactive|TrosKith has 10 seconds left.\n|\n|t:|1700929725\n|-terastallize|p1a: Hawlucha|Fire\n|move|p1a: Hawlucha|Swords Dance|p1a: Hawlucha\n|-boost|p1a: Hawlucha|atk|2\n|move|p2a: Zapdos|Volt Switch|p1a: Hawlucha\n|-damage|p1a: Hawlucha|57\/100\n|inactive|TrosKith has 15 seconds left this turn.\n|inactive|TrosKith has 10 seconds left.\n|\n|t:|1700929732\n|switch|p2a: Gholdengo|Gholdengo, tera:Fairy|98\/100|[from] Volt Switch\n|\n|-heal|p1a: Hawlucha|62\/100|[from] Grassy Terrain\n|-heal|p2a: Gholdengo|100\/100|[from] Grassy Terrain\n|upkeep\n|turn|12\n|inactive|TrosKith has 20 seconds left this turn.\n|inactive|Slikkles&NWL has 150 seconds left.\n|inactive|Slikkles&NWL has 120 seconds left.\n|\n|t:|1700929783\n|move|p1a: Hawlucha|Tera Blast|p2a: Gholdengo|[anim] Tera Blast Fire\n|-damage|p2a: Gholdengo|22\/100\n|move|p2a: Gholdengo|Shadow Ball|p1a: Hawlucha\n|-damage|p1a: Hawlucha|14\/100\n|\n|-heal|p1a: Hawlucha|20\/100|[from] Grassy Terrain\n|-heal|p2a: Gholdengo|28\/100|[from] Grassy Terrain\n|-heal|p2a: Gholdengo|35\/100|[from] item: Leftovers\n|upkeep\n|turn|13\n|inactive|TrosKith has 30 seconds left this turn.\n|\n|t:|1700929792\n|move|p1a: Hawlucha|Tera Blast|p2a: Gholdengo|[anim] Tera Blast Fire\n|-damage|p2a: Gholdengo|0 fnt\n|faint|p2a: Gholdengo\n|\n|-heal|p1a: Hawlucha|26\/100|[from] Grassy Terrain\n|-fieldend|move: Grassy Terrain\n|upkeep\n|inactive|TrosKith has 30 seconds left this turn.\n|\n|t:|1700929794\n|switch|p2a: Zapdos|Zapdos|100\/100\n|turn|14\n|\n|t:|1700929798\n|move|p1a: Hawlucha|Tera Blast|p2a: Zapdos|[anim] Tera Blast Fire\n|-damage|p2a: Zapdos|0 fnt\n|faint|p2a: Zapdos\n|\n|upkeep\n|c|\u2606TrosKith|37% rol\n|\n|t:|1700929804\n|switch|p2a: Great Tusk|Great Tusk|100\/100\n|turn|15\n|\n|t:|1700929807\n|move|p1a: Hawlucha|Acrobatics|p2a: Great Tusk\n|-supereffective|p2a: Great Tusk\n|-damage|p2a: Great Tusk|0 fnt\n|faint|p2a: Great Tusk\n|-end|p2a: Great Tusk|Protosynthesis|[silent]\n|\n|upkeep\n|\n|t:|1700929809\n|switch|p2a: Ogerpon|Ogerpon-Wellspring, F|100\/100\n|turn|16\n|c|\u2606Slikkles&NWL|we had rilla in back\n|\n|t:|1700929816\n|move|p1a: Hawlucha|Acrobatics|p2a: Ogerpon\n|-supereffective|p2a: Ogerpon\n|-damage|p2a: Ogerpon|0 fnt\n|faint|p2a: Ogerpon\n|\n|win|Slikkles&NWL\n|c|\u2606TrosKith|and we had tusk\n|c|\u2606TrosKith|so what\n|c|\u2606Slikkles&NWL|and we had ballon ghold\n|c|\u2606Slikkles&NWL|gg\n|c|\u2606Slikkles&NWL|sorry for the roll\n|c|\u2606TrosKith|and ogerporn is a digimon\n|c|\u2606TrosKith|gg\n|c|\u2606Slikkles&NWL|yea kinda\n","uploadtime":1700929817,"views":37,"p1id":"slikklesnwl","p2id":"troskith","formatid":"gen9ou","rating":0,"private":0,"password":""}