{"id":"smogtours-gen9ou-731177","p1":"Ayaka","p2":"blunderr","format":"[Gen 9] OU","log":"|inactive|Battle timer is ON: inactive players will automatically lose when time's up.\n|t:|1700327295\n|gametype|singles\n|player|p1|Ayaka|#gondra|\n|player|p2|blunderr|#blunderr|\n|teamsize|p1|6\n|teamsize|p2|6\n|gen|9\n|tier|[Gen 9] OU\n|rule|Sleep Clause Mod: Limit one foe put to sleep\n|rule|Species Clause: Limit one of each Pok\u00e9mon\n|rule|OHKO Clause: OHKO moves are banned\n|rule|Evasion Items Clause: Evasion items are banned\n|rule|Evasion Moves Clause: Evasion moves are banned\n|rule|Endless Battle Clause: Forcing endless battles is banned\n|rule|HP Percentage Mod: HP is shown in percentages\n|clearpoke\n|poke|p1|Zapdos|\n|poke|p1|Slowking-Galar, M|\n|poke|p1|Dragapult, M|\n|poke|p1|Zamazenta-*|\n|poke|p1|Ting-Lu|\n|poke|p1|Ogerpon-Wellspring, F|\n|poke|p2|Rotom-Wash|\n|poke|p2|Ting-Lu|\n|poke|p2|Zamazenta-*|\n|poke|p2|Cinderace, M|\n|poke|p2|Skeledirge, M|\n|poke|p2|Amoonguss, M|\n|teampreview\n|inactive|blunderr also wants the timer to be on.\n|c|+DKM|agency provides\n|c|\u2606blunderr|HF bro\n|c|\u2606Ayaka|hf\n|c|+Ciro\u273fNapoli|Scl?\n|inactive|Ayaka has 270 seconds left.\n|inactive|blunderr has 270 seconds left.\n|raw|<div class=\"broadcast-red\"><strong>Moderated chat was set to \u2606!<\/strong><br \/>Only users of rank \u2606 and higher can talk.<\/div>\n|inactive|Ayaka has 240 seconds left.\n|inactive|Ayaka has 210 seconds left.\n|\n|t:|1700327409\n|start\n|switch|p1a: Dragapult|Dragapult, M|100\/100\n|switch|p2a: Patek Water|Rotom-Wash|100\/100\n|turn|1\n|\n|t:|1700327421\n|switch|p1a: Slowking|Slowking-Galar, M|100\/100\n|move|p2a: Patek Water|Will-O-Wisp|p1a: Slowking\n|-status|p1a: Slowking|brn\n|\n|-damage|p1a: Slowking|94\/100 brn|[from] brn\n|upkeep\n|turn|2\n|inactive|Ayaka has 240 seconds left.\n|inactive|blunderr has 270 seconds left.\n|\n|t:|1700327471\n|move|p2a: Patek Water|Volt Switch|p1a: Slowking\n|-damage|p1a: Slowking|80\/100 brn\n|inactive|blunderr has 240 seconds left.\n|inactive|blunderr has 210 seconds left.\n|\n|t:|1700327527\n|switch|p2a: Cinderace|Cinderace, M|100\/100|[from] Volt Switch\n|move|p1a: Slowking|Future Sight|p2a: Cinderace\n|-start|p1a: Slowking|move: Future Sight\n|\n|-damage|p1a: Slowking|74\/100 brn|[from] brn\n|upkeep\n|turn|3\n|inactive|Ayaka has 210 seconds left.\n|\n|t:|1700327570\n|switch|p1a: Zapdos|Zapdos|100\/100\n|-terastallize|p2a: Cinderace|Fire\n|move|p2a: Cinderace|Pyro Ball|p1a: Zapdos\n|-damage|p1a: Zapdos|46\/100\n|\n|upkeep\n|turn|4\n|inactive|Ayaka has 180 seconds left.\n|inactive|blunderr has 180 seconds left.\n|inactive|blunderr has 150 seconds left.\n|inactive|Ayaka has 150 seconds left.\n|\n|t:|1700327670\n|switch|p2a: Xibi Zlobinmadikov|Ting-Lu|100\/100\n|-ability|p2a: Xibi Zlobinmadikov|Vessel of Ruin\n|move|p1a: Zapdos|Roost|p1a: Zapdos\n|-heal|p1a: Zapdos|96\/100\n|-singleturn|p1a: Zapdos|move: Roost\n|\n|-end|p2a: Xibi Zlobinmadikov|move: Future Sight\n|-immune|p2a: Xibi Zlobinmadikov\n|upkeep\n|turn|5\n|\n|t:|1700327676\n|switch|p1a: Ting-Lu|Ting-Lu|100\/100\n|-ability|p1a: Ting-Lu|Vessel of Ruin\n|move|p2a: Xibi Zlobinmadikov|Ruination|p1a: Ting-Lu\n|-damage|p1a: Ting-Lu|51\/100\n|\n|-heal|p1a: Ting-Lu|57\/100|[from] item: Leftovers\n|upkeep\n|turn|6\n|inactive|blunderr has 120 seconds left.\n|\n|t:|1700327702\n|move|p2a: Xibi Zlobinmadikov|Ruination|p1a: Ting-Lu\n|-damage|p1a: Ting-Lu|29\/100\n|move|p1a: Ting-Lu|Stealth Rock|p2a: Xibi Zlobinmadikov\n|-sidestart|p2: blunderr|move: Stealth Rock\n|\n|-heal|p1a: Ting-Lu|35\/100|[from] item: Leftovers\n|upkeep\n|turn|7\n|\n|t:|1700327711\n|move|p2a: Xibi Zlobinmadikov|Earthquake|p1a: Ting-Lu\n|-damage|p1a: Ting-Lu|16\/100\n|move|p1a: Ting-Lu|Ruination|p2a: Xibi Zlobinmadikov\n|-damage|p2a: Xibi Zlobinmadikov|50\/100\n|\n|-heal|p1a: Ting-Lu|23\/100|[from] item: Leftovers\n|-heal|p2a: Xibi Zlobinmadikov|57\/100|[from] item: Leftovers\n|upkeep\n|turn|8\n|inactive|blunderr has 120 seconds left.\n|inactive|Ayaka has 150 seconds left.\n|inactive|blunderr has 90 seconds left.\n|inactive|Ayaka has 120 seconds left.\n|\n|t:|1700327768\n|switch|p2a: Patek Water|Rotom-Wash|100\/100\n|-damage|p2a: Patek Water|88\/100|[from] Stealth Rock\n|move|p1a: Ting-Lu|Ruination|p2a: Patek Water\n|-damage|p2a: Patek Water|44\/100\n|\n|-heal|p2a: Patek Water|50\/100|[from] item: Leftovers\n|-heal|p1a: Ting-Lu|29\/100|[from] item: Leftovers\n|upkeep\n|turn|9\n|inactive|Ayaka has 120 seconds left.\n|\n|t:|1700327794\n|switch|p1a: Zapdos|Zapdos|96\/100\n|move|p2a: Patek Water|Volt Switch|p1a: Zapdos\n|-damage|p1a: Zapdos|72\/100\n|inactive|blunderr has 90 seconds left.\n|\n|t:|1700327818\n|switch|p2a: Xibi Zlobinmadikov|Ting-Lu|57\/100|[from] Volt Switch\n|-damage|p2a: Xibi Zlobinmadikov|50\/100|[from] Stealth Rock\n|-ability|p2a: Xibi Zlobinmadikov|Vessel of Ruin\n|\n|-heal|p2a: Xibi Zlobinmadikov|57\/100|[from] item: Leftovers\n|upkeep\n|turn|10\n|\n|t:|1700327837\n|move|p1a: Zapdos|Hurricane|p2a: Xibi Zlobinmadikov\n|-damage|p2a: Xibi Zlobinmadikov|36\/100\n|move|p2a: Xibi Zlobinmadikov|Ruination|p1a: Zapdos\n|-damage|p1a: Zapdos|36\/100\n|\n|-heal|p2a: Xibi Zlobinmadikov|43\/100|[from] item: Leftovers\n|upkeep\n|turn|11\n|\n|t:|1700327845\n|move|p1a: Zapdos|Hurricane|p2a: Xibi Zlobinmadikov|[miss]\n|-miss|p1a: Zapdos|p2a: Xibi Zlobinmadikov\n|move|p2a: Xibi Zlobinmadikov|Ruination|p1a: Zapdos\n|-damage|p1a: Zapdos|19\/100\n|\n|-heal|p2a: Xibi Zlobinmadikov|49\/100|[from] item: Leftovers\n|upkeep\n|turn|12\n|inactive|Ayaka has 120 seconds left.\n|inactive|blunderr has 90 seconds left.\n|\n|t:|1700327871\n|switch|p2a: Cinderace|Cinderace, M, tera:Fire|100\/100\n|move|p1a: Zapdos|Roost|p1a: Zapdos\n|-heal|p1a: Zapdos|69\/100\n|-singleturn|p1a: Zapdos|move: Roost\n|\n|upkeep\n|turn|13\n|\n|t:|1700327878\n|switch|p2a: Xibi Zlobinmadikov|Ting-Lu|49\/100\n|-damage|p2a: Xibi Zlobinmadikov|43\/100|[from] Stealth Rock\n|-ability|p2a: Xibi Zlobinmadikov|Vessel of Ruin\n|move|p1a: Zapdos|Thunder Wave|p2a: Xibi Zlobinmadikov\n|-immune|p2a: Xibi Zlobinmadikov\n|\n|-heal|p2a: Xibi Zlobinmadikov|49\/100|[from] item: Leftovers\n|upkeep\n|turn|14\n|\n|t:|1700327883\n|move|p1a: Zapdos|Hurricane|p2a: Xibi Zlobinmadikov\n|-damage|p2a: Xibi Zlobinmadikov|30\/100\n|move|p2a: Xibi Zlobinmadikov|Ruination|p1a: Zapdos\n|-damage|p1a: Zapdos|35\/100\n|\n|-heal|p2a: Xibi Zlobinmadikov|37\/100|[from] item: Leftovers\n|upkeep\n|turn|15\n|\n|t:|1700327896\n|move|p1a: Zapdos|Roost|p1a: Zapdos\n|-heal|p1a: Zapdos|85\/100\n|-singleturn|p1a: Zapdos|move: Roost\n|move|p2a: Xibi Zlobinmadikov|Ruination|p1a: Zapdos\n|-damage|p1a: Zapdos|43\/100\n|\n|-heal|p2a: Xibi Zlobinmadikov|43\/100|[from] item: Leftovers\n|upkeep\n|turn|16\n|\n|t:|1700327904\n|move|p1a: Zapdos|Hurricane|p2a: Xibi Zlobinmadikov|[miss]\n|-miss|p1a: Zapdos|p2a: Xibi Zlobinmadikov\n|move|p2a: Xibi Zlobinmadikov|Ruination|p1a: Zapdos\n|-damage|p1a: Zapdos|22\/100\n|\n|-heal|p2a: Xibi Zlobinmadikov|49\/100|[from] item: Leftovers\n|upkeep\n|turn|17\n|\n|t:|1700327911\n|move|p1a: Zapdos|Hurricane|p2a: Xibi Zlobinmadikov|[miss]\n|-miss|p1a: Zapdos|p2a: Xibi Zlobinmadikov\n|move|p2a: Xibi Zlobinmadikov|Ruination|p1a: Zapdos\n|-damage|p1a: Zapdos|11\/100\n|\n|-heal|p2a: Xibi Zlobinmadikov|55\/100|[from] item: Leftovers\n|upkeep\n|turn|18\n|inactive|blunderr has 120 seconds left.\n|inactive|Ayaka has 150 seconds left.\n|\n|t:|1700327923\n|move|p1a: Zapdos|Thunder Wave|p2a: Xibi Zlobinmadikov\n|-immune|p2a: Xibi Zlobinmadikov\n|move|p2a: Xibi Zlobinmadikov|Earthquake|p1a: Zapdos\n|-immune|p1a: Zapdos\n|\n|-heal|p2a: Xibi Zlobinmadikov|62\/100|[from] item: Leftovers\n|upkeep\n|turn|19\n|\n|t:|1700327928\n|move|p1a: Zapdos|Hurricane|p2a: Xibi Zlobinmadikov\n|-damage|p2a: Xibi Zlobinmadikov|41\/100\n|-start|p2a: Xibi Zlobinmadikov|confusion\n|-activate|p2a: Xibi Zlobinmadikov|confusion\n|-damage|p2a: Xibi Zlobinmadikov|36\/100|[from] confusion\n|\n|-heal|p2a: Xibi Zlobinmadikov|42\/100|[from] item: Leftovers\n|upkeep\n|turn|20\n|inactive|blunderr has 120 seconds left.\n|\n|t:|1700327957\n|move|p1a: Zapdos|Roost|p1a: Zapdos\n|-heal|p1a: Zapdos|61\/100\n|-singleturn|p1a: Zapdos|move: Roost\n|-activate|p2a: Xibi Zlobinmadikov|confusion\n|move|p2a: Xibi Zlobinmadikov|Stealth Rock|p1a: Zapdos\n|-sidestart|p1: Ayaka|move: Stealth Rock\n|\n|-heal|p2a: Xibi Zlobinmadikov|48\/100|[from] item: Leftovers\n|upkeep\n|turn|21\n|inactive|blunderr has 120 seconds left.\n|\n|t:|1700327963\n|move|p1a: Zapdos|Hurricane|p2a: Xibi Zlobinmadikov\n|-damage|p2a: Xibi Zlobinmadikov|28\/100\n|-activate|p2a: Xibi Zlobinmadikov|confusion\n|move|p2a: Xibi Zlobinmadikov|Ruination|p1a: Zapdos\n|-damage|p1a: Zapdos|31\/100\n|\n|-heal|p2a: Xibi Zlobinmadikov|34\/100|[from] item: Leftovers\n|upkeep\n|turn|22\n|\n|t:|1700327973\n|move|p1a: Zapdos|Roost|p1a: Zapdos\n|-heal|p1a: Zapdos|81\/100\n|-singleturn|p1a: Zapdos|move: Roost\n|-end|p2a: Xibi Zlobinmadikov|confusion\n|move|p2a: Xibi Zlobinmadikov|Ruination|p1a: Zapdos\n|-damage|p1a: Zapdos|41\/100\n|\n|-heal|p2a: Xibi Zlobinmadikov|40\/100|[from] item: Leftovers\n|upkeep\n|turn|23\n|\n|t:|1700327978\n|move|p1a: Zapdos|Hurricane|p2a: Xibi Zlobinmadikov\n|-damage|p2a: Xibi Zlobinmadikov|21\/100\n|-start|p2a: Xibi Zlobinmadikov|confusion\n|-activate|p2a: Xibi Zlobinmadikov|confusion\n|-damage|p2a: Xibi Zlobinmadikov|15\/100|[from] confusion\n|\n|-heal|p2a: Xibi Zlobinmadikov|21\/100|[from] item: Leftovers\n|upkeep\n|turn|24\n|\n|t:|1700327984\n|move|p1a: Zapdos|Roost|p1a: Zapdos\n|-heal|p1a: Zapdos|91\/100\n|-singleturn|p1a: Zapdos|move: Roost\n|-activate|p2a: Xibi Zlobinmadikov|confusion\n|move|p2a: Xibi Zlobinmadikov|Ruination|p1a: Zapdos|[miss]\n|-miss|p2a: Xibi Zlobinmadikov|p1a: Zapdos\n|\n|-heal|p2a: Xibi Zlobinmadikov|27\/100|[from] item: Leftovers\n|upkeep\n|turn|25\n|\n|t:|1700327987\n|move|p1a: Zapdos|Hurricane|p2a: Xibi Zlobinmadikov|[miss]\n|-miss|p1a: Zapdos|p2a: Xibi Zlobinmadikov\n|-end|p2a: Xibi Zlobinmadikov|confusion\n|move|p2a: Xibi Zlobinmadikov|Ruination|p1a: Zapdos\n|-damage|p1a: Zapdos|46\/100\n|\n|-heal|p2a: Xibi Zlobinmadikov|34\/100|[from] item: Leftovers\n|upkeep\n|turn|26\n|\n|t:|1700327991\n|move|p1a: Zapdos|Hurricane|p2a: Xibi Zlobinmadikov|[miss]\n|-miss|p1a: Zapdos|p2a: Xibi Zlobinmadikov\n|move|p2a: Xibi Zlobinmadikov|Ruination|p1a: Zapdos\n|-damage|p1a: Zapdos|23\/100\n|\n|-heal|p2a: Xibi Zlobinmadikov|40\/100|[from] item: Leftovers\n|upkeep\n|turn|27\n|inactive|blunderr has 150 seconds left.\n|\n|t:|1700328012\n|move|p1a: Zapdos|Hurricane|p2a: Xibi Zlobinmadikov\n|-damage|p2a: Xibi Zlobinmadikov|20\/100\n|-start|p2a: Xibi Zlobinmadikov|confusion\n|-activate|p2a: Xibi Zlobinmadikov|confusion\n|move|p2a: Xibi Zlobinmadikov|Ruination|p1a: Zapdos\n|-damage|p1a: Zapdos|12\/100\n|\n|-heal|p2a: Xibi Zlobinmadikov|26\/100|[from] item: Leftovers\n|upkeep\n|turn|28\n|\n|t:|1700328021\n|move|p1a: Zapdos|Hurricane|p2a: Xibi Zlobinmadikov\n|-damage|p2a: Xibi Zlobinmadikov|6\/100\n|-activate|p2a: Xibi Zlobinmadikov|confusion\n|-damage|p2a: Xibi Zlobinmadikov|1\/100|[from] confusion\n|\n|-heal|p2a: Xibi Zlobinmadikov|7\/100|[from] item: Leftovers\n|upkeep\n|turn|29\n|\n|t:|1700328029\n|move|p1a: Zapdos|Roost|p1a: Zapdos\n|-heal|p1a: Zapdos|62\/100\n|-singleturn|p1a: Zapdos|move: Roost\n|-activate|p2a: Xibi Zlobinmadikov|confusion\n|-damage|p2a: Xibi Zlobinmadikov|1\/100|[from] confusion\n|\n|-heal|p2a: Xibi Zlobinmadikov|7\/100|[from] item: Leftovers\n|upkeep\n|turn|30\n|\n|t:|1700328037\n|move|p1a: Zapdos|Hurricane|p2a: Xibi Zlobinmadikov\n|-damage|p2a: Xibi Zlobinmadikov|0 fnt\n|faint|p2a: Xibi Zlobinmadikov\n|\n|upkeep\n|inactive|blunderr has 150 seconds left.\n|\n|t:|1700328068\n|switch|p2a: Zamazenta|Zamazenta|100\/100\n|-damage|p2a: Zamazenta|94\/100|[from] Stealth Rock\n|-ability|p2a: Zamazenta|Dauntless Shield|boost\n|-boost|p2a: Zamazenta|def|1\n|turn|31\n|inactive|Ayaka has 240 seconds left.\n|inactive|Ayaka has 210 seconds left.\n|\n|t:|1700328113\n|switch|p2a: Cinderace|Cinderace, M, tera:Fire|100\/100\n|switch|p1a: Slowking|Slowking-Galar, M|100\/100 brn\n|\n|-damage|p1a: Slowking|94\/100 brn|[from] brn\n|upkeep\n|turn|32\n|\n|t:|1700328118\n|switch|p1a: Ting-Lu|Ting-Lu|29\/100\n|-damage|p1a: Ting-Lu|23\/100|[from] Stealth Rock\n|-ability|p1a: Ting-Lu|Vessel of Ruin\n|move|p2a: Cinderace|Pyro Ball|p1a: Ting-Lu|[miss]\n|-miss|p2a: Cinderace|p1a: Ting-Lu\n|\n|-heal|p1a: Ting-Lu|29\/100|[from] item: Leftovers\n|upkeep\n|turn|33\n|\n|t:|1700328123\n|move|p2a: Cinderace|Pyro Ball|p1a: Ting-Lu\n|-damage|p1a: Ting-Lu|0 fnt\n|faint|p1a: Ting-Lu\n|\n|upkeep\n|inactive|Ayaka has 210 seconds left.\n|\n|t:|1700328151\n|switch|p1a: Dragapult|Dragapult, M|100\/100\n|-damage|p1a: Dragapult|88\/100|[from] Stealth Rock\n|turn|34\n|inactive|blunderr has 150 seconds left.\n|inactive|Ayaka has 180 seconds left.\n|inactive|blunderr has 120 seconds left.\n|\n|t:|1700328210\n|switch|p2a: Patek Water|Rotom-Wash|50\/100\n|-damage|p2a: Patek Water|38\/100|[from] Stealth Rock\n|move|p1a: Dragapult|Draco Meteor|p2a: Patek Water\n|-damage|p2a: Patek Water|0 fnt\n|-unboost|p1a: Dragapult|spa|2\n|faint|p2a: Patek Water\n|\n|upkeep\n|\n|t:|1700328215\n|switch|p2a: Cinderace|Cinderace, M, tera:Fire|100\/100\n|turn|35\n|\n|t:|1700328223\n|switch|p1a: Ogerpon|Ogerpon-Wellspring, F|100\/100\n|-damage|p1a: Ogerpon|88\/100|[from] Stealth Rock\n|move|p2a: Cinderace|Pyro Ball|p1a: Ogerpon\n|-damage|p1a: Ogerpon|0 fnt\n|faint|p1a: Ogerpon\n|\n|upkeep\n|inactive|Ayaka has 150 seconds left.\n|\n|t:|1700328271\n|switch|p1a: Zapdos|Zapdos|62\/100\n|turn|36\n|inactive|Ayaka has 120 seconds left.\n|inactive|blunderr has 120 seconds left.\n|\n|t:|1700328320\n|switch|p2a: MARNIIIIII|Skeledirge, M|100\/100\n|move|p1a: Zapdos|Thunder Wave|p2a: MARNIIIIII\n|-status|p2a: MARNIIIIII|par\n|\n|upkeep\n|turn|37\n|inactive|Ayaka has 120 seconds left.\n|\n|t:|1700328351\n|move|p1a: Zapdos|Volt Switch|p2a: MARNIIIIII\n|-damage|p2a: MARNIIIIII|76\/100 par\n|\n|t:|1700328355\n|switch|p1a: Slowking|Slowking-Galar, M|100\/100 brn|[from] Volt Switch\n|move|p2a: MARNIIIIII|Torch Song|p1a: Slowking\n|-damage|p1a: Slowking|83\/100 brn\n|-boost|p2a: MARNIIIIII|spa|1\n|\n|-damage|p1a: Slowking|77\/100 brn|[from] brn\n|upkeep\n|turn|38\n|inactive|Ayaka has 90 seconds left.\n|\n|t:|1700328385\n|move|p2a: MARNIIIIII|Hex|p1a: Slowking\n|-supereffective|p1a: Slowking\n|-damage|p1a: Slowking|0 fnt\n|faint|p1a: Slowking\n|\n|upkeep\n|\n|t:|1700328389\n|switch|p1a: Dragapult|Dragapult, M|88\/100\n|-damage|p1a: Dragapult|76\/100|[from] Stealth Rock\n|turn|39\n|inactive|blunderr has 120 seconds left.\n|inactive|Ayaka has 90 seconds left.\n|inactive|blunderr has 90 seconds left.\n|\n|t:|1700328434\n|switch|p2a: Zamazenta|Zamazenta|94\/100\n|-damage|p2a: Zamazenta|88\/100|[from] Stealth Rock\n|-terastallize|p1a: Dragapult|Ghost\n|move|p1a: Dragapult|Shadow Ball|p2a: Zamazenta\n|-damage|p2a: Zamazenta|27\/100\n|\n|upkeep\n|turn|40\n|inactive|blunderr has 90 seconds left.\n|\n|t:|1700328445\n|move|p1a: Dragapult|Shadow Ball|p2a: Zamazenta\n|-damage|p2a: Zamazenta|0 fnt\n|faint|p2a: Zamazenta\n|\n|upkeep\n|inactive|blunderr has 60 seconds left.\n|\n|t:|1700328480\n|switch|p2a: Amoonguss|Amoonguss, M|100\/100\n|turn|41\n|inactive|blunderr has 60 seconds left.\n|\n|t:|1700328493\n|switch|p1a: Zapdos|Zapdos|62\/100\n|move|p2a: Amoonguss|Spore|p1a: Zapdos\n|-status|p1a: Zapdos|slp|[from] move: Spore\n|\n|upkeep\n|turn|42\n|inactive|blunderr has 60 seconds left.\n|\n|t:|1700328511\n|switch|p1a: Dragapult|Dragapult, M, tera:Ghost|76\/100\n|-damage|p1a: Dragapult|64\/100|[from] Stealth Rock\n|move|p2a: Amoonguss|Sludge Bomb|p1a: Dragapult\n|-resisted|p1a: Dragapult\n|-damage|p1a: Dragapult|44\/100\n|-status|p1a: Dragapult|psn\n|\n|-damage|p1a: Dragapult|32\/100 psn|[from] psn\n|upkeep\n|turn|43\n|\n|t:|1700328535\n|switch|p2a: MARNIIIIII|Skeledirge, M|76\/100 par\n|move|p1a: Dragapult|Shadow Ball|p2a: MARNIIIIII\n|-supereffective|p2a: MARNIIIIII\n|-damage|p2a: MARNIIIIII|0 fnt\n|faint|p2a: MARNIIIIII\n|\n|-damage|p1a: Dragapult|19\/100 psn|[from] psn\n|upkeep\n|\n|t:|1700328539\n|switch|p2a: Cinderace|Cinderace, M, tera:Fire|100\/100\n|turn|44\n|\n|t:|1700328543\n|switch|p1a: Chisato|Zamazenta, shiny|100\/100\n|-ability|p1a: Chisato|Dauntless Shield|boost\n|-boost|p1a: Chisato|def|1\n|move|p2a: Cinderace|Sucker Punch||[still]\n|-fail|p2a: Cinderace\n|\n|upkeep\n|turn|45\n|inactive|blunderr has 60 seconds left.\n|inactive|Ayaka has 90 seconds left.\n|\n|t:|1700328569\n|switch|p2a: Amoonguss|Amoonguss, M|100\/100\n|move|p1a: Chisato|Close Combat|p2a: Amoonguss\n|-resisted|p2a: Amoonguss\n|-damage|p2a: Amoonguss|76\/100\n|-unboost|p1a: Chisato|def|1\n|-unboost|p1a: Chisato|spd|1\n|\n|upkeep\n|turn|46\n|inactive|Ayaka has 90 seconds left.\n|\n|t:|1700328588\n|move|p1a: Chisato|Iron Head|p2a: Amoonguss\n|-damage|p2a: Amoonguss|54\/100\n|move|p2a: Amoonguss|Sludge Bomb|p1a: Chisato\n|-damage|p1a: Chisato|63\/100\n|\n|upkeep\n|turn|47\n|\n|t:|1700328605\n|move|p1a: Chisato|Iron Head|p2a: Amoonguss\n|-damage|p2a: Amoonguss|31\/100\n|move|p2a: Amoonguss|Sludge Bomb|p1a: Chisato\n|-damage|p1a: Chisato|23\/100\n|-status|p1a: Chisato|psn\n|\n|-damage|p1a: Chisato|11\/100 psn|[from] psn\n|upkeep\n|turn|48\n|inactive|blunderr has 60 seconds left.\n|\n|t:|1700328618\n|switch|p2a: Cinderace|Cinderace, M, tera:Fire|100\/100\n|move|p1a: Chisato|Close Combat|p2a: Cinderace\n|-damage|p2a: Cinderace|7\/100\n|-unboost|p1a: Chisato|def|1\n|-unboost|p1a: Chisato|spd|1\n|\n|-damage|p1a: Chisato|0 fnt|[from] psn\n|faint|p1a: Chisato\n|upkeep\n|\n|t:|1700328643\n|switch|p1a: Zapdos|Zapdos|62\/100 slp\n|turn|49\n|\n|t:|1700328646\n|move|p2a: Cinderace|Pyro Ball|p1a: Zapdos\n|-damage|p1a: Zapdos|4\/100 slp\n|cant|p1a: Zapdos|slp\n|\n|upkeep\n|turn|50\n|\n|t:|1700328649\n|move|p2a: Cinderace|Pyro Ball|p1a: Zapdos\n|-damage|p1a: Zapdos|0 fnt\n|faint|p1a: Zapdos\n|\n|upkeep\n|\n|t:|1700328651\n|switch|p1a: Dragapult|Dragapult, M, tera:Ghost|19\/100 psn\n|-damage|p1a: Dragapult|7\/100 psn|[from] Stealth Rock\n|turn|51\n|\n|t:|1700328654\n|move|p2a: Cinderace|Sucker Punch|p1a: Dragapult\n|-supereffective|p1a: Dragapult\n|-damage|p1a: Dragapult|0 fnt\n|faint|p1a: Dragapult\n|\n|win|blunderr\n|c|\u2606blunderr|gg\n|c|\u2606blunderr|crazy 1\n|c|\u2606Ayaka|gg\n","uploadtime":1700328655,"views":613,"p1id":"ayaka","p2id":"blunderr","formatid":"gen9ou","rating":0,"private":0,"password":""}